{"id":"gen9vgc2026regi-2572046031","format":"[Gen 9] VGC 2026 Reg I","players":["ShadowTurtleX","wasaad5"],"log":"|j|\u2606ShadowTurtleX\n|j|\u2606wasaad5\n|t:|1774983773\n|gametype|doubles\n|player|p1|ShadowTurtleX|169|1253\n|player|p2|wasaad5|blue|1210\n|gen|9\n|tier|[Gen 9] VGC 2026 Reg I\n|rated|\n|rule|Species Clause: Limit one of each Pok\u00e9mon\n|rule|Item Clause: Limit 1 of each item\n|clearpoke\n|poke|p1|Sinistcha, L50|\n|poke|p1|Urshifu-*, L50, F|\n|poke|p1|Terapagos, L50, M|\n|poke|p1|Miraidon, L50|\n|poke|p1|Incineroar, L50, M|\n|poke|p1|Iron Treads, L50|\n|poke|p2|Kyurem-White, L50|\n|poke|p2|Zacian-*, L50|\n|poke|p2|Sableye, L50, F|\n|poke|p2|Urshifu-*, L50, F|\n|poke|p2|Amoonguss, L50, F|\n|poke|p2|Incineroar, L50, M|\n|teampreview|4\n|\n|t:|1774983841\n|teamsize|p1|4\n|teamsize|p2|4\n|start\n|switch|p1a: Terapagos|Terapagos, L50, M|100/100\n|switch|p1b: Incineroar|Incineroar, L50, M|100/100\n|switch|p2a: Kyurem|Kyurem-White, L50, shiny|100/100\n|switch|p2b: Sableye|Sableye, L50, F|100/100\n|-activate|p1a: Terapagos|ability: Tera Shift\n|detailschange|p1a: Terapagos|Terapagos-Terastal, L50, M\n|-heal|p1a: Terapagos|100/100|[silent]\n|-ability|p2a: Kyurem|Turboblaze\n|-ability|p1b: Incineroar|Intimidate|boost\n|-unboost|p2a: Kyurem|atk|1\n|-unboost|p2b: Sableye|atk|1\n|turn|1\n|\n|t:|1774983862\n|move|p1b: Incineroar|Fake Out|p2a: Kyurem\n|-damage|p2a: Kyurem|92/100\n|move|p2b: Sableye|Rain Dance|p2b: Sableye\n|-weather|RainDance\n|cant|p2a: Kyurem|flinch\n|move|p1a: Terapagos|Calm Mind|p1a: Terapagos\n|-boost|p1a: Terapagos|spa|1\n|-boost|p1a: Terapagos|spd|1\n|\n|-weather|RainDance|[upkeep]\n|upkeep\n|turn|2\n|\n|t:|1774983890\n|move|p2b: Sableye|Encore|p1a: Terapagos\n|-start|p1a: Terapagos|Encore\n|move|p2a: Kyurem|Earth Power|p1b: Incineroar\n|-supereffective|p1b: Incineroar\n|-damage|p1b: Incineroar|61/100\n|move|p1a: Terapagos|Calm Mind|p1a: Terapagos\n|-boost|p1a: Terapagos|spa|1\n|-boost|p1a: Terapagos|spd|1\n|move|p1b: Incineroar|Knock Off|p2b: Sableye\n|-damage|p2b: Sableye|64/100\n|-enditem|p2b: Sableye|Focus Sash|[from] move: Knock Off|[of] p1b: Incineroar\n|\n|-weather|RainDance|[upkeep]\n|upkeep\n|turn|3\n|\n|t:|1774983911\n|move|p2b: Sableye|Disable|p1a: Terapagos\n|-start|p1a: Terapagos|Disable|Calm Mind\n|move|p2a: Kyurem|Blizzard|p1b: Incineroar|[spread] p1a\n|-miss|p2a: Kyurem|p1b: Incineroar\n|-damage|p1a: Terapagos|80/100\n|-status|p1a: Terapagos|frz\n|cant|p1a: Terapagos|frz\n|move|p1b: Incineroar|U-turn|p2b: Sableye\n|-damage|p2b: Sableye|46/100\n|\n|t:|1774983922\n|switch|p1b: Miraidon|Miraidon, L50, shiny|100/100|[from] U-turn\n|-fieldstart|move: Electric Terrain|[from] ability: Hadron Engine|[of] p1b: Miraidon\n|-enditem|p1a: Terapagos|Electric Seed\n|-boost|p1a: Terapagos|def|1|[from] item: Electric Seed\n|\n|-weather|RainDance|[upkeep]\n|upkeep\n|turn|4\n|\n|t:|1774983938\n|move|p2b: Sableye|Quash|p1b: Miraidon\n|-activate|p1b: Miraidon|move: Quash\n|move|p2a: Kyurem|Blizzard|p1b: Miraidon|[spread] p1b\n|-miss|p2a: Kyurem|p1a: Terapagos\n|-supereffective|p1b: Miraidon\n|-damage|p1b: Miraidon|9/100\n|-curestatus|p1a: Terapagos|frz|[msg]\n|-activate|p1a: Terapagos|move: Struggle\n|move|p1a: Terapagos|Struggle|p2b: Sableye\n|-crit|p2b: Sableye\n|-damage|p2b: Sableye|32/100\n|-damage|p1a: Terapagos|55/100|[from] recoil\n|move|p1b: Miraidon|Volt Switch|p2b: Sableye\n|-damage|p2b: Sableye|0 fnt\n|faint|p2b: Sableye\n|\n|t:|1774983952\n|switch|p1b: Incineroar|Incineroar, L50, M|61/100|[from] Volt Switch\n|-ability|p1b: Incineroar|Intimidate|boost\n|-unboost|p2a: Kyurem|atk|1\n|\n|-weather|RainDance|[upkeep]\n|-end|p1a: Terapagos|Encore\n|upkeep\n|\n|t:|1774983961\n|switch|p2b: Zacian|Zacian-Crowned, L50|100/100\n|-ability|p2b: Zacian|Intrepid Sword|boost\n|-boost|p2b: Zacian|atk|1\n|turn|5\n|\n|t:|1774983981\n|-terastallize|p1a: Terapagos|Stellar\n|detailschange|p1a: Terapagos|Terapagos-Stellar, L50, M, tera:Stellar\n|-heal|p1a: Terapagos|67/100|[silent]\n|-ability|p1a: Terapagos|Teraform Zero\n|-weather|none\n|-fieldend|move: Electric Terrain\n|move|p2b: Zacian|Protect|p2b: Zacian\n|-singleturn|p2b: Zacian|Protect\n|move|p1b: Incineroar|Fake Out|p2b: Zacian\n|-activate|p2b: Zacian|move: Protect\n|move|p2a: Kyurem|Freeze-Dry|p1a: Terapagos\n|-damage|p1a: Terapagos|53/100\n|move|p1a: Terapagos|Tera Starstorm|p2a: Kyurem|[spread] p2a\n|-activate|p2b: Zacian|move: Protect\n|-damage|p2a: Kyurem|59/100\n|\n|upkeep\n|turn|6\n|\n|t:|1774984002\n|move|p1a: Terapagos|Protect|p1a: Terapagos\n|-singleturn|p1a: Terapagos|Protect\n|move|p2b: Zacian|Behemoth Blade|p1a: Terapagos\n|-activate|p1a: Terapagos|move: Protect\n|move|p2a: Kyurem|Freeze-Dry|p1a: Terapagos\n|-activate|p1a: Terapagos|move: Protect\n|move|p1b: Incineroar|U-turn|p2b: Zacian\n|-resisted|p2b: Zacian\n|-damage|p2b: Zacian|96/100\n|\n|t:|1774984014\n|switch|p1b: Miraidon|Miraidon, L50, shiny|9/100|[from] U-turn\n|-fieldstart|move: Electric Terrain|[from] ability: Hadron Engine|[of] p1b: Miraidon\n|\n|-end|p1a: Terapagos|Disable\n|upkeep\n|turn|7\n|\n|t:|1774984034\n|-terastallize|p2b: Zacian|Ground\n|move|p1b: Miraidon|Draco Meteor|p2a: Kyurem\n|-supereffective|p2a: Kyurem\n|-damage|p2a: Kyurem|0 fnt\n|-unboost|p1b: Miraidon|spa|2\n|faint|p2a: Kyurem\n|move|p2b: Zacian|Tera Blast|p1a: Terapagos|[anim] Tera Blast Ground\n|-damage|p1a: Terapagos|29/100\n|move|p1a: Terapagos|Tera Starstorm|p2b: Zacian\n|-supereffective|p2b: Zacian\n|-damage|p2b: Zacian|0 fnt\n|faint|p2b: Zacian\n|\n|upkeep\n|-message|wasaad5 forfeited.\n|\n|win|ShadowTurtleX\n|raw|ShadowTurtleX's rating: 1253 &rarr; <strong>1275</strong><br />(+22 for winning)\n|raw|wasaad5's rating: 1210 &rarr; <strong>1188</strong><br />(-22 for losing)\n|l|\u2606wasaad5\n|player|p2|\n","uploadtime":1774984061,"views":11,"formatid":"gen9vgc2026regi","rating":1188,"private":0,"password":null}