{"id":"gen9vgc2026regi-2575951502","format":"[Gen 9] VGC 2026 Reg I","players":["FallenTurtlle","jj11j1"],"log":"|j|\u2606FallenTurtlle\n|j|\u2606jj11j1\n|t:|1775415938\n|gametype|doubles\n|player|p1|FallenTurtlle|serena|1295\n|player|p2|jj11j1|101|1360\n|gen|9\n|tier|[Gen 9] VGC 2026 Reg I\n|rated|\n|rule|Species Clause: Limit one of each Pok\u00e9mon\n|rule|Item Clause: Limit 1 of each item\n|clearpoke\n|poke|p1|Calyrex-Ice, L50|\n|poke|p1|Florges-Orange, L50, F|\n|poke|p1|Kyogre, L50|\n|poke|p1|Rhydon, L50, F|\n|poke|p1|Iron Jugulis, L50|\n|poke|p1|Ogerpon-Wellspring, L50, F|\n|poke|p2|Ho-Oh, L50|\n|poke|p2|Calyrex-Ice, L50|\n|poke|p2|Overqwil, L50, F|\n|poke|p2|Ting-Lu, L50|\n|poke|p2|Rillaboom, L50, M|\n|poke|p2|Ogerpon-Wellspring, L50, F|\n|teampreview|4\n|\n|t:|1775415961\n|teamsize|p1|4\n|teamsize|p2|4\n|start\n|switch|p1a: Kyogre|Kyogre, L50, shiny|100/100\n|switch|p1b: Iron Jugulis|Iron Jugulis, L50|100/100\n|switch|p2a: Calyrex|Calyrex-Ice, L50|100/100\n|switch|p2b: Overqwil|Overqwil, L50, F|100/100\n|-ability|p2a: Calyrex|As One\n|-ability|p2a: Calyrex|Unnerve\n|-weather|RainDance|[from] ability: Drizzle|[of] p1a: Kyogre\n|-ability|p2b: Overqwil|Intimidate|boost\n|-unboost|p1a: Kyogre|atk|1\n|-unboost|p1b: Iron Jugulis|atk|1\n|turn|1\n|\n|t:|1775415978\n|move|p2b: Overqwil|Protect|p2b: Overqwil\n|-singleturn|p2b: Overqwil|Protect\n|move|p2a: Calyrex|Protect|p2a: Calyrex\n|-singleturn|p2a: Calyrex|Protect\n|move|p1b: Iron Jugulis|Dark Pulse|p2a: Calyrex\n|-activate|p2a: Calyrex|move: Protect\n|move|p1a: Kyogre|Water Spout|p2a: Calyrex|[spread] \n|-activate|p2a: Calyrex|move: Protect\n|-activate|p2b: Overqwil|move: Protect\n|\n|-weather|RainDance|[upkeep]\n|upkeep\n|turn|2\n|\n|t:|1775416002\n|-terastallize|p2a: Calyrex|Water\n|move|p1b: Iron Jugulis|Dark Pulse|p2a: Calyrex\n|-damage|p2a: Calyrex|82/100\n|move|p1a: Kyogre|Origin Pulse|p2b: Overqwil|[spread] p2a,p2b\n|-resisted|p2a: Calyrex\n|-damage|p2a: Calyrex|52/100\n|-damage|p2b: Overqwil|13/100\n|move|p2b: Overqwil|Throat Chop|p1b: Iron Jugulis\n|-resisted|p1b: Iron Jugulis\n|-damage|p1b: Iron Jugulis|86/100\n|move|p2a: Calyrex|Trick Room|p2a: Calyrex\n|-fieldstart|move: Trick Room|[of] p2a: Calyrex\n|\n|-weather|RainDance|[upkeep]\n|-heal|p2a: Calyrex|58/100|[from] item: Leftovers\n|-heal|p2b: Overqwil|19/100|[from] item: Black Sludge\n|upkeep\n|turn|3\n|\n|t:|1775416027\n|-terastallize|p1b: Iron Jugulis|Steel\n|move|p2a: Calyrex|Glacial Lance|p1a: Kyogre|[spread] p1a,p1b\n|-resisted|p1a: Kyogre\n|-resisted|p1b: Iron Jugulis\n|-damage|p1a: Kyogre|79/100\n|-damage|p1b: Iron Jugulis|63/100\n|move|p2b: Overqwil|Toxic Spikes|p1b: Iron Jugulis\n|-sidestart|p1: FallenTurtlle|move: Toxic Spikes\n|move|p1a: Kyogre|Origin Pulse|p2b: Overqwil|[spread] p2a,p2b\n|-resisted|p2a: Calyrex\n|-damage|p2a: Calyrex|31/100\n|-damage|p2b: Overqwil|0 fnt\n|faint|p2b: Overqwil\n|move|p1b: Iron Jugulis|Hurricane|p2a: Calyrex\n|-damage|p2a: Calyrex|5/100\n|\n|-weather|RainDance|[upkeep]\n|-heal|p2a: Calyrex|11/100|[from] item: Leftovers\n|upkeep\n|\n|t:|1775416043\n|switch|p2b: Ho-Oh|Ho-Oh, L50|100/100\n|turn|4\n|\n|t:|1775416056\n|move|p2a: Calyrex|Leech Seed|p1a: Kyogre\n|-start|p1a: Kyogre|move: Leech Seed\n|move|p1a: Kyogre|Origin Pulse|p2a: Calyrex|[spread] p2a,p2b\n|-resisted|p2a: Calyrex\n|-supereffective|p2b: Ho-Oh\n|-damage|p2a: Calyrex|0 fnt\n|-damage|p2b: Ho-Oh|0 fnt\n|faint|p2a: Calyrex\n|faint|p2b: Ho-Oh\n|move|p1b: Iron Jugulis|Hurricane|p2: Calyrex|[notarget]\n|-fail|p1b: Iron Jugulis\n|\n|-weather|RainDance|[upkeep]\n|upkeep\n|\n|t:|1775416067\n|switch|p2a: Rillaboom|Rillaboom, L50, M|100/100\n|-fieldstart|move: Grassy Terrain|[from] ability: Grassy Surge|[of] p2a: Rillaboom\n|turn|5\n|\n|t:|1775416083\n|move|p1a: Kyogre|Origin Pulse|p2a: Rillaboom\n|-resisted|p2a: Rillaboom\n|-damage|p2a: Rillaboom|58/100\n|move|p2a: Rillaboom|High Horsepower|p1b: Iron Jugulis\n|-supereffective|p1b: Iron Jugulis\n|-damage|p1b: Iron Jugulis|0 fnt\n|faint|p1b: Iron Jugulis\n|-end|p1b: Iron Jugulis|Quark Drive|[silent]\n|\n|-weather|none\n|-heal|p1a: Kyogre|85/100|[from] Grassy Terrain\n|-heal|p2a: Rillaboom|63/100|[from] Grassy Terrain\n|-damage|p1a: Kyogre|72/100|[from] Leech Seed|[of] p2a: Rillaboom\n|-heal|p2a: Rillaboom|75/100|[silent]\n|upkeep\n|\n|t:|1775416095\n|switch|p1b: Calyrex|Calyrex-Ice, L50|100/100\n|-ability|p1b: Calyrex|As One\n|-ability|p1b: Calyrex|Unnerve\n|-status|p1b: Calyrex|psn\n|-enditem|p1b: Calyrex|Room Service\n|-unboost|p1b: Calyrex|spe|1|[from] item: Room Service\n|turn|6\n|\n|t:|1775416113\n|move|p1b: Calyrex|Glacial Lance|p2a: Rillaboom\n|-supereffective|p2a: Rillaboom\n|-damage|p2a: Rillaboom|0 fnt\n|faint|p2a: Rillaboom\n|\n|win|FallenTurtlle\n|raw|FallenTurtlle's rating: 1295 &rarr; <strong>1325</strong><br />(+30 for winning)\n|raw|jj11j1's rating: 1360 &rarr; <strong>1336</strong><br />(-24 for losing)\n","uploadtime":1775416114,"views":7,"formatid":"gen9vgc2026regi","rating":1325,"private":0,"password":null}