{"id":"gen9vgc2026regi-2562333162","format":"[Gen 9] VGC 2026 Reg I","players":["mtbsj","firefalls"],"log":"|j|\u2606mtbsj\n|j|\u2606firefalls\n|t:|1773899264\n|gametype|doubles\n|player|p1|mtbsj|blue|1410\n|player|p2|firefalls|n|1281\n|gen|9\n|tier|[Gen 9] VGC 2026 Reg I\n|rated|\n|rule|Species Clause: Limit one of each Pok\u00e9mon\n|rule|Item Clause: Limit 1 of each item\n|clearpoke\n|poke|p1|Hitmontop, L50, M|\n|poke|p1|Terapagos, L50, M|\n|poke|p1|Calyrex-Shadow, L50|\n|poke|p1|Ogerpon-Cornerstone, L50, F|\n|poke|p1|Whimsicott, L50, M|\n|poke|p1|Dragonite, L50, F|\n|poke|p2|Koraidon, L50|\n|poke|p2|Raging Bolt, L50|\n|poke|p2|Ho-Oh, L50|\n|poke|p2|Iron Treads, L50|\n|poke|p2|Incineroar, L50, M|\n|poke|p2|Flutter Mane, L50|\n|teampreview|4\n|inactive|Battle timer is ON: inactive players will automatically lose when time's up. (requested by mtbsj)\nfirefalls has agreed to open team sheets.\n|inactive|firefalls has 60 seconds left.\n|\n|t:|1773899296\n|teamsize|p1|4\n|teamsize|p2|4\n|start\n|switch|p1a: Hitmontop|Hitmontop, L50, M|100/100\n|switch|p1b: Terapagos|Terapagos, L50, M|100/100\n|switch|p2a: Raging Bolt|Raging Bolt, L50|100/100\n|switch|p2b: Incineroar|Incineroar, L50, M|100/100\n|-activate|p1b: Terapagos|ability: Tera Shift\n|detailschange|p1b: Terapagos|Terapagos-Terastal, L50, M\n|-heal|p1b: Terapagos|100/100|[silent]\n|-ability|p1a: Hitmontop|Intimidate|boost\n|-unboost|p2a: Raging Bolt|atk|1\n|-unboost|p2b: Incineroar|atk|1\n|-ability|p2b: Incineroar|Intimidate|boost\n|-unboost|p1a: Hitmontop|atk|1\n|-unboost|p1b: Terapagos|atk|1\n|turn|1\n|inactive|mtbsj has 30 seconds left.\n|\n|t:|1773899330\n|-end|p2a: Raging Bolt|Protosynthesis|[silent]\n|switch|p2a: Flutter Mane|Flutter Mane, L50|100/100\n|move|p1a: Hitmontop|Fake Out|p2b: Incineroar\n|-damage|p2b: Incineroar|96/100\n|-damage|p1a: Hitmontop|84/100|[from] item: Rocky Helmet|[of] p2b: Incineroar\n|cant|p2b: Incineroar|flinch\n|move|p1b: Terapagos|Rock Polish|p1b: Terapagos\n|-boost|p1b: Terapagos|spe|2\n|\n|upkeep\n|turn|2\n|inactive|firefalls has 30 seconds left.\n|\n|t:|1773899355\n|-terastallize|p1b: Terapagos|Stellar\n|detailschange|p1b: Terapagos|Terapagos-Stellar, L50, M, tera:Stellar\n|-heal|p1b: Terapagos|100/100|[silent]\n|move|p1a: Hitmontop|Vacuum Wave|p1b: Terapagos\n|-supereffective|p1b: Terapagos\n|-damage|p1b: Terapagos|95/100\n|-enditem|p1b: Terapagos|Weakness Policy\n|-boost|p1b: Terapagos|atk|2|[from] item: Weakness Policy\n|-boost|p1b: Terapagos|spa|2|[from] item: Weakness Policy\n|move|p1b: Terapagos|Tera Starstorm|p2a: Flutter Mane|[spread] p2a,p2b\n|-damage|p2a: Flutter Mane|13/100\n|-damage|p2b: Incineroar|14/100\n|move|p2a: Flutter Mane|Icy Wind|p1a: Hitmontop|[spread] p1a,p1b\n|-damage|p1a: Hitmontop|72/100\n|-damage|p1b: Terapagos|86/100\n|-unboost|p1a: Hitmontop|spe|1\n|-unboost|p1b: Terapagos|spe|1\n|-enditem|p1a: Hitmontop|Eject Button\n|\n|t:|1773899372\n|switch|p1a: Ogerpon|Ogerpon-Cornerstone, L50, F|100/100\n|move|p2b: Incineroar|Parting Shot|p1b: Terapagos\n|-unboost|p1b: Terapagos|atk|1\n|-unboost|p1b: Terapagos|spa|1\n|\n|t:|1773899379\n|switch|p2b: Koraidon|Koraidon, L50|100/100|[from] Parting Shot\n|-weather|SunnyDay|[from] ability: Orichalcum Pulse|[of] p2b: Koraidon\n|-activate|p2a: Flutter Mane|ability: Protosynthesis\n|-start|p2a: Flutter Mane|protosynthesisspe\n|-activate|p2b: Koraidon|Orichalcum Pulse|[source]\n|\n|-weather|SunnyDay|[upkeep]\n|upkeep\n|turn|3\n|inactive|mtbsj has 30 seconds left.\n|\n|t:|1773899406\n|move|p1a: Ogerpon|Follow Me|p1a: Ogerpon\n|-singleturn|p1a: Ogerpon|move: Follow Me\n|move|p2a: Flutter Mane|Icy Wind|p1a: Ogerpon|[spread] p1a,p1b\n|-supereffective|p1a: Ogerpon\n|-damage|p1a: Ogerpon|67/100\n|-damage|p1b: Terapagos|77/100\n|-unboost|p1a: Ogerpon|spe|1\n|-unboost|p1b: Terapagos|spe|1\n|move|p2b: Koraidon|Collision Course|p1a: Ogerpon\n|-supereffective|p1a: Ogerpon\n|-damage|p1a: Ogerpon|0 fnt\n|faint|p1a: Ogerpon\n|move|p1b: Terapagos|Tera Starstorm|p2b: Koraidon|[spread] p2a,p2b\n|-damage|p2a: Flutter Mane|0 fnt\n|-damage|p2b: Koraidon|37/100\n|faint|p2a: Flutter Mane\n|-end|p2a: Flutter Mane|Protosynthesis|[silent]\n|\n|-weather|SunnyDay|[upkeep]\n|upkeep\n|\n|t:|1773899426\n|switch|p2a: Incineroar|Incineroar, L50, M|14/100\n|switch|p1a: Calyrex|Calyrex-Shadow, L50|100/100\n|-ability|p1a: Calyrex|As One\n|-ability|p1a: Calyrex|Unnerve\n|-ability|p2a: Incineroar|Intimidate|boost\n|-unboost|p1a: Calyrex|atk|1\n|-unboost|p1b: Terapagos|atk|1\n|turn|4\n|inactive|firefalls has 30 seconds left.\n|\n|t:|1773899453\n|move|p2b: Koraidon|Protect|p2b: Koraidon\n|-singleturn|p2b: Koraidon|Protect\n|move|p2a: Incineroar|Fake Out|p1b: Terapagos\n|-damage|p1b: Terapagos|70/100\n|move|p1a: Calyrex|Astral Barrage|p2b: Koraidon|[spread] p2a\n|-activate|p2b: Koraidon|move: Protect\n|-resisted|p2a: Incineroar\n|-damage|p2a: Incineroar|0 fnt\n|faint|p2a: Incineroar\n|-ability|p1a: Calyrex|Grim Neigh|boost\n|-boost|p1a: Calyrex|spa|1\n|cant|p1b: Terapagos|flinch\n|\n|-weather|SunnyDay|[upkeep]\n|upkeep\n|\n|t:|1773899455\n|switch|p2a: Raging Bolt|Raging Bolt, L50|100/100\n|-activate|p2a: Raging Bolt|ability: Protosynthesis\n|-start|p2a: Raging Bolt|protosynthesisspa\n|turn|5\n|\n|t:|1773899475\n|move|p1a: Calyrex|Astral Barrage|p2a: Raging Bolt|[spread] p2a,p2b\n|-crit|p2a: Raging Bolt\n|-damage|p2a: Raging Bolt|31/100\n|-damage|p2b: Koraidon|0 fnt\n|faint|p2b: Koraidon\n|-ability|p1a: Calyrex|Grim Neigh|boost\n|-boost|p1a: Calyrex|spa|1\n|move|p1b: Terapagos|Earth Power|p2a: Raging Bolt\n|-supereffective|p2a: Raging Bolt\n|-damage|p2a: Raging Bolt|0 fnt\n|faint|p2a: Raging Bolt\n|-end|p2a: Raging Bolt|Protosynthesis|[silent]\n|\n|win|mtbsj\n|raw|mtbsj's rating: 1410 &rarr; <strong>1423</strong><br />(+13 for winning)\n|raw|firefalls's rating: 1281 &rarr; <strong>1265</strong><br />(-16 for losing)\n|l|\u2606firefalls\n|player|p2|\n|l|\u2606mtbsj\n|player|p1|\n","uploadtime":1773899669,"views":10,"formatid":"gen9vgc2026regi","rating":1265,"private":0,"password":null}