{"id":"gen9vgc2026regi-2566927113","format":"[Gen 9] VGC 2026 Reg I","players":["ricepresident666","lstdddsg"],"log":"|j|\u2606ricepresident666\n|j|\u2606lstdddsg\n|t:|1774430817\n|gametype|doubles\n|player|p1|ricepresident666|gambler|1455\n|player|p2|lstdddsg|riley|1515\n|gen|9\n|tier|[Gen 9] VGC 2026 Reg I\n|rated|\n|rule|Species Clause: Limit one of each Pok\u00e9mon\n|rule|Item Clause: Limit 1 of each item\n|clearpoke\n|poke|p1|Brute Bonnet, L50|\n|poke|p1|Lunala, L50|\n|poke|p1|Ursaluna, L50, M|\n|poke|p1|Chi-Yu, L50|\n|poke|p1|Koraidon, L50|\n|poke|p1|Flutter Mane, L50|\n|poke|p2|Giratina-Origin, L50|\n|poke|p2|Zamazenta-*, L50|\n|poke|p2|Chien-Pao, L50|\n|poke|p2|Entei, L50|\n|poke|p2|Urshifu-*, L50, M|\n|poke|p2|Rillaboom, L50, M|\n|teampreview|4\n|inactive|Battle timer is ON: inactive players will automatically lose when time's up. (requested by lstdddsg)\n|inactive|ricepresident666 also wants the timer to be on.\n|inactive|ricepresident666 has 60 seconds left.\n|c|\u2606ricepresident666|Glhf\n|\n|t:|1774430861\n|teamsize|p1|4\n|teamsize|p2|4\n|start\n|switch|p1a: Brute Bonnet|Brute Bonnet, L50, shiny|100/100\n|switch|p1b: Koraidon|Koraidon, L50, shiny|100/100\n|switch|p2a: Entei|Entei, L50|100/100\n|switch|p2b: Chien-Pao|Chien-Pao, L50|100/100\n|-weather|SunnyDay|[from] ability: Orichalcum Pulse|[of] p1b: Koraidon\n|-activate|p1a: Brute Bonnet|ability: Protosynthesis\n|-start|p1a: Brute Bonnet|protosynthesisdef\n|-activate|p1b: Koraidon|Orichalcum Pulse|[source]\n|-ability|p2b: Chien-Pao|Sword of Ruin\n|turn|1\n|inactive|lstdddsg has 30 seconds left.\n|\n|t:|1774430891\n|-terastallize|p1a: Brute Bonnet|Water\n|move|p1b: Koraidon|Protect|p1b: Koraidon\n|-singleturn|p1b: Koraidon|Protect\n|move|p2b: Chien-Pao|Protect|p2b: Chien-Pao\n|-singleturn|p2b: Chien-Pao|Protect\n|move|p2a: Entei|Sacred Fire|p1a: Brute Bonnet\n|-resisted|p1a: Brute Bonnet\n|-damage|p1a: Brute Bonnet|66/100\n|-status|p1a: Brute Bonnet|brn\n|-damage|p2a: Entei|91/100|[from] item: Life Orb\n|move|p1a: Brute Bonnet|Spore|p2a: Entei\n|-status|p2a: Entei|slp|[from] move: Spore\n|\n|-weather|SunnyDay|[upkeep]\n|-damage|p1a: Brute Bonnet|60/100 brn|[from] brn\n|upkeep\n|turn|2\n|inactive|lstdddsg has 30 seconds left.\n|inactive|lstdddsg has 20 seconds left.\n|\n|t:|1774430931\n|switch|p2b: Giratina|Giratina-Origin, L50|100/100\n|move|p1a: Brute Bonnet|Rage Powder|p1a: Brute Bonnet\n|-singleturn|p1a: Brute Bonnet|move: Rage Powder\n|move|p1b: Koraidon|Flame Charge|p2b: Giratina\n|-resisted|p2b: Giratina\n|-damage|p2b: Giratina|85/100\n|-boost|p1b: Koraidon|spe|1\n|-damage|p1b: Koraidon|91/100|[from] item: Life Orb\n|cant|p2a: Entei|slp\n|\n|-weather|SunnyDay|[upkeep]\n|-damage|p1a: Brute Bonnet|55/100 brn|[from] brn\n|upkeep\n|turn|3\n|\n|t:|1774430949\n|move|p1b: Koraidon|Close Combat|p2a: Entei\n|-damage|p2a: Entei|0 fnt\n|-unboost|p1b: Koraidon|def|1\n|-unboost|p1b: Koraidon|spd|1\n|faint|p2a: Entei\n|-damage|p1b: Koraidon|81/100|[from] item: Life Orb\n|move|p2b: Giratina|Draco Meteor|p1a: Brute Bonnet\n|-crit|p1a: Brute Bonnet\n|-damage|p1a: Brute Bonnet|0 fnt\n|-unboost|p2b: Giratina|spa|2\n|faint|p1a: Brute Bonnet\n|-end|p1a: Brute Bonnet|Protosynthesis|[silent]\n|\n|-weather|SunnyDay|[upkeep]\n|upkeep\n|\n|t:|1774430968\n|switch|p2a: Chien-Pao|Chien-Pao, L50|100/100\n|switch|p1a: Chi-Yu|Chi-Yu, L50, shiny|100/100\n|-ability|p1a: Chi-Yu|Beads of Ruin\n|-ability|p2a: Chien-Pao|Sword of Ruin\n|turn|4\n|\n|t:|1774430986\n|move|p2a: Chien-Pao|Protect|p2a: Chien-Pao\n|-singleturn|p2a: Chien-Pao|Protect\n|move|p2b: Giratina|Protect|p2b: Giratina\n|-singleturn|p2b: Giratina|Protect\n|move|p1b: Koraidon|Flare Blitz|p2b: Giratina\n|-activate|p2b: Giratina|move: Protect\n|move|p1a: Chi-Yu|Heat Wave|p2a: Chien-Pao|[spread] \n|-activate|p2a: Chien-Pao|move: Protect\n|-activate|p2b: Giratina|move: Protect\n|\n|-weather|SunnyDay|[upkeep]\n|upkeep\n|turn|5\n|inactive|lstdddsg has 30 seconds left.\n|j| Ascitiesdrown\n|inactive|lstdddsg has 20 seconds left.\n|inactive|lstdddsg has 15 seconds left.\n|inactive|lstdddsg has 10 seconds left.\n|inactive|lstdddsg has 5 seconds left.\n|\n|t:|1774431037\n|switch|p2a: Zamazenta|Zamazenta-Crowned, L50|100/100\n|-ability|p2a: Zamazenta|Dauntless Shield|boost\n|-boost|p2a: Zamazenta|def|1\n|-terastallize|p2b: Giratina|Fire\n|move|p1b: Koraidon|Protect|p1b: Koraidon\n|-singleturn|p1b: Koraidon|Protect\n|move|p1a: Chi-Yu|Heat Wave|p2a: Zamazenta|[spread] p2a\n|-miss|p1a: Chi-Yu|p2b: Giratina\n|-supereffective|p2a: Zamazenta\n|-damage|p2a: Zamazenta|0 fnt\n|faint|p2a: Zamazenta\n|move|p2b: Giratina|Draco Meteor|p1b: Koraidon\n|-activate|p1b: Koraidon|move: Protect\n|\n|-weather|none\n|upkeep\n|\n|t:|1774431060\n|switch|p2a: Chien-Pao|Chien-Pao, L50|100/100\n|-ability|p2a: Chien-Pao|Sword of Ruin\n|turn|6\n|\n|t:|1774431070\n|switch|p1b: Flutter Mane|Flutter Mane, L50, shiny|100/100\n|move|p2a: Chien-Pao|Protect|p2a: Chien-Pao\n|-singleturn|p2a: Chien-Pao|Protect\n|move|p1a: Chi-Yu|Heat Wave|p2b: Giratina|[spread] p2b\n|-activate|p2a: Chien-Pao|move: Protect\n|-resisted|p2b: Giratina\n|-damage|p2b: Giratina|65/100\n|move|p2b: Giratina|Poltergeist|p1b: Flutter Mane\n|-activate|p1b: Flutter Mane|move: Poltergeist|Focus Sash\n|-supereffective|p1b: Flutter Mane\n|-enditem|p1b: Flutter Mane|Focus Sash\n|-damage|p1b: Flutter Mane|1/100\n|\n|upkeep\n|turn|7\n|inactive|lstdddsg has 30 seconds left.\n|\n|t:|1774431097\n|move|p1b: Flutter Mane|Protect|p1b: Flutter Mane\n|-singleturn|p1b: Flutter Mane|Protect\n|move|p2b: Giratina|Shadow Sneak|p1b: Flutter Mane\n|-activate|p1b: Flutter Mane|move: Protect\n|move|p1a: Chi-Yu|Heat Wave|p2a: Chien-Pao|[spread] p2a,p2b\n|-supereffective|p2a: Chien-Pao\n|-resisted|p2b: Giratina\n|-enditem|p2a: Chien-Pao|Focus Sash\n|-damage|p2a: Chien-Pao|1/100\n|-damage|p2b: Giratina|45/100\n|move|p2a: Chien-Pao|Ruination|p1a: Chi-Yu\n|-damage|p1a: Chi-Yu|51/100\n|\n|upkeep\n|turn|8\n|\n|t:|1774431114\n|-end|p1b: Flutter Mane|Protosynthesis|[silent]\n|switch|p1b: Koraidon|Koraidon, L50, shiny|81/100\n|-weather|SunnyDay|[from] ability: Orichalcum Pulse|[of] p1b: Koraidon\n|-activate|p1b: Koraidon|Orichalcum Pulse|[source]\n|move|p2a: Chien-Pao|Protect|p2a: Chien-Pao\n|-singleturn|p2a: Chien-Pao|Protect\n|move|p1a: Chi-Yu|Heat Wave|p2b: Giratina|[spread] p2b\n|-activate|p2a: Chien-Pao|move: Protect\n|-resisted|p2b: Giratina\n|-damage|p2b: Giratina|15/100\n|move|p2b: Giratina|Poltergeist|p1a: Chi-Yu\n|-activate|p1a: Chi-Yu|move: Poltergeist|Choice Scarf\n|-resisted|p1a: Chi-Yu\n|-damage|p1a: Chi-Yu|0 fnt\n|faint|p1a: Chi-Yu\n|\n|-weather|SunnyDay|[upkeep]\n|upkeep\n|\n|t:|1774431128\n|switch|p1a: Flutter Mane|Flutter Mane, L50, shiny|1/100\n|-activate|p1a: Flutter Mane|ability: Protosynthesis\n|-start|p1a: Flutter Mane|protosynthesisspe\n|turn|9\n|\n|t:|1774431139\n|move|p2b: Giratina|Shadow Sneak|p1a: Flutter Mane\n|-supereffective|p1a: Flutter Mane\n|-damage|p1a: Flutter Mane|0 fnt\n|faint|p1a: Flutter Mane\n|-end|p1a: Flutter Mane|Protosynthesis|[silent]\n|move|p1b: Koraidon|Flame Charge|p2a: Chien-Pao\n|-supereffective|p2a: Chien-Pao\n|-damage|p2a: Chien-Pao|0 fnt\n|-boost|p1b: Koraidon|spe|1\n|faint|p2a: Chien-Pao\n|-damage|p1b: Koraidon|72/100|[from] item: Life Orb\n|\n|-weather|SunnyDay|[upkeep]\n|upkeep\n|turn|10\n|\n|t:|1774431153\n|move|p1b: Koraidon|Close Combat|p2b: Giratina\n|-damage|p2b: Giratina|0 fnt\n|-unboost|p1b: Koraidon|def|1\n|-unboost|p1b: Koraidon|spd|1\n|faint|p2b: Giratina\n|-damage|p1b: Koraidon|62/100|[from] item: Life Orb\n|\n|win|ricepresident666\n|raw|ricepresident666's rating: 1455 &rarr; <strong>1478</strong><br />(+23 for winning)\n|raw|lstdddsg's rating: 1515 &rarr; <strong>1492</strong><br />(-23 for losing)\n|c|\u2606lstdddsg|gg\n|c|\u2606ricepresident666|GG\n|l|\u2606lstdddsg\n|player|p2|\n|c|\u2606ricepresident666|Great game\n|l|\u2606ricepresident666\n|player|p1|\n","uploadtime":1774431170,"views":13,"formatid":"gen9vgc2026regi","rating":1478,"private":0,"password":null}