{"id":"gen9vgc2026regi-2559272092","format":"[Gen 9] VGC 2026 Reg I","players":["I\u2764\ufe0f\u5a1c\u7984forever","joutt"],"log":"|j|\u2606I\u2764\ufe0f\u5a1c\u7984forever\n|j|\u2606joutt\n|t:|1773540290\n|gametype|doubles\n|player|p1|I\u2764\ufe0f\u5a1c\u7984forever|youngcouple-gen4dp|1321\n|player|p2|joutt|102|1277\n|gen|9\n|tier|[Gen 9] VGC 2026 Reg I\n|rated|\n|rule|Species Clause: Limit one of each Pok\u00e9mon\n|rule|Item Clause: Limit 1 of each item\n|clearpoke\n|poke|p1|Koraidon, L50|\n|poke|p1|Miraidon, L50|\n|poke|p1|Whimsicott, L50, M|\n|poke|p1|Ditto, L50|\n|poke|p1|Raging Bolt, L50|\n|poke|p1|Flutter Mane, L50|\n|poke|p2|Miraidon, L50|\n|poke|p2|Ho-Oh, L50|\n|poke|p2|Farigiraf, L50, M|\n|poke|p2|Incineroar, L50, F|\n|poke|p2|Urshifu-*, L50, F|\n|poke|p2|Wo-Chien, L50|\n|teampreview|4\n|\n|t:|1773540338\n|teamsize|p1|4\n|teamsize|p2|4\n|start\n|switch|p1a: Whimsicott|Whimsicott, L50, M|100/100\n|switch|p1b: Flutter Mane|Flutter Mane, L50|100/100\n|switch|p2a: Ho-Oh|Ho-Oh, L50|100/100\n|switch|p2b: Incineroar|Incineroar, L50, F|100/100\n|-ability|p2b: Incineroar|Intimidate|boost\n|-unboost|p1a: Whimsicott|atk|1\n|-unboost|p1b: Flutter Mane|atk|1\n|turn|1\n|inactive|Battle timer is ON: inactive players will automatically lose when time's up. (requested by joutt)\n|\n|t:|1773540360\n|move|p1a: Whimsicott|Endeavor|p2b: Incineroar\n|-damage|p2b: Incineroar|60/100\n|move|p1b: Flutter Mane|Power Gem|p2a: Ho-Oh\n|-supereffective|p2a: Ho-Oh\n|-damage|p2a: Ho-Oh|2/100\n|move|p2a: Ho-Oh|Tailwind|p2a: Ho-Oh\n|-sidestart|p2: joutt|move: Tailwind\n|move|p2b: Incineroar|Knock Off|p1b: Flutter Mane\n|-damage|p1b: Flutter Mane|39/100\n|-enditem|p1b: Flutter Mane|Choice Specs|[from] move: Knock Off|[of] p2b: Incineroar\n|\n|-heal|p2a: Ho-Oh|8/100|[from] item: Leftovers\n|upkeep\n|turn|2\n|inactive|joutt has 30 seconds left.\n|\n|t:|1773540385\n|move|p2a: Ho-Oh|Protect|p2a: Ho-Oh\n|-singleturn|p2a: Ho-Oh|Protect\n|move|p1a: Whimsicott|Tailwind|p1a: Whimsicott\n|-sidestart|p1: I\u2764\ufe0f\u5a1c\u7984forever|move: Tailwind\n|move|p1b: Flutter Mane|Dazzling Gleam|p2b: Incineroar|[spread] p2b\n|-activate|p2a: Ho-Oh|move: Protect\n|-damage|p2b: Incineroar|28/100\n|move|p2b: Incineroar|Parting Shot|p1a: Whimsicott\n|-unboost|p1a: Whimsicott|atk|1\n|-unboost|p1a: Whimsicott|spa|1\n|\n|t:|1773540399\n|switch|p2b: Miraidon|Miraidon, L50|100/100|[from] Parting Shot\n|-fieldstart|move: Electric Terrain|[from] ability: Hadron Engine|[of] p2b: Miraidon\n|\n|-heal|p2a: Ho-Oh|14/100|[from] item: Leftovers\n|upkeep\n|turn|3\n|\n|t:|1773540413\n|move|p2b: Miraidon|Dazzling Gleam|p1a: Whimsicott|[spread] p1a,p1b\n|-damage|p1a: Whimsicott|10/100\n|-damage|p1b: Flutter Mane|0 fnt\n|faint|p1b: Flutter Mane\n|-end|p1b: Flutter Mane|Protosynthesis|[silent]\n|move|p1a: Whimsicott|Endeavor|p2b: Miraidon\n|-damage|p2b: Miraidon|7/100\n|move|p2a: Ho-Oh|Sacred Fire|p1a: Whimsicott\n|-supereffective|p1a: Whimsicott\n|-damage|p1a: Whimsicott|0 fnt\n|faint|p1a: Whimsicott\n|\n|-heal|p2a: Ho-Oh|19/100|[from] item: Leftovers\n|upkeep\n|\n|t:|1773540417\n|switch|p1a: Koraidon|Koraidon, L50|100/100\n|switch|p1b: Miraidon|Miraidon, L50|100/100\n|-weather|SunnyDay|[from] ability: Orichalcum Pulse|[of] p1a: Koraidon\n|-activate|p1a: Koraidon|Orichalcum Pulse|[source]\n|-activate|p1b: Miraidon|ability: Hadron Engine\n|turn|4\n|inactive|joutt has 30 seconds left.\n|\n|t:|1773540451\n|switch|p2a: Wo-Chien|Wo-Chien, L50|100/100\n|-ability|p2a: Wo-Chien|Tablets of Ruin\n|-terastallize|p1a: Koraidon|Fire\n|move|p2b: Miraidon|Dazzling Gleam|p1a: Koraidon|[spread] p1a,p1b\n|-resisted|p1a: Koraidon\n|-supereffective|p1b: Miraidon\n|-damage|p1a: Koraidon|81/100\n|-damage|p1b: Miraidon|49/100\n|move|p1b: Miraidon|Dazzling Gleam|p2a: Wo-Chien|[spread] p2a,p2b\n|-supereffective|p2a: Wo-Chien\n|-supereffective|p2b: Miraidon\n|-damage|p2a: Wo-Chien|60/100\n|-damage|p2b: Miraidon|0 fnt\n|faint|p2b: Miraidon\n|move|p1a: Koraidon|Collision Course|p2a: Wo-Chien\n|-supereffective|p2a: Wo-Chien\n|-damage|p2a: Wo-Chien|0 fnt\n|faint|p2a: Wo-Chien\n|-damage|p1a: Koraidon|71/100|[from] item: Life Orb\n|\n|-weather|SunnyDay|[upkeep]\n|-sideend|p2: joutt|move: Tailwind\n|upkeep\n|\n|t:|1773540468\n|switch|p2b: Ho-Oh|Ho-Oh, L50|53/100\n|switch|p2a: Incineroar|Incineroar, L50, F|28/100\n|-ability|p2a: Incineroar|Intimidate|boost\n|-unboost|p1a: Koraidon|atk|1\n|-unboost|p1b: Miraidon|atk|1\n|turn|5\n|\n|t:|1773540483\n|-terastallize|p2b: Ho-Oh|Grass\n|move|p2a: Incineroar|Fake Out|p1a: Koraidon\n|-damage|p1a: Koraidon|62/100\n|cant|p1a: Koraidon|flinch\n|move|p1b: Miraidon|Volt Switch|p2b: Ho-Oh\n|-resisted|p2b: Ho-Oh\n|-damage|p2b: Ho-Oh|32/100\n|move|p2b: Ho-Oh|Tailwind|p2b: Ho-Oh\n|-sidestart|p2: joutt|move: Tailwind\n|\n|-weather|SunnyDay|[upkeep]\n|-heal|p2b: Ho-Oh|38/100|[from] item: Leftovers\n|-sideend|p1: I\u2764\ufe0f\u5a1c\u7984forever|move: Tailwind\n|upkeep\n|turn|6\n|inactive|joutt has 30 seconds left.\n|inactive|joutt has 20 seconds left.\n|inactive|joutt has 15 seconds left.\n|inactive|joutt has 10 seconds left.\n|\n|t:|1773540530\n|move|p2b: Ho-Oh|Brave Bird|p1b: Miraidon\n|-resisted|p1b: Miraidon\n|-damage|p1b: Miraidon|24/100\n|-damage|p2b: Ho-Oh|29/100|[from] Recoil\n|move|p2a: Incineroar|Knock Off|p1a: Koraidon\n|-damage|p1a: Koraidon|34/100\n|-enditem|p1a: Koraidon|Life Orb|[from] move: Knock Off|[of] p2a: Incineroar\n|move|p1b: Miraidon|Overheat|p2b: Ho-Oh\n|-supereffective|p2b: Ho-Oh\n|-damage|p2b: Ho-Oh|0 fnt\n|-unboost|p1b: Miraidon|spa|2\n|faint|p2b: Ho-Oh\n|move|p1a: Koraidon|Collision Course|p2a: Incineroar\n|-supereffective|p2a: Incineroar\n|-damage|p2a: Incineroar|0 fnt\n|faint|p2a: Incineroar\n|\n|win|I\u2764\ufe0f\u5a1c\u7984forever\n|raw|I\u2764\ufe0f\u5a1c\u7984forever's rating: 1321 &rarr; <strong>1338</strong><br />(+17 for winning)\n|raw|joutt's rating: 1277 &rarr; <strong>1255</strong><br />(-22 for losing)\n|l|\u2606joutt\n|player|p2|\n|l|\u2606I\u2764\ufe0f\u5a1c\u7984forever\n|player|p1|\n","uploadtime":1773540706,"views":11,"formatid":"gen9vgc2026regi","rating":1255,"private":0,"password":null}