{"id":"gen9vgc2026regi-2517762532","format":"[Gen 9] VGC 2026 Reg I","players":["blackred123\u6c38\u96cf\u5854\u83f2\u4fa0","Gnarmander705"],"log":"|j|\u2606blackred123\u6c38\u96cf\u5854\u83f2\u4fa0\n|j|\u2606Gnarmander705\n|t:|1768309496\n|gametype|doubles\n|player|p1|blackred123\u6c38\u96cf\u5854\u83f2\u4fa0|iono-masters|1172\n|player|p2|Gnarmander705|shadowtriad|1121\n|gen|9\n|tier|[Gen 9] VGC 2026 Reg I\n|rated|\n|rule|Species Clause: Limit one of each Pok\u00e9mon\n|rule|Item Clause: Limit 1 of each item\n|clearpoke\n|poke|p1|Calyrex-Shadow, L50|\n|poke|p1|Zamazenta-*, L50|\n|poke|p1|Incineroar, L50, M|\n|poke|p1|Rillaboom, L50, F|\n|poke|p1|Ogerpon-Cornerstone, L50, F|\n|poke|p1|Tornadus, L50, M|\n|poke|p2|Kyogre, L50|\n|poke|p2|Tornadus, L50, M|\n|poke|p2|Archaludon, L50, M|\n|poke|p2|Landorus, L50, M|\n|poke|p2|Urshifu-*, L50, F|\n|poke|p2|Incineroar, L50, F|\n|teampreview|4\n|inactive|Battle timer is ON: inactive players will automatically lose when time's up. (requested by Gnarmander705)\n|inactive|blackred123\u6c38\u96cf\u5854\u83f2\u4fa0 also wants the timer to be on.\n|inactive|Gnarmander705 has 60 seconds left.\n|\n|t:|1768309540\n|teamsize|p1|4\n|teamsize|p2|4\n|start\n|switch|p1a: \u5636\u9a6c\u51a0\u54e5|Calyrex-Shadow, L50|100/100\n|switch|p1b: \u90a3\u6211\u7f3a\u7684\u8425\u517b\u8fd9\u5757\u8c01\u7ed9\u6211\u8865\u554a\uff08\u6307\u8349\u573a\uff09|Rillaboom, L50, F|100/100\n|switch|p2a: Tornadus|Tornadus, L50, M|100/100\n|switch|p2b: Incineroar|Incineroar, L50, F|100/100\n|-ability|p1a: \u5636\u9a6c\u51a0\u54e5|As One\n|-ability|p1a: \u5636\u9a6c\u51a0\u54e5|Unnerve\n|-fieldstart|move: Grassy Terrain|[from] ability: Grassy Surge|[of] p1b: \u90a3\u6211\u7f3a\u7684\u8425\u517b\u8fd9\u5757\u8c01\u7ed9\u6211\u8865\u554a\uff08\u6307\u8349\u573a\uff09\n|-ability|p2b: Incineroar|Intimidate|boost\n|-unboost|p1a: \u5636\u9a6c\u51a0\u54e5|atk|1\n|-unboost|p1b: \u90a3\u6211\u7f3a\u7684\u8425\u517b\u8fd9\u5757\u8c01\u7ed9\u6211\u8865\u554a\uff08\u6307\u8349\u573a\uff09|atk|1\n|turn|1\n|inactive|blackred123\u6c38\u96cf\u5854\u83f2\u4fa0 has 30 seconds left.\n|inactive|Gnarmander705 has 30 seconds left.\n|inactive|Gnarmander705 has 20 seconds left.\n|inactive|Gnarmander705 has 15 seconds left.\n|inactive|Gnarmander705 has 10 seconds left.\n|\n|t:|1768309588\n|move|p1b: \u90a3\u6211\u7f3a\u7684\u8425\u517b\u8fd9\u5757\u8c01\u7ed9\u6211\u8865\u554a\uff08\u6307\u8349\u573a\uff09|Fake Out|p2b: Incineroar\n|-damage|p2b: Incineroar|92/100\n|move|p2a: Tornadus|Tailwind|p2a: Tornadus\n|-sidestart|p2: Gnarmander705|move: Tailwind\n|move|p1a: \u5636\u9a6c\u51a0\u54e5|Astral Barrage|p2b: Incineroar|[spread] p2a,p2b\n|-resisted|p2b: Incineroar\n|-damage|p2a: Tornadus|16/100\n|-damage|p2b: Incineroar|62/100\n|cant|p2b: Incineroar|flinch\n|\n|-heal|p2b: Incineroar|68/100|[from] Grassy Terrain\n|upkeep\n|turn|2\n|\n|t:|1768309604\n|switch|p1b: \u68cd\u7236|Tornadus, L50, M|100/100\n|move|p1a: \u5636\u9a6c\u51a0\u54e5|Protect|p1a: \u5636\u9a6c\u51a0\u54e5\n|-singleturn|p1a: \u5636\u9a6c\u51a0\u54e5|Protect\n|move|p2a: Tornadus|Dark Pulse|p1a: \u5636\u9a6c\u51a0\u54e5\n|-activate|p1a: \u5636\u9a6c\u51a0\u54e5|move: Protect\n|move|p2b: Incineroar|Knock Off|p1a: \u5636\u9a6c\u51a0\u54e5\n|-activate|p1a: \u5636\u9a6c\u51a0\u54e5|move: Protect\n|\n|-heal|p2b: Incineroar|74/100|[from] Grassy Terrain\n|upkeep\n|turn|3\n|\n|t:|1768309623\n|-terastallize|p1a: \u5636\u9a6c\u51a0\u54e5|Dark\n|move|p2a: Tornadus|Rain Dance|p2a: Tornadus\n|-weather|RainDance\n|move|p1b: \u68cd\u7236|Tailwind|p1b: \u68cd\u7236\n|-sidestart|p1: blackred123\u6c38\u96cf\u5854\u83f2\u4fa0|move: Tailwind\n|move|p1a: \u5636\u9a6c\u51a0\u54e5|Astral Barrage|p2a: Tornadus|[spread] p2a,p2b\n|-resisted|p2b: Incineroar\n|-damage|p2a: Tornadus|0 fnt\n|-damage|p2b: Incineroar|44/100\n|faint|p2a: Tornadus\n|-ability|p1a: \u5636\u9a6c\u51a0\u54e5|Grim Neigh|boost\n|-boost|p1a: \u5636\u9a6c\u51a0\u54e5|spa|1\n|move|p2b: Incineroar|Knock Off|p1a: \u5636\u9a6c\u51a0\u54e5\n|-resisted|p1a: \u5636\u9a6c\u51a0\u54e5\n|-damage|p1a: \u5636\u9a6c\u51a0\u54e5|77/100\n|-enditem|p1a: \u5636\u9a6c\u51a0\u54e5|Spooky Plate|[from] move: Knock Off|[of] p2b: Incineroar\n|\n|-weather|RainDance|[upkeep]\n|-heal|p1a: \u5636\u9a6c\u51a0\u54e5|83/100|[from] Grassy Terrain\n|-heal|p2b: Incineroar|50/100|[from] Grassy Terrain\n|upkeep\n|\n|t:|1768309643\n|switch|p2a: Kyogre|Kyogre, L50|100/100\n|turn|4\n|\n|t:|1768309654\n|-terastallize|p2a: Kyogre|Water\n|move|p2a: Kyogre|Water Spout|p1a: \u5636\u9a6c\u51a0\u54e5|[spread] p1a,p1b\n|-damage|p1a: \u5636\u9a6c\u51a0\u54e5|0 fnt\n|-damage|p1b: \u68cd\u7236|0 fnt\n|faint|p1a: \u5636\u9a6c\u51a0\u54e5\n|faint|p1b: \u68cd\u7236\n|move|p2b: Incineroar|Knock Off|p1: \u5636\u9a6c\u51a0\u54e5|[notarget]\n|-fail|p2b: Incineroar\n|\n|-weather|RainDance|[upkeep]\n|-heal|p2b: Incineroar|56/100|[from] Grassy Terrain\n|-sideend|p2: Gnarmander705|move: Tailwind\n|upkeep\n|\n|t:|1768309659\n|switch|p1a: \u54c7\u8884\uff08\u72d7\u53eb\u58f0\uff09|Zamazenta-Crowned, L50|100/100\n|switch|p1b: \u90a3\u6211\u7f3a\u7684\u8425\u517b\u8fd9\u5757\u8c01\u7ed9\u6211\u8865\u554a\uff08\u6307\u8349\u573a\uff09|Rillaboom, L50, F|100/100\n|-ability|p1a: \u54c7\u8884\uff08\u72d7\u53eb\u58f0\uff09|Dauntless Shield|boost\n|-boost|p1a: \u54c7\u8884\uff08\u72d7\u53eb\u58f0\uff09|def|1\n|turn|5\n|\n|t:|1768309681\n|switch|p2a: Archaludon|Archaludon, L50, M|100/100\n|move|p1a: \u54c7\u8884\uff08\u72d7\u53eb\u58f0\uff09|Body Press|p2b: Incineroar\n|-supereffective|p2b: Incineroar\n|-damage|p2b: Incineroar|0 fnt\n|faint|p2b: Incineroar\n|move|p1b: \u90a3\u6211\u7f3a\u7684\u8425\u517b\u8fd9\u5757\u8c01\u7ed9\u6211\u8865\u554a\uff08\u6307\u8349\u573a\uff09|Wood Hammer|p2a: Archaludon\n|-resisted|p2a: Archaludon\n|-crit|p2a: Archaludon\n|-damage|p2a: Archaludon|80/100\n|-ability|p2a: Archaludon|Stamina|boost\n|-boost|p2a: Archaludon|def|1\n|-damage|p1b: \u90a3\u6211\u7f3a\u7684\u8425\u517b\u8fd9\u5757\u8c01\u7ed9\u6211\u8865\u554a\uff08\u6307\u8349\u573a\uff09|95/100|[from] Recoil\n|\n|-weather|RainDance|[upkeep]\n|-heal|p1b: \u90a3\u6211\u7f3a\u7684\u8425\u517b\u8fd9\u5757\u8c01\u7ed9\u6211\u8865\u554a\uff08\u6307\u8349\u573a\uff09|100/100|[from] Grassy Terrain\n|-heal|p2a: Archaludon|86/100|[from] Grassy Terrain\n|-fieldend|move: Grassy Terrain\n|upkeep\n|inactive|Gnarmander705 has 30 seconds left.\n|\n|t:|1768309707\n|switch|p2b: Kyogre|Kyogre, L50, tera:Water|100/100\n|turn|6\n|\n|t:|1768309726\n|move|p1a: \u54c7\u8884\uff08\u72d7\u53eb\u58f0\uff09|Body Press|p2a: Archaludon\n|-supereffective|p2a: Archaludon\n|-damage|p2a: Archaludon|13/100\n|-ability|p2a: Archaludon|Stamina|boost\n|-boost|p2a: Archaludon|def|1\n|move|p2b: Kyogre|Thunder|p1a: \u54c7\u8884\uff08\u72d7\u53eb\u58f0\uff09\n|-damage|p1a: \u54c7\u8884\uff08\u72d7\u53eb\u58f0\uff09|73/100\n|move|p1b: \u90a3\u6211\u7f3a\u7684\u8425\u517b\u8fd9\u5757\u8c01\u7ed9\u6211\u8865\u554a\uff08\u6307\u8349\u573a\uff09|Wood Hammer|p2b: Kyogre\n|-supereffective|p2b: Kyogre\n|-damage|p2b: Kyogre|0 fnt\n|faint|p2b: Kyogre\n|-damage|p1b: \u90a3\u6211\u7f3a\u7684\u8425\u517b\u8fd9\u5757\u8c01\u7ed9\u6211\u8865\u554a\uff08\u6307\u8349\u573a\uff09|72/100|[from] Recoil\n|move|p2a: Archaludon|Electro Shot||[still]\n|-prepare|p2a: Archaludon|Electro Shot\n|-boost|p2a: Archaludon|spa|1\n|-anim|p2a: Archaludon|Electro Shot|p1a: \u54c7\u8884\uff08\u72d7\u53eb\u58f0\uff09\n|-damage|p1a: \u54c7\u8884\uff08\u72d7\u53eb\u58f0\uff09|31/100\n|\n|-weather|RainDance|[upkeep]\n|-sideend|p1: blackred123\u6c38\u96cf\u5854\u83f2\u4fa0|move: Tailwind\n|upkeep\n|turn|7\n|\n|t:|1768309746\n|move|p1a: \u54c7\u8884\uff08\u72d7\u53eb\u58f0\uff09|Body Press|p2a: Archaludon\n|-supereffective|p2a: Archaludon\n|-damage|p2a: Archaludon|0 fnt\n|faint|p2a: Archaludon\n|\n|win|blackred123\u6c38\u96cf\u5854\u83f2\u4fa0\n|raw|blackred123\u6c38\u96cf\u5854\u83f2\u4fa0's rating: 1172 &rarr; <strong>1193</strong><br />(+21 for winning)\n|raw|Gnarmander705's rating: 1121 &rarr; <strong>1100</strong><br />(-21 for losing)\n|l|\u2606Gnarmander705\n|player|p2|\n","uploadtime":1768310031,"views":11,"formatid":"gen9vgc2026regi","rating":1100,"private":0,"password":null}