{"id":"gen9vgc2026regi-2567021512","format":"[Gen 9] VGC 2026 Reg I","players":["biludbiludbilud","4Test4"],"log":"|j|\u2606biludbiludbilud\n|j|\u26064Test4\n|t:|1774442238\n|gametype|doubles\n|player|p1|biludbiludbilud|lucas|1434\n|player|p2|4Test4|blue|1422\n|gen|9\n|tier|[Gen 9] VGC 2026 Reg I\n|rated|\n|rule|Species Clause: Limit one of each Pok\u00e9mon\n|rule|Item Clause: Limit 1 of each item\n|clearpoke\n|poke|p1|Kyogre, L50|\n|poke|p1|Zamazenta-*, L50|\n|poke|p1|Chien-Pao, L50|\n|poke|p1|Tornadus, L50, M|\n|poke|p1|Rillaboom, L50, F|\n|poke|p1|Kingambit, L50, M|\n|poke|p2|Koraidon, L50|\n|poke|p2|Calyrex-Shadow, L50|\n|poke|p2|Brute Bonnet, L50|\n|poke|p2|Weezing-Galar, L50, F|\n|poke|p2|Talonflame, L50, F|\n|poke|p2|Hitmontop, L50, M|\n|teampreview|4\n|inactive|Battle timer is ON: inactive players will automatically lose when time's up. (requested by biludbiludbilud)\n|\n|t:|1774442293\n|teamsize|p1|4\n|teamsize|p2|4\n|start\n|switch|p1a: Zamazenta|Zamazenta-Crowned, L50|100/100\n|switch|p1b: Chien-Pao|Chien-Pao, L50|100/100\n|switch|p2a: Grau!|Koraidon, L50|100/100\n|switch|p2b: Fuma\u00e7a!|Weezing-Galar, L50, F|100/100\n|-ability|p2b: Fuma\u00e7a!|Neutralizing Gas\n|-block|p2a: Grau!|item: Ability Shield\n|-weather|SunnyDay|[from] ability: Orichalcum Pulse|[of] p2a: Grau!\n|-activate|p2a: Grau!|Orichalcum Pulse|[source]\n|turn|1\n|\n|t:|1774442314\n|-terastallize|p2a: Grau!|Fire\n|move|p2b: Fuma\u00e7a!|Protect|p2b: Fuma\u00e7a!\n|-singleturn|p2b: Fuma\u00e7a!|Protect\n|move|p1b: Chien-Pao|Sacred Sword|p2a: Grau!\n|-damage|p2a: Grau!|74/100\n|move|p2a: Grau!|Flame Charge|p1b: Chien-Pao\n|-supereffective|p1b: Chien-Pao\n|-enditem|p1b: Chien-Pao|Focus Sash\n|-damage|p1b: Chien-Pao|1/100\n|-boost|p2a: Grau!|spe|1\n|move|p1a: Zamazenta|Heavy Slam|p2b: Fuma\u00e7a!\n|-activate|p2b: Fuma\u00e7a!|move: Protect\n|\n|-weather|SunnyDay|[upkeep]\n|upkeep\n|turn|2\n|\n|t:|1774442335\n|move|p1b: Chien-Pao|Sucker Punch|p2a: Grau!\n|-damage|p2a: Grau!|44/100\n|move|p2a: Grau!|Flare Blitz|p1a: Zamazenta\n|-supereffective|p1a: Zamazenta\n|-damage|p1a: Zamazenta|0 fnt\n|faint|p1a: Zamazenta\n|-damage|p2a: Grau!|9/100|[from] Recoil\n|move|p2b: Fuma\u00e7a!|Dazzling Gleam|p1b: Chien-Pao\n|-supereffective|p1b: Chien-Pao\n|-damage|p1b: Chien-Pao|0 fnt\n|faint|p1b: Chien-Pao\n|\n|-weather|SunnyDay|[upkeep]\n|upkeep\n|\n|t:|1774442343\n|switch|p1b: Tornadus|Tornadus, L50, M|100/100\n|switch|p1a: Kyogre|Kyogre, L50|100/100\n|turn|3\n|\n|t:|1774442354\n|move|p2a: Grau!|Close Combat|p1a: Kyogre\n|-damage|p1a: Kyogre|22/100\n|-unboost|p2a: Grau!|def|1\n|-unboost|p2a: Grau!|spd|1\n|move|p1b: Tornadus|Rain Dance|p1b: Tornadus\n|-weather|RainDance\n|move|p1a: Kyogre|Water Spout|p2a: Grau!|[spread] p2a,p2b\n|-supereffective|p2a: Grau!\n|-damage|p2a: Grau!|0 fnt\n|-damage|p2b: Fuma\u00e7a!|74/100\n|faint|p2a: Grau!\n|move|p2b: Fuma\u00e7a!|Poison Gas|p1b: Tornadus|[spread] p1a,p1b\n|-status|p1a: Kyogre|psn\n|-status|p1b: Tornadus|psn\n|\n|-weather|RainDance|[upkeep]\n|-heal|p2b: Fuma\u00e7a!|80/100|[from] item: Leftovers\n|-damage|p1b: Tornadus|88/100 psn|[from] psn\n|-damage|p1a: Kyogre|9/100 psn|[from] psn\n|upkeep\n|\n|t:|1774442360\n|switch|p2a: Gavi\u00e3o!|Talonflame, L50, F|100/100\n|turn|4\n|\n|t:|1774442375\n|-end|p2b: Fuma\u00e7a!|ability: Neutralizing Gas\n|switch|p2b: Pocot\u00f3!|Calyrex-Shadow, L50|100/100\n|-ability|p2b: Pocot\u00f3!|As One\n|-ability|p2b: Pocot\u00f3!|Unnerve\n|move|p2a: Gavi\u00e3o!|Brave Bird|p1a: Kyogre\n|-damage|p1a: Kyogre|0 fnt\n|faint|p1a: Kyogre\n|-damage|p2a: Gavi\u00e3o!|97/100|[from] Recoil\n|move|p1b: Tornadus|Bleakwind Storm|p2a: Gavi\u00e3o!|[spread] p2a,p2b\n|-damage|p2a: Gavi\u00e3o!|43/100\n|-damage|p2b: Pocot\u00f3!|58/100\n|-unboost|p2a: Gavi\u00e3o!|spe|1\n|-unboost|p2b: Pocot\u00f3!|spe|1\n|\n|-weather|RainDance|[upkeep]\n|-damage|p1b: Tornadus|76/100 psn|[from] psn\n|upkeep\n|turn|5\n|inactive|4Test4 has 30 seconds left.\n|\n|t:|1774442406\n|switch|p2a: Fuma\u00e7a!|Weezing-Galar, L50, F|80/100\n|-ability|p2a: Fuma\u00e7a!|Neutralizing Gas\n|move|p2b: Pocot\u00f3!|Astral Barrage|p1b: Tornadus\n|-damage|p1b: Tornadus|0 fnt\n|faint|p1b: Tornadus\n|\n|win|4Test4\n|raw|biludbiludbilud's rating: 1434 &rarr; <strong>1413</strong><br />(-21 for losing)\n|raw|4Test4's rating: 1422 &rarr; <strong>1443</strong><br />(+21 for winning)\n|l|\u2606biludbiludbilud\n|player|p1|\n|l|\u26064Test4\n|player|p2|\n","uploadtime":1774442672,"views":10,"formatid":"gen9vgc2026regi","rating":1413,"private":0,"password":null}