{"id":"gen9vgc2026regi-2559423787","format":"[Gen 9] VGC 2026 Reg I","players":["itszachstone","Bman311"],"log":"|j|\u2606itszachstone\n|j|\u2606Bman311\n|t:|1773564249\n|gametype|doubles\n|player|p1|itszachstone|flannery|1329\n|player|p2|Bman311|cynthia-gen7|1453\n|gen|9\n|tier|[Gen 9] VGC 2026 Reg I\n|rated|\n|rule|Species Clause: Limit one of each Pok\u00e9mon\n|rule|Item Clause: Limit 1 of each item\n|clearpoke\n|poke|p1|Calyrex-Ice, L50|\n|poke|p1|Iron Bundle, L50|\n|poke|p1|Farigiraf, L50, F|\n|poke|p1|Miraidon, L50|\n|poke|p1|Ogerpon-Hearthflame, L50, F|\n|poke|p1|Incineroar, L50, F|\n|poke|p2|Calyrex-Shadow, L50|\n|poke|p2|Zamazenta-*, L50|\n|poke|p2|Maushold-Four, L50|\n|poke|p2|Rillaboom, L50, M|\n|poke|p2|Incineroar, L50, M|\n|poke|p2|Raging Bolt, L50|\n|teampreview|4\n|inactive|Battle timer is ON: inactive players will automatically lose when time's up. (requested by Bman311)\n|inactive|itszachstone also wants the timer to be on.\n|inactive|itszachstone has 60 seconds left.\n|\n|t:|1773564305\n|teamsize|p1|4\n|teamsize|p2|4\n|start\n|switch|p1a: Incineroar|Incineroar, L50, F|100/100\n|switch|p1b: no|Farigiraf, L50, F|100/100\n|switch|p2a: Zamazenta|Zamazenta-Crowned, L50|100/100\n|switch|p2b: Maushold|Maushold-Four, L50|100/100\n|-ability|p2a: Zamazenta|Dauntless Shield|boost\n|-boost|p2a: Zamazenta|def|1\n|-ability|p1a: Incineroar|Intimidate|boost\n|-unboost|p2a: Zamazenta|atk|1\n|-unboost|p2b: Maushold|atk|1\n|turn|1\n|inactive|itszachstone has 30 seconds left.\n|\n|t:|1773564342\n|-terastallize|p2b: Maushold|Ghost\n|move|p2b: Maushold|Taunt|p1b: no\n|-start|p1b: no|move: Taunt\n|move|p2a: Zamazenta|Body Press|p1a: Incineroar|[miss]\n|-miss|p2a: Zamazenta|p1a: Incineroar\n|move|p1a: Incineroar|Parting Shot|p2a: Zamazenta\n|-unboost|p2a: Zamazenta|atk|1\n|-unboost|p2a: Zamazenta|spa|1\n|\n|t:|1773564352\n|switch|p1a: Calyrex|Calyrex-Ice, L50|100/100|[from] Parting Shot\n|-ability|p1a: Calyrex|As One\n|-ability|p1a: Calyrex|Unnerve\n|cant|p1b: no|move: Taunt|Trick Room\n|\n|upkeep\n|turn|2\n|\n|t:|1773564373\n|move|p2b: Maushold|Helping Hand|p2a: Zamazenta\n|-singleturn|p2a: Zamazenta|Helping Hand|[of] p2b: Maushold\n|move|p1a: Calyrex|Protect|p1a: Calyrex\n|-singleturn|p1a: Calyrex|Protect\n|move|p2a: Zamazenta|Body Press|p1a: Calyrex\n|-activate|p1a: Calyrex|move: Protect\n|move|p1b: no|Foul Play|p2b: Maushold\n|-supereffective|p2b: Maushold\n|-damage|p2b: Maushold|68/100\n|\n|upkeep\n|turn|3\n|inactive|itszachstone has 30 seconds left.\n|\n|t:|1773564400\n|switch|p1b: Incineroar|Incineroar, L50, F|100/100\n|-ability|p1b: Incineroar|Intimidate|boost\n|-unboost|p2a: Zamazenta|atk|1\n|-unboost|p2b: Maushold|atk|1\n|-terastallize|p1a: Calyrex|Water\n|move|p2b: Maushold|Helping Hand|p2a: Zamazenta\n|-singleturn|p2a: Zamazenta|Helping Hand|[of] p2b: Maushold\n|move|p2a: Zamazenta|Body Press|p1a: Calyrex\n|-damage|p1a: Calyrex|37/100\n|move|p1a: Calyrex|Leech Seed|p2a: Zamazenta\n|-start|p2a: Zamazenta|move: Leech Seed\n|\n|-heal|p1a: Calyrex|43/100|[from] item: Leftovers\n|-damage|p2a: Zamazenta|88/100|[from] Leech Seed|[of] p1a: Calyrex\n|-heal|p1a: Calyrex|54/100|[silent]\n|upkeep\n|turn|4\n|\n|t:|1773564419\n|switch|p2b: Rillaboom|Rillaboom, L50, M|100/100\n|-fieldstart|move: Grassy Terrain|[from] ability: Grassy Surge|[of] p2b: Rillaboom\n|move|p2a: Zamazenta|Wide Guard|p2a: Zamazenta\n|-singleturn|p2a: Zamazenta|Wide Guard\n|move|p1b: Incineroar|Fake Out|p2a: Zamazenta\n|-resisted|p2a: Zamazenta\n|-damage|p2a: Zamazenta|86/100\n|move|p1a: Calyrex|Trick Room|p1a: Calyrex\n|-fieldstart|move: Trick Room|[of] p1a: Calyrex\n|\n|-heal|p1a: Calyrex|60/100|[from] Grassy Terrain\n|-heal|p1a: Calyrex|66/100|[from] item: Leftovers\n|-heal|p2a: Zamazenta|92/100|[from] Grassy Terrain\n|-damage|p2a: Zamazenta|80/100|[from] Leech Seed|[of] p1a: Calyrex\n|-heal|p1a: Calyrex|77/100|[silent]\n|upkeep\n|turn|5\n|\n|t:|1773564447\n|switch|p1a: no|Farigiraf, L50, F|100/100\n|move|p2b: Rillaboom|Fake Out||[still]\n|cant|p1a: no|ability: Armor Tail|Fake Out|[of] p2b: Rillaboom\n|move|p1b: Incineroar|Flare Blitz|p2b: Rillaboom\n|-supereffective|p2b: Rillaboom\n|-damage|p2b: Rillaboom|21/100\n|-damage|p1b: Incineroar|74/100|[from] Recoil\n|move|p2a: Zamazenta|Body Press|p1b: Incineroar\n|-supereffective|p1b: Incineroar\n|-damage|p1b: Incineroar|0 fnt\n|faint|p1b: Incineroar\n|\n|-heal|p2b: Rillaboom|27/100|[from] Grassy Terrain\n|-heal|p2a: Zamazenta|86/100|[from] Grassy Terrain\n|-damage|p2a: Zamazenta|74/100|[from] Leech Seed|[of] p1a: no\n|upkeep\n|inactive|itszachstone has 30 seconds left.\n|\n|t:|1773564474\n|switch|p1b: Calyrex|Calyrex-Ice, L50, tera:Water|77/100\n|-ability|p1b: Calyrex|As One\n|-ability|p1b: Calyrex|Unnerve\n|turn|6\n|\n|t:|1773564487\n|move|p2a: Zamazenta|Wide Guard|p2a: Zamazenta\n|-singleturn|p2a: Zamazenta|Wide Guard\n|move|p1b: Calyrex|Glacial Lance|p2b: Rillaboom|[spread] \n|-activate|p2a: Zamazenta|move: Wide Guard\n|-activate|p2b: Rillaboom|move: Wide Guard\n|move|p1a: no|Foul Play|p2b: Rillaboom\n|-damage|p2b: Rillaboom|1/100\n|move|p2b: Rillaboom|Wood Hammer|p1b: Calyrex\n|-supereffective|p1b: Calyrex\n|-damage|p1b: Calyrex|0 fnt\n|faint|p1b: Calyrex\n|-damage|p2b: Rillaboom|0 fnt|[from] Recoil\n|faint|p2b: Rillaboom\n|\n|-heal|p2a: Zamazenta|80/100|[from] Grassy Terrain\n|-damage|p2a: Zamazenta|67/100|[from] Leech Seed|[of] p1a: no\n|upkeep\n|-message|itszachstone forfeited.\n|\n|win|Bman311\n|raw|itszachstone's rating: 1329 &rarr; <strong>1316</strong><br />(-13 for losing)\n|raw|Bman311's rating: 1453 &rarr; <strong>1466</strong><br />(+13 for winning)\n|l|\u2606itszachstone\n|player|p1|\n|l|\u2606Bman311\n|player|p2|\n","uploadtime":1773564687,"views":12,"formatid":"gen9vgc2026regi","rating":1316,"private":0,"password":null}