{"id":"gen9vgc2026regi-2518528585","format":"[Gen 9] VGC 2026 Reg I","players":["dasabe\u76d6\u6b27\u5361\u4fa0","paradox franco"],"log":"|j|\u2606dasabe\u76d6\u6b27\u5361\u4fa0\n|j|\u2606paradox franco\n|t:|1768401509\n|gametype|doubles\n|player|p1|dasabe\u76d6\u6b27\u5361\u4fa0|may-masters4|1423\n|player|p2|paradox franco|elesa|1354\n|gen|9\n|tier|[Gen 9] VGC 2026 Reg I\n|rated|\n|rule|Species Clause: Limit one of each Pok\u00e9mon\n|rule|Item Clause: Limit 1 of each item\n|clearpoke\n|poke|p1|Groudon, L50|\n|poke|p1|Chi-Yu, L50|\n|poke|p1|Flutter Mane, L50|\n|poke|p1|Jumpluff, L50, F|\n|poke|p1|Lunala, L50|\n|poke|p1|Indeedee-F, L50, F|\n|poke|p2|Miraidon, L50|\n|poke|p2|Whimsicott, L50, M|\n|poke|p2|Incineroar, L50, F|\n|poke|p2|Calyrex-Ice, L50|\n|poke|p2|Urshifu-*, L50, M|\n|poke|p2|Landorus, L50, M|\n|teampreview|4\n|\n|t:|1768401530\n|teamsize|p1|4\n|teamsize|p2|4\n|start\n|switch|p1a: P\u56fa\u771f\u5927|Groudon, L50|100/100\n|switch|p1b: \u4f8d\u7684\u6211\u7231\u5bfc\u7ba1|Indeedee-F, L50, F|100/100\n|switch|p2a: Whimsicott|Whimsicott, L50, M, shiny|100/100\n|switch|p2b: Miraidon|Miraidon, L50|100/100\n|-fieldstart|move: Electric Terrain|[from] ability: Hadron Engine|[of] p2b: Miraidon\n|-weather|SunnyDay|[from] ability: Drought|[of] p1a: P\u56fa\u771f\u5927\n|-fieldstart|move: Psychic Terrain|[from] ability: Psychic Surge|[of] p1b: \u4f8d\u7684\u6211\u7231\u5bfc\u7ba1\n|turn|1\n|j| TTTAAATTT00\n|\n|t:|1768401547\n|move|p1b: \u4f8d\u7684\u6211\u7231\u5bfc\u7ba1|Follow Me|p1b: \u4f8d\u7684\u6211\u7231\u5bfc\u7ba1\n|-singleturn|p1b: \u4f8d\u7684\u6211\u7231\u5bfc\u7ba1|move: Follow Me\n|move|p2b: Miraidon|Volt Switch|p1b: \u4f8d\u7684\u6211\u7231\u5bfc\u7ba1\n|-damage|p1b: \u4f8d\u7684\u6211\u7231\u5bfc\u7ba1|59/100\n|-enditem|p1b: \u4f8d\u7684\u6211\u7231\u5bfc\u7ba1|Eject Button\n|\n|t:|1768401560\n|switch|p1b: \u9646\u7ffc\u53d1|Flutter Mane, L50|100/100\n|-activate|p1b: \u9646\u7ffc\u53d1|ability: Protosynthesis\n|-start|p1b: \u9646\u7ffc\u53d1|protosynthesisspe\n|move|p2a: Whimsicott|Moonblast|p1a: P\u56fa\u771f\u5927\n|-damage|p1a: P\u56fa\u771f\u5927|74/100\n|move|p1a: P\u56fa\u771f\u5927|Precipice Blades|p2b: Miraidon|[spread] p2a,p2b\n|-resisted|p2a: Whimsicott\n|-supereffective|p2b: Miraidon\n|-damage|p2a: Whimsicott|59/100\n|-damage|p2b: Miraidon|0 fnt\n|faint|p2b: Miraidon\n|\n|-weather|SunnyDay|[upkeep]\n|upkeep\n|j| blackred123\u6c38\u96cf\u5854\u83f2\u4fa0\n|\n|t:|1768401570\n|switch|p2b: Calyrex|Calyrex-Ice, L50|100/100\n|-ability|p2b: Calyrex|As One\n|-ability|p2b: Calyrex|Unnerve\n|turn|2\n|\n|t:|1768401588\n|-terastallize|p1a: P\u56fa\u771f\u5927|Fire\n|-terastallize|p2b: Calyrex|Water\n|move|p2a: Whimsicott|Light Screen|p2a: Whimsicott\n|-sidestart|p2: paradox franco|move: Light Screen\n|move|p1b: \u9646\u7ffc\u53d1|Moonblast|p2b: Calyrex\n|-crit|p2b: Calyrex\n|-damage|p2b: Calyrex|25/100\n|move|p1a: P\u56fa\u771f\u5927|Precipice Blades|p2b: Calyrex|[spread] p2a\n|-miss|p1a: P\u56fa\u771f\u5927|p2b: Calyrex\n|-resisted|p2a: Whimsicott\n|-damage|p2a: Whimsicott|18/100\n|move|p2b: Calyrex|Glacial Lance|p1a: P\u56fa\u771f\u5927|[spread] p1a,p1b\n|-resisted|p1a: P\u56fa\u771f\u5927\n|-crit|p1a: P\u56fa\u771f\u5927\n|-damage|p1a: P\u56fa\u771f\u5927|39/100\n|-damage|p1b: \u9646\u7ffc\u53d1|0 fnt\n|faint|p1b: \u9646\u7ffc\u53d1\n|-end|p1b: \u9646\u7ffc\u53d1|Protosynthesis|[silent]\n|-ability|p2b: Calyrex|Chilling Neigh|boost\n|-boost|p2b: Calyrex|atk|1\n|\n|-weather|SunnyDay|[upkeep]\n|upkeep\n|inactive|Battle timer is ON: inactive players will automatically lose when time's up. (requested by paradox franco)\n|\n|t:|1768401596\n|switch|p1b: \u6211\u6709\u7389\u9c7c\u75c7|Chi-Yu, L50|100/100\n|-ability|p1b: \u6211\u6709\u7389\u9c7c\u75c7|Beads of Ruin\n|turn|3\n|\n|t:|1768401606\n|move|p2b: Calyrex|Protect|p2b: Calyrex\n|-singleturn|p2b: Calyrex|Protect\n|move|p2a: Whimsicott|Tailwind|p2a: Whimsicott\n|-sidestart|p2: paradox franco|move: Tailwind\n|move|p1b: \u6211\u6709\u7389\u9c7c\u75c7|Dark Pulse|p2b: Calyrex\n|-activate|p2b: Calyrex|move: Protect\n|move|p1a: P\u56fa\u771f\u5927|Precipice Blades|p2b: Calyrex|[spread] \n|-activate|p2b: Calyrex|move: Protect\n|-miss|p1a: P\u56fa\u771f\u5927|p2a: Whimsicott\n|\n|-weather|SunnyDay|[upkeep]\n|upkeep\n|turn|4\n|\n|t:|1768401621\n|move|p2a: Whimsicott|Moonblast|p1b: \u6211\u6709\u7389\u9c7c\u75c7\n|-crit|p1b: \u6211\u6709\u7389\u9c7c\u75c7\n|-damage|p1b: \u6211\u6709\u7389\u9c7c\u75c7|47/100\n|move|p1b: \u6211\u6709\u7389\u9c7c\u75c7|Dark Pulse|p2b: Calyrex\n|-damage|p2b: Calyrex|1/100\n|move|p2b: Calyrex|Leech Seed|p1a: P\u56fa\u771f\u5927\n|-start|p1a: P\u56fa\u771f\u5927|move: Leech Seed\n|move|p1a: P\u56fa\u771f\u5927|Precipice Blades|p2b: Calyrex|[spread] p2b\n|-miss|p1a: P\u56fa\u771f\u5927|p2a: Whimsicott\n|-damage|p2b: Calyrex|0 fnt\n|faint|p2b: Calyrex\n|\n|-weather|SunnyDay|[upkeep]\n|upkeep\n|\n|t:|1768401624\n|switch|p2b: Incineroar|Incineroar, L50, F|100/100\n|-ability|p2b: Incineroar|Intimidate|boost\n|-unboost|p1a: P\u56fa\u771f\u5927|atk|1\n|-unboost|p1b: \u6211\u6709\u7389\u9c7c\u75c7|atk|1\n|turn|5\n|\n|t:|1768401633\n|switch|p1a: \u4f8d\u7684\u6211\u7231\u5bfc\u7ba1|Indeedee-F, L50, F|59/100\n|move|p2a: Whimsicott|Moonblast|p1b: \u6211\u6709\u7389\u9c7c\u75c7\n|-damage|p1b: \u6211\u6709\u7389\u9c7c\u75c7|13/100\n|move|p1b: \u6211\u6709\u7389\u9c7c\u75c7|Dark Pulse|p2a: Whimsicott\n|-resisted|p2a: Whimsicott\n|-damage|p2a: Whimsicott|0 fnt\n|faint|p2a: Whimsicott\n|move|p2b: Incineroar|Knock Off|p1a: \u4f8d\u7684\u6211\u7231\u5bfc\u7ba1\n|-supereffective|p1a: \u4f8d\u7684\u6211\u7231\u5bfc\u7ba1\n|-damage|p1a: \u4f8d\u7684\u6211\u7231\u5bfc\u7ba1|7/100\n|\n|-weather|none\n|-fieldend|move: Psychic Terrain\n|upkeep\n|turn|6\n|\n|t:|1768401643\n|switch|p1b: P\u56fa\u771f\u5927|Groudon, L50, tera:Fire|39/100\n|-weather|SunnyDay|[from] ability: Drought|[of] p1b: P\u56fa\u771f\u5927\n|move|p1a: \u4f8d\u7684\u6211\u7231\u5bfc\u7ba1|Follow Me|p1a: \u4f8d\u7684\u6211\u7231\u5bfc\u7ba1\n|-singleturn|p1a: \u4f8d\u7684\u6211\u7231\u5bfc\u7ba1|move: Follow Me\n|move|p2b: Incineroar|Knock Off|p1a: \u4f8d\u7684\u6211\u7231\u5bfc\u7ba1\n|-supereffective|p1a: \u4f8d\u7684\u6211\u7231\u5bfc\u7ba1\n|-damage|p1a: \u4f8d\u7684\u6211\u7231\u5bfc\u7ba1|0 fnt\n|faint|p1a: \u4f8d\u7684\u6211\u7231\u5bfc\u7ba1\n|\n|-weather|SunnyDay|[upkeep]\n|-sideend|p2: paradox franco|move: Light Screen\n|-sideend|p2: paradox franco|move: Tailwind\n|upkeep\n|\n|t:|1768401646\n|switch|p1a: \u6211\u6709\u7389\u9c7c\u75c7|Chi-Yu, L50|13/100\n|-ability|p1a: \u6211\u6709\u7389\u9c7c\u75c7|Beads of Ruin\n|turn|7\n|-message|paradox franco forfeited.\n|\n|win|dasabe\u76d6\u6b27\u5361\u4fa0\n|raw|dasabe\u76d6\u6b27\u5361\u4fa0's rating: 1423 &rarr; <strong>1439</strong><br />(+16 for winning)\n|raw|paradox franco's rating: 1354 &rarr; <strong>1338</strong><br />(-16 for losing)\n|l|\u2606paradox franco\n|player|p2|\n|l|\u2606dasabe\u76d6\u6b27\u5361\u4fa0\n|player|p1|\n|l| TTTAAATTT00\n|j| TTTAAATTT00\n|l| blackred123\u6c38\u96cf\u5854\u83f2\u4fa0\n|l| TTTAAATTT00\n","uploadtime":1768401896,"views":12,"formatid":"gen9vgc2026regi","rating":1338,"private":0,"password":null}