{"id":"gen9vgc2026regi-2580247964","format":"[Gen 9] VGC 2026 Reg I","players":["LeafStoned","datbishgames"],"log":"|j|\u2606LeafStoned\n|j|\u2606datbishgames\n|t:|1775870155\n|gametype|doubles\n|player|p1|LeafStoned|101|1476\n|player|p2|datbishgames|mira|1483\n|gen|9\n|tier|[Gen 9] VGC 2026 Reg I\n|rated|\n|rule|Species Clause: Limit one of each Pok\u00e9mon\n|rule|Item Clause: Limit 1 of each item\n|clearpoke\n|poke|p1|Koraidon, L50|\n|poke|p1|Raging Bolt, L50|\n|poke|p1|Ho-Oh, L50|\n|poke|p1|Iron Treads, L50|\n|poke|p1|Incineroar, L50, M|\n|poke|p1|Flutter Mane, L50|\n|poke|p2|Dialga-Origin, L50|\n|poke|p2|Ho-Oh, L50|\n|poke|p2|Rotom-Wash, L50|\n|poke|p2|Amoonguss, L50, F|\n|poke|p2|Ursaluna, L50, F|\n|poke|p2|Zoroark-Hisui, L50, M|\n|teampreview|4\n|inactive|Battle timer is ON: inactive players will automatically lose when time's up. (requested by datbishgames)\n|j| BlueHeel\n|inactive|LeafStoned has 60 seconds left.\n|\n|t:|1775870210\n|teamsize|p1|4\n|teamsize|p2|4\n|start\n|switch|p1a: Incineroar|Incineroar, L50, M|100/100\n|switch|p1b: Koraidon|Koraidon, L50|100/100\n|switch|p2a: Dialga|Dialga-Origin, L50|100/100\n|switch|p2b: Ho-Oh|Ho-Oh, L50|100/100\n|-weather|SunnyDay|[from] ability: Orichalcum Pulse|[of] p1b: Koraidon\n|-activate|p1b: Koraidon|Orichalcum Pulse|[source]\n|-ability|p1a: Incineroar|Intimidate|boost\n|-unboost|p2a: Dialga|atk|1\n|-unboost|p2b: Ho-Oh|atk|1\n|turn|1\n|\n|t:|1775870226\n|move|p1a: Incineroar|Fake Out|p2b: Ho-Oh\n|-crit|p2b: Ho-Oh\n|-damage|p2b: Ho-Oh|88/100\n|move|p1b: Koraidon|Collision Course|p2a: Dialga\n|-immune|p2a: Dialga\n|move|p2a: Dialga|Will-O-Wisp|p1b: Koraidon\n|-status|p1b: Koraidon|brn\n|move|p2b: Ho-Oh|Tailwind|p2b: Ho-Oh\n|-sidestart|p2: datbishgames|move: Tailwind\n|\n|-weather|SunnyDay|[upkeep]\n|-damage|p1b: Koraidon|94/100 brn|[from] brn\n|upkeep\n|turn|2\n|inactive|LeafStoned has 30 seconds left.\n|inactive|LeafStoned has 20 seconds left.\n|inactive|LeafStoned has 15 seconds left.\n|inactive|LeafStoned has 10 seconds left.\n|inactive|LeafStoned has 5 seconds left.\n|\n|t:|1775870278\n|switch|p2b: Ursaluna|Ursaluna, L50, F|100/100\n|move|p2a: Dialga|Hyper Voice|p1a: Incineroar|[spread] p1a,p1b\n|-damage|p1a: Incineroar|71/100\n|-damage|p1b: Koraidon|60/100 brn\n|move|p1b: Koraidon|Scale Shot|p2b: Ursaluna\n|-damage|p2b: Ursaluna|93/100\n|-damage|p2b: Ursaluna|86/100\n|-damage|p2b: Ursaluna|79/100\n|-damage|p2b: Ursaluna|71/100\n|-damage|p2b: Ursaluna|64/100\n|-hitcount|p2b: Ursaluna|5\n|-unboost|p1b: Koraidon|def|1\n|-boost|p1b: Koraidon|spe|1\n|move|p1a: Incineroar|Will-O-Wisp|p2a: Dialga\n|-status|p2a: Dialga|brn\n|\n|-weather|SunnyDay|[upkeep]\n|-damage|p2a: Dialga|94/100 brn|[from] brn\n|-damage|p1b: Koraidon|54/100 brn|[from] brn\n|-status|p2b: Ursaluna|brn|[from] item: Flame Orb\n|upkeep\n|turn|3\n|inactive|datbishgames has 30 seconds left.\n|inactive|datbishgames has 20 seconds left.\n|inactive|datbishgames has 15 seconds left.\n|inactive|datbishgames has 10 seconds left.\n|\n|t:|1775870327\n|move|p2a: Dialga|Icy Wind|p1b: Koraidon|[spread] p1a,p1b\n|-resisted|p1a: Incineroar\n|-supereffective|p1b: Koraidon\n|-damage|p1a: Incineroar|64/100\n|-damage|p1b: Koraidon|25/100 brn\n|-unboost|p1a: Incineroar|spe|1\n|-unboost|p1b: Koraidon|spe|1\n|move|p2b: Ursaluna|Earthquake|p1b: Koraidon|[spread] p2a,p1a,p1b\n|-supereffective|p1a: Incineroar\n|-damage|p2a: Dialga|0 fnt\n|-damage|p1a: Incineroar|0 fnt\n|-damage|p1b: Koraidon|0 fnt\n|replace|p2a: Zoroark|Zoroark-Hisui, L50, M\n|-end|p2a: Zoroark|Illusion\n|faint|p2a: Zoroark\n|faint|p1a: Incineroar\n|faint|p1b: Koraidon\n|\n|-weather|SunnyDay|[upkeep]\n|-damage|p2b: Ursaluna|58/100 brn|[from] brn\n|upkeep\n|\n|t:|1775870337\n|switch|p1b: Ho-Oh|Ho-Oh, L50|100/100\n|switch|p2a: Dialga|Dialga-Origin, L50|100/100\n|switch|p1a: Flutter Mane|Flutter Mane, L50|100/100\n|-activate|p1a: Flutter Mane|ability: Protosynthesis\n|-start|p1a: Flutter Mane|protosynthesisspe\n|turn|4\n|\n|t:|1775870350\n|move|p1a: Flutter Mane|Moonblast|p2b: Ursaluna\n|-damage|p2b: Ursaluna|16/100 brn\n|move|p2b: Ursaluna|Facade|p1b: Ho-Oh\n|-damage|p1b: Ho-Oh|23/100\n|move|p1b: Ho-Oh|Sacred Fire|p2a: Dialga\n|-damage|p2a: Dialga|41/100\n|-status|p2a: Dialga|brn\n|move|p2a: Dialga|Trick Room|p2a: Dialga\n|-fieldstart|move: Trick Room|[of] p2a: Dialga\n|\n|-weather|SunnyDay|[upkeep]\n|-damage|p2a: Dialga|35/100 brn|[from] brn\n|-damage|p2b: Ursaluna|10/100 brn|[from] brn\n|-sideend|p2: datbishgames|move: Tailwind\n|upkeep\n|turn|5\n|\n|t:|1775870366\n|move|p1b: Ho-Oh|Protect|p1b: Ho-Oh\n|-singleturn|p1b: Ho-Oh|Protect\n|move|p1a: Flutter Mane|Protect|p1a: Flutter Mane\n|-singleturn|p1a: Flutter Mane|Protect\n|move|p2a: Dialga|Flash Cannon|p1a: Flutter Mane\n|-activate|p1a: Flutter Mane|move: Protect\n|move|p2b: Ursaluna|Facade|p1b: Ho-Oh\n|-activate|p1b: Ho-Oh|move: Protect\n|\n|-weather|none\n|-end|p1a: Flutter Mane|Protosynthesis\n|-damage|p2a: Dialga|29/100 brn|[from] brn\n|-damage|p2b: Ursaluna|5/100 brn|[from] brn\n|upkeep\n|turn|6\n|\n|t:|1775870374\n|move|p1b: Ho-Oh|Protect|p1b: Ho-Oh\n|-singleturn|p1b: Ho-Oh|Protect\n|move|p1a: Flutter Mane|Protect||[still]\n|-fail|p1a: Flutter Mane\n|move|p2a: Dialga|Flash Cannon|p1a: Flutter Mane\n|-supereffective|p1a: Flutter Mane\n|-enditem|p1a: Flutter Mane|Focus Sash\n|-damage|p1a: Flutter Mane|1/100\n|move|p2b: Ursaluna|Earthquake|p1a: Flutter Mane|[spread] p1a\n|-activate|p1b: Ho-Oh|move: Protect\n|-activate|p2a: Dialga|ability: Telepathy\n|-damage|p1a: Flutter Mane|0 fnt\n|faint|p1a: Flutter Mane\n|-end|p1a: Flutter Mane|Protosynthesis|[silent]\n|\n|-damage|p2a: Dialga|24/100 brn|[from] brn\n|-damage|p2b: Ursaluna|0 fnt|[from] brn\n|faint|p2b: Ursaluna\n|upkeep\n|\n|t:|1775870381\n|switch|p2b: Ho-Oh|Ho-Oh, L50|100/100\n|turn|7\n|l|\u2606LeafStoned\n|inactive|LeafStoned disconnected and has a minute to reconnect!\n|player|p1|\n|inactive|LeafStoned has 30 seconds left.\n|inactive|LeafStoned has 20 seconds left.\n|c| BlueHeel|disbishgames!\n|inactive|LeafStoned has 15 seconds left.\n|inactive|LeafStoned has 10 seconds left.\n|inactive|LeafStoned has 5 seconds left.\n|c|\u2606datbishgames|Hahaha\n|-message|LeafStoned lost due to inactivity.\n|\n|win|datbishgames\n|raw|LeafStoned's rating: 1476 &rarr; <strong>1456</strong><br />(-20 for losing)\n|raw|datbishgames's rating: 1483 &rarr; <strong>1503</strong><br />(+20 for winning)\n|c|\u2606datbishgames|<3\n|l| BlueHeel\n","uploadtime":1775870691,"views":15,"formatid":"gen9vgc2026regi","rating":1456,"private":0,"password":null}