{"id":"gen9vgc2026regi-2542089655","format":"[Gen 9] VGC 2026 Reg I","players":["mohammed mo7trf","TheManOfSausage"],"log":"|j|\u2606mohammed mo7trf\n|j|\u2606TheManOfSausage\n|t:|1771412647\n|gametype|doubles\n|player|p1|mohammed mo7trf|nate|1483\n|player|p2|TheManOfSausage|miku-water|1581\n|gen|9\n|tier|[Gen 9] VGC 2026 Reg I\n|rated|\n|rule|Species Clause: Limit one of each Pok\u00e9mon\n|rule|Item Clause: Limit 1 of each item\n|clearpoke\n|poke|p1|Calyrex-Ice, L50|\n|poke|p1|Lunala, L50|\n|poke|p1|Smeargle, L50, M|\n|poke|p1|Iron Hands, L50|\n|poke|p1|Torkoal, L50, M|\n|poke|p1|Ursaluna, L50, M|\n|poke|p2|Calyrex-Ice, L50|\n|poke|p2|Miraidon, L50|\n|poke|p2|Amoonguss, L50, F|\n|poke|p2|Incineroar, L50, M|\n|poke|p2|Urshifu-*, L50, M|\n|poke|p2|Farigiraf, L50, F|\n|teampreview|4\n|\n|t:|1771412669\n|teamsize|p1|4\n|teamsize|p2|4\n|start\n|switch|p1a: Calyrex|Calyrex-Ice, L50|100/100\n|switch|p1b: \u0631\u0633\u0627\u0645|Smeargle, L50, M|100/100\n|switch|p2a: Ogurin|Calyrex-Ice, L50|100/100\n|switch|p2b: Amoonguss|Amoonguss, L50, F|100/100\n|-ability|p1a: Calyrex|As One\n|-ability|p1a: Calyrex|Unnerve\n|-ability|p2a: Ogurin|As One\n|-ability|p2a: Ogurin|Unnerve\n|turn|1\n|inactive|Battle timer is ON: inactive players will automatically lose when time's up. (requested by mohammed mo7trf)\n|\n|t:|1771412689\n|-terastallize|p2b: Amoonguss|Water\n|move|p2b: Amoonguss|Rage Powder|p2b: Amoonguss\n|-singleturn|p2b: Amoonguss|move: Rage Powder\n|move|p1b: \u0631\u0633\u0627\u0645|Decorate|p2b: Amoonguss\n|-boost|p2b: Amoonguss|atk|2\n|-boost|p2b: Amoonguss|spa|2\n|move|p1a: Calyrex|Glacial Lance|p2a: Ogurin|[spread] p2a,p2b\n|-resisted|p2a: Ogurin\n|-resisted|p2b: Amoonguss\n|-damage|p2a: Ogurin|83/100\n|-damage|p2b: Amoonguss|73/100\n|move|p2a: Ogurin|Glacial Lance|p1b: \u0631\u0633\u0627\u0645|[spread] p1a,p1b\n|-resisted|p1a: Calyrex\n|-damage|p1a: Calyrex|81/100\n|-damage|p1b: \u0631\u0633\u0627\u0645|12/100\n|\n|-ability|p1b: \u0631\u0633\u0627\u0645|Moody|boost\n|-boost|p1b: \u0631\u0633\u0627\u0645|spa|2\n|-unboost|p1b: \u0631\u0633\u0627\u0645|spe|1\n|upkeep\n|turn|2\n|\n|t:|1771412713\n|switch|p1b: deathegg|Iron Hands, L50|100/100\n|move|p2a: Ogurin|Protect|p2a: Ogurin\n|-singleturn|p2a: Ogurin|Protect\n|move|p1a: Calyrex|Protect|p1a: Calyrex\n|-singleturn|p1a: Calyrex|Protect\n|move|p2b: Amoonguss|Spore|p1a: Calyrex\n|-activate|p1a: Calyrex|move: Protect\n|\n|upkeep\n|turn|3\n|\n|t:|1771412723\n|move|p2a: Ogurin|Glacial Lance|p1b: deathegg|[spread] p1a,p1b\n|-resisted|p1a: Calyrex\n|-damage|p1a: Calyrex|61/100\n|-damage|p1b: deathegg|62/100\n|move|p1b: deathegg|Wild Charge|p2b: Amoonguss\n|-supereffective|p2b: Amoonguss\n|-damage|p2b: Amoonguss|0 fnt\n|-damage|p1b: deathegg|46/100|[from] item: Rocky Helmet|[of] p2b: Amoonguss\n|faint|p2b: Amoonguss\n|-damage|p1b: deathegg|29/100|[from] Recoil\n|move|p1a: Calyrex|Glacial Lance|p2a: Ogurin\n|-resisted|p2a: Ogurin\n|-damage|p2a: Ogurin|58/100\n|\n|upkeep\n|\n|t:|1771412734\n|switch|p2b: Tama|Miraidon, L50|100/100\n|-fieldstart|move: Electric Terrain|[from] ability: Hadron Engine|[of] p2b: Tama\n|-activate|p1b: deathegg|ability: Quark Drive\n|-start|p1b: deathegg|quarkdriveatk\n|turn|4\n|\n|t:|1771412747\n|-end|p1b: deathegg|Quark Drive|[silent]\n|switch|p1b: \u0631\u0633\u0627\u0645|Smeargle, L50, M|12/100\n|move|p1a: Calyrex|Protect|p1a: Calyrex\n|-singleturn|p1a: Calyrex|Protect\n|move|p2b: Tama|Volt Switch|p1a: Calyrex\n|-activate|p1a: Calyrex|move: Protect\n|move|p2a: Ogurin|Glacial Lance|p1a: Calyrex|[spread] p1b\n|-activate|p1a: Calyrex|move: Protect\n|-damage|p1b: \u0631\u0633\u0627\u0645|0 fnt\n|faint|p1b: \u0631\u0633\u0627\u0645\n|-ability|p2a: Ogurin|Chilling Neigh|boost\n|-boost|p2a: Ogurin|atk|1\n|\n|upkeep\n|\n|t:|1771412760\n|switch|p1b: deathegg|Iron Hands, L50|29/100\n|-activate|p1b: deathegg|ability: Quark Drive\n|-start|p1b: deathegg|quarkdriveatk\n|turn|5\n|\n|t:|1771412766\n|switch|p2b: Incineroar|Incineroar, L50, M, shiny|100/100\n|-ability|p2b: Incineroar|Intimidate|boost\n|-fail|p1a: Calyrex|unboost|[from] item: Clear Amulet|[of] p1a: Calyrex\n|-unboost|p1b: deathegg|atk|1\n|move|p2a: Ogurin|Protect|p2a: Ogurin\n|-singleturn|p2a: Ogurin|Protect\n|move|p1b: deathegg|Fake Out|p2b: Incineroar\n|-damage|p2b: Incineroar|91/100\n|move|p1a: Calyrex|Glacial Lance|p2b: Incineroar|[spread] p2b\n|-activate|p2a: Ogurin|move: Protect\n|-resisted|p2b: Incineroar\n|-damage|p2b: Incineroar|67/100\n|\n|upkeep\n|turn|6\n|\n|t:|1771412784\n|move|p1a: Calyrex|Protect|p1a: Calyrex\n|-singleturn|p1a: Calyrex|Protect\n|move|p2b: Incineroar|Knock Off|p1a: Calyrex\n|-activate|p1a: Calyrex|move: Protect\n|move|p2a: Ogurin|Glacial Lance|p1b: deathegg|[spread] p1b\n|-activate|p1a: Calyrex|move: Protect\n|-damage|p1b: deathegg|0 fnt\n|faint|p1b: deathegg\n|-end|p1b: deathegg|Quark Drive|[silent]\n|-ability|p2a: Ogurin|Chilling Neigh|boost\n|-boost|p2a: Ogurin|atk|1\n|\n|upkeep\n|\n|t:|1771412786\n|switch|p1b: Lunala|Lunala, L50, shiny|100/100\n|turn|7\n|\n|t:|1771412800\n|-terastallize|p1b: Lunala|Fairy\n|move|p2b: Incineroar|Knock Off|p1a: Calyrex\n|-supereffective|p1a: Calyrex\n|-damage|p1a: Calyrex|9/100\n|-enditem|p1a: Calyrex|Clear Amulet|[from] move: Knock Off|[of] p2b: Incineroar\n|move|p1b: Lunala|Moonblast|p2b: Incineroar\n|-damage|p2b: Incineroar|37/100\n|-unboost|p2b: Incineroar|spa|1\n|move|p2a: Ogurin|Glacial Lance|p1a: Calyrex|[spread] p1a,p1b\n|-resisted|p1a: Calyrex\n|-damage|p1a: Calyrex|0 fnt\n|-damage|p1b: Lunala|51/100\n|faint|p1a: Calyrex\n|-ability|p2a: Ogurin|Chilling Neigh|boost\n|-boost|p2a: Ogurin|atk|1\n|\n|-heal|p1b: Lunala|57/100|[from] item: Leftovers\n|upkeep\n|turn|8\n|-message|mohammed mo7trf forfeited.\n|\n|win|TheManOfSausage\n|raw|mohammed mo7trf's rating: 1483 &rarr; <strong>1468</strong><br />(-15 for losing)\n|raw|TheManOfSausage's rating: 1581 &rarr; <strong>1596</strong><br />(+15 for winning)\n|l|\u2606mohammed mo7trf\n|player|p1|\n|l|\u2606TheManOfSausage\n|player|p2|\n","uploadtime":1771413047,"views":20,"formatid":"gen9vgc2026regi","rating":1468,"private":0,"password":null}