{"id":"gen9vgc2026regi-2578752428","format":"[Gen 9] VGC 2026 Reg I","players":["Hzqmrln","vestige666"],"log":"|j|\u2606Hzqmrln\n|j|\u2606vestige666\n|t:|1775712673\n|gametype|doubles\n|player|p1|Hzqmrln|2|1502\n|player|p2|vestige666|blackbelt-gen4dp|1573\n|gen|9\n|tier|[Gen 9] VGC 2026 Reg I\n|rated|\n|rule|Species Clause: Limit one of each Pok\u00e9mon\n|rule|Item Clause: Limit 1 of each item\n|clearpoke\n|poke|p1|Zamazenta-*, L50|\n|poke|p1|Farigiraf, L50, M|\n|poke|p1|Incineroar, L50, F|\n|poke|p1|Rillaboom, L50, M|\n|poke|p1|Kyogre, L50|\n|poke|p1|Whimsicott, L50, M|\n|poke|p2|Miraidon, L50|\n|poke|p2|Groudon, L50|\n|poke|p2|Raging Bolt, L50|\n|poke|p2|Farigiraf, L50, M|\n|poke|p2|Whimsicott, L50, F|\n|poke|p2|Iron Bundle, L50|\n|teampreview|4\n|inactive|Battle timer is ON: inactive players will automatically lose when time's up. (requested by Hzqmrln)\n|inactive|Hzqmrln has 60 seconds left.\n|inactive|vestige666 has 60 seconds left.\n|\n|t:|1775712707\n|teamsize|p1|4\n|teamsize|p2|4\n|start\n|switch|p1a: Rillaboom|Rillaboom, L50, M|100/100\n|switch|p1b: Farigiraf|Farigiraf, L50, M|100/100\n|switch|p2a: Nerissa|Miraidon, L50|100/100\n|switch|p2b: Cecilia immergreen|Whimsicott, L50, F|100/100\n|-fieldstart|move: Electric Terrain|[from] ability: Hadron Engine|[of] p2a: Nerissa\n|-fieldstart|move: Grassy Terrain|[from] ability: Grassy Surge|[of] p1a: Rillaboom\n|turn|1\n|\n|t:|1775712727\n|switch|p2b: Kronii|Groudon, L50|100/100\n|-weather|SunnyDay|[from] ability: Drought|[of] p2b: Kronii\n|-terastallize|p2a: Nerissa|Fire\n|move|p1b: Farigiraf|Protect|p1b: Farigiraf\n|-singleturn|p1b: Farigiraf|Protect\n|move|p2a: Nerissa|Overheat|p1a: Rillaboom\n|-supereffective|p1a: Rillaboom\n|-damage|p1a: Rillaboom|0 fnt\n|-unboost|p2a: Nerissa|spa|2\n|faint|p1a: Rillaboom\n|\n|-weather|SunnyDay|[upkeep]\n|upkeep\n|\n|t:|1775712741\n|switch|p1a: Kyogre|Kyogre, L50|100/100\n|-weather|RainDance|[from] ability: Drizzle|[of] p1a: Kyogre\n|turn|2\n|\n|t:|1775712760\n|switch|p2a: Cecilia immergreen|Whimsicott, L50, F|100/100\n|switch|p2b: Biboo|Raging Bolt, L50|100/100\n|move|p1a: Kyogre|Water Spout|p2b: Biboo|[spread] p2a,p2b\n|-resisted|p2a: Cecilia immergreen\n|-resisted|p2b: Biboo\n|-damage|p2a: Cecilia immergreen|46/100\n|-damage|p2b: Biboo|53/100\n|move|p1b: Farigiraf|Shadow Ball|p2a: Cecilia immergreen\n|-damage|p2a: Cecilia immergreen|17/100\n|\n|-weather|RainDance|[upkeep]\n|-heal|p2a: Cecilia immergreen|22/100|[from] Grassy Terrain\n|-heal|p2b: Biboo|59/100|[from] Grassy Terrain\n|upkeep\n|turn|3\n|inactive|vestige666 has 30 seconds left.\n|inactive|vestige666 has 20 seconds left.\n|\n|t:|1775712796\n|switch|p1a: Zamazenta|Zamazenta-Crowned, L50|100/100\n|-ability|p1a: Zamazenta|Dauntless Shield|boost\n|-boost|p1a: Zamazenta|def|1\n|move|p2a: Cecilia immergreen|Light Screen|p2a: Cecilia immergreen\n|-sidestart|p2: vestige666|move: Light Screen\n|move|p2b: Biboo|Draco Meteor|p1b: Farigiraf\n|-damage|p1b: Farigiraf|8/100\n|-unboost|p2b: Biboo|spa|2\n|-enditem|p1b: Farigiraf|Sitrus Berry|[eat]\n|-heal|p1b: Farigiraf|33/100|[from] item: Sitrus Berry\n|-damage|p2b: Biboo|49/100|[from] item: Life Orb\n|move|p1b: Farigiraf|Trick Room|p1b: Farigiraf\n|-fieldstart|move: Trick Room|[of] p1b: Farigiraf\n|\n|-weather|RainDance|[upkeep]\n|-heal|p1b: Farigiraf|39/100|[from] Grassy Terrain\n|-heal|p2b: Biboo|55/100|[from] Grassy Terrain\n|-heal|p2a: Cecilia immergreen|28/100|[from] Grassy Terrain\n|upkeep\n|turn|4\n|inactive|vestige666 has 30 seconds left.\n|\n|t:|1775712824\n|switch|p2a: Nerissa|Miraidon, L50, tera:Fire|100/100\n|-fieldstart|move: Electric Terrain|[from] ability: Hadron Engine|[of] p2a: Nerissa\n|move|p1b: Farigiraf|Twin Beam|p2b: Biboo\n|-damage|p2b: Biboo|43/100\n|-damage|p2b: Biboo|33/100\n|-hitcount|p2b: Biboo|2\n|move|p2b: Biboo|Rising Voltage|p1a: Zamazenta\n|-hint|Rising Voltage's BP doubled on grounded target.\n|-damage|p1a: Zamazenta|49/100\n|-damage|p2b: Biboo|23/100|[from] item: Life Orb\n|move|p1a: Zamazenta|Heavy Slam|p2a: Nerissa\n|-resisted|p2a: Nerissa\n|-damage|p2a: Nerissa|85/100\n|\n|-weather|RainDance|[upkeep]\n|upkeep\n|turn|5\n|inactive|Hzqmrln has 30 seconds left.\n|inactive|vestige666 has 30 seconds left.\n|inactive|vestige666 has 20 seconds left.\n|inactive|vestige666 has 15 seconds left.\n|inactive|vestige666 has 10 seconds left.\n|\n|t:|1775712871\n|move|p1b: Farigiraf|Shadow Ball|p2b: Biboo\n|-damage|p2b: Biboo|8/100\n|move|p2b: Biboo|Rising Voltage|p1a: Zamazenta\n|-hint|Rising Voltage's BP doubled on grounded target.\n|-damage|p1a: Zamazenta|0 fnt\n|faint|p1a: Zamazenta\n|-damage|p2b: Biboo|0 fnt|[from] item: Life Orb\n|faint|p2b: Biboo\n|-end|p2b: Biboo|Protosynthesis|[silent]\n|move|p2a: Nerissa|Electro Drift|p1b: Farigiraf\n|-damage|p1b: Farigiraf|0 fnt\n|faint|p1b: Farigiraf\n|\n|-weather|RainDance|[upkeep]\n|upkeep\n|\n|t:|1775712891\n|switch|p1b: Kyogre|Kyogre, L50|100/100\n|switch|p2b: Cecilia immergreen|Whimsicott, L50, F|28/100\n|turn|6\n|\n|t:|1775712904\n|switch|p2a: Kronii|Groudon, L50|100/100\n|-weather|SunnyDay|[from] ability: Drought|[of] p2a: Kronii\n|-terastallize|p1b: Kyogre|Grass\n|move|p2b: Cecilia immergreen|Grass Knot|p1b: Kyogre\n|-resisted|p1b: Kyogre\n|-damage|p1b: Kyogre|88/100\n|move|p1b: Kyogre|Origin Pulse|p2a: Kronii|[spread] p2a\n|-miss|p1b: Kyogre|p2b: Cecilia immergreen\n|-supereffective|p2a: Kronii\n|-damage|p2a: Kronii|75/100\n|\n|-weather|SunnyDay|[upkeep]\n|-heal|p2a: Kronii|81/100|[from] item: Leftovers\n|upkeep\n|turn|7\n|-message|Hzqmrln forfeited.\n|\n|win|vestige666\n|raw|Hzqmrln's rating: 1502 &rarr; <strong>1486</strong><br />(-16 for losing)\n|raw|vestige666's rating: 1573 &rarr; <strong>1589</strong><br />(+16 for winning)\n|l|\u2606Hzqmrln\n|player|p1|\n","uploadtime":1775713120,"views":7,"formatid":"gen9vgc2026regi","rating":1486,"private":0,"password":null}