{"id":"gen9vgc2026regi-2579197861","format":"[Gen 9] VGC 2026 Reg I","players":["magicturtle74","uhh daneooo"],"log":"|j|\u2606magicturtle74\n|j|\u2606uhh daneooo\n|t:|1775759789\n|gametype|doubles\n|player|p1|magicturtle74|n|1461\n|player|p2|uhh daneooo|2|1508\n|gen|9\n|tier|[Gen 9] VGC 2026 Reg I\n|rated|\n|rule|Species Clause: Limit one of each Pok\u00e9mon\n|rule|Item Clause: Limit 1 of each item\n|clearpoke\n|poke|p1|Zamazenta-*, L50|\n|poke|p1|Arcanine-Hisui, L50, F|\n|poke|p1|Smeargle, L50, F|\n|poke|p1|Zacian-*, L50|\n|poke|p1|Jolteon, L50, M|\n|poke|p1|Houndstone, L50, M|\n|poke|p2|Grafaiai, L50, F|\n|poke|p2|Miraidon, L50|\n|poke|p2|Tornadus, L50, M|\n|poke|p2|Kyogre, L50|\n|poke|p2|Iron Treads, L50|\n|poke|p2|Flutter Mane, L50|\n|teampreview|4\n|inactive|Battle timer is ON: inactive players will automatically lose when time's up. (requested by uhh daneooo)\n|\n|t:|1775759837\n|teamsize|p1|4\n|teamsize|p2|4\n|start\n|switch|p1a: dog?|Jolteon, L50, M|100/100\n|switch|p1b: DAWGGGGG|Zacian-Crowned, L50, shiny|100/100\n|switch|p2a: Miraidon|Miraidon, L50|100/100\n|switch|p2b: Grafaiai|Grafaiai, L50, F|100/100\n|-ability|p1b: DAWGGGGG|Intrepid Sword|boost\n|-boost|p1b: DAWGGGGG|atk|1\n|-fieldstart|move: Electric Terrain|[from] ability: Hadron Engine|[of] p2a: Miraidon\n|-enditem|p2b: Grafaiai|Electric Seed\n|-boost|p2b: Grafaiai|def|1|[from] item: Electric Seed\n|turn|1\n|inactive|uhh daneooo has 30 seconds left.\n|\n|t:|1775759862\n|move|p1b: DAWGGGGG|Protect|p1b: DAWGGGGG\n|-singleturn|p1b: DAWGGGGG|Protect\n|move|p1a: dog?|Protect|p1a: dog?\n|-singleturn|p1a: dog?|Protect\n|move|p2b: Grafaiai|Scary Face|p1b: DAWGGGGG\n|-activate|p1b: DAWGGGGG|move: Protect\n|move|p2a: Miraidon|Overheat|p1b: DAWGGGGG\n|-activate|p1b: DAWGGGGG|move: Protect\n|\n|-status|p1a: dog?|brn|[from] item: Flame Orb\n|upkeep\n|turn|2\n|inactive|magicturtle74 has 30 seconds left.\n|\n|t:|1775759889\n|move|p2b: Grafaiai|Encore|p1b: DAWGGGGG\n|-start|p1b: DAWGGGGG|Encore\n|move|p1a: dog?|Electroweb|p2a: Miraidon|[spread] p2a,p2b\n|-resisted|p2a: Miraidon\n|-damage|p2a: Miraidon|95/100\n|-damage|p2b: Grafaiai|69/100\n|-unboost|p2b: Grafaiai|spe|1\n|move|p1b: DAWGGGGG|Protect|p1b: DAWGGGGG\n|-singleturn|p1b: DAWGGGGG|Protect\n|move|p2a: Miraidon|Dragon Pulse|p1a: dog?\n|-damage|p1a: dog?|30/100 brn\n|\n|-damage|p1a: dog?|24/100 brn|[from] brn\n|upkeep\n|turn|3\n|inactive|magicturtle74 has 30 seconds left.\n|inactive|uhh daneooo has 30 seconds left.\n|\n|t:|1775759924\n|switch|p1b: dawgg|Arcanine-Hisui, L50, F|100/100\n|-ability|p1b: dawgg|Intimidate|boost\n|-unboost|p2a: Miraidon|atk|1\n|-unboost|p2b: Grafaiai|atk|1\n|move|p1a: dog?|Thunder Wave|p2b: Grafaiai\n|-status|p2b: Grafaiai|par\n|move|p2a: Miraidon|Dragon Pulse|p1a: dog?\n|-damage|p1a: dog?|0 fnt\n|faint|p1a: dog?\n|cant|p2b: Grafaiai|par\n|\n|upkeep\n|\n|t:|1775759936\n|switch|p1a: DAWGGGGG|Zacian-Crowned, L50, shiny|100/100\n|turn|4\n|j| funnyhonse\n|inactive|uhh daneooo has 30 seconds left.\n|l| funnyhonse\n|inactive|uhh daneooo has 20 seconds left.\n|inactive|uhh daneooo has 15 seconds left.\n|inactive|uhh daneooo has 10 seconds left.\n|inactive|uhh daneooo has 5 seconds left.\n|\n|t:|1775759987\n|move|p2a: Miraidon|Protect|p2a: Miraidon\n|-singleturn|p2a: Miraidon|Protect\n|move|p1b: dawgg|Rock Slide|p2b: Grafaiai|[spread] p2b\n|-activate|p2a: Miraidon|move: Protect\n|-damage|p2b: Grafaiai|43/100 par\n|move|p1a: DAWGGGGG|Play Rough|p2a: Miraidon\n|-activate|p2a: Miraidon|move: Protect\n|cant|p2b: Grafaiai|flinch\n|\n|upkeep\n|turn|5\n|\n|t:|1775760010\n|-terastallize|p2a: Miraidon|Fire\n|move|p1b: dawgg|Rock Slide|p2a: Miraidon|[spread] p2a,p2b\n|-supereffective|p2a: Miraidon\n|-damage|p2a: Miraidon|46/100\n|-damage|p2b: Grafaiai|21/100 par\n|move|p1a: DAWGGGGG|Swords Dance|p1a: DAWGGGGG\n|-boost|p1a: DAWGGGGG|atk|2\n|move|p2a: Miraidon|Overheat|p1a: DAWGGGGG\n|-supereffective|p1a: DAWGGGGG\n|-damage|p1a: DAWGGGGG|0 fnt\n|-unboost|p2a: Miraidon|spa|2\n|faint|p1a: DAWGGGGG\n|move|p2b: Grafaiai|Acid Spray|p1b: dawgg\n|-resisted|p1b: dawgg\n|-damage|p1b: dawgg|95/100\n|-unboost|p1b: dawgg|spd|2\n|\n|-fieldend|move: Electric Terrain\n|upkeep\n|\n|t:|1775760021\n|switch|p1a: dawg|Zamazenta-Crowned, L50|100/100\n|-ability|p1a: dawg|Dauntless Shield|boost\n|-boost|p1a: dawg|def|1\n|turn|6\n|inactive|uhh daneooo has 30 seconds left.\n|inactive|uhh daneooo has 20 seconds left.\n|inactive|uhh daneooo has 15 seconds left.\n|\n|t:|1775760063\n|switch|p2a: Flutter Mane|Flutter Mane, L50|100/100\n|-enditem|p2a: Flutter Mane|Booster Energy\n|-activate|p2a: Flutter Mane|ability: Protosynthesis|[fromitem]\n|-start|p2a: Flutter Mane|protosynthesisspe\n|move|p1b: dawgg|Rock Slide|p2a: Flutter Mane|[spread] p2a,p2b\n|-damage|p2a: Flutter Mane|62/100\n|-damage|p2b: Grafaiai|0 fnt\n|faint|p2b: Grafaiai\n|move|p1a: dawg|Iron Defense|p1a: dawg\n|-boost|p1a: dawg|def|2\n|\n|upkeep\n|\n|t:|1775760078\n|switch|p2b: Miraidon|Miraidon, L50, tera:Fire|46/100\n|-fieldstart|move: Electric Terrain|[from] ability: Hadron Engine|[of] p2b: Miraidon\n|turn|7\n|\n|t:|1775760096\n|move|p1a: dawg|Wide Guard|p1a: dawg\n|-singleturn|p1a: dawg|Wide Guard\n|move|p2a: Flutter Mane|Shadow Ball|p1b: dawgg\n|-damage|p1b: dawgg|0 fnt\n|faint|p1b: dawgg\n|move|p2b: Miraidon|Overheat|p1a: dawg\n|-supereffective|p1a: dawg\n|-damage|p1a: dawg|0 fnt\n|-unboost|p2b: Miraidon|spa|2\n|faint|p1a: dawg\n|\n|win|uhh daneooo\n|raw|magicturtle74's rating: 1461 &rarr; <strong>1444</strong><br />(-17 for losing)\n|raw|uhh daneooo's rating: 1508 &rarr; <strong>1525</strong><br />(+17 for winning)\n|l|\u2606magicturtle74\n|player|p1|\n|l|\u2606uhh daneooo\n|player|p2|\n","uploadtime":1775760256,"views":13,"formatid":"gen9vgc2026regi","rating":1444,"private":0,"password":null}