{"id":"gen9vgc2026regi-2571057785","format":"[Gen 9] VGC 2026 Reg I","players":["jerry rivera","blackred123"],"log":"|j|\u2606jerry rivera\n|j|\u2606blackred123\n|t:|1774882881\n|gametype|doubles\n|player|p1|jerry rivera|silver|1496\n|player|p2|blackred123|iono-masters|1509\n|gen|9\n|tier|[Gen 9] VGC 2026 Reg I\n|rated|\n|rule|Species Clause: Limit one of each Pok\u00e9mon\n|rule|Item Clause: Limit 1 of each item\n|clearpoke\n|poke|p1|Kyogre, L50|\n|poke|p1|Zacian-*, L50|\n|poke|p1|Tornadus, L50, M|\n|poke|p1|Amoonguss, L50, F|\n|poke|p1|Urshifu-*, L50, M|\n|poke|p1|Ditto, L50|\n|poke|p2|Kyogre, L50|\n|poke|p2|Zamazenta-*, L50|\n|poke|p2|Chien-Pao, L50|\n|poke|p2|Amoonguss, L50, F|\n|poke|p2|Dragonite, L50, M|\n|poke|p2|Rillaboom, L50, F|\n|teampreview|4\n|inactive|Battle timer is ON: inactive players will automatically lose when time's up. (requested by blackred123)\n|\n|t:|1774882907\n|teamsize|p1|4\n|teamsize|p2|4\n|start\n|switch|p1a: Tornadus|Tornadus, L50, M|100/100\n|switch|p1b: Zacian|Zacian-Crowned, L50|100/100\n|switch|p2a: Zamazenta|Zamazenta-Crowned, L50|100/100\n|switch|p2b: Chien-Pao|Chien-Pao, L50|100/100\n|-ability|p1b: Zacian|Intrepid Sword|boost\n|-boost|p1b: Zacian|atk|1\n|-ability|p2b: Chien-Pao|Sword of Ruin\n|-ability|p2a: Zamazenta|Dauntless Shield|boost\n|-boost|p2a: Zamazenta|def|1\n|turn|1\n|\n|t:|1774882915\n|move|p1a: Tornadus|Tailwind|p1a: Tornadus\n|-sidestart|p1: jerry rivera|move: Tailwind\n|move|p1b: Zacian|Sacred Sword|p2a: Zamazenta\n|-supereffective|p2a: Zamazenta\n|-crit|p2a: Zamazenta\n|-damage|p2a: Zamazenta|0 fnt\n|faint|p2a: Zamazenta\n|move|p2b: Chien-Pao|Ice Spinner|p1a: Tornadus\n|-supereffective|p1a: Tornadus\n|-enditem|p1a: Tornadus|Focus Sash\n|-damage|p1a: Tornadus|1/100\n|\n|upkeep\n|c|\u2606jerry rivera|sorry\n|\n|t:|1774882927\n|switch|p2a: Kyogre|Kyogre, L50|100/100\n|-weather|RainDance|[from] ability: Drizzle|[of] p2a: Kyogre\n|turn|2\n|\n|t:|1774882942\n|-terastallize|p1b: Zacian|Grass\n|move|p2b: Chien-Pao|Sucker Punch|p1a: Tornadus\n|-damage|p1a: Tornadus|0 fnt\n|faint|p1a: Tornadus\n|move|p1b: Zacian|Play Rough|p2a: Kyogre\n|-damage|p2a: Kyogre|0 fnt\n|faint|p2a: Kyogre\n|\n|-weather|RainDance|[upkeep]\n|upkeep\n|\n|t:|1774882956\n|switch|p1a: Kyogre|Kyogre, L50|100/100\n|switch|p2a: Dragonite|Dragonite, L50, M|100/100\n|turn|3\n|\n|t:|1774882970\n|-terastallize|p2a: Dragonite|Normal\n|move|p2a: Dragonite|Extreme Speed|p1a: Kyogre\n|-damage|p1a: Kyogre|0 fnt\n|faint|p1a: Kyogre\n|move|p2b: Chien-Pao|Sucker Punch|p1b: Zacian\n|-damage|p1b: Zacian|57/100\n|move|p1b: Zacian|Play Rough|p2a: Dragonite\n|-damage|p2a: Dragonite|2/100\n|\n|-weather|RainDance|[upkeep]\n|upkeep\n|\n|t:|1774882984\n|switch|p1a: Ditto|Ditto, L50|100/100\n|-transform|p1a: Ditto|p2b: Chien-Pao|[from] ability: Imposter\n|-ability|p1a: Ditto|Sword of Ruin\n|turn|4\n|\n|t:|1774883007\n|move|p1b: Zacian|Protect|p1b: Zacian\n|-singleturn|p1b: Zacian|Protect\n|move|p2a: Dragonite|Extreme Speed|p1a: Ditto\n|-crit|p1a: Ditto\n|-damage|p1a: Ditto|0 fnt\n|faint|p1a: Ditto\n|move|p2b: Chien-Pao|Sucker Punch||[still]\n|-fail|p2b: Chien-Pao\n|\n|-weather|RainDance|[upkeep]\n|-sideend|p1: jerry rivera|move: Tailwind\n|upkeep\n|turn|5\n|-message|jerry rivera forfeited.\n|\n|win|blackred123\n|raw|jerry rivera's rating: 1496 &rarr; <strong>1477</strong><br />(-19 for losing)\n|raw|blackred123's rating: 1509 &rarr; <strong>1528</strong><br />(+19 for winning)\n|l|\u2606jerry rivera\n|player|p1|\n|j| aurora ltd\n","uploadtime":1774883020,"views":13,"formatid":"gen9vgc2026regi","rating":1477,"private":0,"password":null}