{"id":"gen9vgc2026regi-2552315741","format":"[Gen 9] VGC 2026 Reg I","players":["marcxhenry","cesaretuc"],"log":"|j|\u2606marcxhenry\n|j|\u2606cesaretuc\n|t:|1772707016\n|gametype|doubles\n|player|p1|marcxhenry|hilbert-wonderlauncher|1358\n|player|p2|cesaretuc|silver|1289\n|gen|9\n|tier|[Gen 9] VGC 2026 Reg I\n|rated|\n|rule|Species Clause: Limit one of each Pok\u00e9mon\n|rule|Item Clause: Limit 1 of each item\n|clearpoke\n|poke|p1|Calyrex-Shadow, L50|\n|poke|p1|Urshifu-*, L50, M|\n|poke|p1|Roaring Moon, L50|\n|poke|p1|Kyogre, L50|\n|poke|p1|Tsareena, L50, F|\n|poke|p1|Kingambit, L50, M|\n|poke|p2|Dialga-Origin, L50|\n|poke|p2|Miraidon, L50|\n|poke|p2|Ursaluna, L50, M|\n|poke|p2|Cresselia, L50, F|\n|poke|p2|Oranguru, L50, M|\n|poke|p2|Ogerpon-Wellspring, L50, F|\n|teampreview|4\n|\n|t:|1772707092\n|teamsize|p1|4\n|teamsize|p2|4\n|start\n|switch|p1a: Tripitz|Kyogre, L50, shiny|100/100\n|switch|p1b: Hitmonshe|Tsareena, L50, F, shiny|100/100\n|switch|p2a: Miraidon|Miraidon, L50|100/100\n|switch|p2b: Oranguru|Oranguru, L50, M|100/100\n|-fieldstart|move: Electric Terrain|[from] ability: Hadron Engine|[of] p2a: Miraidon\n|-weather|RainDance|[from] ability: Drizzle|[of] p1a: Tripitz\n|turn|1\n|\n|t:|1772707120\n|-terastallize|p1a: Tripitz|Ground\n|move|p2a: Miraidon|Volt Switch|p1a: Tripitz\n|-immune|p1a: Tripitz\n|move|p1a: Tripitz|Water Spout|p2b: Oranguru|[spread] p2a,p2b\n|-resisted|p2a: Miraidon\n|-damage|p2a: Miraidon|44/100\n|-damage|p2b: Oranguru|7/100\n|move|p1b: Hitmonshe|Triple Axel|p2a: Miraidon\n|-supereffective|p2a: Miraidon\n|-crit|p2a: Miraidon\n|-damage|p2a: Miraidon|22/100\n|-supereffective|p2a: Miraidon\n|-damage|p2a: Miraidon|0 fnt\n|faint|p2a: Miraidon\n|-hitcount|p2: Miraidon|2\n|move|p2b: Oranguru|Trick Room|p2b: Oranguru\n|-fieldstart|move: Trick Room|[of] p2b: Oranguru\n|\n|-weather|RainDance|[upkeep]\n|upkeep\n|\n|t:|1772707135\n|switch|p2a: Ursaluna|Ursaluna, L50, M, shiny|100/100\n|turn|2\n|\n|t:|1772707146\n|switch|p1a: Ludwig|Calyrex-Shadow, L50|100/100\n|-ability|p1a: Ludwig|As One\n|-ability|p1a: Ludwig|Unnerve\n|move|p2a: Ursaluna|Protect|p2a: Ursaluna\n|-singleturn|p2a: Ursaluna|Protect\n|move|p2b: Oranguru|Foul Play|p1a: Ludwig\n|-supereffective|p1a: Ludwig\n|-damage|p1a: Ludwig|32/100\n|move|p1b: Hitmonshe|Triple Axel|p2b: Oranguru\n|-damage|p2b: Oranguru|1/100\n|-damage|p2b: Oranguru|0 fnt\n|faint|p2b: Oranguru\n|-hitcount|p2: Oranguru|2\n|\n|-weather|RainDance|[upkeep]\n|-status|p2a: Ursaluna|brn|[from] item: Flame Orb\n|upkeep\n|\n|t:|1772707163\n|switch|p2b: Dialga|Dialga-Origin, L50, shiny|100/100\n|turn|3\n|\n|t:|1772707212\n|move|p2a: Ursaluna|Earthquake|p1b: Hitmonshe|[spread] p1a,p1b\n|-activate|p2b: Dialga|ability: Telepathy\n|-resisted|p1b: Hitmonshe\n|-damage|p1a: Ludwig|0 fnt\n|-damage|p1b: Hitmonshe|64/100\n|faint|p1a: Ludwig\n|move|p2b: Dialga|Dragon Pulse|p1b: Hitmonshe\n|-damage|p1b: Hitmonshe|0 fnt\n|faint|p1b: Hitmonshe\n|\n|-weather|RainDance|[upkeep]\n|-damage|p2a: Ursaluna|95/100 brn|[from] brn\n|upkeep\n|\n|t:|1772707228\n|switch|p1b: Roter Baron|Roaring Moon, L50, shiny|100/100\n|switch|p1a: Tripitz|Kyogre, L50, shiny, tera:Ground|100/100\n|-enditem|p1b: Roter Baron|Booster Energy\n|-activate|p1b: Roter Baron|ability: Protosynthesis|[fromitem]\n|-start|p1b: Roter Baron|protosynthesisspe\n|turn|4\n|\n|t:|1772707248\n|move|p1b: Roter Baron|Protect|p1b: Roter Baron\n|-singleturn|p1b: Roter Baron|Protect\n|move|p2a: Ursaluna|Earthquake|p1b: Roter Baron|[spread] p1a\n|-activate|p1b: Roter Baron|move: Protect\n|-activate|p2b: Dialga|ability: Telepathy\n|-damage|p1a: Tripitz|32/100\n|move|p2b: Dialga|Dragon Pulse|p1a: Tripitz\n|-damage|p1a: Tripitz|0 fnt\n|faint|p1a: Tripitz\n|\n|-weather|RainDance|[upkeep]\n|-damage|p2a: Ursaluna|89/100 brn|[from] brn\n|upkeep\n|turn|5\n|-message|marcxhenry forfeited.\n|\n|win|cesaretuc\n|raw|marcxhenry's rating: 1358 &rarr; <strong>1334</strong><br />(-24 for losing)\n|raw|cesaretuc's rating: 1289 &rarr; <strong>1319</strong><br />(+30 for winning)\n|l|\u2606marcxhenry\n|player|p1|\n","uploadtime":1772707441,"views":14,"formatid":"gen9vgc2026regi","rating":1319,"private":0,"password":null}