{"id":"gen9vgc2026regi-2583413881","format":"[Gen 9] VGC 2026 Reg I","players":["Ziik","jj11j1"],"log":"|j|\u2606Ziik\n|j|\u2606jj11j1\n|t:|1776174036\n|gametype|doubles\n|player|p1|Ziik|2|1229\n|player|p2|jj11j1|102|1458\n|gen|9\n|tier|[Gen 9] VGC 2026 Reg I\n|rated|\n|rule|Species Clause: Limit one of each Pok\u00e9mon\n|rule|Item Clause: Limit 1 of each item\n|clearpoke\n|poke|p1|Flutter Mane, L50|\n|poke|p1|Incineroar, L50, F|\n|poke|p1|Lunala, L50|\n|poke|p1|Miraidon, L50|\n|poke|p1|Ursaluna, L50, F|\n|poke|p1|Whimsicott, L50, M|\n|poke|p2|Ho-Oh, L50|\n|poke|p2|Calyrex-Ice, L50|\n|poke|p2|Overqwil, L50, M|\n|poke|p2|Ting-Lu, L50|\n|poke|p2|Rillaboom, L50, M|\n|poke|p2|Ogerpon-Wellspring, L50, F|\n|teampreview|4\n|\n|t:|1776174077\n|teamsize|p1|4\n|teamsize|p2|4\n|start\n|switch|p1a: Flutter Mane|Flutter Mane, L50|100/100\n|switch|p1b: Miraidon|Miraidon, L50|100/100\n|switch|p2a: Overqwil|Overqwil, L50, M|100/100\n|switch|p2b: Ho-Oh|Ho-Oh, L50|100/100\n|-fieldstart|move: Electric Terrain|[from] ability: Hadron Engine|[of] p1b: Miraidon\n|-ability|p2a: Overqwil|Intimidate|boost\n|-unboost|p1a: Flutter Mane|atk|1\n|-unboost|p1b: Miraidon|atk|1\n|turn|1\n|inactive|Battle timer is ON: inactive players will automatically lose when time's up. (requested by jj11j1)\n|\n|t:|1776174097\n|move|p1b: Miraidon|Protect|p1b: Miraidon\n|-singleturn|p1b: Miraidon|Protect\n|move|p2b: Ho-Oh|Protect|p2b: Ho-Oh\n|-singleturn|p2b: Ho-Oh|Protect\n|move|p1a: Flutter Mane|Thunder Wave|p2b: Ho-Oh\n|-activate|p2b: Ho-Oh|move: Protect\n|move|p2a: Overqwil|Toxic Spikes|p1a: Flutter Mane\n|-sidestart|p1: Ziik|move: Toxic Spikes\n|\n|upkeep\n|turn|2\n|\n|t:|1776174111\n|switch|p2b: Ting-Lu|Ting-Lu, L50|100/100\n|-ability|p2b: Ting-Lu|Vessel of Ruin\n|move|p2a: Overqwil|Protect|p2a: Overqwil\n|-singleturn|p2a: Overqwil|Protect\n|move|p1a: Flutter Mane|Pain Split|p2b: Ting-Lu\n|-sethp|p2b: Ting-Lu|78/100|[from] move: Pain Split|[silent]\n|-sethp|p1a: Flutter Mane|100/100|[from] move: Pain Split\n|move|p1b: Miraidon|Electro Drift|p2b: Ting-Lu\n|-immune|p2b: Ting-Lu\n|\n|upkeep\n|turn|3\n|\n|t:|1776174135\n|switch|p2a: Ho-Oh|Ho-Oh, L50|100/100\n|move|p1a: Flutter Mane|Moonblast|p2b: Ting-Lu\n|-supereffective|p2b: Ting-Lu\n|-damage|p2b: Ting-Lu|21/100\n|move|p1b: Miraidon|Draco Meteor|p2b: Ting-Lu\n|-damage|p2b: Ting-Lu|0 fnt\n|-unboost|p1b: Miraidon|spa|2\n|faint|p2b: Ting-Lu\n|-damage|p1b: Miraidon|91/100|[from] item: Life Orb\n|\n|upkeep\n|\n|t:|1776174158\n|switch|p2b: Calyrex|Calyrex-Ice, L50|100/100\n|-ability|p2b: Calyrex|As One\n|-ability|p2b: Calyrex|Unnerve\n|turn|4\n|\n|t:|1776174173\n|-terastallize|p1b: Miraidon|Electric\n|move|p1a: Flutter Mane|Pain Split|p2b: Calyrex\n|-sethp|p2b: Calyrex|82/100|[from] move: Pain Split|[silent]\n|-sethp|p1a: Flutter Mane|100/100|[from] move: Pain Split\n|move|p1b: Miraidon|Electro Drift|p2b: Calyrex\n|-damage|p2b: Calyrex|28/100\n|-damage|p1b: Miraidon|82/100|[from] item: Life Orb\n|move|p2b: Calyrex|Glacial Lance|p1b: Miraidon|[spread] p1a,p1b\n|-enditem|p1a: Flutter Mane|Focus Sash\n|-damage|p1a: Flutter Mane|1/100\n|-damage|p1b: Miraidon|39/100\n|move|p2a: Ho-Oh|Whirlwind|p1b: Miraidon\n|drag|p1b: Ursaluna|Ursaluna, L50, F|100/100\n|-status|p1b: Ursaluna|psn\n|\n|-heal|p2b: Calyrex|33/100|[from] item: Leftovers\n|-damage|p1b: Ursaluna|88/100 psn|[from] psn\n|upkeep\n|turn|5\n|inactive|Ziik has 30 seconds left.\n|inactive|jj11j1 has 30 seconds left.\n|\n|t:|1776174207\n|move|p1b: Ursaluna|Protect|p1b: Ursaluna\n|-singleturn|p1b: Ursaluna|Protect\n|move|p2b: Calyrex|Protect|p2b: Calyrex\n|-singleturn|p2b: Calyrex|Protect\n|move|p1a: Flutter Mane|Thunder Wave|p2b: Calyrex\n|-activate|p2b: Calyrex|move: Protect\n|move|p2a: Ho-Oh|Life Dew||[still]|[spread] p2a,p2b\n|-fail|p2a: Ho-Oh|heal\n|-heal|p2b: Calyrex|58/100\n|\n|-heal|p2b: Calyrex|64/100|[from] item: Leftovers\n|-damage|p1b: Ursaluna|76/100 psn|[from] psn\n|-fieldend|move: Electric Terrain\n|upkeep\n|turn|6\n|\n|t:|1776174230\n|move|p1a: Flutter Mane|Pain Split|p2a: Ho-Oh\n|-sethp|p2a: Ho-Oh|51/100|[from] move: Pain Split|[silent]\n|-sethp|p1a: Flutter Mane|83/100|[from] move: Pain Split\n|move|p1b: Ursaluna|Facade|p2b: Calyrex\n|-damage|p2b: Calyrex|0 fnt\n|faint|p2b: Calyrex\n|move|p2a: Ho-Oh|Whirlwind|p1a: Flutter Mane\n|-end|p1a: Flutter Mane|Protosynthesis|[silent]\n|drag|p1a: Incineroar|Incineroar, L50, F|100/100\n|-status|p1a: Incineroar|psn\n|-ability|p1a: Incineroar|Intimidate|boost\n|-unboost|p2a: Ho-Oh|atk|1\n|\n|-damage|p1a: Incineroar|88/100 psn|[from] psn\n|-damage|p1b: Ursaluna|63/100 psn|[from] psn\n|upkeep\n|\n|t:|1776174244\n|switch|p2b: Overqwil|Overqwil, L50, M|100/100\n|-ability|p2b: Overqwil|Intimidate|boost\n|-unboost|p1a: Incineroar|atk|1\n|-unboost|p1b: Ursaluna|atk|1\n|turn|7\n|inactive|jj11j1 has 30 seconds left.\n|\n|t:|1776174279\n|move|p1a: Incineroar|Fake Out|p2b: Overqwil\n|-damage|p2b: Overqwil|94/100\n|cant|p2b: Overqwil|flinch\n|move|p1b: Ursaluna|Facade|p2a: Ho-Oh\n|-damage|p2a: Ho-Oh|0 fnt\n|-damage|p1b: Ursaluna|47/100 psn|[from] item: Rocky Helmet|[of] p2a: Ho-Oh\n|faint|p2a: Ho-Oh\n|\n|-heal|p2b: Overqwil|100/100|[from] item: Black Sludge\n|-damage|p1a: Incineroar|76/100 psn|[from] psn\n|-damage|p1b: Ursaluna|34/100 psn|[from] psn\n|upkeep\n|turn|8\n|\n|t:|1776174297\n|move|p2b: Overqwil|Toxic Spikes|p1b: Ursaluna\n|-sidestart|p1: Ziik|move: Toxic Spikes\n|move|p1a: Incineroar|U-turn|p2b: Overqwil\n|-damage|p2b: Overqwil|89/100\n|\n|t:|1776174303\n|switch|p1a: Miraidon|Miraidon, L50, tera:Electric|39/100|[from] U-turn\n|-status|p1a: Miraidon|tox\n|-fieldstart|move: Electric Terrain|[from] ability: Hadron Engine|[of] p1a: Miraidon\n|move|p1b: Ursaluna|Facade|p2b: Overqwil\n|-damage|p2b: Overqwil|8/100\n|\n|-heal|p2b: Overqwil|15/100|[from] item: Black Sludge\n|-damage|p1a: Miraidon|33/100 tox|[from] psn\n|-damage|p1b: Ursaluna|22/100 psn|[from] psn\n|upkeep\n|turn|9\n|\n|t:|1776174317\n|move|p2b: Overqwil|Protect|p2b: Overqwil\n|-singleturn|p2b: Overqwil|Protect\n|move|p1a: Miraidon|Electro Drift|p2b: Overqwil\n|-activate|p2b: Overqwil|move: Protect\n|move|p1b: Ursaluna|Facade|p2b: Overqwil\n|-activate|p2b: Overqwil|move: Protect\n|\n|-heal|p2b: Overqwil|21/100|[from] item: Black Sludge\n|-damage|p1a: Miraidon|21/100 tox|[from] psn\n|-damage|p1b: Ursaluna|10/100 psn|[from] psn\n|upkeep\n|turn|10\n|\n|t:|1776174332\n|move|p2b: Overqwil|Protect||[still]\n|-fail|p2b: Overqwil\n|move|p1a: Miraidon|Electro Drift|p2b: Overqwil\n|-damage|p2b: Overqwil|0 fnt\n|faint|p2b: Overqwil\n|-damage|p1a: Miraidon|11/100 tox|[from] item: Life Orb\n|\n|win|Ziik\n|raw|Ziik's rating: 1229 &rarr; <strong>1268</strong><br />(+39 for winning)\n|raw|jj11j1's rating: 1458 &rarr; <strong>1426</strong><br />(-32 for losing)\n|l|\u2606jj11j1\n|player|p2|\n","uploadtime":1776174341,"views":26,"formatid":"gen9vgc2026regi","rating":1268,"private":0,"password":null}