{"id":"gen9vgc2026regi-2576858954","format":"[Gen 9] VGC 2026 Reg I","players":["KantineVGC","TheAndUrgeTheUrge"],"log":"|j|\u2606KantineVGC\n|j|\u2606TheAndUrgeTheUrge\n|t:|1775511732\n|gametype|doubles\n|player|p1|KantineVGC|roughneck-gen4|1461\n|player|p2|TheAndUrgeTheUrge|169|1552\n|gen|9\n|tier|[Gen 9] VGC 2026 Reg I\n|rated|\n|rule|Species Clause: Limit one of each Pok\u00e9mon\n|rule|Item Clause: Limit 1 of each item\n|clearpoke\n|poke|p1|Iron Bundle, L50|\n|poke|p1|Farigiraf, L50, F|\n|poke|p1|Calyrex-Ice, L50|\n|poke|p1|Miraidon, L50|\n|poke|p1|Iron Hands, L50|\n|poke|p1|Annihilape, L50, F|\n|poke|p2|Miraidon, L50|\n|poke|p2|Zamazenta-*, L50|\n|poke|p2|Incineroar, L50, F|\n|poke|p2|Rillaboom, L50, M|\n|poke|p2|Chien-Pao, L50|\n|poke|p2|Flutter Mane, L50|\n|teampreview|4\n|j| pangolier\n|\n|t:|1775511765\n|teamsize|p1|4\n|teamsize|p2|4\n|start\n|switch|p1a: Annihilape|Annihilape, L50, F|100/100\n|switch|p1b: Calyrex|Calyrex-Ice, L50|100/100\n|switch|p2a: Zamazenta|Zamazenta-Crowned, L50, shiny|100/100\n|switch|p2b: Rillaboom|Rillaboom, L50, M, shiny|100/100\n|-ability|p1b: Calyrex|As One\n|-ability|p1b: Calyrex|Unnerve\n|-ability|p2a: Zamazenta|Dauntless Shield|boost\n|-boost|p2a: Zamazenta|def|1\n|-fieldstart|move: Grassy Terrain|[from] ability: Grassy Surge|[of] p2b: Rillaboom\n|turn|1\n|\n|t:|1775511785\n|-terastallize|p2a: Zamazenta|Ghost\n|move|p2b: Rillaboom|Fake Out|p1b: Calyrex\n|-damage|p1b: Calyrex|91/100\n|move|p1a: Annihilape|Coaching|p1b: Calyrex\n|-boost|p1b: Calyrex|atk|1\n|-boost|p1b: Calyrex|def|1\n|move|p2a: Zamazenta|Iron Defense|p2a: Zamazenta\n|-boost|p2a: Zamazenta|def|2\n|cant|p1b: Calyrex|flinch\n|\n|-heal|p1b: Calyrex|97/100|[from] Grassy Terrain\n|-heal|p1b: Calyrex|100/100|[from] item: Leftovers\n|upkeep\n|turn|2\n|\n|t:|1775511805\n|move|p1a: Annihilape|Coaching|p1b: Calyrex\n|-boost|p1b: Calyrex|atk|1\n|-boost|p1b: Calyrex|def|1\n|move|p2a: Zamazenta|Heavy Slam|p1a: Annihilape\n|-damage|p1a: Annihilape|54/100\n|move|p2b: Rillaboom|Wood Hammer|p1a: Annihilape\n|-damage|p1a: Annihilape|0 fnt\n|faint|p1a: Annihilape\n|-damage|p2b: Rillaboom|81/100|[from] Recoil\n|move|p1b: Calyrex|Leech Seed|p2a: Zamazenta\n|-start|p2a: Zamazenta|move: Leech Seed\n|\n|-heal|p2b: Rillaboom|87/100|[from] Grassy Terrain\n|-damage|p2a: Zamazenta|88/100|[from] Leech Seed|[of] p1b: Calyrex\n|upkeep\n|\n|t:|1775511818\n|switch|p1a: Miraidon|Miraidon, L50|100/100\n|-fieldstart|move: Electric Terrain|[from] ability: Hadron Engine|[of] p1a: Miraidon\n|turn|3\n|\n|t:|1775511827\n|switch|p2b: Incineroar|Incineroar, L50, F, shiny|100/100\n|-ability|p2b: Incineroar|Intimidate|boost\n|-unboost|p1a: Miraidon|atk|1\n|-unboost|p1b: Calyrex|atk|1\n|-terastallize|p1b: Calyrex|Fairy\n|move|p2a: Zamazenta|Protect|p2a: Zamazenta\n|-singleturn|p2a: Zamazenta|Protect\n|move|p1a: Miraidon|Electro Drift|p2a: Zamazenta\n|-activate|p2a: Zamazenta|move: Protect\n|move|p1b: Calyrex|Glacial Lance|p2b: Incineroar|[spread] p2b\n|-activate|p2a: Zamazenta|move: Protect\n|-resisted|p2b: Incineroar\n|-damage|p2b: Incineroar|66/100\n|\n|-damage|p2a: Zamazenta|76/100|[from] Leech Seed|[of] p1b: Calyrex\n|upkeep\n|turn|4\n|\n|t:|1775511852\n|move|p1a: Miraidon|Protect|p1a: Miraidon\n|-singleturn|p1a: Miraidon|Protect\n|move|p2a: Zamazenta|Body Press|p1a: Miraidon\n|-activate|p1a: Miraidon|move: Protect\n|move|p1b: Calyrex|Glacial Lance|p2a: Zamazenta|[spread] p2a,p2b\n|-resisted|p2b: Incineroar\n|-crit|p2b: Incineroar\n|-damage|p2a: Zamazenta|56/100\n|-damage|p2b: Incineroar|16/100\n|move|p2b: Incineroar|Parting Shot|p1a: Miraidon\n|-activate|p1a: Miraidon|move: Protect\n|\n|-damage|p2a: Zamazenta|43/100|[from] Leech Seed|[of] p1b: Calyrex\n|upkeep\n|turn|5\n|\n|t:|1775511871\n|switch|p2b: Rillaboom|Rillaboom, L50, M, shiny|87/100\n|-fieldstart|move: Grassy Terrain|[from] ability: Grassy Surge|[of] p2b: Rillaboom\n|move|p1a: Miraidon|Electro Drift|p2a: Zamazenta\n|-damage|p2a: Zamazenta|1/100\n|-damage|p1a: Miraidon|91/100|[from] item: Life Orb\n|move|p2a: Zamazenta|Body Press|p1a: Miraidon\n|-damage|p1a: Miraidon|0 fnt\n|faint|p1a: Miraidon\n|move|p1b: Calyrex|Glacial Lance|p2b: Rillaboom|[spread] p2a,p2b\n|-supereffective|p2b: Rillaboom\n|-damage|p2a: Zamazenta|0 fnt\n|-damage|p2b: Rillaboom|0 fnt\n|faint|p2a: Zamazenta\n|faint|p2b: Rillaboom\n|-ability|p1b: Calyrex|Chilling Neigh|boost\n|-boost|p1b: Calyrex|atk|2\n|\n|upkeep\n|\n|t:|1775511888\n|switch|p1a: Iron Hands|Iron Hands, L50|100/100\n|switch|p2a: Incineroar|Incineroar, L50, F, shiny|16/100\n|switch|p2b: Flutter Mane|Flutter Mane, L50|100/100\n|-ability|p2a: Incineroar|Intimidate|boost\n|-unboost|p1a: Iron Hands|atk|1\n|-unboost|p1b: Calyrex|atk|1\n|turn|6\n|-message|TheAndUrgeTheUrge forfeited.\n|\n|win|KantineVGC\n|raw|KantineVGC's rating: 1461 &rarr; <strong>1486</strong><br />(+25 for winning)\n|raw|TheAndUrgeTheUrge's rating: 1552 &rarr; <strong>1527</strong><br />(-25 for losing)\n|l|\u2606TheAndUrgeTheUrge\n|player|p2|\n","uploadtime":1775511898,"views":25,"formatid":"gen9vgc2026regi","rating":1486,"private":0,"password":null}