{"id":"gen9vgc2026regi-2550730590","format":"[Gen 9] VGC 2026 Reg I","players":["EllenJoe2026","rito buff zed"],"log":"|j|\u2606EllenJoe2026\n|j|\u2606rito buff zed\n|t:|1772524361\n|gametype|doubles\n|player|p1|EllenJoe2026|iono|1389\n|player|p2|rito buff zed|cynthia|1450\n|gen|9\n|tier|[Gen 9] VGC 2026 Reg I\n|rated|\n|rule|Species Clause: Limit one of each Pok\u00e9mon\n|rule|Item Clause: Limit 1 of each item\n|clearpoke\n|poke|p1|Rayquaza, L50|\n|poke|p1|Miraidon, L50|\n|poke|p1|Volcarona, L50, F|\n|poke|p1|Chien-Pao, L50|\n|poke|p1|Weezing-Galar, L50, F|\n|poke|p1|Urshifu-*, L50, F|\n|poke|p2|Calyrex-Shadow, L50|\n|poke|p2|Zamazenta-*, L50|\n|poke|p2|Incineroar, L50, F|\n|poke|p2|Rillaboom, L50, M|\n|poke|p2|Amoonguss, L50, M|\n|poke|p2|Urshifu-*, L50, M|\n|teampreview|4\n|inactive|Battle timer is ON: inactive players will automatically lose when time's up. (requested by rito buff zed)\n|inactive|EllenJoe2026 also wants the timer to be on.\n|inactive|EllenJoe2026 has 60 seconds left.\n|inactive|rito buff zed has 60 seconds left.\n|inactive|rito buff zed has 30 seconds left.\n|inactive|rito buff zed has 20 seconds left.\n|inactive|rito buff zed has 15 seconds left.\n|inactive|rito buff zed has 10 seconds left.\n|\n|t:|1772524444\n|teamsize|p1|4\n|teamsize|p2|4\n|start\n|switch|p1a: Urshifu|Urshifu-Rapid-Strike, L50, F|100/100\n|switch|p1b: Weezing|Weezing-Galar, L50, F, shiny|100/100\n|switch|p2a: Incineroar|Incineroar, L50, F|100/100\n|switch|p2b: Calyrex|Calyrex-Shadow, L50|100/100\n|-ability|p1b: Weezing|Neutralizing Gas\n|-ability|p2b: Calyrex|As One\n|-ability|p2b: Calyrex|Unnerve\n|turn|1\n|inactive|rito buff zed has 30 seconds left.\n|inactive|rito buff zed has 20 seconds left.\n|\n|t:|1772524481\n|-terastallize|p1a: Urshifu|Ghost\n|move|p2a: Incineroar|Fake Out|p1a: Urshifu\n|-immune|p1a: Urshifu\n|move|p1a: Urshifu|Surging Strikes|p2b: Calyrex\n|-crit|p2b: Calyrex\n|-damage|p2b: Calyrex|76/100\n|-crit|p2b: Calyrex\n|-damage|p2b: Calyrex|52/100\n|-crit|p2b: Calyrex\n|-damage|p2b: Calyrex|29/100\n|-hitcount|p2b: Calyrex|3\n|move|p2b: Calyrex|Psychic|p1b: Weezing\n|-supereffective|p1b: Weezing\n|-damage|p1b: Weezing|0 fnt\n|faint|p1b: Weezing\n|-end|p1b: Weezing|ability: Neutralizing Gas\n|-ability|p2a: Incineroar|Intimidate|boost\n|-unboost|p1a: Urshifu|atk|1\n|-ability|p2b: Calyrex|Grim Neigh|boost\n|-boost|p2b: Calyrex|spa|1\n|\n|upkeep\n|\n|t:|1772524504\n|switch|p1b: Rayquaza|Rayquaza, L50, shiny|100/100\n|-ability|p1b: Rayquaza|Air Lock\n|turn|2\n|inactive|rito buff zed has 30 seconds left.\n|inactive|rito buff zed has 20 seconds left.\n|inactive|rito buff zed has 15 seconds left.\n|\n|t:|1772524545\n|switch|p2b: Zamazenta|Zamazenta-Crowned, L50|100/100\n|-ability|p2b: Zamazenta|Dauntless Shield|boost\n|-boost|p2b: Zamazenta|def|1\n|move|p1a: Urshifu|Surging Strikes|p2a: Incineroar\n|-supereffective|p2a: Incineroar\n|-crit|p2a: Incineroar\n|-damage|p2a: Incineroar|68/100\n|-supereffective|p2a: Incineroar\n|-crit|p2a: Incineroar\n|-damage|p2a: Incineroar|34/100\n|-supereffective|p2a: Incineroar\n|-crit|p2a: Incineroar\n|-damage|p2a: Incineroar|0 fnt\n|faint|p2a: Incineroar\n|-hitcount|p2: Incineroar|3\n|move|p1b: Rayquaza|Swords Dance|p1b: Rayquaza\n|-boost|p1b: Rayquaza|atk|2\n|\n|upkeep\n|\n|t:|1772524561\n|switch|p2a: Rillaboom|Rillaboom, L50, M|100/100\n|-fieldstart|move: Grassy Terrain|[from] ability: Grassy Surge|[of] p2a: Rillaboom\n|turn|3\n|inactive|rito buff zed has 30 seconds left.\n|\n|t:|1772524596\n|move|p1b: Rayquaza|Extreme Speed|p2a: Rillaboom\n|-damage|p2a: Rillaboom|32/100\n|move|p1a: Urshifu|Surging Strikes|p2b: Zamazenta\n|-crit|p2b: Zamazenta\n|-damage|p2b: Zamazenta|88/100\n|-crit|p2b: Zamazenta\n|-damage|p2b: Zamazenta|75/100\n|-crit|p2b: Zamazenta\n|-damage|p2b: Zamazenta|63/100\n|-hitcount|p2b: Zamazenta|3\n|move|p2b: Zamazenta|Heavy Slam|p1a: Urshifu\n|-damage|p1a: Urshifu|54/100\n|move|p2a: Rillaboom|Wood Hammer|p1a: Urshifu\n|-damage|p1a: Urshifu|0 fnt\n|faint|p1a: Urshifu\n|-damage|p2a: Rillaboom|16/100|[from] Recoil\n|\n|-heal|p2b: Zamazenta|69/100|[from] Grassy Terrain\n|-heal|p2a: Rillaboom|22/100|[from] Grassy Terrain\n|upkeep\n|\n|t:|1772524611\n|switch|p1a: Miraidon|Miraidon, L50, shiny|100/100\n|-fieldstart|move: Electric Terrain|[from] ability: Hadron Engine|[of] p1a: Miraidon\n|turn|4\n|inactive|rito buff zed has 30 seconds left.\n|inactive|rito buff zed has 20 seconds left.\n|inactive|rito buff zed has 15 seconds left.\n|inactive|rito buff zed has 10 seconds left.\n|\n|t:|1772524661\n|-terastallize|p2b: Zamazenta|Dragon\n|move|p1b: Rayquaza|Extreme Speed|p2a: Rillaboom\n|-damage|p2a: Rillaboom|0 fnt\n|faint|p2a: Rillaboom\n|move|p1a: Miraidon|Electro Drift|p2b: Zamazenta\n|-resisted|p2b: Zamazenta\n|-damage|p2b: Zamazenta|25/100\n|move|p2b: Zamazenta|Body Press|p1a: Miraidon\n|-damage|p1a: Miraidon|32/100\n|\n|upkeep\n|\n|t:|1772524671\n|switch|p2a: Calyrex|Calyrex-Shadow, L50|29/100\n|-ability|p2a: Calyrex|As One\n|-ability|p2a: Calyrex|Unnerve\n|turn|5\n|inactive|rito buff zed has 30 seconds left.\n|\n|t:|1772524703\n|move|p2a: Calyrex|Protect|p2a: Calyrex\n|-singleturn|p2a: Calyrex|Protect\n|move|p2b: Zamazenta|Protect|p2b: Zamazenta\n|-singleturn|p2b: Zamazenta|Protect\n|move|p1a: Miraidon|Electro Drift|p2b: Zamazenta\n|-activate|p2b: Zamazenta|move: Protect\n|move|p1b: Rayquaza|Dragon Ascent|p2a: Calyrex\n|-activate|p2a: Calyrex|move: Protect\n|\n|upkeep\n|turn|6\n|\n|t:|1772524723\n|move|p2a: Calyrex|Astral Barrage|p1a: Miraidon|[spread] p1a,p1b\n|-damage|p1a: Miraidon|0 fnt\n|-damage|p1b: Rayquaza|50/100\n|faint|p1a: Miraidon\n|-ability|p2a: Calyrex|Grim Neigh|boost\n|-boost|p2a: Calyrex|spa|1\n|move|p2b: Zamazenta|Heavy Slam|p1b: Rayquaza\n|-damage|p1b: Rayquaza|18/100\n|move|p1b: Rayquaza|Dragon Ascent|p2a: Calyrex\n|-damage|p2a: Calyrex|0 fnt\n|-unboost|p1b: Rayquaza|def|1\n|-unboost|p1b: Rayquaza|spd|1\n|faint|p2a: Calyrex\n|\n|upkeep\n|turn|7\n|\n|t:|1772524743\n|move|p1b: Rayquaza|Extreme Speed|p2b: Zamazenta\n|-damage|p2b: Zamazenta|0 fnt\n|faint|p2b: Zamazenta\n|\n|win|EllenJoe2026\n|raw|EllenJoe2026's rating: 1389 &rarr; <strong>1412</strong><br />(+23 for winning)\n|raw|rito buff zed's rating: 1450 &rarr; <strong>1427</strong><br />(-23 for losing)\n|l|\u2606EllenJoe2026\n|player|p1|\n","uploadtime":1772524971,"views":11,"formatid":"gen9vgc2026regi","rating":1412,"private":0,"password":null}