{"id":"gen9vgc2026regi-2548502599","format":"[Gen 9] VGC 2026 Reg I","players":["nima72011","partigiano jonny"],"log":"|j|\u2606nima72011\n|j|\u2606partigiano jonny\n|t:|1772221207\n|gametype|doubles\n|player|p1|nima72011|ghetsis-gen5bw|1317\n|player|p2|partigiano jonny|volkner|1424\n|gen|9\n|tier|[Gen 9] VGC 2026 Reg I\n|rated|\n|rule|Species Clause: Limit one of each Pok\u00e9mon\n|rule|Item Clause: Limit 1 of each item\n|clearpoke\n|poke|p1|Koraidon, L50|\n|poke|p1|Whimsicott, L50, M|\n|poke|p1|Gholdengo, L50|\n|poke|p1|Flutter Mane, L50|\n|poke|p1|Ho-Oh, L50|\n|poke|p1|Regidrago, L50|\n|poke|p2|Terapagos, L50, M|\n|poke|p2|Miraidon, L50|\n|poke|p2|Incineroar, L50, M|\n|poke|p2|Iron Treads, L50|\n|poke|p2|Sinistcha, L50|\n|poke|p2|Urshifu-*, L50, M|\n|teampreview|4\n|inactive|Battle timer is ON: inactive players will automatically lose when time's up. (requested by nima72011)\n|inactive|partigiano jonny has 60 seconds left.\n|\n|t:|1772221252\n|teamsize|p1|4\n|teamsize|p2|4\n|start\n|switch|p1a: Whimsicott|Whimsicott, L50, M|100/100\n|switch|p1b: Regidrago|Regidrago, L50|100/100\n|switch|p2a: Terapagos|Terapagos, L50, M|100/100\n|switch|p2b: Miraidon|Miraidon, L50|100/100\n|-activate|p2a: Terapagos|ability: Tera Shift\n|detailschange|p2a: Terapagos|Terapagos-Terastal, L50, M\n|-heal|p2a: Terapagos|100/100|[silent]\n|-fieldstart|move: Electric Terrain|[from] ability: Hadron Engine|[of] p2b: Miraidon\n|-enditem|p2a: Terapagos|Electric Seed\n|-boost|p2a: Terapagos|def|1|[from] item: Electric Seed\n|turn|1\n|inactive|partigiano jonny has 30 seconds left.\n|inactive|partigiano jonny has 20 seconds left.\n|inactive|partigiano jonny has 15 seconds left.\n|\n|t:|1772221293\n|-terastallize|p2b: Miraidon|Electric\n|-terastallize|p1b: Regidrago|Dragon\n|move|p1a: Whimsicott|Tailwind|p1a: Whimsicott\n|-sidestart|p1: nima72011|move: Tailwind\n|move|p1b: Regidrago|Dragon Energy|p2b: Miraidon|[spread] p2a,p2b\n|-activate|p2a: Terapagos|ability: Tera Shell\n|-resisted|p2a: Terapagos\n|-damage|p2a: Terapagos|46/100\n|-damage|p2b: Miraidon|28/100\n|move|p2b: Miraidon|Snarl|p1a: Whimsicott|[spread] p1a,p1b\n|-resisted|p1a: Whimsicott\n|-crit|p1b: Regidrago\n|-damage|p1a: Whimsicott|92/100\n|-damage|p1b: Regidrago|65/100\n|-unboost|p1b: Regidrago|spa|1\n|move|p2a: Terapagos|Tera Starstorm|p1a: Whimsicott\n|-damage|p1a: Whimsicott|39/100\n|\n|upkeep\n|turn|2\n|inactive|nima72011 has 30 seconds left.\n|\n|t:|1772221321\n|switch|p1b: Koraidon|Koraidon, L50|100/100\n|-weather|SunnyDay|[from] ability: Orichalcum Pulse|[of] p1b: Koraidon\n|-activate|p1b: Koraidon|Orichalcum Pulse|[source]\n|switch|p2b: Sinistcha|Sinistcha, L50|100/100\n|-heal|p2a: Terapagos|71/100|[from] ability: Hospitality|[of] p2b: Sinistcha\n|move|p1a: Whimsicott|Moonblast|p2b: Sinistcha\n|-damage|p2b: Sinistcha|73/100\n|move|p2a: Terapagos|Tera Starstorm|p1b: Koraidon\n|-damage|p1b: Koraidon|42/100\n|\n|-weather|SunnyDay|[upkeep]\n|upkeep\n|turn|3\n|inactive|nima72011 has 30 seconds left.\n|inactive|partigiano jonny has 30 seconds left.\n|inactive|nima72011 has 20 seconds left.\n|\n|t:|1772221357\n|move|p2b: Sinistcha|Rage Powder|p2b: Sinistcha\n|-singleturn|p2b: Sinistcha|move: Rage Powder\n|move|p1b: Koraidon|Flare Blitz|p2b: Sinistcha\n|-supereffective|p2b: Sinistcha\n|-damage|p2b: Sinistcha|0 fnt\n|faint|p2b: Sinistcha\n|-damage|p1b: Koraidon|18/100|[from] Recoil\n|-damage|p1b: Koraidon|8/100|[from] item: Life Orb\n|move|p1a: Whimsicott|Moonblast|p2a: Terapagos\n|-damage|p2a: Terapagos|49/100\n|move|p2a: Terapagos|Tera Starstorm|p1a: Whimsicott\n|-damage|p1a: Whimsicott|0 fnt\n|faint|p1a: Whimsicott\n|\n|-weather|SunnyDay|[upkeep]\n|upkeep\n|\n|t:|1772221375\n|switch|p1a: Regidrago|Regidrago, L50, tera:Dragon|65/100\n|switch|p2b: Iron Treads|Iron Treads, L50|100/100\n|-activate|p2b: Iron Treads|ability: Quark Drive\n|-start|p2b: Iron Treads|quarkdrivespe\n|turn|4\n|\n|t:|1772221396\n|move|p2b: Iron Treads|Protect|p2b: Iron Treads\n|-singleturn|p2b: Iron Treads|Protect\n|move|p2a: Terapagos|Protect|p2a: Terapagos\n|-singleturn|p2a: Terapagos|Protect\n|move|p1b: Koraidon|Close Combat|p2b: Iron Treads\n|-activate|p2b: Iron Treads|move: Protect\n|move|p1a: Regidrago|Draco Meteor|p2a: Terapagos\n|-activate|p2a: Terapagos|move: Protect\n|\n|-weather|SunnyDay|[upkeep]\n|-sideend|p1: nima72011|move: Tailwind\n|upkeep\n|turn|5\n|inactive|partigiano jonny has 30 seconds left.\n|inactive|partigiano jonny has 20 seconds left.\n|\n|t:|1772221432\n|move|p1b: Koraidon|Protect|p1b: Koraidon\n|-singleturn|p1b: Koraidon|Protect\n|move|p1a: Regidrago|Protect|p1a: Regidrago\n|-singleturn|p1a: Regidrago|Protect\n|move|p2b: Iron Treads|Steel Roller|p1b: Koraidon\n|-activate|p1b: Koraidon|move: Protect\n|move|p2a: Terapagos|Tera Starstorm|p1a: Regidrago\n|-activate|p1a: Regidrago|move: Protect\n|\n|-weather|SunnyDay|[upkeep]\n|-fieldend|move: Electric Terrain\n|-end|p2b: Iron Treads|Quark Drive\n|upkeep\n|turn|6\n|\n|t:|1772221456\n|switch|p1a: Flutter Mane|Flutter Mane, L50|100/100\n|-activate|p1a: Flutter Mane|ability: Protosynthesis\n|-start|p1a: Flutter Mane|protosynthesisspa\n|switch|p2a: Miraidon|Miraidon, L50, tera:Electric|28/100\n|-fieldstart|move: Electric Terrain|[from] ability: Hadron Engine|[of] p2a: Miraidon\n|-activate|p2b: Iron Treads|ability: Quark Drive\n|-start|p2b: Iron Treads|quarkdrivespe\n|move|p2b: Iron Treads|High Horsepower|p1b: Koraidon\n|-damage|p1b: Koraidon|0 fnt\n|faint|p1b: Koraidon\n|-damage|p2b: Iron Treads|91/100|[from] item: Life Orb\n|\n|-weather|none\n|-end|p1a: Flutter Mane|Protosynthesis\n|upkeep\n|\n|t:|1772221467\n|switch|p1b: Regidrago|Regidrago, L50, tera:Dragon|65/100\n|turn|7\n|inactive|partigiano jonny has 30 seconds left.\n|inactive|partigiano jonny has 20 seconds left.\n|\n|t:|1772221504\n|move|p2b: Iron Treads|Steel Roller|p1b: Regidrago\n|-damage|p1b: Regidrago|0 fnt\n|-fieldend|move: Electric Terrain\n|-end|p2b: Iron Treads|Quark Drive\n|faint|p1b: Regidrago\n|-damage|p2b: Iron Treads|82/100|[from] item: Life Orb\n|move|p2a: Miraidon|Electro Drift|p1a: Flutter Mane\n|-damage|p1a: Flutter Mane|33/100\n|move|p1a: Flutter Mane|Mystical Fire|p2b: Iron Treads\n|-supereffective|p2b: Iron Treads\n|-damage|p2b: Iron Treads|3/100\n|-unboost|p2b: Iron Treads|spa|1\n|\n|upkeep\n|turn|8\n|\n|t:|1772221522\n|switch|p2a: Terapagos|Terapagos-Terastal, L50, M|49/100\n|move|p2b: Iron Treads|Protect|p2b: Iron Treads\n|-singleturn|p2b: Iron Treads|Protect\n|move|p1a: Flutter Mane|Mystical Fire|p2a: Terapagos\n|-damage|p2a: Terapagos|24/100\n|-unboost|p2a: Terapagos|spa|1\n|\n|upkeep\n|turn|9\n|\n|t:|1772221535\n|switch|p2a: Miraidon|Miraidon, L50, tera:Electric|28/100\n|-fieldstart|move: Electric Terrain|[from] ability: Hadron Engine|[of] p2a: Miraidon\n|-activate|p2b: Iron Treads|ability: Quark Drive\n|-start|p2b: Iron Treads|quarkdrivespe\n|move|p2b: Iron Treads|Steel Roller|p1a: Flutter Mane\n|-supereffective|p1a: Flutter Mane\n|-damage|p1a: Flutter Mane|0 fnt\n|-fieldend|move: Electric Terrain\n|-end|p2b: Iron Treads|Quark Drive\n|faint|p1a: Flutter Mane\n|-end|p1a: Flutter Mane|Protosynthesis|[silent]\n|-damage|p2b: Iron Treads|0 fnt|[from] item: Life Orb\n|faint|p2b: Iron Treads\n|-end|p2b: Iron Treads|Quark Drive|[silent]\n|\n|win|partigiano jonny\n|raw|nima72011's rating: 1317 &rarr; <strong>1303</strong><br />(-14 for losing)\n|raw|partigiano jonny's rating: 1424 &rarr; <strong>1438</strong><br />(+14 for winning)\n|l|\u2606partigiano jonny\n|player|p2|\n|l|\u2606nima72011\n|player|p1|\n","uploadtime":1772221535,"views":18,"formatid":"gen9vgc2026regi","rating":1303,"private":0,"password":null}