{"id":"gen9vgc2026regi-2515226547","format":"[Gen 9] VGC 2026 Reg I","players":["ninjafrog666","dasabe\u76d6\u6b27\u5361\u4fa0"],"log":"|j|\u2606ninjafrog666\n|j|\u2606dasabe\u76d6\u6b27\u5361\u4fa0\n|t:|1767970219\n|gametype|doubles\n|player|p1|ninjafrog666|102|1295\n|player|p2|dasabe\u76d6\u6b27\u5361\u4fa0|may-masters4|1391\n|gen|9\n|tier|[Gen 9] VGC 2026 Reg I\n|rated|\n|rule|Species Clause: Limit one of each Pok\u00e9mon\n|rule|Item Clause: Limit 1 of each item\n|clearpoke\n|poke|p1|Calyrex-Ice, L50|\n|poke|p1|Incineroar, L50, F|\n|poke|p1|Urshifu-*, L50, M|\n|poke|p1|Whimsicott, L50, F|\n|poke|p1|Miraidon, L50|\n|poke|p1|Gholdengo, L50|\n|poke|p2|Kyogre, L50|\n|poke|p2|Miraidon, L50|\n|poke|p2|Whimsicott, L50, F|\n|poke|p2|Iron Hands, L50|\n|poke|p2|Farigiraf, L50, F|\n|poke|p2|Urshifu-*, L50, M|\n|teampreview|4\n|j| sxosa wyd!\n|l| sxosa wyd!\n|\n|t:|1767970272\n|teamsize|p1|4\n|teamsize|p2|4\n|start\n|switch|p1a: Whimsicott|Whimsicott, L50, F|100/100\n|switch|p1b: Miraidon|Miraidon, L50|100/100\n|switch|p2a: \u5996\u820d\u7cbe\u62c9|Whimsicott, L50, F, shiny|100/100\n|switch|p2b: \u6210\u90fd\u8001\u76d6|Kyogre, L50, shiny|100/100\n|-fieldstart|move: Electric Terrain|[from] ability: Hadron Engine|[of] p1b: Miraidon\n|-weather|RainDance|[from] ability: Drizzle|[of] p2b: \u6210\u90fd\u8001\u76d6\n|turn|1\n|inactive|Battle timer is ON: inactive players will automatically lose when time's up. (requested by ninjafrog666)\n|\n|t:|1767970294\n|switch|p2b: \u94f6\u91d1\u5996\u86c7|Miraidon, L50, shiny|100/100\n|-activate|p2b: \u94f6\u91d1\u5996\u86c7|ability: Hadron Engine\n|move|p1b: Miraidon|Volt Switch|p2b: \u94f6\u91d1\u5996\u86c7\n|-resisted|p2b: \u94f6\u91d1\u5996\u86c7\n|-damage|p2b: \u94f6\u91d1\u5996\u86c7|85/100\n|\n|t:|1767970307\n|switch|p1b: Calyrex|Calyrex-Ice, L50|100/100|[from] Volt Switch\n|-ability|p1b: Calyrex|As One\n|-ability|p1b: Calyrex|Unnerve\n|move|p2a: \u5996\u820d\u7cbe\u62c9|Moonblast|p1b: Calyrex\n|-damage|p1b: Calyrex|75/100\n|move|p1a: Whimsicott|Trick Room|p1a: Whimsicott\n|-fieldstart|move: Trick Room|[of] p1a: Whimsicott\n|\n|-weather|RainDance|[upkeep]\n|upkeep\n|turn|2\n|inactive|ninjafrog666 has 30 seconds left.\n|\n|t:|1767970332\n|switch|p1a: Incineroar|Incineroar, L50, F|100/100\n|-ability|p1a: Incineroar|Intimidate|boost\n|-unboost|p2a: \u5996\u820d\u7cbe\u62c9|atk|1\n|-unboost|p2b: \u94f6\u91d1\u5996\u86c7|atk|1\n|-terastallize|p2b: \u94f6\u91d1\u5996\u86c7|Fairy\n|move|p2a: \u5996\u820d\u7cbe\u62c9|Encore|p1a: Incineroar\n|-hint|Since gen 7, Dark is immune to Prankster moves.\n|-immune|p1a: Incineroar\n|move|p1b: Calyrex|Glacial Lance|p2b: \u94f6\u91d1\u5996\u86c7|[spread] p2a,p2b\n|-supereffective|p2a: \u5996\u820d\u7cbe\u62c9\n|-enditem|p2a: \u5996\u820d\u7cbe\u62c9|Focus Sash\n|-damage|p2a: \u5996\u820d\u7cbe\u62c9|1/100\n|-damage|p2b: \u94f6\u91d1\u5996\u86c7|30/100\n|move|p2b: \u94f6\u91d1\u5996\u86c7|Electro Drift|p1b: Calyrex\n|-damage|p1b: Calyrex|0 fnt\n|faint|p1b: Calyrex\n|-damage|p2b: \u94f6\u91d1\u5996\u86c7|20/100|[from] item: Life Orb\n|\n|-weather|RainDance|[upkeep]\n|upkeep\n|\n|t:|1767970349\n|switch|p1b: Whimsicott|Whimsicott, L50, F|100/100\n|turn|3\n|\n|t:|1767970364\n|switch|p2b: \u5c0f\u5934\u63a7\u5927\u5934|Farigiraf, L50, F, shiny|100/100\n|-enditem|p2b: \u5c0f\u5934\u63a7\u5927\u5934|Electric Seed\n|-boost|p2b: \u5c0f\u5934\u63a7\u5927\u5934|def|1|[from] item: Electric Seed\n|move|p1a: Incineroar|Fake Out||[still]\n|cant|p2b: \u5c0f\u5934\u63a7\u5927\u5934|ability: Armor Tail|Fake Out|[of] p1a: Incineroar\n|move|p1b: Whimsicott|Moonblast|p2b: \u5c0f\u5934\u63a7\u5927\u5934\n|-damage|p2b: \u5c0f\u5934\u63a7\u5927\u5934|68/100\n|move|p2a: \u5996\u820d\u7cbe\u62c9|Endeavor|p1b: Whimsicott\n|-damage|p1b: Whimsicott|1/100\n|\n|-weather|RainDance|[upkeep]\n|upkeep\n|turn|4\n|inactive|ninjafrog666 has 30 seconds left.\n|\n|t:|1767970398\n|switch|p1a: Miraidon|Miraidon, L50|100/100\n|-activate|p1a: Miraidon|ability: Hadron Engine\n|move|p2b: \u5c0f\u5934\u63a7\u5927\u5934|Psychic|p1b: Whimsicott\n|-damage|p1b: Whimsicott|0 fnt\n|faint|p1b: Whimsicott\n|move|p2a: \u5996\u820d\u7cbe\u62c9|Endeavor|p1a: Miraidon\n|-damage|p1a: Miraidon|1/100\n|\n|-weather|RainDance|[upkeep]\n|upkeep\n|\n|t:|1767970401\n|switch|p1b: Incineroar|Incineroar, L50, F|100/100\n|-ability|p1b: Incineroar|Intimidate|boost\n|-unboost|p2a: \u5996\u820d\u7cbe\u62c9|atk|1\n|-unboost|p2b: \u5c0f\u5934\u63a7\u5927\u5934|atk|1\n|turn|5\n|\n|t:|1767970415\n|move|p1b: Incineroar|Knock Off|p2a: \u5996\u820d\u7cbe\u62c9\n|-resisted|p2a: \u5996\u820d\u7cbe\u62c9\n|-crit|p2a: \u5996\u820d\u7cbe\u62c9\n|-damage|p2a: \u5996\u820d\u7cbe\u62c9|0 fnt\n|faint|p2a: \u5996\u820d\u7cbe\u62c9\n|move|p2b: \u5c0f\u5934\u63a7\u5927\u5934|Psychic|p1a: Miraidon\n|-damage|p1a: Miraidon|0 fnt\n|faint|p1a: Miraidon\n|\n|-weather|none\n|-fieldend|move: Trick Room\n|-fieldend|move: Electric Terrain\n|upkeep\n|\n|t:|1767970422\n|switch|p2a: \u6210\u90fd\u8001\u76d6|Kyogre, L50, shiny|100/100\n|-weather|RainDance|[from] ability: Drizzle|[of] p2a: \u6210\u90fd\u8001\u76d6\n|turn|6\n|-message|ninjafrog666 forfeited.\n|\n|win|dasabe\u76d6\u6b27\u5361\u4fa0\n|raw|ninjafrog666's rating: 1295 &rarr; <strong>1277</strong><br />(-18 for losing)\n|raw|dasabe\u76d6\u6b27\u5361\u4fa0's rating: 1391 &rarr; <strong>1406</strong><br />(+15 for winning)\n|l|\u2606ninjafrog666\n|player|p1|\n|l|\u2606dasabe\u76d6\u6b27\u5361\u4fa0\n|player|p2|\n","uploadtime":1767970606,"views":11,"formatid":"gen9vgc2026regi","rating":1277,"private":0,"password":null}