{"id":"gen9vgc2026regi-2559052324","format":"[Gen 9] VGC 2026 Reg I","players":["itastelikeiron","spammooseubi"],"log":"|j|\u2606itastelikeiron\n|j|\u2606spammooseubi\n|t:|1773515737\n|gametype|doubles\n|player|p1|itastelikeiron|266|1041\n|player|p2|spammooseubi|clerk|1045\n|gen|9\n|tier|[Gen 9] VGC 2026 Reg I\n|rated|\n|rule|Species Clause: Limit one of each Pok\u00e9mon\n|rule|Item Clause: Limit 1 of each item\n|clearpoke\n|poke|p1|Tsareena, L50, F|\n|poke|p1|Kyogre, L50|\n|poke|p1|Grimmsnarl, L50, M|\n|poke|p1|Tornadus, L50, M|\n|poke|p1|Incineroar, L50, M|\n|poke|p1|Zacian-*, L50|\n|poke|p2|Groudon, L50|\n|poke|p2|Miraidon, L50|\n|poke|p2|Volcarona, L50, F|\n|poke|p2|Oricorio-Sensu, L50, F|\n|poke|p2|Lilligant, L50, F|\n|poke|p2|Shiftry, L50, M|\n|teampreview|4\n|\n|t:|1773515761\n|teamsize|p1|4\n|teamsize|p2|4\n|start\n|switch|p1a: Incineroar|Incineroar, L50, M|100/100\n|switch|p1b: Zacian|Zacian-Crowned, L50|100/100\n|switch|p2a: Groudon|Groudon, L50|100/100\n|switch|p2b: Shiftry|Shiftry, L50, M|100/100\n|-ability|p1b: Zacian|Intrepid Sword|boost\n|-boost|p1b: Zacian|atk|1\n|-weather|SunnyDay|[from] ability: Drought|[of] p2a: Groudon\n|-ability|p1a: Incineroar|Intimidate|boost\n|-unboost|p2a: Groudon|atk|1\n|-unboost|p2b: Shiftry|atk|1\n|turn|1\n|\n|t:|1773515778\n|move|p2b: Shiftry|Fake Out|p1a: Incineroar\n|-damage|p1a: Incineroar|89/100\n|-damage|p2b: Shiftry|91/100|[from] item: Life Orb\n|cant|p1a: Incineroar|flinch\n|move|p1b: Zacian|Behemoth Blade|p2b: Shiftry\n|-damage|p2b: Shiftry|0 fnt\n|faint|p2b: Shiftry\n|move|p2a: Groudon|Precipice Blades|p1a: Incineroar|[spread] p1a,p1b\n|-supereffective|p1a: Incineroar\n|-supereffective|p1b: Zacian\n|-damage|p1a: Incineroar|35/100\n|-damage|p1b: Zacian|57/100\n|\n|-weather|SunnyDay|[upkeep]\n|upkeep\n|\n|t:|1773515795\n|switch|p2b: Lilligant|Lilligant, L50, F|100/100\n|turn|2\n|\n|t:|1773515813\n|-terastallize|p2a: Groudon|Fire\n|move|p1b: Zacian|Protect|p1b: Zacian\n|-singleturn|p1b: Zacian|Protect\n|move|p2b: Lilligant|Sleep Powder|p1a: Incineroar\n|-status|p1a: Incineroar|slp|[from] move: Sleep Powder\n|move|p2a: Groudon|Eruption|p1b: Zacian|[spread] p1a\n|-activate|p1b: Zacian|move: Protect\n|-resisted|p1a: Incineroar\n|-damage|p1a: Incineroar|19/100 slp\n|cant|p1a: Incineroar|slp\n|\n|-weather|SunnyDay|[upkeep]\n|upkeep\n|turn|3\n|\n|t:|1773515831\n|switch|p1a: Kyogre|Kyogre, L50|100/100\n|-weather|RainDance|[from] ability: Drizzle|[of] p1a: Kyogre\n|move|p1b: Zacian|Behemoth Blade|p2b: Lilligant\n|-damage|p2b: Lilligant|7/100\n|move|p2b: Lilligant|Sleep Powder|p1a: Kyogre\n|-status|p1a: Kyogre|slp|[from] move: Sleep Powder\n|move|p2a: Groudon|Precipice Blades|p1a: Kyogre|[spread] p1a,p1b\n|-supereffective|p1b: Zacian\n|-damage|p1a: Kyogre|71/100 slp\n|-damage|p1b: Zacian|8/100\n|\n|-weather|RainDance|[upkeep]\n|upkeep\n|turn|4\n|\n|t:|1773515857\n|move|p2b: Lilligant|Protect|p2b: Lilligant\n|-singleturn|p2b: Lilligant|Protect\n|cant|p1a: Kyogre|slp\n|move|p1b: Zacian|Behemoth Blade|p2b: Lilligant\n|-activate|p2b: Lilligant|move: Protect\n|move|p2a: Groudon|Thunderbolt|p1a: Kyogre\n|-supereffective|p1a: Kyogre\n|-damage|p1a: Kyogre|29/100 slp\n|\n|-weather|RainDance|[upkeep]\n|upkeep\n|turn|5\n|\n|t:|1773515881\n|switch|p2a: Miraidon|Miraidon, L50|100/100\n|-fieldstart|move: Electric Terrain|[from] ability: Hadron Engine|[of] p2a: Miraidon\n|-curestatus|p1a: Kyogre|slp|[msg]\n|move|p1a: Kyogre|Water Spout|p2a: Miraidon|[spread] p2a,p2b\n|-resisted|p2a: Miraidon\n|-resisted|p2b: Lilligant\n|-damage|p2a: Miraidon|87/100\n|-damage|p2b: Lilligant|0 fnt\n|faint|p2b: Lilligant\n|move|p1b: Zacian|Behemoth Blade|p2a: Miraidon\n|-resisted|p2a: Miraidon\n|-damage|p2a: Miraidon|44/100\n|\n|-weather|RainDance|[upkeep]\n|upkeep\n|\n|t:|1773515896\n|switch|p2b: Groudon|Groudon, L50, tera:Fire|100/100\n|-weather|SunnyDay|[from] ability: Drought|[of] p2b: Groudon\n|turn|6\n|\n|t:|1773515907\n|switch|p1a: Incineroar|Incineroar, L50, M|19/100 slp\n|-ability|p1a: Incineroar|Intimidate|boost\n|-unboost|p2a: Miraidon|atk|1\n|-unboost|p2b: Groudon|atk|1\n|move|p1b: Zacian|Protect|p1b: Zacian\n|-singleturn|p1b: Zacian|Protect\n|move|p2a: Miraidon|Solar Beam||[still]\n|-prepare|p2a: Miraidon|Solar Beam\n|-anim|p2a: Miraidon|Solar Beam|p1a: Incineroar\n|-resisted|p1a: Incineroar\n|-damage|p1a: Incineroar|0 fnt\n|faint|p1a: Incineroar\n|move|p2b: Groudon|Flamethrower|p1b: Zacian\n|-activate|p1b: Zacian|move: Protect\n|\n|-weather|SunnyDay|[upkeep]\n|upkeep\n|\n|t:|1773515926\n|switch|p1a: Tornadus|Tornadus, L50, M|100/100\n|turn|7\n|\n|t:|1773515933\n|move|p1a: Tornadus|Tailwind|p1a: Tornadus\n|-sidestart|p1: itastelikeiron|move: Tailwind\n|move|p1b: Zacian|Sacred Sword|p2a: Miraidon\n|-damage|p2a: Miraidon|0 fnt\n|faint|p2a: Miraidon\n|move|p2b: Groudon|Thunderbolt|p1a: Tornadus\n|-supereffective|p1a: Tornadus\n|-damage|p1a: Tornadus|11/100\n|\n|-weather|SunnyDay|[upkeep]\n|upkeep\n|turn|8\n|\n|t:|1773515949\n|move|p1a: Tornadus|Protect|p1a: Tornadus\n|-singleturn|p1a: Tornadus|Protect\n|move|p1b: Zacian|Sacred Sword|p2b: Groudon\n|-damage|p2b: Groudon|71/100\n|move|p2b: Groudon|Eruption|p1b: Zacian|[spread] p1b\n|-activate|p1a: Tornadus|move: Protect\n|-supereffective|p1b: Zacian\n|-damage|p1b: Zacian|0 fnt\n|faint|p1b: Zacian\n|\n|-weather|SunnyDay|[upkeep]\n|upkeep\n|\n|t:|1773515955\n|switch|p1b: Kyogre|Kyogre, L50|29/100\n|-weather|RainDance|[from] ability: Drizzle|[of] p1b: Kyogre\n|turn|9\n|\n|t:|1773515968\n|-terastallize|p1b: Kyogre|Water\n|move|p1b: Kyogre|Tera Blast|p2b: Groudon|[anim] Tera Blast Water\n|-supereffective|p2b: Groudon\n|-crit|p2b: Groudon\n|-damage|p2b: Groudon|0 fnt\n|faint|p2b: Groudon\n|\n|win|itastelikeiron\n|raw|itastelikeiron's rating: 1041 &rarr; <strong>1075</strong><br />(+34 for winning)\n|raw|spammooseubi's rating: 1045 &rarr; <strong>1028</strong><br />(-17 for losing)\n|l|\u2606spammooseubi\n|player|p2|\n","uploadtime":1773515976,"views":14,"formatid":"gen9vgc2026regi","rating":1028,"private":0,"password":null}