{"id":"gen9vgc2026regi-2515500402","format":"[Gen 9] VGC 2026 Reg I","players":["Rillabossman","paradox franco"],"log":"|j|\u2606Rillabossman\n|j|\u2606paradox franco\n|t:|1767997420\n|gametype|doubles\n|player|p1|Rillabossman|burglar|1329\n|player|p2|paradox franco|elesa|1354\n|gen|9\n|tier|[Gen 9] VGC 2026 Reg I\n|rated|\n|rule|Species Clause: Limit one of each Pok\u00e9mon\n|rule|Item Clause: Limit 1 of each item\n|clearpoke\n|poke|p1|Calyrex-Shadow, L50|\n|poke|p1|Zamazenta-*, L50|\n|poke|p1|Rillaboom, L50, M|\n|poke|p1|Incineroar, L50, M|\n|poke|p1|Raging Bolt, L50|\n|poke|p1|Ogerpon-Hearthflame, L50, F|\n|poke|p2|Calyrex-Ice, L50|\n|poke|p2|Kyogre, L50|\n|poke|p2|Smeargle, L50, M|\n|poke|p2|Farigiraf, L50, F|\n|poke|p2|Maushold, L50|\n|poke|p2|Volcarona, L50, F|\n|teampreview|4\n|\n|t:|1767997464\n|teamsize|p1|4\n|teamsize|p2|4\n|start\n|switch|p1a: Ogerpon|Ogerpon-Hearthflame, L50, F|100/100\n|switch|p1b: Calyrex|Calyrex-Shadow, L50|100/100\n|switch|p2a: Kyogre|Kyogre, L50|100/100\n|switch|p2b: Farigiraf|Farigiraf, L50, F|100/100\n|-ability|p1b: Calyrex|As One\n|-ability|p1b: Calyrex|Unnerve\n|-weather|RainDance|[from] ability: Drizzle|[of] p2a: Kyogre\n|-ability|p1a: Ogerpon|Mold Breaker\n|turn|1\n|\n|t:|1767997477\n|move|p1b: Calyrex|Protect|p1b: Calyrex\n|-singleturn|p1b: Calyrex|Protect\n|move|p2a: Kyogre|Water Spout|p1b: Calyrex|[spread] p1a\n|-activate|p1b: Calyrex|move: Protect\n|-damage|p1a: Ogerpon|5/100\n|move|p1a: Ogerpon|Grassy Glide|p2a: Kyogre\n|-supereffective|p2a: Kyogre\n|-damage|p2a: Kyogre|35/100\n|move|p2b: Farigiraf|Trick Room|p2b: Farigiraf\n|-fieldstart|move: Trick Room|[of] p2b: Farigiraf\n|\n|-weather|RainDance|[upkeep]\n|upkeep\n|turn|2\n|\n|t:|1767997489\n|move|p1a: Ogerpon|Follow Me|p1a: Ogerpon\n|-singleturn|p1a: Ogerpon|move: Follow Me\n|move|p2b: Farigiraf|Foul Play|p1a: Ogerpon\n|-damage|p1a: Ogerpon|0 fnt\n|faint|p1a: Ogerpon\n|move|p1b: Calyrex|Psychic|p2b: Farigiraf\n|-resisted|p2b: Farigiraf\n|-damage|p2b: Farigiraf|63/100\n|-damage|p1b: Calyrex|91/100|[from] item: Life Orb\n|move|p2a: Kyogre|Water Spout|p1b: Calyrex\n|-damage|p1b: Calyrex|51/100\n|\n|-weather|RainDance|[upkeep]\n|upkeep\n|\n|t:|1767997497\n|switch|p1a: Zamazenta|Zamazenta-Crowned, L50|100/100\n|-ability|p1a: Zamazenta|Dauntless Shield|boost\n|-boost|p1a: Zamazenta|def|1\n|turn|3\n|\n|t:|1767997503\n|switch|p2a: Calyrex|Calyrex-Ice, L50|100/100\n|-ability|p2a: Calyrex|As One\n|-ability|p2a: Calyrex|Unnerve\n|-terastallize|p1b: Calyrex|Dark\n|move|p1a: Zamazenta|Wide Guard|p1a: Zamazenta\n|-singleturn|p1a: Zamazenta|Wide Guard\n|move|p2b: Farigiraf|Foul Play|p1b: Calyrex\n|-resisted|p1b: Calyrex\n|-damage|p1b: Calyrex|42/100\n|move|p1b: Calyrex|Nasty Plot|p1b: Calyrex\n|-boost|p1b: Calyrex|spa|2\n|\n|-weather|RainDance|[upkeep]\n|upkeep\n|turn|4\n|\n|t:|1767997527\n|move|p2b: Farigiraf|Helping Hand|p2a: Calyrex\n|-singleturn|p2a: Calyrex|Helping Hand|[of] p2b: Farigiraf\n|move|p2a: Calyrex|High Horsepower|p1a: Zamazenta\n|-supereffective|p1a: Zamazenta\n|-damage|p1a: Zamazenta|50/100\n|move|p1a: Zamazenta|Body Press|p2b: Farigiraf\n|-damage|p2b: Farigiraf|3/100\n|move|p1b: Calyrex|Astral Barrage|p2b: Farigiraf|[spread] p2a\n|-immune|p2b: Farigiraf\n|-supereffective|p2a: Calyrex\n|-damage|p2a: Calyrex|0 fnt\n|faint|p2a: Calyrex\n|-ability|p1b: Calyrex|Grim Neigh|boost\n|-boost|p1b: Calyrex|spa|1\n|-damage|p1b: Calyrex|33/100|[from] item: Life Orb\n|\n|-weather|RainDance|[upkeep]\n|upkeep\n|\n|t:|1767997536\n|switch|p2a: Smeargle|Smeargle, L50, M|100/100\n|turn|5\n|\n|t:|1767997543\n|move|p1a: Zamazenta|Protect|p1a: Zamazenta\n|-singleturn|p1a: Zamazenta|Protect\n|move|p1b: Calyrex|Protect|p1b: Calyrex\n|-singleturn|p1b: Calyrex|Protect\n|move|p2b: Farigiraf|Foul Play|p1b: Calyrex\n|-activate|p1b: Calyrex|move: Protect\n|move|p2a: Smeargle|Spore|p1a: Zamazenta\n|-activate|p1a: Zamazenta|move: Protect\n|\n|-weather|none\n|-fieldend|move: Trick Room\n|-ability|p2a: Smeargle|Moody|boost\n|-boost|p2a: Smeargle|spa|2\n|-unboost|p2a: Smeargle|atk|1\n|upkeep\n|turn|6\n|\n|t:|1767997554\n|move|p1b: Calyrex|Psychic|p2a: Smeargle\n|-enditem|p2a: Smeargle|Focus Sash\n|-damage|p2a: Smeargle|1/100\n|-damage|p1b: Calyrex|23/100|[from] item: Life Orb\n|move|p1a: Zamazenta|Body Press|p2a: Smeargle\n|-supereffective|p2a: Smeargle\n|-damage|p2a: Smeargle|0 fnt\n|faint|p2a: Smeargle\n|move|p2b: Farigiraf|Trick Room|p2b: Farigiraf\n|-fieldstart|move: Trick Room|[of] p2b: Farigiraf\n|\n|upkeep\n|\n|t:|1767997560\n|switch|p2a: Kyogre|Kyogre, L50|35/100\n|-weather|RainDance|[from] ability: Drizzle|[of] p2a: Kyogre\n|turn|7\n|\n|t:|1767997567\n|move|p2b: Farigiraf|Foul Play|p1b: Calyrex\n|-resisted|p1b: Calyrex\n|-damage|p1b: Calyrex|16/100\n|move|p1a: Zamazenta|Body Press|p2b: Farigiraf\n|-damage|p2b: Farigiraf|0 fnt\n|faint|p2b: Farigiraf\n|move|p1b: Calyrex|Astral Barrage|p2a: Kyogre\n|-damage|p2a: Kyogre|0 fnt\n|faint|p2a: Kyogre\n|-damage|p1b: Calyrex|6/100|[from] item: Life Orb\n|\n|win|Rillabossman\n|raw|Rillabossman's rating: 1329 &rarr; <strong>1350</strong><br />(+21 for winning)\n|raw|paradox franco's rating: 1354 &rarr; <strong>1333</strong><br />(-21 for losing)\n|c|\u2606Rillabossman|gg\n|l|\u2606Rillabossman\n|player|p1|\n|l|\u2606paradox franco\n|player|p2|\n","uploadtime":1767997832,"views":13,"formatid":"gen9vgc2026regi","rating":1333,"private":0,"password":null}