{"id":"gen9vgc2026regi-2549461663","format":"[Gen 9] VGC 2026 Reg I","players":["crusty seizure","Simon0123"],"log":"|j|\u2606crusty seizure\n|j|\u2606Simon0123\n|t:|1772371289\n|gametype|doubles\n|player|p1|crusty seizure|harlequin|1129\n|player|p2|Simon0123|shadowtriad|1138\n|gen|9\n|tier|[Gen 9] VGC 2026 Reg I\n|rated|\n|rule|Species Clause: Limit one of each Pok\u00e9mon\n|rule|Item Clause: Limit 1 of each item\n|clearpoke\n|poke|p1|Miraidon, L50|\n|poke|p1|Basculegion, L50, M|\n|poke|p1|Pelipper, L50, M|\n|poke|p1|Kyogre, L50|\n|poke|p1|Archaludon, L50, M|\n|poke|p1|Rillaboom, L50, M|\n|poke|p2|Terapagos, L50, M|\n|poke|p2|Calyrex-Ice, L50|\n|poke|p2|Amoonguss, L50, F|\n|poke|p2|Farigiraf, L50, F|\n|poke|p2|Incineroar, L50, F|\n|poke|p2|Urshifu-*, L50, M|\n|teampreview|4\n|inactive|Battle timer is ON: inactive players will automatically lose when time's up. (requested by Simon0123)\n|\n|t:|1772371317\n|teamsize|p1|4\n|teamsize|p2|4\n|start\n|switch|p1a: Basculegion|Basculegion, L50, M, shiny|100/100\n|switch|p1b: Kyogre|Kyogre, L50, shiny|100/100\n|switch|p2a: Farigiraf|Farigiraf, L50, F|100/100\n|switch|p2b: Incineroar|Incineroar, L50, F|100/100\n|-weather|RainDance|[from] ability: Drizzle|[of] p1b: Kyogre\n|-ability|p2b: Incineroar|Intimidate|boost\n|-unboost|p1a: Basculegion|atk|1\n|-unboost|p1b: Kyogre|atk|1\n|turn|1\n|\n|t:|1772371334\n|move|p1b: Kyogre|Protect|p1b: Kyogre\n|-singleturn|p1b: Kyogre|Protect\n|move|p2b: Incineroar|Fake Out|p1b: Kyogre\n|-activate|p1b: Kyogre|move: Protect\n|move|p1a: Basculegion|Wave Crash|p2b: Incineroar\n|-supereffective|p2b: Incineroar\n|-damage|p2b: Incineroar|4/100\n|-enditem|p2b: Incineroar|Sitrus Berry|[eat]\n|-heal|p2b: Incineroar|29/100|[from] item: Sitrus Berry\n|-damage|p1a: Basculegion|68/100|[from] Recoil\n|move|p2a: Farigiraf|Trick Room|p2a: Farigiraf\n|-fieldstart|move: Trick Room|[of] p2a: Farigiraf\n|\n|-weather|RainDance|[upkeep]\n|upkeep\n|turn|2\n|\n|t:|1772371358\n|switch|p1a: Rillaboom|Rillaboom, L50, M, shiny|100/100\n|-fieldstart|move: Grassy Terrain|[from] ability: Grassy Surge|[of] p1a: Rillaboom\n|move|p2a: Farigiraf|Psychic|p1b: Kyogre\n|-damage|p1b: Kyogre|76/100\n|-unboost|p1b: Kyogre|spd|1\n|move|p2b: Incineroar|Knock Off|p1a: Rillaboom\n|-damage|p1a: Rillaboom|60/100\n|-enditem|p1a: Rillaboom|Assault Vest|[from] move: Knock Off|[of] p2b: Incineroar\n|move|p1b: Kyogre|Origin Pulse|p2b: Incineroar|[spread] p2a,p2b\n|-supereffective|p2b: Incineroar\n|-damage|p2a: Farigiraf|35/100\n|-damage|p2b: Incineroar|0 fnt\n|faint|p2b: Incineroar\n|\n|-weather|RainDance|[upkeep]\n|-heal|p2a: Farigiraf|41/100|[from] Grassy Terrain\n|-heal|p1a: Rillaboom|66/100|[from] Grassy Terrain\n|-heal|p1b: Kyogre|82/100|[from] Grassy Terrain\n|upkeep\n|\n|t:|1772371373\n|switch|p2b: Terapagos|Terapagos, L50, M|100/100\n|-activate|p2b: Terapagos|ability: Tera Shift\n|detailschange|p2b: Terapagos|Terapagos-Terastal, L50, M\n|-heal|p2b: Terapagos|100/100|[silent]\n|turn|3\n|\n|t:|1772371390\n|-terastallize|p2b: Terapagos|Stellar\n|detailschange|p2b: Terapagos|Terapagos-Stellar, L50, M, tera:Stellar\n|-heal|p2b: Terapagos|100/100|[silent]\n|-ability|p2b: Terapagos|Teraform Zero\n|-weather|none\n|-fieldend|move: Grassy Terrain\n|move|p2a: Farigiraf|Helping Hand|p2b: Terapagos\n|-singleturn|p2b: Terapagos|Helping Hand|[of] p2a: Farigiraf\n|move|p1b: Kyogre|Protect|p1b: Kyogre\n|-singleturn|p1b: Kyogre|Protect\n|move|p2b: Terapagos|Tera Starstorm|p1b: Kyogre|[spread] p1a\n|-activate|p1b: Kyogre|move: Protect\n|-damage|p1a: Rillaboom|0 fnt\n|faint|p1a: Rillaboom\n|\n|upkeep\n|\n|t:|1772371406\n|switch|p1a: Basculegion|Basculegion, L50, M, shiny|68/100\n|turn|4\n|inactive|crusty seizure has 30 seconds left.\n|\n|t:|1772371432\n|move|p2a: Farigiraf|Psychic|p1b: Kyogre\n|-crit|p1b: Kyogre\n|-damage|p1b: Kyogre|24/100\n|move|p2b: Terapagos|Tera Starstorm|p1a: Basculegion|[spread] p1a,p1b\n|-damage|p1a: Basculegion|21/100\n|-damage|p1b: Kyogre|0 fnt\n|faint|p1b: Kyogre\n|move|p1a: Basculegion|Wave Crash|p2a: Farigiraf\n|-damage|p2a: Farigiraf|0 fnt\n|faint|p2a: Farigiraf\n|-damage|p1a: Basculegion|5/100|[from] Recoil\n|\n|upkeep\n|\n|t:|1772371445\n|switch|p2a: Calyrex|Calyrex-Ice, L50|100/100\n|switch|p1b: Miraidon|Miraidon, L50|100/100\n|-ability|p2a: Calyrex|As One\n|-ability|p2a: Calyrex|Unnerve\n|-fieldstart|move: Electric Terrain|[from] ability: Hadron Engine|[of] p1b: Miraidon\n|turn|5\n|\n|t:|1772371467\n|move|p2a: Calyrex|Glacial Lance|p1b: Miraidon|[spread] p1a,p1b\n|-resisted|p1a: Basculegion\n|-supereffective|p1b: Miraidon\n|-crit|p1b: Miraidon\n|-damage|p1a: Basculegion|0 fnt\n|-damage|p1b: Miraidon|0 fnt\n|faint|p1a: Basculegion\n|faint|p1b: Miraidon\n|\n|win|Simon0123\n|raw|crusty seizure's rating: 1129 &rarr; <strong>1105</strong><br />(-24 for losing)\n|raw|Simon0123's rating: 1138 &rarr; <strong>1162</strong><br />(+24 for winning)\n|l|\u2606crusty seizure\n|player|p1|\n|c|\u2606Simon0123|gg\n|l|\u2606Simon0123\n|player|p2|\n","uploadtime":1772371653,"views":14,"formatid":"gen9vgc2026regi","rating":1105,"private":0,"password":null}