{"id":"gen9vgc2026regi-2525840845","format":"[Gen 9] VGC 2026 Reg I","players":["kojimuranishi","marcxhenry"],"log":"|j|\u2606kojimuranishi\n|j|\u2606marcxhenry\n|t:|1769337689\n|gametype|doubles\n|player|p1|kojimuranishi|266|1520\n|player|p2|marcxhenry|hilbert-wonderlauncher|1448\n|gen|9\n|tier|[Gen 9] VGC 2026 Reg I\n|rated|\n|rule|Species Clause: Limit one of each Pok\u00e9mon\n|rule|Item Clause: Limit 1 of each item\n|clearpoke\n|poke|p1|Zamazenta-*, L50|\n|poke|p1|Lunala, L50|\n|poke|p1|Chien-Pao, L50|\n|poke|p1|Dragonite, L50, F|\n|poke|p1|Landorus, L50, M|\n|poke|p1|Urshifu-*, L50, F|\n|poke|p2|Calyrex-Shadow, L50|\n|poke|p2|Urshifu-*, L50, M|\n|poke|p2|Roaring Moon, L50|\n|poke|p2|Kyogre, L50|\n|poke|p2|Tsareena, L50, F|\n|poke|p2|Kingambit, L50, M|\n|teampreview|4\n|inactive|Battle timer is ON: inactive players will automatically lose when time's up. (requested by kojimuranishi)\n|inactive|kojimuranishi has 60 seconds left.\n|\n|t:|1769337743\n|teamsize|p1|4\n|teamsize|p2|4\n|start\n|switch|p1a: Zamazenta|Zamazenta-Crowned, L50|100/100\n|switch|p1b: Urshifu|Urshifu-Rapid-Strike, L50, F|100/100\n|switch|p2a: Ludwig|Calyrex-Shadow, L50|100/100\n|switch|p2b: Roter Baron|Roaring Moon, L50, shiny|100/100\n|-ability|p2a: Ludwig|As One\n|-ability|p2a: Ludwig|Unnerve\n|-ability|p1a: Zamazenta|Dauntless Shield|boost\n|-boost|p1a: Zamazenta|def|1\n|-enditem|p2b: Roter Baron|Booster Energy\n|-activate|p2b: Roter Baron|ability: Protosynthesis|[fromitem]\n|-start|p2b: Roter Baron|protosynthesisspe\n|turn|1\n|\n|t:|1769337764\n|-terastallize|p2b: Roter Baron|Flying\n|move|p1b: Urshifu|Detect|p1b: Urshifu\n|-singleturn|p1b: Urshifu|Protect\n|move|p2b: Roter Baron|Knock Off|p1b: Urshifu\n|-activate|p1b: Urshifu|move: Protect\n|move|p2a: Ludwig|Psychic|p1b: Urshifu\n|-activate|p1b: Urshifu|move: Protect\n|move|p1a: Zamazenta|Behemoth Bash|p2a: Ludwig\n|-damage|p2a: Ludwig|47/100\n|\n|upkeep\n|turn|2\n|inactive|kojimuranishi has 30 seconds left.\n|\n|t:|1769337795\n|switch|p1b: Chien-Pao|Chien-Pao, L50|100/100\n|-ability|p1b: Chien-Pao|Sword of Ruin\n|move|p2b: Roter Baron|Acrobatics|p1b: Chien-Pao\n|-damage|p1b: Chien-Pao|16/100\n|move|p2a: Ludwig|Astral Barrage|p1a: Zamazenta|[spread] p1a,p1b\n|-resisted|p1b: Chien-Pao\n|-damage|p1a: Zamazenta|67/100\n|-damage|p1b: Chien-Pao|0 fnt\n|faint|p1b: Chien-Pao\n|-ability|p2a: Ludwig|Grim Neigh|boost\n|-boost|p2a: Ludwig|spa|1\n|move|p1a: Zamazenta|Behemoth Bash|p2a: Ludwig\n|-crit|p2a: Ludwig\n|-damage|p2a: Ludwig|0 fnt\n|faint|p2a: Ludwig\n|\n|upkeep\n|inactive|kojimuranishi has 30 seconds left.\n|\n|t:|1769337823\n|switch|p2a: Eva|Tsareena, L50, F, shiny|100/100\n|switch|p1b: Urshifu|Urshifu-Rapid-Strike, L50, F|100/100\n|turn|3\n|\n|t:|1769337845\n|move|p1b: Urshifu|Detect|p1b: Urshifu\n|-singleturn|p1b: Urshifu|Protect\n|move|p2b: Roter Baron|Tailwind|p2b: Roter Baron\n|-sidestart|p2: marcxhenry|move: Tailwind\n|move|p2a: Eva|Taunt|p1a: Zamazenta\n|-start|p1a: Zamazenta|move: Taunt\n|move|p1a: Zamazenta|Body Press|p2a: Eva\n|-damage|p2a: Eva|28/100\n|\n|upkeep\n|turn|4\n|inactive|kojimuranishi has 30 seconds left.\n|inactive|kojimuranishi has 20 seconds left.\n|\n|t:|1769337882\n|move|p1b: Urshifu|Detect|p1b: Urshifu\n|-singleturn|p1b: Urshifu|Protect\n|move|p2b: Roter Baron|Acrobatics|p1b: Urshifu\n|-activate|p1b: Urshifu|move: Protect\n|move|p2a: Eva|Triple Axel|p1b: Urshifu\n|-activate|p1b: Urshifu|move: Protect\n|move|p1a: Zamazenta|Body Press|p2a: Eva\n|-damage|p2a: Eva|0 fnt\n|faint|p2a: Eva\n|\n|upkeep\n|\n|t:|1769337893\n|switch|p2a: Tripitz|Kyogre, L50, shiny|100/100\n|-weather|RainDance|[from] ability: Drizzle|[of] p2a: Tripitz\n|turn|5\n|\n|t:|1769337906\n|-terastallize|p1a: Zamazenta|Water\n|move|p2b: Roter Baron|Acrobatics|p1b: Urshifu\n|-supereffective|p1b: Urshifu\n|-enditem|p1b: Urshifu|Focus Sash\n|-damage|p1b: Urshifu|1/100\n|move|p2a: Tripitz|Water Spout|p1b: Urshifu|[spread] p1a,p1b\n|-resisted|p1a: Zamazenta\n|-resisted|p1b: Urshifu\n|-damage|p1a: Zamazenta|30/100\n|-damage|p1b: Urshifu|0 fnt\n|faint|p1b: Urshifu\n|move|p1a: Zamazenta|Body Press|p2a: Tripitz\n|-damage|p2a: Tripitz|28/100\n|\n|-weather|RainDance|[upkeep]\n|-end|p1a: Zamazenta|move: Taunt\n|upkeep\n|\n|t:|1769337923\n|switch|p1b: Lunala|Lunala, L50|100/100\n|turn|6\n|inactive|kojimuranishi has 30 seconds left.\n|\n|t:|1769337956\n|move|p2b: Roter Baron|Knock Off|p1b: Lunala\n|-supereffective|p1b: Lunala\n|-damage|p1b: Lunala|14/100\n|-enditem|p1b: Lunala|Power Herb|[from] move: Knock Off|[of] p2b: Roter Baron\n|move|p2a: Tripitz|Hydro Pump|p1a: Zamazenta\n|-resisted|p1a: Zamazenta\n|-crit|p1a: Zamazenta\n|-damage|p1a: Zamazenta|0 fnt\n|faint|p1a: Zamazenta\n|move|p1b: Lunala|Trick Room|p1b: Lunala\n|-fieldstart|move: Trick Room|[of] p1b: Lunala\n|\n|-weather|RainDance|[upkeep]\n|-sideend|p2: marcxhenry|move: Tailwind\n|upkeep\n|turn|7\n|-message|kojimuranishi forfeited.\n|\n|win|marcxhenry\n|raw|kojimuranishi's rating: 1520 &rarr; <strong>1496</strong><br />(-24 for losing)\n|raw|marcxhenry's rating: 1448 &rarr; <strong>1472</strong><br />(+24 for winning)\n|l|\u2606kojimuranishi\n|player|p1|\n|j|\u2606kojimuranishi\n|player|p1|kojimuranishi|266|\n|l|\u2606kojimuranishi\n|player|p1|\n|l|\u2606marcxhenry\n|player|p2|\n","uploadtime":1769338198,"views":21,"formatid":"gen9vgc2026regi","rating":1472,"private":0,"password":null}