{"id":"gen9vgc2026regi-2564019533","format":"[Gen 9] VGC 2026 Reg I","players":["loong001","I\u2764\ufe0f\u5a1c\u7984Forever"],"log":"|j|\u2606loong001\n|j|\u2606I\u2764\ufe0f\u5a1c\u7984Forever\n|t:|1774100726\n|gametype|doubles\n|player|p1|loong001|1|1389\n|player|p2|I\u2764\ufe0f\u5a1c\u7984Forever|youngcouple-gen4dp|1407\n|gen|9\n|tier|[Gen 9] VGC 2026 Reg I\n|rated|\n|rule|Species Clause: Limit one of each Pok\u00e9mon\n|rule|Item Clause: Limit 1 of each item\n|clearpoke\n|poke|p1|Calyrex-Ice, L50|\n|poke|p1|Kyogre, L50|\n|poke|p1|Smeargle, L50, M|\n|poke|p1|Ursaluna-Bloodmoon, L50, M|\n|poke|p1|Grimmsnarl, L50, M|\n|poke|p1|Incineroar, L50, M|\n|poke|p2|Groudon, L50|\n|poke|p2|Kyurem-White, L50|\n|poke|p2|Heatran, L50, M|\n|poke|p2|Whimsicott, L50, M|\n|poke|p2|Ditto, L50|\n|poke|p2|Flutter Mane, L50|\n|teampreview|4\n|inactive|Battle timer is ON: inactive players will automatically lose when time's up. (requested by loong001)\n|inactive|I\u2764\ufe0f\u5a1c\u7984Forever has 60 seconds left.\n|\n|t:|1774100766\n|teamsize|p1|4\n|teamsize|p2|4\n|start\n|switch|p1a: Calyrex|Calyrex-Ice, L50|100/100\n|switch|p1b: Smeargle|Smeargle, L50, M|100/100\n|switch|p2a: Kyurem|Kyurem-White, L50|100/100\n|switch|p2b: Heatran|Heatran, L50, M|100/100\n|-ability|p1a: Calyrex|As One\n|-ability|p1a: Calyrex|Unnerve\n|-ability|p2a: Kyurem|Turboblaze\n|turn|1\n|inactive|loong001 has 30 seconds left.\n|inactive|loong001 has 20 seconds left.\n|inactive|loong001 has 15 seconds left.\n|inactive|loong001 has 10 seconds left.\n|inactive|loong001 has 5 seconds left.\n|\n|t:|1774100816\n|-terastallize|p1a: Calyrex|Water\n|move|p1b: Smeargle|Fake Out|p2b: Heatran\n|-resisted|p2b: Heatran\n|-damage|p2b: Heatran|98/100\n|move|p2a: Kyurem|Blizzard|p1b: Smeargle|[spread] p1a,p1b\n|-resisted|p1a: Calyrex\n|-damage|p1a: Calyrex|82/100\n|-damage|p1b: Smeargle|6/100\n|cant|p2b: Heatran|flinch\n|move|p1a: Calyrex|Trick Room|p1a: Calyrex\n|-fieldstart|move: Trick Room|[of] p1a: Calyrex\n|\n|-heal|p2b: Heatran|100/100|[from] item: Leftovers\n|-ability|p1b: Smeargle|Moody|boost\n|-boost|p1b: Smeargle|spe|2\n|-unboost|p1b: Smeargle|spa|1\n|-enditem|p1b: Smeargle|Eject Pack\n|upkeep\n|inactive|loong001 has 30 seconds left.\n|\n|t:|1774100850\n|switch|p1b: Kyogre|Kyogre, L50|100/100\n|-weather|RainDance|[from] ability: Drizzle|[of] p1b: Kyogre\n|turn|2\n|\n|t:|1774100870\n|switch|p2b: Groudon|Groudon, L50|100/100\n|-weather|SunnyDay|[from] ability: Drought|[of] p2b: Groudon\n|move|p1b: Kyogre|Water Spout|p2b: Groudon|[spread] p2a,p2b\n|-resisted|p2a: Kyurem\n|-supereffective|p2b: Groudon\n|-damage|p2a: Kyurem|87/100\n|-damage|p2b: Groudon|63/100\n|move|p1a: Calyrex|Glacial Lance|p2b: Groudon|[spread] p2a,p2b\n|-supereffective|p2b: Groudon\n|-damage|p2a: Kyurem|38/100\n|-damage|p2b: Groudon|0 fnt\n|faint|p2b: Groudon\n|-ability|p1a: Calyrex|Chilling Neigh|boost\n|-boost|p1a: Calyrex|atk|1\n|move|p2a: Kyurem|Freeze-Dry|p1a: Calyrex\n|-supereffective|p1a: Calyrex\n|-damage|p1a: Calyrex|26/100\n|\n|-weather|SunnyDay|[upkeep]\n|upkeep\n|\n|t:|1774100890\n|switch|p2b: Ditto|Ditto, L50|100/100\n|-transform|p2b: Ditto|p1a: Calyrex|[from] ability: Imposter\n|-ability|p2b: Ditto|As One\n|-ability|p2b: Ditto|Unnerve\n|-start|p2b: Ditto|typechange|Psychic/Ice|[silent]\n|turn|3\n|inactive|loong001 has 30 seconds left.\n|\n|t:|1774100916\n|switch|p1b: Smeargle|Smeargle, L50, M|6/100\n|move|p1a: Calyrex|Glacial Lance|p2b: Ditto|[spread] p2a,p2b\n|-resisted|p2b: Ditto\n|-damage|p2a: Kyurem|0 fnt\n|-damage|p2b: Ditto|64/100\n|faint|p2a: Kyurem\n|-ability|p1a: Calyrex|Chilling Neigh|boost\n|-boost|p1a: Calyrex|atk|1\n|move|p2b: Ditto|Glacial Lance|p1b: Smeargle|[spread] p1a,p1b\n|-resisted|p1a: Calyrex\n|-damage|p1a: Calyrex|0 fnt\n|-damage|p1b: Smeargle|0 fnt\n|faint|p1a: Calyrex\n|faint|p1b: Smeargle\n|-ability|p2b: Ditto|Chilling Neigh|boost\n|-boost|p2b: Ditto|atk|2\n|\n|-weather|SunnyDay|[upkeep]\n|upkeep\n|\n|t:|1774100934\n|switch|p1a: Kyogre|Kyogre, L50|100/100\n|switch|p2a: Heatran|Heatran, L50, M|100/100\n|switch|p1b: Ursaluna|Ursaluna-Bloodmoon, L50, M|100/100\n|-weather|RainDance|[from] ability: Drizzle|[of] p1a: Kyogre\n|turn|4\n|\n|t:|1774100953\n|move|p2a: Heatran|Protect|p2a: Heatran\n|-singleturn|p2a: Heatran|Protect\n|move|p1a: Kyogre|Water Spout|p2b: Ditto|[spread] p2b\n|-activate|p2a: Heatran|move: Protect\n|-damage|p2b: Ditto|0 fnt\n|faint|p2b: Ditto\n|move|p1b: Ursaluna|Blood Moon|p2a: Heatran\n|-activate|p2a: Heatran|move: Protect\n|\n|-weather|RainDance|[upkeep]\n|upkeep\n|turn|5\n|inactive|I\u2764\ufe0f\u5a1c\u7984Forever has 30 seconds left.\n|\n|t:|1774100979\n|move|p1a: Kyogre|Water Spout|p2a: Heatran\n|-supereffective|p2a: Heatran\n|-damage|p2a: Heatran|0 fnt\n|faint|p2a: Heatran\n|\n|win|loong001\n|raw|loong001's rating: 1389 &rarr; <strong>1410</strong><br />(+21 for winning)\n|raw|I\u2764\ufe0f\u5a1c\u7984Forever's rating: 1407 &rarr; <strong>1386</strong><br />(-21 for losing)\n|l|\u2606I\u2764\ufe0f\u5a1c\u7984Forever\n|player|p2|\n|l|\u2606loong001\n|player|p1|\n","uploadtime":1774101248,"views":43,"formatid":"gen9vgc2026regi","rating":1386,"private":0,"password":null}