{"id":"gen9vgc2026regi-2538507756","format":"[Gen 9] VGC 2026 Reg I","players":["eye-zitt","rip_floop00"],"log":"|j|\u2606eye-zitt\n|j|\u203drip_floop00\n|t:|1770934537\n|gametype|doubles\n|player|p1|eye-zitt|hilbert|1195\n|player|p2|rip_floop00|266|1204\n|gen|9\n|tier|[Gen 9] VGC 2026 Reg I\n|rated|\n|rule|Species Clause: Limit one of each Pok\u00e9mon\n|rule|Item Clause: Limit 1 of each item\n|clearpoke\n|poke|p1|Iron Bundle, L50|\n|poke|p1|Iron Hands, L50|\n|poke|p1|Ursaluna, L50, F|\n|poke|p1|Farigiraf, L50, M|\n|poke|p1|Ho-Oh, L50|\n|poke|p1|Miraidon, L50|\n|poke|p2|Calyrex-Ice, L50|\n|poke|p2|Miraidon, L50|\n|poke|p2|Ursaluna, L50, F|\n|poke|p2|Landorus, L50, M|\n|poke|p2|Grimmsnarl, L50, M|\n|poke|p2|Iron Hands, L50|\n|teampreview|4\n|inactive|Battle timer is ON: inactive players will automatically lose when time's up. (requested by eye-zitt)\n|inactive|rip_floop00 has 60 seconds left.\n|\n|t:|1770934575\n|teamsize|p1|4\n|teamsize|p2|4\n|start\n|switch|p1a: Farigiraf|Farigiraf, L50, M, shiny|100/100\n|switch|p1b: Miraidon|Miraidon, L50, shiny|100/100\n|switch|p2a: Miraidon|Miraidon, L50|100/100\n|switch|p2b: Iron Hands|Iron Hands, L50|100/100\n|-fieldstart|move: Electric Terrain|[from] ability: Hadron Engine|[of] p1b: Miraidon\n|-enditem|p1a: Farigiraf|Electric Seed\n|-boost|p1a: Farigiraf|def|1|[from] item: Electric Seed\n|-activate|p2b: Iron Hands|ability: Quark Drive\n|-start|p2b: Iron Hands|quarkdriveatk\n|-activate|p2a: Miraidon|ability: Hadron Engine\n|turn|1\n|inactive|rip_floop00 has 30 seconds left.\n|inactive|rip_floop00 has 20 seconds left.\n|inactive|rip_floop00 has 15 seconds left.\n|\n|t:|1770934619\n|-terastallize|p1b: Miraidon|Fairy\n|-terastallize|p2a: Miraidon|Fairy\n|move|p1b: Miraidon|Dazzling Gleam|p2a: Miraidon|[spread] p2a,p2b\n|-supereffective|p2b: Iron Hands\n|-damage|p2a: Miraidon|69/100\n|-damage|p2b: Iron Hands|53/100\n|move|p2a: Miraidon|Electro Drift|p1b: Miraidon\n|-damage|p1b: Miraidon|0 fnt\n|faint|p1b: Miraidon\n|move|p1a: Farigiraf|Psychic|p2b: Iron Hands\n|-supereffective|p2b: Iron Hands\n|-damage|p2b: Iron Hands|16/100\n|move|p2b: Iron Hands|Low Kick|p1a: Farigiraf\n|-damage|p1a: Farigiraf|64/100\n|\n|upkeep\n|\n|t:|1770934630\n|switch|p1b: Iron Hands|Iron Hands, L50, shiny|100/100\n|-activate|p1b: Iron Hands|ability: Quark Drive\n|-start|p1b: Iron Hands|quarkdriveatk\n|turn|2\n|\n|t:|1770934644\n|move|p2a: Miraidon|Electro Drift|p1a: Farigiraf\n|-damage|p1a: Farigiraf|0 fnt\n|faint|p1a: Farigiraf\n|move|p2b: Iron Hands|Low Kick|p1b: Iron Hands\n|-damage|p1b: Iron Hands|37/100\n|move|p1b: Iron Hands|Wild Charge|p2a: Miraidon\n|-damage|p2a: Miraidon|0 fnt\n|faint|p2a: Miraidon\n|-damage|p1b: Iron Hands|22/100|[from] Recoil\n|\n|upkeep\n|\n|t:|1770934654\n|switch|p2a: Ursaluna|Ursaluna, L50, F|100/100\n|switch|p1a: Ho-Oh|Ho-Oh, L50, shiny|100/100\n|turn|3\n|\n|t:|1770934670\n|move|p2a: Ursaluna|Protect|p2a: Ursaluna\n|-singleturn|p2a: Ursaluna|Protect\n|move|p1a: Ho-Oh|Brave Bird|p2b: Iron Hands\n|-damage|p2b: Iron Hands|0 fnt\n|faint|p2b: Iron Hands\n|-end|p2b: Iron Hands|Quark Drive|[silent]\n|-damage|p1a: Ho-Oh|95/100|[from] Recoil\n|move|p1b: Iron Hands|Drain Punch|p2a: Ursaluna\n|-activate|p2a: Ursaluna|move: Protect\n|\n|-status|p2a: Ursaluna|brn|[from] item: Flame Orb\n|upkeep\n|\n|t:|1770934676\n|switch|p2b: Calyrex|Calyrex-Ice, L50|100/100\n|-ability|p2b: Calyrex|As One\n|-ability|p2b: Calyrex|Unnerve\n|turn|4\n|\n|t:|1770934700\n|move|p2b: Calyrex|Protect|p2b: Calyrex\n|-singleturn|p2b: Calyrex|Protect\n|move|p1a: Ho-Oh|Sacred Fire|p2b: Calyrex\n|-activate|p2b: Calyrex|move: Protect\n|move|p2a: Ursaluna|Facade|p1b: Iron Hands\n|-damage|p1b: Iron Hands|0 fnt\n|faint|p1b: Iron Hands\n|-end|p1b: Iron Hands|Quark Drive|[silent]\n|\n|-damage|p2a: Ursaluna|95/100 brn|[from] brn\n|upkeep\n|turn|5\n|\n|t:|1770934712\n|move|p1a: Ho-Oh|Sacred Fire|p2b: Calyrex\n|-supereffective|p2b: Calyrex\n|-damage|p2b: Calyrex|27/100\n|move|p2a: Ursaluna|Facade|p1a: Ho-Oh\n|-damage|p1a: Ho-Oh|0 fnt\n|faint|p1a: Ho-Oh\n|\n|win|rip_floop00\n|raw|eye-zitt's rating: 1195 &rarr; <strong>1171</strong><br />(-24 for losing)\n|raw|rip_floop00's rating: 1204 &rarr; <strong>1228</strong><br />(+24 for winning)\n","uploadtime":1770934717,"views":21,"formatid":"gen9vgc2026regi","rating":1171,"private":0,"password":null}