{"id":"gen9vgc2026regi-2577075434","format":"[Gen 9] VGC 2026 Reg I","players":["mtbsj","bishmii"],"log":"|j|\u2606mtbsj\n|j|\u2606bishmii\n|t:|1775534069\n|gametype|doubles\n|player|p1|mtbsj|blue|1615\n|player|p2|bishmii|2|1574\n|gen|9\n|tier|[Gen 9] VGC 2026 Reg I\n|rated|\n|rule|Species Clause: Limit one of each Pok\u00e9mon\n|rule|Item Clause: Limit 1 of each item\n|clearpoke\n|poke|p1|Hitmontop, L50, M|\n|poke|p1|Terapagos, L50, M|\n|poke|p1|Calyrex-Shadow, L50|\n|poke|p1|Ogerpon-Cornerstone, L50, F|\n|poke|p1|Whimsicott, L50, F|\n|poke|p1|Indeedee-F, L50, F|\n|poke|p2|Whimsicott, L50, F|\n|poke|p2|Calyrex-Shadow, L50|\n|poke|p2|Miraidon, L50|\n|poke|p2|Iron Hands, L50|\n|poke|p2|Chi-Yu, L50|\n|poke|p2|Farigiraf, L50, M|\n|teampreview|4\n|inactive|Battle timer is ON: inactive players will automatically lose when time's up. (requested by bishmii)\n|inactive|mtbsj also wants the timer to be on.\n|inactive|bishmii has 60 seconds left.\n|\n|t:|1775534111\n|teamsize|p1|4\n|teamsize|p2|4\n|start\n|switch|p1a: Hitmontop|Hitmontop, L50, M|100/100\n|switch|p1b: Terapagos|Terapagos, L50, M|100/100\n|switch|p2a: Calyrex|Calyrex-Shadow, L50|100/100\n|switch|p2b: Miraidon|Miraidon, L50|100/100\n|-activate|p1b: Terapagos|ability: Tera Shift\n|detailschange|p1b: Terapagos|Terapagos-Terastal, L50, M\n|-heal|p1b: Terapagos|100/100|[silent]\n|-ability|p2a: Calyrex|As One\n|-ability|p2a: Calyrex|Unnerve\n|-fieldstart|move: Electric Terrain|[from] ability: Hadron Engine|[of] p2b: Miraidon\n|-ability|p1a: Hitmontop|Intimidate|boost\n|-unboost|p2a: Calyrex|atk|1\n|-unboost|p2b: Miraidon|atk|1\n|turn|1\n|inactive|bishmii has 30 seconds left.\n|\n|t:|1775534136\n|-terastallize|p1b: Terapagos|Stellar\n|detailschange|p1b: Terapagos|Terapagos-Stellar, L50, M, tera:Stellar\n|-heal|p1b: Terapagos|100/100|[silent]\n|-ability|p1b: Terapagos|Teraform Zero\n|-fieldend|move: Electric Terrain\n|move|p1a: Hitmontop|Vacuum Wave|p1b: Terapagos\n|-supereffective|p1b: Terapagos\n|-damage|p1b: Terapagos|95/100\n|-enditem|p1b: Terapagos|Weakness Policy\n|-boost|p1b: Terapagos|atk|2|[from] item: Weakness Policy\n|-boost|p1b: Terapagos|spa|2|[from] item: Weakness Policy\n|move|p2a: Calyrex|Psychic|p1a: Hitmontop\n|-supereffective|p1a: Hitmontop\n|-damage|p1a: Hitmontop|11/100\n|-enditem|p1a: Hitmontop|Eject Button\n|\n|t:|1775534149\n|switch|p1a: Indeedee|Indeedee-F, L50, F|100/100\n|-fieldstart|move: Psychic Terrain|[from] ability: Psychic Surge|[of] p1a: Indeedee\n|move|p2b: Miraidon|Volt Switch|p1a: Indeedee\n|-damage|p1a: Indeedee|49/100\n|\n|t:|1775534157\n|switch|p2b: Farigiraf|Farigiraf, L50, M|100/100|[from] Volt Switch\n|move|p1b: Terapagos|Tera Starstorm|p2b: Farigiraf|[spread] p2a,p2b\n|-damage|p2a: Calyrex|22/100\n|-damage|p2b: Farigiraf|28/100\n|\n|upkeep\n|turn|2\n|inactive|bishmii has 30 seconds left.\n|\n|t:|1775534186\n|move|p2b: Farigiraf|Helping Hand|p2a: Calyrex\n|-singleturn|p2a: Calyrex|Helping Hand|[of] p2b: Farigiraf\n|move|p1a: Indeedee|Follow Me|p1a: Indeedee\n|-singleturn|p1a: Indeedee|move: Follow Me\n|move|p2a: Calyrex|Psychic|p1a: Indeedee\n|-resisted|p1a: Indeedee\n|-damage|p1a: Indeedee|5/100\n|move|p1b: Terapagos|Rock Polish|p1b: Terapagos\n|-boost|p1b: Terapagos|spe|2\n|\n|upkeep\n|turn|3\n|inactive|bishmii has 30 seconds left.\n|inactive|bishmii has 20 seconds left.\n|\n|t:|1775534224\n|switch|p1a: Hitmontop|Hitmontop, L50, M|11/100\n|-ability|p1a: Hitmontop|Intimidate|boost\n|-unboost|p2a: Calyrex|atk|1\n|-unboost|p2b: Farigiraf|atk|1\n|move|p1b: Terapagos|Tera Starstorm|p2a: Calyrex|[spread] p2a,p2b\n|-damage|p2a: Calyrex|0 fnt\n|-damage|p2b: Farigiraf|0 fnt\n|faint|p2a: Calyrex\n|faint|p2b: Farigiraf\n|\n|upkeep\n|\n|t:|1775534232\n|switch|p2a: Iron Hands|Iron Hands, L50|100/100\n|switch|p2b: Miraidon|Miraidon, L50|100/100\n|-fieldstart|move: Electric Terrain|[from] ability: Hadron Engine|[of] p2b: Miraidon\n|-activate|p2a: Iron Hands|ability: Quark Drive\n|-start|p2a: Iron Hands|quarkdriveatk\n|turn|4\n|\n|t:|1775534248\n|move|p1a: Hitmontop|Fake Out|p2a: Iron Hands\n|-damage|p2a: Iron Hands|94/100\n|move|p1b: Terapagos|Tera Starstorm|p2b: Miraidon|[spread] p2a,p2b\n|-damage|p2a: Iron Hands|51/100\n|-damage|p2b: Miraidon|25/100\n|move|p2b: Miraidon|Dazzling Gleam|p1b: Terapagos|[spread] p1a,p1b\n|-supereffective|p1a: Hitmontop\n|-damage|p1a: Hitmontop|0 fnt\n|-damage|p1b: Terapagos|67/100\n|faint|p1a: Hitmontop\n|cant|p2a: Iron Hands|flinch\n|\n|upkeep\n|j| Ferneconcoca\n|\n|t:|1775534260\n|switch|p1a: Calyrex|Calyrex-Shadow, L50|100/100\n|-ability|p1a: Calyrex|As One\n|-ability|p1a: Calyrex|Unnerve\n|turn|5\n|c|\u2606bishmii|lol nice team\n|\n|t:|1775534278\n|move|p1b: Terapagos|Tera Starstorm|p2a: Iron Hands|[spread] p2a,p2b\n|-damage|p2a: Iron Hands|8/100\n|-damage|p2b: Miraidon|0 fnt\n|faint|p2b: Miraidon\n|move|p1a: Calyrex|Astral Barrage|p2a: Iron Hands\n|-damage|p2a: Iron Hands|0 fnt\n|faint|p2a: Iron Hands\n|-end|p2a: Iron Hands|Quark Drive|[silent]\n|\n|win|mtbsj\n|raw|mtbsj's rating: 1615 &rarr; <strong>1633</strong><br />(+18 for winning)\n|raw|bishmii's rating: 1574 &rarr; <strong>1556</strong><br />(-18 for losing)\n|c|\u2606mtbsj|gg\n|c|\u2606bishmii|gg\n","uploadtime":1775534293,"views":25,"formatid":"gen9vgc2026regi","rating":1556,"private":0,"password":null}