{"id":"gen9vgc2026regi-2562400138","format":"[Gen 9] VGC 2026 Reg I","players":["ffxg","nerd159"],"log":"|j|\u2606ffxg\n|j|\u2606nerd159\n|t:|1773911274\n|gametype|doubles\n|player|p1|ffxg|1|1237\n|player|p2|nerd159|265|1285\n|gen|9\n|tier|[Gen 9] VGC 2026 Reg I\n|rated|\n|rule|Species Clause: Limit one of each Pok\u00e9mon\n|rule|Item Clause: Limit 1 of each item\n|clearpoke\n|poke|p1|Calyrex-Shadow, L50|\n|poke|p1|Zamazenta-*, L50|\n|poke|p1|Chien-Pao, L50|\n|poke|p1|Dragonite, L50, M|\n|poke|p1|Urshifu-*, L50, M|\n|poke|p1|Tornadus, L50, M|\n|poke|p2|Zamazenta-*, L50|\n|poke|p2|Calyrex-Shadow, L50|\n|poke|p2|Excadrill, L50, M|\n|poke|p2|Tyranitar, L50, M|\n|poke|p2|Ogerpon-Wellspring, L50, F|\n|poke|p2|Farigiraf, L50, F|\n|teampreview|4\n|inactive|Battle timer is ON: inactive players will automatically lose when time's up. (requested by ffxg)\n|inactive|ffxg has 60 seconds left.\n|\n|t:|1773911309\n|teamsize|p1|4\n|teamsize|p2|4\n|start\n|switch|p1a: Zamazenta|Zamazenta-Crowned, L50|100/100\n|switch|p1b: Tornadus|Tornadus, L50, M|100/100\n|switch|p2a: Zamazenta|Zamazenta-Crowned, L50|100/100\n|switch|p2b: Farigiraf|Farigiraf, L50, F|100/100\n|-ability|p2a: Zamazenta|Dauntless Shield|boost\n|-boost|p2a: Zamazenta|def|1\n|-ability|p1a: Zamazenta|Dauntless Shield|boost\n|-boost|p1a: Zamazenta|def|1\n|turn|1\n|\n|t:|1773911326\n|-terastallize|p1a: Zamazenta|Dragon\n|move|p2a: Zamazenta|Body Press|p1a: Zamazenta\n|-damage|p1a: Zamazenta|75/100\n|move|p1a: Zamazenta|Body Press|p2a: Zamazenta\n|-supereffective|p2a: Zamazenta\n|-damage|p2a: Zamazenta|44/100\n|move|p1b: Tornadus|Bleakwind Storm|p2b: Farigiraf|[spread] p2a,p2b\n|-crit|p2b: Farigiraf\n|-damage|p2a: Zamazenta|21/100\n|-damage|p2b: Farigiraf|55/100\n|-unboost|p2a: Zamazenta|spe|1\n|move|p2b: Farigiraf|Psychic|p1a: Zamazenta\n|-damage|p1a: Zamazenta|50/100\n|\n|upkeep\n|turn|2\n|inactive|ffxg has 30 seconds left.\n|\n|t:|1773911352\n|move|p1a: Zamazenta|Body Press|p2b: Farigiraf\n|-damage|p2b: Farigiraf|2/100\n|-damage|p1a: Zamazenta|34/100|[from] item: Rocky Helmet|[of] p2b: Farigiraf\n|move|p1b: Tornadus|Bleakwind Storm|p2b: Farigiraf|[spread] p2a\n|-miss|p1b: Tornadus|p2b: Farigiraf\n|-damage|p2a: Zamazenta|0 fnt\n|faint|p2a: Zamazenta\n|move|p2b: Farigiraf|Psychic|p1a: Zamazenta\n|-damage|p1a: Zamazenta|9/100\n|\n|upkeep\n|\n|t:|1773911366\n|switch|p2a: Calyrex|Calyrex-Shadow, L50|100/100\n|-ability|p2a: Calyrex|As One\n|-ability|p2a: Calyrex|Unnerve\n|turn|3\n|\n|t:|1773911375\n|move|p1a: Zamazenta|Wide Guard|p1a: Zamazenta\n|-singleturn|p1a: Zamazenta|Wide Guard\n|move|p2a: Calyrex|Psychic|p1a: Zamazenta\n|-damage|p1a: Zamazenta|0 fnt\n|faint|p1a: Zamazenta\n|-ability|p2a: Calyrex|Grim Neigh|boost\n|-boost|p2a: Calyrex|spa|1\n|move|p1b: Tornadus|Bleakwind Storm|p2a: Calyrex|[spread] p2a,p2b\n|-damage|p2a: Calyrex|66/100\n|-damage|p2b: Farigiraf|0 fnt\n|faint|p2b: Farigiraf\n|\n|upkeep\n|\n|t:|1773911393\n|switch|p1a: Chien-Pao|Chien-Pao, L50|100/100\n|switch|p2b: Tyranitar|Tyranitar, L50, M|100/100\n|-ability|p1a: Chien-Pao|Sword of Ruin\n|-weather|Sandstorm|[from] ability: Sand Stream|[of] p2b: Tyranitar\n|turn|4\n|\n|t:|1773911413\n|-terastallize|p2a: Calyrex|Normal\n|move|p1b: Tornadus|Tailwind|p1b: Tornadus\n|-sidestart|p1: ffxg|move: Tailwind\n|move|p1a: Chien-Pao|Ruination|p2b: Tyranitar\n|-damage|p2b: Tyranitar|51/100\n|move|p2a: Calyrex|Astral Barrage|p1a: Chien-Pao|[spread] p1a,p1b\n|-resisted|p1a: Chien-Pao\n|-damage|p1a: Chien-Pao|57/100\n|-damage|p1b: Tornadus|0 fnt\n|faint|p1b: Tornadus\n|-ability|p2a: Calyrex|Grim Neigh|boost\n|-boost|p2a: Calyrex|spa|1\n|move|p2b: Tyranitar|Rock Slide|p1a: Chien-Pao\n|-supereffective|p1a: Chien-Pao\n|-damage|p1a: Chien-Pao|0 fnt\n|faint|p1a: Chien-Pao\n|\n|-weather|Sandstorm|[upkeep]\n|-damage|p2a: Calyrex|60/100|[from] Sandstorm\n|upkeep\n|\n|t:|1773911426\n|switch|p1b: Dragonite|Dragonite, L50, M|100/100\n|turn|5\n|\n|t:|1773911434\n|move|p2a: Calyrex|Protect|p2a: Calyrex\n|-singleturn|p2a: Calyrex|Protect\n|move|p1b: Dragonite|Low Kick|p2a: Calyrex\n|-activate|p2a: Calyrex|move: Protect\n|move|p2b: Tyranitar|Knock Off|p1b: Dragonite\n|-damage|p1b: Dragonite|56/100\n|-enditem|p1b: Dragonite|Choice Band|[from] move: Knock Off|[of] p2b: Tyranitar\n|\n|-weather|Sandstorm|[upkeep]\n|-damage|p2a: Calyrex|55/100|[from] Sandstorm\n|-damage|p1b: Dragonite|50/100|[from] Sandstorm\n|upkeep\n|turn|6\n|\n|t:|1773911441\n|move|p2a: Calyrex|Astral Barrage|p1b: Dragonite\n|-damage|p1b: Dragonite|0 fnt\n|faint|p1b: Dragonite\n|\n|win|nerd159\n|raw|ffxg's rating: 1237 &rarr; <strong>1215</strong><br />(-22 for losing)\n|raw|nerd159's rating: 1285 &rarr; <strong>1307</strong><br />(+22 for winning)\n|l|\u2606ffxg\n|player|p1|\n|l|\u2606nerd159\n|player|p2|\n","uploadtime":1773911695,"views":13,"formatid":"gen9vgc2026regi","rating":1215,"private":0,"password":null}