{"id":"gen9vgc2026regi-2560260168","format":"[Gen 9] VGC 2026 Reg I","players":["Mikeyk25","sleemo2"],"log":"|j|\u2606Mikeyk25\n|j|\u2606sleemo2\n|t:|1773671584\n|gametype|doubles\n|player|p1|Mikeyk25|102|1367\n|player|p2|sleemo2|acetrainerf|1470\n|gen|9\n|tier|[Gen 9] VGC 2026 Reg I\n|rated|\n|rule|Species Clause: Limit one of each Pok\u00e9mon\n|rule|Item Clause: Limit 1 of each item\n|clearpoke\n|poke|p1|Kyogre, L50|\n|poke|p1|Zacian-*, L50|\n|poke|p1|Incineroar, L50, F|\n|poke|p1|Rillaboom, L50, M|\n|poke|p1|Urshifu-*, L50, M|\n|poke|p1|Tornadus, L50, M|\n|poke|p2|Calyrex-Shadow, L50|\n|poke|p2|Zamazenta-*, L50|\n|poke|p2|Whimsicott, L50, M|\n|poke|p2|Amoonguss, L50, M|\n|poke|p2|Chi-Yu, L50|\n|poke|p2|Regieleki, L50|\n|teampreview|4\n|\n|t:|1773671607\n|teamsize|p1|4\n|teamsize|p2|4\n|start\n|switch|p1a: Kyogre|Kyogre, L50, shiny|100/100\n|switch|p1b: Rillaboom|Rillaboom, L50, M, shiny|100/100\n|switch|p2a: Zamazenta|Zamazenta-Crowned, L50|100/100\n|switch|p2b: Regieleki|Regieleki, L50|100/100\n|-ability|p2a: Zamazenta|Dauntless Shield|boost\n|-boost|p2a: Zamazenta|def|1\n|-weather|RainDance|[from] ability: Drizzle|[of] p1a: Kyogre\n|-fieldstart|move: Grassy Terrain|[from] ability: Grassy Surge|[of] p1b: Rillaboom\n|turn|1\n|inactive|Battle timer is ON: inactive players will automatically lose when time's up. (requested by Mikeyk25)\n|\n|t:|1773671636\n|-terastallize|p1a: Kyogre|Grass\n|move|p2a: Zamazenta|Protect|p2a: Zamazenta\n|-singleturn|p2a: Zamazenta|Protect\n|move|p1b: Rillaboom|Fake Out|p2a: Zamazenta\n|-activate|p2a: Zamazenta|move: Protect\n|move|p2b: Regieleki|Volt Switch|p1a: Kyogre\n|-resisted|p1a: Kyogre\n|-damage|p1a: Kyogre|78/100\n|\n|t:|1773671645\n|switch|p2b: Whimsicott|Whimsicott, L50, M|100/100|[from] Volt Switch\n|move|p1a: Kyogre|Origin Pulse|p2a: Zamazenta|[spread] p2b\n|-activate|p2a: Zamazenta|move: Protect\n|-resisted|p2b: Whimsicott\n|-damage|p2b: Whimsicott|59/100\n|\n|-weather|RainDance|[upkeep]\n|-heal|p2b: Whimsicott|65/100|[from] Grassy Terrain\n|-heal|p1a: Kyogre|84/100|[from] Grassy Terrain\n|-heal|p1a: Kyogre|90/100|[from] item: Leftovers\n|upkeep\n|turn|2\n|\n|t:|1773671667\n|move|p2b: Whimsicott|Encore|p1b: Rillaboom\n|-start|p1b: Rillaboom|Encore\n|move|p2a: Zamazenta|Body Press|p1a: Kyogre\n|-damage|p1a: Kyogre|16/100\n|move|p1a: Kyogre|Origin Pulse|p2a: Zamazenta|[spread] p2a,p2b\n|-resisted|p2b: Whimsicott\n|-damage|p2a: Zamazenta|44/100\n|-damage|p2b: Whimsicott|24/100\n|move|p1b: Rillaboom|Fake Out||[still]\n|-hint|Fake Out only works on your first turn out.\n|-fail|p1b: Rillaboom\n|\n|-weather|RainDance|[upkeep]\n|-heal|p2a: Zamazenta|50/100|[from] Grassy Terrain\n|-heal|p2b: Whimsicott|30/100|[from] Grassy Terrain\n|-heal|p1a: Kyogre|22/100|[from] Grassy Terrain\n|-heal|p1a: Kyogre|29/100|[from] item: Leftovers\n|upkeep\n|turn|3\n|\n|t:|1773671691\n|switch|p1a: Tornadus|Tornadus, L50, M|100/100\n|switch|p1b: Zacian|Zacian-Crowned, L50|100/100\n|-ability|p1b: Zacian|Intrepid Sword|boost\n|-boost|p1b: Zacian|atk|1\n|move|p2a: Zamazenta|Body Press|p1a: Tornadus\n|-resisted|p1a: Tornadus\n|-damage|p1a: Tornadus|55/100\n|move|p2b: Whimsicott|Moonblast|p1b: Zacian\n|-resisted|p1b: Zacian\n|-damage|p1b: Zacian|90/100\n|-unboost|p1b: Zacian|spa|1\n|\n|-weather|RainDance|[upkeep]\n|-heal|p1b: Zacian|96/100|[from] Grassy Terrain\n|-heal|p2a: Zamazenta|57/100|[from] Grassy Terrain\n|-heal|p2b: Whimsicott|36/100|[from] Grassy Terrain\n|upkeep\n|turn|4\n|inactive|Mikeyk25 has 30 seconds left.\n|\n|t:|1773671721\n|move|p2b: Whimsicott|Tailwind|p2b: Whimsicott\n|-sidestart|p2: sleemo2|move: Tailwind\n|move|p1a: Tornadus|Tailwind|p1a: Tornadus\n|-sidestart|p1: Mikeyk25|move: Tailwind\n|move|p1b: Zacian|Play Rough|p2a: Zamazenta\n|-damage|p2a: Zamazenta|29/100\n|move|p2a: Zamazenta|Body Press|p1b: Zacian\n|-damage|p1b: Zacian|36/100\n|\n|-weather|RainDance|[upkeep]\n|-heal|p1b: Zacian|42/100|[from] Grassy Terrain\n|-heal|p2a: Zamazenta|35/100|[from] Grassy Terrain\n|-heal|p2b: Whimsicott|42/100|[from] Grassy Terrain\n|upkeep\n|turn|5\n|inactive|Mikeyk25 has 30 seconds left.\n|\n|t:|1773671748\n|move|p1b: Zacian|Behemoth Blade|p2b: Whimsicott\n|-supereffective|p2b: Whimsicott\n|-damage|p2b: Whimsicott|0 fnt\n|faint|p2b: Whimsicott\n|move|p2a: Zamazenta|Heavy Slam|p1a: Tornadus\n|-damage|p1a: Tornadus|0 fnt\n|faint|p1a: Tornadus\n|\n|-weather|none\n|-heal|p1b: Zacian|48/100|[from] Grassy Terrain\n|-heal|p2a: Zamazenta|41/100|[from] Grassy Terrain\n|-fieldend|move: Grassy Terrain\n|upkeep\n|\n|t:|1773671762\n|switch|p2b: Calyrex|Calyrex-Shadow, L50|100/100\n|switch|p1a: Rillaboom|Rillaboom, L50, M, shiny|100/100\n|-ability|p2b: Calyrex|As One\n|-ability|p2b: Calyrex|Unnerve\n|-fieldstart|move: Grassy Terrain|[from] ability: Grassy Surge|[of] p1a: Rillaboom\n|turn|6\n|\n|t:|1773671783\n|-terastallize|p2b: Calyrex|Ghost\n|move|p1b: Zacian|Protect|p1b: Zacian\n|-singleturn|p1b: Zacian|Protect\n|move|p2b: Calyrex|Astral Barrage|p1b: Zacian|[spread] p1a\n|-activate|p1b: Zacian|move: Protect\n|-crit|p1a: Rillaboom\n|-damage|p1a: Rillaboom|18/100\n|move|p2a: Zamazenta|Body Press|p1a: Rillaboom\n|-damage|p1a: Rillaboom|0 fnt\n|faint|p1a: Rillaboom\n|\n|-heal|p1b: Zacian|54/100|[from] Grassy Terrain\n|-heal|p2a: Zamazenta|48/100|[from] Grassy Terrain\n|upkeep\n|-message|Mikeyk25 forfeited.\n|\n|win|sleemo2\n|raw|Mikeyk25's rating: 1367 &rarr; <strong>1353</strong><br />(-14 for losing)\n|raw|sleemo2's rating: 1470 &rarr; <strong>1484</strong><br />(+14 for winning)\n|l|\u2606Mikeyk25\n|player|p1|\n|l|\u2606sleemo2\n|player|p2|\n","uploadtime":1773671949,"views":10,"formatid":"gen9vgc2026regi","rating":1353,"private":0,"password":null}