{"id":"gen9vgc2026regi-2572641736","format":"[Gen 9] VGC 2026 Reg I","players":["Axel316","blackred123"],"log":"|j|\u2606Axel316\n|j|\u2606blackred123\n|t:|1775051724\n|gametype|doubles\n|player|p1|Axel316|1|1330\n|player|p2|blackred123|iono-masters|1408\n|gen|9\n|tier|[Gen 9] VGC 2026 Reg I\n|rated|\n|rule|Species Clause: Limit one of each Pok\u00e9mon\n|rule|Item Clause: Limit 1 of each item\n|clearpoke\n|poke|p1|Terapagos, L50, M|\n|poke|p1|Whimsicott, L50, M|\n|poke|p1|Koraidon, L50|\n|poke|p1|Volcarona, L50, M|\n|poke|p1|Chien-Pao, L50|\n|poke|p1|Iron Hands, L50|\n|poke|p2|Groudon, L50|\n|poke|p2|Volcarona, L50, F|\n|poke|p2|Incineroar, L50, M|\n|poke|p2|Rillaboom, L50, F|\n|poke|p2|Grimmsnarl, L50, M|\n|poke|p2|Miraidon, L50|\n|teampreview|4\n|inactive|Battle timer is ON: inactive players will automatically lose when time's up. (requested by blackred123)\n|inactive|Axel316 has 60 seconds left.\n|\n|t:|1775051760\n|teamsize|p1|4\n|teamsize|p2|4\n|start\n|switch|p1a: Terapagos|Terapagos, L50, M|100/100\n|switch|p1b: Whimsicott|Whimsicott, L50, M|100/100\n|switch|p2a: \u94f6\u91d1\u5996\u86c7|Miraidon, L50, shiny|100/100\n|switch|p2b: Grimmsnarl|Grimmsnarl, L50, M|100/100\n|-activate|p1a: Terapagos|ability: Tera Shift\n|detailschange|p1a: Terapagos|Terapagos-Terastal, L50, M\n|-heal|p1a: Terapagos|100/100|[silent]\n|-fieldstart|move: Electric Terrain|[from] ability: Hadron Engine|[of] p2a: \u94f6\u91d1\u5996\u86c7\n|turn|1\n|\n|t:|1775051784\n|move|p1b: Whimsicott|Fake Tears|p2a: \u94f6\u91d1\u5996\u86c7\n|-unboost|p2a: \u94f6\u91d1\u5996\u86c7|spd|2\n|move|p2b: Grimmsnarl|Taunt|p1b: Whimsicott\n|-start|p1b: Whimsicott|move: Taunt\n|move|p2a: \u94f6\u91d1\u5996\u86c7|Calm Mind|p2a: \u94f6\u91d1\u5996\u86c7\n|-boost|p2a: \u94f6\u91d1\u5996\u86c7|spa|1\n|-boost|p2a: \u94f6\u91d1\u5996\u86c7|spd|1\n|move|p1a: Terapagos|Earth Power|p2a: \u94f6\u91d1\u5996\u86c7\n|-supereffective|p2a: \u94f6\u91d1\u5996\u86c7\n|-damage|p2a: \u94f6\u91d1\u5996\u86c7|30/100\n|\n|upkeep\n|turn|2\n|inactive|Axel316 has 30 seconds left.\n|\n|t:|1775051810\n|switch|p2b: \u6c38\u96cf\u5854\u83f2|Groudon, L50|100/100\n|-weather|SunnyDay|[from] ability: Drought|[of] p2b: \u6c38\u96cf\u5854\u83f2\n|move|p1b: Whimsicott|Moonblast|p2a: \u94f6\u91d1\u5996\u86c7\n|-supereffective|p2a: \u94f6\u91d1\u5996\u86c7\n|-damage|p2a: \u94f6\u91d1\u5996\u86c7|0 fnt\n|faint|p2a: \u94f6\u91d1\u5996\u86c7\n|move|p1a: Terapagos|Tera Starstorm|p2b: \u6c38\u96cf\u5854\u83f2\n|-damage|p2b: \u6c38\u96cf\u5854\u83f2|64/100\n|\n|-weather|SunnyDay|[upkeep]\n|upkeep\n|\n|t:|1775051824\n|switch|p2a: \u516d\u7ffc\u4e01\u771f|Volcarona, L50, F|100/100\n|-enditem|p2a: \u516d\u7ffc\u4e01\u771f|Electric Seed\n|-boost|p2a: \u516d\u7ffc\u4e01\u771f|def|1|[from] item: Electric Seed\n|turn|3\n|\n|t:|1775051832\n|switch|p1b: Volcarona|Volcarona, L50, M|100/100\n|-terastallize|p1a: Terapagos|Stellar\n|detailschange|p1a: Terapagos|Terapagos-Stellar, L50, M, tera:Stellar\n|-heal|p1a: Terapagos|100/100|[silent]\n|-ability|p1a: Terapagos|Teraform Zero\n|-weather|none\n|-fieldend|move: Electric Terrain\n|move|p2a: \u516d\u7ffc\u4e01\u771f|Heat Wave|p1a: Terapagos|[spread] p1a,p1b\n|-damage|p1a: Terapagos|78/100\n|-damage|p1b: Volcarona|70/100\n|move|p2b: \u6c38\u96cf\u5854\u83f2|Precipice Blades|p1a: Terapagos|[spread] p1a,p1b\n|-damage|p1a: Terapagos|47/100\n|-damage|p1b: Volcarona|17/100\n|move|p1a: Terapagos|Tera Starstorm|p2b: \u6c38\u96cf\u5854\u83f2|[spread] p2a,p2b\n|-damage|p2a: \u516d\u7ffc\u4e01\u771f|63/100\n|-damage|p2b: \u6c38\u96cf\u5854\u83f2|36/100\n|\n|-heal|p1a: Terapagos|53/100|[from] item: Leftovers\n|upkeep\n|turn|4\n|\n|t:|1775051853\n|move|p1a: Terapagos|Protect|p1a: Terapagos\n|-singleturn|p1a: Terapagos|Protect\n|move|p2a: \u516d\u7ffc\u4e01\u771f|Heat Wave|p1a: Terapagos|[spread] p1b\n|-activate|p1a: Terapagos|move: Protect\n|-damage|p1b: Volcarona|0 fnt\n|faint|p1b: Volcarona\n|move|p2b: \u6c38\u96cf\u5854\u83f2|Precipice Blades|p1a: Terapagos\n|-activate|p1a: Terapagos|move: Protect\n|\n|-heal|p1a: Terapagos|59/100|[from] item: Leftovers\n|upkeep\n|\n|t:|1775051865\n|switch|p1b: Whimsicott|Whimsicott, L50, M|100/100\n|turn|5\n|\n|t:|1775051871\n|switch|p2b: Grimmsnarl|Grimmsnarl, L50, M|100/100\n|move|p1b: Whimsicott|Tailwind|p1b: Whimsicott\n|-sidestart|p1: Axel316|move: Tailwind\n|move|p1a: Terapagos|Tera Starstorm|p2b: Grimmsnarl|[spread] p2a,p2b\n|-damage|p2a: \u516d\u7ffc\u4e01\u771f|31/100\n|-damage|p2b: Grimmsnarl|59/100\n|move|p2a: \u516d\u7ffc\u4e01\u771f|Heat Wave|p1a: Terapagos|[spread] p1a,p1b\n|-supereffective|p1b: Whimsicott\n|-damage|p1a: Terapagos|36/100\n|-damage|p1b: Whimsicott|5/100\n|\n|-heal|p1a: Terapagos|42/100|[from] item: Leftovers\n|upkeep\n|turn|6\n|\n|t:|1775051889\n|move|p2b: Grimmsnarl|Light Screen|p2b: Grimmsnarl\n|-sidestart|p2: blackred123|move: Light Screen\n|move|p1b: Whimsicott|Moonblast|p2b: Grimmsnarl\n|-supereffective|p2b: Grimmsnarl\n|-damage|p2b: Grimmsnarl|20/100\n|-unboost|p2b: Grimmsnarl|spa|1\n|move|p1a: Terapagos|Tera Starstorm|p2b: Grimmsnarl|[spread] p2a,p2b\n|-damage|p2a: \u516d\u7ffc\u4e01\u771f|8/100\n|-damage|p2b: Grimmsnarl|0 fnt\n|faint|p2b: Grimmsnarl\n|move|p2a: \u516d\u7ffc\u4e01\u771f|Heat Wave|p1b: Whimsicott|[spread] p1a,p1b\n|-supereffective|p1b: Whimsicott\n|-damage|p1a: Terapagos|19/100\n|-damage|p1b: Whimsicott|0 fnt\n|-status|p1a: Terapagos|brn\n|faint|p1b: Whimsicott\n|\n|-heal|p1a: Terapagos|25/100 brn|[from] item: Leftovers\n|-damage|p1a: Terapagos|19/100 brn|[from] brn\n|upkeep\n|\n|t:|1775051908\n|switch|p1b: Koraidon|Koraidon, L50|100/100\n|switch|p2b: \u6c38\u96cf\u5854\u83f2|Groudon, L50|36/100\n|-weather|SunnyDay|[from] ability: Orichalcum Pulse|[of] p1b: Koraidon\n|-activate|p1b: Koraidon|Orichalcum Pulse|[source]\n|turn|7\n|\n|t:|1775051920\n|move|p1b: Koraidon|Flame Charge|p2a: \u516d\u7ffc\u4e01\u771f\n|-damage|p2a: \u516d\u7ffc\u4e01\u771f|0 fnt\n|-boost|p1b: Koraidon|spe|1\n|faint|p2a: \u516d\u7ffc\u4e01\u771f\n|move|p1a: Terapagos|Tera Starstorm|p2b: \u6c38\u96cf\u5854\u83f2\n|-damage|p2b: \u6c38\u96cf\u5854\u83f2|15/100\n|move|p2b: \u6c38\u96cf\u5854\u83f2|Precipice Blades|p1b: Koraidon|[spread] p1a,p1b\n|-damage|p1a: Terapagos|0 fnt\n|-damage|p1b: Koraidon|50/100\n|faint|p1a: Terapagos\n|detailschange|p1: Terapagos|Terapagos, L50, M|[silent]\n|\n|-weather|SunnyDay|[upkeep]\n|upkeep\n|turn|8\n|\n|t:|1775051935\n|-terastallize|p2b: \u6c38\u96cf\u5854\u83f2|Fire\n|move|p1b: Koraidon|Collision Course|p2b: \u6c38\u96cf\u5854\u83f2\n|-damage|p2b: \u6c38\u96cf\u5854\u83f2|0 fnt\n|faint|p2b: \u6c38\u96cf\u5854\u83f2\n|\n|win|Axel316\n|raw|Axel316's rating: 1330 &rarr; <strong>1354</strong><br />(+24 for winning)\n|raw|blackred123's rating: 1408 &rarr; <strong>1384</strong><br />(-24 for losing)\n|l|\u2606blackred123\n|player|p2|\n|l|\u2606Axel316\n|player|p1|\n|j|\u2606Axel316\n|player|p1|Axel316|1|\n","uploadtime":1775052006,"views":12,"formatid":"gen9vgc2026regi","rating":1354,"private":0,"password":null}