{"id":"gen9vgc2026regi-2577807885","format":"[Gen 9] VGC 2026 Reg I","players":["uhh daneooo","Cookiecrumble123"],"log":"|j|\u2606uhh daneooo\n|j|\u2606Cookiecrumble123\n|t:|1775608004\n|gametype|doubles\n|player|p1|uhh daneooo|2|1378\n|player|p2|Cookiecrumble123|169|1404\n|gen|9\n|tier|[Gen 9] VGC 2026 Reg I\n|rated|\n|rule|Species Clause: Limit one of each Pok\u00e9mon\n|rule|Item Clause: Limit 1 of each item\n|clearpoke\n|poke|p1|Grafaiai, L50, M|\n|poke|p1|Miraidon, L50|\n|poke|p1|Tornadus, L50, M|\n|poke|p1|Kyogre, L50|\n|poke|p1|Iron Treads, L50|\n|poke|p1|Flutter Mane, L50|\n|poke|p2|Calyrex-Ice, L50|\n|poke|p2|Amoonguss, L50, M|\n|poke|p2|Iron Hands, L50|\n|poke|p2|Indeedee-F, L50, F|\n|poke|p2|Miraidon, L50|\n|poke|p2|Ting-Lu, L50|\n|teampreview|4\n|inactive|Battle timer is ON: inactive players will automatically lose when time's up. (requested by Cookiecrumble123)\n|inactive|Cookiecrumble123 has 60 seconds left.\n|\n|t:|1775608035\n|teamsize|p1|4\n|teamsize|p2|4\n|start\n|switch|p1a: Miraidon|Miraidon, L50|100/100\n|switch|p1b: Grafaiai|Grafaiai, L50, M|100/100\n|switch|p2a: Calyrex|Calyrex-Ice, L50|100/100\n|switch|p2b: Iron Hands|Iron Hands, L50|100/100\n|-ability|p2a: Calyrex|As One\n|-ability|p2a: Calyrex|Unnerve\n|-fieldstart|move: Electric Terrain|[from] ability: Hadron Engine|[of] p1a: Miraidon\n|-enditem|p1b: Grafaiai|Electric Seed\n|-boost|p1b: Grafaiai|def|1|[from] item: Electric Seed\n|-activate|p2b: Iron Hands|ability: Quark Drive\n|-start|p2b: Iron Hands|quarkdriveatk\n|turn|1\n|\n|t:|1775608049\n|move|p2b: Iron Hands|Fake Out|p1a: Miraidon\n|-damage|p1a: Miraidon|83/100\n|move|p1b: Grafaiai|Acid Spray|p2a: Calyrex\n|-damage|p2a: Calyrex|93/100\n|move|p1a: Miraidon|Electro Drift|p2a: Calyrex\n|-damage|p2a: Calyrex|41/100\n|move|p2a: Calyrex|Glacial Lance|p1b: Grafaiai|[spread] p1a,p1b\n|-supereffective|p1a: Miraidon\n|-crit|p1a: Miraidon\n|-damage|p1a: Miraidon|0 fnt\n|-damage|p1b: Grafaiai|52/100\n|faint|p1a: Miraidon\n|-ability|p2a: Calyrex|Chilling Neigh|boost\n|-boost|p2a: Calyrex|atk|1\n|\n|upkeep\n|\n|t:|1775608062\n|switch|p1a: Kyogre|Kyogre, L50|100/100\n|-weather|RainDance|[from] ability: Drizzle|[of] p1a: Kyogre\n|turn|2\n|\n|t:|1775608071\n|move|p2a: Calyrex|Protect|p2a: Calyrex\n|-singleturn|p2a: Calyrex|Protect\n|move|p1b: Grafaiai|Acid Spray|p2b: Iron Hands\n|-damage|p2b: Iron Hands|95/100\n|-unboost|p2b: Iron Hands|spd|2\n|move|p1a: Kyogre|Water Spout|p2a: Calyrex|[spread] p2b\n|-activate|p2a: Calyrex|move: Protect\n|-damage|p2b: Iron Hands|0 fnt\n|faint|p2b: Iron Hands\n|-end|p2b: Iron Hands|Quark Drive|[silent]\n|\n|-weather|RainDance|[upkeep]\n|upkeep\n|\n|t:|1775608081\n|switch|p2b: Ting-Lu|Ting-Lu, L50|100/100\n|-ability|p2b: Ting-Lu|Vessel of Ruin\n|turn|3\n|\n|t:|1775608092\n|-terastallize|p2a: Calyrex|Water\n|move|p1b: Grafaiai|Encore|p2a: Calyrex\n|-start|p2a: Calyrex|Encore\n|move|p1a: Kyogre|Water Spout|p2b: Ting-Lu|[spread] p2a,p2b\n|-resisted|p2a: Calyrex\n|-supereffective|p2b: Ting-Lu\n|-damage|p2a: Calyrex|7/100\n|-damage|p2b: Ting-Lu|0 fnt\n|faint|p2b: Ting-Lu\n|move|p2a: Calyrex|Protect||[still]\n|-fail|p2a: Calyrex\n|\n|-weather|RainDance|[upkeep]\n|upkeep\n|\n|t:|1775608099\n|switch|p2b: Miraidon|Miraidon, L50|100/100\n|-activate|p2b: Miraidon|ability: Hadron Engine\n|turn|4\n|\n|t:|1775608112\n|switch|p1a: Iron Treads|Iron Treads, L50, shiny|100/100\n|-activate|p1a: Iron Treads|ability: Quark Drive\n|-start|p1a: Iron Treads|quarkdrivespe\n|move|p2a: Calyrex|Protect|p2a: Calyrex\n|-singleturn|p2a: Calyrex|Protect\n|move|p1b: Grafaiai|Scary Face|p2b: Miraidon\n|-unboost|p2b: Miraidon|spe|2\n|move|p2b: Miraidon|Electro Drift|p1a: Iron Treads\n|-immune|p1a: Iron Treads\n|\n|-weather|RainDance|[upkeep]\n|upkeep\n|turn|5\n|-message|Cookiecrumble123 forfeited.\n|\n|win|uhh daneooo\n|raw|uhh daneooo's rating: 1378 &rarr; <strong>1399</strong><br />(+21 for winning)\n|raw|Cookiecrumble123's rating: 1404 &rarr; <strong>1383</strong><br />(-21 for losing)\n|l|\u2606Cookiecrumble123\n|player|p2|\n|l|\u2606uhh daneooo\n|player|p1|\n","uploadtime":1775608331,"views":8,"formatid":"gen9vgc2026regi","rating":1383,"private":0,"password":null}