{"id":"gen9vgc2026regi-2515144819","format":"[Gen 9] VGC 2026 Reg I","players":["Danielsbf","dasabe\u76d6\u6b27\u5361\u4fa0"],"log":"|j|\u2606Danielsbf\n|j|\u2606dasabe\u76d6\u6b27\u5361\u4fa0\n|t:|1767959902\n|gametype|doubles\n|player|p1|Danielsbf|102|1209\n|player|p2|dasabe\u76d6\u6b27\u5361\u4fa0|may-masters4|1436\n|gen|9\n|tier|[Gen 9] VGC 2026 Reg I\n|rated|\n|rule|Species Clause: Limit one of each Pok\u00e9mon\n|rule|Item Clause: Limit 1 of each item\n|clearpoke\n|poke|p1|Ting-Lu, L50|\n|poke|p1|Calyrex-Ice, L50|\n|poke|p1|Iron Valiant, L50|\n|poke|p1|Miraidon, L50|\n|poke|p1|Farigiraf, L50, M|\n|poke|p1|Incineroar, L50, F|\n|poke|p2|Calyrex-Ice, L50|\n|poke|p2|Kyogre, L50|\n|poke|p2|Smeargle, L50, M|\n|poke|p2|Rillaboom, L50, F|\n|poke|p2|Urshifu-*, L50, F|\n|poke|p2|Landorus, L50, M|\n|teampreview|4\n|\n|t:|1767959930\n|teamsize|p1|4\n|teamsize|p2|4\n|start\n|switch|p1a: Miraidon|Miraidon, L50|100/100\n|switch|p1b: Iron Valiant|Iron Valiant, L50|100/100\n|switch|p2a: \u6210\u90fd\u8001\u76d6|Kyogre, L50|100/100\n|switch|p2b: \u5c0f\u7b14\u7ea2\u80bf|Smeargle, L50, M, shiny|100/100\n|-fieldstart|move: Electric Terrain|[from] ability: Hadron Engine|[of] p1a: Miraidon\n|-activate|p1b: Iron Valiant|ability: Quark Drive\n|-start|p1b: Iron Valiant|quarkdriveatk\n|-weather|RainDance|[from] ability: Drizzle|[of] p2a: \u6210\u90fd\u8001\u76d6\n|turn|1\n|\n|t:|1767959940\n|switch|p2a: \u63e1\u8349\u733f|Rillaboom, L50, F|100/100\n|-fieldstart|move: Grassy Terrain|[from] ability: Grassy Surge|[of] p2a: \u63e1\u8349\u733f\n|-end|p1b: Iron Valiant|Quark Drive\n|move|p1b: Iron Valiant|Wide Guard|p1b: Iron Valiant\n|-singleturn|p1b: Iron Valiant|Wide Guard\n|move|p1a: Miraidon|Volt Switch|p2b: \u5c0f\u7b14\u7ea2\u80bf\n|-damage|p2b: \u5c0f\u7b14\u7ea2\u80bf|12/100\n|\n|t:|1767959952\n|switch|p1a: Farigiraf|Farigiraf, L50, M|100/100|[from] Volt Switch\n|move|p2b: \u5c0f\u7b14\u7ea2\u80bf|Spore|p1a: Farigiraf\n|-status|p1a: Farigiraf|slp|[from] move: Spore\n|\n|-weather|RainDance|[upkeep]\n|-heal|p2b: \u5c0f\u7b14\u7ea2\u80bf|18/100|[from] Grassy Terrain\n|-ability|p2b: \u5c0f\u7b14\u7ea2\u80bf|Moody|boost\n|-boost|p2b: \u5c0f\u7b14\u7ea2\u80bf|spa|2\n|-unboost|p2b: \u5c0f\u7b14\u7ea2\u80bf|atk|1\n|upkeep\n|turn|2\n|\n|t:|1767959965\n|move|p1b: Iron Valiant|Spirit Break|p2b: \u5c0f\u7b14\u7ea2\u80bf\n|-damage|p2b: \u5c0f\u7b14\u7ea2\u80bf|0 fnt\n|faint|p2b: \u5c0f\u7b14\u7ea2\u80bf\n|move|p2a: \u63e1\u8349\u733f|U-turn|p1a: Farigiraf\n|-supereffective|p1a: Farigiraf\n|-damage|p1a: Farigiraf|62/100 slp\n|\n|t:|1767959969\n|switch|p2a: \u9e7f\u51a0\u738b|Calyrex-Ice, L50|100/100|[from] U-turn\n|-ability|p2a: \u9e7f\u51a0\u738b|As One\n|-ability|p2a: \u9e7f\u51a0\u738b|Unnerve\n|cant|p1a: Farigiraf|slp\n|\n|-weather|RainDance|[upkeep]\n|-heal|p1a: Farigiraf|68/100 slp|[from] Grassy Terrain\n|upkeep\n|\n|t:|1767959971\n|switch|p2b: \u63e1\u8349\u733f|Rillaboom, L50, F|100/100\n|turn|3\n|\n|t:|1767960002\n|switch|p1a: Calyrex|Calyrex-Ice, L50|100/100\n|-ability|p1a: Calyrex|As One\n|-ability|p1a: Calyrex|Unnerve\n|move|p1b: Iron Valiant|Wide Guard|p1b: Iron Valiant\n|-singleturn|p1b: Iron Valiant|Wide Guard\n|move|p2b: \u63e1\u8349\u733f|Wood Hammer|p1b: Iron Valiant\n|-enditem|p1b: Iron Valiant|Focus Sash\n|-damage|p1b: Iron Valiant|1/100\n|-damage|p2b: \u63e1\u8349\u733f|77/100|[from] Recoil\n|move|p2a: \u9e7f\u51a0\u738b|Glacial Lance|p1b: Iron Valiant|[spread] \n|-activate|p1a: Calyrex|move: Wide Guard\n|-activate|p1b: Iron Valiant|move: Wide Guard\n|\n|-weather|RainDance|[upkeep]\n|-heal|p1b: Iron Valiant|7/100|[from] Grassy Terrain\n|-heal|p2b: \u63e1\u8349\u733f|83/100|[from] Grassy Terrain\n|upkeep\n|turn|4\n|j| blackred123\u6c38\u96cf\u5854\u83f2\u4fa0\n|\n|t:|1767960045\n|move|p1b: Iron Valiant|Close Combat|p2a: \u9e7f\u51a0\u738b\n|-damage|p2a: \u9e7f\u51a0\u738b|60/100\n|-unboost|p1b: Iron Valiant|def|1\n|-unboost|p1b: Iron Valiant|spd|1\n|move|p2b: \u63e1\u8349\u733f|U-turn|p1b: Iron Valiant\n|-resisted|p1b: Iron Valiant\n|-damage|p1b: Iron Valiant|0 fnt\n|faint|p1b: Iron Valiant\n|-end|p1b: Iron Valiant|Quark Drive|[silent]\n|l|\u2606dasabe\u76d6\u6b27\u5361\u4fa0\n|player|p2|\n|j|\u2606dasabe\u76d6\u6b27\u5361\u4fa0\n|player|p2|dasabe\u76d6\u6b27\u5361\u4fa0|may-masters4|\n|\n|t:|1767960069\n|switch|p2b: \u6210\u90fd\u8001\u76d6|Kyogre, L50|100/100|[from] U-turn\n|move|p2a: \u9e7f\u51a0\u738b|Leech Seed|p1a: Calyrex\n|-start|p1a: Calyrex|move: Leech Seed\n|move|p1a: Calyrex|Stomping Tantrum|p2a: \u9e7f\u51a0\u738b\n|-damage|p2a: \u9e7f\u51a0\u738b|41/100\n|\n|-weather|RainDance|[upkeep]\n|-heal|p2a: \u9e7f\u51a0\u738b|47/100|[from] Grassy Terrain\n|-heal|p2a: \u9e7f\u51a0\u738b|53/100|[from] item: Leftovers\n|-damage|p1a: Calyrex|88/100|[from] Leech Seed|[of] p2a: \u9e7f\u51a0\u738b\n|-heal|p2a: \u9e7f\u51a0\u738b|65/100|[silent]\n|upkeep\n|\n|t:|1767960079\n|switch|p1b: Miraidon|Miraidon, L50|100/100\n|-fieldstart|move: Electric Terrain|[from] ability: Hadron Engine|[of] p1b: Miraidon\n|turn|5\n|\n|t:|1767960097\n|-terastallize|p1b: Miraidon|Electric\n|move|p2a: \u9e7f\u51a0\u738b|Protect|p2a: \u9e7f\u51a0\u738b\n|-singleturn|p2a: \u9e7f\u51a0\u738b|Protect\n|move|p1b: Miraidon|Electro Drift|p2a: \u9e7f\u51a0\u738b\n|-activate|p2a: \u9e7f\u51a0\u738b|move: Protect\n|move|p2b: \u6210\u90fd\u8001\u76d6|Water Spout|p1a: Calyrex|[spread] p1a,p1b\n|-damage|p1a: Calyrex|0 fnt\n|-damage|p1b: Miraidon|0 fnt\n|faint|p1a: Calyrex\n|faint|p1b: Miraidon\n|\n|-weather|none\n|-heal|p2a: \u9e7f\u51a0\u738b|71/100|[from] item: Leftovers\n|upkeep\n|-message|Danielsbf forfeited.\n|\n|win|dasabe\u76d6\u6b27\u5361\u4fa0\n|raw|Danielsbf's rating: 1209 &rarr; <strong>1198</strong><br />(-11 for losing)\n|raw|dasabe\u76d6\u6b27\u5361\u4fa0's rating: 1436 &rarr; <strong>1445</strong><br />(+9 for winning)\n|l|\u2606Danielsbf\n|player|p1|\n|l|\u2606dasabe\u76d6\u6b27\u5361\u4fa0\n|player|p2|\n","uploadtime":1767960277,"views":12,"formatid":"gen9vgc2026regi","rating":1198,"private":0,"password":null}