{"id":"gen9vgc2026regi-2547753173","format":"[Gen 9] VGC 2026 Reg I","players":["DudeGaming 25","jepeg"],"log":"|j|\u2606DudeGaming 25\n|j|\u2606jepeg\n|t:|1772128748\n|gametype|doubles\n|player|p1|DudeGaming 25|hugh|1277\n|player|p2|jepeg|beauty-gen4dp|1328\n|gen|9\n|tier|[Gen 9] VGC 2026 Reg I\n|rated|\n|rule|Species Clause: Limit one of each Pok\u00e9mon\n|rule|Item Clause: Limit 1 of each item\n|clearpoke\n|poke|p1|Lunala, L50|\n|poke|p1|Calyrex-Ice, L50|\n|poke|p1|Raging Bolt, L50|\n|poke|p1|Ursaluna-Bloodmoon, L50, M|\n|poke|p1|Grimmsnarl, L50, M|\n|poke|p1|Indeedee-F, L50, F|\n|poke|p2|Calyrex-Ice, L50|\n|poke|p2|Annihilape, L50, F|\n|poke|p2|Oranguru, L50, F|\n|poke|p2|Miraidon, L50|\n|poke|p2|Ogerpon-Hearthflame, L50, F|\n|poke|p2|Bruxish, L50, F|\n|teampreview|4\n|\n|t:|1772128770\n|teamsize|p1|4\n|teamsize|p2|4\n|start\n|switch|p1a: Indeedee|Indeedee-F, L50, F|100/100\n|switch|p1b: Lunala|Lunala, L50, shiny|100/100\n|switch|p2a: Annihilape|Annihilape, L50, F|100/100\n|switch|p2b: Ogerpon|Ogerpon-Hearthflame, L50, F|100/100\n|-ability|p2b: Ogerpon|Mold Breaker\n|-fieldstart|move: Psychic Terrain|[from] ability: Psychic Surge|[of] p1a: Indeedee\n|turn|1\n|inactive|Battle timer is ON: inactive players will automatically lose when time's up. (requested by DudeGaming 25)\n|\n|t:|1772128817\n|move|p1a: Indeedee|Follow Me|p1a: Indeedee\n|-singleturn|p1a: Indeedee|move: Follow Me\n|move|p2a: Annihilape|Final Gambit|p1a: Indeedee\n|-damage|p1a: Indeedee|0 fnt\n|faint|p2a: Annihilape\n|faint|p1a: Indeedee\n|move|p2b: Ogerpon|Ivy Cudgel|p1b: Lunala|[anim] Ivy Cudgel Fire\n|-damage|p1b: Lunala|77/100\n|move|p1b: Lunala|Trick Room|p1b: Lunala\n|-fieldstart|move: Trick Room|[of] p1b: Lunala\n|\n|upkeep\n|\n|t:|1772128830\n|switch|p1a: Calyrex|Calyrex-Ice, L50|100/100\n|switch|p2a: Calyrex|Calyrex-Ice, L50|100/100\n|-ability|p1a: Calyrex|As One\n|-ability|p1a: Calyrex|Unnerve\n|-ability|p2a: Calyrex|As One\n|-ability|p2a: Calyrex|Unnerve\n|turn|2\n|inactive|jepeg has 30 seconds left.\n|inactive|DudeGaming 25 has 30 seconds left.\n|inactive|jepeg has 20 seconds left.\n|inactive|jepeg has 15 seconds left.\n|\n|t:|1772128872\n|-terastallize|p1a: Calyrex|Fire\n|-terastallize|p2b: Ogerpon|Fire\n|detailschange|p2b: Ogerpon|Ogerpon-Hearthflame-Tera, L50, F, tera:Fire\n|-ability|p2b: Ogerpon|Embody Aspect (Hearthflame)|boost\n|-boost|p2b: Ogerpon|atk|1\n|move|p1a: Calyrex|Leech Seed|p2b: Ogerpon|[miss]\n|-miss|p1a: Calyrex|p2b: Ogerpon\n|move|p2a: Calyrex|Glacial Lance|p1b: Lunala|[spread] p1a,p1b\n|-resisted|p1a: Calyrex\n|-damage|p1a: Calyrex|82/100\n|-damage|p1b: Lunala|34/100\n|move|p1b: Lunala|Moongeist Beam|p2a: Calyrex\n|-supereffective|p2a: Calyrex\n|-damage|p2a: Calyrex|30/100\n|move|p2b: Ogerpon|Ivy Cudgel|p1b: Lunala|[anim] Ivy Cudgel Fire\n|-damage|p1b: Lunala|0 fnt\n|faint|p1b: Lunala\n|\n|upkeep\n|\n|t:|1772128893\n|switch|p1b: Ursaluna|Ursaluna-Bloodmoon, L50, M|100/100\n|turn|3\n|inactive|jepeg has 30 seconds left.\n|inactive|jepeg has 20 seconds left.\n|inactive|jepeg has 15 seconds left.\n|inactive|jepeg has 10 seconds left.\n|\n|t:|1772128940\n|move|p2a: Calyrex|Protect|p2a: Calyrex\n|-singleturn|p2a: Calyrex|Protect\n|move|p2b: Ogerpon|Spiky Shield|p2b: Ogerpon\n|-singleturn|p2b: Ogerpon|move: Protect\n|move|p1b: Ursaluna|Vacuum Wave|p2a: Calyrex\n|-activate|p2a: Calyrex|move: Psychic Terrain\n|move|p1a: Calyrex|Glacial Lance|p2a: Calyrex|[spread] \n|-activate|p2a: Calyrex|move: Protect\n|-activate|p2b: Ogerpon|move: Protect\n|\n|upkeep\n|turn|4\n|\n|t:|1772128963\n|move|p1a: Calyrex|Glacial Lance|p2b: Ogerpon|[spread] p2a,p2b\n|-resisted|p2a: Calyrex\n|-resisted|p2b: Ogerpon\n|-damage|p2a: Calyrex|12/100\n|-damage|p2b: Ogerpon|60/100\n|move|p1b: Ursaluna|Hyper Voice|p2a: Calyrex|[spread] p2a,p2b\n|-damage|p2a: Calyrex|0 fnt\n|-damage|p2b: Ogerpon|13/100\n|faint|p2a: Calyrex\n|move|p2b: Ogerpon|Wood Hammer|p1b: Ursaluna\n|-supereffective|p1b: Ursaluna\n|-crit|p1b: Ursaluna\n|-damage|p1b: Ursaluna|0 fnt\n|faint|p1b: Ursaluna\n|-damage|p2b: Ogerpon|0 fnt|[from] Recoil\n|faint|p2b: Ogerpon\n|detailschange|p2: Ogerpon|Ogerpon-Hearthflame, L50, F|[silent]\n|\n|upkeep\n|\n|t:|1772128975\n|switch|p2b: Miraidon|Miraidon, L50|100/100\n|-fieldstart|move: Electric Terrain|[from] ability: Hadron Engine|[of] p2b: Miraidon\n|turn|5\n|\n|t:|1772128985\n|move|p1a: Calyrex|Glacial Lance|p2b: Miraidon\n|-supereffective|p2b: Miraidon\n|-damage|p2b: Miraidon|0 fnt\n|faint|p2b: Miraidon\n|\n|win|DudeGaming 25\n|raw|DudeGaming 25's rating: 1277 &rarr; <strong>1306</strong><br />(+29 for winning)\n|raw|jepeg's rating: 1328 &rarr; <strong>1305</strong><br />(-23 for losing)\n|l|\u2606jepeg\n|player|p2|\n","uploadtime":1772129145,"views":19,"formatid":"gen9vgc2026regi","rating":1305,"private":0,"password":null}