{"id":"gen9vgc2026regi-2576612515","format":"[Gen 9] VGC 2026 Reg I","players":["Harry Koekenpan","lozraff"],"log":"|j|\u2606Harry Koekenpan\n|j|\u2606lozraff\n|t:|1775491980\n|gametype|doubles\n|player|p1|Harry Koekenpan|169|1411\n|player|p2|lozraff|1|1369\n|gen|9\n|tier|[Gen 9] VGC 2026 Reg I\n|rated|\n|rule|Species Clause: Limit one of each Pok\u00e9mon\n|rule|Item Clause: Limit 1 of each item\n|clearpoke\n|poke|p1|Weezing-Galar, L50, M|\n|poke|p1|Calyrex-Shadow, L50|\n|poke|p1|Regigigas, L50|\n|poke|p1|Tatsugiri, L50, F|\n|poke|p1|Dondozo, L50, F|\n|poke|p1|Koraidon, L50|\n|poke|p2|Terapagos, L50, M|\n|poke|p2|Torkoal, L50, F|\n|poke|p2|Farigiraf, L50, M|\n|poke|p2|Incineroar, L50, M|\n|poke|p2|Annihilape, L50, F|\n|poke|p2|Calyrex-Ice, L50|\n|teampreview|4\n|inactive|Battle timer is ON: inactive players will automatically lose when time's up. (requested by lozraff)\n|inactive|lozraff has 60 seconds left.\n|\n|t:|1775492015\n|teamsize|p1|4\n|teamsize|p2|4\n|start\n|switch|p1a: Weezing|Weezing-Galar, L50, M|100/100\n|switch|p1b: Regigigas|Regigigas, L50|100/100\n|switch|p2a: Farigiraf|Farigiraf, L50, M|100/100\n|switch|p2b: Annihilape|Annihilape, L50, F|100/100\n|-ability|p1a: Weezing|Neutralizing Gas\n|turn|1\n|\n|t:|1775492031\n|move|p1a: Weezing|Protect|p1a: Weezing\n|-singleturn|p1a: Weezing|Protect\n|move|p2b: Annihilape|Final Gambit|p1a: Weezing\n|-activate|p1a: Weezing|move: Protect\n|move|p1b: Regigigas|Knock Off|p2b: Annihilape\n|-damage|p2b: Annihilape|60/100\n|-enditem|p2b: Annihilape|Choice Scarf|[from] move: Knock Off|[of] p1b: Regigigas\n|move|p2a: Farigiraf|Trick Room|p2a: Farigiraf\n|-fieldstart|move: Trick Room|[of] p2a: Farigiraf\n|\n|upkeep\n|turn|2\n|\n|t:|1775492050\n|move|p2a: Farigiraf|Nasty Plot|p2a: Farigiraf\n|-boost|p2a: Farigiraf|spa|2\n|move|p1a: Weezing|Poison Gas|p2b: Annihilape|[spread] p2a,p2b\n|-status|p2a: Farigiraf|psn\n|-status|p2b: Annihilape|psn\n|move|p2b: Annihilape|Final Gambit|p1a: Weezing\n|-damage|p1a: Weezing|25/100\n|-enditem|p1a: Weezing|Sitrus Berry|[eat]\n|-heal|p1a: Weezing|50/100|[from] item: Sitrus Berry\n|faint|p2b: Annihilape\n|move|p1b: Regigigas|Knock Off|p2a: Farigiraf\n|-supereffective|p2a: Farigiraf\n|-damage|p2a: Farigiraf|28/100 psn\n|-enditem|p2a: Farigiraf|Aguav Berry|[from] move: Knock Off|[of] p1b: Regigigas\n|\n|-damage|p2a: Farigiraf|15/100 psn|[from] psn\n|upkeep\n|inactive|lozraff has 30 seconds left.\n|\n|t:|1775492081\n|switch|p2b: Torkoal|Torkoal, L50, F|100/100\n|turn|3\n|inactive|Harry Koekenpan has 30 seconds left.\n|inactive|Harry Koekenpan has 20 seconds left.\n|\n|t:|1775492121\n|move|p1a: Weezing|Protect|p1a: Weezing\n|-singleturn|p1a: Weezing|Protect\n|move|p2b: Torkoal|Eruption|p1b: Regigigas|[spread] p1b\n|-activate|p1a: Weezing|move: Protect\n|-damage|p1b: Regigigas|50/100\n|move|p2a: Farigiraf|Hyper Voice|p1b: Regigigas|[spread] p1b\n|-activate|p1a: Weezing|move: Protect\n|-damage|p1b: Regigigas|2/100\n|move|p1b: Regigigas|Knock Off|p2b: Torkoal\n|-damage|p2b: Torkoal|69/100\n|-enditem|p2b: Torkoal|Charcoal|[from] move: Knock Off|[of] p1b: Regigigas\n|\n|-damage|p2a: Farigiraf|3/100 psn|[from] psn\n|upkeep\n|turn|4\n|\n|t:|1775492146\n|move|p2b: Torkoal|Yawn|p1b: Regigigas\n|-start|p1b: Regigigas|move: Yawn|[of] p2b: Torkoal\n|move|p2a: Farigiraf|Shadow Ball|p1a: Weezing\n|-damage|p1a: Weezing|12/100\n|-unboost|p1a: Weezing|spd|1\n|move|p1a: Weezing|Poison Gas|p2a: Farigiraf|[spread] p2a,p2b\n|-fail|p2a: Farigiraf|psn\n|-status|p2b: Torkoal|psn\n|move|p1b: Regigigas|Knock Off|p2b: Torkoal\n|-damage|p2b: Torkoal|45/100 psn\n|\n|-damage|p2b: Torkoal|32/100 psn|[from] psn\n|-damage|p2a: Farigiraf|0 fnt|[from] psn\n|faint|p2a: Farigiraf\n|upkeep\n|\n|t:|1775492160\n|switch|p2a: Calyrex|Calyrex-Ice, L50|100/100\n|-ability|p2a: Calyrex|As One\n|-ability|p2a: Calyrex|Unnerve\n|turn|5\n|\n|t:|1775492179\n|move|p2b: Torkoal|Yawn|p1a: Weezing\n|-start|p1a: Weezing|move: Yawn|[of] p2b: Torkoal\n|move|p2a: Calyrex|Glacial Lance|p1b: Regigigas|[spread] p1a,p1b\n|-damage|p1a: Weezing|0 fnt\n|-damage|p1b: Regigigas|0 fnt\n|faint|p1a: Weezing\n|-end|p1a: Weezing|ability: Neutralizing Gas\n|-weather|SunnyDay|[from] ability: Drought|[of] p2b: Torkoal\n|-start|p1b: Regigigas|ability: Slow Start\n|faint|p1b: Regigigas\n|-end|p1b: Regigigas|Slow Start|[silent]\n|-ability|p2a: Calyrex|Chilling Neigh|boost\n|-boost|p2a: Calyrex|atk|2\n|\n|-weather|SunnyDay|[upkeep]\n|-damage|p2b: Torkoal|20/100 psn|[from] psn\n|-fieldend|move: Trick Room\n|upkeep\n|\n|t:|1775492185\n|switch|p1b: Koraidon|Koraidon, L50|100/100\n|switch|p1a: Calyrex|Calyrex-Shadow, L50|100/100\n|-ability|p1a: Calyrex|As One\n|-ability|p1a: Calyrex|Unnerve\n|-activate|p1b: Koraidon|ability: Orichalcum Pulse\n|turn|6\n|\n|t:|1775492206\n|-terastallize|p1b: Koraidon|Fire\n|-terastallize|p2a: Calyrex|Fairy\n|move|p2b: Torkoal|Protect|p2b: Torkoal\n|-singleturn|p2b: Torkoal|Protect\n|move|p1a: Calyrex|Astral Barrage|p2b: Torkoal|[spread] p2a\n|-activate|p2b: Torkoal|move: Protect\n|-damage|p2a: Calyrex|47/100\n|-damage|p1a: Calyrex|91/100|[from] item: Life Orb\n|move|p1b: Koraidon|Flare Blitz|p2a: Calyrex\n|-damage|p2a: Calyrex|0 fnt\n|faint|p2a: Calyrex\n|-damage|p1b: Koraidon|82/100|[from] Recoil\n|\n|-weather|SunnyDay|[upkeep]\n|-damage|p2b: Torkoal|7/100 psn|[from] psn\n|upkeep\n|turn|7\n|\n|t:|1775492224\n|move|p2b: Torkoal|Protect||[still]\n|-fail|p2b: Torkoal\n|move|p1a: Calyrex|Astral Barrage|p2b: Torkoal\n|-damage|p2b: Torkoal|0 fnt\n|faint|p2b: Torkoal\n|-damage|p1a: Calyrex|81/100|[from] item: Life Orb\n|\n|win|Harry Koekenpan\n|raw|Harry Koekenpan's rating: 1411 &rarr; <strong>1429</strong><br />(+18 for winning)\n|raw|lozraff's rating: 1369 &rarr; <strong>1351</strong><br />(-18 for losing)\n|l|\u2606lozraff\n|player|p2|\n","uploadtime":1775492238,"views":8,"formatid":"gen9vgc2026regi","rating":1351,"private":0,"password":null}