{"id":"gen9vgc2026regi-2524759115","format":"[Gen 9] VGC 2026 Reg I","players":["jpto5","ireply123"],"log":"|j|\u2606jpto5\n|j|\u2606ireply123\n|t:|1769190470\n|gametype|doubles\n|player|p1|jpto5|1|1381\n|player|p2|ireply123|102|1373\n|gen|9\n|tier|[Gen 9] VGC 2026 Reg I\n|rated|\n|rule|Species Clause: Limit one of each Pok\u00e9mon\n|rule|Item Clause: Limit 1 of each item\n|clearpoke\n|poke|p1|Tornadus, L50, M|\n|poke|p1|Kyogre, L50|\n|poke|p1|Zacian-*, L50|\n|poke|p1|Incineroar, L50, F|\n|poke|p1|Basculegion, L50, M|\n|poke|p1|Kilowattrel, L50, F|\n|poke|p2|Kyogre, L50|\n|poke|p2|Zamazenta-*, L50|\n|poke|p2|Pelipper, L50, M|\n|poke|p2|Urshifu-*, L50, M|\n|poke|p2|Flutter Mane, L50|\n|poke|p2|Iron Treads, L50|\n|teampreview|4\n|inactive|Battle timer is ON: inactive players will automatically lose when time's up. (requested by jpto5)\n|\n|t:|1769190495\n|teamsize|p1|4\n|teamsize|p2|4\n|start\n|switch|p1a: Kilowattrel|Kilowattrel, L50, F, shiny|100/100\n|switch|p1b: Tornadus|Tornadus, L50, M|100/100\n|switch|p2a: Zamazenta|Zamazenta-Crowned, L50|100/100\n|switch|p2b: Flutter Mane|Flutter Mane, L50|100/100\n|-ability|p2a: Zamazenta|Dauntless Shield|boost\n|-boost|p2a: Zamazenta|def|1\n|-enditem|p2b: Flutter Mane|Booster Energy\n|-activate|p2b: Flutter Mane|ability: Protosynthesis|[fromitem]\n|-start|p2b: Flutter Mane|protosynthesisspe\n|turn|1\n|inactive|ireply123 has 30 seconds left.\n|\n|t:|1769190524\n|move|p1b: Tornadus|Tailwind|p1b: Tornadus\n|-sidestart|p1: jpto5|move: Tailwind\n|move|p1a: Kilowattrel|Hurricane|p2a: Zamazenta\n|-damage|p2a: Zamazenta|60/100\n|-start|p2a: Zamazenta|confusion\n|move|p2b: Flutter Mane|Moonblast|p1a: Kilowattrel\n|-damage|p1a: Kilowattrel|3/100\n|-activate|p2a: Zamazenta|confusion\n|move|p2a: Zamazenta|Behemoth Bash|p1a: Kilowattrel\n|-resisted|p1a: Kilowattrel\n|-damage|p1a: Kilowattrel|0 fnt\n|faint|p1a: Kilowattrel\n|\n|upkeep\n|\n|t:|1769190545\n|switch|p1a: Basculegion|Basculegion, L50, M|100/100\n|turn|2\n|j| here's where king!\n|\n|t:|1769190567\n|-terastallize|p2b: Flutter Mane|Normal\n|-activate|p2a: Zamazenta|confusion\n|move|p2a: Zamazenta|Wide Guard|p2a: Zamazenta\n|-singleturn|p2a: Zamazenta|Wide Guard\n|move|p1b: Tornadus|Bleakwind Storm|p2a: Zamazenta|[spread] \n|-activate|p2a: Zamazenta|move: Wide Guard\n|-activate|p2b: Flutter Mane|move: Wide Guard\n|move|p2b: Flutter Mane|Shadow Ball|p1a: Basculegion\n|-supereffective|p1a: Basculegion\n|-damage|p1a: Basculegion|0 fnt\n|faint|p1a: Basculegion\n|\n|upkeep\n|\n|t:|1769190572\n|switch|p1a: Zacian|Zacian-Crowned, L50|100/100\n|-ability|p1a: Zacian|Intrepid Sword|boost\n|-boost|p1a: Zacian|atk|1\n|turn|3\n|\n|t:|1769190585\n|move|p1b: Tornadus|Taunt|p2a: Zamazenta\n|-start|p2a: Zamazenta|move: Taunt\n|move|p1a: Zacian|Sacred Sword|p2b: Flutter Mane\n|-supereffective|p2b: Flutter Mane\n|-damage|p2b: Flutter Mane|0 fnt\n|faint|p2b: Flutter Mane\n|-end|p2b: Flutter Mane|Protosynthesis|[silent]\n|-end|p2a: Zamazenta|confusion\n|move|p2a: Zamazenta|Body Press|p1a: Zacian\n|-damage|p1a: Zacian|29/100\n|\n|upkeep\n|\n|t:|1769190596\n|switch|p2b: Kyogre|Kyogre, L50|100/100\n|-weather|RainDance|[from] ability: Drizzle|[of] p2b: Kyogre\n|turn|4\n|\n|t:|1769190608\n|move|p1a: Zacian|Play Rough|p2b: Kyogre\n|-damage|p2b: Kyogre|27/100\n|move|p1b: Tornadus|Bleakwind Storm|p2b: Kyogre|[spread] p2a,p2b\n|-damage|p2a: Zamazenta|29/100\n|-damage|p2b: Kyogre|0 fnt\n|faint|p2b: Kyogre\n|move|p2a: Zamazenta|Body Press|p1a: Zacian\n|-damage|p1a: Zacian|0 fnt\n|faint|p1a: Zacian\n|\n|-weather|RainDance|[upkeep]\n|-sideend|p1: jpto5|move: Tailwind\n|upkeep\n|\n|t:|1769190616\n|switch|p2b: Iron Treads|Iron Treads, L50|100/100\n|turn|5\n|\n|t:|1769190625\n|move|p2a: Zamazenta|Behemoth Bash|p1b: Tornadus\n|-damage|p1b: Tornadus|40/100\n|move|p1b: Tornadus|Bleakwind Storm|p2a: Zamazenta|[spread] p2a,p2b\n|-resisted|p2b: Iron Treads\n|-damage|p2a: Zamazenta|2/100\n|-damage|p2b: Iron Treads|86/100\n|move|p2b: Iron Treads|Knock Off|p1b: Tornadus\n|-damage|p1b: Tornadus|0 fnt\n|-enditem|p1b: Tornadus|Focus Sash|[from] move: Knock Off|[of] p2b: Iron Treads\n|faint|p1b: Tornadus\n|\n|win|ireply123\n|raw|jpto5's rating: 1381 &rarr; <strong>1361</strong><br />(-20 for losing)\n|raw|ireply123's rating: 1373 &rarr; <strong>1393</strong><br />(+20 for winning)\n|c|\u2606ireply123|gg\n|l|\u2606ireply123\n|player|p2|\n|l|\u2606jpto5\n|player|p1|\n|l| here's where king!\n","uploadtime":1769190859,"views":22,"formatid":"gen9vgc2026regi","rating":1361,"private":0,"password":null}