{"id":"gen9vgc2026regi-2558846500","format":"[Gen 9] VGC 2026 Reg I","players":["fogdocker","Ice124567890"],"log":"|j|\u2606fogdocker\n|j|\u2606Ice124567890\n|t:|1773492654\n|gametype|doubles\n|player|p1|fogdocker|2|1510\n|player|p2|Ice124567890|265|1507\n|gen|9\n|tier|[Gen 9] VGC 2026 Reg I\n|rated|\n|rule|Species Clause: Limit one of each Pok\u00e9mon\n|rule|Item Clause: Limit 1 of each item\n|clearpoke\n|poke|p1|Calyrex-Ice, L50|\n|poke|p1|Koraidon, L50|\n|poke|p1|Flutter Mane, L50|\n|poke|p1|Incineroar, L50, F|\n|poke|p1|Rillaboom, L50, F|\n|poke|p1|Annihilape, L50, M|\n|poke|p2|Zacian-*, L50|\n|poke|p2|Calyrex-Shadow, L50|\n|poke|p2|Tornadus, L50, M|\n|poke|p2|Landorus, L50, M|\n|poke|p2|Urshifu-*, L50, F|\n|poke|p2|Incineroar, L50, F|\n|teampreview|4\n|inactive|Battle timer is ON: inactive players will automatically lose when time's up. (requested by Ice124567890)\n|j| teddyster\n|inactive|fogdocker has 60 seconds left.\n|\n|t:|1773492697\n|teamsize|p1|4\n|teamsize|p2|4\n|start\n|switch|p1a: Calyrex|Calyrex-Ice, L50|100/100\n|switch|p1b: Flutter Mane|Flutter Mane, L50|100/100\n|switch|p2a: Tornadus|Tornadus, L50, M|100/100\n|switch|p2b: Urshifu|Urshifu-Rapid-Strike, L50, F|100/100\n|-ability|p1a: Calyrex|As One\n|-ability|p1a: Calyrex|Unnerve\n|turn|1\n|\n|t:|1773492714\n|-terastallize|p1a: Calyrex|Water\n|move|p2a: Tornadus|Tailwind|p2a: Tornadus\n|-sidestart|p2: Ice124567890|move: Tailwind\n|move|p2b: Urshifu|Surging Strikes|p1b: Flutter Mane\n|-crit|p1b: Flutter Mane\n|-damage|p1b: Flutter Mane|49/100\n|-crit|p1b: Flutter Mane\n|-damage|p1b: Flutter Mane|0 fnt\n|faint|p1b: Flutter Mane\n|-end|p1b: Flutter Mane|Protosynthesis|[silent]\n|-hitcount|p1: Flutter Mane|2\n|move|p1a: Calyrex|Glacial Lance|p2b: Urshifu|[spread] p2a,p2b\n|-supereffective|p2a: Tornadus\n|-resisted|p2b: Urshifu\n|-damage|p2a: Tornadus|5/100\n|-damage|p2b: Urshifu|76/100\n|\n|upkeep\n|\n|t:|1773492723\n|switch|p1b: Koraidon|Koraidon, L50|100/100\n|-weather|SunnyDay|[from] ability: Orichalcum Pulse|[of] p1b: Koraidon\n|-activate|p1b: Koraidon|Orichalcum Pulse|[source]\n|turn|2\n|\n|t:|1773492732\n|move|p1b: Koraidon|Protect|p1b: Koraidon\n|-singleturn|p1b: Koraidon|Protect\n|move|p2a: Tornadus|Rain Dance|p2a: Tornadus\n|-weather|RainDance\n|move|p2b: Urshifu|Taunt|p1a: Calyrex\n|-start|p1a: Calyrex|move: Taunt\n|cant|p1a: Calyrex|move: Taunt|Trick Room\n|\n|-weather|RainDance|[upkeep]\n|upkeep\n|turn|3\n|\n|t:|1773492748\n|switch|p1b: Incineroar|Incineroar, L50, F|100/100\n|-ability|p1b: Incineroar|Intimidate|boost\n|-unboost|p2a: Tornadus|atk|1\n|-unboost|p2b: Urshifu|atk|1\n|move|p2a: Tornadus|Bleakwind Storm|p1b: Incineroar|[spread] p1a,p1b\n|-damage|p1a: Calyrex|82/100\n|-damage|p1b: Incineroar|76/100\n|move|p2b: Urshifu|Surging Strikes|p1b: Incineroar\n|-supereffective|p1b: Incineroar\n|-crit|p1b: Incineroar\n|-damage|p1b: Incineroar|17/100\n|-supereffective|p1b: Incineroar\n|-crit|p1b: Incineroar\n|-damage|p1b: Incineroar|0 fnt\n|faint|p1b: Incineroar\n|-hitcount|p1: Incineroar|2\n|move|p1a: Calyrex|Glacial Lance|p2b: Urshifu|[spread] p2a,p2b\n|-supereffective|p2a: Tornadus\n|-resisted|p2b: Urshifu\n|-damage|p2a: Tornadus|0 fnt\n|-damage|p2b: Urshifu|52/100\n|faint|p2a: Tornadus\n|-ability|p1a: Calyrex|Chilling Neigh|boost\n|-boost|p1a: Calyrex|atk|1\n|\n|-weather|RainDance|[upkeep]\n|-heal|p1a: Calyrex|87/100|[from] item: Leftovers\n|upkeep\n|\n|t:|1773492760\n|switch|p2a: Zacian|Zacian-Crowned, L50|100/100\n|switch|p1b: Koraidon|Koraidon, L50|100/100\n|-ability|p2a: Zacian|Intrepid Sword|boost\n|-boost|p2a: Zacian|atk|1\n|-weather|SunnyDay|[from] ability: Orichalcum Pulse|[of] p1b: Koraidon\n|-activate|p1b: Koraidon|Orichalcum Pulse|[source]\n|turn|4\n|inactive|fogdocker has 30 seconds left.\n|\n|t:|1773492791\n|move|p1b: Koraidon|Protect|p1b: Koraidon\n|-singleturn|p1b: Koraidon|Protect\n|move|p2a: Zacian|Play Rough|p1b: Koraidon\n|-activate|p1b: Koraidon|move: Protect\n|move|p2b: Urshifu|Surging Strikes|p1b: Koraidon\n|-resisted|p1b: Koraidon\n|-crit|p1b: Koraidon\n|-damage|p1b: Koraidon|96/100\n|-resisted|p1b: Koraidon\n|-crit|p1b: Koraidon\n|-damage|p1b: Koraidon|91/100\n|-resisted|p1b: Koraidon\n|-crit|p1b: Koraidon\n|-damage|p1b: Koraidon|86/100\n|-hitcount|p1b: Koraidon|3\n|move|p1a: Calyrex|Glacial Lance|p2b: Urshifu|[spread] p2a,p2b\n|-resisted|p2a: Zacian\n|-resisted|p2b: Urshifu\n|-damage|p2a: Zacian|71/100\n|-damage|p2b: Urshifu|19/100\n|\n|-weather|SunnyDay|[upkeep]\n|-heal|p1a: Calyrex|93/100|[from] item: Leftovers\n|-end|p1a: Calyrex|move: Taunt\n|-sideend|p2: Ice124567890|move: Tailwind\n|upkeep\n|turn|5\n|inactive|fogdocker has 30 seconds left.\n|\n|t:|1773492820\n|move|p2a: Zacian|Play Rough|p1b: Koraidon\n|-supereffective|p1b: Koraidon\n|-crit|p1b: Koraidon\n|-damage|p1b: Koraidon|0 fnt\n|faint|p1b: Koraidon\n|move|p2b: Urshifu|Taunt|p1a: Calyrex\n|-start|p1a: Calyrex|move: Taunt\n|cant|p1a: Calyrex|move: Taunt|Leech Seed\n|\n|-weather|SunnyDay|[upkeep]\n|-heal|p1a: Calyrex|99/100|[from] item: Leftovers\n|upkeep\n|turn|6\n|\n|t:|1773492834\n|switch|p2b: Calyrex|Calyrex-Shadow, L50|100/100\n|-ability|p2b: Calyrex|As One\n|-ability|p2b: Calyrex|Unnerve\n|move|p2a: Zacian|Play Rough|p1a: Calyrex\n|-damage|p1a: Calyrex|58/100\n|move|p1a: Calyrex|Glacial Lance|p2b: Calyrex|[spread] p2a,p2b\n|-resisted|p2a: Zacian\n|-damage|p2a: Zacian|42/100\n|-damage|p2b: Calyrex|14/100\n|\n|-weather|SunnyDay|[upkeep]\n|-heal|p1a: Calyrex|64/100|[from] item: Leftovers\n|upkeep\n|turn|7\n|\n|t:|1773492844\n|move|p2b: Calyrex|Disable|p1a: Calyrex\n|-start|p1a: Calyrex|Disable|Glacial Lance\n|move|p2a: Zacian|Play Rough|p1a: Calyrex\n|-damage|p1a: Calyrex|26/100\n|cant|p1a: Calyrex|Disable|Glacial Lance\n|\n|-weather|SunnyDay|[upkeep]\n|-heal|p1a: Calyrex|32/100|[from] item: Leftovers\n|-end|p1a: Calyrex|move: Taunt\n|upkeep\n|turn|8\n|j| Alexernea\n|\n|t:|1773492854\n|-terastallize|p2b: Calyrex|Ghost\n|move|p1a: Calyrex|Protect|p1a: Calyrex\n|-singleturn|p1a: Calyrex|Protect\n|move|p2b: Calyrex|Astral Barrage|p1a: Calyrex\n|-activate|p1a: Calyrex|move: Protect\n|move|p2a: Zacian|Play Rough|p1a: Calyrex\n|-activate|p1a: Calyrex|move: Protect\n|\n|-weather|none\n|-heal|p1a: Calyrex|38/100|[from] item: Leftovers\n|upkeep\n|turn|9\n|\n|t:|1773492862\n|move|p2b: Calyrex|Encore|p1a: Calyrex\n|-start|p1a: Calyrex|Encore\n|move|p2a: Zacian|Play Rough|p1a: Calyrex\n|-damage|p1a: Calyrex|1/100\n|move|p1a: Calyrex|Protect||[still]\n|-fail|p1a: Calyrex\n|\n|-heal|p1a: Calyrex|7/100|[from] item: Leftovers\n|upkeep\n|turn|10\n|-message|fogdocker forfeited.\n|\n|win|Ice124567890\n|raw|fogdocker's rating: 1510 &rarr; <strong>1490</strong><br />(-20 for losing)\n|raw|Ice124567890's rating: 1507 &rarr; <strong>1527</strong><br />(+20 for winning)\n|l|\u2606fogdocker\n|player|p1|\n|l|\u2606Ice124567890\n|player|p2|\n|l| Alexernea\n","uploadtime":1773492978,"views":25,"formatid":"gen9vgc2026regi","rating":1490,"private":0,"password":null}