{"id":"gen9vgc2026regi-2538712019","format":"[Gen 9] VGC 2026 Reg I","players":["TheManOfSausage","Anne_ChovyVGC"],"log":"|j|\u2606TheManOfSausage\n|j|\u2606Anne_ChovyVGC\n|t:|1770961054\n|gametype|doubles\n|player|p1|TheManOfSausage|miku-water|1577\n|player|p2|Anne_ChovyVGC|skierf-gen4dp|1433\n|gen|9\n|tier|[Gen 9] VGC 2026 Reg I\n|rated|\n|rule|Species Clause: Limit one of each Pok\u00e9mon\n|rule|Item Clause: Limit 1 of each item\n|clearpoke\n|poke|p1|Calyrex-Ice, L50|\n|poke|p1|Miraidon, L50|\n|poke|p1|Amoonguss, L50, F|\n|poke|p1|Incineroar, L50, M|\n|poke|p1|Urshifu-*, L50, M|\n|poke|p1|Farigiraf, L50, F|\n|poke|p2|Calyrex-Ice, L50|\n|poke|p2|Ninetales-Alola, L50, F|\n|poke|p2|Kyurem-White, L50|\n|poke|p2|Ogerpon-Cornerstone, L50, F|\n|poke|p2|Sinistcha, L50|\n|poke|p2|Tornadus, L50, M|\n|teampreview|4\n|\n|t:|1770961112\n|teamsize|p1|4\n|teamsize|p2|4\n|start\n|switch|p1a: Tama|Miraidon, L50|100/100\n|switch|p1b: Ogurin|Calyrex-Ice, L50|100/100\n|switch|p2a: Franklin|Kyurem-White, L50, shiny|100/100\n|switch|p2b: Ogerpon|Ogerpon-Cornerstone, L50, F|100/100\n|-ability|p1b: Ogurin|As One\n|-ability|p1b: Ogurin|Unnerve\n|-fieldstart|move: Electric Terrain|[from] ability: Hadron Engine|[of] p1a: Tama\n|-ability|p2a: Franklin|Turboblaze\n|turn|1\n|\n|t:|1770961136\n|-terastallize|p2a: Franklin|Fire\n|move|p1b: Ogurin|Protect|p1b: Ogurin\n|-singleturn|p1b: Ogurin|Protect\n|move|p1a: Tama|Volt Switch|p2b: Ogerpon\n|-resisted|p2b: Ogerpon\n|-damage|p2b: Ogerpon|54/100\n|\n|t:|1770961140\n|switch|p1a: Incineroar|Incineroar, L50, M, shiny|100/100|[from] Volt Switch\n|-ability|p1a: Incineroar|Intimidate|boost\n|-unboost|p2a: Franklin|atk|1\n|-unboost|p2b: Ogerpon|atk|1\n|move|p2b: Ogerpon|Ivy Cudgel|p1b: Ogurin|[anim] Ivy Cudgel Rock\n|-activate|p1b: Ogurin|move: Protect\n|move|p2a: Franklin|Fusion Flare|p1b: Ogurin\n|-activate|p1b: Ogurin|move: Protect\n|\n|upkeep\n|turn|2\n|\n|t:|1770961165\n|switch|p2b: big bungus|Calyrex-Ice, L50|100/100\n|-ability|p2b: big bungus|As One\n|-ability|p2b: big bungus|Unnerve\n|switch|p2a: slayyy diva|Ninetales-Alola, L50, F|100/100\n|-weather|Snowscape|[from] ability: Snow Warning|[of] p2a: slayyy diva\n|-terastallize|p1b: Ogurin|Water\n|move|p1a: Incineroar|Fake Out|p2a: slayyy diva\n|-damage|p2a: slayyy diva|92/100\n|move|p1b: Ogurin|Trick Room|p1b: Ogurin\n|-fieldstart|move: Trick Room|[of] p1b: Ogurin\n|\n|-weather|Snowscape|[upkeep]\n|upkeep\n|turn|3\n|\n|t:|1770961187\n|move|p2a: slayyy diva|Helping Hand|p2b: big bungus\n|-singleturn|p2b: big bungus|Helping Hand|[of] p2a: slayyy diva\n|move|p1b: Ogurin|Glacial Lance|p2a: slayyy diva|[spread] p2a,p2b\n|-resisted|p2a: slayyy diva\n|-resisted|p2b: big bungus\n|-damage|p2a: slayyy diva|68/100\n|-damage|p2b: big bungus|88/100\n|move|p2b: big bungus|High Horsepower|p1a: Incineroar\n|-supereffective|p1a: Incineroar\n|-damage|p1a: Incineroar|0 fnt\n|faint|p1a: Incineroar\n|-ability|p2b: big bungus|Chilling Neigh|boost\n|-boost|p2b: big bungus|atk|1\n|\n|-weather|Snowscape|[upkeep]\n|upkeep\n|\n|t:|1770961193\n|switch|p1a: Urshifu|Urshifu-Rapid-Strike, L50, M|100/100\n|turn|4\n|\n|t:|1770961210\n|move|p2a: slayyy diva|Helping Hand|p2b: big bungus\n|-singleturn|p2b: big bungus|Helping Hand|[of] p2a: slayyy diva\n|move|p1b: Ogurin|High Horsepower|p2b: big bungus\n|-damage|p2b: big bungus|70/100\n|move|p2b: big bungus|High Horsepower|p1a: Urshifu\n|-damage|p1a: Urshifu|4/100\n|move|p1a: Urshifu|Surging Strikes|p2b: big bungus\n|-crit|p2b: big bungus\n|-damage|p2b: big bungus|61/100\n|-crit|p2b: big bungus\n|-damage|p2b: big bungus|51/100\n|-crit|p2b: big bungus\n|-damage|p2b: big bungus|40/100\n|-hitcount|p2b: big bungus|3\n|\n|-weather|Snowscape|[upkeep]\n|upkeep\n|turn|5\n|\n|t:|1770961225\n|move|p1a: Urshifu|Detect|p1a: Urshifu\n|-singleturn|p1a: Urshifu|Protect\n|move|p1b: Ogurin|High Horsepower|p2b: big bungus|[miss]\n|-miss|p1b: Ogurin|p2b: big bungus\n|move|p2b: big bungus|Glacial Lance|p1a: Urshifu|[spread] p1b\n|-activate|p1a: Urshifu|move: Protect\n|-resisted|p1b: Ogurin\n|-damage|p1b: Ogurin|74/100\n|move|p2a: slayyy diva|Aurora Veil|p2a: slayyy diva\n|-sidestart|p2: Anne_ChovyVGC|move: Aurora Veil\n|\n|-weather|Snowscape|[upkeep]\n|-fieldend|move: Electric Terrain\n|upkeep\n|turn|6\n|\n|t:|1770961266\n|switch|p2a: Franklin|Kyurem-White, L50, shiny, tera:Fire|100/100\n|-ability|p2a: Franklin|Turboblaze\n|move|p1a: Urshifu|Aqua Jet|p2b: big bungus\n|-damage|p2b: big bungus|34/100\n|move|p1b: Ogurin|Glacial Lance|p2b: big bungus|[spread] p2a,p2b\n|-resisted|p2a: Franklin\n|-resisted|p2b: big bungus\n|-damage|p2a: Franklin|81/100\n|-damage|p2b: big bungus|26/100\n|move|p2b: big bungus|Glacial Lance|p1b: Ogurin|[spread] p1a,p1b\n|-resisted|p1a: Urshifu\n|-resisted|p1b: Ogurin\n|-damage|p1a: Urshifu|0 fnt\n|-damage|p1b: Ogurin|48/100\n|faint|p1a: Urshifu\n|-ability|p2b: big bungus|Chilling Neigh|boost\n|-boost|p2b: big bungus|atk|1\n|\n|-weather|none\n|-fieldend|move: Trick Room\n|upkeep\n|\n|t:|1770961269\n|switch|p1a: Tama|Miraidon, L50|100/100\n|-fieldstart|move: Electric Terrain|[from] ability: Hadron Engine|[of] p1a: Tama\n|turn|7\n|\n|t:|1770961307\n|move|p1a: Tama|Electro Drift|p2b: big bungus\n|-damage|p2b: big bungus|0 fnt\n|faint|p2b: big bungus\n|move|p2a: Franklin|Freeze-Dry|p1b: Ogurin\n|-supereffective|p1b: Ogurin\n|-damage|p1b: Ogurin|0 fnt\n|faint|p1b: Ogurin\n|\n|upkeep\n|-message|TheManOfSausage forfeited.\n|\n|win|Anne_ChovyVGC\n|raw|TheManOfSausage's rating: 1577 &rarr; <strong>1549</strong><br />(-28 for losing)\n|raw|Anne_ChovyVGC's rating: 1433 &rarr; <strong>1461</strong><br />(+28 for winning)\n|l|\u2606TheManOfSausage\n|player|p1|\n|l|\u2606Anne_ChovyVGC\n|player|p2|\n","uploadtime":1770961533,"views":46,"formatid":"gen9vgc2026regi","rating":1461,"private":0,"password":null}