{"id":"gen9vgc2026regi-2561112242","format":"[Gen 9] VGC 2026 Reg I","players":["sleemo2","shangenb2"],"log":"|j|\u2606sleemo2\n|j|\u2606shangenb2\n|t:|1773765703\n|gametype|doubles\n|player|p1|sleemo2|1|1522\n|player|p2|shangenb2|2|1487\n|gen|9\n|tier|[Gen 9] VGC 2026 Reg I\n|rated|\n|rule|Species Clause: Limit one of each Pok\u00e9mon\n|rule|Item Clause: Limit 1 of each item\n|clearpoke\n|poke|p1|Koraidon, L50|\n|poke|p1|Lunala, L50|\n|poke|p1|Flutter Mane, L50|\n|poke|p1|Chi-Yu, L50|\n|poke|p1|Ursaluna, L50, F|\n|poke|p1|Brute Bonnet, L50|\n|poke|p2|Koraidon, L50|\n|poke|p2|Lunala, L50|\n|poke|p2|Flutter Mane, L50|\n|poke|p2|Chi-Yu, L50|\n|poke|p2|Raging Bolt, L50|\n|poke|p2|Indeedee-F, L50, F|\n|teampreview|4\n|inactive|Battle timer is ON: inactive players will automatically lose when time's up. (requested by shangenb2)\n|\n|t:|1773765746\n|teamsize|p1|4\n|teamsize|p2|4\n|start\n|switch|p1a: fish|Chi-Yu, L50|100/100\n|switch|p1b: the moon|Lunala, L50|100/100\n|switch|p2a: Lunala|Lunala, L50|100/100\n|switch|p2b: Flutter Mane|Flutter Mane, L50|100/100\n|-ability|p1a: fish|Beads of Ruin\n|turn|1\n|\n|t:|1773765759\n|switch|p1b: speedy bear|Ursaluna, L50, F|100/100\n|move|p2a: Lunala|Wide Guard|p2a: Lunala\n|-singleturn|p2a: Lunala|Wide Guard\n|move|p1a: fish|Snarl|p2b: Flutter Mane|[spread] \n|-activate|p2a: Lunala|move: Wide Guard\n|-activate|p2b: Flutter Mane|move: Wide Guard\n|move|p2b: Flutter Mane|Taunt|p1b: speedy bear\n|-start|p1b: speedy bear|move: Taunt\n|\n|-status|p1b: speedy bear|brn|[from] item: Flame Orb\n|upkeep\n|turn|2\n|\n|t:|1773765775\n|move|p1a: fish|Snarl|p2a: Lunala|[spread] p2a,p2b\n|-supereffective|p2a: Lunala\n|-damage|p2a: Lunala|53/100\n|-damage|p2b: Flutter Mane|65/100\n|-unboost|p2a: Lunala|spa|1\n|-unboost|p2b: Flutter Mane|spa|1\n|move|p2b: Flutter Mane|Moonblast|p1b: speedy bear\n|-damage|p1b: speedy bear|60/100 brn\n|move|p2a: Lunala|Meteor Beam||[still]\n|-prepare|p2a: Lunala|Meteor Beam\n|-boost|p2a: Lunala|spa|1\n|-enditem|p2a: Lunala|Power Herb\n|-anim|p2a: Lunala|Meteor Beam|p1a: fish\n|-supereffective|p1a: fish\n|-damage|p1a: fish|3/100\n|move|p1b: speedy bear|Headlong Rush|p2b: Flutter Mane\n|-damage|p2b: Flutter Mane|0 fnt\n|-unboost|p1b: speedy bear|def|1\n|-unboost|p1b: speedy bear|spd|1\n|faint|p2b: Flutter Mane\n|-end|p2b: Flutter Mane|Protosynthesis|[silent]\n|\n|-damage|p1b: speedy bear|54/100 brn|[from] brn\n|upkeep\n|\n|t:|1773765795\n|switch|p2b: Koraidon|Koraidon, L50|100/100\n|-weather|SunnyDay|[from] ability: Orichalcum Pulse|[of] p2b: Koraidon\n|-activate|p2b: Koraidon|Orichalcum Pulse|[source]\n|turn|3\n|\n|t:|1773765804\n|-terastallize|p2b: Koraidon|Fire\n|move|p2a: Lunala|Wide Guard|p2a: Lunala\n|-singleturn|p2a: Lunala|Wide Guard\n|move|p1a: fish|Snarl|p2a: Lunala|[spread] \n|-activate|p2a: Lunala|move: Wide Guard\n|-activate|p2b: Koraidon|move: Wide Guard\n|move|p2b: Koraidon|Flame Charge|p1b: speedy bear\n|-damage|p1b: speedy bear|0 fnt\n|-boost|p2b: Koraidon|spe|1\n|faint|p1b: speedy bear\n|\n|-weather|SunnyDay|[upkeep]\n|upkeep\n|\n|t:|1773765813\n|switch|p1b: the moon|Lunala, L50|100/100\n|turn|4\n|\n|t:|1773765836\n|move|p2a: Lunala|Wide Guard|p2a: Lunala\n|-singleturn|p2a: Lunala|Wide Guard\n|move|p2b: Koraidon|Flame Charge|p1b: the moon\n|-damage|p1b: the moon|75/100\n|-boost|p2b: Koraidon|spe|1\n|move|p1a: fish|Snarl|p2b: Koraidon|[spread] \n|-activate|p2a: Lunala|move: Wide Guard\n|-activate|p2b: Koraidon|move: Wide Guard\n|move|p1b: the moon|Meteor Beam||[still]\n|-prepare|p1b: the moon|Meteor Beam\n|-boost|p1b: the moon|spa|1\n|-enditem|p1b: the moon|Power Herb\n|-anim|p1b: the moon|Meteor Beam|p2b: Koraidon\n|-supereffective|p2b: Koraidon\n|-crit|p2b: Koraidon\n|-damage|p2b: Koraidon|0 fnt\n|faint|p2b: Koraidon\n|\n|-weather|SunnyDay|[upkeep]\n|upkeep\n|\n|t:|1773765853\n|switch|p2b: Chi-Yu|Chi-Yu, L50|100/100\n|-ability|p2b: Chi-Yu|Beads of Ruin\n|turn|5\n|\n|t:|1773765869\n|-terastallize|p1b: the moon|Water\n|move|p2b: Chi-Yu|Flamethrower|p1a: fish\n|-resisted|p1a: fish\n|-damage|p1a: fish|0 fnt\n|faint|p1a: fish\n|move|p2a: Lunala|Moongeist Beam|p1b: the moon\n|-damage|p1b: the moon|20/100\n|move|p1b: the moon|Moongeist Beam|p2a: Lunala\n|-supereffective|p2a: Lunala\n|-damage|p2a: Lunala|0 fnt\n|faint|p2a: Lunala\n|\n|-weather|SunnyDay|[upkeep]\n|upkeep\n|\n|t:|1773765872\n|switch|p1a: prince|Koraidon, L50|100/100\n|-activate|p1a: prince|ability: Orichalcum Pulse\n|turn|6\n|-message|shangenb2 forfeited.\n|\n|win|sleemo2\n|raw|sleemo2's rating: 1522 &rarr; <strong>1540</strong><br />(+18 for winning)\n|raw|shangenb2's rating: 1487 &rarr; <strong>1469</strong><br />(-18 for losing)\n|l|\u2606shangenb2\n|player|p2|\n|l|\u2606sleemo2\n|player|p1|\n","uploadtime":1773766114,"views":14,"formatid":"gen9vgc2026regi","rating":1469,"private":0,"password":null}