{"id":"gen9vgc2026regi-2559373533","format":"[Gen 9] VGC 2026 Reg I","players":["sonicr91","blackred123"],"log":"|j|\u2606sonicr91\n|j|\u2606blackred123\n|t:|1773554094\n|gametype|doubles\n|player|p1|sonicr91|266|1236\n|player|p2|blackred123|iono-masters|1280\n|gen|9\n|tier|[Gen 9] VGC 2026 Reg I\n|rated|\n|rule|Species Clause: Limit one of each Pok\u00e9mon\n|rule|Item Clause: Limit 1 of each item\n|clearpoke\n|poke|p1|Tornadus, L50, M|\n|poke|p1|Brambleghast, L50, F|\n|poke|p1|Urshifu-*, L50, M|\n|poke|p1|Calyrex-Shadow, L50|\n|poke|p1|Incineroar, L50, F|\n|poke|p2|Calyrex-Shadow, L50|\n|poke|p2|Koraidon, L50|\n|poke|p2|Flutter Mane, L50|\n|poke|p2|Raging Bolt, L50|\n|poke|p2|Tornadus, L50, M|\n|poke|p2|Incineroar, L50, M|\n|teampreview|4\n|inactive|Battle timer is ON: inactive players will automatically lose when time's up. (requested by sonicr91)\n|inactive|blackred123 also wants the timer to be on.\nsonicr91 rejected open team sheets.\n|\n|t:|1773554111\n|teamsize|p1|4\n|teamsize|p2|4\n|start\n|switch|p1a: Tornadus|Tornadus, L50, M|100/100\n|switch|p1b: Nuke|Brambleghast, L50, F, shiny|100/100\n|switch|p2a: \u56fa\u5927\u5305\u52d2|Koraidon, L50|100/100\n|switch|p2b: Tornadus|Tornadus, L50, M, shiny|100/100\n|-weather|SunnyDay|[from] ability: Orichalcum Pulse|[of] p2a: \u56fa\u5927\u5305\u52d2\n|-activate|p2a: \u56fa\u5927\u5305\u52d2|Orichalcum Pulse|[source]\n|turn|1\n|\n|t:|1773554134\n|-terastallize|p1b: Nuke|Ghost\n|move|p1a: Tornadus|Tailwind|p1a: Tornadus\n|-sidestart|p1: sonicr91|move: Tailwind\n|-ability|p1b: Nuke|Wind Rider|boost\n|-boost|p1b: Nuke|atk|1\n|move|p1b: Nuke|Shadow Sneak|p2a: \u56fa\u5927\u5305\u52d2\n|-damage|p2a: \u56fa\u5927\u5305\u52d2|58/100\n|-damage|p1b: Nuke|90/100|[from] item: Life Orb\n|move|p2b: Tornadus|Tailwind|p2b: Tornadus\n|-sidestart|p2: blackred123|move: Tailwind\n|move|p2a: \u56fa\u5927\u5305\u52d2|Flame Charge|p1b: Nuke\n|-damage|p1b: Nuke|29/100\n|-boost|p2a: \u56fa\u5927\u5305\u52d2|spe|1\n|\n|-weather|SunnyDay|[upkeep]\n|upkeep\n|turn|2\n|\n|t:|1773554151\n|move|p2a: \u56fa\u5927\u5305\u52d2|Protect|p2a: \u56fa\u5927\u5305\u52d2\n|-singleturn|p2a: \u56fa\u5927\u5305\u52d2|Protect\n|move|p1a: Tornadus|Rain Dance|p1a: Tornadus\n|-weather|RainDance\n|move|p2b: Tornadus|Bleakwind Storm|p1b: Nuke|[spread] p1a\n|-ability|p1b: Nuke|Wind Rider|boost\n|-boost|p1b: Nuke|atk|1\n|-damage|p1a: Tornadus|51/100\n|move|p1b: Nuke|Poltergeist|p2a: \u56fa\u5927\u5305\u52d2\n|-activate|p2a: \u56fa\u5927\u5305\u52d2|move: Protect\n|\n|-weather|RainDance|[upkeep]\n|upkeep\n|turn|3\n|\n|t:|1773554167\n|move|p1b: Nuke|Protect|p1b: Nuke\n|-singleturn|p1b: Nuke|Protect\n|move|p2b: Tornadus|Sunny Day|p2b: Tornadus\n|-weather|SunnyDay\n|move|p2a: \u56fa\u5927\u5305\u52d2|Flare Blitz|p1b: Nuke\n|-activate|p1b: Nuke|move: Protect\n|move|p1a: Tornadus|Bleakwind Storm|p2b: Tornadus|[spread] p2a,p2b\n|-supereffective|p2a: \u56fa\u5927\u5305\u52d2\n|-damage|p2a: \u56fa\u5927\u5305\u52d2|0 fnt\n|-damage|p2b: Tornadus|58/100\n|faint|p2a: \u56fa\u5927\u5305\u52d2\n|\n|-weather|SunnyDay|[upkeep]\n|upkeep\n|\n|t:|1773554172\n|switch|p2a: Raging Bolt|Raging Bolt, L50|100/100\n|-activate|p2a: Raging Bolt|ability: Protosynthesis\n|-start|p2a: Raging Bolt|protosynthesisspa\n|turn|4\n|\n|t:|1773554192\n|move|p1a: Tornadus|Rain Dance|p1a: Tornadus\n|-weather|RainDance\n|-end|p2a: Raging Bolt|Protosynthesis\n|move|p2a: Raging Bolt|Thunderclap|p1b: Nuke\n|-damage|p1b: Nuke|0 fnt\n|faint|p1b: Nuke\n|move|p2b: Tornadus|Bleakwind Storm|p1a: Tornadus\n|-damage|p1a: Tornadus|0 fnt\n|faint|p1a: Tornadus\n|\n|-weather|RainDance|[upkeep]\n|-sideend|p1: sonicr91|move: Tailwind\n|-sideend|p2: blackred123|move: Tailwind\n|upkeep\n|\n|t:|1773554198\n|switch|p1a: Calyrex|Calyrex-Shadow, L50|100/100\n|switch|p1b: Urshifu|Urshifu-Rapid-Strike, L50, M|100/100\n|-ability|p1a: Calyrex|As One\n|-ability|p1a: Calyrex|Unnerve\n|turn|5\n|\n|t:|1773554212\n|move|p2b: Tornadus|Sunny Day|p2b: Tornadus\n|-weather|SunnyDay\n|-activate|p2a: Raging Bolt|ability: Protosynthesis\n|-start|p2a: Raging Bolt|protosynthesisspa\n|move|p2a: Raging Bolt|Thunderclap|p1a: Calyrex\n|-damage|p1a: Calyrex|44/100\n|move|p1a: Calyrex|Astral Barrage|p2b: Tornadus|[spread] p2a,p2b\n|-damage|p2a: Raging Bolt|66/100\n|-damage|p2b: Tornadus|0 fnt\n|faint|p2b: Tornadus\n|-ability|p1a: Calyrex|Grim Neigh|boost\n|-boost|p1a: Calyrex|spa|1\n|move|p1b: Urshifu|Surging Strikes|p2a: Raging Bolt\n|-resisted|p2a: Raging Bolt\n|-crit|p2a: Raging Bolt\n|-damage|p2a: Raging Bolt|60/100\n|-resisted|p2a: Raging Bolt\n|-crit|p2a: Raging Bolt\n|-damage|p2a: Raging Bolt|54/100\n|-resisted|p2a: Raging Bolt\n|-crit|p2a: Raging Bolt\n|-damage|p2a: Raging Bolt|47/100\n|-hitcount|p2a: Raging Bolt|3\n|\n|-weather|SunnyDay|[upkeep]\n|upkeep\n|\n|t:|1773554222\n|switch|p2b: \u6211\u8fd1\u89c6|Calyrex-Shadow, L50|100/100\n|-ability|p2b: \u6211\u8fd1\u89c6|As One\n|-ability|p2b: \u6211\u8fd1\u89c6|Unnerve\n|turn|6\n|-message|sonicr91 forfeited.\n|\n|win|blackred123\n|raw|sonicr91's rating: 1236 &rarr; <strong>1214</strong><br />(-22 for losing)\n|raw|blackred123's rating: 1280 &rarr; <strong>1302</strong><br />(+22 for winning)\n|l|\u2606sonicr91\n|player|p1|\n|l|\u2606blackred123\n|player|p2|\n","uploadtime":1773554434,"views":11,"formatid":"gen9vgc2026regi","rating":1214,"private":0,"password":null}