{"id":"gen9vgc2026regi-2561612128","format":"[Gen 9] VGC 2026 Reg I","players":["wasaad5","phyloren22395"],"log":"|j|\u2606wasaad5\n|j|\u2606phyloren22395\n|t:|1773822025\n|gametype|doubles\n|player|p1|wasaad5|blue|1195\n|player|p2|phyloren22395|swimmer-gen4dp|1284\n|gen|9\n|tier|[Gen 9] VGC 2026 Reg I\n|rated|\n|rule|Species Clause: Limit one of each Pok\u00e9mon\n|rule|Item Clause: Limit 1 of each item\n|clearpoke\n|poke|p1|Kyurem-White, L50|\n|poke|p1|Zacian-*, L50|\n|poke|p1|Ninetales-Alola, L50, F|\n|poke|p1|Urshifu-*, L50, M|\n|poke|p1|Amoonguss, L50, M|\n|poke|p1|Incineroar, L50, F|\n|poke|p2|Ursaluna, L50, M|\n|poke|p2|Koraidon, L50|\n|poke|p2|Flutter Mane, L50|\n|poke|p2|Smeargle, L50, F|\n|poke|p2|Tornadus, L50, M|\n|poke|p2|Calyrex-Shadow, L50|\n|teampreview|4\n|\n|t:|1773822080\n|teamsize|p1|4\n|teamsize|p2|4\n|start\n|switch|p1a: Urshifu|Urshifu, L50, M|100/100\n|switch|p1b: Kyurem|Kyurem-White, L50, shiny|100/100\n|switch|p2a: Smeargle|Smeargle, L50, F, shiny|100/100\n|switch|p2b: Tornadus|Tornadus, L50, M|100/100\n|-ability|p1b: Kyurem|Turboblaze\n|turn|1\n|\n|t:|1773822108\n|move|p2a: Smeargle|Fake Out|p1b: Kyurem\n|-damage|p1b: Kyurem|96/100\n|move|p2b: Tornadus|Tailwind|p2b: Tornadus\n|-sidestart|p2: phyloren22395|move: Tailwind\n|move|p1a: Urshifu|Wicked Blow|p2a: Smeargle\n|-crit|p2a: Smeargle\n|-damage|p2a: Smeargle|0 fnt\n|faint|p2a: Smeargle\n|cant|p1b: Kyurem|flinch\n|\n|upkeep\n|\n|t:|1773822116\n|switch|p2a: Calyrex|Calyrex-Shadow, L50|100/100\n|-ability|p2a: Calyrex|As One\n|-ability|p2a: Calyrex|Unnerve\n|turn|2\n|\n|t:|1773822125\n|-terastallize|p2a: Calyrex|Dark\n|move|p1a: Urshifu|Protect|p1a: Urshifu\n|-singleturn|p1a: Urshifu|Protect\n|move|p2a: Calyrex|Astral Barrage|p1b: Kyurem|[spread] p1b\n|-activate|p1a: Urshifu|move: Protect\n|-damage|p1b: Kyurem|42/100\n|move|p2b: Tornadus|Bleakwind Storm|p1b: Kyurem|[spread] \n|-activate|p1a: Urshifu|move: Protect\n|-miss|p2b: Tornadus|p1b: Kyurem\n|move|p1b: Kyurem|Freeze-Dry|p2a: Calyrex\n|-damage|p2a: Calyrex|31/100\n|\n|upkeep\n|turn|3\n|\n|t:|1773822144\n|switch|p2a: Koraidon|Koraidon, L50|100/100\n|-weather|SunnyDay|[from] ability: Orichalcum Pulse|[of] p2a: Koraidon\n|-activate|p2a: Koraidon|Orichalcum Pulse|[source]\n|-terastallize|p1a: Urshifu|Dark\n|move|p1a: Urshifu|Sucker Punch||[still]\n|-fail|p1a: Urshifu\n|move|p2b: Tornadus|Bleakwind Storm|p1b: Kyurem|[spread] p1a,p1b\n|-damage|p1a: Urshifu|43/100\n|-damage|p1b: Kyurem|8/100\n|move|p1b: Kyurem|Freeze-Dry|p2b: Tornadus\n|-supereffective|p2b: Tornadus\n|-damage|p2b: Tornadus|0 fnt\n|faint|p2b: Tornadus\n|\n|-weather|SunnyDay|[upkeep]\n|upkeep\n|\n|t:|1773822156\n|switch|p2b: Calyrex|Calyrex-Shadow, L50, tera:Dark|31/100\n|-ability|p2b: Calyrex|As One\n|-ability|p2b: Calyrex|Unnerve\n|turn|4\n|\n|t:|1773822184\n|move|p2b: Calyrex|Protect|p2b: Calyrex\n|-singleturn|p2b: Calyrex|Protect\n|move|p1a: Urshifu|Sucker Punch||[still]\n|-fail|p1a: Urshifu\n|move|p2a: Koraidon|Flame Charge|p1a: Urshifu\n|-damage|p1a: Urshifu|0 fnt\n|-boost|p2a: Koraidon|spe|1\n|faint|p1a: Urshifu\n|-damage|p2a: Koraidon|91/100|[from] item: Life Orb\n|move|p1b: Kyurem|Freeze-Dry|p2a: Koraidon\n|-supereffective|p2a: Koraidon\n|-damage|p2a: Koraidon|0 fnt\n|faint|p2a: Koraidon\n|\n|-weather|SunnyDay|[upkeep]\n|-sideend|p2: phyloren22395|move: Tailwind\n|upkeep\n|\n|t:|1773822187\n|switch|p1a: Ninetales|Ninetales-Alola, L50, F|100/100\n|-weather|Snowscape|[from] ability: Snow Warning|[of] p1a: Ninetales\n|turn|5\n|\n|t:|1773822199\n|move|p1a: Ninetales|Blizzard|p2b: Calyrex\n|-damage|p2b: Calyrex|0 fnt\n|faint|p2b: Calyrex\n|\n|win|wasaad5\n|raw|wasaad5's rating: 1195 &rarr; <strong>1226</strong><br />(+31 for winning)\n|raw|phyloren22395's rating: 1284 &rarr; <strong>1253</strong><br />(-31 for losing)\n|l|\u2606wasaad5\n|player|p1|\n|l|\u2606phyloren22395\n|player|p2|\n","uploadtime":1773822452,"views":12,"formatid":"gen9vgc2026regi","rating":1226,"private":0,"password":null}