{"id":"gen9vgc2026regi-2515879978","format":"[Gen 9] VGC 2026 Reg I","players":["duck 7457546765","marcxhenry"],"log":"|j|\u2606duck 7457546765\n|j|\u2606marcxhenry\n|t:|1768055414\n|gametype|doubles\n|player|p1|duck 7457546765|cynthia|1234\n|player|p2|marcxhenry|hilbert-wonderlauncher|1333\n|gen|9\n|tier|[Gen 9] VGC 2026 Reg I\n|rated|\n|rule|Species Clause: Limit one of each Pok\u00e9mon\n|rule|Item Clause: Limit 1 of each item\n|clearpoke\n|poke|p1|Giratina, L50|\n|poke|p1|Zamazenta-*, L50|\n|poke|p1|Chi-Yu, L50|\n|poke|p1|Rillaboom, L50, F|\n|poke|p1|Urshifu-*, L50, M|\n|poke|p1|Incineroar, L50, M|\n|poke|p2|Calyrex-Shadow, L50|\n|poke|p2|Urshifu-*, L50, M|\n|poke|p2|Roaring Moon, L50|\n|poke|p2|Kyogre, L50|\n|poke|p2|Tsareena, L50, F|\n|poke|p2|Kingambit, L50, M|\n|teampreview|4\n|inactive|Battle timer is ON: inactive players will automatically lose when time's up. (requested by duck 7457546765)\n|\n|t:|1768055436\n|teamsize|p1|4\n|teamsize|p2|4\n|start\n|switch|p1a: Giratina|Giratina, L50|100/100\n|switch|p1b: Rillaboom|Rillaboom, L50, F|100/100\n|switch|p2a: Ludwig|Calyrex-Shadow, L50|100/100\n|switch|p2b: Tripitz|Kyogre, L50, shiny|100/100\n|-ability|p2a: Ludwig|As One\n|-ability|p2a: Ludwig|Unnerve\n|-weather|RainDance|[from] ability: Drizzle|[of] p2b: Tripitz\n|-fieldstart|move: Grassy Terrain|[from] ability: Grassy Surge|[of] p1b: Rillaboom\n|turn|1\n|inactive|duck 7457546765 has 30 seconds left.\n|\n|t:|1768055465\n|switch|p2b: Eva|Tsareena, L50, F, shiny|100/100\n|-terastallize|p2a: Ludwig|Normal\n|-terastallize|p1a: Giratina|Fairy\n|move|p1b: Rillaboom|Fake Out||[still]\n|cant|p2b: Eva|ability: Queenly Majesty|Fake Out|[of] p1b: Rillaboom\n|move|p2a: Ludwig|Astral Barrage|p1a: Giratina|[spread] p1a,p1b\n|-crit|p1b: Rillaboom\n|-damage|p1a: Giratina|68/100\n|-damage|p1b: Rillaboom|40/100\n|move|p1a: Giratina|Shadow Ball|p2a: Ludwig\n|-immune|p2a: Ludwig\n|\n|-weather|RainDance|[upkeep]\n|-heal|p1a: Giratina|74/100|[from] Grassy Terrain\n|-heal|p1a: Giratina|80/100|[from] item: Leftovers\n|-heal|p1b: Rillaboom|46/100|[from] Grassy Terrain\n|upkeep\n|turn|2\n|\n|t:|1768055488\n|move|p2a: Ludwig|Protect|p2a: Ludwig\n|-singleturn|p2a: Ludwig|Protect\n|move|p1a: Giratina|Calm Mind|p1a: Giratina\n|-boost|p1a: Giratina|spa|1\n|-boost|p1a: Giratina|spd|1\n|move|p2b: Eva|Power Whip|p1a: Giratina\n|-damage|p1a: Giratina|29/100\n|move|p1b: Rillaboom|Snarl|p2a: Ludwig|[spread] p2b\n|-activate|p2a: Ludwig|move: Protect\n|-damage|p2b: Eva|93/100\n|-unboost|p2b: Eva|spa|1\n|\n|-weather|RainDance|[upkeep]\n|-heal|p1a: Giratina|35/100|[from] Grassy Terrain\n|-heal|p2b: Eva|99/100|[from] Grassy Terrain\n|-heal|p1a: Giratina|41/100|[from] item: Leftovers\n|-heal|p1b: Rillaboom|52/100|[from] Grassy Terrain\n|upkeep\n|turn|3\n|\n|t:|1768055508\n|move|p1a: Giratina|Protect|p1a: Giratina\n|-singleturn|p1a: Giratina|Protect\n|move|p2a: Ludwig|Astral Barrage|p1b: Rillaboom|[spread] p1b\n|-activate|p1a: Giratina|move: Protect\n|-damage|p1b: Rillaboom|10/100\n|move|p2b: Eva|Triple Axel|p1b: Rillaboom\n|-supereffective|p1b: Rillaboom\n|-damage|p1b: Rillaboom|0 fnt\n|faint|p1b: Rillaboom\n|-hitcount|p1: Rillaboom|1\n|\n|-weather|RainDance|[upkeep]\n|-heal|p1a: Giratina|47/100|[from] Grassy Terrain\n|-heal|p2b: Eva|100/100|[from] Grassy Terrain\n|-heal|p1a: Giratina|54/100|[from] item: Leftovers\n|upkeep\n|\n|t:|1768055525\n|switch|p1b: Urshifu|Urshifu-Rapid-Strike, L50, M|100/100\n|turn|4\n|\n|t:|1768055544\n|switch|p2a: Hermann|Kingambit, L50, M, shiny|100/100\n|move|p1b: Urshifu|Surging Strikes|p2a: Hermann\n|-crit|p2a: Hermann\n|-damage|p2a: Hermann|78/100\n|-crit|p2a: Hermann\n|-damage|p2a: Hermann|54/100\n|-crit|p2a: Hermann\n|-damage|p2a: Hermann|30/100\n|-hitcount|p2a: Hermann|3\n|move|p1a: Giratina|Dragon Pulse|p2b: Eva\n|-damage|p2b: Eva|37/100\n|move|p2b: Eva|Power Whip|p1b: Urshifu\n|-supereffective|p1b: Urshifu\n|-enditem|p1b: Urshifu|Focus Sash\n|-damage|p1b: Urshifu|1/100\n|\n|-weather|RainDance|[upkeep]\n|-heal|p1b: Urshifu|7/100|[from] Grassy Terrain\n|-heal|p2b: Eva|43/100|[from] Grassy Terrain\n|-heal|p1a: Giratina|60/100|[from] Grassy Terrain\n|-heal|p1a: Giratina|66/100|[from] item: Leftovers\n|-heal|p2a: Hermann|36/100|[from] Grassy Terrain\n|upkeep\n|turn|5\n|inactive|duck 7457546765 has 30 seconds left.\n|\n|t:|1768055571\n|move|p1b: Urshifu|Detect|p1b: Urshifu\n|-singleturn|p1b: Urshifu|Protect\n|move|p2a: Hermann|Sucker Punch||[still]\n|-fail|p2a: Hermann\n|move|p2b: Eva|Power Whip|p1a: Giratina\n|-damage|p1a: Giratina|13/100\n|move|p1a: Giratina|Dragon Pulse|p2b: Eva\n|-damage|p2b: Eva|0 fnt\n|faint|p2b: Eva\n|\n|-weather|none\n|-heal|p1b: Urshifu|12/100|[from] Grassy Terrain\n|-heal|p1a: Giratina|19/100|[from] Grassy Terrain\n|-heal|p1a: Giratina|25/100|[from] item: Leftovers\n|-heal|p2a: Hermann|42/100|[from] Grassy Terrain\n|-fieldend|move: Grassy Terrain\n|upkeep\n|\n|t:|1768055585\n|switch|p2b: Ludwig|Calyrex-Shadow, L50, tera:Normal|100/100\n|-ability|p2b: Ludwig|As One\n|-ability|p2b: Ludwig|Unnerve\n|turn|6\n|\n|t:|1768055599\n|move|p1a: Giratina|Protect|p1a: Giratina\n|-singleturn|p1a: Giratina|Protect\n|move|p1b: Urshifu|Aqua Jet|p2b: Ludwig\n|-damage|p2b: Ludwig|74/100\n|move|p2a: Hermann|Sucker Punch||[still]\n|-fail|p2a: Hermann\n|move|p2b: Ludwig|Astral Barrage|p1a: Giratina|[spread] p1b\n|-activate|p1a: Giratina|move: Protect\n|-damage|p1b: Urshifu|0 fnt\n|faint|p1b: Urshifu\n|-ability|p2b: Ludwig|Grim Neigh|boost\n|-boost|p2b: Ludwig|spa|1\n|\n|-heal|p1a: Giratina|32/100|[from] item: Leftovers\n|upkeep\n|\n|t:|1768055608\n|switch|p1b: Zamazenta|Zamazenta-Crowned, L50|100/100\n|-ability|p1b: Zamazenta|Dauntless Shield|boost\n|-boost|p1b: Zamazenta|def|1\n|turn|7\n|\n|t:|1768055624\n|move|p2b: Ludwig|Psychic|p1a: Giratina\n|-damage|p1a: Giratina|0 fnt\n|faint|p1a: Giratina\n|-ability|p2b: Ludwig|Grim Neigh|boost\n|-boost|p2b: Ludwig|spa|1\n|move|p1b: Zamazenta|Body Press|p2b: Ludwig\n|-supereffective|p2b: Ludwig\n|-damage|p2b: Ludwig|0 fnt\n|faint|p2b: Ludwig\n|move|p2a: Hermann|Iron Head|p1b: Zamazenta\n|-resisted|p1b: Zamazenta\n|-damage|p1b: Zamazenta|92/100\n|\n|upkeep\n|\n|t:|1768055635\n|switch|p2b: Tripitz|Kyogre, L50, shiny|100/100\n|-weather|RainDance|[from] ability: Drizzle|[of] p2b: Tripitz\n|turn|8\n|\n|t:|1768055640\n|move|p2b: Tripitz|Protect|p2b: Tripitz\n|-singleturn|p2b: Tripitz|Protect\n|move|p1b: Zamazenta|Body Press|p2b: Tripitz\n|-activate|p2b: Tripitz|move: Protect\n|move|p2a: Hermann|Brick Break|p1b: Zamazenta\n|-supereffective|p1b: Zamazenta\n|-damage|p1b: Zamazenta|68/100\n|\n|-weather|RainDance|[upkeep]\n|upkeep\n|turn|9\n|\n|t:|1768055649\n|move|p1b: Zamazenta|Body Press|p2b: Tripitz\n|-damage|p2b: Tripitz|28/100\n|move|p2b: Tripitz|Origin Pulse|p1b: Zamazenta\n|-damage|p1b: Zamazenta|0 fnt\n|faint|p1b: Zamazenta\n|\n|win|marcxhenry\n|raw|duck 7457546765's rating: 1234 &rarr; <strong>1216</strong><br />(-18 for losing)\n|raw|marcxhenry's rating: 1333 &rarr; <strong>1347</strong><br />(+14 for winning)\n|l|\u2606duck 7457546765\n|player|p1|\n|l|\u2606marcxhenry\n|player|p2|\n","uploadtime":1768055902,"views":11,"formatid":"gen9vgc2026regi","rating":1216,"private":0,"password":null}