{"id":"gen9vgc2026regi-2562538122","format":"[Gen 9] VGC 2026 Reg I","players":["randomcatFFR","htfg2024"],"log":"|j|\u2606randomcatFFR\n|j|\u2606htfg2024\n|t:|1773928338\n|gametype|doubles\n|player|p1|randomcatFFR|bugcatcher-gen4dp|1386\n|player|p2|htfg2024|265|1341\n|gen|9\n|tier|[Gen 9] VGC 2026 Reg I\n|rated|\n|rule|Species Clause: Limit one of each Pok\u00e9mon\n|rule|Item Clause: Limit 1 of each item\n|clearpoke\n|poke|p1|Miraidon, L50|\n|poke|p1|Incineroar, L50, M|\n|poke|p1|Whimsicott, L50, M|\n|poke|p1|Urshifu-*, L50, F|\n|poke|p1|Lunala, L50|\n|poke|p1|Ursaluna, L50, F|\n|poke|p2|Calyrex-Shadow, L50|\n|poke|p2|Koraidon, L50|\n|poke|p2|Muk-Alola, L50, F|\n|poke|p2|Smeargle, L50, F|\n|poke|p2|Ogerpon-Hearthflame, L50, F|\n|poke|p2|Flamigo, L50, F|\n|teampreview|4\n|inactive|Battle timer is ON: inactive players will automatically lose when time's up. (requested by htfg2024)\nhtfg2024 rejected open team sheets.\n|inactive|randomcatFFR has 60 seconds left.\n|inactive|randomcatFFR has 30 seconds left.\n|inactive|randomcatFFR has 20 seconds left.\n|inactive|randomcatFFR has 15 seconds left.\n|inactive|randomcatFFR has 10 seconds left.\n|j| SaltyCore69\n|inactive|randomcatFFR has 5 seconds left.\n|\n|t:|1773928427\n|teamsize|p1|4\n|teamsize|p2|4\n|start\n|switch|p1a: Incineroar|Incineroar, L50, M|100/100\n|switch|p1b: Miraidon|Miraidon, L50|100/100\n|switch|p2a: Smeargle|Smeargle, L50, F|100/100\n|switch|p2b: Muk|Muk-Alola, L50, F|100/100\n|-fieldstart|move: Electric Terrain|[from] ability: Hadron Engine|[of] p1b: Miraidon\n|-ability|p1a: Incineroar|Intimidate|boost\n|-unboost|p2a: Smeargle|atk|1\n|-unboost|p2b: Muk|atk|1\n|turn|1\n|\n|t:|1773928442\n|move|p2a: Smeargle|Fake Out|p1b: Miraidon\n|-damage|p1b: Miraidon|97/100\n|move|p1a: Incineroar|Fake Out|p2b: Muk\n|-damage|p2b: Muk|91/100\n|cant|p1b: Miraidon|flinch\n|cant|p2b: Muk|flinch\n|\n|-ability|p2a: Smeargle|Moody|boost\n|-boost|p2a: Smeargle|def|2\n|-unboost|p2a: Smeargle|spa|1\n|upkeep\n|turn|2\n|\n|t:|1773928454\n|move|p1b: Miraidon|Volt Switch|p2b: Muk\n|-damage|p2b: Muk|27/100\n|-damage|p1b: Miraidon|88/100|[from] item: Life Orb\n|\n|t:|1773928459\n|switch|p1b: Whimsicott|Whimsicott, L50, M|100/100|[from] Volt Switch\n|move|p2a: Smeargle|Minimize|p2a: Smeargle\n|-boost|p2a: Smeargle|evasion|2\n|move|p1a: Incineroar|U-turn|p2b: Muk\n|-damage|p2b: Muk|12/100\n|\n|t:|1773928463\n|switch|p1a: Miraidon|Miraidon, L50|88/100|[from] U-turn\n|-activate|p1a: Miraidon|ability: Hadron Engine\n|move|p2b: Muk|Minimize|p2b: Muk\n|-boost|p2b: Muk|evasion|2\n|\n|-ability|p2a: Smeargle|Moody|boost\n|-boost|p2a: Smeargle|spa|2\n|-unboost|p2a: Smeargle|def|1\n|upkeep\n|turn|3\n|c| SaltyCore69|Watdafak, so plot twisting xD\n|\n|t:|1773928487\n|move|p1a: Miraidon|Volt Switch|p2b: Muk\n|-damage|p2b: Muk|0 fnt\n|faint|p2b: Muk\n|-damage|p1a: Miraidon|78/100|[from] item: Life Orb\n|\n|t:|1773928490\n|switch|p1a: Incineroar|Incineroar, L50, M|100/100|[from] Volt Switch\n|-ability|p1a: Incineroar|Intimidate|boost\n|-unboost|p2a: Smeargle|atk|1\n|move|p1b: Whimsicott|Moonblast|p2a: Smeargle\n|-damage|p2a: Smeargle|44/100\n|move|p2a: Smeargle|Minimize|p2a: Smeargle\n|-boost|p2a: Smeargle|evasion|2\n|\n|-ability|p2a: Smeargle|Moody|boost\n|-boost|p2a: Smeargle|atk|2\n|-unboost|p2a: Smeargle|spe|1\n|upkeep\n|\n|t:|1773928505\n|switch|p2b: Flamigo|Flamigo, L50, F|100/100\n|-copyboost|p2b: Flamigo|p2a: Smeargle|[from] ability: Costar\n|-enditem|p2b: Flamigo|White Herb\n|-clearnegativeboost|p2b: Flamigo|[silent]\n|turn|4\n|\n|t:|1773928518\n|move|p1a: Incineroar|Fake Out|p2b: Flamigo\n|-damage|p2b: Flamigo|92/100\n|move|p1b: Whimsicott|Moonblast|p2a: Smeargle|[miss]\n|-miss|p1b: Whimsicott|p2a: Smeargle\n|cant|p2b: Flamigo|flinch\n|move|p2a: Smeargle|Minimize|p2a: Smeargle\n|-boost|p2a: Smeargle|evasion|2\n|\n|-ability|p2a: Smeargle|Moody|boost\n|-boost|p2a: Smeargle|atk|2\n|-unboost|p2a: Smeargle|spd|1\n|upkeep\n|turn|5\n|inactive|randomcatFFR has 30 seconds left.\n|\n|t:|1773928551\n|move|p2a: Smeargle|Follow Me|p2a: Smeargle\n|-singleturn|p2a: Smeargle|move: Follow Me\n|move|p1b: Whimsicott|Moonblast|p2a: Smeargle|[miss]\n|-miss|p1b: Whimsicott|p2a: Smeargle\n|move|p2b: Flamigo|Substitute|p2b: Flamigo\n|-start|p2b: Flamigo|Substitute\n|-damage|p2b: Flamigo|67/100\n|move|p1a: Incineroar|Knock Off|p2a: Smeargle|[miss]\n|-miss|p1a: Incineroar|p2a: Smeargle\n|\n|-fieldend|move: Electric Terrain\n|-ability|p2a: Smeargle|Moody|boost\n|-boost|p2a: Smeargle|def|2\n|-unboost|p2a: Smeargle|atk|1\n|upkeep\n|turn|6\n|l| SaltyCore69\n|\n|t:|1773928573\n|move|p2a: Smeargle|Follow Me|p2a: Smeargle\n|-singleturn|p2a: Smeargle|move: Follow Me\n|move|p1b: Whimsicott|Moonblast|p2a: Smeargle|[miss]\n|-miss|p1b: Whimsicott|p2a: Smeargle\n|move|p2b: Flamigo|Close Combat|p1a: Incineroar\n|-supereffective|p1a: Incineroar\n|-damage|p1a: Incineroar|0 fnt\n|-unboost|p2b: Flamigo|def|1\n|-unboost|p2b: Flamigo|spd|1\n|faint|p1a: Incineroar\n|\n|-ability|p2a: Smeargle|Moody|boost\n|-boost|p2a: Smeargle|atk|2\n|-unboost|p2a: Smeargle|spd|1\n|upkeep\n|inactive|randomcatFFR has 30 seconds left.\n|\n|t:|1773928603\n|switch|p1a: Miraidon|Miraidon, L50|78/100\n|-fieldstart|move: Electric Terrain|[from] ability: Hadron Engine|[of] p1a: Miraidon\n|turn|7\n|\n|t:|1773928615\n|move|p1a: Miraidon|Protect|p1a: Miraidon\n|-singleturn|p1a: Miraidon|Protect\n|move|p2a: Smeargle|Follow Me|p2a: Smeargle\n|-singleturn|p2a: Smeargle|move: Follow Me\n|move|p1b: Whimsicott|Moonblast|p2a: Smeargle\n|-damage|p2a: Smeargle|0 fnt\n|faint|p2a: Smeargle\n|move|p2b: Flamigo|Acrobatics|p1b: Whimsicott\n|-supereffective|p1b: Whimsicott\n|-damage|p1b: Whimsicott|0 fnt\n|faint|p1b: Whimsicott\n|\n|upkeep\n|\n|t:|1773928627\n|switch|p1b: Lunala|Lunala, L50|100/100\n|switch|p2a: Calyrex|Calyrex-Shadow, L50|100/100\n|-ability|p2a: Calyrex|As One\n|-ability|p2a: Calyrex|Unnerve\n|-enditem|p1b: Lunala|Electric Seed\n|-boost|p1b: Lunala|def|1|[from] item: Electric Seed\n|turn|8\n|inactive|randomcatFFR has 30 seconds left.\n|\n|t:|1773928654\n|-terastallize|p2a: Calyrex|Fairy\n|-terastallize|p1a: Miraidon|Electric\n|move|p1b: Lunala|Wide Guard|p1b: Lunala\n|-singleturn|p1b: Lunala|Wide Guard\n|move|p2a: Calyrex|Psych Up|p2b: Flamigo\n|-copyboost|p2a: Calyrex|p2b: Flamigo|[from] move: Psych Up\n|move|p1a: Miraidon|Electro Drift|p2a: Calyrex\n|-damage|p2a: Calyrex|0 fnt\n|faint|p2a: Calyrex\n|-damage|p1a: Miraidon|69/100|[from] item: Life Orb\n|move|p2b: Flamigo|Acrobatics|p1a: Miraidon\n|-resisted|p1a: Miraidon\n|-damage|p1a: Miraidon|46/100\n|\n|upkeep\n|turn|9\n|\n|t:|1773928673\n|move|p1a: Miraidon|Electro Drift|p2b: Flamigo|[miss]\n|-miss|p1a: Miraidon|p2b: Flamigo\n|move|p2b: Flamigo|Acrobatics|p1a: Miraidon\n|-resisted|p1a: Miraidon\n|-crit|p1a: Miraidon\n|-damage|p1a: Miraidon|13/100\n|move|p1b: Lunala|Moonblast|p2b: Flamigo\n|-supereffective|p2b: Flamigo\n|-end|p2b: Flamigo|Substitute\n|\n|upkeep\n|turn|10\n|\n|t:|1773928684\n|move|p1a: Miraidon|Electro Drift|p2b: Flamigo|[miss]\n|-miss|p1a: Miraidon|p2b: Flamigo\n|move|p2b: Flamigo|Substitute|p2b: Flamigo\n|-start|p2b: Flamigo|Substitute\n|-damage|p2b: Flamigo|42/100\n|move|p1b: Lunala|Moonblast|p2b: Flamigo|[miss]\n|-miss|p1b: Lunala|p2b: Flamigo\n|\n|upkeep\n|turn|11\n|\n|t:|1773928693\n|move|p1a: Miraidon|Electro Drift|p2b: Flamigo\n|-supereffective|p2b: Flamigo\n|-end|p2b: Flamigo|Substitute\n|-damage|p1a: Miraidon|4/100|[from] item: Life Orb\n|move|p2b: Flamigo|Roost|p2b: Flamigo\n|-heal|p2b: Flamigo|92/100\n|-singleturn|p2b: Flamigo|move: Roost\n|move|p1b: Lunala|Moonblast|p2b: Flamigo\n|-supereffective|p2b: Flamigo\n|-damage|p2b: Flamigo|0 fnt\n|faint|p2b: Flamigo\n|\n|win|randomcatFFR\n|raw|randomcatFFR's rating: 1386 &rarr; <strong>1403</strong><br />(+17 for winning)\n|raw|htfg2024's rating: 1341 &rarr; <strong>1324</strong><br />(-17 for losing)\n|l|\u2606htfg2024\n|player|p2|\n|l|\u2606randomcatFFR\n|player|p1|\n","uploadtime":1773928877,"views":13,"formatid":"gen9vgc2026regi","rating":1324,"private":0,"password":null}