{"id":"gen9vgc2026regi-2558723551","format":"[Gen 9] VGC 2026 Reg I","players":["wasaad5","Iliketoplaygen8"],"log":"|j|\u2606wasaad5\n|j|\u2606Iliketoplaygen8\n|t:|1773469840\n|gametype|doubles\n|player|p1|wasaad5|blue|1250\n|player|p2|Iliketoplaygen8|1|1319\n|gen|9\n|tier|[Gen 9] VGC 2026 Reg I\n|rated|\n|rule|Species Clause: Limit one of each Pok\u00e9mon\n|rule|Item Clause: Limit 1 of each item\n|clearpoke\n|poke|p1|Kyurem-White, L50|\n|poke|p1|Zacian-*, L50|\n|poke|p1|Sableye, L50, M|\n|poke|p1|Urshifu-*, L50, F|\n|poke|p1|Amoonguss, L50, M|\n|poke|p1|Incineroar, L50, M|\n|poke|p2|Miraidon, L50|\n|poke|p2|Calyrex-Ice, L50|\n|poke|p2|Whimsicott, L50, M|\n|poke|p2|Farigiraf, L50, M|\n|poke|p2|Volcarona, L50, M|\n|poke|p2|Urshifu-*, L50, M|\n|teampreview|4\n|\n|t:|1773469893\n|teamsize|p1|4\n|teamsize|p2|4\n|start\n|switch|p1a: Incineroar|Incineroar, L50, M|100/100\n|switch|p1b: Zacian|Zacian-Crowned, L50|100/100\n|switch|p2a: Miraidon|Miraidon, L50|100/100\n|switch|p2b: Farigiraf|Farigiraf, L50, M|100/100\n|-ability|p1b: Zacian|Intrepid Sword|boost\n|-boost|p1b: Zacian|atk|1\n|-fieldstart|move: Electric Terrain|[from] ability: Hadron Engine|[of] p2a: Miraidon\n|-enditem|p2b: Farigiraf|Electric Seed\n|-boost|p2b: Farigiraf|def|1|[from] item: Electric Seed\n|-ability|p1a: Incineroar|Intimidate|boost\n|-unboost|p2a: Miraidon|atk|1\n|-unboost|p2b: Farigiraf|atk|1\n|turn|1\n|\n|t:|1773469911\n|-terastallize|p1b: Zacian|Ground\n|-terastallize|p2a: Miraidon|Electric\n|move|p1b: Zacian|Tera Blast|p2a: Miraidon|[anim] Tera Blast Ground\n|-supereffective|p2a: Miraidon\n|-damage|p2a: Miraidon|0 fnt\n|faint|p2a: Miraidon\n|move|p1a: Incineroar|Knock Off|p2b: Farigiraf\n|-supereffective|p2b: Farigiraf\n|-damage|p2b: Farigiraf|73/100\n|move|p2b: Farigiraf|Trick Room|p2b: Farigiraf\n|-fieldstart|move: Trick Room|[of] p2b: Farigiraf\n|\n|upkeep\n|\n|t:|1773469917\n|switch|p2a: Calyrex|Calyrex-Ice, L50|100/100\n|-ability|p2a: Calyrex|As One\n|-ability|p2a: Calyrex|Unnerve\n|turn|2\n|\n|t:|1773469924\n|move|p2b: Farigiraf|Helping Hand|p2a: Calyrex\n|-singleturn|p2a: Calyrex|Helping Hand|[of] p2b: Farigiraf\n|move|p1b: Zacian|Protect|p1b: Zacian\n|-singleturn|p1b: Zacian|Protect\n|move|p2a: Calyrex|Glacial Lance|p1b: Zacian|[spread] p1a\n|-activate|p1b: Zacian|move: Protect\n|-resisted|p1a: Incineroar\n|-damage|p1a: Incineroar|58/100\n|move|p1a: Incineroar|Will-O-Wisp|p2a: Calyrex\n|-status|p2a: Calyrex|brn\n|\n|-damage|p2a: Calyrex|95/100 brn|[from] brn\n|upkeep\n|turn|3\n|\n|t:|1773469936\n|switch|p1b: Kyurem|Kyurem-White, L50, shiny|100/100\n|-ability|p1b: Kyurem|Turboblaze\n|move|p2b: Farigiraf|Helping Hand|p2a: Calyrex\n|-singleturn|p2a: Calyrex|Helping Hand|[of] p2b: Farigiraf\n|move|p2a: Calyrex|Glacial Lance|p1b: Kyurem|[spread] p1a,p1b\n|-resisted|p1a: Incineroar\n|-damage|p1a: Incineroar|37/100\n|-damage|p1b: Kyurem|68/100\n|move|p1a: Incineroar|Knock Off|p2a: Calyrex\n|-supereffective|p2a: Calyrex\n|-damage|p2a: Calyrex|51/100 brn\n|-enditem|p2a: Calyrex|Clear Amulet|[from] move: Knock Off|[of] p1a: Incineroar\n|\n|-damage|p2a: Calyrex|45/100 brn|[from] brn\n|upkeep\n|turn|4\n|\n|t:|1773469952\n|move|p2b: Farigiraf|Helping Hand|p2a: Calyrex\n|-singleturn|p2a: Calyrex|Helping Hand|[of] p2b: Farigiraf\n|move|p2a: Calyrex|Glacial Lance|p1a: Incineroar|[spread] p1a,p1b\n|-resisted|p1a: Incineroar\n|-damage|p1a: Incineroar|15/100\n|-damage|p1b: Kyurem|34/100\n|move|p1a: Incineroar|Parting Shot|p2a: Calyrex\n|-unboost|p2a: Calyrex|atk|1\n|-unboost|p2a: Calyrex|spa|1\n|\n|t:|1773469962\n|switch|p1a: Zacian|Zacian-Crowned, L50, tera:Ground|100/100|[from] Parting Shot\n|move|p1b: Kyurem|Ice Beam|p2b: Farigiraf\n|-damage|p2b: Farigiraf|22/100\n|\n|-damage|p2a: Calyrex|40/100 brn|[from] brn\n|upkeep\n|turn|5\n|\n|t:|1773469969\n|move|p1a: Zacian|Protect|p1a: Zacian\n|-singleturn|p1a: Zacian|Protect\n|move|p1b: Kyurem|Ice Beam|p2b: Farigiraf\n|-damage|p2b: Farigiraf|0 fnt\n|faint|p2b: Farigiraf\n|move|p2a: Calyrex|Trick Room|p2a: Calyrex\n|-fieldend|move: Trick Room\n|\n|-damage|p2a: Calyrex|34/100 brn|[from] brn\n|-fieldend|move: Electric Terrain\n|upkeep\n|\n|t:|1773469974\n|switch|p2b: Urshifu|Urshifu-Rapid-Strike, L50, M|100/100\n|turn|6\n|inactive|Battle timer is ON: inactive players will automatically lose when time's up. (requested by wasaad5)\n|inactive|Iliketoplaygen8 has 60 seconds left.\n|inactive|Iliketoplaygen8 has 30 seconds left.\n|inactive|Iliketoplaygen8 has 20 seconds left.\n|inactive|Iliketoplaygen8 has 15 seconds left.\n|inactive|Iliketoplaygen8 has 10 seconds left.\n|inactive|Iliketoplaygen8 has 5 seconds left.\n|\n|t:|1773470148\n|move|p1a: Zacian|Play Rough|p2b: Urshifu\n|-supereffective|p2b: Urshifu\n|-damage|p2b: Urshifu|9/100\n|move|p1b: Kyurem|Freeze-Dry|p2b: Urshifu\n|-supereffective|p2b: Urshifu\n|-damage|p2b: Urshifu|0 fnt\n|faint|p2b: Urshifu\n|move|p2a: Calyrex|Glacial Lance|p1a: Zacian|[spread] p1a,p1b\n|-supereffective|p1a: Zacian\n|-damage|p1a: Zacian|66/100\n|-damage|p1b: Kyurem|19/100\n|\n|-damage|p2a: Calyrex|28/100 brn|[from] brn\n|upkeep\n|turn|7\n|inactive|wasaad5 has 30 seconds left.\n|inactive|Iliketoplaygen8 has 30 seconds left.\n|inactive|wasaad5 has 20 seconds left.\n|inactive|Iliketoplaygen8 has 20 seconds left.\n|inactive|wasaad5 has 15 seconds left.\n|inactive|Iliketoplaygen8 has 15 seconds left.\n|inactive|wasaad5 has 10 seconds left.\n|inactive|Iliketoplaygen8 has 10 seconds left.\n|inactive|wasaad5 has 5 seconds left.\n|inactive|Iliketoplaygen8 has 5 seconds left.\n|\n|t:|1773470203\n|move|p1a: Zacian|Protect|p1a: Zacian\n|-singleturn|p1a: Zacian|Protect\n|move|p1b: Kyurem|Ice Beam|p2a: Calyrex\n|-resisted|p2a: Calyrex\n|-damage|p2a: Calyrex|9/100 brn\n|move|p2a: Calyrex|Glacial Lance|p1b: Kyurem|[spread] p1b\n|-activate|p1a: Zacian|move: Protect\n|-damage|p1b: Kyurem|4/100\n|\n|-damage|p2a: Calyrex|3/100 brn|[from] brn\n|upkeep\n|turn|8\n|inactive|wasaad5 has 30 seconds left.\n|inactive|Iliketoplaygen8 has 30 seconds left.\n|inactive|wasaad5 has 20 seconds left.\n|inactive|Iliketoplaygen8 has 20 seconds left.\n|inactive|wasaad5 has 15 seconds left.\n|inactive|Iliketoplaygen8 has 15 seconds left.\n|inactive|wasaad5 has 10 seconds left.\n|inactive|Iliketoplaygen8 has 10 seconds left.\n|inactive|wasaad5 has 5 seconds left.\n|inactive|Iliketoplaygen8 has 5 seconds left.\n|\n|t:|1773470258\n|move|p1a: Zacian|Behemoth Blade|p2a: Calyrex\n|-supereffective|p2a: Calyrex\n|-damage|p2a: Calyrex|0 fnt\n|faint|p2a: Calyrex\n|\n|win|wasaad5\n|raw|wasaad5's rating: 1232 &rarr; <strong>1264</strong><br />(+32 for winning)\n|raw|Iliketoplaygen8's rating: 1330 &rarr; <strong>1305</strong><br />(-25 for losing)\n","uploadtime":1773470441,"views":14,"formatid":"gen9vgc2026regi","rating":1264,"private":0,"password":null}