{"id":"gen9vgc2026regi-2537997854","format":"[Gen 9] VGC 2026 Reg I","players":["TheManOfSausage","Tritonfrostbane"],"log":"|j|\u2606TheManOfSausage\n|j|\u2606Tritonfrostbane\n|t:|1770874969\n|gametype|doubles\n|player|p1|TheManOfSausage|miku-water|1342\n|player|p2|Tritonfrostbane|101|1428\n|gen|9\n|tier|[Gen 9] VGC 2026 Reg I\n|rated|\n|rule|Species Clause: Limit one of each Pok\u00e9mon\n|rule|Item Clause: Limit 1 of each item\n|clearpoke\n|poke|p1|Calyrex-Ice, L50|\n|poke|p1|Miraidon, L50|\n|poke|p1|Amoonguss, L50, F|\n|poke|p1|Incineroar, L50, M|\n|poke|p1|Urshifu-*, L50, M|\n|poke|p1|Farigiraf, L50, F|\n|poke|p2|Calyrex-Ice, L50|\n|poke|p2|Indeedee-F, L50, F|\n|poke|p2|Lunala, L50|\n|poke|p2|Torkoal, L50, M|\n|poke|p2|Smeargle, L50, F|\n|poke|p2|Urshifu-*, L50, F|\n|teampreview|4\n|\n|t:|1770874999\n|teamsize|p1|4\n|teamsize|p2|4\n|start\n|switch|p1a: Amoonguss|Amoonguss, L50, F|100/100\n|switch|p1b: Ogurin|Calyrex-Ice, L50|100/100\n|switch|p2a: Smeargle|Smeargle, L50, F|100/100\n|switch|p2b: Calyrex|Calyrex-Ice, L50|100/100\n|-ability|p2b: Calyrex|As One\n|-ability|p2b: Calyrex|Unnerve\n|-ability|p1b: Ogurin|As One\n|-ability|p1b: Ogurin|Unnerve\n|turn|1\n|\n|t:|1770875017\n|move|p1a: Amoonguss|Protect|p1a: Amoonguss\n|-singleturn|p1a: Amoonguss|Protect\n|move|p2a: Smeargle|Fake Out|p1a: Amoonguss\n|-activate|p1a: Amoonguss|move: Protect\n|move|p1b: Ogurin|Glacial Lance|p2a: Smeargle|[spread] p2a,p2b\n|-resisted|p2b: Calyrex\n|-enditem|p2a: Smeargle|Focus Sash\n|-damage|p2a: Smeargle|1/100\n|-damage|p2b: Calyrex|82/100\n|move|p2b: Calyrex|Glacial Lance|p1b: Ogurin|[spread] p1b\n|-activate|p1a: Amoonguss|move: Protect\n|-resisted|p1b: Ogurin\n|-damage|p1b: Ogurin|83/100\n|\n|upkeep\n|turn|2\n|\n|t:|1770875037\n|-terastallize|p1a: Amoonguss|Water\n|move|p2a: Smeargle|Wide Guard|p2a: Smeargle\n|-singleturn|p2a: Smeargle|Wide Guard\n|move|p1a: Amoonguss|Rage Powder|p1a: Amoonguss\n|-singleturn|p1a: Amoonguss|move: Rage Powder\n|move|p1b: Ogurin|Glacial Lance|p2b: Calyrex|[spread] \n|-activate|p2a: Smeargle|move: Wide Guard\n|-activate|p2b: Calyrex|move: Wide Guard\n|move|p2b: Calyrex|Glacial Lance|p1a: Amoonguss|[spread] p1a,p1b\n|-resisted|p1a: Amoonguss\n|-resisted|p1b: Ogurin\n|-damage|p1a: Amoonguss|70/100\n|-damage|p1b: Ogurin|66/100\n|\n|upkeep\n|turn|3\n|\n|t:|1770875059\n|move|p2a: Smeargle|Spore|p1a: Amoonguss\n|-status|p1a: Amoonguss|slp|[from] move: Spore\n|move|p1b: Ogurin|High Horsepower|p2a: Smeargle\n|-damage|p2a: Smeargle|0 fnt\n|faint|p2a: Smeargle\n|-ability|p1b: Ogurin|Chilling Neigh|boost\n|-boost|p1b: Ogurin|atk|1\n|cant|p1a: Amoonguss|slp\n|move|p2b: Calyrex|Trick Room|p2b: Calyrex\n|-fieldstart|move: Trick Room|[of] p2b: Calyrex\n|\n|upkeep\n|\n|t:|1770875072\n|switch|p2a: Torkoal|Torkoal, L50, M|100/100\n|-weather|SunnyDay|[from] ability: Drought|[of] p2a: Torkoal\n|turn|4\n|\n|t:|1770875080\n|-terastallize|p2a: Torkoal|Fire\n|move|p1b: Ogurin|Protect|p1b: Ogurin\n|-singleturn|p1b: Ogurin|Protect\n|move|p2a: Torkoal|Eruption|p1a: Amoonguss|[spread] p1a\n|-activate|p1b: Ogurin|move: Protect\n|-resisted|p1a: Amoonguss\n|-damage|p1a: Amoonguss|18/100 slp\n|cant|p1a: Amoonguss|slp\n|move|p2b: Calyrex|Glacial Lance|p1b: Ogurin|[spread] p1a\n|-activate|p1b: Ogurin|move: Protect\n|-resisted|p1a: Amoonguss\n|-damage|p1a: Amoonguss|0 fnt\n|faint|p1a: Amoonguss\n|-ability|p2b: Calyrex|Chilling Neigh|boost\n|-boost|p2b: Calyrex|atk|1\n|\n|-weather|SunnyDay|[upkeep]\n|upkeep\n|\n|t:|1770875089\n|switch|p1a: Marvelous|Incineroar, L50, M, shiny|100/100\n|-ability|p1a: Marvelous|Intimidate|boost\n|-unboost|p2a: Torkoal|atk|1\n|-fail|p2b: Calyrex|unboost|[from] item: Clear Amulet|[of] p2b: Calyrex\n|turn|5\n|\n|t:|1770875109\n|move|p1a: Marvelous|Fake Out|p2a: Torkoal\n|-crit|p2a: Torkoal\n|-damage|p2a: Torkoal|88/100\n|cant|p2a: Torkoal|flinch\n|move|p1b: Ogurin|High Horsepower|p2a: Torkoal\n|-supereffective|p2a: Torkoal\n|-damage|p2a: Torkoal|0 fnt\n|faint|p2a: Torkoal\n|-ability|p1b: Ogurin|Chilling Neigh|boost\n|-boost|p1b: Ogurin|atk|1\n|move|p2b: Calyrex|High Horsepower|p1a: Marvelous\n|-supereffective|p1a: Marvelous\n|-damage|p1a: Marvelous|0 fnt\n|faint|p1a: Marvelous\n|-ability|p2b: Calyrex|Chilling Neigh|boost\n|-boost|p2b: Calyrex|atk|1\n|\n|-weather|SunnyDay|[upkeep]\n|upkeep\n|\n|t:|1770875127\n|switch|p2a: Urshifu|Urshifu, L50, F|100/100\n|switch|p1a: Tama|Miraidon, L50|100/100\n|-fieldstart|move: Electric Terrain|[from] ability: Hadron Engine|[of] p1a: Tama\n|turn|6\n|\n|t:|1770875140\n|move|p2a: Urshifu|Sucker Punch|p1b: Ogurin\n|-supereffective|p1b: Ogurin\n|-damage|p1b: Ogurin|5/100\n|move|p2b: Calyrex|Glacial Lance|p1a: Tama|[spread] p1a,p1b\n|-supereffective|p1a: Tama\n|-resisted|p1b: Ogurin\n|-damage|p1a: Tama|0 fnt\n|-damage|p1b: Ogurin|0 fnt\n|faint|p1a: Tama\n|faint|p1b: Ogurin\n|\n|win|Tritonfrostbane\n|raw|TheManOfSausage's rating: 1342 &rarr; <strong>1327</strong><br />(-15 for losing)\n|raw|Tritonfrostbane's rating: 1428 &rarr; <strong>1443</strong><br />(+15 for winning)\n|c|\u2606TheManOfSausage|gg\n|l|\u2606TheManOfSausage\n|player|p1|\n","uploadtime":1770875292,"views":11,"formatid":"gen9vgc2026regi","rating":1327,"private":0,"password":null}