{"id":"gen9vgc2026regi-2567705789","format":"[Gen 9] VGC 2026 Reg I","players":["momentaueita","JERRY RIVERA"],"log":"|j|\u2606momentaueita\n|j|\u2606JERRY RIVERA\n|t:|1774507260\n|gametype|doubles\n|player|p1|momentaueita|flint|1407\n|player|p2|JERRY RIVERA|silver|1486\n|gen|9\n|tier|[Gen 9] VGC 2026 Reg I\n|rated|\n|rule|Species Clause: Limit one of each Pok\u00e9mon\n|rule|Item Clause: Limit 1 of each item\n|clearpoke\n|poke|p1|Incineroar, L50, M|\n|poke|p1|Thundurus, L50, M|\n|poke|p1|Kyogre, L50|\n|poke|p1|Calyrex-Ice, L50|\n|poke|p1|Farigiraf, L50, M|\n|poke|p1|Ursaluna-Bloodmoon, L50, M|\n|poke|p2|Kyogre, L50|\n|poke|p2|Calyrex-Shadow, L50|\n|poke|p2|Weezing-Galar, L50, M|\n|poke|p2|Dondozo, L50, F|\n|poke|p2|Tatsugiri-Droopy, L50, F|\n|poke|p2|Tornadus, L50, M|\n|teampreview|4\n|inactive|Battle timer is ON: inactive players will automatically lose when time's up. (requested by momentaueita)\n|inactive|momentaueita has 60 seconds left.\n|\n|t:|1774507301\n|teamsize|p1|4\n|teamsize|p2|4\n|start\n|switch|p1a: Kyogre|Kyogre, L50|100/100\n|switch|p1b: Thundurus|Thundurus, L50, M|100/100\n|switch|p2a: Weezing|Weezing-Galar, L50, M|100/100\n|switch|p2b: Kyogre|Kyogre, L50|100/100\n|-ability|p2a: Weezing|Neutralizing Gas\n|turn|1\n|inactive|JERRY RIVERA has 30 seconds left.\n|\n|t:|1774507334\n|-terastallize|p1a: Kyogre|Water\n|move|p2b: Kyogre|Water Spout|p1a: Kyogre|[spread] p1a,p1b\n|-resisted|p1a: Kyogre\n|-damage|p1a: Kyogre|77/100\n|-damage|p1b: Thundurus|17/100\n|move|p1a: Kyogre|Water Spout|p2a: Weezing|[spread] p2a,p2b\n|-resisted|p2b: Kyogre\n|-crit|p2b: Kyogre\n|-damage|p2a: Weezing|26/100\n|-damage|p2b: Kyogre|61/100\n|-enditem|p2a: Weezing|Sitrus Berry|[eat]\n|-heal|p2a: Weezing|51/100|[from] item: Sitrus Berry\n|move|p1b: Thundurus|Wildbolt Storm|p2a: Weezing|[spread] p2b\n|-miss|p1b: Thundurus|p2a: Weezing\n|-supereffective|p2b: Kyogre\n|-damage|p2b: Kyogre|6/100\n|move|p2a: Weezing|Toxic Spikes|p1b: Thundurus\n|-sidestart|p1: momentaueita|move: Toxic Spikes\n|\n|upkeep\n|turn|2\n|\n|t:|1774507355\n|move|p2a: Weezing|Protect|p2a: Weezing\n|-singleturn|p2a: Weezing|Protect\n|move|p2b: Kyogre|Water Spout|p1b: Thundurus|[spread] p1a,p1b\n|-resisted|p1a: Kyogre\n|-damage|p1a: Kyogre|75/100\n|-damage|p1b: Thundurus|12/100\n|move|p1a: Kyogre|Water Spout|p2a: Weezing|[spread] p2b\n|-activate|p2a: Weezing|move: Protect\n|-resisted|p2b: Kyogre\n|-damage|p2b: Kyogre|0 fnt\n|faint|p2b: Kyogre\n|move|p1b: Thundurus|Wildbolt Storm|p2a: Weezing\n|-activate|p2a: Weezing|move: Protect\n|\n|upkeep\n|\n|t:|1774507373\n|switch|p2b: Chorizo|Dondozo, L50, F|100/100\n|turn|3\n|\n|t:|1774507384\n|-end|p2a: Weezing|ability: Neutralizing Gas\n|-weather|RainDance|[from] ability: Drizzle|[of] p1a: Kyogre\n|switch|p2a: Tatsugiri|Tatsugiri-Droopy, L50, F|100/100\n|-activate|p2a: Tatsugiri|ability: Commander|[of] p2b: Chorizo\n|-boost|p2b: Chorizo|atk|2\n|-boost|p2b: Chorizo|spa|2\n|-boost|p2b: Chorizo|spe|2\n|-boost|p2b: Chorizo|def|2\n|-boost|p2b: Chorizo|spd|2\n|-terastallize|p2b: Chorizo|Grass\n|move|p1b: Thundurus|Thunder Wave|p2b: Chorizo\n|-status|p2b: Chorizo|par\n|move|p1a: Kyogre|Water Spout|p2a: Tatsugiri|[spread] p2b\n|-miss|p1a: Kyogre|p2a: Tatsugiri\n|-resisted|p2b: Chorizo\n|-damage|p2b: Chorizo|84/100 par\n|move|p2b: Chorizo|Order Up|p1b: Thundurus\n|-damage|p1b: Thundurus|0 fnt\n|faint|p1b: Thundurus\n|-boost|p2b: Chorizo|def|1\n|\n|-weather|RainDance|[upkeep]\n|-heal|p2b: Chorizo|90/100 par|[from] item: Leftovers\n|upkeep\n|\n|t:|1774507392\n|switch|p1b: Calyrex|Calyrex-Ice, L50|100/100\n|-ability|p1b: Calyrex|As One\n|-ability|p1b: Calyrex|Unnerve\n|-status|p1b: Calyrex|psn\n|turn|4\n|\n|t:|1774507402\n|move|p1a: Kyogre|Water Spout|p2b: Chorizo|[spread] p2b\n|-miss|p1a: Kyogre|p2a: Tatsugiri\n|-resisted|p2b: Chorizo\n|-damage|p2b: Chorizo|74/100 par\n|cant|p2b: Chorizo|par\n|move|p1b: Calyrex|Glacial Lance|p2a: Tatsugiri|[spread] p2b\n|-miss|p1b: Calyrex|p2a: Tatsugiri\n|-supereffective|p2b: Chorizo\n|-damage|p2b: Chorizo|46/100 par\n|\n|-weather|RainDance|[upkeep]\n|-heal|p2b: Chorizo|52/100 par|[from] item: Leftovers\n|-damage|p1b: Calyrex|88/100 psn|[from] psn\n|upkeep\n|turn|5\n|\n|t:|1774507419\n|move|p1a: Kyogre|Water Spout|p2a: Tatsugiri|[spread] p2b\n|-miss|p1a: Kyogre|p2a: Tatsugiri\n|-resisted|p2b: Chorizo\n|-damage|p2b: Chorizo|36/100 par\n|cant|p2b: Chorizo|par\n|move|p1b: Calyrex|Glacial Lance|p2b: Chorizo|[spread] p2b\n|-miss|p1b: Calyrex|p2a: Tatsugiri\n|-supereffective|p2b: Chorizo\n|-damage|p2b: Chorizo|7/100 par\n|\n|-weather|RainDance|[upkeep]\n|-heal|p2b: Chorizo|13/100 par|[from] item: Leftovers\n|-damage|p1b: Calyrex|76/100 psn|[from] psn\n|upkeep\n|turn|6\n|\n|t:|1774507430\n|move|p1a: Kyogre|Water Spout|p2b: Chorizo|[spread] p2b\n|-miss|p1a: Kyogre|p2a: Tatsugiri\n|-resisted|p2b: Chorizo\n|-damage|p2b: Chorizo|0 fnt\n|faint|p2b: Chorizo\n|move|p1b: Calyrex|Glacial Lance|p2a: Tatsugiri\n|-damage|p2a: Tatsugiri|3/100\n|\n|-weather|RainDance|[upkeep]\n|-damage|p1b: Calyrex|63/100 psn|[from] psn\n|upkeep\n|\n|t:|1774507433\n|switch|p2b: Weezing|Weezing-Galar, L50, M|51/100\n|-ability|p2b: Weezing|Neutralizing Gas\n|turn|7\n|-message|JERRY RIVERA forfeited.\n|\n|win|momentaueita\n|raw|momentaueita's rating: 1407 &rarr; <strong>1431</strong><br />(+24 for winning)\n|raw|JERRY RIVERA's rating: 1486 &rarr; <strong>1462</strong><br />(-24 for losing)\n|l|\u2606JERRY RIVERA\n|player|p2|\n|l|\u2606momentaueita\n|player|p1|\n","uploadtime":1774507699,"views":12,"formatid":"gen9vgc2026regi","rating":1431,"private":0,"password":null}