{"id":"gen9vgc2026regi-2556928402","format":"[Gen 9] VGC 2026 Reg I","players":["therollercoaster","ArisHazard"],"log":"|j|\u2606therollercoaster\n|j|\u2606ArisHazard\n|t:|1773261198\n|gametype|doubles\n|player|p1|therollercoaster|cynthia|1302\n|player|p2|ArisHazard|101|1379\n|gen|9\n|tier|[Gen 9] VGC 2026 Reg I\n|rated|\n|rule|Species Clause: Limit one of each Pok\u00e9mon\n|rule|Item Clause: Limit 1 of each item\n|clearpoke\n|poke|p1|Terapagos, L50, M|\n|poke|p1|Calyrex-Ice, L50|\n|poke|p1|Sinistcha, L50|\n|poke|p1|Chi-Yu, L50|\n|poke|p1|Ursaluna-Bloodmoon, L50, M|\n|poke|p1|Grimmsnarl, L50, M|\n|poke|p2|Calyrex-Ice, L50|\n|poke|p2|Scraggy, L50, F|\n|poke|p2|Miraidon, L50|\n|poke|p2|Tornadus, L50, M|\n|poke|p2|Sableye, L50, F|\n|poke|p2|Ting-Lu, L50|\n|teampreview|4\n|inactive|Battle timer is ON: inactive players will automatically lose when time's up. (requested by ArisHazard)\n|\n|t:|1773261263\n|teamsize|p1|4\n|teamsize|p2|4\n|start\n|switch|p1a: Chi-Yu|Chi-Yu, L50|100/100\n|switch|p1b: Grimmsnarl|Grimmsnarl, L50, M|100/100\n|switch|p2a: Miraidon|Miraidon, L50|100/100\n|switch|p2b: Sableye|Sableye, L50, F|100/100\n|-ability|p1a: Chi-Yu|Beads of Ruin\n|-fieldstart|move: Electric Terrain|[from] ability: Hadron Engine|[of] p2a: Miraidon\n|turn|1\n|inactive|therollercoaster has 30 seconds left.\n|\n|t:|1773261292\n|move|p2b: Sableye|Protect|p2b: Sableye\n|-singleturn|p2b: Sableye|Protect\n|move|p1b: Grimmsnarl|Light Screen|p1b: Grimmsnarl\n|-sidestart|p1: therollercoaster|move: Light Screen\n|move|p1a: Chi-Yu|Snarl|p2a: Miraidon|[spread] p2a\n|-activate|p2b: Sableye|move: Protect\n|-damage|p2a: Miraidon|82/100\n|-unboost|p2a: Miraidon|spa|1\n|move|p2a: Miraidon|Electro Drift|p1a: Chi-Yu\n|-damage|p1a: Chi-Yu|46/100\n|\n|upkeep\n|turn|2\n|\n|t:|1773261311\n|switch|p2b: Scraggy|Scraggy, L50, F|100/100\n|-ability|p2b: Scraggy|Intimidate|boost\n|-unboost|p1a: Chi-Yu|atk|1\n|-unboost|p1b: Grimmsnarl|atk|1\n|move|p1a: Chi-Yu|Snarl|p2b: Scraggy|[spread] p2a,p2b\n|-resisted|p2b: Scraggy\n|-damage|p2a: Miraidon|64/100\n|-damage|p2b: Scraggy|95/100\n|-unboost|p2a: Miraidon|spa|1\n|-unboost|p2b: Scraggy|spa|1\n|move|p2a: Miraidon|Volt Switch|p1a: Chi-Yu\n|-damage|p1a: Chi-Yu|22/100\n|\n|t:|1773261329\n|switch|p2a: Calyrex|Calyrex-Ice, L50|100/100|[from] Volt Switch\n|-ability|p2a: Calyrex|As One\n|-ability|p2a: Calyrex|Unnerve\n|move|p1b: Grimmsnarl|Spirit Break|p2b: Scraggy\n|-supereffective|p2b: Scraggy\n|-damage|p2b: Scraggy|25/100\n|-unboost|p2b: Scraggy|spa|1\n|\n|upkeep\n|turn|3\n|\n|t:|1773261348\n|switch|p1a: Calyrex|Calyrex-Ice, L50|100/100\n|-ability|p1a: Calyrex|As One\n|-ability|p1a: Calyrex|Unnerve\n|-terastallize|p2a: Calyrex|Fire\n|move|p2b: Scraggy|Fake Out|p1b: Grimmsnarl\n|-damage|p1b: Grimmsnarl|93/100\n|cant|p1b: Grimmsnarl|flinch\n|move|p2a: Calyrex|Glacial Lance|p1a: Calyrex|[spread] p1a,p1b\n|-resisted|p1a: Calyrex\n|-damage|p1a: Calyrex|82/100\n|-damage|p1b: Grimmsnarl|28/100\n|\n|upkeep\n|turn|4\n|inactive|therollercoaster has 30 seconds left.\n|inactive|ArisHazard has 30 seconds left.\n|\n|t:|1773261375\n|move|p1b: Grimmsnarl|Reflect|p1b: Grimmsnarl\n|-sidestart|p1: therollercoaster|Reflect\n|move|p1a: Calyrex|Leech Seed|p2a: Calyrex\n|-start|p2a: Calyrex|move: Leech Seed\n|move|p2a: Calyrex|Glacial Lance|p1a: Calyrex|[spread] p1a,p1b\n|-resisted|p1a: Calyrex\n|-damage|p1a: Calyrex|70/100\n|-damage|p1b: Grimmsnarl|0 fnt\n|faint|p1b: Grimmsnarl\n|-ability|p2a: Calyrex|Chilling Neigh|boost\n|-boost|p2a: Calyrex|atk|1\n|move|p2b: Scraggy|Endeavor|p1a: Calyrex\n|-damage|p1a: Calyrex|15/100\n|\n|-damage|p2a: Calyrex|88/100|[from] Leech Seed|[of] p1a: Calyrex\n|-heal|p1a: Calyrex|27/100|[silent]\n|upkeep\n|\n|t:|1773261389\n|switch|p1b: Terapagos|Terapagos, L50, M|100/100\n|-activate|p1b: Terapagos|ability: Tera Shift\n|detailschange|p1b: Terapagos|Terapagos-Terastal, L50, M\n|-heal|p1b: Terapagos|100/100|[silent]\n|turn|5\n|inactive|therollercoaster has 30 seconds left.\n|\n|t:|1773261420\n|move|p1a: Calyrex|Protect|p1a: Calyrex\n|-singleturn|p1a: Calyrex|Protect\n|move|p2a: Calyrex|Protect|p2a: Calyrex\n|-singleturn|p2a: Calyrex|Protect\n|move|p1b: Terapagos|Calm Mind|p1b: Terapagos\n|-boost|p1b: Terapagos|spa|1\n|-boost|p1b: Terapagos|spd|1\n|move|p2b: Scraggy|Endeavor|p1b: Terapagos\n|-damage|p1b: Terapagos|17/100\n|\n|-heal|p1b: Terapagos|23/100|[from] item: Leftovers\n|-damage|p2a: Calyrex|76/100|[from] Leech Seed|[of] p1a: Calyrex\n|-heal|p1a: Calyrex|39/100|[silent]\n|-fieldend|move: Electric Terrain\n|upkeep\n|turn|6\n|inactive|ArisHazard has 30 seconds left.\n|\n|t:|1773261448\n|-terastallize|p1b: Terapagos|Stellar\n|detailschange|p1b: Terapagos|Terapagos-Stellar, L50, M, tera:Stellar\n|-heal|p1b: Terapagos|43/100|[silent]\n|move|p2a: Calyrex|Protect||[still]\n|-fail|p2a: Calyrex\n|move|p1b: Terapagos|Earth Power|p2a: Calyrex\n|-supereffective|p2a: Calyrex\n|-damage|p2a: Calyrex|5/100\n|move|p1a: Calyrex|Glacial Lance|p2b: Scraggy|[spread] p2a,p2b\n|-resisted|p2a: Calyrex\n|-damage|p2a: Calyrex|0 fnt\n|-damage|p2b: Scraggy|0 fnt\n|faint|p2a: Calyrex\n|faint|p2b: Scraggy\n|-ability|p1a: Calyrex|Chilling Neigh|boost\n|-boost|p1a: Calyrex|atk|2\n|\n|-heal|p1b: Terapagos|49/100|[from] item: Leftovers\n|upkeep\n|\n|t:|1773261467\n|switch|p2a: Miraidon|Miraidon, L50|64/100\n|switch|p2b: Sableye|Sableye, L50, F|100/100\n|-fieldstart|move: Electric Terrain|[from] ability: Hadron Engine|[of] p2a: Miraidon\n|turn|7\n|inactive|therollercoaster has 30 seconds left.\n|\n|t:|1773261494\n|move|p2b: Sableye|Disable|p1b: Terapagos\n|-start|p1b: Terapagos|Disable|Earth Power\n|move|p2a: Miraidon|Electro Drift|p1a: Calyrex\n|-damage|p1a: Calyrex|1/100\n|move|p1b: Terapagos|Tera Starstorm|p2a: Miraidon|[spread] p2a,p2b\n|-damage|p2a: Miraidon|35/100\n|-damage|p2b: Sableye|34/100\n|move|p1a: Calyrex|Glacial Lance|p2a: Miraidon|[spread] p2a,p2b\n|-supereffective|p2a: Miraidon\n|-damage|p2a: Miraidon|0 fnt\n|-damage|p2b: Sableye|0 fnt\n|faint|p2a: Miraidon\n|faint|p2b: Sableye\n|\n|win|therollercoaster\n|raw|therollercoaster's rating: 1302 &rarr; <strong>1326</strong><br />(+24 for winning)\n|raw|ArisHazard's rating: 1379 &rarr; <strong>1355</strong><br />(-24 for losing)\n|l|\u2606ArisHazard\n|player|p2|\n|l|\u2606therollercoaster\n|player|p1|\n","uploadtime":1773261711,"views":14,"formatid":"gen9vgc2026regi","rating":1326,"private":0,"password":null}