{"id":"gen9vgc2026regi-2540621269","format":"[Gen 9] VGC 2026 Reg I","players":["johnkharkiv","j0l0k0"],"log":"|j|\u203djohnkharkiv\n|j|\u2606j0l0k0\n|t:|1771228852\n|gametype|doubles\n|player|p1|johnkharkiv|swimmerf-gen4dp|1372\n|player|p2|j0l0k0|brycen|1409\n|gen|9\n|tier|[Gen 9] VGC 2026 Reg I\n|rated|\n|rule|Species Clause: Limit one of each Pok\u00e9mon\n|rule|Item Clause: Limit 1 of each item\n|clearpoke\n|poke|p1|Miraidon, L50|\n|poke|p1|Groudon, L50|\n|poke|p1|Tornadus, L50, M|\n|poke|p1|Charizard, L50, M|\n|poke|p1|Oranguru, L50, F|\n|poke|p1|Iron Valiant, L50|\n|poke|p2|Calyrex-Ice, L50|\n|poke|p2|Kyogre, L50|\n|poke|p2|Indeedee-F, L50, F|\n|poke|p2|Urshifu-*, L50, F|\n|poke|p2|Amoonguss, L50, F|\n|poke|p2|Landorus, L50, M|\n|teampreview|4\n|inactive|Battle timer is ON: inactive players will automatically lose when time's up. (requested by j0l0k0)\n|inactive|johnkharkiv has 60 seconds left.\n|\n|t:|1771228887\n|teamsize|p1|4\n|teamsize|p2|4\n|start\n|switch|p1a: Miraidon|Miraidon, L50|100/100\n|switch|p1b: Oranguru|Oranguru, L50, F, shiny|100/100\n|switch|p2a: Indeedee|Indeedee-F, L50, F, shiny|100/100\n|switch|p2b: Calyrex|Calyrex-Ice, L50|100/100\n|-ability|p2b: Calyrex|As One\n|-ability|p2b: Calyrex|Unnerve\n|-fieldstart|move: Electric Terrain|[from] ability: Hadron Engine|[of] p1a: Miraidon\n|-fieldstart|move: Psychic Terrain|[from] ability: Psychic Surge|[of] p2a: Indeedee\n|turn|1\n|\n|t:|1771228902\n|move|p2a: Indeedee|Follow Me|p2a: Indeedee\n|-singleturn|p2a: Indeedee|move: Follow Me\n|move|p1a: Miraidon|Volt Switch|p2a: Indeedee\n|-damage|p2a: Indeedee|55/100\n|\n|t:|1771228913\n|switch|p1a: Groudon|Groudon, L50|100/100|[from] Volt Switch\n|-weather|SunnyDay|[from] ability: Drought|[of] p1a: Groudon\n|move|p1b: Oranguru|Foul Play|p2a: Indeedee\n|-supereffective|p2a: Indeedee\n|-damage|p2a: Indeedee|33/100\n|move|p2b: Calyrex|Glacial Lance|p1b: Oranguru|[spread] p1a,p1b\n|-supereffective|p1a: Groudon\n|-damage|p1a: Groudon|4/100\n|-damage|p1b: Oranguru|56/100\n|\n|-weather|SunnyDay|[upkeep]\n|upkeep\n|turn|2\n|\n|t:|1771228936\n|-terastallize|p2b: Calyrex|Normal\n|move|p2a: Indeedee|Follow Me|p2a: Indeedee\n|-singleturn|p2a: Indeedee|move: Follow Me\n|move|p1a: Groudon|Earthquake|p2a: Indeedee|[spread] p2a,p2b\n|-activate|p1b: Oranguru|ability: Telepathy\n|-damage|p2a: Indeedee|0 fnt\n|-damage|p2b: Calyrex|76/100\n|faint|p2a: Indeedee\n|move|p1b: Oranguru|Foul Play|p2b: Calyrex\n|-damage|p2b: Calyrex|47/100\n|move|p2b: Calyrex|Trick Room|p2b: Calyrex\n|-fieldstart|move: Trick Room|[of] p2b: Calyrex\n|-enditem|p1b: Oranguru|Room Service\n|-unboost|p1b: Oranguru|spe|1|[from] item: Room Service\n|\n|-weather|SunnyDay|[upkeep]\n|upkeep\n|\n|t:|1771228950\n|switch|p2a: Urshifu|Urshifu, L50, F|100/100\n|turn|3\n|\n|t:|1771228957\n|move|p1b: Oranguru|Encore|p2b: Calyrex\n|-start|p2b: Calyrex|Encore\n|move|p2b: Calyrex|Trick Room|p2b: Calyrex\n|-fieldend|move: Trick Room\n|move|p2a: Urshifu|Wicked Blow|p1b: Oranguru\n|-supereffective|p1b: Oranguru\n|-crit|p1b: Oranguru\n|-damage|p1b: Oranguru|0 fnt\n|faint|p1b: Oranguru\n|move|p1a: Groudon|Earthquake|p2b: Calyrex|[spread] p2a,p2b\n|-damage|p2a: Urshifu|58/100\n|-damage|p2b: Calyrex|19/100\n|\n|-weather|SunnyDay|[upkeep]\n|upkeep\n|\n|t:|1771228968\n|switch|p1b: Iron Valiant|Iron Valiant, L50|100/100\n|turn|4\n|\n|t:|1771228976\n|move|p1b: Iron Valiant|Spirit Break|p2a: Urshifu\n|-supereffective|p2a: Urshifu\n|-damage|p2a: Urshifu|0 fnt\n|faint|p2a: Urshifu\n|move|p1a: Groudon|Crunch|p2b: Calyrex\n|-damage|p2b: Calyrex|0 fnt\n|faint|p2b: Calyrex\n|\n|-weather|SunnyDay|[upkeep]\n|upkeep\n|\n|t:|1771228981\n|switch|p2b: Kyogre|Kyogre, L50, shiny|100/100\n|-weather|RainDance|[from] ability: Drizzle|[of] p2b: Kyogre\n|turn|5\n|\n|t:|1771228992\n|switch|p1a: Miraidon|Miraidon, L50|100/100\n|-fieldstart|move: Electric Terrain|[from] ability: Hadron Engine|[of] p1a: Miraidon\n|-activate|p1b: Iron Valiant|ability: Quark Drive\n|-start|p1b: Iron Valiant|quarkdrivespe\n|move|p1b: Iron Valiant|Spirit Break|p2b: Kyogre\n|-damage|p2b: Kyogre|72/100\n|-unboost|p2b: Kyogre|spa|1\n|move|p2b: Kyogre|Water Spout|p1b: Iron Valiant|[spread] p1a,p1b\n|-resisted|p1a: Miraidon\n|-damage|p1a: Miraidon|76/100\n|-damage|p1b: Iron Valiant|46/100\n|\n|-weather|RainDance|[upkeep]\n|upkeep\n|turn|6\n|\n|t:|1771229005\n|move|p1b: Iron Valiant|Spirit Break|p2b: Kyogre\n|-crit|p2b: Kyogre\n|-damage|p2b: Kyogre|26/100\n|-unboost|p2b: Kyogre|spa|1\n|move|p1a: Miraidon|Volt Switch|p2b: Kyogre\n|-supereffective|p2b: Kyogre\n|-damage|p2b: Kyogre|0 fnt\n|faint|p2b: Kyogre\n|\n|win|johnkharkiv\n|raw|johnkharkiv's rating: 1372 &rarr; <strong>1394</strong><br />(+22 for winning)\n|raw|j0l0k0's rating: 1409 &rarr; <strong>1387</strong><br />(-22 for losing)\n|l|\u2606j0l0k0\n|player|p2|\n|l|\u203djohnkharkiv\n|player|p1|\n|j|\u203djohnkharkiv\n|player|p1|johnkharkiv|swimmerf-gen4dp|\n|n|\u203djohnkharkiv|johnkharkiv\n","uploadtime":1771229085,"views":28,"formatid":"gen9vgc2026regi","rating":1387,"private":0,"password":null}