{"id":"gen9vgc2026regi-2513249974","format":"[Gen 9] VGC 2026 Reg I","players":["liam.2025","spreckz"],"log":"|j|\u2606liam.2025\n|j|\u2606spreckz\n|t:|1767715243\n|gametype|doubles\n|player|p1|liam.2025|policeman|1028\n|player|p2|spreckz|calem-masters|1000\n|gen|9\n|tier|[Gen 9] VGC 2026 Reg I\n|rated|\n|rule|Species Clause: Limit one of each Pok\u00e9mon\n|rule|Item Clause: Limit 1 of each item\n|clearpoke\n|poke|p1|Murkrow, L50, M|\n|poke|p1|Weezing-Galar, L50, M|\n|poke|p1|Terapagos, L50, M|\n|poke|p1|Smeargle, L50, F|\n|poke|p1|Calyrex-Ice, L50|\n|poke|p1|Rillaboom, L50, F|\n|poke|p2|Lunala, L50|\n|poke|p2|Koraidon, L50|\n|poke|p2|Flutter Mane, L50|\n|poke|p2|Indeedee-F, L50, F|\n|poke|p2|Ogerpon-Wellspring, L50, F|\n|poke|p2|Chi-Yu, L50|\n|teampreview|4\n|inactive|Battle timer is ON: inactive players will automatically lose when time's up. (requested by liam.2025)\n|\n|t:|1767715267\n|teamsize|p1|4\n|teamsize|p2|4\n|start\n|switch|p1a: Murkrow|Murkrow, L50, M|100/100\n|switch|p1b: Weezing|Weezing-Galar, L50, M|100/100\n|switch|p2a: Koraidon|Koraidon, L50, shiny|100/100\n|switch|p2b: Chi-Yu|Chi-Yu, L50|100/100\n|-ability|p1b: Weezing|Neutralizing Gas\n|-block|p1a: Murkrow|item: Ability Shield\n|turn|1\n|\n|t:|1767715284\n|move|p2a: Koraidon|Protect|p2a: Koraidon\n|-singleturn|p2a: Koraidon|Protect\n|move|p1a: Murkrow|Tailwind|p1a: Murkrow\n|-sidestart|p1: liam.2025|move: Tailwind\n|move|p2b: Chi-Yu|Heat Wave|p1b: Weezing|[spread] p1a,p1b\n|-damage|p1a: Murkrow|25/100\n|-damage|p1b: Weezing|39/100\n|-status|p1b: Weezing|brn\n|move|p1b: Weezing|Misty Explosion|p2a: Koraidon|[spread] p1a,p2b\n|-activate|p2a: Koraidon|move: Protect\n|-supereffective|p1a: Murkrow\n|-damage|p1a: Murkrow|0 fnt\n|-damage|p2b: Chi-Yu|50/100\n|faint|p1b: Weezing\n|-end|p1b: Weezing|ability: Neutralizing Gas\n|-ability|p2b: Chi-Yu|Beads of Ruin\n|-weather|SunnyDay|[from] ability: Orichalcum Pulse|[of] p2a: Koraidon\n|-activate|p2a: Koraidon|Orichalcum Pulse|[source]\n|faint|p1a: Murkrow\n|\n|-weather|SunnyDay|[upkeep]\n|upkeep\n|\n|t:|1767715301\n|switch|p1b: Smeargle|Smeargle, L50, F|100/100\n|switch|p1a: Terapagos|Terapagos, L50, M|100/100\n|-activate|p1a: Terapagos|ability: Tera Shift\n|detailschange|p1a: Terapagos|Terapagos-Terastal, L50, M\n|-heal|p1a: Terapagos|100/100|[silent]\n|turn|2\n|c|\u2606spreckz|ok...\n|\n|t:|1767715316\n|-terastallize|p1a: Terapagos|Stellar\n|detailschange|p1a: Terapagos|Terapagos-Stellar, L50, M, tera:Stellar\n|-heal|p1a: Terapagos|100/100|[silent]\n|-ability|p1a: Terapagos|Teraform Zero\n|-weather|none\n|move|p1b: Smeargle|Decorate|p1a: Terapagos\n|-boost|p1a: Terapagos|atk|2\n|-boost|p1a: Terapagos|spa|2\n|move|p1a: Terapagos|Tera Starstorm|p2a: Koraidon|[spread] p2a,p2b\n|-damage|p2a: Koraidon|0 fnt\n|-damage|p2b: Chi-Yu|0 fnt\n|faint|p2a: Koraidon\n|faint|p2b: Chi-Yu\n|\n|upkeep\n|\n|t:|1767715328\n|switch|p2a: Lunala|Lunala, L50|100/100\n|switch|p2b: Flutter Mane|Flutter Mane, L50, shiny|100/100\n|turn|3\n|\n|t:|1767715345\n|move|p1b: Smeargle|Wide Guard|p1b: Smeargle\n|-singleturn|p1b: Smeargle|Wide Guard\n|move|p2a: Lunala|Wide Guard|p2a: Lunala\n|-singleturn|p2a: Lunala|Wide Guard\n|move|p1a: Terapagos|Tera Starstorm|p2a: Lunala|[spread] \n|-activate|p2a: Lunala|move: Wide Guard\n|-activate|p2b: Flutter Mane|move: Wide Guard\n|move|p2b: Flutter Mane|Icy Wind|p1b: Smeargle|[spread] \n|-activate|p1a: Terapagos|move: Wide Guard\n|-activate|p1b: Smeargle|move: Wide Guard\n|\n|upkeep\n|turn|4\n|\n|t:|1767715368\n|move|p1b: Smeargle|Wide Guard|p1b: Smeargle\n|-singleturn|p1b: Smeargle|Wide Guard\n|move|p2a: Lunala|Wide Guard|p2a: Lunala\n|-singleturn|p2a: Lunala|Wide Guard\n|move|p1a: Terapagos|Tera Starstorm|p2a: Lunala|[spread] \n|-activate|p2a: Lunala|move: Wide Guard\n|-activate|p2b: Flutter Mane|move: Wide Guard\n|move|p2b: Flutter Mane|Moonblast|p1b: Smeargle\n|-enditem|p1b: Smeargle|Focus Sash\n|-damage|p1b: Smeargle|1/100\n|\n|-sideend|p1: liam.2025|move: Tailwind\n|upkeep\n|turn|5\n|inactive|spreckz has 30 seconds left.\n|\n|t:|1767715393\n|move|p2a: Lunala|Wide Guard|p2a: Lunala\n|-singleturn|p2a: Lunala|Wide Guard\n|move|p1b: Smeargle|Wide Guard|p1b: Smeargle\n|-singleturn|p1b: Smeargle|Wide Guard\n|move|p2b: Flutter Mane|Moonblast|p1b: Smeargle\n|-damage|p1b: Smeargle|0 fnt\n|faint|p1b: Smeargle\n|move|p1a: Terapagos|Tera Starstorm|p2b: Flutter Mane|[spread] \n|-activate|p2a: Lunala|move: Wide Guard\n|-activate|p2b: Flutter Mane|move: Wide Guard\n|\n|upkeep\n|turn|6\n|-message|liam.2025 forfeited.\n|\n|win|spreckz\n|raw|liam.2025's rating: 1028 &rarr; <strong>1013</strong><br />(-15 for losing)\n|raw|spreckz's rating: 1000 &rarr; <strong>1043</strong><br />(+43 for winning)\n|l|\u2606liam.2025\n|player|p1|\n","uploadtime":1767715408,"views":13,"formatid":"gen9vgc2026regi","rating":1013,"private":0,"password":null}