{"id":"gen9vgc2026regi-2535667001","format":"[Gen 9] VGC 2026 Reg I","players":["501JFW","ConnerTEP"],"log":"|j|\u2606501JFW\n|j|\u2606ConnerTEP\n|t:|1770593079\n|gametype|doubles\n|player|p1|501JFW|170|1515\n|player|p2|ConnerTEP|acerola-masters2|1413\n|gen|9\n|tier|[Gen 9] VGC 2026 Reg I\n|rated|\n|rule|Species Clause: Limit one of each Pok\u00e9mon\n|rule|Item Clause: Limit 1 of each item\n|clearpoke\n|poke|p1|Kyogre, L50|\n|poke|p1|Calyrex-Ice, L50|\n|poke|p1|Amoonguss, L50, F|\n|poke|p1|Iron Jugulis, L50|\n|poke|p1|Urshifu-*, L50, M|\n|poke|p1|Indeedee-F, L50, F|\n|poke|p2|Groudon, L50|\n|poke|p2|Miraidon, L50|\n|poke|p2|Farigiraf, L50, F|\n|poke|p2|Walking Wake, L50|\n|poke|p2|Iron Hands, L50|\n|poke|p2|Ogerpon-Hearthflame, L50, F|\n|teampreview|4\n|inactive|Battle timer is ON: inactive players will automatically lose when time's up. (requested by ConnerTEP)\n|j| JonhP451\n|inactive|501JFW has 60 seconds left.\n|inactive|501JFW has 30 seconds left.\n|inactive|501JFW has 20 seconds left.\n|inactive|501JFW has 15 seconds left.\n|\n|t:|1770593159\n|teamsize|p1|4\n|teamsize|p2|4\n|start\n|switch|p1a: Calyrex|Calyrex-Ice, L50|100/100\n|switch|p1b: Indeedee|Indeedee-F, L50, F, shiny|100/100\n|switch|p2a: Miraidon|Miraidon, L50|100/100\n|switch|p2b: Ogerpon|Ogerpon-Hearthflame, L50, F|100/100\n|-ability|p1a: Calyrex|As One\n|-ability|p1a: Calyrex|Unnerve\n|-fieldstart|move: Electric Terrain|[from] ability: Hadron Engine|[of] p2a: Miraidon\n|-ability|p2b: Ogerpon|Mold Breaker\n|-fieldstart|move: Psychic Terrain|[from] ability: Psychic Surge|[of] p1b: Indeedee\n|-enditem|p1b: Indeedee|Psychic Seed\n|-boost|p1b: Indeedee|spd|1|[from] item: Psychic Seed\n|turn|1\n|inactive|ConnerTEP has 30 seconds left.\n|inactive|501JFW has 30 seconds left.\n|\n|t:|1770593194\n|-terastallize|p2b: Ogerpon|Fire\n|detailschange|p2b: Ogerpon|Ogerpon-Hearthflame-Tera, L50, F, tera:Fire\n|-ability|p2b: Ogerpon|Embody Aspect (Hearthflame)|boost\n|-boost|p2b: Ogerpon|atk|1\n|move|p1b: Indeedee|Follow Me|p1b: Indeedee\n|-singleturn|p1b: Indeedee|move: Follow Me\n|move|p2a: Miraidon|Volt Switch|p1b: Indeedee\n|-damage|p1b: Indeedee|73/100\n|\n|t:|1770593201\n|switch|p2a: Iron Hands|Iron Hands, L50|100/100|[from] Volt Switch\n|move|p2b: Ogerpon|Ivy Cudgel|p1b: Indeedee|[anim] Ivy Cudgel Fire\n|-damage|p1b: Indeedee|0 fnt\n|faint|p1b: Indeedee\n|move|p1a: Calyrex|Trick Room|p1a: Calyrex\n|-fieldstart|move: Trick Room|[of] p1a: Calyrex\n|\n|upkeep\n|inactive|501JFW has 30 seconds left.\n|\n|t:|1770593234\n|switch|p1b: Kyogre|Kyogre, L50, shiny|100/100\n|-weather|RainDance|[from] ability: Drizzle|[of] p1b: Kyogre\n|turn|2\n|\n|t:|1770593255\n|switch|p2b: Miraidon|Miraidon, L50|100/100\n|-fieldstart|move: Electric Terrain|[from] ability: Hadron Engine|[of] p2b: Miraidon\n|-activate|p2a: Iron Hands|ability: Quark Drive\n|-start|p2a: Iron Hands|quarkdriveatk\n|move|p2a: Iron Hands|Fake Out|p1a: Calyrex\n|-damage|p1a: Calyrex|88/100\n|cant|p1a: Calyrex|flinch\n|move|p1b: Kyogre|Origin Pulse|p2a: Iron Hands|[spread] p2a,p2b\n|-resisted|p2b: Miraidon\n|-damage|p2a: Iron Hands|42/100\n|-damage|p2b: Miraidon|57/100\n|\n|-weather|RainDance|[upkeep]\n|upkeep\n|turn|3\n|\n|t:|1770593265\n|switch|p1b: Amoonguss|Amoonguss, L50, F, shiny|100/100\n|switch|p2b: Ogerpon|Ogerpon-Hearthflame-Tera, L50, F, tera:Fire|100/100\n|-ability|p2b: Ogerpon|Embody Aspect (Hearthflame)|boost\n|-boost|p2b: Ogerpon|atk|1\n|move|p2a: Iron Hands|Wild Charge|p1b: Amoonguss\n|-resisted|p1b: Amoonguss\n|-damage|p1b: Amoonguss|69/100\n|-damage|p2a: Iron Hands|26/100|[from] item: Rocky Helmet|[of] p1b: Amoonguss\n|-damage|p2a: Iron Hands|19/100|[from] Recoil\n|move|p1a: Calyrex|Glacial Lance|p2b: Ogerpon|[spread] p2a,p2b\n|-resisted|p2b: Ogerpon\n|-damage|p2a: Iron Hands|0 fnt\n|-damage|p2b: Ogerpon|68/100\n|faint|p2a: Iron Hands\n|-end|p2a: Iron Hands|Quark Drive|[silent]\n|-ability|p1a: Calyrex|Chilling Neigh|boost\n|-boost|p1a: Calyrex|atk|1\n|\n|-weather|RainDance|[upkeep]\n|upkeep\n|\n|t:|1770593267\n|switch|p2a: Groudon|Groudon, L50|100/100\n|-weather|SunnyDay|[from] ability: Drought|[of] p2a: Groudon\n|turn|4\n|inactive|ConnerTEP has 30 seconds left.\n|\n|t:|1770593292\n|-terastallize|p1b: Amoonguss|Fire\n|move|p1b: Amoonguss|Rage Powder|p1b: Amoonguss\n|-singleturn|p1b: Amoonguss|move: Rage Powder\n|move|p1a: Calyrex|Glacial Lance|p2b: Ogerpon|[spread] p2a,p2b\n|-supereffective|p2a: Groudon\n|-resisted|p2b: Ogerpon\n|-damage|p2a: Groudon|0 fnt\n|-damage|p2b: Ogerpon|19/100\n|faint|p2a: Groudon\n|-ability|p1a: Calyrex|Chilling Neigh|boost\n|-boost|p1a: Calyrex|atk|1\n|move|p2b: Ogerpon|Ivy Cudgel|p1b: Amoonguss|[anim] Ivy Cudgel Fire\n|-resisted|p1b: Amoonguss\n|-damage|p1b: Amoonguss|7/100\n|\n|-weather|SunnyDay|[upkeep]\n|upkeep\n|\n|t:|1770593298\n|switch|p2a: Miraidon|Miraidon, L50|57/100\n|-activate|p2a: Miraidon|ability: Hadron Engine\n|turn|5\n|\n|t:|1770593303\n|move|p2b: Ogerpon|Spiky Shield|p2b: Ogerpon\n|-singleturn|p2b: Ogerpon|move: Protect\n|move|p1b: Amoonguss|Rage Powder|p1b: Amoonguss\n|-singleturn|p1b: Amoonguss|move: Rage Powder\n|move|p1a: Calyrex|Glacial Lance|p2b: Ogerpon|[spread] p2a\n|-activate|p2b: Ogerpon|move: Protect\n|-supereffective|p2a: Miraidon\n|-damage|p2a: Miraidon|0 fnt\n|faint|p2a: Miraidon\n|-ability|p1a: Calyrex|Chilling Neigh|boost\n|-boost|p1a: Calyrex|atk|1\n|\n|-weather|SunnyDay|[upkeep]\n|-fieldend|move: Trick Room\n|upkeep\n|turn|6\n|\n|t:|1770593307\n|move|p1b: Amoonguss|Rage Powder|p1b: Amoonguss\n|-singleturn|p1b: Amoonguss|move: Rage Powder\n|move|p2b: Ogerpon|Ivy Cudgel|p1b: Amoonguss|[anim] Ivy Cudgel Fire\n|-resisted|p1b: Amoonguss\n|-crit|p1b: Amoonguss\n|-damage|p1b: Amoonguss|0 fnt\n|faint|p1b: Amoonguss\n|move|p1a: Calyrex|Glacial Lance|p2b: Ogerpon\n|-resisted|p2b: Ogerpon\n|-damage|p2b: Ogerpon|0 fnt\n|faint|p2b: Ogerpon\n|detailschange|p2: Ogerpon|Ogerpon-Hearthflame, L50, F|[silent]\n|\n|win|501JFW\n|raw|501JFW's rating: 1515 &rarr; <strong>1529</strong><br />(+14 for winning)\n|raw|ConnerTEP's rating: 1413 &rarr; <strong>1399</strong><br />(-14 for losing)\n|l|\u2606ConnerTEP\n|player|p2|\n|l| JonhP451\n|l|\u2606501JFW\n|player|p1|\n","uploadtime":1770593471,"views":17,"formatid":"gen9vgc2026regi","rating":1399,"private":0,"password":null}