{"id":"gen9vgc2026regi-2563074862","format":"[Gen 9] VGC 2026 Reg I","players":["1VLTSQ Joker","ggbond12138"],"log":"|raw|<div class=\"broadcast-blue\"><strong>This battle is required to be public due to a player having a name starting with '1vltsq'.</div>\n|j|\u26061VLTSQ Joker\n|j|\u2606ggbond12138\n|t:|1773981310\n|gametype|doubles\n|player|p1|1VLTSQ Joker|blue|1455\n|player|p2|ggbond12138|102|1339\n|gen|9\n|tier|[Gen 9] VGC 2026 Reg I\n|rated|\n|rule|Species Clause: Limit one of each Pok\u00e9mon\n|rule|Item Clause: Limit 1 of each item\n|clearpoke\n|poke|p1|Calyrex-Ice, L50|\n|poke|p1|Smeargle, L50, F|\n|poke|p1|Kyogre, L50|\n|poke|p1|Maushold, L50|\n|poke|p1|Volcarona, L50, M|\n|poke|p1|Chesnaught, L50, F|\n|poke|p2|Kyogre, L50|\n|poke|p2|Tornadus, L50, M|\n|poke|p2|Landorus, L50, M|\n|poke|p2|Raging Bolt, L50|\n|poke|p2|Zamazenta-*, L50|\n|poke|p2|Urshifu-*, L50, F|\n|teampreview|4\n|inactive|Battle timer is ON: inactive players will automatically lose when time's up. (requested by ggbond12138)\n|inactive|1VLTSQ Joker has 60 seconds left.\n|inactive|ggbond12138 has 60 seconds left.\n|inactive|ggbond12138 has 30 seconds left.\n|\n|t:|1773981373\n|teamsize|p1|4\n|teamsize|p2|4\n|start\n|switch|p1a: Calyrex|Calyrex-Ice, L50|100/100\n|switch|p1b: Smeargle|Smeargle, L50, F|100/100\n|switch|p2a: Kyogre|Kyogre, L50|100/100\n|switch|p2b: Zamazenta|Zamazenta-Crowned, L50|100/100\n|-ability|p1a: Calyrex|As One\n|-ability|p1a: Calyrex|Unnerve\n|-ability|p2b: Zamazenta|Dauntless Shield|boost\n|-boost|p2b: Zamazenta|def|1\n|-weather|RainDance|[from] ability: Drizzle|[of] p2a: Kyogre\n|turn|1\n|inactive|1VLTSQ Joker has 30 seconds left.\n|\n|t:|1773981400\n|-terastallize|p1a: Calyrex|Grass\n|move|p2b: Zamazenta|Imprison|p2b: Zamazenta\n|-start|p2b: Zamazenta|move: Imprison\n|move|p1b: Smeargle|Spore|p2b: Zamazenta\n|-status|p2b: Zamazenta|slp|[from] move: Spore\n|move|p2a: Kyogre|Water Spout|p1b: Smeargle|[spread] p1a,p1b\n|-resisted|p1a: Calyrex\n|-damage|p1a: Calyrex|74/100\n|-enditem|p1b: Smeargle|Focus Sash\n|-damage|p1b: Smeargle|1/100\n|move|p1a: Calyrex|High Horsepower|p2b: Zamazenta\n|-supereffective|p2b: Zamazenta\n|-damage|p2b: Zamazenta|70/100 slp\n|\n|-weather|RainDance|[upkeep]\n|-ability|p1b: Smeargle|Moody|boost\n|-boost|p1b: Smeargle|atk|2\n|-unboost|p1b: Smeargle|spd|1\n|upkeep\n|turn|2\n|inactive|ggbond12138 has 30 seconds left.\n|inactive|ggbond12138 has 20 seconds left.\n|inactive|ggbond12138 has 15 seconds left.\n|inactive|ggbond12138 has 10 seconds left.\n|inactive|ggbond12138 has 5 seconds left.\n|\n|t:|1773981455\n|cant|p2b: Zamazenta|slp\n|move|p1b: Smeargle|Spore|p2a: Kyogre\n|-status|p2a: Kyogre|slp|[from] move: Spore\n|cant|p2a: Kyogre|slp\n|move|p1a: Calyrex|High Horsepower|p2b: Zamazenta\n|-supereffective|p2b: Zamazenta\n|-damage|p2b: Zamazenta|40/100 slp\n|\n|-weather|RainDance|[upkeep]\n|-ability|p1b: Smeargle|Moody|boost\n|-boost|p1b: Smeargle|spa|2\n|-unboost|p1b: Smeargle|def|1\n|upkeep\n|turn|3\n|inactive|ggbond12138 has 30 seconds left.\n|inactive|ggbond12138 has 20 seconds left.\n|\n|t:|1773981494\n|cant|p2b: Zamazenta|slp\n|move|p1b: Smeargle|Decorate|p1a: Calyrex\n|-boost|p1a: Calyrex|atk|2\n|-boost|p1a: Calyrex|spa|2\n|-curestatus|p2a: Kyogre|slp|[msg]\n|move|p2a: Kyogre|Water Spout|p1a: Calyrex|[spread] p1a,p1b\n|-resisted|p1a: Calyrex\n|-damage|p1a: Calyrex|47/100\n|-damage|p1b: Smeargle|0 fnt\n|faint|p1b: Smeargle\n|move|p1a: Calyrex|Seed Bomb|p2a: Kyogre\n|-supereffective|p2a: Kyogre\n|-damage|p2a: Kyogre|0 fnt\n|faint|p2a: Kyogre\n|-ability|p1a: Calyrex|Chilling Neigh|boost\n|-boost|p1a: Calyrex|atk|1\n|\n|-weather|RainDance|[upkeep]\n|upkeep\n|\n|t:|1773981514\n|switch|p1b: Kyogre|Kyogre, L50|100/100\n|switch|p2a: Urshifu|Urshifu, L50, F|100/100\n|turn|4\n|\n|t:|1773981526\n|-curestatus|p2b: Zamazenta|slp|[msg]\n|move|p2b: Zamazenta|Wide Guard|p2b: Zamazenta\n|-singleturn|p2b: Zamazenta|Wide Guard\n|move|p1b: Kyogre|Hydro Pump|p2b: Zamazenta|[miss]\n|-miss|p1b: Kyogre|p2b: Zamazenta\n|move|p2a: Urshifu|Wicked Blow|p1a: Calyrex\n|-crit|p1a: Calyrex\n|-damage|p1a: Calyrex|10/100\n|move|p1a: Calyrex|Glacial Lance|p2a: Urshifu|[spread] \n|-activate|p2a: Urshifu|move: Wide Guard\n|-activate|p2b: Zamazenta|move: Wide Guard\n|\n|-weather|RainDance|[upkeep]\n|upkeep\n|turn|5\n|inactive|ggbond12138 has 30 seconds left.\n|inactive|ggbond12138 has 20 seconds left.\n|inactive|ggbond12138 has 15 seconds left.\n|\n|t:|1773981570\n|-terastallize|p2a: Urshifu|Dark\n|move|p1b: Kyogre|Hydro Pump|p2b: Zamazenta\n|-damage|p2b: Zamazenta|0 fnt\n|faint|p2b: Zamazenta\n|move|p2a: Urshifu|Wicked Blow|p1b: Kyogre\n|-crit|p1b: Kyogre\n|-damage|p1b: Kyogre|12/100\n|move|p1a: Calyrex|Glacial Lance|p2a: Urshifu\n|-enditem|p2a: Urshifu|Focus Sash\n|-damage|p2a: Urshifu|1/100\n|\n|-weather|none\n|upkeep\n|\n|t:|1773981581\n|switch|p2b: Raging Bolt|Raging Bolt, L50|100/100\n|-enditem|p2b: Raging Bolt|Booster Energy\n|-activate|p2b: Raging Bolt|ability: Protosynthesis|[fromitem]\n|-start|p2b: Raging Bolt|protosynthesisspa\n|turn|6\n|\n|t:|1773981602\n|switch|p1a: Volcarona|Volcarona, L50, M|100/100\n|move|p2b: Raging Bolt|Thunderclap|p1b: Kyogre\n|-supereffective|p1b: Kyogre\n|-damage|p1b: Kyogre|0 fnt\n|faint|p1b: Kyogre\n|move|p2a: Urshifu|Wicked Blow|p1a: Volcarona\n|-crit|p1a: Volcarona\n|-damage|p1a: Volcarona|21/100\n|-damage|p2a: Urshifu|0 fnt|[from] item: Rocky Helmet|[of] p1a: Volcarona\n|faint|p2a: Urshifu\n|\n|upkeep\n|\n|t:|1773981610\n|switch|p1b: Calyrex|Calyrex-Ice, L50, tera:Grass|10/100\n|-ability|p1b: Calyrex|As One\n|-ability|p1b: Calyrex|Unnerve\n|turn|7\n|\n|t:|1773981619\n|move|p1a: Volcarona|Rage Powder|p1a: Volcarona\n|-singleturn|p1a: Volcarona|move: Rage Powder\n|move|p2b: Raging Bolt|Dragon Pulse|p1a: Volcarona\n|-damage|p1a: Volcarona|0 fnt\n|faint|p1a: Volcarona\n|move|p1b: Calyrex|Glacial Lance|p2b: Raging Bolt\n|-supereffective|p2b: Raging Bolt\n|-damage|p2b: Raging Bolt|0 fnt\n|faint|p2b: Raging Bolt\n|-end|p2b: Raging Bolt|Protosynthesis|[silent]\n|\n|win|1VLTSQ Joker\n|raw|1VLTSQ Joker's rating: 1455 &rarr; <strong>1469</strong><br />(+14 for winning)\n|raw|ggbond12138's rating: 1339 &rarr; <strong>1325</strong><br />(-14 for losing)\n|l|\u26061VLTSQ Joker\n|player|p1|\n|l|\u2606ggbond12138\n|player|p2|\n","uploadtime":1773981870,"views":17,"formatid":"gen9vgc2026regi","rating":1325,"private":0,"password":null}