{"id":"gen9vgc2026regi-2582233231","format":"[Gen 9] VGC 2026 Reg I","players":["jj11j1","KCLord"],"log":"|j|\u2606jj11j1\n|j|\u2606KCLord\n|t:|1776074258\n|gametype|doubles\n|player|p1|jj11j1|169|1549\n|player|p2|KCLord|cynthia-gen4|1490\n|gen|9\n|tier|[Gen 9] VGC 2026 Reg I\n|rated|\n|rule|Species Clause: Limit one of each Pok\u00e9mon\n|rule|Item Clause: Limit 1 of each item\n|clearpoke\n|poke|p1|Kyogre, L50|\n|poke|p1|Calyrex-Ice, L50|\n|poke|p1|Landorus, L50, M|\n|poke|p1|Urshifu-*, L50, M|\n|poke|p1|Smeargle, L50, M|\n|poke|p1|Flutter Mane, L50|\n|poke|p2|Calyrex-Shadow, L50|\n|poke|p2|Zamazenta-*, L50|\n|poke|p2|Chien-Pao, L50|\n|poke|p2|Dragonite, L50, M|\n|poke|p2|Raging Bolt, L50|\n|poke|p2|Ogerpon-Cornerstone, L50, F|\n|teampreview|4\n|inactive|Battle timer is ON: inactive players will automatically lose when time's up. (requested by jj11j1)\n|\n|t:|1776074277\n|teamsize|p1|4\n|teamsize|p2|4\n|start\n|switch|p1a: Smeargle|Smeargle, L50, M|100/100\n|switch|p1b: Landorus|Landorus, L50, M|100/100\n|switch|p2a: Arlie|Chien-Pao, L50|100/100\n|switch|p2b: Green Goober|Dragonite, L50, M|100/100\n|-ability|p2a: Arlie|Sword of Ruin\n|turn|1\n|\n|t:|1776074296\n|move|p1b: Landorus|Protect|p1b: Landorus\n|-singleturn|p1b: Landorus|Protect\n|move|p2b: Green Goober|Extreme Speed|p1a: Smeargle\n|-damage|p1a: Smeargle|0 fnt\n|faint|p1a: Smeargle\n|move|p2a: Arlie|Icy Wind|p1b: Landorus\n|-activate|p1b: Landorus|move: Protect\n|\n|upkeep\n|\n|t:|1776074309\n|switch|p1a: Calyrex|Calyrex-Ice, L50|100/100\n|-ability|p1a: Calyrex|As One\n|-ability|p1a: Calyrex|Unnerve\n|turn|2\n|\n|t:|1776074327\n|-terastallize|p2b: Green Goober|Normal\n|-terastallize|p1a: Calyrex|Grass\n|move|p2b: Green Goober|Extreme Speed|p1a: Calyrex\n|-damage|p1a: Calyrex|45/100\n|move|p2a: Arlie|Ice Spinner|p1b: Landorus\n|-supereffective|p1b: Landorus\n|-damage|p1b: Landorus|0 fnt\n|faint|p1b: Landorus\n|move|p1a: Calyrex|Glacial Lance|p2b: Green Goober|[spread] p2a,p2b\n|-resisted|p2a: Arlie\n|-damage|p2a: Arlie|57/100\n|-damage|p2b: Green Goober|25/100\n|\n|upkeep\n|\n|t:|1776074341\n|switch|p1b: Kyogre|Kyogre, L50|100/100\n|-weather|RainDance|[from] ability: Drizzle|[of] p1b: Kyogre\n|turn|3\n|\n|t:|1776074353\n|move|p1b: Kyogre|Protect|p1b: Kyogre\n|-singleturn|p1b: Kyogre|Protect\n|move|p2b: Green Goober|Extreme Speed|p1a: Calyrex\n|-damage|p1a: Calyrex|0 fnt\n|faint|p1a: Calyrex\n|move|p2a: Arlie|Ruination|p1b: Kyogre\n|-activate|p1b: Kyogre|move: Protect\n|\n|-weather|RainDance|[upkeep]\n|upkeep\n|turn|4\n|l|\u2606jj11j1\n|inactive|jj11j1 disconnected and has a minute to reconnect!\n|player|p1|\n|inactive|jj11j1 has 30 seconds left.\n|j|\u2606jj11j1\n|inactive|jj11j1 reconnected and has 25 seconds left.\n|player|p1|jj11j1|169|\n|inactive|jj11j1 has 20 seconds left.\n|\n|t:|1776074390\n|move|p2b: Green Goober|Extreme Speed|p1b: Kyogre\n|-damage|p1b: Kyogre|15/100\n|move|p2a: Arlie|Ruination|p1b: Kyogre\n|-damage|p1b: Kyogre|8/100\n|move|p1b: Kyogre|Hydro Pump|p2a: Arlie|[miss]\n|-miss|p1b: Kyogre|p2a: Arlie\n|\n|-weather|RainDance|[upkeep]\n|upkeep\n|turn|5\n|-message|jj11j1 forfeited.\n|\n|win|KCLord\n|raw|jj11j1's rating: 1549 &rarr; <strong>1526</strong><br />(-23 for losing)\n|raw|KCLord's rating: 1490 &rarr; <strong>1513</strong><br />(+23 for winning)\n|l|\u2606jj11j1\n|player|p1|\n|l|\u2606KCLord\n|player|p2|\n","uploadtime":1776074636,"views":19,"formatid":"gen9vgc2026regi","rating":1513,"private":0,"password":null}