{"id":"gen9vgc2026regi-2527396292","format":"[Gen 9] VGC 2026 Reg I","players":["palhunter","dasabe\u76d6\u6b27\u5361\u4fa0"],"log":"|j|\u2606palhunter\n|j|\u2606dasabe\u76d6\u6b27\u5361\u4fa0\n|t:|1769534563\n|gametype|doubles\n|player|p1|palhunter|dawn|1501\n|player|p2|dasabe\u76d6\u6b27\u5361\u4fa0|may-masters4|1670\n|gen|9\n|tier|[Gen 9] VGC 2026 Reg I\n|rated|\n|rule|Species Clause: Limit one of each Pok\u00e9mon\n|rule|Item Clause: Limit 1 of each item\n|clearpoke\n|poke|p1|Miraidon, L50|\n|poke|p1|Amoonguss, L50, F|\n|poke|p1|Calyrex-Ice, L50|\n|poke|p1|Urshifu-*, L50, F|\n|poke|p1|Incineroar, L50, F|\n|poke|p1|Landorus, L50, M|\n|poke|p2|Kyogre, L50|\n|poke|p2|Miraidon, L50|\n|poke|p2|Whimsicott, L50, F|\n|poke|p2|Iron Hands, L50|\n|poke|p2|Farigiraf, L50, F|\n|poke|p2|Urshifu-*, L50, M|\n|teampreview|4\n|inactive|Battle timer is ON: inactive players will automatically lose when time's up. (requested by palhunter)\n|inactive|palhunter has 60 seconds left.\n|\n|t:|1769534616\n|teamsize|p1|4\n|teamsize|p2|4\n|start\n|switch|p1a: Incineroar|Incineroar, L50, F, shiny|100/100\n|switch|p1b: Miraidon|Miraidon, L50|100/100\n|switch|p2a: \u5996\u820d\u7cbe\u62c9|Whimsicott, L50, F, shiny|100/100\n|switch|p2b: \u6210\u90fd\u8001\u76d6|Kyogre, L50, shiny|100/100\n|-fieldstart|move: Electric Terrain|[from] ability: Hadron Engine|[of] p1b: Miraidon\n|-weather|RainDance|[from] ability: Drizzle|[of] p2b: \u6210\u90fd\u8001\u76d6\n|-ability|p1a: Incineroar|Intimidate|boost\n|-unboost|p2a: \u5996\u820d\u7cbe\u62c9|atk|1\n|-unboost|p2b: \u6210\u90fd\u8001\u76d6|atk|1\n|turn|1\n|\n|t:|1769534629\n|switch|p2b: \u94f6\u91d1\u5996\u86c7|Miraidon, L50, shiny|100/100\n|-activate|p2b: \u94f6\u91d1\u5996\u86c7|ability: Hadron Engine\n|-terastallize|p1a: Incineroar|Bug\n|move|p2a: \u5996\u820d\u7cbe\u62c9|Tailwind|p2a: \u5996\u820d\u7cbe\u62c9\n|-sidestart|p2: dasabe\u76d6\u6b27\u5361\u4fa0|move: Tailwind\n|move|p1b: Miraidon|Volt Switch|p2b: \u94f6\u91d1\u5996\u86c7\n|-resisted|p2b: \u94f6\u91d1\u5996\u86c7\n|-damage|p2b: \u94f6\u91d1\u5996\u86c7|86/100\n|\n|t:|1769534641\n|switch|p1b: Calyrex|Calyrex-Ice, L50|100/100|[from] Volt Switch\n|-ability|p1b: Calyrex|As One\n|-ability|p1b: Calyrex|Unnerve\n|move|p1a: Incineroar|U-turn|p2b: \u94f6\u91d1\u5996\u86c7\n|-damage|p2b: \u94f6\u91d1\u5996\u86c7|56/100\n|\n|t:|1769534661\n|switch|p1a: Landorus|Landorus, L50, M, shiny|100/100|[from] U-turn\n|\n|-weather|RainDance|[upkeep]\n|upkeep\n|turn|2\n|\n|t:|1769534682\n|-terastallize|p2b: \u94f6\u91d1\u5996\u86c7|Fairy\n|move|p2a: \u5996\u820d\u7cbe\u62c9|Endeavor|p1b: Calyrex\n|-damage|p1b: Calyrex|58/100\n|move|p2b: \u94f6\u91d1\u5996\u86c7|Electro Drift|p1b: Calyrex\n|-damage|p1b: Calyrex|0 fnt\n|faint|p1b: Calyrex\n|-damage|p2b: \u94f6\u91d1\u5996\u86c7|46/100|[from] item: Life Orb\n|move|p1a: Landorus|Sludge Bomb|p2a: \u5996\u820d\u7cbe\u62c9\n|-supereffective|p2a: \u5996\u820d\u7cbe\u62c9\n|-enditem|p2a: \u5996\u820d\u7cbe\u62c9|Focus Sash\n|-damage|p2a: \u5996\u820d\u7cbe\u62c9|1/100\n|\n|-weather|RainDance|[upkeep]\n|upkeep\n|\n|t:|1769534700\n|switch|p1b: Incineroar|Incineroar, L50, F, shiny, tera:Bug|100/100\n|-ability|p1b: Incineroar|Intimidate|boost\n|-unboost|p2a: \u5996\u820d\u7cbe\u62c9|atk|1\n|-unboost|p2b: \u94f6\u91d1\u5996\u86c7|atk|1\n|turn|3\n|\n|t:|1769534719\n|move|p2b: \u94f6\u91d1\u5996\u86c7|Protect|p2b: \u94f6\u91d1\u5996\u86c7\n|-singleturn|p2b: \u94f6\u91d1\u5996\u86c7|Protect\n|move|p1b: Incineroar|Fake Out|p2a: \u5996\u820d\u7cbe\u62c9\n|-damage|p2a: \u5996\u820d\u7cbe\u62c9|0 fnt\n|faint|p2a: \u5996\u820d\u7cbe\u62c9\n|move|p1a: Landorus|Sludge Bomb|p2b: \u94f6\u91d1\u5996\u86c7\n|-activate|p2b: \u94f6\u91d1\u5996\u86c7|move: Protect\n|\n|-weather|RainDance|[upkeep]\n|upkeep\n|\n|t:|1769534722\n|switch|p2a: \u6210\u90fd\u8001\u76d6|Kyogre, L50, shiny|100/100\n|turn|4\n|\n|t:|1769534738\n|move|p1a: Landorus|Protect|p1a: Landorus\n|-singleturn|p1a: Landorus|Protect\n|move|p2b: \u94f6\u91d1\u5996\u86c7|Dazzling Gleam|p1b: Incineroar|[spread] p1b\n|-activate|p1a: Landorus|move: Protect\n|-damage|p1b: Incineroar|66/100\n|-damage|p2b: \u94f6\u91d1\u5996\u86c7|36/100|[from] item: Life Orb\n|move|p2a: \u6210\u90fd\u8001\u76d6|Water Spout|p1b: Incineroar|[spread] p1b\n|-activate|p1a: Landorus|move: Protect\n|-damage|p1b: Incineroar|0 fnt\n|faint|p1b: Incineroar\n|\n|-weather|RainDance|[upkeep]\n|-sideend|p2: dasabe\u76d6\u6b27\u5361\u4fa0|move: Tailwind\n|upkeep\n|j| SHEERFORCE-DARM\n|\n|t:|1769534753\n|switch|p1b: Miraidon|Miraidon, L50|100/100\n|-activate|p1b: Miraidon|ability: Hadron Engine\n|turn|5\n|\n|t:|1769534760\n|move|p1b: Miraidon|Discharge|p2a: \u6210\u90fd\u8001\u76d6|[spread] p2a,p2b\n|-immune|p1a: Landorus\n|-supereffective|p2a: \u6210\u90fd\u8001\u76d6\n|-damage|p2a: \u6210\u90fd\u8001\u76d6|3/100\n|-damage|p2b: \u94f6\u91d1\u5996\u86c7|0 fnt\n|-status|p2a: \u6210\u90fd\u8001\u76d6|par\n|faint|p2b: \u94f6\u91d1\u5996\u86c7\n|move|p1a: Landorus|Earth Power|p2a: \u6210\u90fd\u8001\u76d6\n|-damage|p2a: \u6210\u90fd\u8001\u76d6|0 fnt\n|faint|p2a: \u6210\u90fd\u8001\u76d6\n|\n|-weather|none\n|-fieldend|move: Electric Terrain\n|upkeep\n|\n|t:|1769534765\n|switch|p2a: \u4e94\u5bfc\u718a\u6e7f|Urshifu, L50, M|100/100\n|turn|6\n|-message|dasabe\u76d6\u6b27\u5361\u4fa0 forfeited.\n|\n|win|palhunter\n|raw|palhunter's rating: 1501 &rarr; <strong>1530</strong><br />(+29 for winning)\n|raw|dasabe\u76d6\u6b27\u5361\u4fa0's rating: 1670 &rarr; <strong>1641</strong><br />(-29 for losing)\n|l|\u2606dasabe\u76d6\u6b27\u5361\u4fa0\n|player|p2|\n|l|\u2606palhunter\n|player|p1|\n|l| SHEERFORCE-DARM\n","uploadtime":1769534996,"views":28,"formatid":"gen9vgc2026regi","rating":1530,"private":0,"password":null}