{"id":"gen9vgc2026regi-2541350389","format":"[Gen 9] VGC 2026 Reg I","players":["fyssqzh","EllenJoe2026"],"log":"|j|\u2606fyssqzh\n|j|\u2606EllenJoe2026\n|t:|1771322123\n|gametype|doubles\n|player|p1|fyssqzh|clerkf|1382\n|player|p2|EllenJoe2026|iono|1453\n|gen|9\n|tier|[Gen 9] VGC 2026 Reg I\n|rated|\n|rule|Species Clause: Limit one of each Pok\u00e9mon\n|rule|Item Clause: Limit 1 of each item\n|clearpoke\n|poke|p1|Calyrex-Shadow, L50|\n|poke|p1|Mudsdale, L50, M|\n|poke|p1|Maushold, L50|\n|poke|p1|Palkia-Origin, L50|\n|poke|p1|Glastrier, L50|\n|poke|p1|Ting-Lu, L50|\n|poke|p2|Calyrex-Ice, L50|\n|poke|p2|Miraidon, L50|\n|poke|p2|Tornadus, L50, M|\n|poke|p2|Urshifu-*, L50, F|\n|poke|p2|Grimmsnarl, L50, M|\n|poke|p2|Iron Hands, L50|\n|teampreview|4\n|inactive|Battle timer is ON: inactive players will automatically lose when time's up. (requested by EllenJoe2026)\n|inactive|EllenJoe2026 has 60 seconds left.\n|\n|t:|1771322164\n|teamsize|p1|4\n|teamsize|p2|4\n|start\n|switch|p1a: \u6211\u4e5f\u662f\u9a6c|Ting-Lu, L50|100/100\n|switch|p1b: \u725b\u9a6c\u4ee3\u8a00\u4eba|Mudsdale, L50, M|100/100\n|switch|p2a: Grimmsnarl|Grimmsnarl, L50, M, shiny|100/100\n|switch|p2b: Iron Hands|Iron Hands, L50, shiny|100/100\n|-ability|p1a: \u6211\u4e5f\u662f\u9a6c|Vessel of Ruin\n|turn|1\n|inactive|fyssqzh has 30 seconds left.\n|inactive|EllenJoe2026 has 30 seconds left.\n|\n|t:|1771322191\n|-terastallize|p2b: Iron Hands|Grass\n|move|p2a: Grimmsnarl|Taunt|p1b: \u725b\u9a6c\u4ee3\u8a00\u4eba\n|-start|p1b: \u725b\u9a6c\u4ee3\u8a00\u4eba|move: Taunt\n|move|p1a: \u6211\u4e5f\u662f\u9a6c|Fissure|p2a: Grimmsnarl\n|-damage|p2a: Grimmsnarl|0 fnt\n|faint|p2a: Grimmsnarl\n|-ohko\n|move|p2b: Iron Hands|Low Kick|p1a: \u6211\u4e5f\u662f\u9a6c\n|-supereffective|p1a: \u6211\u4e5f\u662f\u9a6c\n|-damage|p1a: \u6211\u4e5f\u662f\u9a6c|30/100\n|move|p1b: \u725b\u9a6c\u4ee3\u8a00\u4eba|High Horsepower|p2b: Iron Hands\n|-resisted|p2b: Iron Hands\n|-damage|p2b: Iron Hands|86/100\n|\n|upkeep\n|\n|t:|1771322209\n|switch|p2a: Calyrex|Calyrex-Ice, L50|100/100\n|-ability|p2a: Calyrex|As One\n|-ability|p2a: Calyrex|Unnerve\n|turn|2\n|inactive|fyssqzh has 30 seconds left.\n|inactive|fyssqzh has 20 seconds left.\n|\n|t:|1771322246\n|move|p2a: Calyrex|Glacial Lance|p1a: \u6211\u4e5f\u662f\u9a6c|[spread] p1a,p1b\n|-supereffective|p1a: \u6211\u4e5f\u662f\u9a6c\n|-supereffective|p1b: \u725b\u9a6c\u4ee3\u8a00\u4eba\n|-damage|p1a: \u6211\u4e5f\u662f\u9a6c|0 fnt\n|-damage|p1b: \u725b\u9a6c\u4ee3\u8a00\u4eba|33/100\n|-ability|p1b: \u725b\u9a6c\u4ee3\u8a00\u4eba|Stamina|boost\n|-boost|p1b: \u725b\u9a6c\u4ee3\u8a00\u4eba|def|1\n|faint|p1a: \u6211\u4e5f\u662f\u9a6c\n|-ability|p2a: Calyrex|Chilling Neigh|boost\n|-boost|p2a: Calyrex|atk|1\n|move|p2b: Iron Hands|Drain Punch|p1b: \u725b\u9a6c\u4ee3\u8a00\u4eba\n|-damage|p1b: \u725b\u9a6c\u4ee3\u8a00\u4eba|14/100\n|-heal|p2b: Iron Hands|94/100|[from] drain|[of] p1b: \u725b\u9a6c\u4ee3\u8a00\u4eba\n|-ability|p1b: \u725b\u9a6c\u4ee3\u8a00\u4eba|Stamina|boost\n|-boost|p1b: \u725b\u9a6c\u4ee3\u8a00\u4eba|def|1\n|move|p1b: \u725b\u9a6c\u4ee3\u8a00\u4eba|High Horsepower|p2a: Calyrex\n|-damage|p2a: Calyrex|77/100\n|\n|upkeep\n|\n|t:|1771322264\n|switch|p1a: \u56fd\u738b\u7684\u65b0\u9a6c|Calyrex-Shadow, L50|100/100\n|-ability|p1a: \u56fd\u738b\u7684\u65b0\u9a6c|As One\n|-ability|p1a: \u56fd\u738b\u7684\u65b0\u9a6c|Unnerve\n|turn|3\n|\n|t:|1771322275\n|move|p1a: \u56fd\u738b\u7684\u65b0\u9a6c|Protect|p1a: \u56fd\u738b\u7684\u65b0\u9a6c\n|-singleturn|p1a: \u56fd\u738b\u7684\u65b0\u9a6c|Protect\n|move|p2a: Calyrex|Glacial Lance|p1a: \u56fd\u738b\u7684\u65b0\u9a6c|[spread] p1b\n|-activate|p1a: \u56fd\u738b\u7684\u65b0\u9a6c|move: Protect\n|-supereffective|p1b: \u725b\u9a6c\u4ee3\u8a00\u4eba\n|-damage|p1b: \u725b\u9a6c\u4ee3\u8a00\u4eba|0 fnt\n|faint|p1b: \u725b\u9a6c\u4ee3\u8a00\u4eba\n|-ability|p2a: Calyrex|Chilling Neigh|boost\n|-boost|p2a: Calyrex|atk|1\n|move|p2b: Iron Hands|Thunder Punch|p1a: \u56fd\u738b\u7684\u65b0\u9a6c\n|-activate|p1a: \u56fd\u738b\u7684\u65b0\u9a6c|move: Protect\n|\n|upkeep\n|\n|t:|1771322286\n|switch|p1b: \u9a6c\u5931\u524d\u8e44|Palkia-Origin, L50|100/100\n|turn|4\n|\n|t:|1771322297\n|move|p1a: \u56fd\u738b\u7684\u65b0\u9a6c|Astral Barrage|p2b: Iron Hands|[spread] p2a,p2b\n|-supereffective|p2a: Calyrex\n|-damage|p2a: Calyrex|0 fnt\n|-damage|p2b: Iron Hands|63/100\n|faint|p2a: Calyrex\n|-ability|p1a: \u56fd\u738b\u7684\u65b0\u9a6c|Grim Neigh|boost\n|-boost|p1a: \u56fd\u738b\u7684\u65b0\u9a6c|spa|1\n|move|p1b: \u9a6c\u5931\u524d\u8e44|Spacial Rend|p2b: Iron Hands\n|-damage|p2b: Iron Hands|26/100\n|move|p2b: Iron Hands|Thunder Punch|p1a: \u56fd\u738b\u7684\u65b0\u9a6c\n|-damage|p1a: \u56fd\u738b\u7684\u65b0\u9a6c|51/100\n|-status|p1a: \u56fd\u738b\u7684\u65b0\u9a6c|par\n|\n|upkeep\n|\n|t:|1771322302\n|switch|p2a: Miraidon|Miraidon, L50, shiny|100/100\n|-fieldstart|move: Electric Terrain|[from] ability: Hadron Engine|[of] p2a: Miraidon\n|-activate|p2b: Iron Hands|ability: Quark Drive\n|-start|p2b: Iron Hands|quarkdriveatk\n|turn|5\n|\n|t:|1771322318\n|move|p1b: \u9a6c\u5931\u524d\u8e44|Protect|p1b: \u9a6c\u5931\u524d\u8e44\n|-singleturn|p1b: \u9a6c\u5931\u524d\u8e44|Protect\n|cant|p1a: \u56fd\u738b\u7684\u65b0\u9a6c|par\n|move|p2a: Miraidon|Electro Drift|p1a: \u56fd\u738b\u7684\u65b0\u9a6c\n|-damage|p1a: \u56fd\u738b\u7684\u65b0\u9a6c|0 fnt\n|faint|p1a: \u56fd\u738b\u7684\u65b0\u9a6c\n|move|p2b: Iron Hands|Drain Punch|p1b: \u9a6c\u5931\u524d\u8e44\n|-activate|p1b: \u9a6c\u5931\u524d\u8e44|move: Protect\n|\n|upkeep\n|turn|6\n|\n|t:|1771322338\n|-terastallize|p1b: \u9a6c\u5931\u524d\u8e44|Fire\n|move|p2a: Miraidon|Electro Drift|p1b: \u9a6c\u5931\u524d\u8e44\n|-damage|p1b: \u9a6c\u5931\u524d\u8e44|0 fnt\n|faint|p1b: \u9a6c\u5931\u524d\u8e44\n|\n|win|EllenJoe2026\n|raw|fyssqzh's rating: 1382 &rarr; <strong>1366</strong><br />(-16 for losing)\n|raw|EllenJoe2026's rating: 1453 &rarr; <strong>1469</strong><br />(+16 for winning)\n|l|\u2606EllenJoe2026\n|player|p2|\n|l|\u2606fyssqzh\n|player|p1|\n","uploadtime":1771322579,"views":23,"formatid":"gen9vgc2026regi","rating":1366,"private":0,"password":null}