{"id":"gen9vgc2026regi-2561251929","format":"[Gen 9] VGC 2026 Reg I","players":["Neekz0","jonen"],"log":"|j|\u2606Neekz0\n|j|\u2606jonen\n|t:|1773777395\n|gametype|doubles\n|player|p1|Neekz0|170|1229\n|player|p2|jonen|medium|1291\n|gen|9\n|tier|[Gen 9] VGC 2026 Reg I\n|rated|\n|rule|Species Clause: Limit one of each Pok\u00e9mon\n|rule|Item Clause: Limit 1 of each item\n|clearpoke\n|poke|p1|Terapagos, L50, M|\n|poke|p1|Rillaboom, L50, F|\n|poke|p1|Ho-Oh, L50|\n|poke|p1|Raging Bolt, L50|\n|poke|p1|Incineroar, L50, M|\n|poke|p1|Ogerpon-Wellspring, L50, F|\n|poke|p2|Groudon, L50|\n|poke|p2|Lunala, L50|\n|poke|p2|Sableye, L50, M|\n|poke|p2|Chi-Yu, L50|\n|poke|p2|Rillaboom, L50, M|\n|poke|p2|Jumpluff, L50, F|\n|teampreview|4\n|\n|t:|1773777483\n|teamsize|p1|4\n|teamsize|p2|4\n|start\n|switch|p1a: Terapagos|Terapagos, L50, M|100/100\n|switch|p1b: Ho-Oh|Ho-Oh, L50|100/100\n|switch|p2a: Lunala|Lunala, L50|100/100\n|switch|p2b: Sableye|Sableye, L50, M|100/100\n|-activate|p1a: Terapagos|ability: Tera Shift\n|detailschange|p1a: Terapagos|Terapagos-Terastal, L50, M\n|-heal|p1a: Terapagos|100/100|[silent]\n|turn|1\n|\n|t:|1773777503\n|move|p2b: Sableye|Gravity|p2b: Sableye\n|-fieldstart|move: Gravity\n|move|p2a: Lunala|Meteor Beam||[still]\n|-prepare|p2a: Lunala|Meteor Beam\n|-boost|p2a: Lunala|spa|1\n|-enditem|p2a: Lunala|Power Herb\n|-anim|p2a: Lunala|Meteor Beam|p1b: Ho-Oh\n|-supereffective|p1b: Ho-Oh\n|-damage|p1b: Ho-Oh|0 fnt\n|faint|p1b: Ho-Oh\n|move|p1a: Terapagos|Calm Mind|p1a: Terapagos\n|-boost|p1a: Terapagos|spa|1\n|-boost|p1a: Terapagos|spd|1\n|\n|upkeep\n|\n|t:|1773777527\n|switch|p1b: Ogerpon|Ogerpon-Wellspring, L50, F|100/100\n|turn|2\n|\n|t:|1773777545\n|switch|p2b: Groudon|Groudon, L50|100/100\n|-weather|SunnyDay|[from] ability: Drought|[of] p2b: Groudon\n|move|p1b: Ogerpon|Follow Me|p1b: Ogerpon\n|-singleturn|p1b: Ogerpon|move: Follow Me\n|move|p2a: Lunala|Hypnosis|p1b: Ogerpon\n|-status|p1b: Ogerpon|slp|[from] move: Hypnosis\n|move|p1a: Terapagos|Calm Mind|p1a: Terapagos\n|-boost|p1a: Terapagos|spa|1\n|-boost|p1a: Terapagos|spd|1\n|\n|-weather|SunnyDay|[upkeep]\n|upkeep\n|turn|3\n|\n|t:|1773777588\n|switch|p1b: Incineroar|Incineroar, L50, M|100/100\n|-ability|p1b: Incineroar|Intimidate|boost\n|-unboost|p2a: Lunala|atk|1\n|-unboost|p2b: Groudon|atk|1\n|move|p1a: Terapagos|Protect|p1a: Terapagos\n|-singleturn|p1a: Terapagos|Protect\n|move|p2a: Lunala|Hypnosis|p1a: Terapagos\n|-activate|p1a: Terapagos|move: Protect\n|move|p2b: Groudon|Precipice Blades|p1a: Terapagos|[spread] p1b\n|-activate|p1a: Terapagos|move: Protect\n|-supereffective|p1b: Incineroar\n|-damage|p1b: Incineroar|4/100\n|-damage|p2b: Groudon|91/100|[from] item: Life Orb\n|\n|-weather|SunnyDay|[upkeep]\n|upkeep\n|turn|4\n|\n|t:|1773777611\n|-terastallize|p1a: Terapagos|Stellar\n|detailschange|p1a: Terapagos|Terapagos-Stellar, L50, M, tera:Stellar\n|-heal|p1a: Terapagos|100/100|[silent]\n|-ability|p1a: Terapagos|Teraform Zero\n|-weather|none\n|move|p1b: Incineroar|Fake Out|p2b: Groudon\n|-damage|p2b: Groudon|83/100\n|move|p2a: Lunala|Hypnosis|p1a: Terapagos\n|-status|p1a: Terapagos|slp|[from] move: Hypnosis\n|cant|p2b: Groudon|flinch\n|cant|p1a: Terapagos|slp\n|\n|upkeep\n|turn|5\n|\n|t:|1773777648\n|switch|p2a: Chi-Yu|Chi-Yu, L50|100/100\n|-ability|p2a: Chi-Yu|Beads of Ruin\n|switch|p1b: Ogerpon|Ogerpon-Wellspring, L50, F|100/100 slp\n|move|p2b: Groudon|Precipice Blades|p1a: Terapagos|[spread] p1a,p1b\n|-resisted|p1b: Ogerpon\n|-damage|p1a: Terapagos|66/100 slp\n|-damage|p1b: Ogerpon|74/100 slp\n|-damage|p2b: Groudon|74/100|[from] item: Life Orb\n|-curestatus|p1a: Terapagos|slp|[msg]\n|move|p1a: Terapagos|Tera Starstorm|p2b: Groudon|[spread] p2a,p2b\n|-damage|p2a: Chi-Yu|4/100\n|-damage|p2b: Groudon|0 fnt\n|faint|p2b: Groudon\n|\n|-heal|p1a: Terapagos|72/100|[from] item: Leftovers\n|-fieldend|move: Gravity\n|upkeep\n|\n|t:|1773777661\n|switch|p2b: Sableye|Sableye, L50, M|100/100\n|turn|6\n|\n|t:|1773777679\n|switch|p1b: Incineroar|Incineroar, L50, M|4/100\n|-ability|p1b: Incineroar|Intimidate|boost\n|-unboost|p2a: Chi-Yu|atk|1\n|-unboost|p2b: Sableye|atk|1\n|move|p2b: Sableye|Disable|p1a: Terapagos\n|-start|p1a: Terapagos|Disable|Tera Starstorm\n|move|p2a: Chi-Yu|Heat Wave|p1b: Incineroar|[spread] p1a,p1b\n|-resisted|p1b: Incineroar\n|-damage|p1a: Terapagos|55/100\n|-damage|p1b: Incineroar|0 fnt\n|faint|p1b: Incineroar\n|cant|p1a: Terapagos|Disable|Tera Starstorm\n|\n|-heal|p1a: Terapagos|61/100|[from] item: Leftovers\n|upkeep\n|\n|t:|1773777686\n|switch|p1b: Ogerpon|Ogerpon-Wellspring, L50, F|74/100 slp\n|turn|7\n|\n|t:|1773777693\n|cant|p1b: Ogerpon|slp\n|move|p2b: Sableye|Gravity|p2b: Sableye\n|-fieldstart|move: Gravity\n|move|p2a: Chi-Yu|Heat Wave|p1a: Terapagos|[spread] p1a,p1b\n|-damage|p1a: Terapagos|42/100\n|-damage|p1b: Ogerpon|20/100 slp\n|move|p1a: Terapagos|Dark Pulse|p2a: Chi-Yu\n|-resisted|p2a: Chi-Yu\n|-damage|p2a: Chi-Yu|0 fnt\n|faint|p2a: Chi-Yu\n|\n|-heal|p1a: Terapagos|48/100|[from] item: Leftovers\n|upkeep\n|\n|t:|1773777701\n|switch|p2a: Lunala|Lunala, L50|100/100\n|turn|8\n|\n|t:|1773777707\n|move|p2a: Lunala|Hypnosis|p1a: Terapagos\n|-status|p1a: Terapagos|slp|[from] move: Hypnosis\n|-curestatus|p1b: Ogerpon|slp|[msg]\n|move|p1b: Ogerpon|Horn Leech|p2a: Lunala\n|-crit|p2a: Lunala\n|-damage|p2a: Lunala|68/100\n|-heal|p1b: Ogerpon|39/100|[from] drain|[of] p2a: Lunala\n|cant|p1a: Terapagos|slp\n|move|p2b: Sableye|Foul Play|p1b: Ogerpon\n|-damage|p1b: Ogerpon|0 fnt\n|faint|p1b: Ogerpon\n|\n|-heal|p1a: Terapagos|54/100 slp|[from] item: Leftovers\n|upkeep\n|turn|9\n|\n|t:|1773777727\n|move|p2a: Lunala|Meteor Beam||[still]\n|-prepare|p2a: Lunala|Meteor Beam\n|-boost|p2a: Lunala|spa|1\n|-curestatus|p1a: Terapagos|slp|[msg]\n|move|p1a: Terapagos|Dark Pulse|p2a: Lunala\n|-supereffective|p2a: Lunala\n|-damage|p2a: Lunala|0 fnt\n|faint|p2a: Lunala\n|move|p2b: Sableye|Foul Play|p1a: Terapagos\n|-damage|p1a: Terapagos|35/100\n|\n|-heal|p1a: Terapagos|41/100|[from] item: Leftovers\n|-end|p1a: Terapagos|Disable\n|upkeep\n|turn|10\n|\n|t:|1773777740\n|move|p1a: Terapagos|Tera Starstorm|p2b: Sableye\n|-enditem|p2b: Sableye|Focus Sash\n|-damage|p2b: Sableye|1/100\n|move|p2b: Sableye|Foul Play|p1a: Terapagos\n|-damage|p1a: Terapagos|24/100\n|\n|-heal|p1a: Terapagos|30/100|[from] item: Leftovers\n|upkeep\n|turn|11\n|\n|t:|1773777744\n|move|p2b: Sableye|Disable|p1a: Terapagos\n|-start|p1a: Terapagos|Disable|Tera Starstorm\n|move|p1a: Terapagos|Dark Pulse|p2b: Sableye\n|-damage|p2b: Sableye|0 fnt\n|faint|p2b: Sableye\n|\n|win|Neekz0\n|raw|Neekz0's rating: 1229 &rarr; <strong>1258</strong><br />(+29 for winning)\n|raw|jonen's rating: 1291 &rarr; <strong>1262</strong><br />(-29 for losing)\n","uploadtime":1773777744,"views":13,"formatid":"gen9vgc2026regi","rating":1258,"private":0,"password":null}