{"id":"gen9vgc2026regi-2563182492","format":"[Gen 9] VGC 2026 Reg I","players":["iifwm","EllenJoe2026"],"log":"|j|\u2606iifwm\n|j|\u2606EllenJoe2026\n|t:|1773999686\n|gametype|doubles\n|player|p1|iifwm|1|1418\n|player|p2|EllenJoe2026|2|1525\n|gen|9\n|tier|[Gen 9] VGC 2026 Reg I\n|rated|\n|rule|Species Clause: Limit one of each Pok\u00e9mon\n|rule|Item Clause: Limit 1 of each item\n|clearpoke\n|poke|p1|Koraidon, L50|\n|poke|p1|Calyrex-Shadow, L50|\n|poke|p1|Flutter Mane, L50|\n|poke|p1|Incineroar, L50, F|\n|poke|p1|Clefairy, L50, F|\n|poke|p1|Rillaboom, L50, F|\n|poke|p2|Calyrex-Shadow, L50|\n|poke|p2|Zamazenta-*, L50|\n|poke|p2|Incineroar, L50, F|\n|poke|p2|Rillaboom, L50, F|\n|poke|p2|Smeargle, L50, F|\n|poke|p2|Tornadus, L50, M|\n|teampreview|4\n|inactive|Battle timer is ON: inactive players will automatically lose when time's up. (requested by EllenJoe2026)\n|inactive|EllenJoe2026 has 60 seconds left.\n|\n|t:|1773999730\n|teamsize|p1|4\n|teamsize|p2|4\n|start\n|switch|p1a: Flutter Mane|Flutter Mane, L50|100/100\n|switch|p1b: Koraidon|Koraidon, L50|100/100\n|switch|p2a: Zamazenta|Zamazenta-Crowned, L50, shiny|100/100\n|switch|p2b: Tornadus|Tornadus, L50, M, shiny|100/100\n|-weather|SunnyDay|[from] ability: Orichalcum Pulse|[of] p1b: Koraidon\n|-activate|p1a: Flutter Mane|ability: Protosynthesis\n|-start|p1a: Flutter Mane|protosynthesisspe\n|-activate|p1b: Koraidon|Orichalcum Pulse|[source]\n|-ability|p2a: Zamazenta|Dauntless Shield|boost\n|-boost|p2a: Zamazenta|def|1\n|turn|1\n|\n|t:|1773999755\n|-terastallize|p2a: Zamazenta|Grass\n|move|p2b: Tornadus|Rain Dance|p2b: Tornadus\n|-weather|RainDance\n|-end|p1a: Flutter Mane|Protosynthesis\n|move|p1a: Flutter Mane|Icy Wind|p2b: Tornadus|[spread] p2a,p2b\n|-supereffective|p2a: Zamazenta\n|-supereffective|p2b: Tornadus\n|-damage|p2a: Zamazenta|78/100\n|-damage|p2b: Tornadus|68/100\n|-unboost|p2a: Zamazenta|spe|1\n|-unboost|p2b: Tornadus|spe|1\n|move|p1b: Koraidon|Low Kick|p2a: Zamazenta\n|-damage|p2a: Zamazenta|53/100\n|move|p2a: Zamazenta|Heavy Slam|p1a: Flutter Mane\n|-supereffective|p1a: Flutter Mane\n|-enditem|p1a: Flutter Mane|Focus Sash\n|-damage|p1a: Flutter Mane|1/100\n|\n|-weather|RainDance|[upkeep]\n|upkeep\n|turn|2\n|inactive|iifwm has 30 seconds left.\n|inactive|iifwm has 20 seconds left.\n|inactive|iifwm has 15 seconds left.\n|inactive|iifwm has 10 seconds left.\n|\n|t:|1773999801\n|-end|p1a: Flutter Mane|Protosynthesis|[silent]\n|switch|p1a: Incineroar|Incineroar, L50, F|100/100\n|-ability|p1a: Incineroar|Intimidate|boost\n|-unboost|p2a: Zamazenta|atk|1\n|-unboost|p2b: Tornadus|atk|1\n|move|p2b: Tornadus|Tailwind|p2b: Tornadus\n|-sidestart|p2: EllenJoe2026|move: Tailwind\n|move|p2a: Zamazenta|Heavy Slam|p1a: Incineroar\n|-resisted|p1a: Incineroar\n|-damage|p1a: Incineroar|86/100\n|move|p1b: Koraidon|Flare Blitz|p2a: Zamazenta\n|-supereffective|p2a: Zamazenta\n|-damage|p2a: Zamazenta|37/100\n|-damage|p1b: Koraidon|95/100|[from] Recoil\n|\n|-weather|RainDance|[upkeep]\n|upkeep\n|turn|3\n|inactive|iifwm has 30 seconds left.\n|\n|t:|1773999827\n|switch|p1b: Flutter Mane|Flutter Mane, L50|1/100\n|move|p1a: Incineroar|Fake Out|p2a: Zamazenta\n|-damage|p2a: Zamazenta|33/100\n|cant|p2a: Zamazenta|flinch\n|move|p2b: Tornadus|Bleakwind Storm|p1a: Incineroar|[spread] p1a,p1b\n|-damage|p1a: Incineroar|65/100\n|-damage|p1b: Flutter Mane|0 fnt\n|faint|p1b: Flutter Mane\n|-end|p1b: Flutter Mane|Protosynthesis|[silent]\n|\n|-weather|RainDance|[upkeep]\n|upkeep\n|\n|t:|1773999840\n|switch|p1b: Calyrex|Calyrex-Shadow, L50|100/100\n|-ability|p1b: Calyrex|As One\n|-ability|p1b: Calyrex|Unnerve\n|turn|4\n|\n|t:|1773999850\n|switch|p2b: Smeargle|Smeargle, L50, F, shiny|100/100\n|switch|p1a: Koraidon|Koraidon, L50|95/100\n|-weather|SunnyDay|[from] ability: Orichalcum Pulse|[of] p1a: Koraidon\n|-activate|p1a: Koraidon|Orichalcum Pulse|[source]\n|move|p2a: Zamazenta|Body Press|p1a: Koraidon\n|-damage|p1a: Koraidon|40/100\n|move|p1b: Calyrex|Astral Barrage|p2a: Zamazenta|[spread] p2a\n|-immune|p2b: Smeargle\n|-damage|p2a: Zamazenta|0 fnt\n|faint|p2a: Zamazenta\n|-ability|p1b: Calyrex|Grim Neigh|boost\n|-boost|p1b: Calyrex|spa|1\n|-damage|p1b: Calyrex|91/100|[from] item: Life Orb\n|\n|-weather|SunnyDay|[upkeep]\n|-ability|p2b: Smeargle|Moody|boost\n|-boost|p2b: Smeargle|spa|2\n|-unboost|p2b: Smeargle|def|1\n|upkeep\n|\n|t:|1773999865\n|switch|p2a: Calyrex|Calyrex-Shadow, L50|100/100\n|-ability|p2a: Calyrex|As One\n|-ability|p2a: Calyrex|Unnerve\n|turn|5\n|\n|t:|1773999877\n|switch|p1a: Incineroar|Incineroar, L50, F|65/100\n|-ability|p1a: Incineroar|Intimidate|boost\n|-unboost|p2a: Calyrex|atk|1\n|-unboost|p2b: Smeargle|atk|1\n|move|p1b: Calyrex|Protect|p1b: Calyrex\n|-singleturn|p1b: Calyrex|Protect\n|move|p2a: Calyrex|Imprison|p2a: Calyrex\n|-start|p2a: Calyrex|move: Imprison\n|move|p2b: Smeargle|Spore|p1a: Incineroar\n|-activate|p1a: Incineroar|item: Safety Goggles|Spore\n|\n|-weather|SunnyDay|[upkeep]\n|-sideend|p2: EllenJoe2026|move: Tailwind\n|-ability|p2b: Smeargle|Moody|boost\n|-boost|p2b: Smeargle|atk|2\n|-unboost|p2b: Smeargle|spa|1\n|upkeep\n|turn|6\n|inactive|iifwm has 30 seconds left.\n|inactive|EllenJoe2026 has 30 seconds left.\n|inactive|iifwm has 20 seconds left.\n|\n|t:|1773999913\n|switch|p1b: Koraidon|Koraidon, L50|40/100\n|-activate|p1b: Koraidon|ability: Orichalcum Pulse\n|move|p2b: Smeargle|Follow Me|p2b: Smeargle\n|-singleturn|p2b: Smeargle|move: Follow Me\n|move|p2a: Calyrex|Astral Barrage|p1b: Koraidon|[spread] p1a,p1b\n|-resisted|p1a: Incineroar\n|-crit|p1b: Koraidon\n|-damage|p1a: Incineroar|40/100\n|-damage|p1b: Koraidon|0 fnt\n|faint|p1b: Koraidon\n|-ability|p2a: Calyrex|Grim Neigh|boost\n|-boost|p2a: Calyrex|spa|1\n|move|p1a: Incineroar|Flare Blitz|p2b: Smeargle\n|-enditem|p2b: Smeargle|Focus Sash\n|-damage|p2b: Smeargle|1/100\n|-damage|p1a: Incineroar|18/100|[from] Recoil\n|\n|-weather|SunnyDay|[upkeep]\n|-ability|p2b: Smeargle|Moody|boost\n|-boost|p2b: Smeargle|spa|2\n|-unboost|p2b: Smeargle|spe|1\n|upkeep\n|\n|t:|1773999923\n|switch|p1b: Calyrex|Calyrex-Shadow, L50|91/100\n|-ability|p1b: Calyrex|As One\n|-ability|p1b: Calyrex|Unnerve\n|turn|7\n|\n|t:|1773999936\n|-terastallize|p1b: Calyrex|Dark\n|move|p2a: Calyrex|Astral Barrage|p1a: Incineroar|[spread] p1a,p1b\n|-resisted|p1a: Incineroar\n|-resisted|p1b: Calyrex\n|-damage|p1a: Incineroar|0 fnt\n|-damage|p1b: Calyrex|44/100\n|faint|p1a: Incineroar\n|-ability|p2a: Calyrex|Grim Neigh|boost\n|-boost|p2a: Calyrex|spa|1\n|move|p1b: Calyrex|Nasty Plot|p1b: Calyrex\n|-boost|p1b: Calyrex|spa|2\n|move|p2b: Smeargle|Spore|p1b: Calyrex\n|-status|p1b: Calyrex|slp|[from] move: Spore\n|\n|-weather|SunnyDay|[upkeep]\n|-ability|p2b: Smeargle|Moody|boost\n|-boost|p2b: Smeargle|atk|2\n|-unboost|p2b: Smeargle|spe|1\n|upkeep\n|turn|8\n|-message|iifwm forfeited.\n|\n|win|EllenJoe2026\n|raw|iifwm's rating: 1418 &rarr; <strong>1404</strong><br />(-14 for losing)\n|raw|EllenJoe2026's rating: 1525 &rarr; <strong>1539</strong><br />(+14 for winning)\n|l|\u2606iifwm\n|player|p1|\n|l|\u2606EllenJoe2026\n|player|p2|\n","uploadtime":1774000196,"views":11,"formatid":"gen9vgc2026regi","rating":1404,"private":0,"password":null}