{"id":"gen9vgc2026regi-2533299559","format":"[Gen 9] VGC 2026 Reg I","players":["not world","marcxhenry"],"log":"|j|\u2606not world\n|j|\u2606marcxhenry\n|t:|1770289055\n|gametype|doubles\n|player|p1|not world|caitlin|1544\n|player|p2|marcxhenry|hilbert-wonderlauncher|1511\n|gen|9\n|tier|[Gen 9] VGC 2026 Reg I\n|rated|\n|rule|Species Clause: Limit one of each Pok\u00e9mon\n|rule|Item Clause: Limit 1 of each item\n|clearpoke\n|poke|p1|Calyrex-Ice, L50|\n|poke|p1|Kyogre, L50|\n|poke|p1|Urshifu-*, L50, M|\n|poke|p1|Tornadus, L50, M|\n|poke|p1|Rillaboom, L50, M|\n|poke|p1|Amoonguss, L50, F|\n|poke|p2|Calyrex-Shadow, L50|\n|poke|p2|Urshifu-*, L50, M|\n|poke|p2|Roaring Moon, L50|\n|poke|p2|Kyogre, L50|\n|poke|p2|Tsareena, L50, F|\n|poke|p2|Kingambit, L50, M|\n|teampreview|4\n|\n|t:|1770289078\n|teamsize|p1|4\n|teamsize|p2|4\n|start\n|switch|p1a: Calyrex|Calyrex-Ice, L50|100/100\n|switch|p1b: Rillaboom|Rillaboom, L50, M, shiny|100/100\n|switch|p2a: Tripitz|Kyogre, L50, shiny|100/100\n|switch|p2b: Eva|Tsareena, L50, F, shiny|100/100\n|-ability|p1a: Calyrex|As One\n|-ability|p1a: Calyrex|Unnerve\n|-weather|RainDance|[from] ability: Drizzle|[of] p2a: Tripitz\n|-fieldstart|move: Grassy Terrain|[from] ability: Grassy Surge|[of] p1b: Rillaboom\n|turn|1\n|\n|t:|1770289093\n|-terastallize|p2b: Eva|Water\n|move|p1a: Calyrex|Protect|p1a: Calyrex\n|-singleturn|p1a: Calyrex|Protect\n|move|p2a: Tripitz|Water Spout|p1b: Rillaboom|[spread] p1b\n|-activate|p1a: Calyrex|move: Protect\n|-resisted|p1b: Rillaboom\n|-damage|p1b: Rillaboom|57/100\n|move|p2b: Eva|Triple Axel|p1b: Rillaboom\n|-supereffective|p1b: Rillaboom\n|-damage|p1b: Rillaboom|43/100\n|-supereffective|p1b: Rillaboom\n|-damage|p1b: Rillaboom|16/100\n|-supereffective|p1b: Rillaboom\n|-damage|p1b: Rillaboom|0 fnt\n|faint|p1b: Rillaboom\n|-hitcount|p1: Rillaboom|3\n|\n|-weather|RainDance|[upkeep]\n|upkeep\n|\n|t:|1770289108\n|switch|p1b: Kyogre|Kyogre, L50, shiny|100/100\n|turn|2\n|\n|t:|1770289114\n|-terastallize|p1a: Calyrex|Grass\n|move|p2a: Tripitz|Water Spout|p1b: Kyogre|[spread] p1a,p1b\n|-resisted|p1a: Calyrex\n|-resisted|p1b: Kyogre\n|-damage|p1a: Calyrex|60/100\n|-damage|p1b: Kyogre|54/100\n|move|p2b: Eva|Power Whip|p1a: Calyrex\n|-resisted|p1a: Calyrex\n|-damage|p1a: Calyrex|37/100\n|move|p1b: Kyogre|Origin Pulse|p2a: Tripitz|[spread] p2a,p2b\n|-resisted|p2a: Tripitz\n|-resisted|p2b: Eva\n|-damage|p2a: Tripitz|66/100\n|-damage|p2b: Eva|46/100\n|move|p1a: Calyrex|Trick Room|p1a: Calyrex\n|-fieldstart|move: Trick Room|[of] p1a: Calyrex\n|\n|-weather|RainDance|[upkeep]\n|-heal|p1a: Calyrex|43/100|[from] Grassy Terrain\n|-heal|p1b: Kyogre|60/100|[from] Grassy Terrain\n|-heal|p2b: Eva|51/100|[from] Grassy Terrain\n|-heal|p2a: Tripitz|72/100|[from] Grassy Terrain\n|upkeep\n|turn|3\n|\n|t:|1770289135\n|move|p2b: Eva|Protect|p2b: Eva\n|-singleturn|p2b: Eva|Protect\n|move|p1a: Calyrex|Seed Bomb|p2a: Tripitz\n|-supereffective|p2a: Tripitz\n|-damage|p2a: Tripitz|0 fnt\n|faint|p2a: Tripitz\n|-ability|p1a: Calyrex|Chilling Neigh|boost\n|-boost|p1a: Calyrex|atk|1\n|move|p1b: Kyogre|Origin Pulse|p2b: Eva\n|-activate|p2b: Eva|move: Protect\n|\n|-weather|RainDance|[upkeep]\n|-heal|p1a: Calyrex|49/100|[from] Grassy Terrain\n|-heal|p1b: Kyogre|66/100|[from] Grassy Terrain\n|-heal|p2b: Eva|57/100|[from] Grassy Terrain\n|upkeep\n|\n|t:|1770289149\n|switch|p2a: Hermann|Kingambit, L50, M, shiny|100/100\n|turn|4\n|\n|t:|1770289162\n|move|p1a: Calyrex|Protect|p1a: Calyrex\n|-singleturn|p1a: Calyrex|Protect\n|move|p2a: Hermann|Kowtow Cleave|p1b: Kyogre\n|-crit|p1b: Kyogre\n|-damage|p1b: Kyogre|0 fnt\n|faint|p1b: Kyogre\n|move|p2b: Eva|Triple Axel|p1a: Calyrex\n|-activate|p1a: Calyrex|move: Protect\n|\n|-weather|RainDance|[upkeep]\n|-heal|p1a: Calyrex|55/100|[from] Grassy Terrain\n|-heal|p2b: Eva|63/100|[from] Grassy Terrain\n|upkeep\n|\n|t:|1770289171\n|switch|p1b: Urshifu|Urshifu-Rapid-Strike, L50, M|100/100\n|turn|5\n|\n|t:|1770289185\n|move|p2b: Eva|Protect|p2b: Eva\n|-singleturn|p2b: Eva|Protect\n|move|p1a: Calyrex|Seed Bomb|p2b: Eva\n|-activate|p2b: Eva|move: Protect\n|move|p2a: Hermann|Iron Head|p1b: Urshifu\n|-resisted|p1b: Urshifu\n|-damage|p1b: Urshifu|79/100\n|move|p1b: Urshifu|Surging Strikes|p2a: Hermann\n|-crit|p2a: Hermann\n|-damage|p2a: Hermann|60/100\n|-crit|p2a: Hermann\n|-damage|p2a: Hermann|22/100\n|-crit|p2a: Hermann\n|-damage|p2a: Hermann|0 fnt\n|faint|p2a: Hermann\n|-hitcount|p2: Hermann|3\n|\n|-weather|none\n|-heal|p1a: Calyrex|60/100|[from] Grassy Terrain\n|-heal|p2b: Eva|69/100|[from] Grassy Terrain\n|-heal|p1b: Urshifu|85/100|[from] Grassy Terrain\n|-fieldend|move: Grassy Terrain\n|upkeep\n|\n|t:|1770289202\n|switch|p2a: Ludwig|Calyrex-Shadow, L50|100/100\n|-ability|p2a: Ludwig|As One\n|-ability|p2a: Ludwig|Unnerve\n|turn|6\n|\n|t:|1770289225\n|move|p1a: Calyrex|Seed Bomb|p2b: Eva\n|-supereffective|p2b: Eva\n|-damage|p2b: Eva|0 fnt\n|faint|p2b: Eva\n|-ability|p1a: Calyrex|Chilling Neigh|boost\n|-boost|p1a: Calyrex|atk|1\n|move|p1b: Urshifu|Surging Strikes|p2a: Ludwig\n|-crit|p2a: Ludwig\n|-damage|p2a: Ludwig|64/100\n|-crit|p2a: Ludwig\n|-damage|p2a: Ludwig|22/100\n|-crit|p2a: Ludwig\n|-damage|p2a: Ludwig|0 fnt\n|faint|p2a: Ludwig\n|-hitcount|p2: Ludwig|3\n|\n|win|not world\n|raw|not world's rating: 1544 &rarr; <strong>1562</strong><br />(+18 for winning)\n|raw|marcxhenry's rating: 1511 &rarr; <strong>1493</strong><br />(-18 for losing)\n|l|\u2606marcxhenry\n|player|p2|\n|l|\u2606not world\n|player|p1|\n","uploadtime":1770289426,"views":21,"formatid":"gen9vgc2026regi","rating":1493,"private":0,"password":null}