{"id":"gen9vgc2026regi-2578347867","format":"[Gen 9] VGC 2026 Reg I","players":["N jordan","garlic1"],"log":"|j|\u2606N jordan\n|j|\u2606garlic1\n|t:|1775670440\n|gametype|doubles\n|player|p1|N jordan|n|1290\n|player|p2|garlic1|bugcatcher-gen4dp|1188\n|gen|9\n|tier|[Gen 9] VGC 2026 Reg I\n|rated|\n|rule|Species Clause: Limit one of each Pok\u00e9mon\n|rule|Item Clause: Limit 1 of each item\n|clearpoke\n|poke|p1|Calyrex-Shadow, L50|\n|poke|p1|Tornadus, L50, M|\n|poke|p1|Zamazenta-*, L50|\n|poke|p1|Landorus-Therian, L50, M|\n|poke|p1|Typhlosion-Hisui, L50, F|\n|poke|p1|Chi-Yu, L50|\n|poke|p2|Flareon, L50, F|\n|poke|p2|Ursaluna, L50, M|\n|poke|p2|Calyrex-Ice, L50|\n|poke|p2|Torkoal, L50, M|\n|poke|p2|Zacian-*, L50|\n|poke|p2|Regirock, L50|\n|teampreview|4\n|inactive|Battle timer is ON: inactive players will automatically lose when time's up. (requested by garlic1)\n|inactive|N jordan has 60 seconds left.\n|inactive|N jordan has 30 seconds left.\n|inactive|N jordan has 20 seconds left.\n|inactive|N jordan has 15 seconds left.\n|inactive|N jordan has 10 seconds left.\n|inactive|N jordan has 5 seconds left.\n|\n|t:|1775670598\n|teamsize|p1|4\n|teamsize|p2|4\n|start\n|switch|p1a: Calyrex|Calyrex-Shadow, L50|100/100\n|switch|p1b: Tornadus|Tornadus, L50, M|100/100\n|switch|p2a: Flareon|Flareon, L50, F, shiny|100/100\n|switch|p2b: Calyrex|Calyrex-Ice, L50|100/100\n|-ability|p1a: Calyrex|As One\n|-ability|p1a: Calyrex|Unnerve\n|-ability|p2b: Calyrex|As One\n|-ability|p2b: Calyrex|Unnerve\n|turn|1\n|\n|t:|1775670611\n|-terastallize|p2b: Calyrex|Fire\n|move|p2a: Flareon|Protect|p2a: Flareon\n|-singleturn|p2a: Flareon|Protect\n|move|p1b: Tornadus|Substitute|p1b: Tornadus\n|-start|p1b: Tornadus|Substitute\n|-damage|p1b: Tornadus|76/100\n|move|p1a: Calyrex|Imprison|p1a: Calyrex\n|-start|p1a: Calyrex|move: Imprison\n|cant|p2b: Calyrex|move: Imprison|Trick Room\n|\n|-status|p2a: Flareon|tox|[from] item: Toxic Orb\n|upkeep\n|turn|2\n|\n|t:|1775670635\n|move|p1a: Calyrex|Astral Barrage|p2b: Calyrex|[spread] p2a,p2b\n|-damage|p2a: Flareon|36/100 tox\n|-damage|p2b: Calyrex|61/100\n|move|p1b: Tornadus|Bleakwind Storm|p2b: Calyrex|[spread] p2a,p2b\n|-damage|p2a: Flareon|0 fnt\n|-damage|p2b: Calyrex|33/100\n|faint|p2a: Flareon\n|move|p2b: Calyrex|Glacial Lance|p1b: Tornadus|[spread] p1a,p1b\n|-supereffective|p1b: Tornadus\n|-end|p1b: Tornadus|Substitute\n|-damage|p1a: Calyrex|31/100\n|\n|upkeep\n|\n|t:|1775670643\n|switch|p2a: Ursaluna|Ursaluna, L50, M|100/100\n|turn|3\n|\n|t:|1775670656\n|move|p1b: Tornadus|Substitute|p1b: Tornadus\n|-start|p1b: Tornadus|Substitute\n|-damage|p1b: Tornadus|51/100\n|move|p1a: Calyrex|Astral Barrage|p2b: Calyrex|[spread] p2b\n|-immune|p2a: Ursaluna\n|-damage|p2b: Calyrex|0 fnt\n|faint|p2b: Calyrex\n|-ability|p1a: Calyrex|Grim Neigh|boost\n|-boost|p1a: Calyrex|spa|1\n|move|p2a: Ursaluna|Facade|p1b: Tornadus\n|-end|p1b: Tornadus|Substitute\n|\n|-status|p2a: Ursaluna|brn|[from] item: Flame Orb\n|upkeep\n|\n|t:|1775670662\n|switch|p2b: Torkoal|Torkoal, L50, M|100/100\n|-weather|SunnyDay|[from] ability: Drought|[of] p2b: Torkoal\n|turn|4\n|\n|t:|1775670675\n|move|p1a: Calyrex|Astral Barrage|p2a: Ursaluna|[spread] p2b\n|-immune|p2a: Ursaluna\n|-damage|p2b: Torkoal|1/100\n|move|p1b: Tornadus|Bleakwind Storm|p2a: Ursaluna|[spread] p2a,p2b\n|-damage|p2a: Ursaluna|60/100 brn\n|-damage|p2b: Torkoal|0 fnt\n|faint|p2b: Torkoal\n|move|p2a: Ursaluna|Facade|p1b: Tornadus\n|-damage|p1b: Tornadus|0 fnt\n|faint|p1b: Tornadus\n|\n|-weather|SunnyDay|[upkeep]\n|-damage|p2a: Ursaluna|55/100 brn|[from] brn\n|upkeep\n|\n|t:|1775670683\n|switch|p1b: Zamazenta|Zamazenta-Crowned, L50|100/100\n|-ability|p1b: Zamazenta|Dauntless Shield|boost\n|-boost|p1b: Zamazenta|def|1\n|turn|5\n|\n|t:|1775670698\n|-terastallize|p1a: Calyrex|Fighting\n|move|p1a: Calyrex|Tera Blast|p2a: Ursaluna|[anim] Tera Blast Fighting\n|-supereffective|p2a: Ursaluna\n|-crit|p2a: Ursaluna\n|-damage|p2a: Ursaluna|0 fnt\n|faint|p2a: Ursaluna\n|\n|win|N jordan\n|raw|N jordan's rating: 1290 &rarr; <strong>1308</strong><br />(+18 for winning)\n|raw|garlic1's rating: 1188 &rarr; <strong>1170</strong><br />(-18 for losing)\n|l|\u2606garlic1\n|player|p2|\n|l|\u2606N jordan\n|player|p1|\n","uploadtime":1775670892,"views":8,"formatid":"gen9vgc2026regi","rating":1170,"private":0,"password":null}