{"id":"gen9vgc2026regi-2567690939","format":"[Gen 9] VGC 2026 Reg I","players":["CEExy","JERRY RIVERA"],"log":"|j|\u2606CEExy\n|j|\u2606JERRY RIVERA\n|t:|1774504614\n|gametype|doubles\n|player|p1|CEExy|hilbert|1376\n|player|p2|JERRY RIVERA|silver|1391\n|gen|9\n|tier|[Gen 9] VGC 2026 Reg I\n|rated|\n|rule|Species Clause: Limit one of each Pok\u00e9mon\n|rule|Item Clause: Limit 1 of each item\n|clearpoke\n|poke|p1|Miraidon, L50|\n|poke|p1|Incineroar, L50, M|\n|poke|p1|Ogerpon, L50, F|\n|poke|p1|Chien-Pao, L50|\n|poke|p1|Zamazenta-*, L50|\n|poke|p1|Volcarona, L50, F|\n|poke|p2|Kyogre, L50|\n|poke|p2|Calyrex-Shadow, L50|\n|poke|p2|Weezing-Galar, L50, M|\n|poke|p2|Dondozo, L50, M|\n|poke|p2|Tatsugiri-Droopy, L50, F|\n|poke|p2|Tornadus, L50, M|\n|teampreview|4\n|inactive|Battle timer is ON: inactive players will automatically lose when time's up. (requested by JERRY RIVERA)\n|\n|t:|1774504671\n|teamsize|p1|4\n|teamsize|p2|4\n|start\n|switch|p1a: Zamazenta|Zamazenta-Crowned, L50|100/100\n|switch|p1b: Ogerpon|Ogerpon, L50, F|100/100\n|switch|p2a: Kyogre|Kyogre, L50|100/100\n|switch|p2b: Vino|Calyrex-Shadow, L50|100/100\n|-ability|p2b: Vino|As One\n|-ability|p2b: Vino|Unnerve\n|-weather|RainDance|[from] ability: Drizzle|[of] p2a: Kyogre\n|-ability|p1a: Zamazenta|Dauntless Shield|boost\n|-boost|p1a: Zamazenta|def|1\n|turn|1\n|inactive|CEExy has 30 seconds left.\n|inactive|JERRY RIVERA has 30 seconds left.\n|inactive|CEExy has 20 seconds left.\n|inactive|JERRY RIVERA has 20 seconds left.\n|inactive|CEExy has 15 seconds left.\n|\n|t:|1774504713\n|-terastallize|p2a: Kyogre|Ghost\n|move|p2b: Vino|Protect|p2b: Vino\n|-singleturn|p2b: Vino|Protect\n|move|p2a: Kyogre|Ice Beam|p1b: Ogerpon\n|-supereffective|p1b: Ogerpon\n|-damage|p1b: Ogerpon|36/100\n|move|p1a: Zamazenta|Heavy Slam|p2b: Vino\n|-activate|p2b: Vino|move: Protect\n|move|p1b: Ogerpon|Ivy Cudgel|p2b: Vino\n|-activate|p2b: Vino|move: Protect\n|\n|-weather|RainDance|[upkeep]\n|upkeep\n|turn|2\n|inactive|CEExy has 30 seconds left.\n|\n|t:|1774504747\n|move|p1b: Ogerpon|Follow Me|p1b: Ogerpon\n|-singleturn|p1b: Ogerpon|move: Follow Me\n|move|p2a: Kyogre|Ice Beam|p1b: Ogerpon\n|-supereffective|p1b: Ogerpon\n|-damage|p1b: Ogerpon|0 fnt\n|faint|p1b: Ogerpon\n|move|p2b: Vino|Astral Barrage|p1a: Zamazenta\n|-damage|p1a: Zamazenta|39/100\n|-damage|p2b: Vino|91/100|[from] item: Life Orb\n|move|p1a: Zamazenta|Heavy Slam|p2b: Vino\n|-damage|p2b: Vino|35/100\n|\n|-weather|RainDance|[upkeep]\n|upkeep\n|\n|t:|1774504754\n|switch|p1b: Miraidon|Miraidon, L50|100/100\n|-fieldstart|move: Electric Terrain|[from] ability: Hadron Engine|[of] p1b: Miraidon\n|turn|3\n|\n|t:|1774504768\n|move|p1a: Zamazenta|Wide Guard|p1a: Zamazenta\n|-singleturn|p1a: Zamazenta|Wide Guard\n|move|p1b: Miraidon|Snarl|p2b: Vino|[spread] p2a,p2b\n|-supereffective|p2a: Kyogre\n|-supereffective|p2b: Vino\n|-damage|p2a: Kyogre|65/100\n|-damage|p2b: Vino|0 fnt\n|-unboost|p2a: Kyogre|spa|1\n|faint|p2b: Vino\n|move|p2a: Kyogre|Ice Beam|p1b: Miraidon\n|-supereffective|p1b: Miraidon\n|-damage|p1b: Miraidon|59/100\n|\n|-weather|RainDance|[upkeep]\n|upkeep\n|\n|t:|1774504774\n|switch|p2b: Chorizo|Dondozo, L50, M|100/100\n|turn|4\n|\n|t:|1774504796\n|switch|p1b: Volcarona|Volcarona, L50, F|100/100\n|-enditem|p1b: Volcarona|Electric Seed\n|-boost|p1b: Volcarona|def|1|[from] item: Electric Seed\n|switch|p2a: Tatsugiri|Tatsugiri-Droopy, L50, F|100/100\n|-activate|p2a: Tatsugiri|ability: Commander|[of] p2b: Chorizo\n|-boost|p2b: Chorizo|atk|2\n|-boost|p2b: Chorizo|spa|2\n|-boost|p2b: Chorizo|spe|2\n|-boost|p2b: Chorizo|def|2\n|-boost|p2b: Chorizo|spd|2\n|move|p1a: Zamazenta|Body Press|p2b: Chorizo\n|-crit|p2b: Chorizo\n|-damage|p2b: Chorizo|61/100\n|move|p2b: Chorizo|Body Press|p1a: Zamazenta\n|-supereffective|p1a: Zamazenta\n|-damage|p1a: Zamazenta|0 fnt\n|faint|p1a: Zamazenta\n|\n|-weather|RainDance|[upkeep]\n|-heal|p2b: Chorizo|68/100|[from] item: Leftovers\n|upkeep\n|\n|t:|1774504802\n|switch|p1a: Miraidon|Miraidon, L50|59/100\n|-activate|p1a: Miraidon|ability: Hadron Engine\n|turn|5\n|inactive|CEExy has 30 seconds left.\n|\n|t:|1774504835\n|-terastallize|p1b: Volcarona|Grass\n|move|p1a: Miraidon|Draco Meteor|p2b: Chorizo\n|-damage|p2b: Chorizo|33/100\n|-unboost|p1a: Miraidon|spa|2\n|move|p1b: Volcarona|Quiver Dance|p1b: Volcarona\n|-boost|p1b: Volcarona|spa|1\n|-boost|p1b: Volcarona|spd|1\n|-boost|p1b: Volcarona|spe|1\n|move|p2b: Chorizo|Earthquake|p1a: Miraidon|[spread] p1a,p1b\n|-miss|p2b: Chorizo|p2a: Tatsugiri\n|-supereffective|p1a: Miraidon\n|-resisted|p1b: Volcarona\n|-crit|p1b: Volcarona\n|-damage|p1a: Miraidon|0 fnt\n|-damage|p1b: Volcarona|71/100\n|faint|p1a: Miraidon\n|\n|-weather|none\n|-heal|p2b: Chorizo|40/100|[from] item: Leftovers\n|upkeep\n|turn|6\n|\n|t:|1774504857\n|move|p1b: Volcarona|Protect|p1b: Volcarona\n|-singleturn|p1b: Volcarona|Protect\n|move|p2b: Chorizo|Protect||[still]\n|-fail|p2b: Chorizo\n|\n|-heal|p2b: Chorizo|46/100|[from] item: Leftovers\n|upkeep\n|turn|7\n|\n|t:|1774504870\n|move|p1b: Volcarona|Fiery Dance|p2b: Chorizo\n|-resisted|p2b: Chorizo\n|-damage|p2b: Chorizo|40/100\n|-boost|p1b: Volcarona|spa|1\n|move|p2b: Chorizo|Body Press|p1b: Volcarona\n|-damage|p1b: Volcarona|22/100\n|\n|-heal|p2b: Chorizo|46/100|[from] item: Leftovers\n|-fieldend|move: Electric Terrain\n|upkeep\n|turn|8\n|\n|t:|1774504881\n|move|p1b: Volcarona|Quiver Dance|p1b: Volcarona\n|-boost|p1b: Volcarona|spa|1\n|-boost|p1b: Volcarona|spd|1\n|-boost|p1b: Volcarona|spe|1\n|move|p2b: Chorizo|Body Press|p1b: Volcarona\n|-damage|p1b: Volcarona|0 fnt\n|-status|p2b: Chorizo|brn|[from] ability: Flame Body|[of] p1b: Volcarona\n|faint|p1b: Volcarona\n|\n|win|JERRY RIVERA\n|raw|CEExy's rating: 1376 &rarr; <strong>1357</strong><br />(-19 for losing)\n|raw|JERRY RIVERA's rating: 1391 &rarr; <strong>1410</strong><br />(+19 for winning)\n|l|\u2606CEExy\n|player|p1|\n|l|\u2606JERRY RIVERA\n|player|p2|\n","uploadtime":1774505037,"views":10,"formatid":"gen9vgc2026regi","rating":1357,"private":0,"password":null}