{"id":"gen9vgc2026regi-2562078171","format":"[Gen 9] VGC 2026 Reg I","players":["Mirthinion","WrestlingDemon"],"log":"|j|\u2606Mirthinion\n|j|\u2606WrestlingDemon\n|t:|1773868938\n|gametype|doubles\n|player|p1|Mirthinion|janitor|1453\n|player|p2|WrestlingDemon|hiker-gen4|1397\n|gen|9\n|tier|[Gen 9] VGC 2026 Reg I\n|rated|\n|rule|Species Clause: Limit one of each Pok\u00e9mon\n|rule|Item Clause: Limit 1 of each item\n|clearpoke\n|poke|p1|Calyrex-Shadow, L50|\n|poke|p1|Zamazenta-*, L50|\n|poke|p1|Urshifu-*, L50, M|\n|poke|p1|Incineroar, L50, M|\n|poke|p1|Rillaboom, L50, M|\n|poke|p1|Tornadus, L50, M|\n|poke|p2|Terapagos, L50, M|\n|poke|p2|Miraidon, L50|\n|poke|p2|Urshifu-*, L50, M|\n|poke|p2|Incineroar, L50, M|\n|poke|p2|Sinistcha, L50|\n|poke|p2|Iron Treads, L50|\n|teampreview|4\n|inactive|Battle timer is ON: inactive players will automatically lose when time's up. (requested by Mirthinion)\nMirthinion rejected open team sheets.\n|inactive|Mirthinion has 60 seconds left.\n|\n|t:|1773868990\n|teamsize|p1|4\n|teamsize|p2|4\n|start\n|switch|p1a: Vangwe|Tornadus, L50, M|100/100\n|switch|p1b: Beowulf|Urshifu-Rapid-Strike, L50, M|100/100\n|switch|p2a: Terapagos|Terapagos, L50, M|100/100\n|switch|p2b: Miraidon|Miraidon, L50|100/100\n|-activate|p2a: Terapagos|ability: Tera Shift\n|detailschange|p2a: Terapagos|Terapagos-Terastal, L50, M\n|-heal|p2a: Terapagos|100/100|[silent]\n|-fieldstart|move: Electric Terrain|[from] ability: Hadron Engine|[of] p2b: Miraidon\n|-enditem|p2a: Terapagos|Electric Seed\n|-boost|p2a: Terapagos|def|1|[from] item: Electric Seed\n|turn|1\n|inactive|Mirthinion has 30 seconds left.\n|\n|t:|1773869017\n|switch|p2a: Sinistcha|Sinistcha, L50|100/100\n|move|p1a: Vangwe|Tailwind|p1a: Vangwe\n|-sidestart|p1: Mirthinion|move: Tailwind\n|move|p1b: Beowulf|Close Combat|p2b: Miraidon\n|-damage|p2b: Miraidon|21/100\n|-unboost|p1b: Beowulf|def|1\n|-unboost|p1b: Beowulf|spd|1\n|move|p2b: Miraidon|Volt Switch|p1a: Vangwe\n|-supereffective|p1a: Vangwe\n|-damage|p1a: Vangwe|0 fnt\n|faint|p1a: Vangwe\n|\n|t:|1773869029\n|switch|p2b: Terapagos|Terapagos-Terastal, L50, M|100/100|[from] Volt Switch\n|\n|upkeep\n|\n|t:|1773869036\n|switch|p1a: Mithrandir|Calyrex-Shadow, L50|100/100\n|-ability|p1a: Mithrandir|As One\n|-ability|p1a: Mithrandir|Unnerve\n|turn|2\n|\n|t:|1773869055\n|switch|p2a: Incineroar|Incineroar, L50, M|100/100\n|-ability|p2a: Incineroar|Intimidate|boost\n|-unboost|p1a: Mithrandir|atk|1\n|-unboost|p1b: Beowulf|atk|1\n|-terastallize|p2b: Terapagos|Stellar\n|detailschange|p2b: Terapagos|Terapagos-Stellar, L50, M, tera:Stellar\n|-heal|p2b: Terapagos|100/100|[silent]\n|-ability|p2b: Terapagos|Teraform Zero\n|-fieldend|move: Electric Terrain\n|move|p1a: Mithrandir|Astral Barrage|p2b: Terapagos|[spread] p2a\n|-immune|p2b: Terapagos\n|-resisted|p2a: Incineroar\n|-damage|p2a: Incineroar|81/100\n|move|p1b: Beowulf|Close Combat|p2b: Terapagos\n|-supereffective|p2b: Terapagos\n|-damage|p2b: Terapagos|28/100\n|-unboost|p1b: Beowulf|def|1\n|-unboost|p1b: Beowulf|spd|1\n|move|p2b: Terapagos|Tera Starstorm|p1a: Mithrandir|[spread] p1a,p1b\n|-damage|p1a: Mithrandir|64/100\n|-damage|p1b: Beowulf|0 fnt\n|faint|p1b: Beowulf\n|\n|upkeep\n|\n|t:|1773869076\n|switch|p1b: Drambor|Zamazenta-Crowned, L50|100/100\n|-ability|p1b: Drambor|Dauntless Shield|boost\n|-boost|p1b: Drambor|def|1\n|turn|3\n|\n|t:|1773869093\n|switch|p2a: Sinistcha|Sinistcha, L50|100/100\n|-heal|p2b: Terapagos|53/100|[from] ability: Hospitality|[of] p2a: Sinistcha\n|-terastallize|p1a: Mithrandir|Bug\n|move|p1a: Mithrandir|Pollen Puff|p2b: Terapagos\n|-damage|p2b: Terapagos|23/100\n|move|p1b: Drambor|Body Press|p2a: Sinistcha\n|-immune|p2a: Sinistcha\n|move|p2b: Terapagos|Earth Power|p1b: Drambor\n|-supereffective|p1b: Drambor\n|-damage|p1b: Drambor|42/100\n|\n|upkeep\n|turn|4\n|\n|t:|1773869113\n|move|p2a: Sinistcha|Rage Powder|p2a: Sinistcha\n|-singleturn|p2a: Sinistcha|move: Rage Powder\n|move|p1a: Mithrandir|Astral Barrage|p2a: Sinistcha|[spread] p2a\n|-immune|p2b: Terapagos\n|-supereffective|p2a: Sinistcha\n|-damage|p2a: Sinistcha|15/100\n|move|p1b: Drambor|Body Press|p2a: Sinistcha\n|-immune|p2a: Sinistcha\n|move|p2b: Terapagos|Earth Power|p1b: Drambor\n|-supereffective|p1b: Drambor\n|-damage|p1b: Drambor|0 fnt\n|faint|p1b: Drambor\n|\n|-sideend|p1: Mirthinion|move: Tailwind\n|upkeep\n|turn|5\n|\n|t:|1773869127\n|move|p2a: Sinistcha|Protect|p2a: Sinistcha\n|-singleturn|p2a: Sinistcha|Protect\n|move|p1a: Mithrandir|Astral Barrage|p2b: Terapagos|[spread] \n|-activate|p2a: Sinistcha|move: Protect\n|-immune|p2b: Terapagos\n|move|p2b: Terapagos|Tera Starstorm|p1a: Mithrandir\n|-supereffective|p1a: Mithrandir\n|-damage|p1a: Mithrandir|0 fnt\n|faint|p1a: Mithrandir\n|\n|win|WrestlingDemon\n|raw|Mirthinion's rating: 1453 &rarr; <strong>1430</strong><br />(-23 for losing)\n|raw|WrestlingDemon's rating: 1397 &rarr; <strong>1420</strong><br />(+23 for winning)\n|l|\u2606WrestlingDemon\n|player|p2|\n|c|\u2606Mirthinion|nicely done, wp\n","uploadtime":1773869140,"views":124,"formatid":"gen9vgc2026regi","rating":1420,"private":0,"password":null}