{"id":"gen9vgc2026regi-2568728646","format":"[Gen 9] VGC 2026 Reg I","players":["sunny_zong2","KaGMiel"],"log":"|j|\u2606sunny_zong2\n|j|\u2606KaGMiel\n|t:|1774618045\n|gametype|doubles\n|player|p1|sunny_zong2|170|1193\n|player|p2|KaGMiel|pokemaniac|1237\n|gen|9\n|tier|[Gen 9] VGC 2026 Reg I\n|rated|\n|rule|Species Clause: Limit one of each Pok\u00e9mon\n|rule|Item Clause: Limit 1 of each item\n|clearpoke\n|poke|p1|Typhlosion-Hisui, L50, M|\n|poke|p1|Calyrex-Shadow, L50|\n|poke|p1|Iron Valiant, L50|\n|poke|p1|Miraidon, L50|\n|poke|p1|Farigiraf, L50, M|\n|poke|p1|Whimsicott, L50, M|\n|poke|p2|Clefairy, L50, F|\n|poke|p2|Pikachu, L50, M|\n|poke|p2|Kyogre, L50|\n|poke|p2|Miraidon, L50|\n|poke|p2|Tornadus, L50, M|\n|poke|p2|Incineroar, L50, M|\n|teampreview|4\n|inactive|Battle timer is ON: inactive players will automatically lose when time's up. (requested by sunny_zong2)\n|\n|t:|1774618066\n|teamsize|p1|4\n|teamsize|p2|4\n|start\n|switch|p1a: Whimsicott|Whimsicott, L50, M|100/100\n|switch|p1b: Calyrex|Calyrex-Shadow, L50|100/100\n|switch|p2a: Tornadus|Tornadus, L50, M, shiny|100/100\n|switch|p2b: Incineroar|Incineroar, L50, M|100/100\n|-ability|p1b: Calyrex|As One\n|-ability|p1b: Calyrex|Unnerve\n|-ability|p2b: Incineroar|Intimidate|boost\n|-unboost|p1a: Whimsicott|atk|1\n|-unboost|p1b: Calyrex|atk|1\n|turn|1\n|\n|t:|1774618082\n|-terastallize|p1b: Calyrex|Ghost\n|move|p1a: Whimsicott|Tailwind|p1a: Whimsicott\n|-sidestart|p1: sunny_zong2|move: Tailwind\n|move|p2a: Tornadus|Tailwind|p2a: Tornadus\n|-sidestart|p2: KaGMiel|move: Tailwind\n|move|p1b: Calyrex|Astral Barrage|p2b: Incineroar|[spread] p2a,p2b\n|-resisted|p2b: Incineroar\n|-damage|p2a: Tornadus|0 fnt\n|-damage|p2b: Incineroar|68/100\n|faint|p2a: Tornadus\n|-ability|p1b: Calyrex|Grim Neigh|boost\n|-boost|p1b: Calyrex|spa|1\n|-damage|p1b: Calyrex|91/100|[from] item: Life Orb\n|move|p2b: Incineroar|Knock Off|p1b: Calyrex\n|-supereffective|p1b: Calyrex\n|-damage|p1b: Calyrex|0 fnt\n|-enditem|p1b: Calyrex|Life Orb|[from] move: Knock Off|[of] p2b: Incineroar\n|faint|p1b: Calyrex\n|\n|upkeep\n|\n|t:|1774618101\n|switch|p1b: Miraidon|Miraidon, L50|100/100\n|switch|p2a: Kyogre|Kyogre, L50|100/100\n|-fieldstart|move: Electric Terrain|[from] ability: Hadron Engine|[of] p1b: Miraidon\n|-weather|RainDance|[from] ability: Drizzle|[of] p2a: Kyogre\n|turn|2\n|\n|t:|1774618114\n|switch|p2b: Pikachu|Pikachu, L50, M, shiny|100/100\n|-terastallize|p2a: Kyogre|Water\n|move|p1a: Whimsicott|Fake Tears|p2a: Kyogre\n|-unboost|p2a: Kyogre|spd|2\n|move|p1b: Miraidon|Discharge|p2b: Pikachu|[spread] p1a,p2a\n|-ability|p2b: Pikachu|Lightning Rod|boost\n|-boost|p2b: Pikachu|spa|1\n|-resisted|p1a: Whimsicott\n|-supereffective|p2a: Kyogre\n|-damage|p1a: Whimsicott|42/100\n|-damage|p2a: Kyogre|0 fnt\n|faint|p2a: Kyogre\n|\n|-weather|RainDance|[upkeep]\n|upkeep\n|\n|t:|1774618127\n|switch|p2a: Incineroar|Incineroar, L50, M|68/100\n|-ability|p2a: Incineroar|Intimidate|boost\n|-unboost|p1a: Whimsicott|atk|1\n|-unboost|p1b: Miraidon|atk|1\n|turn|3\n|\n|t:|1774618153\n|switch|p1b: Iron Valiant|Iron Valiant, L50|100/100\n|-activate|p1b: Iron Valiant|ability: Quark Drive\n|-start|p1b: Iron Valiant|quarkdrivespe\n|move|p2a: Incineroar|Fake Out|p1b: Iron Valiant\n|-damage|p1b: Iron Valiant|86/100\n|move|p1a: Whimsicott|Moonblast|p2a: Incineroar\n|-damage|p2a: Incineroar|48/100\n|move|p2b: Pikachu|Electroweb|p1b: Iron Valiant|[spread] p1a,p1b\n|-resisted|p1a: Whimsicott\n|-damage|p1a: Whimsicott|12/100\n|-damage|p1b: Iron Valiant|0 fnt\n|faint|p1b: Iron Valiant\n|-end|p1b: Iron Valiant|Quark Drive|[silent]\n|\n|-weather|RainDance|[upkeep]\n|upkeep\n|\n|t:|1774618157\n|switch|p1b: Miraidon|Miraidon, L50|100/100\n|-activate|p1b: Miraidon|ability: Hadron Engine\n|turn|4\n|inactive|KaGMiel has 30 seconds left.\n|\n|t:|1774618182\n|move|p1a: Whimsicott|Fake Tears|p2b: Pikachu\n|-unboost|p2b: Pikachu|spd|2\n|move|p1b: Miraidon|Dazzling Gleam|p2b: Pikachu|[spread] p2a,p2b\n|-damage|p2a: Incineroar|18/100\n|-damage|p2b: Pikachu|0 fnt\n|faint|p2b: Pikachu\n|move|p2a: Incineroar|Flare Blitz|p1b: Miraidon\n|-resisted|p1b: Miraidon\n|-damage|p1b: Miraidon|88/100\n|-status|p1b: Miraidon|brn\n|-damage|p2a: Incineroar|15/100|[from] Recoil\n|\n|-weather|RainDance|[upkeep]\n|-damage|p1b: Miraidon|83/100 brn|[from] brn\n|-sideend|p2: KaGMiel|move: Tailwind\n|-sideend|p1: sunny_zong2|move: Tailwind\n|upkeep\n|turn|5\n|-message|KaGMiel forfeited.\n|\n|win|sunny_zong2\n|raw|sunny_zong2's rating: 1193 &rarr; <strong>1221</strong><br />(+28 for winning)\n|raw|KaGMiel's rating: 1237 &rarr; <strong>1209</strong><br />(-28 for losing)\n|l|\u2606KaGMiel\n|player|p2|\n|l|\u2606sunny_zong2\n|player|p1|\n","uploadtime":1774618348,"views":13,"formatid":"gen9vgc2026regi","rating":1209,"private":0,"password":null}