{"id":"gen9vgc2026regi-2577936612","format":"[Gen 9] VGC 2026 Reg I","players":["floptropica123","EllenJoe2026"],"log":"|j|\u2606floptropica123\n|j|\u2606EllenJoe2026\n|t:|1775623079\n|gametype|doubles\n|player|p1|floptropica123|pokemaniac|1435\n|player|p2|EllenJoe2026|elesa|1587\n|gen|9\n|tier|[Gen 9] VGC 2026 Reg I\n|rated|\n|rule|Species Clause: Limit one of each Pok\u00e9mon\n|rule|Item Clause: Limit 1 of each item\n|clearpoke\n|poke|p1|Calyrex-Shadow, L50|\n|poke|p1|Koraidon, L50|\n|poke|p1|Chi-Yu, L50|\n|poke|p1|Walking Wake, L50|\n|poke|p1|Brute Bonnet, L50|\n|poke|p1|Weezing-Galar, L50, M|\n|poke|p2|Calyrex-Ice, L50|\n|poke|p2|Miraidon, L50|\n|poke|p2|Tornadus, L50, M|\n|poke|p2|Urshifu-*, L50, F|\n|poke|p2|Volcarona, L50, F|\n|poke|p2|Indeedee-F, L50, F|\n|teampreview|4\n|inactive|Battle timer is ON: inactive players will automatically lose when time's up. (requested by EllenJoe2026)\n|j| Rg89\n|\n|t:|1775623104\n|teamsize|p1|4\n|teamsize|p2|4\n|start\n|switch|p1a: Weezing|Weezing-Galar, L50, M|100/100\n|switch|p1b: Koraidon|Koraidon, L50|100/100\n|switch|p2a: Urshifu|Urshifu-Rapid-Strike, L50, F|100/100\n|switch|p2b: Tornadus|Tornadus, L50, M, shiny|100/100\n|-ability|p1a: Weezing|Neutralizing Gas\n|-block|p1b: Koraidon|item: Ability Shield\n|-weather|SunnyDay|[from] ability: Orichalcum Pulse|[of] p1b: Koraidon\n|-activate|p1b: Koraidon|Orichalcum Pulse|[source]\n|turn|1\n|inactive|floptropica123 has 30 seconds left.\n|\n|t:|1775623135\n|move|p2a: Urshifu|Close Combat|p1b: Koraidon\n|-damage|p1b: Koraidon|45/100\n|-unboost|p2a: Urshifu|def|1\n|-unboost|p2a: Urshifu|spd|1\n|move|p2b: Tornadus|Tailwind|p2b: Tornadus\n|-sidestart|p2: EllenJoe2026|move: Tailwind\n|move|p1b: Koraidon|Flare Blitz|p2b: Tornadus\n|-enditem|p2b: Tornadus|Focus Sash\n|-damage|p2b: Tornadus|1/100\n|-damage|p1b: Koraidon|20/100|[from] Recoil\n|move|p1a: Weezing|Poison Gas|p2a: Urshifu|[spread] p2b\n|-miss|p1a: Weezing|p2a: Urshifu\n|-status|p2b: Tornadus|psn\n|\n|-weather|SunnyDay|[upkeep]\n|-damage|p2b: Tornadus|0 fnt|[from] psn\n|faint|p2b: Tornadus\n|upkeep\n|\n|t:|1775623149\n|switch|p2b: Calyrex|Calyrex-Ice, L50|100/100\n|-ability|p2b: Calyrex|As One\n|-ability|p2b: Calyrex|Unnerve\n|turn|2\n|\n|t:|1775623170\n|switch|p1b: Calyrex|Calyrex-Shadow, L50|100/100\n|-ability|p1b: Calyrex|As One\n|-ability|p1b: Calyrex|Unnerve\n|move|p2a: Urshifu|Close Combat|p1a: Weezing\n|-resisted|p1a: Weezing\n|-damage|p1a: Weezing|86/100\n|-unboost|p2a: Urshifu|def|1\n|-unboost|p2a: Urshifu|spd|1\n|move|p2b: Calyrex|Glacial Lance|p1b: Calyrex|[spread] p1a,p1b\n|-damage|p1a: Weezing|35/100\n|-damage|p1b: Calyrex|28/100\n|move|p1a: Weezing|Poison Gas|p2b: Calyrex|[spread] p2a,p2b\n|-status|p2a: Urshifu|psn\n|-status|p2b: Calyrex|psn\n|\n|-weather|SunnyDay|[upkeep]\n|-damage|p2a: Urshifu|88/100 psn|[from] psn\n|-damage|p2b: Calyrex|88/100 psn|[from] psn\n|upkeep\n|turn|3\n|inactive|floptropica123 has 30 seconds left.\n|inactive|EllenJoe2026 has 30 seconds left.\n|inactive|floptropica123 has 20 seconds left.\n|inactive|floptropica123 has 15 seconds left.\n|\n|t:|1775623213\n|move|p2a: Urshifu|Close Combat|p1a: Weezing\n|-resisted|p1a: Weezing\n|-damage|p1a: Weezing|21/100\n|-unboost|p2a: Urshifu|def|1\n|-unboost|p2a: Urshifu|spd|1\n|move|p2b: Calyrex|Glacial Lance|p1a: Weezing|[spread] p1a,p1b\n|-crit|p1b: Calyrex\n|-damage|p1a: Weezing|0 fnt\n|-damage|p1b: Calyrex|0 fnt\n|faint|p1a: Weezing\n|-end|p1a: Weezing|ability: Neutralizing Gas\n|faint|p1b: Calyrex\n|-ability|p2b: Calyrex|Chilling Neigh|boost\n|-boost|p2b: Calyrex|atk|2\n|\n|-weather|SunnyDay|[upkeep]\n|-damage|p2a: Urshifu|75/100 psn|[from] psn\n|-damage|p2b: Calyrex|76/100 psn|[from] psn\n|upkeep\n|\n|t:|1775623226\n|switch|p1b: Chi-Yu|Chi-Yu, L50|100/100\n|switch|p1a: Koraidon|Koraidon, L50|20/100\n|-ability|p1b: Chi-Yu|Beads of Ruin\n|-activate|p1a: Koraidon|ability: Orichalcum Pulse\n|turn|4\n|\n|t:|1775623242\n|-terastallize|p1b: Chi-Yu|Ghost\n|move|p1a: Koraidon|Protect|p1a: Koraidon\n|-singleturn|p1a: Koraidon|Protect\n|move|p2a: Urshifu|Close Combat|p1a: Koraidon\n|-damage|p1a: Koraidon|0 fnt\n|-unboost|p2a: Urshifu|def|1\n|-unboost|p2a: Urshifu|spd|1\n|faint|p1a: Koraidon\n|move|p1b: Chi-Yu|Heat Wave|p2b: Calyrex|[spread] p2a,p2b\n|-resisted|p2a: Urshifu\n|-supereffective|p2b: Calyrex\n|-damage|p2a: Urshifu|0 fnt\n|-damage|p2b: Calyrex|0 fnt\n|faint|p2a: Urshifu\n|faint|p2b: Calyrex\n|\n|-weather|SunnyDay|[upkeep]\n|-sideend|p2: EllenJoe2026|move: Tailwind\n|upkeep\n|j| CrazyyBoi\n|\n|t:|1775623262\n|switch|p2b: Miraidon|Miraidon, L50, shiny|100/100\n|-fieldstart|move: Electric Terrain|[from] ability: Hadron Engine|[of] p2b: Miraidon\n|turn|5\n|\n|t:|1775623266\n|move|p1b: Chi-Yu|Heat Wave|p2b: Miraidon\n|-resisted|p2b: Miraidon\n|-damage|p2b: Miraidon|51/100\n|-status|p2b: Miraidon|brn\n|move|p2b: Miraidon|Electro Drift|p1b: Chi-Yu\n|-damage|p1b: Chi-Yu|0 fnt\n|faint|p1b: Chi-Yu\n|\n|win|EllenJoe2026\n|raw|floptropica123's rating: 1435 &rarr; <strong>1423</strong><br />(-12 for losing)\n|raw|EllenJoe2026's rating: 1587 &rarr; <strong>1599</strong><br />(+12 for winning)\n|l|\u2606floptropica123\n|player|p1|\n|l| Rg89\n|l|\u2606EllenJoe2026\n|player|p2|\n|j|\u2606EllenJoe2026\n|player|p2|EllenJoe2026|elesa|\n|l|\u2606EllenJoe2026\n|player|p2|\n","uploadtime":1775623441,"views":7,"formatid":"gen9vgc2026regi","rating":1423,"private":0,"password":null}