{"id":"gen9vgc2026regi-2528493512","format":"[Gen 9] VGC 2026 Reg I","players":["mnmnmnmnm6","GAPDHC"],"log":"|j|\u2606mnmnmnmnm6\n|j|\u2606GAPDHC\n|t:|1769664588\n|gametype|doubles\n|player|p1|mnmnmnmnm6|169|1447\n|player|p2|GAPDHC|ruinmaniac|1468\n|gen|9\n|tier|[Gen 9] VGC 2026 Reg I\n|rated|\n|rule|Species Clause: Limit one of each Pok\u00e9mon\n|rule|Item Clause: Limit 1 of each item\n|clearpoke\n|poke|p1|Miraidon, L50|\n|poke|p1|Landorus-Therian, L50, M|\n|poke|p1|Farigiraf, L50, M|\n|poke|p1|Chi-Yu, L50|\n|poke|p1|Chien-Pao, L50|\n|poke|p1|Zamazenta-*, L50|\n|poke|p2|Calyrex-Shadow, L50|\n|poke|p2|Eternatus, L50|\n|poke|p2|Grimmsnarl, L50, M|\n|poke|p2|Rillaboom, L50, F|\n|poke|p2|Dondozo, L50, M|\n|poke|p2|Tatsugiri-Droopy, L50, M|\n|teampreview|4\n|inactive|Battle timer is ON: inactive players will automatically lose when time's up. (requested by mnmnmnmnm6)\n|inactive|mnmnmnmnm6 has 60 seconds left.\n|\n|t:|1769664620\n|teamsize|p1|4\n|teamsize|p2|4\n|start\n|switch|p1a: Zamazenta|Zamazenta-Crowned, L50|100/100\n|switch|p1b: Chien-Pao|Chien-Pao, L50|100/100\n|switch|p2a: Grimmsnarl|Grimmsnarl, L50, M|100/100\n|switch|p2b: Eternatus|Eternatus, L50|100/100\n|-ability|p1b: Chien-Pao|Sword of Ruin\n|-ability|p2b: Eternatus|Pressure\n|-ability|p1a: Zamazenta|Dauntless Shield|boost\n|-boost|p1a: Zamazenta|def|1\n|turn|1\n|\n|t:|1769664634\n|move|p2a: Grimmsnarl|Reflect|p2a: Grimmsnarl\n|-sidestart|p2: GAPDHC|Reflect\n|move|p1b: Chien-Pao|Icicle Crash|p2b: Eternatus\n|-supereffective|p2b: Eternatus\n|-damage|p2b: Eternatus|40/100\n|move|p2b: Eternatus|Toxic|p1b: Chien-Pao\n|-status|p1b: Chien-Pao|tox\n|move|p1a: Zamazenta|Body Press|p2b: Eternatus\n|-resisted|p2b: Eternatus\n|-damage|p2b: Eternatus|13/100\n|\n|-damage|p1b: Chien-Pao|95/100 tox|[from] psn\n|upkeep\n|turn|2\n|\n|t:|1769664647\n|move|p1b: Chien-Pao|Throat Chop|p2b: Eternatus\n|-damage|p2b: Eternatus|0 fnt\n|faint|p2b: Eternatus\n|move|p1a: Zamazenta|Heavy Slam|p2a: Grimmsnarl\n|-supereffective|p2a: Grimmsnarl\n|-crit|p2a: Grimmsnarl\n|-damage|p2a: Grimmsnarl|0 fnt\n|faint|p2a: Grimmsnarl\n|\n|-damage|p1b: Chien-Pao|83/100 tox|[from] psn\n|upkeep\n|\n|t:|1769664655\n|switch|p2b: Dondozo|Dondozo, L50, M|100/100\n|switch|p2a: Tatsugiri|Tatsugiri-Droopy, L50, M|100/100\n|-activate|p2a: Tatsugiri|ability: Commander|[of] p2b: Dondozo\n|-boost|p2b: Dondozo|atk|2\n|-boost|p2b: Dondozo|spa|2\n|-boost|p2b: Dondozo|spe|2\n|-boost|p2b: Dondozo|def|2\n|-boost|p2b: Dondozo|spd|2\n|turn|3\n|\n|t:|1769664670\n|switch|p1b: Miraidon|Miraidon, L50|100/100\n|-fieldstart|move: Electric Terrain|[from] ability: Hadron Engine|[of] p1b: Miraidon\n|move|p1a: Zamazenta|Body Press|p2b: Dondozo\n|-damage|p2b: Dondozo|89/100\n|move|p2b: Dondozo|Order Up|p1b: Miraidon\n|-supereffective|p1b: Miraidon\n|-damage|p1b: Miraidon|11/100\n|-boost|p2b: Dondozo|def|1\n|\n|-heal|p2b: Dondozo|95/100|[from] item: Leftovers\n|upkeep\n|turn|4\n|\n|t:|1769664684\n|move|p2b: Dondozo|Protect|p2b: Dondozo\n|-singleturn|p2b: Dondozo|Protect\n|move|p1b: Miraidon|Electro Drift|p2b: Dondozo\n|-activate|p2b: Dondozo|move: Protect\n|move|p1a: Zamazenta|Body Press|p2b: Dondozo\n|-activate|p2b: Dondozo|move: Protect\n|\n|-heal|p2b: Dondozo|100/100|[from] item: Leftovers\n|upkeep\n|turn|5\n|\n|t:|1769664692\n|-terastallize|p2b: Dondozo|Electric\n|move|p1b: Miraidon|Electro Drift|p2b: Dondozo\n|-resisted|p2b: Dondozo\n|-damage|p2b: Dondozo|73/100\n|-damage|p1b: Miraidon|2/100|[from] item: Life Orb\n|move|p1a: Zamazenta|Body Press|p2b: Dondozo\n|-damage|p2b: Dondozo|63/100\n|move|p2b: Dondozo|Order Up|p1b: Miraidon\n|-supereffective|p1b: Miraidon\n|-damage|p1b: Miraidon|0 fnt\n|faint|p1b: Miraidon\n|-boost|p2b: Dondozo|def|1\n|\n|-heal|p2b: Dondozo|69/100|[from] item: Leftovers\n|upkeep\n|\n|t:|1769664707\n|switch|p1b: Landorus|Landorus-Therian, L50, M|100/100\n|-ability|p1b: Landorus|Intimidate|boost\n|-unboost|p2a: Tatsugiri|atk|1\n|-unboost|p2b: Dondozo|atk|1\n|turn|6\n|\n|t:|1769664714\n|move|p1a: Zamazenta|Protect|p1a: Zamazenta\n|-singleturn|p1a: Zamazenta|Protect\n|move|p2b: Dondozo|Protect|p2b: Dondozo\n|-singleturn|p2b: Dondozo|Protect\n|move|p1b: Landorus|Bulldoze|p2b: Dondozo|[spread] \n|-miss|p1b: Landorus|p2a: Tatsugiri\n|-activate|p1a: Zamazenta|move: Protect\n|-activate|p2b: Dondozo|move: Protect\n|\n|-heal|p2b: Dondozo|75/100|[from] item: Leftovers\n|upkeep\n|turn|7\n|\n|t:|1769664725\n|move|p1a: Zamazenta|Body Press|p2b: Dondozo\n|-damage|p2b: Dondozo|68/100\n|move|p2b: Dondozo|Order Up|p1b: Landorus\n|-damage|p1b: Landorus|68/100\n|-boost|p2b: Dondozo|def|1\n|move|p1b: Landorus|Stomping Tantrum|p2b: Dondozo\n|-supereffective|p2b: Dondozo\n|-damage|p2b: Dondozo|47/100\n|\n|-heal|p2b: Dondozo|53/100|[from] item: Leftovers\n|-fieldend|move: Electric Terrain\n|upkeep\n|turn|8\n|\n|t:|1769664742\n|move|p1a: Zamazenta|Protect|p1a: Zamazenta\n|-singleturn|p1a: Zamazenta|Protect\n|move|p2b: Dondozo|Body Press|p1b: Landorus\n|-resisted|p1b: Landorus\n|-damage|p1b: Landorus|32/100\n|move|p1b: Landorus|U-turn|p2b: Dondozo\n|-damage|p2b: Dondozo|49/100\n|\n|t:|1769664749\n|switch|p1b: Chien-Pao|Chien-Pao, L50|83/100 tox|[from] U-turn\n|-ability|p1b: Chien-Pao|Sword of Ruin\n|\n|-heal|p2b: Dondozo|55/100|[from] item: Leftovers\n|-damage|p1b: Chien-Pao|77/100 tox|[from] psn\n|-sideend|p2: GAPDHC|Reflect\n|upkeep\n|turn|9\n|\n|t:|1769664758\n|move|p1b: Chien-Pao|Icicle Crash|p2b: Dondozo\n|-damage|p2b: Dondozo|44/100\n|move|p1a: Zamazenta|Body Press|p2b: Dondozo\n|-damage|p2b: Dondozo|32/100\n|move|p2b: Dondozo|Body Press|p1b: Chien-Pao\n|-supereffective|p1b: Chien-Pao\n|-damage|p1b: Chien-Pao|0 fnt\n|faint|p1b: Chien-Pao\n|\n|-heal|p2b: Dondozo|38/100|[from] item: Leftovers\n|upkeep\n|\n|t:|1769664766\n|switch|p1b: Landorus|Landorus-Therian, L50, M|32/100\n|-ability|p1b: Landorus|Intimidate|boost\n|-unboost|p2a: Tatsugiri|atk|1\n|-unboost|p2b: Dondozo|atk|1\n|turn|10\n|\n|t:|1769664771\n|move|p2b: Dondozo|Protect|p2b: Dondozo\n|-singleturn|p2b: Dondozo|Protect\n|move|p1a: Zamazenta|Body Press|p2b: Dondozo\n|-activate|p2b: Dondozo|move: Protect\n|move|p1b: Landorus|Stomping Tantrum|p2b: Dondozo\n|-activate|p2b: Dondozo|move: Protect\n|\n|-heal|p2b: Dondozo|44/100|[from] item: Leftovers\n|upkeep\n|turn|11\n|\n|t:|1769664778\n|move|p1a: Zamazenta|Body Press|p2b: Dondozo\n|-damage|p2b: Dondozo|34/100\n|move|p2b: Dondozo|Body Press|p1b: Landorus\n|-resisted|p1b: Landorus\n|-damage|p1b: Landorus|0 fnt\n|faint|p1b: Landorus\n|\n|-heal|p2b: Dondozo|40/100|[from] item: Leftovers\n|upkeep\n|turn|12\n|\n|t:|1769664786\n|move|p2b: Dondozo|Protect|p2b: Dondozo\n|-singleturn|p2b: Dondozo|Protect\n|move|p1a: Zamazenta|Body Press|p2b: Dondozo\n|-activate|p2b: Dondozo|move: Protect\n|\n|-heal|p2b: Dondozo|46/100|[from] item: Leftovers\n|upkeep\n|turn|13\n|\n|t:|1769664789\n|move|p1a: Zamazenta|Body Press|p2b: Dondozo\n|-damage|p2b: Dondozo|36/100\n|move|p2b: Dondozo|Body Press|p1a: Zamazenta\n|-supereffective|p1a: Zamazenta\n|-damage|p1a: Zamazenta|23/100\n|\n|-heal|p2b: Dondozo|41/100|[from] item: Leftovers\n|upkeep\n|turn|14\n|-message|mnmnmnmnm6 forfeited.\n|\n|win|GAPDHC\n|raw|mnmnmnmnm6's rating: 1447 &rarr; <strong>1428</strong><br />(-19 for losing)\n|raw|GAPDHC's rating: 1468 &rarr; <strong>1487</strong><br />(+19 for winning)\n|l|\u2606mnmnmnmnm6\n|player|p1|\n|l|\u2606GAPDHC\n|player|p2|\n","uploadtime":1769665006,"views":32,"formatid":"gen9vgc2026regi","rating":1428,"private":0,"password":null}