{"id":"gen9vgc2026regi-2527618485","format":"[Gen 9] VGC 2026 Reg I","players":["Kankz","cdogp3"],"log":"|j|\u2606Kankz\n|j|\u2606cdogp3\n|t:|1769555602\n|gametype|doubles\n|player|p1|Kankz|firebreather|1186\n|player|p2|cdogp3|hoopster|1409\n|gen|9\n|tier|[Gen 9] VGC 2026 Reg I\n|rated|\n|rule|Species Clause: Limit one of each Pok\u00e9mon\n|rule|Item Clause: Limit 1 of each item\n|clearpoke\n|poke|p1|Koraidon, L50|\n|poke|p1|Amoonguss, L50, M|\n|poke|p1|Rillaboom, L50, F|\n|poke|p1|Urshifu-*, L50, F|\n|poke|p1|Flutter Mane, L50|\n|poke|p1|Incineroar, L50, F|\n|poke|p2|Kyogre, L50|\n|poke|p2|Roaring Moon, L50|\n|poke|p2|Amoonguss, L50, F|\n|poke|p2|Landorus, L50, M|\n|poke|p2|Chien-Pao, L50|\n|poke|p2|Zamazenta-*, L50|\n|teampreview|4\n|inactive|Battle timer is ON: inactive players will automatically lose when time's up. (requested by cdogp3)\n|\n|t:|1769555628\n|teamsize|p1|4\n|teamsize|p2|4\n|start\n|switch|p1a: Rillaboom|Rillaboom, L50, F|100/100\n|switch|p1b: Flutter Mane|Flutter Mane, L50|100/100\n|switch|p2a: Chien-Pao|Chien-Pao, L50|100/100\n|switch|p2b: Landorus|Landorus, L50, M|100/100\n|-ability|p2a: Chien-Pao|Sword of Ruin\n|-fieldstart|move: Grassy Terrain|[from] ability: Grassy Surge|[of] p1a: Rillaboom\n|turn|1\n|\n|t:|1769555641\n|-terastallize|p2b: Landorus|Ghost\n|move|p2a: Chien-Pao|Protect|p2a: Chien-Pao\n|-singleturn|p2a: Chien-Pao|Protect\n|move|p1a: Rillaboom|Fake Out|p2b: Landorus\n|-immune|p2b: Landorus\n|move|p2b: Landorus|Earth Power|p1b: Flutter Mane\n|-damage|p1b: Flutter Mane|38/100\n|move|p1b: Flutter Mane|Icy Wind|p2b: Landorus|[spread] p2b\n|-activate|p2a: Chien-Pao|move: Protect\n|-damage|p2b: Landorus|81/100\n|-unboost|p2b: Landorus|spe|1\n|\n|-heal|p1b: Flutter Mane|44/100|[from] Grassy Terrain\n|-heal|p2b: Landorus|87/100|[from] Grassy Terrain\n|upkeep\n|turn|2\n|\n|t:|1769555658\n|switch|p2b: Roaring Moon|Roaring Moon, L50, shiny|100/100\n|-enditem|p2b: Roaring Moon|Booster Energy\n|-activate|p2b: Roaring Moon|ability: Protosynthesis|[fromitem]\n|-start|p2b: Roaring Moon|protosynthesisspe\n|move|p2a: Chien-Pao|Sucker Punch|p1b: Flutter Mane\n|-damage|p1b: Flutter Mane|0 fnt\n|faint|p1b: Flutter Mane\n|-end|p1b: Flutter Mane|Protosynthesis|[silent]\n|move|p1a: Rillaboom|Grassy Glide|p2a: Chien-Pao\n|-damage|p2a: Chien-Pao|51/100\n|\n|-heal|p2a: Chien-Pao|57/100|[from] Grassy Terrain\n|upkeep\n|\n|t:|1769555678\n|switch|p1b: Incineroar|Incineroar, L50, F|100/100\n|-ability|p1b: Incineroar|Intimidate|boost\n|-unboost|p2a: Chien-Pao|atk|1\n|-unboost|p2b: Roaring Moon|atk|1\n|turn|3\n|\n|t:|1769555689\n|move|p2b: Roaring Moon|Protect|p2b: Roaring Moon\n|-singleturn|p2b: Roaring Moon|Protect\n|move|p2a: Chien-Pao|Protect|p2a: Chien-Pao\n|-singleturn|p2a: Chien-Pao|Protect\n|move|p1b: Incineroar|Fake Out|p2b: Roaring Moon\n|-activate|p2b: Roaring Moon|move: Protect\n|move|p1a: Rillaboom|U-turn|p2b: Roaring Moon\n|-activate|p2b: Roaring Moon|move: Protect\n|\n|-heal|p2a: Chien-Pao|63/100|[from] Grassy Terrain\n|upkeep\n|turn|4\n|\n|t:|1769555713\n|switch|p1a: Urshifu|Urshifu-Rapid-Strike, L50, F|100/100\n|move|p2b: Roaring Moon|Knock Off|p1a: Urshifu\n|-resisted|p1a: Urshifu\n|-damage|p1a: Urshifu|78/100\n|-enditem|p1a: Urshifu|Mystic Water|[from] move: Knock Off|[of] p2b: Roaring Moon\n|move|p2a: Chien-Pao|Ice Spinner|p1a: Urshifu\n|-resisted|p1a: Urshifu\n|-damage|p1a: Urshifu|60/100\n|-fieldend|move: Grassy Terrain\n|move|p1b: Incineroar|Flare Blitz|p2a: Chien-Pao\n|-supereffective|p2a: Chien-Pao\n|-damage|p2a: Chien-Pao|0 fnt\n|faint|p2a: Chien-Pao\n|-damage|p1b: Incineroar|85/100|[from] Recoil\n|\n|upkeep\n|\n|t:|1769555719\n|switch|p2a: Kyogre|Kyogre, L50|100/100\n|-weather|RainDance|[from] ability: Drizzle|[of] p2a: Kyogre\n|turn|5\n|\n|t:|1769555730\n|switch|p1b: Rillaboom|Rillaboom, L50, F|100/100\n|-fieldstart|move: Grassy Terrain|[from] ability: Grassy Surge|[of] p1b: Rillaboom\n|move|p2b: Roaring Moon|Tailwind|p2b: Roaring Moon\n|-sidestart|p2: cdogp3|move: Tailwind\n|move|p2a: Kyogre|Water Spout|p1a: Urshifu|[spread] p1a,p1b\n|-resisted|p1a: Urshifu\n|-resisted|p1b: Rillaboom\n|-damage|p1a: Urshifu|0 fnt\n|-damage|p1b: Rillaboom|54/100\n|faint|p1a: Urshifu\n|\n|-weather|RainDance|[upkeep]\n|-heal|p1b: Rillaboom|60/100|[from] Grassy Terrain\n|upkeep\n|\n|t:|1769555741\n|switch|p1a: Incineroar|Incineroar, L50, F|85/100\n|-ability|p1a: Incineroar|Intimidate|boost\n|-unboost|p2a: Kyogre|atk|1\n|-unboost|p2b: Roaring Moon|atk|1\n|turn|6\n|\n|t:|1769555752\n|-terastallize|p1a: Incineroar|Grass\n|move|p2b: Roaring Moon|Protect|p2b: Roaring Moon\n|-singleturn|p2b: Roaring Moon|Protect\n|move|p2a: Kyogre|Protect|p2a: Kyogre\n|-singleturn|p2a: Kyogre|Protect\n|move|p1a: Incineroar|Fake Out|p2b: Roaring Moon\n|-activate|p2b: Roaring Moon|move: Protect\n|move|p1b: Rillaboom|Wood Hammer|p2a: Kyogre\n|-activate|p2a: Kyogre|move: Protect\n|\n|-weather|RainDance|[upkeep]\n|-heal|p1b: Rillaboom|66/100|[from] Grassy Terrain\n|-heal|p1a: Incineroar|91/100|[from] Grassy Terrain\n|upkeep\n|turn|7\n|\n|t:|1769555766\n|move|p2b: Roaring Moon|Knock Off|p1b: Rillaboom\n|-damage|p1b: Rillaboom|42/100\n|-enditem|p1b: Rillaboom|Assault Vest|[from] move: Knock Off|[of] p2b: Roaring Moon\n|move|p2a: Kyogre|Origin Pulse|p1a: Incineroar|[spread] \n|-miss|p2a: Kyogre|p1a: Incineroar\n|-miss|p2a: Kyogre|p1b: Rillaboom\n|move|p1b: Rillaboom|Wood Hammer|p2a: Kyogre\n|-supereffective|p2a: Kyogre\n|-damage|p2a: Kyogre|0 fnt\n|faint|p2a: Kyogre\n|-damage|p1b: Rillaboom|13/100|[from] Recoil\n|move|p1a: Incineroar|Knock Off|p2b: Roaring Moon\n|-resisted|p2b: Roaring Moon\n|-damage|p2b: Roaring Moon|85/100\n|\n|-weather|RainDance|[upkeep]\n|-heal|p2b: Roaring Moon|91/100|[from] Grassy Terrain\n|-heal|p1b: Rillaboom|19/100|[from] Grassy Terrain\n|-heal|p1a: Incineroar|97/100|[from] Grassy Terrain\n|upkeep\n|\n|t:|1769555772\n|switch|p2a: Landorus|Landorus, L50, M, tera:Ghost|87/100\n|turn|8\n|\n|t:|1769555782\n|move|p2b: Roaring Moon|Acrobatics|p1b: Rillaboom\n|-supereffective|p1b: Rillaboom\n|-damage|p1b: Rillaboom|0 fnt\n|faint|p1b: Rillaboom\n|move|p2a: Landorus|Sludge Bomb|p1a: Incineroar\n|-supereffective|p1a: Incineroar\n|-damage|p1a: Incineroar|26/100\n|move|p1a: Incineroar|Knock Off|p2a: Landorus\n|-supereffective|p2a: Landorus\n|-damage|p2a: Landorus|0 fnt\n|-enditem|p2a: Landorus|Choice Scarf|[from] move: Knock Off|[of] p1a: Incineroar\n|faint|p2a: Landorus\n|\n|-weather|RainDance|[upkeep]\n|-heal|p2b: Roaring Moon|97/100|[from] Grassy Terrain\n|-heal|p1a: Incineroar|32/100|[from] Grassy Terrain\n|-sideend|p2: cdogp3|move: Tailwind\n|upkeep\n|turn|9\n|\n|t:|1769555797\n|move|p2b: Roaring Moon|Acrobatics|p1a: Incineroar\n|-supereffective|p1a: Incineroar\n|-damage|p1a: Incineroar|0 fnt\n|-damage|p2b: Roaring Moon|81/100|[from] item: Rocky Helmet|[of] p1a: Incineroar\n|faint|p1a: Incineroar\n|\n|win|cdogp3\n|raw|Kankz's rating: 1186 &rarr; <strong>1175</strong><br />(-11 for losing)\n|raw|cdogp3's rating: 1409 &rarr; <strong>1418</strong><br />(+9 for winning)\n|l|\u2606Kankz\n|player|p1|\n","uploadtime":1769555942,"views":11,"formatid":"gen9vgc2026regi","rating":1175,"private":0,"password":null}