{"id":"gen9vgc2026regi-2544192431","format":"[Gen 9] VGC 2026 Reg I","players":["mtsmlxs","BanKingambit69247"],"log":"|j|\u2606mtsmlxs\n|j|\u2606BanKingambit69247\n|t:|1771675436\n|gametype|doubles\n|player|p1|mtsmlxs|blue|1218\n|player|p2|BanKingambit69247|102|1303\n|gen|9\n|tier|[Gen 9] VGC 2026 Reg I\n|rated|\n|rule|Species Clause: Limit one of each Pok\u00e9mon\n|rule|Item Clause: Limit 1 of each item\n|clearpoke\n|poke|p1|Lugia, L50|\n|poke|p1|Zamazenta-*, L50|\n|poke|p1|Raging Bolt, L50|\n|poke|p1|Volcarona, L50, F|\n|poke|p1|Rillaboom, L50, F|\n|poke|p1|Whimsicott, L50, F|\n|poke|p2|Calyrex-Shadow, L50|\n|poke|p2|Zamazenta-*, L50|\n|poke|p2|Chien-Pao, L50|\n|poke|p2|Dragonite, L50, M|\n|poke|p2|Rillaboom, L50, F|\n|poke|p2|Incineroar, L50, F|\n|teampreview|4\n|inactive|Battle timer is ON: inactive players will automatically lose when time's up. (requested by BanKingambit69247)\n|\n|t:|1771675464\n|teamsize|p1|4\n|teamsize|p2|4\n|start\n|switch|p1a: Lugia|Lugia, L50, shiny|100/100\n|switch|p1b: Whimsicott|Whimsicott, L50, F, shiny|100/100\n|switch|p2a: \u70ab\u70ab\u70ab\u70ab\u70ab\u70ab\u70ab\u70ab\ud83d\udc36\ud83d\udc36\ud83d\udc36|Zamazenta-Crowned, L50|100/100\n|switch|p2b: \u5976\u9f99\u6c34\u725b\u7b11.mp4|Dragonite, L50, M|100/100\n|-ability|p2a: \u70ab\u70ab\u70ab\u70ab\u70ab\u70ab\u70ab\u70ab\ud83d\udc36\ud83d\udc36\ud83d\udc36|Dauntless Shield|boost\n|-boost|p2a: \u70ab\u70ab\u70ab\u70ab\u70ab\u70ab\u70ab\u70ab\ud83d\udc36\ud83d\udc36\ud83d\udc36|def|1\n|turn|1\n|\n|t:|1771675480\n|-terastallize|p2b: \u5976\u9f99\u6c34\u725b\u7b11.mp4|Normal\n|move|p2b: \u5976\u9f99\u6c34\u725b\u7b11.mp4|Extreme Speed|p1a: Lugia\n|-damage|p1a: Lugia|75/100\n|move|p2a: \u70ab\u70ab\u70ab\u70ab\u70ab\u70ab\u70ab\u70ab\ud83d\udc36\ud83d\udc36\ud83d\udc36|Heavy Slam|p1b: Whimsicott\n|-supereffective|p1b: Whimsicott\n|-damage|p1b: Whimsicott|4/100\n|-enditem|p1b: Whimsicott|Lansat Berry|[eat]\n|-start|p1b: Whimsicott|move: Focus Energy\n|move|p1b: Whimsicott|Fling||[still]\n|-fail|p1b: Whimsicott\n|move|p1a: Lugia|Aeroblast|p2a: \u70ab\u70ab\u70ab\u70ab\u70ab\u70ab\u70ab\u70ab\ud83d\udc36\ud83d\udc36\ud83d\udc36\n|-damage|p2a: \u70ab\u70ab\u70ab\u70ab\u70ab\u70ab\u70ab\u70ab\ud83d\udc36\ud83d\udc36\ud83d\udc36|66/100\n|\n|upkeep\n|turn|2\n|\n|t:|1771675501\n|-terastallize|p1b: Whimsicott|Ghost\n|move|p2b: \u5976\u9f99\u6c34\u725b\u7b11.mp4|Extreme Speed|p1a: Lugia\n|-damage|p1a: Lugia|28/100\n|move|p1b: Whimsicott|Tailwind|p1b: Whimsicott\n|-sidestart|p1: mtsmlxs|move: Tailwind\n|move|p1a: Lugia|Earth Power|p2a: \u70ab\u70ab\u70ab\u70ab\u70ab\u70ab\u70ab\u70ab\ud83d\udc36\ud83d\udc36\ud83d\udc36\n|-supereffective|p2a: \u70ab\u70ab\u70ab\u70ab\u70ab\u70ab\u70ab\u70ab\ud83d\udc36\ud83d\udc36\ud83d\udc36\n|-damage|p2a: \u70ab\u70ab\u70ab\u70ab\u70ab\u70ab\u70ab\u70ab\ud83d\udc36\ud83d\udc36\ud83d\udc36|29/100\n|move|p2a: \u70ab\u70ab\u70ab\u70ab\u70ab\u70ab\u70ab\u70ab\ud83d\udc36\ud83d\udc36\ud83d\udc36|Body Press|p1b: Whimsicott\n|-immune|p1b: Whimsicott\n|\n|upkeep\n|turn|3\n|inactive|mtsmlxs has 30 seconds left.\n|\n|t:|1771675532\n|switch|p1a: Zamazenta|Zamazenta-Crowned, L50, shiny|100/100\n|-ability|p1a: Zamazenta|Dauntless Shield|boost\n|-boost|p1a: Zamazenta|def|1\n|move|p2b: \u5976\u9f99\u6c34\u725b\u7b11.mp4|Extreme Speed|p1a: Zamazenta\n|-resisted|p1a: Zamazenta\n|-damage|p1a: Zamazenta|87/100\n|move|p1b: Whimsicott|Moonblast|p2a: \u70ab\u70ab\u70ab\u70ab\u70ab\u70ab\u70ab\u70ab\ud83d\udc36\ud83d\udc36\ud83d\udc36\n|-crit|p2a: \u70ab\u70ab\u70ab\u70ab\u70ab\u70ab\u70ab\u70ab\ud83d\udc36\ud83d\udc36\ud83d\udc36\n|-damage|p2a: \u70ab\u70ab\u70ab\u70ab\u70ab\u70ab\u70ab\u70ab\ud83d\udc36\ud83d\udc36\ud83d\udc36|0 fnt\n|faint|p2a: \u70ab\u70ab\u70ab\u70ab\u70ab\u70ab\u70ab\u70ab\ud83d\udc36\ud83d\udc36\ud83d\udc36\n|\n|upkeep\n|\n|t:|1771675541\n|switch|p2a: \u90a3\u6211\u7f3a\u7684\u5636\u9e23\u8fd9\u4e00\u5757\u8c01\u7ed9\u6211\u8865\u554a\u267f\u267f\u267f|Calyrex-Shadow, L50|100/100\n|-ability|p2a: \u90a3\u6211\u7f3a\u7684\u5636\u9e23\u8fd9\u4e00\u5757\u8c01\u7ed9\u6211\u8865\u554a\u267f\u267f\u267f|As One\n|-ability|p2a: \u90a3\u6211\u7f3a\u7684\u5636\u9e23\u8fd9\u4e00\u5757\u8c01\u7ed9\u6211\u8865\u554a\u267f\u267f\u267f|Unnerve\n|turn|4\n|\n|t:|1771675552\n|switch|p2b: \u795e\u7684\u4f1f\u5927\u65e0\u9700\u591a\u8a00|Incineroar, L50, F|100/100\n|-ability|p2b: \u795e\u7684\u4f1f\u5927\u65e0\u9700\u591a\u8a00|Intimidate|boost\n|-unboost|p1a: Zamazenta|atk|1\n|-unboost|p1b: Whimsicott|atk|1\n|move|p1b: Whimsicott|Protect|p1b: Whimsicott\n|-singleturn|p1b: Whimsicott|Protect\n|move|p1a: Zamazenta|Body Press|p2b: \u795e\u7684\u4f1f\u5927\u65e0\u9700\u591a\u8a00\n|-supereffective|p2b: \u795e\u7684\u4f1f\u5927\u65e0\u9700\u591a\u8a00\n|-damage|p2b: \u795e\u7684\u4f1f\u5927\u65e0\u9700\u591a\u8a00|0 fnt\n|faint|p2b: \u795e\u7684\u4f1f\u5927\u65e0\u9700\u591a\u8a00\n|move|p2a: \u90a3\u6211\u7f3a\u7684\u5636\u9e23\u8fd9\u4e00\u5757\u8c01\u7ed9\u6211\u8865\u554a\u267f\u267f\u267f|Psychic|p1b: Whimsicott\n|-activate|p1b: Whimsicott|move: Protect\n|\n|upkeep\n|\n|t:|1771675554\n|switch|p2b: \u5976\u9f99\u6c34\u725b\u7b11.mp4|Dragonite, L50, M, tera:Normal|100/100\n|turn|5\n|\n|t:|1771675573\n|switch|p1b: Volcarona|Volcarona, L50, F, shiny|100/100\n|move|p1a: Zamazenta|Body Press|p2b: \u5976\u9f99\u6c34\u725b\u7b11.mp4\n|-supereffective|p2b: \u5976\u9f99\u6c34\u725b\u7b11.mp4\n|-crit|p2b: \u5976\u9f99\u6c34\u725b\u7b11.mp4\n|-damage|p2b: \u5976\u9f99\u6c34\u725b\u7b11.mp4|0 fnt\n|faint|p2b: \u5976\u9f99\u6c34\u725b\u7b11.mp4\n|move|p2a: \u90a3\u6211\u7f3a\u7684\u5636\u9e23\u8fd9\u4e00\u5757\u8c01\u7ed9\u6211\u8865\u554a\u267f\u267f\u267f|Astral Barrage|p1a: Zamazenta|[spread] p1a,p1b\n|-damage|p1a: Zamazenta|47/100\n|-damage|p1b: Volcarona|55/100\n|\n|-heal|p1b: Volcarona|61/100|[from] item: Leftovers\n|-sideend|p1: mtsmlxs|move: Tailwind\n|upkeep\n|turn|6\n|\n|t:|1771675589\n|move|p1a: Zamazenta|Wide Guard|p1a: Zamazenta\n|-singleturn|p1a: Zamazenta|Wide Guard\n|move|p2a: \u90a3\u6211\u7f3a\u7684\u5636\u9e23\u8fd9\u4e00\u5757\u8c01\u7ed9\u6211\u8865\u554a\u267f\u267f\u267f|Encore|p1a: Zamazenta\n|-start|p1a: Zamazenta|Encore\n|move|p1b: Volcarona|Quiver Dance|p1b: Volcarona\n|-boost|p1b: Volcarona|spa|1\n|-boost|p1b: Volcarona|spd|1\n|-boost|p1b: Volcarona|spe|1\n|\n|-heal|p1b: Volcarona|67/100|[from] item: Leftovers\n|upkeep\n|turn|7\n|\n|t:|1771675606\n|move|p1a: Zamazenta|Wide Guard|p1a: Zamazenta\n|-singleturn|p1a: Zamazenta|Wide Guard\n|move|p1b: Volcarona|Struggle Bug|p2a: \u90a3\u6211\u7f3a\u7684\u5636\u9e23\u8fd9\u4e00\u5757\u8c01\u7ed9\u6211\u8865\u554a\u267f\u267f\u267f\n|-crit|p2a: \u90a3\u6211\u7f3a\u7684\u5636\u9e23\u8fd9\u4e00\u5757\u8c01\u7ed9\u6211\u8865\u554a\u267f\u267f\u267f\n|-damage|p2a: \u90a3\u6211\u7f3a\u7684\u5636\u9e23\u8fd9\u4e00\u5757\u8c01\u7ed9\u6211\u8865\u554a\u267f\u267f\u267f|51/100\n|-unboost|p2a: \u90a3\u6211\u7f3a\u7684\u5636\u9e23\u8fd9\u4e00\u5757\u8c01\u7ed9\u6211\u8865\u554a\u267f\u267f\u267f|spa|1\n|move|p2a: \u90a3\u6211\u7f3a\u7684\u5636\u9e23\u8fd9\u4e00\u5757\u8c01\u7ed9\u6211\u8865\u554a\u267f\u267f\u267f|Encore|p1b: Volcarona\n|-start|p1b: Volcarona|Encore\n|\n|-heal|p1b: Volcarona|73/100|[from] item: Leftovers\n|upkeep\n|turn|8\n|\n|t:|1771675618\n|move|p1a: Zamazenta|Wide Guard|p1a: Zamazenta\n|-singleturn|p1a: Zamazenta|Wide Guard\n|move|p1b: Volcarona|Struggle Bug|p2a: \u90a3\u6211\u7f3a\u7684\u5636\u9e23\u8fd9\u4e00\u5757\u8c01\u7ed9\u6211\u8865\u554a\u267f\u267f\u267f\n|-damage|p2a: \u90a3\u6211\u7f3a\u7684\u5636\u9e23\u8fd9\u4e00\u5757\u8c01\u7ed9\u6211\u8865\u554a\u267f\u267f\u267f|15/100\n|-unboost|p2a: \u90a3\u6211\u7f3a\u7684\u5636\u9e23\u8fd9\u4e00\u5757\u8c01\u7ed9\u6211\u8865\u554a\u267f\u267f\u267f|spa|1\n|move|p2a: \u90a3\u6211\u7f3a\u7684\u5636\u9e23\u8fd9\u4e00\u5757\u8c01\u7ed9\u6211\u8865\u554a\u267f\u267f\u267f|Psychic|p1b: Volcarona\n|-damage|p1b: Volcarona|58/100\n|\n|-heal|p1b: Volcarona|64/100|[from] item: Leftovers\n|upkeep\n|turn|9\n|-message|BanKingambit69247 forfeited.\n|\n|win|mtsmlxs\n|raw|mtsmlxs's rating: 1218 &rarr; <strong>1249</strong><br />(+31 for winning)\n|raw|BanKingambit69247's rating: 1303 &rarr; <strong>1278</strong><br />(-25 for losing)\n|l|\u2606BanKingambit69247\n|player|p2|\n|c|\u2606mtsmlxs|xxz\u6842\u4e0b\n|l|\u2606mtsmlxs\n|player|p1|\n","uploadtime":1771675639,"views":15,"formatid":"gen9vgc2026regi","rating":1249,"private":0,"password":null}