{"id":"gen9vgc2026regi-2530499579","format":"[Gen 9] VGC 2026 Reg I","players":["tendent_64","SEITA"],"log":"|j|\u2606tendent_64\n|j|\u2606SEITA\n|t:|1769926827\n|gametype|doubles\n|player|p1|tendent_64|bugcatcher-gen4dp|1097\n|player|p2|SEITA|169|1186\n|gen|9\n|tier|[Gen 9] VGC 2026 Reg I\n|rated|\n|rule|Species Clause: Limit one of each Pok\u00e9mon\n|rule|Item Clause: Limit 1 of each item\n|clearpoke\n|poke|p1|Calyrex-Ice, L50|\n|poke|p1|Zacian-*, L50|\n|poke|p1|Urshifu-*, L50, F|\n|poke|p1|Amoonguss, L50, F|\n|poke|p1|Pelipper, L50, M|\n|poke|p1|Raging Bolt, L50|\n|poke|p2|Zamazenta-*, L50|\n|poke|p2|Kyogre, L50|\n|poke|p2|Grimmsnarl, L50, M|\n|poke|p2|Landorus, L50, M|\n|poke|p2|Wo-Chien, L50|\n|poke|p2|Ditto, L50|\n|teampreview|4\n|\n|t:|1769926859\n|teamsize|p1|4\n|teamsize|p2|4\n|start\n|switch|p1a: Calyrex|Calyrex-Ice, L50|100/100\n|switch|p1b: Pelipper|Pelipper, L50, M|100/100\n|switch|p2a: Grimmsnarl|Grimmsnarl, L50, M|100/100\n|switch|p2b: Zamazenta|Zamazenta-Crowned, L50|100/100\n|-ability|p1a: Calyrex|As One\n|-ability|p1a: Calyrex|Unnerve\n|-ability|p2b: Zamazenta|Dauntless Shield|boost\n|-boost|p2b: Zamazenta|def|1\n|-weather|RainDance|[from] ability: Drizzle|[of] p1b: Pelipper\n|turn|1\n|l|\u2606tendent_64\n|player|p1|\n|j|\u2606tendent_64\n|player|p1|tendent_64|bugcatcher-gen4dp|\n|\n|t:|1769926915\n|move|p2a: Grimmsnarl|Light Screen|p2a: Grimmsnarl\n|-sidestart|p2: SEITA|move: Light Screen\n|move|p2b: Zamazenta|Iron Defense|p2b: Zamazenta\n|-boost|p2b: Zamazenta|def|2\n|move|p1b: Pelipper|Weather Ball|p2b: Zamazenta\n|-damage|p2b: Zamazenta|66/100\n|move|p1a: Calyrex|Trick Room|p1a: Calyrex\n|-fieldstart|move: Trick Room|[of] p1a: Calyrex\n|\n|-weather|RainDance|[upkeep]\n|upkeep\n|turn|2\n|\n|t:|1769926947\n|move|p2b: Zamazenta|Protect|p2b: Zamazenta\n|-singleturn|p2b: Zamazenta|Protect\n|move|p2a: Grimmsnarl|Reflect|p2a: Grimmsnarl\n|-sidestart|p2: SEITA|Reflect\n|move|p1a: Calyrex|High Horsepower|p2b: Zamazenta\n|-activate|p2b: Zamazenta|move: Protect\n|move|p1b: Pelipper|Weather Ball|p2b: Zamazenta\n|-activate|p2b: Zamazenta|move: Protect\n|\n|-weather|RainDance|[upkeep]\n|upkeep\n|turn|3\n|\n|t:|1769926995\n|-terastallize|p2b: Zamazenta|Grass\n|move|p2a: Grimmsnarl|Parting Shot|p1b: Pelipper\n|-unboost|p1b: Pelipper|atk|1\n|-unboost|p1b: Pelipper|spa|1\n|\n|t:|1769927001\n|switch|p2a: Wo-Chien|Wo-Chien, L50|100/100|[from] Parting Shot\n|-ability|p2a: Wo-Chien|Tablets of Ruin\n|move|p1a: Calyrex|Glacial Lance|p2a: Wo-Chien|[spread] p2a,p2b\n|-supereffective|p2a: Wo-Chien\n|-supereffective|p2b: Zamazenta\n|-damage|p2a: Wo-Chien|50/100\n|-damage|p2b: Zamazenta|52/100\n|move|p1b: Pelipper|Hurricane|p2b: Zamazenta\n|-supereffective|p2b: Zamazenta\n|-damage|p2b: Zamazenta|21/100\n|move|p2b: Zamazenta|Body Press|p1a: Calyrex\n|-damage|p1a: Calyrex|52/100\n|\n|-weather|RainDance|[upkeep]\n|-heal|p2a: Wo-Chien|57/100|[from] item: Leftovers\n|upkeep\n|turn|4\n|\n|t:|1769927070\n|move|p1a: Calyrex|Glacial Lance|p2b: Zamazenta|[spread] p2a,p2b\n|-supereffective|p2a: Wo-Chien\n|-supereffective|p2b: Zamazenta\n|-damage|p2a: Wo-Chien|6/100\n|-damage|p2b: Zamazenta|7/100\n|move|p2a: Wo-Chien|Pollen Puff|p2b: Zamazenta\n|-heal|p2b: Zamazenta|57/100\n|move|p1b: Pelipper|Hurricane|p2b: Zamazenta\n|-supereffective|p2b: Zamazenta\n|-damage|p2b: Zamazenta|24/100\n|move|p2b: Zamazenta|Body Press|p1a: Calyrex\n|-damage|p1a: Calyrex|2/100\n|\n|-weather|RainDance|[upkeep]\n|-heal|p2a: Wo-Chien|12/100|[from] item: Leftovers\n|upkeep\n|turn|5\n|\n|t:|1769927103\n|move|p1a: Calyrex|Protect|p1a: Calyrex\n|-singleturn|p1a: Calyrex|Protect\n|move|p2a: Wo-Chien|Protect|p2a: Wo-Chien\n|-singleturn|p2a: Wo-Chien|Protect\n|move|p2b: Zamazenta|Protect|p2b: Zamazenta\n|-singleturn|p2b: Zamazenta|Protect\n|move|p1b: Pelipper|Hurricane|p2b: Zamazenta\n|-activate|p2b: Zamazenta|move: Protect\n|\n|-weather|none\n|-heal|p2a: Wo-Chien|19/100|[from] item: Leftovers\n|-fieldend|move: Trick Room\n|upkeep\n|turn|6\n|\n|t:|1769927135\n|switch|p1b: Zacian|Zacian-Crowned, L50|100/100\n|-ability|p1b: Zacian|Intrepid Sword|boost\n|-boost|p1b: Zacian|atk|1\n|move|p2b: Zamazenta|Body Press|p1a: Calyrex\n|-damage|p1a: Calyrex|0 fnt\n|faint|p1a: Calyrex\n|move|p2a: Wo-Chien|Pollen Puff|p2b: Zamazenta\n|-heal|p2b: Zamazenta|74/100\n|\n|-heal|p2a: Wo-Chien|25/100|[from] item: Leftovers\n|upkeep\n|\n|t:|1769927146\n|switch|p1a: Pelipper|Pelipper, L50, M|100/100\n|-weather|RainDance|[from] ability: Drizzle|[of] p1a: Pelipper\n|turn|7\n|\n|t:|1769927173\n|switch|p2a: Ditto|Ditto, L50|100/100\n|-transform|p2a: Ditto|p1b: Zacian|[from] ability: Imposter\n|-ability|p2a: Ditto|Intrepid Sword|boost\n|-boost|p2a: Ditto|atk|1\n|move|p1b: Zacian|Sacred Sword|p2a: Ditto\n|-damage|p2a: Ditto|68/100\n|move|p2b: Zamazenta|Body Press|p1b: Zacian\n|-damage|p1b: Zacian|0 fnt\n|faint|p1b: Zacian\n|move|p1a: Pelipper|Hurricane|p2b: Zamazenta\n|-supereffective|p2b: Zamazenta\n|-damage|p2b: Zamazenta|31/100\n|\n|-weather|RainDance|[upkeep]\n|upkeep\n|\n|t:|1769927192\n|switch|p1b: Urshifu|Urshifu-Rapid-Strike, L50, F|100/100\n|turn|8\n|-message|tendent_64 forfeited.\n|\n|win|SEITA\n|raw|tendent_64's rating: 1097 &rarr; <strong>1079</strong><br />(-18 for losing)\n|raw|SEITA's rating: 1186 &rarr; <strong>1205</strong><br />(+19 for winning)\n|l|\u2606tendent_64\n|player|p1|\n|l|\u2606SEITA\n|player|p2|\n","uploadtime":1769927513,"views":15,"formatid":"gen9vgc2026regi","rating":1079,"private":0,"password":null}