{"id":"gen9vgc2026regi-2563856015","format":"[Gen 9] VGC 2026 Reg I","players":["realcomrade379","FightOrGardeflight"],"log":"|j|\u2606realcomrade379\n|j|\u2606FightOrGardeflight\n|html|<table width=\"100%\"><tr><td align=\"left\">realcomrade379</td><td align=\"right\">FightOrGardeflight</tr><tr><td align=\"left\"><i class=\"fa fa-circle-o\"></i> <i class=\"fa fa-circle-o\"></i> </td><td align=\"right\"><i class=\"fa fa-circle-o\"></i> <i class=\"fa fa-circle\"></i> </tr></table>\n|uhtml|bestof|<h2><strong>Game 2</strong> of <a href=\"/game-bestof3-gen9vgc2026regi-2563854281\">a best-of-3</a></h2>\n|t:|1774072292\n|gametype|doubles\n|player|p1|realcomrade379|shadowtriad|\n|player|p2|FightOrGardeflight|miku-ghost|\n|gen|9\n|tier|[Gen 9] VGC 2026 Reg I\n|rated|Tournament battle\n|rule|Species Clause: Limit one of each Pok\u00e9mon\n|rule|Item Clause: Limit 1 of each item\n|raw|<div class=\"infobox\"><details class=\"readmore\" open><summary><strong>4 custom rules:</strong></summary> Open Team Sheets, Force Open Team Sheets, !Open Team Sheets, Best of = 3</details></div>\n|clearpoke\n|poke|p1|Miraidon, L50|\n|poke|p1|Calyrex-Ice, L50|\n|poke|p1|Urshifu-*, L50, F|\n|poke|p1|Incineroar, L50, F|\n|poke|p1|Landorus, L50, M|\n|poke|p1|Grimmsnarl, L50, M|\n|poke|p2|Weezing-Galar, L50, F|\n|poke|p2|Koraidon, L50|\n|poke|p2|Calyrex-Ice, L50|\n|poke|p2|Brute Bonnet, L50|\n|poke|p2|Chi-Yu, L50|\n|poke|p2|Raging Bolt, L50|\n|teampreview|4\n|showteam|p1|Miraidon||ChoiceSpecs|HadronEngine|ElectroDrift,VoltSwitch,DracoMeteor,DazzlingGleam||||||50|,,,,,Fairy]Calyrex-Ice||Leftovers|AsOneGlastrier|Protect,TrickRoom,LeechSeed,GlacialLance||||||50|,,,,,Water]Urshifu-Rapid-Strike||ChoiceBand|UnseenFist|SurgingStrikes,CloseCombat,Uturn,AquaJet|||F|||50|,,,,,Ghost]Incineroar||AssaultVest|Intimidate|FlareBlitz,KnockOff,Uturn,FakeOut|||F|||50|,,,,,Grass]Landorus||LifeOrb|SheerForce|Protect,Taunt,SludgeBomb,EarthPower|||M|||50|,,,,,Water]Grimmsnarl||LightClay|Prankster|SpiritBreak,LightScreen,Reflect,ThunderWave|||M|||50|,,,,,Ghost\n|showteam|p2|Weezing-Galar||CovertCloak|NeutralizingGas|StrangeSteam,Taunt,Protect,WillOWisp|||F|||50|,,,,,Grass]Koraidon||AbilityShield|OrichalcumPulse|CollisionCourse,FlareBlitz,FlameCharge,Protect||||||50|,,,,,Fire]Calyrex-Ice||ClearAmulet|AsOneGlastrier|GlacialLance,CloseCombat,TrickRoom,Protect||||||50|,,,,,Fairy]Brute Bonnet||RoomService|Protosynthesis|Spore,RagePowder,SuckerPunch,SeedBomb||||||50|,,,,,Fire]Chi-Yu||ChoiceScarf|BeadsofRuin|HeatWave,DarkPulse,Flamethrower,Overheat||||||50|,,,,,Grass]Raging Bolt||AssaultVest|Protosynthesis|Thunderbolt,DragonPulse,Thunderclap,DracoMeteor||||||50|,,,,,Water\n|inactive|Battle timer is ON: inactive players will automatically lose when time's up. (requested by FightOrGardeflight)\n|\n|t:|1774072312\n|teamsize|p1|4\n|teamsize|p2|4\n|start\n|switch|p1a: Miraidon|Miraidon, L50|100/100\n|switch|p1b: Landorus|Landorus, L50, M|100/100\n|switch|p2a: Weezing|Weezing-Galar, L50, F|100/100\n|switch|p2b: Koraidon|Koraidon, L50|100/100\n|-ability|p2a: Weezing|Neutralizing Gas\n|-block|p2b: Koraidon|item: Ability Shield\n|-weather|SunnyDay|[from] ability: Orichalcum Pulse|[of] p2b: Koraidon\n|-activate|p2b: Koraidon|Orichalcum Pulse|[source]\n|turn|1\n|\n|t:|1774072335\n|-terastallize|p2b: Koraidon|Fire\n|move|p2a: Weezing|Protect|p2a: Weezing\n|-singleturn|p2a: Weezing|Protect\n|move|p2b: Koraidon|Flare Blitz|p1b: Landorus\n|-damage|p1b: Landorus|0 fnt\n|faint|p1b: Landorus\n|-damage|p2b: Koraidon|65/100|[from] Recoil\n|move|p1a: Miraidon|Draco Meteor|p2b: Koraidon\n|-damage|p2b: Koraidon|0 fnt\n|-unboost|p1a: Miraidon|spa|2\n|faint|p2b: Koraidon\n|\n|-weather|SunnyDay|[upkeep]\n|upkeep\n|\n|t:|1774072349\n|switch|p2b: Raging Bolt|Raging Bolt, L50|100/100\n|switch|p1b: Incineroar|Incineroar, L50, F|100/100\n|turn|2\n|\n|t:|1774072358\n|switch|p1a: Calyrex|Calyrex-Ice, L50|100/100\n|-ability|p1a: Calyrex|As One\n|-ability|p1a: Calyrex|Unnerve\n|move|p1b: Incineroar|Knock Off|p2b: Raging Bolt\n|-damage|p2b: Raging Bolt|67/100\n|-enditem|p2b: Raging Bolt|Assault Vest|[from] move: Knock Off|[of] p1b: Incineroar\n|move|p2b: Raging Bolt|Thunderbolt|p1b: Incineroar\n|-damage|p1b: Incineroar|63/100\n|move|p2a: Weezing|Strange Steam|p1a: Calyrex\n|-damage|p1a: Calyrex|84/100\n|\n|-weather|SunnyDay|[upkeep]\n|-heal|p1a: Calyrex|90/100|[from] item: Leftovers\n|upkeep\n|turn|3\n|\n|t:|1774072381\n|-end|p2b: Raging Bolt|Protosynthesis|[silent]\n|switch|p2b: Chi-Yu|Chi-Yu, L50|100/100\n|move|p1a: Calyrex|Protect|p1a: Calyrex\n|-singleturn|p1a: Calyrex|Protect\n|move|p1b: Incineroar|Flare Blitz|p2a: Weezing\n|-damage|p2a: Weezing|46/100\n|-damage|p1b: Incineroar|47/100|[from] Recoil\n|move|p2a: Weezing|Will-O-Wisp|p1a: Calyrex\n|-activate|p1a: Calyrex|move: Protect\n|\n|-weather|SunnyDay|[upkeep]\n|-heal|p1a: Calyrex|96/100|[from] item: Leftovers\n|upkeep\n|turn|4\n|inactive|FightOrGardeflight has 30 seconds left.\n|inactive|realcomrade379 has 30 seconds left.\n|inactive|FightOrGardeflight has 20 seconds left.\n|inactive|realcomrade379 has 20 seconds left.\n|\n|t:|1774072421\n|-terastallize|p1a: Calyrex|Water\n|move|p2b: Chi-Yu|Dark Pulse|p1a: Calyrex\n|-damage|p1a: Calyrex|68/100\n|move|p1b: Incineroar|Flare Blitz|p2a: Weezing\n|-damage|p2a: Weezing|0 fnt\n|faint|p2a: Weezing\n|-end|p2a: Weezing|ability: Neutralizing Gas\n|-ability|p2b: Chi-Yu|Beads of Ruin\n|-ability|p1b: Incineroar|Intimidate|boost\n|-unboost|p2b: Chi-Yu|atk|1\n|-damage|p1b: Incineroar|33/100|[from] Recoil\n|cant|p1a: Calyrex|flinch\n|\n|-weather|SunnyDay|[upkeep]\n|-heal|p1a: Calyrex|74/100|[from] item: Leftovers\n|upkeep\n|\n|t:|1774072424\n|switch|p2a: Raging Bolt|Raging Bolt, L50|67/100\n|-activate|p2a: Raging Bolt|ability: Protosynthesis\n|-start|p2a: Raging Bolt|protosynthesisspa\n|turn|5\n|inactive|realcomrade379 has 30 seconds left.\n|inactive|FightOrGardeflight has 30 seconds left.\n|\n|t:|1774072453\n|move|p2b: Chi-Yu|Dark Pulse|p1b: Incineroar\n|-resisted|p1b: Incineroar\n|-damage|p1b: Incineroar|13/100\n|cant|p1b: Incineroar|flinch\n|move|p2a: Raging Bolt|Thunderbolt|p1a: Calyrex\n|-supereffective|p1a: Calyrex\n|-damage|p1a: Calyrex|0 fnt\n|faint|p1a: Calyrex\n|\n|-weather|none\n|-end|p2a: Raging Bolt|Protosynthesis\n|upkeep\n|\n|t:|1774072458\n|switch|p1a: Miraidon|Miraidon, L50|100/100\n|-fieldstart|move: Electric Terrain|[from] ability: Hadron Engine|[of] p1a: Miraidon\n|turn|6\n|j| sille rovert\n|\n|t:|1774072466\n|move|p2a: Raging Bolt|Thunderclap|p1b: Incineroar\n|-damage|p1b: Incineroar|0 fnt\n|faint|p1b: Incineroar\n|move|p2b: Chi-Yu|Dark Pulse|p1a: Miraidon\n|-damage|p1a: Miraidon|60/100\n|move|p1a: Miraidon|Dazzling Gleam|p2b: Chi-Yu|[spread] p2a,p2b\n|-supereffective|p2a: Raging Bolt\n|-damage|p2a: Raging Bolt|0 fnt\n|-damage|p2b: Chi-Yu|58/100\n|faint|p2a: Raging Bolt\n|-end|p2a: Raging Bolt|Protosynthesis|[silent]\n|\n|upkeep\n|turn|7\n|\n|t:|1774072474\n|move|p2b: Chi-Yu|Dark Pulse|p1a: Miraidon\n|-damage|p1a: Miraidon|16/100\n|move|p1a: Miraidon|Dazzling Gleam|p2b: Chi-Yu\n|-damage|p2b: Chi-Yu|2/100\n|\n|upkeep\n|turn|8\n|\n|t:|1774072479\n|move|p2b: Chi-Yu|Dark Pulse|p1a: Miraidon\n|-damage|p1a: Miraidon|0 fnt\n|faint|p1a: Miraidon\n|\n|win|FightOrGardeflight\n","uploadtime":1774072482,"views":204,"formatid":"gen9vgc2026regi","rating":null,"private":0,"password":null}