{"id":"gen9vgc2026regi-2558728919","format":"[Gen 9] VGC 2026 Reg I","players":["Eithay","wasaad5"],"log":"|j|\u2606Eithay\n|j|\u2606wasaad5\n|t:|1773470841\n|gametype|doubles\n|player|p1|Eithay|acetrainerf|1244\n|player|p2|wasaad5|blue|1311\n|gen|9\n|tier|[Gen 9] VGC 2026 Reg I\n|rated|\n|rule|Species Clause: Limit one of each Pok\u00e9mon\n|rule|Item Clause: Limit 1 of each item\n|clearpoke\n|poke|p1|Calyrex-Ice, L50|\n|poke|p1|Annihilape, L50, F|\n|poke|p1|Farigiraf, L50, M|\n|poke|p1|Amoonguss, L50, F|\n|poke|p1|Groudon, L50|\n|poke|p1|Enamorus-Therian, L50, F|\n|poke|p2|Kyurem-White, L50|\n|poke|p2|Zacian-*, L50|\n|poke|p2|Sableye, L50, M|\n|poke|p2|Urshifu-*, L50, F|\n|poke|p2|Amoonguss, L50, F|\n|poke|p2|Incineroar, L50, M|\n|teampreview|4\n|inactive|Battle timer is ON: inactive players will automatically lose when time's up. (requested by Eithay)\n|\n|t:|1773470869\n|teamsize|p1|4\n|teamsize|p2|4\n|start\n|switch|p1a: Annihilape|Annihilape, L50, F|100/100\n|switch|p1b: Farigiraf|Farigiraf, L50, M|100/100\n|switch|p2a: Kyurem|Kyurem-White, L50, shiny|100/100\n|switch|p2b: Sableye|Sableye, L50, M|100/100\n|-ability|p2a: Kyurem|Turboblaze\n|turn|1\n|inactive|wasaad5 has 30 seconds left.\n|inactive|wasaad5 has 20 seconds left.\n|inactive|wasaad5 has 15 seconds left.\n|\n|t:|1773470910\n|switch|p2a: Urshifu|Urshifu-Rapid-Strike, L50, F|100/100\n|switch|p2b: Zacian|Zacian-Crowned, L50|100/100\n|-ability|p2b: Zacian|Intrepid Sword|boost\n|-boost|p2b: Zacian|atk|1\n|move|p1a: Annihilape|Final Gambit|p2a: Urshifu\n|-damage|p2a: Urshifu|0 fnt\n|faint|p1a: Annihilape\n|faint|p2a: Urshifu\n|move|p1b: Farigiraf|Trick Room|p1b: Farigiraf\n|-fieldstart|move: Trick Room|[of] p1b: Farigiraf\n|\n|upkeep\n|\n|t:|1773470932\n|switch|p2a: Kyurem|Kyurem-White, L50, shiny|100/100\n|switch|p1a: Enamorus|Enamorus-Therian, L50, F|100/100\n|-ability|p2a: Kyurem|Turboblaze\n|turn|2\n|\n|t:|1773470949\n|-terastallize|p1a: Enamorus|Fairy\n|move|p2b: Zacian|Protect|p2b: Zacian\n|-singleturn|p2b: Zacian|Protect\n|move|p1b: Farigiraf|Ally Switch|p1b: Farigiraf\n|swap|p1b: Farigiraf|0|[from] move: Ally Switch\n|move|p1b: Enamorus|Earth Power|p2b: Zacian\n|-activate|p2b: Zacian|move: Protect\n|move|p2a: Kyurem|Ice Beam|p1a: Farigiraf\n|-damage|p1a: Farigiraf|49/100\n|\n|upkeep\n|turn|3\n|\n|t:|1773470961\n|-terastallize|p2b: Zacian|Ground\n|move|p1a: Farigiraf|Helping Hand|p1b: Enamorus\n|-singleturn|p1b: Enamorus|Helping Hand|[of] p1a: Farigiraf\n|move|p1b: Enamorus|Dazzling Gleam|p2b: Zacian|[spread] p2a,p2b\n|-supereffective|p2a: Kyurem\n|-crit|p2a: Kyurem\n|-damage|p2a: Kyurem|0 fnt\n|-damage|p2b: Zacian|18/100\n|faint|p2a: Kyurem\n|-damage|p1b: Enamorus|91/100|[from] item: Life Orb\n|move|p2b: Zacian|Behemoth Blade|p1b: Enamorus\n|-supereffective|p1b: Enamorus\n|-damage|p1b: Enamorus|0 fnt\n|faint|p1b: Enamorus\n|\n|upkeep\n|\n|t:|1773470971\n|switch|p1b: Calyrex|Calyrex-Ice, L50|100/100\n|switch|p2a: Sableye|Sableye, L50, M|100/100\n|-ability|p1b: Calyrex|As One\n|-ability|p1b: Calyrex|Unnerve\n|turn|4\n|\n|t:|1773470979\n|move|p1a: Farigiraf|Helping Hand|p1b: Calyrex\n|-singleturn|p1b: Calyrex|Helping Hand|[of] p1a: Farigiraf\n|move|p2b: Zacian|Protect|p2b: Zacian\n|-singleturn|p2b: Zacian|Protect\n|move|p2a: Sableye|Rain Dance|p2a: Sableye\n|-weather|RainDance\n|move|p1b: Calyrex|Glacial Lance|p2a: Sableye|[spread] p2a\n|-activate|p2b: Zacian|move: Protect\n|-damage|p2a: Sableye|16/100\n|\n|-weather|RainDance|[upkeep]\n|upkeep\n|turn|5\n|-message|wasaad5 forfeited.\n|\n|win|Eithay\n|raw|Eithay's rating: 1244 &rarr; <strong>1274</strong><br />(+30 for winning)\n|raw|wasaad5's rating: 1311 &rarr; <strong>1287</strong><br />(-24 for losing)\n|l|\u2606wasaad5\n|player|p2|\n|l|\u2606Eithay\n|player|p1|\n","uploadtime":1773471128,"views":16,"formatid":"gen9vgc2026regi","rating":1274,"private":0,"password":null}