{"id":"gen9vgc2026regi-2551897411","format":"[Gen 9] VGC 2026 Reg I","players":["KogaAF1219","CHR1SPHX"],"log":"|j|\u2606KogaAF1219\n|j|\u2606CHR1SPHX\n|t:|1772654544\n|gametype|doubles\n|player|p1|KogaAF1219|102|1392\n|player|p2|CHR1SPHX|hilbert-wonderlauncher|1303\n|gen|9\n|tier|[Gen 9] VGC 2026 Reg I\n|rated|\n|rule|Species Clause: Limit one of each Pok\u00e9mon\n|rule|Item Clause: Limit 1 of each item\n|clearpoke\n|poke|p1|Groudon, L50|\n|poke|p1|Calyrex-Shadow, L50|\n|poke|p1|Indeedee, L50, M|\n|poke|p1|Illumise, L50, F|\n|poke|p1|Hitmonlee, L50, M|\n|poke|p1|Venusaur, L50, M|\n|poke|p2|Lunala, L50|\n|poke|p2|Amoonguss, L50, M|\n|poke|p2|Ursaluna-Bloodmoon, L50, M|\n|poke|p2|Incineroar, L50, M|\n|poke|p2|Koraidon, L50|\n|poke|p2|Flutter Mane, L50|\n|teampreview|4\n|inactive|Battle timer is ON: inactive players will automatically lose when time's up. (requested by CHR1SPHX)\n|\n|t:|1772654560\n|teamsize|p1|4\n|teamsize|p2|4\n|start\n|switch|p1a: Indeedee|Indeedee, L50, M|100/100\n|switch|p1b: Hitmonlee|Hitmonlee, L50, M, shiny|100/100\n|switch|p2a: Incineroar|Incineroar, L50, M|100/100\n|switch|p2b: Amoonguss|Amoonguss, L50, M, shiny|100/100\n|-fieldstart|move: Psychic Terrain|[from] ability: Psychic Surge|[of] p1a: Indeedee\n|-enditem|p1b: Hitmonlee|Psychic Seed\n|-boost|p1b: Hitmonlee|spd|1|[from] item: Psychic Seed\n|-ability|p2a: Incineroar|Intimidate|boost\n|-unboost|p1a: Indeedee|atk|1\n|-unboost|p1b: Hitmonlee|atk|1\n|turn|1\n|inactive|CHR1SPHX has 30 seconds left.\n|\n|t:|1772654585\n|-terastallize|p2b: Amoonguss|Water\n|move|p2b: Amoonguss|Rage Powder|p2b: Amoonguss\n|-singleturn|p2b: Amoonguss|move: Rage Powder\n|move|p1b: Hitmonlee|Brick Break|p2b: Amoonguss\n|-damage|p2b: Amoonguss|77/100\n|-damage|p1b: Hitmonlee|84/100|[from] item: Rocky Helmet|[of] p2b: Amoonguss\n|move|p1a: Indeedee|Expanding Force|p2a: Incineroar|[spread] p2b\n|-immune|p2a: Incineroar\n|-damage|p2b: Amoonguss|34/100\n|move|p2a: Incineroar|Knock Off|p1a: Indeedee\n|-supereffective|p1a: Indeedee\n|-enditem|p1a: Indeedee|Focus Sash\n|-damage|p1a: Indeedee|1/100\n|\n|upkeep\n|turn|2\n|\n|t:|1772654612\n|move|p2b: Amoonguss|Rage Powder|p2b: Amoonguss\n|-singleturn|p2b: Amoonguss|move: Rage Powder\n|move|p1b: Hitmonlee|Brick Break|p2b: Amoonguss\n|-damage|p2b: Amoonguss|11/100\n|-damage|p1b: Hitmonlee|68/100|[from] item: Rocky Helmet|[of] p2b: Amoonguss\n|move|p1a: Indeedee|Expanding Force|p2a: Incineroar|[spread] p2b\n|-immune|p2a: Incineroar\n|-damage|p2b: Amoonguss|0 fnt\n|faint|p2b: Amoonguss\n|move|p2a: Incineroar|Parting Shot|p1b: Hitmonlee\n|-unboost|p1b: Hitmonlee|atk|1\n|-unboost|p1b: Hitmonlee|spa|1\n|\n|t:|1772654631\n|switch|p2a: Lunala|Lunala, L50, shiny|100/100|[from] Parting Shot\n|\n|upkeep\n|\n|t:|1772654639\n|switch|p2b: Ursaluna|Ursaluna-Bloodmoon, L50, M|100/100\n|turn|3\n|\n|t:|1772654653\n|move|p2b: Ursaluna|Protect|p2b: Ursaluna\n|-singleturn|p2b: Ursaluna|Protect\n|move|p1b: Hitmonlee|Knock Off|p2a: Lunala\n|-supereffective|p2a: Lunala\n|-damage|p2a: Lunala|75/100\n|-enditem|p2a: Lunala|Mental Herb|[from] move: Knock Off|[of] p1b: Hitmonlee\n|move|p1a: Indeedee|Imprison|p1a: Indeedee\n|-start|p1a: Indeedee|move: Imprison\n|cant|p2a: Lunala|move: Imprison|Trick Room\n|\n|upkeep\n|turn|4\n|\n|t:|1772654671\n|move|p2a: Lunala|Wide Guard|p2a: Lunala\n|-singleturn|p2a: Lunala|Wide Guard\n|move|p1b: Hitmonlee|Knock Off|p2b: Ursaluna\n|-damage|p2b: Ursaluna|89/100\n|-enditem|p2b: Ursaluna|Life Orb|[from] move: Knock Off|[of] p1b: Hitmonlee\n|move|p1a: Indeedee|Expanding Force|p2a: Lunala|[spread] \n|-activate|p2a: Lunala|move: Wide Guard\n|-activate|p2b: Ursaluna|move: Wide Guard\n|move|p2b: Ursaluna|Hyper Voice|p1a: Indeedee|[spread] p1a,p1b\n|-damage|p1a: Indeedee|0 fnt\n|-damage|p1b: Hitmonlee|36/100\n|faint|p1a: Indeedee\n|\n|upkeep\n|\n|t:|1772654679\n|switch|p1a: Venusaur|Venusaur, L50, M|100/100\n|turn|5\n|\n|t:|1772654691\n|switch|p2a: Incineroar|Incineroar, L50, M|100/100\n|-ability|p2a: Incineroar|Intimidate|boost\n|-unboost|p1a: Venusaur|atk|1\n|-unboost|p1b: Hitmonlee|atk|1\n|move|p2b: Ursaluna|Protect|p2b: Ursaluna\n|-singleturn|p2b: Ursaluna|Protect\n|move|p1b: Hitmonlee|Knock Off|p2a: Incineroar\n|-resisted|p2a: Incineroar\n|-damage|p2a: Incineroar|95/100\n|-enditem|p2a: Incineroar|Safety Goggles|[from] move: Knock Off|[of] p1b: Hitmonlee\n|move|p1a: Venusaur|Sleep Powder|p2a: Incineroar\n|-status|p2a: Incineroar|slp|[from] move: Sleep Powder\n|\n|-fieldend|move: Psychic Terrain\n|upkeep\n|turn|6\n|\n|t:|1772654711\n|switch|p1b: Calyrex|Calyrex-Shadow, L50|100/100\n|-ability|p1b: Calyrex|As One\n|-ability|p1b: Calyrex|Unnerve\n|move|p1a: Venusaur|Sleep Powder|p2b: Ursaluna\n|-status|p2b: Ursaluna|slp|[from] move: Sleep Powder\n|cant|p2a: Incineroar|slp\n|cant|p2b: Ursaluna|slp\n|\n|upkeep\n|turn|7\n|\n|t:|1772654728\n|-terastallize|p1b: Calyrex|Ground\n|move|p1b: Calyrex|Tera Blast|p2a: Incineroar|[anim] Tera Blast Ground\n|-supereffective|p2a: Incineroar\n|-damage|p2a: Incineroar|0 fnt\n|faint|p2a: Incineroar\n|-ability|p1b: Calyrex|Grim Neigh|boost\n|-boost|p1b: Calyrex|spa|1\n|-damage|p1b: Calyrex|91/100|[from] item: Life Orb\n|move|p1a: Venusaur|Giga Drain|p2b: Ursaluna\n|-supereffective|p2b: Ursaluna\n|-damage|p2b: Ursaluna|20/100 slp\n|cant|p2b: Ursaluna|slp\n|\n|upkeep\n|\n|t:|1772654732\n|switch|p2a: Lunala|Lunala, L50, shiny|75/100\n|turn|8\n|\n|t:|1772654749\n|move|p1b: Calyrex|Astral Barrage|p2a: Lunala|[spread] p2a\n|-immune|p2b: Ursaluna\n|-supereffective|p2a: Lunala\n|-damage|p2a: Lunala|0 fnt\n|faint|p2a: Lunala\n|-ability|p1b: Calyrex|Grim Neigh|boost\n|-boost|p1b: Calyrex|spa|1\n|-damage|p1b: Calyrex|81/100|[from] item: Life Orb\n|move|p1a: Venusaur|Giga Drain|p2b: Ursaluna\n|-supereffective|p2b: Ursaluna\n|-damage|p2b: Ursaluna|0 fnt\n|faint|p2b: Ursaluna\n|\n|win|KogaAF1219\n|raw|KogaAF1219's rating: 1392 &rarr; <strong>1407</strong><br />(+15 for winning)\n|raw|CHR1SPHX's rating: 1303 &rarr; <strong>1288</strong><br />(-15 for losing)\n|l|\u2606CHR1SPHX\n|player|p2|\n|l|\u2606KogaAF1219\n|player|p1|\n","uploadtime":1772655005,"views":16,"formatid":"gen9vgc2026regi","rating":1288,"private":0,"password":null}