{"id":"gen9vgc2026regi-2534604795","format":"[Gen 9] VGC 2026 Reg I","players":["yubanmeiqin","Indeedee Follow"],"log":"|j|\u2606yubanmeiqin\n|j|\u2606Indeedee Follow\n|t:|1770444470\n|gametype|doubles\n|player|p1|yubanmeiqin|iono-masters|1424\n|player|p2|Indeedee Follow|winona|1518\n|gen|9\n|tier|[Gen 9] VGC 2026 Reg I\n|rated|\n|rule|Species Clause: Limit one of each Pok\u00e9mon\n|rule|Item Clause: Limit 1 of each item\n|clearpoke\n|poke|p1|Zacian-*, L50|\n|poke|p1|Kyogre, L50|\n|poke|p1|Amoonguss, L50, M|\n|poke|p1|Incineroar, L50, M|\n|poke|p1|Urshifu-*, L50, M|\n|poke|p1|Iron Jugulis, L50|\n|poke|p2|Calyrex-Shadow, L50|\n|poke|p2|Zamazenta-*, L50|\n|poke|p2|Rillaboom, L50, M|\n|poke|p2|Clefairy, L50, F|\n|poke|p2|Tornadus, L50, M|\n|poke|p2|Smeargle, L50, M|\n|teampreview|4\n|\n|t:|1770444504\n|teamsize|p1|4\n|teamsize|p2|4\n|start\n|switch|p1a: \u9a6c\u5243\u5929\u7231\u661f|Kyogre, L50, shiny|100/100\n|switch|p1b: \u6211\u559c\u6b22\u4f60|Amoonguss, L50, M|100/100\n|switch|p2a: Smeargle|Smeargle, L50, M, shiny|100/100\n|switch|p2b: Calyrex|Calyrex-Shadow, L50|100/100\n|-ability|p2b: Calyrex|As One\n|-ability|p2b: Calyrex|Unnerve\n|-weather|RainDance|[from] ability: Drizzle|[of] p1a: \u9a6c\u5243\u5929\u7231\u661f\n|turn|1\n|c|\u2606Indeedee Follow|\u559c\u6b22\u6211\u5c31\u522b\u7761\u6211\n|\n|t:|1770444523\n|move|p2a: Smeargle|Fake Out|p1a: \u9a6c\u5243\u5929\u7231\u661f\n|-damage|p1a: \u9a6c\u5243\u5929\u7231\u661f|96/100\n|move|p2b: Calyrex|Psychic|p1b: \u6211\u559c\u6b22\u4f60\n|-supereffective|p1b: \u6211\u559c\u6b22\u4f60\n|-damage|p1b: \u6211\u559c\u6b22\u4f60|0 fnt\n|faint|p1b: \u6211\u559c\u6b22\u4f60\n|-ability|p2b: Calyrex|Grim Neigh|boost\n|-boost|p2b: Calyrex|spa|1\n|-damage|p2b: Calyrex|91/100|[from] item: Life Orb\n|cant|p1a: \u9a6c\u5243\u5929\u7231\u661f|flinch\n|\n|-weather|RainDance|[upkeep]\n|-ability|p2a: Smeargle|Moody|boost\n|-boost|p2a: Smeargle|atk|2\n|-unboost|p2a: Smeargle|spe|1\n|upkeep\n|c|\u2606yubanmeiqin|\u4e0d\u559c\u6b22\u4f60\n|\n|t:|1770444532\n|switch|p1b: \u55f7\u545c\uff5e|Iron Jugulis, L50|100/100\n|-enditem|p1b: \u55f7\u545c\uff5e|Booster Energy\n|-activate|p1b: \u55f7\u545c\uff5e|ability: Quark Drive|[fromitem]\n|-start|p1b: \u55f7\u545c\uff5e|quarkdrivespe\n|turn|2\n|c|\u2606yubanmeiqin|\u76fe\u83c7\u559c\u6b22\n|c|\u2606yubanmeiqin|\u76fe\u83c7\u542c\u4e0d\u61c2\u4f60\u5728\u8bf4\u4ec0\u4e48\n|\n|t:|1770444554\n|-terastallize|p2b: Calyrex|Dark\n|move|p2a: Smeargle|Wide Guard|p2a: Smeargle\n|-singleturn|p2a: Smeargle|Wide Guard\n|move|p1b: \u55f7\u545c\uff5e|Snarl|p2b: Calyrex|[spread] \n|-activate|p2a: Smeargle|move: Wide Guard\n|-activate|p2b: Calyrex|move: Wide Guard\n|move|p2b: Calyrex|Astral Barrage|p1a: \u9a6c\u5243\u5929\u7231\u661f|[spread] p1a,p1b\n|-resisted|p1b: \u55f7\u545c\uff5e\n|-damage|p1a: \u9a6c\u5243\u5929\u7231\u661f|39/100\n|-damage|p1b: \u55f7\u545c\uff5e|40/100\n|-damage|p2b: Calyrex|81/100|[from] item: Life Orb\n|move|p1a: \u9a6c\u5243\u5929\u7231\u661f|Water Spout|p2b: Calyrex|[spread] \n|-activate|p2a: Smeargle|move: Wide Guard\n|-activate|p2b: Calyrex|move: Wide Guard\n|\n|-weather|RainDance|[upkeep]\n|-ability|p2a: Smeargle|Moody|boost\n|-boost|p2a: Smeargle|spd|2\n|-unboost|p2a: Smeargle|spe|1\n|upkeep\n|turn|3\n|\n|t:|1770444575\n|move|p2a: Smeargle|Follow Me|p2a: Smeargle\n|-singleturn|p2a: Smeargle|move: Follow Me\n|move|p1b: \u55f7\u545c\uff5e|Tailwind|p1b: \u55f7\u545c\uff5e\n|-sidestart|p1: yubanmeiqin|move: Tailwind\n|move|p1a: \u9a6c\u5243\u5929\u7231\u661f|Origin Pulse|p2b: Calyrex|[spread] p2a,p2b\n|-damage|p2a: Smeargle|23/100\n|-damage|p2b: Calyrex|16/100\n|move|p2b: Calyrex|Astral Barrage|p1a: \u9a6c\u5243\u5929\u7231\u661f|[spread] p1a,p1b\n|-resisted|p1b: \u55f7\u545c\uff5e\n|-damage|p1a: \u9a6c\u5243\u5929\u7231\u661f|0 fnt\n|-damage|p1b: \u55f7\u545c\uff5e|0 fnt\n|faint|p1a: \u9a6c\u5243\u5929\u7231\u661f\n|faint|p1b: \u55f7\u545c\uff5e\n|-end|p1b: \u55f7\u545c\uff5e|Quark Drive|[silent]\n|-ability|p2b: Calyrex|Grim Neigh|boost\n|-boost|p2b: Calyrex|spa|2\n|-damage|p2b: Calyrex|6/100|[from] item: Life Orb\n|\n|-weather|RainDance|[upkeep]\n|-ability|p2a: Smeargle|Moody|boost\n|-boost|p2a: Smeargle|spa|2\n|-unboost|p2a: Smeargle|atk|1\n|upkeep\n|\n|t:|1770444583\n|switch|p1b: \u963f\u5c14\u6258\u8389\u96c5|Zacian-Crowned, L50, shiny|100/100\n|-ability|p1b: \u963f\u5c14\u6258\u8389\u96c5|Intrepid Sword|boost\n|-boost|p1b: \u963f\u5c14\u6258\u8389\u96c5|atk|1\n|turn|4\n|\n|t:|1770444596\n|-terastallize|p1b: \u963f\u5c14\u6258\u8389\u96c5|Normal\n|move|p2a: Smeargle|Follow Me|p2a: Smeargle\n|-singleturn|p2a: Smeargle|move: Follow Me\n|move|p1b: \u963f\u5c14\u6258\u8389\u96c5|Behemoth Blade|p2a: Smeargle\n|-crit|p2a: Smeargle\n|-damage|p2a: Smeargle|0 fnt\n|faint|p2a: Smeargle\n|move|p2b: Calyrex|Astral Barrage|p1b: \u963f\u5c14\u6258\u8389\u96c5\n|-immune|p1b: \u963f\u5c14\u6258\u8389\u96c5\n|\n|-weather|RainDance|[upkeep]\n|upkeep\n|\n|t:|1770444601\n|switch|p2a: Zamazenta|Zamazenta-Crowned, L50, shiny|100/100\n|-ability|p2a: Zamazenta|Dauntless Shield|boost\n|-boost|p2a: Zamazenta|def|1\n|turn|5\n|c|\u2606yubanmeiqin|\u8fd9\u5e7f\u9632\u592a\u51fa\u4e86\ud83d\ude21\n|\n|t:|1770444619\n|move|p1b: \u963f\u5c14\u6258\u8389\u96c5|Sacred Sword|p2a: Zamazenta\n|-supereffective|p2a: Zamazenta\n|-damage|p2a: Zamazenta|45/100\n|move|p2b: Calyrex|Psychic|p1b: \u963f\u5c14\u6258\u8389\u96c5\n|-damage|p1b: \u963f\u5c14\u6258\u8389\u96c5|0 fnt\n|faint|p1b: \u963f\u5c14\u6258\u8389\u96c5\n|-damage|p2b: Calyrex|0 fnt|[from] item: Life Orb\n|faint|p2b: Calyrex\n|\n|win|Indeedee Follow\n|raw|yubanmeiqin's rating: 1424 &rarr; <strong>1409</strong><br />(-15 for losing)\n|raw|Indeedee Follow's rating: 1518 &rarr; <strong>1533</strong><br />(+15 for winning)\n|c|\u2606yubanmeiqin|\u987a\u4ece\u4e86\n|c|\u2606Indeedee Follow|\u6211\u53cc\u51fb\u638c\n|c|\u2606Indeedee Follow|\u53cc\u5e7f\u9632\n|c|\u2606yubanmeiqin|\u4e56\u4e56\u73a9\u9ed1\u76fe\n|c|\u2606Indeedee Follow|\u53cc\u770b\u6211\u5988\n|c|\u2606yubanmeiqin|\u6c14\u7b11\u4e86\n|c|\u2606yubanmeiqin|\u51b7\u77e5\u8bc6\n|c|\u2606yubanmeiqin|\u4f60\u6709\u6211\u597d\u53cb\n|c|\u2606Indeedee Follow|\u8fd8\u662f\u5185\u655b\n|c|\u2606Indeedee Follow|ok\n|c|\u2606yubanmeiqin|\u8fd9\u961f\u9634\u5b8c\u4e86\n|c|\u2606Indeedee Follow|\u4ed9\u5e03\u8bf4\u4e86\n|l|\u2606Indeedee Follow\n|player|p2|\n","uploadtime":1770444733,"views":25,"formatid":"gen9vgc2026regi","rating":1409,"private":0,"password":null}