{"id":"gen9vgc2026regi-2582507791","format":"[Gen 9] VGC 2026 Reg I","players":["Wakandius_PMSD","asmr_vampir"],"log":"|badge|p1|silver|gen9randombattle|30-9\n|uhtml|medal-msg|<div class=\"broadcast-blue\">Curious what those medals under the avatar are? PS now has Ladder Seasons! For more information, check out the <a href=\"https://www.smogon.com/forums/threads/3740067/\">thread on Smogon.</a></div>\n|j|\u2606Wakandius_PMSD\n|j|\u2606asmr_vampir\n|t:|1776096134\n|gametype|doubles\n|player|p1|Wakandius_PMSD|266|1426\n|player|p2|asmr_vampir|169|1401\n|gen|9\n|tier|[Gen 9] VGC 2026 Reg I\n|rated|\n|rule|Species Clause: Limit one of each Pok\u00e9mon\n|rule|Item Clause: Limit 1 of each item\n|clearpoke\n|poke|p1|Calyrex-Ice, L50|\n|poke|p1|Miraidon, L50|\n|poke|p1|Ursaluna, L50, F|\n|poke|p1|Volcarona, L50, M|\n|poke|p1|Grimmsnarl, L50, M|\n|poke|p1|Iron Hands, L50|\n|poke|p2|Ogerpon-Cornerstone, L50, F|\n|poke|p2|Urshifu-*, L50, F|\n|poke|p2|Terapagos, L50, M|\n|poke|p2|Miraidon, L50|\n|poke|p2|Sinistcha, L50|\n|poke|p2|Incineroar, L50, M|\n|teampreview|4\n|inactive|Battle timer is ON: inactive players will automatically lose when time's up. (requested by asmr_vampir)\n|\n|t:|1776096162\n|teamsize|p1|4\n|teamsize|p2|4\n|start\n|switch|p1a: Grimmsnarl|Grimmsnarl, L50, M|100/100\n|switch|p1b: Miraidon|Miraidon, L50|100/100\n|switch|p2a: Terapagos|Terapagos, L50, M|100/100\n|switch|p2b: Incineroar|Incineroar, L50, M|100/100\n|-activate|p2a: Terapagos|ability: Tera Shift\n|detailschange|p2a: Terapagos|Terapagos-Terastal, L50, M\n|-heal|p2a: Terapagos|100/100|[silent]\n|-fieldstart|move: Electric Terrain|[from] ability: Hadron Engine|[of] p1b: Miraidon\n|-enditem|p2a: Terapagos|Electric Seed\n|-boost|p2a: Terapagos|def|1|[from] item: Electric Seed\n|-ability|p2b: Incineroar|Intimidate|boost\n|-unboost|p1a: Grimmsnarl|atk|1\n|-unboost|p1b: Miraidon|atk|1\n|turn|1\n|inactive|asmr_vampir has 30 seconds left.\n|\n|t:|1776096190\n|move|p2b: Incineroar|Fake Out|p1b: Miraidon\n|-damage|p1b: Miraidon|88/100\n|move|p1a: Grimmsnarl|Light Screen|p1a: Grimmsnarl\n|-sidestart|p1: Wakandius_PMSD|move: Light Screen\n|cant|p1b: Miraidon|flinch\n|move|p2a: Terapagos|Calm Mind|p2a: Terapagos\n|-boost|p2a: Terapagos|spa|1\n|-boost|p2a: Terapagos|spd|1\n|\n|upkeep\n|turn|2\n|inactive|asmr_vampir has 30 seconds left.\n|\n|t:|1776096218\n|-terastallize|p2a: Terapagos|Stellar\n|detailschange|p2a: Terapagos|Terapagos-Stellar, L50, M, tera:Stellar\n|-heal|p2a: Terapagos|100/100|[silent]\n|-ability|p2a: Terapagos|Teraform Zero\n|-fieldend|move: Electric Terrain\n|move|p1b: Miraidon|Volt Switch|p2b: Incineroar\n|-damage|p2b: Incineroar|49/100\n|\n|t:|1776096229\n|switch|p1b: Volcarona|Volcarona, L50, M|100/100|[from] Volt Switch\n|move|p2a: Terapagos|Earth Power|p1b: Volcarona\n|-damage|p1b: Volcarona|66/100\n|-unboost|p1b: Volcarona|spd|1\n|move|p1a: Grimmsnarl|Spirit Break|p2a: Terapagos\n|-damage|p2a: Terapagos|92/100\n|-unboost|p2a: Terapagos|spa|1\n|move|p2b: Incineroar|Knock Off|p1a: Grimmsnarl\n|-resisted|p1a: Grimmsnarl\n|-damage|p1a: Grimmsnarl|86/100\n|-enditem|p1a: Grimmsnarl|Light Clay|[from] move: Knock Off|[of] p2b: Incineroar\n|\n|upkeep\n|turn|3\n|\n|t:|1776096249\n|move|p1a: Grimmsnarl|Thunder Wave|p2a: Terapagos\n|-status|p2a: Terapagos|par\n|move|p1b: Volcarona|Struggle Bug|p2a: Terapagos|[spread] p2a,p2b\n|-damage|p2a: Terapagos|85/100 par\n|-damage|p2b: Incineroar|32/100\n|-unboost|p2a: Terapagos|spa|1\n|-unboost|p2b: Incineroar|spa|1\n|move|p2b: Incineroar|Flare Blitz|p1b: Volcarona\n|-damage|p1b: Volcarona|7/100\n|-damage|p2b: Incineroar|15/100|[from] item: Rocky Helmet|[of] p1b: Volcarona\n|-damage|p2b: Incineroar|0 fnt|[from] Recoil\n|faint|p2b: Incineroar\n|cant|p2a: Terapagos|par\n|\n|upkeep\n|\n|t:|1776096265\n|switch|p2b: Miraidon|Miraidon, L50|100/100\n|-fieldstart|move: Electric Terrain|[from] ability: Hadron Engine|[of] p2b: Miraidon\n|turn|4\n|\n|t:|1776096284\n|move|p2b: Miraidon|Volt Switch|p1b: Volcarona\n|-damage|p1b: Volcarona|0 fnt\n|faint|p1b: Volcarona\n|\n|t:|1776096287\n|switch|p2b: Sinistcha|Sinistcha, L50|100/100|[from] Volt Switch\n|-heal|p2a: Terapagos|100/100 par|[from] ability: Hospitality|[of] p2b: Sinistcha\n|move|p1a: Grimmsnarl|Spirit Break|p2b: Sinistcha\n|-damage|p2b: Sinistcha|85/100\n|-unboost|p2b: Sinistcha|spa|1\n|cant|p2a: Terapagos|par\n|\n|upkeep\n|\n|t:|1776096297\n|switch|p1b: Calyrex|Calyrex-Ice, L50|100/100\n|-ability|p1b: Calyrex|As One\n|-ability|p1b: Calyrex|Unnerve\n|turn|5\n|\n|t:|1776096309\n|move|p1a: Grimmsnarl|Thunder Wave|p2b: Sinistcha\n|-status|p2b: Sinistcha|par\n|move|p1b: Calyrex|Glacial Lance|p2a: Terapagos|[spread] p2a,p2b\n|-supereffective|p2b: Sinistcha\n|-damage|p2a: Terapagos|79/100 par\n|-damage|p2b: Sinistcha|7/100 par\n|move|p2a: Terapagos|Calm Mind|p2a: Terapagos\n|-boost|p2a: Terapagos|spa|1\n|-boost|p2a: Terapagos|spd|1\n|move|p2b: Sinistcha|Strength Sap|p1b: Calyrex\n|-unboost|p1b: Calyrex|atk|1\n|-heal|p2b: Sinistcha|100/100 par\n|\n|upkeep\n|turn|6\n|\n|t:|1776096332\n|move|p2b: Sinistcha|Rage Powder|p2b: Sinistcha\n|-singleturn|p2b: Sinistcha|move: Rage Powder\n|move|p1a: Grimmsnarl|Spirit Break|p2b: Sinistcha\n|-damage|p2b: Sinistcha|85/100 par\n|-unboost|p2b: Sinistcha|spa|1\n|move|p1b: Calyrex|Leech Seed|p2b: Sinistcha\n|-immune|p2b: Sinistcha\n|cant|p2a: Terapagos|par\n|\n|upkeep\n|turn|7\n|\n|t:|1776096344\n|cant|p2b: Sinistcha|par\n|move|p1a: Grimmsnarl|Spirit Break|p2a: Terapagos\n|-damage|p2a: Terapagos|71/100 par\n|-unboost|p2a: Terapagos|spa|1\n|move|p1b: Calyrex|Glacial Lance|p2a: Terapagos|[spread] p2a,p2b\n|-crit|p2a: Terapagos\n|-supereffective|p2b: Sinistcha\n|-damage|p2a: Terapagos|20/100 par\n|-damage|p2b: Sinistcha|34/100 par\n|move|p2a: Terapagos|Tera Starstorm|p1b: Calyrex|[spread] p1a,p1b\n|-damage|p1a: Grimmsnarl|70/100\n|-damage|p1b: Calyrex|88/100\n|\n|-heal|p1b: Calyrex|94/100|[from] item: Leftovers\n|upkeep\n|turn|8\n|\n|t:|1776096369\n|cant|p2a: Terapagos|par\n|move|p2b: Sinistcha|Rage Powder|p2b: Sinistcha\n|-singleturn|p2b: Sinistcha|move: Rage Powder\n|move|p1a: Grimmsnarl|Spirit Break|p2b: Sinistcha\n|-damage|p2b: Sinistcha|20/100 par\n|-unboost|p2b: Sinistcha|spa|1\n|move|p1b: Calyrex|Glacial Lance|p2a: Terapagos|[spread] p2a,p2b\n|-supereffective|p2b: Sinistcha\n|-damage|p2a: Terapagos|6/100 par\n|-damage|p2b: Sinistcha|0 fnt\n|faint|p2b: Sinistcha\n|-ability|p1b: Calyrex|Chilling Neigh|boost\n|-boost|p1b: Calyrex|atk|1\n|\n|-heal|p1b: Calyrex|99/100|[from] item: Leftovers\n|-sideend|p1: Wakandius_PMSD|move: Light Screen\n|-fieldend|move: Electric Terrain\n|upkeep\n|\n|t:|1776096382\n|switch|p2b: Miraidon|Miraidon, L50|100/100\n|-fieldstart|move: Electric Terrain|[from] ability: Hadron Engine|[of] p2b: Miraidon\n|turn|9\n|\n|t:|1776096391\n|move|p1a: Grimmsnarl|Light Screen|p1a: Grimmsnarl\n|-sidestart|p1: Wakandius_PMSD|move: Light Screen\n|move|p2b: Miraidon|Electro Drift|p1b: Calyrex\n|-damage|p1b: Calyrex|62/100\n|move|p1b: Calyrex|Glacial Lance|p2a: Terapagos|[spread] p2a,p2b\n|-supereffective|p2b: Miraidon\n|-damage|p2a: Terapagos|0 fnt\n|-damage|p2b: Miraidon|10/100\n|faint|p2a: Terapagos\n|detailschange|p2: Terapagos|Terapagos, L50, M|[silent]\n|-ability|p1b: Calyrex|Chilling Neigh|boost\n|-boost|p1b: Calyrex|atk|1\n|\n|-heal|p1b: Calyrex|68/100|[from] item: Leftovers\n|upkeep\n|turn|10\n|-message|asmr_vampir forfeited.\n|\n|win|Wakandius_PMSD\n|raw|Wakandius_PMSD's rating: 1426 &rarr; <strong>1445</strong><br />(+19 for winning)\n|raw|asmr_vampir's rating: 1401 &rarr; <strong>1382</strong><br />(-19 for losing)\n|l|\u2606asmr_vampir\n|player|p2|\n","uploadtime":1776096570,"views":8,"formatid":"gen9vgc2026regi","rating":1382,"private":0,"password":null}