{"id":"gen9vgc2026regi-2564241879","format":"[Gen 9] VGC 2026 Reg I","players":["pigs2fly","Lacossg"],"log":"|j|\u2606pigs2fly\n|j|\u2606Lacossg\n|t:|1774124114\n|gametype|doubles\n|player|p1|pigs2fly|dexio|1526\n|player|p2|Lacossg|2|1707\n|gen|9\n|tier|[Gen 9] VGC 2026 Reg I\n|rated|\n|rule|Species Clause: Limit one of each Pok\u00e9mon\n|rule|Item Clause: Limit 1 of each item\n|clearpoke\n|poke|p1|Annihilape, L50, M|\n|poke|p1|Tornadus, L50, M|\n|poke|p1|Dondozo, L50, M|\n|poke|p1|Tatsugiri, L50, M|\n|poke|p1|Zacian-*, L50|\n|poke|p1|Kyogre, L50|\n|poke|p2|Zacian-*, L50|\n|poke|p2|Iron Valiant, L50|\n|poke|p2|Tyranitar, L50, M|\n|poke|p2|Zamazenta-*, L50|\n|poke|p2|Landorus, L50, M|\n|poke|p2|Tornadus, L50, M|\n|teampreview|4\n|\n|t:|1774124143\n|teamsize|p1|4\n|teamsize|p2|4\n|start\n|switch|p1a: Zacian|Zacian-Crowned, L50, shiny|100/100\n|switch|p1b: Kyogre|Kyogre, L50|100/100\n|switch|p2a: Zamazenta|Zamazenta-Crowned, L50|100/100\n|switch|p2b: Tornadus|Tornadus, L50, M|100/100\n|-ability|p1a: Zacian|Intrepid Sword|boost\n|-boost|p1a: Zacian|atk|1\n|-ability|p2a: Zamazenta|Dauntless Shield|boost\n|-boost|p2a: Zamazenta|def|1\n|-weather|RainDance|[from] ability: Drizzle|[of] p1b: Kyogre\n|turn|1\n|\n|t:|1774124158\n|-terastallize|p2a: Zamazenta|Dragon\n|-terastallize|p1b: Kyogre|Ghost\n|move|p2b: Tornadus|Tailwind|p2b: Tornadus\n|-sidestart|p2: Lacossg|move: Tailwind\n|move|p2a: Zamazenta|Body Press|p1a: Zacian\n|-crit|p1a: Zacian\n|-damage|p1a: Zacian|19/100\n|move|p1a: Zacian|Behemoth Blade|p2b: Tornadus\n|-damage|p2b: Tornadus|0 fnt\n|faint|p2b: Tornadus\n|move|p1b: Kyogre|Water Spout|p2a: Zamazenta\n|-resisted|p2a: Zamazenta\n|-damage|p2a: Zamazenta|52/100\n|\n|-weather|RainDance|[upkeep]\n|upkeep\n|\n|t:|1774124172\n|switch|p2b: Tyranitar|Tyranitar, L50, M|100/100\n|-weather|Sandstorm|[from] ability: Sand Stream|[of] p2b: Tyranitar\n|turn|2\n|\n|t:|1774124177\n|switch|p1a: Dondozo|Dondozo, L50, M|100/100\n|switch|p1b: Tatsugiri|Tatsugiri, L50, M|100/100\n|-activate|p1b: Tatsugiri|ability: Commander|[of] p1a: Dondozo\n|-boost|p1a: Dondozo|atk|2\n|-boost|p1a: Dondozo|spa|2\n|-boost|p1a: Dondozo|spe|2\n|-boost|p1a: Dondozo|def|2\n|-boost|p1a: Dondozo|spd|2\n|move|p2a: Zamazenta|Body Press|p1a: Dondozo\n|-damage|p1a: Dondozo|86/100\n|move|p2b: Tyranitar|Knock Off|p1b: Tatsugiri|[miss]\n|-miss|p2b: Tyranitar|p1b: Tatsugiri\n|\n|-weather|Sandstorm|[upkeep]\n|-damage|p2a: Zamazenta|46/100|[from] Sandstorm\n|-damage|p1b: Tatsugiri|94/100|[from] Sandstorm\n|-damage|p1a: Dondozo|80/100|[from] Sandstorm\n|-heal|p1a: Dondozo|86/100|[from] item: Leftovers\n|upkeep\n|turn|3\n|\n|t:|1774124200\n|move|p1a: Dondozo|Protect|p1a: Dondozo\n|-singleturn|p1a: Dondozo|Protect\n|move|p2a: Zamazenta|Body Press|p1a: Dondozo\n|-activate|p1a: Dondozo|move: Protect\n|move|p2b: Tyranitar|Knock Off|p1a: Dondozo\n|-activate|p1a: Dondozo|move: Protect\n|\n|-weather|Sandstorm|[upkeep]\n|-damage|p2a: Zamazenta|40/100|[from] Sandstorm\n|-damage|p1b: Tatsugiri|88/100|[from] Sandstorm\n|-damage|p1a: Dondozo|80/100|[from] Sandstorm\n|-heal|p1a: Dondozo|86/100|[from] item: Leftovers\n|upkeep\n|turn|4\n|\n|t:|1774124215\n|switch|p2a: Landorus|Landorus, L50, M|100/100\n|move|p2b: Tyranitar|Knock Off|p1a: Dondozo\n|-damage|p1a: Dondozo|66/100\n|-enditem|p1a: Dondozo|Leftovers|[from] move: Knock Off|[of] p2b: Tyranitar\n|move|p1a: Dondozo|Order Up|p2a: Landorus\n|-damage|p2a: Landorus|47/100\n|-boost|p1a: Dondozo|atk|1\n|\n|-weather|Sandstorm|[upkeep]\n|-damage|p1b: Tatsugiri|82/100|[from] Sandstorm\n|-damage|p1a: Dondozo|60/100|[from] Sandstorm\n|-sideend|p2: Lacossg|move: Tailwind\n|upkeep\n|turn|5\n|\n|t:|1774124228\n|move|p1a: Dondozo|Protect|p1a: Dondozo\n|-singleturn|p1a: Dondozo|Protect\n|move|p2a: Landorus|Earth Power|p1a: Dondozo\n|-activate|p1a: Dondozo|move: Protect\n|move|p2b: Tyranitar|Rock Slide|p1a: Dondozo|[spread] \n|-miss|p2b: Tyranitar|p1b: Tatsugiri\n|-activate|p1a: Dondozo|move: Protect\n|\n|-weather|Sandstorm|[upkeep]\n|-damage|p1b: Tatsugiri|75/100|[from] Sandstorm\n|-damage|p1a: Dondozo|53/100|[from] Sandstorm\n|upkeep\n|turn|6\n|\n|t:|1774124247\n|switch|p2b: Zamazenta|Zamazenta-Crowned, L50, tera:Dragon|40/100\n|move|p2a: Landorus|Earth Power|p1a: Dondozo\n|-crit|p1a: Dondozo\n|-damage|p1a: Dondozo|0 fnt\n|faint|p1a: Dondozo\n|\n|-weather|none\n|upkeep\n|\n|t:|1774124251\n|switch|p1a: Kyogre|Kyogre, L50, tera:Ghost|100/100\n|-weather|RainDance|[from] ability: Drizzle|[of] p1a: Kyogre\n|turn|7\n|\n|t:|1774124302\n|move|p2b: Zamazenta|Protect|p2b: Zamazenta\n|-singleturn|p2b: Zamazenta|Protect\n|move|p2a: Landorus|Sandsear Storm|p1a: Kyogre|[spread] p1a,p1b\n|-damage|p1a: Kyogre|71/100\n|-damage|p1b: Tatsugiri|0 fnt\n|faint|p1b: Tatsugiri\n|move|p1a: Kyogre|Ice Beam|p2a: Landorus\n|-supereffective|p2a: Landorus\n|-damage|p2a: Landorus|0 fnt\n|faint|p2a: Landorus\n|\n|-weather|RainDance|[upkeep]\n|upkeep\n|\n|t:|1774124311\n|switch|p2a: Tyranitar|Tyranitar, L50, M|100/100\n|switch|p1b: Zacian|Zacian-Crowned, L50, shiny|19/100\n|-weather|Sandstorm|[from] ability: Sand Stream|[of] p2a: Tyranitar\n|turn|8\n|\n|t:|1774124329\n|move|p1b: Zacian|Behemoth Blade|p2a: Tyranitar\n|-supereffective|p2a: Tyranitar\n|-enditem|p2a: Tyranitar|Focus Sash\n|-damage|p2a: Tyranitar|1/100\n|move|p2b: Zamazenta|Body Press|p1b: Zacian\n|-damage|p1b: Zacian|0 fnt\n|faint|p1b: Zacian\n|move|p2a: Tyranitar|Knock Off|p1a: Kyogre\n|-supereffective|p1a: Kyogre\n|-damage|p1a: Kyogre|0 fnt\n|-enditem|p1a: Kyogre|Assault Vest|[from] move: Knock Off|[of] p2a: Tyranitar\n|faint|p1a: Kyogre\n|\n|win|Lacossg\n|raw|pigs2fly's rating: 1526 &rarr; <strong>1516</strong><br />(-10 for losing)\n|raw|Lacossg's rating: 1707 &rarr; <strong>1717</strong><br />(+10 for winning)\n|l|\u2606pigs2fly\n|player|p1|\n|l|\u2606Lacossg\n|player|p2|\n","uploadtime":1774124339,"views":17,"formatid":"gen9vgc2026regi","rating":1516,"private":0,"password":null}