{"id":"gen9vgc2026regi-2538470855","format":"[Gen 9] VGC 2026 Reg I","players":["infinitygroudon","yamato-tak"],"log":"|j|\u2606infinitygroudon\n|j|\u2606yamato-tak\n|t:|1770930746\n|gametype|doubles\n|player|p1|infinitygroudon|1|1439\n|player|p2|yamato-tak|265|1395\n|gen|9\n|tier|[Gen 9] VGC 2026 Reg I\n|rated|\n|rule|Species Clause: Limit one of each Pok\u00e9mon\n|rule|Item Clause: Limit 1 of each item\n|clearpoke\n|poke|p1|Kyogre, L50|\n|poke|p1|Palkia-Origin, L50|\n|poke|p1|Farigiraf, L50, M|\n|poke|p1|Archaludon, L50, M|\n|poke|p1|Iron Jugulis, L50|\n|poke|p1|Raging Bolt, L50|\n|poke|p2|Miraidon, L50|\n|poke|p2|Calyrex-Ice, L50|\n|poke|p2|Volcarona, L50, F|\n|poke|p2|Araquanid, L50, M|\n|poke|p2|Grimmsnarl, L50, M|\n|poke|p2|Rillaboom, L50, F|\n|teampreview|4\n|inactive|Battle timer is ON: inactive players will automatically lose when time's up. (requested by yamato-tak)\n|inactive|yamato-tak has 60 seconds left.\n|\n|t:|1770930778\n|teamsize|p1|4\n|teamsize|p2|4\n|start\n|switch|p1a: Archibald|Archaludon, L50, M, shiny|100/100\n|switch|p1b: Piratebeard|Kyogre, L50|100/100\n|switch|p2a: Grimmsnarl|Grimmsnarl, L50, M, shiny|100/100\n|switch|p2b: Miraidon|Miraidon, L50, shiny|100/100\n|-weather|RainDance|[from] ability: Drizzle|[of] p1b: Piratebeard\n|-fieldstart|move: Electric Terrain|[from] ability: Hadron Engine|[of] p2b: Miraidon\n|turn|1\n|\n|t:|1770930796\n|move|p2a: Grimmsnarl|Light Screen|p2a: Grimmsnarl\n|-sidestart|p2: yamato-tak|move: Light Screen\n|move|p1b: Piratebeard|Water Spout|p2b: Miraidon|[spread] p2a,p2b\n|-resisted|p2b: Miraidon\n|-damage|p2a: Grimmsnarl|41/100\n|-damage|p2b: Miraidon|76/100\n|move|p2b: Miraidon|Calm Mind|p2b: Miraidon\n|-boost|p2b: Miraidon|spa|1\n|-boost|p2b: Miraidon|spd|1\n|move|p1a: Archibald|Electro Shot||[still]\n|-prepare|p1a: Archibald|Electro Shot\n|-boost|p1a: Archibald|spa|1\n|-anim|p1a: Archibald|Electro Shot|p2b: Miraidon\n|-resisted|p2b: Miraidon\n|-damage|p2b: Miraidon|69/100\n|\n|-weather|RainDance|[upkeep]\n|upkeep\n|turn|2\n|inactive|yamato-tak has 30 seconds left.\n|\n|t:|1770930826\n|move|p2a: Grimmsnarl|Reflect|p2a: Grimmsnarl\n|-sidestart|p2: yamato-tak|Reflect\n|move|p1b: Piratebeard|Water Spout|p2b: Miraidon|[spread] p2a,p2b\n|-resisted|p2b: Miraidon\n|-damage|p2a: Grimmsnarl|0 fnt\n|-damage|p2b: Miraidon|51/100\n|faint|p2a: Grimmsnarl\n|move|p2b: Miraidon|Calm Mind|p2b: Miraidon\n|-boost|p2b: Miraidon|spa|1\n|-boost|p2b: Miraidon|spd|1\n|move|p1a: Archibald|Draco Meteor|p2b: Miraidon|[miss]\n|-miss|p1a: Archibald|p2b: Miraidon\n|\n|-weather|RainDance|[upkeep]\n|upkeep\n|\n|t:|1770930835\n|switch|p2a: Calyrex|Calyrex-Ice, L50|100/100\n|-ability|p2a: Calyrex|As One\n|-ability|p2a: Calyrex|Unnerve\n|turn|3\n|\n|t:|1770930843\n|move|p2a: Calyrex|Protect|p2a: Calyrex\n|-singleturn|p2a: Calyrex|Protect\n|move|p1b: Piratebeard|Water Spout|p2a: Calyrex|[spread] p2b\n|-activate|p2a: Calyrex|move: Protect\n|-resisted|p2b: Miraidon\n|-damage|p2b: Miraidon|40/100\n|move|p2b: Miraidon|Parabolic Charge|p1a: Archibald|[spread] p1a,p1b\n|-activate|p2a: Calyrex|move: Protect\n|-resisted|p1a: Archibald\n|-supereffective|p1b: Piratebeard\n|-damage|p1a: Archibald|70/100\n|-heal|p2b: Miraidon|53/100|[from] drain|[of] p1a: Archibald\n|-damage|p1b: Piratebeard|0 fnt\n|-heal|p2b: Miraidon|98/100|[from] drain|[of] p1b: Piratebeard\n|-ability|p1a: Archibald|Stamina|boost\n|-boost|p1a: Archibald|def|1\n|faint|p1b: Piratebeard\n|move|p1a: Archibald|Draco Meteor|p2b: Miraidon\n|-supereffective|p2b: Miraidon\n|-damage|p2b: Miraidon|47/100\n|-unboost|p1a: Archibald|spa|2\n|\n|-weather|RainDance|[upkeep]\n|upkeep\n|\n|t:|1770930853\n|switch|p1b: Secretariat|Palkia-Origin, L50|100/100\n|-ability|p1b: Secretariat|Pressure\n|turn|4\n|\n|t:|1770930865\n|move|p1b: Secretariat|Protect|p1b: Secretariat\n|-singleturn|p1b: Secretariat|Protect\n|move|p2b: Miraidon|Parabolic Charge|p1a: Archibald|[spread] p2a,p1a\n|-activate|p1b: Secretariat|move: Protect\n|-resisted|p1a: Archibald\n|-damage|p2a: Calyrex|71/100\n|-heal|p2b: Miraidon|62/100|[from] drain|[of] p2a: Calyrex\n|-damage|p1a: Archibald|35/100\n|-heal|p2b: Miraidon|78/100|[from] drain|[of] p1a: Archibald\n|-ability|p1a: Archibald|Stamina|boost\n|-boost|p1a: Archibald|def|1\n|move|p1a: Archibald|Body Press|p2b: Miraidon\n|-damage|p2b: Miraidon|51/100\n|move|p2a: Calyrex|Leech Seed|p1a: Archibald\n|-start|p1a: Archibald|move: Leech Seed\n|\n|-weather|RainDance|[upkeep]\n|-damage|p1a: Archibald|23/100|[from] Leech Seed|[of] p2a: Calyrex\n|-heal|p2a: Calyrex|81/100|[silent]\n|upkeep\n|turn|5\n|\n|t:|1770930879\n|-terastallize|p1b: Secretariat|Ground\n|move|p2a: Calyrex|Protect|p2a: Calyrex\n|-singleturn|p2a: Calyrex|Protect\n|move|p2b: Miraidon|Parabolic Charge|p1a: Archibald|[spread] p1a\n|-activate|p2a: Calyrex|move: Protect\n|-immune|p1b: Secretariat\n|-resisted|p1a: Archibald\n|-damage|p1a: Archibald|0 fnt\n|-heal|p2b: Miraidon|61/100|[from] drain|[of] p1a: Archibald\n|faint|p1a: Archibald\n|move|p1b: Secretariat|Spacial Rend|p2b: Miraidon\n|-supereffective|p2b: Miraidon\n|-crit|p2b: Miraidon\n|-damage|p2b: Miraidon|0 fnt\n|faint|p2b: Miraidon\n|\n|-weather|none\n|-fieldend|move: Electric Terrain\n|upkeep\n|\n|t:|1770930888\n|switch|p2b: Volcarona|Volcarona, L50, F, shiny|100/100\n|switch|p1a: Arbie|Raging Bolt, L50|100/100\n|turn|6\n|\n|t:|1770930905\n|-terastallize|p2b: Volcarona|Grass\n|move|p1b: Secretariat|Hydro Pump|p2a: Calyrex|[miss]\n|-miss|p1b: Secretariat|p2a: Calyrex\n|move|p2b: Volcarona|Quiver Dance|p2b: Volcarona\n|-boost|p2b: Volcarona|spa|1\n|-boost|p2b: Volcarona|spd|1\n|-boost|p2b: Volcarona|spe|1\n|move|p1a: Arbie|Thunderbolt|p2a: Calyrex\n|-damage|p2a: Calyrex|52/100\n|-damage|p1a: Arbie|91/100|[from] item: Life Orb\n|move|p2a: Calyrex|Glacial Lance|p1a: Arbie|[spread] p1a,p1b\n|-supereffective|p1a: Arbie\n|-supereffective|p1b: Secretariat\n|-damage|p1a: Arbie|0 fnt\n|-damage|p1b: Secretariat|10/100\n|faint|p1a: Arbie\n|-end|p1a: Arbie|Protosynthesis|[silent]\n|-ability|p2a: Calyrex|Chilling Neigh|boost\n|-boost|p2a: Calyrex|atk|1\n|\n|upkeep\n|turn|7\n|-message|infinitygroudon forfeited.\n|\n|win|yamato-tak\n|raw|infinitygroudon's rating: 1439 &rarr; <strong>1416</strong><br />(-23 for losing)\n|raw|yamato-tak's rating: 1395 &rarr; <strong>1418</strong><br />(+23 for winning)\n|l|\u2606infinitygroudon\n|player|p1|\n|l|\u2606yamato-tak\n|player|p2|\n","uploadtime":1770931126,"views":26,"formatid":"gen9vgc2026regi","rating":1416,"private":0,"password":null}