{"id":"gen9vgc2026regi-2557379381","format":"[Gen 9] VGC 2026 Reg I","players":["champvdp29","dasabe\u76d6\u6b27\u5361\u4fa0"],"log":"|j|\u2606champvdp29\n|j|\u2606dasabe\u76d6\u6b27\u5361\u4fa0\n|t:|1773320327\n|gametype|doubles\n|player|p1|champvdp29|red|1497\n|player|p2|dasabe\u76d6\u6b27\u5361\u4fa0|may-masters4|1564\n|gen|9\n|tier|[Gen 9] VGC 2026 Reg I\n|rated|\n|rule|Species Clause: Limit one of each Pok\u00e9mon\n|rule|Item Clause: Limit 1 of each item\n|clearpoke\n|poke|p1|Calyrex-Ice, L50|\n|poke|p1|Miraidon, L50|\n|poke|p1|Grimmsnarl, L50, M|\n|poke|p1|Urshifu-*, L50, M|\n|poke|p1|Incineroar, L50, M|\n|poke|p1|Landorus, L50, M|\n|poke|p2|Kyogre, L50|\n|poke|p2|Miraidon, L50|\n|poke|p2|Whimsicott, L50, F|\n|poke|p2|Iron Hands, L50|\n|poke|p2|Farigiraf, L50, F|\n|poke|p2|Urshifu-*, L50, M|\n|teampreview|4\n|inactive|Battle timer is ON: inactive players will automatically lose when time's up. (requested by champvdp29)\n|inactive|dasabe\u76d6\u6b27\u5361\u4fa0 has 60 seconds left.\n|\n|t:|1773320366\n|teamsize|p1|4\n|teamsize|p2|4\n|start\n|switch|p1a: Miraidon|Miraidon, L50|100/100\n|switch|p1b: Grimmsnarl|Grimmsnarl, L50, M|100/100\n|switch|p2a: \u5996\u820d\u7cbe\u62c9|Whimsicott, L50, F, shiny|100/100\n|switch|p2b: \u94f6\u91d1\u5996\u86c7|Miraidon, L50, shiny|100/100\n|-fieldstart|move: Electric Terrain|[from] ability: Hadron Engine|[of] p2b: \u94f6\u91d1\u5996\u86c7\n|-activate|p1a: Miraidon|ability: Hadron Engine\n|turn|1\n|inactive|champvdp29 has 30 seconds left.\n|\n|t:|1773320393\n|move|p2b: \u94f6\u91d1\u5996\u86c7|Protect|p2b: \u94f6\u91d1\u5996\u86c7\n|-singleturn|p2b: \u94f6\u91d1\u5996\u86c7|Protect\n|move|p2a: \u5996\u820d\u7cbe\u62c9|Tailwind|p2a: \u5996\u820d\u7cbe\u62c9\n|-sidestart|p2: dasabe\u76d6\u6b27\u5361\u4fa0|move: Tailwind\n|move|p1b: Grimmsnarl|Light Screen|p1b: Grimmsnarl\n|-sidestart|p1: champvdp29|move: Light Screen\n|move|p1a: Miraidon|Volt Switch|p2a: \u5996\u820d\u7cbe\u62c9\n|-resisted|p2a: \u5996\u820d\u7cbe\u62c9\n|-damage|p2a: \u5996\u820d\u7cbe\u62c9|18/100\n|\n|t:|1773320407\n|switch|p1a: Urshifu|Urshifu-Rapid-Strike, L50, M|100/100|[from] Volt Switch\n|\n|upkeep\n|turn|2\n|\n|t:|1773320423\n|switch|p2a: \u5c0f\u5934\u63a7\u5927\u5934|Farigiraf, L50, F, shiny|100/100\n|-enditem|p2a: \u5c0f\u5934\u63a7\u5927\u5934|Electric Seed\n|-boost|p2a: \u5c0f\u5934\u63a7\u5927\u5934|def|1|[from] item: Electric Seed\n|-terastallize|p2b: \u94f6\u91d1\u5996\u86c7|Fairy\n|move|p2b: \u94f6\u91d1\u5996\u86c7|Dazzling Gleam|p1b: Grimmsnarl|[spread] p1a,p1b\n|-supereffective|p1a: Urshifu\n|-supereffective|p1b: Grimmsnarl\n|-damage|p1a: Urshifu|7/100\n|-damage|p1b: Grimmsnarl|26/100\n|-damage|p2b: \u94f6\u91d1\u5996\u86c7|91/100|[from] item: Life Orb\n|move|p1a: Urshifu|U-turn|p2a: \u5c0f\u5934\u63a7\u5927\u5934\n|-supereffective|p2a: \u5c0f\u5934\u63a7\u5927\u5934\n|-damage|p2a: \u5c0f\u5934\u63a7\u5927\u5934|55/100\n|\n|t:|1773320438\n|switch|p1a: Calyrex|Calyrex-Ice, L50|100/100|[from] U-turn\n|-ability|p1a: Calyrex|As One\n|-ability|p1a: Calyrex|Unnerve\n|move|p1b: Grimmsnarl|Spirit Break|p2b: \u94f6\u91d1\u5996\u86c7\n|-damage|p2b: \u94f6\u91d1\u5996\u86c7|61/100\n|-unboost|p2b: \u94f6\u91d1\u5996\u86c7|spa|1\n|\n|upkeep\n|turn|3\n|\n|t:|1773320453\n|move|p1b: Grimmsnarl|Thunder Wave||[still]\n|cant|p2a: \u5c0f\u5934\u63a7\u5927\u5934|ability: Armor Tail|Thunder Wave|[of] p1b: Grimmsnarl\n|move|p2b: \u94f6\u91d1\u5996\u86c7|Dazzling Gleam|p1b: Grimmsnarl|[spread] p1a,p1b\n|-supereffective|p1b: Grimmsnarl\n|-damage|p1a: Calyrex|86/100\n|-damage|p1b: Grimmsnarl|0 fnt\n|faint|p1b: Grimmsnarl\n|-damage|p2b: \u94f6\u91d1\u5996\u86c7|51/100|[from] item: Life Orb\n|move|p2a: \u5c0f\u5934\u63a7\u5927\u5934|Imprison|p2a: \u5c0f\u5934\u63a7\u5927\u5934\n|-start|p2a: \u5c0f\u5934\u63a7\u5927\u5934|move: Imprison\n|move|p1a: Calyrex|Glacial Lance|p2a: \u5c0f\u5934\u63a7\u5927\u5934|[spread] p2a,p2b\n|-damage|p2a: \u5c0f\u5934\u63a7\u5927\u5934|25/100\n|-damage|p2b: \u94f6\u91d1\u5996\u86c7|0 fnt\n|faint|p2b: \u94f6\u91d1\u5996\u86c7\n|-ability|p1a: Calyrex|Chilling Neigh|boost\n|-boost|p1a: Calyrex|atk|1\n|\n|-heal|p1a: Calyrex|91/100|[from] item: Leftovers\n|upkeep\n|\n|t:|1773320474\n|switch|p2b: \u6210\u90fd\u8001\u76d6|Kyogre, L50, shiny|100/100\n|switch|p1b: Urshifu|Urshifu-Rapid-Strike, L50, M|7/100\n|-weather|RainDance|[from] ability: Drizzle|[of] p2b: \u6210\u90fd\u8001\u76d6\n|turn|4\n|inactive|champvdp29 has 30 seconds left.\n|\n|t:|1773320502\n|-terastallize|p1a: Calyrex|Water\n|move|p2a: \u5c0f\u5934\u63a7\u5927\u5934|Helping Hand|p2b: \u6210\u90fd\u8001\u76d6\n|-singleturn|p2b: \u6210\u90fd\u8001\u76d6|Helping Hand|[of] p2a: \u5c0f\u5934\u63a7\u5927\u5934\n|move|p2b: \u6210\u90fd\u8001\u76d6|Water Spout|p1b: Urshifu|[spread] p1a,p1b\n|-resisted|p1a: Calyrex\n|-crit|p1a: Calyrex\n|-resisted|p1b: Urshifu\n|-damage|p1a: Calyrex|0 fnt\n|-damage|p1b: Urshifu|0 fnt\n|faint|p1a: Calyrex\n|faint|p1b: Urshifu\n|\n|-weather|RainDance|[upkeep]\n|-sideend|p2: dasabe\u76d6\u6b27\u5361\u4fa0|move: Tailwind\n|upkeep\n|\n|t:|1773320513\n|switch|p1a: Miraidon|Miraidon, L50|100/100\n|-activate|p1a: Miraidon|ability: Hadron Engine\n|turn|5\n|\n|t:|1773320517\n|switch|p2b: \u5996\u820d\u7cbe\u62c9|Whimsicott, L50, F, shiny|18/100\n|move|p1a: Miraidon|Electro Drift|p2b: \u5996\u820d\u7cbe\u62c9\n|-resisted|p2b: \u5996\u820d\u7cbe\u62c9\n|-damage|p2b: \u5996\u820d\u7cbe\u62c9|0 fnt\n|faint|p2b: \u5996\u820d\u7cbe\u62c9\n|move|p2a: \u5c0f\u5934\u63a7\u5927\u5934|Trick Room|p2a: \u5c0f\u5934\u63a7\u5927\u5934\n|-fieldstart|move: Trick Room|[of] p2a: \u5c0f\u5934\u63a7\u5927\u5934\n|\n|-weather|RainDance|[upkeep]\n|-fieldend|move: Electric Terrain\n|upkeep\n|\n|t:|1773320519\n|switch|p2b: \u6210\u90fd\u8001\u76d6|Kyogre, L50, shiny|100/100\n|turn|6\n|\n|t:|1773320522\n|move|p2a: \u5c0f\u5934\u63a7\u5927\u5934|Helping Hand|p2b: \u6210\u90fd\u8001\u76d6\n|-singleturn|p2b: \u6210\u90fd\u8001\u76d6|Helping Hand|[of] p2a: \u5c0f\u5934\u63a7\u5927\u5934\n|move|p2b: \u6210\u90fd\u8001\u76d6|Ice Beam|p1a: Miraidon\n|-supereffective|p1a: Miraidon\n|-damage|p1a: Miraidon|27/100\n|move|p1a: Miraidon|Electro Drift|p2b: \u6210\u90fd\u8001\u76d6\n|-supereffective|p2b: \u6210\u90fd\u8001\u76d6\n|-damage|p2b: \u6210\u90fd\u8001\u76d6|0 fnt\n|faint|p2b: \u6210\u90fd\u8001\u76d6\n|\n|-weather|RainDance|[upkeep]\n|upkeep\n|turn|7\n|\n|t:|1773320533\n|move|p2a: \u5c0f\u5934\u63a7\u5927\u5934|Psychic|p1a: Miraidon\n|-damage|p1a: Miraidon|11/100\n|move|p1a: Miraidon|Electro Drift|p2a: \u5c0f\u5934\u63a7\u5927\u5934\n|-damage|p2a: \u5c0f\u5934\u63a7\u5927\u5934|0 fnt\n|faint|p2a: \u5c0f\u5934\u63a7\u5927\u5934\n|\n|win|champvdp29\n|raw|champvdp29's rating: 1497 &rarr; <strong>1521</strong><br />(+24 for winning)\n|raw|dasabe\u76d6\u6b27\u5361\u4fa0's rating: 1564 &rarr; <strong>1540</strong><br />(-24 for losing)\n|l|\u2606dasabe\u76d6\u6b27\u5361\u4fa0\n|player|p2|\n|l|\u2606champvdp29\n|player|p1|\n","uploadtime":1773320796,"views":21,"formatid":"gen9vgc2026regi","rating":1521,"private":0,"password":null}