{"id":"gen9vgc2026regi-2520762139","format":"[Gen 9] VGC 2026 Reg I","players":["schisch","j0l0k0"],"log":"|j|\u2606schisch\n|j|\u2606j0l0k0\n|t:|1768679782\n|gametype|doubles\n|player|p1|schisch|266|1171\n|player|p2|j0l0k0|brycen|1357\n|gen|9\n|tier|[Gen 9] VGC 2026 Reg I\n|rated|\n|rule|Species Clause: Limit one of each Pok\u00e9mon\n|rule|Item Clause: Limit 1 of each item\n|clearpoke\n|poke|p1|Dialga-Origin, L50|\n|poke|p1|Ho-Oh, L50|\n|poke|p1|Ogerpon-Wellspring, L50, F|\n|poke|p1|Flutter Mane, L50|\n|poke|p1|Whimsicott, L50, F|\n|poke|p1|Landorus-Therian, L50, M|\n|poke|p2|Calyrex-Ice, L50|\n|poke|p2|Kyogre, L50|\n|poke|p2|Indeedee-F, L50, F|\n|poke|p2|Urshifu-*, L50, F|\n|poke|p2|Amoonguss, L50, F|\n|poke|p2|Landorus, L50, M|\n|teampreview|4\n|inactive|Battle timer is ON: inactive players will automatically lose when time's up. (requested by j0l0k0)\n|inactive|schisch has 60 seconds left.\n|\n|t:|1768679818\n|teamsize|p1|4\n|teamsize|p2|4\n|start\n|switch|p1a: Whimsicott|Whimsicott, L50, F|100/100\n|switch|p1b: Ho-Oh|Ho-Oh, L50|100/100\n|switch|p2a: Kyogre|Kyogre, L50, shiny|100/100\n|switch|p2b: Indeedee|Indeedee-F, L50, F, shiny|100/100\n|-fieldstart|move: Psychic Terrain|[from] ability: Psychic Surge|[of] p2b: Indeedee\n|-weather|RainDance|[from] ability: Drizzle|[of] p2a: Kyogre\n|turn|1\n|\n|t:|1768679834\n|move|p1a: Whimsicott|Sunny Day|p1a: Whimsicott\n|-weather|SunnyDay\n|move|p1b: Ho-Oh|Sacred Fire|p2b: Indeedee\n|-damage|p2b: Indeedee|0 fnt\n|faint|p2b: Indeedee\n|move|p2a: Kyogre|Hydro Pump|p1b: Ho-Oh|[miss]\n|-miss|p2a: Kyogre|p1b: Ho-Oh\n|\n|-weather|SunnyDay|[upkeep]\n|upkeep\n|\n|t:|1768679850\n|switch|p2b: Urshifu|Urshifu, L50, F|100/100\n|turn|2\n|\n|t:|1768679859\n|move|p1a: Whimsicott|Dazzling Gleam|p2a: Kyogre|[spread] p2a,p2b\n|-supereffective|p2b: Urshifu\n|-damage|p2a: Kyogre|92/100\n|-damage|p2b: Urshifu|2/100\n|move|p2b: Urshifu|Poison Jab|p1a: Whimsicott\n|-supereffective|p1a: Whimsicott\n|-damage|p1a: Whimsicott|0 fnt\n|faint|p1a: Whimsicott\n|move|p1b: Ho-Oh|Sacred Fire|p2a: Kyogre\n|-resisted|p2a: Kyogre\n|-damage|p2a: Kyogre|47/100\n|move|p2a: Kyogre|Hydro Pump|p1b: Ho-Oh\n|-supereffective|p1b: Ho-Oh\n|-damage|p1b: Ho-Oh|60/100\n|\n|-weather|SunnyDay|[upkeep]\n|upkeep\n|\n|t:|1768679876\n|switch|p1a: Dialga|Dialga-Origin, L50|100/100\n|turn|3\n|inactive|j0l0k0 has 30 seconds left.\n|inactive|j0l0k0 has 20 seconds left.\n|inactive|j0l0k0 has 15 seconds left.\n|inactive|j0l0k0 has 10 seconds left.\n|\n|t:|1768679922\n|-terastallize|p1a: Dialga|Fairy\n|move|p2b: Urshifu|Wicked Blow|p1b: Ho-Oh\n|-crit|p1b: Ho-Oh\n|-damage|p1b: Ho-Oh|0 fnt\n|faint|p1b: Ho-Oh\n|move|p1a: Dialga|Flash Cannon|p2b: Urshifu\n|-damage|p2b: Urshifu|0 fnt\n|faint|p2b: Urshifu\n|move|p2a: Kyogre|Hydro Pump|p1a: Dialga\n|-damage|p1a: Dialga|77/100\n|\n|-weather|SunnyDay|[upkeep]\n|upkeep\n|\n|t:|1768679936\n|switch|p2b: Calyrex|Calyrex-Ice, L50|100/100\n|switch|p1b: Ogerpon|Ogerpon-Wellspring, L50, F|100/100\n|-ability|p2b: Calyrex|As One\n|-ability|p2b: Calyrex|Unnerve\n|turn|4\n|\n|t:|1768679961\n|-terastallize|p2b: Calyrex|Normal\n|move|p1b: Ogerpon|Horn Leech|p2b: Calyrex\n|-damage|p2b: Calyrex|75/100\n|move|p1a: Dialga|Flash Cannon|p2b: Calyrex\n|-damage|p2b: Calyrex|36/100\n|move|p2a: Kyogre|Hydro Pump|p1a: Dialga\n|-damage|p1a: Dialga|55/100\n|move|p2b: Calyrex|Trick Room|p2b: Calyrex\n|-fieldstart|move: Trick Room|[of] p2b: Calyrex\n|\n|-weather|SunnyDay|[upkeep]\n|upkeep\n|turn|5\n|\n|t:|1768679980\n|move|p1a: Dialga|Protect|p1a: Dialga\n|-singleturn|p1a: Dialga|Protect\n|move|p2b: Calyrex|Glacial Lance|p1a: Dialga|[spread] p1b\n|-activate|p1a: Dialga|move: Protect\n|-damage|p1b: Ogerpon|25/100\n|move|p2a: Kyogre|Ice Beam|p1b: Ogerpon\n|-damage|p1b: Ogerpon|0 fnt\n|faint|p1b: Ogerpon\n|\n|-weather|none\n|-fieldend|move: Psychic Terrain\n|upkeep\n|turn|6\n|-message|schisch forfeited.\n|\n|win|j0l0k0\n|raw|schisch's rating: 1171 &rarr; <strong>1158</strong><br />(-13 for losing)\n|raw|j0l0k0's rating: 1357 &rarr; <strong>1367</strong><br />(+10 for winning)\n|l|\u2606schisch\n|player|p1|\n|l|\u2606j0l0k0\n|player|p2|\n","uploadtime":1768680163,"views":11,"formatid":"gen9vgc2026regi","rating":1158,"private":0,"password":null}