{"id":"gen9vgc2026regi-2555359887","format":"[Gen 9] VGC 2026 Reg I","players":["Galact7adi","Low Tier Goodra"],"log":"|j|\u2606Galact7adi\n|j|\u2606Low Tier Goodra\n|t:|1773082301\n|gametype|doubles\n|player|p1|Galact7adi|170|1415\n|player|p2|Low Tier Goodra|jasmine|1507\n|gen|9\n|tier|[Gen 9] VGC 2026 Reg I\n|rated|\n|rule|Species Clause: Limit one of each Pok\u00e9mon\n|rule|Item Clause: Limit 1 of each item\n|clearpoke\n|poke|p1|Brute Bonnet, L50|\n|poke|p1|Lunala, L50|\n|poke|p1|Ursaluna, L50, M|\n|poke|p1|Chi-Yu, L50|\n|poke|p1|Koraidon, L50|\n|poke|p1|Flutter Mane, L50|\n|poke|p2|Calyrex-Ice, L50|\n|poke|p2|Kyogre, L50|\n|poke|p2|Sinistcha-Masterpiece, L50|\n|poke|p2|Rillaboom, L50, M|\n|poke|p2|Ursaluna, L50, F|\n|poke|p2|Incineroar, L50, M|\n|teampreview|4\n|inactive|Battle timer is ON: inactive players will automatically lose when time's up. (requested by Galact7adi)\n|inactive|Low Tier Goodra has 60 seconds left.\n|inactive|Galact7adi has 60 seconds left.\n|\n|t:|1773082349\n|teamsize|p1|4\n|teamsize|p2|4\n|start\n|switch|p1a: Lunala|Lunala, L50|100/100\n|switch|p1b: Brute Bonnet|Brute Bonnet, L50|100/100\n|switch|p2a: Calyrex|Calyrex-Ice, L50|100/100\n|switch|p2b: Rillaboom|Rillaboom, L50, M|100/100\n|-ability|p2a: Calyrex|As One\n|-ability|p2a: Calyrex|Unnerve\n|-fieldstart|move: Grassy Terrain|[from] ability: Grassy Surge|[of] p2b: Rillaboom\n|turn|1\n|j| slifhj4\n|l| slifhj4\n|j| slifhj4\n|inactive|Galact7adi has 30 seconds left.\n|\n|t:|1773082389\n|-terastallize|p2a: Calyrex|Water\n|move|p2b: Rillaboom|Taunt|p1b: Brute Bonnet\n|-start|p1b: Brute Bonnet|move: Taunt\n|move|p1a: Lunala|Meteor Beam||[still]\n|-prepare|p1a: Lunala|Meteor Beam\n|-boost|p1a: Lunala|spa|1\n|-enditem|p1a: Lunala|Power Herb\n|-anim|p1a: Lunala|Meteor Beam|p2a: Calyrex\n|-damage|p2a: Calyrex|66/100\n|cant|p1b: Brute Bonnet|move: Taunt|Spore\n|move|p2a: Calyrex|Leech Seed|p1a: Lunala\n|-start|p1a: Lunala|move: Leech Seed\n|\n|-heal|p2a: Calyrex|72/100|[from] Grassy Terrain\n|-damage|p1a: Lunala|88/100|[from] Leech Seed|[of] p2a: Calyrex\n|-heal|p2a: Calyrex|85/100|[silent]\n|upkeep\n|turn|2\n|\n|t:|1773082409\n|move|p2a: Calyrex|Protect|p2a: Calyrex\n|-singleturn|p2a: Calyrex|Protect\n|move|p2b: Rillaboom|Wood Hammer|p1a: Lunala\n|-damage|p1a: Lunala|28/100\n|-damage|p2b: Rillaboom|76/100|[from] Recoil\n|move|p1a: Lunala|Moongeist Beam|p2b: Rillaboom\n|-damage|p2b: Rillaboom|0 fnt\n|faint|p2b: Rillaboom\n|move|p1b: Brute Bonnet|Seed Bomb|p2a: Calyrex\n|-activate|p2a: Calyrex|move: Protect\n|\n|-heal|p1a: Lunala|34/100|[from] Grassy Terrain\n|-heal|p2a: Calyrex|91/100|[from] Grassy Terrain\n|-damage|p1a: Lunala|22/100|[from] Leech Seed|[of] p2a: Calyrex\n|-heal|p2a: Calyrex|100/100|[silent]\n|upkeep\n|\n|t:|1773082421\n|switch|p2b: Kyogre|Kyogre, L50|100/100\n|-weather|RainDance|[from] ability: Drizzle|[of] p2b: Kyogre\n|turn|3\n|inactive|Galact7adi has 30 seconds left.\n|\n|t:|1773082446\n|-terastallize|p1b: Brute Bonnet|Water\n|move|p2b: Kyogre|Protect|p2b: Kyogre\n|-singleturn|p2b: Kyogre|Protect\n|move|p1a: Lunala|Moongeist Beam|p2b: Kyogre\n|-activate|p2b: Kyogre|move: Protect\n|move|p1b: Brute Bonnet|Seed Bomb|p2a: Calyrex\n|-supereffective|p2a: Calyrex\n|-damage|p2a: Calyrex|45/100\n|move|p2a: Calyrex|Trick Room|p2a: Calyrex\n|-fieldstart|move: Trick Room|[of] p2a: Calyrex\n|\n|-weather|RainDance|[upkeep]\n|-heal|p2a: Calyrex|51/100|[from] Grassy Terrain\n|-heal|p1a: Lunala|28/100|[from] Grassy Terrain\n|-damage|p1a: Lunala|16/100|[from] Leech Seed|[of] p2a: Calyrex\n|-heal|p2a: Calyrex|65/100|[silent]\n|-end|p1b: Brute Bonnet|move: Taunt\n|upkeep\n|turn|4\n|j| globalfish39\n|inactive|Low Tier Goodra has 30 seconds left.\n|inactive|Low Tier Goodra has 20 seconds left.\n|\n|t:|1773082485\n|move|p1a: Lunala|Wide Guard|p1a: Lunala\n|-singleturn|p1a: Lunala|Wide Guard\n|move|p2b: Kyogre|Thunder|p1b: Brute Bonnet\n|-supereffective|p1b: Brute Bonnet\n|-damage|p1b: Brute Bonnet|28/100\n|move|p2a: Calyrex|Leech Seed|p1b: Brute Bonnet\n|-start|p1b: Brute Bonnet|move: Leech Seed\n|move|p1b: Brute Bonnet|Spore|p2b: Kyogre\n|-status|p2b: Kyogre|slp|[from] move: Spore\n|\n|-weather|RainDance|[upkeep]\n|-heal|p2a: Calyrex|71/100|[from] Grassy Terrain\n|-heal|p1b: Brute Bonnet|34/100|[from] Grassy Terrain\n|-heal|p1a: Lunala|22/100|[from] Grassy Terrain\n|-damage|p1b: Brute Bonnet|22/100|[from] Leech Seed|[of] p2a: Calyrex\n|-heal|p2a: Calyrex|84/100|[silent]\n|-damage|p1a: Lunala|10/100|[from] Leech Seed|[of] p2a: Calyrex\n|-heal|p2a: Calyrex|97/100|[silent]\n|upkeep\n|turn|5\n|inactive|Low Tier Goodra has 30 seconds left.\n|inactive|Low Tier Goodra has 20 seconds left.\n|inactive|Low Tier Goodra has 15 seconds left.\n|\n|t:|1773082525\n|switch|p2b: Sinistcha|Sinistcha-Masterpiece, L50|100/100\n|-enditem|p2b: Sinistcha|Grassy Seed\n|-boost|p2b: Sinistcha|def|1|[from] item: Grassy Seed\n|-end|p1b: Brute Bonnet|Protosynthesis|[silent]\n|switch|p1b: Ursaluna|Ursaluna, L50, M|100/100\n|move|p2a: Calyrex|Protect|p2a: Calyrex\n|-singleturn|p2a: Calyrex|Protect\n|move|p1a: Lunala|Wide Guard||[still]\n|-fail|p1a: Lunala\n|\n|-weather|RainDance|[upkeep]\n|-heal|p2a: Calyrex|100/100|[from] Grassy Terrain\n|-heal|p1a: Lunala|16/100|[from] Grassy Terrain\n|-damage|p1a: Lunala|4/100|[from] Leech Seed|[of] p2a: Calyrex\n|-fieldend|move: Grassy Terrain\n|-status|p1b: Ursaluna|brn|[from] item: Flame Orb\n|upkeep\n|turn|6\n|inactive|Galact7adi has 30 seconds left.\n|inactive|Low Tier Goodra has 30 seconds left.\n|inactive|Low Tier Goodra has 20 seconds left.\n|\n|t:|1773082563\n|move|p1b: Ursaluna|Protect|p1b: Ursaluna\n|-singleturn|p1b: Ursaluna|Protect\n|move|p2a: Calyrex|Glacial Lance|p1b: Ursaluna|[spread] p1a\n|-activate|p1b: Ursaluna|move: Protect\n|-damage|p1a: Lunala|0 fnt\n|faint|p1a: Lunala\n|-ability|p2a: Calyrex|Chilling Neigh|boost\n|-boost|p2a: Calyrex|atk|1\n|move|p2b: Sinistcha|Calm Mind|p2b: Sinistcha\n|-boost|p2b: Sinistcha|spa|1\n|-boost|p2b: Sinistcha|spd|1\n|\n|-weather|RainDance|[upkeep]\n|-damage|p1b: Ursaluna|95/100 brn|[from] brn\n|upkeep\n|\n|t:|1773082576\n|switch|p1a: Koraidon|Koraidon, L50|100/100\n|-weather|SunnyDay|[from] ability: Orichalcum Pulse|[of] p1a: Koraidon\n|-activate|p1a: Koraidon|Orichalcum Pulse|[source]\n|turn|7\n|\n|t:|1773082584\n|switch|p2a: Kyogre|Kyogre, L50|100/100 slp\n|-weather|RainDance|[from] ability: Drizzle|[of] p2a: Kyogre\n|move|p1a: Koraidon|Protect|p1a: Koraidon\n|-singleturn|p1a: Koraidon|Protect\n|move|p1b: Ursaluna|Facade|p2a: Kyogre\n|-damage|p2a: Kyogre|0 fnt\n|faint|p2a: Kyogre\n|move|p2b: Sinistcha|Matcha Gotcha|p1b: Ursaluna|[spread] \n|-activate|p1a: Koraidon|move: Protect\n|-miss|p2b: Sinistcha|p1b: Ursaluna\n|\n|-weather|RainDance|[upkeep]\n|-damage|p1b: Ursaluna|89/100 brn|[from] brn\n|-fieldend|move: Trick Room\n|upkeep\n|\n|t:|1773082595\n|switch|p2a: Calyrex|Calyrex-Ice, L50, tera:Water|100/100\n|-ability|p2a: Calyrex|As One\n|-ability|p2a: Calyrex|Unnerve\n|turn|8\n|\n|t:|1773082613\n|switch|p1a: Brute Bonnet|Brute Bonnet, L50, tera:Water|22/100\n|move|p2b: Sinistcha|Matcha Gotcha|p1b: Ursaluna|[spread] p1a,p1b\n|-supereffective|p1a: Brute Bonnet\n|-supereffective|p1b: Ursaluna\n|-damage|p1a: Brute Bonnet|0 fnt\n|-damage|p1b: Ursaluna|3/100 brn\n|faint|p1a: Brute Bonnet\n|-end|p1a: Brute Bonnet|Protosynthesis|[silent]\n|move|p2a: Calyrex|Glacial Lance|p1b: Ursaluna\n|-supereffective|p1b: Ursaluna\n|-damage|p1b: Ursaluna|0 fnt\n|faint|p1b: Ursaluna\n|-ability|p2a: Calyrex|Chilling Neigh|boost\n|-boost|p2a: Calyrex|atk|1\n|\n|-weather|RainDance|[upkeep]\n|upkeep\n|\n|t:|1773082620\n|switch|p1b: Koraidon|Koraidon, L50|100/100\n|-weather|SunnyDay|[from] ability: Orichalcum Pulse|[of] p1b: Koraidon\n|-activate|p1b: Koraidon|Orichalcum Pulse|[source]\n|turn|9\n|\n|t:|1773082633\n|move|p2a: Calyrex|Protect|p2a: Calyrex\n|-singleturn|p2a: Calyrex|Protect\n|move|p1b: Koraidon|Close Combat|p2a: Calyrex\n|-activate|p2a: Calyrex|move: Protect\n|move|p2b: Sinistcha|Trick Room|p2b: Sinistcha\n|-fieldstart|move: Trick Room|[of] p2b: Sinistcha\n|\n|-weather|SunnyDay|[upkeep]\n|upkeep\n|turn|10\n|-message|Galact7adi forfeited.\n|\n|win|Low Tier Goodra\n|raw|Galact7adi's rating: 1415 &rarr; <strong>1400</strong><br />(-15 for losing)\n|raw|Low Tier Goodra's rating: 1507 &rarr; <strong>1522</strong><br />(+15 for winning)\n|l|\u2606Galact7adi\n|player|p1|\n|l|\u2606Low Tier Goodra\n|player|p2|\n","uploadtime":1773082890,"views":23,"formatid":"gen9vgc2026regi","rating":1400,"private":0,"password":null}