{"id":"gen9vgc2026regi-2562532988","format":"[Gen 9] VGC 2026 Reg I","players":["sumire666","itastelikeiron"],"log":"|j|\u2606sumire666\n|j|\u2606itastelikeiron\n|t:|1773927853\n|gametype|doubles\n|player|p1|sumire666|169|1306\n|player|p2|itastelikeiron|infielder|1413\n|gen|9\n|tier|[Gen 9] VGC 2026 Reg I\n|rated|\n|rule|Species Clause: Limit one of each Pok\u00e9mon\n|rule|Item Clause: Limit 1 of each item\n|clearpoke\n|poke|p1|Ho-Oh, L50|\n|poke|p1|Eternatus, L50|\n|poke|p1|Incineroar, L50, F|\n|poke|p1|Grimmsnarl, L50, M|\n|poke|p1|Ting-Lu, L50|\n|poke|p1|Rhydon, L50, M|\n|poke|p2|Ting-Lu, L50|\n|poke|p2|Ogerpon-Hearthflame, L50, F|\n|poke|p2|Calyrex-Shadow, L50|\n|poke|p2|Koraidon, L50|\n|poke|p2|Dondozo, L50, M|\n|poke|p2|Raging Bolt, L50|\n|teampreview|4\n|inactive|Battle timer is ON: inactive players will automatically lose when time's up. (requested by sumire666)\n|j| JGPY\n|\n|t:|1773927878\n|teamsize|p1|4\n|teamsize|p2|4\n|start\n|switch|p1a: Eternatus|Eternatus, L50|100/100\n|switch|p1b: Incineroar|Incineroar, L50, F|100/100\n|switch|p2a: Ogerpon|Ogerpon-Hearthflame, L50, F|100/100\n|switch|p2b: Ting-Lu|Ting-Lu, L50|100/100\n|-ability|p2a: Ogerpon|Mold Breaker\n|-ability|p1a: Eternatus|Pressure\n|-ability|p1b: Incineroar|Intimidate|boost\n|-unboost|p2a: Ogerpon|atk|1\n|-unboost|p2b: Ting-Lu|atk|1\n|-ability|p2b: Ting-Lu|Vessel of Ruin\n|turn|1\n|\n|t:|1773927890\n|move|p2a: Ogerpon|Taunt|p1a: Eternatus\n|-start|p1a: Eternatus|move: Taunt\n|cant|p1a: Eternatus|move: Taunt|Cosmic Power\n|move|p1b: Incineroar|Knock Off|p2b: Ting-Lu\n|-resisted|p2b: Ting-Lu\n|-damage|p2b: Ting-Lu|92/100\n|-damage|p1b: Incineroar|84/100|[from] item: Rocky Helmet|[of] p2b: Ting-Lu\n|-enditem|p2b: Ting-Lu|Rocky Helmet|[from] move: Knock Off|[of] p1b: Incineroar\n|move|p2b: Ting-Lu|Sand Tomb|p1a: Eternatus\n|-supereffective|p1a: Eternatus\n|-damage|p1a: Eternatus|87/100\n|-activate|p1a: Eternatus|move: Sand Tomb|[of] p2b: Ting-Lu\n|\n|-damage|p1a: Eternatus|75/100|[from] move: Sand Tomb|[partiallytrapped]\n|upkeep\n|turn|2\n|\n|t:|1773927910\n|move|p2a: Ogerpon|Spiky Shield|p2a: Ogerpon\n|-singleturn|p2a: Ogerpon|move: Protect\n|move|p1a: Eternatus|Fire Spin|p2a: Ogerpon\n|-activate|p2a: Ogerpon|move: Protect\n|move|p2b: Ting-Lu|Stealth Rock|p1a: Eternatus\n|-sidestart|p1: sumire666|move: Stealth Rock\n|move|p1b: Incineroar|Roar|p2b: Ting-Lu\n|drag|p2b: Calyrex|Calyrex-Shadow, L50|100/100\n|-ability|p2b: Calyrex|As One\n|-ability|p2b: Calyrex|Unnerve\n|\n|-end|p1a: Eternatus|Sand Tomb|[partiallytrapped]|[silent]\n|upkeep\n|turn|3\n|\n|t:|1773927930\n|switch|p1a: Ting-Lu|Ting-Lu, L50|100/100\n|-damage|p1a: Ting-Lu|94/100|[from] Stealth Rock\n|-ability|p1a: Ting-Lu|Vessel of Ruin\n|move|p2a: Ogerpon|Follow Me|p2a: Ogerpon\n|-singleturn|p2a: Ogerpon|move: Follow Me\n|move|p2b: Calyrex|Psychic|p1a: Ting-Lu\n|-immune|p1a: Ting-Lu\n|move|p1b: Incineroar|Knock Off|p2a: Ogerpon\n|-damage|p2a: Ogerpon|73/100\n|\n|upkeep\n|turn|4\n|\n|t:|1773927951\n|switch|p2b: Ting-Lu|Ting-Lu, L50|92/100\n|-ability|p2b: Ting-Lu|Vessel of Ruin\n|switch|p2a: Koraidon|Koraidon, L50|100/100\n|-weather|SunnyDay|[from] ability: Orichalcum Pulse|[of] p2a: Koraidon\n|-activate|p2a: Koraidon|Orichalcum Pulse|[source]\n|move|p1b: Incineroar|Parting Shot|p2a: Koraidon\n|-fail|p2a: Koraidon|unboost|[from] item: Clear Amulet|[of] p2a: Koraidon\n|move|p1a: Ting-Lu|Sand Tomb|p2a: Koraidon|[miss]\n|-miss|p1a: Ting-Lu|p2a: Koraidon\n|\n|-weather|SunnyDay|[upkeep]\n|upkeep\n|turn|5\n|inactive|sumire666 has 30 seconds left.\n|\n|t:|1773927981\n|switch|p1b: Eternatus|Eternatus, L50|75/100\n|-damage|p1b: Eternatus|62/100|[from] Stealth Rock\n|-ability|p1b: Eternatus|Pressure\n|move|p2a: Koraidon|Collision Course|p1b: Eternatus\n|-resisted|p1b: Eternatus\n|-damage|p1b: Eternatus|37/100\n|move|p1a: Ting-Lu|Fissure|p2a: Koraidon|[miss]\n|-miss|p1a: Ting-Lu|p2a: Koraidon\n|move|p2b: Ting-Lu|Ruination|p1a: Ting-Lu\n|-damage|p1a: Ting-Lu|47/100\n|\n|-weather|SunnyDay|[upkeep]\n|upkeep\n|turn|6\n|\n|t:|1773927999\n|-terastallize|p2a: Koraidon|Fire\n|move|p2a: Koraidon|Flare Blitz|p1b: Eternatus\n|-resisted|p1b: Eternatus\n|-damage|p1b: Eternatus|0 fnt\n|faint|p1b: Eternatus\n|-damage|p2a: Koraidon|85/100|[from] Recoil\n|move|p1a: Ting-Lu|Fissure|p2a: Koraidon|[miss]\n|-miss|p1a: Ting-Lu|p2a: Koraidon\n|move|p2b: Ting-Lu|Sand Tomb|p1a: Ting-Lu\n|-damage|p1a: Ting-Lu|41/100\n|-activate|p1a: Ting-Lu|move: Sand Tomb|[of] p2b: Ting-Lu\n|\n|-weather|SunnyDay|[upkeep]\n|-damage|p1a: Ting-Lu|28/100|[from] move: Sand Tomb|[partiallytrapped]\n|upkeep\n|inactive|sumire666 has 30 seconds left.\n|inactive|sumire666 has 20 seconds left.\n|inactive|sumire666 has 15 seconds left.\n|inactive|sumire666 has 10 seconds left.\n|inactive|sumire666 has 5 seconds left.\n|\n|t:|1773928054\n|switch|p1b: Ho-Oh|Ho-Oh, L50|100/100\n|-damage|p1b: Ho-Oh|51/100|[from] Stealth Rock\n|turn|7\n|inactive|sumire666 has 30 seconds left.\n|inactive|sumire666 has 20 seconds left.\n|inactive|sumire666 has 15 seconds left.\n|inactive|sumire666 has 10 seconds left.\n|inactive|sumire666 has 5 seconds left.\n|\n|t:|1773928109\n|move|p2a: Koraidon|Flare Blitz|p1b: Ho-Oh\n|-resisted|p1b: Ho-Oh\n|-damage|p1b: Ho-Oh|13/100\n|-damage|p2a: Koraidon|69/100|[from] item: Rocky Helmet|[of] p1b: Ho-Oh\n|-damage|p2a: Koraidon|55/100|[from] Recoil\n|move|p1b: Ho-Oh|Sacred Fire|p2b: Ting-Lu\n|-damage|p2b: Ting-Lu|62/100\n|-status|p2b: Ting-Lu|brn\n|move|p1a: Ting-Lu|Snarl|p2b: Ting-Lu|[spread] p2a,p2b\n|-resisted|p2b: Ting-Lu\n|-damage|p2a: Koraidon|48/100\n|-damage|p2b: Ting-Lu|60/100 brn\n|-unboost|p2b: Ting-Lu|spa|1\n|move|p2b: Ting-Lu|Ruination|p1a: Ting-Lu\n|-damage|p1a: Ting-Lu|15/100\n|\n|-weather|SunnyDay|[upkeep]\n|-damage|p2b: Ting-Lu|54/100 brn|[from] brn\n|-damage|p1a: Ting-Lu|2/100|[from] move: Sand Tomb|[partiallytrapped]\n|upkeep\n|turn|8\n|inactive|sumire666 has 30 seconds left.\n|inactive|sumire666 has 20 seconds left.\n|inactive|sumire666 has 15 seconds left.\n|inactive|sumire666 has 10 seconds left.\n|inactive|sumire666 has 5 seconds left.\n|\n|t:|1773928164\n|move|p2b: Ting-Lu|Protect|p2b: Ting-Lu\n|-singleturn|p2b: Ting-Lu|Protect\n|move|p2a: Koraidon|Flare Blitz|p1b: Ho-Oh\n|-resisted|p1b: Ho-Oh\n|-damage|p1b: Ho-Oh|0 fnt\n|-damage|p2a: Koraidon|32/100|[from] item: Rocky Helmet|[of] p1b: Ho-Oh\n|faint|p1b: Ho-Oh\n|-damage|p2a: Koraidon|27/100|[from] Recoil\n|move|p1a: Ting-Lu|Snarl|p2b: Ting-Lu|[spread] p2a\n|-activate|p2b: Ting-Lu|move: Protect\n|-damage|p2a: Koraidon|20/100\n|\n|-weather|none\n|-damage|p2b: Ting-Lu|47/100 brn|[from] brn\n|-damage|p1a: Ting-Lu|0 fnt|[from] move: Sand Tomb|[partiallytrapped]\n|faint|p1a: Ting-Lu\n|upkeep\n|inactive|sumire666 has 30 seconds left.\n|inactive|sumire666 has 20 seconds left.\n|inactive|sumire666 has 15 seconds left.\n|inactive|sumire666 has 10 seconds left.\n|inactive|sumire666 has 5 seconds left.\n|\n|t:|1773928219\n|switch|p1a: Incineroar|Incineroar, L50, F|84/100\n|-damage|p1a: Incineroar|59/100|[from] Stealth Rock\n|-ability|p1a: Incineroar|Intimidate|boost\n|-fail|p2a: Koraidon|unboost|[from] item: Clear Amulet|[of] p2a: Koraidon\n|-unboost|p2b: Ting-Lu|atk|1\n|turn|9\n|inactive|sumire666 has 30 seconds left.\n|inactive|sumire666 has 20 seconds left.\n|inactive|sumire666 has 15 seconds left.\n|inactive|sumire666 has 10 seconds left.\n|inactive|sumire666 has 5 seconds left.\n|\n|t:|1773928274\n|move|p2a: Koraidon|Protect|p2a: Koraidon\n|-singleturn|p2a: Koraidon|Protect\n|move|p1a: Incineroar|Fake Out|p2a: Koraidon\n|-activate|p2a: Koraidon|move: Protect\n|move|p2b: Ting-Lu|Ruination|p1a: Incineroar\n|-damage|p1a: Incineroar|30/100\n|\n|-damage|p2b: Ting-Lu|41/100 brn|[from] brn\n|upkeep\n|turn|10\n|inactive|sumire666 has 30 seconds left.\n|inactive|sumire666 has 20 seconds left.\n|inactive|sumire666 has 15 seconds left.\n|inactive|sumire666 has 10 seconds left.\n|inactive|sumire666 has 5 seconds left.\n|-message|sumire666 lost due to inactivity.\n|\n|win|itastelikeiron\n|raw|sumire666's rating: 1328 &rarr; <strong>1313</strong><br />(-15 for losing)\n|raw|itastelikeiron's rating: 1413 &rarr; <strong>1428</strong><br />(+15 for winning)\n|l|\u2606itastelikeiron\n|player|p2|\n","uploadtime":1773928465,"views":12,"formatid":"gen9vgc2026regi","rating":1313,"private":0,"password":null}