{"id":"gen9vgc2026regi-2568083659","format":"[Gen 9] VGC 2026 Reg I","players":["MVPHEE","Cello L."],"log":"|j|\u2606MVPHEE\n|j|\u2606Cello L.\n|t:|1774546126\n|gametype|doubles\n|player|p1|MVPHEE|265|1498\n|player|p2|Cello L.|cynthia-gen4|1453\n|gen|9\n|tier|[Gen 9] VGC 2026 Reg I\n|rated|\n|rule|Species Clause: Limit one of each Pok\u00e9mon\n|rule|Item Clause: Limit 1 of each item\n|clearpoke\n|poke|p1|Amoonguss, L50, F|\n|poke|p1|Calyrex-Ice, L50|\n|poke|p1|Kyogre, L50|\n|poke|p1|Grimmsnarl, L50, M|\n|poke|p1|Flutter Mane, L50|\n|poke|p1|Basculegion, L50, M|\n|poke|p2|Kyogre, L50|\n|poke|p2|Calyrex-Ice, L50|\n|poke|p2|Flutter Mane, L50|\n|poke|p2|Urshifu-*, L50, M|\n|poke|p2|Rillaboom, L50, F|\n|poke|p2|Amoonguss, L50, M|\n|teampreview|4\nMVPHEE has agreed to open team sheets.\n|\n|t:|1774546174\n|teamsize|p1|4\n|teamsize|p2|4\n|start\n|switch|p1a: Calyrex|Calyrex-Ice, L50|100/100\n|switch|p1b: Grimmsnarl|Grimmsnarl, L50, M|100/100\n|switch|p2a: Calyrex|Calyrex-Ice, L50|100/100\n|switch|p2b: Rillaboom|Rillaboom, L50, F|100/100\n|-ability|p2a: Calyrex|As One\n|-ability|p2a: Calyrex|Unnerve\n|-ability|p1a: Calyrex|As One\n|-ability|p1a: Calyrex|Unnerve\n|-fieldstart|move: Grassy Terrain|[from] ability: Grassy Surge|[of] p2b: Rillaboom\n|turn|1\n|\n|t:|1774546191\n|move|p1a: Calyrex|Protect|p1a: Calyrex\n|-singleturn|p1a: Calyrex|Protect\n|move|p1b: Grimmsnarl|Reflect|p1b: Grimmsnarl\n|-sidestart|p1: MVPHEE|Reflect\n|move|p2b: Rillaboom|U-turn|p1b: Grimmsnarl\n|-damage|p1b: Grimmsnarl|85/100\n|inactive|Battle timer is ON: inactive players will automatically lose when time's up. (requested by MVPHEE)\n|\n|t:|1774546205\n|switch|p2b: Kyogre|Kyogre, L50|100/100|[from] U-turn\n|-weather|RainDance|[from] ability: Drizzle|[of] p2b: Kyogre\n|move|p2a: Calyrex|Glacial Lance|p1b: Grimmsnarl|[spread] p1b\n|-activate|p1a: Calyrex|move: Protect\n|-damage|p1b: Grimmsnarl|51/100\n|\n|-weather|RainDance|[upkeep]\n|-heal|p1b: Grimmsnarl|57/100|[from] Grassy Terrain\n|upkeep\n|turn|2\n|\n|t:|1774546218\n|move|p1b: Grimmsnarl|Light Screen|p1b: Grimmsnarl\n|-sidestart|p1: MVPHEE|move: Light Screen\n|move|p2b: Kyogre|Water Spout|p1a: Calyrex|[spread] p1a,p1b\n|-damage|p1a: Calyrex|48/100\n|-damage|p1b: Grimmsnarl|0 fnt\n|faint|p1b: Grimmsnarl\n|move|p2a: Calyrex|Glacial Lance|p1a: Calyrex\n|-resisted|p1a: Calyrex\n|-damage|p1a: Calyrex|37/100\n|move|p1a: Calyrex|Trick Room|p1a: Calyrex\n|-fieldstart|move: Trick Room|[of] p1a: Calyrex\n|\n|-weather|RainDance|[upkeep]\n|-heal|p1a: Calyrex|43/100|[from] Grassy Terrain\n|-heal|p1a: Calyrex|49/100|[from] item: Leftovers\n|upkeep\n|\n|t:|1774546228\n|switch|p1b: Amoonguss|Amoonguss, L50, F|100/100\n|turn|3\n|\n|t:|1774546239\n|move|p1b: Amoonguss|Spore|p2a: Calyrex\n|-status|p2a: Calyrex|slp|[from] move: Spore\n|move|p1a: Calyrex|Glacial Lance|p2a: Calyrex|[spread] p2a,p2b\n|-resisted|p2a: Calyrex\n|-resisted|p2b: Kyogre\n|-damage|p2a: Calyrex|88/100 slp\n|-damage|p2b: Kyogre|78/100\n|cant|p2a: Calyrex|slp\n|move|p2b: Kyogre|Water Spout|p1b: Amoonguss|[spread] p1a,p1b\n|-resisted|p1b: Amoonguss\n|-damage|p1a: Calyrex|13/100\n|-damage|p1b: Amoonguss|75/100\n|\n|-weather|RainDance|[upkeep]\n|-heal|p1b: Amoonguss|80/100|[from] Grassy Terrain\n|-heal|p1a: Calyrex|18/100|[from] Grassy Terrain\n|-heal|p2a: Calyrex|94/100 slp|[from] Grassy Terrain\n|-heal|p1a: Calyrex|24/100|[from] item: Leftovers\n|-heal|p2a: Calyrex|99/100 slp|[from] item: Leftovers\n|-heal|p2b: Kyogre|84/100|[from] Grassy Terrain\n|upkeep\n|turn|4\n|\n|t:|1774546259\n|move|p1b: Amoonguss|Pollen Puff|p1a: Calyrex\n|-heal|p1a: Calyrex|74/100\n|cant|p2a: Calyrex|slp\n|move|p1a: Calyrex|Glacial Lance|p2a: Calyrex|[spread] p2a,p2b\n|-resisted|p2a: Calyrex\n|-resisted|p2b: Kyogre\n|-crit|p2b: Kyogre\n|-damage|p2a: Calyrex|88/100 slp\n|-damage|p2b: Kyogre|45/100\n|move|p2b: Kyogre|Water Spout|p1b: Amoonguss|[spread] p1a,p1b\n|-crit|p1a: Calyrex\n|-resisted|p1b: Amoonguss\n|-damage|p1a: Calyrex|23/100\n|-damage|p1b: Amoonguss|66/100\n|\n|-weather|RainDance|[upkeep]\n|-heal|p1b: Amoonguss|72/100|[from] Grassy Terrain\n|-heal|p2a: Calyrex|94/100 slp|[from] Grassy Terrain\n|-heal|p1a: Calyrex|29/100|[from] Grassy Terrain\n|-heal|p2a: Calyrex|99/100 slp|[from] item: Leftovers\n|-heal|p1a: Calyrex|34/100|[from] item: Leftovers\n|-heal|p2b: Kyogre|51/100|[from] Grassy Terrain\n|upkeep\n|turn|5\n|\n|t:|1774546279\n|move|p2b: Kyogre|Protect|p2b: Kyogre\n|-singleturn|p2b: Kyogre|Protect\n|move|p1b: Amoonguss|Pollen Puff|p1a: Calyrex\n|-heal|p1a: Calyrex|84/100\n|move|p1a: Calyrex|Glacial Lance|p2a: Calyrex|[spread] p2a\n|-activate|p2b: Kyogre|move: Protect\n|-resisted|p2a: Calyrex\n|-damage|p2a: Calyrex|87/100 slp\n|cant|p2a: Calyrex|slp\n|\n|-weather|none\n|-heal|p1b: Amoonguss|78/100|[from] Grassy Terrain\n|-heal|p2a: Calyrex|93/100 slp|[from] Grassy Terrain\n|-heal|p1a: Calyrex|90/100|[from] Grassy Terrain\n|-heal|p1a: Calyrex|96/100|[from] item: Leftovers\n|-heal|p2a: Calyrex|99/100 slp|[from] item: Leftovers\n|-heal|p2b: Kyogre|57/100|[from] Grassy Terrain\n|-fieldend|move: Grassy Terrain\n|upkeep\n|turn|6\n|\n|t:|1774546304\n|move|p2b: Kyogre|Protect||[still]\n|-fail|p2b: Kyogre\n|move|p1b: Amoonguss|Spore|p2b: Kyogre\n|-status|p2b: Kyogre|slp|[from] move: Spore\n|move|p1a: Calyrex|Leech Seed|p2a: Calyrex\n|-start|p2a: Calyrex|move: Leech Seed\n|-curestatus|p2a: Calyrex|slp|[msg]\n|move|p2a: Calyrex|Glacial Lance|p1a: Calyrex|[spread] p1a,p1b\n|-resisted|p1a: Calyrex\n|-supereffective|p1b: Amoonguss\n|-damage|p1a: Calyrex|87/100\n|-damage|p1b: Amoonguss|20/100\n|\n|-heal|p1a: Calyrex|93/100|[from] item: Leftovers\n|-heal|p2a: Calyrex|100/100|[from] item: Leftovers\n|-damage|p2a: Calyrex|88/100|[from] Leech Seed|[of] p1a: Calyrex\n|-heal|p1a: Calyrex|100/100|[silent]\n|-fieldend|move: Trick Room\n|upkeep\n|turn|7\n|\n|t:|1774546326\n|move|p1b: Amoonguss|Protect|p1b: Amoonguss\n|-singleturn|p1b: Amoonguss|Protect\n|cant|p2b: Kyogre|slp\n|move|p2a: Calyrex|Leech Seed|p1a: Calyrex\n|-start|p1a: Calyrex|move: Leech Seed\n|move|p1a: Calyrex|Trick Room|p1a: Calyrex\n|-fieldstart|move: Trick Room|[of] p1a: Calyrex\n|\n|-heal|p2a: Calyrex|94/100|[from] item: Leftovers\n|-damage|p2a: Calyrex|82/100|[from] Leech Seed|[of] p1a: Calyrex\n|-damage|p1a: Calyrex|88/100|[from] Leech Seed|[of] p2a: Calyrex\n|-heal|p2a: Calyrex|94/100|[silent]\n|upkeep\n|turn|8\n|\n|t:|1774546345\n|move|p1b: Amoonguss|Spore|p2a: Calyrex\n|-status|p2a: Calyrex|slp|[from] move: Spore\n|move|p1a: Calyrex|Leech Seed|p2b: Kyogre\n|-start|p2b: Kyogre|move: Leech Seed\n|cant|p2a: Calyrex|slp\n|cant|p2b: Kyogre|slp\n|\n|-heal|p1a: Calyrex|94/100|[from] item: Leftovers\n|-heal|p2a: Calyrex|99/100 slp|[from] item: Leftovers\n|-damage|p2a: Calyrex|88/100 slp|[from] Leech Seed|[of] p1a: Calyrex\n|-heal|p1a: Calyrex|100/100|[silent]\n|-damage|p1a: Calyrex|88/100|[from] Leech Seed|[of] p2a: Calyrex\n|-heal|p2a: Calyrex|99/100 slp|[silent]\n|-damage|p2b: Kyogre|44/100 slp|[from] Leech Seed|[of] p1a: Calyrex\n|-heal|p1a: Calyrex|99/100|[silent]\n|-sideend|p1: MVPHEE|Reflect\n|upkeep\n|turn|9\n|inactive|MVPHEE has 30 seconds left.\n|\n|t:|1774546372\n|switch|p1b: Kyogre|Kyogre, L50|100/100\n|-weather|RainDance|[from] ability: Drizzle|[of] p1b: Kyogre\n|move|p1a: Calyrex|Glacial Lance|p2b: Kyogre|[spread] p2a,p2b\n|-resisted|p2a: Calyrex\n|-resisted|p2b: Kyogre\n|-damage|p2a: Calyrex|89/100 slp\n|-damage|p2b: Kyogre|18/100 slp\n|-curestatus|p2a: Calyrex|slp|[msg]\n|move|p2a: Calyrex|Glacial Lance|p1a: Calyrex|[spread] p1a,p1b\n|-resisted|p1a: Calyrex\n|-resisted|p1b: Kyogre\n|-damage|p1a: Calyrex|87/100\n|-damage|p1b: Kyogre|76/100\n|-curestatus|p2b: Kyogre|slp|[msg]\n|move|p2b: Kyogre|Origin Pulse|p1b: Kyogre|[spread] p1a,p1b\n|-resisted|p1b: Kyogre\n|-damage|p1a: Calyrex|51/100\n|-damage|p1b: Kyogre|53/100\n|\n|-weather|RainDance|[upkeep]\n|-heal|p1a: Calyrex|57/100|[from] item: Leftovers\n|-heal|p2a: Calyrex|95/100|[from] item: Leftovers\n|-damage|p2a: Calyrex|83/100|[from] Leech Seed|[of] p1a: Calyrex\n|-heal|p1a: Calyrex|69/100|[silent]\n|-damage|p1a: Calyrex|57/100|[from] Leech Seed|[of] p2a: Calyrex\n|-heal|p2a: Calyrex|95/100|[silent]\n|-damage|p2b: Kyogre|6/100|[from] Leech Seed|[of] p1a: Calyrex\n|-heal|p1a: Calyrex|68/100|[silent]\n|-sideend|p1: MVPHEE|move: Light Screen\n|upkeep\n|turn|10\n|inactive|Cello L. has 30 seconds left.\n|inactive|MVPHEE has 30 seconds left.\n|inactive|Cello L. has 20 seconds left.\n|\n|t:|1774546409\n|move|p2b: Kyogre|Protect|p2b: Kyogre\n|-singleturn|p2b: Kyogre|Protect\n|move|p2a: Calyrex|Glacial Lance|p1a: Calyrex|[spread] p1a,p1b\n|-resisted|p1a: Calyrex\n|-resisted|p1b: Kyogre\n|-damage|p1a: Calyrex|56/100\n|-damage|p1b: Kyogre|28/100\n|move|p1a: Calyrex|Glacial Lance|p2b: Kyogre|[spread] p2a\n|-activate|p2b: Kyogre|move: Protect\n|-resisted|p2a: Calyrex\n|-damage|p2a: Calyrex|83/100\n|move|p1b: Kyogre|Origin Pulse|p2b: Kyogre|[spread] p2a\n|-activate|p2b: Kyogre|move: Protect\n|-damage|p2a: Calyrex|20/100\n|\n|-weather|RainDance|[upkeep]\n|-heal|p1a: Calyrex|62/100|[from] item: Leftovers\n|-heal|p2a: Calyrex|26/100|[from] item: Leftovers\n|-damage|p2a: Calyrex|14/100|[from] Leech Seed|[of] p1a: Calyrex\n|-heal|p1a: Calyrex|74/100|[silent]\n|-damage|p1a: Calyrex|62/100|[from] Leech Seed|[of] p2a: Calyrex\n|-heal|p2a: Calyrex|26/100|[silent]\n|-damage|p2b: Kyogre|0 fnt|[from] Leech Seed|[of] p1a: Calyrex\n|-heal|p1a: Calyrex|67/100|[silent]\n|faint|p2b: Kyogre\n|upkeep\n|\n|t:|1774546430\n|switch|p2b: Rillaboom|Rillaboom, L50, F|100/100\n|-fieldstart|move: Grassy Terrain|[from] ability: Grassy Surge|[of] p2b: Rillaboom\n|turn|11\n|\n|t:|1774546449\n|-terastallize|p2b: Rillaboom|Water\n|move|p1a: Calyrex|Protect|p1a: Calyrex\n|-singleturn|p1a: Calyrex|Protect\n|move|p2b: Rillaboom|Grassy Glide|p1b: Kyogre\n|-supereffective|p1b: Kyogre\n|-damage|p1b: Kyogre|0 fnt\n|faint|p1b: Kyogre\n|move|p2a: Calyrex|Glacial Lance|p1a: Calyrex\n|-activate|p1a: Calyrex|move: Protect\n|\n|-weather|RainDance|[upkeep]\n|-heal|p2a: Calyrex|32/100|[from] Grassy Terrain\n|-heal|p1a: Calyrex|72/100|[from] Grassy Terrain\n|-heal|p2a: Calyrex|38/100|[from] item: Leftovers\n|-heal|p1a: Calyrex|78/100|[from] item: Leftovers\n|-damage|p2a: Calyrex|26/100|[from] Leech Seed|[of] p1a: Calyrex\n|-heal|p1a: Calyrex|90/100|[silent]\n|-damage|p1a: Calyrex|78/100|[from] Leech Seed|[of] p2a: Calyrex\n|-heal|p2a: Calyrex|38/100|[silent]\n|-fieldend|move: Trick Room\n|upkeep\n|\n|t:|1774546458\n|switch|p1b: Amoonguss|Amoonguss, L50, F|53/100\n|turn|12\n|\n|t:|1774546473\n|move|p1b: Amoonguss|Protect|p1b: Amoonguss\n|-singleturn|p1b: Amoonguss|Protect\n|move|p2b: Rillaboom|Wood Hammer|p1a: Calyrex\n|-damage|p1a: Calyrex|45/100\n|-damage|p2b: Rillaboom|89/100|[from] Recoil\n|move|p2a: Calyrex|Glacial Lance|p1b: Amoonguss|[spread] p1a\n|-activate|p1b: Amoonguss|move: Protect\n|-resisted|p1a: Calyrex\n|-damage|p1a: Calyrex|32/100\n|move|p1a: Calyrex|Trick Room|p1a: Calyrex\n|-fieldstart|move: Trick Room|[of] p1a: Calyrex\n|\n|-weather|RainDance|[upkeep]\n|-heal|p1b: Amoonguss|59/100|[from] Grassy Terrain\n|-heal|p1a: Calyrex|38/100|[from] Grassy Terrain\n|-heal|p2a: Calyrex|43/100|[from] Grassy Terrain\n|-heal|p1a: Calyrex|43/100|[from] item: Leftovers\n|-heal|p2a: Calyrex|49/100|[from] item: Leftovers\n|-heal|p2b: Rillaboom|95/100|[from] Grassy Terrain\n|-damage|p1a: Calyrex|31/100|[from] Leech Seed|[of] p2a: Calyrex\n|-heal|p2a: Calyrex|61/100|[silent]\n|-damage|p2a: Calyrex|49/100|[from] Leech Seed|[of] p1a: Calyrex\n|-heal|p1a: Calyrex|43/100|[silent]\n|upkeep\n|turn|13\n|\n|t:|1774546497\n|move|p1b: Amoonguss|Spore|p2a: Calyrex\n|-status|p2a: Calyrex|slp|[from] move: Spore\n|move|p1a: Calyrex|Leech Seed|p2b: Rillaboom\n|-start|p2b: Rillaboom|move: Leech Seed\n|cant|p2a: Calyrex|slp\n|move|p2b: Rillaboom|Wood Hammer|p1a: Calyrex\n|-damage|p1a: Calyrex|7/100\n|-damage|p2b: Rillaboom|82/100|[from] Recoil\n|\n|-weather|none\n|-heal|p1b: Amoonguss|65/100|[from] Grassy Terrain\n|-heal|p1a: Calyrex|13/100|[from] Grassy Terrain\n|-heal|p2a: Calyrex|55/100 slp|[from] Grassy Terrain\n|-heal|p2a: Calyrex|61/100 slp|[from] item: Leftovers\n|-heal|p1a: Calyrex|19/100|[from] item: Leftovers\n|-heal|p2b: Rillaboom|88/100|[from] Grassy Terrain\n|-damage|p2a: Calyrex|49/100 slp|[from] Leech Seed|[of] p1a: Calyrex\n|-heal|p1a: Calyrex|31/100|[silent]\n|-damage|p1a: Calyrex|19/100|[from] Leech Seed|[of] p2a: Calyrex\n|-heal|p2a: Calyrex|61/100 slp|[silent]\n|-damage|p2b: Rillaboom|76/100|[from] Leech Seed|[of] p1a: Calyrex\n|-heal|p1a: Calyrex|30/100|[silent]\n|upkeep\n|turn|14\n|\n|t:|1774546518\n|move|p1b: Amoonguss|Pollen Puff|p1a: Calyrex\n|-heal|p1a: Calyrex|80/100\n|move|p1a: Calyrex|Glacial Lance|p2a: Calyrex|[spread] p2a,p2b\n|-resisted|p2a: Calyrex\n|-resisted|p2b: Rillaboom\n|-damage|p2a: Calyrex|48/100 slp\n|-damage|p2b: Rillaboom|51/100\n|cant|p2a: Calyrex|slp\n|move|p2b: Rillaboom|Wood Hammer|p1a: Calyrex\n|-damage|p1a: Calyrex|43/100\n|-damage|p2b: Rillaboom|37/100|[from] Recoil\n|\n|-heal|p1b: Amoonguss|70/100|[from] Grassy Terrain\n|-heal|p1a: Calyrex|48/100|[from] Grassy Terrain\n|-heal|p2a: Calyrex|54/100 slp|[from] Grassy Terrain\n|-heal|p2a: Calyrex|59/100 slp|[from] item: Leftovers\n|-heal|p1a: Calyrex|54/100|[from] item: Leftovers\n|-heal|p2b: Rillaboom|44/100|[from] Grassy Terrain\n|-damage|p2a: Calyrex|47/100 slp|[from] Leech Seed|[of] p1a: Calyrex\n|-heal|p1a: Calyrex|66/100|[silent]\n|-damage|p1a: Calyrex|54/100|[from] Leech Seed|[of] p2a: Calyrex\n|-heal|p2a: Calyrex|59/100 slp|[silent]\n|-damage|p2b: Rillaboom|31/100|[from] Leech Seed|[of] p1a: Calyrex\n|-heal|p1a: Calyrex|66/100|[silent]\n|upkeep\n|turn|15\n|inactive|MVPHEE has 30 seconds left.\n|inactive|Cello L. has 30 seconds left.\n|\n|t:|1774546552\n|move|p1b: Amoonguss|Pollen Puff|p2b: Rillaboom\n|-damage|p2b: Rillaboom|17/100\n|move|p1a: Calyrex|Glacial Lance|p2b: Rillaboom|[spread] p2a,p2b\n|-resisted|p2a: Calyrex\n|-resisted|p2b: Rillaboom\n|-crit|p2b: Rillaboom\n|-damage|p2a: Calyrex|47/100 slp\n|-damage|p2b: Rillaboom|0 fnt\n|faint|p2b: Rillaboom\n|-ability|p1a: Calyrex|Chilling Neigh|boost\n|-boost|p1a: Calyrex|atk|1\n|cant|p2a: Calyrex|slp\n|\n|-heal|p1b: Amoonguss|76/100|[from] Grassy Terrain\n|-heal|p2a: Calyrex|53/100 slp|[from] Grassy Terrain\n|-heal|p1a: Calyrex|72/100|[from] Grassy Terrain\n|-heal|p2a: Calyrex|59/100 slp|[from] item: Leftovers\n|-heal|p1a: Calyrex|77/100|[from] item: Leftovers\n|-damage|p1a: Calyrex|65/100|[from] Leech Seed|[of] p2a: Calyrex\n|-heal|p2a: Calyrex|71/100 slp|[silent]\n|-damage|p2a: Calyrex|59/100 slp|[from] Leech Seed|[of] p1a: Calyrex\n|-heal|p1a: Calyrex|77/100|[silent]\n|-fieldend|move: Grassy Terrain\n|upkeep\n|\n|t:|1774546570\n|switch|p2b: Urshifu|Urshifu-Rapid-Strike, L50, M|100/100\n|turn|16\n|\n|t:|1774546583\n|move|p1b: Amoonguss|Spore|p2b: Urshifu\n|-status|p2b: Urshifu|slp|[from] move: Spore\n|-curestatus|p2a: Calyrex|slp|[msg]\n|move|p2a: Calyrex|Glacial Lance|p1b: Amoonguss|[spread] p1a,p1b\n|-resisted|p1a: Calyrex\n|-supereffective|p1b: Amoonguss\n|-damage|p1a: Calyrex|66/100\n|-damage|p1b: Amoonguss|0 fnt\n|faint|p1b: Amoonguss\n|-ability|p2a: Calyrex|Chilling Neigh|boost\n|-boost|p2a: Calyrex|atk|1\n|move|p1a: Calyrex|Leech Seed|p2b: Urshifu\n|-start|p2b: Urshifu|move: Leech Seed\n|cant|p2b: Urshifu|slp\n|\n|-heal|p1a: Calyrex|72/100|[from] item: Leftovers\n|-heal|p2a: Calyrex|65/100|[from] item: Leftovers\n|-damage|p1a: Calyrex|59/100|[from] Leech Seed|[of] p2a: Calyrex\n|-heal|p2a: Calyrex|77/100|[silent]\n|-damage|p2a: Calyrex|65/100|[from] Leech Seed|[of] p1a: Calyrex\n|-heal|p1a: Calyrex|72/100|[silent]\n|-damage|p2b: Urshifu|88/100 slp|[from] Leech Seed|[of] p1a: Calyrex\n|-heal|p1a: Calyrex|82/100|[silent]\n|-fieldend|move: Trick Room\n|upkeep\n|turn|17\n|inactive|Cello L. has 30 seconds left.\n|inactive|Cello L. has 20 seconds left.\n|inactive|Cello L. has 15 seconds left.\n|\n|t:|1774546626\n|move|p2a: Calyrex|Protect|p2a: Calyrex\n|-singleturn|p2a: Calyrex|Protect\n|cant|p2b: Urshifu|slp\n|move|p1a: Calyrex|Glacial Lance|p2a: Calyrex|[spread] p2b\n|-activate|p2a: Calyrex|move: Protect\n|-resisted|p2b: Urshifu\n|-damage|p2b: Urshifu|52/100 slp\n|\n|-heal|p2a: Calyrex|71/100|[from] item: Leftovers\n|-heal|p1a: Calyrex|87/100|[from] item: Leftovers\n|-damage|p2b: Urshifu|40/100 slp|[from] Leech Seed|[of] p1a: Calyrex\n|-heal|p1a: Calyrex|98/100|[silent]\n|-damage|p2a: Calyrex|58/100|[from] Leech Seed|[of] p1a: Calyrex\n|-heal|p1a: Calyrex|100/100|[silent]\n|-damage|p1a: Calyrex|88/100|[from] Leech Seed|[of] p2a: Calyrex\n|-heal|p2a: Calyrex|71/100|[silent]\n|upkeep\n|turn|18\n|\n|t:|1774546650\n|-terastallize|p1a: Calyrex|Grass\n|move|p1a: Calyrex|Protect|p1a: Calyrex\n|-singleturn|p1a: Calyrex|Protect\n|move|p2a: Calyrex|Protect|p2a: Calyrex\n|-singleturn|p2a: Calyrex|Protect\n|cant|p2b: Urshifu|slp\n|\n|-heal|p1a: Calyrex|94/100|[from] item: Leftovers\n|-heal|p2a: Calyrex|76/100|[from] item: Leftovers\n|-damage|p2b: Urshifu|28/100 slp|[from] Leech Seed|[of] p1a: Calyrex\n|-heal|p1a: Calyrex|100/100|[silent]\n|-damage|p1a: Calyrex|88/100|[from] Leech Seed|[of] p2a: Calyrex\n|-heal|p2a: Calyrex|88/100|[silent]\n|-damage|p2a: Calyrex|76/100|[from] Leech Seed|[of] p1a: Calyrex\n|-heal|p1a: Calyrex|100/100|[silent]\n|upkeep\n|turn|19\n|inactive|Cello L. has 30 seconds left.\n|\n|t:|1774546679\n|-curestatus|p2b: Urshifu|slp|[msg]\n|move|p2b: Urshifu|Close Combat|p1a: Calyrex\n|-damage|p1a: Calyrex|65/100\n|-unboost|p2b: Urshifu|def|1\n|-unboost|p2b: Urshifu|spd|1\n|move|p2a: Calyrex|Leech Seed||[still]\n|-fail|p2a: Calyrex\n|move|p1a: Calyrex|Trick Room|p1a: Calyrex\n|-fieldstart|move: Trick Room|[of] p1a: Calyrex\n|\n|-heal|p2a: Calyrex|82/100|[from] item: Leftovers\n|-heal|p1a: Calyrex|71/100|[from] item: Leftovers\n|-damage|p2a: Calyrex|70/100|[from] Leech Seed|[of] p1a: Calyrex\n|-heal|p1a: Calyrex|83/100|[silent]\n|-damage|p1a: Calyrex|71/100|[from] Leech Seed|[of] p2a: Calyrex\n|-heal|p2a: Calyrex|82/100|[silent]\n|-damage|p2b: Urshifu|16/100|[from] Leech Seed|[of] p1a: Calyrex\n|-heal|p1a: Calyrex|81/100|[silent]\n|upkeep\n|turn|20\n|inactive|Cello L. has 30 seconds left.\n|\n|t:|1774546697\n|move|p1a: Calyrex|Protect|p1a: Calyrex\n|-singleturn|p1a: Calyrex|Protect\n|move|p2b: Urshifu|Close Combat|p1a: Calyrex\n|-damage|p1a: Calyrex|48/100\n|-unboost|p2b: Urshifu|def|1\n|-unboost|p2b: Urshifu|spd|1\n|move|p2a: Calyrex|Trick Room|p2a: Calyrex\n|-fieldend|move: Trick Room\n|\n|-heal|p1a: Calyrex|54/100|[from] item: Leftovers\n|-heal|p2a: Calyrex|88/100|[from] item: Leftovers\n|-damage|p2b: Urshifu|4/100|[from] Leech Seed|[of] p1a: Calyrex\n|-heal|p1a: Calyrex|64/100|[silent]\n|-damage|p1a: Calyrex|52/100|[from] Leech Seed|[of] p2a: Calyrex\n|-heal|p2a: Calyrex|99/100|[silent]\n|-damage|p2a: Calyrex|88/100|[from] Leech Seed|[of] p1a: Calyrex\n|-heal|p1a: Calyrex|64/100|[silent]\n|upkeep\n|turn|21\n|inactive|Cello L. has 25 seconds left this turn.\n|inactive|Cello L. has 20 seconds left.\n|\n|t:|1774546710\n|move|p2b: Urshifu|Close Combat|p1a: Calyrex\n|-damage|p1a: Calyrex|26/100\n|-unboost|p2b: Urshifu|def|1\n|-unboost|p2b: Urshifu|spd|1\n|move|p1a: Calyrex|Leech Seed||[still]\n|-fail|p1a: Calyrex\n|move|p2a: Calyrex|Leech Seed|p1a: Calyrex\n|-immune|p1a: Calyrex\n|\n|-heal|p2a: Calyrex|94/100|[from] item: Leftovers\n|-heal|p1a: Calyrex|32/100|[from] item: Leftovers\n|-damage|p2b: Urshifu|0 fnt|[from] Leech Seed|[of] p1a: Calyrex\n|-heal|p1a: Calyrex|35/100|[silent]\n|faint|p2b: Urshifu\n|-damage|p1a: Calyrex|23/100|[from] Leech Seed|[of] p2a: Calyrex\n|-heal|p2a: Calyrex|100/100|[silent]\n|-damage|p2a: Calyrex|88/100|[from] Leech Seed|[of] p1a: Calyrex\n|-heal|p1a: Calyrex|35/100|[silent]\n|upkeep\n|turn|22\n|inactive|Cello L. has 20 seconds left this turn.\n|\n|t:|1774546725\n|move|p1a: Calyrex|Protect|p1a: Calyrex\n|-singleturn|p1a: Calyrex|Protect\n|move|p2a: Calyrex|Leech Seed|p1a: Calyrex\n|-activate|p1a: Calyrex|move: Protect\n|\n|-heal|p2a: Calyrex|94/100|[from] item: Leftovers\n|-heal|p1a: Calyrex|41/100|[from] item: Leftovers\n|-damage|p1a: Calyrex|29/100|[from] Leech Seed|[of] p2a: Calyrex\n|-heal|p2a: Calyrex|100/100|[silent]\n|-damage|p2a: Calyrex|88/100|[from] Leech Seed|[of] p1a: Calyrex\n|-heal|p1a: Calyrex|41/100|[silent]\n|upkeep\n|turn|23\n|inactive|Cello L. has 20 seconds left this turn.\n|\n|t:|1774546731\n|move|p2a: Calyrex|Leech Seed|p1a: Calyrex\n|-immune|p1a: Calyrex\n|move|p1a: Calyrex|Trick Room|p1a: Calyrex\n|-fieldstart|move: Trick Room|[of] p1a: Calyrex\n|\n|-heal|p2a: Calyrex|94/100|[from] item: Leftovers\n|-heal|p1a: Calyrex|46/100|[from] item: Leftovers\n|-damage|p2a: Calyrex|82/100|[from] Leech Seed|[of] p1a: Calyrex\n|-heal|p1a: Calyrex|58/100|[silent]\n|-damage|p1a: Calyrex|46/100|[from] Leech Seed|[of] p2a: Calyrex\n|-heal|p2a: Calyrex|94/100|[silent]\n|upkeep\n|turn|24\n|inactive|Cello L. has 20 seconds left this turn.\n|\n|t:|1774546734\n|move|p1a: Calyrex|Leech Seed|p2a: Calyrex|[miss]\n|-miss|p1a: Calyrex|p2a: Calyrex\n|move|p2a: Calyrex|Leech Seed|p1a: Calyrex\n|-immune|p1a: Calyrex\n|\n|-heal|p1a: Calyrex|52/100|[from] item: Leftovers\n|-heal|p2a: Calyrex|99/100|[from] item: Leftovers\n|-damage|p1a: Calyrex|40/100|[from] Leech Seed|[of] p2a: Calyrex\n|-heal|p2a: Calyrex|100/100|[silent]\n|-damage|p2a: Calyrex|88/100|[from] Leech Seed|[of] p1a: Calyrex\n|-heal|p1a: Calyrex|52/100|[silent]\n|upkeep\n|turn|25\n|inactive|Cello L. has 20 seconds left this turn.\n|\n|t:|1774546737\n|move|p2a: Calyrex|Leech Seed|p1a: Calyrex\n|-immune|p1a: Calyrex\n|move|p1a: Calyrex|Leech Seed||[still]\n|-fail|p1a: Calyrex\n|\n|-heal|p1a: Calyrex|58/100|[from] item: Leftovers\n|-heal|p2a: Calyrex|94/100|[from] item: Leftovers\n|-damage|p2a: Calyrex|82/100|[from] Leech Seed|[of] p1a: Calyrex\n|-heal|p1a: Calyrex|70/100|[silent]\n|-damage|p1a: Calyrex|58/100|[from] Leech Seed|[of] p2a: Calyrex\n|-heal|p2a: Calyrex|94/100|[silent]\n|upkeep\n|turn|26\n|inactive|Cello L. has 20 seconds left this turn.\n|\n|t:|1774546739\n|move|p1a: Calyrex|Leech Seed||[still]\n|-fail|p1a: Calyrex\n|move|p2a: Calyrex|Leech Seed|p1a: Calyrex\n|-immune|p1a: Calyrex\n|\n|-heal|p1a: Calyrex|64/100|[from] item: Leftovers\n|-heal|p2a: Calyrex|99/100|[from] item: Leftovers\n|-damage|p1a: Calyrex|52/100|[from] Leech Seed|[of] p2a: Calyrex\n|-heal|p2a: Calyrex|100/100|[silent]\n|-damage|p2a: Calyrex|88/100|[from] Leech Seed|[of] p1a: Calyrex\n|-heal|p1a: Calyrex|64/100|[silent]\n|upkeep\n|turn|27\n|inactive|Cello L. has 20 seconds left this turn.\n|\n|t:|1774546741\n|move|p2a: Calyrex|Leech Seed|p1a: Calyrex\n|-immune|p1a: Calyrex\n|move|p1a: Calyrex|Trick Room|p1a: Calyrex\n|-fieldend|move: Trick Room\n|\n|-heal|p1a: Calyrex|70/100|[from] item: Leftovers\n|-heal|p2a: Calyrex|94/100|[from] item: Leftovers\n|-damage|p1a: Calyrex|58/100|[from] Leech Seed|[of] p2a: Calyrex\n|-heal|p2a: Calyrex|100/100|[silent]\n|-damage|p2a: Calyrex|88/100|[from] Leech Seed|[of] p1a: Calyrex\n|-heal|p1a: Calyrex|70/100|[silent]\n|upkeep\n|turn|28\n|inactive|Cello L. has 20 seconds left this turn.\n|\n|t:|1774546742\n|move|p2a: Calyrex|Leech Seed|p1a: Calyrex\n|-immune|p1a: Calyrex\n|move|p1a: Calyrex|Trick Room|p1a: Calyrex\n|-fieldstart|move: Trick Room|[of] p1a: Calyrex\n|\n|-heal|p1a: Calyrex|75/100|[from] item: Leftovers\n|-heal|p2a: Calyrex|94/100|[from] item: Leftovers\n|-damage|p2a: Calyrex|82/100|[from] Leech Seed|[of] p1a: Calyrex\n|-heal|p1a: Calyrex|87/100|[silent]\n|-damage|p1a: Calyrex|75/100|[from] Leech Seed|[of] p2a: Calyrex\n|-heal|p2a: Calyrex|94/100|[silent]\n|upkeep\n|turn|29\n|inactive|Cello L. has 20 seconds left this turn.\n|\n|t:|1774546744\n|move|p2a: Calyrex|Leech Seed|p1a: Calyrex\n|-immune|p1a: Calyrex\n|move|p1a: Calyrex|Trick Room|p1a: Calyrex\n|-fieldend|move: Trick Room\n|\n|-heal|p2a: Calyrex|99/100|[from] item: Leftovers\n|-heal|p1a: Calyrex|81/100|[from] item: Leftovers\n|-damage|p1a: Calyrex|69/100|[from] Leech Seed|[of] p2a: Calyrex\n|-heal|p2a: Calyrex|100/100|[silent]\n|-damage|p2a: Calyrex|88/100|[from] Leech Seed|[of] p1a: Calyrex\n|-heal|p1a: Calyrex|81/100|[silent]\n|upkeep\n|turn|30\n|inactive|Cello L. has 20 seconds left this turn.\n|\n|t:|1774546748\n|move|p2a: Calyrex|Leech Seed|p1a: Calyrex\n|-immune|p1a: Calyrex\n|move|p1a: Calyrex|Leech Seed||[still]\n|-fail|p1a: Calyrex\n|\n|-heal|p1a: Calyrex|87/100|[from] item: Leftovers\n|-heal|p2a: Calyrex|94/100|[from] item: Leftovers\n|-damage|p1a: Calyrex|75/100|[from] Leech Seed|[of] p2a: Calyrex\n|-heal|p2a: Calyrex|100/100|[silent]\n|-damage|p2a: Calyrex|88/100|[from] Leech Seed|[of] p1a: Calyrex\n|-heal|p1a: Calyrex|87/100|[silent]\n|upkeep\n|turn|31\n|inactive|Cello L. has 20 seconds left this turn.\n|\n|t:|1774546750\n|move|p2a: Calyrex|Leech Seed|p1a: Calyrex\n|-immune|p1a: Calyrex\n|move|p1a: Calyrex|Leech Seed|p1: Amoonguss|[notarget]\n|-fail|p1a: Calyrex\n|\n|-heal|p1a: Calyrex|93/100|[from] item: Leftovers\n|-heal|p2a: Calyrex|94/100|[from] item: Leftovers\n|-damage|p1a: Calyrex|81/100|[from] Leech Seed|[of] p2a: Calyrex\n|-heal|p2a: Calyrex|100/100|[silent]\n|-damage|p2a: Calyrex|88/100|[from] Leech Seed|[of] p1a: Calyrex\n|-heal|p1a: Calyrex|93/100|[silent]\n|upkeep\n|turn|32\n|inactive|Cello L. has 20 seconds left this turn.\n|\n|t:|1774546752\n|move|p2a: Calyrex|Leech Seed|p1a: Calyrex\n|-immune|p1a: Calyrex\n|move|p1a: Calyrex|Leech Seed||[still]\n|-fail|p1a: Calyrex\n|\n|-heal|p2a: Calyrex|94/100|[from] item: Leftovers\n|-heal|p1a: Calyrex|99/100|[from] item: Leftovers\n|-damage|p1a: Calyrex|86/100|[from] Leech Seed|[of] p2a: Calyrex\n|-heal|p2a: Calyrex|100/100|[silent]\n|-damage|p2a: Calyrex|88/100|[from] Leech Seed|[of] p1a: Calyrex\n|-heal|p1a: Calyrex|99/100|[silent]\n|upkeep\n|turn|33\n|inactive|Cello L. has 20 seconds left this turn.\n|\n|t:|1774546753\n|move|p2a: Calyrex|Leech Seed|p1a: Calyrex\n|-immune|p1a: Calyrex\n|move|p1a: Calyrex|Leech Seed||[still]\n|-fail|p1a: Calyrex\n|\n|-heal|p2a: Calyrex|94/100|[from] item: Leftovers\n|-heal|p1a: Calyrex|100/100|[from] item: Leftovers\n|-damage|p2a: Calyrex|82/100|[from] Leech Seed|[of] p1a: Calyrex\n|-damage|p1a: Calyrex|88/100|[from] Leech Seed|[of] p2a: Calyrex\n|-heal|p2a: Calyrex|94/100|[silent]\n|upkeep\n|turn|34\n|inactive|Cello L. has 20 seconds left this turn.\n|\n|t:|1774546756\n|move|p1a: Calyrex|Leech Seed||[still]\n|-fail|p1a: Calyrex\n|move|p2a: Calyrex|Leech Seed|p1a: Calyrex\n|-immune|p1a: Calyrex\n|\n|-heal|p2a: Calyrex|99/100|[from] item: Leftovers\n|-heal|p1a: Calyrex|94/100|[from] item: Leftovers\n|-damage|p1a: Calyrex|82/100|[from] Leech Seed|[of] p2a: Calyrex\n|-heal|p2a: Calyrex|100/100|[silent]\n|-damage|p2a: Calyrex|88/100|[from] Leech Seed|[of] p1a: Calyrex\n|-heal|p1a: Calyrex|94/100|[silent]\n|upkeep\n|turn|35\n|inactive|Cello L. has 20 seconds left this turn.\n|\n|t:|1774546758\n|move|p1a: Calyrex|Leech Seed||[still]\n|-fail|p1a: Calyrex\n|move|p2a: Calyrex|Trick Room|p2a: Calyrex\n|-fieldstart|move: Trick Room|[of] p2a: Calyrex\n|\n|-heal|p1a: Calyrex|99/100|[from] item: Leftovers\n|-heal|p2a: Calyrex|94/100|[from] item: Leftovers\n|-damage|p2a: Calyrex|82/100|[from] Leech Seed|[of] p1a: Calyrex\n|-heal|p1a: Calyrex|100/100|[silent]\n|-damage|p1a: Calyrex|88/100|[from] Leech Seed|[of] p2a: Calyrex\n|-heal|p2a: Calyrex|94/100|[silent]\n|upkeep\n|turn|36\n|inactive|Cello L. has 20 seconds left this turn.\n|\n|t:|1774546761\n|move|p1a: Calyrex|Leech Seed||[still]\n|-fail|p1a: Calyrex\n|move|p2a: Calyrex|Trick Room|p2a: Calyrex\n|-fieldend|move: Trick Room\n|\n|-heal|p1a: Calyrex|94/100|[from] item: Leftovers\n|-heal|p2a: Calyrex|99/100|[from] item: Leftovers\n|-damage|p2a: Calyrex|88/100|[from] Leech Seed|[of] p1a: Calyrex\n|-heal|p1a: Calyrex|100/100|[silent]\n|-damage|p1a: Calyrex|88/100|[from] Leech Seed|[of] p2a: Calyrex\n|-heal|p2a: Calyrex|99/100|[silent]\n|upkeep\n|turn|37\n|inactive|Cello L. has 20 seconds left this turn.\n|\n|t:|1774546762\n|move|p1a: Calyrex|Leech Seed||[still]\n|-fail|p1a: Calyrex\n|move|p2a: Calyrex|Trick Room|p2a: Calyrex\n|-fieldstart|move: Trick Room|[of] p2a: Calyrex\n|\n|-heal|p2a: Calyrex|100/100|[from] item: Leftovers\n|-heal|p1a: Calyrex|94/100|[from] item: Leftovers\n|-damage|p2a: Calyrex|88/100|[from] Leech Seed|[of] p1a: Calyrex\n|-heal|p1a: Calyrex|100/100|[silent]\n|-damage|p1a: Calyrex|88/100|[from] Leech Seed|[of] p2a: Calyrex\n|-heal|p2a: Calyrex|100/100|[silent]\n|upkeep\n|turn|38\n|inactive|Cello L. has 20 seconds left this turn.\n|\n|t:|1774546763\n|move|p1a: Calyrex|Protect|p1a: Calyrex\n|-singleturn|p1a: Calyrex|Protect\n|move|p2a: Calyrex|Trick Room|p2a: Calyrex\n|-fieldend|move: Trick Room\n|\n|-heal|p1a: Calyrex|94/100|[from] item: Leftovers\n|-damage|p2a: Calyrex|88/100|[from] Leech Seed|[of] p1a: Calyrex\n|-heal|p1a: Calyrex|100/100|[silent]\n|-damage|p1a: Calyrex|88/100|[from] Leech Seed|[of] p2a: Calyrex\n|-heal|p2a: Calyrex|100/100|[silent]\n|upkeep\n|turn|39\n|inactive|Cello L. has 20 seconds left this turn.\n|\n|t:|1774546764\n|move|p1a: Calyrex|Protect|p1a: Calyrex\n|-singleturn|p1a: Calyrex|Protect\n|move|p2a: Calyrex|Trick Room|p2a: Calyrex\n|-fieldstart|move: Trick Room|[of] p2a: Calyrex\n|\n|-heal|p1a: Calyrex|94/100|[from] item: Leftovers\n|-damage|p2a: Calyrex|88/100|[from] Leech Seed|[of] p1a: Calyrex\n|-heal|p1a: Calyrex|100/100|[silent]\n|-damage|p1a: Calyrex|88/100|[from] Leech Seed|[of] p2a: Calyrex\n|-heal|p2a: Calyrex|100/100|[silent]\n|upkeep\n|turn|40\n|inactive|Cello L. has 20 seconds left this turn.\n|\n|t:|1774546765\n|move|p1a: Calyrex|Protect||[still]\n|-fail|p1a: Calyrex\n|move|p2a: Calyrex|Trick Room|p2a: Calyrex\n|-fieldend|move: Trick Room\n|\n|-heal|p1a: Calyrex|94/100|[from] item: Leftovers\n|-damage|p2a: Calyrex|88/100|[from] Leech Seed|[of] p1a: Calyrex\n|-heal|p1a: Calyrex|100/100|[silent]\n|-damage|p1a: Calyrex|88/100|[from] Leech Seed|[of] p2a: Calyrex\n|-heal|p2a: Calyrex|100/100|[silent]\n|upkeep\n|turn|41\n|inactive|Cello L. has 20 seconds left this turn.\n|\n|t:|1774546767\n|move|p1a: Calyrex|Protect|p1a: Calyrex\n|-singleturn|p1a: Calyrex|Protect\n|move|p2a: Calyrex|Trick Room|p2a: Calyrex\n|-fieldstart|move: Trick Room|[of] p2a: Calyrex\n|\n|-heal|p1a: Calyrex|94/100|[from] item: Leftovers\n|-damage|p2a: Calyrex|88/100|[from] Leech Seed|[of] p1a: Calyrex\n|-heal|p1a: Calyrex|100/100|[silent]\n|-damage|p1a: Calyrex|88/100|[from] Leech Seed|[of] p2a: Calyrex\n|-heal|p2a: Calyrex|100/100|[silent]\n|upkeep\n|turn|42\n|inactive|Cello L. has 20 seconds left this turn.\n|\n|t:|1774546768\n|move|p2a: Calyrex|Protect|p2a: Calyrex\n|-singleturn|p2a: Calyrex|Protect\n|move|p1a: Calyrex|Protect||[still]\n|-fail|p1a: Calyrex\n|\n|-heal|p1a: Calyrex|94/100|[from] item: Leftovers\n|-damage|p2a: Calyrex|88/100|[from] Leech Seed|[of] p1a: Calyrex\n|-heal|p1a: Calyrex|100/100|[silent]\n|-damage|p1a: Calyrex|88/100|[from] Leech Seed|[of] p2a: Calyrex\n|-heal|p2a: Calyrex|100/100|[silent]\n|upkeep\n|turn|43\n|inactive|Cello L. has 20 seconds left this turn.\n|\n|t:|1774546769\n|move|p2a: Calyrex|Protect||[still]\n|-fail|p2a: Calyrex\n|move|p1a: Calyrex|Protect||[still]\n|-fail|p1a: Calyrex\n|\n|-heal|p1a: Calyrex|94/100|[from] item: Leftovers\n|-damage|p1a: Calyrex|82/100|[from] Leech Seed|[of] p2a: Calyrex\n|-damage|p2a: Calyrex|88/100|[from] Leech Seed|[of] p1a: Calyrex\n|-heal|p1a: Calyrex|94/100|[silent]\n|upkeep\n|turn|44\n|inactive|Cello L. has 20 seconds left this turn.\n|\n|t:|1774546770\n|move|p2a: Calyrex|Protect|p2a: Calyrex\n|-singleturn|p2a: Calyrex|Protect\n|move|p1a: Calyrex|Protect||[still]\n|-fail|p1a: Calyrex\n|\n|-heal|p2a: Calyrex|94/100|[from] item: Leftovers\n|-heal|p1a: Calyrex|99/100|[from] item: Leftovers\n|-damage|p2a: Calyrex|82/100|[from] Leech Seed|[of] p1a: Calyrex\n|-heal|p1a: Calyrex|100/100|[silent]\n|-damage|p1a: Calyrex|88/100|[from] Leech Seed|[of] p2a: Calyrex\n|-heal|p2a: Calyrex|94/100|[silent]\n|upkeep\n|turn|45\n|inactive|Cello L. has 20 seconds left this turn.\n|\n|t:|1774546771\n|move|p2a: Calyrex|Protect|p2a: Calyrex\n|-singleturn|p2a: Calyrex|Protect\n|move|p1a: Calyrex|Protect||[still]\n|-fail|p1a: Calyrex\n|\n|-heal|p1a: Calyrex|94/100|[from] item: Leftovers\n|-heal|p2a: Calyrex|99/100|[from] item: Leftovers\n|-damage|p2a: Calyrex|88/100|[from] Leech Seed|[of] p1a: Calyrex\n|-heal|p1a: Calyrex|100/100|[silent]\n|-damage|p1a: Calyrex|88/100|[from] Leech Seed|[of] p2a: Calyrex\n|-heal|p2a: Calyrex|99/100|[silent]\n|-fieldend|move: Trick Room\n|upkeep\n|turn|46\n|inactive|Cello L. has 20 seconds left this turn.\n|\n|t:|1774546773\n|move|p1a: Calyrex|Protect|p1a: Calyrex\n|-singleturn|p1a: Calyrex|Protect\n|move|p2a: Calyrex|Protect||[still]\n|-fail|p2a: Calyrex\n|\n|-heal|p1a: Calyrex|94/100|[from] item: Leftovers\n|-heal|p2a: Calyrex|100/100|[from] item: Leftovers\n|-damage|p2a: Calyrex|88/100|[from] Leech Seed|[of] p1a: Calyrex\n|-heal|p1a: Calyrex|100/100|[silent]\n|-damage|p1a: Calyrex|88/100|[from] Leech Seed|[of] p2a: Calyrex\n|-heal|p2a: Calyrex|100/100|[silent]\n|upkeep\n|turn|47\n|inactive|Cello L. has 20 seconds left this turn.\n|\n|t:|1774546774\n|move|p2a: Calyrex|Protect|p2a: Calyrex\n|-singleturn|p2a: Calyrex|Protect\n|move|p1a: Calyrex|Protect||[still]\n|-fail|p1a: Calyrex\n|\n|-heal|p1a: Calyrex|94/100|[from] item: Leftovers\n|-damage|p1a: Calyrex|82/100|[from] Leech Seed|[of] p2a: Calyrex\n|-damage|p2a: Calyrex|88/100|[from] Leech Seed|[of] p1a: Calyrex\n|-heal|p1a: Calyrex|94/100|[silent]\n|upkeep\n|turn|48\n|inactive|Cello L. has 20 seconds left this turn.\n|\n|t:|1774546775\n|move|p2a: Calyrex|Protect||[still]\n|-fail|p2a: Calyrex\n|move|p1a: Calyrex|Protect||[still]\n|-fail|p1a: Calyrex\n|\n|-heal|p2a: Calyrex|94/100|[from] item: Leftovers\n|-heal|p1a: Calyrex|99/100|[from] item: Leftovers\n|-damage|p2a: Calyrex|82/100|[from] Leech Seed|[of] p1a: Calyrex\n|-heal|p1a: Calyrex|100/100|[silent]\n|-damage|p1a: Calyrex|88/100|[from] Leech Seed|[of] p2a: Calyrex\n|-heal|p2a: Calyrex|94/100|[silent]\n|upkeep\n|turn|49\n|inactive|Cello L. has 20 seconds left this turn.\n|\n|t:|1774546780\n|move|p2a: Calyrex|Protect|p2a: Calyrex\n|-singleturn|p2a: Calyrex|Protect\n|-activate|p1a: Calyrex|move: Struggle\n|move|p1a: Calyrex|Struggle|p2a: Calyrex\n|-activate|p2a: Calyrex|move: Protect\n|\n|-heal|p2a: Calyrex|99/100|[from] item: Leftovers\n|-heal|p1a: Calyrex|94/100|[from] item: Leftovers\n|-damage|p1a: Calyrex|82/100|[from] Leech Seed|[of] p2a: Calyrex\n|-heal|p2a: Calyrex|100/100|[silent]\n|-damage|p2a: Calyrex|88/100|[from] Leech Seed|[of] p1a: Calyrex\n|-heal|p1a: Calyrex|94/100|[silent]\n|upkeep\n|turn|50\n|inactive|Cello L. has 20 seconds left this turn.\n|\n|t:|1774546783\n|move|p2a: Calyrex|Protect|p2a: Calyrex\n|-singleturn|p2a: Calyrex|Protect\n|-activate|p1a: Calyrex|move: Struggle\n|move|p1a: Calyrex|Struggle|p2a: Calyrex\n|-activate|p2a: Calyrex|move: Protect\n|\n|-heal|p2a: Calyrex|94/100|[from] item: Leftovers\n|-heal|p1a: Calyrex|99/100|[from] item: Leftovers\n|-damage|p2a: Calyrex|82/100|[from] Leech Seed|[of] p1a: Calyrex\n|-heal|p1a: Calyrex|100/100|[silent]\n|-damage|p1a: Calyrex|88/100|[from] Leech Seed|[of] p2a: Calyrex\n|-heal|p2a: Calyrex|94/100|[silent]\n|upkeep\n|turn|51\n|inactive|Cello L. has 20 seconds left this turn.\n|\n|t:|1774546788\n|move|p2a: Calyrex|Protect||[still]\n|-fail|p2a: Calyrex\n|-activate|p1a: Calyrex|move: Struggle\n|move|p1a: Calyrex|Struggle|p2a: Calyrex\n|-damage|p2a: Calyrex|81/100\n|-damage|p1a: Calyrex|63/100|[from] recoil\n|\n|-heal|p2a: Calyrex|87/100|[from] item: Leftovers\n|-heal|p1a: Calyrex|69/100|[from] item: Leftovers\n|-damage|p2a: Calyrex|75/100|[from] Leech Seed|[of] p1a: Calyrex\n|-heal|p1a: Calyrex|81/100|[silent]\n|-damage|p1a: Calyrex|69/100|[from] Leech Seed|[of] p2a: Calyrex\n|-heal|p2a: Calyrex|87/100|[silent]\n|upkeep\n|turn|52\n|inactive|Cello L. has 20 seconds left this turn.\n|\n|t:|1774546790\n|move|p2a: Calyrex|Protect|p2a: Calyrex\n|-singleturn|p2a: Calyrex|Protect\n|-activate|p1a: Calyrex|move: Struggle\n|move|p1a: Calyrex|Struggle|p2a: Calyrex\n|-activate|p2a: Calyrex|move: Protect\n|\n|-heal|p2a: Calyrex|93/100|[from] item: Leftovers\n|-heal|p1a: Calyrex|75/100|[from] item: Leftovers\n|-damage|p2a: Calyrex|81/100|[from] Leech Seed|[of] p1a: Calyrex\n|-heal|p1a: Calyrex|87/100|[silent]\n|-damage|p1a: Calyrex|75/100|[from] Leech Seed|[of] p2a: Calyrex\n|-heal|p2a: Calyrex|93/100|[silent]\n|upkeep\n|turn|53\n|inactive|Cello L. has 20 seconds left this turn.\n|\n|t:|1774546793\n|move|p2a: Calyrex|Protect||[still]\n|-fail|p2a: Calyrex\n|-activate|p1a: Calyrex|move: Struggle\n|move|p1a: Calyrex|Struggle|p2a: Calyrex\n|-damage|p2a: Calyrex|78/100\n|-damage|p1a: Calyrex|50/100|[from] recoil\n|\n|-heal|p2a: Calyrex|84/100|[from] item: Leftovers\n|-heal|p1a: Calyrex|56/100|[from] item: Leftovers\n|-damage|p1a: Calyrex|43/100|[from] Leech Seed|[of] p2a: Calyrex\n|-heal|p2a: Calyrex|96/100|[silent]\n|-damage|p2a: Calyrex|84/100|[from] Leech Seed|[of] p1a: Calyrex\n|-heal|p1a: Calyrex|56/100|[silent]\n|upkeep\n|turn|54\n|inactive|Cello L. has 20 seconds left this turn.\n|\n|t:|1774546794\n|move|p2a: Calyrex|Protect|p2a: Calyrex\n|-singleturn|p2a: Calyrex|Protect\n|-activate|p1a: Calyrex|move: Struggle\n|move|p1a: Calyrex|Struggle|p2a: Calyrex\n|-activate|p2a: Calyrex|move: Protect\n|\n|-heal|p2a: Calyrex|90/100|[from] item: Leftovers\n|-heal|p1a: Calyrex|61/100|[from] item: Leftovers\n|-damage|p1a: Calyrex|49/100|[from] Leech Seed|[of] p2a: Calyrex\n|-heal|p2a: Calyrex|100/100|[silent]\n|-damage|p2a: Calyrex|88/100|[from] Leech Seed|[of] p1a: Calyrex\n|-heal|p1a: Calyrex|61/100|[silent]\n|upkeep\n|turn|55\n|inactive|Cello L. has 20 seconds left this turn.\n|\n|t:|1774546796\n|move|p2a: Calyrex|Protect||[still]\n|-fail|p2a: Calyrex\n|-activate|p1a: Calyrex|move: Struggle\n|move|p1a: Calyrex|Struggle|p2a: Calyrex\n|-damage|p2a: Calyrex|73/100\n|-damage|p1a: Calyrex|36/100|[from] recoil\n|\n|-heal|p2a: Calyrex|79/100|[from] item: Leftovers\n|-heal|p1a: Calyrex|42/100|[from] item: Leftovers\n|-damage|p2a: Calyrex|67/100|[from] Leech Seed|[of] p1a: Calyrex\n|-heal|p1a: Calyrex|54/100|[silent]\n|-damage|p1a: Calyrex|42/100|[from] Leech Seed|[of] p2a: Calyrex\n|-heal|p2a: Calyrex|79/100|[silent]\n|upkeep\n|turn|56\n|inactive|Cello L. has 20 seconds left this turn.\n|\n|t:|1774546798\n|-activate|p1a: Calyrex|move: Struggle\n|move|p1a: Calyrex|Struggle|p2a: Calyrex\n|-damage|p2a: Calyrex|66/100\n|-damage|p1a: Calyrex|17/100|[from] recoil\n|-activate|p2a: Calyrex|move: Struggle\n|move|p2a: Calyrex|Struggle|p1a: Calyrex\n|-damage|p1a: Calyrex|2/100\n|-damage|p2a: Calyrex|41/100|[from] recoil\n|\n|-heal|p2a: Calyrex|46/100|[from] item: Leftovers\n|-heal|p1a: Calyrex|8/100|[from] item: Leftovers\n|-damage|p2a: Calyrex|34/100|[from] Leech Seed|[of] p1a: Calyrex\n|-heal|p1a: Calyrex|20/100|[silent]\n|-damage|p1a: Calyrex|8/100|[from] Leech Seed|[of] p2a: Calyrex\n|-heal|p2a: Calyrex|46/100|[silent]\n|upkeep\n|turn|57\n|inactive|Cello L. has 20 seconds left this turn.\n|\n|t:|1774546801\n|-activate|p2a: Calyrex|move: Struggle\n|move|p2a: Calyrex|Struggle|p1a: Calyrex\n|-damage|p1a: Calyrex|0 fnt\n|faint|p1a: Calyrex\n|-damage|p2a: Calyrex|21/100|[from] recoil\n|\n|win|Cello L.\n|raw|MVPHEE's rating: 1498 &rarr; <strong>1475</strong><br />(-23 for losing)\n|raw|Cello L.'s rating: 1453 &rarr; <strong>1476</strong><br />(+23 for winning)\n","uploadtime":1774546803,"views":20,"formatid":"gen9vgc2026regi","rating":1475,"private":0,"password":null}