{"id":"gen9vgc2026regi-2582826025","format":"[Gen 9] VGC 2026 Reg I","players":["Luxerna","yicz"],"log":"|j|\u2606Luxerna\n|j|\u2606yicz\n|t:|1776117036\n|gametype|doubles\n|player|p1|Luxerna|dawn-gen4pt|1627\n|player|p2|yicz|101|1540\n|gen|9\n|tier|[Gen 9] VGC 2026 Reg I\n|rated|\n|rule|Species Clause: Limit one of each Pok\u00e9mon\n|rule|Item Clause: Limit 1 of each item\n|clearpoke\n|poke|p1|Zamazenta-*, L50|\n|poke|p1|Calyrex-Shadow, L50|\n|poke|p1|Chien-Pao, L50|\n|poke|p1|Dragonite, L50, F|\n|poke|p1|Ogerpon-Cornerstone, L50, F|\n|poke|p1|Raging Bolt, L50|\n|poke|p2|Amoonguss, L50, M|\n|poke|p2|Incineroar, L50, F|\n|poke|p2|Calyrex-Ice, L50|\n|poke|p2|Miraidon, L50|\n|poke|p2|Landorus, L50, M|\n|poke|p2|Urshifu-*, L50, F|\n|teampreview|4\n|\n|t:|1776117068\n|teamsize|p1|4\n|teamsize|p2|4\n|start\n|switch|p1a: Chien-Pao|Chien-Pao, L50|100/100\n|switch|p1b: Dragonite|Dragonite, L50, F|100/100\n|switch|p2a: Miraidon|Miraidon, L50, shiny|100/100\n|switch|p2b: Calyrex|Calyrex-Ice, L50|100/100\n|-ability|p2b: Calyrex|As One\n|-ability|p2b: Calyrex|Unnerve\n|-fieldstart|move: Electric Terrain|[from] ability: Hadron Engine|[of] p2a: Miraidon\n|-ability|p1a: Chien-Pao|Sword of Ruin\n|turn|1\n|\n|t:|1776117085\n|-terastallize|p1b: Dragonite|Normal\n|move|p2b: Calyrex|Protect|p2b: Calyrex\n|-singleturn|p2b: Calyrex|Protect\n|move|p1b: Dragonite|Extreme Speed|p2a: Miraidon\n|-damage|p2a: Miraidon|15/100\n|move|p2a: Miraidon|Volt Switch|p1a: Chien-Pao\n|-enditem|p1a: Chien-Pao|Focus Sash\n|-damage|p1a: Chien-Pao|1/100\n|\n|t:|1776117096\n|switch|p2a: Incineroar|Incineroar, L50, F|100/100|[from] Volt Switch\n|-ability|p2a: Incineroar|Intimidate|boost\n|-unboost|p1a: Chien-Pao|atk|1\n|-fail|p1b: Dragonite|unboost|Attack|[from] ability: Inner Focus|[of] p1b: Dragonite\n|move|p1a: Chien-Pao|Ruination|p2b: Calyrex\n|-activate|p2b: Calyrex|move: Protect\n|\n|upkeep\n|turn|2\n|\n|t:|1776117119\n|switch|p1a: Zamazenta|Zamazenta-Crowned, L50|100/100\n|-ability|p1a: Zamazenta|Dauntless Shield|boost\n|-boost|p1a: Zamazenta|def|1\n|move|p1b: Dragonite|Extreme Speed|p2a: Incineroar\n|-damage|p2a: Incineroar|37/100\n|move|p2a: Incineroar|Knock Off|p1b: Dragonite\n|-crit|p1b: Dragonite\n|-damage|p1b: Dragonite|46/100\n|-enditem|p1b: Dragonite|Choice Band|[from] move: Knock Off|[of] p2a: Incineroar\n|move|p2b: Calyrex|Trick Room|p2b: Calyrex\n|-fieldstart|move: Trick Room|[of] p2b: Calyrex\n|\n|upkeep\n|turn|3\n|\n|t:|1776117134\n|-terastallize|p2b: Calyrex|Water\n|move|p1b: Dragonite|Extreme Speed|p2a: Incineroar\n|-damage|p2a: Incineroar|0 fnt\n|faint|p2a: Incineroar\n|move|p2b: Calyrex|Leech Seed|p1a: Zamazenta\n|-start|p1a: Zamazenta|move: Leech Seed\n|move|p1a: Zamazenta|Behemoth Bash|p2b: Calyrex\n|-resisted|p2b: Calyrex\n|-damage|p2b: Calyrex|88/100\n|\n|-damage|p1a: Zamazenta|88/100|[from] Leech Seed|[of] p2b: Calyrex\n|-heal|p2b: Calyrex|99/100|[silent]\n|upkeep\n|\n|t:|1776117151\n|switch|p2a: Urshifu|Urshifu-Rapid-Strike, L50, F|100/100\n|turn|4\n|\n|t:|1776117160\n|move|p1b: Dragonite|Extreme Speed|p2a: Urshifu\n|-damage|p2a: Urshifu|52/100\n|move|p2b: Calyrex|Glacial Lance|p1a: Zamazenta|[spread] p1a,p1b\n|-resisted|p1a: Zamazenta\n|-damage|p1a: Zamazenta|77/100\n|-damage|p1b: Dragonite|0 fnt\n|faint|p1b: Dragonite\n|-ability|p2b: Calyrex|Chilling Neigh|boost\n|-boost|p2b: Calyrex|atk|1\n|move|p2a: Urshifu|Close Combat|p1a: Zamazenta\n|-supereffective|p1a: Zamazenta\n|-crit|p1a: Zamazenta\n|-damage|p1a: Zamazenta|0 fnt\n|-unboost|p2a: Urshifu|def|1\n|-unboost|p2a: Urshifu|spd|1\n|faint|p1a: Zamazenta\n|\n|upkeep\n|\n|t:|1776117166\n|switch|p1b: Calyrex|Calyrex-Shadow, L50|100/100\n|switch|p1a: Chien-Pao|Chien-Pao, L50|1/100\n|-ability|p1b: Calyrex|As One\n|-ability|p1b: Calyrex|Unnerve\n|-ability|p1a: Chien-Pao|Sword of Ruin\n|turn|5\n|-message|Luxerna forfeited.\n|\n|win|yicz\n|raw|Luxerna's rating: 1627 &rarr; <strong>1602</strong><br />(-25 for losing)\n|raw|yicz's rating: 1540 &rarr; <strong>1565</strong><br />(+25 for winning)\n|l|\u2606Luxerna\n|player|p1|\n|l|\u2606yicz\n|player|p2|\n","uploadtime":1776117311,"views":14,"formatid":"gen9vgc2026regi","rating":1565,"private":0,"password":null}