{"id":"gen9vgc2026regi-2554068731","format":"[Gen 9] VGC 2026 Reg I","players":["Cello L.","hawktuahvgc"],"log":"|j|\u2606Cello L.\n|j|\u2606hawktuahvgc\n|t:|1772916220\n|gametype|doubles\n|player|p1|Cello L.|psychic-gen4|1372\n|player|p2|hawktuahvgc|170|1504\n|gen|9\n|tier|[Gen 9] VGC 2026 Reg I\n|rated|\n|rule|Species Clause: Limit one of each Pok\u00e9mon\n|rule|Item Clause: Limit 1 of each item\n|clearpoke\n|poke|p1|Kyogre, L50|\n|poke|p1|Calyrex-Ice, L50|\n|poke|p1|Flutter Mane, L50|\n|poke|p1|Basculegion, L50, M|\n|poke|p1|Amoonguss, L50, M|\n|poke|p1|Grimmsnarl, L50, M|\n|poke|p2|Drednaw, L50, F|\n|poke|p2|Pelipper, L50, F|\n|poke|p2|Calyrex-Shadow, L50|\n|poke|p2|Zamazenta-*, L50|\n|poke|p2|Chien-Pao, L50|\n|poke|p2|Amoonguss, L50, F|\n|teampreview|4\n|\n|t:|1772916258\n|teamsize|p1|4\n|teamsize|p2|4\n|start\n|switch|p1a: Calyrex|Calyrex-Ice, L50|100/100\n|switch|p1b: Amoonguss|Amoonguss, L50, M|100/100\n|switch|p2a: Drednaw|Drednaw, L50, F, shiny|100/100\n|switch|p2b: Calyrex|Calyrex-Shadow, L50|100/100\n|-ability|p2b: Calyrex|As One\n|-ability|p2b: Calyrex|Unnerve\n|-ability|p1a: Calyrex|As One\n|-ability|p1a: Calyrex|Unnerve\n|turn|1\n|\n|t:|1772916281\n|-terastallize|p1a: Calyrex|Fairy\n|move|p1b: Amoonguss|Protect|p1b: Amoonguss\n|-singleturn|p1b: Amoonguss|Protect\n|move|p2b: Calyrex|Astral Barrage|p1a: Calyrex|[spread] p1a\n|-activate|p1b: Amoonguss|move: Protect\n|-damage|p1a: Calyrex|67/100\n|move|p2a: Drednaw|Rock Slide|p1a: Calyrex|[spread] p1a\n|-activate|p1b: Amoonguss|move: Protect\n|-damage|p1a: Calyrex|52/100\n|move|p1a: Calyrex|Trick Room|p1a: Calyrex\n|-fieldstart|move: Trick Room|[of] p1a: Calyrex\n|\n|-heal|p1a: Calyrex|58/100|[from] item: Leftovers\n|upkeep\n|turn|2\n|\n|t:|1772916310\n|switch|p2b: Zamazenta|Zamazenta-Crowned, L50, shiny|100/100\n|-ability|p2b: Zamazenta|Dauntless Shield|boost\n|-boost|p2b: Zamazenta|def|1\n|move|p1b: Amoonguss|Spore|p2b: Zamazenta\n|-status|p2b: Zamazenta|slp|[from] move: Spore\n|move|p1a: Calyrex|Glacial Lance|p2a: Drednaw|[spread] p2a,p2b\n|-resisted|p2a: Drednaw\n|-resisted|p2b: Zamazenta\n|-damage|p2a: Drednaw|70/100\n|-damage|p2b: Zamazenta|90/100 slp\n|move|p2a: Drednaw|Super Fang|p1b: Amoonguss\n|-damage|p1b: Amoonguss|50/100\n|-damage|p2a: Drednaw|53/100|[from] item: Rocky Helmet|[of] p1b: Amoonguss\n|\n|-heal|p1a: Calyrex|64/100|[from] item: Leftovers\n|upkeep\n|turn|3\n|\n|t:|1772916345\n|move|p1b: Amoonguss|Spore|p2a: Drednaw\n|-status|p2a: Drednaw|slp|[from] move: Spore\n|move|p1a: Calyrex|Leech Seed|p2b: Zamazenta\n|-start|p2b: Zamazenta|move: Leech Seed\n|cant|p2a: Drednaw|slp\n|cant|p2b: Zamazenta|slp\n|\n|-heal|p1a: Calyrex|70/100|[from] item: Leftovers\n|-damage|p2b: Zamazenta|78/100 slp|[from] Leech Seed|[of] p1a: Calyrex\n|-heal|p1a: Calyrex|81/100|[silent]\n|upkeep\n|turn|4\n|\n|t:|1772916365\n|move|p1b: Amoonguss|Spore|p2b: Zamazenta\n|-fail|p2b: Zamazenta|slp\n|move|p1a: Calyrex|Glacial Lance|p2b: Zamazenta|[spread] p2a,p2b\n|-resisted|p2a: Drednaw\n|-resisted|p2b: Zamazenta\n|-damage|p2a: Drednaw|22/100 slp\n|-damage|p2b: Zamazenta|68/100 slp\n|cant|p2a: Drednaw|slp\n|-curestatus|p2b: Zamazenta|slp|[msg]\n|move|p2b: Zamazenta|Behemoth Bash|p1a: Calyrex\n|-supereffective|p1a: Calyrex\n|-damage|p1a: Calyrex|32/100\n|\n|-heal|p1a: Calyrex|38/100|[from] item: Leftovers\n|-damage|p2b: Zamazenta|56/100|[from] Leech Seed|[of] p1a: Calyrex\n|-heal|p1a: Calyrex|49/100|[silent]\n|upkeep\n|turn|5\n|\n|t:|1772916394\n|cant|p2a: Drednaw|slp\n|move|p2b: Zamazenta|Protect|p2b: Zamazenta\n|-singleturn|p2b: Zamazenta|Protect\n|move|p1b: Amoonguss|Pollen Puff|p1a: Calyrex\n|-heal|p1a: Calyrex|99/100\n|move|p1a: Calyrex|Glacial Lance|p2b: Zamazenta|[spread] p2a\n|-activate|p2b: Zamazenta|move: Protect\n|-resisted|p2a: Drednaw\n|-damage|p2a: Drednaw|0 fnt\n|faint|p2a: Drednaw\n|-ability|p1a: Calyrex|Chilling Neigh|boost\n|-boost|p1a: Calyrex|atk|1\n|\n|-heal|p1a: Calyrex|100/100|[from] item: Leftovers\n|-damage|p2b: Zamazenta|44/100|[from] Leech Seed|[of] p1a: Calyrex\n|-fieldend|move: Trick Room\n|upkeep\n|\n|t:|1772916399\n|switch|p2a: Calyrex|Calyrex-Shadow, L50|100/100\n|-ability|p2a: Calyrex|As One\n|-ability|p2a: Calyrex|Unnerve\n|turn|6\n|\n|t:|1772916427\n|-terastallize|p2a: Calyrex|Ghost\n|move|p1a: Calyrex|Protect|p1a: Calyrex\n|-singleturn|p1a: Calyrex|Protect\n|move|p2a: Calyrex|Astral Barrage|p1b: Amoonguss|[spread] p1b\n|-activate|p1a: Calyrex|move: Protect\n|-damage|p1b: Amoonguss|0 fnt\n|faint|p1b: Amoonguss\n|-ability|p2a: Calyrex|Grim Neigh|boost\n|-boost|p2a: Calyrex|spa|1\n|move|p2b: Zamazenta|Behemoth Bash|p1a: Calyrex\n|-activate|p1a: Calyrex|move: Protect\n|\n|-damage|p2b: Zamazenta|32/100|[from] Leech Seed|[of] p1a: Calyrex\n|upkeep\n|\n|t:|1772916456\n|switch|p1b: Kyogre|Kyogre, L50|100/100\n|-weather|RainDance|[from] ability: Drizzle|[of] p1b: Kyogre\n|turn|7\n|\n|t:|1772916473\n|move|p2a: Calyrex|Astral Barrage|p1b: Kyogre|[spread] p1a,p1b\n|-damage|p1a: Calyrex|34/100\n|-damage|p1b: Kyogre|25/100\n|move|p2b: Zamazenta|Behemoth Bash|p1a: Calyrex\n|-supereffective|p1a: Calyrex\n|-damage|p1a: Calyrex|0 fnt\n|faint|p1a: Calyrex\n|move|p1b: Kyogre|Hydro Pump|p2a: Calyrex\n|-enditem|p2a: Calyrex|Focus Sash\n|-damage|p2a: Calyrex|1/100\n|\n|-weather|RainDance|[upkeep]\n|upkeep\n|\n|t:|1772916485\n|switch|p1a: Basculegion|Basculegion, L50, M|100/100\n|turn|8\n|\n|t:|1772916491\n|switch|p2b: Amoonguss|Amoonguss, L50, F|100/100\n|move|p1a: Basculegion|Protect|p1a: Basculegion\n|-singleturn|p1a: Basculegion|Protect\n|move|p2a: Calyrex|Protect|p2a: Calyrex\n|-singleturn|p2a: Calyrex|Protect\n|move|p1b: Kyogre|Protect||[still]\n|-fail|p1b: Kyogre\n|\n|-weather|RainDance|[upkeep]\n|upkeep\n|turn|9\n|\n|t:|1772916501\n|move|p2b: Amoonguss|Rage Powder|p2b: Amoonguss\n|-singleturn|p2b: Amoonguss|move: Rage Powder\n|move|p1a: Basculegion|Last Respects|p2b: Amoonguss\n|-damage|p2b: Amoonguss|28/100\n|-damage|p1a: Basculegion|91/100|[from] item: Life Orb\n|move|p2a: Calyrex|Astral Barrage|p1b: Kyogre|[spread] p1a,p1b\n|-supereffective|p1a: Basculegion\n|-damage|p1a: Basculegion|0 fnt\n|-damage|p1b: Kyogre|0 fnt\n|faint|p1a: Basculegion\n|faint|p1b: Kyogre\n|\n|win|hawktuahvgc\n|raw|Cello L.'s rating: 1372 &rarr; <strong>1358</strong><br />(-14 for losing)\n|raw|hawktuahvgc's rating: 1477 &rarr; <strong>1491</strong><br />(+14 for winning)\n","uploadtime":1772916509,"views":12,"formatid":"gen9vgc2026regi","rating":1358,"private":0,"password":null}