{"id":"gen9vgc2026regi-2518125504","format":"[Gen 9] VGC 2026 Reg I","players":["Cello L.","ToiletClogger456"],"log":"|j|\u2606Cello L.\n|j|\u2606ToiletClogger456\n|t:|1768344826\n|gametype|doubles\n|player|p1|Cello L.|cynthia-gen4|1427\n|player|p2|ToiletClogger456|1|1433\n|gen|9\n|tier|[Gen 9] VGC 2026 Reg I\n|rated|\n|rule|Species Clause: Limit one of each Pok\u00e9mon\n|rule|Item Clause: Limit 1 of each item\n|clearpoke\n|poke|p1|Calyrex-Shadow, L50|\n|poke|p1|Zamazenta-*, L50|\n|poke|p1|Chien-Pao, L50|\n|poke|p1|Dragonite, L50, F|\n|poke|p1|Raging Bolt, L50|\n|poke|p1|Amoonguss, L50, M|\n|poke|p2|Eternatus, L50|\n|poke|p2|Ho-Oh, L50|\n|poke|p2|Rillaboom, L50, M|\n|poke|p2|Incineroar, L50, F|\n|poke|p2|Ting-Lu, L50|\n|poke|p2|Vaporeon, L50, M|\n|teampreview|4\n|\n|t:|1768344853\n|teamsize|p1|4\n|teamsize|p2|4\n|start\n|switch|p1a: Calyrex|Calyrex-Shadow, L50|100/100\n|switch|p1b: Amoonguss|Amoonguss, L50, M|100/100\n|switch|p2a: Eternatus|Eternatus, L50|100/100\n|switch|p2b: Vaporeon|Vaporeon, L50, M|100/100\n|-ability|p1a: Calyrex|As One\n|-ability|p1a: Calyrex|Unnerve\n|-ability|p2a: Eternatus|Pressure\n|turn|1\n|\n|t:|1768344870\n|move|p2a: Eternatus|Protect|p2a: Eternatus\n|-singleturn|p2a: Eternatus|Protect\n|move|p1a: Calyrex|Astral Barrage|p2b: Vaporeon|[spread] p2b\n|-activate|p2a: Eternatus|move: Protect\n|-damage|p2b: Vaporeon|56/100\n|move|p2b: Vaporeon|Yawn|p1a: Calyrex\n|-start|p1a: Calyrex|move: Yawn|[of] p2b: Vaporeon\n|move|p1b: Amoonguss|Spore|p2a: Eternatus\n|-activate|p2a: Eternatus|move: Protect\n|\n|upkeep\n|turn|2\n|\n|t:|1768344893\n|switch|p1a: Chien-Pao|Chien-Pao, L50|100/100\n|-ability|p1a: Chien-Pao|Sword of Ruin\n|switch|p2b: Ho-Oh|Ho-Oh, L50|100/100\n|move|p2a: Eternatus|Dynamax Cannon|p1b: Amoonguss\n|-damage|p1b: Amoonguss|62/100\n|move|p1b: Amoonguss|Spore|p2a: Eternatus\n|-status|p2a: Eternatus|slp|[from] move: Spore\n|\n|upkeep\n|turn|3\n|inactive|Battle timer is ON: inactive players will automatically lose when time's up. (requested by ToiletClogger456)\n|\n|t:|1768344951\n|switch|p2a: Incineroar|Incineroar, L50, F|100/100\n|-ability|p2a: Incineroar|Intimidate|boost\n|-unboost|p1a: Chien-Pao|atk|1\n|-unboost|p1b: Amoonguss|atk|1\n|-terastallize|p1b: Amoonguss|Water\n|move|p1b: Amoonguss|Rage Powder|p1b: Amoonguss\n|-singleturn|p1b: Amoonguss|move: Rage Powder\n|move|p1a: Chien-Pao|Ice Spinner|p2a: Incineroar\n|-resisted|p2a: Incineroar\n|-damage|p2a: Incineroar|87/100\n|-damage|p1a: Chien-Pao|84/100|[from] item: Rocky Helmet|[of] p2a: Incineroar\n|move|p2b: Ho-Oh|Sacred Fire|p1b: Amoonguss\n|-resisted|p1b: Amoonguss\n|-damage|p1b: Amoonguss|37/100\n|\n|upkeep\n|turn|4\n|\n|t:|1768344976\n|switch|p1b: Zamazenta|Zamazenta-Crowned, L50|100/100\n|-ability|p1b: Zamazenta|Dauntless Shield|boost\n|-boost|p1b: Zamazenta|def|1\n|move|p1a: Chien-Pao|Ruination|p2b: Ho-Oh\n|-damage|p2b: Ho-Oh|51/100\n|-enditem|p2b: Ho-Oh|Red Card|[of] p1a: Chien-Pao\n|drag|p1a: Amoonguss|Amoonguss, L50, M, tera:Water|71/100\n|move|p2b: Ho-Oh|Sacred Fire|p1a: Amoonguss\n|-resisted|p1a: Amoonguss\n|-damage|p1a: Amoonguss|51/100\n|move|p2a: Incineroar|Knock Off|p1b: Zamazenta\n|-resisted|p1b: Zamazenta\n|-damage|p1b: Zamazenta|96/100\n|\n|upkeep\n|turn|5\n|\n|t:|1768344992\n|switch|p2a: Eternatus|Eternatus, L50|100/100 slp\n|-ability|p2a: Eternatus|Pressure\n|move|p1b: Zamazenta|Protect|p1b: Zamazenta\n|-singleturn|p1b: Zamazenta|Protect\n|move|p2b: Ho-Oh|Protect|p2b: Ho-Oh\n|-singleturn|p2b: Ho-Oh|Protect\n|move|p1a: Amoonguss|Spore|p2b: Ho-Oh\n|-activate|p2b: Ho-Oh|move: Protect\n|\n|upkeep\n|turn|6\n|inactive|Cello L. has 30 seconds left.\n|\n|t:|1768345019\n|switch|p2b: Vaporeon|Vaporeon, L50, M|56/100\n|cant|p2a: Eternatus|slp\n|move|p1b: Zamazenta|Body Press|p2b: Vaporeon\n|-damage|p2b: Vaporeon|5/100\n|move|p1a: Amoonguss|Spore|p2b: Vaporeon\n|-activate|p2b: Vaporeon|item: Safety Goggles|Spore\n|\n|upkeep\n|turn|7\n|\n|t:|1768345037\n|switch|p1a: Chien-Pao|Chien-Pao, L50|84/100\n|-ability|p1a: Chien-Pao|Sword of Ruin\n|move|p2b: Vaporeon|Detect|p2b: Vaporeon\n|-singleturn|p2b: Vaporeon|Protect\n|cant|p2a: Eternatus|slp\n|move|p1b: Zamazenta|Body Press|p2b: Vaporeon\n|-activate|p2b: Vaporeon|move: Protect\n|\n|upkeep\n|turn|8\n|\n|t:|1768345051\n|switch|p2a: Incineroar|Incineroar, L50, F|87/100\n|-ability|p2a: Incineroar|Intimidate|boost\n|-unboost|p1a: Chien-Pao|atk|1\n|-unboost|p1b: Zamazenta|atk|1\n|switch|p2b: Ho-Oh|Ho-Oh, L50|84/100\n|move|p1a: Chien-Pao|Ice Spinner|p2a: Incineroar\n|-resisted|p2a: Incineroar\n|-damage|p2a: Incineroar|75/100\n|-damage|p1a: Chien-Pao|68/100|[from] item: Rocky Helmet|[of] p2a: Incineroar\n|move|p1b: Zamazenta|Body Press|p2b: Ho-Oh\n|-resisted|p2b: Ho-Oh\n|-damage|p2b: Ho-Oh|56/100\n|\n|upkeep\n|turn|9\n|\n|t:|1768345068\n|switch|p1a: Amoonguss|Amoonguss, L50, M, tera:Water|84/100\n|move|p1b: Zamazenta|Protect|p1b: Zamazenta\n|-singleturn|p1b: Zamazenta|Protect\n|move|p2a: Incineroar|Fake Out|p1b: Zamazenta\n|-activate|p1b: Zamazenta|move: Protect\n|move|p2b: Ho-Oh|Whirlwind|p2a: Incineroar\n|drag|p2a: Eternatus|Eternatus, L50|100/100 slp\n|-ability|p2a: Eternatus|Pressure\n|\n|upkeep\n|turn|10\n|\n|t:|1768345088\n|-curestatus|p2a: Eternatus|slp|[msg]\n|move|p2a: Eternatus|Dynamax Cannon|p1a: Amoonguss\n|-damage|p1a: Amoonguss|45/100\n|move|p1b: Zamazenta|Body Press|p2a: Eternatus\n|-resisted|p2a: Eternatus\n|-damage|p2a: Eternatus|75/100\n|move|p2b: Ho-Oh|Sacred Fire|p1b: Zamazenta\n|-supereffective|p1b: Zamazenta\n|-damage|p1b: Zamazenta|61/100\n|move|p1a: Amoonguss|Spore|p2b: Ho-Oh\n|-status|p2b: Ho-Oh|slp|[from] move: Spore\n|\n|upkeep\n|turn|11\n|\n|t:|1768345109\n|cant|p2b: Ho-Oh|slp\n|move|p2a: Eternatus|Toxic Spikes|p1b: Zamazenta\n|-sidestart|p1: Cello L.|move: Toxic Spikes\n|move|p1b: Zamazenta|Body Press|p2a: Eternatus\n|-resisted|p2a: Eternatus\n|-damage|p2a: Eternatus|49/100\n|move|p1a: Amoonguss|Spore|p2a: Eternatus\n|-status|p2a: Eternatus|slp|[from] move: Spore\n|\n|upkeep\n|turn|12\n|\n|t:|1768345133\n|cant|p2a: Eternatus|slp\n|move|p1b: Zamazenta|Body Press|p2b: Ho-Oh\n|-resisted|p2b: Ho-Oh\n|-damage|p2b: Ho-Oh|33/100 slp\n|cant|p2b: Ho-Oh|slp\n|move|p1a: Amoonguss|Spore|p2b: Ho-Oh\n|-fail|p2b: Ho-Oh|slp\n|\n|upkeep\n|turn|13\n|\n|t:|1768345152\n|cant|p2a: Eternatus|slp\n|move|p1b: Zamazenta|Body Press|p2b: Ho-Oh\n|-resisted|p2b: Ho-Oh\n|-damage|p2b: Ho-Oh|9/100 slp\n|cant|p2b: Ho-Oh|slp\n|move|p1a: Amoonguss|Sludge Bomb|p2b: Ho-Oh\n|-damage|p2b: Ho-Oh|0 fnt\n|faint|p2b: Ho-Oh\n|\n|upkeep\n|\n|t:|1768345164\n|switch|p2b: Incineroar|Incineroar, L50, F|75/100\n|-ability|p2b: Incineroar|Intimidate|boost\n|-unboost|p1a: Amoonguss|atk|1\n|-unboost|p1b: Zamazenta|atk|1\n|turn|14\n|\n|t:|1768345173\n|move|p2b: Incineroar|Fake Out|p1a: Amoonguss\n|-damage|p1a: Amoonguss|35/100\n|-damage|p2b: Incineroar|58/100|[from] item: Rocky Helmet|[of] p1a: Amoonguss\n|-curestatus|p2a: Eternatus|slp|[msg]\n|move|p2a: Eternatus|Dynamax Cannon|p1a: Amoonguss\n|-damage|p1a: Amoonguss|0 fnt\n|faint|p1a: Amoonguss\n|move|p1b: Zamazenta|Body Press|p2b: Incineroar\n|-supereffective|p2b: Incineroar\n|-damage|p2b: Incineroar|0 fnt\n|-damage|p1b: Zamazenta|45/100|[from] item: Rocky Helmet|[of] p2b: Incineroar\n|faint|p2b: Incineroar\n|\n|upkeep\n|\n|t:|1768345186\n|switch|p2b: Vaporeon|Vaporeon, L50, M|5/100\n|switch|p1a: Chien-Pao|Chien-Pao, L50|68/100\n|-status|p1a: Chien-Pao|psn\n|-ability|p1a: Chien-Pao|Sword of Ruin\n|turn|15\n|\n|t:|1768345195\n|-terastallize|p2a: Eternatus|Fairy\n|move|p2b: Vaporeon|Detect|p2b: Vaporeon\n|-singleturn|p2b: Vaporeon|Protect\n|move|p1a: Chien-Pao|Ice Spinner|p2a: Eternatus\n|-damage|p2a: Eternatus|9/100\n|move|p2a: Eternatus|Recover|p2a: Eternatus\n|-heal|p2a: Eternatus|59/100\n|move|p1b: Zamazenta|Body Press|p2b: Vaporeon\n|-activate|p2b: Vaporeon|move: Protect\n|\n|-damage|p1a: Chien-Pao|55/100 psn|[from] psn\n|upkeep\n|turn|16\n|inactive|Cello L. has 30 seconds left.\n|\n|t:|1768345227\n|move|p1a: Chien-Pao|Ice Spinner|p2b: Vaporeon\n|-resisted|p2b: Vaporeon\n|-crit|p2b: Vaporeon\n|-damage|p2b: Vaporeon|0 fnt\n|faint|p2b: Vaporeon\n|move|p2a: Eternatus|Recover|p2a: Eternatus\n|-heal|p2a: Eternatus|100/100\n|move|p1b: Zamazenta|Body Press|p2a: Eternatus\n|-resisted|p2a: Eternatus\n|-damage|p2a: Eternatus|65/100\n|\n|-damage|p1a: Chien-Pao|43/100 psn|[from] psn\n|upkeep\n|turn|17\n|\n|t:|1768345242\n|move|p2a: Eternatus|Protect|p2a: Eternatus\n|-singleturn|p2a: Eternatus|Protect\n|move|p1a: Chien-Pao|Icy Wind|p2a: Eternatus\n|-activate|p2a: Eternatus|move: Protect\n|move|p1b: Zamazenta|Body Press|p2a: Eternatus\n|-activate|p2a: Eternatus|move: Protect\n|\n|-damage|p1a: Chien-Pao|30/100 psn|[from] psn\n|upkeep\n|turn|18\n|\n|t:|1768345251\n|move|p1a: Chien-Pao|Icy Wind|p2a: Eternatus\n|-damage|p2a: Eternatus|55/100\n|move|p2a: Eternatus|Recover|p2a: Eternatus\n|-heal|p2a: Eternatus|100/100\n|move|p1b: Zamazenta|Body Press|p2a: Eternatus\n|-resisted|p2a: Eternatus\n|-damage|p2a: Eternatus|63/100\n|\n|-damage|p1a: Chien-Pao|18/100 psn|[from] psn\n|upkeep\n|turn|19\n|\n|t:|1768345266\n|move|p1a: Chien-Pao|Ice Spinner|p2a: Eternatus\n|-damage|p2a: Eternatus|29/100\n|move|p2a: Eternatus|Dynamax Cannon|p1b: Zamazenta\n|-resisted|p1b: Zamazenta\n|-damage|p1b: Zamazenta|30/100\n|move|p1b: Zamazenta|Heavy Slam|p2a: Eternatus\n|-supereffective|p2a: Eternatus\n|-damage|p2a: Eternatus|11/100\n|\n|-damage|p1a: Chien-Pao|5/100 psn|[from] psn\n|upkeep\n|turn|20\n|-message|ToiletClogger456 forfeited.\n|\n|win|Cello L.\n|raw|Cello L.'s rating: 1427 &rarr; <strong>1447</strong><br />(+20 for winning)\n|raw|ToiletClogger456's rating: 1433 &rarr; <strong>1413</strong><br />(-20 for losing)\n|l|\u2606ToiletClogger456\n|player|p2|\n|l|\u2606Cello L.\n|player|p1|\n","uploadtime":1768345431,"views":21,"formatid":"gen9vgc2026regi","rating":1413,"private":0,"password":null}