{"id":"gen9vgc2026regi-2560733404","format":"[Gen 9] VGC 2026 Reg I","players":["dapmagikarp","terafireflareblitz"],"log":"|j|\u2606dapmagikarp\n|j|\u2606terafireflareblitz\n|t:|1773718066\n|gametype|doubles\n|player|p1|dapmagikarp|sada-ai|1425\n|player|p2|terafireflareblitz|sycamore|1454\n|gen|9\n|tier|[Gen 9] VGC 2026 Reg I\n|rated|\n|rule|Species Clause: Limit one of each Pok\u00e9mon\n|rule|Item Clause: Limit 1 of each item\n|clearpoke\n|poke|p1|Amoonguss, L50, M|\n|poke|p1|Calyrex-Ice, L50|\n|poke|p1|Kyogre, L50|\n|poke|p1|Urshifu-*, L50, F|\n|poke|p1|Rillaboom, L50, F|\n|poke|p1|Flutter Mane, L50|\n|poke|p2|Koraidon, L50|\n|poke|p2|Lunala, L50|\n|poke|p2|Indeedee-F, L50, F|\n|poke|p2|Flutter Mane, L50|\n|poke|p2|Chi-Yu, L50|\n|poke|p2|Ursaluna, L50, M|\n|teampreview|4\n|inactive|Battle timer is ON: inactive players will automatically lose when time's up. (requested by terafireflareblitz)\n|inactive|dapmagikarp also wants the timer to be on.\n|\n|t:|1773718091\n|teamsize|p1|4\n|teamsize|p2|4\n|start\n|switch|p1a: Flutter Mane|Flutter Mane, L50|100/100\n|switch|p1b: Kyogre|Kyogre, L50, shiny|100/100\n|switch|p2a: Lunala|Lunala, L50, shiny|100/100\n|switch|p2b: Indeedee|Indeedee-F, L50, F, shiny|100/100\n|-weather|RainDance|[from] ability: Drizzle|[of] p1b: Kyogre\n|-fieldstart|move: Psychic Terrain|[from] ability: Psychic Surge|[of] p2b: Indeedee\n|turn|1\n|\n|t:|1773718110\n|move|p1b: Kyogre|Protect|p1b: Kyogre\n|-singleturn|p1b: Kyogre|Protect\n|move|p2b: Indeedee|Follow Me|p2b: Indeedee\n|-singleturn|p2b: Indeedee|move: Follow Me\n|move|p1a: Flutter Mane|Taunt|p2b: Indeedee\n|-start|p2b: Indeedee|move: Taunt\n|move|p2a: Lunala|Expanding Force|p1a: Flutter Mane|[spread] p1a\n|-activate|p1b: Kyogre|move: Protect\n|-damage|p1a: Flutter Mane|29/100\n|\n|-weather|RainDance|[upkeep]\n|upkeep\n|turn|2\n|j| sleemo2\n|inactive|dapmagikarp has 30 seconds left.\n|\n|t:|1773718138\n|switch|p2b: Koraidon|Koraidon, L50, shiny|100/100\n|-weather|SunnyDay|[from] ability: Orichalcum Pulse|[of] p2b: Koraidon\n|-activate|p1a: Flutter Mane|ability: Protosynthesis\n|-start|p1a: Flutter Mane|protosynthesisspe\n|-activate|p2b: Koraidon|Orichalcum Pulse|[source]\n|-terastallize|p2a: Lunala|Water\n|move|p1a: Flutter Mane|Shadow Ball|p2a: Lunala\n|-damage|p2a: Lunala|85/100\n|move|p1b: Kyogre|Origin Pulse|p2a: Lunala|[spread] p2a,p2b\n|-resisted|p2a: Lunala\n|-resisted|p2b: Koraidon\n|-damage|p2a: Lunala|74/100\n|-damage|p2b: Koraidon|87/100\n|move|p2a: Lunala|Expanding Force|p1b: Kyogre|[spread] p1a,p1b\n|-damage|p1a: Flutter Mane|0 fnt\n|-damage|p1b: Kyogre|50/100\n|faint|p1a: Flutter Mane\n|-end|p1a: Flutter Mane|Protosynthesis|[silent]\n|\n|-weather|SunnyDay|[upkeep]\n|upkeep\n|\n|t:|1773718155\n|switch|p1a: Calyrex|Calyrex-Ice, L50|100/100\n|-ability|p1a: Calyrex|As One\n|-ability|p1a: Calyrex|Unnerve\n|turn|3\n|\n|t:|1773718165\n|switch|p1b: Amoonguss|Amoonguss, L50, M, shiny|100/100\n|-terastallize|p1a: Calyrex|Fairy\n|move|p2b: Koraidon|Flare Blitz|p1b: Amoonguss\n|-supereffective|p1b: Amoonguss\n|-damage|p1b: Amoonguss|0 fnt\n|-damage|p2b: Koraidon|70/100|[from] item: Rocky Helmet|[of] p1b: Amoonguss\n|faint|p1b: Amoonguss\n|-damage|p2b: Koraidon|28/100|[from] Recoil\n|-damage|p2b: Koraidon|19/100|[from] item: Life Orb\n|move|p2a: Lunala|Meteor Beam||[still]\n|-prepare|p2a: Lunala|Meteor Beam\n|-boost|p2a: Lunala|spa|1\n|-enditem|p2a: Lunala|Power Herb\n|-anim|p2a: Lunala|Meteor Beam|p1a: Calyrex\n|-damage|p1a: Calyrex|58/100\n|move|p1a: Calyrex|Trick Room|p1a: Calyrex\n|-fieldstart|move: Trick Room|[of] p1a: Calyrex\n|\n|-weather|SunnyDay|[upkeep]\n|-heal|p1a: Calyrex|64/100|[from] item: Leftovers\n|upkeep\n|\n|t:|1773718177\n|switch|p1b: Kyogre|Kyogre, L50, shiny|50/100\n|-weather|RainDance|[from] ability: Drizzle|[of] p1b: Kyogre\n|turn|4\n|\n|t:|1773718186\n|switch|p2b: Indeedee|Indeedee-F, L50, F, shiny|100/100\n|move|p2a: Lunala|Wide Guard|p2a: Lunala\n|-singleturn|p2a: Lunala|Wide Guard\n|move|p1a: Calyrex|Leech Seed|p2a: Lunala|[miss]\n|-miss|p1a: Calyrex|p2a: Lunala\n|move|p1b: Kyogre|Hydro Pump|p2b: Indeedee\n|-damage|p2b: Indeedee|0 fnt\n|faint|p2b: Indeedee\n|\n|-weather|RainDance|[upkeep]\n|-heal|p1a: Calyrex|70/100|[from] item: Leftovers\n|upkeep\n|\n|t:|1773718192\n|switch|p2b: Koraidon|Koraidon, L50, shiny|19/100\n|-weather|SunnyDay|[from] ability: Orichalcum Pulse|[of] p2b: Koraidon\n|-activate|p2b: Koraidon|Orichalcum Pulse|[source]\n|turn|5\n|\n|t:|1773718203\n|switch|p2b: Chi-Yu|Chi-Yu, L50, shiny|100/100\n|-ability|p2b: Chi-Yu|Beads of Ruin\n|move|p1a: Calyrex|Leech Seed|p2a: Lunala\n|-start|p2a: Lunala|move: Leech Seed\n|move|p2a: Lunala|Expanding Force|p1b: Kyogre|[spread] p1a,p1b\n|-damage|p1a: Calyrex|0 fnt\n|-damage|p1b: Kyogre|0 fnt\n|faint|p1a: Calyrex\n|faint|p1b: Kyogre\n|\n|win|terafireflareblitz\n|raw|dapmagikarp's rating: 1425 &rarr; <strong>1407</strong><br />(-18 for losing)\n|raw|terafireflareblitz's rating: 1454 &rarr; <strong>1472</strong><br />(+18 for winning)\n","uploadtime":1773718204,"views":11,"formatid":"gen9vgc2026regi","rating":1407,"private":0,"password":null}