{"id":"gen9vgc2026regi-2547492738","format":"[Gen 9] VGC 2026 Reg I","players":["palHunter","EllenJoe2026"],"log":"|j|\u2606palHunter\n|j|\u2606EllenJoe2026\n|t:|1772098098\n|gametype|doubles\n|player|p1|palHunter|dawn|1606\n|player|p2|EllenJoe2026|iono|1546\n|gen|9\n|tier|[Gen 9] VGC 2026 Reg I\n|rated|\n|rule|Species Clause: Limit one of each Pok\u00e9mon\n|rule|Item Clause: Limit 1 of each item\n|clearpoke\n|poke|p1|Miraidon, L50|\n|poke|p1|Amoonguss, L50, F|\n|poke|p1|Calyrex-Ice, L50|\n|poke|p1|Urshifu-*, L50, F|\n|poke|p1|Incineroar, L50, F|\n|poke|p1|Landorus, L50, M|\n|poke|p2|Calyrex-Shadow, L50|\n|poke|p2|Zamazenta-*, L50|\n|poke|p2|Incineroar, L50, F|\n|poke|p2|Rillaboom, L50, F|\n|poke|p2|Ogerpon-Cornerstone, L50, F|\n|poke|p2|Tornadus, L50, M|\n|teampreview|4\n|inactive|Battle timer is ON: inactive players will automatically lose when time's up. (requested by EllenJoe2026)\n|inactive|palHunter has 60 seconds left.\n|inactive|palHunter has 30 seconds left.\n|\n|t:|1772098169\n|teamsize|p1|4\n|teamsize|p2|4\n|start\n|switch|p1a: Calyrex|Calyrex-Ice, L50|100/100\n|switch|p1b: Incineroar|Incineroar, L50, F, shiny|100/100\n|switch|p2a: Zamazenta|Zamazenta-Crowned, L50, shiny|100/100\n|switch|p2b: Rillaboom|Rillaboom, L50, F, shiny|100/100\n|-ability|p1a: Calyrex|As One\n|-ability|p1a: Calyrex|Unnerve\n|-ability|p2a: Zamazenta|Dauntless Shield|boost\n|-boost|p2a: Zamazenta|def|1\n|-fieldstart|move: Grassy Terrain|[from] ability: Grassy Surge|[of] p2b: Rillaboom\n|-ability|p1b: Incineroar|Intimidate|boost\n|-unboost|p2a: Zamazenta|atk|1\n|-unboost|p2b: Rillaboom|atk|1\n|turn|1\n|inactive|palHunter has 30 seconds left.\n|inactive|palHunter has 20 seconds left.\n|inactive|palHunter has 15 seconds left.\n|inactive|palHunter has 10 seconds left.\n|\n|t:|1772098218\n|switch|p2b: Incineroar|Incineroar, L50, F, shiny|100/100\n|-ability|p2b: Incineroar|Intimidate|boost\n|-fail|p1a: Calyrex|unboost|[from] item: Clear Amulet|[of] p1a: Calyrex\n|-unboost|p1b: Incineroar|atk|1\n|switch|p1b: Amoonguss|Amoonguss, L50, F, shiny|100/100\n|move|p2a: Zamazenta|Protect|p2a: Zamazenta\n|-singleturn|p2a: Zamazenta|Protect\n|move|p1a: Calyrex|Protect||[still]\n|-fail|p1a: Calyrex\n|\n|upkeep\n|turn|2\n|j| globalfish39\n|inactive|EllenJoe2026 has 30 seconds left.\n|\n|t:|1772098249\n|-terastallize|p2a: Zamazenta|Grass\n|move|p1a: Calyrex|Protect|p1a: Calyrex\n|-singleturn|p1a: Calyrex|Protect\n|move|p1b: Amoonguss|Protect|p1b: Amoonguss\n|-singleturn|p1b: Amoonguss|Protect\n|move|p2a: Zamazenta|Body Press|p1a: Calyrex\n|-activate|p1a: Calyrex|move: Protect\n|move|p2b: Incineroar|Taunt|p1a: Calyrex\n|-activate|p1a: Calyrex|move: Protect\n|\n|upkeep\n|turn|3\n|inactive|palHunter has 30 seconds left.\n|inactive|palHunter has 20 seconds left.\n|inactive|palHunter has 15 seconds left.\n|inactive|palHunter has 10 seconds left.\n|inactive|palHunter has 5 seconds left.\n|\n|t:|1772098303\n|-terastallize|p1a: Calyrex|Fire\n|move|p2a: Zamazenta|Wide Guard|p2a: Zamazenta\n|-singleturn|p2a: Zamazenta|Wide Guard\n|move|p2b: Incineroar|Knock Off|p1a: Calyrex\n|-damage|p1a: Calyrex|76/100\n|-enditem|p1a: Calyrex|Clear Amulet|[from] move: Knock Off|[of] p2b: Incineroar\n|move|p1b: Amoonguss|Spore|p2b: Incineroar\n|-activate|p2b: Incineroar|item: Safety Goggles|Spore\n|move|p1a: Calyrex|Trick Room|p1a: Calyrex\n|-fieldstart|move: Trick Room|[of] p1a: Calyrex\n|\n|-heal|p1a: Calyrex|82/100|[from] Grassy Terrain\n|upkeep\n|turn|4\n|\n|t:|1772098322\n|switch|p1b: Incineroar|Incineroar, L50, F, shiny|100/100\n|-ability|p1b: Incineroar|Intimidate|boost\n|-unboost|p2a: Zamazenta|atk|1\n|-unboost|p2b: Incineroar|atk|1\n|switch|p2b: Rillaboom|Rillaboom, L50, F, shiny|100/100\n|move|p2a: Zamazenta|Wide Guard|p2a: Zamazenta\n|-singleturn|p2a: Zamazenta|Wide Guard\n|move|p1a: Calyrex|High Horsepower|p2b: Rillaboom\n|-resisted|p2b: Rillaboom\n|-damage|p2b: Rillaboom|83/100\n|\n|-heal|p1a: Calyrex|87/100|[from] Grassy Terrain\n|-heal|p2b: Rillaboom|88/100|[from] Grassy Terrain\n|upkeep\n|turn|5\n|\n|t:|1772098347\n|switch|p1b: Amoonguss|Amoonguss, L50, F, shiny|100/100\n|move|p2b: Rillaboom|Fake Out|p1a: Calyrex\n|-damage|p1a: Calyrex|79/100\n|cant|p1a: Calyrex|flinch\n|move|p2a: Zamazenta|Body Press|p1b: Amoonguss\n|-resisted|p1b: Amoonguss\n|-damage|p1b: Amoonguss|72/100\n|-damage|p2a: Zamazenta|84/100|[from] item: Rocky Helmet|[of] p1b: Amoonguss\n|\n|-heal|p1b: Amoonguss|78/100|[from] Grassy Terrain\n|-heal|p1a: Calyrex|85/100|[from] Grassy Terrain\n|-heal|p2b: Rillaboom|94/100|[from] Grassy Terrain\n|-heal|p2a: Zamazenta|90/100|[from] Grassy Terrain\n|-fieldend|move: Grassy Terrain\n|upkeep\n|turn|6\n|inactive|palHunter has 30 seconds left.\n|inactive|palHunter has 20 seconds left.\n|\n|t:|1772098382\n|switch|p1a: Incineroar|Incineroar, L50, F, shiny|100/100\n|-ability|p1a: Incineroar|Intimidate|boost\n|-unboost|p2a: Zamazenta|atk|1\n|-unboost|p2b: Rillaboom|atk|1\n|move|p2a: Zamazenta|Wide Guard|p2a: Zamazenta\n|-singleturn|p2a: Zamazenta|Wide Guard\n|move|p1b: Amoonguss|Pollen Puff|p2a: Zamazenta\n|-supereffective|p2a: Zamazenta\n|-damage|p2a: Zamazenta|64/100\n|move|p2b: Rillaboom|U-turn|p1a: Incineroar\n|-damage|p1a: Incineroar|85/100\n|\n|t:|1772098396\n|switch|p2b: Incineroar|Incineroar, L50, F, shiny|100/100|[from] U-turn\n|-ability|p2b: Incineroar|Intimidate|boost\n|-unboost|p1a: Incineroar|atk|1\n|-unboost|p1b: Amoonguss|atk|1\n|\n|upkeep\n|turn|7\n|\n|t:|1772098415\n|switch|p1a: Miraidon|Miraidon, L50|100/100\n|-fieldstart|move: Electric Terrain|[from] ability: Hadron Engine|[of] p1a: Miraidon\n|move|p1b: Amoonguss|Pollen Puff|p2a: Zamazenta\n|-supereffective|p2a: Zamazenta\n|-crit|p2a: Zamazenta\n|-damage|p2a: Zamazenta|26/100\n|move|p2b: Incineroar|Parting Shot|p1a: Miraidon\n|-unboost|p1a: Miraidon|atk|1\n|-unboost|p1a: Miraidon|spa|1\n|\n|t:|1772098430\n|switch|p2b: Rillaboom|Rillaboom, L50, F, shiny|94/100|[from] Parting Shot\n|-fieldstart|move: Grassy Terrain|[from] ability: Grassy Surge|[of] p2b: Rillaboom\n|move|p2a: Zamazenta|Body Press|p1a: Miraidon\n|-damage|p1a: Miraidon|25/100\n|\n|-heal|p1b: Amoonguss|84/100|[from] Grassy Terrain\n|-heal|p2b: Rillaboom|99/100|[from] Grassy Terrain\n|-heal|p2a: Zamazenta|32/100|[from] Grassy Terrain\n|-heal|p1a: Miraidon|32/100|[from] Grassy Terrain\n|-fieldend|move: Trick Room\n|upkeep\n|turn|8\n|inactive|EllenJoe2026 has 30 seconds left.\n|\n|t:|1772098455\n|switch|p1a: Calyrex|Calyrex-Ice, L50, tera:Fire|85/100\n|-ability|p1a: Calyrex|As One\n|-ability|p1a: Calyrex|Unnerve\n|move|p2a: Zamazenta|Protect|p2a: Zamazenta\n|-singleturn|p2a: Zamazenta|Protect\n|move|p2b: Rillaboom|U-turn|p1a: Calyrex\n|-resisted|p1a: Calyrex\n|-damage|p1a: Calyrex|78/100\n|\n|t:|1772098466\n|switch|p2b: Incineroar|Incineroar, L50, F, shiny|100/100|[from] U-turn\n|-ability|p2b: Incineroar|Intimidate|boost\n|-unboost|p1a: Calyrex|atk|1\n|-unboost|p1b: Amoonguss|atk|1\n|move|p1b: Amoonguss|Pollen Puff|p2a: Zamazenta\n|-activate|p2a: Zamazenta|move: Protect\n|\n|-heal|p2a: Zamazenta|39/100|[from] Grassy Terrain\n|-heal|p1a: Calyrex|84/100|[from] Grassy Terrain\n|-heal|p1b: Amoonguss|90/100|[from] Grassy Terrain\n|upkeep\n|turn|9\n|inactive|EllenJoe2026 has 30 seconds left.\n|\n|t:|1772098491\n|switch|p1b: Incineroar|Incineroar, L50, F, shiny|85/100\n|-ability|p1b: Incineroar|Intimidate|boost\n|-unboost|p2a: Zamazenta|atk|1\n|-unboost|p2b: Incineroar|atk|1\n|move|p1a: Calyrex|Protect|p1a: Calyrex\n|-singleturn|p1a: Calyrex|Protect\n|move|p2a: Zamazenta|Wide Guard|p2a: Zamazenta\n|-singleturn|p2a: Zamazenta|Wide Guard\n|move|p2b: Incineroar|Parting Shot|p1b: Incineroar\n|-unboost|p1b: Incineroar|atk|1\n|-unboost|p1b: Incineroar|spa|1\n|inactive|EllenJoe2026 has 30 seconds left.\n|inactive|EllenJoe2026 has 20 seconds left.\n|inactive|EllenJoe2026 has 15 seconds left.\n|\n|t:|1772098535\n|switch|p2b: Rillaboom|Rillaboom, L50, F, shiny|99/100|[from] Parting Shot\n|\n|-heal|p2a: Zamazenta|45/100|[from] Grassy Terrain\n|-heal|p2b: Rillaboom|100/100|[from] Grassy Terrain\n|-heal|p1b: Incineroar|91/100|[from] Grassy Terrain\n|-heal|p1a: Calyrex|89/100|[from] Grassy Terrain\n|upkeep\n|turn|10\n|\n|t:|1772098554\n|switch|p1a: Amoonguss|Amoonguss, L50, F, shiny|100/100\n|move|p2a: Zamazenta|Wide Guard|p2a: Zamazenta\n|-singleturn|p2a: Zamazenta|Wide Guard\n|move|p2b: Rillaboom|U-turn|p1b: Incineroar\n|-damage|p1b: Incineroar|68/100\n|\n|t:|1772098565\n|switch|p2b: Calyrex|Calyrex-Shadow, L50|100/100|[from] U-turn\n|-ability|p2b: Calyrex|As One\n|-ability|p2b: Calyrex|Unnerve\n|move|p1b: Incineroar|U-turn|p2a: Zamazenta\n|-supereffective|p2a: Zamazenta\n|-damage|p2a: Zamazenta|33/100\n|\n|t:|1772098574\n|switch|p1b: Miraidon|Miraidon, L50|32/100|[from] U-turn\n|-fieldstart|move: Electric Terrain|[from] ability: Hadron Engine|[of] p1b: Miraidon\n|\n|upkeep\n|turn|11\n|inactive|palHunter has 30 seconds left.\n|\n|t:|1772098609\n|switch|p2b: Rillaboom|Rillaboom, L50, F, shiny|100/100\n|-fieldstart|move: Grassy Terrain|[from] ability: Grassy Surge|[of] p2b: Rillaboom\n|move|p2a: Zamazenta|Protect||[still]\n|-fail|p2a: Zamazenta\n|move|p1a: Amoonguss|Protect|p1a: Amoonguss\n|-singleturn|p1a: Amoonguss|Protect\n|move|p1b: Miraidon|Volt Switch|p2a: Zamazenta\n|-resisted|p2a: Zamazenta\n|-damage|p2a: Zamazenta|19/100\n|\n|t:|1772098628\n|switch|p1b: Calyrex|Calyrex-Ice, L50, tera:Fire|89/100|[from] Volt Switch\n|-ability|p1b: Calyrex|As One\n|-ability|p1b: Calyrex|Unnerve\n|\n|-heal|p2a: Zamazenta|25/100|[from] Grassy Terrain\n|-heal|p1b: Calyrex|95/100|[from] Grassy Terrain\n|upkeep\n|turn|12\n|\n|t:|1772098639\n|move|p2b: Rillaboom|Fake Out|p1a: Amoonguss\n|-damage|p1a: Amoonguss|89/100\n|-damage|p2b: Rillaboom|84/100|[from] item: Rocky Helmet|[of] p1a: Amoonguss\n|move|p2a: Zamazenta|Body Press|p1b: Calyrex\n|-damage|p1b: Calyrex|47/100\n|cant|p1a: Amoonguss|flinch\n|move|p1b: Calyrex|Trick Room|p1b: Calyrex\n|-fieldstart|move: Trick Room|[of] p1b: Calyrex\n|\n|-heal|p1a: Amoonguss|95/100|[from] Grassy Terrain\n|-heal|p1b: Calyrex|53/100|[from] Grassy Terrain\n|-heal|p2b: Rillaboom|90/100|[from] Grassy Terrain\n|-heal|p2a: Zamazenta|31/100|[from] Grassy Terrain\n|upkeep\n|turn|13\n|l| globalfish39\n|\n|t:|1772098661\n|switch|p2b: Incineroar|Incineroar, L50, F, shiny|100/100\n|-ability|p2b: Incineroar|Intimidate|boost\n|-unboost|p1a: Amoonguss|atk|1\n|-unboost|p1b: Calyrex|atk|1\n|move|p2a: Zamazenta|Protect|p2a: Zamazenta\n|-singleturn|p2a: Zamazenta|Protect\n|move|p1a: Amoonguss|Pollen Puff|p1b: Calyrex\n|-heal|p1b: Calyrex|100/100\n|move|p1b: Calyrex|High Horsepower|p2b: Incineroar\n|-supereffective|p2b: Incineroar\n|-damage|p2b: Incineroar|60/100\n|\n|-heal|p1a: Amoonguss|100/100|[from] Grassy Terrain\n|-heal|p2b: Incineroar|66/100|[from] Grassy Terrain\n|-heal|p2a: Zamazenta|38/100|[from] Grassy Terrain\n|upkeep\n|turn|14\n|inactive|EllenJoe2026 has 30 seconds left.\n|\n|t:|1772098692\n|switch|p2b: Rillaboom|Rillaboom, L50, F, shiny|90/100\n|move|p2a: Zamazenta|Wide Guard|p2a: Zamazenta\n|-singleturn|p2a: Zamazenta|Wide Guard\n|move|p1a: Amoonguss|Pollen Puff|p2a: Zamazenta\n|-supereffective|p2a: Zamazenta\n|-damage|p2a: Zamazenta|13/100\n|move|p1b: Calyrex|Glacial Lance|p2b: Rillaboom|[spread] \n|-activate|p2a: Zamazenta|move: Wide Guard\n|-activate|p2b: Rillaboom|move: Wide Guard\n|\n|-heal|p2b: Rillaboom|96/100|[from] Grassy Terrain\n|-heal|p2a: Zamazenta|19/100|[from] Grassy Terrain\n|upkeep\n|turn|15\n|inactive|EllenJoe2026 has 30 seconds left.\n|\n|t:|1772098723\n|switch|p1b: Incineroar|Incineroar, L50, F, shiny|68/100\n|-ability|p1b: Incineroar|Intimidate|boost\n|-unboost|p2a: Zamazenta|atk|1\n|-unboost|p2b: Rillaboom|atk|1\n|move|p2b: Rillaboom|Fake Out|p1a: Amoonguss\n|-damage|p1a: Amoonguss|92/100\n|-damage|p2b: Rillaboom|79/100|[from] item: Rocky Helmet|[of] p1a: Amoonguss\n|cant|p1a: Amoonguss|flinch\n|move|p2a: Zamazenta|Body Press|p1b: Incineroar\n|-supereffective|p1b: Incineroar\n|-damage|p1b: Incineroar|0 fnt\n|faint|p1b: Incineroar\n|\n|-heal|p1a: Amoonguss|98/100|[from] Grassy Terrain\n|-heal|p2b: Rillaboom|85/100|[from] Grassy Terrain\n|-heal|p2a: Zamazenta|25/100|[from] Grassy Terrain\n|-fieldend|move: Grassy Terrain\n|upkeep\n|\n|t:|1772098743\n|switch|p1b: Calyrex|Calyrex-Ice, L50, tera:Fire|100/100\n|-ability|p1b: Calyrex|As One\n|-ability|p1b: Calyrex|Unnerve\n|turn|16\n|inactive|palHunter has 30 seconds left.\n|\n|t:|1772098774\n|move|p2a: Zamazenta|Protect|p2a: Zamazenta\n|-singleturn|p2a: Zamazenta|Protect\n|move|p1a: Amoonguss|Pollen Puff|p2b: Rillaboom\n|-supereffective|p2b: Rillaboom\n|-damage|p2b: Rillaboom|63/100\n|move|p1b: Calyrex|High Horsepower|p2b: Rillaboom\n|-resisted|p2b: Rillaboom\n|-damage|p2b: Rillaboom|43/100\n|move|p2b: Rillaboom|U-turn|p1b: Calyrex\n|-resisted|p1b: Calyrex\n|-damage|p1b: Calyrex|96/100\n|\n|t:|1772098786\n|switch|p2b: Calyrex|Calyrex-Shadow, L50|100/100|[from] U-turn\n|-ability|p2b: Calyrex|As One\n|-ability|p2b: Calyrex|Unnerve\n|\n|-fieldend|move: Trick Room\n|upkeep\n|turn|17\n|inactive|palHunter has 30 seconds left.\n|inactive|EllenJoe2026 has 30 seconds left.\n|\n|t:|1772098802\n|move|p1a: Amoonguss|Protect|p1a: Amoonguss\n|-singleturn|p1a: Amoonguss|Protect\n|move|p2a: Zamazenta|Wide Guard|p2a: Zamazenta\n|-singleturn|p2a: Zamazenta|Wide Guard\n|move|p2b: Calyrex|Psychic|p1a: Amoonguss\n|-activate|p1a: Amoonguss|move: Protect\n|move|p1b: Calyrex|Glacial Lance|p2b: Calyrex|[spread] \n|-activate|p2a: Zamazenta|move: Wide Guard\n|-activate|p2b: Calyrex|move: Wide Guard\n|\n|upkeep\n|turn|18\n|inactive|palHunter has 25 seconds left this turn.\n|inactive|EllenJoe2026 has 30 seconds left this turn.\n|inactive|palHunter has 20 seconds left.\n|inactive|palHunter has 15 seconds left.\n|inactive|palHunter has 10 seconds left.\n|inactive|palHunter has 5 seconds left.\n|\n|t:|1772098827\n|move|p2a: Zamazenta|Wide Guard|p2a: Zamazenta\n|-singleturn|p2a: Zamazenta|Wide Guard\n|move|p2b: Calyrex|Psychic|p1a: Amoonguss\n|-supereffective|p1a: Amoonguss\n|-damage|p1a: Amoonguss|18/100\n|move|p1b: Calyrex|Glacial Lance|p2a: Zamazenta|[spread] \n|-activate|p2a: Zamazenta|move: Wide Guard\n|-activate|p2b: Calyrex|move: Wide Guard\n|move|p1a: Amoonguss|Pollen Puff|p2a: Zamazenta\n|-supereffective|p2a: Zamazenta\n|-damage|p2a: Zamazenta|1/100\n|\n|upkeep\n|turn|19\n|inactive|palHunter has 5 seconds left this turn.\n|inactive|EllenJoe2026 has 25 seconds left this turn.\n|inactive|EllenJoe2026 has 20 seconds left.\n|-message|palHunter lost due to inactivity.\n|\n|win|EllenJoe2026\n|raw|palHunter's rating: 1606 &rarr; <strong>1583</strong><br />(-23 for losing)\n|raw|EllenJoe2026's rating: 1546 &rarr; <strong>1569</strong><br />(+23 for winning)\n|l|\u2606palHunter\n|player|p1|\n","uploadtime":1772098988,"views":44,"formatid":"gen9vgc2026regi","rating":1569,"private":0,"password":null}