{"id":"gen9vgc2026regi-2546855698","format":"[Gen 9] VGC 2026 Reg I","players":["shadowofroserade04","EllenJoe2026"],"log":"|j|\u2606shadowofroserade04\n|j|\u2606EllenJoe2026\n|t:|1772022030\n|gametype|doubles\n|player|p1|shadowofroserade04|roxie|1424\n|player|p2|EllenJoe2026|iono|1461\n|gen|9\n|tier|[Gen 9] VGC 2026 Reg I\n|rated|\n|rule|Species Clause: Limit one of each Pok\u00e9mon\n|rule|Item Clause: Limit 1 of each item\n|clearpoke\n|poke|p1|Chi-Yu, L50|\n|poke|p1|Weezing-Galar, L50, F|\n|poke|p1|Walking Wake, L50|\n|poke|p1|Calyrex-Shadow, L50|\n|poke|p1|Brute Bonnet, L50|\n|poke|p1|Koraidon, L50|\n|poke|p2|Calyrex-Shadow, L50|\n|poke|p2|Zamazenta-*, L50|\n|poke|p2|Incineroar, L50, F|\n|poke|p2|Rillaboom, L50, F|\n|poke|p2|Ogerpon-Cornerstone, L50, F|\n|poke|p2|Tornadus, L50, M|\n|teampreview|4\n|inactive|Battle timer is ON: inactive players will automatically lose when time's up. (requested by EllenJoe2026)\n|j| MiscPokemonPlayer\n|inactive|shadowofroserade04 has 60 seconds left.\n|\n|t:|1772022068\n|teamsize|p1|4\n|teamsize|p2|4\n|start\n|switch|p1a: Koraidon|Koraidon, L50|100/100\n|switch|p1b: Weezing|Weezing-Galar, L50, F|100/100\n|switch|p2a: Ogerpon|Ogerpon-Cornerstone, L50, F|100/100\n|switch|p2b: Tornadus|Tornadus, L50, M, shiny|100/100\n|-ability|p1b: Weezing|Neutralizing Gas\n|-block|p1a: Koraidon|item: Ability Shield\n|-weather|SunnyDay|[from] ability: Orichalcum Pulse|[of] p1a: Koraidon\n|-activate|p1a: Koraidon|Orichalcum Pulse|[source]\n|turn|1\n|j| moltrecord\n|\n|t:|1772022090\n|move|p2a: Ogerpon|Follow Me|p2a: Ogerpon\n|-singleturn|p2a: Ogerpon|move: Follow Me\n|move|p1a: Koraidon|Flame Charge|p2a: Ogerpon\n|-damage|p2a: Ogerpon|52/100\n|-boost|p1a: Koraidon|spe|1\n|move|p2b: Tornadus|Tailwind|p2b: Tornadus\n|-sidestart|p2: EllenJoe2026|move: Tailwind\n|move|p1b: Weezing|Strange Steam|p2a: Ogerpon\n|-damage|p2a: Ogerpon|19/100\n|\n|-weather|SunnyDay|[upkeep]\n|upkeep\n|turn|2\n|inactive|shadowofroserade04 has 30 seconds left.\n|\n|t:|1772022121\n|move|p1a: Koraidon|Protect|p1a: Koraidon\n|-singleturn|p1a: Koraidon|Protect\n|move|p2a: Ogerpon|Ivy Cudgel|p1b: Weezing|[anim] Ivy Cudgel Rock\n|-damage|p1b: Weezing|48/100\n|-enditem|p1b: Weezing|Sitrus Berry|[eat]\n|-heal|p1b: Weezing|73/100|[from] item: Sitrus Berry\n|move|p2b: Tornadus|Bleakwind Storm|p1b: Weezing|[spread] p1b\n|-activate|p1a: Koraidon|move: Protect\n|-damage|p1b: Weezing|44/100\n|move|p1b: Weezing|Strange Steam|p2b: Tornadus\n|-damage|p2b: Tornadus|72/100\n|\n|-weather|SunnyDay|[upkeep]\n|upkeep\n|turn|3\n|inactive|shadowofroserade04 has 30 seconds left.\n|inactive|shadowofroserade04 has 20 seconds left.\n|\n|t:|1772022157\n|-terastallize|p1a: Koraidon|Fire\n|move|p2a: Ogerpon|Ivy Cudgel|p1a: Koraidon|[anim] Ivy Cudgel Rock\n|-supereffective|p1a: Koraidon\n|-crit|p1a: Koraidon\n|-damage|p1a: Koraidon|0 fnt\n|faint|p1a: Koraidon\n|move|p2b: Tornadus|Bleakwind Storm|p1b: Weezing|[miss]\n|-miss|p2b: Tornadus|p1b: Weezing\n|move|p1b: Weezing|Strange Steam|p2a: Ogerpon\n|-damage|p2a: Ogerpon|0 fnt\n|faint|p2a: Ogerpon\n|\n|-weather|SunnyDay|[upkeep]\n|upkeep\n|\n|t:|1772022169\n|switch|p2a: Calyrex|Calyrex-Shadow, L50|100/100\n|switch|p1a: Calyrex|Calyrex-Shadow, L50|100/100\n|-ability|p2a: Calyrex|As One\n|-ability|p2a: Calyrex|Unnerve\n|-ability|p1a: Calyrex|As One\n|-ability|p1a: Calyrex|Unnerve\n|turn|4\n|\n|t:|1772022178\n|-terastallize|p2a: Calyrex|Dark\n|move|p1a: Calyrex|Protect|p1a: Calyrex\n|-singleturn|p1a: Calyrex|Protect\n|move|p1b: Weezing|Protect|p1b: Weezing\n|-singleturn|p1b: Weezing|Protect\n|move|p2a: Calyrex|Astral Barrage|p1b: Weezing|[spread] \n|-activate|p1a: Calyrex|move: Protect\n|-activate|p1b: Weezing|move: Protect\n|move|p2b: Tornadus|Bleakwind Storm|p1b: Weezing|[spread] \n|-activate|p1a: Calyrex|move: Protect\n|-activate|p1b: Weezing|move: Protect\n|\n|-weather|SunnyDay|[upkeep]\n|-sideend|p2: EllenJoe2026|move: Tailwind\n|upkeep\n|turn|5\n|\n|t:|1772022194\n|-end|p1b: Weezing|ability: Neutralizing Gas\n|switch|p1b: Chi-Yu|Chi-Yu, L50|100/100\n|-ability|p1b: Chi-Yu|Beads of Ruin\n|move|p2b: Tornadus|Tailwind|p2b: Tornadus\n|-sidestart|p2: EllenJoe2026|move: Tailwind\n|move|p2a: Calyrex|Astral Barrage|p1b: Chi-Yu|[spread] p1a,p1b\n|-supereffective|p1a: Calyrex\n|-resisted|p1b: Chi-Yu\n|-enditem|p1a: Calyrex|Focus Sash\n|-damage|p1a: Calyrex|1/100\n|-damage|p1b: Chi-Yu|62/100\n|move|p1a: Calyrex|Astral Barrage|p2a: Calyrex|[spread] p2a,p2b\n|-resisted|p2a: Calyrex\n|-damage|p2a: Calyrex|60/100\n|-damage|p2b: Tornadus|0 fnt\n|faint|p2b: Tornadus\n|-ability|p1a: Calyrex|Grim Neigh|boost\n|-boost|p1a: Calyrex|spa|1\n|\n|-weather|none\n|upkeep\n|\n|t:|1772022204\n|switch|p2b: Zamazenta|Zamazenta-Crowned, L50, shiny|100/100\n|-ability|p2b: Zamazenta|Dauntless Shield|boost\n|-boost|p2b: Zamazenta|def|1\n|turn|6\n|l| MiscPokemonPlayer\n|\n|t:|1772022229\n|move|p2a: Calyrex|Astral Barrage|p1a: Calyrex|[spread] p1a,p1b\n|-supereffective|p1a: Calyrex\n|-resisted|p1b: Chi-Yu\n|-damage|p1a: Calyrex|0 fnt\n|-damage|p1b: Chi-Yu|23/100\n|faint|p1a: Calyrex\n|-ability|p2a: Calyrex|Grim Neigh|boost\n|-boost|p2a: Calyrex|spa|1\n|move|p2b: Zamazenta|Body Press|p1b: Chi-Yu\n|-supereffective|p1b: Chi-Yu\n|-damage|p1b: Chi-Yu|0 fnt\n|faint|p1b: Chi-Yu\n|\n|upkeep\n|-message|shadowofroserade04 forfeited.\n|\n|win|EllenJoe2026\n|raw|shadowofroserade04's rating: 1424 &rarr; <strong>1406</strong><br />(-18 for losing)\n|raw|EllenJoe2026's rating: 1461 &rarr; <strong>1479</strong><br />(+18 for winning)\n|l|\u2606shadowofroserade04\n|player|p1|\n|l|\u2606EllenJoe2026\n|player|p2|\n|l| moltrecord\n","uploadtime":1772022258,"views":13,"formatid":"gen9vgc2026regi","rating":1406,"private":0,"password":null}