{"id":"gen9vgc2026regi-2579597721","format":"[Gen 9] VGC 2026 Reg I","players":["LinkXSwords","TheManOfSausage"],"log":"|j|\u2606LinkXSwords\n|j|\u2606TheManOfSausage\n|t:|1775803479\n|gametype|doubles\n|player|p1|LinkXSwords|zinnia|1521\n|player|p2|TheManOfSausage|miku-water|1674\n|gen|9\n|tier|[Gen 9] VGC 2026 Reg I\n|rated|\n|rule|Species Clause: Limit one of each Pok\u00e9mon\n|rule|Item Clause: Limit 1 of each item\n|clearpoke\n|poke|p1|Calyrex-Ice, L50|\n|poke|p1|Miraidon, L50|\n|poke|p1|Iron Hands, L50|\n|poke|p1|Farigiraf, L50, M|\n|poke|p1|Ogerpon-Hearthflame, L50, F|\n|poke|p1|Urshifu-*, L50, M|\n|poke|p2|Calyrex-Ice, L50|\n|poke|p2|Miraidon, L50|\n|poke|p2|Farigiraf, L50, F|\n|poke|p2|Urshifu-*, L50, M|\n|poke|p2|Volcarona, L50, M|\n|poke|p2|Iron Hands, L50|\n|teampreview|4\nTheManOfSausage has agreed to open team sheets.\n|\n|t:|1775803497\n|teamsize|p1|4\n|teamsize|p2|4\n|start\n|switch|p1a: Belmonda|Miraidon, L50|100/100\n|switch|p1b: Rafa|Farigiraf, L50, M, shiny|100/100\n|switch|p2a: Magical Mirai|Miraidon, L50|100/100\n|switch|p2b: Ogurin|Calyrex-Ice, L50|100/100\n|-ability|p2b: Ogurin|As One\n|-ability|p2b: Ogurin|Unnerve\n|-fieldstart|move: Electric Terrain|[from] ability: Hadron Engine|[of] p2a: Magical Mirai\n|-activate|p1a: Belmonda|ability: Hadron Engine\n|turn|1\n|\n|t:|1775803502\n|-terastallize|p1a: Belmonda|Fairy\n|move|p2b: Ogurin|Protect|p2b: Ogurin\n|-singleturn|p2b: Ogurin|Protect\n|move|p2a: Magical Mirai|Volt Switch|p1b: Rafa\n|-damage|p1b: Rafa|33/100\n|\n|t:|1775803506\n|switch|p2a: Volcarona|Volcarona, L50, M, shiny|100/100|[from] Volt Switch\n|move|p1a: Belmonda|Dazzling Gleam|p2b: Ogurin|[spread] p2a\n|-activate|p2b: Ogurin|move: Protect\n|-resisted|p2a: Volcarona\n|-damage|p2a: Volcarona|69/100\n|move|p1b: Rafa|Foul Play|p2b: Ogurin\n|-activate|p2b: Ogurin|move: Protect\n|\n|upkeep\n|turn|2\n|\n|t:|1775803518\n|move|p1a: Belmonda|Dazzling Gleam|p2a: Volcarona|[spread] p2a,p2b\n|-resisted|p2a: Volcarona\n|-damage|p2a: Volcarona|35/100\n|-damage|p2b: Ogurin|52/100\n|move|p2a: Volcarona|Fiery Dance|p1b: Rafa\n|-damage|p1b: Rafa|0 fnt\n|faint|p1b: Rafa\n|move|p2b: Ogurin|Trick Room|p2b: Ogurin\n|-fieldstart|move: Trick Room|[of] p2b: Ogurin\n|\n|upkeep\n|\n|t:|1775803523\n|switch|p1b: Ibai|Iron Hands, L50|100/100\n|-activate|p1b: Ibai|ability: Quark Drive\n|-start|p1b: Ibai|quarkdriveatk\n|turn|3\n|\n|t:|1775803532\n|move|p2b: Ogurin|Protect|p2b: Ogurin\n|-singleturn|p2b: Ogurin|Protect\n|move|p1b: Ibai|Fake Out|p2b: Ogurin\n|-activate|p2b: Ogurin|move: Protect\n|move|p2a: Volcarona|Fiery Dance|p1a: Belmonda\n|-damage|p1a: Belmonda|56/100\n|-boost|p2a: Volcarona|spa|1\n|move|p1a: Belmonda|Dazzling Gleam|p2a: Volcarona|[spread] p2a\n|-activate|p2b: Ogurin|move: Protect\n|-resisted|p2a: Volcarona\n|-damage|p2a: Volcarona|5/100\n|\n|upkeep\n|turn|4\n|\n|t:|1775803550\n|move|p2a: Volcarona|Rage Powder|p2a: Volcarona\n|-singleturn|p2a: Volcarona|move: Rage Powder\n|move|p2b: Ogurin|Glacial Lance|p1b: Ibai|[spread] p1a,p1b\n|-crit|p1a: Belmonda\n|-damage|p1a: Belmonda|0 fnt\n|-damage|p1b: Ibai|57/100\n|faint|p1a: Belmonda\n|-ability|p2b: Ogurin|Chilling Neigh|boost\n|-boost|p2b: Ogurin|atk|1\n|move|p1b: Ibai|Wild Charge|p2a: Volcarona\n|-damage|p2a: Volcarona|0 fnt\n|-damage|p1b: Ibai|40/100|[from] item: Rocky Helmet|[of] p2a: Volcarona\n|faint|p2a: Volcarona\n|-damage|p1b: Ibai|39/100|[from] Recoil\n|\n|upkeep\n|\n|t:|1775803555\n|switch|p2a: Brian|Iron Hands, L50, shiny|100/100\n|switch|p1a: Cabez\u00f3n|Calyrex-Ice, L50|100/100\n|-ability|p1a: Cabez\u00f3n|As One\n|-ability|p1a: Cabez\u00f3n|Unnerve\n|-activate|p2a: Brian|ability: Quark Drive\n|-start|p2a: Brian|quarkdriveatk\n|turn|5\n|\n|t:|1775803559\n|move|p1a: Cabez\u00f3n|Protect|p1a: Cabez\u00f3n\n|-singleturn|p1a: Cabez\u00f3n|Protect\n|move|p2a: Brian|Fake Out|p1b: Ibai\n|-damage|p1b: Ibai|24/100\n|move|p2b: Ogurin|Glacial Lance|p1b: Ibai|[spread] p1b\n|-activate|p1a: Cabez\u00f3n|move: Protect\n|-damage|p1b: Ibai|0 fnt\n|faint|p1b: Ibai\n|-end|p1b: Ibai|Quark Drive|[silent]\n|-ability|p2b: Ogurin|Chilling Neigh|boost\n|-boost|p2b: Ogurin|atk|1\n|\n|-fieldend|move: Electric Terrain\n|-end|p2a: Brian|Quark Drive\n|upkeep\n|turn|6\n|\n|t:|1775803565\n|move|p2a: Brian|Low Kick|p1a: Cabez\u00f3n\n|-damage|p1a: Cabez\u00f3n|60/100\n|move|p2b: Ogurin|High Horsepower|p1a: Cabez\u00f3n\n|-damage|p1a: Cabez\u00f3n|5/100\n|move|p1a: Cabez\u00f3n|High Horsepower|p2b: Ogurin\n|-damage|p2b: Ogurin|26/100\n|\n|-fieldend|move: Trick Room\n|upkeep\n|turn|7\n|-message|LinkXSwords forfeited.\n|\n|win|TheManOfSausage\n|raw|LinkXSwords's rating: 1521 &rarr; <strong>1509</strong><br />(-12 for losing)\n|raw|TheManOfSausage's rating: 1674 &rarr; <strong>1686</strong><br />(+12 for winning)\n|c|\u2606TheManOfSausage|gg\n|l|\u2606LinkXSwords\n|player|p1|\n|l|\u2606TheManOfSausage\n|player|p2|\n","uploadtime":1775803788,"views":10,"formatid":"gen9vgc2026regi","rating":1509,"private":0,"password":null}