{"id":"gen9vgc2026regi-2564377197","format":"[Gen 9] VGC 2026 Reg I","players":["4Test4","defiantvgc"],"log":"|j|\u26064Test4\n|j|\u2606defiantvgc\n|t:|1774138518\n|gametype|doubles\n|player|p1|4Test4|blue|\n|player|p2|defiantvgc|spark-casual|\n|gen|9\n|tier|[Gen 9] VGC 2026 Reg I\n|rated|Tournament battle\n|rule|Species Clause: Limit one of each Pok\u00e9mon\n|rule|Item Clause: Limit 1 of each item\n|raw|<div class=\"infobox\"><details class=\"readmore\" open><summary><strong>3 custom rules:</strong></summary> Open Team Sheets, Force Open Team Sheets, !Open Team Sheets</details></div>\n|clearpoke\n|poke|p1|Koraidon, L50|\n|poke|p1|Calyrex-Shadow, L50|\n|poke|p1|Incineroar, L50, M|\n|poke|p1|Brute Bonnet, L50|\n|poke|p1|Weezing-Galar, L50, F|\n|poke|p1|Talonflame, L50, F|\n|poke|p2|Kyogre, L50|\n|poke|p2|Sinistcha, L50|\n|poke|p2|Ursaluna, L50, F|\n|poke|p2|Zacian-*, L50|\n|poke|p2|Tornadus, L50, M|\n|poke|p2|Incineroar, L50, F|\n|teampreview|4\n|showteam|p1|Koraidon||AbilityShield|OrichalcumPulse|FlameCharge,FlareBlitz,CollisionCourse,Protect||||||50|,,,,,Fire]Calyrex-Shadow||FocusSash|AsOneSpectrier|AstralBarrage,Psychic,PollenPuff,Protect||||||50|,,,,,Ghost]Incineroar||AssaultVest|Intimidate|FakeOut,FlareBlitz,KnockOff,Uturn|||M|||50|,,,,,Bug]Brute Bonnet||CovertCloak|Protosynthesis|RagePowder,Spore,SuckerPunch,SeedBomb||||||50|,,,,,Water]Weezing-Galar||Leftovers|NeutralizingGas|PoisonGas,DazzlingGleam,ClearSmog,Protect|||F|||50|,,,,,Water]Talonflame||ExpertBelt|GaleWings|DualWingbeat,Tailwind,UpperHand,Protect|||F|||50|,,,,,Ground\n|showteam|p2|Kyogre||AssaultVest|Drizzle|WaterSpout,HydroPump,IceBeam,Thunder||||||50|,,,,,Grass]Sinistcha||RockyHelmet|Hospitality|MatchaGotcha,TrickRoom,StrengthSap,RagePowder||||||50|,,,,,Dark]Ursaluna||FlameOrb|Guts|Facade,HighHorsepower,Earthquake,Protect|||F|||50|,,,,,Fairy]Zacian-Crowned||RustedSword|IntrepidSword|behemothblade,PlayRough,SwordsDance,Protect||||||50|,,,,,Fairy]Tornadus||FocusSash|Prankster|BleakwindStorm,RainDance,Tailwind,Protect|||M|||50|,,,,,Ghost]Incineroar||CovertCloak|Intimidate|FakeOut,KnockOff,Taunt,PartingShot|||F|||50|,,,,,Grass\n|j| Midladder Crisis\n|\n|t:|1774138545\n|teamsize|p1|4\n|teamsize|p2|4\n|start\n|switch|p1a: Grau!|Koraidon, L50|100/100\n|switch|p1b: Fuma\u00e7a!|Weezing-Galar, L50, F|100/100\n|switch|p2a: Zacian|Zacian-Crowned, L50|100/100\n|switch|p2b: Incineroar|Incineroar, L50, F|100/100\n|-ability|p1b: Fuma\u00e7a!|Neutralizing Gas\n|-block|p1a: Grau!|item: Ability Shield\n|-weather|SunnyDay|[from] ability: Orichalcum Pulse|[of] p1a: Grau!\n|-activate|p1a: Grau!|Orichalcum Pulse|[source]\n|turn|1\n|\n|t:|1774138568\n|move|p1a: Grau!|Protect|p1a: Grau!\n|-singleturn|p1a: Grau!|Protect\n|move|p1b: Fuma\u00e7a!|Protect|p1b: Fuma\u00e7a!\n|-singleturn|p1b: Fuma\u00e7a!|Protect\n|move|p2b: Incineroar|Fake Out|p1a: Grau!\n|-activate|p1a: Grau!|move: Protect\n|move|p2a: Zacian|Swords Dance|p2a: Zacian\n|-boost|p2a: Zacian|atk|2\n|\n|-weather|SunnyDay|[upkeep]\n|upkeep\n|turn|2\n|\n|t:|1774138605\n|switch|p2b: Kyogre|Kyogre, L50|100/100\n|-end|p1b: Fuma\u00e7a!|ability: Neutralizing Gas\n|-ability|p2a: Zacian|Intrepid Sword|boost\n|-boost|p2a: Zacian|atk|1\n|-weather|RainDance|[from] ability: Drizzle|[of] p2b: Kyogre\n|switch|p1b: Noia!|Brute Bonnet, L50|100/100\n|-terastallize|p2a: Zacian|Fairy\n|-terastallize|p1a: Grau!|Fire\n|move|p2a: Zacian|Play Rough|p1b: Noia!\n|-supereffective|p1b: Noia!\n|-damage|p1b: Noia!|0 fnt\n|faint|p1b: Noia!\n|-end|p1b: Noia!|Protosynthesis|[silent]\n|move|p1a: Grau!|Collision Course|p2b: Kyogre\n|-damage|p2b: Kyogre|50/100\n|\n|-weather|RainDance|[upkeep]\n|upkeep\n|\n|t:|1774138629\n|switch|p1b: Pocot\u00f3!|Calyrex-Shadow, L50|100/100\n|-ability|p1b: Pocot\u00f3!|As One\n|-ability|p1b: Pocot\u00f3!|Unnerve\n|turn|3\n|j| AnyRandomPerson\n|c|\u26064Test4|This will be hard\n|l| AnyRandomPerson\n|\n|t:|1774138664\n|switch|p2b: Incineroar|Incineroar, L50, F|100/100\n|-ability|p2b: Incineroar|Intimidate|boost\n|-unboost|p1a: Grau!|atk|1\n|-unboost|p1b: Pocot\u00f3!|atk|1\n|move|p1b: Pocot\u00f3!|Astral Barrage|p2a: Zacian|[spread] p2a,p2b\n|-resisted|p2b: Incineroar\n|-damage|p2a: Zacian|60/100\n|-damage|p2b: Incineroar|74/100\n|move|p2a: Zacian|Play Rough|p1a: Grau!|[miss]\n|-miss|p2a: Zacian|p1a: Grau!\n|move|p1a: Grau!|Collision Course|p2b: Incineroar\n|-supereffective|p2b: Incineroar\n|-damage|p2b: Incineroar|5/100\n|\n|-weather|RainDance|[upkeep]\n|upkeep\n|turn|4\n|\n|t:|1774138685\n|move|p2a: Zacian|Protect|p2a: Zacian\n|-singleturn|p2a: Zacian|Protect\n|move|p1a: Grau!|Protect|p1a: Grau!\n|-singleturn|p1a: Grau!|Protect\n|move|p1b: Pocot\u00f3!|Astral Barrage|p2b: Incineroar|[spread] p2b\n|-activate|p2a: Zacian|move: Protect\n|-resisted|p2b: Incineroar\n|-damage|p2b: Incineroar|0 fnt\n|faint|p2b: Incineroar\n|-ability|p1b: Pocot\u00f3!|Grim Neigh|boost\n|-boost|p1b: Pocot\u00f3!|spa|1\n|\n|-weather|RainDance|[upkeep]\n|upkeep\n|\n|t:|1774138688\n|switch|p2b: Tornadus|Tornadus, L50, M|100/100\n|turn|5\n|l| Midladder Crisis\n|\n|t:|1774138712\n|switch|p1a: Fuma\u00e7a!|Weezing-Galar, L50, F|100/100\n|-ability|p1a: Fuma\u00e7a!|Neutralizing Gas\n|move|p1b: Pocot\u00f3!|Psychic|p2a: Zacian\n|-damage|p2a: Zacian|0 fnt\n|faint|p2a: Zacian\n|-ability|p1b: Pocot\u00f3!|Grim Neigh|boost\n|-boost|p1b: Pocot\u00f3!|spa|1\n|move|p2b: Tornadus|Tailwind|p2b: Tornadus\n|-sidestart|p2: defiantvgc|move: Tailwind\n|\n|-weather|RainDance|[upkeep]\n|upkeep\n|\n|t:|1774138717\n|switch|p2a: Kyogre|Kyogre, L50|50/100\n|turn|6\n|c|\u2606defiantvgc|\"this will be hard\" I miss pr\n|-message|defiantvgc forfeited.\n|\n|win|4Test4\n|n|\u26064Test4|4test4\n|n|\u2606defiantvgc|defiantvgc\n|l|\u2606defiantvgc\n|player|p2|\n|c|\u26064Test4|gg\n|l|\u26064Test4\n|player|p1|\n|j| aurora ltd\n","uploadtime":1774138874,"views":11,"formatid":"gen9vgc2026regi","rating":null,"private":0,"password":null}