{"id":"gen9vgc2026regi-2590966134","format":"[Gen 9] VGC 2026 Reg I","players":["blackred123","Realfrytki"],"log":"|j|\u2606blackred123\n|j|\u2606Realfrytki\n|t:|1776865173\n|gametype|doubles\n|player|p1|blackred123|iono-masters|1639\n|player|p2|Realfrytki|veteranf|1623\n|gen|9\n|tier|[Gen 9] VGC 2026 Reg I\n|rated|\n|rule|Species Clause: Limit one of each Pok\u00e9mon\n|rule|Item Clause: Limit 1 of each item\n|clearpoke\n|poke|p1|Calyrex-Shadow, L50|\n|poke|p1|Zamazenta-*, L50|\n|poke|p1|Tornadus, L50, M|\n|poke|p1|Rillaboom, L50, F|\n|poke|p1|Ogerpon-Hearthflame, L50, F|\n|poke|p1|Raging Bolt, L50|\n|poke|p2|Calyrex-Shadow, L50|\n|poke|p2|Terapagos, L50, M|\n|poke|p2|Iron Hands, L50|\n|poke|p2|Chi-Yu, L50|\n|poke|p2|Smeargle, L50, F|\n|poke|p2|Whimsicott, L50, F|\n|teampreview|4\n|inactive|Battle timer is ON: inactive players will automatically lose when time's up. (requested by blackred123)\n|\n|t:|1776865194\n|teamsize|p1|4\n|teamsize|p2|4\n|start\n|switch|p1a: Zamazenta|Zamazenta-Crowned, L50|100/100\n|switch|p1b: Tornadus|Tornadus, L50, M|100/100\n|switch|p2a: Smeargle|Smeargle, L50, F|100/100\n|switch|p2b: Calyrex|Calyrex-Shadow, L50|100/100\n|-ability|p2b: Calyrex|As One\n|-ability|p2b: Calyrex|Unnerve\n|-ability|p1a: Zamazenta|Dauntless Shield|boost\n|-boost|p1a: Zamazenta|def|1\n|turn|1\n|\n|t:|1776865211\n|switch|p2a: Chi-Yu|Chi-Yu, L50|100/100\n|-ability|p2a: Chi-Yu|Beads of Ruin\n|move|p2b: Calyrex|Astral Barrage|p1a: Zamazenta|[spread] p1a,p1b\n|-damage|p1a: Zamazenta|36/100\n|-damage|p1b: Tornadus|0 fnt\n|faint|p1b: Tornadus\n|-ability|p2b: Calyrex|Grim Neigh|boost\n|-boost|p2b: Calyrex|spa|1\n|-damage|p2b: Calyrex|91/100|[from] item: Life Orb\n|move|p1a: Zamazenta|Heavy Slam|p2b: Calyrex\n|-damage|p2b: Calyrex|30/100\n|\n|upkeep\n|\n|t:|1776865224\n|switch|p1b: Calyrex|Calyrex-Shadow, L50|100/100\n|-ability|p1b: Calyrex|As One\n|-ability|p1b: Calyrex|Unnerve\n|turn|2\n|\n|t:|1776865240\n|move|p1b: Calyrex|Protect|p1b: Calyrex\n|-singleturn|p1b: Calyrex|Protect\n|move|p1a: Zamazenta|Protect|p1a: Zamazenta\n|-singleturn|p1a: Zamazenta|Protect\n|move|p2a: Chi-Yu|Dark Pulse|p1b: Calyrex\n|-activate|p1b: Calyrex|move: Protect\n|move|p2b: Calyrex|Psychic|p1a: Zamazenta\n|-activate|p1a: Zamazenta|move: Protect\n|\n|upkeep\n|turn|3\n|\n|t:|1776865257\n|move|p2b: Calyrex|Protect|p2b: Calyrex\n|-singleturn|p2b: Calyrex|Protect\n|move|p2a: Chi-Yu|Dark Pulse|p1b: Calyrex\n|-supereffective|p1b: Calyrex\n|-enditem|p1b: Calyrex|Focus Sash\n|-damage|p1b: Calyrex|1/100\n|move|p1b: Calyrex|Astral Barrage|p2a: Chi-Yu|[spread] p2a\n|-activate|p2b: Calyrex|move: Protect\n|-resisted|p2a: Chi-Yu\n|-damage|p2a: Chi-Yu|71/100\n|move|p1a: Zamazenta|Body Press|p2a: Chi-Yu\n|-supereffective|p2a: Chi-Yu\n|-damage|p2a: Chi-Yu|0 fnt\n|faint|p2a: Chi-Yu\n|\n|upkeep\n|\n|t:|1776865275\n|switch|p2a: Smeargle|Smeargle, L50, F|100/100\n|turn|4\n|\n|t:|1776865287\n|move|p1a: Zamazenta|Protect|p1a: Zamazenta\n|-singleturn|p1a: Zamazenta|Protect\n|move|p2b: Calyrex|Psychic|p1b: Calyrex\n|-resisted|p1b: Calyrex\n|-damage|p1b: Calyrex|0 fnt\n|faint|p1b: Calyrex\n|-ability|p2b: Calyrex|Grim Neigh|boost\n|-boost|p2b: Calyrex|spa|1\n|-damage|p2b: Calyrex|21/100|[from] item: Life Orb\n|move|p2a: Smeargle|Spore|p1a: Zamazenta\n|-activate|p1a: Zamazenta|move: Protect\n|\n|-ability|p2a: Smeargle|Moody|boost\n|-boost|p2a: Smeargle|def|2\n|-unboost|p2a: Smeargle|spa|1\n|upkeep\n|\n|t:|1776865291\n|switch|p1b: Raging Bolt|Raging Bolt, L50|100/100\n|-enditem|p1b: Raging Bolt|Booster Energy\n|-activate|p1b: Raging Bolt|ability: Protosynthesis|[fromitem]\n|-start|p1b: Raging Bolt|protosynthesisspa\n|turn|5\n|\n|t:|1776865304\n|move|p2a: Smeargle|Follow Me|p2a: Smeargle\n|-singleturn|p2a: Smeargle|move: Follow Me\n|move|p2b: Calyrex|Psychic|p1a: Zamazenta\n|-damage|p1a: Zamazenta|0 fnt\n|faint|p1a: Zamazenta\n|-ability|p2b: Calyrex|Grim Neigh|boost\n|-boost|p2b: Calyrex|spa|1\n|-damage|p2b: Calyrex|11/100|[from] item: Life Orb\n|move|p1b: Raging Bolt|Thunderbolt|p2a: Smeargle\n|-enditem|p2a: Smeargle|Focus Sash\n|-damage|p2a: Smeargle|1/100\n|\n|-ability|p2a: Smeargle|Moody|boost\n|-boost|p2a: Smeargle|atk|2\n|-unboost|p2a: Smeargle|spd|1\n|upkeep\n|turn|6\n|-message|blackred123 forfeited.\n|\n|win|Realfrytki\n|raw|blackred123's rating: 1639 &rarr; <strong>1618</strong><br />(-21 for losing)\n|raw|Realfrytki's rating: 1623 &rarr; <strong>1644</strong><br />(+21 for winning)\n|l|\u2606blackred123\n|player|p1|\n|l|\u2606Realfrytki\n|player|p2|\n","uploadtime":1776865527,"views":28,"formatid":"gen9vgc2026regi","rating":1618,"private":0,"password":null}