{"id":"gen9vgc2026regi-2553297409","format":"[Gen 9] VGC 2026 Reg I","players":["blkolgl","partigiano jonny"],"log":"|j|\u2606blkolgl\n|j|\u2606partigiano jonny\n|t:|1772818156\n|gametype|doubles\n|player|p1|blkolgl|102|1473\n|player|p2|partigiano jonny|volkner|1598\n|gen|9\n|tier|[Gen 9] VGC 2026 Reg I\n|rated|\n|rule|Species Clause: Limit one of each Pok\u00e9mon\n|rule|Item Clause: Limit 1 of each item\n|clearpoke\n|poke|p1|Koraidon, L50|\n|poke|p1|Calyrex-Ice, L50|\n|poke|p1|Flutter Mane, L50|\n|poke|p1|Raging Bolt, L50|\n|poke|p1|Incineroar, L50, M|\n|poke|p1|Chi-Yu, L50|\n|poke|p2|Terapagos, L50, M|\n|poke|p2|Miraidon, L50|\n|poke|p2|Incineroar, L50, M|\n|poke|p2|Iron Treads, L50|\n|poke|p2|Sinistcha, L50|\n|poke|p2|Urshifu-*, L50, M|\n|teampreview|4\n|inactive|Battle timer is ON: inactive players will automatically lose when time's up. (requested by blkolgl)\n|inactive|blkolgl has 60 seconds left.\n|\n|t:|1772818188\n|teamsize|p1|4\n|teamsize|p2|4\n|start\n|switch|p1a: Koraidon|Koraidon, L50|100/100\n|switch|p1b: Chi-Yu|Chi-Yu, L50|100/100\n|switch|p2a: Terapagos|Terapagos, L50, M|100/100\n|switch|p2b: Miraidon|Miraidon, L50|100/100\n|-activate|p2a: Terapagos|ability: Tera Shift\n|detailschange|p2a: Terapagos|Terapagos-Terastal, L50, M\n|-heal|p2a: Terapagos|100/100|[silent]\n|-ability|p1b: Chi-Yu|Beads of Ruin\n|-fieldstart|move: Electric Terrain|[from] ability: Hadron Engine|[of] p2b: Miraidon\n|-enditem|p2a: Terapagos|Electric Seed\n|-boost|p2a: Terapagos|def|1|[from] item: Electric Seed\n|-weather|SunnyDay|[from] ability: Orichalcum Pulse|[of] p1a: Koraidon\n|-activate|p1a: Koraidon|Orichalcum Pulse|[source]\n|turn|1\n|inactive|partigiano jonny has 30 seconds left.\n|\n|t:|1772818215\n|-terastallize|p2a: Terapagos|Stellar\n|detailschange|p2a: Terapagos|Terapagos-Stellar, L50, M, tera:Stellar\n|-heal|p2a: Terapagos|100/100|[silent]\n|-ability|p2a: Terapagos|Teraform Zero\n|-weather|none\n|-fieldend|move: Electric Terrain\n|move|p1b: Chi-Yu|Snarl|p2b: Miraidon|[spread] p2a,p2b\n|-damage|p2a: Terapagos|82/100\n|-damage|p2b: Miraidon|84/100\n|-unboost|p2a: Terapagos|spa|1\n|-unboost|p2b: Miraidon|spa|1\n|move|p2b: Miraidon|Volt Switch|p1b: Chi-Yu\n|-damage|p1b: Chi-Yu|73/100\n|\n|t:|1772818230\n|switch|p2b: Sinistcha|Sinistcha, L50|100/100|[from] Volt Switch\n|-heal|p2a: Terapagos|100/100|[from] ability: Hospitality|[of] p2b: Sinistcha\n|move|p1a: Koraidon|Low Kick|p2b: Sinistcha\n|-immune|p2b: Sinistcha\n|move|p2a: Terapagos|Tera Starstorm|p1a: Koraidon|[spread] p1a,p1b\n|-crit|p1a: Koraidon\n|-damage|p1a: Koraidon|32/100\n|-damage|p1b: Chi-Yu|46/100\n|\n|upkeep\n|turn|2\n|\n|t:|1772818245\n|switch|p1a: Calyrex|Calyrex-Ice, L50|100/100\n|-ability|p1a: Calyrex|As One\n|-ability|p1a: Calyrex|Unnerve\n|switch|p2b: Incineroar|Incineroar, L50, M|100/100\n|-ability|p2b: Incineroar|Intimidate|boost\n|-unboost|p1a: Calyrex|atk|1\n|-unboost|p1b: Chi-Yu|atk|1\n|move|p1b: Chi-Yu|Snarl|p2a: Terapagos|[spread] p2a,p2b\n|-resisted|p2b: Incineroar\n|-damage|p2a: Terapagos|84/100\n|-damage|p2b: Incineroar|88/100\n|-unboost|p2a: Terapagos|spa|1\n|-unboost|p2b: Incineroar|spa|1\n|move|p2a: Terapagos|Earth Power|p1b: Chi-Yu\n|-supereffective|p1b: Chi-Yu\n|-damage|p1b: Chi-Yu|8/100\n|\n|upkeep\n|turn|3\n|inactive|partigiano jonny has 30 seconds left.\n|\n|t:|1772818272\n|switch|p1b: Flutter Mane|Flutter Mane, L50|100/100\n|switch|p2a: Miraidon|Miraidon, L50|84/100\n|-fieldstart|move: Electric Terrain|[from] ability: Hadron Engine|[of] p2a: Miraidon\n|move|p2b: Incineroar|Fake Out|p1b: Flutter Mane\n|-immune|p1b: Flutter Mane\n|move|p1a: Calyrex|Leech Seed|p2a: Miraidon\n|-start|p2a: Miraidon|move: Leech Seed\n|\n|-damage|p2a: Miraidon|71/100|[from] Leech Seed|[of] p1a: Calyrex\n|upkeep\n|turn|4\n|inactive|partigiano jonny has 30 seconds left.\n|\n|t:|1772818304\n|switch|p2b: Terapagos|Terapagos-Stellar, L50, M, tera:Stellar|84/100\n|switch|p1a: Koraidon|Koraidon, L50|32/100\n|-weather|SunnyDay|[from] ability: Orichalcum Pulse|[of] p1a: Koraidon\n|-activate|p1b: Flutter Mane|ability: Protosynthesis\n|-start|p1b: Flutter Mane|protosynthesisspe\n|-activate|p1a: Koraidon|Orichalcum Pulse|[source]\n|-terastallize|p1b: Flutter Mane|Stellar\n|move|p1b: Flutter Mane|Moonblast|p2a: Miraidon\n|-supereffective|p2a: Miraidon\n|-damage|p2a: Miraidon|0 fnt\n|faint|p2a: Miraidon\n|\n|-weather|SunnyDay|[upkeep]\n|upkeep\n|j| mediocreprovoker\n|\n|t:|1772818319\n|switch|p2a: Sinistcha|Sinistcha, L50|100/100\n|-heal|p2b: Terapagos|100/100|[from] ability: Hospitality|[of] p2a: Sinistcha\n|turn|5\n|\n|t:|1772818338\n|move|p2b: Terapagos|Protect|p2b: Terapagos\n|-singleturn|p2b: Terapagos|Protect\n|move|p1b: Flutter Mane|Icy Wind|p2a: Sinistcha|[spread] p2a\n|-activate|p2b: Terapagos|move: Protect\n|-supereffective|p2a: Sinistcha\n|-damage|p2a: Sinistcha|61/100\n|-unboost|p2a: Sinistcha|spe|1\n|move|p1a: Koraidon|Flare Blitz|p2a: Sinistcha\n|-supereffective|p2a: Sinistcha\n|-damage|p2a: Sinistcha|0 fnt\n|faint|p2a: Sinistcha\n|-damage|p1a: Koraidon|13/100|[from] Recoil\n|\n|-weather|SunnyDay|[upkeep]\n|upkeep\n|\n|t:|1772818348\n|switch|p2a: Incineroar|Incineroar, L50, M|88/100\n|-ability|p2a: Incineroar|Intimidate|boost\n|-fail|p1a: Koraidon|unboost|[from] item: Clear Amulet|[of] p1a: Koraidon\n|-unboost|p1b: Flutter Mane|atk|1\n|turn|6\n|\n|t:|1772818361\n|move|p1a: Koraidon|Protect|p1a: Koraidon\n|-singleturn|p1a: Koraidon|Protect\n|move|p2a: Incineroar|Fake Out|p1a: Koraidon\n|-activate|p1a: Koraidon|move: Protect\n|move|p1b: Flutter Mane|Icy Wind|p2b: Terapagos|[spread] p2a,p2b\n|-resisted|p2a: Incineroar\n|-damage|p2a: Incineroar|82/100\n|-damage|p2b: Terapagos|91/100\n|-unboost|p2a: Incineroar|spe|1\n|-unboost|p2b: Terapagos|spe|1\n|move|p2b: Terapagos|Calm Mind|p2b: Terapagos\n|-boost|p2b: Terapagos|spa|1\n|-boost|p2b: Terapagos|spd|1\n|\n|-weather|SunnyDay|[upkeep]\n|upkeep\n|turn|7\n|\n|t:|1772818376\n|move|p1b: Flutter Mane|Icy Wind|p2b: Terapagos|[spread] p2a,p2b\n|-resisted|p2a: Incineroar\n|-crit|p2a: Incineroar\n|-damage|p2a: Incineroar|71/100\n|-damage|p2b: Terapagos|84/100\n|-unboost|p2a: Incineroar|spe|1\n|-unboost|p2b: Terapagos|spe|1\n|move|p1a: Koraidon|Low Kick|p2a: Incineroar\n|-supereffective|p2a: Incineroar\n|-damage|p2a: Incineroar|0 fnt\n|-damage|p1a: Koraidon|0 fnt|[from] item: Rocky Helmet|[of] p2a: Incineroar\n|faint|p2a: Incineroar\n|faint|p1a: Koraidon\n|move|p2b: Terapagos|Tera Starstorm|p1b: Flutter Mane\n|-supereffective|p1b: Flutter Mane\n|-enditem|p1b: Flutter Mane|Focus Sash\n|-damage|p1b: Flutter Mane|1/100\n|\n|-weather|SunnyDay|[upkeep]\n|-fieldend|move: Electric Terrain\n|upkeep\n|\n|t:|1772818383\n|switch|p1a: Calyrex|Calyrex-Ice, L50|100/100\n|-ability|p1a: Calyrex|As One\n|-ability|p1a: Calyrex|Unnerve\n|turn|8\n|\n|t:|1772818389\n|move|p1b: Flutter Mane|Moonblast|p2b: Terapagos\n|-damage|p2b: Terapagos|61/100\n|-unboost|p2b: Terapagos|spa|1\n|move|p1a: Calyrex|Leech Seed|p2b: Terapagos\n|-start|p2b: Terapagos|move: Leech Seed\n|move|p2b: Terapagos|Tera Starstorm|p1b: Flutter Mane|[spread] p1a,p1b\n|-supereffective|p1b: Flutter Mane\n|-damage|p1a: Calyrex|79/100\n|-damage|p1b: Flutter Mane|0 fnt\n|faint|p1b: Flutter Mane\n|-end|p1b: Flutter Mane|Protosynthesis|[silent]\n|\n|-weather|none\n|-heal|p1a: Calyrex|85/100|[from] item: Leftovers\n|-damage|p2b: Terapagos|49/100|[from] Leech Seed|[of] p1a: Calyrex\n|-heal|p1a: Calyrex|100/100|[silent]\n|upkeep\n|\n|t:|1772818396\n|switch|p1b: Chi-Yu|Chi-Yu, L50|8/100\n|-ability|p1b: Chi-Yu|Beads of Ruin\n|turn|9\n|-message|partigiano jonny forfeited.\n|\n|win|blkolgl\n|raw|blkolgl's rating: 1473 &rarr; <strong>1500</strong><br />(+27 for winning)\n|raw|partigiano jonny's rating: 1598 &rarr; <strong>1571</strong><br />(-27 for losing)\n|l|\u2606partigiano jonny\n|player|p2|\n|l|\u2606blkolgl\n|player|p1|\n|l| mediocreprovoker\n","uploadtime":1772818400,"views":19,"formatid":"gen9vgc2026regi","rating":1500,"private":0,"password":null}