{"id":"gen9vgc2026regi-2547482176","format":"[Gen 9] VGC 2026 Reg I","players":["jkm912","blackred123"],"log":"|j|\u2606jkm912\n|j|\u2606blackred123\n|t:|1772096284\n|gametype|doubles\n|player|p1|jkm912|erika|1400\n|player|p2|blackred123|iono-masters|1356\n|gen|9\n|tier|[Gen 9] VGC 2026 Reg I\n|rated|\n|rule|Species Clause: Limit one of each Pok\u00e9mon\n|rule|Item Clause: Limit 1 of each item\n|clearpoke\n|poke|p1|Calyrex-Ice, L50|\n|poke|p1|Lunala, L50|\n|poke|p1|Indeedee-F, L50, F|\n|poke|p1|Urshifu-*, L50, M|\n|poke|p1|Raging Bolt, L50|\n|poke|p1|Pelipper, L50, F|\n|poke|p2|Calyrex-Shadow, L50|\n|poke|p2|Zamazenta-*, L50|\n|poke|p2|Incineroar, L50, F|\n|poke|p2|Rillaboom, L50, F|\n|poke|p2|Ogerpon-Cornerstone, L50, F|\n|poke|p2|Tornadus, L50, M|\n|teampreview|4\n|inactive|Battle timer is ON: inactive players will automatically lose when time's up. (requested by jkm912)\n|inactive|blackred123 also wants the timer to be on.\n|inactive|jkm912 has 60 seconds left.\n|inactive|jkm912 has 30 seconds left.\n|inactive|jkm912 has 20 seconds left.\n|\n|t:|1772096355\n|teamsize|p1|4\n|teamsize|p2|4\n|start\n|switch|p1a: Urshifu|Urshifu-Rapid-Strike, L50, M|100/100\n|switch|p1b: Pelipper|Pelipper, L50, F|100/100\n|switch|p2a: \u54c7\u8884\uff08\u72d7\u53eb\u58f0\uff09|Zamazenta-Crowned, L50|100/100\n|switch|p2b: \u5e05otto\u5e05|Incineroar, L50, F|100/100\n|-ability|p2a: \u54c7\u8884\uff08\u72d7\u53eb\u58f0\uff09|Dauntless Shield|boost\n|-boost|p2a: \u54c7\u8884\uff08\u72d7\u53eb\u58f0\uff09|def|1\n|-weather|RainDance|[from] ability: Drizzle|[of] p1b: Pelipper\n|-ability|p2b: \u5e05otto\u5e05|Intimidate|boost\n|-unboost|p1a: Urshifu|atk|1\n|-unboost|p1b: Pelipper|atk|1\n|turn|1\n|inactive|blackred123 has 30 seconds left.\n|inactive|blackred123 has 20 seconds left.\n|inactive|blackred123 has 15 seconds left.\n|\n|t:|1772096396\n|switch|p1b: Indeedee|Indeedee-F, L50, F|100/100\n|-fieldstart|move: Psychic Terrain|[from] ability: Psychic Surge|[of] p1b: Indeedee\n|move|p2b: \u5e05otto\u5e05|Fake Out|p1a: Urshifu\n|-activate|p1a: Urshifu|move: Psychic Terrain\n|move|p1a: Urshifu|Surging Strikes|p2b: \u5e05otto\u5e05\n|-supereffective|p2b: \u5e05otto\u5e05\n|-crit|p2b: \u5e05otto\u5e05\n|-damage|p2b: \u5e05otto\u5e05|56/100\n|-damage|p1a: Urshifu|84/100|[from] item: Rocky Helmet|[of] p2b: \u5e05otto\u5e05\n|-supereffective|p2b: \u5e05otto\u5e05\n|-crit|p2b: \u5e05otto\u5e05\n|-damage|p2b: \u5e05otto\u5e05|10/100\n|-damage|p1a: Urshifu|68/100|[from] item: Rocky Helmet|[of] p2b: \u5e05otto\u5e05\n|-supereffective|p2b: \u5e05otto\u5e05\n|-crit|p2b: \u5e05otto\u5e05\n|-damage|p2b: \u5e05otto\u5e05|0 fnt\n|-damage|p1a: Urshifu|51/100|[from] item: Rocky Helmet|[of] p2b: \u5e05otto\u5e05\n|faint|p2b: \u5e05otto\u5e05\n|-hitcount|p2: \u5e05otto\u5e05|3\n|move|p2a: \u54c7\u8884\uff08\u72d7\u53eb\u58f0\uff09|Body Press|p1a: Urshifu\n|-damage|p1a: Urshifu|0 fnt\n|faint|p1a: Urshifu\n|\n|-weather|RainDance|[upkeep]\n|upkeep\n|\n|t:|1772096409\n|switch|p1a: Lunala|Lunala, L50|100/100\n|switch|p2b: \u6211\u559c\u6b22\u4f60|Ogerpon-Cornerstone, L50, F|100/100\n|turn|2\n|\n|t:|1772096431\n|move|p2b: \u6211\u559c\u6b22\u4f60|Ivy Cudgel|p1b: Indeedee|[anim] Ivy Cudgel Rock\n|-damage|p1b: Indeedee|45/100\n|move|p2a: \u54c7\u8884\uff08\u72d7\u53eb\u58f0\uff09|Body Press|p1b: Indeedee\n|-damage|p1b: Indeedee|0 fnt\n|-damage|p2a: \u54c7\u8884\uff08\u72d7\u53eb\u58f0\uff09|84/100|[from] item: Rocky Helmet|[of] p1b: Indeedee\n|faint|p1b: Indeedee\n|move|p1a: Lunala|Expanding Force|p2b: \u6211\u559c\u6b22\u4f60|[spread] p2a,p2b\n|-damage|p2a: \u54c7\u8884\uff08\u72d7\u53eb\u58f0\uff09|40/100\n|-damage|p2b: \u6211\u559c\u6b22\u4f60|17/100\n|\n|-weather|RainDance|[upkeep]\n|upkeep\n|\n|t:|1772096438\n|switch|p1b: Pelipper|Pelipper, L50, F|100/100\n|turn|3\n|\n|t:|1772096462\n|move|p2b: \u6211\u559c\u6b22\u4f60|Ivy Cudgel|p1b: Pelipper|[anim] Ivy Cudgel Rock\n|-supereffective|p1b: Pelipper\n|-enditem|p1b: Pelipper|Focus Sash\n|-damage|p1b: Pelipper|1/100\n|move|p2a: \u54c7\u8884\uff08\u72d7\u53eb\u58f0\uff09|Heavy Slam|p1b: Pelipper\n|-resisted|p1b: Pelipper\n|-damage|p1b: Pelipper|0 fnt\n|faint|p1b: Pelipper\n|move|p1a: Lunala|Meteor Beam||[still]\n|-prepare|p1a: Lunala|Meteor Beam\n|-boost|p1a: Lunala|spa|1\n|-enditem|p1a: Lunala|Power Herb\n|-anim|p1a: Lunala|Meteor Beam|p2b: \u6211\u559c\u6b22\u4f60\n|-damage|p2b: \u6211\u559c\u6b22\u4f60|0 fnt\n|faint|p2b: \u6211\u559c\u6b22\u4f60\n|\n|-weather|RainDance|[upkeep]\n|upkeep\n|\n|t:|1772096467\n|switch|p2b: \u5636\u9a6c\u51a0\u54e5|Calyrex-Shadow, L50|100/100\n|-ability|p2b: \u5636\u9a6c\u51a0\u54e5|As One\n|-ability|p2b: \u5636\u9a6c\u51a0\u54e5|Unnerve\n|turn|4\n|\n|t:|1772096481\n|-terastallize|p2b: \u5636\u9a6c\u51a0\u54e5|Dark\n|-terastallize|p1a: Lunala|Fairy\n|move|p2b: \u5636\u9a6c\u51a0\u54e5|Encore|p1a: Lunala\n|-start|p1a: Lunala|Encore\n|move|p2a: \u54c7\u8884\uff08\u72d7\u53eb\u58f0\uff09|Heavy Slam|p1a: Lunala\n|-supereffective|p1a: Lunala\n|-damage|p1a: Lunala|60/100\n|move|p1a: Lunala|Meteor Beam||[still]\n|-prepare|p1a: Lunala|Meteor Beam\n|-boost|p1a: Lunala|spa|1\n|\n|-weather|RainDance|[upkeep]\n|upkeep\n|turn|5\n|-message|jkm912 forfeited.\n|\n|win|blackred123\n|raw|jkm912's rating: 1400 &rarr; <strong>1377</strong><br />(-23 for losing)\n|raw|blackred123's rating: 1356 &rarr; <strong>1379</strong><br />(+23 for winning)\n|l|\u2606jkm912\n|player|p1|\n","uploadtime":1772096537,"views":10,"formatid":"gen9vgc2026regi","rating":1377,"private":0,"password":null}