{"id":"gen9vgc2026regi-2527747312","format":"[Gen 9] VGC 2026 Reg I","players":["lalo's pollos","Actoradoboy fan"],"log":"|j|\u2606lalo's pollos\n|j|\u2606Actoradoboy fan\n|t:|1769571459\n|gametype|doubles\n|player|p1|lalo's pollos|169|1423\n|player|p2|Actoradoboy fan|nate|1424\n|gen|9\n|tier|[Gen 9] VGC 2026 Reg I\n|rated|\n|rule|Species Clause: Limit one of each Pok\u00e9mon\n|rule|Item Clause: Limit 1 of each item\n|clearpoke\n|poke|p1|Miraidon, L50|\n|poke|p1|Landorus, L50, M|\n|poke|p1|Incineroar, L50, M|\n|poke|p1|Iron Bundle, L50|\n|poke|p1|Farigiraf, L50, M|\n|poke|p1|Calyrex-Ice, L50|\n|poke|p2|Koraidon, L50|\n|poke|p2|Calyrex-Shadow, L50|\n|poke|p2|Flutter Mane, L50|\n|poke|p2|Incineroar, L50, F|\n|poke|p2|Clefairy, L50, F|\n|poke|p2|Rillaboom, L50, F|\n|teampreview|4\n|inactive|Battle timer is ON: inactive players will automatically lose when time's up. (requested by Actoradoboy fan)\n|inactive|lalo's pollos has 60 seconds left.\n|\n|t:|1769571491\n|teamsize|p1|4\n|teamsize|p2|4\n|start\n|switch|p1a: Landorus|Landorus, L50, M|100/100\n|switch|p1b: the Manager|Farigiraf, L50, M|100/100\n|switch|p2a: Calyrex|Calyrex-Shadow, L50|100/100\n|switch|p2b: Rillaboom|Rillaboom, L50, F|100/100\n|-ability|p2a: Calyrex|As One\n|-ability|p2a: Calyrex|Unnerve\n|-fieldstart|move: Grassy Terrain|[from] ability: Grassy Surge|[of] p2b: Rillaboom\n|turn|1\n|\n|t:|1769571501\n|move|p1b: the Manager|Helping Hand|p1a: Landorus\n|-singleturn|p1a: Landorus|Helping Hand|[of] p1b: the Manager\n|move|p2a: Calyrex|Protect|p2a: Calyrex\n|-singleturn|p2a: Calyrex|Protect\n|move|p1a: Landorus|Sludge Bomb|p2b: Rillaboom\n|-supereffective|p2b: Rillaboom\n|-damage|p2b: Rillaboom|0 fnt\n|faint|p2b: Rillaboom\n|\n|upkeep\n|\n|t:|1769571513\n|switch|p2b: Clefairy|Clefairy, L50, F|100/100\n|turn|2\n|\n|t:|1769571518\n|move|p1b: the Manager|Helping Hand|p1a: Landorus\n|-singleturn|p1a: Landorus|Helping Hand|[of] p1b: the Manager\n|move|p2a: Calyrex|Nasty Plot|p2a: Calyrex\n|-boost|p2a: Calyrex|spa|2\n|move|p1a: Landorus|Sludge Bomb|p2b: Clefairy\n|-supereffective|p2b: Clefairy\n|-damage|p2b: Clefairy|0 fnt\n|faint|p2b: Clefairy\n|\n|upkeep\n|\n|t:|1769571523\n|switch|p2b: Koraidon|Koraidon, L50, shiny|100/100\n|-weather|SunnyDay|[from] ability: Orichalcum Pulse|[of] p2b: Koraidon\n|-activate|p2b: Koraidon|Orichalcum Pulse|[source]\n|turn|3\n|\n|t:|1769571536\n|-terastallize|p2b: Koraidon|Fire\n|move|p2a: Calyrex|Astral Barrage|p1b: the Manager|[spread] p1a\n|-immune|p1b: the Manager\n|-damage|p1a: Landorus|0 fnt\n|faint|p1a: Landorus\n|-ability|p2a: Calyrex|Grim Neigh|boost\n|-boost|p2a: Calyrex|spa|1\n|-damage|p2a: Calyrex|91/100|[from] item: Life Orb\n|move|p2b: Koraidon|Flare Blitz|p1b: the Manager\n|-damage|p1b: the Manager|0 fnt\n|faint|p1b: the Manager\n|-damage|p2b: Koraidon|63/100|[from] Recoil\n|\n|-weather|SunnyDay|[upkeep]\n|-heal|p2a: Calyrex|97/100|[from] Grassy Terrain\n|-heal|p2b: Koraidon|69/100|[from] Grassy Terrain\n|upkeep\n|\n|t:|1769571540\n|switch|p1a: the Star|Iron Bundle, L50|100/100\n|switch|p1b: Co-Star|Miraidon, L50|100/100\n|-fieldstart|move: Electric Terrain|[from] ability: Hadron Engine|[of] p1b: Co-Star\n|-activate|p1a: the Star|ability: Quark Drive\n|-start|p1a: the Star|quarkdrivespe\n|turn|4\n|\n|t:|1769571553\n|-terastallize|p1b: Co-Star|Fairy\n|move|p1a: the Star|Icy Wind|p2a: Calyrex|[spread] p2a,p2b\n|-resisted|p2b: Koraidon\n|-damage|p2a: Calyrex|78/100\n|-damage|p2b: Koraidon|60/100\n|-unboost|p2a: Calyrex|spe|1\n|move|p1b: Co-Star|Electro Drift|p2a: Calyrex\n|-damage|p2a: Calyrex|0 fnt\n|faint|p2a: Calyrex\n|move|p2b: Koraidon|Low Kick|p1b: Co-Star\n|-resisted|p1b: Co-Star\n|-damage|p1b: Co-Star|54/100\n|\n|-weather|SunnyDay|[upkeep]\n|upkeep\n|turn|5\n|-message|Actoradoboy fan forfeited.\n|\n|win|lalo's pollos\n|raw|lalo&apos;s pollos's rating: 1423 &rarr; <strong>1443</strong><br />(+20 for winning)\n|raw|Actoradoboy fan's rating: 1424 &rarr; <strong>1404</strong><br />(-20 for losing)\n|l|\u2606Actoradoboy fan\n|player|p2|\n","uploadtime":1769571769,"views":14,"formatid":"gen9vgc2026regi","rating":1404,"private":0,"password":null}