{"id":"gen9vgc2026regi-2550627724","format":"[Gen 9] VGC 2026 Reg I","players":["ConnerTEP","EllenJoe2026"],"log":"|j|\u2606ConnerTEP\n|j|\u2606EllenJoe2026\n|t:|1772508402\n|gametype|doubles\n|player|p1|ConnerTEP|acerola-masters2|1472\n|player|p2|EllenJoe2026|iono|1455\n|gen|9\n|tier|[Gen 9] VGC 2026 Reg I\n|rated|\n|rule|Species Clause: Limit one of each Pok\u00e9mon\n|rule|Item Clause: Limit 1 of each item\n|clearpoke\n|poke|p1|Groudon, L50|\n|poke|p1|Miraidon, L50|\n|poke|p1|Volcarona, L50, F|\n|poke|p1|Gouging Fire, L50|\n|poke|p1|Farigiraf, L50, M|\n|poke|p1|Iron Hands, L50|\n|poke|p2|Calyrex-Shadow, L50|\n|poke|p2|Zamazenta-*, L50|\n|poke|p2|Incineroar, L50, F|\n|poke|p2|Rillaboom, L50, F|\n|poke|p2|Ogerpon-Cornerstone, L50, F|\n|poke|p2|Tornadus, L50, M|\n|teampreview|4\n|inactive|Battle timer is ON: inactive players will automatically lose when time's up. (requested by EllenJoe2026)\n|inactive|ConnerTEP also wants the timer to be on.\n|inactive|ConnerTEP has 60 seconds left.\n|inactive|EllenJoe2026 has 60 seconds left.\n|\n|t:|1772508441\n|teamsize|p1|4\n|teamsize|p2|4\n|start\n|switch|p1a: Miraidon|Miraidon, L50|100/100\n|switch|p1b: Farigiraf|Farigiraf, L50, M|100/100\n|switch|p2a: Zamazenta|Zamazenta-Crowned, L50, shiny|100/100\n|switch|p2b: Ogerpon|Ogerpon-Cornerstone, L50, F|100/100\n|-fieldstart|move: Electric Terrain|[from] ability: Hadron Engine|[of] p1a: Miraidon\n|-enditem|p1b: Farigiraf|Electric Seed\n|-boost|p1b: Farigiraf|def|1|[from] item: Electric Seed\n|-ability|p2a: Zamazenta|Dauntless Shield|boost\n|-boost|p2a: Zamazenta|def|1\n|turn|1\n|\n|t:|1772508464\n|switch|p2b: Rillaboom|Rillaboom, L50, F, shiny|100/100\n|-fieldstart|move: Grassy Terrain|[from] ability: Grassy Surge|[of] p2b: Rillaboom\n|move|p1a: Miraidon|Draco Meteor|p2b: Rillaboom\n|-damage|p2b: Rillaboom|55/100\n|-unboost|p1a: Miraidon|spa|2\n|move|p2a: Zamazenta|Body Press|p1a: Miraidon\n|-damage|p1a: Miraidon|41/100\n|move|p1b: Farigiraf|Trick Room|p1b: Farigiraf\n|-fieldstart|move: Trick Room|[of] p1b: Farigiraf\n|\n|-heal|p2b: Rillaboom|61/100|[from] Grassy Terrain\n|-heal|p1a: Miraidon|47/100|[from] Grassy Terrain\n|upkeep\n|turn|2\n|\n|t:|1772508487\n|switch|p1a: Iron Hands|Iron Hands, L50|100/100\n|move|p1b: Farigiraf|Psychic|p2a: Zamazenta\n|-damage|p2a: Zamazenta|76/100\n|move|p2b: Rillaboom|U-turn|p1b: Farigiraf\n|-supereffective|p1b: Farigiraf\n|-damage|p1b: Farigiraf|76/100\n|\n|t:|1772508503\n|switch|p2b: Calyrex|Calyrex-Shadow, L50|100/100|[from] U-turn\n|-ability|p2b: Calyrex|As One\n|-ability|p2b: Calyrex|Unnerve\n|move|p2a: Zamazenta|Body Press|p1a: Iron Hands\n|-damage|p1a: Iron Hands|55/100\n|\n|-heal|p1a: Iron Hands|62/100|[from] Grassy Terrain\n|-heal|p1b: Farigiraf|82/100|[from] Grassy Terrain\n|-heal|p2a: Zamazenta|82/100|[from] Grassy Terrain\n|upkeep\n|turn|3\n|\n|t:|1772508524\n|move|p2a: Zamazenta|Protect|p2a: Zamazenta\n|-singleturn|p2a: Zamazenta|Protect\n|move|p2b: Calyrex|Protect|p2b: Calyrex\n|-singleturn|p2b: Calyrex|Protect\n|move|p1a: Iron Hands|Drain Punch|p2a: Zamazenta\n|-activate|p2a: Zamazenta|move: Protect\n|move|p1b: Farigiraf|Foul Play|p2b: Calyrex\n|-activate|p2b: Calyrex|move: Protect\n|\n|-heal|p1a: Iron Hands|68/100|[from] Grassy Terrain\n|-heal|p1b: Farigiraf|88/100|[from] Grassy Terrain\n|-heal|p2a: Zamazenta|88/100|[from] Grassy Terrain\n|upkeep\n|turn|4\n|\n|t:|1772508547\n|switch|p2b: Rillaboom|Rillaboom, L50, F, shiny|61/100\n|-terastallize|p2a: Zamazenta|Grass\n|move|p1a: Iron Hands|Ice Punch|p2b: Rillaboom\n|-supereffective|p2b: Rillaboom\n|-damage|p2b: Rillaboom|2/100\n|move|p1b: Farigiraf|Foul Play|p2b: Rillaboom\n|-damage|p2b: Rillaboom|0 fnt\n|faint|p2b: Rillaboom\n|move|p2a: Zamazenta|Body Press|p1a: Iron Hands\n|-damage|p1a: Iron Hands|20/100\n|\n|-heal|p1a: Iron Hands|27/100|[from] Grassy Terrain\n|-heal|p1b: Farigiraf|94/100|[from] Grassy Terrain\n|-heal|p2a: Zamazenta|94/100|[from] Grassy Terrain\n|upkeep\n|\n|t:|1772508561\n|switch|p2b: Calyrex|Calyrex-Shadow, L50|100/100\n|-ability|p2b: Calyrex|As One\n|-ability|p2b: Calyrex|Unnerve\n|turn|5\n|\n|t:|1772508573\n|move|p2b: Calyrex|Protect|p2b: Calyrex\n|-singleturn|p2b: Calyrex|Protect\n|move|p1a: Iron Hands|Ice Punch|p2a: Zamazenta\n|-supereffective|p2a: Zamazenta\n|-crit|p2a: Zamazenta\n|-damage|p2a: Zamazenta|52/100\n|move|p1b: Farigiraf|Psychic|p2a: Zamazenta\n|-damage|p2a: Zamazenta|31/100\n|move|p2a: Zamazenta|Body Press|p1b: Farigiraf\n|-damage|p1b: Farigiraf|56/100\n|\n|-heal|p1a: Iron Hands|33/100|[from] Grassy Terrain\n|-heal|p1b: Farigiraf|62/100|[from] Grassy Terrain\n|-heal|p2a: Zamazenta|37/100|[from] Grassy Terrain\n|-fieldend|move: Trick Room\n|-fieldend|move: Grassy Terrain\n|upkeep\n|turn|6\n|\n|t:|1772508594\n|move|p2b: Calyrex|Psychic|p1b: Farigiraf\n|-resisted|p1b: Farigiraf\n|-crit|p1b: Farigiraf\n|-damage|p1b: Farigiraf|23/100\n|move|p2a: Zamazenta|Body Press|p1b: Farigiraf\n|-damage|p1b: Farigiraf|0 fnt\n|faint|p1b: Farigiraf\n|move|p1a: Iron Hands|Ice Punch|p2a: Zamazenta\n|-supereffective|p2a: Zamazenta\n|-damage|p2a: Zamazenta|17/100\n|\n|upkeep\n|\n|t:|1772508610\n|switch|p1b: Miraidon|Miraidon, L50|47/100\n|-fieldstart|move: Electric Terrain|[from] ability: Hadron Engine|[of] p1b: Miraidon\n|-activate|p1a: Iron Hands|ability: Quark Drive\n|-start|p1a: Iron Hands|quarkdriveatk\n|turn|7\n|inactive|ConnerTEP has 30 seconds left.\n|inactive|ConnerTEP has 20 seconds left.\n|inactive|ConnerTEP has 15 seconds left.\n|\n|t:|1772508652\n|-terastallize|p1b: Miraidon|Electric\n|move|p2b: Calyrex|Protect|p2b: Calyrex\n|-singleturn|p2b: Calyrex|Protect\n|move|p1b: Miraidon|Volt Switch|p2a: Zamazenta\n|-resisted|p2a: Zamazenta\n|-damage|p2a: Zamazenta|0 fnt\n|faint|p2a: Zamazenta\n|\n|t:|1772508657\n|switch|p1b: Groudon|Groudon, L50|100/100|[from] Volt Switch\n|-weather|SunnyDay|[from] ability: Drought|[of] p1b: Groudon\n|move|p1a: Iron Hands|Wild Charge|p2b: Calyrex\n|-activate|p2b: Calyrex|move: Protect\n|\n|-weather|SunnyDay|[upkeep]\n|upkeep\n|\n|t:|1772508660\n|switch|p2a: Ogerpon|Ogerpon-Cornerstone, L50, F|100/100\n|turn|8\n|\n|t:|1772508684\n|move|p2b: Calyrex|Astral Barrage|p1a: Iron Hands|[spread] p1a,p1b\n|-damage|p1a: Iron Hands|0 fnt\n|-damage|p1b: Groudon|52/100\n|faint|p1a: Iron Hands\n|-end|p1a: Iron Hands|Quark Drive|[silent]\n|-ability|p2b: Calyrex|Grim Neigh|boost\n|-boost|p2b: Calyrex|spa|1\n|move|p2a: Ogerpon|Ivy Cudgel|p1b: Groudon|[anim] Ivy Cudgel Rock\n|-resisted|p1b: Groudon\n|-damage|p1b: Groudon|32/100\n|move|p1b: Groudon|Precipice Blades|p2a: Ogerpon|[spread] p2a,p2b\n|-crit|p2a: Ogerpon\n|-crit|p2b: Calyrex\n|-ability|p2a: Ogerpon|Sturdy\n|-damage|p2a: Ogerpon|1/100\n|-damage|p2b: Calyrex|0 fnt\n|faint|p2b: Calyrex\n|\n|-weather|SunnyDay|[upkeep]\n|upkeep\n|\n|t:|1772508693\n|switch|p1a: Miraidon|Miraidon, L50, tera:Electric|47/100\n|-activate|p1a: Miraidon|ability: Hadron Engine\n|turn|9\n|-message|EllenJoe2026 forfeited.\n|\n|win|ConnerTEP\n|raw|ConnerTEP's rating: 1472 &rarr; <strong>1491</strong><br />(+19 for winning)\n|raw|EllenJoe2026's rating: 1455 &rarr; <strong>1436</strong><br />(-19 for losing)\n|l|\u2606EllenJoe2026\n|player|p2|\n|j|\u2606EllenJoe2026\n|player|p2|EllenJoe2026|iono|\n|l|\u2606ConnerTEP\n|player|p1|\n","uploadtime":1772508885,"views":13,"formatid":"gen9vgc2026regi","rating":1436,"private":0,"password":null}