{"id":"gen9vgc2026regi-2555335014","format":"[Gen 9] VGC 2026 Reg I","players":["Rypassed You","dthk1216"],"log":"|j|\u2606Rypassed You\n|j|\u2606dthk1216\n|t:|1773080085\n|gametype|doubles\n|player|p1|Rypassed You|drayton|1453\n|player|p2|dthk1216|dawn|1556\n|gen|9\n|tier|[Gen 9] VGC 2026 Reg I\n|rated|\n|rule|Species Clause: Limit one of each Pok\u00e9mon\n|rule|Item Clause: Limit 1 of each item\n|clearpoke\n|poke|p1|Kyogre, L50|\n|poke|p1|Miraidon, L50|\n|poke|p1|Tornadus, L50, M|\n|poke|p1|Iron Hands, L50|\n|poke|p1|Farigiraf, L50, F|\n|poke|p1|Urshifu-*, L50, M|\n|poke|p2|Calyrex-Ice, L50|\n|poke|p2|Kyogre, L50|\n|poke|p2|Urshifu-*, L50, M|\n|poke|p2|Rillaboom, L50, M|\n|poke|p2|Grimmsnarl, L50, M|\n|poke|p2|Amoonguss, L50, F|\n|teampreview|4\n|inactive|Battle timer is ON: inactive players will automatically lose when time's up. (requested by Rypassed You)\n|inactive|dthk1216 has 60 seconds left.\n|\n|t:|1773080124\n|teamsize|p1|4\n|teamsize|p2|4\n|start\n|switch|p1a: Natalia|Miraidon, L50|100/100\n|switch|p1b: Josy|Farigiraf, L50, F|100/100\n|switch|p2a: Rillaboom|Rillaboom, L50, M|100/100\n|switch|p2b: Calyrex|Calyrex-Ice, L50|100/100\n|-ability|p2b: Calyrex|As One\n|-ability|p2b: Calyrex|Unnerve\n|-fieldstart|move: Electric Terrain|[from] ability: Hadron Engine|[of] p1a: Natalia\n|-enditem|p1b: Josy|Electric Seed\n|-boost|p1b: Josy|def|1|[from] item: Electric Seed\n|-fieldstart|move: Grassy Terrain|[from] ability: Grassy Surge|[of] p2a: Rillaboom\n|turn|1\n|\n|t:|1773080144\n|-terastallize|p1b: Josy|Dark\n|-terastallize|p2b: Calyrex|Grass\n|move|p1a: Natalia|Draco Meteor|p2b: Calyrex\n|-crit|p2b: Calyrex\n|-damage|p2b: Calyrex|3/100\n|-unboost|p1a: Natalia|spa|2\n|move|p2a: Rillaboom|U-turn|p1b: Josy\n|-supereffective|p1b: Josy\n|-damage|p1b: Josy|70/100\n|c|\u2606dthk1216|\uff1f\n|\n|t:|1773080155\n|switch|p2a: Kyogre|Kyogre, L50|100/100|[from] U-turn\n|-weather|RainDance|[from] ability: Drizzle|[of] p2a: Kyogre\n|move|p1b: Josy|Foul Play|p2b: Calyrex\n|-crit|p2b: Calyrex\n|-damage|p2b: Calyrex|0 fnt\n|faint|p2b: Calyrex\n|\n|-weather|RainDance|[upkeep]\n|-heal|p1b: Josy|76/100|[from] Grassy Terrain\n|upkeep\n|\n|t:|1773080157\n|switch|p2b: Urshifu|Urshifu-Rapid-Strike, L50, M|100/100\n|turn|2\n|\n|t:|1773080170\n|switch|p1a: Eugene|Iron Hands, L50|100/100\n|move|p2b: Urshifu|Surging Strikes|p1a: Eugene\n|-crit|p1a: Eugene\n|-damage|p1a: Eugene|78/100\n|-crit|p1a: Eugene\n|-damage|p1a: Eugene|57/100\n|-crit|p1a: Eugene\n|-damage|p1a: Eugene|34/100\n|-hitcount|p1a: Eugene|3\n|move|p2a: Kyogre|Water Spout|p1a: Eugene|[spread] p1a,p1b\n|-damage|p1a: Eugene|0 fnt\n|-damage|p1b: Josy|0 fnt\n|faint|p1a: Eugene\n|-end|p1a: Eugene|Quark Drive|[silent]\n|faint|p1b: Josy\n|\n|-weather|RainDance|[upkeep]\n|upkeep\n|\n|t:|1773080174\n|switch|p1b: Natalia|Miraidon, L50|100/100\n|switch|p1a: Dhruva|Kyogre, L50|100/100\n|-fieldstart|move: Electric Terrain|[from] ability: Hadron Engine|[of] p1b: Natalia\n|turn|3\n|\n|t:|1773080189\n|switch|p2a: Rillaboom|Rillaboom, L50, M|100/100\n|-fieldstart|move: Grassy Terrain|[from] ability: Grassy Surge|[of] p2a: Rillaboom\n|move|p2b: Urshifu|Surging Strikes|p1b: Natalia\n|-resisted|p1b: Natalia\n|-crit|p1b: Natalia\n|-damage|p1b: Natalia|85/100\n|-resisted|p1b: Natalia\n|-crit|p1b: Natalia\n|-damage|p1b: Natalia|70/100\n|-resisted|p1b: Natalia\n|-crit|p1b: Natalia\n|-damage|p1b: Natalia|54/100\n|-hitcount|p1b: Natalia|3\n|move|p1b: Natalia|Electro Drift|p2a: Rillaboom\n|-resisted|p2a: Rillaboom\n|-damage|p2a: Rillaboom|68/100\n|move|p1a: Dhruva|Origin Pulse|p2a: Rillaboom|[spread] p2a,p2b\n|-resisted|p2a: Rillaboom\n|-resisted|p2b: Urshifu\n|-damage|p2a: Rillaboom|38/100\n|-damage|p2b: Urshifu|33/100\n|\n|-weather|RainDance|[upkeep]\n|-heal|p2b: Urshifu|39/100|[from] Grassy Terrain\n|-heal|p1b: Natalia|60/100|[from] Grassy Terrain\n|-heal|p2a: Rillaboom|43/100|[from] Grassy Terrain\n|upkeep\n|turn|4\n|inactive|dthk1216 has 30 seconds left.\n|\n|t:|1773080221\n|move|p2a: Rillaboom|Fake Out|p1b: Natalia\n|-crit|p1b: Natalia\n|-damage|p1b: Natalia|39/100\n|move|p2b: Urshifu|Surging Strikes|p1b: Natalia\n|-resisted|p1b: Natalia\n|-crit|p1b: Natalia\n|-damage|p1b: Natalia|23/100\n|-resisted|p1b: Natalia\n|-crit|p1b: Natalia\n|-damage|p1b: Natalia|6/100\n|-resisted|p1b: Natalia\n|-crit|p1b: Natalia\n|-damage|p1b: Natalia|0 fnt\n|faint|p1b: Natalia\n|-hitcount|p1: Natalia|3\n|move|p1a: Dhruva|Origin Pulse|p2b: Urshifu|[spread] p2a\n|-miss|p1a: Dhruva|p2b: Urshifu\n|-resisted|p2a: Rillaboom\n|-damage|p2a: Rillaboom|15/100\n|\n|-weather|RainDance|[upkeep]\n|-heal|p2b: Urshifu|45/100|[from] Grassy Terrain\n|-heal|p2a: Rillaboom|21/100|[from] Grassy Terrain\n|upkeep\n|turn|5\n|c|\u2606dthk1216|ez\n|n|!Rypassed You|rypassedyou\n|-message|Rypassed You forfeited.\n|\n|win|dthk1216\n|raw|Rypassed You's rating: 1453 &rarr; <strong>1439</strong><br />(-14 for losing)\n|raw|dthk1216's rating: 1556 &rarr; <strong>1570</strong><br />(+14 for winning)\n|l|!Rypassed You\n|player|p1|\n|l|\u2606dthk1216\n|player|p2|\n","uploadtime":1773080232,"views":19,"formatid":"gen9vgc2026regi","rating":1439,"private":0,"password":null}