{"id":"gen9vgc2026regi-2527639674","format":"[Gen 9] VGC 2026 Reg I","players":["cdogp3","not world"],"log":"|j|\u2606cdogp3\n|j|\u2606not world\n|t:|1769558060\n|gametype|doubles\n|player|p1|cdogp3|hoopster|1521\n|player|p2|not world|caitlin|1557\n|gen|9\n|tier|[Gen 9] VGC 2026 Reg I\n|rated|\n|rule|Species Clause: Limit one of each Pok\u00e9mon\n|rule|Item Clause: Limit 1 of each item\n|clearpoke\n|poke|p1|Incineroar, L50, M|\n|poke|p1|Landorus, L50, M|\n|poke|p1|Calyrex-Shadow, L50|\n|poke|p1|Koraidon, L50|\n|poke|p1|Brute Bonnet, L50|\n|poke|p1|Raging Bolt, L50|\n|poke|p2|Calyrex-Ice, L50|\n|poke|p2|Kyogre, L50|\n|poke|p2|Urshifu-*, L50, F|\n|poke|p2|Tornadus, L50, M|\n|poke|p2|Rillaboom, L50, M|\n|poke|p2|Amoonguss, L50, M|\n|teampreview|4\n|inactive|Battle timer is ON: inactive players will automatically lose when time's up. (requested by cdogp3)\n|inactive|not world has 60 seconds left.\n|\n|t:|1769558109\n|teamsize|p1|4\n|teamsize|p2|4\n|start\n|switch|p1a: Aaron|Raging Bolt, L50|100/100\n|switch|p1b: Mao & Agati|Calyrex-Shadow, L50|100/100\n|switch|p2a: Calyrex|Calyrex-Ice, L50|100/100\n|switch|p2b: Urshifu|Urshifu-Rapid-Strike, L50, F|100/100\n|-ability|p1b: Mao & Agati|As One\n|-ability|p1b: Mao & Agati|Unnerve\n|-ability|p2a: Calyrex|As One\n|-ability|p2a: Calyrex|Unnerve\n|turn|1\n|\n|t:|1769558132\n|switch|p2b: Amoonguss|Amoonguss, L50, M, shiny|100/100\n|-terastallize|p1b: Mao & Agati|Ghost\n|-terastallize|p2a: Calyrex|Grass\n|move|p1b: Mao & Agati|Astral Barrage|p2b: Amoonguss|[spread] p2a,p2b\n|-damage|p2a: Calyrex|50/100\n|-damage|p2b: Amoonguss|27/100\n|move|p1a: Aaron|Volt Switch|p2a: Calyrex\n|-resisted|p2a: Calyrex\n|-damage|p2a: Calyrex|36/100\n|\n|t:|1769558144\n|-end|p1a: Aaron|Protosynthesis|[silent]\n|switch|p1a: Wacka|Brute Bonnet, L50|100/100|[from] Volt Switch\n|move|p2a: Calyrex|Trick Room|p2a: Calyrex\n|-fieldstart|move: Trick Room|[of] p2a: Calyrex\n|\n|upkeep\n|turn|2\n|j| riyuezi\n|\n|t:|1769558169\n|switch|p1b: Matthias|Koraidon, L50|100/100\n|-weather|SunnyDay|[from] ability: Orichalcum Pulse|[of] p1b: Matthias\n|-activate|p1a: Wacka|ability: Protosynthesis\n|-start|p1a: Wacka|protosynthesisdef\n|-activate|p1b: Matthias|Orichalcum Pulse|[source]\n|move|p1a: Wacka|Sucker Punch|p2a: Calyrex\n|-damage|p2a: Calyrex|19/100\n|move|p2b: Amoonguss|Spore|p1b: Matthias\n|-status|p1b: Matthias|slp|[from] move: Spore\n|move|p2a: Calyrex|Glacial Lance|p1b: Matthias|[spread] p1a,p1b\n|-supereffective|p1a: Wacka\n|-supereffective|p1b: Matthias\n|-damage|p1a: Wacka|47/100\n|-damage|p1b: Matthias|3/100 slp\n|\n|-weather|SunnyDay|[upkeep]\n|upkeep\n|turn|3\n|\n|t:|1769558190\n|move|p1a: Wacka|Sucker Punch|p2a: Calyrex\n|-damage|p2a: Calyrex|1/100\n|move|p2b: Amoonguss|Pollen Puff|p2a: Calyrex\n|-heal|p2a: Calyrex|51/100\n|move|p2a: Calyrex|Glacial Lance|p1b: Matthias|[spread] p1a,p1b\n|-supereffective|p1a: Wacka\n|-supereffective|p1b: Matthias\n|-damage|p1a: Wacka|0 fnt\n|-damage|p1b: Matthias|0 fnt\n|faint|p1a: Wacka\n|-end|p1a: Wacka|Protosynthesis|[silent]\n|faint|p1b: Matthias\n|-ability|p2a: Calyrex|Chilling Neigh|boost\n|-boost|p2a: Calyrex|atk|2\n|\n|-weather|SunnyDay|[upkeep]\n|upkeep\n|\n|t:|1769558196\n|switch|p1a: Aaron|Raging Bolt, L50|100/100\n|switch|p1b: Mao & Agati|Calyrex-Shadow, L50, tera:Ghost|100/100\n|-ability|p1b: Mao & Agati|As One\n|-ability|p1b: Mao & Agati|Unnerve\n|-activate|p1a: Aaron|ability: Protosynthesis\n|-start|p1a: Aaron|protosynthesisspa\n|turn|4\n|l| riyuezi\n|\n|t:|1769558216\n|move|p1b: Mao & Agati|Protect|p1b: Mao & Agati\n|-singleturn|p1b: Mao & Agati|Protect\n|move|p2b: Amoonguss|Rage Powder|p2b: Amoonguss\n|-singleturn|p2b: Amoonguss|move: Rage Powder\n|move|p1a: Aaron|Thunderclap||[still]\n|-fail|p1a: Aaron\n|move|p2a: Calyrex|Glacial Lance|p1a: Aaron|[spread] p1a\n|-activate|p1b: Mao & Agati|move: Protect\n|-supereffective|p1a: Aaron\n|-damage|p1a: Aaron|0 fnt\n|faint|p1a: Aaron\n|-end|p1a: Aaron|Protosynthesis|[silent]\n|-ability|p2a: Calyrex|Chilling Neigh|boost\n|-boost|p2a: Calyrex|atk|1\n|\n|-weather|SunnyDay|[upkeep]\n|upkeep\n|turn|5\n|\n|t:|1769558230\n|move|p2b: Amoonguss|Pollen Puff|p2a: Calyrex\n|-heal|p2a: Calyrex|100/100\n|move|p2a: Calyrex|Glacial Lance|p1b: Mao & Agati\n|-enditem|p1b: Mao & Agati|Focus Sash\n|-damage|p1b: Mao & Agati|1/100\n|move|p1b: Mao & Agati|Astral Barrage|p2a: Calyrex|[spread] p2a,p2b\n|-crit|p2a: Calyrex\n|-damage|p2a: Calyrex|27/100\n|-damage|p2b: Amoonguss|0 fnt\n|faint|p2b: Amoonguss\n|-ability|p1b: Mao & Agati|Grim Neigh|boost\n|-boost|p1b: Mao & Agati|spa|1\n|\n|-weather|SunnyDay|[upkeep]\n|-fieldend|move: Trick Room\n|upkeep\n|\n|t:|1769558241\n|switch|p2b: Urshifu|Urshifu-Rapid-Strike, L50, F|100/100\n|turn|6\n|\n|t:|1769558244\n|move|p2b: Urshifu|Aqua Jet|p1b: Mao & Agati\n|-damage|p1b: Mao & Agati|0 fnt\n|faint|p1b: Mao & Agati\n|\n|win|not world\n|raw|cdogp3's rating: 1521 &rarr; <strong>1503</strong><br />(-18 for losing)\n|raw|not world's rating: 1557 &rarr; <strong>1575</strong><br />(+18 for winning)\n|j| riyuezi\n|l|\u2606cdogp3\n|player|p1|\n|l| riyuezi\n|l|\u2606not world\n|player|p2|\n","uploadtime":1769558392,"views":69,"formatid":"gen9vgc2026regi","rating":1503,"private":0,"password":null}