{"id":"gen9vgc2026regi-2575130077","format":"[Gen 9] VGC 2026 Reg I","players":["Aggronymous","Mirthinion"],"log":"|j|\u2606Aggronymous\n|j|\u2606Mirthinion\n|t:|1775321851\n|gametype|doubles\n|player|p1|Aggronymous|smasher|1490\n|player|p2|Mirthinion|janitor|1606\n|gen|9\n|tier|[Gen 9] VGC 2026 Reg I\n|rated|\n|rule|Species Clause: Limit one of each Pok\u00e9mon\n|rule|Item Clause: Limit 1 of each item\n|clearpoke\n|poke|p1|Calyrex-Shadow, L50|\n|poke|p1|Zamazenta-*, L50|\n|poke|p1|Maushold, L50|\n|poke|p1|Whimsicott, L50, F|\n|poke|p1|Ursaluna-Bloodmoon, L50, M|\n|poke|p1|Roaring Moon, L50|\n|poke|p2|Calyrex-Shadow, L50|\n|poke|p2|Zamazenta-*, L50|\n|poke|p2|Urshifu-*, L50, M|\n|poke|p2|Incineroar, L50, M|\n|poke|p2|Rillaboom, L50, M|\n|poke|p2|Tornadus, L50, M|\n|teampreview|4\n|inactive|Battle timer is ON: inactive players will automatically lose when time's up. (requested by Mirthinion)\n|inactive|Aggronymous also wants the timer to be on.\n|inactive|Aggronymous has 60 seconds left.\n|\n|t:|1775321904\n|teamsize|p1|4\n|teamsize|p2|4\n|start\n|switch|p1a: Zamazenta|Zamazenta-Crowned, L50, shiny|100/100\n|switch|p1b: Calyrex|Calyrex-Shadow, L50|100/100\n|switch|p2a: Vangwe|Tornadus, L50, M|100/100\n|switch|p2b: Beowulf|Urshifu-Rapid-Strike, L50, M|100/100\n|-ability|p1b: Calyrex|As One\n|-ability|p1b: Calyrex|Unnerve\n|-ability|p1a: Zamazenta|Dauntless Shield|boost\n|-boost|p1a: Zamazenta|def|1\n|turn|1\n|inactive|Mirthinion has 30 seconds left.\n|\n|t:|1775321932\n|switch|p1b: Whimsicott|Whimsicott, L50, F|100/100\n|move|p2a: Vangwe|Tailwind|p2a: Vangwe\n|-sidestart|p2: Mirthinion|move: Tailwind\n|move|p2b: Beowulf|Surging Strikes|p1b: Whimsicott\n|-resisted|p1b: Whimsicott\n|-crit|p1b: Whimsicott\n|-damage|p1b: Whimsicott|84/100\n|-resisted|p1b: Whimsicott\n|-crit|p1b: Whimsicott\n|-damage|p1b: Whimsicott|68/100\n|-resisted|p1b: Whimsicott\n|-crit|p1b: Whimsicott\n|-damage|p1b: Whimsicott|49/100\n|-hitcount|p1b: Whimsicott|3\n|move|p1a: Zamazenta|Body Press|p2b: Beowulf\n|-damage|p2b: Beowulf|39/100\n|\n|upkeep\n|turn|2\n|inactive|Aggronymous has 30 seconds left.\n|inactive|Aggronymous has 20 seconds left.\n|\n|t:|1775321969\n|-terastallize|p2b: Beowulf|Ghost\n|move|p2a: Vangwe|Taunt|p1b: Whimsicott\n|-start|p1b: Whimsicott|move: Taunt\n|cant|p1b: Whimsicott|move: Taunt|Tailwind\n|move|p2b: Beowulf|Surging Strikes|p1b: Whimsicott\n|-resisted|p1b: Whimsicott\n|-crit|p1b: Whimsicott\n|-damage|p1b: Whimsicott|33/100\n|-resisted|p1b: Whimsicott\n|-crit|p1b: Whimsicott\n|-damage|p1b: Whimsicott|14/100\n|-resisted|p1b: Whimsicott\n|-crit|p1b: Whimsicott\n|-damage|p1b: Whimsicott|0 fnt\n|faint|p1b: Whimsicott\n|-hitcount|p1: Whimsicott|3\n|move|p1a: Zamazenta|Body Press|p2b: Beowulf\n|-immune|p2b: Beowulf\n|\n|upkeep\n|\n|t:|1775321983\n|switch|p1b: Ursaluna|Ursaluna-Bloodmoon, L50, M|100/100\n|turn|3\n|\n|t:|1775321996\n|switch|p1b: Calyrex|Calyrex-Shadow, L50|100/100\n|-ability|p1b: Calyrex|As One\n|-ability|p1b: Calyrex|Unnerve\n|move|p2a: Vangwe|Taunt|p1a: Zamazenta\n|-start|p1a: Zamazenta|move: Taunt\n|move|p2b: Beowulf|Surging Strikes|p1b: Calyrex\n|-crit|p1b: Calyrex\n|-damage|p1b: Calyrex|67/100\n|-crit|p1b: Calyrex\n|-damage|p1b: Calyrex|31/100\n|-crit|p1b: Calyrex\n|-damage|p1b: Calyrex|0 fnt\n|faint|p1b: Calyrex\n|-hitcount|p1: Calyrex|3\n|move|p1a: Zamazenta|Heavy Slam|p2b: Beowulf\n|-damage|p2b: Beowulf|0 fnt\n|faint|p2b: Beowulf\n|\n|upkeep\n|\n|t:|1775322019\n|switch|p1b: Ursaluna|Ursaluna-Bloodmoon, L50, M|100/100\n|switch|p2b: Mithrandir|Calyrex-Shadow, L50|100/100\n|-ability|p2b: Mithrandir|As One\n|-ability|p2b: Mithrandir|Unnerve\n|turn|4\n|inactive|Aggronymous has 30 seconds left.\n|\n|t:|1775322046\n|-terastallize|p1a: Zamazenta|Dark\n|move|p2b: Mithrandir|Astral Barrage|p1a: Zamazenta|[spread] p1a\n|-immune|p1b: Ursaluna\n|-resisted|p1a: Zamazenta\n|-damage|p1a: Zamazenta|83/100\n|move|p2a: Vangwe|Bleakwind Storm|p1a: Zamazenta|[spread] p1a,p1b\n|-damage|p1a: Zamazenta|55/100\n|-damage|p1b: Ursaluna|54/100\n|-unboost|p1b: Ursaluna|spe|1\n|move|p1a: Zamazenta|Heavy Slam|p2b: Mithrandir\n|-damage|p2b: Mithrandir|49/100\n|move|p1b: Ursaluna|Hyper Voice|p2a: Vangwe|[spread] p2a,p2b\n|-damage|p2a: Vangwe|56/100\n|-damage|p2b: Mithrandir|2/100\n|-damage|p1b: Ursaluna|44/100|[from] item: Life Orb\n|\n|-sideend|p2: Mirthinion|move: Tailwind\n|upkeep\n|turn|5\n|inactive|Aggronymous has 30 seconds left.\n|inactive|Mirthinion has 30 seconds left.\n|inactive|Mirthinion has 20 seconds left.\n|\n|t:|1775322083\n|move|p1b: Ursaluna|Protect|p1b: Ursaluna\n|-singleturn|p1b: Ursaluna|Protect\n|move|p2b: Mithrandir|Pollen Puff|p1a: Zamazenta\n|-supereffective|p1a: Zamazenta\n|-damage|p1a: Zamazenta|10/100\n|move|p1a: Zamazenta|Heavy Slam|p2a: Vangwe\n|-crit|p2a: Vangwe\n|-damage|p2a: Vangwe|0 fnt\n|faint|p2a: Vangwe\n|\n|-end|p1a: Zamazenta|move: Taunt\n|upkeep\n|\n|t:|1775322094\n|switch|p2a: Drambor|Zamazenta-Crowned, L50|100/100\n|-ability|p2a: Drambor|Dauntless Shield|boost\n|-boost|p2a: Drambor|def|1\n|turn|6\n|\n|t:|1775322109\n|move|p2b: Mithrandir|Pollen Puff|p1a: Zamazenta\n|-supereffective|p1a: Zamazenta\n|-damage|p1a: Zamazenta|0 fnt\n|faint|p1a: Zamazenta\n|-ability|p2b: Mithrandir|Grim Neigh|boost\n|-boost|p2b: Mithrandir|spa|1\n|move|p2a: Drambor|Body Press|p1b: Ursaluna\n|-supereffective|p1b: Ursaluna\n|-damage|p1b: Ursaluna|0 fnt\n|faint|p1b: Ursaluna\n|\n|win|Mirthinion\n|raw|Aggronymous's rating: 1490 &rarr; <strong>1476</strong><br />(-14 for losing)\n|raw|Mirthinion's rating: 1606 &rarr; <strong>1620</strong><br />(+14 for winning)\n|l|\u2606Aggronymous\n|player|p1|\n","uploadtime":1775322138,"views":39,"formatid":"gen9vgc2026regi","rating":1476,"private":0,"password":null}