{"id":"gen9vgc2026regi-2576908053","format":"[Gen 9] VGC 2026 Reg I","players":["Kwiper","Snowsquall brute"],"log":"|j|\u2606Kwiper\n|j|\u2606Snowsquall brute\n|t:|1775516374\n|gametype|doubles\n|player|p1|Kwiper|sycamore|1547\n|player|p2|Snowsquall brute|veteran|1661\n|gen|9\n|tier|[Gen 9] VGC 2026 Reg I\n|rated|\n|rule|Species Clause: Limit one of each Pok\u00e9mon\n|rule|Item Clause: Limit 1 of each item\n|clearpoke\n|poke|p1|Koraidon, L50|\n|poke|p1|Lunala, L50|\n|poke|p1|Indeedee-F, L50, F|\n|poke|p1|Flutter Mane, L50|\n|poke|p1|Volcarona, L50, F|\n|poke|p1|Ursaluna, L50, M|\n|poke|p2|Miraidon, L50|\n|poke|p2|Landorus-Therian, L50, M|\n|poke|p2|Kingambit, L50, F|\n|poke|p2|Lunala, L50|\n|teampreview|4\n|inactive|Battle timer is ON: inactive players will automatically lose when time's up. (requested by Kwiper)\n|\n|t:|1775516404\n|teamsize|p1|4\n|teamsize|p2|4\n|start\n|switch|p1a: Lunala|Lunala, L50, shiny|100/100\n|switch|p1b: Indeedee|Indeedee-F, L50, F|100/100\n|switch|p2a: Lunala|Lunala, L50|100/100\n|switch|p2b: Landorus|Landorus-Therian, L50, M|100/100\n|-ability|p2b: Landorus|Intimidate|boost\n|-unboost|p1a: Lunala|atk|1\n|-unboost|p1b: Indeedee|atk|1\n|-fieldstart|move: Psychic Terrain|[from] ability: Psychic Surge|[of] p1b: Indeedee\n|turn|1\n|inactive|Kwiper has 30 seconds left.\n|inactive|Kwiper has 20 seconds left.\n|inactive|Kwiper has 15 seconds left.\n|inactive|Kwiper has 10 seconds left.\n|inactive|Kwiper has 5 seconds left.\n|\n|t:|1775516457\n|-terastallize|p2a: Lunala|Water\n|move|p2a: Lunala|Icy Wind|p1a: Lunala|[spread] p1a,p1b\n|-damage|p1a: Lunala|96/100\n|-damage|p1b: Indeedee|89/100\n|-unboost|p1a: Lunala|spe|1\n|-unboost|p1b: Indeedee|spe|1\n|move|p2b: Landorus|U-turn|p1b: Indeedee\n|-supereffective|p1b: Indeedee\n|-damage|p1b: Indeedee|37/100\n|\n|t:|1775516461\n|switch|p2b: Kingambit|Kingambit, L50, F|100/100|[from] U-turn\n|move|p1a: Lunala|Moongeist Beam|p2a: Lunala\n|-damage|p2a: Lunala|81/100\n|move|p1b: Indeedee|Alluring Voice|p2a: Lunala\n|-crit|p2a: Lunala\n|-damage|p2a: Lunala|64/100\n|\n|upkeep\n|turn|2\n|\n|t:|1775516469\n|-terastallize|p1a: Lunala|Water\n|move|p1b: Indeedee|Helping Hand|p1a: Lunala\n|-singleturn|p1a: Lunala|Helping Hand|[of] p1b: Indeedee\n|move|p2a: Lunala|Icy Wind|p1a: Lunala|[spread] p1a,p1b\n|-resisted|p1a: Lunala\n|-damage|p1a: Lunala|92/100\n|-damage|p1b: Indeedee|24/100\n|-unboost|p1a: Lunala|spe|1\n|-unboost|p1b: Indeedee|spe|1\n|move|p2b: Kingambit|Kowtow Cleave|p1a: Lunala\n|-damage|p1a: Lunala|42/100\n|move|p1a: Lunala|Meteor Beam||[still]\n|-prepare|p1a: Lunala|Meteor Beam\n|-boost|p1a: Lunala|spa|1\n|-enditem|p1a: Lunala|Power Herb\n|-anim|p1a: Lunala|Meteor Beam|p2a: Lunala\n|-damage|p2a: Lunala|0 fnt\n|faint|p2a: Lunala\n|\n|upkeep\n|\n|t:|1775516473\n|switch|p2a: Miraidon|Miraidon, L50|100/100\n|-fieldstart|move: Electric Terrain|[from] ability: Hadron Engine|[of] p2a: Miraidon\n|-enditem|p2a: Miraidon|Electric Seed\n|-boost|p2a: Miraidon|def|1|[from] item: Electric Seed\n|turn|3\n|\n|t:|1775516495\n|switch|p1b: Ursaluna|Ursaluna, L50, M|100/100\n|move|p1a: Lunala|Wide Guard|p1a: Lunala\n|-singleturn|p1a: Lunala|Wide Guard\n|move|p2a: Miraidon|Parabolic Charge|p1b: Ursaluna|[spread] p2b\n|-activate|p1a: Lunala|move: Wide Guard\n|-activate|p1b: Ursaluna|move: Wide Guard\n|-damage|p2b: Kingambit|63/100\n|move|p2b: Kingambit|Kowtow Cleave|p1a: Lunala\n|-damage|p1a: Lunala|0 fnt\n|faint|p1a: Lunala\n|\n|-status|p1b: Ursaluna|brn|[from] item: Flame Orb\n|upkeep\n|\n|t:|1775516507\n|switch|p1a: Koraidon|Koraidon, L50, shiny|100/100\n|-weather|SunnyDay|[from] ability: Orichalcum Pulse|[of] p1a: Koraidon\n|-activate|p1a: Koraidon|Orichalcum Pulse|[source]\n|turn|4\n|\n|t:|1775516518\n|move|p2a: Miraidon|Protect|p2a: Miraidon\n|-singleturn|p2a: Miraidon|Protect\n|move|p2b: Kingambit|Protect|p2b: Kingambit\n|-singleturn|p2b: Kingambit|Protect\n|move|p1a: Koraidon|Breaking Swipe|p2a: Miraidon|[spread] \n|-activate|p2a: Miraidon|move: Protect\n|-activate|p2b: Kingambit|move: Protect\n|move|p1b: Ursaluna|Facade|p2b: Kingambit\n|-activate|p2b: Kingambit|move: Protect\n|\n|-weather|SunnyDay|[upkeep]\n|-damage|p1b: Ursaluna|95/100 brn|[from] brn\n|upkeep\n|turn|5\n|\n|t:|1775516527\n|move|p1a: Koraidon|Protect|p1a: Koraidon\n|-singleturn|p1a: Koraidon|Protect\n|move|p2b: Kingambit|Sucker Punch|p1b: Ursaluna\n|-damage|p1b: Ursaluna|58/100 brn\n|move|p2a: Miraidon|Dragon Pulse|p1b: Ursaluna\n|-crit|p1b: Ursaluna\n|-damage|p1b: Ursaluna|0 fnt\n|faint|p1b: Ursaluna\n|\n|-weather|SunnyDay|[upkeep]\n|upkeep\n|-message|Kwiper forfeited.\n|\n|win|Snowsquall brute\n|raw|Kwiper's rating: 1547 &rarr; <strong>1533</strong><br />(-14 for losing)\n|raw|Snowsquall brute's rating: 1661 &rarr; <strong>1675</strong><br />(+14 for winning)\n","uploadtime":1775516534,"views":21,"formatid":"gen9vgc2026regi","rating":1533,"private":0,"password":null}