{"id":"gen9vgc2026regi-2565158002","format":"[Gen 9] VGC 2026 Reg I","players":["JonnyNerd","Billlmads"],"log":"|j|\u2606JonnyNerd\n|j|\u2606Billlmads\n|t:|1774236249\n|gametype|doubles\n|player|p1|JonnyNerd|1|\n|player|p2|Billlmads|red|\n|gen|9\n|tier|[Gen 9] VGC 2026 Reg I\n|rated|Tournament battle\n|rule|Species Clause: Limit one of each Pok\u00e9mon\n|rule|Item Clause: Limit 1 of each item\n|raw|<div class=\"infobox\"><details class=\"readmore\" open><summary><strong>3 custom rules:</strong></summary> Open Team Sheets, Force Open Team Sheets, !Open Team Sheets</details></div>\n|clearpoke\n|poke|p1|Mimikyu, L50, M|\n|poke|p1|Incineroar, L50, M|\n|poke|p1|Miraidon, L50|\n|poke|p1|Whimsicott, L50, F|\n|poke|p1|Ursaluna, L50, F|\n|poke|p1|Lunala, L50|\n|poke|p2|Terapagos, L50, M|\n|poke|p2|Miraidon, L50|\n|poke|p2|Incineroar, L50, F|\n|poke|p2|Sinistcha, L50|\n|poke|p2|Urshifu-*, L50, M|\n|poke|p2|Iron Treads, L50|\n|teampreview|4\n|showteam|p1|Mimikyu||MentalHerb|Disguise|TrickRoom,Curse,PlayRough,ShadowSneak|||M|||50|,,,,,Grass]Incineroar||AssaultVest|Intimidate|FakeOut,FlareBlitz,KnockOff,Uturn|||M|||50|,,,,,Grass]Miraidon||LifeOrb|HadronEngine|DracoMeteor,ElectroDrift,VoltSwitch,Protect||||||50|,,,,,Electric]Whimsicott||CovertCloak|Prankster|Tailwind,LightScreen,Moonblast,Encore|||F|||50|,,,,,Ghost]Ursaluna||FlameOrb|Guts|Protect,HeadlongRush,Earthquake,Facade|||F|||50|,,,,,Ghost]Lunala||ElectricSeed|ShadowShield|TrickRoom,WideGuard,Moonblast,MoongeistBeam||||||50|,,,,,Fairy\n|showteam|p2|Terapagos||ElectricSeed|TeraShift|TeraStarstorm,EarthPower,CalmMind,Protect|||M|||50|,,,,,Stellar]Miraidon||ChoiceScarf|HadronEngine|ElectroDrift,VoltSwitch,DracoMeteor,Snarl||||||50|,,,,,Electric]Incineroar||RockyHelmet|Intimidate|PartingShot,FakeOut,KnockOff,FlareBlitz|||F|||50|,,,,,Bug]Sinistcha||FocusSash|Hospitality|RagePowder,ShadowBall,Protect,LifeDew||||||50|,,,,,Fire]Urshifu-Rapid-Strike||MysticWater|UnseenFist|SurgingStrikes,CloseCombat,Taunt,Detect|||M|||50|,,,,,Water]Iron Treads||ChoiceBand|QuarkDrive|HighHorsepower,IronHead,RockSlide,IceSpinner||||||50|,,,,,Ghost\n|j| frankina\n|j| All Hail Ogerpon\n|j| cristorey24\n|j| FemboyNo1\n|c| All Hail Ogerpon|Go JonnyNerd\n|j| missouri mott\n|j| Bricks And Steel\n|c| FemboyNo1|GO JOHNYYY\n|j| LanternComic\n|c| FemboyNo1|WOOOO\n|c| All Hail Ogerpon|You have perfected your craft under my tutelage\n|j| Mnicool\n|c|\u2606JonnyNerd|lmao\n|j| chingling is life\n|c|\u2606JonnyNerd|ill try my best\n|\n|t:|1774236303\n|teamsize|p1|4\n|teamsize|p2|4\n|start\n|switch|p1a: Pikaboo|Mimikyu, L50, M, shiny|100/100\n|switch|p1b: Incineroar|Incineroar, L50, M|100/100\n|switch|p2a: Terapagos|Terapagos, L50, M|100/100\n|switch|p2b: Incineroar|Incineroar, L50, F|100/100\n|-activate|p2a: Terapagos|ability: Tera Shift\n|detailschange|p2a: Terapagos|Terapagos-Terastal, L50, M\n|-heal|p2a: Terapagos|100/100|[silent]\n|-ability|p1b: Incineroar|Intimidate|boost\n|-unboost|p2a: Terapagos|atk|1\n|-unboost|p2b: Incineroar|atk|1\n|-ability|p2b: Incineroar|Intimidate|boost\n|-unboost|p1a: Pikaboo|atk|1\n|-unboost|p1b: Incineroar|atk|1\n|turn|1\n|c| All Hail Ogerpon|This is for Mimikyu's first Room Tour title for Regulation I!\n|c| All Hail Ogerpon|All or nothing\n|\n|t:|1774236330\n|move|p2a: Terapagos|Protect|p2a: Terapagos\n|-singleturn|p2a: Terapagos|Protect\n|move|p1b: Incineroar|U-turn|p2a: Terapagos\n|-activate|p2a: Terapagos|move: Protect\n|move|p2b: Incineroar|Knock Off|p1a: Pikaboo\n|-activate|p1a: Pikaboo|ability: Disguise\n|-damage|p1a: Pikaboo|100/100\n|-enditem|p1a: Pikaboo|Mental Herb|[from] move: Knock Off|[of] p2b: Incineroar\n|detailschange|p1a: Pikaboo|Mimikyu-Busted, L50, M, shiny\n|-damage|p1a: Pikaboo|89/100|[from] pokemon: Mimikyu-Busted\n|move|p1a: Pikaboo|Trick Room|p1a: Pikaboo\n|-fieldstart|move: Trick Room|[of] p1a: Pikaboo\n|\n|upkeep\n|turn|2\n|\n|t:|1774236348\n|move|p2b: Incineroar|Parting Shot|p1b: Incineroar\n|-unboost|p1b: Incineroar|atk|1\n|-unboost|p1b: Incineroar|spa|1\n|\n|t:|1774236351\n|switch|p2b: Miraidon|Miraidon, L50|100/100|[from] Parting Shot\n|-fieldstart|move: Electric Terrain|[from] ability: Hadron Engine|[of] p2b: Miraidon\n|-enditem|p2a: Terapagos|Electric Seed\n|-boost|p2a: Terapagos|def|1|[from] item: Electric Seed\n|move|p1b: Incineroar|U-turn|p2a: Terapagos\n|-activate|p2a: Terapagos|ability: Tera Shell\n|-resisted|p2a: Terapagos\n|-damage|p2a: Terapagos|98/100\n|l| Mnicool\n|\n|t:|1774236363\n|switch|p1b: Ursaluna|Ursaluna, L50, F|100/100|[from] U-turn\n|move|p2a: Terapagos|Tera Starstorm|p1b: Ursaluna\n|-damage|p1b: Ursaluna|53/100\n|move|p1a: Pikaboo|Curse|p2a: Terapagos\n|-start|p2a: Terapagos|Curse|[of] p1a: Pikaboo\n|-damage|p1a: Pikaboo|39/100\n|\n|-damage|p2a: Terapagos|73/100|[from] Curse\n|-status|p1b: Ursaluna|brn|[from] item: Flame Orb\n|upkeep\n|turn|3\n|j| Mnicool\n|\n|t:|1774236380\n|switch|p1a: Lunala|Lunala, L50|100/100\n|-enditem|p1a: Lunala|Electric Seed\n|-boost|p1a: Lunala|def|1|[from] item: Electric Seed\n|switch|p2b: Sinistcha|Sinistcha, L50|100/100\n|-heal|p2a: Terapagos|98/100|[from] ability: Hospitality|[of] p2b: Sinistcha\n|move|p1b: Ursaluna|Headlong Rush|p2b: Sinistcha\n|-resisted|p2b: Sinistcha\n|-damage|p2b: Sinistcha|65/100\n|-unboost|p1b: Ursaluna|def|1\n|-unboost|p1b: Ursaluna|spd|1\n|move|p2a: Terapagos|Tera Starstorm|p1b: Ursaluna\n|-damage|p1b: Ursaluna|0 fnt\n|faint|p1b: Ursaluna\n|\n|-damage|p2a: Terapagos|73/100|[from] Curse\n|upkeep\n|\n|t:|1774236393\n|switch|p1b: Incineroar|Incineroar, L50, M|100/100\n|-ability|p1b: Incineroar|Intimidate|boost\n|-unboost|p2a: Terapagos|atk|1\n|-unboost|p2b: Sinistcha|atk|1\n|turn|4\n|\n|t:|1774236404\n|switch|p2a: Incineroar|Incineroar, L50, F|100/100\n|-ability|p2a: Incineroar|Intimidate|boost\n|-unboost|p1a: Lunala|atk|1\n|-unboost|p1b: Incineroar|atk|1\n|move|p2b: Sinistcha|Shadow Ball|p1a: Lunala\n|-supereffective|p1a: Lunala\n|-damage|p1a: Lunala|53/100\n|-unboost|p1a: Lunala|spd|1\n|move|p1b: Incineroar|Knock Off|p2b: Sinistcha\n|-supereffective|p2b: Sinistcha\n|-damage|p2b: Sinistcha|24/100\n|-enditem|p2b: Sinistcha|Focus Sash|[from] move: Knock Off|[of] p1b: Incineroar\n|move|p1a: Lunala|Moonblast|p2a: Incineroar\n|-damage|p2a: Incineroar|70/100\n|\n|upkeep\n|turn|5\n|j| Rainpelt103\n|c| All Hail Ogerpon|don't fail me Jonny\n|c| chingling is life|soooo how do we kill miraidon now\n|c| FemboyNo1|Johny come on man\n|c| All Hail Ogerpon|Believe\n|c| FemboyNo1|I believe in you\n|\n|t:|1774236424\n|-terastallize|p1a: Lunala|Fairy\n|move|p2a: Incineroar|Fake Out|p1a: Lunala\n|-damage|p1a: Lunala|47/100\n|move|p2b: Sinistcha|Shadow Ball|p1a: Lunala\n|-damage|p1a: Lunala|13/100\n|move|p1b: Incineroar|Knock Off|p2b: Sinistcha\n|-supereffective|p2b: Sinistcha\n|-damage|p2b: Sinistcha|0 fnt\n|faint|p2b: Sinistcha\n|cant|p1a: Lunala|flinch\n|\n|-fieldend|move: Trick Room\n|upkeep\n|c| All Hail Ogerpon|Kill Miraidon by believing\n|\n|t:|1774236434\n|switch|p2b: Miraidon|Miraidon, L50|100/100\n|-activate|p2b: Miraidon|ability: Hadron Engine\n|turn|6\n|c| chingling is life|ouf\n|c| frankina|oof\n|\n|t:|1774236447\n|switch|p1a: Pikaboo|Mimikyu-Busted, L50, M, shiny|39/100\n|move|p2b: Miraidon|Volt Switch|p1a: Pikaboo\n|-crit|p1a: Pikaboo\n|-damage|p1a: Pikaboo|0 fnt\n|faint|p1a: Pikaboo\n|c| All Hail Ogerpon|come on Jonny\n|\n|t:|1774236450\n|switch|p2b: Terapagos|Terapagos-Terastal, L50, M|73/100|[from] Volt Switch\n|move|p1b: Incineroar|U-turn|p2b: Terapagos\n|-damage|p2b: Terapagos|62/100\n|\n|t:|1774236452\n|switch|p1b: Lunala|Lunala, L50, tera:Fairy|13/100|[from] U-turn\n|move|p2a: Incineroar|Knock Off|p1b: Lunala\n|-resisted|p1b: Lunala\n|-damage|p1b: Lunala|2/100\n|\n|-fieldend|move: Electric Terrain\n|upkeep\n|\n|t:|1774236454\n|switch|p1a: Incineroar|Incineroar, L50, M|100/100\n|-ability|p1a: Incineroar|Intimidate|boost\n|-unboost|p2a: Incineroar|atk|1\n|-unboost|p2b: Terapagos|atk|1\n|turn|7\n|c| All Hail Ogerpon|you didn't beat me to lose again\n|l| chingling is life\n|l| Rainpelt103\n|c|\u2606JonnyNerd|IM SORRYYY\n|c|\u2606JonnyNerd|ggs\n|c| All Hail Ogerpon|everything is riding on this victory\n|c|\u2606Billlmads|ggs\n|\n|t:|1774236491\n|move|p1a: Incineroar|Fake Out|p2b: Terapagos\n|-damage|p2b: Terapagos|52/100\n|move|p1b: Lunala|Moonblast|p2a: Incineroar\n|-damage|p2a: Incineroar|23/100\n|cant|p2b: Terapagos|flinch\n|move|p2a: Incineroar|Flare Blitz|p1b: Lunala\n|-damage|p1b: Lunala|0 fnt\n|faint|p1b: Lunala\n|-damage|p2a: Incineroar|22/100|[from] Recoil\n|\n|upkeep\n|turn|8\n|j| copiplup\n|\n|t:|1774236500\n|move|p2b: Terapagos|Calm Mind|p2b: Terapagos\n|-boost|p2b: Terapagos|spa|1\n|-boost|p2b: Terapagos|spd|1\n|move|p1a: Incineroar|Flare Blitz|p2b: Terapagos\n|-crit|p2b: Terapagos\n|-damage|p2b: Terapagos|0 fnt\n|faint|p2b: Terapagos\n|-damage|p1a: Incineroar|82/100|[from] Recoil\n|move|p2a: Incineroar|Parting Shot|p1a: Incineroar\n|-unboost|p1a: Incineroar|atk|1\n|-unboost|p1a: Incineroar|spa|1\n|c| All Hail Ogerpon|Jooooonyyyyyy you were so close\n|\n|t:|1774236503\n|switch|p2a: Miraidon|Miraidon, L50|100/100|[from] Parting Shot\n|-fieldstart|move: Electric Terrain|[from] ability: Hadron Engine|[of] p2a: Miraidon\n|\n|upkeep\n|\n|t:|1774236505\n|switch|p2b: Incineroar|Incineroar, L50, F|22/100\n|-ability|p2b: Incineroar|Intimidate|boost\n|-unboost|p1a: Incineroar|atk|1\n|turn|9\n|c| frankina|lol\n|c| All Hail Ogerpon|OH\n|\n|t:|1774236508\n|-terastallize|p2a: Miraidon|Electric\n|move|p2b: Incineroar|Fake Out|p1a: Incineroar\n|-damage|p1a: Incineroar|69/100\n|move|p2a: Miraidon|Electro Drift|p1a: Incineroar\n|-damage|p1a: Incineroar|0 fnt\n|faint|p1a: Incineroar\n|\n|win|Billlmads\n|n|\u2606JonnyNerd|jonnynerd\n|n|\u2606Billlmads|billlmads\n|n| frankina|frankina\n|n| All Hail Ogerpon|allhailogerpon\n|n| cristorey24|cristorey24\n|n| FemboyNo1|femboyno1\n|n| missouri mott|missourimott\n|n| Bricks And Steel|bricksandsteel\n|n| LanternComic|lanterncomic\n|n| Mnicool|mnicool\n|n| copiplup|copiplup\n","uploadtime":1774236508,"views":11,"formatid":"gen9vgc2026regi","rating":null,"private":0,"password":null}