{"id":"gen9vgc2026regi-2523782511","format":"[Gen 9] VGC 2026 Reg I","players":["HJ9J","marcxhenry"],"log":"|j|\u2606HJ9J\n|j|\u2606marcxhenry\n|t:|1769069911\n|gametype|doubles\n|player|p1|HJ9J|giovanni|1185\n|player|p2|marcxhenry|hilbert-wonderlauncher|1349\n|gen|9\n|tier|[Gen 9] VGC 2026 Reg I\n|rated|\n|rule|Species Clause: Limit one of each Pok\u00e9mon\n|rule|Item Clause: Limit 1 of each item\n|clearpoke\n|poke|p1|Koraidon, L50|\n|poke|p1|Lunala, L50|\n|poke|p1|Flutter Mane, L50|\n|poke|p1|Ursaluna, L50, F|\n|poke|p1|Amoonguss, L50, F|\n|poke|p1|Incineroar, L50, F|\n|poke|p2|Calyrex-Shadow, L50|\n|poke|p2|Urshifu-*, L50, M|\n|poke|p2|Roaring Moon, L50|\n|poke|p2|Kyogre, L50|\n|poke|p2|Tsareena, L50, F|\n|poke|p2|Kingambit, L50, M|\n|teampreview|4\n|\n|t:|1769069968\n|teamsize|p1|4\n|teamsize|p2|4\n|start\n|switch|p1a: Flutter Mane|Flutter Mane, L50|100/100\n|switch|p1b: Incineroar|Incineroar, L50, F|100/100\n|switch|p2a: Ludwig|Calyrex-Shadow, L50|100/100\n|switch|p2b: Tripitz|Kyogre, L50, shiny|100/100\n|-ability|p2a: Ludwig|As One\n|-ability|p2a: Ludwig|Unnerve\n|-weather|RainDance|[from] ability: Drizzle|[of] p2b: Tripitz\n|-ability|p1b: Incineroar|Intimidate|boost\n|-unboost|p2a: Ludwig|atk|1\n|-unboost|p2b: Tripitz|atk|1\n|turn|1\n|\n|t:|1769070009\n|switch|p2a: Eva|Tsareena, L50, F, shiny|100/100\n|switch|p1b: Koraidon|Koraidon, L50|100/100\n|-weather|SunnyDay|[from] ability: Orichalcum Pulse|[of] p1b: Koraidon\n|-activate|p1a: Flutter Mane|ability: Protosynthesis\n|-start|p1a: Flutter Mane|protosynthesisspe\n|-activate|p1b: Koraidon|Orichalcum Pulse|[source]\n|move|p1a: Flutter Mane|Shadow Ball|p2a: Eva\n|-damage|p2a: Eva|49/100\n|move|p2b: Tripitz|Origin Pulse|p1a: Flutter Mane|[spread] p1a,p1b\n|-resisted|p1b: Koraidon\n|-damage|p1a: Flutter Mane|70/100\n|-damage|p1b: Koraidon|86/100\n|\n|-weather|SunnyDay|[upkeep]\n|upkeep\n|turn|2\n|\n|t:|1769070032\n|-terastallize|p2a: Eva|Water\n|move|p2b: Tripitz|Protect|p2b: Tripitz\n|-singleturn|p2b: Tripitz|Protect\n|move|p1a: Flutter Mane|Icy Wind|p2a: Eva|[spread] p2a\n|-activate|p2b: Tripitz|move: Protect\n|-resisted|p2a: Eva\n|-damage|p2a: Eva|41/100\n|-unboost|p2a: Eva|spe|1\n|move|p1b: Koraidon|Flame Charge|p2a: Eva\n|-resisted|p2a: Eva\n|-damage|p2a: Eva|15/100\n|-boost|p1b: Koraidon|spe|1\n|-damage|p1b: Koraidon|76/100|[from] item: Life Orb\n|move|p2a: Eva|Triple Axel|p1b: Koraidon\n|-supereffective|p1b: Koraidon\n|-damage|p1b: Koraidon|61/100\n|-supereffective|p1b: Koraidon\n|-damage|p1b: Koraidon|34/100\n|-supereffective|p1b: Koraidon\n|-damage|p1b: Koraidon|0 fnt\n|faint|p1b: Koraidon\n|-hitcount|p1: Koraidon|3\n|\n|-weather|SunnyDay|[upkeep]\n|upkeep\n|\n|t:|1769070054\n|switch|p1b: Incineroar|Incineroar, L50, F|100/100\n|-ability|p1b: Incineroar|Intimidate|boost\n|-unboost|p2a: Eva|atk|1\n|-unboost|p2b: Tripitz|atk|1\n|turn|3\n|\n|t:|1769070093\n|switch|p2b: Hermann|Kingambit, L50, M, shiny|100/100\n|move|p2a: Eva|Protect|p2a: Eva\n|-singleturn|p2a: Eva|Protect\n|move|p1a: Flutter Mane|Shadow Ball|p2a: Eva\n|-activate|p2a: Eva|move: Protect\n|move|p1b: Incineroar|Knock Off|p2b: Hermann\n|-resisted|p2b: Hermann\n|-damage|p2b: Hermann|84/100\n|-enditem|p2b: Hermann|Assault Vest|[from] move: Knock Off|[of] p1b: Incineroar\n|\n|-weather|SunnyDay|[upkeep]\n|upkeep\n|turn|4\n|\n|t:|1769070123\n|switch|p2a: Tripitz|Kyogre, L50, shiny|100/100\n|-weather|RainDance|[from] ability: Drizzle|[of] p2a: Tripitz\n|-end|p1a: Flutter Mane|Protosynthesis\n|-terastallize|p1a: Flutter Mane|Fairy\n|move|p1a: Flutter Mane|Moonblast|p2a: Tripitz\n|-damage|p2a: Tripitz|47/100\n|-unboost|p2a: Tripitz|spa|1\n|move|p1b: Incineroar|Flare Blitz|p2b: Hermann\n|-supereffective|p2b: Hermann\n|-damage|p2b: Hermann|45/100\n|-damage|p1b: Incineroar|87/100|[from] Recoil\n|move|p2b: Hermann|Iron Head|p1a: Flutter Mane\n|-supereffective|p1a: Flutter Mane\n|-damage|p1a: Flutter Mane|0 fnt\n|faint|p1a: Flutter Mane\n|-end|p1a: Flutter Mane|Protosynthesis|[silent]\n|\n|-weather|RainDance|[upkeep]\n|upkeep\n|\n|t:|1769070139\n|switch|p1a: Amoonguss|Amoonguss, L50, F|100/100\n|turn|5\n|\n|t:|1769070159\n|move|p2a: Tripitz|Origin Pulse|p1a: Amoonguss|[spread] p1a,p1b\n|-resisted|p1a: Amoonguss\n|-supereffective|p1b: Incineroar\n|-crit|p1b: Incineroar\n|-damage|p1a: Amoonguss|77/100\n|-damage|p1b: Incineroar|0 fnt\n|faint|p1b: Incineroar\n|move|p2b: Hermann|Iron Head|p1a: Amoonguss\n|-damage|p1a: Amoonguss|26/100\n|-damage|p2b: Hermann|28/100|[from] item: Rocky Helmet|[of] p1a: Amoonguss\n|move|p1a: Amoonguss|Spore|p2a: Tripitz\n|-status|p2a: Tripitz|slp|[from] move: Spore\n|\n|-weather|RainDance|[upkeep]\n|upkeep\n|turn|6\n|-message|HJ9J forfeited.\n|\n|win|marcxhenry\n|raw|HJ9J's rating: 1185 &rarr; <strong>1171</strong><br />(-14 for losing)\n|raw|marcxhenry's rating: 1349 &rarr; <strong>1360</strong><br />(+11 for winning)\n|l|\u2606marcxhenry\n|player|p2|\n|l|\u2606HJ9J\n|player|p1|\n","uploadtime":1769070323,"views":12,"formatid":"gen9vgc2026regi","rating":1171,"private":0,"password":null}