{"id":"gen9vgc2026regi-2569943574","format":"[Gen 9] VGC 2026 Reg I","players":["tatu_rebaixado","d'oh12"],"log":"|j|\u2606tatu_rebaixado\n|j|\u2606d'oh12\n|t:|1774748701\n|gametype|doubles\n|player|p1|tatu_rebaixado|pokemaniac|1158\n|player|p2|d'oh12|fantina|1250\n|gen|9\n|tier|[Gen 9] VGC 2026 Reg I\n|rated|\n|rule|Species Clause: Limit one of each Pok\u00e9mon\n|rule|Item Clause: Limit 1 of each item\n|clearpoke\n|poke|p1|Scrafty, L50, M|\n|poke|p1|Calyrex-Ice, L50|\n|poke|p1|Heatran, L50, F|\n|poke|p1|Groudon, L50|\n|poke|p1|Hatterene, L50, F|\n|poke|p1|Urshifu-*, L50, M|\n|poke|p2|Groudon, L50|\n|poke|p2|Lunala, L50|\n|poke|p2|Rillaboom, L50, M|\n|poke|p2|Whimsicott, L50, M|\n|poke|p2|Farigiraf, L50, F|\n|poke|p2|Chi-Yu, L50|\n|teampreview|4\n|inactive|Battle timer is ON: inactive players will automatically lose when time's up. (requested by tatu_rebaixado)\nd'oh12 has agreed to open team sheets.\ntatu_rebaixado rejected open team sheets.\n|inactive|d'oh12 has 60 seconds left.\n|\n|t:|1774748738\n|teamsize|p1|4\n|teamsize|p2|4\n|start\n|switch|p1a: Hatterene|Hatterene, L50, F|100/100\n|switch|p1b: Groudon|Groudon, L50|100/100\n|switch|p2a: Lunala|Lunala, L50|100/100\n|switch|p2b: Rillaboom|Rillaboom, L50, M|100/100\n|-fieldstart|move: Grassy Terrain|[from] ability: Grassy Surge|[of] p2b: Rillaboom\n|-weather|SunnyDay|[from] ability: Drought|[of] p1b: Groudon\n|turn|1\n|\n|t:|1774748756\n|move|p2b: Rillaboom|Fake Out|p1a: Hatterene\n|-damage|p1a: Hatterene|84/100\n|move|p2a: Lunala|Meteor Beam||[still]\n|-prepare|p2a: Lunala|Meteor Beam\n|-boost|p2a: Lunala|spa|1\n|-enditem|p2a: Lunala|Power Herb\n|-anim|p2a: Lunala|Meteor Beam|p1a: Hatterene\n|-damage|p1a: Hatterene|29/100\n|move|p1b: Groudon|Eruption|p2a: Lunala|[spread] p2a,p2b\n|-supereffective|p2b: Rillaboom\n|-damage|p2a: Lunala|77/100\n|-damage|p2b: Rillaboom|0 fnt\n|faint|p2b: Rillaboom\n|move|p1a: Hatterene|Trick Room|p1a: Hatterene\n|-fieldstart|move: Trick Room|[of] p1a: Hatterene\n|\n|-weather|SunnyDay|[upkeep]\n|-heal|p1a: Hatterene|35/100|[from] Grassy Terrain\n|-heal|p2a: Lunala|83/100|[from] Grassy Terrain\n|upkeep\n|\n|t:|1774748769\n|switch|p2b: Chi-Yu|Chi-Yu, L50, shiny|100/100\n|-ability|p2b: Chi-Yu|Beads of Ruin\n|turn|2\n|\n|t:|1774748780\n|move|p2a: Lunala|Wide Guard|p2a: Lunala\n|-singleturn|p2a: Lunala|Wide Guard\n|move|p1a: Hatterene|Dazzling Gleam|p2b: Chi-Yu|[spread] \n|-activate|p2a: Lunala|move: Wide Guard\n|-activate|p2b: Chi-Yu|move: Wide Guard\n|move|p1b: Groudon|Earth Power|p2b: Chi-Yu\n|-supereffective|p2b: Chi-Yu\n|-crit|p2b: Chi-Yu\n|-enditem|p2b: Chi-Yu|Focus Sash\n|-damage|p2b: Chi-Yu|1/100\n|move|p2b: Chi-Yu|Heat Wave|p1b: Groudon|[spread] p1a\n|-miss|p2b: Chi-Yu|p1b: Groudon\n|-damage|p1a: Hatterene|0 fnt\n|faint|p1a: Hatterene\n|\n|-weather|SunnyDay|[upkeep]\n|-heal|p2a: Lunala|89/100|[from] Grassy Terrain\n|-heal|p2b: Chi-Yu|7/100|[from] Grassy Terrain\n|upkeep\n|\n|t:|1774748789\n|switch|p1a: Calyrex|Calyrex-Ice, L50|100/100\n|-ability|p1a: Calyrex|As One\n|-ability|p1a: Calyrex|Unnerve\n|turn|3\n|\n|t:|1774748804\n|move|p2b: Chi-Yu|Protect|p2b: Chi-Yu\n|-singleturn|p2b: Chi-Yu|Protect\n|move|p1a: Calyrex|Glacial Lance|p2a: Lunala|[spread] p2a\n|-activate|p2b: Chi-Yu|move: Protect\n|-damage|p2a: Lunala|52/100\n|move|p1b: Groudon|Earth Power|p2b: Chi-Yu\n|-activate|p2b: Chi-Yu|move: Protect\n|move|p2a: Lunala|Moongeist Beam|p1a: Calyrex\n|-supereffective|p1a: Calyrex\n|-damage|p1a: Calyrex|0 fnt\n|faint|p1a: Calyrex\n|\n|-weather|SunnyDay|[upkeep]\n|-heal|p2a: Lunala|58/100|[from] Grassy Terrain\n|-heal|p2b: Chi-Yu|13/100|[from] Grassy Terrain\n|upkeep\n|\n|t:|1774748809\n|switch|p1a: Urshifu|Urshifu-Rapid-Strike, L50, M|100/100\n|turn|4\n|\n|t:|1774748830\n|move|p2a: Lunala|Wide Guard|p2a: Lunala\n|-singleturn|p2a: Lunala|Wide Guard\n|move|p1a: Urshifu|Aqua Jet|p2b: Chi-Yu\n|-supereffective|p2b: Chi-Yu\n|-damage|p2b: Chi-Yu|0 fnt\n|faint|p2b: Chi-Yu\n|move|p1b: Groudon|Eruption|p2a: Lunala\n|-activate|p2a: Lunala|move: Wide Guard\n|\n|-weather|SunnyDay|[upkeep]\n|-heal|p2a: Lunala|64/100|[from] Grassy Terrain\n|upkeep\n|\n|t:|1774748837\n|switch|p2b: Groudon|Groudon, L50|100/100\n|turn|5\n|\n|t:|1774748846\n|-terastallize|p2b: Groudon|Fire\n|-terastallize|p1a: Urshifu|Water\n|move|p2a: Lunala|Wide Guard|p2a: Lunala\n|-singleturn|p2a: Lunala|Wide Guard\n|move|p1a: Urshifu|Aqua Jet|p2b: Groudon\n|-supereffective|p2b: Groudon\n|-damage|p2b: Groudon|80/100\n|move|p1b: Groudon|Eruption|p2b: Groudon|[spread] \n|-activate|p2a: Lunala|move: Wide Guard\n|-activate|p2b: Groudon|move: Wide Guard\n|move|p2b: Groudon|Precipice Blades|p1b: Groudon|[spread] p1a,p1b\n|-damage|p1a: Urshifu|47/100\n|-damage|p1b: Groudon|68/100\n|\n|-weather|none\n|-heal|p1b: Groudon|74/100|[from] Grassy Terrain\n|-heal|p2b: Groudon|86/100|[from] Grassy Terrain\n|-heal|p2a: Lunala|70/100|[from] Grassy Terrain\n|-heal|p1a: Urshifu|52/100|[from] Grassy Terrain\n|-fieldend|move: Trick Room\n|-fieldend|move: Grassy Terrain\n|upkeep\n|turn|6\n|\n|t:|1774748866\n|move|p1a: Urshifu|Aqua Jet|p2b: Groudon\n|-supereffective|p2b: Groudon\n|-damage|p2b: Groudon|46/100\n|move|p2a: Lunala|Moongeist Beam|p1a: Urshifu\n|-damage|p1a: Urshifu|0 fnt\n|faint|p1a: Urshifu\n|move|p2b: Groudon|Precipice Blades|p1b: Groudon\n|-damage|p1b: Groudon|29/100\n|move|p1b: Groudon|Earth Power|p2b: Groudon\n|-supereffective|p2b: Groudon\n|-damage|p2b: Groudon|0 fnt\n|faint|p2b: Groudon\n|\n|upkeep\n|turn|7\n|\n|t:|1774748879\n|move|p2a: Lunala|Moongeist Beam|p1b: Groudon\n|-damage|p1b: Groudon|0 fnt\n|faint|p1b: Groudon\n|\n|win|d'oh12\n|raw|tatu_rebaixado's rating: 1158 &rarr; <strong>1139</strong><br />(-19 for losing)\n|raw|d&apos;oh12's rating: 1250 &rarr; <strong>1269</strong><br />(+19 for winning)\n|l|\u2606tatu_rebaixado\n|player|p1|\n|l|\u2606d'oh12\n|player|p2|\n","uploadtime":1774749021,"views":10,"formatid":"gen9vgc2026regi","rating":1139,"private":0,"password":null}