{"id":"gen9vgc2026regi-2579606555","format":"[Gen 9] VGC 2026 Reg I","players":["CMOdin","happidoodledoo"],"log":"|j|\u2606CMOdin\n|j|\u2606happidoodledoo\n|t:|1775804832\n|gametype|doubles\n|player|p1|CMOdin|pokemonranger-gen4|\n|player|p2|happidoodledoo|ghetsis|\n|gen|9\n|tier|[Gen 9] VGC 2026 Reg I\n|rated|Tournament battle\n|rule|Species Clause: Limit one of each Pok\u00e9mon\n|rule|Item Clause: Limit 1 of each item\n|raw|<div class=\"infobox\"><details class=\"readmore\" open><summary><strong>3 custom rules:</strong></summary> Open Team Sheets, Force Open Team Sheets, !Open Team Sheets</details></div>\n|clearpoke\n|poke|p1|Koraidon, L50|\n|poke|p1|Incineroar, L50, M|\n|poke|p1|Lunala, L50|\n|poke|p1|Gholdengo, L50|\n|poke|p1|Amoonguss, L50, F|\n|poke|p1|Slither Wing, L50|\n|poke|p2|Grimmsnarl, L50, M|\n|poke|p2|Ho-Oh, L50|\n|poke|p2|Sinistcha, L50|\n|poke|p2|Urshifu-*, L50, M|\n|poke|p2|Lunala, L50|\n|poke|p2|Rillaboom, L50, F|\n|teampreview|4\n|showteam|p1|Koraidon||LifeOrb|OrichalcumPulse|CloseCombat,DrainPunch,FlameCharge,FlareBlitz||||||50|,,,,,Fighting]Incineroar||SitrusBerry|Intimidate|FakeOut,FlareBlitz,PartingShot,Roar|||M|||50|,,,,,Grass]Lunala||PowerHerb|ShadowShield|TrickRoom,DazzlingGleam,MeteorBeam,MoongeistBeam||||||50|,,,,,Normal]Gholdengo||ChoiceSpecs|GoodasGold|MakeItRain,PowerGem,DazzlingGleam,ShadowBall||||||50|,,,,,Water]Amoonguss||EjectButton|Regenerator|PollenPuff,RagePowder,Spore,SludgeBomb|||F|||50|,,,,,Fire]Slither Wing||ChoiceScarf|Protosynthesis|CloseCombat,Uturn,FlareBlitz,LeechLife||||||50|,,,,,Fire\n|showteam|p2|Grimmsnarl||LightClay|Prankster|FoulPlay,LightScreen,Reflect,ThunderWave|||M|||50|,,,,,Ghost]Ho-Oh||ClearAmulet|Regenerator|Tailwind,SacredFire,BraveBird,Protect||||||50|,,,,,Grass]Sinistcha||EjectButton|Hospitality|RagePowder,MatchaGotcha,LifeDew,Protect||||||50|,,,,,Water]Urshifu-Rapid-Strike||ChoiceScarf|UnseenFist|SurgingStrikes,Uturn,CloseCombat,AquaJet|||M|||50|,,,,,Water]Lunala||CovertCloak|ShadowShield|CalmMind,MoongeistBeam,DazzlingGleam,Protect||||||50|,,,,,Fairy]Rillaboom||AssaultVest|GrassySurge|FakeOut,WoodHammer,Uturn,GrassyGlide|||F|||50|,,,,,Grass\n|inactive|Battle timer is ON: inactive players will automatically lose when time's up. (requested by CMOdin)\n|inactive|CMOdin has 60 seconds left.\n|inactive|happidoodledoo has 60 seconds left.\n|inactive|CMOdin has 30 seconds left.\n|\n|t:|1775804904\n|teamsize|p1|4\n|teamsize|p2|4\n|start\n|switch|p1a: Lunala|Lunala, L50|100/100\n|switch|p1b: Incineroar|Incineroar, L50, M, shiny|100/100\n|switch|p2a: rudigerrimsnarl|Grimmsnarl, L50, M|100/100\n|switch|p2b: federico-oh|Ho-Oh, L50|100/100\n|-ability|p1b: Incineroar|Intimidate|boost\n|-unboost|p2a: rudigerrimsnarl|atk|1\n|-fail|p2b: federico-oh|unboost|[from] item: Clear Amulet|[of] p2b: federico-oh\n|turn|1\n|inactive|happidoodledoo has 30 seconds left.\n|j| elychee267\n|\n|t:|1775804938\n|move|p2b: federico-oh|Protect|p2b: federico-oh\n|-singleturn|p2b: federico-oh|Protect\n|move|p1b: Incineroar|Fake Out|p2a: rudigerrimsnarl\n|-damage|p2a: rudigerrimsnarl|90/100\n|cant|p2a: rudigerrimsnarl|flinch\n|move|p1a: Lunala|Trick Room|p1a: Lunala\n|-fieldstart|move: Trick Room|[of] p1a: Lunala\n|\n|upkeep\n|turn|2\n|j| aurora ltd\n|inactive|happidoodledoo has 30 seconds left.\n|inactive|happidoodledoo has 20 seconds left.\n|inactive|CMOdin has 30 seconds left.\n|inactive|CMOdin has 20 seconds left.\n|inactive|CMOdin has 15 seconds left.\n|\n|t:|1775804996\n|switch|p2b: sinistchouameni|Sinistcha, L50|100/100\n|-heal|p2a: rudigerrimsnarl|100/100|[from] ability: Hospitality|[of] p2b: sinistchouameni\n|move|p1b: Incineroar|Parting Shot|p2a: rudigerrimsnarl\n|-unboost|p2a: rudigerrimsnarl|atk|1\n|-unboost|p2a: rudigerrimsnarl|spa|1\n|\n|t:|1775805007\n|switch|p1b: Gholdengo|Gholdengo, L50|100/100|[from] Parting Shot\n|move|p2a: rudigerrimsnarl|Foul Play|p1a: Lunala\n|-supereffective|p1a: Lunala\n|-damage|p1a: Lunala|53/100\n|move|p1a: Lunala|Meteor Beam||[still]\n|-prepare|p1a: Lunala|Meteor Beam\n|-boost|p1a: Lunala|spa|1\n|-enditem|p1a: Lunala|Power Herb\n|-anim|p1a: Lunala|Meteor Beam|p2b: sinistchouameni\n|-damage|p2b: sinistchouameni|25/100\n|-enditem|p2b: sinistchouameni|Eject Button\n|\n|t:|1775805018\n|switch|p2b: federico-oh|Ho-Oh, L50|100/100\n|\n|upkeep\n|turn|3\n|inactive|CMOdin has 30 seconds left.\n|inactive|happidoodledoo has 30 seconds left.\n|inactive|happidoodledoo has 20 seconds left.\n|inactive|happidoodledoo has 15 seconds left.\n|\n|t:|1775805059\n|-terastallize|p2b: federico-oh|Grass\n|move|p2a: rudigerrimsnarl|Foul Play|p1a: Lunala\n|-supereffective|p1a: Lunala\n|-damage|p1a: Lunala|0 fnt\n|faint|p1a: Lunala\n|move|p2b: federico-oh|Sacred Fire|p1b: Gholdengo\n|-supereffective|p1b: Gholdengo\n|-damage|p1b: Gholdengo|0 fnt\n|faint|p1b: Gholdengo\n|\n|upkeep\n|\n|t:|1775805070\n|switch|p1a: Amoonguss|Amoonguss, L50, F, shiny|100/100\n|switch|p1b: Incineroar|Incineroar, L50, M, shiny|100/100\n|-ability|p1b: Incineroar|Intimidate|boost\n|-unboost|p2a: rudigerrimsnarl|atk|1\n|-fail|p2b: federico-oh|unboost|[from] item: Clear Amulet|[of] p2b: federico-oh\n|turn|4\n|inactive|happidoodledoo has 30 seconds left.\n|inactive|CMOdin has 30 seconds left.\n|j| Avi 2007\n|\n|t:|1775805109\n|-terastallize|p1a: Amoonguss|Fire\n|move|p2a: rudigerrimsnarl|Reflect|p2a: rudigerrimsnarl\n|-sidestart|p2: happidoodledoo|Reflect\n|move|p1a: Amoonguss|Sludge Bomb|p2a: rudigerrimsnarl\n|-supereffective|p2a: rudigerrimsnarl\n|-damage|p2a: rudigerrimsnarl|56/100\n|move|p1b: Incineroar|Flare Blitz|p2b: federico-oh\n|-supereffective|p2b: federico-oh\n|-damage|p2b: federico-oh|44/100\n|-damage|p1b: Incineroar|81/100|[from] Recoil\n|move|p2b: federico-oh|Brave Bird|p1a: Amoonguss\n|-damage|p1a: Amoonguss|37/100\n|-damage|p2b: federico-oh|25/100|[from] Recoil\n|\n|upkeep\n|turn|5\n|l| Avi 2007\n|inactive|CMOdin has 30 seconds left.\n|inactive|happidoodledoo has 30 seconds left.\n|\n|t:|1775805135\n|switch|p2a: sinistchouameni|Sinistcha, L50|25/100\n|-heal|p2b: federico-oh|49/100|[from] ability: Hospitality|[of] p2a: sinistchouameni\n|move|p2b: federico-oh|Protect|p2b: federico-oh\n|-singleturn|p2b: federico-oh|Protect\n|move|p1a: Amoonguss|Sludge Bomb|p2b: federico-oh\n|-activate|p2b: federico-oh|move: Protect\n|move|p1b: Incineroar|Flare Blitz|p2a: sinistchouameni\n|-supereffective|p2a: sinistchouameni\n|-damage|p2a: sinistchouameni|0 fnt\n|faint|p2a: sinistchouameni\n|-damage|p1b: Incineroar|74/100|[from] Recoil\n|\n|-fieldend|move: Trick Room\n|upkeep\n|\n|t:|1775805157\n|switch|p2a: carvajalunala|Lunala, L50|100/100\n|turn|6\n|j| bad3456\n|\n|t:|1775805173\n|move|p1a: Amoonguss|Rage Powder|p1a: Amoonguss\n|-singleturn|p1a: Amoonguss|move: Rage Powder\n|move|p2a: carvajalunala|Moongeist Beam|p1a: Amoonguss\n|-damage|p1a: Amoonguss|0 fnt\n|faint|p1a: Amoonguss\n|move|p2b: federico-oh|Brave Bird|p1b: Incineroar\n|-damage|p1b: Incineroar|8/100\n|-enditem|p1b: Incineroar|Sitrus Berry|[eat]\n|-heal|p1b: Incineroar|33/100|[from] item: Sitrus Berry\n|-damage|p2b: federico-oh|28/100|[from] Recoil\n|move|p1b: Incineroar|Flare Blitz|p2b: federico-oh\n|-supereffective|p2b: federico-oh\n|-crit|p2b: federico-oh\n|-damage|p2b: federico-oh|0 fnt\n|faint|p2b: federico-oh\n|-damage|p1b: Incineroar|24/100|[from] Recoil\n|\n|upkeep\n|\n|t:|1775805191\n|switch|p2b: rudigerrimsnarl|Grimmsnarl, L50, M|56/100\n|turn|7\n|c|\u2606CMOdin|gg\n|\n|t:|1775805201\n|move|p2a: carvajalunala|Dazzling Gleam|p1b: Incineroar\n|-damage|p1b: Incineroar|2/100\n|move|p2b: rudigerrimsnarl|Foul Play|p1b: Incineroar\n|-resisted|p1b: Incineroar\n|-damage|p1b: Incineroar|0 fnt\n|faint|p1b: Incineroar\n|\n|win|happidoodledoo\n|n|\u2606CMOdin|cmodin\n|n|\u2606happidoodledoo|happidoodledoo\n|n| elychee267|elychee267\n|n| aurora ltd|auroraltd\n|n| bad3456|bad3456\n|c|\u2606happidoodledoo|gg\n|l|\u2606happidoodledoo\n|player|p2|\n|l|\u2606CMOdin\n|player|p1|\n|l| elychee267\n","uploadtime":1775805219,"views":15,"formatid":"gen9vgc2026regi","rating":null,"private":0,"password":null}