{"id":"gen9vgc2026regi-2563336969","format":"[Gen 9] VGC 2026 Reg I","players":["KaiMVGC","Mooose"],"log":"|j|\u2606KaiMVGC\n|j|\u2606Mooose\n|t:|1774017535\n|gametype|doubles\n|player|p1|KaiMVGC|boarder|1325\n|player|p2|Mooose|ethan|1255\n|gen|9\n|tier|[Gen 9] VGC 2026 Reg I\n|rated|\n|rule|Species Clause: Limit one of each Pok\u00e9mon\n|rule|Item Clause: Limit 1 of each item\n|clearpoke\n|poke|p1|Calyrex-Shadow, L50|\n|poke|p1|Zamazenta-*, L50|\n|poke|p1|Rillaboom, L50, M|\n|poke|p1|Raging Bolt, L50|\n|poke|p1|Smeargle, L50, M|\n|poke|p1|Incineroar, L50, M|\n|poke|p2|Zacian-*, L50|\n|poke|p2|Terapagos, L50, M|\n|poke|p2|Talonflame, L50, F|\n|poke|p2|Munkidori, L50, M|\n|poke|p2|Tyranitar, L50, M|\n|poke|p2|Dragapult, L50, F|\n|teampreview|4\n|inactive|Battle timer is ON: inactive players will automatically lose when time's up. (requested by Mooose)\n|inactive|KaiMVGC has 60 seconds left.\n|\n|t:|1774017572\n|teamsize|p1|4\n|teamsize|p2|4\n|start\n|switch|p1a: Calyrex|Calyrex-Shadow, L50|100/100\n|switch|p1b: Smeargle|Smeargle, L50, M|100/100\n|switch|p2a: Talonflame|Talonflame, L50, F|100/100\n|switch|p2b: Terapagos|Terapagos, L50, M|100/100\n|-activate|p2b: Terapagos|ability: Tera Shift\n|detailschange|p2b: Terapagos|Terapagos-Terastal, L50, M\n|-heal|p2b: Terapagos|100/100|[silent]\n|-ability|p1a: Calyrex|As One\n|-ability|p1a: Calyrex|Unnerve\n|turn|1\n|\n|t:|1774017586\n|move|p1a: Calyrex|Protect|p1a: Calyrex\n|-singleturn|p1a: Calyrex|Protect\n|move|p2a: Talonflame|Acrobatics|p1b: Smeargle\n|-damage|p1b: Smeargle|22/100\n|move|p1b: Smeargle|Spore|p2a: Talonflame\n|-status|p2a: Talonflame|slp|[from] move: Spore\n|move|p2b: Terapagos|Calm Mind|p2b: Terapagos\n|-boost|p2b: Terapagos|spa|1\n|-boost|p2b: Terapagos|spd|1\n|\n|-ability|p1b: Smeargle|Moody|boost\n|-boost|p1b: Smeargle|atk|2\n|-unboost|p1b: Smeargle|spd|1\n|upkeep\n|turn|2\n|\n|t:|1774017603\n|cant|p2a: Talonflame|slp\n|move|p1a: Calyrex|Nasty Plot|p1a: Calyrex\n|-boost|p1a: Calyrex|spa|2\n|move|p1b: Smeargle|Spore|p2b: Terapagos\n|-status|p2b: Terapagos|slp|[from] move: Spore\n|cant|p2b: Terapagos|slp\n|\n|-ability|p1b: Smeargle|Moody|boost\n|-boost|p1b: Smeargle|def|2\n|-unboost|p1b: Smeargle|spd|1\n|upkeep\n|turn|3\n|inactive|KaiMVGC has 30 seconds left.\n|\n|t:|1774017629\n|switch|p1b: Zamazenta|Zamazenta-Crowned, L50|100/100\n|-ability|p1b: Zamazenta|Dauntless Shield|boost\n|-boost|p1b: Zamazenta|def|1\n|-curestatus|p2a: Talonflame|slp|[msg]\n|move|p2a: Talonflame|Tailwind|p2a: Talonflame\n|-sidestart|p2: Mooose|move: Tailwind\n|move|p1a: Calyrex|Psychic|p2a: Talonflame\n|-damage|p2a: Talonflame|0 fnt\n|faint|p2a: Talonflame\n|-ability|p1a: Calyrex|Grim Neigh|boost\n|-boost|p1a: Calyrex|spa|1\n|-damage|p1a: Calyrex|91/100|[from] item: Life Orb\n|cant|p2b: Terapagos|slp\n|\n|upkeep\n|\n|t:|1774017641\n|switch|p2a: Dragapult|Dragapult, L50, F|100/100\n|turn|4\n|\n|t:|1774017649\n|-terastallize|p1a: Calyrex|Dark\n|move|p2a: Dragapult|Phantom Force||[still]\n|-prepare|p2a: Dragapult|Phantom Force\n|move|p1a: Calyrex|Astral Barrage|p2b: Terapagos|[spread] \n|-miss|p1a: Calyrex|p2a: Dragapult\n|-immune|p2b: Terapagos\n|cant|p2b: Terapagos|slp\n|move|p1b: Zamazenta|Body Press|p2b: Terapagos\n|-activate|p2b: Terapagos|ability: Tera Shell\n|-resisted|p2b: Terapagos\n|-damage|p2b: Terapagos|74/100 slp\n|\n|-heal|p2b: Terapagos|81/100 slp|[from] item: Leftovers\n|upkeep\n|turn|5\n|\n|t:|1774017666\n|-terastallize|p2b: Terapagos|Stellar\n|detailschange|p2b: Terapagos|Terapagos-Stellar, L50, M, tera:Stellar\n|-heal|p2b: Terapagos|86/100 slp|[silent]\n|move|p2a: Dragapult|Phantom Force|p1a: Calyrex|[from] lockedmove\n|-resisted|p1a: Calyrex\n|-damage|p1a: Calyrex|49/100\n|move|p1a: Calyrex|Astral Barrage|p2a: Dragapult|[spread] p2a\n|-immune|p2b: Terapagos\n|-supereffective|p2a: Dragapult\n|-damage|p2a: Dragapult|0 fnt\n|faint|p2a: Dragapult\n|-ability|p1a: Calyrex|Grim Neigh|boost\n|-boost|p1a: Calyrex|spa|1\n|-damage|p1a: Calyrex|40/100|[from] item: Life Orb\n|-curestatus|p2b: Terapagos|slp|[msg]\n|move|p2b: Terapagos|Tera Starstorm|p1a: Calyrex|[spread] p1a,p1b\n|-supereffective|p1a: Calyrex\n|-damage|p1a: Calyrex|0 fnt\n|-damage|p1b: Zamazenta|61/100\n|faint|p1a: Calyrex\n|move|p1b: Zamazenta|Body Press|p2b: Terapagos\n|-supereffective|p2b: Terapagos\n|-damage|p2b: Terapagos|11/100\n|\n|-heal|p2b: Terapagos|17/100|[from] item: Leftovers\n|upkeep\n|\n|t:|1774017679\n|switch|p1a: Raging Bolt|Raging Bolt, L50|100/100\n|switch|p2a: Zacian|Zacian-Crowned, L50|100/100\n|-ability|p2a: Zacian|Intrepid Sword|boost\n|-boost|p2a: Zacian|atk|1\n|-enditem|p1a: Raging Bolt|Booster Energy\n|-activate|p1a: Raging Bolt|ability: Protosynthesis|[fromitem]\n|-start|p1a: Raging Bolt|protosynthesisspa\n|turn|6\n|\n|t:|1774017687\n|move|p2b: Terapagos|Protect|p2b: Terapagos\n|-singleturn|p2b: Terapagos|Protect\n|move|p1b: Zamazenta|Protect|p1b: Zamazenta\n|-singleturn|p1b: Zamazenta|Protect\n|move|p1a: Raging Bolt|Protect|p1a: Raging Bolt\n|-singleturn|p1a: Raging Bolt|Protect\n|move|p2a: Zacian|Play Rough|p1a: Raging Bolt\n|-activate|p1a: Raging Bolt|move: Protect\n|\n|-heal|p2b: Terapagos|23/100|[from] item: Leftovers\n|-sideend|p2: Mooose|move: Tailwind\n|upkeep\n|turn|7\n|\n|t:|1774017701\n|move|p2b: Terapagos|Protect|p2b: Terapagos\n|-singleturn|p2b: Terapagos|Protect\n|move|p1a: Raging Bolt|Thunderclap|p2a: Zacian\n|-damage|p2a: Zacian|61/100\n|move|p2a: Zacian|Play Rough|p1a: Raging Bolt\n|-supereffective|p1a: Raging Bolt\n|-damage|p1a: Raging Bolt|0 fnt\n|faint|p1a: Raging Bolt\n|-end|p1a: Raging Bolt|Protosynthesis|[silent]\n|move|p1b: Zamazenta|Body Press|p2b: Terapagos\n|-activate|p2b: Terapagos|move: Protect\n|\n|-heal|p2b: Terapagos|30/100|[from] item: Leftovers\n|upkeep\n|\n|t:|1774017705\n|switch|p1a: Smeargle|Smeargle, L50, M|22/100\n|turn|8\n|\n|t:|1774017716\n|move|p1a: Smeargle|Fake Out|p2a: Zacian\n|-resisted|p2a: Zacian\n|-damage|p2a: Zacian|59/100\n|cant|p2a: Zacian|flinch\n|move|p1b: Zamazenta|Body Press|p2b: Terapagos\n|-supereffective|p2b: Terapagos\n|-damage|p2b: Terapagos|0 fnt\n|faint|p2b: Terapagos\n|detailschange|p2: Terapagos|Terapagos, L50, M|[silent]\n|\n|-ability|p1a: Smeargle|Moody|boost\n|-boost|p1a: Smeargle|spa|2\n|-unboost|p1a: Smeargle|atk|1\n|upkeep\n|turn|9\n|\n|t:|1774017725\n|move|p2a: Zacian|Play Rough|p1b: Zamazenta\n|-damage|p1b: Zamazenta|34/100\n|move|p1b: Zamazenta|Body Press|p2a: Zacian\n|-damage|p2a: Zacian|1/100\n|move|p1a: Smeargle|Spore|p2a: Zacian\n|-status|p2a: Zacian|slp|[from] move: Spore\n|\n|-ability|p1a: Smeargle|Moody|boost\n|-boost|p1a: Smeargle|spa|2\n|-unboost|p1a: Smeargle|spe|1\n|upkeep\n|turn|10\n|\n|t:|1774017732\n|cant|p2a: Zacian|slp\n|move|p1b: Zamazenta|Body Press|p2a: Zacian\n|-damage|p2a: Zacian|0 fnt\n|faint|p2a: Zacian\n|\n|win|KaiMVGC\n|raw|KaiMVGC's rating: 1325 &rarr; <strong>1341</strong><br />(+16 for winning)\n|raw|Mooose's rating: 1255 &rarr; <strong>1235</strong><br />(-20 for losing)\n|c|\u2606Mooose|Gg\n|c|\u2606KaiMVGC|gg\n|l|\u2606Mooose\n|player|p2|\n|l|\u2606KaiMVGC\n|player|p1|\n","uploadtime":1774017998,"views":12,"formatid":"gen9vgc2026regi","rating":1235,"private":0,"password":null}