{"id":"gen9vgc2026regi-2555683371","format":"[Gen 9] VGC 2026 Reg I","players":["EllenJoe2026","ninjafrog666"],"log":"|j|\u2606EllenJoe2026\n|j|\u2606ninjafrog666\n|t:|1773118125\n|gametype|doubles\n|player|p1|EllenJoe2026|2|1523\n|player|p2|ninjafrog666|169|1351\n|gen|9\n|tier|[Gen 9] VGC 2026 Reg I\n|rated|\n|rule|Species Clause: Limit one of each Pok\u00e9mon\n|rule|Item Clause: Limit 1 of each item\n|clearpoke\n|poke|p1|Calyrex-Shadow, L50|\n|poke|p1|Zamazenta-*, L50|\n|poke|p1|Chien-Pao, L50|\n|poke|p1|Dragonite, L50, F|\n|poke|p1|Tornadus, L50, M|\n|poke|p1|Urshifu-*, L50, F|\n|poke|p2|Zamazenta-*, L50|\n|poke|p2|Calyrex-Shadow, L50|\n|poke|p2|Amoonguss, L50, M|\n|poke|p2|Raging Bolt, L50|\n|poke|p2|Urshifu-*, L50, M|\n|poke|p2|Tornadus, L50, M|\n|teampreview|4\n|inactive|Battle timer is ON: inactive players will automatically lose when time's up. (requested by EllenJoe2026)\n|inactive|EllenJoe2026 has 60 seconds left.\n|\n|t:|1773118171\n|teamsize|p1|4\n|teamsize|p2|4\n|start\n|switch|p1a: Zamazenta|Zamazenta-Crowned, L50, shiny|100/100\n|switch|p1b: Chien-Pao|Chien-Pao, L50, shiny|100/100\n|switch|p2a: Urshifu|Urshifu-Rapid-Strike, L50, M|100/100\n|switch|p2b: Zamazenta|Zamazenta-Crowned, L50|100/100\n|-ability|p1b: Chien-Pao|Sword of Ruin\n|-ability|p2b: Zamazenta|Dauntless Shield|boost\n|-boost|p2b: Zamazenta|def|1\n|-ability|p1a: Zamazenta|Dauntless Shield|boost\n|-boost|p1a: Zamazenta|def|1\n|turn|1\n|\n|t:|1773118195\n|switch|p1b: Tornadus|Tornadus, L50, M, shiny|100/100\n|-terastallize|p1a: Zamazenta|Grass\n|move|p2a: Urshifu|U-turn|p1b: Tornadus\n|-resisted|p1b: Tornadus\n|-damage|p1b: Tornadus|87/100\n|\n|t:|1773118204\n|switch|p2a: Calyrex|Calyrex-Shadow, L50|100/100|[from] U-turn\n|-ability|p2a: Calyrex|As One\n|-ability|p2a: Calyrex|Unnerve\n|move|p2b: Zamazenta|Body Press|p1a: Zamazenta\n|-damage|p1a: Zamazenta|75/100\n|move|p1a: Zamazenta|Imprison|p1a: Zamazenta\n|-start|p1a: Zamazenta|move: Imprison\n|\n|upkeep\n|turn|2\n|inactive|ninjafrog666 has 30 seconds left.\n|j| globalfish39\n|\n|t:|1773118234\n|switch|p2b: Raging Bolt|Raging Bolt, L50|100/100\n|move|p1b: Tornadus|Tailwind|p1b: Tornadus\n|-sidestart|p1: EllenJoe2026|move: Tailwind\n|move|p1a: Zamazenta|Heavy Slam|p2a: Calyrex\n|-damage|p2a: Calyrex|44/100\n|move|p2a: Calyrex|Encore|p1a: Zamazenta\n|-start|p1a: Zamazenta|Encore\n|\n|upkeep\n|turn|3\n|inactive|EllenJoe2026 has 30 seconds left.\n|\n|t:|1773118260\n|switch|p1b: Chien-Pao|Chien-Pao, L50, shiny|100/100\n|-ability|p1b: Chien-Pao|Sword of Ruin\n|switch|p2a: Urshifu|Urshifu-Rapid-Strike, L50, M|100/100\n|move|p1a: Zamazenta|Heavy Slam|p2a: Urshifu\n|-resisted|p2a: Urshifu\n|-damage|p2a: Urshifu|66/100\n|move|p2b: Raging Bolt|Thunderbolt|p1b: Chien-Pao\n|-damage|p1b: Chien-Pao|17/100\n|\n|upkeep\n|turn|4\n|\n|t:|1773118285\n|switch|p2a: Zamazenta|Zamazenta-Crowned, L50|100/100\n|move|p1b: Chien-Pao|Ice Shard|p2b: Raging Bolt\n|-supereffective|p2b: Raging Bolt\n|-damage|p2b: Raging Bolt|56/100\n|move|p1a: Zamazenta|Heavy Slam|p2a: Zamazenta\n|-resisted|p2a: Zamazenta\n|-damage|p2a: Zamazenta|94/100\n|move|p2b: Raging Bolt|Thunderbolt|p1b: Chien-Pao\n|-crit|p1b: Chien-Pao\n|-damage|p1b: Chien-Pao|0 fnt\n|faint|p1b: Chien-Pao\n|\n|upkeep\n|\n|t:|1773118300\n|switch|p1b: Calyrex|Calyrex-Shadow, L50|100/100\n|-ability|p1b: Calyrex|As One\n|-ability|p1b: Calyrex|Unnerve\n|turn|5\n|\n|t:|1773118318\n|move|p1b: Calyrex|Astral Barrage|p2a: Zamazenta|[spread] p2a,p2b\n|-damage|p2a: Zamazenta|44/100\n|-damage|p2b: Raging Bolt|17/100\n|-damage|p1b: Calyrex|91/100|[from] item: Life Orb\n|move|p1a: Zamazenta|Heavy Slam|p2b: Raging Bolt\n|-resisted|p2b: Raging Bolt\n|-damage|p2b: Raging Bolt|10/100\n|move|p2a: Zamazenta|Snarl|p1b: Calyrex|[spread] p1a,p1b\n|-supereffective|p1b: Calyrex\n|-damage|p1a: Zamazenta|70/100\n|-damage|p1b: Calyrex|61/100\n|-unboost|p1a: Zamazenta|spa|1\n|-unboost|p1b: Calyrex|spa|1\n|move|p2b: Raging Bolt|Thunderbolt|p1b: Calyrex\n|-damage|p1b: Calyrex|6/100\n|\n|-end|p1a: Zamazenta|Encore\n|-sideend|p1: EllenJoe2026|move: Tailwind\n|upkeep\n|turn|6\n|inactive|ninjafrog666 has 30 seconds left.\n|inactive|ninjafrog666 has 20 seconds left.\n|\n|t:|1773118353\n|switch|p1b: Tornadus|Tornadus, L50, M, shiny|87/100\n|switch|p2a: Calyrex|Calyrex-Shadow, L50|44/100\n|-ability|p2a: Calyrex|As One\n|-ability|p2a: Calyrex|Unnerve\n|move|p2b: Raging Bolt|Thunderclap||[still]\n|-fail|p2b: Raging Bolt\n|move|p1a: Zamazenta|Body Press|p2b: Raging Bolt\n|-damage|p2b: Raging Bolt|0 fnt\n|faint|p2b: Raging Bolt\n|-end|p2b: Raging Bolt|Protosynthesis|[silent]\n|\n|upkeep\n|\n|t:|1773118368\n|switch|p2b: Urshifu|Urshifu-Rapid-Strike, L50, M|66/100\n|turn|7\n|\n|t:|1773118381\n|switch|p2a: Zamazenta|Zamazenta-Crowned, L50|44/100\n|move|p1b: Tornadus|Tailwind|p1b: Tornadus\n|-sidestart|p1: EllenJoe2026|move: Tailwind\n|move|p1a: Zamazenta|Body Press|p2b: Urshifu\n|-damage|p2b: Urshifu|0 fnt\n|faint|p2b: Urshifu\n|\n|upkeep\n|-message|ninjafrog666 forfeited.\n|\n|win|EllenJoe2026\n|raw|EllenJoe2026's rating: 1523 &rarr; <strong>1534</strong><br />(+11 for winning)\n|raw|ninjafrog666's rating: 1351 &rarr; <strong>1340</strong><br />(-11 for losing)\n|l|\u2606ninjafrog666\n|player|p2|\n|l|\u2606EllenJoe2026\n|player|p1|\n","uploadtime":1773118597,"views":13,"formatid":"gen9vgc2026regi","rating":1340,"private":0,"password":null}