{"id":"gen9vgc2026regi-2567390121","format":"[Gen 9] VGC 2026 Reg I","players":["OPZorua","Mirthinion"],"log":"|j|\u2606OPZorua\n|j|\u2606Mirthinion\n|t:|1774471949\n|gametype|doubles\n|player|p1|OPZorua|hugh|1440\n|player|p2|Mirthinion|janitor|1423\n|gen|9\n|tier|[Gen 9] VGC 2026 Reg I\n|rated|\n|rule|Species Clause: Limit one of each Pok\u00e9mon\n|rule|Item Clause: Limit 1 of each item\n|clearpoke\n|poke|p1|Tornadus, L50, M|\n|poke|p1|Groudon, L50|\n|poke|p1|Lunala, L50|\n|poke|p1|Raging Bolt, L50|\n|poke|p1|Smeargle, L50, F|\n|poke|p1|Ogerpon-Hearthflame, L50, F|\n|poke|p2|Calyrex-Shadow, L50|\n|poke|p2|Zamazenta-*, L50|\n|poke|p2|Urshifu-*, L50, M|\n|poke|p2|Incineroar, L50, M|\n|poke|p2|Rillaboom, L50, M|\n|poke|p2|Tornadus, L50, M|\n|teampreview|4\n|inactive|Battle timer is ON: inactive players will automatically lose when time's up. (requested by Mirthinion)\nOPZorua has agreed to open team sheets.\n|\n|t:|1774471974\n|teamsize|p1|4\n|teamsize|p2|4\n|start\n|switch|p1a: Groudon|Groudon, L50|100/100\n|switch|p1b: Raging Bolt|Raging Bolt, L50|100/100\n|switch|p2a: Vangwe|Tornadus, L50, M|100/100\n|switch|p2b: Beowulf|Urshifu-Rapid-Strike, L50, M|100/100\n|-weather|SunnyDay|[from] ability: Drought|[of] p1a: Groudon\n|-activate|p1b: Raging Bolt|ability: Protosynthesis\n|-start|p1b: Raging Bolt|protosynthesisspa\n|turn|1\n|\n|t:|1774471998\n|-terastallize|p2b: Beowulf|Ghost\n|move|p2a: Vangwe|Rain Dance|p2a: Vangwe\n|-weather|RainDance\n|-end|p1b: Raging Bolt|Protosynthesis\n|move|p2b: Beowulf|Surging Strikes|p1a: Groudon\n|-supereffective|p1a: Groudon\n|-crit|p1a: Groudon\n|-damage|p1a: Groudon|45/100\n|-supereffective|p1a: Groudon\n|-crit|p1a: Groudon\n|-damage|p1a: Groudon|0 fnt\n|faint|p1a: Groudon\n|-hitcount|p1: Groudon|2\n|move|p1b: Raging Bolt|Volt Switch|p2a: Vangwe\n|-supereffective|p2a: Vangwe\n|-damage|p2a: Vangwe|19/100\n|\n|t:|1774472006\n|-end|p1b: Raging Bolt|Protosynthesis|[silent]\n|switch|p1b: Lunala|Lunala, L50|100/100|[from] Volt Switch\n|\n|-weather|RainDance|[upkeep]\n|upkeep\n|\n|t:|1774472020\n|switch|p1a: Raging Bolt|Raging Bolt, L50|100/100\n|turn|2\n|\n|t:|1774472032\n|move|p2a: Vangwe|Taunt|p1b: Lunala\n|-start|p1b: Lunala|move: Taunt\n|move|p2b: Beowulf|Surging Strikes|p1a: Raging Bolt\n|-resisted|p1a: Raging Bolt\n|-crit|p1a: Raging Bolt\n|-damage|p1a: Raging Bolt|81/100\n|-resisted|p1a: Raging Bolt\n|-crit|p1a: Raging Bolt\n|-damage|p1a: Raging Bolt|62/100\n|-resisted|p1a: Raging Bolt\n|-crit|p1a: Raging Bolt\n|-damage|p1a: Raging Bolt|42/100\n|-hitcount|p1a: Raging Bolt|3\n|move|p1a: Raging Bolt|Snarl|p2a: Vangwe|[spread] p2a,p2b\n|-supereffective|p2b: Beowulf\n|-damage|p2a: Vangwe|2/100\n|-damage|p2b: Beowulf|50/100\n|-unboost|p2b: Beowulf|spa|1\n|cant|p1b: Lunala|move: Taunt|Trick Room\n|\n|-weather|RainDance|[upkeep]\n|upkeep\n|turn|3\n|inactive|Mirthinion has 30 seconds left.\n|inactive|Mirthinion has 20 seconds left.\n|\n|t:|1774472067\n|switch|p1b: Smeargle|Smeargle, L50, F|100/100\n|move|p1a: Raging Bolt|Thunderclap|p2b: Beowulf\n|-damage|p2b: Beowulf|0 fnt\n|faint|p2b: Beowulf\n|move|p2a: Vangwe|Bleakwind Storm|p1b: Smeargle|[spread] p1a,p1b\n|-resisted|p1a: Raging Bolt\n|-damage|p1a: Raging Bolt|32/100\n|-damage|p1b: Smeargle|16/100\n|-unboost|p1b: Smeargle|spe|1\n|\n|-weather|RainDance|[upkeep]\n|-ability|p1b: Smeargle|Moody|boost\n|-boost|p1b: Smeargle|spa|2\n|-unboost|p1b: Smeargle|atk|1\n|upkeep\n|\n|t:|1774472083\n|switch|p2b: Drambor|Zamazenta-Crowned, L50|100/100\n|-ability|p2b: Drambor|Dauntless Shield|boost\n|-boost|p2b: Drambor|def|1\n|turn|4\n|\n|t:|1774472108\n|move|p1b: Smeargle|Fake Out|p2a: Vangwe\n|-damage|p2a: Vangwe|0 fnt\n|faint|p2a: Vangwe\n|move|p2b: Drambor|Body Press|p1a: Raging Bolt\n|-damage|p1a: Raging Bolt|0 fnt\n|faint|p1a: Raging Bolt\n|-end|p1a: Raging Bolt|Protosynthesis|[silent]\n|\n|-weather|RainDance|[upkeep]\n|-ability|p1b: Smeargle|Moody|boost\n|-boost|p1b: Smeargle|spe|2\n|-unboost|p1b: Smeargle|atk|1\n|upkeep\n|\n|t:|1774472118\n|switch|p2a: Mithrandir|Calyrex-Shadow, L50|100/100\n|switch|p1a: Lunala|Lunala, L50|100/100\n|-ability|p2a: Mithrandir|As One\n|-ability|p2a: Mithrandir|Unnerve\n|turn|5\n|\n|t:|1774472134\n|-terastallize|p1b: Smeargle|Ghost\n|move|p1a: Lunala|Wide Guard|p1a: Lunala\n|-singleturn|p1a: Lunala|Wide Guard\n|move|p2a: Mithrandir|Pollen Puff|p1b: Smeargle\n|-resisted|p1b: Smeargle\n|-damage|p1b: Smeargle|0 fnt\n|faint|p1b: Smeargle\n|-ability|p2a: Mithrandir|Grim Neigh|boost\n|-boost|p2a: Mithrandir|spa|1\n|move|p2b: Drambor|Behemoth Bash|p1a: Lunala\n|-damage|p1a: Lunala|86/100\n|\n|-weather|none\n|upkeep\n|turn|6\n|c|\u2606OPZorua|gg\n|-message|OPZorua forfeited.\n|\n|win|Mirthinion\n|raw|OPZorua's rating: 1440 &rarr; <strong>1419</strong><br />(-21 for losing)\n|raw|Mirthinion's rating: 1423 &rarr; <strong>1444</strong><br />(+21 for winning)\n|l|\u2606OPZorua\n|player|p1|\n|c|\u2606Mirthinion|gg\n","uploadtime":1774472149,"views":61,"formatid":"gen9vgc2026regi","rating":1419,"private":0,"password":null}