{"id":"gen9vgc2026regi-2539697141","format":"[Gen 9] VGC 2026 Reg I","players":["SEITA","erikm76"],"log":"|j|\u2606SEITA\n|j|\u2606erikm76\n|t:|1771097802\n|gametype|doubles\n|player|p1|SEITA|lucas-gen4pt|1281\n|player|p2|erikm76|n|1308\n|gen|9\n|tier|[Gen 9] VGC 2026 Reg I\n|rated|\n|rule|Species Clause: Limit one of each Pok\u00e9mon\n|rule|Item Clause: Limit 1 of each item\n|clearpoke\n|poke|p1|Zamazenta-*, L50|\n|poke|p1|Kyogre, L50|\n|poke|p1|Wo-Chien, L50|\n|poke|p1|Grimmsnarl, L50, M|\n|poke|p1|Landorus, L50, M|\n|poke|p1|Ditto, L50|\n|poke|p2|Slither Wing, L50|\n|poke|p2|Koraidon, L50|\n|poke|p2|Incineroar, L50, F|\n|poke|p2|Flutter Mane, L50|\n|poke|p2|Amoonguss, L50, F|\n|poke|p2|Whimsicott, L50, M|\n|teampreview|4\n|\n|t:|1771097826\n|teamsize|p1|4\n|teamsize|p2|4\n|start\n|switch|p1a: Grimmsnarl|Grimmsnarl, L50, M|100/100\n|switch|p1b: Zamazenta|Zamazenta-Crowned, L50|100/100\n|switch|p2a: Nuke kile|Slither Wing, L50, shiny|100/100\n|switch|p2b: Whimsicott|Whimsicott, L50, M|100/100\n|-ability|p1b: Zamazenta|Dauntless Shield|boost\n|-boost|p1b: Zamazenta|def|1\n|turn|1\n|\n|t:|1771097849\n|move|p2b: Whimsicott|Protect|p2b: Whimsicott\n|-singleturn|p2b: Whimsicott|Protect\n|move|p1a: Grimmsnarl|Reflect|p1a: Grimmsnarl\n|-sidestart|p1: SEITA|Reflect\n|move|p1b: Zamazenta|Behemoth Bash|p2b: Whimsicott\n|-activate|p2b: Whimsicott|move: Protect\n|move|p2a: Nuke kile|U-turn|p1a: Grimmsnarl\n|-damage|p1a: Grimmsnarl|64/100\n|\n|t:|1771097862\n|-end|p2a: Nuke kile|Protosynthesis|[silent]\n|switch|p2a: Koraidon|Koraidon, L50|100/100|[from] U-turn\n|-weather|SunnyDay|[from] ability: Orichalcum Pulse|[of] p2a: Koraidon\n|-activate|p2a: Koraidon|Orichalcum Pulse|[source]\n|\n|-weather|SunnyDay|[upkeep]\n|upkeep\n|turn|2\n|\n|t:|1771097878\n|-terastallize|p2a: Koraidon|Fire\n|move|p1a: Grimmsnarl|Parting Shot|p2b: Whimsicott\n|-unboost|p2b: Whimsicott|atk|1\n|-unboost|p2b: Whimsicott|spa|1\n|\n|t:|1771097883\n|switch|p1a: Kyogre|Kyogre, L50|100/100|[from] Parting Shot\n|-weather|RainDance|[from] ability: Drizzle|[of] p1a: Kyogre\n|move|p2a: Koraidon|Flare Blitz|p1b: Zamazenta\n|-supereffective|p1b: Zamazenta\n|-damage|p1b: Zamazenta|77/100\n|-damage|p2a: Koraidon|91/100|[from] Recoil\n|-damage|p2a: Koraidon|82/100|[from] item: Life Orb\n|move|p2b: Whimsicott|Moonblast|p1a: Kyogre\n|-damage|p1a: Kyogre|87/100\n|move|p1b: Zamazenta|Body Press|p2a: Koraidon\n|-damage|p2a: Koraidon|21/100\n|\n|-weather|RainDance|[upkeep]\n|-heal|p1a: Kyogre|93/100|[from] item: Leftovers\n|upkeep\n|turn|3\n|\n|t:|1771097911\n|move|p2a: Koraidon|Protect|p2a: Koraidon\n|-singleturn|p2a: Koraidon|Protect\n|move|p2b: Whimsicott|Tailwind|p2b: Whimsicott\n|-sidestart|p2: erikm76|move: Tailwind\n|move|p1b: Zamazenta|Behemoth Bash|p2b: Whimsicott\n|-supereffective|p2b: Whimsicott\n|-damage|p2b: Whimsicott|0 fnt\n|faint|p2b: Whimsicott\n|move|p1a: Kyogre|Origin Pulse|p2a: Koraidon\n|-activate|p2a: Koraidon|move: Protect\n|\n|-weather|RainDance|[upkeep]\n|-heal|p1a: Kyogre|99/100|[from] item: Leftovers\n|upkeep\n|\n|t:|1771097927\n|switch|p2b: Nuke kile|Slither Wing, L50, shiny|100/100\n|turn|4\n|\n|t:|1771097932\n|switch|p2a: Flutter Mane|Flutter Mane, L50, shiny|100/100\n|move|p1b: Zamazenta|Protect|p1b: Zamazenta\n|-singleturn|p1b: Zamazenta|Protect\n|move|p1a: Kyogre|Protect|p1a: Kyogre\n|-singleturn|p1a: Kyogre|Protect\n|move|p2b: Nuke kile|First Impression|p1a: Kyogre\n|-activate|p1a: Kyogre|move: Protect\n|\n|-weather|RainDance|[upkeep]\n|-heal|p1a: Kyogre|100/100|[from] item: Leftovers\n|upkeep\n|turn|5\n|\n|t:|1771097953\n|-end|p2b: Nuke kile|Protosynthesis|[silent]\n|switch|p2b: Koraidon|Koraidon, L50, tera:Fire|21/100\n|-weather|SunnyDay|[from] ability: Orichalcum Pulse|[of] p2b: Koraidon\n|-activate|p2a: Flutter Mane|ability: Protosynthesis\n|-start|p2a: Flutter Mane|protosynthesisspe\n|-activate|p2b: Koraidon|Orichalcum Pulse|[source]\n|move|p2a: Flutter Mane|Protect|p2a: Flutter Mane\n|-singleturn|p2a: Flutter Mane|Protect\n|move|p1b: Zamazenta|Behemoth Bash|p2a: Flutter Mane\n|-activate|p2a: Flutter Mane|move: Protect\n|move|p1a: Kyogre|Origin Pulse|p2b: Koraidon|[spread] p2b\n|-activate|p2a: Flutter Mane|move: Protect\n|-supereffective|p2b: Koraidon\n|-damage|p2b: Koraidon|0 fnt\n|faint|p2b: Koraidon\n|\n|-weather|SunnyDay|[upkeep]\n|upkeep\n|\n|t:|1771097967\n|switch|p2b: Nuke kile|Slither Wing, L50, shiny|100/100\n|-activate|p2b: Nuke kile|ability: Protosynthesis\n|-start|p2b: Nuke kile|protosynthesisatk\n|turn|6\n|\n|t:|1771097994\n|switch|p1a: Grimmsnarl|Grimmsnarl, L50, M|64/100\n|move|p2a: Flutter Mane|Protect||[still]\n|-fail|p2a: Flutter Mane\n|move|p1b: Zamazenta|Protect|p1b: Zamazenta\n|-singleturn|p1b: Zamazenta|Protect\n|move|p2b: Nuke kile|Flare Blitz|p1b: Zamazenta\n|-activate|p1b: Zamazenta|move: Protect\n|\n|-weather|SunnyDay|[upkeep]\n|-sideend|p2: erikm76|move: Tailwind\n|upkeep\n|turn|7\n|\n|t:|1771098017\n|move|p1a: Grimmsnarl|Parting Shot|p2b: Nuke kile\n|-unboost|p2b: Nuke kile|atk|1\n|-unboost|p2b: Nuke kile|spa|1\n|\n|t:|1771098021\n|switch|p1a: Kyogre|Kyogre, L50|100/100|[from] Parting Shot\n|-weather|RainDance|[from] ability: Drizzle|[of] p1a: Kyogre\n|-end|p2a: Flutter Mane|Protosynthesis\n|-end|p2b: Nuke kile|Protosynthesis\n|move|p2a: Flutter Mane|Icy Wind|p1b: Zamazenta|[spread] p1a,p1b\n|-resisted|p1a: Kyogre\n|-resisted|p1b: Zamazenta\n|-damage|p1a: Kyogre|96/100\n|-damage|p1b: Zamazenta|72/100\n|-unboost|p1a: Kyogre|spe|1\n|-unboost|p1b: Zamazenta|spe|1\n|move|p2b: Nuke kile|Flare Blitz|p1b: Zamazenta\n|-supereffective|p1b: Zamazenta\n|-damage|p1b: Zamazenta|59/100\n|-damage|p2b: Nuke kile|96/100|[from] Recoil\n|move|p1b: Zamazenta|Behemoth Bash|p2a: Flutter Mane\n|-supereffective|p2a: Flutter Mane\n|-enditem|p2a: Flutter Mane|Focus Sash\n|-damage|p2a: Flutter Mane|1/100\n|\n|-weather|RainDance|[upkeep]\n|-heal|p1a: Kyogre|100/100|[from] item: Leftovers\n|upkeep\n|turn|8\n|-message|erikm76 forfeited.\n|\n|win|SEITA\n|raw|SEITA's rating: 1281 &rarr; <strong>1308</strong><br />(+27 for winning)\n|raw|erikm76's rating: 1308 &rarr; <strong>1286</strong><br />(-22 for losing)\n|l|\u2606erikm76\n|player|p2|\n|l|\u2606SEITA\n|player|p1|\n","uploadtime":1771098280,"views":24,"formatid":"gen9vgc2026regi","rating":1286,"private":0,"password":null}