{"id":"gen9vgc2026regi-2579209417","format":"[Gen 9] VGC 2026 Reg I","players":["uhh daneooo","novikuh"],"log":"|j|\u2606uhh daneooo\n|j|\u2606novikuh\n|t:|1775760709\n|gametype|doubles\n|player|p1|uhh daneooo|2|1522\n|player|p2|novikuh|266|1466\n|gen|9\n|tier|[Gen 9] VGC 2026 Reg I\n|rated|\n|rule|Species Clause: Limit one of each Pok\u00e9mon\n|rule|Item Clause: Limit 1 of each item\n|clearpoke\n|poke|p1|Grafaiai, L50, F|\n|poke|p1|Miraidon, L50|\n|poke|p1|Tornadus, L50, M|\n|poke|p1|Kyogre, L50|\n|poke|p1|Iron Treads, L50|\n|poke|p1|Flutter Mane, L50|\n|poke|p2|Urshifu-*, L50, M|\n|poke|p2|Landorus, L50, M|\n|poke|p2|Amoonguss, L50, F|\n|poke|p2|Tornadus, L50, M|\n|poke|p2|Kyogre, L50|\n|poke|p2|Calyrex-Ice, L50|\n|teampreview|4\n|inactive|Battle timer is ON: inactive players will automatically lose when time's up. (requested by uhh daneooo)\n|inactive|novikuh has 60 seconds left.\n|\n|t:|1775760754\n|teamsize|p1|4\n|teamsize|p2|4\n|start\n|switch|p1a: Miraidon|Miraidon, L50|100/100\n|switch|p1b: Grafaiai|Grafaiai, L50, F|100/100\n|switch|p2a: Tornadus|Tornadus, L50, M|100/100\n|switch|p2b: Landorus|Landorus, L50, M|100/100\n|-fieldstart|move: Electric Terrain|[from] ability: Hadron Engine|[of] p1a: Miraidon\n|-enditem|p1b: Grafaiai|Electric Seed\n|-boost|p1b: Grafaiai|def|1|[from] item: Electric Seed\n|turn|1\n|\n|t:|1775760768\n|move|p1a: Miraidon|Protect|p1a: Miraidon\n|-singleturn|p1a: Miraidon|Protect\n|move|p2a: Tornadus|Rain Dance|p2a: Tornadus\n|-weather|RainDance\n|move|p1b: Grafaiai|Scary Face|p2b: Landorus\n|-unboost|p2b: Landorus|spe|2\n|move|p2b: Landorus|Sandsear Storm|p1a: Miraidon|[spread] p1b\n|-activate|p1a: Miraidon|move: Protect\n|-supereffective|p1b: Grafaiai\n|-damage|p1b: Grafaiai|0 fnt\n|faint|p1b: Grafaiai\n|\n|-weather|RainDance|[upkeep]\n|upkeep\n|\n|t:|1775760779\n|switch|p1b: Kyogre|Kyogre, L50|100/100\n|turn|2\n|\n|t:|1775760796\n|move|p2b: Landorus|Protect|p2b: Landorus\n|-singleturn|p2b: Landorus|Protect\n|move|p1a: Miraidon|Electro Drift|p2a: Tornadus\n|-supereffective|p2a: Tornadus\n|-enditem|p2a: Tornadus|Focus Sash\n|-damage|p2a: Tornadus|1/100\n|move|p2a: Tornadus|Hurricane|p1b: Kyogre\n|-damage|p1b: Kyogre|62/100\n|-start|p1b: Kyogre|confusion\n|-activate|p1b: Kyogre|confusion\n|move|p1b: Kyogre|Water Spout|p2a: Tornadus|[spread] p2a\n|-activate|p2b: Landorus|move: Protect\n|-damage|p2a: Tornadus|0 fnt\n|faint|p2a: Tornadus\n|\n|-weather|RainDance|[upkeep]\n|upkeep\n|\n|t:|1775760809\n|switch|p2a: Urshifu|Urshifu-Rapid-Strike, L50, M|100/100\n|turn|3\n|c|\u2606uhh daneooo|brah\n|\n|t:|1775760834\n|switch|p2a: Amoonguss|Amoonguss, L50, F|100/100\n|-terastallize|p2b: Landorus|Water\n|move|p1a: Miraidon|Electro Drift|p2a: Amoonguss\n|-resisted|p2a: Amoonguss\n|-damage|p2a: Amoonguss|54/100\n|-damage|p1a: Miraidon|84/100|[from] item: Rocky Helmet|[of] p2a: Amoonguss\n|-activate|p1b: Kyogre|confusion\n|move|p1b: Kyogre|Water Spout|p2a: Amoonguss|[spread] p2a,p2b\n|-resisted|p2a: Amoonguss\n|-resisted|p2b: Landorus\n|-damage|p2a: Amoonguss|5/100\n|-damage|p2b: Landorus|49/100\n|move|p2b: Landorus|Sandsear Storm|p1b: Kyogre|[spread] p1a,p1b\n|-supereffective|p1a: Miraidon\n|-damage|p1a: Miraidon|0 fnt\n|-damage|p1b: Kyogre|24/100\n|faint|p1a: Miraidon\n|\n|-weather|RainDance|[upkeep]\n|upkeep\n|\n|t:|1775760847\n|switch|p1a: Flutter Mane|Flutter Mane, L50|100/100\n|-enditem|p1a: Flutter Mane|Booster Energy\n|-activate|p1a: Flutter Mane|ability: Protosynthesis|[fromitem]\n|-start|p1a: Flutter Mane|protosynthesisspe\n|turn|4\n|inactive|novikuh has 30 seconds left.\n|\n|t:|1775760881\n|-terastallize|p1a: Flutter Mane|Fairy\n|move|p2a: Amoonguss|Rage Powder|p2a: Amoonguss\n|-singleturn|p2a: Amoonguss|move: Rage Powder\n|move|p1a: Flutter Mane|Dazzling Gleam|p2b: Landorus|[spread] p2a,p2b\n|-resisted|p2a: Amoonguss\n|-damage|p2a: Amoonguss|0 fnt\n|-damage|p2b: Landorus|11/100\n|faint|p2a: Amoonguss\n|-activate|p1b: Kyogre|confusion\n|move|p1b: Kyogre|Water Spout|p2b: Landorus\n|-resisted|p2b: Landorus\n|-damage|p2b: Landorus|0 fnt\n|faint|p2b: Landorus\n|\n|-weather|RainDance|[upkeep]\n|upkeep\n|\n|t:|1775760888\n|switch|p2b: Urshifu|Urshifu-Rapid-Strike, L50, M|100/100\n|turn|5\n|\n|t:|1775760897\n|move|p1a: Flutter Mane|Moonblast|p2b: Urshifu\n|-supereffective|p2b: Urshifu\n|-damage|p2b: Urshifu|0 fnt\n|faint|p2b: Urshifu\n|\n|win|uhh daneooo\n|raw|uhh daneooo's rating: 1522 &rarr; <strong>1539</strong><br />(+17 for winning)\n|raw|novikuh's rating: 1466 &rarr; <strong>1449</strong><br />(-17 for losing)\n|l|\u2606uhh daneooo\n|player|p1|\n|l|\u2606novikuh\n|player|p2|\n","uploadtime":1775761089,"views":10,"formatid":"gen9vgc2026regi","rating":1449,"private":0,"password":null}