{"id":"gen9vgc2026regi-2562643741","format":"[Gen 9] VGC 2026 Reg I","players":["Mirthinion","MATheKiller93"],"log":"|j|\u2606Mirthinion\n|j|\u2606MATheKiller93\n|t:|1773937459\n|gametype|doubles\n|player|p1|Mirthinion|janitor|1325\n|player|p2|MATheKiller93|170|1189\n|gen|9\n|tier|[Gen 9] VGC 2026 Reg I\n|rated|\n|rule|Species Clause: Limit one of each Pok\u00e9mon\n|rule|Item Clause: Limit 1 of each item\n|clearpoke\n|poke|p1|Calyrex-Shadow, L50|\n|poke|p1|Zamazenta-*, L50|\n|poke|p1|Urshifu-*, L50, M|\n|poke|p1|Incineroar, L50, M|\n|poke|p1|Rillaboom, L50, M|\n|poke|p1|Tornadus, L50, M|\n|poke|p2|Zacian-*, L50|\n|poke|p2|Lunala, L50|\n|poke|p2|Rillaboom, L50, F|\n|poke|p2|Incineroar, L50, M|\n|poke|p2|Urshifu-*, L50, M|\n|poke|p2|Tornadus, L50, M|\n|teampreview|4\n|inactive|Battle timer is ON: inactive players will automatically lose when time's up. (requested by Mirthinion)\nMirthinion rejected open team sheets.\n|\n|t:|1773937493\n|teamsize|p1|4\n|teamsize|p2|4\n|start\n|switch|p1a: Vangwe|Tornadus, L50, M|100/100\n|switch|p1b: Mithrandir|Calyrex-Shadow, L50|100/100\n|switch|p2a: Lunala|Lunala, L50|100/100\n|switch|p2b: Tornadus|Tornadus, L50, M|100/100\n|-ability|p1b: Mithrandir|As One\n|-ability|p1b: Mithrandir|Unnerve\n|turn|1\n|inactive|Mirthinion has 30 seconds left.\n|inactive|MATheKiller93 has 30 seconds left.\n|inactive|Mirthinion has 20 seconds left.\n|\n|t:|1773937528\n|-terastallize|p1a: Vangwe|Steel\n|-terastallize|p2a: Lunala|Fairy\n|move|p2b: Tornadus|Tailwind|p2b: Tornadus\n|-sidestart|p2: MATheKiller93|move: Tailwind\n|move|p1a: Vangwe|Taunt|p2a: Lunala\n|-start|p2a: Lunala|move: Taunt\n|move|p2a: Lunala|Moongeist Beam|p1b: Mithrandir\n|-supereffective|p1b: Mithrandir\n|-enditem|p1b: Mithrandir|Focus Sash\n|-damage|p1b: Mithrandir|1/100\n|move|p1b: Mithrandir|Nasty Plot|p1b: Mithrandir\n|-boost|p1b: Mithrandir|spa|2\n|\n|upkeep\n|turn|2\n|inactive|MATheKiller93 has 30 seconds left.\n|\n|t:|1773937554\n|switch|p1a: Wolfgang|Incineroar, L50, M|100/100\n|-ability|p1a: Wolfgang|Intimidate|boost\n|-unboost|p2a: Lunala|atk|1\n|-unboost|p2b: Tornadus|atk|1\n|move|p1b: Mithrandir|Protect|p1b: Mithrandir\n|-singleturn|p1b: Mithrandir|Protect\n|move|p2b: Tornadus|Bleakwind Storm|p1a: Wolfgang|[spread] p1a\n|-activate|p1b: Mithrandir|move: Protect\n|-damage|p1a: Wolfgang|78/100\n|move|p2a: Lunala|Moongeist Beam|p1b: Mithrandir\n|-activate|p1b: Mithrandir|move: Protect\n|\n|upkeep\n|turn|3\n|\n|t:|1773937571\n|switch|p1b: Vangwe|Tornadus, L50, M, tera:Steel|100/100\n|move|p1a: Wolfgang|Fake Out|p2a: Lunala\n|-damage|p2a: Lunala|96/100\n|move|p2b: Tornadus|Rain Dance|p2b: Tornadus\n|-weather|RainDance\n|cant|p2a: Lunala|flinch\n|\n|-weather|RainDance|[upkeep]\n|-end|p2a: Lunala|move: Taunt\n|upkeep\n|turn|4\n|\n|t:|1773937586\n|move|p2a: Lunala|Wide Guard|p2a: Lunala\n|-singleturn|p2a: Lunala|Wide Guard\n|move|p2b: Tornadus|Bleakwind Storm|p1a: Wolfgang|[spread] p1a,p1b\n|-resisted|p1b: Vangwe\n|-damage|p1a: Wolfgang|57/100\n|-damage|p1b: Vangwe|86/100\n|move|p1b: Vangwe|Bleakwind Storm|p2a: Lunala|[spread] \n|-activate|p2a: Lunala|move: Wide Guard\n|-activate|p2b: Tornadus|move: Wide Guard\n|move|p1a: Wolfgang|Knock Off|p2b: Tornadus\n|-damage|p2b: Tornadus|64/100\n|-enditem|p2b: Tornadus|Covert Cloak|[from] move: Knock Off|[of] p1a: Wolfgang\n|\n|-weather|RainDance|[upkeep]\n|-sideend|p2: MATheKiller93|move: Tailwind\n|upkeep\n|turn|5\n|\n|t:|1773937616\n|move|p2b: Tornadus|Tailwind|p2b: Tornadus\n|-sidestart|p2: MATheKiller93|move: Tailwind\n|move|p1b: Vangwe|Tailwind|p1b: Vangwe\n|-sidestart|p1: Mirthinion|move: Tailwind\n|move|p2a: Lunala|Meteor Beam||[still]\n|-prepare|p2a: Lunala|Meteor Beam\n|-boost|p2a: Lunala|spa|1\n|-enditem|p2a: Lunala|Power Herb\n|-anim|p2a: Lunala|Meteor Beam|p1a: Wolfgang\n|-supereffective|p1a: Wolfgang\n|-damage|p1a: Wolfgang|0 fnt\n|faint|p1a: Wolfgang\n|\n|-weather|RainDance|[upkeep]\n|upkeep\n|\n|t:|1773937626\n|switch|p1a: Drambor|Zamazenta-Crowned, L50|100/100\n|-ability|p1a: Drambor|Dauntless Shield|boost\n|-boost|p1a: Drambor|def|1\n|turn|6\n|\n|t:|1773937638\n|move|p2a: Lunala|Protect|p2a: Lunala\n|-singleturn|p2a: Lunala|Protect\n|move|p1a: Drambor|Behemoth Bash|p2a: Lunala\n|-activate|p2a: Lunala|move: Protect\n|move|p2b: Tornadus|Bleakwind Storm|p1b: Vangwe|[spread] p1a,p1b\n|-resisted|p1b: Vangwe\n|-damage|p1a: Drambor|77/100\n|-damage|p1b: Vangwe|70/100\n|move|p1b: Vangwe|Bleakwind Storm|p2b: Tornadus|[spread] p2b\n|-activate|p2a: Lunala|move: Protect\n|-damage|p2b: Tornadus|24/100\n|\n|-weather|RainDance|[upkeep]\n|upkeep\n|turn|7\n|inactive|MATheKiller93 has 30 seconds left.\n|\n|t:|1773937664\n|switch|p2a: Urshifu|Urshifu-Rapid-Strike, L50, M|100/100\n|move|p2b: Tornadus|Protect|p2b: Tornadus\n|-singleturn|p2b: Tornadus|Protect\n|move|p1a: Drambor|Behemoth Bash|p2a: Urshifu\n|-resisted|p2a: Urshifu\n|-damage|p2a: Urshifu|80/100\n|move|p1b: Vangwe|Bleakwind Storm|p2a: Urshifu|[spread] p2a\n|-activate|p2b: Tornadus|move: Protect\n|-supereffective|p2a: Urshifu\n|-damage|p2a: Urshifu|0 fnt\n|faint|p2a: Urshifu\n|\n|-weather|none\n|upkeep\n|\n|t:|1773937686\n|switch|p2a: Zacian|Zacian-Crowned, L50|100/100\n|-ability|p2a: Zacian|Intrepid Sword|boost\n|-boost|p2a: Zacian|atk|1\n|turn|8\n|\n|t:|1773937702\n|move|p1b: Vangwe|Taunt|p2b: Tornadus\n|-start|p2b: Tornadus|move: Taunt\n|move|p2a: Zacian|Sacred Sword|p1a: Drambor\n|-supereffective|p1a: Drambor\n|-damage|p1a: Drambor|7/100\n|move|p1a: Drambor|Body Press|p2a: Zacian\n|-crit|p2a: Zacian\n|-damage|p2a: Zacian|19/100\n|move|p2b: Tornadus|Bleakwind Storm|p1a: Drambor|[spread] p1b\n|-miss|p2b: Tornadus|p1a: Drambor\n|-resisted|p1b: Vangwe\n|-damage|p1b: Vangwe|54/100\n|\n|-sideend|p1: Mirthinion|move: Tailwind\n|-sideend|p2: MATheKiller93|move: Tailwind\n|upkeep\n|turn|9\n|inactive|MATheKiller93 has 30 seconds left.\n|\n|t:|1773937729\n|move|p2a: Zacian|Protect|p2a: Zacian\n|-singleturn|p2a: Zacian|Protect\n|move|p1b: Vangwe|Tailwind|p1b: Vangwe\n|-sidestart|p1: Mirthinion|move: Tailwind\n|move|p1a: Drambor|Behemoth Bash|p2b: Tornadus\n|-crit|p2b: Tornadus\n|-damage|p2b: Tornadus|0 fnt\n|faint|p2b: Tornadus\n|\n|upkeep\n|\n|t:|1773937738\n|switch|p2b: Lunala|Lunala, L50, tera:Fairy|96/100\n|turn|10\n|\n|t:|1773937757\n|move|p1b: Vangwe|Taunt|p2b: Lunala\n|-start|p2b: Lunala|move: Taunt\n|move|p1a: Drambor|Body Press|p2a: Zacian\n|-damage|p2a: Zacian|0 fnt\n|faint|p2a: Zacian\n|move|p2b: Lunala|Moongeist Beam|p1a: Drambor\n|-damage|p1a: Drambor|0 fnt\n|faint|p1a: Drambor\n|\n|upkeep\n|\n|t:|1773937767\n|switch|p1a: Mithrandir|Calyrex-Shadow, L50|1/100\n|-ability|p1a: Mithrandir|As One\n|-ability|p1a: Mithrandir|Unnerve\n|turn|11\n|c|\u2606MATheKiller93|ggs\n|\n|t:|1773937789\n|move|p1a: Mithrandir|Astral Barrage|p2b: Lunala\n|-damage|p2b: Lunala|50/100\n|move|p1b: Vangwe|Bleakwind Storm|p2b: Lunala\n|-damage|p2b: Lunala|14/100\n|-unboost|p2b: Lunala|spe|1\n|move|p2b: Lunala|Moongeist Beam|p1a: Mithrandir\n|-supereffective|p1a: Mithrandir\n|-damage|p1a: Mithrandir|0 fnt\n|faint|p1a: Mithrandir\n|\n|upkeep\n|turn|12\n|\n|t:|1773937805\n|move|p1b: Vangwe|Bleakwind Storm|p2b: Lunala|[miss]\n|-miss|p1b: Vangwe|p2b: Lunala\n|move|p2b: Lunala|Moongeist Beam|p1b: Vangwe\n|-crit|p1b: Vangwe\n|-damage|p1b: Vangwe|0 fnt\n|faint|p1b: Vangwe\n|\n|win|MATheKiller93\n|raw|Mirthinion's rating: 1325 &rarr; <strong>1298</strong><br />(-27 for losing)\n|raw|MATheKiller93's rating: 1189 &rarr; <strong>1223</strong><br />(+34 for winning)\n|c|\u2606Mirthinion|gg\n","uploadtime":1773937821,"views":79,"formatid":"gen9vgc2026regi","rating":1223,"private":0,"password":null}