{"id":"gen9vgc2026regi-2581747866","format":"[Gen 9] VGC 2026 Reg I","players":["HelloPathfinder","Praguesheevp"],"log":"|j|\u2606HelloPathfinder\n|j|\u2606Praguesheevp\n|t:|1776025339\n|gametype|doubles\n|player|p1|HelloPathfinder|169|1379\n|player|p2|Praguesheevp|170|1462\n|gen|9\n|tier|[Gen 9] VGC 2026 Reg I\n|rated|\n|rule|Species Clause: Limit one of each Pok\u00e9mon\n|rule|Item Clause: Limit 1 of each item\n|clearpoke\n|poke|p1|Calyrex-Shadow, L50|\n|poke|p1|Rillaboom, L50, F|\n|poke|p1|Zamazenta-*, L50|\n|poke|p1|Whimsicott, L50, M|\n|poke|p1|Incineroar, L50, M|\n|poke|p1|Clefairy, L50, F|\n|poke|p2|Calyrex-Ice, L50|\n|poke|p2|Kyogre, L50|\n|poke|p2|Smeargle, L50, F|\n|poke|p2|Roaring Moon, L50|\n|poke|p2|Landorus, L50, M|\n|poke|p2|Ogerpon-Cornerstone, L50, F|\n|teampreview|4\n|inactive|Battle timer is ON: inactive players will automatically lose when time's up. (requested by HelloPathfinder)\n|inactive|Praguesheevp has 60 seconds left.\n|\n|t:|1776025380\n|teamsize|p1|4\n|teamsize|p2|4\n|start\n|switch|p1a: Whimsicott|Whimsicott, L50, M|100/100\n|switch|p1b: Calyrex|Calyrex-Shadow, L50|100/100\n|switch|p2a: Landorus|Landorus, L50, M|100/100\n|switch|p2b: Smeargle|Smeargle, L50, F|100/100\n|-ability|p1b: Calyrex|As One\n|-ability|p1b: Calyrex|Unnerve\n|turn|1\n|inactive|HelloPathfinder has 30 seconds left.\n|\n|t:|1776025406\n|move|p1b: Calyrex|Draining Kiss|p2b: Smeargle\n|-damage|p2b: Smeargle|56/100\n|move|p1a: Whimsicott|Moonblast|p2b: Smeargle\n|-damage|p2b: Smeargle|0 fnt\n|faint|p2b: Smeargle\n|move|p2a: Landorus|Sludge Bomb|p1a: Whimsicott\n|-supereffective|p1a: Whimsicott\n|-damage|p1a: Whimsicott|0 fnt\n|faint|p1a: Whimsicott\n|\n|upkeep\n|\n|t:|1776025416\n|switch|p1a: Incineroar|Incineroar, L50, M|100/100\n|switch|p2b: Roaring Moon|Roaring Moon, L50|100/100\n|-ability|p1a: Incineroar|Intimidate|boost\n|-unboost|p2a: Landorus|atk|1\n|-unboost|p2b: Roaring Moon|atk|1\n|-enditem|p2b: Roaring Moon|Booster Energy\n|-activate|p2b: Roaring Moon|ability: Protosynthesis|[fromitem]\n|-start|p2b: Roaring Moon|protosynthesisspe\n|turn|2\n|\n|t:|1776025426\n|-terastallize|p1b: Calyrex|Fairy\n|move|p2b: Roaring Moon|Protect|p2b: Roaring Moon\n|-singleturn|p2b: Roaring Moon|Protect\n|move|p1a: Incineroar|Fake Out|p2a: Landorus\n|-damage|p2a: Landorus|90/100\n|move|p1b: Calyrex|Calm Mind|p1b: Calyrex\n|-boost|p1b: Calyrex|spa|1\n|-boost|p1b: Calyrex|spd|1\n|cant|p2a: Landorus|flinch\n|\n|upkeep\n|turn|3\n|inactive|HelloPathfinder has 30 seconds left.\n|inactive|HelloPathfinder has 20 seconds left.\n|\n|t:|1776025463\n|move|p1b: Calyrex|Protect|p1b: Calyrex\n|-singleturn|p1b: Calyrex|Protect\n|move|p2b: Roaring Moon|Tailwind|p2b: Roaring Moon\n|-sidestart|p2: Praguesheevp|move: Tailwind\n|move|p2a: Landorus|Sandsear Storm|p1b: Calyrex|[spread] p1a\n|-activate|p1b: Calyrex|move: Protect\n|-supereffective|p1a: Incineroar\n|-damage|p1a: Incineroar|0 fnt\n|faint|p1a: Incineroar\n|\n|upkeep\n|\n|t:|1776025472\n|switch|p1a: Zamazenta|Zamazenta-Crowned, L50|100/100\n|-ability|p1a: Zamazenta|Dauntless Shield|boost\n|-boost|p1a: Zamazenta|def|1\n|turn|4\n|\n|t:|1776025478\n|-terastallize|p2b: Roaring Moon|Flying\n|move|p2b: Roaring Moon|Acrobatics|p1b: Calyrex\n|-damage|p1b: Calyrex|63/100\n|move|p2a: Landorus|Sludge Bomb|p1b: Calyrex\n|-supereffective|p1b: Calyrex\n|-damage|p1b: Calyrex|0 fnt\n|faint|p1b: Calyrex\n|move|p1a: Zamazenta|Body Press|p2b: Roaring Moon\n|-resisted|p2b: Roaring Moon\n|-damage|p2b: Roaring Moon|58/100\n|\n|upkeep\n|turn|5\n|\n|t:|1776025490\n|move|p1a: Zamazenta|Protect|p1a: Zamazenta\n|-singleturn|p1a: Zamazenta|Protect\n|move|p2b: Roaring Moon|Acrobatics|p1a: Zamazenta\n|-activate|p1a: Zamazenta|move: Protect\n|move|p2a: Landorus|Earth Power|p1a: Zamazenta\n|-activate|p1a: Zamazenta|move: Protect\n|\n|upkeep\n|turn|6\n|\n|t:|1776025494\n|move|p2b: Roaring Moon|Acrobatics|p1a: Zamazenta\n|-crit|p1a: Zamazenta\n|-damage|p1a: Zamazenta|54/100\n|move|p2a: Landorus|Earth Power|p1a: Zamazenta\n|-supereffective|p1a: Zamazenta\n|-crit|p1a: Zamazenta\n|-damage|p1a: Zamazenta|0 fnt\n|faint|p1a: Zamazenta\n|\n|win|Praguesheevp\n|raw|HelloPathfinder's rating: 1379 &rarr; <strong>1364</strong><br />(-15 for losing)\n|raw|Praguesheevp's rating: 1462 &rarr; <strong>1477</strong><br />(+15 for winning)\n|l|\u2606HelloPathfinder\n|player|p1|\n|l|\u2606Praguesheevp\n|player|p2|\n","uploadtime":1776025697,"views":10,"formatid":"gen9vgc2026regi","rating":1364,"private":0,"password":null}