{"id":"gen9vgc2026regi-2564507676","format":"[Gen 9] VGC 2026 Reg I","players":["Luxerna","aghostdf"],"log":"|j|\u2606Luxerna\n|j|\u2606aghostdf\n|t:|1774154713\n|gametype|doubles\n|player|p1|Luxerna|dawn-gen4pt|1189\n|player|p2|aghostdf|102|1139\n|gen|9\n|tier|[Gen 9] VGC 2026 Reg I\n|rated|\n|rule|Species Clause: Limit one of each Pok\u00e9mon\n|rule|Item Clause: Limit 1 of each item\n|clearpoke\n|poke|p1|Kyogre, L50|\n|poke|p1|Calyrex-Ice, L50|\n|poke|p1|Incineroar, L50, F|\n|poke|p1|Iron Jugulis, L50|\n|poke|p1|Amoonguss, L50, F|\n|poke|p1|Landorus, L50, M|\n|poke|p2|Zamazenta-*, L50|\n|poke|p2|Iron Hands, L50|\n|poke|p2|Excadrill, L50, F|\n|poke|p2|Miraidon, L50|\n|poke|p2|Archaludon, L50, M|\n|poke|p2|Raging Bolt, L50|\n|teampreview|4\n|\n|t:|1774154731\n|teamsize|p1|4\n|teamsize|p2|4\n|start\n|switch|p1a: Iron Jugulis|Iron Jugulis, L50|100/100\n|switch|p1b: Kyogre|Kyogre, L50|100/100\n|switch|p2a: Archaludon|Archaludon, L50, M|100/100\n|switch|p2b: Miraidon|Miraidon, L50|100/100\n|-fieldstart|move: Electric Terrain|[from] ability: Hadron Engine|[of] p2b: Miraidon\n|-activate|p1a: Iron Jugulis|ability: Quark Drive\n|-start|p1a: Iron Jugulis|quarkdrivespe\n|-weather|RainDance|[from] ability: Drizzle|[of] p1b: Kyogre\n|turn|1\n|\n|t:|1774154752\n|-terastallize|p1b: Kyogre|Grass\n|move|p1a: Iron Jugulis|Tailwind|p1a: Iron Jugulis\n|-sidestart|p1: Luxerna|move: Tailwind\n|move|p1b: Kyogre|Water Spout|p2a: Archaludon|[spread] p2a,p2b\n|-resisted|p2a: Archaludon\n|-resisted|p2b: Miraidon\n|-damage|p2a: Archaludon|37/100\n|-damage|p2b: Miraidon|46/100\n|-ability|p2a: Archaludon|Stamina|boost\n|-boost|p2a: Archaludon|def|1\n|move|p2b: Miraidon|Volt Switch|p1b: Kyogre\n|-resisted|p1b: Kyogre\n|-damage|p1b: Kyogre|64/100\n|\n|t:|1774154767\n|switch|p2b: Iron Hands|Iron Hands, L50|100/100|[from] Volt Switch\n|-activate|p2b: Iron Hands|ability: Quark Drive\n|-start|p2b: Iron Hands|quarkdriveatk\n|move|p2a: Archaludon|Light Screen|p2a: Archaludon\n|-sidestart|p2: aghostdf|move: Light Screen\n|\n|-weather|RainDance|[upkeep]\n|upkeep\n|turn|2\n|\n|t:|1774154783\n|move|p2b: Iron Hands|Fake Out|p1b: Kyogre\n|-damage|p1b: Kyogre|44/100\n|move|p1a: Iron Jugulis|Hurricane|p2b: Iron Hands\n|-damage|p2b: Iron Hands|75/100\n|-start|p2b: Iron Hands|confusion\n|cant|p1b: Kyogre|flinch\n|move|p2a: Archaludon|Electro Shot||[still]\n|-prepare|p2a: Archaludon|Electro Shot\n|-boost|p2a: Archaludon|spa|1\n|-anim|p2a: Archaludon|Electro Shot|p1a: Iron Jugulis\n|-supereffective|p1a: Iron Jugulis\n|-damage|p1a: Iron Jugulis|0 fnt\n|faint|p1a: Iron Jugulis\n|-end|p1a: Iron Jugulis|Quark Drive|[silent]\n|\n|-weather|RainDance|[upkeep]\n|upkeep\n|\n|t:|1774154792\n|switch|p1a: Landorus|Landorus, L50, M|100/100\n|turn|3\n|\n|t:|1774154828\n|move|p1a: Landorus|Sandsear Storm|p2b: Iron Hands|[spread] p2a,p2b\n|-supereffective|p2a: Archaludon\n|-supereffective|p2b: Iron Hands\n|-damage|p2a: Archaludon|0 fnt\n|-damage|p2b: Iron Hands|23/100\n|faint|p2a: Archaludon\n|move|p1b: Kyogre|Origin Pulse|p2b: Iron Hands\n|-damage|p2b: Iron Hands|0 fnt\n|faint|p2b: Iron Hands\n|-end|p2b: Iron Hands|Quark Drive|[silent]\n|\n|-weather|RainDance|[upkeep]\n|upkeep\n|\n|t:|1774154840\n|switch|p2a: Miraidon|Miraidon, L50|46/100\n|switch|p2b: Raging Bolt|Raging Bolt, L50|100/100\n|-activate|p2a: Miraidon|ability: Hadron Engine\n|turn|4\n|\n|t:|1774154854\n|-terastallize|p2a: Miraidon|Fairy\n|move|p1a: Landorus|Sandsear Storm|p2b: Raging Bolt|[spread] p2a,p2b\n|-supereffective|p2b: Raging Bolt\n|-damage|p2a: Miraidon|10/100\n|-damage|p2b: Raging Bolt|54/100\n|move|p1b: Kyogre|Origin Pulse|p2a: Miraidon|[spread] p2a,p2b\n|-resisted|p2b: Raging Bolt\n|-damage|p2a: Miraidon|0 fnt\n|-damage|p2b: Raging Bolt|37/100\n|faint|p2a: Miraidon\n|move|p2b: Raging Bolt|Snarl|p1a: Landorus|[spread] p1a,p1b\n|-damage|p1a: Landorus|81/100\n|-damage|p1b: Kyogre|33/100\n|-unboost|p1a: Landorus|spa|1\n|-unboost|p1b: Kyogre|spa|1\n|\n|-weather|RainDance|[upkeep]\n|-sideend|p1: Luxerna|move: Tailwind\n|upkeep\n|turn|5\n|\n|t:|1774154875\n|move|p1a: Landorus|Protect|p1a: Landorus\n|-singleturn|p1a: Landorus|Protect\n|move|p1b: Kyogre|Protect|p1b: Kyogre\n|-singleturn|p1b: Kyogre|Protect\n|move|p2b: Raging Bolt|Snarl|p1a: Landorus|[spread] \n|-activate|p1a: Landorus|move: Protect\n|-activate|p1b: Kyogre|move: Protect\n|\n|-weather|none\n|-sideend|p2: aghostdf|move: Light Screen\n|-fieldend|move: Electric Terrain\n|upkeep\n|turn|6\n|\n|t:|1774154880\n|switch|p1b: Incineroar|Incineroar, L50, F|100/100\n|-ability|p1b: Incineroar|Intimidate|boost\n|-unboost|p2b: Raging Bolt|atk|1\n|move|p1a: Landorus|Earth Power|p2b: Raging Bolt\n|-supereffective|p2b: Raging Bolt\n|-damage|p2b: Raging Bolt|0 fnt\n|faint|p2b: Raging Bolt\n|-end|p2b: Raging Bolt|Protosynthesis|[silent]\n|\n|win|Luxerna\n|raw|Luxerna's rating: 1189 &rarr; <strong>1210</strong><br />(+21 for winning)\n|raw|aghostdf's rating: 1139 &rarr; <strong>1118</strong><br />(-21 for losing)\n|l|\u2606aghostdf\n|player|p2|\n|l|\u2606Luxerna\n|player|p1|\n","uploadtime":1774155225,"views":6,"formatid":"gen9vgc2026regi","rating":1118,"private":0,"password":null}