{"id":"gen9vgc2026regi-2521655708","format":"[Gen 9] VGC 2026 Reg I","players":["yaochangzhe","Stinky58"],"log":"|j|\u2606yaochangzhe\n|j|\u2606Stinky58\n|t:|1768802315\n|gametype|doubles\n|player|p1|yaochangzhe|1|1292\n|player|p2|Stinky58|266|1347\n|gen|9\n|tier|[Gen 9] VGC 2026 Reg I\n|rated|\n|rule|Species Clause: Limit one of each Pok\u00e9mon\n|rule|Item Clause: Limit 1 of each item\n|clearpoke\n|poke|p1|Grimmsnarl, L50, M|\n|poke|p1|Kyogre, L50|\n|poke|p1|Calyrex-Ice, L50|\n|poke|p1|Rillaboom, L50, F|\n|poke|p1|Landorus, L50, M|\n|poke|p1|Urshifu-*, L50, F|\n|poke|p2|Miraidon, L50|\n|poke|p2|Necrozma-Dusk-Mane, L50|\n|poke|p2|Pelipper, L50, M|\n|poke|p2|Iron Hands, L50|\n|poke|p2|Whimsicott, L50, F|\n|poke|p2|Urshifu-*, L50, F|\n|teampreview|4\n|inactive|Battle timer is ON: inactive players will automatically lose when time's up. (requested by Stinky58)\n|inactive|yaochangzhe has 60 seconds left.\n|inactive|Stinky58 has 60 seconds left.\n|\n|t:|1768802375\n|teamsize|p1|4\n|teamsize|p2|4\n|start\n|switch|p1a: Grimmsnarl|Grimmsnarl, L50, M|100/100\n|switch|p1b: Calyrex|Calyrex-Ice, L50|100/100\n|switch|p2a: Pelipper|Pelipper, L50, M|100/100\n|switch|p2b: Miraidon|Miraidon, L50, shiny|100/100\n|-ability|p1b: Calyrex|As One\n|-ability|p1b: Calyrex|Unnerve\n|-fieldstart|move: Electric Terrain|[from] ability: Hadron Engine|[of] p2b: Miraidon\n|-weather|RainDance|[from] ability: Drizzle|[of] p2a: Pelipper\n|turn|1\n|\n|t:|1768802387\n|move|p1b: Calyrex|Protect|p1b: Calyrex\n|-singleturn|p1b: Calyrex|Protect\n|move|p1a: Grimmsnarl|Light Screen|p1a: Grimmsnarl\n|-sidestart|p1: yaochangzhe|move: Light Screen\n|move|p2b: Miraidon|Volt Switch|p1a: Grimmsnarl\n|-damage|p1a: Grimmsnarl|40/100\n|-damage|p2b: Miraidon|91/100|[from] item: Life Orb\n|\n|t:|1768802398\n|switch|p2b: Urshifu|Urshifu-Rapid-Strike, L50, F|100/100|[from] Volt Switch\n|move|p2a: Pelipper|Hurricane|p1a: Grimmsnarl\n|-damage|p1a: Grimmsnarl|4/100\n|\n|-weather|RainDance|[upkeep]\n|upkeep\n|turn|2\n|\n|t:|1768802417\n|-terastallize|p1b: Calyrex|Grass\n|move|p1a: Grimmsnarl|Reflect|p1a: Grimmsnarl\n|-sidestart|p1: yaochangzhe|Reflect\n|move|p2b: Urshifu|Surging Strikes|p1b: Calyrex\n|-resisted|p1b: Calyrex\n|-crit|p1b: Calyrex\n|-damage|p1b: Calyrex|86/100\n|-resisted|p1b: Calyrex\n|-crit|p1b: Calyrex\n|-damage|p1b: Calyrex|70/100\n|-resisted|p1b: Calyrex\n|-crit|p1b: Calyrex\n|-damage|p1b: Calyrex|54/100\n|-hitcount|p1b: Calyrex|3\n|move|p2a: Pelipper|Hurricane|p1b: Calyrex\n|-supereffective|p1b: Calyrex\n|-damage|p1b: Calyrex|15/100\n|move|p1b: Calyrex|Trick Room|p1b: Calyrex\n|-fieldstart|move: Trick Room|[of] p1b: Calyrex\n|\n|-weather|RainDance|[upkeep]\n|-heal|p1b: Calyrex|21/100|[from] item: Leftovers\n|upkeep\n|turn|3\n|\n|t:|1768802437\n|move|p1b: Calyrex|Glacial Lance|p2a: Pelipper|[spread] p2a,p2b\n|-resisted|p2b: Urshifu\n|-damage|p2a: Pelipper|27/100\n|-damage|p2b: Urshifu|72/100\n|move|p1a: Grimmsnarl|Foul Play|p2a: Pelipper\n|-damage|p2a: Pelipper|6/100\n|move|p2a: Pelipper|Hurricane|p1b: Calyrex\n|-supereffective|p1b: Calyrex\n|-damage|p1b: Calyrex|0 fnt\n|faint|p1b: Calyrex\n|move|p2b: Urshifu|Surging Strikes|p1a: Grimmsnarl\n|-crit|p1a: Grimmsnarl\n|-damage|p1a: Grimmsnarl|0 fnt\n|faint|p1a: Grimmsnarl\n|-hitcount|p1: Grimmsnarl|1\n|\n|-weather|RainDance|[upkeep]\n|upkeep\n|\n|t:|1768802441\n|switch|p1b: Kyogre|Kyogre, L50|100/100\n|switch|p1a: Landorus|Landorus, L50, M|100/100\n|turn|4\n|\n|t:|1768802452\n|move|p2a: Pelipper|Wide Guard|p2a: Pelipper\n|-singleturn|p2a: Pelipper|Wide Guard\n|move|p1b: Kyogre|Water Spout|p2b: Urshifu|[spread] \n|-activate|p2a: Pelipper|move: Wide Guard\n|-activate|p2b: Urshifu|move: Wide Guard\n|move|p2b: Urshifu|Surging Strikes|p1a: Landorus\n|-supereffective|p1a: Landorus\n|-crit|p1a: Landorus\n|-damage|p1a: Landorus|0 fnt\n|faint|p1a: Landorus\n|-hitcount|p1: Landorus|1\n|\n|-weather|RainDance|[upkeep]\n|upkeep\n|turn|5\n|\n|t:|1768802465\n|move|p2a: Pelipper|Wide Guard|p2a: Pelipper\n|-singleturn|p2a: Pelipper|Wide Guard\n|move|p1b: Kyogre|Water Spout|p2b: Urshifu|[spread] \n|-activate|p2a: Pelipper|move: Wide Guard\n|-activate|p2b: Urshifu|move: Wide Guard\n|move|p2b: Urshifu|Surging Strikes|p1b: Kyogre\n|-resisted|p1b: Kyogre\n|-crit|p1b: Kyogre\n|-damage|p1b: Kyogre|77/100\n|-resisted|p1b: Kyogre\n|-crit|p1b: Kyogre\n|-damage|p1b: Kyogre|53/100\n|-resisted|p1b: Kyogre\n|-crit|p1b: Kyogre\n|-damage|p1b: Kyogre|29/100\n|-hitcount|p1b: Kyogre|3\n|\n|-weather|none\n|-fieldend|move: Electric Terrain\n|upkeep\n|turn|6\n|-message|yaochangzhe forfeited.\n|\n|win|Stinky58\n|raw|yaochangzhe's rating: 1292 &rarr; <strong>1271</strong><br />(-21 for losing)\n|raw|Stinky58's rating: 1347 &rarr; <strong>1364</strong><br />(+17 for winning)\n|l|\u2606yaochangzhe\n|player|p1|\n|l|\u2606Stinky58\n|player|p2|\n","uploadtime":1768802662,"views":11,"formatid":"gen9vgc2026regi","rating":1271,"private":0,"password":null}