{"id":"gen9vgc2026regi-2589261954","format":"[Gen 9] VGC 2026 Reg I","players":["aqqqxin","sheeshshane925"],"log":"|j|\u2606aqqqxin\n|j|\u2606sheeshshane925\n|t:|1776710129\n|gametype|doubles\n|player|p1|aqqqxin|roxie|1599\n|player|p2|sheeshshane925|chuck|1713\n|gen|9\n|tier|[Gen 9] VGC 2026 Reg I\n|rated|\n|rule|Species Clause: Limit one of each Pok\u00e9mon\n|rule|Item Clause: Limit 1 of each item\n|clearpoke\n|poke|p1|Rillaboom, L50, M|\n|poke|p1|Incineroar, L50, M|\n|poke|p1|Zamazenta-*, L50|\n|poke|p1|Calyrex-Shadow, L50|\n|poke|p1|Ogerpon-Cornerstone, L50, F|\n|poke|p1|Tornadus, L50, M|\n|poke|p2|Calyrex-Ice, L50|\n|poke|p2|Miraidon, L50|\n|poke|p2|Farigiraf, L50, F|\n|poke|p2|Iron Hands, L50|\n|poke|p2|Scraggy, L50, F|\n|poke|p2|Iron Bundle, L50|\n|teampreview|4\n|\n|t:|1776710154\n|teamsize|p1|4\n|teamsize|p2|4\n|start\n|switch|p1a: Rillaboom|Rillaboom, L50, M|100/100\n|switch|p1b: Tornadus|Tornadus, L50, M|100/100\n|switch|p2a: Calyrex|Calyrex-Ice, L50|100/100\n|switch|p2b: Farigiraf|Farigiraf, L50, F, shiny|100/100\n|-ability|p2a: Calyrex|As One\n|-ability|p2a: Calyrex|Unnerve\n|-fieldstart|move: Grassy Terrain|[from] ability: Grassy Surge|[of] p1a: Rillaboom\n|turn|1\n|inactive|Battle timer is ON: inactive players will automatically lose when time's up. (requested by sheeshshane925)\n|\n|t:|1776710186\n|-terastallize|p2a: Calyrex|Fire\n|move|p1b: Tornadus|Protect|p1b: Tornadus\n|-singleturn|p1b: Tornadus|Protect\n|move|p1a: Rillaboom|U-turn|p2b: Farigiraf\n|-supereffective|p2b: Farigiraf\n|-damage|p2b: Farigiraf|64/100\n|\n|t:|1776710193\n|switch|p1a: Zamazenta|Zamazenta-Crowned, L50|100/100|[from] U-turn\n|-ability|p1a: Zamazenta|Dauntless Shield|boost\n|-boost|p1a: Zamazenta|def|1\n|move|p2a: Calyrex|Glacial Lance|p1a: Zamazenta|[spread] p1a\n|-activate|p1b: Tornadus|move: Protect\n|-resisted|p1a: Zamazenta\n|-damage|p1a: Zamazenta|90/100\n|move|p2b: Farigiraf|Trick Room|p2b: Farigiraf\n|-fieldstart|move: Trick Room|[of] p2b: Farigiraf\n|\n|-heal|p2b: Farigiraf|70/100|[from] Grassy Terrain\n|-heal|p1a: Zamazenta|96/100|[from] Grassy Terrain\n|upkeep\n|turn|2\n|\n|t:|1776710218\n|move|p2b: Farigiraf|Helping Hand|p2a: Calyrex\n|-singleturn|p2a: Calyrex|Helping Hand|[of] p2b: Farigiraf\n|move|p1a: Zamazenta|Wide Guard|p1a: Zamazenta\n|-singleturn|p1a: Zamazenta|Wide Guard\n|move|p2a: Calyrex|High Horsepower|p1a: Zamazenta\n|-supereffective|p1a: Zamazenta\n|-damage|p1a: Zamazenta|51/100\n|move|p1b: Tornadus|Bleakwind Storm|p2b: Farigiraf|[spread] p2a,p2b\n|-damage|p2a: Calyrex|80/100\n|-damage|p2b: Farigiraf|43/100\n|\n|-heal|p2a: Calyrex|86/100|[from] Grassy Terrain\n|-heal|p2b: Farigiraf|49/100|[from] Grassy Terrain\n|-heal|p1a: Zamazenta|57/100|[from] Grassy Terrain\n|upkeep\n|turn|3\n|inactive|aqqqxin has 30 seconds left.\n|\n|t:|1776710248\n|move|p1a: Zamazenta|Wide Guard|p1a: Zamazenta\n|-singleturn|p1a: Zamazenta|Wide Guard\n|move|p1b: Tornadus|Taunt||[still]\n|cant|p2b: Farigiraf|ability: Armor Tail|Taunt|[of] p1b: Tornadus\n|move|p2a: Calyrex|Glacial Lance|p1a: Zamazenta|[spread] \n|-activate|p1a: Zamazenta|move: Wide Guard\n|-activate|p1b: Tornadus|move: Wide Guard\n|move|p2b: Farigiraf|Psychic|p1a: Zamazenta\n|-damage|p1a: Zamazenta|34/100\n|\n|-heal|p2a: Calyrex|91/100|[from] Grassy Terrain\n|-heal|p2b: Farigiraf|55/100|[from] Grassy Terrain\n|-heal|p1a: Zamazenta|40/100|[from] Grassy Terrain\n|upkeep\n|turn|4\n|\n|t:|1776710273\n|switch|p1b: Calyrex|Calyrex-Shadow, L50|100/100\n|-ability|p1b: Calyrex|As One\n|-ability|p1b: Calyrex|Unnerve\n|move|p1a: Zamazenta|Wide Guard|p1a: Zamazenta\n|-singleturn|p1a: Zamazenta|Wide Guard\n|move|p2a: Calyrex|Glacial Lance|p1a: Zamazenta|[spread] \n|-activate|p1a: Zamazenta|move: Wide Guard\n|-activate|p1b: Calyrex|move: Wide Guard\n|move|p2b: Farigiraf|Psychic|p1a: Zamazenta\n|-damage|p1a: Zamazenta|16/100\n|\n|-heal|p2a: Calyrex|97/100|[from] Grassy Terrain\n|-heal|p2b: Farigiraf|62/100|[from] Grassy Terrain\n|-heal|p1a: Zamazenta|22/100|[from] Grassy Terrain\n|upkeep\n|turn|5\n|inactive|aqqqxin has 30 seconds left.\n|inactive|aqqqxin has 20 seconds left.\n|inactive|aqqqxin has 15 seconds left.\n|inactive|aqqqxin has 10 seconds left.\n|\n|t:|1776710319\n|-terastallize|p1b: Calyrex|Dark\n|move|p1a: Zamazenta|Wide Guard|p1a: Zamazenta\n|-singleturn|p1a: Zamazenta|Wide Guard\n|move|p1b: Calyrex|Nasty Plot|p1b: Calyrex\n|-boost|p1b: Calyrex|spa|2\n|move|p2a: Calyrex|Trick Room|p2a: Calyrex\n|-fieldend|move: Trick Room\n|move|p2b: Farigiraf|Trick Room|p2b: Farigiraf\n|-fieldstart|move: Trick Room|[of] p2b: Farigiraf\n|\n|-heal|p2a: Calyrex|100/100|[from] Grassy Terrain\n|-heal|p2b: Farigiraf|68/100|[from] Grassy Terrain\n|-heal|p1a: Zamazenta|28/100|[from] Grassy Terrain\n|-fieldend|move: Grassy Terrain\n|upkeep\n|turn|6\n|inactive|sheeshshane925 has 30 seconds left.\n|\n|t:|1776710351\n|move|p2b: Farigiraf|Helping Hand|p2a: Calyrex\n|-singleturn|p2a: Calyrex|Helping Hand|[of] p2b: Farigiraf\n|move|p1a: Zamazenta|Wide Guard|p1a: Zamazenta\n|-singleturn|p1a: Zamazenta|Wide Guard\n|move|p2a: Calyrex|High Horsepower|p1a: Zamazenta\n|-supereffective|p1a: Zamazenta\n|-damage|p1a: Zamazenta|0 fnt\n|faint|p1a: Zamazenta\n|-ability|p2a: Calyrex|Chilling Neigh|boost\n|-boost|p2a: Calyrex|atk|1\n|move|p1b: Calyrex|Nasty Plot|p1b: Calyrex\n|-boost|p1b: Calyrex|spa|2\n|\n|upkeep\n|\n|t:|1776710365\n|switch|p1a: Rillaboom|Rillaboom, L50, M|100/100\n|-fieldstart|move: Grassy Terrain|[from] ability: Grassy Surge|[of] p1a: Rillaboom\n|turn|7\n|\n|t:|1776710387\n|move|p2a: Calyrex|Glacial Lance|p1b: Calyrex|[spread] p1a,p1b\n|-supereffective|p1a: Rillaboom\n|-damage|p1a: Rillaboom|0 fnt\n|-damage|p1b: Calyrex|8/100\n|faint|p1a: Rillaboom\n|-ability|p2a: Calyrex|Chilling Neigh|boost\n|-boost|p2a: Calyrex|atk|1\n|move|p2b: Farigiraf|Foul Play|p1b: Calyrex\n|-resisted|p1b: Calyrex\n|-damage|p1b: Calyrex|0 fnt\n|faint|p1b: Calyrex\n|\n|-heal|p2b: Farigiraf|74/100|[from] Grassy Terrain\n|upkeep\n|c|\u2606sheeshshane925|gg\n|inactive|aqqqxin has 30 seconds left.\n|inactive|aqqqxin has 20 seconds left.\n|inactive|aqqqxin has 15 seconds left.\n|inactive|aqqqxin has 10 seconds left.\n|inactive|aqqqxin has 5 seconds left.\n|\n|t:|1776710442\n|switch|p1a: Tornadus|Tornadus, L50, M|100/100\n|turn|8\n|inactive|aqqqxin has 30 seconds left.\n|inactive|aqqqxin has 20 seconds left.\n|inactive|aqqqxin has 15 seconds left.\n|inactive|aqqqxin has 10 seconds left.\n|inactive|aqqqxin has 5 seconds left.\n|\n|t:|1776710497\n|move|p1a: Tornadus|Protect|p1a: Tornadus\n|-singleturn|p1a: Tornadus|Protect\n|move|p2a: Calyrex|Glacial Lance|p1a: Tornadus\n|-activate|p1a: Tornadus|move: Protect\n|move|p2b: Farigiraf|Psychic|p1a: Tornadus\n|-activate|p1a: Tornadus|move: Protect\n|\n|-heal|p2b: Farigiraf|80/100|[from] Grassy Terrain\n|upkeep\n|turn|9\n|inactive|aqqqxin has 30 seconds left.\n|inactive|aqqqxin has 20 seconds left.\n|inactive|aqqqxin has 15 seconds left.\n|inactive|aqqqxin has 10 seconds left.\n|inactive|aqqqxin has 5 seconds left.\n|\n|t:|1776710552\n|move|p1a: Tornadus|Protect||[still]\n|-fail|p1a: Tornadus\n|move|p2a: Calyrex|Glacial Lance|p1a: Tornadus\n|-supereffective|p1a: Tornadus\n|-damage|p1a: Tornadus|0 fnt\n|faint|p1a: Tornadus\n|\n|win|sheeshshane925\n|raw|aqqqxin's rating: 1577 &rarr; <strong>1564</strong><br />(-13 for losing)\n|raw|sheeshshane925's rating: 1713 &rarr; <strong>1726</strong><br />(+13 for winning)\n|l|\u2606sheeshshane925\n|player|p2|\n","uploadtime":1776710815,"views":16,"formatid":"gen9vgc2026regi","rating":1564,"private":0,"password":null}