{"id":"gen9vgc2026regi-2566894016","format":"[Gen 9] VGC 2026 Reg I","players":["lstdddsg","Sheevp"],"log":"|j|\u2606lstdddsg\n|j|\u2606Sheevp\n|t:|1774425888\n|gametype|doubles\n|player|p1|lstdddsg|riley|1529\n|player|p2|Sheevp|1|1506\n|gen|9\n|tier|[Gen 9] VGC 2026 Reg I\n|rated|\n|rule|Species Clause: Limit one of each Pok\u00e9mon\n|rule|Item Clause: Limit 1 of each item\n|clearpoke\n|poke|p1|Giratina-Origin, L50|\n|poke|p1|Zamazenta-*, L50|\n|poke|p1|Chien-Pao, L50|\n|poke|p1|Entei, L50|\n|poke|p1|Urshifu-*, L50, F|\n|poke|p1|Rillaboom, L50, F|\n|poke|p2|Incineroar, L50, F|\n|poke|p2|Rillaboom, L50, F|\n|poke|p2|Landorus, L50, M|\n|poke|p2|Smeargle, L50, F|\n|poke|p2|Koraidon, L50|\n|poke|p2|Calyrex-Ice, L50|\n|teampreview|4\n|inactive|Battle timer is ON: inactive players will automatically lose when time's up. (requested by lstdddsg)\n|inactive|Sheevp has 60 seconds left.\n|\n|t:|1774425932\n|teamsize|p1|4\n|teamsize|p2|4\n|start\n|switch|p1a: Chien-Pao|Chien-Pao, L50|100/100\n|switch|p1b: Entei|Entei, L50|100/100\n|switch|p2a: Koraidon|Koraidon, L50|100/100\n|switch|p2b: Incineroar|Incineroar, L50, F|100/100\n|-ability|p1a: Chien-Pao|Sword of Ruin\n|-weather|SunnyDay|[from] ability: Orichalcum Pulse|[of] p2a: Koraidon\n|-activate|p2a: Koraidon|Orichalcum Pulse|[source]\n|-ability|p2b: Incineroar|Intimidate|boost\n|-unboost|p1a: Chien-Pao|atk|1\n|-fail|p1b: Entei|unboost|Attack|[from] ability: Inner Focus|[of] p1b: Entei\n|turn|1\n|inactive|lstdddsg has 30 seconds left.\n|\n|t:|1774425959\n|-terastallize|p2a: Koraidon|Fire\n|move|p1a: Chien-Pao|Protect|p1a: Chien-Pao\n|-singleturn|p1a: Chien-Pao|Protect\n|move|p2b: Incineroar|Fake Out|p1a: Chien-Pao\n|-activate|p1a: Chien-Pao|move: Protect\n|move|p2a: Koraidon|Flame Charge|p1b: Entei\n|-resisted|p1b: Entei\n|-damage|p1b: Entei|60/100\n|-boost|p2a: Koraidon|spe|1\n|move|p1b: Entei|Stone Edge|p2b: Incineroar\n|-supereffective|p2b: Incineroar\n|-damage|p2b: Incineroar|14/100\n|-damage|p1b: Entei|51/100|[from] item: Life Orb\n|\n|-weather|SunnyDay|[upkeep]\n|upkeep\n|turn|2\n|inactive|lstdddsg has 30 seconds left.\n|inactive|lstdddsg has 20 seconds left.\n|inactive|lstdddsg has 15 seconds left.\n|\n|t:|1774426002\n|switch|p1b: Giratina|Giratina-Origin, L50|100/100\n|move|p2a: Koraidon|Flame Charge|p1a: Chien-Pao\n|-supereffective|p1a: Chien-Pao\n|-enditem|p1a: Chien-Pao|Focus Sash\n|-damage|p1a: Chien-Pao|1/100\n|-boost|p2a: Koraidon|spe|1\n|move|p1a: Chien-Pao|Ruination|p2a: Koraidon\n|-damage|p2a: Koraidon|51/100\n|move|p2b: Incineroar|Parting Shot|p1a: Chien-Pao\n|-unboost|p1a: Chien-Pao|atk|1\n|-unboost|p1a: Chien-Pao|spa|1\n|\n|t:|1774426016\n|switch|p2b: Calyrex|Calyrex-Ice, L50|100/100|[from] Parting Shot\n|-ability|p2b: Calyrex|As One\n|-ability|p2b: Calyrex|Unnerve\n|\n|-weather|SunnyDay|[upkeep]\n|upkeep\n|turn|3\n|inactive|lstdddsg has 30 seconds left.\n|inactive|lstdddsg has 20 seconds left.\n|\n|t:|1774426054\n|-terastallize|p1b: Giratina|Fire\n|move|p2a: Koraidon|Protect|p2a: Koraidon\n|-singleturn|p2a: Koraidon|Protect\n|move|p1a: Chien-Pao|Protect|p1a: Chien-Pao\n|-singleturn|p1a: Chien-Pao|Protect\n|move|p1b: Giratina|Poltergeist|p2b: Calyrex|[miss]\n|-miss|p1b: Giratina|p2b: Calyrex\n|move|p2b: Calyrex|Glacial Lance|p1a: Chien-Pao|[spread] p1b\n|-activate|p1a: Chien-Pao|move: Protect\n|-resisted|p1b: Giratina\n|-damage|p1b: Giratina|75/100\n|\n|-weather|SunnyDay|[upkeep]\n|upkeep\n|turn|4\n|inactive|Sheevp has 30 seconds left.\n|\n|t:|1774426080\n|move|p1b: Giratina|Protect|p1b: Giratina\n|-singleturn|p1b: Giratina|Protect\n|move|p2a: Koraidon|Flame Charge|p1a: Chien-Pao\n|-supereffective|p1a: Chien-Pao\n|-damage|p1a: Chien-Pao|0 fnt\n|-boost|p2a: Koraidon|spe|1\n|faint|p1a: Chien-Pao\n|move|p2b: Calyrex|Leech Seed|p1b: Giratina\n|-activate|p1b: Giratina|move: Protect\n|\n|-weather|SunnyDay|[upkeep]\n|upkeep\n|\n|t:|1774426099\n|switch|p1a: Entei|Entei, L50|51/100\n|turn|5\n|\n|t:|1774426108\n|move|p1a: Entei|Protect|p1a: Entei\n|-singleturn|p1a: Entei|Protect\n|move|p2a: Koraidon|Low Kick|p1a: Entei\n|-activate|p1a: Entei|move: Protect\n|move|p1b: Giratina|Draco Meteor|p2a: Koraidon|[miss]\n|-miss|p1b: Giratina|p2a: Koraidon\n|move|p2b: Calyrex|Leech Seed|p1b: Giratina\n|-start|p1b: Giratina|move: Leech Seed\n|\n|-weather|none\n|-damage|p1b: Giratina|63/100|[from] Leech Seed|[of] p2b: Calyrex\n|upkeep\n|turn|6\n|\n|t:|1774426128\n|switch|p2a: Incineroar|Incineroar, L50, F|14/100\n|-ability|p2a: Incineroar|Intimidate|boost\n|-fail|p1a: Entei|unboost|Attack|[from] ability: Inner Focus|[of] p1a: Entei\n|-unboost|p1b: Giratina|atk|1\n|move|p2b: Calyrex|Protect|p2b: Calyrex\n|-singleturn|p2b: Calyrex|Protect\n|move|p1a: Entei|Sacred Fire|p2b: Calyrex\n|-activate|p2b: Calyrex|move: Protect\n|move|p1b: Giratina|Draco Meteor|p2a: Incineroar\n|-damage|p2a: Incineroar|0 fnt\n|-unboost|p1b: Giratina|spa|2\n|faint|p2a: Incineroar\n|\n|-damage|p1b: Giratina|51/100|[from] Leech Seed|[of] p2b: Calyrex\n|upkeep\n|\n|t:|1774426143\n|switch|p2a: Koraidon|Koraidon, L50, tera:Fire|51/100\n|-weather|SunnyDay|[from] ability: Orichalcum Pulse|[of] p2a: Koraidon\n|-activate|p2a: Koraidon|Orichalcum Pulse|[source]\n|turn|7\n|\n|t:|1774426161\n|switch|p1b: Zamazenta|Zamazenta-Crowned, L50|100/100\n|-ability|p1b: Zamazenta|Dauntless Shield|boost\n|-boost|p1b: Zamazenta|def|1\n|move|p2a: Koraidon|Low Kick|p1a: Entei\n|-damage|p1a: Entei|0 fnt\n|faint|p1a: Entei\n|move|p2b: Calyrex|Leech Seed|p1b: Zamazenta\n|-start|p1b: Zamazenta|move: Leech Seed\n|\n|-weather|SunnyDay|[upkeep]\n|-damage|p1b: Zamazenta|88/100|[from] Leech Seed|[of] p2b: Calyrex\n|upkeep\n|\n|t:|1774426173\n|switch|p1a: Giratina|Giratina-Origin, L50, tera:Fire|51/100\n|turn|8\n|\n|t:|1774426180\n|move|p2a: Koraidon|Protect|p2a: Koraidon\n|-singleturn|p2a: Koraidon|Protect\n|move|p2b: Calyrex|Protect|p2b: Calyrex\n|-singleturn|p2b: Calyrex|Protect\n|move|p1b: Zamazenta|Body Press|p2a: Koraidon\n|-activate|p2a: Koraidon|move: Protect\n|move|p1a: Giratina|Poltergeist|p2b: Calyrex\n|-activate|p2b: Calyrex|move: Protect\n|\n|-weather|SunnyDay|[upkeep]\n|-damage|p1b: Zamazenta|76/100|[from] Leech Seed|[of] p2b: Calyrex\n|upkeep\n|turn|9\n|\n|t:|1774426205\n|move|p1a: Giratina|Protect|p1a: Giratina\n|-singleturn|p1a: Giratina|Protect\n|move|p2a: Koraidon|Flare Blitz|p1b: Zamazenta\n|-supereffective|p1b: Zamazenta\n|-damage|p1b: Zamazenta|0 fnt\n|faint|p1b: Zamazenta\n|-damage|p2a: Koraidon|26/100|[from] Recoil\n|move|p2b: Calyrex|Leech Seed|p1a: Giratina\n|-activate|p1a: Giratina|move: Protect\n|\n|-weather|SunnyDay|[upkeep]\n|upkeep\n|turn|10\n|-message|lstdddsg forfeited.\n|\n|win|Sheevp\n|raw|lstdddsg's rating: 1529 &rarr; <strong>1508</strong><br />(-21 for losing)\n|raw|Sheevp's rating: 1506 &rarr; <strong>1527</strong><br />(+21 for winning)\n|l|\u2606lstdddsg\n|player|p1|\n|l|\u2606Sheevp\n|player|p2|\n","uploadtime":1774426440,"views":13,"formatid":"gen9vgc2026regi","rating":1508,"private":0,"password":null}