{"id":"gen9vgc2026regi-2590481559","format":"[Gen 9] VGC 2026 Reg I","players":["jj11j1","SnibSnapSnab"],"log":"|j|\u2606jj11j1\n|j|\u2606SnibSnapSnab\n|t:|1776813694\n|gametype|doubles\n|player|p1|jj11j1|169|1487\n|player|p2|SnibSnapSnab|169|1502\n|gen|9\n|tier|[Gen 9] VGC 2026 Reg I\n|rated|\n|rule|Species Clause: Limit one of each Pok\u00e9mon\n|rule|Item Clause: Limit 1 of each item\n|clearpoke\n|poke|p1|Ho-Oh, L50|\n|poke|p1|Calyrex-Ice, L50|\n|poke|p1|Overqwil, L50, M|\n|poke|p1|Ting-Lu, L50|\n|poke|p1|Rillaboom, L50, F|\n|poke|p1|Ogerpon-Wellspring, L50, F|\n|poke|p2|Kyogre, L50|\n|poke|p2|Calyrex-Ice, L50|\n|poke|p2|Indeedee-F, L50, F|\n|poke|p2|Amoonguss, L50, M|\n|poke|p2|Incineroar, L50, M|\n|poke|p2|Regieleki, L50|\n|teampreview|4\n|inactive|Battle timer is ON: inactive players will automatically lose when time's up. (requested by jj11j1)\n|\n|t:|1776813744\n|teamsize|p1|4\n|teamsize|p2|4\n|start\n|switch|p1a: Ogerpon|Ogerpon-Wellspring, L50, F|100/100\n|switch|p1b: Calyrex|Calyrex-Ice, L50|100/100\n|switch|p2a: Regieleki|Regieleki, L50|100/100\n|switch|p2b: Indeedee|Indeedee-F, L50, F|100/100\n|-ability|p1b: Calyrex|As One\n|-ability|p1b: Calyrex|Unnerve\n|-fieldstart|move: Psychic Terrain|[from] ability: Psychic Surge|[of] p2b: Indeedee\n|turn|1\n|\n|t:|1776813766\n|switch|p2b: Kyogre|Kyogre, L50|100/100\n|-weather|RainDance|[from] ability: Drizzle|[of] p2b: Kyogre\n|switch|p1b: Overqwil|Overqwil, L50, M|100/100\n|-ability|p1b: Overqwil|Intimidate|boost\n|-unboost|p2a: Regieleki|atk|1\n|-unboost|p2b: Kyogre|atk|1\n|move|p1a: Ogerpon|Spiky Shield|p1a: Ogerpon\n|-singleturn|p1a: Ogerpon|move: Protect\n|move|p2a: Regieleki|Thunder|p1a: Ogerpon\n|-activate|p1a: Ogerpon|move: Protect\n|\n|-weather|RainDance|[upkeep]\n|upkeep\n|turn|2\n|inactive|jj11j1 has 30 seconds left.\n|inactive|SnibSnapSnab has 30 seconds left.\n|inactive|SnibSnapSnab has 20 seconds left.\n|inactive|SnibSnapSnab has 15 seconds left.\n|inactive|SnibSnapSnab has 10 seconds left.\n|\n|t:|1776813814\n|move|p2a: Regieleki|Electroweb|p1b: Overqwil|[spread] p1a,p1b\n|-damage|p1a: Ogerpon|81/100\n|-damage|p1b: Overqwil|77/100\n|-unboost|p1a: Ogerpon|spe|1\n|-unboost|p1b: Overqwil|spe|1\n|move|p2b: Kyogre|Hydro Pump|p1b: Overqwil|[miss]\n|-miss|p2b: Kyogre|p1b: Overqwil\n|move|p1a: Ogerpon|Horn Leech|p2a: Regieleki\n|-damage|p2a: Regieleki|12/100\n|-heal|p1a: Ogerpon|100/100|[from] drain|[of] p2a: Regieleki\n|move|p1b: Overqwil|Barb Barrage|p2a: Regieleki\n|-damage|p2a: Regieleki|0 fnt\n|faint|p2a: Regieleki\n|\n|-weather|RainDance|[upkeep]\n|-heal|p1b: Overqwil|83/100|[from] item: Black Sludge\n|upkeep\n|\n|t:|1776813830\n|switch|p2a: Calyrex|Calyrex-Ice, L50|100/100\n|-ability|p2a: Calyrex|As One\n|-ability|p2a: Calyrex|Unnerve\n|-enditem|p2a: Calyrex|Psychic Seed\n|-boost|p2a: Calyrex|spd|1|[from] item: Psychic Seed\n|turn|3\n|\n|t:|1776813857\n|-terastallize|p2b: Kyogre|Grass\n|move|p1a: Ogerpon|Spiky Shield|p1a: Ogerpon\n|-singleturn|p1a: Ogerpon|move: Protect\n|move|p2a: Calyrex|Protect|p2a: Calyrex\n|-singleturn|p2a: Calyrex|Protect\n|move|p2b: Kyogre|Thunder|p1a: Ogerpon\n|-activate|p1a: Ogerpon|move: Protect\n|move|p1b: Overqwil|Barb Barrage|p2a: Calyrex\n|-activate|p2a: Calyrex|move: Protect\n|\n|-weather|RainDance|[upkeep]\n|-heal|p1b: Overqwil|90/100|[from] item: Black Sludge\n|upkeep\n|turn|4\n|inactive|jj11j1 has 30 seconds left.\n|\n|t:|1776813884\n|switch|p2b: Indeedee|Indeedee-F, L50, F|100/100\n|move|p1a: Ogerpon|Ivy Cudgel|p2a: Calyrex|[anim] Ivy Cudgel Water\n|-damage|p2a: Calyrex|51/100\n|move|p1b: Overqwil|Barb Barrage|p2b: Indeedee\n|-damage|p2b: Indeedee|78/100\n|-status|p2b: Indeedee|psn\n|move|p2a: Calyrex|Glacial Lance|p1b: Overqwil|[spread] p1a,p1b\n|-damage|p1a: Ogerpon|38/100\n|-damage|p1b: Overqwil|35/100\n|\n|-weather|RainDance|[upkeep]\n|-heal|p1b: Overqwil|41/100|[from] item: Black Sludge\n|-damage|p2b: Indeedee|66/100 psn|[from] psn\n|upkeep\n|turn|5\n|inactive|jj11j1 has 30 seconds left.\n|\n|t:|1776813912\n|move|p2b: Indeedee|Follow Me|p2b: Indeedee\n|-singleturn|p2b: Indeedee|move: Follow Me\n|move|p1a: Ogerpon|Ivy Cudgel|p2b: Indeedee|[anim] Ivy Cudgel Water\n|-damage|p2b: Indeedee|0 fnt\n|faint|p2b: Indeedee\n|move|p1b: Overqwil|Toxic Spikes|p2a: Calyrex\n|-sidestart|p2: SnibSnapSnab|move: Toxic Spikes\n|move|p2a: Calyrex|Glacial Lance|p1a: Ogerpon|[spread] p1a,p1b\n|-damage|p1a: Ogerpon|0 fnt\n|-damage|p1b: Overqwil|0 fnt\n|faint|p1a: Ogerpon\n|faint|p1b: Overqwil\n|-ability|p2a: Calyrex|Chilling Neigh|boost\n|-boost|p2a: Calyrex|atk|2\n|\n|-weather|none\n|-fieldend|move: Psychic Terrain\n|upkeep\n|\n|t:|1776813930\n|switch|p1a: Calyrex|Calyrex-Ice, L50|100/100\n|switch|p1b: Ho-Oh|Ho-Oh, L50|100/100\n|switch|p2b: Kyogre|Kyogre, L50, tera:Grass|100/100\n|-ability|p1a: Calyrex|As One\n|-ability|p1a: Calyrex|Unnerve\n|-status|p2b: Kyogre|psn\n|-weather|RainDance|[from] ability: Drizzle|[of] p2b: Kyogre\n|turn|6\n|inactive|jj11j1 has 30 seconds left.\n|inactive|SnibSnapSnab has 30 seconds left.\n|\n|t:|1776813965\n|-terastallize|p1a: Calyrex|Water\n|move|p1b: Ho-Oh|Protect|p1b: Ho-Oh\n|-singleturn|p1b: Ho-Oh|Protect\n|move|p2b: Kyogre|Thunder|p1a: Calyrex\n|-supereffective|p1a: Calyrex\n|-damage|p1a: Calyrex|43/100\n|move|p2a: Calyrex|Glacial Lance|p1b: Ho-Oh|[spread] p1a\n|-activate|p1b: Ho-Oh|move: Protect\n|-resisted|p1a: Calyrex\n|-damage|p1a: Calyrex|9/100\n|move|p1a: Calyrex|Leech Seed|p2a: Calyrex\n|-start|p2a: Calyrex|move: Leech Seed\n|\n|-weather|RainDance|[upkeep]\n|-heal|p1a: Calyrex|15/100|[from] item: Leftovers\n|-damage|p2a: Calyrex|39/100|[from] Leech Seed|[of] p1a: Calyrex\n|-heal|p1a: Calyrex|27/100|[silent]\n|-damage|p2b: Kyogre|88/100 psn|[from] psn\n|upkeep\n|turn|7\n|inactive|jj11j1 has 30 seconds left.\n|inactive|SnibSnapSnab has 30 seconds left.\n|\n|t:|1776813995\n|move|p1a: Calyrex|Protect|p1a: Calyrex\n|-singleturn|p1a: Calyrex|Protect\n|move|p1b: Ho-Oh|Sacred Fire|p2b: Kyogre\n|-supereffective|p2b: Kyogre\n|-damage|p2b: Kyogre|50/100 psn\n|move|p2b: Kyogre|Hydro Pump|p1b: Ho-Oh\n|-supereffective|p1b: Ho-Oh\n|-damage|p1b: Ho-Oh|0 fnt\n|faint|p1b: Ho-Oh\n|move|p2a: Calyrex|Glacial Lance|p1a: Calyrex\n|-activate|p1a: Calyrex|move: Protect\n|\n|-weather|RainDance|[upkeep]\n|-heal|p1a: Calyrex|33/100|[from] item: Leftovers\n|-damage|p2a: Calyrex|27/100|[from] Leech Seed|[of] p1a: Calyrex\n|-heal|p1a: Calyrex|45/100|[silent]\n|-damage|p2b: Kyogre|38/100 psn|[from] psn\n|upkeep\n|turn|8\n|inactive|jj11j1 has 30 seconds left.\n|\n|t:|1776814022\n|move|p1a: Calyrex|Protect||[still]\n|-fail|p1a: Calyrex\n|move|p2b: Kyogre|Thunder|p1a: Calyrex\n|-supereffective|p1a: Calyrex\n|-damage|p1a: Calyrex|0 fnt\n|faint|p1a: Calyrex\n|\n|win|SnibSnapSnab\n|raw|jj11j1's rating: 1487 &rarr; <strong>1468</strong><br />(-19 for losing)\n|raw|SnibSnapSnab's rating: 1502 &rarr; <strong>1521</strong><br />(+19 for winning)\n|l|\u2606jj11j1\n|player|p1|\n|l|\u2606SnibSnapSnab\n|player|p2|\n","uploadtime":1776814234,"views":12,"formatid":"gen9vgc2026regi","rating":1468,"private":0,"password":null}