{"id":"gen9vgc2026regi-2559084109","format":"[Gen 9] VGC 2026 Reg I","players":["jd8erh","robbinzantinge"],"log":"|j|\u2606jd8erh\n|j|\u2606robbinzantinge\n|t:|1773519057\n|gametype|doubles\n|player|p1|jd8erh|169|1425\n|player|p2|robbinzantinge|265|1323\n|gen|9\n|tier|[Gen 9] VGC 2026 Reg I\n|rated|\n|rule|Species Clause: Limit one of each Pok\u00e9mon\n|rule|Item Clause: Limit 1 of each item\n|clearpoke\n|poke|p1|Calyrex-Ice, L50|\n|poke|p1|Miraidon, L50|\n|poke|p1|Incineroar, L50, F|\n|poke|p1|Farigiraf, L50, M|\n|poke|p1|Volcarona, L50, M|\n|poke|p1|Grimmsnarl, L50, M|\n|poke|p2|Terapagos, L50, M|\n|poke|p2|Ho-Oh, L50|\n|poke|p2|Cresselia, L50, F|\n|poke|p2|Glimmora, L50, F|\n|poke|p2|Ursaluna, L50, F|\n|poke|p2|Urshifu-*, L50, F|\n|teampreview|4\n|inactive|Battle timer is ON: inactive players will automatically lose when time's up. (requested by jd8erh)\njd8erh has agreed to open team sheets.\n|\n|t:|1773519077\n|teamsize|p1|4\n|teamsize|p2|4\n|start\n|switch|p1a: Grimmsnarl|Grimmsnarl, L50, M|100/100\n|switch|p1b: Miraidon|Miraidon, L50|100/100\n|switch|p2a: Terapagos|Terapagos, L50, M|100/100\n|switch|p2b: Ho-Oh|Ho-Oh, L50|100/100\n|-activate|p2a: Terapagos|ability: Tera Shift\n|detailschange|p2a: Terapagos|Terapagos-Terastal, L50, M\n|-heal|p2a: Terapagos|100/100|[silent]\n|-fieldstart|move: Electric Terrain|[from] ability: Hadron Engine|[of] p1b: Miraidon\n|turn|1\n|\n|t:|1773519102\n|move|p2b: Ho-Oh|Protect|p2b: Ho-Oh\n|-singleturn|p2b: Ho-Oh|Protect\n|move|p1a: Grimmsnarl|Light Screen|p1a: Grimmsnarl\n|-sidestart|p1: jd8erh|move: Light Screen\n|move|p1b: Miraidon|Electro Drift|p2a: Terapagos\n|-activate|p2a: Terapagos|ability: Tera Shell\n|-resisted|p2a: Terapagos\n|-damage|p2a: Terapagos|63/100\n|move|p2a: Terapagos|Calm Mind|p2a: Terapagos\n|-boost|p2a: Terapagos|spa|1\n|-boost|p2a: Terapagos|spd|1\n|\n|-heal|p2a: Terapagos|69/100|[from] item: Leftovers\n|upkeep\n|turn|2\n|\n|t:|1773519124\n|switch|p2b: Ursaluna|Ursaluna, L50, F|100/100\n|move|p1a: Grimmsnarl|Thunder Wave|p2a: Terapagos\n|-status|p2a: Terapagos|par\n|move|p1b: Miraidon|Electro Drift|p2b: Ursaluna\n|-immune|p2b: Ursaluna\n|move|p2a: Terapagos|Calm Mind|p2a: Terapagos\n|-boost|p2a: Terapagos|spa|1\n|-boost|p2a: Terapagos|spd|1\n|\n|-heal|p2a: Terapagos|75/100 par|[from] item: Leftovers\n|-status|p2b: Ursaluna|brn|[from] item: Flame Orb\n|upkeep\n|turn|3\n|\n|t:|1773519143\n|switch|p1b: Incineroar|Incineroar, L50, F|100/100\n|-ability|p1b: Incineroar|Intimidate|boost\n|-unboost|p2a: Terapagos|atk|1\n|-unboost|p2b: Ursaluna|atk|1\n|move|p2a: Terapagos|Protect|p2a: Terapagos\n|-singleturn|p2a: Terapagos|Protect\n|move|p1a: Grimmsnarl|Reflect|p1a: Grimmsnarl\n|-sidestart|p1: jd8erh|Reflect\n|move|p2b: Ursaluna|Earthquake|p1b: Incineroar|[spread] p1a,p1b\n|-activate|p2a: Terapagos|move: Protect\n|-supereffective|p1b: Incineroar\n|-damage|p1a: Grimmsnarl|66/100\n|-damage|p1b: Incineroar|43/100\n|\n|-heal|p2a: Terapagos|81/100 par|[from] item: Leftovers\n|-damage|p2b: Ursaluna|94/100 brn|[from] brn\n|upkeep\n|turn|4\n|\n|t:|1773519166\n|switch|p2b: Cresselia|Cresselia, L50, F|100/100\n|move|p1b: Incineroar|Fake Out|p2a: Terapagos\n|-damage|p2a: Terapagos|74/100 par\n|move|p1a: Grimmsnarl|Spirit Break|p2a: Terapagos\n|-damage|p2a: Terapagos|53/100 par\n|-unboost|p2a: Terapagos|spa|1\n|cant|p2a: Terapagos|flinch\n|\n|-heal|p2a: Terapagos|59/100 par|[from] item: Leftovers\n|upkeep\n|turn|5\n|\n|t:|1773519183\n|move|p2b: Cresselia|Lunar Blessing|p2b: Cresselia|[spread] p2a,p2b\n|-heal|p2a: Terapagos|84/100 par\n|-curestatus|p2a: Terapagos|par|[msg]\n|move|p2a: Terapagos|Calm Mind|p2a: Terapagos\n|-boost|p2a: Terapagos|spa|1\n|-boost|p2a: Terapagos|spd|1\n|move|p1b: Incineroar|U-turn|p2b: Cresselia\n|-supereffective|p2b: Cresselia\n|-damage|p2b: Cresselia|75/100\n|l|\u2606jd8erh\n|inactive|jd8erh disconnected and has a minute to reconnect!\n|player|p1|\n|j|\u2606jd8erh\n|inactive|jd8erh reconnected and has 35 seconds left.\n|player|p1|jd8erh|169|\n|inactive|jd8erh has 30 seconds left.\n|\n|t:|1773519211\n|switch|p1b: Calyrex|Calyrex-Ice, L50|100/100|[from] U-turn\n|-ability|p1b: Calyrex|As One\n|-ability|p1b: Calyrex|Unnerve\n|move|p1a: Grimmsnarl|Spirit Break|p2a: Terapagos\n|-damage|p2a: Terapagos|62/100\n|-unboost|p2a: Terapagos|spa|1\n|\n|-heal|p2a: Terapagos|68/100|[from] item: Leftovers\n|-fieldend|move: Electric Terrain\n|upkeep\n|turn|6\n|\n|t:|1773519233\n|move|p2a: Terapagos|Tera Starstorm|p1a: Grimmsnarl\n|-damage|p1a: Grimmsnarl|28/100\n|move|p2b: Cresselia|Lunar Blessing|p2b: Cresselia|[spread] p2a,p2b\n|-heal|p2a: Terapagos|93/100\n|-heal|p2b: Cresselia|99/100\n|move|p1a: Grimmsnarl|Spirit Break|p2a: Terapagos\n|-damage|p2a: Terapagos|71/100\n|-unboost|p2a: Terapagos|spa|1\n|move|p1b: Calyrex|Glacial Lance|p2a: Terapagos|[spread] p2a,p2b\n|-damage|p2a: Terapagos|37/100\n|-damage|p2b: Cresselia|65/100\n|\n|-heal|p2a: Terapagos|43/100|[from] item: Leftovers\n|upkeep\n|turn|7\n|inactive|robbinzantinge has 30 seconds left.\n|\n|t:|1773519267\n|move|p2a: Terapagos|Tera Starstorm|p1a: Grimmsnarl\n|-damage|p1a: Grimmsnarl|1/100\n|move|p2b: Cresselia|Lunar Blessing|p2b: Cresselia|[spread] p2a,p2b\n|-heal|p2a: Terapagos|68/100\n|-heal|p2b: Cresselia|90/100\n|move|p1a: Grimmsnarl|Spirit Break|p2a: Terapagos\n|-damage|p2a: Terapagos|47/100\n|-unboost|p2a: Terapagos|spa|1\n|move|p1b: Calyrex|Glacial Lance|p2a: Terapagos|[spread] p2a,p2b\n|-damage|p2a: Terapagos|12/100\n|-damage|p2b: Cresselia|58/100\n|\n|-heal|p2a: Terapagos|18/100|[from] item: Leftovers\n|upkeep\n|turn|8\n|inactive|robbinzantinge has 30 seconds left.\n|\n|t:|1773519293\n|move|p2a: Terapagos|Protect|p2a: Terapagos\n|-singleturn|p2a: Terapagos|Protect\n|move|p1a: Grimmsnarl|Thunder Wave|p2a: Terapagos\n|-activate|p2a: Terapagos|move: Protect\n|move|p2b: Cresselia|Icy Wind|p1b: Calyrex|[spread] p1a,p1b\n|-resisted|p1b: Calyrex\n|-damage|p1a: Grimmsnarl|0 fnt\n|-damage|p1b: Calyrex|99/100\n|-unboost|p1b: Calyrex|spe|1\n|faint|p1a: Grimmsnarl\n|move|p1b: Calyrex|Glacial Lance|p2a: Terapagos|[spread] p2b\n|-activate|p2a: Terapagos|move: Protect\n|-damage|p2b: Cresselia|26/100\n|\n|-heal|p2a: Terapagos|24/100|[from] item: Leftovers\n|-heal|p1b: Calyrex|100/100|[from] item: Leftovers\n|-sideend|p1: jd8erh|move: Light Screen\n|upkeep\n|\n|t:|1773519298\n|switch|p1a: Incineroar|Incineroar, L50, F|43/100\n|-ability|p1a: Incineroar|Intimidate|boost\n|-unboost|p2a: Terapagos|atk|1\n|-unboost|p2b: Cresselia|atk|1\n|turn|9\n|inactive|robbinzantinge has 30 seconds left.\n|\n|t:|1773519329\n|move|p2a: Terapagos|Protect||[still]\n|-fail|p2a: Terapagos\n|move|p2b: Cresselia|Lunar Blessing|p2b: Cresselia|[spread] p2a,p2b\n|-heal|p2a: Terapagos|49/100\n|-heal|p2b: Cresselia|51/100\n|move|p1a: Incineroar|U-turn|p2a: Terapagos\n|-damage|p2a: Terapagos|36/100\n|\n|t:|1773519333\n|switch|p1a: Miraidon|Miraidon, L50|100/100|[from] U-turn\n|-fieldstart|move: Electric Terrain|[from] ability: Hadron Engine|[of] p1a: Miraidon\n|move|p1b: Calyrex|Glacial Lance|p2a: Terapagos|[spread] p2a,p2b\n|-damage|p2a: Terapagos|0 fnt\n|-damage|p2b: Cresselia|18/100\n|faint|p2a: Terapagos\n|-ability|p1b: Calyrex|Chilling Neigh|boost\n|-boost|p1b: Calyrex|atk|1\n|\n|upkeep\n|\n|t:|1773519356\n|switch|p2a: Ursaluna|Ursaluna, L50, F|94/100 brn\n|turn|10\n|\n|t:|1773519364\n|-terastallize|p2a: Ursaluna|Ghost\n|move|p2b: Cresselia|Helping Hand|p2a: Ursaluna\n|-singleturn|p2a: Ursaluna|Helping Hand|[of] p2b: Cresselia\n|move|p1a: Miraidon|Draco Meteor|p2a: Ursaluna\n|-damage|p2a: Ursaluna|24/100 brn\n|-unboost|p1a: Miraidon|spa|2\n|move|p2a: Ursaluna|Earthquake|p1b: Calyrex|[spread] p1a,p1b\n|-immune|p2b: Cresselia|[from] ability: Levitate\n|-supereffective|p1a: Miraidon\n|-damage|p1a: Miraidon|0 fnt\n|-damage|p1b: Calyrex|65/100\n|faint|p1a: Miraidon\n|move|p1b: Calyrex|Glacial Lance|p2a: Ursaluna|[spread] p2a,p2b\n|-damage|p2a: Ursaluna|0 fnt\n|-damage|p2b: Cresselia|0 fnt\n|faint|p2a: Ursaluna\n|faint|p2b: Cresselia\n|-ability|p1b: Calyrex|Chilling Neigh|boost\n|-boost|p1b: Calyrex|atk|2\n|\n|-heal|p1b: Calyrex|71/100|[from] item: Leftovers\n|-sideend|p1: jd8erh|Reflect\n|upkeep\n|c|\u2606jd8erh|Gg\n|\n|t:|1773519388\n|switch|p1a: Incineroar|Incineroar, L50, F|43/100\n|switch|p2b: Ho-Oh|Ho-Oh, L50|100/100\n|-ability|p1a: Incineroar|Intimidate|boost\n|-fail|p2b: Ho-Oh|unboost|[from] item: Clear Amulet|[of] p2b: Ho-Oh\n|turn|11\n|\n|t:|1773519396\n|-terastallize|p1b: Calyrex|Water\n|move|p2b: Ho-Oh|Protect|p2b: Ho-Oh\n|-singleturn|p2b: Ho-Oh|Protect\n|move|p1a: Incineroar|Fake Out|p2b: Ho-Oh\n|-activate|p2b: Ho-Oh|move: Protect\n|move|p1b: Calyrex|Trick Room|p1b: Calyrex\n|-fieldstart|move: Trick Room|[of] p1b: Calyrex\n|\n|-heal|p1b: Calyrex|77/100|[from] item: Leftovers\n|upkeep\n|turn|12\n|\n|t:|1773519411\n|move|p1b: Calyrex|Glacial Lance|p2b: Ho-Oh\n|-damage|p2b: Ho-Oh|0 fnt\n|faint|p2b: Ho-Oh\n|\n|win|jd8erh\n|raw|jd8erh's rating: 1425 &rarr; <strong>1439</strong><br />(+14 for winning)\n|raw|robbinzantinge's rating: 1323 &rarr; <strong>1309</strong><br />(-14 for losing)\n|l|\u2606robbinzantinge\n|player|p2|\n|l|\u2606jd8erh\n|player|p1|\n","uploadtime":1773519684,"views":16,"formatid":"gen9vgc2026regi","rating":1309,"private":0,"password":null}