{"id":"gen9vgc2026regi-2529986518","format":"[Gen 9] VGC 2026 Reg I","players":["CHR1SPHX","Low Tier Goodra"],"log":"|j|\u2606CHR1SPHX\n|j|\u2606Low Tier Goodra\n|t:|1769859092\n|gametype|doubles\n|player|p1|CHR1SPHX|hilbert-wonderlauncher|1388\n|player|p2|Low Tier Goodra|jasmine|1504\n|gen|9\n|tier|[Gen 9] VGC 2026 Reg I\n|rated|\n|rule|Species Clause: Limit one of each Pok\u00e9mon\n|rule|Item Clause: Limit 1 of each item\n|clearpoke\n|poke|p1|Raichu, L50, M|\n|poke|p1|Calyrex-Ice, L50|\n|poke|p1|Indeedee-F, L50, F|\n|poke|p1|Flutter Mane, L50|\n|poke|p1|Incineroar, L50, M|\n|poke|p1|Koraidon, L50|\n|poke|p2|Calyrex-Ice, L50|\n|poke|p2|Kyogre, L50|\n|poke|p2|Sinistcha-Masterpiece, L50|\n|poke|p2|Rillaboom, L50, M|\n|poke|p2|Ursaluna, L50, F|\n|poke|p2|Incineroar, L50, M|\n|teampreview|4\n|inactive|Battle timer is ON: inactive players will automatically lose when time's up. (requested by CHR1SPHX)\n|inactive|CHR1SPHX has 60 seconds left.\n|\n|t:|1769859123\n|teamsize|p1|4\n|teamsize|p2|4\n|start\n|switch|p1a: Calyrex|Calyrex-Ice, L50|100/100\n|switch|p1b: Raichu|Raichu, L50, M|100/100\n|switch|p2a: Rillaboom|Rillaboom, L50, M|100/100\n|switch|p2b: Calyrex|Calyrex-Ice, L50|100/100\n|-ability|p1a: Calyrex|As One\n|-ability|p1a: Calyrex|Unnerve\n|-ability|p2b: Calyrex|As One\n|-ability|p2b: Calyrex|Unnerve\n|-fieldstart|move: Grassy Terrain|[from] ability: Grassy Surge|[of] p2a: Rillaboom\n|turn|1\n|\n|t:|1769859147\n|move|p1a: Calyrex|Protect|p1a: Calyrex\n|-singleturn|p1a: Calyrex|Protect\n|move|p1b: Raichu|Fake Out|p2b: Calyrex\n|-damage|p2b: Calyrex|95/100\n|move|p2a: Rillaboom|Fake Out|p1a: Calyrex\n|-activate|p1a: Calyrex|move: Protect\n|cant|p2b: Calyrex|flinch\n|\n|-heal|p2b: Calyrex|100/100|[from] Grassy Terrain\n|upkeep\n|turn|2\n|\n|t:|1769859167\n|-terastallize|p2a: Rillaboom|Water\n|move|p1b: Raichu|Nuzzle|p2b: Calyrex\n|-damage|p2b: Calyrex|96/100\n|-status|p2b: Calyrex|par\n|move|p2a: Rillaboom|Wood Hammer|p1a: Calyrex\n|-damage|p1a: Calyrex|48/100\n|-damage|p2a: Rillaboom|81/100|[from] Recoil\n|move|p1a: Calyrex|Glacial Lance|p2b: Calyrex|[spread] p2a,p2b\n|-resisted|p2a: Rillaboom\n|-resisted|p2b: Calyrex\n|-damage|p2a: Rillaboom|54/100\n|-damage|p2b: Calyrex|77/100 par\n|move|p2b: Calyrex|Trick Room|p2b: Calyrex\n|-fieldstart|move: Trick Room|[of] p2b: Calyrex\n|\n|-heal|p2b: Calyrex|83/100 par|[from] Grassy Terrain\n|-heal|p1a: Calyrex|54/100|[from] Grassy Terrain\n|-heal|p2a: Rillaboom|60/100|[from] Grassy Terrain\n|upkeep\n|turn|3\n|\n|t:|1769859189\n|move|p1a: Calyrex|Protect|p1a: Calyrex\n|-singleturn|p1a: Calyrex|Protect\n|move|p2b: Calyrex|Glacial Lance|p1b: Raichu|[spread] p1b\n|-activate|p1a: Calyrex|move: Protect\n|-damage|p1b: Raichu|46/100\n|-enditem|p1b: Raichu|Red Card|[of] p2b: Calyrex\n|drag|p2b: Kyogre|Kyogre, L50|100/100\n|-weather|RainDance|[from] ability: Drizzle|[of] p2b: Kyogre\n|move|p2a: Rillaboom|U-turn|p1b: Raichu\n|-damage|p1b: Raichu|14/100\n|inactive|Low Tier Goodra has 30 seconds left.\n|\n|t:|1769859222\n|switch|p2a: Ursaluna|Ursaluna, L50, F|100/100|[from] U-turn\n|move|p1b: Raichu|Volt Switch|p2a: Ursaluna\n|-immune|p2a: Ursaluna\n|\n|-weather|RainDance|[upkeep]\n|-heal|p1a: Calyrex|60/100|[from] Grassy Terrain\n|-heal|p1b: Raichu|20/100|[from] Grassy Terrain\n|-status|p2a: Ursaluna|brn|[from] item: Flame Orb\n|upkeep\n|turn|4\n|\n|t:|1769859235\n|move|p2b: Kyogre|Water Spout|p1a: Calyrex|[spread] p1a,p1b\n|-damage|p1a: Calyrex|0 fnt\n|-damage|p1b: Raichu|0 fnt\n|faint|p1a: Calyrex\n|faint|p1b: Raichu\n|move|p2a: Ursaluna|Facade|p1: Calyrex|[notarget]\n|-fail|p2a: Ursaluna\n|\n|-weather|RainDance|[upkeep]\n|-damage|p2a: Ursaluna|95/100 brn|[from] brn\n|upkeep\n|\n|t:|1769859238\n|switch|p1a: Flutter Mane|Flutter Mane, L50|100/100\n|switch|p1b: Koraidon|Koraidon, L50|100/100\n|-weather|SunnyDay|[from] ability: Orichalcum Pulse|[of] p1b: Koraidon\n|-activate|p1a: Flutter Mane|ability: Protosynthesis\n|-start|p1a: Flutter Mane|protosynthesisspe\n|-activate|p1b: Koraidon|Orichalcum Pulse|[source]\n|turn|5\n|\n|t:|1769859257\n|switch|p2b: Calyrex|Calyrex-Ice, L50|83/100 par\n|-ability|p2b: Calyrex|As One\n|-ability|p2b: Calyrex|Unnerve\n|move|p1a: Flutter Mane|Protect|p1a: Flutter Mane\n|-singleturn|p1a: Flutter Mane|Protect\n|move|p2a: Ursaluna|Headlong Rush|p1a: Flutter Mane\n|-activate|p1a: Flutter Mane|move: Protect\n|move|p1b: Koraidon|Collision Course|p2b: Calyrex\n|-damage|p2b: Calyrex|41/100 par\n|\n|-weather|SunnyDay|[upkeep]\n|-heal|p2b: Calyrex|47/100 par|[from] Grassy Terrain\n|-heal|p2a: Ursaluna|100/100 brn|[from] Grassy Terrain\n|-damage|p2a: Ursaluna|95/100 brn|[from] brn\n|-fieldend|move: Grassy Terrain\n|upkeep\n|turn|6\n|inactive|CHR1SPHX has 30 seconds left.\n|\n|t:|1769859284\n|-terastallize|p1b: Koraidon|Fire\n|move|p2b: Calyrex|Glacial Lance|p1b: Koraidon|[spread] p1a,p1b\n|-resisted|p1b: Koraidon\n|-enditem|p1a: Flutter Mane|Focus Sash\n|-damage|p1a: Flutter Mane|1/100\n|-damage|p1b: Koraidon|81/100\n|move|p2a: Ursaluna|Facade|p1b: Koraidon\n|-damage|p1b: Koraidon|0 fnt\n|faint|p1b: Koraidon\n|move|p1a: Flutter Mane|Shadow Ball|p2b: Calyrex\n|-supereffective|p2b: Calyrex\n|-damage|p2b: Calyrex|0 fnt\n|faint|p2b: Calyrex\n|\n|-weather|SunnyDay|[upkeep]\n|-damage|p2a: Ursaluna|89/100 brn|[from] brn\n|-fieldend|move: Trick Room\n|upkeep\n|\n|t:|1769859297\n|switch|p2b: Kyogre|Kyogre, L50|100/100\n|-weather|RainDance|[from] ability: Drizzle|[of] p2b: Kyogre\n|-end|p1a: Flutter Mane|Protosynthesis\n|turn|7\n|-message|CHR1SPHX forfeited.\n|\n|win|Low Tier Goodra\n|raw|CHR1SPHX's rating: 1388 &rarr; <strong>1374</strong><br />(-14 for losing)\n|raw|Low Tier Goodra's rating: 1504 &rarr; <strong>1518</strong><br />(+14 for winning)\n|l|\u2606CHR1SPHX\n|player|p1|\n|l|\u2606Low Tier Goodra\n|player|p2|\n","uploadtime":1769859506,"views":10,"formatid":"gen9vgc2026regi","rating":1374,"private":0,"password":null}