{"id":"gen9vgc2026regi-2586790928","format":"[Gen 9] VGC 2026 Reg I","players":["sjknjhlhf","temeister"],"log":"|j|\u2606sjknjhlhf\n|j|\u2606temeister\n|t:|1776460168\n|gametype|doubles\n|player|p1|sjknjhlhf|266|1392\n|player|p2|temeister|1|1311\n|gen|9\n|tier|[Gen 9] VGC 2026 Reg I\n|rated|\n|rule|Species Clause: Limit one of each Pok\u00e9mon\n|rule|Item Clause: Limit 1 of each item\n|clearpoke\n|poke|p1|Amoonguss, L50, F|\n|poke|p1|Calyrex-Ice, L50|\n|poke|p1|Kyogre, L50|\n|poke|p1|Grimmsnarl, L50, M|\n|poke|p1|Basculegion, L50, M|\n|poke|p1|Archaludon, L50, F|\n|poke|p2|Calyrex-Ice, L50|\n|poke|p2|Lunala, L50|\n|poke|p2|Urshifu-*, L50, M|\n|poke|p2|Hatterene, L50, F|\n|poke|p2|Indeedee-F, L50, F|\n|poke|p2|Amoonguss, L50, M|\n|teampreview|4\n|inactive|Battle timer is ON: inactive players will automatically lose when time's up. (requested by sjknjhlhf)\n|inactive|temeister has 60 seconds left.\n|inactive|temeister has 30 seconds left.\n|l|\u2606sjknjhlhf\n|inactive|sjknjhlhf disconnected and has a minute to reconnect!\n|player|p1|\n|inactive|temeister has 20 seconds left.\n|inactive|temeister has 15 seconds left.\n|inactive|temeister has 10 seconds left.\n|inactive|temeister has 5 seconds left.\n|\n|t:|1776460267\n|teamsize|p1|4\n|teamsize|p2|4\n|start\n|switch|p1a: Calyrex|Calyrex-Ice, L50|100/100\n|switch|p1b: Kyogre|Kyogre, L50|100/100\n|switch|p2a: Calyrex|Calyrex-Ice, L50|100/100\n|switch|p2b: Lunala|Lunala, L50|100/100\n|-ability|p1a: Calyrex|As One\n|-ability|p1a: Calyrex|Unnerve\n|-ability|p2a: Calyrex|As One\n|-ability|p2a: Calyrex|Unnerve\n|-weather|RainDance|[from] ability: Drizzle|[of] p1b: Kyogre\n|turn|1\n|j|\u2606sjknjhlhf\n|inactive|sjknjhlhf reconnected and has 45 seconds left.\n|player|p1|sjknjhlhf|266|\n|inactive|sjknjhlhf has 30 seconds left.\n|inactive|temeister has 30 seconds left.\n|inactive|temeister has 20 seconds left.\n|inactive|temeister has 15 seconds left.\n|inactive|temeister has 10 seconds left.\n|inactive|temeister has 5 seconds left.\n|\n|t:|1776460322\n|move|p1b: Kyogre|Protect|p1b: Kyogre\n|-singleturn|p1b: Kyogre|Protect\n|move|p2a: Calyrex|Glacial Lance|p1a: Calyrex|[spread] p1a\n|-activate|p1b: Kyogre|move: Protect\n|-resisted|p1a: Calyrex\n|-damage|p1a: Calyrex|85/100\n|move|p2b: Lunala|Trick Room|p2b: Lunala\n|-fieldstart|move: Trick Room|[of] p2b: Lunala\n|move|p1a: Calyrex|Trick Room|p1a: Calyrex\n|-fieldend|move: Trick Room\n|\n|-weather|RainDance|[upkeep]\n|upkeep\n|turn|2\n|inactive|temeister has 30 seconds left.\n|inactive|temeister has 20 seconds left.\n|inactive|temeister has 15 seconds left.\n|inactive|temeister has 10 seconds left.\n|inactive|temeister has 5 seconds left.\n|\n|t:|1776460377\n|move|p1b: Kyogre|Water Spout|p2b: Lunala|[spread] p2a,p2b\n|-damage|p2a: Calyrex|19/100\n|-damage|p2b: Lunala|57/100\n|move|p2a: Calyrex|Glacial Lance|p1b: Kyogre|[spread] p1a,p1b\n|-resisted|p1a: Calyrex\n|-resisted|p1b: Kyogre\n|-damage|p1a: Calyrex|70/100\n|-damage|p1b: Kyogre|72/100\n|move|p2b: Lunala|Trick Room|p2b: Lunala\n|-fieldstart|move: Trick Room|[of] p2b: Lunala\n|move|p1a: Calyrex|Trick Room|p1a: Calyrex\n|-fieldend|move: Trick Room\n|\n|-weather|RainDance|[upkeep]\n|upkeep\n|turn|3\n|inactive|sjknjhlhf has 30 seconds left.\n|\n|t:|1776460405\n|move|p2b: Lunala|Wide Guard|p2b: Lunala\n|-singleturn|p2b: Lunala|Wide Guard\n|move|p1b: Kyogre|Water Spout|p2a: Calyrex|[spread] \n|-activate|p2a: Calyrex|move: Wide Guard\n|-activate|p2b: Lunala|move: Wide Guard\n|move|p1a: Calyrex|Glacial Lance|p2a: Calyrex|[spread] \n|-activate|p2a: Calyrex|move: Wide Guard\n|-activate|p2b: Lunala|move: Wide Guard\n|move|p2a: Calyrex|Glacial Lance|p1a: Calyrex|[spread] p1a,p1b\n|-resisted|p1a: Calyrex\n|-resisted|p1b: Kyogre\n|-damage|p1a: Calyrex|54/100\n|-damage|p1b: Kyogre|44/100\n|\n|-weather|RainDance|[upkeep]\n|upkeep\n|turn|4\n|\n|t:|1776460418\n|move|p1b: Kyogre|Hydro Pump|p2b: Lunala\n|-damage|p2b: Lunala|0 fnt\n|faint|p2b: Lunala\n|move|p1a: Calyrex|Glacial Lance|p2a: Calyrex\n|-resisted|p2a: Calyrex\n|-damage|p2a: Calyrex|0 fnt\n|faint|p2a: Calyrex\n|-ability|p1a: Calyrex|Chilling Neigh|boost\n|-boost|p1a: Calyrex|atk|1\n|\n|-weather|RainDance|[upkeep]\n|upkeep\n|\n|t:|1776460421\n|switch|p2b: Hatterene|Hatterene, L50, F|100/100\n|switch|p2a: Urshifu|Urshifu-Rapid-Strike, L50, M|100/100\n|turn|5\n|\n|t:|1776460440\n|-terastallize|p2a: Urshifu|Water\n|move|p2a: Urshifu|Surging Strikes|p1a: Calyrex\n|-crit|p1a: Calyrex\n|-damage|p1a: Calyrex|19/100\n|-crit|p1a: Calyrex\n|-damage|p1a: Calyrex|0 fnt\n|faint|p1a: Calyrex\n|-hitcount|p1: Calyrex|2\n|move|p1b: Kyogre|Origin Pulse|p2b: Hatterene|[spread] p2a,p2b\n|-resisted|p2a: Urshifu\n|-damage|p2a: Urshifu|43/100\n|-damage|p2b: Hatterene|2/100\n|move|p2b: Hatterene|Psychic|p1b: Kyogre\n|-damage|p1b: Kyogre|0 fnt\n|faint|p1b: Kyogre\n|-damage|p2b: Hatterene|0 fnt|[from] item: Life Orb\n|faint|p2b: Hatterene\n|\n|-weather|none\n|upkeep\n|\n|t:|1776460454\n|switch|p1b: Archaludon|Archaludon, L50, F|100/100\n|switch|p1a: Amoonguss|Amoonguss, L50, F|100/100\n|turn|6\n|-message|temeister forfeited.\n|\n|win|sjknjhlhf\n|raw|sjknjhlhf's rating: 1392 &rarr; <strong>1407</strong><br />(+15 for winning)\n|raw|temeister's rating: 1311 &rarr; <strong>1296</strong><br />(-15 for losing)\n|l|\u2606temeister\n|player|p2|\n|c|\u2606sjknjhlhf|lol\n|l|\u2606sjknjhlhf\n|player|p1|\n","uploadtime":1776460713,"views":10,"formatid":"gen9vgc2026regi","rating":1296,"private":0,"password":null}