{"id":"gen9vgc2026regi-2567871320","format":"[Gen 9] VGC 2026 Reg I","players":["terabvgc","Highkage2"],"log":"|j|\u2606terabvgc\n|j|\u2606Highkage2\n|t:|1774529318\n|gametype|doubles\n|player|p1|terabvgc|gambler|1416\n|player|p2|Highkage2|doubleteam|1633\n|gen|9\n|tier|[Gen 9] VGC 2026 Reg I\n|rated|\n|rule|Species Clause: Limit one of each Pok\u00e9mon\n|rule|Item Clause: Limit 1 of each item\n|clearpoke\n|poke|p1|Miraidon, L50|\n|poke|p1|Farigiraf, L50, M|\n|poke|p1|Iron Hands, L50|\n|poke|p1|Calyrex-Ice, L50|\n|poke|p1|Ogerpon-Hearthflame, L50, F|\n|poke|p1|Urshifu-*, L50, F|\n|poke|p2|Incineroar, L50, F|\n|poke|p2|Calyrex-Ice, L50|\n|poke|p2|Miraidon, L50|\n|poke|p2|Pelipper, L50, M|\n|poke|p2|Iron Treads, L50|\n|poke|p2|Volcarona, L50, F|\n|teampreview|4\n|inactive|Battle timer is ON: inactive players will automatically lose when time's up. (requested by terabvgc)\n|\n|t:|1774529342\n|teamsize|p1|4\n|teamsize|p2|4\n|start\n|switch|p1a: Miraidon|Miraidon, L50|100/100\n|switch|p1b: Urshifu|Urshifu-Rapid-Strike, L50, F|100/100\n|switch|p2a: Incineroar|Incineroar, L50, F|100/100\n|switch|p2b: Calyrex|Calyrex-Ice, L50|100/100\n|-ability|p2b: Calyrex|As One\n|-ability|p2b: Calyrex|Unnerve\n|-fieldstart|move: Electric Terrain|[from] ability: Hadron Engine|[of] p1a: Miraidon\n|-ability|p2a: Incineroar|Intimidate|boost\n|-unboost|p1a: Miraidon|atk|1\n|-unboost|p1b: Urshifu|atk|1\n|turn|1\n|inactive|terabvgc has 30 seconds left.\n|inactive|Highkage2 has 30 seconds left.\n|inactive|terabvgc has 20 seconds left.\n|inactive|Highkage2 has 20 seconds left.\n|inactive|terabvgc has 15 seconds left.\n|inactive|Highkage2 has 15 seconds left.\n|inactive|Highkage2 has 10 seconds left.\n|\n|t:|1774529388\n|switch|p1b: Calyrex|Calyrex-Ice, L50|100/100\n|-ability|p1b: Calyrex|As One\n|-ability|p1b: Calyrex|Unnerve\n|switch|p2a: Miraidon|Miraidon, L50|100/100\n|-activate|p2a: Miraidon|ability: Hadron Engine\n|switch|p2b: Iron Treads|Iron Treads, L50|100/100\n|-activate|p2b: Iron Treads|ability: Quark Drive\n|-start|p2b: Iron Treads|quarkdrivespe\n|move|p1a: Miraidon|Electro Drift|p2b: Iron Treads\n|-immune|p2b: Iron Treads\n|\n|upkeep\n|turn|2\n|inactive|terabvgc has 30 seconds left.\n|inactive|Highkage2 has 30 seconds left.\n|\n|t:|1774529414\n|switch|p1a: Ogerpon|Ogerpon-Hearthflame, L50, F|100/100\n|-ability|p1a: Ogerpon|Mold Breaker\n|move|p1b: Calyrex|Protect|p1b: Calyrex\n|-singleturn|p1b: Calyrex|Protect\n|move|p2b: Iron Treads|High Horsepower|p1a: Ogerpon\n|-damage|p1a: Ogerpon|10/100\n|move|p2a: Miraidon|Volt Switch|p1a: Ogerpon\n|-resisted|p1a: Ogerpon\n|-damage|p1a: Ogerpon|0 fnt\n|faint|p1a: Ogerpon\n|\n|t:|1774529428\n|switch|p2a: Incineroar|Incineroar, L50, F|100/100|[from] Volt Switch\n|-ability|p2a: Incineroar|Intimidate|boost\n|-fail|p1b: Calyrex|unboost|[from] item: Clear Amulet|[of] p1b: Calyrex\n|\n|upkeep\n|\n|t:|1774529437\n|switch|p1a: Urshifu|Urshifu-Rapid-Strike, L50, F|100/100\n|turn|3\n|\n|t:|1774529458\n|move|p2a: Incineroar|Fake Out|p1a: Urshifu\n|-damage|p1a: Urshifu|91/100\n|move|p2b: Iron Treads|High Horsepower|p1a: Urshifu\n|-damage|p1a: Urshifu|28/100\n|cant|p1a: Urshifu|flinch\n|move|p1b: Calyrex|Trick Room|p1b: Calyrex\n|-fieldstart|move: Trick Room|[of] p1b: Calyrex\n|\n|upkeep\n|turn|4\n|\n|t:|1774529479\n|-end|p2b: Iron Treads|Quark Drive|[silent]\n|switch|p2b: Calyrex|Calyrex-Ice, L50|100/100\n|-ability|p2b: Calyrex|As One\n|-ability|p2b: Calyrex|Unnerve\n|move|p1b: Calyrex|High Horsepower|p2b: Calyrex\n|-damage|p2b: Calyrex|77/100\n|move|p2a: Incineroar|Flare Blitz|p1a: Urshifu\n|-resisted|p1a: Urshifu\n|-damage|p1a: Urshifu|3/100\n|-damage|p2a: Incineroar|93/100|[from] Recoil\n|move|p1a: Urshifu|Surging Strikes|p2a: Incineroar\n|-supereffective|p2a: Incineroar\n|-crit|p2a: Incineroar\n|-damage|p2a: Incineroar|59/100\n|-supereffective|p2a: Incineroar\n|-crit|p2a: Incineroar\n|-damage|p2a: Incineroar|29/100\n|-supereffective|p2a: Incineroar\n|-crit|p2a: Incineroar\n|-damage|p2a: Incineroar|0 fnt\n|faint|p2a: Incineroar\n|-hitcount|p2: Incineroar|3\n|\n|-heal|p2b: Calyrex|83/100|[from] item: Leftovers\n|upkeep\n|\n|t:|1774529497\n|switch|p2a: Miraidon|Miraidon, L50|100/100\n|-activate|p2a: Miraidon|ability: Hadron Engine\n|turn|5\n|\n|t:|1774529508\n|-terastallize|p2a: Miraidon|Fairy\n|move|p1a: Urshifu|Aqua Jet|p2a: Miraidon\n|-damage|p2a: Miraidon|81/100\n|move|p1b: Calyrex|Glacial Lance|p2a: Miraidon|[spread] p2a,p2b\n|-resisted|p2b: Calyrex\n|-damage|p2a: Miraidon|35/100\n|-damage|p2b: Calyrex|67/100\n|move|p2b: Calyrex|Glacial Lance|p1a: Urshifu|[spread] p1a,p1b\n|-resisted|p1a: Urshifu\n|-resisted|p1b: Calyrex\n|-damage|p1a: Urshifu|0 fnt\n|-damage|p1b: Calyrex|86/100\n|faint|p1a: Urshifu\n|-ability|p2b: Calyrex|Chilling Neigh|boost\n|-boost|p2b: Calyrex|atk|1\n|move|p2a: Miraidon|Dazzling Gleam|p1b: Calyrex\n|-damage|p1b: Calyrex|29/100\n|\n|-heal|p2b: Calyrex|72/100|[from] item: Leftovers\n|-fieldend|move: Electric Terrain\n|upkeep\n|\n|t:|1774529516\n|switch|p1a: Miraidon|Miraidon, L50|100/100\n|-fieldstart|move: Electric Terrain|[from] ability: Hadron Engine|[of] p1a: Miraidon\n|turn|6\n|inactive|Highkage2 has 30 seconds left.\n|\n|t:|1774529545\n|switch|p2a: Iron Treads|Iron Treads, L50|100/100\n|-activate|p2a: Iron Treads|ability: Quark Drive\n|-start|p2a: Iron Treads|quarkdrivespe\n|-terastallize|p1a: Miraidon|Fairy\n|move|p1b: Calyrex|Glacial Lance|p2b: Calyrex|[spread] p2a,p2b\n|-resisted|p2b: Calyrex\n|-crit|p2b: Calyrex\n|-damage|p2a: Iron Treads|55/100\n|-damage|p2b: Calyrex|49/100\n|move|p2b: Calyrex|Glacial Lance|p1a: Miraidon|[spread] p1a,p1b\n|-resisted|p1b: Calyrex\n|-damage|p1a: Miraidon|13/100\n|-damage|p1b: Calyrex|5/100\n|move|p1a: Miraidon|Dazzling Gleam|p2a: Iron Treads|[spread] p2a,p2b\n|-resisted|p2a: Iron Treads\n|-damage|p2a: Iron Treads|22/100\n|-damage|p2b: Calyrex|23/100\n|\n|-heal|p2b: Calyrex|29/100|[from] item: Leftovers\n|upkeep\n|turn|7\n|inactive|terabvgc has 30 seconds left.\n|\n|t:|1774529577\n|move|p1b: Calyrex|High Horsepower|p2b: Calyrex\n|-damage|p2b: Calyrex|3/100\n|move|p2b: Calyrex|Glacial Lance|p1b: Calyrex|[spread] p1a,p1b\n|-resisted|p1b: Calyrex\n|-damage|p1a: Miraidon|0 fnt\n|-damage|p1b: Calyrex|0 fnt\n|faint|p1a: Miraidon\n|faint|p1b: Calyrex\n|\n|win|Highkage2\n|raw|terabvgc's rating: 1416 &rarr; <strong>1407</strong><br />(-9 for losing)\n|raw|Highkage2's rating: 1633 &rarr; <strong>1642</strong><br />(+9 for winning)\n|l|\u2606terabvgc\n|player|p1|\n","uploadtime":1774529839,"views":11,"formatid":"gen9vgc2026regi","rating":1407,"private":0,"password":null}