{"id":"gen9vgc2026regi-2554818829","format":"[Gen 9] VGC 2026 Reg I","players":["alexit93","phant0m_4tlas."],"log":"|j|\u2606alexit93\n|j|\u2606phant0m_4tlas.\n|t:|1773015336\n|gametype|doubles\n|player|p1|alexit93|lucas-gen4pt|1302\n|player|p2|phant0m_4tlas.|cynthia|1273\n|gen|9\n|tier|[Gen 9] VGC 2026 Reg I\n|rated|\n|rule|Species Clause: Limit one of each Pok\u00e9mon\n|rule|Item Clause: Limit 1 of each item\n|clearpoke\n|poke|p1|Zamazenta-*, L50|\n|poke|p1|Chien-Pao, L50|\n|poke|p1|Miraidon, L50|\n|poke|p1|Whimsicott, L50, F|\n|poke|p1|Farigiraf, L50, F|\n|poke|p1|Landorus, L50, M|\n|poke|p2|Miraidon, L50|\n|poke|p2|Zamazenta-*, L50|\n|poke|p2|Iron Hands, L50|\n|poke|p2|Ogerpon-Wellspring, L50, F|\n|poke|p2|Flutter Mane, L50|\n|poke|p2|Chi-Yu, L50|\n|teampreview|4\n|l|\u2606phant0m_4tlas.\n|player|p2|\n|j|\u2606phant0m_4tlas.\n|player|p2|phant0m_4tlas.|cynthia|\n|\n|t:|1773015374\n|teamsize|p1|4\n|teamsize|p2|4\n|start\n|switch|p1a: Miraidon|Miraidon, L50, shiny|100/100\n|switch|p1b: Whimsicott|Whimsicott, L50, F|100/100\n|switch|p2a: Toothless|Miraidon, L50|100/100\n|switch|p2b: God Fish|Chi-Yu, L50|100/100\n|-ability|p2b: God Fish|Beads of Ruin\n|-fieldstart|move: Electric Terrain|[from] ability: Hadron Engine|[of] p2a: Toothless\n|-activate|p1a: Miraidon|ability: Hadron Engine\n|turn|1\n|\n|t:|1773015401\n|-terastallize|p2a: Toothless|Fairy\n|move|p1b: Whimsicott|Tailwind|p1b: Whimsicott\n|-sidestart|p1: alexit93|move: Tailwind\n|move|p1a: Miraidon|Volt Switch|p2b: God Fish\n|-damage|p2b: God Fish|0 fnt\n|faint|p2b: God Fish\n|\n|t:|1773015409\n|switch|p1a: Landorus|Landorus, L50, M|100/100|[from] Volt Switch\n|move|p2a: Toothless|Dazzling Gleam|p1b: Whimsicott|[spread] p1a,p1b\n|-damage|p1a: Landorus|21/100\n|-damage|p1b: Whimsicott|9/100\n|\n|upkeep\n|\n|t:|1773015412\n|switch|p2b: Mane-iac|Flutter Mane, L50|100/100\n|-enditem|p2b: Mane-iac|Booster Energy\n|-activate|p2b: Mane-iac|ability: Protosynthesis|[fromitem]\n|-start|p2b: Mane-iac|protosynthesisspe\n|turn|2\n|\n|t:|1773015426\n|switch|p2a: Clifford|Zamazenta-Crowned, L50|100/100\n|-ability|p2a: Clifford|Dauntless Shield|boost\n|-boost|p2a: Clifford|def|1\n|move|p1b: Whimsicott|Moonblast|p2a: Clifford\n|-damage|p2a: Clifford|80/100\n|move|p1a: Landorus|Sludge Bomb|p2a: Clifford\n|-immune|p2a: Clifford\n|move|p2b: Mane-iac|Icy Wind|p1a: Landorus|[spread] p1a,p1b\n|-supereffective|p1a: Landorus\n|-supereffective|p1b: Whimsicott\n|-damage|p1a: Landorus|0 fnt\n|-damage|p1b: Whimsicott|0 fnt\n|faint|p1a: Landorus\n|faint|p1b: Whimsicott\n|\n|upkeep\n|\n|t:|1773015430\n|switch|p1b: Zamazenta|Zamazenta-Crowned, L50, shiny|100/100\n|switch|p1a: Miraidon|Miraidon, L50, shiny|100/100\n|-activate|p1a: Miraidon|ability: Hadron Engine\n|-ability|p1b: Zamazenta|Dauntless Shield|boost\n|-boost|p1b: Zamazenta|def|1\n|turn|3\n|\n|t:|1773015471\n|-terastallize|p1a: Miraidon|Fairy\n|move|p2b: Mane-iac|Protect|p2b: Mane-iac\n|-singleturn|p2b: Mane-iac|Protect\n|move|p2a: Clifford|Protect|p2a: Clifford\n|-singleturn|p2a: Clifford|Protect\n|move|p1a: Miraidon|Electro Drift|p2a: Clifford\n|-activate|p2a: Clifford|move: Protect\n|move|p1b: Zamazenta|Behemoth Bash|p2b: Mane-iac\n|-activate|p2b: Mane-iac|move: Protect\n|\n|upkeep\n|turn|4\n|\n|t:|1773015490\n|move|p1a: Miraidon|Electro Drift|p2a: Clifford\n|-damage|p2a: Clifford|0 fnt\n|faint|p2a: Clifford\n|move|p1b: Zamazenta|Behemoth Bash|p2b: Mane-iac\n|-supereffective|p2b: Mane-iac\n|-damage|p2b: Mane-iac|0 fnt\n|faint|p2b: Mane-iac\n|-end|p2b: Mane-iac|Protosynthesis|[silent]\n|\n|-sideend|p1: alexit93|move: Tailwind\n|upkeep\n|\n|t:|1773015495\n|switch|p2a: Toothless|Miraidon, L50, tera:Fairy|100/100\n|-activate|p2a: Toothless|ability: Hadron Engine\n|turn|5\n|\n|t:|1773015503\n|move|p2a: Toothless|Dazzling Gleam|p1b: Zamazenta|[spread] p1a,p1b\n|-damage|p1a: Miraidon|45/100\n|-damage|p1b: Zamazenta|51/100\n|move|p1a: Miraidon|Electro Drift|p2a: Toothless\n|-damage|p2a: Toothless|0 fnt\n|faint|p2a: Toothless\n|\n|win|alexit93\n|raw|alexit93's rating: 1302 &rarr; <strong>1320</strong><br />(+18 for winning)\n|raw|phant0m_4tlas.'s rating: 1273 &rarr; <strong>1250</strong><br />(-23 for losing)\n|l|\u2606phant0m_4tlas.\n|player|p2|\n|l|\u2606alexit93\n|player|p1|\n","uploadtime":1773015646,"views":13,"formatid":"gen9vgc2026regi","rating":1250,"private":0,"password":null}