{"id":"gen9vgc2026regi-2513058965","format":"[Gen 9] VGC 2026 Reg I","players":["mr bunnelby","VJ2511"],"log":"|j|\u2606mr bunnelby\n|j|\u2606VJ2511\n|t:|1767685701\n|gametype|doubles\n|player|p1|mr bunnelby|red|1087\n|player|p2|VJ2511|red-masters3|1382\n|gen|9\n|tier|[Gen 9] VGC 2026 Reg I\n|rated|\n|rule|Species Clause: Limit one of each Pok\u00e9mon\n|rule|Item Clause: Limit 1 of each item\n|clearpoke\n|poke|p1|Incineroar, L50, F|\n|poke|p1|Ho-Oh, L50|\n|poke|p1|Koraidon, L50|\n|poke|p1|Flutter Mane, L50|\n|poke|p1|Ogerpon-Cornerstone, L50, F|\n|poke|p1|Chien-Pao, L50|\n|poke|p2|Calyrex-Shadow, L50|\n|poke|p2|Zamazenta-*, L50|\n|poke|p2|Smeargle, L50, F|\n|poke|p2|Incineroar, L50, M|\n|poke|p2|Rillaboom, L50, F|\n|poke|p2|Raging Bolt, L50|\n|teampreview|4\n|inactive|Battle timer is ON: inactive players will automatically lose when time's up. (requested by mr bunnelby)\n|j| battlefront2remake\n|inactive|VJ2511 has 60 seconds left.\n|\n|t:|1767685749\n|teamsize|p1|4\n|teamsize|p2|4\n|start\n|switch|p1a: Flutter Mane|Flutter Mane, L50|100/100\n|switch|p1b: Koraidon|Koraidon, L50|100/100\n|switch|p2a: Zamazenta|Zamazenta-Crowned, L50|100/100\n|switch|p2b: Raging Bolt|Raging Bolt, L50|100/100\n|-weather|SunnyDay|[from] ability: Orichalcum Pulse|[of] p1b: Koraidon\n|-activate|p1a: Flutter Mane|ability: Protosynthesis\n|-start|p1a: Flutter Mane|protosynthesisspe\n|-activate|p2b: Raging Bolt|ability: Protosynthesis\n|-start|p2b: Raging Bolt|protosynthesisspa\n|-activate|p1b: Koraidon|Orichalcum Pulse|[source]\n|-ability|p2a: Zamazenta|Dauntless Shield|boost\n|-boost|p2a: Zamazenta|def|1\n|turn|1\n|inactive|mr bunnelby has 30 seconds left.\n|inactive|mr bunnelby has 20 seconds left.\n|inactive|mr bunnelby has 15 seconds left.\n|inactive|mr bunnelby has 10 seconds left.\n|\n|t:|1767685796\n|-terastallize|p2a: Zamazenta|Water\n|move|p1a: Flutter Mane|Moonblast|p2b: Raging Bolt\n|-supereffective|p2b: Raging Bolt\n|-crit|p2b: Raging Bolt\n|-damage|p2b: Raging Bolt|0 fnt\n|faint|p2b: Raging Bolt\n|-end|p2b: Raging Bolt|Protosynthesis|[silent]\n|move|p1b: Koraidon|Close Combat|p2a: Zamazenta\n|-damage|p2a: Zamazenta|60/100\n|-unboost|p1b: Koraidon|def|1\n|-unboost|p1b: Koraidon|spd|1\n|-damage|p1b: Koraidon|91/100|[from] item: Life Orb\n|move|p2a: Zamazenta|Heavy Slam|p1a: Flutter Mane\n|-supereffective|p1a: Flutter Mane\n|-enditem|p1a: Flutter Mane|Focus Sash\n|-damage|p1a: Flutter Mane|1/100\n|\n|-weather|SunnyDay|[upkeep]\n|upkeep\n|c|\u2606VJ2511|pluh\n|\n|t:|1767685811\n|switch|p2b: Incineroar|Incineroar, L50, M|100/100\n|-ability|p2b: Incineroar|Intimidate|boost\n|-unboost|p1a: Flutter Mane|atk|1\n|-unboost|p1b: Koraidon|atk|1\n|turn|2\n|\n|t:|1767685827\n|switch|p1b: Ho-Oh|Ho-Oh, L50|100/100\n|move|p1a: Flutter Mane|Protect|p1a: Flutter Mane\n|-singleturn|p1a: Flutter Mane|Protect\n|move|p2a: Zamazenta|Body Press|p1b: Ho-Oh\n|-resisted|p1b: Ho-Oh\n|-damage|p1b: Ho-Oh|70/100\n|move|p2b: Incineroar|Knock Off|p1a: Flutter Mane\n|-activate|p1a: Flutter Mane|move: Protect\n|\n|-weather|SunnyDay|[upkeep]\n|upkeep\n|turn|3\n|\n|t:|1767685844\n|move|p1a: Flutter Mane|Moonblast|p2a: Zamazenta\n|-damage|p2a: Zamazenta|27/100\n|move|p2a: Zamazenta|Heavy Slam|p1a: Flutter Mane\n|-supereffective|p1a: Flutter Mane\n|-damage|p1a: Flutter Mane|0 fnt\n|faint|p1a: Flutter Mane\n|-end|p1a: Flutter Mane|Protosynthesis|[silent]\n|move|p1b: Ho-Oh|Tailwind|p1b: Ho-Oh\n|-sidestart|p1: mr bunnelby|move: Tailwind\n|move|p2b: Incineroar|Knock Off|p1b: Ho-Oh\n|-damage|p1b: Ho-Oh|36/100\n|-enditem|p1b: Ho-Oh|Clear Amulet|[from] move: Knock Off|[of] p2b: Incineroar\n|\n|-weather|SunnyDay|[upkeep]\n|upkeep\n|inactive|mr bunnelby has 30 seconds left.\n|\n|t:|1767685874\n|switch|p1a: Koraidon|Koraidon, L50|91/100\n|-activate|p1a: Koraidon|ability: Orichalcum Pulse\n|turn|4\n|inactive|mr bunnelby has 30 seconds left.\n|\n|t:|1767685907\n|switch|p1b: Incineroar|Incineroar, L50, F|100/100\n|-ability|p1b: Incineroar|Intimidate|boost\n|-unboost|p2a: Zamazenta|atk|1\n|-unboost|p2b: Incineroar|atk|1\n|switch|p2b: Calyrex|Calyrex-Shadow, L50|100/100\n|-ability|p2b: Calyrex|As One\n|-ability|p2b: Calyrex|Unnerve\n|move|p1a: Koraidon|Protect|p1a: Koraidon\n|-singleturn|p1a: Koraidon|Protect\n|move|p2a: Zamazenta|Protect||[still]\n|-fail|p2a: Zamazenta\n|\n|-weather|SunnyDay|[upkeep]\n|upkeep\n|turn|5\n|inactive|mr bunnelby has 30 seconds left.\n|inactive|VJ2511 has 30 seconds left.\n|inactive|mr bunnelby has 20 seconds left.\n|inactive|mr bunnelby has 15 seconds left.\n|\n|t:|1767685948\n|switch|p2b: Incineroar|Incineroar, L50, M|100/100\n|-ability|p2b: Incineroar|Intimidate|boost\n|-unboost|p1a: Koraidon|atk|1\n|-unboost|p1b: Incineroar|atk|1\n|move|p1a: Koraidon|Close Combat|p2a: Zamazenta\n|-damage|p2a: Zamazenta|2/100\n|-unboost|p1a: Koraidon|def|1\n|-unboost|p1a: Koraidon|spd|1\n|-damage|p1a: Koraidon|81/100|[from] item: Life Orb\n|move|p1b: Incineroar|Knock Off|p2b: Incineroar\n|-resisted|p2b: Incineroar\n|-damage|p2b: Incineroar|91/100\n|-enditem|p2b: Incineroar|Safety Goggles|[from] move: Knock Off|[of] p1b: Incineroar\n|move|p2a: Zamazenta|Body Press|p1b: Incineroar\n|-supereffective|p1b: Incineroar\n|-damage|p1b: Incineroar|0 fnt\n|faint|p1b: Incineroar\n|\n|-weather|none\n|upkeep\n|\n|t:|1767685962\n|switch|p1b: Ho-Oh|Ho-Oh, L50|69/100\n|turn|6\n|\n|t:|1767685984\n|move|p2b: Incineroar|Fake Out|p1b: Ho-Oh\n|-damage|p1b: Ho-Oh|58/100\n|move|p1a: Koraidon|Close Combat|p2b: Incineroar\n|-supereffective|p2b: Incineroar\n|-damage|p2b: Incineroar|15/100\n|-unboost|p1a: Koraidon|def|1\n|-unboost|p1a: Koraidon|spd|1\n|-damage|p1a: Koraidon|72/100|[from] item: Life Orb\n|cant|p1b: Ho-Oh|flinch\n|move|p2a: Zamazenta|Body Press|p1b: Ho-Oh\n|-resisted|p1b: Ho-Oh\n|-damage|p1b: Ho-Oh|24/100\n|\n|-sideend|p1: mr bunnelby|move: Tailwind\n|upkeep\n|turn|7\n|inactive|mr bunnelby has 30 seconds left.\n|inactive|mr bunnelby has 20 seconds left.\n|\n|t:|1767686022\n|move|p1a: Koraidon|Flame Charge|p2a: Zamazenta\n|-resisted|p2a: Zamazenta\n|-damage|p2a: Zamazenta|0 fnt\n|-boost|p1a: Koraidon|spe|1\n|faint|p2a: Zamazenta\n|-damage|p1a: Koraidon|62/100|[from] item: Life Orb\n|move|p1b: Ho-Oh|Brave Bird|p2b: Incineroar\n|-damage|p2b: Incineroar|0 fnt\n|faint|p2b: Incineroar\n|-damage|p1b: Ho-Oh|19/100|[from] Recoil\n|\n|upkeep\n|\n|t:|1767686028\n|switch|p2a: Calyrex|Calyrex-Shadow, L50|100/100\n|-ability|p2a: Calyrex|As One\n|-ability|p2a: Calyrex|Unnerve\n|turn|8\n|inactive|mr bunnelby has 30 seconds left.\n|inactive|mr bunnelby has 20 seconds left.\n|\n|t:|1767686063\n|-terastallize|p1a: Koraidon|Fire\n|move|p1a: Koraidon|Flare Blitz|p2a: Calyrex\n|-damage|p2a: Calyrex|43/100\n|-damage|p1a: Koraidon|43/100|[from] Recoil\n|-damage|p1a: Koraidon|33/100|[from] item: Life Orb\n|move|p2a: Calyrex|Astral Barrage|p1b: Ho-Oh|[spread] p1a,p1b\n|-damage|p1a: Koraidon|0 fnt\n|-damage|p1b: Ho-Oh|0 fnt\n|faint|p1a: Koraidon\n|faint|p1b: Ho-Oh\n|-damage|p2a: Calyrex|33/100|[from] item: Life Orb\n|\n|win|VJ2511\n|raw|mr bunnelby's rating: 1087 &rarr; <strong>1080</strong><br />(-7 for losing)\n|raw|VJ2511's rating: 1382 &rarr; <strong>1388</strong><br />(+6 for winning)\n|l|\u2606VJ2511\n|player|p2|\n","uploadtime":1767686076,"views":15,"formatid":"gen9vgc2026regi","rating":1080,"private":0,"password":null}