{"id":"gen9vgc2026regi-2534767062","format":"[Gen 9] VGC 2026 Reg I","players":["sujisuji","jpto5"],"log":"|j|\u2606sujisuji\n|j|\u2606jpto5\n|t:|1770474605\n|gametype|doubles\n|player|p1|sujisuji|eusine|1302\n|player|p2|jpto5|bugcatcher-gen4dp|1244\n|gen|9\n|tier|[Gen 9] VGC 2026 Reg I\n|rated|\n|rule|Species Clause: Limit one of each Pok\u00e9mon\n|rule|Item Clause: Limit 1 of each item\n|clearpoke\n|poke|p1|Eternatus, L50|\n|poke|p1|Snorlax, L50, F|\n|poke|p1|Rillaboom, L50, M|\n|poke|p1|Calyrex-Ice, L50|\n|poke|p1|Swampert, L50, F|\n|poke|p1|Ninetales-Alola, L50, F|\n|poke|p2|Tornadus, L50, M|\n|poke|p2|Kyogre, L50|\n|poke|p2|Zacian-*, L50|\n|poke|p2|Archaludon, L50, F|\n|poke|p2|Basculegion, L50, M|\n|poke|p2|Chien-Pao, L50|\n|teampreview|4\n|inactive|Battle timer is ON: inactive players will automatically lose when time's up. (requested by sujisuji)\n|inactive|jpto5 also wants the timer to be on.\n|\n|t:|1770474630\n|teamsize|p1|4\n|teamsize|p2|4\n|start\n|switch|p1a: Ninetales|Ninetales-Alola, L50, F|100/100\n|switch|p1b: Swampert|Swampert, L50, F|100/100\n|switch|p2a: Tornadus|Tornadus, L50, M|100/100\n|switch|p2b: Kyogre|Kyogre, L50|100/100\n|-weather|RainDance|[from] ability: Drizzle|[of] p2b: Kyogre\n|-weather|Snowscape|[from] ability: Snow Warning|[of] p1a: Ninetales\n|turn|1\n|inactive|jpto5 has 30 seconds left.\n|\n|t:|1770474656\n|move|p2a: Tornadus|Taunt|p1a: Ninetales\n|-start|p1a: Ninetales|move: Taunt\n|move|p2b: Kyogre|Water Spout|p1a: Ninetales|[spread] p1a,p1b\n|-damage|p1a: Ninetales|35/100\n|-damage|p1b: Swampert|49/100\n|move|p1a: Ninetales|Freeze-Dry|p2b: Kyogre\n|-supereffective|p2b: Kyogre\n|-damage|p2b: Kyogre|32/100\n|move|p1b: Swampert|Stealth Rock|p2b: Kyogre\n|-sidestart|p2: jpto5|move: Stealth Rock\n|\n|-weather|Snowscape|[upkeep]\n|upkeep\n|turn|2\n|inactive|jpto5 has 30 seconds left.\n|\n|t:|1770474690\n|move|p2a: Tornadus|Rain Dance|p2a: Tornadus\n|-weather|RainDance\n|move|p2b: Kyogre|Water Spout|p1b: Swampert|[spread] p1a,p1b\n|-damage|p1a: Ninetales|3/100\n|-damage|p1b: Swampert|26/100\n|move|p1a: Ninetales|Freeze-Dry|p2b: Kyogre\n|-supereffective|p2b: Kyogre\n|-damage|p2b: Kyogre|0 fnt\n|faint|p2b: Kyogre\n|move|p1b: Swampert|Muddy Water|p2a: Tornadus\n|-damage|p2a: Tornadus|11/100\n|\n|-weather|RainDance|[upkeep]\n|upkeep\n|\n|t:|1770474700\n|switch|p2b: Zacian|Zacian-Crowned, L50|100/100\n|-damage|p2b: Zacian|95/100|[from] Stealth Rock\n|-ability|p2b: Zacian|Intrepid Sword|boost\n|-boost|p2b: Zacian|atk|1\n|turn|3\n|\n|t:|1770474718\n|move|p2b: Zacian|Behemoth Blade|p1a: Ninetales\n|-supereffective|p1a: Ninetales\n|-damage|p1a: Ninetales|0 fnt\n|faint|p1a: Ninetales\n|move|p2a: Tornadus|Bleakwind Storm|p1b: Swampert\n|-damage|p1b: Swampert|0 fnt\n|faint|p1b: Swampert\n|\n|-weather|RainDance|[upkeep]\n|upkeep\n|\n|t:|1770474726\n|switch|p1a: Calyrex|Calyrex-Ice, L50|100/100\n|switch|p1b: Eternatus|Eternatus, L50|100/100\n|-ability|p1a: Calyrex|As One\n|-ability|p1a: Calyrex|Unnerve\n|-ability|p1b: Eternatus|Pressure\n|turn|4\n|\n|t:|1770474750\n|move|p1a: Calyrex|Protect|p1a: Calyrex\n|-singleturn|p1a: Calyrex|Protect\n|move|p2a: Tornadus|Taunt|p1b: Eternatus\n|-start|p1b: Eternatus|move: Taunt\n|move|p2b: Zacian|Behemoth Blade|p1a: Calyrex\n|-activate|p1a: Calyrex|move: Protect\n|move|p1b: Eternatus|Dynamax Cannon|p2a: Tornadus\n|-damage|p2a: Tornadus|0 fnt\n|faint|p2a: Tornadus\n|\n|-weather|RainDance|[upkeep]\n|upkeep\n|\n|t:|1770474765\n|switch|p2a: Chien-Pao|Chien-Pao, L50|100/100\n|-damage|p2a: Chien-Pao|76/100|[from] Stealth Rock\n|-ability|p2a: Chien-Pao|Sword of Ruin\n|turn|5\n|inactive|jpto5 has 30 seconds left.\n|\n|t:|1770474793\n|-terastallize|p1a: Calyrex|Bug\n|move|p2b: Zacian|Behemoth Blade|p1a: Calyrex\n|-damage|p1a: Calyrex|20/100\n|move|p2a: Chien-Pao|Ice Spinner|p1b: Eternatus\n|-supereffective|p1b: Eternatus\n|-damage|p1b: Eternatus|40/100\n|move|p1b: Eternatus|Dynamax Cannon|p2a: Chien-Pao\n|-damage|p2a: Chien-Pao|6/100\n|move|p1a: Calyrex|Leech Seed|p2b: Zacian\n|-start|p2b: Zacian|move: Leech Seed\n|\n|-weather|RainDance|[upkeep]\n|-heal|p1b: Eternatus|46/100|[from] item: Black Sludge\n|-heal|p1a: Calyrex|26/100|[from] item: Leftovers\n|-damage|p2b: Zacian|83/100|[from] Leech Seed|[of] p1a: Calyrex\n|-heal|p1a: Calyrex|36/100|[silent]\n|upkeep\n|turn|6\n|\n|t:|1770474814\n|move|p1a: Calyrex|Protect|p1a: Calyrex\n|-singleturn|p1a: Calyrex|Protect\n|move|p2b: Zacian|Behemoth Blade|p1a: Calyrex\n|-activate|p1a: Calyrex|move: Protect\n|move|p2a: Chien-Pao|Ice Spinner|p1b: Eternatus\n|-supereffective|p1b: Eternatus\n|-damage|p1b: Eternatus|0 fnt\n|faint|p1b: Eternatus\n|\n|-weather|none\n|-heal|p1a: Calyrex|42/100|[from] item: Leftovers\n|-damage|p2b: Zacian|71/100|[from] Leech Seed|[of] p1a: Calyrex\n|-heal|p1a: Calyrex|51/100|[silent]\n|upkeep\n|turn|7\n|\n|t:|1770474839\n|move|p1a: Calyrex|Protect||[still]\n|-fail|p1a: Calyrex\n|move|p2b: Zacian|Behemoth Blade|p1a: Calyrex\n|-damage|p1a: Calyrex|0 fnt\n|faint|p1a: Calyrex\n|\n|win|jpto5\n|raw|sujisuji's rating: 1302 &rarr; <strong>1279</strong><br />(-23 for losing)\n|raw|jpto5's rating: 1244 &rarr; <strong>1273</strong><br />(+29 for winning)\n|l|\u2606jpto5\n|player|p2|\n|l|\u2606sujisuji\n|player|p1|\n","uploadtime":1770474977,"views":12,"formatid":"gen9vgc2026regi","rating":1273,"private":0,"password":null}