{"id":"gen9vgc2026regi-2537990828","format":"[Gen 9] VGC 2026 Reg I","players":["alzombie","TheManOfSausage"],"log":"|j|\u2606alzombie\n|j|\u2606TheManOfSausage\n|t:|1770873781\n|gametype|doubles\n|player|p1|alzombie|102|1302\n|player|p2|TheManOfSausage|miku-water|1309\n|gen|9\n|tier|[Gen 9] VGC 2026 Reg I\n|rated|\n|rule|Species Clause: Limit one of each Pok\u00e9mon\n|rule|Item Clause: Limit 1 of each item\n|clearpoke\n|poke|p1|Lunala, L50|\n|poke|p1|Ursaluna, L50, F|\n|poke|p1|Urshifu-*, L50, M|\n|poke|p1|Miraidon, L50|\n|poke|p1|Grimmsnarl, L50, M|\n|poke|p1|Incineroar, L50, F|\n|poke|p2|Calyrex-Shadow, L50|\n|poke|p2|Kyogre, L50|\n|poke|p2|Urshifu-*, L50, M|\n|poke|p2|Roaring Moon, L50|\n|poke|p2|Landorus, L50, M|\n|poke|p2|Raging Bolt, L50|\n|teampreview|4\n|inactive|Battle timer is ON: inactive players will automatically lose when time's up. (requested by alzombie)\n|\n|t:|1770873803\n|teamsize|p1|4\n|teamsize|p2|4\n|start\n|switch|p1a: Miraidon|Miraidon, L50|100/100\n|switch|p1b: Grimmsnarl|Grimmsnarl, L50, M|100/100\n|switch|p2a: Roaring Moon|Roaring Moon, L50|100/100\n|switch|p2b: Kyogre|Kyogre, L50|100/100\n|-fieldstart|move: Electric Terrain|[from] ability: Hadron Engine|[of] p1a: Miraidon\n|-weather|RainDance|[from] ability: Drizzle|[of] p2b: Kyogre\n|-enditem|p2a: Roaring Moon|Booster Energy\n|-activate|p2a: Roaring Moon|ability: Protosynthesis|[fromitem]\n|-start|p2a: Roaring Moon|protosynthesisspe\n|turn|1\n|\n|t:|1770873827\n|move|p2b: Kyogre|Protect|p2b: Kyogre\n|-singleturn|p2b: Kyogre|Protect\n|move|p1b: Grimmsnarl|Light Screen|p1b: Grimmsnarl\n|-sidestart|p1: alzombie|move: Light Screen\n|move|p2a: Roaring Moon|Knock Off|p1a: Miraidon\n|-crit|p1a: Miraidon\n|-damage|p1a: Miraidon|38/100\n|-enditem|p1a: Miraidon|Assault Vest|[from] move: Knock Off|[of] p2a: Roaring Moon\n|move|p1a: Miraidon|Snarl|p2b: Kyogre|[spread] p2a\n|-activate|p2b: Kyogre|move: Protect\n|-resisted|p2a: Roaring Moon\n|-damage|p2a: Roaring Moon|91/100\n|-unboost|p2a: Roaring Moon|spa|1\n|\n|-weather|RainDance|[upkeep]\n|upkeep\n|turn|2\n|\n|t:|1770873850\n|move|p1b: Grimmsnarl|Reflect|p1b: Grimmsnarl\n|-sidestart|p1: alzombie|Reflect\n|move|p2a: Roaring Moon|Tailwind|p2a: Roaring Moon\n|-sidestart|p2: TheManOfSausage|move: Tailwind\n|move|p2b: Kyogre|Water Spout|p1b: Grimmsnarl|[spread] p1a,p1b\n|-resisted|p1a: Miraidon\n|-damage|p1a: Miraidon|3/100\n|-damage|p1b: Grimmsnarl|26/100\n|move|p1a: Miraidon|Snarl|p2a: Roaring Moon|[spread] p2a,p2b\n|-resisted|p2a: Roaring Moon\n|-damage|p2a: Roaring Moon|81/100\n|-damage|p2b: Kyogre|85/100\n|-unboost|p2a: Roaring Moon|spa|1\n|-unboost|p2b: Kyogre|spa|1\n|\n|-weather|RainDance|[upkeep]\n|upkeep\n|turn|3\n|\n|t:|1770873868\n|move|p1b: Grimmsnarl|Taunt|p2b: Kyogre\n|-start|p2b: Kyogre|move: Taunt\n|move|p2a: Roaring Moon|Knock Off|p1a: Miraidon\n|-crit|p1a: Miraidon\n|-damage|p1a: Miraidon|0 fnt\n|faint|p1a: Miraidon\n|move|p2b: Kyogre|Water Spout|p1b: Grimmsnarl\n|-damage|p1b: Grimmsnarl|0 fnt\n|faint|p1b: Grimmsnarl\n|\n|-weather|RainDance|[upkeep]\n|upkeep\n|\n|t:|1770873881\n|switch|p1a: Lunala|Lunala, L50|100/100\n|switch|p1b: Urshifu|Urshifu-Rapid-Strike, L50, M|100/100\n|-enditem|p1a: Lunala|Electric Seed\n|-boost|p1a: Lunala|def|1|[from] item: Electric Seed\n|turn|4\n|\n|t:|1770873898\n|-terastallize|p2a: Roaring Moon|Flying\n|-terastallize|p1a: Lunala|Fairy\n|move|p2a: Roaring Moon|Acrobatics|p1b: Urshifu\n|-supereffective|p1b: Urshifu\n|-damage|p1b: Urshifu|29/100\n|move|p2b: Kyogre|Hydro Pump|p1b: Urshifu|[miss]\n|-miss|p2b: Kyogre|p1b: Urshifu\n|move|p1b: Urshifu|Surging Strikes|p2a: Roaring Moon\n|-crit|p2a: Roaring Moon\n|-damage|p2a: Roaring Moon|25/100\n|-crit|p2a: Roaring Moon\n|-damage|p2a: Roaring Moon|0 fnt\n|faint|p2a: Roaring Moon\n|-end|p2a: Roaring Moon|Protosynthesis|[silent]\n|-hitcount|p2: Roaring Moon|2\n|move|p1a: Lunala|Moonblast|p2b: Kyogre\n|-damage|p2b: Kyogre|50/100\n|\n|-weather|RainDance|[upkeep]\n|upkeep\n|\n|t:|1770873905\n|switch|p2a: Rice Shower|Calyrex-Shadow, L50|100/100\n|-ability|p2a: Rice Shower|As One\n|-ability|p2a: Rice Shower|Unnerve\n|turn|5\n|\n|t:|1770873927\n|move|p2a: Rice Shower|Psychic|p1b: Urshifu\n|-supereffective|p1b: Urshifu\n|-damage|p1b: Urshifu|0 fnt\n|faint|p1b: Urshifu\n|-ability|p2a: Rice Shower|Grim Neigh|boost\n|-boost|p2a: Rice Shower|spa|1\n|move|p2b: Kyogre|Water Spout|p1a: Lunala\n|-damage|p1a: Lunala|88/100\n|move|p1a: Lunala|Trick Room|p1a: Lunala\n|-fieldstart|move: Trick Room|[of] p1a: Lunala\n|\n|-weather|none\n|-end|p2b: Kyogre|move: Taunt\n|-sideend|p2: TheManOfSausage|move: Tailwind\n|-fieldend|move: Electric Terrain\n|upkeep\n|turn|6\n|\n|t:|1770873943\n|switch|p2b: Triple T|Landorus, L50, M|100/100\n|move|p1a: Lunala|Moongeist Beam|p2a: Rice Shower\n|-supereffective|p2a: Rice Shower\n|-enditem|p2a: Rice Shower|Focus Sash\n|-damage|p2a: Rice Shower|1/100\n|move|p2a: Rice Shower|Astral Barrage|p1a: Lunala\n|-damage|p1a: Lunala|30/100\n|\n|upkeep\n|turn|7\n|-message|alzombie forfeited.\n|\n|win|TheManOfSausage\n|raw|alzombie's rating: 1302 &rarr; <strong>1282</strong><br />(-20 for losing)\n|raw|TheManOfSausage's rating: 1309 &rarr; <strong>1329</strong><br />(+20 for winning)\n|l|\u2606alzombie\n|player|p1|\n|l|\u2606TheManOfSausage\n|player|p2|\n","uploadtime":1770874194,"views":13,"formatid":"gen9vgc2026regi","rating":1282,"private":0,"password":null}