{"id":"gen9vgc2026regi-2586294088","format":"[Gen 9] VGC 2026 Reg I","players":["yubanmeiqin\u5fa1\u5742\u5fa1\u5742","dasabe\u76d6\u6b27\u5361\u4fa0"],"log":"|j|\u2606yubanmeiqin\u5fa1\u5742\u5fa1\u5742\n|j|\u2606dasabe\u76d6\u6b27\u5361\u4fa0\n|t:|1776422247\n|gametype|doubles\n|player|p1|yubanmeiqin\u5fa1\u5742\u5fa1\u5742|lillie-masters2|\n|player|p2|dasabe\u76d6\u6b27\u5361\u4fa0|may-masters4|\n|gen|9\n|tier|[Gen 9] VGC 2026 Reg I\n|rule|Species Clause: Limit one of each Pok\u00e9mon\n|rule|Item Clause: Limit 1 of each item\n|clearpoke\n|poke|p1|Miraidon, L50|\n|poke|p1|Ho-Oh, L50|\n|poke|p1|Incineroar, L50, M|\n|poke|p1|Walking Wake, L50|\n|poke|p1|Landorus, L50, M|\n|poke|p1|Toxapex, L50, M|\n|poke|p2|Slither Wing, L50|\n|poke|p2|Koraidon, L50|\n|poke|p2|Lunala, L50|\n|poke|p2|Indeedee-F, L50, F|\n|poke|p2|Tornadus, L50, M|\n|poke|p2|Chi-Yu, L50|\n|teampreview|4\n|\n|t:|1776422275\n|teamsize|p1|4\n|teamsize|p2|4\n|start\n|switch|p1a: Ho-Oh|Ho-Oh, L50|100/100\n|switch|p1b: Incineroar|Incineroar, L50, M|100/100\n|switch|p2a: \u6545\u5927\u5305\u52d2|Koraidon, L50|100/100\n|switch|p2b: \u9732\u51fa\u5948\u7d2b|Lunala, L50|100/100\n|-weather|SunnyDay|[from] ability: Orichalcum Pulse|[of] p2a: \u6545\u5927\u5305\u52d2\n|-activate|p2a: \u6545\u5927\u5305\u52d2|Orichalcum Pulse|[source]\n|-ability|p1b: Incineroar|Intimidate|boost\n|-fail|p2a: \u6545\u5927\u5305\u52d2|unboost|[from] item: Clear Amulet|[of] p2a: \u6545\u5927\u5305\u52d2\n|-unboost|p2b: \u9732\u51fa\u5948\u7d2b|atk|1\n|turn|1\n|\n|t:|1776422285\n|switch|p1b: Toxapex|Toxapex, L50, M|100/100\n|move|p1a: Ho-Oh|Protect|p1a: Ho-Oh\n|-singleturn|p1a: Ho-Oh|Protect\n|move|p2a: \u6545\u5927\u5305\u52d2|Collision Course|p1b: Toxapex\n|-resisted|p1b: Toxapex\n|-damage|p1b: Toxapex|75/100\n|move|p2b: \u9732\u51fa\u5948\u7d2b|Meteor Beam||[still]\n|-prepare|p2b: \u9732\u51fa\u5948\u7d2b|Meteor Beam\n|-boost|p2b: \u9732\u51fa\u5948\u7d2b|spa|1\n|-enditem|p2b: \u9732\u51fa\u5948\u7d2b|Power Herb\n|-anim|p2b: \u9732\u51fa\u5948\u7d2b|Meteor Beam|p1a: Ho-Oh\n|-activate|p1a: Ho-Oh|move: Protect\n|\n|-weather|SunnyDay|[upkeep]\n|upkeep\n|turn|2\n|\n|t:|1776422299\n|switch|p2a: \u4f8d\u7684\u6211\u7231\u5bfc\u7ba1|Indeedee-F, L50, F|100/100\n|-fieldstart|move: Psychic Terrain|[from] ability: Psychic Surge|[of] p2a: \u4f8d\u7684\u6211\u7231\u5bfc\u7ba1\n|move|p1b: Toxapex|Wide Guard|p1b: Toxapex\n|-singleturn|p1b: Toxapex|Wide Guard\n|move|p2b: \u9732\u51fa\u5948\u7d2b|Expanding Force|p1a: Ho-Oh|[spread] \n|-activate|p1a: Ho-Oh|move: Wide Guard\n|-activate|p1b: Toxapex|move: Wide Guard\n|move|p1a: Ho-Oh|Whirlwind|p2b: \u9732\u51fa\u5948\u7d2b\n|drag|p2b: \u61d2\u722c|Slither Wing, L50, shiny|100/100\n|-activate|p2b: \u61d2\u722c|ability: Protosynthesis\n|-start|p2b: \u61d2\u722c|protosynthesisatk\n|\n|-weather|SunnyDay|[upkeep]\n|upkeep\n|turn|3\n|\n|t:|1776422316\n|-end|p2b: \u61d2\u722c|Protosynthesis|[silent]\n|switch|p2b: \u6545\u5927\u5305\u52d2|Koraidon, L50|100/100\n|-activate|p2b: \u6545\u5927\u5305\u52d2|ability: Orichalcum Pulse\n|switch|p1b: Incineroar|Incineroar, L50, M|100/100\n|-ability|p1b: Incineroar|Intimidate|boost\n|-unboost|p2a: \u4f8d\u7684\u6211\u7231\u5bfc\u7ba1|atk|1\n|-fail|p2b: \u6545\u5927\u5305\u52d2|unboost|[from] item: Clear Amulet|[of] p2b: \u6545\u5927\u5305\u52d2\n|move|p2a: \u4f8d\u7684\u6211\u7231\u5bfc\u7ba1|Follow Me|p2a: \u4f8d\u7684\u6211\u7231\u5bfc\u7ba1\n|-singleturn|p2a: \u4f8d\u7684\u6211\u7231\u5bfc\u7ba1|move: Follow Me\n|move|p1a: Ho-Oh|Sacred Fire|p2a: \u4f8d\u7684\u6211\u7231\u5bfc\u7ba1\n|-damage|p2a: \u4f8d\u7684\u6211\u7231\u5bfc\u7ba1|21/100\n|-enditem|p2a: \u4f8d\u7684\u6211\u7231\u5bfc\u7ba1|Eject Button\n|\n|t:|1776422321\n|switch|p2a: \u9732\u51fa\u5948\u7d2b|Lunala, L50|100/100\n|\n|-weather|SunnyDay|[upkeep]\n|upkeep\n|turn|4\n|\n|t:|1776422336\n|switch|p1a: Miraidon|Miraidon, L50|100/100\n|-fieldstart|move: Electric Terrain|[from] ability: Hadron Engine|[of] p1a: Miraidon\n|-terastallize|p2b: \u6545\u5927\u5305\u52d2|Fire\n|move|p1b: Incineroar|Fake Out|p2b: \u6545\u5927\u5305\u52d2\n|-damage|p2b: \u6545\u5927\u5305\u52d2|93/100\n|cant|p2b: \u6545\u5927\u5305\u52d2|flinch\n|move|p2a: \u9732\u51fa\u5948\u7d2b|Expanding Force|p1a: Miraidon\n|-damage|p1a: Miraidon|64/100\n|\n|-weather|SunnyDay|[upkeep]\n|upkeep\n|turn|5\n|\n|t:|1776422352\n|move|p2b: \u6545\u5927\u5305\u52d2|Protect|p2b: \u6545\u5927\u5305\u52d2\n|-singleturn|p2b: \u6545\u5927\u5305\u52d2|Protect\n|move|p1a: Miraidon|Electro Drift|p2b: \u6545\u5927\u5305\u52d2\n|-activate|p2b: \u6545\u5927\u5305\u52d2|move: Protect\n|move|p2a: \u9732\u51fa\u5948\u7d2b|Expanding Force|p1b: Incineroar\n|-immune|p1b: Incineroar\n|move|p1b: Incineroar|U-turn|p2a: \u9732\u51fa\u5948\u7d2b\n|-damage|p2a: \u9732\u51fa\u5948\u7d2b|93/100\n|c|\u2606yubanmeiqin\u5fa1\u5742\u5fa1\u5742|\ud83d\ude0b\n|\n|t:|1776422366\n|switch|p1b: Ho-Oh|Ho-Oh, L50|100/100|[from] U-turn\n|\n|-weather|none\n|upkeep\n|turn|6\n|\n|t:|1776422385\n|switch|p1a: Incineroar|Incineroar, L50, M|100/100\n|-ability|p1a: Incineroar|Intimidate|boost\n|-unboost|p2a: \u9732\u51fa\u5948\u7d2b|atk|1\n|-fail|p2b: \u6545\u5927\u5305\u52d2|unboost|[from] item: Clear Amulet|[of] p2b: \u6545\u5927\u5305\u52d2\n|switch|p2a: \u4f8d\u7684\u6211\u7231\u5bfc\u7ba1|Indeedee-F, L50, F|21/100\n|-fieldstart|move: Psychic Terrain|[from] ability: Psychic Surge|[of] p2a: \u4f8d\u7684\u6211\u7231\u5bfc\u7ba1\n|move|p2b: \u6545\u5927\u5305\u52d2|Collision Course|p1a: Incineroar\n|-supereffective|p1a: Incineroar\n|-damage|p1a: Incineroar|0 fnt\n|faint|p1a: Incineroar\n|move|p1b: Ho-Oh|Sacred Fire|p2b: \u6545\u5927\u5305\u52d2\n|-resisted|p2b: \u6545\u5927\u5305\u52d2\n|-damage|p2b: \u6545\u5927\u5305\u52d2|77/100\n|\n|upkeep\n|c|\u2606yubanmeiqin\u5fa1\u5742\u5fa1\u5742|\ud83d\ude21\n|\n|t:|1776422400\n|switch|p1a: Miraidon|Miraidon, L50|64/100\n|-fieldstart|move: Electric Terrain|[from] ability: Hadron Engine|[of] p1a: Miraidon\n|turn|7\n|\n|t:|1776422420\n|switch|p2a: \u61d2\u722c|Slither Wing, L50, shiny|100/100\n|move|p2b: \u6545\u5927\u5305\u52d2|Protect|p2b: \u6545\u5927\u5305\u52d2\n|-singleturn|p2b: \u6545\u5927\u5305\u52d2|Protect\n|move|p1a: Miraidon|Electro Drift|p2b: \u6545\u5927\u5305\u52d2\n|-activate|p2b: \u6545\u5927\u5305\u52d2|move: Protect\n|move|p1b: Ho-Oh|Sacred Fire|p2a: \u61d2\u722c\n|-supereffective|p2a: \u61d2\u722c\n|-damage|p2a: \u61d2\u722c|9/100\n|-status|p2a: \u61d2\u722c|brn\n|\n|-damage|p2a: \u61d2\u722c|3/100 brn|[from] brn\n|upkeep\n|turn|8\n|\n|t:|1776422436\n|switch|p1a: Toxapex|Toxapex, L50, M|100/100\n|switch|p2b: \u9732\u51fa\u5948\u7d2b|Lunala, L50|93/100\n|move|p2a: \u61d2\u722c|Will-O-Wisp|p1a: Toxapex\n|-status|p1a: Toxapex|brn\n|move|p1b: Ho-Oh|Sacred Fire|p2b: \u9732\u51fa\u5948\u7d2b\n|-crit|p2b: \u9732\u51fa\u5948\u7d2b\n|-damage|p2b: \u9732\u51fa\u5948\u7d2b|41/100\n|-status|p2b: \u9732\u51fa\u5948\u7d2b|brn\n|\n|-damage|p2b: \u9732\u51fa\u5948\u7d2b|35/100 brn|[from] brn\n|-damage|p2a: \u61d2\u722c|0 fnt|[from] brn\n|faint|p2a: \u61d2\u722c\n|-end|p2a: \u61d2\u722c|Protosynthesis|[silent]\n|-damage|p1a: Toxapex|95/100 brn|[from] brn\n|upkeep\n|\n|t:|1776422444\n|switch|p2a: \u4f8d\u7684\u6211\u7231\u5bfc\u7ba1|Indeedee-F, L50, F|21/100\n|-fieldstart|move: Psychic Terrain|[from] ability: Psychic Surge|[of] p2a: \u4f8d\u7684\u6211\u7231\u5bfc\u7ba1\n|turn|9\n|\n|t:|1776422457\n|move|p1a: Toxapex|Wide Guard|p1a: Toxapex\n|-singleturn|p1a: Toxapex|Wide Guard\n|move|p2a: \u4f8d\u7684\u6211\u7231\u5bfc\u7ba1|Follow Me|p2a: \u4f8d\u7684\u6211\u7231\u5bfc\u7ba1\n|-singleturn|p2a: \u4f8d\u7684\u6211\u7231\u5bfc\u7ba1|move: Follow Me\n|move|p2b: \u9732\u51fa\u5948\u7d2b|Moongeist Beam|p1b: Ho-Oh\n|-damage|p1b: Ho-Oh|69/100\n|move|p1b: Ho-Oh|Sacred Fire|p2a: \u4f8d\u7684\u6211\u7231\u5bfc\u7ba1\n|-damage|p2a: \u4f8d\u7684\u6211\u7231\u5bfc\u7ba1|0 fnt\n|faint|p2a: \u4f8d\u7684\u6211\u7231\u5bfc\u7ba1\n|\n|-damage|p2b: \u9732\u51fa\u5948\u7d2b|29/100 brn|[from] brn\n|-damage|p1a: Toxapex|89/100 brn|[from] brn\n|upkeep\n|\n|t:|1776422459\n|switch|p2a: \u6545\u5927\u5305\u52d2|Koraidon, L50, tera:Fire|77/100\n|-weather|SunnyDay|[from] ability: Orichalcum Pulse|[of] p2a: \u6545\u5927\u5305\u52d2\n|-activate|p2a: \u6545\u5927\u5305\u52d2|Orichalcum Pulse|[source]\n|turn|10\n|\n|t:|1776422476\n|switch|p1b: Miraidon|Miraidon, L50|64/100\n|-fieldstart|move: Electric Terrain|[from] ability: Hadron Engine|[of] p1b: Miraidon\n|-terastallize|p1a: Toxapex|Dark\n|move|p2a: \u6545\u5927\u5305\u52d2|Protect|p2a: \u6545\u5927\u5305\u52d2\n|-singleturn|p2a: \u6545\u5927\u5305\u52d2|Protect\n|move|p2b: \u9732\u51fa\u5948\u7d2b|Moongeist Beam|p1b: Miraidon\n|-damage|p1b: Miraidon|19/100\n|move|p1a: Toxapex|Infestation|p2b: \u9732\u51fa\u5948\u7d2b\n|-damage|p2b: \u9732\u51fa\u5948\u7d2b|27/100 brn\n|-activate|p2b: \u9732\u51fa\u5948\u7d2b|move: Infestation|[of] p1a: Toxapex\n|\n|-weather|SunnyDay|[upkeep]\n|-damage|p2b: \u9732\u51fa\u5948\u7d2b|22/100 brn|[from] brn\n|-damage|p1a: Toxapex|83/100 brn|[from] brn\n|-damage|p2b: \u9732\u51fa\u5948\u7d2b|9/100 brn|[from] move: Infestation|[partiallytrapped]\n|upkeep\n|turn|11\n|\n|t:|1776422494\n|move|p2a: \u6545\u5927\u5305\u52d2|Protect||[still]\n|-fail|p2a: \u6545\u5927\u5305\u52d2\n|move|p1a: Toxapex|Baneful Bunker|p1a: Toxapex\n|-singleturn|p1a: Toxapex|move: Protect\n|move|p1b: Miraidon|Electro Drift|p2a: \u6545\u5927\u5305\u52d2\n|-damage|p2a: \u6545\u5927\u5305\u52d2|0 fnt\n|faint|p2a: \u6545\u5927\u5305\u52d2\n|move|p2b: \u9732\u51fa\u5948\u7d2b|Moongeist Beam|p1b: Miraidon\n|-damage|p1b: Miraidon|0 fnt\n|faint|p1b: Miraidon\n|\n|-weather|SunnyDay|[upkeep]\n|-damage|p2b: \u9732\u51fa\u5948\u7d2b|3/100 brn|[from] brn\n|-damage|p1a: Toxapex|78/100 brn|[from] brn\n|-damage|p2b: \u9732\u51fa\u5948\u7d2b|0 fnt|[from] move: Infestation|[partiallytrapped]\n|faint|p2b: \u9732\u51fa\u5948\u7d2b\n|\n|win|yubanmeiqin\u5fa1\u5742\u5fa1\u5742\n|l|\u2606dasabe\u76d6\u6b27\u5361\u4fa0\n|player|p2|\n","uploadtime":1776422511,"views":17,"formatid":"gen9vgc2026regi","rating":null,"private":0,"password":null}