{"id":"gen9vgc2026regi-2552738116","format":"[Gen 9] VGC 2026 Reg I","players":["xjazuu","lalo's pollos"],"log":"|j|\u2606xjazuu\n|j|\u2606lalo's pollos\n|t:|1772748406\n|gametype|doubles\n|player|p1|xjazuu|170|1398\n|player|p2|lalo's pollos|266|1441\n|gen|9\n|tier|[Gen 9] VGC 2026 Reg I\n|rated|\n|rule|Species Clause: Limit one of each Pok\u00e9mon\n|rule|Item Clause: Limit 1 of each item\n|clearpoke\n|poke|p1|Calyrex-Ice, L50|\n|poke|p1|Miraidon, L50|\n|poke|p1|Urshifu-*, L50, M|\n|poke|p1|Grimmsnarl, L50, M|\n|poke|p1|Pelipper, L50, F|\n|poke|p1|Farigiraf, L50, F|\n|poke|p2|Calyrex-Shadow, L50|\n|poke|p2|Koraidon, L50|\n|poke|p2|Gothitelle, L50, M|\n|poke|p2|Scream Tail, L50|\n|poke|p2|Incineroar, L50, F|\n|poke|p2|Amoonguss, L50, F|\n|teampreview|4\n|\n|t:|1772748430\n|teamsize|p1|4\n|teamsize|p2|4\n|start\n|switch|p1a: Grimmsnarl|Grimmsnarl, L50, M|100/100\n|switch|p1b: Miraidon|Miraidon, L50|100/100\n|switch|p2a: Scream Tail|Scream Tail, L50|100/100\n|switch|p2b: Incineroar|Incineroar, L50, F|100/100\n|-fieldstart|move: Electric Terrain|[from] ability: Hadron Engine|[of] p1b: Miraidon\n|-ability|p2b: Incineroar|Intimidate|boost\n|-unboost|p1a: Grimmsnarl|atk|1\n|-unboost|p1b: Miraidon|atk|1\n|-enditem|p2a: Scream Tail|Booster Energy\n|-activate|p2a: Scream Tail|ability: Protosynthesis|[fromitem]\n|-start|p2a: Scream Tail|protosynthesisspe\n|turn|1\n|\n|t:|1772748447\n|switch|p2b: Gothitelle|Gothitelle, L50, M|100/100\n|move|p2a: Scream Tail|Protect|p2a: Scream Tail\n|-singleturn|p2a: Scream Tail|Protect\n|move|p1a: Grimmsnarl|Fake Out|p2a: Scream Tail\n|-activate|p2a: Scream Tail|move: Protect\n|move|p1b: Miraidon|Electro Drift|p2b: Gothitelle\n|-damage|p2b: Gothitelle|37/100\n|\n|-heal|p2b: Gothitelle|43/100|[from] item: Leftovers\n|upkeep\n|turn|2\n|\n|t:|1772748484\n|move|p2b: Gothitelle|Fake Out|p1b: Miraidon\n|-damage|p1b: Miraidon|96/100\n|move|p1a: Grimmsnarl|Light Screen|p1a: Grimmsnarl\n|-sidestart|p1: xjazuu|move: Light Screen\n|move|p2a: Scream Tail|Perish Song|p2a: Scream Tail\n|-start|p1a: Grimmsnarl|perish3|[silent]\n|-start|p1b: Miraidon|perish3|[silent]\n|-start|p2a: Scream Tail|perish3|[silent]\n|-start|p2b: Gothitelle|perish3|[silent]\n|-fieldactivate|move: Perish Song\n|cant|p1b: Miraidon|flinch\n|\n|-heal|p2b: Gothitelle|50/100|[from] item: Leftovers\n|-start|p2a: Scream Tail|perish3\n|-start|p1b: Miraidon|perish3\n|-start|p1a: Grimmsnarl|perish3\n|-start|p2b: Gothitelle|perish3\n|upkeep\n|turn|3\n|\n|t:|1772748502\n|move|p2a: Scream Tail|Protect|p2a: Scream Tail\n|-singleturn|p2a: Scream Tail|Protect\n|move|p2b: Gothitelle|Protect|p2b: Gothitelle\n|-singleturn|p2b: Gothitelle|Protect\n|move|p1a: Grimmsnarl|Reflect|p1a: Grimmsnarl\n|-sidestart|p1: xjazuu|Reflect\n|move|p1b: Miraidon|Volt Switch|p2b: Gothitelle\n|-activate|p2b: Gothitelle|move: Protect\n|\n|-heal|p2b: Gothitelle|56/100|[from] item: Leftovers\n|-start|p2a: Scream Tail|perish2\n|-start|p1b: Miraidon|perish2\n|-start|p1a: Grimmsnarl|perish2\n|-start|p2b: Gothitelle|perish2\n|upkeep\n|turn|4\n|\n|t:|1772748518\n|move|p2a: Scream Tail|Disable|p1b: Miraidon\n|-start|p1b: Miraidon|Disable|Volt Switch\n|cant|p1b: Miraidon|Disable|Volt Switch\n|move|p1a: Grimmsnarl|Spirit Break|p2a: Scream Tail\n|-damage|p2a: Scream Tail|83/100\n|-unboost|p2a: Scream Tail|spa|1\n|move|p2b: Gothitelle|Taunt|p1a: Grimmsnarl\n|-start|p1a: Grimmsnarl|move: Taunt\n|\n|-heal|p2b: Gothitelle|62/100|[from] item: Leftovers\n|-start|p2a: Scream Tail|perish1\n|-start|p1b: Miraidon|perish1\n|-start|p1a: Grimmsnarl|perish1\n|-start|p2b: Gothitelle|perish1\n|upkeep\n|turn|5\n|\n|t:|1772748542\n|-end|p2a: Scream Tail|Protosynthesis|[silent]\n|switch|p2a: Incineroar|Incineroar, L50, F|100/100\n|-ability|p2a: Incineroar|Intimidate|boost\n|-unboost|p1a: Grimmsnarl|atk|1\n|-unboost|p1b: Miraidon|atk|1\n|move|p2b: Gothitelle|Protect|p2b: Gothitelle\n|-singleturn|p2b: Gothitelle|Protect\n|move|p1b: Miraidon|Electro Drift|p2a: Incineroar\n|-damage|p2a: Incineroar|45/100\n|move|p1a: Grimmsnarl|Spirit Break|p2b: Gothitelle\n|-activate|p2b: Gothitelle|move: Protect\n|\n|-heal|p2b: Gothitelle|68/100|[from] item: Leftovers\n|-start|p1b: Miraidon|perish0\n|-start|p1a: Grimmsnarl|perish0\n|-start|p2b: Gothitelle|perish0\n|faint|p1b: Miraidon\n|faint|p1a: Grimmsnarl\n|faint|p2b: Gothitelle\n|-fieldend|move: Electric Terrain\n|upkeep\n|\n|t:|1772748558\n|switch|p1b: Calyrex|Calyrex-Ice, L50|100/100\n|switch|p1a: Pelipper|Pelipper, L50, F|100/100\n|switch|p2b: Calyrex|Calyrex-Shadow, L50|100/100\n|-ability|p2b: Calyrex|As One\n|-ability|p2b: Calyrex|Unnerve\n|-ability|p1b: Calyrex|As One\n|-ability|p1b: Calyrex|Unnerve\n|-weather|RainDance|[from] ability: Drizzle|[of] p1a: Pelipper\n|turn|6\n|inactive|Battle timer is ON: inactive players will automatically lose when time's up. (requested by xjazuu)\n|\n|t:|1772748593\n|move|p1b: Calyrex|Protect|p1b: Calyrex\n|-singleturn|p1b: Calyrex|Protect\n|move|p2a: Incineroar|Fake Out|p1a: Pelipper\n|-damage|p1a: Pelipper|93/100\n|move|p2b: Calyrex|Astral Barrage|p1a: Pelipper|[spread] p1a\n|-activate|p1b: Calyrex|move: Protect\n|-damage|p1a: Pelipper|56/100\n|cant|p1a: Pelipper|flinch\n|\n|-weather|RainDance|[upkeep]\n|upkeep\n|turn|7\n|\n|t:|1772748609\n|switch|p2a: Scream Tail|Scream Tail, L50|83/100\n|-terastallize|p1b: Calyrex|Water\n|move|p2b: Calyrex|Encore|p1b: Calyrex\n|-start|p1b: Calyrex|Encore\n|move|p1a: Pelipper|Weather Ball|p2a: Scream Tail\n|-damage|p2a: Scream Tail|41/100\n|move|p1b: Calyrex|Protect||[still]\n|-fail|p1b: Calyrex\n|\n|-weather|RainDance|[upkeep]\n|upkeep\n|turn|8\n|\n|t:|1772748625\n|move|p1b: Calyrex|Protect|p1b: Calyrex\n|-singleturn|p1b: Calyrex|Protect\n|move|p2b: Calyrex|Astral Barrage|p1b: Calyrex|[spread] p1a\n|-activate|p1b: Calyrex|move: Protect\n|-damage|p1a: Pelipper|20/100\n|move|p2a: Scream Tail|Perish Song|p2a: Scream Tail\n|-start|p1a: Pelipper|perish3|[silent]\n|-start|p1b: Calyrex|perish3|[silent]\n|-start|p2a: Scream Tail|perish3|[silent]\n|-start|p2b: Calyrex|perish3|[silent]\n|-fieldactivate|move: Perish Song\n|move|p1a: Pelipper|Weather Ball|p2b: Calyrex\n|-damage|p2b: Calyrex|43/100\n|\n|-weather|RainDance|[upkeep]\n|-start|p2b: Calyrex|perish3\n|-start|p2a: Scream Tail|perish3\n|-start|p1a: Pelipper|perish3\n|-start|p1b: Calyrex|perish3\n|upkeep\n|turn|9\n|\n|t:|1772748642\n|move|p1a: Pelipper|Protect|p1a: Pelipper\n|-singleturn|p1a: Pelipper|Protect\n|move|p1b: Calyrex|Protect|p1b: Calyrex\n|-singleturn|p1b: Calyrex|Protect\n|move|p2b: Calyrex|Astral Barrage|p1b: Calyrex|[spread] \n|-activate|p1a: Pelipper|move: Protect\n|-activate|p1b: Calyrex|move: Protect\n|move|p2a: Scream Tail|Encore|p1a: Pelipper\n|-activate|p1a: Pelipper|move: Protect\n|\n|-weather|RainDance|[upkeep]\n|-end|p1b: Calyrex|Encore\n|-start|p2b: Calyrex|perish2\n|-start|p2a: Scream Tail|perish2\n|-start|p1a: Pelipper|perish2\n|-start|p1b: Calyrex|perish2\n|-sideend|p1: xjazuu|move: Light Screen\n|upkeep\n|turn|10\n|-message|xjazuu forfeited.\n|\n|win|lalo's pollos\n|raw|xjazuu's rating: 1398 &rarr; <strong>1380</strong><br />(-18 for losing)\n|raw|lalo&apos;s pollos's rating: 1441 &rarr; <strong>1459</strong><br />(+18 for winning)\n|l|\u2606xjazuu\n|player|p1|\n","uploadtime":1772748843,"views":12,"formatid":"gen9vgc2026regi","rating":1380,"private":0,"password":null}