{"id":"gen9vgc2026regi-2542713282","format":"[Gen 9] VGC 2026 Reg I","players":["xinshouok","fogdocker"],"log":"|j|\u2606xinshouok\n|j|\u2606fogdocker\n|t:|1771484052\n|gametype|doubles\n|player|p1|xinshouok|lucas|1524\n|player|p2|fogdocker|1|1464\n|gen|9\n|tier|[Gen 9] VGC 2026 Reg I\n|rated|\n|rule|Species Clause: Limit one of each Pok\u00e9mon\n|rule|Item Clause: Limit 1 of each item\n|clearpoke\n|poke|p1|Groudon, L50|\n|poke|p1|Grimmsnarl, L50, M|\n|poke|p1|Miraidon, L50|\n|poke|p1|Volcarona, L50, M|\n|poke|p1|Ditto, L50|\n|poke|p1|Cobalion, L50|\n|poke|p2|Calyrex-Ice, L50|\n|poke|p2|Koraidon, L50|\n|poke|p2|Flutter Mane, L50|\n|poke|p2|Incineroar, L50, M|\n|poke|p2|Rillaboom, L50, F|\n|poke|p2|Volcarona, L50, F|\n|teampreview|4\n|inactive|Battle timer is ON: inactive players will automatically lose when time's up. (requested by xinshouok)\n|inactive|fogdocker has 60 seconds left.\n|inactive|fogdocker has 30 seconds left.\n|inactive|fogdocker has 20 seconds left.\n|inactive|fogdocker has 15 seconds left.\n|\n|t:|1771484129\n|teamsize|p1|4\n|teamsize|p2|4\n|start\n|switch|p1a: Groudon|Groudon, L50|100/100\n|switch|p1b: Grimmsnarl|Grimmsnarl, L50, M|100/100\n|switch|p2a: Rillaboom|Rillaboom, L50, F|100/100\n|switch|p2b: Calyrex|Calyrex-Ice, L50|100/100\n|-ability|p2b: Calyrex|As One\n|-ability|p2b: Calyrex|Unnerve\n|-weather|SunnyDay|[from] ability: Drought|[of] p1a: Groudon\n|-fieldstart|move: Grassy Terrain|[from] ability: Grassy Surge|[of] p2a: Rillaboom\n|turn|1\n|\n|t:|1771484152\n|-terastallize|p1a: Groudon|Fire\n|move|p2a: Rillaboom|Fake Out|p1a: Groudon\n|-damage|p1a: Groudon|91/100\n|move|p1b: Grimmsnarl|Reflect|p1b: Grimmsnarl\n|-sidestart|p1: xinshouok|Reflect\n|cant|p1a: Groudon|flinch\n|move|p2b: Calyrex|Glacial Lance|p1b: Grimmsnarl|[spread] p1a,p1b\n|-resisted|p1a: Groudon\n|-damage|p1a: Groudon|82/100\n|-damage|p1b: Grimmsnarl|68/100\n|\n|-weather|SunnyDay|[upkeep]\n|-heal|p1a: Groudon|87/100|[from] Grassy Terrain\n|-heal|p1b: Grimmsnarl|74/100|[from] Grassy Terrain\n|upkeep\n|turn|2\n|inactive|fogdocker has 30 seconds left.\n|inactive|fogdocker has 20 seconds left.\n|inactive|fogdocker has 15 seconds left.\n|\n|t:|1771484193\n|switch|p2a: Volcarona|Volcarona, L50, F|100/100\n|move|p1b: Grimmsnarl|Light Screen|p1b: Grimmsnarl\n|-sidestart|p1: xinshouok|move: Light Screen\n|move|p1a: Groudon|Heat Crash|p2a: Volcarona\n|-damage|p2a: Volcarona|3/100\n|-damage|p1a: Groudon|71/100|[from] item: Rocky Helmet|[of] p2a: Volcarona\n|move|p2b: Calyrex|Leech Seed|p1a: Groudon\n|-start|p1a: Groudon|move: Leech Seed\n|\n|-weather|SunnyDay|[upkeep]\n|-heal|p2a: Volcarona|9/100|[from] Grassy Terrain\n|-heal|p1a: Groudon|77/100|[from] Grassy Terrain\n|-heal|p1b: Grimmsnarl|80/100|[from] Grassy Terrain\n|-damage|p1a: Groudon|65/100|[from] Leech Seed|[of] p2b: Calyrex\n|upkeep\n|turn|3\n|inactive|fogdocker has 30 seconds left.\n|inactive|fogdocker has 20 seconds left.\n|inactive|fogdocker has 15 seconds left.\n|\n|t:|1771484238\n|move|p1b: Grimmsnarl|Taunt|p2b: Calyrex\n|-start|p2b: Calyrex|move: Taunt\n|move|p2a: Volcarona|Struggle Bug|p1a: Groudon|[spread] p1a,p1b\n|-resisted|p1a: Groudon\n|-damage|p1a: Groudon|62/100\n|-damage|p1b: Grimmsnarl|69/100\n|-unboost|p1a: Groudon|spa|1\n|-unboost|p1b: Grimmsnarl|spa|1\n|move|p1a: Groudon|Precipice Blades|p2a: Volcarona|[spread] \n|-miss|p1a: Groudon|p2a: Volcarona\n|-miss|p1a: Groudon|p2b: Calyrex\n|cant|p2b: Calyrex|move: Taunt|Leech Seed\n|\n|-weather|SunnyDay|[upkeep]\n|-heal|p2a: Volcarona|16/100|[from] Grassy Terrain\n|-heal|p1a: Groudon|67/100|[from] Grassy Terrain\n|-heal|p1b: Grimmsnarl|75/100|[from] Grassy Terrain\n|-damage|p1a: Groudon|55/100|[from] Leech Seed|[of] p2b: Calyrex\n|upkeep\n|turn|4\n|inactive|xinshouok has 30 seconds left.\n|inactive|xinshouok has 20 seconds left.\n|\n|t:|1771484278\n|move|p2a: Volcarona|Fiery Dance|p1b: Grimmsnarl\n|-damage|p1b: Grimmsnarl|40/100\n|-boost|p2a: Volcarona|spa|1\n|move|p1a: Groudon|Heat Crash|p2a: Volcarona\n|-damage|p2a: Volcarona|0 fnt\n|-damage|p1a: Groudon|39/100|[from] item: Rocky Helmet|[of] p2a: Volcarona\n|faint|p2a: Volcarona\n|move|p1b: Grimmsnarl|Spirit Break|p2b: Calyrex\n|-damage|p2b: Calyrex|83/100\n|-unboost|p2b: Calyrex|spa|1\n|move|p2b: Calyrex|Glacial Lance|p1a: Groudon|[spread] p1a,p1b\n|-resisted|p1a: Groudon\n|-damage|p1a: Groudon|28/100\n|-damage|p1b: Grimmsnarl|9/100\n|\n|-weather|SunnyDay|[upkeep]\n|-heal|p1a: Groudon|34/100|[from] Grassy Terrain\n|-heal|p1b: Grimmsnarl|15/100|[from] Grassy Terrain\n|-heal|p2b: Calyrex|89/100|[from] Grassy Terrain\n|-heal|p2b: Calyrex|95/100|[from] item: Leftovers\n|-damage|p1a: Groudon|22/100|[from] Leech Seed|[of] p2b: Calyrex\n|-heal|p2b: Calyrex|100/100|[silent]\n|upkeep\n|inactive|fogdocker has 30 seconds left.\n|\n|t:|1771484306\n|switch|p2a: Koraidon|Koraidon, L50|100/100\n|-activate|p2a: Koraidon|ability: Orichalcum Pulse\n|turn|5\n|\n|t:|1771484321\n|-terastallize|p2a: Koraidon|Fire\n|move|p1b: Grimmsnarl|Taunt|p2a: Koraidon\n|-start|p2a: Koraidon|move: Taunt\n|move|p2a: Koraidon|Close Combat|p1a: Groudon\n|-damage|p1a: Groudon|0 fnt\n|-unboost|p2a: Koraidon|def|1\n|-unboost|p2a: Koraidon|spd|1\n|faint|p1a: Groudon\n|-damage|p2a: Koraidon|91/100|[from] item: Life Orb\n|move|p2b: Calyrex|Glacial Lance|p1b: Grimmsnarl\n|-damage|p1b: Grimmsnarl|0 fnt\n|faint|p1b: Grimmsnarl\n|-ability|p2b: Calyrex|Chilling Neigh|boost\n|-boost|p2b: Calyrex|atk|1\n|\n|-weather|none\n|-heal|p2a: Koraidon|96/100|[from] Grassy Terrain\n|-end|p2b: Calyrex|move: Taunt\n|-fieldend|move: Grassy Terrain\n|upkeep\n|\n|t:|1771484325\n|switch|p1a: Ditto|Ditto, L50|100/100\n|switch|p1b: Miraidon|Miraidon, L50|100/100\n|-fieldstart|move: Electric Terrain|[from] ability: Hadron Engine|[of] p1b: Miraidon\n|-transform|p1a: Ditto|p2b: Calyrex|[from] ability: Imposter\n|-ability|p1a: Ditto|As One\n|-ability|p1a: Ditto|Unnerve\n|turn|6\n|inactive|xinshouok has 30 seconds left.\n|inactive|fogdocker has 30 seconds left.\n|inactive|xinshouok has 20 seconds left.\n|inactive|fogdocker has 20 seconds left.\n|inactive|xinshouok has 15 seconds left.\n|inactive|fogdocker has 15 seconds left.\n|inactive|fogdocker has 10 seconds left.\n|inactive|xinshouok has 10 seconds left.\n|inactive|fogdocker has 5 seconds left.\n|\n|t:|1771484378\n|switch|p2a: Rillaboom|Rillaboom, L50, F|100/100\n|-fieldstart|move: Grassy Terrain|[from] ability: Grassy Surge|[of] p2a: Rillaboom\n|move|p1b: Miraidon|Electro Drift|p2a: Rillaboom\n|-resisted|p2a: Rillaboom\n|-damage|p2a: Rillaboom|83/100\n|move|p1a: Ditto|Glacial Lance|p2b: Calyrex|[spread] p2a,p2b\n|-supereffective|p2a: Rillaboom\n|-resisted|p2b: Calyrex\n|-damage|p2a: Rillaboom|0 fnt\n|-damage|p2b: Calyrex|83/100\n|faint|p2a: Rillaboom\n|-ability|p1a: Ditto|Chilling Neigh|boost\n|-boost|p1a: Ditto|atk|1\n|move|p2b: Calyrex|Glacial Lance|p1b: Miraidon|[spread] p1a,p1b\n|-resisted|p1a: Ditto\n|-supereffective|p1b: Miraidon\n|-damage|p1a: Ditto|83/100\n|-damage|p1b: Miraidon|14/100\n|\n|-heal|p1b: Miraidon|20/100|[from] Grassy Terrain\n|-heal|p1a: Ditto|89/100|[from] Grassy Terrain\n|-heal|p2b: Calyrex|89/100|[from] Grassy Terrain\n|-heal|p2b: Calyrex|95/100|[from] item: Leftovers\n|upkeep\n|\n|t:|1771484390\n|switch|p2a: Koraidon|Koraidon, L50, tera:Fire|96/100\n|-weather|SunnyDay|[from] ability: Orichalcum Pulse|[of] p2a: Koraidon\n|-activate|p2a: Koraidon|Orichalcum Pulse|[source]\n|turn|7\n|\n|t:|1771484406\n|move|p1b: Miraidon|Electro Drift|p2a: Koraidon\n|-damage|p2a: Koraidon|41/100\n|move|p2a: Koraidon|Flare Blitz|p1b: Miraidon\n|-resisted|p1b: Miraidon\n|-damage|p1b: Miraidon|0 fnt\n|faint|p1b: Miraidon\n|-damage|p2a: Koraidon|34/100|[from] Recoil\n|-damage|p2a: Koraidon|24/100|[from] item: Life Orb\n|move|p1a: Ditto|Glacial Lance|p2b: Calyrex|[spread] p2a,p2b\n|-resisted|p2a: Koraidon\n|-resisted|p2b: Calyrex\n|-damage|p2a: Koraidon|0 fnt\n|-damage|p2b: Calyrex|69/100\n|faint|p2a: Koraidon\n|-ability|p1a: Ditto|Chilling Neigh|boost\n|-boost|p1a: Ditto|atk|1\n|move|p2b: Calyrex|Leech Seed|p1a: Ditto\n|-start|p1a: Ditto|move: Leech Seed\n|\n|-weather|SunnyDay|[upkeep]\n|-heal|p2b: Calyrex|74/100|[from] Grassy Terrain\n|-heal|p1a: Ditto|95/100|[from] Grassy Terrain\n|-heal|p2b: Calyrex|80/100|[from] item: Leftovers\n|-damage|p1a: Ditto|82/100|[from] Leech Seed|[of] p2b: Calyrex\n|-heal|p2b: Calyrex|89/100|[silent]\n|upkeep\n|turn|8\n|\n|t:|1771484429\n|move|p2b: Calyrex|Protect|p2b: Calyrex\n|-singleturn|p2b: Calyrex|Protect\n|move|p1a: Ditto|Leech Seed|p2b: Calyrex\n|-activate|p2b: Calyrex|move: Protect\n|\n|-weather|SunnyDay|[upkeep]\n|-heal|p1a: Ditto|88/100|[from] Grassy Terrain\n|-heal|p2b: Calyrex|95/100|[from] Grassy Terrain\n|-heal|p2b: Calyrex|100/100|[from] item: Leftovers\n|-damage|p1a: Ditto|76/100|[from] Leech Seed|[of] p2b: Calyrex\n|-sideend|p1: xinshouok|Reflect\n|upkeep\n|turn|9\n|\n|t:|1771484442\n|move|p1a: Ditto|Leech Seed|p2b: Calyrex\n|-start|p2b: Calyrex|move: Leech Seed\n|move|p2b: Calyrex|Glacial Lance|p1a: Ditto\n|-resisted|p1a: Ditto\n|-damage|p1a: Ditto|44/100\n|\n|-weather|SunnyDay|[upkeep]\n|-heal|p1a: Ditto|50/100|[from] Grassy Terrain\n|-damage|p1a: Ditto|38/100|[from] Leech Seed|[of] p2b: Calyrex\n|-damage|p2b: Calyrex|88/100|[from] Leech Seed|[of] p1a: Ditto\n|-heal|p1a: Ditto|54/100|[silent]\n|-sideend|p1: xinshouok|move: Light Screen\n|upkeep\n|turn|10\n|\n|t:|1771484457\n|move|p1a: Ditto|Glacial Lance|p2b: Calyrex\n|-resisted|p2b: Calyrex\n|-damage|p2b: Calyrex|45/100\n|move|p2b: Calyrex|Glacial Lance|p1a: Ditto\n|-resisted|p1a: Ditto\n|-crit|p1a: Ditto\n|-damage|p1a: Ditto|0 fnt\n|faint|p1a: Ditto\n|\n|win|fogdocker\n|raw|xinshouok's rating: 1524 &rarr; <strong>1501</strong><br />(-23 for losing)\n|raw|fogdocker's rating: 1464 &rarr; <strong>1487</strong><br />(+23 for winning)\n|l|\u2606xinshouok\n|player|p1|\n|l|\u2606fogdocker\n|player|p2|\n","uploadtime":1771484654,"views":23,"formatid":"gen9vgc2026regi","rating":1487,"private":0,"password":null}