{"id":"gen9vgc2026regi-2562726468","format":"[Gen 9] VGC 2026 Reg I","players":["roxym0ron","Jonen"],"log":"|j|\u2606roxym0ron\n|j|\u2606Jonen\n|t:|1773944524\n|gametype|doubles\n|player|p1|roxym0ron|miku-fairy|1180\n|player|p2|Jonen|medium|1254\n|gen|9\n|tier|[Gen 9] VGC 2026 Reg I\n|rated|\n|rule|Species Clause: Limit one of each Pok\u00e9mon\n|rule|Item Clause: Limit 1 of each item\n|clearpoke\n|poke|p1|Miraidon, L50|\n|poke|p1|Groudon, L50|\n|poke|p1|Volcarona, L50, F|\n|poke|p1|Grimmsnarl, L50, M|\n|poke|p1|Iron Hands, L50|\n|poke|p1|Flutter Mane, L50|\n|poke|p2|Groudon, L50|\n|poke|p2|Lunala, L50|\n|poke|p2|Sableye, L50, F|\n|poke|p2|Chi-Yu, L50|\n|poke|p2|Rillaboom, L50, F|\n|poke|p2|Jumpluff, L50, F|\n|teampreview|4\nroxym0ron has agreed to open team sheets.\n|\n|t:|1773944572\n|teamsize|p1|4\n|teamsize|p2|4\n|start\n|switch|p1a: baller|Flutter Mane, L50|100/100\n|switch|p1b: catch these|Iron Hands, L50|100/100\n|switch|p2a: Groudon|Groudon, L50|100/100\n|switch|p2b: Jumpluff|Jumpluff, L50, F|100/100\n|-weather|SunnyDay|[from] ability: Drought|[of] p2a: Groudon\n|-activate|p1a: baller|ability: Protosynthesis\n|-start|p1a: baller|protosynthesisspe\n|turn|1\n|\n|t:|1773944600\n|-terastallize|p1b: catch these|Bug\n|move|p1b: catch these|Fake Out|p2b: Jumpluff\n|-damage|p2b: Jumpluff|84/100\n|move|p2b: Jumpluff|Tailwind|p2b: Jumpluff\n|-sidestart|p2: Jonen|move: Tailwind\n|move|p1a: baller|Icy Wind|p2b: Jumpluff|[spread] p2a,p2b\n|-supereffective|p2a: Groudon\n|-supereffective|p2b: Jumpluff\n|-crit|p2b: Jumpluff\n|-damage|p2a: Groudon|70/100\n|-damage|p2b: Jumpluff|0 fnt\n|-unboost|p2a: Groudon|spe|1\n|faint|p2b: Jumpluff\n|move|p2a: Groudon|Precipice Blades|p1b: catch these|[spread] p1b\n|-miss|p2a: Groudon|p1a: baller\n|-resisted|p1b: catch these\n|-damage|p1b: catch these|77/100\n|-damage|p2a: Groudon|60/100|[from] item: Life Orb\n|\n|-weather|SunnyDay|[upkeep]\n|upkeep\n|\n|t:|1773944614\n|switch|p2b: Lunala|Lunala, L50|100/100\n|turn|2\n|\n|t:|1773944642\n|move|p2b: Lunala|Meteor Beam||[still]\n|-prepare|p2b: Lunala|Meteor Beam\n|-boost|p2b: Lunala|spa|1\n|-enditem|p2b: Lunala|Power Herb\n|-anim|p2b: Lunala|Meteor Beam|p1b: catch these\n|-supereffective|p1b: catch these\n|-damage|p1b: catch these|11/100\n|move|p1a: baller|Shadow Ball|p2b: Lunala\n|-supereffective|p2b: Lunala\n|-damage|p2b: Lunala|27/100\n|-unboost|p2b: Lunala|spd|1\n|move|p2a: Groudon|Heat Crash|p1a: baller\n|-enditem|p1a: baller|Focus Sash\n|-damage|p1a: baller|1/100\n|-damage|p2a: Groudon|50/100|[from] item: Life Orb\n|move|p1b: catch these|Drain Punch|p2a: Groudon\n|-damage|p2a: Groudon|19/100\n|-heal|p1b: catch these|22/100|[from] drain|[of] p2a: Groudon\n|\n|-weather|SunnyDay|[upkeep]\n|upkeep\n|turn|3\n|\n|t:|1773944685\n|move|p2b: Lunala|Moongeist Beam|p1a: baller\n|-supereffective|p1a: baller\n|-damage|p1a: baller|0 fnt\n|faint|p1a: baller\n|-end|p1a: baller|Protosynthesis|[silent]\n|move|p2a: Groudon|Heat Crash|p1b: catch these\n|-supereffective|p1b: catch these\n|-damage|p1b: catch these|0 fnt\n|faint|p1b: catch these\n|-end|p1b: catch these|Quark Drive|[silent]\n|-damage|p2a: Groudon|9/100|[from] item: Life Orb\n|\n|-weather|SunnyDay|[upkeep]\n|upkeep\n|\n|t:|1773944697\n|switch|p1a: e bike|Miraidon, L50|100/100\n|switch|p1b: horse|Groudon, L50|100/100\n|-fieldstart|move: Electric Terrain|[from] ability: Hadron Engine|[of] p1a: e bike\n|turn|4\n|\n|t:|1773944721\n|move|p2b: Lunala|Protect|p2b: Lunala\n|-singleturn|p2b: Lunala|Protect\n|move|p2a: Groudon|Precipice Blades|p1b: horse|[spread] p1a,p1b\n|-supereffective|p1a: e bike\n|-damage|p1a: e bike|0 fnt\n|-damage|p1b: horse|44/100\n|faint|p1a: e bike\n|-damage|p2a: Groudon|0 fnt|[from] item: Life Orb\n|faint|p2a: Groudon\n|move|p1b: horse|Precipice Blades|p2b: Lunala\n|-activate|p2b: Lunala|move: Protect\n|\n|-weather|SunnyDay|[upkeep]\n|-sideend|p2: Jonen|move: Tailwind\n|upkeep\n|\n|t:|1773944730\n|switch|p2a: Rillaboom|Rillaboom, L50, F|100/100\n|-fieldstart|move: Grassy Terrain|[from] ability: Grassy Surge|[of] p2a: Rillaboom\n|turn|5\n|\n|t:|1773944737\n|move|p2a: Rillaboom|Fake Out|p1b: horse\n|-damage|p1b: horse|34/100\n|move|p2b: Lunala|Moongeist Beam|p1b: horse\n|-damage|p1b: horse|0 fnt\n|faint|p1b: horse\n|\n|win|Jonen\n|raw|roxym0ron's rating: 1180 &rarr; <strong>1160</strong><br />(-20 for losing)\n|raw|Jonen's rating: 1254 &rarr; <strong>1274</strong><br />(+20 for winning)\n","uploadtime":1773944737,"views":10,"formatid":"gen9vgc2026regi","rating":1160,"private":0,"password":null}