{"id":"gen9vgc2026regi-2538487756","format":"[Gen 9] VGC 2026 Reg I","players":["infinitygroudon","yamato-tak"],"log":"|j|\u2606infinitygroudon\n|j|\u2606yamato-tak\n|t:|1770932442\n|gametype|doubles\n|player|p1|infinitygroudon|1|1465\n|player|p2|yamato-tak|265|1448\n|gen|9\n|tier|[Gen 9] VGC 2026 Reg I\n|rated|\n|rule|Species Clause: Limit one of each Pok\u00e9mon\n|rule|Item Clause: Limit 1 of each item\n|clearpoke\n|poke|p1|Kyogre, L50|\n|poke|p1|Palkia-Origin, L50|\n|poke|p1|Farigiraf, L50, M|\n|poke|p1|Archaludon, L50, M|\n|poke|p1|Iron Jugulis, L50|\n|poke|p1|Raging Bolt, L50|\n|poke|p2|Miraidon, L50|\n|poke|p2|Calyrex-Ice, L50|\n|poke|p2|Volcarona, L50, F|\n|poke|p2|Araquanid, L50, M|\n|poke|p2|Grimmsnarl, L50, M|\n|poke|p2|Rillaboom, L50, F|\n|teampreview|4\n|inactive|Battle timer is ON: inactive players will automatically lose when time's up. (requested by yamato-tak)\n|\n|t:|1770932463\n|teamsize|p1|4\n|teamsize|p2|4\n|start\n|switch|p1a: Secretariat|Palkia-Origin, L50|100/100\n|switch|p1b: Jorris|Iron Jugulis, L50|100/100\n|switch|p2a: Grimmsnarl|Grimmsnarl, L50, M, shiny|100/100\n|switch|p2b: Miraidon|Miraidon, L50, shiny|100/100\n|-fieldstart|move: Electric Terrain|[from] ability: Hadron Engine|[of] p2b: Miraidon\n|-activate|p1b: Jorris|ability: Quark Drive\n|-start|p1b: Jorris|quarkdrivespe\n|-ability|p1a: Secretariat|Pressure\n|turn|1\n|\n|t:|1770932484\n|move|p2a: Grimmsnarl|Light Screen|p2a: Grimmsnarl\n|-sidestart|p2: yamato-tak|move: Light Screen\n|move|p1b: Jorris|Dragon Cheer|p1a: Secretariat\n|-start|p1a: Secretariat|move: Dragon Cheer\n|move|p2b: Miraidon|Calm Mind|p2b: Miraidon\n|-boost|p2b: Miraidon|spa|1\n|-boost|p2b: Miraidon|spd|1\n|move|p1a: Secretariat|Spacial Rend|p2b: Miraidon\n|-supereffective|p2b: Miraidon\n|-crit|p2b: Miraidon\n|-damage|p2b: Miraidon|0 fnt\n|faint|p2b: Miraidon\n|\n|upkeep\n|\n|t:|1770932490\n|switch|p2b: Calyrex|Calyrex-Ice, L50|100/100\n|-ability|p2b: Calyrex|As One\n|-ability|p2b: Calyrex|Unnerve\n|turn|2\n|\n|t:|1770932503\n|-end|p1b: Jorris|Quark Drive|[silent]\n|switch|p1b: Archibald|Archaludon, L50, M, shiny|100/100\n|move|p2a: Grimmsnarl|Reflect|p2a: Grimmsnarl\n|-sidestart|p2: yamato-tak|Reflect\n|move|p1a: Secretariat|Spacial Rend|p2b: Calyrex\n|-crit|p2b: Calyrex\n|-damage|p2b: Calyrex|50/100\n|move|p2b: Calyrex|Glacial Lance|p1a: Secretariat|[spread] p1a,p1b\n|-damage|p1a: Secretariat|59/100\n|-damage|p1b: Archibald|64/100\n|-ability|p1b: Archibald|Stamina|boost\n|-boost|p1b: Archibald|def|1\n|\n|upkeep\n|turn|3\n|inactive|yamato-tak has 30 seconds left.\n|inactive|yamato-tak has 20 seconds left.\n|\n|t:|1770932541\n|-terastallize|p2b: Calyrex|Fairy\n|move|p1a: Secretariat|Protect|p1a: Secretariat\n|-singleturn|p1a: Secretariat|Protect\n|move|p2a: Grimmsnarl|Parting Shot|p1b: Archibald\n|-unboost|p1b: Archibald|atk|1\n|-unboost|p1b: Archibald|spa|1\n|\n|t:|1770932547\n|switch|p2a: Volcarona|Volcarona, L50, F, shiny|100/100|[from] Parting Shot\n|move|p1b: Archibald|Flash Cannon|p2a: Volcarona\n|-resisted|p2a: Volcarona\n|-damage|p2a: Volcarona|92/100\n|-unboost|p2a: Volcarona|spd|1\n|move|p2b: Calyrex|Leech Seed|p1b: Archibald\n|-start|p1b: Archibald|move: Leech Seed\n|\n|-heal|p2a: Volcarona|98/100|[from] item: Leftovers\n|-damage|p1b: Archibald|52/100|[from] Leech Seed|[of] p2b: Calyrex\n|-heal|p2b: Calyrex|60/100|[silent]\n|upkeep\n|turn|4\n|\n|t:|1770932554\n|switch|p2a: Grimmsnarl|Grimmsnarl, L50, M, shiny|100/100\n|move|p1a: Secretariat|Spacial Rend|p2a: Grimmsnarl\n|-immune|p2a: Grimmsnarl\n|move|p1b: Archibald|Flash Cannon|p2b: Calyrex\n|-supereffective|p2b: Calyrex\n|-damage|p2b: Calyrex|37/100\n|move|p2b: Calyrex|Leech Seed|p1a: Secretariat\n|-start|p1a: Secretariat|move: Leech Seed\n|\n|-damage|p1a: Secretariat|47/100|[from] Leech Seed|[of] p2b: Calyrex\n|-heal|p2b: Calyrex|48/100|[silent]\n|-damage|p1b: Archibald|40/100|[from] Leech Seed|[of] p2b: Calyrex\n|-heal|p2b: Calyrex|58/100|[silent]\n|upkeep\n|turn|5\n|\n|t:|1770932578\n|move|p2b: Calyrex|Protect|p2b: Calyrex\n|-singleturn|p2b: Calyrex|Protect\n|move|p2a: Grimmsnarl|Parting Shot|p1b: Archibald\n|-unboost|p1b: Archibald|atk|1\n|-unboost|p1b: Archibald|spa|1\n|\n|t:|1770932584\n|switch|p2a: Volcarona|Volcarona, L50, F, shiny|98/100|[from] Parting Shot\n|move|p1a: Secretariat|Hydro Pump|p2a: Volcarona|[miss]\n|-miss|p1a: Secretariat|p2a: Volcarona\n|move|p1b: Archibald|Flash Cannon|p2b: Calyrex\n|-activate|p2b: Calyrex|move: Protect\n|\n|-heal|p2a: Volcarona|100/100|[from] item: Leftovers\n|-damage|p1a: Secretariat|35/100|[from] Leech Seed|[of] p2b: Calyrex\n|-heal|p2b: Calyrex|69/100|[silent]\n|-damage|p1b: Archibald|28/100|[from] Leech Seed|[of] p2b: Calyrex\n|-heal|p2b: Calyrex|80/100|[silent]\n|-fieldend|move: Electric Terrain\n|upkeep\n|turn|6\n|\n|t:|1770932598\n|move|p1a: Secretariat|Hydro Pump|p2b: Calyrex|[miss]\n|-miss|p1a: Secretariat|p2b: Calyrex\n|move|p2a: Volcarona|Quiver Dance|p2a: Volcarona\n|-boost|p2a: Volcarona|spa|1\n|-boost|p2a: Volcarona|spd|1\n|-boost|p2a: Volcarona|spe|1\n|move|p1b: Archibald|Flash Cannon|p2b: Calyrex\n|-supereffective|p2b: Calyrex\n|-damage|p2b: Calyrex|64/100\n|move|p2b: Calyrex|Glacial Lance|p1b: Archibald|[spread] p1a,p1b\n|-damage|p1a: Secretariat|0 fnt\n|-damage|p1b: Archibald|4/100\n|-ability|p1b: Archibald|Stamina|boost\n|-boost|p1b: Archibald|def|1\n|faint|p1a: Secretariat\n|-ability|p2b: Calyrex|Chilling Neigh|boost\n|-boost|p2b: Calyrex|atk|1\n|\n|-damage|p1b: Archibald|0 fnt|[from] Leech Seed|[of] p2b: Calyrex\n|-heal|p2b: Calyrex|67/100|[silent]\n|faint|p1b: Archibald\n|upkeep\n|\n|t:|1770932603\n|switch|p1a: Jorris|Iron Jugulis, L50|100/100\n|switch|p1b: Piratebeard|Kyogre, L50|100/100\n|-weather|RainDance|[from] ability: Drizzle|[of] p1b: Piratebeard\n|-enditem|p1a: Jorris|Booster Energy\n|-activate|p1a: Jorris|ability: Quark Drive|[fromitem]\n|-start|p1a: Jorris|quarkdrivespe\n|turn|7\n|\n|t:|1770932620\n|-terastallize|p1b: Piratebeard|Water\n|move|p2a: Volcarona|Protect|p2a: Volcarona\n|-singleturn|p2a: Volcarona|Protect\n|move|p1a: Jorris|Hurricane|p2b: Calyrex\n|-damage|p2b: Calyrex|48/100\n|move|p1b: Piratebeard|Water Spout|p2b: Calyrex|[spread] p2b\n|-activate|p2a: Volcarona|move: Protect\n|-damage|p2b: Calyrex|0 fnt\n|faint|p2b: Calyrex\n|\n|-weather|RainDance|[upkeep]\n|upkeep\n|\n|t:|1770932624\n|switch|p2b: Grimmsnarl|Grimmsnarl, L50, M, shiny|100/100\n|turn|8\n|\n|t:|1770932633\n|move|p2b: Grimmsnarl|Fake Out|p1b: Piratebeard\n|-damage|p1b: Piratebeard|88/100\n|move|p1a: Jorris|Tailwind|p1a: Jorris\n|-sidestart|p1: infinitygroudon|move: Tailwind\n|cant|p1b: Piratebeard|flinch\n|move|p2a: Volcarona|Quiver Dance|p2a: Volcarona\n|-boost|p2a: Volcarona|spa|1\n|-boost|p2a: Volcarona|spd|1\n|-boost|p2a: Volcarona|spe|1\n|\n|-weather|RainDance|[upkeep]\n|-sideend|p2: yamato-tak|move: Light Screen\n|upkeep\n|turn|9\n|\n|t:|1770932656\n|move|p2b: Grimmsnarl|Parting Shot|p1b: Piratebeard\n|-unboost|p1b: Piratebeard|atk|1\n|-unboost|p1b: Piratebeard|spa|1\n|move|p1a: Jorris|Hurricane|p2a: Volcarona\n|-supereffective|p2a: Volcarona\n|-damage|p2a: Volcarona|56/100\n|move|p1b: Piratebeard|Water Spout|p2b: Grimmsnarl|[spread] p2a,p2b\n|-supereffective|p2a: Volcarona\n|-crit|p2b: Grimmsnarl\n|-damage|p2a: Volcarona|0 fnt\n|-damage|p2b: Grimmsnarl|0 fnt\n|faint|p2a: Volcarona\n|faint|p2b: Grimmsnarl\n|\n|win|infinitygroudon\n|raw|infinitygroudon's rating: 1465 &rarr; <strong>1484</strong><br />(+19 for winning)\n|raw|yamato-tak's rating: 1448 &rarr; <strong>1429</strong><br />(-19 for losing)\n|l|\u2606infinitygroudon\n|player|p1|\n|l|\u2606yamato-tak\n|player|p2|\n","uploadtime":1770932806,"views":33,"formatid":"gen9vgc2026regi","rating":1429,"private":0,"password":null}