{"id":"gen9vgc2026regi-2558312712","format":"[Gen 9] VGC 2026 Reg I","players":["alchemistake","SeaWolfMikes"],"log":"|j|\u2606alchemistake\n|j|\u2606SeaWolfMikes\n|html|<table width=\"100%\"><tr><td align=\"left\">alchemistake</td><td align=\"right\">SeaWolfMikes</tr><tr><td align=\"left\"><i class=\"fa fa-circle-o\"></i> <i class=\"fa fa-circle-o\"></i> </td><td align=\"right\"><i class=\"fa fa-circle-o\"></i> <i class=\"fa fa-circle-o\"></i> </tr></table>\n|uhtml|bestof|<h2><strong>Game 1</strong> of <a href=\"/game-bestof3-gen9vgc2026regi-2558312711\">a best-of-3</a></h2>\n|t:|1773422965\n|gametype|doubles\n|player|p1|alchemistake|1|\n|player|p2|SeaWolfMikes|ryuki|\n|gen|9\n|tier|[Gen 9] VGC 2026 Reg I\n|rated|Tournament battle\n|rule|Species Clause: Limit one of each Pok\u00e9mon\n|rule|Item Clause: Limit 1 of each item\n|raw|<div class=\"infobox\"><details class=\"readmore\" open><summary><strong>4 custom rules:</strong></summary> Open Team Sheets, Force Open Team Sheets, !Open Team Sheets, Best of = 3</details></div>\n|clearpoke\n|poke|p1|Sneasler, L50, F|\n|poke|p1|Dondozo, L50, F|\n|poke|p1|Tatsugiri-Droopy, L50, F|\n|poke|p1|Miraidon, L50|\n|poke|p1|Calyrex-Shadow, L50|\n|poke|p1|Chi-Yu, L50|\n|poke|p2|Flutter Mane, L50|\n|poke|p2|Koraidon, L50|\n|poke|p2|Chi-Yu, L50|\n|poke|p2|Brute Bonnet, L50|\n|poke|p2|Lunala, L50|\n|poke|p2|Ursaluna, L50, F|\n|teampreview|4\n|showteam|p1|Sneasler||ElectricSeed|Unburden|CloseCombat,DireClaw,ToxicSpikes,Protect|||F|||50|,,,,,Dark]Dondozo||Leftovers|Unaware|Earthquake,OrderUp,BodyPress,Protect|||F|||50|,,,,,Grass]Tatsugiri-Droopy||FocusSash|Commander|DracoMeteor,Surf,HelpingHand,Protect|||F|||50|,,,,,Water]Miraidon||ChoiceScarf|HadronEngine|Snarl,ElectroDrift,DazzlingGleam,VoltSwitch||||||50|,,,,,Fairy]Calyrex-Shadow||LifeOrb|AsOneSpectrier|AstralBarrage,DrainingKiss,Psychic,Protect||||||50|,,,,,Fairy]Chi-Yu||ChoiceSpecs|BeadsofRuin|HeatWave,Snarl,Flamethrower,DarkPulse||||||50|,,,,,Ghost\n|showteam|p2|Flutter Mane||FocusSash|Protosynthesis|Moonblast,ShadowBall,IcyWind,Protect||||||50|,,,,,Stellar]Koraidon||LifeOrb|OrichalcumPulse|CloseCombat,FlareBlitz,FlameCharge,Protect||||||50|,,,,,Fire]Chi-Yu||ChoiceScarf|BeadsofRuin|HeatWave,DarkPulse,Overheat,Snarl||||||50|,,,,,Ghost]Brute Bonnet||SitrusBerry|Protosynthesis|SeedBomb,SuckerPunch,Spore,RagePowder||||||50|,,,,,Water]Lunala||PowerHerb|ShadowShield|MoongeistBeam,MeteorBeam,WideGuard,TrickRoom||||||50|,,,,,Water]Ursaluna||FlameOrb|Guts|Facade,HeadlongRush,Earthquake,Protect|||F|||50|,,,,,Ghost\n|c|\u2606alchemistake|1- team kill\n|c|\u2606alchemistake|2- i think you owe me 5 cents\n|c|\u2606SeaWolfMikes|this team eliminated me in top 4 of vr\n|\n|t:|1773422998\n|teamsize|p1|4\n|teamsize|p2|4\n|start\n|switch|p1a: Miraidon|Miraidon, L50, shiny|100/100\n|switch|p1b: Sneasler|Sneasler, L50, F, shiny|100/100\n|switch|p2a: Flutter Mane|Flutter Mane, L50|100/100\n|switch|p2b: Koraidon|Koraidon, L50|100/100\n|-fieldstart|move: Electric Terrain|[from] ability: Hadron Engine|[of] p1a: Miraidon\n|-enditem|p1b: Sneasler|Electric Seed\n|-boost|p1b: Sneasler|def|1|[from] item: Electric Seed\n|-weather|SunnyDay|[from] ability: Orichalcum Pulse|[of] p2b: Koraidon\n|-activate|p2a: Flutter Mane|ability: Protosynthesis\n|-start|p2a: Flutter Mane|protosynthesisspe\n|-activate|p2b: Koraidon|Orichalcum Pulse|[source]\n|turn|1\n|c|\u2606alchemistake|it didnot\n|c|\u2606alchemistake|this one is different\n|j| Graffiti Boy\n|c|\u2606alchemistake|(we developed at the same time seperately but that jp guy made a very deep run)\n|\n|t:|1773423041\n|-terastallize|p1a: Miraidon|Fairy\n|move|p2a: Flutter Mane|Protect|p2a: Flutter Mane\n|-singleturn|p2a: Flutter Mane|Protect\n|move|p2b: Koraidon|Protect|p2b: Koraidon\n|-singleturn|p2b: Koraidon|Protect\n|move|p1b: Sneasler|Toxic Spikes|p2b: Koraidon\n|-sidestart|p2: SeaWolfMikes|move: Toxic Spikes\n|move|p1a: Miraidon|Dazzling Gleam|p2a: Flutter Mane|[spread] \n|-activate|p2a: Flutter Mane|move: Protect\n|-activate|p2b: Koraidon|move: Protect\n|\n|-weather|SunnyDay|[upkeep]\n|upkeep\n|turn|2\n|l|\u2606SeaWolfMikes\n|player|p2|\n|j|\u2606SeaWolfMikes\n|player|p2|SeaWolfMikes|ryuki|\n|\n|t:|1773423070\n|move|p2a: Flutter Mane|Icy Wind|p1a: Miraidon|[spread] p1a,p1b\n|-damage|p1a: Miraidon|90/100\n|-damage|p1b: Sneasler|84/100\n|-unboost|p1a: Miraidon|spe|1\n|-unboost|p1b: Sneasler|spe|1\n|move|p2b: Koraidon|Flare Blitz|p1a: Miraidon\n|-damage|p1a: Miraidon|0 fnt\n|faint|p1a: Miraidon\n|-damage|p2b: Koraidon|68/100|[from] Recoil\n|-damage|p2b: Koraidon|58/100|[from] item: Life Orb\n|move|p1b: Sneasler|Dire Claw|p2a: Flutter Mane\n|-damage|p2a: Flutter Mane|2/100\n|\n|-weather|SunnyDay|[upkeep]\n|upkeep\n|\n|t:|1773423083\n|switch|p1a: Dondozo|Dondozo, L50, F, shiny|100/100\n|turn|3\n|\n|t:|1773423092\n|move|p2a: Flutter Mane|Protect|p2a: Flutter Mane\n|-singleturn|p2a: Flutter Mane|Protect\n|move|p2b: Koraidon|Protect|p2b: Koraidon\n|-singleturn|p2b: Koraidon|Protect\n|move|p1b: Sneasler|Protect|p1b: Sneasler\n|-singleturn|p1b: Sneasler|Protect\n|move|p1a: Dondozo|Protect||[still]\n|-fail|p1a: Dondozo\n|\n|-weather|SunnyDay|[upkeep]\n|upkeep\n|turn|4\n|\n|t:|1773423104\n|switch|p1b: Tatsugiri|Tatsugiri-Droopy, L50, F, shiny|100/100\n|-activate|p1b: Tatsugiri|ability: Commander|[of] p1a: Dondozo\n|-boost|p1a: Dondozo|atk|2\n|-boost|p1a: Dondozo|spa|2\n|-boost|p1a: Dondozo|spe|2\n|-boost|p1a: Dondozo|def|2\n|-boost|p1a: Dondozo|spd|2\n|move|p1a: Dondozo|Protect|p1a: Dondozo\n|-singleturn|p1a: Dondozo|Protect\n|move|p2a: Flutter Mane|Moonblast|p1a: Dondozo\n|-activate|p1a: Dondozo|move: Protect\n|move|p2b: Koraidon|Close Combat|p1a: Dondozo\n|-activate|p1a: Dondozo|move: Protect\n|\n|-weather|SunnyDay|[upkeep]\n|upkeep\n|turn|5\n|\n|t:|1773423122\n|switch|p2b: Lunala|Lunala, L50|100/100\n|-status|p2b: Lunala|psn\n|move|p2a: Flutter Mane|Moonblast|p1a: Dondozo\n|-damage|p1a: Dondozo|84/100\n|move|p1a: Dondozo|Order Up|p2b: Lunala\n|-damage|p2b: Lunala|86/100 psn\n|-boost|p1a: Dondozo|def|1\n|\n|-weather|none\n|-end|p2a: Flutter Mane|Protosynthesis\n|-heal|p1a: Dondozo|90/100|[from] item: Leftovers\n|-damage|p2b: Lunala|74/100 psn|[from] psn\n|-fieldend|move: Electric Terrain\n|upkeep\n|turn|6\n|\n|t:|1773423137\n|move|p2a: Flutter Mane|Moonblast|p1a: Dondozo\n|-damage|p1a: Dondozo|72/100\n|move|p2b: Lunala|Moongeist Beam|p1a: Dondozo\n|-damage|p1a: Dondozo|53/100\n|move|p1a: Dondozo|Earthquake|p2b: Lunala|[spread] p2a,p2b\n|-miss|p1a: Dondozo|p1b: Tatsugiri\n|-damage|p2a: Flutter Mane|0 fnt\n|-damage|p2b: Lunala|48/100 psn\n|faint|p2a: Flutter Mane\n|-end|p2a: Flutter Mane|Protosynthesis|[silent]\n|\n|-heal|p1a: Dondozo|59/100|[from] item: Leftovers\n|-damage|p2b: Lunala|35/100 psn|[from] psn\n|upkeep\n|c|\u2606SeaWolfMikes|i grg\n|c|\u2606SeaWolfMikes|gtg\n|-message|SeaWolfMikes forfeited.\n|\n|win|alchemistake\n","uploadtime":1773423145,"views":27,"formatid":"gen9vgc2026regi","rating":null,"private":0,"password":null}