{"id":"gen9vgc2026regi-2582662521","format":"[Gen 9] VGC 2026 Reg I","players":["dwsdws","BleachyBoi_426"],"log":"|j|\u2606dwsdws\n|j|\u2606BleachyBoi_426\n|t:|1776105724\n|gametype|doubles\n|player|p1|dwsdws|hilbert|1413\n|player|p2|BleachyBoi_426|n|1419\n|gen|9\n|tier|[Gen 9] VGC 2026 Reg I\n|rated|\n|rule|Species Clause: Limit one of each Pok\u00e9mon\n|rule|Item Clause: Limit 1 of each item\n|clearpoke\n|poke|p1|Ho-Oh, L50|\n|poke|p1|Miraidon, L50|\n|poke|p1|Iron Treads, L50|\n|poke|p1|Iron Bundle, L50|\n|poke|p1|Urshifu-*, L50, M|\n|poke|p1|Farigiraf, L50, F|\n|poke|p2|Tornadus, L50, M|\n|poke|p2|Kyogre, L50|\n|poke|p2|Zacian-*, L50|\n|poke|p2|Grimmsnarl, L50, M|\n|poke|p2|Urshifu-*, L50, F|\n|poke|p2|Brute Bonnet, L50|\n|teampreview|4\n|\n|t:|1776105752\n|teamsize|p1|4\n|teamsize|p2|4\n|start\n|switch|p1a: Iron Bundle|Iron Bundle, L50|100/100\n|switch|p1b: Miraidon|Miraidon, L50|100/100\n|switch|p2a: Ceasar|Tornadus, L50, M|100/100\n|switch|p2b: Honey Kiss|Urshifu-Rapid-Strike, L50, F|100/100\n|-fieldstart|move: Electric Terrain|[from] ability: Hadron Engine|[of] p1b: Miraidon\n|-activate|p1a: Iron Bundle|ability: Quark Drive\n|-start|p1a: Iron Bundle|quarkdrivespe\n|turn|1\n|\n|t:|1776105767\n|move|p2a: Ceasar|Tailwind|p2a: Ceasar\n|-sidestart|p2: BleachyBoi_426|move: Tailwind\n|move|p2b: Honey Kiss|Close Combat|p1a: Iron Bundle\n|-supereffective|p1a: Iron Bundle\n|-enditem|p1a: Iron Bundle|Focus Sash\n|-damage|p1a: Iron Bundle|1/100\n|-unboost|p2b: Honey Kiss|def|1\n|-unboost|p2b: Honey Kiss|spd|1\n|move|p1a: Iron Bundle|Freeze-Dry|p2b: Honey Kiss\n|-supereffective|p2b: Honey Kiss\n|-damage|p2b: Honey Kiss|0 fnt\n|faint|p2b: Honey Kiss\n|move|p1b: Miraidon|Volt Switch|p2a: Ceasar\n|-supereffective|p2a: Ceasar\n|-crit|p2a: Ceasar\n|-damage|p2a: Ceasar|0 fnt\n|faint|p2a: Ceasar\n|\n|t:|1776105782\n|switch|p1b: Ho-Oh|Ho-Oh, L50|100/100|[from] Volt Switch\n|\n|upkeep\n|\n|t:|1776105785\n|switch|p2b: Sawyer|Zacian-Crowned, L50|100/100\n|switch|p2a: Royal|Kyogre, L50|100/100\n|-ability|p2b: Sawyer|Intrepid Sword|boost\n|-boost|p2b: Sawyer|atk|1\n|-weather|RainDance|[from] ability: Drizzle|[of] p2a: Royal\n|turn|2\n|\n|t:|1776105795\n|-terastallize|p1b: Ho-Oh|Grass\n|move|p1a: Iron Bundle|Protect|p1a: Iron Bundle\n|-singleturn|p1a: Iron Bundle|Protect\n|move|p2b: Sawyer|Behemoth Blade|p1a: Iron Bundle\n|-activate|p1a: Iron Bundle|move: Protect\n|move|p2a: Royal|Water Spout|p1b: Ho-Oh|[spread] p1b\n|-activate|p1a: Iron Bundle|move: Protect\n|-resisted|p1b: Ho-Oh\n|-damage|p1b: Ho-Oh|69/100\n|move|p1b: Ho-Oh|Tailwind|p1b: Ho-Oh\n|-sidestart|p1: dwsdws|move: Tailwind\n|\n|-weather|RainDance|[upkeep]\n|upkeep\n|turn|3\n|\n|t:|1776105818\n|-terastallize|p2a: Royal|Electric\n|move|p1a: Iron Bundle|Freeze-Dry|p2a: Royal\n|-damage|p2a: Royal|85/100\n|move|p2b: Sawyer|Behemoth Blade|p1a: Iron Bundle\n|-damage|p1a: Iron Bundle|0 fnt\n|faint|p1a: Iron Bundle\n|-end|p1a: Iron Bundle|Quark Drive|[silent]\n|move|p2a: Royal|Ice Beam|p1b: Ho-Oh\n|-supereffective|p1b: Ho-Oh\n|-damage|p1b: Ho-Oh|23/100\n|move|p1b: Ho-Oh|Sacred Fire|p2b: Sawyer\n|-supereffective|p2b: Sawyer\n|-damage|p2b: Sawyer|49/100\n|\n|-weather|RainDance|[upkeep]\n|upkeep\n|\n|t:|1776105835\n|switch|p1a: Iron Treads|Iron Treads, L50|100/100\n|-activate|p1a: Iron Treads|ability: Quark Drive\n|-start|p1a: Iron Treads|quarkdrivespe\n|turn|4\n|\n|t:|1776105853\n|move|p1a: Iron Treads|High Horsepower|p2a: Royal\n|-supereffective|p2a: Royal\n|-damage|p2a: Royal|0 fnt\n|faint|p2a: Royal\n|-damage|p1a: Iron Treads|90/100|[from] item: Life Orb\n|move|p2b: Sawyer|Play Rough|p1b: Ho-Oh\n|-damage|p1b: Ho-Oh|0 fnt\n|-damage|p2b: Sawyer|33/100|[from] item: Rocky Helmet|[of] p1b: Ho-Oh\n|faint|p1b: Ho-Oh\n|\n|-weather|RainDance|[upkeep]\n|-sideend|p2: BleachyBoi_426|move: Tailwind\n|upkeep\n|\n|t:|1776105861\n|switch|p1b: Miraidon|Miraidon, L50|100/100\n|-activate|p1b: Miraidon|ability: Hadron Engine\n|turn|5\n|\n|t:|1776105868\n|move|p2b: Sawyer|Protect|p2b: Sawyer\n|-singleturn|p2b: Sawyer|Protect\n|move|p1a: Iron Treads|High Horsepower|p2b: Sawyer\n|-activate|p2b: Sawyer|move: Protect\n|move|p1b: Miraidon|Electro Drift|p2b: Sawyer\n|-activate|p2b: Sawyer|move: Protect\n|\n|-weather|RainDance|[upkeep]\n|-sideend|p1: dwsdws|move: Tailwind\n|-fieldend|move: Electric Terrain\n|-end|p1a: Iron Treads|Quark Drive\n|upkeep\n|turn|6\n|\n|t:|1776105873\n|move|p2b: Sawyer|Play Rough|p1b: Miraidon\n|-supereffective|p1b: Miraidon\n|-damage|p1b: Miraidon|0 fnt\n|faint|p1b: Miraidon\n|move|p1a: Iron Treads|High Horsepower|p2b: Sawyer\n|-supereffective|p2b: Sawyer\n|-damage|p2b: Sawyer|0 fnt\n|faint|p2b: Sawyer\n|-damage|p1a: Iron Treads|80/100|[from] item: Life Orb\n|\n|win|dwsdws\n|raw|dwsdws's rating: 1413 &rarr; <strong>1433</strong><br />(+20 for winning)\n|raw|BleachyBoi_426's rating: 1419 &rarr; <strong>1399</strong><br />(-20 for losing)\n|l|\u2606BleachyBoi_426\n|player|p2|\n|l|\u2606dwsdws\n|player|p1|\n","uploadtime":1776106016,"views":9,"formatid":"gen9vgc2026regi","rating":1399,"private":0,"password":null}