{"id":"gen9vgc2026regi-2563246125","format":"[Gen 9] VGC 2026 Reg I","players":["clefci","wuyihao"],"log":"|j|\u2606clefci\n|j|\u2606wuyihao\n|t:|1774008323\n|gametype|doubles\n|player|p1|clefci|266|1167\n|player|p2|wuyihao|266|1275\n|gen|9\n|tier|[Gen 9] VGC 2026 Reg I\n|rated|\n|rule|Species Clause: Limit one of each Pok\u00e9mon\n|rule|Item Clause: Limit 1 of each item\n|clearpoke\n|poke|p1|Kyogre, L50|\n|poke|p1|Tornadus, L50, M|\n|poke|p1|Farigiraf, L50, F|\n|poke|p1|Zacian-*, L50|\n|poke|p1|Chien-Pao, L50|\n|poke|p1|Amoonguss, L50, M|\n|poke|p2|Dialga, L50|\n|poke|p2|Ursaluna, L50, F|\n|poke|p2|Calyrex-Ice, L50|\n|poke|p2|Amoonguss, L50, F|\n|poke|p2|Urshifu-*, L50, M|\n|poke|p2|Raging Bolt, L50|\n|teampreview|4\n|inactive|Battle timer is ON: inactive players will automatically lose when time's up. (requested by wuyihao)\n|inactive|clefci has 60 seconds left.\n|\n|t:|1774008362\n|teamsize|p1|4\n|teamsize|p2|4\n|start\n|switch|p1a: Zacian|Zacian-Crowned, L50|100/100\n|switch|p1b: Chien-Pao|Chien-Pao, L50|100/100\n|switch|p2a: Calyrex|Calyrex-Ice, L50|100/100\n|switch|p2b: Raging Bolt|Raging Bolt, L50|100/100\n|-ability|p2a: Calyrex|As One\n|-ability|p2a: Calyrex|Unnerve\n|-ability|p1a: Zacian|Intrepid Sword|boost\n|-boost|p1a: Zacian|atk|1\n|-ability|p1b: Chien-Pao|Sword of Ruin\n|turn|1\n|\n|t:|1774008382\n|-end|p2b: Raging Bolt|Protosynthesis|[silent]\n|switch|p2b: Dialga|Dialga, L50|100/100\n|-terastallize|p1a: Zacian|Fairy\n|move|p1a: Zacian|Play Rough|p2a: Calyrex|[miss]\n|-miss|p1a: Zacian|p2a: Calyrex\n|move|p1b: Chien-Pao|Sacred Sword|p2a: Calyrex\n|-damage|p2a: Calyrex|75/100\n|move|p2a: Calyrex|Trick Room|p2a: Calyrex\n|-fieldstart|move: Trick Room|[of] p2a: Calyrex\n|\n|upkeep\n|turn|2\n|\n|t:|1774008401\n|move|p1a: Zacian|Protect|p1a: Zacian\n|-singleturn|p1a: Zacian|Protect\n|move|p1b: Chien-Pao|Sucker Punch|p2a: Calyrex\n|-supereffective|p2a: Calyrex\n|-damage|p2a: Calyrex|16/100\n|move|p2a: Calyrex|Glacial Lance|p1b: Chien-Pao|[spread] p1b\n|-activate|p1a: Zacian|move: Protect\n|-resisted|p1b: Chien-Pao\n|-damage|p1b: Chien-Pao|59/100\n|move|p2b: Dialga|Flash Cannon|p1a: Zacian\n|-activate|p1a: Zacian|move: Protect\n|\n|upkeep\n|turn|3\n|\n|t:|1774008422\n|switch|p1a: Kyogre|Kyogre, L50|100/100\n|-weather|RainDance|[from] ability: Drizzle|[of] p1a: Kyogre\n|move|p2a: Calyrex|Curse|p2a: Calyrex\n|-unboost|p2a: Calyrex|spe|1\n|-boost|p2a: Calyrex|atk|1\n|-boost|p2a: Calyrex|def|1\n|move|p2b: Dialga|Flash Cannon|p1b: Chien-Pao\n|-supereffective|p1b: Chien-Pao\n|-damage|p1b: Chien-Pao|0 fnt\n|faint|p1b: Chien-Pao\n|\n|-weather|RainDance|[upkeep]\n|upkeep\n|\n|t:|1774008435\n|switch|p1b: Farigiraf|Farigiraf, L50, F|100/100\n|turn|4\n|\n|t:|1774008453\n|move|p1b: Farigiraf|Ally Switch|p1b: Farigiraf\n|swap|p1b: Farigiraf|0|[from] move: Ally Switch\n|move|p2a: Calyrex|Bullet Seed|p1a: Farigiraf\n|-damage|p1a: Farigiraf|89/100\n|-damage|p1a: Farigiraf|76/100\n|-hitcount|p1a: Farigiraf|2\n|move|p2b: Dialga|Draco Meteor|p1b: Kyogre|[miss]\n|-miss|p2b: Dialga|p1b: Kyogre\n|move|p1b: Kyogre|Origin Pulse|p2b: Dialga|[spread] p2a,p2b\n|-resisted|p2b: Dialga\n|-damage|p2a: Calyrex|0 fnt\n|-damage|p2b: Dialga|61/100\n|faint|p2a: Calyrex\n|\n|-weather|RainDance|[upkeep]\n|upkeep\n|inactive|wuyihao has 30 seconds left.\n|\n|t:|1774008481\n|switch|p2a: Raging Bolt|Raging Bolt, L50|100/100\n|turn|5\n|\n|t:|1774008498\n|switch|p1b: Zacian|Zacian-Crowned, L50, tera:Fairy|100/100\n|move|p1a: Farigiraf|Psychic|p2a: Raging Bolt\n|-damage|p2a: Raging Bolt|74/100\n|move|p2b: Dialga|Flash Cannon|p1a: Farigiraf\n|-damage|p1a: Farigiraf|34/100\n|move|p2a: Raging Bolt|Thunderbolt|p1b: Zacian\n|-damage|p1b: Zacian|57/100\n|\n|-weather|RainDance|[upkeep]\n|-heal|p2a: Raging Bolt|80/100|[from] item: Leftovers\n|-fieldend|move: Trick Room\n|upkeep\n|turn|6\n|\n|t:|1774008515\n|-terastallize|p2a: Raging Bolt|Fairy\n|move|p1a: Farigiraf|Helping Hand|p1b: Zacian\n|-singleturn|p1b: Zacian|Helping Hand|[of] p1a: Farigiraf\n|move|p1b: Zacian|Play Rough|p2b: Dialga|[miss]\n|-miss|p1b: Zacian|p2b: Dialga\n|move|p2a: Raging Bolt|Thunderbolt|p1b: Zacian\n|-damage|p1b: Zacian|6/100\n|move|p2b: Dialga|Trick Room|p2b: Dialga\n|-fieldstart|move: Trick Room|[of] p2b: Dialga\n|\n|-weather|RainDance|[upkeep]\n|-heal|p2a: Raging Bolt|86/100|[from] item: Leftovers\n|upkeep\n|turn|7\n|-message|clefci forfeited.\n|\n|win|wuyihao\n|raw|clefci's rating: 1167 &rarr; <strong>1150</strong><br />(-17 for losing)\n|raw|wuyihao's rating: 1275 &rarr; <strong>1292</strong><br />(+17 for winning)\n|l|\u2606clefci\n|player|p1|\n|l|\u2606wuyihao\n|player|p2|\n","uploadtime":1774008697,"views":12,"formatid":"gen9vgc2026regi","rating":1150,"private":0,"password":null}