{"id":"gen9vgc2026regi-2534171236","format":"[Gen 9] VGC 2026 Reg I","players":["canon_tm","dthk1216"],"log":"|j|\u2606canon_tm\n|j|\u2606dthk1216\n|t:|1770394501\n|gametype|doubles\n|player|p1|canon_tm|2|1451\n|player|p2|dthk1216|dawn|1563\n|gen|9\n|tier|[Gen 9] VGC 2026 Reg I\n|rated|\n|rule|Species Clause: Limit one of each Pok\u00e9mon\n|rule|Item Clause: Limit 1 of each item\n|clearpoke\n|poke|p1|Calyrex-Shadow, L50|\n|poke|p1|Zamazenta-*, L50|\n|poke|p1|Tornadus, L50, M|\n|poke|p1|Incineroar, L50, F|\n|poke|p1|Urshifu-*, L50, M|\n|poke|p1|Rillaboom, L50, F|\n|poke|p2|Calyrex-Ice, L50|\n|poke|p2|Kyogre, L50|\n|poke|p2|Urshifu-*, L50, M|\n|poke|p2|Rillaboom, L50, F|\n|poke|p2|Grimmsnarl, L50, M|\n|poke|p2|Amoonguss, L50, M|\n|teampreview|4\n|inactive|Battle timer is ON: inactive players will automatically lose when time's up. (requested by dthk1216)\n|\n|t:|1770394537\n|teamsize|p1|4\n|teamsize|p2|4\n|start\n|switch|p1a: Calyrex|Calyrex-Shadow, L50|100/100\n|switch|p1b: Rillaboom|Rillaboom, L50, F|100/100\n|switch|p2a: Grimmsnarl|Grimmsnarl, L50, M|100/100\n|switch|p2b: Calyrex|Calyrex-Ice, L50|100/100\n|-ability|p1a: Calyrex|As One\n|-ability|p1a: Calyrex|Unnerve\n|-ability|p2b: Calyrex|As One\n|-ability|p2b: Calyrex|Unnerve\n|-fieldstart|move: Grassy Terrain|[from] ability: Grassy Surge|[of] p1b: Rillaboom\n|turn|1\n|\n|t:|1770394560\n|-terastallize|p2b: Calyrex|Grass\n|move|p1b: Rillaboom|Fake Out|p2a: Grimmsnarl\n|-damage|p2a: Grimmsnarl|87/100\n|cant|p2a: Grimmsnarl|flinch\n|move|p1a: Calyrex|Astral Barrage|p2a: Grimmsnarl|[spread] p2a,p2b\n|-resisted|p2a: Grimmsnarl\n|-damage|p2a: Grimmsnarl|63/100\n|-damage|p2b: Calyrex|64/100\n|move|p2b: Calyrex|Trick Room|p2b: Calyrex\n|-fieldstart|move: Trick Room|[of] p2b: Calyrex\n|\n|-heal|p2b: Calyrex|70/100|[from] Grassy Terrain\n|-heal|p2b: Calyrex|75/100|[from] item: Leftovers\n|-heal|p2a: Grimmsnarl|69/100|[from] Grassy Terrain\n|upkeep\n|turn|2\n|inactive|canon_tm has 30 seconds left.\n|inactive|dthk1216 has 30 seconds left.\n|\n|t:|1770394588\n|-terastallize|p1b: Rillaboom|Fire\n|move|p1a: Calyrex|Protect|p1a: Calyrex\n|-singleturn|p1a: Calyrex|Protect\n|move|p2a: Grimmsnarl|Light Screen|p2a: Grimmsnarl\n|-sidestart|p2: dthk1216|move: Light Screen\n|move|p2b: Calyrex|Glacial Lance|p1a: Calyrex|[spread] p1b\n|-activate|p1a: Calyrex|move: Protect\n|-resisted|p1b: Rillaboom\n|-damage|p1b: Rillaboom|73/100\n|move|p1b: Rillaboom|U-turn|p2b: Calyrex\n|-supereffective|p2b: Calyrex\n|-damage|p2b: Calyrex|47/100\n|\n|t:|1770394602\n|switch|p1b: Zamazenta|Zamazenta-Crowned, L50|100/100|[from] U-turn\n|-ability|p1b: Zamazenta|Dauntless Shield|boost\n|-boost|p1b: Zamazenta|def|1\n|\n|-heal|p2b: Calyrex|53/100|[from] Grassy Terrain\n|-heal|p2b: Calyrex|59/100|[from] item: Leftovers\n|-heal|p2a: Grimmsnarl|75/100|[from] Grassy Terrain\n|upkeep\n|turn|3\n|\n|t:|1770394620\n|move|p2a: Grimmsnarl|Reflect|p2a: Grimmsnarl\n|-sidestart|p2: dthk1216|Reflect\n|move|p2b: Calyrex|Leech Seed|p1b: Zamazenta\n|-start|p1b: Zamazenta|move: Leech Seed\n|move|p1b: Zamazenta|Body Press|p2a: Grimmsnarl\n|-damage|p2a: Grimmsnarl|30/100\n|move|p1a: Calyrex|Astral Barrage|p2a: Grimmsnarl|[spread] p2a,p2b\n|-resisted|p2a: Grimmsnarl\n|-damage|p2a: Grimmsnarl|12/100\n|-damage|p2b: Calyrex|35/100\n|\n|-heal|p2b: Calyrex|41/100|[from] Grassy Terrain\n|-heal|p2b: Calyrex|47/100|[from] item: Leftovers\n|-heal|p2a: Grimmsnarl|18/100|[from] Grassy Terrain\n|-damage|p1b: Zamazenta|88/100|[from] Leech Seed|[of] p2b: Calyrex\n|-heal|p2b: Calyrex|58/100|[silent]\n|upkeep\n|turn|4\n|inactive|canon_tm has 30 seconds left.\n|\n|t:|1770394650\n|switch|p2a: Amoonguss|Amoonguss, L50, M|100/100\n|move|p2b: Calyrex|Glacial Lance|p1b: Zamazenta|[spread] p1a,p1b\n|-resisted|p1b: Zamazenta\n|-damage|p1a: Calyrex|47/100\n|-damage|p1b: Zamazenta|79/100\n|move|p1b: Zamazenta|Body Press|p2a: Amoonguss\n|-resisted|p2a: Amoonguss\n|-damage|p2a: Amoonguss|84/100\n|-damage|p1b: Zamazenta|63/100|[from] item: Rocky Helmet|[of] p2a: Amoonguss\n|move|p1a: Calyrex|Astral Barrage|p2b: Calyrex|[spread] p2a,p2b\n|-damage|p2a: Amoonguss|44/100\n|-damage|p2b: Calyrex|36/100\n|\n|-heal|p2a: Amoonguss|50/100|[from] Grassy Terrain\n|-heal|p2b: Calyrex|42/100|[from] Grassy Terrain\n|-heal|p2b: Calyrex|48/100|[from] item: Leftovers\n|-heal|p1b: Zamazenta|69/100|[from] Grassy Terrain\n|-heal|p1a: Calyrex|53/100|[from] Grassy Terrain\n|-damage|p1b: Zamazenta|57/100|[from] Leech Seed|[of] p2b: Calyrex\n|-heal|p2b: Calyrex|59/100|[silent]\n|upkeep\n|turn|5\n|inactive|canon_tm has 30 seconds left.\n|inactive|dthk1216 has 30 seconds left.\n|\n|t:|1770394678\n|switch|p1b: Rillaboom|Rillaboom, L50, F, tera:Fire|73/100\n|move|p1a: Calyrex|Protect|p1a: Calyrex\n|-singleturn|p1a: Calyrex|Protect\n|move|p2a: Amoonguss|Pollen Puff|p2b: Calyrex\n|-heal|p2b: Calyrex|100/100\n|move|p2b: Calyrex|Leech Seed|p1a: Calyrex\n|-activate|p1a: Calyrex|move: Protect\n|\n|-heal|p2a: Amoonguss|56/100|[from] Grassy Terrain\n|-heal|p1b: Rillaboom|79/100|[from] Grassy Terrain\n|-heal|p1a: Calyrex|59/100|[from] Grassy Terrain\n|-fieldend|move: Trick Room\n|-fieldend|move: Grassy Terrain\n|upkeep\n|turn|6\n|inactive|canon_tm has 30 seconds left.\n|inactive|dthk1216 has 30 seconds left.\n|inactive|canon_tm has 20 seconds left.\n|\n|t:|1770394714\n|move|p2b: Calyrex|Protect|p2b: Calyrex\n|-singleturn|p2b: Calyrex|Protect\n|move|p2a: Amoonguss|Protect|p2a: Amoonguss\n|-singleturn|p2a: Amoonguss|Protect\n|move|p1b: Rillaboom|Fake Out|p2a: Amoonguss\n|-activate|p2a: Amoonguss|move: Protect\n|move|p1a: Calyrex|Encore|p2b: Calyrex\n|-activate|p2b: Calyrex|move: Protect\n|\n|upkeep\n|turn|7\n|\n|t:|1770394734\n|move|p2a: Amoonguss|Rage Powder|p2a: Amoonguss\n|-singleturn|p2a: Amoonguss|move: Rage Powder\n|move|p1a: Calyrex|Encore|p2a: Amoonguss\n|-start|p2a: Amoonguss|Encore\n|move|p1b: Rillaboom|U-turn|p2a: Amoonguss\n|-damage|p2a: Amoonguss|44/100\n|-damage|p1b: Rillaboom|62/100|[from] item: Rocky Helmet|[of] p2a: Amoonguss\n|\n|t:|1770394742\n|switch|p1b: Zamazenta|Zamazenta-Crowned, L50|57/100|[from] U-turn\n|move|p2b: Calyrex|Trick Room|p2b: Calyrex\n|-fieldstart|move: Trick Room|[of] p2b: Calyrex\n|\n|upkeep\n|turn|8\n|\n|t:|1770394758\n|switch|p2a: Kyogre|Kyogre, L50|100/100\n|-weather|RainDance|[from] ability: Drizzle|[of] p2a: Kyogre\n|switch|p1b: Rillaboom|Rillaboom, L50, F, tera:Fire|62/100\n|-fieldstart|move: Grassy Terrain|[from] ability: Grassy Surge|[of] p1b: Rillaboom\n|move|p2b: Calyrex|Glacial Lance|p1b: Rillaboom|[spread] p1a,p1b\n|-resisted|p1b: Rillaboom\n|-damage|p1a: Calyrex|2/100\n|-damage|p1b: Rillaboom|38/100\n|move|p1a: Calyrex|Astral Barrage|p2b: Calyrex|[spread] p2a,p2b\n|-damage|p2a: Kyogre|72/100\n|-damage|p2b: Calyrex|78/100\n|\n|-weather|RainDance|[upkeep]\n|-heal|p2b: Calyrex|84/100|[from] Grassy Terrain\n|-heal|p2b: Calyrex|89/100|[from] item: Leftovers\n|-heal|p1b: Rillaboom|44/100|[from] Grassy Terrain\n|-heal|p2a: Kyogre|78/100|[from] Grassy Terrain\n|-heal|p1a: Calyrex|8/100|[from] Grassy Terrain\n|upkeep\n|turn|9\n|inactive|canon_tm has 30 seconds left.\n|inactive|canon_tm has 20 seconds left.\n|inactive|canon_tm has 15 seconds left.\n|\n|t:|1770394801\n|switch|p1a: Zamazenta|Zamazenta-Crowned, L50|57/100\n|move|p2b: Calyrex|Glacial Lance|p1b: Rillaboom|[spread] p1a,p1b\n|-resisted|p1a: Zamazenta\n|-resisted|p1b: Rillaboom\n|-damage|p1a: Zamazenta|42/100\n|-damage|p1b: Rillaboom|18/100\n|move|p1b: Rillaboom|Wood Hammer|p2a: Kyogre\n|-supereffective|p2a: Kyogre\n|-damage|p2a: Kyogre|0 fnt\n|faint|p2a: Kyogre\n|-damage|p1b: Rillaboom|0 fnt|[from] Recoil\n|faint|p1b: Rillaboom\n|\n|-weather|RainDance|[upkeep]\n|-heal|p2b: Calyrex|95/100|[from] Grassy Terrain\n|-heal|p2b: Calyrex|100/100|[from] item: Leftovers\n|-heal|p1a: Zamazenta|48/100|[from] Grassy Terrain\n|-sideend|p2: dthk1216|move: Light Screen\n|upkeep\n|\n|t:|1770394821\n|switch|p1b: Calyrex|Calyrex-Shadow, L50|8/100\n|switch|p2a: Amoonguss|Amoonguss, L50, M|78/100\n|-ability|p1b: Calyrex|As One\n|-ability|p1b: Calyrex|Unnerve\n|turn|10\n|-message|canon_tm forfeited.\n|\n|win|dthk1216\n|raw|canon_tm's rating: 1451 &rarr; <strong>1437</strong><br />(-14 for losing)\n|raw|dthk1216's rating: 1563 &rarr; <strong>1577</strong><br />(+14 for winning)\n|l|\u2606canon_tm\n|player|p1|\n|l|\u2606dthk1216\n|player|p2|\n","uploadtime":1770395049,"views":16,"formatid":"gen9vgc2026regi","rating":1437,"private":0,"password":null}