{"id":"gen9vgc2026regi-2534582271","format":"[Gen 9] VGC 2026 Reg I","players":["canon_tm","lalo's pollos"],"log":"|j|\u2606canon_tm\n|j|\u2606lalo's pollos\n|t:|1770440576\n|gametype|doubles\n|player|p1|canon_tm|1|1435\n|player|p2|lalo's pollos|1|1537\n|gen|9\n|tier|[Gen 9] VGC 2026 Reg I\n|rated|\n|rule|Species Clause: Limit one of each Pok\u00e9mon\n|rule|Item Clause: Limit 1 of each item\n|clearpoke\n|poke|p1|Calyrex-Shadow, L50|\n|poke|p1|Zamazenta-*, L50|\n|poke|p1|Tornadus, L50, M|\n|poke|p1|Incineroar, L50, M|\n|poke|p1|Urshifu-*, L50, M|\n|poke|p1|Rillaboom, L50, F|\n|poke|p2|Zamazenta-*, L50|\n|poke|p2|Lunala, L50|\n|poke|p2|Rillaboom, L50, M|\n|poke|p2|Incineroar, L50, M|\n|poke|p2|Urshifu-*, L50, F|\n|poke|p2|Tornadus, L50, M|\n|teampreview|4\n|c|\u2606lalo's pollos|nice\n|\n|t:|1770440611\n|teamsize|p1|4\n|teamsize|p2|4\n|start\n|switch|p1a: Incineroar|Incineroar, L50, M|100/100\n|switch|p1b: Zamazenta|Zamazenta-Crowned, L50|100/100\n|switch|p2a: Tornadus|Tornadus, L50, M|100/100\n|switch|p2b: Zamazenta|Zamazenta-Crowned, L50|100/100\n|-ability|p2b: Zamazenta|Dauntless Shield|boost\n|-boost|p2b: Zamazenta|def|1\n|-ability|p1b: Zamazenta|Dauntless Shield|boost\n|-boost|p1b: Zamazenta|def|1\n|-ability|p1a: Incineroar|Intimidate|boost\n|-unboost|p2a: Tornadus|atk|1\n|-unboost|p2b: Zamazenta|atk|1\n|turn|1\n|\n|t:|1770440627\n|move|p2b: Zamazenta|Protect|p2b: Zamazenta\n|-singleturn|p2b: Zamazenta|Protect\n|move|p1a: Incineroar|Fake Out|p2b: Zamazenta\n|-activate|p2b: Zamazenta|move: Protect\n|move|p2a: Tornadus|Bleakwind Storm|p1a: Incineroar|[spread] p1a,p1b\n|-damage|p1a: Incineroar|75/100\n|-damage|p1b: Zamazenta|76/100\n|-unboost|p1a: Incineroar|spe|1\n|move|p1b: Zamazenta|Imprison|p1b: Zamazenta\n|-start|p1b: Zamazenta|move: Imprison\n|\n|upkeep\n|turn|2\n|\n|t:|1770440651\n|switch|p2b: Urshifu|Urshifu-Rapid-Strike, L50, F|100/100\n|move|p2a: Tornadus|Bleakwind Storm|p1a: Incineroar|[spread] p1a\n|-miss|p2a: Tornadus|p1b: Zamazenta\n|-damage|p1a: Incineroar|51/100\n|move|p1b: Zamazenta|Body Press|p2a: Tornadus\n|-resisted|p2a: Tornadus\n|-damage|p2a: Tornadus|50/100\n|move|p1a: Incineroar|U-turn|p2a: Tornadus\n|-resisted|p2a: Tornadus\n|-damage|p2a: Tornadus|32/100\n|\n|t:|1770440678\n|switch|p1a: Calyrex|Calyrex-Shadow, L50|100/100|[from] U-turn\n|-ability|p1a: Calyrex|As One\n|-ability|p1a: Calyrex|Unnerve\n|\n|upkeep\n|turn|3\n|\n|t:|1770440690\n|-terastallize|p2b: Urshifu|Water\n|move|p2a: Tornadus|Tailwind|p2a: Tornadus\n|-sidestart|p2: lalo's pollos|move: Tailwind\n|move|p2b: Urshifu|Surging Strikes|p1a: Calyrex\n|-crit|p1a: Calyrex\n|-damage|p1a: Calyrex|65/100\n|-crit|p1a: Calyrex\n|-damage|p1a: Calyrex|29/100\n|-crit|p1a: Calyrex\n|-damage|p1a: Calyrex|0 fnt\n|faint|p1a: Calyrex\n|-hitcount|p1: Calyrex|3\n|move|p1b: Zamazenta|Body Press|p2b: Urshifu\n|-damage|p2b: Urshifu|31/100\n|\n|upkeep\n|\n|t:|1770440707\n|switch|p1a: Incineroar|Incineroar, L50, M|51/100\n|-ability|p1a: Incineroar|Intimidate|boost\n|-unboost|p2a: Tornadus|atk|1\n|-unboost|p2b: Urshifu|atk|1\n|turn|4\n|\n|t:|1770440727\n|switch|p2a: Lunala|Lunala, L50|100/100\n|move|p2b: Urshifu|Detect|p2b: Urshifu\n|-singleturn|p2b: Urshifu|Protect\n|move|p1a: Incineroar|Fake Out|p2b: Urshifu\n|-activate|p2b: Urshifu|move: Protect\n|move|p1b: Zamazenta|Body Press|p2a: Lunala\n|-immune|p2a: Lunala\n|\n|upkeep\n|turn|5\n|\n|t:|1770440752\n|-terastallize|p1a: Incineroar|Bug\n|move|p2b: Urshifu|Surging Strikes|p1b: Zamazenta\n|-crit|p1b: Zamazenta\n|-damage|p1b: Zamazenta|54/100\n|-crit|p1b: Zamazenta\n|-damage|p1b: Zamazenta|31/100\n|-crit|p1b: Zamazenta\n|-damage|p1b: Zamazenta|8/100\n|-hitcount|p1b: Zamazenta|3\n|move|p2a: Lunala|Moongeist Beam|p1b: Zamazenta\n|-damage|p1b: Zamazenta|0 fnt\n|faint|p1b: Zamazenta\n|move|p1a: Incineroar|U-turn|p2a: Lunala\n|-damage|p2a: Lunala|86/100\n|\n|t:|1770440758\n|switch|p1a: Urshifu|Urshifu-Rapid-Strike, L50, M|100/100|[from] U-turn\n|\n|-heal|p2a: Lunala|92/100|[from] item: Leftovers\n|upkeep\n|j| lunala fairy ghost\n|\n|t:|1770440761\n|switch|p1b: Incineroar|Incineroar, L50, M, tera:Bug|51/100\n|-ability|p1b: Incineroar|Intimidate|boost\n|-unboost|p2a: Lunala|atk|1\n|-unboost|p2b: Urshifu|atk|1\n|turn|6\n|\n|t:|1770440772\n|move|p2b: Urshifu|Surging Strikes|p1b: Incineroar\n|-crit|p1b: Incineroar\n|-damage|p1b: Incineroar|19/100\n|-crit|p1b: Incineroar\n|-damage|p1b: Incineroar|0 fnt\n|faint|p1b: Incineroar\n|-hitcount|p1: Incineroar|2\n|move|p2a: Lunala|Moonblast|p1a: Urshifu\n|-supereffective|p1a: Urshifu\n|-damage|p1a: Urshifu|0 fnt\n|faint|p1a: Urshifu\n|\n|win|lalo's pollos\n|raw|canon_tm's rating: 1435 &rarr; <strong>1421</strong><br />(-14 for losing)\n|raw|lalo&apos;s pollos's rating: 1537 &rarr; <strong>1551</strong><br />(+14 for winning)\n|l|\u2606canon_tm\n|player|p1|\n|l| lunala fairy ghost\n","uploadtime":1770440782,"views":15,"formatid":"gen9vgc2026regi","rating":1421,"private":0,"password":null}