{"id":"gen9vgc2026regi-2528275828","format":"[Gen 9] VGC 2026 Reg I","players":["SlimerGamer321","i\u2764\u5a1c\u7984forever"],"log":"|j|\u2606SlimerGamer321\n|j|\u2606i\u2764\u5a1c\u7984forever\n|t:|1769636723\n|gametype|doubles\n|player|p1|SlimerGamer321|265|1216\n|player|p2|i\u2764\u5a1c\u7984forever|youngcouple|1492\n|gen|9\n|tier|[Gen 9] VGC 2026 Reg I\n|rated|\n|rule|Species Clause: Limit one of each Pok\u00e9mon\n|rule|Item Clause: Limit 1 of each item\n|clearpoke\n|poke|p1|Excadrill, L50, M|\n|poke|p1|Hippowdon, L50, M|\n|poke|p1|Incineroar, L50, F|\n|poke|p1|Landorus, L50, M|\n|poke|p1|Brute Bonnet, L50|\n|poke|p1|Calyrex-Shadow, L50|\n|poke|p2|Groudon, L50|\n|poke|p2|Kyurem-White, L50|\n|poke|p2|Heatran, L50, M|\n|poke|p2|Whimsicott, L50, F|\n|poke|p2|Roaring Moon, L50|\n|poke|p2|Ditto, L50|\n|teampreview|4\n|\n|t:|1769636765\n|teamsize|p1|4\n|teamsize|p2|4\n|start\n|switch|p1a: Hippowdon|Hippowdon, L50, M|100/100\n|switch|p1b: Calyrex|Calyrex-Shadow, L50|100/100\n|switch|p2a: Kyurem|Kyurem-White, L50|100/100\n|switch|p2b: Roaring Moon|Roaring Moon, L50|100/100\n|-ability|p1b: Calyrex|As One\n|-ability|p1b: Calyrex|Unnerve\n|-ability|p2a: Kyurem|Turboblaze\n|-weather|Sandstorm|[from] ability: Sand Stream|[of] p1a: Hippowdon\n|turn|1\n|\n|t:|1769636786\n|-terastallize|p1b: Calyrex|Fairy\n|move|p1a: Hippowdon|Helping Hand|p1b: Calyrex\n|-singleturn|p1b: Calyrex|Helping Hand|[of] p1a: Hippowdon\n|move|p2b: Roaring Moon|Knock Off|p1b: Calyrex\n|-resisted|p1b: Calyrex\n|-damage|p1b: Calyrex|67/100\n|-enditem|p1b: Calyrex|Life Orb|[from] move: Knock Off|[of] p2b: Roaring Moon\n|move|p1b: Calyrex|Astral Barrage|p2b: Roaring Moon|[spread] p2a,p2b\n|-resisted|p2b: Roaring Moon\n|-crit|p2b: Roaring Moon\n|-damage|p2a: Kyurem|25/100\n|-damage|p2b: Roaring Moon|46/100\n|move|p2a: Kyurem|Blizzard|p1a: Hippowdon|[spread] p1b\n|-miss|p2a: Kyurem|p1a: Hippowdon\n|-enditem|p2a: Kyurem|Blunder Policy\n|-boost|p2a: Kyurem|spe|2\n|-damage|p1b: Calyrex|7/100\n|\n|-weather|Sandstorm|[upkeep]\n|-damage|p2a: Kyurem|19/100|[from] Sandstorm\n|-damage|p2b: Roaring Moon|40/100|[from] Sandstorm\n|-damage|p1b: Calyrex|1/100|[from] Sandstorm\n|upkeep\n|turn|2\n|\n|t:|1769636818\n|switch|p1b: Incineroar|Incineroar, L50, F|100/100\n|-ability|p1b: Incineroar|Intimidate|boost\n|-unboost|p2a: Kyurem|atk|1\n|-unboost|p2b: Roaring Moon|atk|1\n|move|p2a: Kyurem|Blizzard|p1a: Hippowdon|[spread] p1a,p1b\n|-supereffective|p1a: Hippowdon\n|-resisted|p1b: Incineroar\n|-damage|p1a: Hippowdon|20/100\n|-damage|p1b: Incineroar|80/100\n|move|p2b: Roaring Moon|Knock Off|p1b: Incineroar\n|-resisted|p1b: Incineroar\n|-damage|p1b: Incineroar|62/100\n|-enditem|p1b: Incineroar|Assault Vest|[from] move: Knock Off|[of] p2b: Roaring Moon\n|move|p1a: Hippowdon|High Horsepower|p2a: Kyurem\n|-damage|p2a: Kyurem|0 fnt\n|faint|p2a: Kyurem\n|\n|-weather|Sandstorm|[upkeep]\n|-damage|p2b: Roaring Moon|34/100|[from] Sandstorm\n|-damage|p1b: Incineroar|56/100|[from] Sandstorm\n|upkeep\n|\n|t:|1769636834\n|switch|p2a: Groudon|Groudon, L50|100/100\n|-weather|SunnyDay|[from] ability: Drought|[of] p2a: Groudon\n|-activate|p2b: Roaring Moon|ability: Protosynthesis\n|-start|p2b: Roaring Moon|protosynthesisspe\n|turn|3\n|\n|t:|1769636852\n|move|p1a: Hippowdon|Helping Hand|p1b: Incineroar\n|-singleturn|p1b: Incineroar|Helping Hand|[of] p1a: Hippowdon\n|move|p2b: Roaring Moon|Knock Off|p1a: Hippowdon\n|-damage|p1a: Hippowdon|0 fnt\n|-enditem|p1a: Hippowdon|Smooth Rock|[from] move: Knock Off|[of] p2b: Roaring Moon\n|faint|p1a: Hippowdon\n|move|p2a: Groudon|Precipice Blades|p1b: Incineroar|[miss]\n|-miss|p2a: Groudon|p1b: Incineroar\n|move|p1b: Incineroar|Flare Blitz|p2b: Roaring Moon\n|-resisted|p2b: Roaring Moon\n|-damage|p2b: Roaring Moon|0 fnt\n|faint|p2b: Roaring Moon\n|-end|p2b: Roaring Moon|Protosynthesis|[silent]\n|-damage|p1b: Incineroar|45/100|[from] Recoil\n|\n|-weather|SunnyDay|[upkeep]\n|upkeep\n|\n|t:|1769636867\n|switch|p2b: Ditto|Ditto, L50|100/100\n|switch|p1a: Calyrex|Calyrex-Shadow, L50, tera:Fairy|1/100\n|-ability|p1a: Calyrex|As One\n|-ability|p1a: Calyrex|Unnerve\n|-transform|p2b: Ditto|p1a: Calyrex|[from] ability: Imposter\n|-ability|p2b: Ditto|As One\n|-ability|p2b: Ditto|Unnerve\n|turn|4\n|\n|t:|1769636882\n|move|p2b: Ditto|Protect|p2b: Ditto\n|-singleturn|p2b: Ditto|Protect\n|move|p1a: Calyrex|Protect|p1a: Calyrex\n|-singleturn|p1a: Calyrex|Protect\n|move|p2a: Groudon|Precipice Blades|p1b: Incineroar|[spread] p1b\n|-activate|p1a: Calyrex|move: Protect\n|-supereffective|p1b: Incineroar\n|-damage|p1b: Incineroar|0 fnt\n|faint|p1b: Incineroar\n|\n|-weather|SunnyDay|[upkeep]\n|upkeep\n|\n|t:|1769636893\n|switch|p1b: Excadrill|Excadrill, L50, M|100/100\n|turn|5\n|\n|t:|1769636908\n|-terastallize|p2b: Ditto|Dark\n|move|p2b: Ditto|Astral Barrage|p1b: Excadrill|[spread] p1a,p1b\n|-damage|p1a: Calyrex|0 fnt\n|-damage|p1b: Excadrill|12/100\n|faint|p1a: Calyrex\n|-ability|p2b: Ditto|Grim Neigh|boost\n|-boost|p2b: Ditto|spa|1\n|move|p1b: Excadrill|Earthquake|p2a: Groudon|[spread] p2a,p2b\n|-damage|p2a: Groudon|62/100\n|-damage|p2b: Ditto|17/100\n|move|p2a: Groudon|Precipice Blades|p1b: Excadrill|[miss]\n|-miss|p2a: Groudon|p1b: Excadrill\n|\n|-weather|SunnyDay|[upkeep]\n|upkeep\n|turn|6\n|\n|t:|1769636925\n|move|p2b: Ditto|Protect|p2b: Ditto\n|-singleturn|p2b: Ditto|Protect\n|move|p1b: Excadrill|Earthquake|p2b: Ditto|[spread] p2a\n|-activate|p2b: Ditto|move: Protect\n|-damage|p2a: Groudon|23/100\n|move|p2a: Groudon|Precipice Blades|p1b: Excadrill\n|-supereffective|p1b: Excadrill\n|-damage|p1b: Excadrill|0 fnt\n|faint|p1b: Excadrill\n|\n|win|i\u2764\u5a1c\u7984forever\n|raw|SlimerGamer321's rating: 1216 &rarr; <strong>1208</strong><br />(-8 for losing)\n|raw|i\u2764\u5a1c\u7984forever's rating: 1492 &rarr; <strong>1499</strong><br />(+7 for winning)\n|l|\u2606i\u2764\u5a1c\u7984forever\n|player|p2|\n|l|\u2606SlimerGamer321\n|player|p1|\n","uploadtime":1769637141,"views":18,"formatid":"gen9vgc2026regi","rating":1208,"private":0,"password":null}