{"id":"gen9vgc2026regi-2589729545","format":"[Gen 9] VGC 2026 Reg I","players":["sjknjhlhf","lior97h"],"log":"|j|\u2606sjknjhlhf\n|j|\u2606lior97h\n|t:|1776752823\n|gametype|doubles\n|player|p1|sjknjhlhf|1|1483\n|player|p2|lior97h|hiker|1426\n|gen|9\n|tier|[Gen 9] VGC 2026 Reg I\n|rated|\n|rule|Species Clause: Limit one of each Pok\u00e9mon\n|rule|Item Clause: Limit 1 of each item\n|clearpoke\n|poke|p1|Amoonguss, L50, F|\n|poke|p1|Calyrex-Ice, L50|\n|poke|p1|Kyogre, L50|\n|poke|p1|Basculegion, L50, M|\n|poke|p1|Archaludon, L50, M|\n|poke|p1|Flutter Mane, L50|\n|poke|p2|Calyrex-Shadow, L50|\n|poke|p2|Rillaboom, L50, M|\n|poke|p2|Sableye, L50, F|\n|poke|p2|Zamazenta-*, L50|\n|poke|p2|Medicham, L50, M|\n|poke|p2|Slaking, L50, F|\n|teampreview|4\n|inactive|Battle timer is ON: inactive players will automatically lose when time's up. (requested by lior97h)\nlior97h rejected open team sheets.\n|inactive|sjknjhlhf has 60 seconds left.\n|\n|t:|1776752861\n|teamsize|p1|4\n|teamsize|p2|4\n|start\n|switch|p1a: Calyrex|Calyrex-Ice, L50|100/100\n|switch|p1b: Kyogre|Kyogre, L50|100/100\n|switch|p2a: Medicham|Medicham, L50, M|100/100\n|switch|p2b: Slaking|Slaking, L50, F|100/100\n|-ability|p1a: Calyrex|As One\n|-ability|p1a: Calyrex|Unnerve\n|-weather|RainDance|[from] ability: Drizzle|[of] p1b: Kyogre\n|turn|1\n|\n|t:|1776752882\n|-terastallize|p1a: Calyrex|Grass\n|move|p1b: Kyogre|Protect|p1b: Kyogre\n|-singleturn|p1b: Kyogre|Protect\n|move|p2b: Slaking|Sucker Punch||[still]\n|-fail|p2b: Slaking\n|move|p2a: Medicham|Skill Swap|p2b: Slaking\n|-activate|p2a: Medicham|Skill Swap|||[of] p2b: Slaking\n|move|p1a: Calyrex|Trick Room|p1a: Calyrex\n|-fieldstart|move: Trick Room|[of] p1a: Calyrex\n|\n|-weather|RainDance|[upkeep]\n|upkeep\n|turn|2\n|inactive|lior97h has 30 seconds left.\n|\n|t:|1776752915\n|move|p2b: Slaking|Sucker Punch|p1a: Calyrex\n|-damage|p1a: Calyrex|71/100\n|move|p1a: Calyrex|Glacial Lance|p2a: Medicham|[spread] p2a,p2b\n|-damage|p2a: Medicham|23/100\n|-damage|p2b: Slaking|66/100\n|move|p1b: Kyogre|Origin Pulse|p2b: Slaking|[spread] p2a,p2b\n|-damage|p2a: Medicham|0 fnt\n|-damage|p2b: Slaking|0 fnt\n|faint|p2a: Medicham\n|faint|p2b: Slaking\n|\n|-weather|RainDance|[upkeep]\n|upkeep\n|\n|t:|1776752929\n|switch|p2b: Zamazenta|Zamazenta-Crowned, L50|100/100\n|switch|p2a: Calyrex|Calyrex-Shadow, L50|100/100\n|-ability|p2a: Calyrex|As One\n|-ability|p2a: Calyrex|Unnerve\n|-ability|p2b: Zamazenta|Dauntless Shield|boost\n|-boost|p2b: Zamazenta|def|1\n|turn|3\n|\n|t:|1776752949\n|-terastallize|p2b: Zamazenta|Fighting\n|move|p1a: Calyrex|Glacial Lance|p2b: Zamazenta|[spread] p2a,p2b\n|-damage|p2a: Calyrex|46/100\n|-damage|p2b: Zamazenta|82/100\n|move|p1b: Kyogre|Hydro Pump|p2a: Calyrex\n|-damage|p2a: Calyrex|0 fnt\n|faint|p2a: Calyrex\n|move|p2b: Zamazenta|Body Press|p1b: Kyogre\n|-damage|p1b: Kyogre|17/100\n|\n|-weather|RainDance|[upkeep]\n|upkeep\n|turn|4\n|\n|t:|1776752965\n|move|p2b: Zamazenta|Protect|p2b: Zamazenta\n|-singleturn|p2b: Zamazenta|Protect\n|move|p1a: Calyrex|Leech Seed|p2b: Zamazenta\n|-activate|p2b: Zamazenta|move: Protect\n|move|p1b: Kyogre|Origin Pulse|p2b: Zamazenta\n|-activate|p2b: Zamazenta|move: Protect\n|\n|-weather|RainDance|[upkeep]\n|upkeep\n|turn|5\n|\n|t:|1776752978\n|move|p1a: Calyrex|Leech Seed|p2b: Zamazenta\n|-start|p2b: Zamazenta|move: Leech Seed\n|move|p1b: Kyogre|Origin Pulse|p2b: Zamazenta\n|-damage|p2b: Zamazenta|0 fnt\n|faint|p2b: Zamazenta\n|\n|win|sjknjhlhf\n|raw|sjknjhlhf's rating: 1483 &rarr; <strong>1500</strong><br />(+17 for winning)\n|raw|lior97h's rating: 1426 &rarr; <strong>1409</strong><br />(-17 for losing)\n|l|\u2606lior97h\n|player|p2|\n|l|\u2606sjknjhlhf\n|player|p1|\n","uploadtime":1776753214,"views":11,"formatid":"gen9vgc2026regi","rating":1409,"private":0,"password":null}