{"id":"gen9vgc2026regi-2555902520","format":"[Gen 9] VGC 2026 Reg I","players":["cqygfxgfst","blackred123"],"log":"|j|\u2606cqygfxgfst\n|j|\u2606blackred123\n|t:|1773150396\n|gametype|doubles\n|player|p1|cqygfxgfst|fisherman-gen4|1313\n|player|p2|blackred123|iono-masters|1442\n|gen|9\n|tier|[Gen 9] VGC 2026 Reg I\n|rated|\n|rule|Species Clause: Limit one of each Pok\u00e9mon\n|rule|Item Clause: Limit 1 of each item\n|clearpoke\n|poke|p1|Calyrex-Shadow, L50|\n|poke|p1|Hatterene, L50, F|\n|poke|p1|Ursaluna, L50, F|\n|poke|p1|Zamazenta-*, L50|\n|poke|p1|Indeedee-F, L50, F|\n|poke|p1|Torkoal, L50, M|\n|poke|p2|Groudon, L50|\n|poke|p2|Volcarona, L50, F|\n|poke|p2|Rillaboom, L50, M|\n|poke|p2|Incineroar, L50, F|\n|poke|p2|Miraidon, L50|\n|poke|p2|Grimmsnarl, L50, M|\n|teampreview|4\n|inactive|Battle timer is ON: inactive players will automatically lose when time's up. (requested by blackred123)\n|inactive|cqygfxgfst also wants the timer to be on.\n|\n|t:|1773150422\n|teamsize|p1|4\n|teamsize|p2|4\n|start\n|switch|p1a: Calyrex|Calyrex-Shadow, L50|100/100\n|switch|p1b: Hatterene|Hatterene, L50, F, shiny|100/100\n|switch|p2a: \u6c38\u96cf\u5854\u83f2|Groudon, L50|100/100\n|switch|p2b: \u516d\u7ffc\u4e01\u771f|Volcarona, L50, F|100/100\n|-ability|p1a: Calyrex|As One\n|-ability|p1a: Calyrex|Unnerve\n|-weather|SunnyDay|[from] ability: Drought|[of] p2a: \u6c38\u96cf\u5854\u83f2\n|turn|1\n|\n|t:|1773150437\n|move|p1a: Calyrex|Protect|p1a: Calyrex\n|-singleturn|p1a: Calyrex|Protect\n|move|p2b: \u516d\u7ffc\u4e01\u771f|Fiery Dance|p1b: Hatterene\n|-damage|p1b: Hatterene|39/100\n|-boost|p2b: \u516d\u7ffc\u4e01\u771f|spa|1\n|move|p2a: \u6c38\u96cf\u5854\u83f2|Precipice Blades|p1a: Calyrex|[spread] p1b\n|-activate|p1a: Calyrex|move: Protect\n|-damage|p1b: Hatterene|0 fnt\n|faint|p1b: Hatterene\n|\n|-weather|SunnyDay|[upkeep]\n|upkeep\n|\n|t:|1773150453\n|switch|p1b: Zamazenta|Zamazenta-Crowned, L50|100/100\n|-ability|p1b: Zamazenta|Dauntless Shield|boost\n|-boost|p1b: Zamazenta|def|1\n|turn|2\n|\n|t:|1773150464\n|move|p1b: Zamazenta|Iron Defense|p1b: Zamazenta\n|-boost|p1b: Zamazenta|def|2\n|move|p2b: \u516d\u7ffc\u4e01\u771f|Fiery Dance|p1a: Calyrex\n|-damage|p1a: Calyrex|28/100\n|move|p2a: \u6c38\u96cf\u5854\u83f2|High Horsepower|p1a: Calyrex\n|-crit|p1a: Calyrex\n|-damage|p1a: Calyrex|0 fnt\n|faint|p1a: Calyrex\n|\n|-weather|SunnyDay|[upkeep]\n|upkeep\n|\n|t:|1773150474\n|switch|p1a: \u6708\u6708\u718a|Ursaluna, L50, F|100/100\n|turn|3\n|\n|t:|1773150483\n|-terastallize|p1b: Zamazenta|Fighting\n|move|p1b: Zamazenta|Body Press|p2a: \u6c38\u96cf\u5854\u83f2\n|-damage|p2a: \u6c38\u96cf\u5854\u83f2|0 fnt\n|faint|p2a: \u6c38\u96cf\u5854\u83f2\n|move|p2b: \u516d\u7ffc\u4e01\u771f|Fiery Dance|p1b: Zamazenta\n|-damage|p1b: Zamazenta|34/100\n|move|p1a: \u6708\u6708\u718a|Facade|p2b: \u516d\u7ffc\u4e01\u771f\n|-damage|p2b: \u516d\u7ffc\u4e01\u771f|37/100\n|-status|p1a: \u6708\u6708\u718a|brn|[from] ability: Flame Body|[of] p2b: \u516d\u7ffc\u4e01\u771f\n|\n|-weather|SunnyDay|[upkeep]\n|-damage|p1a: \u6708\u6708\u718a|95/100 brn|[from] brn\n|upkeep\n|\n|t:|1773150497\n|switch|p2a: \u629b\u4e0b\u864e\u54e5\u5578\u7a74|Incineroar, L50, F|100/100\n|-ability|p2a: \u629b\u4e0b\u864e\u54e5\u5578\u7a74|Intimidate|boost\n|-unboost|p1a: \u6708\u6708\u718a|atk|1\n|-unboost|p1b: Zamazenta|atk|1\n|turn|4\n|\n|t:|1773150508\n|move|p2a: \u629b\u4e0b\u864e\u54e5\u5578\u7a74|Fake Out|p1b: Zamazenta\n|-damage|p1b: Zamazenta|31/100\n|cant|p1b: Zamazenta|flinch\n|move|p2b: \u516d\u7ffc\u4e01\u771f|Fiery Dance|p1a: \u6708\u6708\u718a\n|-damage|p1a: \u6708\u6708\u718a|22/100 brn\n|move|p1a: \u6708\u6708\u718a|Facade|p2b: \u516d\u7ffc\u4e01\u771f\n|-damage|p2b: \u516d\u7ffc\u4e01\u771f|0 fnt\n|faint|p2b: \u516d\u7ffc\u4e01\u771f\n|\n|-weather|SunnyDay|[upkeep]\n|-damage|p1a: \u6708\u6708\u718a|16/100 brn|[from] brn\n|upkeep\n|\n|t:|1773150516\n|switch|p2b: \u94f6\u91d1\u7535\u86c7|Miraidon, L50, shiny|100/100\n|-fieldstart|move: Electric Terrain|[from] ability: Hadron Engine|[of] p2b: \u94f6\u91d1\u7535\u86c7\n|turn|5\n|\n|t:|1773150531\n|-terastallize|p2b: \u94f6\u91d1\u7535\u86c7|Electric\n|move|p2b: \u94f6\u91d1\u7535\u86c7|Electro Drift|p1b: Zamazenta\n|-damage|p1b: Zamazenta|0 fnt\n|faint|p1b: Zamazenta\n|move|p2a: \u629b\u4e0b\u864e\u54e5\u5578\u7a74|Flare Blitz|p1a: \u6708\u6708\u718a\n|-damage|p1a: \u6708\u6708\u718a|0 fnt\n|faint|p1a: \u6708\u6708\u718a\n|-damage|p2a: \u629b\u4e0b\u864e\u54e5\u5578\u7a74|94/100|[from] Recoil\n|\n|win|blackred123\n|raw|cqygfxgfst's rating: 1313 &rarr; <strong>1300</strong><br />(-13 for losing)\n|raw|blackred123's rating: 1442 &rarr; <strong>1455</strong><br />(+13 for winning)\n|l|\u2606cqygfxgfst\n|player|p1|\n","uploadtime":1773150689,"views":15,"formatid":"gen9vgc2026regi","rating":1300,"private":0,"password":null}