{"id":"gen9vgc2026regi-2537915231","format":"[Gen 9] VGC 2026 Reg I","players":["blackred123","epsyaris"],"log":"|j|\u2606blackred123\n|j|\u2606epsyaris\n|t:|1770863169\n|gametype|doubles\n|player|p1|blackred123|iono-masters|1452\n|player|p2|epsyaris|iris-gen5bw2|1330\n|gen|9\n|tier|[Gen 9] VGC 2026 Reg I\n|rated|\n|rule|Species Clause: Limit one of each Pok\u00e9mon\n|rule|Item Clause: Limit 1 of each item\n|clearpoke\n|poke|p1|Miraidon, L50|\n|poke|p1|Calyrex-Ice, L50|\n|poke|p1|Whimsicott, L50, M|\n|poke|p1|Volcarona, L50, M|\n|poke|p1|Incineroar, L50, M|\n|poke|p1|Urshifu-*, L50, F|\n|poke|p2|Ho-Oh, L50|\n|poke|p2|Miraidon, L50|\n|poke|p2|Incineroar, L50, F|\n|poke|p2|Raichu-Alola, L50, F|\n|poke|p2|Urshifu-*, L50, F|\n|poke|p2|Tornadus, L50, M|\n|teampreview|4\n|inactive|Battle timer is ON: inactive players will automatically lose when time's up. (requested by blackred123)\n|\n|t:|1770863190\n|teamsize|p1|4\n|teamsize|p2|4\n|start\n|switch|p1a: Miraidon|Miraidon, L50, shiny|100/100\n|switch|p1b: Whimsicott|Whimsicott, L50, M|100/100\n|switch|p2a: Ho-Oh|Ho-Oh, L50, shiny|100/100\n|switch|p2b: Incineroar|Incineroar, L50, F|100/100\n|-fieldstart|move: Electric Terrain|[from] ability: Hadron Engine|[of] p1a: Miraidon\n|-ability|p2b: Incineroar|Intimidate|boost\n|-unboost|p1a: Miraidon|atk|1\n|-unboost|p1b: Whimsicott|atk|1\n|turn|1\n|inactive|blackred123 has 30 seconds left.\n|\n|t:|1770863217\n|-terastallize|p1a: Miraidon|Electric\n|move|p2b: Incineroar|Fake Out|p1a: Miraidon\n|-damage|p1a: Miraidon|91/100\n|move|p1b: Whimsicott|Tailwind|p1b: Whimsicott\n|-sidestart|p1: blackred123|move: Tailwind\n|move|p1a: Miraidon|Volt Switch|p2a: Ho-Oh\n|-supereffective|p2a: Ho-Oh\n|-damage|p2a: Ho-Oh|0 fnt\n|faint|p2a: Ho-Oh\n|\n|t:|1770863232\n|switch|p1a: Incineroar|Incineroar, L50, M|100/100|[from] Volt Switch\n|-ability|p1a: Incineroar|Intimidate|boost\n|-unboost|p2b: Incineroar|atk|1\n|\n|upkeep\n|\n|t:|1770863239\n|switch|p2a: Miraidon|Miraidon, L50, shiny|100/100\n|-activate|p2a: Miraidon|ability: Hadron Engine\n|turn|2\n|\n|t:|1770863256\n|switch|p2b: Raichu|Raichu-Alola, L50, F, shiny|100/100\n|move|p1b: Whimsicott|Endeavor|p2a: Miraidon\n|-damage|p2a: Miraidon|77/100\n|move|p2a: Miraidon|Electro Drift|p1a: Incineroar\n|-damage|p1a: Incineroar|35/100\n|move|p1a: Incineroar|Knock Off|p2a: Miraidon\n|-damage|p2a: Miraidon|32/100\n|-enditem|p2a: Miraidon|Choice Scarf|[from] move: Knock Off|[of] p1a: Incineroar\n|\n|upkeep\n|turn|3\n|inactive|epsyaris has 30 seconds left.\n|\n|t:|1770863283\n|move|p2b: Raichu|Fake Out|p1b: Whimsicott\n|-damage|p1b: Whimsicott|91/100\n|cant|p1b: Whimsicott|flinch\n|move|p2a: Miraidon|Electro Drift|p1b: Whimsicott\n|-resisted|p1b: Whimsicott\n|-damage|p1b: Whimsicott|27/100\n|move|p1a: Incineroar|U-turn|p2a: Miraidon\n|-damage|p2a: Miraidon|10/100\n|\n|t:|1770863298\n|switch|p1a: Calyrex|Calyrex-Ice, L50|100/100|[from] U-turn\n|-ability|p1a: Calyrex|As One\n|-ability|p1a: Calyrex|Unnerve\n|\n|upkeep\n|turn|4\n|\n|t:|1770863317\n|move|p1b: Whimsicott|Light Screen|p1b: Whimsicott\n|-sidestart|p1: blackred123|move: Light Screen\n|move|p2b: Raichu|Fling|p1a: Calyrex\n|-supereffective|p1a: Calyrex\n|-damage|p1a: Calyrex|94/100\n|-enditem|p2b: Raichu|King's Rock|[from] move: Fling\n|move|p2a: Miraidon|Electro Drift|p1a: Calyrex\n|-damage|p1a: Calyrex|53/100\n|cant|p1a: Calyrex|flinch\n|\n|-sideend|p1: blackred123|move: Tailwind\n|upkeep\n|turn|5\n|inactive|epsyaris has 30 seconds left.\n|\n|t:|1770863343\n|move|p1b: Whimsicott|Encore|p2b: Raichu\n|-start|p2b: Raichu|Encore\n|move|p2b: Raichu|Fling||[still]\n|-fail|p2b: Raichu\n|move|p2a: Miraidon|Electro Drift|p1a: Calyrex\n|-damage|p1a: Calyrex|6/100\n|move|p1a: Calyrex|Glacial Lance|p2a: Miraidon|[spread] p2a,p2b\n|-supereffective|p2a: Miraidon\n|-damage|p2a: Miraidon|0 fnt\n|-damage|p2b: Raichu|5/100\n|faint|p2a: Miraidon\n|-ability|p1a: Calyrex|Chilling Neigh|boost\n|-boost|p1a: Calyrex|atk|1\n|\n|-fieldend|move: Electric Terrain\n|upkeep\n|inactive|epsyaris has 30 seconds left.\n|inactive|epsyaris has 20 seconds left.\n|inactive|epsyaris has 15 seconds left.\n|inactive|epsyaris has 10 seconds left.\n|inactive|epsyaris has 5 seconds left.\n|\n|t:|1770863398\n|switch|p2a: Incineroar|Incineroar, L50, F|100/100\n|-ability|p2a: Incineroar|Intimidate|boost\n|-fail|p1a: Calyrex|unboost|[from] item: Clear Amulet|[of] p1a: Calyrex\n|-unboost|p1b: Whimsicott|atk|1\n|turn|6\n|\n|t:|1770863420\n|move|p1a: Calyrex|Protect|p1a: Calyrex\n|-singleturn|p1a: Calyrex|Protect\n|move|p2a: Incineroar|Fake Out|p1a: Calyrex\n|-activate|p1a: Calyrex|move: Protect\n|move|p1b: Whimsicott|Endeavor|p2a: Incineroar\n|-damage|p2a: Incineroar|19/100\n|move|p2b: Raichu|Fling||[still]\n|-fail|p2b: Raichu\n|\n|upkeep\n|turn|7\n|inactive|epsyaris has 30 seconds left.\n|-message|epsyaris forfeited.\n|\n|win|blackred123\n|raw|blackred123's rating: 1452 &rarr; <strong>1465</strong><br />(+13 for winning)\n|raw|epsyaris's rating: 1330 &rarr; <strong>1317</strong><br />(-13 for losing)\n|l|\u2606epsyaris\n|player|p2|\n|l|\u2606blackred123\n|player|p1|\n","uploadtime":1770863612,"views":20,"formatid":"gen9vgc2026regi","rating":1317,"private":0,"password":null}