{"id":"gen9vgc2026regi-2543396876","format":"[Gen 9] VGC 2026 Reg I","players":["filbert0o","jpto5"],"log":"|j|\u2606filbert0o\n|j|\u2606jpto5\n|t:|1771565788\n|gametype|doubles\n|player|p1|filbert0o|101|1105\n|player|p2|jpto5|170|1129\n|gen|9\n|tier|[Gen 9] VGC 2026 Reg I\n|rated|\n|rule|Species Clause: Limit one of each Pok\u00e9mon\n|rule|Item Clause: Limit 1 of each item\n|clearpoke\n|poke|p1|Raging Bolt, L50|\n|poke|p1|Rillaboom, L50, M|\n|poke|p1|Ogerpon-Hearthflame, L50, F|\n|poke|p1|Urshifu-*, L50, F|\n|poke|p1|Flutter Mane, L50|\n|poke|p1|Incineroar, L50, F|\n|poke|p2|Tornadus, L50, M|\n|poke|p2|Kyogre, L50|\n|poke|p2|Zacian-*, L50|\n|poke|p2|Basculegion, L50, M|\n|poke|p2|Incineroar, L50, F|\n|poke|p2|Archaludon, L50, M|\n|teampreview|4\n|inactive|Battle timer is ON: inactive players will automatically lose when time's up. (requested by jpto5)\n|inactive|filbert0o has 60 seconds left.\n|inactive|jpto5 has 60 seconds left.\n|\n|t:|1771565825\n|teamsize|p1|4\n|teamsize|p2|4\n|start\n|switch|p1a: Ogerpon|Ogerpon-Hearthflame, L50, F|100/100\n|switch|p1b: Raging Bolt|Raging Bolt, L50|100/100\n|switch|p2a: Tornadus|Tornadus, L50, M|100/100\n|switch|p2b: Incineroar|Incineroar, L50, F|100/100\n|-ability|p1a: Ogerpon|Mold Breaker\n|-ability|p2b: Incineroar|Intimidate|boost\n|-unboost|p1a: Ogerpon|atk|1\n|-unboost|p1b: Raging Bolt|atk|1\n|turn|1\n|inactive|filbert0o has 30 seconds left.\n|\n|t:|1771565858\n|move|p2b: Incineroar|Fake Out|p1a: Ogerpon\n|-crit|p1a: Ogerpon\n|-damage|p1a: Ogerpon|79/100\n|move|p2a: Tornadus|Tailwind|p2a: Tornadus\n|-sidestart|p2: jpto5|move: Tailwind\n|cant|p1a: Ogerpon|flinch\n|move|p1b: Raging Bolt|Calm Mind|p1b: Raging Bolt\n|-boost|p1b: Raging Bolt|spa|1\n|-boost|p1b: Raging Bolt|spd|1\n|\n|upkeep\n|turn|2\n|\n|t:|1771565879\n|move|p1a: Ogerpon|Spiky Shield|p1a: Ogerpon\n|-singleturn|p1a: Ogerpon|move: Protect\n|move|p2a: Tornadus|Taunt|p1b: Raging Bolt\n|-start|p1b: Raging Bolt|move: Taunt\n|move|p1b: Raging Bolt|Thunderclap||[still]\n|-fail|p1b: Raging Bolt\n|move|p2b: Incineroar|Knock Off|p1b: Raging Bolt\n|-damage|p1b: Raging Bolt|73/100\n|-enditem|p1b: Raging Bolt|Leftovers|[from] move: Knock Off|[of] p2b: Incineroar\n|\n|upkeep\n|turn|3\n|inactive|filbert0o has 30 seconds left.\n|\n|t:|1771565911\n|switch|p1a: Flutter Mane|Flutter Mane, L50|100/100\n|-enditem|p1a: Flutter Mane|Booster Energy\n|-activate|p1a: Flutter Mane|ability: Protosynthesis|[fromitem]\n|-start|p1a: Flutter Mane|protosynthesisspe\n|move|p2a: Tornadus|Taunt|p1a: Flutter Mane\n|-start|p1a: Flutter Mane|move: Taunt\n|move|p2b: Incineroar|Parting Shot|p1b: Raging Bolt\n|-unboost|p1b: Raging Bolt|atk|1\n|-unboost|p1b: Raging Bolt|spa|1\n|\n|t:|1771565923\n|switch|p2b: Zacian|Zacian-Crowned, L50|100/100|[from] Parting Shot\n|-ability|p2b: Zacian|Intrepid Sword|boost\n|-boost|p2b: Zacian|atk|1\n|move|p1b: Raging Bolt|Dragon Pulse|p2a: Tornadus\n|-crit|p2a: Tornadus\n|-damage|p2a: Tornadus|16/100\n|\n|upkeep\n|turn|4\n|\n|t:|1771565948\n|switch|p2a: Incineroar|Incineroar, L50, F|100/100\n|-ability|p2a: Incineroar|Intimidate|boost\n|-unboost|p1a: Flutter Mane|atk|1\n|-unboost|p1b: Raging Bolt|atk|1\n|move|p1b: Raging Bolt|Thunderclap|p2b: Zacian\n|-damage|p2b: Zacian|64/100\n|move|p2b: Zacian|Behemoth Blade|p1a: Flutter Mane\n|-supereffective|p1a: Flutter Mane\n|-damage|p1a: Flutter Mane|0 fnt\n|faint|p1a: Flutter Mane\n|-end|p1a: Flutter Mane|Protosynthesis|[silent]\n|\n|-end|p1b: Raging Bolt|move: Taunt\n|-sideend|p2: jpto5|move: Tailwind\n|upkeep\n|\n|t:|1771565966\n|switch|p1a: Ogerpon|Ogerpon-Hearthflame, L50, F|79/100\n|-ability|p1a: Ogerpon|Mold Breaker\n|turn|5\n|inactive|filbert0o has 30 seconds left.\n|\n|t:|1771566001\n|move|p1a: Ogerpon|Spiky Shield|p1a: Ogerpon\n|-singleturn|p1a: Ogerpon|move: Protect\n|move|p2a: Incineroar|Fake Out|p1a: Ogerpon\n|-activate|p1a: Ogerpon|move: Protect\n|-damage|p2a: Incineroar|88/100|[from] Spiky Shield|[of] p1a: Ogerpon\n|move|p1b: Raging Bolt|Thunderclap|p2b: Zacian\n|-damage|p2b: Zacian|32/100\n|move|p2b: Zacian|Play Rough|p1b: Raging Bolt\n|-supereffective|p1b: Raging Bolt\n|-damage|p1b: Raging Bolt|0 fnt\n|faint|p1b: Raging Bolt\n|-end|p1b: Raging Bolt|Protosynthesis|[silent]\n|\n|upkeep\n|\n|t:|1771566013\n|switch|p1b: Rillaboom|Rillaboom, L50, M|100/100\n|-fieldstart|move: Grassy Terrain|[from] ability: Grassy Surge|[of] p1b: Rillaboom\n|turn|6\n|inactive|filbert0o has 30 seconds left.\n|\n|t:|1771566039\n|move|p1b: Rillaboom|Fake Out|p2b: Zacian\n|-resisted|p2b: Zacian\n|-damage|p2b: Zacian|24/100\n|cant|p2b: Zacian|flinch\n|move|p1a: Ogerpon|Ivy Cudgel|p2b: Zacian|[anim] Ivy Cudgel Fire\n|-supereffective|p2b: Zacian\n|-damage|p2b: Zacian|0 fnt\n|faint|p2b: Zacian\n|move|p2a: Incineroar|Parting Shot|p1b: Rillaboom\n|-unboost|p1b: Rillaboom|atk|1\n|-unboost|p1b: Rillaboom|spa|1\n|\n|t:|1771566053\n|switch|p2a: Tornadus|Tornadus, L50, M|16/100|[from] Parting Shot\n|\n|-heal|p1a: Ogerpon|84/100|[from] Grassy Terrain\n|upkeep\n|\n|t:|1771566059\n|switch|p2b: Incineroar|Incineroar, L50, F|88/100\n|-ability|p2b: Incineroar|Intimidate|boost\n|-unboost|p1a: Ogerpon|atk|1\n|-unboost|p1b: Rillaboom|atk|1\n|turn|7\n|inactive|filbert0o has 30 seconds left.\n|inactive|filbert0o has 20 seconds left.\n|inactive|filbert0o has 15 seconds left.\n|\n|t:|1771566101\n|-terastallize|p1a: Ogerpon|Fire\n|detailschange|p1a: Ogerpon|Ogerpon-Hearthflame-Tera, L50, F, tera:Fire\n|-ability|p1a: Ogerpon|Embody Aspect (Hearthflame)|boost\n|-boost|p1a: Ogerpon|atk|1\n|move|p2a: Tornadus|Tailwind|p2a: Tornadus\n|-sidestart|p2: jpto5|move: Tailwind\n|move|p1a: Ogerpon|Ivy Cudgel|p2a: Tornadus|[anim] Ivy Cudgel Fire\n|-damage|p2a: Tornadus|0 fnt\n|faint|p2a: Tornadus\n|move|p1b: Rillaboom|High Horsepower|p2b: Incineroar\n|-supereffective|p2b: Incineroar\n|-damage|p2b: Incineroar|58/100\n|move|p2b: Incineroar|Parting Shot|p1b: Rillaboom\n|-unboost|p1b: Rillaboom|atk|1\n|-unboost|p1b: Rillaboom|spa|1\n|\n|t:|1771566117\n|switch|p2b: Kyogre|Kyogre, L50|100/100|[from] Parting Shot\n|-weather|RainDance|[from] ability: Drizzle|[of] p2b: Kyogre\n|\n|-weather|RainDance|[upkeep]\n|-heal|p1a: Ogerpon|90/100|[from] Grassy Terrain\n|upkeep\n|\n|t:|1771566119\n|switch|p2a: Incineroar|Incineroar, L50, F|58/100\n|-ability|p2a: Incineroar|Intimidate|boost\n|-unboost|p1a: Ogerpon|atk|1\n|-unboost|p1b: Rillaboom|atk|1\n|turn|8\n|\n|t:|1771566131\n|move|p2a: Incineroar|Fake Out|p1b: Rillaboom\n|-damage|p1b: Rillaboom|88/100\n|move|p1a: Ogerpon|Grassy Glide|p2b: Kyogre\n|-supereffective|p2b: Kyogre\n|-damage|p2b: Kyogre|34/100\n|cant|p1b: Rillaboom|flinch\n|move|p2b: Kyogre|Water Spout|p1b: Rillaboom|[spread] p1a,p1b\n|-supereffective|p1a: Ogerpon\n|-resisted|p1b: Rillaboom\n|-damage|p1a: Ogerpon|0 fnt\n|-damage|p1b: Rillaboom|71/100\n|faint|p1a: Ogerpon\n|detailschange|p1: Ogerpon|Ogerpon-Hearthflame, L50, F|[silent]\n|\n|-weather|RainDance|[upkeep]\n|-heal|p2b: Kyogre|40/100|[from] Grassy Terrain\n|-heal|p1b: Rillaboom|77/100|[from] Grassy Terrain\n|-heal|p2a: Incineroar|64/100|[from] Grassy Terrain\n|upkeep\n|turn|9\n|\n|t:|1771566155\n|move|p1b: Rillaboom|Grassy Glide|p2b: Kyogre\n|-supereffective|p2b: Kyogre\n|-damage|p2b: Kyogre|9/100\n|move|p2b: Kyogre|Ice Beam|p1b: Rillaboom\n|-supereffective|p1b: Rillaboom\n|-damage|p1b: Rillaboom|4/100\n|move|p2a: Incineroar|Knock Off|p1b: Rillaboom\n|-damage|p1b: Rillaboom|0 fnt\n|-enditem|p1b: Rillaboom|Assault Vest|[from] move: Knock Off|[of] p2a: Incineroar\n|faint|p1b: Rillaboom\n|\n|win|jpto5\n|raw|filbert0o's rating: 1105 &rarr; <strong>1082</strong><br />(-23 for losing)\n|raw|jpto5's rating: 1129 &rarr; <strong>1152</strong><br />(+23 for winning)\n|l|\u2606filbert0o\n|player|p1|\n|l|\u2606jpto5\n|player|p2|\n","uploadtime":1771566492,"views":12,"formatid":"gen9vgc2026regi","rating":1082,"private":0,"password":null}