{"id":"gen9vgc2026regi-2526622365","format":"[Gen 9] VGC 2026 Reg I","players":["mosca9876","i\u2764\u5a1c\u7984forever"],"log":"|j|\u2606mosca9876\n|j|\u2606i\u2764\u5a1c\u7984forever\n|t:|1769441718\n|gametype|doubles\n|player|p1|mosca9876|266|1325\n|player|p2|i\u2764\u5a1c\u7984forever|youngcouple-gen4dp|1345\n|gen|9\n|tier|[Gen 9] VGC 2026 Reg I\n|rated|\n|rule|Species Clause: Limit one of each Pok\u00e9mon\n|rule|Item Clause: Limit 1 of each item\n|clearpoke\n|poke|p1|Calyrex-Ice, L50|\n|poke|p1|Annihilape, L50, M|\n|poke|p1|Indeedee-F, L50, F|\n|poke|p1|Urshifu-*, L50, M|\n|poke|p1|Ursaluna, L50, M|\n|poke|p1|Lunala, L50|\n|poke|p2|Groudon, L50|\n|poke|p2|Kyurem-White, L50|\n|poke|p2|Sableye, L50, F|\n|poke|p2|Brute Bonnet, L50|\n|poke|p2|Heatran, L50, M|\n|poke|p2|Whimsicott, L50, F|\n|teampreview|4\n|\n|t:|1769441743\n|teamsize|p1|4\n|teamsize|p2|4\n|start\n|switch|p1a: Annihilape|Annihilape, L50, M|100/100\n|switch|p1b: Indeedee|Indeedee-F, L50, F|100/100\n|switch|p2a: Heatran|Heatran, L50, M|100/100\n|switch|p2b: Sableye|Sableye, L50, F|100/100\n|-fieldstart|move: Psychic Terrain|[from] ability: Psychic Surge|[of] p1b: Indeedee\n|turn|1\n|\n|t:|1769441778\n|move|p1a: Annihilape|Shadow Claw|p2b: Sableye\n|-damage|p2b: Sableye|60/100\n|move|p2a: Heatran|Substitute|p2a: Heatran\n|-start|p2a: Heatran|Substitute\n|-damage|p2a: Heatran|76/100\n|move|p2b: Sableye|Foul Play|p1b: Indeedee\n|-supereffective|p1b: Indeedee\n|-damage|p1b: Indeedee|67/100\n|move|p1b: Indeedee|Trick Room|p1b: Indeedee\n|-fieldstart|move: Trick Room|[of] p1b: Indeedee\n|\n|-heal|p2a: Heatran|82/100|[from] item: Leftovers\n|upkeep\n|turn|2\n|\n|t:|1769441799\n|switch|p1a: Ursaluna|Ursaluna, L50, M|100/100\n|move|p2b: Sableye|Foul Play|p1b: Indeedee\n|-supereffective|p1b: Indeedee\n|-damage|p1b: Indeedee|38/100\n|move|p1b: Indeedee|Psychic|p2a: Heatran\n|-resisted|p2a: Heatran\n|-activate|p2a: Heatran|move: Substitute|[damage]\n|move|p2a: Heatran|Heat Wave|p1a: Ursaluna|[spread] p1a,p1b\n|-damage|p1a: Ursaluna|68/100\n|-damage|p1b: Indeedee|2/100\n|\n|-heal|p2a: Heatran|88/100|[from] item: Leftovers\n|-status|p1a: Ursaluna|brn|[from] item: Flame Orb\n|upkeep\n|turn|3\n|\n|t:|1769441832\n|move|p2a: Heatran|Protect|p2a: Heatran\n|-singleturn|p2a: Heatran|Protect\n|move|p1a: Ursaluna|Earthquake|p2b: Sableye|[spread] p1b,p2b\n|-activate|p2a: Heatran|move: Protect\n|-damage|p1b: Indeedee|0 fnt\n|-damage|p2b: Sableye|0 fnt\n|faint|p1b: Indeedee\n|faint|p2b: Sableye\n|\n|-heal|p2a: Heatran|94/100|[from] item: Leftovers\n|-damage|p1a: Ursaluna|62/100 brn|[from] brn\n|upkeep\n|\n|t:|1769441841\n|switch|p2b: Brute Bonnet|Brute Bonnet, L50|100/100\n|switch|p1b: Calyrex|Calyrex-Ice, L50|100/100\n|-ability|p1b: Calyrex|As One\n|-ability|p1b: Calyrex|Unnerve\n|turn|4\n|\n|t:|1769441864\n|-terastallize|p1b: Calyrex|Fire\n|-terastallize|p2a: Heatran|Fire\n|move|p2b: Brute Bonnet|Protect|p2b: Brute Bonnet\n|-singleturn|p2b: Brute Bonnet|Protect\n|move|p1a: Ursaluna|Earthquake|p2a: Heatran|[spread] p1b,p2a\n|-activate|p2b: Brute Bonnet|move: Protect\n|-supereffective|p2a: Heatran\n|-end|p2a: Heatran|Substitute\n|-supereffective|p1b: Calyrex\n|-damage|p1b: Calyrex|24/100\n|move|p1b: Calyrex|Glacial Lance|p2b: Brute Bonnet|[spread] p2a\n|-activate|p2b: Brute Bonnet|move: Protect\n|-resisted|p2a: Heatran\n|-damage|p2a: Heatran|71/100\n|move|p2a: Heatran|Heat Wave|p1a: Ursaluna|[spread] p1a,p1b\n|-resisted|p1b: Calyrex\n|-damage|p1a: Ursaluna|20/100 brn\n|-damage|p1b: Calyrex|9/100\n|\n|-heal|p2a: Heatran|77/100|[from] item: Leftovers\n|-damage|p1a: Ursaluna|14/100 brn|[from] brn\n|upkeep\n|turn|5\n|\n|t:|1769441891\n|move|p2b: Brute Bonnet|Sucker Punch|p1a: Ursaluna\n|-activate|p1a: Ursaluna|move: Psychic Terrain\n|move|p1a: Ursaluna|Facade|p2b: Brute Bonnet\n|-damage|p2b: Brute Bonnet|13/100\n|move|p1b: Calyrex|High Horsepower|p2a: Heatran\n|-supereffective|p2a: Heatran\n|-damage|p2a: Heatran|8/100\n|move|p2a: Heatran|Heat Wave|p1b: Calyrex|[spread] p1a,p1b\n|-resisted|p1b: Calyrex\n|-damage|p1a: Ursaluna|0 fnt\n|-damage|p1b: Calyrex|0 fnt\n|-enditem|p2b: Brute Bonnet|Sitrus Berry|[eat]\n|-heal|p2b: Brute Bonnet|38/100|[from] item: Sitrus Berry\n|faint|p1a: Ursaluna\n|faint|p1b: Calyrex\n|\n|-heal|p2a: Heatran|14/100|[from] item: Leftovers\n|-fieldend|move: Trick Room\n|-fieldend|move: Psychic Terrain\n|upkeep\n|\n|t:|1769441899\n|switch|p1b: Annihilape|Annihilape, L50, M|100/100\n|turn|6\n|-message|mosca9876 forfeited.\n|\n|win|i\u2764\u5a1c\u7984forever\n|raw|mosca9876's rating: 1325 &rarr; <strong>1306</strong><br />(-19 for losing)\n|raw|i\u2764\u5a1c\u7984forever's rating: 1345 &rarr; <strong>1364</strong><br />(+19 for winning)\n|l|\u2606mosca9876\n|player|p1|\n|l|\u2606i\u2764\u5a1c\u7984forever\n|player|p2|\n","uploadtime":1769442165,"views":11,"formatid":"gen9vgc2026regi","rating":1306,"private":0,"password":null}