{"id":"gen9vgc2026regi-2566887052","format":"[Gen 9] VGC 2026 Reg I","players":["801344244a","XxxInnovationxxX"],"log":"|j|\u2606801344244a\n|j|\u2606XxxInnovationxxX\n|t:|1774424776\n|gametype|doubles\n|player|p1|801344244a|elesa|1363\n|player|p2|XxxInnovationxxX|265|1320\n|gen|9\n|tier|[Gen 9] VGC 2026 Reg I\n|rated|\n|rule|Species Clause: Limit one of each Pok\u00e9mon\n|rule|Item Clause: Limit 1 of each item\n|clearpoke\n|poke|p1|Terapagos, L50, M|\n|poke|p1|Incineroar, L50, F|\n|poke|p1|Rillaboom, L50, M|\n|poke|p1|Ogerpon-Cornerstone, L50, F|\n|poke|p1|Flutter Mane, L50|\n|poke|p1|Calyrex-Shadow, L50|\n|poke|p2|Whimsicott, L50, F|\n|poke|p2|Koraidon, L50|\n|poke|p2|Ogerpon-Hearthflame, L50, F|\n|poke|p2|Flutter Mane, L50|\n|poke|p2|Indeedee-F, L50, F|\n|poke|p2|Calyrex-Shadow, L50|\n|teampreview|4\n|inactive|Battle timer is ON: inactive players will automatically lose when time's up. (requested by 801344244a)\n801344244a has agreed to open team sheets.\n|inactive|801344244a has 60 seconds left.\n|inactive|XxxInnovationxxX has 60 seconds left.\n|\n|t:|1774424826\n|teamsize|p1|4\n|teamsize|p2|4\n|start\n|switch|p1a: Flutter Mane|Flutter Mane, L50|100/100\n|switch|p1b: Incineroar|Incineroar, L50, F, shiny|100/100\n|switch|p2a: Whimsicott|Whimsicott, L50, F|100/100\n|switch|p2b: Koraidon|Koraidon, L50|100/100\n|-weather|SunnyDay|[from] ability: Orichalcum Pulse|[of] p2b: Koraidon\n|-activate|p1a: Flutter Mane|ability: Protosynthesis\n|-start|p1a: Flutter Mane|protosynthesisspe\n|-activate|p2b: Koraidon|Orichalcum Pulse|[source]\n|-ability|p1b: Incineroar|Intimidate|boost\n|-unboost|p2a: Whimsicott|atk|1\n|-fail|p2b: Koraidon|unboost|[from] item: Clear Amulet|[of] p2b: Koraidon\n|turn|1\n|inactive|801344244a has 30 seconds left.\n|inactive|801344244a has 20 seconds left.\n|inactive|801344244a has 15 seconds left.\n|\n|t:|1774424873\n|move|p2b: Koraidon|Protect|p2b: Koraidon\n|-singleturn|p2b: Koraidon|Protect\n|move|p1b: Incineroar|Fake Out|p2b: Koraidon\n|-activate|p2b: Koraidon|move: Protect\n|move|p2a: Whimsicott|Tailwind|p2a: Whimsicott\n|-sidestart|p2: XxxInnovationxxX|move: Tailwind\n|move|p1a: Flutter Mane|Icy Wind|p2b: Koraidon|[spread] \n|-activate|p2b: Koraidon|move: Protect\n|-miss|p1a: Flutter Mane|p2a: Whimsicott\n|\n|-weather|SunnyDay|[upkeep]\n|upkeep\n|turn|2\n|inactive|801344244a has 30 seconds left.\n|inactive|XxxInnovationxxX has 30 seconds left.\n|\n|t:|1774424899\n|switch|p1b: Calyrex|Calyrex-Shadow, L50|100/100\n|-ability|p1b: Calyrex|As One\n|-ability|p1b: Calyrex|Unnerve\n|-terastallize|p2b: Koraidon|Fire\n|move|p2a: Whimsicott|Encore|p1a: Flutter Mane\n|-start|p1a: Flutter Mane|Encore\n|move|p2b: Koraidon|Collision Course|p1b: Calyrex\n|-immune|p1b: Calyrex\n|move|p1a: Flutter Mane|Icy Wind|p2b: Koraidon|[spread] p2a,p2b\n|-supereffective|p2a: Whimsicott\n|-resisted|p2b: Koraidon\n|-damage|p2a: Whimsicott|61/100\n|-damage|p2b: Koraidon|94/100\n|\n|-weather|SunnyDay|[upkeep]\n|upkeep\n|turn|3\n|inactive|801344244a has 30 seconds left.\n|\n|t:|1774424926\n|-end|p1a: Flutter Mane|Protosynthesis|[silent]\n|switch|p1a: Incineroar|Incineroar, L50, F, shiny|100/100\n|-ability|p1a: Incineroar|Intimidate|boost\n|-unboost|p2a: Whimsicott|atk|1\n|-fail|p2b: Koraidon|unboost|[from] item: Clear Amulet|[of] p2b: Koraidon\n|move|p1b: Calyrex|Protect|p1b: Calyrex\n|-singleturn|p1b: Calyrex|Protect\n|move|p2b: Koraidon|Flare Blitz|p1b: Calyrex\n|-activate|p1b: Calyrex|move: Protect\n|move|p2a: Whimsicott|Moonblast|p1b: Calyrex\n|-activate|p1b: Calyrex|move: Protect\n|\n|-weather|SunnyDay|[upkeep]\n|upkeep\n|turn|4\n|inactive|XxxInnovationxxX has 30 seconds left.\n|\n|t:|1774424955\n|switch|p1b: Flutter Mane|Flutter Mane, L50|100/100\n|-activate|p1b: Flutter Mane|ability: Protosynthesis\n|-start|p1b: Flutter Mane|protosynthesisspe\n|move|p2b: Koraidon|Protect|p2b: Koraidon\n|-singleturn|p2b: Koraidon|Protect\n|move|p1a: Incineroar|Fake Out|p2b: Koraidon\n|-activate|p2b: Koraidon|move: Protect\n|move|p2a: Whimsicott|Encore||[still]\n|-fail|p2a: Whimsicott\n|\n|-weather|SunnyDay|[upkeep]\n|-sideend|p2: XxxInnovationxxX|move: Tailwind\n|upkeep\n|turn|5\n|inactive|801344244a has 30 seconds left.\n|\n|t:|1774424982\n|move|p2a: Whimsicott|Tailwind|p2a: Whimsicott\n|-sidestart|p2: XxxInnovationxxX|move: Tailwind\n|move|p2b: Koraidon|Flare Blitz|p1b: Flutter Mane\n|-damage|p1b: Flutter Mane|0 fnt\n|faint|p1b: Flutter Mane\n|-end|p1b: Flutter Mane|Protosynthesis|[silent]\n|-damage|p2b: Koraidon|64/100|[from] Recoil\n|move|p1a: Incineroar|Parting Shot|p2a: Whimsicott\n|-unboost|p2a: Whimsicott|atk|1\n|-unboost|p2a: Whimsicott|spa|1\n|\n|t:|1774424989\n|switch|p1a: Rillaboom|Rillaboom, L50, M, shiny|100/100|[from] Parting Shot\n|-fieldstart|move: Grassy Terrain|[from] ability: Grassy Surge|[of] p1a: Rillaboom\n|\n|-weather|none\n|-heal|p2b: Koraidon|70/100|[from] Grassy Terrain\n|-heal|p2a: Whimsicott|67/100|[from] Grassy Terrain\n|upkeep\n|\n|t:|1774425005\n|switch|p1b: Calyrex|Calyrex-Shadow, L50|100/100\n|-ability|p1b: Calyrex|As One\n|-ability|p1b: Calyrex|Unnerve\n|turn|6\n|inactive|XxxInnovationxxX has 30 seconds left.\n|\n|t:|1774425032\n|move|p2b: Koraidon|Protect|p2b: Koraidon\n|-singleturn|p2b: Koraidon|Protect\n|move|p2a: Whimsicott|Moonblast|p1b: Calyrex\n|-damage|p1b: Calyrex|78/100\n|move|p1b: Calyrex|Astral Barrage|p2b: Koraidon|[spread] p2a\n|-activate|p2b: Koraidon|move: Protect\n|-damage|p2a: Whimsicott|0 fnt\n|faint|p2a: Whimsicott\n|-ability|p1b: Calyrex|Grim Neigh|boost\n|-boost|p1b: Calyrex|spa|1\n|move|p1a: Rillaboom|U-turn|p2b: Koraidon\n|-activate|p2b: Koraidon|move: Protect\n|\n|-heal|p2b: Koraidon|77/100|[from] Grassy Terrain\n|-heal|p1b: Calyrex|85/100|[from] Grassy Terrain\n|upkeep\n|\n|t:|1774425047\n|switch|p2a: Calyrex|Calyrex-Shadow, L50|100/100\n|-ability|p2a: Calyrex|As One\n|-ability|p2a: Calyrex|Unnerve\n|turn|7\n|\n|t:|1774425060\n|switch|p2b: Indeedee|Indeedee-F, L50, F|100/100\n|-fieldstart|move: Psychic Terrain|[from] ability: Psychic Surge|[of] p2b: Indeedee\n|switch|p1a: Incineroar|Incineroar, L50, F, shiny|100/100\n|-ability|p1a: Incineroar|Intimidate|boost\n|-unboost|p2a: Calyrex|atk|1\n|-unboost|p2b: Indeedee|atk|1\n|move|p1b: Calyrex|Protect|p1b: Calyrex\n|-singleturn|p1b: Calyrex|Protect\n|move|p2a: Calyrex|Astral Barrage|p1a: Incineroar|[spread] p1a\n|-activate|p1b: Calyrex|move: Protect\n|-resisted|p1a: Incineroar\n|-damage|p1a: Incineroar|76/100\n|\n|upkeep\n|turn|8\n|inactive|XxxInnovationxxX has 30 seconds left.\n|\n|t:|1774425092\n|switch|p1b: Rillaboom|Rillaboom, L50, M, shiny|100/100\n|-fieldstart|move: Grassy Terrain|[from] ability: Grassy Surge|[of] p1b: Rillaboom\n|move|p2b: Indeedee|Follow Me|p2b: Indeedee\n|-singleturn|p2b: Indeedee|move: Follow Me\n|move|p2a: Calyrex|Imprison|p2a: Calyrex\n|-start|p2a: Calyrex|move: Imprison\n|move|p1a: Incineroar|Knock Off|p2b: Indeedee\n|-supereffective|p2b: Indeedee\n|-damage|p2b: Indeedee|28/100\n|-damage|p1a: Incineroar|60/100|[from] item: Rocky Helmet|[of] p2b: Indeedee\n|-enditem|p2b: Indeedee|Rocky Helmet|[from] move: Knock Off|[of] p1a: Incineroar\n|\n|-heal|p2b: Indeedee|34/100|[from] Grassy Terrain\n|-heal|p1a: Incineroar|66/100|[from] Grassy Terrain\n|-sideend|p2: XxxInnovationxxX|move: Tailwind\n|upkeep\n|turn|9\n|inactive|801344244a has 30 seconds left.\n|inactive|XxxInnovationxxX has 30 seconds left.\n|inactive|801344244a has 20 seconds left.\n|inactive|801344244a has 15 seconds left.\n|inactive|801344244a has 10 seconds left.\n|inactive|801344244a has 5 seconds left.\n|\n|t:|1774425146\n|move|p2b: Indeedee|Follow Me|p2b: Indeedee\n|-singleturn|p2b: Indeedee|move: Follow Me\n|move|p2a: Calyrex|Astral Barrage|p1b: Rillaboom|[spread] p1a,p1b\n|-resisted|p1a: Incineroar\n|-damage|p1a: Incineroar|40/100\n|-damage|p1b: Rillaboom|65/100\n|move|p1b: Rillaboom|U-turn|p2b: Indeedee\n|-supereffective|p2b: Indeedee\n|-crit|p2b: Indeedee\n|-damage|p2b: Indeedee|0 fnt\n|faint|p2b: Indeedee\n|\n|t:|1774425153\n|switch|p1b: Calyrex|Calyrex-Shadow, L50|85/100|[from] U-turn\n|-ability|p1b: Calyrex|As One\n|-ability|p1b: Calyrex|Unnerve\n|move|p1a: Incineroar|Knock Off|p2a: Calyrex\n|-supereffective|p2a: Calyrex\n|-enditem|p2a: Calyrex|Focus Sash\n|-damage|p2a: Calyrex|1/100\n|\n|-heal|p1b: Calyrex|91/100|[from] Grassy Terrain\n|-heal|p2a: Calyrex|7/100|[from] Grassy Terrain\n|-heal|p1a: Incineroar|46/100|[from] Grassy Terrain\n|upkeep\n|\n|t:|1774425163\n|switch|p2b: Koraidon|Koraidon, L50, tera:Fire|77/100\n|-weather|SunnyDay|[from] ability: Orichalcum Pulse|[of] p2b: Koraidon\n|-activate|p2b: Koraidon|Orichalcum Pulse|[source]\n|turn|10\n|inactive|801344244a has 30 seconds left.\n|inactive|801344244a has 20 seconds left.\n|inactive|801344244a has 15 seconds left.\n|inactive|801344244a has 10 seconds left.\n|\n|t:|1774425211\n|switch|p1a: Rillaboom|Rillaboom, L50, M, shiny|65/100\n|move|p1b: Calyrex|Protect|p1b: Calyrex\n|-singleturn|p1b: Calyrex|Protect\n|move|p2a: Calyrex|Astral Barrage|p1a: Rillaboom|[spread] p1a\n|-activate|p1b: Calyrex|move: Protect\n|-damage|p1a: Rillaboom|29/100\n|move|p2b: Koraidon|Collision Course|p1a: Rillaboom\n|-damage|p1a: Rillaboom|0 fnt\n|faint|p1a: Rillaboom\n|\n|-weather|SunnyDay|[upkeep]\n|-heal|p2a: Calyrex|14/100|[from] Grassy Terrain\n|-heal|p1b: Calyrex|97/100|[from] Grassy Terrain\n|-heal|p2b: Koraidon|83/100|[from] Grassy Terrain\n|upkeep\n|\n|t:|1774425219\n|switch|p1a: Incineroar|Incineroar, L50, F, shiny|46/100\n|-ability|p1a: Incineroar|Intimidate|boost\n|-unboost|p2a: Calyrex|atk|1\n|-fail|p2b: Koraidon|unboost|[from] item: Clear Amulet|[of] p2b: Koraidon\n|turn|11\n|\n|t:|1774425242\n|move|p1a: Incineroar|Fake Out|p2b: Koraidon\n|-damage|p2b: Koraidon|73/100\n|move|p1b: Calyrex|Pollen Puff|p2a: Calyrex\n|-damage|p2a: Calyrex|0 fnt\n|faint|p2a: Calyrex\n|-ability|p1b: Calyrex|Grim Neigh|boost\n|-boost|p1b: Calyrex|spa|1\n|cant|p2b: Koraidon|flinch\n|\n|-weather|SunnyDay|[upkeep]\n|-heal|p1b: Calyrex|100/100|[from] Grassy Terrain\n|-heal|p2b: Koraidon|79/100|[from] Grassy Terrain\n|-heal|p1a: Incineroar|52/100|[from] Grassy Terrain\n|upkeep\n|turn|12\n|-message|XxxInnovationxxX forfeited.\n|\n|win|801344244a\n|raw|801344244a's rating: 1363 &rarr; <strong>1381</strong><br />(+18 for winning)\n|raw|XxxInnovationxxX's rating: 1320 &rarr; <strong>1302</strong><br />(-18 for losing)\n","uploadtime":1774425257,"views":16,"formatid":"gen9vgc2026regi","rating":1302,"private":0,"password":null}