{"id":"gen9vgc2026regi-2561232341","format":"[Gen 9] VGC 2026 Reg I","players":["weak ahh bum","jonen"],"log":"|j|\u2606weak ahh bum\n|j|\u2606jonen\n|t:|1773775702\n|gametype|doubles\n|player|p1|weak ahh bum|bugcatcher-gen4dp|1155\n|player|p2|jonen|medium|1355\n|gen|9\n|tier|[Gen 9] VGC 2026 Reg I\n|rated|\n|rule|Species Clause: Limit one of each Pok\u00e9mon\n|rule|Item Clause: Limit 1 of each item\n|clearpoke\n|poke|p1|Eternatus, L50|\n|poke|p1|Chi-Yu, L50|\n|poke|p1|Zacian-*, L50|\n|poke|p1|Kingambit, L50, M|\n|poke|p1|Indeedee-F, L50, F|\n|poke|p1|Bisharp, L50, M|\n|poke|p2|Groudon, L50|\n|poke|p2|Chi-Yu, L50|\n|poke|p2|Flutter Mane, L50|\n|poke|p2|Raging Bolt, L50|\n|poke|p2|Calyrex-Ice, L50|\n|poke|p2|Jumpluff, L50, F|\n|teampreview|4\n|c|\u2606weak ahh bum|Hi\nweak ahh bum has agreed to open team sheets.\n|c|\u2606jonen|ello\n|\n|t:|1773775738\n|teamsize|p1|4\n|teamsize|p2|4\n|start\n|switch|p1a: Zacian|Zacian-Crowned, L50, shiny|100/100\n|switch|p1b: Kingambit|Kingambit, L50, M|100/100\n|switch|p2a: Groudon|Groudon, L50|100/100\n|switch|p2b: Jumpluff|Jumpluff, L50, F|100/100\n|-ability|p1a: Zacian|Intrepid Sword|boost\n|-boost|p1a: Zacian|atk|1\n|-weather|SunnyDay|[from] ability: Drought|[of] p2a: Groudon\n|turn|1\n|\n|t:|1773775767\n|-terastallize|p1b: Kingambit|Fairy\n|move|p1a: Zacian|Protect|p1a: Zacian\n|-singleturn|p1a: Zacian|Protect\n|move|p2b: Jumpluff|Tailwind|p2b: Jumpluff\n|-sidestart|p2: jonen|move: Tailwind\n|move|p2a: Groudon|Precipice Blades|p1a: Zacian|[spread] p1b\n|-activate|p1a: Zacian|move: Protect\n|-damage|p1b: Kingambit|60/100\n|move|p1b: Kingambit|Kowtow Cleave|p2b: Jumpluff\n|-damage|p2b: Jumpluff|31/100\n|\n|-weather|SunnyDay|[upkeep]\n|upkeep\n|turn|2\n|\n|t:|1773775796\n|move|p2b: Jumpluff|Encore|p1a: Zacian\n|-start|p1a: Zacian|Encore\n|move|p2a: Groudon|Precipice Blades|p1b: Kingambit|[spread] p1a,p1b\n|-supereffective|p1a: Zacian\n|-damage|p1a: Zacian|0 fnt\n|-damage|p1b: Kingambit|23/100\n|faint|p1a: Zacian\n|move|p1b: Kingambit|Kowtow Cleave|p2a: Groudon\n|-damage|p2a: Groudon|67/100\n|\n|-weather|SunnyDay|[upkeep]\n|upkeep\n|\n|t:|1773775801\n|switch|p1a: Chi-Yu|Chi-Yu, L50, shiny|100/100\n|-ability|p1a: Chi-Yu|Beads of Ruin\n|turn|3\n|\n|t:|1773775815\n|move|p1b: Kingambit|Sucker Punch|p2a: Groudon\n|-damage|p2a: Groudon|37/100\n|move|p2b: Jumpluff|Pollen Puff|p2a: Groudon\n|-heal|p2a: Groudon|86/100\n|move|p2a: Groudon|Precipice Blades|p1b: Kingambit|[spread] p1a,p1b\n|-supereffective|p1a: Chi-Yu\n|-damage|p1a: Chi-Yu|0 fnt\n|-damage|p1b: Kingambit|0 fnt\n|faint|p1a: Chi-Yu\n|faint|p1b: Kingambit\n|\n|-weather|SunnyDay|[upkeep]\n|upkeep\n|\n|t:|1773775823\n|switch|p1a: Eternatus|Eternatus, L50, shiny|100/100\n|-ability|p1a: Eternatus|Pressure\n|turn|4\n|\n|t:|1773775829\n|move|p2b: Jumpluff|Sleep Powder|p1a: Eternatus\n|-status|p1a: Eternatus|slp|[from] move: Sleep Powder\n|move|p2a: Groudon|High Horsepower|p1a: Eternatus\n|-supereffective|p1a: Eternatus\n|-damage|p1a: Eternatus|9/100 slp\n|cant|p1a: Eternatus|slp\n|\n|-weather|SunnyDay|[upkeep]\n|-sideend|p2: jonen|move: Tailwind\n|upkeep\n|turn|5\n|c|\u2606weak ahh bum|gg\n|-message|weak ahh bum forfeited.\n|\n|win|jonen\n|raw|weak ahh bum's rating: 1155 &rarr; <strong>1143</strong><br />(-12 for losing)\n|raw|jonen's rating: 1355 &rarr; <strong>1365</strong><br />(+10 for winning)\n","uploadtime":1773775838,"views":10,"formatid":"gen9vgc2026regi","rating":1143,"private":0,"password":null}