{"id":"gen9vgc2026regi-2526606653","format":"[Gen 9] VGC 2026 Reg I","players":["liam.2025","Joe Dirtwo"],"log":"|j|\u2606liam.2025\n|j|\u2606Joe Dirtwo\n|t:|1769440054\n|gametype|doubles\n|player|p1|liam.2025|policeman|1424\n|player|p2|Joe Dirtwo|gentleman|1293\n|gen|9\n|tier|[Gen 9] VGC 2026 Reg I\n|rated|\n|rule|Species Clause: Limit one of each Pok\u00e9mon\n|rule|Item Clause: Limit 1 of each item\n|clearpoke\n|poke|p1|Murkrow, L50, M|\n|poke|p1|Weezing-Galar, L50, M|\n|poke|p1|Terapagos, L50, M|\n|poke|p1|Smeargle, L50, M|\n|poke|p1|Calyrex-Ice, L50|\n|poke|p1|Ursaluna, L50, F|\n|poke|p2|Kyogre, L50|\n|poke|p2|Rillaboom, L50, M|\n|poke|p2|Incineroar, L50, F|\n|poke|p2|Farigiraf, L50, M|\n|poke|p2|Lugia, L50|\n|poke|p2|Raichu, L50, F|\n|teampreview|4\n|inactive|Battle timer is ON: inactive players will automatically lose when time's up. (requested by liam.2025)\n|\n|t:|1769440088\n|teamsize|p1|4\n|teamsize|p2|4\n|start\n|switch|p1a: Murkrow|Murkrow, L50, M|100/100\n|switch|p1b: Weezing|Weezing-Galar, L50, M|100/100\n|switch|p2a: Lugia|Lugia, L50|100/100\n|switch|p2b: Kyogre|Kyogre, L50|100/100\n|-ability|p1b: Weezing|Neutralizing Gas\n|-block|p1a: Murkrow|item: Ability Shield\n|turn|1\n|\n|t:|1769440113\n|switch|p2b: Farigiraf|Farigiraf, L50, M|100/100\n|move|p1b: Weezing|Protect|p1b: Weezing\n|-singleturn|p1b: Weezing|Protect\n|move|p1a: Murkrow|Taunt|p2a: Lugia\n|-start|p2a: Lugia|move: Taunt\n|cant|p2a: Lugia|move: Taunt|Calm Mind\n|\n|upkeep\n|turn|2\n|\n|t:|1769440133\n|move|p1a: Murkrow|Taunt|p2b: Farigiraf\n|-start|p2b: Farigiraf|move: Taunt\n|move|p2a: Lugia|Psyshock|p1b: Weezing\n|-supereffective|p1b: Weezing\n|-damage|p1b: Weezing|23/100\n|move|p1b: Weezing|Strange Steam|p2a: Lugia\n|-damage|p2a: Lugia|69/100\n|-damage|p1b: Weezing|13/100|[from] item: Life Orb\n|move|p2b: Farigiraf|Psychic|p1b: Weezing\n|-supereffective|p1b: Weezing\n|-damage|p1b: Weezing|0 fnt\n|faint|p1b: Weezing\n|-end|p1b: Weezing|ability: Neutralizing Gas\n|\n|-heal|p2a: Lugia|75/100|[from] item: Leftovers\n|upkeep\n|\n|t:|1769440147\n|switch|p1b: Terapagos|Terapagos, L50, M|100/100\n|-activate|p1b: Terapagos|ability: Tera Shift\n|detailschange|p1b: Terapagos|Terapagos-Terastal, L50, M\n|-heal|p1b: Terapagos|100/100|[silent]\n|turn|3\n|inactive|Joe Dirtwo has 30 seconds left.\n|\n|t:|1769440182\n|switch|p2b: Incineroar|Incineroar, L50, F|100/100\n|-ability|p2b: Incineroar|Intimidate|boost\n|-unboost|p1a: Murkrow|atk|1\n|-unboost|p1b: Terapagos|atk|1\n|move|p2a: Lugia|Psyshock|p1b: Terapagos\n|-activate|p1b: Terapagos|ability: Tera Shell\n|-resisted|p1b: Terapagos\n|-damage|p1b: Terapagos|86/100\n|move|p1b: Terapagos|Tera Starstorm|p2a: Lugia\n|-damage|p2a: Lugia|17/100\n|move|p1a: Murkrow|Brave Bird|p2a: Lugia\n|-damage|p2a: Lugia|0 fnt\n|faint|p2a: Lugia\n|-damage|p1a: Murkrow|92/100|[from] Recoil\n|\n|upkeep\n|\n|t:|1769440190\n|switch|p2a: Kyogre|Kyogre, L50|100/100\n|-weather|RainDance|[from] ability: Drizzle|[of] p2a: Kyogre\n|turn|4\n|\n|t:|1769440213\n|-terastallize|p1b: Terapagos|Stellar\n|detailschange|p1b: Terapagos|Terapagos-Stellar, L50, M, tera:Stellar\n|-heal|p1b: Terapagos|90/100|[silent]\n|-ability|p1b: Terapagos|Teraform Zero\n|-weather|none\n|move|p2b: Incineroar|Fake Out|p1b: Terapagos\n|-damage|p1b: Terapagos|82/100\n|move|p1a: Murkrow|Tailwind|p1a: Murkrow\n|-sidestart|p1: liam.2025|move: Tailwind\n|cant|p1b: Terapagos|flinch\n|move|p2a: Kyogre|Water Spout|p1b: Terapagos|[spread] p1a,p1b\n|-damage|p1a: Murkrow|0 fnt\n|-damage|p1b: Terapagos|29/100\n|faint|p1a: Murkrow\n|\n|upkeep\n|\n|t:|1769440227\n|switch|p1a: Smeargle|Smeargle, L50, M|100/100\n|turn|5\n|\n|t:|1769440231\n|switch|p2a: Farigiraf|Farigiraf, L50, M|100/100\n|move|p1a: Smeargle|Decorate|p1b: Terapagos\n|-boost|p1b: Terapagos|atk|2\n|-boost|p1b: Terapagos|spa|2\n|move|p1b: Terapagos|Tera Starstorm|p2a: Farigiraf|[spread] p2a,p2b\n|-damage|p2a: Farigiraf|0 fnt\n|-damage|p2b: Incineroar|12/100\n|-enditem|p2b: Incineroar|Sitrus Berry|[eat]\n|-heal|p2b: Incineroar|37/100|[from] item: Sitrus Berry\n|faint|p2a: Farigiraf\n|move|p2b: Incineroar|Parting Shot|p1b: Terapagos\n|-unboost|p1b: Terapagos|atk|1\n|-unboost|p1b: Terapagos|spa|1\n|\n|t:|1769440243\n|switch|p2b: Kyogre|Kyogre, L50|100/100|[from] Parting Shot\n|-weather|RainDance|[from] ability: Drizzle|[of] p2b: Kyogre\n|\n|-weather|RainDance|[upkeep]\n|upkeep\n|\n|t:|1769440245\n|switch|p2a: Incineroar|Incineroar, L50, F|37/100\n|-ability|p2a: Incineroar|Intimidate|boost\n|-fail|p1a: Smeargle|unboost|Attack|[from] ability: Own Tempo|[of] p1a: Smeargle\n|-unboost|p1b: Terapagos|atk|1\n|turn|6\n|\n|t:|1769440256\n|-terastallize|p2b: Kyogre|Grass\n|move|p1a: Smeargle|Quick Guard|p1a: Smeargle\n|-singleturn|p1a: Smeargle|Quick Guard\n|move|p2a: Incineroar|Fake Out|p1b: Terapagos\n|-activate|p1b: Terapagos|move: Quick Guard\n|move|p1b: Terapagos|Tera Starstorm|p2a: Incineroar|[spread] p2a,p2b\n|-supereffective|p2b: Kyogre\n|-damage|p2a: Incineroar|0 fnt\n|-damage|p2b: Kyogre|0 fnt\n|faint|p2a: Incineroar\n|faint|p2b: Kyogre\n|\n|win|liam.2025\n|raw|liam.2025's rating: 1424 &rarr; <strong>1437</strong><br />(+13 for winning)\n|raw|Joe Dirtwo's rating: 1293 &rarr; <strong>1277</strong><br />(-16 for losing)\n|l|\u2606Joe Dirtwo\n|player|p2|\n|c|\u2606liam.2025|gg\n","uploadtime":1769440516,"views":11,"formatid":"gen9vgc2026regi","rating":1277,"private":0,"password":null}