{"id":"gen9vgc2026regi-2588894510","format":"[Gen 9] VGC 2026 Reg I","players":["namphong789","Lil Tic"],"log":"|j|\u2606namphong789\n|j|\u2606Lil Tic\n|t:|1776683353\n|gametype|doubles\n|player|p1|namphong789|hilbert|1322\n|player|p2|Lil Tic|169|1404\n|gen|9\n|tier|[Gen 9] VGC 2026 Reg I\n|rated|\n|rule|Species Clause: Limit one of each Pok\u00e9mon\n|rule|Item Clause: Limit 1 of each item\n|clearpoke\n|poke|p1|Rayquaza, L50|\n|poke|p1|Volcarona, L50, M|\n|poke|p1|Rillaboom, L50, M|\n|poke|p1|Zamazenta-*, L50|\n|poke|p1|Bruxish, L50, M|\n|poke|p1|Dragapult, L50, F|\n|poke|p2|Koraidon, L50|\n|poke|p2|Flutter Mane, L50|\n|poke|p2|Ho-Oh, L50|\n|poke|p2|Incineroar, L50, M|\n|poke|p2|Amoonguss, L50, F|\n|poke|p2|Ting-Lu, L50|\n|teampreview|4\n|inactive|Battle timer is ON: inactive players will automatically lose when time's up. (requested by namphong789)\n|inactive|Lil Tic has 60 seconds left.\n|\n|t:|1776683392\n|teamsize|p1|4\n|teamsize|p2|4\n|start\n|switch|p1a: Rillaboom|Rillaboom, L50, M|100/100\n|switch|p1b: Zamazenta|Zamazenta-Crowned, L50|100/100\n|switch|p2a: Ho-Oh|Ho-Oh, L50|100/100\n|switch|p2b: Amoonguss|Amoonguss, L50, F|100/100\n|-ability|p1b: Zamazenta|Dauntless Shield|boost\n|-boost|p1b: Zamazenta|def|1\n|-fieldstart|move: Grassy Terrain|[from] ability: Grassy Surge|[of] p1a: Rillaboom\n|turn|1\n|\n|t:|1776683408\n|switch|p1b: Rayquaza|Rayquaza, L50|100/100\n|-ability|p1b: Rayquaza|Air Lock\n|move|p1a: Rillaboom|Fake Out|p2a: Ho-Oh\n|-damage|p2a: Ho-Oh|83/100\n|-damage|p1a: Rillaboom|91/100|[from] item: Life Orb\n|cant|p2a: Ho-Oh|flinch\n|move|p2b: Amoonguss|Spore|p1b: Rayquaza\n|-status|p1b: Rayquaza|slp|[from] move: Spore\n|\n|-heal|p1a: Rillaboom|96/100|[from] Grassy Terrain\n|upkeep\n|turn|2\n|\n|t:|1776683424\n|move|p1a: Rillaboom|U-turn|p2b: Amoonguss\n|-damage|p2b: Amoonguss|73/100\n|-damage|p1a: Rillaboom|80/100|[from] item: Rocky Helmet|[of] p2b: Amoonguss\n|-damage|p1a: Rillaboom|70/100|[from] item: Life Orb\n|\n|t:|1776683431\n|switch|p1a: Dragapult|Dragapult, L50, F|100/100|[from] U-turn\n|cant|p1b: Rayquaza|slp\n|move|p2a: Ho-Oh|Brave Bird|p1b: Rayquaza\n|-damage|p1b: Rayquaza|33/100 slp\n|-damage|p2a: Ho-Oh|63/100|[from] Recoil\n|move|p2b: Amoonguss|Sludge Bomb|p1a: Dragapult\n|-resisted|p1a: Dragapult\n|-damage|p1a: Dragapult|83/100\n|\n|-heal|p1a: Dragapult|89/100|[from] Grassy Terrain\n|-heal|p2b: Amoonguss|79/100|[from] Grassy Terrain\n|upkeep\n|turn|3\n|\n|t:|1776683447\n|cant|p1b: Rayquaza|slp\n|move|p1a: Dragapult|Dragon Darts|p2b: Amoonguss\n|-damage|p2b: Amoonguss|59/100\n|-anim|p1a: Dragapult|Dragon Darts|p2a: Ho-Oh\n|-damage|p2a: Ho-Oh|39/100\n|move|p2a: Ho-Oh|Brave Bird|p1b: Rayquaza\n|-damage|p1b: Rayquaza|0 fnt\n|faint|p1b: Rayquaza\n|-damage|p2a: Ho-Oh|30/100|[from] Recoil\n|move|p2b: Amoonguss|Spore|p1a: Dragapult\n|-status|p1a: Dragapult|slp|[from] move: Spore\n|\n|-heal|p1a: Dragapult|95/100 slp|[from] Grassy Terrain\n|-heal|p2b: Amoonguss|65/100|[from] Grassy Terrain\n|upkeep\n|\n|t:|1776683464\n|switch|p1b: Rillaboom|Rillaboom, L50, M|70/100\n|turn|4\n|\n|t:|1776683475\n|switch|p2a: Koraidon|Koraidon, L50|100/100\n|-weather|SunnyDay|[from] ability: Orichalcum Pulse|[of] p2a: Koraidon\n|-activate|p2a: Koraidon|Orichalcum Pulse|[source]\n|move|p1b: Rillaboom|Fake Out|p2a: Koraidon\n|-damage|p2a: Koraidon|85/100\n|-damage|p1b: Rillaboom|60/100|[from] item: Life Orb\n|cant|p1a: Dragapult|slp\n|move|p2b: Amoonguss|Sludge Bomb|p1b: Rillaboom\n|-supereffective|p1b: Rillaboom\n|-damage|p1b: Rillaboom|0 fnt\n|faint|p1b: Rillaboom\n|\n|-weather|SunnyDay|[upkeep]\n|-heal|p1a: Dragapult|100/100 slp|[from] Grassy Terrain\n|-heal|p2a: Koraidon|91/100|[from] Grassy Terrain\n|-heal|p2b: Amoonguss|71/100|[from] Grassy Terrain\n|upkeep\n|\n|t:|1776683478\n|switch|p1b: Zamazenta|Zamazenta-Crowned, L50|100/100\n|turn|5\n|\n|t:|1776683492\n|-terastallize|p2a: Koraidon|Fire\n|move|p2b: Amoonguss|Rage Powder|p2b: Amoonguss\n|-singleturn|p2b: Amoonguss|move: Rage Powder\n|cant|p1a: Dragapult|slp\n|move|p1b: Zamazenta|Behemoth Bash|p2b: Amoonguss\n|-damage|p2b: Amoonguss|36/100\n|-damage|p1b: Zamazenta|84/100|[from] item: Rocky Helmet|[of] p2b: Amoonguss\n|move|p2a: Koraidon|Flare Blitz|p1b: Zamazenta\n|-supereffective|p1b: Zamazenta\n|-damage|p1b: Zamazenta|0 fnt\n|faint|p1b: Zamazenta\n|-damage|p2a: Koraidon|59/100|[from] Recoil\n|-damage|p2a: Koraidon|50/100|[from] item: Life Orb\n|\n|-weather|SunnyDay|[upkeep]\n|-heal|p2a: Koraidon|55/100|[from] Grassy Terrain\n|-heal|p2b: Amoonguss|42/100|[from] Grassy Terrain\n|-fieldend|move: Grassy Terrain\n|upkeep\n|turn|6\n|\n|t:|1776683505\n|move|p2b: Amoonguss|Rage Powder|p2b: Amoonguss\n|-singleturn|p2b: Amoonguss|move: Rage Powder\n|cant|p1a: Dragapult|slp\n|move|p2a: Koraidon|Dragon Claw|p1a: Dragapult\n|-supereffective|p1a: Dragapult\n|-damage|p1a: Dragapult|0 fnt\n|faint|p1a: Dragapult\n|-damage|p2a: Koraidon|46/100|[from] item: Life Orb\n|\n|win|Lil Tic\n|raw|namphong789's rating: 1322 &rarr; <strong>1307</strong><br />(-15 for losing)\n|raw|Lil Tic's rating: 1404 &rarr; <strong>1419</strong><br />(+15 for winning)\n|l|\u2606Lil Tic\n|player|p2|\n|l|\u2606namphong789\n|player|p1|\n","uploadtime":1776683660,"views":9,"formatid":"gen9vgc2026regi","rating":1307,"private":0,"password":null}