{"id":"gen9vgc2026regi-2574063330","format":"[Gen 9] VGC 2026 Reg I","players":["My2Cents","JakeNBake3D"],"log":"|j|\u2606My2Cents\n|j|\u2606JakeNBake3D\n|t:|1775195745\n|gametype|doubles\n|player|p1|My2Cents|silver|1125\n|player|p2|JakeNBake3D|265|1270\n|gen|9\n|tier|[Gen 9] VGC 2026 Reg I\n|rated|\n|rule|Species Clause: Limit one of each Pok\u00e9mon\n|rule|Item Clause: Limit 1 of each item\n|clearpoke\n|poke|p1|Solgaleo, L50|\n|poke|p1|Chien-Pao, L50|\n|poke|p1|Scovillain, L50, M|\n|poke|p1|Sandy Shocks, L50|\n|poke|p1|Koraidon, L50|\n|poke|p1|Ursaluna, L50, M|\n|poke|p2|Calyrex-Shadow, L50|\n|poke|p2|Zamazenta-*, L50|\n|poke|p2|Maushold, L50|\n|poke|p2|Roaring Moon, L50|\n|poke|p2|Whimsicott, L50, F|\n|poke|p2|Ursaluna-Bloodmoon, L50, M|\n|teampreview|4\nMy2Cents has agreed to open team sheets.\n|inactive|Battle timer is ON: inactive players will automatically lose when time's up. (requested by My2Cents)\n|inactive|JakeNBake3D has 60 seconds left.\n|\n|t:|1775195808\n|teamsize|p1|4\n|teamsize|p2|4\n|start\n|switch|p1a: Sandy Shocks|Sandy Shocks, L50|100/100\n|switch|p1b: Koraidon|Koraidon, L50|100/100\n|switch|p2a: Roaring Moon|Roaring Moon, L50|100/100\n|switch|p2b: Ursaluna|Ursaluna-Bloodmoon, L50, M|100/100\n|-weather|SunnyDay|[from] ability: Orichalcum Pulse|[of] p1b: Koraidon\n|-activate|p2a: Roaring Moon|ability: Protosynthesis\n|-start|p2a: Roaring Moon|protosynthesisspe\n|-activate|p1a: Sandy Shocks|ability: Protosynthesis\n|-start|p1a: Sandy Shocks|protosynthesisspe\n|-activate|p1b: Koraidon|Orichalcum Pulse|[source]\n|turn|1\n|inactive|My2Cents has 30 seconds left.\n|\n|t:|1775195843\n|move|p1b: Koraidon|Protect|p1b: Koraidon\n|-singleturn|p1b: Koraidon|Protect\n|move|p2b: Ursaluna|Protect|p2b: Ursaluna\n|-singleturn|p2b: Ursaluna|Protect\n|move|p2a: Roaring Moon|Tailwind|p2a: Roaring Moon\n|-sidestart|p2: JakeNBake3D|move: Tailwind\n|move|p1a: Sandy Shocks|Electroweb|p2a: Roaring Moon|[spread] p2a\n|-activate|p2b: Ursaluna|move: Protect\n|-resisted|p2a: Roaring Moon\n|-damage|p2a: Roaring Moon|92/100\n|-unboost|p2a: Roaring Moon|spe|1\n|\n|-weather|SunnyDay|[upkeep]\n|upkeep\n|turn|2\n|inactive|JakeNBake3D has 30 seconds left.\n|\n|t:|1775195869\n|move|p2a: Roaring Moon|Breaking Swipe|p1b: Koraidon|[spread] p1a,p1b\n|-supereffective|p1b: Koraidon\n|-damage|p1a: Sandy Shocks|79/100\n|-damage|p1b: Koraidon|62/100\n|-unboost|p1a: Sandy Shocks|atk|1\n|move|p2b: Ursaluna|Blood Moon|p1b: Koraidon\n|-damage|p1b: Koraidon|0 fnt\n|faint|p1b: Koraidon\n|-damage|p2b: Ursaluna|91/100|[from] item: Life Orb\n|move|p1a: Sandy Shocks|Earth Power|p2b: Ursaluna\n|-damage|p2b: Ursaluna|38/100\n|\n|-weather|SunnyDay|[upkeep]\n|upkeep\n|\n|t:|1775195884\n|switch|p1b: Scovillain|Scovillain, L50, M|100/100\n|turn|3\n|\n|t:|1775195904\n|move|p2a: Roaring Moon|Breaking Swipe|p1a: Sandy Shocks|[spread] p1a,p1b\n|-damage|p1a: Sandy Shocks|60/100\n|-damage|p1b: Scovillain|69/100\n|-unboost|p1a: Sandy Shocks|atk|1\n|-unboost|p1b: Scovillain|atk|1\n|move|p2b: Ursaluna|Hyper Voice|p1a: Sandy Shocks|[spread] p1a,p1b\n|-damage|p1a: Sandy Shocks|29/100\n|-damage|p1b: Scovillain|12/100\n|-enditem|p1b: Scovillain|Sitrus Berry|[eat]\n|-heal|p1b: Scovillain|37/100|[from] item: Sitrus Berry\n|-damage|p2b: Ursaluna|28/100|[from] item: Life Orb\n|move|p1b: Scovillain|Solar Beam||[still]\n|-prepare|p1b: Scovillain|Solar Beam\n|-anim|p1b: Scovillain|Solar Beam|p2b: Ursaluna\n|-supereffective|p2b: Ursaluna\n|-damage|p2b: Ursaluna|0 fnt\n|faint|p2b: Ursaluna\n|move|p1a: Sandy Shocks|Volt Switch|p2a: Roaring Moon\n|-resisted|p2a: Roaring Moon\n|-damage|p2a: Roaring Moon|79/100\n|\n|t:|1775195918\n|-end|p1a: Sandy Shocks|Protosynthesis|[silent]\n|switch|p1a: Ursaluna|Ursaluna, L50, M|100/100|[from] Volt Switch\n|\n|-weather|SunnyDay|[upkeep]\n|-status|p1a: Ursaluna|brn|[from] item: Flame Orb\n|upkeep\n|\n|t:|1775195940\n|switch|p2b: Zamazenta|Zamazenta-Crowned, L50|100/100\n|-ability|p2b: Zamazenta|Dauntless Shield|boost\n|-boost|p2b: Zamazenta|def|1\n|turn|4\n|inactive|JakeNBake3D has 30 seconds left.\n|\n|t:|1775195969\n|move|p1a: Ursaluna|Protect|p1a: Ursaluna\n|-singleturn|p1a: Ursaluna|Protect\n|move|p2b: Zamazenta|Body Press|p1a: Ursaluna\n|-activate|p1a: Ursaluna|move: Protect\n|move|p2a: Roaring Moon|Breaking Swipe|p1a: Ursaluna|[spread] p1b\n|-activate|p1a: Ursaluna|move: Protect\n|-damage|p1b: Scovillain|9/100\n|-unboost|p1b: Scovillain|atk|1\n|move|p1b: Scovillain|Overheat|p2b: Zamazenta\n|-supereffective|p2b: Zamazenta\n|-damage|p2b: Zamazenta|0 fnt\n|-unboost|p1b: Scovillain|spa|2\n|faint|p2b: Zamazenta\n|\n|-weather|SunnyDay|[upkeep]\n|-damage|p1a: Ursaluna|95/100 brn|[from] brn\n|-sideend|p2: JakeNBake3D|move: Tailwind\n|upkeep\n|\n|t:|1775195988\n|switch|p2b: Calyrex|Calyrex-Shadow, L50|100/100\n|-ability|p2b: Calyrex|As One\n|-ability|p2b: Calyrex|Unnerve\n|turn|5\n|inactive|JakeNBake3D has 30 seconds left.\n|inactive|JakeNBake3D has 20 seconds left.\n|inactive|JakeNBake3D has 15 seconds left.\n|\n|t:|1775196033\n|move|p1b: Scovillain|Spicy Extract|p2b: Calyrex\n|-boost|p2b: Calyrex|atk|2\n|-unboost|p2b: Calyrex|def|2\n|move|p2b: Calyrex|Psychic|p1a: Ursaluna\n|-damage|p1a: Ursaluna|14/100 brn\n|move|p2a: Roaring Moon|Knock Off|p1b: Scovillain\n|-damage|p1b: Scovillain|0 fnt\n|faint|p1b: Scovillain\n|move|p1a: Ursaluna|Earthquake|p2b: Calyrex|[spread] p2a,p2b\n|-damage|p2a: Roaring Moon|13/100\n|-damage|p2b: Calyrex|0 fnt\n|faint|p2b: Calyrex\n|\n|-weather|none\n|-end|p2a: Roaring Moon|Protosynthesis\n|-damage|p1a: Ursaluna|8/100 brn|[from] brn\n|upkeep\n|-enditem|p2a: Roaring Moon|Booster Energy\n|-activate|p2a: Roaring Moon|ability: Protosynthesis|[fromitem]\n|-start|p2a: Roaring Moon|protosynthesisatk\n|\n|t:|1775196049\n|switch|p1b: Sandy Shocks|Sandy Shocks, L50|29/100\n|turn|6\n|\n|t:|1775196062\n|move|p1b: Sandy Shocks|Thunderbolt|p2a: Roaring Moon\n|-resisted|p2a: Roaring Moon\n|-crit|p2a: Roaring Moon\n|-damage|p2a: Roaring Moon|0 fnt\n|faint|p2a: Roaring Moon\n|-end|p2a: Roaring Moon|Protosynthesis|[silent]\n|\n|win|My2Cents\n|raw|My2Cents's rating: 1125 &rarr; <strong>1160</strong><br />(+35 for winning)\n|raw|JakeNBake3D's rating: 1270 &rarr; <strong>1235</strong><br />(-35 for losing)\n|l|\u2606My2Cents\n|player|p1|\n|l|\u2606JakeNBake3D\n|player|p2|\n","uploadtime":1775196363,"views":9,"formatid":"gen9vgc2026regi","rating":1160,"private":0,"password":null}