{"id":"gen9vgc2026regi-2580036553","format":"[Gen 9] VGC 2026 Reg I","players":["Cookiecrumble123","randy.zhang2023"],"log":"|j|\u2606Cookiecrumble123\n|j|\u2606randy.zhang2023\n|t:|1775848447\n|gametype|doubles\n|player|p1|Cookiecrumble123|1|1274\n|player|p2|randy.zhang2023|1|1383\n|gen|9\n|tier|[Gen 9] VGC 2026 Reg I\n|rated|\n|rule|Species Clause: Limit one of each Pok\u00e9mon\n|rule|Item Clause: Limit 1 of each item\n|clearpoke\n|poke|p1|Hydrapple, L50, M|\n|poke|p1|Lilligant-Hisui, L50, F|\n|poke|p1|Groudon, L50|\n|poke|p1|Koraidon, L50|\n|poke|p1|Chien-Pao, L50|\n|poke|p1|Amoonguss, L50, M|\n|poke|p2|Koraidon, L50|\n|poke|p2|Flutter Mane, L50|\n|poke|p2|Ogerpon-Cornerstone, L50, F|\n|poke|p2|Whimsicott, L50, F|\n|poke|p2|Calyrex-Shadow, L50|\n|poke|p2|Chi-Yu, L50|\n|teampreview|4\n|inactive|Battle timer is ON: inactive players will automatically lose when time's up. (requested by Cookiecrumble123)\n|inactive|randy.zhang2023 has 60 seconds left.\n|\n|t:|1775848483\n|teamsize|p1|4\n|teamsize|p2|4\n|start\n|switch|p1a: Lilligant|Lilligant-Hisui, L50, F|100/100\n|switch|p1b: Koraidon|Koraidon, L50|100/100\n|switch|p2a: Whimsicott|Whimsicott, L50, F|100/100\n|switch|p2b: Flutter Mane|Flutter Mane, L50|100/100\n|-weather|SunnyDay|[from] ability: Orichalcum Pulse|[of] p1b: Koraidon\n|-activate|p2b: Flutter Mane|ability: Protosynthesis\n|-start|p2b: Flutter Mane|protosynthesisspe\n|-activate|p1b: Koraidon|Orichalcum Pulse|[source]\n|turn|1\n|inactive|Cookiecrumble123 has 30 seconds left.\n|inactive|randy.zhang2023 has 30 seconds left.\n|\n|t:|1775848515\n|move|p1a: Lilligant|Upper Hand||[still]\n|-fail|p1a: Lilligant\n|move|p2a: Whimsicott|Tailwind|p2a: Whimsicott\n|-sidestart|p2: randy.zhang2023|move: Tailwind\n|move|p2b: Flutter Mane|Taunt|p1a: Lilligant\n|-start|p1a: Lilligant|move: Taunt\n|move|p1b: Koraidon|Flare Blitz|p2b: Flutter Mane\n|-damage|p2b: Flutter Mane|0 fnt\n|faint|p2b: Flutter Mane\n|-end|p2b: Flutter Mane|Protosynthesis|[silent]\n|-damage|p1b: Koraidon|76/100|[from] Recoil\n|-damage|p1b: Koraidon|67/100|[from] item: Life Orb\n|\n|-weather|SunnyDay|[upkeep]\n|upkeep\n|\n|t:|1775848529\n|switch|p2b: Calyrex|Calyrex-Shadow, L50|100/100\n|-ability|p2b: Calyrex|As One\n|-ability|p2b: Calyrex|Unnerve\n|turn|2\n|\n|t:|1775848542\n|move|p1b: Koraidon|Protect|p1b: Koraidon\n|-singleturn|p1b: Koraidon|Protect\n|move|p2b: Calyrex|Astral Barrage|p1b: Koraidon|[spread] p1a\n|-activate|p1b: Koraidon|move: Protect\n|-damage|p1a: Lilligant|28/100\n|move|p2a: Whimsicott|Moonblast|p1a: Lilligant\n|-supereffective|p1a: Lilligant\n|-damage|p1a: Lilligant|0 fnt\n|faint|p1a: Lilligant\n|\n|-weather|SunnyDay|[upkeep]\n|upkeep\n|\n|t:|1775848553\n|switch|p1a: Chien-Pao|Chien-Pao, L50|100/100\n|-ability|p1a: Chien-Pao|Sword of Ruin\n|turn|3\n|\n|t:|1775848565\n|-terastallize|p2b: Calyrex|Fighting\n|move|p1a: Chien-Pao|Sucker Punch|p2b: Calyrex\n|-resisted|p2b: Calyrex\n|-crit|p2b: Calyrex\n|-damage|p2b: Calyrex|57/100\n|move|p2b: Calyrex|Astral Barrage|p1a: Chien-Pao|[spread] p1a,p1b\n|-resisted|p1a: Chien-Pao\n|-damage|p1a: Chien-Pao|56/100\n|-damage|p1b: Koraidon|14/100\n|move|p2a: Whimsicott|Moonblast|p1b: Koraidon\n|-supereffective|p1b: Koraidon\n|-damage|p1b: Koraidon|0 fnt\n|faint|p1b: Koraidon\n|\n|-weather|SunnyDay|[upkeep]\n|upkeep\n|\n|t:|1775848576\n|switch|p1b: Hydrapple|Hydrapple, L50, M|100/100\n|-ability|p1b: Hydrapple|Supersweet Syrup\n|-unboost|p2a: Whimsicott|evasion|1\n|-unboost|p2b: Calyrex|evasion|1\n|turn|4\n|c|\u2606randy.zhang2023|crit\n|inactive|Cookiecrumble123 has 30 seconds left.\n|inactive|Cookiecrumble123 has 20 seconds left.\n|inactive|Cookiecrumble123 has 15 seconds left.\n|\n|t:|1775848618\n|-terastallize|p1a: Chien-Pao|Stellar\n|move|p2b: Calyrex|Astral Barrage|p1a: Chien-Pao|[spread] p1a,p1b\n|-resisted|p1a: Chien-Pao\n|-damage|p1a: Chien-Pao|13/100\n|-damage|p1b: Hydrapple|71/100\n|move|p2a: Whimsicott|Moonblast|p1a: Chien-Pao\n|-supereffective|p1a: Chien-Pao\n|-damage|p1a: Chien-Pao|0 fnt\n|faint|p1a: Chien-Pao\n|move|p1b: Hydrapple|Fickle Beam|p2b: Calyrex\n|-damage|p2b: Calyrex|25/100\n|\n|-weather|SunnyDay|[upkeep]\n|-sideend|p2: randy.zhang2023|move: Tailwind\n|upkeep\n|turn|5\n|c|\u2606randy.zhang2023|its hurt\n|c|\u2606Cookiecrumble123|you are winning why are you complaining\n|\n|t:|1775848642\n|move|p2b: Calyrex|Astral Barrage|p1b: Hydrapple\n|-crit|p1b: Hydrapple\n|-damage|p1b: Hydrapple|5/100\n|move|p2a: Whimsicott|Moonblast|p1b: Hydrapple\n|-supereffective|p1b: Hydrapple\n|-damage|p1b: Hydrapple|0 fnt\n|faint|p1b: Hydrapple\n|\n|win|randy.zhang2023\n|raw|Cookiecrumble123's rating: 1274 &rarr; <strong>1257</strong><br />(-17 for losing)\n|raw|randy.zhang2023's rating: 1383 &rarr; <strong>1397</strong><br />(+14 for winning)\n|l|\u2606Cookiecrumble123\n|player|p1|\n|c|\u2606randy.zhang2023|just feel hurt\n","uploadtime":1775848864,"views":10,"formatid":"gen9vgc2026regi","rating":1257,"private":0,"password":null}