{"id":"gen9vgc2026regi-2551986930","format":"[Gen 9] VGC 2026 Reg I","players":["Pokemonst3r","Lego Revan"],"log":"|j|\u2606Pokemonst3r\n|j|\u2606Lego Revan\n|t:|1772662905\n|gametype|doubles\n|player|p1|Pokemonst3r|169|1619\n|player|p2|Lego Revan|drayden|1521\n|gen|9\n|tier|[Gen 9] VGC 2026 Reg I\n|rated|\n|rule|Species Clause: Limit one of each Pok\u00e9mon\n|rule|Item Clause: Limit 1 of each item\n|clearpoke\n|poke|p1|Chien-Pao, L50|\n|poke|p1|Calyrex-Shadow, L50|\n|poke|p1|Dondozo, L50, M|\n|poke|p1|Zamazenta-*, L50|\n|poke|p1|Dragonite, L50, M|\n|poke|p1|Tatsugiri, L50, M|\n|poke|p2|Groudon, L50|\n|poke|p2|Lunala, L50|\n|poke|p2|Raging Bolt, L50|\n|poke|p2|Rillaboom, L50, F|\n|poke|p2|Chi-Yu, L50|\n|poke|p2|Smeargle, L50, F|\n|teampreview|4\n|inactive|Battle timer is ON: inactive players will automatically lose when time's up. (requested by Lego Revan)\n|inactive|Pokemonst3r also wants the timer to be on.\n|\n|t:|1772662924\n|teamsize|p1|4\n|teamsize|p2|4\n|start\n|switch|p1a: Chien-Pao|Chien-Pao, L50|100/100\n|switch|p1b: Calyrex|Calyrex-Shadow, L50|100/100\n|switch|p2a: Chi-Yu|Chi-Yu, L50, shiny|100/100\n|switch|p2b: Rillaboom|Rillaboom, L50, F, shiny|100/100\n|-ability|p1b: Calyrex|As One\n|-ability|p1b: Calyrex|Unnerve\n|-ability|p2a: Chi-Yu|Beads of Ruin\n|-ability|p1a: Chien-Pao|Sword of Ruin\n|-fieldstart|move: Grassy Terrain|[from] ability: Grassy Surge|[of] p2b: Rillaboom\n|turn|1\n|inactive|Pokemonst3r has 30 seconds left.\n|\n|t:|1772662949\n|switch|p1a: Dragonite|Dragonite, L50, M|100/100\n|move|p2b: Rillaboom|Grassy Glide|p1a: Dragonite\n|-resisted|p1a: Dragonite\n|-damage|p1a: Dragonite|91/100\n|move|p1b: Calyrex|Astral Barrage|p2a: Chi-Yu|[spread] p2a,p2b\n|-resisted|p2a: Chi-Yu\n|-damage|p2a: Chi-Yu|68/100\n|-damage|p2b: Rillaboom|47/100\n|move|p2a: Chi-Yu|Heat Wave|p1a: Dragonite|[spread] p1b\n|-miss|p2a: Chi-Yu|p1a: Dragonite\n|-damage|p1b: Calyrex|52/100\n|\n|-heal|p1b: Calyrex|58/100|[from] Grassy Terrain\n|-heal|p2a: Chi-Yu|74/100|[from] Grassy Terrain\n|-heal|p2b: Rillaboom|52/100|[from] Grassy Terrain\n|upkeep\n|turn|2\n|inactive|Pokemonst3r has 30 seconds left.\n|inactive|Pokemonst3r has 20 seconds left.\n|inactive|Pokemonst3r has 15 seconds left.\n|inactive|Lego Revan has 30 seconds left.\n|inactive|Pokemonst3r has 10 seconds left.\n|\n|t:|1772662995\n|switch|p2a: Smeargle|Smeargle, L50, F, shiny|100/100\n|-terastallize|p1a: Dragonite|Normal\n|move|p1a: Dragonite|Extreme Speed|p2a: Smeargle\n|-enditem|p2a: Smeargle|Focus Sash\n|-damage|p2a: Smeargle|1/100\n|move|p2b: Rillaboom|Grassy Glide|p1b: Calyrex\n|-damage|p1b: Calyrex|14/100\n|move|p1b: Calyrex|Astral Barrage|p2a: Smeargle|[spread] p2b\n|-immune|p2a: Smeargle\n|-damage|p2b: Rillaboom|16/100\n|\n|-heal|p1b: Calyrex|20/100|[from] Grassy Terrain\n|-heal|p2a: Smeargle|7/100|[from] Grassy Terrain\n|-heal|p2b: Rillaboom|21/100|[from] Grassy Terrain\n|-heal|p1a: Dragonite|97/100|[from] Grassy Terrain\n|-ability|p2a: Smeargle|Moody|boost\n|-boost|p2a: Smeargle|def|2\n|-unboost|p2a: Smeargle|spd|1\n|upkeep\n|turn|3\n|\n|t:|1772663020\n|switch|p1b: Zamazenta|Zamazenta-Crowned, L50|100/100\n|-ability|p1b: Zamazenta|Dauntless Shield|boost\n|-boost|p1b: Zamazenta|def|1\n|move|p2a: Smeargle|Follow Me|p2a: Smeargle\n|-singleturn|p2a: Smeargle|move: Follow Me\n|move|p1a: Dragonite|Extreme Speed|p2a: Smeargle\n|-damage|p2a: Smeargle|0 fnt\n|faint|p2a: Smeargle\n|move|p2b: Rillaboom|Grassy Glide|p1b: Zamazenta\n|-resisted|p1b: Zamazenta\n|-damage|p1b: Zamazenta|94/100\n|\n|-heal|p1b: Zamazenta|99/100|[from] Grassy Terrain\n|-heal|p2b: Rillaboom|27/100|[from] Grassy Terrain\n|-heal|p1a: Dragonite|100/100|[from] Grassy Terrain\n|upkeep\n|\n|t:|1772663024\n|switch|p2a: Lunala|Lunala, L50, shiny|100/100\n|turn|4\n|\n|t:|1772663043\n|switch|p2b: Chi-Yu|Chi-Yu, L50, shiny|74/100\n|-ability|p2b: Chi-Yu|Beads of Ruin\n|move|p1a: Dragonite|Extreme Speed|p2b: Chi-Yu\n|-damage|p2b: Chi-Yu|0 fnt\n|faint|p2b: Chi-Yu\n|move|p1b: Zamazenta|Behemoth Bash|p2a: Lunala\n|-damage|p2a: Lunala|85/100\n|move|p2a: Lunala|Trick Room|p2a: Lunala\n|-fieldstart|move: Trick Room|[of] p2a: Lunala\n|\n|-heal|p2a: Lunala|91/100|[from] Grassy Terrain\n|-heal|p2a: Lunala|97/100|[from] item: Leftovers\n|-heal|p1b: Zamazenta|100/100|[from] Grassy Terrain\n|upkeep\n|\n|t:|1772663045\n|switch|p2b: Rillaboom|Rillaboom, L50, F, shiny|27/100\n|turn|5\n|\n|t:|1772663068\n|move|p1b: Zamazenta|Protect|p1b: Zamazenta\n|-singleturn|p1b: Zamazenta|Protect\n|move|p2b: Rillaboom|Fake Out|p1a: Dragonite\n|-damage|p1a: Dragonite|87/100\n|move|p1a: Dragonite|Extreme Speed|p2b: Rillaboom\n|-damage|p2b: Rillaboom|0 fnt\n|faint|p2b: Rillaboom\n|move|p2a: Lunala|Moonblast|p1a: Dragonite\n|-damage|p1a: Dragonite|58/100\n|-unboost|p1a: Dragonite|spa|1\n|\n|-heal|p1a: Dragonite|64/100|[from] Grassy Terrain\n|-heal|p2a: Lunala|100/100|[from] Grassy Terrain\n|-fieldend|move: Grassy Terrain\n|upkeep\n|turn|6\n|-message|Lego Revan forfeited.\n|\n|win|Pokemonst3r\n|raw|Pokemonst3r's rating: 1619 &rarr; <strong>1634</strong><br />(+15 for winning)\n|raw|Lego Revan's rating: 1521 &rarr; <strong>1506</strong><br />(-15 for losing)\n|l|\u2606Lego Revan\n|player|p2|\n|l|\u2606Pokemonst3r\n|player|p1|\n","uploadtime":1772663308,"views":24,"formatid":"gen9vgc2026regi","rating":1506,"private":0,"password":null}