{"id":"gen9vgc2026regi-2537988888","format":"[Gen 9] VGC 2026 Reg I","players":["TheManOfSausage","ShadowReaperZYX"],"log":"|j|\u2606TheManOfSausage\n|j|\u2606ShadowReaperZYX\n|t:|1770873469\n|gametype|doubles\n|player|p1|TheManOfSausage|miku-water|1334\n|player|p2|ShadowReaperZYX|marley|1242\n|gen|9\n|tier|[Gen 9] VGC 2026 Reg I\n|rated|\n|rule|Species Clause: Limit one of each Pok\u00e9mon\n|rule|Item Clause: Limit 1 of each item\n|clearpoke\n|poke|p1|Calyrex-Ice, L50|\n|poke|p1|Miraidon, L50|\n|poke|p1|Amoonguss, L50, F|\n|poke|p1|Incineroar, L50, M|\n|poke|p1|Urshifu-*, L50, M|\n|poke|p1|Farigiraf, L50, F|\n|poke|p2|Calyrex-Ice, L50|\n|poke|p2|Mimikyu, L50, F|\n|poke|p2|Miraidon, L50|\n|poke|p2|Iron Bundle, L50|\n|poke|p2|Torkoal, L50, M|\n|poke|p2|Whimsicott, L50, M|\n|teampreview|4\n|inactive|Battle timer is ON: inactive players will automatically lose when time's up. (requested by ShadowReaperZYX)\n|\n|t:|1770873487\n|teamsize|p1|4\n|teamsize|p2|4\n|start\n|switch|p1a: Tama|Miraidon, L50|100/100\n|switch|p1b: Farigiraf|Farigiraf, L50, F|100/100\n|switch|p2a: Miraidon|Miraidon, L50|100/100\n|switch|p2b: Iron Bundle|Iron Bundle, L50|100/100\n|-fieldstart|move: Electric Terrain|[from] ability: Hadron Engine|[of] p1a: Tama\n|-activate|p2b: Iron Bundle|ability: Quark Drive\n|-start|p2b: Iron Bundle|quarkdrivespe\n|-enditem|p1b: Farigiraf|Electric Seed\n|-boost|p1b: Farigiraf|def|1|[from] item: Electric Seed\n|-activate|p2a: Miraidon|ability: Hadron Engine\n|turn|1\n|\n|t:|1770873511\n|-terastallize|p1a: Tama|Fairy\n|-terastallize|p2a: Miraidon|Fairy\n|move|p2b: Iron Bundle|Icy Wind|p1b: Farigiraf|[spread] p1a\n|-miss|p2b: Iron Bundle|p1b: Farigiraf\n|-damage|p1a: Tama|82/100\n|-unboost|p1a: Tama|spe|1\n|move|p2a: Miraidon|Dazzling Gleam|p1b: Farigiraf|[spread] p1a,p1b\n|-damage|p1a: Tama|45/100\n|-damage|p1b: Farigiraf|55/100\n|move|p1a: Tama|Dazzling Gleam|p2b: Iron Bundle|[spread] p2a,p2b\n|-damage|p2a: Miraidon|56/100\n|-enditem|p2b: Iron Bundle|Focus Sash\n|-damage|p2b: Iron Bundle|1/100\n|move|p1b: Farigiraf|Psychic Noise|p2b: Iron Bundle\n|-damage|p2b: Iron Bundle|0 fnt\n|faint|p2b: Iron Bundle\n|-end|p2b: Iron Bundle|Quark Drive|[silent]\n|\n|upkeep\n|\n|t:|1770873529\n|switch|p2b: Mimikyu|Mimikyu, L50, F, shiny|100/100\n|turn|2\n|\n|t:|1770873535\n|move|p1b: Farigiraf|Helping Hand|p1a: Tama\n|-singleturn|p1a: Tama|Helping Hand|[of] p1b: Farigiraf\n|move|p2a: Miraidon|Volt Switch|p1a: Tama\n|-damage|p1a: Tama|0 fnt\n|faint|p1a: Tama\n|\n|t:|1770873541\n|switch|p2a: Calyrex|Calyrex-Ice, L50|100/100|[from] Volt Switch\n|-ability|p2a: Calyrex|As One\n|-ability|p2a: Calyrex|Unnerve\n|move|p2b: Mimikyu|Trick Room|p2b: Mimikyu\n|-fieldstart|move: Trick Room|[of] p2b: Mimikyu\n|\n|upkeep\n|\n|t:|1770873544\n|switch|p1a: Ogurin|Calyrex-Ice, L50|100/100\n|-ability|p1a: Ogurin|As One\n|-ability|p1a: Ogurin|Unnerve\n|turn|3\n|\n|t:|1770873553\n|move|p2b: Mimikyu|Shadow Sneak|p2a: Calyrex\n|-supereffective|p2a: Calyrex\n|-damage|p2a: Calyrex|85/100\n|-enditem|p2a: Calyrex|Weakness Policy\n|-boost|p2a: Calyrex|atk|2|[from] item: Weakness Policy\n|-boost|p2a: Calyrex|spa|2|[from] item: Weakness Policy\n|move|p2a: Calyrex|Glacial Lance|p1a: Ogurin|[spread] p1a,p1b\n|-resisted|p1a: Ogurin\n|-damage|p1a: Ogurin|63/100\n|-damage|p1b: Farigiraf|0 fnt\n|faint|p1b: Farigiraf\n|-ability|p2a: Calyrex|Chilling Neigh|boost\n|-boost|p2a: Calyrex|atk|1\n|move|p1a: Ogurin|Glacial Lance|p2a: Calyrex|[spread] p2a,p2b\n|-resisted|p2a: Calyrex\n|-crit|p2a: Calyrex\n|-damage|p2a: Calyrex|58/100\n|-activate|p2b: Mimikyu|ability: Disguise\n|-damage|p2b: Mimikyu|100/100\n|detailschange|p2b: Mimikyu|Mimikyu-Busted, L50, F, shiny\n|-damage|p2b: Mimikyu|88/100|[from] pokemon: Mimikyu-Busted\n|\n|upkeep\n|\n|t:|1770873556\n|switch|p1b: Marvelous|Incineroar, L50, M, shiny|100/100\n|-ability|p1b: Marvelous|Intimidate|boost\n|-unboost|p2a: Calyrex|atk|1\n|-unboost|p2b: Mimikyu|atk|1\n|turn|4\n|\n|t:|1770873568\n|move|p2a: Calyrex|Protect|p2a: Calyrex\n|-singleturn|p2a: Calyrex|Protect\n|move|p1b: Marvelous|Fake Out|p2a: Calyrex\n|-activate|p2a: Calyrex|move: Protect\n|move|p1a: Ogurin|Glacial Lance|p2a: Calyrex|[spread] p2b\n|-activate|p2a: Calyrex|move: Protect\n|-damage|p2b: Mimikyu|17/100\n|move|p2b: Mimikyu|Will-O-Wisp|p1a: Ogurin\n|-status|p1a: Ogurin|brn\n|\n|-damage|p1a: Ogurin|58/100 brn|[from] brn\n|upkeep\n|turn|5\n|\n|t:|1770873587\n|move|p2b: Mimikyu|Shadow Sneak|p1a: Ogurin\n|-supereffective|p1a: Ogurin\n|-damage|p1a: Ogurin|48/100 brn\n|move|p2a: Calyrex|High Horsepower|p1b: Marvelous\n|-supereffective|p1b: Marvelous\n|-damage|p1b: Marvelous|0 fnt\n|faint|p1b: Marvelous\n|-ability|p2a: Calyrex|Chilling Neigh|boost\n|-boost|p2a: Calyrex|atk|1\n|move|p1a: Ogurin|Glacial Lance|p2b: Mimikyu|[spread] p2a,p2b\n|-resisted|p2a: Calyrex\n|-damage|p2a: Calyrex|48/100\n|-damage|p2b: Mimikyu|0 fnt\n|faint|p2b: Mimikyu\n|-ability|p1a: Ogurin|Chilling Neigh|boost\n|-boost|p1a: Ogurin|atk|1\n|\n|-damage|p1a: Ogurin|42/100 brn|[from] brn\n|-fieldend|move: Electric Terrain\n|upkeep\n|\n|t:|1770873594\n|switch|p2b: Miraidon|Miraidon, L50, tera:Fairy|56/100\n|-fieldstart|move: Electric Terrain|[from] ability: Hadron Engine|[of] p2b: Miraidon\n|turn|6\n|\n|t:|1770873599\n|move|p2a: Calyrex|High Horsepower|p1a: Ogurin\n|-damage|p1a: Ogurin|0 fnt\n|faint|p1a: Ogurin\n|\n|win|ShadowReaperZYX\n|raw|TheManOfSausage's rating: 1334 &rarr; <strong>1309</strong><br />(-25 for losing)\n|raw|ShadowReaperZYX's rating: 1242 &rarr; <strong>1273</strong><br />(+31 for winning)\n|c|\u2606TheManOfSausage|gg\n|l|\u2606TheManOfSausage\n|player|p1|\n|c|\u2606ShadowReaperZYX|gg\n|l|\u2606ShadowReaperZYX\n|player|p2|\n","uploadtime":1770873783,"views":16,"formatid":"gen9vgc2026regi","rating":1273,"private":0,"password":null}