{"id":"gen9vgc2026regi-2515937809","format":"[Gen 9] VGC 2026 Reg I","players":["ManuelvgDios","kojimuranishi"],"log":"|j|\u2606ManuelvgDios\n|j|\u2606kojimuranishi\n|t:|1768062660\n|gametype|doubles\n|player|p1|ManuelvgDios|acetrainercouple|1244\n|player|p2|kojimuranishi|266|1428\n|gen|9\n|tier|[Gen 9] VGC 2026 Reg I\n|rated|\n|rule|Species Clause: Limit one of each Pok\u00e9mon\n|rule|Item Clause: Limit 1 of each item\n|clearpoke\n|poke|p1|Sableye, L50, F|\n|poke|p1|Jumpluff, L50, M|\n|poke|p1|Arcanine-Hisui, L50, M|\n|poke|p1|Walking Wake, L50|\n|poke|p1|Zacian-*, L50|\n|poke|p1|Groudon, L50|\n|poke|p2|Raging Bolt, L50|\n|poke|p2|Calyrex-Ice, L50|\n|poke|p2|Kyogre, L50|\n|poke|p2|Indeedee-F, L50, F|\n|poke|p2|Landorus, L50, M|\n|poke|p2|Urshifu-*, L50, F|\n|teampreview|4\n|inactive|Battle timer is ON: inactive players will automatically lose when time's up. (requested by kojimuranishi)\n|inactive|ManuelvgDios has 60 seconds left.\n|\n|t:|1768062701\n|teamsize|p1|4\n|teamsize|p2|4\n|start\n|switch|p1a: Sableye|Sableye, L50, F|100/100\n|switch|p1b: Zacian|Zacian-Crowned, L50|100/100\n|switch|p2a: Indeedee|Indeedee-F, L50, F|100/100\n|switch|p2b: Calyrex|Calyrex-Ice, L50|100/100\n|-ability|p2b: Calyrex|As One\n|-ability|p2b: Calyrex|Unnerve\n|-ability|p1b: Zacian|Intrepid Sword|boost\n|-boost|p1b: Zacian|atk|1\n|-fieldstart|move: Psychic Terrain|[from] ability: Psychic Surge|[of] p2a: Indeedee\n|turn|1\n|\n|t:|1768062723\n|move|p2b: Calyrex|Protect|p2b: Calyrex\n|-singleturn|p2b: Calyrex|Protect\n|move|p1a: Sableye|Reflect|p1a: Sableye\n|-sidestart|p1: ManuelvgDios|Reflect\n|move|p1b: Zacian|Behemoth Blade|p2b: Calyrex\n|-activate|p2b: Calyrex|move: Protect\n|move|p2a: Indeedee|Trick Room|p2a: Indeedee\n|-fieldstart|move: Trick Room|[of] p2a: Indeedee\n|\n|upkeep\n|turn|2\n|j| Therazer456\n|inactive|ManuelvgDios has 30 seconds left.\n|\n|t:|1768062758\n|move|p2a: Indeedee|Follow Me|p2a: Indeedee\n|-singleturn|p2a: Indeedee|move: Follow Me\n|move|p1a: Sableye|Light Screen|p1a: Sableye\n|-sidestart|p1: ManuelvgDios|move: Light Screen\n|move|p2b: Calyrex|Leech Seed|p1b: Zacian\n|-start|p1b: Zacian|move: Leech Seed\n|move|p1b: Zacian|Behemoth Blade|p2a: Indeedee\n|-damage|p2a: Indeedee|19/100\n|-damage|p1b: Zacian|84/100|[from] item: Rocky Helmet|[of] p2a: Indeedee\n|\n|-damage|p1b: Zacian|72/100|[from] Leech Seed|[of] p2b: Calyrex\n|upkeep\n|turn|3\n|\n|t:|1768062782\n|switch|p1a: Groudon|Groudon, L50|100/100\n|-weather|SunnyDay|[from] ability: Drought|[of] p1a: Groudon\n|move|p2a: Indeedee|Follow Me|p2a: Indeedee\n|-singleturn|p2a: Indeedee|move: Follow Me\n|move|p2b: Calyrex|Glacial Lance|p1a: Groudon|[spread] p1a,p1b\n|-supereffective|p1a: Groudon\n|-resisted|p1b: Zacian\n|-damage|p1a: Groudon|56/100\n|-damage|p1b: Zacian|58/100\n|move|p1b: Zacian|Behemoth Blade|p2a: Indeedee\n|-damage|p2a: Indeedee|0 fnt\n|-damage|p1b: Zacian|42/100|[from] item: Rocky Helmet|[of] p2a: Indeedee\n|faint|p2a: Indeedee\n|\n|-weather|SunnyDay|[upkeep]\n|-damage|p1b: Zacian|30/100|[from] Leech Seed|[of] p2b: Calyrex\n|upkeep\n|\n|t:|1768062800\n|switch|p2a: Urshifu|Urshifu-Rapid-Strike, L50, F|100/100\n|turn|4\n|j| riyuezi\n|inactive|ManuelvgDios has 30 seconds left.\n|\n|t:|1768062832\n|move|p2b: Calyrex|Glacial Lance|p1b: Zacian|[spread] p1a,p1b\n|-supereffective|p1a: Groudon\n|-resisted|p1b: Zacian\n|-damage|p1a: Groudon|9/100\n|-damage|p1b: Zacian|15/100\n|move|p1a: Groudon|Precipice Blades|p2a: Urshifu|[spread] p2a,p2b\n|-crit|p2a: Urshifu\n|-damage|p2a: Urshifu|13/100\n|-damage|p2b: Calyrex|70/100\n|move|p2a: Urshifu|Close Combat|p1b: Zacian\n|-damage|p1b: Zacian|0 fnt\n|-unboost|p2a: Urshifu|def|1\n|-unboost|p2a: Urshifu|spd|1\n|faint|p1b: Zacian\n|\n|-weather|SunnyDay|[upkeep]\n|-heal|p2b: Calyrex|76/100|[from] item: Leftovers\n|upkeep\n|\n|t:|1768062847\n|switch|p1b: Walking Wake|Walking Wake, L50|100/100\n|-activate|p1b: Walking Wake|ability: Protosynthesis\n|-start|p1b: Walking Wake|protosynthesisspa\n|turn|5\n|\n|t:|1768062864\n|move|p1a: Groudon|Protect|p1a: Groudon\n|-singleturn|p1a: Groudon|Protect\n|move|p2b: Calyrex|Glacial Lance|p1b: Walking Wake|[spread] p1b\n|-activate|p1a: Groudon|move: Protect\n|-damage|p1b: Walking Wake|70/100\n|move|p1b: Walking Wake|Hydro Steam|p2a: Urshifu\n|-resisted|p2a: Urshifu\n|-damage|p2a: Urshifu|0 fnt\n|faint|p2a: Urshifu\n|\n|-weather|SunnyDay|[upkeep]\n|-heal|p2b: Calyrex|82/100|[from] item: Leftovers\n|-fieldend|move: Trick Room\n|-fieldend|move: Psychic Terrain\n|upkeep\n|\n|t:|1768062879\n|switch|p2a: Kyogre|Kyogre, L50|100/100\n|-weather|RainDance|[from] ability: Drizzle|[of] p2a: Kyogre\n|-end|p1b: Walking Wake|Protosynthesis\n|turn|6\n|\n|t:|1768062899\n|move|p2a: Kyogre|Water Spout|p1b: Walking Wake|[spread] p1a,p1b\n|-supereffective|p1a: Groudon\n|-resisted|p1b: Walking Wake\n|-damage|p1a: Groudon|0 fnt\n|-damage|p1b: Walking Wake|59/100\n|faint|p1a: Groudon\n|move|p1b: Walking Wake|Hydro Steam|p2b: Calyrex\n|-damage|p2b: Calyrex|48/100\n|move|p2b: Calyrex|Glacial Lance|p1b: Walking Wake\n|-damage|p1b: Walking Wake|16/100\n|\n|-weather|RainDance|[upkeep]\n|-heal|p2b: Calyrex|54/100|[from] item: Leftovers\n|upkeep\n|\n|t:|1768062914\n|switch|p1a: Sableye|Sableye, L50, F|100/100\n|turn|7\n|inactive|ManuelvgDios has 30 seconds left.\n|\n|t:|1768062939\n|move|p1a: Sableye|Gravity|p1a: Sableye\n|-fieldstart|move: Gravity\n|move|p2a: Kyogre|Water Spout|p1a: Sableye|[spread] p1a,p1b\n|-resisted|p1b: Walking Wake\n|-damage|p1a: Sableye|19/100\n|-damage|p1b: Walking Wake|4/100\n|move|p1b: Walking Wake|Draco Meteor|p2b: Calyrex\n|-damage|p2b: Calyrex|15/100\n|-unboost|p1b: Walking Wake|spa|2\n|move|p2b: Calyrex|Leech Seed|p1b: Walking Wake\n|-start|p1b: Walking Wake|move: Leech Seed\n|\n|-weather|RainDance|[upkeep]\n|-heal|p2b: Calyrex|20/100|[from] item: Leftovers\n|-damage|p1b: Walking Wake|0 fnt|[from] Leech Seed|[of] p2b: Calyrex\n|-heal|p2b: Calyrex|24/100|[silent]\n|faint|p1b: Walking Wake\n|-end|p1b: Walking Wake|Protosynthesis|[silent]\n|upkeep\n|turn|8\n|-message|ManuelvgDios forfeited.\n|\n|win|kojimuranishi\n|raw|ManuelvgDios's rating: 1244 &rarr; <strong>1231</strong><br />(-13 for losing)\n|raw|kojimuranishi's rating: 1428 &rarr; <strong>1438</strong><br />(+10 for winning)\n|l|\u2606ManuelvgDios\n|player|p1|\n|l|\u2606kojimuranishi\n|player|p2|\n|l| Therazer456\n","uploadtime":1768063107,"views":17,"formatid":"gen9vgc2026regi","rating":1231,"private":0,"password":null}