{"id":"gen9vgc2026regi-2527219497","format":"[Gen 9] VGC 2026 Reg I","players":["Dearp","Fogdocker"],"log":"|j|\u2606Dearp\n|j|\u2606Fogdocker\n|t:|1769515193\n|gametype|doubles\n|player|p1|Dearp|266|1205\n|player|p2|Fogdocker|101|1331\n|gen|9\n|tier|[Gen 9] VGC 2026 Reg I\n|rated|\n|rule|Species Clause: Limit one of each Pok\u00e9mon\n|rule|Item Clause: Limit 1 of each item\n|clearpoke\n|poke|p1|Volcarona, L50, M|\n|poke|p1|Sinistcha, L50|\n|poke|p1|Sneasler, L50, F|\n|poke|p1|Annihilape, L50, F|\n|poke|p1|Calyrex-Ice, L50|\n|poke|p1|Miraidon, L50|\n|poke|p2|Calyrex-Ice, L50|\n|poke|p2|Koraidon, L50|\n|poke|p2|Flutter Mane, L50|\n|poke|p2|Incineroar, L50, F|\n|poke|p2|Rillaboom, L50, M|\n|poke|p2|Amoonguss, L50, F|\n|teampreview|4\n|\n|t:|1769515208\n|teamsize|p1|4\n|teamsize|p2|4\n|start\n|switch|p1a: Mothballs|Volcarona, L50, M|100/100\n|switch|p1b: The Don|Miraidon, L50, shiny|100/100\n|switch|p2a: Koraidon|Koraidon, L50|100/100\n|switch|p2b: Flutter Mane|Flutter Mane, L50|100/100\n|-fieldstart|move: Electric Terrain|[from] ability: Hadron Engine|[of] p1b: The Don\n|-weather|SunnyDay|[from] ability: Orichalcum Pulse|[of] p2a: Koraidon\n|-activate|p2b: Flutter Mane|ability: Protosynthesis\n|-start|p2b: Flutter Mane|protosynthesisspe\n|-activate|p2a: Koraidon|Orichalcum Pulse|[source]\n|turn|1\n|\n|t:|1769515227\n|move|p1b: The Don|Protect|p1b: The Don\n|-singleturn|p1b: The Don|Protect\n|move|p2b: Flutter Mane|Moonblast|p1b: The Don\n|-activate|p1b: The Don|move: Protect\n|move|p2a: Koraidon|Flame Charge|p1a: Mothballs\n|-damage|p1a: Mothballs|45/100\n|-boost|p2a: Koraidon|spe|1\n|-damage|p2a: Koraidon|91/100|[from] item: Life Orb\n|move|p1a: Mothballs|Tailwind|p1a: Mothballs\n|-sidestart|p1: Dearp|move: Tailwind\n|\n|-weather|SunnyDay|[upkeep]\n|upkeep\n|turn|2\n|\n|t:|1769515252\n|-terastallize|p1b: The Don|Normal\n|move|p2a: Koraidon|Protect|p2a: Koraidon\n|-singleturn|p2a: Koraidon|Protect\n|move|p1b: The Don|Draco Meteor|p2a: Koraidon\n|-activate|p2a: Koraidon|move: Protect\n|move|p2b: Flutter Mane|Moonblast|p1b: The Don\n|-damage|p1b: The Don|54/100\n|move|p1a: Mothballs|Fiery Dance|p2b: Flutter Mane\n|-damage|p2b: Flutter Mane|37/100\n|\n|-weather|SunnyDay|[upkeep]\n|upkeep\n|turn|3\n|\n|t:|1769515284\n|switch|p2a: Rillaboom|Rillaboom, L50, M|100/100\n|-fieldstart|move: Grassy Terrain|[from] ability: Grassy Surge|[of] p2a: Rillaboom\n|move|p1b: The Don|Draco Meteor|p2a: Rillaboom\n|-damage|p2a: Rillaboom|49/100\n|-unboost|p1b: The Don|spa|2\n|-damage|p1b: The Don|44/100|[from] item: Life Orb\n|move|p2b: Flutter Mane|Shadow Ball|p1a: Mothballs\n|-damage|p1a: Mothballs|9/100\n|move|p1a: Mothballs|Fiery Dance|p2b: Flutter Mane\n|-damage|p2b: Flutter Mane|0 fnt\n|faint|p2b: Flutter Mane\n|-end|p2b: Flutter Mane|Protosynthesis|[silent]\n|\n|-weather|SunnyDay|[upkeep]\n|-heal|p1b: The Don|50/100|[from] Grassy Terrain\n|-heal|p1a: Mothballs|15/100|[from] Grassy Terrain\n|-heal|p2a: Rillaboom|55/100|[from] Grassy Terrain\n|upkeep\n|\n|t:|1769515302\n|switch|p2b: Calyrex|Calyrex-Ice, L50|100/100\n|-ability|p2b: Calyrex|As One\n|-ability|p2b: Calyrex|Unnerve\n|turn|4\n|\n|t:|1769515311\n|switch|p1b: Prince|Calyrex-Ice, L50|100/100\n|-ability|p1b: Prince|As One\n|-ability|p1b: Prince|Unnerve\n|move|p2a: Rillaboom|Fake Out|p1a: Mothballs\n|-damage|p1a: Mothballs|1/100\n|-status|p2a: Rillaboom|brn|[from] ability: Flame Body|[of] p1a: Mothballs\n|move|p1a: Mothballs|Fiery Dance|p2a: Rillaboom\n|-supereffective|p2a: Rillaboom\n|-damage|p2a: Rillaboom|0 fnt\n|faint|p2a: Rillaboom\n|move|p2b: Calyrex|Glacial Lance|p1b: Prince|[spread] p1a,p1b\n|-resisted|p1a: Mothballs\n|-resisted|p1b: Prince\n|-damage|p1a: Mothballs|0 fnt\n|-damage|p1b: Prince|86/100\n|faint|p1a: Mothballs\n|-ability|p2b: Calyrex|Chilling Neigh|boost\n|-boost|p2b: Calyrex|atk|1\n|\n|-weather|SunnyDay|[upkeep]\n|-heal|p1b: Prince|92/100|[from] Grassy Terrain\n|-sideend|p1: Dearp|move: Tailwind\n|upkeep\n|\n|t:|1769515346\n|switch|p1a: Sneasler|Sneasler, L50, F|100/100\n|switch|p2a: Koraidon|Koraidon, L50|91/100\n|-activate|p2a: Koraidon|ability: Orichalcum Pulse\n|turn|5\n|\n|t:|1769515372\n|move|p2a: Koraidon|Protect|p2a: Koraidon\n|-singleturn|p2a: Koraidon|Protect\n|move|p1a: Sneasler|Fake Out|p2b: Calyrex\n|-damage|p2b: Calyrex|92/100\n|move|p1b: Prince|Crunch|p2b: Calyrex\n|-supereffective|p2b: Calyrex\n|-damage|p2b: Calyrex|58/100\n|-unboost|p2b: Calyrex|def|1\n|cant|p2b: Calyrex|flinch\n|\n|-weather|none\n|-heal|p2a: Koraidon|96/100|[from] Grassy Terrain\n|-heal|p1b: Prince|98/100|[from] Grassy Terrain\n|-heal|p2b: Calyrex|63/100|[from] Grassy Terrain\n|-heal|p2b: Calyrex|69/100|[from] item: Leftovers\n|upkeep\n|turn|6\n|\n|t:|1769515398\n|move|p2a: Koraidon|Flare Blitz|p1b: Prince\n|-supereffective|p1b: Prince\n|-damage|p1b: Prince|25/100\n|-damage|p2a: Koraidon|69/100|[from] Recoil\n|-damage|p2a: Koraidon|59/100|[from] item: Life Orb\n|move|p1a: Sneasler|Throat Chop|p2b: Calyrex\n|-supereffective|p2b: Calyrex\n|-damage|p2b: Calyrex|23/100\n|-start|p2b: Calyrex|Throat Chop|[silent]\n|move|p1b: Prince|Glacial Lance|p2b: Calyrex|[spread] p2a,p2b\n|-supereffective|p2a: Koraidon\n|-resisted|p2b: Calyrex\n|-damage|p2a: Koraidon|0 fnt\n|-damage|p2b: Calyrex|0 fnt\n|faint|p2a: Koraidon\n|faint|p2b: Calyrex\n|\n|win|Dearp\n|raw|Dearp's rating: 1205 &rarr; <strong>1239</strong><br />(+34 for winning)\n|raw|Fogdocker's rating: 1331 &rarr; <strong>1304</strong><br />(-27 for losing)\n|l|\u2606Fogdocker\n|player|p2|\n|l|\u2606Dearp\n|player|p1|\n","uploadtime":1769515547,"views":11,"formatid":"gen9vgc2026regi","rating":1239,"private":0,"password":null}