{"id":"gen9vgc2026regi-2564614097","format":"[Gen 9] VGC 2026 Reg I","players":["dasabe\u76d6\u6b27\u5361\u4fa0","kilothegreat"],"log":"|j|\u2606dasabe\u76d6\u6b27\u5361\u4fa0\n|j|\u2606kilothegreat\n|t:|1774174912\n|gametype|doubles\n|player|p1|dasabe\u76d6\u6b27\u5361\u4fa0|may-masters4|1428\n|player|p2|kilothegreat|102|1553\n|gen|9\n|tier|[Gen 9] VGC 2026 Reg I\n|rated|\n|rule|Species Clause: Limit one of each Pok\u00e9mon\n|rule|Item Clause: Limit 1 of each item\n|clearpoke\n|poke|p1|Zacian-*, L50|\n|poke|p1|Koraidon, L50|\n|poke|p1|Rillaboom, L50, F|\n|poke|p1|Chien-Pao, L50|\n|poke|p1|Tornadus, L50, M|\n|poke|p1|Walking Wake, L50|\n|poke|p2|Miraidon, L50|\n|poke|p2|Calyrex-Ice, L50|\n|poke|p2|Incineroar, L50, M|\n|poke|p2|Amoonguss, L50, F|\n|poke|p2|Landorus, L50, M|\n|poke|p2|Urshifu-*, L50, F|\n|teampreview|4\n|\n|t:|1774174953\n|teamsize|p1|4\n|teamsize|p2|4\n|start\n|switch|p1a: \u6545\u5927\u5305\u52d2|Koraidon, L50|100/100\n|switch|p1b: \u5927\u6ce2\u597d\u8d62\u8361|Walking Wake, L50|100/100\n|switch|p2a: Miraidon|Miraidon, L50|100/100\n|switch|p2b: Incineroar|Incineroar, L50, M|100/100\n|-fieldstart|move: Electric Terrain|[from] ability: Hadron Engine|[of] p2a: Miraidon\n|-weather|SunnyDay|[from] ability: Orichalcum Pulse|[of] p1a: \u6545\u5927\u5305\u52d2\n|-activate|p1b: \u5927\u6ce2\u597d\u8d62\u8361|ability: Protosynthesis\n|-start|p1b: \u5927\u6ce2\u597d\u8d62\u8361|protosynthesisspe\n|-activate|p1a: \u6545\u5927\u5305\u52d2|Orichalcum Pulse|[source]\n|-ability|p2b: Incineroar|Intimidate|boost\n|-fail|p1a: \u6545\u5927\u5305\u52d2|unboost|[from] item: Clear Amulet|[of] p1a: \u6545\u5927\u5305\u52d2\n|-unboost|p1b: \u5927\u6ce2\u597d\u8d62\u8361|atk|1\n|turn|1\n|\n|t:|1774174965\n|move|p1b: \u5927\u6ce2\u597d\u8d62\u8361|Protect|p1b: \u5927\u6ce2\u597d\u8d62\u8361\n|-singleturn|p1b: \u5927\u6ce2\u597d\u8d62\u8361|Protect\n|move|p1a: \u6545\u5927\u5305\u52d2|Protect|p1a: \u6545\u5927\u5305\u52d2\n|-singleturn|p1a: \u6545\u5927\u5305\u52d2|Protect\n|move|p2b: Incineroar|Fake Out|p1a: \u6545\u5927\u5305\u52d2\n|-activate|p1a: \u6545\u5927\u5305\u52d2|move: Protect\n|move|p2a: Miraidon|Draco Meteor|p1b: \u5927\u6ce2\u597d\u8d62\u8361\n|-activate|p1b: \u5927\u6ce2\u597d\u8d62\u8361|move: Protect\n|\n|-weather|SunnyDay|[upkeep]\n|upkeep\n|turn|2\n|\n|t:|1774174978\n|-end|p1b: \u5927\u6ce2\u597d\u8d62\u8361|Protosynthesis|[silent]\n|switch|p1b: \u9a82\u8c01\u542b\u5251|Zacian-Crowned, L50|100/100\n|-ability|p1b: \u9a82\u8c01\u542b\u5251|Intrepid Sword|boost\n|-boost|p1b: \u9a82\u8c01\u542b\u5251|atk|1\n|switch|p2b: Calyrex|Calyrex-Ice, L50|100/100\n|-ability|p2b: Calyrex|As One\n|-ability|p2b: Calyrex|Unnerve\n|-terastallize|p1a: \u6545\u5927\u5305\u52d2|Fire\n|move|p2a: Miraidon|Draco Meteor|p1b: \u9a82\u8c01\u542b\u5251\n|-immune|p1b: \u9a82\u8c01\u542b\u5251\n|move|p1a: \u6545\u5927\u5305\u52d2|Collision Course|p2b: Calyrex\n|-damage|p2b: Calyrex|57/100\n|\n|-weather|SunnyDay|[upkeep]\n|-heal|p2b: Calyrex|62/100|[from] item: Leftovers\n|upkeep\n|turn|3\n|\n|t:|1774174993\n|switch|p2b: Incineroar|Incineroar, L50, M|100/100\n|-ability|p2b: Incineroar|Intimidate|boost\n|-fail|p1a: \u6545\u5927\u5305\u52d2|unboost|[from] item: Clear Amulet|[of] p1a: \u6545\u5927\u5305\u52d2\n|-unboost|p1b: \u9a82\u8c01\u542b\u5251|atk|1\n|move|p2a: Miraidon|Draco Meteor|p1a: \u6545\u5927\u5305\u52d2\n|-damage|p1a: \u6545\u5927\u5305\u52d2|31/100\n|-unboost|p2a: Miraidon|spa|2\n|move|p1b: \u9a82\u8c01\u542b\u5251|Swords Dance|p1b: \u9a82\u8c01\u542b\u5251\n|-boost|p1b: \u9a82\u8c01\u542b\u5251|atk|2\n|move|p1a: \u6545\u5927\u5305\u52d2|Collision Course|p2a: Miraidon\n|-damage|p2a: Miraidon|36/100\n|\n|-weather|SunnyDay|[upkeep]\n|upkeep\n|turn|4\n|\n|t:|1774175002\n|switch|p2a: Calyrex|Calyrex-Ice, L50|62/100\n|-ability|p2a: Calyrex|As One\n|-ability|p2a: Calyrex|Unnerve\n|switch|p2b: Landorus|Landorus, L50, M|100/100\n|move|p1b: \u9a82\u8c01\u542b\u5251|Protect|p1b: \u9a82\u8c01\u542b\u5251\n|-singleturn|p1b: \u9a82\u8c01\u542b\u5251|Protect\n|move|p1a: \u6545\u5927\u5305\u52d2|Protect||[still]\n|-fail|p1a: \u6545\u5927\u5305\u52d2\n|\n|-weather|SunnyDay|[upkeep]\n|-heal|p2a: Calyrex|68/100|[from] item: Leftovers\n|upkeep\n|turn|5\n|\n|t:|1774175019\n|switch|p2a: Incineroar|Incineroar, L50, M|100/100\n|-ability|p2a: Incineroar|Intimidate|boost\n|-fail|p1a: \u6545\u5927\u5305\u52d2|unboost|[from] item: Clear Amulet|[of] p1a: \u6545\u5927\u5305\u52d2\n|-unboost|p1b: \u9a82\u8c01\u542b\u5251|atk|1\n|-terastallize|p2b: Landorus|Water\n|move|p1b: \u9a82\u8c01\u542b\u5251|Behemoth Blade|p2b: Landorus\n|-resisted|p2b: Landorus\n|-crit|p2b: Landorus\n|-damage|p2b: Landorus|33/100\n|move|p1a: \u6545\u5927\u5305\u52d2|Flame Charge|p2b: Landorus\n|-resisted|p2b: Landorus\n|-damage|p2b: Landorus|0 fnt\n|-boost|p1a: \u6545\u5927\u5305\u52d2|spe|1\n|faint|p2b: Landorus\n|\n|-weather|none\n|-fieldend|move: Electric Terrain\n|upkeep\n|\n|t:|1774175031\n|switch|p2b: Calyrex|Calyrex-Ice, L50|68/100\n|-ability|p2b: Calyrex|As One\n|-ability|p2b: Calyrex|Unnerve\n|turn|6\n|\n|t:|1774175036\n|switch|p1a: \u829d\u58eb\u96ea\u8c79|Chien-Pao, L50|100/100\n|-ability|p1a: \u829d\u58eb\u96ea\u8c79|Sword of Ruin\n|move|p2a: Incineroar|Fake Out|p1b: \u9a82\u8c01\u542b\u5251\n|-resisted|p1b: \u9a82\u8c01\u542b\u5251\n|-damage|p1b: \u9a82\u8c01\u542b\u5251|93/100\n|cant|p1b: \u9a82\u8c01\u542b\u5251|flinch\n|move|p2b: Calyrex|Trick Room|p2b: Calyrex\n|-fieldstart|move: Trick Room|[of] p2b: Calyrex\n|\n|-heal|p2b: Calyrex|74/100|[from] item: Leftovers\n|upkeep\n|turn|7\n|\n|t:|1774175058\n|move|p2b: Calyrex|Protect|p2b: Calyrex\n|-singleturn|p2b: Calyrex|Protect\n|move|p1a: \u829d\u58eb\u96ea\u8c79|Sucker Punch||[still]\n|-fail|p1a: \u829d\u58eb\u96ea\u8c79\n|move|p2a: Incineroar|U-turn|p1a: \u829d\u58eb\u96ea\u8c79\n|-supereffective|p1a: \u829d\u58eb\u96ea\u8c79\n|-damage|p1a: \u829d\u58eb\u96ea\u8c79|42/100\n|\n|t:|1774175064\n|switch|p2a: Miraidon|Miraidon, L50|36/100|[from] U-turn\n|-fieldstart|move: Electric Terrain|[from] ability: Hadron Engine|[of] p2a: Miraidon\n|move|p1b: \u9a82\u8c01\u542b\u5251|Behemoth Blade|p2b: Calyrex\n|-activate|p2b: Calyrex|move: Protect\n|\n|-heal|p2b: Calyrex|80/100|[from] item: Leftovers\n|upkeep\n|turn|8\n|\n|t:|1774175077\n|switch|p2b: Incineroar|Incineroar, L50, M|100/100\n|-ability|p2b: Incineroar|Intimidate|boost\n|-unboost|p1a: \u829d\u58eb\u96ea\u8c79|atk|1\n|-unboost|p1b: \u9a82\u8c01\u542b\u5251|atk|1\n|move|p1a: \u829d\u58eb\u96ea\u8c79|Ice Spinner|p2a: Miraidon\n|-supereffective|p2a: Miraidon\n|-damage|p2a: Miraidon|0 fnt\n|-fieldend|move: Electric Terrain\n|faint|p2a: Miraidon\n|move|p1b: \u9a82\u8c01\u542b\u5251|Behemoth Blade|p2b: Incineroar\n|-resisted|p2b: Incineroar\n|-damage|p2b: Incineroar|64/100\n|\n|upkeep\n|\n|t:|1774175083\n|switch|p2a: Calyrex|Calyrex-Ice, L50|80/100\n|-ability|p2a: Calyrex|As One\n|-ability|p2a: Calyrex|Unnerve\n|turn|9\n|\n|t:|1774175091\n|move|p1a: \u829d\u58eb\u96ea\u8c79|Protect|p1a: \u829d\u58eb\u96ea\u8c79\n|-singleturn|p1a: \u829d\u58eb\u96ea\u8c79|Protect\n|move|p1b: \u9a82\u8c01\u542b\u5251|Protect|p1b: \u9a82\u8c01\u542b\u5251\n|-singleturn|p1b: \u9a82\u8c01\u542b\u5251|Protect\n|move|p2a: Calyrex|Leech Seed|p1b: \u9a82\u8c01\u542b\u5251\n|-activate|p1b: \u9a82\u8c01\u542b\u5251|move: Protect\n|move|p2b: Incineroar|Flare Blitz|p1a: \u829d\u58eb\u96ea\u8c79\n|-activate|p1a: \u829d\u58eb\u96ea\u8c79|move: Protect\n|\n|-heal|p2a: Calyrex|86/100|[from] item: Leftovers\n|upkeep\n|turn|10\n|\n|t:|1774175100\n|move|p2a: Calyrex|Leech Seed|p1b: \u9a82\u8c01\u542b\u5251|[miss]\n|-miss|p2a: Calyrex|p1b: \u9a82\u8c01\u542b\u5251\n|move|p2b: Incineroar|Flare Blitz|p1a: \u829d\u58eb\u96ea\u8c79\n|-supereffective|p1a: \u829d\u58eb\u96ea\u8c79\n|-damage|p1a: \u829d\u58eb\u96ea\u8c79|0 fnt\n|faint|p1a: \u829d\u58eb\u96ea\u8c79\n|-damage|p2b: Incineroar|53/100|[from] Recoil\n|move|p1b: \u9a82\u8c01\u542b\u5251|Swords Dance|p1b: \u9a82\u8c01\u542b\u5251\n|-boost|p1b: \u9a82\u8c01\u542b\u5251|atk|2\n|\n|-heal|p2a: Calyrex|91/100|[from] item: Leftovers\n|-fieldend|move: Trick Room\n|upkeep\n|\n|t:|1774175105\n|switch|p1a: \u5927\u6ce2\u597d\u8d62\u8361|Walking Wake, L50|100/100\n|turn|11\n|-message|kilothegreat forfeited.\n|\n|win|dasabe\u76d6\u6b27\u5361\u4fa0\n|raw|dasabe\u76d6\u6b27\u5361\u4fa0's rating: 1428 &rarr; <strong>1455</strong><br />(+27 for winning)\n|raw|kilothegreat's rating: 1553 &rarr; <strong>1526</strong><br />(-27 for losing)\n|l|\u2606kilothegreat\n|player|p2|\n|l|\u2606dasabe\u76d6\u6b27\u5361\u4fa0\n|player|p1|\n","uploadtime":1774175259,"views":12,"formatid":"gen9vgc2026regi","rating":1455,"private":0,"password":null}