{"id":"gen9vgc2026regi-2573285639","format":"[Gen 9] VGC 2026 Reg I","players":["bruhpedia","vestige666"],"log":"|j|\u2606bruhpedia\n|j|\u2606vestige666\n|t:|1775115444\n|gametype|doubles\n|player|p1|bruhpedia|veteran|1289\n|player|p2|vestige666|blackbelt-gen4dp|1248\n|gen|9\n|tier|[Gen 9] VGC 2026 Reg I\n|rated|\n|rule|Species Clause: Limit one of each Pok\u00e9mon\n|rule|Item Clause: Limit 1 of each item\n|clearpoke\n|poke|p1|Calyrex-Ice, L50|\n|poke|p1|Miraidon, L50|\n|poke|p1|Ursaluna, L50, M|\n|poke|p1|Dusclops, L50, F|\n|poke|p1|Incineroar, L50, F|\n|poke|p1|Mienshao, L50, F|\n|poke|p2|Rayquaza, L50|\n|poke|p2|Calyrex-Shadow, L50|\n|poke|p2|Tornadus, L50, M|\n|poke|p2|Smeargle, L50, M|\n|poke|p2|Urshifu-*, L50, F|\n|poke|p2|Clefairy, L50, M|\n|teampreview|4\nvestige666 has agreed to open team sheets.\n|\n|t:|1775115478\n|teamsize|p1|4\n|teamsize|p2|4\n|start\n|switch|p1a: Dusclops|Dusclops, L50, F|100/100\n|switch|p1b: Miraidon|Miraidon, L50|100/100\n|switch|p2a: Nerissa|Calyrex-Shadow, L50|100/100\n|switch|p2b: Gigi|Smeargle, L50, M|100/100\n|-ability|p2a: Nerissa|As One\n|-ability|p2a: Nerissa|Unnerve\n|-fieldstart|move: Electric Terrain|[from] ability: Hadron Engine|[of] p1b: Miraidon\n|-item|p2a: Nerissa|Life Orb|[from] ability: Frisk|[of] p1a: Dusclops\n|-item|p2b: Gigi|Focus Sash|[from] ability: Frisk|[of] p1a: Dusclops\n|turn|1\n|l|\u2606bruhpedia\n|player|p1|\n|j|\u2606bruhpedia\n|player|p1|bruhpedia|veteran|\n|\n|t:|1775115514\n|switch|p1b: Ursaluna|Ursaluna, L50, M|100/100\n|-terastallize|p1a: Dusclops|Dark\n|move|p2b: Gigi|Fake Out|p1b: Ursaluna\n|-damage|p1b: Ursaluna|97/100\n|move|p2a: Nerissa|Nasty Plot|p2a: Nerissa\n|-boost|p2a: Nerissa|spa|2\n|move|p1a: Dusclops|Trick Room|p1a: Dusclops\n|-fieldstart|move: Trick Room|[of] p1a: Dusclops\n|\n|-status|p1b: Ursaluna|brn|[from] item: Flame Orb\n|-ability|p2b: Gigi|Moody|boost\n|-boost|p2b: Gigi|spd|2\n|-unboost|p2b: Gigi|spa|1\n|upkeep\n|turn|2\n|\n|t:|1775115538\n|switch|p2b: Biboo|Clefairy, L50, M|100/100\n|move|p2a: Nerissa|Protect|p2a: Nerissa\n|-singleturn|p2a: Nerissa|Protect\n|move|p1a: Dusclops|Pain Split|p2a: Nerissa\n|-activate|p2a: Nerissa|move: Protect\n|move|p1b: Ursaluna|Facade|p2a: Nerissa\n|-activate|p2a: Nerissa|move: Protect\n|\n|-damage|p1b: Ursaluna|91/100 brn|[from] brn\n|upkeep\n|turn|3\n|\n|t:|1775115558\n|move|p2b: Biboo|Follow Me|p2b: Biboo\n|-singleturn|p2b: Biboo|move: Follow Me\n|move|p1a: Dusclops|Night Shade|p2b: Biboo\n|-damage|p2b: Biboo|72/100\n|move|p1b: Ursaluna|Facade|p2b: Biboo\n|-damage|p2b: Biboo|0 fnt\n|faint|p2b: Biboo\n|move|p2a: Nerissa|Psychic|p1b: Ursaluna\n|-damage|p1b: Ursaluna|0 fnt\n|faint|p1b: Ursaluna\n|-ability|p2a: Nerissa|Grim Neigh|boost\n|-boost|p2a: Nerissa|spa|1\n|-damage|p2a: Nerissa|91/100|[from] item: Life Orb\n|\n|upkeep\n|\n|t:|1775115571\n|switch|p2b: Gigi|Smeargle, L50, M|100/100\n|switch|p1b: Calyrex|Calyrex-Ice, L50|100/100\n|-ability|p1b: Calyrex|As One\n|-ability|p1b: Calyrex|Unnerve\n|turn|4\n|\n|t:|1775115588\n|move|p1b: Calyrex|Protect|p1b: Calyrex\n|-singleturn|p1b: Calyrex|Protect\n|move|p2b: Gigi|Fake Out|p1b: Calyrex\n|-activate|p1b: Calyrex|move: Protect\n|move|p1a: Dusclops|Night Shade|p2a: Nerissa\n|-damage|p2a: Nerissa|62/100\n|move|p2a: Nerissa|Astral Barrage|p1a: Dusclops|[spread] p1a\n|-activate|p1b: Calyrex|move: Protect\n|-resisted|p1a: Dusclops\n|-damage|p1a: Dusclops|40/100\n|-damage|p2a: Nerissa|52/100|[from] item: Life Orb\n|\n|-ability|p2b: Gigi|Moody|boost\n|-boost|p2b: Gigi|def|2\n|-unboost|p2b: Gigi|spa|1\n|upkeep\n|turn|5\n|\n|t:|1775115612\n|move|p2a: Nerissa|Protect|p2a: Nerissa\n|-singleturn|p2a: Nerissa|Protect\n|move|p1a: Dusclops|Pain Split|p2b: Gigi\n|-sethp|p2b: Gigi|68/100|[from] move: Pain Split|[silent]\n|-sethp|p1a: Dusclops|77/100|[from] move: Pain Split\n|move|p1b: Calyrex|Glacial Lance|p2a: Nerissa|[spread] p2b\n|-activate|p2a: Nerissa|move: Protect\n|-damage|p2b: Gigi|20/100\n|move|p2b: Gigi|Spore|p1b: Calyrex\n|-activate|p1b: Calyrex|move: Electric Terrain\n|\n|-fieldend|move: Trick Room\n|-fieldend|move: Electric Terrain\n|-ability|p2b: Gigi|Moody|boost\n|-boost|p2b: Gigi|atk|2\n|-unboost|p2b: Gigi|spe|1\n|upkeep\n|turn|6\n|\n|t:|1775115644\n|switch|p1b: Miraidon|Miraidon, L50|100/100\n|-fieldstart|move: Electric Terrain|[from] ability: Hadron Engine|[of] p1b: Miraidon\n|move|p2a: Nerissa|Astral Barrage|p1b: Miraidon|[spread] p1a,p1b\n|-resisted|p1a: Dusclops\n|-damage|p1a: Dusclops|16/100\n|-damage|p1b: Miraidon|0 fnt\n|faint|p1b: Miraidon\n|-ability|p2a: Nerissa|Grim Neigh|boost\n|-boost|p2a: Nerissa|spa|1\n|-damage|p2a: Nerissa|43/100|[from] item: Life Orb\n|move|p2b: Gigi|Spore|p1a: Dusclops\n|-activate|p1a: Dusclops|move: Electric Terrain\n|move|p1a: Dusclops|Trick Room|p1a: Dusclops\n|-fieldstart|move: Trick Room|[of] p1a: Dusclops\n|\n|-ability|p2b: Gigi|Moody|boost\n|-boost|p2b: Gigi|spa|2\n|-unboost|p2b: Gigi|atk|1\n|upkeep\n|\n|t:|1775115647\n|switch|p1b: Calyrex|Calyrex-Ice, L50|100/100\n|-ability|p1b: Calyrex|As One\n|-ability|p1b: Calyrex|Unnerve\n|turn|7\n|l|\u2606bruhpedia\n|player|p1|\n|j|\u2606bruhpedia\n|player|p1|bruhpedia|veteran|\n|\n|t:|1775115698\n|switch|p2b: Kronii|Urshifu-Rapid-Strike, L50, F|100/100\n|move|p2a: Nerissa|Protect|p2a: Nerissa\n|-singleturn|p2a: Nerissa|Protect\n|move|p1a: Dusclops|Pain Split|p2a: Nerissa\n|-activate|p2a: Nerissa|move: Protect\n|move|p1b: Calyrex|Glacial Lance|p2a: Nerissa|[spread] p2b\n|-activate|p2a: Nerissa|move: Protect\n|-resisted|p2b: Kronii\n|-damage|p2b: Kronii|75/100\n|\n|upkeep\n|turn|8\n|l|\u2606bruhpedia\n|player|p1|\n|j|\u2606bruhpedia\n|player|p1|bruhpedia|veteran|\n|l|\u2606bruhpedia\n|player|p1|\n|\n|t:|1775115746\n|-terastallize|p2b: Kronii|Water\n|move|p1a: Dusclops|Pain Split|p2b: Kronii\n|-sethp|p2b: Kronii|43/100|[from] move: Pain Split|[silent]\n|-sethp|p1a: Dusclops|65/100|[from] move: Pain Split\n|move|p1b: Calyrex|Glacial Lance|p2a: Nerissa|[spread] p2a,p2b\n|-resisted|p2b: Kronii\n|-damage|p2a: Nerissa|0 fnt\n|-damage|p2b: Kronii|18/100\n|faint|p2a: Nerissa\n|-ability|p1b: Calyrex|Chilling Neigh|boost\n|-boost|p1b: Calyrex|atk|1\n|move|p2b: Kronii|Surging Strikes|p1b: Calyrex\n|-crit|p1b: Calyrex\n|-damage|p1b: Calyrex|86/100\n|-crit|p1b: Calyrex\n|-damage|p1b: Calyrex|71/100\n|-crit|p1b: Calyrex\n|-damage|p1b: Calyrex|57/100\n|-hitcount|p1b: Calyrex|3\n|\n|upkeep\n|j|\u2606bruhpedia\n|player|p1|bruhpedia|veteran|\n|\n|t:|1775115762\n|switch|p2a: Gigi|Smeargle, L50, M|20/100\n|turn|9\n|\n|t:|1775115774\n|move|p2a: Gigi|Fake Out|p1a: Dusclops\n|-damage|p1a: Dusclops|60/100\n|cant|p1a: Dusclops|flinch\n|move|p1b: Calyrex|Glacial Lance|p2a: Gigi|[spread] p2a,p2b\n|-crit|p2a: Gigi\n|-resisted|p2b: Kronii\n|-damage|p2a: Gigi|0 fnt\n|-damage|p2b: Kronii|0 fnt\n|faint|p2a: Gigi\n|faint|p2b: Kronii\n|\n|win|bruhpedia\n|raw|bruhpedia's rating: 1289 &rarr; <strong>1311</strong><br />(+22 for winning)\n|raw|vestige666's rating: 1248 &rarr; <strong>1226</strong><br />(-22 for losing)\n|c|\u2606bruhpedia|Gg\n|c|\u2606bruhpedia|Wp\n","uploadtime":1775115795,"views":11,"formatid":"gen9vgc2026regi","rating":1226,"private":0,"password":null}