{"id":"gen9vgc2026regi-2565537673","format":"[Gen 9] VGC 2026 Reg I","players":["testhan92","lozraff"],"log":"|j|\u2606testhan92\n|j|\u2606lozraff\n|t:|1774283520\n|gametype|doubles\n|player|p1|testhan92|2|1372\n|player|p2|lozraff|170|1406\n|gen|9\n|tier|[Gen 9] VGC 2026 Reg I\n|rated|\n|rule|Species Clause: Limit one of each Pok\u00e9mon\n|rule|Item Clause: Limit 1 of each item\n|clearpoke\n|poke|p1|Lunala, L50|\n|poke|p1|Incineroar, L50, F|\n|poke|p1|Amoonguss, L50, F|\n|poke|p1|Ursaluna, L50, F|\n|poke|p1|Flutter Mane, L50|\n|poke|p1|Koraidon, L50|\n|poke|p2|Eternatus, L50|\n|poke|p2|Urshifu-*, L50, M|\n|poke|p2|Dragonite, L50, F|\n|poke|p2|Incineroar, L50, F|\n|poke|p2|Grimmsnarl, L50, M|\n|poke|p2|Groudon, L50|\n|teampreview|4\n|inactive|Battle timer is ON: inactive players will automatically lose when time's up. (requested by lozraff)\n|inactive|testhan92 has 60 seconds left.\n|\n|t:|1774283564\n|teamsize|p1|4\n|teamsize|p2|4\n|start\n|switch|p1a: Flutter Mane|Flutter Mane, L50|100/100\n|switch|p1b: Koraidon|Koraidon, L50|100/100\n|switch|p2a: Grimmsnarl|Grimmsnarl, L50, M|100/100\n|switch|p2b: Eternatus|Eternatus, L50|100/100\n|-weather|SunnyDay|[from] ability: Orichalcum Pulse|[of] p1b: Koraidon\n|-activate|p1a: Flutter Mane|ability: Protosynthesis\n|-start|p1a: Flutter Mane|protosynthesisspe\n|-activate|p1b: Koraidon|Orichalcum Pulse|[source]\n|-ability|p2b: Eternatus|Pressure\n|turn|1\n|inactive|lozraff has 30 seconds left.\n|inactive|lozraff has 20 seconds left.\n|inactive|lozraff has 15 seconds left.\n|inactive|lozraff has 10 seconds left.\n|\n|t:|1774283611\n|-terastallize|p1b: Koraidon|Fire\n|move|p2a: Grimmsnarl|Light Screen|p2a: Grimmsnarl\n|-sidestart|p2: lozraff|move: Light Screen\n|move|p1a: Flutter Mane|Moonblast|p2a: Grimmsnarl\n|-supereffective|p2a: Grimmsnarl\n|-damage|p2a: Grimmsnarl|31/100\n|move|p1b: Koraidon|Flare Blitz|p2a: Grimmsnarl\n|-damage|p2a: Grimmsnarl|0 fnt\n|faint|p2a: Grimmsnarl\n|-damage|p1b: Koraidon|89/100|[from] Recoil\n|-damage|p1b: Koraidon|79/100|[from] item: Life Orb\n|move|p2b: Eternatus|Cosmic Power|p2b: Eternatus\n|-boost|p2b: Eternatus|def|1\n|-boost|p2b: Eternatus|spd|1\n|\n|-weather|SunnyDay|[upkeep]\n|upkeep\n|\n|t:|1774283626\n|switch|p2a: Incineroar|Incineroar, L50, F|100/100\n|-ability|p2a: Incineroar|Intimidate|boost\n|-unboost|p1a: Flutter Mane|atk|1\n|-unboost|p1b: Koraidon|atk|1\n|turn|2\n|\n|t:|1774283636\n|switch|p1b: Ursaluna|Ursaluna, L50, F|100/100\n|move|p2a: Incineroar|Fake Out|p1b: Ursaluna\n|-damage|p1b: Ursaluna|92/100\n|move|p1a: Flutter Mane|Icy Wind|p2b: Eternatus|[spread] p2a,p2b\n|-resisted|p2a: Incineroar\n|-supereffective|p2b: Eternatus\n|-damage|p2a: Incineroar|96/100\n|-damage|p2b: Eternatus|91/100\n|-unboost|p2a: Incineroar|spe|1\n|-unboost|p2b: Eternatus|spe|1\n|move|p2b: Eternatus|Cosmic Power|p2b: Eternatus\n|-boost|p2b: Eternatus|def|1\n|-boost|p2b: Eternatus|spd|1\n|\n|-weather|SunnyDay|[upkeep]\n|-heal|p2b: Eternatus|97/100|[from] item: Leftovers\n|-status|p1b: Ursaluna|brn|[from] item: Flame Orb\n|upkeep\n|turn|3\n|inactive|lozraff has 30 seconds left.\n|\n|t:|1774283664\n|move|p1a: Flutter Mane|Icy Wind|p2a: Incineroar|[spread] p2a,p2b\n|-resisted|p2a: Incineroar\n|-supereffective|p2b: Eternatus\n|-damage|p2a: Incineroar|92/100\n|-damage|p2b: Eternatus|90/100\n|-unboost|p2a: Incineroar|spe|1\n|-unboost|p2b: Eternatus|spe|1\n|move|p1b: Ursaluna|Earthquake|p2b: Eternatus|[spread] p1a,p2a,p2b\n|-supereffective|p2a: Incineroar\n|-supereffective|p2b: Eternatus\n|-enditem|p1a: Flutter Mane|Focus Sash\n|-damage|p1a: Flutter Mane|1/100\n|-damage|p2a: Incineroar|0 fnt\n|-damage|p2b: Eternatus|51/100\n|faint|p2a: Incineroar\n|move|p2b: Eternatus|Cosmic Power|p2b: Eternatus\n|-boost|p2b: Eternatus|def|1\n|-boost|p2b: Eternatus|spd|1\n|\n|-weather|SunnyDay|[upkeep]\n|-heal|p2b: Eternatus|57/100|[from] item: Leftovers\n|-damage|p1b: Ursaluna|86/100 brn|[from] brn\n|upkeep\n|\n|t:|1774283681\n|switch|p2a: Urshifu|Urshifu, L50, M|100/100\n|turn|4\n|\n|t:|1774283697\n|switch|p1b: Lunala|Lunala, L50|100/100\n|move|p2a: Urshifu|Sucker Punch||[still]\n|-fail|p2a: Urshifu\n|move|p1a: Flutter Mane|Icy Wind|p2a: Urshifu|[spread] p2a,p2b\n|-supereffective|p2b: Eternatus\n|-damage|p2a: Urshifu|85/100\n|-damage|p2b: Eternatus|51/100\n|-unboost|p2a: Urshifu|spe|1\n|-unboost|p2b: Eternatus|spe|1\n|move|p2b: Eternatus|Recover|p2b: Eternatus\n|-heal|p2b: Eternatus|100/100\n|\n|-weather|SunnyDay|[upkeep]\n|upkeep\n|turn|5\n|\n|t:|1774283714\n|-end|p1a: Flutter Mane|Protosynthesis|[silent]\n|switch|p1a: Ursaluna|Ursaluna, L50, F|86/100 brn\n|move|p1b: Lunala|Moonblast|p2a: Urshifu\n|-supereffective|p2a: Urshifu\n|-damage|p2a: Urshifu|0 fnt\n|faint|p2a: Urshifu\n|move|p2b: Eternatus|Flamethrower|p1a: Ursaluna\n|-damage|p1a: Ursaluna|46/100 brn\n|\n|-weather|none\n|-damage|p1a: Ursaluna|40/100 brn|[from] brn\n|upkeep\n|turn|6\n|\n|t:|1774283732\n|move|p1b: Lunala|Moonblast|p2b: Eternatus\n|-damage|p2b: Eternatus|94/100\n|move|p1a: Ursaluna|Facade|p2b: Eternatus\n|-damage|p2b: Eternatus|62/100\n|move|p2b: Eternatus|Cosmic Power|p2b: Eternatus\n|-boost|p2b: Eternatus|def|1\n|-boost|p2b: Eternatus|spd|1\n|\n|-heal|p2b: Eternatus|68/100|[from] item: Leftovers\n|-damage|p1a: Ursaluna|34/100 brn|[from] brn\n|upkeep\n|turn|7\n|\n|t:|1774283744\n|move|p1b: Lunala|Moongeist Beam|p2b: Eternatus\n|-damage|p2b: Eternatus|60/100\n|move|p1a: Ursaluna|Headlong Rush|p2b: Eternatus\n|-supereffective|p2b: Eternatus\n|-damage|p2b: Eternatus|13/100\n|-unboost|p1a: Ursaluna|def|1\n|-unboost|p1a: Ursaluna|spd|1\n|move|p2b: Eternatus|Cosmic Power|p2b: Eternatus\n|-boost|p2b: Eternatus|def|1\n|-boost|p2b: Eternatus|spd|1\n|\n|-heal|p2b: Eternatus|20/100|[from] item: Leftovers\n|-damage|p1a: Ursaluna|28/100 brn|[from] brn\n|upkeep\n|turn|8\n|\n|t:|1774283758\n|move|p1b: Lunala|Moongeist Beam|p2b: Eternatus\n|-damage|p2b: Eternatus|12/100\n|move|p1a: Ursaluna|Headlong Rush|p2b: Eternatus\n|-supereffective|p2b: Eternatus\n|-damage|p2b: Eternatus|0 fnt\n|-unboost|p1a: Ursaluna|def|1\n|-unboost|p1a: Ursaluna|spd|1\n|faint|p2b: Eternatus\n|\n|win|testhan92\n|raw|testhan92's rating: 1372 &rarr; <strong>1394</strong><br />(+22 for winning)\n|raw|lozraff's rating: 1406 &rarr; <strong>1384</strong><br />(-22 for losing)\n","uploadtime":1774283758,"views":10,"formatid":"gen9vgc2026regi","rating":1384,"private":0,"password":null}