{"id":"gen9vgc2026regi-2560677359","format":"[Gen 9] VGC 2026 Reg I","players":["It'sJustKen VGC","Chadrola18"],"log":"|j|\u2606It'sJustKen VGC\n|j|\u2606Chadrola18\n|t:|1773711458\n|gametype|doubles\n|player|p1|It'sJustKen VGC|2|1354\n|player|p2|Chadrola18|steven|1313\n|gen|9\n|tier|[Gen 9] VGC 2026 Reg I\n|rated|\n|rule|Species Clause: Limit one of each Pok\u00e9mon\n|rule|Item Clause: Limit 1 of each item\n|clearpoke\n|poke|p1|Miraidon, L50|\n|poke|p1|Dragonite, L50, M|\n|poke|p1|Chien-Pao, L50|\n|poke|p1|Dondozo, L50, M|\n|poke|p1|Tatsugiri, L50, F|\n|poke|p1|Lunala, L50|\n|poke|p2|Incineroar, L50, F|\n|poke|p2|Calyrex-Shadow, L50|\n|poke|p2|Raging Bolt, L50|\n|poke|p2|Landorus, L50, M|\n|poke|p2|Brute Bonnet, L50|\n|poke|p2|Koraidon, L50|\n|teampreview|4\n|inactive|Battle timer is ON: inactive players will automatically lose when time's up. (requested by Chadrola18)\n|inactive|It'sJustKen VGC also wants the timer to be on.\n|inactive|Chadrola18 has 60 seconds left.\n|\n|t:|1773711502\n|teamsize|p1|4\n|teamsize|p2|4\n|start\n|switch|p1a: Miraidon|Miraidon, L50|100/100\n|switch|p1b: Lunala|Lunala, L50|100/100\n|switch|p2a: Raging Bolt|Raging Bolt, L50|100/100\n|switch|p2b: Incineroar|Incineroar, L50, F|100/100\n|-fieldstart|move: Electric Terrain|[from] ability: Hadron Engine|[of] p1a: Miraidon\n|-enditem|p1b: Lunala|Electric Seed\n|-boost|p1b: Lunala|def|1|[from] item: Electric Seed\n|-ability|p2b: Incineroar|Intimidate|boost\n|-unboost|p1a: Miraidon|atk|1\n|-unboost|p1b: Lunala|atk|1\n|turn|1\n|\n|t:|1773711523\n|-terastallize|p1a: Miraidon|Fairy\n|-terastallize|p2b: Incineroar|Water\n|move|p2b: Incineroar|Fake Out|p1a: Miraidon\n|-damage|p1a: Miraidon|92/100\n|cant|p1a: Miraidon|flinch\n|move|p1b: Lunala|Moongeist Beam|p2b: Incineroar\n|-damage|p2b: Incineroar|49/100\n|move|p2a: Raging Bolt|Snarl|p1a: Miraidon|[spread] p1a,p1b\n|-resisted|p1a: Miraidon\n|-supereffective|p1b: Lunala\n|-damage|p1a: Miraidon|85/100\n|-damage|p1b: Lunala|77/100\n|-unboost|p1a: Miraidon|spa|1\n|-unboost|p1b: Lunala|spa|1\n|\n|upkeep\n|turn|2\n|inactive|Chadrola18 has 30 seconds left.\n|\n|t:|1773711555\n|switch|p1b: Chien-Pao|Chien-Pao, L50|100/100\n|-ability|p1b: Chien-Pao|Sword of Ruin\n|move|p1a: Miraidon|Volt Switch|p2b: Incineroar\n|-supereffective|p2b: Incineroar\n|-damage|p2b: Incineroar|0 fnt\n|faint|p2b: Incineroar\n|\n|t:|1773711560\n|switch|p1a: Dragonite|Dragonite, L50, M|100/100|[from] Volt Switch\n|move|p2a: Raging Bolt|Snarl|p1a: Dragonite|[spread] p1a,p1b\n|-resisted|p1b: Chien-Pao\n|-damage|p1a: Dragonite|84/100\n|-damage|p1b: Chien-Pao|91/100\n|-unboost|p1a: Dragonite|spa|1\n|-unboost|p1b: Chien-Pao|spa|1\n|\n|upkeep\n|\n|t:|1773711565\n|switch|p2b: Koraidon|Koraidon, L50|100/100\n|-weather|SunnyDay|[from] ability: Orichalcum Pulse|[of] p2b: Koraidon\n|-activate|p2a: Raging Bolt|ability: Protosynthesis\n|-start|p2a: Raging Bolt|protosynthesisspa\n|-activate|p2b: Koraidon|Orichalcum Pulse|[source]\n|turn|3\n|\n|t:|1773711571\n|move|p2b: Koraidon|Protect|p2b: Koraidon\n|-singleturn|p2b: Koraidon|Protect\n|move|p2a: Raging Bolt|Thunderclap|p1b: Chien-Pao\n|-damage|p1b: Chien-Pao|12/100\n|move|p1b: Chien-Pao|Icy Wind|p2a: Raging Bolt|[spread] p2a\n|-activate|p2b: Koraidon|move: Protect\n|-supereffective|p2a: Raging Bolt\n|-damage|p2a: Raging Bolt|92/100\n|-unboost|p2a: Raging Bolt|spe|1\n|move|p1a: Dragonite|Outrage|p2a: Raging Bolt\n|-supereffective|p2a: Raging Bolt\n|-damage|p2a: Raging Bolt|0 fnt\n|faint|p2a: Raging Bolt\n|-end|p2a: Raging Bolt|Protosynthesis|[silent]\n|\n|-weather|SunnyDay|[upkeep]\n|upkeep\n|\n|t:|1773711576\n|switch|p2a: Calyrex|Calyrex-Shadow, L50|100/100\n|-ability|p2a: Calyrex|As One\n|-ability|p2a: Calyrex|Unnerve\n|turn|4\n|\n|t:|1773711594\n|move|p2a: Calyrex|Protect|p2a: Calyrex\n|-singleturn|p2a: Calyrex|Protect\n|move|p2b: Koraidon|Protect|p2b: Koraidon\n|-singleturn|p2b: Koraidon|Protect\n|move|p1b: Chien-Pao|Sucker Punch||[still]\n|-fail|p1b: Chien-Pao\n|move|p1a: Dragonite|Outrage|p2a: Calyrex|[from] lockedmove\n|-activate|p2a: Calyrex|move: Protect\n|-start|p1a: Dragonite|confusion|[fatigue]\n|\n|-weather|SunnyDay|[upkeep]\n|upkeep\n|turn|5\n|\n|t:|1773711615\n|move|p1b: Chien-Pao|Sucker Punch||[still]\n|-fail|p1b: Chien-Pao\n|move|p2a: Calyrex|Encore|p1b: Chien-Pao\n|-start|p1b: Chien-Pao|Encore\n|move|p2b: Koraidon|Flame Charge|p1b: Chien-Pao\n|-supereffective|p1b: Chien-Pao\n|-damage|p1b: Chien-Pao|0 fnt\n|-boost|p2b: Koraidon|spe|1\n|faint|p1b: Chien-Pao\n|-activate|p1a: Dragonite|confusion\n|move|p1a: Dragonite|Outrage|p2a: Calyrex\n|-enditem|p2a: Calyrex|Focus Sash\n|-damage|p2a: Calyrex|1/100\n|\n|-weather|SunnyDay|[upkeep]\n|-fieldend|move: Electric Terrain\n|upkeep\n|\n|t:|1773711624\n|switch|p1b: Lunala|Lunala, L50|77/100\n|turn|6\n|inactive|Chadrola18 has 30 seconds left.\n|\n|t:|1773711650\n|move|p2b: Koraidon|Protect|p2b: Koraidon\n|-singleturn|p2b: Koraidon|Protect\n|move|p2a: Calyrex|Protect|p2a: Calyrex\n|-singleturn|p2a: Calyrex|Protect\n|move|p1b: Lunala|Wide Guard|p1b: Lunala\n|-singleturn|p1b: Lunala|Wide Guard\n|-activate|p1a: Dragonite|confusion\n|move|p1a: Dragonite|Outrage|p2a: Calyrex|[from] lockedmove\n|-activate|p2a: Calyrex|move: Protect\n|\n|-weather|SunnyDay|[upkeep]\n|upkeep\n|turn|7\n|inactive|It'sJustKen VGC has 30 seconds left.\n|\n|t:|1773711676\n|move|p1b: Lunala|Wide Guard|p1b: Lunala\n|-singleturn|p1b: Lunala|Wide Guard\n|move|p2b: Koraidon|Flare Blitz|p1a: Dragonite\n|-resisted|p1a: Dragonite\n|-damage|p1a: Dragonite|45/100\n|-damage|p2b: Koraidon|88/100|[from] Recoil\n|move|p2a: Calyrex|Psychic|p1a: Dragonite\n|-damage|p1a: Dragonite|0 fnt\n|faint|p1a: Dragonite\n|-ability|p2a: Calyrex|Grim Neigh|boost\n|-boost|p2a: Calyrex|spa|1\n|\n|-weather|none\n|upkeep\n|\n|t:|1773711679\n|switch|p1a: Miraidon|Miraidon, L50, tera:Fairy|85/100\n|-fieldstart|move: Electric Terrain|[from] ability: Hadron Engine|[of] p1a: Miraidon\n|turn|8\n|\n|t:|1773711694\n|move|p2b: Koraidon|Flare Blitz|p1a: Miraidon\n|-damage|p1a: Miraidon|52/100\n|-damage|p2b: Koraidon|76/100|[from] Recoil\n|move|p2a: Calyrex|Psychic|p1a: Miraidon\n|-damage|p1a: Miraidon|0 fnt\n|faint|p1a: Miraidon\n|-ability|p2a: Calyrex|Grim Neigh|boost\n|-boost|p2a: Calyrex|spa|1\n|move|p1b: Lunala|Moongeist Beam|p2a: Calyrex\n|-supereffective|p2a: Calyrex\n|-damage|p2a: Calyrex|0 fnt\n|faint|p2a: Calyrex\n|\n|upkeep\n|turn|9\n|\n|t:|1773711709\n|move|p2b: Koraidon|Flame Charge|p1b: Lunala\n|-damage|p1b: Lunala|64/100\n|-boost|p2b: Koraidon|spe|1\n|move|p1b: Lunala|Psychic|p2b: Koraidon\n|-supereffective|p2b: Koraidon\n|-damage|p2b: Koraidon|0 fnt\n|faint|p2b: Koraidon\n|\n|win|It'sJustKen VGC\n|raw|It&apos;sJustKen VGC's rating: 1376 &rarr; <strong>1392</strong><br />(+16 for winning)\n|raw|Chadrola18's rating: 1313 &rarr; <strong>1297</strong><br />(-16 for losing)\n|l|\u2606Chadrola18\n|player|p2|\n","uploadtime":1773711736,"views":10,"formatid":"gen9vgc2026regi","rating":1297,"private":0,"password":null}