{"id":"gen9vgc2026regi-2565446144","format":"[Gen 9] VGC 2026 Reg I","players":["Billlmads","aggsapphire"],"log":"|j|\u2606Billlmads\n|j|\u2606aggsapphire\n|t:|1774276092\n|gametype|doubles\n|player|p1|Billlmads|caitlin|1633\n|player|p2|aggsapphire|1|1521\n|gen|9\n|tier|[Gen 9] VGC 2026 Reg I\n|rated|\n|rule|Species Clause: Limit one of each Pok\u00e9mon\n|rule|Item Clause: Limit 1 of each item\n|clearpoke\n|poke|p1|Calyrex-Ice, L50|\n|poke|p1|Miraidon, L50|\n|poke|p1|Volcarona, L50, F|\n|poke|p1|Grimmsnarl, L50, M|\n|poke|p1|Incineroar, L50, M|\n|poke|p1|Ditto, L50|\n|poke|p2|Calyrex-Ice, L50|\n|poke|p2|Kyogre, L50|\n|poke|p2|Urshifu-*, L50, F|\n|poke|p2|Rillaboom, L50, M|\n|poke|p2|Tornadus, L50, M|\n|poke|p2|Grimmsnarl, L50, M|\n|teampreview|4\n|j| EyeAmEnBee\n|l| EyeAmEnBee\n|\n|t:|1774276130\n|teamsize|p1|4\n|teamsize|p2|4\n|start\n|switch|p1a: Miraidon|Miraidon, L50|100/100\n|switch|p1b: Grimmsnarl|Grimmsnarl, L50, M, shiny|100/100\n|switch|p2a: Grimmsnarl|Grimmsnarl, L50, M|100/100\n|switch|p2b: Calyrex|Calyrex-Ice, L50|100/100\n|-ability|p2b: Calyrex|As One\n|-ability|p2b: Calyrex|Unnerve\n|-fieldstart|move: Electric Terrain|[from] ability: Hadron Engine|[of] p1a: Miraidon\n|turn|1\n|\n|t:|1774276161\n|switch|p1a: Ditto|Ditto, L50|100/100\n|-transform|p1a: Ditto|p2b: Calyrex|[from] ability: Imposter\n|-ability|p1a: Ditto|As One\n|-ability|p1a: Ditto|Unnerve\n|move|p2a: Grimmsnarl|Light Screen|p2a: Grimmsnarl\n|-sidestart|p2: aggsapphire|move: Light Screen\n|move|p1b: Grimmsnarl|Thunder Wave|p2b: Calyrex\n|-status|p2b: Calyrex|par\n|move|p2b: Calyrex|Leech Seed|p1a: Ditto\n|-start|p1a: Ditto|move: Leech Seed\n|\n|-damage|p1a: Ditto|88/100|[from] Leech Seed|[of] p2b: Calyrex\n|upkeep\n|turn|2\n|\n|t:|1774276189\n|move|p2a: Grimmsnarl|Spirit Break|p1b: Grimmsnarl\n|-supereffective|p1b: Grimmsnarl\n|-damage|p1b: Grimmsnarl|40/100\n|-unboost|p1b: Grimmsnarl|spa|1\n|move|p1b: Grimmsnarl|Spirit Break|p2a: Grimmsnarl\n|-supereffective|p2a: Grimmsnarl\n|-damage|p2a: Grimmsnarl|32/100\n|-unboost|p2a: Grimmsnarl|spa|1\n|move|p1a: Ditto|Leech Seed|p2b: Calyrex\n|-start|p2b: Calyrex|move: Leech Seed\n|move|p2b: Calyrex|Glacial Lance|p1b: Grimmsnarl|[spread] p1a,p1b\n|-resisted|p1a: Ditto\n|-damage|p1a: Ditto|70/100\n|-damage|p1b: Grimmsnarl|0 fnt\n|faint|p1b: Grimmsnarl\n|-ability|p2b: Calyrex|Chilling Neigh|boost\n|-boost|p2b: Calyrex|atk|1\n|\n|-damage|p1a: Ditto|58/100|[from] Leech Seed|[of] p2b: Calyrex\n|-damage|p2b: Calyrex|88/100 par|[from] Leech Seed|[of] p1a: Ditto\n|-heal|p1a: Ditto|74/100|[silent]\n|upkeep\n|\n|t:|1774276204\n|switch|p1b: Calyrex|Calyrex-Ice, L50|100/100\n|-ability|p1b: Calyrex|As One\n|-ability|p1b: Calyrex|Unnerve\n|turn|3\n|\n|t:|1774276214\n|switch|p1a: Miraidon|Miraidon, L50|100/100\n|-activate|p1a: Miraidon|ability: Hadron Engine\n|move|p2a: Grimmsnarl|Reflect|p2a: Grimmsnarl\n|-sidestart|p2: aggsapphire|Reflect\n|move|p1b: Calyrex|Glacial Lance|p2a: Grimmsnarl|[spread] p2a,p2b\n|-resisted|p2b: Calyrex\n|-damage|p2a: Grimmsnarl|0 fnt\n|-damage|p2b: Calyrex|79/100 par\n|faint|p2a: Grimmsnarl\n|-ability|p1b: Calyrex|Chilling Neigh|boost\n|-boost|p1b: Calyrex|atk|1\n|cant|p2b: Calyrex|par\n|\n|-heal|p2b: Calyrex|85/100 par|[from] item: Leftovers\n|-damage|p2b: Calyrex|73/100 par|[from] Leech Seed|[of] p1a: Miraidon\n|upkeep\n|\n|t:|1774276228\n|switch|p2a: Rillaboom|Rillaboom, L50, M|100/100\n|-fieldstart|move: Grassy Terrain|[from] ability: Grassy Surge|[of] p2a: Rillaboom\n|turn|4\n|\n|t:|1774276244\n|-terastallize|p1a: Miraidon|Electric\n|-terastallize|p2a: Rillaboom|Water\n|move|p2a: Rillaboom|Fake Out|p1a: Miraidon\n|-damage|p1a: Miraidon|90/100\n|cant|p1a: Miraidon|flinch\n|move|p1b: Calyrex|Glacial Lance|p2b: Calyrex|[spread] p2a,p2b\n|-resisted|p2a: Rillaboom\n|-resisted|p2b: Calyrex\n|-damage|p2a: Rillaboom|77/100\n|-damage|p2b: Calyrex|60/100 par\n|move|p2b: Calyrex|Glacial Lance|p1a: Miraidon|[spread] p1a,p1b\n|-resisted|p1b: Calyrex\n|-damage|p1a: Miraidon|25/100\n|-damage|p1b: Calyrex|78/100\n|\n|-heal|p1a: Miraidon|31/100|[from] Grassy Terrain\n|-heal|p2a: Rillaboom|83/100|[from] Grassy Terrain\n|-heal|p1b: Calyrex|84/100|[from] Grassy Terrain\n|-heal|p1b: Calyrex|90/100|[from] item: Leftovers\n|-heal|p2b: Calyrex|66/100 par|[from] Grassy Terrain\n|-heal|p2b: Calyrex|72/100 par|[from] item: Leftovers\n|-damage|p2b: Calyrex|59/100 par|[from] Leech Seed|[of] p1a: Miraidon\n|-heal|p1a: Miraidon|43/100|[silent]\n|upkeep\n|turn|5\n|\n|t:|1774276288\n|move|p1a: Miraidon|Volt Switch|p2a: Rillaboom\n|-supereffective|p2a: Rillaboom\n|-damage|p2a: Rillaboom|38/100\n|\n|t:|1774276292\n|switch|p1a: Ditto|Ditto, L50|74/100|[from] Volt Switch\n|-transform|p1a: Ditto|p2b: Calyrex|[from] ability: Imposter\n|-ability|p1a: Ditto|As One\n|-ability|p1a: Ditto|Unnerve\n|move|p2a: Rillaboom|Wood Hammer|p1a: Ditto\n|-damage|p1a: Ditto|15/100\n|-damage|p2a: Rillaboom|23/100|[from] Recoil\n|move|p1b: Calyrex|Glacial Lance|p2a: Rillaboom|[spread] p2a,p2b\n|-resisted|p2a: Rillaboom\n|-resisted|p2b: Calyrex\n|-damage|p2a: Rillaboom|0 fnt\n|-damage|p2b: Calyrex|46/100 par\n|faint|p2a: Rillaboom\n|-ability|p1b: Calyrex|Chilling Neigh|boost\n|-boost|p1b: Calyrex|atk|1\n|move|p2b: Calyrex|Glacial Lance|p1b: Calyrex|[spread] p1a,p1b\n|-resisted|p1a: Ditto\n|-resisted|p1b: Calyrex\n|-damage|p1a: Ditto|0 fnt\n|-damage|p1b: Calyrex|68/100\n|faint|p1a: Ditto\n|-ability|p2b: Calyrex|Chilling Neigh|boost\n|-boost|p2b: Calyrex|atk|1\n|\n|-heal|p1b: Calyrex|74/100|[from] Grassy Terrain\n|-heal|p1b: Calyrex|80/100|[from] item: Leftovers\n|-heal|p2b: Calyrex|52/100 par|[from] Grassy Terrain\n|-heal|p2b: Calyrex|58/100 par|[from] item: Leftovers\n|upkeep\n|\n|t:|1774276314\n|switch|p2a: Kyogre|Kyogre, L50|100/100\n|switch|p1a: Miraidon|Miraidon, L50, tera:Electric|43/100\n|-fieldstart|move: Electric Terrain|[from] ability: Hadron Engine|[of] p1a: Miraidon\n|-weather|RainDance|[from] ability: Drizzle|[of] p2a: Kyogre\n|turn|6\n|\n|t:|1774276318\n|move|p2a: Kyogre|Protect|p2a: Kyogre\n|-singleturn|p2a: Kyogre|Protect\n|move|p1a: Miraidon|Electro Drift|p2b: Calyrex\n|-damage|p2b: Calyrex|10/100 par\n|move|p1b: Calyrex|Glacial Lance|p2b: Calyrex|[spread] p2b\n|-activate|p2a: Kyogre|move: Protect\n|-resisted|p2b: Calyrex\n|-damage|p2b: Calyrex|0 fnt\n|faint|p2b: Calyrex\n|-ability|p1b: Calyrex|Chilling Neigh|boost\n|-boost|p1b: Calyrex|atk|1\n|\n|-weather|RainDance|[upkeep]\n|-heal|p1b: Calyrex|86/100|[from] item: Leftovers\n|upkeep\n|turn|7\n|-message|aggsapphire forfeited.\n|\n|win|Billlmads\n|raw|Billlmads's rating: 1633 &rarr; <strong>1647</strong><br />(+14 for winning)\n|raw|aggsapphire's rating: 1521 &rarr; <strong>1507</strong><br />(-14 for losing)\n|l|\u2606aggsapphire\n|player|p2|\n","uploadtime":1774276528,"views":13,"formatid":"gen9vgc2026regi","rating":1507,"private":0,"password":null}