{"id":"gen9vgc2026regi-2551553797","format":"[Gen 9] VGC 2026 Reg I","players":["Freecko99","123456ag"],"log":"|j|\u2606Freecko99\n|j|\u2606123456ag\n|t:|1772620485\n|gametype|doubles\n|player|p1|Freecko99|ethan|1265\n|player|p2|123456ag|swimmerf-gen4dp|1287\n|gen|9\n|tier|[Gen 9] VGC 2026 Reg I\n|rated|\n|rule|Species Clause: Limit one of each Pok\u00e9mon\n|rule|Item Clause: Limit 1 of each item\n|clearpoke\n|poke|p1|Miraidon, L50|\n|poke|p1|Whimsicott, L50, M|\n|poke|p1|Ogerpon-Cornerstone, L50, F|\n|poke|p1|Farigiraf, L50, M|\n|poke|p1|Iron Hands, L50|\n|poke|p1|Ho-Oh, L50|\n|poke|p2|Incineroar, L50, M|\n|poke|p2|Koraidon, L50|\n|poke|p2|Rillaboom, L50, M|\n|poke|p2|Calyrex-Shadow, L50|\n|poke|p2|Clefairy, L50, M|\n|poke|p2|Whimsicott, L50, F|\n|teampreview|4\n|inactive|Battle timer is ON: inactive players will automatically lose when time's up. (requested by Freecko99)\n|inactive|123456ag has 60 seconds left.\n|\n|t:|1772620523\n|teamsize|p1|4\n|teamsize|p2|4\n|start\n|switch|p1a: Whimsicott|Whimsicott, L50, M|100/100\n|switch|p1b: Miraidon|Miraidon, L50|100/100\n|switch|p2a: siuuu|Calyrex-Shadow, L50|100/100\n|switch|p2b: Clefairy|Clefairy, L50, M|100/100\n|-ability|p2a: siuuu|As One\n|-ability|p2a: siuuu|Unnerve\n|-fieldstart|move: Electric Terrain|[from] ability: Hadron Engine|[of] p1b: Miraidon\n|turn|1\n|inactive|Freecko99 has 30 seconds left.\n|\n|t:|1772620554\n|switch|p2a: Rillaboom|Rillaboom, L50, M|100/100\n|-fieldstart|move: Grassy Terrain|[from] ability: Grassy Surge|[of] p2a: Rillaboom\n|move|p1a: Whimsicott|Light Screen|p1a: Whimsicott\n|-sidestart|p1: Freecko99|move: Light Screen\n|move|p1b: Miraidon|Electro Drift|p2b: Clefairy\n|-damage|p2b: Clefairy|24/100\n|move|p2b: Clefairy|Encore|p1a: Whimsicott\n|-start|p1a: Whimsicott|Encore\n|\n|-heal|p2b: Clefairy|30/100|[from] Grassy Terrain\n|upkeep\n|turn|2\n|inactive|123456ag has 30 seconds left.\n|inactive|123456ag has 20 seconds left.\n|\n|t:|1772620590\n|switch|p1a: Ho-Oh|Ho-Oh, L50|100/100\n|move|p2b: Clefairy|Protect|p2b: Clefairy\n|-singleturn|p2b: Clefairy|Protect\n|move|p1b: Miraidon|Electro Drift|p2b: Clefairy\n|-activate|p2b: Clefairy|move: Protect\n|move|p2a: Rillaboom|U-turn|p1a: Ho-Oh\n|-resisted|p1a: Ho-Oh\n|-damage|p1a: Ho-Oh|96/100\n|\n|t:|1772620605\n|switch|p2a: siuuu|Calyrex-Shadow, L50|100/100|[from] U-turn\n|-ability|p2a: siuuu|As One\n|-ability|p2a: siuuu|Unnerve\n|\n|-heal|p2b: Clefairy|37/100|[from] Grassy Terrain\n|upkeep\n|turn|3\n|inactive|123456ag has 30 seconds left.\n|\n|t:|1772620638\n|-terastallize|p2b: Clefairy|Ground\n|move|p2b: Clefairy|Follow Me|p2b: Clefairy\n|-singleturn|p2b: Clefairy|move: Follow Me\n|move|p2a: siuuu|Nasty Plot|p2a: siuuu\n|-boost|p2a: siuuu|spa|2\n|move|p1b: Miraidon|Electro Drift|p2b: Clefairy\n|-immune|p2b: Clefairy\n|move|p1a: Ho-Oh|Brave Bird|p2b: Clefairy\n|-damage|p2b: Clefairy|0 fnt\n|faint|p2b: Clefairy\n|-damage|p1a: Ho-Oh|86/100|[from] Recoil\n|\n|upkeep\n|\n|t:|1772620654\n|switch|p2b: Rillaboom|Rillaboom, L50, M|100/100\n|turn|4\n|\n|t:|1772620669\n|move|p2b: Rillaboom|Fake Out|p1a: Ho-Oh\n|-damage|p1a: Ho-Oh|75/100\n|move|p2a: siuuu|Astral Barrage|p1b: Miraidon|[spread] p1a,p1b\n|-damage|p1a: Ho-Oh|28/100\n|-damage|p1b: Miraidon|27/100\n|-damage|p2a: siuuu|91/100|[from] item: Life Orb\n|move|p1b: Miraidon|Electro Drift|p2a: siuuu\n|-damage|p2a: siuuu|17/100\n|cant|p1a: Ho-Oh|flinch\n|\n|-heal|p2a: siuuu|23/100|[from] Grassy Terrain\n|-heal|p1b: Miraidon|33/100|[from] Grassy Terrain\n|upkeep\n|turn|5\n|\n|t:|1772620688\n|switch|p2b: Koraidon|Koraidon, L50|100/100\n|-weather|SunnyDay|[from] ability: Orichalcum Pulse|[of] p2b: Koraidon\n|-activate|p2b: Koraidon|Orichalcum Pulse|[source]\n|move|p1a: Ho-Oh|Protect|p1a: Ho-Oh\n|-singleturn|p1a: Ho-Oh|Protect\n|move|p2a: siuuu|Astral Barrage|p1a: Ho-Oh|[spread] p1b\n|-activate|p1a: Ho-Oh|move: Protect\n|-damage|p1b: Miraidon|0 fnt\n|faint|p1b: Miraidon\n|-ability|p2a: siuuu|Grim Neigh|boost\n|-boost|p2a: siuuu|spa|1\n|-damage|p2a: siuuu|14/100|[from] item: Life Orb\n|\n|-weather|SunnyDay|[upkeep]\n|-heal|p2a: siuuu|19/100|[from] Grassy Terrain\n|-sideend|p1: Freecko99|move: Light Screen\n|-fieldend|move: Grassy Terrain\n|upkeep\n|inactive|Freecko99 has 30 seconds left.\n|\n|t:|1772620713\n|switch|p1b: Whimsicott|Whimsicott, L50, M|100/100\n|turn|6\n|inactive|Freecko99 has 30 seconds left.\n|inactive|Freecko99 has 20 seconds left.\n|\n|t:|1772620753\n|move|p2a: siuuu|Protect|p2a: siuuu\n|-singleturn|p2a: siuuu|Protect\n|move|p1b: Whimsicott|Tailwind|p1b: Whimsicott\n|-sidestart|p1: Freecko99|move: Tailwind\n|move|p1a: Ho-Oh|Brave Bird|p2a: siuuu\n|-activate|p2a: siuuu|move: Protect\n|move|p2b: Koraidon|Flare Blitz|p1a: Ho-Oh\n|-resisted|p1a: Ho-Oh\n|-crit|p1a: Ho-Oh\n|-damage|p1a: Ho-Oh|0 fnt\n|faint|p1a: Ho-Oh\n|-damage|p2b: Koraidon|91/100|[from] Recoil\n|\n|-weather|SunnyDay|[upkeep]\n|upkeep\n|\n|t:|1772620765\n|switch|p1a: Ogerpon|Ogerpon-Cornerstone, L50, F|100/100\n|turn|7\n|inactive|Freecko99 has 30 seconds left.\n|\n|t:|1772620793\n|switch|p2a: Rillaboom|Rillaboom, L50, M|100/100\n|-fieldstart|move: Grassy Terrain|[from] ability: Grassy Surge|[of] p2a: Rillaboom\n|move|p2b: Koraidon|Protect|p2b: Koraidon\n|-singleturn|p2b: Koraidon|Protect\n|move|p1b: Whimsicott|Moonblast|p2b: Koraidon\n|-activate|p2b: Koraidon|move: Protect\n|move|p1a: Ogerpon|Ivy Cudgel|p2a: Rillaboom|[anim] Ivy Cudgel Rock\n|-damage|p2a: Rillaboom|43/100\n|\n|-weather|SunnyDay|[upkeep]\n|-heal|p2b: Koraidon|97/100|[from] Grassy Terrain\n|-heal|p2a: Rillaboom|48/100|[from] Grassy Terrain\n|upkeep\n|turn|8\n|inactive|123456ag has 30 seconds left.\n|inactive|Freecko99 has 30 seconds left.\n|inactive|Freecko99 has 20 seconds left.\n|inactive|Freecko99 has 15 seconds left.\n|inactive|Freecko99 has 10 seconds left.\n|inactive|Freecko99 has 5 seconds left.\n|\n|t:|1772620856\n|move|p2a: Rillaboom|Fake Out|p1b: Whimsicott\n|-damage|p1b: Whimsicott|86/100\n|move|p1b: Whimsicott|Moonblast|p2b: Koraidon\n|-supereffective|p2b: Koraidon\n|-damage|p2b: Koraidon|2/100\n|move|p1a: Ogerpon|Ivy Cudgel|p2a: Rillaboom|[anim] Ivy Cudgel Rock\n|-damage|p2a: Rillaboom|0 fnt\n|faint|p2a: Rillaboom\n|move|p2b: Koraidon|Flame Charge|p1b: Whimsicott\n|-supereffective|p1b: Whimsicott\n|-damage|p1b: Whimsicott|0 fnt\n|-boost|p2b: Koraidon|spe|1\n|faint|p1b: Whimsicott\n|\n|-weather|SunnyDay|[upkeep]\n|-heal|p2b: Koraidon|8/100|[from] Grassy Terrain\n|upkeep\n|\n|t:|1772620869\n|switch|p2a: siuuu|Calyrex-Shadow, L50|19/100\n|-ability|p2a: siuuu|As One\n|-ability|p2a: siuuu|Unnerve\n|turn|9\n|inactive|Freecko99 has 30 seconds left.\n|\n|t:|1772620895\n|move|p2b: Koraidon|Protect|p2b: Koraidon\n|-singleturn|p2b: Koraidon|Protect\n|move|p2a: siuuu|Protect|p2a: siuuu\n|-singleturn|p2a: siuuu|Protect\n|move|p1a: Ogerpon|Ivy Cudgel|p2b: Koraidon|[anim] Ivy Cudgel Rock\n|-activate|p2b: Koraidon|move: Protect\n|\n|-weather|none\n|-heal|p2b: Koraidon|14/100|[from] Grassy Terrain\n|-heal|p2a: siuuu|25/100|[from] Grassy Terrain\n|-sideend|p1: Freecko99|move: Tailwind\n|upkeep\n|turn|10\n|inactive|123456ag has 30 seconds left.\n|\n|t:|1772620928\n|move|p2b: Koraidon|Protect||[still]\n|-fail|p2b: Koraidon\n|move|p1a: Ogerpon|Spiky Shield|p1a: Ogerpon\n|-singleturn|p1a: Ogerpon|move: Protect\n|move|p2a: siuuu|Astral Barrage|p1a: Ogerpon\n|-activate|p1a: Ogerpon|move: Protect\n|\n|-heal|p2b: Koraidon|20/100|[from] Grassy Terrain\n|-heal|p2a: siuuu|31/100|[from] Grassy Terrain\n|upkeep\n|turn|11\n|inactive|Freecko99 has 30 seconds left.\n|\n|t:|1772620954\n|move|p1a: Ogerpon|Spiky Shield|p1a: Ogerpon\n|-singleturn|p1a: Ogerpon|move: Protect\n|move|p2b: Koraidon|Collision Course|p1a: Ogerpon\n|-activate|p1a: Ogerpon|move: Protect\n|-damage|p2b: Koraidon|8/100|[from] Spiky Shield|[of] p1a: Ogerpon\n|move|p2a: siuuu|Astral Barrage|p1a: Ogerpon\n|-activate|p1a: Ogerpon|move: Protect\n|\n|-heal|p2b: Koraidon|14/100|[from] Grassy Terrain\n|-heal|p2a: siuuu|37/100|[from] Grassy Terrain\n|-fieldend|move: Grassy Terrain\n|upkeep\n|turn|12\n|\n|t:|1772620976\n|move|p1a: Ogerpon|Spiky Shield||[still]\n|-fail|p1a: Ogerpon\n|move|p2b: Koraidon|Collision Course|p1a: Ogerpon\n|-supereffective|p1a: Ogerpon\n|-ability|p1a: Ogerpon|Sturdy\n|-damage|p1a: Ogerpon|1/100\n|move|p2a: siuuu|Astral Barrage|p1a: Ogerpon\n|-damage|p1a: Ogerpon|0 fnt\n|faint|p1a: Ogerpon\n|-damage|p2a: siuuu|27/100|[from] item: Life Orb\n|\n|win|123456ag\n|raw|Freecko99's rating: 1265 &rarr; <strong>1242</strong><br />(-23 for losing)\n|raw|123456ag's rating: 1287 &rarr; <strong>1310</strong><br />(+23 for winning)\n|c|\u2606Freecko99|gg\n|l|\u2606123456ag\n|player|p2|\n","uploadtime":1772621119,"views":11,"formatid":"gen9vgc2026regi","rating":1242,"private":0,"password":null}