{"id":"gen9vgc2026regi-2581909988","format":"[Gen 9] VGC 2026 Reg I","players":["castiel123","Kwiper"],"log":"|j|\u2606castiel123\n|j|\u2606Kwiper\n|t:|1776038906\n|gametype|doubles\n|player|p1|castiel123|101|1435\n|player|p2|Kwiper|sycamore|1587\n|gen|9\n|tier|[Gen 9] VGC 2026 Reg I\n|rated|\n|rule|Species Clause: Limit one of each Pok\u00e9mon\n|rule|Item Clause: Limit 1 of each item\n|clearpoke\n|poke|p1|Zamazenta-*, L50|\n|poke|p1|Terapagos, L50, M|\n|poke|p1|Whimsicott, L50, F|\n|poke|p1|Indeedee, L50, M|\n|poke|p1|Flutter Mane, L50|\n|poke|p1|Annihilape, L50, F|\n|poke|p2|Koraidon, L50|\n|poke|p2|Lunala, L50|\n|poke|p2|Indeedee-F, L50, F|\n|poke|p2|Flutter Mane, L50|\n|poke|p2|Volcarona, L50, F|\n|poke|p2|Ursaluna, L50, F|\n|teampreview|4\n|inactive|Battle timer is ON: inactive players will automatically lose when time's up. (requested by Kwiper)\n|inactive|castiel123 has 60 seconds left.\n|j| gizmex\n|j| fishle\n|inactive|castiel123 has 30 seconds left.\n|\n|t:|1776038970\n|teamsize|p1|4\n|teamsize|p2|4\n|start\n|switch|p1a: Annihilape|Annihilape, L50, F|100/100\n|switch|p1b: Flutter Mane|Flutter Mane, L50|100/100\n|switch|p2a: Lunala|Lunala, L50, shiny|100/100\n|switch|p2b: Indeedee|Indeedee-F, L50, F|100/100\n|-fieldstart|move: Psychic Terrain|[from] ability: Psychic Surge|[of] p2b: Indeedee\n|-enditem|p1b: Flutter Mane|Booster Energy\n|-activate|p1b: Flutter Mane|ability: Protosynthesis|[fromitem]\n|-start|p1b: Flutter Mane|protosynthesisspe\n|turn|1\n|inactive|castiel123 has 30 seconds left.\n|\n|t:|1776039000\n|move|p2b: Indeedee|Follow Me|p2b: Indeedee\n|-singleturn|p2b: Indeedee|move: Follow Me\n|move|p1b: Flutter Mane|Taunt|p2b: Indeedee\n|-start|p2b: Indeedee|move: Taunt\n|move|p1a: Annihilape|Rage Fist|p2b: Indeedee\n|-immune|p2b: Indeedee\n|move|p2a: Lunala|Expanding Force|p1a: Annihilape|[spread] p1a,p1b\n|-supereffective|p1a: Annihilape\n|-damage|p1a: Annihilape|0 fnt\n|-damage|p1b: Flutter Mane|27/100\n|faint|p1a: Annihilape\n|\n|upkeep\n|\n|t:|1776039005\n|switch|p1a: Zamazenta|Zamazenta-Crowned, L50|100/100\n|-ability|p1a: Zamazenta|Dauntless Shield|boost\n|-boost|p1a: Zamazenta|def|1\n|turn|2\n|\n|t:|1776039023\n|switch|p2a: Volcarona|Volcarona, L50, F|100/100\n|move|p1b: Flutter Mane|Icy Wind|p2b: Indeedee|[spread] p2a,p2b\n|-resisted|p2a: Volcarona\n|-damage|p2a: Volcarona|94/100\n|-damage|p2b: Indeedee|87/100\n|-unboost|p2a: Volcarona|spe|1\n|-unboost|p2b: Indeedee|spe|1\n|move|p1a: Zamazenta|Iron Defense|p1a: Zamazenta\n|-boost|p1a: Zamazenta|def|2\n|move|p2b: Indeedee|Alluring Voice|p1b: Flutter Mane\n|-damage|p1b: Flutter Mane|8/100\n|\n|upkeep\n|turn|3\n|\n|t:|1776039045\n|move|p1b: Flutter Mane|Taunt|p2a: Volcarona\n|-start|p2a: Volcarona|move: Taunt\n|move|p1a: Zamazenta|Body Press|p2b: Indeedee\n|-damage|p2b: Indeedee|0 fnt\n|faint|p2b: Indeedee\n|cant|p2a: Volcarona|move: Taunt|Will-O-Wisp\n|\n|upkeep\n|\n|t:|1776039049\n|switch|p2b: Lunala|Lunala, L50, shiny|100/100\n|turn|4\n|\n|t:|1776039065\n|move|p1a: Zamazenta|Wide Guard|p1a: Zamazenta\n|-singleturn|p1a: Zamazenta|Wide Guard\n|move|p1b: Flutter Mane|Icy Wind|p2b: Lunala|[spread] p2a,p2b\n|-resisted|p2a: Volcarona\n|-damage|p2a: Volcarona|88/100\n|-damage|p2b: Lunala|95/100\n|-unboost|p2a: Volcarona|spe|1\n|-unboost|p2b: Lunala|spe|1\n|move|p2b: Lunala|Expanding Force|p1a: Zamazenta|[spread] \n|-activate|p1a: Zamazenta|move: Wide Guard\n|-activate|p1b: Flutter Mane|move: Wide Guard\n|move|p2a: Volcarona|Struggle Bug|p1b: Flutter Mane|[spread] \n|-activate|p1a: Zamazenta|move: Wide Guard\n|-activate|p1b: Flutter Mane|move: Wide Guard\n|\n|upkeep\n|turn|5\n|\n|t:|1776039081\n|-terastallize|p2b: Lunala|Water\n|move|p1a: Zamazenta|Wide Guard|p1a: Zamazenta\n|-singleturn|p1a: Zamazenta|Wide Guard\n|move|p1b: Flutter Mane|Moonblast|p2b: Lunala\n|-damage|p2b: Lunala|61/100\n|-unboost|p2b: Lunala|spa|1\n|move|p2b: Lunala|Expanding Force|p1b: Flutter Mane|[spread] \n|-activate|p1a: Zamazenta|move: Wide Guard\n|-activate|p1b: Flutter Mane|move: Wide Guard\n|move|p2a: Volcarona|Struggle Bug|p1a: Zamazenta|[spread] \n|-activate|p1a: Zamazenta|move: Wide Guard\n|-activate|p1b: Flutter Mane|move: Wide Guard\n|\n|-end|p2a: Volcarona|move: Taunt\n|-fieldend|move: Psychic Terrain\n|upkeep\n|turn|6\n|\n|t:|1776039091\n|move|p2a: Volcarona|Rage Powder|p2a: Volcarona\n|-singleturn|p2a: Volcarona|move: Rage Powder\n|move|p1b: Flutter Mane|Taunt|p2a: Volcarona\n|-start|p2a: Volcarona|move: Taunt\n|move|p1a: Zamazenta|Body Press|p2a: Volcarona\n|-resisted|p2a: Volcarona\n|-damage|p2a: Volcarona|33/100\n|-damage|p1a: Zamazenta|84/100|[from] item: Rocky Helmet|[of] p2a: Volcarona\n|move|p2b: Lunala|Moongeist Beam|p1b: Flutter Mane\n|-supereffective|p1b: Flutter Mane\n|-damage|p1b: Flutter Mane|0 fnt\n|faint|p1b: Flutter Mane\n|-end|p1b: Flutter Mane|Protosynthesis|[silent]\n|\n|upkeep\n|\n|t:|1776039097\n|switch|p1b: Terapagos|Terapagos, L50, M|100/100\n|-activate|p1b: Terapagos|ability: Tera Shift\n|detailschange|p1b: Terapagos|Terapagos-Terastal, L50, M\n|-heal|p1b: Terapagos|100/100|[silent]\n|turn|7\n|\n|t:|1776039103\n|move|p1a: Zamazenta|Body Press|p2b: Lunala\n|-damage|p2b: Lunala|0 fnt\n|faint|p2b: Lunala\n|move|p1b: Terapagos|Tera Starstorm|p2a: Volcarona\n|-damage|p2a: Volcarona|0 fnt\n|faint|p2a: Volcarona\n|\n|upkeep\n|\n|t:|1776039106\n|switch|p2b: Koraidon|Koraidon, L50, shiny|100/100\n|-weather|SunnyDay|[from] ability: Orichalcum Pulse|[of] p2b: Koraidon\n|-activate|p2b: Koraidon|Orichalcum Pulse|[source]\n|turn|8\n|-message|Kwiper forfeited.\n|\n|win|castiel123\n|raw|castiel123's rating: 1435 &rarr; <strong>1463</strong><br />(+28 for winning)\n|raw|Kwiper's rating: 1587 &rarr; <strong>1559</strong><br />(-28 for losing)\n|l|\u2606Kwiper\n|player|p2|\n|l| fishle\n|l|\u2606castiel123\n|player|p1|\n","uploadtime":1776039110,"views":10,"formatid":"gen9vgc2026regi","rating":1463,"private":0,"password":null}