{"id":"gen9vgc2026regi-2560900857","format":"[Gen 9] VGC 2026 Reg I","players":["Bellsproutfanwill","huanyu0.0"],"log":"|j|\u2606Bellsproutfanwill\n|j|\u2606huanyu0.0\n|t:|1773744966\n|gametype|doubles\n|player|p1|Bellsproutfanwill|hiker-gen4|1510\n|player|p2|huanyu0.0|101|1452\n|gen|9\n|tier|[Gen 9] VGC 2026 Reg I\n|rated|\n|rule|Species Clause: Limit one of each Pok\u00e9mon\n|rule|Item Clause: Limit 1 of each item\n|clearpoke\n|poke|p1|Terapagos, L50, M|\n|poke|p1|Grimmsnarl, L50, M|\n|poke|p1|Rillaboom, L50, F|\n|poke|p1|Incineroar, L50, F|\n|poke|p1|Calyrex-Shadow, L50|\n|poke|p1|Chi-Yu, L50|\n|poke|p2|Calyrex-Shadow, L50|\n|poke|p2|Zamazenta-*, L50|\n|poke|p2|Rillaboom, L50, M|\n|poke|p2|Incineroar, L50, M|\n|poke|p2|Urshifu-*, L50, F|\n|poke|p2|Tornadus, L50, M|\n|teampreview|4\n|inactive|Battle timer is ON: inactive players will automatically lose when time's up. (requested by huanyu0.0)\n|inactive|huanyu0.0 has 60 seconds left.\n|inactive|huanyu0.0 has 30 seconds left.\n|inactive|huanyu0.0 has 20 seconds left.\n|\n|t:|1773745041\n|teamsize|p1|4\n|teamsize|p2|4\n|start\n|switch|p1a: Terapagos|Terapagos, L50, M|100/100\n|switch|p1b: Grimmsnarl|Grimmsnarl, L50, M|100/100\n|switch|p2a: Zamazenta|Zamazenta-Crowned, L50|100/100\n|switch|p2b: Tornadus|Tornadus, L50, M|100/100\n|-activate|p1a: Terapagos|ability: Tera Shift\n|detailschange|p1a: Terapagos|Terapagos-Terastal, L50, M\n|-heal|p1a: Terapagos|100/100|[silent]\n|-ability|p2a: Zamazenta|Dauntless Shield|boost\n|-boost|p2a: Zamazenta|def|1\n|turn|1\n|\n|t:|1773745061\n|-terastallize|p1a: Terapagos|Stellar\n|detailschange|p1a: Terapagos|Terapagos-Stellar, L50, M, tera:Stellar\n|-heal|p1a: Terapagos|100/100|[silent]\n|move|p1b: Grimmsnarl|Reflect|p1b: Grimmsnarl\n|-sidestart|p1: Bellsproutfanwill|Reflect\n|move|p2b: Tornadus|Bleakwind Storm|p1a: Terapagos|[spread] p1a,p1b\n|-damage|p1a: Terapagos|81/100\n|-damage|p1b: Grimmsnarl|74/100\n|move|p2a: Zamazenta|Body Press|p1b: Grimmsnarl\n|-damage|p1b: Grimmsnarl|27/100\n|move|p1a: Terapagos|Earth Power|p2a: Zamazenta\n|-supereffective|p2a: Zamazenta\n|-damage|p2a: Zamazenta|43/100\n|\n|-heal|p1a: Terapagos|88/100|[from] item: Leftovers\n|upkeep\n|turn|2\n|\n|t:|1773745084\n|move|p2b: Tornadus|Tailwind|p2b: Tornadus\n|-sidestart|p2: huanyu0.0|move: Tailwind\n|move|p1b: Grimmsnarl|Thunder Wave|p2a: Zamazenta\n|-status|p2a: Zamazenta|par\n|move|p2a: Zamazenta|Body Press|p1a: Terapagos\n|-supereffective|p1a: Terapagos\n|-damage|p1a: Terapagos|34/100\n|move|p1a: Terapagos|Earth Power|p2a: Zamazenta\n|-supereffective|p2a: Zamazenta\n|-damage|p2a: Zamazenta|0 fnt\n|faint|p2a: Zamazenta\n|\n|-heal|p1a: Terapagos|40/100|[from] item: Leftovers\n|upkeep\n|\n|t:|1773745107\n|switch|p2a: Urshifu|Urshifu-Rapid-Strike, L50, F|100/100\n|turn|3\n|\n|t:|1773745126\n|move|p1b: Grimmsnarl|Thunder Wave|p2a: Urshifu\n|-status|p2a: Urshifu|par\n|move|p2b: Tornadus|Bleakwind Storm|p1a: Terapagos|[spread] p1b\n|-miss|p2b: Tornadus|p1a: Terapagos\n|-damage|p1b: Grimmsnarl|0 fnt\n|faint|p1b: Grimmsnarl\n|move|p2a: Urshifu|Surging Strikes|p1a: Terapagos\n|-crit|p1a: Terapagos\n|-damage|p1a: Terapagos|28/100\n|-crit|p1a: Terapagos\n|-damage|p1a: Terapagos|16/100\n|-crit|p1a: Terapagos\n|-damage|p1a: Terapagos|2/100\n|-hitcount|p1a: Terapagos|3\n|move|p1a: Terapagos|Tera Starstorm|p2b: Tornadus|[spread] p2a,p2b\n|-damage|p2a: Urshifu|43/100 par\n|-damage|p2b: Tornadus|57/100\n|\n|-heal|p1a: Terapagos|8/100|[from] item: Leftovers\n|upkeep\n|\n|t:|1773745148\n|switch|p1b: Chi-Yu|Chi-Yu, L50|100/100\n|-ability|p1b: Chi-Yu|Beads of Ruin\n|turn|4\n|\n|t:|1773745171\n|move|p1a: Terapagos|Protect|p1a: Terapagos\n|-singleturn|p1a: Terapagos|Protect\n|move|p2b: Tornadus|Bleakwind Storm|p1a: Terapagos|[spread] \n|-activate|p1a: Terapagos|move: Protect\n|-miss|p2b: Tornadus|p1b: Chi-Yu\n|move|p1b: Chi-Yu|Heat Wave|p2a: Urshifu|[spread] p2a,p2b\n|-resisted|p2a: Urshifu\n|-damage|p2a: Urshifu|2/100 par\n|-damage|p2b: Tornadus|0 fnt\n|faint|p2b: Tornadus\n|move|p2a: Urshifu|Surging Strikes|p1b: Chi-Yu\n|-supereffective|p1b: Chi-Yu\n|-crit|p1b: Chi-Yu\n|-damage|p1b: Chi-Yu|27/100\n|-supereffective|p1b: Chi-Yu\n|-crit|p1b: Chi-Yu\n|-damage|p1b: Chi-Yu|0 fnt\n|faint|p1b: Chi-Yu\n|-hitcount|p1: Chi-Yu|2\n|\n|-heal|p1a: Terapagos|14/100|[from] item: Leftovers\n|upkeep\n|\n|t:|1773745191\n|switch|p2b: Calyrex|Calyrex-Shadow, L50|100/100\n|switch|p1b: Calyrex|Calyrex-Shadow, L50|100/100\n|-ability|p2b: Calyrex|As One\n|-ability|p2b: Calyrex|Unnerve\n|-ability|p1b: Calyrex|As One\n|-ability|p1b: Calyrex|Unnerve\n|turn|5\n|\n|t:|1773745211\n|-terastallize|p2b: Calyrex|Dark\n|move|p2b: Calyrex|Psychic|p1a: Terapagos\n|-damage|p1a: Terapagos|0 fnt\n|faint|p1a: Terapagos\n|detailschange|p1: Terapagos|Terapagos, L50, M|[silent]\n|-ability|p2b: Calyrex|Grim Neigh|boost\n|-boost|p2b: Calyrex|spa|1\n|-damage|p2b: Calyrex|91/100|[from] item: Life Orb\n|cant|p2a: Urshifu|par\n|move|p1b: Calyrex|Astral Barrage|p2a: Urshifu|[spread] p2a,p2b\n|-resisted|p2b: Calyrex\n|-damage|p2a: Urshifu|0 fnt\n|-damage|p2b: Calyrex|66/100\n|faint|p2a: Urshifu\n|-ability|p1b: Calyrex|Grim Neigh|boost\n|-boost|p1b: Calyrex|spa|1\n|\n|-sideend|p2: huanyu0.0|move: Tailwind\n|upkeep\n|turn|6\n|\n|t:|1773745232\n|move|p2b: Calyrex|Astral Barrage|p1b: Calyrex\n|-supereffective|p1b: Calyrex\n|-enditem|p1b: Calyrex|Focus Sash\n|-damage|p1b: Calyrex|1/100\n|-damage|p2b: Calyrex|56/100|[from] item: Life Orb\n|move|p1b: Calyrex|Pollen Puff|p2b: Calyrex\n|-supereffective|p2b: Calyrex\n|-damage|p2b: Calyrex|0 fnt\n|faint|p2b: Calyrex\n|\n|win|Bellsproutfanwill\n|raw|Bellsproutfanwill's rating: 1510 &rarr; <strong>1527</strong><br />(+17 for winning)\n|raw|huanyu0.0's rating: 1452 &rarr; <strong>1435</strong><br />(-17 for losing)\n|l|\u2606huanyu0.0\n|player|p2|\n|l|\u2606Bellsproutfanwill\n|player|p1|\n","uploadtime":1773745389,"views":11,"formatid":"gen9vgc2026regi","rating":1435,"private":0,"password":null}