{"id":"gen9vgc2026regi-2570855553","format":"[Gen 9] VGC 2026 Reg I","players":["Nahro1001","ReijiYukishiro"],"log":"|j|\u2606Nahro1001\n|j|\u2606ReijiYukishiro\n|t:|1774859924\n|gametype|doubles\n|player|p1|Nahro1001|102|1385\n|player|p2|ReijiYukishiro|ghetsis|1304\n|gen|9\n|tier|[Gen 9] VGC 2026 Reg I\n|rated|\n|rule|Species Clause: Limit one of each Pok\u00e9mon\n|rule|Item Clause: Limit 1 of each item\n|clearpoke\n|poke|p1|Miraidon, L50|\n|poke|p1|Ho-Oh, L50|\n|poke|p1|Iron Hands, L50|\n|poke|p1|Grimmsnarl, L50, M|\n|poke|p1|Iron Treads, L50|\n|poke|p1|Farigiraf, L50, M|\n|poke|p2|Calyrex-Ice, L50|\n|poke|p2|Indeedee-F, L50, F|\n|poke|p2|Lunala, L50|\n|poke|p2|Ursaluna, L50, F|\n|poke|p2|Brute Bonnet, L50|\n|poke|p2|Iron Hands, L50|\n|teampreview|4\n|inactive|Battle timer is ON: inactive players will automatically lose when time's up. (requested by ReijiYukishiro)\nReijiYukishiro rejected open team sheets.\n|inactive|Nahro1001 has 60 seconds left.\n|\n|t:|1774859969\n|teamsize|p1|4\n|teamsize|p2|4\n|start\n|switch|p1a: Miraidon|Miraidon, L50|100/100\n|switch|p1b: Iron Treads|Iron Treads, L50|100/100\n|switch|p2a: Calyrex|Calyrex-Ice, L50|100/100\n|switch|p2b: Indeedee|Indeedee-F, L50, F|100/100\n|-ability|p2a: Calyrex|As One\n|-ability|p2a: Calyrex|Unnerve\n|-fieldstart|move: Electric Terrain|[from] ability: Hadron Engine|[of] p1a: Miraidon\n|-activate|p1b: Iron Treads|ability: Quark Drive\n|-start|p1b: Iron Treads|quarkdrivespe\n|-fieldstart|move: Psychic Terrain|[from] ability: Psychic Surge|[of] p2b: Indeedee\n|-end|p1b: Iron Treads|Quark Drive\n|-enditem|p2b: Indeedee|Psychic Seed\n|-boost|p2b: Indeedee|spd|1|[from] item: Psychic Seed\n|turn|1\n|inactive|Nahro1001 has 30 seconds left.\n|inactive|ReijiYukishiro has 30 seconds left.\n|\n|t:|1774859999\n|move|p2a: Calyrex|Protect|p2a: Calyrex\n|-singleturn|p2a: Calyrex|Protect\n|move|p1a: Miraidon|Volt Switch|p2a: Calyrex\n|-activate|p2a: Calyrex|move: Protect\n|move|p1b: Iron Treads|Iron Head|p2a: Calyrex\n|-activate|p2a: Calyrex|move: Protect\n|move|p2b: Indeedee|Trick Room|p2b: Indeedee\n|-fieldstart|move: Trick Room|[of] p2b: Indeedee\n|\n|upkeep\n|turn|2\n|\n|t:|1774860013\n|switch|p1a: Ho-Oh|Ho-Oh, L50|100/100\n|-terastallize|p2a: Calyrex|Fairy\n|move|p2b: Indeedee|Helping Hand|p2a: Calyrex\n|-singleturn|p2a: Calyrex|Helping Hand|[of] p2b: Indeedee\n|move|p1b: Iron Treads|Protect|p1b: Iron Treads\n|-singleturn|p1b: Iron Treads|Protect\n|move|p2a: Calyrex|Glacial Lance|p1a: Ho-Oh|[spread] p1a\n|-activate|p1b: Iron Treads|move: Protect\n|-damage|p1a: Ho-Oh|0 fnt\n|faint|p1a: Ho-Oh\n|-ability|p2a: Calyrex|Chilling Neigh|boost\n|-boost|p2a: Calyrex|atk|1\n|-damage|p2a: Calyrex|91/100|[from] item: Life Orb\n|\n|upkeep\n|\n|t:|1774860027\n|switch|p1a: Farigiraf|Farigiraf, L50, M|100/100\n|turn|3\n|\n|t:|1774860039\n|-terastallize|p1a: Farigiraf|Water\n|move|p2b: Indeedee|Helping Hand|p2a: Calyrex\n|-singleturn|p2a: Calyrex|Helping Hand|[of] p2b: Indeedee\n|move|p1b: Iron Treads|Protect|p1b: Iron Treads\n|-singleturn|p1b: Iron Treads|Protect\n|move|p2a: Calyrex|Glacial Lance|p1a: Farigiraf|[spread] p1a\n|-activate|p1b: Iron Treads|move: Protect\n|-resisted|p1a: Farigiraf\n|-damage|p1a: Farigiraf|34/100\n|-damage|p2a: Calyrex|81/100|[from] item: Life Orb\n|move|p1a: Farigiraf|Trick Room|p1a: Farigiraf\n|-fieldend|move: Trick Room\n|\n|upkeep\n|turn|4\n|inactive|Nahro1001 has 30 seconds left.\n|inactive|Nahro1001 has 20 seconds left.\n|\n|t:|1774860079\n|move|p1a: Farigiraf|Helping Hand|p1b: Iron Treads\n|-singleturn|p1b: Iron Treads|Helping Hand|[of] p1a: Farigiraf\n|move|p2a: Calyrex|Protect|p2a: Calyrex\n|-singleturn|p2a: Calyrex|Protect\n|move|p2b: Indeedee|Follow Me|p2b: Indeedee\n|-singleturn|p2b: Indeedee|move: Follow Me\n|move|p1b: Iron Treads|Knock Off|p2b: Indeedee\n|-supereffective|p2b: Indeedee\n|-damage|p2b: Indeedee|4/100\n|-damage|p1b: Iron Treads|91/100|[from] item: Life Orb\n|\n|upkeep\n|turn|5\n|inactive|Nahro1001 has 30 seconds left.\n|\n|t:|1774860104\n|move|p1b: Iron Treads|Protect|p1b: Iron Treads\n|-singleturn|p1b: Iron Treads|Protect\n|move|p1a: Farigiraf|Foul Play|p2b: Indeedee\n|-supereffective|p2b: Indeedee\n|-damage|p2b: Indeedee|0 fnt\n|faint|p2b: Indeedee\n|move|p2a: Calyrex|Glacial Lance|p1b: Iron Treads|[spread] p1a\n|-activate|p1b: Iron Treads|move: Protect\n|-resisted|p1a: Farigiraf\n|-damage|p1a: Farigiraf|0 fnt\n|faint|p1a: Farigiraf\n|-ability|p2a: Calyrex|Chilling Neigh|boost\n|-boost|p2a: Calyrex|atk|1\n|-damage|p2a: Calyrex|71/100|[from] item: Life Orb\n|\n|-fieldend|move: Psychic Terrain\n|upkeep\n|\n|t:|1774860110\n|switch|p2b: Lunala|Lunala, L50|100/100\n|switch|p1a: Miraidon|Miraidon, L50|100/100\n|-fieldstart|move: Electric Terrain|[from] ability: Hadron Engine|[of] p1a: Miraidon\n|-activate|p1b: Iron Treads|ability: Quark Drive\n|-start|p1b: Iron Treads|quarkdrivespe\n|turn|6\n|\n|t:|1774860133\n|move|p2a: Calyrex|Protect|p2a: Calyrex\n|-singleturn|p2a: Calyrex|Protect\n|move|p1b: Iron Treads|Iron Head|p2a: Calyrex\n|-activate|p2a: Calyrex|move: Protect\n|move|p1a: Miraidon|Electro Drift|p2b: Lunala\n|-damage|p2b: Lunala|46/100\n|move|p2b: Lunala|Trick Room|p2b: Lunala\n|-fieldstart|move: Trick Room|[of] p2b: Lunala\n|\n|upkeep\n|turn|7\n|-message|Nahro1001 forfeited.\n|\n|win|ReijiYukishiro\n|raw|Nahro1001's rating: 1385 &rarr; <strong>1360</strong><br />(-25 for losing)\n|raw|ReijiYukishiro's rating: 1304 &rarr; <strong>1329</strong><br />(+25 for winning)\n|l|\u2606Nahro1001\n|player|p1|\n|l|\u2606ReijiYukishiro\n|player|p2|\n","uploadtime":1774860378,"views":11,"formatid":"gen9vgc2026regi","rating":1329,"private":0,"password":null}