{"id":"gen9vgc2026regi-2559935192","format":"[Gen 9] VGC 2026 Reg I","players":["FarigirafArmorTail","sleemo2"],"log":"|j|\u2606FarigirafArmorTail\n|j|\u2606sleemo2\n|t:|1773625731\n|gametype|doubles\n|player|p1|FarigirafArmorTail|elesa|1624\n|player|p2|sleemo2|acetrainerf|1472\n|gen|9\n|tier|[Gen 9] VGC 2026 Reg I\n|rated|\n|rule|Species Clause: Limit one of each Pok\u00e9mon\n|rule|Item Clause: Limit 1 of each item\n|clearpoke\n|poke|p1|Koraidon, L50|\n|poke|p1|Flutter Mane, L50|\n|poke|p1|Incineroar, L50, M|\n|poke|p1|Amoonguss, L50, F|\n|poke|p1|Lunala, L50|\n|poke|p1|Ursaluna, L50, M|\n|poke|p2|Calyrex-Shadow, L50|\n|poke|p2|Zamazenta-*, L50|\n|poke|p2|Whimsicott, L50, M|\n|poke|p2|Amoonguss, L50, M|\n|poke|p2|Chi-Yu, L50|\n|poke|p2|Regieleki, L50|\n|teampreview|4\n|\n|t:|1773625746\n|teamsize|p1|4\n|teamsize|p2|4\n|start\n|switch|p1a: Olive|Flutter Mane, L50, shiny|100/100\n|switch|p1b: The Chomperr|Koraidon, L50|100/100\n|switch|p2a: Chi-Yu|Chi-Yu, L50|100/100\n|switch|p2b: Whimsicott|Whimsicott, L50, M|100/100\n|-ability|p2a: Chi-Yu|Beads of Ruin\n|-weather|SunnyDay|[from] ability: Orichalcum Pulse|[of] p1b: The Chomperr\n|-activate|p1a: Olive|ability: Protosynthesis\n|-start|p1a: Olive|protosynthesisspe\n|-activate|p1b: The Chomperr|Orichalcum Pulse|[source]\n|turn|1\n|\n|t:|1773625753\n|move|p2b: Whimsicott|Tailwind|p2b: Whimsicott\n|-sidestart|p2: sleemo2|move: Tailwind\n|move|p2a: Chi-Yu|Heat Wave|p1a: Olive|[spread] p1a,p1b\n|-resisted|p1b: The Chomperr\n|-damage|p1a: Olive|14/100\n|-damage|p1b: The Chomperr|61/100\n|move|p1a: Olive|Icy Wind|p2a: Chi-Yu|[spread] p2a,p2b\n|-resisted|p2a: Chi-Yu\n|-supereffective|p2b: Whimsicott\n|-damage|p2a: Chi-Yu|92/100\n|-damage|p2b: Whimsicott|53/100\n|-unboost|p2a: Chi-Yu|spe|1\n|move|p1b: The Chomperr|Flame Charge|p2b: Whimsicott\n|-supereffective|p2b: Whimsicott\n|-damage|p2b: Whimsicott|0 fnt\n|-boost|p1b: The Chomperr|spe|1\n|faint|p2b: Whimsicott\n|-damage|p1b: The Chomperr|52/100|[from] item: Life Orb\n|\n|-weather|SunnyDay|[upkeep]\n|upkeep\n|\n|t:|1773625756\n|switch|p2b: Calyrex|Calyrex-Shadow, L50|100/100\n|-ability|p2b: Calyrex|As One\n|-ability|p2b: Calyrex|Unnerve\n|turn|2\n|\n|t:|1773625765\n|move|p1b: The Chomperr|Protect|p1b: The Chomperr\n|-singleturn|p1b: The Chomperr|Protect\n|move|p2b: Calyrex|Astral Barrage|p1a: Olive|[spread] p1a\n|-activate|p1b: The Chomperr|move: Protect\n|-supereffective|p1a: Olive\n|-damage|p1a: Olive|0 fnt\n|faint|p1a: Olive\n|-end|p1a: Olive|Protosynthesis|[silent]\n|-ability|p2b: Calyrex|Grim Neigh|boost\n|-boost|p2b: Calyrex|spa|1\n|move|p2a: Chi-Yu|Heat Wave|p1b: The Chomperr\n|-activate|p1b: The Chomperr|move: Protect\n|\n|-weather|SunnyDay|[upkeep]\n|upkeep\n|\n|t:|1773625771\n|switch|p1a: BIG NEBBY|Lunala, L50|100/100\n|turn|3\n|\n|t:|1773625780\n|move|p1a: BIG NEBBY|Wide Guard|p1a: BIG NEBBY\n|-singleturn|p1a: BIG NEBBY|Wide Guard\n|move|p2b: Calyrex|Psychic|p1b: The Chomperr\n|-supereffective|p1b: The Chomperr\n|-damage|p1b: The Chomperr|0 fnt\n|faint|p1b: The Chomperr\n|-ability|p2b: Calyrex|Grim Neigh|boost\n|-boost|p2b: Calyrex|spa|1\n|move|p2a: Chi-Yu|Heat Wave|p1a: BIG NEBBY\n|-activate|p1a: BIG NEBBY|move: Wide Guard\n|\n|-weather|SunnyDay|[upkeep]\n|upkeep\n|\n|t:|1773625787\n|switch|p1b: Franklin|Ursaluna, L50, M, shiny|100/100\n|turn|4\n|\n|t:|1773625803\n|-terastallize|p1a: BIG NEBBY|Fairy\n|move|p1b: Franklin|Protect|p1b: Franklin\n|-singleturn|p1b: Franklin|Protect\n|move|p2b: Calyrex|Astral Barrage|p1b: Franklin|[spread] p1a\n|-activate|p1b: Franklin|move: Protect\n|-damage|p1a: BIG NEBBY|53/100\n|move|p2a: Chi-Yu|Heat Wave|p1a: BIG NEBBY|[spread] p1a\n|-activate|p1b: Franklin|move: Protect\n|-damage|p1a: BIG NEBBY|3/100\n|move|p1a: BIG NEBBY|Trick Room|p1a: BIG NEBBY\n|-fieldstart|move: Trick Room|[of] p1a: BIG NEBBY\n|\n|-weather|SunnyDay|[upkeep]\n|-sideend|p2: sleemo2|move: Tailwind\n|-status|p1b: Franklin|brn|[from] item: Flame Orb\n|upkeep\n|turn|5\n|\n|t:|1773625823\n|move|p1a: BIG NEBBY|Wide Guard|p1a: BIG NEBBY\n|-singleturn|p1a: BIG NEBBY|Wide Guard\n|move|p1b: Franklin|Earthquake|p2a: Chi-Yu|[spread] p2a,p2b\n|-activate|p1a: BIG NEBBY|move: Wide Guard\n|-supereffective|p2a: Chi-Yu\n|-damage|p2a: Chi-Yu|0 fnt\n|-damage|p2b: Calyrex|17/100\n|faint|p2a: Chi-Yu\n|move|p2b: Calyrex|Psychic|p1b: Franklin\n|-damage|p1b: Franklin|3/100 brn\n|\n|-weather|none\n|-damage|p1b: Franklin|0 fnt|[from] brn\n|faint|p1b: Franklin\n|upkeep\n|\n|t:|1773625828\n|switch|p2a: Regieleki|Regieleki, L50|100/100\n|turn|6\n|\n|t:|1773625836\n|move|p1a: BIG NEBBY|Moonblast|p2b: Calyrex\n|-damage|p2b: Calyrex|0 fnt\n|faint|p2b: Calyrex\n|move|p2a: Regieleki|Thunderbolt|p1a: BIG NEBBY\n|-crit|p1a: BIG NEBBY\n|-damage|p1a: BIG NEBBY|0 fnt\n|faint|p1a: BIG NEBBY\n|\n|win|sleemo2\n|raw|FarigirafArmorTail's rating: 1624 &rarr; <strong>1596</strong><br />(-28 for losing)\n|raw|sleemo2's rating: 1472 &rarr; <strong>1500</strong><br />(+28 for winning)\n|l|\u2606sleemo2\n|player|p2|\n","uploadtime":1773626101,"views":17,"formatid":"gen9vgc2026regi","rating":1500,"private":0,"password":null}