{"id":"gen9vgc2026regi-2518073265","format":"[Gen 9] VGC 2026 Reg I","players":["It'sJustKen VGC","thegoat127"],"log":"|j|\u2606It'sJustKen VGC\n|j|\u2606thegoat127\n|t:|1768339385\n|gametype|doubles\n|player|p1|It'sJustKen VGC|102|1110\n|player|p2|thegoat127|hugh|1008\n|gen|9\n|tier|[Gen 9] VGC 2026 Reg I\n|rated|\n|rule|Species Clause: Limit one of each Pok\u00e9mon\n|rule|Item Clause: Limit 1 of each item\n|clearpoke\n|poke|p1|Urshifu-*, L50, M|\n|poke|p1|Incineroar, L50, M|\n|poke|p1|Calyrex-Shadow, L50|\n|poke|p1|Amoonguss, L50, M|\n|poke|p1|Tornadus, L50, M|\n|poke|p1|Chien-Pao, L50|\n|poke|p2|Koraidon, L50|\n|poke|p2|Gouging Fire, L50|\n|poke|p2|Chien-Pao, L50|\n|poke|p2|Flutter Mane, L50|\n|poke|p2|Amoonguss, L50, M|\n|poke|p2|Lunala, L50|\n|teampreview|4\n|inactive|Battle timer is ON: inactive players will automatically lose when time's up. (requested by thegoat127)\n|\n|t:|1768339407\n|teamsize|p1|4\n|teamsize|p2|4\n|start\n|switch|p1a: Urshifu|Urshifu-Rapid-Strike, L50, M|100/100\n|switch|p1b: Tornadus|Tornadus, L50, M|100/100\n|switch|p2a: Koraidon|Koraidon, L50, shiny|100/100\n|switch|p2b: Gouging Fire|Gouging Fire, L50|100/100\n|-weather|SunnyDay|[from] ability: Orichalcum Pulse|[of] p2a: Koraidon\n|-activate|p2b: Gouging Fire|ability: Protosynthesis\n|-start|p2b: Gouging Fire|protosynthesisdef\n|-activate|p2a: Koraidon|Orichalcum Pulse|[source]\n|turn|1\n|inactive|It'sJustKen VGC has 30 seconds left.\n|\n|t:|1768339436\n|move|p2a: Koraidon|Protect|p2a: Koraidon\n|-singleturn|p2a: Koraidon|Protect\n|move|p1b: Tornadus|Rain Dance|p1b: Tornadus\n|-weather|RainDance\n|-end|p2b: Gouging Fire|Protosynthesis\n|move|p1a: Urshifu|U-turn|p2a: Koraidon\n|-resisted|p2a: Koraidon\n|-damage|p2a: Koraidon|89/100\n|\n|t:|1768339438\n|switch|p1a: Calyrex|Calyrex-Shadow, L50|100/100|[from] U-turn\n|-ability|p1a: Calyrex|As One\n|-ability|p1a: Calyrex|Unnerve\n|move|p2b: Gouging Fire|Howl|p2b: Gouging Fire|[spread] p2a,p2b\n|-boost|p2a: Koraidon|atk|1\n|-boost|p2b: Gouging Fire|atk|1\n|\n|-weather|RainDance|[upkeep]\n|upkeep\n|turn|2\n|inactive|thegoat127 has 30 seconds left.\n|inactive|thegoat127 has 20 seconds left.\n|inactive|thegoat127 has 15 seconds left.\n|inactive|thegoat127 has 10 seconds left.\n|\n|t:|1768339484\n|switch|p2a: Chien-Pao|Chien-Pao, L50|100/100\n|-ability|p2a: Chien-Pao|Sword of Ruin\n|-terastallize|p1a: Calyrex|Ghost\n|move|p1b: Tornadus|Tailwind|p1b: Tornadus\n|-sidestart|p1: It'sJustKen VGC|move: Tailwind\n|move|p1a: Calyrex|Astral Barrage|p2a: Chien-Pao|[spread] p2a,p2b\n|-resisted|p2a: Chien-Pao\n|-crit|p2a: Chien-Pao\n|-enditem|p2a: Chien-Pao|Focus Sash\n|-damage|p2a: Chien-Pao|1/100\n|-damage|p2b: Gouging Fire|6/100\n|-damage|p1a: Calyrex|91/100|[from] item: Life Orb\n|move|p2b: Gouging Fire|Breaking Swipe|p1a: Calyrex|[spread] p1a,p1b\n|-damage|p1a: Calyrex|51/100\n|-damage|p1b: Tornadus|44/100\n|-unboost|p1a: Calyrex|atk|1\n|-unboost|p1b: Tornadus|atk|1\n|\n|-weather|RainDance|[upkeep]\n|-heal|p2b: Gouging Fire|12/100|[from] item: Leftovers\n|upkeep\n|turn|3\n|inactive|thegoat127 has 30 seconds left.\n|\n|t:|1768339516\n|switch|p1a: Amoonguss|Amoonguss, L50, M|100/100\n|move|p1b: Tornadus|Protect|p1b: Tornadus\n|-singleturn|p1b: Tornadus|Protect\n|move|p2b: Gouging Fire|Burning Bulwark|p2b: Gouging Fire\n|-singleturn|p2b: Gouging Fire|move: Protect\n|move|p2a: Chien-Pao|Sucker Punch||[still]\n|-fail|p2a: Chien-Pao\n|\n|-weather|RainDance|[upkeep]\n|-heal|p2b: Gouging Fire|18/100|[from] item: Leftovers\n|upkeep\n|turn|4\n|inactive|thegoat127 has 30 seconds left.\n|inactive|thegoat127 has 20 seconds left.\n|\n|t:|1768339551\n|-end|p2b: Gouging Fire|Protosynthesis|[silent]\n|switch|p2b: Lunala|Lunala, L50, shiny|100/100\n|move|p1a: Amoonguss|Rage Powder|p1a: Amoonguss\n|-singleturn|p1a: Amoonguss|move: Rage Powder\n|move|p1b: Tornadus|Bleakwind Storm|p2a: Chien-Pao|[spread] p2a,p2b\n|-damage|p2a: Chien-Pao|0 fnt\n|-damage|p2b: Lunala|87/100\n|-unboost|p2b: Lunala|spe|1\n|faint|p2a: Chien-Pao\n|\n|-weather|RainDance|[upkeep]\n|upkeep\n|\n|t:|1768339561\n|switch|p2a: Koraidon|Koraidon, L50, shiny|89/100\n|-weather|SunnyDay|[from] ability: Orichalcum Pulse|[of] p2a: Koraidon\n|-activate|p2a: Koraidon|Orichalcum Pulse|[source]\n|turn|5\n|\n|t:|1768339586\n|move|p1b: Tornadus|Rain Dance|p1b: Tornadus\n|-weather|RainDance\n|move|p2a: Koraidon|Close Combat|p1a: Amoonguss\n|-resisted|p1a: Amoonguss\n|-damage|p1a: Amoonguss|70/100\n|-unboost|p2a: Koraidon|def|1\n|-unboost|p2a: Koraidon|spd|1\n|-damage|p2a: Koraidon|79/100|[from] item: Life Orb\n|move|p1a: Amoonguss|Spore|p2b: Lunala\n|-status|p2b: Lunala|slp|[from] move: Spore\n|cant|p2b: Lunala|slp\n|\n|-weather|RainDance|[upkeep]\n|-sideend|p1: It'sJustKen VGC|move: Tailwind\n|upkeep\n|turn|6\n|-message|thegoat127 forfeited.\n|\n|win|It'sJustKen VGC\n|raw|It&apos;sJustKen VGC's rating: 1110 &rarr; <strong>1128</strong><br />(+18 for winning)\n|raw|thegoat127's rating: 1008 &rarr; <strong>1000</strong><br />(-8 for losing)\n|l|\u2606thegoat127\n|player|p2|\n","uploadtime":1768339613,"views":14,"formatid":"gen9vgc2026regi","rating":1000,"private":0,"password":null}