{"id":"gen9vgc2026regi-2552228772","format":"[Gen 9] VGC 2026 Reg I","players":["Arcario13","b3testing"],"log":"|j|\u2606Arcario13\n|j|\u2606b3testing\n|t:|1772693137\n|gametype|doubles\n|player|p1|Arcario13|hilbert-wonderlauncher|1317\n|player|p2|b3testing|265|1408\n|gen|9\n|tier|[Gen 9] VGC 2026 Reg I\n|rated|\n|rule|Species Clause: Limit one of each Pok\u00e9mon\n|rule|Item Clause: Limit 1 of each item\n|clearpoke\n|poke|p1|Zamazenta-*, L50|\n|poke|p1|Calyrex-Shadow, L50|\n|poke|p1|Rillaboom, L50, F|\n|poke|p1|Tornadus, L50, M|\n|poke|p1|Smeargle, L50, M|\n|poke|p1|Volcarona, L50, M|\n|poke|p2|Terapagos, L50, M|\n|poke|p2|Calyrex-Shadow, L50|\n|poke|p2|Incineroar, L50, F|\n|poke|p2|Amoonguss, L50, F|\n|poke|p2|Tornadus, L50, M|\n|poke|p2|Smeargle, L50, M|\n|teampreview|4\n|inactive|Battle timer is ON: inactive players will automatically lose when time's up. (requested by b3testing)\n|inactive|Arcario13 also wants the timer to be on.\n|\n|t:|1772693165\n|teamsize|p1|4\n|teamsize|p2|4\n|start\n|switch|p1a: Tornadus|Tornadus, L50, M, shiny|100/100\n|switch|p1b: Smeargle|Smeargle, L50, M, shiny|100/100\n|switch|p2a: Tornadus|Tornadus, L50, M|100/100\n|switch|p2b: Smeargle|Smeargle, L50, M|100/100\n|turn|1\n|\n|t:|1772693188\n|-terastallize|p1b: Smeargle|Ghost\n|move|p2b: Smeargle|Fake Out|p1b: Smeargle\n|-immune|p1b: Smeargle\n|move|p2a: Tornadus|Taunt|p1a: Tornadus\n|-start|p1a: Tornadus|move: Taunt\n|cant|p1a: Tornadus|move: Taunt|Taunt\n|move|p1b: Smeargle|Spore|p2b: Smeargle\n|-status|p2b: Smeargle|slp|[from] move: Spore\n|\n|-ability|p1b: Smeargle|Moody|boost\n|-boost|p1b: Smeargle|spa|2\n|-unboost|p1b: Smeargle|atk|1\n|-ability|p2b: Smeargle|Moody|boost\n|-boost|p2b: Smeargle|spe|2\n|-unboost|p2b: Smeargle|spa|1\n|upkeep\n|turn|2\n|\n|t:|1772693212\n|move|p2a: Tornadus|Taunt|p1b: Smeargle\n|-start|p1b: Smeargle|move: Taunt\n|cant|p2b: Smeargle|slp\n|cant|p1b: Smeargle|move: Taunt|Spore\n|move|p1a: Tornadus|Bleakwind Storm|p2a: Tornadus|[spread] p2b\n|-miss|p1a: Tornadus|p2a: Tornadus\n|-damage|p2b: Smeargle|29/100 slp\n|\n|-ability|p2b: Smeargle|Moody|boost\n|-boost|p2b: Smeargle|spa|2\n|-unboost|p2b: Smeargle|def|1\n|-ability|p1b: Smeargle|Moody|boost\n|-boost|p1b: Smeargle|def|2\n|-unboost|p1b: Smeargle|spa|1\n|upkeep\n|turn|3\n|\n|t:|1772693240\n|switch|p1b: Calyrex|Calyrex-Shadow, L50|100/100\n|-ability|p1b: Calyrex|As One\n|-ability|p1b: Calyrex|Unnerve\n|switch|p2a: Terapagos|Terapagos, L50, M|100/100\n|-activate|p2a: Terapagos|ability: Tera Shift\n|detailschange|p2a: Terapagos|Terapagos-Terastal, L50, M\n|-heal|p2a: Terapagos|100/100|[silent]\n|switch|p1a: Zamazenta|Zamazenta-Crowned, L50, shiny|100/100\n|-ability|p1a: Zamazenta|Dauntless Shield|boost\n|-boost|p1a: Zamazenta|def|1\n|-curestatus|p2b: Smeargle|slp|[msg]\n|move|p2b: Smeargle|Decorate|p2a: Terapagos\n|-boost|p2a: Terapagos|atk|2\n|-boost|p2a: Terapagos|spa|2\n|\n|-ability|p2b: Smeargle|Moody|boost\n|-boost|p2b: Smeargle|def|2\n|-unboost|p2b: Smeargle|spd|1\n|upkeep\n|turn|4\n|inactive|Arcario13 has 30 seconds left.\n|inactive|b3testing has 30 seconds left.\n|inactive|Arcario13 has 20 seconds left.\n|inactive|Arcario13 has 15 seconds left.\n|inactive|Arcario13 has 10 seconds left.\n|\n|t:|1772693286\n|move|p2b: Smeargle|Spore|p1b: Calyrex\n|-status|p1b: Calyrex|slp|[from] move: Spore\n|cant|p1b: Calyrex|slp\n|move|p1a: Zamazenta|Body Press|p2a: Terapagos\n|-activate|p2a: Terapagos|ability: Tera Shell\n|-resisted|p2a: Terapagos\n|-damage|p2a: Terapagos|72/100\n|move|p2a: Terapagos|Earth Power|p1a: Zamazenta\n|-supereffective|p1a: Zamazenta\n|-damage|p1a: Zamazenta|19/100\n|-unboost|p1a: Zamazenta|spd|1\n|\n|-ability|p2b: Smeargle|Moody|boost\n|-boost|p2b: Smeargle|atk|2\n|-unboost|p2b: Smeargle|def|1\n|upkeep\n|turn|5\n|\n|t:|1772693305\n|switch|p1b: Smeargle|Smeargle, L50, M, shiny, tera:Ghost|100/100\n|-terastallize|p2a: Terapagos|Stellar\n|detailschange|p2a: Terapagos|Terapagos-Stellar, L50, M, tera:Stellar\n|-heal|p2a: Terapagos|79/100|[silent]\n|move|p1a: Zamazenta|Protect|p1a: Zamazenta\n|-singleturn|p1a: Zamazenta|Protect\n|move|p2b: Smeargle|Spore|p1a: Zamazenta\n|-activate|p1a: Zamazenta|move: Protect\n|move|p2a: Terapagos|Tera Starstorm|p1b: Smeargle|[spread] p1b\n|-activate|p1a: Zamazenta|move: Protect\n|-supereffective|p1b: Smeargle\n|-enditem|p1b: Smeargle|Focus Sash\n|-damage|p1b: Smeargle|1/100\n|\n|-ability|p2b: Smeargle|Moody|boost\n|-boost|p2b: Smeargle|spa|2\n|-unboost|p2b: Smeargle|atk|1\n|-ability|p1b: Smeargle|Moody|boost\n|-boost|p1b: Smeargle|spa|2\n|-unboost|p1b: Smeargle|spd|1\n|upkeep\n|turn|6\n|inactive|Arcario13 has 30 seconds left.\n|inactive|b3testing has 30 seconds left.\n|\n|t:|1772693336\n|move|p1b: Smeargle|Fake Out|p2b: Smeargle\n|-damage|p2b: Smeargle|18/100\n|cant|p2b: Smeargle|flinch\n|move|p1a: Zamazenta|Body Press|p2a: Terapagos\n|-supereffective|p2a: Terapagos\n|-damage|p2a: Terapagos|0 fnt\n|faint|p2a: Terapagos\n|detailschange|p2: Terapagos|Terapagos, L50, M|[silent]\n|\n|-ability|p2b: Smeargle|Moody|boost\n|-boost|p2b: Smeargle|def|2\n|-unboost|p2b: Smeargle|atk|1\n|-ability|p1b: Smeargle|Moody|boost\n|-boost|p1b: Smeargle|spd|2\n|-unboost|p1b: Smeargle|atk|1\n|upkeep\n|\n|t:|1772693345\n|switch|p2a: Tornadus|Tornadus, L50, M|100/100\n|turn|7\n|\n|t:|1772693361\n|move|p1b: Smeargle|Follow Me|p1b: Smeargle\n|-singleturn|p1b: Smeargle|move: Follow Me\n|move|p2b: Smeargle|Decorate|p1b: Smeargle\n|-boost|p1b: Smeargle|atk|2\n|-boost|p1b: Smeargle|spa|2\n|move|p1a: Zamazenta|Body Press|p2b: Smeargle\n|-supereffective|p2b: Smeargle\n|-damage|p2b: Smeargle|0 fnt\n|faint|p2b: Smeargle\n|move|p2a: Tornadus|Bleakwind Storm|p1b: Smeargle|[spread] p1a,p1b\n|-damage|p1a: Zamazenta|0 fnt\n|-damage|p1b: Smeargle|0 fnt\n|faint|p1a: Zamazenta\n|faint|p1b: Smeargle\n|\n|upkeep\n|\n|t:|1772693369\n|switch|p1a: Calyrex|Calyrex-Shadow, L50|100/100 slp\n|switch|p2b: Calyrex|Calyrex-Shadow, L50|100/100\n|switch|p1b: Tornadus|Tornadus, L50, M, shiny|100/100\n|-ability|p2b: Calyrex|As One\n|-ability|p2b: Calyrex|Unnerve\n|-ability|p1a: Calyrex|As One\n|-ability|p1a: Calyrex|Unnerve\n|turn|8\n|\n|t:|1772693388\n|move|p2a: Tornadus|Tailwind|p2a: Tornadus\n|-sidestart|p2: b3testing|move: Tailwind\n|move|p1b: Tornadus|Tailwind|p1b: Tornadus\n|-sidestart|p1: Arcario13|move: Tailwind\n|move|p2b: Calyrex|Astral Barrage|p1b: Tornadus|[spread] p1a,p1b\n|-supereffective|p1a: Calyrex\n|-damage|p1a: Calyrex|0 fnt\n|-damage|p1b: Tornadus|32/100\n|faint|p1a: Calyrex\n|-ability|p2b: Calyrex|Grim Neigh|boost\n|-boost|p2b: Calyrex|spa|1\n|-damage|p2b: Calyrex|91/100|[from] item: Life Orb\n|\n|upkeep\n|turn|9\n|\n|t:|1772693403\n|move|p2b: Calyrex|Astral Barrage|p1b: Tornadus\n|-damage|p1b: Tornadus|0 fnt\n|faint|p1b: Tornadus\n|-damage|p2b: Calyrex|81/100|[from] item: Life Orb\n|\n|win|b3testing\n|raw|Arcario13's rating: 1317 &rarr; <strong>1302</strong><br />(-15 for losing)\n|raw|b3testing's rating: 1408 &rarr; <strong>1423</strong><br />(+15 for winning)\n|l|\u2606b3testing\n|player|p2|\n|l|\u2606Arcario13\n|player|p1|\n","uploadtime":1772693675,"views":12,"formatid":"gen9vgc2026regi","rating":1302,"private":0,"password":null}