{"id":"gen9vgc2026regi-2564670709","format":"[Gen 9] VGC 2026 Reg I","players":["nobodyisworking","dasabe\u76d6\u6b27\u5361\u4fa0"],"log":"|j|\u2606nobodyisworking\n|j|\u2606dasabe\u76d6\u6b27\u5361\u4fa0\n|t:|1774184088\n|gametype|doubles\n|player|p1|nobodyisworking|roughneck-gen4|1397\n|player|p2|dasabe\u76d6\u6b27\u5361\u4fa0|may-masters4|1504\n|gen|9\n|tier|[Gen 9] VGC 2026 Reg I\n|rated|\n|rule|Species Clause: Limit one of each Pok\u00e9mon\n|rule|Item Clause: Limit 1 of each item\n|clearpoke\n|poke|p1|Groudon, L50|\n|poke|p1|Roaring Moon, L50|\n|poke|p1|Lunala, L50|\n|poke|p1|Bronzong, L50|\n|poke|p1|Brute Bonnet, L50|\n|poke|p1|Walking Wake, L50|\n|poke|p2|Kyogre, L50|\n|poke|p2|Zacian-*, L50|\n|poke|p2|Clefairy, L50, F|\n|poke|p2|Tornadus, L50, M|\n|poke|p2|Landorus, L50, M|\n|poke|p2|Smeargle, L50, F|\n|teampreview|4\n|inactive|Battle timer is ON: inactive players will automatically lose when time's up. (requested by nobodyisworking)\n|\n|t:|1774184129\n|teamsize|p1|4\n|teamsize|p2|4\n|start\n|switch|p1a: Roaring Moon|Roaring Moon, L50|100/100\n|switch|p1b: Lunala|Lunala, L50|100/100\n|switch|p2a: Kyogre|Kyogre, L50, shiny|100/100\n|switch|p2b: Tornadus|Tornadus, L50, M, shiny|100/100\n|-weather|RainDance|[from] ability: Drizzle|[of] p2a: Kyogre\n|-enditem|p1a: Roaring Moon|Booster Energy\n|-activate|p1a: Roaring Moon|ability: Protosynthesis|[fromitem]\n|-start|p1a: Roaring Moon|protosynthesisspe\n|turn|1\n|\n|t:|1774184146\n|-terastallize|p2a: Kyogre|Water\n|move|p1b: Lunala|Wide Guard|p1b: Lunala\n|-singleturn|p1b: Lunala|Wide Guard\n|move|p2b: Tornadus|Rain Dance||[still]\n|-fail|p2b: Tornadus\n|move|p1a: Roaring Moon|Knock Off|p2a: Kyogre\n|-damage|p2a: Kyogre|46/100\n|-enditem|p2a: Kyogre|Choice Specs|[from] move: Knock Off|[of] p1a: Roaring Moon\n|move|p2a: Kyogre|Water Spout|p1a: Roaring Moon|[spread] \n|-activate|p1a: Roaring Moon|move: Wide Guard\n|-activate|p1b: Lunala|move: Wide Guard\n|\n|-weather|RainDance|[upkeep]\n|upkeep\n|turn|2\n|inactive|nobodyisworking has 30 seconds left.\n|\n|t:|1774184175\n|move|p2b: Tornadus|Tailwind|p2b: Tornadus\n|-sidestart|p2: dasabe\u76d6\u6b27\u5361\u4fa0|move: Tailwind\n|move|p2a: Kyogre|Ice Beam|p1a: Roaring Moon\n|-supereffective|p1a: Roaring Moon\n|-damage|p1a: Roaring Moon|27/100\n|move|p1a: Roaring Moon|Breaking Swipe|p2a: Kyogre|[spread] p2a,p2b\n|-damage|p2a: Kyogre|19/100\n|-damage|p2b: Tornadus|76/100\n|-unboost|p2a: Kyogre|atk|1\n|-unboost|p2b: Tornadus|atk|1\n|move|p1b: Lunala|Trick Room|p1b: Lunala\n|-fieldstart|move: Trick Room|[of] p1b: Lunala\n|\n|-weather|RainDance|[upkeep]\n|upkeep\n|turn|3\n|\n|t:|1774184191\n|switch|p2a: Clefairy|Clefairy, L50, F|100/100\n|move|p1b: Lunala|Meteor Beam||[still]\n|-prepare|p1b: Lunala|Meteor Beam\n|-boost|p1b: Lunala|spa|1\n|-enditem|p1b: Lunala|Power Herb\n|-anim|p1b: Lunala|Meteor Beam|p2b: Tornadus\n|-supereffective|p2b: Tornadus\n|-damage|p2b: Tornadus|0 fnt\n|faint|p2b: Tornadus\n|move|p1a: Roaring Moon|Knock Off|p2a: Clefairy\n|-resisted|p2a: Clefairy\n|-damage|p2a: Clefairy|80/100\n|-enditem|p2a: Clefairy|Eviolite|[from] move: Knock Off|[of] p1a: Roaring Moon\n|\n|-weather|RainDance|[upkeep]\n|upkeep\n|\n|t:|1774184200\n|switch|p2b: Zacian|Zacian-Crowned, L50|100/100\n|-ability|p2b: Zacian|Intrepid Sword|boost\n|-boost|p2b: Zacian|atk|1\n|turn|4\n|j| blackred123\n|\n|t:|1774184211\n|move|p2a: Clefairy|Protect|p2a: Clefairy\n|-singleturn|p2a: Clefairy|Protect\n|move|p1a: Roaring Moon|Protect|p1a: Roaring Moon\n|-singleturn|p1a: Roaring Moon|Protect\n|move|p1b: Lunala|Moongeist Beam|p2a: Clefairy\n|-activate|p2a: Clefairy|move: Protect\n|move|p2b: Zacian|Swords Dance|p2b: Zacian\n|-boost|p2b: Zacian|atk|2\n|\n|-weather|RainDance|[upkeep]\n|upkeep\n|turn|5\n|j| QUQeee-fox\n|\n|t:|1774184228\n|-end|p1a: Roaring Moon|Protosynthesis|[silent]\n|switch|p1a: Brute Bonnet|Brute Bonnet, L50|100/100\n|move|p2a: Clefairy|Follow Me|p2a: Clefairy\n|-singleturn|p2a: Clefairy|move: Follow Me\n|move|p1b: Lunala|Moongeist Beam|p2a: Clefairy\n|-damage|p2a: Clefairy|0 fnt\n|faint|p2a: Clefairy\n|move|p2b: Zacian|Behemoth Blade|p1a: Brute Bonnet\n|-damage|p1a: Brute Bonnet|15/100\n|\n|-weather|none\n|-sideend|p2: dasabe\u76d6\u6b27\u5361\u4fa0|move: Tailwind\n|upkeep\n|\n|t:|1774184234\n|switch|p2a: Kyogre|Kyogre, L50, shiny, tera:Water|19/100\n|-weather|RainDance|[from] ability: Drizzle|[of] p2a: Kyogre\n|turn|6\n|-message|dasabe\u76d6\u6b27\u5361\u4fa0 forfeited.\n|\n|win|nobodyisworking\n|raw|nobodyisworking's rating: 1397 &rarr; <strong>1423</strong><br />(+26 for winning)\n|raw|dasabe\u76d6\u6b27\u5361\u4fa0's rating: 1504 &rarr; <strong>1478</strong><br />(-26 for losing)\n|l|\u2606dasabe\u76d6\u6b27\u5361\u4fa0\n|player|p2|\n|l| QUQeee-fox\n|l|\u2606nobodyisworking\n|player|p1|\n","uploadtime":1774184514,"views":11,"formatid":"gen9vgc2026regi","rating":1423,"private":0,"password":null}