{"id":"gen9vgc2026regi-2562731042","format":"[Gen 9] VGC 2026 Reg I","players":["jd8erh","pigs2fly"],"log":"|j|\u2606jd8erh\n|j|\u2606pigs2fly\n|t:|1773944913\n|gametype|doubles\n|player|p1|jd8erh|1|1398\n|player|p2|pigs2fly|dexio|1468\n|gen|9\n|tier|[Gen 9] VGC 2026 Reg I\n|rated|\n|rule|Species Clause: Limit one of each Pok\u00e9mon\n|rule|Item Clause: Limit 1 of each item\n|clearpoke\n|poke|p1|Zacian-*, L50|\n|poke|p1|Kyogre, L50|\n|poke|p1|Landorus, L50, M|\n|poke|p1|Sinistcha, L50|\n|poke|p1|Archaludon, L50, F|\n|poke|p1|Tornadus, L50, M|\n|poke|p2|Annihilape, L50, M|\n|poke|p2|Tornadus, L50, M|\n|poke|p2|Dondozo, L50, M|\n|poke|p2|Tatsugiri-Droopy, L50, F|\n|poke|p2|Zacian-*, L50|\n|poke|p2|Kyogre, L50|\n|teampreview|4\n|inactive|Battle timer is ON: inactive players will automatically lose when time's up. (requested by jd8erh)\n|inactive|jd8erh has 60 seconds left.\n|\n|t:|1773944946\n|teamsize|p1|4\n|teamsize|p2|4\n|start\n|switch|p1a: Archaludon|Archaludon, L50, F|100/100\n|switch|p1b: Kyogre|Kyogre, L50|100/100\n|switch|p2a: Tornadus|Tornadus, L50, M|100/100\n|switch|p2b: Kyogre|Kyogre, L50|100/100\n|-weather|RainDance|[from] ability: Drizzle|[of] p1b: Kyogre\n|turn|1\n|\n|t:|1773944959\n|move|p2a: Tornadus|Protect|p2a: Tornadus\n|-singleturn|p2a: Tornadus|Protect\n|move|p1b: Kyogre|Ice Beam|p2a: Tornadus\n|-activate|p2a: Tornadus|move: Protect\n|move|p2b: Kyogre|Origin Pulse|p1a: Archaludon|[spread] \n|-miss|p2b: Kyogre|p1a: Archaludon\n|-miss|p2b: Kyogre|p1b: Kyogre\n|move|p1a: Archaludon|Electro Shot||[still]\n|-prepare|p1a: Archaludon|Electro Shot\n|-boost|p1a: Archaludon|spa|1\n|-anim|p1a: Archaludon|Electro Shot|p2b: Kyogre\n|-supereffective|p2b: Kyogre\n|-damage|p2b: Kyogre|46/100\n|\n|-weather|RainDance|[upkeep]\n|upkeep\n|turn|2\n|\n|t:|1773944972\n|move|p2a: Tornadus|Hurricane|p1b: Kyogre\n|-damage|p1b: Kyogre|66/100\n|move|p1b: Kyogre|Ice Beam|p2a: Tornadus\n|-supereffective|p2a: Tornadus\n|-damage|p2a: Tornadus|0 fnt\n|faint|p2a: Tornadus\n|move|p2b: Kyogre|Origin Pulse|p1b: Kyogre|[spread] p1a,p1b\n|-resisted|p1a: Archaludon\n|-resisted|p1b: Kyogre\n|-damage|p1a: Archaludon|73/100\n|-damage|p1b: Kyogre|39/100\n|-ability|p1a: Archaludon|Stamina|boost\n|-boost|p1a: Archaludon|def|1\n|move|p1a: Archaludon|Electro Shot||[still]\n|-prepare|p1a: Archaludon|Electro Shot\n|-boost|p1a: Archaludon|spa|1\n|-anim|p1a: Archaludon|Electro Shot|p2b: Kyogre\n|-supereffective|p2b: Kyogre\n|-damage|p2b: Kyogre|0 fnt\n|faint|p2b: Kyogre\n|\n|-weather|RainDance|[upkeep]\n|upkeep\n|\n|t:|1773944976\n|switch|p2a: Tatsugiri|Tatsugiri-Droopy, L50, F|100/100\n|switch|p2b: Dondozo|Dondozo, L50, M|100/100\n|-activate|p2a: Tatsugiri|ability: Commander|[of] p2b: Dondozo\n|-boost|p2b: Dondozo|atk|2\n|-boost|p2b: Dondozo|spa|2\n|-boost|p2b: Dondozo|spe|2\n|-boost|p2b: Dondozo|def|2\n|-boost|p2b: Dondozo|spd|2\n|turn|3\n|\n|t:|1773944988\n|switch|p1b: Sinistcha|Sinistcha, L50|100/100\n|-heal|p1a: Archaludon|98/100|[from] ability: Hospitality|[of] p1b: Sinistcha\n|-terastallize|p2b: Dondozo|Grass\n|-terastallize|p1a: Archaludon|Grass\n|move|p2b: Dondozo|Earthquake|p1b: Sinistcha|[spread] p1a,p1b\n|-miss|p2b: Dondozo|p2a: Tatsugiri\n|-resisted|p1a: Archaludon\n|-resisted|p1b: Sinistcha\n|-damage|p1a: Archaludon|84/100\n|-damage|p1b: Sinistcha|88/100\n|-ability|p1a: Archaludon|Stamina|boost\n|-boost|p1a: Archaludon|def|1\n|move|p1a: Archaludon|Electro Shot||[still]\n|-prepare|p1a: Archaludon|Electro Shot\n|-boost|p1a: Archaludon|spa|1\n|-anim|p1a: Archaludon|Electro Shot|p2b: Dondozo\n|-resisted|p2b: Dondozo\n|-damage|p2b: Dondozo|91/100\n|\n|-weather|RainDance|[upkeep]\n|-heal|p2b: Dondozo|97/100|[from] item: Leftovers\n|upkeep\n|turn|4\n|\n|t:|1773944998\n|move|p2b: Dondozo|Order Up|p1a: Archaludon\n|-damage|p1a: Archaludon|55/100\n|-ability|p1a: Archaludon|Stamina|boost\n|-boost|p1a: Archaludon|def|1\n|-boost|p2b: Dondozo|def|1\n|move|p1a: Archaludon|Electro Shot||[still]\n|-prepare|p1a: Archaludon|Electro Shot\n|-boost|p1a: Archaludon|spa|1\n|-anim|p1a: Archaludon|Electro Shot|p2b: Dondozo\n|-resisted|p2b: Dondozo\n|-damage|p2b: Dondozo|88/100\n|move|p1b: Sinistcha|Matcha Gotcha|p2a: Tatsugiri|[spread] p2b\n|-miss|p1b: Sinistcha|p2a: Tatsugiri\n|-resisted|p2b: Dondozo\n|-damage|p2b: Dondozo|83/100\n|-heal|p1b: Sinistcha|91/100|[from] drain|[of] p2b: Dondozo\n|\n|-weather|RainDance|[upkeep]\n|-heal|p2b: Dondozo|89/100|[from] item: Leftovers\n|upkeep\n|turn|5\n|\n|t:|1773945008\n|move|p2b: Dondozo|Protect|p2b: Dondozo\n|-singleturn|p2b: Dondozo|Protect\n|move|p1a: Archaludon|Draco Meteor|p2b: Dondozo\n|-activate|p2b: Dondozo|move: Protect\n|move|p1b: Sinistcha|Matcha Gotcha|p2a: Tatsugiri|[spread] \n|-miss|p1b: Sinistcha|p2a: Tatsugiri\n|-activate|p2b: Dondozo|move: Protect\n|\n|-weather|none\n|-heal|p2b: Dondozo|95/100|[from] item: Leftovers\n|upkeep\n|turn|6\n|\n|t:|1773945022\n|move|p2b: Dondozo|Order Up|p1a: Archaludon\n|-damage|p1a: Archaludon|25/100\n|-ability|p1a: Archaludon|Stamina|boost\n|-boost|p1a: Archaludon|def|1\n|-boost|p2b: Dondozo|def|1\n|move|p1a: Archaludon|Draco Meteor|p2b: Dondozo\n|-damage|p2b: Dondozo|71/100\n|-unboost|p1a: Archaludon|spa|2\n|move|p1b: Sinistcha|Matcha Gotcha|p2a: Tatsugiri|[spread] p2b\n|-miss|p1b: Sinistcha|p2a: Tatsugiri\n|-resisted|p2b: Dondozo\n|-damage|p2b: Dondozo|65/100\n|-heal|p1b: Sinistcha|95/100|[from] drain|[of] p2b: Dondozo\n|\n|-heal|p2b: Dondozo|71/100|[from] item: Leftovers\n|upkeep\n|turn|7\n|\n|t:|1773945040\n|move|p2b: Dondozo|Body Press|p1a: Archaludon\n|-damage|p1a: Archaludon|0 fnt\n|faint|p1a: Archaludon\n|move|p1b: Sinistcha|Matcha Gotcha|p2a: Tatsugiri|[spread] p2b\n|-miss|p1b: Sinistcha|p2a: Tatsugiri\n|-resisted|p2b: Dondozo\n|-damage|p2b: Dondozo|66/100\n|-heal|p1b: Sinistcha|98/100|[from] drain|[of] p2b: Dondozo\n|-status|p2b: Dondozo|brn\n|\n|-heal|p2b: Dondozo|72/100 brn|[from] item: Leftovers\n|-damage|p2b: Dondozo|66/100 brn|[from] brn\n|upkeep\n|\n|t:|1773945042\n|switch|p1a: Kyogre|Kyogre, L50|39/100\n|-weather|RainDance|[from] ability: Drizzle|[of] p1a: Kyogre\n|turn|8\n|\n|t:|1773945047\n|move|p2b: Dondozo|Body Press|p1a: Kyogre\n|-damage|p1a: Kyogre|2/100\n|move|p1a: Kyogre|Ice Beam|p2b: Dondozo\n|-supereffective|p2b: Dondozo\n|-damage|p2b: Dondozo|30/100 brn\n|move|p1b: Sinistcha|Foul Play|p2b: Dondozo\n|-damage|p2b: Dondozo|27/100 brn\n|\n|-weather|RainDance|[upkeep]\n|-heal|p2b: Dondozo|33/100 brn|[from] item: Leftovers\n|-damage|p2b: Dondozo|27/100 brn|[from] brn\n|upkeep\n|turn|9\n|\n|t:|1773945050\n|move|p1a: Kyogre|Protect|p1a: Kyogre\n|-singleturn|p1a: Kyogre|Protect\n|move|p2b: Dondozo|Earthquake|p1b: Sinistcha|[spread] p1b\n|-miss|p2b: Dondozo|p2a: Tatsugiri\n|-activate|p1a: Kyogre|move: Protect\n|-resisted|p1b: Sinistcha\n|-damage|p1b: Sinistcha|92/100\n|move|p1b: Sinistcha|Trick Room|p1b: Sinistcha\n|-fieldstart|move: Trick Room|[of] p1b: Sinistcha\n|\n|-weather|RainDance|[upkeep]\n|-heal|p2b: Dondozo|33/100 brn|[from] item: Leftovers\n|-damage|p2b: Dondozo|27/100 brn|[from] brn\n|upkeep\n|turn|10\n|\n|t:|1773945064\n|move|p1b: Sinistcha|Matcha Gotcha|p2a: Tatsugiri|[spread] p2b\n|-miss|p1b: Sinistcha|p2a: Tatsugiri\n|-resisted|p2b: Dondozo\n|-crit|p2b: Dondozo\n|-damage|p2b: Dondozo|11/100 brn\n|-heal|p1b: Sinistcha|100/100|[from] drain|[of] p2b: Dondozo\n|move|p1a: Kyogre|Ice Beam|p2b: Dondozo\n|-supereffective|p2b: Dondozo\n|-damage|p2b: Dondozo|0 fnt\n|faint|p2b: Dondozo\n|\n|-weather|RainDance|[upkeep]\n|upkeep\n|turn|11\n|-message|pigs2fly forfeited.\n|\n|win|jd8erh\n|raw|jd8erh's rating: 1398 &rarr; <strong>1422</strong><br />(+24 for winning)\n|raw|pigs2fly's rating: 1468 &rarr; <strong>1444</strong><br />(-24 for losing)\n|l|\u2606pigs2fly\n|player|p2|\n","uploadtime":1773945245,"views":12,"formatid":"gen9vgc2026regi","rating":1422,"private":0,"password":null}