{"id":"gen9vgc2026regi-2571195103","format":"[Gen 9] VGC 2026 Reg I","players":["kaseypocius","newlifecicle"],"log":"|j|\u2606kaseypocius\n|j|\u2606newlifecicle\n|t:|1774893531\n|gametype|doubles\n|player|p1|kaseypocius|ariana|1424\n|player|p2|newlifecicle|veteran|1655\n|gen|9\n|tier|[Gen 9] VGC 2026 Reg I\n|rated|\n|rule|Species Clause: Limit one of each Pok\u00e9mon\n|rule|Item Clause: Limit 1 of each item\n|clearpoke\n|poke|p1|Incineroar, L50, F|\n|poke|p1|Rillaboom, L50, F|\n|poke|p1|Ursaluna-Bloodmoon, L50, M|\n|poke|p1|Calyrex-Ice, L50|\n|poke|p1|Lunala, L50|\n|poke|p1|Indeedee-F, L50, F|\n|poke|p2|Calyrex-Shadow, L50|\n|poke|p2|Zamazenta-*, L50|\n|poke|p2|Rillaboom, L50, M|\n|poke|p2|Tornadus, L50, M|\n|poke|p2|Smeargle, L50, M|\n|poke|p2|Dragonite, L50, M|\n|teampreview|4\n|inactive|Battle timer is ON: inactive players will automatically lose when time's up. (requested by newlifecicle)\n|\n|t:|1774893546\n|teamsize|p1|4\n|teamsize|p2|4\n|start\n|switch|p1a: Incineroar|Incineroar, L50, F|100/100\n|switch|p1b: Lunala|Lunala, L50|100/100\n|switch|p2a: Calyrex|Calyrex-Shadow, L50|100/100\n|switch|p2b: Zamazenta|Zamazenta-Crowned, L50|100/100\n|-ability|p2a: Calyrex|As One\n|-ability|p2a: Calyrex|Unnerve\n|-ability|p2b: Zamazenta|Dauntless Shield|boost\n|-boost|p2b: Zamazenta|def|1\n|-ability|p1a: Incineroar|Intimidate|boost\n|-unboost|p2a: Calyrex|atk|1\n|-unboost|p2b: Zamazenta|atk|1\n|turn|1\n|\n|t:|1774893561\n|-terastallize|p2a: Calyrex|Dark\n|-terastallize|p1b: Lunala|Fairy\n|move|p1a: Incineroar|Fake Out|p2b: Zamazenta\n|-resisted|p2b: Zamazenta\n|-damage|p2b: Zamazenta|98/100\n|move|p2a: Calyrex|Nasty Plot|p2a: Calyrex\n|-boost|p2a: Calyrex|spa|2\n|cant|p2b: Zamazenta|flinch\n|move|p1b: Lunala|Trick Room|p1b: Lunala\n|-fieldstart|move: Trick Room|[of] p1b: Lunala\n|\n|upkeep\n|turn|2\n|\n|t:|1774893579\n|move|p2a: Calyrex|Protect|p2a: Calyrex\n|-singleturn|p2a: Calyrex|Protect\n|move|p1a: Incineroar|Flare Blitz|p2a: Calyrex\n|-activate|p2a: Calyrex|move: Protect\n|move|p1b: Lunala|Meteor Beam||[still]\n|-prepare|p1b: Lunala|Meteor Beam\n|-boost|p1b: Lunala|spa|1\n|-enditem|p1b: Lunala|Power Herb\n|-anim|p1b: Lunala|Meteor Beam|p2a: Calyrex\n|-activate|p2a: Calyrex|move: Protect\n|move|p2b: Zamazenta|Body Press|p1a: Incineroar\n|-supereffective|p1a: Incineroar\n|-damage|p1a: Incineroar|0 fnt\n|faint|p1a: Incineroar\n|\n|upkeep\n|\n|t:|1774893585\n|switch|p1a: Ursaluna|Ursaluna-Bloodmoon, L50, M|100/100\n|turn|3\n|\n|t:|1774893609\n|switch|p2a: Rillaboom|Rillaboom, L50, M|100/100\n|-fieldstart|move: Grassy Terrain|[from] ability: Grassy Surge|[of] p2a: Rillaboom\n|move|p2b: Zamazenta|Protect|p2b: Zamazenta\n|-singleturn|p2b: Zamazenta|Protect\n|move|p1a: Ursaluna|Earth Power|p2b: Zamazenta\n|-activate|p2b: Zamazenta|move: Protect\n|move|p1b: Lunala|Moongeist Beam|p2b: Zamazenta\n|-activate|p2b: Zamazenta|move: Protect\n|\n|-heal|p2b: Zamazenta|100/100|[from] Grassy Terrain\n|upkeep\n|turn|4\n|\n|t:|1774893626\n|move|p1a: Ursaluna|Protect|p1a: Ursaluna\n|-singleturn|p1a: Ursaluna|Protect\n|move|p2a: Rillaboom|Fake Out|p1b: Lunala\n|-damage|p1b: Lunala|96/100\n|cant|p1b: Lunala|flinch\n|move|p2b: Zamazenta|Body Press|p1a: Ursaluna\n|-activate|p1a: Ursaluna|move: Protect\n|\n|-heal|p1b: Lunala|100/100|[from] Grassy Terrain\n|upkeep\n|turn|5\n|\n|t:|1774893648\n|move|p1a: Ursaluna|Earth Power|p2b: Zamazenta\n|-supereffective|p2b: Zamazenta\n|-damage|p2b: Zamazenta|14/100\n|-unboost|p2b: Zamazenta|spd|1\n|-damage|p1a: Ursaluna|90/100|[from] item: Life Orb\n|move|p1b: Lunala|Moongeist Beam|p2a: Rillaboom\n|-damage|p2a: Rillaboom|42/100\n|move|p2a: Rillaboom|Wood Hammer|p1b: Lunala\n|-damage|p1b: Lunala|73/100\n|-damage|p2a: Rillaboom|31/100|[from] Recoil\n|move|p2b: Zamazenta|Heavy Slam|p1b: Lunala\n|-supereffective|p1b: Lunala\n|-damage|p1b: Lunala|21/100\n|\n|-heal|p1a: Ursaluna|96/100|[from] Grassy Terrain\n|-heal|p1b: Lunala|27/100|[from] Grassy Terrain\n|-heal|p2a: Rillaboom|37/100|[from] Grassy Terrain\n|-heal|p2b: Zamazenta|21/100|[from] Grassy Terrain\n|-fieldend|move: Trick Room\n|upkeep\n|turn|6\n|\n|t:|1774893673\n|move|p2b: Zamazenta|Body Press|p1a: Ursaluna\n|-supereffective|p1a: Ursaluna\n|-damage|p1a: Ursaluna|6/100\n|move|p2a: Rillaboom|Wood Hammer|p1b: Lunala\n|-crit|p1b: Lunala\n|-damage|p1b: Lunala|0 fnt\n|faint|p1b: Lunala\n|-damage|p2a: Rillaboom|27/100|[from] Recoil\n|move|p1a: Ursaluna|Hyper Voice|p2a: Rillaboom|[spread] p2a,p2b\n|-resisted|p2b: Zamazenta\n|-damage|p2a: Rillaboom|0 fnt\n|-damage|p2b: Zamazenta|0 fnt\n|faint|p2a: Rillaboom\n|faint|p2b: Zamazenta\n|-damage|p1a: Ursaluna|0 fnt|[from] item: Life Orb\n|faint|p1a: Ursaluna\n|\n|upkeep\n|\n|t:|1774893680\n|switch|p2b: Calyrex|Calyrex-Shadow, L50, tera:Dark|100/100\n|switch|p2a: Green Goober|Dragonite, L50, M|100/100\n|switch|p1b: Calyrex|Calyrex-Ice, L50|100/100\n|-ability|p2b: Calyrex|As One\n|-ability|p2b: Calyrex|Unnerve\n|-ability|p1b: Calyrex|As One\n|-ability|p1b: Calyrex|Unnerve\n|turn|7\n|c|\u2606kaseypocius|gg\n|\n|t:|1774893692\n|move|p2b: Calyrex|Astral Barrage|p1b: Calyrex\n|-supereffective|p1b: Calyrex\n|-damage|p1b: Calyrex|0 fnt\n|faint|p1b: Calyrex\n|-damage|p2b: Calyrex|91/100|[from] item: Life Orb\n|\n|win|newlifecicle\n|raw|kaseypocius's rating: 1424 &rarr; <strong>1416</strong><br />(-8 for losing)\n|raw|newlifecicle's rating: 1655 &rarr; <strong>1663</strong><br />(+8 for winning)\n|l|\u2606newlifecicle\n|player|p2|\n","uploadtime":1774893719,"views":19,"formatid":"gen9vgc2026regi","rating":1416,"private":0,"password":null}