{"id":"gen9vgc2026regi-2567650676","format":"[Gen 9] VGC 2026 Reg I","players":["mash2489194646","clefci"],"log":"|j|\u2606mash2489194646\n|j|\u2606clefci\n|t:|1774498401\n|gametype|doubles\n|player|p1|mash2489194646|266|1284\n|player|p2|clefci|102|1376\n|gen|9\n|tier|[Gen 9] VGC 2026 Reg I\n|rated|\n|rule|Species Clause: Limit one of each Pok\u00e9mon\n|rule|Item Clause: Limit 1 of each item\n|clearpoke\n|poke|p1|Miraidon, L50|\n|poke|p1|Ho-Oh, L50|\n|poke|p1|Ursaluna, L50, F|\n|poke|p1|Iron Hands, L50|\n|poke|p1|Grimmsnarl, L50, M|\n|poke|p1|Farigiraf, L50, F|\n|poke|p2|Groudon, L50|\n|poke|p2|Lunala, L50|\n|poke|p2|Smeargle, L50, F|\n|poke|p2|Tornadus, L50, M|\n|poke|p2|Flutter Mane, L50|\n|poke|p2|Gouging Fire, L50|\n|teampreview|4\n|inactive|Battle timer is ON: inactive players will automatically lose when time's up. (requested by clefci)\n|\n|t:|1774498432\n|teamsize|p1|4\n|teamsize|p2|4\n|start\n|switch|p1a: Grimmsnarl|Grimmsnarl, L50, M|100/100\n|switch|p1b: Miraidon|Miraidon, L50|100/100\n|switch|p2a: Lunala|Lunala, L50|100/100\n|switch|p2b: Smeargle|Smeargle, L50, F|100/100\n|-fieldstart|move: Electric Terrain|[from] ability: Hadron Engine|[of] p1b: Miraidon\n|turn|1\n|\n|t:|1774498446\n|-terastallize|p2a: Lunala|Fairy\n|move|p2b: Smeargle|Fake Out|p1a: Grimmsnarl\n|-damage|p1a: Grimmsnarl|96/100\n|cant|p1a: Grimmsnarl|flinch\n|move|p1b: Miraidon|Electro Drift|p2a: Lunala\n|-damage|p2a: Lunala|50/100\n|move|p2a: Lunala|Dazzling Gleam|p1a: Grimmsnarl|[spread] p1a,p1b\n|-supereffective|p1a: Grimmsnarl\n|-supereffective|p1b: Miraidon\n|-damage|p1a: Grimmsnarl|0 fnt\n|-damage|p1b: Miraidon|4/100\n|faint|p1a: Grimmsnarl\n|\n|-ability|p2b: Smeargle|Moody|boost\n|-boost|p2b: Smeargle|atk|2\n|-unboost|p2b: Smeargle|spd|1\n|upkeep\n|\n|t:|1774498460\n|switch|p1a: Iron Hands|Iron Hands, L50|100/100\n|-activate|p1a: Iron Hands|ability: Quark Drive\n|-start|p1a: Iron Hands|quarkdriveatk\n|turn|2\n|\n|t:|1774498469\n|switch|p2a: Groudon|Groudon, L50|100/100\n|-weather|SunnyDay|[from] ability: Drought|[of] p2a: Groudon\n|move|p1a: Iron Hands|Fake Out|p2b: Smeargle\n|-damage|p2b: Smeargle|60/100\n|move|p1b: Miraidon|Electro Drift|p2a: Groudon\n|-immune|p2a: Groudon\n|cant|p2b: Smeargle|flinch\n|\n|-weather|SunnyDay|[upkeep]\n|-ability|p2b: Smeargle|Moody|boost\n|-boost|p2b: Smeargle|spe|2\n|-unboost|p2b: Smeargle|atk|1\n|upkeep\n|turn|3\n|\n|t:|1774498483\n|-terastallize|p1a: Iron Hands|Grass\n|move|p2b: Smeargle|Decorate|p2a: Groudon\n|-boost|p2a: Groudon|atk|2\n|-boost|p2a: Groudon|spa|2\n|move|p1b: Miraidon|Electro Drift|p2b: Smeargle\n|-damage|p2b: Smeargle|0 fnt\n|faint|p2b: Smeargle\n|move|p2a: Groudon|Precipice Blades|p1b: Miraidon|[spread] p1b\n|-miss|p2a: Groudon|p1a: Iron Hands\n|-supereffective|p1b: Miraidon\n|-damage|p1b: Miraidon|0 fnt\n|faint|p1b: Miraidon\n|move|p1a: Iron Hands|Low Kick|p2a: Groudon\n|-damage|p2a: Groudon|42/100\n|\n|-weather|SunnyDay|[upkeep]\n|upkeep\n|\n|t:|1774498499\n|switch|p1b: Ursaluna|Ursaluna, L50, F|100/100\n|switch|p2b: Lunala|Lunala, L50, tera:Fairy|50/100\n|turn|4\n|\n|t:|1774498513\n|move|p1b: Ursaluna|Protect|p1b: Ursaluna\n|-singleturn|p1b: Ursaluna|Protect\n|move|p2a: Groudon|Heat Crash|p1a: Iron Hands\n|-supereffective|p1a: Iron Hands\n|-damage|p1a: Iron Hands|22/100\n|move|p2b: Lunala|Heat Wave|p1b: Ursaluna|[spread] p1a\n|-activate|p1b: Ursaluna|move: Protect\n|-supereffective|p1a: Iron Hands\n|-damage|p1a: Iron Hands|0 fnt\n|faint|p1a: Iron Hands\n|-end|p1a: Iron Hands|Quark Drive|[silent]\n|\n|-weather|SunnyDay|[upkeep]\n|-status|p1b: Ursaluna|brn|[from] item: Flame Orb\n|upkeep\n|turn|5\n|\n|t:|1774498522\n|move|p2a: Groudon|Precipice Blades|p1b: Ursaluna\n|-damage|p1b: Ursaluna|11/100 brn\n|move|p2b: Lunala|Heat Wave|p1b: Ursaluna\n|-damage|p1b: Ursaluna|0 fnt\n|faint|p1b: Ursaluna\n|\n|win|clefci\n|raw|mash2489194646's rating: 1284 &rarr; <strong>1265</strong><br />(-19 for losing)\n|raw|clefci's rating: 1376 &rarr; <strong>1391</strong><br />(+15 for winning)\n|l|\u2606clefci\n|player|p2|\n","uploadtime":1774498729,"views":13,"formatid":"gen9vgc2026regi","rating":1265,"private":0,"password":null}