{"id":"gen9vgc2026regi-2560551365","format":"[Gen 9] VGC 2026 Reg I","players":["phacmarc","terafireflareblitz"],"log":"|j|\u2606phacmarc\n|j|\u2606terafireflareblitz\n|t:|1773698338\n|gametype|doubles\n|player|p1|phacmarc|winona|1250\n|player|p2|terafireflareblitz|sycamore|1259\n|gen|9\n|tier|[Gen 9] VGC 2026 Reg I\n|rated|\n|rule|Species Clause: Limit one of each Pok\u00e9mon\n|rule|Item Clause: Limit 1 of each item\n|clearpoke\n|poke|p1|Miraidon, L50|\n|poke|p1|Ho-Oh, L50|\n|poke|p1|Iron Treads, L50|\n|poke|p1|Farigiraf, L50, M|\n|poke|p1|Iron Bundle, L50|\n|poke|p1|Iron Hands, L50|\n|poke|p2|Koraidon, L50|\n|poke|p2|Lunala, L50|\n|poke|p2|Indeedee-F, L50, F|\n|poke|p2|Flutter Mane, L50|\n|poke|p2|Chi-Yu, L50|\n|poke|p2|Ursaluna, L50, F|\n|teampreview|4\n|inactive|Battle timer is ON: inactive players will automatically lose when time's up. (requested by terafireflareblitz)\n|\n|t:|1773698357\n|teamsize|p1|4\n|teamsize|p2|4\n|start\n|switch|p1a: Miraidon|Miraidon, L50|100/100\n|switch|p1b: Farigiraf|Farigiraf, L50, M|100/100\n|switch|p2a: Lunala|Lunala, L50, shiny|100/100\n|switch|p2b: Indeedee|Indeedee-F, L50, F, shiny|100/100\n|-fieldstart|move: Electric Terrain|[from] ability: Hadron Engine|[of] p1a: Miraidon\n|-enditem|p1b: Farigiraf|Electric Seed\n|-boost|p1b: Farigiraf|def|1|[from] item: Electric Seed\n|-fieldstart|move: Psychic Terrain|[from] ability: Psychic Surge|[of] p2b: Indeedee\n|turn|1\n|\n|t:|1773698380\n|switch|p2b: Ursaluna|Ursaluna, L50, F, shiny|100/100\n|move|p1a: Miraidon|Volt Switch|p2a: Lunala\n|-damage|p2a: Lunala|80/100\n|\n|t:|1773698400\n|switch|p1a: Iron Treads|Iron Treads, L50|100/100|[from] Volt Switch\n|move|p2a: Lunala|Expanding Force|p1b: Farigiraf|[spread] p1a,p1b\n|-resisted|p1a: Iron Treads\n|-resisted|p1b: Farigiraf\n|-damage|p1a: Iron Treads|55/100\n|-damage|p1b: Farigiraf|70/100\n|move|p1b: Farigiraf|Trick Room|p1b: Farigiraf\n|-fieldstart|move: Trick Room|[of] p1b: Farigiraf\n|\n|-status|p2b: Ursaluna|brn|[from] item: Flame Orb\n|upkeep\n|turn|2\n|\n|t:|1773698421\n|-end|p1a: Iron Treads|Quark Drive|[silent]\n|switch|p1a: Ho-Oh|Ho-Oh, L50|100/100\n|move|p2a: Lunala|Wide Guard|p2a: Lunala\n|-singleturn|p2a: Lunala|Wide Guard\n|move|p2b: Ursaluna|Earthquake|p1a: Ho-Oh|[spread] p1b\n|-activate|p2a: Lunala|move: Wide Guard\n|-immune|p1a: Ho-Oh\n|-damage|p1b: Farigiraf|36/100\n|move|p1b: Farigiraf|Trick Room|p1b: Farigiraf\n|-fieldend|move: Trick Room\n|\n|-damage|p2b: Ursaluna|95/100 brn|[from] brn\n|upkeep\n|turn|3\n|inactive|phacmarc has 30 seconds left.\n|\n|t:|1773698452\n|move|p2a: Lunala|Meteor Beam||[still]\n|-prepare|p2a: Lunala|Meteor Beam\n|-boost|p2a: Lunala|spa|1\n|-enditem|p2a: Lunala|Power Herb\n|-anim|p2a: Lunala|Meteor Beam|p1a: Ho-Oh\n|-supereffective|p1a: Ho-Oh\n|-damage|p1a: Ho-Oh|0 fnt\n|faint|p1a: Ho-Oh\n|move|p1b: Farigiraf|Foul Play|p2b: Ursaluna\n|-damage|p2b: Ursaluna|68/100 brn\n|move|p2b: Ursaluna|Facade|p1b: Farigiraf\n|-damage|p1b: Farigiraf|0 fnt\n|faint|p1b: Farigiraf\n|\n|-damage|p2b: Ursaluna|63/100 brn|[from] brn\n|upkeep\n|\n|t:|1773698468\n|switch|p1a: Miraidon|Miraidon, L50|100/100\n|switch|p1b: Iron Treads|Iron Treads, L50|55/100\n|-fieldstart|move: Electric Terrain|[from] ability: Hadron Engine|[of] p1a: Miraidon\n|-activate|p1b: Iron Treads|ability: Quark Drive\n|-start|p1b: Iron Treads|quarkdrivespe\n|turn|4\n|\n|t:|1773698492\n|switch|p2b: Indeedee|Indeedee-F, L50, F, shiny|100/100\n|-fieldstart|move: Psychic Terrain|[from] ability: Psychic Surge|[of] p2b: Indeedee\n|-end|p1b: Iron Treads|Quark Drive\n|-terastallize|p1a: Miraidon|Fairy\n|move|p1a: Miraidon|Dazzling Gleam|p2b: Indeedee|[spread] p2a,p2b\n|-damage|p2a: Lunala|48/100\n|-damage|p2b: Indeedee|54/100\n|move|p1b: Iron Treads|Knock Off|p2a: Lunala\n|-supereffective|p2a: Lunala\n|-damage|p2a: Lunala|0 fnt\n|faint|p2a: Lunala\n|-damage|p1b: Iron Treads|45/100|[from] item: Life Orb\n|\n|upkeep\n|\n|t:|1773698503\n|switch|p2a: Koraidon|Koraidon, L50, shiny|100/100\n|-weather|SunnyDay|[from] ability: Orichalcum Pulse|[of] p2a: Koraidon\n|-activate|p2a: Koraidon|Orichalcum Pulse|[source]\n|turn|5\n|\n|t:|1773698521\n|-terastallize|p2a: Koraidon|Fire\n|move|p2b: Indeedee|Follow Me|p2b: Indeedee\n|-singleturn|p2b: Indeedee|move: Follow Me\n|move|p1a: Miraidon|Dazzling Gleam|p2a: Koraidon|[spread] p2a,p2b\n|-resisted|p2a: Koraidon\n|-damage|p2a: Koraidon|77/100\n|-damage|p2b: Indeedee|8/100\n|move|p2a: Koraidon|Flare Blitz|p1a: Miraidon\n|-damage|p1a: Miraidon|0 fnt\n|faint|p1a: Miraidon\n|-damage|p2a: Koraidon|44/100|[from] Recoil\n|-damage|p2a: Koraidon|34/100|[from] item: Life Orb\n|move|p1b: Iron Treads|High Horsepower|p2b: Indeedee\n|-damage|p2b: Indeedee|0 fnt\n|faint|p2b: Indeedee\n|-damage|p1b: Iron Treads|35/100|[from] item: Life Orb\n|\n|-weather|SunnyDay|[upkeep]\n|upkeep\n|\n|t:|1773698523\n|switch|p2b: Ursaluna|Ursaluna, L50, F, shiny|63/100 brn\n|turn|6\n|\n|t:|1773698544\n|move|p2a: Koraidon|Flare Blitz|p1b: Iron Treads\n|-supereffective|p1b: Iron Treads\n|-damage|p1b: Iron Treads|0 fnt\n|faint|p1b: Iron Treads\n|-end|p1b: Iron Treads|Quark Drive|[silent]\n|-damage|p2a: Koraidon|23/100|[from] Recoil\n|-damage|p2a: Koraidon|14/100|[from] item: Life Orb\n|\n|win|terafireflareblitz\n|raw|phacmarc's rating: 1250 &rarr; <strong>1226</strong><br />(-24 for losing)\n|raw|terafireflareblitz's rating: 1259 &rarr; <strong>1283</strong><br />(+24 for winning)\n","uploadtime":1773698544,"views":10,"formatid":"gen9vgc2026regi","rating":1226,"private":0,"password":null}