{"id":"gen9vgc2026regi-2588129848","format":"[Gen 9] VGC 2026 Reg I","players":["TrumpIsPoopy","wasaad5"],"log":"|j|\u2606TrumpIsPoopy\n|j|\u2606wasaad5\n|t:|1776607415\n|gametype|doubles\n|player|p1|TrumpIsPoopy|unknown|1198\n|player|p2|wasaad5|blue|1281\n|gen|9\n|tier|[Gen 9] VGC 2026 Reg I\n|rated|\n|rule|Species Clause: Limit one of each Pok\u00e9mon\n|rule|Item Clause: Limit 1 of each item\n|clearpoke\n|poke|p1|Miraidon, L50|\n|poke|p1|Kyogre, L50|\n|poke|p1|Cinderace, L50, M|\n|poke|p1|Rillaboom, L50, F|\n|poke|p1|Kommo-o, L50, M|\n|poke|p1|Sneasler, L50, M|\n|poke|p2|Kyurem-White, L50|\n|poke|p2|Zacian-*, L50|\n|poke|p2|Sableye, L50, M|\n|poke|p2|Urshifu-*, L50, F|\n|poke|p2|Amoonguss, L50, M|\n|poke|p2|Incineroar, L50, F|\n|teampreview|4\n|\n|t:|1776607436\n|teamsize|p1|4\n|teamsize|p2|4\n|start\n|switch|p1a: Cinderace|Cinderace, L50, M|100/100\n|switch|p1b: Rillaboom|Rillaboom, L50, F|100/100\n|switch|p2a: Zacian|Zacian-Crowned, L50|100/100\n|switch|p2b: Kyurem|Kyurem-White, L50, shiny|100/100\n|-ability|p2a: Zacian|Intrepid Sword|boost\n|-boost|p2a: Zacian|atk|1\n|-ability|p2b: Kyurem|Turboblaze\n|-fieldstart|move: Grassy Terrain|[from] ability: Grassy Surge|[of] p1b: Rillaboom\n|turn|1\n|\n|t:|1776607457\n|move|p2a: Zacian|Protect|p2a: Zacian\n|-singleturn|p2a: Zacian|Protect\n|move|p1a: Cinderace|Fire Pledge|p2a: Zacian\n|-waiting|p1a: Cinderace|p1b: Rillaboom\n|move|p1b: Rillaboom|Grass Pledge|p2a: Zacian|[from] move: Fire Pledge\n|-activate|p2a: Zacian|move: Protect\n|move|p2b: Kyurem|Freeze-Dry|p1b: Rillaboom\n|-supereffective|p1b: Rillaboom\n|-damage|p1b: Rillaboom|0 fnt\n|faint|p1b: Rillaboom\n|-damage|p2b: Kyurem|91/100|[from] item: Life Orb\n|\n|-heal|p2b: Kyurem|97/100|[from] Grassy Terrain\n|upkeep\n|\n|t:|1776607472\n|switch|p1b: Miraidon|Miraidon, L50|100/100\n|-fieldstart|move: Electric Terrain|[from] ability: Hadron Engine|[of] p1b: Miraidon\n|turn|2\n|\n|t:|1776607481\n|-terastallize|p2a: Zacian|Ground\n|-terastallize|p1b: Miraidon|Fairy\n|move|p2a: Zacian|Tera Blast|p1b: Miraidon|[anim] Tera Blast Ground\n|-damage|p1b: Miraidon|28/100\n|move|p1b: Miraidon|Dazzling Gleam|p2a: Zacian|[spread] p2a,p2b\n|-supereffective|p2b: Kyurem\n|-damage|p2a: Zacian|37/100\n|-damage|p2b: Kyurem|0 fnt\n|faint|p2b: Kyurem\n|move|p1a: Cinderace|Pyro Ball|p2a: Zacian\n|-crit|p2a: Zacian\n|-damage|p2a: Zacian|0 fnt\n|faint|p2a: Zacian\n|\n|upkeep\n|\n|t:|1776607489\n|switch|p2a: Urshifu|Urshifu-Rapid-Strike, L50, F|100/100\n|switch|p2b: Incineroar|Incineroar, L50, F|100/100\n|-ability|p2b: Incineroar|Intimidate|boost\n|-unboost|p1a: Cinderace|atk|1\n|-unboost|p1b: Miraidon|atk|1\n|turn|3\n|\n|t:|1776607510\n|move|p2b: Incineroar|Fake Out|p1a: Cinderace\n|-damage|p1a: Cinderace|83/100\n|cant|p1a: Cinderace|flinch\n|move|p2a: Urshifu|Surging Strikes|p1b: Miraidon\n|-crit|p1b: Miraidon\n|-damage|p1b: Miraidon|4/100\n|-crit|p1b: Miraidon\n|-damage|p1b: Miraidon|0 fnt\n|faint|p1b: Miraidon\n|-hitcount|p1: Miraidon|2\n|\n|upkeep\n|\n|t:|1776607520\n|switch|p1b: Kyogre|Kyogre, L50|100/100\n|-weather|RainDance|[from] ability: Drizzle|[of] p1b: Kyogre\n|turn|4\n|\n|t:|1776607539\n|move|p1a: Cinderace|Sucker Punch|p2a: Urshifu\n|-resisted|p2a: Urshifu\n|-damage|p2a: Urshifu|93/100\n|move|p1b: Kyogre|Origin Pulse|p2a: Urshifu|[spread] p2a,p2b\n|-resisted|p2a: Urshifu\n|-supereffective|p2b: Incineroar\n|-damage|p2a: Urshifu|37/100\n|-damage|p2b: Incineroar|32/100\n|move|p2a: Urshifu|Surging Strikes|p1b: Kyogre\n|-resisted|p1b: Kyogre\n|-crit|p1b: Kyogre\n|-damage|p1b: Kyogre|81/100\n|-resisted|p1b: Kyogre\n|-crit|p1b: Kyogre\n|-damage|p1b: Kyogre|61/100\n|-resisted|p1b: Kyogre\n|-crit|p1b: Kyogre\n|-damage|p1b: Kyogre|40/100\n|-hitcount|p1b: Kyogre|3\n|move|p2b: Incineroar|Knock Off|p1a: Cinderace\n|-damage|p1a: Cinderace|29/100\n|-enditem|p1a: Cinderace|Focus Sash|[from] move: Knock Off|[of] p2b: Incineroar\n|\n|-weather|RainDance|[upkeep]\n|upkeep\n|turn|5\n|\n|t:|1776607562\n|move|p1b: Kyogre|Origin Pulse|p2b: Incineroar|[spread] p2a,p2b\n|-resisted|p2a: Urshifu\n|-supereffective|p2b: Incineroar\n|-damage|p2a: Urshifu|0 fnt\n|-damage|p2b: Incineroar|0 fnt\n|faint|p2a: Urshifu\n|faint|p2b: Incineroar\n|\n|win|TrumpIsPoopy\n|raw|TrumpIsPoopy's rating: 1198 &rarr; <strong>1229</strong><br />(+31 for winning)\n|raw|wasaad5's rating: 1281 &rarr; <strong>1250</strong><br />(-31 for losing)\n|l|\u2606wasaad5\n|player|p2|\n|l|\u2606TrumpIsPoopy\n|player|p1|\n","uploadtime":1776607700,"views":8,"formatid":"gen9vgc2026regi","rating":1229,"private":0,"password":null}