{"id":"gen9vgc2026regi-2547514103","format":"[Gen 9] VGC 2026 Reg I","players":["qingxi\u98ce\u5996\u7cbe\u4fa0fyjx","Alex Soto's fan"],"log":"|j|\u2606qingxi\u98ce\u5996\u7cbe\u4fa0fyjx\n|j|\u2606Alex Soto's fan\n|t:|1772101659\n|gametype|doubles\n|player|p1|qingxi\u98ce\u5996\u7cbe\u4fa0fyjx|beauty-gen4dp|1325\n|player|p2|Alex Soto's fan|170|1399\n|gen|9\n|tier|[Gen 9] VGC 2026 Reg I\n|rated|\n|rule|Species Clause: Limit one of each Pok\u00e9mon\n|rule|Item Clause: Limit 1 of each item\n|clearpoke\n|poke|p1|Calyrex-Shadow, L50|\n|poke|p1|Zamazenta-*, L50|\n|poke|p1|Whimsicott, L50, M|\n|poke|p1|Maushold-Four, L50|\n|poke|p1|Chi-Yu, L50|\n|poke|p1|Amoonguss, L50, F|\n|poke|p2|Kyogre, L50|\n|poke|p2|Calyrex-Ice, L50|\n|poke|p2|Urshifu-*, L50, F|\n|poke|p2|Landorus, L50, M|\n|poke|p2|Tornadus, L50, M|\n|poke|p2|Rillaboom, L50, M|\n|teampreview|4\n|inactive|Battle timer is ON: inactive players will automatically lose when time's up. (requested by Alex Soto's fan)\n|j| Rxu\n|inactive|Alex Soto's fan has 60 seconds left.\n|\n|t:|1772101694\n|teamsize|p1|4\n|teamsize|p2|4\n|start\n|switch|p1a: Whimsicott|Whimsicott, L50, M, shiny|100/100\n|switch|p1b: Maushold|Maushold-Four, L50, shiny|100/100\n|switch|p2a: Kyogre|Kyogre, L50, shiny|100/100\n|switch|p2b: Landorus|Landorus, L50, M, shiny|100/100\n|-weather|RainDance|[from] ability: Drizzle|[of] p2a: Kyogre\n|turn|1\n|inactive|Alex Soto's fan has 30 seconds left.\n|\n|t:|1772101727\n|move|p1b: Maushold|Protect|p1b: Maushold\n|-singleturn|p1b: Maushold|Protect\n|move|p2a: Kyogre|Protect|p2a: Kyogre\n|-singleturn|p2a: Kyogre|Protect\n|move|p1a: Whimsicott|Tailwind|p1a: Whimsicott\n|-sidestart|p1: qingxi\u98ce\u5996\u7cbe\u4fa0fyjx|move: Tailwind\n|move|p2b: Landorus|Sludge Bomb|p1a: Whimsicott\n|-supereffective|p1a: Whimsicott\n|-crit|p1a: Whimsicott\n|-enditem|p1a: Whimsicott|Focus Sash\n|-damage|p1a: Whimsicott|1/100\n|\n|-weather|RainDance|[upkeep]\n|upkeep\n|turn|2\n|\n|t:|1772101746\n|switch|p2a: Calyrex|Calyrex-Ice, L50|100/100\n|-ability|p2a: Calyrex|As One\n|-ability|p2a: Calyrex|Unnerve\n|-terastallize|p2b: Landorus|Ghost\n|move|p1a: Whimsicott|Endeavor|p2b: Landorus\n|-immune|p2b: Landorus\n|move|p1b: Maushold|Population Bomb|p2a: Calyrex\n|-damage|p2a: Calyrex|93/100\n|-damage|p2a: Calyrex|86/100\n|-damage|p2a: Calyrex|79/100\n|-damage|p2a: Calyrex|72/100\n|-damage|p2a: Calyrex|65/100\n|-crit|p2a: Calyrex\n|-damage|p2a: Calyrex|55/100\n|-damage|p2a: Calyrex|47/100\n|-hitcount|p2a: Calyrex|7\n|move|p2b: Landorus|Sludge Bomb|p1b: Maushold\n|-damage|p1b: Maushold|41/100\n|\n|-weather|RainDance|[upkeep]\n|upkeep\n|turn|3\n|inactive|qingxi\u98ce\u5996\u7cbe\u4fa0fyjx has 30 seconds left.\n|inactive|Alex Soto's fan has 30 seconds left.\n|inactive|Alex Soto's fan has 20 seconds left.\n|inactive|qingxi\u98ce\u5996\u7cbe\u4fa0fyjx has 20 seconds left.\n|\n|t:|1772101787\n|move|p1a: Whimsicott|Endeavor|p2a: Calyrex\n|-damage|p2a: Calyrex|1/100\n|move|p1b: Maushold|Bite|p2a: Calyrex\n|-supereffective|p2a: Calyrex\n|-damage|p2a: Calyrex|0 fnt\n|faint|p2a: Calyrex\n|move|p2b: Landorus|Sludge Bomb|p1b: Maushold\n|-damage|p1b: Maushold|0 fnt\n|faint|p1b: Maushold\n|\n|-weather|RainDance|[upkeep]\n|upkeep\n|\n|t:|1772101796\n|switch|p1b: Calyrex|Calyrex-Shadow, L50|100/100\n|switch|p2a: Kyogre|Kyogre, L50, shiny|100/100\n|-ability|p1b: Calyrex|As One\n|-ability|p1b: Calyrex|Unnerve\n|turn|4\n|\n|t:|1772101820\n|switch|p2b: Tornadus|Tornadus, L50, M, shiny|100/100\n|move|p1a: Whimsicott|Encore||[still]\n|-fail|p1a: Whimsicott\n|move|p1b: Calyrex|Astral Barrage|p2b: Tornadus|[spread] p2a,p2b\n|-damage|p2a: Kyogre|55/100\n|-damage|p2b: Tornadus|5/100\n|-damage|p1b: Calyrex|91/100|[from] item: Life Orb\n|move|p2a: Kyogre|Origin Pulse|p1b: Calyrex|[spread] p1a\n|-miss|p2a: Kyogre|p1b: Calyrex\n|-resisted|p1a: Whimsicott\n|-damage|p1a: Whimsicott|0 fnt\n|faint|p1a: Whimsicott\n|\n|-weather|RainDance|[upkeep]\n|-sideend|p1: qingxi\u98ce\u5996\u7cbe\u4fa0fyjx|move: Tailwind\n|upkeep\n|\n|t:|1772101830\n|switch|p1a: Zamazenta|Zamazenta-Crowned, L50|100/100\n|-ability|p1a: Zamazenta|Dauntless Shield|boost\n|-boost|p1a: Zamazenta|def|1\n|turn|5\n|\n|t:|1772101845\n|-terastallize|p1a: Zamazenta|Dragon\n|move|p1b: Calyrex|Protect|p1b: Calyrex\n|-singleturn|p1b: Calyrex|Protect\n|move|p2b: Tornadus|Tailwind|p2b: Tornadus\n|-sidestart|p2: Alex Soto's fan|move: Tailwind\n|move|p2a: Kyogre|Ice Beam|p1b: Calyrex\n|-activate|p1b: Calyrex|move: Protect\n|move|p1a: Zamazenta|Body Press|p2a: Kyogre\n|-damage|p2a: Kyogre|0 fnt\n|faint|p2a: Kyogre\n|\n|-weather|none\n|upkeep\n|\n|t:|1772101849\n|switch|p2a: Landorus|Landorus, L50, M, shiny, tera:Ghost|100/100\n|turn|6\n|\n|t:|1772101856\n|move|p2a: Landorus|Earth Power|p1b: Calyrex\n|-damage|p1b: Calyrex|31/100\n|move|p2b: Tornadus|Hurricane|p1b: Calyrex\n|-damage|p1b: Calyrex|0 fnt\n|faint|p1b: Calyrex\n|move|p1a: Zamazenta|Body Press|p2b: Tornadus\n|-resisted|p2b: Tornadus\n|-damage|p2b: Tornadus|0 fnt\n|faint|p2b: Tornadus\n|\n|upkeep\n|turn|7\n|\n|t:|1772101866\n|move|p2a: Landorus|Earth Power|p1a: Zamazenta\n|-damage|p1a: Zamazenta|59/100\n|move|p1a: Zamazenta|Heavy Slam|p2a: Landorus\n|-damage|p2a: Landorus|46/100\n|\n|upkeep\n|turn|8\n|\n|t:|1772101874\n|move|p2a: Landorus|Earth Power|p1a: Zamazenta\n|-damage|p1a: Zamazenta|19/100\n|move|p1a: Zamazenta|Heavy Slam|p2a: Landorus\n|-damage|p2a: Landorus|0 fnt\n|faint|p2a: Landorus\n|\n|win|qingxi\u98ce\u5996\u7cbe\u4fa0fyjx\n|raw|qingxi\u98ce\u5996\u7cbe\u4fa0fyjx's rating: 1325 &rarr; <strong>1349</strong><br />(+24 for winning)\n|raw|Alex Soto&apos;s fan's rating: 1399 &rarr; <strong>1375</strong><br />(-24 for losing)\n|l|\u2606Alex Soto's fan\n|player|p2|\n|l|\u2606qingxi\u98ce\u5996\u7cbe\u4fa0fyjx\n|player|p1|\n|l| Rxu\n|j| Rxu\n|l| Rxu\n","uploadtime":1772102108,"views":15,"formatid":"gen9vgc2026regi","rating":1349,"private":0,"password":null}