{"id":"gen9vgc2026regi-2564351514","format":"[Gen 9] VGC 2026 Reg I","players":["Joel12RM","conniecut"],"log":"|j|\u2606Joel12RM\n|j|\u2606conniecut\n|t:|1774135637\n|gametype|doubles\n|player|p1|Joel12RM|schoolkid-gen4|1166\n|player|p2|conniecut|lady|1233\n|gen|9\n|tier|[Gen 9] VGC 2026 Reg I\n|rated|\n|rule|Species Clause: Limit one of each Pok\u00e9mon\n|rule|Item Clause: Limit 1 of each item\n|clearpoke\n|poke|p1|Amoonguss, L50, F|\n|poke|p1|Calyrex-Ice, L50|\n|poke|p1|Kyogre, L50|\n|poke|p1|Urshifu-*, L50, F|\n|poke|p1|Rillaboom, L50, F|\n|poke|p1|Flutter Mane, L50|\n|poke|p2|Calyrex-Ice, L50|\n|poke|p2|Sentret, L50, F|\n|poke|p2|Ho-Oh, L50|\n|poke|p2|Ursaluna-Bloodmoon, L50, M|\n|poke|p2|Amoonguss, L50, F|\n|poke|p2|Urshifu-*, L50, M|\n|teampreview|4\nJoel12RM has agreed to open team sheets.\n|\n|t:|1774135700\n|teamsize|p1|4\n|teamsize|p2|4\n|start\n|switch|p1a: Calyrex|Calyrex-Ice, L50|100/100\n|switch|p1b: Amoonguss|Amoonguss, L50, F|100/100\n|switch|p2a: Calyrex|Calyrex-Ice, L50|100/100\n|switch|p2b: Sentret|Sentret, L50, F|100/100\n|-ability|p2a: Calyrex|As One\n|-ability|p2a: Calyrex|Unnerve\n|-ability|p1a: Calyrex|As One\n|-ability|p1a: Calyrex|Unnerve\n|-item|p1a: Calyrex|Leftovers|[from] ability: Frisk|[of] p2b: Sentret\n|-item|p1b: Amoonguss|Rocky Helmet|[from] ability: Frisk|[of] p2b: Sentret\n|turn|1\n|inactive|Battle timer is ON: inactive players will automatically lose when time's up. (requested by conniecut)\n|\n|t:|1774135757\n|-terastallize|p1b: Amoonguss|Water\n|move|p2b: Sentret|Helping Hand|p2a: Calyrex\n|-singleturn|p2a: Calyrex|Helping Hand|[of] p2b: Sentret\n|move|p2a: Calyrex|Glacial Lance|p1b: Amoonguss|[spread] p1a,p1b\n|-resisted|p1a: Calyrex\n|-resisted|p1b: Amoonguss\n|-damage|p1a: Calyrex|72/100\n|-damage|p1b: Amoonguss|53/100\n|move|p1a: Calyrex|Leech Seed|p2a: Calyrex\n|-start|p2a: Calyrex|move: Leech Seed\n|move|p1b: Amoonguss|Spore|p2b: Sentret\n|-status|p2b: Sentret|slp|[from] move: Spore\n|\n|-heal|p1a: Calyrex|78/100|[from] item: Leftovers\n|-damage|p2a: Calyrex|88/100|[from] Leech Seed|[of] p1a: Calyrex\n|-heal|p1a: Calyrex|89/100|[silent]\n|upkeep\n|turn|2\n|inactive|Joel12RM has 30 seconds left.\n|inactive|conniecut has 30 seconds left.\n|\n|t:|1774135788\n|switch|p2a: Urshifu|Urshifu, L50, M|100/100\n|switch|p2b: Amoonguss|Amoonguss, L50, F|100/100\n|move|p1b: Amoonguss|Pollen Puff|p2b: Amoonguss\n|-damage|p2b: Amoonguss|84/100\n|move|p1a: Calyrex|Trick Room|p1a: Calyrex\n|-fieldstart|move: Trick Room|[of] p1a: Calyrex\n|\n|-heal|p1a: Calyrex|95/100|[from] item: Leftovers\n|upkeep\n|turn|3\n|\n|t:|1774135811\n|switch|p2a: Sentret|Sentret, L50, F|100/100 slp\n|-item|p1a: Calyrex|Leftovers|[from] ability: Frisk|[of] p2a: Sentret\n|-item|p1b: Amoonguss|Rocky Helmet|[from] ability: Frisk|[of] p2a: Sentret\n|move|p1b: Amoonguss|Rage Powder|p1b: Amoonguss\n|-singleturn|p1b: Amoonguss|move: Rage Powder\n|move|p2b: Amoonguss|Spore|p1a: Calyrex\n|-status|p1a: Calyrex|slp|[from] move: Spore\n|cant|p1a: Calyrex|slp\n|\n|-heal|p1a: Calyrex|100/100 slp|[from] item: Leftovers\n|upkeep\n|turn|4\n|\n|t:|1774135831\n|switch|p2b: Calyrex|Calyrex-Ice, L50|88/100\n|-ability|p2b: Calyrex|As One\n|-ability|p2b: Calyrex|Unnerve\n|switch|p1b: Rillaboom|Rillaboom, L50, F|100/100\n|-fieldstart|move: Grassy Terrain|[from] ability: Grassy Surge|[of] p1b: Rillaboom\n|cant|p2a: Sentret|slp\n|cant|p1a: Calyrex|slp\n|\n|-heal|p2b: Calyrex|94/100|[from] Grassy Terrain\n|upkeep\n|turn|5\n|\n|t:|1774135851\n|-curestatus|p2a: Sentret|slp|[msg]\n|move|p2a: Sentret|Helping Hand|p2b: Calyrex\n|-singleturn|p2b: Calyrex|Helping Hand|[of] p2a: Sentret\n|move|p1b: Rillaboom|Fake Out|p2b: Calyrex\n|-damage|p2b: Calyrex|86/100\n|-curestatus|p1a: Calyrex|slp|[msg]\n|move|p1a: Calyrex|Glacial Lance|p2b: Calyrex|[spread] p2a,p2b\n|-resisted|p2b: Calyrex\n|-enditem|p2a: Sentret|Focus Sash\n|-damage|p2a: Sentret|1/100\n|-damage|p2b: Calyrex|72/100\n|cant|p2b: Calyrex|flinch\n|\n|-heal|p2a: Sentret|7/100|[from] Grassy Terrain\n|-heal|p2b: Calyrex|78/100|[from] Grassy Terrain\n|upkeep\n|turn|6\n|inactive|Joel12RM has 30 seconds left.\n|\n|t:|1774135879\n|switch|p1b: Amoonguss|Amoonguss, L50, F, tera:Water|86/100\n|move|p2a: Sentret|Endeavor|p1a: Calyrex\n|-damage|p1a: Calyrex|4/100\n|move|p1a: Calyrex|Glacial Lance|p2b: Calyrex|[spread] p2a,p2b\n|-resisted|p2b: Calyrex\n|-damage|p2a: Sentret|0 fnt\n|-damage|p2b: Calyrex|62/100\n|faint|p2a: Sentret\n|-ability|p1a: Calyrex|Chilling Neigh|boost\n|-boost|p1a: Calyrex|atk|1\n|move|p2b: Calyrex|Glacial Lance|p1b: Amoonguss|[spread] p1a,p1b\n|-resisted|p1a: Calyrex\n|-resisted|p1b: Amoonguss\n|-damage|p1a: Calyrex|0 fnt\n|-damage|p1b: Amoonguss|56/100\n|faint|p1a: Calyrex\n|-ability|p2b: Calyrex|Chilling Neigh|boost\n|-boost|p2b: Calyrex|atk|1\n|\n|-heal|p1b: Amoonguss|62/100|[from] Grassy Terrain\n|-heal|p2b: Calyrex|68/100|[from] Grassy Terrain\n|-fieldend|move: Trick Room\n|upkeep\n|\n|t:|1774135901\n|switch|p1a: Kyogre|Kyogre, L50|100/100\n|switch|p2a: Urshifu|Urshifu, L50, M|100/100\n|-weather|RainDance|[from] ability: Drizzle|[of] p1a: Kyogre\n|turn|7\n|inactive|conniecut has 30 seconds left.\n|\n|t:|1774135927\n|move|p2a: Urshifu|Wicked Blow|p1a: Kyogre\n|-crit|p1a: Kyogre\n|-damage|p1a: Kyogre|37/100\n|move|p1a: Kyogre|Origin Pulse|p2a: Urshifu|[spread] p2a,p2b\n|-damage|p2a: Urshifu|0 fnt\n|-damage|p2b: Calyrex|8/100\n|faint|p2a: Urshifu\n|move|p2b: Calyrex|Glacial Lance|p1a: Kyogre|[spread] p1a,p1b\n|-resisted|p1a: Kyogre\n|-resisted|p1b: Amoonguss\n|-damage|p1a: Kyogre|0 fnt\n|-damage|p1b: Amoonguss|18/100\n|faint|p1a: Kyogre\n|-ability|p2b: Calyrex|Chilling Neigh|boost\n|-boost|p2b: Calyrex|atk|1\n|move|p1b: Amoonguss|Spore|p2b: Calyrex\n|-status|p2b: Calyrex|slp|[from] move: Spore\n|\n|-weather|RainDance|[upkeep]\n|-heal|p2b: Calyrex|14/100 slp|[from] Grassy Terrain\n|-heal|p1b: Amoonguss|24/100|[from] Grassy Terrain\n|upkeep\n|\n|t:|1774135944\n|switch|p2a: Amoonguss|Amoonguss, L50, F|100/100\n|switch|p1a: Rillaboom|Rillaboom, L50, F|100/100\n|turn|8\n|\n|t:|1774135962\n|move|p1a: Rillaboom|Fake Out|p2a: Amoonguss\n|-damage|p2a: Amoonguss|90/100\n|-damage|p1a: Rillaboom|84/100|[from] item: Rocky Helmet|[of] p2a: Amoonguss\n|cant|p2b: Calyrex|slp\n|move|p1b: Amoonguss|Pollen Puff|p2b: Calyrex\n|-supereffective|p2b: Calyrex\n|-damage|p2b: Calyrex|0 fnt\n|faint|p2b: Calyrex\n|cant|p2a: Amoonguss|flinch\n|\n|-weather|RainDance|[upkeep]\n|-heal|p1a: Rillaboom|90/100|[from] Grassy Terrain\n|-heal|p1b: Amoonguss|30/100|[from] Grassy Terrain\n|-heal|p2a: Amoonguss|96/100|[from] Grassy Terrain\n|-fieldend|move: Grassy Terrain\n|upkeep\n|turn|9\n|-message|conniecut forfeited.\n|\n|win|Joel12RM\n|raw|Joel12RM's rating: 1166 &rarr; <strong>1196</strong><br />(+30 for winning)\n|raw|conniecut's rating: 1233 &rarr; <strong>1203</strong><br />(-30 for losing)\n|l|\u2606conniecut\n|player|p2|\n|l|\u2606Joel12RM\n|player|p1|\n","uploadtime":1774136238,"views":11,"formatid":"gen9vgc2026regi","rating":1196,"private":0,"password":null}