{"id":"gen9vgc2026regi-2530500472","format":"[Gen 9] VGC 2026 Reg I","players":["ky123456","juqiantangnang"],"log":"|j|\u2606ky123456\n|j|\u2606juqiantangnang\n|t:|1769926992\n|gametype|doubles\n|player|p1|ky123456|cynthia-gen4|1418\n|player|p2|juqiantangnang|cynthia-gen4|1289\n|gen|9\n|tier|[Gen 9] VGC 2026 Reg I\n|rated|\n|rule|Species Clause: Limit one of each Pok\u00e9mon\n|rule|Item Clause: Limit 1 of each item\n|clearpoke\n|poke|p1|Lunala, L50|\n|poke|p1|Torkoal, L50, M|\n|poke|p1|Urshifu-*, L50, M|\n|poke|p1|Indeedee-F, L50, F|\n|poke|p1|Calyrex-Ice, L50|\n|poke|p1|Smeargle, L50, M|\n|poke|p2|Calyrex-Ice, L50|\n|poke|p2|Groudon, L50|\n|poke|p2|Leavanny, L50, M|\n|poke|p2|Sableye, L50, M|\n|poke|p2|Bastiodon, L50, M|\n|poke|p2|Incineroar, L50, F|\n|teampreview|4\n|inactive|Battle timer is ON: inactive players will automatically lose when time's up. (requested by juqiantangnang)\n|inactive|ky123456 has 60 seconds left.\n|\n|t:|1769927029\n|teamsize|p1|4\n|teamsize|p2|4\n|start\n|switch|p1a: Lunala|Lunala, L50|100/100\n|switch|p1b: Smeargle|Smeargle, L50, M|100/100\n|switch|p2a: Groudon|Groudon, L50|100/100\n|switch|p2b: Incineroar|Incineroar, L50, F|100/100\n|-weather|SunnyDay|[from] ability: Drought|[of] p2a: Groudon\n|-ability|p2b: Incineroar|Intimidate|boost\n|-unboost|p1a: Lunala|atk|1\n|-unboost|p1b: Smeargle|atk|1\n|turn|1\n|j| riyuezi\n|\n|t:|1769927040\n|move|p2a: Groudon|Protect|p2a: Groudon\n|-singleturn|p2a: Groudon|Protect\n|move|p1b: Smeargle|Fake Out|p2a: Groudon\n|-activate|p2a: Groudon|move: Protect\n|move|p1a: Lunala|Meteor Beam||[still]\n|-prepare|p1a: Lunala|Meteor Beam\n|-boost|p1a: Lunala|spa|1\n|-enditem|p1a: Lunala|Power Herb\n|-anim|p1a: Lunala|Meteor Beam|p2b: Incineroar\n|-supereffective|p2b: Incineroar\n|-damage|p2b: Incineroar|21/100\n|move|p2b: Incineroar|Snarl|p1b: Smeargle|[spread] p1a,p1b\n|-supereffective|p1a: Lunala\n|-damage|p1a: Lunala|84/100\n|-damage|p1b: Smeargle|71/100\n|-unboost|p1a: Lunala|spa|1\n|-unboost|p1b: Smeargle|spa|1\n|\n|-weather|SunnyDay|[upkeep]\n|-ability|p1b: Smeargle|Moody|boost\n|-boost|p1b: Smeargle|spe|2\n|-unboost|p1b: Smeargle|spd|1\n|upkeep\n|turn|2\n|l| riyuezi\n|\n|t:|1769927064\n|move|p1b: Smeargle|Spore|p2a: Groudon\n|-status|p2a: Groudon|slp|[from] move: Spore\n|move|p1a: Lunala|Moongeist Beam|p2b: Incineroar\n|-resisted|p2b: Incineroar\n|-damage|p2b: Incineroar|2/100\n|cant|p2a: Groudon|slp\n|move|p2b: Incineroar|Knock Off|p1a: Lunala\n|-supereffective|p1a: Lunala\n|-damage|p1a: Lunala|14/100\n|\n|-weather|SunnyDay|[upkeep]\n|-ability|p1b: Smeargle|Moody|boost\n|-boost|p1b: Smeargle|spe|2\n|-unboost|p1b: Smeargle|atk|1\n|upkeep\n|turn|3\n|j| riyuezi\n|\n|t:|1769927086\n|move|p1b: Smeargle|Spore|p2b: Incineroar\n|-status|p2b: Incineroar|slp|[from] move: Spore\n|cant|p2a: Groudon|slp\n|cant|p2b: Incineroar|slp\n|move|p1a: Lunala|Trick Room|p1a: Lunala\n|-fieldstart|move: Trick Room|[of] p1a: Lunala\n|\n|-weather|SunnyDay|[upkeep]\n|-ability|p1b: Smeargle|Moody|boost\n|-boost|p1b: Smeargle|spe|2\n|-unboost|p1b: Smeargle|spd|1\n|upkeep\n|turn|4\n|\n|t:|1769927101\n|switch|p1a: Calyrex|Calyrex-Ice, L50|100/100\n|-ability|p1a: Calyrex|As One\n|-ability|p1a: Calyrex|Unnerve\n|-curestatus|p2b: Incineroar|slp|[msg]\n|move|p2b: Incineroar|Knock Off|p1a: Calyrex\n|-supereffective|p1a: Calyrex\n|-damage|p1a: Calyrex|51/100\n|-enditem|p1a: Calyrex|Clear Amulet|[from] move: Knock Off|[of] p2b: Incineroar\n|cant|p2a: Groudon|slp\n|move|p1b: Smeargle|Decorate|p1a: Calyrex\n|-boost|p1a: Calyrex|atk|2\n|-boost|p1a: Calyrex|spa|2\n|\n|-weather|SunnyDay|[upkeep]\n|-ability|p1b: Smeargle|Moody|boost\n|-boost|p1b: Smeargle|atk|2\n|-unboost|p1b: Smeargle|def|1\n|upkeep\n|turn|5\n|l| riyuezi\n|\n|t:|1769927121\n|-curestatus|p2a: Groudon|slp|[msg]\n|move|p2a: Groudon|Protect|p2a: Groudon\n|-singleturn|p2a: Groudon|Protect\n|move|p1b: Smeargle|Follow Me|p1b: Smeargle\n|-singleturn|p1b: Smeargle|move: Follow Me\n|move|p1a: Calyrex|Glacial Lance|p2a: Groudon|[spread] p2b\n|-activate|p2a: Groudon|move: Protect\n|-resisted|p2b: Incineroar\n|-damage|p2b: Incineroar|0 fnt\n|faint|p2b: Incineroar\n|-ability|p1a: Calyrex|Chilling Neigh|boost\n|-boost|p1a: Calyrex|atk|1\n|\n|-weather|none\n|-ability|p1b: Smeargle|Moody|boost\n|-boost|p1b: Smeargle|spd|2\n|-unboost|p1b: Smeargle|def|1\n|upkeep\n|\n|t:|1769927131\n|switch|p2b: Sableye|Sableye, L50, M|100/100\n|turn|6\n|\n|t:|1769927139\n|-terastallize|p2a: Groudon|Fairy\n|move|p1b: Smeargle|Follow Me|p1b: Smeargle\n|-singleturn|p1b: Smeargle|move: Follow Me\n|move|p2b: Sableye|Disable|p1b: Smeargle\n|-start|p1b: Smeargle|Disable|Follow Me\n|move|p1a: Calyrex|Glacial Lance|p2b: Sableye|[spread] p2a,p2b\n|-damage|p2a: Groudon|14/100\n|-damage|p2b: Sableye|0 fnt\n|faint|p2b: Sableye\n|-ability|p1a: Calyrex|Chilling Neigh|boost\n|-boost|p1a: Calyrex|atk|1\n|move|p2a: Groudon|Precipice Blades|p1b: Smeargle|[spread] p1b\n|-miss|p2a: Groudon|p1a: Calyrex\n|-damage|p1b: Smeargle|0 fnt\n|faint|p1b: Smeargle\n|\n|upkeep\n|\n|t:|1769927155\n|switch|p2b: Bastiodon|Bastiodon, L50, M|100/100\n|switch|p1b: Torkoal|Torkoal, L50, M|100/100\n|-weather|SunnyDay|[from] ability: Drought|[of] p1b: Torkoal\n|turn|7\n|\n|t:|1769927164\n|move|p2a: Groudon|Protect|p2a: Groudon\n|-singleturn|p2a: Groudon|Protect\n|move|p1b: Torkoal|Heat Wave|p2a: Groudon|[spread] p2b\n|-activate|p2a: Groudon|move: Protect\n|-damage|p2b: Bastiodon|52/100\n|move|p2b: Bastiodon|Foul Play|p1a: Calyrex\n|-supereffective|p1a: Calyrex\n|-damage|p1a: Calyrex|0 fnt\n|faint|p1a: Calyrex\n|\n|-weather|SunnyDay|[upkeep]\n|-fieldend|move: Trick Room\n|upkeep\n|\n|t:|1769927174\n|switch|p1a: Lunala|Lunala, L50|14/100\n|turn|8\n|\n|t:|1769927183\n|-terastallize|p1b: Torkoal|Fire\n|move|p1a: Lunala|Moongeist Beam|p2b: Bastiodon\n|-damage|p2b: Bastiodon|12/100\n|-enditem|p2b: Bastiodon|Sitrus Berry|[eat]\n|-heal|p2b: Bastiodon|36/100|[from] item: Sitrus Berry\n|move|p2a: Groudon|Precipice Blades|p1b: Torkoal|[spread] p1a,p1b\n|-supereffective|p1b: Torkoal\n|-damage|p1a: Lunala|0 fnt\n|-damage|p1b: Torkoal|26/100\n|faint|p1a: Lunala\n|move|p2b: Bastiodon|Foul Play|p1b: Torkoal\n|-damage|p1b: Torkoal|12/100\n|move|p1b: Torkoal|Heat Wave|p2b: Bastiodon|[spread] p2a,p2b\n|-damage|p2a: Groudon|0 fnt\n|-damage|p2b: Bastiodon|0 fnt\n|faint|p2a: Groudon\n|faint|p2b: Bastiodon\n|\n|win|ky123456\n|raw|ky123456's rating: 1418 &rarr; <strong>1431</strong><br />(+13 for winning)\n|raw|juqiantangnang's rating: 1289 &rarr; <strong>1273</strong><br />(-16 for losing)\n|l|\u2606juqiantangnang\n|player|p2|\n|l|\u2606ky123456\n|player|p1|\n","uploadtime":1769927376,"views":12,"formatid":"gen9vgc2026regi","rating":1273,"private":0,"password":null}