{"id":"gen9vgc2026regi-2546039100","format":"[Gen 9] VGC 2026 Reg I","players":["lalo's pollos","ricepresident666"],"log":"|j|\u2606lalo's pollos\n|j|\u2606ricepresident666\n|t:|1771918684\n|gametype|doubles\n|player|p1|lalo's pollos|2|1419\n|player|p2|ricepresident666|giovanni|1531\n|gen|9\n|tier|[Gen 9] VGC 2026 Reg I\n|rated|\n|rule|Species Clause: Limit one of each Pok\u00e9mon\n|rule|Item Clause: Limit 1 of each item\n|clearpoke\n|poke|p1|Zamazenta-*, L50|\n|poke|p1|Lunala, L50|\n|poke|p1|Rillaboom, L50, F|\n|poke|p1|Incineroar, L50, F|\n|poke|p1|Urshifu-*, L50, F|\n|poke|p1|Tornadus, L50, M|\n|poke|p2|Koraidon, L50|\n|poke|p2|Lunala, L50|\n|poke|p2|Chi-Yu, L50|\n|poke|p2|Ursaluna, L50, F|\n|poke|p2|Brute Bonnet, L50|\n|poke|p2|Flutter Mane, L50|\n|teampreview|4\n|\n|t:|1771918725\n|teamsize|p1|4\n|teamsize|p2|4\n|start\n|switch|p1a: Zamazenta|Zamazenta-Crowned, L50|100/100\n|switch|p1b: Tornadus|Tornadus, L50, M|100/100\n|switch|p2a: Lunala|Lunala, L50, shiny|100/100\n|switch|p2b: Brute Bonnet|Brute Bonnet, L50, shiny|100/100\n|-ability|p1a: Zamazenta|Dauntless Shield|boost\n|-boost|p1a: Zamazenta|def|1\n|turn|1\n|\n|t:|1771918737\n|move|p1b: Tornadus|Bleakwind Storm|p2b: Brute Bonnet|[spread] p2b\n|-miss|p1b: Tornadus|p2a: Lunala\n|-supereffective|p2b: Brute Bonnet\n|-crit|p2b: Brute Bonnet\n|-damage|p2b: Brute Bonnet|6/100\n|move|p1a: Zamazenta|Body Press|p2b: Brute Bonnet\n|-supereffective|p2b: Brute Bonnet\n|-damage|p2b: Brute Bonnet|0 fnt\n|faint|p2b: Brute Bonnet\n|-end|p2b: Brute Bonnet|Protosynthesis|[silent]\n|move|p2a: Lunala|Meteor Beam||[still]\n|-prepare|p2a: Lunala|Meteor Beam\n|-boost|p2a: Lunala|spa|1\n|-enditem|p2a: Lunala|Power Herb\n|-anim|p2a: Lunala|Meteor Beam|p1b: Tornadus\n|-supereffective|p1b: Tornadus\n|-enditem|p1b: Tornadus|Focus Sash\n|-damage|p1b: Tornadus|1/100\n|\n|upkeep\n|\n|t:|1771918754\n|switch|p2b: Chi-Yu|Chi-Yu, L50, shiny|100/100\n|-ability|p2b: Chi-Yu|Beads of Ruin\n|turn|2\n|\n|t:|1771918760\n|-terastallize|p2b: Chi-Yu|Ghost\n|move|p1a: Zamazenta|Protect|p1a: Zamazenta\n|-singleturn|p1a: Zamazenta|Protect\n|move|p1b: Tornadus|Tailwind|p1b: Tornadus\n|-sidestart|p1: lalo's pollos|move: Tailwind\n|move|p2b: Chi-Yu|Heat Wave|p1b: Tornadus|[spread] p1b\n|-activate|p1a: Zamazenta|move: Protect\n|-damage|p1b: Tornadus|0 fnt\n|faint|p1b: Tornadus\n|move|p2a: Lunala|Moongeist Beam|p1a: Zamazenta\n|-activate|p1a: Zamazenta|move: Protect\n|\n|upkeep\n|\n|t:|1771918775\n|switch|p1b: Lunala|Lunala, L50|100/100\n|turn|3\n|\n|t:|1771918794\n|switch|p2b: Koraidon|Koraidon, L50, shiny|100/100\n|-weather|SunnyDay|[from] ability: Orichalcum Pulse|[of] p2b: Koraidon\n|-activate|p2b: Koraidon|Orichalcum Pulse|[source]\n|-terastallize|p1b: Lunala|Fairy\n|move|p1a: Zamazenta|Heavy Slam|p2a: Lunala\n|-damage|p2a: Lunala|82/100\n|move|p1b: Lunala|Moongeist Beam|p2a: Lunala\n|-supereffective|p2a: Lunala\n|-damage|p2a: Lunala|0 fnt\n|faint|p2a: Lunala\n|\n|-weather|SunnyDay|[upkeep]\n|upkeep\n|\n|t:|1771918803\n|switch|p2a: Chi-Yu|Chi-Yu, L50, shiny, tera:Ghost|100/100\n|-ability|p2a: Chi-Yu|Beads of Ruin\n|turn|4\n|\n|t:|1771918818\n|move|p1a: Zamazenta|Body Press|p2b: Koraidon\n|-damage|p2b: Koraidon|41/100\n|move|p1b: Lunala|Moongeist Beam|p2a: Chi-Yu\n|-supereffective|p2a: Chi-Yu\n|-damage|p2a: Chi-Yu|0 fnt\n|faint|p2a: Chi-Yu\n|move|p2b: Koraidon|Flare Blitz|p1b: Lunala\n|-damage|p1b: Lunala|56/100\n|-damage|p2b: Koraidon|22/100|[from] Recoil\n|-damage|p2b: Koraidon|12/100|[from] item: Life Orb\n|\n|-weather|SunnyDay|[upkeep]\n|-heal|p1b: Lunala|62/100|[from] item: Leftovers\n|upkeep\n|turn|5\n|c|\u2606ricepresident666|dhould have tr\n|c|\u2606ricepresident666|should\n|\n|t:|1771918839\n|move|p1a: Zamazenta|Body Press|p2b: Koraidon\n|-damage|p2b: Koraidon|0 fnt\n|faint|p2b: Koraidon\n|\n|win|lalo's pollos\n|raw|lalo&apos;s pollos's rating: 1419 &rarr; <strong>1445</strong><br />(+26 for winning)\n|raw|ricepresident666's rating: 1531 &rarr; <strong>1505</strong><br />(-26 for losing)\n|c|\u2606ricepresident666|ggs\n|c|\u2606lalo's pollos|when\n|c|\u2606lalo's pollos|gg\n|c|\u2606ricepresident666|when you set tw\n|l|\u2606ricepresident666\n|player|p2|\n|c|\u2606lalo's pollos|yea but that wouldve been risky bc u have a whole scarf chi yu right there\n|c|\u2606lalo's pollos|it was the optimal play in hidsight but yea\n","uploadtime":1771919087,"views":14,"formatid":"gen9vgc2026regi","rating":1445,"private":0,"password":null}