{"id":"gen9vgc2026regi-2588021090","format":"[Gen 9] VGC 2026 Reg I","players":["pigduckeater","Markingdra"],"log":"|j|\u2606pigduckeater\n|j|\u2606Markingdra\n|t:|1776594038\n|gametype|doubles\n|player|p1|pigduckeater|265|1441\n|player|p2|Markingdra|unknown|1462\n|gen|9\n|tier|[Gen 9] VGC 2026 Reg I\n|rated|\n|rule|Species Clause: Limit one of each Pok\u00e9mon\n|rule|Item Clause: Limit 1 of each item\n|clearpoke\n|poke|p1|Miraidon, L50|\n|poke|p1|Calyrex-Ice, L50|\n|poke|p1|Illumise, L50, F|\n|poke|p1|Weezing-Galar, L50, M|\n|poke|p1|Urshifu-*, L50, M|\n|poke|p1|Incineroar, L50, M|\n|poke|p2|Koraidon, L50|\n|poke|p2|Calyrex-Shadow, L50|\n|poke|p2|Incineroar, L50, F|\n|poke|p2|Brute Bonnet, L50|\n|poke|p2|Raging Bolt, L50|\n|poke|p2|Ogerpon-Cornerstone, L50, F|\n|teampreview|4\n|\n|t:|1776594104\n|teamsize|p1|4\n|teamsize|p2|4\n|start\n|switch|p1a: Illumise|Illumise, L50, F|100/100\n|switch|p1b: Miraidon|Miraidon, L50|100/100\n|switch|p2a: Calyrex|Calyrex-Shadow, L50|100/100\n|switch|p2b: Brute Bonnet|Brute Bonnet, L50, shiny|100/100\n|-ability|p2a: Calyrex|As One\n|-ability|p2a: Calyrex|Unnerve\n|-fieldstart|move: Electric Terrain|[from] ability: Hadron Engine|[of] p1b: Miraidon\n|-enditem|p1a: Illumise|Electric Seed\n|-boost|p1a: Illumise|def|1|[from] item: Electric Seed\n|turn|1\n|\n|t:|1776594119\n|-terastallize|p2a: Calyrex|Ghost\n|move|p2b: Brute Bonnet|Rage Powder|p2b: Brute Bonnet\n|-singleturn|p2b: Brute Bonnet|move: Rage Powder\n|move|p1a: Illumise|Light Screen|p1a: Illumise\n|-sidestart|p1: pigduckeater|move: Light Screen\n|move|p2a: Calyrex|Astral Barrage|p1b: Miraidon|[spread] p1a,p1b\n|-damage|p1a: Illumise|46/100\n|-damage|p1b: Miraidon|59/100\n|move|p1b: Miraidon|Parabolic Charge|p2b: Brute Bonnet|[spread] p1a,p2a,p2b\n|-resisted|p2b: Brute Bonnet\n|-damage|p1a: Illumise|6/100\n|-heal|p1b: Miraidon|77/100|[from] drain|[of] p1a: Illumise\n|-damage|p2a: Calyrex|41/100\n|-heal|p1b: Miraidon|100/100|[from] drain|[of] p2a: Calyrex\n|-damage|p2b: Brute Bonnet|74/100\n|-damage|p1b: Miraidon|91/100|[from] item: Life Orb\n|\n|upkeep\n|turn|2\n|\n|t:|1776594140\n|move|p1a: Illumise|Tailwind|p1a: Illumise\n|-sidestart|p1: pigduckeater|move: Tailwind\n|move|p2b: Brute Bonnet|Sucker Punch|p1b: Miraidon\n|-damage|p1b: Miraidon|67/100\n|move|p1b: Miraidon|Dragon Pulse|p2b: Brute Bonnet\n|-damage|p2b: Brute Bonnet|9/100\n|-damage|p1b: Miraidon|57/100|[from] item: Life Orb\n|move|p2a: Calyrex|Astral Barrage|p1a: Illumise|[spread] p1a,p1b\n|-damage|p1a: Illumise|0 fnt\n|-damage|p1b: Miraidon|19/100\n|faint|p1a: Illumise\n|-ability|p2a: Calyrex|Grim Neigh|boost\n|-boost|p2a: Calyrex|spa|1\n|\n|upkeep\n|\n|t:|1776594153\n|switch|p1a: Incineroar|Incineroar, L50, M|100/100\n|-ability|p1a: Incineroar|Intimidate|boost\n|-unboost|p2a: Calyrex|atk|1\n|-unboost|p2b: Brute Bonnet|atk|1\n|turn|3\n|\n|t:|1776594163\n|-terastallize|p1b: Miraidon|Electric\n|move|p1a: Incineroar|Helping Hand|p1b: Miraidon\n|-singleturn|p1b: Miraidon|Helping Hand|[of] p1a: Incineroar\n|move|p2b: Brute Bonnet|Rage Powder|p2b: Brute Bonnet\n|-singleturn|p2b: Brute Bonnet|move: Rage Powder\n|move|p1b: Miraidon|Parabolic Charge|p2a: Calyrex|[spread] p1a,p2a,p2b\n|-resisted|p2b: Brute Bonnet\n|-damage|p1a: Incineroar|25/100\n|-heal|p1b: Miraidon|59/100|[from] drain|[of] p1a: Incineroar\n|-damage|p2a: Calyrex|0 fnt\n|-heal|p1b: Miraidon|77/100|[from] drain|[of] p2a: Calyrex\n|-damage|p2b: Brute Bonnet|0 fnt\n|-heal|p1b: Miraidon|82/100|[from] drain|[of] p2b: Brute Bonnet\n|faint|p2a: Calyrex\n|faint|p2b: Brute Bonnet\n|-end|p2b: Brute Bonnet|Protosynthesis|[silent]\n|-damage|p1b: Miraidon|72/100|[from] item: Life Orb\n|\n|upkeep\n|\n|t:|1776594174\n|switch|p2a: Koraidon|Koraidon, L50, shiny|100/100\n|switch|p2b: Ogerpon|Ogerpon-Cornerstone, L50, F|100/100\n|-weather|SunnyDay|[from] ability: Orichalcum Pulse|[of] p2a: Koraidon\n|-activate|p2a: Koraidon|Orichalcum Pulse|[source]\n|turn|4\n|\n|t:|1776594193\n|switch|p1a: Calyrex|Calyrex-Ice, L50|100/100\n|-ability|p1a: Calyrex|As One\n|-ability|p1a: Calyrex|Unnerve\n|move|p2a: Koraidon|Protect|p2a: Koraidon\n|-singleturn|p2a: Koraidon|Protect\n|move|p2b: Ogerpon|Spiky Shield|p2b: Ogerpon\n|-singleturn|p2b: Ogerpon|move: Protect\n|move|p1b: Miraidon|Dragon Pulse|p2a: Koraidon\n|-activate|p2a: Koraidon|move: Protect\n|\n|-weather|SunnyDay|[upkeep]\n|upkeep\n|turn|5\n|\n|t:|1776594219\n|move|p1b: Miraidon|Dragon Pulse|p2a: Koraidon\n|-supereffective|p2a: Koraidon\n|-damage|p2a: Koraidon|0 fnt\n|faint|p2a: Koraidon\n|-damage|p1b: Miraidon|62/100|[from] item: Life Orb\n|move|p2b: Ogerpon|Ivy Cudgel|p1a: Calyrex|[anim] Ivy Cudgel Rock\n|-supereffective|p1a: Calyrex\n|-damage|p1a: Calyrex|18/100\n|-enditem|p1a: Calyrex|Weakness Policy\n|-boost|p1a: Calyrex|atk|2|[from] item: Weakness Policy\n|-boost|p1a: Calyrex|spa|2|[from] item: Weakness Policy\n|move|p1a: Calyrex|Trick Room|p1a: Calyrex\n|-fieldstart|move: Trick Room|[of] p1a: Calyrex\n|\n|-weather|SunnyDay|[upkeep]\n|-sideend|p1: pigduckeater|move: Light Screen\n|-sideend|p1: pigduckeater|move: Tailwind\n|-fieldend|move: Electric Terrain\n|upkeep\n|turn|6\n|-message|Markingdra forfeited.\n|\n|win|pigduckeater\n|raw|pigduckeater's rating: 1441 &rarr; <strong>1462</strong><br />(+21 for winning)\n|raw|Markingdra's rating: 1462 &rarr; <strong>1441</strong><br />(-21 for losing)\n|l|\u2606Markingdra\n|player|p2|\n|l|\u2606pigduckeater\n|player|p1|\n","uploadtime":1776594401,"views":10,"formatid":"gen9vgc2026regi","rating":1441,"private":0,"password":null}