{"id":"gen9vgc2026regi-2565257188","format":"[Gen 9] VGC 2026 Reg I","players":["Sporedozo","ScribbleScribble"],"log":"|j|\u2606Sporedozo\n|j|\u2606ScribbleScribble\n|t:|1774252929\n|gametype|doubles\n|player|p1|Sporedozo|2|1440\n|player|p2|ScribbleScribble|mina-lgpe|1653\n|gen|9\n|tier|[Gen 9] VGC 2026 Reg I\n|rated|\n|rule|Species Clause: Limit one of each Pok\u00e9mon\n|rule|Item Clause: Limit 1 of each item\n|clearpoke\n|poke|p1|Terapagos, L50, M|\n|poke|p1|Miraidon, L50|\n|poke|p1|Incineroar, L50, M|\n|poke|p1|Whimsicott, L50, F|\n|poke|p1|Ogerpon-Wellspring, L50, F|\n|poke|p1|Iron Boulder, L50|\n|poke|p2|Calyrex-Ice, L50|\n|poke|p2|Kyogre, L50|\n|poke|p2|Tornadus, L50, M|\n|poke|p2|Indeedee-F, L50, F|\n|poke|p2|Urshifu-*, L50, F|\n|poke|p2|Landorus, L50, M|\n|teampreview|4\n|inactive|Battle timer is ON: inactive players will automatically lose when time's up. (requested by ScribbleScribble)\n|\n|t:|1774252956\n|teamsize|p1|4\n|teamsize|p2|4\n|start\n|switch|p1a: Terapagos|Terapagos, L50, M|100/100\n|switch|p1b: Miraidon|Miraidon, L50|100/100\n|switch|p2a: Tornadus|Tornadus, L50, M|100/100\n|switch|p2b: Calyrex|Calyrex-Ice, L50|100/100\n|-activate|p1a: Terapagos|ability: Tera Shift\n|detailschange|p1a: Terapagos|Terapagos-Terastal, L50, M\n|-heal|p1a: Terapagos|100/100|[silent]\n|-ability|p2b: Calyrex|As One\n|-ability|p2b: Calyrex|Unnerve\n|-fieldstart|move: Electric Terrain|[from] ability: Hadron Engine|[of] p1b: Miraidon\n|-enditem|p1a: Terapagos|Electric Seed\n|-boost|p1a: Terapagos|def|1|[from] item: Electric Seed\n|turn|1\n|\n|t:|1774252966\n|-terastallize|p2b: Calyrex|Grass\n|move|p2a: Tornadus|Taunt|p1a: Terapagos\n|-start|p1a: Terapagos|move: Taunt\n|move|p1b: Miraidon|Volt Switch|p2a: Tornadus\n|-supereffective|p2a: Tornadus\n|-enditem|p2a: Tornadus|Focus Sash\n|-damage|p2a: Tornadus|1/100\n|\n|t:|1774252971\n|switch|p1b: Incineroar|Incineroar, L50, M|100/100|[from] Volt Switch\n|-ability|p1b: Incineroar|Intimidate|boost\n|-unboost|p2a: Tornadus|atk|1\n|-fail|p2b: Calyrex|unboost|[from] item: Clear Amulet|[of] p2b: Calyrex\n|move|p2b: Calyrex|Glacial Lance|p1a: Terapagos|[spread] p1a,p1b\n|-activate|p1a: Terapagos|ability: Tera Shell\n|-resisted|p1a: Terapagos\n|-resisted|p1b: Incineroar\n|-damage|p1a: Terapagos|86/100\n|-damage|p1b: Incineroar|77/100\n|cant|p1a: Terapagos|move: Taunt|Calm Mind\n|\n|upkeep\n|turn|2\n|\n|t:|1774252992\n|switch|p2a: Kyogre|Kyogre, L50|100/100\n|-weather|RainDance|[from] ability: Drizzle|[of] p2a: Kyogre\n|move|p1b: Incineroar|Fake Out|p2a: Kyogre\n|-damage|p2a: Kyogre|86/100\n|move|p2b: Calyrex|Glacial Lance|p1a: Terapagos|[spread] p1a,p1b\n|-resisted|p1b: Incineroar\n|-damage|p1a: Terapagos|56/100\n|-damage|p1b: Incineroar|52/100\n|move|p1a: Terapagos|Tera Starstorm|p2b: Calyrex\n|-damage|p2b: Calyrex|58/100\n|\n|-weather|RainDance|[upkeep]\n|upkeep\n|turn|3\n|\n|t:|1774253007\n|switch|p1b: Ogerpon|Ogerpon-Wellspring, L50, F|100/100\n|-terastallize|p1a: Terapagos|Stellar\n|detailschange|p1a: Terapagos|Terapagos-Stellar, L50, M, tera:Stellar\n|-heal|p1a: Terapagos|67/100|[silent]\n|-ability|p1a: Terapagos|Teraform Zero\n|-weather|none\n|-fieldend|move: Electric Terrain\n|move|p2a: Kyogre|Water Spout|p1a: Terapagos|[spread] p1a\n|-immune|p1b: Ogerpon|[from] ability: Water Absorb\n|-damage|p1a: Terapagos|25/100\n|move|p2b: Calyrex|Glacial Lance|p1b: Ogerpon|[spread] p1a,p1b\n|-damage|p1a: Terapagos|1/100\n|-damage|p1b: Ogerpon|36/100\n|move|p1a: Terapagos|Tera Starstorm|p2a: Kyogre|[spread] p2a,p2b\n|-supereffective|p2b: Calyrex\n|-damage|p2a: Kyogre|57/100\n|-damage|p2b: Calyrex|0 fnt\n|faint|p2b: Calyrex\n|\n|-end|p1a: Terapagos|move: Taunt\n|upkeep\n|inactive|ScribbleScribble has 30 seconds left.\n|inactive|ScribbleScribble has 20 seconds left.\n|inactive|ScribbleScribble has 15 seconds left.\n|\n|t:|1774253049\n|switch|p2b: Tornadus|Tornadus, L50, M|1/100\n|turn|4\n|\n|t:|1774253068\n|move|p2b: Tornadus|Bleakwind Storm|p1b: Ogerpon|[spread] p1a,p1b\n|-supereffective|p1b: Ogerpon\n|-damage|p1a: Terapagos|0 fnt\n|-damage|p1b: Ogerpon|0 fnt\n|faint|p1a: Terapagos\n|detailschange|p1: Terapagos|Terapagos, L50, M|[silent]\n|faint|p1b: Ogerpon\n|move|p2a: Kyogre|Thunder|p1: Terapagos|[notarget]\n|-fail|p2a: Kyogre\n|\n|upkeep\n|\n|t:|1774253071\n|switch|p1b: Incineroar|Incineroar, L50, M|52/100\n|switch|p1a: Miraidon|Miraidon, L50|100/100\n|-fieldstart|move: Electric Terrain|[from] ability: Hadron Engine|[of] p1a: Miraidon\n|-ability|p1b: Incineroar|Intimidate|boost\n|-unboost|p2a: Kyogre|atk|1\n|-unboost|p2b: Tornadus|atk|1\n|turn|5\n|\n|t:|1774253089\n|switch|p2b: Urshifu|Urshifu-Rapid-Strike, L50, F|100/100\n|move|p1b: Incineroar|Fake Out|p2a: Kyogre\n|-damage|p2a: Kyogre|40/100\n|move|p1a: Miraidon|Snarl|p2a: Kyogre|[spread] p2a,p2b\n|-resisted|p2b: Urshifu\n|-damage|p2a: Kyogre|24/100\n|-damage|p2b: Urshifu|87/100\n|-unboost|p2a: Kyogre|spa|1\n|-unboost|p2b: Urshifu|spa|1\n|cant|p2a: Kyogre|flinch\n|\n|upkeep\n|turn|6\n|\n|t:|1774253101\n|move|p1a: Miraidon|Electro Drift|p2b: Urshifu\n|-supereffective|p2b: Urshifu\n|-damage|p2b: Urshifu|0 fnt\n|faint|p2b: Urshifu\n|move|p2a: Kyogre|Water Spout|p1a: Miraidon|[spread] p1a,p1b\n|-resisted|p1a: Miraidon\n|-supereffective|p1b: Incineroar\n|-damage|p1a: Miraidon|98/100\n|-damage|p1b: Incineroar|27/100\n|-enditem|p1b: Incineroar|Sitrus Berry|[eat]\n|-heal|p1b: Incineroar|52/100|[from] item: Sitrus Berry\n|move|p1b: Incineroar|Knock Off|p2a: Kyogre\n|-damage|p2a: Kyogre|0 fnt\n|-enditem|p2a: Kyogre|Mystic Water|[from] move: Knock Off|[of] p1b: Incineroar\n|faint|p2a: Kyogre\n|\n|upkeep\n|-message|ScribbleScribble forfeited.\n|\n|win|Sporedozo\n|raw|Sporedozo's rating: 1440 &rarr; <strong>1470</strong><br />(+30 for winning)\n|raw|ScribbleScribble's rating: 1628 &rarr; <strong>1598</strong><br />(-30 for losing)\n|l|\u2606ScribbleScribble\n|player|p2|\n|l|\u2606Sporedozo\n|player|p1|\n","uploadtime":1774253354,"views":12,"formatid":"gen9vgc2026regi","rating":1470,"private":0,"password":null}