{"id":"gen9vgc2026regi-2536228948","format":"[Gen 9] VGC 2026 Reg I","players":["EllenJoe2026","lior97h"],"log":"|j|\u2606EllenJoe2026\n|j|\u2606lior97h\n|t:|1770665874\n|gametype|doubles\n|player|p1|EllenJoe2026|iono|1355\n|player|p2|lior97h|lucas|1342\n|gen|9\n|tier|[Gen 9] VGC 2026 Reg I\n|rated|\n|rule|Species Clause: Limit one of each Pok\u00e9mon\n|rule|Item Clause: Limit 1 of each item\n|clearpoke\n|poke|p1|Calyrex-Ice, L50|\n|poke|p1|Kyogre, L50|\n|poke|p1|Tornadus, L50, M|\n|poke|p1|Urshifu-*, L50, F|\n|poke|p1|Indeedee-F, L50, F|\n|poke|p1|Smeargle, L50, F|\n|poke|p2|Whimsicott, L50, F|\n|poke|p2|Indeedee-F, L50, F|\n|poke|p2|Iron Hands, L50|\n|poke|p2|Zamazenta-*, L50|\n|poke|p2|Sinistcha-Masterpiece, L50|\n|poke|p2|Miraidon, L50|\n|teampreview|4\n|inactive|Battle timer is ON: inactive players will automatically lose when time's up. (requested by lior97h)\n|inactive|EllenJoe2026 also wants the timer to be on.\n|inactive|EllenJoe2026 has 60 seconds left.\n|\n|t:|1770665914\n|teamsize|p1|4\n|teamsize|p2|4\n|start\n|switch|p1a: Kyogre|Kyogre, L50, shiny|100/100\n|switch|p1b: Smeargle|Smeargle, L50, F, shiny|100/100\n|switch|p2a: Zamazenta|Zamazenta-Crowned, L50|100/100\n|switch|p2b: Miraidon|Miraidon, L50|100/100\n|-weather|RainDance|[from] ability: Drizzle|[of] p1a: Kyogre\n|-fieldstart|move: Electric Terrain|[from] ability: Hadron Engine|[of] p2b: Miraidon\n|-ability|p2a: Zamazenta|Dauntless Shield|boost\n|-boost|p2a: Zamazenta|def|1\n|turn|1\n|inactive|lior97h has 30 seconds left.\n|\n|t:|1770665945\n|-terastallize|p1a: Kyogre|Ghost\n|-terastallize|p2b: Miraidon|Electric\n|move|p2a: Zamazenta|Protect|p2a: Zamazenta\n|-singleturn|p2a: Zamazenta|Protect\n|move|p1b: Smeargle|Feint|p2a: Zamazenta\n|-activate|p2a: Zamazenta|move: Feint\n|-resisted|p2a: Zamazenta\n|-damage|p2a: Zamazenta|99/100\n|move|p1a: Kyogre|Water Spout|p2a: Zamazenta|[spread] p2a,p2b\n|-damage|p2a: Zamazenta|29/100\n|-damage|p2b: Miraidon|45/100\n|move|p2b: Miraidon|Snarl|p1a: Kyogre|[spread] p1a,p1b\n|-supereffective|p1a: Kyogre\n|-damage|p1a: Kyogre|73/100\n|-damage|p1b: Smeargle|51/100\n|-unboost|p1a: Kyogre|spa|1\n|-unboost|p1b: Smeargle|spa|1\n|\n|-weather|RainDance|[upkeep]\n|upkeep\n|turn|2\n|\n|t:|1770665970\n|move|p2a: Zamazenta|Wide Guard|p2a: Zamazenta\n|-singleturn|p2a: Zamazenta|Wide Guard\n|move|p1b: Smeargle|Feint|p2b: Miraidon\n|-activate|p2b: Miraidon|move: Feint\n|-damage|p2b: Miraidon|36/100\n|move|p1a: Kyogre|Water Spout|p2b: Miraidon|[spread] p2a,p2b\n|-crit|p2a: Zamazenta\n|-damage|p2a: Zamazenta|0 fnt\n|-damage|p2b: Miraidon|12/100\n|faint|p2a: Zamazenta\n|move|p2b: Miraidon|Discharge|p1a: Kyogre|[spread] p1a,p1b\n|-damage|p1a: Kyogre|21/100\n|-damage|p1b: Smeargle|0 fnt\n|faint|p1b: Smeargle\n|\n|-weather|RainDance|[upkeep]\n|upkeep\n|\n|t:|1770665989\n|switch|p2a: Sinistcha|Sinistcha-Masterpiece, L50|100/100\n|switch|p1b: Calyrex|Calyrex-Ice, L50|100/100\n|-ability|p1b: Calyrex|As One\n|-ability|p1b: Calyrex|Unnerve\n|-heal|p2b: Miraidon|36/100|[from] ability: Hospitality|[of] p2a: Sinistcha\n|turn|3\n|inactive|EllenJoe2026 has 30 seconds left.\n|\n|t:|1770666016\n|move|p1a: Kyogre|Water Spout|p2b: Miraidon|[spread] p2a,p2b\n|-resisted|p2a: Sinistcha\n|-damage|p2a: Sinistcha|94/100\n|-damage|p2b: Miraidon|29/100\n|-enditem|p2a: Sinistcha|Eject Button\n|\n|t:|1770666020\n|switch|p2a: Iron Hands|Iron Hands, L50|100/100\n|-activate|p2a: Iron Hands|ability: Quark Drive\n|-start|p2a: Iron Hands|quarkdrivedef\n|move|p2b: Miraidon|Volt Switch|p1b: Calyrex\n|-damage|p1b: Calyrex|50/100\n|\n|t:|1770666029\n|switch|p2b: Sinistcha|Sinistcha-Masterpiece, L50|94/100|[from] Volt Switch\n|move|p1b: Calyrex|Glacial Lance|p2a: Iron Hands|[spread] p2a,p2b\n|-supereffective|p2b: Sinistcha\n|-damage|p2a: Iron Hands|78/100\n|-damage|p2b: Sinistcha|5/100\n|\n|-weather|RainDance|[upkeep]\n|upkeep\n|turn|4\n|inactive|lior97h has 30 seconds left.\n|\n|t:|1770666056\n|switch|p1a: Urshifu|Urshifu-Rapid-Strike, L50, F|100/100\n|move|p2b: Sinistcha|Life Dew|p2b: Sinistcha|[spread] p2a,p2b\n|-heal|p2a: Iron Hands|100/100\n|-heal|p2b: Sinistcha|30/100\n|move|p1b: Calyrex|Glacial Lance|p2b: Sinistcha|[spread] p2a,p2b\n|-supereffective|p2b: Sinistcha\n|-damage|p2a: Iron Hands|79/100\n|-damage|p2b: Sinistcha|0 fnt\n|faint|p2b: Sinistcha\n|-ability|p1b: Calyrex|Chilling Neigh|boost\n|-boost|p1b: Calyrex|atk|1\n|move|p2a: Iron Hands|Wild Charge|p1a: Urshifu\n|-supereffective|p1a: Urshifu\n|-damage|p1a: Urshifu|0 fnt\n|faint|p1a: Urshifu\n|-damage|p2a: Iron Hands|62/100|[from] Recoil\n|\n|-weather|RainDance|[upkeep]\n|upkeep\n|\n|t:|1770666076\n|switch|p1a: Kyogre|Kyogre, L50, shiny, tera:Ghost|21/100\n|switch|p2b: Miraidon|Miraidon, L50, tera:Electric|29/100\n|-activate|p2b: Miraidon|ability: Hadron Engine\n|turn|5\n|\n|t:|1770666099\n|move|p1a: Kyogre|Origin Pulse|p2b: Miraidon|[spread] p2a\n|-miss|p1a: Kyogre|p2b: Miraidon\n|-damage|p2a: Iron Hands|1/100\n|move|p2b: Miraidon|Discharge|p1a: Kyogre|[spread] p2a,p1a,p1b\n|-resisted|p2a: Iron Hands\n|-damage|p2a: Iron Hands|0 fnt\n|-damage|p1a: Kyogre|0 fnt\n|-damage|p1b: Calyrex|6/100\n|faint|p2a: Iron Hands\n|-end|p2a: Iron Hands|Quark Drive|[silent]\n|faint|p1a: Kyogre\n|move|p1b: Calyrex|Glacial Lance|p2b: Miraidon\n|-damage|p2b: Miraidon|0 fnt\n|faint|p2b: Miraidon\n|\n|win|EllenJoe2026\n|raw|EllenJoe2026's rating: 1355 &rarr; <strong>1374</strong><br />(+19 for winning)\n|raw|lior97h's rating: 1342 &rarr; <strong>1323</strong><br />(-19 for losing)\n|l|\u2606EllenJoe2026\n|player|p1|\n","uploadtime":1770666297,"views":17,"formatid":"gen9vgc2026regi","rating":1323,"private":0,"password":null}