{"id":"gen9vgc2026regi-2560287487","format":"[Gen 9] VGC 2026 Reg I","players":["TheNamesBetty","ness#1glazer"],"log":"|j|\u2606TheNamesBetty\n|j|\u2606ness#1glazer\n|t:|1773674085\n|gametype|doubles\n|player|p1|TheNamesBetty|koga|1193\n|player|p2|ness#1glazer|n|1305\n|gen|9\n|tier|[Gen 9] VGC 2026 Reg I\n|rated|\n|rule|Species Clause: Limit one of each Pok\u00e9mon\n|rule|Item Clause: Limit 1 of each item\n|clearpoke\n|poke|p1|Eternatus, L50|\n|poke|p1|Ho-Oh, L50|\n|poke|p1|Gastrodon, L50, F|\n|poke|p1|Grimmsnarl, L50, M|\n|poke|p1|Ting-Lu, L50|\n|poke|p1|Rhydon, L50, M|\n|poke|p2|Tornadus, L50, M|\n|poke|p2|Indeedee-F, L50, F|\n|poke|p2|Calyrex-Shadow, L50|\n|poke|p2|Kyogre, L50|\n|poke|p2|Urshifu-*, L50, F|\n|poke|p2|Cinderace, L50, F|\n|teampreview|4\nTheNamesBetty has agreed to open team sheets.\n|\n|t:|1773674100\n|teamsize|p1|4\n|teamsize|p2|4\n|start\n|switch|p1a: Ptakopysk|Eternatus, L50|100/100\n|switch|p1b: Kret\u00e9n Pojeban\u00fd|Grimmsnarl, L50, M|100/100\n|switch|p2a: Urshifu|Urshifu, L50, F|100/100\n|switch|p2b: Tornadus|Tornadus, L50, M|100/100\n|-ability|p1a: Ptakopysk|Pressure\n|turn|1\n|inactive|Battle timer is ON: inactive players will automatically lose when time's up. (requested by ness#1glazer)\n|\n|t:|1773674120\n|-terastallize|p2a: Urshifu|Steel\n|move|p2b: Tornadus|Tailwind|p2b: Tornadus\n|-sidestart|p2: ness#1glazer|move: Tailwind\n|move|p1b: Kret\u00e9n Pojeban\u00fd|Reflect|p1b: Kret\u00e9n Pojeban\u00fd\n|-sidestart|p1: TheNamesBetty|Reflect\n|move|p2a: Urshifu|Wicked Blow|p1a: Ptakopysk\n|-crit|p1a: Ptakopysk\n|-damage|p1a: Ptakopysk|38/100\n|move|p1a: Ptakopysk|Cosmic Power|p1a: Ptakopysk\n|-boost|p1a: Ptakopysk|def|1\n|-boost|p1a: Ptakopysk|spd|1\n|\n|upkeep\n|turn|2\n|\n|t:|1773674141\n|switch|p2b: Cinderace|Cinderace, L50, F|100/100\n|-terastallize|p1a: Ptakopysk|Fairy\n|move|p2a: Urshifu|Wicked Blow|p1a: Ptakopysk\n|-resisted|p1a: Ptakopysk\n|-crit|p1a: Ptakopysk\n|-damage|p1a: Ptakopysk|9/100\n|move|p1a: Ptakopysk|Recover|p1a: Ptakopysk\n|-heal|p1a: Ptakopysk|59/100\n|move|p1b: Kret\u00e9n Pojeban\u00fd|Foul Play|p2a: Urshifu\n|-damage|p2a: Urshifu|50/100\n|\n|upkeep\n|turn|3\n|inactive|ness#1glazer has 30 seconds left.\n|\n|t:|1773674168\n|move|p2b: Cinderace|Court Change|p2b: Cinderace\n|-start|p2b: Cinderace|typechange|Normal|[from] ability: Libero\n|-swapsideconditions\n|-activate|p2b: Cinderace|move: Court Change\n|move|p1a: Ptakopysk|Recover|p1a: Ptakopysk\n|-heal|p1a: Ptakopysk|100/100\n|move|p2a: Urshifu|Wicked Blow|p1a: Ptakopysk\n|-resisted|p1a: Ptakopysk\n|-crit|p1a: Ptakopysk\n|-damage|p1a: Ptakopysk|69/100\n|move|p1b: Kret\u00e9n Pojeban\u00fd|Foul Play|p2a: Urshifu\n|-damage|p2a: Urshifu|16/100\n|\n|upkeep\n|turn|4\n|\n|t:|1773674185\n|move|p1b: Kret\u00e9n Pojeban\u00fd|Reflect|p1b: Kret\u00e9n Pojeban\u00fd\n|-sidestart|p1: TheNamesBetty|Reflect\n|move|p1a: Ptakopysk|Cosmic Power|p1a: Ptakopysk\n|-boost|p1a: Ptakopysk|def|1\n|-boost|p1a: Ptakopysk|spd|1\n|move|p2b: Cinderace|Court Change|p2b: Cinderace\n|-swapsideconditions\n|-activate|p2b: Cinderace|move: Court Change\n|move|p2a: Urshifu|Wicked Blow|p1b: Kret\u00e9n Pojeban\u00fd\n|-resisted|p1b: Kret\u00e9n Pojeban\u00fd\n|-crit|p1b: Kret\u00e9n Pojeban\u00fd\n|-damage|p1b: Kret\u00e9n Pojeban\u00fd|83/100\n|\n|-sideend|p2: ness#1glazer|move: Tailwind\n|upkeep\n|turn|5\n|\n|t:|1773674203\n|move|p2b: Cinderace|Will-O-Wisp|p1a: Ptakopysk|[miss]\n|-miss|p2b: Cinderace|p1a: Ptakopysk\n|move|p2a: Urshifu|Wicked Blow|p1a: Ptakopysk\n|-resisted|p1a: Ptakopysk\n|-crit|p1a: Ptakopysk\n|-damage|p1a: Ptakopysk|39/100\n|move|p1a: Ptakopysk|Fire Spin|p2a: Urshifu\n|-supereffective|p2a: Urshifu\n|-damage|p2a: Urshifu|0 fnt\n|faint|p2a: Urshifu\n|move|p1b: Kret\u00e9n Pojeban\u00fd|Foul Play|p2b: Cinderace\n|-damage|p2b: Cinderace|78/100\n|\n|upkeep\n|\n|t:|1773674211\n|switch|p2a: Kyogre|Kyogre, L50|100/100\n|-weather|RainDance|[from] ability: Drizzle|[of] p2a: Kyogre\n|turn|6\n|\n|t:|1773674220\n|move|p2b: Cinderace|Helping Hand|p2a: Kyogre\n|-singleturn|p2a: Kyogre|Helping Hand|[of] p2b: Cinderace\n|move|p1b: Kret\u00e9n Pojeban\u00fd|Light Screen|p1b: Kret\u00e9n Pojeban\u00fd\n|-sidestart|p1: TheNamesBetty|move: Light Screen\n|move|p1a: Ptakopysk|Recover|p1a: Ptakopysk\n|-heal|p1a: Ptakopysk|89/100\n|move|p2a: Kyogre|Water Spout|p1b: Kret\u00e9n Pojeban\u00fd|[spread] p1a,p1b\n|-damage|p1a: Ptakopysk|52/100\n|-damage|p1b: Kret\u00e9n Pojeban\u00fd|0 fnt\n|faint|p1b: Kret\u00e9n Pojeban\u00fd\n|\n|-weather|RainDance|[upkeep]\n|upkeep\n|\n|t:|1773674231\n|switch|p1b: H\u00fa h\u00fa|Ho-Oh, L50|100/100\n|turn|7\n|\n|t:|1773674244\n|switch|p2b: Tornadus|Tornadus, L50, M|100/100\n|move|p2a: Kyogre|Protect|p2a: Kyogre\n|-singleturn|p2a: Kyogre|Protect\n|move|p1b: H\u00fa h\u00fa|Protect|p1b: H\u00fa h\u00fa\n|-singleturn|p1b: H\u00fa h\u00fa|Protect\n|move|p1a: Ptakopysk|Sludge Wave|p2b: Tornadus|[spread] p2b\n|-activate|p1b: H\u00fa h\u00fa|move: Protect\n|-activate|p2a: Kyogre|move: Protect\n|-damage|p2b: Tornadus|50/100\n|\n|-weather|RainDance|[upkeep]\n|upkeep\n|turn|8\n|\n|t:|1773674269\n|switch|p1b: Risk je Slizk|Gastrodon, L50, F|100/100\n|move|p2b: Tornadus|Tailwind|p2b: Tornadus\n|-sidestart|p2: ness#1glazer|move: Tailwind\n|move|p2a: Kyogre|Water Spout|p1a: Ptakopysk|[spread] p1a\n|-ability|p1b: Risk je Slizk|Storm Drain|boost\n|-boost|p1b: Risk je Slizk|spa|1\n|-damage|p1a: Ptakopysk|28/100\n|move|p1a: Ptakopysk|Recover|p1a: Ptakopysk\n|-heal|p1a: Ptakopysk|78/100\n|\n|-weather|RainDance|[upkeep]\n|-sideend|p1: TheNamesBetty|Reflect\n|upkeep\n|turn|9\n|\n|t:|1773674291\n|move|p2b: Tornadus|Taunt|p1a: Ptakopysk\n|-start|p1a: Ptakopysk|move: Taunt\n|move|p2a: Kyogre|Water Spout|p1b: Risk je Slizk|[spread] p1a\n|-ability|p1b: Risk je Slizk|Storm Drain|boost\n|-boost|p1b: Risk je Slizk|spa|1\n|-damage|p1a: Ptakopysk|53/100\n|move|p1a: Ptakopysk|Fire Spin|p2b: Tornadus\n|-damage|p2b: Tornadus|42/100\n|-activate|p2b: Tornadus|move: Fire Spin|[of] p1a: Ptakopysk\n|move|p1b: Risk je Slizk|Icy Wind|p2b: Tornadus|[spread] p2a,p2b\n|-resisted|p2a: Kyogre\n|-supereffective|p2b: Tornadus\n|-damage|p2a: Kyogre|93/100\n|-damage|p2b: Tornadus|0 fnt\n|-unboost|p2a: Kyogre|spe|1\n|faint|p2b: Tornadus\n|\n|-weather|RainDance|[upkeep]\n|upkeep\n|\n|t:|1773674304\n|switch|p2b: Cinderace|Cinderace, L50, F|78/100\n|turn|10\n|\n|t:|1773674316\n|move|p2b: Cinderace|Helping Hand|p2a: Kyogre\n|-start|p2b: Cinderace|typechange|Normal|[from] ability: Libero\n|-singleturn|p2a: Kyogre|Helping Hand|[of] p2b: Cinderace\n|move|p2a: Kyogre|Water Spout|p1b: Risk je Slizk|[spread] p1a\n|-ability|p1b: Risk je Slizk|Storm Drain|boost\n|-boost|p1b: Risk je Slizk|spa|1\n|-damage|p1a: Ptakopysk|19/100\n|move|p1a: Ptakopysk|Fire Spin|p2a: Kyogre\n|-resisted|p2a: Kyogre\n|-damage|p2a: Kyogre|91/100\n|-activate|p2a: Kyogre|move: Fire Spin|[of] p1a: Ptakopysk\n|move|p1b: Risk je Slizk|Icy Wind|p2a: Kyogre|[spread] p2a\n|-miss|p1b: Risk je Slizk|p2b: Cinderace\n|-resisted|p2a: Kyogre\n|-damage|p2a: Kyogre|83/100\n|-unboost|p2a: Kyogre|spe|1\n|\n|-weather|none\n|-damage|p2a: Kyogre|70/100|[from] move: Fire Spin|[partiallytrapped]\n|upkeep\n|turn|11\n|inactive|TheNamesBetty has 30 seconds left.\n|inactive|ness#1glazer has 30 seconds left.\n|\n|t:|1773674347\n|move|p1b: Risk je Slizk|Protect|p1b: Risk je Slizk\n|-singleturn|p1b: Risk je Slizk|Protect\n|move|p2b: Cinderace|Court Change|p2b: Cinderace\n|-swapsideconditions\n|-activate|p2b: Cinderace|move: Court Change\n|move|p1a: Ptakopysk|Sludge Wave|p2a: Kyogre|[spread] p2a,p2b\n|-activate|p1b: Risk je Slizk|move: Protect\n|-damage|p2a: Kyogre|53/100\n|-damage|p2b: Cinderace|51/100\n|move|p2a: Kyogre|Origin Pulse|p1b: Risk je Slizk|[spread] p1a\n|-activate|p1b: Risk je Slizk|move: Protect\n|-damage|p1a: Ptakopysk|2/100\n|\n|-damage|p2a: Kyogre|40/100|[from] move: Fire Spin|[partiallytrapped]\n|-end|p1a: Ptakopysk|move: Taunt\n|-sideend|p1: TheNamesBetty|Reflect\n|-sideend|p1: TheNamesBetty|move: Tailwind\n|upkeep\n|turn|12\n|\n|t:|1773674364\n|move|p2a: Kyogre|Protect|p2a: Kyogre\n|-singleturn|p2a: Kyogre|Protect\n|move|p2b: Cinderace|Snarl|p1b: Risk je Slizk|[spread] p1a,p1b\n|-resisted|p1a: Ptakopysk\n|-crit|p1a: Ptakopysk\n|-damage|p1a: Ptakopysk|0 fnt\n|-damage|p1b: Risk je Slizk|96/100\n|-unboost|p1b: Risk je Slizk|spa|1\n|faint|p1a: Ptakopysk\n|move|p1b: Risk je Slizk|Earth Power|p2a: Kyogre\n|-activate|p2a: Kyogre|move: Protect\n|\n|-heal|p1b: Risk je Slizk|100/100|[from] item: Leftovers\n|-end|p2a: Kyogre|Fire Spin|[partiallytrapped]|[silent]\n|upkeep\n|\n|t:|1773674370\n|switch|p1a: H\u00fa h\u00fa|Ho-Oh, L50|100/100\n|turn|13\n|\n|t:|1773674380\n|move|p1a: H\u00fa h\u00fa|Protect|p1a: H\u00fa h\u00fa\n|-singleturn|p1a: H\u00fa h\u00fa|Protect\n|move|p2b: Cinderace|Snarl|p1b: Risk je Slizk|[spread] \n|-activate|p1a: H\u00fa h\u00fa|move: Protect\n|-miss|p2b: Cinderace|p1b: Risk je Slizk\n|move|p2a: Kyogre|Origin Pulse|p1b: Risk je Slizk|[spread] \n|-activate|p1a: H\u00fa h\u00fa|move: Protect\n|-ability|p1b: Risk je Slizk|Storm Drain|boost\n|-boost|p1b: Risk je Slizk|spa|1\n|move|p1b: Risk je Slizk|Earth Power|p2a: Kyogre\n|-damage|p2a: Kyogre|6/100\n|\n|-sideend|p2: ness#1glazer|move: Light Screen\n|upkeep\n|turn|14\n|\n|t:|1773674401\n|move|p2b: Cinderace|Snarl|p1a: H\u00fa h\u00fa|[spread] p1a,p1b\n|-damage|p1a: H\u00fa h\u00fa|97/100\n|-damage|p1b: Risk je Slizk|95/100\n|-unboost|p1a: H\u00fa h\u00fa|spa|1\n|-unboost|p1b: Risk je Slizk|spa|1\n|move|p1a: H\u00fa h\u00fa|Sacred Fire|p2b: Cinderace\n|-damage|p2b: Cinderace|2/100\n|-enditem|p2b: Cinderace|Sitrus Berry|[eat]\n|-heal|p2b: Cinderace|27/100|[from] item: Sitrus Berry\n|move|p2a: Kyogre|Origin Pulse|p1b: Risk je Slizk|[spread] p1a\n|-ability|p1b: Risk je Slizk|Storm Drain|boost\n|-boost|p1b: Risk je Slizk|spa|1\n|-supereffective|p1a: H\u00fa h\u00fa\n|-damage|p1a: H\u00fa h\u00fa|31/100\n|move|p1b: Risk je Slizk|Icy Wind|p2b: Cinderace|[spread] p2a,p2b\n|-resisted|p2a: Kyogre\n|-damage|p2a: Kyogre|0 fnt\n|-damage|p2b: Cinderace|2/100\n|-unboost|p2b: Cinderace|spe|1\n|faint|p2a: Kyogre\n|\n|-heal|p1b: Risk je Slizk|100/100|[from] item: Leftovers\n|upkeep\n|turn|15\n|-message|ness#1glazer forfeited.\n|\n|win|TheNamesBetty\n|raw|TheNamesBetty's rating: 1193 &rarr; <strong>1226</strong><br />(+33 for winning)\n|raw|ness#1glazer's rating: 1305 &rarr; <strong>1279</strong><br />(-26 for losing)\n|l|\u2606ness#1glazer\n|player|p2|\n|l|\u2606TheNamesBetty\n|player|p1|\n|j|\u2606TheNamesBetty\n|player|p1|TheNamesBetty|koga|\n|l|\u2606TheNamesBetty\n|player|p1|\n","uploadtime":1773674617,"views":11,"formatid":"gen9vgc2026regi","rating":1226,"private":0,"password":null}