{"id":"gen9vgc2026regi-2526436492","format":"[Gen 9] VGC 2026 Reg I","players":["i\u2764\u5a1c\u7984forever","carrooooooooooot"],"log":"|j|\u2606i\u2764\u5a1c\u7984forever\n|j|\u2606carrooooooooooot\n|t:|1769414559\n|gametype|doubles\n|player|p1|i\u2764\u5a1c\u7984forever|youngcouple-gen4dp|1235\n|player|p2|carrooooooooooot|bea|1187\n|gen|9\n|tier|[Gen 9] VGC 2026 Reg I\n|rated|\n|rule|Species Clause: Limit one of each Pok\u00e9mon\n|rule|Item Clause: Limit 1 of each item\n|clearpoke\n|poke|p1|Groudon, L50|\n|poke|p1|Kyurem-White, L50|\n|poke|p1|Sableye, L50, M|\n|poke|p1|Brute Bonnet, L50|\n|poke|p1|Heatran, L50, F|\n|poke|p1|Urshifu-*, L50, F|\n|poke|p2|Kyogre, L50|\n|poke|p2|Calyrex-Ice, L50|\n|poke|p2|Pachirisu, L50, F|\n|poke|p2|Basculegion, L50, M|\n|poke|p2|Flamigo, L50, M|\n|poke|p2|Whimsicott, L50, M|\n|teampreview|4\n|\n|t:|1769414593\n|teamsize|p1|4\n|teamsize|p2|4\n|start\n|switch|p1a: Sableye|Sableye, L50, M|100/100\n|switch|p1b: Groudon|Groudon, L50|100/100\n|switch|p2a: Kyogre|Kyogre, L50|100/100\n|switch|p2b: Whimsicott|Whimsicott, L50, M|100/100\n|-weather|RainDance|[from] ability: Drizzle|[of] p2a: Kyogre\n|-weather|SunnyDay|[from] ability: Drought|[of] p1b: Groudon\n|turn|1\n|\n|t:|1769414614\n|move|p1a: Sableye|Fake Out|p2a: Kyogre\n|-damage|p2a: Kyogre|92/100\n|move|p2b: Whimsicott|Tailwind|p2b: Whimsicott\n|-sidestart|p2: carrooooooooooot|move: Tailwind\n|cant|p2a: Kyogre|flinch\n|move|p1b: Groudon|Heat Crash|p2b: Whimsicott\n|-supereffective|p2b: Whimsicott\n|-enditem|p2b: Whimsicott|Focus Sash\n|-damage|p2b: Whimsicott|1/100\n|\n|-weather|SunnyDay|[upkeep]\n|-heal|p2a: Kyogre|98/100|[from] item: Leftovers\n|upkeep\n|turn|2\n|\n|t:|1769414634\n|move|p1a: Sableye|Gravity|p1a: Sableye\n|-fieldstart|move: Gravity\n|move|p2b: Whimsicott|Endeavor|p1b: Groudon\n|-damage|p1b: Groudon|1/100\n|move|p2a: Kyogre|Origin Pulse|p1a: Sableye|[spread] p1a,p1b\n|-supereffective|p1b: Groudon\n|-damage|p1a: Sableye|74/100\n|-damage|p1b: Groudon|0 fnt\n|faint|p1b: Groudon\n|\n|-weather|SunnyDay|[upkeep]\n|-heal|p2a: Kyogre|100/100|[from] item: Leftovers\n|upkeep\n|\n|t:|1769414648\n|switch|p1b: Brute Bonnet|Brute Bonnet, L50|100/100\n|-activate|p1b: Brute Bonnet|ability: Protosynthesis\n|-start|p1b: Brute Bonnet|protosynthesisspd\n|turn|3\n|\n|t:|1769414657\n|move|p1b: Brute Bonnet|Sucker Punch|p2b: Whimsicott\n|-resisted|p2b: Whimsicott\n|-damage|p2b: Whimsicott|0 fnt\n|faint|p2b: Whimsicott\n|move|p2a: Kyogre|Ice Beam|p1b: Brute Bonnet\n|-supereffective|p1b: Brute Bonnet\n|-damage|p1b: Brute Bonnet|67/100\n|move|p1a: Sableye|Foul Play|p2a: Kyogre\n|-damage|p2a: Kyogre|74/100\n|\n|-weather|SunnyDay|[upkeep]\n|-heal|p2a: Kyogre|80/100|[from] item: Leftovers\n|upkeep\n|\n|t:|1769414662\n|switch|p2b: Calyrex|Calyrex-Ice, L50|100/100\n|-ability|p2b: Calyrex|As One\n|-ability|p2b: Calyrex|Unnerve\n|turn|4\n|\n|t:|1769414675\n|switch|p2a: Basculegion|Basculegion, L50, M|100/100\n|-terastallize|p2b: Calyrex|Water\n|move|p2b: Calyrex|Glacial Lance|p1b: Brute Bonnet|[spread] p1a,p1b\n|-supereffective|p1b: Brute Bonnet\n|-crit|p1b: Brute Bonnet\n|-damage|p1a: Sableye|0 fnt\n|-damage|p1b: Brute Bonnet|0 fnt\n|faint|p1a: Sableye\n|faint|p1b: Brute Bonnet\n|-end|p1b: Brute Bonnet|Protosynthesis|[silent]\n|-ability|p2b: Calyrex|Chilling Neigh|boost\n|-boost|p2b: Calyrex|atk|2\n|\n|-weather|SunnyDay|[upkeep]\n|-sideend|p2: carrooooooooooot|move: Tailwind\n|upkeep\n|\n|t:|1769414686\n|switch|p1b: Kyurem|Kyurem-White, L50|100/100\n|-ability|p1b: Kyurem|Turboblaze\n|turn|5\n|\n|t:|1769414706\n|switch|p2a: Kyogre|Kyogre, L50|80/100\n|-weather|RainDance|[from] ability: Drizzle|[of] p2a: Kyogre\n|move|p1b: Kyurem|Blizzard|p2b: Calyrex|[spread] p2a,p2b\n|-resisted|p2a: Kyogre\n|-resisted|p2b: Calyrex\n|-damage|p2a: Kyogre|60/100\n|-damage|p2b: Calyrex|78/100\n|move|p2b: Calyrex|Leech Seed|p1b: Kyurem\n|-start|p1b: Kyurem|move: Leech Seed\n|\n|-weather|RainDance|[upkeep]\n|-heal|p2a: Kyogre|66/100|[from] item: Leftovers\n|-damage|p1b: Kyurem|88/100|[from] Leech Seed|[of] p2b: Calyrex\n|-heal|p2b: Calyrex|93/100|[silent]\n|upkeep\n|turn|6\n|\n|t:|1769414717\n|move|p2b: Calyrex|Protect|p2b: Calyrex\n|-singleturn|p2b: Calyrex|Protect\n|move|p1b: Kyurem|Blizzard|p2b: Calyrex|[spread] p2a\n|-activate|p2b: Calyrex|move: Protect\n|-resisted|p2a: Kyogre\n|-damage|p2a: Kyogre|47/100\n|move|p2a: Kyogre|Origin Pulse|p1b: Kyurem\n|-resisted|p1b: Kyurem\n|-damage|p1b: Kyurem|51/100\n|\n|-weather|RainDance|[upkeep]\n|-heal|p2a: Kyogre|52/100|[from] item: Leftovers\n|-damage|p1b: Kyurem|39/100|[from] Leech Seed|[of] p2b: Calyrex\n|-heal|p2b: Calyrex|100/100|[silent]\n|-fieldend|move: Gravity\n|upkeep\n|turn|7\n|\n|t:|1769414725\n|move|p2b: Calyrex|Protect||[still]\n|-fail|p2b: Calyrex\n|move|p1b: Kyurem|Blizzard|p2b: Calyrex|[spread] p2a,p2b\n|-resisted|p2a: Kyogre\n|-resisted|p2b: Calyrex\n|-damage|p2a: Kyogre|32/100\n|-damage|p2b: Calyrex|81/100\n|move|p2a: Kyogre|Origin Pulse|p1b: Kyurem\n|-resisted|p1b: Kyurem\n|-damage|p1b: Kyurem|0 fnt\n|faint|p1b: Kyurem\n|\n|win|carrooooooooooot\n|raw|i\u2764\u5a1c\u7984forever's rating: 1235 &rarr; <strong>1207</strong><br />(-28 for losing)\n|raw|carrooooooooooot's rating: 1187 &rarr; <strong>1215</strong><br />(+28 for winning)\n|l|\u2606carrooooooooooot\n|player|p2|\n|l|\u2606i\u2764\u5a1c\u7984forever\n|player|p1|\n","uploadtime":1769414932,"views":11,"formatid":"gen9vgc2026regi","rating":1207,"private":0,"password":null}