{"id":"gen9vgc2026regi-2560517843","format":"[Gen 9] VGC 2026 Reg I","players":["Mirthinion","Polipoliwr"],"log":"|j|\u2606Mirthinion\n|j|\u2606Polipoliwr\n|t:|1773695264\n|gametype|doubles\n|player|p1|Mirthinion|janitor|1360\n|player|p2|Polipoliwr|169|1302\n|gen|9\n|tier|[Gen 9] VGC 2026 Reg I\n|rated|\n|rule|Species Clause: Limit one of each Pok\u00e9mon\n|rule|Item Clause: Limit 1 of each item\n|clearpoke\n|poke|p1|Calyrex-Shadow, L50|\n|poke|p1|Zamazenta-*, L50|\n|poke|p1|Urshifu-*, L50, M|\n|poke|p1|Incineroar, L50, M|\n|poke|p1|Rillaboom, L50, M|\n|poke|p1|Tornadus, L50, M|\n|poke|p2|Urshifu-*, L50, M|\n|poke|p2|Incineroar, L50, M|\n|poke|p2|Tornadus, L50, M|\n|poke|p2|Rillaboom, L50, M|\n|poke|p2|Calyrex-Shadow, L50|\n|poke|p2|Zamazenta-*, L50|\n|teampreview|4\n|inactive|Battle timer is ON: inactive players will automatically lose when time's up. (requested by Mirthinion)\nMirthinion rejected open team sheets.\n|c|\u2606Mirthinion|Insert Spider Man meme here. XP\n|inactive|Mirthinion has 60 seconds left.\n|inactive|Polipoliwr has 60 seconds left.\n|\n|t:|1773695306\n|teamsize|p1|4\n|teamsize|p2|4\n|start\n|switch|p1a: Vangwe|Tornadus, L50, M|100/100\n|switch|p1b: Beowulf|Urshifu-Rapid-Strike, L50, M|100/100\n|switch|p2a: Tornadus|Tornadus, L50, M|100/100\n|switch|p2b: Urshifu|Urshifu-Rapid-Strike, L50, M|100/100\n|turn|1\n|\n|t:|1773695336\n|-terastallize|p1b: Beowulf|Ghost\n|-terastallize|p2a: Tornadus|Dark\n|move|p2a: Tornadus|Taunt|p1a: Vangwe\n|-start|p1a: Vangwe|move: Taunt\n|move|p2b: Urshifu|Surging Strikes|p1a: Vangwe\n|-crit|p1a: Vangwe\n|-damage|p1a: Vangwe|70/100\n|-crit|p1a: Vangwe\n|-damage|p1a: Vangwe|42/100\n|-crit|p1a: Vangwe\n|-damage|p1a: Vangwe|13/100\n|-hitcount|p1a: Vangwe|3\n|move|p1b: Beowulf|Surging Strikes|p2a: Tornadus\n|-crit|p2a: Tornadus\n|-damage|p2a: Tornadus|71/100\n|-crit|p2a: Tornadus\n|-damage|p2a: Tornadus|40/100\n|-crit|p2a: Tornadus\n|-damage|p2a: Tornadus|10/100\n|-hitcount|p2a: Tornadus|3\n|move|p1a: Vangwe|Bleakwind Storm|p2a: Tornadus|[spread] p2a,p2b\n|-supereffective|p2b: Urshifu\n|-damage|p2a: Tornadus|0 fnt\n|-damage|p2b: Urshifu|0 fnt\n|faint|p2a: Tornadus\n|faint|p2b: Urshifu\n|\n|upkeep\n|\n|t:|1773695358\n|switch|p2b: Calyrex|Calyrex-Shadow, L50|100/100\n|switch|p2a: Zamazenta|Zamazenta-Crowned, L50|100/100\n|-ability|p2b: Calyrex|As One\n|-ability|p2b: Calyrex|Unnerve\n|-ability|p2a: Zamazenta|Dauntless Shield|boost\n|-boost|p2a: Zamazenta|def|1\n|turn|2\n|\n|t:|1773695381\n|switch|p1b: Drambor|Zamazenta-Crowned, L50|100/100\n|-ability|p1b: Drambor|Dauntless Shield|boost\n|-boost|p1b: Drambor|def|1\n|switch|p1a: Mithrandir|Calyrex-Shadow, L50|100/100\n|-ability|p1a: Mithrandir|As One\n|-ability|p1a: Mithrandir|Unnerve\n|move|p2b: Calyrex|Astral Barrage|p1a: Mithrandir|[spread] p1a,p1b\n|-supereffective|p1a: Mithrandir\n|-enditem|p1a: Mithrandir|Focus Sash\n|-damage|p1a: Mithrandir|1/100\n|-damage|p1b: Drambor|58/100\n|move|p2a: Zamazenta|Heavy Slam|p1b: Drambor\n|-resisted|p1b: Drambor\n|-damage|p1b: Drambor|54/100\n|\n|upkeep\n|turn|3\n|inactive|Mirthinion has 30 seconds left.\n|inactive|Mirthinion has 20 seconds left.\n|\n|t:|1773695420\n|move|p2b: Calyrex|Psychic|p1a: Mithrandir\n|-resisted|p1a: Mithrandir\n|-damage|p1a: Mithrandir|0 fnt\n|faint|p1a: Mithrandir\n|-ability|p2b: Calyrex|Grim Neigh|boost\n|-boost|p2b: Calyrex|spa|1\n|move|p1b: Drambor|Body Press|p2a: Zamazenta\n|-supereffective|p2a: Zamazenta\n|-damage|p2a: Zamazenta|40/100\n|move|p2a: Zamazenta|Imprison|p2a: Zamazenta\n|-start|p2a: Zamazenta|move: Imprison\n|\n|upkeep\n|\n|t:|1773695431\n|switch|p1a: Vangwe|Tornadus, L50, M|13/100\n|turn|4\n|\n|t:|1773695442\n|move|p1a: Vangwe|Tailwind|p1a: Vangwe\n|-sidestart|p1: Mirthinion|move: Tailwind\n|move|p1b: Drambor|Behemoth Bash|p2b: Calyrex\n|-damage|p2b: Calyrex|56/100\n|move|p2b: Calyrex|Astral Barrage|p1a: Vangwe|[spread] p1a,p1b\n|-damage|p1a: Vangwe|0 fnt\n|-damage|p1b: Drambor|0 fnt\n|faint|p1a: Vangwe\n|faint|p1b: Drambor\n|-ability|p2b: Calyrex|Grim Neigh|boost\n|-boost|p2b: Calyrex|spa|2\n|move|p2a: Zamazenta|Heavy Slam|p1: Vangwe|[notarget]\n|-fail|p2a: Zamazenta\n|\n|upkeep\n|\n|t:|1773695456\n|switch|p1a: Beowulf|Urshifu-Rapid-Strike, L50, M, tera:Ghost|100/100\n|turn|5\n|\n|t:|1773695460\n|move|p1a: Beowulf|Surging Strikes|p2b: Calyrex\n|-crit|p2b: Calyrex\n|-damage|p2b: Calyrex|24/100\n|-crit|p2b: Calyrex\n|-damage|p2b: Calyrex|0 fnt\n|faint|p2b: Calyrex\n|-hitcount|p2: Calyrex|2\n|move|p2a: Zamazenta|Heavy Slam|p1a: Beowulf\n|-damage|p1a: Beowulf|49/100\n|\n|upkeep\n|turn|6\n|\n|t:|1773695469\n|move|p1a: Beowulf|Surging Strikes|p2a: Zamazenta\n|-crit|p2a: Zamazenta\n|-damage|p2a: Zamazenta|22/100\n|-crit|p2a: Zamazenta\n|-damage|p2a: Zamazenta|6/100\n|-crit|p2a: Zamazenta\n|-damage|p2a: Zamazenta|0 fnt\n|faint|p2a: Zamazenta\n|-hitcount|p2: Zamazenta|3\n|\n|win|Mirthinion\n|raw|Mirthinion's rating: 1360 &rarr; <strong>1377</strong><br />(+17 for winning)\n|raw|Polipoliwr's rating: 1302 &rarr; <strong>1285</strong><br />(-17 for losing)\n|l|\u2606Polipoliwr\n|player|p2|\n","uploadtime":1773695477,"views":92,"formatid":"gen9vgc2026regi","rating":1285,"private":0,"password":null}