{"id":"gen9vgc2026regi-2557952465","format":"[Gen 9] VGC 2026 Reg I","players":["Rillabossman","soten soten"],"log":"|j|\u203dRillabossman\n|j|\u2606soten soten\n|t:|1773379038\n|gametype|doubles\n|player|p1|Rillabossman|169|1428\n|player|p2|soten soten|hilbert|1362\n|gen|9\n|tier|[Gen 9] VGC 2026 Reg I\n|rated|\n|rule|Species Clause: Limit one of each Pok\u00e9mon\n|rule|Item Clause: Limit 1 of each item\n|clearpoke\n|poke|p1|Kyogre, L50|\n|poke|p1|Calyrex-Ice, L50|\n|poke|p1|Iron Jugulis, L50|\n|poke|p1|Amoonguss, L50, M|\n|poke|p1|Araquanid, L50, F|\n|poke|p1|Overqwil, L50, M|\n|poke|p2|Terapagos, L50, M|\n|poke|p2|Eternatus, L50|\n|poke|p2|Incineroar, L50, F|\n|poke|p2|Grimmsnarl, L50, M|\n|poke|p2|Rillaboom, L50, M|\n|poke|p2|Urshifu-*, L50, M|\n|teampreview|4\n|inactive|Battle timer is ON: inactive players will automatically lose when time's up. (requested by soten soten)\n|inactive|Rillabossman has 60 seconds left.\n|\n|t:|1773379076\n|teamsize|p1|4\n|teamsize|p2|4\n|start\n|switch|p1a: Overqwil|Overqwil, L50, M|100/100\n|switch|p1b: Kyogre|Kyogre, L50|100/100\n|switch|p2a: Terapagos|Terapagos, L50, M|100/100\n|switch|p2b: Grimmsnarl|Grimmsnarl, L50, M|100/100\n|-activate|p2a: Terapagos|ability: Tera Shift\n|detailschange|p2a: Terapagos|Terapagos-Terastal, L50, M\n|-heal|p2a: Terapagos|100/100|[silent]\n|-weather|RainDance|[from] ability: Drizzle|[of] p1b: Kyogre\n|turn|1\n|\n|t:|1773379101\n|move|p2b: Grimmsnarl|Fake Out|p1b: Kyogre\n|-damage|p1b: Kyogre|90/100\n|move|p1a: Overqwil|Acid Spray|p2a: Terapagos\n|-activate|p2a: Terapagos|ability: Tera Shell\n|-resisted|p2a: Terapagos\n|-damage|p2a: Terapagos|95/100\n|-unboost|p2a: Terapagos|spd|2\n|-damage|p1a: Overqwil|91/100|[from] item: Life Orb\n|cant|p1b: Kyogre|flinch\n|move|p2a: Terapagos|Substitute|p2a: Terapagos\n|-start|p2a: Terapagos|Substitute\n|-damage|p2a: Terapagos|70/100\n|\n|-weather|RainDance|[upkeep]\n|-heal|p2a: Terapagos|77/100|[from] item: Leftovers\n|upkeep\n|turn|2\n|inactive|Rillabossman has 30 seconds left.\n|\n|t:|1773379127\n|-terastallize|p2a: Terapagos|Stellar\n|detailschange|p2a: Terapagos|Terapagos-Stellar, L50, M, tera:Stellar\n|-heal|p2a: Terapagos|83/100|[silent]\n|-ability|p2a: Terapagos|Teraform Zero\n|-weather|none\n|move|p2b: Grimmsnarl|Thunder Wave|p1b: Kyogre\n|-status|p1b: Kyogre|par\n|move|p1a: Overqwil|Gunk Shot|p2a: Terapagos\n|-end|p2a: Terapagos|Substitute\n|-damage|p1a: Overqwil|82/100|[from] item: Life Orb\n|move|p2a: Terapagos|Tera Starstorm|p1a: Overqwil|[spread] p1a,p1b\n|-damage|p1a: Overqwil|18/100\n|-damage|p1b: Kyogre|63/100 par\n|move|p1b: Kyogre|Water Spout|p2a: Terapagos|[spread] p2a,p2b\n|-damage|p2a: Terapagos|20/100\n|-damage|p2b: Grimmsnarl|51/100\n|\n|-heal|p2a: Terapagos|27/100|[from] item: Leftovers\n|upkeep\n|turn|3\n|inactive|Rillabossman has 30 seconds left.\n|inactive|Rillabossman has 20 seconds left.\n|inactive|Rillabossman has 15 seconds left.\n|inactive|Rillabossman has 10 seconds left.\n|inactive|Rillabossman has 5 seconds left.\n|\n|t:|1773379182\n|move|p2b: Grimmsnarl|Reflect|p2b: Grimmsnarl\n|-sidestart|p2: soten soten|Reflect\n|move|p1a: Overqwil|Acid Spray|p2b: Grimmsnarl\n|-supereffective|p2b: Grimmsnarl\n|-damage|p2b: Grimmsnarl|30/100\n|-damage|p1a: Overqwil|8/100|[from] item: Life Orb\n|move|p2a: Terapagos|Tera Starstorm|p1a: Overqwil|[spread] p1a,p1b\n|-damage|p1a: Overqwil|0 fnt\n|-damage|p1b: Kyogre|35/100 par\n|faint|p1a: Overqwil\n|move|p1b: Kyogre|Water Spout|p2b: Grimmsnarl|[spread] p2a,p2b\n|-damage|p2a: Terapagos|0 fnt\n|-damage|p2b: Grimmsnarl|6/100\n|faint|p2a: Terapagos\n|detailschange|p2: Terapagos|Terapagos, L50, M|[silent]\n|\n|upkeep\n|\n|t:|1773379204\n|switch|p1a: Calyrex|Calyrex-Ice, L50|100/100\n|switch|p2a: Eternatus|Eternatus, L50|100/100\n|-ability|p1a: Calyrex|As One\n|-ability|p1a: Calyrex|Unnerve\n|-ability|p2a: Eternatus|Pressure\n|turn|4\n|\n|t:|1773379223\n|switch|p1b: Iron Jugulis|Iron Jugulis, L50|100/100\n|-enditem|p1b: Iron Jugulis|Booster Energy\n|-activate|p1b: Iron Jugulis|ability: Quark Drive|[fromitem]\n|-start|p1b: Iron Jugulis|quarkdrivespe\n|-terastallize|p1a: Calyrex|Poison\n|move|p2b: Grimmsnarl|Thunder Wave|p1a: Calyrex\n|-status|p1a: Calyrex|par\n|move|p2a: Eternatus|Meteor Beam||[still]\n|-prepare|p2a: Eternatus|Meteor Beam\n|-boost|p2a: Eternatus|spa|1\n|-enditem|p2a: Eternatus|Power Herb\n|-anim|p2a: Eternatus|Meteor Beam|p1a: Calyrex\n|-damage|p1a: Calyrex|57/100 par\n|move|p1a: Calyrex|Glacial Lance|p2b: Grimmsnarl|[spread] p2a,p2b\n|-supereffective|p2a: Eternatus\n|-damage|p2a: Eternatus|51/100\n|-damage|p2b: Grimmsnarl|0 fnt\n|faint|p2b: Grimmsnarl\n|-ability|p1a: Calyrex|Chilling Neigh|boost\n|-boost|p1a: Calyrex|atk|1\n|\n|-heal|p1a: Calyrex|62/100 par|[from] item: Leftovers\n|upkeep\n|\n|t:|1773379226\n|switch|p2b: Urshifu|Urshifu-Rapid-Strike, L50, M|100/100\n|turn|5\n|l|\u203dRillabossman\n|inactive|Rillabossman disconnected and has a minute to reconnect!\n|player|p1|\n|inactive|Rillabossman has 30 seconds left.\n|inactive|Rillabossman has 20 seconds left.\n|inactive|Rillabossman has 15 seconds left.\n|inactive|Rillabossman has 10 seconds left.\n|inactive|Rillabossman has 5 seconds left.\n|-message|Rillabossman lost due to inactivity.\n|\n|win|soten soten\n|raw|Rillabossman's rating: 1428 &rarr; <strong>1404</strong><br />(-24 for losing)\n|raw|soten soten's rating: 1362 &rarr; <strong>1386</strong><br />(+24 for winning)\n|l|\u2606soten soten\n|player|p2|\n|j|\u203dRillabossman\n|player|p1|Rillabossman|169|\n|n|\u203dRillabossman|rillabossman\n|l|\u203dRillabossman\n|player|p1|\n|j|\u203dRillabossman\n|player|p1|Rillabossman|169|\n|n|\u203dRillabossman|rillabossman\n|l|\u203dRillabossman\n|player|p1|\n","uploadtime":1773379497,"views":15,"formatid":"gen9vgc2026regi","rating":1386,"private":0,"password":null}