{"id":"gen9vgc2026regi-2513862243","format":"[Gen 9] VGC 2026 Reg I","players":["MJ_VGC_0","dasabe\u76d6\u6b27\u5361\u4fa0"],"log":"|j|\u2606MJ_VGC_0\n|j|\u2606dasabe\u76d6\u6b27\u5361\u4fa0\n|t:|1767793833\n|gametype|doubles\n|player|p1|MJ_VGC_0|silver|1138\n|player|p2|dasabe\u76d6\u6b27\u5361\u4fa0|may-masters4|1358\n|gen|9\n|tier|[Gen 9] VGC 2026 Reg I\n|rated|\n|rule|Species Clause: Limit one of each Pok\u00e9mon\n|rule|Item Clause: Limit 1 of each item\n|clearpoke\n|poke|p1|Cresselia, L50, F|\n|poke|p1|Goodra-Hisui, L50, F|\n|poke|p1|Hariyama, L50, M|\n|poke|p1|Kingambit, L50, M|\n|poke|p1|Amoonguss, L50, M|\n|poke|p1|Incineroar, L50, M|\n|poke|p2|Calyrex-Shadow, L50|\n|poke|p2|Koraidon, L50|\n|poke|p2|Chi-Yu, L50|\n|poke|p2|Tornadus, L50, M|\n|poke|p2|Indeedee-F, L50, F|\n|poke|p2|Smeargle, L50, F|\n|teampreview|4\n|\n|t:|1767793890\n|teamsize|p1|4\n|teamsize|p2|4\n|start\n|switch|p1a: Hariyama|Hariyama, L50, M|100/100\n|switch|p1b: Incineroar|Incineroar, L50, M|100/100\n|switch|p2a: \u9a6c\u6b7b\u4e86|Calyrex-Shadow, L50|100/100\n|switch|p2b: \u5c0f\u7b14\u7ea2\u80bf|Smeargle, L50, F, shiny|100/100\n|-ability|p2a: \u9a6c\u6b7b\u4e86|As One\n|-ability|p2a: \u9a6c\u6b7b\u4e86|Unnerve\n|-ability|p1b: Incineroar|Intimidate|boost\n|-unboost|p2a: \u9a6c\u6b7b\u4e86|atk|1\n|-unboost|p2b: \u5c0f\u7b14\u7ea2\u80bf|atk|1\n|turn|1\n|\n|t:|1767793916\n|-terastallize|p2a: \u9a6c\u6b7b\u4e86|Ghost\n|move|p2b: \u5c0f\u7b14\u7ea2\u80bf|Fake Out|p1b: Incineroar\n|-damage|p1b: Incineroar|96/100\n|move|p1a: Hariyama|Wide Guard|p1a: Hariyama\n|-singleturn|p1a: Hariyama|Wide Guard\n|move|p2a: \u9a6c\u6b7b\u4e86|Shadow Ball|p1a: Hariyama\n|-damage|p1a: Hariyama|30/100\n|cant|p1b: Incineroar|flinch\n|\n|-ability|p2b: \u5c0f\u7b14\u7ea2\u80bf|Moody|boost\n|-boost|p2b: \u5c0f\u7b14\u7ea2\u80bf|def|2\n|-unboost|p2b: \u5c0f\u7b14\u7ea2\u80bf|spd|1\n|upkeep\n|turn|2\n|\n|t:|1767793931\n|move|p1a: Hariyama|Wide Guard|p1a: Hariyama\n|-singleturn|p1a: Hariyama|Wide Guard\n|move|p2a: \u9a6c\u6b7b\u4e86|Shadow Ball|p1a: Hariyama\n|-damage|p1a: Hariyama|0 fnt\n|faint|p1a: Hariyama\n|-ability|p2a: \u9a6c\u6b7b\u4e86|Grim Neigh|boost\n|-boost|p2a: \u9a6c\u6b7b\u4e86|spa|1\n|move|p2b: \u5c0f\u7b14\u7ea2\u80bf|Spore|p1b: Incineroar\n|-status|p1b: Incineroar|slp|[from] move: Spore\n|cant|p1b: Incineroar|slp\n|\n|-ability|p2b: \u5c0f\u7b14\u7ea2\u80bf|Moody|boost\n|-boost|p2b: \u5c0f\u7b14\u7ea2\u80bf|spe|2\n|-unboost|p2b: \u5c0f\u7b14\u7ea2\u80bf|atk|1\n|upkeep\n|\n|t:|1767793945\n|switch|p1a: Kingambit|Kingambit, L50, M|100/100\n|turn|3\n|\n|t:|1767793957\n|move|p2b: \u5c0f\u7b14\u7ea2\u80bf|Follow Me|p2b: \u5c0f\u7b14\u7ea2\u80bf\n|-singleturn|p2b: \u5c0f\u7b14\u7ea2\u80bf|move: Follow Me\n|move|p1a: Kingambit|Sucker Punch||[still]\n|-fail|p1a: Kingambit\n|move|p2a: \u9a6c\u6b7b\u4e86|Shadow Ball|p1a: Kingambit\n|-resisted|p1a: Kingambit\n|-damage|p1a: Kingambit|30/100\n|cant|p1b: Incineroar|slp\n|\n|-ability|p2b: \u5c0f\u7b14\u7ea2\u80bf|Moody|boost\n|-boost|p2b: \u5c0f\u7b14\u7ea2\u80bf|spe|2\n|-unboost|p2b: \u5c0f\u7b14\u7ea2\u80bf|def|1\n|upkeep\n|turn|4\n|\n|t:|1767793971\n|move|p1a: Kingambit|Protect|p1a: Kingambit\n|-singleturn|p1a: Kingambit|Protect\n|move|p2b: \u5c0f\u7b14\u7ea2\u80bf|Follow Me|p2b: \u5c0f\u7b14\u7ea2\u80bf\n|-singleturn|p2b: \u5c0f\u7b14\u7ea2\u80bf|move: Follow Me\n|move|p2a: \u9a6c\u6b7b\u4e86|Shadow Ball|p1a: Kingambit\n|-activate|p1a: Kingambit|move: Protect\n|-curestatus|p1b: Incineroar|slp|[msg]\n|move|p1b: Incineroar|Darkest Lariat|p2b: \u5c0f\u7b14\u7ea2\u80bf\n|-damage|p2b: \u5c0f\u7b14\u7ea2\u80bf|2/100\n|\n|-ability|p2b: \u5c0f\u7b14\u7ea2\u80bf|Moody|boost\n|-boost|p2b: \u5c0f\u7b14\u7ea2\u80bf|spe|2\n|-unboost|p2b: \u5c0f\u7b14\u7ea2\u80bf|atk|1\n|upkeep\n|turn|5\n|\n|t:|1767793987\n|switch|p2b: \u4f8d\u7684\u6211\u7231\u5bfc\u7ba1|Indeedee-F, L50, F, shiny|100/100\n|-fieldstart|move: Psychic Terrain|[from] ability: Psychic Surge|[of] p2b: \u4f8d\u7684\u6211\u7231\u5bfc\u7ba1\n|-enditem|p2b: \u4f8d\u7684\u6211\u7231\u5bfc\u7ba1|Psychic Seed\n|-boost|p2b: \u4f8d\u7684\u6211\u7231\u5bfc\u7ba1|spd|1|[from] item: Psychic Seed\n|switch|p1a: Goodra|Goodra-Hisui, L50, F|100/100\n|move|p2a: \u9a6c\u6b7b\u4e86|Shadow Ball|p1a: Goodra\n|-damage|p1a: Goodra|9/100\n|move|p1b: Incineroar|Darkest Lariat|p2a: \u9a6c\u6b7b\u4e86\n|-supereffective|p2a: \u9a6c\u6b7b\u4e86\n|-damage|p2a: \u9a6c\u6b7b\u4e86|0 fnt\n|faint|p2a: \u9a6c\u6b7b\u4e86\n|\n|-heal|p1a: Goodra|14/100|[from] item: Leftovers\n|upkeep\n|\n|t:|1767793997\n|switch|p2a: \u4f60\u6731\u5417|Koraidon, L50, shiny|100/100\n|-weather|SunnyDay|[from] ability: Orichalcum Pulse|[of] p2a: \u4f60\u6731\u5417\n|-activate|p2a: \u4f60\u6731\u5417|Orichalcum Pulse|[source]\n|turn|6\n|\n|t:|1767794016\n|move|p1a: Goodra|Protect|p1a: Goodra\n|-singleturn|p1a: Goodra|Protect\n|move|p2a: \u4f60\u6731\u5417|Close Combat|p1b: Incineroar\n|-supereffective|p1b: Incineroar\n|-damage|p1b: Incineroar|0 fnt\n|-unboost|p2a: \u4f60\u6731\u5417|def|1\n|-unboost|p2a: \u4f60\u6731\u5417|spd|1\n|faint|p1b: Incineroar\n|-damage|p2a: \u4f60\u6731\u5417|91/100|[from] item: Life Orb\n|move|p2b: \u4f8d\u7684\u6211\u7231\u5bfc\u7ba1|Psychic|p1a: Goodra\n|-activate|p1a: Goodra|move: Protect\n|\n|-weather|SunnyDay|[upkeep]\n|-heal|p1a: Goodra|20/100|[from] item: Leftovers\n|upkeep\n|\n|t:|1767794029\n|switch|p1b: Kingambit|Kingambit, L50, M|30/100\n|turn|7\n|\n|t:|1767794038\n|-terastallize|p1b: Kingambit|Ghost\n|move|p2b: \u4f8d\u7684\u6211\u7231\u5bfc\u7ba1|Follow Me|p2b: \u4f8d\u7684\u6211\u7231\u5bfc\u7ba1\n|-singleturn|p2b: \u4f8d\u7684\u6211\u7231\u5bfc\u7ba1|move: Follow Me\n|move|p2a: \u4f60\u6731\u5417|Flare Blitz|p1a: Goodra\n|-damage|p1a: Goodra|0 fnt\n|faint|p1a: Goodra\n|-damage|p2a: \u4f60\u6731\u5417|84/100|[from] Recoil\n|-damage|p2a: \u4f60\u6731\u5417|74/100|[from] item: Life Orb\n|move|p1b: Kingambit|Kowtow Cleave|p2b: \u4f8d\u7684\u6211\u7231\u5bfc\u7ba1\n|-supereffective|p2b: \u4f8d\u7684\u6211\u7231\u5bfc\u7ba1\n|-damage|p2b: \u4f8d\u7684\u6211\u7231\u5bfc\u7ba1|0 fnt\n|faint|p2b: \u4f8d\u7684\u6211\u7231\u5bfc\u7ba1\n|\n|-weather|SunnyDay|[upkeep]\n|upkeep\n|\n|t:|1767794041\n|switch|p2b: \u5c0f\u7b14\u7ea2\u80bf|Smeargle, L50, F, shiny|2/100\n|turn|8\n|\n|t:|1767794053\n|move|p1b: Kingambit|Protect|p1b: Kingambit\n|-singleturn|p1b: Kingambit|Protect\n|move|p2a: \u4f60\u6731\u5417|Flare Blitz|p1b: Kingambit\n|-activate|p1b: Kingambit|move: Protect\n|move|p2b: \u5c0f\u7b14\u7ea2\u80bf|Spore|p1b: Kingambit\n|-activate|p1b: Kingambit|move: Protect\n|\n|-weather|SunnyDay|[upkeep]\n|-ability|p2b: \u5c0f\u7b14\u7ea2\u80bf|Moody|boost\n|-boost|p2b: \u5c0f\u7b14\u7ea2\u80bf|atk|2\n|-unboost|p2b: \u5c0f\u7b14\u7ea2\u80bf|spe|1\n|upkeep\n|turn|9\n|\n|t:|1767794063\n|move|p1b: Kingambit|Protect||[still]\n|-fail|p1b: Kingambit\n|move|p2a: \u4f60\u6731\u5417|Flare Blitz|p1b: Kingambit\n|-damage|p1b: Kingambit|0 fnt\n|faint|p1b: Kingambit\n|-damage|p2a: \u4f60\u6731\u5417|63/100|[from] Recoil\n|-damage|p2a: \u4f60\u6731\u5417|53/100|[from] item: Life Orb\n|\n|win|dasabe\u76d6\u6b27\u5361\u4fa0\n|raw|MJ_VGC_0's rating: 1138 &rarr; <strong>1127</strong><br />(-11 for losing)\n|raw|dasabe\u76d6\u6b27\u5361\u4fa0's rating: 1358 &rarr; <strong>1367</strong><br />(+9 for winning)\n|l|\u2606MJ_VGC_0\n|player|p1|\n","uploadtime":1767794437,"views":15,"formatid":"gen9vgc2026regi","rating":1127,"private":0,"password":null}