{"id":"gen9vgc2026regi-2541804215","format":"[Gen 9] VGC 2026 Reg I","players":["chitominchia","kojimuranishi"],"log":"|j|\u2606chitominchia\n|j|\u2606kojimuranishi\n|t:|1771371093\n|gametype|doubles\n|player|p1|chitominchia|hiker-gen4|1458\n|player|p2|kojimuranishi|265|1426\n|gen|9\n|tier|[Gen 9] VGC 2026 Reg I\n|rated|\n|rule|Species Clause: Limit one of each Pok\u00e9mon\n|rule|Item Clause: Limit 1 of each item\n|clearpoke\n|poke|p1|Tornadus, L50, M|\n|poke|p1|Miraidon, L50|\n|poke|p1|Kyogre, L50|\n|poke|p1|Farigiraf, L50, M|\n|poke|p1|Iron Bundle, L50|\n|poke|p1|Incineroar, L50, F|\n|poke|p2|Calyrex-Ice, L50|\n|poke|p2|Indeedee-F, L50, F|\n|poke|p2|Kyogre, L50|\n|poke|p2|Pincurchin, L50, F|\n|poke|p2|Iron Jugulis, L50|\n|poke|p2|Urshifu-*, L50, F|\n|teampreview|4\n|inactive|Battle timer is ON: inactive players will automatically lose when time's up. (requested by chitominchia)\n|inactive|chitominchia has 60 seconds left.\n|inactive|kojimuranishi has 60 seconds left.\n|\n|t:|1771371135\n|teamsize|p1|4\n|teamsize|p2|4\n|start\n|switch|p1a: Kyogre|Kyogre, L50|100/100\n|switch|p1b: Tornadus|Tornadus, L50, M|100/100\n|switch|p2a: Indeedee|Indeedee-F, L50, F|100/100\n|switch|p2b: Urshifu|Urshifu-Rapid-Strike, L50, F|100/100\n|-weather|RainDance|[from] ability: Drizzle|[of] p1a: Kyogre\n|-fieldstart|move: Psychic Terrain|[from] ability: Psychic Surge|[of] p2a: Indeedee\n|turn|1\n|\n|t:|1771371152\n|move|p2b: Urshifu|Close Combat|p1a: Kyogre\n|-damage|p1a: Kyogre|23/100\n|-unboost|p2b: Urshifu|def|1\n|-unboost|p2b: Urshifu|spd|1\n|move|p1b: Tornadus|Bleakwind Storm|p2a: Indeedee|[spread] p2a,p2b\n|-supereffective|p2b: Urshifu\n|-damage|p2a: Indeedee|64/100\n|-damage|p2b: Urshifu|0 fnt\n|faint|p2b: Urshifu\n|move|p1a: Kyogre|Origin Pulse|p2a: Indeedee\n|-damage|p2a: Indeedee|0 fnt\n|faint|p2a: Indeedee\n|\n|-weather|RainDance|[upkeep]\n|upkeep\n|\n|t:|1771371167\n|switch|p2b: Kyogre|Kyogre, L50|100/100\n|switch|p2a: Calyrex|Calyrex-Ice, L50|100/100\n|-ability|p2a: Calyrex|As One\n|-ability|p2a: Calyrex|Unnerve\n|turn|2\n|\n|t:|1771371179\n|move|p2b: Kyogre|Protect|p2b: Kyogre\n|-singleturn|p2b: Kyogre|Protect\n|move|p1b: Tornadus|Taunt|p2a: Calyrex\n|-activate|p2a: Calyrex|move: Psychic Terrain\n|move|p1a: Kyogre|Thunder|p2b: Kyogre\n|-activate|p2b: Kyogre|move: Protect\n|move|p2a: Calyrex|Trick Room|p2a: Calyrex\n|-fieldstart|move: Trick Room|[of] p2a: Calyrex\n|\n|-weather|RainDance|[upkeep]\n|upkeep\n|turn|3\n|\n|t:|1771371201\n|move|p1a: Kyogre|Protect|p1a: Kyogre\n|-singleturn|p1a: Kyogre|Protect\n|move|p2a: Calyrex|Glacial Lance|p1b: Tornadus|[spread] p1b\n|-activate|p1a: Kyogre|move: Protect\n|-supereffective|p1b: Tornadus\n|-damage|p1b: Tornadus|0 fnt\n|faint|p1b: Tornadus\n|-ability|p2a: Calyrex|Chilling Neigh|boost\n|-boost|p2a: Calyrex|atk|1\n|move|p2b: Kyogre|Water Spout|p1a: Kyogre\n|-activate|p1a: Kyogre|move: Protect\n|\n|-weather|RainDance|[upkeep]\n|upkeep\n|\n|t:|1771371208\n|switch|p1b: Iron Bundle|Iron Bundle, L50|100/100\n|turn|4\n|\n|t:|1771371219\n|move|p2a: Calyrex|Glacial Lance|p1b: Iron Bundle|[spread] p1a,p1b\n|-resisted|p1a: Kyogre\n|-resisted|p1b: Iron Bundle\n|-damage|p1a: Kyogre|0 fnt\n|-damage|p1b: Iron Bundle|67/100\n|faint|p1a: Kyogre\n|-ability|p2a: Calyrex|Chilling Neigh|boost\n|-boost|p2a: Calyrex|atk|1\n|move|p2b: Kyogre|Thunder|p1b: Iron Bundle\n|-supereffective|p1b: Iron Bundle\n|-damage|p1b: Iron Bundle|0 fnt\n|faint|p1b: Iron Bundle\n|-end|p1b: Iron Bundle|Quark Drive|[silent]\n|\n|-weather|RainDance|[upkeep]\n|upkeep\n|\n|t:|1771371229\n|switch|p1b: Miraidon|Miraidon, L50|100/100\n|-fieldstart|move: Electric Terrain|[from] ability: Hadron Engine|[of] p1b: Miraidon\n|turn|5\n|-message|chitominchia forfeited.\n|\n|win|kojimuranishi\n|raw|chitominchia's rating: 1458 &rarr; <strong>1436</strong><br />(-22 for losing)\n|raw|kojimuranishi's rating: 1426 &rarr; <strong>1448</strong><br />(+22 for winning)\n|l|\u2606chitominchia\n|player|p1|\n|l|\u2606kojimuranishi\n|player|p2|\n","uploadtime":1771371472,"views":22,"formatid":"gen9vgc2026regi","rating":1436,"private":0,"password":null}