{"id":"gen9vgc2026regi-2538239455","format":"[Gen 9] VGC 2026 Reg I","players":["yu7t","marcxhenry"],"log":"|j|\u2606yu7t\n|j|\u2606marcxhenry\n|t:|1770909490\n|gametype|doubles\n|player|p1|yu7t|lucas|1467\n|player|p2|marcxhenry|hilbert-wonderlauncher|1578\n|gen|9\n|tier|[Gen 9] VGC 2026 Reg I\n|rated|\n|rule|Species Clause: Limit one of each Pok\u00e9mon\n|rule|Item Clause: Limit 1 of each item\n|clearpoke\n|poke|p1|Calyrex-Ice, L50|\n|poke|p1|Kyogre, L50|\n|poke|p1|Grimmsnarl, L50, M|\n|poke|p1|Rillaboom, L50, M|\n|poke|p1|Urshifu-*, L50, F|\n|poke|p1|Landorus, L50, M|\n|poke|p2|Calyrex-Shadow, L50|\n|poke|p2|Urshifu-*, L50, M|\n|poke|p2|Roaring Moon, L50|\n|poke|p2|Kyogre, L50|\n|poke|p2|Tsareena, L50, F|\n|poke|p2|Kingambit, L50, M|\n|teampreview|4\n|\n|t:|1770909507\n|teamsize|p1|4\n|teamsize|p2|4\n|start\n|switch|p1a: Calyrex|Calyrex-Ice, L50|100/100\n|switch|p1b: Grimmsnarl|Grimmsnarl, L50, M|100/100\n|switch|p2a: Hitmonshe|Tsareena, L50, F, shiny|100/100\n|switch|p2b: Tripitz|Kyogre, L50, shiny|100/100\n|-ability|p1a: Calyrex|As One\n|-ability|p1a: Calyrex|Unnerve\n|-weather|RainDance|[from] ability: Drizzle|[of] p2b: Tripitz\n|turn|1\n|\n|t:|1770909533\n|-terastallize|p2a: Hitmonshe|Water\n|move|p1a: Calyrex|Protect|p1a: Calyrex\n|-singleturn|p1a: Calyrex|Protect\n|move|p1b: Grimmsnarl|Light Screen|p1b: Grimmsnarl\n|-sidestart|p1: yu7t|move: Light Screen\n|move|p2b: Tripitz|Water Spout|p1b: Grimmsnarl|[spread] p1b\n|-activate|p1a: Calyrex|move: Protect\n|-damage|p1b: Grimmsnarl|22/100\n|move|p2a: Hitmonshe|Power Whip|p1a: Calyrex\n|-activate|p1a: Calyrex|move: Protect\n|\n|-weather|RainDance|[upkeep]\n|upkeep\n|turn|2\n|\n|t:|1770909559\n|-terastallize|p1a: Calyrex|Grass\n|move|p1b: Grimmsnarl|Reflect|p1b: Grimmsnarl\n|-sidestart|p1: yu7t|Reflect\n|move|p2b: Tripitz|Water Spout|p1b: Grimmsnarl|[spread] p1a,p1b\n|-resisted|p1a: Calyrex\n|-damage|p1a: Calyrex|74/100\n|-damage|p1b: Grimmsnarl|0 fnt\n|faint|p1b: Grimmsnarl\n|move|p2a: Hitmonshe|Power Whip|p1a: Calyrex\n|-resisted|p1a: Calyrex\n|-damage|p1a: Calyrex|61/100\n|move|p1a: Calyrex|Glacial Lance|p2b: Tripitz|[spread] p2a,p2b\n|-resisted|p2a: Hitmonshe\n|-resisted|p2b: Tripitz\n|-damage|p2a: Hitmonshe|72/100\n|-damage|p2b: Tripitz|72/100\n|\n|-weather|RainDance|[upkeep]\n|-heal|p1a: Calyrex|67/100|[from] item: Leftovers\n|upkeep\n|\n|t:|1770909577\n|switch|p1b: Kyogre|Kyogre, L50|100/100\n|turn|3\n|\n|t:|1770909593\n|move|p2b: Tripitz|Origin Pulse|p1b: Kyogre|[spread] p1a\n|-miss|p2b: Tripitz|p1b: Kyogre\n|-resisted|p1a: Calyrex\n|-damage|p1a: Calyrex|48/100\n|move|p2a: Hitmonshe|Triple Axel|p1a: Calyrex\n|-supereffective|p1a: Calyrex\n|-damage|p1a: Calyrex|43/100\n|-supereffective|p1a: Calyrex\n|-damage|p1a: Calyrex|31/100\n|-supereffective|p1a: Calyrex\n|-damage|p1a: Calyrex|12/100\n|-hitcount|p1a: Calyrex|3\n|move|p1b: Kyogre|Thunder|p2a: Hitmonshe\n|-supereffective|p2a: Hitmonshe\n|-damage|p2a: Hitmonshe|0 fnt\n|faint|p2a: Hitmonshe\n|move|p1a: Calyrex|Trick Room|p1a: Calyrex\n|-fieldstart|move: Trick Room|[of] p1a: Calyrex\n|\n|-weather|RainDance|[upkeep]\n|-heal|p1a: Calyrex|18/100|[from] item: Leftovers\n|upkeep\n|\n|t:|1770909610\n|switch|p2a: Hermann|Kingambit, L50, M, shiny|100/100\n|turn|4\n|\n|t:|1770909619\n|move|p1a: Calyrex|Protect|p1a: Calyrex\n|-singleturn|p1a: Calyrex|Protect\n|move|p2a: Hermann|Kowtow Cleave|p1b: Kyogre\n|-damage|p1b: Kyogre|71/100\n|move|p1b: Kyogre|Water Spout|p2a: Hermann|[spread] p2a,p2b\n|-resisted|p2b: Tripitz\n|-damage|p2a: Hermann|56/100\n|-damage|p2b: Tripitz|45/100\n|move|p2b: Tripitz|Origin Pulse|p1a: Calyrex|[spread] \n|-activate|p1a: Calyrex|move: Protect\n|-miss|p2b: Tripitz|p1b: Kyogre\n|\n|-weather|RainDance|[upkeep]\n|-heal|p1a: Calyrex|24/100|[from] item: Leftovers\n|upkeep\n|turn|5\n|\n|t:|1770909646\n|switch|p1a: Urshifu|Urshifu-Rapid-Strike, L50, F|100/100\n|move|p2b: Tripitz|Protect|p2b: Tripitz\n|-singleturn|p2b: Tripitz|Protect\n|move|p2a: Hermann|Sucker Punch||[still]\n|-fail|p2a: Hermann\n|move|p1b: Kyogre|Origin Pulse|p2a: Hermann|[spread] p2a\n|-activate|p2b: Tripitz|move: Protect\n|-damage|p2a: Hermann|9/100\n|\n|-weather|none\n|upkeep\n|turn|6\n|\n|t:|1770909667\n|move|p2a: Hermann|Sucker Punch|p1a: Urshifu\n|-resisted|p1a: Urshifu\n|-damage|p1a: Urshifu|87/100\n|move|p1b: Kyogre|Thunder|p2b: Tripitz\n|-supereffective|p2b: Tripitz\n|-damage|p2b: Tripitz|0 fnt\n|faint|p2b: Tripitz\n|move|p1a: Urshifu|U-turn|p2a: Hermann\n|-damage|p2a: Hermann|0 fnt\n|faint|p2a: Hermann\n|\n|t:|1770909676\n|switch|p1a: Calyrex|Calyrex-Ice, L50, tera:Grass|24/100|[from] U-turn\n|-ability|p1a: Calyrex|As One\n|-ability|p1a: Calyrex|Unnerve\n|\n|-heal|p1a: Calyrex|29/100|[from] item: Leftovers\n|upkeep\n|\n|t:|1770909684\n|switch|p2b: Ludwig|Calyrex-Shadow, L50|100/100\n|-ability|p2b: Ludwig|As One\n|-ability|p2b: Ludwig|Unnerve\n|turn|7\n|\n|t:|1770909692\n|switch|p1b: Urshifu|Urshifu-Rapid-Strike, L50, F|87/100\n|move|p1a: Calyrex|Glacial Lance|p2b: Ludwig\n|-damage|p2b: Ludwig|18/100\n|move|p2b: Ludwig|Astral Barrage|p1a: Calyrex|[spread] p1a,p1b\n|-damage|p1a: Calyrex|8/100\n|-damage|p1b: Urshifu|33/100\n|\n|-heal|p1a: Calyrex|14/100|[from] item: Leftovers\n|-fieldend|move: Trick Room\n|upkeep\n|turn|8\n|\n|t:|1770909703\n|move|p1b: Urshifu|Surging Strikes|p2b: Ludwig\n|-crit|p2b: Ludwig\n|-damage|p2b: Ludwig|0 fnt\n|faint|p2b: Ludwig\n|-hitcount|p2: Ludwig|1\n|\n|win|yu7t\n|raw|yu7t's rating: 1467 &rarr; <strong>1493</strong><br />(+26 for winning)\n|raw|marcxhenry's rating: 1578 &rarr; <strong>1552</strong><br />(-26 for losing)\n|l|\u2606marcxhenry\n|player|p2|\n|l|\u2606yu7t\n|player|p1|\n","uploadtime":1770909887,"views":31,"formatid":"gen9vgc2026regi","rating":1493,"private":0,"password":null}