{"id":"gen9vgc2026regi-2588692723","format":"[Gen 9] VGC 2026 Reg I","players":["Rogersayyouare2486","jj11j1"],"log":"|j|\u2606Rogersayyouare2486\n|j|\u2606jj11j1\n|t:|1776658410\n|gametype|doubles\n|player|p1|Rogersayyouare2486|266|1478\n|player|p2|jj11j1|101|1584\n|gen|9\n|tier|[Gen 9] VGC 2026 Reg I\n|rated|\n|rule|Species Clause: Limit one of each Pok\u00e9mon\n|rule|Item Clause: Limit 1 of each item\n|clearpoke\n|poke|p1|Calyrex-Ice, L50|\n|poke|p1|Kyogre, L50|\n|poke|p1|Hatterene, L50, F|\n|poke|p1|Urshifu-*, L50, M|\n|poke|p1|Amoonguss, L50, F|\n|poke|p1|Indeedee-F, L50, F|\n|poke|p2|Ho-Oh, L50|\n|poke|p2|Calyrex-Ice, L50|\n|poke|p2|Overqwil, L50, F|\n|poke|p2|Ting-Lu, L50|\n|poke|p2|Rillaboom, L50, M|\n|poke|p2|Ogerpon-Wellspring, L50, F|\n|teampreview|4\n|inactive|Battle timer is ON: inactive players will automatically lose when time's up. (requested by Rogersayyouare2486)\n|inactive|Rogersayyouare2486 has 60 seconds left.\n|inactive|jj11j1 has 60 seconds left.\n|inactive|Rogersayyouare2486 has 30 seconds left.\n|\n|t:|1776658473\n|teamsize|p1|4\n|teamsize|p2|4\n|start\n|switch|p1a: Calyrex|Calyrex-Ice, L50|100/100\n|switch|p1b: Indeedee|Indeedee-F, L50, F|100/100\n|switch|p2a: Ogerpon|Ogerpon-Wellspring, L50, F|100/100\n|switch|p2b: Calyrex|Calyrex-Ice, L50|100/100\n|-ability|p2b: Calyrex|As One\n|-ability|p2b: Calyrex|Unnerve\n|-ability|p1a: Calyrex|As One\n|-ability|p1a: Calyrex|Unnerve\n|-fieldstart|move: Psychic Terrain|[from] ability: Psychic Surge|[of] p1b: Indeedee\n|turn|1\n|inactive|Rogersayyouare2486 has 30 seconds left.\n|\n|t:|1776658506\n|move|p1b: Indeedee|Follow Me|p1b: Indeedee\n|-singleturn|p1b: Indeedee|move: Follow Me\n|move|p2a: Ogerpon|Ivy Cudgel|p1b: Indeedee|[anim] Ivy Cudgel Water\n|-damage|p1b: Indeedee|50/100\n|move|p2b: Calyrex|Leech Seed|p1b: Indeedee\n|-start|p1b: Indeedee|move: Leech Seed\n|move|p1a: Calyrex|Glacial Lance|p2a: Ogerpon|[spread] p2a,p2b\n|-resisted|p2b: Calyrex\n|-damage|p2a: Ogerpon|47/100\n|-damage|p2b: Calyrex|86/100\n|\n|-heal|p2b: Calyrex|92/100|[from] item: Leftovers\n|-damage|p1b: Indeedee|37/100|[from] Leech Seed|[of] p2b: Calyrex\n|-heal|p2b: Calyrex|100/100|[silent]\n|upkeep\n|turn|2\n|l|\u2606jj11j1\n|inactive|jj11j1 disconnected and has a minute to reconnect!\n|player|p2|\n|inactive|Rogersayyouare2486 has 30 seconds left.\n|inactive|jj11j1 has 30 seconds left.\n|j|\u2606jj11j1\n|inactive|jj11j1 reconnected and has 25 seconds left.\n|player|p2|jj11j1|101|\n|inactive|Rogersayyouare2486 has 20 seconds left.\n|inactive|jj11j1 has 20 seconds left.\n|inactive|Rogersayyouare2486 has 15 seconds left.\n|inactive|jj11j1 has 15 seconds left.\n|\n|t:|1776658551\n|switch|p2a: Ho-Oh|Ho-Oh, L50|100/100\n|move|p1b: Indeedee|Follow Me|p1b: Indeedee\n|-singleturn|p1b: Indeedee|move: Follow Me\n|move|p2b: Calyrex|Leech Seed||[still]\n|-fail|p2b: Calyrex\n|move|p1a: Calyrex|Trick Room|p1a: Calyrex\n|-fieldstart|move: Trick Room|[of] p1a: Calyrex\n|\n|-damage|p1b: Indeedee|25/100|[from] Leech Seed|[of] p2b: Calyrex\n|upkeep\n|turn|3\n|inactive|Rogersayyouare2486 has 30 seconds left.\n|\n|t:|1776658578\n|move|p1b: Indeedee|Follow Me|p1b: Indeedee\n|-singleturn|p1b: Indeedee|move: Follow Me\n|move|p1a: Calyrex|Glacial Lance|p2b: Calyrex|[spread] p2a,p2b\n|-resisted|p2b: Calyrex\n|-damage|p2a: Ho-Oh|63/100\n|-damage|p2b: Calyrex|86/100\n|move|p2b: Calyrex|Leech Seed||[still]\n|-fail|p2b: Calyrex\n|move|p2a: Ho-Oh|Sacred Fire|p1b: Indeedee\n|-damage|p1b: Indeedee|0 fnt\n|faint|p1b: Indeedee\n|\n|-heal|p2b: Calyrex|92/100|[from] item: Leftovers\n|upkeep\n|\n|t:|1776658594\n|switch|p1b: Urshifu|Urshifu, L50, M|100/100\n|turn|4\n|\n|t:|1776658612\n|-terastallize|p2b: Calyrex|Water\n|move|p1b: Urshifu|Wicked Blow|p2b: Calyrex\n|-crit|p2b: Calyrex\n|-damage|p2b: Calyrex|59/100\n|move|p2b: Calyrex|Leech Seed|p1a: Calyrex\n|-start|p1a: Calyrex|move: Leech Seed\n|move|p1a: Calyrex|Glacial Lance|p2b: Calyrex|[spread] p2a,p2b\n|-resisted|p2b: Calyrex\n|-damage|p2a: Ho-Oh|28/100\n|-damage|p2b: Calyrex|46/100\n|move|p2a: Ho-Oh|Life Dew|p2a: Ho-Oh|[spread] p2a,p2b\n|-heal|p2a: Ho-Oh|53/100\n|-heal|p2b: Calyrex|72/100\n|\n|-heal|p2b: Calyrex|77/100|[from] item: Leftovers\n|-damage|p1a: Calyrex|88/100|[from] Leech Seed|[of] p2b: Calyrex\n|-heal|p2b: Calyrex|89/100|[silent]\n|upkeep\n|turn|5\n|inactive|Rogersayyouare2486 has 30 seconds left.\n|inactive|jj11j1 has 30 seconds left.\n|\n|t:|1776658646\n|move|p1b: Urshifu|Wicked Blow|p2a: Ho-Oh\n|-crit|p2a: Ho-Oh\n|-damage|p2a: Ho-Oh|6/100\n|-damage|p1b: Urshifu|84/100|[from] item: Rocky Helmet|[of] p2a: Ho-Oh\n|move|p2b: Calyrex|Leech Seed|p1b: Urshifu\n|-start|p1b: Urshifu|move: Leech Seed\n|move|p1a: Calyrex|Glacial Lance|p2b: Calyrex|[spread] p2a,p2b\n|-resisted|p2b: Calyrex\n|-damage|p2a: Ho-Oh|0 fnt\n|-damage|p2b: Calyrex|74/100\n|faint|p2a: Ho-Oh\n|-ability|p1a: Calyrex|Chilling Neigh|boost\n|-boost|p1a: Calyrex|atk|1\n|\n|-heal|p2b: Calyrex|80/100|[from] item: Leftovers\n|-damage|p1b: Urshifu|72/100|[from] Leech Seed|[of] p2b: Calyrex\n|-heal|p2b: Calyrex|92/100|[silent]\n|-damage|p1a: Calyrex|76/100|[from] Leech Seed|[of] p2b: Calyrex\n|-heal|p2b: Calyrex|100/100|[silent]\n|-fieldend|move: Psychic Terrain\n|upkeep\n|inactive|jj11j1 has 30 seconds left.\n|\n|t:|1776658674\n|switch|p2a: Ogerpon|Ogerpon-Wellspring, L50, F|47/100\n|turn|6\n|inactive|jj11j1 has 30 seconds left.\n|\n|t:|1776658704\n|move|p1b: Urshifu|Coaching|p1a: Calyrex\n|-boost|p1a: Calyrex|atk|1\n|-boost|p1a: Calyrex|def|1\n|move|p2b: Calyrex|Glacial Lance|p1a: Calyrex|[spread] p1a,p1b\n|-resisted|p1a: Calyrex\n|-damage|p1a: Calyrex|68/100\n|-damage|p1b: Urshifu|29/100\n|move|p1a: Calyrex|Glacial Lance|p2b: Calyrex|[spread] p2a,p2b\n|-resisted|p2b: Calyrex\n|-damage|p2a: Ogerpon|0 fnt\n|-damage|p2b: Calyrex|74/100\n|faint|p2a: Ogerpon\n|-ability|p1a: Calyrex|Chilling Neigh|boost\n|-boost|p1a: Calyrex|atk|1\n|\n|-heal|p2b: Calyrex|80/100|[from] item: Leftovers\n|-damage|p1b: Urshifu|16/100|[from] Leech Seed|[of] p2b: Calyrex\n|-heal|p2b: Calyrex|92/100|[silent]\n|-damage|p1a: Calyrex|56/100|[from] Leech Seed|[of] p2b: Calyrex\n|-heal|p2b: Calyrex|100/100|[silent]\n|-fieldend|move: Trick Room\n|upkeep\n|\n|t:|1776658723\n|switch|p2a: Ting-Lu|Ting-Lu, L50|100/100\n|-ability|p2a: Ting-Lu|Vessel of Ruin\n|turn|7\n|\n|t:|1776658746\n|move|p1b: Urshifu|Detect|p1b: Urshifu\n|-singleturn|p1b: Urshifu|Protect\n|move|p2a: Ting-Lu|Stomping Tantrum|p1a: Calyrex\n|-damage|p1a: Calyrex|32/100\n|move|p1a: Calyrex|Trick Room|p1a: Calyrex\n|-fieldstart|move: Trick Room|[of] p1a: Calyrex\n|move|p2b: Calyrex|Trick Room|p2b: Calyrex\n|-fieldend|move: Trick Room\n|\n|-damage|p1a: Calyrex|20/100|[from] Leech Seed|[of] p2b: Calyrex\n|-damage|p1b: Urshifu|4/100|[from] Leech Seed|[of] p2b: Calyrex\n|upkeep\n|turn|8\n|-message|Rogersayyouare2486 forfeited.\n|\n|win|jj11j1\n|raw|Rogersayyouare2486's rating: 1478 &rarr; <strong>1464</strong><br />(-14 for losing)\n|raw|jj11j1's rating: 1584 &rarr; <strong>1598</strong><br />(+14 for winning)\n|l|\u2606Rogersayyouare2486\n|player|p1|\n","uploadtime":1776659104,"views":7,"formatid":"gen9vgc2026regi","rating":1464,"private":0,"password":null}