{"id":"gen9vgc2026regi-2561765699","format":"[Gen 9] VGC 2026 Reg I","players":["tryashy","SnorlaxPikachu1"],"log":"|j|\u2606tryashy\n|j|\u2606SnorlaxPikachu1\n|t:|1773841583\n|gametype|doubles\n|player|p1|tryashy|dawn|1634\n|player|p2|SnorlaxPikachu1|palmer|1602\n|gen|9\n|tier|[Gen 9] VGC 2026 Reg I\n|rated|\n|rule|Species Clause: Limit one of each Pok\u00e9mon\n|rule|Item Clause: Limit 1 of each item\n|clearpoke\n|poke|p1|Lunala, L50|\n|poke|p1|Koraidon, L50|\n|poke|p1|Indeedee-F, L50, F|\n|poke|p1|Grimmsnarl, L50, M|\n|poke|p1|Walking Wake, L50|\n|poke|p1|Flutter Mane, L50|\n|poke|p2|Koraidon, L50|\n|poke|p2|Calyrex-Shadow, L50|\n|poke|p2|Roaring Moon, L50|\n|poke|p2|Ogerpon-Hearthflame, L50, F|\n|poke|p2|Incineroar, L50, F|\n|poke|p2|Flutter Mane, L50|\n|teampreview|4\n|inactive|Battle timer is ON: inactive players will automatically lose when time's up. (requested by tryashy)\n|\n|t:|1773841612\n|teamsize|p1|4\n|teamsize|p2|4\n|start\n|switch|p1a: Lunala|Lunala, L50|100/100\n|switch|p1b: Grimmsnarl|Grimmsnarl, L50, M|100/100\n|switch|p2a: Koraidon|Koraidon, L50|100/100\n|switch|p2b: Roaring Moon|Roaring Moon, L50|100/100\n|-weather|SunnyDay|[from] ability: Orichalcum Pulse|[of] p2a: Koraidon\n|-activate|p2b: Roaring Moon|ability: Protosynthesis\n|-start|p2b: Roaring Moon|protosynthesisspe\n|-activate|p2a: Koraidon|Orichalcum Pulse|[source]\n|turn|1\n|\n|t:|1773841629\n|-terastallize|p2a: Koraidon|Fire\n|-terastallize|p1a: Lunala|Fairy\n|move|p1b: Grimmsnarl|Reflect|p1b: Grimmsnarl\n|-sidestart|p1: tryashy|Reflect\n|move|p2b: Roaring Moon|Knock Off|p1a: Lunala\n|-resisted|p1a: Lunala\n|-damage|p1a: Lunala|96/100\n|-enditem|p1a: Lunala|Leftovers|[from] move: Knock Off|[of] p2b: Roaring Moon\n|move|p2a: Koraidon|Flare Blitz|p1a: Lunala\n|-damage|p1a: Lunala|20/100\n|-damage|p2a: Koraidon|67/100|[from] Recoil\n|-damage|p2a: Koraidon|57/100|[from] item: Life Orb\n|move|p1a: Lunala|Calm Mind|p1a: Lunala\n|-boost|p1a: Lunala|spa|1\n|-boost|p1a: Lunala|spd|1\n|\n|-weather|SunnyDay|[upkeep]\n|upkeep\n|turn|2\n|\n|t:|1773841646\n|move|p1a: Lunala|Protect|p1a: Lunala\n|-singleturn|p1a: Lunala|Protect\n|move|p2b: Roaring Moon|Tailwind|p2b: Roaring Moon\n|-sidestart|p2: SnorlaxPikachu1|move: Tailwind\n|move|p2a: Koraidon|Flame Charge|p1a: Lunala\n|-activate|p1a: Lunala|move: Protect\n|move|p1b: Grimmsnarl|Spirit Break|p2b: Roaring Moon\n|-supereffective|p2b: Roaring Moon\n|-damage|p2b: Roaring Moon|0 fnt\n|faint|p2b: Roaring Moon\n|-end|p2b: Roaring Moon|Protosynthesis|[silent]\n|\n|-weather|SunnyDay|[upkeep]\n|upkeep\n|\n|t:|1773841650\n|switch|p2b: Flutter Mane|Flutter Mane, L50|100/100\n|-activate|p2b: Flutter Mane|ability: Protosynthesis\n|-start|p2b: Flutter Mane|protosynthesisspe\n|turn|3\n|\n|t:|1773841658\n|switch|p1b: Indeedee|Indeedee-F, L50, F|100/100\n|-fieldstart|move: Psychic Terrain|[from] ability: Psychic Surge|[of] p1b: Indeedee\n|move|p2b: Flutter Mane|Moonblast|p1b: Indeedee\n|-damage|p1b: Indeedee|31/100\n|-unboost|p1b: Indeedee|spa|1\n|move|p2a: Koraidon|Flame Charge|p1a: Lunala\n|-damage|p1a: Lunala|0 fnt\n|-boost|p2a: Koraidon|spe|1\n|faint|p1a: Lunala\n|-damage|p2a: Koraidon|48/100|[from] item: Life Orb\n|\n|-weather|SunnyDay|[upkeep]\n|upkeep\n|\n|t:|1773841667\n|switch|p1a: Koraidon|Koraidon, L50|100/100\n|-activate|p1a: Koraidon|ability: Orichalcum Pulse\n|turn|4\n|inactive|tryashy has 30 seconds left.\n|\n|t:|1773841695\n|move|p1b: Indeedee|Follow Me|p1b: Indeedee\n|-singleturn|p1b: Indeedee|move: Follow Me\n|move|p2b: Flutter Mane|Moonblast|p1b: Indeedee\n|-damage|p1b: Indeedee|0 fnt\n|faint|p1b: Indeedee\n|move|p2a: Koraidon|Close Combat|p1a: Koraidon\n|-damage|p1a: Koraidon|35/100\n|-unboost|p2a: Koraidon|def|1\n|-unboost|p2a: Koraidon|spd|1\n|-damage|p2a: Koraidon|38/100|[from] item: Life Orb\n|move|p1a: Koraidon|Flare Blitz|p2b: Flutter Mane\n|-crit|p2b: Flutter Mane\n|-damage|p2b: Flutter Mane|0 fnt\n|faint|p2b: Flutter Mane\n|-end|p2b: Flutter Mane|Protosynthesis|[silent]\n|-damage|p1a: Koraidon|10/100|[from] Recoil\n|\n|-weather|SunnyDay|[upkeep]\n|upkeep\n|\n|t:|1773841707\n|switch|p2b: Calyrex|Calyrex-Shadow, L50|100/100\n|switch|p1b: Grimmsnarl|Grimmsnarl, L50, M|100/100\n|-ability|p2b: Calyrex|As One\n|-ability|p2b: Calyrex|Unnerve\n|turn|5\n|-message|tryashy forfeited.\n|\n|win|SnorlaxPikachu1\n|raw|tryashy's rating: 1634 &rarr; <strong>1612</strong><br />(-22 for losing)\n|raw|SnorlaxPikachu1's rating: 1602 &rarr; <strong>1624</strong><br />(+22 for winning)\n|l|\u2606tryashy\n|player|p1|\n|l|\u2606SnorlaxPikachu1\n|player|p2|\n","uploadtime":1773841858,"views":57,"formatid":"gen9vgc2026regi","rating":1612,"private":0,"password":null}