{"id":"gen9vgc2026regi-2557290350","format":"[Gen 9] VGC 2026 Reg I","players":["t1 penny","501JFW"],"log":"|j|\u2606t1 penny\n|j|\u2606501JFW\n|t:|1773308987\n|gametype|doubles\n|player|p1|t1 penny|hilda|1394\n|player|p2|501JFW|102|1576\n|gen|9\n|tier|[Gen 9] VGC 2026 Reg I\n|rated|\n|rule|Species Clause: Limit one of each Pok\u00e9mon\n|rule|Item Clause: Limit 1 of each item\n|clearpoke\n|poke|p1|Terapagos, L50, M|\n|poke|p1|Calyrex-Shadow, L50|\n|poke|p1|Incineroar, L50, M|\n|poke|p1|Tornadus, L50, M|\n|poke|p1|Smeargle, L50, M|\n|poke|p1|Farigiraf, L50, F|\n|poke|p2|Lunala, L50|\n|poke|p2|Koraidon, L50|\n|poke|p2|Jumpluff, L50, M|\n|poke|p2|Ogerpon-Cornerstone, L50, F|\n|poke|p2|Raging Bolt, L50|\n|poke|p2|Ursaluna, L50, F|\n|teampreview|4\n|inactive|Battle timer is ON: inactive players will automatically lose when time's up. (requested by t1 penny)\n|inactive|501JFW has 60 seconds left.\n|\n|t:|1773309056\n|teamsize|p1|4\n|teamsize|p2|4\n|start\n|switch|p1a: Rat|Smeargle, L50, M|100/100\n|switch|p1b: Tonkers|Terapagos, L50, M|100/100\n|switch|p2a: Koraidon|Koraidon, L50, shiny|100/100\n|switch|p2b: Jumpluff|Jumpluff, L50, M, shiny|100/100\n|-activate|p1b: Tonkers|ability: Tera Shift\n|detailschange|p1b: Tonkers|Terapagos-Terastal, L50, M\n|-heal|p1b: Tonkers|100/100|[silent]\n|-weather|SunnyDay|[from] ability: Orichalcum Pulse|[of] p2a: Koraidon\n|-activate|p2a: Koraidon|Orichalcum Pulse|[source]\n|turn|1\n|\n|t:|1773309081\n|-terastallize|p1b: Tonkers|Stellar\n|detailschange|p1b: Tonkers|Terapagos-Stellar, L50, M, tera:Stellar\n|-heal|p1b: Tonkers|100/100|[silent]\n|-ability|p1b: Tonkers|Teraform Zero\n|-weather|none\n|move|p1a: Rat|Fake Out|p2a: Koraidon\n|-damage|p2a: Koraidon|95/100\n|cant|p2a: Koraidon|flinch\n|move|p2b: Jumpluff|Sleep Powder|p1a: Rat|[miss]\n|-miss|p2b: Jumpluff|p1a: Rat\n|move|p1b: Tonkers|Tera Starstorm|p2a: Koraidon|[spread] p2a,p2b\n|-crit|p2a: Koraidon\n|-damage|p2a: Koraidon|0 fnt\n|-damage|p2b: Jumpluff|29/100\n|faint|p2a: Koraidon\n|\n|-ability|p1a: Rat|Moody|boost\n|-boost|p1a: Rat|atk|2\n|-unboost|p1a: Rat|spa|1\n|upkeep\n|\n|t:|1773309099\n|switch|p2a: Lunala|Lunala, L50, shiny|100/100\n|turn|2\n|\n|t:|1773309110\n|move|p2a: Lunala|Wide Guard|p2a: Lunala\n|-singleturn|p2a: Lunala|Wide Guard\n|move|p1a: Rat|Follow Me|p1a: Rat\n|-singleturn|p1a: Rat|move: Follow Me\n|move|p2b: Jumpluff|Sleep Powder|p1a: Rat\n|-status|p1a: Rat|slp|[from] move: Sleep Powder\n|move|p1b: Tonkers|Tera Starstorm|p2a: Lunala|[spread] \n|-activate|p2a: Lunala|move: Wide Guard\n|-activate|p2b: Jumpluff|move: Wide Guard\n|\n|-ability|p1a: Rat|Moody|boost\n|-boost|p1a: Rat|spe|2\n|-unboost|p1a: Rat|atk|1\n|upkeep\n|turn|3\n|\n|t:|1773309131\n|cant|p1a: Rat|slp\n|move|p2b: Jumpluff|Sleep Powder|p1b: Tonkers\n|-status|p1b: Tonkers|slp|[from] move: Sleep Powder\n|move|p2a: Lunala|Meteor Beam||[still]\n|-prepare|p2a: Lunala|Meteor Beam\n|-boost|p2a: Lunala|spa|1\n|-enditem|p2a: Lunala|Power Herb\n|-anim|p2a: Lunala|Meteor Beam|p1a: Rat\n|-enditem|p1a: Rat|Focus Sash\n|-damage|p1a: Rat|1/100 slp\n|cant|p1b: Tonkers|slp\n|\n|-ability|p1a: Rat|Moody|boost\n|-boost|p1a: Rat|def|2\n|-unboost|p1a: Rat|spa|1\n|upkeep\n|turn|4\n|inactive|t1 penny has 30 seconds left.\n|\n|t:|1773309161\n|cant|p1a: Rat|slp\n|move|p2b: Jumpluff|Tailwind|p2b: Jumpluff\n|-sidestart|p2: 501JFW|move: Tailwind\n|move|p2a: Lunala|Heat Wave|p1a: Rat|[spread] p1a\n|-miss|p2a: Lunala|p1b: Tonkers\n|-damage|p1a: Rat|0 fnt\n|faint|p1a: Rat\n|cant|p1b: Tonkers|slp\n|\n|upkeep\n|\n|t:|1773309186\n|switch|p1a: Yesman|Incineroar, L50, M|100/100\n|-ability|p1a: Yesman|Intimidate|boost\n|-unboost|p2a: Lunala|atk|1\n|-unboost|p2b: Jumpluff|atk|1\n|turn|5\n|\n|t:|1773309209\n|switch|p2b: Ursaluna|Ursaluna, L50, F, shiny|100/100\n|-terastallize|p2a: Lunala|Fire\n|move|p1a: Yesman|Fake Out|p2b: Ursaluna\n|-damage|p2b: Ursaluna|92/100\n|move|p2a: Lunala|Heat Wave|p1a: Yesman|[spread] p1a,p1b\n|-resisted|p1a: Yesman\n|-crit|p1a: Yesman\n|-damage|p1a: Yesman|51/100\n|-damage|p1b: Tonkers|53/100 slp\n|cant|p1b: Tonkers|slp\n|\n|-status|p2b: Ursaluna|brn|[from] item: Flame Orb\n|upkeep\n|turn|6\n|inactive|t1 penny has 30 seconds left.\n|inactive|501JFW has 30 seconds left.\n|inactive|t1 penny has 20 seconds left.\n|inactive|501JFW has 20 seconds left.\n|inactive|501JFW has 15 seconds left.\n|inactive|501JFW has 10 seconds left.\n|\n|t:|1773309255\n|move|p2a: Lunala|Moongeist Beam|p1a: Yesman\n|-resisted|p1a: Yesman\n|-damage|p1a: Yesman|10/100\n|move|p2b: Ursaluna|Facade|p1b: Tonkers\n|-damage|p1b: Tonkers|0 fnt\n|faint|p1b: Tonkers\n|detailschange|p1: Tonkers|Terapagos, L50, M|[silent]\n|move|p1a: Yesman|Parting Shot|p2b: Ursaluna\n|-unboost|p2b: Ursaluna|atk|1\n|-unboost|p2b: Ursaluna|spa|1\n|\n|t:|1773309266\n|switch|p1a: Cali|Calyrex-Shadow, L50|100/100|[from] Parting Shot\n|-ability|p1a: Cali|As One\n|-ability|p1a: Cali|Unnerve\n|\n|-damage|p2b: Ursaluna|86/100 brn|[from] brn\n|upkeep\n|\n|t:|1773309270\n|switch|p1b: Yesman|Incineroar, L50, M|10/100\n|-ability|p1b: Yesman|Intimidate|boost\n|-unboost|p2a: Lunala|atk|1\n|-unboost|p2b: Ursaluna|atk|1\n|turn|7\n|\n|t:|1773309292\n|move|p2a: Lunala|Wide Guard|p2a: Lunala\n|-singleturn|p2a: Lunala|Wide Guard\n|move|p1b: Yesman|Fake Out|p2a: Lunala\n|-damage|p2a: Lunala|96/100\n|move|p1a: Cali|Psychic|p2b: Ursaluna\n|-damage|p2b: Ursaluna|9/100 brn\n|-damage|p1a: Cali|91/100|[from] item: Life Orb\n|move|p2b: Ursaluna|Facade|p1b: Yesman\n|-damage|p1b: Yesman|0 fnt\n|-damage|p2b: Ursaluna|0 fnt|[from] item: Rocky Helmet|[of] p1b: Yesman\n|faint|p1b: Yesman\n|faint|p2b: Ursaluna\n|\n|-sideend|p2: 501JFW|move: Tailwind\n|upkeep\n|\n|t:|1773309297\n|switch|p2b: Jumpluff|Jumpluff, L50, M, shiny|29/100\n|turn|8\n|\n|t:|1773309321\n|move|p1a: Cali|Psychic|p2b: Jumpluff\n|-damage|p2b: Jumpluff|0 fnt\n|faint|p2b: Jumpluff\n|-ability|p1a: Cali|Grim Neigh|boost\n|-boost|p1a: Cali|spa|1\n|-damage|p1a: Cali|81/100|[from] item: Life Orb\n|move|p2a: Lunala|Moongeist Beam|p1a: Cali\n|-supereffective|p1a: Cali\n|-damage|p1a: Cali|0 fnt\n|faint|p1a: Cali\n|\n|win|501JFW\n|raw|t1 penny's rating: 1394 &rarr; <strong>1384</strong><br />(-10 for losing)\n|raw|501JFW's rating: 1576 &rarr; <strong>1586</strong><br />(+10 for winning)\n|l|\u2606501JFW\n|player|p2|\n|l|\u2606t1 penny\n|player|p1|\n","uploadtime":1773309559,"views":13,"formatid":"gen9vgc2026regi","rating":1384,"private":0,"password":null}