{"id":"gen9vgc2026regi-2553722430","format":"[Gen 9] VGC 2026 Reg I","players":["Jthepoke","b3testing"],"log":"|j|\u2606Jthepoke\n|j|\u2606b3testing\n|t:|1772867612\n|gametype|doubles\n|player|p1|Jthepoke|cyrus|1371\n|player|p2|b3testing|265|1516\n|gen|9\n|tier|[Gen 9] VGC 2026 Reg I\n|rated|\n|rule|Species Clause: Limit one of each Pok\u00e9mon\n|rule|Item Clause: Limit 1 of each item\n|clearpoke\n|poke|p1|Miraidon, L50|\n|poke|p1|Calyrex-Ice, L50|\n|poke|p1|Volcarona, L50, F|\n|poke|p1|Incineroar, L50, M|\n|poke|p1|Urshifu-*, L50, M|\n|poke|p1|Rillaboom, L50, M|\n|poke|p2|Terapagos, L50, M|\n|poke|p2|Calyrex-Shadow, L50|\n|poke|p2|Incineroar, L50, F|\n|poke|p2|Amoonguss, L50, F|\n|poke|p2|Tornadus, L50, M|\n|poke|p2|Smeargle, L50, F|\n|teampreview|4\n|inactive|Battle timer is ON: inactive players will automatically lose when time's up. (requested by b3testing)\n|\n|t:|1772867639\n|teamsize|p1|4\n|teamsize|p2|4\n|start\n|switch|p1a: Miraidon|Miraidon, L50|100/100\n|switch|p1b: Incineroar|Incineroar, L50, M|100/100\n|switch|p2a: Smeargle|Smeargle, L50, F|100/100\n|switch|p2b: Terapagos|Terapagos, L50, M|100/100\n|-activate|p2b: Terapagos|ability: Tera Shift\n|detailschange|p2b: Terapagos|Terapagos-Terastal, L50, M\n|-heal|p2b: Terapagos|100/100|[silent]\n|-fieldstart|move: Electric Terrain|[from] ability: Hadron Engine|[of] p1a: Miraidon\n|-ability|p1b: Incineroar|Intimidate|boost\n|-unboost|p2a: Smeargle|atk|1\n|-unboost|p2b: Terapagos|atk|1\n|turn|1\n|\n|t:|1772867657\n|move|p2a: Smeargle|Fake Out|p1a: Miraidon\n|-damage|p1a: Miraidon|98/100\n|cant|p1a: Miraidon|flinch\n|move|p2b: Terapagos|Calm Mind|p2b: Terapagos\n|-boost|p2b: Terapagos|spa|1\n|-boost|p2b: Terapagos|spd|1\n|move|p1b: Incineroar|Knock Off|p2b: Terapagos\n|-activate|p2b: Terapagos|ability: Tera Shell\n|-resisted|p2b: Terapagos\n|-damage|p2b: Terapagos|83/100\n|-enditem|p2b: Terapagos|Covert Cloak|[from] move: Knock Off|[of] p1b: Incineroar\n|\n|-ability|p2a: Smeargle|Moody|boost\n|-boost|p2a: Smeargle|spe|2\n|-unboost|p2a: Smeargle|spa|1\n|upkeep\n|turn|2\n|\n|t:|1772867682\n|-terastallize|p2b: Terapagos|Stellar\n|detailschange|p2b: Terapagos|Terapagos-Stellar, L50, M, tera:Stellar\n|-heal|p2b: Terapagos|88/100|[silent]\n|-ability|p2b: Terapagos|Teraform Zero\n|-fieldend|move: Electric Terrain\n|move|p2a: Smeargle|Spore|p1a: Miraidon\n|-status|p1a: Miraidon|slp|[from] move: Spore\n|cant|p1a: Miraidon|slp\n|move|p2b: Terapagos|Tera Starstorm|p1a: Miraidon|[spread] p1a,p1b\n|-damage|p1a: Miraidon|53/100 slp\n|-damage|p1b: Incineroar|42/100\n|move|p1b: Incineroar|Taunt|p2a: Smeargle\n|-start|p2a: Smeargle|move: Taunt\n|\n|-ability|p2a: Smeargle|Moody|boost\n|-boost|p2a: Smeargle|def|2\n|-unboost|p2a: Smeargle|spd|1\n|upkeep\n|turn|3\n|inactive|Jthepoke has 30 seconds left.\n|\n|t:|1772867707\n|switch|p2a: Calyrex|Calyrex-Shadow, L50|100/100\n|-ability|p2a: Calyrex|As One\n|-ability|p2a: Calyrex|Unnerve\n|switch|p1a: Rillaboom|Rillaboom, L50, M|100/100\n|-fieldstart|move: Grassy Terrain|[from] ability: Grassy Surge|[of] p1a: Rillaboom\n|move|p2b: Terapagos|Tera Starstorm|p1b: Incineroar|[spread] p1a,p1b\n|-damage|p1a: Rillaboom|60/100\n|-damage|p1b: Incineroar|0 fnt\n|faint|p1b: Incineroar\n|\n|-heal|p2b: Terapagos|94/100|[from] Grassy Terrain\n|-heal|p1a: Rillaboom|66/100|[from] Grassy Terrain\n|upkeep\n|\n|t:|1772867721\n|switch|p1b: Calyrex|Calyrex-Ice, L50|100/100\n|-ability|p1b: Calyrex|As One\n|-ability|p1b: Calyrex|Unnerve\n|turn|4\n|\n|t:|1772867740\n|-terastallize|p1b: Calyrex|Water\n|move|p1a: Rillaboom|Fake Out|p2b: Terapagos\n|-damage|p2b: Terapagos|84/100\n|move|p2a: Calyrex|Astral Barrage|p1b: Calyrex|[spread] p1a,p1b\n|-damage|p1a: Rillaboom|13/100\n|-damage|p1b: Calyrex|51/100\n|-damage|p2a: Calyrex|91/100|[from] item: Life Orb\n|cant|p2b: Terapagos|flinch\n|move|p1b: Calyrex|Glacial Lance|p2b: Terapagos|[spread] p2a,p2b\n|-damage|p2a: Calyrex|18/100\n|-damage|p2b: Terapagos|48/100\n|\n|-heal|p2a: Calyrex|24/100|[from] Grassy Terrain\n|-heal|p2b: Terapagos|54/100|[from] Grassy Terrain\n|-heal|p1a: Rillaboom|19/100|[from] Grassy Terrain\n|-heal|p1b: Calyrex|57/100|[from] Grassy Terrain\n|upkeep\n|turn|5\n|inactive|Jthepoke has 30 seconds left.\n|\n|t:|1772867774\n|move|p2a: Calyrex|Protect|p2a: Calyrex\n|-singleturn|p2a: Calyrex|Protect\n|move|p1b: Calyrex|Protect|p1b: Calyrex\n|-singleturn|p1b: Calyrex|Protect\n|move|p1a: Rillaboom|Grassy Glide|p2a: Calyrex\n|-activate|p2a: Calyrex|move: Protect\n|move|p2b: Terapagos|Tera Starstorm|p1a: Rillaboom|[spread] p1a\n|-activate|p1b: Calyrex|move: Protect\n|-damage|p1a: Rillaboom|0 fnt\n|faint|p1a: Rillaboom\n|\n|-heal|p2a: Calyrex|30/100|[from] Grassy Terrain\n|-heal|p2b: Terapagos|60/100|[from] Grassy Terrain\n|-heal|p1b: Calyrex|62/100|[from] Grassy Terrain\n|upkeep\n|\n|t:|1772867777\n|switch|p1a: Miraidon|Miraidon, L50|53/100 slp\n|-fieldstart|move: Electric Terrain|[from] ability: Hadron Engine|[of] p1a: Miraidon\n|turn|6\n|\n|t:|1772867786\n|cant|p1a: Miraidon|slp\n|move|p2a: Calyrex|Astral Barrage|p1a: Miraidon|[spread] p1a,p1b\n|-damage|p1a: Miraidon|0 fnt\n|-damage|p1b: Calyrex|15/100\n|faint|p1a: Miraidon\n|-ability|p2a: Calyrex|Grim Neigh|boost\n|-boost|p2a: Calyrex|spa|1\n|-damage|p2a: Calyrex|20/100|[from] item: Life Orb\n|move|p2b: Terapagos|Tera Starstorm|p1b: Calyrex\n|-supereffective|p1b: Calyrex\n|-damage|p1b: Calyrex|0 fnt\n|faint|p1b: Calyrex\n|\n|win|b3testing\n|raw|Jthepoke's rating: 1371 &rarr; <strong>1359</strong><br />(-12 for losing)\n|raw|b3testing's rating: 1516 &rarr; <strong>1528</strong><br />(+12 for winning)\n|l|\u2606Jthepoke\n|player|p1|\n|l|\u2606b3testing\n|player|p2|\n","uploadtime":1772867986,"views":12,"formatid":"gen9vgc2026regi","rating":1359,"private":0,"password":null}