{"id":"gen9vgc2026regi-2555680816","format":"[Gen 9] VGC 2026 Reg I","players":["EllenJoe2026","karan4"],"log":"|j|\u2606EllenJoe2026\n|j|\u2606karan4\n|t:|1773117719\n|gametype|doubles\n|player|p1|EllenJoe2026|2|1491\n|player|p2|karan4|lance|1474\n|gen|9\n|tier|[Gen 9] VGC 2026 Reg I\n|rated|\n|rule|Species Clause: Limit one of each Pok\u00e9mon\n|rule|Item Clause: Limit 1 of each item\n|clearpoke\n|poke|p1|Calyrex-Shadow, L50|\n|poke|p1|Zamazenta-*, L50|\n|poke|p1|Chien-Pao, L50|\n|poke|p1|Dragonite, L50, F|\n|poke|p1|Tornadus, L50, M|\n|poke|p1|Urshifu-*, L50, F|\n|poke|p2|Calyrex-Shadow, L50|\n|poke|p2|Zamazenta-*, L50|\n|poke|p2|Incineroar, L50, M|\n|poke|p2|Urshifu-*, L50, F|\n|poke|p2|Tornadus, L50, M|\n|poke|p2|Grimmsnarl, L50, M|\n|teampreview|4\n|inactive|Battle timer is ON: inactive players will automatically lose when time's up. (requested by EllenJoe2026)\n|\n|t:|1773117737\n|teamsize|p1|4\n|teamsize|p2|4\n|start\n|switch|p1a: Dragonite|Dragonite, L50, F|100/100\n|switch|p1b: Chien-Pao|Chien-Pao, L50, shiny|100/100\n|switch|p2a: Grimmsnarl|Grimmsnarl, L50, M|100/100\n|switch|p2b: Incineroar|Incineroar, L50, M|100/100\n|-ability|p1b: Chien-Pao|Sword of Ruin\n|-ability|p2b: Incineroar|Intimidate|boost\n|-fail|p1a: Dragonite|unboost|Attack|[from] ability: Inner Focus|[of] p1a: Dragonite\n|-unboost|p1b: Chien-Pao|atk|1\n|turn|1\n|inactive|karan4 has 30 seconds left.\n|\n|t:|1773117768\n|-terastallize|p1a: Dragonite|Normal\n|move|p2b: Incineroar|Fake Out|p1b: Chien-Pao\n|-damage|p1b: Chien-Pao|84/100\n|move|p1a: Dragonite|Extreme Speed|p2a: Grimmsnarl\n|-damage|p2a: Grimmsnarl|12/100\n|cant|p1b: Chien-Pao|flinch\n|move|p2a: Grimmsnarl|Reflect|p2a: Grimmsnarl\n|-sidestart|p2: karan4|Reflect\n|\n|upkeep\n|turn|2\n|\n|t:|1773117791\n|switch|p2a: Zamazenta|Zamazenta-Crowned, L50|100/100\n|-ability|p2a: Zamazenta|Dauntless Shield|boost\n|-boost|p2a: Zamazenta|def|1\n|move|p1a: Dragonite|Extreme Speed|p2b: Incineroar\n|-damage|p2b: Incineroar|50/100\n|move|p1b: Chien-Pao|Ice Shard|p2a: Zamazenta\n|-resisted|p2a: Zamazenta\n|-damage|p2a: Zamazenta|98/100\n|move|p2b: Incineroar|Parting Shot|p1b: Chien-Pao\n|-unboost|p1b: Chien-Pao|atk|1\n|-unboost|p1b: Chien-Pao|spa|1\n|\n|t:|1773117802\n|switch|p2b: Calyrex|Calyrex-Shadow, L50|100/100|[from] Parting Shot\n|-ability|p2b: Calyrex|As One\n|-ability|p2b: Calyrex|Unnerve\n|\n|upkeep\n|turn|3\n|\n|t:|1773117814\n|move|p2b: Calyrex|Protect|p2b: Calyrex\n|-singleturn|p2b: Calyrex|Protect\n|move|p1a: Dragonite|Extreme Speed|p2b: Calyrex\n|-activate|p2b: Calyrex|move: Protect\n|move|p1b: Chien-Pao|Sucker Punch||[still]\n|-fail|p1b: Chien-Pao\n|move|p2a: Zamazenta|Body Press|p1b: Chien-Pao\n|-supereffective|p1b: Chien-Pao\n|-damage|p1b: Chien-Pao|0 fnt\n|faint|p1b: Chien-Pao\n|\n|upkeep\n|\n|t:|1773117822\n|switch|p1b: Zamazenta|Zamazenta-Crowned, L50, shiny|100/100\n|-ability|p1b: Zamazenta|Dauntless Shield|boost\n|-boost|p1b: Zamazenta|def|1\n|turn|4\n|\n|t:|1773117839\n|switch|p1a: Calyrex|Calyrex-Shadow, L50|100/100\n|-ability|p1a: Calyrex|As One\n|-ability|p1a: Calyrex|Unnerve\n|move|p2b: Calyrex|Nasty Plot|p2b: Calyrex\n|-boost|p2b: Calyrex|spa|2\n|move|p1b: Zamazenta|Imprison|p1b: Zamazenta\n|-start|p1b: Zamazenta|move: Imprison\n|cant|p2a: Zamazenta|move: Imprison|Body Press\n|\n|upkeep\n|turn|5\n|inactive|karan4 has 30 seconds left.\n|\n|t:|1773117867\n|-terastallize|p2b: Calyrex|Dark\n|move|p1b: Zamazenta|Wide Guard|p1b: Zamazenta\n|-singleturn|p1b: Zamazenta|Wide Guard\n|move|p1a: Calyrex|Astral Barrage|p2a: Zamazenta|[spread] p2a,p2b\n|-resisted|p2b: Calyrex\n|-damage|p2a: Zamazenta|48/100\n|-damage|p2b: Calyrex|66/100\n|-damage|p1a: Calyrex|91/100|[from] item: Life Orb\n|move|p2b: Calyrex|Psychic|p1b: Zamazenta\n|-damage|p1b: Zamazenta|15/100\n|move|p2a: Zamazenta|Iron Defense|p2a: Zamazenta\n|-boost|p2a: Zamazenta|def|2\n|\n|upkeep\n|turn|6\n|inactive|karan4 has 30 seconds left.\n|\n|t:|1773117895\n|switch|p2a: Incineroar|Incineroar, L50, M|50/100\n|-ability|p2a: Incineroar|Intimidate|boost\n|-unboost|p1a: Calyrex|atk|1\n|-unboost|p1b: Zamazenta|atk|1\n|move|p1b: Zamazenta|Wide Guard|p1b: Zamazenta\n|-singleturn|p1b: Zamazenta|Wide Guard\n|move|p1a: Calyrex|Astral Barrage|p2b: Calyrex|[spread] p2a,p2b\n|-resisted|p2a: Incineroar\n|-resisted|p2b: Calyrex\n|-damage|p2a: Incineroar|17/100\n|-damage|p2b: Calyrex|28/100\n|-damage|p1a: Calyrex|81/100|[from] item: Life Orb\n|move|p2b: Calyrex|Astral Barrage|p1a: Calyrex|[spread] \n|-activate|p1a: Calyrex|move: Wide Guard\n|-activate|p1b: Zamazenta|move: Wide Guard\n|\n|upkeep\n|turn|7\n|inactive|karan4 has 30 seconds left.\n|inactive|karan4 has 20 seconds left.\n|\n|t:|1773117932\n|move|p1b: Zamazenta|Wide Guard|p1b: Zamazenta\n|-singleturn|p1b: Zamazenta|Wide Guard\n|move|p2b: Calyrex|Psychic|p1b: Zamazenta\n|-damage|p1b: Zamazenta|0 fnt\n|faint|p1b: Zamazenta\n|-ability|p2b: Calyrex|Grim Neigh|boost\n|-boost|p2b: Calyrex|spa|1\n|move|p1a: Calyrex|Astral Barrage|p2a: Incineroar|[spread] p2a,p2b\n|-resisted|p2a: Incineroar\n|-resisted|p2b: Calyrex\n|-damage|p2a: Incineroar|0 fnt\n|-damage|p2b: Calyrex|0 fnt\n|faint|p2a: Incineroar\n|faint|p2b: Calyrex\n|-ability|p1a: Calyrex|Grim Neigh|boost\n|-boost|p1a: Calyrex|spa|2\n|-damage|p1a: Calyrex|72/100|[from] item: Life Orb\n|\n|upkeep\n|-message|karan4 forfeited.\n|\n|win|EllenJoe2026\n|raw|EllenJoe2026's rating: 1491 &rarr; <strong>1510</strong><br />(+19 for winning)\n|raw|karan4's rating: 1474 &rarr; <strong>1455</strong><br />(-19 for losing)\n|l|\u2606karan4\n|player|p2|\n|l|\u2606EllenJoe2026\n|player|p1|\n","uploadtime":1773118192,"views":14,"formatid":"gen9vgc2026regi","rating":1455,"private":0,"password":null}