{"id":"gen9vgc2026regi-2517023434","format":"[Gen 9] VGC 2026 Reg I","players":["mosca9876","dasabe\u76d6\u6b27\u5361\u4fa0"],"log":"|j|\u2606mosca9876\n|j|\u2606dasabe\u76d6\u6b27\u5361\u4fa0\n|t:|1768218886\n|gametype|doubles\n|player|p1|mosca9876|2|1321\n|player|p2|dasabe\u76d6\u6b27\u5361\u4fa0|may-masters4|1501\n|gen|9\n|tier|[Gen 9] VGC 2026 Reg I\n|rated|\n|rule|Species Clause: Limit one of each Pok\u00e9mon\n|rule|Item Clause: Limit 1 of each item\n|clearpoke\n|poke|p1|Zacian-*, L50|\n|poke|p1|Calyrex-Shadow, L50|\n|poke|p1|Tornadus, L50, M|\n|poke|p1|Rillaboom, L50, M|\n|poke|p1|Ogerpon-Cornerstone, L50, F|\n|poke|p1|Chi-Yu, L50|\n|poke|p2|Kyogre, L50|\n|poke|p2|Miraidon, L50|\n|poke|p2|Whimsicott, L50, F|\n|poke|p2|Iron Hands, L50|\n|poke|p2|Farigiraf, L50, F|\n|poke|p2|Urshifu-*, L50, M|\n|teampreview|4\n|\n|t:|1768218916\n|teamsize|p1|4\n|teamsize|p2|4\n|start\n|switch|p1a: Tornadus|Tornadus, L50, M|100/100\n|switch|p1b: Rillaboom|Rillaboom, L50, M|100/100\n|switch|p2a: \u624b\u94f6|Iron Hands, L50, shiny|100/100\n|switch|p2b: \u5c0f\u5934\u63a7\u5927\u5934|Farigiraf, L50, F, shiny|100/100\n|-fieldstart|move: Grassy Terrain|[from] ability: Grassy Surge|[of] p1b: Rillaboom\n|turn|1\n|\n|t:|1768218969\n|move|p2a: \u624b\u94f6|Fake Out|p1b: Rillaboom\n|-damage|p1b: Rillaboom|85/100\n|move|p1a: Tornadus|Bleakwind Storm|p2a: \u624b\u94f6|[spread] p2a\n|-miss|p1a: Tornadus|p2b: \u5c0f\u5934\u63a7\u5927\u5934\n|-damage|p2a: \u624b\u94f6|84/100\n|cant|p1b: Rillaboom|flinch\n|move|p2b: \u5c0f\u5934\u63a7\u5927\u5934|Trick Room|p2b: \u5c0f\u5934\u63a7\u5927\u5934\n|-fieldstart|move: Trick Room|[of] p2b: \u5c0f\u5934\u63a7\u5927\u5934\n|\n|-heal|p2a: \u624b\u94f6|90/100|[from] Grassy Terrain\n|-heal|p1b: Rillaboom|91/100|[from] Grassy Terrain\n|upkeep\n|turn|2\n|\n|t:|1768218982\n|move|p2b: \u5c0f\u5934\u63a7\u5927\u5934|Helping Hand|p2a: \u624b\u94f6\n|-singleturn|p2a: \u624b\u94f6|Helping Hand|[of] p2b: \u5c0f\u5934\u63a7\u5927\u5934\n|move|p2a: \u624b\u94f6|Low Kick|p1b: Rillaboom\n|-damage|p1b: Rillaboom|30/100\n|move|p1b: Rillaboom|Knock Off|p2a: \u624b\u94f6\n|-resisted|p2a: \u624b\u94f6\n|-damage|p2a: \u624b\u94f6|79/100\n|-enditem|p2a: \u624b\u94f6|Assault Vest|[from] move: Knock Off|[of] p1b: Rillaboom\n|move|p1a: Tornadus|Bleakwind Storm|p2a: \u624b\u94f6|[spread] p2a,p2b\n|-damage|p2a: \u624b\u94f6|52/100\n|-damage|p2b: \u5c0f\u5934\u63a7\u5927\u5934|74/100\n|-unboost|p2b: \u5c0f\u5934\u63a7\u5927\u5934|spe|1\n|\n|-heal|p2a: \u624b\u94f6|58/100|[from] Grassy Terrain\n|-heal|p2b: \u5c0f\u5934\u63a7\u5927\u5934|80/100|[from] Grassy Terrain\n|-heal|p1b: Rillaboom|36/100|[from] Grassy Terrain\n|upkeep\n|turn|3\n|\n|t:|1768219000\n|switch|p1b: Calyrex|Calyrex-Shadow, L50|100/100\n|-ability|p1b: Calyrex|As One\n|-ability|p1b: Calyrex|Unnerve\n|move|p2a: \u624b\u94f6|Wild Charge|p1a: Tornadus\n|-supereffective|p1a: Tornadus\n|-damage|p1a: Tornadus|7/100\n|-damage|p2a: \u624b\u94f6|40/100|[from] Recoil\n|move|p2b: \u5c0f\u5934\u63a7\u5927\u5934|Psychic|p1b: Calyrex\n|-resisted|p1b: Calyrex\n|-damage|p1b: Calyrex|82/100\n|move|p1a: Tornadus|Bleakwind Storm|p2a: \u624b\u94f6|[spread] p2a,p2b\n|-damage|p2a: \u624b\u94f6|14/100\n|-damage|p2b: \u5c0f\u5934\u63a7\u5927\u5934|55/100\n|\n|-heal|p2a: \u624b\u94f6|20/100|[from] Grassy Terrain\n|-heal|p2b: \u5c0f\u5934\u63a7\u5927\u5934|61/100|[from] Grassy Terrain\n|-heal|p1b: Calyrex|88/100|[from] Grassy Terrain\n|upkeep\n|turn|4\n|\n|t:|1768219022\n|-terastallize|p1b: Calyrex|Fighting\n|move|p1a: Tornadus|Protect|p1a: Tornadus\n|-singleturn|p1a: Tornadus|Protect\n|move|p2a: \u624b\u94f6|Wild Charge|p1b: Calyrex\n|-damage|p1b: Calyrex|22/100\n|-damage|p2a: \u624b\u94f6|8/100|[from] Recoil\n|move|p2b: \u5c0f\u5934\u63a7\u5927\u5934|Psychic|p1a: Tornadus\n|-activate|p1a: Tornadus|move: Protect\n|move|p1b: Calyrex|Psychic|p2a: \u624b\u94f6\n|-supereffective|p2a: \u624b\u94f6\n|-damage|p2a: \u624b\u94f6|0 fnt\n|faint|p2a: \u624b\u94f6\n|-end|p2a: \u624b\u94f6|Quark Drive|[silent]\n|-ability|p1b: Calyrex|Grim Neigh|boost\n|-boost|p1b: Calyrex|spa|1\n|\n|-heal|p2b: \u5c0f\u5934\u63a7\u5927\u5934|67/100|[from] Grassy Terrain\n|-heal|p1b: Calyrex|28/100|[from] Grassy Terrain\n|upkeep\n|\n|t:|1768219030\n|switch|p2a: \u6210\u90fd\u8001\u76d6|Kyogre, L50, shiny|100/100\n|-weather|RainDance|[from] ability: Drizzle|[of] p2a: \u6210\u90fd\u8001\u76d6\n|turn|5\n|\n|t:|1768219050\n|move|p1b: Calyrex|Protect|p1b: Calyrex\n|-singleturn|p1b: Calyrex|Protect\n|move|p1a: Tornadus|Tailwind|p1a: Tornadus\n|-sidestart|p1: mosca9876|move: Tailwind\n|move|p2b: \u5c0f\u5934\u63a7\u5927\u5934|Psychic|p1b: Calyrex\n|-activate|p1b: Calyrex|move: Protect\n|move|p2a: \u6210\u90fd\u8001\u76d6|Origin Pulse|p1b: Calyrex|[spread] p1a\n|-activate|p1b: Calyrex|move: Protect\n|-damage|p1a: Tornadus|0 fnt\n|faint|p1a: Tornadus\n|\n|-weather|RainDance|[upkeep]\n|-heal|p2b: \u5c0f\u5934\u63a7\u5927\u5934|73/100|[from] Grassy Terrain\n|-heal|p1b: Calyrex|34/100|[from] Grassy Terrain\n|-fieldend|move: Trick Room\n|-fieldend|move: Grassy Terrain\n|upkeep\n|\n|t:|1768219054\n|switch|p1a: Rillaboom|Rillaboom, L50, M|36/100\n|-fieldstart|move: Grassy Terrain|[from] ability: Grassy Surge|[of] p1a: Rillaboom\n|turn|6\n|\n|t:|1768219065\n|move|p1b: Calyrex|Astral Barrage|p2b: \u5c0f\u5934\u63a7\u5927\u5934|[spread] p2a\n|-immune|p2b: \u5c0f\u5934\u63a7\u5927\u5934\n|-damage|p2a: \u6210\u90fd\u8001\u76d6|33/100\n|move|p1a: Rillaboom|Knock Off|p2b: \u5c0f\u5934\u63a7\u5927\u5934\n|-supereffective|p2b: \u5c0f\u5934\u63a7\u5927\u5934\n|-damage|p2b: \u5c0f\u5934\u63a7\u5927\u5934|15/100\n|-enditem|p2b: \u5c0f\u5934\u63a7\u5927\u5934|Electric Seed|[from] move: Knock Off|[of] p1a: Rillaboom\n|move|p2a: \u6210\u90fd\u8001\u76d6|Origin Pulse|p1b: Calyrex|[spread] p1a,p1b\n|-resisted|p1a: Rillaboom\n|-damage|p1a: Rillaboom|0 fnt\n|-damage|p1b: Calyrex|0 fnt\n|faint|p1a: Rillaboom\n|faint|p1b: Calyrex\n|move|p2b: \u5c0f\u5934\u63a7\u5927\u5934|Trick Room|p2b: \u5c0f\u5934\u63a7\u5927\u5934\n|-fieldstart|move: Trick Room|[of] p2b: \u5c0f\u5934\u63a7\u5927\u5934\n|\n|-weather|RainDance|[upkeep]\n|-heal|p2b: \u5c0f\u5934\u63a7\u5927\u5934|21/100|[from] Grassy Terrain\n|-heal|p2a: \u6210\u90fd\u8001\u76d6|39/100|[from] Grassy Terrain\n|upkeep\n|\n|t:|1768219073\n|switch|p1b: Zacian|Zacian-Crowned, L50|100/100\n|-ability|p1b: Zacian|Intrepid Sword|boost\n|-boost|p1b: Zacian|atk|1\n|turn|7\n|\n|t:|1768219079\n|switch|p2b: \u94f6\u91d1\u5996\u86c7|Miraidon, L50, shiny|100/100\n|-fieldstart|move: Electric Terrain|[from] ability: Hadron Engine|[of] p2b: \u94f6\u91d1\u5996\u86c7\n|move|p1b: Zacian|Protect|p1b: Zacian\n|-singleturn|p1b: Zacian|Protect\n|move|p2a: \u6210\u90fd\u8001\u76d6|Origin Pulse|p1b: Zacian\n|-activate|p1b: Zacian|move: Protect\n|\n|-weather|RainDance|[upkeep]\n|upkeep\n|turn|8\n|\n|t:|1768219083\n|-terastallize|p2b: \u94f6\u91d1\u5996\u86c7|Fairy\n|move|p2a: \u6210\u90fd\u8001\u76d6|Origin Pulse|p1b: Zacian\n|-damage|p1b: Zacian|0 fnt\n|faint|p1b: Zacian\n|\n|win|dasabe\u76d6\u6b27\u5361\u4fa0\n|raw|mosca9876's rating: 1321 &rarr; <strong>1311</strong><br />(-10 for losing)\n|raw|dasabe\u76d6\u6b27\u5361\u4fa0's rating: 1501 &rarr; <strong>1511</strong><br />(+10 for winning)\n|l|\u2606dasabe\u76d6\u6b27\u5361\u4fa0\n|player|p2|\n|l|\u2606mosca9876\n|player|p1|\n","uploadtime":1768219224,"views":15,"formatid":"gen9vgc2026regi","rating":1311,"private":0,"password":null}