{"id":"gen9vgc2026regi-2523270693","format":"[Gen 9] VGC 2026 Reg I","players":["freegr","kojimuranishi"],"log":"|j|\u2606freegr\n|j|\u2606kojimuranishi\n|t:|1769010032\n|gametype|doubles\n|player|p1|freegr|dawn|1534\n|player|p2|kojimuranishi|2|1596\n|gen|9\n|tier|[Gen 9] VGC 2026 Reg I\n|rated|\n|rule|Species Clause: Limit one of each Pok\u00e9mon\n|rule|Item Clause: Limit 1 of each item\n|clearpoke\n|poke|p1|Koraidon, L50|\n|poke|p1|Calyrex-Ice, L50|\n|poke|p1|Incineroar, L50, F|\n|poke|p1|Smeargle, L50, M|\n|poke|p1|Rillaboom, L50, F|\n|poke|p1|Landorus, L50, M|\n|poke|p2|Zamazenta-*, L50|\n|poke|p2|Lunala, L50|\n|poke|p2|Chien-Pao, L50|\n|poke|p2|Dragonite, L50, M|\n|poke|p2|Landorus, L50, M|\n|poke|p2|Urshifu-*, L50, F|\n|teampreview|4\n|inactive|Battle timer is ON: inactive players will automatically lose when time's up. (requested by kojimuranishi)\n|l|\u2606freegr\n|inactive|freegr disconnected and has a minute to reconnect!\n|player|p1|\n|inactive|kojimuranishi has 60 seconds left.\n|j|\u2606freegr\n|inactive|freegr reconnected and has 60 seconds left.\n|player|p1|freegr|dawn|\n|\n|t:|1769010097\n|teamsize|p1|4\n|teamsize|p2|4\n|start\n|switch|p1a: Calyrex|Calyrex-Ice, L50|100/100\n|switch|p1b: Smeargle|Smeargle, L50, M, shiny|100/100\n|switch|p2a: Urshifu|Urshifu-Rapid-Strike, L50, F|100/100\n|switch|p2b: Lunala|Lunala, L50|100/100\n|-ability|p1a: Calyrex|As One\n|-ability|p1a: Calyrex|Unnerve\n|turn|1\n|\n|t:|1769010112\n|switch|p1a: Koraidon|Koraidon, L50, shiny|100/100\n|-weather|SunnyDay|[from] ability: Orichalcum Pulse|[of] p1a: Koraidon\n|-activate|p1a: Koraidon|Orichalcum Pulse|[source]\n|-terastallize|p2a: Urshifu|Ghost\n|move|p2a: Urshifu|Surging Strikes|p1b: Smeargle\n|-crit|p1b: Smeargle\n|-damage|p1b: Smeargle|79/100\n|-crit|p1b: Smeargle\n|-damage|p1b: Smeargle|59/100\n|-crit|p1b: Smeargle\n|-damage|p1b: Smeargle|39/100\n|-hitcount|p1b: Smeargle|3\n|move|p1b: Smeargle|Spore|p2b: Lunala\n|-status|p2b: Lunala|slp|[from] move: Spore\n|cant|p2b: Lunala|slp\n|\n|-weather|SunnyDay|[upkeep]\n|-ability|p1b: Smeargle|Moody|boost\n|-boost|p1b: Smeargle|atk|2\n|-unboost|p1b: Smeargle|spa|1\n|upkeep\n|turn|2\n|inactive|freegr has 30 seconds left.\n|inactive|kojimuranishi has 30 seconds left.\n|\n|t:|1769010142\n|-terastallize|p1a: Koraidon|Fire\n|move|p1a: Koraidon|Flare Blitz|p2a: Urshifu\n|-enditem|p2a: Urshifu|Focus Sash\n|-damage|p2a: Urshifu|1/100\n|-damage|p1a: Koraidon|71/100|[from] Recoil\n|move|p2a: Urshifu|Close Combat|p1b: Smeargle\n|-supereffective|p1b: Smeargle\n|-damage|p1b: Smeargle|0 fnt\n|-unboost|p2a: Urshifu|def|1\n|-unboost|p2a: Urshifu|spd|1\n|faint|p1b: Smeargle\n|cant|p2b: Lunala|slp\n|\n|-weather|SunnyDay|[upkeep]\n|upkeep\n|\n|t:|1769010148\n|switch|p1b: Calyrex|Calyrex-Ice, L50|100/100\n|-ability|p1b: Calyrex|As One\n|-ability|p1b: Calyrex|Unnerve\n|turn|3\n|inactive|kojimuranishi has 30 seconds left.\n|\n|t:|1769010181\n|move|p2a: Urshifu|Detect|p2a: Urshifu\n|-singleturn|p2a: Urshifu|Protect\n|move|p1a: Koraidon|Flare Blitz|p2b: Lunala\n|-damage|p2b: Lunala|45/100 slp\n|-damage|p1a: Koraidon|48/100|[from] Recoil\n|-curestatus|p2b: Lunala|slp|[msg]\n|move|p2b: Lunala|Meteor Beam||[still]\n|-prepare|p2b: Lunala|Meteor Beam\n|-boost|p2b: Lunala|spa|1\n|-enditem|p2b: Lunala|Power Herb\n|-anim|p2b: Lunala|Meteor Beam|p1a: Koraidon\n|-supereffective|p1a: Koraidon\n|-crit|p1a: Koraidon\n|-damage|p1a: Koraidon|0 fnt\n|faint|p1a: Koraidon\n|move|p1b: Calyrex|Glacial Lance|p2b: Lunala|[spread] p2b\n|-activate|p2a: Urshifu|move: Protect\n|-damage|p2b: Lunala|0 fnt\n|faint|p2b: Lunala\n|-ability|p1b: Calyrex|Chilling Neigh|boost\n|-boost|p1b: Calyrex|atk|1\n|\n|-weather|SunnyDay|[upkeep]\n|upkeep\n|\n|t:|1769010205\n|switch|p1a: Incineroar|Incineroar, L50, F, shiny|100/100\n|switch|p2b: Zamazenta|Zamazenta-Crowned, L50|100/100\n|-ability|p2b: Zamazenta|Dauntless Shield|boost\n|-boost|p2b: Zamazenta|def|1\n|-ability|p1a: Incineroar|Intimidate|boost\n|-unboost|p2a: Urshifu|atk|1\n|-unboost|p2b: Zamazenta|atk|1\n|turn|4\n|\n|t:|1769010216\n|switch|p2a: Dragonite|Dragonite, L50, M|100/100\n|move|p2b: Zamazenta|Wide Guard|p2b: Zamazenta\n|-singleturn|p2b: Zamazenta|Wide Guard\n|move|p1a: Incineroar|Fake Out|p2b: Zamazenta\n|-resisted|p2b: Zamazenta\n|-damage|p2b: Zamazenta|98/100\n|move|p1b: Calyrex|Trick Room|p1b: Calyrex\n|-fieldstart|move: Trick Room|[of] p1b: Calyrex\n|\n|-weather|SunnyDay|[upkeep]\n|upkeep\n|turn|5\n|\n|t:|1769010229\n|move|p2b: Zamazenta|Wide Guard|p2b: Zamazenta\n|-singleturn|p2b: Zamazenta|Wide Guard\n|move|p1b: Calyrex|Leech Seed|p2b: Zamazenta\n|-start|p2b: Zamazenta|move: Leech Seed\n|move|p1a: Incineroar|Will-O-Wisp|p2b: Zamazenta\n|-status|p2b: Zamazenta|brn\n|move|p2a: Dragonite|Rock Slide|p1b: Calyrex|[spread] p1a,p1b\n|-supereffective|p1a: Incineroar\n|-supereffective|p1b: Calyrex\n|-damage|p1a: Incineroar|46/100\n|-damage|p1b: Calyrex|61/100\n|\n|-weather|none\n|-heal|p1b: Calyrex|67/100|[from] item: Leftovers\n|-damage|p2b: Zamazenta|86/100 brn|[from] Leech Seed|[of] p1b: Calyrex\n|-heal|p1b: Calyrex|78/100|[silent]\n|-damage|p2b: Zamazenta|80/100 brn|[from] brn\n|upkeep\n|turn|6\n|\n|t:|1769010246\n|move|p2b: Zamazenta|Wide Guard|p2b: Zamazenta\n|-singleturn|p2b: Zamazenta|Wide Guard\n|move|p1b: Calyrex|Glacial Lance|p2a: Dragonite|[spread] \n|-activate|p2a: Dragonite|move: Wide Guard\n|-activate|p2b: Zamazenta|move: Wide Guard\n|move|p1a: Incineroar|Will-O-Wisp|p2a: Dragonite\n|-status|p2a: Dragonite|brn\n|move|p2a: Dragonite|Rock Slide|p1b: Calyrex|[spread] p1a,p1b\n|-supereffective|p1a: Incineroar\n|-supereffective|p1b: Calyrex\n|-crit|p1b: Calyrex\n|-damage|p1a: Incineroar|21/100\n|-damage|p1b: Calyrex|49/100\n|\n|-heal|p1b: Calyrex|55/100|[from] item: Leftovers\n|-damage|p2b: Zamazenta|68/100 brn|[from] Leech Seed|[of] p1b: Calyrex\n|-heal|p1b: Calyrex|67/100|[silent]\n|-damage|p2a: Dragonite|95/100 brn|[from] brn\n|-damage|p2b: Zamazenta|62/100 brn|[from] brn\n|upkeep\n|turn|7\n|\n|t:|1769010266\n|move|p2b: Zamazenta|Wide Guard|p2b: Zamazenta\n|-singleturn|p2b: Zamazenta|Wide Guard\n|move|p1b: Calyrex|Leech Seed|p2a: Dragonite\n|-start|p2a: Dragonite|move: Leech Seed\n|move|p1a: Incineroar|Knock Off|p2a: Dragonite\n|-damage|p2a: Dragonite|58/100 brn\n|-enditem|p2a: Dragonite|Choice Band|[from] move: Knock Off|[of] p1a: Incineroar\n|move|p2a: Dragonite|Rock Slide|p1a: Incineroar|[spread] p1b\n|-miss|p2a: Dragonite|p1a: Incineroar\n|-supereffective|p1b: Calyrex\n|-damage|p1b: Calyrex|54/100\n|\n|-heal|p1b: Calyrex|59/100|[from] item: Leftovers\n|-damage|p2a: Dragonite|46/100 brn|[from] Leech Seed|[of] p1b: Calyrex\n|-heal|p1b: Calyrex|71/100|[silent]\n|-damage|p2b: Zamazenta|50/100 brn|[from] Leech Seed|[of] p1b: Calyrex\n|-heal|p1b: Calyrex|82/100|[silent]\n|-damage|p2a: Dragonite|40/100 brn|[from] brn\n|-damage|p2b: Zamazenta|44/100 brn|[from] brn\n|upkeep\n|turn|8\n|inactive|kojimuranishi has 30 seconds left.\n|\n|t:|1769010295\n|move|p2b: Zamazenta|Wide Guard|p2b: Zamazenta\n|-singleturn|p2b: Zamazenta|Wide Guard\n|move|p1b: Calyrex|Glacial Lance|p2a: Dragonite|[spread] \n|-activate|p2a: Dragonite|move: Wide Guard\n|-activate|p2b: Zamazenta|move: Wide Guard\n|move|p1a: Incineroar|Parting Shot|p2a: Dragonite\n|-unboost|p2a: Dragonite|atk|1\n|-unboost|p2a: Dragonite|spa|1\n|move|p2a: Dragonite|Rock Slide|p1a: Incineroar|[spread] p1b\n|-miss|p2a: Dragonite|p1a: Incineroar\n|-supereffective|p1b: Calyrex\n|-damage|p1b: Calyrex|73/100\n|\n|-heal|p1b: Calyrex|79/100|[from] item: Leftovers\n|-damage|p2a: Dragonite|28/100 brn|[from] Leech Seed|[of] p1b: Calyrex\n|-heal|p1b: Calyrex|90/100|[silent]\n|-damage|p2b: Zamazenta|32/100 brn|[from] Leech Seed|[of] p1b: Calyrex\n|-heal|p1b: Calyrex|100/100|[silent]\n|-damage|p2a: Dragonite|22/100 brn|[from] brn\n|-damage|p2b: Zamazenta|26/100 brn|[from] brn\n|-fieldend|move: Trick Room\n|upkeep\n|turn|9\n|\n|t:|1769010319\n|switch|p2b: Urshifu|Urshifu-Rapid-Strike, L50, F, tera:Ghost|1/100\n|move|p2a: Dragonite|Rock Slide|p1a: Incineroar|[spread] p1a,p1b\n|-supereffective|p1a: Incineroar\n|-supereffective|p1b: Calyrex\n|-crit|p1b: Calyrex\n|-damage|p1a: Incineroar|9/100\n|-damage|p1b: Calyrex|79/100\n|move|p1a: Incineroar|Knock Off|p2a: Dragonite\n|-damage|p2a: Dragonite|0 fnt\n|faint|p2a: Dragonite\n|move|p1b: Calyrex|Trick Room|p1b: Calyrex\n|-fieldstart|move: Trick Room|[of] p1b: Calyrex\n|\n|-heal|p1b: Calyrex|85/100|[from] item: Leftovers\n|upkeep\n|\n|t:|1769010333\n|switch|p2a: Zamazenta|Zamazenta-Crowned, L50|26/100 brn\n|turn|10\n|\n|t:|1769010340\n|move|p2b: Urshifu|Aqua Jet|p1a: Incineroar\n|-supereffective|p1a: Incineroar\n|-damage|p1a: Incineroar|0 fnt\n|faint|p1a: Incineroar\n|move|p1b: Calyrex|Leech Seed|p2b: Urshifu\n|-start|p2b: Urshifu|move: Leech Seed\n|move|p2a: Zamazenta|Body Press|p1b: Calyrex\n|-damage|p1b: Calyrex|71/100\n|\n|-heal|p1b: Calyrex|76/100|[from] item: Leftovers\n|-damage|p2b: Urshifu|0 fnt|[from] Leech Seed|[of] p1b: Calyrex\n|-heal|p1b: Calyrex|77/100|[silent]\n|faint|p2b: Urshifu\n|-damage|p2a: Zamazenta|20/100 brn|[from] brn\n|upkeep\n|turn|11\n|-message|kojimuranishi forfeited.\n|\n|win|freegr\n|raw|freegr's rating: 1534 &rarr; <strong>1558</strong><br />(+24 for winning)\n|raw|kojimuranishi's rating: 1596 &rarr; <strong>1572</strong><br />(-24 for losing)\n|l|\u2606kojimuranishi\n|player|p2|\n|l|\u2606freegr\n|player|p1|\n","uploadtime":1769010556,"views":37,"formatid":"gen9vgc2026regi","rating":1558,"private":0,"password":null}