{"id":"gen9vgc2026regi-2560045253","format":"[Gen 9] VGC 2026 Reg I","players":["Hzqmrln","navinsachump"],"log":"|j|\u2606Hzqmrln\n|j|\u2606navinsachump\n|t:|1773641690\n|gametype|doubles\n|player|p1|Hzqmrln|265|1320\n|player|p2|navinsachump|102|1557\n|gen|9\n|tier|[Gen 9] VGC 2026 Reg I\n|rated|\n|rule|Species Clause: Limit one of each Pok\u00e9mon\n|rule|Item Clause: Limit 1 of each item\n|clearpoke\n|poke|p1|Koraidon, L50|\n|poke|p1|Lunala, L50|\n|poke|p1|Chi-Yu, L50|\n|poke|p1|Ursaluna, L50, F|\n|poke|p1|Brute Bonnet, L50|\n|poke|p1|Flutter Mane, L50|\n|poke|p2|Calyrex-Ice, L50|\n|poke|p2|Miraidon, L50|\n|poke|p2|Incineroar, L50, F|\n|poke|p2|Landorus, L50, M|\n|poke|p2|Whimsicott, L50, M|\n|poke|p2|Urshifu-*, L50, M|\n|teampreview|4\n|inactive|Battle timer is ON: inactive players will automatically lose when time's up. (requested by Hzqmrln)\n|inactive|Hzqmrln has 60 seconds left.\n|inactive|navinsachump has 60 seconds left.\n|\n|t:|1773641741\n|teamsize|p1|4\n|teamsize|p2|4\n|start\n|switch|p1a: Koraidon|Koraidon, L50|100/100\n|switch|p1b: Lunala|Lunala, L50|100/100\n|switch|p2a: Calyrex|Calyrex-Ice, L50|100/100\n|switch|p2b: Incineroar|Incineroar, L50, F|100/100\n|-ability|p2a: Calyrex|As One\n|-ability|p2a: Calyrex|Unnerve\n|-weather|SunnyDay|[from] ability: Orichalcum Pulse|[of] p1a: Koraidon\n|-activate|p1a: Koraidon|Orichalcum Pulse|[source]\n|-ability|p2b: Incineroar|Intimidate|boost\n|-unboost|p1a: Koraidon|atk|1\n|-unboost|p1b: Lunala|atk|1\n|turn|1\n|\n|t:|1773641764\n|-terastallize|p2a: Calyrex|Normal\n|move|p1a: Koraidon|Protect|p1a: Koraidon\n|-singleturn|p1a: Koraidon|Protect\n|move|p2b: Incineroar|Fake Out|p1a: Koraidon\n|-activate|p1a: Koraidon|move: Protect\n|move|p1b: Lunala|Meteor Beam||[still]\n|-prepare|p1b: Lunala|Meteor Beam\n|-boost|p1b: Lunala|spa|1\n|-enditem|p1b: Lunala|Power Herb\n|-anim|p1b: Lunala|Meteor Beam|p2b: Incineroar\n|-supereffective|p2b: Incineroar\n|-damage|p2b: Incineroar|0 fnt\n|faint|p2b: Incineroar\n|move|p2a: Calyrex|Glacial Lance|p1b: Lunala|[spread] p1b\n|-activate|p1a: Koraidon|move: Protect\n|-damage|p1b: Lunala|77/100\n|\n|-weather|SunnyDay|[upkeep]\n|upkeep\n|\n|t:|1773641775\n|switch|p2b: Miraidon|Miraidon, L50|100/100\n|-fieldstart|move: Electric Terrain|[from] ability: Hadron Engine|[of] p2b: Miraidon\n|turn|2\n|\n|t:|1773641786\n|switch|p1a: Ursaluna|Ursaluna, L50, F|100/100\n|move|p2a: Calyrex|Protect|p2a: Calyrex\n|-singleturn|p2a: Calyrex|Protect\n|move|p1b: Lunala|Wide Guard|p1b: Lunala\n|-singleturn|p1b: Lunala|Wide Guard\n|move|p2b: Miraidon|Electro Drift|p1b: Lunala\n|-damage|p1b: Lunala|8/100\n|\n|-weather|SunnyDay|[upkeep]\n|-status|p1a: Ursaluna|brn|[from] item: Flame Orb\n|upkeep\n|turn|3\n|inactive|Hzqmrln has 30 seconds left.\n|\n|t:|1773641814\n|move|p1b: Lunala|Wide Guard|p1b: Lunala\n|-singleturn|p1b: Lunala|Wide Guard\n|move|p2b: Miraidon|Volt Switch|p1b: Lunala\n|-damage|p1b: Lunala|0 fnt\n|faint|p1b: Lunala\n|\n|t:|1773641817\n|switch|p2b: Landorus|Landorus, L50, M|100/100|[from] Volt Switch\n|move|p2a: Calyrex|Glacial Lance|p1a: Ursaluna\n|-activate|p1a: Ursaluna|move: Wide Guard\n|move|p1a: Ursaluna|Earthquake|p2b: Landorus|[spread] p2a\n|-immune|p2b: Landorus\n|-damage|p2a: Calyrex|63/100\n|\n|-weather|SunnyDay|[upkeep]\n|-damage|p1a: Ursaluna|95/100 brn|[from] brn\n|upkeep\n|\n|t:|1773641831\n|switch|p1b: Flutter Mane|Flutter Mane, L50|100/100\n|-activate|p1b: Flutter Mane|ability: Protosynthesis\n|-start|p1b: Flutter Mane|protosynthesisspe\n|turn|4\n|\n|t:|1773641847\n|move|p1b: Flutter Mane|Icy Wind|p2b: Landorus|[spread] p2a,p2b\n|-supereffective|p2b: Landorus\n|-damage|p2a: Calyrex|54/100\n|-damage|p2b: Landorus|32/100\n|-unboost|p2b: Landorus|spe|1\n|move|p2b: Landorus|Earth Power|p1a: Ursaluna\n|-damage|p1a: Ursaluna|19/100 brn\n|move|p1a: Ursaluna|Facade|p2a: Calyrex\n|-damage|p2a: Calyrex|0 fnt\n|faint|p2a: Calyrex\n|\n|-weather|SunnyDay|[upkeep]\n|-damage|p1a: Ursaluna|14/100 brn|[from] brn\n|upkeep\n|\n|t:|1773641856\n|switch|p2a: Miraidon|Miraidon, L50|100/100\n|-activate|p2a: Miraidon|ability: Hadron Engine\n|turn|5\n|\n|t:|1773641867\n|move|p1b: Flutter Mane|Icy Wind|p2a: Miraidon|[spread] p2a,p2b\n|-supereffective|p2a: Miraidon\n|-supereffective|p2b: Landorus\n|-damage|p2a: Miraidon|82/100\n|-damage|p2b: Landorus|0 fnt\n|-unboost|p2a: Miraidon|spe|1\n|faint|p2b: Landorus\n|move|p2a: Miraidon|Electro Drift|p1b: Flutter Mane\n|-enditem|p1b: Flutter Mane|Focus Sash\n|-damage|p1b: Flutter Mane|1/100\n|move|p1a: Ursaluna|Headlong Rush|p2a: Miraidon\n|-supereffective|p2a: Miraidon\n|-damage|p2a: Miraidon|0 fnt\n|-unboost|p1a: Ursaluna|def|1\n|-unboost|p1a: Ursaluna|spd|1\n|faint|p2a: Miraidon\n|\n|win|Hzqmrln\n|raw|Hzqmrln's rating: 1320 &rarr; <strong>1352</strong><br />(+32 for winning)\n|raw|navinsachump's rating: 1557 &rarr; <strong>1525</strong><br />(-32 for losing)\n|l|\u2606navinsachump\n|player|p2|\n|l|\u2606Hzqmrln\n|player|p1|\n","uploadtime":1773642134,"views":10,"formatid":"gen9vgc2026regi","rating":1352,"private":0,"password":null}