{"id":"gen9vgc2026regi-2546148631","format":"[Gen 9] VGC 2026 Reg I","players":["kazu1003","kojimuranishi"],"log":"|j|\u2606kazu1003\n|j|\u2606kojimuranishi\n|t:|1771936091\n|gametype|doubles\n|player|p1|kazu1003|ethan|1487\n|player|p2|kojimuranishi|266|1457\n|gen|9\n|tier|[Gen 9] VGC 2026 Reg I\n|rated|\n|rule|Species Clause: Limit one of each Pok\u00e9mon\n|rule|Item Clause: Limit 1 of each item\n|clearpoke\n|poke|p1|Miraidon, L50|\n|poke|p1|Calyrex-Ice, L50|\n|poke|p1|Incineroar, L50, M|\n|poke|p1|Urshifu-*, L50, M|\n|poke|p1|Whimsicott, L50, M|\n|poke|p1|Volcarona, L50, M|\n|poke|p2|Raging Bolt, L50|\n|poke|p2|Calyrex-Ice, L50|\n|poke|p2|Kyogre, L50|\n|poke|p2|Indeedee-F, L50, F|\n|poke|p2|Ursaluna, L50, F|\n|poke|p2|Urshifu-*, L50, F|\n|teampreview|4\n|inactive|Battle timer is ON: inactive players will automatically lose when time's up. (requested by kazu1003)\n|inactive|kazu1003 has 60 seconds left.\n|\n|t:|1771936151\n|teamsize|p1|4\n|teamsize|p2|4\n|start\n|switch|p1a: Urshifu|Urshifu, L50, M|100/100\n|switch|p1b: Calyrex|Calyrex-Ice, L50|100/100\n|switch|p2a: Calyrex|Calyrex-Ice, L50|100/100\n|switch|p2b: Kyogre|Kyogre, L50|100/100\n|-ability|p1b: Calyrex|As One\n|-ability|p1b: Calyrex|Unnerve\n|-ability|p2a: Calyrex|As One\n|-ability|p2a: Calyrex|Unnerve\n|-weather|RainDance|[from] ability: Drizzle|[of] p2b: Kyogre\n|turn|1\n|inactive|kojimuranishi has 30 seconds left.\n|\n|t:|1771936177\n|-terastallize|p2a: Calyrex|Fairy\n|move|p1b: Calyrex|Protect|p1b: Calyrex\n|-singleturn|p1b: Calyrex|Protect\n|move|p2b: Kyogre|Water Spout|p1b: Calyrex|[spread] p1a\n|-activate|p1b: Calyrex|move: Protect\n|-enditem|p1a: Urshifu|Focus Sash\n|-damage|p1a: Urshifu|1/100\n|move|p1a: Urshifu|Close Combat|p2b: Kyogre\n|-damage|p2b: Kyogre|18/100\n|-unboost|p1a: Urshifu|def|1\n|-unboost|p1a: Urshifu|spd|1\n|move|p2a: Calyrex|Leech Seed|p1b: Calyrex\n|-activate|p1b: Calyrex|move: Protect\n|\n|-weather|RainDance|[upkeep]\n|upkeep\n|turn|2\n|inactive|kazu1003 has 30 seconds left.\n|inactive|kojimuranishi has 30 seconds left.\n|inactive|kazu1003 has 20 seconds left.\n|\n|t:|1771936216\n|move|p1a: Urshifu|Detect|p1a: Urshifu\n|-singleturn|p1a: Urshifu|Protect\n|move|p2b: Kyogre|Water Spout|p1a: Urshifu|[spread] p1b\n|-activate|p1a: Urshifu|move: Protect\n|-damage|p1b: Calyrex|88/100\n|move|p1b: Calyrex|High Horsepower|p2b: Kyogre\n|-damage|p2b: Kyogre|0 fnt\n|faint|p2b: Kyogre\n|-ability|p1b: Calyrex|Chilling Neigh|boost\n|-boost|p1b: Calyrex|atk|1\n|move|p2a: Calyrex|Leech Seed|p1b: Calyrex\n|-start|p1b: Calyrex|move: Leech Seed\n|\n|-weather|RainDance|[upkeep]\n|-damage|p1b: Calyrex|76/100|[from] Leech Seed|[of] p2a: Calyrex\n|upkeep\n|\n|t:|1771936239\n|switch|p2b: Indeedee|Indeedee-F, L50, F|100/100\n|-fieldstart|move: Psychic Terrain|[from] ability: Psychic Surge|[of] p2b: Indeedee\n|turn|3\n|\n|t:|1771936257\n|move|p2b: Indeedee|Follow Me|p2b: Indeedee\n|-singleturn|p2b: Indeedee|move: Follow Me\n|move|p1a: Urshifu|Wicked Blow|p2b: Indeedee\n|-supereffective|p2b: Indeedee\n|-crit|p2b: Indeedee\n|-damage|p2b: Indeedee|0 fnt\n|-damage|p1a: Urshifu|0 fnt|[from] item: Rocky Helmet|[of] p2b: Indeedee\n|faint|p2b: Indeedee\n|faint|p1a: Urshifu\n|move|p1b: Calyrex|Glacial Lance|p2a: Calyrex\n|-damage|p2a: Calyrex|36/100\n|move|p2a: Calyrex|Trick Room|p2a: Calyrex\n|-fieldstart|move: Trick Room|[of] p2a: Calyrex\n|\n|-weather|RainDance|[upkeep]\n|-heal|p2a: Calyrex|42/100|[from] item: Leftovers\n|-damage|p1b: Calyrex|64/100|[from] Leech Seed|[of] p2a: Calyrex\n|-heal|p2a: Calyrex|54/100|[silent]\n|upkeep\n|inactive|kazu1003 has 30 seconds left.\n|inactive|kazu1003 has 20 seconds left.\n|inactive|kazu1003 has 15 seconds left.\n|\n|t:|1771936298\n|switch|p2b: Ursaluna|Ursaluna, L50, F|100/100\n|switch|p1a: Miraidon|Miraidon, L50, shiny|100/100\n|-fieldstart|move: Electric Terrain|[from] ability: Hadron Engine|[of] p1a: Miraidon\n|turn|4\n|\n|t:|1771936306\n|move|p2b: Ursaluna|Protect|p2b: Ursaluna\n|-singleturn|p2b: Ursaluna|Protect\n|move|p2a: Calyrex|Protect|p2a: Calyrex\n|-singleturn|p2a: Calyrex|Protect\n|move|p1a: Miraidon|Protect|p1a: Miraidon\n|-singleturn|p1a: Miraidon|Protect\n|move|p1b: Calyrex|Trick Room|p1b: Calyrex\n|-fieldend|move: Trick Room\n|\n|-weather|RainDance|[upkeep]\n|-heal|p2a: Calyrex|60/100|[from] item: Leftovers\n|-damage|p1b: Calyrex|52/100|[from] Leech Seed|[of] p2a: Calyrex\n|-heal|p2a: Calyrex|72/100|[silent]\n|-status|p2b: Ursaluna|brn|[from] item: Flame Orb\n|upkeep\n|turn|5\n|inactive|kazu1003 has 30 seconds left.\n|inactive|kazu1003 has 20 seconds left.\n|inactive|kazu1003 has 15 seconds left.\n|inactive|kazu1003 has 10 seconds left.\n|\n|t:|1771936353\n|-terastallize|p1a: Miraidon|Electric\n|move|p2b: Ursaluna|Protect||[still]\n|-fail|p2b: Ursaluna\n|move|p1a: Miraidon|Draco Meteor|p2b: Ursaluna\n|-damage|p2b: Ursaluna|0 fnt\n|-unboost|p1a: Miraidon|spa|2\n|faint|p2b: Ursaluna\n|-damage|p1a: Miraidon|91/100|[from] item: Life Orb\n|move|p1b: Calyrex|Glacial Lance|p2a: Calyrex\n|-damage|p2a: Calyrex|5/100\n|move|p2a: Calyrex|Glacial Lance|p1a: Miraidon|[spread] p1a,p1b\n|-resisted|p1b: Calyrex\n|-damage|p1a: Miraidon|40/100\n|-damage|p1b: Calyrex|39/100\n|\n|-weather|none\n|-heal|p2a: Calyrex|11/100|[from] item: Leftovers\n|-damage|p1b: Calyrex|27/100|[from] Leech Seed|[of] p2a: Calyrex\n|-heal|p2a: Calyrex|23/100|[silent]\n|upkeep\n|turn|6\n|\n|t:|1771936375\n|move|p2a: Calyrex|Protect|p2a: Calyrex\n|-singleturn|p2a: Calyrex|Protect\n|move|p1a: Miraidon|Electro Drift|p2a: Calyrex\n|-activate|p2a: Calyrex|move: Protect\n|move|p1b: Calyrex|Glacial Lance|p2a: Calyrex\n|-activate|p2a: Calyrex|move: Protect\n|\n|-heal|p2a: Calyrex|29/100|[from] item: Leftovers\n|-damage|p1b: Calyrex|15/100|[from] Leech Seed|[of] p2a: Calyrex\n|-heal|p2a: Calyrex|41/100|[silent]\n|upkeep\n|turn|7\n|\n|t:|1771936388\n|move|p2a: Calyrex|Protect||[still]\n|-fail|p2a: Calyrex\n|move|p1a: Miraidon|Electro Drift|p2a: Calyrex\n|-damage|p2a: Calyrex|0 fnt\n|faint|p2a: Calyrex\n|-damage|p1a: Miraidon|31/100|[from] item: Life Orb\n|\n|win|kazu1003\n|raw|kazu1003's rating: 1487 &rarr; <strong>1505</strong><br />(+18 for winning)\n|raw|kojimuranishi's rating: 1457 &rarr; <strong>1439</strong><br />(-18 for losing)\n|l|\u2606kojimuranishi\n|player|p2|\n|l|\u2606kazu1003\n|player|p1|\n","uploadtime":1771936648,"views":16,"formatid":"gen9vgc2026regi","rating":1439,"private":0,"password":null}