{"id":"gen9vgc2026regi-2588625497","format":"[Gen 9] VGC 2026 Reg I","players":["clessvgc","ankyy"],"log":"|j|\u2606clessvgc\n|j|\u2606ankyy\n|t:|1776651345\n|gametype|doubles\n|player|p1|clessvgc|proton|1375\n|player|p2|ankyy|101|1346\n|gen|9\n|tier|[Gen 9] VGC 2026 Reg I\n|rated|\n|rule|Species Clause: Limit one of each Pok\u00e9mon\n|rule|Item Clause: Limit 1 of each item\n|clearpoke\n|poke|p1|Landorus-Therian, L50, M|\n|poke|p1|Calyrex-Shadow, L50|\n|poke|p1|Iron Moth, L50|\n|poke|p1|Tornadus, L50, M|\n|poke|p1|Tinkaton, L50, F|\n|poke|p1|Kyogre, L50|\n|poke|p2|Kyogre, L50|\n|poke|p2|Miraidon, L50|\n|poke|p2|Tornadus, L50, M|\n|poke|p2|Iron Hands, L50|\n|poke|p2|Farigiraf, L50, F|\n|poke|p2|Urshifu-*, L50, M|\n|teampreview|4\n|inactive|Battle timer is ON: inactive players will automatically lose when time's up. (requested by clessvgc)\nankyy rejected open team sheets.\n|\n|t:|1776651373\n|teamsize|p1|4\n|teamsize|p2|4\n|start\n|switch|p1a: Tinkaton|Tinkaton, L50, F|100/100\n|switch|p1b: Iron Moth|Iron Moth, L50|100/100\n|switch|p2a: wahle|Kyogre, L50, shiny|100/100\n|switch|p2b: shrehk|Tornadus, L50, M, shiny|100/100\n|-weather|RainDance|[from] ability: Drizzle|[of] p2a: wahle\n|-ability|p1a: Tinkaton|Mold Breaker\n|turn|1\n|\n|t:|1776651392\n|move|p1a: Tinkaton|Fake Out|p2a: wahle\n|-damage|p2a: wahle|93/100\n|move|p2b: shrehk|Tailwind|p2b: shrehk\n|-sidestart|p2: ankyy|move: Tailwind\n|cant|p2a: wahle|flinch\n|move|p1b: Iron Moth|Sludge Wave|p2a: wahle|[spread] p2a,p2b\n|-immune|p1a: Tinkaton\n|-damage|p2a: wahle|60/100\n|-damage|p2b: shrehk|31/100\n|-damage|p1b: Iron Moth|91/100|[from] item: Life Orb\n|\n|-weather|RainDance|[upkeep]\n|upkeep\n|turn|2\n|\n|t:|1776651409\n|move|p1b: Iron Moth|Protect|p1b: Iron Moth\n|-singleturn|p1b: Iron Moth|Protect\n|move|p2b: shrehk|Bleakwind Storm|p1a: Tinkaton|[spread] p1a\n|-activate|p1b: Iron Moth|move: Protect\n|-resisted|p1a: Tinkaton\n|-damage|p1a: Tinkaton|92/100\n|move|p2a: wahle|Origin Pulse|p1b: Iron Moth|[spread] p1a\n|-activate|p1b: Iron Moth|move: Protect\n|-damage|p1a: Tinkaton|57/100\n|move|p1a: Tinkaton|Gigaton Hammer|p2b: shrehk\n|-damage|p2b: shrehk|0 fnt\n|faint|p2b: shrehk\n|\n|-weather|RainDance|[upkeep]\n|upkeep\n|\n|t:|1776651422\n|switch|p2b: e-lizard|Miraidon, L50|100/100\n|-fieldstart|move: Electric Terrain|[from] ability: Hadron Engine|[of] p2b: e-lizard\n|-activate|p1b: Iron Moth|ability: Quark Drive\n|-start|p1b: Iron Moth|quarkdrivespa\n|turn|3\n|\n|t:|1776651439\n|-terastallize|p1b: Iron Moth|Grass\n|move|p2b: e-lizard|Electro Drift|p1a: Tinkaton\n|-damage|p1a: Tinkaton|4/100\n|-damage|p2b: e-lizard|91/100|[from] item: Life Orb\n|move|p2a: wahle|Origin Pulse|p1a: Tinkaton|[spread] p1a,p1b\n|-resisted|p1b: Iron Moth\n|-damage|p1a: Tinkaton|0 fnt\n|-damage|p1b: Iron Moth|52/100\n|faint|p1a: Tinkaton\n|move|p1b: Iron Moth|Sludge Wave|p2a: wahle|[spread] p2a,p2b\n|-damage|p2a: wahle|10/100\n|-damage|p2b: e-lizard|38/100\n|-damage|p1b: Iron Moth|43/100|[from] item: Life Orb\n|\n|-weather|RainDance|[upkeep]\n|upkeep\n|\n|t:|1776651449\n|switch|p1a: Calyrex|Calyrex-Shadow, L50|100/100\n|-ability|p1a: Calyrex|As One\n|-ability|p1a: Calyrex|Unnerve\n|turn|4\n|\n|t:|1776651463\n|-terastallize|p2b: e-lizard|Fairy\n|move|p1a: Calyrex|Protect|p1a: Calyrex\n|-singleturn|p1a: Calyrex|Protect\n|move|p1b: Iron Moth|Protect|p1b: Iron Moth\n|-singleturn|p1b: Iron Moth|Protect\n|move|p2b: e-lizard|Dazzling Gleam|p1b: Iron Moth|[spread] \n|-activate|p1a: Calyrex|move: Protect\n|-activate|p1b: Iron Moth|move: Protect\n|move|p2a: wahle|Origin Pulse|p1b: Iron Moth|[spread] \n|-activate|p1a: Calyrex|move: Protect\n|-activate|p1b: Iron Moth|move: Protect\n|\n|-weather|RainDance|[upkeep]\n|-sideend|p2: ankyy|move: Tailwind\n|upkeep\n|turn|5\n|\n|t:|1776651478\n|move|p1a: Calyrex|Astral Barrage|p2b: e-lizard|[spread] p2a,p2b\n|-damage|p2a: wahle|0 fnt\n|-damage|p2b: e-lizard|0 fnt\n|faint|p2a: wahle\n|faint|p2b: e-lizard\n|-ability|p1a: Calyrex|Grim Neigh|boost\n|-boost|p1a: Calyrex|spa|2\n|move|p1b: Iron Moth|Heat Wave|p2: wahle|[notarget]\n|-fail|p1b: Iron Moth\n|\n|-weather|none\n|upkeep\n|\n|t:|1776651490\n|switch|p2a: manos|Iron Hands, L50, shiny|100/100\n|-activate|p2a: manos|ability: Quark Drive\n|-start|p2a: manos|quarkdriveatk\n|turn|6\n|\n|t:|1776651499\n|move|p1a: Calyrex|Psychic|p2a: manos\n|-supereffective|p2a: manos\n|-damage|p2a: manos|0 fnt\n|faint|p2a: manos\n|-end|p2a: manos|Quark Drive|[silent]\n|\n|win|clessvgc\n|raw|clessvgc's rating: 1375 &rarr; <strong>1393</strong><br />(+18 for winning)\n|raw|ankyy's rating: 1346 &rarr; <strong>1328</strong><br />(-18 for losing)\n|l|\u2606clessvgc\n|player|p1|\n|l|\u2606ankyy\n|player|p2|\n","uploadtime":1776651718,"views":8,"formatid":"gen9vgc2026regi","rating":1328,"private":0,"password":null}