{"id":"gen9vgc2026regi-2588717862","format":"[Gen 9] VGC 2026 Reg I","players":["joymaxxing","pigduckeater"],"log":"|j|\u2606joymaxxing\n|j|\u2606pigduckeater\n|t:|1776661486\n|gametype|doubles\n|player|p1|joymaxxing|elesa|1439\n|player|p2|pigduckeater|265|1537\n|gen|9\n|tier|[Gen 9] VGC 2026 Reg I\n|rated|\n|rule|Species Clause: Limit one of each Pok\u00e9mon\n|rule|Item Clause: Limit 1 of each item\n|clearpoke\n|poke|p1|Lunala, L50|\n|poke|p1|Farigiraf, L50, F|\n|poke|p1|Incineroar, L50, M|\n|poke|p1|Ogerpon-Wellspring, L50, F|\n|poke|p1|Ursaluna, L50, F|\n|poke|p1|Miraidon, L50|\n|poke|p2|Miraidon, L50|\n|poke|p2|Terapagos, L50, M|\n|poke|p2|Illumise, L50, F|\n|poke|p2|Wo-Chien, L50|\n|poke|p2|Incineroar, L50, F|\n|poke|p2|Farigiraf, L50, F|\n|teampreview|4\n|c|\u2606joymaxxing|Team's changed a bit lol\n|\n|t:|1776661519\n|teamsize|p1|4\n|teamsize|p2|4\n|start\n|switch|p1a: Miraidon|Miraidon, L50|100/100\n|switch|p1b: Farigiraf|Farigiraf, L50, F, shiny|100/100\n|switch|p2a: Illumise|Illumise, L50, F|100/100\n|switch|p2b: Miraidon|Miraidon, L50|100/100\n|-fieldstart|move: Electric Terrain|[from] ability: Hadron Engine|[of] p1a: Miraidon\n|-enditem|p2a: Illumise|Electric Seed\n|-boost|p2a: Illumise|def|1|[from] item: Electric Seed\n|-activate|p2b: Miraidon|ability: Hadron Engine\n|turn|1\n|c|\u2606pigduckeater|im always experimenting\n|\n|t:|1776661537\n|-terastallize|p2b: Miraidon|Electric\n|move|p2a: Illumise|Light Screen|p2a: Illumise\n|-sidestart|p2: pigduckeater|move: Light Screen\n|move|p1a: Miraidon|Volt Switch|p2a: Illumise\n|-damage|p2a: Illumise|46/100\n|-damage|p1a: Miraidon|91/100|[from] item: Life Orb\n|\n|t:|1776661543\n|switch|p1a: Ursaluna|Ursaluna, L50, F, shiny|100/100|[from] Volt Switch\n|move|p2b: Miraidon|Electro Drift|p1b: Farigiraf\n|-damage|p1b: Farigiraf|0 fnt\n|faint|p1b: Farigiraf\n|-damage|p2b: Miraidon|91/100|[from] item: Life Orb\n|\n|-status|p1a: Ursaluna|brn|[from] item: Flame Orb\n|upkeep\n|\n|t:|1776661545\n|switch|p1b: Lunala|Lunala, L50|100/100\n|turn|2\n|\n|t:|1776661574\n|switch|p2b: Wo-Chien|Wo-Chien, L50|100/100\n|-ability|p2b: Wo-Chien|Tablets of Ruin\n|move|p2a: Illumise|Baton Pass|p2a: Illumise\n|\n|t:|1776661578\n|switch|p2a: Incineroar|Incineroar, L50, F|100/100|[from] Baton Pass\n|-ability|p2a: Incineroar|Intimidate|boost\n|-unboost|p1a: Ursaluna|atk|1\n|-unboost|p1b: Lunala|atk|1\n|move|p1a: Ursaluna|Facade|p2b: Wo-Chien\n|-damage|p2b: Wo-Chien|58/100\n|move|p1b: Lunala|Trick Room|p1b: Lunala\n|-fieldstart|move: Trick Room|[of] p1b: Lunala\n|\n|-heal|p2b: Wo-Chien|64/100|[from] item: Leftovers\n|-damage|p1a: Ursaluna|95/100 brn|[from] brn\n|upkeep\n|turn|3\n|\n|t:|1776661597\n|-terastallize|p1b: Lunala|Fairy\n|move|p1a: Ursaluna|Facade|p2b: Wo-Chien\n|-damage|p2b: Wo-Chien|18/100\n|move|p2a: Incineroar|Baton Pass|p2a: Incineroar\n|\n|t:|1776661602\n|switch|p2a: Miraidon|Miraidon, L50, tera:Electric|91/100|[from] Baton Pass\n|-activate|p2a: Miraidon|ability: Hadron Engine\n|move|p2b: Wo-Chien|Leech Seed|p1b: Lunala\n|-start|p1b: Lunala|move: Leech Seed\n|move|p1b: Lunala|Moonblast|p2b: Wo-Chien\n|-supereffective|p2b: Wo-Chien\n|-damage|p2b: Wo-Chien|0 fnt\n|faint|p2b: Wo-Chien\n|\n|-damage|p1a: Ursaluna|89/100 brn|[from] brn\n|upkeep\n|\n|t:|1776661612\n|switch|p2b: Incineroar|Incineroar, L50, F|100/100\n|-ability|p2b: Incineroar|Intimidate|boost\n|-unboost|p1a: Ursaluna|atk|1\n|-unboost|p1b: Lunala|atk|1\n|turn|4\n|\n|t:|1776661628\n|move|p2b: Incineroar|Fake Out|p1b: Lunala\n|-damage|p1b: Lunala|96/100\n|move|p1a: Ursaluna|Headlong Rush|p2a: Miraidon\n|-supereffective|p2a: Miraidon\n|-damage|p2a: Miraidon|37/100\n|-unboost|p1a: Ursaluna|def|1\n|-unboost|p1a: Ursaluna|spd|1\n|move|p1b: Lunala|Moonblast|p2a: Miraidon\n|-damage|p2a: Miraidon|9/100\n|-unboost|p2a: Miraidon|spa|1\n|move|p2a: Miraidon|Electro Drift|p1b: Lunala\n|-crit|p1b: Lunala\n|-damage|p1b: Lunala|0 fnt\n|faint|p1b: Lunala\n|-damage|p2a: Miraidon|0 fnt|[from] item: Life Orb\n|faint|p2a: Miraidon\n|\n|-damage|p1a: Ursaluna|83/100 brn|[from] brn\n|upkeep\n|c|\u2606pigduckeater|oh\n|\n|t:|1776661646\n|switch|p1b: Miraidon|Miraidon, L50|91/100\n|switch|p2a: Illumise|Illumise, L50, F|46/100\n|-activate|p1b: Miraidon|ability: Hadron Engine\n|turn|5\n|c|\u2606joymaxxing|yeah\n|\n|t:|1776661654\n|move|p1a: Ursaluna|Facade|p2a: Illumise\n|-damage|p2a: Illumise|0 fnt\n|faint|p2a: Illumise\n|move|p2b: Incineroar|Knock Off|p1b: Miraidon\n|-damage|p1b: Miraidon|49/100\n|-enditem|p1b: Miraidon|Life Orb|[from] move: Knock Off|[of] p2b: Incineroar\n|move|p1b: Miraidon|Electro Drift|p2b: Incineroar\n|-damage|p2b: Incineroar|41/100\n|\n|-damage|p1a: Ursaluna|77/100 brn|[from] brn\n|-sideend|p2: pigduckeater|move: Light Screen\n|-fieldend|move: Electric Terrain\n|upkeep\n|turn|6\n|-message|pigduckeater forfeited.\n|\n|win|joymaxxing\n|raw|joymaxxing's rating: 1439 &rarr; <strong>1464</strong><br />(+25 for winning)\n|raw|pigduckeater's rating: 1537 &rarr; <strong>1512</strong><br />(-25 for losing)\n|l|\u2606pigduckeater\n|player|p2|\n|l|\u2606joymaxxing\n|player|p1|\n|j|\u2606joymaxxing\n|player|p1|joymaxxing|elesa|\n|l|\u2606joymaxxing\n|player|p1|\n","uploadtime":1776661665,"views":31,"formatid":"gen9vgc2026regi","rating":1464,"private":0,"password":null}