{"id":"gen9vgc2026regi-2587160617","format":"[Gen 9] VGC 2026 Reg I","players":["mihatelover","Pigduckeater"],"log":"|j|\u2606mihatelover\n|j|\u2606Pigduckeater\n|t:|1776502309\n|gametype|doubles\n|player|p1|mihatelover|169|1593\n|player|p2|Pigduckeater|102|1574\n|gen|9\n|tier|[Gen 9] VGC 2026 Reg I\n|rated|\n|rule|Species Clause: Limit one of each Pok\u00e9mon\n|rule|Item Clause: Limit 1 of each item\n|clearpoke\n|poke|p1|Raging Bolt, L50|\n|poke|p1|Chien-Pao, L50|\n|poke|p1|Calyrex-Shadow, L50|\n|poke|p1|Rillaboom, L50, M|\n|poke|p1|Zamazenta-*, L50|\n|poke|p1|Tornadus, L50, M|\n|poke|p2|Incineroar, L50, M|\n|poke|p2|Miraidon, L50|\n|poke|p2|Farigiraf, L50, M|\n|poke|p2|Calyrex-Shadow, L50|\n|poke|p2|Glimmora, L50, M|\n|poke|p2|Urshifu-*, L50, M|\n|teampreview|4\n|inactive|Battle timer is ON: inactive players will automatically lose when time's up. (requested by mihatelover)\n|\n|t:|1776502331\n|teamsize|p1|4\n|teamsize|p2|4\n|start\n|switch|p1a: Calyrex|Calyrex-Shadow, L50|100/100\n|switch|p1b: Raging Bolt|Raging Bolt, L50|100/100\n|switch|p2a: Miraidon|Miraidon, L50|100/100\n|switch|p2b: Farigiraf|Farigiraf, L50, M|100/100\n|-ability|p1a: Calyrex|As One\n|-ability|p1a: Calyrex|Unnerve\n|-fieldstart|move: Electric Terrain|[from] ability: Hadron Engine|[of] p2a: Miraidon\n|-enditem|p2b: Farigiraf|Electric Seed\n|-boost|p2b: Farigiraf|def|1|[from] item: Electric Seed\n|turn|1\n|\n|t:|1776502345\n|-end|p1b: Raging Bolt|Protosynthesis|[silent]\n|switch|p1b: Rillaboom|Rillaboom, L50, M|100/100\n|-fieldstart|move: Grassy Terrain|[from] ability: Grassy Surge|[of] p1b: Rillaboom\n|move|p1a: Calyrex|Protect|p1a: Calyrex\n|-singleturn|p1a: Calyrex|Protect\n|move|p2a: Miraidon|Snarl|p1a: Calyrex|[spread] p1b\n|-activate|p1a: Calyrex|move: Protect\n|-damage|p1b: Rillaboom|91/100\n|-unboost|p1b: Rillaboom|spa|1\n|move|p2b: Farigiraf|Baton Pass|p2b: Farigiraf\n|\n|t:|1776502353\n|switch|p2b: Calyrex|Calyrex-Shadow, L50|100/100|[from] Baton Pass\n|-ability|p2b: Calyrex|As One\n|-ability|p2b: Calyrex|Unnerve\n|\n|-heal|p1b: Rillaboom|97/100|[from] Grassy Terrain\n|upkeep\n|turn|2\n|\n|t:|1776502366\n|switch|p2a: Farigiraf|Farigiraf, L50, M|100/100\n|-terastallize|p1a: Calyrex|Normal\n|-terastallize|p2b: Calyrex|Grass\n|move|p1a: Calyrex|Astral Barrage|p2a: Farigiraf|[spread] p2b\n|-immune|p2a: Farigiraf\n|-damage|p2b: Calyrex|52/100\n|move|p2b: Calyrex|Astral Barrage|p1a: Calyrex|[spread] p1b\n|-immune|p1a: Calyrex\n|-damage|p1b: Rillaboom|59/100\n|-damage|p2b: Calyrex|42/100|[from] item: Life Orb\n|move|p1b: Rillaboom|Wood Hammer|p2b: Calyrex\n|-resisted|p2b: Calyrex\n|-damage|p2b: Calyrex|20/100\n|-damage|p1b: Rillaboom|52/100|[from] Recoil\n|\n|-heal|p2b: Calyrex|26/100|[from] Grassy Terrain\n|-heal|p1b: Rillaboom|58/100|[from] Grassy Terrain\n|upkeep\n|turn|3\n|\n|t:|1776502389\n|move|p2b: Calyrex|Protect|p2b: Calyrex\n|-singleturn|p2b: Calyrex|Protect\n|move|p1a: Calyrex|Astral Barrage|p2a: Farigiraf|[spread] \n|-activate|p2b: Calyrex|move: Protect\n|-immune|p2a: Farigiraf\n|move|p1b: Rillaboom|Wood Hammer|p2a: Farigiraf\n|-damage|p2a: Farigiraf|37/100\n|-damage|p1b: Rillaboom|36/100|[from] Recoil\n|move|p2a: Farigiraf|Trick Room|p2a: Farigiraf\n|-fieldstart|move: Trick Room|[of] p2a: Farigiraf\n|\n|-heal|p2a: Farigiraf|43/100|[from] Grassy Terrain\n|-heal|p1b: Rillaboom|42/100|[from] Grassy Terrain\n|-heal|p2b: Calyrex|32/100|[from] Grassy Terrain\n|upkeep\n|turn|4\n|\n|t:|1776502407\n|switch|p1a: Raging Bolt|Raging Bolt, L50|100/100\n|move|p2a: Farigiraf|Helping Hand|p2b: Calyrex\n|-singleturn|p2b: Calyrex|Helping Hand|[of] p2a: Farigiraf\n|move|p1b: Rillaboom|U-turn|p2b: Calyrex\n|-supereffective|p2b: Calyrex\n|-damage|p2b: Calyrex|4/100\n|\n|t:|1776502416\n|switch|p1b: Calyrex|Calyrex-Shadow, L50, tera:Normal|100/100|[from] U-turn\n|-ability|p1b: Calyrex|As One\n|-ability|p1b: Calyrex|Unnerve\n|move|p2b: Calyrex|Giga Drain|p1a: Raging Bolt\n|-resisted|p1a: Raging Bolt\n|-damage|p1a: Raging Bolt|60/100\n|-heal|p2b: Calyrex|28/100|[from] drain|[of] p1a: Raging Bolt\n|-damage|p2b: Calyrex|18/100|[from] item: Life Orb\n|\n|-heal|p2a: Farigiraf|49/100|[from] Grassy Terrain\n|-heal|p1a: Raging Bolt|66/100|[from] Grassy Terrain\n|-heal|p2b: Calyrex|24/100|[from] Grassy Terrain\n|upkeep\n|turn|5\n|\n|t:|1776502434\n|switch|p2a: Incineroar|Incineroar, L50, M|100/100\n|-ability|p2a: Incineroar|Intimidate|boost\n|-unboost|p1a: Raging Bolt|atk|1\n|-unboost|p1b: Calyrex|atk|1\n|switch|p1b: Rillaboom|Rillaboom, L50, M|42/100\n|move|p2b: Calyrex|Protect|p2b: Calyrex\n|-singleturn|p2b: Calyrex|Protect\n|move|p1a: Raging Bolt|Dragon Pulse|p2b: Calyrex\n|-activate|p2b: Calyrex|move: Protect\n|\n|-heal|p1a: Raging Bolt|72/100|[from] Grassy Terrain\n|-heal|p1b: Rillaboom|47/100|[from] Grassy Terrain\n|-heal|p2b: Calyrex|31/100|[from] Grassy Terrain\n|-fieldend|move: Grassy Terrain\n|upkeep\n|turn|6\n|\n|t:|1776502454\n|move|p2a: Incineroar|Fake Out|p1a: Raging Bolt\n|-damage|p1a: Raging Bolt|63/100\n|cant|p1a: Raging Bolt|flinch\n|move|p1b: Rillaboom|U-turn|p2b: Calyrex\n|-supereffective|p2b: Calyrex\n|-damage|p2b: Calyrex|2/100\n|\n|t:|1776502466\n|switch|p1b: Zamazenta|Zamazenta-Crowned, L50|100/100|[from] U-turn\n|-ability|p1b: Zamazenta|Dauntless Shield|boost\n|-boost|p1b: Zamazenta|def|1\n|move|p2b: Calyrex|Giga Drain|p1b: Zamazenta\n|-resisted|p1b: Zamazenta\n|-damage|p1b: Zamazenta|82/100\n|-heal|p2b: Calyrex|11/100|[from] drain|[of] p1b: Zamazenta\n|-damage|p2b: Calyrex|1/100|[from] item: Life Orb\n|\n|upkeep\n|turn|7\n|inactive|Pigduckeater has 30 seconds left.\n|\n|t:|1776502495\n|switch|p2a: Farigiraf|Farigiraf, L50, M|49/100\n|move|p2b: Calyrex|Protect|p2b: Calyrex\n|-singleturn|p2b: Calyrex|Protect\n|move|p1a: Raging Bolt|Thunderbolt|p2a: Farigiraf\n|-damage|p2a: Farigiraf|1/100\n|move|p1b: Zamazenta|Body Press|p2a: Farigiraf\n|-damage|p2a: Farigiraf|0 fnt\n|faint|p2a: Farigiraf\n|\n|-fieldend|move: Trick Room\n|upkeep\n|\n|t:|1776502497\n|switch|p2a: Incineroar|Incineroar, L50, M|100/100\n|-ability|p2a: Incineroar|Intimidate|boost\n|-unboost|p1a: Raging Bolt|atk|1\n|-unboost|p1b: Zamazenta|atk|1\n|turn|8\n|-message|Pigduckeater forfeited.\n|\n|win|mihatelover\n|raw|mihatelover's rating: 1593 &rarr; <strong>1612</strong><br />(+19 for winning)\n|raw|Pigduckeater's rating: 1574 &rarr; <strong>1555</strong><br />(-19 for losing)\n|l|\u2606Pigduckeater\n|player|p2|\n|l|\u2606mihatelover\n|player|p1|\n","uploadtime":1776502644,"views":9,"formatid":"gen9vgc2026regi","rating":1555,"private":0,"password":null}