{"id":"gen9vgc2026regi-2540249856","format":"[Gen 9] VGC 2026 Reg I","players":["j0l0k0","Ncide"],"log":"|j|\u2606j0l0k0\n|j|\u2606Ncide\n|t:|1771180652\n|gametype|doubles\n|player|p1|j0l0k0|brycen|1377\n|player|p2|Ncide|2|1290\n|gen|9\n|tier|[Gen 9] VGC 2026 Reg I\n|rated|\n|rule|Species Clause: Limit one of each Pok\u00e9mon\n|rule|Item Clause: Limit 1 of each item\n|clearpoke\n|poke|p1|Calyrex-Ice, L50|\n|poke|p1|Kyogre, L50|\n|poke|p1|Indeedee-F, L50, F|\n|poke|p1|Urshifu-*, L50, F|\n|poke|p1|Amoonguss, L50, F|\n|poke|p1|Landorus, L50, M|\n|poke|p2|Landorus, L50, M|\n|poke|p2|Calyrex-Ice, L50|\n|poke|p2|Urshifu-*, L50, F|\n|poke|p2|Smeargle, L50, M|\n|poke|p2|Kyogre, L50|\n|poke|p2|Riolu, L50, M|\n|teampreview|4\n|inactive|Battle timer is ON: inactive players will automatically lose when time's up. (requested by j0l0k0)\n|\n|t:|1771180663\n|teamsize|p1|4\n|teamsize|p2|4\n|start\n|switch|p1a: Kyogre|Kyogre, L50, shiny|100/100\n|switch|p1b: Indeedee|Indeedee-F, L50, F, shiny|100/100\n|switch|p2a: Smeargle|Smeargle, L50, M|100/100\n|switch|p2b: Calyrex|Calyrex-Ice, L50|100/100\n|-ability|p2b: Calyrex|As One\n|-ability|p2b: Calyrex|Unnerve\n|-fieldstart|move: Psychic Terrain|[from] ability: Psychic Surge|[of] p1b: Indeedee\n|-weather|RainDance|[from] ability: Drizzle|[of] p1a: Kyogre\n|turn|1\n|\n|t:|1771180686\n|-terastallize|p2b: Calyrex|Grass\n|move|p2a: Smeargle|Wide Guard|p2a: Smeargle\n|-singleturn|p2a: Smeargle|Wide Guard\n|move|p1b: Indeedee|Follow Me|p1b: Indeedee\n|-singleturn|p1b: Indeedee|move: Follow Me\n|move|p1a: Kyogre|Water Spout|p2a: Smeargle|[spread] \n|-activate|p2a: Smeargle|move: Wide Guard\n|-activate|p2b: Calyrex|move: Wide Guard\n|move|p2b: Calyrex|Seed Bomb|p1b: Indeedee\n|-damage|p1b: Indeedee|41/100\n|\n|-weather|RainDance|[upkeep]\n|-ability|p2a: Smeargle|Moody|boost\n|-boost|p2a: Smeargle|def|2\n|-unboost|p2a: Smeargle|spd|1\n|-enditem|p2a: Smeargle|Eject Pack\n|upkeep\n|\n|t:|1771180703\n|switch|p2a: Riolu|Riolu, L50, M|100/100\n|turn|2\n|\n|t:|1771180712\n|move|p1b: Indeedee|Helping Hand|p1a: Kyogre\n|-singleturn|p1a: Kyogre|Helping Hand|[of] p1b: Indeedee\n|move|p2a: Riolu|Coaching|p2b: Calyrex\n|-boost|p2b: Calyrex|atk|1\n|-boost|p2b: Calyrex|def|1\n|move|p1a: Kyogre|Ice Beam|p2b: Calyrex\n|-supereffective|p2b: Calyrex\n|-damage|p2b: Calyrex|20/100\n|move|p2b: Calyrex|Glacial Lance|p1a: Kyogre|[spread] p1a,p1b\n|-resisted|p1a: Kyogre\n|-damage|p1a: Kyogre|55/100\n|-damage|p1b: Indeedee|0 fnt\n|faint|p1b: Indeedee\n|-ability|p2b: Calyrex|Chilling Neigh|boost\n|-boost|p2b: Calyrex|atk|1\n|\n|-weather|RainDance|[upkeep]\n|upkeep\n|\n|t:|1771180722\n|switch|p1b: Urshifu|Urshifu, L50, F|100/100\n|turn|3\n|\n|t:|1771180735\n|switch|p2b: Smeargle|Smeargle, L50, M|100/100\n|move|p1b: Urshifu|Wicked Blow|p2b: Smeargle\n|-crit|p2b: Smeargle\n|-damage|p2b: Smeargle|0 fnt\n|faint|p2b: Smeargle\n|move|p2a: Riolu|Close Combat|p1b: Urshifu\n|-supereffective|p1b: Urshifu\n|-damage|p1b: Urshifu|3/100\n|-unboost|p2a: Riolu|def|1\n|-unboost|p2a: Riolu|spd|1\n|move|p1a: Kyogre|Hydro Pump|p2a: Riolu\n|-enditem|p2a: Riolu|Focus Sash\n|-damage|p2a: Riolu|1/100\n|\n|-weather|RainDance|[upkeep]\n|upkeep\n|\n|t:|1771180751\n|switch|p2b: Kyogre|Kyogre, L50|100/100\n|turn|4\n|\n|t:|1771180760\n|move|p1b: Urshifu|Wicked Blow|p2a: Riolu\n|-resisted|p2a: Riolu\n|-crit|p2a: Riolu\n|-damage|p2a: Riolu|0 fnt\n|faint|p2a: Riolu\n|move|p1a: Kyogre|Thunder|p2b: Kyogre\n|-supereffective|p2b: Kyogre\n|-damage|p2b: Kyogre|38/100\n|-status|p2b: Kyogre|par\n|move|p2b: Kyogre|Thunder|p1a: Kyogre\n|-supereffective|p1a: Kyogre\n|-damage|p1a: Kyogre|11/100\n|\n|-weather|RainDance|[upkeep]\n|upkeep\n|\n|t:|1771180772\n|switch|p2a: Calyrex|Calyrex-Ice, L50, tera:Grass|20/100\n|-ability|p2a: Calyrex|As One\n|-ability|p2a: Calyrex|Unnerve\n|turn|5\n|\n|t:|1771180785\n|move|p1b: Urshifu|Wicked Blow|p2a: Calyrex\n|-crit|p2a: Calyrex\n|-damage|p2a: Calyrex|0 fnt\n|faint|p2a: Calyrex\n|move|p1a: Kyogre|Thunder|p2b: Kyogre\n|-supereffective|p2b: Kyogre\n|-damage|p2b: Kyogre|0 fnt\n|faint|p2b: Kyogre\n|\n|win|j0l0k0\n|raw|j0l0k0's rating: 1377 &rarr; <strong>1392</strong><br />(+15 for winning)\n|raw|Ncide's rating: 1290 &rarr; <strong>1271</strong><br />(-19 for losing)\n|l|\u2606Ncide\n|player|p2|\n|l|\u2606j0l0k0\n|player|p1|\n","uploadtime":1771180950,"views":30,"formatid":"gen9vgc2026regi","rating":1271,"private":0,"password":null}