{"id":"gen9vgc2026regi-2577891457","format":"[Gen 9] VGC 2026 Reg I","players":["oreoinabox","vestige666"],"log":"|j|\u2606oreoinabox\n|j|\u2606vestige666\n|t:|1775616950\n|gametype|doubles\n|player|p1|oreoinabox|boarder|1383\n|player|p2|vestige666|blackbelt-gen4dp|1471\n|gen|9\n|tier|[Gen 9] VGC 2026 Reg I\n|rated|\n|rule|Species Clause: Limit one of each Pok\u00e9mon\n|rule|Item Clause: Limit 1 of each item\n|clearpoke\n|poke|p1|Zacian-*, L50|\n|poke|p1|Miraidon, L50|\n|poke|p1|Charjabug, L50, M|\n|poke|p1|Chesnaught, L50, F|\n|poke|p1|Zoroark-Hisui, L50, M|\n|poke|p1|Stonjourner, L50, M|\n|poke|p2|Rayquaza, L50|\n|poke|p2|Calyrex-Shadow, L50|\n|poke|p2|Tornadus, L50, M|\n|poke|p2|Smeargle, L50, F|\n|poke|p2|Urshifu-*, L50, F|\n|poke|p2|Clefairy, L50, M|\n|teampreview|4\n|inactive|Battle timer is ON: inactive players will automatically lose when time's up. (requested by oreoinabox)\n|inactive|vestige666 has 60 seconds left.\n|\n|t:|1775617003\n|teamsize|p1|4\n|teamsize|p2|4\n|start\n|switch|p1a: Miraidon|Miraidon, L50|100/100\n|switch|p1b: Zacian|Zacian-Crowned, L50|100/100\n|switch|p2a: Ouro Kronii|Urshifu-Rapid-Strike, L50, F|100/100\n|switch|p2b: Otonose Kanade|Rayquaza, L50|100/100\n|-ability|p1b: Zacian|Intrepid Sword|boost\n|-boost|p1b: Zacian|atk|1\n|-ability|p2b: Otonose Kanade|Air Lock\n|turn|1\n|\n|t:|1775617024\n|-terastallize|p2a: Ouro Kronii|Water\n|move|p1b: Zacian|Protect|p1b: Zacian\n|-singleturn|p1b: Zacian|Protect\n|move|p2b: Otonose Kanade|Protect|p2b: Otonose Kanade\n|-singleturn|p2b: Otonose Kanade|Protect\n|move|p2a: Ouro Kronii|Surging Strikes|p1a: Miraidon\n|-crit|p1a: Miraidon\n|-damage|p1a: Miraidon|36/100\n|replace|p1a: Zoroark|Zoroark-Hisui, L50, M\n|-end|p1a: Zoroark|Illusion\n|-crit|p1a: Zoroark\n|-damage|p1a: Zoroark|0 fnt\n|faint|p1a: Zoroark\n|-hitcount|p1: Zoroark|2\n|\n|upkeep\n|\n|t:|1775617032\n|switch|p1a: Charjabug|Charjabug, L50, M|100/100\n|turn|2\n|\n|t:|1775617056\n|switch|p2b: Biboo|Clefairy, L50, M|100/100\n|move|p2a: Ouro Kronii|Surging Strikes|p1b: Zacian\n|-crit|p1b: Zacian\n|-damage|p1b: Zacian|71/100\n|-crit|p1b: Zacian\n|-damage|p1b: Zacian|41/100\n|-crit|p1b: Zacian\n|-damage|p1b: Zacian|11/100\n|-hitcount|p1b: Zacian|3\n|move|p1b: Zacian|Play Rough|p2a: Ouro Kronii\n|-damage|p2a: Ouro Kronii|44/100\n|move|p1a: Charjabug|Electroweb|p2a: Ouro Kronii|[spread] p2a,p2b\n|-supereffective|p2a: Ouro Kronii\n|-damage|p2a: Ouro Kronii|23/100\n|-damage|p2b: Biboo|91/100\n|-unboost|p2a: Ouro Kronii|spe|1\n|-unboost|p2b: Biboo|spe|1\n|\n|upkeep\n|turn|3\n|\n|t:|1775617081\n|switch|p1b: Miraidon|Miraidon, L50|100/100\n|-fieldstart|move: Electric Terrain|[from] ability: Hadron Engine|[of] p1b: Miraidon\n|move|p2b: Biboo|Follow Me|p2b: Biboo\n|-singleturn|p2b: Biboo|move: Follow Me\n|move|p2a: Ouro Kronii|Surging Strikes|p1b: Miraidon\n|-resisted|p1b: Miraidon\n|-crit|p1b: Miraidon\n|-damage|p1b: Miraidon|86/100\n|-resisted|p1b: Miraidon\n|-crit|p1b: Miraidon\n|-damage|p1b: Miraidon|70/100\n|-resisted|p1b: Miraidon\n|-crit|p1b: Miraidon\n|-damage|p1b: Miraidon|53/100\n|-hitcount|p1b: Miraidon|3\n|move|p1a: Charjabug|Electroweb|p2b: Biboo|[spread] p2a,p2b\n|-supereffective|p2a: Ouro Kronii\n|-damage|p2a: Ouro Kronii|0 fnt\n|-damage|p2b: Biboo|79/100\n|-unboost|p2b: Biboo|spe|1\n|faint|p2a: Ouro Kronii\n|\n|upkeep\n|inactive|vestige666 has 30 seconds left.\n|\n|t:|1775617110\n|switch|p2a: Otonose Kanade|Rayquaza, L50|100/100\n|-ability|p2a: Otonose Kanade|Air Lock\n|turn|4\n|\n|t:|1775617133\n|move|p2b: Biboo|Helping Hand|p2a: Otonose Kanade\n|-singleturn|p2a: Otonose Kanade|Helping Hand|[of] p2b: Biboo\n|move|p1b: Miraidon|Protect|p1b: Miraidon\n|-singleturn|p1b: Miraidon|Protect\n|move|p2a: Otonose Kanade|Extreme Speed|p1b: Miraidon\n|-activate|p1b: Miraidon|move: Protect\n|move|p1a: Charjabug|Electroweb|p2a: Otonose Kanade|[spread] p2a,p2b\n|-damage|p2a: Otonose Kanade|92/100\n|-damage|p2b: Biboo|68/100\n|-unboost|p2b: Biboo|spe|1\n|\n|upkeep\n|turn|5\n|\n|t:|1775617150\n|move|p2b: Biboo|Helping Hand|p2a: Otonose Kanade\n|-singleturn|p2a: Otonose Kanade|Helping Hand|[of] p2b: Biboo\n|move|p2a: Otonose Kanade|Extreme Speed|p1b: Miraidon\n|-damage|p1b: Miraidon|0 fnt\n|faint|p1b: Miraidon\n|move|p1a: Charjabug|Thunder Wave|p2a: Otonose Kanade\n|-status|p2a: Otonose Kanade|par\n|\n|upkeep\n|\n|t:|1775617155\n|switch|p1b: Zacian|Zacian-Crowned, L50|11/100\n|turn|6\n|\n|t:|1775617167\n|cant|p2a: Otonose Kanade|par\n|move|p2b: Biboo|Follow Me|p2b: Biboo\n|-singleturn|p2b: Biboo|move: Follow Me\n|move|p1b: Zacian|Behemoth Blade|p2b: Biboo\n|-supereffective|p2b: Biboo\n|-damage|p2b: Biboo|0 fnt\n|faint|p2b: Biboo\n|move|p1a: Charjabug|Electroweb|p2a: Otonose Kanade\n|-damage|p2a: Otonose Kanade|76/100 par\n|\n|upkeep\n|\n|t:|1775617180\n|switch|p2b: Nerissa Ravencroft|Calyrex-Shadow, L50|100/100\n|-ability|p2b: Nerissa Ravencroft|As One\n|-ability|p2b: Nerissa Ravencroft|Unnerve\n|turn|7\n|\n|t:|1775617189\n|move|p2b: Nerissa Ravencroft|Protect|p2b: Nerissa Ravencroft\n|-singleturn|p2b: Nerissa Ravencroft|Protect\n|move|p1b: Zacian|Protect|p1b: Zacian\n|-singleturn|p1b: Zacian|Protect\n|move|p2a: Otonose Kanade|Extreme Speed|p1b: Zacian\n|-activate|p1b: Zacian|move: Protect\n|move|p1a: Charjabug|Thunder Wave|p2b: Nerissa Ravencroft\n|-activate|p2b: Nerissa Ravencroft|move: Protect\n|\n|-fieldend|move: Electric Terrain\n|upkeep\n|turn|8\n|\n|t:|1775617205\n|move|p1b: Zacian|Protect|p1b: Zacian\n|-singleturn|p1b: Zacian|Protect\n|cant|p2a: Otonose Kanade|par\n|move|p2b: Nerissa Ravencroft|Astral Barrage|p1b: Zacian|[spread] p1a\n|-activate|p1b: Zacian|move: Protect\n|-damage|p1a: Charjabug|48/100\n|-damage|p2b: Nerissa Ravencroft|91/100|[from] item: Life Orb\n|move|p1a: Charjabug|Thunder Wave|p2b: Nerissa Ravencroft\n|-status|p2b: Nerissa Ravencroft|par\n|\n|upkeep\n|turn|9\n|\n|t:|1775617224\n|move|p2a: Otonose Kanade|Extreme Speed|p1b: Zacian\n|-resisted|p1b: Zacian\n|-damage|p1b: Zacian|0 fnt\n|faint|p1b: Zacian\n|cant|p2b: Nerissa Ravencroft|par\n|move|p1a: Charjabug|Crunch|p2b: Nerissa Ravencroft\n|-supereffective|p2b: Nerissa Ravencroft\n|-damage|p2b: Nerissa Ravencroft|4/100 par\n|-unboost|p2b: Nerissa Ravencroft|def|1\n|\n|upkeep\n|turn|10\n|\n|t:|1775617241\n|move|p2a: Otonose Kanade|Extreme Speed|p1a: Charjabug\n|-damage|p1a: Charjabug|21/100\n|move|p2b: Nerissa Ravencroft|Astral Barrage|p1a: Charjabug\n|-damage|p1a: Charjabug|0 fnt\n|faint|p1a: Charjabug\n|-damage|p2b: Nerissa Ravencroft|0 fnt|[from] item: Life Orb\n|faint|p2b: Nerissa Ravencroft\n|\n|win|vestige666\n|raw|oreoinabox's rating: 1383 &rarr; <strong>1368</strong><br />(-15 for losing)\n|raw|vestige666's rating: 1471 &rarr; <strong>1486</strong><br />(+15 for winning)\n|l|\u2606oreoinabox\n|player|p1|\n|l|\u2606vestige666\n|player|p2|\n","uploadtime":1775617390,"views":11,"formatid":"gen9vgc2026regi","rating":1368,"private":0,"password":null}