{"id":"gen9vgc2026regi-2525718080","format":"[Gen 9] VGC 2026 Reg I","players":["duck 7457546765","blackred123"],"log":"|j|\u2606duck 7457546765\n|j|\u2606blackred123\n|t:|1769314733\n|gametype|doubles\n|player|p1|duck 7457546765|cynthia|1166\n|player|p2|blackred123|iono-masters|1294\n|gen|9\n|tier|[Gen 9] VGC 2026 Reg I\n|rated|\n|rule|Species Clause: Limit one of each Pok\u00e9mon\n|rule|Item Clause: Limit 1 of each item\n|clearpoke\n|poke|p1|Mewtwo, L50|\n|poke|p1|Indeedee-F, L50, F|\n|poke|p1|Stonjourner, L50, M|\n|poke|p1|Tornadus, L50, M|\n|poke|p1|Chi-Yu, L50|\n|poke|p1|Zacian-*, L50|\n|poke|p2|Lunala, L50|\n|poke|p2|Koraidon, L50|\n|poke|p2|Chi-Yu, L50|\n|poke|p2|Flutter Mane, L50|\n|poke|p2|Brute Bonnet, L50|\n|poke|p2|Ursaluna, L50, F|\n|teampreview|4\n|inactive|Battle timer is ON: inactive players will automatically lose when time's up. (requested by blackred123)\n|\n|t:|1769314761\n|teamsize|p1|4\n|teamsize|p2|4\n|start\n|switch|p1a: Chi-Yu|Chi-Yu, L50|100/100\n|switch|p1b: Stonjourner|Stonjourner, L50, M|100/100\n|switch|p2a: Lunala|Lunala, L50, shiny|100/100\n|switch|p2b: Chi-Yu|Chi-Yu, L50|100/100\n|-ability|p2b: Chi-Yu|Beads of Ruin\n|-ability|p1a: Chi-Yu|Beads of Ruin\n|turn|1\n|inactive|duck 7457546765 has 30 seconds left.\n|\n|t:|1769314790\n|switch|p2b: Ursaluna|Ursaluna, L50, F, shiny|100/100\n|-terastallize|p2a: Lunala|Water\n|move|p1b: Stonjourner|Wide Guard|p1b: Stonjourner\n|-singleturn|p1b: Stonjourner|Wide Guard\n|move|p1a: Chi-Yu|Snarl|p2b: Ursaluna|[spread] p2a,p2b\n|-damage|p2a: Lunala|85/100\n|-damage|p2b: Ursaluna|68/100\n|-unboost|p2a: Lunala|spa|1\n|-unboost|p2b: Ursaluna|spa|1\n|move|p2a: Lunala|Trick Room|p2a: Lunala\n|-fieldstart|move: Trick Room|[of] p2a: Lunala\n|\n|-status|p2b: Ursaluna|brn|[from] item: Flame Orb\n|upkeep\n|turn|2\n|\n|t:|1769314810\n|move|p2b: Ursaluna|Facade|p1b: Stonjourner\n|-resisted|p1b: Stonjourner\n|-damage|p1b: Stonjourner|50/100\n|move|p1b: Stonjourner|Low Kick|p2b: Ursaluna\n|-supereffective|p2b: Ursaluna\n|-crit|p2b: Ursaluna\n|-damage|p2b: Ursaluna|0 fnt\n|faint|p2b: Ursaluna\n|move|p2a: Lunala|Meteor Beam||[still]\n|-prepare|p2a: Lunala|Meteor Beam\n|-boost|p2a: Lunala|spa|1\n|-enditem|p2a: Lunala|Power Herb\n|-anim|p2a: Lunala|Meteor Beam|p1a: Chi-Yu|[miss]\n|-miss|p2a: Lunala|p1a: Chi-Yu\n|move|p1a: Chi-Yu|Snarl|p2a: Lunala\n|-damage|p2a: Lunala|50/100\n|-unboost|p2a: Lunala|spa|1\n|\n|upkeep\n|\n|t:|1769314823\n|switch|p2b: Koraidon|Koraidon, L50|100/100\n|-weather|SunnyDay|[from] ability: Orichalcum Pulse|[of] p2b: Koraidon\n|-activate|p2b: Koraidon|Orichalcum Pulse|[source]\n|turn|3\n|\n|t:|1769314833\n|move|p1b: Stonjourner|Low Kick|p2a: Lunala\n|-damage|p2a: Lunala|19/100\n|move|p2a: Lunala|Moongeist Beam|p1b: Stonjourner\n|-damage|p1b: Stonjourner|0 fnt\n|faint|p1b: Stonjourner\n|move|p2b: Koraidon|Close Combat|p1a: Chi-Yu\n|-supereffective|p1a: Chi-Yu\n|-damage|p1a: Chi-Yu|0 fnt\n|-unboost|p2b: Koraidon|def|1\n|-unboost|p2b: Koraidon|spd|1\n|faint|p1a: Chi-Yu\n|-damage|p2b: Koraidon|91/100|[from] item: Life Orb\n|\n|-weather|SunnyDay|[upkeep]\n|upkeep\n|\n|t:|1769314841\n|switch|p1b: Mewtwo|Mewtwo, L50|100/100\n|switch|p1a: Indeedee|Indeedee-F, L50, F|100/100\n|-ability|p1b: Mewtwo|Unnerve\n|-fieldstart|move: Psychic Terrain|[from] ability: Psychic Surge|[of] p1a: Indeedee\n|turn|4\n|\n|t:|1769314851\n|move|p2a: Lunala|Wide Guard|p2a: Lunala\n|-singleturn|p2a: Lunala|Wide Guard\n|move|p1a: Indeedee|Follow Me|p1a: Indeedee\n|-singleturn|p1a: Indeedee|move: Follow Me\n|move|p1b: Mewtwo|Psystrike|p2b: Koraidon\n|-supereffective|p2b: Koraidon\n|-damage|p2b: Koraidon|0 fnt\n|faint|p2b: Koraidon\n|-damage|p1b: Mewtwo|91/100|[from] item: Life Orb\n|\n|-weather|SunnyDay|[upkeep]\n|upkeep\n|\n|t:|1769314858\n|switch|p2b: Chi-Yu|Chi-Yu, L50|100/100\n|-ability|p2b: Chi-Yu|Beads of Ruin\n|turn|5\n|\n|t:|1769314875\n|-terastallize|p1b: Mewtwo|Normal\n|move|p2a: Lunala|Wide Guard|p2a: Lunala\n|-singleturn|p2a: Lunala|Wide Guard\n|move|p1a: Indeedee|Follow Me|p1a: Indeedee\n|-singleturn|p1a: Indeedee|move: Follow Me\n|move|p1b: Mewtwo|Earth Power|p2b: Chi-Yu\n|-supereffective|p2b: Chi-Yu\n|-damage|p2b: Chi-Yu|3/100\n|-damage|p1b: Mewtwo|81/100|[from] item: Life Orb\n|move|p2b: Chi-Yu|Heat Wave|p1a: Indeedee|[spread] p1a,p1b\n|-damage|p1a: Indeedee|21/100\n|-damage|p1b: Mewtwo|0 fnt\n|faint|p1b: Mewtwo\n|\n|-weather|SunnyDay|[upkeep]\n|-fieldend|move: Trick Room\n|upkeep\n|turn|6\n|\n|t:|1769314891\n|move|p2b: Chi-Yu|Heat Wave|p1a: Indeedee\n|-damage|p1a: Indeedee|0 fnt\n|faint|p1a: Indeedee\n|\n|win|blackred123\n|raw|duck 7457546765's rating: 1166 &rarr; <strong>1150</strong><br />(-16 for losing)\n|raw|blackred123's rating: 1294 &rarr; <strong>1310</strong><br />(+16 for winning)\n|l|\u2606duck 7457546765\n|player|p1|\n","uploadtime":1769315127,"views":16,"formatid":"gen9vgc2026regi","rating":1150,"private":0,"password":null}