{"id":"gen9vgc2026regi-2578667681","format":"[Gen 9] VGC 2026 Reg I","players":["shyguy2014","pumpkinflame"],"log":"|j|\u203dshyguy2014\n|j|\u2606pumpkinflame\n|t:|1775701520\n|gametype|doubles\n|player|p1|shyguy2014|cynthia-gen4|1125\n|player|p2|pumpkinflame|adaman-masters|1179\n|gen|9\n|tier|[Gen 9] VGC 2026 Reg I\n|rated|\n|rule|Species Clause: Limit one of each Pok\u00e9mon\n|rule|Item Clause: Limit 1 of each item\n|clearpoke\n|poke|p1|Dragonite, L50, F|\n|poke|p1|Flutter Mane, L50|\n|poke|p1|Zamazenta-*, L50|\n|poke|p1|Calyrex-Shadow, L50|\n|poke|p1|Talonflame, L50, M|\n|poke|p1|Ditto, L50|\n|poke|p2|Kyogre, L50|\n|poke|p2|Archaludon, L50, F|\n|poke|p2|Rillaboom, L50, F|\n|poke|p2|Roaring Moon, L50|\n|poke|p2|Calyrex-Ice, L50|\n|poke|p2|Incineroar, L50, F|\n|teampreview|4\n|\n|t:|1775701556\n|teamsize|p1|4\n|teamsize|p2|4\n|start\n|switch|p1a: Zamazenta|Zamazenta-Crowned, L50|100/100\n|switch|p1b: Calyrex|Calyrex-Shadow, L50|100/100\n|switch|p2a: Chilly and Willy|Calyrex-Ice, L50|100/100\n|switch|p2b: Mrs. Dreads|Rillaboom, L50, F, shiny|100/100\n|-ability|p1b: Calyrex|As One\n|-ability|p1b: Calyrex|Unnerve\n|-ability|p2a: Chilly and Willy|As One\n|-ability|p2a: Chilly and Willy|Unnerve\n|-ability|p1a: Zamazenta|Dauntless Shield|boost\n|-boost|p1a: Zamazenta|def|1\n|-fieldstart|move: Grassy Terrain|[from] ability: Grassy Surge|[of] p2b: Mrs. Dreads\n|turn|1\n|\n|t:|1775701580\n|switch|p1b: Ditto|Ditto, L50, shiny|100/100\n|-transform|p1b: Ditto|p2a: Chilly and Willy|[from] ability: Imposter\n|-ability|p1b: Ditto|As One\n|-ability|p1b: Ditto|Unnerve\n|-terastallize|p2a: Chilly and Willy|Dark\n|move|p2b: Mrs. Dreads|Fake Out|p1a: Zamazenta\n|-resisted|p1a: Zamazenta\n|-damage|p1a: Zamazenta|97/100\n|cant|p1a: Zamazenta|flinch\n|move|p2a: Chilly and Willy|Trick Room|p2a: Chilly and Willy\n|-fieldstart|move: Trick Room|[of] p2a: Chilly and Willy\n|\n|-heal|p1a: Zamazenta|100/100|[from] Grassy Terrain\n|upkeep\n|turn|2\n|\n|t:|1775701605\n|move|p2a: Chilly and Willy|Leech Seed|p1a: Zamazenta\n|-start|p1a: Zamazenta|move: Leech Seed\n|move|p1b: Ditto|Glacial Lance|p2a: Chilly and Willy|[spread] p2a,p2b\n|-supereffective|p2b: Mrs. Dreads\n|-damage|p2a: Chilly and Willy|72/100\n|-damage|p2b: Mrs. Dreads|8/100\n|move|p2b: Mrs. Dreads|High Horsepower|p1a: Zamazenta\n|-supereffective|p1a: Zamazenta\n|-damage|p1a: Zamazenta|66/100\n|move|p1a: Zamazenta|Body Press|p2a: Chilly and Willy\n|-supereffective|p2a: Chilly and Willy\n|-damage|p2a: Chilly and Willy|1/100\n|\n|-heal|p2a: Chilly and Willy|7/100|[from] Grassy Terrain\n|-heal|p2a: Chilly and Willy|13/100|[from] item: Leftovers\n|-heal|p2b: Mrs. Dreads|14/100|[from] Grassy Terrain\n|-heal|p1a: Zamazenta|72/100|[from] Grassy Terrain\n|-damage|p1a: Zamazenta|60/100|[from] Leech Seed|[of] p2a: Chilly and Willy\n|-heal|p2a: Chilly and Willy|24/100|[silent]\n|upkeep\n|turn|3\n|\n|t:|1775701644\n|switch|p2b: Miraidon 2|Archaludon, L50, F|100/100\n|switch|p1a: Dragonite|Dragonite, L50, F|100/100\n|move|p2a: Chilly and Willy|Protect|p2a: Chilly and Willy\n|-singleturn|p2a: Chilly and Willy|Protect\n|move|p1b: Ditto|Glacial Lance|p2a: Chilly and Willy|[spread] p2b\n|-activate|p2a: Chilly and Willy|move: Protect\n|-damage|p2b: Miraidon 2|64/100\n|-ability|p2b: Miraidon 2|Stamina|boost\n|-boost|p2b: Miraidon 2|def|1\n|\n|-heal|p2a: Chilly and Willy|30/100|[from] Grassy Terrain\n|-heal|p2a: Chilly and Willy|36/100|[from] item: Leftovers\n|-heal|p2b: Miraidon 2|70/100|[from] Grassy Terrain\n|upkeep\n|turn|4\n|\n|t:|1775701682\n|switch|p1b: Zamazenta|Zamazenta-Crowned, L50|60/100\n|-terastallize|p1a: Dragonite|Steel\n|move|p2a: Chilly and Willy|Glacial Lance|p1a: Dragonite|[spread] p1a,p1b\n|-resisted|p1a: Dragonite\n|-resisted|p1b: Zamazenta\n|-damage|p1a: Dragonite|74/100\n|-damage|p1b: Zamazenta|43/100\n|move|p1a: Dragonite|Low Kick|p2a: Chilly and Willy\n|-supereffective|p2a: Chilly and Willy\n|-damage|p2a: Chilly and Willy|0 fnt\n|faint|p2a: Chilly and Willy\n|move|p2b: Miraidon 2|Flash Cannon|p1b: Zamazenta\n|-resisted|p1b: Zamazenta\n|-damage|p1b: Zamazenta|32/100\n|\n|-heal|p1a: Dragonite|80/100|[from] Grassy Terrain\n|-heal|p2b: Miraidon 2|77/100|[from] Grassy Terrain\n|-heal|p1b: Zamazenta|38/100|[from] Grassy Terrain\n|upkeep\n|\n|t:|1775701694\n|switch|p2a: K.O|Kyogre, L50|100/100\n|-weather|RainDance|[from] ability: Drizzle|[of] p2a: K.O\n|turn|5\n|\n|t:|1775701711\n|move|p1b: Zamazenta|Protect|p1b: Zamazenta\n|-singleturn|p1b: Zamazenta|Protect\n|move|p1a: Dragonite|Extreme Speed|p2a: K.O\n|-damage|p2a: K.O|73/100\n|move|p2b: Miraidon 2|Electro Shot||[still]\n|-prepare|p2b: Miraidon 2|Electro Shot\n|-boost|p2b: Miraidon 2|spa|1\n|-anim|p2b: Miraidon 2|Electro Shot|p1a: Dragonite\n|-damage|p1a: Dragonite|45/100\n|move|p2a: K.O|Water Spout|p1b: Zamazenta|[spread] p1a\n|-activate|p1b: Zamazenta|move: Protect\n|-damage|p1a: Dragonite|0 fnt\n|faint|p1a: Dragonite\n|\n|-weather|RainDance|[upkeep]\n|-heal|p2b: Miraidon 2|83/100|[from] Grassy Terrain\n|-heal|p2a: K.O|79/100|[from] Grassy Terrain\n|-heal|p1b: Zamazenta|44/100|[from] Grassy Terrain\n|-fieldend|move: Trick Room\n|-fieldend|move: Grassy Terrain\n|upkeep\n|\n|t:|1775701733\n|switch|p1a: Ditto|Ditto, L50, shiny|100/100\n|-transform|p1a: Ditto|p2b: Miraidon 2|[from] ability: Imposter\n|turn|6\n|\n|t:|1775701763\n|move|p1b: Zamazenta|Body Press|p2a: K.O\n|-damage|p2a: K.O|49/100\n|move|p1a: Ditto|Electro Shot||[still]\n|-prepare|p1a: Ditto|Electro Shot\n|-boost|p1a: Ditto|spa|1\n|-anim|p1a: Ditto|Electro Shot|p2a: K.O\n|-supereffective|p2a: K.O\n|-damage|p2a: K.O|0 fnt\n|faint|p2a: K.O\n|move|p2b: Miraidon 2|Electro Shot||[still]\n|-prepare|p2b: Miraidon 2|Electro Shot\n|-boost|p2b: Miraidon 2|spa|1\n|-anim|p2b: Miraidon 2|Electro Shot|p1b: Zamazenta\n|-damage|p1b: Zamazenta|0 fnt\n|faint|p1b: Zamazenta\n|\n|-weather|RainDance|[upkeep]\n|upkeep\n|\n|t:|1775701778\n|switch|p1b: Calyrex|Calyrex-Shadow, L50|100/100\n|switch|p2a: Mrs. Dreads|Rillaboom, L50, F, shiny|14/100\n|-ability|p1b: Calyrex|As One\n|-ability|p1b: Calyrex|Unnerve\n|-fieldstart|move: Grassy Terrain|[from] ability: Grassy Surge|[of] p2a: Mrs. Dreads\n|turn|7\n|\n|t:|1775701792\n|move|p1b: Calyrex|Protect|p1b: Calyrex\n|-singleturn|p1b: Calyrex|Protect\n|move|p2a: Mrs. Dreads|Grassy Glide|p1b: Calyrex\n|-activate|p1b: Calyrex|move: Protect\n|move|p1a: Ditto|Electro Shot||[still]\n|-prepare|p1a: Ditto|Electro Shot\n|-boost|p1a: Ditto|spa|1\n|-anim|p1a: Ditto|Electro Shot|p2a: Mrs. Dreads\n|-resisted|p2a: Mrs. Dreads\n|-damage|p2a: Mrs. Dreads|0 fnt\n|faint|p2a: Mrs. Dreads\n|move|p2b: Miraidon 2|Electro Shot||[still]\n|-prepare|p2b: Miraidon 2|Electro Shot\n|-boost|p2b: Miraidon 2|spa|1\n|-anim|p2b: Miraidon 2|Electro Shot|p1b: Calyrex\n|-activate|p1b: Calyrex|move: Protect\n|\n|-weather|RainDance|[upkeep]\n|-heal|p2b: Miraidon 2|89/100|[from] Grassy Terrain\n|upkeep\n|turn|8\n|\n|t:|1775701812\n|move|p1b: Calyrex|Astral Barrage|p2b: Miraidon 2\n|-damage|p2b: Miraidon 2|28/100\n|-ability|p2b: Miraidon 2|Stamina|boost\n|-boost|p2b: Miraidon 2|def|1\n|-damage|p1b: Calyrex|91/100|[from] item: Life Orb\n|move|p1a: Ditto|Electro Shot||[still]\n|-prepare|p1a: Ditto|Electro Shot\n|-boost|p1a: Ditto|spa|1\n|-anim|p1a: Ditto|Electro Shot|p2b: Miraidon 2\n|-resisted|p2b: Miraidon 2\n|-damage|p2b: Miraidon 2|0 fnt\n|faint|p2b: Miraidon 2\n|\n|win|shyguy2014\n|raw|shyguy2014's rating: 1125 &rarr; <strong>1154</strong><br />(+29 for winning)\n|raw|pumpkinflame's rating: 1179 &rarr; <strong>1150</strong><br />(-29 for losing)\n|l|\u2606pumpkinflame\n|player|p2|\n","uploadtime":1775701826,"views":14,"formatid":"gen9vgc2026regi","rating":1150,"private":0,"password":null}