{"id":"gen9vgc2026regi-2530573904","format":"[Gen 9] VGC 2026 Reg I","players":["ky123456","avarussurava"],"log":"|j|\u2606ky123456\n|j|\u2606avarussurava\n|t:|1769942241\n|gametype|doubles\n|player|p1|ky123456|cynthia-gen4|1415\n|player|p2|avarussurava|101|1339\n|gen|9\n|tier|[Gen 9] VGC 2026 Reg I\n|rated|\n|rule|Species Clause: Limit one of each Pok\u00e9mon\n|rule|Item Clause: Limit 1 of each item\n|clearpoke\n|poke|p1|Lunala, L50|\n|poke|p1|Torkoal, L50, M|\n|poke|p1|Urshifu-*, L50, M|\n|poke|p1|Indeedee-F, L50, F|\n|poke|p1|Calyrex-Ice, L50|\n|poke|p1|Smeargle, L50, M|\n|poke|p2|Kyogre, L50|\n|poke|p2|Tyranitar, L50, M|\n|poke|p2|Zamazenta-*, L50|\n|poke|p2|Gastrodon, L50, F|\n|poke|p2|Sinistcha, L50|\n|poke|p2|Ceruledge, L50, F|\n|teampreview|4\n|\n|t:|1769942281\n|teamsize|p1|4\n|teamsize|p2|4\n|start\n|switch|p1a: Calyrex|Calyrex-Ice, L50|100/100\n|switch|p1b: Smeargle|Smeargle, L50, M|100/100\n|switch|p2a: Zamazenta|Zamazenta-Crowned, L50|100/100\n|switch|p2b: Ceruledge|Ceruledge, L50, F|100/100\n|-ability|p1a: Calyrex|As One\n|-ability|p1a: Calyrex|Unnerve\n|-ability|p2a: Zamazenta|Dauntless Shield|boost\n|-boost|p2a: Zamazenta|def|1\n|turn|1\n|\n|t:|1769942296\n|move|p1a: Calyrex|Protect|p1a: Calyrex\n|-singleturn|p1a: Calyrex|Protect\n|move|p2a: Zamazenta|Iron Defense|p2a: Zamazenta\n|-boost|p2a: Zamazenta|def|2\n|move|p1b: Smeargle|Spore|p2b: Ceruledge\n|-activate|p2b: Ceruledge|item: Safety Goggles|Spore\n|move|p2b: Ceruledge|Taunt|p1b: Smeargle\n|-start|p1b: Smeargle|move: Taunt\n|\n|-ability|p1b: Smeargle|Moody|boost\n|-boost|p1b: Smeargle|spd|2\n|-unboost|p1b: Smeargle|spe|1\n|upkeep\n|turn|2\n|\n|t:|1769942316\n|switch|p1b: Lunala|Lunala, L50|100/100\n|move|p2a: Zamazenta|Body Press|p1b: Lunala\n|-immune|p1b: Lunala\n|move|p2b: Ceruledge|Bitter Blade|p1b: Lunala\n|-damage|p1b: Lunala|83/100\n|move|p1a: Calyrex|Glacial Lance|p2a: Zamazenta|[spread] p2a,p2b\n|-resisted|p2a: Zamazenta\n|-resisted|p2b: Ceruledge\n|-damage|p2a: Zamazenta|93/100\n|-damage|p2b: Ceruledge|58/100\n|\n|upkeep\n|turn|3\n|\n|t:|1769942345\n|switch|p1a: Smeargle|Smeargle, L50, M|100/100\n|move|p2b: Ceruledge|Shadow Sneak|p1b: Lunala\n|-supereffective|p1b: Lunala\n|-damage|p1b: Lunala|18/100\n|move|p2a: Zamazenta|Iron Defense|p2a: Zamazenta\n|-boost|p2a: Zamazenta|def|2\n|move|p1b: Lunala|Moongeist Beam|p2b: Ceruledge\n|-supereffective|p2b: Ceruledge\n|-damage|p2b: Ceruledge|0 fnt\n|faint|p2b: Ceruledge\n|\n|-ability|p1a: Smeargle|Moody|boost\n|-boost|p1a: Smeargle|def|2\n|-unboost|p1a: Smeargle|spa|1\n|upkeep\n|\n|t:|1769942363\n|switch|p2b: Sinistcha|Sinistcha, L50|100/100\n|-heal|p2a: Zamazenta|100/100|[from] ability: Hospitality|[of] p2b: Sinistcha\n|turn|4\n|\n|t:|1769942384\n|-terastallize|p1a: Smeargle|Grass\n|-terastallize|p2b: Sinistcha|Normal\n|move|p2a: Zamazenta|Body Press|p1a: Smeargle\n|-enditem|p1a: Smeargle|Focus Sash\n|-damage|p1a: Smeargle|1/100\n|move|p1a: Smeargle|Spore|p2a: Zamazenta\n|-status|p2a: Zamazenta|slp|[from] move: Spore\n|move|p1b: Lunala|Moongeist Beam|p2a: Zamazenta\n|-damage|p2a: Zamazenta|62/100 slp\n|move|p2b: Sinistcha|Shadow Ball|p1b: Lunala\n|-supereffective|p1b: Lunala\n|-damage|p1b: Lunala|0 fnt\n|faint|p1b: Lunala\n|\n|-ability|p1a: Smeargle|Moody|boost\n|-boost|p1a: Smeargle|def|2\n|-unboost|p1a: Smeargle|spa|1\n|upkeep\n|\n|t:|1769942401\n|switch|p1b: Urshifu|Urshifu, L50, M|100/100\n|turn|5\n|\n|t:|1769942417\n|switch|p2b: Gastrodon|Gastrodon, L50, F|100/100\n|cant|p2a: Zamazenta|slp\n|move|p1a: Smeargle|Decorate|p1b: Urshifu\n|-boost|p1b: Urshifu|atk|2\n|-boost|p1b: Urshifu|spa|2\n|move|p1b: Urshifu|Wicked Blow|p2a: Zamazenta\n|-resisted|p2a: Zamazenta\n|-crit|p2a: Zamazenta\n|-damage|p2a: Zamazenta|3/100 slp\n|\n|-ability|p1a: Smeargle|Moody|boost\n|-boost|p1a: Smeargle|atk|2\n|-unboost|p1a: Smeargle|spa|1\n|upkeep\n|turn|6\n|-message|avarussurava forfeited.\n|\n|win|ky123456\n|raw|ky123456's rating: 1415 &rarr; <strong>1431</strong><br />(+16 for winning)\n|raw|avarussurava's rating: 1339 &rarr; <strong>1323</strong><br />(-16 for losing)\n|l|\u2606avarussurava\n|player|p2|\n|l|\u2606ky123456\n|player|p1|\n","uploadtime":1769942650,"views":13,"formatid":"gen9vgc2026regi","rating":1323,"private":0,"password":null}