{"id":"gen9vgc2026regi-2549435658","format":"[Gen 9] VGC 2026 Reg I","players":["blackred123\u6c38\u96cf\u5854\u83f2\u4fa0","Aki nakaha"],"log":"|j|\u2606blackred123\u6c38\u96cf\u5854\u83f2\u4fa0\n|j|\u2606Aki nakaha\n|t:|1772366912\n|gametype|doubles\n|player|p1|blackred123\u6c38\u96cf\u5854\u83f2\u4fa0|iono-masters|1457\n|player|p2|Aki nakaha|twins-gen4dp|1399\n|gen|9\n|tier|[Gen 9] VGC 2026 Reg I\n|rated|\n|rule|Species Clause: Limit one of each Pok\u00e9mon\n|rule|Item Clause: Limit 1 of each item\n|clearpoke\n|poke|p1|Calyrex-Shadow, L50|\n|poke|p1|Zamazenta-*, L50|\n|poke|p1|Chien-Pao, L50|\n|poke|p1|Raging Bolt, L50|\n|poke|p1|Whimsicott, L50, F|\n|poke|p1|Ogerpon-Cornerstone, L50, F|\n|poke|p2|Calyrex-Ice, L50|\n|poke|p2|Whimsicott, L50, M|\n|poke|p2|Groudon, L50|\n|poke|p2|Chi-Yu, L50|\n|poke|p2|Raging Bolt, L50|\n|poke|p2|Walking Wake, L50|\n|teampreview|4\n|inactive|Battle timer is ON: inactive players will automatically lose when time's up. (requested by Aki nakaha)\n|inactive|blackred123\u6c38\u96cf\u5854\u83f2\u4fa0 also wants the timer to be on.\n|\n|t:|1772366932\n|teamsize|p1|4\n|teamsize|p2|4\n|start\n|switch|p1a: \u55f7\u55f7\u55f7\u55f7|Zamazenta-Crowned, L50|100/100\n|switch|p1b: \u829d\u58eb\u96ea\u8c79|Chien-Pao, L50|100/100\n|switch|p2a: Calyrex|Calyrex-Ice, L50|100/100\n|switch|p2b: Whimsicott|Whimsicott, L50, M|100/100\n|-ability|p2a: Calyrex|As One\n|-ability|p2a: Calyrex|Unnerve\n|-ability|p1b: \u829d\u58eb\u96ea\u8c79|Sword of Ruin\n|-ability|p1a: \u55f7\u55f7\u55f7\u55f7|Dauntless Shield|boost\n|-boost|p1a: \u55f7\u55f7\u55f7\u55f7|def|1\n|turn|1\n|\n|t:|1772366949\n|move|p2b: Whimsicott|Taunt|p1a: \u55f7\u55f7\u55f7\u55f7\n|-start|p1a: \u55f7\u55f7\u55f7\u55f7|move: Taunt\n|move|p1b: \u829d\u58eb\u96ea\u8c79|Taunt|p2a: Calyrex\n|-start|p2a: Calyrex|move: Taunt\n|move|p1a: \u55f7\u55f7\u55f7\u55f7|Heavy Slam|p2b: Whimsicott\n|-supereffective|p2b: Whimsicott\n|-damage|p2b: Whimsicott|0 fnt\n|faint|p2b: Whimsicott\n|move|p2a: Calyrex|Seed Bomb|p1b: \u829d\u58eb\u96ea\u8c79\n|-damage|p1b: \u829d\u58eb\u96ea\u8c79|63/100\n|\n|upkeep\n|\n|t:|1772366963\n|switch|p2b: Chi-Yu|Chi-Yu, L50|100/100\n|-ability|p2b: Chi-Yu|Beads of Ruin\n|turn|2\n|\n|t:|1772366981\n|-terastallize|p1a: \u55f7\u55f7\u55f7\u55f7|Dragon\n|move|p2b: Chi-Yu|Heat Wave|p1a: \u55f7\u55f7\u55f7\u55f7|[spread] p1a,p1b\n|-resisted|p1a: \u55f7\u55f7\u55f7\u55f7\n|-supereffective|p1b: \u829d\u58eb\u96ea\u8c79\n|-damage|p1a: \u55f7\u55f7\u55f7\u55f7|84/100\n|-damage|p1b: \u829d\u58eb\u96ea\u8c79|0 fnt\n|-status|p1a: \u55f7\u55f7\u55f7\u55f7|brn\n|faint|p1b: \u829d\u58eb\u96ea\u8c79\n|move|p1a: \u55f7\u55f7\u55f7\u55f7|Body Press|p2b: Chi-Yu\n|-supereffective|p2b: Chi-Yu\n|-damage|p2b: Chi-Yu|0 fnt\n|faint|p2b: Chi-Yu\n|move|p2a: Calyrex|Glacial Lance|p1a: \u55f7\u55f7\u55f7\u55f7\n|-supereffective|p1a: \u55f7\u55f7\u55f7\u55f7\n|-damage|p1a: \u55f7\u55f7\u55f7\u55f7|30/100 brn\n|\n|-damage|p1a: \u55f7\u55f7\u55f7\u55f7|24/100 brn|[from] brn\n|upkeep\n|\n|t:|1772366995\n|switch|p1b: \u53f8\u9a6c|Calyrex-Shadow, L50|100/100\n|switch|p2b: Groudon|Groudon, L50|100/100\n|-ability|p1b: \u53f8\u9a6c|As One\n|-ability|p1b: \u53f8\u9a6c|Unnerve\n|-weather|SunnyDay|[from] ability: Drought|[of] p2b: Groudon\n|turn|3\n|\n|t:|1772367004\n|-terastallize|p2a: Calyrex|Dragon\n|move|p1b: \u53f8\u9a6c|Astral Barrage|p2a: Calyrex|[spread] p2a,p2b\n|-damage|p2a: Calyrex|69/100\n|-damage|p2b: Groudon|55/100\n|move|p1a: \u55f7\u55f7\u55f7\u55f7|Body Press|p2a: Calyrex\n|-damage|p2a: Calyrex|44/100\n|move|p2b: Groudon|Precipice Blades|p1a: \u55f7\u55f7\u55f7\u55f7|[spread] p1a,p1b\n|-damage|p1a: \u55f7\u55f7\u55f7\u55f7|4/100 brn\n|-damage|p1b: \u53f8\u9a6c|30/100\n|move|p2a: Calyrex|Glacial Lance|p1a: \u55f7\u55f7\u55f7\u55f7|[spread] p1a,p1b\n|-supereffective|p1a: \u55f7\u55f7\u55f7\u55f7\n|-damage|p1a: \u55f7\u55f7\u55f7\u55f7|0 fnt\n|-damage|p1b: \u53f8\u9a6c|0 fnt\n|faint|p1a: \u55f7\u55f7\u55f7\u55f7\n|faint|p1b: \u53f8\u9a6c\n|-ability|p2a: Calyrex|Chilling Neigh|boost\n|-boost|p2a: Calyrex|atk|2\n|\n|-weather|SunnyDay|[upkeep]\n|-end|p2a: Calyrex|move: Taunt\n|upkeep\n|\n|t:|1772367007\n|switch|p1b: \u6211\u8fd8\u53ef\u4ee5|Ogerpon-Cornerstone, L50, F|100/100\n|turn|4\n|\n|t:|1772367016\n|move|p2b: Groudon|Protect|p2b: Groudon\n|-singleturn|p2b: Groudon|Protect\n|move|p1b: \u6211\u8fd8\u53ef\u4ee5|Ivy Cudgel|p2b: Groudon|[anim] Ivy Cudgel Rock\n|-activate|p2b: Groudon|move: Protect\n|move|p2a: Calyrex|Glacial Lance|p1b: \u6211\u8fd8\u53ef\u4ee5\n|-supereffective|p1b: \u6211\u8fd8\u53ef\u4ee5\n|-ability|p1b: \u6211\u8fd8\u53ef\u4ee5|Sturdy\n|-damage|p1b: \u6211\u8fd8\u53ef\u4ee5|1/100\n|\n|-weather|SunnyDay|[upkeep]\n|upkeep\n|turn|5\n|-message|blackred123\u6c38\u96cf\u5854\u83f2\u4fa0 forfeited.\n|\n|win|Aki nakaha\n|raw|blackred123\u6c38\u96cf\u5854\u83f2\u4fa0's rating: 1457 &rarr; <strong>1434</strong><br />(-23 for losing)\n|raw|Aki nakaha's rating: 1399 &rarr; <strong>1422</strong><br />(+23 for winning)\n|l|\u2606blackred123\u6c38\u96cf\u5854\u83f2\u4fa0\n|player|p1|\n","uploadtime":1772367259,"views":12,"formatid":"gen9vgc2026regi","rating":1422,"private":0,"password":null}