{"id":"gen9vgc2026regi-2559442891","format":"[Gen 9] VGC 2026 Reg I","players":["jd8erh","EllenJoe2026"],"log":"|j|\u2606jd8erh\n|j|\u2606EllenJoe2026\n|t:|1773568185\n|gametype|doubles\n|player|p1|jd8erh|169|1500\n|player|p2|EllenJoe2026|102|1546\n|gen|9\n|tier|[Gen 9] VGC 2026 Reg I\n|rated|\n|rule|Species Clause: Limit one of each Pok\u00e9mon\n|rule|Item Clause: Limit 1 of each item\n|clearpoke\n|poke|p1|Calyrex-Shadow, L50|\n|poke|p1|Koraidon, L50|\n|poke|p1|Brute Bonnet, L50|\n|poke|p1|Raging Bolt, L50|\n|poke|p1|Bronzong, L50|\n|poke|p1|Incineroar, L50, M|\n|poke|p2|Calyrex-Shadow, L50|\n|poke|p2|Zamazenta-*, L50|\n|poke|p2|Chien-Pao, L50|\n|poke|p2|Dragonite, L50, F|\n|poke|p2|Tornadus, L50, M|\n|poke|p2|Urshifu-*, L50, F|\n|teampreview|4\n|inactive|Battle timer is ON: inactive players will automatically lose when time's up. (requested by EllenJoe2026)\n|inactive|jd8erh also wants the timer to be on.\n|\n|t:|1773568208\n|teamsize|p1|4\n|teamsize|p2|4\n|start\n|switch|p1a: Incineroar|Incineroar, L50, M|100/100\n|switch|p1b: Raging Bolt|Raging Bolt, L50|100/100\n|switch|p2a: Tornadus|Tornadus, L50, M, shiny|100/100\n|switch|p2b: Urshifu|Urshifu-Rapid-Strike, L50, F|100/100\n|-ability|p1a: Incineroar|Intimidate|boost\n|-unboost|p2a: Tornadus|atk|1\n|-unboost|p2b: Urshifu|atk|1\n|turn|1\n|\n|t:|1773568233\n|-terastallize|p2b: Urshifu|Ghost\n|move|p2a: Tornadus|Rain Dance|p2a: Tornadus\n|-weather|RainDance\n|move|p1b: Raging Bolt|Thunderclap|p2b: Urshifu\n|-damage|p2b: Urshifu|42/100\n|move|p2b: Urshifu|Surging Strikes|p1b: Raging Bolt\n|-resisted|p1b: Raging Bolt\n|-crit|p1b: Raging Bolt\n|-damage|p1b: Raging Bolt|86/100\n|-resisted|p1b: Raging Bolt\n|-crit|p1b: Raging Bolt\n|-damage|p1b: Raging Bolt|73/100\n|-resisted|p1b: Raging Bolt\n|-crit|p1b: Raging Bolt\n|-damage|p1b: Raging Bolt|60/100\n|-hitcount|p1b: Raging Bolt|3\n|move|p1a: Incineroar|Parting Shot|p2a: Tornadus\n|-unboost|p2a: Tornadus|atk|1\n|-unboost|p2a: Tornadus|spa|1\n|\n|t:|1773568248\n|switch|p1a: Brute Bonnet|Brute Bonnet, L50|100/100|[from] Parting Shot\n|\n|-weather|RainDance|[upkeep]\n|upkeep\n|turn|2\n|\n|t:|1773568261\n|move|p1a: Brute Bonnet|Sucker Punch|p2b: Urshifu\n|-supereffective|p2b: Urshifu\n|-damage|p2b: Urshifu|0 fnt\n|faint|p2b: Urshifu\n|move|p2a: Tornadus|Bleakwind Storm|p1a: Brute Bonnet|[spread] p1a,p1b\n|-supereffective|p1a: Brute Bonnet\n|-resisted|p1b: Raging Bolt\n|-damage|p1a: Brute Bonnet|67/100\n|-damage|p1b: Raging Bolt|55/100\n|move|p1b: Raging Bolt|Thunderbolt|p2a: Tornadus\n|-supereffective|p2a: Tornadus\n|-damage|p2a: Tornadus|0 fnt\n|faint|p2a: Tornadus\n|\n|-weather|RainDance|[upkeep]\n|upkeep\n|\n|t:|1773568269\n|switch|p2a: Calyrex|Calyrex-Shadow, L50|100/100\n|switch|p2b: Zamazenta|Zamazenta-Crowned, L50, shiny|100/100\n|-ability|p2a: Calyrex|As One\n|-ability|p2a: Calyrex|Unnerve\n|-ability|p2b: Zamazenta|Dauntless Shield|boost\n|-boost|p2b: Zamazenta|def|1\n|turn|3\n|\n|t:|1773568289\n|move|p1a: Brute Bonnet|Sucker Punch||[still]\n|-fail|p1a: Brute Bonnet\n|move|p2a: Calyrex|Imprison|p2a: Calyrex\n|-start|p2a: Calyrex|move: Imprison\n|move|p2b: Zamazenta|Body Press|p1a: Brute Bonnet\n|-supereffective|p1a: Brute Bonnet\n|-damage|p1a: Brute Bonnet|0 fnt\n|faint|p1a: Brute Bonnet\n|-end|p1a: Brute Bonnet|Protosynthesis|[silent]\n|move|p1b: Raging Bolt|Thunderbolt|p2b: Zamazenta\n|-damage|p2b: Zamazenta|67/100\n|\n|-weather|RainDance|[upkeep]\n|upkeep\n|\n|t:|1773568294\n|switch|p1a: Koraidon|Koraidon, L50|100/100\n|-weather|SunnyDay|[from] ability: Orichalcum Pulse|[of] p1a: Koraidon\n|-activate|p1b: Raging Bolt|ability: Protosynthesis\n|-start|p1b: Raging Bolt|protosynthesisspa\n|-activate|p1a: Koraidon|Orichalcum Pulse|[source]\n|turn|4\n|\n|t:|1773568307\n|-terastallize|p1a: Koraidon|Fire\n|move|p1b: Raging Bolt|Thunderclap|p2b: Zamazenta\n|-damage|p2b: Zamazenta|34/100\n|move|p2a: Calyrex|Astral Barrage|p1b: Raging Bolt|[spread] p1a,p1b\n|-damage|p1a: Koraidon|41/100\n|-damage|p1b: Raging Bolt|20/100\n|-damage|p2a: Calyrex|91/100|[from] item: Life Orb\n|move|p1a: Koraidon|Flame Charge|p2b: Zamazenta\n|-supereffective|p2b: Zamazenta\n|-damage|p2b: Zamazenta|0 fnt\n|-boost|p1a: Koraidon|spe|1\n|faint|p2b: Zamazenta\n|\n|-weather|SunnyDay|[upkeep]\n|upkeep\n|turn|5\n|-message|EllenJoe2026 forfeited.\n|\n|win|jd8erh\n|raw|jd8erh's rating: 1500 &rarr; <strong>1523</strong><br />(+23 for winning)\n|raw|EllenJoe2026's rating: 1546 &rarr; <strong>1523</strong><br />(-23 for losing)\n|l|\u2606EllenJoe2026\n|player|p2|\n|c|\u2606jd8erh|Gg\n|l|\u2606jd8erh\n|player|p1|\n|j|\u2606jd8erh\n|player|p1|jd8erh|169|\n|l|\u2606jd8erh\n|player|p1|\n","uploadtime":1773568469,"views":17,"formatid":"gen9vgc2026regi","rating":1523,"private":0,"password":null}