{"id":"gen9vgc2026regi-2566879115","format":"[Gen 9] VGC 2026 Reg I","players":["magicalarcher57","KaiMVGC"],"log":"|j|\u2606magicalarcher57\n|j|\u2606KaiMVGC\n|t:|1774423453\n|gametype|doubles\n|player|p1|magicalarcher57|cynthia-masters4|\n|player|p2|KaiMVGC|boarder|\n|gen|9\n|tier|[Gen 9] VGC 2026 Reg I\n|rated|Tournament battle\n|rule|Species Clause: Limit one of each Pok\u00e9mon\n|rule|Item Clause: Limit 1 of each item\n|clearpoke\n|poke|p1|Calyrex-Ice, L50|\n|poke|p1|Incineroar, L50, F|\n|poke|p1|Koraidon, L50|\n|poke|p1|Grimmsnarl, L50, M|\n|poke|p1|Amoonguss, L50, M|\n|poke|p1|Raging Bolt, L50|\n|poke|p2|Calyrex-Shadow, L50|\n|poke|p2|Zamazenta-*, L50|\n|poke|p2|Rillaboom, L50, M|\n|poke|p2|Raging Bolt, L50|\n|poke|p2|Smeargle, L50, F|\n|poke|p2|Tornadus, L50, M|\n|teampreview|4\nKaiMVGC has agreed to open team sheets.\nmagicalarcher57 has agreed to open team sheets.\n|showteam|p1|Calyrex-Ice||Leftovers|AsOneGlastrier|GlacialLance,LeechSeed,TrickRoom,Protect||||||50|,,,,,Water]Incineroar||SafetyGoggles|Intimidate|FakeOut,Taunt,KnockOff,Uturn|||F|||50|,,,,,Bug]Koraidon||LifeOrb|OrichalcumPulse|CloseCombat,FlareBlitz,FlameCharge,Protect||||||50|,,,,,Fire]Grimmsnarl||LightClay|Prankster|FoulPlay,LightScreen,Reflect,ScaryFace|||M|||50|,,,,,Ghost]Amoonguss||RockyHelmet|Regenerator|Spore,RagePowder,PollenPuff,Protect|||M|||50|,,,,,Water]Raging Bolt||AssaultVest|Protosynthesis|Thunderbolt,DracoMeteor,Thunderclap,Electroweb||||||50|,,,,,Fairy\n|showteam|p2|Calyrex-Shadow||LifeOrb|AsOneSpectrier|AstralBarrage,Psychic,NastyPlot,Protect||||||50|,,,,,Dark]Zamazenta-Crowned||RustedShield|DauntlessShield|BodyPress,HeavySlam,WideGuard,Protect||||||50|,,,,,Dragon]Rillaboom||AssaultVest|GrassySurge|WoodHammer,GrassyGlide,Uturn,FakeOut|||M|||50|,,,,,Water]Raging Bolt||BoosterEnergy|Protosynthesis|Thunderbolt,DragonPulse,Thunderclap,Protect||||||50|,,,,,Electric]Smeargle||FocusSash|Moody|Spore,FollowMe,WideGuard,FakeOut|||F|||50|,,,,,Ghost]Tornadus||SkyPlate|Prankster|Tailwind,Taunt,BleakwindStorm,Protect|||M|||50|,,,,,Dragon\n|\n|t:|1774423475\n|teamsize|p1|4\n|teamsize|p2|4\n|start\n|switch|p1a: Incineroar|Incineroar, L50, F|100/100\n|switch|p1b: Koraidon|Koraidon, L50|100/100\n|switch|p2a: Calyrex|Calyrex-Shadow, L50|100/100\n|switch|p2b: Smeargle|Smeargle, L50, F|100/100\n|-ability|p2a: Calyrex|As One\n|-ability|p2a: Calyrex|Unnerve\n|-weather|SunnyDay|[from] ability: Orichalcum Pulse|[of] p1b: Koraidon\n|-activate|p1b: Koraidon|Orichalcum Pulse|[source]\n|-ability|p1a: Incineroar|Intimidate|boost\n|-unboost|p2a: Calyrex|atk|1\n|-unboost|p2b: Smeargle|atk|1\n|turn|1\n|j|%llefface\n|j| mysticmarshtomp\n|\n|t:|1774423514\n|-terastallize|p2b: Smeargle|Ghost\n|move|p2a: Calyrex|Protect|p2a: Calyrex\n|-singleturn|p2a: Calyrex|Protect\n|move|p1b: Koraidon|Protect|p1b: Koraidon\n|-singleturn|p1b: Koraidon|Protect\n|move|p2b: Smeargle|Spore|p1b: Koraidon\n|-activate|p1b: Koraidon|move: Protect\n|move|p1a: Incineroar|Taunt|p2b: Smeargle\n|-start|p2b: Smeargle|move: Taunt\n|\n|-weather|SunnyDay|[upkeep]\n|-ability|p2b: Smeargle|Moody|boost\n|-boost|p2b: Smeargle|def|2\n|-unboost|p2b: Smeargle|spa|1\n|upkeep\n|turn|2\n|\n|t:|1774423547\n|switch|p2a: Tornadus|Tornadus, L50, M|100/100\n|switch|p2b: Zamazenta|Zamazenta-Crowned, L50|100/100\n|-ability|p2b: Zamazenta|Dauntless Shield|boost\n|-boost|p2b: Zamazenta|def|1\n|-terastallize|p1b: Koraidon|Fire\n|move|p1b: Koraidon|Flame Charge|p2b: Zamazenta\n|-supereffective|p2b: Zamazenta\n|-damage|p2b: Zamazenta|38/100\n|-boost|p1b: Koraidon|spe|1\n|-damage|p1b: Koraidon|91/100|[from] item: Life Orb\n|move|p1a: Incineroar|Knock Off|p2a: Tornadus\n|-damage|p2a: Tornadus|37/100\n|-enditem|p2a: Tornadus|Sky Plate|[from] move: Knock Off|[of] p1a: Incineroar\n|\n|-weather|SunnyDay|[upkeep]\n|upkeep\n|turn|3\n|\n|t:|1774423565\n|move|p2b: Zamazenta|Protect|p2b: Zamazenta\n|-singleturn|p2b: Zamazenta|Protect\n|move|p2a: Tornadus|Tailwind|p2a: Tornadus\n|-sidestart|p2: KaiMVGC|move: Tailwind\n|move|p1b: Koraidon|Flame Charge|p2b: Zamazenta\n|-activate|p2b: Zamazenta|move: Protect\n|move|p1a: Incineroar|Knock Off|p2a: Tornadus\n|-damage|p2a: Tornadus|0 fnt\n|faint|p2a: Tornadus\n|\n|-weather|SunnyDay|[upkeep]\n|upkeep\n|\n|t:|1774423580\n|switch|p2a: Smeargle|Smeargle, L50, F, tera:Ghost|100/100\n|turn|4\n|\n|t:|1774423606\n|move|p1b: Koraidon|Protect|p1b: Koraidon\n|-singleturn|p1b: Koraidon|Protect\n|move|p2a: Smeargle|Fake Out|p1b: Koraidon\n|-activate|p1b: Koraidon|move: Protect\n|move|p2b: Zamazenta|Body Press|p1a: Incineroar\n|-supereffective|p1a: Incineroar\n|-damage|p1a: Incineroar|0 fnt\n|faint|p1a: Incineroar\n|\n|-weather|SunnyDay|[upkeep]\n|-ability|p2a: Smeargle|Moody|boost\n|-boost|p2a: Smeargle|atk|2\n|-unboost|p2a: Smeargle|def|1\n|upkeep\n|\n|t:|1774423614\n|switch|p1a: Raging Bolt|Raging Bolt, L50|100/100\n|-activate|p1a: Raging Bolt|ability: Protosynthesis\n|-start|p1a: Raging Bolt|protosynthesisspa\n|turn|5\n|\n|t:|1774423620\n|switch|p2b: Calyrex|Calyrex-Shadow, L50|100/100\n|-ability|p2b: Calyrex|As One\n|-ability|p2b: Calyrex|Unnerve\n|move|p2a: Smeargle|Spore|p1b: Koraidon\n|-status|p1b: Koraidon|slp|[from] move: Spore\n|cant|p1b: Koraidon|slp\n|move|p1a: Raging Bolt|Electroweb|p2a: Smeargle|[spread] p2a,p2b\n|-damage|p2a: Smeargle|17/100\n|-damage|p2b: Calyrex|71/100\n|-unboost|p2a: Smeargle|spe|1\n|-unboost|p2b: Calyrex|spe|1\n|\n|-weather|none\n|-end|p1a: Raging Bolt|Protosynthesis\n|-ability|p2a: Smeargle|Moody|boost\n|-boost|p2a: Smeargle|atk|2\n|-unboost|p2a: Smeargle|spd|1\n|upkeep\n|turn|6\n|j| GoogleDad\n|l|%llefface\n|\n|t:|1774423670\n|move|p2a: Smeargle|Follow Me|p2a: Smeargle\n|-singleturn|p2a: Smeargle|move: Follow Me\n|cant|p1b: Koraidon|slp\n|move|p2b: Calyrex|Astral Barrage|p1a: Raging Bolt|[spread] p1a,p1b\n|-damage|p1a: Raging Bolt|54/100\n|-damage|p1b: Koraidon|19/100 slp\n|-damage|p2b: Calyrex|62/100|[from] item: Life Orb\n|move|p1a: Raging Bolt|Electroweb|p2a: Smeargle|[spread] p2a,p2b\n|-damage|p2a: Smeargle|0 fnt\n|-damage|p2b: Calyrex|38/100\n|-unboost|p2b: Calyrex|spe|1\n|faint|p2a: Smeargle\n|\n|-sideend|p2: KaiMVGC|move: Tailwind\n|upkeep\n|\n|t:|1774423680\n|switch|p2a: Zamazenta|Zamazenta-Crowned, L50|38/100\n|turn|7\n|\n|t:|1774423686\n|move|p2b: Calyrex|Protect|p2b: Calyrex\n|-singleturn|p2b: Calyrex|Protect\n|move|p1a: Raging Bolt|Thunderclap||[still]\n|-fail|p1a: Raging Bolt\n|-curestatus|p1b: Koraidon|slp|[msg]\n|move|p1b: Koraidon|Close Combat|p2a: Zamazenta\n|-supereffective|p2a: Zamazenta\n|-crit|p2a: Zamazenta\n|-damage|p2a: Zamazenta|0 fnt\n|-unboost|p1b: Koraidon|def|1\n|-unboost|p1b: Koraidon|spd|1\n|faint|p2a: Zamazenta\n|-damage|p1b: Koraidon|9/100|[from] item: Life Orb\n|\n|upkeep\n|turn|8\n|c|\u2606magicalarcher57|gg\n|c|\u2606KaiMVGC|gg\n|l| GoogleDad\n|-message|KaiMVGC forfeited.\n|\n|win|magicalarcher57\n|n|\u2606magicalarcher57|magicalarcher57\n|n|\u2606KaiMVGC|kaimvgc\n|n| mysticmarshtomp|mysticmarshtomp\n|l|\u2606KaiMVGC\n|player|p2|\n|l| mysticmarshtomp\n|l|\u2606magicalarcher57\n|player|p1|\n|j| GoogleDad\n|l| GoogleDad\n|j| aurora ltd\n","uploadtime":1774423697,"views":13,"formatid":"gen9vgc2026regi","rating":null,"private":0,"password":null}