{"id":"gen9vgc2026regi-2579147656","format":"[Gen 9] VGC 2026 Reg I","players":["F0-H0","the gamblerler"],"log":"|j|\u2606F0-H0\n|j|\u2606the gamblerler\n|t:|1775755859\n|gametype|doubles\n|player|p1|F0-H0|palmer|1533\n|player|p2|the gamblerler|giovanni|1612\n|gen|9\n|tier|[Gen 9] VGC 2026 Reg I\n|rated|\n|rule|Species Clause: Limit one of each Pok\u00e9mon\n|rule|Item Clause: Limit 1 of each item\n|clearpoke\n|poke|p1|Koraidon, L50|\n|poke|p1|Sunflora, L50, M|\n|poke|p1|Flutter Mane, L50|\n|poke|p1|Charizard, L50, M|\n|poke|p1|Walking Wake, L50|\n|poke|p1|Groudon, L50|\n|poke|p2|Calyrex-Shadow, L50|\n|poke|p2|Miraidon, L50|\n|poke|p2|Incineroar, L50, F|\n|poke|p2|Sneasler, L50, F|\n|poke|p2|Araquanid, L50, F|\n|poke|p2|Whimsicott, L50, F|\n|teampreview|4\n|inactive|Battle timer is ON: inactive players will automatically lose when time's up. (requested by the gamblerler)\n|inactive|F0-H0 also wants the timer to be on.\n|\n|t:|1775755876\n|teamsize|p1|4\n|teamsize|p2|4\n|start\n|switch|p1a: Koraidon|Koraidon, L50|100/100\n|switch|p1b: Flutter Mane|Flutter Mane, L50|100/100\n|switch|p2a: Sneasler|Sneasler, L50, F|100/100\n|switch|p2b: Miraidon|Miraidon, L50|100/100\n|-fieldstart|move: Electric Terrain|[from] ability: Hadron Engine|[of] p2b: Miraidon\n|-enditem|p2a: Sneasler|Electric Seed\n|-boost|p2a: Sneasler|def|1|[from] item: Electric Seed\n|-weather|SunnyDay|[from] ability: Orichalcum Pulse|[of] p1a: Koraidon\n|-activate|p1b: Flutter Mane|ability: Protosynthesis\n|-start|p1b: Flutter Mane|protosynthesisspe\n|-activate|p1a: Koraidon|Orichalcum Pulse|[source]\n|turn|1\n|\n|t:|1775755893\n|move|p1b: Flutter Mane|Protect|p1b: Flutter Mane\n|-singleturn|p1b: Flutter Mane|Protect\n|move|p1a: Koraidon|Protect|p1a: Koraidon\n|-singleturn|p1a: Koraidon|Protect\n|move|p2a: Sneasler|Dire Claw|p1b: Flutter Mane\n|-activate|p1b: Flutter Mane|move: Protect\n|move|p2b: Miraidon|Volt Switch|p1b: Flutter Mane\n|-activate|p1b: Flutter Mane|move: Protect\n|\n|-weather|SunnyDay|[upkeep]\n|upkeep\n|turn|2\n|\n|t:|1775755915\n|move|p2a: Sneasler|Dire Claw|p1b: Flutter Mane\n|-damage|p1b: Flutter Mane|2/100\n|move|p1b: Flutter Mane|Icy Wind|p2b: Miraidon|[spread] p2a,p2b\n|-supereffective|p2b: Miraidon\n|-damage|p2a: Sneasler|82/100\n|-damage|p2b: Miraidon|77/100\n|-unboost|p2a: Sneasler|spe|1\n|-unboost|p2b: Miraidon|spe|1\n|move|p1a: Koraidon|Collision Course|p2b: Miraidon\n|-damage|p2b: Miraidon|8/100\n|move|p2b: Miraidon|Volt Switch|p1a: Koraidon\n|-resisted|p1a: Koraidon\n|-crit|p1a: Koraidon\n|-damage|p1a: Koraidon|51/100\n|\n|t:|1775755924\n|switch|p2b: Calyrex|Calyrex-Shadow, L50|100/100|[from] Volt Switch\n|-ability|p2b: Calyrex|As One\n|-ability|p2b: Calyrex|Unnerve\n|\n|-weather|SunnyDay|[upkeep]\n|upkeep\n|turn|3\n|\n|t:|1775755939\n|move|p1b: Flutter Mane|Protect|p1b: Flutter Mane\n|-singleturn|p1b: Flutter Mane|Protect\n|move|p2b: Calyrex|Protect|p2b: Calyrex\n|-singleturn|p2b: Calyrex|Protect\n|move|p1a: Koraidon|Protect|p1a: Koraidon\n|-singleturn|p1a: Koraidon|Protect\n|move|p2a: Sneasler|Dire Claw|p1b: Flutter Mane\n|-activate|p1b: Flutter Mane|move: Protect\n|\n|-weather|SunnyDay|[upkeep]\n|upkeep\n|turn|4\n|inactive|F0-H0 has 30 seconds left.\n|\n|t:|1775755969\n|switch|p2b: Whimsicott|Whimsicott, L50, F|100/100\n|move|p1b: Flutter Mane|Shadow Ball|p2b: Whimsicott\n|-damage|p2b: Whimsicott|47/100\n|move|p2a: Sneasler|Close Combat|p1a: Koraidon\n|-damage|p1a: Koraidon|0 fnt\n|-unboost|p2a: Sneasler|def|1\n|-unboost|p2a: Sneasler|spd|1\n|faint|p1a: Koraidon\n|\n|-weather|SunnyDay|[upkeep]\n|upkeep\n|\n|t:|1775755979\n|switch|p1a: Walking Wake|Walking Wake, L50|100/100\n|-activate|p1a: Walking Wake|ability: Protosynthesis\n|-start|p1a: Walking Wake|protosynthesisspe\n|turn|5\n|\n|t:|1775755991\n|move|p2b: Whimsicott|Tailwind|p2b: Whimsicott\n|-sidestart|p2: the gamblerler|move: Tailwind\n|move|p2a: Sneasler|Close Combat|p1a: Walking Wake\n|-damage|p1a: Walking Wake|34/100\n|-unboost|p2a: Sneasler|def|1\n|-unboost|p2a: Sneasler|spd|1\n|move|p1b: Flutter Mane|Shadow Ball|p2a: Sneasler\n|-damage|p2a: Sneasler|0 fnt\n|faint|p2a: Sneasler\n|move|p1a: Walking Wake|Flamethrower|p2b: Whimsicott\n|-supereffective|p2b: Whimsicott\n|-damage|p2b: Whimsicott|0 fnt\n|faint|p2b: Whimsicott\n|\n|-weather|none\n|-end|p1b: Flutter Mane|Protosynthesis\n|-end|p1a: Walking Wake|Protosynthesis\n|-fieldend|move: Electric Terrain\n|upkeep\n|\n|t:|1775756001\n|switch|p2b: Calyrex|Calyrex-Shadow, L50|100/100\n|switch|p2a: Miraidon|Miraidon, L50|8/100\n|-ability|p2b: Calyrex|As One\n|-ability|p2b: Calyrex|Unnerve\n|-fieldstart|move: Electric Terrain|[from] ability: Hadron Engine|[of] p2a: Miraidon\n|turn|6\n|\n|t:|1775756009\n|move|p1b: Flutter Mane|Protect|p1b: Flutter Mane\n|-singleturn|p1b: Flutter Mane|Protect\n|move|p2a: Miraidon|Dazzling Gleam|p1a: Walking Wake|[spread] p1a\n|-activate|p1b: Flutter Mane|move: Protect\n|-supereffective|p1a: Walking Wake\n|-damage|p1a: Walking Wake|0 fnt\n|faint|p1a: Walking Wake\n|-end|p1a: Walking Wake|Protosynthesis|[silent]\n|move|p2b: Calyrex|Astral Barrage|p1b: Flutter Mane\n|-activate|p1b: Flutter Mane|move: Protect\n|\n|upkeep\n|\n|t:|1775756021\n|switch|p1a: Groudon|Groudon, L50|100/100\n|-weather|SunnyDay|[from] ability: Drought|[of] p1a: Groudon\n|-activate|p1b: Flutter Mane|ability: Protosynthesis\n|-start|p1b: Flutter Mane|protosynthesisspe\n|turn|7\n|\n|t:|1775756044\n|-terastallize|p2b: Calyrex|Ghost\n|-terastallize|p1b: Flutter Mane|Normal\n|move|p1a: Groudon|Protect|p1a: Groudon\n|-singleturn|p1a: Groudon|Protect\n|move|p2a: Miraidon|Dazzling Gleam|p1b: Flutter Mane|[spread] p1b\n|-activate|p1a: Groudon|move: Protect\n|-damage|p1b: Flutter Mane|0 fnt\n|faint|p1b: Flutter Mane\n|-end|p1b: Flutter Mane|Protosynthesis|[silent]\n|move|p2b: Calyrex|Astral Barrage|p1a: Groudon\n|-activate|p1a: Groudon|move: Protect\n|\n|-weather|SunnyDay|[upkeep]\n|upkeep\n|turn|8\n|\n|t:|1775756053\n|move|p2a: Miraidon|Dazzling Gleam|p1a: Groudon\n|-damage|p1a: Groudon|66/100\n|move|p2b: Calyrex|Astral Barrage|p1a: Groudon\n|-damage|p1a: Groudon|0 fnt\n|faint|p1a: Groudon\n|\n|win|the gamblerler\n|raw|F0-H0's rating: 1533 &rarr; <strong>1517</strong><br />(-16 for losing)\n|raw|the gamblerler's rating: 1612 &rarr; <strong>1628</strong><br />(+16 for winning)\n|l|\u2606F0-H0\n|player|p1|\n|l|\u2606the gamblerler\n|player|p2|\n","uploadtime":1775756233,"views":13,"formatid":"gen9vgc2026regi","rating":1517,"private":0,"password":null}