{"id":"gen9vgc2026regi-2518564249","format":"[Gen 9] VGC 2026 Reg I","players":["paradox franco","dthk1216"],"log":"|j|\u2606paradox franco\n|j|\u2606dthk1216\n|t:|1768405093\n|gametype|doubles\n|player|p1|paradox franco|elesa|1376\n|player|p2|dthk1216|dawn|1355\n|gen|9\n|tier|[Gen 9] VGC 2026 Reg I\n|rated|\n|rule|Species Clause: Limit one of each Pok\u00e9mon\n|rule|Item Clause: Limit 1 of each item\n|clearpoke\n|poke|p1|Lunala, L50|\n|poke|p1|Groudon, L50|\n|poke|p1|Whimsicott, L50, F|\n|poke|p1|Raging Bolt, L50|\n|poke|p1|Kingambit, L50, F|\n|poke|p1|Chi-Yu, L50|\n|poke|p2|Calyrex-Ice, L50|\n|poke|p2|Kyogre, L50|\n|poke|p2|Urshifu-*, L50, M|\n|poke|p2|Rillaboom, L50, F|\n|poke|p2|Grimmsnarl, L50, M|\n|poke|p2|Amoonguss, L50, F|\n|teampreview|4\n|inactive|Battle timer is ON: inactive players will automatically lose when time's up. (requested by dthk1216)\n|inactive|dthk1216 has 60 seconds left.\n|\n|t:|1768405165\n|teamsize|p1|4\n|teamsize|p2|4\n|start\n|switch|p1a: Lunala|Lunala, L50|100/100\n|switch|p1b: Chi-Yu|Chi-Yu, L50|100/100\n|switch|p2a: Grimmsnarl|Grimmsnarl, L50, M|100/100\n|switch|p2b: Calyrex|Calyrex-Ice, L50|100/100\n|-ability|p2b: Calyrex|As One\n|-ability|p2b: Calyrex|Unnerve\n|-ability|p1b: Chi-Yu|Beads of Ruin\n|turn|1\n|\n|t:|1768405188\n|-terastallize|p1b: Chi-Yu|Ghost\n|-terastallize|p2b: Calyrex|Grass\n|move|p2a: Grimmsnarl|Light Screen|p2a: Grimmsnarl\n|-sidestart|p2: dthk1216|move: Light Screen\n|move|p1b: Chi-Yu|Flamethrower|p2b: Calyrex\n|-supereffective|p2b: Calyrex\n|-damage|p2b: Calyrex|48/100\n|move|p1a: Lunala|Moongeist Beam|p2b: Calyrex\n|-damage|p2b: Calyrex|5/100\n|move|p2b: Calyrex|Leech Seed|p1a: Lunala\n|-start|p1a: Lunala|move: Leech Seed\n|\n|-heal|p2b: Calyrex|11/100|[from] item: Leftovers\n|-damage|p1a: Lunala|88/100|[from] Leech Seed|[of] p2b: Calyrex\n|-heal|p2b: Calyrex|23/100|[silent]\n|upkeep\n|turn|2\n|\n|t:|1768405205\n|switch|p1a: Kingambit|Kingambit, L50, F|100/100\n|move|p2b: Calyrex|Protect|p2b: Calyrex\n|-singleturn|p2b: Calyrex|Protect\n|move|p1b: Chi-Yu|Flamethrower|p2b: Calyrex\n|-activate|p2b: Calyrex|move: Protect\n|move|p2a: Grimmsnarl|Foul Play|p1a: Kingambit\n|-resisted|p1a: Kingambit\n|-damage|p1a: Kingambit|81/100\n|\n|-heal|p2b: Calyrex|29/100|[from] item: Leftovers\n|upkeep\n|turn|3\n|\n|t:|1768405223\n|switch|p2b: Rillaboom|Rillaboom, L50, F|100/100\n|-fieldstart|move: Grassy Terrain|[from] ability: Grassy Surge|[of] p2b: Rillaboom\n|move|p2a: Grimmsnarl|Thunder Wave|p1b: Chi-Yu\n|-status|p1b: Chi-Yu|par\n|move|p1b: Chi-Yu|Flamethrower|p2b: Rillaboom\n|-supereffective|p2b: Rillaboom\n|-damage|p2b: Rillaboom|35/100\n|move|p1a: Kingambit|Iron Head|p2a: Grimmsnarl\n|-supereffective|p2a: Grimmsnarl\n|-damage|p2a: Grimmsnarl|0 fnt\n|faint|p2a: Grimmsnarl\n|\n|-heal|p2b: Rillaboom|41/100|[from] Grassy Terrain\n|-heal|p1a: Kingambit|86/100|[from] Grassy Terrain\n|upkeep\n|\n|t:|1768405234\n|switch|p2a: Kyogre|Kyogre, L50|100/100\n|-weather|RainDance|[from] ability: Drizzle|[of] p2a: Kyogre\n|turn|4\n|\n|t:|1768405247\n|switch|p2b: Calyrex|Calyrex-Ice, L50, tera:Grass|29/100\n|-ability|p2b: Calyrex|As One\n|-ability|p2b: Calyrex|Unnerve\n|switch|p1b: Groudon|Groudon, L50|100/100\n|-weather|SunnyDay|[from] ability: Drought|[of] p1b: Groudon\n|move|p1a: Kingambit|Sucker Punch|p2a: Kyogre\n|-damage|p2a: Kyogre|63/100\n|move|p2a: Kyogre|Water Spout|p1a: Kingambit|[spread] p1a,p1b\n|-supereffective|p1b: Groudon\n|-damage|p1a: Kingambit|51/100\n|-damage|p1b: Groudon|36/100\n|\n|-weather|SunnyDay|[upkeep]\n|-heal|p2a: Kyogre|69/100|[from] Grassy Terrain\n|-heal|p1b: Groudon|42/100|[from] Grassy Terrain\n|-heal|p1a: Kingambit|57/100|[from] Grassy Terrain\n|-heal|p2b: Calyrex|35/100|[from] Grassy Terrain\n|-heal|p2b: Calyrex|41/100|[from] item: Leftovers\n|upkeep\n|turn|5\n|inactive|paradox franco has 30 seconds left.\n|\n|t:|1768405276\n|move|p2a: Kyogre|Water Spout|p1b: Groudon|[spread] p1a,p1b\n|-supereffective|p1b: Groudon\n|-damage|p1a: Kingambit|20/100\n|-damage|p1b: Groudon|0 fnt\n|faint|p1b: Groudon\n|move|p1a: Kingambit|Low Kick|p2b: Calyrex\n|-damage|p2b: Calyrex|14/100\n|move|p2b: Calyrex|Glacial Lance|p1a: Kingambit\n|-resisted|p1a: Kingambit\n|-damage|p1a: Kingambit|0 fnt\n|faint|p1a: Kingambit\n|-ability|p2b: Calyrex|Chilling Neigh|boost\n|-boost|p2b: Calyrex|atk|1\n|\n|-weather|SunnyDay|[upkeep]\n|-heal|p2a: Kyogre|75/100|[from] Grassy Terrain\n|-heal|p2b: Calyrex|20/100|[from] Grassy Terrain\n|-heal|p2b: Calyrex|26/100|[from] item: Leftovers\n|upkeep\n|\n|t:|1768405284\n|switch|p1b: Chi-Yu|Chi-Yu, L50, tera:Ghost|100/100 par\n|switch|p1a: Lunala|Lunala, L50|88/100\n|-ability|p1b: Chi-Yu|Beads of Ruin\n|turn|6\n|\n|t:|1768405299\n|switch|p2a: Rillaboom|Rillaboom, L50, F|41/100\n|move|p2b: Calyrex|Protect|p2b: Calyrex\n|-singleturn|p2b: Calyrex|Protect\n|move|p1a: Lunala|Moongeist Beam|p2b: Calyrex\n|-activate|p2b: Calyrex|move: Protect\n|move|p1b: Chi-Yu|Dark Pulse|p2a: Rillaboom\n|-damage|p2a: Rillaboom|8/100\n|\n|-weather|SunnyDay|[upkeep]\n|-heal|p1a: Lunala|94/100|[from] Grassy Terrain\n|-heal|p2a: Rillaboom|14/100|[from] Grassy Terrain\n|-heal|p2b: Calyrex|31/100|[from] Grassy Terrain\n|-heal|p2b: Calyrex|37/100|[from] item: Leftovers\n|upkeep\n|turn|7\n|\n|t:|1768405322\n|switch|p2a: Kyogre|Kyogre, L50|75/100\n|-weather|RainDance|[from] ability: Drizzle|[of] p2a: Kyogre\n|move|p1a: Lunala|Moongeist Beam|p2b: Calyrex\n|-damage|p2b: Calyrex|0 fnt\n|faint|p2b: Calyrex\n|move|p1b: Chi-Yu|Dark Pulse|p2a: Kyogre\n|-damage|p2a: Kyogre|48/100\n|\n|-weather|RainDance|[upkeep]\n|-heal|p1a: Lunala|100/100|[from] Grassy Terrain\n|-heal|p2a: Kyogre|55/100|[from] Grassy Terrain\n|-fieldend|move: Grassy Terrain\n|upkeep\n|\n|t:|1768405331\n|switch|p2b: Rillaboom|Rillaboom, L50, F|14/100\n|-fieldstart|move: Grassy Terrain|[from] ability: Grassy Surge|[of] p2b: Rillaboom\n|turn|8\n|\n|t:|1768405335\n|move|p1a: Lunala|Moongeist Beam|p2a: Kyogre\n|-damage|p2a: Kyogre|0 fnt\n|faint|p2a: Kyogre\n|move|p1b: Chi-Yu|Dark Pulse|p2b: Rillaboom\n|-damage|p2b: Rillaboom|0 fnt\n|faint|p2b: Rillaboom\n|\n|win|paradox franco\n|raw|paradox franco's rating: 1376 &rarr; <strong>1395</strong><br />(+19 for winning)\n|raw|dthk1216's rating: 1355 &rarr; <strong>1336</strong><br />(-19 for losing)\n|l|\u2606dthk1216\n|player|p2|\n|l|\u2606paradox franco\n|player|p1|\n","uploadtime":1768405535,"views":14,"formatid":"gen9vgc2026regi","rating":1336,"private":0,"password":null}