{"id":"gen9vgc2026regi-2528618567","format":"[Gen 9] VGC 2026 Reg I","players":["ky123456","blackred123"],"log":"|j|\u2606ky123456\n|j|\u2606blackred123\n|t:|1769686772\n|gametype|doubles\n|player|p1|ky123456|cynthia-gen4|1446\n|player|p2|blackred123|iono-masters|1497\n|gen|9\n|tier|[Gen 9] VGC 2026 Reg I\n|rated|\n|rule|Species Clause: Limit one of each Pok\u00e9mon\n|rule|Item Clause: Limit 1 of each item\n|clearpoke\n|poke|p1|Calyrex-Shadow, L50|\n|poke|p1|Zamazenta-*, L50|\n|poke|p1|Roaring Moon, L50|\n|poke|p1|Maushold, L50|\n|poke|p1|Weezing, L50, F|\n|poke|p1|Amoonguss, L50, M|\n|poke|p2|Lunala, L50|\n|poke|p2|Koraidon, L50|\n|poke|p2|Chi-Yu, L50|\n|poke|p2|Flutter Mane, L50|\n|poke|p2|Brute Bonnet, L50|\n|poke|p2|Ursaluna, L50, F|\n|teampreview|4\n|inactive|Battle timer is ON: inactive players will automatically lose when time's up. (requested by blackred123)\n|\n|t:|1769686794\n|teamsize|p1|4\n|teamsize|p2|4\n|start\n|switch|p1a: Zamazenta|Zamazenta-Crowned, L50|100/100\n|switch|p1b: Roaring Moon|Roaring Moon, L50|100/100\n|switch|p2a: Lunala|Lunala, L50, shiny|100/100\n|switch|p2b: Chi-Yu|Chi-Yu, L50|100/100\n|-ability|p2b: Chi-Yu|Beads of Ruin\n|-ability|p1a: Zamazenta|Dauntless Shield|boost\n|-boost|p1a: Zamazenta|def|1\n|-enditem|p1b: Roaring Moon|Booster Energy\n|-activate|p1b: Roaring Moon|ability: Protosynthesis|[fromitem]\n|-start|p1b: Roaring Moon|protosynthesisspe\n|turn|1\n|inactive|blackred123 has 30 seconds left.\n|\n|t:|1769686825\n|-terastallize|p1a: Zamazenta|Dragon\n|move|p1b: Roaring Moon|Knock Off|p2a: Lunala\n|-supereffective|p2a: Lunala\n|-damage|p2a: Lunala|9/100\n|-enditem|p2a: Lunala|Power Herb|[from] move: Knock Off|[of] p1b: Roaring Moon\n|move|p2b: Chi-Yu|Overheat|p1a: Zamazenta|[miss]\n|-miss|p2b: Chi-Yu|p1a: Zamazenta\n|move|p1a: Zamazenta|Body Press|p2b: Chi-Yu\n|-supereffective|p2b: Chi-Yu\n|-damage|p2b: Chi-Yu|0 fnt\n|faint|p2b: Chi-Yu\n|move|p2a: Lunala|Trick Room|p2a: Lunala\n|-fieldstart|move: Trick Room|[of] p2a: Lunala\n|\n|upkeep\n|\n|t:|1769686838\n|switch|p2b: Flutter Mane|Flutter Mane, L50|100/100\n|turn|2\n|\n|t:|1769686858\n|-terastallize|p2b: Flutter Mane|Stellar\n|move|p2a: Lunala|Moongeist Beam|p1a: Zamazenta\n|-damage|p1a: Zamazenta|61/100\n|move|p1a: Zamazenta|Heavy Slam|p2b: Flutter Mane\n|-supereffective|p2b: Flutter Mane\n|-enditem|p2b: Flutter Mane|Focus Sash\n|-damage|p2b: Flutter Mane|1/100\n|move|p2b: Flutter Mane|Moonblast|p1b: Roaring Moon\n|-supereffective|p1b: Roaring Moon\n|-damage|p1b: Roaring Moon|0 fnt\n|faint|p1b: Roaring Moon\n|-end|p1b: Roaring Moon|Protosynthesis|[silent]\n|\n|upkeep\n|\n|t:|1769686871\n|switch|p1b: Maushold|Maushold, L50|100/100\n|turn|3\n|\n|t:|1769686896\n|move|p2b: Flutter Mane|Protect|p2b: Flutter Mane\n|-singleturn|p2b: Flutter Mane|Protect\n|move|p1b: Maushold|Follow Me|p1b: Maushold\n|-singleturn|p1b: Maushold|move: Follow Me\n|move|p2a: Lunala|Meteor Beam||[still]\n|-prepare|p2a: Lunala|Meteor Beam\n|-boost|p2a: Lunala|spa|1\n|move|p1a: Zamazenta|Heavy Slam|p2b: Flutter Mane\n|-activate|p2b: Flutter Mane|move: Protect\n|\n|upkeep\n|turn|4\n|\n|t:|1769686913\n|-end|p2b: Flutter Mane|Protosynthesis|[silent]\n|switch|p2b: Koraidon|Koraidon, L50|100/100\n|-weather|SunnyDay|[from] ability: Orichalcum Pulse|[of] p2b: Koraidon\n|-activate|p2b: Koraidon|Orichalcum Pulse|[source]\n|move|p1b: Maushold|Follow Me|p1b: Maushold\n|-singleturn|p1b: Maushold|move: Follow Me\n|move|p2a: Lunala|Meteor Beam|p1b: Maushold|[from] lockedmove\n|-damage|p1b: Maushold|21/100\n|move|p1a: Zamazenta|Heavy Slam|p2b: Koraidon\n|-damage|p2b: Koraidon|78/100\n|\n|-weather|SunnyDay|[upkeep]\n|upkeep\n|turn|5\n|\n|t:|1769686935\n|move|p2b: Koraidon|Protect|p2b: Koraidon\n|-singleturn|p2b: Koraidon|Protect\n|move|p2a: Lunala|Moongeist Beam|p1a: Zamazenta\n|-damage|p1a: Zamazenta|0 fnt\n|faint|p1a: Zamazenta\n|move|p1b: Maushold|Taunt|p2a: Lunala\n|-start|p2a: Lunala|move: Taunt\n|\n|-weather|SunnyDay|[upkeep]\n|-fieldend|move: Trick Room\n|upkeep\n|\n|t:|1769686942\n|switch|p1a: Calyrex|Calyrex-Shadow, L50|100/100\n|-ability|p1a: Calyrex|As One\n|-ability|p1a: Calyrex|Unnerve\n|turn|6\n|\n|t:|1769686950\n|move|p2b: Koraidon|Protect|p2b: Koraidon\n|-singleturn|p2b: Koraidon|Protect\n|move|p1b: Maushold|Feint|p2b: Koraidon\n|-activate|p2b: Koraidon|move: Feint\n|-damage|p2b: Koraidon|69/100\n|move|p1a: Calyrex|Astral Barrage|p2a: Lunala|[spread] p2a,p2b\n|-supereffective|p2a: Lunala\n|-damage|p2a: Lunala|0 fnt\n|-damage|p2b: Koraidon|0 fnt\n|faint|p2a: Lunala\n|faint|p2b: Koraidon\n|-ability|p1a: Calyrex|Grim Neigh|boost\n|-boost|p1a: Calyrex|spa|2\n|\n|-weather|SunnyDay|[upkeep]\n|upkeep\n|\n|t:|1769686957\n|switch|p2b: Flutter Mane|Flutter Mane, L50, tera:Stellar|1/100\n|-activate|p2b: Flutter Mane|ability: Protosynthesis\n|-start|p2b: Flutter Mane|protosynthesisspe\n|turn|7\n|\n|t:|1769686962\n|move|p1b: Maushold|Follow Me|p1b: Maushold\n|-singleturn|p1b: Maushold|move: Follow Me\n|move|p2b: Flutter Mane|Shadow Ball|p1b: Maushold\n|-immune|p1b: Maushold\n|move|p1a: Calyrex|Astral Barrage|p2b: Flutter Mane\n|-supereffective|p2b: Flutter Mane\n|-crit|p2b: Flutter Mane\n|-damage|p2b: Flutter Mane|0 fnt\n|faint|p2b: Flutter Mane\n|-end|p2b: Flutter Mane|Protosynthesis|[silent]\n|\n|win|ky123456\n|raw|ky123456's rating: 1446 &rarr; <strong>1469</strong><br />(+23 for winning)\n|raw|blackred123's rating: 1497 &rarr; <strong>1474</strong><br />(-23 for losing)\n|l|\u2606blackred123\n|player|p2|\n|l|\u2606ky123456\n|player|p1|\n","uploadtime":1769687221,"views":25,"formatid":"gen9vgc2026regi","rating":1469,"private":0,"password":null}