{"id":"gen9vgc2026regi-2513929068","format":"[Gen 9] VGC 2026 Reg I","players":["Tepig_nNz_498","dasabe\u76d6\u6b27\u5361\u4fa0"],"log":"|j|\u2606Tepig_nNz_498\n|j|\u2606dasabe\u76d6\u6b27\u5361\u4fa0\n|t:|1767801094\n|gametype|doubles\n|player|p1|Tepig_nNz_498|2|1274\n|player|p2|dasabe\u76d6\u6b27\u5361\u4fa0|may-masters4|1362\n|gen|9\n|tier|[Gen 9] VGC 2026 Reg I\n|rated|\n|rule|Species Clause: Limit one of each Pok\u00e9mon\n|rule|Item Clause: Limit 1 of each item\n|clearpoke\n|poke|p1|Whimsicott, L50, F|\n|poke|p1|Reshiram, L50|\n|poke|p1|Incineroar, L50, M|\n|poke|p1|Lilligant-Hisui, L50, F|\n|poke|p1|Brute Bonnet, L50|\n|poke|p1|Koraidon, L50|\n|poke|p2|Kyogre, L50|\n|poke|p2|Miraidon, L50|\n|poke|p2|Whimsicott, L50, F|\n|poke|p2|Iron Hands, L50|\n|poke|p2|Farigiraf, L50, F|\n|poke|p2|Urshifu-*, L50, M|\n|teampreview|4\n|\n|t:|1767801128\n|teamsize|p1|4\n|teamsize|p2|4\n|start\n|switch|p1a: Whimsicott|Whimsicott, L50, F|100/100\n|switch|p1b: Reshiram|Reshiram, L50|100/100\n|switch|p2a: \u5996\u820d\u7cbe\u62c9|Whimsicott, L50, F, shiny|100/100\n|switch|p2b: \u94f6\u91d1\u5996\u86c7|Miraidon, L50, shiny|100/100\n|-fieldstart|move: Electric Terrain|[from] ability: Hadron Engine|[of] p2b: \u94f6\u91d1\u5996\u86c7\n|-ability|p1b: Reshiram|Turboblaze\n|turn|1\n|\n|t:|1767801142\n|move|p1b: Reshiram|Protect|p1b: Reshiram\n|-singleturn|p1b: Reshiram|Protect\n|move|p2a: \u5996\u820d\u7cbe\u62c9|Tailwind|p2a: \u5996\u820d\u7cbe\u62c9\n|-sidestart|p2: dasabe\u76d6\u6b27\u5361\u4fa0|move: Tailwind\n|move|p1a: Whimsicott|Taunt|p2a: \u5996\u820d\u7cbe\u62c9\n|-start|p2a: \u5996\u820d\u7cbe\u62c9|move: Taunt\n|move|p2b: \u94f6\u91d1\u5996\u86c7|Draco Meteor|p1b: Reshiram\n|-activate|p1b: Reshiram|move: Protect\n|\n|upkeep\n|turn|2\n|\n|t:|1767801181\n|-terastallize|p2b: \u94f6\u91d1\u5996\u86c7|Fairy\n|-terastallize|p1b: Reshiram|Fire\n|move|p2a: \u5996\u820d\u7cbe\u62c9|Moonblast|p1b: Reshiram\n|-resisted|p1b: Reshiram\n|-damage|p1b: Reshiram|87/100\n|-unboost|p1b: Reshiram|spa|1\n|move|p2b: \u94f6\u91d1\u5996\u86c7|Dazzling Gleam|p1b: Reshiram|[spread] p1a,p1b\n|-resisted|p1b: Reshiram\n|-damage|p1a: Whimsicott|20/100\n|-damage|p1b: Reshiram|64/100\n|-damage|p2b: \u94f6\u91d1\u5996\u86c7|91/100|[from] item: Life Orb\n|move|p1a: Whimsicott|Moonblast|p2b: \u94f6\u91d1\u5996\u86c7\n|-damage|p2b: \u94f6\u91d1\u5996\u86c7|69/100\n|move|p1b: Reshiram|Heat Wave|p2a: \u5996\u820d\u7cbe\u62c9|[spread] p2a,p2b\n|-supereffective|p2a: \u5996\u820d\u7cbe\u62c9\n|-enditem|p2a: \u5996\u820d\u7cbe\u62c9|Focus Sash\n|-damage|p2a: \u5996\u820d\u7cbe\u62c9|1/100\n|-damage|p2b: \u94f6\u91d1\u5996\u86c7|25/100\n|-damage|p1b: Reshiram|54/100|[from] item: Life Orb\n|\n|upkeep\n|turn|3\n|\n|t:|1767801200\n|move|p1b: Reshiram|Protect|p1b: Reshiram\n|-singleturn|p1b: Reshiram|Protect\n|move|p1a: Whimsicott|Tailwind|p1a: Whimsicott\n|-sidestart|p1: Tepig_nNz_498|move: Tailwind\n|move|p2a: \u5996\u820d\u7cbe\u62c9|Moonblast|p1a: Whimsicott\n|-damage|p1a: Whimsicott|0 fnt\n|faint|p1a: Whimsicott\n|move|p2b: \u94f6\u91d1\u5996\u86c7|Electro Drift|p1b: Reshiram\n|-activate|p1b: Reshiram|move: Protect\n|\n|upkeep\n|\n|t:|1767801216\n|switch|p1a: Lilligant|Lilligant-Hisui, L50, F|100/100\n|turn|4\n|\n|t:|1767801222\n|switch|p2a: \u5c0f\u5934\u63a7\u5927\u5934|Farigiraf, L50, F, shiny|100/100\n|-enditem|p2a: \u5c0f\u5934\u63a7\u5927\u5934|Electric Seed\n|-boost|p2a: \u5c0f\u5934\u63a7\u5927\u5934|def|1|[from] item: Electric Seed\n|switch|p1b: Koraidon|Koraidon, L50|100/100\n|-weather|SunnyDay|[from] ability: Orichalcum Pulse|[of] p1b: Koraidon\n|-activate|p1b: Koraidon|Orichalcum Pulse|[source]\n|move|p1a: Lilligant|Solar Blade||[still]\n|-prepare|p1a: Lilligant|Solar Blade\n|-anim|p1a: Lilligant|Solar Blade|p2b: \u94f6\u91d1\u5996\u86c7\n|-damage|p2b: \u94f6\u91d1\u5996\u86c7|0 fnt\n|faint|p2b: \u94f6\u91d1\u5996\u86c7\n|\n|-weather|SunnyDay|[upkeep]\n|-sideend|p2: dasabe\u76d6\u6b27\u5361\u4fa0|move: Tailwind\n|upkeep\n|\n|t:|1767801227\n|switch|p2b: \u6210\u90fd\u8001\u76d6|Kyogre, L50, shiny|100/100\n|-weather|RainDance|[from] ability: Drizzle|[of] p2b: \u6210\u90fd\u8001\u76d6\n|turn|5\n|\n|t:|1767801240\n|move|p1b: Koraidon|Close Combat|p2b: \u6210\u90fd\u8001\u76d6\n|-damage|p2b: \u6210\u90fd\u8001\u76d6|28/100\n|-unboost|p1b: Koraidon|def|1\n|-unboost|p1b: Koraidon|spd|1\n|-enditem|p1b: Koraidon|Eject Pack\n|\n|t:|1767801243\n|switch|p1b: Reshiram|Reshiram, L50, tera:Fire|54/100\n|-ability|p1b: Reshiram|Turboblaze\n|move|p1a: Lilligant|Solar Blade||[still]\n|-prepare|p1a: Lilligant|Solar Blade\n|move|p2b: \u6210\u90fd\u8001\u76d6|Origin Pulse|p1a: Lilligant|[spread] p1b\n|-miss|p2b: \u6210\u90fd\u8001\u76d6|p1a: Lilligant\n|-supereffective|p1b: Reshiram\n|-damage|p1b: Reshiram|0 fnt\n|faint|p1b: Reshiram\n|move|p2a: \u5c0f\u5934\u63a7\u5927\u5934|Trick Room|p2a: \u5c0f\u5934\u63a7\u5927\u5934\n|-fieldstart|move: Trick Room|[of] p2a: \u5c0f\u5934\u63a7\u5927\u5934\n|\n|-weather|RainDance|[upkeep]\n|-fieldend|move: Electric Terrain\n|upkeep\n|\n|t:|1767801262\n|switch|p1b: Koraidon|Koraidon, L50|100/100\n|-weather|SunnyDay|[from] ability: Orichalcum Pulse|[of] p1b: Koraidon\n|-activate|p1b: Koraidon|Orichalcum Pulse|[source]\n|turn|6\n|\n|t:|1767801268\n|switch|p2b: \u5996\u820d\u7cbe\u62c9|Whimsicott, L50, F, shiny|1/100\n|move|p2a: \u5c0f\u5934\u63a7\u5927\u5934|Psychic|p1a: Lilligant\n|-supereffective|p1a: Lilligant\n|-damage|p1a: Lilligant|4/100\n|move|p1b: Koraidon|Dragon Claw|p2b: \u5996\u820d\u7cbe\u62c9\n|-immune|p2b: \u5996\u820d\u7cbe\u62c9\n|move|p1a: Lilligant|Solar Blade|p2b: \u5996\u820d\u7cbe\u62c9|[from] lockedmove\n|-resisted|p2b: \u5996\u820d\u7cbe\u62c9\n|-damage|p2b: \u5996\u820d\u7cbe\u62c9|0 fnt\n|faint|p2b: \u5996\u820d\u7cbe\u62c9\n|\n|-weather|SunnyDay|[upkeep]\n|-sideend|p1: Tepig_nNz_498|move: Tailwind\n|upkeep\n|\n|t:|1767801270\n|switch|p2b: \u6210\u90fd\u8001\u76d6|Kyogre, L50, shiny|28/100\n|-weather|RainDance|[from] ability: Drizzle|[of] p2b: \u6210\u90fd\u8001\u76d6\n|turn|7\n|\n|t:|1767801282\n|move|p2a: \u5c0f\u5934\u63a7\u5927\u5934|Psychic|p1a: Lilligant\n|-supereffective|p1a: Lilligant\n|-damage|p1a: Lilligant|0 fnt\n|faint|p1a: Lilligant\n|move|p2b: \u6210\u90fd\u8001\u76d6|Ice Beam|p1b: Koraidon\n|-supereffective|p1b: Koraidon\n|-damage|p1b: Koraidon|0 fnt\n|faint|p1b: Koraidon\n|\n|win|dasabe\u76d6\u6b27\u5361\u4fa0\n|raw|Tepig_nNz_498's rating: 1274 &rarr; <strong>1255</strong><br />(-19 for losing)\n|raw|dasabe\u76d6\u6b27\u5361\u4fa0's rating: 1362 &rarr; <strong>1377</strong><br />(+15 for winning)\n|l|\u2606Tepig_nNz_498\n|player|p1|\n|l|\u2606dasabe\u76d6\u6b27\u5361\u4fa0\n|player|p2|\n","uploadtime":1767801428,"views":12,"formatid":"gen9vgc2026regi","rating":1255,"private":0,"password":null}