{"id":"gen9vgc2026regi-2566693375","format":"[Gen 9] VGC 2026 Reg I","players":["hovertical","slimeslatt252"],"log":"|j|\u2606hovertical\n|j|\u2606slimeslatt252\n|t:|1774398917\n|gametype|doubles\n|player|p1|hovertical|2|1372\n|player|p2|slimeslatt252|170|1490\n|gen|9\n|tier|[Gen 9] VGC 2026 Reg I\n|rated|\n|rule|Species Clause: Limit one of each Pok\u00e9mon\n|rule|Item Clause: Limit 1 of each item\n|clearpoke\n|poke|p1|Miraidon, L50|\n|poke|p1|Iron Hands, L50|\n|poke|p1|Ho-Oh, L50|\n|poke|p1|Farigiraf, L50, F|\n|poke|p1|Grimmsnarl, L50, M|\n|poke|p1|Iron Treads, L50|\n|poke|p2|Calyrex-Shadow, L50|\n|poke|p2|Koraidon, L50|\n|poke|p2|Incineroar, L50, M|\n|poke|p2|Raging Bolt, L50|\n|poke|p2|Brute Bonnet, L50|\n|poke|p2|Landorus, L50, M|\n|teampreview|4\n|inactive|Battle timer is ON: inactive players will automatically lose when time's up. (requested by slimeslatt252)\n|inactive|hovertical also wants the timer to be on.\n|\n|t:|1774398943\n|teamsize|p1|4\n|teamsize|p2|4\n|start\n|switch|p1a: Miraidon|Miraidon, L50|100/100\n|switch|p1b: Iron Treads|Iron Treads, L50|100/100\n|switch|p2a: raging dingus|Raging Bolt, L50|100/100\n|switch|p2b: Incineroar|Incineroar, L50, M|100/100\n|-fieldstart|move: Electric Terrain|[from] ability: Hadron Engine|[of] p1a: Miraidon\n|-activate|p1b: Iron Treads|ability: Quark Drive\n|-start|p1b: Iron Treads|quarkdrivespe\n|-ability|p2b: Incineroar|Intimidate|boost\n|-unboost|p1a: Miraidon|atk|1\n|-unboost|p1b: Iron Treads|atk|1\n|turn|1\n|\n|t:|1774398964\n|switch|p1a: Farigiraf|Farigiraf, L50, F|100/100\n|-enditem|p1a: Farigiraf|Electric Seed\n|-boost|p1a: Farigiraf|def|1|[from] item: Electric Seed\n|-end|p2a: raging dingus|Protosynthesis|[silent]\n|switch|p2a: Landorus|Landorus, L50, M|100/100\n|move|p1b: Iron Treads|High Horsepower|p2a: Landorus\n|-immune|p2a: Landorus\n|move|p2b: Incineroar|Knock Off|p1b: Iron Treads\n|-damage|p1b: Iron Treads|62/100\n|-enditem|p1b: Iron Treads|Life Orb|[from] move: Knock Off|[of] p2b: Incineroar\n|\n|upkeep\n|turn|2\n|\n|t:|1774398986\n|-end|p1b: Iron Treads|Quark Drive|[silent]\n|switch|p1b: Ho-Oh|Ho-Oh, L50|100/100\n|move|p2b: Incineroar|Helping Hand|p2a: Landorus\n|-singleturn|p2a: Landorus|Helping Hand|[of] p2b: Incineroar\n|move|p2a: Landorus|Sandsear Storm|p1b: Ho-Oh|[spread] p1a\n|-immune|p1b: Ho-Oh\n|-damage|p1a: Farigiraf|25/100\n|move|p1a: Farigiraf|Trick Room|p1a: Farigiraf\n|-fieldstart|move: Trick Room|[of] p1a: Farigiraf\n|\n|upkeep\n|turn|3\n|inactive|hovertical has 30 seconds left.\n|\n|t:|1774399014\n|switch|p1a: Iron Treads|Iron Treads, L50|62/100\n|-activate|p1a: Iron Treads|ability: Quark Drive\n|-start|p1a: Iron Treads|quarkdrivespe\n|move|p2a: Landorus|Protect|p2a: Landorus\n|-singleturn|p2a: Landorus|Protect\n|move|p2b: Incineroar|Knock Off|p1b: Ho-Oh\n|-damage|p1b: Ho-Oh|72/100\n|-enditem|p1b: Ho-Oh|Leftovers|[from] move: Knock Off|[of] p2b: Incineroar\n|move|p1b: Ho-Oh|Sacred Fire|p2a: Landorus\n|-activate|p2a: Landorus|move: Protect\n|\n|upkeep\n|turn|4\n|inactive|hovertical has 30 seconds left.\n|\n|t:|1774399041\n|move|p2b: Incineroar|Parting Shot|p1b: Ho-Oh\n|-unboost|p1b: Ho-Oh|atk|1\n|-unboost|p1b: Ho-Oh|spa|1\n|\n|t:|1774399049\n|switch|p2b: raging dingus|Raging Bolt, L50|100/100|[from] Parting Shot\n|move|p1b: Ho-Oh|Sacred Fire|p2a: Landorus\n|-damage|p2a: Landorus|66/100\n|-status|p2a: Landorus|brn\n|move|p2a: Landorus|Earth Power|p1a: Iron Treads\n|-supereffective|p1a: Iron Treads\n|-damage|p1a: Iron Treads|0 fnt\n|faint|p1a: Iron Treads\n|-end|p1a: Iron Treads|Quark Drive|[silent]\n|\n|-damage|p2a: Landorus|60/100 brn|[from] brn\n|upkeep\n|\n|t:|1774399064\n|switch|p1a: Miraidon|Miraidon, L50|100/100\n|-activate|p1a: Miraidon|ability: Hadron Engine\n|turn|5\n|\n|t:|1774399080\n|-terastallize|p1a: Miraidon|Fairy\n|move|p1b: Ho-Oh|Protect|p1b: Ho-Oh\n|-singleturn|p1b: Ho-Oh|Protect\n|move|p2b: raging dingus|Thunderbolt|p1a: Miraidon\n|-damage|p1a: Miraidon|54/100\n|move|p2a: Landorus|Earth Power|p1a: Miraidon\n|-damage|p1a: Miraidon|10/100\n|move|p1a: Miraidon|Dazzling Gleam|p2b: raging dingus|[spread] p2a,p2b\n|-supereffective|p2b: raging dingus\n|-damage|p2a: Landorus|4/100 brn\n|-damage|p2b: raging dingus|31/100\n|\n|-damage|p2a: Landorus|0 fnt|[from] brn\n|faint|p2a: Landorus\n|-fieldend|move: Electric Terrain\n|upkeep\n|\n|t:|1774399092\n|switch|p2a: Calyrex|Calyrex-Shadow, L50|100/100\n|-ability|p2a: Calyrex|As One\n|-ability|p2a: Calyrex|Unnerve\n|turn|6\n|\n|t:|1774399104\n|switch|p1a: Farigiraf|Farigiraf, L50, F|25/100\n|-terastallize|p2a: Calyrex|Ghost\n|move|p2b: raging dingus|Volt Switch|p1a: Farigiraf\n|-damage|p1a: Farigiraf|0 fnt\n|faint|p1a: Farigiraf\n|\n|t:|1774399110\n|-end|p2b: raging dingus|Protosynthesis|[silent]\n|switch|p2b: Incineroar|Incineroar, L50, M|100/100|[from] Volt Switch\n|-ability|p2b: Incineroar|Intimidate|boost\n|-unboost|p1b: Ho-Oh|atk|1\n|move|p1b: Ho-Oh|Tailwind|p1b: Ho-Oh\n|-sidestart|p1: hovertical|move: Tailwind\n|move|p2a: Calyrex|Astral Barrage|p1b: Ho-Oh\n|-damage|p1b: Ho-Oh|16/100\n|\n|-fieldend|move: Trick Room\n|upkeep\n|\n|t:|1774399124\n|switch|p1a: Miraidon|Miraidon, L50, tera:Fairy|10/100\n|-fieldstart|move: Electric Terrain|[from] ability: Hadron Engine|[of] p1a: Miraidon\n|turn|7\n|\n|t:|1774399131\n|move|p2b: Incineroar|Fake Out|p1a: Miraidon\n|-damage|p1a: Miraidon|2/100\n|cant|p1a: Miraidon|flinch\n|move|p1b: Ho-Oh|Sacred Fire|p2a: Calyrex\n|-damage|p2a: Calyrex|72/100\n|-status|p2a: Calyrex|brn\n|move|p2a: Calyrex|Astral Barrage|p1b: Ho-Oh|[spread] p1a,p1b\n|-damage|p1a: Miraidon|0 fnt\n|-damage|p1b: Ho-Oh|0 fnt\n|faint|p1a: Miraidon\n|faint|p1b: Ho-Oh\n|\n|win|slimeslatt252\n|raw|hovertical's rating: 1372 &rarr; <strong>1359</strong><br />(-13 for losing)\n|raw|slimeslatt252's rating: 1490 &rarr; <strong>1503</strong><br />(+13 for winning)\n|l|\u2606hovertical\n|player|p1|\n|l|\u2606slimeslatt252\n|player|p2|\n","uploadtime":1774399286,"views":10,"formatid":"gen9vgc2026regi","rating":1359,"private":0,"password":null}