{"id":"gen9vgc2026regi-2575602184","format":"[Gen 9] VGC 2026 Reg I","players":["blackred123","TheManOfSausage"],"log":"|j|\u2606blackred123\n|j|\u2606TheManOfSausage\n|t:|1775373793\n|gametype|doubles\n|player|p1|blackred123|iono-masters|1572\n|player|p2|TheManOfSausage|miku-water|1516\n|gen|9\n|tier|[Gen 9] VGC 2026 Reg I\n|rated|\n|rule|Species Clause: Limit one of each Pok\u00e9mon\n|rule|Item Clause: Limit 1 of each item\n|clearpoke\n|poke|p1|Kyogre, L50|\n|poke|p1|Zamazenta-*, L50|\n|poke|p1|Chien-Pao, L50|\n|poke|p1|Amoonguss, L50, F|\n|poke|p1|Dragonite, L50, F|\n|poke|p1|Rillaboom, L50, F|\n|poke|p2|Calyrex-Shadow, L50|\n|poke|p2|Zamazenta-*, L50|\n|poke|p2|Amoonguss, L50, F|\n|poke|p2|Chien-Pao, L50|\n|poke|p2|Dragonite, L50, M|\n|poke|p2|Raging Bolt, L50|\n|teampreview|4\n|inactive|Battle timer is ON: inactive players will automatically lose when time's up. (requested by blackred123)\nTheManOfSausage has agreed to open team sheets.\n|inactive|TheManOfSausage has 60 seconds left.\n|\n|t:|1775373826\n|teamsize|p1|4\n|teamsize|p2|4\n|start\n|switch|p1a: Zamazenta|Zamazenta-Crowned, L50|100/100\n|switch|p1b: Chien-Pao|Chien-Pao, L50|100/100\n|switch|p2a: Zamazenta|Zamazenta-Crowned, L50|100/100\n|switch|p2b: Amoonguss|Amoonguss, L50, F|100/100\n|-ability|p1b: Chien-Pao|Sword of Ruin\n|-ability|p2a: Zamazenta|Dauntless Shield|boost\n|-boost|p2a: Zamazenta|def|1\n|-ability|p1a: Zamazenta|Dauntless Shield|boost\n|-boost|p1a: Zamazenta|def|1\n|turn|1\n|\n|t:|1775373848\n|-terastallize|p1a: Zamazenta|Grass\n|move|p2b: Amoonguss|Protect|p2b: Amoonguss\n|-singleturn|p2b: Amoonguss|Protect\n|move|p1b: Chien-Pao|Taunt|p2b: Amoonguss\n|-activate|p2b: Amoonguss|move: Protect\n|move|p2a: Zamazenta|Body Press|p1a: Zamazenta\n|-damage|p1a: Zamazenta|64/100\n|move|p1a: Zamazenta|Imprison|p1a: Zamazenta\n|-start|p1a: Zamazenta|move: Imprison\n|\n|upkeep\n|turn|2\n|\n|t:|1775373864\n|switch|p2a: Rice Shower|Calyrex-Shadow, L50|100/100\n|-ability|p2a: Rice Shower|As One\n|-ability|p2a: Rice Shower|Unnerve\n|move|p1b: Chien-Pao|Ice Spinner|p2b: Amoonguss\n|-supereffective|p2b: Amoonguss\n|-damage|p2b: Amoonguss|5/100\n|-damage|p1b: Chien-Pao|84/100|[from] item: Rocky Helmet|[of] p2b: Amoonguss\n|move|p1a: Zamazenta|Heavy Slam|p2b: Amoonguss\n|-crit|p2b: Amoonguss\n|-damage|p2b: Amoonguss|0 fnt\n|-damage|p1a: Zamazenta|47/100|[from] item: Rocky Helmet|[of] p2b: Amoonguss\n|faint|p2b: Amoonguss\n|\n|upkeep\n|\n|t:|1775373870\n|switch|p2b: Chien-Pao|Chien-Pao, L50|100/100\n|-ability|p2b: Chien-Pao|Sword of Ruin\n|turn|3\n|\n|t:|1775373889\n|move|p2a: Rice Shower|Protect|p2a: Rice Shower\n|-singleturn|p2a: Rice Shower|Protect\n|move|p2b: Chien-Pao|Ice Spinner|p1a: Zamazenta\n|-supereffective|p1a: Zamazenta\n|-damage|p1a: Zamazenta|0 fnt\n|faint|p1a: Zamazenta\n|-damage|p2b: Chien-Pao|91/100|[from] item: Life Orb\n|move|p1b: Chien-Pao|Ice Spinner|p2b: Chien-Pao\n|-resisted|p2b: Chien-Pao\n|-damage|p2b: Chien-Pao|66/100\n|\n|upkeep\n|\n|t:|1775373895\n|switch|p1a: Kyogre|Kyogre, L50|100/100\n|-weather|RainDance|[from] ability: Drizzle|[of] p1a: Kyogre\n|turn|4\n|\n|t:|1775373901\n|-terastallize|p2a: Rice Shower|Ghost\n|move|p1b: Chien-Pao|Sucker Punch|p2a: Rice Shower\n|-supereffective|p2a: Rice Shower\n|-enditem|p2a: Rice Shower|Focus Sash\n|-damage|p2a: Rice Shower|1/100\n|move|p1a: Kyogre|Origin Pulse|p2a: Rice Shower|[spread] p2a\n|-miss|p1a: Kyogre|p2b: Chien-Pao\n|-damage|p2a: Rice Shower|0 fnt\n|faint|p2a: Rice Shower\n|move|p2b: Chien-Pao|Crunch|p1a: Kyogre\n|-damage|p1a: Kyogre|22/100\n|-damage|p2b: Chien-Pao|56/100|[from] item: Life Orb\n|\n|-weather|RainDance|[upkeep]\n|upkeep\n|\n|t:|1775373904\n|switch|p2a: Zamazenta|Zamazenta-Crowned, L50|100/100\n|turn|5\n|\n|t:|1775373921\n|switch|p1a: Dragonite|Dragonite, L50, F|100/100\n|move|p1b: Chien-Pao|Protect|p1b: Chien-Pao\n|-singleturn|p1b: Chien-Pao|Protect\n|move|p2b: Chien-Pao|Sucker Punch||[still]\n|-fail|p2b: Chien-Pao\n|move|p2a: Zamazenta|Body Press|p1b: Chien-Pao\n|-activate|p1b: Chien-Pao|move: Protect\n|\n|-weather|RainDance|[upkeep]\n|upkeep\n|turn|6\n|\n|t:|1775373936\n|move|p2b: Chien-Pao|Protect|p2b: Chien-Pao\n|-singleturn|p2b: Chien-Pao|Protect\n|move|p1a: Dragonite|Extreme Speed|p2b: Chien-Pao\n|-activate|p2b: Chien-Pao|move: Protect\n|move|p1b: Chien-Pao|Taunt|p2a: Zamazenta\n|-start|p2a: Zamazenta|move: Taunt\n|move|p2a: Zamazenta|Body Press|p1b: Chien-Pao\n|-supereffective|p1b: Chien-Pao\n|-damage|p1b: Chien-Pao|0 fnt\n|faint|p1b: Chien-Pao\n|\n|-weather|RainDance|[upkeep]\n|upkeep\n|\n|t:|1775373939\n|switch|p1b: Kyogre|Kyogre, L50|22/100\n|turn|7\n|\n|t:|1775373946\n|move|p2b: Chien-Pao|Protect||[still]\n|-fail|p2b: Chien-Pao\n|move|p1a: Dragonite|Extreme Speed|p2b: Chien-Pao\n|-damage|p2b: Chien-Pao|0 fnt\n|faint|p2b: Chien-Pao\n|move|p1b: Kyogre|Origin Pulse|p2a: Zamazenta\n|-damage|p2a: Zamazenta|23/100\n|move|p2a: Zamazenta|Body Press|p1b: Kyogre\n|-damage|p1b: Kyogre|0 fnt\n|faint|p1b: Kyogre\n|\n|-weather|RainDance|[upkeep]\n|upkeep\n|turn|8\n|\n|t:|1775373958\n|move|p1a: Dragonite|Extreme Speed|p2a: Zamazenta\n|-resisted|p2a: Zamazenta\n|-damage|p2a: Zamazenta|10/100\n|move|p2a: Zamazenta|Heavy Slam|p1a: Dragonite\n|-damage|p1a: Dragonite|69/100\n|\n|-weather|none\n|-end|p2a: Zamazenta|move: Taunt\n|upkeep\n|turn|9\n|\n|t:|1775373965\n|move|p2a: Zamazenta|Protect|p2a: Zamazenta\n|-singleturn|p2a: Zamazenta|Protect\n|move|p1a: Dragonite|Extreme Speed|p2a: Zamazenta\n|-activate|p2a: Zamazenta|move: Protect\n|\n|upkeep\n|turn|10\n|\n|t:|1775373967\n|move|p1a: Dragonite|Extreme Speed|p2a: Zamazenta\n|-resisted|p2a: Zamazenta\n|-damage|p2a: Zamazenta|0 fnt\n|faint|p2a: Zamazenta\n|\n|win|blackred123\n|raw|blackred123's rating: 1572 &rarr; <strong>1589</strong><br />(+17 for winning)\n|raw|TheManOfSausage's rating: 1516 &rarr; <strong>1499</strong><br />(-17 for losing)\n|c|\u2606TheManOfSausage|gg\n|l|\u2606TheManOfSausage\n|player|p2|\n","uploadtime":1775374066,"views":10,"formatid":"gen9vgc2026regi","rating":1499,"private":0,"password":null}