{"id":"gen9vgc2026regi-2552719694","format":"[Gen 9] VGC 2026 Reg I","players":["CHR1SPHX","ServantOfTheLORD"],"log":"|j|\u2606CHR1SPHX\n|j|\u2606ServantOfTheLORD\n|t:|1772746590\n|gametype|doubles\n|player|p1|CHR1SPHX|hilbert|1276\n|player|p2|ServantOfTheLORD|n|1483\n|gen|9\n|tier|[Gen 9] VGC 2026 Reg I\n|rated|\n|rule|Species Clause: Limit one of each Pok\u00e9mon\n|rule|Item Clause: Limit 1 of each item\n|clearpoke\n|poke|p1|Lunala, L50|\n|poke|p1|Amoonguss, L50, M|\n|poke|p1|Ursaluna-Bloodmoon, L50, M|\n|poke|p1|Incineroar, L50, M|\n|poke|p1|Koraidon, L50|\n|poke|p1|Flutter Mane, L50|\n|poke|p2|Luxray, L50, M|\n|poke|p2|Koraidon, L50|\n|poke|p2|Flutter Mane, L50|\n|poke|p2|Groudon, L50|\n|poke|p2|Venusaur, L50, M|\n|poke|p2|Torkoal, L50, M|\n|teampreview|4\n|inactive|Battle timer is ON: inactive players will automatically lose when time's up. (requested by ServantOfTheLORD)\n|inactive|CHR1SPHX also wants the timer to be on.\n|inactive|ServantOfTheLORD has 60 seconds left.\n|\n|t:|1772746636\n|teamsize|p1|4\n|teamsize|p2|4\n|start\n|switch|p1a: Lunala|Lunala, L50, shiny|100/100\n|switch|p1b: Incineroar|Incineroar, L50, M|100/100\n|switch|p2a: Groudon|Groudon, L50|100/100\n|switch|p2b: Venusaur|Venusaur, L50, M|100/100\n|-weather|SunnyDay|[from] ability: Drought|[of] p2a: Groudon\n|-ability|p1b: Incineroar|Intimidate|boost\n|-unboost|p2a: Groudon|atk|1\n|-unboost|p2b: Venusaur|atk|1\n|turn|1\n|\n|t:|1772746650\n|move|p1a: Lunala|Wide Guard|p1a: Lunala\n|-singleturn|p1a: Lunala|Wide Guard\n|move|p1b: Incineroar|Fake Out|p2b: Venusaur\n|-damage|p2b: Venusaur|86/100\n|move|p2b: Venusaur|Sleep Powder|p1a: Lunala\n|-status|p1a: Lunala|slp|[from] move: Sleep Powder\n|move|p2a: Groudon|Precipice Blades|p1a: Lunala|[spread] \n|-activate|p1a: Lunala|move: Wide Guard\n|-activate|p1b: Incineroar|move: Wide Guard\n|\n|-weather|SunnyDay|[upkeep]\n|upkeep\n|turn|2\n|\n|t:|1772746670\n|switch|p1a: Amoonguss|Amoonguss, L50, M, shiny|100/100\n|move|p2b: Venusaur|Sludge Bomb|p1b: Incineroar\n|-damage|p1b: Incineroar|72/100\n|move|p2a: Groudon|Stomping Tantrum|p1b: Incineroar\n|-supereffective|p1b: Incineroar\n|-damage|p1b: Incineroar|18/100\n|move|p1b: Incineroar|Parting Shot|p2a: Groudon\n|-unboost|p2a: Groudon|atk|1\n|-unboost|p2a: Groudon|spa|1\n|\n|t:|1772746685\n|switch|p1b: Lunala|Lunala, L50, shiny|100/100 slp|[from] Parting Shot\n|\n|-weather|SunnyDay|[upkeep]\n|upkeep\n|turn|3\n|inactive|CHR1SPHX has 30 seconds left.\n|\n|t:|1772746711\n|switch|p2a: Luxray|Luxray, L50, M|100/100\n|-ability|p2a: Luxray|Intimidate|boost\n|-unboost|p1a: Amoonguss|atk|1\n|-unboost|p1b: Lunala|atk|1\n|switch|p1a: Incineroar|Incineroar, L50, M|18/100\n|-ability|p1a: Incineroar|Intimidate|boost\n|-unboost|p2a: Luxray|atk|1\n|-unboost|p2b: Venusaur|atk|1\n|move|p2b: Venusaur|Solar Beam||[still]\n|-prepare|p2b: Venusaur|Solar Beam\n|-anim|p2b: Venusaur|Solar Beam|p1b: Lunala\n|-damage|p1b: Lunala|83/100 slp\n|cant|p1b: Lunala|slp\n|\n|-weather|SunnyDay|[upkeep]\n|upkeep\n|turn|4\n|\n|t:|1772746730\n|move|p1a: Incineroar|Fake Out|p2a: Luxray\n|-damage|p2a: Luxray|89/100\n|-damage|p1a: Incineroar|2/100|[from] item: Rocky Helmet|[of] p2a: Luxray\n|move|p2b: Venusaur|Sludge Bomb|p1a: Incineroar\n|-damage|p1a: Incineroar|0 fnt\n|faint|p1a: Incineroar\n|cant|p2a: Luxray|flinch\n|cant|p1b: Lunala|slp\n|\n|-weather|SunnyDay|[upkeep]\n|upkeep\n|\n|t:|1772746738\n|switch|p1a: Amoonguss|Amoonguss, L50, M, shiny|100/100\n|turn|5\n|\n|t:|1772746744\n|move|p2b: Venusaur|Solar Beam||[still]\n|-prepare|p2b: Venusaur|Solar Beam\n|-anim|p2b: Venusaur|Solar Beam|p1b: Lunala\n|-damage|p1b: Lunala|43/100 slp\n|move|p2a: Luxray|Snarl|p1b: Lunala|[spread] p1a,p1b\n|-supereffective|p1b: Lunala\n|-damage|p1a: Amoonguss|93/100\n|-damage|p1b: Lunala|19/100 slp\n|-unboost|p1a: Amoonguss|spa|1\n|-unboost|p1b: Lunala|spa|1\n|move|p1a: Amoonguss|Spore|p2a: Luxray\n|-status|p2a: Luxray|slp|[from] move: Spore\n|-curestatus|p1b: Lunala|slp|[msg]\n|move|p1b: Lunala|Trick Room|p1b: Lunala\n|-fieldstart|move: Trick Room|[of] p1b: Lunala\n|\n|-weather|none\n|upkeep\n|turn|6\n|inactive|CHR1SPHX has 30 seconds left.\n|\n|t:|1772746777\n|switch|p1b: Ursaluna|Ursaluna-Bloodmoon, L50, M|100/100\n|move|p2b: Venusaur|Protect|p2b: Venusaur\n|-singleturn|p2b: Venusaur|Protect\n|move|p1a: Amoonguss|Sludge Bomb|p2b: Venusaur\n|-activate|p2b: Venusaur|move: Protect\n|cant|p2a: Luxray|slp\n|\n|upkeep\n|turn|7\n|\n|t:|1772746795\n|move|p1a: Amoonguss|Sludge Bomb|p2b: Venusaur\n|-damage|p2b: Venusaur|66/100\n|move|p1b: Ursaluna|Blood Moon|p2b: Venusaur\n|-damage|p2b: Venusaur|0 fnt\n|faint|p2b: Venusaur\n|-damage|p1b: Ursaluna|91/100|[from] item: Life Orb\n|cant|p2a: Luxray|slp\n|\n|upkeep\n|\n|t:|1772746802\n|switch|p2b: Groudon|Groudon, L50|100/100\n|-weather|SunnyDay|[from] ability: Drought|[of] p2b: Groudon\n|turn|8\n|\n|t:|1772746808\n|move|p1a: Amoonguss|Spore|p2b: Groudon\n|-status|p2b: Groudon|slp|[from] move: Spore\n|move|p1b: Ursaluna|Hyper Voice|p2b: Groudon|[spread] p2a,p2b\n|-damage|p2a: Luxray|52/100 slp\n|-damage|p2b: Groudon|74/100 slp\n|-damage|p1b: Ursaluna|81/100|[from] item: Life Orb\n|-curestatus|p2a: Luxray|slp|[msg]\n|move|p2a: Luxray|Snarl|p1a: Amoonguss|[spread] p1a,p1b\n|-damage|p1a: Amoonguss|86/100\n|-damage|p1b: Ursaluna|72/100\n|-unboost|p1a: Amoonguss|spa|1\n|-unboost|p1b: Ursaluna|spa|1\n|cant|p2b: Groudon|slp\n|\n|-weather|SunnyDay|[upkeep]\n|upkeep\n|turn|9\n|\n|t:|1772746825\n|move|p2a: Luxray|Protect|p2a: Luxray\n|-singleturn|p2a: Luxray|Protect\n|move|p1a: Amoonguss|Spore|p2a: Luxray\n|-activate|p2a: Luxray|move: Protect\n|move|p1b: Ursaluna|Blood Moon|p2b: Groudon\n|-damage|p2b: Groudon|34/100 slp\n|-damage|p1b: Ursaluna|63/100|[from] item: Life Orb\n|-curestatus|p2b: Groudon|slp|[msg]\n|move|p2b: Groudon|Precipice Blades|p1b: Ursaluna|[spread] p1a,p1b\n|-damage|p1a: Amoonguss|41/100\n|-damage|p1b: Ursaluna|22/100\n|\n|-weather|SunnyDay|[upkeep]\n|-fieldend|move: Trick Room\n|upkeep\n|turn|10\n|inactive|CHR1SPHX has 30 seconds left.\n|\n|t:|1772746852\n|-terastallize|p1a: Amoonguss|Water\n|move|p1b: Ursaluna|Protect|p1b: Ursaluna\n|-singleturn|p1b: Ursaluna|Protect\n|move|p2b: Groudon|Precipice Blades|p1b: Ursaluna|[spread] p1a\n|-activate|p1b: Ursaluna|move: Protect\n|-damage|p1a: Amoonguss|0 fnt\n|faint|p1a: Amoonguss\n|move|p2a: Luxray|Snarl|p1b: Ursaluna\n|-activate|p1b: Ursaluna|move: Protect\n|\n|-weather|SunnyDay|[upkeep]\n|upkeep\n|\n|t:|1772746862\n|switch|p1a: Lunala|Lunala, L50, shiny|19/100\n|turn|11\n|\n|t:|1772746872\n|move|p1a: Lunala|Wide Guard|p1a: Lunala\n|-singleturn|p1a: Lunala|Wide Guard\n|move|p2b: Groudon|Fire Punch|p1b: Ursaluna\n|-damage|p1b: Ursaluna|0 fnt\n|faint|p1b: Ursaluna\n|move|p2a: Luxray|Volt Switch|p1a: Lunala\n|-damage|p1a: Lunala|3/100\n|\n|t:|1772746875\n|switch|p2a: Koraidon|Koraidon, L50|100/100|[from] Volt Switch\n|-activate|p2a: Koraidon|ability: Orichalcum Pulse\n|\n|-weather|SunnyDay|[upkeep]\n|upkeep\n|turn|12\n|\n|t:|1772746879\n|move|p2a: Koraidon|Flame Charge|p1a: Lunala\n|-damage|p1a: Lunala|0 fnt\n|-boost|p2a: Koraidon|spe|1\n|faint|p1a: Lunala\n|\n|win|ServantOfTheLORD\n|raw|CHR1SPHX's rating: 1276 &rarr; <strong>1264</strong><br />(-12 for losing)\n|raw|ServantOfTheLORD's rating: 1483 &rarr; <strong>1492</strong><br />(+9 for winning)\n","uploadtime":1772746883,"views":14,"formatid":"gen9vgc2026regi","rating":1264,"private":0,"password":null}