{"id":"gen9vgc2026regi-2580011451","format":"[Gen 9] VGC 2026 Reg I","players":["Luca8","Kyawster"],"log":"|j|\u2606Luca8\n|j|\u2606Kyawster\n|t:|1775846316\n|gametype|doubles\n|player|p1|Luca8|flint|1448\n|player|p2|Kyawster|unknown|1357\n|gen|9\n|tier|[Gen 9] VGC 2026 Reg I\n|rated|\n|rule|Species Clause: Limit one of each Pok\u00e9mon\n|rule|Item Clause: Limit 1 of each item\n|clearpoke\n|poke|p1|Zamazenta-*, L50|\n|poke|p1|Indeedee-F, L50, F|\n|poke|p1|Torkoal, L50, F|\n|poke|p1|Fezandipiti, L50, M|\n|poke|p1|Raging Bolt, L50|\n|poke|p1|Calyrex-Shadow, L50|\n|poke|p2|Calyrex-Ice, L50|\n|poke|p2|Miraidon, L50|\n|poke|p2|Grimmsnarl, L50, M|\n|poke|p2|Urshifu-*, L50, M|\n|poke|p2|Incineroar, L50, F|\n|poke|p2|Landorus, L50, M|\n|teampreview|4\n|inactive|Battle timer is ON: inactive players will automatically lose when time's up. (requested by Kyawster)\n|\n|t:|1775846338\n|teamsize|p1|4\n|teamsize|p2|4\n|start\n|switch|p1a: Indeedee|Indeedee-F, L50, F|100/100\n|switch|p1b: Zamazenta|Zamazenta-Crowned, L50|100/100\n|switch|p2a: Calyrex|Calyrex-Ice, L50|100/100\n|switch|p2b: Grimmsnarl|Grimmsnarl, L50, M|100/100\n|-ability|p2a: Calyrex|As One\n|-ability|p2a: Calyrex|Unnerve\n|-ability|p1b: Zamazenta|Dauntless Shield|boost\n|-boost|p1b: Zamazenta|def|1\n|-fieldstart|move: Psychic Terrain|[from] ability: Psychic Surge|[of] p1a: Indeedee\n|turn|1\n|\n|t:|1775846357\n|move|p1a: Indeedee|Follow Me|p1a: Indeedee\n|-singleturn|p1a: Indeedee|move: Follow Me\n|move|p2b: Grimmsnarl|Reflect|p2b: Grimmsnarl\n|-sidestart|p2: Kyawster|Reflect\n|move|p1b: Zamazenta|Heavy Slam|p2b: Grimmsnarl\n|-supereffective|p2b: Grimmsnarl\n|-damage|p2b: Grimmsnarl|27/100\n|move|p2a: Calyrex|Leech Seed|p1a: Indeedee\n|-start|p1a: Indeedee|move: Leech Seed\n|\n|-damage|p1a: Indeedee|88/100|[from] Leech Seed|[of] p2a: Calyrex\n|upkeep\n|turn|2\n|\n|t:|1775846378\n|switch|p1a: Fezandipiti|Fezandipiti, L50, M|100/100\n|move|p2a: Calyrex|Protect|p2a: Calyrex\n|-singleturn|p2a: Calyrex|Protect\n|move|p2b: Grimmsnarl|Light Screen|p2b: Grimmsnarl\n|-sidestart|p2: Kyawster|move: Light Screen\n|move|p1b: Zamazenta|Heavy Slam|p2b: Grimmsnarl\n|-supereffective|p2b: Grimmsnarl\n|-damage|p2b: Grimmsnarl|0 fnt\n|faint|p2b: Grimmsnarl\n|\n|upkeep\n|\n|t:|1775846382\n|switch|p2b: Miraidon|Miraidon, L50|100/100\n|-fieldstart|move: Electric Terrain|[from] ability: Hadron Engine|[of] p2b: Miraidon\n|turn|3\n|inactive|Luca8 has 30 seconds left.\n|\n|t:|1775846409\n|switch|p1a: Indeedee|Indeedee-F, L50, F|88/100\n|-fieldstart|move: Psychic Terrain|[from] ability: Psychic Surge|[of] p1a: Indeedee\n|move|p2b: Miraidon|Electro Drift|p1a: Indeedee\n|-damage|p1a: Indeedee|22/100\n|-damage|p2b: Miraidon|84/100|[from] item: Rocky Helmet|[of] p1a: Indeedee\n|move|p1b: Zamazenta|Body Press|p2b: Miraidon\n|-damage|p2b: Miraidon|51/100\n|move|p2a: Calyrex|Glacial Lance|p1b: Zamazenta|[spread] p1a,p1b\n|-resisted|p1b: Zamazenta\n|-damage|p1a: Indeedee|0 fnt\n|-damage|p1b: Zamazenta|90/100\n|faint|p1a: Indeedee\n|-ability|p2a: Calyrex|Chilling Neigh|boost\n|-boost|p2a: Calyrex|atk|1\n|\n|upkeep\n|\n|t:|1775846427\n|switch|p1a: Calyrex|Calyrex-Shadow, L50|100/100\n|-ability|p1a: Calyrex|As One\n|-ability|p1a: Calyrex|Unnerve\n|turn|4\n|inactive|Luca8 has 30 seconds left.\n|\n|t:|1775846458\n|-terastallize|p2a: Calyrex|Water\n|move|p1a: Calyrex|Protect|p1a: Calyrex\n|-singleturn|p1a: Calyrex|Protect\n|move|p2b: Miraidon|Electro Drift|p1a: Calyrex\n|-activate|p1a: Calyrex|move: Protect\n|move|p1b: Zamazenta|Iron Defense|p1b: Zamazenta\n|-boost|p1b: Zamazenta|def|2\n|move|p2a: Calyrex|Glacial Lance|p1b: Zamazenta|[spread] p1b\n|-activate|p1a: Calyrex|move: Protect\n|-resisted|p1b: Zamazenta\n|-damage|p1b: Zamazenta|81/100\n|\n|upkeep\n|turn|5\n|\n|t:|1775846483\n|move|p1a: Calyrex|Psychic|p2a: Calyrex\n|-damage|p2a: Calyrex|68/100\n|-unboost|p2a: Calyrex|spd|1\n|move|p2b: Miraidon|Electro Drift|p1a: Calyrex\n|-damage|p1a: Calyrex|25/100\n|move|p1b: Zamazenta|Body Press|p2b: Miraidon\n|-damage|p2b: Miraidon|0 fnt\n|faint|p2b: Miraidon\n|move|p2a: Calyrex|Leech Seed|p1b: Zamazenta\n|-start|p1b: Zamazenta|move: Leech Seed\n|\n|-heal|p2a: Calyrex|73/100|[from] item: Leftovers\n|-damage|p1b: Zamazenta|69/100|[from] Leech Seed|[of] p2a: Calyrex\n|-heal|p2a: Calyrex|85/100|[silent]\n|upkeep\n|\n|t:|1775846497\n|switch|p2b: Landorus|Landorus, L50, M|100/100\n|turn|6\n|\n|t:|1775846509\n|-terastallize|p1b: Zamazenta|Fighting\n|move|p2a: Calyrex|Protect|p2a: Calyrex\n|-singleturn|p2a: Calyrex|Protect\n|move|p1a: Calyrex|Astral Barrage|p2b: Landorus|[spread] p2b\n|-activate|p2a: Calyrex|move: Protect\n|-damage|p2b: Landorus|63/100\n|move|p1b: Zamazenta|Body Press|p2b: Landorus\n|-resisted|p2b: Landorus\n|-damage|p2b: Landorus|15/100\n|move|p2b: Landorus|Earth Power|p1a: Calyrex\n|-damage|p1a: Calyrex|0 fnt\n|faint|p1a: Calyrex\n|\n|-heal|p2a: Calyrex|91/100|[from] item: Leftovers\n|-damage|p1b: Zamazenta|57/100|[from] Leech Seed|[of] p2a: Calyrex\n|-heal|p2a: Calyrex|100/100|[silent]\n|upkeep\n|\n|t:|1775846530\n|switch|p1a: Fezandipiti|Fezandipiti, L50, M|100/100\n|turn|7\n|\n|t:|1775846539\n|move|p2b: Landorus|Protect|p2b: Landorus\n|-singleturn|p2b: Landorus|Protect\n|move|p1b: Zamazenta|Body Press|p2b: Landorus\n|-activate|p2b: Landorus|move: Protect\n|move|p1a: Fezandipiti|Sludge Bomb|p2a: Calyrex\n|-damage|p2a: Calyrex|86/100\n|move|p2a: Calyrex|Glacial Lance|p1b: Zamazenta|[spread] p1a,p1b\n|-damage|p1a: Fezandipiti|22/100\n|-damage|p1b: Zamazenta|36/100\n|\n|-heal|p2a: Calyrex|91/100|[from] item: Leftovers\n|-damage|p1b: Zamazenta|24/100|[from] Leech Seed|[of] p2a: Calyrex\n|-heal|p2a: Calyrex|100/100|[silent]\n|-fieldend|move: Psychic Terrain\n|upkeep\n|turn|8\n|\n|t:|1775846559\n|move|p1b: Zamazenta|Body Press|p2b: Landorus\n|-resisted|p2b: Landorus\n|-damage|p2b: Landorus|0 fnt\n|faint|p2b: Landorus\n|move|p1a: Fezandipiti|Sludge Bomb|p2a: Calyrex\n|-damage|p2a: Calyrex|86/100\n|-status|p2a: Calyrex|psn\n|move|p2a: Calyrex|Glacial Lance|p1b: Zamazenta|[spread] p1a,p1b\n|-damage|p1a: Fezandipiti|0 fnt\n|-damage|p1b: Zamazenta|4/100\n|faint|p1a: Fezandipiti\n|-ability|p2a: Calyrex|Chilling Neigh|boost\n|-boost|p2a: Calyrex|atk|1\n|\n|-heal|p2a: Calyrex|92/100 psn|[from] item: Leftovers\n|-damage|p1b: Zamazenta|0 fnt|[from] Leech Seed|[of] p2a: Calyrex\n|-heal|p2a: Calyrex|96/100 psn|[silent]\n|faint|p1b: Zamazenta\n|\n|win|Kyawster\n|raw|Luca8's rating: 1448 &rarr; <strong>1423</strong><br />(-25 for losing)\n|raw|Kyawster's rating: 1357 &rarr; <strong>1382</strong><br />(+25 for winning)\n|l|\u2606Luca8\n|player|p1|\n|c|\u2606Kyawster|GG\n|l|\u2606Kyawster\n|player|p2|\n","uploadtime":1775846783,"views":10,"formatid":"gen9vgc2026regi","rating":1382,"private":0,"password":null}