{"id":"gen9vgc2026regi-2561950435","format":"[Gen 9] VGC 2026 Reg I","players":["fernsthedruids","theboyparris"],"log":"|j|\u2606fernsthedruids\n|j|\u2606theboyparris\n|t:|1773857432\n|gametype|doubles\n|player|p1|fernsthedruids|2|1382\n|player|p2|theboyparris|policeman|1498\n|gen|9\n|tier|[Gen 9] VGC 2026 Reg I\n|rated|\n|rule|Species Clause: Limit one of each Pok\u00e9mon\n|rule|Item Clause: Limit 1 of each item\n|clearpoke\n|poke|p1|Kyogre, L50|\n|poke|p1|Calyrex-Ice, L50|\n|poke|p1|Raging Bolt, L50|\n|poke|p1|Tornadus, L50, M|\n|poke|p1|Incineroar, L50, F|\n|poke|p1|Basculegion, L50, M|\n|poke|p2|Calyrex-Shadow, L50|\n|poke|p2|Miraidon, L50|\n|poke|p2|Grimmsnarl, L50, M|\n|poke|p2|Iron Hands, L50|\n|poke|p2|Iron Jugulis, L50|\n|poke|p2|Iron Treads, L50|\n|teampreview|4\n|inactive|Battle timer is ON: inactive players will automatically lose when time's up. (requested by theboyparris)\n|inactive|fernsthedruids has 60 seconds left.\n|inactive|theboyparris has 60 seconds left.\n|inactive|fernsthedruids has 30 seconds left.\n|inactive|fernsthedruids has 20 seconds left.\n|inactive|fernsthedruids has 15 seconds left.\n|\n|t:|1773857508\n|teamsize|p1|4\n|teamsize|p2|4\n|start\n|switch|p1a: Incineroar|Incineroar, L50, F|100/100\n|switch|p1b: Calyrex|Calyrex-Ice, L50|100/100\n|switch|p2a: Grimmsnarl|Grimmsnarl, L50, M, shiny|100/100\n|switch|p2b: Miraidon|Miraidon, L50|100/100\n|-ability|p1b: Calyrex|As One\n|-ability|p1b: Calyrex|Unnerve\n|-fieldstart|move: Electric Terrain|[from] ability: Hadron Engine|[of] p2b: Miraidon\n|-ability|p1a: Incineroar|Intimidate|boost\n|-unboost|p2a: Grimmsnarl|atk|1\n|-unboost|p2b: Miraidon|atk|1\n|turn|1\n|\n|t:|1773857520\n|switch|p2b: Iron Hands|Iron Hands, L50|100/100\n|-activate|p2b: Iron Hands|ability: Quark Drive\n|-start|p2b: Iron Hands|quarkdriveatk\n|move|p1a: Incineroar|Fake Out|p2a: Grimmsnarl\n|-damage|p2a: Grimmsnarl|90/100\n|cant|p2a: Grimmsnarl|flinch\n|move|p1b: Calyrex|Glacial Lance|p2a: Grimmsnarl|[spread] p2a,p2b\n|-damage|p2a: Grimmsnarl|37/100\n|-damage|p2b: Iron Hands|63/100\n|\n|upkeep\n|turn|2\n|\n|t:|1773857535\n|move|p2a: Grimmsnarl|Reflect|p2a: Grimmsnarl\n|-sidestart|p2: theboyparris|Reflect\n|move|p2b: Iron Hands|Drain Punch|p1a: Incineroar\n|-supereffective|p1a: Incineroar\n|-damage|p1a: Incineroar|32/100\n|-heal|p2b: Iron Hands|92/100|[from] drain|[of] p1a: Incineroar\n|move|p1a: Incineroar|Will-O-Wisp|p2b: Iron Hands\n|-status|p2b: Iron Hands|brn\n|move|p1b: Calyrex|Glacial Lance|p2b: Iron Hands|[spread] p2a,p2b\n|-damage|p2a: Grimmsnarl|2/100\n|-damage|p2b: Iron Hands|65/100 brn\n|\n|-damage|p2b: Iron Hands|59/100 brn|[from] brn\n|upkeep\n|turn|3\n|inactive|fernsthedruids has 30 seconds left.\n|inactive|theboyparris has 30 seconds left.\n|\n|t:|1773857564\n|switch|p1a: Basculegion|Basculegion, L50, M|100/100\n|move|p2b: Iron Hands|Wild Charge|p1a: Basculegion\n|-supereffective|p1a: Basculegion\n|-enditem|p1a: Basculegion|Focus Sash\n|-damage|p1a: Basculegion|1/100\n|-damage|p2b: Iron Hands|38/100 brn|[from] Recoil\n|move|p2a: Grimmsnarl|Spirit Break|p1a: Basculegion\n|-damage|p1a: Basculegion|0 fnt\n|faint|p1a: Basculegion\n|move|p1b: Calyrex|Glacial Lance|p2a: Grimmsnarl|[spread] p2a,p2b\n|-damage|p2a: Grimmsnarl|0 fnt\n|-damage|p2b: Iron Hands|10/100 brn\n|faint|p2a: Grimmsnarl\n|-ability|p1b: Calyrex|Chilling Neigh|boost\n|-boost|p1b: Calyrex|atk|1\n|\n|-damage|p2b: Iron Hands|4/100 brn|[from] brn\n|upkeep\n|\n|t:|1773857578\n|switch|p1a: Kyogre|Kyogre, L50|100/100\n|switch|p2a: Calyrex|Calyrex-Shadow, L50|100/100\n|-ability|p2a: Calyrex|As One\n|-ability|p2a: Calyrex|Unnerve\n|-weather|RainDance|[from] ability: Drizzle|[of] p1a: Kyogre\n|-enditem|p2a: Calyrex|Electric Seed\n|-boost|p2a: Calyrex|def|1|[from] item: Electric Seed\n|turn|4\n|\n|t:|1773857594\n|-terastallize|p1b: Calyrex|Dragon\n|move|p2a: Calyrex|Astral Barrage|p1a: Kyogre|[spread] p1a,p1b\n|-crit|p1b: Calyrex\n|-damage|p1a: Kyogre|69/100\n|-damage|p1b: Calyrex|56/100\n|move|p1a: Kyogre|Water Spout|p2b: Iron Hands|[spread] p2a,p2b\n|-damage|p2a: Calyrex|19/100\n|-damage|p2b: Iron Hands|0 fnt\n|faint|p2b: Iron Hands\n|-end|p2b: Iron Hands|Quark Drive|[silent]\n|move|p1b: Calyrex|Trick Room|p1b: Calyrex\n|-fieldstart|move: Trick Room|[of] p1b: Calyrex\n|\n|-weather|RainDance|[upkeep]\n|upkeep\n|\n|t:|1773857596\n|switch|p2b: Miraidon|Miraidon, L50|100/100\n|-activate|p2b: Miraidon|ability: Hadron Engine\n|turn|5\n|c|\u2606fernsthedruids|fish go bonk\n|inactive|theboyparris has 30 seconds left.\n|inactive|theboyparris has 20 seconds left.\n|\n|t:|1773857633\n|move|p2a: Calyrex|Protect|p2a: Calyrex\n|-singleturn|p2a: Calyrex|Protect\n|move|p1b: Calyrex|Glacial Lance|p2b: Miraidon|[spread] p2b\n|-activate|p2a: Calyrex|move: Protect\n|-supereffective|p2b: Miraidon\n|-damage|p2b: Miraidon|21/100\n|move|p1a: Kyogre|Water Spout|p2a: Calyrex|[spread] p2b\n|-activate|p2a: Calyrex|move: Protect\n|-resisted|p2b: Miraidon\n|-damage|p2b: Miraidon|0 fnt\n|faint|p2b: Miraidon\n|\n|-weather|RainDance|[upkeep]\n|-fieldend|move: Electric Terrain\n|upkeep\n|turn|6\n|-message|theboyparris forfeited.\n|\n|win|fernsthedruids\n|raw|fernsthedruids's rating: 1382 &rarr; <strong>1408</strong><br />(+26 for winning)\n|raw|theboyparris's rating: 1498 &rarr; <strong>1472</strong><br />(-26 for losing)\n|l|\u2606theboyparris\n|player|p2|\n|c|\u2606fernsthedruids|gg\n|l|\u2606fernsthedruids\n|player|p1|\n","uploadtime":1773857874,"views":7,"formatid":"gen9vgc2026regi","rating":1408,"private":0,"password":null}