{"id":"gen9vgc2026regi-2547473585","format":"[Gen 9] VGC 2026 Reg I","players":["blackred123","EllenJoe2026"],"log":"|j|\u2606blackred123\n|j|\u2606EllenJoe2026\n|t:|1772094810\n|gametype|doubles\n|player|p1|blackred123|iono-masters|1382\n|player|p2|EllenJoe2026|iono|1531\n|gen|9\n|tier|[Gen 9] VGC 2026 Reg I\n|rated|\n|rule|Species Clause: Limit one of each Pok\u00e9mon\n|rule|Item Clause: Limit 1 of each item\n|clearpoke\n|poke|p1|Calyrex-Shadow, L50|\n|poke|p1|Zamazenta-*, L50|\n|poke|p1|Incineroar, L50, M|\n|poke|p1|Rillaboom, L50, M|\n|poke|p1|Ogerpon-Cornerstone, L50, F|\n|poke|p1|Tornadus, L50, M|\n|poke|p2|Calyrex-Shadow, L50|\n|poke|p2|Zamazenta-*, L50|\n|poke|p2|Incineroar, L50, F|\n|poke|p2|Rillaboom, L50, F|\n|poke|p2|Ogerpon-Cornerstone, L50, F|\n|poke|p2|Tornadus, L50, M|\n|teampreview|4\n|inactive|Battle timer is ON: inactive players will automatically lose when time's up. (requested by EllenJoe2026)\n|inactive|blackred123 also wants the timer to be on.\n|j| Specnier\n|inactive|blackred123 has 60 seconds left.\n|\n|t:|1772094847\n|teamsize|p1|4\n|teamsize|p2|4\n|start\n|switch|p1a: \u54c7\u8884\uff08\u72d7\u53eb\u58f0\uff09|Zamazenta-Crowned, L50|100/100\n|switch|p1b: \u68cd\u7236|Tornadus, L50, M|100/100\n|switch|p2a: Calyrex|Calyrex-Shadow, L50|100/100\n|switch|p2b: Incineroar|Incineroar, L50, F, shiny|100/100\n|-ability|p2a: Calyrex|As One\n|-ability|p2a: Calyrex|Unnerve\n|-ability|p1a: \u54c7\u8884\uff08\u72d7\u53eb\u58f0\uff09|Dauntless Shield|boost\n|-boost|p1a: \u54c7\u8884\uff08\u72d7\u53eb\u58f0\uff09|def|1\n|-ability|p2b: Incineroar|Intimidate|boost\n|-unboost|p1a: \u54c7\u8884\uff08\u72d7\u53eb\u58f0\uff09|atk|1\n|-unboost|p1b: \u68cd\u7236|atk|1\n|turn|1\n|\n|t:|1772094864\n|move|p1a: \u54c7\u8884\uff08\u72d7\u53eb\u58f0\uff09|Wide Guard|p1a: \u54c7\u8884\uff08\u72d7\u53eb\u58f0\uff09\n|-singleturn|p1a: \u54c7\u8884\uff08\u72d7\u53eb\u58f0\uff09|Wide Guard\n|move|p2b: Incineroar|Fake Out|p1a: \u54c7\u8884\uff08\u72d7\u53eb\u58f0\uff09\n|-resisted|p1a: \u54c7\u8884\uff08\u72d7\u53eb\u58f0\uff09\n|-damage|p1a: \u54c7\u8884\uff08\u72d7\u53eb\u58f0\uff09|99/100\n|move|p2a: Calyrex|Nasty Plot|p2a: Calyrex\n|-boost|p2a: Calyrex|spa|2\n|move|p1b: \u68cd\u7236|Bleakwind Storm|p2b: Incineroar|[spread] p2a,p2b\n|-damage|p2a: Calyrex|71/100\n|-damage|p2b: Incineroar|75/100\n|\n|upkeep\n|turn|2\n|inactive|blackred123 has 30 seconds left.\n|\n|t:|1772094890\n|move|p2a: Calyrex|Protect|p2a: Calyrex\n|-singleturn|p2a: Calyrex|Protect\n|move|p1b: \u68cd\u7236|Tailwind|p1b: \u68cd\u7236\n|-sidestart|p1: blackred123|move: Tailwind\n|move|p1a: \u54c7\u8884\uff08\u72d7\u53eb\u58f0\uff09|Body Press|p2b: Incineroar\n|-supereffective|p2b: Incineroar\n|-damage|p2b: Incineroar|0 fnt\n|faint|p2b: Incineroar\n|\n|upkeep\n|\n|t:|1772094899\n|switch|p2b: Tornadus|Tornadus, L50, M, shiny|100/100\n|turn|3\n|\n|t:|1772094918\n|move|p1a: \u54c7\u8884\uff08\u72d7\u53eb\u58f0\uff09|Wide Guard|p1a: \u54c7\u8884\uff08\u72d7\u53eb\u58f0\uff09\n|-singleturn|p1a: \u54c7\u8884\uff08\u72d7\u53eb\u58f0\uff09|Wide Guard\n|move|p1b: \u68cd\u7236|Taunt|p2b: Tornadus\n|-start|p2b: Tornadus|move: Taunt\n|-enditem|p2b: Tornadus|Mental Herb\n|-end|p2b: Tornadus|move: Taunt\n|move|p2b: Tornadus|Tailwind|p2b: Tornadus\n|-sidestart|p2: EllenJoe2026|move: Tailwind\n|move|p2a: Calyrex|Psychic|p1b: \u68cd\u7236\n|-damage|p1b: \u68cd\u7236|0 fnt\n|faint|p1b: \u68cd\u7236\n|-ability|p2a: Calyrex|Grim Neigh|boost\n|-boost|p2a: Calyrex|spa|1\n|\n|upkeep\n|\n|t:|1772094932\n|switch|p1b: \u5636\u9a6c\u51a0\u54e5|Calyrex-Shadow, L50|100/100\n|-ability|p1b: \u5636\u9a6c\u51a0\u54e5|As One\n|-ability|p1b: \u5636\u9a6c\u51a0\u54e5|Unnerve\n|turn|4\n|inactive|EllenJoe2026 has 30 seconds left.\n|\n|t:|1772094959\n|-terastallize|p2a: Calyrex|Dark\n|-terastallize|p1b: \u5636\u9a6c\u51a0\u54e5|Dark\n|move|p1a: \u54c7\u8884\uff08\u72d7\u53eb\u58f0\uff09|Wide Guard|p1a: \u54c7\u8884\uff08\u72d7\u53eb\u58f0\uff09\n|-singleturn|p1a: \u54c7\u8884\uff08\u72d7\u53eb\u58f0\uff09|Wide Guard\n|move|p2a: Calyrex|Psychic|p1a: \u54c7\u8884\uff08\u72d7\u53eb\u58f0\uff09\n|-damage|p1a: \u54c7\u8884\uff08\u72d7\u53eb\u58f0\uff09|9/100\n|move|p1b: \u5636\u9a6c\u51a0\u54e5|Astral Barrage|p2b: Tornadus|[spread] p2a,p2b\n|-resisted|p2a: Calyrex\n|-damage|p2a: Calyrex|39/100\n|-damage|p2b: Tornadus|36/100\n|move|p2b: Tornadus|Bleakwind Storm|p1a: \u54c7\u8884\uff08\u72d7\u53eb\u58f0\uff09|[spread] \n|-activate|p1a: \u54c7\u8884\uff08\u72d7\u53eb\u58f0\uff09|move: Wide Guard\n|-activate|p1b: \u5636\u9a6c\u51a0\u54e5|move: Wide Guard\n|\n|upkeep\n|turn|5\n|j| Yancy0721\u56fe\u56fe\u72ac\u4fa0\n|\n|t:|1772094982\n|move|p2a: Calyrex|Protect|p2a: Calyrex\n|-singleturn|p2a: Calyrex|Protect\n|move|p1a: \u54c7\u8884\uff08\u72d7\u53eb\u58f0\uff09|Wide Guard|p1a: \u54c7\u8884\uff08\u72d7\u53eb\u58f0\uff09\n|-singleturn|p1a: \u54c7\u8884\uff08\u72d7\u53eb\u58f0\uff09|Wide Guard\n|move|p1b: \u5636\u9a6c\u51a0\u54e5|Astral Barrage|p2a: Calyrex|[spread] p2b\n|-activate|p2a: Calyrex|move: Protect\n|-damage|p2b: Tornadus|0 fnt\n|faint|p2b: Tornadus\n|-ability|p1b: \u5636\u9a6c\u51a0\u54e5|Grim Neigh|boost\n|-boost|p1b: \u5636\u9a6c\u51a0\u54e5|spa|1\n|\n|-sideend|p1: blackred123|move: Tailwind\n|upkeep\n|\n|t:|1772094988\n|switch|p2b: Zamazenta|Zamazenta-Crowned, L50, shiny|100/100\n|-ability|p2b: Zamazenta|Dauntless Shield|boost\n|-boost|p2b: Zamazenta|def|1\n|turn|6\n|\n|t:|1772095004\n|move|p1b: \u5636\u9a6c\u51a0\u54e5|Protect|p1b: \u5636\u9a6c\u51a0\u54e5\n|-singleturn|p1b: \u5636\u9a6c\u51a0\u54e5|Protect\n|move|p1a: \u54c7\u8884\uff08\u72d7\u53eb\u58f0\uff09|Wide Guard|p1a: \u54c7\u8884\uff08\u72d7\u53eb\u58f0\uff09\n|-singleturn|p1a: \u54c7\u8884\uff08\u72d7\u53eb\u58f0\uff09|Wide Guard\n|move|p2a: Calyrex|Psychic|p1a: \u54c7\u8884\uff08\u72d7\u53eb\u58f0\uff09\n|-damage|p1a: \u54c7\u8884\uff08\u72d7\u53eb\u58f0\uff09|0 fnt\n|faint|p1a: \u54c7\u8884\uff08\u72d7\u53eb\u58f0\uff09\n|-ability|p2a: Calyrex|Grim Neigh|boost\n|-boost|p2a: Calyrex|spa|1\n|move|p2b: Zamazenta|Body Press|p1b: \u5636\u9a6c\u51a0\u54e5\n|-activate|p1b: \u5636\u9a6c\u51a0\u54e5|move: Protect\n|\n|-sideend|p2: EllenJoe2026|move: Tailwind\n|upkeep\n|\n|t:|1772095007\n|switch|p1a: \u6211\u559c\u6b22\u4f60|Ogerpon-Cornerstone, L50, F|100/100\n|turn|7\n|j| Yancy2077\u56fe\u56fe\u72ac\u4fa0\n|l| Specnier\n|c| Yancy2077\u56fe\u56fe\u72ac\u4fa0|\ud83d\udc40\n|\n|t:|1772095028\n|move|p2a: Calyrex|Protect|p2a: Calyrex\n|-singleturn|p2a: Calyrex|Protect\n|move|p1b: \u5636\u9a6c\u51a0\u54e5|Astral Barrage|p2b: Zamazenta|[spread] p2b\n|-activate|p2a: Calyrex|move: Protect\n|-damage|p2b: Zamazenta|37/100\n|move|p1a: \u6211\u559c\u6b22\u4f60|Ivy Cudgel|p2a: Calyrex|[anim] Ivy Cudgel Rock\n|-activate|p2a: Calyrex|move: Protect\n|move|p2b: Zamazenta|Body Press|p1a: \u6211\u559c\u6b22\u4f60\n|-supereffective|p1a: \u6211\u559c\u6b22\u4f60\n|-ability|p1a: \u6211\u559c\u6b22\u4f60|Sturdy\n|-damage|p1a: \u6211\u559c\u6b22\u4f60|1/100\n|\n|upkeep\n|turn|8\n|\n|t:|1772095041\n|move|p2b: Zamazenta|Wide Guard|p2b: Zamazenta\n|-singleturn|p2b: Zamazenta|Wide Guard\n|move|p1b: \u5636\u9a6c\u51a0\u54e5|Encore|p2a: Calyrex\n|-start|p2a: Calyrex|Encore\n|move|p2a: Calyrex|Protect||[still]\n|-fail|p2a: Calyrex\n|move|p1a: \u6211\u559c\u6b22\u4f60|Ivy Cudgel|p2b: Zamazenta|[anim] Ivy Cudgel Rock\n|-resisted|p2b: Zamazenta\n|-damage|p2b: Zamazenta|31/100\n|\n|upkeep\n|turn|9\n|\n|t:|1772095052\n|move|p2a: Calyrex|Protect|p2a: Calyrex\n|-singleturn|p2a: Calyrex|Protect\n|move|p2b: Zamazenta|Wide Guard|p2b: Zamazenta\n|-singleturn|p2b: Zamazenta|Wide Guard\n|move|p1b: \u5636\u9a6c\u51a0\u54e5|Psychic|p2b: Zamazenta\n|-damage|p2b: Zamazenta|0 fnt\n|faint|p2b: Zamazenta\n|-ability|p1b: \u5636\u9a6c\u51a0\u54e5|Grim Neigh|boost\n|-boost|p1b: \u5636\u9a6c\u51a0\u54e5|spa|1\n|move|p1a: \u6211\u559c\u6b22\u4f60|Ivy Cudgel|p2a: Calyrex|[anim] Ivy Cudgel Rock\n|-activate|p2a: Calyrex|move: Protect\n|\n|upkeep\n|turn|10\n|c| Yancy0721\u56fe\u56fe\u72ac\u4fa0|\u4f60\u662f\u8c01\ud83e\udd14\n|\n|t:|1772095059\n|move|p2a: Calyrex|Protect||[still]\n|-fail|p2a: Calyrex\n|move|p1b: \u5636\u9a6c\u51a0\u54e5|Astral Barrage|p2a: Calyrex\n|-resisted|p2a: Calyrex\n|-damage|p2a: Calyrex|0 fnt\n|faint|p2a: Calyrex\n|\n|win|blackred123\n|raw|blackred123's rating: 1382 &rarr; <strong>1410</strong><br />(+28 for winning)\n|raw|EllenJoe2026's rating: 1531 &rarr; <strong>1503</strong><br />(-28 for losing)\n|l|\u2606EllenJoe2026\n|player|p2|\n","uploadtime":1772095067,"views":13,"formatid":"gen9vgc2026regi","rating":1410,"private":0,"password":null}