{"id":"gen9vgc2026regi-2553089550","format":"[Gen 9] VGC 2026 Reg I","players":["jd8erh","cesaretuc"],"log":"|j|\u2606jd8erh\n|j|\u2606cesaretuc\n|t:|1772796965\n|gametype|doubles\n|player|p1|jd8erh|2|1386\n|player|p2|cesaretuc|silver|1265\n|gen|9\n|tier|[Gen 9] VGC 2026 Reg I\n|rated|\n|rule|Species Clause: Limit one of each Pok\u00e9mon\n|rule|Item Clause: Limit 1 of each item\n|clearpoke\n|poke|p1|Calyrex-Ice, L50|\n|poke|p1|Miraidon, L50|\n|poke|p1|Incineroar, L50, M|\n|poke|p1|Ogerpon-Hearthflame, L50, F|\n|poke|p1|Urshifu-*, L50, F|\n|poke|p1|Farigiraf, L50, M|\n|poke|p2|Dialga-Origin, L50|\n|poke|p2|Miraidon, L50|\n|poke|p2|Ursaluna, L50, M|\n|poke|p2|Iron Hands, L50|\n|poke|p2|Oranguru, L50, M|\n|poke|p2|Murkrow, L50, F|\n|teampreview|4\n|inactive|Battle timer is ON: inactive players will automatically lose when time's up. (requested by jd8erh)\n|inactive|cesaretuc has 60 seconds left.\n|inactive|jd8erh has 60 seconds left.\n|inactive|cesaretuc has 30 seconds left.\n|\n|t:|1772797031\n|teamsize|p1|4\n|teamsize|p2|4\n|start\n|switch|p1a: Calyrex|Calyrex-Ice, L50|100/100\n|switch|p1b: Ogerpon|Ogerpon-Hearthflame, L50, F|100/100\n|switch|p2a: Dialga|Dialga-Origin, L50, shiny|100/100\n|switch|p2b: Miraidon|Miraidon, L50|100/100\n|-ability|p1a: Calyrex|As One\n|-ability|p1a: Calyrex|Unnerve\n|-fieldstart|move: Electric Terrain|[from] ability: Hadron Engine|[of] p2b: Miraidon\n|-ability|p1b: Ogerpon|Mold Breaker\n|turn|1\n|inactive|cesaretuc has 30 seconds left.\n|\n|t:|1772797061\n|-terastallize|p2b: Miraidon|Electric\n|move|p1b: Ogerpon|Follow Me|p1b: Ogerpon\n|-singleturn|p1b: Ogerpon|move: Follow Me\n|move|p2b: Miraidon|Discharge|p1a: Calyrex|[spread] p1a,p1b\n|-activate|p2a: Dialga|ability: Telepathy\n|-resisted|p1b: Ogerpon\n|-damage|p1a: Calyrex|31/100\n|-damage|p1b: Ogerpon|36/100\n|-status|p1b: Ogerpon|par\n|move|p2a: Dialga|Dragon Pulse|p1b: Ogerpon\n|-damage|p1b: Ogerpon|0 fnt\n|faint|p1b: Ogerpon\n|move|p1a: Calyrex|Glacial Lance|p2b: Miraidon|[spread] p2a,p2b\n|-damage|p2a: Dialga|58/100\n|-damage|p2b: Miraidon|45/100\n|\n|-heal|p1a: Calyrex|37/100|[from] item: Leftovers\n|upkeep\n|\n|t:|1772797074\n|switch|p1b: Incineroar|Incineroar, L50, M|100/100\n|-ability|p1b: Incineroar|Intimidate|boost\n|-unboost|p2a: Dialga|atk|1\n|-unboost|p2b: Miraidon|atk|1\n|turn|2\n|\n|t:|1772797096\n|switch|p2b: Iron Hands|Iron Hands, L50|100/100\n|-activate|p2b: Iron Hands|ability: Quark Drive\n|-start|p2b: Iron Hands|quarkdriveatk\n|move|p1a: Calyrex|Protect|p1a: Calyrex\n|-singleturn|p1a: Calyrex|Protect\n|move|p2a: Dialga|Flash Cannon|p1a: Calyrex\n|-activate|p1a: Calyrex|move: Protect\n|move|p1b: Incineroar|Flare Blitz|p2b: Iron Hands\n|-damage|p2b: Iron Hands|69/100\n|-damage|p1b: Incineroar|87/100|[from] Recoil\n|\n|-heal|p1a: Calyrex|43/100|[from] item: Leftovers\n|upkeep\n|turn|3\n|inactive|cesaretuc has 30 seconds left.\n|\n|t:|1772797124\n|switch|p1a: Farigiraf|Farigiraf, L50, M|100/100\n|-enditem|p1a: Farigiraf|Electric Seed\n|-boost|p1a: Farigiraf|def|1|[from] item: Electric Seed\n|-terastallize|p1b: Incineroar|Bug\n|move|p2a: Dialga|Flash Cannon|p1a: Farigiraf\n|-damage|p1a: Farigiraf|37/100\n|move|p1b: Incineroar|Flare Blitz|p2a: Dialga\n|-damage|p2a: Dialga|21/100\n|-damage|p1b: Incineroar|75/100|[from] Recoil\n|move|p2b: Iron Hands|Drain Punch|p1b: Incineroar\n|-resisted|p1b: Incineroar\n|-damage|p1b: Incineroar|47/100\n|-heal|p2b: Iron Hands|80/100|[from] drain|[of] p1b: Incineroar\n|\n|upkeep\n|turn|4\n|inactive|cesaretuc has 30 seconds left.\n|\n|t:|1772797150\n|-end|p2b: Iron Hands|Quark Drive|[silent]\n|switch|p2b: Miraidon|Miraidon, L50, tera:Electric|45/100\n|-activate|p2b: Miraidon|ability: Hadron Engine\n|move|p2a: Dialga|Dragon Pulse|p1b: Incineroar\n|-damage|p1b: Incineroar|17/100\n|move|p1b: Incineroar|Flare Blitz|p2a: Dialga\n|-damage|p2a: Dialga|0 fnt\n|faint|p2a: Dialga\n|-damage|p1b: Incineroar|10/100|[from] Recoil\n|move|p1a: Farigiraf|Trick Room|p1a: Farigiraf\n|-fieldstart|move: Trick Room|[of] p1a: Farigiraf\n|\n|upkeep\n|\n|t:|1772797162\n|switch|p2a: Ursaluna|Ursaluna, L50, M, shiny|100/100\n|turn|5\n|\n|t:|1772797179\n|move|p1a: Farigiraf|Helping Hand|p1b: Incineroar\n|-singleturn|p1b: Incineroar|Helping Hand|[of] p1a: Farigiraf\n|move|p2a: Ursaluna|Protect|p2a: Ursaluna\n|-singleturn|p2a: Ursaluna|Protect\n|move|p1b: Incineroar|Knock Off|p2b: Miraidon\n|-damage|p2b: Miraidon|0 fnt\n|-enditem|p2b: Miraidon|Choice Specs|[from] move: Knock Off|[of] p1b: Incineroar\n|faint|p2b: Miraidon\n|\n|-fieldend|move: Electric Terrain\n|-status|p2a: Ursaluna|brn|[from] item: Flame Orb\n|upkeep\n|\n|t:|1772797189\n|switch|p2b: Iron Hands|Iron Hands, L50|80/100\n|turn|6\n|\n|t:|1772797213\n|move|p2b: Iron Hands|Drain Punch|p1b: Incineroar\n|-resisted|p1b: Incineroar\n|-damage|p1b: Incineroar|0 fnt\n|-heal|p2b: Iron Hands|84/100|[from] drain|[of] p1b: Incineroar\n|faint|p1b: Incineroar\n|move|p2a: Ursaluna|Facade|p1a: Farigiraf\n|-damage|p1a: Farigiraf|0 fnt\n|faint|p1a: Farigiraf\n|\n|-damage|p2a: Ursaluna|95/100 brn|[from] brn\n|upkeep\n|\n|t:|1772797218\n|switch|p1b: Calyrex|Calyrex-Ice, L50|43/100\n|-ability|p1b: Calyrex|As One\n|-ability|p1b: Calyrex|Unnerve\n|turn|7\n|inactive|cesaretuc has 30 seconds left.\n|\n|t:|1772797249\n|move|p1b: Calyrex|Protect|p1b: Calyrex\n|-singleturn|p1b: Calyrex|Protect\n|move|p2a: Ursaluna|Facade|p1b: Calyrex\n|-activate|p1b: Calyrex|move: Protect\n|move|p2b: Iron Hands|Fire Punch|p1b: Calyrex\n|-activate|p1b: Calyrex|move: Protect\n|\n|-heal|p1b: Calyrex|48/100|[from] item: Leftovers\n|-damage|p2a: Ursaluna|89/100 brn|[from] brn\n|upkeep\n|turn|8\n|\n|t:|1772797264\n|move|p1b: Calyrex|Protect|p1b: Calyrex\n|-singleturn|p1b: Calyrex|Protect\n|move|p2a: Ursaluna|Facade|p1b: Calyrex\n|-activate|p1b: Calyrex|move: Protect\n|move|p2b: Iron Hands|Fire Punch|p1b: Calyrex\n|-activate|p1b: Calyrex|move: Protect\n|\n|-heal|p1b: Calyrex|54/100|[from] item: Leftovers\n|-damage|p2a: Ursaluna|83/100 brn|[from] brn\n|-fieldend|move: Trick Room\n|upkeep\n|turn|9\n|\n|t:|1772797279\n|move|p1b: Calyrex|Glacial Lance|p2b: Iron Hands|[spread] p2a,p2b\n|-supereffective|p2a: Ursaluna\n|-damage|p2a: Ursaluna|0 fnt\n|-damage|p2b: Iron Hands|48/100\n|faint|p2a: Ursaluna\n|-ability|p1b: Calyrex|Chilling Neigh|boost\n|-boost|p1b: Calyrex|atk|1\n|move|p2b: Iron Hands|Fire Punch|p1b: Calyrex\n|-supereffective|p1b: Calyrex\n|-damage|p1b: Calyrex|21/100\n|\n|-heal|p1b: Calyrex|27/100|[from] item: Leftovers\n|upkeep\n|turn|10\n|\n|t:|1772797300\n|move|p1b: Calyrex|Protect|p1b: Calyrex\n|-singleturn|p1b: Calyrex|Protect\n|move|p2b: Iron Hands|Fire Punch|p1b: Calyrex\n|-activate|p1b: Calyrex|move: Protect\n|\n|-heal|p1b: Calyrex|33/100|[from] item: Leftovers\n|upkeep\n|turn|11\n|c|\u2606jd8erh|Gg\n|\n|t:|1772797308\n|move|p1b: Calyrex|Glacial Lance|p2b: Iron Hands\n|-damage|p2b: Iron Hands|0 fnt\n|faint|p2b: Iron Hands\n|-end|p2b: Iron Hands|Quark Drive|[silent]\n|\n|win|jd8erh\n|raw|jd8erh's rating: 1386 &rarr; <strong>1399</strong><br />(+13 for winning)\n|raw|cesaretuc's rating: 1265 &rarr; <strong>1248</strong><br />(-17 for losing)\n|l|\u2606jd8erh\n|player|p1|\n|l|\u2606cesaretuc\n|player|p2|\n","uploadtime":1772797452,"views":17,"formatid":"gen9vgc2026regi","rating":1248,"private":0,"password":null}