{"id":"gen9vgc2026regi-2561367851","format":"[Gen 9] VGC 2026 Reg I","players":["etaniol1024","SnorlaxPikachu1"],"log":"|j|\u2606etaniol1024\n|j|\u2606SnorlaxPikachu1\n|t:|1773788543\n|gametype|doubles\n|player|p1|etaniol1024|265|1461\n|player|p2|SnorlaxPikachu1|palmer|1658\n|gen|9\n|tier|[Gen 9] VGC 2026 Reg I\n|rated|\n|rule|Species Clause: Limit one of each Pok\u00e9mon\n|rule|Item Clause: Limit 1 of each item\n|clearpoke\n|poke|p1|Terapagos, L50, M|\n|poke|p1|Lunala, L50|\n|poke|p1|Smeargle, L50, M|\n|poke|p1|Amoonguss, L50, M|\n|poke|p1|Ditto, L50|\n|poke|p1|Charjabug, L50, F|\n|poke|p2|Koraidon, L50|\n|poke|p2|Calyrex-Shadow, L50|\n|poke|p2|Roaring Moon, L50|\n|poke|p2|Ogerpon-Hearthflame, L50, F|\n|poke|p2|Incineroar, L50, F|\n|poke|p2|Flutter Mane, L50|\n|teampreview|4\n|inactive|Battle timer is ON: inactive players will automatically lose when time's up. (requested by etaniol1024)\nSnorlaxPikachu1 has agreed to open team sheets.\n|inactive|SnorlaxPikachu1 has 60 seconds left.\netaniol1024 rejected open team sheets.\n|\n|t:|1773788592\n|teamsize|p1|4\n|teamsize|p2|4\n|start\n|switch|p1a: Terapagos|Terapagos, L50, M|100/100\n|switch|p1b: Smeargle|Smeargle, L50, M|100/100\n|switch|p2a: Roaring Moon|Roaring Moon, L50|100/100\n|switch|p2b: Koraidon|Koraidon, L50|100/100\n|-activate|p1a: Terapagos|ability: Tera Shift\n|detailschange|p1a: Terapagos|Terapagos-Terastal, L50, M\n|-heal|p1a: Terapagos|100/100|[silent]\n|-weather|SunnyDay|[from] ability: Orichalcum Pulse|[of] p2b: Koraidon\n|-activate|p2a: Roaring Moon|ability: Protosynthesis\n|-start|p2a: Roaring Moon|protosynthesisspe\n|-activate|p2b: Koraidon|Orichalcum Pulse|[source]\n|turn|1\n|\n|t:|1773788615\n|switch|p2b: Calyrex|Calyrex-Shadow, L50|100/100\n|-ability|p2b: Calyrex|As One\n|-ability|p2b: Calyrex|Unnerve\n|-terastallize|p1a: Terapagos|Stellar\n|detailschange|p1a: Terapagos|Terapagos-Stellar, L50, M, tera:Stellar\n|-heal|p1a: Terapagos|100/100|[silent]\n|-ability|p1a: Terapagos|Teraform Zero\n|-weather|none\n|-end|p2a: Roaring Moon|Protosynthesis\n|move|p1b: Smeargle|Fake Out|p2b: Calyrex\n|-immune|p2b: Calyrex\n|move|p2a: Roaring Moon|Taunt|p1b: Smeargle\n|-start|p1b: Smeargle|move: Taunt\n|move|p1a: Terapagos|Tera Starstorm|p2a: Roaring Moon|[spread] p2a,p2b\n|-crit|p2b: Calyrex\n|-damage|p2a: Roaring Moon|46/100\n|-damage|p2b: Calyrex|12/100\n|\n|-ability|p1b: Smeargle|Moody|boost\n|-boost|p1b: Smeargle|atk|2\n|-unboost|p1b: Smeargle|spd|1\n|upkeep\n|turn|2\n|inactive|SnorlaxPikachu1 has 30 seconds left.\n|inactive|etaniol1024 has 30 seconds left.\n|\n|t:|1773788652\n|switch|p1b: Lunala|Lunala, L50|100/100\n|switch|p1a: Ditto|Ditto, L50|100/100\n|-transform|p1a: Ditto|p2b: Calyrex|[from] ability: Imposter\n|-ability|p1a: Ditto|As One\n|-ability|p1a: Ditto|Unnerve\n|move|p2b: Calyrex|Psychic|p1a: Ditto\n|-resisted|p1a: Ditto\n|-damage|p1a: Ditto|67/100\n|move|p2a: Roaring Moon|Knock Off|p1a: Ditto\n|-supereffective|p1a: Ditto\n|-damage|p1a: Ditto|0 fnt\n|-enditem|p1a: Ditto|Choice Scarf|[from] move: Knock Off|[of] p2a: Roaring Moon\n|faint|p1a: Ditto\n|\n|upkeep\n|\n|t:|1773788667\n|switch|p1a: Smeargle|Smeargle, L50, M|100/100\n|turn|3\n|\n|t:|1773788686\n|move|p1a: Smeargle|Fake Out|p2a: Roaring Moon\n|-damage|p2a: Roaring Moon|41/100\n|move|p2b: Calyrex|Astral Barrage|p1a: Smeargle|[spread] p1b\n|-immune|p1a: Smeargle\n|-supereffective|p1b: Lunala\n|-damage|p1b: Lunala|27/100\n|move|p2a: Roaring Moon|Knock Off|p1b: Lunala\n|-supereffective|p1b: Lunala\n|-damage|p1b: Lunala|0 fnt\n|-enditem|p1b: Lunala|Power Herb|[from] move: Knock Off|[of] p2a: Roaring Moon\n|faint|p1b: Lunala\n|\n|-ability|p1a: Smeargle|Moody|boost\n|-boost|p1a: Smeargle|spa|2\n|-unboost|p1a: Smeargle|def|1\n|upkeep\n|\n|t:|1773788688\n|switch|p1b: Terapagos|Terapagos-Stellar, L50, M, tera:Stellar|100/100\n|turn|4\n|\n|t:|1773788695\n|move|p2b: Calyrex|Psychic|p1a: Smeargle\n|-enditem|p1a: Smeargle|Focus Sash\n|-damage|p1a: Smeargle|1/100\n|move|p2a: Roaring Moon|Knock Off|p1a: Smeargle\n|-damage|p1a: Smeargle|0 fnt\n|faint|p1a: Smeargle\n|move|p1b: Terapagos|Tera Starstorm|p2b: Calyrex|[spread] p2a,p2b\n|-damage|p2a: Roaring Moon|0 fnt\n|-damage|p2b: Calyrex|0 fnt\n|faint|p2a: Roaring Moon\n|-end|p2a: Roaring Moon|Protosynthesis|[silent]\n|faint|p2b: Calyrex\n|\n|upkeep\n|\n|t:|1773788698\n|switch|p2b: Ogerpon|Ogerpon-Hearthflame, L50, F|100/100\n|switch|p2a: Koraidon|Koraidon, L50|100/100\n|-weather|SunnyDay|[from] ability: Orichalcum Pulse|[of] p2a: Koraidon\n|-activate|p2a: Koraidon|Orichalcum Pulse|[source]\n|-ability|p2b: Ogerpon|Mold Breaker\n|turn|5\n|\n|t:|1773788704\n|-terastallize|p2b: Ogerpon|Fire\n|detailschange|p2b: Ogerpon|Ogerpon-Hearthflame-Tera, L50, F, tera:Fire\n|-ability|p2b: Ogerpon|Embody Aspect (Hearthflame)|boost\n|-boost|p2b: Ogerpon|atk|1\n|move|p2a: Koraidon|Protect|p2a: Koraidon\n|-singleturn|p2a: Koraidon|Protect\n|move|p2b: Ogerpon|Ivy Cudgel|p1b: Terapagos|[anim] Ivy Cudgel Fire\n|-damage|p1b: Terapagos|0 fnt\n|faint|p1b: Terapagos\n|detailschange|p1: Terapagos|Terapagos, L50, M|[silent]\n|\n|win|SnorlaxPikachu1\n|raw|etaniol1024's rating: 1461 &rarr; <strong>1451</strong><br />(-10 for losing)\n|raw|SnorlaxPikachu1's rating: 1658 &rarr; <strong>1668</strong><br />(+10 for winning)\n|l|\u2606etaniol1024\n|player|p1|\n","uploadtime":1773788967,"views":23,"formatid":"gen9vgc2026regi","rating":1451,"private":0,"password":null}