{"id":"gen9vgc2026regi-2566667822","format":"[Gen 9] VGC 2026 Reg I","players":["801344244a","curfy324"],"log":"|j|\u2606801344244a\n|j|\u2606curfy324\n|t:|1774396269\n|gametype|doubles\n|player|p1|801344244a|elesa|1358\n|player|p2|curfy324|266|1448\n|gen|9\n|tier|[Gen 9] VGC 2026 Reg I\n|rated|\n|rule|Species Clause: Limit one of each Pok\u00e9mon\n|rule|Item Clause: Limit 1 of each item\n|clearpoke\n|poke|p1|Terapagos, L50, M|\n|poke|p1|Incineroar, L50, M|\n|poke|p1|Rillaboom, L50, M|\n|poke|p1|Ogerpon-Cornerstone, L50, F|\n|poke|p1|Flutter Mane, L50|\n|poke|p1|Calyrex-Shadow, L50|\n|poke|p2|Zacian-*, L50|\n|poke|p2|Kyogre, L50|\n|poke|p2|Urshifu-*, L50, M|\n|poke|p2|Roaring Moon, L50|\n|poke|p2|Rillaboom, L50, F|\n|poke|p2|Volcarona, L50, M|\n|teampreview|4\n|inactive|Battle timer is ON: inactive players will automatically lose when time's up. (requested by curfy324)\n|inactive|801344244a also wants the timer to be on.\n801344244a has agreed to open team sheets.\n|inactive|801344244a has 60 seconds left.\n|inactive|801344244a has 30 seconds left.\n|\n|t:|1774396333\n|teamsize|p1|4\n|teamsize|p2|4\n|start\n|switch|p1a: Incineroar|Incineroar, L50, M, shiny|100/100\n|switch|p1b: Terapagos|Terapagos, L50, M|100/100\n|switch|p2a: Rillaboom|Rillaboom, L50, F, shiny|100/100\n|switch|p2b: Kyogre|Kyogre, L50|100/100\n|-activate|p1b: Terapagos|ability: Tera Shift\n|detailschange|p1b: Terapagos|Terapagos-Terastal, L50, M\n|-heal|p1b: Terapagos|100/100|[silent]\n|-fieldstart|move: Grassy Terrain|[from] ability: Grassy Surge|[of] p2a: Rillaboom\n|-weather|RainDance|[from] ability: Drizzle|[of] p2b: Kyogre\n|-ability|p1a: Incineroar|Intimidate|boost\n|-unboost|p2a: Rillaboom|atk|1\n|-unboost|p2b: Kyogre|atk|1\n|turn|1\n|\n|t:|1774396352\n|switch|p1a: Rillaboom|Rillaboom, L50, M, shiny|100/100\n|move|p1b: Terapagos|Protect|p1b: Terapagos\n|-singleturn|p1b: Terapagos|Protect\n|move|p2a: Rillaboom|Fake Out|p1a: Rillaboom\n|-damage|p1a: Rillaboom|94/100\n|move|p2b: Kyogre|Water Spout|p1b: Terapagos|[spread] p1a\n|-activate|p1b: Terapagos|move: Protect\n|-resisted|p1a: Rillaboom\n|-damage|p1a: Rillaboom|58/100\n|\n|-weather|RainDance|[upkeep]\n|-heal|p1a: Rillaboom|63/100|[from] Grassy Terrain\n|upkeep\n|turn|2\n|\n|t:|1774396370\n|move|p2b: Kyogre|Protect|p2b: Kyogre\n|-singleturn|p2b: Kyogre|Protect\n|move|p1a: Rillaboom|Fake Out|p2b: Kyogre\n|-activate|p2b: Kyogre|move: Protect\n|move|p2a: Rillaboom|U-turn|p1b: Terapagos\n|-activate|p1b: Terapagos|ability: Tera Shell\n|-resisted|p1b: Terapagos\n|-damage|p1b: Terapagos|96/100\n|\n|t:|1774396381\n|switch|p2a: Roaring Moon|Roaring Moon, L50, shiny|100/100|[from] U-turn\n|-enditem|p2a: Roaring Moon|Booster Energy\n|-activate|p2a: Roaring Moon|ability: Protosynthesis|[fromitem]\n|-start|p2a: Roaring Moon|protosynthesisspe\n|move|p1b: Terapagos|Calm Mind|p1b: Terapagos\n|-boost|p1b: Terapagos|spa|1\n|-boost|p1b: Terapagos|spd|1\n|\n|-weather|RainDance|[upkeep]\n|-heal|p1b: Terapagos|100/100|[from] Grassy Terrain\n|-heal|p1a: Rillaboom|69/100|[from] Grassy Terrain\n|upkeep\n|turn|3\n|\n|t:|1774396401\n|switch|p2b: Rillaboom|Rillaboom, L50, F, shiny|100/100\n|switch|p1a: Incineroar|Incineroar, L50, M, shiny|100/100\n|-ability|p1a: Incineroar|Intimidate|boost\n|-unboost|p2a: Roaring Moon|atk|1\n|-unboost|p2b: Rillaboom|atk|1\n|move|p2a: Roaring Moon|Knock Off|p1b: Terapagos\n|-activate|p1b: Terapagos|ability: Tera Shell\n|-resisted|p1b: Terapagos\n|-damage|p1b: Terapagos|90/100\n|-enditem|p1b: Terapagos|Leftovers|[from] move: Knock Off|[of] p2a: Roaring Moon\n|move|p1b: Terapagos|Calm Mind|p1b: Terapagos\n|-boost|p1b: Terapagos|spa|1\n|-boost|p1b: Terapagos|spd|1\n|\n|-weather|RainDance|[upkeep]\n|-heal|p1b: Terapagos|96/100|[from] Grassy Terrain\n|upkeep\n|turn|4\n|\n|t:|1774396426\n|move|p1b: Terapagos|Protect|p1b: Terapagos\n|-singleturn|p1b: Terapagos|Protect\n|move|p2b: Rillaboom|Fake Out|p1a: Incineroar\n|-damage|p1a: Incineroar|95/100\n|-damage|p2b: Rillaboom|84/100|[from] item: Rocky Helmet|[of] p1a: Incineroar\n|move|p2a: Roaring Moon|Tailwind|p2a: Roaring Moon\n|-sidestart|p2: curfy324|move: Tailwind\n|cant|p1a: Incineroar|flinch\n|\n|-weather|RainDance|[upkeep]\n|-heal|p2b: Rillaboom|90/100|[from] Grassy Terrain\n|-heal|p1b: Terapagos|100/100|[from] Grassy Terrain\n|-heal|p1a: Incineroar|100/100|[from] Grassy Terrain\n|upkeep\n|turn|5\n|\n|t:|1774396442\n|move|p2a: Roaring Moon|Knock Off|p1b: Terapagos\n|-activate|p1b: Terapagos|ability: Tera Shell\n|-resisted|p1b: Terapagos\n|-damage|p1b: Terapagos|93/100\n|move|p2b: Rillaboom|Wood Hammer|p1b: Terapagos\n|-damage|p1b: Terapagos|62/100\n|-damage|p2b: Rillaboom|80/100|[from] Recoil\n|move|p1b: Terapagos|Tera Starstorm|p2a: Roaring Moon\n|-damage|p2a: Roaring Moon|16/100\n|move|p1a: Incineroar|Parting Shot|p2a: Roaring Moon\n|-unboost|p2a: Roaring Moon|atk|1\n|-unboost|p2a: Roaring Moon|spa|1\n|\n|t:|1774396456\n|switch|p1a: Rillaboom|Rillaboom, L50, M, shiny|69/100|[from] Parting Shot\n|\n|-weather|none\n|-heal|p2a: Roaring Moon|22/100|[from] Grassy Terrain\n|-heal|p2b: Rillaboom|86/100|[from] Grassy Terrain\n|-heal|p1b: Terapagos|68/100|[from] Grassy Terrain\n|-heal|p1a: Rillaboom|75/100|[from] Grassy Terrain\n|-fieldend|move: Grassy Terrain\n|upkeep\n|turn|6\n|\n|t:|1774396477\n|-terastallize|p1b: Terapagos|Stellar\n|detailschange|p1b: Terapagos|Terapagos-Stellar, L50, M, tera:Stellar\n|-heal|p1b: Terapagos|76/100|[silent]\n|move|p1a: Rillaboom|Fake Out|p2a: Roaring Moon\n|-damage|p2a: Roaring Moon|9/100\n|cant|p2a: Roaring Moon|flinch\n|move|p2b: Rillaboom|U-turn|p1a: Rillaboom\n|-supereffective|p1a: Rillaboom\n|-damage|p1a: Rillaboom|53/100\n|\n|t:|1774396491\n|switch|p2b: Zacian|Zacian-Crowned, L50, shiny|100/100|[from] U-turn\n|-ability|p2b: Zacian|Intrepid Sword|boost\n|-boost|p2b: Zacian|atk|1\n|move|p1b: Terapagos|Tera Starstorm|p2b: Zacian|[spread] p2a,p2b\n|-damage|p2a: Roaring Moon|0 fnt\n|-damage|p2b: Zacian|43/100\n|faint|p2a: Roaring Moon\n|-end|p2a: Roaring Moon|Protosynthesis|[silent]\n|\n|upkeep\n|\n|t:|1774396503\n|switch|p2a: Kyogre|Kyogre, L50|100/100\n|-weather|RainDance|[from] ability: Drizzle|[of] p2a: Kyogre\n|turn|7\n|\n|t:|1774396514\n|switch|p1a: Incineroar|Incineroar, L50, M, shiny|100/100\n|-ability|p1a: Incineroar|Intimidate|boost\n|-unboost|p2a: Kyogre|atk|1\n|-unboost|p2b: Zacian|atk|1\n|move|p1b: Terapagos|Protect|p1b: Terapagos\n|-singleturn|p1b: Terapagos|Protect\n|move|p2b: Zacian|Behemoth Blade|p1a: Incineroar\n|-resisted|p1a: Incineroar\n|-damage|p1a: Incineroar|82/100\n|-damage|p2b: Zacian|26/100|[from] item: Rocky Helmet|[of] p1a: Incineroar\n|move|p2a: Kyogre|Water Spout|p1b: Terapagos|[spread] p1a\n|-activate|p1b: Terapagos|move: Protect\n|-supereffective|p1a: Incineroar\n|-damage|p1a: Incineroar|0 fnt\n|faint|p1a: Incineroar\n|\n|-weather|RainDance|[upkeep]\n|-sideend|p2: curfy324|move: Tailwind\n|upkeep\n|\n|t:|1774396531\n|switch|p1a: Calyrex|Calyrex-Shadow, L50|100/100\n|-ability|p1a: Calyrex|As One\n|-ability|p1a: Calyrex|Unnerve\n|turn|8\n|\n|t:|1774396544\n|move|p2b: Zacian|Protect|p2b: Zacian\n|-singleturn|p2b: Zacian|Protect\n|move|p1a: Calyrex|Astral Barrage|p2a: Kyogre|[spread] p2a\n|-activate|p2b: Zacian|move: Protect\n|-damage|p2a: Kyogre|65/100\n|move|p2a: Kyogre|Origin Pulse|p1b: Terapagos|[spread] p1a,p1b\n|-damage|p1a: Calyrex|17/100\n|-damage|p1b: Terapagos|45/100\n|move|p1b: Terapagos|Tera Starstorm|p2a: Kyogre|[spread] p2a\n|-activate|p2b: Zacian|move: Protect\n|-damage|p2a: Kyogre|18/100\n|\n|-weather|RainDance|[upkeep]\n|upkeep\n|turn|9\n|inactive|801344244a has 30 seconds left.\n|\n|t:|1774396576\n|move|p2a: Kyogre|Protect|p2a: Kyogre\n|-singleturn|p2a: Kyogre|Protect\n|move|p1a: Calyrex|Astral Barrage|p2a: Kyogre|[spread] p2b\n|-activate|p2a: Kyogre|move: Protect\n|-damage|p2b: Zacian|0 fnt\n|faint|p2b: Zacian\n|-ability|p1a: Calyrex|Grim Neigh|boost\n|-boost|p1a: Calyrex|spa|1\n|move|p1b: Terapagos|Tera Starstorm|p2a: Kyogre\n|-activate|p2a: Kyogre|move: Protect\n|\n|-weather|RainDance|[upkeep]\n|upkeep\n|\n|t:|1774396590\n|switch|p2b: Rillaboom|Rillaboom, L50, F, shiny|86/100\n|-fieldstart|move: Grassy Terrain|[from] ability: Grassy Surge|[of] p2b: Rillaboom\n|turn|10\n|\n|t:|1774396598\n|switch|p1a: Rillaboom|Rillaboom, L50, M, shiny|53/100\n|move|p1b: Terapagos|Protect|p1b: Terapagos\n|-singleturn|p1b: Terapagos|Protect\n|move|p2b: Rillaboom|Grassy Glide|p1a: Rillaboom\n|-resisted|p1a: Rillaboom\n|-damage|p1a: Rillaboom|41/100\n|move|p2a: Kyogre|Hydro Pump|p1b: Terapagos\n|-activate|p1b: Terapagos|move: Protect\n|\n|-weather|RainDance|[upkeep]\n|-heal|p2b: Rillaboom|92/100|[from] Grassy Terrain\n|-heal|p2a: Kyogre|24/100|[from] Grassy Terrain\n|-heal|p1b: Terapagos|51/100|[from] Grassy Terrain\n|-heal|p1a: Rillaboom|47/100|[from] Grassy Terrain\n|upkeep\n|turn|11\n|\n|t:|1774396617\n|-terastallize|p2a: Kyogre|Grass\n|move|p1a: Rillaboom|Fake Out|p2b: Rillaboom\n|-damage|p2b: Rillaboom|81/100\n|cant|p2b: Rillaboom|flinch\n|move|p2a: Kyogre|Origin Pulse|p1b: Terapagos|[spread] p1a,p1b\n|-resisted|p1a: Rillaboom\n|-damage|p1a: Rillaboom|18/100\n|-damage|p1b: Terapagos|23/100\n|move|p1b: Terapagos|Tera Starstorm|p2b: Rillaboom|[spread] p2a,p2b\n|-supereffective|p2a: Kyogre\n|-damage|p2a: Kyogre|0 fnt\n|-damage|p2b: Rillaboom|34/100\n|faint|p2a: Kyogre\n|\n|-weather|none\n|-heal|p2b: Rillaboom|41/100|[from] Grassy Terrain\n|-heal|p1b: Terapagos|29/100|[from] Grassy Terrain\n|-heal|p1a: Rillaboom|23/100|[from] Grassy Terrain\n|upkeep\n|turn|12\n|-message|curfy324 forfeited.\n|\n|win|801344244a\n|raw|801344244a's rating: 1358 &rarr; <strong>1383</strong><br />(+25 for winning)\n|raw|curfy324's rating: 1448 &rarr; <strong>1423</strong><br />(-25 for losing)\n|l|\u2606curfy324\n|player|p2|\n","uploadtime":1774396632,"views":13,"formatid":"gen9vgc2026regi","rating":1383,"private":0,"password":null}