{"id":"gen9vgc2026regi-2531084273","format":"[Gen 9] VGC 2026 Reg I","players":["Indeedee Follow","lalo's pollos"],"log":"|j|\u2606Indeedee Follow\n|j|\u2606lalo's pollos\n|t:|1770009477\n|gametype|doubles\n|player|p1|Indeedee Follow|265|1333\n|player|p2|lalo's pollos|169|1332\n|gen|9\n|tier|[Gen 9] VGC 2026 Reg I\n|rated|\n|rule|Species Clause: Limit one of each Pok\u00e9mon\n|rule|Item Clause: Limit 1 of each item\n|clearpoke\n|poke|p1|Calyrex-Shadow, L50|\n|poke|p1|Miraidon, L50|\n|poke|p1|Incineroar, L50, F|\n|poke|p1|Rillaboom, L50, M|\n|poke|p1|Clefairy, L50, M|\n|poke|p1|Pelipper, L50, F|\n|poke|p2|Miraidon, L50|\n|poke|p2|Landorus, L50, M|\n|poke|p2|Incineroar, L50, F|\n|poke|p2|Iron Bundle, L50|\n|poke|p2|Farigiraf, L50, M|\n|poke|p2|Calyrex-Ice, L50|\n|teampreview|4\n|inactive|Battle timer is ON: inactive players will automatically lose when time's up. (requested by Indeedee Follow)\n|inactive|Indeedee Follow has 60 seconds left.\n|inactive|lalo's pollos has 60 seconds left.\n|\n|t:|1770009517\n|teamsize|p1|4\n|teamsize|p2|4\n|start\n|switch|p1a: Rillaboom|Rillaboom, L50, M, shiny|100/100\n|switch|p1b: Calyrex|Calyrex-Shadow, L50|100/100\n|switch|p2a: Calyrex|Calyrex-Ice, L50|100/100\n|switch|p2b: Co-Star|Miraidon, L50|100/100\n|-ability|p1b: Calyrex|As One\n|-ability|p1b: Calyrex|Unnerve\n|-ability|p2a: Calyrex|As One\n|-ability|p2a: Calyrex|Unnerve\n|-fieldstart|move: Electric Terrain|[from] ability: Hadron Engine|[of] p2b: Co-Star\n|-fieldstart|move: Grassy Terrain|[from] ability: Grassy Surge|[of] p1a: Rillaboom\n|turn|1\n|\n|t:|1770009533\n|-terastallize|p1b: Calyrex|Fairy\n|move|p2a: Calyrex|Protect|p2a: Calyrex\n|-singleturn|p2a: Calyrex|Protect\n|move|p1b: Calyrex|Calm Mind|p1b: Calyrex\n|-boost|p1b: Calyrex|spa|1\n|-boost|p1b: Calyrex|spd|1\n|move|p2b: Co-Star|Volt Switch|p1b: Calyrex\n|-damage|p1b: Calyrex|67/100\n|\n|t:|1770009550\n|switch|p2b: Landorus|Landorus, L50, M|100/100|[from] Volt Switch\n|move|p1a: Rillaboom|U-turn|p2a: Calyrex\n|-activate|p2a: Calyrex|move: Protect\n|\n|-heal|p1b: Calyrex|73/100|[from] Grassy Terrain\n|-heal|p1b: Calyrex|79/100|[from] item: Leftovers\n|upkeep\n|turn|2\n|inactive|Indeedee Follow has 30 seconds left.\n|\n|t:|1770009577\n|-terastallize|p2a: Calyrex|Water\n|move|p2b: Landorus|Protect|p2b: Landorus\n|-singleturn|p2b: Landorus|Protect\n|move|p1b: Calyrex|Calm Mind|p1b: Calyrex\n|-boost|p1b: Calyrex|spa|1\n|-boost|p1b: Calyrex|spd|1\n|move|p1a: Rillaboom|U-turn|p2b: Landorus\n|-activate|p2b: Landorus|move: Protect\n|move|p2a: Calyrex|Trick Room|p2a: Calyrex\n|-fieldstart|move: Trick Room|[of] p2a: Calyrex\n|\n|-heal|p1b: Calyrex|85/100|[from] Grassy Terrain\n|-heal|p1b: Calyrex|91/100|[from] item: Leftovers\n|upkeep\n|turn|3\n|\n|t:|1770009597\n|move|p1b: Calyrex|Protect|p1b: Calyrex\n|-singleturn|p1b: Calyrex|Protect\n|move|p1a: Rillaboom|Grassy Glide|p2a: Calyrex\n|-supereffective|p2a: Calyrex\n|-damage|p2a: Calyrex|55/100\n|move|p2a: Calyrex|Glacial Lance|p1b: Calyrex|[spread] p1a\n|-activate|p1b: Calyrex|move: Protect\n|-supereffective|p1a: Rillaboom\n|-damage|p1a: Rillaboom|2/100\n|move|p2b: Landorus|Sludge Bomb|p1b: Calyrex\n|-activate|p1b: Calyrex|move: Protect\n|\n|-heal|p2a: Calyrex|61/100|[from] Grassy Terrain\n|-heal|p1a: Rillaboom|8/100|[from] Grassy Terrain\n|-heal|p1b: Calyrex|97/100|[from] Grassy Terrain\n|-heal|p1b: Calyrex|100/100|[from] item: Leftovers\n|upkeep\n|turn|4\n|inactive|Indeedee Follow has 30 seconds left.\n|inactive|Indeedee Follow has 20 seconds left.\n|\n|t:|1770009637\n|move|p1a: Rillaboom|Grassy Glide|p2b: Landorus\n|-damage|p2b: Landorus|61/100\n|move|p2a: Calyrex|Glacial Lance|p1b: Calyrex|[spread] p1a,p1b\n|-supereffective|p1a: Rillaboom\n|-damage|p1a: Rillaboom|0 fnt\n|-damage|p1b: Calyrex|48/100\n|faint|p1a: Rillaboom\n|-ability|p2a: Calyrex|Chilling Neigh|boost\n|-boost|p2a: Calyrex|atk|1\n|move|p2b: Landorus|Sludge Bomb|p1b: Calyrex\n|-supereffective|p1b: Calyrex\n|-damage|p1b: Calyrex|4/100\n|move|p1b: Calyrex|Draining Kiss|p2b: Landorus\n|-damage|p2b: Landorus|0 fnt\n|-heal|p1b: Calyrex|42/100|[from] drain|[of] p2b: Landorus\n|faint|p2b: Landorus\n|-ability|p1b: Calyrex|Grim Neigh|boost\n|-boost|p1b: Calyrex|spa|1\n|\n|-heal|p2a: Calyrex|67/100|[from] Grassy Terrain\n|-heal|p1b: Calyrex|48/100|[from] Grassy Terrain\n|-heal|p1b: Calyrex|54/100|[from] item: Leftovers\n|upkeep\n|\n|t:|1770009656\n|switch|p1a: Clefairy|Clefairy, L50, M|100/100\n|switch|p2b: Co-Star|Miraidon, L50|100/100\n|-fieldstart|move: Electric Terrain|[from] ability: Hadron Engine|[of] p2b: Co-Star\n|turn|5\n|\n|t:|1770009668\n|move|p1a: Clefairy|After You|p1b: Calyrex\n|-activate|p1b: Calyrex|move: After You\n|move|p1b: Calyrex|Draining Kiss|p2b: Co-Star\n|-supereffective|p2b: Co-Star\n|-damage|p2b: Co-Star|0 fnt\n|-heal|p1b: Calyrex|100/100|[from] drain|[of] p2b: Co-Star\n|faint|p2b: Co-Star\n|-ability|p1b: Calyrex|Grim Neigh|boost\n|-boost|p1b: Calyrex|spa|1\n|move|p2a: Calyrex|Glacial Lance|p1a: Clefairy|[spread] p1a,p1b\n|-damage|p1a: Clefairy|38/100\n|-damage|p1b: Calyrex|45/100\n|\n|-heal|p1b: Calyrex|51/100|[from] item: Leftovers\n|upkeep\n|\n|t:|1770009675\n|switch|p2b: the Star|Iron Bundle, L50|100/100\n|-activate|p2b: the Star|ability: Quark Drive\n|-start|p2b: the Star|quarkdrivespe\n|turn|6\n|j| lunala fairy ghost\n|\n|t:|1770009696\n|move|p2a: Calyrex|Protect|p2a: Calyrex\n|-singleturn|p2a: Calyrex|Protect\n|move|p1a: Clefairy|After You|p1b: Calyrex\n|-activate|p1b: Calyrex|move: After You\n|move|p1b: Calyrex|Astral Barrage|p2a: Calyrex|[spread] p2b\n|-activate|p2a: Calyrex|move: Protect\n|-enditem|p2b: the Star|Focus Sash\n|-damage|p2b: the Star|1/100\n|move|p2b: the Star|Hydro Pump|p1b: Calyrex\n|-damage|p1b: Calyrex|34/100\n|\n|-heal|p1b: Calyrex|40/100|[from] item: Leftovers\n|-fieldend|move: Trick Room\n|upkeep\n|turn|7\n|\n|t:|1770009711\n|move|p2b: the Star|Protect|p2b: the Star\n|-singleturn|p2b: the Star|Protect\n|move|p1b: Calyrex|Astral Barrage|p2b: the Star|[spread] p2a\n|-activate|p2b: the Star|move: Protect\n|-damage|p2a: Calyrex|0 fnt\n|faint|p2a: Calyrex\n|-ability|p1b: Calyrex|Grim Neigh|boost\n|-boost|p1b: Calyrex|spa|1\n|move|p1a: Clefairy|Life Dew|p1a: Clefairy|[spread] p1a,p1b\n|-heal|p1a: Clefairy|63/100\n|-heal|p1b: Calyrex|65/100\n|\n|-heal|p1b: Calyrex|71/100|[from] item: Leftovers\n|upkeep\n|turn|8\n|-message|lalo's pollos forfeited.\n|\n|win|Indeedee Follow\n|raw|Indeedee Follow's rating: 1333 &rarr; <strong>1353</strong><br />(+20 for winning)\n|raw|lalo&apos;s pollos's rating: 1332 &rarr; <strong>1312</strong><br />(-20 for losing)\n|l|\u2606lalo's pollos\n|player|p2|\n|l| lunala fairy ghost\n","uploadtime":1770009910,"views":15,"formatid":"gen9vgc2026regi","rating":1312,"private":0,"password":null}