{"id":"gen9vgc2026regi-2551581788","format":"[Gen 9] VGC 2026 Reg I","players":["blackred123\u6c38\u96cf\u5854\u83f2\u4fa0","Jiggidy"],"log":"|j|\u2606blackred123\u6c38\u96cf\u5854\u83f2\u4fa0\n|j|\u2606Jiggidy\n|t:|1772624453\n|gametype|doubles\n|player|p1|blackred123\u6c38\u96cf\u5854\u83f2\u4fa0|iono-masters|1431\n|player|p2|Jiggidy|101|1397\n|gen|9\n|tier|[Gen 9] VGC 2026 Reg I\n|rated|\n|rule|Species Clause: Limit one of each Pok\u00e9mon\n|rule|Item Clause: Limit 1 of each item\n|clearpoke\n|poke|p1|Mewtwo, L50|\n|poke|p1|Indeedee-F, L50, F|\n|poke|p1|Chi-Yu, L50|\n|poke|p1|Whimsicott, L50, F|\n|poke|p1|Zamazenta-*, L50|\n|poke|p1|Ting-Lu, L50|\n|poke|p2|Ho-Oh, L50|\n|poke|p2|Urshifu-*, L50, M|\n|poke|p2|Toxapex, L50, F|\n|poke|p2|Miraidon, L50|\n|poke|p2|Rhyperior, L50, F|\n|poke|p2|Flutter Mane, L50|\n|teampreview|4\n|inactive|Battle timer is ON: inactive players will automatically lose when time's up. (requested by blackred123\u6c38\u96cf\u5854\u83f2\u4fa0)\n|\n|t:|1772624481\n|teamsize|p1|4\n|teamsize|p2|4\n|start\n|switch|p1a: \u6251\u897f|Zamazenta-Crowned, L50|100/100\n|switch|p1b: \u9f0e\u771f|Ting-Lu, L50|100/100\n|switch|p2a: Toxapex|Toxapex, L50, F, shiny|100/100\n|switch|p2b: Miraidon|Miraidon, L50, shiny|100/100\n|-fieldstart|move: Electric Terrain|[from] ability: Hadron Engine|[of] p2b: Miraidon\n|-ability|p1a: \u6251\u897f|Dauntless Shield|boost\n|-boost|p1a: \u6251\u897f|def|1\n|-ability|p1b: \u9f0e\u771f|Vessel of Ruin\n|turn|1\n|inactive|Jiggidy has 30 seconds left.\n|inactive|blackred123\u6c38\u96cf\u5854\u83f2\u4fa0 has 30 seconds left.\n|inactive|Jiggidy has 20 seconds left.\n|\n|t:|1772624517\n|move|p2a: Toxapex|Wide Guard|p2a: Toxapex\n|-singleturn|p2a: Toxapex|Wide Guard\n|move|p2b: Miraidon|Volt Switch|p1a: \u6251\u897f\n|-damage|p1a: \u6251\u897f|65/100\n|\n|t:|1772624524\n|switch|p2b: Ho-Oh|Ho-Oh, L50|100/100|[from] Volt Switch\n|move|p1a: \u6251\u897f|Heavy Slam|p2a: Toxapex\n|-resisted|p2a: Toxapex\n|-damage|p2a: Toxapex|85/100\n|move|p1b: \u9f0e\u771f|Ruination|p2a: Toxapex\n|-damage|p2a: Toxapex|43/100\n|\n|-heal|p2a: Toxapex|49/100|[from] item: Leftovers\n|upkeep\n|turn|2\n|j| dasabe\u76d6\u6b27\u5361\u4fa0\n|inactive|Jiggidy has 30 seconds left.\n|inactive|blackred123\u6c38\u96cf\u5854\u83f2\u4fa0 has 30 seconds left.\n|inactive|blackred123\u6c38\u96cf\u5854\u83f2\u4fa0 has 20 seconds left.\n|\n|t:|1772624569\n|move|p1a: \u6251\u897f|Heavy Slam|p2a: Toxapex\n|-resisted|p2a: Toxapex\n|-damage|p2a: Toxapex|33/100\n|move|p2b: Ho-Oh|Sacred Fire|p1a: \u6251\u897f\n|-supereffective|p1a: \u6251\u897f\n|-damage|p1a: \u6251\u897f|29/100\n|move|p2a: Toxapex|Infestation|p1a: \u6251\u897f\n|-resisted|p1a: \u6251\u897f\n|-damage|p1a: \u6251\u897f|29/100\n|-activate|p1a: \u6251\u897f|move: Infestation|[of] p2a: Toxapex\n|move|p1b: \u9f0e\u771f|Stomping Tantrum|p2a: Toxapex\n|-supereffective|p2a: Toxapex\n|-damage|p2a: Toxapex|0 fnt\n|faint|p2a: Toxapex\n|\n|-end|p1a: \u6251\u897f|Infestation|[partiallytrapped]|[silent]\n|upkeep\n|\n|t:|1772624578\n|switch|p2a: Urshifu|Urshifu, L50, M|100/100\n|turn|3\n|\n|t:|1772624594\n|-terastallize|p2a: Urshifu|Ghost\n|move|p1a: \u6251\u897f|Protect|p1a: \u6251\u897f\n|-singleturn|p1a: \u6251\u897f|Protect\n|move|p2a: Urshifu|Close Combat|p1b: \u9f0e\u771f\n|-supereffective|p1b: \u9f0e\u771f\n|-damage|p1b: \u9f0e\u771f|26/100\n|-unboost|p2a: Urshifu|def|1\n|-unboost|p2a: Urshifu|spd|1\n|move|p2b: Ho-Oh|Sacred Fire|p1a: \u6251\u897f\n|-activate|p1a: \u6251\u897f|move: Protect\n|move|p1b: \u9f0e\u771f|Bulldoze|p2b: Ho-Oh|[spread] p2a\n|-activate|p1a: \u6251\u897f|move: Protect\n|-immune|p2b: Ho-Oh\n|-crit|p2a: Urshifu\n|-damage|p2a: Urshifu|48/100\n|-unboost|p2a: Urshifu|spe|1\n|\n|upkeep\n|turn|4\n|inactive|blackred123\u6c38\u96cf\u5854\u83f2\u4fa0 has 30 seconds left.\n|inactive|blackred123\u6c38\u96cf\u5854\u83f2\u4fa0 has 20 seconds left.\n|inactive|blackred123\u6c38\u96cf\u5854\u83f2\u4fa0 has 15 seconds left.\n|\n|t:|1772624637\n|move|p2a: Urshifu|Detect|p2a: Urshifu\n|-singleturn|p2a: Urshifu|Protect\n|move|p1a: \u6251\u897f|Heavy Slam|p2a: Urshifu\n|-activate|p2a: Urshifu|move: Protect\n|move|p2b: Ho-Oh|Sacred Fire|p1a: \u6251\u897f\n|-supereffective|p1a: \u6251\u897f\n|-damage|p1a: \u6251\u897f|0 fnt\n|faint|p1a: \u6251\u897f\n|move|p1b: \u9f0e\u771f|Ruination|p2b: Ho-Oh\n|-damage|p2b: Ho-Oh|51/100\n|\n|upkeep\n|\n|t:|1772624642\n|switch|p1a: \u6211\u8d85\u662f\u4f60\u7684\u68a6|Mewtwo, L50|100/100\n|-ability|p1a: \u6211\u8d85\u662f\u4f60\u7684\u68a6|Unnerve\n|turn|5\n|inactive|Jiggidy has 30 seconds left.\n|inactive|Jiggidy has 20 seconds left.\n|inactive|Jiggidy has 15 seconds left.\n|inactive|Jiggidy has 10 seconds left.\n|inactive|Jiggidy has 5 seconds left.\n|l| dasabe\u76d6\u6b27\u5361\u4fa0\n|\n|t:|1772624697\n|switch|p1b: \u4f8d\u7684\u6211\u7231\u5bfc\u7ba1|Indeedee-F, L50, F|100/100\n|-fieldstart|move: Psychic Terrain|[from] ability: Psychic Surge|[of] p1b: \u4f8d\u7684\u6211\u7231\u5bfc\u7ba1\n|move|p2b: Ho-Oh|Protect|p2b: Ho-Oh\n|-singleturn|p2b: Ho-Oh|Protect\n|move|p2a: Urshifu|Detect||[still]\n|-fail|p2a: Urshifu\n|move|p1a: \u6211\u8d85\u662f\u4f60\u7684\u68a6|Expanding Force|p2a: Urshifu|[spread] p2a\n|-activate|p2b: Ho-Oh|move: Protect\n|-damage|p2a: Urshifu|0 fnt\n|faint|p2a: Urshifu\n|-damage|p1a: \u6211\u8d85\u662f\u4f60\u7684\u68a6|91/100|[from] item: Life Orb\n|\n|upkeep\n|\n|t:|1772624704\n|switch|p2a: Miraidon|Miraidon, L50, shiny|100/100\n|-fieldstart|move: Electric Terrain|[from] ability: Hadron Engine|[of] p2a: Miraidon\n|turn|6\n|inactive|Jiggidy has 30 seconds left.\n|inactive|blackred123\u6c38\u96cf\u5854\u83f2\u4fa0 has 30 seconds left.\n|inactive|Jiggidy has 20 seconds left.\n|inactive|blackred123\u6c38\u96cf\u5854\u83f2\u4fa0 has 20 seconds left.\n|\n|t:|1772624746\n|switch|p1a: \u9f0e\u771f|Ting-Lu, L50|26/100\n|-ability|p1a: \u9f0e\u771f|Vessel of Ruin\n|move|p2a: Miraidon|Dazzling Gleam|p1a: \u9f0e\u771f|[spread] p1a,p1b\n|-supereffective|p1a: \u9f0e\u771f\n|-damage|p1a: \u9f0e\u771f|3/100\n|-damage|p1b: \u4f8d\u7684\u6211\u7231\u5bfc\u7ba1|84/100\n|-enditem|p1b: \u4f8d\u7684\u6211\u7231\u5bfc\u7ba1|Eject Button\n|j| Yancy0721\u56fe\u56fe\u72ac\u4fa0\n|\n|t:|1772624754\n|switch|p1b: \u6211\u8d85\u662f\u4f60\u7684\u68a6|Mewtwo, L50|91/100\n|-ability|p1b: \u6211\u8d85\u662f\u4f60\u7684\u68a6|Unnerve\n|move|p2b: Ho-Oh|Sacred Fire|p1a: \u9f0e\u771f\n|-damage|p1a: \u9f0e\u771f|0 fnt\n|faint|p1a: \u9f0e\u771f\n|\n|upkeep\n|l| Yancy0721\u56fe\u56fe\u72ac\u4fa0\n|\n|t:|1772624762\n|switch|p1a: \u4f8d\u7684\u6211\u7231\u5bfc\u7ba1|Indeedee-F, L50, F|84/100\n|-fieldstart|move: Psychic Terrain|[from] ability: Psychic Surge|[of] p1a: \u4f8d\u7684\u6211\u7231\u5bfc\u7ba1\n|turn|7\n|\n|t:|1772624786\n|move|p1a: \u4f8d\u7684\u6211\u7231\u5bfc\u7ba1|Follow Me|p1a: \u4f8d\u7684\u6211\u7231\u5bfc\u7ba1\n|-singleturn|p1a: \u4f8d\u7684\u6211\u7231\u5bfc\u7ba1|move: Follow Me\n|move|p2a: Miraidon|Dazzling Gleam|p1a: \u4f8d\u7684\u6211\u7231\u5bfc\u7ba1|[spread] p1a,p1b\n|-damage|p1a: \u4f8d\u7684\u6211\u7231\u5bfc\u7ba1|68/100\n|-damage|p1b: \u6211\u8d85\u662f\u4f60\u7684\u68a6|67/100\n|move|p1b: \u6211\u8d85\u662f\u4f60\u7684\u68a6|Expanding Force|p2b: Ho-Oh|[spread] p2a,p2b\n|-damage|p2a: Miraidon|12/100\n|-damage|p2b: Ho-Oh|0 fnt\n|faint|p2b: Ho-Oh\n|-damage|p1b: \u6211\u8d85\u662f\u4f60\u7684\u68a6|57/100|[from] item: Life Orb\n|\n|upkeep\n|turn|8\n|\n|t:|1772624798\n|move|p1a: \u4f8d\u7684\u6211\u7231\u5bfc\u7ba1|Follow Me|p1a: \u4f8d\u7684\u6211\u7231\u5bfc\u7ba1\n|-singleturn|p1a: \u4f8d\u7684\u6211\u7231\u5bfc\u7ba1|move: Follow Me\n|move|p2a: Miraidon|Dazzling Gleam|p1a: \u4f8d\u7684\u6211\u7231\u5bfc\u7ba1|[spread] p1a,p1b\n|-damage|p1a: \u4f8d\u7684\u6211\u7231\u5bfc\u7ba1|52/100\n|-damage|p1b: \u6211\u8d85\u662f\u4f60\u7684\u68a6|34/100\n|move|p1b: \u6211\u8d85\u662f\u4f60\u7684\u68a6|Expanding Force|p2a: Miraidon\n|-damage|p2a: Miraidon|0 fnt\n|faint|p2a: Miraidon\n|-damage|p1b: \u6211\u8d85\u662f\u4f60\u7684\u68a6|24/100|[from] item: Life Orb\n|\n|win|blackred123\u6c38\u96cf\u5854\u83f2\u4fa0\n|raw|blackred123\u6c38\u96cf\u5854\u83f2\u4fa0's rating: 1431 &rarr; <strong>1449</strong><br />(+18 for winning)\n|raw|Jiggidy's rating: 1397 &rarr; <strong>1379</strong><br />(-18 for losing)\n|l|\u2606Jiggidy\n|player|p2|\n|j| Creeper_Lin\n|j| Yancy0721\u56fe\u56fe\u72ac\u4fa0\n","uploadtime":1772624808,"views":14,"formatid":"gen9vgc2026regi","rating":1379,"private":0,"password":null}