{"id":"gen9vgc2026regi-2580260260","format":"[Gen 9] VGC 2026 Reg I","players":["xiaoliyunVGC","Hzqmrln"],"log":"|j|\u2606xiaoliyunVGC\n|j|\u2606Hzqmrln\n|t:|1775871588\n|gametype|doubles\n|player|p1|xiaoliyunVGC|liko|1576\n|player|p2|Hzqmrln|2|1573\n|gen|9\n|tier|[Gen 9] VGC 2026 Reg I\n|rated|\n|rule|Species Clause: Limit one of each Pok\u00e9mon\n|rule|Item Clause: Limit 1 of each item\n|clearpoke\n|poke|p1|Miraidon, L50|\n|poke|p1|Zamazenta-*, L50|\n|poke|p1|Dragonite, L50, F|\n|poke|p1|Chien-Pao, L50|\n|poke|p1|Clefairy, L50, M|\n|poke|p1|Volcarona, L50, F|\n|poke|p2|Zamazenta-*, L50|\n|poke|p2|Farigiraf, L50, M|\n|poke|p2|Incineroar, L50, M|\n|poke|p2|Rillaboom, L50, F|\n|poke|p2|Kyogre, L50|\n|poke|p2|Whimsicott, L50, F|\n|teampreview|4\n|inactive|Battle timer is ON: inactive players will automatically lose when time's up. (requested by xiaoliyunVGC)\n|\n|t:|1775871608\n|teamsize|p1|4\n|teamsize|p2|4\n|start\n|switch|p1a: Zamazenta|Zamazenta-Crowned, L50, shiny|100/100\n|switch|p1b: Chien-Pao|Chien-Pao, L50, shiny|100/100\n|switch|p2a: Kyogre|Kyogre, L50|100/100\n|switch|p2b: Rillaboom|Rillaboom, L50, F|100/100\n|-weather|RainDance|[from] ability: Drizzle|[of] p2a: Kyogre\n|-ability|p1b: Chien-Pao|Sword of Ruin\n|-ability|p1a: Zamazenta|Dauntless Shield|boost\n|-boost|p1a: Zamazenta|def|1\n|-fieldstart|move: Grassy Terrain|[from] ability: Grassy Surge|[of] p2b: Rillaboom\n|turn|1\n|\n|t:|1775871624\n|switch|p2b: Incineroar|Incineroar, L50, M|100/100\n|-ability|p2b: Incineroar|Intimidate|boost\n|-unboost|p1a: Zamazenta|atk|1\n|-unboost|p1b: Chien-Pao|atk|1\n|move|p2a: Kyogre|Thunder|p1a: Zamazenta\n|-damage|p1a: Zamazenta|74/100\n|move|p1b: Chien-Pao|Ruination|p2a: Kyogre\n|-damage|p2a: Kyogre|51/100\n|move|p1a: Zamazenta|Body Press|p2a: Kyogre\n|-damage|p2a: Kyogre|0 fnt\n|faint|p2a: Kyogre\n|\n|-weather|RainDance|[upkeep]\n|-heal|p1a: Zamazenta|80/100|[from] Grassy Terrain\n|upkeep\n|\n|t:|1775871639\n|switch|p2a: Zamazenta|Zamazenta-Crowned, L50|100/100\n|-ability|p2a: Zamazenta|Dauntless Shield|boost\n|-boost|p2a: Zamazenta|def|1\n|turn|2\n|\n|t:|1775871651\n|move|p2b: Incineroar|Fake Out|p1a: Zamazenta\n|-resisted|p1a: Zamazenta\n|-crit|p1a: Zamazenta\n|-damage|p1a: Zamazenta|73/100\n|move|p1b: Chien-Pao|Ruination|p2a: Zamazenta\n|-damage|p2a: Zamazenta|51/100\n|move|p2a: Zamazenta|Iron Defense|p2a: Zamazenta\n|-boost|p2a: Zamazenta|def|2\n|cant|p1a: Zamazenta|flinch\n|\n|-weather|RainDance|[upkeep]\n|-heal|p2a: Zamazenta|57/100|[from] Grassy Terrain\n|-heal|p1a: Zamazenta|79/100|[from] Grassy Terrain\n|upkeep\n|turn|3\n|\n|t:|1775871666\n|-terastallize|p2b: Incineroar|Bug\n|move|p2a: Zamazenta|Protect|p2a: Zamazenta\n|-singleturn|p2a: Zamazenta|Protect\n|move|p1b: Chien-Pao|Icy Wind|p2b: Incineroar|[spread] p2b\n|-activate|p2a: Zamazenta|move: Protect\n|-damage|p2b: Incineroar|90/100\n|-unboost|p2b: Incineroar|spe|1\n|move|p1a: Zamazenta|Body Press|p2b: Incineroar\n|-resisted|p2b: Incineroar\n|-damage|p2b: Incineroar|48/100\n|move|p2b: Incineroar|Will-O-Wisp|p1a: Zamazenta\n|-status|p1a: Zamazenta|brn\n|\n|-weather|RainDance|[upkeep]\n|-heal|p2a: Zamazenta|63/100|[from] Grassy Terrain\n|-heal|p1a: Zamazenta|85/100 brn|[from] Grassy Terrain\n|-heal|p2b: Incineroar|54/100|[from] Grassy Terrain\n|-damage|p1a: Zamazenta|79/100 brn|[from] brn\n|upkeep\n|turn|4\n|inactive|Hzqmrln has 30 seconds left.\n|\n|t:|1775871694\n|-terastallize|p1b: Chien-Pao|Ghost\n|move|p1b: Chien-Pao|Icicle Crash|p2b: Incineroar\n|-damage|p2b: Incineroar|24/100\n|move|p2a: Zamazenta|Body Press|p1b: Chien-Pao\n|-immune|p1b: Chien-Pao\n|move|p1a: Zamazenta|Body Press|p2a: Zamazenta\n|-supereffective|p2a: Zamazenta\n|-damage|p2a: Zamazenta|41/100\n|move|p2b: Incineroar|Knock Off|p1b: Chien-Pao\n|-supereffective|p1b: Chien-Pao\n|-damage|p1b: Chien-Pao|0 fnt\n|-enditem|p1b: Chien-Pao|Assault Vest|[from] move: Knock Off|[of] p2b: Incineroar\n|faint|p1b: Chien-Pao\n|\n|-weather|RainDance|[upkeep]\n|-heal|p2a: Zamazenta|47/100|[from] Grassy Terrain\n|-heal|p1a: Zamazenta|85/100 brn|[from] Grassy Terrain\n|-heal|p2b: Incineroar|30/100|[from] Grassy Terrain\n|-damage|p1a: Zamazenta|79/100 brn|[from] brn\n|upkeep\n|\n|t:|1775871707\n|switch|p1b: Miraidon|Miraidon, L50, shiny|100/100\n|-fieldstart|move: Electric Terrain|[from] ability: Hadron Engine|[of] p1b: Miraidon\n|turn|5\n|\n|t:|1775871722\n|switch|p2b: Rillaboom|Rillaboom, L50, F|100/100\n|-fieldstart|move: Grassy Terrain|[from] ability: Grassy Surge|[of] p2b: Rillaboom\n|move|p2a: Zamazenta|Protect|p2a: Zamazenta\n|-singleturn|p2a: Zamazenta|Protect\n|move|p1b: Miraidon|Volt Switch|p2b: Rillaboom\n|-resisted|p2b: Rillaboom\n|-damage|p2b: Rillaboom|84/100\n|-damage|p1b: Miraidon|91/100|[from] item: Life Orb\n|\n|t:|1775871732\n|switch|p1b: Volcarona|Volcarona, L50, F, shiny|100/100|[from] Volt Switch\n|move|p1a: Zamazenta|Body Press|p2b: Rillaboom\n|-damage|p2b: Rillaboom|52/100\n|\n|-weather|none\n|-heal|p2a: Zamazenta|53/100|[from] Grassy Terrain\n|-heal|p1a: Zamazenta|85/100 brn|[from] Grassy Terrain\n|-heal|p2b: Rillaboom|58/100|[from] Grassy Terrain\n|-damage|p1a: Zamazenta|79/100 brn|[from] brn\n|upkeep\n|turn|6\n|j| medium dory\n|\n|t:|1775871750\n|switch|p2b: Incineroar|Incineroar, L50, M, tera:Bug|30/100\n|-ability|p2b: Incineroar|Intimidate|boost\n|-unboost|p1a: Zamazenta|atk|1\n|-unboost|p1b: Volcarona|atk|1\n|move|p2a: Zamazenta|Iron Defense|p2a: Zamazenta\n|-boost|p2a: Zamazenta|def|2\n|move|p1a: Zamazenta|Body Press|p2a: Zamazenta\n|-supereffective|p2a: Zamazenta\n|-damage|p2a: Zamazenta|43/100\n|move|p1b: Volcarona|Quiver Dance|p1b: Volcarona\n|-boost|p1b: Volcarona|spa|1\n|-boost|p1b: Volcarona|spd|1\n|-boost|p1b: Volcarona|spe|1\n|\n|-heal|p2a: Zamazenta|49/100|[from] Grassy Terrain\n|-heal|p1a: Zamazenta|85/100 brn|[from] Grassy Terrain\n|-heal|p2b: Incineroar|36/100|[from] Grassy Terrain\n|-damage|p1a: Zamazenta|79/100 brn|[from] brn\n|upkeep\n|turn|7\n|\n|t:|1775871770\n|move|p1b: Volcarona|Protect|p1b: Volcarona\n|-singleturn|p1b: Volcarona|Protect\n|move|p2b: Incineroar|Fake Out|p1b: Volcarona\n|-activate|p1b: Volcarona|move: Protect\n|move|p2a: Zamazenta|Body Press|p1b: Volcarona\n|-activate|p1b: Volcarona|move: Protect\n|move|p1a: Zamazenta|Body Press|p2a: Zamazenta\n|-supereffective|p2a: Zamazenta\n|-damage|p2a: Zamazenta|38/100\n|\n|-heal|p2a: Zamazenta|44/100|[from] Grassy Terrain\n|-heal|p1a: Zamazenta|85/100 brn|[from] Grassy Terrain\n|-heal|p2b: Incineroar|42/100|[from] Grassy Terrain\n|-damage|p1a: Zamazenta|79/100 brn|[from] brn\n|upkeep\n|turn|8\n|\n|t:|1775871786\n|switch|p1a: Miraidon|Miraidon, L50, shiny|91/100\n|-fieldstart|move: Electric Terrain|[from] ability: Hadron Engine|[of] p1a: Miraidon\n|move|p1b: Volcarona|Flamethrower|p2b: Incineroar\n|-supereffective|p2b: Incineroar\n|-damage|p2b: Incineroar|0 fnt\n|faint|p2b: Incineroar\n|move|p2a: Zamazenta|Body Press|p1b: Volcarona\n|-resisted|p1b: Volcarona\n|-damage|p1b: Volcarona|10/100\n|\n|-heal|p1b: Volcarona|17/100|[from] item: Leftovers\n|upkeep\n|\n|t:|1775871799\n|switch|p2b: Rillaboom|Rillaboom, L50, F|58/100\n|-fieldstart|move: Grassy Terrain|[from] ability: Grassy Surge|[of] p2b: Rillaboom\n|turn|9\n|\n|t:|1775871819\n|switch|p1a: Zamazenta|Zamazenta-Crowned, L50, shiny|79/100 brn\n|move|p1b: Volcarona|Protect|p1b: Volcarona\n|-singleturn|p1b: Volcarona|Protect\n|move|p2b: Rillaboom|Fake Out|p1b: Volcarona\n|-activate|p1b: Volcarona|move: Protect\n|move|p2a: Zamazenta|Body Press|p1a: Zamazenta\n|-supereffective|p1a: Zamazenta\n|-damage|p1a: Zamazenta|0 fnt\n|faint|p1a: Zamazenta\n|\n|-heal|p1b: Volcarona|23/100|[from] Grassy Terrain\n|-heal|p1b: Volcarona|29/100|[from] item: Leftovers\n|-heal|p2a: Zamazenta|50/100|[from] Grassy Terrain\n|-heal|p2b: Rillaboom|64/100|[from] Grassy Terrain\n|upkeep\n|\n|t:|1775871824\n|switch|p1a: Miraidon|Miraidon, L50, shiny|91/100\n|-fieldstart|move: Electric Terrain|[from] ability: Hadron Engine|[of] p1a: Miraidon\n|turn|10\n|\n|t:|1775871833\n|move|p1b: Volcarona|Flamethrower|p2b: Rillaboom\n|-supereffective|p2b: Rillaboom\n|-damage|p2b: Rillaboom|0 fnt\n|faint|p2b: Rillaboom\n|move|p1a: Miraidon|Electro Drift|p2a: Zamazenta\n|-damage|p2a: Zamazenta|0 fnt\n|faint|p2a: Zamazenta\n|-damage|p1a: Miraidon|82/100|[from] item: Life Orb\n|\n|win|xiaoliyunVGC\n|raw|xiaoliyunVGC's rating: 1576 &rarr; <strong>1596</strong><br />(+20 for winning)\n|raw|Hzqmrln's rating: 1573 &rarr; <strong>1553</strong><br />(-20 for losing)\n|l|\u2606Hzqmrln\n|player|p2|\n","uploadtime":1775872098,"views":13,"formatid":"gen9vgc2026regi","rating":1553,"private":0,"password":null}