{"id":"gen9vgc2026regi-2549880156","format":"[Gen 9] VGC 2026 Reg I","players":["lalo's pollos","Rypassed You"],"log":"|j|\u2606lalo's pollos\n|j|\u2606Rypassed You\n|t:|1772420199\n|gametype|doubles\n|player|p1|lalo's pollos|169|1450\n|player|p2|Rypassed You|drayton|1643\n|gen|9\n|tier|[Gen 9] VGC 2026 Reg I\n|rated|\n|rule|Species Clause: Limit one of each Pok\u00e9mon\n|rule|Item Clause: Limit 1 of each item\n|clearpoke\n|poke|p1|Miraidon, L50|\n|poke|p1|Landorus, L50, M|\n|poke|p1|Incineroar, L50, F|\n|poke|p1|Iron Bundle, L50|\n|poke|p1|Farigiraf, L50, F|\n|poke|p1|Calyrex-Ice, L50|\n|poke|p2|Kyogre, L50|\n|poke|p2|Miraidon, L50|\n|poke|p2|Tornadus, L50, M|\n|poke|p2|Iron Hands, L50|\n|poke|p2|Farigiraf, L50, F|\n|poke|p2|Urshifu-*, L50, M|\n|teampreview|4\n|inactive|Battle timer is ON: inactive players will automatically lose when time's up. (requested by Rypassed You)\n|inactive|lalo's pollos has 60 seconds left.\n|\n|t:|1772420248\n|teamsize|p1|4\n|teamsize|p2|4\n|start\n|switch|p1a: Co-Star|Miraidon, L50|100/100\n|switch|p1b: the Manager|Farigiraf, L50, F|100/100\n|switch|p2a: \u30c8\u30eb\u30cd\u30ed\u30b9|Tornadus, L50, M|100/100\n|switch|p2b: Natalia|Miraidon, L50|100/100\n|-fieldstart|move: Electric Terrain|[from] ability: Hadron Engine|[of] p1a: Co-Star\n|-activate|p2b: Natalia|ability: Hadron Engine\n|turn|1\n|\n|t:|1772420259\n|move|p1a: Co-Star|Dazzling Gleam|p2a: \u30c8\u30eb\u30cd\u30ed\u30b9|[spread] p2a,p2b\n|-supereffective|p2b: Natalia\n|-damage|p2a: \u30c8\u30eb\u30cd\u30ed\u30b9|40/100\n|-damage|p2b: Natalia|28/100\n|move|p2b: Natalia|Electro Drift|p1b: the Manager\n|-damage|p1b: the Manager|0 fnt\n|faint|p1b: the Manager\n|move|p2a: \u30c8\u30eb\u30cd\u30ed\u30b9|Bleakwind Storm|p1a: Co-Star\n|-resisted|p1a: Co-Star\n|-damage|p1a: Co-Star|75/100\n|\n|upkeep\n|inactive|lalo's pollos has 30 seconds left.\n|\n|t:|1772420285\n|switch|p1b: Calyrex|Calyrex-Ice, L50|100/100\n|-ability|p1b: Calyrex|As One\n|-ability|p1b: Calyrex|Unnerve\n|turn|2\n|\n|t:|1772420307\n|switch|p2b: Dhruva|Kyogre, L50|100/100\n|-weather|RainDance|[from] ability: Drizzle|[of] p2b: Dhruva\n|move|p1b: Calyrex|Protect|p1b: Calyrex\n|-singleturn|p1b: Calyrex|Protect\n|move|p2a: \u30c8\u30eb\u30cd\u30ed\u30b9|Taunt|p1b: Calyrex\n|-activate|p1b: Calyrex|move: Protect\n|move|p1a: Co-Star|Dazzling Gleam|p2b: Dhruva|[spread] p2a,p2b\n|-damage|p2a: \u30c8\u30eb\u30cd\u30ed\u30b9|0 fnt\n|-damage|p2b: Dhruva|70/100\n|faint|p2a: \u30c8\u30eb\u30cd\u30ed\u30b9\n|\n|-weather|RainDance|[upkeep]\n|upkeep\n|\n|t:|1772420311\n|switch|p2a: Eugene|Iron Hands, L50|100/100\n|-activate|p2a: Eugene|ability: Quark Drive\n|-start|p2a: Eugene|quarkdriveatk\n|turn|3\n|\n|t:|1772420333\n|-terastallize|p2a: Eugene|Bug\n|-terastallize|p1b: Calyrex|Water\n|move|p1a: Co-Star|Dazzling Gleam|p2b: Dhruva|[spread] p2a,p2b\n|-damage|p2a: Eugene|76/100\n|-damage|p2b: Dhruva|39/100\n|move|p2b: Dhruva|Origin Pulse|p1b: Calyrex|[spread] \n|-miss|p2b: Dhruva|p1a: Co-Star\n|-miss|p2b: Dhruva|p1b: Calyrex\n|move|p1b: Calyrex|Glacial Lance|p2b: Dhruva|[spread] p2a,p2b\n|-resisted|p2b: Dhruva\n|-damage|p2a: Eugene|40/100\n|-damage|p2b: Dhruva|9/100\n|move|p2a: Eugene|Drain Punch|p1b: Calyrex\n|-damage|p1b: Calyrex|61/100\n|-heal|p2a: Eugene|57/100|[from] drain|[of] p1b: Calyrex\n|\n|-weather|RainDance|[upkeep]\n|upkeep\n|turn|4\n|\n|t:|1772420355\n|switch|p1b: Incineroar|Incineroar, L50, F|100/100\n|-ability|p1b: Incineroar|Intimidate|boost\n|-unboost|p2a: Eugene|atk|1\n|-unboost|p2b: Dhruva|atk|1\n|move|p2b: Dhruva|Protect|p2b: Dhruva\n|-singleturn|p2b: Dhruva|Protect\n|move|p1a: Co-Star|Dazzling Gleam|p2b: Dhruva|[spread] p2a\n|-activate|p2b: Dhruva|move: Protect\n|-damage|p2a: Eugene|33/100\n|move|p2a: Eugene|Low Kick|p1b: Incineroar\n|-supereffective|p1b: Incineroar\n|-damage|p1b: Incineroar|40/100\n|\n|-weather|RainDance|[upkeep]\n|upkeep\n|turn|5\n|-message|Rypassed You forfeited.\n|\n|win|lalo's pollos\n|raw|lalo&apos;s pollos's rating: 1450 &rarr; <strong>1480</strong><br />(+30 for winning)\n|raw|Rypassed You's rating: 1643 &rarr; <strong>1613</strong><br />(-30 for losing)\n|l|\u2606Rypassed You\n|player|p2|\n|l|\u2606lalo's pollos\n|player|p1|\n","uploadtime":1772420373,"views":15,"formatid":"gen9vgc2026regi","rating":1480,"private":0,"password":null}