{"id":"gen9vgc2026regi-2562939305","format":"[Gen 9] VGC 2026 Reg I","players":["ArisHazard","Wakandius_PMSD"],"log":"|badge|p2|bronze|gen9randombattle|100-8\n|uhtml|medal-msg|<div class=\"broadcast-blue\">Curious what those medals under the avatar are? PS now has Ladder Seasons! For more information, check out the <a href=\"https://www.smogon.com/forums/threads/3740067/\">thread on Smogon.</a></div>\n|j|\u2606ArisHazard\n|j|\u2606Wakandius_PMSD\n|t:|1773964787\n|gametype|doubles\n|player|p1|ArisHazard|265|1402\n|player|p2|Wakandius_PMSD|266|1435\n|gen|9\n|tier|[Gen 9] VGC 2026 Reg I\n|rated|\n|rule|Species Clause: Limit one of each Pok\u00e9mon\n|rule|Item Clause: Limit 1 of each item\n|clearpoke\n|poke|p1|Calyrex-Ice, L50|\n|poke|p1|Hitmontop, L50, M|\n|poke|p1|Miraidon, L50|\n|poke|p1|Sableye, L50, F|\n|poke|p1|Ting-Lu, L50|\n|poke|p1|Iron Valiant, L50|\n|poke|p2|Calyrex-Ice, L50|\n|poke|p2|Miraidon, L50|\n|poke|p2|Ursaluna, L50, F|\n|poke|p2|Volcarona, L50, F|\n|poke|p2|Grimmsnarl, L50, M|\n|poke|p2|Iron Hands, L50|\n|teampreview|4\n|inactive|Battle timer is ON: inactive players will automatically lose when time's up. (requested by ArisHazard)\n|inactive|ArisHazard has 60 seconds left.\n|\n|t:|1773964825\n|teamsize|p1|4\n|teamsize|p2|4\n|start\n|switch|p1a: Calyrex|Calyrex-Ice, L50|100/100\n|switch|p1b: Hitmontop|Hitmontop, L50, M|100/100\n|switch|p2a: Volcarona|Volcarona, L50, F|100/100\n|switch|p2b: Calyrex|Calyrex-Ice, L50|100/100\n|-ability|p2b: Calyrex|As One\n|-ability|p2b: Calyrex|Unnerve\n|-ability|p1a: Calyrex|As One\n|-ability|p1a: Calyrex|Unnerve\n|-ability|p1b: Hitmontop|Intimidate|boost\n|-unboost|p2a: Volcarona|atk|1\n|-unboost|p2b: Calyrex|atk|1\n|turn|1\n|\n|t:|1773964842\n|move|p1a: Calyrex|Protect|p1a: Calyrex\n|-singleturn|p1a: Calyrex|Protect\n|move|p2a: Volcarona|Overheat|p1b: Hitmontop\n|-damage|p1b: Hitmontop|49/100\n|-unboost|p2a: Volcarona|spa|2\n|move|p1b: Hitmontop|Coaching|p1a: Calyrex\n|-boost|p1a: Calyrex|atk|1\n|-boost|p1a: Calyrex|def|1\n|move|p2b: Calyrex|Glacial Lance|p1b: Hitmontop|[spread] p1b\n|-activate|p1a: Calyrex|move: Protect\n|-damage|p1b: Hitmontop|12/100\n|\n|upkeep\n|turn|2\n|\n|t:|1773964866\n|-terastallize|p1a: Calyrex|Fire\n|move|p1b: Hitmontop|Wide Guard|p1b: Hitmontop\n|-singleturn|p1b: Hitmontop|Wide Guard\n|move|p2a: Volcarona|Rage Powder|p2a: Volcarona\n|-singleturn|p2a: Volcarona|move: Rage Powder\n|move|p2b: Calyrex|Leech Seed|p1a: Calyrex\n|-start|p1a: Calyrex|move: Leech Seed\n|move|p1a: Calyrex|Glacial Lance|p2b: Calyrex|[spread] p2a,p2b\n|-resisted|p2a: Volcarona\n|-resisted|p2b: Calyrex\n|-damage|p2a: Volcarona|58/100\n|-damage|p2b: Calyrex|75/100\n|\n|-heal|p2b: Calyrex|80/100|[from] item: Leftovers\n|-damage|p1a: Calyrex|88/100|[from] Leech Seed|[of] p2b: Calyrex\n|-heal|p2b: Calyrex|92/100|[silent]\n|upkeep\n|turn|3\n|\n|t:|1773964884\n|switch|p1b: Sableye|Sableye, L50, F|100/100\n|move|p2a: Volcarona|Overheat|p1b: Sableye\n|-damage|p1b: Sableye|62/100\n|-unboost|p2a: Volcarona|spa|2\n|move|p2b: Calyrex|Leech Seed|p1b: Sableye\n|-start|p1b: Sableye|move: Leech Seed\n|move|p1a: Calyrex|Glacial Lance|p2a: Volcarona|[spread] p2a,p2b\n|-resisted|p2a: Volcarona\n|-resisted|p2b: Calyrex\n|-damage|p2a: Volcarona|18/100\n|-damage|p2b: Calyrex|65/100\n|\n|-heal|p2b: Calyrex|71/100|[from] item: Leftovers\n|-damage|p1b: Sableye|50/100|[from] Leech Seed|[of] p2b: Calyrex\n|-heal|p2b: Calyrex|80/100|[silent]\n|-damage|p1a: Calyrex|76/100|[from] Leech Seed|[of] p2b: Calyrex\n|-heal|p2b: Calyrex|92/100|[silent]\n|upkeep\n|turn|4\n|\n|t:|1773964907\n|switch|p2a: Iron Hands|Iron Hands, L50|100/100\n|move|p2b: Calyrex|Protect|p2b: Calyrex\n|-singleturn|p2b: Calyrex|Protect\n|move|p1b: Sableye|Encore|p2b: Calyrex\n|-activate|p2b: Calyrex|move: Protect\n|move|p1a: Calyrex|Glacial Lance|p2a: Iron Hands|[spread] p2a\n|-activate|p2b: Calyrex|move: Protect\n|-damage|p2a: Iron Hands|40/100\n|\n|-heal|p2b: Calyrex|98/100|[from] item: Leftovers\n|-damage|p1b: Sableye|37/100|[from] Leech Seed|[of] p2b: Calyrex\n|-heal|p2b: Calyrex|100/100|[silent]\n|-damage|p1a: Calyrex|63/100|[from] Leech Seed|[of] p2b: Calyrex\n|upkeep\n|turn|5\n|j| Td.prince\n|\n|t:|1773964926\n|move|p2a: Iron Hands|Fake Out|p1a: Calyrex\n|-damage|p1a: Calyrex|55/100\n|move|p1b: Sableye|Encore|p2b: Calyrex\n|-start|p2b: Calyrex|Encore\n|move|p2b: Calyrex|Protect|p2b: Calyrex\n|-singleturn|p2b: Calyrex|Protect\n|cant|p1a: Calyrex|flinch\n|\n|-damage|p1b: Sableye|25/100|[from] Leech Seed|[of] p2b: Calyrex\n|-damage|p1a: Calyrex|43/100|[from] Leech Seed|[of] p2b: Calyrex\n|upkeep\n|turn|6\n|\n|t:|1773964940\n|-end|p2a: Iron Hands|Quark Drive|[silent]\n|switch|p2a: Volcarona|Volcarona, L50, F|18/100\n|move|p2b: Calyrex|Protect||[still]\n|-fail|p2b: Calyrex\n|move|p1b: Sableye|Foul Play|p2b: Calyrex\n|-supereffective|p2b: Calyrex\n|-damage|p2b: Calyrex|53/100\n|move|p1a: Calyrex|Glacial Lance|p2a: Volcarona|[spread] p2a,p2b\n|-resisted|p2a: Volcarona\n|-resisted|p2b: Calyrex\n|-damage|p2a: Volcarona|0 fnt\n|-damage|p2b: Calyrex|26/100\n|faint|p2a: Volcarona\n|-ability|p1a: Calyrex|Chilling Neigh|boost\n|-boost|p1a: Calyrex|atk|1\n|\n|-heal|p2b: Calyrex|32/100|[from] item: Leftovers\n|-damage|p1b: Sableye|13/100|[from] Leech Seed|[of] p2b: Calyrex\n|-heal|p2b: Calyrex|41/100|[silent]\n|-damage|p1a: Calyrex|31/100|[from] Leech Seed|[of] p2b: Calyrex\n|-heal|p2b: Calyrex|53/100|[silent]\n|upkeep\n|\n|t:|1773964956\n|switch|p2a: Iron Hands|Iron Hands, L50|40/100\n|turn|7\n|\n|t:|1773964963\n|switch|p1b: Hitmontop|Hitmontop, L50, M|12/100\n|-ability|p1b: Hitmontop|Intimidate|boost\n|-unboost|p2a: Iron Hands|atk|1\n|-unboost|p2b: Calyrex|atk|1\n|switch|p1a: Ting-Lu|Ting-Lu, L50|100/100\n|-ability|p1a: Ting-Lu|Vessel of Ruin\n|move|p2b: Calyrex|Protect|p2b: Calyrex\n|-singleturn|p2b: Calyrex|Protect\n|move|p2a: Iron Hands|Fake Out|p1a: Ting-Lu\n|-damage|p1a: Ting-Lu|95/100\n|-damage|p2a: Iron Hands|23/100|[from] item: Rocky Helmet|[of] p1a: Ting-Lu\n|\n|-heal|p2b: Calyrex|59/100|[from] item: Leftovers\n|-end|p2b: Calyrex|Encore\n|upkeep\n|turn|8\n|inactive|Wakandius_PMSD has 30 seconds left.\n|inactive|Wakandius_PMSD has 20 seconds left.\n|inactive|Wakandius_PMSD has 15 seconds left.\n|\n|t:|1773965003\n|switch|p1a: Sableye|Sableye, L50, F|13/100\n|-terastallize|p2b: Calyrex|Water\n|move|p1b: Hitmontop|Fake Out|p2b: Calyrex\n|-damage|p2b: Calyrex|53/100\n|move|p2a: Iron Hands|Wild Charge|p1b: Hitmontop\n|-damage|p1b: Hitmontop|0 fnt\n|faint|p1b: Hitmontop\n|-damage|p2a: Iron Hands|21/100|[from] Recoil\n|cant|p2b: Calyrex|flinch\n|\n|-heal|p2b: Calyrex|59/100|[from] item: Leftovers\n|upkeep\n|\n|t:|1773965020\n|switch|p1b: Calyrex|Calyrex-Ice, L50, tera:Fire|31/100\n|-ability|p1b: Calyrex|As One\n|-ability|p1b: Calyrex|Unnerve\n|turn|9\n|\n|t:|1773965029\n|move|p2b: Calyrex|Protect|p2b: Calyrex\n|-singleturn|p2b: Calyrex|Protect\n|move|p1a: Sableye|Encore|p2b: Calyrex\n|-activate|p2b: Calyrex|move: Protect\n|move|p2a: Iron Hands|Wild Charge|p1a: Sableye\n|-damage|p1a: Sableye|0 fnt\n|faint|p1a: Sableye\n|-damage|p2a: Iron Hands|19/100|[from] Recoil\n|move|p1b: Calyrex|Glacial Lance|p2a: Iron Hands|[spread] p2a\n|-activate|p2b: Calyrex|move: Protect\n|-damage|p2a: Iron Hands|0 fnt\n|faint|p2a: Iron Hands\n|-end|p2a: Iron Hands|Quark Drive|[silent]\n|-ability|p1b: Calyrex|Chilling Neigh|boost\n|-boost|p1b: Calyrex|atk|1\n|\n|-heal|p2b: Calyrex|64/100|[from] item: Leftovers\n|upkeep\n|\n|t:|1773965048\n|switch|p2a: Miraidon|Miraidon, L50|100/100\n|switch|p1a: Ting-Lu|Ting-Lu, L50|95/100\n|-fieldstart|move: Electric Terrain|[from] ability: Hadron Engine|[of] p2a: Miraidon\n|-ability|p1a: Ting-Lu|Vessel of Ruin\n|turn|10\n|\n|t:|1773965062\n|move|p1a: Ting-Lu|Protect|p1a: Ting-Lu\n|-singleturn|p1a: Ting-Lu|Protect\n|move|p2a: Miraidon|Dazzling Gleam|p1b: Calyrex|[spread] p1b\n|-activate|p1a: Ting-Lu|move: Protect\n|-resisted|p1b: Calyrex\n|-damage|p1b: Calyrex|19/100\n|move|p2b: Calyrex|Leech Seed|p1a: Ting-Lu\n|-activate|p1a: Ting-Lu|move: Protect\n|move|p1b: Calyrex|Glacial Lance|p2a: Miraidon|[spread] p2a,p2b\n|-supereffective|p2a: Miraidon\n|-resisted|p2b: Calyrex\n|-damage|p2a: Miraidon|0 fnt\n|-damage|p2b: Calyrex|38/100\n|faint|p2a: Miraidon\n|-ability|p1b: Calyrex|Chilling Neigh|boost\n|-boost|p1b: Calyrex|atk|1\n|\n|-heal|p2b: Calyrex|43/100|[from] item: Leftovers\n|upkeep\n|turn|11\n|\n|t:|1773965082\n|move|p2b: Calyrex|Protect|p2b: Calyrex\n|-singleturn|p2b: Calyrex|Protect\n|move|p1a: Ting-Lu|Ruination|p2b: Calyrex\n|-activate|p2b: Calyrex|move: Protect\n|move|p1b: Calyrex|Glacial Lance|p2b: Calyrex\n|-activate|p2b: Calyrex|move: Protect\n|\n|-heal|p2b: Calyrex|49/100|[from] item: Leftovers\n|upkeep\n|turn|12\n|\n|t:|1773965096\n|move|p2b: Calyrex|Leech Seed|p1b: Calyrex\n|-start|p1b: Calyrex|move: Leech Seed\n|move|p1a: Ting-Lu|Ruination|p2b: Calyrex|[miss]\n|-miss|p1a: Ting-Lu|p2b: Calyrex\n|move|p1b: Calyrex|Glacial Lance|p2b: Calyrex\n|-resisted|p2b: Calyrex\n|-damage|p2b: Calyrex|2/100\n|\n|-heal|p2b: Calyrex|8/100|[from] item: Leftovers\n|-damage|p1b: Calyrex|7/100|[from] Leech Seed|[of] p2b: Calyrex\n|-heal|p2b: Calyrex|20/100|[silent]\n|upkeep\n|turn|13\n|\n|t:|1773965114\n|move|p2b: Calyrex|Protect|p2b: Calyrex\n|-singleturn|p2b: Calyrex|Protect\n|move|p1a: Ting-Lu|Stomping Tantrum|p2b: Calyrex\n|-activate|p2b: Calyrex|move: Protect\n|move|p1b: Calyrex|Trick Room|p1b: Calyrex\n|-fieldstart|move: Trick Room|[of] p1b: Calyrex\n|\n|-heal|p2b: Calyrex|26/100|[from] item: Leftovers\n|-damage|p1b: Calyrex|0 fnt|[from] Leech Seed|[of] p2b: Calyrex\n|-heal|p2b: Calyrex|32/100|[silent]\n|faint|p1b: Calyrex\n|upkeep\n|turn|14\n|\n|t:|1773965127\n|move|p1a: Ting-Lu|Sand Tomb|p2b: Calyrex\n|-damage|p2b: Calyrex|22/100\n|-activate|p2b: Calyrex|move: Sand Tomb|[of] p1a: Ting-Lu\n|move|p2b: Calyrex|Leech Seed|p1a: Ting-Lu\n|-start|p1a: Ting-Lu|move: Leech Seed\n|\n|-heal|p2b: Calyrex|28/100|[from] item: Leftovers\n|-damage|p1a: Ting-Lu|83/100|[from] Leech Seed|[of] p2b: Calyrex\n|-heal|p2b: Calyrex|44/100|[silent]\n|-damage|p2b: Calyrex|32/100|[from] move: Sand Tomb|[partiallytrapped]\n|-fieldend|move: Electric Terrain\n|upkeep\n|turn|15\n|-message|ArisHazard forfeited.\n|\n|win|Wakandius_PMSD\n|raw|ArisHazard's rating: 1402 &rarr; <strong>1384</strong><br />(-18 for losing)\n|raw|Wakandius_PMSD's rating: 1435 &rarr; <strong>1453</strong><br />(+18 for winning)\n|l|\u2606ArisHazard\n|player|p1|\n|l|\u2606Wakandius_PMSD\n|player|p2|\n|l| Td.prince\n|j| Td.prince\n|l| Td.prince\n","uploadtime":1773965354,"views":16,"formatid":"gen9vgc2026regi","rating":1384,"private":0,"password":null}