{"id":"gen9vgc2026regi-2557195518","format":"[Gen 9] VGC 2026 Reg I","players":["alexit93","GojiraFanBoy"],"log":"|j|\u2606alexit93\n|j|\u2606GojiraFanBoy\n|t:|1773292458\n|gametype|doubles\n|player|p1|alexit93|lucas-gen4pt|1459\n|player|p2|GojiraFanBoy|266|1413\n|gen|9\n|tier|[Gen 9] VGC 2026 Reg I\n|rated|\n|rule|Species Clause: Limit one of each Pok\u00e9mon\n|rule|Item Clause: Limit 1 of each item\n|clearpoke\n|poke|p1|Zamazenta-*, L50|\n|poke|p1|Chien-Pao, L50|\n|poke|p1|Miraidon, L50|\n|poke|p1|Whimsicott, L50, F|\n|poke|p1|Farigiraf, L50, M|\n|poke|p1|Landorus, L50, M|\n|poke|p2|Koraidon, L50|\n|poke|p2|Calyrex-Shadow, L50|\n|poke|p2|Gothitelle, L50, F|\n|poke|p2|Scream Tail, L50|\n|poke|p2|Amoonguss, L50, M|\n|poke|p2|Incineroar, L50, M|\n|teampreview|4\n|inactive|Battle timer is ON: inactive players will automatically lose when time's up. (requested by alexit93)\n|\n|t:|1773292523\n|teamsize|p1|4\n|teamsize|p2|4\n|start\n|switch|p1a: Miraidon|Miraidon, L50, shiny|100/100\n|switch|p1b: Whimsicott|Whimsicott, L50, F|100/100\n|switch|p2a: Calyrex|Calyrex-Shadow, L50|100/100\n|switch|p2b: Amoonguss|Amoonguss, L50, M|100/100\n|-ability|p2a: Calyrex|As One\n|-ability|p2a: Calyrex|Unnerve\n|-fieldstart|move: Electric Terrain|[from] ability: Hadron Engine|[of] p1a: Miraidon\n|turn|1\n|inactive|GojiraFanBoy has 30 seconds left.\n|inactive|GojiraFanBoy has 20 seconds left.\n|inactive|GojiraFanBoy has 15 seconds left.\n|inactive|GojiraFanBoy has 10 seconds left.\n|inactive|GojiraFanBoy has 5 seconds left.\n|\n|t:|1773292578\n|move|p1b: Whimsicott|Tailwind|p1b: Whimsicott\n|-sidestart|p1: alexit93|move: Tailwind\n|move|p1a: Miraidon|Volt Switch|p2a: Calyrex\n|-enditem|p2a: Calyrex|Focus Sash\n|-damage|p2a: Calyrex|1/100\n|\n|t:|1773292585\n|switch|p1a: Farigiraf|Farigiraf, L50, M|100/100|[from] Volt Switch\n|-enditem|p1a: Farigiraf|Electric Seed\n|-boost|p1a: Farigiraf|def|1|[from] item: Electric Seed\n|move|p2a: Calyrex|Astral Barrage|p1a: Farigiraf|[spread] p1b\n|-immune|p1a: Farigiraf\n|-damage|p1b: Whimsicott|14/100\n|move|p2b: Amoonguss|Spore|p1b: Whimsicott\n|-immune|p1b: Whimsicott\n|\n|upkeep\n|turn|2\n|\n|t:|1773292598\n|switch|p2a: Incineroar|Incineroar, L50, M|100/100\n|-ability|p2a: Incineroar|Intimidate|boost\n|-unboost|p1a: Farigiraf|atk|1\n|-unboost|p1b: Whimsicott|atk|1\n|move|p1b: Whimsicott|Moonblast|p2a: Incineroar\n|-damage|p2a: Incineroar|78/100\n|-unboost|p2a: Incineroar|spa|1\n|move|p1a: Farigiraf|Foul Play|p2b: Amoonguss\n|-damage|p2b: Amoonguss|85/100\n|move|p2b: Amoonguss|Sludge Bomb|p1b: Whimsicott\n|-supereffective|p1b: Whimsicott\n|-damage|p1b: Whimsicott|0 fnt\n|faint|p1b: Whimsicott\n|\n|upkeep\n|\n|t:|1773292604\n|switch|p1b: Miraidon|Miraidon, L50, shiny|100/100\n|-activate|p1b: Miraidon|ability: Hadron Engine\n|turn|3\n|\n|t:|1773292616\n|-terastallize|p1b: Miraidon|Fairy\n|move|p1a: Farigiraf|Helping Hand|p1b: Miraidon\n|-singleturn|p1b: Miraidon|Helping Hand|[of] p1a: Farigiraf\n|move|p2a: Incineroar|Protect|p2a: Incineroar\n|-singleturn|p2a: Incineroar|Protect\n|move|p1b: Miraidon|Dazzling Gleam|p2a: Incineroar|[spread] p2b\n|-activate|p2a: Incineroar|move: Protect\n|-resisted|p2b: Amoonguss\n|-damage|p2b: Amoonguss|48/100\n|move|p2b: Amoonguss|Sludge Bomb|p1b: Miraidon\n|-supereffective|p1b: Miraidon\n|-damage|p1b: Miraidon|48/100\n|\n|upkeep\n|turn|4\n|\n|t:|1773292630\n|move|p1b: Miraidon|Dazzling Gleam|p2a: Incineroar|[spread] p2a,p2b\n|-resisted|p2b: Amoonguss\n|-damage|p2a: Incineroar|25/100\n|-damage|p2b: Amoonguss|24/100\n|move|p2a: Incineroar|Parting Shot|p1b: Miraidon\n|-unboost|p1b: Miraidon|atk|1\n|-unboost|p1b: Miraidon|spa|1\n|\n|t:|1773292638\n|switch|p2a: Calyrex|Calyrex-Shadow, L50|1/100|[from] Parting Shot\n|-ability|p2a: Calyrex|As One\n|-ability|p2a: Calyrex|Unnerve\n|move|p2b: Amoonguss|Sludge Bomb|p1b: Miraidon\n|-supereffective|p1b: Miraidon\n|-damage|p1b: Miraidon|0 fnt\n|faint|p1b: Miraidon\n|move|p1a: Farigiraf|Trick Room|p1a: Farigiraf\n|-fieldstart|move: Trick Room|[of] p1a: Farigiraf\n|\n|-sideend|p1: alexit93|move: Tailwind\n|upkeep\n|\n|t:|1773292641\n|switch|p1b: Zamazenta|Zamazenta-Crowned, L50, shiny|100/100\n|-ability|p1b: Zamazenta|Dauntless Shield|boost\n|-boost|p1b: Zamazenta|def|1\n|turn|5\n|\n|t:|1773292653\n|move|p2b: Amoonguss|Protect|p2b: Amoonguss\n|-singleturn|p2b: Amoonguss|Protect\n|move|p2a: Calyrex|Protect|p2a: Calyrex\n|-singleturn|p2a: Calyrex|Protect\n|move|p1a: Farigiraf|Foul Play|p2a: Calyrex\n|-activate|p2a: Calyrex|move: Protect\n|move|p1b: Zamazenta|Behemoth Bash|p2b: Amoonguss\n|-activate|p2b: Amoonguss|move: Protect\n|\n|-fieldend|move: Electric Terrain\n|upkeep\n|turn|6\n|\n|t:|1773292665\n|switch|p2a: Incineroar|Incineroar, L50, M|25/100\n|-ability|p2a: Incineroar|Intimidate|boost\n|-unboost|p1a: Farigiraf|atk|1\n|-unboost|p1b: Zamazenta|atk|1\n|move|p1b: Zamazenta|Protect|p1b: Zamazenta\n|-singleturn|p1b: Zamazenta|Protect\n|move|p2b: Amoonguss|Spore|p1a: Farigiraf\n|-status|p1a: Farigiraf|slp|[from] move: Spore\n|cant|p1a: Farigiraf|slp\n|\n|upkeep\n|turn|7\n|\n|t:|1773292684\n|move|p2b: Amoonguss|Spore|p1b: Zamazenta\n|-status|p1b: Zamazenta|slp|[from] move: Spore\n|cant|p1a: Farigiraf|slp\n|move|p2a: Incineroar|Flare Blitz|p1b: Zamazenta\n|-supereffective|p1b: Zamazenta\n|-damage|p1b: Zamazenta|63/100 slp\n|-damage|p2a: Incineroar|15/100|[from] Recoil\n|cant|p1b: Zamazenta|slp\n|\n|upkeep\n|turn|8\n|-message|alexit93 forfeited.\n|\n|win|GojiraFanBoy\n|raw|alexit93's rating: 1459 &rarr; <strong>1436</strong><br />(-23 for losing)\n|raw|GojiraFanBoy's rating: 1413 &rarr; <strong>1436</strong><br />(+23 for winning)\n|l|\u2606alexit93\n|player|p1|\n|l|\u2606GojiraFanBoy\n|player|p2|\n","uploadtime":1773292855,"views":12,"formatid":"gen9vgc2026regi","rating":1436,"private":0,"password":null}