{"id":"gen9vgc2026regi-2577032061","format":"[Gen 9] VGC 2026 Reg I","players":["BLK DG","gabolve"],"log":"|j|\u2606BLK DG\n|j|\u2606gabolve\n|t:|1775529069\n|gametype|doubles\n|player|p1|BLK DG|irida|1186\n|player|p2|gabolve|maid|1281\n|gen|9\n|tier|[Gen 9] VGC 2026 Reg I\n|rated|\n|rule|Species Clause: Limit one of each Pok\u00e9mon\n|rule|Item Clause: Limit 1 of each item\n|clearpoke\n|poke|p1|Charizard, L50, F|\n|poke|p1|Koraidon, L50|\n|poke|p1|Calyrex-Ice, L50|\n|poke|p1|Landorus, L50, M|\n|poke|p1|Raging Bolt, L50|\n|poke|p1|Incineroar, L50, F|\n|poke|p2|Calyrex-Ice, L50|\n|poke|p2|Indeedee-F, L50, F|\n|poke|p2|Iron Hands, L50|\n|poke|p2|Kyogre, L50|\n|poke|p2|Archaludon, L50, F|\n|poke|p2|Sinistcha-Masterpiece, L50|\n|teampreview|4\n|inactive|Battle timer is ON: inactive players will automatically lose when time's up. (requested by gabolve)\n|inactive|BLK DG has 60 seconds left.\n|\n|t:|1775529116\n|teamsize|p1|4\n|teamsize|p2|4\n|start\n|switch|p1a: Incineroar|Incineroar, L50, F|100/100\n|switch|p1b: Charizard|Charizard, L50, F|100/100\n|switch|p2a: sdnaH norI|Iron Hands, L50, shiny|100/100\n|switch|p2b: ecI-xerylaC|Calyrex-Ice, L50|100/100\n|-ability|p2b: ecI-xerylaC|As One\n|-ability|p2b: ecI-xerylaC|Unnerve\n|-ability|p1a: Incineroar|Intimidate|boost\n|-unboost|p2a: sdnaH norI|atk|1\n|-fail|p2b: ecI-xerylaC|unboost|[from] item: Clear Amulet|[of] p2b: ecI-xerylaC\n|-enditem|p2a: sdnaH norI|Booster Energy\n|-activate|p2a: sdnaH norI|ability: Quark Drive|[fromitem]\n|-start|p2a: sdnaH norI|quarkdriveatk\n|turn|1\n|\n|t:|1775529130\n|move|p1a: Incineroar|Fake Out|p2b: ecI-xerylaC\n|-damage|p2b: ecI-xerylaC|93/100\n|move|p2a: sdnaH norI|Fake Out|p1b: Charizard\n|-damage|p1b: Charizard|78/100\n|cant|p1b: Charizard|flinch\n|cant|p2b: ecI-xerylaC|flinch\n|\n|upkeep\n|turn|2\n|\n|t:|1775529139\n|move|p2b: ecI-xerylaC|Protect|p2b: ecI-xerylaC\n|-singleturn|p2b: ecI-xerylaC|Protect\n|move|p1b: Charizard|Heat Wave|p2a: sdnaH norI|[spread] p2a\n|-activate|p2b: ecI-xerylaC|move: Protect\n|-damage|p2a: sdnaH norI|66/100\n|move|p1a: Incineroar|Knock Off|p2b: ecI-xerylaC\n|-activate|p2b: ecI-xerylaC|move: Protect\n|move|p2a: sdnaH norI|Wild Charge|p1b: Charizard\n|-supereffective|p1b: Charizard\n|-damage|p1b: Charizard|0 fnt\n|faint|p1b: Charizard\n|-damage|p2a: sdnaH norI|54/100|[from] Recoil\n|\n|upkeep\n|\n|t:|1775529143\n|switch|p1b: Raging Bolt|Raging Bolt, L50|100/100\n|turn|3\n|\n|t:|1775529160\n|-terastallize|p2b: ecI-xerylaC|Grass\n|move|p1b: Raging Bolt|Draco Meteor|p2a: sdnaH norI\n|-damage|p2a: sdnaH norI|0 fnt\n|-unboost|p1b: Raging Bolt|spa|2\n|faint|p2a: sdnaH norI\n|-end|p2a: sdnaH norI|Quark Drive|[silent]\n|move|p1a: Incineroar|Flare Blitz|p2b: ecI-xerylaC\n|-supereffective|p2b: ecI-xerylaC\n|-damage|p2b: ecI-xerylaC|36/100\n|-status|p2b: ecI-xerylaC|brn\n|-damage|p1a: Incineroar|82/100|[from] Recoil\n|move|p2b: ecI-xerylaC|Trick Room|p2b: ecI-xerylaC\n|-fieldstart|move: Trick Room|[of] p2b: ecI-xerylaC\n|\n|-damage|p2b: ecI-xerylaC|30/100 brn|[from] brn\n|upkeep\n|\n|t:|1775529175\n|switch|p2a: ahctsiniS|Sinistcha-Masterpiece, L50|100/100\n|-heal|p2b: ecI-xerylaC|55/100 brn|[from] ability: Hospitality|[of] p2a: ahctsiniS\n|turn|4\n|\n|t:|1775529189\n|move|p2b: ecI-xerylaC|Glacial Lance|p1b: Raging Bolt|[spread] p1a,p1b\n|-resisted|p1a: Incineroar\n|-supereffective|p1b: Raging Bolt\n|-damage|p1a: Incineroar|71/100\n|-damage|p1b: Raging Bolt|50/100\n|move|p2a: ahctsiniS|Matcha Gotcha|p1b: Raging Bolt|[spread] p1b\n|-miss|p2a: ahctsiniS|p1a: Incineroar\n|-resisted|p1b: Raging Bolt\n|-damage|p1b: Raging Bolt|43/100\n|move|p1a: Incineroar|Knock Off|p2a: ahctsiniS\n|-supereffective|p2a: ahctsiniS\n|-damage|p2a: ahctsiniS|50/100\n|-enditem|p2a: ahctsiniS|Sitrus Berry|[from] move: Knock Off|[of] p1a: Incineroar\n|move|p1b: Raging Bolt|Draco Meteor|p2a: ahctsiniS|[miss]\n|-miss|p1b: Raging Bolt|p2a: ahctsiniS\n|\n|-damage|p2b: ecI-xerylaC|49/100 brn|[from] brn\n|upkeep\n|turn|5\n|\n|t:|1775529210\n|-end|p1b: Raging Bolt|Protosynthesis|[silent]\n|switch|p1b: Koraidon|Koraidon, L50|100/100\n|-weather|SunnyDay|[from] ability: Orichalcum Pulse|[of] p1b: Koraidon\n|-activate|p1b: Koraidon|Orichalcum Pulse|[source]\n|move|p2b: ecI-xerylaC|Glacial Lance|p1a: Incineroar|[spread] p1a,p1b\n|-resisted|p1a: Incineroar\n|-supereffective|p1b: Koraidon\n|-damage|p1a: Incineroar|60/100\n|-damage|p1b: Koraidon|48/100\n|move|p2a: ahctsiniS|Life Dew|p2a: ahctsiniS|[spread] p2a,p2b\n|-heal|p2a: ahctsiniS|75/100\n|-heal|p2b: ecI-xerylaC|74/100 brn\n|move|p1a: Incineroar|Flare Blitz|p2b: ecI-xerylaC\n|-supereffective|p2b: ecI-xerylaC\n|-damage|p2b: ecI-xerylaC|0 fnt\n|faint|p2b: ecI-xerylaC\n|-damage|p1a: Incineroar|36/100|[from] Recoil\n|\n|-weather|SunnyDay|[upkeep]\n|upkeep\n|\n|t:|1775529217\n|switch|p2b: ergoyK|Kyogre, L50|100/100\n|-weather|RainDance|[from] ability: Drizzle|[of] p2b: ergoyK\n|turn|6\n|\n|t:|1775529235\n|switch|p1b: Raging Bolt|Raging Bolt, L50|43/100\n|move|p2a: ahctsiniS|Life Dew||[still]|[spread] p2a,p2b\n|-heal|p2a: ahctsiniS|100/100\n|-fail|p2b: ergoyK|heal\n|move|p1a: Incineroar|Knock Off|p2b: ergoyK\n|-damage|p2b: ergoyK|68/100\n|-enditem|p2b: ergoyK|Mystic Water|[from] move: Knock Off|[of] p1a: Incineroar\n|move|p2b: ergoyK|Water Spout|p1b: Raging Bolt|[spread] p1a,p1b\n|-supereffective|p1a: Incineroar\n|-resisted|p1b: Raging Bolt\n|-damage|p1a: Incineroar|0 fnt\n|-damage|p1b: Raging Bolt|22/100\n|faint|p1a: Incineroar\n|\n|-weather|RainDance|[upkeep]\n|upkeep\n|\n|t:|1775529247\n|switch|p1a: Koraidon|Koraidon, L50|48/100\n|-weather|SunnyDay|[from] ability: Orichalcum Pulse|[of] p1a: Koraidon\n|-activate|p1b: Raging Bolt|ability: Protosynthesis\n|-start|p1b: Raging Bolt|protosynthesisspa\n|-activate|p1a: Koraidon|Orichalcum Pulse|[source]\n|turn|7\n|\n|t:|1775529256\n|move|p1a: Koraidon|Protect|p1a: Koraidon\n|-singleturn|p1a: Koraidon|Protect\n|move|p2a: ahctsiniS|Rage Powder|p2a: ahctsiniS\n|-singleturn|p2a: ahctsiniS|move: Rage Powder\n|move|p1b: Raging Bolt|Thunderclap||[still]\n|-fail|p1b: Raging Bolt\n|move|p2b: ergoyK|Ice Beam|p1a: Koraidon\n|-activate|p1a: Koraidon|move: Protect\n|\n|-weather|SunnyDay|[upkeep]\n|-fieldend|move: Trick Room\n|upkeep\n|turn|8\n|inactive|BLK DG has 30 seconds left.\n|inactive|BLK DG has 20 seconds left.\n|\n|t:|1775529292\n|-terastallize|p1a: Koraidon|Fire\n|move|p2a: ahctsiniS|Rage Powder|p2a: ahctsiniS\n|-singleturn|p2a: ahctsiniS|move: Rage Powder\n|move|p1a: Koraidon|Flare Blitz|p2a: ahctsiniS\n|-supereffective|p2a: ahctsiniS\n|-damage|p2a: ahctsiniS|0 fnt\n|faint|p2a: ahctsiniS\n|-damage|p1a: Koraidon|15/100|[from] Recoil\n|move|p1b: Raging Bolt|Weather Ball|p2b: ergoyK\n|-resisted|p2b: ergoyK\n|-damage|p2b: ergoyK|45/100\n|move|p2b: ergoyK|Ice Beam|p1a: Koraidon\n|-resisted|p1a: Koraidon\n|-damage|p1a: Koraidon|0 fnt\n|faint|p1a: Koraidon\n|\n|-weather|SunnyDay|[upkeep]\n|upkeep\n|turn|9\n|\n|t:|1775529308\n|move|p1b: Raging Bolt|Thunderclap|p2b: ergoyK\n|-supereffective|p2b: ergoyK\n|-damage|p2b: ergoyK|0 fnt\n|faint|p2b: ergoyK\n|\n|win|BLK DG\n|raw|BLK DG's rating: 1186 &rarr; <strong>1218</strong><br />(+32 for winning)\n|raw|gabolve's rating: 1281 &rarr; <strong>1249</strong><br />(-32 for losing)\n|l|\u2606gabolve\n|player|p2|\n","uploadtime":1775529333,"views":9,"formatid":"gen9vgc2026regi","rating":1218,"private":0,"password":null}