{"id":"gen9vgc2026regi-2553411360","format":"[Gen 9] VGC 2026 Reg I","players":["theminesoftagawa","I\u2764\ufe0f\u5a1c\u7984forever"],"log":"|j|\u2606theminesoftagawa\n|j|\u2606I\u2764\ufe0f\u5a1c\u7984forever\n|t:|1772828468\n|gametype|doubles\n|player|p1|theminesoftagawa|266|1465\n|player|p2|I\u2764\ufe0f\u5a1c\u7984forever|youngcouple-gen4dp|1384\n|gen|9\n|tier|[Gen 9] VGC 2026 Reg I\n|rated|\n|rule|Species Clause: Limit one of each Pok\u00e9mon\n|rule|Item Clause: Limit 1 of each item\n|clearpoke\n|poke|p1|Ting-Lu, L50|\n|poke|p1|Sneasler, L50, F|\n|poke|p1|Tatsugiri-Droopy, L50, F|\n|poke|p1|Calyrex-Ice, L50|\n|poke|p1|Miraidon, L50|\n|poke|p1|Dondozo, L50, M|\n|poke|p2|Groudon, L50|\n|poke|p2|Kyurem-White, L50|\n|poke|p2|Heatran, L50, M|\n|poke|p2|Whimsicott, L50, M|\n|poke|p2|Roaring Moon, L50|\n|poke|p2|Ditto, L50|\n|teampreview|4\n|c|\u2606theminesoftagawa|Hi again\n|\n|t:|1772828508\n|teamsize|p1|4\n|teamsize|p2|4\n|start\n|switch|p1a: Miraidon|Miraidon, L50, shiny|100/100\n|switch|p1b: Sneasler|Sneasler, L50, F, shiny|100/100\n|switch|p2a: Whimsicott|Whimsicott, L50, M|100/100\n|switch|p2b: Kyurem|Kyurem-White, L50|100/100\n|-fieldstart|move: Electric Terrain|[from] ability: Hadron Engine|[of] p1a: Miraidon\n|-enditem|p1b: Sneasler|Electric Seed\n|-boost|p1b: Sneasler|def|1|[from] item: Electric Seed\n|-ability|p2b: Kyurem|Turboblaze\n|turn|1\n|inactive|Battle timer is ON: inactive players will automatically lose when time's up. (requested by theminesoftagawa)\n|\n|t:|1772828532\n|-terastallize|p1a: Miraidon|Electric\n|move|p2a: Whimsicott|Tailwind|p2a: Whimsicott\n|-sidestart|p2: I\u2764\ufe0f\u5a1c\u7984forever|move: Tailwind\n|move|p1b: Sneasler|Dire Claw|p2a: Whimsicott\n|-supereffective|p2a: Whimsicott\n|-enditem|p2a: Whimsicott|Focus Sash\n|-damage|p2a: Whimsicott|1/100\n|move|p1a: Miraidon|Snarl|p2a: Whimsicott|[spread] p2a,p2b\n|-resisted|p2a: Whimsicott\n|-damage|p2a: Whimsicott|0 fnt\n|-damage|p2b: Kyurem|82/100\n|-unboost|p2b: Kyurem|spa|1\n|faint|p2a: Whimsicott\n|move|p2b: Kyurem|Blizzard|p1a: Miraidon|[spread] \n|-miss|p2b: Kyurem|p1a: Miraidon\n|-enditem|p2b: Kyurem|Blunder Policy\n|-boost|p2b: Kyurem|spe|2\n|-miss|p2b: Kyurem|p1b: Sneasler\n|\n|upkeep\n|\n|t:|1772828552\n|switch|p2a: Groudon|Groudon, L50|100/100\n|-weather|SunnyDay|[from] ability: Drought|[of] p2a: Groudon\n|turn|2\n|\n|t:|1772828565\n|move|p2b: Kyurem|Blizzard|p1b: Sneasler|[spread] p1a\n|-miss|p2b: Kyurem|p1b: Sneasler\n|-damage|p1a: Miraidon|63/100\n|move|p1b: Sneasler|Dire Claw|p2a: Groudon\n|-resisted|p2a: Groudon\n|-damage|p2a: Groudon|85/100\n|move|p1a: Miraidon|Snarl|p2a: Groudon|[spread] p2a\n|-miss|p1a: Miraidon|p2b: Kyurem\n|-damage|p2a: Groudon|71/100\n|-unboost|p2a: Groudon|spa|1\n|move|p2a: Groudon|Precipice Blades|p1a: Miraidon|[spread] p1a,p1b\n|-supereffective|p1a: Miraidon\n|-supereffective|p1b: Sneasler\n|-damage|p1a: Miraidon|0 fnt\n|-damage|p1b: Sneasler|0 fnt\n|faint|p1a: Miraidon\n|faint|p1b: Sneasler\n|\n|-weather|SunnyDay|[upkeep]\n|upkeep\n|\n|t:|1772828580\n|switch|p1a: Dondozo|Dondozo, L50, M, shiny|100/100\n|switch|p1b: Tatsugiri|Tatsugiri-Droopy, L50, F, shiny|100/100\n|-activate|p1b: Tatsugiri|ability: Commander|[of] p1a: Dondozo\n|-boost|p1a: Dondozo|atk|2\n|-boost|p1a: Dondozo|spa|2\n|-boost|p1a: Dondozo|spe|2\n|-boost|p1a: Dondozo|def|2\n|-boost|p1a: Dondozo|spd|2\n|turn|3\n|\n|t:|1772828594\n|switch|p2b: Ditto|Ditto, L50|100/100\n|-transform|p2b: Ditto|p1a: Dondozo|[from] ability: Imposter\n|move|p2a: Groudon|Precipice Blades|p1b: Tatsugiri|[spread] p1a\n|-miss|p2a: Groudon|p1b: Tatsugiri\n|-damage|p1a: Dondozo|87/100\n|move|p1a: Dondozo|Order Up|p2b: Ditto\n|-damage|p2b: Ditto|85/100\n|-boost|p1a: Dondozo|def|1\n|\n|-weather|SunnyDay|[upkeep]\n|-heal|p1a: Dondozo|93/100|[from] item: Leftovers\n|upkeep\n|turn|4\n|\n|t:|1772828615\n|switch|p2a: Kyurem|Kyurem-White, L50|82/100\n|-ability|p2a: Kyurem|Turboblaze\n|move|p2b: Ditto|Substitute|p2b: Ditto\n|-start|p2b: Ditto|Substitute\n|-damage|p2b: Ditto|60/100\n|move|p1a: Dondozo|Order Up|p2a: Kyurem\n|-supereffective|p2a: Kyurem\n|-damage|p2a: Kyurem|23/100\n|-boost|p1a: Dondozo|def|1\n|\n|-weather|SunnyDay|[upkeep]\n|-heal|p1a: Dondozo|99/100|[from] item: Leftovers\n|-sideend|p2: I\u2764\ufe0f\u5a1c\u7984forever|move: Tailwind\n|upkeep\n|turn|5\n|\n|t:|1772828628\n|move|p1a: Dondozo|Order Up|p2a: Kyurem\n|-supereffective|p2a: Kyurem\n|-damage|p2a: Kyurem|0 fnt\n|faint|p2a: Kyurem\n|-boost|p1a: Dondozo|def|1\n|move|p2b: Ditto|Body Press|p1a: Dondozo\n|-damage|p1a: Dondozo|85/100\n|\n|-weather|SunnyDay|[upkeep]\n|-heal|p1a: Dondozo|91/100|[from] item: Leftovers\n|-fieldend|move: Electric Terrain\n|upkeep\n|\n|t:|1772828631\n|switch|p2a: Groudon|Groudon, L50|71/100\n|turn|6\n|\n|t:|1772828646\n|move|p2b: Ditto|Order Up|p1a: Dondozo\n|-damage|p1a: Dondozo|81/100\n|move|p1a: Dondozo|Order Up|p2a: Groudon\n|-damage|p2a: Groudon|48/100\n|-boost|p1a: Dondozo|def|1\n|move|p2a: Groudon|Precipice Blades|p1a: Dondozo|[spread] p1a\n|-miss|p2a: Groudon|p1b: Tatsugiri\n|-damage|p1a: Dondozo|74/100\n|\n|-weather|none\n|-heal|p1a: Dondozo|80/100|[from] item: Leftovers\n|upkeep\n|turn|7\n|-message|I\u2764\ufe0f\u5a1c\u7984forever forfeited.\n|\n|win|theminesoftagawa\n|raw|theminesoftagawa's rating: 1465 &rarr; <strong>1480</strong><br />(+15 for winning)\n|raw|I\u2764\ufe0f\u5a1c\u7984forever's rating: 1384 &rarr; <strong>1369</strong><br />(-15 for losing)\n|l|\u2606I\u2764\ufe0f\u5a1c\u7984forever\n|player|p2|\n|l|\u2606theminesoftagawa\n|player|p1|\n","uploadtime":1772828927,"views":16,"formatid":"gen9vgc2026regi","rating":1369,"private":0,"password":null}