{"id":"gen9vgc2026regi-2549308953","format":"[Gen 9] VGC 2026 Reg I","players":["M0nkeYY","yubanmeiqin\u5fa1\u5742\u5fa1\u5742"],"log":"|j|\u2606M0nkeYY\n|j|\u2606yubanmeiqin\u5fa1\u5742\u5fa1\u5742\n|t:|1772341703\n|gametype|doubles\n|player|p1|M0nkeYY|marlon|1296\n|player|p2|yubanmeiqin\u5fa1\u5742\u5fa1\u5742|lillie-masters2|1405\n|gen|9\n|tier|[Gen 9] VGC 2026 Reg I\n|rated|\n|rule|Species Clause: Limit one of each Pok\u00e9mon\n|rule|Item Clause: Limit 1 of each item\n|clearpoke\n|poke|p1|Solgaleo, L50|\n|poke|p1|Lunala, L50|\n|poke|p1|Ursaluna, L50, M|\n|poke|p1|Incineroar, L50, F|\n|poke|p1|Indeedee-F, L50, F|\n|poke|p1|Tornadus, L50, M|\n|poke|p2|Miraidon, L50|\n|poke|p2|Kyogre, L50|\n|poke|p2|Whimsicott, L50, F|\n|poke|p2|Iron Hands, L50|\n|poke|p2|Farigiraf, L50, M|\n|poke|p2|Urshifu-*, L50, F|\n|teampreview|4\n|inactive|Battle timer is ON: inactive players will automatically lose when time's up. (requested by M0nkeYY)\n|\n|t:|1772341732\n|teamsize|p1|4\n|teamsize|p2|4\n|start\n|switch|p1a: Lunala|Lunala, L50|100/100\n|switch|p1b: Indeedee|Indeedee-F, L50, F|100/100\n|switch|p2a: \u7d2b\u9c7c\u5b66\u59d0|Kyogre, L50, shiny|100/100\n|switch|p2b: \u5996\u820d\u7cbe\u62c9|Whimsicott, L50, F, shiny|100/100\n|-weather|RainDance|[from] ability: Drizzle|[of] p2a: \u7d2b\u9c7c\u5b66\u59d0\n|-fieldstart|move: Psychic Terrain|[from] ability: Psychic Surge|[of] p1b: Indeedee\n|-enditem|p1b: Indeedee|Psychic Seed\n|-boost|p1b: Indeedee|spd|1|[from] item: Psychic Seed\n|turn|1\n|\n|t:|1772341748\n|switch|p2a: \u7d2b\u8272\u5fc3\u60c5|Miraidon, L50, shiny|100/100\n|-fieldstart|move: Electric Terrain|[from] ability: Hadron Engine|[of] p2a: \u7d2b\u8272\u5fc3\u60c5\n|move|p1a: Lunala|Wide Guard|p1a: Lunala\n|-singleturn|p1a: Lunala|Wide Guard\n|move|p2b: \u5996\u820d\u7cbe\u62c9|Taunt|p1a: Lunala\n|-start|p1a: Lunala|move: Taunt\n|move|p1b: Indeedee|Trick Room|p1b: Indeedee\n|-fieldstart|move: Trick Room|[of] p1b: Indeedee\n|\n|-weather|RainDance|[upkeep]\n|upkeep\n|turn|2\n|\n|t:|1772341767\n|switch|p1b: Ursaluna|Ursaluna, L50, M|100/100\n|switch|p2a: 770|Farigiraf, L50, M|100/100\n|-enditem|p2a: 770|Electric Seed\n|-boost|p2a: 770|def|1|[from] item: Electric Seed\n|move|p2b: \u5996\u820d\u7cbe\u62c9|Taunt|p1b: Ursaluna\n|-start|p1b: Ursaluna|move: Taunt\n|move|p1a: Lunala|Expanding Force|p2b: \u5996\u820d\u7cbe\u62c9\n|-damage|p2b: \u5996\u820d\u7cbe\u62c9|2/100\n|\n|-weather|RainDance|[upkeep]\n|-status|p1b: Ursaluna|brn|[from] item: Flame Orb\n|upkeep\n|turn|3\n|inactive|M0nkeYY has 30 seconds left.\n|inactive|M0nkeYY has 20 seconds left.\n|inactive|M0nkeYY has 15 seconds left.\n|inactive|M0nkeYY has 10 seconds left.\n|inactive|M0nkeYY has 5 seconds left.\n|\n|t:|1772341822\n|move|p1b: Ursaluna|Facade|p2b: \u5996\u820d\u7cbe\u62c9\n|-damage|p2b: \u5996\u820d\u7cbe\u62c9|0 fnt\n|faint|p2b: \u5996\u820d\u7cbe\u62c9\n|move|p1a: Lunala|Moongeist Beam|p2a: 770\n|-immune|p2a: 770\n|move|p2a: 770|Trick Room|p2a: 770\n|-fieldend|move: Trick Room\n|\n|-weather|RainDance|[upkeep]\n|-damage|p1b: Ursaluna|95/100 brn|[from] brn\n|upkeep\n|\n|t:|1772341826\n|switch|p2b: \u7d2b\u9c7c\u5b66\u59d0|Kyogre, L50, shiny|100/100\n|turn|4\n|inactive|M0nkeYY has 30 seconds left.\n|inactive|M0nkeYY has 20 seconds left.\n|inactive|M0nkeYY has 15 seconds left.\n|\n|t:|1772341871\n|-terastallize|p2b: \u7d2b\u9c7c\u5b66\u59d0|Water\n|-terastallize|p1b: Ursaluna|Ghost\n|move|p2b: \u7d2b\u9c7c\u5b66\u59d0|Water Spout|p1a: Lunala|[spread] p1a,p1b\n|-damage|p1a: Lunala|35/100\n|-damage|p1b: Ursaluna|0 fnt\n|faint|p1b: Ursaluna\n|move|p1a: Lunala|Moongeist Beam|p2b: \u7d2b\u9c7c\u5b66\u59d0\n|-damage|p2b: \u7d2b\u9c7c\u5b66\u59d0|59/100\n|move|p2a: 770|Foul Play|p1a: Lunala\n|-supereffective|p1a: Lunala\n|-damage|p1a: Lunala|0 fnt\n|faint|p1a: Lunala\n|\n|-weather|RainDance|[upkeep]\n|upkeep\n|\n|t:|1772341886\n|switch|p1a: Solgaleo|Solgaleo, L50|100/100\n|switch|p1b: Indeedee|Indeedee-F, L50, F|100/100\n|-fieldstart|move: Psychic Terrain|[from] ability: Psychic Surge|[of] p1b: Indeedee\n|turn|5\n|inactive|M0nkeYY has 30 seconds left.\n|\n|t:|1772341911\n|move|p2a: 770|Helping Hand|p2b: \u7d2b\u9c7c\u5b66\u59d0\n|-singleturn|p2b: \u7d2b\u9c7c\u5b66\u59d0|Helping Hand|[of] p2a: 770\n|move|p2b: \u7d2b\u9c7c\u5b66\u59d0|Water Spout|p1a: Solgaleo|[spread] p1a,p1b\n|-damage|p1a: Solgaleo|25/100\n|-damage|p1b: Indeedee|0 fnt\n|faint|p1b: Indeedee\n|move|p1a: Solgaleo|Knock Off|p2a: 770\n|-supereffective|p2a: 770\n|-damage|p2a: 770|74/100\n|\n|-weather|none\n|upkeep\n|turn|6\n|-message|M0nkeYY forfeited.\n|\n|win|yubanmeiqin\u5fa1\u5742\u5fa1\u5742\n|raw|M0nkeYY's rating: 1296 &rarr; <strong>1279</strong><br />(-17 for losing)\n|raw|yubanmeiqin\u5fa1\u5742\u5fa1\u5742's rating: 1405 &rarr; <strong>1419</strong><br />(+14 for winning)\n|l|\u2606M0nkeYY\n|player|p1|\n|l|\u2606yubanmeiqin\u5fa1\u5742\u5fa1\u5742\n|player|p2|\n","uploadtime":1772342157,"views":13,"formatid":"gen9vgc2026regi","rating":1279,"private":0,"password":null}