{"id":"gen9vgc2026regi-2563921235","format":"[Gen 9] VGC 2026 Reg I","players":["shangenb4","Pigduckeater"],"log":"|j|\u2606shangenb4\n|j|\u2606Pigduckeater\n|t:|1774085065\n|gametype|doubles\n|player|p1|shangenb4|265|1486\n|player|p2|Pigduckeater|169|1486\n|gen|9\n|tier|[Gen 9] VGC 2026 Reg I\n|rated|\n|rule|Species Clause: Limit one of each Pok\u00e9mon\n|rule|Item Clause: Limit 1 of each item\n|clearpoke\n|poke|p1|Koraidon, L50|\n|poke|p1|Lunala, L50|\n|poke|p1|Flutter Mane, L50|\n|poke|p1|Chi-Yu, L50|\n|poke|p1|Raging Bolt, L50|\n|poke|p1|Indeedee-F, L50, F|\n|poke|p2|Incineroar, L50, F|\n|poke|p2|Weezing-Galar, L50, M|\n|poke|p2|Miraidon, L50|\n|poke|p2|Calyrex-Shadow, L50|\n|poke|p2|Iron Valiant, L50|\n|poke|p2|Sinistcha, L50|\n|teampreview|4\n|inactive|Battle timer is ON: inactive players will automatically lose when time's up. (requested by shangenb4)\n|inactive|shangenb4 has 60 seconds left.\n|inactive|Pigduckeater has 60 seconds left.\n|\n|t:|1774085123\n|teamsize|p1|4\n|teamsize|p2|4\n|start\n|switch|p1a: Chi-Yu|Chi-Yu, L50|100/100\n|switch|p1b: Lunala|Lunala, L50|100/100\n|switch|p2a: Iron Valiant|Iron Valiant, L50|100/100\n|switch|p2b: Incineroar|Incineroar, L50, F|100/100\n|-ability|p1a: Chi-Yu|Beads of Ruin\n|-ability|p2b: Incineroar|Intimidate|boost\n|-unboost|p1a: Chi-Yu|atk|1\n|-unboost|p1b: Lunala|atk|1\n|turn|1\n|\n|t:|1774085145\n|move|p1a: Chi-Yu|Heat Wave|p2a: Iron Valiant|[spread] p2a,p2b\n|-resisted|p2b: Incineroar\n|-damage|p2a: Iron Valiant|37/100\n|-damage|p2b: Incineroar|85/100\n|move|p2a: Iron Valiant|Icy Wind|p1a: Chi-Yu|[spread] p1a,p1b\n|-resisted|p1a: Chi-Yu\n|-damage|p1a: Chi-Yu|94/100\n|-damage|p1b: Lunala|95/100\n|-unboost|p1a: Chi-Yu|spe|1\n|-unboost|p1b: Lunala|spe|1\n|move|p1b: Lunala|Meteor Beam||[still]\n|-prepare|p1b: Lunala|Meteor Beam\n|-boost|p1b: Lunala|spa|1\n|-enditem|p1b: Lunala|Power Herb\n|-anim|p1b: Lunala|Meteor Beam|p2b: Incineroar\n|-supereffective|p2b: Incineroar\n|-damage|p2b: Incineroar|0 fnt\n|faint|p2b: Incineroar\n|\n|upkeep\n|\n|t:|1774085159\n|switch|p2b: Miraidon|Miraidon, L50|100/100\n|-fieldstart|move: Electric Terrain|[from] ability: Hadron Engine|[of] p2b: Miraidon\n|-enditem|p2b: Miraidon|Electric Seed\n|-boost|p2b: Miraidon|def|1|[from] item: Electric Seed\n|-activate|p2a: Iron Valiant|ability: Quark Drive\n|-start|p2a: Iron Valiant|quarkdrivespe\n|turn|2\n|\n|t:|1774085177\n|switch|p1a: Indeedee|Indeedee-F, L50, F|100/100\n|-fieldstart|move: Psychic Terrain|[from] ability: Psychic Surge|[of] p1a: Indeedee\n|-end|p2a: Iron Valiant|Quark Drive\n|move|p2b: Miraidon|Calm Mind|p2b: Miraidon\n|-boost|p2b: Miraidon|spa|1\n|-boost|p2b: Miraidon|spd|1\n|move|p2a: Iron Valiant|Encore|p1b: Lunala\n|-start|p1b: Lunala|Encore\n|move|p1b: Lunala|Meteor Beam||[still]\n|-prepare|p1b: Lunala|Meteor Beam\n|-boost|p1b: Lunala|spa|1\n|\n|upkeep\n|turn|3\n|inactive|Pigduckeater has 30 seconds left.\n|\n|t:|1774085205\n|move|p2b: Miraidon|Calm Mind|p2b: Miraidon\n|-boost|p2b: Miraidon|spa|1\n|-boost|p2b: Miraidon|spd|1\n|move|p2a: Iron Valiant|Moonblast|p1a: Indeedee\n|-damage|p1a: Indeedee|63/100\n|-unboost|p1a: Indeedee|spa|1\n|move|p1a: Indeedee|Psychic|p2a: Iron Valiant\n|-supereffective|p2a: Iron Valiant\n|-damage|p2a: Iron Valiant|0 fnt\n|faint|p2a: Iron Valiant\n|-end|p2a: Iron Valiant|Quark Drive|[silent]\n|move|p1b: Lunala|Meteor Beam|p2b: Miraidon|[from] lockedmove\n|-damage|p2b: Miraidon|59/100\n|\n|upkeep\n|\n|t:|1774085219\n|switch|p2a: Calyrex|Calyrex-Shadow, L50|100/100\n|-ability|p2a: Calyrex|As One\n|-ability|p2a: Calyrex|Unnerve\n|turn|4\n|\n|t:|1774085242\n|-terastallize|p2a: Calyrex|Ground\n|-terastallize|p1b: Lunala|Water\n|move|p2a: Calyrex|Substitute|p2a: Calyrex\n|-start|p2a: Calyrex|Substitute\n|-damage|p2a: Calyrex|75/100\n|move|p2b: Miraidon|Dragon Pulse|p1a: Indeedee\n|-damage|p1a: Indeedee|0 fnt\n|faint|p1a: Indeedee\n|move|p1b: Lunala|Meteor Beam||[still]\n|-prepare|p1b: Lunala|Meteor Beam\n|-boost|p1b: Lunala|spa|1\n|\n|-end|p1b: Lunala|Encore\n|upkeep\n|\n|t:|1774085261\n|switch|p1a: Koraidon|Koraidon, L50|100/100\n|-weather|SunnyDay|[from] ability: Orichalcum Pulse|[of] p1a: Koraidon\n|-activate|p1a: Koraidon|Orichalcum Pulse|[source]\n|turn|5\n|\n|t:|1774085272\n|move|p2a: Calyrex|Mud Shot|p1a: Koraidon\n|-damage|p1a: Koraidon|59/100\n|-damage|p2a: Calyrex|66/100|[from] item: Life Orb\n|move|p1a: Koraidon|Collision Course|p2b: Miraidon\n|-damage|p2b: Miraidon|22/100\n|move|p2b: Miraidon|Parabolic Charge|p1a: Koraidon|[spread] p1a,p1b\n|-immune|p2a: Calyrex\n|-resisted|p1a: Koraidon\n|-supereffective|p1b: Lunala\n|-damage|p1a: Koraidon|38/100\n|-heal|p2b: Miraidon|34/100|[from] drain|[of] p1a: Koraidon\n|-damage|p1b: Lunala|18/100\n|-heal|p2b: Miraidon|76/100|[from] drain|[of] p1b: Lunala\n|move|p1b: Lunala|Meteor Beam|p2a: Calyrex|[from] lockedmove\n|-resisted|p2a: Calyrex\n|-end|p2a: Calyrex|Substitute\n|\n|-weather|SunnyDay|[upkeep]\n|upkeep\n|turn|6\n|j| junkho\n|l| junkho\n|inactive|shangenb4 has 30 seconds left.\n|inactive|Pigduckeater has 30 seconds left.\n|inactive|shangenb4 has 20 seconds left.\n|inactive|Pigduckeater has 20 seconds left.\n|inactive|shangenb4 has 15 seconds left.\n|inactive|shangenb4 has 10 seconds left.\n|\n|t:|1774085319\n|move|p1b: Lunala|Wide Guard|p1b: Lunala\n|-singleturn|p1b: Lunala|Wide Guard\n|move|p2a: Calyrex|Astral Barrage|p1b: Lunala|[spread] \n|-activate|p1a: Koraidon|move: Wide Guard\n|-activate|p1b: Lunala|move: Wide Guard\n|move|p1a: Koraidon|Collision Course|p2a: Calyrex\n|-damage|p2a: Calyrex|0 fnt\n|faint|p2a: Calyrex\n|move|p2b: Miraidon|Dragon Pulse|p1a: Koraidon\n|-supereffective|p1a: Koraidon\n|-damage|p1a: Koraidon|0 fnt\n|faint|p1a: Koraidon\n|\n|-weather|SunnyDay|[upkeep]\n|-fieldend|move: Psychic Terrain\n|upkeep\n|\n|t:|1774085337\n|switch|p1a: Chi-Yu|Chi-Yu, L50|94/100\n|-ability|p1a: Chi-Yu|Beads of Ruin\n|turn|7\n|\n|t:|1774085348\n|move|p1a: Chi-Yu|Dark Pulse|p2b: Miraidon\n|-damage|p2b: Miraidon|51/100\n|move|p2b: Miraidon|Dragon Pulse|p1b: Lunala\n|-crit|p1b: Lunala\n|-damage|p1b: Lunala|0 fnt\n|faint|p1b: Lunala\n|\n|-weather|SunnyDay|[upkeep]\n|upkeep\n|turn|8\n|-message|shangenb4 forfeited.\n|\n|win|Pigduckeater\n|raw|shangenb4's rating: 1486 &rarr; <strong>1466</strong><br />(-20 for losing)\n|raw|Pigduckeater's rating: 1486 &rarr; <strong>1506</strong><br />(+20 for winning)\n|l|\u2606shangenb4\n|player|p1|\n|l|\u2606Pigduckeater\n|player|p2|\n","uploadtime":1774085625,"views":16,"formatid":"gen9vgc2026regi","rating":1466,"private":0,"password":null}