{"id":"gen9vgc2026regi-2578792342","format":"[Gen 9] VGC 2026 Reg I","players":["TheNamesBetty","Silverio23"],"log":"|j|\u2606TheNamesBetty\n|j|\u2606Silverio23\n|t:|1775718867\n|gametype|doubles\n|player|p1|TheNamesBetty|koga|1331\n|player|p2|Silverio23|benga|1327\n|gen|9\n|tier|[Gen 9] VGC 2026 Reg I\n|rated|\n|rule|Species Clause: Limit one of each Pok\u00e9mon\n|rule|Item Clause: Limit 1 of each item\n|clearpoke\n|poke|p1|Koraidon, L50|\n|poke|p1|Calyrex-Shadow, L50|\n|poke|p1|Tornadus, L50, M|\n|poke|p1|Urshifu-*, L50, M|\n|poke|p1|Jumpluff, L50, M|\n|poke|p1|Dewgong, L50, M|\n|poke|p2|Calyrex-Ice, L50|\n|poke|p2|Lunala, L50|\n|poke|p2|Smeargle, L50, M|\n|poke|p2|Torkoal, L50, F|\n|poke|p2|Urshifu-*, L50, M|\n|poke|p2|Indeedee-F, L50, F|\n|teampreview|4\n|inactive|Battle timer is ON: inactive players will automatically lose when time's up. (requested by Silverio23)\n|\n|t:|1775718896\n|teamsize|p1|4\n|teamsize|p2|4\n|start\n|switch|p1a: Houska se sal\u00e1mem|Urshifu, L50, M|100/100\n|switch|p1b: Kakaj\u00ed\u010dko?|Jumpluff, L50, M|100/100\n|switch|p2a: Smeargle|Smeargle, L50, M, shiny|100/100\n|switch|p2b: Lunala|Lunala, L50|100/100\n|turn|1\n|\n|t:|1775718912\n|move|p2a: Smeargle|Fake Out|p1a: Houska se sal\u00e1mem\n|-damage|p1a: Houska se sal\u00e1mem|95/100\n|cant|p1a: Houska se sal\u00e1mem|flinch\n|move|p1b: Kakaj\u00ed\u010dko?|Sleep Powder|p2b: Lunala|[miss]\n|-miss|p1b: Kakaj\u00ed\u010dko?|p2b: Lunala\n|move|p2b: Lunala|Trick Room|p2b: Lunala\n|-fieldstart|move: Trick Room|[of] p2b: Lunala\n|\n|-ability|p2a: Smeargle|Moody|boost\n|-boost|p2a: Smeargle|def|2\n|-unboost|p2a: Smeargle|spa|1\n|upkeep\n|turn|2\n|c|\u2606TheNamesBetty|F\n|inactive|Silverio23 has 30 seconds left.\n|\n|t:|1775718939\n|switch|p2b: Torkoal|Torkoal, L50, F|100/100\n|-weather|SunnyDay|[from] ability: Drought|[of] p2b: Torkoal\n|move|p1b: Kakaj\u00ed\u010dko?|Rage Powder|p1b: Kakaj\u00ed\u010dko?\n|-singleturn|p1b: Kakaj\u00ed\u010dko?|move: Rage Powder\n|move|p2a: Smeargle|Spore|p1b: Kakaj\u00ed\u010dko?\n|-immune|p1b: Kakaj\u00ed\u010dko?\n|move|p1a: Houska se sal\u00e1mem|Wicked Blow|p2b: Torkoal\n|-crit|p2b: Torkoal\n|-damage|p2b: Torkoal|51/100\n|\n|-weather|SunnyDay|[upkeep]\n|-ability|p2a: Smeargle|Moody|boost\n|-boost|p2a: Smeargle|atk|2\n|-unboost|p2a: Smeargle|def|1\n|upkeep\n|turn|3\n|inactive|TheNamesBetty has 30 seconds left.\n|inactive|Silverio23 has 30 seconds left.\n|inactive|TheNamesBetty has 20 seconds left.\n|\n|t:|1775718977\n|switch|p1a: Jan\u017di\u017ekaZTrocnova|Koraidon, L50|100/100\n|-activate|p1a: Jan\u017di\u017ekaZTrocnova|ability: Orichalcum Pulse\n|move|p1b: Kakaj\u00ed\u010dko?|Rage Powder|p1b: Kakaj\u00ed\u010dko?\n|-singleturn|p1b: Kakaj\u00ed\u010dko?|move: Rage Powder\n|move|p2b: Torkoal|Eruption|p1a: Jan\u017di\u017ekaZTrocnova|[spread] p1a,p1b\n|-resisted|p1a: Jan\u017di\u017ekaZTrocnova\n|-supereffective|p1b: Kakaj\u00ed\u010dko?\n|-damage|p1a: Jan\u017di\u017ekaZTrocnova|79/100\n|-enditem|p1b: Kakaj\u00ed\u010dko?|Focus Sash\n|-damage|p1b: Kakaj\u00ed\u010dko?|1/100\n|move|p2a: Smeargle|Decorate|p1b: Kakaj\u00ed\u010dko?\n|-boost|p1b: Kakaj\u00ed\u010dko?|atk|2\n|-boost|p1b: Kakaj\u00ed\u010dko?|spa|2\n|\n|-weather|SunnyDay|[upkeep]\n|-ability|p2a: Smeargle|Moody|boost\n|-boost|p2a: Smeargle|def|2\n|-unboost|p2a: Smeargle|atk|1\n|upkeep\n|turn|4\n|\n|t:|1775718997\n|switch|p1b: DDDMaxVerstappen|Dewgong, L50, M|100/100\n|move|p1a: Jan\u017di\u017ekaZTrocnova|Protect|p1a: Jan\u017di\u017ekaZTrocnova\n|-singleturn|p1a: Jan\u017di\u017ekaZTrocnova|Protect\n|move|p2b: Torkoal|Eruption|p1a: Jan\u017di\u017ekaZTrocnova|[spread] p1b\n|-activate|p1a: Jan\u017di\u017ekaZTrocnova|move: Protect\n|-damage|p1b: DDDMaxVerstappen|82/100\n|move|p2a: Smeargle|Decorate|p2b: Torkoal\n|-boost|p2b: Torkoal|atk|2\n|-boost|p2b: Torkoal|spa|2\n|\n|-weather|SunnyDay|[upkeep]\n|-ability|p2a: Smeargle|Moody|boost\n|-boost|p2a: Smeargle|spd|2\n|-unboost|p2a: Smeargle|atk|1\n|upkeep\n|turn|5\n|inactive|TheNamesBetty has 30 seconds left.\n|inactive|Silverio23 has 30 seconds left.\n|\n|t:|1775719025\n|switch|p1a: Kakaj\u00ed\u010dko?|Jumpluff, L50, M|1/100\n|move|p1b: DDDMaxVerstappen|Fake Out|p2b: Torkoal\n|-crit|p2b: Torkoal\n|-damage|p2b: Torkoal|43/100\n|cant|p2b: Torkoal|flinch\n|move|p2a: Smeargle|Spore|p1a: Kakaj\u00ed\u010dko?\n|-immune|p1a: Kakaj\u00ed\u010dko?\n|\n|-weather|SunnyDay|[upkeep]\n|-fieldend|move: Trick Room\n|-ability|p2a: Smeargle|Moody|boost\n|-boost|p2a: Smeargle|spd|2\n|-unboost|p2a: Smeargle|def|1\n|upkeep\n|turn|6\n|\n|t:|1775719048\n|switch|p2b: Lunala|Lunala, L50|100/100\n|move|p1b: DDDMaxVerstappen|Protect|p1b: DDDMaxVerstappen\n|-singleturn|p1b: DDDMaxVerstappen|Protect\n|move|p2a: Smeargle|Follow Me|p2a: Smeargle\n|-singleturn|p2a: Smeargle|move: Follow Me\n|move|p1a: Kakaj\u00ed\u010dko?|Sleep Powder|p2a: Smeargle|[miss]\n|-miss|p1a: Kakaj\u00ed\u010dko?|p2a: Smeargle\n|\n|-weather|none\n|-ability|p2a: Smeargle|Moody|boost\n|-boost|p2a: Smeargle|spe|2\n|-unboost|p2a: Smeargle|spd|1\n|upkeep\n|turn|7\n|c|\u2606TheNamesBetty|Goddamit Kakaj\u00ed\u010dko\n|inactive|TheNamesBetty has 30 seconds left.\n|inactive|Silverio23 has 30 seconds left.\n|inactive|TheNamesBetty has 20 seconds left.\n|\n|t:|1775719084\n|switch|p1b: Houska se sal\u00e1mem|Urshifu, L50, M|95/100\n|-terastallize|p2b: Lunala|Grass\n|move|p2a: Smeargle|Decorate|p2b: Lunala\n|-boost|p2b: Lunala|atk|2\n|-boost|p2b: Lunala|spa|2\n|move|p1a: Kakaj\u00ed\u010dko?|Sleep Powder|p2a: Smeargle|[miss]\n|-miss|p1a: Kakaj\u00ed\u010dko?|p2a: Smeargle\n|move|p2b: Lunala|Meteor Beam||[still]\n|-prepare|p2b: Lunala|Meteor Beam\n|-boost|p2b: Lunala|spa|1\n|-enditem|p2b: Lunala|Power Herb\n|-anim|p2b: Lunala|Meteor Beam|p1b: Houska se sal\u00e1mem\n|-resisted|p1b: Houska se sal\u00e1mem\n|-damage|p1b: Houska se sal\u00e1mem|14/100\n|\n|-ability|p2a: Smeargle|Moody|boost\n|-boost|p2a: Smeargle|def|2\n|-unboost|p2a: Smeargle|spe|1\n|upkeep\n|turn|8\n|c|\u2606TheNamesBetty|3/3 well done\n|c|\u2606Silverio23|unlucky man\n|inactive|TheNamesBetty has 30 seconds left.\n|inactive|Silverio23 has 30 seconds left.\n|inactive|Silverio23 has 20 seconds left.\n|\n|t:|1775719124\n|move|p1b: Houska se sal\u00e1mem|Wicked Blow|p2b: Lunala\n|-crit|p2b: Lunala\n|-damage|p2b: Lunala|74/100\n|move|p2a: Smeargle|Decorate|p2b: Lunala\n|-boost|p2b: Lunala|atk|2\n|-boost|p2b: Lunala|spa|2\n|move|p1a: Kakaj\u00ed\u010dko?|Sleep Powder|p2a: Smeargle|[miss]\n|-miss|p1a: Kakaj\u00ed\u010dko?|p2a: Smeargle\n|move|p2b: Lunala|Moongeist Beam|p1b: Houska se sal\u00e1mem\n|-resisted|p1b: Houska se sal\u00e1mem\n|-damage|p1b: Houska se sal\u00e1mem|0 fnt\n|faint|p1b: Houska se sal\u00e1mem\n|\n|-ability|p2a: Smeargle|Moody|boost\n|-boost|p2a: Smeargle|spd|2\n|-unboost|p2a: Smeargle|spa|1\n|upkeep\n|c|\u2606Silverio23|oh man\n|inactive|TheNamesBetty has 30 seconds left.\n|c|\u2606TheNamesBetty|This pokemon does not work\n|inactive|TheNamesBetty has 20 seconds left.\n|c|\u2606TheNamesBetty|Can I get another one?\n|\n|t:|1775719162\n|switch|p1b: DDDMaxVerstappen|Dewgong, L50, M|82/100\n|turn|9\n|\n|t:|1775719184\n|move|p1b: DDDMaxVerstappen|Fake Out|p2b: Lunala\n|-damage|p2b: Lunala|68/100\n|move|p2a: Smeargle|Spore|p1b: DDDMaxVerstappen\n|-activate|p1b: DDDMaxVerstappen|item: Safety Goggles|Spore\n|move|p1a: Kakaj\u00ed\u010dko?|Endeavor|p2b: Lunala\n|-damage|p2b: Lunala|1/100\n|cant|p2b: Lunala|flinch\n|\n|-ability|p2a: Smeargle|Moody|boost\n|-boost|p2a: Smeargle|spd|1\n|-unboost|p2a: Smeargle|spe|1\n|upkeep\n|turn|10\n|j| yanyee\n|\n|t:|1775719203\n|move|p2a: Smeargle|Follow Me|p2a: Smeargle\n|-singleturn|p2a: Smeargle|move: Follow Me\n|move|p1b: DDDMaxVerstappen|Aqua Jet|p2a: Smeargle\n|-damage|p2a: Smeargle|92/100\n|move|p1a: Kakaj\u00ed\u010dko?|Sleep Powder|p2a: Smeargle\n|-status|p2a: Smeargle|slp|[from] move: Sleep Powder\n|move|p2b: Lunala|Moongeist Beam|p1a: Kakaj\u00ed\u010dko?\n|-crit|p1a: Kakaj\u00ed\u010dko?\n|-damage|p1a: Kakaj\u00ed\u010dko?|0 fnt\n|faint|p1a: Kakaj\u00ed\u010dko?\n|\n|-ability|p2a: Smeargle|Moody|boost\n|-boost|p2a: Smeargle|def|2\n|-unboost|p2a: Smeargle|spe|1\n|upkeep\n|\n|t:|1775719214\n|switch|p1a: Jan\u017di\u017ekaZTrocnova|Koraidon, L50|79/100\n|-weather|SunnyDay|[from] ability: Orichalcum Pulse|[of] p1a: Jan\u017di\u017ekaZTrocnova\n|-activate|p1a: Jan\u017di\u017ekaZTrocnova|Orichalcum Pulse|[source]\n|turn|11\n|c|\u2606TheNamesBetty|Finally!\n|inactive|TheNamesBetty has 30 seconds left.\n|\n|t:|1775719245\n|switch|p2b: Torkoal|Torkoal, L50, F|43/100\n|cant|p2a: Smeargle|slp\n|move|p1b: DDDMaxVerstappen|Aqua Jet|p2b: Torkoal\n|-supereffective|p2b: Torkoal\n|-damage|p2b: Torkoal|37/100\n|move|p1a: Jan\u017di\u017ekaZTrocnova|Collision Course|p2a: Smeargle\n|-supereffective|p2a: Smeargle\n|-damage|p2a: Smeargle|0 fnt\n|faint|p2a: Smeargle\n|\n|-weather|SunnyDay|[upkeep]\n|upkeep\n|\n|t:|1775719259\n|switch|p2a: Calyrex|Calyrex-Ice, L50|100/100\n|-ability|p2a: Calyrex|As One\n|-ability|p2a: Calyrex|Unnerve\n|turn|12\n|\n|t:|1775719283\n|-terastallize|p1a: Jan\u017di\u017ekaZTrocnova|Fire\n|move|p2a: Calyrex|Protect|p2a: Calyrex\n|-singleturn|p2a: Calyrex|Protect\n|move|p1b: DDDMaxVerstappen|Aqua Jet|p2b: Torkoal\n|-supereffective|p2b: Torkoal\n|-damage|p2b: Torkoal|29/100\n|move|p1a: Jan\u017di\u017ekaZTrocnova|Flare Blitz|p2a: Calyrex\n|-activate|p2a: Calyrex|move: Protect\n|move|p2b: Torkoal|Weather Ball|p1a: Jan\u017di\u017ekaZTrocnova\n|-resisted|p1a: Jan\u017di\u017ekaZTrocnova\n|-damage|p1a: Jan\u017di\u017ekaZTrocnova|40/100\n|\n|-weather|SunnyDay|[upkeep]\n|upkeep\n|turn|13\n|\n|t:|1775719306\n|switch|p2b: Lunala|Lunala, L50, tera:Grass|1/100\n|move|p1b: DDDMaxVerstappen|Aqua Jet|p2a: Calyrex\n|-damage|p2a: Calyrex|98/100\n|move|p1a: Jan\u017di\u017ekaZTrocnova|Collision Course|p2b: Lunala\n|-damage|p2b: Lunala|0 fnt\n|faint|p2b: Lunala\n|move|p2a: Calyrex|High Horsepower|p1a: Jan\u017di\u017ekaZTrocnova\n|-supereffective|p1a: Jan\u017di\u017ekaZTrocnova\n|-damage|p1a: Jan\u017di\u017ekaZTrocnova|0 fnt\n|faint|p1a: Jan\u017di\u017ekaZTrocnova\n|-ability|p2a: Calyrex|Chilling Neigh|boost\n|-boost|p2a: Calyrex|atk|1\n|\n|-weather|SunnyDay|[upkeep]\n|upkeep\n|\n|t:|1775719317\n|switch|p2b: Torkoal|Torkoal, L50, F|29/100\n|turn|14\n|\n|t:|1775719324\n|move|p1b: DDDMaxVerstappen|Perish Song|p1b: DDDMaxVerstappen\n|-start|p1b: DDDMaxVerstappen|perish3|[silent]\n|-start|p2a: Calyrex|perish3|[silent]\n|-start|p2b: Torkoal|perish3|[silent]\n|-fieldactivate|move: Perish Song\n|move|p2a: Calyrex|Glacial Lance|p1b: DDDMaxVerstappen\n|-resisted|p1b: DDDMaxVerstappen\n|-damage|p1b: DDDMaxVerstappen|68/100\n|move|p2b: Torkoal|Solar Beam||[still]\n|-prepare|p2b: Torkoal|Solar Beam\n|-anim|p2b: Torkoal|Solar Beam|p1b: DDDMaxVerstappen\n|-supereffective|p1b: DDDMaxVerstappen\n|-damage|p1b: DDDMaxVerstappen|0 fnt\n|faint|p1b: DDDMaxVerstappen\n|\n|win|Silverio23\n|raw|TheNamesBetty's rating: 1331 &rarr; <strong>1311</strong><br />(-20 for losing)\n|raw|Silverio23's rating: 1327 &rarr; <strong>1347</strong><br />(+20 for winning)\n|c|\u2606TheNamesBetty|Gg\n|c|\u2606Silverio23|gg unlucky\n","uploadtime":1775719337,"views":10,"formatid":"gen9vgc2026regi","rating":1311,"private":0,"password":null}