{"id":"gen9vgc2026regi-2566915056","format":"[Gen 9] VGC 2026 Reg I","players":["abbp","casper427"],"log":"|j|\u2606abbp\n|j|\u2606casper427\n|t:|1774429102\n|gametype|doubles\n|player|p1|abbp|102|1335\n|player|p2|casper427|170|1271\n|gen|9\n|tier|[Gen 9] VGC 2026 Reg I\n|rated|\n|rule|Species Clause: Limit one of each Pok\u00e9mon\n|rule|Item Clause: Limit 1 of each item\n|clearpoke\n|poke|p1|Ninetales-Alola, L50, F|\n|poke|p1|Ursaluna-Bloodmoon, L50, M|\n|poke|p1|Terapagos, L50, M|\n|poke|p1|Rillaboom, L50, F|\n|poke|p1|Lunala, L50|\n|poke|p1|Raichu, L50, F|\n|poke|p2|Calyrex-Ice, L50|\n|poke|p2|Ting-Lu, L50|\n|poke|p2|Urshifu-*, L50, F|\n|poke|p2|Miraidon, L50|\n|poke|p2|Incineroar, L50, M|\n|poke|p2|Volcarona, L50, F|\n|teampreview|4\n|\n|t:|1774429133\n|teamsize|p1|4\n|teamsize|p2|4\n|start\n|switch|p1a: Ninetales|Ninetales-Alola, L50, F|100/100\n|switch|p1b: Raichu|Raichu, L50, F|100/100\n|switch|p2a: Calyrex|Calyrex-Ice, L50|100/100\n|switch|p2b: Ting-Lu|Ting-Lu, L50|100/100\n|-ability|p2a: Calyrex|As One\n|-ability|p2a: Calyrex|Unnerve\n|-weather|Snowscape|[from] ability: Snow Warning|[of] p1a: Ninetales\n|-ability|p2b: Ting-Lu|Vessel of Ruin\n|turn|1\n|\n|t:|1774429147\n|move|p1b: Raichu|Fake Out|p2a: Calyrex\n|-damage|p2a: Calyrex|97/100\n|move|p1a: Ninetales|Aurora Veil|p1a: Ninetales\n|-sidestart|p1: abbp|move: Aurora Veil\n|move|p2b: Ting-Lu|Sand Tomb|p1b: Raichu\n|-supereffective|p1b: Raichu\n|-damage|p1b: Raichu|69/100\n|-activate|p1b: Raichu|move: Sand Tomb|[of] p2b: Ting-Lu\n|cant|p2a: Calyrex|flinch\n|\n|-weather|Snowscape|[upkeep]\n|-heal|p2a: Calyrex|100/100|[from] item: Leftovers\n|-damage|p1b: Raichu|57/100|[from] move: Sand Tomb|[partiallytrapped]\n|upkeep\n|turn|2\n|\n|t:|1774429162\n|move|p1b: Raichu|Volt Switch|p2a: Calyrex\n|-damage|p2a: Calyrex|91/100\n|\n|t:|1774429169\n|switch|p1b: Lunala|Lunala, L50|100/100|[from] Volt Switch\n|move|p1a: Ninetales|Blizzard|p2a: Calyrex|[spread] p2a,p2b\n|-resisted|p2a: Calyrex\n|-supereffective|p2b: Ting-Lu\n|-damage|p2a: Calyrex|86/100\n|-damage|p2b: Ting-Lu|69/100\n|move|p2b: Ting-Lu|Sand Tomb|p1a: Ninetales\n|-damage|p1a: Ninetales|91/100\n|-activate|p1a: Ninetales|move: Sand Tomb|[of] p2b: Ting-Lu\n|move|p2a: Calyrex|Leech Seed|p1a: Ninetales\n|-start|p1a: Ninetales|move: Leech Seed\n|\n|-weather|Snowscape|[upkeep]\n|-heal|p2a: Calyrex|91/100|[from] item: Leftovers\n|-damage|p1a: Ninetales|79/100|[from] Leech Seed|[of] p2a: Calyrex\n|-heal|p2a: Calyrex|99/100|[silent]\n|-damage|p1a: Ninetales|67/100|[from] move: Sand Tomb|[partiallytrapped]\n|upkeep\n|turn|3\n|\n|t:|1774429187\n|-terastallize|p2a: Calyrex|Fairy\n|move|p1a: Ninetales|Blizzard|p2b: Ting-Lu|[spread] p2a,p2b\n|-supereffective|p2b: Ting-Lu\n|-damage|p2a: Calyrex|87/100\n|-damage|p2b: Ting-Lu|35/100\n|move|p1b: Lunala|Moongeist Beam|p2a: Calyrex\n|-damage|p2a: Calyrex|65/100\n|move|p2b: Ting-Lu|Ruination|p1b: Lunala\n|-damage|p1b: Lunala|50/100\n|move|p2a: Calyrex|Leech Seed|p1b: Lunala\n|-start|p1b: Lunala|move: Leech Seed\n|\n|-weather|Snowscape|[upkeep]\n|-heal|p2a: Calyrex|71/100|[from] item: Leftovers\n|-damage|p1a: Ninetales|55/100|[from] Leech Seed|[of] p2a: Calyrex\n|-heal|p2a: Calyrex|80/100|[silent]\n|-damage|p1b: Lunala|38/100|[from] Leech Seed|[of] p2a: Calyrex\n|-heal|p2a: Calyrex|94/100|[silent]\n|-damage|p1a: Ninetales|43/100|[from] move: Sand Tomb|[partiallytrapped]\n|upkeep\n|turn|4\n|\n|t:|1774429206\n|switch|p1b: Raichu|Raichu, L50, F|57/100\n|move|p2a: Calyrex|Protect|p2a: Calyrex\n|-singleturn|p2a: Calyrex|Protect\n|move|p1a: Ninetales|Blizzard|p2b: Ting-Lu|[spread] p2b\n|-activate|p2a: Calyrex|move: Protect\n|-supereffective|p2b: Ting-Lu\n|-damage|p2b: Ting-Lu|2/100\n|-status|p2b: Ting-Lu|frz\n|cant|p2b: Ting-Lu|frz\n|\n|-weather|Snowscape|[upkeep]\n|-heal|p2a: Calyrex|99/100|[from] item: Leftovers\n|-damage|p1a: Ninetales|31/100|[from] Leech Seed|[of] p2a: Calyrex\n|-heal|p2a: Calyrex|100/100|[silent]\n|-damage|p1a: Ninetales|19/100|[from] move: Sand Tomb|[partiallytrapped]\n|upkeep\n|turn|5\n|\n|t:|1774429218\n|move|p1b: Raichu|Fake Out|p2a: Calyrex\n|-damage|p2a: Calyrex|95/100\n|move|p1a: Ninetales|Moonblast|p2a: Calyrex\n|-damage|p2a: Calyrex|80/100\n|-unboost|p2a: Calyrex|spa|1\n|cant|p2b: Ting-Lu|frz\n|cant|p2a: Calyrex|flinch\n|\n|-weather|none\n|-heal|p2a: Calyrex|86/100|[from] item: Leftovers\n|-damage|p1a: Ninetales|7/100|[from] Leech Seed|[of] p2a: Calyrex\n|-heal|p2a: Calyrex|95/100|[silent]\n|-damage|p1a: Ninetales|0 fnt|[from] move: Sand Tomb|[partiallytrapped]\n|faint|p1a: Ninetales\n|upkeep\n|\n|t:|1774429228\n|switch|p1a: Terapagos|Terapagos, L50, M|100/100\n|-activate|p1a: Terapagos|ability: Tera Shift\n|detailschange|p1a: Terapagos|Terapagos-Terastal, L50, M\n|-heal|p1a: Terapagos|100/100|[silent]\n|turn|6\n|\n|t:|1774429235\n|move|p1b: Raichu|Nuzzle|p2a: Calyrex\n|-damage|p2a: Calyrex|90/100\n|-status|p2a: Calyrex|par\n|move|p1a: Terapagos|Calm Mind|p1a: Terapagos\n|-boost|p1a: Terapagos|spa|1\n|-boost|p1a: Terapagos|spd|1\n|cant|p2b: Ting-Lu|frz\n|move|p2a: Calyrex|Leech Seed|p1a: Terapagos\n|-start|p1a: Terapagos|move: Leech Seed\n|\n|-heal|p2a: Calyrex|96/100 par|[from] item: Leftovers\n|-damage|p1a: Terapagos|88/100|[from] Leech Seed|[of] p2a: Calyrex\n|-heal|p2a: Calyrex|100/100 par|[silent]\n|upkeep\n|turn|7\n|\n|t:|1774429248\n|-terastallize|p1a: Terapagos|Stellar\n|detailschange|p1a: Terapagos|Terapagos-Stellar, L50, M, tera:Stellar\n|-heal|p1a: Terapagos|91/100|[silent]\n|move|p1b: Raichu|Feint|p2a: Calyrex\n|-damage|p2a: Calyrex|96/100 par\n|move|p1a: Terapagos|Tera Starstorm|p2b: Ting-Lu|[spread] p2a,p2b\n|-supereffective|p2a: Calyrex\n|-crit|p2a: Calyrex\n|-damage|p2a: Calyrex|28/100 par\n|-damage|p2b: Ting-Lu|0 fnt\n|faint|p2b: Ting-Lu\n|move|p2a: Calyrex|Glacial Lance|p1a: Terapagos|[spread] p1a,p1b\n|-damage|p1a: Terapagos|73/100\n|-damage|p1b: Raichu|0 fnt\n|faint|p1b: Raichu\n|-ability|p2a: Calyrex|Chilling Neigh|boost\n|-boost|p2a: Calyrex|atk|1\n|\n|-heal|p1a: Terapagos|79/100|[from] item: Leftovers\n|-heal|p2a: Calyrex|33/100 par|[from] item: Leftovers\n|-damage|p1a: Terapagos|66/100|[from] Leech Seed|[of] p2a: Calyrex\n|-heal|p2a: Calyrex|49/100 par|[silent]\n|upkeep\n|\n|t:|1774429267\n|switch|p1b: Lunala|Lunala, L50|38/100\n|switch|p2b: Volcarona|Volcarona, L50, F, shiny|100/100\n|turn|8\n|\n|t:|1774429286\n|move|p2a: Calyrex|Protect|p2a: Calyrex\n|-singleturn|p2a: Calyrex|Protect\n|move|p2b: Volcarona|Quiver Dance|p2b: Volcarona\n|-boost|p2b: Volcarona|spa|1\n|-boost|p2b: Volcarona|spd|1\n|-boost|p2b: Volcarona|spe|1\n|move|p1b: Lunala|Tailwind|p1b: Lunala\n|-sidestart|p1: abbp|move: Tailwind\n|move|p1a: Terapagos|Calm Mind|p1a: Terapagos\n|-boost|p1a: Terapagos|spa|1\n|-boost|p1a: Terapagos|spd|1\n|\n|-heal|p1a: Terapagos|73/100|[from] item: Leftovers\n|-heal|p2a: Calyrex|55/100 par|[from] item: Leftovers\n|-damage|p1a: Terapagos|60/100|[from] Leech Seed|[of] p2a: Calyrex\n|-heal|p2a: Calyrex|70/100 par|[silent]\n|-sideend|p1: abbp|move: Aurora Veil\n|upkeep\n|turn|9\n|\n|t:|1774429298\n|move|p1b: Lunala|Psyshock|p2a: Calyrex\n|-damage|p2a: Calyrex|43/100 par\n|move|p1a: Terapagos|Tera Starstorm|p2b: Volcarona|[spread] p2a,p2b\n|-supereffective|p2a: Calyrex\n|-damage|p2a: Calyrex|0 fnt\n|-damage|p2b: Volcarona|54/100\n|faint|p2a: Calyrex\n|move|p2b: Volcarona|Struggle Bug|p1b: Lunala|[spread] p1a,p1b\n|-damage|p1a: Terapagos|53/100\n|-damage|p1b: Lunala|22/100\n|-unboost|p1a: Terapagos|spa|1\n|-unboost|p1b: Lunala|spa|1\n|\n|-heal|p1a: Terapagos|59/100|[from] item: Leftovers\n|upkeep\n|\n|t:|1774429304\n|switch|p2a: Miraidon|Miraidon, L50, shiny|100/100\n|-fieldstart|move: Electric Terrain|[from] ability: Hadron Engine|[of] p2a: Miraidon\n|turn|10\n|\n|t:|1774429317\n|move|p2a: Miraidon|Electro Drift|p1a: Terapagos\n|-damage|p1a: Terapagos|29/100\n|move|p1b: Lunala|Psyshock|p2b: Volcarona\n|-damage|p2b: Volcarona|27/100\n|move|p1a: Terapagos|Tera Starstorm|p2a: Miraidon|[spread] p2a,p2b\n|-damage|p2a: Miraidon|47/100\n|-damage|p2b: Volcarona|0 fnt\n|faint|p2b: Volcarona\n|\n|-heal|p1a: Terapagos|35/100|[from] item: Leftovers\n|-damage|p1a: Terapagos|23/100|[from] Leech Seed|[of] p2a: Miraidon\n|-heal|p2a: Miraidon|65/100|[silent]\n|upkeep\n|turn|11\n|\n|t:|1774429336\n|move|p1a: Terapagos|Protect|p1a: Terapagos\n|-singleturn|p1a: Terapagos|Protect\n|move|p2a: Miraidon|Electro Drift|p1b: Lunala\n|-damage|p1b: Lunala|0 fnt\n|faint|p1b: Lunala\n|\n|-heal|p1a: Terapagos|29/100|[from] item: Leftovers\n|-damage|p1a: Terapagos|17/100|[from] Leech Seed|[of] p2a: Miraidon\n|-heal|p2a: Miraidon|84/100|[silent]\n|-sideend|p1: abbp|move: Tailwind\n|upkeep\n|turn|12\n|-message|abbp forfeited.\n|\n|win|casper427\n|raw|abbp's rating: 1335 &rarr; <strong>1311</strong><br />(-24 for losing)\n|raw|casper427's rating: 1271 &rarr; <strong>1301</strong><br />(+30 for winning)\n|l|\u2606abbp\n|player|p1|\n|l|\u2606casper427\n|player|p2|\n","uploadtime":1774429601,"views":16,"formatid":"gen9vgc2026regi","rating":1301,"private":0,"password":null}