{"id":"gen9vgc2026regi-2588047942","format":"[Gen 9] VGC 2026 Reg I","players":["Zonavideovigilada","SycrasisEU"],"log":"|j|\u2606Zonavideovigilada\n|j|\u2606SycrasisEU\n|t:|1776597826\n|gametype|doubles\n|player|p1|Zonavideovigilada|266|1529\n|player|p2|SycrasisEU|backpacker|1326\n|gen|9\n|tier|[Gen 9] VGC 2026 Reg I\n|rated|\n|rule|Species Clause: Limit one of each Pok\u00e9mon\n|rule|Item Clause: Limit 1 of each item\n|clearpoke\n|poke|p1|Miraidon, L50|\n|poke|p1|Calyrex-Ice, L50|\n|poke|p1|Urshifu-*, L50, M|\n|poke|p1|Ogerpon-Wellspring, L50, F|\n|poke|p1|Talonflame, L50, M|\n|poke|p1|Iron Crown, L50|\n|poke|p2|Koraidon, L50|\n|poke|p2|Ho-Oh, L50|\n|poke|p2|Chien-Pao, L50|\n|poke|p2|Amoonguss, L50, F|\n|poke|p2|Incineroar, L50, F|\n|poke|p2|Raging Bolt, L50|\n|teampreview|4\n|inactive|Battle timer is ON: inactive players will automatically lose when time's up. (requested by SycrasisEU)\nSycrasisEU has agreed to open team sheets.\n|inactive|Zonavideovigilada has 60 seconds left.\n|inactive|SycrasisEU has 60 seconds left.\n|inactive|SycrasisEU has 30 seconds left.\n|inactive|SycrasisEU has 20 seconds left.\n|inactive|SycrasisEU has 15 seconds left.\n|c|\u2606Zonavideovigilada|Glhf\n|inactive|SycrasisEU has 10 seconds left.\n|inactive|SycrasisEU has 5 seconds left.\n|\n|t:|1776597918\n|teamsize|p1|4\n|teamsize|p2|4\n|start\n|switch|p1a: Miraidon|Miraidon, L50|100/100\n|switch|p1b: Urshifu|Urshifu, L50, M|100/100\n|switch|p2a: Koraidon|Koraidon, L50, shiny|100/100\n|switch|p2b: Ho-Oh|Ho-Oh, L50|100/100\n|-fieldstart|move: Electric Terrain|[from] ability: Hadron Engine|[of] p1a: Miraidon\n|-weather|SunnyDay|[from] ability: Orichalcum Pulse|[of] p2a: Koraidon\n|-activate|p2a: Koraidon|Orichalcum Pulse|[source]\n|turn|1\n|inactive|SycrasisEU has 30 seconds left.\n|inactive|SycrasisEU has 20 seconds left.\n|inactive|SycrasisEU has 15 seconds left.\n|inactive|SycrasisEU has 10 seconds left.\n|inactive|SycrasisEU has 5 seconds left.\n|c|\u2606Zonavideovigilada|Timer uh\n|\n|t:|1776597973\n|move|p2a: Koraidon|Protect|p2a: Koraidon\n|-singleturn|p2a: Koraidon|Protect\n|move|p1b: Urshifu|Sucker Punch||[still]\n|-fail|p1b: Urshifu\n|move|p1a: Miraidon|Draco Meteor|p2a: Koraidon\n|-activate|p2a: Koraidon|move: Protect\n|move|p2b: Ho-Oh|Sacred Fire|p1a: Miraidon\n|-resisted|p1a: Miraidon\n|-damage|p1a: Miraidon|65/100\n|\n|-weather|SunnyDay|[upkeep]\n|upkeep\n|turn|2\n|inactive|SycrasisEU has 30 seconds left.\n|inactive|SycrasisEU has 20 seconds left.\n|inactive|SycrasisEU has 15 seconds left.\n|inactive|SycrasisEU has 10 seconds left.\n|inactive|SycrasisEU has 5 seconds left.\n|\n|t:|1776598028\n|move|p2a: Koraidon|Protect|p2a: Koraidon\n|-singleturn|p2a: Koraidon|Protect\n|move|p1a: Miraidon|Draco Meteor|p2a: Koraidon\n|-activate|p2a: Koraidon|move: Protect\n|move|p1b: Urshifu|Wicked Blow|p2a: Koraidon\n|-resisted|p2a: Koraidon\n|-crit|p2a: Koraidon\n|-damage|p2a: Koraidon|72/100\n|move|p2b: Ho-Oh|Sacred Fire|p1b: Urshifu\n|-damage|p1b: Urshifu|8/100\n|-status|p1b: Urshifu|brn\n|\n|-weather|SunnyDay|[upkeep]\n|-damage|p1b: Urshifu|2/100 brn|[from] brn\n|upkeep\n|turn|3\n|inactive|SycrasisEU has 30 seconds left.\n|\n|t:|1776598055\n|switch|p2a: Chien-Pao|Chien-Pao, L50, shiny|100/100\n|-ability|p2a: Chien-Pao|Sword of Ruin\n|move|p1a: Miraidon|Draco Meteor|p2a: Chien-Pao\n|-enditem|p2a: Chien-Pao|Focus Sash\n|-damage|p2a: Chien-Pao|1/100\n|-unboost|p1a: Miraidon|spa|2\n|move|p1b: Urshifu|Wicked Blow|p2b: Ho-Oh\n|-crit|p2b: Ho-Oh\n|-damage|p2b: Ho-Oh|57/100\n|move|p2b: Ho-Oh|Tailwind|p2b: Ho-Oh\n|-sidestart|p2: SycrasisEU|move: Tailwind\n|\n|-weather|SunnyDay|[upkeep]\n|-damage|p1b: Urshifu|0 fnt|[from] brn\n|faint|p1b: Urshifu\n|upkeep\n|\n|t:|1776598066\n|switch|p1b: Ogerpon|Ogerpon-Wellspring, L50, F|100/100\n|turn|4\n|inactive|Zonavideovigilada has 30 seconds left.\n|\n|t:|1776598093\n|switch|p1a: Calyrex|Calyrex-Ice, L50|100/100\n|-ability|p1a: Calyrex|As One\n|-ability|p1a: Calyrex|Unnerve\n|-terastallize|p1b: Ogerpon|Water\n|detailschange|p1b: Ogerpon|Ogerpon-Wellspring-Tera, L50, F, tera:Water\n|-ability|p1b: Ogerpon|Embody Aspect (Wellspring)|boost\n|-boost|p1b: Ogerpon|spd|1\n|move|p2a: Chien-Pao|Ice Spinner|p1a: Calyrex\n|-resisted|p1a: Calyrex\n|-damage|p1a: Calyrex|84/100\n|-fieldend|move: Electric Terrain\n|move|p2b: Ho-Oh|Brave Bird|p1b: Ogerpon\n|-damage|p1b: Ogerpon|1/100\n|-damage|p2b: Ho-Oh|30/100|[from] Recoil\n|move|p1b: Ogerpon|Ivy Cudgel|p2b: Ho-Oh|[anim] Ivy Cudgel Water\n|-supereffective|p2b: Ho-Oh\n|-damage|p2b: Ho-Oh|0 fnt\n|faint|p2b: Ho-Oh\n|\n|-weather|SunnyDay|[upkeep]\n|upkeep\n|\n|t:|1776598106\n|switch|p2b: Koraidon|Koraidon, L50, shiny|72/100\n|-activate|p2b: Koraidon|ability: Orichalcum Pulse\n|turn|5\n|\n|t:|1776598127\n|-terastallize|p2b: Koraidon|Fire\n|move|p1b: Ogerpon|Follow Me|p1b: Ogerpon\n|-singleturn|p1b: Ogerpon|move: Follow Me\n|move|p2b: Koraidon|Flare Blitz|p1b: Ogerpon\n|-resisted|p1b: Ogerpon\n|-damage|p1b: Ogerpon|0 fnt\n|faint|p1b: Ogerpon\n|detailschange|p1: Ogerpon|Ogerpon-Wellspring, L50, F|[silent]\n|-damage|p2b: Koraidon|72/100|[from] Recoil\n|move|p2a: Chien-Pao|Ice Spinner|p1a: Calyrex\n|-resisted|p1a: Calyrex\n|-damage|p1a: Calyrex|70/100\n|move|p1a: Calyrex|Trick Room|p1a: Calyrex\n|-fieldstart|move: Trick Room|[of] p1a: Calyrex\n|\n|-weather|none\n|upkeep\n|\n|t:|1776598130\n|switch|p1b: Miraidon|Miraidon, L50|65/100\n|-fieldstart|move: Electric Terrain|[from] ability: Hadron Engine|[of] p1b: Miraidon\n|turn|6\n|\n|t:|1776598151\n|move|p1a: Calyrex|Glacial Lance|p2a: Chien-Pao|[spread] p2a,p2b\n|-resisted|p2a: Chien-Pao\n|-resisted|p2b: Koraidon\n|-damage|p2a: Chien-Pao|0 fnt\n|-damage|p2b: Koraidon|38/100\n|faint|p2a: Chien-Pao\n|-ability|p1a: Calyrex|Chilling Neigh|boost\n|-boost|p1a: Calyrex|atk|1\n|move|p1b: Miraidon|Electro Drift|p2b: Koraidon\n|-damage|p2b: Koraidon|0 fnt\n|faint|p2b: Koraidon\n|\n|-sideend|p2: SycrasisEU|move: Tailwind\n|upkeep\n|-message|SycrasisEU forfeited.\n|\n|win|Zonavideovigilada\n|raw|Zonavideovigilada's rating: 1529 &rarr; <strong>1538</strong><br />(+9 for winning)\n|raw|SycrasisEU's rating: 1326 &rarr; <strong>1317</strong><br />(-9 for losing)\n|l|\u2606SycrasisEU\n|player|p2|\n|c|\u2606Zonavideovigilada|Too bad pao fas\n|c|\u2606Zonavideovigilada|Slower\n|c|\u2606Zonavideovigilada|Than the koraidon lol\n|l|\u2606Zonavideovigilada\n|player|p1|\n","uploadtime":1776598385,"views":7,"formatid":"gen9vgc2026regi","rating":1317,"private":0,"password":null}