{"id":"gen9vgc2026regi-2570077538","format":"[Gen 9] VGC 2026 Reg I","players":["fallacy277","TitusLance"],"log":"|j|\u2606fallacy277\n|j|\u2606TitusLance\n|t:|1774766131\n|gametype|doubles\n|player|p1|fallacy277|102|1352\n|player|p2|TitusLance|hiker-gen4|1361\n|gen|9\n|tier|[Gen 9] VGC 2026 Reg I\n|rated|\n|rule|Species Clause: Limit one of each Pok\u00e9mon\n|rule|Item Clause: Limit 1 of each item\n|clearpoke\n|poke|p1|Groudon, L50|\n|poke|p1|Calyrex-Ice, L50|\n|poke|p1|Flutter Mane, L50|\n|poke|p1|Gouging Fire, L50|\n|poke|p1|Jumpluff, L50, M|\n|poke|p1|Raging Bolt, L50|\n|poke|p2|Calyrex-Ice, L50|\n|poke|p2|Kyogre, L50|\n|poke|p2|Rillaboom, L50, F|\n|poke|p2|Mimikyu, L50, F|\n|poke|p2|Incineroar, L50, M|\n|poke|p2|Grimmsnarl, L50, M|\n|teampreview|4\n|inactive|Battle timer is ON: inactive players will automatically lose when time's up. (requested by TitusLance)\n|inactive|fallacy277 has 60 seconds left.\n|\n|t:|1774766177\n|teamsize|p1|4\n|teamsize|p2|4\n|start\n|switch|p1a: Calyrex|Calyrex-Ice, L50|100/100\n|switch|p1b: Raging Bolt|Raging Bolt, L50|100/100\n|switch|p2a: Grimmsnarl|Grimmsnarl, L50, M|100/100\n|switch|p2b: Incineroar|Incineroar, L50, M|100/100\n|-ability|p1a: Calyrex|As One\n|-ability|p1a: Calyrex|Unnerve\n|-ability|p2b: Incineroar|Intimidate|boost\n|-unboost|p1a: Calyrex|atk|1\n|-unboost|p1b: Raging Bolt|atk|1\n|turn|1\n|\n|t:|1774766196\n|switch|p1a: Groudon|Groudon, L50|100/100\n|-weather|SunnyDay|[from] ability: Drought|[of] p1a: Groudon\n|-activate|p1b: Raging Bolt|ability: Protosynthesis\n|-start|p1b: Raging Bolt|protosynthesisspa\n|move|p1b: Raging Bolt|Thunderbolt|p2a: Grimmsnarl\n|-damage|p2a: Grimmsnarl|20/100\n|move|p2b: Incineroar|Will-O-Wisp|p1a: Groudon\n|-status|p1a: Groudon|brn\n|move|p2a: Grimmsnarl|Spirit Break|p1b: Raging Bolt\n|-supereffective|p1b: Raging Bolt\n|-damage|p1b: Raging Bolt|37/100\n|-unboost|p1b: Raging Bolt|spa|1\n|\n|-weather|SunnyDay|[upkeep]\n|-damage|p1a: Groudon|95/100 brn|[from] brn\n|upkeep\n|turn|2\n|\n|t:|1774766219\n|-end|p1b: Raging Bolt|Protosynthesis|[silent]\n|switch|p1b: Flutter Mane|Flutter Mane, L50|100/100\n|-activate|p1b: Flutter Mane|ability: Protosynthesis\n|-start|p1b: Flutter Mane|protosynthesisspe\n|switch|p2b: Kyogre|Kyogre, L50|100/100\n|-weather|RainDance|[from] ability: Drizzle|[of] p2b: Kyogre\n|-end|p1b: Flutter Mane|Protosynthesis\n|move|p2a: Grimmsnarl|Light Screen|p2a: Grimmsnarl\n|-sidestart|p2: TitusLance|move: Light Screen\n|move|p1a: Groudon|Precipice Blades|p2b: Kyogre|[spread] p2a,p2b\n|-damage|p2a: Grimmsnarl|0 fnt\n|-damage|p2b: Kyogre|80/100\n|faint|p2a: Grimmsnarl\n|\n|-weather|RainDance|[upkeep]\n|-heal|p2b: Kyogre|86/100|[from] item: Leftovers\n|-damage|p1a: Groudon|89/100 brn|[from] brn\n|upkeep\n|j| Moineboueux\n|\n|t:|1774766233\n|switch|p2a: Incineroar|Incineroar, L50, M|100/100\n|-ability|p2a: Incineroar|Intimidate|boost\n|-fail|p1a: Groudon|unboost|[from] item: Clear Amulet|[of] p1a: Groudon\n|-unboost|p1b: Flutter Mane|atk|1\n|turn|3\n|\n|t:|1774766242\n|switch|p1a: Raging Bolt|Raging Bolt, L50|37/100\n|move|p1b: Flutter Mane|Protect|p1b: Flutter Mane\n|-singleturn|p1b: Flutter Mane|Protect\n|move|p2a: Incineroar|Parting Shot|p1b: Flutter Mane\n|-activate|p1b: Flutter Mane|move: Protect\n|move|p2b: Kyogre|Origin Pulse|p1a: Raging Bolt|[spread] p1a\n|-activate|p1b: Flutter Mane|move: Protect\n|-resisted|p1a: Raging Bolt\n|-damage|p1a: Raging Bolt|11/100\n|\n|-weather|RainDance|[upkeep]\n|-heal|p2b: Kyogre|92/100|[from] item: Leftovers\n|upkeep\n|turn|4\n|\n|t:|1774766267\n|move|p2b: Kyogre|Protect|p2b: Kyogre\n|-singleturn|p2b: Kyogre|Protect\n|move|p1b: Flutter Mane|Icy Wind|p2a: Incineroar|[spread] p2a\n|-activate|p2b: Kyogre|move: Protect\n|-resisted|p2a: Incineroar\n|-damage|p2a: Incineroar|97/100\n|-unboost|p2a: Incineroar|spe|1\n|move|p1a: Raging Bolt|Draco Meteor|p2b: Kyogre\n|-activate|p2b: Kyogre|move: Protect\n|move|p2a: Incineroar|Parting Shot|p1b: Flutter Mane\n|-unboost|p1b: Flutter Mane|atk|1\n|-unboost|p1b: Flutter Mane|spa|1\n|\n|t:|1774766277\n|switch|p2a: Calyrex|Calyrex-Ice, L50|100/100|[from] Parting Shot\n|-ability|p2a: Calyrex|As One\n|-ability|p2a: Calyrex|Unnerve\n|\n|-weather|RainDance|[upkeep]\n|-heal|p2b: Kyogre|98/100|[from] item: Leftovers\n|upkeep\n|turn|5\n|\n|t:|1774766291\n|switch|p2b: Incineroar|Incineroar, L50, M|97/100\n|-ability|p2b: Incineroar|Intimidate|boost\n|-unboost|p1a: Raging Bolt|atk|1\n|-unboost|p1b: Flutter Mane|atk|1\n|-terastallize|p2a: Calyrex|Fire\n|move|p1a: Raging Bolt|Protect|p1a: Raging Bolt\n|-singleturn|p1a: Raging Bolt|Protect\n|move|p1b: Flutter Mane|Taunt|p2a: Calyrex\n|-start|p2a: Calyrex|move: Taunt\n|move|p2a: Calyrex|Glacial Lance|p1a: Raging Bolt|[spread] p1b\n|-activate|p1a: Raging Bolt|move: Protect\n|-damage|p1b: Flutter Mane|24/100\n|\n|-weather|RainDance|[upkeep]\n|upkeep\n|turn|6\n|\n|t:|1774766309\n|-end|p1a: Raging Bolt|Protosynthesis|[silent]\n|switch|p1a: Calyrex|Calyrex-Ice, L50|100/100\n|-ability|p1a: Calyrex|As One\n|-ability|p1a: Calyrex|Unnerve\n|move|p1b: Flutter Mane|Moonblast|p2b: Incineroar\n|-damage|p2b: Incineroar|79/100\n|move|p2b: Incineroar|Will-O-Wisp|p1a: Calyrex\n|-status|p1a: Calyrex|brn\n|move|p2a: Calyrex|Glacial Lance|p1b: Flutter Mane|[spread] p1a,p1b\n|-resisted|p1a: Calyrex\n|-damage|p1a: Calyrex|83/100 brn\n|-damage|p1b: Flutter Mane|0 fnt\n|faint|p1b: Flutter Mane\n|-end|p1b: Flutter Mane|Protosynthesis|[silent]\n|-ability|p2a: Calyrex|Chilling Neigh|boost\n|-boost|p2a: Calyrex|atk|1\n|\n|-weather|none\n|-damage|p1a: Calyrex|77/100 brn|[from] brn\n|upkeep\n|\n|t:|1774766327\n|switch|p1b: Groudon|Groudon, L50|89/100 brn\n|-weather|SunnyDay|[from] ability: Drought|[of] p1b: Groudon\n|turn|7\n|\n|t:|1774766335\n|switch|p2b: Kyogre|Kyogre, L50|98/100\n|-weather|RainDance|[from] ability: Drizzle|[of] p2b: Kyogre\n|-terastallize|p1b: Groudon|Fire\n|move|p1b: Groudon|Precipice Blades|p2a: Calyrex|[spread] p2a,p2b\n|-supereffective|p2a: Calyrex\n|-crit|p2a: Calyrex\n|-damage|p2a: Calyrex|59/100\n|-damage|p2b: Kyogre|79/100\n|move|p1a: Calyrex|Glacial Lance|p2a: Calyrex|[spread] p2a,p2b\n|-resisted|p2a: Calyrex\n|-resisted|p2b: Kyogre\n|-damage|p2a: Calyrex|51/100\n|-damage|p2b: Kyogre|70/100\n|move|p2a: Calyrex|Glacial Lance|p1a: Calyrex|[spread] p1a,p1b\n|-resisted|p1a: Calyrex\n|-resisted|p1b: Groudon\n|-damage|p1a: Calyrex|53/100 brn\n|-damage|p1b: Groudon|61/100 brn\n|\n|-weather|RainDance|[upkeep]\n|-heal|p2b: Kyogre|76/100|[from] item: Leftovers\n|-damage|p1b: Groudon|55/100 brn|[from] brn\n|-damage|p1a: Calyrex|47/100 brn|[from] brn\n|-end|p2a: Calyrex|move: Taunt\n|upkeep\n|turn|8\n|inactive|fallacy277 has 30 seconds left.\n|\n|t:|1774766365\n|switch|p2b: Incineroar|Incineroar, L50, M|79/100\n|-ability|p2b: Incineroar|Intimidate|boost\n|-unboost|p1a: Calyrex|atk|1\n|-fail|p1b: Groudon|unboost|[from] item: Clear Amulet|[of] p1b: Groudon\n|move|p1b: Groudon|Protect|p1b: Groudon\n|-singleturn|p1b: Groudon|Protect\n|move|p1a: Calyrex|High Horsepower|p2a: Calyrex\n|-supereffective|p2a: Calyrex\n|-damage|p2a: Calyrex|36/100\n|move|p2a: Calyrex|High Horsepower|p1b: Groudon\n|-activate|p1b: Groudon|move: Protect\n|\n|-weather|RainDance|[upkeep]\n|-damage|p1b: Groudon|49/100 brn|[from] brn\n|-damage|p1a: Calyrex|41/100 brn|[from] brn\n|upkeep\n|turn|9\n|\n|t:|1774766387\n|switch|p1b: Raging Bolt|Raging Bolt, L50|11/100\n|move|p2b: Incineroar|Fake Out|p1a: Calyrex\n|-damage|p1a: Calyrex|34/100 brn\n|cant|p1a: Calyrex|flinch\n|move|p2a: Calyrex|High Horsepower|p1b: Raging Bolt\n|-supereffective|p1b: Raging Bolt\n|-damage|p1b: Raging Bolt|0 fnt\n|faint|p1b: Raging Bolt\n|-end|p1b: Raging Bolt|Protosynthesis|[silent]\n|-ability|p2a: Calyrex|Chilling Neigh|boost\n|-boost|p2a: Calyrex|atk|1\n|\n|-weather|RainDance|[upkeep]\n|-damage|p1a: Calyrex|28/100 brn|[from] brn\n|-sideend|p2: TitusLance|move: Light Screen\n|upkeep\n|\n|t:|1774766393\n|switch|p1b: Groudon|Groudon, L50, tera:Fire|49/100 brn\n|-weather|SunnyDay|[from] ability: Drought|[of] p1b: Groudon\n|turn|10\n|\n|t:|1774766399\n|move|p2a: Calyrex|Protect|p2a: Calyrex\n|-singleturn|p2a: Calyrex|Protect\n|move|p1b: Groudon|Precipice Blades|p2a: Calyrex|[spread] \n|-activate|p2a: Calyrex|move: Protect\n|-miss|p1b: Groudon|p2b: Incineroar\n|move|p1a: Calyrex|Glacial Lance|p2a: Calyrex|[spread] p2b\n|-activate|p2a: Calyrex|move: Protect\n|-resisted|p2b: Incineroar\n|-damage|p2b: Incineroar|71/100\n|move|p2b: Incineroar|Parting Shot|p1a: Calyrex\n|-unboost|p1a: Calyrex|atk|1\n|-unboost|p1a: Calyrex|spa|1\n|-message|fallacy277 forfeited.\n|\n|win|TitusLance\n|raw|fallacy277's rating: 1352 &rarr; <strong>1333</strong><br />(-19 for losing)\n|raw|TitusLance's rating: 1361 &rarr; <strong>1380</strong><br />(+19 for winning)\n|l|\u2606fallacy277\n|player|p1|\n|l|\u2606TitusLance\n|player|p2|\n|j| Crvstal_K!tty\n","uploadtime":1774766583,"views":16,"formatid":"gen9vgc2026regi","rating":1333,"private":0,"password":null}