{"id":"gen9vgc2026regi-2543639264","format":"[Gen 9] VGC 2026 Reg I","players":["kedaruma","VJ2511"],"log":"|j|\u2606kedaruma\n|j|\u2606VJ2511\n|t:|1771601834\n|gametype|doubles\n|player|p1|kedaruma|170|1570\n|player|p2|VJ2511|red-masters3|1607\n|gen|9\n|tier|[Gen 9] VGC 2026 Reg I\n|rated|\n|rule|Species Clause: Limit one of each Pok\u00e9mon\n|rule|Item Clause: Limit 1 of each item\n|clearpoke\n|poke|p1|Calyrex-Shadow, L50|\n|poke|p1|Zamazenta-*, L50|\n|poke|p1|Raging Bolt, L50|\n|poke|p1|Smeargle, L50, M|\n|poke|p1|Rillaboom, L50, M|\n|poke|p1|Tornadus, L50, M|\n|poke|p2|Calyrex-Shadow, L50|\n|poke|p2|Zamazenta-*, L50|\n|poke|p2|Chien-Pao, L50|\n|poke|p2|Dragonite, L50, F|\n|poke|p2|Raging Bolt, L50|\n|poke|p2|Amoonguss, L50, F|\n|teampreview|4\n|inactive|Battle timer is ON: inactive players will automatically lose when time's up. (requested by kedaruma)\n|\n|t:|1771601858\n|teamsize|p1|4\n|teamsize|p2|4\n|start\n|switch|p1a: Smeargle|Smeargle, L50, M, shiny|100/100\n|switch|p1b: Calyrex|Calyrex-Shadow, L50|100/100\n|switch|p2a: Raging Bolt|Raging Bolt, L50|100/100\n|switch|p2b: Chien-Pao|Chien-Pao, L50|100/100\n|-ability|p1b: Calyrex|As One\n|-ability|p1b: Calyrex|Unnerve\n|-ability|p2b: Chien-Pao|Sword of Ruin\n|-enditem|p2a: Raging Bolt|Booster Energy\n|-activate|p2a: Raging Bolt|ability: Protosynthesis|[fromitem]\n|-start|p2a: Raging Bolt|protosynthesisspa\n|turn|1\n|\n|t:|1771601879\n|-terastallize|p1b: Calyrex|Dark\n|move|p1a: Smeargle|Fake Out|p2a: Raging Bolt\n|-crit|p2a: Raging Bolt\n|-damage|p2a: Raging Bolt|91/100\n|move|p1b: Calyrex|Astral Barrage|p2a: Raging Bolt|[spread] p2a,p2b\n|-resisted|p2b: Chien-Pao\n|-damage|p2a: Raging Bolt|33/100\n|-damage|p2b: Chien-Pao|67/100\n|-damage|p1b: Calyrex|91/100|[from] item: Life Orb\n|move|p2b: Chien-Pao|Icy Wind|p1b: Calyrex|[spread] p1a,p1b\n|-damage|p1a: Smeargle|78/100\n|-damage|p1b: Calyrex|80/100\n|-unboost|p1a: Smeargle|spe|1\n|-unboost|p1b: Calyrex|spe|1\n|cant|p2a: Raging Bolt|flinch\n|\n|-ability|p1a: Smeargle|Moody|boost\n|-boost|p1a: Smeargle|spe|2\n|-unboost|p1a: Smeargle|spd|1\n|upkeep\n|turn|2\n|\n|t:|1771601903\n|switch|p1b: Zamazenta|Zamazenta-Crowned, L50, shiny|100/100\n|-ability|p1b: Zamazenta|Dauntless Shield|boost\n|-boost|p1b: Zamazenta|def|1\n|move|p2a: Raging Bolt|Thunderclap||[still]\n|-fail|p2a: Raging Bolt\n|move|p1a: Smeargle|Spore|p2b: Chien-Pao\n|-status|p2b: Chien-Pao|slp|[from] move: Spore\n|cant|p2b: Chien-Pao|slp\n|\n|-ability|p1a: Smeargle|Moody|boost\n|-boost|p1a: Smeargle|spa|2\n|-unboost|p1a: Smeargle|def|1\n|upkeep\n|turn|3\n|\n|t:|1771601921\n|move|p1a: Smeargle|Follow Me|p1a: Smeargle\n|-singleturn|p1a: Smeargle|move: Follow Me\n|cant|p2b: Chien-Pao|slp\n|move|p1b: Zamazenta|Body Press|p2a: Raging Bolt\n|-damage|p2a: Raging Bolt|0 fnt\n|faint|p2a: Raging Bolt\n|-end|p2a: Raging Bolt|Protosynthesis|[silent]\n|\n|-ability|p1a: Smeargle|Moody|boost\n|-boost|p1a: Smeargle|def|2\n|-unboost|p1a: Smeargle|spe|1\n|upkeep\n|\n|t:|1771601925\n|switch|p2a: Calyrex|Calyrex-Shadow, L50|100/100\n|-ability|p2a: Calyrex|As One\n|-ability|p2a: Calyrex|Unnerve\n|turn|4\n|\n|t:|1771601939\n|-terastallize|p2b: Chien-Pao|Poison\n|move|p2a: Calyrex|Psychic|p1a: Smeargle\n|-damage|p1a: Smeargle|0 fnt\n|faint|p1a: Smeargle\n|-ability|p2a: Calyrex|Grim Neigh|boost\n|-boost|p2a: Calyrex|spa|1\n|-curestatus|p2b: Chien-Pao|slp|[msg]\n|move|p2b: Chien-Pao|Icy Wind|p1b: Zamazenta\n|-resisted|p1b: Zamazenta\n|-damage|p1b: Zamazenta|96/100\n|-unboost|p1b: Zamazenta|spe|1\n|move|p1b: Zamazenta|Body Press|p2b: Chien-Pao\n|-resisted|p2b: Chien-Pao\n|-damage|p2b: Chien-Pao|27/100\n|\n|upkeep\n|\n|t:|1771601955\n|switch|p1a: Calyrex|Calyrex-Shadow, L50, tera:Dark|80/100\n|-ability|p1a: Calyrex|As One\n|-ability|p1a: Calyrex|Unnerve\n|turn|5\n|\n|t:|1771601964\n|move|p2a: Calyrex|Protect|p2a: Calyrex\n|-singleturn|p2a: Calyrex|Protect\n|move|p1b: Zamazenta|Wide Guard|p1b: Zamazenta\n|-singleturn|p1b: Zamazenta|Wide Guard\n|move|p1a: Calyrex|Astral Barrage|p2a: Calyrex|[spread] p2b\n|-activate|p2a: Calyrex|move: Protect\n|-damage|p2b: Chien-Pao|0 fnt\n|faint|p2b: Chien-Pao\n|-ability|p1a: Calyrex|Grim Neigh|boost\n|-boost|p1a: Calyrex|spa|1\n|-damage|p1a: Calyrex|70/100|[from] item: Life Orb\n|\n|upkeep\n|\n|t:|1771601966\n|switch|p2b: Zamazenta|Zamazenta-Crowned, L50|100/100\n|-ability|p2b: Zamazenta|Dauntless Shield|boost\n|-boost|p2b: Zamazenta|def|1\n|turn|6\n|\n|t:|1771601988\n|move|p2a: Calyrex|Encore|p1b: Zamazenta\n|-start|p1b: Zamazenta|Encore\n|move|p1a: Calyrex|Psychic|p2a: Calyrex\n|-resisted|p2a: Calyrex\n|-damage|p2a: Calyrex|47/100\n|-damage|p1a: Calyrex|60/100|[from] item: Life Orb\n|move|p2b: Zamazenta|Body Press|p1a: Calyrex\n|-supereffective|p1a: Calyrex\n|-damage|p1a: Calyrex|0 fnt\n|faint|p1a: Calyrex\n|move|p1b: Zamazenta|Wide Guard||[still]\n|-fail|p1b: Zamazenta\n|\n|upkeep\n|\n|t:|1771602001\n|switch|p1a: Raging Bolt|Raging Bolt, L50|100/100\n|-enditem|p1a: Raging Bolt|Booster Energy\n|-activate|p1a: Raging Bolt|ability: Protosynthesis|[fromitem]\n|-start|p1a: Raging Bolt|protosynthesisspa\n|turn|7\n|\n|t:|1771602009\n|move|p2a: Calyrex|Protect|p2a: Calyrex\n|-singleturn|p2a: Calyrex|Protect\n|move|p1b: Zamazenta|Wide Guard|p1b: Zamazenta\n|-singleturn|p1b: Zamazenta|Wide Guard\n|move|p2b: Zamazenta|Body Press|p1a: Raging Bolt\n|-damage|p1a: Raging Bolt|46/100\n|move|p1a: Raging Bolt|Thunderbolt|p2a: Calyrex\n|-activate|p2a: Calyrex|move: Protect\n|\n|upkeep\n|turn|8\n|\n|t:|1771602014\n|move|p1b: Zamazenta|Wide Guard|p1b: Zamazenta\n|-singleturn|p1b: Zamazenta|Wide Guard\n|move|p2a: Calyrex|Encore|p1a: Raging Bolt\n|-start|p1a: Raging Bolt|Encore\n|move|p2b: Zamazenta|Body Press|p1a: Raging Bolt\n|-damage|p1a: Raging Bolt|0 fnt\n|faint|p1a: Raging Bolt\n|-end|p1a: Raging Bolt|Protosynthesis|[silent]\n|\n|-end|p1b: Zamazenta|Encore\n|upkeep\n|turn|9\n|-message|kedaruma forfeited.\n|\n|win|VJ2511\n|raw|kedaruma's rating: 1570 &rarr; <strong>1552</strong><br />(-18 for losing)\n|raw|VJ2511's rating: 1607 &rarr; <strong>1625</strong><br />(+18 for winning)\n|l|\u2606kedaruma\n|player|p1|\n|l|\u2606VJ2511\n|player|p2|\n","uploadtime":1771602291,"views":45,"formatid":"gen9vgc2026regi","rating":1552,"private":0,"password":null}