{"id":"gen9vgc2026regi-2563547887","format":"[Gen 9] VGC 2026 Reg I","players":["Cellpab1","CulantroVGC"],"log":"|j|\u2606Cellpab1\n|j|\u203dCulantroVGC\n|t:|1774035994\n|gametype|doubles\n|player|p1|Cellpab1|102|1399\n|player|p2|CulantroVGC|265|1496\n|gen|9\n|tier|[Gen 9] VGC 2026 Reg I\n|rated|\n|rule|Species Clause: Limit one of each Pok\u00e9mon\n|rule|Item Clause: Limit 1 of each item\n|clearpoke\n|poke|p1|Calyrex-Ice, L50|\n|poke|p1|Miraidon, L50|\n|poke|p1|Ursaluna, L50, F|\n|poke|p1|Volcarona, L50, F|\n|poke|p1|Grimmsnarl, L50, M|\n|poke|p1|Iron Hands, L50|\n|poke|p2|Miraidon, L50|\n|poke|p2|Calyrex-Ice, L50|\n|poke|p2|Weezing-Galar, L50, F|\n|poke|p2|Chi-Yu, L50|\n|poke|p2|Dondozo, L50, F|\n|poke|p2|Tatsugiri-Droopy, L50, F|\n|teampreview|4\n|inactive|Battle timer is ON: inactive players will automatically lose when time's up. (requested by Cellpab1)\n|inactive|Cellpab1 has 60 seconds left.\n|inactive|CulantroVGC has 60 seconds left.\n|\n|t:|1774036037\n|teamsize|p1|4\n|teamsize|p2|4\n|start\n|switch|p1a: Grimmsnarl|Grimmsnarl, L50, M|100/100\n|switch|p1b: Ursaluna|Ursaluna, L50, F|100/100\n|switch|p2a: Calyrex|Calyrex-Ice, L50|100/100\n|switch|p2b: Weezing|Weezing-Galar, L50, F|100/100\n|-ability|p2b: Weezing|Neutralizing Gas\n|-ability|p2a: Calyrex|As One\n|-ability|p2a: Calyrex|Unnerve\n|turn|1\n|inactive|CulantroVGC has 30 seconds left.\n|\n|t:|1774036067\n|move|p2b: Weezing|Protect|p2b: Weezing\n|-singleturn|p2b: Weezing|Protect\n|move|p1b: Ursaluna|Headlong Rush|p2b: Weezing\n|-activate|p2b: Weezing|move: Protect\n|move|p1a: Grimmsnarl|Foul Play|p2a: Calyrex\n|-supereffective|p2a: Calyrex\n|-damage|p2a: Calyrex|19/100\n|-enditem|p2a: Calyrex|Sitrus Berry|[eat]\n|-heal|p2a: Calyrex|44/100|[from] item: Sitrus Berry\n|move|p2a: Calyrex|Leech Seed|p1b: Ursaluna\n|-start|p1b: Ursaluna|move: Leech Seed\n|\n|-damage|p1b: Ursaluna|88/100|[from] Leech Seed|[of] p2a: Calyrex\n|-heal|p2a: Calyrex|57/100|[silent]\n|-status|p1b: Ursaluna|brn|[from] item: Flame Orb\n|upkeep\n|turn|2\n|j| SGillfish\n|j| Knightdozo\n|inactive|Cellpab1 has 30 seconds left.\n|inactive|CulantroVGC has 30 seconds left.\n|inactive|Cellpab1 has 20 seconds left.\n|inactive|CulantroVGC has 20 seconds left.\n|inactive|Cellpab1 has 15 seconds left.\n|inactive|CulantroVGC has 15 seconds left.\n|\n|t:|1774036110\n|move|p2a: Calyrex|Protect|p2a: Calyrex\n|-singleturn|p2a: Calyrex|Protect\n|move|p1b: Ursaluna|Facade|p2b: Weezing\n|-damage|p2b: Weezing|27/100\n|-damage|p1b: Ursaluna|72/100 brn|[from] item: Rocky Helmet|[of] p2b: Weezing\n|move|p1a: Grimmsnarl|Reflect|p1a: Grimmsnarl\n|-sidestart|p1: Cellpab1|Reflect\n|move|p2b: Weezing|Toxic Spikes|p1b: Ursaluna\n|-sidestart|p1: Cellpab1|move: Toxic Spikes\n|\n|-damage|p1b: Ursaluna|59/100 brn|[from] Leech Seed|[of] p2a: Calyrex\n|-heal|p2a: Calyrex|71/100|[silent]\n|-damage|p1b: Ursaluna|53/100 brn|[from] brn\n|upkeep\n|turn|3\n|inactive|Cellpab1 has 30 seconds left.\n|inactive|CulantroVGC has 30 seconds left.\n|\n|t:|1774036142\n|-end|p2b: Weezing|ability: Neutralizing Gas\n|switch|p2b: Tatsugiri|Tatsugiri-Droopy, L50, F|100/100\n|switch|p2a: Dondozo|Dondozo, L50, F|100/100\n|-activate|p2b: Tatsugiri|ability: Commander|[of] p2a: Dondozo\n|-boost|p2a: Dondozo|atk|2\n|-boost|p2a: Dondozo|spa|2\n|-boost|p2a: Dondozo|spe|2\n|-boost|p2a: Dondozo|def|2\n|-boost|p2a: Dondozo|spd|2\n|move|p1b: Ursaluna|Facade|p2a: Dondozo\n|-damage|p2a: Dondozo|68/100\n|move|p1a: Grimmsnarl|Foul Play|p2a: Dondozo\n|-damage|p2a: Dondozo|58/100\n|\n|-heal|p2a: Dondozo|64/100|[from] item: Leftovers\n|-damage|p1b: Ursaluna|41/100 brn|[from] Leech Seed|[of] p2a: Dondozo\n|-heal|p2a: Dondozo|75/100|[silent]\n|-damage|p1b: Ursaluna|35/100 brn|[from] brn\n|upkeep\n|turn|4\n|inactive|CulantroVGC has 30 seconds left.\n|inactive|CulantroVGC has 20 seconds left.\n|\n|t:|1774036179\n|move|p1a: Grimmsnarl|Thunder Wave|p2a: Dondozo\n|-status|p2a: Dondozo|par\n|move|p1b: Ursaluna|Facade|p2a: Dondozo\n|-damage|p2a: Dondozo|40/100 par\n|move|p2a: Dondozo|Order Up|p1b: Ursaluna\n|-damage|p1b: Ursaluna|15/100 brn\n|-boost|p2a: Dondozo|def|1\n|\n|-heal|p2a: Dondozo|46/100 par|[from] item: Leftovers\n|-damage|p1b: Ursaluna|3/100 brn|[from] Leech Seed|[of] p2a: Dondozo\n|-heal|p2a: Dondozo|57/100 par|[silent]\n|-damage|p1b: Ursaluna|0 fnt|[from] brn\n|faint|p1b: Ursaluna\n|upkeep\n|inactive|Cellpab1 has 30 seconds left.\n|j| cherrychanga2\n|\n|t:|1774036213\n|switch|p1b: Miraidon|Miraidon, L50|100/100\n|-status|p1b: Miraidon|psn\n|-fieldstart|move: Electric Terrain|[from] ability: Hadron Engine|[of] p1b: Miraidon\n|turn|5\n|l| cherrychanga2\n|inactive|CulantroVGC has 30 seconds left.\n|\n|t:|1774036238\n|switch|p1a: Calyrex|Calyrex-Ice, L50|100/100\n|-ability|p1a: Calyrex|As One\n|-ability|p1a: Calyrex|Unnerve\n|-status|p1a: Calyrex|psn\n|cant|p2a: Dondozo|par\n|move|p1b: Miraidon|Draco Meteor|p2a: Dondozo\n|-damage|p2a: Dondozo|3/100 par\n|-unboost|p1b: Miraidon|spa|2\n|\n|-heal|p2a: Dondozo|9/100 par|[from] item: Leftovers\n|-damage|p1b: Miraidon|88/100 psn|[from] psn\n|-damage|p1a: Calyrex|88/100 psn|[from] psn\n|upkeep\n|turn|6\n|\n|t:|1774036259\n|cant|p2a: Dondozo|par\n|move|p1b: Miraidon|Draco Meteor|p2a: Dondozo\n|-damage|p2a: Dondozo|0 fnt\n|-unboost|p1b: Miraidon|spa|2\n|faint|p2a: Dondozo\n|move|p1a: Calyrex|Glacial Lance|p2b: Tatsugiri\n|-enditem|p2b: Tatsugiri|Focus Sash\n|-damage|p2b: Tatsugiri|1/100\n|\n|-heal|p1a: Calyrex|94/100 psn|[from] item: Leftovers\n|-damage|p1b: Miraidon|76/100 psn|[from] psn\n|-damage|p1a: Calyrex|82/100 psn|[from] psn\n|upkeep\n|\n|t:|1774036275\n|switch|p2a: Calyrex|Calyrex-Ice, L50|71/100\n|-ability|p2a: Calyrex|As One\n|-ability|p2a: Calyrex|Unnerve\n|turn|7\n|inactive|Cellpab1 has 30 seconds left.\n|inactive|CulantroVGC has 30 seconds left.\n|inactive|Cellpab1 has 20 seconds left.\n|inactive|Cellpab1 has 15 seconds left.\n|inactive|Cellpab1 has 10 seconds left.\n|inactive|Cellpab1 has 5 seconds left.\n|\n|t:|1774036328\n|move|p2b: Tatsugiri|Protect|p2b: Tatsugiri\n|-singleturn|p2b: Tatsugiri|Protect\n|move|p1b: Miraidon|Draco Meteor|p2a: Calyrex\n|-damage|p2a: Calyrex|41/100\n|-unboost|p1b: Miraidon|spa|2\n|move|p2a: Calyrex|Leech Seed|p1a: Calyrex\n|-start|p1a: Calyrex|move: Leech Seed\n|move|p1a: Calyrex|Trick Room|p1a: Calyrex\n|-fieldstart|move: Trick Room|[of] p1a: Calyrex\n|\n|-heal|p1a: Calyrex|88/100 psn|[from] item: Leftovers\n|-damage|p1a: Calyrex|76/100 psn|[from] Leech Seed|[of] p2a: Calyrex\n|-heal|p2a: Calyrex|53/100|[silent]\n|-damage|p1a: Calyrex|63/100 psn|[from] psn\n|-damage|p1b: Miraidon|64/100 psn|[from] psn\n|upkeep\n|turn|8\n|inactive|Cellpab1 has 30 seconds left.\n|\n|t:|1774036359\n|switch|p1b: Grimmsnarl|Grimmsnarl, L50, M|100/100\n|-status|p1b: Grimmsnarl|psn\n|move|p2b: Tatsugiri|Protect||[still]\n|-fail|p2b: Tatsugiri\n|move|p1a: Calyrex|Glacial Lance|p2b: Tatsugiri|[spread] p2a,p2b\n|-resisted|p2a: Calyrex\n|-damage|p2a: Calyrex|38/100\n|-damage|p2b: Tatsugiri|0 fnt\n|faint|p2b: Tatsugiri\n|-ability|p1a: Calyrex|Chilling Neigh|boost\n|-boost|p1a: Calyrex|atk|1\n|move|p2a: Calyrex|Glacial Lance|p1b: Grimmsnarl|[spread] p1a,p1b\n|-resisted|p1a: Calyrex\n|-damage|p1a: Calyrex|51/100 psn\n|-damage|p1b: Grimmsnarl|56/100 psn\n|\n|-heal|p1a: Calyrex|57/100 psn|[from] item: Leftovers\n|-damage|p1a: Calyrex|44/100 psn|[from] Leech Seed|[of] p2a: Calyrex\n|-heal|p2a: Calyrex|50/100|[silent]\n|-damage|p1a: Calyrex|32/100 psn|[from] psn\n|-damage|p1b: Grimmsnarl|44/100 psn|[from] psn\n|upkeep\n|\n|t:|1774036381\n|switch|p2b: Weezing|Weezing-Galar, L50, F|27/100\n|-ability|p2b: Weezing|Neutralizing Gas\n|turn|9\n|inactive|Cellpab1 has 30 seconds left.\n|inactive|Cellpab1 has 20 seconds left.\n|inactive|Cellpab1 has 15 seconds left.\n|inactive|Cellpab1 has 10 seconds left.\n|inactive|Cellpab1 has 5 seconds left.\n|\n|t:|1774036435\n|-terastallize|p2a: Calyrex|Fire\n|move|p2b: Weezing|Protect|p2b: Weezing\n|-singleturn|p2b: Weezing|Protect\n|move|p2a: Calyrex|Glacial Lance|p1a: Calyrex|[spread] p1a,p1b\n|-resisted|p1a: Calyrex\n|-damage|p1a: Calyrex|20/100 psn\n|-damage|p1b: Grimmsnarl|1/100 psn\n|move|p1b: Grimmsnarl|Foul Play|p2a: Calyrex\n|-damage|p2a: Calyrex|12/100\n|move|p1a: Calyrex|Trick Room|p1a: Calyrex\n|-fieldend|move: Trick Room\n|\n|-heal|p1a: Calyrex|25/100 psn|[from] item: Leftovers\n|-damage|p1a: Calyrex|13/100 psn|[from] Leech Seed|[of] p2a: Calyrex\n|-heal|p2a: Calyrex|25/100|[silent]\n|-damage|p1b: Grimmsnarl|0 fnt|[from] psn\n|faint|p1b: Grimmsnarl\n|-damage|p1a: Calyrex|1/100 psn|[from] psn\n|-sideend|p1: Cellpab1|Reflect\n|-fieldend|move: Electric Terrain\n|upkeep\n|\n|t:|1774036443\n|switch|p1b: Miraidon|Miraidon, L50|64/100 psn\n|turn|10\n|inactive|Cellpab1 has 30 seconds left.\n|inactive|Cellpab1 has 20 seconds left.\n|inactive|Cellpab1 has 15 seconds left.\n|\n|t:|1774036487\n|-terastallize|p1b: Miraidon|Fairy\n|move|p2b: Weezing|Protect|p2b: Weezing\n|-singleturn|p2b: Weezing|Protect\n|move|p2a: Calyrex|Protect|p2a: Calyrex\n|-singleturn|p2a: Calyrex|Protect\n|move|p1b: Miraidon|Electro Drift|p2b: Weezing\n|-activate|p2b: Weezing|move: Protect\n|move|p1a: Calyrex|Glacial Lance|p2a: Calyrex|[spread] \n|-activate|p2a: Calyrex|move: Protect\n|-activate|p2b: Weezing|move: Protect\n|\n|-heal|p1a: Calyrex|7/100 psn|[from] item: Leftovers\n|-damage|p1a: Calyrex|0 fnt|[from] Leech Seed|[of] p2a: Calyrex\n|-heal|p2a: Calyrex|31/100|[silent]\n|faint|p1a: Calyrex\n|-damage|p1b: Miraidon|52/100 psn|[from] psn\n|upkeep\n|turn|11\n|\n|t:|1774036508\n|move|p1b: Miraidon|Electro Drift|p2a: Calyrex\n|-damage|p2a: Calyrex|0 fnt\n|faint|p2a: Calyrex\n|move|p2b: Weezing|Strange Steam|p1b: Miraidon\n|-damage|p1b: Miraidon|29/100 psn\n|\n|-damage|p1b: Miraidon|17/100 psn|[from] psn\n|upkeep\n|turn|12\n|\n|t:|1774036519\n|move|p2b: Weezing|Protect|p2b: Weezing\n|-singleturn|p2b: Weezing|Protect\n|move|p1b: Miraidon|Electro Drift|p2b: Weezing\n|-activate|p2b: Weezing|move: Protect\n|\n|-damage|p1b: Miraidon|5/100 psn|[from] psn\n|upkeep\n|turn|13\n|\n|t:|1774036528\n|move|p2b: Weezing|Protect|p2b: Weezing\n|-singleturn|p2b: Weezing|Protect\n|move|p1b: Miraidon|Electro Drift|p2b: Weezing\n|-activate|p2b: Weezing|move: Protect\n|\n|-damage|p1b: Miraidon|0 fnt|[from] psn\n|faint|p1b: Miraidon\n|\n|win|CulantroVGC\n|raw|Cellpab1's rating: 1399 &rarr; <strong>1384</strong><br />(-15 for losing)\n|raw|CulantroVGC's rating: 1496 &rarr; <strong>1511</strong><br />(+15 for winning)\n","uploadtime":1774036551,"views":18,"formatid":"gen9vgc2026regi","rating":1384,"private":0,"password":null}