{"id":"gen9vgc2026regi-2551124010","format":"[Gen 9] VGC 2026 Reg I","players":["kaiSSTX","drive stone"],"log":"|j|\u2606kaiSSTX\n|j|\u2606drive stone\n|t:|1772566767\n|gametype|doubles\n|player|p1|kaiSSTX|hilbert|1468\n|player|p2|drive stone|cilan|1440\n|gen|9\n|tier|[Gen 9] VGC 2026 Reg I\n|rated|\n|rule|Species Clause: Limit one of each Pok\u00e9mon\n|rule|Item Clause: Limit 1 of each item\n|clearpoke\n|poke|p1|Ho-Oh, L50|\n|poke|p1|Miraidon, L50|\n|poke|p1|Iron Treads, L50|\n|poke|p1|Iron Bundle, L50|\n|poke|p1|Urshifu-*, L50, M|\n|poke|p1|Farigiraf, L50, F|\n|poke|p2|Rayquaza, L50|\n|poke|p2|Zacian-*, L50|\n|poke|p2|Annihilape, L50, F|\n|poke|p2|Farigiraf, L50, F|\n|poke|p2|Chien-Pao, L50|\n|poke|p2|Volcarona, L50, F|\n|teampreview|4\n|\n|t:|1772566824\n|teamsize|p1|4\n|teamsize|p2|4\n|start\n|switch|p1a: Iron Bundle|Iron Bundle, L50|100/100\n|switch|p1b: Miraidon|Miraidon, L50|100/100\n|switch|p2a: Rayquaza|Rayquaza, L50|100/100\n|switch|p2b: Volcarona|Volcarona, L50, F|100/100\n|-fieldstart|move: Electric Terrain|[from] ability: Hadron Engine|[of] p1b: Miraidon\n|-activate|p1a: Iron Bundle|ability: Quark Drive\n|-start|p1a: Iron Bundle|quarkdrivespe\n|-ability|p2a: Rayquaza|Air Lock\n|turn|1\n|\n|t:|1772566845\n|-terastallize|p2a: Rayquaza|Normal\n|move|p2b: Volcarona|Rage Powder|p2b: Volcarona\n|-singleturn|p2b: Volcarona|move: Rage Powder\n|move|p1a: Iron Bundle|Icy Wind|p2a: Rayquaza|[spread] p2a,p2b\n|-resisted|p2b: Volcarona\n|-damage|p2a: Rayquaza|81/100\n|-damage|p2b: Volcarona|92/100\n|-unboost|p2a: Rayquaza|spe|1\n|-unboost|p2b: Volcarona|spe|1\n|move|p1b: Miraidon|Volt Switch|p2b: Volcarona\n|-damage|p2b: Volcarona|0 fnt\n|faint|p2b: Volcarona\n|\n|t:|1772566858\n|switch|p1b: Ho-Oh|Ho-Oh, L50|100/100|[from] Volt Switch\n|move|p2a: Rayquaza|Swords Dance|p2a: Rayquaza\n|-boost|p2a: Rayquaza|atk|2\n|\n|upkeep\n|\n|t:|1772566873\n|switch|p2b: Chien-Pao|Chien-Pao, L50|100/100\n|-ability|p2b: Chien-Pao|Sword of Ruin\n|turn|2\n|\n|t:|1772566895\n|move|p1b: Ho-Oh|Protect|p1b: Ho-Oh\n|-singleturn|p1b: Ho-Oh|Protect\n|move|p2a: Rayquaza|Extreme Speed|p1b: Ho-Oh\n|-activate|p1b: Ho-Oh|move: Protect\n|move|p1a: Iron Bundle|Hydro Pump|p2a: Rayquaza\n|-damage|p2a: Rayquaza|33/100\n|move|p2b: Chien-Pao|Crunch|p1a: Iron Bundle\n|-damage|p1a: Iron Bundle|32/100\n|\n|upkeep\n|turn|3\n|\n|t:|1772566942\n|move|p2a: Rayquaza|Extreme Speed|p1b: Ho-Oh\n|-damage|p1b: Ho-Oh|0 fnt\n|-damage|p2a: Rayquaza|17/100|[from] item: Rocky Helmet|[of] p1b: Ho-Oh\n|faint|p1b: Ho-Oh\n|-damage|p2a: Rayquaza|7/100|[from] item: Life Orb\n|move|p2b: Chien-Pao|Sucker Punch|p1a: Iron Bundle\n|-damage|p1a: Iron Bundle|0 fnt\n|faint|p1a: Iron Bundle\n|-end|p1a: Iron Bundle|Quark Drive|[silent]\n|\n|upkeep\n|\n|t:|1772566953\n|switch|p1a: Iron Treads|Iron Treads, L50|100/100\n|switch|p1b: Miraidon|Miraidon, L50|100/100\n|-activate|p1b: Miraidon|ability: Hadron Engine\n|-activate|p1a: Iron Treads|ability: Quark Drive\n|-start|p1a: Iron Treads|quarkdrivespe\n|turn|4\n|\n|t:|1772566973\n|move|p2a: Rayquaza|Extreme Speed|p1b: Miraidon\n|-damage|p1b: Miraidon|0 fnt\n|faint|p1b: Miraidon\n|-damage|p2a: Rayquaza|0 fnt|[from] item: Life Orb\n|faint|p2a: Rayquaza\n|move|p1a: Iron Treads|Knock Off|p2b: Chien-Pao\n|-resisted|p2b: Chien-Pao\n|-damage|p2b: Chien-Pao|72/100\n|-enditem|p2b: Chien-Pao|Focus Sash|[from] move: Knock Off|[of] p1a: Iron Treads\n|-damage|p1a: Iron Treads|90/100|[from] item: Life Orb\n|move|p2b: Chien-Pao|Ice Spinner|p1a: Iron Treads\n|-damage|p1a: Iron Treads|40/100\n|-fieldend|move: Electric Terrain\n|-end|p1a: Iron Treads|Quark Drive\n|\n|upkeep\n|\n|t:|1772566988\n|switch|p2a: Zacian|Zacian-Crowned, L50|100/100\n|-ability|p2a: Zacian|Intrepid Sword|boost\n|-boost|p2a: Zacian|atk|1\n|turn|5\n|\n|t:|1772567004\n|move|p2a: Zacian|Sacred Sword|p1a: Iron Treads\n|-supereffective|p1a: Iron Treads\n|-damage|p1a: Iron Treads|0 fnt\n|faint|p1a: Iron Treads\n|-end|p1a: Iron Treads|Quark Drive|[silent]\n|\n|win|drive stone\n|raw|kaiSSTX's rating: 1468 &rarr; <strong>1446</strong><br />(-22 for losing)\n|raw|drive stone's rating: 1440 &rarr; <strong>1462</strong><br />(+22 for winning)\n|l|\u2606kaiSSTX\n|player|p1|\n|l|\u2606drive stone\n|player|p2|\n","uploadtime":1772567221,"views":20,"formatid":"gen9vgc2026regi","rating":1446,"private":0,"password":null}