{"id":"gen9vgc2026regi-2522502478","format":"[Gen 9] VGC 2026 Reg I","players":["sibylla_system","1zha"],"log":"|j|\u2606sibylla_system\n|j|\u26061zha\n|t:|1768916685\n|gametype|doubles\n|player|p1|sibylla_system|101|1461\n|player|p2|1zha|170|1447\n|gen|9\n|tier|[Gen 9] VGC 2026 Reg I\n|rated|\n|rule|Species Clause: Limit one of each Pok\u00e9mon\n|rule|Item Clause: Limit 1 of each item\n|clearpoke\n|poke|p1|Calyrex-Ice, L50|\n|poke|p1|Kyogre, L50|\n|poke|p1|Rillaboom, L50, M|\n|poke|p1|Basculegion, L50, M|\n|poke|p1|Smeargle, L50, M|\n|poke|p1|Farigiraf, L50, F|\n|poke|p2|Calyrex-Shadow, L50|\n|poke|p2|Zamazenta-*, L50|\n|poke|p2|Whimsicott, L50, F|\n|poke|p2|Maushold-Four, L50|\n|poke|p2|Chi-Yu, L50|\n|poke|p2|Amoonguss, L50, F|\n|teampreview|4\n|\n|t:|1768916723\n|teamsize|p1|4\n|teamsize|p2|4\n|start\n|switch|p1a: Calyrex|Calyrex-Ice, L50|100/100\n|switch|p1b: Smeargle|Smeargle, L50, M|100/100\n|switch|p2a: Calyrex|Calyrex-Shadow, L50|100/100\n|switch|p2b: Chi-Yu|Chi-Yu, L50, shiny|100/100\n|-ability|p2a: Calyrex|As One\n|-ability|p2a: Calyrex|Unnerve\n|-ability|p1a: Calyrex|As One\n|-ability|p1a: Calyrex|Unnerve\n|-ability|p2b: Chi-Yu|Beads of Ruin\n|turn|1\n|\n|t:|1768916754\n|switch|p1b: Kyogre|Kyogre, L50|100/100\n|-weather|RainDance|[from] ability: Drizzle|[of] p1b: Kyogre\n|move|p2a: Calyrex|Psychic|p1b: Kyogre\n|-damage|p1b: Kyogre|24/100\n|-damage|p2a: Calyrex|91/100|[from] item: Life Orb\n|move|p2b: Chi-Yu|Heat Wave|p1a: Calyrex|[spread] p1a\n|-miss|p2b: Chi-Yu|p1b: Kyogre\n|-supereffective|p1a: Calyrex\n|-damage|p1a: Calyrex|64/100\n|move|p1a: Calyrex|Glacial Lance|p2b: Chi-Yu|[spread] p2a,p2b\n|-resisted|p2b: Chi-Yu\n|-damage|p2a: Calyrex|17/100\n|-damage|p2b: Chi-Yu|56/100\n|\n|-weather|RainDance|[upkeep]\n|upkeep\n|turn|2\n|\n|t:|1768916781\n|switch|p1a: Basculegion|Basculegion, L50, M|100/100\n|move|p1b: Kyogre|Origin Pulse|p2b: Chi-Yu|[spread] p2a,p2b\n|-supereffective|p2b: Chi-Yu\n|-damage|p2a: Calyrex|0 fnt\n|-damage|p2b: Chi-Yu|0 fnt\n|faint|p2a: Calyrex\n|faint|p2b: Chi-Yu\n|\n|-weather|RainDance|[upkeep]\n|upkeep\n|\n|t:|1768916788\n|switch|p2a: Zamazenta|Zamazenta-Crowned, L50|100/100\n|switch|p2b: Amoonguss|Amoonguss, L50, F, shiny|100/100\n|-ability|p2a: Zamazenta|Dauntless Shield|boost\n|-boost|p2a: Zamazenta|def|1\n|turn|3\n|\n|t:|1768916827\n|-terastallize|p2a: Zamazenta|Dragon\n|move|p1a: Basculegion|Phantom Force||[still]\n|-prepare|p1a: Basculegion|Phantom Force\n|-enditem|p1a: Basculegion|Power Herb\n|-anim|p1a: Basculegion|Phantom Force|p2a: Zamazenta\n|-damage|p2a: Zamazenta|85/100\n|move|p1b: Kyogre|Origin Pulse|p2b: Amoonguss|[spread] p2a,p2b\n|-resisted|p2a: Zamazenta\n|-resisted|p2b: Amoonguss\n|-damage|p2a: Zamazenta|59/100\n|-damage|p2b: Amoonguss|71/100\n|move|p2a: Zamazenta|Body Press|p1b: Kyogre\n|-damage|p1b: Kyogre|0 fnt\n|faint|p1b: Kyogre\n|move|p2b: Amoonguss|Spore|p1a: Basculegion\n|-status|p1a: Basculegion|slp|[from] move: Spore\n|\n|-weather|RainDance|[upkeep]\n|upkeep\n|\n|t:|1768916861\n|switch|p1b: Calyrex|Calyrex-Ice, L50|64/100\n|-ability|p1b: Calyrex|As One\n|-ability|p1b: Calyrex|Unnerve\n|turn|4\n|\n|t:|1768916872\n|switch|p1a: Smeargle|Smeargle, L50, M|100/100\n|-terastallize|p1b: Calyrex|Grass\n|move|p2a: Zamazenta|Wide Guard|p2a: Zamazenta\n|-singleturn|p2a: Zamazenta|Wide Guard\n|move|p1b: Calyrex|Glacial Lance|p2b: Amoonguss|[spread] \n|-activate|p2a: Zamazenta|move: Wide Guard\n|-activate|p2b: Amoonguss|move: Wide Guard\n|move|p2b: Amoonguss|Spore|p1b: Calyrex\n|-immune|p1b: Calyrex\n|\n|-weather|RainDance|[upkeep]\n|-ability|p1a: Smeargle|Moody|boost\n|-boost|p1a: Smeargle|atk|2\n|-unboost|p1a: Smeargle|spe|1\n|upkeep\n|turn|5\n|\n|t:|1768916898\n|move|p2a: Zamazenta|Body Press|p1b: Calyrex\n|-damage|p1b: Calyrex|15/100\n|move|p1a: Smeargle|Spore|p2a: Zamazenta\n|-status|p2a: Zamazenta|slp|[from] move: Spore\n|move|p1b: Calyrex|Glacial Lance|p2a: Zamazenta|[spread] p2a,p2b\n|-supereffective|p2a: Zamazenta\n|-supereffective|p2b: Amoonguss\n|-damage|p2a: Zamazenta|25/100 slp\n|-damage|p2b: Amoonguss|0 fnt\n|faint|p2b: Amoonguss\n|-ability|p1b: Calyrex|Chilling Neigh|boost\n|-boost|p1b: Calyrex|atk|1\n|\n|-weather|none\n|-ability|p1a: Smeargle|Moody|boost\n|-boost|p1a: Smeargle|spa|2\n|-unboost|p1a: Smeargle|def|1\n|upkeep\n|turn|6\n|-message|1zha forfeited.\n|\n|win|sibylla_system\n|raw|sibylla_system's rating: 1461 &rarr; <strong>1480</strong><br />(+19 for winning)\n|raw|1zha's rating: 1447 &rarr; <strong>1428</strong><br />(-19 for losing)\n|l|\u26061zha\n|player|p2|\n","uploadtime":1768917170,"views":25,"formatid":"gen9vgc2026regi","rating":1428,"private":0,"password":null}