{"id":"gen9vgc2026regi-2535747072","format":"[Gen 9] VGC 2026 Reg I","players":["blackred123","Kwiper"],"log":"|j|\u2606blackred123\n|j|\u2606Kwiper\n|t:|1770603549\n|gametype|doubles\n|player|p1|blackred123|iono-masters|1394\n|player|p2|Kwiper|sycamore|1357\n|gen|9\n|tier|[Gen 9] VGC 2026 Reg I\n|rated|\n|rule|Species Clause: Limit one of each Pok\u00e9mon\n|rule|Item Clause: Limit 1 of each item\n|clearpoke\n|poke|p1|Calyrex-Shadow, L50|\n|poke|p1|Zamazenta-*, L50|\n|poke|p1|Incineroar, L50, M|\n|poke|p1|Rillaboom, L50, F|\n|poke|p1|Ogerpon-Cornerstone, L50, F|\n|poke|p1|Tornadus, L50, M|\n|poke|p2|Koraidon, L50|\n|poke|p2|Lunala, L50|\n|poke|p2|Indeedee-F, L50, F|\n|poke|p2|Flutter Mane, L50|\n|poke|p2|Volcarona, L50, M|\n|poke|p2|Ursaluna, L50, M|\n|teampreview|4\n|inactive|Battle timer is ON: inactive players will automatically lose when time's up. (requested by Kwiper)\n|inactive|blackred123 also wants the timer to be on.\n|inactive|blackred123 has 60 seconds left.\n|\n|t:|1770603603\n|teamsize|p1|4\n|teamsize|p2|4\n|start\n|switch|p1a: \u54c7\u8884\uff08\u72d7\u53eb\u58f0\uff09|Zamazenta-Crowned, L50|100/100\n|switch|p1b: \u5e05otto\u5e05|Incineroar, L50, M|100/100\n|switch|p2a: Lunala|Lunala, L50, shiny|100/100\n|switch|p2b: Indeedee|Indeedee-F, L50, F|100/100\n|-ability|p1a: \u54c7\u8884\uff08\u72d7\u53eb\u58f0\uff09|Dauntless Shield|boost\n|-boost|p1a: \u54c7\u8884\uff08\u72d7\u53eb\u58f0\uff09|def|1\n|-fieldstart|move: Psychic Terrain|[from] ability: Psychic Surge|[of] p2b: Indeedee\n|-ability|p1b: \u5e05otto\u5e05|Intimidate|boost\n|-unboost|p2a: Lunala|atk|1\n|-unboost|p2b: Indeedee|atk|1\n|turn|1\n|\n|t:|1770603626\n|move|p1a: \u54c7\u8884\uff08\u72d7\u53eb\u58f0\uff09|Heavy Slam|p2a: Lunala\n|-damage|p2a: Lunala|80/100\n|move|p2a: Lunala|Meteor Beam||[still]\n|-prepare|p2a: Lunala|Meteor Beam\n|-boost|p2a: Lunala|spa|1\n|-enditem|p2a: Lunala|Power Herb\n|-anim|p2a: Lunala|Meteor Beam|p1b: \u5e05otto\u5e05\n|-supereffective|p1b: \u5e05otto\u5e05\n|-damage|p1b: \u5e05otto\u5e05|0 fnt\n|faint|p1b: \u5e05otto\u5e05\n|move|p2b: Indeedee|Alluring Voice|p1a: \u54c7\u8884\uff08\u72d7\u53eb\u58f0\uff09\n|-damage|p1a: \u54c7\u8884\uff08\u72d7\u53eb\u58f0\uff09|88/100\n|-start|p1a: \u54c7\u8884\uff08\u72d7\u53eb\u58f0\uff09|confusion\n|\n|upkeep\n|\n|t:|1770603639\n|switch|p1b: \u5636\u9a6c\u51a0\u54e5|Calyrex-Shadow, L50|100/100\n|-ability|p1b: \u5636\u9a6c\u51a0\u54e5|As One\n|-ability|p1b: \u5636\u9a6c\u51a0\u54e5|Unnerve\n|turn|2\n|\n|t:|1770603654\n|move|p2a: Lunala|Wide Guard|p2a: Lunala\n|-singleturn|p2a: Lunala|Wide Guard\n|move|p1b: \u5636\u9a6c\u51a0\u54e5|Encore|p2a: Lunala\n|-start|p2a: Lunala|Encore\n|-activate|p1a: \u54c7\u8884\uff08\u72d7\u53eb\u58f0\uff09|confusion\n|move|p1a: \u54c7\u8884\uff08\u72d7\u53eb\u58f0\uff09|Body Press|p2b: Indeedee\n|-damage|p2b: Indeedee|33/100\n|move|p2b: Indeedee|Trick Room|p2b: Indeedee\n|-fieldstart|move: Trick Room|[of] p2b: Indeedee\n|\n|upkeep\n|turn|3\n|\n|t:|1770603675\n|switch|p2b: Volcarona|Volcarona, L50, M|100/100\n|move|p2a: Lunala|Wide Guard|p2a: Lunala\n|-singleturn|p2a: Lunala|Wide Guard\n|-activate|p1a: \u54c7\u8884\uff08\u72d7\u53eb\u58f0\uff09|confusion\n|move|p1a: \u54c7\u8884\uff08\u72d7\u53eb\u58f0\uff09|Body Press|p2b: Volcarona\n|-resisted|p2b: Volcarona\n|-crit|p2b: Volcarona\n|-damage|p2b: Volcarona|44/100\n|-damage|p1a: \u54c7\u8884\uff08\u72d7\u53eb\u58f0\uff09|72/100|[from] item: Rocky Helmet|[of] p2b: Volcarona\n|-status|p1a: \u54c7\u8884\uff08\u72d7\u53eb\u58f0\uff09|brn|[from] ability: Flame Body|[of] p2b: Volcarona\n|move|p1b: \u5636\u9a6c\u51a0\u54e5|Psychic|p2a: Lunala\n|-resisted|p2a: Lunala\n|-damage|p2a: Lunala|56/100\n|\n|-damage|p1a: \u54c7\u8884\uff08\u72d7\u53eb\u58f0\uff09|66/100 brn|[from] brn\n|upkeep\n|turn|4\n|\n|t:|1770603692\n|move|p2a: Lunala|Wide Guard|p2a: Lunala\n|-singleturn|p2a: Lunala|Wide Guard\n|move|p2b: Volcarona|Struggle Bug|p1a: \u54c7\u8884\uff08\u72d7\u53eb\u58f0\uff09|[spread] p1a,p1b\n|-resisted|p1a: \u54c7\u8884\uff08\u72d7\u53eb\u58f0\uff09\n|-damage|p1a: \u54c7\u8884\uff08\u72d7\u53eb\u58f0\uff09|63/100 brn\n|-damage|p1b: \u5636\u9a6c\u51a0\u54e5|84/100\n|-unboost|p1a: \u54c7\u8884\uff08\u72d7\u53eb\u58f0\uff09|spa|1\n|-unboost|p1b: \u5636\u9a6c\u51a0\u54e5|spa|1\n|-activate|p1a: \u54c7\u8884\uff08\u72d7\u53eb\u58f0\uff09|confusion\n|move|p1a: \u54c7\u8884\uff08\u72d7\u53eb\u58f0\uff09|Heavy Slam|p2a: Lunala\n|-damage|p2a: Lunala|34/100\n|move|p1b: \u5636\u9a6c\u51a0\u54e5|Psychic|p2b: Volcarona\n|-crit|p2b: Volcarona\n|-damage|p2b: Volcarona|0 fnt\n|faint|p2b: Volcarona\n|-ability|p1b: \u5636\u9a6c\u51a0\u54e5|Grim Neigh|boost\n|-boost|p1b: \u5636\u9a6c\u51a0\u54e5|spa|1\n|\n|-damage|p1a: \u54c7\u8884\uff08\u72d7\u53eb\u58f0\uff09|57/100 brn|[from] brn\n|upkeep\n|\n|t:|1770603705\n|switch|p2b: Koraidon|Koraidon, L50, shiny|100/100\n|-weather|SunnyDay|[from] ability: Orichalcum Pulse|[of] p2b: Koraidon\n|-activate|p2b: Koraidon|Orichalcum Pulse|[source]\n|turn|5\n|\n|t:|1770603719\n|move|p1b: \u5636\u9a6c\u51a0\u54e5|Protect|p1b: \u5636\u9a6c\u51a0\u54e5\n|-singleturn|p1b: \u5636\u9a6c\u51a0\u54e5|Protect\n|move|p2a: Lunala|Wide Guard|p2a: Lunala\n|-singleturn|p2a: Lunala|Wide Guard\n|-end|p1a: \u54c7\u8884\uff08\u72d7\u53eb\u58f0\uff09|confusion\n|move|p1a: \u54c7\u8884\uff08\u72d7\u53eb\u58f0\uff09|Heavy Slam|p2a: Lunala\n|-damage|p2a: Lunala|15/100\n|move|p2b: Koraidon|Flare Blitz|p1b: \u5636\u9a6c\u51a0\u54e5\n|-activate|p1b: \u5636\u9a6c\u51a0\u54e5|move: Protect\n|\n|-weather|SunnyDay|[upkeep]\n|-damage|p1a: \u54c7\u8884\uff08\u72d7\u53eb\u58f0\uff09|51/100 brn|[from] brn\n|-end|p2a: Lunala|Encore\n|-fieldend|move: Psychic Terrain\n|upkeep\n|turn|6\n|\n|t:|1770603735\n|switch|p2b: Indeedee|Indeedee-F, L50, F|33/100\n|-fieldstart|move: Psychic Terrain|[from] ability: Psychic Surge|[of] p2b: Indeedee\n|switch|p1b: \u68cd\u7236|Tornadus, L50, M|100/100\n|move|p2a: Lunala|Expanding Force|p1b: \u68cd\u7236|[spread] p1a,p1b\n|-damage|p1a: \u54c7\u8884\uff08\u72d7\u53eb\u58f0\uff09|0 fnt\n|-damage|p1b: \u68cd\u7236|0 fnt\n|faint|p1a: \u54c7\u8884\uff08\u72d7\u53eb\u58f0\uff09\n|faint|p1b: \u68cd\u7236\n|\n|-weather|SunnyDay|[upkeep]\n|-fieldend|move: Trick Room\n|upkeep\n|\n|t:|1770603744\n|switch|p1a: \u5636\u9a6c\u51a0\u54e5|Calyrex-Shadow, L50|84/100\n|-ability|p1a: \u5636\u9a6c\u51a0\u54e5|As One\n|-ability|p1a: \u5636\u9a6c\u51a0\u54e5|Unnerve\n|turn|7\n|\n|t:|1770603751\n|-terastallize|p1a: \u5636\u9a6c\u51a0\u54e5|Dark\n|move|p1a: \u5636\u9a6c\u51a0\u54e5|Psychic|p2b: Indeedee\n|-resisted|p2b: Indeedee\n|-damage|p2b: Indeedee|0 fnt\n|faint|p2b: Indeedee\n|-ability|p1a: \u5636\u9a6c\u51a0\u54e5|Grim Neigh|boost\n|-boost|p1a: \u5636\u9a6c\u51a0\u54e5|spa|1\n|move|p2a: Lunala|Moongeist Beam|p1a: \u5636\u9a6c\u51a0\u54e5\n|-resisted|p1a: \u5636\u9a6c\u51a0\u54e5\n|-damage|p1a: \u5636\u9a6c\u51a0\u54e5|38/100\n|\n|-weather|SunnyDay|[upkeep]\n|upkeep\n|\n|t:|1770603752\n|switch|p2b: Koraidon|Koraidon, L50, shiny|100/100\n|-activate|p2b: Koraidon|ability: Orichalcum Pulse\n|turn|8\n|\n|t:|1770603775\n|move|p1a: \u5636\u9a6c\u51a0\u54e5|Astral Barrage|p2b: Koraidon|[spread] p2a,p2b\n|-supereffective|p2a: Lunala\n|-damage|p2a: Lunala|0 fnt\n|-damage|p2b: Koraidon|11/100\n|faint|p2a: Lunala\n|-ability|p1a: \u5636\u9a6c\u51a0\u54e5|Grim Neigh|boost\n|-boost|p1a: \u5636\u9a6c\u51a0\u54e5|spa|1\n|move|p2b: Koraidon|Close Combat|p1a: \u5636\u9a6c\u51a0\u54e5\n|-supereffective|p1a: \u5636\u9a6c\u51a0\u54e5\n|-damage|p1a: \u5636\u9a6c\u51a0\u54e5|0 fnt\n|-unboost|p2b: Koraidon|def|1\n|-unboost|p2b: Koraidon|spd|1\n|faint|p1a: \u5636\u9a6c\u51a0\u54e5\n|-damage|p2b: Koraidon|1/100|[from] item: Life Orb\n|\n|win|Kwiper\n|raw|blackred123's rating: 1394 &rarr; <strong>1372</strong><br />(-22 for losing)\n|raw|Kwiper's rating: 1357 &rarr; <strong>1379</strong><br />(+22 for winning)\n","uploadtime":1770603775,"views":12,"formatid":"gen9vgc2026regi","rating":1372,"private":0,"password":null}