{"id":"gen9vgc2026regi-2591199800","format":"[Gen 9] VGC 2026 Reg I","players":["squirtlesquad98","quisiimo"],"log":"|j|\u2606squirtlesquad98\n|j|\u2606quisiimo\n|t:|1776880873\n|gametype|doubles\n|player|p1|squirtlesquad98|265|1207\n|player|p2|quisiimo|101|1319\n|gen|9\n|tier|[Gen 9] VGC 2026 Reg I\n|rated|\n|rule|Species Clause: Limit one of each Pok\u00e9mon\n|rule|Item Clause: Limit 1 of each item\n|clearpoke\n|poke|p1|Dondozo, L50, M|\n|poke|p1|Annihilape, L50, F|\n|poke|p1|Tatsugiri, L50, F|\n|poke|p1|Amoonguss, L50, F|\n|poke|p1|Rayquaza, L50|\n|poke|p1|Calyrex-Shadow, L50|\n|poke|p2|Calyrex-Shadow, L50|\n|poke|p2|Zamazenta-*, L50|\n|poke|p2|Ursaluna, L50, M|\n|poke|p2|Incineroar, L50, F|\n|poke|p2|Urshifu-*, L50, M|\n|poke|p2|Raging Bolt, L50|\n|teampreview|4\n|inactive|Battle timer is ON: inactive players will automatically lose when time's up. (requested by squirtlesquad98)\n|inactive|quisiimo has 60 seconds left.\n|\n|t:|1776880932\n|teamsize|p1|4\n|teamsize|p2|4\n|start\n|switch|p1a: Dondozo|Dondozo, L50, M, shiny|100/100\n|switch|p1b: Annihilape|Annihilape, L50, F|100/100\n|switch|p2a: Calyrex|Calyrex-Shadow, L50|100/100\n|switch|p2b: Incineroar|Incineroar, L50, F, shiny|100/100\n|-ability|p2a: Calyrex|As One\n|-ability|p2a: Calyrex|Unnerve\n|-ability|p2b: Incineroar|Intimidate|boost\n|-unboost|p1a: Dondozo|atk|1\n|-unboost|p1b: Annihilape|atk|1\n|-ability|p1b: Annihilape|Defiant|boost\n|-boost|p1b: Annihilape|atk|2\n|turn|1\n|inactive|quisiimo has 30 seconds left.\n|inactive|quisiimo has 20 seconds left.\n|\n|t:|1776880970\n|move|p1a: Dondozo|Protect|p1a: Dondozo\n|-singleturn|p1a: Dondozo|Protect\n|move|p2b: Incineroar|Fake Out|p1a: Dondozo\n|-activate|p1a: Dondozo|move: Protect\n|move|p1b: Annihilape|Close Combat|p2b: Incineroar\n|-supereffective|p2b: Incineroar\n|-damage|p2b: Incineroar|0 fnt\n|-unboost|p1b: Annihilape|def|1\n|-unboost|p1b: Annihilape|spd|1\n|faint|p2b: Incineroar\n|move|p2a: Calyrex|Astral Barrage|p1a: Dondozo|[spread] p1b\n|-activate|p1a: Dondozo|move: Protect\n|-supereffective|p1b: Annihilape\n|-damage|p1b: Annihilape|0 fnt\n|faint|p1b: Annihilape\n|-ability|p2a: Calyrex|Grim Neigh|boost\n|-boost|p2a: Calyrex|spa|1\n|\n|upkeep\n|\n|t:|1776880995\n|switch|p1b: Tatsugiri|Tatsugiri, L50, F|100/100\n|switch|p2b: Zamazenta|Zamazenta-Crowned, L50, shiny|100/100\n|-ability|p2b: Zamazenta|Dauntless Shield|boost\n|-boost|p2b: Zamazenta|def|1\n|-activate|p1b: Tatsugiri|ability: Commander|[of] p1a: Dondozo\n|-boost|p1a: Dondozo|atk|2\n|-boost|p1a: Dondozo|spa|2\n|-boost|p1a: Dondozo|spe|2\n|-boost|p1a: Dondozo|def|2\n|-boost|p1a: Dondozo|spd|2\n|turn|2\n|\n|t:|1776881020\n|-terastallize|p1a: Dondozo|Ground\n|move|p2a: Calyrex|Psychic|p1a: Dondozo\n|-damage|p1a: Dondozo|76/100\n|move|p2b: Zamazenta|Body Press|p1a: Dondozo\n|-damage|p1a: Dondozo|61/100\n|move|p1a: Dondozo|Earthquake|p2a: Calyrex|[spread] p2a,p2b\n|-miss|p1a: Dondozo|p1b: Tatsugiri\n|-supereffective|p2b: Zamazenta\n|-damage|p2a: Calyrex|34/100\n|-damage|p2b: Zamazenta|39/100\n|\n|-heal|p1a: Dondozo|67/100|[from] item: Leftovers\n|upkeep\n|turn|3\n|\n|t:|1776881039\n|move|p1a: Dondozo|Protect|p1a: Dondozo\n|-singleturn|p1a: Dondozo|Protect\n|move|p2b: Zamazenta|Wide Guard|p2b: Zamazenta\n|-singleturn|p2b: Zamazenta|Wide Guard\n|move|p2a: Calyrex|Psychic|p1a: Dondozo\n|-activate|p1a: Dondozo|move: Protect\n|\n|-heal|p1a: Dondozo|74/100|[from] item: Leftovers\n|upkeep\n|turn|4\n|\n|t:|1776881062\n|move|p2a: Calyrex|Protect|p2a: Calyrex\n|-singleturn|p2a: Calyrex|Protect\n|move|p2b: Zamazenta|Body Press|p1a: Dondozo\n|-damage|p1a: Dondozo|58/100\n|move|p1a: Dondozo|Liquidation|p2a: Calyrex\n|-activate|p2a: Calyrex|move: Protect\n|\n|-heal|p1a: Dondozo|65/100|[from] item: Leftovers\n|upkeep\n|turn|5\n|\n|t:|1776881086\n|move|p2a: Calyrex|Nasty Plot|p2a: Calyrex\n|-boost|p2a: Calyrex|spa|2\n|move|p2b: Zamazenta|Body Press|p1a: Dondozo\n|-damage|p1a: Dondozo|50/100\n|move|p1a: Dondozo|Liquidation|p2a: Calyrex\n|-crit|p2a: Calyrex\n|-damage|p2a: Calyrex|0 fnt\n|faint|p2a: Calyrex\n|\n|-heal|p1a: Dondozo|56/100|[from] item: Leftovers\n|upkeep\n|\n|t:|1776881099\n|switch|p2a: Ursaluna|Ursaluna, L50, M, shiny|100/100\n|turn|6\n|\n|t:|1776881114\n|-terastallize|p2b: Zamazenta|Water\n|move|p2b: Zamazenta|Body Press|p1a: Dondozo\n|-damage|p1a: Dondozo|39/100\n|move|p1a: Dondozo|Substitute|p1a: Dondozo\n|-start|p1a: Dondozo|Substitute\n|-damage|p1a: Dondozo|15/100\n|move|p2a: Ursaluna|Facade|p1a: Dondozo\n|-activate|p1a: Dondozo|move: Substitute|[damage]\n|\n|-heal|p1a: Dondozo|21/100|[from] item: Leftovers\n|-status|p2a: Ursaluna|brn|[from] item: Flame Orb\n|upkeep\n|turn|7\n|\n|t:|1776881131\n|move|p2b: Zamazenta|Body Press|p1a: Dondozo\n|-end|p1a: Dondozo|Substitute\n|move|p1a: Dondozo|Earthquake|p2a: Ursaluna|[spread] p2a,p2b\n|-miss|p1a: Dondozo|p1b: Tatsugiri\n|-damage|p2a: Ursaluna|63/100 brn\n|-damage|p2b: Zamazenta|5/100\n|move|p2a: Ursaluna|Facade|p1a: Dondozo\n|-damage|p1a: Dondozo|0 fnt\n|faint|p1a: Dondozo\n|\n|-damage|p2a: Ursaluna|57/100 brn|[from] brn\n|upkeep\n|\n|t:|1776881152\n|switch|p1a: Calyrex|Calyrex-Shadow, L50|100/100\n|-ability|p1a: Calyrex|As One\n|-ability|p1a: Calyrex|Unnerve\n|turn|8\n|inactive|squirtlesquad98 has 30 seconds left.\n|\n|t:|1776881178\n|move|p1a: Calyrex|Protect|p1a: Calyrex\n|-singleturn|p1a: Calyrex|Protect\n|move|p2b: Zamazenta|Protect|p2b: Zamazenta\n|-singleturn|p2b: Zamazenta|Protect\n|move|p1b: Tatsugiri|Muddy Water|p2a: Ursaluna|[spread] p2a\n|-activate|p2b: Zamazenta|move: Protect\n|-supereffective|p2a: Ursaluna\n|-damage|p2a: Ursaluna|0 fnt\n|faint|p2a: Ursaluna\n|\n|upkeep\n|turn|9\n|-message|quisiimo forfeited.\n|\n|win|squirtlesquad98\n|raw|squirtlesquad98's rating: 1207 &rarr; <strong>1240</strong><br />(+33 for winning)\n|raw|quisiimo's rating: 1319 &rarr; <strong>1293</strong><br />(-26 for losing)\n|l|\u2606quisiimo\n|player|p2|\n|l|\u2606squirtlesquad98\n|player|p1|\n","uploadtime":1776881382,"views":10,"formatid":"gen9vgc2026regi","rating":1240,"private":0,"password":null}