{"id":"gen9vgc2026regi-2539985291","format":"[Gen 9] VGC 2026 Reg I","players":["lemn99","photon sheister"],"log":"|j|\u2606lemn99\n|j|\u2606photon sheister\n|t:|1771138587\n|gametype|doubles\n|player|p1|lemn99|169|1293\n|player|p2|photon sheister|266|1458\n|gen|9\n|tier|[Gen 9] VGC 2026 Reg I\n|rated|\n|rule|Species Clause: Limit one of each Pok\u00e9mon\n|rule|Item Clause: Limit 1 of each item\n|clearpoke\n|poke|p1|Calyrex-Shadow, L50|\n|poke|p1|Zamazenta-*, L50|\n|poke|p1|Incineroar, L50, F|\n|poke|p1|Rillaboom, L50, F|\n|poke|p1|Amoonguss, L50, F|\n|poke|p1|Urshifu-*, L50, F|\n|poke|p2|Miraidon, L50|\n|poke|p2|Lunala, L50|\n|poke|p2|Sylveon, L50, F|\n|poke|p2|Incineroar, L50, F|\n|poke|p2|Whimsicott, L50, F|\n|poke|p2|Urshifu-*, L50, F|\n|teampreview|4\n|inactive|Battle timer is ON: inactive players will automatically lose when time's up. (requested by lemn99)\n|inactive|photon sheister has 60 seconds left.\n|\n|t:|1771138618\n|teamsize|p1|4\n|teamsize|p2|4\n|start\n|switch|p1a: Calyrex|Calyrex-Shadow, L50|100/100\n|switch|p1b: Incineroar|Incineroar, L50, F|100/100\n|switch|p2a: Lunala|Lunala, L50|100/100\n|switch|p2b: Incineroar|Incineroar, L50, F|100/100\n|-ability|p1a: Calyrex|As One\n|-ability|p1a: Calyrex|Unnerve\n|-ability|p2b: Incineroar|Intimidate|boost\n|-unboost|p1a: Calyrex|atk|1\n|-unboost|p1b: Incineroar|atk|1\n|-ability|p1b: Incineroar|Intimidate|boost\n|-unboost|p2a: Lunala|atk|1\n|-unboost|p2b: Incineroar|atk|1\n|turn|1\n|\n|t:|1771138630\n|-terastallize|p1a: Calyrex|Ghost\n|-terastallize|p2a: Lunala|Fairy\n|move|p2b: Incineroar|Fake Out|p1b: Incineroar\n|-damage|p1b: Incineroar|95/100\n|cant|p1b: Incineroar|flinch\n|move|p1a: Calyrex|Astral Barrage|p2b: Incineroar|[spread] p2a,p2b\n|-resisted|p2b: Incineroar\n|-damage|p2a: Lunala|75/100\n|-damage|p2b: Incineroar|80/100\n|move|p2a: Lunala|Moongeist Beam|p1a: Calyrex\n|-supereffective|p1a: Calyrex\n|-enditem|p1a: Calyrex|Focus Sash\n|-damage|p1a: Calyrex|1/100\n|\n|upkeep\n|turn|2\n|\n|t:|1771138649\n|move|p1a: Calyrex|Protect|p1a: Calyrex\n|-singleturn|p1a: Calyrex|Protect\n|move|p2a: Lunala|Wide Guard|p2a: Lunala\n|-singleturn|p2a: Lunala|Wide Guard\n|move|p2b: Incineroar|U-turn|p1a: Calyrex\n|-activate|p1a: Calyrex|move: Protect\n|move|p1b: Incineroar|Parting Shot|p2a: Lunala\n|-unboost|p2a: Lunala|atk|1\n|-unboost|p2a: Lunala|spa|1\n|\n|t:|1771138657\n|switch|p1b: Zamazenta|Zamazenta-Crowned, L50|100/100|[from] Parting Shot\n|-ability|p1b: Zamazenta|Dauntless Shield|boost\n|-boost|p1b: Zamazenta|def|1\n|\n|upkeep\n|turn|3\n|\n|t:|1771138668\n|switch|p1a: Incineroar|Incineroar, L50, F|95/100\n|-ability|p1a: Incineroar|Intimidate|boost\n|-unboost|p2a: Lunala|atk|1\n|-unboost|p2b: Incineroar|atk|1\n|switch|p2b: Sylveon|Sylveon, L50, F, shiny|100/100\n|move|p1b: Zamazenta|Heavy Slam|p2a: Lunala\n|-supereffective|p2a: Lunala\n|-damage|p2a: Lunala|11/100\n|move|p2a: Lunala|Moongeist Beam|p1a: Incineroar\n|-resisted|p1a: Incineroar\n|-damage|p1a: Incineroar|77/100\n|\n|upkeep\n|turn|4\n|\n|t:|1771138682\n|switch|p2a: Miraidon|Miraidon, L50, shiny|100/100\n|-fieldstart|move: Electric Terrain|[from] ability: Hadron Engine|[of] p2a: Miraidon\n|move|p2b: Sylveon|Detect|p2b: Sylveon\n|-singleturn|p2b: Sylveon|Protect\n|move|p1a: Incineroar|Fake Out|p2b: Sylveon\n|-activate|p2b: Sylveon|move: Protect\n|move|p1b: Zamazenta|Heavy Slam|p2a: Miraidon\n|-resisted|p2a: Miraidon\n|-damage|p2a: Miraidon|85/100\n|\n|upkeep\n|turn|5\n|\n|t:|1771138694\n|move|p1b: Zamazenta|Protect|p1b: Zamazenta\n|-singleturn|p1b: Zamazenta|Protect\n|move|p2a: Miraidon|Volt Switch|p1a: Incineroar\n|-damage|p1a: Incineroar|0 fnt\n|faint|p1a: Incineroar\n|\n|t:|1771138700\n|switch|p2a: Incineroar|Incineroar, L50, F|80/100|[from] Volt Switch\n|-ability|p2a: Incineroar|Intimidate|boost\n|-unboost|p1b: Zamazenta|atk|1\n|move|p2b: Sylveon|Hyper Voice|p1b: Zamazenta\n|-activate|p1b: Zamazenta|move: Protect\n|\n|upkeep\n|\n|t:|1771138710\n|switch|p1a: Urshifu|Urshifu, L50, F|100/100\n|turn|6\n|\n|t:|1771138718\n|move|p2a: Incineroar|Fake Out|p1b: Zamazenta\n|-resisted|p1b: Zamazenta\n|-damage|p1b: Zamazenta|98/100\n|move|p2b: Sylveon|Quick Attack|p1a: Urshifu\n|-supereffective|p1a: Urshifu\n|-damage|p1a: Urshifu|52/100\n|cant|p1b: Zamazenta|flinch\n|move|p1a: Urshifu|Close Combat|p2a: Incineroar\n|-supereffective|p2a: Incineroar\n|-damage|p2a: Incineroar|0 fnt\n|-unboost|p1a: Urshifu|def|1\n|-unboost|p1a: Urshifu|spd|1\n|faint|p2a: Incineroar\n|\n|upkeep\n|\n|t:|1771138723\n|switch|p2a: Miraidon|Miraidon, L50, shiny|85/100\n|-activate|p2a: Miraidon|ability: Hadron Engine\n|turn|7\n|\n|t:|1771138737\n|move|p2b: Sylveon|Quick Attack|p1a: Urshifu\n|-supereffective|p1a: Urshifu\n|-damage|p1a: Urshifu|0 fnt\n|faint|p1a: Urshifu\n|move|p2a: Miraidon|Electro Drift|p1b: Zamazenta\n|-damage|p1b: Zamazenta|0 fnt\n|faint|p1b: Zamazenta\n|\n|upkeep\n|\n|t:|1771138741\n|switch|p1b: Calyrex|Calyrex-Shadow, L50, tera:Ghost|1/100\n|-ability|p1b: Calyrex|As One\n|-ability|p1b: Calyrex|Unnerve\n|turn|8\n|\n|t:|1771138743\n|move|p2b: Sylveon|Quick Attack|p1b: Calyrex\n|-damage|p1b: Calyrex|0 fnt\n|faint|p1b: Calyrex\n|\n|win|photon sheister\n|raw|lemn99's rating: 1293 &rarr; <strong>1279</strong><br />(-14 for losing)\n|raw|photon sheister's rating: 1458 &rarr; <strong>1469</strong><br />(+11 for winning)\n|l|\u2606lemn99\n|player|p1|\n|l|\u2606photon sheister\n|player|p2|\n","uploadtime":1771138906,"views":34,"formatid":"gen9vgc2026regi","rating":1279,"private":0,"password":null}