{"id":"gen9vgc2026regi-2570221938","format":"[Gen 9] VGC 2026 Reg I","players":["legsi bogsi","ArisHazard"],"log":"|j|\u2606legsi bogsi\n|j|\u2606ArisHazard\n|t:|1774790488\n|gametype|doubles\n|player|p1|legsi bogsi|candice|1418\n|player|p2|ArisHazard|2|1536\n|gen|9\n|tier|[Gen 9] VGC 2026 Reg I\n|rated|\n|rule|Species Clause: Limit one of each Pok\u00e9mon\n|rule|Item Clause: Limit 1 of each item\n|clearpoke\n|poke|p1|Basculegion, L50, M|\n|poke|p1|Amoonguss, L50, F|\n|poke|p1|Smeargle, L50, M|\n|poke|p1|Rillaboom, L50, M|\n|poke|p1|Calyrex-Ice, L50|\n|poke|p1|Kyogre, L50|\n|poke|p2|Calyrex-Ice, L50|\n|poke|p2|Hitmontop, L50, M|\n|poke|p2|Miraidon, L50|\n|poke|p2|Sableye, L50, M|\n|poke|p2|Ting-Lu, L50|\n|poke|p2|Volcarona, L50, M|\n|teampreview|4\n|\n|t:|1774790520\n|teamsize|p1|4\n|teamsize|p2|4\n|start\n|switch|p1a: Calyrex|Calyrex-Ice, L50|100/100\n|switch|p1b: Rillaboom|Rillaboom, L50, M|100/100\n|switch|p2a: Calyrex|Calyrex-Ice, L50|100/100\n|switch|p2b: Hitmontop|Hitmontop, L50, M|100/100\n|-ability|p1a: Calyrex|As One\n|-ability|p1a: Calyrex|Unnerve\n|-ability|p2a: Calyrex|As One\n|-ability|p2a: Calyrex|Unnerve\n|-fieldstart|move: Grassy Terrain|[from] ability: Grassy Surge|[of] p1b: Rillaboom\n|-ability|p2b: Hitmontop|Intimidate|boost\n|-unboost|p1a: Calyrex|atk|1\n|-unboost|p1b: Rillaboom|atk|1\n|turn|1\n|inactive|Battle timer is ON: inactive players will automatically lose when time's up. (requested by ArisHazard)\n|inactive|legsi bogsi has 60 seconds left.\n|\n|t:|1774790567\n|move|p1a: Calyrex|Protect|p1a: Calyrex\n|-singleturn|p1a: Calyrex|Protect\n|move|p2a: Calyrex|Protect|p2a: Calyrex\n|-singleturn|p2a: Calyrex|Protect\n|move|p1b: Rillaboom|U-turn|p2a: Calyrex\n|-activate|p2a: Calyrex|move: Protect\n|move|p2b: Hitmontop|Coaching|p2a: Calyrex\n|-boost|p2a: Calyrex|atk|1\n|-boost|p2a: Calyrex|def|1\n|\n|upkeep\n|turn|2\n|\n|t:|1774790591\n|move|p1b: Rillaboom|U-turn|p2a: Calyrex\n|-supereffective|p2a: Calyrex\n|-damage|p2a: Calyrex|87/100\n|\n|t:|1774790594\n|switch|p1b: Kyogre|Kyogre, L50, shiny|100/100|[from] U-turn\n|-weather|RainDance|[from] ability: Drizzle|[of] p1b: Kyogre\n|move|p2b: Hitmontop|Coaching|p2a: Calyrex\n|-boost|p2a: Calyrex|atk|1\n|-boost|p2a: Calyrex|def|1\n|move|p1a: Calyrex|Leech Seed|p2a: Calyrex\n|-start|p2a: Calyrex|move: Leech Seed\n|move|p2a: Calyrex|Glacial Lance|p1b: Kyogre|[spread] p1a,p1b\n|-resisted|p1a: Calyrex\n|-resisted|p1b: Kyogre\n|-damage|p1a: Calyrex|68/100\n|-damage|p1b: Kyogre|46/100\n|\n|-weather|RainDance|[upkeep]\n|-heal|p1b: Kyogre|52/100|[from] Grassy Terrain\n|-heal|p1a: Calyrex|74/100|[from] Grassy Terrain\n|-heal|p2a: Calyrex|93/100|[from] Grassy Terrain\n|-damage|p2a: Calyrex|81/100|[from] Leech Seed|[of] p1a: Calyrex\n|-heal|p1a: Calyrex|86/100|[silent]\n|upkeep\n|turn|3\n|inactive|legsi bogsi has 30 seconds left.\n|\n|t:|1774790624\n|switch|p1a: Rillaboom|Rillaboom, L50, M|100/100\n|move|p2b: Hitmontop|Wide Guard|p2b: Hitmontop\n|-singleturn|p2b: Hitmontop|Wide Guard\n|move|p1b: Kyogre|Hydro Pump|p2a: Calyrex\n|-crit|p2a: Calyrex\n|-damage|p2a: Calyrex|0 fnt\n|faint|p2a: Calyrex\n|\n|-weather|RainDance|[upkeep]\n|-heal|p1b: Kyogre|58/100|[from] Grassy Terrain\n|upkeep\n|\n|t:|1774790641\n|switch|p2a: Miraidon|Miraidon, L50|100/100\n|-fieldstart|move: Electric Terrain|[from] ability: Hadron Engine|[of] p2a: Miraidon\n|turn|4\n|\n|t:|1774790666\n|switch|p2a: Sableye|Sableye, L50, M|100/100\n|move|p1a: Rillaboom|Fake Out|p2a: Sableye\n|-immune|p2a: Sableye\n|move|p1b: Kyogre|Hydro Pump|p2b: Hitmontop\n|-damage|p2b: Hitmontop|0 fnt\n|faint|p2b: Hitmontop\n|\n|-weather|RainDance|[upkeep]\n|upkeep\n|\n|t:|1774790677\n|switch|p2b: Miraidon|Miraidon, L50|100/100\n|-activate|p2b: Miraidon|ability: Hadron Engine\n|turn|5\n|inactive|legsi bogsi has 30 seconds left.\n|inactive|legsi bogsi has 20 seconds left.\n|inactive|legsi bogsi has 15 seconds left.\n|\n|t:|1774790719\n|-terastallize|p2b: Miraidon|Electric\n|-terastallize|p1b: Kyogre|Grass\n|move|p2a: Sableye|Encore|p1a: Rillaboom\n|-start|p1a: Rillaboom|Encore\n|move|p2b: Miraidon|Electro Drift|p1b: Kyogre\n|-resisted|p1b: Kyogre\n|-damage|p1b: Kyogre|14/100\n|move|p1b: Kyogre|Hydro Pump|p2a: Sableye\n|-damage|p2a: Sableye|0 fnt\n|faint|p2a: Sableye\n|move|p1a: Rillaboom|Fake Out||[still]\n|-hint|Fake Out only works on your first turn out.\n|-fail|p1a: Rillaboom\n|\n|-weather|RainDance|[upkeep]\n|upkeep\n|turn|6\n|-message|ArisHazard forfeited.\n|\n|win|legsi bogsi\n|raw|legsi bogsi's rating: 1418 &rarr; <strong>1445</strong><br />(+27 for winning)\n|raw|ArisHazard's rating: 1536 &rarr; <strong>1509</strong><br />(-27 for losing)\n|l|\u2606ArisHazard\n|player|p2|\n|l|\u2606legsi bogsi\n|player|p1|\n","uploadtime":1774790957,"views":11,"formatid":"gen9vgc2026regi","rating":1445,"private":0,"password":null}