{"id":"gen9vgc2026regi-2546796212","format":"[Gen 9] VGC 2026 Reg I","players":["BHeast42","kojimuranishi"],"log":"|j|\u2606BHeast42\n|j|\u2606kojimuranishi\n|t:|1772012932\n|gametype|doubles\n|player|p1|BHeast42|266|1406\n|player|p2|kojimuranishi|102|1544\n|gen|9\n|tier|[Gen 9] VGC 2026 Reg I\n|rated|\n|rule|Species Clause: Limit one of each Pok\u00e9mon\n|rule|Item Clause: Limit 1 of each item\n|clearpoke\n|poke|p1|Koraidon, L50|\n|poke|p1|Entei, L50|\n|poke|p1|Rillaboom, L50, M|\n|poke|p1|Raging Bolt, L50|\n|poke|p1|Calyrex-Shadow, L50|\n|poke|p1|Walking Wake, L50|\n|poke|p2|Raging Bolt, L50|\n|poke|p2|Calyrex-Ice, L50|\n|poke|p2|Kyogre, L50|\n|poke|p2|Indeedee-F, L50, F|\n|poke|p2|Ursaluna, L50, F|\n|poke|p2|Urshifu-*, L50, F|\n|teampreview|4\n|inactive|Battle timer is ON: inactive players will automatically lose when time's up. (requested by BHeast42)\n|inactive|kojimuranishi has 60 seconds left.\n|\n|t:|1772012963\n|teamsize|p1|4\n|teamsize|p2|4\n|start\n|switch|p1a: Entei|Entei, L50|100/100\n|switch|p1b: Walking Wake|Walking Wake, L50|100/100\n|switch|p2a: Indeedee|Indeedee-F, L50, F|100/100\n|switch|p2b: Kyogre|Kyogre, L50|100/100\n|-weather|RainDance|[from] ability: Drizzle|[of] p2b: Kyogre\n|-fieldstart|move: Psychic Terrain|[from] ability: Psychic Surge|[of] p2a: Indeedee\n|turn|1\n|inactive|kojimuranishi has 30 seconds left.\n|\n|t:|1772012998\n|switch|p2b: Calyrex|Calyrex-Ice, L50|100/100\n|-ability|p2b: Calyrex|As One\n|-ability|p2b: Calyrex|Unnerve\n|switch|p1a: Koraidon|Koraidon, L50|100/100\n|-weather|SunnyDay|[from] ability: Orichalcum Pulse|[of] p1a: Koraidon\n|-activate|p1b: Walking Wake|ability: Protosynthesis\n|-start|p1b: Walking Wake|protosynthesisspe\n|-activate|p1a: Koraidon|Orichalcum Pulse|[source]\n|move|p1b: Walking Wake|Hydro Steam|p2a: Indeedee\n|-damage|p2a: Indeedee|20/100\n|move|p2a: Indeedee|Trick Room|p2a: Indeedee\n|-fieldstart|move: Trick Room|[of] p2a: Indeedee\n|\n|-weather|SunnyDay|[upkeep]\n|upkeep\n|turn|2\n|inactive|BHeast42 has 30 seconds left.\n|inactive|kojimuranishi has 30 seconds left.\n|inactive|kojimuranishi has 20 seconds left.\n|inactive|kojimuranishi has 15 seconds left.\n|\n|t:|1772013039\n|switch|p2a: Kyogre|Kyogre, L50|100/100\n|-weather|RainDance|[from] ability: Drizzle|[of] p2a: Kyogre\n|-end|p1b: Walking Wake|Protosynthesis\n|switch|p1a: Entei|Entei, L50|100/100\n|-terastallize|p2b: Calyrex|Fairy\n|move|p2b: Calyrex|Glacial Lance|p1b: Walking Wake|[spread] p1a,p1b\n|-resisted|p1a: Entei\n|-damage|p1a: Entei|80/100\n|-damage|p1b: Walking Wake|49/100\n|move|p1b: Walking Wake|Hydro Steam|p2b: Calyrex\n|-damage|p2b: Calyrex|54/100\n|\n|-weather|RainDance|[upkeep]\n|-heal|p2b: Calyrex|60/100|[from] item: Leftovers\n|upkeep\n|turn|3\n|inactive|BHeast42 has 30 seconds left.\n|inactive|BHeast42 has 20 seconds left.\n|inactive|BHeast42 has 15 seconds left.\n|inactive|BHeast42 has 10 seconds left.\n|\n|t:|1772013089\n|-end|p1b: Walking Wake|Protosynthesis|[silent]\n|switch|p1b: Koraidon|Koraidon, L50|100/100\n|-weather|SunnyDay|[from] ability: Orichalcum Pulse|[of] p1b: Koraidon\n|-activate|p1b: Koraidon|Orichalcum Pulse|[source]\n|switch|p2a: Ursaluna|Ursaluna, L50, F|100/100\n|move|p1a: Entei|Extreme Speed|p2a: Ursaluna\n|-activate|p2a: Ursaluna|move: Psychic Terrain\n|move|p2b: Calyrex|Glacial Lance|p1b: Koraidon|[spread] p1a,p1b\n|-resisted|p1a: Entei\n|-supereffective|p1b: Koraidon\n|-damage|p1a: Entei|60/100\n|-damage|p1b: Koraidon|26/100\n|\n|-weather|SunnyDay|[upkeep]\n|-heal|p2b: Calyrex|66/100|[from] item: Leftovers\n|-status|p2a: Ursaluna|brn|[from] item: Flame Orb\n|upkeep\n|turn|4\n|inactive|kojimuranishi has 30 seconds left.\n|\n|t:|1772013118\n|switch|p2b: Kyogre|Kyogre, L50|100/100\n|-weather|RainDance|[from] ability: Drizzle|[of] p2b: Kyogre\n|move|p1b: Koraidon|Protect|p1b: Koraidon\n|-singleturn|p1b: Koraidon|Protect\n|move|p2a: Ursaluna|Facade|p1b: Koraidon\n|-activate|p1b: Koraidon|move: Protect\n|move|p1a: Entei|Sacred Fire|p2b: Kyogre\n|-resisted|p2b: Kyogre\n|-damage|p2b: Kyogre|86/100\n|\n|-weather|RainDance|[upkeep]\n|-damage|p2a: Ursaluna|95/100 brn|[from] brn\n|upkeep\n|turn|5\n|inactive|BHeast42 has 30 seconds left.\n|inactive|kojimuranishi has 30 seconds left.\n|inactive|kojimuranishi has 20 seconds left.\n|\n|t:|1772013155\n|switch|p1a: Walking Wake|Walking Wake, L50|49/100\n|switch|p1b: Calyrex|Calyrex-Shadow, L50|100/100\n|-ability|p1b: Calyrex|As One\n|-ability|p1b: Calyrex|Unnerve\n|switch|p2b: Calyrex|Calyrex-Ice, L50, tera:Fairy|66/100\n|-ability|p2b: Calyrex|As One\n|-ability|p2b: Calyrex|Unnerve\n|move|p2a: Ursaluna|Facade|p1a: Walking Wake\n|-crit|p1a: Walking Wake\n|-damage|p1a: Walking Wake|0 fnt\n|faint|p1a: Walking Wake\n|-end|p1a: Walking Wake|Protosynthesis|[silent]\n|\n|-weather|RainDance|[upkeep]\n|-heal|p2b: Calyrex|72/100|[from] item: Leftovers\n|-damage|p2a: Ursaluna|89/100 brn|[from] brn\n|-fieldend|move: Trick Room\n|-fieldend|move: Psychic Terrain\n|upkeep\n|\n|t:|1772013175\n|switch|p1a: Entei|Entei, L50|60/100\n|turn|6\n|\n|t:|1772013192\n|move|p1b: Calyrex|Psychic|p2a: Ursaluna\n|-damage|p2a: Ursaluna|32/100 brn\n|move|p1a: Entei|Sacred Fire|p2b: Calyrex\n|-damage|p2b: Calyrex|57/100\n|-status|p2b: Calyrex|brn\n|move|p2a: Ursaluna|Rock Slide|p1a: Entei|[spread] p1a,p1b\n|-supereffective|p1a: Entei\n|-damage|p1a: Entei|0 fnt\n|-damage|p1b: Calyrex|59/100\n|faint|p1a: Entei\n|move|p2b: Calyrex|Trick Room|p2b: Calyrex\n|-fieldstart|move: Trick Room|[of] p2b: Calyrex\n|\n|-weather|RainDance|[upkeep]\n|-heal|p2b: Calyrex|63/100 brn|[from] item: Leftovers\n|-damage|p2b: Calyrex|57/100 brn|[from] brn\n|-damage|p2a: Ursaluna|26/100 brn|[from] brn\n|upkeep\n|\n|t:|1772013208\n|switch|p1a: Koraidon|Koraidon, L50|26/100\n|-weather|SunnyDay|[from] ability: Orichalcum Pulse|[of] p1a: Koraidon\n|-activate|p1a: Koraidon|Orichalcum Pulse|[source]\n|turn|7\n|\n|t:|1772013228\n|-terastallize|p1a: Koraidon|Fire\n|move|p1b: Calyrex|Protect|p1b: Calyrex\n|-singleturn|p1b: Calyrex|Protect\n|move|p2a: Ursaluna|Headlong Rush|p1b: Calyrex\n|-activate|p1b: Calyrex|move: Protect\n|move|p2b: Calyrex|Leech Seed|p1a: Koraidon\n|-start|p1a: Koraidon|move: Leech Seed\n|move|p1a: Koraidon|Dragon Claw|p2a: Ursaluna\n|-crit|p2a: Ursaluna\n|-damage|p2a: Ursaluna|0 fnt\n|faint|p2a: Ursaluna\n|\n|-weather|SunnyDay|[upkeep]\n|-heal|p2b: Calyrex|63/100 brn|[from] item: Leftovers\n|-damage|p1a: Koraidon|14/100|[from] Leech Seed|[of] p2b: Calyrex\n|-heal|p2b: Calyrex|75/100 brn|[silent]\n|-damage|p2b: Calyrex|69/100 brn|[from] brn\n|upkeep\n|\n|t:|1772013247\n|switch|p2a: Indeedee|Indeedee-F, L50, F|20/100\n|-fieldstart|move: Psychic Terrain|[from] ability: Psychic Surge|[of] p2a: Indeedee\n|turn|8\n|\n|t:|1772013258\n|move|p2b: Calyrex|Leech Seed|p1b: Calyrex\n|-start|p1b: Calyrex|move: Leech Seed\n|move|p2a: Indeedee|Psychic|p1a: Koraidon\n|-damage|p1a: Koraidon|0 fnt\n|faint|p1a: Koraidon\n|move|p1b: Calyrex|Psychic|p2b: Calyrex\n|-damage|p2b: Calyrex|22/100 brn\n|\n|-weather|SunnyDay|[upkeep]\n|-heal|p2b: Calyrex|28/100 brn|[from] item: Leftovers\n|-damage|p1b: Calyrex|47/100|[from] Leech Seed|[of] p2b: Calyrex\n|-heal|p2b: Calyrex|39/100 brn|[silent]\n|-damage|p2b: Calyrex|33/100 brn|[from] brn\n|upkeep\n|turn|9\n|\n|t:|1772013274\n|move|p2b: Calyrex|Glacial Lance|p1b: Calyrex\n|-damage|p1b: Calyrex|8/100\n|move|p2a: Indeedee|Heal Pulse|p2b: Calyrex\n|-heal|p2b: Calyrex|84/100 brn\n|move|p1b: Calyrex|Draining Kiss|p2a: Indeedee\n|-damage|p2a: Indeedee|0 fnt\n|-heal|p1b: Calyrex|22/100|[from] drain|[of] p2a: Indeedee\n|-damage|p1b: Calyrex|6/100|[from] item: Rocky Helmet|[of] p2a: Indeedee\n|faint|p2a: Indeedee\n|-ability|p1b: Calyrex|Grim Neigh|boost\n|-boost|p1b: Calyrex|spa|1\n|\n|-weather|SunnyDay|[upkeep]\n|-heal|p2b: Calyrex|89/100 brn|[from] item: Leftovers\n|-damage|p1b: Calyrex|0 fnt|[from] Leech Seed|[of] p2b: Calyrex\n|-heal|p2b: Calyrex|94/100 brn|[silent]\n|faint|p1b: Calyrex\n|\n|win|kojimuranishi\n|raw|BHeast42's rating: 1406 &rarr; <strong>1394</strong><br />(-12 for losing)\n|raw|kojimuranishi's rating: 1544 &rarr; <strong>1556</strong><br />(+12 for winning)\n|l|\u2606BHeast42\n|player|p1|\n","uploadtime":1772013535,"views":16,"formatid":"gen9vgc2026regi","rating":1394,"private":0,"password":null}