{"id":"gen9vgc2026regi-2589064174","format":"[Gen 9] VGC 2026 Reg I","players":["Sunny_zong1","pflaumbob"],"log":"|j|\u2606Sunny_zong1\n|j|\u2606pflaumbob\n|t:|1776697253\n|gametype|doubles\n|player|p1|Sunny_zong1|bugsy|1457\n|player|p2|pflaumbob|scientist|1486\n|gen|9\n|tier|[Gen 9] VGC 2026 Reg I\n|rated|\n|rule|Species Clause: Limit one of each Pok\u00e9mon\n|rule|Item Clause: Limit 1 of each item\n|clearpoke\n|poke|p1|Grimmsnarl, L50, M|\n|poke|p1|Miraidon, L50|\n|poke|p1|Groudon, L50|\n|poke|p1|Wo-Chien, L50|\n|poke|p1|Ting-Lu, L50|\n|poke|p1|Landorus-Therian, L50, M|\n|poke|p2|Calyrex-Ice, L50|\n|poke|p2|Miraidon, L50|\n|poke|p2|Grimmsnarl, L50, M|\n|poke|p2|Urshifu-*, L50, F|\n|poke|p2|Incineroar, L50, F|\n|poke|p2|Landorus, L50, M|\n|teampreview|4\n|inactive|Battle timer is ON: inactive players will automatically lose when time's up. (requested by pflaumbob)\n|inactive|Sunny_zong1 also wants the timer to be on.\npflaumbob has agreed to open team sheets.\n|inactive|pflaumbob has 60 seconds left.\n|\n|t:|1776697290\n|teamsize|p1|4\n|teamsize|p2|4\n|start\n|switch|p1a: Grimmsnarl|Grimmsnarl, L50, M|100/100\n|switch|p1b: Wo-Chien|Wo-Chien, L50|100/100\n|switch|p2a: Incineroar|Incineroar, L50, F|100/100\n|switch|p2b: Urshifu|Urshifu-Rapid-Strike, L50, F|100/100\n|-ability|p2a: Incineroar|Intimidate|boost\n|-unboost|p1a: Grimmsnarl|atk|1\n|-unboost|p1b: Wo-Chien|atk|1\n|-ability|p1b: Wo-Chien|Tablets of Ruin\n|turn|1\n|\n|t:|1776697309\n|switch|p1b: Groudon|Groudon, L50|100/100\n|-weather|SunnyDay|[from] ability: Drought|[of] p1b: Groudon\n|move|p2a: Incineroar|Fake Out|p1a: Grimmsnarl\n|-damage|p1a: Grimmsnarl|87/100\n|cant|p1a: Grimmsnarl|flinch\n|move|p2b: Urshifu|U-turn|p1b: Groudon\n|-damage|p1b: Groudon|74/100\n|\n|t:|1776697327\n|switch|p2b: Landorus|Landorus, L50, M|100/100|[from] U-turn\n|\n|-weather|SunnyDay|[upkeep]\n|upkeep\n|turn|2\n|inactive|Sunny_zong1 has 30 seconds left.\n|\n|t:|1776697354\n|move|p1a: Grimmsnarl|Light Screen|p1a: Grimmsnarl\n|-sidestart|p1: Sunny_zong1|move: Light Screen\n|move|p2a: Incineroar|Flare Blitz|p1b: Groudon\n|-damage|p1b: Groudon|29/100\n|-damage|p2a: Incineroar|84/100|[from] Recoil\n|move|p2b: Landorus|Taunt|p1a: Grimmsnarl\n|-start|p1a: Grimmsnarl|move: Taunt\n|move|p1b: Groudon|Heat Crash|p2b: Landorus\n|-damage|p2b: Landorus|22/100\n|\n|-weather|SunnyDay|[upkeep]\n|upkeep\n|turn|3\n|\n|t:|1776697370\n|move|p2a: Incineroar|Flare Blitz|p1b: Groudon\n|-damage|p1b: Groudon|0 fnt\n|faint|p1b: Groudon\n|-damage|p2a: Incineroar|74/100|[from] Recoil\n|move|p2b: Landorus|Sludge Bomb|p1a: Grimmsnarl\n|-supereffective|p1a: Grimmsnarl\n|-damage|p1a: Grimmsnarl|34/100\n|move|p1a: Grimmsnarl|Foul Play|p2b: Landorus\n|-damage|p2b: Landorus|0 fnt\n|faint|p2b: Landorus\n|\n|-weather|SunnyDay|[upkeep]\n|upkeep\n|\n|t:|1776697378\n|switch|p2b: Urshifu|Urshifu-Rapid-Strike, L50, F|100/100\n|switch|p1b: Miraidon|Miraidon, L50|100/100\n|-fieldstart|move: Electric Terrain|[from] ability: Hadron Engine|[of] p1b: Miraidon\n|turn|4\n|inactive|Sunny_zong1 has 30 seconds left.\n|inactive|pflaumbob has 30 seconds left.\n|inactive|pflaumbob has 20 seconds left.\n|inactive|pflaumbob has 15 seconds left.\n|\n|t:|1776697419\n|move|p1b: Miraidon|Volt Switch|p2a: Incineroar\n|-damage|p2a: Incineroar|13/100\n|-damage|p1b: Miraidon|91/100|[from] item: Life Orb\n|\n|t:|1776697422\n|switch|p1b: Wo-Chien|Wo-Chien, L50|100/100|[from] Volt Switch\n|-ability|p1b: Wo-Chien|Tablets of Ruin\n|move|p2a: Incineroar|Knock Off|p1b: Wo-Chien\n|-resisted|p1b: Wo-Chien\n|-damage|p1b: Wo-Chien|87/100\n|-enditem|p1b: Wo-Chien|Leftovers|[from] move: Knock Off|[of] p2a: Incineroar\n|move|p2b: Urshifu|Close Combat|p1b: Wo-Chien\n|-supereffective|p1b: Wo-Chien\n|-damage|p1b: Wo-Chien|0 fnt\n|-unboost|p2b: Urshifu|def|1\n|-unboost|p2b: Urshifu|spd|1\n|faint|p1b: Wo-Chien\n|move|p1a: Grimmsnarl|Foul Play|p2b: Urshifu\n|-resisted|p2b: Urshifu\n|-damage|p2b: Urshifu|61/100\n|\n|-weather|SunnyDay|[upkeep]\n|upkeep\n|\n|t:|1776697426\n|switch|p1b: Miraidon|Miraidon, L50|91/100\n|-activate|p1b: Miraidon|ability: Hadron Engine\n|turn|5\n|inactive|Sunny_zong1 has 30 seconds left.\n|\n|t:|1776697454\n|-terastallize|p2b: Urshifu|Ghost\n|-terastallize|p1a: Grimmsnarl|Ground\n|move|p1b: Miraidon|Parabolic Charge|p2b: Urshifu|[spread] p2a,p2b\n|-immune|p1a: Grimmsnarl\n|-damage|p2a: Incineroar|0 fnt\n|-heal|p1b: Miraidon|97/100|[from] drain|[of] p2a: Incineroar\n|-damage|p2b: Urshifu|0 fnt\n|-heal|p1b: Miraidon|100/100|[from] drain|[of] p2b: Urshifu\n|faint|p2a: Incineroar\n|faint|p2b: Urshifu\n|-damage|p1b: Miraidon|91/100|[from] item: Life Orb\n|move|p1a: Grimmsnarl|Foul Play|p2: Incineroar|[notarget]\n|-fail|p1a: Grimmsnarl\n|\n|-weather|none\n|-end|p1a: Grimmsnarl|move: Taunt\n|upkeep\n|\n|t:|1776697463\n|switch|p2b: Calyrex|Calyrex-Ice, L50|100/100\n|-ability|p2b: Calyrex|As One\n|-ability|p2b: Calyrex|Unnerve\n|turn|6\n|\n|t:|1776697471\n|move|p1b: Miraidon|Electro Drift|p2b: Calyrex\n|-damage|p2b: Calyrex|21/100\n|-damage|p1b: Miraidon|81/100|[from] item: Life Orb\n|move|p1a: Grimmsnarl|Foul Play|p2b: Calyrex\n|-supereffective|p2b: Calyrex\n|-damage|p2b: Calyrex|0 fnt\n|faint|p2b: Calyrex\n|\n|win|Sunny_zong1\n|raw|Sunny_zong1's rating: 1465 &rarr; <strong>1486</strong><br />(+21 for winning)\n|raw|pflaumbob's rating: 1486 &rarr; <strong>1465</strong><br />(-21 for losing)\n|l|\u2606Sunny_zong1\n|player|p1|\n|l|\u2606pflaumbob\n|player|p2|\n","uploadtime":1776697662,"views":6,"formatid":"gen9vgc2026regi","rating":1465,"private":0,"password":null}