{"id":"gen9vgc2026regi-2578289782","format":"[Gen 9] VGC 2026 Reg I","players":["datbishgames","a123as"],"log":"|j|\u2606datbishgames\n|j|\u2606a123as\n|t:|1775665654\n|gametype|doubles\n|player|p1|datbishgames|mira|1340\n|player|p2|a123as|101|1387\n|gen|9\n|tier|[Gen 9] VGC 2026 Reg I\n|rated|\n|rule|Species Clause: Limit one of each Pok\u00e9mon\n|rule|Item Clause: Limit 1 of each item\n|clearpoke\n|poke|p1|Dialga-Origin, L50|\n|poke|p1|Ho-Oh, L50|\n|poke|p1|Rotom-Wash, L50|\n|poke|p1|Amoonguss, L50, M|\n|poke|p1|Ursaluna, L50, F|\n|poke|p1|Zoroark-Hisui, L50, F|\n|poke|p2|Incineroar, L50, F|\n|poke|p2|Landorus, L50, M|\n|poke|p2|Calyrex-Shadow, L50|\n|poke|p2|Koraidon, L50|\n|poke|p2|Brute Bonnet, L50|\n|poke|p2|Raging Bolt, L50|\n|teampreview|4\n|inactive|Battle timer is ON: inactive players will automatically lose when time's up. (requested by datbishgames)\n|\n|t:|1775665682\n|teamsize|p1|4\n|teamsize|p2|4\n|start\n|switch|p1a: Ho-Oh|Ho-Oh, L50|100/100\n|switch|p1b: Dialga|Dialga-Origin, L50|100/100\n|switch|p2a: Koraidon|Koraidon, L50|100/100\n|switch|p2b: Brute Bonnet|Brute Bonnet, L50|100/100\n|-weather|SunnyDay|[from] ability: Orichalcum Pulse|[of] p2a: Koraidon\n|-activate|p2b: Brute Bonnet|ability: Protosynthesis\n|-start|p2b: Brute Bonnet|protosynthesisdef\n|-activate|p2a: Koraidon|Orichalcum Pulse|[source]\n|turn|1\n|\n|t:|1775665695\n|-terastallize|p1a: Ho-Oh|Grass\n|-terastallize|p2b: Brute Bonnet|Water\n|move|p2a: Koraidon|Flare Blitz|p1b: Dialga\n|-enditem|p1b: Dialga|Focus Sash\n|-damage|p1b: Dialga|1/100\n|replace|p1b: Zoroark|Zoroark-Hisui, L50, F\n|-end|p1b: Zoroark|Illusion\n|-damage|p2a: Koraidon|78/100|[from] Recoil\n|move|p1b: Zoroark|Bitter Malice|p2a: Koraidon\n|-damage|p2a: Koraidon|45/100\n|move|p1a: Ho-Oh|Tailwind|p1a: Ho-Oh\n|-sidestart|p1: datbishgames|move: Tailwind\n|move|p2b: Brute Bonnet|Spore|p1a: Ho-Oh\n|-immune|p1a: Ho-Oh\n|\n|-weather|SunnyDay|[upkeep]\n|upkeep\n|turn|2\n|inactive|datbishgames has 30 seconds left.\n|inactive|a123as has 30 seconds left.\n|\n|t:|1775665727\n|move|p2b: Brute Bonnet|Rage Powder|p2b: Brute Bonnet\n|-singleturn|p2b: Brute Bonnet|move: Rage Powder\n|move|p1b: Zoroark|Hyper Voice|p2b: Brute Bonnet|[spread] p2a,p2b\n|-damage|p2a: Koraidon|12/100\n|-damage|p2b: Brute Bonnet|71/100\n|move|p1a: Ho-Oh|Brave Bird|p2a: Koraidon\n|-supereffective|p2a: Koraidon\n|-damage|p2a: Koraidon|0 fnt\n|faint|p2a: Koraidon\n|-damage|p1a: Ho-Oh|97/100|[from] Recoil\n|\n|-weather|SunnyDay|[upkeep]\n|upkeep\n|\n|t:|1775665736\n|switch|p2a: Calyrex|Calyrex-Shadow, L50|100/100\n|-ability|p2a: Calyrex|As One\n|-ability|p2a: Calyrex|Unnerve\n|turn|3\n|\n|t:|1775665746\n|switch|p1a: Ursaluna|Ursaluna, L50, F|100/100\n|move|p2a: Calyrex|Protect|p2a: Calyrex\n|-singleturn|p2a: Calyrex|Protect\n|move|p1b: Zoroark|Icy Wind|p2b: Brute Bonnet|[spread] p2b\n|-activate|p2a: Calyrex|move: Protect\n|-resisted|p2b: Brute Bonnet\n|-damage|p2b: Brute Bonnet|64/100\n|move|p2b: Brute Bonnet|Seed Bomb|p1b: Zoroark\n|-damage|p1b: Zoroark|0 fnt\n|faint|p1b: Zoroark\n|\n|-weather|SunnyDay|[upkeep]\n|-status|p1a: Ursaluna|brn|[from] item: Flame Orb\n|upkeep\n|\n|t:|1775665766\n|switch|p1b: Ho-Oh|Ho-Oh, L50, tera:Grass|100/100\n|turn|4\n|inactive|a123as has 30 seconds left.\n|\n|t:|1775665791\n|-end|p2b: Brute Bonnet|Protosynthesis|[silent]\n|switch|p2b: Incineroar|Incineroar, L50, F|100/100\n|-ability|p2b: Incineroar|Intimidate|boost\n|-unboost|p1a: Ursaluna|atk|1\n|-unboost|p1b: Ho-Oh|atk|1\n|move|p1b: Ho-Oh|Brave Bird|p2a: Calyrex\n|-damage|p2a: Calyrex|47/100\n|-damage|p1b: Ho-Oh|86/100|[from] Recoil\n|move|p1a: Ursaluna|Earthquake|p2b: Incineroar|[spread] p1b,p2a,p2b\n|-resisted|p1b: Ho-Oh\n|-supereffective|p2b: Incineroar\n|-damage|p1b: Ho-Oh|71/100\n|-damage|p2a: Calyrex|2/100\n|-damage|p2b: Incineroar|41/100\n|move|p2a: Calyrex|Astral Barrage|p1a: Ursaluna|[spread] p1b\n|-immune|p1a: Ursaluna\n|-damage|p1b: Ho-Oh|37/100\n|\n|-weather|SunnyDay|[upkeep]\n|-damage|p1a: Ursaluna|95/100 brn|[from] brn\n|-sideend|p1: datbishgames|move: Tailwind\n|upkeep\n|turn|5\n|inactive|datbishgames has 30 seconds left.\n|inactive|a123as has 30 seconds left.\n|\n|t:|1775665818\n|move|p2b: Incineroar|Fake Out|p1a: Ursaluna\n|-damage|p1a: Ursaluna|86/100 brn\n|move|p2a: Calyrex|Astral Barrage|p1a: Ursaluna|[spread] p1b\n|-immune|p1a: Ursaluna\n|-damage|p1b: Ho-Oh|5/100\n|move|p1b: Ho-Oh|Tailwind|p1b: Ho-Oh\n|-sidestart|p1: datbishgames|move: Tailwind\n|cant|p1a: Ursaluna|flinch\n|\n|-weather|none\n|-damage|p1a: Ursaluna|80/100 brn|[from] brn\n|upkeep\n|turn|6\n|inactive|a123as has 30 seconds left.\n|\n|t:|1775665847\n|switch|p1b: Dialga|Dialga-Origin, L50|100/100\n|move|p2a: Calyrex|Protect|p2a: Calyrex\n|-singleturn|p2a: Calyrex|Protect\n|move|p1a: Ursaluna|Swords Dance|p1a: Ursaluna\n|-boost|p1a: Ursaluna|atk|2\n|move|p2b: Incineroar|Parting Shot|p1a: Ursaluna\n|-unboost|p1a: Ursaluna|atk|1\n|-unboost|p1a: Ursaluna|spa|1\n|\n|t:|1775665856\n|switch|p2b: Brute Bonnet|Brute Bonnet, L50, tera:Water|64/100|[from] Parting Shot\n|\n|-damage|p1a: Ursaluna|74/100 brn|[from] brn\n|upkeep\n|turn|7\n|\n|t:|1775665864\n|switch|p2a: Incineroar|Incineroar, L50, F|41/100\n|-ability|p2a: Incineroar|Intimidate|boost\n|-unboost|p1a: Ursaluna|atk|1\n|-unboost|p1b: Dialga|atk|1\n|move|p1a: Ursaluna|Earthquake|p2a: Incineroar|[spread] p2a,p2b\n|-activate|p1b: Dialga|ability: Telepathy\n|-supereffective|p2a: Incineroar\n|-damage|p2a: Incineroar|0 fnt\n|-damage|p2b: Brute Bonnet|43/100\n|faint|p2a: Incineroar\n|move|p1b: Dialga|Draco Meteor|p2b: Brute Bonnet\n|-damage|p2b: Brute Bonnet|0 fnt\n|-unboost|p1b: Dialga|spa|2\n|faint|p2b: Brute Bonnet\n|-end|p2b: Brute Bonnet|Protosynthesis|[silent]\n|\n|-damage|p1a: Ursaluna|69/100 brn|[from] brn\n|upkeep\n|\n|t:|1775665881\n|switch|p2b: Calyrex|Calyrex-Shadow, L50|2/100\n|-ability|p2b: Calyrex|As One\n|-ability|p2b: Calyrex|Unnerve\n|turn|8\n|\n|t:|1775665895\n|move|p1a: Ursaluna|Earthquake|p2b: Calyrex|[spread] p2b\n|-activate|p1b: Dialga|ability: Telepathy\n|-damage|p2b: Calyrex|0 fnt\n|faint|p2b: Calyrex\n|\n|win|datbishgames\n|raw|datbishgames's rating: 1340 &rarr; <strong>1363</strong><br />(+23 for winning)\n|raw|a123as's rating: 1387 &rarr; <strong>1364</strong><br />(-23 for losing)\n|l|\u2606a123as\n|player|p2|\n|l|\u2606datbishgames\n|player|p1|\n","uploadtime":1775666074,"views":9,"formatid":"gen9vgc2026regi","rating":1363,"private":0,"password":null}