{"id":"gen9vgc2026regi-2562378054","format":"[Gen 9] VGC 2026 Reg I","players":["moulei","Hazweioh"],"log":"|j|\u2606moulei\n|j|\u2606Hazweioh\n|t:|1773907536\n|gametype|doubles\n|player|p1|moulei|lyra|1386\n|player|p2|Hazweioh|266|1326\n|gen|9\n|tier|[Gen 9] VGC 2026 Reg I\n|rated|\n|rule|Species Clause: Limit one of each Pok\u00e9mon\n|rule|Item Clause: Limit 1 of each item\n|clearpoke\n|poke|p1|Calyrex-Ice, L50|\n|poke|p1|Lunala, L50|\n|poke|p1|Smeargle, L50, M|\n|poke|p1|Torkoal, L50, F|\n|poke|p1|Urshifu-*, L50, F|\n|poke|p1|Indeedee-F, L50, F|\n|poke|p2|Calyrex-Shadow, L50|\n|poke|p2|Zamazenta-*, L50|\n|poke|p2|Chien-Pao, L50|\n|poke|p2|Dragonite, L50, F|\n|poke|p2|Raging Bolt, L50|\n|poke|p2|Amoonguss, L50, F|\n|teampreview|4\n|inactive|Battle timer is ON: inactive players will automatically lose when time's up. (requested by moulei)\n|\n|t:|1773907580\n|teamsize|p1|4\n|teamsize|p2|4\n|start\n|switch|p1a: Calyrex|Calyrex-Ice, L50|100/100\n|switch|p1b: Indeedee|Indeedee-F, L50, F|100/100\n|switch|p2a: Verizon|Amoonguss, L50, F, shiny|100/100\n|switch|p2b: PinkPony|Calyrex-Shadow, L50|100/100\n|-ability|p2b: PinkPony|As One\n|-ability|p2b: PinkPony|Unnerve\n|-ability|p1a: Calyrex|As One\n|-ability|p1a: Calyrex|Unnerve\n|-fieldstart|move: Psychic Terrain|[from] ability: Psychic Surge|[of] p1b: Indeedee\n|turn|1\n|inactive|Hazweioh has 30 seconds left.\n|\n|t:|1773907608\n|-terastallize|p1a: Calyrex|Fire\n|move|p2b: PinkPony|Psychic|p1b: Indeedee\n|-resisted|p1b: Indeedee\n|-damage|p1b: Indeedee|68/100\n|move|p1b: Indeedee|Alluring Voice|p2b: PinkPony\n|-damage|p2b: PinkPony|83/100\n|move|p1a: Calyrex|Glacial Lance|p2a: Verizon|[spread] p2a,p2b\n|-supereffective|p2a: Verizon\n|-damage|p2a: Verizon|5/100\n|-damage|p2b: PinkPony|11/100\n|move|p2a: Verizon|Spore|p1b: Indeedee\n|-activate|p1b: Indeedee|item: Safety Goggles|Spore\n|\n|upkeep\n|turn|2\n|\n|t:|1773907632\n|move|p1b: Indeedee|Follow Me|p1b: Indeedee\n|-singleturn|p1b: Indeedee|move: Follow Me\n|move|p2a: Verizon|Rage Powder|p2a: Verizon\n|-singleturn|p2a: Verizon|move: Rage Powder\n|move|p2b: PinkPony|Astral Barrage|p1b: Indeedee|[spread] p1a\n|-immune|p1b: Indeedee\n|-damage|p1a: Calyrex|67/100\n|move|p1a: Calyrex|Glacial Lance|p2b: PinkPony|[spread] p2a,p2b\n|-supereffective|p2a: Verizon\n|-damage|p2a: Verizon|0 fnt\n|-damage|p2b: PinkPony|0 fnt\n|faint|p2a: Verizon\n|faint|p2b: PinkPony\n|-ability|p1a: Calyrex|Chilling Neigh|boost\n|-boost|p1a: Calyrex|atk|2\n|\n|upkeep\n|\n|t:|1773907642\n|switch|p2b: Chien-Pao|Chien-Pao, L50|100/100\n|switch|p2a: Zamazenta|Zamazenta-Crowned, L50|100/100\n|-ability|p2b: Chien-Pao|Sword of Ruin\n|-ability|p2a: Zamazenta|Dauntless Shield|boost\n|-boost|p2a: Zamazenta|def|1\n|turn|3\n|\n|t:|1773907653\n|move|p1b: Indeedee|Follow Me|p1b: Indeedee\n|-singleturn|p1b: Indeedee|move: Follow Me\n|move|p2b: Chien-Pao|Ice Spinner|p1b: Indeedee\n|-damage|p1b: Indeedee|23/100\n|-fieldend|move: Psychic Terrain\n|move|p2a: Zamazenta|Body Press|p1b: Indeedee\n|-damage|p1b: Indeedee|0 fnt\n|faint|p1b: Indeedee\n|move|p1a: Calyrex|Trick Room|p1a: Calyrex\n|-fieldstart|move: Trick Room|[of] p1a: Calyrex\n|\n|upkeep\n|\n|t:|1773907664\n|switch|p1b: Torkoal|Torkoal, L50, F|100/100\n|-weather|SunnyDay|[from] ability: Drought|[of] p1b: Torkoal\n|turn|4\n|\n|t:|1773907684\n|-terastallize|p2b: Chien-Pao|Poison\n|move|p2a: Zamazenta|Wide Guard|p2a: Zamazenta\n|-singleturn|p2a: Zamazenta|Wide Guard\n|move|p1b: Torkoal|Weather Ball|p2b: Chien-Pao\n|-damage|p2b: Chien-Pao|14/100\n|move|p1a: Calyrex|High Horsepower|p2a: Zamazenta\n|-supereffective|p2a: Zamazenta\n|-damage|p2a: Zamazenta|18/100\n|move|p2b: Chien-Pao|Ruination|p1b: Torkoal\n|-damage|p1b: Torkoal|51/100\n|\n|-weather|SunnyDay|[upkeep]\n|upkeep\n|turn|5\n|inactive|Hazweioh has 30 seconds left.\n|\n|t:|1773907711\n|move|p2a: Zamazenta|Wide Guard|p2a: Zamazenta\n|-singleturn|p2a: Zamazenta|Wide Guard\n|move|p2b: Chien-Pao|Sucker Punch|p1b: Torkoal\n|-damage|p1b: Torkoal|18/100\n|move|p1b: Torkoal|Weather Ball|p2b: Chien-Pao\n|-damage|p2b: Chien-Pao|0 fnt\n|faint|p2b: Chien-Pao\n|move|p1a: Calyrex|High Horsepower|p2a: Zamazenta\n|-supereffective|p2a: Zamazenta\n|-damage|p2a: Zamazenta|0 fnt\n|faint|p2a: Zamazenta\n|\n|win|moulei\n|raw|moulei's rating: 1386 &rarr; <strong>1403</strong><br />(+17 for winning)\n|raw|Hazweioh's rating: 1326 &rarr; <strong>1309</strong><br />(-17 for losing)\n|l|\u2606Hazweioh\n|player|p2|\n|l|\u2606moulei\n|player|p1|\n","uploadtime":1773907906,"views":11,"formatid":"gen9vgc2026regi","rating":1309,"private":0,"password":null}