{"id":"gen9vgc2026regi-2565593207","format":"[Gen 9] VGC 2026 Reg I","players":["Sheevp","kojimuranishi"],"log":"|j|\u2606Sheevp\n|j|\u2606kojimuranishi\n|t:|1774287874\n|gametype|doubles\n|player|p1|Sheevp|170|1485\n|player|p2|kojimuranishi|2|1664\n|gen|9\n|tier|[Gen 9] VGC 2026 Reg I\n|rated|\n|rule|Species Clause: Limit one of each Pok\u00e9mon\n|rule|Item Clause: Limit 1 of each item\n|clearpoke\n|poke|p1|Koraidon, L50|\n|poke|p1|Calyrex-Ice, L50|\n|poke|p1|Regieleki, L50|\n|poke|p1|Chi-Yu, L50|\n|poke|p2|Whimsicott, L50, M|\n|poke|p2|Calyrex-Ice, L50|\n|poke|p2|Miraidon, L50|\n|poke|p2|Chi-Yu, L50|\n|poke|p2|Landorus, L50, M|\n|poke|p2|Farigiraf, L50, M|\n|teampreview|4\n|inactive|Battle timer is ON: inactive players will automatically lose when time's up. (requested by kojimuranishi)\n|\n|t:|1774287887\n|teamsize|p1|4\n|teamsize|p2|4\n|start\n|switch|p1a: Regieleki|Regieleki, L50|100/100\n|switch|p1b: Calyrex|Calyrex-Ice, L50|100/100\n|switch|p2a: Whimsicott|Whimsicott, L50, M|100/100\n|switch|p2b: Landorus|Landorus, L50, M|100/100\n|-ability|p1b: Calyrex|As One\n|-ability|p1b: Calyrex|Unnerve\n|turn|1\n|\n|t:|1774287907\n|move|p2a: Whimsicott|Tailwind|p2a: Whimsicott\n|-sidestart|p2: kojimuranishi|move: Tailwind\n|move|p2b: Landorus|Sandsear Storm|p1b: Calyrex|[spread] \n|-miss|p2b: Landorus|p1a: Regieleki\n|-miss|p2b: Landorus|p1b: Calyrex\n|move|p1a: Regieleki|Volt Switch|p2a: Whimsicott\n|-resisted|p2a: Whimsicott\n|-crit|p2a: Whimsicott\n|-damage|p2a: Whimsicott|49/100\n|\n|t:|1774287917\n|switch|p1a: Koraidon|Koraidon, L50|100/100|[from] Volt Switch\n|-weather|SunnyDay|[from] ability: Orichalcum Pulse|[of] p1a: Koraidon\n|-activate|p1a: Koraidon|Orichalcum Pulse|[source]\n|move|p1b: Calyrex|Glacial Lance|p2a: Whimsicott|[spread] p2a,p2b\n|-supereffective|p2a: Whimsicott\n|-supereffective|p2b: Landorus\n|-crit|p2b: Landorus\n|-damage|p2a: Whimsicott|0 fnt\n|-damage|p2b: Landorus|0 fnt\n|faint|p2a: Whimsicott\n|faint|p2b: Landorus\n|-ability|p1b: Calyrex|Chilling Neigh|boost\n|-boost|p1b: Calyrex|atk|2\n|\n|-weather|SunnyDay|[upkeep]\n|upkeep\n|\n|t:|1774287932\n|switch|p2a: Calyrex|Calyrex-Ice, L50|100/100\n|switch|p2b: Miraidon|Miraidon, L50|100/100\n|-ability|p2a: Calyrex|As One\n|-ability|p2a: Calyrex|Unnerve\n|-fieldstart|move: Electric Terrain|[from] ability: Hadron Engine|[of] p2b: Miraidon\n|turn|2\n|\n|t:|1774287943\n|-terastallize|p2b: Miraidon|Electric\n|-terastallize|p1a: Koraidon|Fire\n|move|p1b: Calyrex|Protect|p1b: Calyrex\n|-singleturn|p1b: Calyrex|Protect\n|move|p2b: Miraidon|Electro Drift|p1b: Calyrex\n|-activate|p1b: Calyrex|move: Protect\n|move|p2a: Calyrex|Glacial Lance|p1b: Calyrex|[spread] p1a\n|-activate|p1b: Calyrex|move: Protect\n|-resisted|p1a: Koraidon\n|-damage|p1a: Koraidon|61/100\n|move|p1a: Koraidon|Close Combat|p2b: Miraidon\n|-damage|p2b: Miraidon|0 fnt\n|-unboost|p1a: Koraidon|def|1\n|-unboost|p1a: Koraidon|spd|1\n|faint|p2b: Miraidon\n|-damage|p1a: Koraidon|52/100|[from] item: Life Orb\n|\n|-weather|SunnyDay|[upkeep]\n|upkeep\n|turn|3\n|\n|t:|1774287965\n|move|p1a: Koraidon|Protect|p1a: Koraidon\n|-singleturn|p1a: Koraidon|Protect\n|move|p2a: Calyrex|Glacial Lance|p1a: Koraidon|[spread] p1b\n|-activate|p1a: Koraidon|move: Protect\n|-resisted|p1b: Calyrex\n|-damage|p1b: Calyrex|73/100\n|move|p1b: Calyrex|Leech Seed|p2a: Calyrex\n|-start|p2a: Calyrex|move: Leech Seed\n|\n|-weather|SunnyDay|[upkeep]\n|-heal|p1b: Calyrex|79/100|[from] item: Leftovers\n|-damage|p2a: Calyrex|88/100|[from] Leech Seed|[of] p1b: Calyrex\n|-heal|p1b: Calyrex|90/100|[silent]\n|upkeep\n|turn|4\n|\n|t:|1774287979\n|move|p2a: Calyrex|Glacial Lance|p1b: Calyrex|[spread] p1a,p1b\n|-resisted|p1a: Koraidon\n|-resisted|p1b: Calyrex\n|-damage|p1a: Koraidon|0 fnt\n|-damage|p1b: Calyrex|64/100\n|faint|p1a: Koraidon\n|-ability|p2a: Calyrex|Chilling Neigh|boost\n|-boost|p2a: Calyrex|atk|1\n|move|p1b: Calyrex|Glacial Lance|p2a: Calyrex\n|-resisted|p2a: Calyrex\n|-damage|p2a: Calyrex|35/100\n|\n|-weather|SunnyDay|[upkeep]\n|-heal|p1b: Calyrex|70/100|[from] item: Leftovers\n|-damage|p2a: Calyrex|23/100|[from] Leech Seed|[of] p1b: Calyrex\n|-heal|p1b: Calyrex|80/100|[silent]\n|-sideend|p2: kojimuranishi|move: Tailwind\n|upkeep\n|j| rackjaineyuwu\n|\n|t:|1774287983\n|switch|p1a: Chi-Yu|Chi-Yu, L50|100/100\n|-ability|p1a: Chi-Yu|Beads of Ruin\n|turn|5\n|-message|kojimuranishi forfeited.\n|\n|win|Sheevp\n|raw|Sheevp's rating: 1485 &rarr; <strong>1514</strong><br />(+29 for winning)\n|raw|kojimuranishi's rating: 1664 &rarr; <strong>1635</strong><br />(-29 for losing)\n|l|\u2606kojimuranishi\n|player|p2|\n|l|\u2606Sheevp\n|player|p1|\n|l| rackjaineyuwu\n|j|\u2606Sheevp\n|player|p1|Sheevp|170|\n|l|\u2606Sheevp\n|player|p1|\n","uploadtime":1774288206,"views":15,"formatid":"gen9vgc2026regi","rating":1514,"private":0,"password":null}