{"id":"gen9vgc2026regi-2567555683","format":"[Gen 9] VGC 2026 Reg I","players":["bishmii","powpowP0WER"],"log":"|j|\u2606bishmii\n|j|\u2606powpowP0WER\n|t:|1774487567\n|gametype|doubles\n|player|p1|bishmii|102|1345\n|player|p2|powpowP0WER|battlegirl-gen4|1329\n|gen|9\n|tier|[Gen 9] VGC 2026 Reg I\n|rated|\n|rule|Species Clause: Limit one of each Pok\u00e9mon\n|rule|Item Clause: Limit 1 of each item\n|clearpoke\n|poke|p1|Calyrex-Shadow, L50|\n|poke|p1|Rillaboom, L50, F|\n|poke|p1|Sylveon, L50, F|\n|poke|p1|Tornadus, L50, M|\n|poke|p1|Incineroar, L50, M|\n|poke|p1|Zamazenta-*, L50|\n|poke|p2|Groudon, L50|\n|poke|p2|Miraidon, L50|\n|poke|p2|Gardevoir, L50, M|\n|poke|p2|Iron Valiant, L50|\n|poke|p2|Iron Hands, L50|\n|poke|p2|Incineroar, L50, M|\n|teampreview|4\n|inactive|Battle timer is ON: inactive players will automatically lose when time's up. (requested by bishmii)\n|j| didepasts\n|inactive|powpowP0WER has 60 seconds left.\n|\n|t:|1774487617\n|teamsize|p1|4\n|teamsize|p2|4\n|start\n|switch|p1a: Sylveon|Sylveon, L50, F|100/100\n|switch|p1b: Incineroar|Incineroar, L50, M|100/100\n|switch|p2a: Incineroar|Incineroar, L50, M|100/100\n|switch|p2b: Groudon|Groudon, L50|100/100\n|-weather|SunnyDay|[from] ability: Drought|[of] p2b: Groudon\n|-ability|p1b: Incineroar|Intimidate|boost\n|-unboost|p2a: Incineroar|atk|1\n|-fail|p2b: Groudon|unboost|[from] item: Clear Amulet|[of] p2b: Groudon\n|-ability|p2a: Incineroar|Intimidate|boost\n|-unboost|p1a: Sylveon|atk|1\n|-unboost|p1b: Incineroar|atk|1\n|turn|1\n|inactive|bishmii has 30 seconds left.\n|\n|t:|1774487644\n|-terastallize|p2b: Groudon|Fire\n|move|p1b: Incineroar|Fake Out|p2b: Groudon\n|-damage|p2b: Groudon|96/100\n|cant|p2b: Groudon|flinch\n|move|p1a: Sylveon|Calm Mind|p1a: Sylveon\n|-boost|p1a: Sylveon|spa|1\n|-boost|p1a: Sylveon|spd|1\n|move|p2a: Incineroar|Taunt|p1a: Sylveon\n|-start|p1a: Sylveon|move: Taunt\n|\n|-weather|SunnyDay|[upkeep]\n|upkeep\n|turn|2\n|\n|t:|1774487663\n|-terastallize|p1a: Sylveon|Fire\n|move|p2b: Groudon|Swords Dance|p2b: Groudon\n|-boost|p2b: Groudon|atk|2\n|move|p1b: Incineroar|Knock Off|p2b: Groudon\n|-damage|p2b: Groudon|80/100\n|-enditem|p2b: Groudon|Clear Amulet|[from] move: Knock Off|[of] p1b: Incineroar\n|move|p1a: Sylveon|Hyper Voice|p2b: Groudon|[spread] p2a,p2b\n|-resisted|p2b: Groudon\n|-crit|p2b: Groudon\n|-damage|p2a: Incineroar|57/100\n|-damage|p2b: Groudon|48/100\n|move|p2a: Incineroar|Parting Shot|p1a: Sylveon\n|-unboost|p1a: Sylveon|atk|1\n|-unboost|p1a: Sylveon|spa|1\n|\n|t:|1774487674\n|switch|p2a: Iron Valiant|Iron Valiant, L50|100/100|[from] Parting Shot\n|\n|-weather|SunnyDay|[upkeep]\n|upkeep\n|turn|3\n|\n|t:|1774487691\n|move|p2a: Iron Valiant|Wide Guard|p2a: Iron Valiant\n|-singleturn|p2a: Iron Valiant|Wide Guard\n|move|p2b: Groudon|Precipice Blades|p1b: Incineroar|[spread] p1a,p1b\n|-supereffective|p1a: Sylveon\n|-supereffective|p1b: Incineroar\n|-damage|p1a: Sylveon|0 fnt\n|-damage|p1b: Incineroar|0 fnt\n|faint|p1a: Sylveon\n|faint|p1b: Incineroar\n|\n|-weather|SunnyDay|[upkeep]\n|upkeep\n|\n|t:|1774487697\n|switch|p1b: Calyrex|Calyrex-Shadow, L50|100/100\n|switch|p1a: Rillaboom|Rillaboom, L50, F|100/100\n|-ability|p1b: Calyrex|As One\n|-ability|p1b: Calyrex|Unnerve\n|-fieldstart|move: Grassy Terrain|[from] ability: Grassy Surge|[of] p1a: Rillaboom\n|turn|4\n|\n|t:|1774487717\n|move|p2b: Groudon|Protect|p2b: Groudon\n|-singleturn|p2b: Groudon|Protect\n|move|p1b: Calyrex|Psyshock|p2b: Groudon\n|-activate|p2b: Groudon|move: Protect\n|move|p2a: Iron Valiant|Encore||[still]\n|-fail|p2a: Iron Valiant\n|move|p1a: Rillaboom|Wood Hammer|p2b: Groudon\n|-activate|p2b: Groudon|move: Protect\n|\n|-weather|SunnyDay|[upkeep]\n|-heal|p2b: Groudon|54/100|[from] Grassy Terrain\n|upkeep\n|turn|5\n|\n|t:|1774487743\n|switch|p2b: Incineroar|Incineroar, L50, M|57/100\n|-ability|p2b: Incineroar|Intimidate|boost\n|-unboost|p1a: Rillaboom|atk|1\n|-unboost|p1b: Calyrex|atk|1\n|move|p1b: Calyrex|Psyshock|p2a: Iron Valiant\n|-supereffective|p2a: Iron Valiant\n|-enditem|p2a: Iron Valiant|Focus Sash\n|-damage|p2a: Iron Valiant|1/100\n|move|p2a: Iron Valiant|Spirit Break|p1b: Calyrex\n|-damage|p1b: Calyrex|47/100\n|-unboost|p1b: Calyrex|spa|1\n|move|p1a: Rillaboom|Wood Hammer|p2a: Iron Valiant\n|-damage|p2a: Iron Valiant|0 fnt\n|faint|p2a: Iron Valiant\n|-end|p2a: Iron Valiant|Quark Drive|[silent]\n|-damage|p1a: Rillaboom|99/100|[from] Recoil\n|\n|-weather|none\n|-heal|p1b: Calyrex|53/100|[from] Grassy Terrain\n|-heal|p1a: Rillaboom|100/100|[from] Grassy Terrain\n|-heal|p2b: Incineroar|63/100|[from] Grassy Terrain\n|upkeep\n|\n|t:|1774487756\n|switch|p2a: Miraidon|Miraidon, L50|100/100\n|-fieldstart|move: Electric Terrain|[from] ability: Hadron Engine|[of] p2a: Miraidon\n|turn|6\n|\n|t:|1774487770\n|move|p1b: Calyrex|Protect|p1b: Calyrex\n|-singleturn|p1b: Calyrex|Protect\n|move|p2a: Miraidon|Discharge|p1b: Calyrex|[spread] p2b,p1a\n|-activate|p1b: Calyrex|move: Protect\n|-resisted|p1a: Rillaboom\n|-damage|p2b: Incineroar|15/100\n|-damage|p1a: Rillaboom|80/100\n|move|p1a: Rillaboom|Wood Hammer|p2a: Miraidon\n|-resisted|p2a: Miraidon\n|-damage|p2a: Miraidon|80/100\n|-damage|p1a: Rillaboom|74/100|[from] Recoil\n|move|p2b: Incineroar|Parting Shot|p1a: Rillaboom\n|-unboost|p1a: Rillaboom|atk|1\n|-unboost|p1a: Rillaboom|spa|1\n|\n|t:|1774487774\n|switch|p2b: Groudon|Groudon, L50, tera:Fire|54/100|[from] Parting Shot\n|-weather|SunnyDay|[from] ability: Drought|[of] p2b: Groudon\n|\n|-weather|SunnyDay|[upkeep]\n|upkeep\n|turn|7\n|\n|t:|1774487789\n|switch|p2b: Incineroar|Incineroar, L50, M|15/100\n|-ability|p2b: Incineroar|Intimidate|boost\n|-unboost|p1a: Rillaboom|atk|1\n|-unboost|p1b: Calyrex|atk|1\n|move|p2a: Miraidon|Discharge|p1b: Calyrex|[spread] p2b,p1a,p1b\n|-resisted|p1a: Rillaboom\n|-damage|p2b: Incineroar|0 fnt\n|-damage|p1a: Rillaboom|54/100\n|-damage|p1b: Calyrex|0 fnt\n|faint|p2b: Incineroar\n|faint|p1b: Calyrex\n|move|p1a: Rillaboom|Wood Hammer|p2a: Miraidon\n|-resisted|p2a: Miraidon\n|-damage|p2a: Miraidon|66/100\n|-damage|p1a: Rillaboom|50/100|[from] Recoil\n|\n|-weather|SunnyDay|[upkeep]\n|upkeep\n|\n|t:|1774487796\n|switch|p2b: Groudon|Groudon, L50, tera:Fire|54/100\n|turn|8\n|\n|t:|1774487800\n|move|p2b: Groudon|Protect|p2b: Groudon\n|-singleturn|p2b: Groudon|Protect\n|move|p2a: Miraidon|Discharge|p1a: Rillaboom|[spread] p1a\n|-activate|p2b: Groudon|move: Protect\n|-resisted|p1a: Rillaboom\n|-crit|p1a: Rillaboom\n|-damage|p1a: Rillaboom|18/100\n|-status|p1a: Rillaboom|par\n|move|p1a: Rillaboom|Wood Hammer|p2a: Miraidon\n|-resisted|p2a: Miraidon\n|-damage|p2a: Miraidon|55/100\n|-damage|p1a: Rillaboom|15/100 par|[from] Recoil\n|\n|-weather|SunnyDay|[upkeep]\n|upkeep\n|turn|9\n|\n|t:|1774487805\n|move|p2a: Miraidon|Discharge|p1a: Rillaboom|[spread] p2b,p1a\n|-resisted|p1a: Rillaboom\n|-damage|p2b: Groudon|4/100\n|-damage|p1a: Rillaboom|0 fnt\n|-status|p2b: Groudon|par\n|faint|p1a: Rillaboom\n|\n|win|powpowP0WER\n|raw|bishmii's rating: 1345 &rarr; <strong>1324</strong><br />(-21 for losing)\n|raw|powpowP0WER's rating: 1329 &rarr; <strong>1350</strong><br />(+21 for winning)\n|l|\u2606powpowP0WER\n|player|p2|\n|l|\u2606bishmii\n|player|p1|\n","uploadtime":1774487971,"views":12,"formatid":"gen9vgc2026regi","rating":1324,"private":0,"password":null}