{"id":"gen9vgc2026regi-2561427567","format":"[Gen 9] VGC 2026 Reg I","players":["delybird","fernsthedruids"],"log":"|j|\u2606delybird\n|j|\u2606fernsthedruids\n|t:|1773794989\n|gametype|doubles\n|player|p1|delybird|blue-masters|1318\n|player|p2|fernsthedruids|101|1343\n|gen|9\n|tier|[Gen 9] VGC 2026 Reg I\n|rated|\n|rule|Species Clause: Limit one of each Pok\u00e9mon\n|rule|Item Clause: Limit 1 of each item\n|clearpoke\n|poke|p1|Brute Bonnet, L50|\n|poke|p1|Lunala, L50|\n|poke|p1|Ursaluna, L50, F|\n|poke|p1|Chi-Yu, L50|\n|poke|p1|Koraidon, L50|\n|poke|p1|Flutter Mane, L50|\n|poke|p2|Kyogre, L50|\n|poke|p2|Calyrex-Ice, L50|\n|poke|p2|Raging Bolt, L50|\n|poke|p2|Tornadus, L50, M|\n|poke|p2|Incineroar, L50, F|\n|poke|p2|Hitmontop, L50, M|\n|teampreview|4\n|j| vasago\n|inactive|Battle timer is ON: inactive players will automatically lose when time's up. (requested by delybird)\n|inactive|fernsthedruids has 60 seconds left.\n|inactive|delybird has 30 seconds left.\n|\n|t:|1773795069\n|teamsize|p1|4\n|teamsize|p2|4\n|start\n|switch|p1a: Flutter Mane|Flutter Mane, L50|100/100\n|switch|p1b: Lunala|Lunala, L50|100/100\n|switch|p2a: Incineroar|Incineroar, L50, F|100/100\n|switch|p2b: Raging Bolt|Raging Bolt, L50|100/100\n|-ability|p2a: Incineroar|Intimidate|boost\n|-unboost|p1a: Flutter Mane|atk|1\n|-unboost|p1b: Lunala|atk|1\n|turn|1\n|\n|t:|1773795087\n|switch|p2a: Hitmontop|Hitmontop, L50, M|100/100\n|-ability|p2a: Hitmontop|Intimidate|boost\n|-unboost|p1a: Flutter Mane|atk|1\n|-unboost|p1b: Lunala|atk|1\n|-terastallize|p2b: Raging Bolt|Fairy\n|move|p1a: Flutter Mane|Moonblast|p2b: Raging Bolt\n|-damage|p2b: Raging Bolt|58/100\n|move|p1b: Lunala|Meteor Beam||[still]\n|-prepare|p1b: Lunala|Meteor Beam\n|-boost|p1b: Lunala|spa|1\n|-enditem|p1b: Lunala|Power Herb\n|-anim|p1b: Lunala|Meteor Beam|p2a: Hitmontop\n|-resisted|p2a: Hitmontop\n|-damage|p2a: Hitmontop|70/100\n|-enditem|p2a: Hitmontop|Eject Button\n|\n|t:|1773795099\n|switch|p2a: Calyrex|Calyrex-Ice, L50|100/100\n|-ability|p2a: Calyrex|As One\n|-ability|p2a: Calyrex|Unnerve\n|move|p2b: Raging Bolt|Thunderbolt|p1b: Lunala\n|-damage|p1b: Lunala|77/100\n|-damage|p2b: Raging Bolt|48/100|[from] item: Life Orb\n|\n|upkeep\n|turn|2\n|\n|t:|1773795118\n|move|p2a: Calyrex|Protect|p2a: Calyrex\n|-singleturn|p2a: Calyrex|Protect\n|move|p1a: Flutter Mane|Shadow Ball|p2a: Calyrex\n|-activate|p2a: Calyrex|move: Protect\n|move|p1b: Lunala|Moongeist Beam|p2a: Calyrex\n|-activate|p2a: Calyrex|move: Protect\n|move|p2b: Raging Bolt|Draco Meteor|p1b: Lunala\n|-damage|p1b: Lunala|5/100\n|-unboost|p2b: Raging Bolt|spa|2\n|-damage|p2b: Raging Bolt|39/100|[from] item: Life Orb\n|\n|upkeep\n|turn|3\n|inactive|fernsthedruids has 30 seconds left.\n|\n|t:|1773795151\n|switch|p2a: Incineroar|Incineroar, L50, F|100/100\n|-ability|p2a: Incineroar|Intimidate|boost\n|-unboost|p1a: Flutter Mane|atk|1\n|-unboost|p1b: Lunala|atk|1\n|move|p2b: Raging Bolt|Thunderclap||[still]\n|-fail|p2b: Raging Bolt\n|move|p1a: Flutter Mane|Moonblast|p2b: Raging Bolt\n|-damage|p2b: Raging Bolt|0 fnt\n|faint|p2b: Raging Bolt\n|-end|p2b: Raging Bolt|Protosynthesis|[silent]\n|move|p1b: Lunala|Trick Room|p1b: Lunala\n|-fieldstart|move: Trick Room|[of] p1b: Lunala\n|\n|upkeep\n|\n|t:|1773795161\n|switch|p2b: Calyrex|Calyrex-Ice, L50|100/100\n|-ability|p2b: Calyrex|As One\n|-ability|p2b: Calyrex|Unnerve\n|turn|4\n|\n|t:|1773795178\n|move|p1b: Lunala|Wide Guard|p1b: Lunala\n|-singleturn|p1b: Lunala|Wide Guard\n|move|p2b: Calyrex|Glacial Lance|p1a: Flutter Mane|[spread] \n|-activate|p1a: Flutter Mane|move: Wide Guard\n|-activate|p1b: Lunala|move: Wide Guard\n|move|p2a: Incineroar|Parting Shot|p1a: Flutter Mane\n|-unboost|p1a: Flutter Mane|atk|1\n|-unboost|p1a: Flutter Mane|spa|1\n|\n|t:|1773795181\n|switch|p2a: Hitmontop|Hitmontop, L50, M|70/100|[from] Parting Shot\n|-ability|p2a: Hitmontop|Intimidate|boost\n|-unboost|p1a: Flutter Mane|atk|1\n|-unboost|p1b: Lunala|atk|1\n|move|p1a: Flutter Mane|Shadow Ball|p2b: Calyrex\n|-supereffective|p2b: Calyrex\n|-damage|p2b: Calyrex|65/100\n|\n|upkeep\n|turn|5\n|l| vasago\n|inactive|delybird has 30 seconds left.\n|inactive|fernsthedruids has 30 seconds left.\n|inactive|delybird has 20 seconds left.\n|inactive|delybird has 15 seconds left.\n|\n|t:|1773795222\n|move|p2a: Hitmontop|Feint|p1b: Lunala\n|-immune|p1b: Lunala\n|move|p2b: Calyrex|Glacial Lance|p1a: Flutter Mane|[spread] p1a,p1b\n|-enditem|p1a: Flutter Mane|Focus Sash\n|-damage|p1a: Flutter Mane|1/100\n|-damage|p1b: Lunala|0 fnt\n|faint|p1b: Lunala\n|-ability|p2b: Calyrex|Chilling Neigh|boost\n|-boost|p2b: Calyrex|atk|1\n|move|p1a: Flutter Mane|Shadow Ball|p2b: Calyrex\n|-supereffective|p2b: Calyrex\n|-damage|p2b: Calyrex|30/100\n|\n|upkeep\n|\n|t:|1773795246\n|switch|p1b: Brute Bonnet|Brute Bonnet, L50|100/100\n|turn|6\n|\n|t:|1773795258\n|switch|p2a: Incineroar|Incineroar, L50, F|100/100\n|-ability|p2a: Incineroar|Intimidate|boost\n|-unboost|p1a: Flutter Mane|atk|1\n|-unboost|p1b: Brute Bonnet|atk|1\n|-terastallize|p1b: Brute Bonnet|Water\n|move|p1a: Flutter Mane|Protect|p1a: Flutter Mane\n|-singleturn|p1a: Flutter Mane|Protect\n|move|p2b: Calyrex|Glacial Lance|p1a: Flutter Mane|[spread] p1b\n|-activate|p1a: Flutter Mane|move: Protect\n|-resisted|p1b: Brute Bonnet\n|-damage|p1b: Brute Bonnet|74/100\n|move|p1b: Brute Bonnet|Spore|p2b: Calyrex\n|-status|p2b: Calyrex|slp|[from] move: Spore\n|\n|upkeep\n|turn|7\n|\n|t:|1773795280\n|cant|p2b: Calyrex|slp\n|move|p1b: Brute Bonnet|Seed Bomb|p2b: Calyrex\n|-damage|p2b: Calyrex|17/100 slp\n|move|p2a: Incineroar|Knock Off|p1a: Flutter Mane\n|-damage|p1a: Flutter Mane|0 fnt\n|faint|p1a: Flutter Mane\n|-end|p1a: Flutter Mane|Protosynthesis|[silent]\n|\n|-fieldend|move: Trick Room\n|upkeep\n|\n|t:|1773795286\n|switch|p1a: Koraidon|Koraidon, L50|100/100\n|-weather|SunnyDay|[from] ability: Orichalcum Pulse|[of] p1a: Koraidon\n|-activate|p1b: Brute Bonnet|ability: Protosynthesis\n|-start|p1b: Brute Bonnet|protosynthesisdef\n|-activate|p1a: Koraidon|Orichalcum Pulse|[source]\n|turn|8\n|\n|t:|1773795298\n|switch|p2a: Hitmontop|Hitmontop, L50, M|70/100\n|-ability|p2a: Hitmontop|Intimidate|boost\n|-unboost|p1a: Koraidon|atk|1\n|-unboost|p1b: Brute Bonnet|atk|1\n|cant|p2b: Calyrex|slp\n|move|p1b: Brute Bonnet|Sucker Punch||[still]\n|-fail|p1b: Brute Bonnet\n|move|p1a: Koraidon|Flame Charge|p2a: Hitmontop\n|-damage|p2a: Hitmontop|39/100\n|-boost|p1a: Koraidon|spe|1\n|-damage|p1a: Koraidon|91/100|[from] item: Life Orb\n|\n|-weather|SunnyDay|[upkeep]\n|upkeep\n|turn|9\n|\n|t:|1773795317\n|move|p2a: Hitmontop|Fake Out|p1a: Koraidon\n|-damage|p1a: Koraidon|84/100\n|cant|p1a: Koraidon|flinch\n|move|p1b: Brute Bonnet|Seed Bomb|p2b: Calyrex\n|-damage|p2b: Calyrex|6/100 slp\n|cant|p2b: Calyrex|slp\n|\n|-weather|SunnyDay|[upkeep]\n|upkeep\n|turn|10\n|inactive|delybird has 30 seconds left.\n|\n|t:|1773795344\n|switch|p2a: Incineroar|Incineroar, L50, F|100/100\n|-ability|p2a: Incineroar|Intimidate|boost\n|-unboost|p1a: Koraidon|atk|1\n|-unboost|p1b: Brute Bonnet|atk|1\n|-curestatus|p2b: Calyrex|slp|[msg]\n|move|p2b: Calyrex|Protect|p2b: Calyrex\n|-singleturn|p2b: Calyrex|Protect\n|move|p1a: Koraidon|Close Combat|p2a: Incineroar\n|-supereffective|p2a: Incineroar\n|-damage|p2a: Incineroar|18/100\n|-unboost|p1a: Koraidon|def|1\n|-unboost|p1a: Koraidon|spd|1\n|-damage|p1a: Koraidon|74/100|[from] item: Life Orb\n|move|p1b: Brute Bonnet|Seed Bomb|p2b: Calyrex\n|-activate|p2b: Calyrex|move: Protect\n|\n|-weather|SunnyDay|[upkeep]\n|upkeep\n|turn|11\n|inactive|fernsthedruids has 30 seconds left.\n|\n|t:|1773795374\n|move|p2a: Incineroar|Fake Out|p1a: Koraidon\n|-crit|p1a: Koraidon\n|-damage|p1a: Koraidon|52/100\n|cant|p1a: Koraidon|flinch\n|move|p1b: Brute Bonnet|Seed Bomb|p2b: Calyrex\n|-damage|p2b: Calyrex|0 fnt\n|faint|p2b: Calyrex\n|\n|-weather|SunnyDay|[upkeep]\n|upkeep\n|\n|t:|1773795380\n|switch|p2b: Hitmontop|Hitmontop, L50, M|39/100\n|-ability|p2b: Hitmontop|Intimidate|boost\n|-unboost|p1a: Koraidon|atk|1\n|-unboost|p1b: Brute Bonnet|atk|1\n|turn|12\n|\n|t:|1773795403\n|move|p1a: Koraidon|Protect|p1a: Koraidon\n|-singleturn|p1a: Koraidon|Protect\n|move|p2b: Hitmontop|Feint|p1a: Koraidon\n|-activate|p1a: Koraidon|move: Feint\n|-damage|p1a: Koraidon|43/100\n|move|p2a: Incineroar|Knock Off|p1a: Koraidon\n|-resisted|p1a: Koraidon\n|-damage|p1a: Koraidon|18/100\n|-enditem|p1a: Koraidon|Life Orb|[from] move: Knock Off|[of] p2a: Incineroar\n|move|p1b: Brute Bonnet|Spore|p2b: Hitmontop\n|-status|p2b: Hitmontop|slp|[from] move: Spore\n|\n|-weather|none\n|-end|p1b: Brute Bonnet|Protosynthesis\n|upkeep\n|turn|13\n|-message|fernsthedruids forfeited.\n|\n|win|delybird\n|raw|delybird's rating: 1318 &rarr; <strong>1339</strong><br />(+21 for winning)\n|raw|fernsthedruids's rating: 1343 &rarr; <strong>1322</strong><br />(-21 for losing)\n|l|\u2606fernsthedruids\n|player|p2|\n","uploadtime":1773795418,"views":48,"formatid":"gen9vgc2026regi","rating":1322,"private":0,"password":null}