{"id":"gen9vgc2026regi-2561505308","format":"[Gen 9] VGC 2026 Reg I","players":["terafireflareblitz","It'sJustKen VGC"],"log":"|j|\u2606terafireflareblitz\n|j|\u2606It'sJustKen VGC\n|t:|1773804150\n|gametype|doubles\n|player|p1|terafireflareblitz|sycamore|1572\n|player|p2|It'sJustKen VGC|1|1481\n|gen|9\n|tier|[Gen 9] VGC 2026 Reg I\n|rated|\n|rule|Species Clause: Limit one of each Pok\u00e9mon\n|rule|Item Clause: Limit 1 of each item\n|clearpoke\n|poke|p1|Koraidon, L50|\n|poke|p1|Lunala, L50|\n|poke|p1|Indeedee-F, L50, F|\n|poke|p1|Flutter Mane, L50|\n|poke|p1|Volcarona, L50, M|\n|poke|p1|Ursaluna, L50, F|\n|poke|p2|Iron Hands, L50|\n|poke|p2|Incineroar, L50, F|\n|poke|p2|Calyrex-Shadow, L50|\n|poke|p2|Whimsicott, L50, F|\n|poke|p2|Farigiraf, L50, M|\n|poke|p2|Miraidon, L50|\n|teampreview|4\n|inactive|Battle timer is ON: inactive players will automatically lose when time's up. (requested by terafireflareblitz)\n|inactive|It'sJustKen VGC also wants the timer to be on.\n|\n|t:|1773804181\n|teamsize|p1|4\n|teamsize|p2|4\n|start\n|switch|p1a: Lunala|Lunala, L50, shiny|100/100\n|switch|p1b: Indeedee|Indeedee-F, L50, F|100/100\n|switch|p2a: Incineroar|Incineroar, L50, F|100/100\n|switch|p2b: Whimsicott|Whimsicott, L50, F|100/100\n|-fieldstart|move: Psychic Terrain|[from] ability: Psychic Surge|[of] p1b: Indeedee\n|-ability|p2a: Incineroar|Intimidate|boost\n|-unboost|p1a: Lunala|atk|1\n|-unboost|p1b: Indeedee|atk|1\n|turn|1\n|\n|t:|1773804189\n|move|p2b: Whimsicott|Light Screen|p2b: Whimsicott\n|-sidestart|p2: It'sJustKen VGC|move: Light Screen\n|move|p1a: Lunala|Meteor Beam||[still]\n|-prepare|p1a: Lunala|Meteor Beam\n|-boost|p1a: Lunala|spa|1\n|-enditem|p1a: Lunala|Power Herb\n|-anim|p1a: Lunala|Meteor Beam|p2a: Incineroar|[miss]\n|-miss|p1a: Lunala|p2a: Incineroar\n|move|p2a: Incineroar|U-turn|p1b: Indeedee\n|-supereffective|p1b: Indeedee\n|-damage|p1b: Indeedee|67/100\n|\n|t:|1773804193\n|switch|p2a: Miraidon|Miraidon, L50, shiny|100/100|[from] U-turn\n|-fieldstart|move: Electric Terrain|[from] ability: Hadron Engine|[of] p2a: Miraidon\n|move|p1b: Indeedee|Trick Room|p1b: Indeedee\n|-fieldstart|move: Trick Room|[of] p1b: Indeedee\n|\n|upkeep\n|turn|2\n|\n|t:|1773804202\n|switch|p1b: Ursaluna|Ursaluna, L50, F|100/100\n|move|p2b: Whimsicott|Encore|p1a: Lunala\n|-start|p1a: Lunala|Encore\n|move|p1a: Lunala|Meteor Beam||[still]\n|-prepare|p1a: Lunala|Meteor Beam\n|-boost|p1a: Lunala|spa|1\n|move|p2a: Miraidon|Draco Meteor|p1b: Ursaluna\n|-damage|p1b: Ursaluna|0 fnt\n|-unboost|p2a: Miraidon|spa|2\n|faint|p1b: Ursaluna\n|\n|upkeep\n|\n|t:|1773804207\n|switch|p1b: Indeedee|Indeedee-F, L50, F|67/100\n|-fieldstart|move: Psychic Terrain|[from] ability: Psychic Surge|[of] p1b: Indeedee\n|turn|3\n|\n|t:|1773804215\n|switch|p2a: Iron Hands|Iron Hands, L50|100/100\n|move|p1b: Indeedee|Helping Hand|p1a: Lunala\n|-singleturn|p1a: Lunala|Helping Hand|[of] p1b: Indeedee\n|move|p1a: Lunala|Meteor Beam|p2b: Whimsicott|[from] lockedmove\n|-damage|p2b: Whimsicott|0 fnt\n|faint|p2b: Whimsicott\n|\n|upkeep\n|\n|t:|1773804219\n|switch|p2b: Miraidon|Miraidon, L50, shiny|100/100\n|-fieldstart|move: Electric Terrain|[from] ability: Hadron Engine|[of] p2b: Miraidon\n|-activate|p2a: Iron Hands|ability: Quark Drive\n|-start|p2a: Iron Hands|quarkdriveatk\n|turn|4\n|\n|t:|1773804226\n|move|p1b: Indeedee|Follow Me|p1b: Indeedee\n|-singleturn|p1b: Indeedee|move: Follow Me\n|move|p2a: Iron Hands|Wild Charge|p1b: Indeedee\n|-damage|p1b: Indeedee|0 fnt\n|faint|p1b: Indeedee\n|-damage|p2a: Iron Hands|88/100|[from] Recoil\n|move|p1a: Lunala|Meteor Beam||[still]\n|-prepare|p1a: Lunala|Meteor Beam\n|-boost|p1a: Lunala|spa|1\n|move|p2b: Miraidon|Volt Switch|p1a: Lunala\n|-damage|p1a: Lunala|60/100\n|\n|t:|1773804230\n|switch|p2b: Incineroar|Incineroar, L50, F|100/100|[from] Volt Switch\n|-ability|p2b: Incineroar|Intimidate|boost\n|-unboost|p1a: Lunala|atk|1\n|\n|-end|p1a: Lunala|Encore\n|upkeep\n|\n|t:|1773804234\n|switch|p1b: Koraidon|Koraidon, L50, shiny|100/100\n|-weather|SunnyDay|[from] ability: Orichalcum Pulse|[of] p1b: Koraidon\n|-activate|p1b: Koraidon|Orichalcum Pulse|[source]\n|turn|5\n|\n|t:|1773804247\n|-terastallize|p2a: Iron Hands|Water\n|-terastallize|p1b: Koraidon|Fire\n|move|p2a: Iron Hands|Low Kick|p1b: Koraidon\n|-damage|p1b: Koraidon|16/100\n|move|p2b: Incineroar|Knock Off|p1a: Lunala\n|-supereffective|p1a: Lunala\n|-damage|p1a: Lunala|0 fnt\n|faint|p1a: Lunala\n|move|p1b: Koraidon|Flare Blitz|p2a: Iron Hands\n|-resisted|p2a: Iron Hands\n|-damage|p2a: Iron Hands|28/100\n|-status|p2a: Iron Hands|brn\n|-damage|p1b: Koraidon|0 fnt|[from] Recoil\n|faint|p1b: Koraidon\n|\n|win|It'sJustKen VGC\n|raw|terafireflareblitz's rating: 1572 &rarr; <strong>1547</strong><br />(-25 for losing)\n|raw|It&apos;sJustKen VGC's rating: 1481 &rarr; <strong>1506</strong><br />(+25 for winning)\n|l|\u2606terafireflareblitz\n|player|p1|\n","uploadtime":1773804247,"views":26,"formatid":"gen9vgc2026regi","rating":1506,"private":0,"password":null}