{"id":"gen9vgc2026regi-2564506957","format":"[Gen 9] VGC 2026 Reg I","players":["Tindall64","happidoodledoo"],"log":"|j|\u2606Tindall64\n|j|\u2606happidoodledoo\n|t:|1774154603\n|gametype|doubles\n|player|p1|Tindall64|concordia|\n|player|p2|happidoodledoo|1|\n|gen|9\n|tier|[Gen 9] VGC 2026 Reg I\n|rated|Tournament battle\n|rule|Species Clause: Limit one of each Pok\u00e9mon\n|rule|Item Clause: Limit 1 of each item\n|raw|<div class=\"infobox\"><details class=\"readmore\" open><summary><strong>3 custom rules:</strong></summary> Open Team Sheets, Force Open Team Sheets, !Open Team Sheets</details></div>\n|clearpoke\n|poke|p1|Miraidon, L50|\n|poke|p1|Heatran, L50, F|\n|poke|p1|Calyrex-Ice, L50|\n|poke|p1|Brute Bonnet, L50|\n|poke|p1|Landorus, L50, M|\n|poke|p2|Grimmsnarl, L50, M|\n|poke|p2|Zamazenta-*, L50|\n|poke|p2|Sinistcha, L50|\n|poke|p2|Landorus, L50, M|\n|poke|p2|Whimsicott, L50, F|\n|poke|p2|Lunala, L50|\n|teampreview|4\n|showteam|p1|Miraidon||ChoiceScarf|HadronEngine|ElectroDrift,DracoMeteor,VoltSwitch,Snarl||||||50|,,,,,Electric]Heatran||ElectricSeed|FlashFire|MagmaStorm,EarthPower,Substitute,Protect|||F|||50|,,,,,Bug]Calyrex-Ice||ClearAmulet|AsOneGlastrier|GlacialLance,CloseCombat,Protect,TrickRoom||||||50|,,,,,Water]Brute Bonnet||BoosterEnergy|Protosynthesis|SuckerPunch,RagePowder,Spore,SeedBomb||||||50|,,,,,Water]Landorus||LifeOrb|SheerForce|Protect,SludgeBomb,SandsearStorm,EarthPower|||M|||50|,,,,,Water\n|showteam|p2|Grimmsnarl||LightClay|Prankster|FoulPlay,LightScreen,Reflect,FakeOut|||M|||50|,,,,,Ghost]Zamazenta-Crowned||RustedShield|DauntlessShield|Protect,BodyPress,Crunch,IronDefense||||||50|,,,,,Grass]Sinistcha||EjectButton|Hospitality|RagePowder,MatchaGotcha,LifeDew,Protect||||||50|,,,,,Water]Landorus||ChoiceScarf|SheerForce|EarthPower,Crunch,StoneEdge,SandsearStorm|||M|||50|,,,,,Ground]Whimsicott||FocusSash|Prankster|Tailwind,Moonblast,Encore,Taunt|||F|||50|,,,,,Ghost]Lunala||CovertCloak|ShadowShield|CalmMind,MoongeistBeam,DazzlingGleam,Protect||||||50|,,,,,Fairy\n|\n|t:|1774154660\n|teamsize|p1|4\n|teamsize|p2|4\n|start\n|switch|p1a: Miraidon|Miraidon, L50, shiny|100/100\n|switch|p1b: Heatran|Heatran, L50, F, shiny|100/100\n|switch|p2a: rudigerrimsnarl|Grimmsnarl, L50, M|100/100\n|switch|p2b: Zamazenta|Zamazenta-Crowned, L50|100/100\n|-fieldstart|move: Electric Terrain|[from] ability: Hadron Engine|[of] p1a: Miraidon\n|-enditem|p1b: Heatran|Electric Seed\n|-boost|p1b: Heatran|def|1|[from] item: Electric Seed\n|-ability|p2b: Zamazenta|Dauntless Shield|boost\n|-boost|p2b: Zamazenta|def|1\n|turn|1\n|\n|t:|1774154692\n|-terastallize|p2b: Zamazenta|Grass\n|-terastallize|p1b: Heatran|Bug\n|move|p2a: rudigerrimsnarl|Fake Out|p1b: Heatran\n|-damage|p1b: Heatran|94/100\n|move|p1a: Miraidon|Volt Switch|p2a: rudigerrimsnarl\n|-damage|p2a: rudigerrimsnarl|44/100\n|\n|t:|1774154699\n|switch|p1a: Landorus|Landorus, L50, M|100/100|[from] Volt Switch\n|move|p2b: Zamazenta|Iron Defense|p2b: Zamazenta\n|-boost|p2b: Zamazenta|def|2\n|cant|p1b: Heatran|flinch\n|\n|upkeep\n|turn|2\n|j| smartyff\n|l| smartyff\n|\n|t:|1774154744\n|move|p2a: rudigerrimsnarl|Light Screen|p2a: rudigerrimsnarl\n|-sidestart|p2: happidoodledoo|move: Light Screen\n|move|p2b: Zamazenta|Body Press|p1a: Landorus\n|-resisted|p1a: Landorus\n|-damage|p1a: Landorus|44/100\n|move|p1a: Landorus|Sludge Bomb|p2b: Zamazenta\n|-supereffective|p2b: Zamazenta\n|-damage|p2b: Zamazenta|45/100\n|move|p1b: Heatran|Magma Storm|p2b: Zamazenta\n|-supereffective|p2b: Zamazenta\n|-damage|p2b: Zamazenta|0 fnt\n|faint|p2b: Zamazenta\n|\n|upkeep\n|j| eriksp\n|j| aurora ltd\n|\n|t:|1774154753\n|switch|p2b: Lunala|Lunala, L50|100/100\n|turn|3\n|\n|t:|1774154765\n|move|p1a: Landorus|Sludge Bomb|p2a: rudigerrimsnarl\n|-supereffective|p2a: rudigerrimsnarl\n|-damage|p2a: rudigerrimsnarl|0 fnt\n|faint|p2a: rudigerrimsnarl\n|move|p2b: Lunala|Calm Mind|p2b: Lunala\n|-boost|p2b: Lunala|spa|1\n|-boost|p2b: Lunala|spd|1\n|move|p1b: Heatran|Magma Storm|p2b: Lunala|[miss]\n|-miss|p1b: Heatran|p2b: Lunala\n|\n|upkeep\n|\n|t:|1774154773\n|switch|p2a: sinistchouameni|Sinistcha, L50|100/100\n|turn|4\n|j| shoccco<3\n|\n|t:|1774154792\n|move|p1a: Landorus|Protect|p1a: Landorus\n|-singleturn|p1a: Landorus|Protect\n|move|p2a: sinistchouameni|Protect|p2a: sinistchouameni\n|-singleturn|p2a: sinistchouameni|Protect\n|move|p2b: Lunala|Calm Mind|p2b: Lunala\n|-boost|p2b: Lunala|spa|1\n|-boost|p2b: Lunala|spd|1\n|move|p1b: Heatran|Substitute|p1b: Heatran\n|-start|p1b: Heatran|Substitute\n|-damage|p1b: Heatran|69/100\n|\n|upkeep\n|turn|5\n|\n|t:|1774154816\n|move|p1a: Landorus|Sludge Bomb|p2a: sinistchouameni\n|-damage|p2a: sinistchouameni|62/100\n|move|p2b: Lunala|Dazzling Gleam|p1a: Landorus|[spread] p1a,p1b\n|-end|p1b: Heatran|Substitute\n|-damage|p1a: Landorus|0 fnt\n|faint|p1a: Landorus\n|move|p1b: Heatran|Magma Storm|p2a: sinistchouameni\n|-supereffective|p2a: sinistchouameni\n|-damage|p2a: sinistchouameni|6/100\n|-activate|p2a: sinistchouameni|move: Magma Storm|[of] p1b: Heatran\n|move|p2a: sinistchouameni|Life Dew||[still]|[spread] p2a,p2b\n|-heal|p2a: sinistchouameni|31/100\n|-fail|p2b: Lunala|heal\n|\n|-damage|p2a: sinistchouameni|18/100|[from] move: Magma Storm|[partiallytrapped]\n|-fieldend|move: Electric Terrain\n|upkeep\n|\n|t:|1774154831\n|switch|p1a: Miraidon|Miraidon, L50, shiny|100/100\n|-fieldstart|move: Electric Terrain|[from] ability: Hadron Engine|[of] p1a: Miraidon\n|turn|6\n|\n|t:|1774154847\n|move|p1a: Miraidon|Snarl|p2a: sinistchouameni|[spread] p2a\n|-miss|p1a: Miraidon|p2b: Lunala\n|-supereffective|p2a: sinistchouameni\n|-damage|p2a: sinistchouameni|0 fnt\n|faint|p2a: sinistchouameni\n|move|p2b: Lunala|Moongeist Beam|p1b: Heatran\n|-damage|p1b: Heatran|3/100\n|move|p1b: Heatran|Magma Storm|p2b: Lunala\n|-damage|p2b: Lunala|95/100\n|-activate|p2b: Lunala|move: Magma Storm|[of] p1b: Heatran\n|\n|-damage|p2b: Lunala|83/100|[from] move: Magma Storm|[partiallytrapped]\n|upkeep\n|turn|7\n|\n|t:|1774154874\n|move|p1b: Heatran|Protect|p1b: Heatran\n|-singleturn|p1b: Heatran|Protect\n|move|p1a: Miraidon|Snarl|p2b: Lunala\n|-supereffective|p2b: Lunala\n|-damage|p2b: Lunala|57/100\n|move|p2b: Lunala|Dazzling Gleam|p1a: Miraidon|[spread] p1a\n|-activate|p1b: Heatran|move: Protect\n|-supereffective|p1a: Miraidon\n|-damage|p1a: Miraidon|35/100\n|\n|-damage|p2b: Lunala|44/100|[from] move: Magma Storm|[partiallytrapped]\n|upkeep\n|turn|8\n|\n|t:|1774154885\n|move|p1a: Miraidon|Snarl|p2b: Lunala\n|-supereffective|p2b: Lunala\n|-damage|p2b: Lunala|17/100\n|move|p2b: Lunala|Dazzling Gleam|p1b: Heatran|[spread] p1a,p1b\n|-supereffective|p1a: Miraidon\n|-damage|p1a: Miraidon|0 fnt\n|-damage|p1b: Heatran|0 fnt\n|faint|p1a: Miraidon\n|faint|p1b: Heatran\n|\n|-end|p2b: Lunala|Magma Storm|[partiallytrapped]|[silent]\n|upkeep\n|\n|t:|1774154892\n|switch|p1a: Brute Bonnet|Brute Bonnet, L50|100/100\n|-enditem|p1a: Brute Bonnet|Booster Energy\n|-activate|p1a: Brute Bonnet|ability: Protosynthesis|[fromitem]\n|-start|p1a: Brute Bonnet|protosynthesisdef\n|turn|9\n|\n|t:|1774154903\n|move|p2b: Lunala|Protect|p2b: Lunala\n|-singleturn|p2b: Lunala|Protect\n|move|p1a: Brute Bonnet|Sucker Punch||[still]\n|-fail|p1a: Brute Bonnet\n|\n|-sideend|p2: happidoodledoo|move: Light Screen\n|upkeep\n|turn|10\n|\n|t:|1774154909\n|move|p1a: Brute Bonnet|Sucker Punch||[still]\n|-fail|p1a: Brute Bonnet\n|move|p2b: Lunala|Calm Mind|p2b: Lunala\n|-boost|p2b: Lunala|spa|1\n|-boost|p2b: Lunala|spd|1\n|\n|-fieldend|move: Electric Terrain\n|upkeep\n|turn|11\n|\n|t:|1774154913\n|move|p1a: Brute Bonnet|Sucker Punch||[still]\n|-fail|p1a: Brute Bonnet\n|move|p2b: Lunala|Calm Mind|p2b: Lunala\n|-boost|p2b: Lunala|spa|1\n|-boost|p2b: Lunala|spd|1\n|\n|upkeep\n|turn|12\n|\n|t:|1774154915\n|move|p2b: Lunala|Calm Mind|p2b: Lunala\n|-boost|p2b: Lunala|spa|1\n|-boost|p2b: Lunala|spd|1\n|move|p1a: Brute Bonnet|Spore|p2b: Lunala\n|-status|p2b: Lunala|slp|[from] move: Spore\n|\n|upkeep\n|turn|13\n|\n|t:|1774154921\n|cant|p2b: Lunala|slp\n|move|p1a: Brute Bonnet|Seed Bomb|p2b: Lunala\n|-damage|p2b: Lunala|0 fnt\n|faint|p2b: Lunala\n|\n|win|Tindall64\n|n|\u2606Tindall64|tindall64\n|n|\u2606happidoodledoo|happidoodledoo\n|n| eriksp|eriksp\n|n| aurora ltd|auroraltd\n|n| shoccco<3|shoccco3\n|l|\u2606happidoodledoo\n|player|p2|\n|c|\u2606Tindall64|gg\n|l| eriksp\n","uploadtime":1774154932,"views":15,"formatid":"gen9vgc2026regi","rating":null,"private":0,"password":null}