{"id":"gen9vgc2026regi-2548422494","format":"[Gen 9] VGC 2026 Reg I","players":["EllenJoe2026","epicpokegamer123"],"log":"|j|\u2606EllenJoe2026\n|j|\u2606epicpokegamer123\n|t:|1772213425\n|gametype|doubles\n|player|p1|EllenJoe2026|iono|1487\n|player|p2|epicpokegamer123|101|1423\n|gen|9\n|tier|[Gen 9] VGC 2026 Reg I\n|rated|\n|rule|Species Clause: Limit one of each Pok\u00e9mon\n|rule|Item Clause: Limit 1 of each item\n|clearpoke\n|poke|p1|Calyrex-Shadow, L50|\n|poke|p1|Zamazenta-*, L50|\n|poke|p1|Incineroar, L50, F|\n|poke|p1|Rillaboom, L50, F|\n|poke|p1|Ogerpon-Cornerstone, L50, F|\n|poke|p1|Tornadus, L50, M|\n|poke|p2|Torterra, L50, F|\n|poke|p2|Zamazenta-*, L50|\n|poke|p2|Ting-Lu, L50|\n|poke|p2|Entei, L50|\n|poke|p2|Tyranitar, L50, F|\n|poke|p2|Giratina, L50|\n|teampreview|4\n|inactive|Battle timer is ON: inactive players will automatically lose when time's up. (requested by epicpokegamer123)\n|inactive|EllenJoe2026 also wants the timer to be on.\n|inactive|EllenJoe2026 has 60 seconds left.\n|inactive|epicpokegamer123 has 60 seconds left.\n|\n|t:|1772213464\n|teamsize|p1|4\n|teamsize|p2|4\n|start\n|switch|p1a: Zamazenta|Zamazenta-Crowned, L50, shiny|100/100\n|switch|p1b: Incineroar|Incineroar, L50, F, shiny|100/100\n|switch|p2a: Teia|Entei, L50|100/100\n|switch|p2b: Zenta|Zamazenta-Crowned, L50|100/100\n|-ability|p2b: Zenta|Dauntless Shield|boost\n|-boost|p2b: Zenta|def|1\n|-ability|p1a: Zamazenta|Dauntless Shield|boost\n|-boost|p1a: Zamazenta|def|1\n|-ability|p1b: Incineroar|Intimidate|boost\n|-fail|p2a: Teia|unboost|Attack|[from] ability: Inner Focus|[of] p2a: Teia\n|-unboost|p2b: Zenta|atk|1\n|turn|1\n|inactive|EllenJoe2026 has 30 seconds left.\n|\n|t:|1772213494\n|move|p1b: Incineroar|Fake Out|p2b: Zenta\n|-resisted|p2b: Zenta\n|-damage|p2b: Zenta|98/100\n|cant|p2b: Zenta|flinch\n|move|p1a: Zamazenta|Body Press|p2a: Teia\n|-damage|p2a: Teia|38/100\n|move|p2a: Teia|Sacred Fire|p1a: Zamazenta\n|-supereffective|p1a: Zamazenta\n|-damage|p1a: Zamazenta|63/100\n|-status|p1a: Zamazenta|brn\n|\n|-damage|p1a: Zamazenta|57/100 brn|[from] brn\n|upkeep\n|turn|2\n|\n|t:|1772213514\n|switch|p1b: Calyrex|Calyrex-Shadow, L50|100/100\n|-ability|p1b: Calyrex|As One\n|-ability|p1b: Calyrex|Unnerve\n|move|p2a: Teia|Protect|p2a: Teia\n|-singleturn|p2a: Teia|Protect\n|move|p2b: Zenta|Body Press|p1b: Calyrex\n|-immune|p1b: Calyrex\n|move|p1a: Zamazenta|Body Press|p2a: Teia\n|-activate|p2a: Teia|move: Protect\n|\n|-damage|p1a: Zamazenta|51/100 brn|[from] brn\n|upkeep\n|turn|3\n|inactive|epicpokegamer123 has 30 seconds left.\n|\n|t:|1772213544\n|switch|p2a: Tara|Tyranitar, L50, F|100/100\n|-weather|Sandstorm|[from] ability: Sand Stream|[of] p2a: Tara\n|move|p1b: Calyrex|Nasty Plot|p1b: Calyrex\n|-boost|p1b: Calyrex|spa|2\n|move|p2b: Zenta|Body Press|p1a: Zamazenta\n|-supereffective|p1a: Zamazenta\n|-damage|p1a: Zamazenta|7/100 brn\n|move|p1a: Zamazenta|Body Press|p2a: Tara\n|-supereffective|p2a: Tara\n|-damage|p2a: Tara|0 fnt\n|faint|p2a: Tara\n|\n|-weather|Sandstorm|[upkeep]\n|-damage|p1b: Calyrex|95/100|[from] Sandstorm\n|-damage|p1a: Zamazenta|1/100 brn|[from] brn\n|upkeep\n|\n|t:|1772213564\n|switch|p2a: Tina|Giratina, L50|100/100\n|turn|4\n|\n|t:|1772213582\n|switch|p2b: Teia|Entei, L50|38/100\n|-terastallize|p2a: Tina|Fairy\n|move|p1b: Calyrex|Protect|p1b: Calyrex\n|-singleturn|p1b: Calyrex|Protect\n|move|p1a: Zamazenta|Body Press|p2b: Teia\n|-crit|p2b: Teia\n|-damage|p2b: Teia|0 fnt\n|faint|p2b: Teia\n|move|p2a: Tina|Shadow Ball|p1b: Calyrex\n|-activate|p1b: Calyrex|move: Protect\n|\n|-weather|Sandstorm|[upkeep]\n|-damage|p1b: Calyrex|89/100|[from] Sandstorm\n|-damage|p2a: Tina|94/100|[from] Sandstorm\n|-damage|p1a: Zamazenta|0 fnt|[from] brn\n|faint|p1a: Zamazenta\n|upkeep\n|\n|t:|1772213600\n|switch|p1a: Incineroar|Incineroar, L50, F, shiny|100/100\n|switch|p2b: Zenta|Zamazenta-Crowned, L50|98/100\n|-ability|p1a: Incineroar|Intimidate|boost\n|-unboost|p2a: Tina|atk|1\n|-unboost|p2b: Zenta|atk|1\n|turn|5\n|\n|t:|1772213613\n|move|p1a: Incineroar|Fake Out|p2a: Tina\n|-damage|p2a: Tina|87/100\n|move|p1b: Calyrex|Psychic|p2b: Zenta\n|-damage|p2b: Zenta|15/100\n|move|p2b: Zenta|Coaching|p2a: Tina\n|-boost|p2a: Tina|atk|1\n|-boost|p2a: Tina|def|1\n|cant|p2a: Tina|flinch\n|\n|-weather|Sandstorm|[upkeep]\n|-damage|p1b: Calyrex|83/100|[from] Sandstorm\n|-damage|p2a: Tina|81/100|[from] Sandstorm\n|upkeep\n|turn|6\n|\n|t:|1772213634\n|-terastallize|p1b: Calyrex|Dark\n|move|p2a: Tina|Shadow Sneak|p1b: Calyrex\n|-resisted|p1b: Calyrex\n|-damage|p1b: Calyrex|75/100\n|move|p1b: Calyrex|Psychic|p2b: Zenta\n|-damage|p2b: Zenta|0 fnt\n|faint|p2b: Zenta\n|-ability|p1b: Calyrex|Grim Neigh|boost\n|-boost|p1b: Calyrex|spa|1\n|move|p1a: Incineroar|Parting Shot|p2a: Tina\n|-unboost|p2a: Tina|atk|1\n|-unboost|p2a: Tina|spa|1\n|-message|epicpokegamer123 forfeited.\n|\n|win|EllenJoe2026\n|raw|EllenJoe2026's rating: 1487 &rarr; <strong>1503</strong><br />(+16 for winning)\n|raw|epicpokegamer123's rating: 1423 &rarr; <strong>1407</strong><br />(-16 for losing)\n|l|\u2606epicpokegamer123\n|player|p2|\n|l|\u2606EllenJoe2026\n|player|p1|\n","uploadtime":1772213813,"views":14,"formatid":"gen9vgc2026regi","rating":1407,"private":0,"password":null}