{"id":"gen9vgc2026regi-2525468716","format":"[Gen 9] VGC 2026 Reg I","players":["Skywalker012","j0l0k0"],"log":"|j|\u2606Skywalker012\n|j|\u2606j0l0k0\n|t:|1769284947\n|gametype|doubles\n|player|p1|Skywalker012|koga|1289\n|player|p2|j0l0k0|brycen|1356\n|gen|9\n|tier|[Gen 9] VGC 2026 Reg I\n|rated|\n|rule|Species Clause: Limit one of each Pok\u00e9mon\n|rule|Item Clause: Limit 1 of each item\n|clearpoke\n|poke|p1|Kyogre, L50|\n|poke|p1|Zacian-*, L50|\n|poke|p1|Landorus, L50, M|\n|poke|p1|Tornadus, L50, M|\n|poke|p1|Kingdra, L50, F|\n|poke|p1|Rillaboom, L50, M|\n|poke|p2|Calyrex-Ice, L50|\n|poke|p2|Kyogre, L50|\n|poke|p2|Indeedee-F, L50, F|\n|poke|p2|Urshifu-*, L50, F|\n|poke|p2|Amoonguss, L50, F|\n|poke|p2|Landorus, L50, M|\n|teampreview|4\n|inactive|Battle timer is ON: inactive players will automatically lose when time's up. (requested by j0l0k0)\n|inactive|Skywalker012 has 60 seconds left.\n|inactive|Skywalker012 has 30 seconds left.\n|inactive|Skywalker012 has 20 seconds left.\n|inactive|Skywalker012 has 15 seconds left.\n|\n|t:|1769285025\n|teamsize|p1|4\n|teamsize|p2|4\n|start\n|switch|p1a: Zacian|Zacian-Crowned, L50|100/100\n|switch|p1b: Tornadus|Tornadus, L50, M|100/100\n|switch|p2a: Kyogre|Kyogre, L50, shiny|100/100\n|switch|p2b: Indeedee|Indeedee-F, L50, F, shiny|100/100\n|-ability|p1a: Zacian|Intrepid Sword|boost\n|-boost|p1a: Zacian|atk|1\n|-fieldstart|move: Psychic Terrain|[from] ability: Psychic Surge|[of] p2b: Indeedee\n|-weather|RainDance|[from] ability: Drizzle|[of] p2a: Kyogre\n|turn|1\n|inactive|Skywalker012 has 30 seconds left.\n|inactive|Skywalker012 has 20 seconds left.\n|inactive|Skywalker012 has 15 seconds left.\n|inactive|Skywalker012 has 10 seconds left.\n|inactive|Skywalker012 has 5 seconds left.\n|\n|t:|1769285079\n|switch|p1b: Kingdra|Kingdra, L50, F|100/100\n|move|p2b: Indeedee|Follow Me|p2b: Indeedee\n|-singleturn|p2b: Indeedee|move: Follow Me\n|move|p1a: Zacian|Sacred Sword|p2b: Indeedee\n|-damage|p2b: Indeedee|47/100\n|move|p2a: Kyogre|Water Spout|p1a: Zacian|[spread] p1a,p1b\n|-resisted|p1b: Kingdra\n|-damage|p1a: Zacian|3/100\n|-damage|p1b: Kingdra|67/100\n|\n|-weather|RainDance|[upkeep]\n|upkeep\n|turn|2\n|inactive|j0l0k0 has 30 seconds left.\n|\n|t:|1769285111\n|move|p1a: Zacian|Protect|p1a: Zacian\n|-singleturn|p1a: Zacian|Protect\n|move|p2b: Indeedee|Follow Me|p2b: Indeedee\n|-singleturn|p2b: Indeedee|move: Follow Me\n|move|p1b: Kingdra|Draco Meteor|p2b: Indeedee\n|-damage|p2b: Indeedee|0 fnt\n|-unboost|p1b: Kingdra|spa|2\n|faint|p2b: Indeedee\n|move|p2a: Kyogre|Thunder|p1b: Kingdra\n|-damage|p1b: Kingdra|4/100\n|-status|p1b: Kingdra|par\n|\n|-weather|RainDance|[upkeep]\n|upkeep\n|\n|t:|1769285124\n|switch|p2b: Amoonguss|Amoonguss, L50, F, shiny|100/100\n|turn|3\n|inactive|j0l0k0 has 30 seconds left.\n|\n|t:|1769285152\n|move|p2b: Amoonguss|Rage Powder|p2b: Amoonguss\n|-singleturn|p2b: Amoonguss|move: Rage Powder\n|move|p1a: Zacian|Behemoth Blade|p2b: Amoonguss\n|-damage|p2b: Amoonguss|19/100\n|-damage|p1a: Zacian|0 fnt|[from] item: Rocky Helmet|[of] p2b: Amoonguss\n|faint|p1a: Zacian\n|move|p1b: Kingdra|Draco Meteor|p2b: Amoonguss\n|-damage|p2b: Amoonguss|0 fnt\n|-unboost|p1b: Kingdra|spa|2\n|faint|p2b: Amoonguss\n|move|p2a: Kyogre|Water Spout|p1b: Kingdra\n|-resisted|p1b: Kingdra\n|-damage|p1b: Kingdra|0 fnt\n|faint|p1b: Kingdra\n|\n|-weather|RainDance|[upkeep]\n|upkeep\n|\n|t:|1769285171\n|switch|p1a: Tornadus|Tornadus, L50, M|100/100\n|switch|p1b: Kyogre|Kyogre, L50|100/100\n|switch|p2b: Calyrex|Calyrex-Ice, L50|100/100\n|-ability|p2b: Calyrex|As One\n|-ability|p2b: Calyrex|Unnerve\n|turn|4\n|\n|t:|1769285187\n|move|p1b: Kyogre|Protect|p1b: Kyogre\n|-singleturn|p1b: Kyogre|Protect\n|move|p1a: Tornadus|Taunt|p2b: Calyrex\n|-activate|p2b: Calyrex|move: Psychic Terrain\n|move|p2a: Kyogre|Thunder|p1b: Kyogre\n|-activate|p1b: Kyogre|move: Protect\n|move|p2b: Calyrex|Trick Room|p2b: Calyrex\n|-fieldstart|move: Trick Room|[of] p2b: Calyrex\n|\n|-weather|RainDance|[upkeep]\n|upkeep\n|turn|5\n|\n|t:|1769285209\n|-terastallize|p1b: Kyogre|Grass\n|move|p2b: Calyrex|Glacial Lance|p1a: Tornadus|[spread] p1a,p1b\n|-supereffective|p1a: Tornadus\n|-supereffective|p1b: Kyogre\n|-enditem|p1a: Tornadus|Focus Sash\n|-damage|p1a: Tornadus|1/100\n|-damage|p1b: Kyogre|0 fnt\n|faint|p1b: Kyogre\n|-ability|p2b: Calyrex|Chilling Neigh|boost\n|-boost|p2b: Calyrex|atk|1\n|move|p2a: Kyogre|Thunder|p1a: Tornadus\n|-supereffective|p1a: Tornadus\n|-damage|p1a: Tornadus|0 fnt\n|faint|p1a: Tornadus\n|\n|win|j0l0k0\n|raw|Skywalker012's rating: 1289 &rarr; <strong>1269</strong><br />(-20 for losing)\n|raw|j0l0k0's rating: 1356 &rarr; <strong>1372</strong><br />(+16 for winning)\n|l|\u2606Skywalker012\n|player|p1|\n|l|\u2606j0l0k0\n|player|p2|\n","uploadtime":1769285383,"views":18,"formatid":"gen9vgc2026regi","rating":1269,"private":0,"password":null}