{"id":"gen9vgc2026regi-2555686148","format":"[Gen 9] VGC 2026 Reg I","players":["mgndnr","ArisHazard"],"log":"|j|\u2606mgndnr\n|j|\u2606ArisHazard\n|t:|1773118574\n|gametype|doubles\n|player|p1|mgndnr|medium|1232\n|player|p2|ArisHazard|170|1341\n|gen|9\n|tier|[Gen 9] VGC 2026 Reg I\n|rated|\n|rule|Species Clause: Limit one of each Pok\u00e9mon\n|rule|Item Clause: Limit 1 of each item\n|clearpoke\n|poke|p1|Lunala, L50|\n|poke|p1|Miraidon, L50|\n|poke|p1|Iron Hands, L50|\n|poke|p1|Moltres-Galar, L50|\n|poke|p1|Volcarona, L50, F|\n|poke|p1|Ursaluna, L50, F|\n|poke|p2|Calyrex-Ice, L50|\n|poke|p2|Urshifu-*, L50, F|\n|poke|p2|Miraidon, L50|\n|poke|p2|Tornadus, L50, M|\n|poke|p2|Sableye, L50, F|\n|poke|p2|Ting-Lu, L50|\n|teampreview|4\n|inactive|Battle timer is ON: inactive players will automatically lose when time's up. (requested by ArisHazard)\n|inactive|mgndnr has 60 seconds left.\n|\n|t:|1773118645\n|teamsize|p1|4\n|teamsize|p2|4\n|start\n|switch|p1a: Miraidon|Miraidon, L50|100/100\n|switch|p1b: Lunala|Lunala, L50, shiny|100/100\n|switch|p2a: Miraidon|Miraidon, L50|100/100\n|switch|p2b: Calyrex|Calyrex-Ice, L50|100/100\n|-ability|p2b: Calyrex|As One\n|-ability|p2b: Calyrex|Unnerve\n|-fieldstart|move: Electric Terrain|[from] ability: Hadron Engine|[of] p2a: Miraidon\n|-enditem|p1b: Lunala|Electric Seed\n|-boost|p1b: Lunala|def|1|[from] item: Electric Seed\n|-activate|p1a: Miraidon|ability: Hadron Engine\n|turn|1\n|inactive|mgndnr has 30 seconds left.\n|inactive|mgndnr has 20 seconds left.\n|inactive|mgndnr has 15 seconds left.\n|inactive|mgndnr has 10 seconds left.\n|inactive|mgndnr has 5 seconds left.\n|\n|t:|1773118695\n|-terastallize|p1a: Miraidon|Fairy\n|move|p2b: Calyrex|Protect|p2b: Calyrex\n|-singleturn|p2b: Calyrex|Protect\n|move|p1b: Lunala|Wide Guard|p1b: Lunala\n|-singleturn|p1b: Lunala|Wide Guard\n|move|p2a: Miraidon|Snarl|p1a: Miraidon|[spread] \n|-activate|p1a: Miraidon|move: Wide Guard\n|-activate|p1b: Lunala|move: Wide Guard\n|move|p1a: Miraidon|Draco Meteor|p2b: Calyrex\n|-activate|p2b: Calyrex|move: Protect\n|\n|upkeep\n|turn|2\n|inactive|mgndnr has 30 seconds left.\n|inactive|mgndnr has 20 seconds left.\n|inactive|mgndnr has 15 seconds left.\n|\n|t:|1773118739\n|-terastallize|p2a: Miraidon|Electric\n|move|p2a: Miraidon|Electro Drift|p1a: Miraidon\n|-damage|p1a: Miraidon|37/100\n|move|p1a: Miraidon|Draco Meteor|p2b: Calyrex\n|-damage|p2b: Calyrex|41/100\n|-unboost|p1a: Miraidon|spa|2\n|move|p1b: Lunala|Moonblast|p2a: Miraidon\n|-damage|p2a: Miraidon|81/100\n|-unboost|p2a: Miraidon|spa|1\n|move|p2b: Calyrex|Stomping Tantrum|p1a: Miraidon\n|-damage|p1a: Miraidon|6/100\n|\n|upkeep\n|turn|3\n|\n|t:|1773118764\n|switch|p2b: Ting-Lu|Ting-Lu, L50|100/100\n|-ability|p2b: Ting-Lu|Vessel of Ruin\n|move|p1b: Lunala|Wide Guard|p1b: Lunala\n|-singleturn|p1b: Lunala|Wide Guard\n|move|p2a: Miraidon|Volt Switch|p1a: Miraidon\n|-damage|p1a: Miraidon|0 fnt\n|faint|p1a: Miraidon\n|\n|t:|1773118774\n|switch|p2a: Sableye|Sableye, L50, F|100/100|[from] Volt Switch\n|\n|upkeep\n|\n|t:|1773118780\n|switch|p1a: Ursaluna|Ursaluna, L50, F, shiny|100/100\n|turn|4\n|\n|t:|1773118801\n|move|p1a: Ursaluna|Protect|p1a: Ursaluna\n|-singleturn|p1a: Ursaluna|Protect\n|move|p2a: Sableye|Encore|p1b: Lunala\n|-start|p1b: Lunala|Encore\n|move|p1b: Lunala|Wide Guard|p1b: Lunala\n|-singleturn|p1b: Lunala|Wide Guard\n|move|p2b: Ting-Lu|Sand Tomb|p1b: Lunala\n|-damage|p1b: Lunala|97/100\n|-activate|p1b: Lunala|move: Sand Tomb|[of] p2b: Ting-Lu\n|\n|-damage|p1b: Lunala|84/100|[from] move: Sand Tomb|[partiallytrapped]\n|-status|p1a: Ursaluna|brn|[from] item: Flame Orb\n|upkeep\n|turn|5\n|\n|t:|1773118818\n|switch|p1b: Iron Hands|Iron Hands, L50, shiny|100/100\n|-activate|p1b: Iron Hands|ability: Quark Drive\n|-start|p1b: Iron Hands|quarkdriveatk\n|move|p2a: Sableye|Encore|p1a: Ursaluna\n|-start|p1a: Ursaluna|Encore\n|move|p2b: Ting-Lu|Sand Tomb|p1a: Ursaluna\n|-damage|p1a: Ursaluna|91/100 brn\n|-activate|p1a: Ursaluna|move: Sand Tomb|[of] p2b: Ting-Lu\n|move|p1a: Ursaluna|Protect||[still]\n|-fail|p1a: Ursaluna\n|\n|-damage|p1a: Ursaluna|85/100 brn|[from] brn\n|-damage|p1a: Ursaluna|73/100 brn|[from] move: Sand Tomb|[partiallytrapped]\n|-fieldend|move: Electric Terrain\n|-end|p1b: Iron Hands|Quark Drive\n|upkeep\n|turn|6\n|\n|t:|1773118843\n|move|p2a: Sableye|Protect|p2a: Sableye\n|-singleturn|p2a: Sableye|Protect\n|move|p2b: Ting-Lu|Protect|p2b: Ting-Lu\n|-singleturn|p2b: Ting-Lu|Protect\n|move|p1a: Ursaluna|Protect|p1a: Ursaluna\n|-singleturn|p1a: Ursaluna|Protect\n|move|p1b: Iron Hands|Drain Punch|p2b: Ting-Lu\n|-activate|p2b: Ting-Lu|move: Protect\n|\n|-damage|p1a: Ursaluna|67/100 brn|[from] brn\n|-damage|p1a: Ursaluna|55/100 brn|[from] move: Sand Tomb|[partiallytrapped]\n|upkeep\n|turn|7\n|\n|t:|1773118859\n|move|p1a: Ursaluna|Protect|p1a: Ursaluna\n|-singleturn|p1a: Ursaluna|Protect\n|move|p2a: Sableye|Disable|p1b: Iron Hands\n|-start|p1b: Iron Hands|Disable|Drain Punch\n|move|p2b: Ting-Lu|Sand Tomb|p1b: Iron Hands\n|-supereffective|p1b: Iron Hands\n|-damage|p1b: Iron Hands|85/100\n|-activate|p1b: Iron Hands|move: Sand Tomb|[of] p2b: Ting-Lu\n|cant|p1b: Iron Hands|Disable|Drain Punch\n|\n|-damage|p1a: Ursaluna|49/100 brn|[from] brn\n|-damage|p1b: Iron Hands|73/100|[from] move: Sand Tomb|[partiallytrapped]\n|-damage|p1a: Ursaluna|37/100 brn|[from] move: Sand Tomb|[partiallytrapped]\n|-end|p1a: Ursaluna|Encore\n|upkeep\n|turn|8\n|-message|mgndnr forfeited.\n|\n|win|ArisHazard\n|raw|mgndnr's rating: 1232 &rarr; <strong>1215</strong><br />(-17 for losing)\n|raw|ArisHazard's rating: 1341 &rarr; <strong>1355</strong><br />(+14 for winning)\n|l|\u2606mgndnr\n|player|p1|\n|l|\u2606ArisHazard\n|player|p2|\n","uploadtime":1773119002,"views":16,"formatid":"gen9vgc2026regi","rating":1215,"private":0,"password":null}