{"id":"gen9vgc2026regi-2515376780","format":"[Gen 9] VGC 2026 Reg I","players":["siyam332211","plantscience"],"log":"|j|\u2606siyam332211\n|j|\u2606plantscience\n|t:|1767984701\n|gametype|doubles\n|player|p1|siyam332211|169|1250\n|player|p2|plantscience|101|1296\n|gen|9\n|tier|[Gen 9] VGC 2026 Reg I\n|rated|\n|rule|Species Clause: Limit one of each Pok\u00e9mon\n|rule|Item Clause: Limit 1 of each item\n|clearpoke\n|poke|p1|Ursaluna, L50, F|\n|poke|p1|Amoonguss, L50, F|\n|poke|p1|Calyrex-Ice, L50|\n|poke|p1|Bronzong, L50|\n|poke|p1|Terapagos, L50, M|\n|poke|p1|Grimmsnarl, L50, M|\n|poke|p2|Lunala, L50|\n|poke|p2|Ursaluna, L50, F|\n|poke|p2|Urshifu-*, L50, F|\n|poke|p2|Miraidon, L50|\n|poke|p2|Grimmsnarl, L50, M|\n|poke|p2|Incineroar, L50, M|\n|teampreview|4\n|inactive|Battle timer is ON: inactive players will automatically lose when time's up. (requested by siyam332211)\n|inactive|siyam332211 has 60 seconds left.\n|\n|t:|1767984737\n|teamsize|p1|4\n|teamsize|p2|4\n|start\n|switch|p1a: Bronzong|Bronzong, L50|100/100\n|switch|p1b: Grimmsnarl|Grimmsnarl, L50, M|100/100\n|switch|p2a: Urshifu|Urshifu-Rapid-Strike, L50, F|100/100\n|switch|p2b: Incineroar|Incineroar, L50, M|100/100\n|-ability|p2b: Incineroar|Intimidate|boost\n|-unboost|p1a: Bronzong|atk|1\n|-unboost|p1b: Grimmsnarl|atk|1\n|turn|1\n|inactive|siyam332211 has 30 seconds left.\n|inactive|plantscience has 30 seconds left.\n|inactive|siyam332211 has 20 seconds left.\n|inactive|siyam332211 has 15 seconds left.\n|\n|t:|1767984778\n|move|p2b: Incineroar|Fake Out|p1a: Bronzong\n|-resisted|p1a: Bronzong\n|-damage|p1a: Bronzong|97/100\n|move|p1b: Grimmsnarl|Reflect|p1b: Grimmsnarl\n|-sidestart|p1: siyam332211|Reflect\n|move|p2a: Urshifu|Surging Strikes|p1b: Grimmsnarl\n|-crit|p1b: Grimmsnarl\n|-damage|p1b: Grimmsnarl|67/100\n|-crit|p1b: Grimmsnarl\n|-damage|p1b: Grimmsnarl|38/100\n|-crit|p1b: Grimmsnarl\n|-damage|p1b: Grimmsnarl|3/100\n|-hitcount|p1b: Grimmsnarl|3\n|cant|p1a: Bronzong|flinch\n|\n|upkeep\n|turn|2\n|inactive|siyam332211 has 30 seconds left.\n|\n|t:|1767984804\n|move|p1b: Grimmsnarl|Thunder Wave|p2a: Urshifu\n|-status|p2a: Urshifu|par\n|move|p2b: Incineroar|Parting Shot|p1b: Grimmsnarl\n|-unboost|p1b: Grimmsnarl|atk|1\n|-unboost|p1b: Grimmsnarl|spa|1\n|\n|t:|1767984809\n|switch|p2b: Ursaluna|Ursaluna, L50, F|100/100|[from] Parting Shot\n|cant|p2a: Urshifu|par\n|move|p1a: Bronzong|Trick Room|p1a: Bronzong\n|-fieldstart|move: Trick Room|[of] p1a: Bronzong\n|\n|-status|p2b: Ursaluna|brn|[from] item: Flame Orb\n|upkeep\n|turn|3\n|\n|t:|1767984830\n|move|p1a: Bronzong|Protect|p1a: Bronzong\n|-singleturn|p1a: Bronzong|Protect\n|move|p1b: Grimmsnarl|Light Screen|p1b: Grimmsnarl\n|-sidestart|p1: siyam332211|move: Light Screen\n|move|p2b: Ursaluna|Facade|p1b: Grimmsnarl\n|-damage|p1b: Grimmsnarl|0 fnt\n|faint|p1b: Grimmsnarl\n|move|p2a: Urshifu|Surging Strikes|p1a: Bronzong\n|-crit|p1a: Bronzong\n|-damage|p1a: Bronzong|74/100\n|-crit|p1a: Bronzong\n|-damage|p1a: Bronzong|51/100\n|-crit|p1a: Bronzong\n|-damage|p1a: Bronzong|28/100\n|-hitcount|p1a: Bronzong|3\n|\n|-damage|p2b: Ursaluna|95/100 brn|[from] brn\n|upkeep\n|\n|t:|1767984843\n|switch|p1b: Calyrex|Calyrex-Ice, L50|100/100\n|-ability|p1b: Calyrex|As One\n|-ability|p1b: Calyrex|Unnerve\n|turn|4\n|inactive|siyam332211 has 30 seconds left.\n|\n|t:|1767984870\n|switch|p1a: Ursaluna|Ursaluna, L50, F, shiny|100/100\n|switch|p2b: Incineroar|Incineroar, L50, M|100/100\n|-ability|p2b: Incineroar|Intimidate|boost\n|-unboost|p1a: Ursaluna|atk|1\n|-fail|p1b: Calyrex|unboost|[from] item: Clear Amulet|[of] p1b: Calyrex\n|move|p1b: Calyrex|Swords Dance|p1b: Calyrex\n|-boost|p1b: Calyrex|atk|2\n|move|p2a: Urshifu|Surging Strikes|p1b: Calyrex\n|-crit|p1b: Calyrex\n|-damage|p1b: Calyrex|79/100\n|-crit|p1b: Calyrex\n|-damage|p1b: Calyrex|57/100\n|-crit|p1b: Calyrex\n|-damage|p1b: Calyrex|36/100\n|-hitcount|p1b: Calyrex|3\n|\n|-status|p1a: Ursaluna|brn|[from] item: Flame Orb\n|upkeep\n|turn|5\n|inactive|siyam332211 has 30 seconds left.\n|inactive|plantscience has 30 seconds left.\n|\n|t:|1767984901\n|move|p2b: Incineroar|Fake Out|p1a: Ursaluna\n|-damage|p1a: Ursaluna|95/100 brn\n|cant|p1a: Ursaluna|flinch\n|move|p1b: Calyrex|Glacial Lance|p2b: Incineroar|[spread] p2a,p2b\n|-resisted|p2a: Urshifu\n|-resisted|p2b: Incineroar\n|-damage|p2a: Urshifu|46/100 par\n|-damage|p2b: Incineroar|56/100\n|cant|p2a: Urshifu|par\n|\n|-damage|p1a: Ursaluna|90/100 brn|[from] brn\n|upkeep\n|turn|6\n|\n|t:|1767984923\n|-terastallize|p2b: Incineroar|Bug\n|move|p1a: Ursaluna|Facade|p2b: Incineroar\n|-damage|p2b: Incineroar|0 fnt\n|-damage|p1a: Ursaluna|73/100 brn|[from] item: Rocky Helmet|[of] p2b: Incineroar\n|faint|p2b: Incineroar\n|move|p1b: Calyrex|Glacial Lance|p2a: Urshifu\n|-resisted|p2a: Urshifu\n|-damage|p2a: Urshifu|0 fnt\n|faint|p2a: Urshifu\n|-ability|p1b: Calyrex|Chilling Neigh|boost\n|-boost|p1b: Calyrex|atk|1\n|\n|-damage|p1a: Ursaluna|67/100 brn|[from] brn\n|-fieldend|move: Trick Room\n|upkeep\n|\n|t:|1767984932\n|switch|p2a: Lunala|Lunala, L50|100/100\n|switch|p2b: Ursaluna|Ursaluna, L50, F|95/100 brn\n|turn|7\n|\n|t:|1767984954\n|-terastallize|p1a: Ursaluna|Ghost\n|move|p2a: Lunala|Wide Guard|p2a: Lunala\n|-singleturn|p2a: Lunala|Wide Guard\n|move|p1a: Ursaluna|Facade|p2b: Ursaluna\n|-damage|p2b: Ursaluna|35/100 brn\n|move|p2b: Ursaluna|Earthquake|p1b: Calyrex|[spread] p1a,p1b\n|-activate|p2a: Lunala|move: Wide Guard\n|-damage|p1a: Ursaluna|35/100 brn\n|-damage|p1b: Calyrex|4/100\n|move|p1b: Calyrex|Leech Seed|p2a: Lunala\n|-start|p2a: Lunala|move: Leech Seed\n|\n|-damage|p2a: Lunala|88/100|[from] Leech Seed|[of] p1b: Calyrex\n|-heal|p1b: Calyrex|19/100|[silent]\n|-damage|p1a: Ursaluna|29/100 brn|[from] brn\n|-damage|p2b: Ursaluna|29/100 brn|[from] brn\n|upkeep\n|turn|8\n|inactive|siyam332211 has 30 seconds left.\n|inactive|plantscience has 30 seconds left.\n|\n|t:|1767984984\n|move|p1a: Ursaluna|Protect|p1a: Ursaluna\n|-singleturn|p1a: Ursaluna|Protect\n|move|p1b: Calyrex|Protect|p1b: Calyrex\n|-singleturn|p1b: Calyrex|Protect\n|move|p2a: Lunala|Moongeist Beam|p1b: Calyrex\n|-activate|p1b: Calyrex|move: Protect\n|move|p2b: Ursaluna|Headlong Rush|p1a: Ursaluna\n|-activate|p1a: Ursaluna|move: Protect\n|\n|-damage|p2a: Lunala|76/100|[from] Leech Seed|[of] p1b: Calyrex\n|-heal|p1b: Calyrex|34/100|[silent]\n|-damage|p1a: Ursaluna|23/100 brn|[from] brn\n|-damage|p2b: Ursaluna|23/100 brn|[from] brn\n|-sideend|p1: siyam332211|Reflect\n|upkeep\n|turn|9\n|inactive|siyam332211 has 30 seconds left.\n|\n|t:|1767985015\n|move|p1a: Ursaluna|Protect|p1a: Ursaluna\n|-singleturn|p1a: Ursaluna|Protect\n|move|p2a: Lunala|Moongeist Beam|p1a: Ursaluna\n|-activate|p1a: Ursaluna|move: Protect\n|move|p2b: Ursaluna|Facade|p1b: Calyrex\n|-damage|p1b: Calyrex|0 fnt\n|faint|p1b: Calyrex\n|\n|-damage|p1a: Ursaluna|17/100 brn|[from] brn\n|-damage|p2b: Ursaluna|18/100 brn|[from] brn\n|upkeep\n|\n|t:|1767985025\n|switch|p1b: Bronzong|Bronzong, L50|28/100\n|turn|10\n|inactive|siyam332211 has 30 seconds left.\n|\n|t:|1767985050\n|move|p2a: Lunala|Moongeist Beam|p1a: Ursaluna\n|-supereffective|p1a: Ursaluna\n|-damage|p1a: Ursaluna|0 fnt\n|faint|p1a: Ursaluna\n|move|p2b: Ursaluna|Facade|p1b: Bronzong\n|-resisted|p1b: Bronzong\n|-damage|p1b: Bronzong|0 fnt\n|faint|p1b: Bronzong\n|\n|win|plantscience\n|raw|siyam332211's rating: 1250 &rarr; <strong>1228</strong><br />(-22 for losing)\n|raw|plantscience's rating: 1296 &rarr; <strong>1318</strong><br />(+22 for winning)\n|l|\u2606siyam332211\n|player|p1|\n|l|\u2606plantscience\n|player|p2|\n","uploadtime":1767985289,"views":14,"formatid":"gen9vgc2026regi","rating":1228,"private":0,"password":null}