{"id":"gen9vgc2026regi-2588244040","format":"[Gen 9] VGC 2026 Reg I","players":["Ah (surskit voice)","Markingdra"],"log":"|j|\u2606Ah (surskit voice)\n|j|\u2606Markingdra\n|t:|1776617545\n|gametype|doubles\n|player|p1|Ah (surskit voice)|169|1422\n|player|p2|Markingdra|unknown|1408\n|gen|9\n|tier|[Gen 9] VGC 2026 Reg I\n|rated|\n|rule|Species Clause: Limit one of each Pok\u00e9mon\n|rule|Item Clause: Limit 1 of each item\n|clearpoke\n|poke|p1|Miraidon, L50|\n|poke|p1|Iron Bundle, L50|\n|poke|p1|Incineroar, L50, M|\n|poke|p1|Ursaluna, L50, F|\n|poke|p1|Lunala, L50|\n|poke|p1|Ogerpon-Cornerstone, L50, F|\n|poke|p2|Koraidon, L50|\n|poke|p2|Calyrex-Shadow, L50|\n|poke|p2|Incineroar, L50, F|\n|poke|p2|Brute Bonnet, L50|\n|poke|p2|Raging Bolt, L50|\n|poke|p2|Ogerpon-Cornerstone, L50, F|\n|teampreview|4\n|inactive|Battle timer is ON: inactive players will automatically lose when time's up. (requested by Markingdra)\n|\n|t:|1776617568\n|teamsize|p1|4\n|teamsize|p2|4\n|start\n|switch|p1a: Miraidon|Miraidon, L50|100/100\n|switch|p1b: Iron Bundle|Iron Bundle, L50|100/100\n|switch|p2a: Raging Bolt|Raging Bolt, L50|100/100\n|switch|p2b: Koraidon|Koraidon, L50, shiny|100/100\n|-fieldstart|move: Electric Terrain|[from] ability: Hadron Engine|[of] p1a: Miraidon\n|-activate|p1b: Iron Bundle|ability: Quark Drive\n|-start|p1b: Iron Bundle|quarkdrivespe\n|-weather|SunnyDay|[from] ability: Orichalcum Pulse|[of] p2b: Koraidon\n|-activate|p2a: Raging Bolt|ability: Protosynthesis\n|-start|p2a: Raging Bolt|protosynthesisspa\n|-activate|p2b: Koraidon|Orichalcum Pulse|[source]\n|turn|1\n|\n|t:|1776617589\n|-terastallize|p1a: Miraidon|Fairy\n|-terastallize|p2a: Raging Bolt|Electric\n|move|p2b: Koraidon|Protect|p2b: Koraidon\n|-singleturn|p2b: Koraidon|Protect\n|move|p1b: Iron Bundle|Icy Wind|p2b: Koraidon|[spread] p2a\n|-activate|p2b: Koraidon|move: Protect\n|-damage|p2a: Raging Bolt|88/100\n|-unboost|p2a: Raging Bolt|spe|1\n|move|p1a: Miraidon|Dazzling Gleam|p2a: Raging Bolt|[spread] p2a\n|-activate|p2b: Koraidon|move: Protect\n|-damage|p2a: Raging Bolt|52/100\n|move|p2a: Raging Bolt|Thunderbolt|p1b: Iron Bundle\n|-supereffective|p1b: Iron Bundle\n|-enditem|p1b: Iron Bundle|Focus Sash\n|-damage|p1b: Iron Bundle|1/100\n|\n|-weather|SunnyDay|[upkeep]\n|upkeep\n|turn|2\n|\n|t:|1776617611\n|switch|p2b: Incineroar|Incineroar, L50, F, shiny|100/100\n|-ability|p2b: Incineroar|Intimidate|boost\n|-unboost|p1a: Miraidon|atk|1\n|-unboost|p1b: Iron Bundle|atk|1\n|move|p2a: Raging Bolt|Thunderclap|p1a: Miraidon\n|-damage|p1a: Miraidon|19/100\n|move|p1b: Iron Bundle|Encore||[still]\n|-fail|p1b: Iron Bundle\n|move|p1a: Miraidon|Dazzling Gleam|p2a: Raging Bolt|[spread] p2a,p2b\n|-crit|p2a: Raging Bolt\n|-damage|p2a: Raging Bolt|0 fnt\n|-damage|p2b: Incineroar|51/100\n|faint|p2a: Raging Bolt\n|-end|p2a: Raging Bolt|Protosynthesis|[silent]\n|\n|-weather|SunnyDay|[upkeep]\n|upkeep\n|\n|t:|1776617615\n|switch|p2a: Calyrex|Calyrex-Shadow, L50|100/100\n|-ability|p2a: Calyrex|As One\n|-ability|p2a: Calyrex|Unnerve\n|turn|3\n|\n|t:|1776617627\n|switch|p1a: Ursaluna|Ursaluna, L50, F|100/100\n|move|p1b: Iron Bundle|Protect|p1b: Iron Bundle\n|-singleturn|p1b: Iron Bundle|Protect\n|move|p2b: Incineroar|Fake Out|p1b: Iron Bundle\n|-activate|p1b: Iron Bundle|move: Protect\n|move|p2a: Calyrex|Astral Barrage|p1a: Ursaluna|[spread] \n|-activate|p1b: Iron Bundle|move: Protect\n|-immune|p1a: Ursaluna\n|\n|-weather|SunnyDay|[upkeep]\n|-status|p1a: Ursaluna|brn|[from] item: Flame Orb\n|upkeep\n|turn|4\n|\n|t:|1776617649\n|move|p1b: Iron Bundle|Icy Wind|p2a: Calyrex|[spread] p2a,p2b\n|-resisted|p2b: Incineroar\n|-damage|p2a: Calyrex|78/100\n|-damage|p2b: Incineroar|42/100\n|-unboost|p2a: Calyrex|spe|1\n|-unboost|p2b: Incineroar|spe|1\n|move|p2a: Calyrex|Psychic|p1a: Ursaluna\n|-damage|p1a: Ursaluna|47/100 brn\n|move|p2b: Incineroar|Knock Off|p1a: Ursaluna\n|-damage|p1a: Ursaluna|21/100 brn\n|-enditem|p1a: Ursaluna|Flame Orb|[from] move: Knock Off|[of] p2b: Incineroar\n|move|p1a: Ursaluna|Earthquake|p2a: Calyrex|[spread] p1b,p2a,p2b\n|-supereffective|p2b: Incineroar\n|-damage|p1b: Iron Bundle|0 fnt\n|-damage|p2a: Calyrex|2/100\n|-damage|p2b: Incineroar|0 fnt\n|faint|p1b: Iron Bundle\n|-end|p1b: Iron Bundle|Quark Drive|[silent]\n|faint|p2b: Incineroar\n|\n|-weather|SunnyDay|[upkeep]\n|-damage|p1a: Ursaluna|15/100 brn|[from] brn\n|upkeep\n|\n|t:|1776617669\n|switch|p1b: Miraidon|Miraidon, L50, tera:Fairy|19/100\n|switch|p2b: Koraidon|Koraidon, L50, shiny|100/100\n|-activate|p1b: Miraidon|ability: Hadron Engine\n|-activate|p2b: Koraidon|ability: Orichalcum Pulse\n|turn|5\n|\n|t:|1776617677\n|move|p1b: Miraidon|Dazzling Gleam|p2b: Koraidon|[spread] p2a,p2b\n|-supereffective|p2b: Koraidon\n|-damage|p2a: Calyrex|0 fnt\n|-damage|p2b: Koraidon|0 fnt\n|faint|p2a: Calyrex\n|faint|p2b: Koraidon\n|\n|win|Ah (surskit voice)\n|raw|Ah (surskit voice)'s rating: 1422 &rarr; <strong>1441</strong><br />(+19 for winning)\n|raw|Markingdra's rating: 1408 &rarr; <strong>1389</strong><br />(-19 for losing)\n|l|\u2606Markingdra\n|player|p2|\n|l|\u2606Ah (surskit voice)\n|player|p1|\n","uploadtime":1776617854,"views":8,"formatid":"gen9vgc2026regi","rating":1389,"private":0,"password":null}