{"id":"gen9vgc2026regi-2536567740","format":"[Gen 9] VGC 2026 Reg I","players":["yubanmeiqin\u7802\u4e4b\u884c\u661f","adamskorch"],"log":"|j|\u2606yubanmeiqin\u7802\u4e4b\u884c\u661f\n|j|\u2606adamskorch\n|t:|1770706986\n|gametype|doubles\n|player|p1|yubanmeiqin\u7802\u4e4b\u884c\u661f|iono-masters|1337\n|player|p2|adamskorch|265|1339\n|gen|9\n|tier|[Gen 9] VGC 2026 Reg I\n|rated|\n|rule|Species Clause: Limit one of each Pok\u00e9mon\n|rule|Item Clause: Limit 1 of each item\n|clearpoke\n|poke|p1|Calyrex-Shadow, L50|\n|poke|p1|Zamazenta-*, L50|\n|poke|p1|Rillaboom, L50, F|\n|poke|p1|Clefairy, L50, M|\n|poke|p1|Tornadus, L50, M|\n|poke|p1|Smeargle, L50, M|\n|poke|p2|Calyrex-Shadow, L50|\n|poke|p2|Rillaboom, L50, M|\n|poke|p2|Incineroar, L50, F|\n|poke|p2|Koraidon, L50|\n|poke|p2|Amoonguss, L50, F|\n|poke|p2|Whimsicott, L50, F|\n|teampreview|4\n|inactive|Battle timer is ON: inactive players will automatically lose when time's up. (requested by adamskorch)\n|\n|t:|1770707026\n|teamsize|p1|4\n|teamsize|p2|4\n|start\n|switch|p1a: Tornadus|Tornadus, L50, M, shiny|100/100\n|switch|p1b: Calyrex|Calyrex-Shadow, L50|100/100\n|switch|p2a: Koraidon|Koraidon, L50|100/100\n|switch|p2b: Calyrex|Calyrex-Shadow, L50|100/100\n|-ability|p2b: Calyrex|As One\n|-ability|p2b: Calyrex|Unnerve\n|-ability|p1b: Calyrex|As One\n|-ability|p1b: Calyrex|Unnerve\n|-weather|SunnyDay|[from] ability: Orichalcum Pulse|[of] p2a: Koraidon\n|-activate|p2a: Koraidon|Orichalcum Pulse|[source]\n|turn|1\n|\n|t:|1770707048\n|-terastallize|p1b: Calyrex|Dark\n|-terastallize|p2a: Koraidon|Fire\n|move|p1a: Tornadus|Rain Dance|p1a: Tornadus\n|-weather|RainDance\n|move|p2b: Calyrex|Astral Barrage|p1a: Tornadus|[spread] p1a,p1b\n|-resisted|p1b: Calyrex\n|-damage|p1a: Tornadus|38/100\n|-damage|p1b: Calyrex|78/100\n|move|p1b: Calyrex|Astral Barrage|p2a: Koraidon|[spread] p2a,p2b\n|-supereffective|p2b: Calyrex\n|-damage|p2a: Koraidon|40/100\n|-enditem|p2b: Calyrex|Focus Sash\n|-damage|p2b: Calyrex|1/100\n|-damage|p1b: Calyrex|68/100|[from] item: Life Orb\n|move|p2a: Koraidon|Flame Charge|p1a: Tornadus\n|-crit|p1a: Tornadus\n|-damage|p1a: Tornadus|11/100\n|-boost|p2a: Koraidon|spe|1\n|\n|-weather|RainDance|[upkeep]\n|upkeep\n|turn|2\n|inactive|adamskorch has 30 seconds left.\n|\n|t:|1770707080\n|switch|p2a: Rillaboom|Rillaboom, L50, M|100/100\n|-fieldstart|move: Grassy Terrain|[from] ability: Grassy Surge|[of] p2a: Rillaboom\n|move|p2b: Calyrex|Protect|p2b: Calyrex\n|-singleturn|p2b: Calyrex|Protect\n|move|p1a: Tornadus|Tailwind|p1a: Tornadus\n|-sidestart|p1: yubanmeiqin\u7802\u4e4b\u884c\u661f|move: Tailwind\n|move|p1b: Calyrex|Astral Barrage|p2b: Calyrex|[spread] p2a\n|-activate|p2b: Calyrex|move: Protect\n|-damage|p2a: Rillaboom|52/100\n|-damage|p1b: Calyrex|59/100|[from] item: Life Orb\n|\n|-weather|RainDance|[upkeep]\n|-heal|p1b: Calyrex|65/100|[from] Grassy Terrain\n|-heal|p2b: Calyrex|7/100|[from] Grassy Terrain\n|-heal|p2a: Rillaboom|58/100|[from] Grassy Terrain\n|upkeep\n|turn|3\n|inactive|yubanmeiqin\u7802\u4e4b\u884c\u661f has 30 seconds left.\n|inactive|adamskorch has 30 seconds left.\n|\n|t:|1770707113\n|switch|p1a: Smeargle|Smeargle, L50, M, shiny|100/100\n|switch|p2b: Koraidon|Koraidon, L50, tera:Fire|40/100\n|-weather|SunnyDay|[from] ability: Orichalcum Pulse|[of] p2b: Koraidon\n|-activate|p2b: Koraidon|Orichalcum Pulse|[source]\n|move|p1b: Calyrex|Protect|p1b: Calyrex\n|-singleturn|p1b: Calyrex|Protect\n|move|p2a: Rillaboom|Fake Out|p1b: Calyrex\n|-activate|p1b: Calyrex|move: Protect\n|\n|-weather|SunnyDay|[upkeep]\n|-heal|p1b: Calyrex|70/100|[from] Grassy Terrain\n|-heal|p2b: Koraidon|46/100|[from] Grassy Terrain\n|-heal|p2a: Rillaboom|64/100|[from] Grassy Terrain\n|-ability|p1a: Smeargle|Moody|boost\n|-boost|p1a: Smeargle|spe|2\n|-unboost|p1a: Smeargle|def|1\n|upkeep\n|turn|4\n|\n|t:|1770707131\n|move|p2b: Koraidon|Protect|p2b: Koraidon\n|-singleturn|p2b: Koraidon|Protect\n|move|p1a: Smeargle|Fake Out|p2a: Rillaboom\n|-damage|p2a: Rillaboom|59/100\n|move|p1b: Calyrex|Astral Barrage|p2a: Rillaboom|[spread] p2a\n|-activate|p2b: Koraidon|move: Protect\n|-damage|p2a: Rillaboom|16/100\n|-damage|p1b: Calyrex|61/100|[from] item: Life Orb\n|cant|p2a: Rillaboom|flinch\n|\n|-weather|SunnyDay|[upkeep]\n|-heal|p1b: Calyrex|67/100|[from] Grassy Terrain\n|-heal|p2b: Koraidon|52/100|[from] Grassy Terrain\n|-heal|p2a: Rillaboom|22/100|[from] Grassy Terrain\n|-ability|p1a: Smeargle|Moody|boost\n|-boost|p1a: Smeargle|spd|2\n|-unboost|p1a: Smeargle|spe|1\n|upkeep\n|turn|5\n|j| lunala fairy ghost\n|\n|t:|1770707152\n|switch|p2b: Amoonguss|Amoonguss, L50, F|100/100\n|move|p1a: Smeargle|Follow Me|p1a: Smeargle\n|-singleturn|p1a: Smeargle|move: Follow Me\n|move|p2a: Rillaboom|Grassy Glide|p1a: Smeargle\n|-enditem|p1a: Smeargle|Focus Sash\n|-damage|p1a: Smeargle|1/100\n|move|p1b: Calyrex|Astral Barrage|p2a: Rillaboom|[spread] p2a,p2b\n|-damage|p2a: Rillaboom|0 fnt\n|-damage|p2b: Amoonguss|44/100\n|faint|p2a: Rillaboom\n|-ability|p1b: Calyrex|Grim Neigh|boost\n|-boost|p1b: Calyrex|spa|1\n|-damage|p1b: Calyrex|57/100|[from] item: Life Orb\n|\n|-weather|SunnyDay|[upkeep]\n|-heal|p1a: Smeargle|7/100|[from] Grassy Terrain\n|-heal|p1b: Calyrex|63/100|[from] Grassy Terrain\n|-heal|p2b: Amoonguss|50/100|[from] Grassy Terrain\n|-sideend|p1: yubanmeiqin\u7802\u4e4b\u884c\u661f|move: Tailwind\n|-ability|p1a: Smeargle|Moody|boost\n|-boost|p1a: Smeargle|def|2\n|-unboost|p1a: Smeargle|spd|1\n|upkeep\n|\n|t:|1770707175\n|switch|p2a: Calyrex|Calyrex-Shadow, L50|7/100\n|-ability|p2a: Calyrex|As One\n|-ability|p2a: Calyrex|Unnerve\n|turn|6\n|\n|t:|1770707188\n|move|p2a: Calyrex|Protect|p2a: Calyrex\n|-singleturn|p2a: Calyrex|Protect\n|move|p2b: Amoonguss|Protect|p2b: Amoonguss\n|-singleturn|p2b: Amoonguss|Protect\n|move|p1a: Smeargle|Spore|p2a: Calyrex\n|-activate|p2a: Calyrex|move: Protect\n|move|p1b: Calyrex|Astral Barrage|p2b: Amoonguss|[spread] \n|-activate|p2a: Calyrex|move: Protect\n|-activate|p2b: Amoonguss|move: Protect\n|\n|-weather|SunnyDay|[upkeep]\n|-heal|p2a: Calyrex|14/100|[from] Grassy Terrain\n|-heal|p1a: Smeargle|12/100|[from] Grassy Terrain\n|-heal|p1b: Calyrex|69/100|[from] Grassy Terrain\n|-heal|p2b: Amoonguss|56/100|[from] Grassy Terrain\n|-fieldend|move: Grassy Terrain\n|-ability|p1a: Smeargle|Moody|boost\n|-boost|p1a: Smeargle|spd|2\n|-unboost|p1a: Smeargle|spe|1\n|upkeep\n|turn|7\n|l| lunala fairy ghost\n|\n|t:|1770707206\n|switch|p2a: Koraidon|Koraidon, L50, tera:Fire|52/100\n|-activate|p2a: Koraidon|ability: Orichalcum Pulse\n|move|p1a: Smeargle|Wide Guard|p1a: Smeargle\n|-singleturn|p1a: Smeargle|Wide Guard\n|move|p1b: Calyrex|Astral Barrage|p2a: Koraidon|[spread] p2a,p2b\n|-damage|p2a: Koraidon|0 fnt\n|-damage|p2b: Amoonguss|0 fnt\n|faint|p2a: Koraidon\n|faint|p2b: Amoonguss\n|-ability|p1b: Calyrex|Grim Neigh|boost\n|-boost|p1b: Calyrex|spa|2\n|-damage|p1b: Calyrex|59/100|[from] item: Life Orb\n|\n|-weather|none\n|-ability|p1a: Smeargle|Moody|boost\n|-boost|p1a: Smeargle|atk|2\n|-unboost|p1a: Smeargle|spe|1\n|upkeep\n|-message|adamskorch forfeited.\n|\n|win|yubanmeiqin\u7802\u4e4b\u884c\u661f\n|raw|yubanmeiqin\u7802\u4e4b\u884c\u661f's rating: 1337 &rarr; <strong>1357</strong><br />(+20 for winning)\n|raw|adamskorch's rating: 1339 &rarr; <strong>1319</strong><br />(-20 for losing)\n|l|\u2606adamskorch\n|player|p2|\n|l|\u2606yubanmeiqin\u7802\u4e4b\u884c\u661f\n|player|p1|\n","uploadtime":1770707433,"views":14,"formatid":"gen9vgc2026regi","rating":1319,"private":0,"password":null}