{"id":"gen9vgc2026regi-2520810357","format":"[Gen 9] VGC 2026 Reg I","players":["Rikje3","j0l0k0"],"log":"|j|\u2606Rikje3\n|j|\u2606j0l0k0\n|t:|1768685392\n|gametype|doubles\n|player|p1|Rikje3|roxie|1203\n|player|p2|j0l0k0|brycen|1433\n|gen|9\n|tier|[Gen 9] VGC 2026 Reg I\n|rated|\n|rule|Species Clause: Limit one of each Pok\u00e9mon\n|rule|Item Clause: Limit 1 of each item\n|clearpoke\n|poke|p1|Koraidon, L50|\n|poke|p1|Calyrex-Shadow, L50|\n|poke|p1|Indeedee-F, L50, F|\n|poke|p1|Chi-Yu, L50|\n|poke|p1|Tropius, L50, M|\n|poke|p1|Scream Tail, L50|\n|poke|p2|Calyrex-Ice, L50|\n|poke|p2|Kyogre, L50|\n|poke|p2|Indeedee-F, L50, F|\n|poke|p2|Urshifu-*, L50, F|\n|poke|p2|Amoonguss, L50, F|\n|poke|p2|Landorus, L50, M|\n|teampreview|4\n|inactive|Battle timer is ON: inactive players will automatically lose when time's up. (requested by j0l0k0)\n|inactive|Rikje3 also wants the timer to be on.\n|inactive|Rikje3 has 60 seconds left.\n|\n|t:|1768685429\n|teamsize|p1|4\n|teamsize|p2|4\n|start\n|switch|p1a: Calyrex|Calyrex-Shadow, L50|100/100\n|switch|p1b: Indeedee|Indeedee-F, L50, F|100/100\n|switch|p2a: Indeedee|Indeedee-F, L50, F, shiny|100/100\n|switch|p2b: Calyrex|Calyrex-Ice, L50|100/100\n|-ability|p1a: Calyrex|As One\n|-ability|p1a: Calyrex|Unnerve\n|-ability|p2b: Calyrex|As One\n|-ability|p2b: Calyrex|Unnerve\n|-fieldstart|move: Psychic Terrain|[from] ability: Psychic Surge|[of] p1b: Indeedee\n|-enditem|p1b: Indeedee|Psychic Seed\n|-boost|p1b: Indeedee|spd|1|[from] item: Psychic Seed\n|turn|1\n|inactive|Rikje3 has 30 seconds left.\n|inactive|Rikje3 has 20 seconds left.\n|inactive|Rikje3 has 15 seconds left.\n|\n|t:|1768685470\n|-terastallize|p2b: Calyrex|Normal\n|move|p2a: Indeedee|Helping Hand|p2b: Calyrex\n|-singleturn|p2b: Calyrex|Helping Hand|[of] p2a: Indeedee\n|move|p1a: Calyrex|Protect|p1a: Calyrex\n|-singleturn|p1a: Calyrex|Protect\n|move|p1b: Indeedee|Imprison|p1b: Indeedee\n|-start|p1b: Indeedee|move: Imprison\n|move|p2b: Calyrex|Glacial Lance|p1b: Indeedee|[spread] p1b\n|-activate|p1a: Calyrex|move: Protect\n|-damage|p1b: Indeedee|12/100\n|\n|upkeep\n|turn|2\n|j| riyuezi\n|\n|t:|1768685492\n|move|p2a: Indeedee|Helping Hand|p2b: Calyrex\n|-singleturn|p2b: Calyrex|Helping Hand|[of] p2a: Indeedee\n|move|p1a: Calyrex|Expanding Force|p2b: Calyrex|[spread] p2a,p2b\n|-resisted|p2a: Indeedee\n|-damage|p2a: Indeedee|72/100\n|-damage|p2b: Calyrex|51/100\n|move|p1b: Indeedee|Dazzling Gleam|p2a: Indeedee|[spread] p2a,p2b\n|-damage|p2a: Indeedee|62/100\n|-damage|p2b: Calyrex|41/100\n|move|p2b: Calyrex|Glacial Lance|p1b: Indeedee|[spread] p1a,p1b\n|-enditem|p1a: Calyrex|Focus Sash\n|-damage|p1a: Calyrex|1/100\n|-damage|p1b: Indeedee|0 fnt\n|faint|p1b: Indeedee\n|-ability|p2b: Calyrex|Chilling Neigh|boost\n|-boost|p2b: Calyrex|atk|1\n|\n|upkeep\n|\n|t:|1768685510\n|switch|p1b: Koraidon|Koraidon, L50|100/100\n|-weather|SunnyDay|[from] ability: Orichalcum Pulse|[of] p1b: Koraidon\n|-activate|p1b: Koraidon|Orichalcum Pulse|[source]\n|turn|3\n|\n|t:|1768685521\n|switch|p2b: Urshifu|Urshifu, L50, F|100/100\n|move|p2a: Indeedee|Follow Me|p2a: Indeedee\n|-singleturn|p2a: Indeedee|move: Follow Me\n|move|p1a: Calyrex|Expanding Force|p2b: Urshifu|[spread] p2a\n|-immune|p2b: Urshifu\n|-resisted|p2a: Indeedee\n|-crit|p2a: Indeedee\n|-damage|p2a: Indeedee|20/100\n|move|p1b: Koraidon|Flame Charge|p2a: Indeedee\n|-damage|p2a: Indeedee|0 fnt\n|-boost|p1b: Koraidon|spe|1\n|faint|p2a: Indeedee\n|-damage|p1b: Koraidon|91/100|[from] item: Life Orb\n|\n|-weather|SunnyDay|[upkeep]\n|upkeep\n|l| riyuezi\n|\n|t:|1768685535\n|switch|p2a: Kyogre|Kyogre, L50, shiny|100/100\n|-weather|RainDance|[from] ability: Drizzle|[of] p2a: Kyogre\n|turn|4\n|inactive|Rikje3 has 30 seconds left.\n|inactive|Rikje3 has 20 seconds left.\n|inactive|Rikje3 has 15 seconds left.\n|inactive|Rikje3 has 10 seconds left.\n|\n|t:|1768685585\n|move|p1b: Koraidon|Close Combat|p2b: Urshifu\n|-supereffective|p2b: Urshifu\n|-enditem|p2b: Urshifu|Focus Sash\n|-damage|p2b: Urshifu|1/100\n|-unboost|p1b: Koraidon|def|1\n|-unboost|p1b: Koraidon|spd|1\n|-damage|p1b: Koraidon|81/100|[from] item: Life Orb\n|move|p1a: Calyrex|Astral Barrage|p2a: Kyogre|[spread] p2a,p2b\n|-resisted|p2b: Urshifu\n|-damage|p2a: Kyogre|77/100\n|-damage|p2b: Urshifu|0 fnt\n|faint|p2b: Urshifu\n|-ability|p1a: Calyrex|Grim Neigh|boost\n|-boost|p1a: Calyrex|spa|1\n|move|p2a: Kyogre|Water Spout|p1b: Koraidon|[spread] p1a,p1b\n|-resisted|p1b: Koraidon\n|-damage|p1a: Calyrex|0 fnt\n|-damage|p1b: Koraidon|15/100\n|faint|p1a: Calyrex\n|\n|-weather|RainDance|[upkeep]\n|upkeep\n|\n|t:|1768685606\n|switch|p1a: Scream Tail|Scream Tail, L50, shiny|100/100\n|switch|p2b: Calyrex|Calyrex-Ice, L50, tera:Normal|41/100\n|-ability|p2b: Calyrex|As One\n|-ability|p2b: Calyrex|Unnerve\n|-enditem|p1a: Scream Tail|Booster Energy\n|-activate|p1a: Scream Tail|ability: Protosynthesis|[fromitem]\n|-start|p1a: Scream Tail|protosynthesisspe\n|turn|5\n|inactive|Rikje3 has 30 seconds left.\n|\n|t:|1768685640\n|move|p1b: Koraidon|Close Combat|p2b: Calyrex\n|-supereffective|p2b: Calyrex\n|-damage|p2b: Calyrex|0 fnt\n|-unboost|p1b: Koraidon|def|1\n|-unboost|p1b: Koraidon|spd|1\n|faint|p2b: Calyrex\n|-damage|p1b: Koraidon|6/100|[from] item: Life Orb\n|move|p1a: Scream Tail|Disable|p2a: Kyogre\n|-start|p2a: Kyogre|Disable|Water Spout\n|move|p2a: Kyogre|Ice Beam|p1b: Koraidon\n|-supereffective|p1b: Koraidon\n|-damage|p1b: Koraidon|0 fnt\n|faint|p1b: Koraidon\n|\n|-weather|RainDance|[upkeep]\n|-fieldend|move: Psychic Terrain\n|upkeep\n|turn|6\n|\n|t:|1768685660\n|move|p1a: Scream Tail|Encore|p2a: Kyogre\n|-start|p2a: Kyogre|Encore\n|move|p2a: Kyogre|Ice Beam|p1a: Scream Tail\n|-damage|p1a: Scream Tail|72/100\n|\n|-weather|RainDance|[upkeep]\n|upkeep\n|turn|7\n|\n|t:|1768685668\n|move|p1a: Scream Tail|Disable||[still]\n|-fail|p1a: Scream Tail\n|move|p2a: Kyogre|Ice Beam|p1a: Scream Tail\n|-damage|p1a: Scream Tail|44/100\n|\n|-weather|RainDance|[upkeep]\n|upkeep\n|turn|8\n|-message|Rikje3 forfeited.\n|\n|win|j0l0k0\n|raw|Rikje3's rating: 1203 &rarr; <strong>1192</strong><br />(-11 for losing)\n|raw|j0l0k0's rating: 1433 &rarr; <strong>1441</strong><br />(+8 for winning)\n|l|\u2606Rikje3\n|player|p1|\n|l|\u2606j0l0k0\n|player|p2|\n","uploadtime":1768685815,"views":11,"formatid":"gen9vgc2026regi","rating":1192,"private":0,"password":null}