{"id":"gen9vgc2026regi-2555555671","format":"[Gen 9] VGC 2026 Reg I","players":["SnarkyShane","ScapegoatSkunk"],"log":"|j|\u2606SnarkyShane\n|j|\u2606ScapegoatSkunk\n|t:|1773102064\n|gametype|doubles\n|player|p1|SnarkyShane|gambler|1466\n|player|p2|ScapegoatSkunk|170|1329\n|gen|9\n|tier|[Gen 9] VGC 2026 Reg I\n|rated|\n|rule|Species Clause: Limit one of each Pok\u00e9mon\n|rule|Item Clause: Limit 1 of each item\n|clearpoke\n|poke|p1|Rayquaza, L50|\n|poke|p1|Calyrex-Shadow, L50|\n|poke|p1|Chien-Pao, L50|\n|poke|p1|Ting-Lu, L50|\n|poke|p1|Amoonguss, L50, M|\n|poke|p1|Avalugg-Hisui, L50, M|\n|poke|p2|Whimsicott, L50, M|\n|poke|p2|Regigigas, L50|\n|poke|p2|Weezing-Galar, L50, M|\n|poke|p2|Terapagos, L50, M|\n|poke|p2|Miraidon, L50|\n|poke|p2|Landorus-Therian, L50, M|\n|teampreview|4\n|inactive|Battle timer is ON: inactive players will automatically lose when time's up. (requested by SnarkyShane)\n|inactive|SnarkyShane has 60 seconds left.\n|\n|t:|1773102117\n|teamsize|p1|4\n|teamsize|p2|4\n|start\n|switch|p1a: FesterinEquestrian|Calyrex-Shadow, L50|100/100\n|switch|p1b: Big Gulp|Ting-Lu, L50|100/100\n|switch|p2a: Terapagos|Terapagos, L50, M|100/100\n|switch|p2b: Whimsicott|Whimsicott, L50, M|100/100\n|-activate|p2a: Terapagos|ability: Tera Shift\n|detailschange|p2a: Terapagos|Terapagos-Terastal, L50, M\n|-heal|p2a: Terapagos|100/100|[silent]\n|-ability|p1a: FesterinEquestrian|As One\n|-ability|p1a: FesterinEquestrian|Unnerve\n|-ability|p1b: Big Gulp|Vessel of Ruin\n|turn|1\n|inactive|ScapegoatSkunk has 30 seconds left.\n|inactive|ScapegoatSkunk has 20 seconds left.\n|inactive|ScapegoatSkunk has 15 seconds left.\n|inactive|ScapegoatSkunk has 10 seconds left.\n|inactive|ScapegoatSkunk has 5 seconds left.\n|\n|t:|1773102168\n|-terastallize|p2a: Terapagos|Stellar\n|detailschange|p2a: Terapagos|Terapagos-Stellar, L50, M, tera:Stellar\n|-heal|p2a: Terapagos|100/100|[silent]\n|move|p2b: Whimsicott|Tailwind|p2b: Whimsicott\n|-sidestart|p2: ScapegoatSkunk|move: Tailwind\n|move|p2a: Terapagos|Tera Starstorm|p1b: Big Gulp|[spread] p1a,p1b\n|-damage|p1a: FesterinEquestrian|51/100\n|-damage|p1b: Big Gulp|78/100\n|move|p1a: FesterinEquestrian|Psychic|p2b: Whimsicott\n|-damage|p2b: Whimsicott|45/100\n|move|p1b: Big Gulp|Ruination|p2a: Terapagos\n|-damage|p2a: Terapagos|51/100\n|\n|upkeep\n|turn|2\n|inactive|SnarkyShane has 30 seconds left.\n|inactive|SnarkyShane has 20 seconds left.\n|\n|t:|1773102206\n|move|p2b: Whimsicott|Moonblast|p1a: FesterinEquestrian\n|-damage|p1a: FesterinEquestrian|28/100\n|-unboost|p1a: FesterinEquestrian|spa|1\n|move|p2a: Terapagos|Tera Starstorm|p1b: Big Gulp|[spread] p1a,p1b\n|-damage|p1a: FesterinEquestrian|0 fnt\n|-damage|p1b: Big Gulp|56/100\n|faint|p1a: FesterinEquestrian\n|move|p1b: Big Gulp|Stomping Tantrum|p2a: Terapagos\n|-damage|p2a: Terapagos|24/100\n|\n|upkeep\n|\n|t:|1773102225\n|switch|p1a: Noodle Del Muerte|Rayquaza, L50|100/100\n|-ability|p1a: Noodle Del Muerte|Air Lock\n|turn|3\n|inactive|ScapegoatSkunk has 30 seconds left.\n|\n|t:|1773102257\n|switch|p2a: Landorus|Landorus-Therian, L50, M|100/100\n|-ability|p2a: Landorus|Intimidate|boost\n|-fail|p1a: Noodle Del Muerte|unboost|[from] item: Clear Amulet|[of] p1a: Noodle Del Muerte\n|-unboost|p1b: Big Gulp|atk|1\n|-terastallize|p1a: Noodle Del Muerte|Normal\n|move|p1a: Noodle Del Muerte|Extreme Speed|p2a: Landorus\n|-damage|p2a: Landorus|45/100\n|move|p2b: Whimsicott|Moonblast|p1a: Noodle Del Muerte\n|-damage|p1a: Noodle Del Muerte|82/100\n|move|p1b: Big Gulp|Heavy Slam|p2b: Whimsicott\n|-supereffective|p2b: Whimsicott\n|-damage|p2b: Whimsicott|0 fnt\n|faint|p2b: Whimsicott\n|\n|upkeep\n|\n|t:|1773102270\n|switch|p2b: Miraidon|Miraidon, L50|100/100\n|-fieldstart|move: Electric Terrain|[from] ability: Hadron Engine|[of] p2b: Miraidon\n|turn|4\n|\n|t:|1773102288\n|move|p1a: Noodle Del Muerte|Extreme Speed|p2a: Landorus\n|-damage|p2a: Landorus|0 fnt\n|faint|p2a: Landorus\n|move|p2b: Miraidon|Calm Mind|p2b: Miraidon\n|-boost|p2b: Miraidon|spa|1\n|-boost|p2b: Miraidon|spd|1\n|move|p1b: Big Gulp|Stomping Tantrum|p2b: Miraidon\n|-supereffective|p2b: Miraidon\n|-damage|p2b: Miraidon|60/100\n|\n|-heal|p2b: Miraidon|66/100|[from] item: Leftovers\n|-sideend|p2: ScapegoatSkunk|move: Tailwind\n|upkeep\n|\n|t:|1773102291\n|switch|p2a: Terapagos|Terapagos-Stellar, L50, M, tera:Stellar|24/100\n|turn|5\n|\n|t:|1773102308\n|move|p1a: Noodle Del Muerte|Extreme Speed|p2a: Terapagos\n|-damage|p2a: Terapagos|0 fnt\n|faint|p2a: Terapagos\n|detailschange|p2: Terapagos|Terapagos, L50, M|[silent]\n|move|p2b: Miraidon|Draco Meteor|p1b: Big Gulp\n|-damage|p1b: Big Gulp|7/100\n|-unboost|p2b: Miraidon|spa|2\n|move|p1b: Big Gulp|Stomping Tantrum|p2b: Miraidon\n|-supereffective|p2b: Miraidon\n|-damage|p2b: Miraidon|31/100\n|\n|-heal|p2b: Miraidon|37/100|[from] item: Leftovers\n|upkeep\n|turn|6\n|\n|t:|1773102324\n|switch|p1b: Victor Creed|Chien-Pao, L50|100/100\n|-ability|p1b: Victor Creed|Sword of Ruin\n|move|p1a: Noodle Del Muerte|Extreme Speed|p2b: Miraidon\n|-damage|p2b: Miraidon|0 fnt\n|faint|p2b: Miraidon\n|\n|win|SnarkyShane\n|raw|SnarkyShane's rating: 1466 &rarr; <strong>1478</strong><br />(+12 for winning)\n|raw|ScapegoatSkunk's rating: 1329 &rarr; <strong>1317</strong><br />(-12 for losing)\n|l|\u2606SnarkyShane\n|player|p1|\n|l|\u2606ScapegoatSkunk\n|player|p2|\n","uploadtime":1773102590,"views":15,"formatid":"gen9vgc2026regi","rating":1317,"private":0,"password":null}