{"id":"gen9vgc2026regi-2575907816","format":"[Gen 9] VGC 2026 Reg I","players":["thatgermankid","LabubuMechanics"],"log":"|j|\u2606thatgermankid\n|j|\u2606LabubuMechanics\n|t:|1775412026\n|gametype|doubles\n|player|p1|thatgermankid|2|1089\n|player|p2|LabubuMechanics|266|1186\n|gen|9\n|tier|[Gen 9] VGC 2026 Reg I\n|rated|\n|rule|Species Clause: Limit one of each Pok\u00e9mon\n|rule|Item Clause: Limit 1 of each item\n|clearpoke\n|poke|p1|Miraidon, L50|\n|poke|p1|Lunala, L50|\n|poke|p1|Whimsicott, L50, F|\n|poke|p1|Urshifu-*, L50, M|\n|poke|p1|Incineroar, L50, M|\n|poke|p1|Ursaluna, L50, M|\n|poke|p2|Terapagos, L50, M|\n|poke|p2|Miraidon, L50|\n|poke|p2|Urshifu-*, L50, F|\n|poke|p2|Iron Treads, L50|\n|poke|p2|Incineroar, L50, M|\n|poke|p2|Sinistcha, L50|\n|teampreview|4\n|\n|t:|1775412059\n|teamsize|p1|4\n|teamsize|p2|4\n|start\n|switch|p1a: Whimsicott|Whimsicott, L50, F|100/100\n|switch|p1b: Incineroar|Incineroar, L50, M|100/100\n|switch|p2a: Incineroar|Incineroar, L50, M|100/100\n|switch|p2b: Iron Treads|Iron Treads, L50|100/100\n|-ability|p1b: Incineroar|Intimidate|boost\n|-unboost|p2a: Incineroar|atk|1\n|-unboost|p2b: Iron Treads|atk|1\n|-ability|p2a: Incineroar|Intimidate|boost\n|-unboost|p1a: Whimsicott|atk|1\n|-unboost|p1b: Incineroar|atk|1\n|turn|1\n|\n|t:|1775412074\n|move|p2b: Iron Treads|Protect|p2b: Iron Treads\n|-singleturn|p2b: Iron Treads|Protect\n|move|p1b: Incineroar|Fake Out|p2a: Incineroar\n|-damage|p2a: Incineroar|93/100\n|move|p1a: Whimsicott|Light Screen|p1a: Whimsicott\n|-sidestart|p1: thatgermankid|move: Light Screen\n|cant|p2a: Incineroar|flinch\n|\n|upkeep\n|turn|2\n|\n|t:|1775412094\n|-end|p2b: Iron Treads|Quark Drive|[silent]\n|switch|p2b: Miraidon|Miraidon, L50, shiny|100/100\n|-fieldstart|move: Electric Terrain|[from] ability: Hadron Engine|[of] p2b: Miraidon\n|move|p1a: Whimsicott|Tailwind|p1a: Whimsicott\n|-sidestart|p1: thatgermankid|move: Tailwind\n|move|p1b: Incineroar|Flare Blitz|p2b: Miraidon\n|-resisted|p2b: Miraidon\n|-damage|p2b: Miraidon|85/100\n|-damage|p1b: Incineroar|96/100|[from] Recoil\n|move|p2a: Incineroar|Flare Blitz|p1a: Whimsicott\n|-supereffective|p1a: Whimsicott\n|-damage|p1a: Whimsicott|25/100\n|-damage|p2a: Incineroar|72/100|[from] Recoil\n|\n|upkeep\n|turn|3\n|\n|t:|1775412121\n|move|p1a: Whimsicott|Moonblast|p2b: Miraidon\n|-supereffective|p2b: Miraidon\n|-crit|p2b: Miraidon\n|-damage|p2b: Miraidon|9/100\n|-unboost|p2b: Miraidon|spa|1\n|move|p2b: Miraidon|Volt Switch|p1b: Incineroar\n|-damage|p1b: Incineroar|78/100\n|\n|t:|1775412129\n|switch|p2b: Iron Treads|Iron Treads, L50|100/100|[from] Volt Switch\n|-activate|p2b: Iron Treads|ability: Quark Drive\n|-start|p2b: Iron Treads|quarkdrivespe\n|move|p1b: Incineroar|U-turn|p2a: Incineroar\n|-crit|p2a: Incineroar\n|-damage|p2a: Incineroar|47/100\n|\n|t:|1775412139\n|switch|p1b: Ursaluna|Ursaluna, L50, M|100/100|[from] U-turn\n|move|p2a: Incineroar|U-turn|p1a: Whimsicott\n|-damage|p1a: Whimsicott|11/100\n|\n|t:|1775412145\n|switch|p2a: Terapagos|Terapagos, L50, M|100/100|[from] U-turn\n|-activate|p2a: Terapagos|ability: Tera Shift\n|detailschange|p2a: Terapagos|Terapagos-Terastal, L50, M\n|-heal|p2a: Terapagos|100/100|[silent]\n|-enditem|p2a: Terapagos|Electric Seed\n|-boost|p2a: Terapagos|def|1|[from] item: Electric Seed\n|\n|-status|p1b: Ursaluna|brn|[from] item: Flame Orb\n|upkeep\n|turn|4\n|\n|t:|1775412186\n|-terastallize|p2a: Terapagos|Stellar\n|detailschange|p2a: Terapagos|Terapagos-Stellar, L50, M, tera:Stellar\n|-heal|p2a: Terapagos|100/100|[silent]\n|-ability|p2a: Terapagos|Teraform Zero\n|-fieldend|move: Electric Terrain\n|-end|p2b: Iron Treads|Quark Drive\n|move|p2b: Iron Treads|Protect|p2b: Iron Treads\n|-singleturn|p2b: Iron Treads|Protect\n|move|p1a: Whimsicott|Moonblast|p2a: Terapagos\n|-damage|p2a: Terapagos|83/100\n|move|p1b: Ursaluna|Headlong Rush|p2b: Iron Treads\n|-activate|p2b: Iron Treads|move: Protect\n|move|p2a: Terapagos|Tera Starstorm|p1a: Whimsicott|[spread] p1a,p1b\n|-damage|p1a: Whimsicott|0 fnt\n|-damage|p1b: Ursaluna|81/100 brn\n|faint|p1a: Whimsicott\n|\n|-damage|p1b: Ursaluna|75/100 brn|[from] brn\n|upkeep\n|\n|t:|1775412199\n|switch|p1a: Incineroar|Incineroar, L50, M|78/100\n|-ability|p1a: Incineroar|Intimidate|boost\n|-unboost|p2a: Terapagos|atk|1\n|-unboost|p2b: Iron Treads|atk|1\n|turn|5\n|\n|t:|1775412208\n|-end|p2b: Iron Treads|Quark Drive|[silent]\n|switch|p2b: Incineroar|Incineroar, L50, M|47/100\n|-ability|p2b: Incineroar|Intimidate|boost\n|-unboost|p1a: Incineroar|atk|1\n|-unboost|p1b: Ursaluna|atk|1\n|move|p2a: Terapagos|Protect|p2a: Terapagos\n|-singleturn|p2a: Terapagos|Protect\n|move|p1a: Incineroar|Fake Out|p2a: Terapagos\n|-activate|p2a: Terapagos|move: Protect\n|move|p1b: Ursaluna|Headlong Rush|p2b: Incineroar\n|-supereffective|p2b: Incineroar\n|-crit|p2b: Incineroar\n|-damage|p2b: Incineroar|0 fnt\n|-unboost|p1b: Ursaluna|def|1\n|-unboost|p1b: Ursaluna|spd|1\n|faint|p2b: Incineroar\n|\n|-damage|p1b: Ursaluna|69/100 brn|[from] brn\n|-sideend|p1: thatgermankid|move: Light Screen\n|-sideend|p1: thatgermankid|move: Tailwind\n|upkeep\n|\n|t:|1775412227\n|switch|p2b: Iron Treads|Iron Treads, L50|100/100\n|turn|6\n|\n|t:|1775412245\n|move|p2b: Iron Treads|High Horsepower|p1a: Incineroar\n|-supereffective|p1a: Incineroar\n|-damage|p1a: Incineroar|0 fnt\n|faint|p1a: Incineroar\n|-damage|p2b: Iron Treads|91/100|[from] item: Life Orb\n|move|p2a: Terapagos|Tera Starstorm|p1b: Ursaluna\n|-damage|p1b: Ursaluna|7/100 brn\n|move|p1b: Ursaluna|Facade|p2a: Terapagos\n|-damage|p2a: Terapagos|57/100\n|\n|-damage|p1b: Ursaluna|0 fnt|[from] brn\n|faint|p1b: Ursaluna\n|upkeep\n|\n|t:|1775412258\n|switch|p1a: Lunala|Lunala, L50|100/100\n|turn|7\n|-message|thatgermankid forfeited.\n|\n|win|LabubuMechanics\n|raw|thatgermankid's rating: 1089 &rarr; <strong>1072</strong><br />(-17 for losing)\n|raw|LabubuMechanics's rating: 1186 &rarr; <strong>1204</strong><br />(+18 for winning)\n|l|\u2606thatgermankid\n|player|p1|\n","uploadtime":1775412264,"views":7,"formatid":"gen9vgc2026regi","rating":1072,"private":0,"password":null}