{"id":"gen9vgc2026regi-2529926846","format":"[Gen 9] VGC 2026 Reg I","players":["Janniknoa","ky123456"],"log":"|j|\u2606Janniknoa\n|j|\u2606ky123456\n|t:|1769846781\n|gametype|doubles\n|player|p1|Janniknoa|palmer|1354\n|player|p2|ky123456|cynthia-gen4|1490\n|gen|9\n|tier|[Gen 9] VGC 2026 Reg I\n|rated|\n|rule|Species Clause: Limit one of each Pok\u00e9mon\n|rule|Item Clause: Limit 1 of each item\n|clearpoke\n|poke|p1|Tornadus, L50, M|\n|poke|p1|Lunala, L50|\n|poke|p1|Rillaboom, L50, F|\n|poke|p1|Kyogre, L50|\n|poke|p1|Ursaluna, L50, F|\n|poke|p1|Zoroark-Hisui, L50, F|\n|poke|p2|Calyrex-Shadow, L50|\n|poke|p2|Zamazenta-*, L50|\n|poke|p2|Roaring Moon, L50|\n|poke|p2|Maushold, L50|\n|poke|p2|Weezing, L50, F|\n|poke|p2|Amoonguss, L50, M|\n|teampreview|4\n|inactive|Battle timer is ON: inactive players will automatically lose when time's up. (requested by Janniknoa)\n|\n|t:|1769846806\n|teamsize|p1|4\n|teamsize|p2|4\n|start\n|switch|p1a: Ursaluna|Ursaluna, L50, F|100/100\n|switch|p1b: Tornadus|Tornadus, L50, M, shiny|100/100\n|switch|p2a: Zamazenta|Zamazenta-Crowned, L50|100/100\n|switch|p2b: Roaring Moon|Roaring Moon, L50|100/100\n|-ability|p2a: Zamazenta|Dauntless Shield|boost\n|-boost|p2a: Zamazenta|def|1\n|-enditem|p2b: Roaring Moon|Booster Energy\n|-activate|p2b: Roaring Moon|ability: Protosynthesis|[fromitem]\n|-start|p2b: Roaring Moon|protosynthesisspe\n|turn|1\n|\n|t:|1769846821\n|-terastallize|p1a: Ursaluna|Ghost\n|move|p1b: Tornadus|Tailwind|p1b: Tornadus\n|-sidestart|p1: Janniknoa|move: Tailwind\n|move|p2b: Roaring Moon|Taunt|p1b: Tornadus\n|-start|p1b: Tornadus|move: Taunt\n|move|p1a: Ursaluna|Earthquake|p2b: Roaring Moon|[spread] p2a,p2b\n|-immune|p1b: Tornadus\n|-supereffective|p2a: Zamazenta\n|-damage|p2a: Zamazenta|75/100\n|-damage|p2b: Roaring Moon|52/100\n|move|p2a: Zamazenta|Body Press|p1a: Ursaluna\n|-immune|p1a: Ursaluna\n|\n|-status|p1a: Ursaluna|brn|[from] item: Flame Orb\n|upkeep\n|turn|2\n|inactive|ky123456 has 30 seconds left.\n|\n|t:|1769846854\n|move|p1b: Tornadus|Bleakwind Storm|p2b: Roaring Moon|[spread] p2b\n|-miss|p1b: Tornadus|p2a: Zamazenta\n|-damage|p2b: Roaring Moon|18/100\n|-unboost|p2b: Roaring Moon|spe|1\n|move|p1a: Ursaluna|Earthquake|p2b: Roaring Moon|[spread] p2a,p2b\n|-immune|p1b: Tornadus\n|-supereffective|p2a: Zamazenta\n|-damage|p2a: Zamazenta|35/100\n|-damage|p2b: Roaring Moon|0 fnt\n|faint|p2b: Roaring Moon\n|-end|p2b: Roaring Moon|Protosynthesis|[silent]\n|move|p2a: Zamazenta|Heavy Slam|p1a: Ursaluna\n|-damage|p1a: Ursaluna|81/100 brn\n|\n|-damage|p1a: Ursaluna|75/100 brn|[from] brn\n|upkeep\n|\n|t:|1769846869\n|switch|p2b: Calyrex|Calyrex-Shadow, L50|100/100\n|-ability|p2b: Calyrex|As One\n|-ability|p2b: Calyrex|Unnerve\n|turn|3\n|\n|t:|1769846877\n|-terastallize|p2b: Calyrex|Ghost\n|move|p2a: Zamazenta|Wide Guard|p2a: Zamazenta\n|-singleturn|p2a: Zamazenta|Wide Guard\n|move|p1b: Tornadus|Bleakwind Storm|p2b: Calyrex|[spread] \n|-activate|p2a: Zamazenta|move: Wide Guard\n|-activate|p2b: Calyrex|move: Wide Guard\n|move|p1a: Ursaluna|Earthquake|p2b: Calyrex|[spread] \n|-activate|p2a: Zamazenta|move: Wide Guard\n|-activate|p2b: Calyrex|move: Wide Guard\n|-immune|p1b: Tornadus\n|move|p2b: Calyrex|Astral Barrage|p1b: Tornadus|[spread] p1a,p1b\n|-supereffective|p1a: Ursaluna\n|-damage|p1a: Ursaluna|0 fnt\n|-damage|p1b: Tornadus|0 fnt\n|faint|p1a: Ursaluna\n|faint|p1b: Tornadus\n|-ability|p2b: Calyrex|Grim Neigh|boost\n|-boost|p2b: Calyrex|spa|2\n|\n|upkeep\n|\n|t:|1769846885\n|switch|p1b: Kyogre|Kyogre, L50|100/100\n|switch|p1a: Lunala|Lunala, L50, shiny|100/100\n|-weather|RainDance|[from] ability: Drizzle|[of] p1b: Kyogre\n|turn|4\n|\n|t:|1769846904\n|move|p2a: Zamazenta|Wide Guard|p2a: Zamazenta\n|-singleturn|p2a: Zamazenta|Wide Guard\n|move|p1a: Lunala|Moongeist Beam|p2b: Calyrex\n|-supereffective|p2b: Calyrex\n|-damage|p2b: Calyrex|0 fnt\n|faint|p2b: Calyrex\n|move|p1b: Kyogre|Ice Beam|p2a: Zamazenta\n|-resisted|p2a: Zamazenta\n|-damage|p2a: Zamazenta|21/100\n|-status|p2a: Zamazenta|frz\n|\n|-weather|RainDance|[upkeep]\n|-sideend|p1: Janniknoa|move: Tailwind\n|upkeep\n|\n|t:|1769846910\n|switch|p2b: Maushold|Maushold, L50|100/100\n|turn|5\n|\n|t:|1769846924\n|move|p2b: Maushold|Follow Me|p2b: Maushold\n|-singleturn|p2b: Maushold|move: Follow Me\n|cant|p2a: Zamazenta|frz\n|move|p1a: Lunala|Moongeist Beam|p2b: Maushold\n|-immune|p2b: Maushold\n|move|p1b: Kyogre|Water Spout|p2b: Maushold|[spread] p2a,p2b\n|-damage|p2a: Zamazenta|0 fnt\n|-damage|p2b: Maushold|0 fnt\n|faint|p2a: Zamazenta\n|faint|p2b: Maushold\n|\n|win|Janniknoa\n|raw|Janniknoa's rating: 1354 &rarr; <strong>1381</strong><br />(+27 for winning)\n|raw|ky123456's rating: 1490 &rarr; <strong>1463</strong><br />(-27 for losing)\n|l|\u2606ky123456\n|player|p2|\n|l|\u2606Janniknoa\n|player|p1|\n","uploadtime":1769847170,"views":20,"formatid":"gen9vgc2026regi","rating":1381,"private":0,"password":null}