{"id":"gen9vgc2026regi-2567991542","format":"[Gen 9] VGC 2026 Reg I","players":["hfyssgtslaaa","Ninjakirby7"],"log":"|j|\u2606hfyssgtslaaa\n|j|\u2606Ninjakirby7\n|t:|1774539248\n|gametype|doubles\n|player|p1|hfyssgtslaaa|may-masters2|1336\n|player|p2|Ninjakirby7|101|1268\n|gen|9\n|tier|[Gen 9] VGC 2026 Reg I\n|rated|\n|rule|Species Clause: Limit one of each Pok\u00e9mon\n|rule|Item Clause: Limit 1 of each item\n|clearpoke\n|poke|p1|Raging Bolt, L50|\n|poke|p1|Chien-Pao, L50|\n|poke|p1|Calyrex-Shadow, L50|\n|poke|p1|Rillaboom, L50, M|\n|poke|p1|Amoonguss, L50, M|\n|poke|p1|Zamazenta-*, L50|\n|poke|p2|Calyrex-Shadow, L50|\n|poke|p2|Zamazenta-*, L50|\n|poke|p2|Urshifu-*, L50, F|\n|poke|p2|Chi-Yu, L50|\n|poke|p2|Whimsicott, L50, F|\n|poke|p2|Rillaboom, L50, M|\n|teampreview|4\n|inactive|Battle timer is ON: inactive players will automatically lose when time's up. (requested by hfyssgtslaaa)\nNinjakirby7 has agreed to open team sheets.\n|inactive|hfyssgtslaaa has 60 seconds left.\n|\n|t:|1774539290\n|teamsize|p1|4\n|teamsize|p2|4\n|start\n|switch|p1a: Calyrex|Calyrex-Shadow, L50|100/100\n|switch|p1b: Zamazenta|Zamazenta-Crowned, L50|100/100\n|switch|p2a: Whimsicott|Whimsicott, L50, F, shiny|100/100\n|switch|p2b: Chi-Yu|Chi-Yu, L50|100/100\n|-ability|p1a: Calyrex|As One\n|-ability|p1a: Calyrex|Unnerve\n|-ability|p2b: Chi-Yu|Beads of Ruin\n|-ability|p1b: Zamazenta|Dauntless Shield|boost\n|-boost|p1b: Zamazenta|def|1\n|turn|1\n|inactive|Ninjakirby7 has 30 seconds left.\n|\n|t:|1774539317\n|-terastallize|p1b: Zamazenta|Water\n|move|p1a: Calyrex|Protect|p1a: Calyrex\n|-singleturn|p1a: Calyrex|Protect\n|move|p2a: Whimsicott|Tailwind|p2a: Whimsicott\n|-sidestart|p2: Ninjakirby7|move: Tailwind\n|move|p2b: Chi-Yu|Overheat|p1b: Zamazenta\n|-resisted|p1b: Zamazenta\n|-damage|p1b: Zamazenta|66/100\n|-unboost|p2b: Chi-Yu|spa|2\n|move|p1b: Zamazenta|Body Press|p2b: Chi-Yu\n|-supereffective|p2b: Chi-Yu\n|-damage|p2b: Chi-Yu|0 fnt\n|faint|p2b: Chi-Yu\n|\n|upkeep\n|\n|t:|1774539322\n|switch|p2b: Rillaboom|Rillaboom, L50, M|100/100\n|-fieldstart|move: Grassy Terrain|[from] ability: Grassy Surge|[of] p2b: Rillaboom\n|turn|2\n|\n|t:|1774539343\n|switch|p1a: Amoonguss|Amoonguss, L50, M|100/100\n|switch|p1b: Raging Bolt|Raging Bolt, L50|100/100\n|move|p2a: Whimsicott|Moonblast|p1b: Raging Bolt\n|-supereffective|p1b: Raging Bolt\n|-damage|p1b: Raging Bolt|44/100\n|-unboost|p1b: Raging Bolt|spa|1\n|move|p2b: Rillaboom|Wood Hammer|p1b: Raging Bolt\n|-resisted|p1b: Raging Bolt\n|-damage|p1b: Raging Bolt|14/100\n|-damage|p2b: Rillaboom|90/100|[from] Recoil\n|\n|-heal|p2b: Rillaboom|96/100|[from] Grassy Terrain\n|-heal|p1b: Raging Bolt|20/100|[from] Grassy Terrain\n|upkeep\n|turn|3\n|\n|t:|1774539367\n|move|p1b: Raging Bolt|Protect|p1b: Raging Bolt\n|-singleturn|p1b: Raging Bolt|Protect\n|move|p2a: Whimsicott|Moonblast|p1b: Raging Bolt\n|-activate|p1b: Raging Bolt|move: Protect\n|move|p2b: Rillaboom|U-turn|p1a: Amoonguss\n|-damage|p1a: Amoonguss|83/100\n|-damage|p2b: Rillaboom|79/100|[from] item: Rocky Helmet|[of] p1a: Amoonguss\n|\n|t:|1774539375\n|switch|p2b: Calyrex|Calyrex-Shadow, L50|100/100|[from] U-turn\n|-ability|p2b: Calyrex|As One\n|-ability|p2b: Calyrex|Unnerve\n|move|p1a: Amoonguss|Pollen Puff|p2b: Calyrex\n|-damage|p2b: Calyrex|80/100\n|\n|-heal|p2b: Calyrex|86/100|[from] Grassy Terrain\n|-heal|p1b: Raging Bolt|27/100|[from] Grassy Terrain\n|-heal|p1a: Amoonguss|89/100|[from] Grassy Terrain\n|upkeep\n|turn|4\n|\n|t:|1774539388\n|move|p1a: Amoonguss|Protect|p1a: Amoonguss\n|-singleturn|p1a: Amoonguss|Protect\n|move|p2a: Whimsicott|Fake Tears|p1a: Amoonguss\n|-activate|p1a: Amoonguss|move: Protect\n|move|p1b: Raging Bolt|Thunderclap|p2b: Calyrex\n|-damage|p2b: Calyrex|51/100\n|move|p2b: Calyrex|Astral Barrage|p1b: Raging Bolt|[spread] p1b\n|-activate|p1a: Amoonguss|move: Protect\n|-damage|p1b: Raging Bolt|0 fnt\n|faint|p1b: Raging Bolt\n|-end|p1b: Raging Bolt|Protosynthesis|[silent]\n|-ability|p2b: Calyrex|Grim Neigh|boost\n|-boost|p2b: Calyrex|spa|1\n|-damage|p2b: Calyrex|42/100|[from] item: Life Orb\n|\n|-heal|p2b: Calyrex|47/100|[from] Grassy Terrain\n|-heal|p1a: Amoonguss|95/100|[from] Grassy Terrain\n|-sideend|p2: Ninjakirby7|move: Tailwind\n|upkeep\n|\n|t:|1774539406\n|switch|p1b: Calyrex|Calyrex-Shadow, L50|100/100\n|-ability|p1b: Calyrex|As One\n|-ability|p1b: Calyrex|Unnerve\n|turn|5\n|\n|t:|1774539428\n|switch|p1b: Zamazenta|Zamazenta-Crowned, L50, tera:Water|66/100\n|move|p2b: Calyrex|Protect|p2b: Calyrex\n|-singleturn|p2b: Calyrex|Protect\n|move|p1a: Amoonguss|Protect||[still]\n|-fail|p1a: Amoonguss\n|move|p2a: Whimsicott|Tailwind|p2a: Whimsicott\n|-sidestart|p2: Ninjakirby7|move: Tailwind\n|\n|-heal|p2b: Calyrex|53/100|[from] Grassy Terrain\n|-heal|p1b: Zamazenta|72/100|[from] Grassy Terrain\n|-heal|p1a: Amoonguss|100/100|[from] Grassy Terrain\n|upkeep\n|turn|6\n|\n|t:|1774539447\n|move|p1a: Amoonguss|Protect|p1a: Amoonguss\n|-singleturn|p1a: Amoonguss|Protect\n|move|p2a: Whimsicott|Fake Tears|p1b: Zamazenta\n|-unboost|p1b: Zamazenta|spd|2\n|move|p2b: Calyrex|Psychic|p1a: Amoonguss\n|-activate|p1a: Amoonguss|move: Protect\n|move|p1b: Zamazenta|Behemoth Bash|p2a: Whimsicott\n|-supereffective|p2a: Whimsicott\n|-enditem|p2a: Whimsicott|Focus Sash\n|-damage|p2a: Whimsicott|1/100\n|\n|-heal|p2b: Calyrex|59/100|[from] Grassy Terrain\n|-heal|p2a: Whimsicott|7/100|[from] Grassy Terrain\n|-heal|p1b: Zamazenta|78/100|[from] Grassy Terrain\n|-fieldend|move: Grassy Terrain\n|upkeep\n|turn|7\n|\n|t:|1774539465\n|switch|p1a: Calyrex|Calyrex-Shadow, L50|100/100\n|-ability|p1a: Calyrex|As One\n|-ability|p1a: Calyrex|Unnerve\n|move|p1b: Zamazenta|Protect|p1b: Zamazenta\n|-singleturn|p1b: Zamazenta|Protect\n|move|p2a: Whimsicott|Fake Tears|p1a: Calyrex\n|-unboost|p1a: Calyrex|spd|2\n|move|p2b: Calyrex|Astral Barrage|p1b: Zamazenta|[spread] p1a\n|-activate|p1b: Zamazenta|move: Protect\n|-supereffective|p1a: Calyrex\n|-enditem|p1a: Calyrex|Focus Sash\n|-damage|p1a: Calyrex|1/100\n|-damage|p2b: Calyrex|49/100|[from] item: Life Orb\n|\n|upkeep\n|turn|8\n|inactive|hfyssgtslaaa has 30 seconds left.\n|\n|t:|1774539498\n|move|p1b: Zamazenta|Wide Guard|p1b: Zamazenta\n|-singleturn|p1b: Zamazenta|Wide Guard\n|move|p2b: Calyrex|Psychic|p1b: Zamazenta\n|-damage|p1b: Zamazenta|0 fnt\n|faint|p1b: Zamazenta\n|-ability|p2b: Calyrex|Grim Neigh|boost\n|-boost|p2b: Calyrex|spa|1\n|-damage|p2b: Calyrex|39/100|[from] item: Life Orb\n|move|p2a: Whimsicott|Moonblast|p1a: Calyrex\n|-damage|p1a: Calyrex|0 fnt\n|faint|p1a: Calyrex\n|\n|-sideend|p2: Ninjakirby7|move: Tailwind\n|upkeep\n|-message|hfyssgtslaaa forfeited.\n|\n|win|Ninjakirby7\n|raw|hfyssgtslaaa's rating: 1336 &rarr; <strong>1312</strong><br />(-24 for losing)\n|raw|Ninjakirby7's rating: 1268 &rarr; <strong>1298</strong><br />(+30 for winning)\n|l|\u2606hfyssgtslaaa\n|player|p1|\n","uploadtime":1774539519,"views":29,"formatid":"gen9vgc2026regi","rating":1298,"private":0,"password":null}