{"id":"gen9vgc2026regi-2558774497","format":"[Gen 9] VGC 2026 Reg I","players":["Jonen","johnkneebravo"],"log":"|j|\u2606Jonen\n|j|\u2606johnkneebravo\n|t:|1773480197\n|gametype|doubles\n|player|p1|Jonen|medium|1048\n|player|p2|johnkneebravo|clerk|1000\n|gen|9\n|tier|[Gen 9] VGC 2026 Reg I\n|rated|\n|rule|Species Clause: Limit one of each Pok\u00e9mon\n|rule|Item Clause: Limit 1 of each item\n|clearpoke\n|poke|p1|Groudon, L50|\n|poke|p1|Lunala, L50|\n|poke|p1|Sableye, L50, F|\n|poke|p1|Chi-Yu, L50|\n|poke|p1|Rillaboom, L50, M|\n|poke|p1|Jumpluff, L50, M|\n|poke|p2|Rotom-Wash, L50|\n|poke|p2|Scizor, L50, M|\n|poke|p2|Mimikyu, L50, M|\n|poke|p2|Swampert, L50, F|\n|poke|p2|Primarina, L50, M|\n|poke|p2|Ursaluna, L50, F|\n|teampreview|4\n|inactive|Battle timer is ON: inactive players will automatically lose when time's up. (requested by johnkneebravo)\n|\n|t:|1773480227\n|teamsize|p1|4\n|teamsize|p2|4\n|start\n|switch|p1a: Lunala|Lunala, L50|100/100\n|switch|p1b: Sableye|Sableye, L50, F|100/100\n|switch|p2a: Peek-a-boo|Mimikyu, L50, M|100/100\n|switch|p2b: Bucciarati|Swampert, L50, F|100/100\n|turn|1\n|inactive|johnkneebravo has 30 seconds left.\n|\n|t:|1773480257\n|move|p2a: Peek-a-boo|Shadow Sneak|p1a: Lunala\n|-supereffective|p1a: Lunala\n|-crit|p1a: Lunala\n|-damage|p1a: Lunala|58/100\n|move|p1b: Sableye|Gravity|p1b: Sableye\n|-fieldstart|move: Gravity\n|move|p1a: Lunala|Hypnosis|p2a: Peek-a-boo\n|-status|p2a: Peek-a-boo|slp|[from] move: Hypnosis\n|-enditem|p2a: Peek-a-boo|Chesto Berry|[eat]\n|-curestatus|p2a: Peek-a-boo|slp|[msg]\n|move|p2b: Bucciarati|Liquidation|p1a: Lunala\n|-damage|p1a: Lunala|30/100\n|\n|upkeep\n|turn|2\n|inactive|Jonen has 30 seconds left.\n|inactive|johnkneebravo has 30 seconds left.\n|inactive|Jonen has 20 seconds left.\n|\n|t:|1773480295\n|move|p1a: Lunala|Protect|p1a: Lunala\n|-singleturn|p1a: Lunala|Protect\n|move|p2a: Peek-a-boo|Shadow Sneak|p1a: Lunala\n|-activate|p1a: Lunala|move: Protect\n|move|p1b: Sableye|Foul Play|p2a: Peek-a-boo\n|-activate|p2a: Peek-a-boo|ability: Disguise\n|-damage|p2a: Peek-a-boo|100/100\n|detailschange|p2a: Peek-a-boo|Mimikyu-Busted, L50, M\n|-damage|p2a: Peek-a-boo|88/100|[from] pokemon: Mimikyu-Busted\n|move|p2b: Bucciarati|Ice Punch|p1b: Sableye\n|-damage|p1b: Sableye|82/100\n|\n|upkeep\n|turn|3\n|\n|t:|1773480315\n|switch|p1b: Groudon|Groudon, L50|100/100\n|-weather|SunnyDay|[from] ability: Drought|[of] p1b: Groudon\n|-terastallize|p1a: Lunala|Fairy\n|move|p2a: Peek-a-boo|Shadow Sneak|p1a: Lunala\n|-damage|p1a: Lunala|16/100\n|move|p1a: Lunala|Hypnosis|p2a: Peek-a-boo\n|-status|p2a: Peek-a-boo|slp|[from] move: Hypnosis\n|move|p2b: Bucciarati|High Horsepower|p1a: Lunala\n|-crit|p1a: Lunala\n|-damage|p1a: Lunala|0 fnt\n|faint|p1a: Lunala\n|\n|-weather|SunnyDay|[upkeep]\n|upkeep\n|\n|t:|1773480326\n|switch|p1a: Rillaboom|Rillaboom, L50, M|100/100\n|-fieldstart|move: Grassy Terrain|[from] ability: Grassy Surge|[of] p1a: Rillaboom\n|turn|4\n|inactive|johnkneebravo has 30 seconds left.\n|\n|t:|1773480352\n|switch|p2b: Guren Mk-II|Scizor, L50, M|100/100\n|cant|p2a: Peek-a-boo|slp\n|move|p1b: Groudon|Precipice Blades|p2b: Guren Mk-II|[spread] p2a,p2b\n|-damage|p2a: Peek-a-boo|0 fnt\n|-damage|p2b: Guren Mk-II|22/100\n|faint|p2a: Peek-a-boo\n|move|p1a: Rillaboom|Wood Hammer|p2b: Guren Mk-II\n|-resisted|p2b: Guren Mk-II\n|-damage|p2b: Guren Mk-II|5/100\n|-damage|p1a: Rillaboom|96/100|[from] Recoil\n|\n|-weather|SunnyDay|[upkeep]\n|-heal|p1a: Rillaboom|100/100|[from] Grassy Terrain\n|-heal|p2b: Guren Mk-II|10/100|[from] Grassy Terrain\n|upkeep\n|\n|t:|1773480368\n|switch|p2a: Bucciarati|Swampert, L50, F|100/100\n|turn|5\n|inactive|johnkneebravo has 30 seconds left.\n|\n|t:|1773480396\n|switch|p1a: Sableye|Sableye, L50, F|82/100\n|-terastallize|p2a: Bucciarati|Steel\n|move|p2a: Bucciarati|Wide Guard|p2a: Bucciarati\n|-singleturn|p2a: Bucciarati|Wide Guard\n|move|p1b: Groudon|Precipice Blades|p2b: Guren Mk-II|[spread] \n|-activate|p2a: Bucciarati|move: Wide Guard\n|-activate|p2b: Guren Mk-II|move: Wide Guard\n|move|p2b: Guren Mk-II|Trailblaze|p1b: Groudon\n|-supereffective|p1b: Groudon\n|-damage|p1b: Groudon|44/100\n|-boost|p2b: Guren Mk-II|spe|1\n|\n|-weather|SunnyDay|[upkeep]\n|-heal|p1b: Groudon|50/100|[from] Grassy Terrain\n|-heal|p2b: Guren Mk-II|16/100|[from] Grassy Terrain\n|-heal|p1a: Sableye|88/100|[from] Grassy Terrain\n|-fieldend|move: Gravity\n|upkeep\n|turn|6\n|\n|t:|1773480415\n|switch|p1b: Rillaboom|Rillaboom, L50, M|100/100\n|move|p2a: Bucciarati|Wide Guard|p2a: Bucciarati\n|-singleturn|p2a: Bucciarati|Wide Guard\n|move|p2b: Guren Mk-II|Trailblaze|p1b: Rillaboom\n|-resisted|p1b: Rillaboom\n|-damage|p1b: Rillaboom|84/100\n|-boost|p2b: Guren Mk-II|spe|1\n|move|p1a: Sableye|Foul Play|p2b: Guren Mk-II\n|-damage|p2b: Guren Mk-II|0 fnt\n|faint|p2b: Guren Mk-II\n|\n|-weather|SunnyDay|[upkeep]\n|-heal|p1b: Rillaboom|90/100|[from] Grassy Terrain\n|-heal|p1a: Sableye|93/100|[from] Grassy Terrain\n|upkeep\n|\n|t:|1773480429\n|switch|p2b: Mother|Ursaluna, L50, F, shiny|100/100\n|turn|7\n|\n|t:|1773480452\n|move|p2b: Mother|Protect|p2b: Mother\n|-singleturn|p2b: Mother|Protect\n|move|p1a: Sableye|Gravity|p1a: Sableye\n|-fieldstart|move: Gravity\n|move|p1b: Rillaboom|Wood Hammer|p2b: Mother\n|-activate|p2b: Mother|move: Protect\n|move|p2a: Bucciarati|Ice Punch|p1b: Rillaboom\n|-supereffective|p1b: Rillaboom\n|-damage|p1b: Rillaboom|50/100\n|\n|-weather|none\n|-heal|p1b: Rillaboom|56/100|[from] Grassy Terrain\n|-heal|p1a: Sableye|99/100|[from] Grassy Terrain\n|-status|p2b: Mother|brn|[from] item: Flame Orb\n|upkeep\n|turn|8\n|\n|t:|1773480473\n|switch|p1a: Groudon|Groudon, L50|50/100\n|-weather|SunnyDay|[from] ability: Drought|[of] p1a: Groudon\n|move|p1b: Rillaboom|Wood Hammer|p2b: Mother\n|-supereffective|p2b: Mother\n|-damage|p2b: Mother|0 fnt\n|faint|p2b: Mother\n|-damage|p1b: Rillaboom|17/100|[from] Recoil\n|move|p2a: Bucciarati|Ice Punch|p1b: Rillaboom\n|-supereffective|p1b: Rillaboom\n|-damage|p1b: Rillaboom|0 fnt\n|faint|p1b: Rillaboom\n|\n|-weather|SunnyDay|[upkeep]\n|-heal|p1a: Groudon|56/100|[from] Grassy Terrain\n|-fieldend|move: Grassy Terrain\n|upkeep\n|\n|t:|1773480480\n|switch|p1b: Sableye|Sableye, L50, F|99/100\n|turn|9\n|\n|t:|1773480491\n|move|p2a: Bucciarati|Wide Guard|p2a: Bucciarati\n|-singleturn|p2a: Bucciarati|Wide Guard\n|move|p1b: Sableye|Skill Swap|p2a: Bucciarati\n|-activate|p1b: Sableye|Skill Swap|Torrent|Prankster|[of] p2a: Bucciarati\n|move|p1a: Groudon|High Horsepower|p2a: Bucciarati\n|-supereffective|p2a: Bucciarati\n|-damage|p2a: Bucciarati|0 fnt\n|faint|p2a: Bucciarati\n|\n|win|Jonen\n|raw|Jonen's rating: 1048 &rarr; <strong>1076</strong><br />(+28 for winning)\n|raw|johnkneebravo's rating: 1000 &rarr; <strong>1000</strong><br />(+0 for losing)\n","uploadtime":1773480491,"views":11,"formatid":"gen9vgc2026regi","rating":1000,"private":0,"password":null}