{"id":"gen9vgc2026regi-2552499991","format":"[Gen 9] VGC 2026 Reg I","players":["Artic2","CHR1SPHX"],"log":"|j|\u2606Artic2\n|j|\u2606CHR1SPHX\n|t:|1772727343\n|gametype|doubles\n|player|p1|Artic2|whitney|1118\n|player|p2|CHR1SPHX|hilbert|1242\n|gen|9\n|tier|[Gen 9] VGC 2026 Reg I\n|rated|\n|rule|Species Clause: Limit one of each Pok\u00e9mon\n|rule|Item Clause: Limit 1 of each item\n|clearpoke\n|poke|p1|Indeedee-F, L50, F|\n|poke|p1|Porygon2, L50|\n|poke|p1|Calyrex-Ice, L50|\n|poke|p1|Roaring Moon, L50|\n|poke|p1|Torkoal, L50, M|\n|poke|p1|Necrozma-Dusk-Mane, L50|\n|poke|p2|Lunala, L50|\n|poke|p2|Amoonguss, L50, M|\n|poke|p2|Ursaluna-Bloodmoon, L50, M|\n|poke|p2|Incineroar, L50, M|\n|poke|p2|Koraidon, L50|\n|poke|p2|Flutter Mane, L50|\n|teampreview|4\n|inactive|Battle timer is ON: inactive players will automatically lose when time's up. (requested by CHR1SPHX)\n|inactive|CHR1SPHX has 60 seconds left.\n|\n|t:|1772727376\n|teamsize|p1|4\n|teamsize|p2|4\n|start\n|switch|p1a: Necrozma|Necrozma-Dusk-Mane, L50|100/100\n|switch|p1b: Indeedee|Indeedee-F, L50, F|100/100\n|switch|p2a: Lunala|Lunala, L50, shiny|100/100\n|switch|p2b: Incineroar|Incineroar, L50, M|100/100\n|-fieldstart|move: Psychic Terrain|[from] ability: Psychic Surge|[of] p1b: Indeedee\n|-ability|p2b: Incineroar|Intimidate|boost\n|-unboost|p1a: Necrozma|atk|1\n|-unboost|p1b: Indeedee|atk|1\n|turn|1\n|inactive|CHR1SPHX has 30 seconds left.\n|inactive|CHR1SPHX has 20 seconds left.\n|\n|t:|1772727413\n|switch|p2a: Amoonguss|Amoonguss, L50, M, shiny|100/100\n|move|p1a: Necrozma|Knock Off|p2a: Amoonguss\n|-damage|p2a: Amoonguss|77/100\n|-damage|p1a: Necrozma|84/100|[from] item: Rocky Helmet|[of] p2a: Amoonguss\n|-enditem|p2a: Amoonguss|Rocky Helmet|[from] move: Knock Off|[of] p1a: Necrozma\n|move|p2b: Incineroar|Taunt|p1b: Indeedee\n|-start|p1b: Indeedee|move: Taunt\n|cant|p1b: Indeedee|move: Taunt|Trick Room\n|\n|upkeep\n|turn|2\n|inactive|Artic2 has 30 seconds left.\n|inactive|CHR1SPHX has 30 seconds left.\n|inactive|Artic2 has 20 seconds left.\n|inactive|Artic2 has 15 seconds left.\n|inactive|Artic2 has 10 seconds left.\n|\n|t:|1772727459\n|switch|p1b: Torkoal|Torkoal, L50, M|100/100\n|-weather|SunnyDay|[from] ability: Drought|[of] p1b: Torkoal\n|move|p1a: Necrozma|Photon Geyser|p2a: Amoonguss\n|-supereffective|p2a: Amoonguss\n|-damage|p2a: Amoonguss|0 fnt\n|faint|p2a: Amoonguss\n|move|p2b: Incineroar|Knock Off|p1a: Necrozma\n|-supereffective|p1a: Necrozma\n|-damage|p1a: Necrozma|42/100\n|-enditem|p1a: Necrozma|Assault Vest|[from] move: Knock Off|[of] p2b: Incineroar\n|\n|-weather|SunnyDay|[upkeep]\n|upkeep\n|\n|t:|1772727475\n|switch|p2a: Lunala|Lunala, L50, shiny|100/100\n|turn|3\n|\n|t:|1772727497\n|-terastallize|p2a: Lunala|Fairy\n|move|p2a: Lunala|Moongeist Beam|p1b: Torkoal\n|-damage|p1b: Torkoal|29/100\n|move|p1a: Necrozma|Knock Off|p2a: Lunala\n|-resisted|p2a: Lunala\n|-damage|p2a: Lunala|95/100\n|-enditem|p2a: Lunala|Mental Herb|[from] move: Knock Off|[of] p1a: Necrozma\n|move|p2b: Incineroar|Parting Shot|p1b: Torkoal\n|-unboost|p1b: Torkoal|atk|1\n|-unboost|p1b: Torkoal|spa|1\n|\n|t:|1772727506\n|switch|p2b: Ursaluna|Ursaluna-Bloodmoon, L50, M|100/100|[from] Parting Shot\n|move|p1b: Torkoal|Earth Power|p2b: Ursaluna\n|-damage|p2b: Ursaluna|77/100\n|\n|-weather|SunnyDay|[upkeep]\n|upkeep\n|turn|4\n|inactive|Artic2 has 30 seconds left.\n|inactive|CHR1SPHX has 30 seconds left.\n|inactive|Artic2 has 20 seconds left.\n|inactive|CHR1SPHX has 20 seconds left.\n|\n|t:|1772727546\n|switch|p2a: Incineroar|Incineroar, L50, M|100/100\n|-ability|p2a: Incineroar|Intimidate|boost\n|-unboost|p1a: Necrozma|atk|1\n|-unboost|p1b: Torkoal|atk|1\n|switch|p1b: Indeedee|Indeedee-F, L50, F|100/100\n|move|p1a: Necrozma|Sunsteel Strike|p2a: Incineroar\n|-resisted|p2a: Incineroar\n|-damage|p2a: Incineroar|86/100\n|move|p2b: Ursaluna|Hyper Voice|p1b: Indeedee|[spread] p1a,p1b\n|-resisted|p1a: Necrozma\n|-damage|p1a: Necrozma|24/100\n|-damage|p1b: Indeedee|56/100\n|-damage|p2b: Ursaluna|67/100|[from] item: Life Orb\n|\n|-weather|SunnyDay|[upkeep]\n|upkeep\n|turn|5\n|inactive|CHR1SPHX has 30 seconds left.\n|inactive|Artic2 has 30 seconds left.\n|\n|t:|1772727579\n|switch|p1a: Calyrex|Calyrex-Ice, L50|100/100\n|-ability|p1a: Calyrex|As One\n|-ability|p1a: Calyrex|Unnerve\n|move|p2b: Ursaluna|Protect|p2b: Ursaluna\n|-singleturn|p2b: Ursaluna|Protect\n|move|p1b: Indeedee|Follow Me|p1b: Indeedee\n|-singleturn|p1b: Indeedee|move: Follow Me\n|move|p2a: Incineroar|Taunt|p1b: Indeedee\n|-start|p1b: Indeedee|move: Taunt\n|\n|-weather|SunnyDay|[upkeep]\n|-fieldend|move: Psychic Terrain\n|upkeep\n|turn|6\n|inactive|Artic2 has 30 seconds left.\n|\n|t:|1772727608\n|switch|p1b: Torkoal|Torkoal, L50, M|29/100\n|switch|p2b: Lunala|Lunala, L50, shiny, tera:Fairy|95/100\n|move|p1a: Calyrex|Protect|p1a: Calyrex\n|-singleturn|p1a: Calyrex|Protect\n|move|p2a: Incineroar|Knock Off|p1a: Calyrex\n|-activate|p1a: Calyrex|move: Protect\n|\n|-weather|none\n|upkeep\n|turn|7\n|inactive|Artic2 has 30 seconds left.\n|inactive|CHR1SPHX has 30 seconds left.\n|\n|t:|1772727636\n|move|p2b: Lunala|Moongeist Beam|p1b: Torkoal\n|-damage|p1b: Torkoal|0 fnt\n|faint|p1b: Torkoal\n|move|p2a: Incineroar|Taunt|p1a: Calyrex\n|-start|p1a: Calyrex|move: Taunt\n|move|p1a: Calyrex|High Horsepower|p2a: Incineroar\n|-supereffective|p2a: Incineroar\n|-damage|p2a: Incineroar|9/100\n|\n|upkeep\n|\n|t:|1772727652\n|switch|p1b: Indeedee|Indeedee-F, L50, F|56/100\n|-fieldstart|move: Psychic Terrain|[from] ability: Psychic Surge|[of] p1b: Indeedee\n|turn|8\n|\n|t:|1772727663\n|move|p2b: Lunala|Wide Guard|p2b: Lunala\n|-singleturn|p2b: Lunala|Wide Guard\n|move|p1b: Indeedee|Follow Me|p1b: Indeedee\n|-singleturn|p1b: Indeedee|move: Follow Me\n|move|p2a: Incineroar|Taunt|p1b: Indeedee\n|-start|p1b: Indeedee|move: Taunt\n|move|p1a: Calyrex|Glacial Lance|p2b: Lunala|[spread] \n|-activate|p2a: Incineroar|move: Wide Guard\n|-activate|p2b: Lunala|move: Wide Guard\n|\n|upkeep\n|turn|9\n|inactive|Artic2 has 30 seconds left.\n|inactive|Artic2 has 20 seconds left.\n|inactive|Artic2 has 15 seconds left.\n|\n|t:|1772727703\n|switch|p1b: Necrozma|Necrozma-Dusk-Mane, L50|24/100\n|move|p2b: Lunala|Moongeist Beam|p1a: Calyrex\n|-supereffective|p1a: Calyrex\n|-damage|p1a: Calyrex|28/100\n|move|p2a: Incineroar|Knock Off|p1a: Calyrex\n|-supereffective|p1a: Calyrex\n|-damage|p1a: Calyrex|0 fnt\n|-enditem|p1a: Calyrex|Clear Amulet|[from] move: Knock Off|[of] p2a: Incineroar\n|faint|p1a: Calyrex\n|\n|upkeep\n|-message|Artic2 forfeited.\n|\n|win|CHR1SPHX\n|raw|Artic2's rating: 1118 &rarr; <strong>1102</strong><br />(-16 for losing)\n|raw|CHR1SPHX's rating: 1242 &rarr; <strong>1258</strong><br />(+16 for winning)\n|l|\u2606Artic2\n|player|p1|\n","uploadtime":1772727719,"views":14,"formatid":"gen9vgc2026regi","rating":1102,"private":0,"password":null}