{"id":"gen9vgc2026regi-2527839956","format":"[Gen 9] VGC 2026 Reg I","players":["r1111111111","yaochangzhe"],"log":"|j|\u2606r1111111111\n|j|\u2606yaochangzhe\n|t:|1769586799\n|gametype|doubles\n|player|p1|r1111111111|caitlin|1435\n|player|p2|yaochangzhe|2|1339\n|gen|9\n|tier|[Gen 9] VGC 2026 Reg I\n|rated|\n|rule|Species Clause: Limit one of each Pok\u00e9mon\n|rule|Item Clause: Limit 1 of each item\n|clearpoke\n|poke|p1|Miraidon, L50|\n|poke|p1|Calyrex-Ice, L50|\n|poke|p1|Urshifu-*, L50, F|\n|poke|p1|Volcarona, L50, F|\n|poke|p1|Incineroar, L50, F|\n|poke|p1|Amoonguss, L50, F|\n|poke|p2|Kyogre, L50|\n|poke|p2|Zacian-*, L50|\n|poke|p2|Amoonguss, L50, M|\n|poke|p2|Iron Hands, L50|\n|poke|p2|Roaring Moon, L50|\n|poke|p2|Urshifu-*, L50, M|\n|teampreview|4\n|inactive|Battle timer is ON: inactive players will automatically lose when time's up. (requested by r1111111111)\n|inactive|r1111111111 has 60 seconds left.\n|\n|t:|1769586857\n|teamsize|p1|4\n|teamsize|p2|4\n|start\n|switch|p1a: Miraidon|Miraidon, L50, shiny|100/100\n|switch|p1b: Calyrex|Calyrex-Ice, L50|100/100\n|switch|p2a: Iron Hands|Iron Hands, L50|100/100\n|switch|p2b: Zacian|Zacian-Crowned, L50|100/100\n|-ability|p1b: Calyrex|As One\n|-ability|p1b: Calyrex|Unnerve\n|-fieldstart|move: Electric Terrain|[from] ability: Hadron Engine|[of] p1a: Miraidon\n|-activate|p2a: Iron Hands|ability: Quark Drive\n|-start|p2a: Iron Hands|quarkdriveatk\n|-ability|p2b: Zacian|Intrepid Sword|boost\n|-boost|p2b: Zacian|atk|1\n|turn|1\n|inactive|yaochangzhe has 30 seconds left.\n|inactive|yaochangzhe has 20 seconds left.\n|inactive|yaochangzhe has 15 seconds left.\n|inactive|yaochangzhe has 10 seconds left.\n|\n|t:|1769586907\n|switch|p1a: Incineroar|Incineroar, L50, F, shiny|100/100\n|-ability|p1a: Incineroar|Intimidate|boost\n|-unboost|p2a: Iron Hands|atk|1\n|-unboost|p2b: Zacian|atk|1\n|move|p1b: Calyrex|Protect|p1b: Calyrex\n|-singleturn|p1b: Calyrex|Protect\n|move|p2a: Iron Hands|Fake Out|p1a: Incineroar\n|-damage|p1a: Incineroar|89/100\n|move|p2b: Zacian|Swords Dance|p2b: Zacian\n|-boost|p2b: Zacian|atk|2\n|\n|upkeep\n|turn|2\n|inactive|r1111111111 has 30 seconds left.\n|inactive|yaochangzhe has 30 seconds left.\n|\n|t:|1769586939\n|move|p1a: Incineroar|Fake Out|p2b: Zacian\n|-resisted|p2b: Zacian\n|-damage|p2b: Zacian|95/100\n|cant|p2b: Zacian|flinch\n|move|p2a: Iron Hands|Low Kick|p1a: Incineroar\n|-supereffective|p1a: Incineroar\n|-damage|p1a: Incineroar|20/100\n|move|p1b: Calyrex|High Horsepower|p2a: Iron Hands\n|-supereffective|p2a: Iron Hands\n|-damage|p2a: Iron Hands|36/100\n|\n|upkeep\n|turn|3\n|\n|t:|1769586963\n|-end|p2a: Iron Hands|Quark Drive|[silent]\n|switch|p2a: Kyogre|Kyogre, L50|100/100\n|-weather|RainDance|[from] ability: Drizzle|[of] p2a: Kyogre\n|-terastallize|p1b: Calyrex|Fire\n|move|p2b: Zacian|Substitute|p2b: Zacian\n|-start|p2b: Zacian|Substitute\n|-damage|p2b: Zacian|70/100\n|move|p1a: Incineroar|Flare Blitz|p2b: Zacian\n|-supereffective|p2b: Zacian\n|-end|p2b: Zacian|Substitute\n|-damage|p1a: Incineroar|12/100|[from] Recoil|[of] p2b: Zacian\n|move|p1b: Calyrex|High Horsepower|p2a: Kyogre\n|-damage|p2a: Kyogre|51/100\n|\n|-weather|RainDance|[upkeep]\n|upkeep\n|turn|4\n|\n|t:|1769586981\n|move|p1b: Calyrex|Protect|p1b: Calyrex\n|-singleturn|p1b: Calyrex|Protect\n|move|p2b: Zacian|Substitute|p2b: Zacian\n|-start|p2b: Zacian|Substitute\n|-damage|p2b: Zacian|45/100\n|move|p2a: Kyogre|Origin Pulse|p1a: Incineroar|[spread] \n|-activate|p1b: Calyrex|move: Protect\n|-miss|p2a: Kyogre|p1a: Incineroar\n|move|p1a: Incineroar|Flare Blitz|p2b: Zacian\n|-supereffective|p2b: Zacian\n|-end|p2b: Zacian|Substitute\n|-damage|p1a: Incineroar|4/100|[from] Recoil|[of] p2b: Zacian\n|\n|-weather|RainDance|[upkeep]\n|upkeep\n|turn|5\n|\n|t:|1769587001\n|move|p1b: Calyrex|Protect||[still]\n|-fail|p1b: Calyrex\n|move|p2b: Zacian|Substitute|p2b: Zacian\n|-start|p2b: Zacian|Substitute\n|-damage|p2b: Zacian|21/100\n|move|p2a: Kyogre|Origin Pulse|p1a: Incineroar|[spread] p1a,p1b\n|-supereffective|p1a: Incineroar\n|-supereffective|p1b: Calyrex\n|-damage|p1a: Incineroar|0 fnt\n|-damage|p1b: Calyrex|0 fnt\n|faint|p1a: Incineroar\n|faint|p1b: Calyrex\n|\n|-weather|RainDance|[upkeep]\n|-fieldend|move: Electric Terrain\n|upkeep\n|\n|t:|1769587009\n|switch|p1a: Urshifu|Urshifu-Rapid-Strike, L50, F|100/100\n|switch|p1b: Miraidon|Miraidon, L50, shiny|100/100\n|-fieldstart|move: Electric Terrain|[from] ability: Hadron Engine|[of] p1b: Miraidon\n|turn|6\n|inactive|yaochangzhe has 30 seconds left.\n|\n|t:|1769587047\n|switch|p2a: Amoonguss|Amoonguss, L50, M|100/100\n|move|p1a: Urshifu|Aqua Jet|p2b: Zacian\n|-end|p2b: Zacian|Substitute\n|move|p1b: Miraidon|Electro Drift|p2b: Zacian\n|-damage|p2b: Zacian|0 fnt\n|faint|p2b: Zacian\n|\n|-weather|RainDance|[upkeep]\n|upkeep\n|\n|t:|1769587057\n|switch|p2b: Iron Hands|Iron Hands, L50|36/100\n|-activate|p2b: Iron Hands|ability: Quark Drive\n|-start|p2b: Iron Hands|quarkdriveatk\n|turn|7\n|\n|t:|1769587075\n|move|p2a: Amoonguss|Rage Powder|p2a: Amoonguss\n|-singleturn|p2a: Amoonguss|move: Rage Powder\n|move|p1b: Miraidon|Electro Drift|p2a: Amoonguss\n|-resisted|p2a: Amoonguss\n|-damage|p2a: Amoonguss|60/100\n|-damage|p1b: Miraidon|84/100|[from] item: Rocky Helmet|[of] p2a: Amoonguss\n|move|p1a: Urshifu|Close Combat|p2a: Amoonguss\n|-resisted|p2a: Amoonguss\n|-damage|p2a: Amoonguss|34/100\n|-unboost|p1a: Urshifu|def|1\n|-unboost|p1a: Urshifu|spd|1\n|-damage|p1a: Urshifu|84/100|[from] item: Rocky Helmet|[of] p2a: Amoonguss\n|move|p2b: Iron Hands|Wild Charge|p1a: Urshifu\n|-supereffective|p1a: Urshifu\n|-damage|p1a: Urshifu|0 fnt\n|faint|p1a: Urshifu\n|-damage|p2b: Iron Hands|21/100|[from] Recoil\n|\n|-weather|none\n|upkeep\n|turn|8\n|\n|t:|1769587098\n|move|p2a: Amoonguss|Rage Powder|p2a: Amoonguss\n|-singleturn|p2a: Amoonguss|move: Rage Powder\n|move|p1b: Miraidon|Electro Drift|p2a: Amoonguss\n|-resisted|p2a: Amoonguss\n|-damage|p2a: Amoonguss|0 fnt\n|-damage|p1b: Miraidon|68/100|[from] item: Rocky Helmet|[of] p2a: Amoonguss\n|faint|p2a: Amoonguss\n|move|p2b: Iron Hands|Low Kick|p1b: Miraidon\n|-damage|p1b: Miraidon|0 fnt\n|faint|p1b: Miraidon\n|\n|win|yaochangzhe\n|raw|r1111111111's rating: 1435 &rarr; <strong>1410</strong><br />(-25 for losing)\n|raw|yaochangzhe's rating: 1339 &rarr; <strong>1364</strong><br />(+25 for winning)\n|l|\u2606r1111111111\n|player|p1|\n|l|\u2606yaochangzhe\n|player|p2|\n","uploadtime":1769587254,"views":22,"formatid":"gen9vgc2026regi","rating":1364,"private":0,"password":null}