{"id":"gen9vgc2026regi-2547554137","format":"[Gen 9] VGC 2026 Reg I","players":["westtail_VGC","xiaoliyunVGC"],"log":"|j|\u2606westtail_VGC\n|j|\u2606xiaoliyunVGC\n|t:|1772107885\n|gametype|doubles\n|player|p1|westtail_VGC|266|1304\n|player|p2|xiaoliyunVGC|liko|1353\n|gen|9\n|tier|[Gen 9] VGC 2026 Reg I\n|rated|\n|rule|Species Clause: Limit one of each Pok\u00e9mon\n|rule|Item Clause: Limit 1 of each item\n|clearpoke\n|poke|p1|Calyrex-Shadow, L50|\n|poke|p1|Zamazenta-*, L50|\n|poke|p1|Rillaboom, L50, M|\n|poke|p1|Incineroar, L50, F|\n|poke|p1|Raging Bolt, L50|\n|poke|p1|Smeargle, L50, F|\n|poke|p2|Zamazenta-*, L50|\n|poke|p2|Kyogre, L50|\n|poke|p2|Raichu, L50, M|\n|poke|p2|Flutter Mane, L50|\n|poke|p2|Tornadus, L50, M|\n|poke|p2|Kingambit, L50, F|\n|teampreview|4\n|inactive|Battle timer is ON: inactive players will automatically lose when time's up. (requested by xiaoliyunVGC)\n|\n|t:|1772107909\n|teamsize|p1|4\n|teamsize|p2|4\n|start\n|switch|p1a: Calyrex|Calyrex-Shadow, L50|100/100\n|switch|p1b: Rillaboom|Rillaboom, L50, M|100/100\n|switch|p2a: Kyogre|Kyogre, L50|100/100\n|switch|p2b: Raichu|Raichu, L50, M|100/100\n|-ability|p1a: Calyrex|As One\n|-ability|p1a: Calyrex|Unnerve\n|-weather|RainDance|[from] ability: Drizzle|[of] p2a: Kyogre\n|-fieldstart|move: Grassy Terrain|[from] ability: Grassy Surge|[of] p1b: Rillaboom\n|turn|1\n|\n|t:|1772107929\n|move|p1a: Calyrex|Protect|p1a: Calyrex\n|-singleturn|p1a: Calyrex|Protect\n|move|p2b: Raichu|Fake Out|p1b: Rillaboom\n|-damage|p1b: Rillaboom|93/100\n|cant|p1b: Rillaboom|flinch\n|move|p2a: Kyogre|Water Spout|p1a: Calyrex|[spread] p1b\n|-activate|p1a: Calyrex|move: Protect\n|-resisted|p1b: Rillaboom\n|-damage|p1b: Rillaboom|57/100\n|\n|-weather|RainDance|[upkeep]\n|-heal|p1b: Rillaboom|62/100|[from] Grassy Terrain\n|upkeep\n|turn|2\n|\n|t:|1772107948\n|move|p2a: Kyogre|Water Spout|p1b: Rillaboom|[spread] p1a,p1b\n|-resisted|p1b: Rillaboom\n|-crit|p1b: Rillaboom\n|-damage|p1a: Calyrex|3/100\n|-damage|p1b: Rillaboom|10/100\n|move|p1a: Calyrex|Astral Barrage|p2a: Kyogre|[spread] p2a,p2b\n|-damage|p2a: Kyogre|43/100\n|-damage|p2b: Raichu|4/100\n|-damage|p1a: Calyrex|0 fnt|[from] item: Life Orb\n|faint|p1a: Calyrex\n|move|p2b: Raichu|Nuzzle|p1b: Rillaboom\n|-resisted|p1b: Rillaboom\n|-damage|p1b: Rillaboom|7/100\n|-status|p1b: Rillaboom|par\n|move|p1b: Rillaboom|U-turn|p2a: Kyogre\n|-damage|p2a: Kyogre|19/100\n|inactive|westtail_VGC has 30 seconds left.\n|inactive|westtail_VGC has 20 seconds left.\n|inactive|westtail_VGC has 15 seconds left.\n|inactive|westtail_VGC has 10 seconds left.\n|inactive|westtail_VGC has 5 seconds left.\n|\n|t:|1772108003\n|switch|p1b: Zamazenta|Zamazenta-Crowned, L50|100/100|[from] U-turn\n|-ability|p1b: Zamazenta|Dauntless Shield|boost\n|-boost|p1b: Zamazenta|def|1\n|\n|-weather|RainDance|[upkeep]\n|-heal|p2a: Kyogre|25/100|[from] Grassy Terrain\n|-heal|p2b: Raichu|10/100|[from] Grassy Terrain\n|upkeep\n|inactive|westtail_VGC has 30 seconds left.\n|inactive|westtail_VGC has 20 seconds left.\n|inactive|westtail_VGC has 15 seconds left.\n|inactive|westtail_VGC has 10 seconds left.\n|inactive|westtail_VGC has 5 seconds left.\n|\n|t:|1772108058\n|switch|p1a: Rillaboom|Rillaboom, L50, M|7/100 par\n|turn|3\n|inactive|westtail_VGC has 30 seconds left.\n|inactive|westtail_VGC has 20 seconds left.\n|inactive|westtail_VGC has 15 seconds left.\n|inactive|westtail_VGC has 10 seconds left.\n|inactive|westtail_VGC has 5 seconds left.\n|\n|t:|1772108113\n|switch|p2a: Flutter Mane|Flutter Mane, L50|100/100\n|-enditem|p2a: Flutter Mane|Booster Energy\n|-activate|p2a: Flutter Mane|ability: Protosynthesis|[fromitem]\n|-start|p2a: Flutter Mane|protosynthesisspe\n|move|p1a: Rillaboom|Fake Out|p2a: Flutter Mane\n|-immune|p2a: Flutter Mane\n|move|p2b: Raichu|Feint|p1a: Rillaboom\n|-damage|p1a: Rillaboom|2/100 par\n|move|p1b: Zamazenta|Body Press|p2b: Raichu\n|-damage|p2b: Raichu|0 fnt\n|faint|p2b: Raichu\n|\n|-weather|RainDance|[upkeep]\n|-heal|p1a: Rillaboom|8/100 par|[from] Grassy Terrain\n|upkeep\n|\n|t:|1772108125\n|switch|p2b: Zamazenta|Zamazenta-Crowned, L50, shiny|100/100\n|-ability|p2b: Zamazenta|Dauntless Shield|boost\n|-boost|p2b: Zamazenta|def|1\n|turn|4\n|inactive|westtail_VGC has 30 seconds left.\n|inactive|westtail_VGC has 20 seconds left.\n|inactive|xiaoliyunVGC has 30 seconds left.\n|inactive|westtail_VGC has 15 seconds left.\n|inactive|westtail_VGC has 10 seconds left.\n|inactive|westtail_VGC has 5 seconds left.\n|\n|t:|1772108180\n|-terastallize|p2b: Zamazenta|Fighting\n|move|p1a: Rillaboom|Fake Out||[still]\n|-hint|Fake Out only works on your first turn out.\n|-fail|p1a: Rillaboom\n|move|p2a: Flutter Mane|Moonblast|p1a: Rillaboom\n|-damage|p1a: Rillaboom|0 fnt\n|faint|p1a: Rillaboom\n|move|p1b: Zamazenta|Body Press|p2a: Flutter Mane\n|-immune|p2a: Flutter Mane\n|move|p2b: Zamazenta|Body Press|p1b: Zamazenta\n|-supereffective|p1b: Zamazenta\n|-damage|p1b: Zamazenta|24/100\n|\n|-weather|RainDance|[upkeep]\n|-heal|p1b: Zamazenta|30/100|[from] Grassy Terrain\n|upkeep\n|inactive|westtail_VGC has 30 seconds left.\n|inactive|westtail_VGC has 20 seconds left.\n|inactive|westtail_VGC has 15 seconds left.\n|inactive|westtail_VGC has 10 seconds left.\n|inactive|westtail_VGC has 5 seconds left.\n|\n|t:|1772108235\n|switch|p1a: Smeargle|Smeargle, L50, F|100/100\n|turn|5\n|inactive|westtail_VGC has 30 seconds left.\n|l|\u2606westtail_VGC\n|inactive|westtail_VGC disconnected and has a minute to reconnect!\n|player|p1|\n|inactive|westtail_VGC has 20 seconds left.\n|inactive|westtail_VGC has 15 seconds left.\n|inactive|westtail_VGC has 10 seconds left.\n|inactive|westtail_VGC has 5 seconds left.\n|-message|westtail_VGC lost due to inactivity.\n|\n|win|xiaoliyunVGC\n|raw|westtail_VGC's rating: 1304 &rarr; <strong>1287</strong><br />(-17 for losing)\n|raw|xiaoliyunVGC's rating: 1353 &rarr; <strong>1370</strong><br />(+17 for winning)\n","uploadtime":1772108479,"views":11,"formatid":"gen9vgc2026regi","rating":1287,"private":0,"password":null}