{"id":"gen9vgc2026regi-2558752894","format":"[Gen 9] VGC 2026 Reg I","players":["jack-o-pop RX","TheNamesBetty"],"log":"|j|\u2606jack-o-pop RX\n|j|\u2606TheNamesBetty\n|t:|1773475722\n|gametype|doubles\n|player|p1|jack-o-pop RX|2|1071\n|player|p2|TheNamesBetty|koga|1128\n|gen|9\n|tier|[Gen 9] VGC 2026 Reg I\n|rated|\n|rule|Species Clause: Limit one of each Pok\u00e9mon\n|rule|Item Clause: Limit 1 of each item\n|clearpoke\n|poke|p1|Indeedee-F, L50, F|\n|poke|p1|Armarouge, L50, M|\n|poke|p1|Amoonguss, L50, F|\n|poke|p1|Groudon, L50|\n|poke|p1|Slowbro-Galar, L50, M|\n|poke|p1|Flutter Mane, L50|\n|poke|p2|Azelf, L50|\n|poke|p2|Kyogre, L50|\n|poke|p2|Amoonguss, L50, F|\n|poke|p2|Dialga, L50|\n|poke|p2|Iron Hands, L50|\n|poke|p2|Tornadus, L50, M|\n|teampreview|4\n|c|\u2606TheNamesBetty|Glhf!\nTheNamesBetty has agreed to open team sheets.\n|\n|t:|1773475761\n|teamsize|p1|4\n|teamsize|p2|4\n|start\n|switch|p1a: Amoonguss|Amoonguss, L50, F|100/100\n|switch|p1b: Flutter Mane|Flutter Mane, L50|100/100\n|switch|p2a: Pro\u010dToD\u011bl\u00e1m|Azelf, L50|100/100\n|switch|p2b: T\u00fdbr\u010fo ryba|Kyogre, L50|100/100\n|-weather|RainDance|[from] ability: Drizzle|[of] p2b: T\u00fdbr\u010fo ryba\n|turn|1\n|\n|t:|1773475788\n|-terastallize|p2a: Pro\u010dToD\u011bl\u00e1m|Normal\n|move|p1a: Amoonguss|Rage Powder|p1a: Amoonguss\n|-singleturn|p1a: Amoonguss|move: Rage Powder\n|move|p1b: Flutter Mane|Taunt|p2a: Pro\u010dToD\u011bl\u00e1m\n|-start|p2a: Pro\u010dToD\u011bl\u00e1m|move: Taunt\n|move|p2a: Pro\u010dToD\u011bl\u00e1m|Knock Off|p1a: Amoonguss\n|-damage|p1a: Amoonguss|58/100\n|-damage|p2a: Pro\u010dToD\u011bl\u00e1m|84/100|[from] item: Rocky Helmet|[of] p1a: Amoonguss\n|-enditem|p1a: Amoonguss|Rocky Helmet|[from] move: Knock Off|[of] p2a: Pro\u010dToD\u011bl\u00e1m\n|-damage|p2a: Pro\u010dToD\u011bl\u00e1m|74/100|[from] item: Life Orb\n|move|p2b: T\u00fdbr\u010fo ryba|Water Spout|p1a: Amoonguss|[spread] p1a,p1b\n|-resisted|p1a: Amoonguss\n|-damage|p1a: Amoonguss|25/100\n|-damage|p1b: Flutter Mane|1/100\n|\n|-weather|RainDance|[upkeep]\n|upkeep\n|turn|2\n|\n|t:|1773475816\n|-end|p1b: Flutter Mane|Protosynthesis|[silent]\n|switch|p1b: Groudon|Groudon, L50|100/100\n|-weather|SunnyDay|[from] ability: Drought|[of] p1b: Groudon\n|switch|p2a: \u010clov\u011b\u010disko|Tornadus, L50, M|100/100\n|move|p2b: T\u00fdbr\u010fo ryba|Water Spout|p1a: Amoonguss|[spread] p1a,p1b\n|-resisted|p1a: Amoonguss\n|-supereffective|p1b: Groudon\n|-damage|p1a: Amoonguss|14/100\n|-damage|p1b: Groudon|20/100\n|move|p1a: Amoonguss|Giga Drain|p2b: T\u00fdbr\u010fo ryba\n|-supereffective|p2b: T\u00fdbr\u010fo ryba\n|-damage|p2b: T\u00fdbr\u010fo ryba|69/100\n|-heal|p1a: Amoonguss|29/100|[from] drain|[of] p2b: T\u00fdbr\u010fo ryba\n|\n|-weather|SunnyDay|[upkeep]\n|upkeep\n|turn|3\n|\n|t:|1773475840\n|move|p1b: Groudon|Protect|p1b: Groudon\n|-singleturn|p1b: Groudon|Protect\n|move|p2a: \u010clov\u011b\u010disko|Icy Wind|p1a: Amoonguss|[spread] p1a\n|-activate|p1b: Groudon|move: Protect\n|-supereffective|p1a: Amoonguss\n|-damage|p1a: Amoonguss|10/100\n|-unboost|p1a: Amoonguss|spe|1\n|move|p2b: T\u00fdbr\u010fo ryba|Water Spout|p1b: Groudon|[spread] p1a\n|-activate|p1b: Groudon|move: Protect\n|-resisted|p1a: Amoonguss\n|-damage|p1a: Amoonguss|3/100\n|move|p1a: Amoonguss|Spore|p2a: \u010clov\u011b\u010disko\n|-status|p2a: \u010clov\u011b\u010disko|slp|[from] move: Spore\n|\n|-weather|SunnyDay|[upkeep]\n|upkeep\n|turn|4\n|\n|t:|1773475873\n|switch|p2a: Pro\u010dToD\u011bl\u00e1m|Azelf, L50, tera:Normal|74/100\n|move|p1b: Groudon|Protect||[still]\n|-fail|p1b: Groudon\n|move|p2b: T\u00fdbr\u010fo ryba|Water Spout|p1a: Amoonguss|[spread] p1a,p1b\n|-resisted|p1a: Amoonguss\n|-supereffective|p1b: Groudon\n|-damage|p1a: Amoonguss|0 fnt\n|-damage|p1b: Groudon|0 fnt\n|faint|p1a: Amoonguss\n|faint|p1b: Groudon\n|\n|-weather|SunnyDay|[upkeep]\n|upkeep\n|\n|t:|1773475879\n|switch|p1b: Armarouge|Armarouge, L50, M|100/100\n|switch|p1a: Flutter Mane|Flutter Mane, L50|1/100\n|-activate|p1a: Flutter Mane|ability: Protosynthesis\n|-start|p1a: Flutter Mane|protosynthesisspe\n|turn|5\n|\n|t:|1773475907\n|move|p1b: Armarouge|Wide Guard|p1b: Armarouge\n|-singleturn|p1b: Armarouge|Wide Guard\n|move|p2a: Pro\u010dToD\u011bl\u00e1m|Ally Switch|p2a: Pro\u010dToD\u011bl\u00e1m\n|swap|p2a: Pro\u010dToD\u011bl\u00e1m|1|[from] move: Ally Switch\n|move|p1a: Flutter Mane|Dazzling Gleam|p2a: T\u00fdbr\u010fo ryba|[spread] p2a,p2b\n|-crit|p2a: T\u00fdbr\u010fo ryba\n|-damage|p2a: T\u00fdbr\u010fo ryba|25/100\n|-damage|p2b: Pro\u010dToD\u011bl\u00e1m|4/100\n|move|p2a: T\u00fdbr\u010fo ryba|Water Spout|p1a: Flutter Mane|[spread] \n|-activate|p1a: Flutter Mane|move: Wide Guard\n|-activate|p1b: Armarouge|move: Wide Guard\n|\n|-weather|SunnyDay|[upkeep]\n|upkeep\n|turn|6\n|\n|t:|1773475921\n|switch|p2a: \u010clov\u011b\u010disko|Tornadus, L50, M|100/100 slp\n|move|p1b: Armarouge|Wide Guard|p1b: Armarouge\n|-singleturn|p1b: Armarouge|Wide Guard\n|move|p1a: Flutter Mane|Dazzling Gleam|p2a: \u010clov\u011b\u010disko|[spread] p2a,p2b\n|-damage|p2a: \u010clov\u011b\u010disko|38/100 slp\n|-damage|p2b: Pro\u010dToD\u011bl\u00e1m|0 fnt\n|faint|p2b: Pro\u010dToD\u011bl\u00e1m\n|\n|-weather|none\n|-end|p1a: Flutter Mane|Protosynthesis\n|upkeep\n|\n|t:|1773475930\n|switch|p2b: Dr\u00e1\u010dek Sr\u00e1\u010dek|Dialga, L50|100/100\n|turn|7\n|\n|t:|1773475948\n|cant|p2a: \u010clov\u011b\u010disko|slp\n|move|p1a: Flutter Mane|Dazzling Gleam|p2b: Dr\u00e1\u010dek Sr\u00e1\u010dek|[spread] p2a,p2b\n|-damage|p2a: \u010clov\u011b\u010disko|0 fnt\n|-damage|p2b: Dr\u00e1\u010dek Sr\u00e1\u010dek|62/100\n|faint|p2a: \u010clov\u011b\u010disko\n|move|p2b: Dr\u00e1\u010dek Sr\u00e1\u010dek|Flash Cannon|p1a: Flutter Mane\n|-supereffective|p1a: Flutter Mane\n|-damage|p1a: Flutter Mane|0 fnt\n|faint|p1a: Flutter Mane\n|-end|p1a: Flutter Mane|Protosynthesis|[silent]\n|move|p1b: Armarouge|Armor Cannon|p2b: Dr\u00e1\u010dek Sr\u00e1\u010dek\n|-damage|p2b: Dr\u00e1\u010dek Sr\u00e1\u010dek|7/100\n|-unboost|p1b: Armarouge|def|1\n|-unboost|p1b: Armarouge|spd|1\n|\n|upkeep\n|\n|t:|1773475953\n|switch|p2a: T\u00fdbr\u010fo ryba|Kyogre, L50|25/100\n|-weather|RainDance|[from] ability: Drizzle|[of] p2a: T\u00fdbr\u010fo ryba\n|turn|8\n|\n|t:|1773475997\n|-terastallize|p1b: Armarouge|Grass\n|move|p2a: T\u00fdbr\u010fo ryba|Origin Pulse|p1b: Armarouge\n|-resisted|p1b: Armarouge\n|-damage|p1b: Armarouge|20/100\n|move|p2b: Dr\u00e1\u010dek Sr\u00e1\u010dek|Draco Meteor|p1b: Armarouge\n|-damage|p1b: Armarouge|0 fnt\n|-unboost|p2b: Dr\u00e1\u010dek Sr\u00e1\u010dek|spa|2\n|faint|p1b: Armarouge\n|\n|win|TheNamesBetty\n|raw|jack-o-pop RX's rating: 1071 &rarr; <strong>1054</strong><br />(-17 for losing)\n|raw|TheNamesBetty's rating: 1128 &rarr; <strong>1149</strong><br />(+21 for winning)\n|l|\u2606TheNamesBetty\n|player|p2|\n|l|\u2606jack-o-pop RX\n|player|p1|\n","uploadtime":1773476321,"views":14,"formatid":"gen9vgc2026regi","rating":1054,"private":0,"password":null}