{"id":"gen9vgc2026regi-2540153841","format":"[Gen 9] VGC 2026 Reg I","players":["Sakuraa2004","marcxhenry"],"log":"|j|\u2606Sakuraa2004\n|j|\u2606marcxhenry\n|t:|1771169355\n|gametype|doubles\n|player|p1|Sakuraa2004|norman|1361\n|player|p2|marcxhenry|hilbert-wonderlauncher|1483\n|gen|9\n|tier|[Gen 9] VGC 2026 Reg I\n|rated|\n|rule|Species Clause: Limit one of each Pok\u00e9mon\n|rule|Item Clause: Limit 1 of each item\n|clearpoke\n|poke|p1|Miraidon, L50|\n|poke|p1|Lunala, L50|\n|poke|p1|Whimsicott, L50, M|\n|poke|p1|Urshifu-*, L50, M|\n|poke|p1|Incineroar, L50, F|\n|poke|p1|Ursaluna, L50, F|\n|poke|p2|Calyrex-Shadow, L50|\n|poke|p2|Urshifu-*, L50, M|\n|poke|p2|Roaring Moon, L50|\n|poke|p2|Kyogre, L50|\n|poke|p2|Tsareena, L50, F|\n|poke|p2|Kingambit, L50, M|\n|teampreview|4\n|inactive|Battle timer is ON: inactive players will automatically lose when time's up. (requested by Sakuraa2004)\n|\n|t:|1771169380\n|teamsize|p1|4\n|teamsize|p2|4\n|start\n|switch|p1a: Whimsicott|Whimsicott, L50, M|100/100\n|switch|p1b: Urshifu|Urshifu-Rapid-Strike, L50, M|100/100\n|switch|p2a: Roter Baron|Roaring Moon, L50, shiny|100/100\n|switch|p2b: Tripitz|Kyogre, L50, shiny|100/100\n|-weather|RainDance|[from] ability: Drizzle|[of] p2b: Tripitz\n|-enditem|p2a: Roter Baron|Booster Energy\n|-activate|p2a: Roter Baron|ability: Protosynthesis|[fromitem]\n|-start|p2a: Roter Baron|protosynthesisspe\n|turn|1\n|\n|t:|1771169396\n|-terastallize|p2a: Roter Baron|Flying\n|move|p1a: Whimsicott|Light Screen|p1a: Whimsicott\n|-sidestart|p1: Sakuraa2004|move: Light Screen\n|move|p2a: Roter Baron|Tailwind|p2a: Roter Baron\n|-sidestart|p2: marcxhenry|move: Tailwind\n|move|p2b: Tripitz|Origin Pulse|p1a: Whimsicott|[spread] p1b\n|-miss|p2b: Tripitz|p1a: Whimsicott\n|-resisted|p1b: Urshifu\n|-damage|p1b: Urshifu|55/100\n|move|p1b: Urshifu|U-turn|p2a: Roter Baron\n|-resisted|p2a: Roter Baron\n|-crit|p2a: Roter Baron\n|-damage|p2a: Roter Baron|65/100\n|j| riyuezi\n|\n|t:|1771169407\n|switch|p1b: Miraidon|Miraidon, L50|100/100|[from] U-turn\n|-fieldstart|move: Electric Terrain|[from] ability: Hadron Engine|[of] p1b: Miraidon\n|\n|-weather|RainDance|[upkeep]\n|upkeep\n|turn|2\n|l| riyuezi\n|\n|t:|1771169417\n|switch|p2b: Hitmonshe|Tsareena, L50, F, shiny|100/100\n|move|p1a: Whimsicott|Tailwind|p1a: Whimsicott\n|-sidestart|p1: Sakuraa2004|move: Tailwind\n|move|p2a: Roter Baron|Knock Off|p1b: Miraidon\n|-damage|p1b: Miraidon|53/100\n|-enditem|p1b: Miraidon|Life Orb|[from] move: Knock Off|[of] p2a: Roter Baron\n|move|p1b: Miraidon|Electro Drift|p2b: Hitmonshe\n|-resisted|p2b: Hitmonshe\n|-damage|p2b: Hitmonshe|41/100\n|\n|-weather|RainDance|[upkeep]\n|upkeep\n|turn|3\n|\n|t:|1771169438\n|move|p1a: Whimsicott|Encore||[still]\n|cant|p2b: Hitmonshe|ability: Queenly Majesty|Encore|[of] p1a: Whimsicott\n|move|p2a: Roter Baron|Acrobatics|p1a: Whimsicott\n|-supereffective|p1a: Whimsicott\n|-damage|p1a: Whimsicott|0 fnt\n|faint|p1a: Whimsicott\n|move|p1b: Miraidon|Electro Drift|p2b: Hitmonshe\n|-resisted|p2b: Hitmonshe\n|-damage|p2b: Hitmonshe|0 fnt\n|faint|p2b: Hitmonshe\n|\n|-weather|RainDance|[upkeep]\n|upkeep\n|\n|t:|1771169449\n|switch|p1a: Lunala|Lunala, L50|100/100\n|switch|p2b: Ludwig|Calyrex-Shadow, L50|100/100\n|-ability|p2b: Ludwig|As One\n|-ability|p2b: Ludwig|Unnerve\n|-enditem|p1a: Lunala|Electric Seed\n|-boost|p1a: Lunala|def|1|[from] item: Electric Seed\n|turn|4\n|inactive|marcxhenry has 30 seconds left.\n|\n|t:|1771169480\n|-terastallize|p1a: Lunala|Fairy\n|move|p2a: Roter Baron|Protect|p2a: Roter Baron\n|-singleturn|p2a: Roter Baron|Protect\n|move|p2b: Ludwig|Protect|p2b: Ludwig\n|-singleturn|p2b: Ludwig|Protect\n|move|p1b: Miraidon|Protect|p1b: Miraidon\n|-singleturn|p1b: Miraidon|Protect\n|move|p1a: Lunala|Moonblast|p2a: Roter Baron\n|-activate|p2a: Roter Baron|move: Protect\n|\n|-weather|RainDance|[upkeep]\n|-sideend|p2: marcxhenry|move: Tailwind\n|upkeep\n|turn|5\n|\n|t:|1771169504\n|move|p1b: Miraidon|Electro Drift|p2a: Roter Baron\n|-supereffective|p2a: Roter Baron\n|-damage|p2a: Roter Baron|0 fnt\n|faint|p2a: Roter Baron\n|-end|p2a: Roter Baron|Protosynthesis|[silent]\n|move|p1a: Lunala|Moongeist Beam|p2b: Ludwig\n|-supereffective|p2b: Ludwig\n|-enditem|p2b: Ludwig|Focus Sash\n|-damage|p2b: Ludwig|1/100\n|move|p2b: Ludwig|Psychic|p1b: Miraidon\n|-damage|p1b: Miraidon|20/100\n|\n|-weather|none\n|-sideend|p1: Sakuraa2004|move: Light Screen\n|-sideend|p1: Sakuraa2004|move: Tailwind\n|-fieldend|move: Electric Terrain\n|upkeep\n|\n|t:|1771169518\n|switch|p2a: Tripitz|Kyogre, L50, shiny|100/100\n|-weather|RainDance|[from] ability: Drizzle|[of] p2a: Tripitz\n|turn|6\n|\n|t:|1771169533\n|move|p1a: Lunala|Wide Guard|p1a: Lunala\n|-singleturn|p1a: Lunala|Wide Guard\n|move|p2b: Ludwig|Psychic|p1b: Miraidon\n|-damage|p1b: Miraidon|0 fnt\n|faint|p1b: Miraidon\n|-ability|p2b: Ludwig|Grim Neigh|boost\n|-boost|p2b: Ludwig|spa|1\n|move|p2a: Tripitz|Hydro Pump|p1a: Lunala\n|-crit|p1a: Lunala\n|-damage|p1a: Lunala|34/100\n|\n|-weather|RainDance|[upkeep]\n|upkeep\n|\n|t:|1771169538\n|switch|p1b: Urshifu|Urshifu-Rapid-Strike, L50, M|55/100\n|turn|7\n|\n|t:|1771169550\n|move|p1b: Urshifu|Aqua Jet|p2b: Ludwig\n|-damage|p2b: Ludwig|0 fnt\n|faint|p2b: Ludwig\n|move|p2a: Tripitz|Water Spout|p1a: Lunala|[spread] p1a,p1b\n|-resisted|p1b: Urshifu\n|-damage|p1a: Lunala|0 fnt\n|-damage|p1b: Urshifu|0 fnt\n|faint|p1a: Lunala\n|faint|p1b: Urshifu\n|\n|win|marcxhenry\n|raw|Sakuraa2004's rating: 1361 &rarr; <strong>1348</strong><br />(-13 for losing)\n|raw|marcxhenry's rating: 1483 &rarr; <strong>1496</strong><br />(+13 for winning)\n|l|\u2606marcxhenry\n|player|p2|\n|l|\u2606Sakuraa2004\n|player|p1|\n","uploadtime":1771169755,"views":29,"formatid":"gen9vgc2026regi","rating":1348,"private":0,"password":null}