{"id":"gen9vgc2026regi-2563771491","format":"[Gen 9] VGC 2026 Reg I","players":["aroswing","itastelikeiron"],"log":"|j|\u2606aroswing\n|j|\u2606itastelikeiron\n|t:|1774060272\n|gametype|doubles\n|player|p1|aroswing|marnie|1397\n|player|p2|itastelikeiron|infielder|1445\n|gen|9\n|tier|[Gen 9] VGC 2026 Reg I\n|rated|\n|rule|Species Clause: Limit one of each Pok\u00e9mon\n|rule|Item Clause: Limit 1 of each item\n|clearpoke\n|poke|p1|Urshifu-*, L50, F|\n|poke|p1|Kyogre, L50|\n|poke|p1|Tornadus, L50, M|\n|poke|p1|Lunala, L50|\n|poke|p1|Rhydon, L50, M|\n|poke|p1|Araquanid, L50, M|\n|poke|p2|Tsareena, L50, F|\n|poke|p2|Kyogre, L50|\n|poke|p2|Basculegion, L50, M|\n|poke|p2|Tornadus, L50, M|\n|poke|p2|Incineroar, L50, M|\n|poke|p2|Zacian-*, L50|\n|teampreview|4\n|inactive|Battle timer is ON: inactive players will automatically lose when time's up. (requested by aroswing)\n|inactive|itastelikeiron has 60 seconds left.\n|\n|t:|1774060304\n|teamsize|p1|4\n|teamsize|p2|4\n|start\n|switch|p1a: Lunala|Lunala, L50, shiny|100/100\n|switch|p1b: Urshifu|Urshifu-Rapid-Strike, L50, F|100/100\n|switch|p2a: Kyogre|Kyogre, L50|100/100\n|switch|p2b: Basculegion|Basculegion, L50, M|100/100\n|-weather|RainDance|[from] ability: Drizzle|[of] p2a: Kyogre\n|turn|1\n|\n|t:|1774060322\n|-terastallize|p2a: Kyogre|Water\n|move|p1a: Lunala|Wide Guard|p1a: Lunala\n|-singleturn|p1a: Lunala|Wide Guard\n|move|p2b: Basculegion|Phantom Force||[still]\n|-prepare|p2b: Basculegion|Phantom Force\n|-enditem|p2b: Basculegion|Power Herb\n|-anim|p2b: Basculegion|Phantom Force|p1a: Lunala\n|-activate|p1a: Lunala|move: Phantom Force|[broken]\n|-supereffective|p1a: Lunala\n|-damage|p1a: Lunala|22/100\n|move|p2a: Kyogre|Water Spout|p1a: Lunala|[spread] p1a,p1b\n|-resisted|p1b: Urshifu\n|-damage|p1a: Lunala|0 fnt\n|-damage|p1b: Urshifu|10/100\n|faint|p1a: Lunala\n|move|p1b: Urshifu|Close Combat|p2a: Kyogre\n|-damage|p2a: Kyogre|30/100\n|-unboost|p1b: Urshifu|def|1\n|-unboost|p1b: Urshifu|spd|1\n|\n|-weather|RainDance|[upkeep]\n|upkeep\n|\n|t:|1774060339\n|switch|p1a: Tornadus|Tornadus, L50, M|100/100\n|turn|2\n|\n|t:|1774060353\n|move|p1b: Urshifu|Detect|p1b: Urshifu\n|-singleturn|p1b: Urshifu|Protect\n|move|p1a: Tornadus|Tailwind|p1a: Tornadus\n|-sidestart|p1: aroswing|move: Tailwind\n|move|p2b: Basculegion|Last Respects|p1a: Tornadus\n|-crit|p1a: Tornadus\n|-damage|p1a: Tornadus|52/100\n|move|p2a: Kyogre|Water Spout|p1a: Tornadus|[spread] p1a\n|-activate|p1b: Urshifu|move: Protect\n|-damage|p1a: Tornadus|17/100\n|\n|-weather|RainDance|[upkeep]\n|upkeep\n|turn|3\n|\n|t:|1774060374\n|move|p1b: Urshifu|Surging Strikes|p2b: Basculegion\n|-resisted|p2b: Basculegion\n|-crit|p2b: Basculegion\n|-damage|p2b: Basculegion|84/100\n|-resisted|p2b: Basculegion\n|-crit|p2b: Basculegion\n|-damage|p2b: Basculegion|66/100\n|-resisted|p2b: Basculegion\n|-crit|p2b: Basculegion\n|-damage|p2b: Basculegion|48/100\n|-hitcount|p2b: Basculegion|3\n|move|p1a: Tornadus|Bleakwind Storm|p2b: Basculegion|[spread] p2a,p2b\n|-damage|p2a: Kyogre|0 fnt\n|-damage|p2b: Basculegion|4/100\n|faint|p2a: Kyogre\n|move|p2b: Basculegion|Last Respects|p1a: Tornadus\n|-damage|p1a: Tornadus|0 fnt\n|faint|p1a: Tornadus\n|\n|-weather|RainDance|[upkeep]\n|upkeep\n|\n|t:|1774060384\n|switch|p2a: Tornadus|Tornadus, L50, M|100/100\n|switch|p1a: Kyogre|Kyogre, L50, shiny|100/100\n|turn|4\n|\n|t:|1774060406\n|move|p1b: Urshifu|Aqua Jet|p2b: Basculegion\n|-resisted|p2b: Basculegion\n|-damage|p2b: Basculegion|0 fnt\n|faint|p2b: Basculegion\n|move|p1a: Kyogre|Water Spout|p2a: Tornadus\n|-enditem|p2a: Tornadus|Focus Sash\n|-damage|p2a: Tornadus|1/100\n|move|p2a: Tornadus|Bleakwind Storm|p1b: Urshifu|[spread] p1a,p1b\n|-supereffective|p1b: Urshifu\n|-damage|p1a: Kyogre|77/100\n|-damage|p1b: Urshifu|0 fnt\n|-unboost|p1a: Kyogre|spe|1\n|faint|p1b: Urshifu\n|\n|-weather|RainDance|[upkeep]\n|upkeep\n|\n|t:|1774060409\n|switch|p2b: Zacian|Zacian-Crowned, L50|100/100\n|-ability|p2b: Zacian|Intrepid Sword|boost\n|-boost|p2b: Zacian|atk|1\n|turn|5\n|\n|t:|1774060417\n|move|p2a: Tornadus|Protect|p2a: Tornadus\n|-singleturn|p2a: Tornadus|Protect\n|move|p2b: Zacian|Protect|p2b: Zacian\n|-singleturn|p2b: Zacian|Protect\n|move|p1a: Kyogre|Origin Pulse|p2a: Tornadus|[spread] \n|-activate|p2a: Tornadus|move: Protect\n|-activate|p2b: Zacian|move: Protect\n|\n|-weather|none\n|-sideend|p1: aroswing|move: Tailwind\n|upkeep\n|turn|6\n|-message|aroswing forfeited.\n|\n|win|itastelikeiron\n|raw|aroswing's rating: 1397 &rarr; <strong>1380</strong><br />(-17 for losing)\n|raw|itastelikeiron's rating: 1445 &rarr; <strong>1462</strong><br />(+17 for winning)\n|l|\u2606aroswing\n|player|p1|\n","uploadtime":1774060425,"views":15,"formatid":"gen9vgc2026regi","rating":1380,"private":0,"password":null}