{"id":"gen9vgc2026regi-2535850027","format":"[Gen 9] VGC 2026 Reg I","players":["Tepig_nNz_498","fogdocker"],"log":"|j|\u2606Tepig_nNz_498\n|j|\u2606fogdocker\n|t:|1770620020\n|gametype|doubles\n|player|p1|Tepig_nNz_498|169|1288\n|player|p2|fogdocker|101|1516\n|gen|9\n|tier|[Gen 9] VGC 2026 Reg I\n|rated|\n|rule|Species Clause: Limit one of each Pok\u00e9mon\n|rule|Item Clause: Limit 1 of each item\n|clearpoke\n|poke|p1|Incineroar, L50, M|\n|poke|p1|Brute Bonnet, L50|\n|poke|p1|Koraidon, L50|\n|poke|p1|Flutter Mane, L50|\n|poke|p1|Lunala, L50|\n|poke|p1|Ursaluna, L50, M|\n|poke|p2|Calyrex-Ice, L50|\n|poke|p2|Koraidon, L50|\n|poke|p2|Flutter Mane, L50|\n|poke|p2|Incineroar, L50, M|\n|poke|p2|Rillaboom, L50, F|\n|poke|p2|Volcarona, L50, M|\n|teampreview|4\n|\n|t:|1770620053\n|teamsize|p1|4\n|teamsize|p2|4\n|start\n|switch|p1a: Koraidon|Koraidon, L50|100/100\n|switch|p1b: Flutter Mane|Flutter Mane, L50|100/100\n|switch|p2a: Calyrex|Calyrex-Ice, L50|100/100\n|switch|p2b: Koraidon|Koraidon, L50|100/100\n|-ability|p2a: Calyrex|As One\n|-ability|p2a: Calyrex|Unnerve\n|-weather|SunnyDay|[from] ability: Orichalcum Pulse|[of] p1a: Koraidon\n|-activate|p1b: Flutter Mane|ability: Protosynthesis\n|-start|p1b: Flutter Mane|protosynthesisspe\n|-activate|p1a: Koraidon|Orichalcum Pulse|[source]\n|-activate|p2b: Koraidon|ability: Orichalcum Pulse\n|turn|1\n|\n|t:|1770620085\n|switch|p2b: Incineroar|Incineroar, L50, M|100/100\n|-ability|p2b: Incineroar|Intimidate|boost\n|-unboost|p1a: Koraidon|atk|1\n|-unboost|p1b: Flutter Mane|atk|1\n|-enditem|p1a: Koraidon|Eject Pack\n|inactive|Battle timer is ON: inactive players will automatically lose when time's up. (requested by fogdocker)\n|\n|t:|1770620106\n|switch|p1a: Incineroar|Incineroar, L50, M|100/100\n|-ability|p1a: Incineroar|Intimidate|boost\n|-unboost|p2a: Calyrex|atk|1\n|-unboost|p2b: Incineroar|atk|1\n|-terastallize|p2a: Calyrex|Water\n|move|p1b: Flutter Mane|Shadow Ball|p2a: Calyrex\n|-damage|p2a: Calyrex|77/100\n|move|p2a: Calyrex|Glacial Lance|p1b: Flutter Mane|[spread] p1a,p1b\n|-resisted|p1a: Incineroar\n|-damage|p1a: Incineroar|87/100\n|-damage|p1b: Flutter Mane|27/100\n|\n|-weather|SunnyDay|[upkeep]\n|-heal|p2a: Calyrex|83/100|[from] item: Leftovers\n|upkeep\n|turn|2\n|inactive|fogdocker has 30 seconds left.\n|inactive|Tepig_nNz_498 has 30 seconds left.\n|inactive|fogdocker has 20 seconds left.\n|inactive|Tepig_nNz_498 has 20 seconds left.\n|inactive|fogdocker has 15 seconds left.\n|inactive|Tepig_nNz_498 has 15 seconds left.\n|inactive|fogdocker has 10 seconds left.\n|\n|t:|1770620155\n|move|p1b: Flutter Mane|Moonblast|p2b: Incineroar\n|-damage|p2b: Incineroar|58/100\n|move|p1a: Incineroar|Will-O-Wisp|p2a: Calyrex\n|-status|p2a: Calyrex|brn\n|move|p2b: Incineroar|Knock Off|p1b: Flutter Mane\n|-damage|p1b: Flutter Mane|0 fnt\n|-enditem|p1b: Flutter Mane|Focus Sash|[from] move: Knock Off|[of] p2b: Incineroar\n|faint|p1b: Flutter Mane\n|-end|p1b: Flutter Mane|Protosynthesis|[silent]\n|move|p2a: Calyrex|Glacial Lance|p1a: Incineroar\n|-resisted|p1a: Incineroar\n|-damage|p1a: Incineroar|79/100\n|\n|-weather|SunnyDay|[upkeep]\n|-heal|p2a: Calyrex|88/100 brn|[from] item: Leftovers\n|-damage|p2a: Calyrex|83/100 brn|[from] brn\n|upkeep\n|\n|t:|1770620179\n|switch|p1b: Koraidon|Koraidon, L50|100/100\n|-activate|p1b: Koraidon|ability: Orichalcum Pulse\n|turn|3\n|\n|t:|1770620204\n|switch|p2b: Flutter Mane|Flutter Mane, L50|100/100\n|-activate|p2b: Flutter Mane|ability: Protosynthesis\n|-start|p2b: Flutter Mane|protosynthesisspe\n|move|p1b: Koraidon|Close Combat|p2b: Flutter Mane\n|-immune|p2b: Flutter Mane\n|move|p1a: Incineroar|Knock Off|p2a: Calyrex\n|-damage|p2a: Calyrex|61/100 brn\n|-enditem|p2a: Calyrex|Leftovers|[from] move: Knock Off|[of] p1a: Incineroar\n|move|p2a: Calyrex|Glacial Lance|p1a: Incineroar|[spread] p1a,p1b\n|-resisted|p1a: Incineroar\n|-supereffective|p1b: Koraidon\n|-damage|p1a: Incineroar|72/100\n|-damage|p1b: Koraidon|73/100\n|\n|-weather|SunnyDay|[upkeep]\n|-damage|p2a: Calyrex|55/100 brn|[from] brn\n|upkeep\n|turn|4\n|inactive|Tepig_nNz_498 has 30 seconds left.\n|inactive|fogdocker has 30 seconds left.\n|inactive|Tepig_nNz_498 has 20 seconds left.\n|inactive|Tepig_nNz_498 has 15 seconds left.\n|\n|t:|1770620248\n|switch|p2a: Incineroar|Incineroar, L50, M|58/100\n|-ability|p2a: Incineroar|Intimidate|boost\n|-unboost|p1a: Incineroar|atk|1\n|-unboost|p1b: Koraidon|atk|1\n|-terastallize|p1b: Koraidon|Fire\n|move|p2b: Flutter Mane|Protect|p2b: Flutter Mane\n|-singleturn|p2b: Flutter Mane|Protect\n|move|p1b: Koraidon|Flare Blitz|p2b: Flutter Mane\n|-activate|p2b: Flutter Mane|move: Protect\n|move|p1a: Incineroar|Parting Shot|p2b: Flutter Mane\n|-activate|p2b: Flutter Mane|move: Protect\n|\n|-weather|SunnyDay|[upkeep]\n|upkeep\n|turn|5\n|inactive|Tepig_nNz_498 has 30 seconds left.\n|\n|t:|1770620274\n|move|p2a: Incineroar|Fake Out|p1b: Koraidon\n|-damage|p1b: Koraidon|64/100\n|move|p2b: Flutter Mane|Moonblast|p1a: Incineroar\n|-damage|p1a: Incineroar|34/100\n|cant|p1b: Koraidon|flinch\n|move|p1a: Incineroar|Parting Shot|p2b: Flutter Mane\n|-unboost|p2b: Flutter Mane|atk|1\n|-unboost|p2b: Flutter Mane|spa|1\n|\n|t:|1770620283\n|switch|p1a: Lunala|Lunala, L50|100/100|[from] Parting Shot\n|\n|-weather|none\n|-end|p2b: Flutter Mane|Protosynthesis\n|upkeep\n|turn|6\n|\n|t:|1770620308\n|switch|p2a: Calyrex|Calyrex-Ice, L50, tera:Water|55/100 brn\n|-ability|p2a: Calyrex|As One\n|-ability|p2a: Calyrex|Unnerve\n|move|p2b: Flutter Mane|Protect|p2b: Flutter Mane\n|-singleturn|p2b: Flutter Mane|Protect\n|move|p1b: Koraidon|Close Combat|p2a: Calyrex\n|-damage|p2a: Calyrex|32/100 brn\n|-unboost|p1b: Koraidon|def|1\n|-unboost|p1b: Koraidon|spd|1\n|move|p1a: Lunala|Moongeist Beam|p2b: Flutter Mane\n|-activate|p2b: Flutter Mane|move: Protect\n|\n|-damage|p2a: Calyrex|26/100 brn|[from] brn\n|upkeep\n|turn|7\n|\n|t:|1770620331\n|switch|p1b: Incineroar|Incineroar, L50, M|34/100\n|-ability|p1b: Incineroar|Intimidate|boost\n|-unboost|p2a: Calyrex|atk|1\n|-unboost|p2b: Flutter Mane|atk|1\n|-end|p2b: Flutter Mane|Protosynthesis|[silent]\n|switch|p2b: Incineroar|Incineroar, L50, M|58/100\n|-ability|p2b: Incineroar|Intimidate|boost\n|-unboost|p1a: Lunala|atk|1\n|-unboost|p1b: Incineroar|atk|1\n|move|p1a: Lunala|Moongeist Beam|p2b: Incineroar\n|-resisted|p2b: Incineroar\n|-damage|p2b: Incineroar|36/100\n|move|p2a: Calyrex|Leech Seed|p1a: Lunala\n|-start|p1a: Lunala|move: Leech Seed\n|\n|-damage|p1a: Lunala|88/100|[from] Leech Seed|[of] p2a: Calyrex\n|-heal|p2a: Calyrex|40/100 brn|[silent]\n|-damage|p2a: Calyrex|34/100 brn|[from] brn\n|upkeep\n|turn|8\n|inactive|Tepig_nNz_498 has 30 seconds left.\n|\n|t:|1770620358\n|move|p1a: Lunala|Moonblast|p2b: Incineroar\n|-damage|p2b: Incineroar|6/100\n|move|p1b: Incineroar|Knock Off|p2b: Incineroar\n|-resisted|p2b: Incineroar\n|-damage|p2b: Incineroar|0 fnt\n|-enditem|p2b: Incineroar|Safety Goggles|[from] move: Knock Off|[of] p1b: Incineroar\n|faint|p2b: Incineroar\n|move|p2a: Calyrex|Leech Seed|p1b: Incineroar\n|-start|p1b: Incineroar|move: Leech Seed\n|\n|-heal|p1a: Lunala|94/100|[from] item: Leftovers\n|-damage|p1a: Lunala|82/100|[from] Leech Seed|[of] p2a: Calyrex\n|-heal|p2a: Calyrex|47/100 brn|[silent]\n|-damage|p1b: Incineroar|21/100|[from] Leech Seed|[of] p2a: Calyrex\n|-heal|p2a: Calyrex|59/100 brn|[silent]\n|-damage|p2a: Calyrex|54/100 brn|[from] brn\n|upkeep\n|\n|t:|1770620383\n|switch|p2b: Flutter Mane|Flutter Mane, L50|100/100\n|turn|9\n|\n|t:|1770620392\n|move|p1a: Lunala|Wide Guard|p1a: Lunala\n|-singleturn|p1a: Lunala|Wide Guard\n|move|p2b: Flutter Mane|Shadow Ball|p1a: Lunala\n|-supereffective|p1a: Lunala\n|-damage|p1a: Lunala|0 fnt\n|faint|p1a: Lunala\n|move|p1b: Incineroar|Parting Shot|p2b: Flutter Mane\n|-unboost|p2b: Flutter Mane|atk|1\n|-unboost|p2b: Flutter Mane|spa|1\n|\n|t:|1770620400\n|switch|p1b: Koraidon|Koraidon, L50, tera:Fire|64/100|[from] Parting Shot\n|-weather|SunnyDay|[from] ability: Orichalcum Pulse|[of] p1b: Koraidon\n|-activate|p2b: Flutter Mane|ability: Protosynthesis\n|-start|p2b: Flutter Mane|protosynthesisspe\n|-activate|p1b: Koraidon|Orichalcum Pulse|[source]\n|move|p2a: Calyrex|Glacial Lance|p1b: Koraidon\n|-activate|p1b: Koraidon|move: Wide Guard\n|\n|-weather|SunnyDay|[upkeep]\n|-damage|p2a: Calyrex|48/100 brn|[from] brn\n|upkeep\n|\n|t:|1770620413\n|switch|p1a: Incineroar|Incineroar, L50, M|21/100\n|-ability|p1a: Incineroar|Intimidate|boost\n|-unboost|p2a: Calyrex|atk|1\n|-unboost|p2b: Flutter Mane|atk|1\n|turn|10\n|inactive|Tepig_nNz_498 has 30 seconds left.\n|\n|t:|1770620441\n|move|p1a: Incineroar|Fake Out|p2a: Calyrex\n|-damage|p2a: Calyrex|42/100 brn\n|move|p2b: Flutter Mane|Moonblast|p1a: Incineroar\n|-damage|p1a: Incineroar|0 fnt\n|faint|p1a: Incineroar\n|move|p1b: Koraidon|Flare Blitz|p2b: Flutter Mane\n|-enditem|p2b: Flutter Mane|Focus Sash\n|-damage|p2b: Flutter Mane|1/100\n|-damage|p1b: Koraidon|39/100|[from] Recoil\n|cant|p2a: Calyrex|flinch\n|\n|-weather|SunnyDay|[upkeep]\n|-damage|p2a: Calyrex|36/100 brn|[from] brn\n|upkeep\n|turn|11\n|\n|t:|1770620453\n|move|p2b: Flutter Mane|Shadow Ball|p1b: Koraidon\n|-damage|p1b: Koraidon|8/100\n|move|p1b: Koraidon|Dragon Claw|p2a: Calyrex\n|-damage|p2a: Calyrex|2/100 brn\n|move|p2a: Calyrex|Glacial Lance|p1b: Koraidon\n|-resisted|p1b: Koraidon\n|-damage|p1b: Koraidon|1/100\n|\n|-weather|SunnyDay|[upkeep]\n|-damage|p2a: Calyrex|0 fnt|[from] brn\n|faint|p2a: Calyrex\n|upkeep\n|\n|t:|1770620460\n|switch|p2a: Koraidon|Koraidon, L50|100/100\n|-activate|p2a: Koraidon|ability: Orichalcum Pulse\n|turn|12\n|\n|t:|1770620465\n|move|p2b: Flutter Mane|Shadow Ball|p1b: Koraidon\n|-damage|p1b: Koraidon|0 fnt\n|faint|p1b: Koraidon\n|\n|win|fogdocker\n|raw|Tepig_nNz_498's rating: 1253 &rarr; <strong>1244</strong><br />(-9 for losing)\n|raw|fogdocker's rating: 1516 &rarr; <strong>1523</strong><br />(+7 for winning)\n|l|\u2606Tepig_nNz_498\n|player|p1|\n","uploadtime":1770620472,"views":11,"formatid":"gen9vgc2026regi","rating":1244,"private":0,"password":null}