{"id":"gen9vgc2026regi-2532724199","format":"[Gen 9] VGC 2026 Reg I","players":["Galact7adi","mikachu83983"],"log":"|j|\u2606Galact7adi\n|j|\u2606mikachu83983\n|t:|1770218598\n|gametype|doubles\n|player|p1|Galact7adi|2|1349\n|player|p2|mikachu83983|brock|1369\n|gen|9\n|tier|[Gen 9] VGC 2026 Reg I\n|rated|\n|rule|Species Clause: Limit one of each Pok\u00e9mon\n|rule|Item Clause: Limit 1 of each item\n|clearpoke\n|poke|p1|Miraidon, L50|\n|poke|p1|Calyrex-Ice, L50|\n|poke|p1|Farigiraf, L50, F|\n|poke|p1|Whimsicott, L50, F|\n|poke|p1|Incineroar, L50, M|\n|poke|p1|Ursaluna-Bloodmoon, L50, M|\n|poke|p2|Koraidon, L50|\n|poke|p2|Calyrex-Shadow, L50|\n|poke|p2|Scream Tail, L50|\n|poke|p2|Amoonguss, L50, F|\n|poke|p2|Flutter Mane, L50|\n|poke|p2|Incineroar, L50, M|\n|teampreview|4\n|inactive|Battle timer is ON: inactive players will automatically lose when time's up. (requested by Galact7adi)\n|j| yippeee_hooray\n|\n|t:|1770218628\n|teamsize|p1|4\n|teamsize|p2|4\n|start\n|switch|p1a: Miraidon|Miraidon, L50|100/100\n|switch|p1b: Whimsicott|Whimsicott, L50, F|100/100\n|switch|p2a: Primal Predator|Koraidon, L50, shiny|100/100\n|switch|p2b: Wolfey's Wrestler|Incineroar, L50, M|100/100\n|-weather|SunnyDay|[from] ability: Orichalcum Pulse|[of] p2a: Primal Predator\n|-activate|p2a: Primal Predator|Orichalcum Pulse|[source]\n|-fieldstart|move: Electric Terrain|[from] ability: Hadron Engine|[of] p1a: Miraidon\n|-ability|p2b: Wolfey's Wrestler|Intimidate|boost\n|-unboost|p1a: Miraidon|atk|1\n|-unboost|p1b: Whimsicott|atk|1\n|turn|1\n|inactive|Galact7adi has 30 seconds left.\n|\n|t:|1770218660\n|switch|p1a: Farigiraf|Farigiraf, L50, F|100/100\n|-enditem|p1a: Farigiraf|Electric Seed\n|-boost|p1a: Farigiraf|def|1|[from] item: Electric Seed\n|move|p2b: Wolfey's Wrestler|Fake Out||[still]\n|cant|p1a: Farigiraf|ability: Armor Tail|Fake Out|[of] p2b: Wolfey's Wrestler\n|move|p2a: Primal Predator|Flame Charge|p1b: Whimsicott\n|-supereffective|p1b: Whimsicott\n|-enditem|p1b: Whimsicott|Focus Sash\n|-damage|p1b: Whimsicott|1/100\n|-boost|p2a: Primal Predator|spe|1\n|-damage|p2a: Primal Predator|91/100|[from] item: Life Orb\n|move|p1b: Whimsicott|Moonblast|p2a: Primal Predator\n|-supereffective|p2a: Primal Predator\n|-damage|p2a: Primal Predator|0 fnt\n|faint|p2a: Primal Predator\n|\n|-weather|SunnyDay|[upkeep]\n|upkeep\n|\n|t:|1770218677\n|switch|p2a: Spectral Stallion|Calyrex-Shadow, L50|100/100\n|-ability|p2a: Spectral Stallion|As One\n|-ability|p2a: Spectral Stallion|Unnerve\n|turn|2\n|\n|t:|1770218692\n|-terastallize|p2a: Spectral Stallion|Water\n|move|p1b: Whimsicott|Tailwind|p1b: Whimsicott\n|-sidestart|p1: Galact7adi|move: Tailwind\n|move|p2a: Spectral Stallion|Substitute|p2a: Spectral Stallion\n|-start|p2a: Spectral Stallion|Substitute\n|-damage|p2a: Spectral Stallion|75/100\n|move|p1a: Farigiraf|Foul Play|p2a: Spectral Stallion\n|-activate|p2a: Spectral Stallion|move: Substitute|[damage]\n|move|p2b: Wolfey's Wrestler|Flare Blitz|p1a: Farigiraf\n|-damage|p1a: Farigiraf|61/100\n|-damage|p2b: Wolfey's Wrestler|86/100|[from] Recoil\n|\n|-weather|SunnyDay|[upkeep]\n|upkeep\n|turn|3\n|\n|t:|1770218710\n|move|p2a: Spectral Stallion|Protect|p2a: Spectral Stallion\n|-singleturn|p2a: Spectral Stallion|Protect\n|move|p1b: Whimsicott|Encore|p2a: Spectral Stallion\n|-activate|p2a: Spectral Stallion|move: Protect\n|move|p1a: Farigiraf|Psychic|p2a: Spectral Stallion\n|-activate|p2a: Spectral Stallion|move: Protect\n|move|p2b: Wolfey's Wrestler|U-turn|p1b: Whimsicott\n|-damage|p1b: Whimsicott|0 fnt\n|faint|p1b: Whimsicott\n|\n|t:|1770218720\n|switch|p2b: Jiggly Juggernaut|Scream Tail, L50|100/100|[from] U-turn\n|-activate|p2b: Jiggly Juggernaut|ability: Protosynthesis\n|-start|p2b: Jiggly Juggernaut|protosynthesisspe\n|\n|-weather|SunnyDay|[upkeep]\n|upkeep\n|\n|t:|1770218724\n|switch|p1b: Miraidon|Miraidon, L50|100/100\n|-activate|p1b: Miraidon|ability: Hadron Engine\n|turn|4\n|\n|t:|1770218732\n|move|p1b: Miraidon|Volt Switch|p2b: Jiggly Juggernaut\n|-damage|p2b: Jiggly Juggernaut|35/100\n|\n|t:|1770218735\n|switch|p1b: Calyrex|Calyrex-Ice, L50|100/100|[from] Volt Switch\n|-ability|p1b: Calyrex|As One\n|-ability|p1b: Calyrex|Unnerve\n|move|p2b: Jiggly Juggernaut|Disable||[still]\n|-fail|p2b: Jiggly Juggernaut\n|move|p2a: Spectral Stallion|Pollen Puff|p1a: Farigiraf\n|-supereffective|p1a: Farigiraf\n|-crit|p1a: Farigiraf\n|-damage|p1a: Farigiraf|0 fnt\n|faint|p1a: Farigiraf\n|-ability|p2a: Spectral Stallion|Grim Neigh|boost\n|-boost|p2a: Spectral Stallion|spa|1\n|\n|-weather|SunnyDay|[upkeep]\n|upkeep\n|\n|t:|1770218739\n|switch|p1a: Miraidon|Miraidon, L50|100/100\n|-activate|p1a: Miraidon|ability: Hadron Engine\n|turn|5\n|inactive|Galact7adi has 30 seconds left.\n|\n|t:|1770218772\n|-end|p2b: Jiggly Juggernaut|Protosynthesis|[silent]\n|switch|p2b: Wolfey's Wrestler|Incineroar, L50, M|86/100\n|-ability|p2b: Wolfey's Wrestler|Intimidate|boost\n|-unboost|p1a: Miraidon|atk|1\n|-fail|p1b: Calyrex|unboost|[from] item: Clear Amulet|[of] p1b: Calyrex\n|move|p1b: Calyrex|Protect|p1b: Calyrex\n|-singleturn|p1b: Calyrex|Protect\n|move|p1a: Miraidon|Discharge|p2b: Wolfey's Wrestler|[spread] p2a,p2b\n|-activate|p1b: Calyrex|move: Protect\n|-supereffective|p2a: Spectral Stallion\n|-end|p2a: Spectral Stallion|Substitute\n|-damage|p2b: Wolfey's Wrestler|26/100\n|move|p2a: Spectral Stallion|Astral Barrage|p1b: Calyrex|[spread] p1a\n|-activate|p1b: Calyrex|move: Protect\n|-damage|p1a: Miraidon|12/100\n|\n|-weather|none\n|-sideend|p1: Galact7adi|move: Tailwind\n|-fieldend|move: Electric Terrain\n|upkeep\n|turn|6\n|\n|t:|1770218792\n|-terastallize|p1b: Calyrex|Water\n|move|p2b: Wolfey's Wrestler|Fake Out|p1b: Calyrex\n|-crit|p1b: Calyrex\n|-damage|p1b: Calyrex|90/100\n|move|p2a: Spectral Stallion|Astral Barrage|p1a: Miraidon|[spread] p1a,p1b\n|-damage|p1a: Miraidon|0 fnt\n|-damage|p1b: Calyrex|23/100\n|faint|p1a: Miraidon\n|-ability|p2a: Spectral Stallion|Grim Neigh|boost\n|-boost|p2a: Spectral Stallion|spa|1\n|cant|p1b: Calyrex|flinch\n|\n|upkeep\n|turn|7\n|-message|Galact7adi forfeited.\n|\n|win|mikachu83983\n|raw|Galact7adi's rating: 1349 &rarr; <strong>1330</strong><br />(-19 for losing)\n|raw|mikachu83983's rating: 1369 &rarr; <strong>1388</strong><br />(+19 for winning)\n|l|\u2606Galact7adi\n|player|p1|\n|l|\u2606mikachu83983\n|player|p2|\n|l| yippeee_hooray\n|j| yippeee_hooray\n","uploadtime":1770219021,"views":14,"formatid":"gen9vgc2026regi","rating":1330,"private":0,"password":null}