{"id":"gen9vgc2026regi-2567905420","format":"[Gen 9] VGC 2026 Reg I","players":["blazerZZZ","clefci"],"log":"|j|\u2606blazerZZZ\n|j|\u2606clefci\n|t:|1774532417\n|gametype|doubles\n|player|p1|blazerZZZ|dawn|1548\n|player|p2|clefci|101|1565\n|gen|9\n|tier|[Gen 9] VGC 2026 Reg I\n|rated|\n|rule|Species Clause: Limit one of each Pok\u00e9mon\n|rule|Item Clause: Limit 1 of each item\n|clearpoke\n|poke|p1|Incineroar, L50, F|\n|poke|p1|Grimmsnarl, L50, M|\n|poke|p1|Calyrex-Ice, L50|\n|poke|p1|Landorus, L50, M|\n|poke|p1|Kyogre, L50|\n|poke|p1|Raging Bolt, L50|\n|poke|p2|Groudon, L50|\n|poke|p2|Lunala, L50|\n|poke|p2|Flutter Mane, L50|\n|poke|p2|Gouging Fire, L50|\n|poke|p2|Jumpluff, L50, F|\n|poke|p2|Raging Bolt, L50|\n|teampreview|4\n|inactive|Battle timer is ON: inactive players will automatically lose when time's up. (requested by clefci)\n|inactive|blazerZZZ has 60 seconds left.\n|\n|t:|1774532465\n|teamsize|p1|4\n|teamsize|p2|4\n|start\n|switch|p1a: Grimmsnarl|Grimmsnarl, L50, M|100/100\n|switch|p1b: Kyogre|Kyogre, L50|100/100\n|switch|p2a: Lunala|Lunala, L50|100/100\n|switch|p2b: Flutter Mane|Flutter Mane, L50|100/100\n|-weather|RainDance|[from] ability: Drizzle|[of] p1b: Kyogre\n|turn|1\n|inactive|blazerZZZ has 30 seconds left.\n|inactive|clefci has 30 seconds left.\n|inactive|blazerZZZ has 20 seconds left.\n|inactive|blazerZZZ has 15 seconds left.\n|\n|t:|1774532505\n|move|p1a: Grimmsnarl|Light Screen|p1a: Grimmsnarl\n|-sidestart|p1: blazerZZZ|move: Light Screen\n|move|p2b: Flutter Mane|Taunt|p1a: Grimmsnarl\n|-start|p1a: Grimmsnarl|move: Taunt\n|move|p2a: Lunala|Moongeist Beam|p1b: Kyogre\n|-damage|p1b: Kyogre|76/100\n|move|p1b: Kyogre|Origin Pulse|p2b: Flutter Mane|[spread] p2a,p2b\n|-damage|p2a: Lunala|74/100\n|-damage|p2b: Flutter Mane|23/100\n|-enditem|p2b: Flutter Mane|Sitrus Berry|[eat]\n|-heal|p2b: Flutter Mane|47/100|[from] item: Sitrus Berry\n|\n|-weather|RainDance|[upkeep]\n|upkeep\n|turn|2\n|\n|t:|1774532528\n|move|p2b: Flutter Mane|Moonblast|p1a: Grimmsnarl\n|-supereffective|p1a: Grimmsnarl\n|-damage|p1a: Grimmsnarl|59/100\n|move|p2a: Lunala|Moongeist Beam|p1b: Kyogre\n|-damage|p1b: Kyogre|52/100\n|move|p1b: Kyogre|Origin Pulse|p2a: Lunala|[spread] p2b\n|-miss|p1b: Kyogre|p2a: Lunala\n|-damage|p2b: Flutter Mane|0 fnt\n|faint|p2b: Flutter Mane\n|-end|p2b: Flutter Mane|Protosynthesis|[silent]\n|move|p1a: Grimmsnarl|Spirit Break|p2a: Lunala\n|-damage|p2a: Lunala|48/100\n|-unboost|p2a: Lunala|spa|1\n|\n|-weather|RainDance|[upkeep]\n|upkeep\n|\n|t:|1774532538\n|switch|p2b: Groudon|Groudon, L50|100/100\n|-weather|SunnyDay|[from] ability: Drought|[of] p2b: Groudon\n|turn|3\n|inactive|blazerZZZ has 30 seconds left.\n|\n|t:|1774532577\n|switch|p2a: Gouging Fire|Gouging Fire, L50|100/100\n|-activate|p2a: Gouging Fire|ability: Protosynthesis\n|-start|p2a: Gouging Fire|protosynthesisspe\n|move|p2b: Groudon|Precipice Blades|p1b: Kyogre|[spread] p1a,p1b\n|-damage|p1a: Grimmsnarl|0 fnt\n|-damage|p1b: Kyogre|6/100\n|faint|p1a: Grimmsnarl\n|move|p1b: Kyogre|Origin Pulse|p2b: Groudon|[spread] p2a,p2b\n|-supereffective|p2b: Groudon\n|-damage|p2a: Gouging Fire|76/100\n|-damage|p2b: Groudon|62/100\n|\n|-weather|SunnyDay|[upkeep]\n|upkeep\n|\n|t:|1774532591\n|switch|p1a: Incineroar|Incineroar, L50, F|100/100\n|-ability|p1a: Incineroar|Intimidate|boost\n|-unboost|p2a: Gouging Fire|atk|1\n|-unboost|p2b: Groudon|atk|1\n|turn|4\n|\n|t:|1774532611\n|switch|p1b: Calyrex|Calyrex-Ice, L50|100/100\n|-ability|p1b: Calyrex|As One\n|-ability|p1b: Calyrex|Unnerve\n|-terastallize|p2a: Gouging Fire|Fire\n|move|p1a: Incineroar|Fake Out|p2b: Groudon\n|-damage|p2b: Groudon|55/100\n|move|p2a: Gouging Fire|Flare Blitz|p1a: Incineroar\n|-resisted|p1a: Incineroar\n|-damage|p1a: Incineroar|61/100\n|-damage|p2a: Gouging Fire|63/100|[from] Recoil\n|move|p2b: Groudon|Precipice Blades|p1a: Incineroar|[spread] p1a,p1b\n|-supereffective|p1a: Incineroar\n|-damage|p1a: Incineroar|2/100\n|-damage|p1b: Calyrex|79/100\n|\n|-weather|SunnyDay|[upkeep]\n|-heal|p1b: Calyrex|84/100|[from] item: Leftovers\n|upkeep\n|turn|5\n|inactive|blazerZZZ has 30 seconds left.\n|inactive|clefci has 30 seconds left.\n|\n|t:|1774532644\n|switch|p1a: Kyogre|Kyogre, L50|6/100\n|-weather|RainDance|[from] ability: Drizzle|[of] p1a: Kyogre\n|-end|p2a: Gouging Fire|Protosynthesis\n|-terastallize|p1b: Calyrex|Fairy\n|move|p2a: Gouging Fire|Dragon Claw|p1a: Kyogre\n|-damage|p1a: Kyogre|0 fnt\n|faint|p1a: Kyogre\n|move|p2b: Groudon|Will-O-Wisp|p1b: Calyrex\n|-status|p1b: Calyrex|brn\n|move|p1b: Calyrex|Leech Seed|p2a: Gouging Fire\n|-start|p2a: Gouging Fire|move: Leech Seed\n|\n|-weather|RainDance|[upkeep]\n|-heal|p1b: Calyrex|90/100 brn|[from] item: Leftovers\n|-damage|p2a: Gouging Fire|51/100|[from] Leech Seed|[of] p1b: Calyrex\n|-heal|p1b: Calyrex|100/100 brn|[silent]\n|-damage|p1b: Calyrex|95/100 brn|[from] brn\n|upkeep\n|\n|t:|1774532664\n|switch|p1a: Incineroar|Incineroar, L50, F|2/100\n|-ability|p1a: Incineroar|Intimidate|boost\n|-unboost|p2a: Gouging Fire|atk|1\n|-unboost|p2b: Groudon|atk|1\n|turn|6\n|\n|t:|1774532672\n|-end|p2a: Gouging Fire|Protosynthesis|[silent]\n|switch|p2a: Lunala|Lunala, L50|48/100\n|move|p1a: Incineroar|Fake Out|p2a: Lunala\n|-immune|p2a: Lunala\n|move|p2b: Groudon|Precipice Blades|p1b: Calyrex|[spread] p1a,p1b\n|-supereffective|p1a: Incineroar\n|-crit|p1a: Incineroar\n|-damage|p1a: Incineroar|0 fnt\n|-damage|p1b: Calyrex|81/100 brn\n|faint|p1a: Incineroar\n|move|p1b: Calyrex|Leech Seed|p2b: Groudon\n|-start|p2b: Groudon|move: Leech Seed\n|\n|-weather|RainDance|[upkeep]\n|-heal|p1b: Calyrex|87/100 brn|[from] item: Leftovers\n|-damage|p2b: Groudon|43/100|[from] Leech Seed|[of] p1b: Calyrex\n|-heal|p1b: Calyrex|99/100 brn|[silent]\n|-damage|p1b: Calyrex|93/100 brn|[from] brn\n|upkeep\n|turn|7\n|j| elitedoublespro\n|\n|t:|1774532694\n|switch|p2b: Gouging Fire|Gouging Fire, L50, tera:Fire|51/100\n|move|p2a: Lunala|Moongeist Beam|p1b: Calyrex\n|-damage|p1b: Calyrex|56/100 brn\n|move|p1b: Calyrex|Leech Seed|p2a: Lunala\n|-start|p2a: Lunala|move: Leech Seed\n|\n|-weather|RainDance|[upkeep]\n|-heal|p1b: Calyrex|62/100 brn|[from] item: Leftovers\n|-damage|p2a: Lunala|36/100|[from] Leech Seed|[of] p1b: Calyrex\n|-heal|p1b: Calyrex|76/100 brn|[silent]\n|-damage|p1b: Calyrex|70/100 brn|[from] brn\n|upkeep\n|turn|8\n|\n|t:|1774532717\n|switch|p2a: Groudon|Groudon, L50|43/100\n|-weather|SunnyDay|[from] ability: Drought|[of] p2a: Groudon\n|-activate|p2b: Gouging Fire|ability: Protosynthesis\n|-start|p2b: Gouging Fire|protosynthesisspe\n|move|p2b: Gouging Fire|Flare Blitz|p1b: Calyrex\n|-damage|p1b: Calyrex|0 fnt\n|faint|p1b: Calyrex\n|-damage|p2b: Gouging Fire|26/100|[from] Recoil\n|\n|win|clefci\n|raw|blazerZZZ's rating: 1548 &rarr; <strong>1529</strong><br />(-19 for losing)\n|raw|clefci's rating: 1565 &rarr; <strong>1584</strong><br />(+19 for winning)\n|l|\u2606blazerZZZ\n|player|p1|\n|l|\u2606clefci\n|player|p2|\n|l| elitedoublespro\n","uploadtime":1774532868,"views":16,"formatid":"gen9vgc2026regi","rating":1529,"private":0,"password":null}