{"id":"gen9vgc2026regi-2563149970","format":"[Gen 9] VGC 2026 Reg I","players":["Jonen","kjhesgn"],"log":"|j|\u2606Jonen\n|j|\u2606kjhesgn\n|t:|1773994549\n|gametype|doubles\n|player|p1|Jonen|medium|1275\n|player|p2|kjhesgn|dawn|1270\n|gen|9\n|tier|[Gen 9] VGC 2026 Reg I\n|rated|\n|rule|Species Clause: Limit one of each Pok\u00e9mon\n|rule|Item Clause: Limit 1 of each item\n|clearpoke\n|poke|p1|Groudon, L50|\n|poke|p1|Chi-Yu, L50|\n|poke|p1|Flutter Mane, L50|\n|poke|p1|Raging Bolt, L50|\n|poke|p1|Calyrex-Ice, L50|\n|poke|p1|Jumpluff, L50, M|\n|poke|p2|Calyrex-Shadow, L50|\n|poke|p2|Zamazenta-*, L50|\n|poke|p2|Chien-Pao, L50|\n|poke|p2|Chi-Yu, L50|\n|poke|p2|Ogerpon-Cornerstone, L50, F|\n|poke|p2|Amoonguss, L50, F|\n|teampreview|4\n|\n|t:|1773994577\n|teamsize|p1|4\n|teamsize|p2|4\n|start\n|switch|p1a: Groudon|Groudon, L50|100/100\n|switch|p1b: Jumpluff|Jumpluff, L50, M|100/100\n|switch|p2a: Ogerpon|Ogerpon-Cornerstone, L50, F|100/100\n|switch|p2b: Calyrex|Calyrex-Shadow, L50|100/100\n|-ability|p2b: Calyrex|As One\n|-ability|p2b: Calyrex|Unnerve\n|-weather|SunnyDay|[from] ability: Drought|[of] p1a: Groudon\n|turn|1\n|\n|t:|1773994602\n|move|p2b: Calyrex|Protect|p2b: Calyrex\n|-singleturn|p2b: Calyrex|Protect\n|move|p1b: Jumpluff|Tailwind|p1b: Jumpluff\n|-sidestart|p1: Jonen|move: Tailwind\n|move|p1a: Groudon|Precipice Blades|p2b: Calyrex|[spread] p2a\n|-activate|p2b: Calyrex|move: Protect\n|-damage|p2a: Ogerpon|32/100\n|move|p2a: Ogerpon|Wood Hammer|p1a: Groudon\n|-supereffective|p1a: Groudon\n|-damage|p1a: Groudon|11/100\n|-damage|p2a: Ogerpon|0 fnt|[from] Recoil\n|faint|p2a: Ogerpon\n|\n|-weather|SunnyDay|[upkeep]\n|upkeep\n|\n|t:|1773994613\n|switch|p2a: Zamazenta|Zamazenta-Crowned, L50|100/100\n|-ability|p2a: Zamazenta|Dauntless Shield|boost\n|-boost|p2a: Zamazenta|def|1\n|turn|2\n|\n|t:|1773994620\n|move|p1b: Jumpluff|Encore|p2b: Calyrex\n|-start|p2b: Calyrex|Encore\n|move|p1a: Groudon|High Horsepower|p2a: Zamazenta\n|-supereffective|p2a: Zamazenta\n|-damage|p2a: Zamazenta|60/100\n|move|p2b: Calyrex|Protect|p2b: Calyrex\n|-singleturn|p2b: Calyrex|Protect\n|move|p2a: Zamazenta|Body Press|p1a: Groudon\n|-damage|p1a: Groudon|0 fnt\n|faint|p1a: Groudon\n|\n|-weather|SunnyDay|[upkeep]\n|upkeep\n|\n|t:|1773994631\n|switch|p1a: Chi-Yu|Chi-Yu, L50|100/100\n|-ability|p1a: Chi-Yu|Beads of Ruin\n|turn|3\n|\n|t:|1773994654\n|switch|p2b: Amoonguss|Amoonguss, L50, F|100/100\n|-terastallize|p1a: Chi-Yu|Ghost\n|-terastallize|p2a: Zamazenta|Dragon\n|move|p1b: Jumpluff|Sleep Powder|p2a: Zamazenta\n|-status|p2a: Zamazenta|slp|[from] move: Sleep Powder\n|move|p1a: Chi-Yu|Heat Wave|p2a: Zamazenta|[spread] p2a,p2b\n|-resisted|p2a: Zamazenta\n|-supereffective|p2b: Amoonguss\n|-damage|p2a: Zamazenta|35/100 slp\n|-damage|p2b: Amoonguss|0 fnt\n|faint|p2b: Amoonguss\n|cant|p2a: Zamazenta|slp\n|\n|-weather|SunnyDay|[upkeep]\n|upkeep\n|\n|t:|1773994659\n|switch|p2b: Calyrex|Calyrex-Shadow, L50|100/100\n|-ability|p2b: Calyrex|As One\n|-ability|p2b: Calyrex|Unnerve\n|turn|4\n|\n|t:|1773994669\n|move|p1b: Jumpluff|Pollen Puff|p2b: Calyrex\n|-damage|p2b: Calyrex|81/100\n|move|p1a: Chi-Yu|Heat Wave|p2b: Calyrex|[spread] p2a,p2b\n|-resisted|p2a: Zamazenta\n|-damage|p2a: Zamazenta|6/100 slp\n|-damage|p2b: Calyrex|5/100\n|move|p2b: Calyrex|Astral Barrage|p1a: Chi-Yu|[spread] p1a,p1b\n|-supereffective|p1a: Chi-Yu\n|-damage|p1a: Chi-Yu|0 fnt\n|-damage|p1b: Jumpluff|35/100\n|faint|p1a: Chi-Yu\n|-ability|p2b: Calyrex|Grim Neigh|boost\n|-boost|p2b: Calyrex|spa|1\n|cant|p2a: Zamazenta|slp\n|\n|-weather|SunnyDay|[upkeep]\n|-sideend|p1: Jonen|move: Tailwind\n|upkeep\n|\n|t:|1773994677\n|switch|p1a: Calyrex|Calyrex-Ice, L50|100/100\n|-ability|p1a: Calyrex|As One\n|-ability|p1a: Calyrex|Unnerve\n|turn|5\n|\n|t:|1773994698\n|move|p2b: Calyrex|Protect|p2b: Calyrex\n|-singleturn|p2b: Calyrex|Protect\n|move|p1b: Jumpluff|Pollen Puff|p2b: Calyrex\n|-activate|p2b: Calyrex|move: Protect\n|-curestatus|p2a: Zamazenta|slp|[msg]\n|move|p2a: Zamazenta|Body Press|p1a: Calyrex\n|-damage|p1a: Calyrex|67/100\n|move|p1a: Calyrex|Trick Room|p1a: Calyrex\n|-fieldstart|move: Trick Room|[of] p1a: Calyrex\n|\n|-weather|none\n|upkeep\n|turn|6\n|\n|t:|1773994712\n|move|p2a: Zamazenta|Wide Guard|p2a: Zamazenta\n|-singleturn|p2a: Zamazenta|Wide Guard\n|move|p1a: Calyrex|Glacial Lance|p2b: Calyrex|[spread] \n|-activate|p2a: Zamazenta|move: Wide Guard\n|-activate|p2b: Calyrex|move: Wide Guard\n|move|p1b: Jumpluff|Pollen Puff|p2b: Calyrex\n|-damage|p2b: Calyrex|0 fnt\n|faint|p2b: Calyrex\n|\n|upkeep\n|turn|7\n|\n|t:|1773994723\n|move|p2a: Zamazenta|Protect||[still]\n|-fail|p2a: Zamazenta\n|move|p1a: Calyrex|Glacial Lance|p2a: Zamazenta\n|-supereffective|p2a: Zamazenta\n|-damage|p2a: Zamazenta|0 fnt\n|faint|p2a: Zamazenta\n|\n|win|Jonen\n|raw|Jonen's rating: 1275 &rarr; <strong>1300</strong><br />(+25 for winning)\n|raw|kjhesgn's rating: 1270 &rarr; <strong>1245</strong><br />(-25 for losing)\n","uploadtime":1773994723,"views":11,"formatid":"gen9vgc2026regi","rating":1245,"private":0,"password":null}