{"id":"gen9vgc2026regi-2528217494","format":"[Gen 9] VGC 2026 Reg I","players":["mike609","Schimmli"],"log":"|j|\u2606mike609\n|j|\u2606Schimmli\n|t:|1769631006\n|gametype|doubles\n|player|p1|mike609|2|1372\n|player|p2|Schimmli|266|1491\n|gen|9\n|tier|[Gen 9] VGC 2026 Reg I\n|rated|\n|rule|Species Clause: Limit one of each Pok\u00e9mon\n|rule|Item Clause: Limit 1 of each item\n|clearpoke\n|poke|p1|Koraidon, L50|\n|poke|p1|Chi-Yu, L50|\n|poke|p1|Calyrex-Shadow, L50|\n|poke|p1|Clefairy, L50, M|\n|poke|p1|Rillaboom, L50, M|\n|poke|p1|Tornadus, L50, M|\n|poke|p2|Kyogre, L50|\n|poke|p2|Tornadus, L50, M|\n|poke|p2|Urshifu-*, L50, F|\n|poke|p2|Landorus, L50, M|\n|poke|p2|Flutter Mane, L50|\n|poke|p2|Zamazenta-*, L50|\n|teampreview|4\n|c|\u2606mike609|glhf\n|c|\u2606Schimmli|glhf\n|\n|t:|1769631047\n|teamsize|p1|4\n|teamsize|p2|4\n|start\n|switch|p1a: Calyrex|Calyrex-Shadow, L50|100/100\n|switch|p1b: Clefairy|Clefairy, L50, M|100/100\n|switch|p2a: Zamazenta|Zamazenta-Crowned, L50|100/100\n|switch|p2b: Flutter Mane|Flutter Mane, L50|100/100\n|-ability|p1a: Calyrex|As One\n|-ability|p1a: Calyrex|Unnerve\n|-ability|p2a: Zamazenta|Dauntless Shield|boost\n|-boost|p2a: Zamazenta|def|1\n|-enditem|p2b: Flutter Mane|Booster Energy\n|-activate|p2b: Flutter Mane|ability: Protosynthesis|[fromitem]\n|-start|p2b: Flutter Mane|protosynthesisspe\n|turn|1\n|\n|t:|1769631074\n|-terastallize|p2b: Flutter Mane|Fairy\n|move|p1b: Clefairy|Follow Me|p1b: Clefairy\n|-singleturn|p1b: Clefairy|move: Follow Me\n|move|p2b: Flutter Mane|Moonblast|p1b: Clefairy\n|-damage|p1b: Clefairy|58/100\n|-unboost|p1b: Clefairy|spa|1\n|move|p1a: Calyrex|Psychic|p2a: Zamazenta\n|-damage|p2a: Zamazenta|42/100\n|move|p2a: Zamazenta|Heavy Slam|p1b: Clefairy\n|-supereffective|p1b: Clefairy\n|-damage|p1b: Clefairy|0 fnt\n|faint|p1b: Clefairy\n|\n|upkeep\n|\n|t:|1769631091\n|switch|p1b: Koraidon|Koraidon, L50|100/100\n|-weather|SunnyDay|[from] ability: Orichalcum Pulse|[of] p1b: Koraidon\n|-activate|p1b: Koraidon|Orichalcum Pulse|[source]\n|turn|2\n|\n|t:|1769631150\n|switch|p1b: Tornadus|Tornadus, L50, M|100/100\n|-terastallize|p1a: Calyrex|Grass\n|move|p2b: Flutter Mane|Icy Wind|p1a: Calyrex|[spread] p1a,p1b\n|-supereffective|p1a: Calyrex\n|-supereffective|p1b: Tornadus\n|-damage|p1a: Calyrex|79/100\n|-damage|p1b: Tornadus|68/100\n|-unboost|p1a: Calyrex|spe|1\n|-unboost|p1b: Tornadus|spe|1\n|move|p2a: Zamazenta|Body Press|p1b: Tornadus\n|-resisted|p1b: Tornadus\n|-damage|p1b: Tornadus|12/100\n|move|p1a: Calyrex|Psychic|p2a: Zamazenta\n|-damage|p2a: Zamazenta|0 fnt\n|faint|p2a: Zamazenta\n|-ability|p1a: Calyrex|Grim Neigh|boost\n|-boost|p1a: Calyrex|spa|1\n|\n|-weather|SunnyDay|[upkeep]\n|upkeep\n|\n|t:|1769631173\n|switch|p2a: Tornadus|Tornadus, L50, M|100/100\n|turn|3\n|\n|t:|1769631192\n|move|p1b: Tornadus|Protect|p1b: Tornadus\n|-singleturn|p1b: Tornadus|Protect\n|move|p2a: Tornadus|Tailwind|p2a: Tornadus\n|-sidestart|p2: Schimmli|move: Tailwind\n|move|p2b: Flutter Mane|Moonblast|p1a: Calyrex\n|-damage|p1a: Calyrex|24/100\n|move|p1a: Calyrex|Psychic|p2b: Flutter Mane\n|-damage|p2b: Flutter Mane|0 fnt\n|faint|p2b: Flutter Mane\n|-end|p2b: Flutter Mane|Protosynthesis|[silent]\n|-ability|p1a: Calyrex|Grim Neigh|boost\n|-boost|p1a: Calyrex|spa|1\n|\n|-weather|SunnyDay|[upkeep]\n|upkeep\n|\n|t:|1769631202\n|switch|p2b: Kyogre|Kyogre, L50|100/100\n|-weather|RainDance|[from] ability: Drizzle|[of] p2b: Kyogre\n|turn|4\n|\n|t:|1769631213\n|switch|p1a: Koraidon|Koraidon, L50|100/100\n|-weather|SunnyDay|[from] ability: Orichalcum Pulse|[of] p1a: Koraidon\n|-activate|p1a: Koraidon|Orichalcum Pulse|[source]\n|move|p1b: Tornadus|Tailwind|p1b: Tornadus\n|-sidestart|p1: mike609|move: Tailwind\n|move|p2a: Tornadus|Bleakwind Storm|p1a: Koraidon|[spread] p1a,p1b\n|-supereffective|p1a: Koraidon\n|-damage|p1a: Koraidon|41/100\n|-damage|p1b: Tornadus|0 fnt\n|faint|p1b: Tornadus\n|move|p2b: Kyogre|Water Spout|p1a: Koraidon\n|-resisted|p1a: Koraidon\n|-damage|p1a: Koraidon|11/100\n|\n|-weather|SunnyDay|[upkeep]\n|upkeep\n|\n|t:|1769631220\n|switch|p1b: Calyrex|Calyrex-Shadow, L50, tera:Grass|24/100\n|-ability|p1b: Calyrex|As One\n|-ability|p1b: Calyrex|Unnerve\n|turn|5\n|\n|t:|1769631259\n|move|p2a: Tornadus|Rain Dance|p2a: Tornadus\n|-weather|RainDance\n|move|p1b: Calyrex|Astral Barrage|p2a: Tornadus|[spread] p2a,p2b\n|-damage|p2a: Tornadus|10/100\n|-damage|p2b: Kyogre|42/100\n|move|p1a: Koraidon|Collision Course|p2a: Tornadus\n|-resisted|p2a: Tornadus\n|-damage|p2a: Tornadus|0 fnt\n|faint|p2a: Tornadus\n|move|p2b: Kyogre|Water Spout|p1a: Koraidon|[spread] p1a,p1b\n|-resisted|p1a: Koraidon\n|-resisted|p1b: Calyrex\n|-damage|p1a: Koraidon|0 fnt\n|-damage|p1b: Calyrex|0 fnt\n|faint|p1a: Koraidon\n|faint|p1b: Calyrex\n|\n|win|Schimmli\n|raw|mike609's rating: 1372 &rarr; <strong>1359</strong><br />(-13 for losing)\n|raw|Schimmli's rating: 1491 &rarr; <strong>1504</strong><br />(+13 for winning)\n|c|\u2606mike609|gg\n|l|\u2606Schimmli\n|player|p2|\n|l|\u2606mike609\n|player|p1|\n","uploadtime":1769631518,"views":12,"formatid":"gen9vgc2026regi","rating":1359,"private":0,"password":null}