{"id":"gen9vgc2026regi-2582210021","format":"[Gen 9] VGC 2026 Reg I","players":["KCLord","phuc2704"],"log":"|j|\u2606KCLord\n|j|\u2606phuc2704\n|t:|1776071647\n|gametype|doubles\n|player|p1|KCLord|cynthia-gen4|1481\n|player|p2|phuc2704|1|1460\n|gen|9\n|tier|[Gen 9] VGC 2026 Reg I\n|rated|\n|rule|Species Clause: Limit one of each Pok\u00e9mon\n|rule|Item Clause: Limit 1 of each item\n|clearpoke\n|poke|p1|Calyrex-Shadow, L50|\n|poke|p1|Zamazenta-*, L50|\n|poke|p1|Chien-Pao, L50|\n|poke|p1|Dragonite, L50, M|\n|poke|p1|Raging Bolt, L50|\n|poke|p1|Ogerpon-Cornerstone, L50, F|\n|poke|p2|Rayquaza, L50|\n|poke|p2|Incineroar, L50, M|\n|poke|p2|Chien-Pao, L50|\n|poke|p2|Amoonguss, L50, M|\n|poke|p2|Urshifu-*, L50, M|\n|poke|p2|Zamazenta-*, L50|\n|teampreview|4\n|\n|t:|1776071677\n|teamsize|p1|4\n|teamsize|p2|4\n|start\n|switch|p1a: Green Goober|Dragonite, L50, M|100/100\n|switch|p1b: Arlie|Chien-Pao, L50|100/100\n|switch|p2a: Zamazenta|Zamazenta-Crowned, L50|100/100\n|switch|p2b: Urshifu|Urshifu-Rapid-Strike, L50, M|100/100\n|-ability|p1b: Arlie|Sword of Ruin\n|-ability|p2a: Zamazenta|Dauntless Shield|boost\n|-boost|p2a: Zamazenta|def|1\n|turn|1\n|\n|t:|1776071705\n|move|p1a: Green Goober|Extreme Speed|p2b: Urshifu\n|-damage|p2b: Urshifu|37/100\n|move|p2b: Urshifu|Surging Strikes|p1b: Arlie\n|-crit|p1b: Arlie\n|-damage|p1b: Arlie|75/100\n|-crit|p1b: Arlie\n|-damage|p1b: Arlie|49/100\n|-crit|p1b: Arlie\n|-damage|p1b: Arlie|25/100\n|-hitcount|p1b: Arlie|3\n|move|p1b: Arlie|Ruination|p2a: Zamazenta\n|-damage|p2a: Zamazenta|51/100\n|move|p2a: Zamazenta|Iron Defense|p2a: Zamazenta\n|-boost|p2a: Zamazenta|def|2\n|\n|upkeep\n|turn|2\n|\n|t:|1776071737\n|switch|p2b: Amoonguss|Amoonguss, L50, M|100/100\n|move|p1a: Green Goober|Extreme Speed|p2b: Amoonguss\n|-damage|p2b: Amoonguss|50/100\n|-damage|p1a: Green Goober|84/100|[from] item: Rocky Helmet|[of] p2b: Amoonguss\n|move|p1b: Arlie|Icy Wind|p2a: Zamazenta|[spread] p2a,p2b\n|-resisted|p2a: Zamazenta\n|-supereffective|p2b: Amoonguss\n|-damage|p2a: Zamazenta|48/100\n|-damage|p2b: Amoonguss|30/100\n|-unboost|p2a: Zamazenta|spe|1\n|-unboost|p2b: Amoonguss|spe|1\n|move|p2a: Zamazenta|Behemoth Bash|p1b: Arlie\n|-supereffective|p1b: Arlie\n|-damage|p1b: Arlie|0 fnt\n|faint|p1b: Arlie\n|\n|upkeep\n|\n|t:|1776071751\n|switch|p1b: PinkPonyClub|Calyrex-Shadow, L50|100/100\n|-ability|p1b: PinkPonyClub|As One\n|-ability|p1b: PinkPonyClub|Unnerve\n|turn|3\n|\n|t:|1776071758\n|switch|p2b: Incineroar|Incineroar, L50, M|100/100\n|-ability|p2b: Incineroar|Intimidate|boost\n|-fail|p1a: Green Goober|unboost|Attack|[from] ability: Inner Focus|[of] p1a: Green Goober\n|-unboost|p1b: PinkPonyClub|atk|1\n|move|p2a: Zamazenta|Wide Guard|p2a: Zamazenta\n|-singleturn|p2a: Zamazenta|Wide Guard\n|move|p1a: Green Goober|Extreme Speed|p2b: Incineroar\n|-damage|p2b: Incineroar|59/100\n|move|p1b: PinkPonyClub|Psychic|p2a: Zamazenta\n|-damage|p2a: Zamazenta|16/100\n|-unboost|p2a: Zamazenta|spd|1\n|\n|upkeep\n|turn|4\n|\n|t:|1776071783\n|-terastallize|p1a: Green Goober|Normal\n|move|p2a: Zamazenta|Wide Guard|p2a: Zamazenta\n|-singleturn|p2a: Zamazenta|Wide Guard\n|move|p1a: Green Goober|Extreme Speed|p2b: Incineroar\n|-damage|p2b: Incineroar|0 fnt\n|faint|p2b: Incineroar\n|move|p1b: PinkPonyClub|Encore|p2a: Zamazenta\n|-start|p2a: Zamazenta|Encore\n|\n|upkeep\n|\n|t:|1776071792\n|switch|p2b: Urshifu|Urshifu-Rapid-Strike, L50, M|37/100\n|turn|5\n|\n|t:|1776071800\n|switch|p2a: Amoonguss|Amoonguss, L50, M|64/100\n|move|p1a: Green Goober|Extreme Speed|p2b: Urshifu\n|-damage|p2b: Urshifu|0 fnt\n|faint|p2b: Urshifu\n|move|p1b: PinkPonyClub|Psychic|p2a: Amoonguss\n|-supereffective|p2a: Amoonguss\n|-damage|p2a: Amoonguss|0 fnt\n|faint|p2a: Amoonguss\n|-ability|p1b: PinkPonyClub|Grim Neigh|boost\n|-boost|p1b: PinkPonyClub|spa|1\n|\n|upkeep\n|l|\u2606phuc2704\n|player|p2|\n|inactive|Battle timer is ON: inactive players will automatically lose when time's up. (requested by KCLord)\n|inactive|phuc2704 has 30 seconds to reconnect!\n|inactive|phuc2704 has 20 seconds to reconnect!\n|inactive|phuc2704 has 15 seconds to reconnect!\n|inactive|phuc2704 has 10 seconds to reconnect!\n|inactive|phuc2704 has 5 seconds to reconnect!\n|-message|phuc2704 lost due to inactivity.\n|\n|win|KCLord\n|raw|KCLord's rating: 1481 &rarr; <strong>1500</strong><br />(+19 for winning)\n|raw|phuc2704's rating: 1460 &rarr; <strong>1441</strong><br />(-19 for losing)\n|l|\u2606KCLord\n|player|p1|\n","uploadtime":1776072160,"views":13,"formatid":"gen9vgc2026regi","rating":1441,"private":0,"password":null}