{"id":"gen9vgc2026regi-2524049963","format":"[Gen 9] VGC 2026 Reg I","players":["montendoz","marcxhenry"],"log":"|j|\u2606montendoz\n|j|\u2606marcxhenry\n|t:|1769103386\n|gametype|doubles\n|player|p1|montendoz|265|1317\n|player|p2|marcxhenry|hilbert-wonderlauncher|1419\n|gen|9\n|tier|[Gen 9] VGC 2026 Reg I\n|rated|\n|rule|Species Clause: Limit one of each Pok\u00e9mon\n|rule|Item Clause: Limit 1 of each item\n|clearpoke\n|poke|p1|Calyrex-Ice, L50|\n|poke|p1|Lunala, L50|\n|poke|p1|Raging Bolt, L50|\n|poke|p1|Ursaluna, L50, F|\n|poke|p1|Torkoal, L50, F|\n|poke|p1|Annihilape, L50, M|\n|poke|p2|Calyrex-Shadow, L50|\n|poke|p2|Urshifu-*, L50, M|\n|poke|p2|Roaring Moon, L50|\n|poke|p2|Kyogre, L50|\n|poke|p2|Tsareena, L50, F|\n|poke|p2|Kingambit, L50, M|\n|teampreview|4\n|inactive|Battle timer is ON: inactive players will automatically lose when time's up. (requested by montendoz)\n|\n|t:|1769103414\n|teamsize|p1|4\n|teamsize|p2|4\n|start\n|switch|p1a: Lunala|Lunala, L50|100/100\n|switch|p1b: Annihilape|Annihilape, L50, M|100/100\n|switch|p2a: Ludwig|Calyrex-Shadow, L50|100/100\n|switch|p2b: Roter Baron|Roaring Moon, L50, shiny|100/100\n|-ability|p2a: Ludwig|As One\n|-ability|p2a: Ludwig|Unnerve\n|-enditem|p2b: Roter Baron|Booster Energy\n|-activate|p2b: Roter Baron|ability: Protosynthesis|[fromitem]\n|-start|p2b: Roter Baron|protosynthesisspe\n|turn|1\n|\n|t:|1769103436\n|-terastallize|p2b: Roter Baron|Flying\n|-terastallize|p1a: Lunala|Dark\n|move|p2b: Roter Baron|Acrobatics|p1b: Annihilape\n|-supereffective|p1b: Annihilape\n|-damage|p1b: Annihilape|0 fnt\n|faint|p1b: Annihilape\n|move|p2a: Ludwig|Trick Room|p2a: Ludwig\n|-fieldstart|move: Trick Room|[of] p2a: Ludwig\n|move|p1a: Lunala|Trick Room|p1a: Lunala\n|-fieldend|move: Trick Room\n|\n|upkeep\n|\n|t:|1769103450\n|switch|p1b: Torkoal|Torkoal, L50, F|100/100\n|-weather|SunnyDay|[from] ability: Drought|[of] p1b: Torkoal\n|turn|2\n|\n|t:|1769103459\n|move|p1a: Lunala|Wide Guard|p1a: Lunala\n|-singleturn|p1a: Lunala|Wide Guard\n|move|p2b: Roter Baron|Knock Off|p1b: Torkoal\n|-damage|p1b: Torkoal|60/100\n|-enditem|p1b: Torkoal|Charcoal|[from] move: Knock Off|[of] p2b: Roter Baron\n|move|p2a: Ludwig|Psychic|p1b: Torkoal\n|-damage|p1b: Torkoal|0 fnt\n|faint|p1b: Torkoal\n|-ability|p2a: Ludwig|Grim Neigh|boost\n|-boost|p2a: Ludwig|spa|1\n|\n|-weather|SunnyDay|[upkeep]\n|upkeep\n|\n|t:|1769103470\n|switch|p1b: Raging Bolt|Raging Bolt, L50|100/100\n|-activate|p1b: Raging Bolt|ability: Protosynthesis\n|-start|p1b: Raging Bolt|protosynthesisspa\n|turn|3\n|\n|t:|1769103479\n|-end|p2b: Roter Baron|Protosynthesis|[silent]\n|switch|p2b: Hermann|Kingambit, L50, M, shiny|100/100\n|move|p1b: Raging Bolt|Thunderclap||[still]\n|-fail|p1b: Raging Bolt\n|move|p2a: Ludwig|Astral Barrage|p1a: Lunala|[spread] p1a,p1b\n|-resisted|p1a: Lunala\n|-damage|p1a: Lunala|87/100\n|-damage|p1b: Raging Bolt|52/100\n|move|p1a: Lunala|Trick Room|p1a: Lunala\n|-fieldstart|move: Trick Room|[of] p1a: Lunala\n|\n|-weather|SunnyDay|[upkeep]\n|upkeep\n|turn|4\n|\n|t:|1769103497\n|move|p2a: Ludwig|Protect|p2a: Ludwig\n|-singleturn|p2a: Ludwig|Protect\n|move|p2b: Hermann|Brick Break|p1a: Lunala\n|-supereffective|p1a: Lunala\n|-damage|p1a: Lunala|43/100\n|move|p1a: Lunala|Moongeist Beam|p2a: Ludwig\n|-activate|p2a: Ludwig|move: Protect\n|move|p1b: Raging Bolt|Thunderbolt|p2b: Hermann\n|-damage|p2b: Hermann|57/100\n|\n|-weather|SunnyDay|[upkeep]\n|upkeep\n|turn|5\n|\n|t:|1769103522\n|move|p1a: Lunala|Wide Guard|p1a: Lunala\n|-singleturn|p1a: Lunala|Wide Guard\n|move|p2b: Hermann|Brick Break|p1a: Lunala\n|-supereffective|p1a: Lunala\n|-damage|p1a: Lunala|0 fnt\n|faint|p1a: Lunala\n|move|p1b: Raging Bolt|Snarl|p2a: Ludwig|[spread] p2a,p2b\n|-supereffective|p2a: Ludwig\n|-resisted|p2b: Hermann\n|-damage|p2a: Ludwig|14/100\n|-damage|p2b: Hermann|50/100\n|-unboost|p2a: Ludwig|spa|1\n|-unboost|p2b: Hermann|spa|1\n|-ability|p2b: Hermann|Defiant|boost\n|-boost|p2b: Hermann|atk|2\n|move|p2a: Ludwig|Trick Room|p2a: Ludwig\n|-fieldend|move: Trick Room\n|\n|-weather|SunnyDay|[upkeep]\n|upkeep\n|turn|6\n|\n|t:|1769103543\n|move|p2a: Ludwig|Protect|p2a: Ludwig\n|-singleturn|p2a: Ludwig|Protect\n|move|p1b: Raging Bolt|Thunderclap|p2b: Hermann\n|-damage|p2b: Hermann|15/100\n|move|p2b: Hermann|Kowtow Cleave|p1b: Raging Bolt\n|-damage|p1b: Raging Bolt|0 fnt\n|faint|p1b: Raging Bolt\n|-end|p1b: Raging Bolt|Protosynthesis|[silent]\n|\n|win|marcxhenry\n|raw|montendoz's rating: 1317 &rarr; <strong>1303</strong><br />(-14 for losing)\n|raw|marcxhenry's rating: 1419 &rarr; <strong>1433</strong><br />(+14 for winning)\n|l|\u2606montendoz\n|player|p1|\n|l|\u2606marcxhenry\n|player|p2|\n","uploadtime":1769103790,"views":13,"formatid":"gen9vgc2026regi","rating":1303,"private":0,"password":null}