{"id":"gen9vgc2026regi-2547518964","format":"[Gen 9] VGC 2026 Reg I","players":["jepeg","ThePhantom6969"],"log":"|j|\u2606jepeg\n|j|\u2606ThePhantom6969\n|t:|1772102447\n|gametype|doubles\n|player|p1|jepeg|beauty-gen4dp|1357\n|player|p2|ThePhantom6969|cynthia|1369\n|gen|9\n|tier|[Gen 9] VGC 2026 Reg I\n|rated|\n|rule|Species Clause: Limit one of each Pok\u00e9mon\n|rule|Item Clause: Limit 1 of each item\n|clearpoke\n|poke|p1|Calyrex-Ice, L50|\n|poke|p1|Annihilape, L50, F|\n|poke|p1|Oranguru, L50, F|\n|poke|p1|Miraidon, L50|\n|poke|p1|Ogerpon-Hearthflame, L50, F|\n|poke|p1|Bruxish, L50, F|\n|poke|p2|Koraidon, L50|\n|poke|p2|Calyrex-Ice, L50|\n|poke|p2|Incineroar, L50, M|\n|poke|p2|Flutter Mane, L50|\n|poke|p2|Amoonguss, L50, F|\n|poke|p2|Raging Bolt, L50|\n|teampreview|4\n|\n|t:|1772102470\n|teamsize|p1|4\n|teamsize|p2|4\n|start\n|switch|p1a: Annihilape|Annihilape, L50, F|100/100\n|switch|p1b: Calyrex|Calyrex-Ice, L50|100/100\n|switch|p2a: Pookie :3|Koraidon, L50, shiny|100/100\n|switch|p2b: Death :3|Flutter Mane, L50, shiny|100/100\n|-ability|p1b: Calyrex|As One\n|-ability|p1b: Calyrex|Unnerve\n|-weather|SunnyDay|[from] ability: Orichalcum Pulse|[of] p2a: Pookie :3\n|-activate|p2b: Death :3|ability: Protosynthesis\n|-start|p2b: Death :3|protosynthesisspe\n|-activate|p2a: Pookie :3|Orichalcum Pulse|[source]\n|turn|1\n|\n|t:|1772102505\n|-terastallize|p1b: Calyrex|Water\n|move|p2a: Pookie :3|Protect|p2a: Pookie :3\n|-singleturn|p2a: Pookie :3|Protect\n|move|p2b: Death :3|Taunt|p1b: Calyrex\n|-start|p1b: Calyrex|move: Taunt\n|move|p1a: Annihilape|Close Combat|p2a: Pookie :3\n|-activate|p2a: Pookie :3|move: Protect\n|cant|p1b: Calyrex|move: Taunt|Trick Room\n|\n|-weather|SunnyDay|[upkeep]\n|upkeep\n|turn|2\n|\n|t:|1772102531\n|-terastallize|p2a: Pookie :3|Fire\n|move|p2b: Death :3|Moonblast|p1a: Annihilape\n|-supereffective|p1a: Annihilape\n|-damage|p1a: Annihilape|2/100\n|-unboost|p1a: Annihilape|spa|1\n|-ability|p1a: Annihilape|Defiant|boost\n|-boost|p1a: Annihilape|atk|2\n|move|p1a: Annihilape|Close Combat|p2a: Pookie :3\n|-damage|p2a: Pookie :3|16/100\n|-unboost|p1a: Annihilape|def|1\n|-unboost|p1a: Annihilape|spd|1\n|move|p2a: Pookie :3|Flare Blitz|p1a: Annihilape\n|-damage|p1a: Annihilape|0 fnt\n|faint|p1a: Annihilape\n|-damage|p2a: Pookie :3|16/100|[from] Recoil\n|-damage|p2a: Pookie :3|6/100|[from] item: Life Orb\n|move|p1b: Calyrex|Glacial Lance|p2b: Death :3|[spread] p2a,p2b\n|-resisted|p2a: Pookie :3\n|-damage|p2a: Pookie :3|0 fnt\n|-enditem|p2b: Death :3|Focus Sash\n|-damage|p2b: Death :3|1/100\n|faint|p2a: Pookie :3\n|-ability|p1b: Calyrex|Chilling Neigh|boost\n|-boost|p1b: Calyrex|atk|1\n|\n|-weather|SunnyDay|[upkeep]\n|upkeep\n|\n|t:|1772102561\n|switch|p2a: evil|Calyrex-Ice, L50|100/100\n|switch|p1a: Miraidon|Miraidon, L50|100/100\n|-ability|p2a: evil|As One\n|-ability|p2a: evil|Unnerve\n|-fieldstart|move: Electric Terrain|[from] ability: Hadron Engine|[of] p1a: Miraidon\n|turn|3\n|\n|t:|1772102576\n|switch|p1a: Bruxish|Bruxish, L50, F, shiny|100/100\n|move|p2b: Death :3|Moonblast|p1a: Bruxish\n|-damage|p1a: Bruxish|26/100\n|move|p1b: Calyrex|Glacial Lance|p2a: evil|[spread] p2a,p2b\n|-resisted|p2a: evil\n|-damage|p2a: evil|77/100\n|-damage|p2b: Death :3|0 fnt\n|faint|p2b: Death :3\n|-end|p2b: Death :3|Protosynthesis|[silent]\n|-ability|p1b: Calyrex|Chilling Neigh|boost\n|-boost|p1b: Calyrex|atk|1\n|move|p2a: evil|Glacial Lance|p1b: Calyrex|[spread] p1a,p1b\n|-resisted|p1a: Bruxish\n|-resisted|p1b: Calyrex\n|-damage|p1a: Bruxish|0 fnt\n|-damage|p1b: Calyrex|83/100\n|faint|p1a: Bruxish\n|-ability|p2a: evil|Chilling Neigh|boost\n|-boost|p2a: evil|atk|1\n|\n|-weather|SunnyDay|[upkeep]\n|-end|p1b: Calyrex|move: Taunt\n|upkeep\n|\n|t:|1772102591\n|switch|p2b: Long Bike|Raging Bolt, L50|100/100\n|switch|p1a: Miraidon|Miraidon, L50|100/100\n|-activate|p1a: Miraidon|ability: Hadron Engine\n|-activate|p2b: Long Bike|ability: Protosynthesis\n|-start|p2b: Long Bike|protosynthesisspa\n|turn|4\n|\n|t:|1772102621\n|move|p1b: Calyrex|Protect|p1b: Calyrex\n|-singleturn|p1b: Calyrex|Protect\n|move|p1a: Miraidon|Draco Meteor|p2b: Long Bike\n|-supereffective|p2b: Long Bike\n|-damage|p2b: Long Bike|0 fnt\n|-unboost|p1a: Miraidon|spa|2\n|faint|p2b: Long Bike\n|-end|p2b: Long Bike|Protosynthesis|[silent]\n|move|p2a: evil|Glacial Lance|p1b: Calyrex|[spread] p1a\n|-activate|p1b: Calyrex|move: Protect\n|-supereffective|p1a: Miraidon\n|-damage|p1a: Miraidon|0 fnt\n|faint|p1a: Miraidon\n|-ability|p2a: evil|Chilling Neigh|boost\n|-boost|p2a: evil|atk|1\n|\n|-weather|SunnyDay|[upkeep]\n|upkeep\n|turn|5\n|\n|t:|1772102640\n|move|p1b: Calyrex|Glacial Lance|p2a: evil\n|-resisted|p2a: evil\n|-damage|p2a: evil|35/100\n|move|p2a: evil|High Horsepower|p1b: Calyrex\n|-damage|p1b: Calyrex|29/100\n|\n|-weather|none\n|upkeep\n|turn|6\n|\n|t:|1772102651\n|move|p1b: Calyrex|Glacial Lance|p2a: evil\n|-resisted|p2a: evil\n|-damage|p2a: evil|0 fnt\n|faint|p2a: evil\n|\n|win|jepeg\n|raw|jepeg's rating: 1357 &rarr; <strong>1378</strong><br />(+21 for winning)\n|raw|ThePhantom6969's rating: 1369 &rarr; <strong>1348</strong><br />(-21 for losing)\n|c|\u2606ThePhantom6969|damn\n|l|\u2606jepeg\n|player|p1|\n|c|\u2606ThePhantom6969|ggs\n|l|\u2606ThePhantom6969\n|player|p2|\n","uploadtime":1772102788,"views":17,"formatid":"gen9vgc2026regi","rating":1348,"private":0,"password":null}