{"id":"gen9vgc2026regi-2565214171","format":"[Gen 9] VGC 2026 Reg I","players":["Theobalt","I\u2764\ufe0f\u5a1c\u7984Forever"],"log":"|j|\u2606Theobalt\n|j|\u2606I\u2764\ufe0f\u5a1c\u7984Forever\n|t:|1774244940\n|gametype|doubles\n|player|p1|Theobalt|palmer|1358\n|player|p2|I\u2764\ufe0f\u5a1c\u7984Forever|youngcouple-gen4dp|1378\n|gen|9\n|tier|[Gen 9] VGC 2026 Reg I\n|rated|\n|rule|Species Clause: Limit one of each Pok\u00e9mon\n|rule|Item Clause: Limit 1 of each item\n|clearpoke\n|poke|p1|Flutter Mane, L50|\n|poke|p1|Chi-Yu, L50|\n|poke|p1|Koraidon, L50|\n|poke|p1|Solgaleo, L50|\n|poke|p1|Jumpluff, L50, M|\n|poke|p1|Gastrodon, L50, M|\n|poke|p2|Groudon, L50|\n|poke|p2|Kyurem-White, L50|\n|poke|p2|Heatran, L50, F|\n|poke|p2|Whimsicott, L50, M|\n|poke|p2|Ditto, L50|\n|poke|p2|Flutter Mane, L50|\n|teampreview|4\n|inactive|Battle timer is ON: inactive players will automatically lose when time's up. (requested by Theobalt)\n|\n|t:|1774244971\n|teamsize|p1|4\n|teamsize|p2|4\n|start\n|switch|p1a: Koraidon|Koraidon, L50|100/100\n|switch|p1b: Solgaleo|Solgaleo, L50|100/100\n|switch|p2a: Kyurem|Kyurem-White, L50|100/100\n|switch|p2b: Heatran|Heatran, L50, F|100/100\n|-weather|SunnyDay|[from] ability: Orichalcum Pulse|[of] p1a: Koraidon\n|-activate|p1a: Koraidon|Orichalcum Pulse|[source]\n|-ability|p2a: Kyurem|Turboblaze\n|turn|1\n|\n|t:|1774244995\n|move|p1a: Koraidon|Flame Charge|p2a: Kyurem\n|-damage|p2a: Kyurem|69/100\n|-boost|p1a: Koraidon|spe|1\n|move|p1b: Solgaleo|Sunsteel Strike|p2a: Kyurem\n|-supereffective|p2a: Kyurem\n|-damage|p2a: Kyurem|0 fnt\n|faint|p2a: Kyurem\n|-damage|p1b: Solgaleo|91/100|[from] item: Life Orb\n|move|p2b: Heatran|Substitute|p2b: Heatran\n|-start|p2b: Heatran|Substitute\n|-damage|p2b: Heatran|76/100\n|\n|-weather|SunnyDay|[upkeep]\n|-heal|p2b: Heatran|82/100|[from] item: Leftovers\n|upkeep\n|\n|t:|1774245019\n|switch|p2a: Groudon|Groudon, L50|100/100\n|turn|2\n|\n|t:|1774245030\n|-terastallize|p2a: Groudon|Water\n|move|p1b: Solgaleo|Wide Guard|p1b: Solgaleo\n|-singleturn|p1b: Solgaleo|Wide Guard\n|move|p1a: Koraidon|Collision Course|p2a: Groudon\n|-damage|p2a: Groudon|51/100\n|move|p2a: Groudon|Precipice Blades|p1b: Solgaleo|[spread] \n|-activate|p1a: Koraidon|move: Wide Guard\n|-activate|p1b: Solgaleo|move: Wide Guard\n|move|p2b: Heatran|Heat Wave|p1b: Solgaleo|[spread] \n|-activate|p1a: Koraidon|move: Wide Guard\n|-activate|p1b: Solgaleo|move: Wide Guard\n|\n|-weather|SunnyDay|[upkeep]\n|-heal|p2b: Heatran|88/100|[from] item: Leftovers\n|upkeep\n|turn|3\n|inactive|I\u2764\ufe0f\u5a1c\u7984Forever has 30 seconds left.\n|inactive|I\u2764\ufe0f\u5a1c\u7984Forever has 20 seconds left.\n|inactive|I\u2764\ufe0f\u5a1c\u7984Forever has 15 seconds left.\n|\n|t:|1774245073\n|-terastallize|p1b: Solgaleo|Dragon\n|move|p1a: Koraidon|Collision Course|p2b: Heatran\n|-supereffective|p2b: Heatran\n|-end|p2b: Heatran|Substitute\n|move|p1b: Solgaleo|Sunsteel Strike|p2a: Groudon\n|-resisted|p2a: Groudon\n|-damage|p2a: Groudon|29/100\n|-damage|p1b: Solgaleo|81/100|[from] item: Life Orb\n|move|p2a: Groudon|Heat Crash|p1b: Solgaleo\n|-resisted|p1b: Solgaleo\n|-damage|p1b: Solgaleo|61/100\n|move|p2b: Heatran|Earth Power|p1b: Solgaleo\n|-damage|p1b: Solgaleo|40/100\n|\n|-weather|SunnyDay|[upkeep]\n|-heal|p2b: Heatran|94/100|[from] item: Leftovers\n|upkeep\n|turn|4\n|inactive|I\u2764\ufe0f\u5a1c\u7984Forever has 30 seconds left.\n|\n|t:|1774245106\n|move|p1a: Koraidon|Collision Course|p2b: Heatran\n|-supereffective|p2b: Heatran\n|-damage|p2b: Heatran|0 fnt\n|faint|p2b: Heatran\n|move|p1b: Solgaleo|Psychic Fangs|p2a: Groudon\n|-damage|p2a: Groudon|0 fnt\n|faint|p2a: Groudon\n|-damage|p1b: Solgaleo|30/100|[from] item: Life Orb\n|\n|-weather|SunnyDay|[upkeep]\n|upkeep\n|\n|t:|1774245114\n|switch|p2b: Ditto|Ditto, L50|100/100\n|-transform|p2b: Ditto|p1a: Koraidon|[from] ability: Imposter\n|-activate|p2b: Ditto|ability: Orichalcum Pulse\n|turn|5\n|\n|t:|1774245126\n|move|p1a: Koraidon|Collision Course|p2b: Ditto\n|-damage|p2b: Ditto|21/100\n|move|p2b: Ditto|Collision Course|p1a: Koraidon\n|-damage|p1a: Koraidon|42/100\n|move|p1b: Solgaleo|Sunsteel Strike|p2b: Ditto\n|-damage|p2b: Ditto|0 fnt\n|faint|p2b: Ditto\n|-damage|p1b: Solgaleo|20/100|[from] item: Life Orb\n|\n|win|Theobalt\n|raw|Theobalt's rating: 1358 &rarr; <strong>1379</strong><br />(+21 for winning)\n|raw|I\u2764\ufe0f\u5a1c\u7984Forever's rating: 1378 &rarr; <strong>1357</strong><br />(-21 for losing)\n|l|\u2606Theobalt\n|player|p1|\n","uploadtime":1774245334,"views":10,"formatid":"gen9vgc2026regi","rating":1357,"private":0,"password":null}