{"id":"gen9vgc2026regi-2523153602","format":"[Gen 9] VGC 2026 Reg I","players":["montendoz","marcxhenry"],"log":"|j|\u2606montendoz\n|j|\u2606marcxhenry\n|t:|1768996088\n|gametype|doubles\n|player|p1|montendoz|170|1348\n|player|p2|marcxhenry|hilbert-wonderlauncher|1468\n|gen|9\n|tier|[Gen 9] VGC 2026 Reg I\n|rated|\n|rule|Species Clause: Limit one of each Pok\u00e9mon\n|rule|Item Clause: Limit 1 of each item\n|clearpoke\n|poke|p1|Calyrex-Ice, L50|\n|poke|p1|Lunala, L50|\n|poke|p1|Raging Bolt, L50|\n|poke|p1|Ursaluna, L50, F|\n|poke|p1|Torkoal, L50, F|\n|poke|p1|Annihilape, L50, F|\n|poke|p2|Calyrex-Shadow, L50|\n|poke|p2|Urshifu-*, L50, M|\n|poke|p2|Roaring Moon, L50|\n|poke|p2|Kyogre, L50|\n|poke|p2|Tsareena, L50, F|\n|poke|p2|Kingambit, L50, M|\n|teampreview|4\n|inactive|Battle timer is ON: inactive players will automatically lose when time's up. (requested by montendoz)\n|inactive|marcxhenry has 60 seconds left.\n|inactive|marcxhenry has 30 seconds left.\n|\n|t:|1768996150\n|teamsize|p1|4\n|teamsize|p2|4\n|start\n|switch|p1a: Torkoal|Torkoal, L50, F|100/100\n|switch|p1b: Lunala|Lunala, L50|100/100\n|switch|p2a: Ludwig|Calyrex-Shadow, L50|100/100\n|switch|p2b: Roter Baron|Roaring Moon, L50, shiny|100/100\n|-ability|p2a: Ludwig|As One\n|-ability|p2a: Ludwig|Unnerve\n|-weather|SunnyDay|[from] ability: Drought|[of] p1a: Torkoal\n|-activate|p2b: Roter Baron|ability: Protosynthesis\n|-start|p2b: Roter Baron|protosynthesisspe\n|turn|1\n|inactive|marcxhenry has 30 seconds left.\n|\n|t:|1768996176\n|-terastallize|p1b: Lunala|Dark\n|move|p1b: Lunala|Wide Guard|p1b: Lunala\n|-singleturn|p1b: Lunala|Wide Guard\n|move|p2b: Roter Baron|Knock Off|p1a: Torkoal\n|-damage|p1a: Torkoal|63/100\n|-enditem|p1a: Torkoal|Charcoal|[from] move: Knock Off|[of] p2b: Roter Baron\n|move|p2a: Ludwig|Psychic|p1a: Torkoal\n|-damage|p1a: Torkoal|0 fnt\n|faint|p1a: Torkoal\n|-ability|p2a: Ludwig|Grim Neigh|boost\n|-boost|p2a: Ludwig|spa|1\n|\n|-weather|SunnyDay|[upkeep]\n|upkeep\n|\n|t:|1768996196\n|switch|p1a: Calyrex|Calyrex-Ice, L50|100/100\n|-ability|p1a: Calyrex|As One\n|-ability|p1a: Calyrex|Unnerve\n|turn|2\n|\n|t:|1768996208\n|-end|p2b: Roter Baron|Protosynthesis|[silent]\n|switch|p2b: Hermann|Kingambit, L50, M, shiny|100/100\n|move|p1a: Calyrex|Protect|p1a: Calyrex\n|-singleturn|p1a: Calyrex|Protect\n|move|p2a: Ludwig|Astral Barrage|p1a: Calyrex|[spread] p1b\n|-activate|p1a: Calyrex|move: Protect\n|-resisted|p1b: Lunala\n|-damage|p1b: Lunala|85/100\n|move|p1b: Lunala|Trick Room|p1b: Lunala\n|-fieldstart|move: Trick Room|[of] p1b: Lunala\n|\n|-weather|SunnyDay|[upkeep]\n|upkeep\n|turn|3\n|\n|t:|1768996231\n|switch|p1a: Raging Bolt|Raging Bolt, L50|100/100\n|-activate|p1a: Raging Bolt|ability: Protosynthesis\n|-start|p1a: Raging Bolt|protosynthesisspa\n|move|p2a: Ludwig|Protect|p2a: Ludwig\n|-singleturn|p2a: Ludwig|Protect\n|move|p2b: Hermann|Brick Break|p1b: Lunala\n|-supereffective|p1b: Lunala\n|-damage|p1b: Lunala|38/100\n|move|p1b: Lunala|Moongeist Beam|p2a: Ludwig\n|-activate|p2a: Ludwig|move: Protect\n|\n|-weather|SunnyDay|[upkeep]\n|upkeep\n|turn|4\n|\n|t:|1768996252\n|-terastallize|p2a: Ludwig|Normal\n|move|p2b: Hermann|Kowtow Cleave|p1a: Raging Bolt\n|-damage|p1a: Raging Bolt|56/100\n|move|p1b: Lunala|Moongeist Beam|p2a: Ludwig\n|-immune|p2a: Ludwig\n|move|p1a: Raging Bolt|Draco Meteor|p2b: Hermann\n|-resisted|p2b: Hermann\n|-damage|p2b: Hermann|66/100\n|-unboost|p1a: Raging Bolt|spa|2\n|move|p2a: Ludwig|Trick Room|p2a: Ludwig\n|-fieldend|move: Trick Room\n|\n|-weather|SunnyDay|[upkeep]\n|upkeep\n|turn|5\n|-message|montendoz forfeited.\n|\n|win|marcxhenry\n|raw|montendoz's rating: 1348 &rarr; <strong>1335</strong><br />(-13 for losing)\n|raw|marcxhenry's rating: 1468 &rarr; <strong>1481</strong><br />(+13 for winning)\n|l|\u2606montendoz\n|player|p1|\n|l|\u2606marcxhenry\n|player|p2|\n","uploadtime":1768996440,"views":12,"formatid":"gen9vgc2026regi","rating":1335,"private":0,"password":null}