{"id":"gen9vgc2026regi-2542505665","format":"[Gen 9] VGC 2026 Reg I","players":["Hoodiestz","Coreydfgh"],"log":"|j|\u2606Hoodiestz\n|j|\u2606Coreydfgh\n|t:|1771455768\n|gametype|doubles\n|player|p1|Hoodiestz|roxie|1185\n|player|p2|Coreydfgh|169|1254\n|gen|9\n|tier|[Gen 9] VGC 2026 Reg I\n|rated|\n|rule|Species Clause: Limit one of each Pok\u00e9mon\n|rule|Item Clause: Limit 1 of each item\n|clearpoke\n|poke|p1|Miraidon, L50|\n|poke|p1|Tinkaton, L50, F|\n|poke|p1|Primarina, L50, M|\n|poke|p1|Koraidon, L50|\n|poke|p1|Urshifu-*, L50, M|\n|poke|p1|Whimsicott, L50, F|\n|poke|p2|Calyrex-Ice, L50|\n|poke|p2|Indeedee-F, L50, F|\n|poke|p2|Torkoal, L50, F|\n|poke|p2|Brute Bonnet, L50|\n|poke|p2|Lunala, L50|\n|poke|p2|Iron Hands, L50|\n|teampreview|4\n|inactive|Battle timer is ON: inactive players will automatically lose when time's up. (requested by Hoodiestz)\n|inactive|Hoodiestz has 60 seconds left.\n|\n|t:|1771455804\n|teamsize|p1|4\n|teamsize|p2|4\n|start\n|switch|p1a: Koraidon|Koraidon, L50, shiny|100/100\n|switch|p1b: Urshifu|Urshifu, L50, M|100/100\n|switch|p2a: Calyrex|Calyrex-Ice, L50|100/100\n|switch|p2b: Iron Hands|Iron Hands, L50|100/100\n|-ability|p2a: Calyrex|As One\n|-ability|p2a: Calyrex|Unnerve\n|-weather|SunnyDay|[from] ability: Orichalcum Pulse|[of] p1a: Koraidon\n|-activate|p1a: Koraidon|Orichalcum Pulse|[source]\n|turn|1\n|\n|t:|1771455822\n|-terastallize|p2a: Calyrex|Water\n|move|p2b: Iron Hands|Fake Out|p1a: Koraidon\n|-damage|p1a: Koraidon|87/100\n|cant|p1a: Koraidon|flinch\n|move|p1b: Urshifu|Wicked Blow|p2a: Calyrex\n|-crit|p2a: Calyrex\n|-damage|p2a: Calyrex|61/100\n|move|p2a: Calyrex|Trick Room|p2a: Calyrex\n|-fieldstart|move: Trick Room|[of] p2a: Calyrex\n|\n|-weather|SunnyDay|[upkeep]\n|upkeep\n|turn|2\n|inactive|Hoodiestz has 30 seconds left.\n|\n|t:|1771455850\n|-terastallize|p1a: Koraidon|Fire\n|move|p1b: Urshifu|Detect|p1b: Urshifu\n|-singleturn|p1b: Urshifu|Protect\n|move|p2a: Calyrex|Glacial Lance|p1a: Koraidon|[spread] p1a\n|-activate|p1b: Urshifu|move: Protect\n|-resisted|p1a: Koraidon\n|-damage|p1a: Koraidon|60/100\n|move|p2b: Iron Hands|Low Kick|p1a: Koraidon\n|-damage|p1a: Koraidon|0 fnt\n|faint|p1a: Koraidon\n|\n|-weather|SunnyDay|[upkeep]\n|upkeep\n|\n|t:|1771455862\n|switch|p1a: Tinkaton|Tinkaton, L50, F, shiny|100/100\n|-ability|p1a: Tinkaton|Mold Breaker\n|turn|3\n|\n|t:|1771455880\n|move|p1a: Tinkaton|Fake Out|p2a: Calyrex\n|-damage|p2a: Calyrex|55/100\n|cant|p2a: Calyrex|flinch\n|move|p2b: Iron Hands|Low Kick|p1b: Urshifu\n|-supereffective|p1b: Urshifu\n|-enditem|p1b: Urshifu|Focus Sash\n|-damage|p1b: Urshifu|1/100\n|move|p1b: Urshifu|Close Combat|p2a: Calyrex\n|-damage|p2a: Calyrex|15/100\n|-unboost|p1b: Urshifu|def|1\n|-unboost|p1b: Urshifu|spd|1\n|\n|-weather|SunnyDay|[upkeep]\n|upkeep\n|turn|4\n|\n|t:|1771455894\n|move|p1b: Urshifu|Sucker Punch|p2a: Calyrex\n|-damage|p2a: Calyrex|0 fnt\n|faint|p2a: Calyrex\n|move|p2b: Iron Hands|Wild Charge|p1a: Tinkaton\n|-damage|p1a: Tinkaton|23/100\n|-damage|p2b: Iron Hands|88/100|[from] Recoil\n|move|p1a: Tinkaton|Play Rough|p2b: Iron Hands\n|-supereffective|p2b: Iron Hands\n|-damage|p2b: Iron Hands|53/100\n|\n|-weather|SunnyDay|[upkeep]\n|upkeep\n|\n|t:|1771455899\n|switch|p2a: Torkoal|Torkoal, L50, F|100/100\n|turn|5\n|\n|t:|1771455918\n|-end|p2b: Iron Hands|Quark Drive|[silent]\n|switch|p2b: Lunala|Lunala, L50|100/100\n|switch|p1b: Primarina|Primarina, L50, M, shiny|100/100\n|move|p2a: Torkoal|Heat Wave|p1a: Tinkaton|[spread] p1a,p1b\n|-supereffective|p1a: Tinkaton\n|-resisted|p1b: Primarina\n|-damage|p1a: Tinkaton|0 fnt\n|-damage|p1b: Primarina|72/100\n|faint|p1a: Tinkaton\n|\n|-weather|none\n|-fieldend|move: Trick Room\n|upkeep\n|\n|t:|1771455925\n|switch|p1a: Urshifu|Urshifu, L50, M|1/100\n|turn|6\n|\n|t:|1771455940\n|move|p1a: Urshifu|Wicked Blow|p2b: Lunala\n|-supereffective|p2b: Lunala\n|-crit|p2b: Lunala\n|-damage|p2b: Lunala|10/100\n|move|p2b: Lunala|Meteor Beam||[still]\n|-prepare|p2b: Lunala|Meteor Beam\n|-boost|p2b: Lunala|spa|1\n|-enditem|p2b: Lunala|Power Herb\n|-anim|p2b: Lunala|Meteor Beam|p1b: Primarina\n|-damage|p1b: Primarina|14/100\n|move|p1b: Primarina|Hyper Voice|p2a: Torkoal|[spread] p2a,p2b\n|-supereffective|p2a: Torkoal\n|-damage|p2a: Torkoal|16/100\n|-damage|p2b: Lunala|0 fnt\n|faint|p2b: Lunala\n|-enditem|p1b: Primarina|Throat Spray\n|-boost|p1b: Primarina|spa|1|[from] item: Throat Spray\n|move|p2a: Torkoal|Heat Wave|p1a: Urshifu|[spread] p1a,p1b\n|-resisted|p1b: Primarina\n|-damage|p1a: Urshifu|0 fnt\n|-damage|p1b: Primarina|0 fnt\n|faint|p1a: Urshifu\n|faint|p1b: Primarina\n|\n|win|Coreydfgh\n|raw|Hoodiestz's rating: 1185 &rarr; <strong>1165</strong><br />(-20 for losing)\n|raw|Coreydfgh's rating: 1254 &rarr; <strong>1274</strong><br />(+20 for winning)\n|l|\u2606Coreydfgh\n|player|p2|\n|l|\u2606Hoodiestz\n|player|p1|\n","uploadtime":1771456106,"views":11,"formatid":"gen9vgc2026regi","rating":1165,"private":0,"password":null}