{"id":"gen9vgc2026regi-2513821945","format":"[Gen 9] VGC 2026 Reg I","players":["ooooiuo","Schimmli"],"log":"|j|\u2606ooooiuo\n|j|\u2606Schimmli\n|t:|1767788343\n|gametype|doubles\n|player|p1|ooooiuo|iris-gen5bw2|1245\n|player|p2|Schimmli|101|1273\n|gen|9\n|tier|[Gen 9] VGC 2026 Reg I\n|rated|\n|rule|Species Clause: Limit one of each Pok\u00e9mon\n|rule|Item Clause: Limit 1 of each item\n|clearpoke\n|poke|p1|Miraidon, L50|\n|poke|p1|Calyrex-Ice, L50|\n|poke|p1|Farigiraf, L50, F|\n|poke|p1|Urshifu-*, L50, M|\n|poke|p1|Landorus, L50, M|\n|poke|p1|Incineroar, L50, F|\n|poke|p2|Terapagos, L50, M|\n|poke|p2|Calyrex-Shadow, L50|\n|poke|p2|Flutter Mane, L50|\n|poke|p2|Ogerpon-Cornerstone, L50, F|\n|poke|p2|Incineroar, L50, F|\n|poke|p2|Rillaboom, L50, M|\n|teampreview|4\n|\n|t:|1767788358\n|teamsize|p1|4\n|teamsize|p2|4\n|start\n|switch|p1a: Farigiraf|Farigiraf, L50, F|100/100\n|switch|p1b: Urshifu|Urshifu-Rapid-Strike, L50, M|100/100\n|switch|p2a: Terapagos|Terapagos, L50, M|100/100\n|switch|p2b: Rillaboom|Rillaboom, L50, M|100/100\n|-activate|p2a: Terapagos|ability: Tera Shift\n|detailschange|p2a: Terapagos|Terapagos-Terastal, L50, M\n|-heal|p2a: Terapagos|100/100|[silent]\n|-fieldstart|move: Grassy Terrain|[from] ability: Grassy Surge|[of] p2b: Rillaboom\n|turn|1\n|\n|t:|1767788376\n|switch|p2b: Incineroar|Incineroar, L50, F, shiny|100/100\n|-ability|p2b: Incineroar|Intimidate|boost\n|-unboost|p1a: Farigiraf|atk|1\n|-unboost|p1b: Urshifu|atk|1\n|-terastallize|p1b: Urshifu|Water\n|move|p1a: Farigiraf|Helping Hand|p1b: Urshifu\n|-singleturn|p1b: Urshifu|Helping Hand|[of] p1a: Farigiraf\n|move|p1b: Urshifu|Surging Strikes|p2a: Terapagos\n|-activate|p2a: Terapagos|ability: Tera Shell\n|-resisted|p2a: Terapagos\n|-crit|p2a: Terapagos\n|-damage|p2a: Terapagos|86/100\n|-resisted|p2a: Terapagos\n|-crit|p2a: Terapagos\n|-damage|p2a: Terapagos|71/100\n|-resisted|p2a: Terapagos\n|-crit|p2a: Terapagos\n|-damage|p2a: Terapagos|58/100\n|-hitcount|p2a: Terapagos|3\n|move|p2a: Terapagos|Tera Starstorm|p1b: Urshifu\n|-damage|p1b: Urshifu|22/100\n|\n|-heal|p1b: Urshifu|28/100|[from] Grassy Terrain\n|-heal|p2a: Terapagos|64/100|[from] Grassy Terrain\n|-heal|p2a: Terapagos|70/100|[from] item: Leftovers\n|upkeep\n|turn|2\n|\n|t:|1767788404\n|switch|p2a: Rillaboom|Rillaboom, L50, M|100/100\n|move|p1a: Farigiraf|Ally Switch|p1a: Farigiraf\n|swap|p1a: Farigiraf|1|[from] move: Ally Switch\n|move|p1a: Urshifu|Surging Strikes|p2b: Incineroar\n|-supereffective|p2b: Incineroar\n|-crit|p2b: Incineroar\n|-damage|p2b: Incineroar|55/100\n|-damage|p1a: Urshifu|12/100|[from] item: Rocky Helmet|[of] p2b: Incineroar\n|-supereffective|p2b: Incineroar\n|-crit|p2b: Incineroar\n|-damage|p2b: Incineroar|11/100\n|-damage|p1a: Urshifu|0 fnt|[from] item: Rocky Helmet|[of] p2b: Incineroar\n|faint|p1a: Urshifu\n|-hitcount|p2b: Incineroar|2\n|move|p2b: Incineroar|Parting Shot|p1b: Farigiraf\n|-unboost|p1b: Farigiraf|atk|1\n|-unboost|p1b: Farigiraf|spa|1\n|\n|t:|1767788418\n|switch|p2b: Terapagos|Terapagos-Terastal, L50, M|70/100|[from] Parting Shot\n|\n|-heal|p2b: Terapagos|77/100|[from] Grassy Terrain\n|-heal|p2b: Terapagos|83/100|[from] item: Leftovers\n|upkeep\n|\n|t:|1767788431\n|switch|p1a: Calyrex|Calyrex-Ice, L50|100/100\n|-ability|p1a: Calyrex|As One\n|-ability|p1a: Calyrex|Unnerve\n|turn|3\n|\n|t:|1767788441\n|move|p1b: Farigiraf|Helping Hand|p1a: Calyrex\n|-singleturn|p1a: Calyrex|Helping Hand|[of] p1b: Farigiraf\n|move|p2b: Terapagos|Calm Mind|p2b: Terapagos\n|-boost|p2b: Terapagos|spa|1\n|-boost|p2b: Terapagos|spd|1\n|move|p2a: Rillaboom|U-turn|p1a: Calyrex\n|-supereffective|p1a: Calyrex\n|-damage|p1a: Calyrex|74/100\n|\n|t:|1767788448\n|switch|p2a: Incineroar|Incineroar, L50, F, shiny|11/100|[from] U-turn\n|-ability|p2a: Incineroar|Intimidate|boost\n|-unboost|p1a: Calyrex|atk|1\n|-unboost|p1b: Farigiraf|atk|1\n|move|p1a: Calyrex|Glacial Lance|p2b: Terapagos|[spread] p2a,p2b\n|-resisted|p2a: Incineroar\n|-damage|p2a: Incineroar|0 fnt\n|-damage|p2b: Terapagos|46/100\n|faint|p2a: Incineroar\n|-ability|p1a: Calyrex|Chilling Neigh|boost\n|-boost|p1a: Calyrex|atk|1\n|\n|-heal|p2b: Terapagos|53/100|[from] Grassy Terrain\n|-heal|p2b: Terapagos|59/100|[from] item: Leftovers\n|-heal|p1a: Calyrex|80/100|[from] Grassy Terrain\n|-heal|p1a: Calyrex|86/100|[from] item: Leftovers\n|upkeep\n|\n|t:|1767788463\n|switch|p2a: Calyrex|Calyrex-Shadow, L50|100/100\n|-ability|p2a: Calyrex|As One\n|-ability|p2a: Calyrex|Unnerve\n|turn|4\n|\n|t:|1767788488\n|-terastallize|p2b: Terapagos|Stellar\n|detailschange|p2b: Terapagos|Terapagos-Stellar, L50, M, tera:Stellar\n|-heal|p2b: Terapagos|69/100|[silent]\n|-ability|p2b: Terapagos|Teraform Zero\n|-fieldend|move: Grassy Terrain\n|move|p1a: Calyrex|Protect|p1a: Calyrex\n|-singleturn|p1a: Calyrex|Protect\n|move|p2a: Calyrex|Astral Barrage|p1a: Calyrex|[spread] \n|-activate|p1a: Calyrex|move: Protect\n|-immune|p1b: Farigiraf\n|move|p2b: Terapagos|Tera Starstorm|p1a: Calyrex|[spread] p1b\n|-activate|p1a: Calyrex|move: Protect\n|-crit|p1b: Farigiraf\n|-damage|p1b: Farigiraf|31/100\n|move|p1b: Farigiraf|Trick Room|p1b: Farigiraf\n|-fieldstart|move: Trick Room|[of] p1b: Farigiraf\n|\n|-heal|p1a: Calyrex|92/100|[from] item: Leftovers\n|-heal|p2b: Terapagos|76/100|[from] item: Leftovers\n|upkeep\n|turn|5\n|\n|t:|1767788517\n|move|p1b: Farigiraf|Helping Hand|p1a: Calyrex\n|-singleturn|p1a: Calyrex|Helping Hand|[of] p1b: Farigiraf\n|move|p1a: Calyrex|Glacial Lance|p2b: Terapagos|[spread] p2a,p2b\n|-enditem|p2a: Calyrex|Focus Sash\n|-damage|p2a: Calyrex|1/100\n|-damage|p2b: Terapagos|31/100\n|move|p2b: Terapagos|Tera Starstorm|p1a: Calyrex|[spread] p1a,p1b\n|-damage|p1a: Calyrex|62/100\n|-damage|p1b: Farigiraf|0 fnt\n|faint|p1b: Farigiraf\n|move|p2a: Calyrex|Astral Barrage|p1a: Calyrex\n|-supereffective|p1a: Calyrex\n|-damage|p1a: Calyrex|0 fnt\n|faint|p1a: Calyrex\n|-ability|p2a: Calyrex|Grim Neigh|boost\n|-boost|p2a: Calyrex|spa|1\n|\n|-heal|p2b: Terapagos|37/100|[from] item: Leftovers\n|upkeep\n|\n|t:|1767788539\n|switch|p1b: Miraidon|Miraidon, L50|100/100\n|-fieldstart|move: Electric Terrain|[from] ability: Hadron Engine|[of] p1b: Miraidon\n|turn|6\n|\n|t:|1767788548\n|switch|p2a: Rillaboom|Rillaboom, L50, M|100/100\n|-fieldstart|move: Grassy Terrain|[from] ability: Grassy Surge|[of] p2a: Rillaboom\n|move|p2b: Terapagos|Protect|p2b: Terapagos\n|-singleturn|p2b: Terapagos|Protect\n|move|p1b: Miraidon|Dazzling Gleam|p2b: Terapagos|[spread] p2a\n|-activate|p2b: Terapagos|move: Protect\n|-damage|p2a: Rillaboom|80/100\n|\n|-heal|p2a: Rillaboom|86/100|[from] Grassy Terrain\n|-heal|p2b: Terapagos|43/100|[from] Grassy Terrain\n|-heal|p2b: Terapagos|50/100|[from] item: Leftovers\n|upkeep\n|turn|7\n|-message|ooooiuo forfeited.\n|\n|win|Schimmli\n|raw|ooooiuo's rating: 1245 &rarr; <strong>1222</strong><br />(-23 for losing)\n|raw|Schimmli's rating: 1273 &rarr; <strong>1296</strong><br />(+23 for winning)\n|l|\u2606ooooiuo\n|player|p1|\n|l|\u2606Schimmli\n|player|p2|\n","uploadtime":1767788740,"views":31,"formatid":"gen9vgc2026regi","rating":1222,"private":0,"password":null}