{"id":"gen9vgc2026regi-2564676156","format":"[Gen 9] VGC 2026 Reg I","players":["test7301","blackred123"],"log":"|j|\u203dtest7301\n|j|\u2606blackred123\n|t:|1774184863\n|gametype|doubles\n|player|p1|test7301|1|1510\n|player|p2|blackred123|iono-masters|1406\n|gen|9\n|tier|[Gen 9] VGC 2026 Reg I\n|rated|\n|rule|Species Clause: Limit one of each Pok\u00e9mon\n|rule|Item Clause: Limit 1 of each item\n|clearpoke\n|poke|p1|Groudon, L50|\n|poke|p1|Lunala, L50|\n|poke|p1|Torkoal, L50, M|\n|poke|p1|Incineroar, L50, M|\n|poke|p1|Indeedee-F, L50, F|\n|poke|p1|Brute Bonnet, L50|\n|poke|p2|Kyogre, L50|\n|poke|p2|Zacian-*, L50|\n|poke|p2|Clefairy, L50, F|\n|poke|p2|Tornadus, L50, M|\n|poke|p2|Landorus, L50, M|\n|poke|p2|Smeargle, L50, M|\n|teampreview|4\n|inactive|Battle timer is ON: inactive players will automatically lose when time's up. (requested by blackred123)\n|\n|t:|1774184891\n|teamsize|p1|4\n|teamsize|p2|4\n|start\n|switch|p1a: Indeedee|Indeedee-F, L50, F|100/100\n|switch|p1b: Lunala|Lunala, L50|100/100\n|switch|p2a: Kyogre|Kyogre, L50, shiny|100/100\n|switch|p2b: Tornadus|Tornadus, L50, M, shiny|100/100\n|-weather|RainDance|[from] ability: Drizzle|[of] p2a: Kyogre\n|-fieldstart|move: Psychic Terrain|[from] ability: Psychic Surge|[of] p1a: Indeedee\n|turn|1\n|\n|t:|1774184899\n|move|p1b: Lunala|Wide Guard|p1b: Lunala\n|-singleturn|p1b: Lunala|Wide Guard\n|move|p2b: Tornadus|Rain Dance||[still]\n|-fail|p2b: Tornadus\n|move|p2a: Kyogre|Water Spout|p1b: Lunala|[spread] \n|-activate|p1a: Indeedee|move: Wide Guard\n|-activate|p1b: Lunala|move: Wide Guard\n|move|p1a: Indeedee|Trick Room|p1a: Indeedee\n|-fieldstart|move: Trick Room|[of] p1a: Indeedee\n|\n|-weather|RainDance|[upkeep]\n|upkeep\n|turn|2\n|\n|t:|1774184912\n|move|p1a: Indeedee|Alluring Voice|p2b: Tornadus\n|-damage|p2b: Tornadus|82/100\n|move|p1b: Lunala|Meteor Beam||[still]\n|-prepare|p1b: Lunala|Meteor Beam\n|-boost|p1b: Lunala|spa|1\n|-enditem|p1b: Lunala|Power Herb\n|-anim|p1b: Lunala|Meteor Beam|p2a: Kyogre\n|-damage|p2a: Kyogre|47/100\n|move|p2a: Kyogre|Water Spout|p1b: Lunala|[spread] p1a,p1b\n|-damage|p1a: Indeedee|39/100\n|-damage|p1b: Lunala|76/100\n|move|p2b: Tornadus|Bleakwind Storm|p1b: Lunala|[spread] p1a,p1b\n|-damage|p1a: Indeedee|6/100\n|-damage|p1b: Lunala|53/100\n|\n|-weather|RainDance|[upkeep]\n|upkeep\n|turn|3\n|\n|t:|1774184922\n|switch|p2b: Clefairy|Clefairy, L50, F|100/100\n|move|p1a: Indeedee|Heal Pulse|p1b: Lunala\n|-heal|p1b: Lunala|100/100\n|move|p1b: Lunala|Moongeist Beam|p2a: Kyogre\n|-damage|p2a: Kyogre|0 fnt\n|faint|p2a: Kyogre\n|\n|-weather|RainDance|[upkeep]\n|upkeep\n|\n|t:|1774184931\n|switch|p2a: Tornadus|Tornadus, L50, M, shiny|82/100\n|turn|4\n|\n|t:|1774184942\n|switch|p1a: Torkoal|Torkoal, L50, M|100/100\n|-weather|SunnyDay|[from] ability: Drought|[of] p1a: Torkoal\n|-terastallize|p2a: Tornadus|Dark\n|move|p2b: Clefairy|Life Dew||[still]|[spread] p2a,p2b\n|-heal|p2a: Tornadus|100/100\n|-fail|p2b: Clefairy|heal\n|move|p1b: Lunala|Moongeist Beam|p2a: Tornadus\n|-resisted|p2a: Tornadus\n|-damage|p2a: Tornadus|48/100\n|move|p2a: Tornadus|Bleakwind Storm|p1a: Torkoal|[spread] p1a,p1b\n|-damage|p1a: Torkoal|52/100\n|-damage|p1b: Lunala|88/100\n|\n|-weather|SunnyDay|[upkeep]\n|upkeep\n|turn|5\n|\n|t:|1774184963\n|move|p2b: Clefairy|Protect|p2b: Clefairy\n|-singleturn|p2b: Clefairy|Protect\n|move|p2a: Tornadus|Rain Dance|p2a: Tornadus\n|-weather|RainDance\n|move|p1a: Torkoal|Heat Wave|p2a: Tornadus|[spread] p2a\n|-activate|p2b: Clefairy|move: Protect\n|-damage|p2a: Tornadus|31/100\n|move|p1b: Lunala|Moongeist Beam|p2b: Clefairy\n|-activate|p2b: Clefairy|move: Protect\n|\n|-weather|RainDance|[upkeep]\n|-fieldend|move: Trick Room\n|-fieldend|move: Psychic Terrain\n|upkeep\n|turn|6\n|\n|t:|1774184987\n|switch|p1a: Indeedee|Indeedee-F, L50, F|6/100\n|-fieldstart|move: Psychic Terrain|[from] ability: Psychic Surge|[of] p1a: Indeedee\n|move|p2a: Tornadus|Bleakwind Storm|p1a: Indeedee|[spread] p1a,p1b\n|-damage|p1a: Indeedee|0 fnt\n|-damage|p1b: Lunala|61/100\n|faint|p1a: Indeedee\n|move|p2b: Clefairy|Life Dew||[still]|[spread] p2a,p2b\n|-heal|p2a: Tornadus|56/100\n|-fail|p2b: Clefairy|heal\n|move|p1b: Lunala|Trick Room|p1b: Lunala\n|-fieldstart|move: Trick Room|[of] p1b: Lunala\n|\n|-weather|RainDance|[upkeep]\n|upkeep\n|\n|t:|1774184998\n|switch|p1a: Groudon|Groudon, L50|100/100\n|-weather|SunnyDay|[from] ability: Drought|[of] p1a: Groudon\n|turn|7\n|\n|t:|1774185012\n|move|p2b: Clefairy|Life Dew||[still]|[spread] p2a,p2b\n|-heal|p2a: Tornadus|81/100\n|-fail|p2b: Clefairy|heal\n|move|p1a: Groudon|Precipice Blades|p2b: Clefairy|[spread] p2a,p2b\n|-damage|p2a: Tornadus|27/100\n|-damage|p2b: Clefairy|47/100\n|-damage|p1a: Groudon|91/100|[from] item: Life Orb\n|move|p1b: Lunala|Moongeist Beam|p2a: Tornadus\n|-resisted|p2a: Tornadus\n|-damage|p2a: Tornadus|0 fnt\n|faint|p2a: Tornadus\n|\n|-weather|SunnyDay|[upkeep]\n|upkeep\n|\n|t:|1774185023\n|switch|p2a: Zacian|Zacian-Crowned, L50|100/100\n|-ability|p2a: Zacian|Intrepid Sword|boost\n|-boost|p2a: Zacian|atk|1\n|turn|8\n|\n|t:|1774185033\n|move|p2b: Clefairy|After You|p2a: Zacian\n|-activate|p2a: Zacian|move: After You\n|move|p2a: Zacian|Behemoth Blade|p1a: Groudon\n|-damage|p1a: Groudon|38/100\n|move|p1a: Groudon|Precipice Blades|p2b: Clefairy|[spread] p2a,p2b\n|-supereffective|p2a: Zacian\n|-damage|p2a: Zacian|11/100\n|-damage|p2b: Clefairy|0 fnt\n|faint|p2b: Clefairy\n|-damage|p1a: Groudon|29/100|[from] item: Life Orb\n|move|p1b: Lunala|Moongeist Beam|p2a: Zacian\n|-damage|p2a: Zacian|0 fnt\n|faint|p2a: Zacian\n|\n|win|test7301\n|raw|test7301's rating: 1510 &rarr; <strong>1524</strong><br />(+14 for winning)\n|raw|blackred123's rating: 1406 &rarr; <strong>1392</strong><br />(-14 for losing)\n|l|\u2606blackred123\n|player|p2|\n","uploadtime":1774185201,"views":14,"formatid":"gen9vgc2026regi","rating":1392,"private":0,"password":null}