{"id":"gen9vgc2026regi-2565594371","format":"[Gen 9] VGC 2026 Reg I","players":["Shagrathisbeast","SlicerTheAbsol"],"log":"|j|\u2606Shagrathisbeast\n|j|\u2606SlicerTheAbsol\n|t:|1774287965\n|gametype|doubles\n|player|p1|Shagrathisbeast|101|1361\n|player|p2|SlicerTheAbsol|beauty-gen6xy|1364\n|gen|9\n|tier|[Gen 9] VGC 2026 Reg I\n|rated|\n|rule|Species Clause: Limit one of each Pok\u00e9mon\n|rule|Item Clause: Limit 1 of each item\n|clearpoke\n|poke|p1|Zacian-*, L50|\n|poke|p1|Tornadus, L50, M|\n|poke|p1|Urshifu-*, L50, F|\n|poke|p1|Iron Valiant, L50|\n|poke|p1|Brute Bonnet, L50|\n|poke|p1|Miraidon, L50|\n|poke|p2|Giratina-Origin, L50|\n|poke|p2|Chien-Pao, L50|\n|poke|p2|Kingambit, L50, M|\n|poke|p2|Ho-Oh, L50|\n|poke|p2|Landorus-Therian, L50, M|\n|poke|p2|Sinistcha, L50|\n|teampreview|4\n|\n|t:|1774288008\n|teamsize|p1|4\n|teamsize|p2|4\n|start\n|switch|p1a: Iron Valiant|Iron Valiant, L50, shiny|100/100\n|switch|p1b: Miraidon|Miraidon, L50|100/100\n|switch|p2a: Giratina|Giratina-Origin, L50|100/100\n|switch|p2b: Sinistcha|Sinistcha, L50|100/100\n|-fieldstart|move: Electric Terrain|[from] ability: Hadron Engine|[of] p1b: Miraidon\n|-activate|p1a: Iron Valiant|ability: Quark Drive\n|-start|p1a: Iron Valiant|quarkdrivespe\n|turn|1\n|\n|t:|1774288040\n|move|p1a: Iron Valiant|Taunt|p2b: Sinistcha\n|-start|p2b: Sinistcha|move: Taunt\n|move|p1b: Miraidon|Electro Drift|p2a: Giratina\n|-resisted|p2a: Giratina\n|-damage|p2a: Giratina|51/100\n|move|p2a: Giratina|Dragon Claw|p1b: Miraidon\n|-supereffective|p1b: Miraidon\n|-damage|p1b: Miraidon|0 fnt\n|faint|p1b: Miraidon\n|cant|p2b: Sinistcha|move: Taunt|Trick Room\n|\n|upkeep\n|\n|t:|1774288054\n|switch|p1b: Zacian|Zacian-Crowned, L50, shiny|100/100\n|-ability|p1b: Zacian|Intrepid Sword|boost\n|-boost|p1b: Zacian|atk|1\n|turn|2\n|\n|t:|1774288074\n|switch|p2a: Ho-Oh|Ho-Oh, L50|100/100\n|move|p1a: Iron Valiant|Coaching|p1b: Zacian\n|-boost|p1b: Zacian|atk|1\n|-boost|p1b: Zacian|def|1\n|move|p1b: Zacian|Behemoth Blade|p2a: Ho-Oh\n|-resisted|p2a: Ho-Oh\n|-damage|p2a: Ho-Oh|55/100\n|move|p2b: Sinistcha|Matcha Gotcha|p1b: Zacian|[spread] p1a,p1b\n|-resisted|p1b: Zacian\n|-damage|p1a: Iron Valiant|65/100\n|-damage|p1b: Zacian|90/100\n|\n|upkeep\n|turn|3\n|\n|t:|1774288095\n|move|p2a: Ho-Oh|Protect|p2a: Ho-Oh\n|-singleturn|p2a: Ho-Oh|Protect\n|move|p1a: Iron Valiant|Coaching|p1b: Zacian\n|-boost|p1b: Zacian|atk|1\n|-boost|p1b: Zacian|def|1\n|move|p1b: Zacian|Behemoth Blade|p2a: Ho-Oh\n|-activate|p2a: Ho-Oh|move: Protect\n|move|p2b: Sinistcha|Matcha Gotcha|p1a: Iron Valiant|[spread] p1a,p1b\n|-resisted|p1b: Zacian\n|-damage|p1a: Iron Valiant|28/100\n|-damage|p1b: Zacian|79/100\n|\n|-end|p2b: Sinistcha|move: Taunt\n|upkeep\n|turn|4\n|\n|t:|1774288114\n|-terastallize|p1b: Zacian|Ground\n|move|p2b: Sinistcha|Rage Powder|p2b: Sinistcha\n|-singleturn|p2b: Sinistcha|move: Rage Powder\n|move|p1a: Iron Valiant|Taunt|p2b: Sinistcha\n|-start|p2b: Sinistcha|move: Taunt\n|move|p1b: Zacian|Behemoth Blade|p2b: Sinistcha\n|-crit|p2b: Sinistcha\n|-damage|p2b: Sinistcha|0 fnt\n|-damage|p1b: Zacian|63/100|[from] item: Rocky Helmet|[of] p2b: Sinistcha\n|faint|p2b: Sinistcha\n|move|p2a: Ho-Oh|Tailwind|p2a: Ho-Oh\n|-sidestart|p2: SlicerTheAbsol|move: Tailwind\n|\n|upkeep\n|\n|t:|1774288126\n|switch|p2b: Giratina|Giratina-Origin, L50|51/100\n|turn|5\n|\n|t:|1774288153\n|-terastallize|p2b: Giratina|Fire\n|move|p1a: Iron Valiant|Moonblast|p2b: Giratina\n|-resisted|p2b: Giratina\n|-damage|p2b: Giratina|36/100\n|move|p2a: Ho-Oh|Sacred Fire|p1a: Iron Valiant\n|-damage|p1a: Iron Valiant|0 fnt\n|faint|p1a: Iron Valiant\n|-end|p1a: Iron Valiant|Quark Drive|[silent]\n|move|p2b: Giratina|Poltergeist|p1b: Zacian\n|-activate|p1b: Zacian|move: Poltergeist|Rusted Sword\n|-damage|p1b: Zacian|33/100\n|move|p1b: Zacian|Behemoth Blade|p2a: Ho-Oh\n|-resisted|p2a: Ho-Oh\n|-damage|p2a: Ho-Oh|0 fnt\n|faint|p2a: Ho-Oh\n|\n|-fieldend|move: Electric Terrain\n|upkeep\n|\n|t:|1774288171\n|switch|p1a: Urshifu|Urshifu-Rapid-Strike, L50, F|100/100\n|switch|p2a: Kingambit|Kingambit, L50, M|100/100\n|turn|6\n|\n|t:|1774288197\n|move|p1b: Zacian|Protect|p1b: Zacian\n|-singleturn|p1b: Zacian|Protect\n|move|p1a: Urshifu|Aqua Jet|p2b: Giratina\n|-supereffective|p2b: Giratina\n|-damage|p2b: Giratina|4/100\n|move|p2b: Giratina|Poltergeist|p1a: Urshifu\n|-activate|p1a: Urshifu|move: Poltergeist|Focus Sash\n|-damage|p1a: Urshifu|25/100\n|move|p2a: Kingambit|Kowtow Cleave|p1b: Zacian\n|-activate|p1b: Zacian|move: Protect\n|\n|upkeep\n|turn|7\n|\n|t:|1774288222\n|move|p1a: Urshifu|Detect|p1a: Urshifu\n|-singleturn|p1a: Urshifu|Protect\n|move|p2b: Giratina|Shadow Sneak|p1a: Urshifu\n|-activate|p1a: Urshifu|move: Protect\n|move|p2a: Kingambit|Sucker Punch|p1b: Zacian\n|-damage|p1b: Zacian|16/100\n|move|p1b: Zacian|Behemoth Blade|p2b: Giratina\n|-resisted|p2b: Giratina\n|-crit|p2b: Giratina\n|-damage|p2b: Giratina|0 fnt\n|faint|p2b: Giratina\n|\n|-sideend|p2: SlicerTheAbsol|move: Tailwind\n|upkeep\n|turn|8\n|\n|t:|1774288238\n|move|p2a: Kingambit|Sucker Punch|p1a: Urshifu\n|-resisted|p1a: Urshifu\n|-damage|p1a: Urshifu|6/100\n|move|p1b: Zacian|Tera Blast|p2a: Kingambit|[anim] Tera Blast Ground\n|-supereffective|p2a: Kingambit\n|-damage|p2a: Kingambit|0 fnt\n|faint|p2a: Kingambit\n|\n|win|Shagrathisbeast\n|raw|Shagrathisbeast's rating: 1361 &rarr; <strong>1381</strong><br />(+20 for winning)\n|raw|SlicerTheAbsol's rating: 1364 &rarr; <strong>1344</strong><br />(-20 for losing)\n|l|\u2606Shagrathisbeast\n|player|p1|\n|c|\u2606SlicerTheAbsol|gg\n|l|\u2606SlicerTheAbsol\n|player|p2|\n","uploadtime":1774288480,"views":10,"formatid":"gen9vgc2026regi","rating":1344,"private":0,"password":null}