{"id":"gen9vgc2026regi-2535198850","format":"[Gen 9] VGC 2026 Reg I","players":["lalo's pollos","Kellen1999"],"log":"|j|\u2606lalo's pollos\n|j|\u2606Kellen1999\n|t:|1770527469\n|gametype|doubles\n|player|p1|lalo's pollos|2|1459\n|player|p2|Kellen1999|rosa|1496\n|gen|9\n|tier|[Gen 9] VGC 2026 Reg I\n|rated|\n|rule|Species Clause: Limit one of each Pok\u00e9mon\n|rule|Item Clause: Limit 1 of each item\n|clearpoke\n|poke|p1|Zamazenta-*, L50|\n|poke|p1|Lunala, L50|\n|poke|p1|Rillaboom, L50, M|\n|poke|p1|Incineroar, L50, M|\n|poke|p1|Urshifu-*, L50, F|\n|poke|p1|Tornadus, L50, M|\n|poke|p2|Miraidon, L50|\n|poke|p2|Calyrex-Ice, L50|\n|poke|p2|Whimsicott, L50, F|\n|poke|p2|Volcarona, L50, F|\n|poke|p2|Incineroar, L50, F|\n|poke|p2|Urshifu-*, L50, F|\n|teampreview|4\n|inactive|Battle timer is ON: inactive players will automatically lose when time's up. (requested by Kellen1999)\n|inactive|lalo's pollos has 60 seconds left.\n|\n|t:|1770527531\n|teamsize|p1|4\n|teamsize|p2|4\n|start\n|switch|p1a: Tornadus|Tornadus, L50, M|100/100\n|switch|p1b: Zamazenta|Zamazenta-Crowned, L50|100/100\n|switch|p2a: Miraidon|Miraidon, L50, shiny|100/100\n|switch|p2b: Urshifu|Urshifu-Rapid-Strike, L50, F|100/100\n|-ability|p1b: Zamazenta|Dauntless Shield|boost\n|-boost|p1b: Zamazenta|def|1\n|-fieldstart|move: Electric Terrain|[from] ability: Hadron Engine|[of] p2a: Miraidon\n|turn|1\n|\n|t:|1770527547\n|switch|p2a: Volcarona|Volcarona, L50, F, shiny|100/100\n|-enditem|p2a: Volcarona|Electric Seed\n|-boost|p2a: Volcarona|def|1|[from] item: Electric Seed\n|-terastallize|p2b: Urshifu|Ghost\n|move|p1a: Tornadus|Bleakwind Storm|p2b: Urshifu|[spread] p2a,p2b\n|-supereffective|p2a: Volcarona\n|-damage|p2a: Volcarona|31/100\n|-damage|p2b: Urshifu|58/100\n|move|p1b: Zamazenta|Body Press|p2a: Volcarona\n|-resisted|p2a: Volcarona\n|-crit|p2a: Volcarona\n|-damage|p2a: Volcarona|0 fnt\n|faint|p2a: Volcarona\n|move|p2b: Urshifu|Surging Strikes|p1a: Tornadus\n|-crit|p1a: Tornadus\n|-damage|p1a: Tornadus|55/100\n|-crit|p1a: Tornadus\n|-damage|p1a: Tornadus|3/100\n|-crit|p1a: Tornadus\n|-damage|p1a: Tornadus|0 fnt\n|faint|p1a: Tornadus\n|-hitcount|p1: Tornadus|3\n|\n|upkeep\n|inactive|lalo's pollos has 30 seconds left.\n|\n|t:|1770527575\n|switch|p1a: Lunala|Lunala, L50|100/100\n|switch|p2a: Calyrex|Calyrex-Ice, L50|100/100\n|-ability|p2a: Calyrex|As One\n|-ability|p2a: Calyrex|Unnerve\n|turn|2\n|\n|t:|1770527590\n|move|p1b: Zamazenta|Heavy Slam|p2b: Urshifu\n|-damage|p2b: Urshifu|13/100\n|move|p1a: Lunala|Calm Mind|p1a: Lunala\n|-boost|p1a: Lunala|spa|1\n|-boost|p1a: Lunala|spd|1\n|move|p2b: Urshifu|Surging Strikes|p1b: Zamazenta\n|-crit|p1b: Zamazenta\n|-damage|p1b: Zamazenta|84/100\n|-crit|p1b: Zamazenta\n|-damage|p1b: Zamazenta|67/100\n|-crit|p1b: Zamazenta\n|-damage|p1b: Zamazenta|47/100\n|-hitcount|p1b: Zamazenta|3\n|move|p2a: Calyrex|Glacial Lance|p1b: Zamazenta|[spread] p1a,p1b\n|-resisted|p1b: Zamazenta\n|-damage|p1a: Lunala|77/100\n|-damage|p1b: Zamazenta|37/100\n|\n|-heal|p1a: Lunala|83/100|[from] item: Leftovers\n|upkeep\n|turn|3\n|\n|t:|1770527613\n|move|p1b: Zamazenta|Heavy Slam|p2b: Urshifu\n|-damage|p2b: Urshifu|0 fnt\n|faint|p2b: Urshifu\n|move|p1a: Lunala|Moongeist Beam|p2a: Calyrex\n|-supereffective|p2a: Calyrex\n|-damage|p2a: Calyrex|1/100\n|move|p2a: Calyrex|High Horsepower|p1b: Zamazenta\n|-supereffective|p1b: Zamazenta\n|-damage|p1b: Zamazenta|6/100\n|\n|-heal|p1a: Lunala|89/100|[from] item: Leftovers\n|upkeep\n|\n|t:|1770527616\n|switch|p2b: Miraidon|Miraidon, L50, shiny|100/100\n|-activate|p2b: Miraidon|ability: Hadron Engine\n|turn|4\n|inactive|Kellen1999 has 30 seconds left.\n|\n|t:|1770527642\n|move|p1a: Lunala|Protect|p1a: Lunala\n|-singleturn|p1a: Lunala|Protect\n|move|p2a: Calyrex|Protect|p2a: Calyrex\n|-singleturn|p2a: Calyrex|Protect\n|move|p1b: Zamazenta|Body Press|p2b: Miraidon\n|-damage|p2b: Miraidon|29/100\n|move|p2b: Miraidon|Electro Drift|p1b: Zamazenta\n|-damage|p1b: Zamazenta|0 fnt\n|faint|p1b: Zamazenta\n|\n|-heal|p1a: Lunala|95/100|[from] item: Leftovers\n|upkeep\n|\n|t:|1770527652\n|switch|p1b: Incineroar|Incineroar, L50, M|100/100\n|-ability|p1b: Incineroar|Intimidate|boost\n|-fail|p2a: Calyrex|unboost|[from] item: Clear Amulet|[of] p2a: Calyrex\n|-unboost|p2b: Miraidon|atk|1\n|turn|5\n|\n|t:|1770527659\n|move|p1b: Incineroar|Fake Out|p2b: Miraidon\n|-damage|p2b: Miraidon|19/100\n|move|p2b: Miraidon|Snarl|p1b: Incineroar|[spread] p1a,p1b\n|-supereffective|p1a: Lunala\n|-resisted|p1b: Incineroar\n|-damage|p1a: Lunala|56/100\n|-damage|p1b: Incineroar|91/100\n|-unboost|p1a: Lunala|spa|1\n|-unboost|p1b: Incineroar|spa|1\n|move|p1a: Lunala|Moongeist Beam|p2a: Calyrex\n|-supereffective|p2a: Calyrex\n|-damage|p2a: Calyrex|0 fnt\n|faint|p2a: Calyrex\n|\n|-heal|p1a: Lunala|62/100|[from] item: Leftovers\n|-fieldend|move: Electric Terrain\n|upkeep\n|turn|6\n|\n|t:|1770527670\n|-terastallize|p1a: Lunala|Fairy\n|move|p2b: Miraidon|Electro Drift|p1a: Lunala\n|-crit|p1a: Lunala\n|-damage|p1a: Lunala|0 fnt\n|faint|p1a: Lunala\n|move|p1b: Incineroar|Knock Off|p2b: Miraidon\n|-damage|p2b: Miraidon|0 fnt\n|-enditem|p2b: Miraidon|Covert Cloak|[from] move: Knock Off|[of] p1b: Incineroar\n|faint|p2b: Miraidon\n|\n|win|lalo's pollos\n|raw|lalo&apos;s pollos's rating: 1459 &rarr; <strong>1481</strong><br />(+22 for winning)\n|raw|Kellen1999's rating: 1496 &rarr; <strong>1474</strong><br />(-22 for losing)\n|l|\u2606Kellen1999\n|player|p2|\n","uploadtime":1770527895,"views":17,"formatid":"gen9vgc2026regi","rating":1474,"private":0,"password":null}