{"id":"gen9vgc2026regi-2580194363","format":"[Gen 9] VGC 2026 Reg I","players":["arcticomen","JoeBro8"],"log":"|j|\u2606arcticomen\n|j|\u2606JoeBro8\n|t:|1775863806\n|gametype|doubles\n|player|p1|arcticomen|102|1381\n|player|p2|JoeBro8|n|1505\n|gen|9\n|tier|[Gen 9] VGC 2026 Reg I\n|rated|\n|rule|Species Clause: Limit one of each Pok\u00e9mon\n|rule|Item Clause: Limit 1 of each item\n|clearpoke\n|poke|p1|Tyranitar, L50, F|\n|poke|p1|Gastrodon-East, L50, F|\n|poke|p1|Excadrill, L50, M|\n|poke|p1|Giratina-Origin, L50|\n|poke|p1|Amoonguss, L50, F|\n|poke|p1|Dialga-Origin, L50|\n|poke|p2|Miraidon, L50|\n|poke|p2|Whimsicott, L50, F|\n|poke|p2|Zamazenta-*, L50|\n|poke|p2|Chien-Pao, L50|\n|poke|p2|Volcarona, L50, F|\n|poke|p2|Iron Hands, L50|\n|teampreview|4\n|\n|t:|1775863843\n|teamsize|p1|4\n|teamsize|p2|4\n|start\n|switch|p1a: Dialga|Dialga-Origin, L50|100/100\n|switch|p1b: Amoonguss|Amoonguss, L50, F|100/100\n|switch|p2a: Jack of Diamonds|Chien-Pao, L50|100/100\n|switch|p2b: King of Spades|Zamazenta-Crowned, L50|100/100\n|-ability|p2a: Jack of Diamonds|Sword of Ruin\n|-ability|p2b: King of Spades|Dauntless Shield|boost\n|-boost|p2b: King of Spades|def|1\n|turn|1\n|\n|t:|1775863865\n|move|p1b: Amoonguss|Rage Powder|p1b: Amoonguss\n|-singleturn|p1b: Amoonguss|move: Rage Powder\n|move|p2a: Jack of Diamonds|Icicle Crash|p1b: Amoonguss\n|-supereffective|p1b: Amoonguss\n|-damage|p1b: Amoonguss|13/100\n|-enditem|p1b: Amoonguss|Sitrus Berry|[eat]\n|-heal|p1b: Amoonguss|38/100|[from] item: Sitrus Berry\n|move|p2b: King of Spades|Body Press|p1b: Amoonguss\n|-resisted|p1b: Amoonguss\n|-damage|p1b: Amoonguss|2/100\n|move|p1a: Dialga|Flash Cannon|p2a: Jack of Diamonds\n|-supereffective|p2a: Jack of Diamonds\n|-enditem|p2a: Jack of Diamonds|Focus Sash\n|-damage|p2a: Jack of Diamonds|1/100\n|\n|upkeep\n|turn|2\n|\n|t:|1775863887\n|switch|p1b: Tyranitar|Tyranitar, L50, F|100/100\n|-weather|Sandstorm|[from] ability: Sand Stream|[of] p1b: Tyranitar\n|move|p2a: Jack of Diamonds|Sacred Sword|p1b: Tyranitar\n|-supereffective|p1b: Tyranitar\n|-damage|p1b: Tyranitar|0 fnt\n|faint|p1b: Tyranitar\n|move|p2b: King of Spades|Body Press|p1a: Dialga\n|-supereffective|p1a: Dialga\n|-damage|p1a: Dialga|0 fnt\n|faint|p1a: Dialga\n|\n|-weather|Sandstorm|[upkeep]\n|-damage|p2a: Jack of Diamonds|0 fnt|[from] Sandstorm\n|faint|p2a: Jack of Diamonds\n|upkeep\n|\n|t:|1775863901\n|switch|p2a: Ace of Spades|Miraidon, L50|100/100\n|switch|p1a: Amoonguss|Amoonguss, L50, F|35/100\n|switch|p1b: Excadrill|Excadrill, L50, M|100/100\n|-fieldstart|move: Electric Terrain|[from] ability: Hadron Engine|[of] p2a: Ace of Spades\n|turn|3\n|\n|t:|1775863909\n|switch|p2a: Jack of Spades|Iron Hands, L50|100/100\n|-activate|p2a: Jack of Spades|ability: Quark Drive\n|-start|p2a: Jack of Spades|quarkdriveatk\n|-terastallize|p1b: Excadrill|Ground\n|move|p1a: Amoonguss|Protect|p1a: Amoonguss\n|-singleturn|p1a: Amoonguss|Protect\n|move|p1b: Excadrill|Earthquake|p2b: King of Spades|[spread] p2a,p2b\n|-activate|p1a: Amoonguss|move: Protect\n|-supereffective|p2a: Jack of Spades\n|-supereffective|p2b: King of Spades\n|-damage|p2a: Jack of Spades|25/100\n|-damage|p2b: King of Spades|58/100\n|move|p2b: King of Spades|Behemoth Bash|p1a: Amoonguss\n|-activate|p1a: Amoonguss|move: Protect\n|\n|-weather|Sandstorm|[upkeep]\n|-damage|p2a: Jack of Spades|19/100|[from] Sandstorm\n|-damage|p1a: Amoonguss|29/100|[from] Sandstorm\n|upkeep\n|turn|4\n|\n|t:|1775863943\n|move|p1b: Excadrill|Protect|p1b: Excadrill\n|-singleturn|p1b: Excadrill|Protect\n|move|p2a: Jack of Spades|Fake Out|p1b: Excadrill\n|-activate|p1b: Excadrill|move: Protect\n|move|p2b: King of Spades|Behemoth Bash|p1a: Amoonguss\n|-damage|p1a: Amoonguss|1/100\n|move|p1a: Amoonguss|Spore|p2b: King of Spades\n|-activate|p2b: King of Spades|move: Electric Terrain\n|\n|-weather|Sandstorm|[upkeep]\n|-damage|p2a: Jack of Spades|13/100|[from] Sandstorm\n|-damage|p1a: Amoonguss|0 fnt|[from] Sandstorm\n|faint|p1a: Amoonguss\n|upkeep\n|turn|5\n|inactive|Battle timer is ON: inactive players will automatically lose when time's up. (requested by JoeBro8)\n|\n|t:|1775863956\n|move|p2b: King of Spades|Wide Guard|p2b: King of Spades\n|-singleturn|p2b: King of Spades|Wide Guard\n|move|p1b: Excadrill|Earthquake|p2a: Jack of Spades|[spread] \n|-activate|p2a: Jack of Spades|move: Wide Guard\n|-activate|p2b: King of Spades|move: Wide Guard\n|move|p2a: Jack of Spades|Drain Punch|p1b: Excadrill\n|-damage|p1b: Excadrill|19/100\n|-heal|p2a: Jack of Spades|45/100|[from] drain|[of] p1b: Excadrill\n|\n|-weather|Sandstorm|[upkeep]\n|-damage|p2a: Jack of Spades|39/100|[from] Sandstorm\n|upkeep\n|turn|6\n|\n|t:|1775863962\n|move|p2b: King of Spades|Protect||[still]\n|-fail|p2b: King of Spades\n|move|p1b: Excadrill|Earthquake|p2a: Jack of Spades|[spread] p2a,p2b\n|-supereffective|p2a: Jack of Spades\n|-supereffective|p2b: King of Spades\n|-damage|p2a: Jack of Spades|0 fnt\n|-damage|p2b: King of Spades|14/100\n|faint|p2a: Jack of Spades\n|-end|p2a: Jack of Spades|Quark Drive|[silent]\n|\n|-weather|none\n|upkeep\n|\n|t:|1775863964\n|switch|p2a: Ace of Spades|Miraidon, L50|100/100\n|-activate|p2a: Ace of Spades|ability: Hadron Engine\n|turn|7\n|\n|t:|1775863968\n|-terastallize|p2a: Ace of Spades|Fairy\n|move|p2b: King of Spades|Wide Guard|p2b: King of Spades\n|-singleturn|p2b: King of Spades|Wide Guard\n|move|p2a: Ace of Spades|Dazzling Gleam|p1b: Excadrill\n|-damage|p1b: Excadrill|0 fnt\n|faint|p1b: Excadrill\n|\n|win|JoeBro8\n|raw|arcticomen's rating: 1381 &rarr; <strong>1368</strong><br />(-13 for losing)\n|raw|JoeBro8's rating: 1505 &rarr; <strong>1518</strong><br />(+13 for winning)\n|l|\u2606arcticomen\n|player|p1|\n|l|\u2606JoeBro8\n|player|p2|\n","uploadtime":1775864207,"views":10,"formatid":"gen9vgc2026regi","rating":1368,"private":0,"password":null}