{"id":"gen9vgc2026regi-2520251631","format":"[Gen 9] VGC 2026 Reg I","players":["Joe Dirtwo","ScribbleScribble"],"log":"|j|\u2606Joe Dirtwo\n|j|\u2606ScribbleScribble\n|t:|1768604406\n|gametype|doubles\n|player|p1|Joe Dirtwo|gentleman|1322\n|player|p2|ScribbleScribble|mina-lgpe|1437\n|gen|9\n|tier|[Gen 9] VGC 2026 Reg I\n|rated|\n|rule|Species Clause: Limit one of each Pok\u00e9mon\n|rule|Item Clause: Limit 1 of each item\n|clearpoke\n|poke|p1|Kyogre, L50|\n|poke|p1|Rillaboom, L50, F|\n|poke|p1|Incineroar, L50, M|\n|poke|p1|Farigiraf, L50, F|\n|poke|p1|Lugia, L50|\n|poke|p1|Raichu, L50, F|\n|poke|p2|Calyrex-Ice, L50|\n|poke|p2|Kyogre, L50|\n|poke|p2|Tornadus, L50, M|\n|poke|p2|Indeedee-F, L50, F|\n|poke|p2|Landorus, L50, M|\n|poke|p2|Urshifu-*, L50, F|\n|teampreview|4\n|inactive|Battle timer is ON: inactive players will automatically lose when time's up. (requested by ScribbleScribble)\n|inactive|ScribbleScribble has 60 seconds left.\n|\n|t:|1768604450\n|teamsize|p1|4\n|teamsize|p2|4\n|start\n|switch|p1a: Lugia|Lugia, L50|100/100\n|switch|p1b: Rillaboom|Rillaboom, L50, F|100/100\n|switch|p2a: Calyrex|Calyrex-Ice, L50|100/100\n|switch|p2b: Tornadus|Tornadus, L50, M|100/100\n|-ability|p2a: Calyrex|As One\n|-ability|p2a: Calyrex|Unnerve\n|-fieldstart|move: Grassy Terrain|[from] ability: Grassy Surge|[of] p1b: Rillaboom\n|turn|1\n|\n|t:|1768604464\n|move|p1b: Rillaboom|Fake Out|p2a: Calyrex\n|-damage|p2a: Calyrex|91/100\n|move|p2b: Tornadus|Bleakwind Storm|p1a: Lugia|[spread] p1a,p1b\n|-supereffective|p1b: Rillaboom\n|-damage|p1a: Lugia|88/100\n|-damage|p1b: Rillaboom|44/100\n|-unboost|p1a: Lugia|spe|1\n|-unboost|p1b: Rillaboom|spe|1\n|cant|p2a: Calyrex|flinch\n|move|p1a: Lugia|Calm Mind|p1a: Lugia\n|-boost|p1a: Lugia|spa|1\n|-boost|p1a: Lugia|spd|1\n|\n|-heal|p2a: Calyrex|97/100|[from] Grassy Terrain\n|-heal|p1a: Lugia|94/100|[from] item: Leftovers\n|-heal|p1b: Rillaboom|50/100|[from] Grassy Terrain\n|upkeep\n|turn|2\n|\n|t:|1768604484\n|switch|p1b: Incineroar|Incineroar, L50, M|100/100\n|-ability|p1b: Incineroar|Intimidate|boost\n|-fail|p2a: Calyrex|unboost|[from] item: Clear Amulet|[of] p2a: Calyrex\n|-unboost|p2b: Tornadus|atk|1\n|-terastallize|p1a: Lugia|Water\n|move|p2b: Tornadus|Taunt|p1a: Lugia\n|-start|p1a: Lugia|move: Taunt\n|move|p2a: Calyrex|Glacial Lance|p1a: Lugia|[spread] p1a,p1b\n|-resisted|p1a: Lugia\n|-resisted|p1b: Incineroar\n|-damage|p1a: Lugia|76/100\n|-damage|p1b: Incineroar|79/100\n|cant|p1a: Lugia|move: Taunt|Calm Mind\n|\n|-heal|p2a: Calyrex|100/100|[from] Grassy Terrain\n|-heal|p1a: Lugia|82/100|[from] Grassy Terrain\n|-heal|p1a: Lugia|88/100|[from] item: Leftovers\n|-heal|p1b: Incineroar|85/100|[from] Grassy Terrain\n|upkeep\n|turn|3\n|inactive|ScribbleScribble has 30 seconds left.\n|inactive|ScribbleScribble has 20 seconds left.\n|inactive|ScribbleScribble has 15 seconds left.\n|\n|t:|1768604528\n|switch|p2b: Indeedee|Indeedee-F, L50, F, shiny|100/100\n|-fieldstart|move: Psychic Terrain|[from] ability: Psychic Surge|[of] p2b: Indeedee\n|-enditem|p2b: Indeedee|Psychic Seed\n|-boost|p2b: Indeedee|spd|1|[from] item: Psychic Seed\n|-terastallize|p2a: Calyrex|Grass\n|move|p2a: Calyrex|Seed Bomb|p1a: Lugia\n|-supereffective|p1a: Lugia\n|-damage|p1a: Lugia|24/100\n|move|p1a: Lugia|Psyshock|p2b: Indeedee\n|-resisted|p2b: Indeedee\n|-damage|p2b: Indeedee|70/100\n|move|p1b: Incineroar|Knock Off|p2a: Calyrex\n|-damage|p2a: Calyrex|73/100\n|-enditem|p2a: Calyrex|Clear Amulet|[from] move: Knock Off|[of] p1b: Incineroar\n|\n|-heal|p1a: Lugia|30/100|[from] item: Leftovers\n|upkeep\n|turn|4\n|\n|t:|1768604552\n|switch|p1a: Rillaboom|Rillaboom, L50, F|50/100\n|-fieldstart|move: Grassy Terrain|[from] ability: Grassy Surge|[of] p1a: Rillaboom\n|move|p2b: Indeedee|Follow Me|p2b: Indeedee\n|-singleturn|p2b: Indeedee|move: Follow Me\n|move|p2a: Calyrex|Glacial Lance|p1b: Incineroar|[spread] p1a,p1b\n|-supereffective|p1a: Rillaboom\n|-resisted|p1b: Incineroar\n|-damage|p1a: Rillaboom|0 fnt\n|-damage|p1b: Incineroar|63/100\n|faint|p1a: Rillaboom\n|-ability|p2a: Calyrex|Chilling Neigh|boost\n|-boost|p2a: Calyrex|atk|1\n|move|p1b: Incineroar|Parting Shot|p2b: Indeedee\n|-unboost|p2b: Indeedee|atk|1\n|-unboost|p2b: Indeedee|spa|1\n|\n|t:|1768604567\n|switch|p1b: Lugia|Lugia, L50, tera:Water|30/100|[from] Parting Shot\n|\n|-heal|p1b: Lugia|37/100|[from] Grassy Terrain\n|-heal|p1b: Lugia|43/100|[from] item: Leftovers\n|-heal|p2a: Calyrex|79/100|[from] Grassy Terrain\n|-heal|p2b: Indeedee|76/100|[from] Grassy Terrain\n|upkeep\n|\n|t:|1768604570\n|switch|p1a: Incineroar|Incineroar, L50, M|63/100\n|-ability|p1a: Incineroar|Intimidate|boost\n|-unboost|p2a: Calyrex|atk|1\n|-unboost|p2b: Indeedee|atk|1\n|turn|5\n|\n|t:|1768604580\n|switch|p2b: Tornadus|Tornadus, L50, M|100/100\n|move|p1a: Incineroar|Fake Out|p2a: Calyrex\n|-damage|p2a: Calyrex|72/100\n|move|p1b: Lugia|Recover|p1b: Lugia\n|-heal|p1b: Lugia|93/100\n|cant|p2a: Calyrex|flinch\n|\n|-heal|p1b: Lugia|99/100|[from] Grassy Terrain\n|-heal|p1b: Lugia|100/100|[from] item: Leftovers\n|-heal|p2a: Calyrex|78/100|[from] Grassy Terrain\n|-heal|p1a: Incineroar|69/100|[from] Grassy Terrain\n|upkeep\n|turn|6\n|\n|t:|1768604587\n|switch|p1a: Kyogre|Kyogre, L50|100/100\n|-weather|RainDance|[from] ability: Drizzle|[of] p1a: Kyogre\n|move|p2b: Tornadus|Taunt|p1b: Lugia\n|-start|p1b: Lugia|move: Taunt\n|move|p1b: Lugia|Hurricane|p2a: Calyrex\n|-supereffective|p2a: Calyrex\n|-damage|p2a: Calyrex|0 fnt\n|faint|p2a: Calyrex\n|\n|-weather|RainDance|[upkeep]\n|upkeep\n|\n|t:|1768604592\n|switch|p2a: Kyogre|Kyogre, L50|100/100\n|turn|7\n|\n|t:|1768604614\n|move|p1a: Kyogre|Protect|p1a: Kyogre\n|-singleturn|p1a: Kyogre|Protect\n|move|p2b: Tornadus|Bleakwind Storm|p1a: Kyogre|[spread] p1b\n|-activate|p1a: Kyogre|move: Protect\n|-damage|p1b: Lugia|88/100\n|move|p2a: Kyogre|Water Spout|p1b: Lugia|[spread] p1b\n|-activate|p1a: Kyogre|move: Protect\n|-resisted|p1b: Lugia\n|-damage|p1b: Lugia|52/100\n|move|p1b: Lugia|Psyshock|p2a: Kyogre\n|-damage|p2a: Kyogre|62/100\n|\n|-weather|RainDance|[upkeep]\n|-heal|p2a: Kyogre|68/100|[from] Grassy Terrain\n|-heal|p1b: Lugia|58/100|[from] Grassy Terrain\n|-heal|p1b: Lugia|64/100|[from] item: Leftovers\n|upkeep\n|turn|8\n|\n|t:|1768604639\n|move|p2b: Tornadus|Bleakwind Storm|p1a: Kyogre|[spread] p1a,p1b\n|-damage|p1a: Kyogre|76/100\n|-damage|p1b: Lugia|43/100\n|-unboost|p1a: Kyogre|spe|1\n|move|p2a: Kyogre|Thunder|p1a: Kyogre\n|-supereffective|p1a: Kyogre\n|-damage|p1a: Kyogre|17/100\n|move|p1b: Lugia|Hurricane|p2b: Tornadus\n|-damage|p2b: Tornadus|34/100\n|-start|p2b: Tornadus|confusion\n|move|p1a: Kyogre|Origin Pulse|p2a: Kyogre|[spread] p2a\n|-miss|p1a: Kyogre|p2b: Tornadus\n|-resisted|p2a: Kyogre\n|-damage|p2a: Kyogre|34/100\n|\n|-weather|RainDance|[upkeep]\n|-heal|p2a: Kyogre|40/100|[from] Grassy Terrain\n|-heal|p1b: Lugia|49/100|[from] Grassy Terrain\n|-heal|p1b: Lugia|55/100|[from] item: Leftovers\n|-heal|p1a: Kyogre|23/100|[from] Grassy Terrain\n|-end|p1b: Lugia|move: Taunt\n|-fieldend|move: Grassy Terrain\n|upkeep\n|turn|9\n|inactive|Joe Dirtwo has 30 seconds left.\n|c|\u2606Joe Dirtwo|big miss\n|\n|t:|1768604668\n|move|p1a: Kyogre|Protect|p1a: Kyogre\n|-singleturn|p1a: Kyogre|Protect\n|-activate|p2b: Tornadus|confusion\n|move|p2b: Tornadus|Bleakwind Storm|p1a: Kyogre|[spread] p1b\n|-activate|p1a: Kyogre|move: Protect\n|-damage|p1b: Lugia|34/100\n|move|p2a: Kyogre|Thunder|p1b: Lugia\n|-supereffective|p1b: Lugia\n|-crit|p1b: Lugia\n|-damage|p1b: Lugia|0 fnt\n|faint|p1b: Lugia\n|\n|-weather|RainDance|[upkeep]\n|upkeep\n|\n|t:|1768604676\n|switch|p1b: Incineroar|Incineroar, L50, M|69/100\n|-ability|p1b: Incineroar|Intimidate|boost\n|-unboost|p2a: Kyogre|atk|1\n|-unboost|p2b: Tornadus|atk|1\n|turn|10\n|\n|t:|1768604684\n|switch|p2b: Indeedee|Indeedee-F, L50, F, shiny|76/100\n|-fieldstart|move: Psychic Terrain|[from] ability: Psychic Surge|[of] p2b: Indeedee\n|move|p1b: Incineroar|Helping Hand|p1a: Kyogre\n|-singleturn|p1a: Kyogre|Helping Hand|[of] p1b: Incineroar\n|move|p2a: Kyogre|Water Spout|p1b: Incineroar|[spread] p1a,p1b\n|-resisted|p1a: Kyogre\n|-supereffective|p1b: Incineroar\n|-damage|p1a: Kyogre|8/100\n|-damage|p1b: Incineroar|0 fnt\n|faint|p1b: Incineroar\n|move|p1a: Kyogre|Origin Pulse|p2a: Kyogre|[spread] p2a,p2b\n|-resisted|p2a: Kyogre\n|-damage|p2a: Kyogre|0 fnt\n|-damage|p2b: Indeedee|0 fnt\n|faint|p2a: Kyogre\n|faint|p2b: Indeedee\n|\n|-weather|none\n|upkeep\n|\n|t:|1768604704\n|switch|p2b: Tornadus|Tornadus, L50, M|34/100\n|turn|11\n|\n|t:|1768604707\n|move|p2b: Tornadus|Bleakwind Storm|p1a: Kyogre\n|-damage|p1a: Kyogre|0 fnt\n|faint|p1a: Kyogre\n|\n|win|ScribbleScribble\n|raw|Joe Dirtwo's rating: 1322 &rarr; <strong>1309</strong><br />(-13 for losing)\n|raw|ScribbleScribble's rating: 1452 &rarr; <strong>1465</strong><br />(+13 for winning)\n|l|\u2606ScribbleScribble\n|player|p2|\n|l|\u2606Joe Dirtwo\n|player|p1|\n","uploadtime":1768604942,"views":13,"formatid":"gen9vgc2026regi","rating":1309,"private":0,"password":null}