{"id":"gen9vgc2026regi-2579650613","format":"[Gen 9] VGC 2026 Reg I","players":["SalmonintheGanges","v 15fb"],"log":"|j|\u2606SalmonintheGanges\n|j|\u2606v 15fb\n|t:|1775811372\n|gametype|doubles\n|player|p1|SalmonintheGanges|fisherman|1409\n|player|p2|v 15fb|clown|1439\n|gen|9\n|tier|[Gen 9] VGC 2026 Reg I\n|rated|\n|rule|Species Clause: Limit one of each Pok\u00e9mon\n|rule|Item Clause: Limit 1 of each item\n|clearpoke\n|poke|p1|Muk-Alola, L50, F|\n|poke|p1|Calyrex-Shadow, L50|\n|poke|p1|Dialga-Origin, L50|\n|poke|p1|Smeargle, L50, F|\n|poke|p1|Flamigo, L50, M|\n|poke|p1|Zoroark-Hisui, L50, M|\n|poke|p2|Terapagos, L50, M|\n|poke|p2|Calyrex-Shadow, L50|\n|poke|p2|Iron Hands, L50|\n|poke|p2|Smeargle, L50, M|\n|poke|p2|Chi-Yu, L50|\n|poke|p2|Whimsicott, L50, M|\n|teampreview|4\n|inactive|Battle timer is ON: inactive players will automatically lose when time's up. (requested by v 15fb)\n|inactive|SalmonintheGanges also wants the timer to be on.\n|inactive|v 15fb has 60 seconds left.\n|\n|t:|1775811406\n|teamsize|p1|4\n|teamsize|p2|4\n|start\n|switch|p1a: Smeargle|Smeargle, L50, F|100/100\n|switch|p1b: Muk|Muk-Alola, L50, F|100/100\n|switch|p2a: Terapagos|Terapagos, L50, M|100/100\n|switch|p2b: Whimsicott|Whimsicott, L50, M|100/100\n|-activate|p2a: Terapagos|ability: Tera Shift\n|detailschange|p2a: Terapagos|Terapagos-Terastal, L50, M\n|-heal|p2a: Terapagos|100/100|[silent]\n|turn|1\n|\n|t:|1775811424\n|move|p2b: Whimsicott|Moonblast|p1a: Smeargle\n|-damage|p1a: Smeargle|50/100\n|move|p1a: Smeargle|Spore|p2a: Terapagos\n|-status|p2a: Terapagos|slp|[from] move: Spore\n|cant|p2a: Terapagos|slp\n|move|p1b: Muk|Minimize|p1b: Muk\n|-boost|p1b: Muk|evasion|2\n|\n|-ability|p1a: Smeargle|Moody|boost\n|-boost|p1a: Smeargle|spe|2\n|-unboost|p1a: Smeargle|def|1\n|upkeep\n|turn|2\n|inactive|v 15fb has 30 seconds left.\n|\n|t:|1775811451\n|move|p1a: Smeargle|Salt Cure|p2a: Terapagos\n|-activate|p2a: Terapagos|ability: Tera Shell\n|-resisted|p2a: Terapagos\n|-damage|p2a: Terapagos|99/100 slp\n|-start|p2a: Terapagos|Salt Cure\n|move|p2b: Whimsicott|Moonblast|p1a: Smeargle\n|-crit|p1a: Smeargle\n|-damage|p1a: Smeargle|0 fnt\n|faint|p1a: Smeargle\n|-ability|p1b: Muk|Moody|Power of Alchemy|[from] ability: Power of Alchemy|[of] p1a: Smeargle\n|-curestatus|p2a: Terapagos|slp|[msg]\n|move|p2a: Terapagos|Earth Power|p1b: Muk|[miss]\n|-miss|p2a: Terapagos|p1b: Muk\n|move|p1b: Muk|Minimize|p1b: Muk\n|-boost|p1b: Muk|evasion|2\n|\n|-damage|p2a: Terapagos|87/100|[from] Salt Cure\n|-ability|p1b: Muk|Moody|boost\n|-boost|p1b: Muk|def|2\n|-unboost|p1b: Muk|spe|1\n|upkeep\n|\n|t:|1775811462\n|switch|p1a: Calyrex|Calyrex-Shadow, L50|100/100\n|-ability|p1a: Calyrex|As One\n|-ability|p1a: Calyrex|Unnerve\n|turn|3\n|inactive|v 15fb has 30 seconds left.\n|\n|t:|1775811496\n|-terastallize|p2a: Terapagos|Stellar\n|detailschange|p2a: Terapagos|Terapagos-Stellar, L50, M, tera:Stellar\n|-heal|p2a: Terapagos|90/100|[silent]\n|move|p1b: Muk|Protect|p1b: Muk\n|-singleturn|p1b: Muk|Protect\n|move|p2b: Whimsicott|Tailwind|p2b: Whimsicott\n|-sidestart|p2: v 15fb|move: Tailwind\n|move|p2a: Terapagos|Tera Starstorm|p1b: Muk|[spread] p1a\n|-activate|p1b: Muk|move: Protect\n|-damage|p1a: Calyrex|64/100\n|move|p1a: Calyrex|Psych Up|p1b: Muk\n|-copyboost|p1a: Calyrex|p1b: Muk|[from] move: Psych Up\n|\n|-damage|p2a: Terapagos|78/100|[from] Salt Cure\n|-ability|p1b: Muk|Moody|boost\n|-boost|p1b: Muk|def|2\n|-unboost|p1b: Muk|atk|1\n|upkeep\n|turn|4\n|\n|t:|1775811517\n|move|p2b: Whimsicott|Encore|p1a: Calyrex|[miss]\n|-miss|p2b: Whimsicott|p1a: Calyrex\n|move|p2a: Terapagos|Tera Starstorm|p1b: Muk|[spread] p1b\n|-miss|p2a: Terapagos|p1a: Calyrex\n|-damage|p1b: Muk|73/100\n|move|p1a: Calyrex|Stored Power|p2a: Terapagos\n|-crit|p2a: Terapagos\n|-damage|p2a: Terapagos|0 fnt\n|faint|p2a: Terapagos\n|detailschange|p2: Terapagos|Terapagos, L50, M|[silent]\n|-ability|p1a: Calyrex|Grim Neigh|boost\n|-boost|p1a: Calyrex|spa|1\n|move|p1b: Muk|Substitute|p1b: Muk\n|-start|p1b: Muk|Substitute\n|-damage|p1b: Muk|48/100\n|\n|-heal|p1b: Muk|54/100|[from] item: Leftovers\n|-ability|p1b: Muk|Moody|boost\n|-boost|p1b: Muk|spa|2\n|-unboost|p1b: Muk|spd|1\n|upkeep\n|\n|t:|1775811533\n|switch|p2a: Calyrex|Calyrex-Shadow, L50|100/100\n|-ability|p2a: Calyrex|As One\n|-ability|p2a: Calyrex|Unnerve\n|turn|5\n|\n|t:|1775811542\n|move|p2a: Calyrex|Astral Barrage|p1a: Calyrex|[spread] p1b\n|-miss|p2a: Calyrex|p1a: Calyrex\n|-resisted|p1b: Muk\n|-end|p1b: Muk|Substitute\n|-damage|p2a: Calyrex|91/100|[from] item: Life Orb\n|move|p2b: Whimsicott|Moonblast|p1b: Muk\n|-damage|p1b: Muk|27/100\n|move|p1a: Calyrex|Stored Power|p2a: Calyrex\n|-resisted|p2a: Calyrex\n|-damage|p2a: Calyrex|33/100\n|move|p1b: Muk|Minimize|p1b: Muk\n|-boost|p1b: Muk|evasion|2\n|\n|-heal|p1b: Muk|33/100|[from] item: Leftovers\n|-ability|p1b: Muk|Moody|boost\n|-boost|p1b: Muk|def|2\n|-unboost|p1b: Muk|spa|1\n|upkeep\n|turn|6\n|inactive|v 15fb has 30 seconds left.\n|\n|t:|1775811569\n|move|p1b: Muk|Protect|p1b: Muk\n|-singleturn|p1b: Muk|Protect\n|move|p2a: Calyrex|Astral Barrage|p1a: Calyrex|[spread] p1a\n|-activate|p1b: Muk|move: Protect\n|-supereffective|p1a: Calyrex\n|-damage|p1a: Calyrex|0 fnt\n|faint|p1a: Calyrex\n|-ability|p2a: Calyrex|Grim Neigh|boost\n|-boost|p2a: Calyrex|spa|1\n|-damage|p2a: Calyrex|23/100|[from] item: Life Orb\n|move|p2b: Whimsicott|Moonblast|p1b: Muk\n|-activate|p1b: Muk|move: Protect\n|\n|-heal|p1b: Muk|39/100|[from] item: Leftovers\n|-sideend|p2: v 15fb|move: Tailwind\n|-ability|p1b: Muk|Moody|boost\n|-boost|p1b: Muk|atk|2\n|-unboost|p1b: Muk|spa|1\n|upkeep\n|\n|t:|1775811574\n|switch|p1a: Dialga|Dialga-Origin, L50|100/100\n|-ability|p1a: Dialga|Pressure\n|turn|7\n|\n|t:|1775811589\n|move|p2b: Whimsicott|Fake Tears|p1a: Dialga\n|-unboost|p1a: Dialga|spd|2\n|move|p2a: Calyrex|Astral Barrage|p1a: Dialga|[spread] p1a,p1b\n|-resisted|p1b: Muk\n|-damage|p1a: Dialga|0 fnt\n|-damage|p1b: Muk|0 fnt\n|faint|p1a: Dialga\n|faint|p1b: Muk\n|-damage|p2a: Calyrex|14/100|[from] item: Life Orb\n|\n|win|v 15fb\n|raw|SalmonintheGanges's rating: 1409 &rarr; <strong>1391</strong><br />(-18 for losing)\n|raw|v 15fb's rating: 1439 &rarr; <strong>1457</strong><br />(+18 for winning)\n|l|\u2606SalmonintheGanges\n|player|p1|\n|l|\u2606v 15fb\n|player|p2|\n","uploadtime":1775811855,"views":10,"formatid":"gen9vgc2026regi","rating":1391,"private":0,"password":null}