{"id":"gen9vgc2026regi-2536567587","format":"[Gen 9] VGC 2026 Reg I","players":["cpinalli3","VJ2511"],"log":"|j|\u2606cpinalli3\n|j|\u2606VJ2511\n|t:|1770706957\n|gametype|doubles\n|player|p1|cpinalli3|elesa|1563\n|player|p2|VJ2511|red-masters3|1472\n|gen|9\n|tier|[Gen 9] VGC 2026 Reg I\n|rated|\n|rule|Species Clause: Limit one of each Pok\u00e9mon\n|rule|Item Clause: Limit 1 of each item\n|clearpoke\n|poke|p1|Kyogre, L50|\n|poke|p1|Flutter Mane, L50|\n|poke|p1|Urshifu-*, L50, F|\n|poke|p1|Landorus, L50, M|\n|poke|p1|Smeargle, L50, F|\n|poke|p1|Calyrex-Ice, L50|\n|poke|p2|Calyrex-Shadow, L50|\n|poke|p2|Zamazenta-*, L50|\n|poke|p2|Chien-Pao, L50|\n|poke|p2|Dragonite, L50, F|\n|poke|p2|Raging Bolt, L50|\n|poke|p2|Amoonguss, L50, F|\n|teampreview|4\n|inactive|Battle timer is ON: inactive players will automatically lose when time's up. (requested by VJ2511)\n|c|\u2606cpinalli3|my worst matchup glhf\n|\n|t:|1770706975\n|teamsize|p1|4\n|teamsize|p2|4\n|start\n|switch|p1a: Smeargle|Smeargle, L50, F|100/100\n|switch|p1b: Calyrex|Calyrex-Ice, L50|100/100\n|switch|p2a: Calyrex|Calyrex-Shadow, L50|100/100\n|switch|p2b: Zamazenta|Zamazenta-Crowned, L50|100/100\n|-ability|p2a: Calyrex|As One\n|-ability|p2a: Calyrex|Unnerve\n|-ability|p1b: Calyrex|As One\n|-ability|p1b: Calyrex|Unnerve\n|-ability|p2b: Zamazenta|Dauntless Shield|boost\n|-boost|p2b: Zamazenta|def|1\n|turn|1\n|c|\u2606VJ2511|nah im shit at the game dw\n|\n|t:|1770706984\n|-terastallize|p1b: Calyrex|Grass\n|move|p1a: Smeargle|Wide Guard|p1a: Smeargle\n|-singleturn|p1a: Smeargle|Wide Guard\n|move|p2a: Calyrex|Psychic|p1a: Smeargle\n|-damage|p1a: Smeargle|13/100\n|move|p2b: Zamazenta|Heavy Slam|p1a: Smeargle\n|-damage|p1a: Smeargle|0 fnt\n|faint|p1a: Smeargle\n|move|p1b: Calyrex|Trick Room|p1b: Calyrex\n|-fieldstart|move: Trick Room|[of] p1b: Calyrex\n|\n|upkeep\n|\n|t:|1770706994\n|switch|p1a: Landorus|Landorus, L50, M|100/100\n|turn|2\n|\n|t:|1770707002\n|-terastallize|p2b: Zamazenta|Dragon\n|move|p1b: Calyrex|Seed Bomb|p2a: Calyrex\n|-damage|p2a: Calyrex|29/100\n|move|p2b: Zamazenta|Heavy Slam|p1a: Landorus\n|-damage|p1a: Landorus|44/100\n|move|p1a: Landorus|Earth Power|p2b: Zamazenta\n|-damage|p2b: Zamazenta|48/100\n|move|p2a: Calyrex|Astral Barrage|p1a: Landorus|[spread] p1a,p1b\n|-crit|p1b: Calyrex\n|-damage|p1a: Landorus|0 fnt\n|-damage|p1b: Calyrex|45/100\n|faint|p1a: Landorus\n|-ability|p2a: Calyrex|Grim Neigh|boost\n|-boost|p2a: Calyrex|spa|1\n|\n|upkeep\n|\n|t:|1770707013\n|switch|p1a: alex|Kyogre, L50|100/100\n|-weather|RainDance|[from] ability: Drizzle|[of] p1a: alex\n|turn|3\n|\n|t:|1770707021\n|move|p2b: Zamazenta|Protect|p2b: Zamazenta\n|-singleturn|p2b: Zamazenta|Protect\n|move|p2a: Calyrex|Protect|p2a: Calyrex\n|-singleturn|p2a: Calyrex|Protect\n|move|p1a: alex|Ice Beam|p2b: Zamazenta\n|-activate|p2b: Zamazenta|move: Protect\n|move|p1b: Calyrex|Seed Bomb|p2a: Calyrex\n|-activate|p2a: Calyrex|move: Protect\n|\n|-weather|RainDance|[upkeep]\n|upkeep\n|turn|4\n|\n|t:|1770707032\n|move|p2b: Zamazenta|Wide Guard|p2b: Zamazenta\n|-singleturn|p2b: Zamazenta|Wide Guard\n|move|p1a: alex|Ice Beam|p2b: Zamazenta\n|-supereffective|p2b: Zamazenta\n|-damage|p2b: Zamazenta|3/100\n|move|p1b: Calyrex|Seed Bomb|p2a: Calyrex\n|-damage|p2a: Calyrex|0 fnt\n|faint|p2a: Calyrex\n|-ability|p1b: Calyrex|Chilling Neigh|boost\n|-boost|p1b: Calyrex|atk|1\n|\n|-weather|RainDance|[upkeep]\n|upkeep\n|c|\u2606cpinalli3|crit sucks\n|\n|t:|1770707047\n|switch|p2a: Chien-Pao|Chien-Pao, L50|100/100\n|-ability|p2a: Chien-Pao|Sword of Ruin\n|turn|5\n|\n|t:|1770707054\n|move|p2b: Zamazenta|Wide Guard|p2b: Zamazenta\n|-singleturn|p2b: Zamazenta|Wide Guard\n|move|p1a: alex|Ice Beam|p2a: Chien-Pao\n|-resisted|p2a: Chien-Pao\n|-damage|p2a: Chien-Pao|82/100\n|move|p1b: Calyrex|Seed Bomb|p2a: Chien-Pao\n|-damage|p2a: Chien-Pao|0 fnt\n|faint|p2a: Chien-Pao\n|-ability|p1b: Calyrex|Chilling Neigh|boost\n|-boost|p1b: Calyrex|atk|1\n|\n|-weather|RainDance|[upkeep]\n|-fieldend|move: Trick Room\n|upkeep\n|\n|t:|1770707062\n|switch|p2a: Dragonite|Dragonite, L50, F, shiny|100/100\n|turn|6\n|\n|t:|1770707069\n|move|p1b: Calyrex|Protect|p1b: Calyrex\n|-singleturn|p1b: Calyrex|Protect\n|move|p2b: Zamazenta|Body Press|p1a: alex\n|-damage|p1a: alex|34/100\n|move|p2a: Dragonite|Outrage|p1b: Calyrex\n|-activate|p1b: Calyrex|move: Protect\n|move|p1a: alex|Ice Beam|p2b: Zamazenta\n|-supereffective|p2b: Zamazenta\n|-damage|p2b: Zamazenta|0 fnt\n|faint|p2b: Zamazenta\n|\n|-weather|RainDance|[upkeep]\n|upkeep\n|turn|7\n|c|\u2606VJ2511|welp it was a 50-50 lol\n|\n|t:|1770707084\n|move|p2a: Dragonite|Outrage|p1b: Calyrex\n|-damage|p1b: Calyrex|0 fnt\n|faint|p1b: Calyrex\n|move|p1a: alex|Ice Beam|p2a: Dragonite\n|-supereffective|p2a: Dragonite\n|-damage|p2a: Dragonite|0 fnt\n|faint|p2a: Dragonite\n|\n|win|cpinalli3\n|raw|cpinalli3's rating: 1563 &rarr; <strong>1578</strong><br />(+15 for winning)\n|raw|VJ2511's rating: 1472 &rarr; <strong>1457</strong><br />(-15 for losing)\n|c|\u2606cpinalli3|gg\n|c|\u2606VJ2511|gg\n|l|\u2606VJ2511\n|player|p2|\n|l|\u2606cpinalli3\n|player|p1|\n","uploadtime":1770707113,"views":24,"formatid":"gen9vgc2026regi","rating":1457,"private":0,"password":null}