{"id":"gen9vgc2026regi-2554317819","format":"[Gen 9] VGC 2026 Reg I","players":["rika fangirl","blackred123"],"log":"|j|\u2606rika fangirl\n|j|\u2606blackred123\n|t:|1772946336\n|gametype|doubles\n|player|p1|rika fangirl|lady-gen4|1375\n|player|p2|blackred123|iono-masters|1487\n|gen|9\n|tier|[Gen 9] VGC 2026 Reg I\n|rated|\n|rule|Species Clause: Limit one of each Pok\u00e9mon\n|rule|Item Clause: Limit 1 of each item\n|clearpoke\n|poke|p1|Zamazenta-*, L50|\n|poke|p1|Indeedee-F, L50, F|\n|poke|p1|Rhydon, L50, M|\n|poke|p1|Garganacl, L50, F|\n|poke|p1|Zoroark-Hisui, L50, F|\n|poke|p1|Lunala, L50|\n|poke|p2|Calyrex-Shadow, L50|\n|poke|p2|Zamazenta-*, L50|\n|poke|p2|Chien-Pao, L50|\n|poke|p2|Raging Bolt, L50|\n|poke|p2|Whimsicott, L50, F|\n|poke|p2|Ogerpon-Cornerstone, L50, F|\n|teampreview|4\n|inactive|Battle timer is ON: inactive players will automatically lose when time's up. (requested by blackred123)\n|\n|t:|1772946363\n|teamsize|p1|4\n|teamsize|p2|4\n|start\n|switch|p1a: Indeedee|Indeedee-F, L50, F|100/100\n|switch|p1b: Zamazenta|Zamazenta-Crowned, L50|100/100\n|switch|p2a: \u55f7\u55f7\u55f7\u55f7|Zamazenta-Crowned, L50|100/100\n|switch|p2b: \u829d\u58eb\u96ea\u8c79|Chien-Pao, L50|100/100\n|-ability|p2b: \u829d\u58eb\u96ea\u8c79|Sword of Ruin\n|-ability|p2a: \u55f7\u55f7\u55f7\u55f7|Dauntless Shield|boost\n|-boost|p2a: \u55f7\u55f7\u55f7\u55f7|def|1\n|-fieldstart|move: Psychic Terrain|[from] ability: Psychic Surge|[of] p1a: Indeedee\n|turn|1\n|\n|t:|1772946376\n|switch|p1b: Garganacl|Garganacl, L50, F|100/100\n|-terastallize|p2a: \u55f7\u55f7\u55f7\u55f7|Dragon\n|move|p2b: \u829d\u58eb\u96ea\u8c79|Ice Spinner|p1a: Indeedee\n|-damage|p1a: Indeedee|53/100\n|-fieldend|move: Psychic Terrain\n|move|p2a: \u55f7\u55f7\u55f7\u55f7|Body Press|p1a: Indeedee\n|-damage|p1a: Indeedee|0 fnt\n|faint|p1a: Indeedee\n|\n|upkeep\n|\n|t:|1772946386\n|switch|p1a: Zamazenta|Zamazenta-Crowned, L50|100/100\n|-ability|p1a: Zamazenta|Dauntless Shield|boost\n|-boost|p1a: Zamazenta|def|1\n|turn|2\n|\n|t:|1772946402\n|-terastallize|p1b: Garganacl|Fairy\n|move|p2b: \u829d\u58eb\u96ea\u8c79|Ruination|p1b: Garganacl\n|-damage|p1b: Garganacl|51/100\n|move|p2a: \u55f7\u55f7\u55f7\u55f7|Heavy Slam|p1b: Garganacl\n|-supereffective|p1b: Garganacl\n|-damage|p1b: Garganacl|0 fnt\n|faint|p1b: Garganacl\n|move|p1a: Zamazenta|Body Press|p2b: \u829d\u58eb\u96ea\u8c79\n|-supereffective|p2b: \u829d\u58eb\u96ea\u8c79\n|-damage|p2b: \u829d\u58eb\u96ea\u8c79|0 fnt\n|faint|p2b: \u829d\u58eb\u96ea\u8c79\n|\n|upkeep\n|j| huatuankhoa\n|\n|t:|1772946415\n|switch|p2b: \u53f8\u9a6c|Calyrex-Shadow, L50|100/100\n|switch|p1b: Zoroark|Zoroark-Hisui, L50, F|100/100\n|-ability|p2b: \u53f8\u9a6c|As One\n|-ability|p2b: \u53f8\u9a6c|Unnerve\n|turn|3\n|inactive|rika fangirl has 30 seconds left.\n|inactive|rika fangirl has 20 seconds left.\n|inactive|rika fangirl has 15 seconds left.\n|inactive|rika fangirl has 10 seconds left.\n|\n|t:|1772946462\n|move|p2b: \u53f8\u9a6c|Protect|p2b: \u53f8\u9a6c\n|-singleturn|p2b: \u53f8\u9a6c|Protect\n|move|p1a: Zamazenta|Protect|p1a: Zamazenta\n|-singleturn|p1a: Zamazenta|Protect\n|move|p2a: \u55f7\u55f7\u55f7\u55f7|Heavy Slam|p1b: Zoroark\n|-enditem|p1b: Zoroark|Focus Sash\n|-damage|p1b: Zoroark|1/100\n|move|p1b: Zoroark|Shadow Ball|p2b: \u53f8\u9a6c\n|-activate|p2b: \u53f8\u9a6c|move: Protect\n|\n|upkeep\n|turn|4\n|\n|t:|1772946480\n|move|p2b: \u53f8\u9a6c|Psychic|p1b: Zoroark\n|-damage|p1b: Zoroark|0 fnt\n|faint|p1b: Zoroark\n|-ability|p2b: \u53f8\u9a6c|Grim Neigh|boost\n|-boost|p2b: \u53f8\u9a6c|spa|1\n|move|p2a: \u55f7\u55f7\u55f7\u55f7|Body Press|p1a: Zamazenta\n|-supereffective|p1a: Zamazenta\n|-damage|p1a: Zamazenta|54/100\n|move|p1a: Zamazenta|Body Press|p2a: \u55f7\u55f7\u55f7\u55f7\n|-damage|p2a: \u55f7\u55f7\u55f7\u55f7|71/100\n|\n|upkeep\n|turn|5\n|l|\u2606rika fangirl\n|inactive|rika fangirl disconnected and has a minute to reconnect!\n|player|p1|\n|inactive|rika fangirl has 30 seconds left.\n|inactive|rika fangirl has 20 seconds left.\n|inactive|rika fangirl has 15 seconds left.\n|inactive|rika fangirl has 10 seconds left.\n|inactive|rika fangirl has 5 seconds left.\n|-message|rika fangirl lost due to inactivity.\n|\n|win|blackred123\n|raw|rika fangirl's rating: 1375 &rarr; <strong>1361</strong><br />(-14 for losing)\n|raw|blackred123's rating: 1487 &rarr; <strong>1501</strong><br />(+14 for winning)\n","uploadtime":1772946769,"views":12,"formatid":"gen9vgc2026regi","rating":1361,"private":0,"password":null}