{"id":"gen9vgc2026regi-2519331731","format":"[Gen 9] VGC 2026 Reg I","players":["BanKingambit69247","stevegthe3"],"log":"|j|\u2606BanKingambit69247\n|j|\u2606stevegthe3\n|t:|1768496456\n|gametype|doubles\n|player|p1|BanKingambit69247|102|1198\n|player|p2|stevegthe3|170|1183\n|gen|9\n|tier|[Gen 9] VGC 2026 Reg I\n|rated|\n|rule|Species Clause: Limit one of each Pok\u00e9mon\n|rule|Item Clause: Limit 1 of each item\n|clearpoke\n|poke|p1|Calyrex-Ice, L50|\n|poke|p1|Koraidon, L50|\n|poke|p1|Incineroar, L50, M|\n|poke|p1|Rillaboom, L50, M|\n|poke|p1|Chi-Yu, L50|\n|poke|p1|Flutter Mane, L50|\n|poke|p2|Groudon, L50|\n|poke|p2|Walking Wake, L50|\n|poke|p2|Clefairy, L50, M|\n|poke|p2|Flutter Mane, L50|\n|poke|p2|Raging Bolt, L50|\n|poke|p2|Koraidon, L50|\n|teampreview|4\n|inactive|Battle timer is ON: inactive players will automatically lose when time's up. (requested by BanKingambit69247)\n|inactive|stevegthe3 has 60 seconds left.\n|\n|t:|1768496508\n|teamsize|p1|4\n|teamsize|p2|4\n|start\n|switch|p1a: Flutter Mane|Flutter Mane, L50|100/100\n|switch|p1b: Calyrex|Calyrex-Ice, L50|100/100\n|switch|p2a: Groudon|Groudon, L50|100/100\n|switch|p2b: Walking Wake|Walking Wake, L50|100/100\n|-ability|p1b: Calyrex|As One\n|-ability|p1b: Calyrex|Unnerve\n|-weather|SunnyDay|[from] ability: Drought|[of] p2a: Groudon\n|-activate|p1a: Flutter Mane|ability: Protosynthesis\n|-start|p1a: Flutter Mane|protosynthesisspe\n|-activate|p2b: Walking Wake|ability: Protosynthesis\n|-start|p2b: Walking Wake|protosynthesisspe\n|turn|1\n|\n|t:|1768496518\n|-terastallize|p2a: Groudon|Fire\n|-terastallize|p1b: Calyrex|Fairy\n|move|p1a: Flutter Mane|Moonblast|p2b: Walking Wake\n|-supereffective|p2b: Walking Wake\n|-damage|p2b: Walking Wake|0 fnt\n|faint|p2b: Walking Wake\n|-end|p2b: Walking Wake|Protosynthesis|[silent]\n|move|p2a: Groudon|Precipice Blades|p1a: Flutter Mane|[spread] p1a,p1b\n|-enditem|p1a: Flutter Mane|Focus Sash\n|-damage|p1a: Flutter Mane|1/100\n|-damage|p1b: Calyrex|66/100\n|move|p1b: Calyrex|Glacial Lance|p2a: Groudon\n|-resisted|p2a: Groudon\n|-damage|p2a: Groudon|76/100\n|\n|-weather|SunnyDay|[upkeep]\n|-heal|p1b: Calyrex|72/100|[from] item: Leftovers\n|upkeep\n|\n|t:|1768496536\n|switch|p2b: Clefairy|Clefairy, L50, M|100/100\n|turn|2\n|\n|t:|1768496542\n|-end|p1a: Flutter Mane|Protosynthesis|[silent]\n|switch|p1a: Incineroar|Incineroar, L50, M|100/100\n|-ability|p1a: Incineroar|Intimidate|boost\n|-unboost|p2a: Groudon|atk|1\n|-unboost|p2b: Clefairy|atk|1\n|move|p2b: Clefairy|Helping Hand|p2a: Groudon\n|-singleturn|p2a: Groudon|Helping Hand|[of] p2b: Clefairy\n|move|p2a: Groudon|Precipice Blades|p1a: Incineroar|[spread] p1a,p1b\n|-supereffective|p1a: Incineroar\n|-damage|p1a: Incineroar|2/100\n|-damage|p1b: Calyrex|38/100\n|move|p1b: Calyrex|Leech Seed|p2a: Groudon|[miss]\n|-miss|p1b: Calyrex|p2a: Groudon\n|\n|-weather|SunnyDay|[upkeep]\n|-heal|p1b: Calyrex|43/100|[from] item: Leftovers\n|upkeep\n|turn|3\n|inactive|stevegthe3 has 30 seconds left.\n|\n|t:|1768496576\n|move|p1a: Incineroar|Fake Out|p2a: Groudon\n|-crit|p2a: Groudon\n|-damage|p2a: Groudon|69/100\n|move|p2b: Clefairy|Follow Me|p2b: Clefairy\n|-singleturn|p2b: Clefairy|move: Follow Me\n|cant|p2a: Groudon|flinch\n|move|p1b: Calyrex|Leech Seed|p2b: Clefairy\n|-start|p2b: Clefairy|move: Leech Seed\n|\n|-weather|SunnyDay|[upkeep]\n|-heal|p1b: Calyrex|49/100|[from] item: Leftovers\n|-damage|p2b: Clefairy|89/100|[from] Leech Seed|[of] p1b: Calyrex\n|-heal|p1b: Calyrex|58/100|[silent]\n|upkeep\n|turn|4\n|\n|t:|1768496585\n|switch|p1a: Koraidon|Koraidon, L50|100/100\n|-activate|p1a: Koraidon|ability: Orichalcum Pulse\n|move|p2b: Clefairy|Helping Hand|p2a: Groudon\n|-singleturn|p2a: Groudon|Helping Hand|[of] p2b: Clefairy\n|move|p2a: Groudon|Precipice Blades|p1a: Koraidon|[spread] p1a,p1b\n|-damage|p1a: Koraidon|48/100\n|-damage|p1b: Calyrex|27/100\n|move|p1b: Calyrex|Glacial Lance|p2a: Groudon|[spread] p2a,p2b\n|-resisted|p2a: Groudon\n|-damage|p2a: Groudon|55/100\n|-damage|p2b: Clefairy|36/100\n|\n|-weather|SunnyDay|[upkeep]\n|-heal|p1b: Calyrex|32/100|[from] item: Leftovers\n|-damage|p2b: Clefairy|24/100|[from] Leech Seed|[of] p1b: Calyrex\n|-heal|p1b: Calyrex|42/100|[silent]\n|upkeep\n|turn|5\n|\n|t:|1768496601\n|move|p2b: Clefairy|Helping Hand|p2a: Groudon\n|-singleturn|p2a: Groudon|Helping Hand|[of] p2b: Clefairy\n|move|p1b: Calyrex|Protect|p1b: Calyrex\n|-singleturn|p1b: Calyrex|Protect\n|move|p1a: Koraidon|Flame Charge|p2b: Clefairy\n|-damage|p2b: Clefairy|0 fnt\n|-boost|p1a: Koraidon|spe|1\n|faint|p2b: Clefairy\n|move|p2a: Groudon|Precipice Blades|p1a: Koraidon|[spread] p1a\n|-activate|p1b: Calyrex|move: Protect\n|-damage|p1a: Koraidon|0 fnt\n|faint|p1a: Koraidon\n|\n|-weather|none\n|-heal|p1b: Calyrex|47/100|[from] item: Leftovers\n|upkeep\n|\n|t:|1768496618\n|switch|p1a: Flutter Mane|Flutter Mane, L50|1/100\n|switch|p2b: Koraidon|Koraidon, L50|100/100\n|-weather|SunnyDay|[from] ability: Orichalcum Pulse|[of] p2b: Koraidon\n|-activate|p1a: Flutter Mane|ability: Protosynthesis\n|-start|p1a: Flutter Mane|protosynthesisspe\n|-activate|p2b: Koraidon|Orichalcum Pulse|[source]\n|turn|6\n|\n|t:|1768496630\n|move|p2b: Koraidon|Protect|p2b: Koraidon\n|-singleturn|p2b: Koraidon|Protect\n|move|p1a: Flutter Mane|Moonblast|p2b: Koraidon\n|-activate|p2b: Koraidon|move: Protect\n|move|p2a: Groudon|Precipice Blades|p1b: Calyrex|[spread] p1a,p1b\n|-damage|p1a: Flutter Mane|0 fnt\n|-damage|p1b: Calyrex|24/100\n|faint|p1a: Flutter Mane\n|-end|p1a: Flutter Mane|Protosynthesis|[silent]\n|move|p1b: Calyrex|Trick Room|p1b: Calyrex\n|-fieldstart|move: Trick Room|[of] p1b: Calyrex\n|\n|-weather|SunnyDay|[upkeep]\n|-heal|p1b: Calyrex|30/100|[from] item: Leftovers\n|upkeep\n|\n|t:|1768496632\n|switch|p1a: Incineroar|Incineroar, L50, M|2/100\n|-ability|p1a: Incineroar|Intimidate|boost\n|-unboost|p2a: Groudon|atk|1\n|-unboost|p2b: Koraidon|atk|1\n|turn|7\n|\n|t:|1768496645\n|move|p2a: Groudon|Protect|p2a: Groudon\n|-singleturn|p2a: Groudon|Protect\n|move|p2b: Koraidon|Protect|p2b: Koraidon\n|-singleturn|p2b: Koraidon|Protect\n|move|p1b: Calyrex|Glacial Lance|p2b: Koraidon|[spread] \n|-activate|p2a: Groudon|move: Protect\n|-activate|p2b: Koraidon|move: Protect\n|move|p1a: Incineroar|Knock Off|p2b: Koraidon\n|-activate|p2b: Koraidon|move: Protect\n|\n|-weather|SunnyDay|[upkeep]\n|-heal|p1b: Calyrex|36/100|[from] item: Leftovers\n|upkeep\n|turn|8\n|\n|t:|1768496664\n|move|p1b: Calyrex|Glacial Lance|p2b: Koraidon|[spread] p2a,p2b\n|-resisted|p2a: Groudon\n|-supereffective|p2b: Koraidon\n|-damage|p2a: Groudon|35/100\n|-damage|p2b: Koraidon|4/100\n|move|p1a: Incineroar|Knock Off|p2b: Koraidon\n|-resisted|p2b: Koraidon\n|-damage|p2b: Koraidon|0 fnt\n|-enditem|p2b: Koraidon|Life Orb|[from] move: Knock Off|[of] p1a: Incineroar\n|faint|p2b: Koraidon\n|move|p2a: Groudon|Precipice Blades|p1a: Incineroar|[spread] p1a,p1b\n|-supereffective|p1a: Incineroar\n|-damage|p1a: Incineroar|0 fnt\n|-damage|p1b: Calyrex|20/100\n|faint|p1a: Incineroar\n|\n|-weather|SunnyDay|[upkeep]\n|-heal|p1b: Calyrex|26/100|[from] item: Leftovers\n|upkeep\n|turn|9\n|\n|t:|1768496678\n|move|p1b: Calyrex|Glacial Lance|p2a: Groudon\n|-resisted|p2a: Groudon\n|-damage|p2a: Groudon|12/100\n|move|p2a: Groudon|Heat Crash|p1b: Calyrex\n|-damage|p1b: Calyrex|14/100\n|\n|-weather|SunnyDay|[upkeep]\n|-heal|p1b: Calyrex|20/100|[from] item: Leftovers\n|upkeep\n|turn|10\n|\n|t:|1768496695\n|move|p2a: Groudon|Protect|p2a: Groudon\n|-singleturn|p2a: Groudon|Protect\n|move|p1b: Calyrex|Leech Seed|p2a: Groudon\n|-activate|p2a: Groudon|move: Protect\n|\n|-weather|none\n|-heal|p1b: Calyrex|26/100|[from] item: Leftovers\n|-fieldend|move: Trick Room\n|upkeep\n|turn|11\n|\n|t:|1768496698\n|move|p1b: Calyrex|Protect|p1b: Calyrex\n|-singleturn|p1b: Calyrex|Protect\n|move|p2a: Groudon|Precipice Blades|p1b: Calyrex\n|-activate|p1b: Calyrex|move: Protect\n|\n|-heal|p1b: Calyrex|31/100|[from] item: Leftovers\n|upkeep\n|turn|12\n|\n|t:|1768496701\n|move|p2a: Groudon|Precipice Blades|p1b: Calyrex\n|-damage|p1b: Calyrex|8/100\n|move|p1b: Calyrex|Glacial Lance|p2a: Groudon\n|-resisted|p2a: Groudon\n|-damage|p2a: Groudon|0 fnt\n|faint|p2a: Groudon\n|\n|win|BanKingambit69247\n|raw|BanKingambit69247's rating: 1198 &rarr; <strong>1222</strong><br />(+24 for winning)\n|raw|stevegthe3's rating: 1183 &rarr; <strong>1159</strong><br />(-24 for losing)\n","uploadtime":1768496703,"views":15,"formatid":"gen9vgc2026regi","rating":1159,"private":0,"password":null}