{"id":"gen9vgc2026regi-2582128374","format":"[Gen 9] VGC 2026 Reg I","players":["assault111","TheManOfSausage"],"log":"|j|\u2606assault111\n|j|\u2606TheManOfSausage\n|t:|1776061621\n|gametype|doubles\n|player|p1|assault111|youngster-gen4dp|1490\n|player|p2|TheManOfSausage|miku-water|1585\n|gen|9\n|tier|[Gen 9] VGC 2026 Reg I\n|rated|\n|rule|Species Clause: Limit one of each Pok\u00e9mon\n|rule|Item Clause: Limit 1 of each item\n|clearpoke\n|poke|p1|Raging Bolt, L50|\n|poke|p1|Dragonite, L50, F|\n|poke|p1|Ogerpon-Cornerstone, L50, F|\n|poke|p1|Chien-Pao, L50|\n|poke|p1|Zamazenta-*, L50|\n|poke|p1|Calyrex-Shadow, L50|\n|poke|p2|Calyrex-Ice, L50|\n|poke|p2|Miraidon, L50|\n|poke|p2|Farigiraf, L50, F|\n|poke|p2|Ogerpon-Cornerstone, L50, F|\n|poke|p2|Araquanid, L50, F|\n|poke|p2|Landorus, L50, M|\n|teampreview|4\nTheManOfSausage has agreed to open team sheets.\n|inactive|Battle timer is ON: inactive players will automatically lose when time's up. (requested by assault111)\n|\n|t:|1776061634\n|teamsize|p1|4\n|teamsize|p2|4\n|start\n|switch|p1a: lil cheetah|Chien-Pao, L50|100/100\n|switch|p1b: pillow|Dragonite, L50, F|100/100\n|switch|p2a: Magical Mirai|Miraidon, L50|100/100\n|switch|p2b: Farigiraf|Farigiraf, L50, F|100/100\n|-fieldstart|move: Electric Terrain|[from] ability: Hadron Engine|[of] p2a: Magical Mirai\n|-enditem|p2b: Farigiraf|Electric Seed\n|-boost|p2b: Farigiraf|def|1|[from] item: Electric Seed\n|-ability|p1a: lil cheetah|Sword of Ruin\n|turn|1\n|inactive|assault111 has 30 seconds left.\n|\n|t:|1776061659\n|-terastallize|p2a: Magical Mirai|Electric\n|move|p2a: Magical Mirai|Volt Switch|p1b: pillow\n|-damage|p1b: pillow|11/100\n|\n|t:|1776061664\n|switch|p2a: Ogurin|Calyrex-Ice, L50|100/100|[from] Volt Switch\n|-ability|p2a: Ogurin|As One\n|-ability|p2a: Ogurin|Unnerve\n|move|p1a: lil cheetah|Ruination|p2b: Farigiraf\n|-damage|p2b: Farigiraf|51/100\n|move|p1b: pillow|Low Kick|p2b: Farigiraf\n|-damage|p2b: Farigiraf|7/100\n|move|p2b: Farigiraf|Trick Room|p2b: Farigiraf\n|-fieldstart|move: Trick Room|[of] p2b: Farigiraf\n|\n|upkeep\n|turn|2\n|c|\u2606assault111|HOWWWW\n|c|\u2606assault111|SCAMMED\n|inactive|assault111 has 30 seconds left.\n|\n|t:|1776061691\n|move|p2b: Farigiraf|Helping Hand|p2a: Ogurin\n|-singleturn|p2a: Ogurin|Helping Hand|[of] p2b: Farigiraf\n|move|p2a: Ogurin|Glacial Lance|p1b: pillow|[spread] p1a,p1b\n|-resisted|p1a: lil cheetah\n|-supereffective|p1b: pillow\n|-damage|p1a: lil cheetah|39/100\n|-damage|p1b: pillow|0 fnt\n|faint|p1b: pillow\n|-ability|p2a: Ogurin|Chilling Neigh|boost\n|-boost|p2a: Ogurin|atk|1\n|move|p1a: lil cheetah|Ice Spinner|p2b: Farigiraf\n|-damage|p2b: Farigiraf|0 fnt\n|-fieldend|move: Electric Terrain\n|faint|p2b: Farigiraf\n|\n|upkeep\n|\n|t:|1776061700\n|switch|p2b: Landorus|Landorus, L50, M|100/100\n|switch|p1b: best boy|Zamazenta-Crowned, L50|100/100\n|-ability|p1b: best boy|Dauntless Shield|boost\n|-boost|p1b: best boy|def|1\n|turn|3\n|\n|t:|1776061713\n|-terastallize|p1b: best boy|Dragon\n|move|p1b: best boy|Wide Guard|p1b: best boy\n|-singleturn|p1b: best boy|Wide Guard\n|move|p2a: Ogurin|High Horsepower|p1a: lil cheetah\n|-damage|p1a: lil cheetah|0 fnt\n|faint|p1a: lil cheetah\n|-ability|p2a: Ogurin|Chilling Neigh|boost\n|-boost|p2a: Ogurin|atk|1\n|move|p2b: Landorus|Substitute|p2b: Landorus\n|-start|p2b: Landorus|Substitute\n|-damage|p2b: Landorus|76/100\n|\n|upkeep\n|\n|t:|1776061721\n|switch|p1a: DeerOnHorseAction|Calyrex-Shadow, L50|100/100\n|-ability|p1a: DeerOnHorseAction|As One\n|-ability|p1a: DeerOnHorseAction|Unnerve\n|turn|4\n|\n|t:|1776061734\n|move|p1a: DeerOnHorseAction|Protect|p1a: DeerOnHorseAction\n|-singleturn|p1a: DeerOnHorseAction|Protect\n|move|p2a: Ogurin|Glacial Lance|p1a: DeerOnHorseAction|[spread] p1b\n|-activate|p1a: DeerOnHorseAction|move: Protect\n|-supereffective|p1b: best boy\n|-damage|p1b: best boy|6/100\n|move|p2b: Landorus|Earth Power|p1a: DeerOnHorseAction\n|-activate|p1a: DeerOnHorseAction|move: Protect\n|move|p1b: best boy|Heavy Slam|p2b: Landorus\n|-end|p2b: Landorus|Substitute\n|\n|upkeep\n|turn|5\n|\n|t:|1776061750\n|move|p1b: best boy|Wide Guard|p1b: best boy\n|-singleturn|p1b: best boy|Wide Guard\n|move|p2a: Ogurin|Glacial Lance|p1a: DeerOnHorseAction|[spread] \n|-activate|p1a: DeerOnHorseAction|move: Wide Guard\n|-activate|p1b: best boy|move: Wide Guard\n|move|p2b: Landorus|Earth Power|p1a: DeerOnHorseAction\n|-damage|p1a: DeerOnHorseAction|22/100\n|move|p1a: DeerOnHorseAction|Astral Barrage|p2a: Ogurin|[spread] p2a,p2b\n|-supereffective|p2a: Ogurin\n|-damage|p2a: Ogurin|28/100\n|-damage|p2b: Landorus|14/100\n|\n|-fieldend|move: Trick Room\n|upkeep\n|turn|6\n|\n|t:|1776061770\n|move|p2a: Ogurin|Protect|p2a: Ogurin\n|-singleturn|p2a: Ogurin|Protect\n|move|p1a: DeerOnHorseAction|Astral Barrage|p2a: Ogurin|[spread] p2b\n|-activate|p2a: Ogurin|move: Protect\n|-damage|p2b: Landorus|0 fnt\n|faint|p2b: Landorus\n|-ability|p1a: DeerOnHorseAction|Grim Neigh|boost\n|-boost|p1a: DeerOnHorseAction|spa|1\n|move|p1b: best boy|Body Press|p2a: Ogurin\n|-activate|p2a: Ogurin|move: Protect\n|\n|upkeep\n|\n|t:|1776061772\n|switch|p2b: Magical Mirai|Miraidon, L50, tera:Electric|100/100\n|-fieldstart|move: Electric Terrain|[from] ability: Hadron Engine|[of] p2b: Magical Mirai\n|turn|7\n|\n|t:|1776061780\n|move|p2b: Magical Mirai|Electro Drift|p1a: DeerOnHorseAction\n|-crit|p1a: DeerOnHorseAction\n|-damage|p1a: DeerOnHorseAction|0 fnt\n|faint|p1a: DeerOnHorseAction\n|move|p1b: best boy|Body Press|p2b: Magical Mirai\n|-damage|p2b: Magical Mirai|31/100\n|move|p2a: Ogurin|Glacial Lance|p1b: best boy\n|-supereffective|p1b: best boy\n|-damage|p1b: best boy|0 fnt\n|faint|p1b: best boy\n|\n|win|TheManOfSausage\n|raw|assault111's rating: 1490 &rarr; <strong>1475</strong><br />(-15 for losing)\n|raw|TheManOfSausage's rating: 1585 &rarr; <strong>1600</strong><br />(+15 for winning)\n|c|\u2606TheManOfSausage|gg\n|c|\u2606assault111|scarf???\n|c|\u2606TheManOfSausage|yup\n|c|\u2606assault111|fucking horrible for me\n|c|\u2606assault111|gg\n|c|\u2606TheManOfSausage|gg\n|l|\u2606assault111\n|player|p1|\n|l|\u2606TheManOfSausage\n|player|p2|\n","uploadtime":1776061980,"views":11,"formatid":"gen9vgc2026regi","rating":1475,"private":0,"password":null}