{"id":"gen9vgc2026regi-2561110465","format":"[Gen 9] VGC 2026 Reg I","players":["PATRIOTS_VG","Dioxide8"],"log":"|j|\u2606PATRIOTS_VG\n|j|\u2606Dioxide8\n|t:|1773765554\n|gametype|doubles\n|player|p1|PATRIOTS_VG|drayden|1530\n|player|p2|Dioxide8|1|1432\n|gen|9\n|tier|[Gen 9] VGC 2026 Reg I\n|rated|\n|rule|Species Clause: Limit one of each Pok\u00e9mon\n|rule|Item Clause: Limit 1 of each item\n|clearpoke\n|poke|p1|Incineroar, L50, F|\n|poke|p1|Calyrex-Shadow, L50|\n|poke|p1|Flutter Mane, L50|\n|poke|p1|Ogerpon-Cornerstone, L50, F|\n|poke|p1|Rillaboom, L50, F|\n|poke|p1|Terapagos, L50, M|\n|poke|p2|Calyrex-Ice, L50|\n|poke|p2|Miraidon, L50|\n|poke|p2|Grimmsnarl, L50, M|\n|poke|p2|Urshifu-*, L50, M|\n|poke|p2|Incineroar, L50, F|\n|poke|p2|Landorus, L50, M|\n|teampreview|4\n|\n|t:|1773765593\n|teamsize|p1|4\n|teamsize|p2|4\n|start\n|switch|p1a: Calyrex|Calyrex-Shadow, L50|100/100\n|switch|p1b: Rillaboom|Rillaboom, L50, F|100/100\n|switch|p2a: Grimmsnarl|Grimmsnarl, L50, M|100/100\n|switch|p2b: Calyrex|Calyrex-Ice, L50|100/100\n|-ability|p1a: Calyrex|As One\n|-ability|p1a: Calyrex|Unnerve\n|-ability|p2b: Calyrex|As One\n|-ability|p2b: Calyrex|Unnerve\n|-fieldstart|move: Grassy Terrain|[from] ability: Grassy Surge|[of] p1b: Rillaboom\n|turn|1\n|\n|t:|1773765608\n|move|p2b: Calyrex|Protect|p2b: Calyrex\n|-singleturn|p2b: Calyrex|Protect\n|move|p1b: Rillaboom|Fake Out|p2a: Grimmsnarl\n|-crit|p2a: Grimmsnarl\n|-damage|p2a: Grimmsnarl|79/100\n|cant|p2a: Grimmsnarl|flinch\n|move|p1a: Calyrex|Will-O-Wisp|p2b: Calyrex\n|-activate|p2b: Calyrex|move: Protect\n|\n|-heal|p2a: Grimmsnarl|85/100|[from] Grassy Terrain\n|upkeep\n|turn|2\n|\n|t:|1773765635\n|-terastallize|p2b: Calyrex|Water\n|move|p1a: Calyrex|Will-O-Wisp|p2b: Calyrex\n|-status|p2b: Calyrex|brn\n|move|p1b: Rillaboom|Wood Hammer|p2a: Grimmsnarl\n|-damage|p2a: Grimmsnarl|6/100\n|-damage|p1b: Rillaboom|75/100|[from] Recoil\n|move|p2a: Grimmsnarl|Spirit Break|p1a: Calyrex\n|-damage|p1a: Calyrex|66/100\n|-unboost|p1a: Calyrex|spa|1\n|move|p2b: Calyrex|Glacial Lance|p1b: Rillaboom|[spread] p1a,p1b\n|-supereffective|p1b: Rillaboom\n|-damage|p1a: Calyrex|39/100\n|-damage|p1b: Rillaboom|26/100\n|\n|-heal|p1a: Calyrex|45/100|[from] Grassy Terrain\n|-heal|p1b: Rillaboom|32/100|[from] Grassy Terrain\n|-heal|p2a: Grimmsnarl|12/100|[from] Grassy Terrain\n|-damage|p2b: Calyrex|95/100 brn|[from] brn\n|upkeep\n|turn|3\n|\n|t:|1773765684\n|move|p2a: Grimmsnarl|Light Screen|p2a: Grimmsnarl\n|-sidestart|p2: Dioxide8|move: Light Screen\n|move|p1a: Calyrex|Astral Barrage|p2b: Calyrex|[spread] p2a,p2b\n|-resisted|p2a: Grimmsnarl\n|-damage|p2a: Grimmsnarl|1/100\n|-damage|p2b: Calyrex|81/100 brn\n|move|p1b: Rillaboom|U-turn|p2a: Grimmsnarl\n|-damage|p2a: Grimmsnarl|0 fnt\n|faint|p2a: Grimmsnarl\n|\n|t:|1773765690\n|switch|p1b: Incineroar|Incineroar, L50, F|100/100|[from] U-turn\n|-ability|p1b: Incineroar|Intimidate|boost\n|-unboost|p2b: Calyrex|atk|1\n|move|p2b: Calyrex|Glacial Lance|p1a: Calyrex|[spread] p1a,p1b\n|-resisted|p1b: Incineroar\n|-damage|p1a: Calyrex|23/100\n|-damage|p1b: Incineroar|94/100\n|\n|-heal|p1a: Calyrex|29/100|[from] Grassy Terrain\n|-heal|p1b: Incineroar|99/100|[from] Grassy Terrain\n|-heal|p2b: Calyrex|86/100 brn|[from] Grassy Terrain\n|-heal|p2b: Calyrex|92/100 brn|[from] item: Leftovers\n|-damage|p2b: Calyrex|86/100 brn|[from] brn\n|upkeep\n|\n|t:|1773765703\n|switch|p2a: Urshifu|Urshifu-Rapid-Strike, L50, M|100/100\n|turn|4\n|\n|t:|1773765724\n|move|p1b: Incineroar|Fake Out|p2a: Urshifu\n|-damage|p2a: Urshifu|90/100\n|move|p1a: Calyrex|Astral Barrage|p2b: Calyrex|[spread] p2a,p2b\n|-damage|p2a: Urshifu|63/100\n|-damage|p2b: Calyrex|72/100 brn\n|cant|p2a: Urshifu|flinch\n|move|p2b: Calyrex|Leech Seed|p1a: Calyrex\n|-start|p1a: Calyrex|move: Leech Seed\n|\n|-heal|p1a: Calyrex|35/100|[from] Grassy Terrain\n|-heal|p2a: Urshifu|69/100|[from] Grassy Terrain\n|-heal|p1b: Incineroar|100/100|[from] Grassy Terrain\n|-heal|p2b: Calyrex|78/100 brn|[from] Grassy Terrain\n|-heal|p2b: Calyrex|84/100 brn|[from] item: Leftovers\n|-damage|p1a: Calyrex|23/100|[from] Leech Seed|[of] p2b: Calyrex\n|-heal|p2b: Calyrex|94/100 brn|[silent]\n|-damage|p2b: Calyrex|88/100 brn|[from] brn\n|upkeep\n|turn|5\n|\n|t:|1773765755\n|move|p1a: Calyrex|Will-O-Wisp|p2a: Urshifu\n|-status|p2a: Urshifu|brn\n|move|p2a: Urshifu|Surging Strikes|p1b: Incineroar\n|-supereffective|p1b: Incineroar\n|-crit|p1b: Incineroar\n|-damage|p1b: Incineroar|78/100\n|-damage|p2a: Urshifu|52/100 brn|[from] item: Rocky Helmet|[of] p1b: Incineroar\n|-supereffective|p1b: Incineroar\n|-crit|p1b: Incineroar\n|-damage|p1b: Incineroar|56/100\n|-damage|p2a: Urshifu|36/100 brn|[from] item: Rocky Helmet|[of] p1b: Incineroar\n|-supereffective|p1b: Incineroar\n|-crit|p1b: Incineroar\n|-damage|p1b: Incineroar|33/100\n|-damage|p2a: Urshifu|20/100 brn|[from] item: Rocky Helmet|[of] p1b: Incineroar\n|-hitcount|p1b: Incineroar|3\n|move|p1b: Incineroar|Knock Off|p2b: Calyrex\n|-damage|p2b: Calyrex|63/100 brn\n|-enditem|p2b: Calyrex|Leftovers|[from] move: Knock Off|[of] p1b: Incineroar\n|move|p2b: Calyrex|Leech Seed|p1b: Incineroar\n|-start|p1b: Incineroar|move: Leech Seed\n|\n|-heal|p1a: Calyrex|29/100|[from] Grassy Terrain\n|-heal|p2a: Urshifu|25/100 brn|[from] Grassy Terrain\n|-heal|p1b: Incineroar|39/100|[from] Grassy Terrain\n|-heal|p2b: Calyrex|69/100 brn|[from] Grassy Terrain\n|-damage|p1a: Calyrex|16/100|[from] Leech Seed|[of] p2b: Calyrex\n|-heal|p2b: Calyrex|80/100 brn|[silent]\n|-damage|p1b: Incineroar|27/100|[from] Leech Seed|[of] p2b: Calyrex\n|-heal|p2b: Calyrex|92/100 brn|[silent]\n|-damage|p2a: Urshifu|20/100 brn|[from] brn\n|-damage|p2b: Calyrex|86/100 brn|[from] brn\n|-fieldend|move: Grassy Terrain\n|upkeep\n|turn|6\n|\n|t:|1773765782\n|move|p1a: Calyrex|Astral Barrage|p2b: Calyrex|[spread] p2a,p2b\n|-damage|p2a: Urshifu|0 fnt\n|-damage|p2b: Calyrex|72/100 brn\n|faint|p2a: Urshifu\n|-ability|p1a: Calyrex|Grim Neigh|boost\n|-boost|p1a: Calyrex|spa|1\n|move|p1b: Incineroar|Parting Shot|p2b: Calyrex\n|-unboost|p2b: Calyrex|atk|1\n|-unboost|p2b: Calyrex|spa|1\n|\n|t:|1773765792\n|switch|p1b: Terapagos|Terapagos, L50, M|100/100|[from] Parting Shot\n|-activate|p1b: Terapagos|ability: Tera Shift\n|detailschange|p1b: Terapagos|Terapagos-Terastal, L50, M\n|-heal|p1b: Terapagos|100/100|[silent]\n|move|p2b: Calyrex|Glacial Lance|p1a: Calyrex|[spread] p1a,p1b\n|-activate|p1b: Terapagos|ability: Tera Shell\n|-resisted|p1b: Terapagos\n|-damage|p1a: Calyrex|0 fnt\n|-damage|p1b: Terapagos|95/100\n|faint|p1a: Calyrex\n|-ability|p2b: Calyrex|Chilling Neigh|boost\n|-boost|p2b: Calyrex|atk|1\n|\n|-heal|p1b: Terapagos|100/100|[from] item: Leftovers\n|-damage|p2b: Calyrex|66/100 brn|[from] brn\n|upkeep\n|\n|t:|1773765808\n|switch|p1a: Incineroar|Incineroar, L50, F|27/100\n|switch|p2a: Miraidon|Miraidon, L50|100/100\n|-fieldstart|move: Electric Terrain|[from] ability: Hadron Engine|[of] p2a: Miraidon\n|-ability|p1a: Incineroar|Intimidate|boost\n|-unboost|p2a: Miraidon|atk|1\n|-unboost|p2b: Calyrex|atk|1\n|turn|7\n|\n|t:|1773765828\n|move|p1a: Incineroar|Fake Out|p2b: Calyrex\n|-damage|p2b: Calyrex|59/100 brn\n|move|p2a: Miraidon|Dazzling Gleam|p1b: Terapagos|[spread] p1a,p1b\n|-activate|p1b: Terapagos|ability: Tera Shell\n|-resisted|p1b: Terapagos\n|-damage|p1a: Incineroar|0 fnt\n|-damage|p1b: Terapagos|83/100\n|faint|p1a: Incineroar\n|move|p1b: Terapagos|Calm Mind|p1b: Terapagos\n|-boost|p1b: Terapagos|spa|1\n|-boost|p1b: Terapagos|spd|1\n|cant|p2b: Calyrex|flinch\n|\n|-heal|p1b: Terapagos|89/100|[from] item: Leftovers\n|-damage|p2b: Calyrex|54/100 brn|[from] brn\n|upkeep\n|\n|t:|1773765836\n|switch|p1a: Rillaboom|Rillaboom, L50, F|32/100\n|-fieldstart|move: Grassy Terrain|[from] ability: Grassy Surge|[of] p1a: Rillaboom\n|turn|8\n|\n|t:|1773765851\n|move|p2a: Miraidon|Dazzling Gleam|p1b: Terapagos|[spread] p1a,p1b\n|-damage|p1a: Rillaboom|12/100\n|-damage|p1b: Terapagos|72/100\n|move|p1b: Terapagos|Tera Starstorm|p2b: Calyrex\n|-damage|p2b: Calyrex|20/100 brn\n|move|p1a: Rillaboom|Wood Hammer|p2b: Calyrex\n|-supereffective|p2b: Calyrex\n|-damage|p2b: Calyrex|0 fnt\n|faint|p2b: Calyrex\n|-damage|p1a: Rillaboom|5/100|[from] Recoil\n|\n|-heal|p1b: Terapagos|78/100|[from] Grassy Terrain\n|-heal|p1b: Terapagos|84/100|[from] item: Leftovers\n|-heal|p1a: Rillaboom|11/100|[from] Grassy Terrain\n|upkeep\n|turn|9\n|\n|t:|1773765869\n|move|p1a: Rillaboom|Grassy Glide|p2a: Miraidon\n|-resisted|p2a: Miraidon\n|-damage|p2a: Miraidon|87/100\n|move|p2a: Miraidon|Dazzling Gleam|p1b: Terapagos|[spread] p1a,p1b\n|-damage|p1a: Rillaboom|0 fnt\n|-damage|p1b: Terapagos|67/100\n|faint|p1a: Rillaboom\n|move|p1b: Terapagos|Earth Power|p2a: Miraidon\n|-supereffective|p2a: Miraidon\n|-damage|p2a: Miraidon|52/100\n|\n|-heal|p2a: Miraidon|58/100|[from] Grassy Terrain\n|-heal|p1b: Terapagos|73/100|[from] Grassy Terrain\n|-heal|p1b: Terapagos|79/100|[from] item: Leftovers\n|upkeep\n|turn|10\n|\n|t:|1773765877\n|move|p1b: Terapagos|Protect|p1b: Terapagos\n|-singleturn|p1b: Terapagos|Protect\n|move|p2a: Miraidon|Dazzling Gleam|p1b: Terapagos\n|-activate|p1b: Terapagos|move: Protect\n|\n|-heal|p2a: Miraidon|63/100|[from] Grassy Terrain\n|-heal|p1b: Terapagos|85/100|[from] Grassy Terrain\n|-heal|p1b: Terapagos|92/100|[from] item: Leftovers\n|-sideend|p2: Dioxide8|move: Light Screen\n|upkeep\n|turn|11\n|\n|t:|1773765882\n|move|p2a: Miraidon|Dazzling Gleam|p1b: Terapagos\n|-damage|p1b: Terapagos|67/100\n|move|p1b: Terapagos|Earth Power|p2a: Miraidon\n|-supereffective|p2a: Miraidon\n|-damage|p2a: Miraidon|14/100\n|\n|-heal|p2a: Miraidon|20/100|[from] Grassy Terrain\n|-heal|p1b: Terapagos|73/100|[from] Grassy Terrain\n|-heal|p1b: Terapagos|79/100|[from] item: Leftovers\n|upkeep\n|turn|12\n|\n|t:|1773765886\n|move|p1b: Terapagos|Protect|p1b: Terapagos\n|-singleturn|p1b: Terapagos|Protect\n|move|p2a: Miraidon|Dazzling Gleam|p1b: Terapagos\n|-activate|p1b: Terapagos|move: Protect\n|\n|-heal|p2a: Miraidon|25/100|[from] Grassy Terrain\n|-heal|p1b: Terapagos|85/100|[from] Grassy Terrain\n|-heal|p1b: Terapagos|92/100|[from] item: Leftovers\n|-fieldend|move: Grassy Terrain\n|upkeep\n|turn|13\n|\n|t:|1773765890\n|-terastallize|p1b: Terapagos|Stellar\n|detailschange|p1b: Terapagos|Terapagos-Stellar, L50, M, tera:Stellar\n|-heal|p1b: Terapagos|94/100|[silent]\n|move|p2a: Miraidon|Dazzling Gleam|p1b: Terapagos\n|-damage|p1b: Terapagos|76/100\n|move|p1b: Terapagos|Earth Power|p2a: Miraidon\n|-supereffective|p2a: Miraidon\n|-damage|p2a: Miraidon|0 fnt\n|faint|p2a: Miraidon\n|\n|win|PATRIOTS_VG\n|raw|PATRIOTS_VG's rating: 1530 &rarr; <strong>1545</strong><br />(+15 for winning)\n|raw|Dioxide8's rating: 1432 &rarr; <strong>1417</strong><br />(-15 for losing)\n|l|\u2606PATRIOTS_VG\n|player|p1|\n|l|\u2606Dioxide8\n|player|p2|\n","uploadtime":1773766114,"views":11,"formatid":"gen9vgc2026regi","rating":1417,"private":0,"password":null}