{"id":"gen9vgc2026regi-2560355917","format":"[Gen 9] VGC 2026 Reg I","players":["granite blast","2LOOKKKAP"],"log":"|j|\u2606granite blast\n|j|\u26062LOOKKKAP\n|t:|1773680055\n|gametype|doubles\n|player|p1|granite blast|266|1468\n|player|p2|2LOOKKKAP|101|1477\n|gen|9\n|tier|[Gen 9] VGC 2026 Reg I\n|rated|\n|rule|Species Clause: Limit one of each Pok\u00e9mon\n|rule|Item Clause: Limit 1 of each item\n|clearpoke\n|poke|p1|Groudon, L50|\n|poke|p1|Calyrex-Shadow, L50|\n|poke|p1|Raging Bolt, L50|\n|poke|p1|Jumpluff, L50, M|\n|poke|p1|Chi-Yu, L50|\n|poke|p1|Flutter Mane, L50|\n|poke|p2|Dondozo, L50, M|\n|poke|p2|Tatsugiri, L50, M|\n|poke|p2|Calyrex-Shadow, L50|\n|poke|p2|Kyogre, L50|\n|poke|p2|Rillaboom, L50, M|\n|poke|p2|Raichu, L50, M|\n|teampreview|4\n|inactive|Battle timer is ON: inactive players will automatically lose when time's up. (requested by granite blast)\n|inactive|granite blast has 60 seconds left.\n|inactive|2LOOKKKAP has 60 seconds left.\n|\n|t:|1773680098\n|teamsize|p1|4\n|teamsize|p2|4\n|start\n|switch|p1a: Calyrex|Calyrex-Shadow, L50|100/100\n|switch|p1b: Chi-Yu|Chi-Yu, L50|100/100\n|switch|p2a: Dondozo|Dondozo, L50, M|100/100\n|switch|p2b: Calyrex|Calyrex-Shadow, L50|100/100\n|-ability|p2b: Calyrex|As One\n|-ability|p2b: Calyrex|Unnerve\n|-ability|p1a: Calyrex|As One\n|-ability|p1a: Calyrex|Unnerve\n|-ability|p1b: Chi-Yu|Beads of Ruin\n|turn|1\n|inactive|granite blast has 30 seconds left.\n|inactive|granite blast has 20 seconds left.\n|\n|t:|1773680133\n|switch|p1b: Groudon|Groudon, L50|100/100\n|-weather|SunnyDay|[from] ability: Drought|[of] p1b: Groudon\n|switch|p2b: Tatsugiri|Tatsugiri, L50, M|100/100\n|-activate|p2b: Tatsugiri|ability: Commander|[of] p2a: Dondozo\n|-boost|p2a: Dondozo|atk|2\n|-boost|p2a: Dondozo|spa|2\n|-boost|p2a: Dondozo|spe|2\n|-boost|p2a: Dondozo|def|2\n|-boost|p2a: Dondozo|spd|2\n|-terastallize|p2a: Dondozo|Water\n|move|p1a: Calyrex|Astral Barrage|p2b: Tatsugiri|[spread] p2a\n|-miss|p1a: Calyrex|p2b: Tatsugiri\n|-damage|p2a: Dondozo|74/100\n|move|p2a: Dondozo|Surf|p1b: Groudon|[spread] p1a,p1b\n|-miss|p2a: Dondozo|p2b: Tatsugiri\n|-supereffective|p1b: Groudon\n|-damage|p1a: Calyrex|68/100\n|-damage|p1b: Groudon|39/100\n|\n|-weather|SunnyDay|[upkeep]\n|-heal|p2a: Dondozo|81/100|[from] item: Leftovers\n|upkeep\n|turn|2\n|\n|t:|1773680157\n|move|p1a: Calyrex|Protect|p1a: Calyrex\n|-singleturn|p1a: Calyrex|Protect\n|move|p1b: Groudon|High Horsepower|p2a: Dondozo\n|-damage|p2a: Dondozo|61/100\n|move|p2a: Dondozo|Surf|p1b: Groudon|[spread] p1b\n|-miss|p2a: Dondozo|p2b: Tatsugiri\n|-activate|p1a: Calyrex|move: Protect\n|-supereffective|p1b: Groudon\n|-damage|p1b: Groudon|0 fnt\n|faint|p1b: Groudon\n|\n|-weather|SunnyDay|[upkeep]\n|-heal|p2a: Dondozo|67/100|[from] item: Leftovers\n|upkeep\n|\n|t:|1773680176\n|switch|p1b: Jumpluff|Jumpluff, L50, M|100/100\n|turn|3\n|\n|t:|1773680181\n|move|p1b: Jumpluff|Sleep Powder|p2a: Dondozo\n|-status|p2a: Dondozo|slp|[from] move: Sleep Powder\n|move|p1a: Calyrex|Psychic|p2a: Dondozo\n|-damage|p2a: Dondozo|40/100 slp\n|cant|p2a: Dondozo|slp\n|\n|-weather|SunnyDay|[upkeep]\n|-heal|p2a: Dondozo|46/100 slp|[from] item: Leftovers\n|upkeep\n|turn|4\n|\n|t:|1773680197\n|move|p1b: Jumpluff|Tailwind|p1b: Jumpluff\n|-sidestart|p1: granite blast|move: Tailwind\n|move|p1a: Calyrex|Psychic|p2a: Dondozo\n|-damage|p2a: Dondozo|21/100 slp\n|cant|p2a: Dondozo|slp\n|\n|-weather|SunnyDay|[upkeep]\n|-heal|p2a: Dondozo|27/100 slp|[from] item: Leftovers\n|upkeep\n|turn|5\n|\n|t:|1773680207\n|move|p1b: Jumpluff|Leaf Storm|p2a: Dondozo\n|-supereffective|p2a: Dondozo\n|-damage|p2a: Dondozo|0 fnt\n|-unboost|p1b: Jumpluff|spa|2\n|faint|p2a: Dondozo\n|move|p1a: Calyrex|Astral Barrage|p2b: Tatsugiri\n|-damage|p2b: Tatsugiri|12/100\n|\n|-weather|none\n|upkeep\n|\n|t:|1773680219\n|switch|p2a: Kyogre|Kyogre, L50|100/100\n|-weather|RainDance|[from] ability: Drizzle|[of] p2a: Kyogre\n|turn|6\n|inactive|granite blast has 30 seconds left.\n|inactive|2LOOKKKAP has 30 seconds left.\n|\n|t:|1773680249\n|-terastallize|p1a: Calyrex|Ghost\n|move|p1a: Calyrex|Astral Barrage|p2a: Kyogre|[spread] p2a,p2b\n|-damage|p2a: Kyogre|44/100\n|-damage|p2b: Tatsugiri|0 fnt\n|faint|p2b: Tatsugiri\n|-ability|p1a: Calyrex|Grim Neigh|boost\n|-boost|p1a: Calyrex|spa|1\n|move|p1b: Jumpluff|Sleep Powder|p2a: Kyogre\n|-status|p2a: Kyogre|slp|[from] move: Sleep Powder\n|cant|p2a: Kyogre|slp\n|\n|-weather|RainDance|[upkeep]\n|upkeep\n|\n|t:|1773680261\n|switch|p2b: Calyrex|Calyrex-Shadow, L50|100/100\n|-ability|p2b: Calyrex|As One\n|-ability|p2b: Calyrex|Unnerve\n|turn|7\n|\n|t:|1773680273\n|move|p1a: Calyrex|Astral Barrage|p2b: Calyrex|[spread] p2a,p2b\n|-supereffective|p2b: Calyrex\n|-damage|p2a: Kyogre|0 fnt\n|-damage|p2b: Calyrex|0 fnt\n|faint|p2a: Kyogre\n|faint|p2b: Calyrex\n|\n|win|granite blast\n|raw|granite blast's rating: 1468 &rarr; <strong>1489</strong><br />(+21 for winning)\n|raw|2LOOKKKAP's rating: 1477 &rarr; <strong>1456</strong><br />(-21 for losing)\n|l|\u26062LOOKKKAP\n|player|p2|\n|l|\u2606granite blast\n|player|p1|\n","uploadtime":1773680468,"views":9,"formatid":"gen9vgc2026regi","rating":1456,"private":0,"password":null}