{"id":"gen9vgc2026regi-2548761143","format":"[Gen 9] VGC 2026 Reg I","players":["llvl100mafiaboss","ScribbleScribble"],"log":"|j|\u2606llvl100mafiaboss\n|j|\u2606ScribbleScribble\n|t:|1772252899\n|gametype|doubles\n|player|p1|llvl100mafiaboss|giovanni|1396\n|player|p2|ScribbleScribble|mina-lgpe|1497\n|gen|9\n|tier|[Gen 9] VGC 2026 Reg I\n|rated|\n|rule|Species Clause: Limit one of each Pok\u00e9mon\n|rule|Item Clause: Limit 1 of each item\n|clearpoke\n|poke|p1|Miraidon, L50|\n|poke|p1|Calyrex-Ice, L50|\n|poke|p1|Incineroar, L50, M|\n|poke|p1|Sneasler, L50, M|\n|poke|p1|Ditto, L50|\n|poke|p1|Grimmsnarl, L50, M|\n|poke|p2|Calyrex-Ice, L50|\n|poke|p2|Kyogre, L50|\n|poke|p2|Tornadus, L50, M|\n|poke|p2|Indeedee-F, L50, F|\n|poke|p2|Landorus, L50, M|\n|poke|p2|Urshifu-*, L50, M|\n|teampreview|4\n|inactive|Battle timer is ON: inactive players will automatically lose when time's up. (requested by ScribbleScribble)\n|inactive|llvl100mafiaboss has 60 seconds left.\n|\n|t:|1772252948\n|teamsize|p1|4\n|teamsize|p2|4\n|start\n|switch|p1a: Miraidon|Miraidon, L50|100/100\n|switch|p1b: Sneasler|Sneasler, L50, M|100/100\n|switch|p2a: Calyrex|Calyrex-Ice, L50|100/100\n|switch|p2b: Indeedee|Indeedee-F, L50, F, shiny|100/100\n|-ability|p2a: Calyrex|As One\n|-ability|p2a: Calyrex|Unnerve\n|-fieldstart|move: Electric Terrain|[from] ability: Hadron Engine|[of] p1a: Miraidon\n|-enditem|p1b: Sneasler|Electric Seed\n|-boost|p1b: Sneasler|def|1|[from] item: Electric Seed\n|-fieldstart|move: Psychic Terrain|[from] ability: Psychic Surge|[of] p2b: Indeedee\n|-enditem|p2b: Indeedee|Psychic Seed\n|-boost|p2b: Indeedee|spd|1|[from] item: Psychic Seed\n|turn|1\n|inactive|llvl100mafiaboss has 30 seconds left.\n|inactive|llvl100mafiaboss has 20 seconds left.\n|inactive|llvl100mafiaboss has 15 seconds left.\n|inactive|llvl100mafiaboss has 10 seconds left.\n|inactive|llvl100mafiaboss has 5 seconds left.\n|\n|t:|1772253001\n|move|p1b: Sneasler|Acid Spray|p2b: Indeedee\n|-damage|p2b: Indeedee|95/100\n|-unboost|p2b: Indeedee|spd|2\n|move|p1a: Miraidon|Snarl|p2a: Calyrex|[spread] p2a,p2b\n|-supereffective|p2a: Calyrex\n|-supereffective|p2b: Indeedee\n|-damage|p2a: Calyrex|75/100\n|-damage|p2b: Indeedee|46/100\n|-unboost|p2b: Indeedee|spa|1\n|move|p2a: Calyrex|Glacial Lance|p1b: Sneasler|[spread] p1a,p1b\n|-supereffective|p1a: Miraidon\n|-damage|p1a: Miraidon|14/100\n|-damage|p1b: Sneasler|32/100\n|move|p2b: Indeedee|Psychic|p1b: Sneasler\n|-supereffective|p1b: Sneasler\n|-damage|p1b: Sneasler|0 fnt\n|faint|p1b: Sneasler\n|\n|upkeep\n|\n|t:|1772253018\n|switch|p1b: Calyrex|Calyrex-Ice, L50|100/100\n|-ability|p1b: Calyrex|As One\n|-ability|p1b: Calyrex|Unnerve\n|turn|2\n|inactive|ScribbleScribble has 30 seconds left.\n|\n|t:|1772253049\n|switch|p1a: Incineroar|Incineroar, L50, M|100/100\n|-ability|p1a: Incineroar|Intimidate|boost\n|-fail|p2a: Calyrex|unboost|[from] item: Clear Amulet|[of] p2a: Calyrex\n|-unboost|p2b: Indeedee|atk|1\n|move|p2b: Indeedee|Follow Me|p2b: Indeedee\n|-singleturn|p2b: Indeedee|move: Follow Me\n|move|p2a: Calyrex|Imprison|p2a: Calyrex\n|-start|p2a: Calyrex|move: Imprison\n|move|p1b: Calyrex|Leech Seed|p2b: Indeedee\n|-start|p2b: Indeedee|move: Leech Seed\n|\n|-damage|p2b: Indeedee|34/100|[from] Leech Seed|[of] p1b: Calyrex\n|upkeep\n|turn|3\n|\n|t:|1772253070\n|switch|p2b: Kyogre|Kyogre, L50|100/100\n|-weather|RainDance|[from] ability: Drizzle|[of] p2b: Kyogre\n|-terastallize|p2a: Calyrex|Grass\n|move|p2a: Calyrex|Glacial Lance|p1b: Calyrex|[spread] p1a,p1b\n|-resisted|p1a: Incineroar\n|-resisted|p1b: Calyrex\n|-crit|p1b: Calyrex\n|-damage|p1a: Incineroar|74/100\n|-damage|p1b: Calyrex|83/100\n|move|p1a: Incineroar|Knock Off|p2b: Kyogre\n|-damage|p2b: Kyogre|62/100\n|-enditem|p2b: Kyogre|Mystic Water|[from] move: Knock Off|[of] p1a: Incineroar\n|move|p1b: Calyrex|Leech Seed|p2a: Calyrex\n|-immune|p2a: Calyrex\n|\n|-weather|RainDance|[upkeep]\n|-heal|p1b: Calyrex|88/100|[from] item: Leftovers\n|upkeep\n|turn|4\n|\n|t:|1772253092\n|-terastallize|p1a: Incineroar|Bug\n|move|p2b: Kyogre|Water Spout|p1b: Calyrex|[spread] p1a,p1b\n|-damage|p1a: Incineroar|32/100\n|-damage|p1b: Calyrex|46/100\n|move|p2a: Calyrex|Glacial Lance|p1a: Incineroar|[spread] p1a,p1b\n|-resisted|p1b: Calyrex\n|-damage|p1a: Incineroar|0 fnt\n|-damage|p1b: Calyrex|34/100\n|faint|p1a: Incineroar\n|-ability|p2a: Calyrex|Chilling Neigh|boost\n|-boost|p2a: Calyrex|atk|1\n|move|p1b: Calyrex|Leech Seed|p2b: Kyogre\n|-start|p2b: Kyogre|move: Leech Seed\n|\n|-weather|RainDance|[upkeep]\n|-heal|p1b: Calyrex|40/100|[from] item: Leftovers\n|-damage|p2b: Kyogre|50/100|[from] Leech Seed|[of] p1b: Calyrex\n|-heal|p1b: Calyrex|51/100|[silent]\n|upkeep\n|\n|t:|1772253106\n|switch|p1a: Miraidon|Miraidon, L50|14/100\n|-fieldstart|move: Electric Terrain|[from] ability: Hadron Engine|[of] p1a: Miraidon\n|turn|5\n|inactive|llvl100mafiaboss has 30 seconds left.\n|\n|t:|1772253138\n|switch|p2b: Indeedee|Indeedee-F, L50, F, shiny|34/100\n|-fieldstart|move: Psychic Terrain|[from] ability: Psychic Surge|[of] p2b: Indeedee\n|move|p1b: Calyrex|Protect|p1b: Calyrex\n|-singleturn|p1b: Calyrex|Protect\n|move|p1a: Miraidon|Snarl|p2b: Indeedee|[spread] p2a,p2b\n|-supereffective|p2b: Indeedee\n|-damage|p2a: Calyrex|64/100\n|-damage|p2b: Indeedee|2/100\n|-unboost|p2b: Indeedee|spa|1\n|move|p2a: Calyrex|Glacial Lance|p1a: Miraidon|[spread] p1a\n|-activate|p1b: Calyrex|move: Protect\n|-supereffective|p1a: Miraidon\n|-damage|p1a: Miraidon|0 fnt\n|faint|p1a: Miraidon\n|-ability|p2a: Calyrex|Chilling Neigh|boost\n|-boost|p2a: Calyrex|atk|1\n|\n|-weather|RainDance|[upkeep]\n|-heal|p1b: Calyrex|57/100|[from] item: Leftovers\n|upkeep\n|turn|6\n|\n|t:|1772253159\n|switch|p2b: Tornadus|Tornadus, L50, M|100/100\n|move|p2a: Calyrex|Seed Bomb|p1b: Calyrex\n|-damage|p1b: Calyrex|12/100\n|move|p1b: Calyrex|Leech Seed|p2b: Tornadus\n|-start|p2b: Tornadus|move: Leech Seed\n|\n|-weather|RainDance|[upkeep]\n|-heal|p1b: Calyrex|17/100|[from] item: Leftovers\n|-damage|p2b: Tornadus|88/100|[from] Leech Seed|[of] p1b: Calyrex\n|-heal|p1b: Calyrex|27/100|[silent]\n|upkeep\n|turn|7\n|\n|t:|1772253177\n|switch|p2b: Kyogre|Kyogre, L50|50/100\n|move|p1b: Calyrex|Protect|p1b: Calyrex\n|-singleturn|p1b: Calyrex|Protect\n|move|p2a: Calyrex|Seed Bomb|p1b: Calyrex\n|-activate|p1b: Calyrex|move: Protect\n|\n|-weather|none\n|-heal|p1b: Calyrex|32/100|[from] item: Leftovers\n|upkeep\n|turn|8\n|\n|t:|1772253181\n|move|p2b: Kyogre|Water Spout|p1b: Calyrex\n|-damage|p1b: Calyrex|1/100\n|move|p2a: Calyrex|Seed Bomb|p1b: Calyrex\n|-damage|p1b: Calyrex|0 fnt\n|faint|p1b: Calyrex\n|\n|win|ScribbleScribble\n|raw|llvl100mafiaboss's rating: 1396 &rarr; <strong>1382</strong><br />(-14 for losing)\n|raw|ScribbleScribble's rating: 1509 &rarr; <strong>1523</strong><br />(+14 for winning)\n|l|\u2606llvl100mafiaboss\n|player|p1|\n|l|\u2606ScribbleScribble\n|player|p2|\n","uploadtime":1772253322,"views":18,"formatid":"gen9vgc2026regi","rating":1382,"private":0,"password":null}