{"id":"gen9vgc2026regi-2568859828","format":"[Gen 9] VGC 2026 Reg I","players":["TheNamesBetty","jbwwebwenw"],"log":"|j|\u2606TheNamesBetty\n|j|\u2606jbwwebwenw\n|t:|1774628627\n|gametype|doubles\n|player|p1|TheNamesBetty|koga|1227\n|player|p2|jbwwebwenw|265|1137\n|gen|9\n|tier|[Gen 9] VGC 2026 Reg I\n|rated|\n|rule|Species Clause: Limit one of each Pok\u00e9mon\n|rule|Item Clause: Limit 1 of each item\n|clearpoke\n|poke|p1|Tornadus, L50, M|\n|poke|p1|Calyrex-Shadow, L50|\n|poke|p1|Indeedee-F, L50, F|\n|poke|p1|Dragonite, L50, M|\n|poke|p1|Zamazenta-*, L50|\n|poke|p1|Cramorant, L50, M|\n|poke|p2|Miraidon, L50|\n|poke|p2|Ogerpon-Hearthflame, L50, F|\n|poke|p2|Incineroar, L50, F|\n|poke|p2|Latias, L50, F|\n|poke|p2|Urshifu-*, L50, F|\n|poke|p2|Lunala, L50|\n|teampreview|4\nTheNamesBetty has agreed to open team sheets.\n|\n|t:|1774628657\n|teamsize|p1|4\n|teamsize|p2|4\n|start\n|switch|p1a: Pt\u00e1ky Gd\u00e1ky|Cramorant, L50, M|100/100\n|switch|p1b: Motor\u00e1\u010dek|Dragonite, L50, M|100/100\n|switch|p2a: Latias|Latias, L50, F|100/100\n|switch|p2b: Miraidon|Miraidon, L50|100/100\n|-fieldstart|move: Electric Terrain|[from] ability: Hadron Engine|[of] p2b: Miraidon\n|turn|1\n|\n|t:|1774628679\n|-terastallize|p1b: Motor\u00e1\u010dek|Normal\n|move|p1b: Motor\u00e1\u010dek|Extreme Speed|p2a: Latias\n|-damage|p2a: Latias|35/100\n|-damage|p1b: Motor\u00e1\u010dek|84/100|[from] item: Rocky Helmet|[of] p2a: Latias\n|move|p1a: Pt\u00e1ky Gd\u00e1ky|Throat Chop|p2a: Latias\n|-supereffective|p2a: Latias\n|-damage|p2a: Latias|5/100\n|-start|p2a: Latias|Throat Chop|[silent]\n|-damage|p1a: Pt\u00e1ky Gd\u00e1ky|84/100|[from] item: Rocky Helmet|[of] p2a: Latias\n|move|p2b: Miraidon|Volt Switch|p1a: Pt\u00e1ky Gd\u00e1ky\n|-supereffective|p1a: Pt\u00e1ky Gd\u00e1ky\n|-damage|p1a: Pt\u00e1ky Gd\u00e1ky|0 fnt\n|faint|p1a: Pt\u00e1ky Gd\u00e1ky\n|\n|t:|1774628693\n|switch|p2b: Incineroar|Incineroar, L50, F|100/100|[from] Volt Switch\n|-ability|p2b: Incineroar|Intimidate|boost\n|-fail|p1b: Motor\u00e1\u010dek|unboost|Attack|[from] ability: Inner Focus|[of] p1b: Motor\u00e1\u010dek\n|move|p2a: Latias|Tailwind|p2a: Latias\n|-sidestart|p2: jbwwebwenw|move: Tailwind\n|\n|upkeep\n|\n|t:|1774628701\n|switch|p1a: Kedluben na Koni|Calyrex-Shadow, L50|100/100\n|-ability|p1a: Kedluben na Koni|As One\n|-ability|p1a: Kedluben na Koni|Unnerve\n|turn|2\n|\n|t:|1774628721\n|move|p2b: Incineroar|Fake Out|p1b: Motor\u00e1\u010dek\n|-damage|p1b: Motor\u00e1\u010dek|72/100\n|move|p1b: Motor\u00e1\u010dek|Extreme Speed|p2b: Incineroar\n|-damage|p2b: Incineroar|35/100\n|move|p2a: Latias|Mist Ball|p1a: Kedluben na Koni\n|-resisted|p1a: Kedluben na Koni\n|-damage|p1a: Kedluben na Koni|83/100\n|move|p1a: Kedluben na Koni|Astral Barrage|p2a: Latias|[spread] p2a,p2b\n|-supereffective|p2a: Latias\n|-resisted|p2b: Incineroar\n|-damage|p2a: Latias|0 fnt\n|-damage|p2b: Incineroar|6/100\n|faint|p2a: Latias\n|-ability|p1a: Kedluben na Koni|Grim Neigh|boost\n|-boost|p1a: Kedluben na Koni|spa|1\n|-damage|p1a: Kedluben na Koni|73/100|[from] item: Life Orb\n|\n|upkeep\n|\n|t:|1774628742\n|switch|p2a: Lunala|Lunala, L50|100/100\n|-enditem|p2a: Lunala|Electric Seed\n|-boost|p2a: Lunala|def|1|[from] item: Electric Seed\n|turn|3\n|\n|t:|1774628762\n|switch|p1a: Pesa|Zamazenta-Crowned, L50|100/100\n|-enditem|p2b: Incineroar|Sitrus Berry|[eat]\n|-heal|p2b: Incineroar|31/100|[from] item: Sitrus Berry\n|-ability|p1a: Pesa|Dauntless Shield|boost\n|-boost|p1a: Pesa|def|1\n|-terastallize|p2a: Lunala|Fairy\n|move|p1b: Motor\u00e1\u010dek|Extreme Speed|p2b: Incineroar\n|-damage|p2b: Incineroar|0 fnt\n|faint|p2b: Incineroar\n|move|p2a: Lunala|Moongeist Beam|p1a: Pesa\n|-damage|p1a: Pesa|61/100\n|\n|upkeep\n|\n|t:|1774628776\n|switch|p2b: Miraidon|Miraidon, L50|100/100\n|-activate|p2b: Miraidon|ability: Hadron Engine\n|turn|4\n|\n|t:|1774628797\n|move|p1b: Motor\u00e1\u010dek|Extreme Speed|p2b: Miraidon\n|-damage|p2b: Miraidon|28/100\n|move|p2b: Miraidon|Electro Drift|p1a: Pesa\n|-damage|p1a: Pesa|0 fnt\n|faint|p1a: Pesa\n|move|p2a: Lunala|Moonblast|p1b: Motor\u00e1\u010dek\n|-damage|p1b: Motor\u00e1\u010dek|14/100\n|-unboost|p1b: Motor\u00e1\u010dek|spa|1\n|\n|-sideend|p2: jbwwebwenw|move: Tailwind\n|upkeep\n|\n|t:|1774628803\n|switch|p1a: Kedluben na Koni|Calyrex-Shadow, L50|73/100\n|-ability|p1a: Kedluben na Koni|As One\n|-ability|p1a: Kedluben na Koni|Unnerve\n|turn|5\n|\n|t:|1774628848\n|move|p1b: Motor\u00e1\u010dek|Extreme Speed|p2a: Lunala\n|-damage|p2a: Lunala|81/100\n|move|p1a: Kedluben na Koni|Astral Barrage|p2b: Miraidon|[spread] p2a,p2b\n|-damage|p2a: Lunala|36/100\n|-damage|p2b: Miraidon|0 fnt\n|faint|p2b: Miraidon\n|-ability|p1a: Kedluben na Koni|Grim Neigh|boost\n|-boost|p1a: Kedluben na Koni|spa|1\n|-damage|p1a: Kedluben na Koni|63/100|[from] item: Life Orb\n|move|p2a: Lunala|Moonblast|p1b: Motor\u00e1\u010dek\n|-damage|p1b: Motor\u00e1\u010dek|0 fnt\n|faint|p1b: Motor\u00e1\u010dek\n|\n|-fieldend|move: Electric Terrain\n|upkeep\n|turn|6\n|\n|t:|1774628864\n|move|p1a: Kedluben na Koni|Astral Barrage|p2a: Lunala\n|-damage|p2a: Lunala|0 fnt\n|faint|p2a: Lunala\n|-damage|p1a: Kedluben na Koni|54/100|[from] item: Life Orb\n|\n|win|TheNamesBetty\n|raw|TheNamesBetty's rating: 1227 &rarr; <strong>1246</strong><br />(+19 for winning)\n|raw|jbwwebwenw's rating: 1137 &rarr; <strong>1118</strong><br />(-19 for losing)\n|l|\u2606TheNamesBetty\n|player|p1|\n|l|\u2606jbwwebwenw\n|player|p2|\n","uploadtime":1774629133,"views":10,"formatid":"gen9vgc2026regi","rating":1118,"private":0,"password":null}