{"id":"gen9vgc2026regi-2567084886","format":"[Gen 9] VGC 2026 Reg I","players":["farfromperfect","Sheevp"],"log":"|j|\u2606farfromperfect\n|j|\u2606Sheevp\n|t:|1774447832\n|gametype|doubles\n|player|p1|farfromperfect|266|1399\n|player|p2|Sheevp|265|1478\n|gen|9\n|tier|[Gen 9] VGC 2026 Reg I\n|rated|\n|rule|Species Clause: Limit one of each Pok\u00e9mon\n|rule|Item Clause: Limit 1 of each item\n|clearpoke\n|poke|p1|Eternatus, L50|\n|poke|p1|Miraidon, L50|\n|poke|p1|Volcarona, L50, M|\n|poke|p1|Tornadus, L50, M|\n|poke|p1|Urshifu-*, L50, M|\n|poke|p1|Ogerpon-Wellspring, L50, F|\n|poke|p2|Incineroar, L50, F|\n|poke|p2|Rillaboom, L50, M|\n|poke|p2|Landorus, L50, M|\n|poke|p2|Smeargle, L50, F|\n|poke|p2|Koraidon, L50|\n|poke|p2|Calyrex-Ice, L50|\n|teampreview|4\n|l|\u2606Sheevp\n|player|p2|\n|j|\u2606Sheevp\n|player|p2|Sheevp|265|\n|\n|t:|1774447925\n|teamsize|p1|4\n|teamsize|p2|4\n|start\n|switch|p1a: Eternatus|Eternatus, L50, shiny|100/100\n|switch|p1b: Tornadus|Tornadus, L50, M, shiny|100/100\n|switch|p2a: Koraidon|Koraidon, L50|100/100\n|switch|p2b: Landorus|Landorus, L50, M|100/100\n|-ability|p1a: Eternatus|Pressure\n|-weather|SunnyDay|[from] ability: Orichalcum Pulse|[of] p2a: Koraidon\n|-activate|p2a: Koraidon|Orichalcum Pulse|[source]\n|turn|1\n|\n|t:|1774447945\n|-terastallize|p1a: Eternatus|Fairy\n|-terastallize|p2a: Koraidon|Fire\n|move|p1b: Tornadus|Rain Dance|p1b: Tornadus\n|-weather|RainDance\n|move|p1a: Eternatus|Meteor Beam||[still]\n|-prepare|p1a: Eternatus|Meteor Beam\n|-boost|p1a: Eternatus|spa|1\n|-enditem|p1a: Eternatus|Power Herb\n|-anim|p1a: Eternatus|Meteor Beam|p2b: Landorus\n|-damage|p2b: Landorus|25/100\n|move|p2a: Koraidon|Flame Charge|p1b: Tornadus\n|-damage|p1b: Tornadus|83/100\n|-boost|p2a: Koraidon|spe|1\n|move|p2b: Landorus|Earth Power|p1a: Eternatus\n|-damage|p1a: Eternatus|37/100\n|\n|-weather|RainDance|[upkeep]\n|upkeep\n|turn|2\n|\n|t:|1774448003\n|switch|p2a: Calyrex|Calyrex-Ice, L50|100/100\n|-ability|p2a: Calyrex|As One\n|-ability|p2a: Calyrex|Unnerve\n|move|p1a: Eternatus|Protect|p1a: Eternatus\n|-singleturn|p1a: Eternatus|Protect\n|move|p1b: Tornadus|Tailwind|p1b: Tornadus\n|-sidestart|p1: farfromperfect|move: Tailwind\n|move|p2b: Landorus|Sludge Bomb|p1a: Eternatus\n|-activate|p1a: Eternatus|move: Protect\n|\n|-weather|RainDance|[upkeep]\n|upkeep\n|turn|3\n|\n|t:|1774448029\n|switch|p2b: Koraidon|Koraidon, L50, tera:Fire|100/100\n|-weather|SunnyDay|[from] ability: Orichalcum Pulse|[of] p2b: Koraidon\n|-activate|p2b: Koraidon|Orichalcum Pulse|[source]\n|move|p1b: Tornadus|Taunt|p2a: Calyrex\n|-start|p2a: Calyrex|move: Taunt\n|move|p1a: Eternatus|Dynamax Cannon|p2b: Koraidon\n|-damage|p2b: Koraidon|18/100\n|move|p2a: Calyrex|Glacial Lance|p1a: Eternatus|[spread] p1a,p1b\n|-supereffective|p1b: Tornadus\n|-damage|p1a: Eternatus|0 fnt\n|-damage|p1b: Tornadus|0 fnt\n|faint|p1a: Eternatus\n|faint|p1b: Tornadus\n|-ability|p2a: Calyrex|Chilling Neigh|boost\n|-boost|p2a: Calyrex|atk|2\n|\n|-weather|SunnyDay|[upkeep]\n|upkeep\n|\n|t:|1774448035\n|switch|p1a: Miraidon|Miraidon, L50, shiny|100/100\n|switch|p1b: Volcarona|Volcarona, L50, M, shiny|100/100\n|-fieldstart|move: Electric Terrain|[from] ability: Hadron Engine|[of] p1a: Miraidon\n|turn|4\n|\n|t:|1774448064\n|switch|p2b: Rillaboom|Rillaboom, L50, M|100/100\n|-fieldstart|move: Grassy Terrain|[from] ability: Grassy Surge|[of] p2b: Rillaboom\n|move|p1a: Miraidon|Protect|p1a: Miraidon\n|-singleturn|p1a: Miraidon|Protect\n|move|p1b: Volcarona|Heat Wave|p2a: Calyrex|[spread] p2a,p2b\n|-supereffective|p2a: Calyrex\n|-crit|p2a: Calyrex\n|-supereffective|p2b: Rillaboom\n|-damage|p2a: Calyrex|18/100\n|-damage|p2b: Rillaboom|19/100\n|-status|p2b: Rillaboom|brn\n|move|p2a: Calyrex|Glacial Lance|p1b: Volcarona|[spread] p1b\n|-activate|p1a: Miraidon|move: Protect\n|-resisted|p1b: Volcarona\n|-damage|p1b: Volcarona|53/100\n|\n|-weather|SunnyDay|[upkeep]\n|-heal|p1b: Volcarona|59/100|[from] Grassy Terrain\n|-heal|p2b: Rillaboom|26/100 brn|[from] Grassy Terrain\n|-heal|p2a: Calyrex|24/100|[from] Grassy Terrain\n|-heal|p2a: Calyrex|30/100|[from] item: Leftovers\n|-damage|p2b: Rillaboom|19/100 brn|[from] brn\n|upkeep\n|turn|5\n|l|\u2606Sheevp\n|player|p2|\n|j|\u2606Sheevp\n|player|p2|Sheevp|265|\n|\n|t:|1774448097\n|move|p2b: Rillaboom|Fake Out|p1a: Miraidon\n|-damage|p1a: Miraidon|94/100\n|cant|p1a: Miraidon|flinch\n|move|p1b: Volcarona|Heat Wave|p2b: Rillaboom|[spread] p2a\n|-miss|p1b: Volcarona|p2b: Rillaboom\n|-supereffective|p2a: Calyrex\n|-damage|p2a: Calyrex|0 fnt\n|faint|p2a: Calyrex\n|\n|-weather|SunnyDay|[upkeep]\n|-heal|p1a: Miraidon|100/100|[from] Grassy Terrain\n|-heal|p1b: Volcarona|65/100|[from] Grassy Terrain\n|-heal|p2b: Rillaboom|26/100 brn|[from] Grassy Terrain\n|-damage|p2b: Rillaboom|19/100 brn|[from] brn\n|-sideend|p1: farfromperfect|move: Tailwind\n|upkeep\n|\n|t:|1774448103\n|switch|p2a: Koraidon|Koraidon, L50, tera:Fire|18/100\n|-activate|p2a: Koraidon|ability: Orichalcum Pulse\n|turn|6\n|\n|t:|1774448117\n|move|p1b: Volcarona|Rage Powder|p1b: Volcarona\n|-singleturn|p1b: Volcarona|move: Rage Powder\n|move|p1a: Miraidon|Electro Drift|p2a: Koraidon\n|-damage|p2a: Koraidon|0 fnt\n|faint|p2a: Koraidon\n|-damage|p1a: Miraidon|91/100|[from] item: Life Orb\n|move|p2b: Rillaboom|U-turn|p1a: Miraidon\n|-damage|p1a: Miraidon|81/100\n|\n|t:|1774448138\n|switch|p2b: Landorus|Landorus, L50, M|25/100|[from] U-turn\n|\n|-weather|SunnyDay|[upkeep]\n|-heal|p1a: Miraidon|87/100|[from] Grassy Terrain\n|-heal|p1b: Volcarona|71/100|[from] Grassy Terrain\n|upkeep\n|\n|t:|1774448141\n|switch|p2a: Rillaboom|Rillaboom, L50, M|19/100 brn\n|turn|7\n|\n|t:|1774448145\n|move|p1a: Miraidon|Protect|p1a: Miraidon\n|-singleturn|p1a: Miraidon|Protect\n|move|p2a: Rillaboom|Fake Out|p1a: Miraidon\n|-activate|p1a: Miraidon|move: Protect\n|move|p2b: Landorus|Sandsear Storm|p1b: Volcarona|[spread] p1b\n|-activate|p1a: Miraidon|move: Protect\n|-damage|p1b: Volcarona|19/100\n|-enditem|p1b: Volcarona|Sitrus Berry|[eat]\n|-heal|p1b: Volcarona|44/100|[from] item: Sitrus Berry\n|move|p1b: Volcarona|Heat Wave|p2b: Landorus|[spread] p2b\n|-miss|p1b: Volcarona|p2a: Rillaboom\n|-damage|p2b: Landorus|0 fnt\n|faint|p2b: Landorus\n|\n|-weather|none\n|-heal|p1a: Miraidon|93/100|[from] Grassy Terrain\n|-heal|p2a: Rillaboom|26/100 brn|[from] Grassy Terrain\n|-heal|p1b: Volcarona|50/100|[from] Grassy Terrain\n|-damage|p2a: Rillaboom|19/100 brn|[from] brn\n|upkeep\n|turn|8\n|-message|Sheevp forfeited.\n|\n|win|farfromperfect\n|raw|farfromperfect's rating: 1399 &rarr; <strong>1423</strong><br />(+24 for winning)\n|raw|Sheevp's rating: 1478 &rarr; <strong>1454</strong><br />(-24 for losing)\n|l|\u2606farfromperfect\n|player|p1|\n|l|\u2606Sheevp\n|player|p2|\n|j|\u2606Sheevp\n|player|p2|Sheevp|265|\n|l|\u2606Sheevp\n|player|p2|\n","uploadtime":1774448420,"views":13,"formatid":"gen9vgc2026regi","rating":1423,"private":0,"password":null}