{"id":"gen9vgc2026regi-2578651685","format":"[Gen 9] VGC 2026 Reg I","players":["Glaceon_1740","Tonytacular"],"log":"|j|\u2606Glaceon_1740\n|j|\u2606Tonytacular\n|t:|1775699725\n|gametype|doubles\n|player|p1|Glaceon_1740|dawn-gen4pt|1502\n|player|p2|Tonytacular|preschooler|1457\n|gen|9\n|tier|[Gen 9] VGC 2026 Reg I\n|rated|\n|rule|Species Clause: Limit one of each Pok\u00e9mon\n|rule|Item Clause: Limit 1 of each item\n|clearpoke\n|poke|p1|Meowscarada, L50, F|\n|poke|p1|Murkrow, L50, M|\n|poke|p1|Kyogre, L50|\n|poke|p1|Zacian-*, L50|\n|poke|p1|Incineroar, L50, F|\n|poke|p1|Rillaboom, L50, F|\n|poke|p2|Terapagos, L50, M|\n|poke|p2|Moltres-Galar, L50|\n|poke|p2|Zamazenta-*, L50|\n|poke|p2|Flutter Mane, L50|\n|poke|p2|Incineroar, L50, F|\n|poke|p2|Whimsicott, L50, M|\n|teampreview|4\n|inactive|Battle timer is ON: inactive players will automatically lose when time's up. (requested by Glaceon_1740)\nTonytacular has agreed to open team sheets.\n|inactive|Glaceon_1740 has 60 seconds left.\n|\n|t:|1775699782\n|teamsize|p1|4\n|teamsize|p2|4\n|start\n|switch|p1a: Murkrow|Murkrow, L50, M, shiny|100/100\n|switch|p1b: Kyogre|Kyogre, L50|100/100\n|switch|p2a: Incineroar|Incineroar, L50, F|100/100\n|switch|p2b: Terapagos|Terapagos, L50, M|100/100\n|-activate|p2b: Terapagos|ability: Tera Shift\n|detailschange|p2b: Terapagos|Terapagos-Terastal, L50, M\n|-heal|p2b: Terapagos|100/100|[silent]\n|-weather|RainDance|[from] ability: Drizzle|[of] p1b: Kyogre\n|-ability|p2a: Incineroar|Intimidate|boost\n|-unboost|p1a: Murkrow|atk|1\n|-unboost|p1b: Kyogre|atk|1\n|turn|1\n|\n|t:|1775699798\n|-terastallize|p2b: Terapagos|Stellar\n|detailschange|p2b: Terapagos|Terapagos-Stellar, L50, M, tera:Stellar\n|-heal|p2b: Terapagos|100/100|[silent]\n|-ability|p2b: Terapagos|Teraform Zero\n|-weather|none\n|move|p2a: Incineroar|Fake Out|p1b: Kyogre\n|-damage|p1b: Kyogre|86/100\n|move|p1a: Murkrow|Tailwind|p1a: Murkrow\n|-sidestart|p1: Glaceon_1740|move: Tailwind\n|move|p1b: Kyogre|Water Spout|p2b: Terapagos|[spread] p2a,p2b\n|-supereffective|p2a: Incineroar\n|-damage|p2a: Incineroar|0 fnt\n|-damage|p2b: Terapagos|64/100\n|faint|p2a: Incineroar\n|move|p2b: Terapagos|Tera Starstorm|p1a: Murkrow|[spread] p1a,p1b\n|-damage|p1a: Murkrow|32/100\n|-damage|p1b: Kyogre|49/100\n|\n|upkeep\n|\n|t:|1775699817\n|switch|p2a: Flutter Mane|Flutter Mane, L50|100/100\n|turn|2\n|\n|t:|1775699827\n|move|p2a: Flutter Mane|Protect|p2a: Flutter Mane\n|-singleturn|p2a: Flutter Mane|Protect\n|move|p1a: Murkrow|Rain Dance|p1a: Murkrow\n|-weather|RainDance\n|move|p1b: Kyogre|Origin Pulse|p2a: Flutter Mane|[spread] p2b\n|-activate|p2a: Flutter Mane|move: Protect\n|-damage|p2b: Terapagos|13/100\n|move|p2b: Terapagos|Tera Starstorm|p1a: Murkrow|[spread] p1a,p1b\n|-damage|p1a: Murkrow|0 fnt\n|-damage|p1b: Kyogre|10/100\n|faint|p1a: Murkrow\n|\n|-weather|RainDance|[upkeep]\n|upkeep\n|\n|t:|1775699844\n|switch|p1a: Zacian|Zacian-Crowned, L50|100/100\n|-ability|p1a: Zacian|Intrepid Sword|boost\n|-boost|p1a: Zacian|atk|1\n|turn|3\n|\n|t:|1775699861\n|move|p1a: Zacian|Swords Dance|p1a: Zacian\n|-boost|p1a: Zacian|atk|2\n|move|p1b: Kyogre|Origin Pulse|p2b: Terapagos|[spread] p2b\n|-miss|p1b: Kyogre|p2a: Flutter Mane\n|-damage|p2b: Terapagos|0 fnt\n|faint|p2b: Terapagos\n|detailschange|p2: Terapagos|Terapagos, L50, M|[silent]\n|move|p2a: Flutter Mane|Thunder Wave|p1b: Kyogre\n|-status|p1b: Kyogre|par\n|\n|-weather|RainDance|[upkeep]\n|upkeep\n|\n|t:|1775699871\n|switch|p2b: Zamazenta|Zamazenta-Crowned, L50|100/100\n|-ability|p2b: Zamazenta|Dauntless Shield|boost\n|-boost|p2b: Zamazenta|def|1\n|turn|4\n|inactive|Glaceon_1740 has 30 seconds left.\n|\n|t:|1775699901\n|move|p2b: Zamazenta|Wide Guard|p2b: Zamazenta\n|-singleturn|p2b: Zamazenta|Wide Guard\n|move|p1a: Zacian|Play Rough|p2b: Zamazenta\n|-damage|p2b: Zamazenta|43/100\n|move|p2a: Flutter Mane|Thunder Wave|p1a: Zacian\n|-status|p1a: Zacian|par\n|move|p1b: Kyogre|Origin Pulse|p2a: Flutter Mane|[spread] \n|-activate|p2a: Flutter Mane|move: Wide Guard\n|-activate|p2b: Zamazenta|move: Wide Guard\n|\n|-weather|RainDance|[upkeep]\n|-sideend|p1: Glaceon_1740|move: Tailwind\n|upkeep\n|turn|5\n|inactive|Tonytacular has 30 seconds left.\n|inactive|Tonytacular has 20 seconds left.\n|\n|t:|1775699937\n|move|p2a: Flutter Mane|Moonblast|p1b: Kyogre\n|-damage|p1b: Kyogre|0 fnt\n|faint|p1b: Kyogre\n|move|p2b: Zamazenta|Behemoth Bash|p1a: Zacian\n|-damage|p1a: Zacian|66/100 par\n|cant|p1a: Zacian|par\n|\n|-weather|RainDance|[upkeep]\n|upkeep\n|\n|t:|1775699948\n|switch|p1b: Incineroar|Incineroar, L50, F, shiny|100/100\n|-ability|p1b: Incineroar|Intimidate|boost\n|-unboost|p2a: Flutter Mane|atk|1\n|-unboost|p2b: Zamazenta|atk|1\n|turn|6\n|\n|t:|1775699968\n|move|p2b: Zamazenta|Protect|p2b: Zamazenta\n|-singleturn|p2b: Zamazenta|Protect\n|move|p1b: Incineroar|Fake Out|p2b: Zamazenta\n|-activate|p2b: Zamazenta|move: Protect\n|move|p2a: Flutter Mane|Thunder Wave|p1b: Incineroar\n|-status|p1b: Incineroar|par\n|move|p1a: Zacian|Play Rough|p2b: Zamazenta\n|-activate|p2b: Zamazenta|move: Protect\n|\n|-weather|none\n|upkeep\n|turn|7\n|\n|t:|1775699986\n|move|p2a: Flutter Mane|Moonblast|p1a: Zacian\n|-resisted|p1a: Zacian\n|-damage|p1a: Zacian|45/100 par\n|-unboost|p1a: Zacian|spa|1\n|move|p2b: Zamazenta|Body Press|p1b: Incineroar\n|-supereffective|p1b: Incineroar\n|-damage|p1b: Incineroar|14/100 par\n|cant|p1a: Zacian|par\n|cant|p1b: Incineroar|par\n|\n|upkeep\n|turn|8\n|inactive|Glaceon_1740 has 30 seconds left.\n|inactive|Glaceon_1740 has 20 seconds left.\n|inactive|Glaceon_1740 has 15 seconds left.\n|inactive|Tonytacular has 30 seconds left.\n|inactive|Glaceon_1740 has 10 seconds left.\n|inactive|Glaceon_1740 has 5 seconds left.\n|\n|t:|1775700041\n|cant|p1b: Incineroar|par\n|move|p2a: Flutter Mane|Moonblast|p1a: Zacian\n|-resisted|p1a: Zacian\n|-damage|p1a: Zacian|24/100 par\n|-unboost|p1a: Zacian|spa|1\n|move|p2b: Zamazenta|Body Press|p1b: Incineroar\n|-supereffective|p1b: Incineroar\n|-damage|p1b: Incineroar|0 fnt\n|faint|p1b: Incineroar\n|move|p1a: Zacian|Behemoth Blade|p2b: Zamazenta\n|-resisted|p2b: Zamazenta\n|-damage|p2b: Zamazenta|10/100\n|\n|upkeep\n|turn|9\n|inactive|Glaceon_1740 has 30 seconds left.\n|inactive|Glaceon_1740 has 20 seconds left.\n|inactive|Glaceon_1740 has 15 seconds left.\n|inactive|Glaceon_1740 has 10 seconds left.\n|inactive|Glaceon_1740 has 5 seconds left.\n|\n|t:|1775700097\n|move|p2a: Flutter Mane|Moonblast|p1a: Zacian\n|-resisted|p1a: Zacian\n|-damage|p1a: Zacian|0 fnt\n|faint|p1a: Zacian\n|\n|win|Tonytacular\n|raw|Glaceon_1740's rating: 1502 &rarr; <strong>1479</strong><br />(-23 for losing)\n|raw|Tonytacular's rating: 1457 &rarr; <strong>1480</strong><br />(+23 for winning)\n|l|\u2606Tonytacular\n|player|p2|\n","uploadtime":1775700244,"views":11,"formatid":"gen9vgc2026regi","rating":1479,"private":0,"password":null}