{"id":"gen9vgc2026regi-2571346215","format":"[Gen 9] VGC 2026 Reg I","players":["blackred123","Kwiper"],"log":"|j|\u2606blackred123\n|j|\u2606Kwiper\n|t:|1774910218\n|gametype|doubles\n|player|p1|blackred123|iono-masters|1518\n|player|p2|Kwiper|sycamore|1603\n|gen|9\n|tier|[Gen 9] VGC 2026 Reg I\n|rated|\n|rule|Species Clause: Limit one of each Pok\u00e9mon\n|rule|Item Clause: Limit 1 of each item\n|clearpoke\n|poke|p1|Kyogre, L50|\n|poke|p1|Zamazenta-*, L50|\n|poke|p1|Chien-Pao, L50|\n|poke|p1|Amoonguss, L50, F|\n|poke|p1|Dragonite, L50, M|\n|poke|p1|Rillaboom, L50, F|\n|poke|p2|Koraidon, L50|\n|poke|p2|Lunala, L50|\n|poke|p2|Indeedee-F, L50, F|\n|poke|p2|Flutter Mane, L50|\n|poke|p2|Volcarona, L50, F|\n|poke|p2|Ursaluna, L50, F|\n|teampreview|4\n|inactive|Battle timer is ON: inactive players will automatically lose when time's up. (requested by Kwiper)\n|inactive|blackred123 also wants the timer to be on.\n|inactive|Kwiper has 60 seconds left.\n|\n|t:|1774910250\n|teamsize|p1|4\n|teamsize|p2|4\n|start\n|switch|p1a: Zamazenta|Zamazenta-Crowned, L50|100/100\n|switch|p1b: Chien-Pao|Chien-Pao, L50|100/100\n|switch|p2a: Lunala|Lunala, L50, shiny|100/100\n|switch|p2b: Indeedee|Indeedee-F, L50, F|100/100\n|-ability|p1b: Chien-Pao|Sword of Ruin\n|-ability|p1a: Zamazenta|Dauntless Shield|boost\n|-boost|p1a: Zamazenta|def|1\n|-fieldstart|move: Psychic Terrain|[from] ability: Psychic Surge|[of] p2b: Indeedee\n|turn|1\n|\n|t:|1774910262\n|switch|p2b: Volcarona|Volcarona, L50, F|100/100\n|move|p1b: Chien-Pao|Ice Spinner|p2a: Lunala\n|-damage|p2a: Lunala|78/100\n|-fieldend|move: Psychic Terrain\n|move|p1a: Zamazenta|Heavy Slam|p2a: Lunala\n|-damage|p2a: Lunala|27/100\n|move|p2a: Lunala|Meteor Beam||[still]\n|-prepare|p2a: Lunala|Meteor Beam\n|-boost|p2a: Lunala|spa|1\n|-enditem|p2a: Lunala|Power Herb\n|-anim|p2a: Lunala|Meteor Beam|p1b: Chien-Pao\n|-supereffective|p1b: Chien-Pao\n|-enditem|p1b: Chien-Pao|Focus Sash\n|-damage|p1b: Chien-Pao|1/100\n|\n|upkeep\n|turn|2\n|\n|t:|1774910279\n|switch|p1b: Kyogre|Kyogre, L50|100/100\n|-weather|RainDance|[from] ability: Drizzle|[of] p1b: Kyogre\n|move|p2b: Volcarona|Rage Powder|p2b: Volcarona\n|-singleturn|p2b: Volcarona|move: Rage Powder\n|move|p1a: Zamazenta|Heavy Slam|p2b: Volcarona\n|-resisted|p2b: Volcarona\n|-damage|p2b: Volcarona|78/100\n|-damage|p1a: Zamazenta|84/100|[from] item: Rocky Helmet|[of] p2b: Volcarona\n|move|p2a: Lunala|Moongeist Beam|p1a: Zamazenta\n|-damage|p1a: Zamazenta|18/100\n|\n|-weather|RainDance|[upkeep]\n|upkeep\n|turn|3\n|inactive|blackred123 has 30 seconds left.\n|\n|t:|1774910306\n|move|p2a: Lunala|Wide Guard|p2a: Lunala\n|-singleturn|p2a: Lunala|Wide Guard\n|move|p2b: Volcarona|Rage Powder|p2b: Volcarona\n|-singleturn|p2b: Volcarona|move: Rage Powder\n|move|p1b: Kyogre|Water Spout|p2b: Volcarona|[spread] \n|-activate|p2a: Lunala|move: Wide Guard\n|-activate|p2b: Volcarona|move: Wide Guard\n|move|p1a: Zamazenta|Body Press|p2b: Volcarona\n|-resisted|p2b: Volcarona\n|-damage|p2b: Volcarona|44/100\n|-damage|p1a: Zamazenta|2/100|[from] item: Rocky Helmet|[of] p2b: Volcarona\n|-status|p1a: Zamazenta|brn|[from] ability: Flame Body|[of] p2b: Volcarona\n|\n|-weather|RainDance|[upkeep]\n|-damage|p1a: Zamazenta|0 fnt|[from] brn\n|faint|p1a: Zamazenta\n|upkeep\n|\n|t:|1774910311\n|switch|p1a: Dragonite|Dragonite, L50, M|100/100\n|turn|4\n|\n|t:|1774910324\n|switch|p2b: Indeedee|Indeedee-F, L50, F|100/100\n|-fieldstart|move: Psychic Terrain|[from] ability: Psychic Surge|[of] p2b: Indeedee\n|-terastallize|p1a: Dragonite|Normal\n|move|p2a: Lunala|Wide Guard|p2a: Lunala\n|-singleturn|p2a: Lunala|Wide Guard\n|move|p1a: Dragonite|Extreme Speed|p2b: Indeedee\n|-activate|p2b: Indeedee|move: Psychic Terrain\n|move|p1b: Kyogre|Water Spout|p2b: Indeedee|[spread] \n|-activate|p2a: Lunala|move: Wide Guard\n|-activate|p2b: Indeedee|move: Wide Guard\n|\n|-weather|RainDance|[upkeep]\n|upkeep\n|turn|5\n|\n|t:|1774910335\n|switch|p2a: Koraidon|Koraidon, L50, shiny|100/100\n|-weather|SunnyDay|[from] ability: Orichalcum Pulse|[of] p2a: Koraidon\n|-activate|p2a: Koraidon|Orichalcum Pulse|[source]\n|switch|p1a: Chien-Pao|Chien-Pao, L50|1/100\n|-ability|p1a: Chien-Pao|Sword of Ruin\n|move|p1b: Kyogre|Water Spout|p2b: Indeedee|[spread] p2a,p2b\n|-resisted|p2a: Koraidon\n|-damage|p2a: Koraidon|85/100\n|-damage|p2b: Indeedee|67/100\n|move|p2b: Indeedee|Alluring Voice|p1b: Kyogre\n|-damage|p1b: Kyogre|87/100\n|\n|-weather|SunnyDay|[upkeep]\n|upkeep\n|turn|6\n|\n|t:|1774910346\n|switch|p1b: Dragonite|Dragonite, L50, M, tera:Normal|100/100\n|switch|p2b: Volcarona|Volcarona, L50, F|44/100\n|move|p1a: Chien-Pao|Ice Spinner|p2a: Koraidon\n|-supereffective|p2a: Koraidon\n|-damage|p2a: Koraidon|0 fnt\n|-fieldend|move: Psychic Terrain\n|faint|p2a: Koraidon\n|\n|-weather|SunnyDay|[upkeep]\n|upkeep\n|\n|t:|1774910351\n|switch|p2a: Indeedee|Indeedee-F, L50, F|67/100\n|-fieldstart|move: Psychic Terrain|[from] ability: Psychic Surge|[of] p2a: Indeedee\n|turn|7\n|\n|t:|1774910362\n|move|p2b: Volcarona|Rage Powder|p2b: Volcarona\n|-singleturn|p2b: Volcarona|move: Rage Powder\n|move|p1a: Chien-Pao|Ice Spinner|p2b: Volcarona\n|-resisted|p2b: Volcarona\n|-damage|p2b: Volcarona|21/100\n|-damage|p1a: Chien-Pao|0 fnt|[from] item: Rocky Helmet|[of] p2b: Volcarona\n|faint|p1a: Chien-Pao\n|move|p1b: Dragonite|Aerial Ace|p2b: Volcarona\n|-supereffective|p2b: Volcarona\n|-damage|p2b: Volcarona|0 fnt\n|-damage|p1b: Dragonite|84/100|[from] item: Rocky Helmet|[of] p2b: Volcarona\n|faint|p2b: Volcarona\n|move|p2a: Indeedee|Alluring Voice|p1b: Dragonite\n|-damage|p1b: Dragonite|68/100\n|\n|-weather|SunnyDay|[upkeep]\n|upkeep\n|\n|t:|1774910372\n|switch|p1a: Kyogre|Kyogre, L50|87/100\n|switch|p2b: Lunala|Lunala, L50, shiny|27/100\n|-weather|RainDance|[from] ability: Drizzle|[of] p1a: Kyogre\n|turn|8\n|\n|t:|1774910379\n|-terastallize|p2b: Lunala|Water\n|move|p2a: Indeedee|Follow Me|p2a: Indeedee\n|-singleturn|p2a: Indeedee|move: Follow Me\n|move|p1a: Kyogre|Hydro Pump|p2a: Indeedee|[miss]\n|-miss|p1a: Kyogre|p2a: Indeedee\n|move|p2b: Lunala|Expanding Force|p1a: Kyogre|[spread] p1a,p1b\n|-damage|p1a: Kyogre|36/100\n|-damage|p1b: Dragonite|0 fnt\n|faint|p1b: Dragonite\n|\n|-weather|RainDance|[upkeep]\n|upkeep\n|turn|9\n|\n|t:|1774910389\n|move|p2a: Indeedee|Follow Me|p2a: Indeedee\n|-singleturn|p2a: Indeedee|move: Follow Me\n|move|p1a: Kyogre|Hydro Pump|p2a: Indeedee\n|-damage|p2a: Indeedee|0 fnt\n|faint|p2a: Indeedee\n|move|p2b: Lunala|Expanding Force|p1a: Kyogre\n|-damage|p1a: Kyogre|0 fnt\n|faint|p1a: Kyogre\n|\n|win|Kwiper\n|raw|blackred123's rating: 1518 &rarr; <strong>1503</strong><br />(-15 for losing)\n|raw|Kwiper's rating: 1603 &rarr; <strong>1618</strong><br />(+15 for winning)\n","uploadtime":1774910389,"views":14,"formatid":"gen9vgc2026regi","rating":1503,"private":0,"password":null}