{"id":"gen9vgc2026regi-2579615442","format":"[Gen 9] VGC 2026 Reg I","players":["ritovic10","xiaoliyunVGC"],"log":"|j|\u2606ritovic10\n|j|\u2606xiaoliyunVGC\n|t:|1775806182\n|gametype|doubles\n|player|p1|ritovic10|wattson|1480\n|player|p2|xiaoliyunVGC|liko|1458\n|gen|9\n|tier|[Gen 9] VGC 2026 Reg I\n|rated|\n|rule|Species Clause: Limit one of each Pok\u00e9mon\n|rule|Item Clause: Limit 1 of each item\n|clearpoke\n|poke|p1|Roaring Moon, L50|\n|poke|p1|Zacian-*, L50|\n|poke|p1|Chien-Pao, L50|\n|poke|p1|Groudon, L50|\n|poke|p1|Tornadus, L50, M|\n|poke|p1|Ogerpon-Hearthflame, L50, F|\n|poke|p2|Miraidon, L50|\n|poke|p2|Zamazenta-*, L50|\n|poke|p2|Dragonite, L50, F|\n|poke|p2|Chien-Pao, L50|\n|poke|p2|Clefairy, L50, F|\n|poke|p2|Volcarona, L50, M|\n|teampreview|4\n|inactive|Battle timer is ON: inactive players will automatically lose when time's up. (requested by xiaoliyunVGC)\n|\n|t:|1775806205\n|teamsize|p1|4\n|teamsize|p2|4\n|start\n|switch|p1a: Roaring Moon|Roaring Moon, L50|100/100\n|switch|p1b: Zacian|Zacian-Crowned, L50|100/100\n|switch|p2a: Volcarona|Volcarona, L50, M, shiny|100/100\n|switch|p2b: Zamazenta|Zamazenta-Crowned, L50, shiny|100/100\n|-ability|p1b: Zacian|Intrepid Sword|boost\n|-boost|p1b: Zacian|atk|1\n|-ability|p2b: Zamazenta|Dauntless Shield|boost\n|-boost|p2b: Zamazenta|def|1\n|turn|1\n|\n|t:|1775806221\n|switch|p1b: Groudon|Groudon, L50|100/100\n|-weather|SunnyDay|[from] ability: Drought|[of] p1b: Groudon\n|-activate|p1a: Roaring Moon|ability: Protosynthesis\n|-start|p1a: Roaring Moon|protosynthesisatk\n|-terastallize|p1a: Roaring Moon|Fire\n|move|p1a: Roaring Moon|Fire Fang|p2b: Zamazenta\n|-supereffective|p2b: Zamazenta\n|-damage|p2b: Zamazenta|24/100\n|move|p2b: Zamazenta|Body Press|p1a: Roaring Moon\n|-damage|p1a: Roaring Moon|16/100\n|move|p2a: Volcarona|Quiver Dance|p2a: Volcarona\n|-boost|p2a: Volcarona|spa|1\n|-boost|p2a: Volcarona|spd|1\n|-boost|p2a: Volcarona|spe|1\n|\n|-weather|SunnyDay|[upkeep]\n|upkeep\n|turn|2\n|inactive|ritovic10 has 30 seconds left.\n|\n|t:|1775806251\n|move|p2a: Volcarona|Struggle Bug|p1a: Roaring Moon|[spread] p1a,p1b\n|-resisted|p1a: Roaring Moon\n|-damage|p1a: Roaring Moon|3/100\n|-damage|p1b: Groudon|86/100\n|-unboost|p1a: Roaring Moon|spa|1\n|-unboost|p1b: Groudon|spa|1\n|move|p1a: Roaring Moon|Fire Fang|p2b: Zamazenta\n|-supereffective|p2b: Zamazenta\n|-damage|p2b: Zamazenta|0 fnt\n|faint|p2b: Zamazenta\n|move|p1b: Groudon|High Horsepower|p2a: Volcarona\n|-damage|p2a: Volcarona|33/100\n|\n|-weather|SunnyDay|[upkeep]\n|-heal|p2a: Volcarona|39/100|[from] item: Leftovers\n|upkeep\n|\n|t:|1775806263\n|switch|p2b: Chien-Pao|Chien-Pao, L50, shiny|100/100\n|-ability|p2b: Chien-Pao|Sword of Ruin\n|turn|3\n|inactive|ritovic10 has 30 seconds left.\n|inactive|ritovic10 has 20 seconds left.\n|\n|t:|1775806303\n|-end|p1a: Roaring Moon|Protosynthesis|[silent]\n|switch|p1a: Ogerpon|Ogerpon-Hearthflame, L50, F|100/100\n|-ability|p1a: Ogerpon|Mold Breaker\n|move|p2a: Volcarona|Struggle Bug|p1a: Ogerpon|[spread] p1a,p1b\n|-damage|p1a: Ogerpon|72/100\n|-damage|p1b: Groudon|72/100\n|-unboost|p1a: Ogerpon|spa|1\n|-unboost|p1b: Groudon|spa|1\n|move|p2b: Chien-Pao|Icicle Crash|p1b: Groudon\n|-supereffective|p1b: Groudon\n|-damage|p1b: Groudon|4/100\n|move|p1b: Groudon|Precipice Blades|p2b: Chien-Pao|[spread] p2b\n|-miss|p1b: Groudon|p2a: Volcarona\n|-damage|p2b: Chien-Pao|27/100\n|\n|-weather|SunnyDay|[upkeep]\n|-heal|p2a: Volcarona|45/100|[from] item: Leftovers\n|upkeep\n|turn|4\n|\n|t:|1775806326\n|move|p2a: Volcarona|Struggle Bug|p1a: Ogerpon|[spread] p1a,p1b\n|-crit|p1b: Groudon\n|-damage|p1a: Ogerpon|40/100\n|-damage|p1b: Groudon|0 fnt\n|-unboost|p1a: Ogerpon|spa|1\n|faint|p1b: Groudon\n|move|p2b: Chien-Pao|Icicle Crash|p1a: Ogerpon\n|-damage|p1a: Ogerpon|0 fnt\n|faint|p1a: Ogerpon\n|\n|-weather|SunnyDay|[upkeep]\n|-heal|p2a: Volcarona|52/100|[from] item: Leftovers\n|upkeep\n|\n|t:|1775806336\n|switch|p1a: Zacian|Zacian-Crowned, L50|100/100\n|switch|p1b: Roaring Moon|Roaring Moon, L50, tera:Fire|3/100\n|-activate|p1b: Roaring Moon|ability: Protosynthesis\n|-start|p1b: Roaring Moon|protosynthesisatk\n|turn|5\n|\n|t:|1775806355\n|move|p2a: Volcarona|Flamethrower|p1a: Zacian\n|-supereffective|p1a: Zacian\n|-damage|p1a: Zacian|0 fnt\n|faint|p1a: Zacian\n|move|p2b: Chien-Pao|Icy Wind|p1b: Roaring Moon\n|-resisted|p1b: Roaring Moon\n|-damage|p1b: Roaring Moon|0 fnt\n|faint|p1b: Roaring Moon\n|-end|p1b: Roaring Moon|Protosynthesis|[silent]\n|\n|win|xiaoliyunVGC\n|raw|ritovic10's rating: 1480 &rarr; <strong>1459</strong><br />(-21 for losing)\n|raw|xiaoliyunVGC's rating: 1458 &rarr; <strong>1479</strong><br />(+21 for winning)\n|l|\u2606ritovic10\n|player|p1|\n","uploadtime":1775806503,"views":9,"formatid":"gen9vgc2026regi","rating":1459,"private":0,"password":null}