{"id":"gen9vgc2026regi-2546666741","format":"[Gen 9] VGC 2026 Reg I","players":["ConnerTEP","501JFW"],"log":"|j|\u2606ConnerTEP\n|j|\u2606501JFW\n|t:|1771991235\n|gametype|doubles\n|player|p1|ConnerTEP|acerola-masters2|1585\n|player|p2|501JFW|101|1664\n|gen|9\n|tier|[Gen 9] VGC 2026 Reg I\n|rated|\n|rule|Species Clause: Limit one of each Pok\u00e9mon\n|rule|Item Clause: Limit 1 of each item\n|clearpoke\n|poke|p1|Groudon, L50|\n|poke|p1|Miraidon, L50|\n|poke|p1|Whimsicott, L50, M|\n|poke|p1|Volcarona, L50, F|\n|poke|p1|Iron Bundle, L50|\n|poke|p1|Incineroar, L50, F|\n|poke|p2|Kyogre, L50|\n|poke|p2|Calyrex-Ice, L50|\n|poke|p2|Amoonguss, L50, F|\n|poke|p2|Iron Jugulis, L50|\n|poke|p2|Urshifu-*, L50, F|\n|poke|p2|Indeedee-F, L50, F|\n|teampreview|4\n|inactive|Battle timer is ON: inactive players will automatically lose when time's up. (requested by ConnerTEP)\n|j| westtail_VGC\n|inactive|ConnerTEP has 60 seconds left.\n|\n|t:|1771991273\n|teamsize|p1|4\n|teamsize|p2|4\n|start\n|switch|p1a: Miraidon|Miraidon, L50|100/100\n|switch|p1b: Volcarona|Volcarona, L50, F|100/100\n|switch|p2a: Calyrex|Calyrex-Ice, L50|100/100\n|switch|p2b: Indeedee|Indeedee-F, L50, F, shiny|100/100\n|-ability|p2a: Calyrex|As One\n|-ability|p2a: Calyrex|Unnerve\n|-fieldstart|move: Electric Terrain|[from] ability: Hadron Engine|[of] p1a: Miraidon\n|-enditem|p1b: Volcarona|Electric Seed\n|-boost|p1b: Volcarona|def|1|[from] item: Electric Seed\n|-fieldstart|move: Psychic Terrain|[from] ability: Psychic Surge|[of] p2b: Indeedee\n|-enditem|p2b: Indeedee|Psychic Seed\n|-boost|p2b: Indeedee|spd|1|[from] item: Psychic Seed\n|turn|1\n|inactive|501JFW has 30 seconds left.\n|\n|t:|1771991299\n|move|p1a: Miraidon|Volt Switch|p2b: Indeedee\n|-damage|p2b: Indeedee|76/100\n|\n|t:|1771991305\n|switch|p1a: Incineroar|Incineroar, L50, F|100/100|[from] Volt Switch\n|-ability|p1a: Incineroar|Intimidate|boost\n|-unboost|p2a: Calyrex|atk|1\n|-unboost|p2b: Indeedee|atk|1\n|move|p1b: Volcarona|Struggle Bug|p2a: Calyrex|[spread] p2a,p2b\n|-supereffective|p2a: Calyrex\n|-supereffective|p2b: Indeedee\n|-damage|p2a: Calyrex|80/100\n|-damage|p2b: Indeedee|52/100\n|-unboost|p2a: Calyrex|spa|1\n|-unboost|p2b: Indeedee|spa|1\n|move|p2a: Calyrex|Swords Dance|p2a: Calyrex\n|-boost|p2a: Calyrex|atk|2\n|move|p2b: Indeedee|Trick Room|p2b: Indeedee\n|-fieldstart|move: Trick Room|[of] p2b: Indeedee\n|\n|upkeep\n|turn|2\n|inactive|501JFW has 30 seconds left.\n|inactive|501JFW has 20 seconds left.\n|\n|t:|1771991347\n|move|p2b: Indeedee|Follow Me|p2b: Indeedee\n|-singleturn|p2b: Indeedee|move: Follow Me\n|move|p2a: Calyrex|Glacial Lance|p1a: Incineroar|[spread] p1a,p1b\n|-resisted|p1a: Incineroar\n|-resisted|p1b: Volcarona\n|-damage|p1a: Incineroar|56/100\n|-damage|p1b: Volcarona|72/100\n|move|p1a: Incineroar|Knock Off|p2b: Indeedee\n|-supereffective|p2b: Indeedee\n|-damage|p2b: Indeedee|2/100\n|move|p1b: Volcarona|Will-O-Wisp|p2b: Indeedee\n|-status|p2b: Indeedee|brn\n|\n|-damage|p2b: Indeedee|0 fnt|[from] brn\n|faint|p2b: Indeedee\n|upkeep\n|\n|t:|1771991363\n|switch|p2b: Amoonguss|Amoonguss, L50, F, shiny|100/100\n|turn|3\n|\n|t:|1771991380\n|move|p2b: Amoonguss|Spore|p1b: Volcarona\n|-status|p1b: Volcarona|slp|[from] move: Spore\n|move|p2a: Calyrex|Glacial Lance|p1a: Incineroar|[spread] p1a,p1b\n|-resisted|p1a: Incineroar\n|-resisted|p1b: Volcarona\n|-damage|p1a: Incineroar|7/100\n|-damage|p1b: Volcarona|42/100 slp\n|move|p1a: Incineroar|Parting Shot|p2a: Calyrex\n|-unboost|p2a: Calyrex|atk|1\n|-unboost|p2a: Calyrex|spa|1\n|\n|t:|1771991388\n|switch|p1a: Miraidon|Miraidon, L50|100/100|[from] Parting Shot\n|-fieldstart|move: Electric Terrain|[from] ability: Hadron Engine|[of] p1a: Miraidon\n|cant|p1b: Volcarona|slp\n|\n|upkeep\n|turn|4\n|inactive|501JFW has 30 seconds left.\n|inactive|501JFW has 20 seconds left.\n|inactive|501JFW has 15 seconds left.\n|\n|t:|1771991429\n|switch|p1a: Incineroar|Incineroar, L50, F|7/100\n|-ability|p1a: Incineroar|Intimidate|boost\n|-unboost|p2a: Calyrex|atk|1\n|-unboost|p2b: Amoonguss|atk|1\n|move|p2b: Amoonguss|Pollen Puff|p2a: Calyrex\n|-heal|p2a: Calyrex|100/100\n|move|p2a: Calyrex|Swords Dance|p2a: Calyrex\n|-boost|p2a: Calyrex|atk|2\n|-curestatus|p1b: Volcarona|slp|[msg]\n|move|p1b: Volcarona|Will-O-Wisp|p2a: Calyrex\n|-status|p2a: Calyrex|brn\n|\n|-damage|p2a: Calyrex|95/100 brn|[from] brn\n|upkeep\n|turn|5\n|inactive|ConnerTEP has 30 seconds left.\n|inactive|501JFW has 30 seconds left.\n|\n|t:|1771991459\n|move|p1a: Incineroar|Fake Out|p2a: Calyrex\n|-damage|p2a: Calyrex|87/100 brn\n|move|p2b: Amoonguss|Pollen Puff|p1a: Incineroar\n|-damage|p1a: Incineroar|0 fnt\n|faint|p1a: Incineroar\n|cant|p2a: Calyrex|flinch\n|move|p1b: Volcarona|Overheat|p2b: Amoonguss\n|-supereffective|p2b: Amoonguss\n|-damage|p2b: Amoonguss|0 fnt\n|-unboost|p1b: Volcarona|spa|2\n|faint|p2b: Amoonguss\n|\n|-damage|p2a: Calyrex|82/100 brn|[from] brn\n|-fieldend|move: Trick Room\n|upkeep\n|inactive|ConnerTEP has 30 seconds left.\n|\n|t:|1771991492\n|switch|p1a: Miraidon|Miraidon, L50|100/100\n|switch|p2b: Kyogre|Kyogre, L50, shiny|100/100\n|-activate|p1a: Miraidon|ability: Hadron Engine\n|-weather|RainDance|[from] ability: Drizzle|[of] p2b: Kyogre\n|turn|6\n|inactive|ConnerTEP has 30 seconds left.\n|inactive|ConnerTEP has 20 seconds left.\n|\n|t:|1771991528\n|-terastallize|p1a: Miraidon|Electric\n|-terastallize|p2a: Calyrex|Grass\n|move|p1a: Miraidon|Volt Switch|p2a: Calyrex\n|-resisted|p2a: Calyrex\n|-damage|p2a: Calyrex|52/100 brn\n|\n|t:|1771991533\n|switch|p1a: Groudon|Groudon, L50|100/100|[from] Volt Switch\n|-weather|SunnyDay|[from] ability: Drought|[of] p1a: Groudon\n|move|p1b: Volcarona|Overheat|p2a: Calyrex\n|-supereffective|p2a: Calyrex\n|-damage|p2a: Calyrex|3/100 brn\n|-unboost|p1b: Volcarona|spa|2\n|move|p2b: Kyogre|Origin Pulse|p1b: Volcarona|[spread] p1a,p1b\n|-supereffective|p1a: Groudon\n|-supereffective|p1b: Volcarona\n|-damage|p1a: Groudon|26/100\n|-damage|p1b: Volcarona|0 fnt\n|faint|p1b: Volcarona\n|move|p2a: Calyrex|Trick Room|p2a: Calyrex\n|-fieldstart|move: Trick Room|[of] p2a: Calyrex\n|\n|-weather|SunnyDay|[upkeep]\n|-damage|p2a: Calyrex|0 fnt|[from] brn\n|faint|p2a: Calyrex\n|upkeep\n|\n|t:|1771991539\n|switch|p1b: Miraidon|Miraidon, L50, tera:Electric|100/100\n|-activate|p1b: Miraidon|ability: Hadron Engine\n|turn|7\n|\n|t:|1771991547\n|move|p1a: Groudon|Helping Hand|p1b: Miraidon\n|-singleturn|p1b: Miraidon|Helping Hand|[of] p1a: Groudon\n|move|p2b: Kyogre|Origin Pulse|p1a: Groudon|[spread] p1a,p1b\n|-supereffective|p1a: Groudon\n|-damage|p1a: Groudon|0 fnt\n|-damage|p1b: Miraidon|82/100\n|faint|p1a: Groudon\n|move|p1b: Miraidon|Electro Drift|p2b: Kyogre\n|-supereffective|p2b: Kyogre\n|-damage|p2b: Kyogre|0 fnt\n|faint|p2b: Kyogre\n|\n|win|ConnerTEP\n|raw|ConnerTEP's rating: 1585 &rarr; <strong>1609</strong><br />(+24 for winning)\n|raw|501JFW's rating: 1664 &rarr; <strong>1640</strong><br />(-24 for losing)\n|l|\u2606501JFW\n|player|p2|\n|l| westtail_VGC\n","uploadtime":1771991763,"views":132,"formatid":"gen9vgc2026regi","rating":1609,"private":0,"password":null}