{"id":"gen9vgc2026regi-2580252282","format":"[Gen 9] VGC 2026 Reg I","players":["wshjkcebuh","datbishgames"],"log":"|j|\u2606wshjkcebuh\n|j|\u2606datbishgames\n|t:|1775870657\n|gametype|doubles\n|player|p1|wshjkcebuh|1|1464\n|player|p2|datbishgames|mira|1524\n|gen|9\n|tier|[Gen 9] VGC 2026 Reg I\n|rated|\n|rule|Species Clause: Limit one of each Pok\u00e9mon\n|rule|Item Clause: Limit 1 of each item\n|clearpoke\n|poke|p1|Eternatus, L50|\n|poke|p1|Calyrex-Shadow, L50|\n|poke|p1|Kingambit, L50, M|\n|poke|p1|Ogerpon-Wellspring, L50, F|\n|poke|p1|Incineroar, L50, F|\n|poke|p1|Tornadus, L50, M|\n|poke|p2|Dialga-Origin, L50|\n|poke|p2|Ho-Oh, L50|\n|poke|p2|Rotom-Wash, L50|\n|poke|p2|Amoonguss, L50, M|\n|poke|p2|Ursaluna, L50, M|\n|poke|p2|Zoroark-Hisui, L50, F|\n|teampreview|4\n|inactive|Battle timer is ON: inactive players will automatically lose when time's up. (requested by datbishgames)\n|inactive|wshjkcebuh also wants the timer to be on.\n|inactive|wshjkcebuh has 60 seconds left.\n|\n|t:|1775870711\n|teamsize|p1|4\n|teamsize|p2|4\n|start\n|switch|p1a: Eternatus|Eternatus, L50|100/100\n|switch|p1b: Kingambit|Kingambit, L50, M, shiny|100/100\n|switch|p2a: Dialga|Dialga-Origin, L50|100/100\n|switch|p2b: Ursaluna|Ursaluna, L50, M|100/100\n|-ability|p1a: Eternatus|Pressure\n|turn|1\n|\n|t:|1775870730\n|-terastallize|p1a: Eternatus|Dark\n|move|p1a: Eternatus|Dynamax Cannon|p2a: Dialga\n|-enditem|p2a: Dialga|Focus Sash\n|-damage|p2a: Dialga|1/100\n|replace|p2a: Zoroark|Zoroark-Hisui, L50, F\n|-end|p2a: Zoroark|Illusion\n|move|p2a: Zoroark|Will-O-Wisp|p1b: Kingambit|[miss]\n|-miss|p2a: Zoroark|p1b: Kingambit\n|move|p2b: Ursaluna|Swords Dance|p2b: Ursaluna\n|-boost|p2b: Ursaluna|atk|2\n|move|p1b: Kingambit|Low Kick|p2a: Zoroark\n|-immune|p2a: Zoroark\n|\n|-status|p2b: Ursaluna|brn|[from] item: Flame Orb\n|upkeep\n|turn|2\n|\n|t:|1775870753\n|move|p1a: Eternatus|Dynamax Cannon|p2b: Ursaluna\n|-damage|p2b: Ursaluna|26/100 brn\n|move|p2a: Zoroark|Icy Wind|p1a: Eternatus|[spread] p1a,p1b\n|-resisted|p1b: Kingambit\n|-damage|p1a: Eternatus|89/100\n|-damage|p1b: Kingambit|97/100\n|-unboost|p1a: Eternatus|spe|1\n|-unboost|p1b: Kingambit|spe|1\n|-ability|p1b: Kingambit|Defiant|boost\n|-boost|p1b: Kingambit|atk|2\n|move|p2b: Ursaluna|Earthquake|p1a: Eternatus|[spread] p2a,p1a,p1b\n|-supereffective|p1b: Kingambit\n|-damage|p2a: Zoroark|0 fnt\n|-damage|p1a: Eternatus|0 fnt\n|-damage|p1b: Kingambit|0 fnt\n|faint|p2a: Zoroark\n|faint|p1a: Eternatus\n|faint|p1b: Kingambit\n|\n|-damage|p2b: Ursaluna|20/100 brn|[from] brn\n|upkeep\n|\n|t:|1775870770\n|switch|p1a: Ogerpon|Ogerpon-Wellspring, L50, F|100/100\n|switch|p2a: Ho-Oh|Ho-Oh, L50|100/100\n|switch|p1b: Calyrex|Calyrex-Shadow, L50|100/100\n|-ability|p1b: Calyrex|As One\n|-ability|p1b: Calyrex|Unnerve\n|turn|3\n|\n|t:|1775870791\n|-terastallize|p2a: Ho-Oh|Grass\n|move|p2b: Ursaluna|Protect|p2b: Ursaluna\n|-singleturn|p2b: Ursaluna|Protect\n|move|p1b: Calyrex|Astral Barrage|p2b: Ursaluna|[spread] p2a\n|-activate|p2b: Ursaluna|move: Protect\n|-damage|p2a: Ho-Oh|67/100\n|move|p1a: Ogerpon|Ivy Cudgel|p2a: Ho-Oh|[anim] Ivy Cudgel Water\n|-resisted|p2a: Ho-Oh\n|-damage|p2a: Ho-Oh|44/100\n|move|p2a: Ho-Oh|Tailwind|p2a: Ho-Oh\n|-sidestart|p2: datbishgames|move: Tailwind\n|\n|-damage|p2b: Ursaluna|14/100 brn|[from] brn\n|upkeep\n|turn|4\n|inactive|wshjkcebuh has 30 seconds left.\n|\n|t:|1775870818\n|move|p2a: Ho-Oh|Brave Bird|p1a: Ogerpon\n|-supereffective|p1a: Ogerpon\n|-damage|p1a: Ogerpon|0 fnt\n|faint|p1a: Ogerpon\n|-damage|p2a: Ho-Oh|15/100|[from] Recoil\n|move|p2b: Ursaluna|Earthquake|p1b: Calyrex|[spread] p2a,p1b\n|-resisted|p2a: Ho-Oh\n|-damage|p2a: Ho-Oh|0 fnt\n|-enditem|p1b: Calyrex|Focus Sash\n|-damage|p1b: Calyrex|1/100\n|faint|p2a: Ho-Oh\n|move|p1b: Calyrex|Astral Barrage|p2b: Ursaluna\n|-immune|p2b: Ursaluna\n|\n|-damage|p2b: Ursaluna|9/100 brn|[from] brn\n|upkeep\n|\n|t:|1775870833\n|switch|p2a: Dialga|Dialga-Origin, L50|100/100\n|turn|5\n|\n|t:|1775870839\n|move|p1b: Calyrex|Protect|p1b: Calyrex\n|-singleturn|p1b: Calyrex|Protect\n|move|p2b: Ursaluna|Earthquake|p1b: Calyrex|[spread] \n|-activate|p1b: Calyrex|move: Protect\n|-activate|p2a: Dialga|ability: Telepathy\n|move|p2a: Dialga|Flash Cannon|p1b: Calyrex\n|-activate|p1b: Calyrex|move: Protect\n|\n|-damage|p2b: Ursaluna|3/100 brn|[from] brn\n|upkeep\n|turn|6\n|-message|wshjkcebuh forfeited.\n|\n|win|datbishgames\n|raw|wshjkcebuh's rating: 1464 &rarr; <strong>1447</strong><br />(-17 for losing)\n|raw|datbishgames's rating: 1524 &rarr; <strong>1541</strong><br />(+17 for winning)\n|l|\u2606wshjkcebuh\n|player|p1|\n|l|\u2606datbishgames\n|player|p2|\n","uploadtime":1775871113,"views":10,"formatid":"gen9vgc2026regi","rating":1447,"private":0,"password":null}