{"id":"gen9vgc2026regi-2563916141","format":"[Gen 9] VGC 2026 Reg I","players":["soolers2test","Pigduckeater"],"log":"|j|\u2606soolers2test\n|j|\u2606Pigduckeater\n|t:|1774084057\n|gametype|doubles\n|player|p1|soolers2test|169|1360\n|player|p2|Pigduckeater|169|1459\n|gen|9\n|tier|[Gen 9] VGC 2026 Reg I\n|rated|\n|rule|Species Clause: Limit one of each Pok\u00e9mon\n|rule|Item Clause: Limit 1 of each item\n|clearpoke\n|poke|p1|Scream Tail, L50|\n|poke|p1|Koraidon, L50|\n|poke|p1|Volcarona, L50, F|\n|poke|p1|Flutter Mane, L50|\n|poke|p1|Jumpluff, L50, M|\n|poke|p1|Dialga-Origin, L50|\n|poke|p2|Incineroar, L50, M|\n|poke|p2|Weezing-Galar, L50, F|\n|poke|p2|Miraidon, L50|\n|poke|p2|Calyrex-Shadow, L50|\n|poke|p2|Iron Valiant, L50|\n|poke|p2|Sinistcha, L50|\n|teampreview|4\n|\n|t:|1774084084\n|teamsize|p1|4\n|teamsize|p2|4\n|start\n|switch|p1a: Dialga|Dialga-Origin, L50|100/100\n|switch|p1b: Volcarona|Volcarona, L50, F|100/100\n|switch|p2a: Calyrex|Calyrex-Shadow, L50|100/100\n|switch|p2b: Weezing|Weezing-Galar, L50, F|100/100\n|-ability|p2b: Weezing|Neutralizing Gas\n|-ability|p2a: Calyrex|As One\n|-ability|p2a: Calyrex|Unnerve\n|turn|1\n|\n|t:|1774084096\n|move|p1a: Dialga|Protect|p1a: Dialga\n|-singleturn|p1a: Dialga|Protect\n|move|p2a: Calyrex|Astral Barrage|p1a: Dialga|[spread] p1b\n|-activate|p1a: Dialga|move: Protect\n|-damage|p1b: Volcarona|37/100\n|-damage|p2a: Calyrex|91/100|[from] item: Life Orb\n|move|p1b: Volcarona|Struggle Bug|p2a: Calyrex|[spread] p2a,p2b\n|-resisted|p2b: Weezing\n|-damage|p2a: Calyrex|74/100\n|-damage|p2b: Weezing|97/100\n|-unboost|p2a: Calyrex|spa|1\n|-unboost|p2b: Weezing|spa|1\n|move|p2b: Weezing|Toxic Spikes|p1b: Volcarona\n|-sidestart|p1: soolers2test|move: Toxic Spikes\n|\n|upkeep\n|turn|2\n|\n|t:|1774084116\n|move|p2a: Calyrex|Astral Barrage|p1a: Dialga|[spread] p1a,p1b\n|-crit|p1a: Dialga\n|-damage|p1a: Dialga|44/100\n|-damage|p1b: Volcarona|0 fnt\n|faint|p1b: Volcarona\n|-ability|p2a: Calyrex|Grim Neigh|boost\n|-boost|p2a: Calyrex|spa|1\n|-damage|p2a: Calyrex|64/100|[from] item: Life Orb\n|move|p2b: Weezing|Taunt|p1a: Dialga\n|-start|p1a: Dialga|move: Taunt\n|cant|p1a: Dialga|move: Taunt|Trick Room\n|\n|upkeep\n|\n|t:|1774084124\n|switch|p1b: Koraidon|Koraidon, L50|100/100\n|-status|p1b: Koraidon|psn\n|turn|3\n|\n|t:|1774084139\n|-terastallize|p2b: Weezing|Ghost\n|move|p2a: Calyrex|Protect|p2a: Calyrex\n|-singleturn|p2a: Calyrex|Protect\n|move|p1b: Koraidon|Protect|p1b: Koraidon\n|-singleturn|p1b: Koraidon|Protect\n|move|p1a: Dialga|Dragon Pulse|p2a: Calyrex\n|-activate|p2a: Calyrex|move: Protect\n|move|p2b: Weezing|Acid Spray|p1b: Koraidon\n|-activate|p1b: Koraidon|move: Protect\n|\n|-damage|p1b: Koraidon|88/100 psn|[from] psn\n|upkeep\n|turn|4\n|\n|t:|1774084156\n|move|p2a: Calyrex|Astral Barrage|p1a: Dialga|[spread] p1a,p1b\n|-damage|p1a: Dialga|4/100\n|-damage|p1b: Koraidon|33/100 psn\n|-damage|p2a: Calyrex|54/100|[from] item: Life Orb\n|move|p1b: Koraidon|Flame Charge|p2a: Calyrex\n|-damage|p2a: Calyrex|38/100\n|-boost|p1b: Koraidon|spe|1\n|move|p1a: Dialga|Dragon Pulse|p2a: Calyrex\n|-damage|p2a: Calyrex|0 fnt\n|faint|p2a: Calyrex\n|move|p2b: Weezing|Acid Spray|p1b: Koraidon\n|-damage|p1b: Koraidon|26/100 psn\n|\n|-damage|p1b: Koraidon|14/100 psn|[from] psn\n|-end|p1a: Dialga|move: Taunt\n|upkeep\n|\n|t:|1774084174\n|switch|p2a: Miraidon|Miraidon, L50|100/100\n|turn|5\n|\n|t:|1774084187\n|move|p1b: Koraidon|Drain Punch|p2a: Miraidon\n|-damage|p2a: Miraidon|75/100\n|-heal|p1b: Koraidon|26/100 psn|[from] drain|[of] p2a: Miraidon\n|move|p2a: Miraidon|Parabolic Charge|p1a: Dialga|[spread] p2b,p1a,p1b\n|-resisted|p1a: Dialga\n|-resisted|p1b: Koraidon\n|-damage|p2b: Weezing|72/100\n|-heal|p2a: Miraidon|87/100|[from] drain|[of] p2b: Weezing\n|-damage|p1a: Dialga|0 fnt\n|-heal|p2a: Miraidon|89/100|[from] drain|[of] p1a: Dialga\n|-damage|p1b: Koraidon|14/100 psn\n|-heal|p2a: Miraidon|95/100|[from] drain|[of] p1b: Koraidon\n|faint|p1a: Dialga\n|move|p2b: Weezing|Taunt|p1b: Koraidon\n|-start|p1b: Koraidon|move: Taunt\n|\n|-damage|p1b: Koraidon|2/100 psn|[from] psn\n|upkeep\n|\n|t:|1774084195\n|switch|p1a: Scream Tail|Scream Tail, L50|100/100\n|-status|p1a: Scream Tail|psn\n|turn|6\n|-message|soolers2test forfeited.\n|\n|win|Pigduckeater\n|raw|soolers2test's rating: 1360 &rarr; <strong>1346</strong><br />(-14 for losing)\n|raw|Pigduckeater's rating: 1459 &rarr; <strong>1473</strong><br />(+14 for winning)\n|l|\u2606soolers2test\n|player|p1|\n|l|\u2606Pigduckeater\n|player|p2|\n","uploadtime":1774084392,"views":15,"formatid":"gen9vgc2026regi","rating":1346,"private":0,"password":null}