{"id":"gen9vgc2026regi-2575012738","format":"[Gen 9] VGC 2026 Reg I","players":["wheezeyboy","asouleoe"],"log":"|j|\u2606wheezeyboy\n|j|\u2606asouleoe\n|t:|1775309826\n|gametype|doubles\n|player|p1|wheezeyboy|101|1427\n|player|p2|asouleoe|blue|1429\n|gen|9\n|tier|[Gen 9] VGC 2026 Reg I\n|rated|\n|rule|Species Clause: Limit one of each Pok\u00e9mon\n|rule|Item Clause: Limit 1 of each item\n|clearpoke\n|poke|p1|Calyrex-Shadow, L50|\n|poke|p1|Miraidon, L50|\n|poke|p1|Weezing, L50, M|\n|poke|p1|Dondozo, L50, M|\n|poke|p1|Tatsugiri, L50, F|\n|poke|p1|Tornadus, L50, M|\n|poke|p2|Hitmontop, L50, M|\n|poke|p2|Terapagos, L50, M|\n|poke|p2|Calyrex-Shadow, L50|\n|poke|p2|Ogerpon-Cornerstone, L50, F|\n|poke|p2|Whimsicott, L50, F|\n|poke|p2|Indeedee-F, L50, F|\n|teampreview|4\n|inactive|Battle timer is ON: inactive players will automatically lose when time's up. (requested by asouleoe)\n|\n|t:|1775309854\n|teamsize|p1|4\n|teamsize|p2|4\n|start\n|switch|p1a: Weezing|Weezing, L50, M|100/100\n|switch|p1b: Calyrex|Calyrex-Shadow, L50|100/100\n|switch|p2a: Hitmontop|Hitmontop, L50, M|100/100\n|switch|p2b: Terapagos|Terapagos, L50, M|100/100\n|-activate|p2b: Terapagos|ability: Tera Shift\n|detailschange|p2b: Terapagos|Terapagos-Terastal, L50, M\n|-heal|p2b: Terapagos|100/100|[silent]\n|-ability|p1a: Weezing|Neutralizing Gas\n|-ability|p1b: Calyrex|As One\n|-ability|p1b: Calyrex|Unnerve\n|turn|1\n|inactive|asouleoe has 30 seconds left.\n|\n|t:|1775309880\n|-terastallize|p2b: Terapagos|Stellar\n|detailschange|p2b: Terapagos|Terapagos-Stellar, L50, M, tera:Stellar\n|-heal|p2b: Terapagos|100/100|[silent]\n|move|p2a: Hitmontop|Vacuum Wave|p2b: Terapagos\n|-supereffective|p2b: Terapagos\n|-damage|p2b: Terapagos|95/100\n|-enditem|p2b: Terapagos|Weakness Policy\n|-boost|p2b: Terapagos|atk|2|[from] item: Weakness Policy\n|-boost|p2b: Terapagos|spa|2|[from] item: Weakness Policy\n|move|p1b: Calyrex|Psychic|p2a: Hitmontop\n|-supereffective|p2a: Hitmontop\n|-damage|p2a: Hitmontop|13/100\n|-enditem|p2a: Hitmontop|Eject Button\n|\n|t:|1775309893\n|switch|p2a: Calyrex|Calyrex-Shadow, L50|100/100\n|-ability|p2a: Calyrex|As One\n|-ability|p2a: Calyrex|Unnerve\n|move|p2b: Terapagos|Rock Polish|p2b: Terapagos\n|-boost|p2b: Terapagos|spe|2\n|move|p1a: Weezing|Poison Gas|p2a: Calyrex|[spread] p2a,p2b\n|-status|p2a: Calyrex|psn\n|-status|p2b: Terapagos|psn\n|\n|-damage|p2b: Terapagos|83/100 psn|[from] psn\n|-damage|p2a: Calyrex|88/100 psn|[from] psn\n|upkeep\n|turn|2\n|inactive|wheezeyboy has 30 seconds left.\n|inactive|wheezeyboy has 20 seconds left.\n|inactive|wheezeyboy has 15 seconds left.\n|inactive|wheezeyboy has 10 seconds left.\n|inactive|wheezeyboy has 5 seconds left.\n|\n|t:|1775309944\n|-terastallize|p1b: Calyrex|Dark\n|move|p2a: Calyrex|Protect|p2a: Calyrex\n|-singleturn|p2a: Calyrex|Protect\n|move|p1a: Weezing|Protect|p1a: Weezing\n|-singleturn|p1a: Weezing|Protect\n|move|p2b: Terapagos|Tera Starstorm|p1a: Weezing|[spread] p1b\n|-activate|p1a: Weezing|move: Protect\n|-supereffective|p1b: Calyrex\n|-damage|p1b: Calyrex|0 fnt\n|faint|p1b: Calyrex\n|\n|-damage|p2b: Terapagos|70/100 psn|[from] psn\n|-damage|p2a: Calyrex|76/100 psn|[from] psn\n|upkeep\n|\n|t:|1775309960\n|switch|p1b: Dondozo|Dondozo, L50, M|100/100\n|turn|3\n|\n|t:|1775309972\n|switch|p2a: Ogerpon|Ogerpon-Cornerstone, L50, F|100/100\n|move|p1b: Dondozo|Protect|p1b: Dondozo\n|-singleturn|p1b: Dondozo|Protect\n|move|p2b: Terapagos|Tera Starstorm|p1b: Dondozo|[spread] p1a\n|-activate|p1b: Dondozo|move: Protect\n|-damage|p1a: Weezing|9/100\n|-enditem|p1a: Weezing|Sitrus Berry|[eat]\n|-heal|p1a: Weezing|34/100|[from] item: Sitrus Berry\n|move|p1a: Weezing|Venoshock|p2b: Terapagos\n|-damage|p2b: Terapagos|46/100 psn\n|\n|-damage|p2b: Terapagos|34/100 psn|[from] psn\n|upkeep\n|turn|4\n|\n|t:|1775309995\n|-end|p1a: Weezing|ability: Neutralizing Gas\n|switch|p1a: Tatsugiri|Tatsugiri, L50, F|100/100\n|-activate|p1a: Tatsugiri|ability: Commander|[of] p1b: Dondozo\n|-boost|p1b: Dondozo|atk|2\n|-boost|p1b: Dondozo|spa|2\n|-boost|p1b: Dondozo|spe|2\n|-boost|p1b: Dondozo|def|2\n|-boost|p1b: Dondozo|spd|2\n|move|p2b: Terapagos|Tera Starstorm|p1a: Tatsugiri|[spread] p1b\n|-miss|p2b: Terapagos|p1a: Tatsugiri\n|-damage|p1b: Dondozo|58/100\n|move|p2a: Ogerpon|Horn Leech|p1b: Dondozo\n|-supereffective|p1b: Dondozo\n|-damage|p1b: Dondozo|30/100\n|move|p1b: Dondozo|Earthquake|p2b: Terapagos|[spread] p2a,p2b\n|-miss|p1b: Dondozo|p1a: Tatsugiri\n|-damage|p2a: Ogerpon|39/100\n|-damage|p2b: Terapagos|6/100 psn\n|\n|-heal|p1b: Dondozo|37/100|[from] item: Leftovers\n|-damage|p2b: Terapagos|0 fnt|[from] psn\n|faint|p2b: Terapagos\n|detailschange|p2: Terapagos|Terapagos, L50, M|[silent]\n|upkeep\n|\n|t:|1775310019\n|switch|p2b: Calyrex|Calyrex-Shadow, L50|76/100 psn\n|-ability|p2b: Calyrex|As One\n|-ability|p2b: Calyrex|Unnerve\n|turn|5\n|\n|t:|1775310040\n|move|p1b: Dondozo|Protect|p1b: Dondozo\n|-singleturn|p1b: Dondozo|Protect\n|move|p2b: Calyrex|Psychic|p1b: Dondozo\n|-activate|p1b: Dondozo|move: Protect\n|move|p2a: Ogerpon|Horn Leech|p1b: Dondozo\n|-activate|p1b: Dondozo|move: Protect\n|\n|-heal|p1b: Dondozo|43/100|[from] item: Leftovers\n|-damage|p2b: Calyrex|64/100 psn|[from] psn\n|upkeep\n|turn|6\n|\n|t:|1775310059\n|move|p1b: Dondozo|Protect|p1b: Dondozo\n|-singleturn|p1b: Dondozo|Protect\n|move|p2b: Calyrex|Psychic|p1b: Dondozo\n|-activate|p1b: Dondozo|move: Protect\n|move|p2a: Ogerpon|Horn Leech|p1b: Dondozo\n|-activate|p1b: Dondozo|move: Protect\n|\n|-heal|p1b: Dondozo|49/100|[from] item: Leftovers\n|-damage|p2b: Calyrex|52/100 psn|[from] psn\n|upkeep\n|turn|7\n|\n|t:|1775310075\n|move|p2b: Calyrex|Psychic|p1b: Dondozo\n|-damage|p1b: Dondozo|22/100\n|-unboost|p1b: Dondozo|spd|1\n|move|p2a: Ogerpon|Horn Leech|p1b: Dondozo\n|-supereffective|p1b: Dondozo\n|-damage|p1b: Dondozo|0 fnt\n|-heal|p2a: Ogerpon|57/100|[from] drain|[of] p1b: Dondozo\n|faint|p1b: Dondozo\n|\n|-damage|p2b: Calyrex|40/100 psn|[from] psn\n|upkeep\n|\n|t:|1775310087\n|switch|p1b: Weezing|Weezing, L50, M|34/100\n|-ability|p1b: Weezing|Neutralizing Gas\n|turn|8\n|\n|t:|1775310109\n|move|p1b: Weezing|Protect|p1b: Weezing\n|-singleturn|p1b: Weezing|Protect\n|move|p2b: Calyrex|Astral Barrage|p1b: Weezing|[spread] p1a\n|-activate|p1b: Weezing|move: Protect\n|-crit|p1a: Tatsugiri\n|-enditem|p1a: Tatsugiri|Focus Sash\n|-damage|p1a: Tatsugiri|1/100\n|move|p2a: Ogerpon|Ivy Cudgel|p1a: Tatsugiri|[anim] Ivy Cudgel Rock\n|-damage|p1a: Tatsugiri|0 fnt\n|faint|p1a: Tatsugiri\n|\n|-damage|p2b: Calyrex|28/100 psn|[from] psn\n|upkeep\n|turn|9\n|-message|wheezeyboy forfeited.\n|\n|win|asouleoe\n|raw|wheezeyboy's rating: 1427 &rarr; <strong>1407</strong><br />(-20 for losing)\n|raw|asouleoe's rating: 1429 &rarr; <strong>1449</strong><br />(+20 for winning)\n|l|\u2606wheezeyboy\n|player|p1|\n","uploadtime":1775310130,"views":16,"formatid":"gen9vgc2026regi","rating":1407,"private":0,"password":null}