{"id":"gen9vgc2026regi-2558116157","format":"[Gen 9] VGC 2026 Reg I","players":["cookertree","dasabe\u76d6\u6b27\u5361\u4fa0"],"log":"|j|\u2606cookertree\n|j|\u2606dasabe\u76d6\u6b27\u5361\u4fa0\n|t:|1773404866\n|gametype|doubles\n|player|p1|cookertree|169|1341\n|player|p2|dasabe\u76d6\u6b27\u5361\u4fa0|may-masters4|1517\n|gen|9\n|tier|[Gen 9] VGC 2026 Reg I\n|rated|\n|rule|Species Clause: Limit one of each Pok\u00e9mon\n|rule|Item Clause: Limit 1 of each item\n|clearpoke\n|poke|p1|Terapagos, L50, M|\n|poke|p1|Calyrex-Ice, L50|\n|poke|p1|Landorus, L50, M|\n|poke|p1|Volcarona, L50, M|\n|poke|p1|Rillaboom, L50, M|\n|poke|p1|Urshifu-*, L50, M|\n|poke|p2|Tatsugiri, L50, F|\n|poke|p2|Dondozo, L50, M|\n|poke|p2|Miraidon, L50|\n|poke|p2|Calyrex-Ice, L50|\n|poke|p2|Incineroar, L50, M|\n|poke|p2|Landorus, L50, M|\n|teampreview|4\n|j| yubanmeiqin\n|\n|t:|1773404899\n|teamsize|p1|4\n|teamsize|p2|4\n|start\n|switch|p1a: Basketball Shoes|Urshifu-Rapid-Strike, L50, M|100/100\n|switch|p1b: Bloodhail|Calyrex-Ice, L50|100/100\n|switch|p2a: \u662f\u554a\uff0c\u5403\u4ec0\u4e48|Dondozo, L50, M, shiny|100/100\n|switch|p2b: \u94f6\u91d1\u5996\u86c7|Miraidon, L50, shiny|100/100\n|-ability|p1b: Bloodhail|As One\n|-ability|p1b: Bloodhail|Unnerve\n|-fieldstart|move: Electric Terrain|[from] ability: Hadron Engine|[of] p2b: \u94f6\u91d1\u5996\u86c7\n|turn|1\n|\n|t:|1773404911\n|switch|p2a: o.O|Tatsugiri, L50, F, shiny|100/100\n|move|p1a: Basketball Shoes|Protect|p1a: Basketball Shoes\n|-singleturn|p1a: Basketball Shoes|Protect\n|move|p2b: \u94f6\u91d1\u5996\u86c7|Volt Switch|p1b: Bloodhail\n|-damage|p1b: Bloodhail|61/100\n|\n|t:|1773404915\n|switch|p2b: \u662f\u554a\uff0c\u5403\u4ec0\u4e48|Dondozo, L50, M, shiny|100/100|[from] Volt Switch\n|-activate|p2a: o.O|ability: Commander|[of] p2b: \u662f\u554a\uff0c\u5403\u4ec0\u4e48\n|-boost|p2b: \u662f\u554a\uff0c\u5403\u4ec0\u4e48|atk|2\n|-boost|p2b: \u662f\u554a\uff0c\u5403\u4ec0\u4e48|spa|2\n|-boost|p2b: \u662f\u554a\uff0c\u5403\u4ec0\u4e48|spe|2\n|-boost|p2b: \u662f\u554a\uff0c\u5403\u4ec0\u4e48|def|2\n|-boost|p2b: \u662f\u554a\uff0c\u5403\u4ec0\u4e48|spd|2\n|move|p1b: Bloodhail|Trick Room|p1b: Bloodhail\n|-fieldstart|move: Trick Room|[of] p1b: Bloodhail\n|\n|upkeep\n|turn|2\n|\n|t:|1773404922\n|move|p1b: Bloodhail|Leech Seed|p2b: \u662f\u554a\uff0c\u5403\u4ec0\u4e48\n|-start|p2b: \u662f\u554a\uff0c\u5403\u4ec0\u4e48|move: Leech Seed\n|move|p2b: \u662f\u554a\uff0c\u5403\u4ec0\u4e48|Order Up|p1b: Bloodhail\n|-damage|p1b: Bloodhail|30/100\n|-boost|p2b: \u662f\u554a\uff0c\u5403\u4ec0\u4e48|atk|1\n|move|p1a: Basketball Shoes|Surging Strikes|p2b: \u662f\u554a\uff0c\u5403\u4ec0\u4e48\n|-resisted|p2b: \u662f\u554a\uff0c\u5403\u4ec0\u4e48\n|-crit|p2b: \u662f\u554a\uff0c\u5403\u4ec0\u4e48\n|-damage|p2b: \u662f\u554a\uff0c\u5403\u4ec0\u4e48|93/100\n|-resisted|p2b: \u662f\u554a\uff0c\u5403\u4ec0\u4e48\n|-crit|p2b: \u662f\u554a\uff0c\u5403\u4ec0\u4e48\n|-damage|p2b: \u662f\u554a\uff0c\u5403\u4ec0\u4e48|85/100\n|-resisted|p2b: \u662f\u554a\uff0c\u5403\u4ec0\u4e48\n|-crit|p2b: \u662f\u554a\uff0c\u5403\u4ec0\u4e48\n|-damage|p2b: \u662f\u554a\uff0c\u5403\u4ec0\u4e48|77/100\n|-hitcount|p2b: \u662f\u554a\uff0c\u5403\u4ec0\u4e48|3\n|\n|-heal|p2b: \u662f\u554a\uff0c\u5403\u4ec0\u4e48|83/100|[from] item: Leftovers\n|-damage|p2b: \u662f\u554a\uff0c\u5403\u4ec0\u4e48|70/100|[from] Leech Seed|[of] p1b: Bloodhail\n|-heal|p1b: Bloodhail|43/100|[silent]\n|upkeep\n|turn|3\n|\n|t:|1773404936\n|move|p1b: Bloodhail|Protect|p1b: Bloodhail\n|-singleturn|p1b: Bloodhail|Protect\n|move|p1a: Basketball Shoes|Protect|p1a: Basketball Shoes\n|-singleturn|p1a: Basketball Shoes|Protect\n|move|p2b: \u662f\u554a\uff0c\u5403\u4ec0\u4e48|Order Up|p1a: Basketball Shoes\n|-activate|p1a: Basketball Shoes|move: Protect\n|\n|-heal|p2b: \u662f\u554a\uff0c\u5403\u4ec0\u4e48|77/100|[from] item: Leftovers\n|-damage|p2b: \u662f\u554a\uff0c\u5403\u4ec0\u4e48|64/100|[from] Leech Seed|[of] p1b: Bloodhail\n|-heal|p1b: Bloodhail|57/100|[silent]\n|upkeep\n|turn|4\n|\n|t:|1773404945\n|move|p1b: Bloodhail|Glacial Lance|p2a: o.O|[spread] p2b\n|-miss|p1b: Bloodhail|p2a: o.O\n|-resisted|p2b: \u662f\u554a\uff0c\u5403\u4ec0\u4e48\n|-damage|p2b: \u662f\u554a\uff0c\u5403\u4ec0\u4e48|56/100\n|move|p2b: \u662f\u554a\uff0c\u5403\u4ec0\u4e48|Order Up|p1b: Bloodhail\n|-damage|p1b: Bloodhail|20/100\n|-boost|p2b: \u662f\u554a\uff0c\u5403\u4ec0\u4e48|atk|1\n|move|p1a: Basketball Shoes|Surging Strikes|p2b: \u662f\u554a\uff0c\u5403\u4ec0\u4e48\n|-resisted|p2b: \u662f\u554a\uff0c\u5403\u4ec0\u4e48\n|-crit|p2b: \u662f\u554a\uff0c\u5403\u4ec0\u4e48\n|-damage|p2b: \u662f\u554a\uff0c\u5403\u4ec0\u4e48|48/100\n|-resisted|p2b: \u662f\u554a\uff0c\u5403\u4ec0\u4e48\n|-crit|p2b: \u662f\u554a\uff0c\u5403\u4ec0\u4e48\n|-damage|p2b: \u662f\u554a\uff0c\u5403\u4ec0\u4e48|41/100\n|-resisted|p2b: \u662f\u554a\uff0c\u5403\u4ec0\u4e48\n|-crit|p2b: \u662f\u554a\uff0c\u5403\u4ec0\u4e48\n|-damage|p2b: \u662f\u554a\uff0c\u5403\u4ec0\u4e48|32/100\n|-hitcount|p2b: \u662f\u554a\uff0c\u5403\u4ec0\u4e48|3\n|\n|-heal|p2b: \u662f\u554a\uff0c\u5403\u4ec0\u4e48|39/100|[from] item: Leftovers\n|-damage|p2b: \u662f\u554a\uff0c\u5403\u4ec0\u4e48|26/100|[from] Leech Seed|[of] p1b: Bloodhail\n|-heal|p1b: Bloodhail|33/100|[silent]\n|upkeep\n|turn|5\n|\n|t:|1773404955\n|move|p1b: Bloodhail|Protect|p1b: Bloodhail\n|-singleturn|p1b: Bloodhail|Protect\n|move|p1a: Basketball Shoes|Protect|p1a: Basketball Shoes\n|-singleturn|p1a: Basketball Shoes|Protect\n|move|p2b: \u662f\u554a\uff0c\u5403\u4ec0\u4e48|Earthquake|p1a: Basketball Shoes|[spread] \n|-miss|p2b: \u662f\u554a\uff0c\u5403\u4ec0\u4e48|p2a: o.O\n|-activate|p1a: Basketball Shoes|move: Protect\n|-activate|p1b: Bloodhail|move: Protect\n|\n|-heal|p2b: \u662f\u554a\uff0c\u5403\u4ec0\u4e48|32/100|[from] item: Leftovers\n|-damage|p2b: \u662f\u554a\uff0c\u5403\u4ec0\u4e48|20/100|[from] Leech Seed|[of] p1b: Bloodhail\n|-heal|p1b: Bloodhail|47/100|[silent]\n|-fieldend|move: Trick Room\n|-fieldend|move: Electric Terrain\n|upkeep\n|turn|6\n|\n|t:|1773404964\n|move|p1a: Basketball Shoes|Surging Strikes|p2b: \u662f\u554a\uff0c\u5403\u4ec0\u4e48\n|-resisted|p2b: \u662f\u554a\uff0c\u5403\u4ec0\u4e48\n|-crit|p2b: \u662f\u554a\uff0c\u5403\u4ec0\u4e48\n|-damage|p2b: \u662f\u554a\uff0c\u5403\u4ec0\u4e48|12/100\n|-resisted|p2b: \u662f\u554a\uff0c\u5403\u4ec0\u4e48\n|-crit|p2b: \u662f\u554a\uff0c\u5403\u4ec0\u4e48\n|-damage|p2b: \u662f\u554a\uff0c\u5403\u4ec0\u4e48|4/100\n|-resisted|p2b: \u662f\u554a\uff0c\u5403\u4ec0\u4e48\n|-crit|p2b: \u662f\u554a\uff0c\u5403\u4ec0\u4e48\n|-damage|p2b: \u662f\u554a\uff0c\u5403\u4ec0\u4e48|0 fnt\n|faint|p2b: \u662f\u554a\uff0c\u5403\u4ec0\u4e48\n|-hitcount|p2: \u662f\u554a\uff0c\u5403\u4ec0\u4e48|3\n|move|p1b: Bloodhail|Glacial Lance|p2a: o.O\n|-enditem|p2a: o.O|Focus Sash\n|-damage|p2a: o.O|1/100\n|\n|upkeep\n|\n|t:|1773404967\n|switch|p2b: \u9e7f\u51a0\u738b|Calyrex-Ice, L50|100/100\n|-ability|p2b: \u9e7f\u51a0\u738b|As One\n|-ability|p2b: \u9e7f\u51a0\u738b|Unnerve\n|turn|7\n|\n|t:|1773404976\n|move|p1a: Basketball Shoes|Surging Strikes|p2b: \u9e7f\u51a0\u738b\n|-crit|p2b: \u9e7f\u51a0\u738b\n|-damage|p2b: \u9e7f\u51a0\u738b|87/100\n|-crit|p2b: \u9e7f\u51a0\u738b\n|-damage|p2b: \u9e7f\u51a0\u738b|74/100\n|-crit|p2b: \u9e7f\u51a0\u738b\n|-damage|p2b: \u9e7f\u51a0\u738b|62/100\n|-hitcount|p2b: \u9e7f\u51a0\u738b|3\n|move|p2a: o.O|Muddy Water|p1a: Basketball Shoes|[spread] p1a,p1b\n|-resisted|p1a: Basketball Shoes\n|-damage|p1a: Basketball Shoes|74/100\n|-damage|p1b: Bloodhail|27/100\n|-unboost|p1a: Basketball Shoes|accuracy|1\n|move|p1b: Bloodhail|Glacial Lance|p2b: \u9e7f\u51a0\u738b|[spread] p2a,p2b\n|-resisted|p2b: \u9e7f\u51a0\u738b\n|-crit|p2b: \u9e7f\u51a0\u738b\n|-damage|p2a: o.O|0 fnt\n|-damage|p2b: \u9e7f\u51a0\u738b|40/100\n|faint|p2a: o.O\n|-ability|p1b: Bloodhail|Chilling Neigh|boost\n|-boost|p1b: Bloodhail|atk|1\n|move|p2b: \u9e7f\u51a0\u738b|Glacial Lance|p1b: Bloodhail|[spread] p1a,p1b\n|-resisted|p1a: Basketball Shoes\n|-crit|p1a: Basketball Shoes\n|-resisted|p1b: Bloodhail\n|-damage|p1a: Basketball Shoes|28/100\n|-damage|p1b: Bloodhail|7/100\n|\n|upkeep\n|\n|t:|1773404980\n|switch|p2a: \u94f6\u91d1\u5996\u86c7|Miraidon, L50, shiny|100/100\n|-fieldstart|move: Electric Terrain|[from] ability: Hadron Engine|[of] p2a: \u94f6\u91d1\u5996\u86c7\n|turn|8\n|\n|t:|1773405004\n|move|p1a: Basketball Shoes|Aqua Jet|p2b: \u9e7f\u51a0\u738b\n|-damage|p2b: \u9e7f\u51a0\u738b|26/100\n|move|p2a: \u94f6\u91d1\u5996\u86c7|Snarl|p1a: Basketball Shoes|[spread] p1a,p1b\n|-resisted|p1a: Basketball Shoes\n|-supereffective|p1b: Bloodhail\n|-damage|p1a: Basketball Shoes|11/100\n|-damage|p1b: Bloodhail|0 fnt\n|-unboost|p1a: Basketball Shoes|spa|1\n|faint|p1b: Bloodhail\n|move|p2b: \u9e7f\u51a0\u738b|Glacial Lance|p1a: Basketball Shoes\n|-resisted|p1a: Basketball Shoes\n|-damage|p1a: Basketball Shoes|0 fnt\n|faint|p1a: Basketball Shoes\n|-ability|p2b: \u9e7f\u51a0\u738b|Chilling Neigh|boost\n|-boost|p2b: \u9e7f\u51a0\u738b|atk|1\n|\n|upkeep\n|\n|t:|1773405013\n|switch|p1a: Hidden Place|Terapagos, L50, M|100/100\n|switch|p1b: Blindsided|Volcarona, L50, M|100/100\n|-activate|p1a: Hidden Place|ability: Tera Shift\n|detailschange|p1a: Hidden Place|Terapagos-Terastal, L50, M\n|-heal|p1a: Hidden Place|100/100|[silent]\n|turn|9\n|\n|t:|1773405034\n|-terastallize|p1a: Hidden Place|Stellar\n|detailschange|p1a: Hidden Place|Terapagos-Stellar, L50, M, tera:Stellar\n|-heal|p1a: Hidden Place|100/100|[silent]\n|-ability|p1a: Hidden Place|Teraform Zero\n|-fieldend|move: Electric Terrain\n|move|p2b: \u9e7f\u51a0\u738b|Protect|p2b: \u9e7f\u51a0\u738b\n|-singleturn|p2b: \u9e7f\u51a0\u738b|Protect\n|move|p2a: \u94f6\u91d1\u5996\u86c7|Snarl|p1b: Blindsided|[spread] p1a,p1b\n|-damage|p1a: Hidden Place|91/100\n|-damage|p1b: Blindsided|87/100\n|-unboost|p1a: Hidden Place|spa|1\n|-unboost|p1b: Blindsided|spa|1\n|move|p1b: Blindsided|Tailwind|p1b: Blindsided\n|-sidestart|p1: cookertree|move: Tailwind\n|move|p1a: Hidden Place|Meteor Beam||[still]\n|-prepare|p1a: Hidden Place|Meteor Beam\n|-boost|p1a: Hidden Place|spa|1\n|-enditem|p1a: Hidden Place|Power Herb\n|-anim|p1a: Hidden Place|Meteor Beam|p2b: \u9e7f\u51a0\u738b\n|-activate|p2b: \u9e7f\u51a0\u738b|move: Protect\n|\n|upkeep\n|turn|10\n|-message|dasabe\u76d6\u6b27\u5361\u4fa0 forfeited.\n|\n|win|cookertree\n|raw|cookertree's rating: 1341 &rarr; <strong>1370</strong><br />(+29 for winning)\n|raw|dasabe\u76d6\u6b27\u5361\u4fa0's rating: 1517 &rarr; <strong>1488</strong><br />(-29 for losing)\n|l|\u2606dasabe\u76d6\u6b27\u5361\u4fa0\n|player|p2|\n|l| yubanmeiqin\n","uploadtime":1773405250,"views":15,"formatid":"gen9vgc2026regi","rating":1370,"private":0,"password":null}