{"id":"gen9vgc2026regi-2563950518","format":"[Gen 9] VGC 2026 Reg I","players":["Sh1k3","xinshouok"],"log":"|j|\u2606Sh1k3\n|j|\u2606xinshouok\n|t:|1774090466\n|gametype|doubles\n|player|p1|Sh1k3|266|1292\n|player|p2|xinshouok|lucas|1432\n|gen|9\n|tier|[Gen 9] VGC 2026 Reg I\n|rated|\n|rule|Species Clause: Limit one of each Pok\u00e9mon\n|rule|Item Clause: Limit 1 of each item\n|clearpoke\n|poke|p1|Calyrex-Shadow, L50|\n|poke|p1|Terapagos, L50, M|\n|poke|p1|Smeargle, L50, F|\n|poke|p1|Iron Hands, L50|\n|poke|p1|Tornadus, L50, M|\n|poke|p1|Chi-Yu, L50|\n|poke|p2|Groudon, L50|\n|poke|p2|Grimmsnarl, L50, M|\n|poke|p2|Miraidon, L50|\n|poke|p2|Smeargle, L50, M|\n|poke|p2|Ditto, L50|\n|poke|p2|Cobalion, L50|\n|teampreview|4\n|inactive|Battle timer is ON: inactive players will automatically lose when time's up. (requested by xinshouok)\n|\n|t:|1774090495\n|teamsize|p1|4\n|teamsize|p2|4\n|start\n|switch|p1a: Terapagos|Terapagos, L50, M|100/100\n|switch|p1b: Smeargle|Smeargle, L50, F|100/100\n|switch|p2a: Groudon|Groudon, L50|100/100\n|switch|p2b: Grimmsnarl|Grimmsnarl, L50, M|100/100\n|-activate|p1a: Terapagos|ability: Tera Shift\n|detailschange|p1a: Terapagos|Terapagos-Terastal, L50, M\n|-heal|p1a: Terapagos|100/100|[silent]\n|-weather|SunnyDay|[from] ability: Drought|[of] p2a: Groudon\n|turn|1\n|\n|t:|1774090517\n|move|p1b: Smeargle|Fake Out|p2b: Grimmsnarl\n|-damage|p2b: Grimmsnarl|96/100\n|cant|p2b: Grimmsnarl|flinch\n|move|p1a: Terapagos|Meteor Beam||[still]\n|-prepare|p1a: Terapagos|Meteor Beam\n|-boost|p1a: Terapagos|spa|1\n|-enditem|p1a: Terapagos|Power Herb\n|-anim|p1a: Terapagos|Meteor Beam|p2b: Grimmsnarl|[miss]\n|-miss|p1a: Terapagos|p2b: Grimmsnarl\n|move|p2a: Groudon|Precipice Blades|p1b: Smeargle|[spread] p1a,p1b\n|-activate|p1a: Terapagos|ability: Tera Shell\n|-resisted|p1a: Terapagos\n|-damage|p1a: Terapagos|75/100\n|-damage|p1b: Smeargle|1/100\n|\n|-weather|SunnyDay|[upkeep]\n|-ability|p1b: Smeargle|Moody|boost\n|-boost|p1b: Smeargle|spe|2\n|-unboost|p1b: Smeargle|def|1\n|upkeep\n|turn|2\n|\n|t:|1774090539\n|-terastallize|p1a: Terapagos|Stellar\n|detailschange|p1a: Terapagos|Terapagos-Stellar, L50, M, tera:Stellar\n|-heal|p1a: Terapagos|82/100|[silent]\n|-ability|p1a: Terapagos|Teraform Zero\n|-weather|none\n|move|p2b: Grimmsnarl|Taunt|p1b: Smeargle\n|-start|p1b: Smeargle|move: Taunt\n|cant|p1b: Smeargle|move: Taunt|Decorate\n|move|p1a: Terapagos|Tera Starstorm|p2b: Grimmsnarl|[spread] p2a,p2b\n|-crit|p2b: Grimmsnarl\n|-damage|p2a: Groudon|65/100\n|-damage|p2b: Grimmsnarl|21/100\n|move|p2a: Groudon|High Horsepower|p1a: Terapagos\n|-damage|p1a: Terapagos|42/100\n|\n|-ability|p1b: Smeargle|Moody|boost\n|-boost|p1b: Smeargle|def|2\n|-unboost|p1b: Smeargle|spd|1\n|upkeep\n|turn|3\n|\n|t:|1774090561\n|move|p1b: Smeargle|Fake Out||[still]\n|-hint|Fake Out only works on your first turn out.\n|-fail|p1b: Smeargle\n|move|p2b: Grimmsnarl|Light Screen|p2b: Grimmsnarl\n|-sidestart|p2: xinshouok|move: Light Screen\n|move|p1a: Terapagos|Tera Starstorm|p2a: Groudon|[spread] p2a,p2b\n|-damage|p2a: Groudon|40/100\n|-damage|p2b: Grimmsnarl|0 fnt\n|faint|p2b: Grimmsnarl\n|move|p2a: Groudon|Precipice Blades|p1a: Terapagos|[spread] p1a,p1b\n|-damage|p1a: Terapagos|9/100\n|-damage|p1b: Smeargle|0 fnt\n|faint|p1b: Smeargle\n|\n|upkeep\n|\n|t:|1774090571\n|switch|p1b: Calyrex|Calyrex-Shadow, L50|100/100\n|switch|p2b: Miraidon|Miraidon, L50|100/100\n|-ability|p1b: Calyrex|As One\n|-ability|p1b: Calyrex|Unnerve\n|-fieldstart|move: Electric Terrain|[from] ability: Hadron Engine|[of] p2b: Miraidon\n|turn|4\n|\n|t:|1774090579\n|move|p2b: Miraidon|Snarl|p1a: Terapagos|[spread] p1b\n|-miss|p2b: Miraidon|p1a: Terapagos\n|-supereffective|p1b: Calyrex\n|-damage|p1b: Calyrex|16/100\n|-unboost|p1b: Calyrex|spa|1\n|move|p1b: Calyrex|Astral Barrage|p2b: Miraidon|[spread] p2a,p2b\n|-damage|p2a: Groudon|23/100\n|-damage|p2b: Miraidon|72/100\n|-damage|p1b: Calyrex|6/100|[from] item: Life Orb\n|move|p1a: Terapagos|Tera Starstorm|p2a: Groudon|[spread] p2a,p2b\n|-damage|p2a: Groudon|0 fnt\n|-damage|p2b: Miraidon|37/100\n|faint|p2a: Groudon\n|\n|upkeep\n|\n|t:|1774090584\n|switch|p2a: Ditto|Ditto, L50|100/100\n|-transform|p2a: Ditto|p1b: Calyrex|[from] ability: Imposter\n|-ability|p2a: Ditto|As One\n|-ability|p2a: Ditto|Unnerve\n|turn|5\n|\n|t:|1774090603\n|move|p1a: Terapagos|Protect|p1a: Terapagos\n|-singleturn|p1a: Terapagos|Protect\n|move|p2b: Miraidon|Snarl|p1b: Calyrex|[spread] p1b\n|-activate|p1a: Terapagos|move: Protect\n|-supereffective|p1b: Calyrex\n|-damage|p1b: Calyrex|0 fnt\n|faint|p1b: Calyrex\n|move|p2a: Ditto|Psychic|p1a: Terapagos\n|-activate|p1a: Terapagos|move: Protect\n|\n|upkeep\n|\n|t:|1774090608\n|switch|p1b: Iron Hands|Iron Hands, L50|100/100\n|-activate|p1b: Iron Hands|ability: Quark Drive\n|-start|p1b: Iron Hands|quarkdriveatk\n|turn|6\n|inactive|xinshouok has 30 seconds left.\n|\n|t:|1774090640\n|move|p2b: Miraidon|Snarl|p1b: Iron Hands|[spread] p1a,p1b\n|-resisted|p1b: Iron Hands\n|-damage|p1a: Terapagos|0 fnt\n|-damage|p1b: Iron Hands|94/100\n|-unboost|p1b: Iron Hands|spa|1\n|faint|p1a: Terapagos\n|detailschange|p1: Terapagos|Terapagos, L50, M|[silent]\n|move|p2a: Ditto|Psychic|p1b: Iron Hands\n|-supereffective|p1b: Iron Hands\n|-damage|p1b: Iron Hands|53/100\n|-unboost|p1b: Iron Hands|spd|1\n|move|p1b: Iron Hands|Wild Charge|p2a: Ditto\n|-damage|p2a: Ditto|0 fnt\n|faint|p2a: Ditto\n|-damage|p1b: Iron Hands|36/100|[from] Recoil\n|\n|upkeep\n|turn|7\n|\n|t:|1774090652\n|move|p2b: Miraidon|Snarl|p1b: Iron Hands|[miss]\n|-miss|p2b: Miraidon|p1b: Iron Hands\n|move|p1b: Iron Hands|Low Kick|p2b: Miraidon\n|-damage|p2b: Miraidon|0 fnt\n|faint|p2b: Miraidon\n|\n|win|Sh1k3\n|raw|Sh1k3's rating: 1292 &rarr; <strong>1327</strong><br />(+35 for winning)\n|raw|xinshouok's rating: 1432 &rarr; <strong>1404</strong><br />(-28 for losing)\n|l|\u2606xinshouok\n|player|p2|\n","uploadtime":1774090671,"views":15,"formatid":"gen9vgc2026regi","rating":1327,"private":0,"password":null}