{"id":"gen9vgc2026regi-2549011030","format":"[Gen 9] VGC 2026 Reg I","players":["drive stone","partigiano jonny"],"log":"|j|\u2606drive stone\n|j|\u2606partigiano jonny\n|t:|1772295641\n|gametype|doubles\n|player|p1|drive stone|cilan|1367\n|player|p2|partigiano jonny|volkner|1476\n|gen|9\n|tier|[Gen 9] VGC 2026 Reg I\n|rated|\n|rule|Species Clause: Limit one of each Pok\u00e9mon\n|rule|Item Clause: Limit 1 of each item\n|clearpoke\n|poke|p1|Calyrex-Shadow, L50|\n|poke|p1|Grimmsnarl, L50, M|\n|poke|p1|Ogerpon-Wellspring, L50, F|\n|poke|p1|Incineroar, L50, F|\n|poke|p1|Landorus, L50, M|\n|poke|p1|Solgaleo, L50|\n|poke|p2|Terapagos, L50, M|\n|poke|p2|Miraidon, L50|\n|poke|p2|Incineroar, L50, M|\n|poke|p2|Iron Treads, L50|\n|poke|p2|Sinistcha, L50|\n|poke|p2|Urshifu-*, L50, F|\n|teampreview|4\n|inactive|Battle timer is ON: inactive players will automatically lose when time's up. (requested by partigiano jonny)\n|\n|t:|1772295697\n|teamsize|p1|4\n|teamsize|p2|4\n|start\n|switch|p1a: Calyrex|Calyrex-Shadow, L50|100/100\n|switch|p1b: Solgaleo|Solgaleo, L50|100/100\n|switch|p2a: Terapagos|Terapagos, L50, M|100/100\n|switch|p2b: Miraidon|Miraidon, L50|100/100\n|-activate|p2a: Terapagos|ability: Tera Shift\n|detailschange|p2a: Terapagos|Terapagos-Terastal, L50, M\n|-heal|p2a: Terapagos|100/100|[silent]\n|-ability|p1a: Calyrex|As One\n|-ability|p1a: Calyrex|Unnerve\n|-fieldstart|move: Electric Terrain|[from] ability: Hadron Engine|[of] p2b: Miraidon\n|-enditem|p2a: Terapagos|Electric Seed\n|-boost|p2a: Terapagos|def|1|[from] item: Electric Seed\n|turn|1\n|inactive|drive stone has 30 seconds left.\n|inactive|partigiano jonny has 30 seconds left.\n|inactive|drive stone has 20 seconds left.\n|inactive|drive stone has 15 seconds left.\n|inactive|drive stone has 10 seconds left.\n|\n|t:|1772295742\n|move|p1a: Calyrex|Bulldoze|p2b: Miraidon|[spread] p1b,p2a,p2b\n|-supereffective|p1b: Solgaleo\n|-activate|p2a: Terapagos|ability: Tera Shell\n|-resisted|p2a: Terapagos\n|-supereffective|p2b: Miraidon\n|-damage|p1b: Solgaleo|86/100\n|-damage|p2a: Terapagos|98/100\n|-damage|p2b: Miraidon|86/100\n|-unboost|p2a: Terapagos|spe|1\n|-unboost|p2b: Miraidon|spe|1\n|-enditem|p1b: Solgaleo|Weakness Policy\n|-boost|p1b: Solgaleo|atk|2|[from] item: Weakness Policy\n|-boost|p1b: Solgaleo|spa|2|[from] item: Weakness Policy\n|move|p1b: Solgaleo|Psychic Fangs|p2b: Miraidon\n|-damage|p2b: Miraidon|0 fnt\n|faint|p2b: Miraidon\n|move|p2a: Terapagos|Calm Mind|p2a: Terapagos\n|-boost|p2a: Terapagos|spa|1\n|-boost|p2a: Terapagos|spd|1\n|\n|upkeep\n|\n|t:|1772295759\n|switch|p2b: Incineroar|Incineroar, L50, M|100/100\n|-ability|p2b: Incineroar|Intimidate|boost\n|-unboost|p1a: Calyrex|atk|1\n|-fail|p1b: Solgaleo|unboost|[from] ability: Full Metal Body|[of] p1b: Solgaleo\n|turn|2\n|\n|t:|1772295779\n|switch|p1a: Incineroar|Incineroar, L50, F|100/100\n|-ability|p1a: Incineroar|Intimidate|boost\n|-unboost|p2a: Terapagos|atk|1\n|-unboost|p2b: Incineroar|atk|1\n|move|p1b: Solgaleo|Protect|p1b: Solgaleo\n|-singleturn|p1b: Solgaleo|Protect\n|move|p2b: Incineroar|Fake Out|p1b: Solgaleo\n|-activate|p1b: Solgaleo|move: Protect\n|move|p2a: Terapagos|Calm Mind|p2a: Terapagos\n|-boost|p2a: Terapagos|spa|1\n|-boost|p2a: Terapagos|spd|1\n|\n|upkeep\n|turn|3\n|\n|t:|1772295797\n|switch|p2b: Sinistcha|Sinistcha, L50|100/100\n|-heal|p2a: Terapagos|100/100|[from] ability: Hospitality|[of] p2b: Sinistcha\n|-terastallize|p2a: Terapagos|Stellar\n|detailschange|p2a: Terapagos|Terapagos-Stellar, L50, M, tera:Stellar\n|-heal|p2a: Terapagos|100/100|[silent]\n|-ability|p2a: Terapagos|Teraform Zero\n|-fieldend|move: Electric Terrain\n|move|p1a: Incineroar|Fake Out|p2a: Terapagos\n|-damage|p2a: Terapagos|96/100\n|move|p1b: Solgaleo|Rock Slide|p2b: Sinistcha|[spread] p2a,p2b\n|-damage|p2a: Terapagos|81/100\n|-damage|p2b: Sinistcha|66/100\n|cant|p2a: Terapagos|flinch\n|\n|upkeep\n|turn|4\n|inactive|drive stone has 30 seconds left.\n|inactive|partigiano jonny has 30 seconds left.\n|\n|t:|1772295829\n|move|p2b: Sinistcha|Rage Powder|p2b: Sinistcha\n|-singleturn|p2b: Sinistcha|move: Rage Powder\n|move|p1b: Solgaleo|Sunsteel Strike|p2b: Sinistcha\n|-damage|p2b: Sinistcha|0 fnt\n|faint|p2b: Sinistcha\n|move|p1a: Incineroar|Knock Off|p2a: Terapagos\n|-damage|p2a: Terapagos|72/100\n|move|p2a: Terapagos|Earth Power|p1b: Solgaleo\n|-supereffective|p1b: Solgaleo\n|-damage|p1b: Solgaleo|0 fnt\n|faint|p1b: Solgaleo\n|\n|upkeep\n|inactive|drive stone has 30 seconds left.\n|\n|t:|1772295855\n|switch|p1b: Landorus|Landorus, L50, M|100/100\n|switch|p2b: Incineroar|Incineroar, L50, M|100/100\n|-ability|p2b: Incineroar|Intimidate|boost\n|-unboost|p1a: Incineroar|atk|1\n|-unboost|p1b: Landorus|atk|1\n|turn|5\n|\n|t:|1772295864\n|move|p1b: Landorus|Protect|p1b: Landorus\n|-singleturn|p1b: Landorus|Protect\n|move|p2b: Incineroar|Fake Out|p1a: Incineroar\n|-damage|p1a: Incineroar|92/100\n|cant|p1a: Incineroar|flinch\n|move|p2a: Terapagos|Tera Starstorm|p1a: Incineroar|[spread] p1a\n|-activate|p1b: Landorus|move: Protect\n|-damage|p1a: Incineroar|44/100\n|\n|upkeep\n|turn|6\n|\n|t:|1772295883\n|switch|p1a: Calyrex|Calyrex-Shadow, L50|100/100\n|-ability|p1a: Calyrex|As One\n|-ability|p1a: Calyrex|Unnerve\n|move|p1b: Landorus|Earth Power|p2b: Incineroar\n|-supereffective|p2b: Incineroar\n|-damage|p2b: Incineroar|0 fnt\n|faint|p2b: Incineroar\n|move|p2a: Terapagos|Tera Starstorm|p1b: Landorus|[spread] p1a,p1b\n|-damage|p1a: Calyrex|24/100\n|-damage|p1b: Landorus|13/100\n|\n|upkeep\n|turn|7\n|\n|t:|1772295906\n|switch|p1b: Incineroar|Incineroar, L50, F|44/100\n|-ability|p1b: Incineroar|Intimidate|boost\n|-unboost|p2a: Terapagos|atk|1\n|move|p1a: Calyrex|Pollen Puff|p1b: Incineroar\n|-heal|p1b: Incineroar|94/100\n|move|p2a: Terapagos|Tera Starstorm|p1a: Calyrex|[spread] p1a,p1b\n|-damage|p1a: Calyrex|0 fnt\n|-damage|p1b: Incineroar|49/100\n|faint|p1a: Calyrex\n|\n|upkeep\n|\n|t:|1772295919\n|switch|p1a: Landorus|Landorus, L50, M|13/100\n|turn|8\n|\n|t:|1772295924\n|move|p2a: Terapagos|Protect|p2a: Terapagos\n|-singleturn|p2a: Terapagos|Protect\n|move|p1b: Incineroar|Fake Out|p2a: Terapagos\n|-activate|p2a: Terapagos|move: Protect\n|move|p1a: Landorus|Earth Power|p2a: Terapagos\n|-activate|p2a: Terapagos|move: Protect\n|\n|upkeep\n|turn|9\n|\n|t:|1772295940\n|move|p1a: Landorus|Earth Power|p2a: Terapagos\n|-damage|p2a: Terapagos|49/100\n|move|p1b: Incineroar|Flare Blitz|p2a: Terapagos\n|-damage|p2a: Terapagos|31/100\n|-damage|p1b: Incineroar|41/100|[from] Recoil\n|move|p2a: Terapagos|Tera Starstorm|p1a: Landorus|[spread] p1a,p1b\n|-damage|p1a: Landorus|0 fnt\n|-damage|p1b: Incineroar|0 fnt\n|faint|p1a: Landorus\n|faint|p1b: Incineroar\n|\n|win|partigiano jonny\n|raw|drive stone's rating: 1367 &rarr; <strong>1353</strong><br />(-14 for losing)\n|raw|partigiano jonny's rating: 1476 &rarr; <strong>1490</strong><br />(+14 for winning)\n|l|\u2606partigiano jonny\n|player|p2|\n|l|\u2606drive stone\n|player|p1|\n","uploadtime":1772295940,"views":11,"formatid":"gen9vgc2026regi","rating":1353,"private":0,"password":null}