{"id":"gen9vgc2026regi-2546151016","format":"[Gen 9] VGC 2026 Reg I","players":["kojimuranishi","Shuriky"],"log":"|j|\u2606kojimuranishi\n|j|\u2606Shuriky\n|t:|1771936402\n|gametype|doubles\n|player|p1|kojimuranishi|266|1439\n|player|p2|Shuriky|skierf|1341\n|gen|9\n|tier|[Gen 9] VGC 2026 Reg I\n|rated|\n|rule|Species Clause: Limit one of each Pok\u00e9mon\n|rule|Item Clause: Limit 1 of each item\n|clearpoke\n|poke|p1|Raging Bolt, L50|\n|poke|p1|Calyrex-Ice, L50|\n|poke|p1|Kyogre, L50|\n|poke|p1|Indeedee-F, L50, F|\n|poke|p1|Ursaluna, L50, F|\n|poke|p1|Urshifu-*, L50, M|\n|poke|p2|Miraidon, L50|\n|poke|p2|Kyogre, L50|\n|poke|p2|Whimsicott, L50, M|\n|poke|p2|Clefairy, L50, M|\n|poke|p2|Iron Moth, L50|\n|poke|p2|Iron Treads, L50|\n|teampreview|4\n|inactive|Battle timer is ON: inactive players will automatically lose when time's up. (requested by kojimuranishi)\n|inactive|kojimuranishi has 60 seconds left.\n|\n|t:|1771936444\n|teamsize|p1|4\n|teamsize|p2|4\n|start\n|switch|p1a: Calyrex|Calyrex-Ice, L50|100/100\n|switch|p1b: Raging Bolt|Raging Bolt, L50|100/100\n|switch|p2a: Larry|Miraidon, L50|100/100\n|switch|p2b: Iron Treads|Iron Treads, L50|100/100\n|-ability|p1a: Calyrex|As One\n|-ability|p1a: Calyrex|Unnerve\n|-fieldstart|move: Electric Terrain|[from] ability: Hadron Engine|[of] p2a: Larry\n|-activate|p2b: Iron Treads|ability: Quark Drive\n|-start|p2b: Iron Treads|quarkdrivespe\n|-enditem|p1b: Raging Bolt|Booster Energy\n|-activate|p1b: Raging Bolt|ability: Protosynthesis|[fromitem]\n|-start|p1b: Raging Bolt|protosynthesisspa\n|turn|1\n|inactive|kojimuranishi has 30 seconds left.\n|inactive|kojimuranishi has 20 seconds left.\n|\n|t:|1771936482\n|-terastallize|p2a: Larry|Fairy\n|move|p1a: Calyrex|Protect|p1a: Calyrex\n|-singleturn|p1a: Calyrex|Protect\n|move|p2b: Iron Treads|Steel Roller|p1b: Raging Bolt\n|-resisted|p1b: Raging Bolt\n|-damage|p1b: Raging Bolt|64/100\n|-fieldend|move: Electric Terrain\n|-end|p2b: Iron Treads|Quark Drive\n|move|p2a: Larry|Dazzling Gleam|p1b: Raging Bolt|[spread] p1b\n|-activate|p1a: Calyrex|move: Protect\n|-supereffective|p1b: Raging Bolt\n|-damage|p1b: Raging Bolt|0 fnt\n|faint|p1b: Raging Bolt\n|-end|p1b: Raging Bolt|Protosynthesis|[silent]\n|-damage|p2a: Larry|90/100|[from] item: Life Orb\n|\n|upkeep\n|\n|t:|1771936498\n|switch|p1b: Indeedee|Indeedee-F, L50, F|100/100\n|-fieldstart|move: Psychic Terrain|[from] ability: Psychic Surge|[of] p1b: Indeedee\n|turn|2\n|\n|t:|1771936514\n|switch|p1a: Ursaluna|Ursaluna, L50, F|100/100\n|move|p2a: Larry|Volt Switch|p1a: Ursaluna\n|-immune|p1a: Ursaluna\n|move|p2b: Iron Treads|Steel Roller|p1a: Ursaluna\n|-damage|p1a: Ursaluna|31/100\n|-fieldend|move: Psychic Terrain\n|move|p1b: Indeedee|Trick Room|p1b: Indeedee\n|-fieldstart|move: Trick Room|[of] p1b: Indeedee\n|\n|-status|p1a: Ursaluna|brn|[from] item: Flame Orb\n|upkeep\n|turn|3\n|\n|t:|1771936536\n|-end|p2b: Iron Treads|Quark Drive|[silent]\n|switch|p2b: Imagine Trick Room|Clefairy, L50, M|100/100\n|move|p2a: Larry|Protect|p2a: Larry\n|-singleturn|p2a: Larry|Protect\n|move|p1a: Ursaluna|Headlong Rush|p2b: Imagine Trick Room\n|-crit|p2b: Imagine Trick Room\n|-damage|p2b: Imagine Trick Room|0 fnt\n|-unboost|p1a: Ursaluna|def|1\n|-unboost|p1a: Ursaluna|spd|1\n|faint|p2b: Imagine Trick Room\n|move|p1b: Indeedee|Heal Pulse|p1a: Ursaluna\n|-heal|p1a: Ursaluna|81/100 brn\n|\n|-damage|p1a: Ursaluna|75/100 brn|[from] brn\n|upkeep\n|\n|t:|1771936547\n|switch|p2b: Fih|Kyogre, L50, shiny|100/100\n|-weather|RainDance|[from] ability: Drizzle|[of] p2b: Fih\n|turn|4\n|\n|t:|1771936559\n|move|p1b: Indeedee|Follow Me|p1b: Indeedee\n|-singleturn|p1b: Indeedee|move: Follow Me\n|move|p1a: Ursaluna|Facade|p2b: Fih\n|-crit|p2b: Fih\n|-damage|p2b: Fih|0 fnt\n|faint|p2b: Fih\n|move|p2a: Larry|Dazzling Gleam|p1a: Ursaluna|[spread] p1a,p1b\n|-damage|p1a: Ursaluna|17/100 brn\n|-damage|p1b: Indeedee|58/100\n|-damage|p2a: Larry|80/100|[from] item: Life Orb\n|\n|-weather|RainDance|[upkeep]\n|-damage|p1a: Ursaluna|11/100 brn|[from] brn\n|upkeep\n|\n|t:|1771936568\n|switch|p2b: Iron Treads|Iron Treads, L50|100/100\n|turn|5\n|\n|t:|1771936592\n|move|p1a: Ursaluna|Headlong Rush|p2b: Iron Treads\n|-supereffective|p2b: Iron Treads\n|-damage|p2b: Iron Treads|0 fnt\n|-unboost|p1a: Ursaluna|def|1\n|-unboost|p1a: Ursaluna|spd|1\n|faint|p2b: Iron Treads\n|-end|p2b: Iron Treads|Quark Drive|[silent]\n|move|p1b: Indeedee|Heal Pulse|p1a: Ursaluna\n|-heal|p1a: Ursaluna|61/100 brn\n|move|p2a: Larry|Dazzling Gleam|p1b: Indeedee|[spread] p1a,p1b\n|-damage|p1a: Ursaluna|0 fnt\n|-damage|p1b: Indeedee|16/100\n|faint|p1a: Ursaluna\n|-damage|p2a: Larry|70/100|[from] item: Life Orb\n|\n|-weather|RainDance|[upkeep]\n|upkeep\n|\n|t:|1771936608\n|switch|p1a: Calyrex|Calyrex-Ice, L50|100/100\n|-ability|p1a: Calyrex|As One\n|-ability|p1a: Calyrex|Unnerve\n|turn|6\n|\n|t:|1771936614\n|move|p2a: Larry|Protect|p2a: Larry\n|-singleturn|p2a: Larry|Protect\n|move|p1a: Calyrex|Trick Room|p1a: Calyrex\n|-fieldend|move: Trick Room\n|move|p1b: Indeedee|Trick Room|p1b: Indeedee\n|-fieldstart|move: Trick Room|[of] p1b: Indeedee\n|\n|-weather|RainDance|[upkeep]\n|upkeep\n|turn|7\n|-message|Shuriky forfeited.\n|\n|win|kojimuranishi\n|raw|kojimuranishi's rating: 1439 &rarr; <strong>1454</strong><br />(+15 for winning)\n|raw|Shuriky's rating: 1341 &rarr; <strong>1326</strong><br />(-15 for losing)\n|l|\u2606Shuriky\n|player|p2|\n|l|\u2606kojimuranishi\n|player|p1|\n","uploadtime":1771936785,"views":15,"formatid":"gen9vgc2026regi","rating":1326,"private":0,"password":null}