{"id":"gen9vgc2026regi-2580773163","format":"[Gen 9] VGC 2026 Reg I","players":["IbukiDoujin","N Jordan"],"log":"|j|\u2606IbukiDoujin\n|j|\u2606N Jordan\n|t:|1775931308\n|gametype|doubles\n|player|p1|IbukiDoujin|caitlin|1402\n|player|p2|N Jordan|n|1571\n|gen|9\n|tier|[Gen 9] VGC 2026 Reg I\n|rated|\n|rule|Species Clause: Limit one of each Pok\u00e9mon\n|rule|Item Clause: Limit 1 of each item\n|clearpoke\n|poke|p1|Miraidon, L50|\n|poke|p1|Amoonguss, L50, F|\n|poke|p1|Incineroar, L50, F|\n|poke|p1|Terapagos, L50, M|\n|poke|p1|Flutter Mane, L50|\n|poke|p1|Iron Hands, L50|\n|poke|p2|Zacian-*, L50|\n|poke|p2|Kyogre, L50|\n|poke|p2|Grimmsnarl, L50, M|\n|poke|p2|Ursaluna-Bloodmoon, L50, M|\n|poke|p2|Iron Hands, L50|\n|poke|p2|Urshifu-*, L50, M|\n|teampreview|4\n|\n|t:|1775931353\n|teamsize|p1|4\n|teamsize|p2|4\n|start\n|switch|p1a: Miraidon|Miraidon, L50, shiny|100/100\n|switch|p1b: Gaslight|Iron Hands, L50|100/100\n|switch|p2a: Grimmsnarl|Grimmsnarl, L50, M|100/100\n|switch|p2b: Ursaluna|Ursaluna-Bloodmoon, L50, M|100/100\n|-fieldstart|move: Electric Terrain|[from] ability: Hadron Engine|[of] p1a: Miraidon\n|-activate|p1b: Gaslight|ability: Quark Drive\n|-start|p1b: Gaslight|quarkdriveatk\n|turn|1\n|\n|t:|1775931364\n|move|p1a: Miraidon|Protect|p1a: Miraidon\n|-singleturn|p1a: Miraidon|Protect\n|move|p2b: Ursaluna|Protect|p2b: Ursaluna\n|-singleturn|p2b: Ursaluna|Protect\n|move|p2a: Grimmsnarl|Light Screen|p2a: Grimmsnarl\n|-sidestart|p2: N Jordan|move: Light Screen\n|move|p1b: Gaslight|Low Kick|p2b: Ursaluna\n|-activate|p2b: Ursaluna|move: Protect\n|\n|upkeep\n|turn|2\n|\n|t:|1775931377\n|-terastallize|p2b: Ursaluna|Ghost\n|move|p2a: Grimmsnarl|Reflect|p2a: Grimmsnarl\n|-sidestart|p2: N Jordan|Reflect\n|move|p1a: Miraidon|Volt Switch|p2a: Grimmsnarl\n|-damage|p2a: Grimmsnarl|37/100\n|-damage|p1a: Miraidon|91/100|[from] item: Life Orb\n|\n|t:|1775931384\n|switch|p1a: Gatekeep|Amoonguss, L50, F, shiny|100/100|[from] Volt Switch\n|move|p1b: Gaslight|Low Kick|p2b: Ursaluna\n|-immune|p2b: Ursaluna\n|move|p2b: Ursaluna|Hyper Voice|p1a: Gatekeep|[spread] p1a,p1b\n|-damage|p1a: Gatekeep|65/100\n|-damage|p1b: Gaslight|81/100\n|-enditem|p2b: Ursaluna|Throat Spray\n|-boost|p2b: Ursaluna|spa|1|[from] item: Throat Spray\n|\n|upkeep\n|turn|3\n|\n|t:|1775931396\n|move|p2a: Grimmsnarl|Spirit Break|p1b: Gaslight\n|-supereffective|p1b: Gaslight\n|-crit|p1b: Gaslight\n|-damage|p1b: Gaslight|1/100\n|-unboost|p1b: Gaslight|spa|1\n|move|p1b: Gaslight|Supercell Slam|p2b: Ursaluna\n|-crit|p2b: Ursaluna\n|-damage|p2b: Ursaluna|0 fnt\n|faint|p2b: Ursaluna\n|move|p1a: Gatekeep|Pollen Puff|p1b: Gaslight\n|-heal|p1b: Gaslight|51/100\n|\n|upkeep\n|\n|t:|1775931410\n|switch|p2b: Zacian|Zacian-Crowned, L50|100/100\n|-ability|p2b: Zacian|Intrepid Sword|boost\n|-boost|p2b: Zacian|atk|1\n|turn|4\n|c|\u2606IbukiDoujin|a crit for a crit haha\n|\n|t:|1775931419\n|move|p1a: Gatekeep|Rage Powder|p1a: Gatekeep\n|-singleturn|p1a: Gatekeep|move: Rage Powder\n|move|p2b: Zacian|Behemoth Blade|p1a: Gatekeep\n|-damage|p1a: Gatekeep|0 fnt\n|-damage|p2b: Zacian|84/100|[from] item: Rocky Helmet|[of] p1a: Gatekeep\n|faint|p1a: Gatekeep\n|move|p2a: Grimmsnarl|Spirit Break|p1b: Gaslight\n|-supereffective|p1b: Gaslight\n|-damage|p1b: Gaslight|0 fnt\n|faint|p1b: Gaslight\n|-end|p1b: Gaslight|Quark Drive|[silent]\n|\n|upkeep\n|c|\u2606N Jordan|balenced\n|c|\u2606N Jordan|i like it\n|\n|t:|1775931429\n|switch|p1b: Miraidon|Miraidon, L50, shiny|91/100\n|switch|p1a: Beaned|Terapagos, L50, M|100/100\n|-activate|p1a: Beaned|ability: Tera Shift\n|detailschange|p1a: Beaned|Terapagos-Terastal, L50, M\n|-heal|p1a: Beaned|100/100|[silent]\n|-activate|p1b: Miraidon|ability: Hadron Engine\n|turn|5\n|\n|t:|1775931445\n|move|p1b: Miraidon|Protect|p1b: Miraidon\n|-singleturn|p1b: Miraidon|Protect\n|move|p2b: Zacian|Play Rough|p1b: Miraidon\n|-activate|p1b: Miraidon|move: Protect\n|move|p1a: Beaned|Calm Mind|p1a: Beaned\n|-boost|p1a: Beaned|spa|1\n|-boost|p1a: Beaned|spd|1\n|move|p2a: Grimmsnarl|Spirit Break|p1a: Beaned\n|-activate|p1a: Beaned|ability: Tera Shell\n|-resisted|p1a: Beaned\n|-damage|p1a: Beaned|84/100\n|-unboost|p1a: Beaned|spa|1\n|\n|-heal|p1a: Beaned|90/100|[from] item: Leftovers\n|-fieldend|move: Electric Terrain\n|upkeep\n|turn|6\n|c|\u2606IbukiDoujin|gg's\n|\n|t:|1775931467\n|-terastallize|p1a: Beaned|Stellar\n|detailschange|p1a: Beaned|Terapagos-Stellar, L50, M, tera:Stellar\n|-heal|p1a: Beaned|92/100|[silent]\n|move|p1b: Miraidon|Electro Drift|p2b: Zacian\n|-crit|p2b: Zacian\n|-damage|p2b: Zacian|0 fnt\n|faint|p2b: Zacian\n|-damage|p1b: Miraidon|81/100|[from] item: Life Orb\n|move|p1a: Beaned|Tera Starstorm|p2a: Grimmsnarl\n|-damage|p2a: Grimmsnarl|0 fnt\n|faint|p2a: Grimmsnarl\n|\n|-heal|p1a: Beaned|98/100|[from] item: Leftovers\n|upkeep\n|c|\u2606IbukiDoujin|why did i outspeed your dog?\n|c|\u2606N Jordan|crit saved u\n|c|\u2606N Jordan|gg\n|c|\u2606IbukiDoujin|yeah\n|c|\u2606N Jordan|hes 170 speed\n|\n|t:|1775931494\n|switch|p2b: Iron Hands|Iron Hands, L50|100/100\n|turn|7\n|c|\u2606IbukiDoujin|but i also assumed you were faster\n|c|\u2606IbukiDoujin|dng\n|\n|t:|1775931499\n|move|p1b: Miraidon|Dazzling Gleam|p2b: Iron Hands\n|-supereffective|p2b: Iron Hands\n|-damage|p2b: Iron Hands|53/100\n|-damage|p1b: Miraidon|71/100|[from] item: Life Orb\n|move|p1a: Beaned|Tera Starstorm|p2b: Iron Hands\n|-damage|p2b: Iron Hands|22/100\n|move|p2b: Iron Hands|Drain Punch|p1a: Beaned\n|-supereffective|p1a: Beaned\n|-damage|p1a: Beaned|40/100\n|-heal|p2b: Iron Hands|51/100|[from] drain|[of] p1a: Beaned\n|\n|-heal|p1a: Beaned|46/100|[from] item: Leftovers\n|upkeep\n|turn|8\n|c|\u2606N Jordan|ggwp\n|\n|t:|1775931514\n|move|p1a: Beaned|Protect|p1a: Beaned\n|-singleturn|p1a: Beaned|Protect\n|move|p1b: Miraidon|Dazzling Gleam|p2b: Iron Hands\n|-supereffective|p2b: Iron Hands\n|-damage|p2b: Iron Hands|9/100\n|-damage|p1b: Miraidon|62/100|[from] item: Life Orb\n|move|p2b: Iron Hands|Drain Punch|p1a: Beaned\n|-activate|p1a: Beaned|move: Protect\n|\n|-heal|p1a: Beaned|52/100|[from] item: Leftovers\n|-sideend|p2: N Jordan|move: Light Screen\n|upkeep\n|turn|9\n|c|\u2606IbukiDoujin|thx u2\n|\n|t:|1775931524\n|move|p1b: Miraidon|Dazzling Gleam|p2b: Iron Hands\n|-supereffective|p2b: Iron Hands\n|-damage|p2b: Iron Hands|0 fnt\n|faint|p2b: Iron Hands\n|-end|p2b: Iron Hands|Quark Drive|[silent]\n|-damage|p1b: Miraidon|52/100|[from] item: Life Orb\n|\n|win|IbukiDoujin\n|raw|IbukiDoujin's rating: 1402 &rarr; <strong>1431</strong><br />(+29 for winning)\n|raw|N Jordan's rating: 1571 &rarr; <strong>1542</strong><br />(-29 for losing)\n|l|\u2606N Jordan\n|player|p2|\n|l|\u2606IbukiDoujin\n|player|p1|\n","uploadtime":1775931676,"views":11,"formatid":"gen9vgc2026regi","rating":1431,"private":0,"password":null}