{"id":"gen9vgc2026regi-2566022197","format":"[Gen 9] VGC 2026 Reg I","players":["Voth","greenlightdmp"],"log":"|j|\u2606Voth\n|j|\u2606greenlightdmp\n|t:|1774332282\n|gametype|doubles\n|player|p1|Voth|dawn|1353\n|player|p2|greenlightdmp|1|1459\n|gen|9\n|tier|[Gen 9] VGC 2026 Reg I\n|rated|\n|rule|Species Clause: Limit one of each Pok\u00e9mon\n|rule|Item Clause: Limit 1 of each item\n|clearpoke\n|poke|p1|Urshifu-*, L50, M|\n|poke|p1|Calyrex-Ice, L50|\n|poke|p1|Tornadus, L50, M|\n|poke|p1|Landorus, L50, M|\n|poke|p1|Rillaboom, L50, F|\n|poke|p1|Kyogre, L50|\n|poke|p2|Koraidon, L50|\n|poke|p2|Lunala, L50|\n|poke|p2|Brute Bonnet, L50|\n|poke|p2|Ursaluna, L50, F|\n|poke|p2|Chi-Yu, L50|\n|poke|p2|Flutter Mane, L50|\n|teampreview|4\n|inactive|Battle timer is ON: inactive players will automatically lose when time's up. (requested by Voth)\n|inactive|greenlightdmp has 60 seconds left.\n|\n|t:|1774332367\n|teamsize|p1|4\n|teamsize|p2|4\n|start\n|switch|p1a: Mustang|Calyrex-Ice, L50|100/100\n|switch|p1b: Sevro|Urshifu-Rapid-Strike, L50, M|100/100\n|switch|p2a: Lunala|Lunala, L50|100/100\n|switch|p2b: Brute Bonnet|Brute Bonnet, L50|100/100\n|-ability|p1a: Mustang|As One\n|-ability|p1a: Mustang|Unnerve\n|turn|1\n|inactive|Voth has 30 seconds left.\n|inactive|greenlightdmp has 30 seconds left.\n|\n|t:|1774332395\n|move|p1a: Mustang|Protect|p1a: Mustang\n|-singleturn|p1a: Mustang|Protect\n|move|p1b: Sevro|U-turn|p2b: Brute Bonnet\n|-supereffective|p2b: Brute Bonnet\n|-damage|p2b: Brute Bonnet|0 fnt\n|faint|p2b: Brute Bonnet\n|-end|p2b: Brute Bonnet|Protosynthesis|[silent]\n|\n|t:|1774332401\n|switch|p1b: Darrow|Rillaboom, L50, F|100/100|[from] U-turn\n|-fieldstart|move: Grassy Terrain|[from] ability: Grassy Surge|[of] p1b: Darrow\n|move|p2a: Lunala|Moongeist Beam|p1b: Darrow\n|-damage|p1b: Darrow|68/100\n|\n|-heal|p1b: Darrow|74/100|[from] Grassy Terrain\n|upkeep\n|\n|t:|1774332417\n|switch|p2b: Flutter Mane|Flutter Mane, L50|100/100\n|turn|2\n|inactive|greenlightdmp has 30 seconds left.\n|inactive|greenlightdmp has 20 seconds left.\n|inactive|greenlightdmp has 15 seconds left.\n|inactive|greenlightdmp has 10 seconds left.\n|inactive|greenlightdmp has 5 seconds left.\n|\n|t:|1774332468\n|-terastallize|p2b: Flutter Mane|Stellar\n|-terastallize|p1a: Mustang|Water\n|move|p2b: Flutter Mane|Moonblast|p1a: Mustang\n|-damage|p1a: Mustang|60/100\n|move|p2a: Lunala|Meteor Beam||[still]\n|-prepare|p2a: Lunala|Meteor Beam\n|-boost|p2a: Lunala|spa|1\n|-enditem|p2a: Lunala|Power Herb\n|-anim|p2a: Lunala|Meteor Beam|p1a: Mustang\n|-damage|p1a: Mustang|24/100\n|move|p1b: Darrow|Wood Hammer|p2a: Lunala\n|-damage|p2a: Lunala|71/100\n|-damage|p1b: Darrow|63/100|[from] Recoil\n|move|p1a: Mustang|Trick Room|p1a: Mustang\n|-fieldstart|move: Trick Room|[of] p1a: Mustang\n|\n|-heal|p1a: Mustang|30/100|[from] Grassy Terrain\n|-heal|p1a: Mustang|36/100|[from] item: Leftovers\n|-heal|p1b: Darrow|69/100|[from] Grassy Terrain\n|-heal|p2a: Lunala|77/100|[from] Grassy Terrain\n|upkeep\n|turn|3\n|\n|t:|1774332491\n|move|p1a: Mustang|Protect|p1a: Mustang\n|-singleturn|p1a: Mustang|Protect\n|move|p2b: Flutter Mane|Protect|p2b: Flutter Mane\n|-singleturn|p2b: Flutter Mane|Protect\n|move|p1b: Darrow|Wood Hammer|p2b: Flutter Mane\n|-activate|p2b: Flutter Mane|move: Protect\n|move|p2a: Lunala|Trick Room|p2a: Lunala\n|-fieldend|move: Trick Room\n|\n|-heal|p2a: Lunala|82/100|[from] Grassy Terrain\n|-heal|p1b: Darrow|74/100|[from] Grassy Terrain\n|-heal|p1a: Mustang|42/100|[from] Grassy Terrain\n|-heal|p1a: Mustang|47/100|[from] item: Leftovers\n|upkeep\n|turn|4\n|inactive|Voth has 30 seconds left.\n|inactive|greenlightdmp has 30 seconds left.\n|\n|t:|1774332519\n|switch|p1a: Victra|Kyogre, L50|100/100\n|-weather|RainDance|[from] ability: Drizzle|[of] p1a: Victra\n|move|p2b: Flutter Mane|Moonblast|p1a: Victra\n|-damage|p1a: Victra|67/100\n|-unboost|p1a: Victra|spa|1\n|move|p2a: Lunala|Moongeist Beam|p1a: Victra\n|-damage|p1a: Victra|15/100\n|move|p1b: Darrow|Wood Hammer|p2b: Flutter Mane\n|-enditem|p2b: Flutter Mane|Focus Sash\n|-damage|p2b: Flutter Mane|1/100\n|-damage|p1b: Darrow|54/100|[from] Recoil\n|\n|-weather|RainDance|[upkeep]\n|-heal|p2b: Flutter Mane|7/100|[from] Grassy Terrain\n|-heal|p2a: Lunala|88/100|[from] Grassy Terrain\n|-heal|p1a: Victra|20/100|[from] Grassy Terrain\n|-heal|p1b: Darrow|59/100|[from] Grassy Terrain\n|upkeep\n|turn|5\n|inactive|greenlightdmp has 30 seconds left.\n|inactive|Voth has 30 seconds left.\n|\n|t:|1774332557\n|switch|p1a: Sevro|Urshifu-Rapid-Strike, L50, M|100/100\n|move|p2b: Flutter Mane|Protect|p2b: Flutter Mane\n|-singleturn|p2b: Flutter Mane|Protect\n|move|p1b: Darrow|Grassy Glide|p2b: Flutter Mane\n|-activate|p2b: Flutter Mane|move: Protect\n|move|p2a: Lunala|Moongeist Beam|p1a: Sevro\n|-damage|p1a: Sevro|0 fnt\n|faint|p1a: Sevro\n|\n|-weather|RainDance|[upkeep]\n|-heal|p2b: Flutter Mane|14/100|[from] Grassy Terrain\n|-heal|p2a: Lunala|94/100|[from] Grassy Terrain\n|-heal|p1b: Darrow|65/100|[from] Grassy Terrain\n|-fieldend|move: Grassy Terrain\n|upkeep\n|\n|t:|1774332566\n|switch|p1a: Victra|Kyogre, L50|20/100\n|turn|6\n|\n|t:|1774332587\n|move|p1a: Victra|Protect|p1a: Victra\n|-singleturn|p1a: Victra|Protect\n|move|p2b: Flutter Mane|Moonblast|p1a: Victra\n|-activate|p1a: Victra|move: Protect\n|move|p2a: Lunala|Moongeist Beam|p1a: Victra\n|-activate|p1a: Victra|move: Protect\n|move|p1b: Darrow|Wood Hammer|p2a: Lunala\n|-damage|p2a: Lunala|45/100\n|-damage|p1b: Darrow|46/100|[from] Recoil\n|\n|-weather|RainDance|[upkeep]\n|upkeep\n|turn|7\n|inactive|greenlightdmp has 30 seconds left.\n|\n|t:|1774332612\n|move|p2b: Flutter Mane|Shadow Ball|p1a: Victra\n|-damage|p1a: Victra|0 fnt\n|faint|p1a: Victra\n|move|p2a: Lunala|Moongeist Beam|p1b: Darrow\n|-damage|p1b: Darrow|0 fnt\n|faint|p1b: Darrow\n|\n|-weather|RainDance|[upkeep]\n|upkeep\n|\n|t:|1774332620\n|switch|p1b: Mustang|Calyrex-Ice, L50, tera:Water|47/100\n|-ability|p1b: Mustang|As One\n|-ability|p1b: Mustang|Unnerve\n|turn|8\n|\n|t:|1774332628\n|move|p1b: Mustang|Protect|p1b: Mustang\n|-singleturn|p1b: Mustang|Protect\n|move|p2b: Flutter Mane|Moonblast|p1b: Mustang\n|-activate|p1b: Mustang|move: Protect\n|move|p2a: Lunala|Moongeist Beam|p1b: Mustang\n|-activate|p1b: Mustang|move: Protect\n|\n|-weather|none\n|-heal|p1b: Mustang|53/100|[from] item: Leftovers\n|upkeep\n|turn|9\n|\n|t:|1774332640\n|move|p2b: Flutter Mane|Moonblast|p1b: Mustang\n|-damage|p1b: Mustang|21/100\n|-unboost|p1b: Mustang|spa|1\n|move|p2a: Lunala|Moongeist Beam|p1b: Mustang\n|-damage|p1b: Mustang|0 fnt\n|faint|p1b: Mustang\n|\n|win|greenlightdmp\n|raw|Voth's rating: 1353 &rarr; <strong>1339</strong><br />(-14 for losing)\n|raw|greenlightdmp's rating: 1459 &rarr; <strong>1473</strong><br />(+14 for winning)\n|l|\u2606Voth\n|player|p1|\n","uploadtime":1774332653,"views":15,"formatid":"gen9vgc2026regi","rating":1339,"private":0,"password":null}