{"id":"gen9vgc2026regi-2589674781","format":"[Gen 9] VGC 2026 Reg I","players":["Ripo365","clessvgc"],"log":"|j|\u2606Ripo365\n|j|\u2606clessvgc\n|t:|1776745789\n|gametype|doubles\n|player|p1|Ripo365|170|1339\n|player|p2|clessvgc|proton|1468\n|gen|9\n|tier|[Gen 9] VGC 2026 Reg I\n|rated|\n|rule|Species Clause: Limit one of each Pok\u00e9mon\n|rule|Item Clause: Limit 1 of each item\n|clearpoke\n|poke|p1|Miraidon, L50|\n|poke|p1|Calyrex-Ice, L50|\n|poke|p1|Ogerpon-Wellspring, L50, F|\n|poke|p1|Iron Hands, L50|\n|poke|p1|Incineroar, L50, F|\n|poke|p1|Farigiraf, L50, F|\n|poke|p2|Landorus-Therian, L50, M|\n|poke|p2|Calyrex-Shadow, L50|\n|poke|p2|Iron Moth, L50|\n|poke|p2|Tornadus, L50, M|\n|poke|p2|Tinkaton, L50, F|\n|poke|p2|Kyogre, L50|\n|teampreview|4\n|inactive|Battle timer is ON: inactive players will automatically lose when time's up. (requested by clessvgc)\n|\n|t:|1776745816\n|teamsize|p1|4\n|teamsize|p2|4\n|start\n|switch|p1a: Ogerpon|Ogerpon-Wellspring, L50, F|100/100\n|switch|p1b: Miraidon|Miraidon, L50|100/100\n|switch|p2a: Tinkaton|Tinkaton, L50, F|100/100\n|switch|p2b: Iron Moth|Iron Moth, L50|100/100\n|-fieldstart|move: Electric Terrain|[from] ability: Hadron Engine|[of] p1b: Miraidon\n|-activate|p2b: Iron Moth|ability: Quark Drive\n|-start|p2b: Iron Moth|quarkdrivespa\n|-ability|p2a: Tinkaton|Mold Breaker\n|turn|1\n|inactive|Ripo365 has 30 seconds left.\n|inactive|Ripo365 has 20 seconds left.\n|\n|t:|1776745856\n|-terastallize|p2b: Iron Moth|Grass\n|move|p1a: Ogerpon|Spiky Shield|p1a: Ogerpon\n|-singleturn|p1a: Ogerpon|move: Protect\n|move|p2a: Tinkaton|Fake Out|p1b: Miraidon\n|-damage|p1b: Miraidon|93/100\n|cant|p1b: Miraidon|flinch\n|move|p2b: Iron Moth|Sludge Wave|p1b: Miraidon|[spread] p1b\n|-activate|p1a: Ogerpon|move: Protect\n|-immune|p2a: Tinkaton\n|-damage|p1b: Miraidon|35/100\n|-damage|p2b: Iron Moth|91/100|[from] item: Life Orb\n|\n|upkeep\n|turn|2\n|\n|t:|1776745877\n|move|p2b: Iron Moth|Protect|p2b: Iron Moth\n|-singleturn|p2b: Iron Moth|Protect\n|move|p1a: Ogerpon|Follow Me|p1a: Ogerpon\n|-singleturn|p1a: Ogerpon|move: Follow Me\n|move|p1b: Miraidon|Draco Meteor|p2b: Iron Moth\n|-activate|p2b: Iron Moth|move: Protect\n|move|p2a: Tinkaton|Play Rough|p1a: Ogerpon\n|-damage|p1a: Ogerpon|71/100\n|\n|upkeep\n|turn|3\n|\n|t:|1776745894\n|-end|p2b: Iron Moth|Quark Drive|[silent]\n|switch|p2b: Calyrex|Calyrex-Shadow, L50|100/100\n|-ability|p2b: Calyrex|As One\n|-ability|p2b: Calyrex|Unnerve\n|move|p1a: Ogerpon|Follow Me|p1a: Ogerpon\n|-singleturn|p1a: Ogerpon|move: Follow Me\n|move|p1b: Miraidon|Draco Meteor|p2b: Calyrex\n|-enditem|p2b: Calyrex|Focus Sash\n|-damage|p2b: Calyrex|1/100\n|-unboost|p1b: Miraidon|spa|2\n|move|p2a: Tinkaton|Play Rough|p1a: Ogerpon\n|-damage|p1a: Ogerpon|43/100\n|\n|upkeep\n|turn|4\n|inactive|Ripo365 has 30 seconds left.\n|\n|t:|1776745920\n|switch|p1b: Iron Hands|Iron Hands, L50|100/100\n|-activate|p1b: Iron Hands|ability: Quark Drive\n|-start|p1b: Iron Hands|quarkdriveatk\n|move|p2a: Tinkaton|Feint|p1a: Ogerpon\n|-damage|p1a: Ogerpon|37/100\n|move|p2b: Calyrex|Astral Barrage|p1a: Ogerpon|[spread] p1a,p1b\n|-damage|p1a: Ogerpon|0 fnt\n|-damage|p1b: Iron Hands|72/100\n|faint|p1a: Ogerpon\n|-ability|p2b: Calyrex|Grim Neigh|boost\n|-boost|p2b: Calyrex|spa|1\n|\n|upkeep\n|\n|t:|1776745934\n|switch|p1a: Calyrex|Calyrex-Ice, L50|100/100\n|-ability|p1a: Calyrex|As One\n|-ability|p1a: Calyrex|Unnerve\n|turn|5\n|\n|t:|1776745953\n|switch|p2a: Kyogre|Kyogre, L50|100/100\n|-weather|RainDance|[from] ability: Drizzle|[of] p2a: Kyogre\n|-terastallize|p1a: Calyrex|Fire\n|move|p2b: Calyrex|Encore||[still]\n|-fail|p2b: Calyrex\n|move|p1b: Iron Hands|Heavy Slam|p2b: Calyrex\n|-damage|p2b: Calyrex|0 fnt\n|faint|p2b: Calyrex\n|move|p1a: Calyrex|Trick Room|p1a: Calyrex\n|-fieldstart|move: Trick Room|[of] p1a: Calyrex\n|\n|-weather|RainDance|[upkeep]\n|-fieldend|move: Electric Terrain\n|-end|p1b: Iron Hands|Quark Drive\n|upkeep\n|\n|t:|1776745960\n|switch|p2b: Tinkaton|Tinkaton, L50, F|100/100\n|-ability|p2b: Tinkaton|Mold Breaker\n|turn|6\n|\n|t:|1776745985\n|move|p1a: Calyrex|Protect|p1a: Calyrex\n|-singleturn|p1a: Calyrex|Protect\n|move|p2b: Tinkaton|Fake Out|p1b: Iron Hands\n|-damage|p1b: Iron Hands|68/100\n|cant|p1b: Iron Hands|flinch\n|move|p2a: Kyogre|Water Spout|p1b: Iron Hands|[spread] p1b\n|-activate|p1a: Calyrex|move: Protect\n|-damage|p1b: Iron Hands|0 fnt\n|faint|p1b: Iron Hands\n|-end|p1b: Iron Hands|Quark Drive|[silent]\n|\n|-weather|RainDance|[upkeep]\n|upkeep\n|\n|t:|1776745998\n|switch|p1b: Miraidon|Miraidon, L50|35/100\n|-fieldstart|move: Electric Terrain|[from] ability: Hadron Engine|[of] p1b: Miraidon\n|turn|7\n|\n|t:|1776746014\n|switch|p2b: Iron Moth|Iron Moth, L50, tera:Grass|91/100\n|-activate|p2b: Iron Moth|ability: Quark Drive\n|-start|p2b: Iron Moth|quarkdrivespa\n|move|p2a: Kyogre|Protect|p2a: Kyogre\n|-singleturn|p2a: Kyogre|Protect\n|move|p1a: Calyrex|High Horsepower|p2a: Kyogre\n|-activate|p2a: Kyogre|move: Protect\n|move|p1b: Miraidon|Electro Drift|p2a: Kyogre\n|-activate|p2a: Kyogre|move: Protect\n|\n|-weather|RainDance|[upkeep]\n|upkeep\n|turn|8\n|\n|t:|1776746033\n|switch|p2a: Tinkaton|Tinkaton, L50, F|100/100\n|-ability|p2a: Tinkaton|Mold Breaker\n|move|p2b: Iron Moth|Protect|p2b: Iron Moth\n|-singleturn|p2b: Iron Moth|Protect\n|move|p1a: Calyrex|Glacial Lance|p2a: Tinkaton|[spread] p2a\n|-activate|p2b: Iron Moth|move: Protect\n|-resisted|p2a: Tinkaton\n|-damage|p2a: Tinkaton|67/100\n|move|p1b: Miraidon|Electro Drift|p2a: Tinkaton\n|-damage|p2a: Tinkaton|3/100\n|\n|-weather|RainDance|[upkeep]\n|upkeep\n|turn|9\n|\n|t:|1776746054\n|move|p2a: Tinkaton|Fake Out|p1a: Calyrex\n|-damage|p1a: Calyrex|97/100\n|cant|p1a: Calyrex|flinch\n|move|p2b: Iron Moth|Sludge Wave|p1a: Calyrex|[spread] p1a,p1b\n|-immune|p2a: Tinkaton\n|-damage|p1a: Calyrex|53/100\n|-damage|p1b: Miraidon|0 fnt\n|faint|p1b: Miraidon\n|-damage|p2b: Iron Moth|82/100|[from] item: Life Orb\n|\n|-weather|none\n|-fieldend|move: Trick Room\n|upkeep\n|turn|10\n|\n|t:|1776746068\n|move|p2b: Iron Moth|Sludge Wave|p1a: Calyrex|[spread] p1a\n|-immune|p2a: Tinkaton\n|-damage|p1a: Calyrex|11/100\n|-damage|p2b: Iron Moth|72/100|[from] item: Life Orb\n|move|p2a: Tinkaton|Gigaton Hammer|p1a: Calyrex\n|-resisted|p1a: Calyrex\n|-damage|p1a: Calyrex|0 fnt\n|faint|p1a: Calyrex\n|\n|win|clessvgc\n|raw|Ripo365's rating: 1339 &rarr; <strong>1326</strong><br />(-13 for losing)\n|raw|clessvgc's rating: 1468 &rarr; <strong>1481</strong><br />(+13 for winning)\n|l|\u2606clessvgc\n|player|p2|\n|l|\u2606Ripo365\n|player|p1|\n","uploadtime":1776746208,"views":9,"formatid":"gen9vgc2026regi","rating":1326,"private":0,"password":null}