{"id":"gen9vgc2026regi-2533001372","format":"[Gen 9] VGC 2026 Reg I","players":["peachykeane","lalo's pollos"],"log":"|j|\u2606peachykeane\n|j|\u2606lalo's pollos\n|t:|1770244918\n|gametype|doubles\n|player|p1|peachykeane|cowgirl|1408\n|player|p2|lalo's pollos|2|1527\n|gen|9\n|tier|[Gen 9] VGC 2026 Reg I\n|rated|\n|rule|Species Clause: Limit one of each Pok\u00e9mon\n|rule|Item Clause: Limit 1 of each item\n|clearpoke\n|poke|p1|Calyrex-Shadow, L50|\n|poke|p1|Incineroar, L50, F|\n|poke|p1|Rillaboom, L50, M|\n|poke|p1|Zamazenta-*, L50|\n|poke|p1|Clefairy, L50, F|\n|poke|p1|Ditto, L50|\n|poke|p2|Zamazenta-*, L50|\n|poke|p2|Lunala, L50|\n|poke|p2|Rillaboom, L50, F|\n|poke|p2|Incineroar, L50, M|\n|poke|p2|Urshifu-*, L50, F|\n|poke|p2|Tornadus, L50, M|\n|teampreview|4\n|\n|t:|1770245011\n|teamsize|p1|4\n|teamsize|p2|4\n|start\n|switch|p1a: Calyrex|Calyrex-Shadow, L50|100/100\n|switch|p1b: Ditto|Ditto, L50|100/100\n|switch|p2a: Lunala|Lunala, L50|100/100\n|switch|p2b: Tornadus|Tornadus, L50, M|100/100\n|-ability|p1a: Calyrex|As One\n|-ability|p1a: Calyrex|Unnerve\n|-transform|p1b: Ditto|p2a: Lunala|[from] ability: Imposter\n|turn|1\n|\n|t:|1770245031\n|-terastallize|p1a: Calyrex|Grass\n|-terastallize|p2a: Lunala|Fairy\n|move|p2b: Tornadus|Tailwind|p2b: Tornadus\n|-sidestart|p2: lalo's pollos|move: Tailwind\n|move|p2a: Lunala|Calm Mind|p2a: Lunala\n|-boost|p2a: Lunala|spa|1\n|-boost|p2a: Lunala|spd|1\n|move|p1a: Calyrex|Astral Barrage|p2b: Tornadus|[spread] p2a,p2b\n|-damage|p2a: Lunala|88/100\n|-damage|p2b: Tornadus|26/100\n|move|p1b: Ditto|Moongeist Beam|p2a: Lunala\n|-damage|p2a: Lunala|61/100\n|\n|-heal|p2a: Lunala|67/100|[from] item: Leftovers\n|upkeep\n|turn|2\n|\n|t:|1770245051\n|switch|p1b: Rillaboom|Rillaboom, L50, M|100/100\n|-fieldstart|move: Grassy Terrain|[from] ability: Grassy Surge|[of] p1b: Rillaboom\n|-enditem|p1a: Calyrex|Grassy Seed\n|-boost|p1a: Calyrex|def|1|[from] item: Grassy Seed\n|move|p1a: Calyrex|Protect|p1a: Calyrex\n|-singleturn|p1a: Calyrex|Protect\n|move|p2b: Tornadus|Bleakwind Storm|p1a: Calyrex|[spread] p1b\n|-activate|p1a: Calyrex|move: Protect\n|-supereffective|p1b: Rillaboom\n|-damage|p1b: Rillaboom|39/100\n|move|p2a: Lunala|Moongeist Beam|p1b: Rillaboom\n|-damage|p1b: Rillaboom|0 fnt\n|faint|p1b: Rillaboom\n|\n|-heal|p2a: Lunala|73/100|[from] Grassy Terrain\n|-heal|p2a: Lunala|79/100|[from] item: Leftovers\n|upkeep\n|\n|t:|1770245064\n|switch|p1b: Zamazenta|Zamazenta-Crowned, L50|100/100\n|-ability|p1b: Zamazenta|Dauntless Shield|boost\n|-boost|p1b: Zamazenta|def|1\n|turn|3\n|\n|t:|1770245076\n|switch|p2b: Incineroar|Incineroar, L50, M|100/100\n|-ability|p2b: Incineroar|Intimidate|boost\n|-unboost|p1a: Calyrex|atk|1\n|-unboost|p1b: Zamazenta|atk|1\n|move|p1b: Zamazenta|Wide Guard|p1b: Zamazenta\n|-singleturn|p1b: Zamazenta|Wide Guard\n|move|p2a: Lunala|Moongeist Beam|p1a: Calyrex\n|-damage|p1a: Calyrex|11/100\n|move|p1a: Calyrex|Astral Barrage|p2b: Incineroar|[spread] p2a,p2b\n|-resisted|p2b: Incineroar\n|-damage|p2a: Lunala|56/100\n|-damage|p2b: Incineroar|81/100\n|\n|-heal|p2a: Lunala|62/100|[from] Grassy Terrain\n|-heal|p2a: Lunala|68/100|[from] item: Leftovers\n|-heal|p1a: Calyrex|17/100|[from] Grassy Terrain\n|-heal|p2b: Incineroar|87/100|[from] Grassy Terrain\n|upkeep\n|turn|4\n|\n|t:|1770245101\n|move|p1a: Calyrex|Protect|p1a: Calyrex\n|-singleturn|p1a: Calyrex|Protect\n|move|p2b: Incineroar|Fake Out|p1b: Zamazenta\n|-resisted|p1b: Zamazenta\n|-crit|p1b: Zamazenta\n|-damage|p1b: Zamazenta|95/100\n|move|p2a: Lunala|Moongeist Beam|p1b: Zamazenta\n|-damage|p1b: Zamazenta|37/100\n|cant|p1b: Zamazenta|flinch\n|\n|-heal|p2a: Lunala|74/100|[from] Grassy Terrain\n|-heal|p2a: Lunala|80/100|[from] item: Leftovers\n|-heal|p1a: Calyrex|23/100|[from] Grassy Terrain\n|-heal|p1b: Zamazenta|43/100|[from] Grassy Terrain\n|-heal|p2b: Incineroar|93/100|[from] Grassy Terrain\n|-sideend|p2: lalo's pollos|move: Tailwind\n|upkeep\n|turn|5\n|\n|t:|1770245127\n|switch|p1b: Ditto|Ditto, L50|100/100\n|-transform|p1b: Ditto|p2a: Lunala|[from] ability: Imposter\n|move|p2a: Lunala|Protect|p2a: Lunala\n|-singleturn|p2a: Lunala|Protect\n|move|p1a: Calyrex|Giga Drain|p2a: Lunala\n|-activate|p2a: Lunala|move: Protect\n|move|p2b: Incineroar|Parting Shot|p1b: Ditto\n|-unboost|p1b: Ditto|atk|1\n|-unboost|p1b: Ditto|spa|1\n|\n|t:|1770245139\n|switch|p2b: Tornadus|Tornadus, L50, M|26/100|[from] Parting Shot\n|\n|-heal|p1a: Calyrex|28/100|[from] Grassy Terrain\n|-heal|p2a: Lunala|86/100|[from] Grassy Terrain\n|-heal|p2a: Lunala|92/100|[from] item: Leftovers\n|upkeep\n|-start|p1b: Ditto|typechange|Psychic/Ghost|[silent]\n|turn|6\n|\n|t:|1770245170\n|move|p2b: Tornadus|Tailwind|p2b: Tornadus\n|-sidestart|p2: lalo's pollos|move: Tailwind\n|move|p2a: Lunala|Moongeist Beam|p1b: Ditto\n|-supereffective|p1b: Ditto\n|-enditem|p1b: Ditto|Focus Sash\n|-damage|p1b: Ditto|1/100\n|move|p1a: Calyrex|Giga Drain|p2a: Lunala\n|-damage|p2a: Lunala|63/100\n|-heal|p1a: Calyrex|48/100|[from] drain|[of] p2a: Lunala\n|move|p1b: Ditto|Calm Mind|p1b: Ditto\n|-boost|p1b: Ditto|spa|1\n|-boost|p1b: Ditto|spd|1\n|\n|-heal|p2a: Lunala|69/100|[from] Grassy Terrain\n|-heal|p2a: Lunala|75/100|[from] item: Leftovers\n|-heal|p1a: Calyrex|54/100|[from] Grassy Terrain\n|-heal|p1b: Ditto|7/100|[from] Grassy Terrain\n|-fieldend|move: Grassy Terrain\n|upkeep\n|turn|7\n|\n|t:|1770245194\n|move|p2b: Tornadus|Bleakwind Storm|p1b: Ditto|[spread] p1a\n|-miss|p2b: Tornadus|p1b: Ditto\n|-supereffective|p1a: Calyrex\n|-damage|p1a: Calyrex|0 fnt\n|faint|p1a: Calyrex\n|move|p2a: Lunala|Moongeist Beam|p1b: Ditto\n|-supereffective|p1b: Ditto\n|-damage|p1b: Ditto|0 fnt\n|faint|p1b: Ditto\n|\n|-heal|p2a: Lunala|81/100|[from] item: Leftovers\n|upkeep\n|\n|t:|1770245197\n|switch|p1b: Zamazenta|Zamazenta-Crowned, L50|43/100\n|turn|8\n|\n|t:|1770245203\n|move|p2b: Tornadus|Bleakwind Storm|p1b: Zamazenta|[miss]\n|-miss|p2b: Tornadus|p1b: Zamazenta\n|move|p2a: Lunala|Moongeist Beam|p1b: Zamazenta\n|-damage|p1b: Zamazenta|0 fnt\n|faint|p1b: Zamazenta\n|\n|win|lalo's pollos\n|raw|peachykeane's rating: 1408 &rarr; <strong>1395</strong><br />(-13 for losing)\n|raw|lalo&apos;s pollos's rating: 1527 &rarr; <strong>1540</strong><br />(+13 for winning)\n|j| Rylozu\n|l|\u2606peachykeane\n|player|p1|\n","uploadtime":1770245411,"views":18,"formatid":"gen9vgc2026regi","rating":1395,"private":0,"password":null}