{"id":"gen9vgc2026regi-2578524061","format":"[Gen 9] VGC 2026 Reg I","players":["yuri1910","phalap"],"log":"|j|\u2606yuri1910\n|j|\u2606phalap\n|t:|1775685922\n|gametype|doubles\n|player|p1|yuri1910|linebacker|1594\n|player|p2|phalap|lucas-gen4pt|1562\n|gen|9\n|tier|[Gen 9] VGC 2026 Reg I\n|rated|\n|rule|Species Clause: Limit one of each Pok\u00e9mon\n|rule|Item Clause: Limit 1 of each item\n|clearpoke\n|poke|p1|Calyrex-Ice, L50|\n|poke|p1|Kyogre, L50|\n|poke|p1|Grimmsnarl, L50, M|\n|poke|p1|Rillaboom, L50, M|\n|poke|p1|Urshifu-*, L50, F|\n|poke|p1|Landorus, L50, M|\n|poke|p2|Iron Hands, L50|\n|poke|p2|Miraidon, L50|\n|poke|p2|Calyrex-Ice, L50|\n|poke|p2|Urshifu-*, L50, M|\n|poke|p2|Incineroar, L50, M|\n|poke|p2|Farigiraf, L50, F|\n|teampreview|4\n|inactive|Battle timer is ON: inactive players will automatically lose when time's up. (requested by phalap)\n|inactive|yuri1910 has 60 seconds left.\n|\n|t:|1775685954\n|teamsize|p1|4\n|teamsize|p2|4\n|start\n|switch|p1a: Grimmsnarl|Grimmsnarl, L50, M|100/100\n|switch|p1b: Calyrex|Calyrex-Ice, L50|100/100\n|switch|p2a: Iron Hands|Iron Hands, L50|100/100\n|switch|p2b: Urshifu|Urshifu-Rapid-Strike, L50, M|100/100\n|-ability|p1b: Calyrex|As One\n|-ability|p1b: Calyrex|Unnerve\n|turn|1\n|\n|t:|1775685972\n|switch|p1b: Rillaboom|Rillaboom, L50, M|100/100\n|-fieldstart|move: Grassy Terrain|[from] ability: Grassy Surge|[of] p1b: Rillaboom\n|-terastallize|p2b: Urshifu|Stellar\n|move|p2a: Iron Hands|Fake Out|p1a: Grimmsnarl\n|-damage|p1a: Grimmsnarl|86/100\n|cant|p1a: Grimmsnarl|flinch\n|move|p2b: Urshifu|Close Combat|p1b: Rillaboom\n|-damage|p1b: Rillaboom|19/100\n|-unboost|p2b: Urshifu|def|1\n|-unboost|p2b: Urshifu|spd|1\n|\n|-heal|p1b: Rillaboom|25/100|[from] Grassy Terrain\n|-heal|p1a: Grimmsnarl|92/100|[from] Grassy Terrain\n|upkeep\n|turn|2\n|\n|t:|1775686005\n|move|p2b: Urshifu|Protect|p2b: Urshifu\n|-singleturn|p2b: Urshifu|Protect\n|move|p1a: Grimmsnarl|Light Screen|p1a: Grimmsnarl\n|-sidestart|p1: yuri1910|move: Light Screen\n|move|p1b: Rillaboom|U-turn|p2b: Urshifu\n|-activate|p2b: Urshifu|move: Protect\n|move|p2a: Iron Hands|Drain Punch|p1b: Rillaboom\n|-damage|p1b: Rillaboom|0 fnt\n|faint|p1b: Rillaboom\n|\n|-heal|p1a: Grimmsnarl|98/100|[from] Grassy Terrain\n|upkeep\n|\n|t:|1775686010\n|switch|p1b: Calyrex|Calyrex-Ice, L50|100/100\n|-ability|p1b: Calyrex|As One\n|-ability|p1b: Calyrex|Unnerve\n|turn|3\n|\n|t:|1775686019\n|move|p2b: Urshifu|Surging Strikes|p1b: Calyrex\n|-crit|p1b: Calyrex\n|-damage|p1b: Calyrex|81/100\n|-crit|p1b: Calyrex\n|-damage|p1b: Calyrex|64/100\n|-crit|p1b: Calyrex\n|-damage|p1b: Calyrex|46/100\n|-hitcount|p1b: Calyrex|3\n|move|p1a: Grimmsnarl|Spirit Break|p2b: Urshifu\n|-supereffective|p2b: Urshifu\n|-damage|p2b: Urshifu|12/100\n|-unboost|p2b: Urshifu|spa|1\n|move|p1b: Calyrex|Glacial Lance|p2b: Urshifu|[spread] p2a,p2b\n|-resisted|p2b: Urshifu\n|-damage|p2a: Iron Hands|62/100\n|-damage|p2b: Urshifu|0 fnt\n|faint|p2b: Urshifu\n|-ability|p1b: Calyrex|Chilling Neigh|boost\n|-boost|p1b: Calyrex|atk|1\n|move|p2a: Iron Hands|Low Kick|p1b: Calyrex\n|-damage|p1b: Calyrex|6/100\n|\n|-heal|p1a: Grimmsnarl|100/100|[from] Grassy Terrain\n|-heal|p1b: Calyrex|12/100|[from] Grassy Terrain\n|-heal|p1b: Calyrex|17/100|[from] item: Leftovers\n|-heal|p2a: Iron Hands|67/100|[from] Grassy Terrain\n|upkeep\n|\n|t:|1775686043\n|switch|p2b: Miraidon|Miraidon, L50|100/100\n|-fieldstart|move: Electric Terrain|[from] ability: Hadron Engine|[of] p2b: Miraidon\n|-activate|p2a: Iron Hands|ability: Quark Drive\n|-start|p2a: Iron Hands|quarkdriveatk\n|turn|4\n|\n|t:|1775686055\n|move|p1b: Calyrex|Protect|p1b: Calyrex\n|-singleturn|p1b: Calyrex|Protect\n|move|p2b: Miraidon|Volt Switch|p1a: Grimmsnarl\n|-crit|p1a: Grimmsnarl\n|-damage|p1a: Grimmsnarl|3/100\n|\n|t:|1775686058\n|switch|p2b: Incineroar|Incineroar, L50, M|100/100|[from] Volt Switch\n|-ability|p2b: Incineroar|Intimidate|boost\n|-unboost|p1a: Grimmsnarl|atk|1\n|-unboost|p1b: Calyrex|atk|1\n|move|p1a: Grimmsnarl|Spirit Break|p2b: Incineroar\n|-damage|p2b: Incineroar|87/100\n|-unboost|p2b: Incineroar|spa|1\n|-damage|p1a: Grimmsnarl|0 fnt|[from] item: Rocky Helmet|[of] p2b: Incineroar\n|faint|p1a: Grimmsnarl\n|move|p2a: Iron Hands|Drain Punch|p1b: Calyrex\n|-activate|p1b: Calyrex|move: Protect\n|\n|-heal|p1b: Calyrex|23/100|[from] item: Leftovers\n|upkeep\n|\n|t:|1775686074\n|switch|p1a: Urshifu|Urshifu-Rapid-Strike, L50, F|100/100\n|turn|5\n|\n|t:|1775686084\n|-terastallize|p1a: Urshifu|Ghost\n|move|p2b: Incineroar|Fake Out|p1a: Urshifu\n|-immune|p1a: Urshifu\n|move|p1a: Urshifu|Surging Strikes|p2b: Incineroar\n|-supereffective|p2b: Incineroar\n|-crit|p2b: Incineroar\n|-damage|p2b: Incineroar|56/100\n|-damage|p1a: Urshifu|84/100|[from] item: Rocky Helmet|[of] p2b: Incineroar\n|-supereffective|p2b: Incineroar\n|-crit|p2b: Incineroar\n|-damage|p2b: Incineroar|22/100\n|-damage|p1a: Urshifu|67/100|[from] item: Rocky Helmet|[of] p2b: Incineroar\n|-supereffective|p2b: Incineroar\n|-crit|p2b: Incineroar\n|-damage|p2b: Incineroar|0 fnt\n|-damage|p1a: Urshifu|51/100|[from] item: Rocky Helmet|[of] p2b: Incineroar\n|faint|p2b: Incineroar\n|-hitcount|p2: Incineroar|3\n|move|p2a: Iron Hands|Drain Punch|p1a: Urshifu\n|-immune|p1a: Urshifu\n|move|p1b: Calyrex|Trick Room|p1b: Calyrex\n|-fieldstart|move: Trick Room|[of] p1b: Calyrex\n|\n|-heal|p1b: Calyrex|29/100|[from] item: Leftovers\n|upkeep\n|\n|t:|1775686088\n|switch|p2b: Miraidon|Miraidon, L50|100/100\n|-activate|p2b: Miraidon|ability: Hadron Engine\n|turn|6\n|\n|t:|1775686099\n|move|p2a: Iron Hands|Drain Punch|p1b: Calyrex\n|-damage|p1b: Calyrex|0 fnt\n|-heal|p2a: Iron Hands|80/100|[from] drain|[of] p1b: Calyrex\n|faint|p1b: Calyrex\n|move|p1a: Urshifu|Surging Strikes|p2a: Iron Hands\n|-crit|p2a: Iron Hands\n|-damage|p2a: Iron Hands|64/100\n|-crit|p2a: Iron Hands\n|-damage|p2a: Iron Hands|49/100\n|-crit|p2a: Iron Hands\n|-damage|p2a: Iron Hands|35/100\n|-hitcount|p2a: Iron Hands|3\n|move|p2b: Miraidon|Electro Drift|p1a: Urshifu\n|-damage|p1a: Urshifu|0 fnt\n|faint|p1a: Urshifu\n|\n|win|phalap\n|raw|yuri1910's rating: 1594 &rarr; <strong>1572</strong><br />(-22 for losing)\n|raw|phalap's rating: 1562 &rarr; <strong>1584</strong><br />(+22 for winning)\n|l|\u2606phalap\n|player|p2|\n|l|\u2606yuri1910\n|player|p1|\n","uploadtime":1775686245,"views":11,"formatid":"gen9vgc2026regi","rating":1572,"private":0,"password":null}