{"id":"gen9vgc2026regi-2591129277","format":"[Gen 9] VGC 2026 Reg I","players":["Lil Tic","Mariuusss"],"log":"|j|\u2606Lil Tic\n|j|\u2606Mariuusss\n|t:|1776876232\n|gametype|doubles\n|player|p1|Lil Tic|170|1392\n|player|p2|Mariuusss|101|1410\n|gen|9\n|tier|[Gen 9] VGC 2026 Reg I\n|rated|\n|rule|Species Clause: Limit one of each Pok\u00e9mon\n|rule|Item Clause: Limit 1 of each item\n|clearpoke\n|poke|p1|Koraidon, L50|\n|poke|p1|Flutter Mane, L50|\n|poke|p1|Ho-Oh, L50|\n|poke|p1|Incineroar, L50, F|\n|poke|p1|Rhydon, L50, F|\n|poke|p1|Brute Bonnet, L50|\n|poke|p2|Kyogre, L50|\n|poke|p2|Lunala, L50|\n|poke|p2|Archaludon, L50, M|\n|poke|p2|Indeedee-F, L50, F|\n|poke|p2|Amoonguss, L50, F|\n|poke|p2|Kingambit, L50, F|\n|teampreview|4\n|inactive|Battle timer is ON: inactive players will automatically lose when time's up. (requested by Mariuusss)\nMariuusss rejected open team sheets.\n|\n|t:|1776876273\n|teamsize|p1|4\n|teamsize|p2|4\n|start\n|switch|p1a: Brute Bonnet|Brute Bonnet, L50|100/100\n|switch|p1b: Rhydon|Rhydon, L50, F|100/100\n|switch|p2a: Lunala|Lunala, L50, shiny|100/100\n|switch|p2b: Indeedee|Indeedee-F, L50, F, shiny|100/100\n|-fieldstart|move: Psychic Terrain|[from] ability: Psychic Surge|[of] p2b: Indeedee\n|-enditem|p2b: Indeedee|Psychic Seed\n|-boost|p2b: Indeedee|spd|1|[from] item: Psychic Seed\n|turn|1\n|\n|t:|1776876292\n|switch|p2a: Amoonguss|Amoonguss, L50, F, shiny|100/100\n|move|p1b: Rhydon|Rock Slide|p2b: Indeedee|[spread] p2a,p2b\n|-crit|p2b: Indeedee\n|-damage|p2a: Amoonguss|83/100\n|-damage|p2b: Indeedee|68/100\n|move|p1a: Brute Bonnet|Spore|p2a: Amoonguss\n|-immune|p2a: Amoonguss\n|cant|p2b: Indeedee|flinch\n|\n|upkeep\n|turn|2\n|\n|t:|1776876317\n|move|p1b: Rhydon|Protect|p1b: Rhydon\n|-singleturn|p1b: Rhydon|Protect\n|move|p1a: Brute Bonnet|Spore|p2b: Indeedee\n|-status|p2b: Indeedee|slp|[from] move: Spore\n|move|p2a: Amoonguss|Pollen Puff|p1a: Brute Bonnet\n|-supereffective|p1a: Brute Bonnet\n|-damage|p1a: Brute Bonnet|45/100\n|cant|p2b: Indeedee|slp\n|\n|upkeep\n|turn|3\n|\n|t:|1776876328\n|-end|p1a: Brute Bonnet|Protosynthesis|[silent]\n|switch|p1a: Ho-Oh|Ho-Oh, L50|100/100\n|move|p1b: Rhydon|Swords Dance|p1b: Rhydon\n|-boost|p1b: Rhydon|atk|2\n|move|p2a: Amoonguss|Pollen Puff|p1a: Ho-Oh\n|-resisted|p1a: Ho-Oh\n|-damage|p1a: Ho-Oh|98/100\n|cant|p2b: Indeedee|slp\n|\n|upkeep\n|turn|4\n|\n|t:|1776876347\n|-terastallize|p1a: Ho-Oh|Grass\n|move|p2a: Amoonguss|Protect|p2a: Amoonguss\n|-singleturn|p2a: Amoonguss|Protect\n|move|p1a: Ho-Oh|Sacred Fire|p2a: Amoonguss\n|-activate|p2a: Amoonguss|move: Protect\n|move|p1b: Rhydon|Rock Slide|p2a: Amoonguss|[spread] p2b\n|-activate|p2a: Amoonguss|move: Protect\n|-damage|p2b: Indeedee|25/100 slp\n|cant|p2b: Indeedee|slp\n|\n|upkeep\n|turn|5\n|inactive|Mariuusss has 30 seconds left.\n|\n|t:|1776876373\n|switch|p2a: Kyogre|Kyogre, L50, shiny|100/100\n|-weather|RainDance|[from] ability: Drizzle|[of] p2a: Kyogre\n|move|p1a: Ho-Oh|Sacred Fire|p2a: Kyogre\n|-resisted|p2a: Kyogre\n|-damage|p2a: Kyogre|87/100\n|move|p1b: Rhydon|Rock Slide|p2b: Indeedee|[spread] p2a,p2b\n|-damage|p2a: Kyogre|37/100\n|-damage|p2b: Indeedee|0 fnt\n|faint|p2b: Indeedee\n|\n|-weather|RainDance|[upkeep]\n|-heal|p2a: Kyogre|43/100|[from] item: Leftovers\n|-fieldend|move: Psychic Terrain\n|upkeep\n|\n|t:|1776876384\n|switch|p2b: Lunala|Lunala, L50, shiny|100/100\n|turn|6\n|\n|t:|1776876400\n|-terastallize|p2b: Lunala|Ghost\n|move|p1a: Ho-Oh|Brave Bird|p2a: Kyogre\n|-damage|p2a: Kyogre|0 fnt\n|faint|p2a: Kyogre\n|-damage|p1a: Ho-Oh|84/100|[from] Recoil\n|move|p2b: Lunala|Moongeist Beam|p1a: Ho-Oh\n|-damage|p1a: Ho-Oh|37/100\n|move|p1b: Rhydon|High Horsepower|p2b: Lunala|[miss]\n|-miss|p1b: Rhydon|p2b: Lunala\n|\n|-weather|RainDance|[upkeep]\n|upkeep\n|\n|t:|1776876405\n|switch|p2a: Amoonguss|Amoonguss, L50, F, shiny|100/100\n|turn|7\n|\n|t:|1776876421\n|move|p2a: Amoonguss|Protect|p2a: Amoonguss\n|-singleturn|p2a: Amoonguss|Protect\n|move|p1a: Ho-Oh|Brave Bird|p2a: Amoonguss\n|-activate|p2a: Amoonguss|move: Protect\n|move|p1b: Rhydon|Rock Slide|p2b: Lunala|[spread] p2b\n|-activate|p2a: Amoonguss|move: Protect\n|-damage|p2b: Lunala|81/100\n|move|p2b: Lunala|Trick Room|p2b: Lunala\n|-fieldstart|move: Trick Room|[of] p2b: Lunala\n|\n|-weather|RainDance|[upkeep]\n|upkeep\n|turn|8\n|\n|t:|1776876437\n|switch|p1a: Brute Bonnet|Brute Bonnet, L50|45/100\n|move|p1b: Rhydon|Protect|p1b: Rhydon\n|-singleturn|p1b: Rhydon|Protect\n|move|p2a: Amoonguss|Spore|p1b: Rhydon\n|-activate|p1b: Rhydon|move: Protect\n|move|p2b: Lunala|Moongeist Beam|p1a: Brute Bonnet\n|-resisted|p1a: Brute Bonnet\n|-damage|p1a: Brute Bonnet|18/100\n|\n|-weather|RainDance|[upkeep]\n|upkeep\n|turn|9\n|inactive|Lil Tic has 30 seconds left.\n|\n|t:|1776876465\n|move|p2a: Amoonguss|Spore|p1b: Rhydon\n|-status|p1b: Rhydon|slp|[from] move: Spore\n|move|p1a: Brute Bonnet|Spore|p2b: Lunala\n|-status|p2b: Lunala|slp|[from] move: Spore\n|cant|p1b: Rhydon|slp\n|cant|p2b: Lunala|slp\n|\n|-weather|none\n|upkeep\n|turn|10\n|\n|t:|1776876479\n|move|p1a: Brute Bonnet|Sucker Punch|p2a: Amoonguss\n|-damage|p2a: Amoonguss|79/100\n|-damage|p1a: Brute Bonnet|1/100|[from] item: Rocky Helmet|[of] p2a: Amoonguss\n|move|p2a: Amoonguss|Pollen Puff|p1a: Brute Bonnet\n|-supereffective|p1a: Brute Bonnet\n|-damage|p1a: Brute Bonnet|0 fnt\n|faint|p1a: Brute Bonnet\n|-end|p1a: Brute Bonnet|Protosynthesis|[silent]\n|cant|p1b: Rhydon|slp\n|cant|p2b: Lunala|slp\n|\n|upkeep\n|\n|t:|1776876486\n|switch|p1a: Ho-Oh|Ho-Oh, L50, tera:Grass|70/100\n|turn|11\n|\n|t:|1776876495\n|move|p2a: Amoonguss|Protect|p2a: Amoonguss\n|-singleturn|p2a: Amoonguss|Protect\n|cant|p1b: Rhydon|slp\n|cant|p2b: Lunala|slp\n|move|p1a: Ho-Oh|Brave Bird|p2a: Amoonguss\n|-activate|p2a: Amoonguss|move: Protect\n|\n|-fieldend|move: Trick Room\n|upkeep\n|turn|12\n|\n|t:|1776876509\n|move|p2a: Amoonguss|Protect|p2a: Amoonguss\n|-singleturn|p2a: Amoonguss|Protect\n|move|p1a: Ho-Oh|Brave Bird|p2a: Amoonguss\n|-activate|p2a: Amoonguss|move: Protect\n|-curestatus|p1b: Rhydon|slp|[msg]\n|move|p1b: Rhydon|High Horsepower|p2b: Lunala|[miss]\n|-miss|p1b: Rhydon|p2b: Lunala\n|-curestatus|p2b: Lunala|slp|[msg]\n|move|p2b: Lunala|Trick Room|p2b: Lunala\n|-fieldstart|move: Trick Room|[of] p2b: Lunala\n|\n|upkeep\n|turn|13\n|c|\u2606Lil Tic|xd\n|c|\u2606Lil Tic|95% a pokemon classic\n|\n|t:|1776876524\n|move|p2a: Amoonguss|Spore|p1b: Rhydon\n|-status|p1b: Rhydon|slp|[from] move: Spore\n|cant|p1b: Rhydon|slp\n|move|p2b: Lunala|Moongeist Beam|p1a: Ho-Oh\n|-damage|p1a: Ho-Oh|23/100\n|move|p1a: Ho-Oh|Brave Bird|p2a: Amoonguss\n|-supereffective|p2a: Amoonguss\n|-damage|p2a: Amoonguss|0 fnt\n|-damage|p1a: Ho-Oh|6/100|[from] item: Rocky Helmet|[of] p2a: Amoonguss\n|faint|p2a: Amoonguss\n|-damage|p1a: Ho-Oh|0 fnt|[from] Recoil\n|faint|p1a: Ho-Oh\n|\n|upkeep\n|\n|t:|1776876529\n|switch|p1a: Koraidon|Koraidon, L50|100/100\n|-weather|SunnyDay|[from] ability: Orichalcum Pulse|[of] p1a: Koraidon\n|-activate|p1a: Koraidon|Orichalcum Pulse|[source]\n|turn|14\n|\n|t:|1776876536\n|move|p1a: Koraidon|Protect|p1a: Koraidon\n|-singleturn|p1a: Koraidon|Protect\n|cant|p1b: Rhydon|slp\n|move|p2b: Lunala|Expanding Force|p1a: Koraidon\n|-activate|p1a: Koraidon|move: Protect\n|\n|-weather|SunnyDay|[upkeep]\n|upkeep\n|turn|15\n|\n|t:|1776876547\n|-curestatus|p1b: Rhydon|slp|[msg]\n|move|p1b: Rhydon|High Horsepower|p2b: Lunala\n|-damage|p2b: Lunala|22/100\n|move|p2b: Lunala|Expanding Force|p1a: Koraidon\n|-supereffective|p1a: Koraidon\n|-damage|p1a: Koraidon|10/100\n|move|p1a: Koraidon|Flare Blitz|p2b: Lunala\n|-damage|p2b: Lunala|0 fnt\n|faint|p2b: Lunala\n|-damage|p1a: Koraidon|0 fnt|[from] Recoil\n|faint|p1a: Koraidon\n|\n|win|Lil Tic\n|raw|Lil Tic's rating: 1392 &rarr; <strong>1413</strong><br />(+21 for winning)\n|raw|Mariuusss's rating: 1410 &rarr; <strong>1389</strong><br />(-21 for losing)\n|l|\u2606Mariuusss\n|player|p2|\n|l|\u2606Lil Tic\n|player|p1|\n","uploadtime":1776876747,"views":6,"formatid":"gen9vgc2026regi","rating":1389,"private":0,"password":null}