{"id":"gen9vgc2026regi-2566907160","format":"[Gen 9] VGC 2026 Reg I","players":["Hazweioh","colombarda"],"log":"|j|\u2606Hazweioh\n|j|\u2606colombarda\n|t:|1774427931\n|gametype|doubles\n|player|p1|Hazweioh|170|1340\n|player|p2|colombarda|blaine|1355\n|gen|9\n|tier|[Gen 9] VGC 2026 Reg I\n|rated|\n|rule|Species Clause: Limit one of each Pok\u00e9mon\n|rule|Item Clause: Limit 1 of each item\n|clearpoke\n|poke|p1|Miraidon, L50|\n|poke|p1|Calyrex-Ice, L50|\n|poke|p1|Urshifu-*, L50, F|\n|poke|p1|Sneasler, L50, M|\n|poke|p1|Incineroar, L50, F|\n|poke|p1|Ditto, L50|\n|poke|p2|Kyurem-Black, L50|\n|poke|p2|Miraidon, L50|\n|poke|p2|Chesnaught, L50, M|\n|poke|p2|Volcarona, L50, F|\n|poke|p2|Grimmsnarl, L50, M|\n|poke|p2|Gyarados, L50, M|\n|teampreview|4\n|inactive|Battle timer is ON: inactive players will automatically lose when time's up. (requested by colombarda)\n|inactive|Hazweioh has 60 seconds left.\n|\n|t:|1774427969\n|teamsize|p1|4\n|teamsize|p2|4\n|start\n|switch|p1a: Ditto|Ditto, L50|100/100\n|switch|p1b: Miraidon|Miraidon, L50|100/100\n|switch|p2a: Grimmsnarl|Grimmsnarl, L50, M|100/100\n|switch|p2b: Miraidon|Miraidon, L50|100/100\n|-fieldstart|move: Electric Terrain|[from] ability: Hadron Engine|[of] p1b: Miraidon\n|-activate|p2b: Miraidon|ability: Hadron Engine\n|-transform|p1a: Ditto|p2b: Miraidon|[from] ability: Imposter\n|-activate|p1a: Ditto|ability: Hadron Engine\n|turn|1\n|\n|t:|1774427988\n|switch|p2b: Chesnaught|Chesnaught, L50, M|100/100\n|-enditem|p2b: Chesnaught|Electric Seed\n|-boost|p2b: Chesnaught|def|1|[from] item: Electric Seed\n|move|p2a: Grimmsnarl|Light Screen|p2a: Grimmsnarl\n|-sidestart|p2: colombarda|move: Light Screen\n|move|p1a: Ditto|Snarl|p2b: Chesnaught|[spread] p2a,p2b\n|-resisted|p2a: Grimmsnarl\n|-crit|p2a: Grimmsnarl\n|-resisted|p2b: Chesnaught\n|-damage|p2a: Grimmsnarl|93/100\n|-damage|p2b: Chesnaught|94/100\n|-unboost|p2a: Grimmsnarl|spa|1\n|-unboost|p2b: Chesnaught|spa|1\n|move|p1b: Miraidon|Volt Switch|p2a: Grimmsnarl\n|-damage|p2a: Grimmsnarl|37/100\n|-damage|p1b: Miraidon|91/100|[from] item: Life Orb\n|\n|t:|1774428005\n|switch|p1b: Sneasler|Sneasler, L50, M|100/100|[from] Volt Switch\n|-enditem|p1b: Sneasler|Electric Seed\n|-boost|p1b: Sneasler|def|1|[from] item: Electric Seed\n|\n|upkeep\n|turn|2\n|\n|t:|1774428015\n|switch|p1a: Incineroar|Incineroar, L50, F|100/100\n|-ability|p1a: Incineroar|Intimidate|boost\n|-unboost|p2a: Grimmsnarl|atk|1\n|-unboost|p2b: Chesnaught|atk|1\n|move|p2a: Grimmsnarl|Reflect|p2a: Grimmsnarl\n|-sidestart|p2: colombarda|Reflect\n|move|p1b: Sneasler|Dire Claw|p2a: Grimmsnarl\n|-supereffective|p2a: Grimmsnarl\n|-damage|p2a: Grimmsnarl|0 fnt\n|faint|p2a: Grimmsnarl\n|move|p2b: Chesnaught|Body Press|p1a: Incineroar\n|-supereffective|p1a: Incineroar\n|-damage|p1a: Incineroar|0 fnt\n|faint|p1a: Incineroar\n|\n|upkeep\n|\n|t:|1774428029\n|switch|p1a: Miraidon|Miraidon, L50|91/100\n|switch|p2a: Kyurem|Kyurem-Black, L50|100/100\n|-activate|p1a: Miraidon|ability: Hadron Engine\n|-ability|p2a: Kyurem|Teravolt\n|turn|3\n|\n|t:|1774428042\n|move|p1a: Miraidon|Protect|p1a: Miraidon\n|-singleturn|p1a: Miraidon|Protect\n|move|p2a: Kyurem|Protect|p2a: Kyurem\n|-singleturn|p2a: Kyurem|Protect\n|move|p1b: Sneasler|Dire Claw|p2b: Chesnaught\n|-supereffective|p2b: Chesnaught\n|-damage|p2b: Chesnaught|69/100\n|-status|p2b: Chesnaught|psn\n|move|p2b: Chesnaught|Coaching|p2a: Kyurem\n|-boost|p2a: Kyurem|atk|1\n|-boost|p2a: Kyurem|def|1\n|\n|-damage|p2b: Chesnaught|57/100 psn|[from] psn\n|upkeep\n|turn|4\n|\n|t:|1774428065\n|-terastallize|p2a: Kyurem|Electric\n|move|p1b: Sneasler|Low Kick|p2a: Kyurem\n|-damage|p2a: Kyurem|74/100\n|move|p1a: Miraidon|Draco Meteor|p2a: Kyurem\n|-damage|p2a: Kyurem|0 fnt\n|-unboost|p1a: Miraidon|spa|2\n|faint|p2a: Kyurem\n|-damage|p1a: Miraidon|81/100|[from] item: Life Orb\n|move|p2b: Chesnaught|Coaching|p2: Kyurem|[notarget]\n|-fail|p2b: Chesnaught\n|\n|-damage|p2b: Chesnaught|44/100 psn|[from] psn\n|upkeep\n|\n|t:|1774428074\n|switch|p2a: Miraidon|Miraidon, L50|100/100\n|-activate|p2a: Miraidon|ability: Hadron Engine\n|turn|5\n|\n|t:|1774428091\n|move|p1b: Sneasler|Protect|p1b: Sneasler\n|-singleturn|p1b: Sneasler|Protect\n|move|p1a: Miraidon|Protect|p1a: Miraidon\n|-singleturn|p1a: Miraidon|Protect\n|move|p2a: Miraidon|Electro Drift|p1b: Sneasler\n|-activate|p1b: Sneasler|move: Protect\n|move|p2b: Chesnaught|Body Press|p1a: Miraidon\n|-activate|p1a: Miraidon|move: Protect\n|\n|-damage|p2b: Chesnaught|32/100 psn|[from] psn\n|-fieldend|move: Electric Terrain\n|upkeep\n|turn|6\n|-message|colombarda forfeited.\n|\n|win|Hazweioh\n|raw|Hazweioh's rating: 1340 &rarr; <strong>1361</strong><br />(+21 for winning)\n|raw|colombarda's rating: 1355 &rarr; <strong>1334</strong><br />(-21 for losing)\n|l|\u2606colombarda\n|player|p2|\n|l|\u2606Hazweioh\n|player|p1|\n","uploadtime":1774428364,"views":13,"formatid":"gen9vgc2026regi","rating":1334,"private":0,"password":null}