{"id":"gen9vgc2026regi-2542070452","format":"[Gen 9] VGC 2026 Reg I","players":["avarussurava","j0l0k0"],"log":"|j|\u2606avarussurava\n|j|\u2606j0l0k0\n|t:|1771409561\n|gametype|doubles\n|player|p1|avarussurava|170|1438\n|player|p2|j0l0k0|brycen|1418\n|gen|9\n|tier|[Gen 9] VGC 2026 Reg I\n|rated|\n|rule|Species Clause: Limit one of each Pok\u00e9mon\n|rule|Item Clause: Limit 1 of each item\n|clearpoke\n|poke|p1|Tyranitar, L50, F|\n|poke|p1|Kyogre, L50|\n|poke|p1|Zamazenta-*, L50|\n|poke|p1|Gastrodon, L50, F|\n|poke|p1|Sinistcha, L50|\n|poke|p1|Ceruledge, L50, F|\n|poke|p2|Calyrex-Ice, L50|\n|poke|p2|Kyogre, L50|\n|poke|p2|Indeedee-F, L50, F|\n|poke|p2|Urshifu-*, L50, F|\n|poke|p2|Amoonguss, L50, F|\n|poke|p2|Landorus, L50, M|\n|teampreview|4\n|inactive|Battle timer is ON: inactive players will automatically lose when time's up. (requested by j0l0k0)\n|inactive|avarussurava has 60 seconds left.\n|\n|t:|1771409610\n|teamsize|p1|4\n|teamsize|p2|4\n|start\n|switch|p1a: Zamazenta|Zamazenta-Crowned, L50|100/100\n|switch|p1b: Tyranitar|Tyranitar, L50, F|100/100\n|switch|p2a: Kyogre|Kyogre, L50, shiny|100/100\n|switch|p2b: Indeedee|Indeedee-F, L50, F, shiny|100/100\n|-ability|p1a: Zamazenta|Dauntless Shield|boost\n|-boost|p1a: Zamazenta|def|1\n|-fieldstart|move: Psychic Terrain|[from] ability: Psychic Surge|[of] p2b: Indeedee\n|-weather|RainDance|[from] ability: Drizzle|[of] p2a: Kyogre\n|-weather|Sandstorm|[from] ability: Sand Stream|[of] p1b: Tyranitar\n|turn|1\n|\n|t:|1771409628\n|move|p1a: Zamazenta|Body Press|p2a: Kyogre\n|-damage|p2a: Kyogre|35/100\n|move|p2a: Kyogre|Hydro Pump|p1b: Tyranitar\n|-supereffective|p1b: Tyranitar\n|-damage|p1b: Tyranitar|39/100\n|move|p1b: Tyranitar|Knock Off|p2a: Kyogre\n|-damage|p2a: Kyogre|0 fnt\n|-enditem|p2a: Kyogre|Assault Vest|[from] move: Knock Off|[of] p1b: Tyranitar\n|faint|p2a: Kyogre\n|move|p2b: Indeedee|Trick Room|p2b: Indeedee\n|-fieldstart|move: Trick Room|[of] p2b: Indeedee\n|\n|-weather|Sandstorm|[upkeep]\n|upkeep\n|\n|t:|1771409635\n|switch|p2a: Calyrex|Calyrex-Ice, L50|100/100\n|-ability|p2a: Calyrex|As One\n|-ability|p2a: Calyrex|Unnerve\n|turn|2\n|\n|t:|1771409647\n|move|p1a: Zamazenta|Wide Guard|p1a: Zamazenta\n|-singleturn|p1a: Zamazenta|Wide Guard\n|move|p2b: Indeedee|Follow Me|p2b: Indeedee\n|-singleturn|p2b: Indeedee|move: Follow Me\n|move|p2a: Calyrex|Close Combat|p1b: Tyranitar\n|-supereffective|p1b: Tyranitar\n|-damage|p1b: Tyranitar|0 fnt\n|-unboost|p2a: Calyrex|def|1\n|-unboost|p2a: Calyrex|spd|1\n|faint|p1b: Tyranitar\n|-ability|p2a: Calyrex|Chilling Neigh|boost\n|-boost|p2a: Calyrex|atk|1\n|\n|-weather|Sandstorm|[upkeep]\n|-damage|p2a: Calyrex|95/100|[from] Sandstorm\n|upkeep\n|\n|t:|1771409671\n|switch|p1b: Gastrodon|Gastrodon, L50, F|100/100\n|turn|3\n|\n|t:|1771409677\n|move|p1b: Gastrodon|Protect|p1b: Gastrodon\n|-singleturn|p1b: Gastrodon|Protect\n|move|p2b: Indeedee|Follow Me|p2b: Indeedee\n|-singleturn|p2b: Indeedee|move: Follow Me\n|move|p2a: Calyrex|Glacial Lance|p1a: Zamazenta|[spread] p1a\n|-activate|p1b: Gastrodon|move: Protect\n|-resisted|p1a: Zamazenta\n|-damage|p1a: Zamazenta|83/100\n|move|p1a: Zamazenta|Iron Defense|p1a: Zamazenta\n|-boost|p1a: Zamazenta|def|2\n|\n|-weather|Sandstorm|[upkeep]\n|-damage|p2a: Calyrex|89/100|[from] Sandstorm\n|upkeep\n|turn|4\n|\n|t:|1771409698\n|move|p2b: Indeedee|Helping Hand|p2a: Calyrex\n|-singleturn|p2a: Calyrex|Helping Hand|[of] p2b: Indeedee\n|move|p2a: Calyrex|Close Combat|p1a: Zamazenta\n|-supereffective|p1a: Zamazenta\n|-damage|p1a: Zamazenta|25/100\n|-unboost|p2a: Calyrex|def|1\n|-unboost|p2a: Calyrex|spd|1\n|move|p1b: Gastrodon|Earth Power|p2a: Calyrex\n|-damage|p2a: Calyrex|43/100\n|move|p1a: Zamazenta|Iron Defense|p1a: Zamazenta\n|-boost|p1a: Zamazenta|def|2\n|\n|-weather|Sandstorm|[upkeep]\n|-damage|p2a: Calyrex|38/100|[from] Sandstorm\n|upkeep\n|turn|5\n|inactive|avarussurava has 30 seconds left.\n|inactive|avarussurava has 20 seconds left.\n|\n|t:|1771409735\n|switch|p1b: Sinistcha|Sinistcha, L50|100/100\n|-heal|p1a: Zamazenta|50/100|[from] ability: Hospitality|[of] p1b: Sinistcha\n|move|p2b: Indeedee|Helping Hand|p2a: Calyrex\n|-singleturn|p2a: Calyrex|Helping Hand|[of] p2b: Indeedee\n|move|p1a: Zamazenta|Wide Guard|p1a: Zamazenta\n|-singleturn|p1a: Zamazenta|Wide Guard\n|move|p2a: Calyrex|Glacial Lance|p1b: Sinistcha|[spread] \n|-activate|p1a: Zamazenta|move: Wide Guard\n|-activate|p1b: Sinistcha|move: Wide Guard\n|\n|-weather|none\n|-fieldend|move: Trick Room\n|-fieldend|move: Psychic Terrain\n|upkeep\n|turn|6\n|inactive|avarussurava has 30 seconds left.\n|\n|t:|1771409765\n|move|p2b: Indeedee|Follow Me|p2b: Indeedee\n|-singleturn|p2b: Indeedee|move: Follow Me\n|move|p1a: Zamazenta|Body Press|p2b: Indeedee\n|-damage|p2b: Indeedee|0 fnt\n|faint|p2b: Indeedee\n|move|p1b: Sinistcha|Shadow Ball|p2a: Calyrex\n|-supereffective|p2a: Calyrex\n|-crit|p2a: Calyrex\n|-damage|p2a: Calyrex|0 fnt\n|faint|p2a: Calyrex\n|\n|upkeep\n|\n|t:|1771409774\n|switch|p2b: Urshifu|Urshifu, L50, F|100/100\n|turn|7\n|\n|t:|1771409782\n|-terastallize|p2b: Urshifu|Ghost\n|move|p1b: Sinistcha|Rage Powder|p1b: Sinistcha\n|-singleturn|p1b: Sinistcha|move: Rage Powder\n|move|p2b: Urshifu|Wicked Blow|p1b: Sinistcha\n|-supereffective|p1b: Sinistcha\n|-crit|p1b: Sinistcha\n|-damage|p1b: Sinistcha|0 fnt\n|faint|p1b: Sinistcha\n|move|p1a: Zamazenta|Body Press|p2b: Urshifu\n|-immune|p2b: Urshifu\n|\n|upkeep\n|\n|t:|1771409791\n|switch|p1b: Gastrodon|Gastrodon, L50, F|100/100\n|turn|8\n|\n|t:|1771409805\n|-terastallize|p1a: Zamazenta|Ground\n|move|p2b: Urshifu|Close Combat|p1b: Gastrodon\n|-damage|p1b: Gastrodon|28/100\n|-unboost|p2b: Urshifu|def|1\n|-unboost|p2b: Urshifu|spd|1\n|move|p1a: Zamazenta|Snarl|p2b: Urshifu\n|-supereffective|p2b: Urshifu\n|-damage|p2b: Urshifu|58/100\n|-unboost|p2b: Urshifu|spa|1\n|move|p1b: Gastrodon|Earth Power|p2b: Urshifu\n|-crit|p2b: Urshifu\n|-damage|p2b: Urshifu|0 fnt\n|faint|p2b: Urshifu\n|\n|win|avarussurava\n|raw|avarussurava's rating: 1438 &rarr; <strong>1457</strong><br />(+19 for winning)\n|raw|j0l0k0's rating: 1418 &rarr; <strong>1399</strong><br />(-19 for losing)\n|l|\u2606j0l0k0\n|player|p2|\n","uploadtime":1771409929,"views":13,"formatid":"gen9vgc2026regi","rating":1399,"private":0,"password":null}