{"id":"gen9vgc2026regi-2570026523","format":"[Gen 9] VGC 2026 Reg I","players":["terafireflareblitz","soten soten"],"log":"|j|\u2606terafireflareblitz\n|j|\u2606soten soten\n|t:|1774758368\n|gametype|doubles\n|player|p1|terafireflareblitz|sycamore|1584\n|player|p2|soten soten|hilbert|1631\n|gen|9\n|tier|[Gen 9] VGC 2026 Reg I\n|rated|\n|rule|Species Clause: Limit one of each Pok\u00e9mon\n|rule|Item Clause: Limit 1 of each item\n|clearpoke\n|poke|p1|Koraidon, L50|\n|poke|p1|Lunala, L50|\n|poke|p1|Indeedee-F, L50, F|\n|poke|p1|Flutter Mane, L50|\n|poke|p1|Volcarona, L50, F|\n|poke|p1|Ursaluna, L50, M|\n|poke|p2|Ho-Oh, L50|\n|poke|p2|Eternatus, L50|\n|poke|p2|Incineroar, L50, F|\n|poke|p2|Rillaboom, L50, M|\n|poke|p2|Toxapex, L50, M|\n|poke|p2|Ting-Lu, L50|\n|teampreview|4\n|inactive|Battle timer is ON: inactive players will automatically lose when time's up. (requested by terafireflareblitz)\n|inactive|soten soten also wants the timer to be on.\n|\n|t:|1774758376\n|teamsize|p1|4\n|teamsize|p2|4\n|start\n|switch|p1a: Lunala|Lunala, L50, shiny|100/100\n|switch|p1b: Indeedee|Indeedee-F, L50, F|100/100\n|switch|p2a: Eternatus|Eternatus, L50|100/100\n|switch|p2b: Ho-Oh|Ho-Oh, L50|100/100\n|-ability|p2a: Eternatus|Pressure\n|-fieldstart|move: Psychic Terrain|[from] ability: Psychic Surge|[of] p1b: Indeedee\n|turn|1\n|\n|t:|1774758382\n|switch|p2b: Ting-Lu|Ting-Lu, L50|100/100\n|-ability|p2b: Ting-Lu|Vessel of Ruin\n|switch|p1b: Ursaluna|Ursaluna, L50, M|100/100\n|move|p2a: Eternatus|Substitute|p2a: Eternatus\n|-start|p2a: Eternatus|Substitute\n|-damage|p2a: Eternatus|76/100\n|move|p1a: Lunala|Expanding Force|p2b: Ting-Lu|[spread] p2a\n|-immune|p2b: Ting-Lu\n|-supereffective|p2a: Eternatus\n|-end|p2a: Eternatus|Substitute\n|\n|-heal|p2a: Eternatus|82/100|[from] item: Black Sludge\n|-status|p1b: Ursaluna|brn|[from] item: Flame Orb\n|upkeep\n|turn|2\n|\n|t:|1774758394\n|switch|p2b: Incineroar|Incineroar, L50, F|100/100\n|-ability|p2b: Incineroar|Intimidate|boost\n|-unboost|p1a: Lunala|atk|1\n|-unboost|p1b: Ursaluna|atk|1\n|-terastallize|p1a: Lunala|Water\n|move|p2a: Eternatus|Protect|p2a: Eternatus\n|-singleturn|p2a: Eternatus|Protect\n|move|p1a: Lunala|Expanding Force|p2a: Eternatus|[spread] \n|-activate|p2a: Eternatus|move: Protect\n|-immune|p2b: Incineroar\n|move|p1b: Ursaluna|Facade|p2b: Incineroar\n|-damage|p2b: Incineroar|25/100\n|-enditem|p2b: Incineroar|Sitrus Berry|[eat]\n|-heal|p2b: Incineroar|50/100|[from] item: Sitrus Berry\n|\n|-heal|p2a: Eternatus|88/100|[from] item: Black Sludge\n|-damage|p1b: Ursaluna|95/100 brn|[from] brn\n|upkeep\n|turn|3\n|\n|t:|1774758404\n|move|p2a: Eternatus|Substitute|p2a: Eternatus\n|-start|p2a: Eternatus|Substitute\n|-damage|p2a: Eternatus|63/100\n|move|p1a: Lunala|Meteor Beam||[still]\n|-prepare|p1a: Lunala|Meteor Beam\n|-boost|p1a: Lunala|spa|1\n|-enditem|p1a: Lunala|Power Herb\n|-anim|p1a: Lunala|Meteor Beam|p2b: Incineroar\n|-supereffective|p2b: Incineroar\n|-damage|p2b: Incineroar|0 fnt\n|faint|p2b: Incineroar\n|move|p1b: Ursaluna|Headlong Rush|p2a: Eternatus\n|-supereffective|p2a: Eternatus\n|-end|p2a: Eternatus|Substitute\n|-unboost|p1b: Ursaluna|def|1\n|-unboost|p1b: Ursaluna|spd|1\n|\n|-heal|p2a: Eternatus|69/100|[from] item: Black Sludge\n|-damage|p1b: Ursaluna|89/100 brn|[from] brn\n|upkeep\n|\n|t:|1774758409\n|switch|p2b: Ting-Lu|Ting-Lu, L50|100/100\n|-ability|p2b: Ting-Lu|Vessel of Ruin\n|turn|4\n|\n|t:|1774758420\n|switch|p1b: Indeedee|Indeedee-F, L50, F|100/100\n|move|p2a: Eternatus|Protect|p2a: Eternatus\n|-singleturn|p2a: Eternatus|Protect\n|move|p1a: Lunala|Expanding Force|p2b: Ting-Lu|[spread] \n|-activate|p2a: Eternatus|move: Protect\n|-immune|p2b: Ting-Lu\n|move|p2b: Ting-Lu|Snarl|p1b: Indeedee|[spread] p1b\n|-miss|p2b: Ting-Lu|p1a: Lunala\n|-supereffective|p1b: Indeedee\n|-damage|p1b: Indeedee|82/100\n|-unboost|p1b: Indeedee|spa|1\n|\n|-heal|p2a: Eternatus|75/100|[from] item: Black Sludge\n|upkeep\n|turn|5\n|\n|t:|1774758425\n|switch|p1b: Ursaluna|Ursaluna, L50, M|89/100 brn\n|move|p1a: Lunala|Wide Guard|p1a: Lunala\n|-singleturn|p1a: Lunala|Wide Guard\n|move|p2a: Eternatus|Substitute|p2a: Eternatus\n|-start|p2a: Eternatus|Substitute\n|-damage|p2a: Eternatus|50/100\n|move|p2b: Ting-Lu|Snarl|p1b: Ursaluna|[spread] \n|-activate|p1a: Lunala|move: Wide Guard\n|-activate|p1b: Ursaluna|move: Wide Guard\n|\n|-heal|p2a: Eternatus|57/100|[from] item: Black Sludge\n|-damage|p1b: Ursaluna|83/100 brn|[from] brn\n|-fieldend|move: Psychic Terrain\n|upkeep\n|turn|6\n|\n|t:|1774758433\n|move|p2a: Eternatus|Protect|p2a: Eternatus\n|-singleturn|p2a: Eternatus|Protect\n|move|p2b: Ting-Lu|Protect|p2b: Ting-Lu\n|-singleturn|p2b: Ting-Lu|Protect\n|move|p1a: Lunala|Moongeist Beam|p2a: Eternatus\n|-activate|p2a: Eternatus|move: Protect\n|move|p1b: Ursaluna|Facade|p2a: Eternatus\n|-activate|p2a: Eternatus|move: Protect\n|\n|-heal|p2a: Eternatus|63/100|[from] item: Black Sludge\n|-damage|p1b: Ursaluna|77/100 brn|[from] brn\n|upkeep\n|turn|7\n|\n|t:|1774758440\n|switch|p2b: Ho-Oh|Ho-Oh, L50|100/100\n|move|p2a: Eternatus|Toxic|p1a: Lunala\n|-status|p1a: Lunala|tox\n|move|p1a: Lunala|Moongeist Beam|p2a: Eternatus\n|-end|p2a: Eternatus|Substitute\n|move|p1b: Ursaluna|Facade|p2a: Eternatus\n|-damage|p2a: Eternatus|0 fnt\n|faint|p2a: Eternatus\n|\n|-damage|p1a: Lunala|95/100 tox|[from] psn\n|-damage|p1b: Ursaluna|71/100 brn|[from] brn\n|upkeep\n|-message|soten soten forfeited.\n|\n|win|terafireflareblitz\n|raw|terafireflareblitz's rating: 1584 &rarr; <strong>1607</strong><br />(+23 for winning)\n|raw|soten soten's rating: 1631 &rarr; <strong>1608</strong><br />(-23 for losing)\n","uploadtime":1774758443,"views":27,"formatid":"gen9vgc2026regi","rating":1607,"private":0,"password":null}