{"id":"gen9vgc2026regi-2577740673","format":"[Gen 9] VGC 2026 Reg I","players":["Minershrub","KCLord"],"log":"|j|\u2606Minershrub\n|j|\u2606KCLord\n|t:|1775601201\n|gametype|doubles\n|player|p1|Minershrub|gladion|1337\n|player|p2|KCLord|lucas|1442\n|gen|9\n|tier|[Gen 9] VGC 2026 Reg I\n|rated|\n|rule|Species Clause: Limit one of each Pok\u00e9mon\n|rule|Item Clause: Limit 1 of each item\n|clearpoke\n|poke|p1|Zacian-*, L50|\n|poke|p1|Tornadus, L50, M|\n|poke|p1|Rhydon, L50, M|\n|poke|p1|Kyogre, L50|\n|poke|p1|Incineroar, L50, M|\n|poke|p1|Rillaboom, L50, F|\n|poke|p2|Calyrex-Shadow, L50|\n|poke|p2|Zamazenta-*, L50|\n|poke|p2|Chien-Pao, L50|\n|poke|p2|Dragonite, L50, M|\n|poke|p2|Raging Bolt, L50|\n|poke|p2|Ogerpon-Cornerstone, L50, F|\n|teampreview|4\n|\n|t:|1775601254\n|teamsize|p1|4\n|teamsize|p2|4\n|start\n|switch|p1a: Tornadus|Tornadus, L50, M|100/100\n|switch|p1b: Zacian|Zacian-Crowned, L50|100/100\n|switch|p2a: Calyrex|Calyrex-Shadow, L50|100/100\n|switch|p2b: Dragonite|Dragonite, L50, M|100/100\n|-ability|p2a: Calyrex|As One\n|-ability|p2a: Calyrex|Unnerve\n|-ability|p1b: Zacian|Intrepid Sword|boost\n|-boost|p1b: Zacian|atk|1\n|turn|1\n|\n|t:|1775601290\n|-terastallize|p2b: Dragonite|Normal\n|move|p2b: Dragonite|Extreme Speed|p1b: Zacian\n|-resisted|p1b: Zacian\n|-damage|p1b: Zacian|64/100\n|move|p1a: Tornadus|Tailwind|p1a: Tornadus\n|-sidestart|p1: Minershrub|move: Tailwind\n|move|p1b: Zacian|Behemoth Blade|p2b: Dragonite\n|-damage|p2b: Dragonite|21/100\n|move|p2a: Calyrex|Astral Barrage|p1a: Tornadus|[spread] p1a,p1b\n|-crit|p1b: Zacian\n|-damage|p1a: Tornadus|32/100\n|-damage|p1b: Zacian|0 fnt\n|faint|p1b: Zacian\n|-ability|p2a: Calyrex|Grim Neigh|boost\n|-boost|p2a: Calyrex|spa|1\n|\n|upkeep\n|\n|t:|1775601300\n|switch|p1b: Kyogre|Kyogre, L50|100/100\n|-weather|RainDance|[from] ability: Drizzle|[of] p1b: Kyogre\n|turn|2\n|\n|t:|1775601335\n|move|p1a: Tornadus|Protect|p1a: Tornadus\n|-singleturn|p1a: Tornadus|Protect\n|move|p2a: Calyrex|Protect|p2a: Calyrex\n|-singleturn|p2a: Calyrex|Protect\n|move|p2b: Dragonite|Extreme Speed|p1a: Tornadus\n|-activate|p1a: Tornadus|move: Protect\n|move|p1b: Kyogre|Origin Pulse|p2a: Calyrex|[spread] p2b\n|-activate|p2a: Calyrex|move: Protect\n|-damage|p2b: Dragonite|0 fnt\n|faint|p2b: Dragonite\n|\n|-weather|RainDance|[upkeep]\n|upkeep\n|\n|t:|1775601349\n|switch|p2b: Ramazotti-C|Zamazenta-Crowned, L50|100/100\n|-ability|p2b: Ramazotti-C|Dauntless Shield|boost\n|-boost|p2b: Ramazotti-C|def|1\n|turn|3\n|\n|t:|1775601354\n|move|p1b: Kyogre|Protect|p1b: Kyogre\n|-singleturn|p1b: Kyogre|Protect\n|move|p2b: Ramazotti-C|Wide Guard|p2b: Ramazotti-C\n|-singleturn|p2b: Ramazotti-C|Wide Guard\n|move|p1a: Tornadus|Taunt|p2b: Ramazotti-C\n|-start|p2b: Ramazotti-C|move: Taunt\n|move|p2a: Calyrex|Astral Barrage|p1a: Tornadus|[spread] p1a\n|-activate|p1b: Kyogre|move: Protect\n|-damage|p1a: Tornadus|0 fnt\n|faint|p1a: Tornadus\n|-ability|p2a: Calyrex|Grim Neigh|boost\n|-boost|p2a: Calyrex|spa|1\n|\n|-weather|RainDance|[upkeep]\n|upkeep\n|\n|t:|1775601356\n|switch|p1a: Rhydon Deez Nuts|Rhydon, L50, M|100/100\n|turn|4\n|inactive|Battle timer is ON: inactive players will automatically lose when time's up. (requested by Minershrub)\n|\n|t:|1775601409\n|switch|p2b: Chien-Pao|Chien-Pao, L50|100/100\n|-ability|p2b: Chien-Pao|Sword of Ruin\n|move|p2a: Calyrex|Protect|p2a: Calyrex\n|-singleturn|p2a: Calyrex|Protect\n|move|p1b: Kyogre|Water Spout|p2b: Chien-Pao|[spread] p2b\n|-activate|p2a: Calyrex|move: Protect\n|-damage|p2b: Chien-Pao|0 fnt\n|faint|p2b: Chien-Pao\n|move|p1a: Rhydon Deez Nuts|Breaking Swipe|p2a: Calyrex\n|-activate|p2a: Calyrex|move: Protect\n|\n|-weather|RainDance|[upkeep]\n|-sideend|p1: Minershrub|move: Tailwind\n|upkeep\n|\n|t:|1775601425\n|switch|p2b: Ramazotti-C|Zamazenta-Crowned, L50|100/100\n|turn|5\n|inactive|Minershrub has 30 seconds left.\n|\n|t:|1775601457\n|move|p2a: Calyrex|Astral Barrage|p1a: Rhydon Deez Nuts|[spread] p1a,p1b\n|-damage|p1a: Rhydon Deez Nuts|0 fnt\n|-damage|p1b: Kyogre|21/100\n|faint|p1a: Rhydon Deez Nuts\n|-ability|p2a: Calyrex|Grim Neigh|boost\n|-boost|p2a: Calyrex|spa|1\n|move|p1b: Kyogre|Origin Pulse|p2a: Calyrex|[spread] p2a,p2b\n|-damage|p2a: Calyrex|14/100\n|-damage|p2b: Ramazotti-C|41/100\n|move|p2b: Ramazotti-C|Body Press|p1b: Kyogre\n|-damage|p1b: Kyogre|0 fnt\n|faint|p1b: Kyogre\n|\n|win|KCLord\n|raw|Minershrub's rating: 1337 &rarr; <strong>1323</strong><br />(-14 for losing)\n|raw|KCLord's rating: 1442 &rarr; <strong>1456</strong><br />(+14 for winning)\n|l|\u2606Minershrub\n|player|p1|\n|l|\u2606KCLord\n|player|p2|\n","uploadtime":1775601672,"views":16,"formatid":"gen9vgc2026regi","rating":1323,"private":0,"password":null}