{"id":"gen9vgc2026regi-2545793284","format":"[Gen 9] VGC 2026 Reg I","players":["masg07","Simon0123"],"log":"|j|\u2606masg07\n|j|\u2606Simon0123\n|t:|1771885663\n|gametype|doubles\n|player|p1|masg07|102|1246\n|player|p2|Simon0123|169|1225\n|gen|9\n|tier|[Gen 9] VGC 2026 Reg I\n|rated|\n|rule|Species Clause: Limit one of each Pok\u00e9mon\n|rule|Item Clause: Limit 1 of each item\n|clearpoke\n|poke|p1|Koraidon, L50|\n|poke|p1|Lunala, L50|\n|poke|p1|Flutter Mane, L50|\n|poke|p1|Jumpluff, L50, F|\n|poke|p1|Incineroar, L50, F|\n|poke|p1|Indeedee, L50, M|\n|poke|p2|Miraidon, L50|\n|poke|p2|Flutter Mane, L50|\n|poke|p2|Incineroar, L50, M|\n|poke|p2|Urshifu-*, L50, M|\n|poke|p2|Tornadus, L50, M|\n|poke|p2|Amoonguss, L50, F|\n|teampreview|4\n|\n|t:|1771885721\n|teamsize|p1|4\n|teamsize|p2|4\n|start\n|switch|p1a: Koraidon|Koraidon, L50|100/100\n|switch|p1b: Flutter Mane|Flutter Mane, L50|100/100\n|switch|p2a: Miraidon|Miraidon, L50|100/100\n|switch|p2b: Tornadus|Tornadus, L50, M|100/100\n|-fieldstart|move: Electric Terrain|[from] ability: Hadron Engine|[of] p2a: Miraidon\n|-weather|SunnyDay|[from] ability: Orichalcum Pulse|[of] p1a: Koraidon\n|-activate|p1b: Flutter Mane|ability: Protosynthesis\n|-start|p1b: Flutter Mane|protosynthesisspe\n|-activate|p1a: Koraidon|Orichalcum Pulse|[source]\n|turn|1\n|inactive|Battle timer is ON: inactive players will automatically lose when time's up. (requested by Simon0123)\n|\n|t:|1771885749\n|-terastallize|p2a: Miraidon|Electric\n|move|p1a: Koraidon|Protect|p1a: Koraidon\n|-singleturn|p1a: Koraidon|Protect\n|move|p2b: Tornadus|Tailwind|p2b: Tornadus\n|-sidestart|p2: Simon0123|move: Tailwind\n|move|p2a: Miraidon|Volt Switch|p1a: Koraidon\n|-activate|p1a: Koraidon|move: Protect\n|move|p1b: Flutter Mane|Icy Wind|p2b: Tornadus|[spread] p2a,p2b\n|-supereffective|p2b: Tornadus\n|-damage|p2a: Miraidon|87/100\n|-damage|p2b: Tornadus|65/100\n|-unboost|p2a: Miraidon|spe|1\n|\n|-weather|SunnyDay|[upkeep]\n|upkeep\n|turn|2\n|\n|t:|1771885772\n|switch|p1a: Indeedee|Indeedee, L50, M|100/100\n|-fieldstart|move: Psychic Terrain|[from] ability: Psychic Surge|[of] p1a: Indeedee\n|move|p2b: Tornadus|Bleakwind Storm|p1b: Flutter Mane|[spread] p1a,p1b\n|-damage|p1a: Indeedee|63/100\n|-damage|p1b: Flutter Mane|69/100\n|move|p1b: Flutter Mane|Moonblast|p2b: Tornadus\n|-damage|p2b: Tornadus|4/100\n|move|p2a: Miraidon|Volt Switch|p1a: Indeedee\n|-damage|p1a: Indeedee|0 fnt\n|faint|p1a: Indeedee\n|\n|t:|1771885790\n|switch|p2a: Flutter Mane|Flutter Mane, L50|100/100|[from] Volt Switch\n|-activate|p2a: Flutter Mane|ability: Protosynthesis\n|-start|p2a: Flutter Mane|protosynthesisspe\n|\n|-weather|SunnyDay|[upkeep]\n|upkeep\n|\n|t:|1771885795\n|switch|p1a: Lunala|Lunala, L50|100/100\n|turn|3\n|inactive|masg07 has 30 seconds left.\n|\n|t:|1771885821\n|-terastallize|p1a: Lunala|Fairy\n|move|p1b: Flutter Mane|Protect|p1b: Flutter Mane\n|-singleturn|p1b: Flutter Mane|Protect\n|move|p2a: Flutter Mane|Shadow Ball|p1a: Lunala\n|-damage|p1a: Lunala|85/100\n|-unboost|p1a: Lunala|spd|1\n|move|p2b: Tornadus|Bleakwind Storm|p1a: Lunala|[spread] p1a\n|-activate|p1b: Flutter Mane|move: Protect\n|-damage|p1a: Lunala|51/100\n|move|p1a: Lunala|Moongeist Beam|p2a: Flutter Mane\n|-supereffective|p2a: Flutter Mane\n|-enditem|p2a: Flutter Mane|Focus Sash\n|-damage|p2a: Flutter Mane|1/100\n|\n|-weather|SunnyDay|[upkeep]\n|upkeep\n|turn|4\n|inactive|Simon0123 has 30 seconds left.\n|\n|t:|1771885849\n|move|p2b: Tornadus|Protect|p2b: Tornadus\n|-singleturn|p2b: Tornadus|Protect\n|move|p1a: Lunala|Protect|p1a: Lunala\n|-singleturn|p1a: Lunala|Protect\n|move|p2a: Flutter Mane|Shadow Ball|p1a: Lunala\n|-activate|p1a: Lunala|move: Protect\n|move|p1b: Flutter Mane|Icy Wind|p2a: Flutter Mane|[spread] p2a\n|-activate|p2b: Tornadus|move: Protect\n|-damage|p2a: Flutter Mane|0 fnt\n|faint|p2a: Flutter Mane\n|-end|p2a: Flutter Mane|Protosynthesis|[silent]\n|\n|-weather|SunnyDay|[upkeep]\n|-sideend|p2: Simon0123|move: Tailwind\n|upkeep\n|\n|t:|1771885862\n|switch|p2a: Miraidon|Miraidon, L50, tera:Electric|87/100\n|-fieldstart|move: Electric Terrain|[from] ability: Hadron Engine|[of] p2a: Miraidon\n|turn|5\n|\n|t:|1771885875\n|switch|p1a: Koraidon|Koraidon, L50|100/100\n|-activate|p1a: Koraidon|ability: Orichalcum Pulse\n|move|p2b: Tornadus|Tailwind|p2b: Tornadus\n|-sidestart|p2: Simon0123|move: Tailwind\n|move|p2a: Miraidon|Electro Drift|p1a: Koraidon\n|-resisted|p1a: Koraidon\n|-damage|p1a: Koraidon|11/100\n|move|p1b: Flutter Mane|Icy Wind|p2b: Tornadus|[spread] p2a,p2b\n|-supereffective|p2b: Tornadus\n|-damage|p2a: Miraidon|74/100\n|-damage|p2b: Tornadus|0 fnt\n|-unboost|p2a: Miraidon|spe|1\n|faint|p2b: Tornadus\n|\n|-weather|none\n|-end|p1b: Flutter Mane|Protosynthesis\n|upkeep\n|-enditem|p1b: Flutter Mane|Booster Energy\n|-activate|p1b: Flutter Mane|ability: Protosynthesis|[fromitem]\n|-start|p1b: Flutter Mane|protosynthesisspe\n|\n|t:|1771885894\n|switch|p2b: Incineroar|Incineroar, L50, M|100/100\n|-ability|p2b: Incineroar|Intimidate|boost\n|-fail|p1a: Koraidon|unboost|[from] item: Clear Amulet|[of] p1a: Koraidon\n|-unboost|p1b: Flutter Mane|atk|1\n|turn|6\n|\n|t:|1771885905\n|move|p1a: Koraidon|Protect|p1a: Koraidon\n|-singleturn|p1a: Koraidon|Protect\n|move|p2b: Incineroar|Fake Out|p1a: Koraidon\n|-activate|p1a: Koraidon|move: Protect\n|move|p1b: Flutter Mane|Moonblast|p2a: Miraidon\n|-damage|p2a: Miraidon|28/100\n|-unboost|p2a: Miraidon|spa|1\n|move|p2a: Miraidon|Electro Drift|p1b: Flutter Mane\n|-damage|p1b: Flutter Mane|0 fnt\n|faint|p1b: Flutter Mane\n|-end|p1b: Flutter Mane|Protosynthesis|[silent]\n|\n|upkeep\n|\n|t:|1771885917\n|switch|p1b: Lunala|Lunala, L50, tera:Fairy|51/100\n|turn|7\n|inactive|Simon0123 has 30 seconds left.\n|inactive|Simon0123 has 20 seconds left.\n|inactive|Simon0123 has 15 seconds left.\n|\n|t:|1771885959\n|move|p2a: Miraidon|Electro Drift|p1a: Koraidon\n|-resisted|p1a: Koraidon\n|-damage|p1a: Koraidon|0 fnt\n|faint|p1a: Koraidon\n|move|p2b: Incineroar|Flare Blitz|p1b: Lunala\n|-damage|p1b: Lunala|12/100\n|-damage|p2b: Incineroar|85/100|[from] Recoil\n|move|p1b: Lunala|Moonblast|p2a: Miraidon\n|-damage|p2a: Miraidon|0 fnt\n|faint|p2a: Miraidon\n|\n|upkeep\n|turn|8\n|\n|t:|1771885975\n|move|p1b: Lunala|Protect|p1b: Lunala\n|-singleturn|p1b: Lunala|Protect\n|move|p2b: Incineroar|Flare Blitz|p1b: Lunala\n|-activate|p1b: Lunala|move: Protect\n|\n|-sideend|p2: Simon0123|move: Tailwind\n|upkeep\n|turn|9\n|\n|t:|1771885983\n|move|p1b: Lunala|Meteor Beam||[still]\n|-prepare|p1b: Lunala|Meteor Beam\n|-boost|p1b: Lunala|spa|1\n|-enditem|p1b: Lunala|Power Herb\n|-anim|p1b: Lunala|Meteor Beam|p2b: Incineroar\n|-supereffective|p2b: Incineroar\n|-damage|p2b: Incineroar|0 fnt\n|faint|p2b: Incineroar\n|\n|win|masg07\n|raw|masg07's rating: 1246 &rarr; <strong>1269</strong><br />(+23 for winning)\n|raw|Simon0123's rating: 1225 &rarr; <strong>1202</strong><br />(-23 for losing)\n|c|\u2606masg07|gg\n|l|\u2606Simon0123\n|player|p2|\n|l|\u2606masg07\n|player|p1|\n","uploadtime":1771886209,"views":12,"formatid":"gen9vgc2026regi","rating":1202,"private":0,"password":null}