{"id":"gen9vgc2026regi-2522505517","format":"[Gen 9] VGC 2026 Reg I","players":["1zha","dasabe\u76d6\u6b27\u5361\u4fa0"],"log":"|j|\u26061zha\n|j|\u2606dasabe\u76d6\u6b27\u5361\u4fa0\n|t:|1768917052\n|gametype|doubles\n|player|p1|1zha|170|1438\n|player|p2|dasabe\u76d6\u6b27\u5361\u4fa0|may-masters4|1561\n|gen|9\n|tier|[Gen 9] VGC 2026 Reg I\n|rated|\n|rule|Species Clause: Limit one of each Pok\u00e9mon\n|rule|Item Clause: Limit 1 of each item\n|clearpoke\n|poke|p1|Calyrex-Shadow, L50|\n|poke|p1|Chi-Yu, L50|\n|poke|p1|Zamazenta-*, L50|\n|poke|p1|Chien-Pao, L50|\n|poke|p1|Incineroar, L50, M|\n|poke|p1|Raging Bolt, L50|\n|poke|p2|Kyogre, L50|\n|poke|p2|Miraidon, L50|\n|poke|p2|Whimsicott, L50, F|\n|poke|p2|Iron Hands, L50|\n|poke|p2|Farigiraf, L50, F|\n|poke|p2|Urshifu-*, L50, M|\n|teampreview|4\n|c|\u26061zha|\u6211\u53bb\n|c|\u26061zha|\u8fd9\u4e48\u5de7\n|c|\u2606dasabe\u76d6\u6b27\u5361\u4fa0|\u54e6\uff1f\n|\n|t:|1768917095\n|teamsize|p1|4\n|teamsize|p2|4\n|start\n|switch|p1a: Zamazenta|Zamazenta-Crowned, L50|100/100\n|switch|p1b: Raging Bolt|Raging Bolt, L50|100/100\n|switch|p2a: \u5996\u820d\u7cbe\u62c9|Whimsicott, L50, F, shiny|100/100\n|switch|p2b: \u6210\u90fd\u8001\u76d6|Kyogre, L50, shiny|100/100\n|-ability|p1a: Zamazenta|Dauntless Shield|boost\n|-boost|p1a: Zamazenta|def|1\n|-weather|RainDance|[from] ability: Drizzle|[of] p2b: \u6210\u90fd\u8001\u76d6\n|turn|1\n|\n|t:|1768917126\n|-terastallize|p1a: Zamazenta|Dragon\n|move|p2a: \u5996\u820d\u7cbe\u62c9|Tailwind|p2a: \u5996\u820d\u7cbe\u62c9\n|-sidestart|p2: dasabe\u76d6\u6b27\u5361\u4fa0|move: Tailwind\n|move|p2b: \u6210\u90fd\u8001\u76d6|Origin Pulse|p1b: Raging Bolt|[spread] p1a,p1b\n|-resisted|p1a: Zamazenta\n|-resisted|p1b: Raging Bolt\n|-damage|p1a: Zamazenta|62/100\n|-damage|p1b: Raging Bolt|51/100\n|move|p1a: Zamazenta|Behemoth Bash|p2a: \u5996\u820d\u7cbe\u62c9\n|-supereffective|p2a: \u5996\u820d\u7cbe\u62c9\n|-enditem|p2a: \u5996\u820d\u7cbe\u62c9|Focus Sash\n|-damage|p2a: \u5996\u820d\u7cbe\u62c9|1/100\n|move|p1b: Raging Bolt|Thunderbolt|p2b: \u6210\u90fd\u8001\u76d6\n|-supereffective|p2b: \u6210\u90fd\u8001\u76d6\n|-damage|p2b: \u6210\u90fd\u8001\u76d6|1/100\n|\n|-weather|RainDance|[upkeep]\n|upkeep\n|turn|2\n|\n|t:|1768917152\n|switch|p2b: \u94f6\u91d1\u5996\u86c7|Miraidon, L50, shiny|100/100\n|-fieldstart|move: Electric Terrain|[from] ability: Hadron Engine|[of] p2b: \u94f6\u91d1\u5996\u86c7\n|move|p1a: Zamazenta|Wide Guard|p1a: Zamazenta\n|-singleturn|p1a: Zamazenta|Wide Guard\n|move|p1b: Raging Bolt|Thunderclap|p2a: \u5996\u820d\u7cbe\u62c9\n|-resisted|p2a: \u5996\u820d\u7cbe\u62c9\n|-damage|p2a: \u5996\u820d\u7cbe\u62c9|0 fnt\n|faint|p2a: \u5996\u820d\u7cbe\u62c9\n|\n|-weather|RainDance|[upkeep]\n|upkeep\n|\n|t:|1768917158\n|switch|p2a: \u6210\u90fd\u8001\u76d6|Kyogre, L50, shiny|1/100\n|turn|3\n|\n|t:|1768917171\n|switch|p2b: \u5c0f\u5934\u63a7\u5927\u5934|Farigiraf, L50, F, shiny|100/100\n|-enditem|p2b: \u5c0f\u5934\u63a7\u5927\u5934|Electric Seed\n|-boost|p2b: \u5c0f\u5934\u63a7\u5927\u5934|def|1|[from] item: Electric Seed\n|move|p1a: Zamazenta|Protect||[still]\n|-fail|p1a: Zamazenta\n|move|p1b: Raging Bolt|Thunderclap||[still]\n|cant|p2b: \u5c0f\u5934\u63a7\u5927\u5934|ability: Armor Tail|Thunderclap|[of] p1b: Raging Bolt\n|move|p2a: \u6210\u90fd\u8001\u76d6|Ice Beam|p1b: Raging Bolt\n|-supereffective|p1b: Raging Bolt\n|-damage|p1b: Raging Bolt|0 fnt\n|faint|p1b: Raging Bolt\n|-end|p1b: Raging Bolt|Protosynthesis|[silent]\n|\n|-weather|RainDance|[upkeep]\n|upkeep\n|\n|t:|1768917188\n|switch|p1b: Chi-Yu|Chi-Yu, L50|100/100\n|-ability|p1b: Chi-Yu|Beads of Ruin\n|turn|4\n|\n|t:|1768917196\n|move|p1a: Zamazenta|Wide Guard|p1a: Zamazenta\n|-singleturn|p1a: Zamazenta|Wide Guard\n|move|p2a: \u6210\u90fd\u8001\u76d6|Ice Beam|p1a: Zamazenta\n|-supereffective|p1a: Zamazenta\n|-damage|p1a: Zamazenta|0 fnt\n|faint|p1a: Zamazenta\n|move|p1b: Chi-Yu|Dark Pulse|p2b: \u5c0f\u5934\u63a7\u5927\u5934\n|-supereffective|p2b: \u5c0f\u5934\u63a7\u5927\u5934\n|-damage|p2b: \u5c0f\u5934\u63a7\u5927\u5934|5/100\n|move|p2b: \u5c0f\u5934\u63a7\u5927\u5934|Trick Room|p2b: \u5c0f\u5934\u63a7\u5927\u5934\n|-fieldstart|move: Trick Room|[of] p2b: \u5c0f\u5934\u63a7\u5927\u5934\n|\n|-weather|RainDance|[upkeep]\n|-sideend|p2: dasabe\u76d6\u6b27\u5361\u4fa0|move: Tailwind\n|upkeep\n|\n|t:|1768917207\n|switch|p1a: Calyrex|Calyrex-Shadow, L50|100/100\n|-ability|p1a: Calyrex|As One\n|-ability|p1a: Calyrex|Unnerve\n|turn|5\n|\n|t:|1768917212\n|move|p2b: \u5c0f\u5934\u63a7\u5927\u5934|Psychic|p1a: Calyrex\n|-resisted|p1a: Calyrex\n|-crit|p1a: Calyrex\n|-damage|p1a: Calyrex|68/100\n|move|p2a: \u6210\u90fd\u8001\u76d6|Ice Beam|p1a: Calyrex\n|-damage|p1a: Calyrex|0 fnt\n|faint|p1a: Calyrex\n|move|p1b: Chi-Yu|Dark Pulse|p2b: \u5c0f\u5934\u63a7\u5927\u5934\n|-supereffective|p2b: \u5c0f\u5934\u63a7\u5927\u5934\n|-damage|p2b: \u5c0f\u5934\u63a7\u5927\u5934|0 fnt\n|faint|p2b: \u5c0f\u5934\u63a7\u5927\u5934\n|\n|-weather|none\n|upkeep\n|\n|t:|1768917215\n|switch|p2b: \u94f6\u91d1\u5996\u86c7|Miraidon, L50, shiny|100/100\n|-activate|p2b: \u94f6\u91d1\u5996\u86c7|ability: Hadron Engine\n|turn|6\n|\n|t:|1768917225\n|-terastallize|p2b: \u94f6\u91d1\u5996\u86c7|Fairy\n|move|p2a: \u6210\u90fd\u8001\u76d6|Ice Beam|p1b: Chi-Yu\n|-resisted|p1b: Chi-Yu\n|-damage|p1b: Chi-Yu|64/100\n|move|p2b: \u94f6\u91d1\u5996\u86c7|Electro Drift|p1b: Chi-Yu\n|-damage|p1b: Chi-Yu|0 fnt\n|faint|p1b: Chi-Yu\n|-damage|p2b: \u94f6\u91d1\u5996\u86c7|91/100|[from] item: Life Orb\n|\n|win|dasabe\u76d6\u6b27\u5361\u4fa0\n|raw|1zha's rating: 1438 &rarr; <strong>1425</strong><br />(-13 for losing)\n|raw|dasabe\u76d6\u6b27\u5361\u4fa0's rating: 1561 &rarr; <strong>1574</strong><br />(+13 for winning)\n|l|\u2606dasabe\u76d6\u6b27\u5361\u4fa0\n|player|p2|\n|l|\u26061zha\n|player|p1|\n","uploadtime":1768917445,"views":26,"formatid":"gen9vgc2026regi","rating":1425,"private":0,"password":null}