{"id":"gen9vgc2026regi-2570674242","format":"[Gen 9] VGC 2026 Reg I","players":["EllenJoe2026","Kwiper"],"log":"|j|\u2606EllenJoe2026\n|j|\u2606Kwiper\n|t:|1774834490\n|gametype|doubles\n|player|p1|EllenJoe2026|elesa|1508\n|player|p2|Kwiper|sycamore|1695\n|gen|9\n|tier|[Gen 9] VGC 2026 Reg I\n|rated|\n|rule|Species Clause: Limit one of each Pok\u00e9mon\n|rule|Item Clause: Limit 1 of each item\n|clearpoke\n|poke|p1|Calyrex-Shadow, L50|\n|poke|p1|Zamazenta-*, L50|\n|poke|p1|Incineroar, L50, F|\n|poke|p1|Rillaboom, L50, F|\n|poke|p1|Ogerpon-Cornerstone, L50, F|\n|poke|p1|Tornadus, L50, M|\n|poke|p2|Koraidon, L50|\n|poke|p2|Lunala, L50|\n|poke|p2|Indeedee-F, L50, F|\n|poke|p2|Flutter Mane, L50|\n|poke|p2|Volcarona, L50, F|\n|poke|p2|Ursaluna, L50, M|\n|teampreview|4\n|inactive|Battle timer is ON: inactive players will automatically lose when time's up. (requested by Kwiper)\n|inactive|EllenJoe2026 also wants the timer to be on.\n|inactive|EllenJoe2026 has 60 seconds left.\n|inactive|EllenJoe2026 has 30 seconds left.\n|\n|t:|1774834556\n|teamsize|p1|4\n|teamsize|p2|4\n|start\n|switch|p1a: Ogerpon|Ogerpon-Cornerstone, L50, F|100/100\n|switch|p1b: Zamazenta|Zamazenta-Crowned, L50, shiny|100/100\n|switch|p2a: Lunala|Lunala, L50, shiny|100/100\n|switch|p2b: Indeedee|Indeedee-F, L50, F|100/100\n|-ability|p1b: Zamazenta|Dauntless Shield|boost\n|-boost|p1b: Zamazenta|def|1\n|-fieldstart|move: Psychic Terrain|[from] ability: Psychic Surge|[of] p2b: Indeedee\n|turn|1\n|\n|t:|1774834578\n|move|p1a: Ogerpon|Taunt|p2a: Lunala\n|-start|p2a: Lunala|move: Taunt\n|move|p1b: Zamazenta|Body Press|p2b: Indeedee\n|-damage|p2b: Indeedee|27/100\n|move|p2a: Lunala|Expanding Force|p1a: Ogerpon|[spread] p1a,p1b\n|-damage|p1a: Ogerpon|18/100\n|-damage|p1b: Zamazenta|53/100\n|move|p2b: Indeedee|Trick Room|p2b: Indeedee\n|-fieldstart|move: Trick Room|[of] p2b: Indeedee\n|\n|upkeep\n|turn|2\n|inactive|EllenJoe2026 has 30 seconds left.\n|\n|t:|1774834608\n|switch|p2b: Volcarona|Volcarona, L50, F|100/100\n|switch|p1a: Rillaboom|Rillaboom, L50, F, shiny|100/100\n|-fieldstart|move: Grassy Terrain|[from] ability: Grassy Surge|[of] p1a: Rillaboom\n|move|p2a: Lunala|Meteor Beam||[still]\n|-prepare|p2a: Lunala|Meteor Beam\n|-boost|p2a: Lunala|spa|1\n|-enditem|p2a: Lunala|Power Herb\n|-anim|p2a: Lunala|Meteor Beam|p1a: Rillaboom\n|-damage|p1a: Rillaboom|52/100\n|move|p1b: Zamazenta|Heavy Slam|p2a: Lunala\n|-damage|p2a: Lunala|81/100\n|\n|-heal|p1a: Rillaboom|58/100|[from] Grassy Terrain\n|-heal|p2a: Lunala|87/100|[from] Grassy Terrain\n|-heal|p1b: Zamazenta|59/100|[from] Grassy Terrain\n|upkeep\n|turn|3\n|inactive|EllenJoe2026 has 30 seconds left.\n|\n|t:|1774834641\n|move|p1a: Rillaboom|Wood Hammer|p2a: Lunala\n|-damage|p2a: Lunala|22/100\n|-damage|p1a: Rillaboom|34/100|[from] Recoil\n|move|p2b: Volcarona|Will-O-Wisp|p1b: Zamazenta\n|-status|p1b: Zamazenta|brn\n|move|p2a: Lunala|Moongeist Beam|p1a: Rillaboom\n|-damage|p1a: Rillaboom|0 fnt\n|faint|p1a: Rillaboom\n|move|p1b: Zamazenta|Heavy Slam|p2a: Lunala\n|-damage|p2a: Lunala|1/100\n|\n|-heal|p2a: Lunala|7/100|[from] Grassy Terrain\n|-heal|p1b: Zamazenta|65/100 brn|[from] Grassy Terrain\n|-damage|p1b: Zamazenta|59/100 brn|[from] brn\n|-end|p2a: Lunala|move: Taunt\n|upkeep\n|\n|t:|1774834656\n|switch|p1a: Calyrex|Calyrex-Shadow, L50|100/100\n|-ability|p1a: Calyrex|As One\n|-ability|p1a: Calyrex|Unnerve\n|turn|4\n|inactive|EllenJoe2026 has 30 seconds left.\n|inactive|EllenJoe2026 has 20 seconds left.\n|\n|t:|1774834695\n|-terastallize|p1a: Calyrex|Dark\n|move|p2b: Volcarona|Struggle Bug|p1b: Zamazenta|[spread] p1a,p1b\n|-supereffective|p1a: Calyrex\n|-resisted|p1b: Zamazenta\n|-crit|p1b: Zamazenta\n|-damage|p1a: Calyrex|69/100\n|-damage|p1b: Zamazenta|55/100 brn\n|-unboost|p1a: Calyrex|spa|1\n|-unboost|p1b: Zamazenta|spa|1\n|move|p2a: Lunala|Moongeist Beam|p1a: Calyrex\n|-resisted|p1a: Calyrex\n|-damage|p1a: Calyrex|23/100\n|move|p1b: Zamazenta|Body Press|p2b: Volcarona\n|-resisted|p2b: Volcarona\n|-damage|p2b: Volcarona|83/100\n|-damage|p1b: Zamazenta|38/100 brn|[from] item: Rocky Helmet|[of] p2b: Volcarona\n|move|p1a: Calyrex|Astral Barrage|p2b: Volcarona|[spread] p2a,p2b\n|-supereffective|p2a: Lunala\n|-damage|p2a: Lunala|0 fnt\n|-damage|p2b: Volcarona|47/100\n|faint|p2a: Lunala\n|-ability|p1a: Calyrex|Grim Neigh|boost\n|-boost|p1a: Calyrex|spa|1\n|-damage|p1a: Calyrex|14/100|[from] item: Life Orb\n|\n|-heal|p2b: Volcarona|54/100|[from] Grassy Terrain\n|-heal|p1b: Zamazenta|44/100 brn|[from] Grassy Terrain\n|-heal|p1a: Calyrex|20/100|[from] Grassy Terrain\n|-damage|p1b: Zamazenta|38/100 brn|[from] brn\n|upkeep\n|\n|t:|1774834705\n|switch|p2a: Koraidon|Koraidon, L50, shiny|100/100\n|-weather|SunnyDay|[from] ability: Orichalcum Pulse|[of] p2a: Koraidon\n|-activate|p2a: Koraidon|Orichalcum Pulse|[source]\n|turn|5\n|\n|t:|1774834717\n|move|p1a: Calyrex|Protect|p1a: Calyrex\n|-singleturn|p1a: Calyrex|Protect\n|move|p2b: Volcarona|Tailwind|p2b: Volcarona\n|-sidestart|p2: Kwiper|move: Tailwind\n|move|p1b: Zamazenta|Body Press|p2a: Koraidon\n|-damage|p2a: Koraidon|66/100\n|move|p2a: Koraidon|Close Combat|p1b: Zamazenta\n|-supereffective|p1b: Zamazenta\n|-damage|p1b: Zamazenta|0 fnt\n|-unboost|p2a: Koraidon|def|1\n|-unboost|p2a: Koraidon|spd|1\n|faint|p1b: Zamazenta\n|-damage|p2a: Koraidon|56/100|[from] item: Life Orb\n|\n|-weather|SunnyDay|[upkeep]\n|-heal|p1a: Calyrex|26/100|[from] Grassy Terrain\n|-heal|p2b: Volcarona|60/100|[from] Grassy Terrain\n|-heal|p2a: Koraidon|62/100|[from] Grassy Terrain\n|-fieldend|move: Trick Room\n|upkeep\n|\n|t:|1774834725\n|switch|p1b: Ogerpon|Ogerpon-Cornerstone, L50, F|18/100\n|turn|6\n|\n|t:|1774834729\n|move|p1b: Ogerpon|Follow Me|p1b: Ogerpon\n|-singleturn|p1b: Ogerpon|move: Follow Me\n|move|p2a: Koraidon|Breaking Swipe|p1a: Calyrex|[spread] p1a,p1b\n|-damage|p1a: Calyrex|0 fnt\n|-damage|p1b: Ogerpon|0 fnt\n|faint|p1a: Calyrex\n|faint|p1b: Ogerpon\n|-damage|p2a: Koraidon|52/100|[from] item: Life Orb\n|\n|win|Kwiper\n|raw|EllenJoe2026's rating: 1484 &rarr; <strong>1475</strong><br />(-9 for losing)\n|raw|Kwiper's rating: 1695 &rarr; <strong>1704</strong><br />(+9 for winning)\n","uploadtime":1774834729,"views":17,"formatid":"gen9vgc2026regi","rating":1475,"private":0,"password":null}