{"id":"gen9vgc2026regi-2547068998","format":"[Gen 9] VGC 2026 Reg I","players":["I\u2764\ufe0f\u5a1c\u7984forever","GalvanizedGolem"],"log":"|j|\u2606I\u2764\ufe0f\u5a1c\u7984forever\n|j|\u2606GalvanizedGolem\n|t:|1772043768\n|gametype|doubles\n|player|p1|I\u2764\ufe0f\u5a1c\u7984forever|youngcouple-gen4dp|\n|player|p2|GalvanizedGolem|pokemonranger|\n|gen|9\n|tier|[Gen 9] VGC 2026 Reg I\n|rated|Tournament battle\n|rule|Species Clause: Limit one of each Pok\u00e9mon\n|rule|Item Clause: Limit 1 of each item\n|raw|<div class=\"infobox\"><details class=\"readmore\" open><summary><strong>1 custom rule:</strong></summary> Open Team Sheets</details></div>\n|clearpoke\n|poke|p1|Groudon, L50|\n|poke|p1|Kyurem-White, L50|\n|poke|p1|Heatran, L50, F|\n|poke|p1|Whimsicott, L50, M|\n|poke|p1|Roaring Moon, L50|\n|poke|p1|Ditto, L50|\n|poke|p2|Weezing-Galar, L50, M|\n|poke|p2|Dondozo, L50, M|\n|poke|p2|Tatsugiri-Droopy, L50, F|\n|poke|p2|Miraidon, L50|\n|poke|p2|Calyrex-Shadow, L50|\n|poke|p2|Chien-Pao, L50|\n|teampreview|4\n|inactive|Battle timer is ON: inactive players will automatically lose when time's up. (requested by GalvanizedGolem)\n|inactive|GalvanizedGolem has 60 seconds left.\n|inactive|GalvanizedGolem has 30 seconds left.\n|inactive|GalvanizedGolem has 20 seconds left.\n|inactive|GalvanizedGolem has 15 seconds left.\n|\n|t:|1772043846\n|teamsize|p1|4\n|teamsize|p2|4\n|start\n|switch|p1a: Kyurem|Kyurem-White, L50|100/100\n|switch|p1b: Whimsicott|Whimsicott, L50, M|100/100\n|switch|p2a: Chien-Pao|Chien-Pao, L50|100/100\n|switch|p2b: Weezing|Weezing-Galar, L50, M|100/100\n|-ability|p2b: Weezing|Neutralizing Gas\n|turn|1\n|inactive|GalvanizedGolem has 30 seconds left.\n|\n|t:|1772043874\n|move|p2a: Chien-Pao|Ice Spinner|p1b: Whimsicott\n|-supereffective|p1b: Whimsicott\n|-enditem|p1b: Whimsicott|Focus Sash\n|-damage|p1b: Whimsicott|1/100\n|-damage|p2a: Chien-Pao|91/100|[from] item: Life Orb\n|move|p1b: Whimsicott|Tailwind|p1b: Whimsicott\n|-sidestart|p1: I\u2764\ufe0f\u5a1c\u7984forever|move: Tailwind\n|move|p1a: Kyurem|Blizzard|p2a: Chien-Pao|[spread] p2b\n|-miss|p1a: Kyurem|p2a: Chien-Pao\n|-enditem|p1a: Kyurem|Blunder Policy\n|-boost|p1a: Kyurem|spe|2\n|-damage|p2b: Weezing|44/100\n|move|p2b: Weezing|Toxic Spikes|p1b: Whimsicott\n|-sidestart|p1: I\u2764\ufe0f\u5a1c\u7984forever|move: Toxic Spikes\n|\n|upkeep\n|turn|2\n|inactive|I\u2764\ufe0f\u5a1c\u7984forever has 30 seconds left.\n|inactive|GalvanizedGolem has 30 seconds left.\n|\n|t:|1772043906\n|switch|p1b: Groudon|Groudon, L50|100/100\n|-status|p1b: Groudon|psn\n|move|p2a: Chien-Pao|Protect|p2a: Chien-Pao\n|-singleturn|p2a: Chien-Pao|Protect\n|move|p2b: Weezing|Protect|p2b: Weezing\n|-singleturn|p2b: Weezing|Protect\n|move|p1a: Kyurem|Fusion Flare|p2a: Chien-Pao\n|-activate|p2a: Chien-Pao|move: Protect\n|\n|-damage|p1b: Groudon|88/100 psn|[from] psn\n|upkeep\n|turn|3\n|\n|t:|1772043927\n|-end|p2b: Weezing|ability: Neutralizing Gas\n|-ability|p1a: Kyurem|Turboblaze\n|-weather|SunnyDay|[from] ability: Drought|[of] p1b: Groudon\n|-ability|p2a: Chien-Pao|Sword of Ruin\n|switch|p2b: Calyrex|Calyrex-Shadow, L50|100/100\n|-ability|p2b: Calyrex|As One\n|-ability|p2b: Calyrex|Unnerve\n|move|p2a: Chien-Pao|Sucker Punch|p1a: Kyurem\n|-damage|p1a: Kyurem|50/100\n|-damage|p2a: Chien-Pao|81/100|[from] item: Life Orb\n|move|p1a: Kyurem|Fusion Flare|p2a: Chien-Pao\n|-supereffective|p2a: Chien-Pao\n|-damage|p2a: Chien-Pao|0 fnt\n|faint|p2a: Chien-Pao\n|move|p1b: Groudon|Precipice Blades|p2b: Calyrex\n|-damage|p2b: Calyrex|15/100\n|\n|-weather|SunnyDay|[upkeep]\n|-damage|p1b: Groudon|76/100 psn|[from] psn\n|upkeep\n|\n|t:|1772043946\n|switch|p2a: Miraidon|Miraidon, L50|100/100\n|-fieldstart|move: Electric Terrain|[from] ability: Hadron Engine|[of] p2a: Miraidon\n|turn|4\n|\n|t:|1772043955\n|move|p2b: Calyrex|Protect|p2b: Calyrex\n|-singleturn|p2b: Calyrex|Protect\n|move|p2a: Miraidon|Protect|p2a: Miraidon\n|-singleturn|p2a: Miraidon|Protect\n|move|p1a: Kyurem|Blizzard|p2b: Calyrex|[spread] \n|-activate|p2a: Miraidon|move: Protect\n|-activate|p2b: Calyrex|move: Protect\n|move|p1b: Groudon|Precipice Blades|p2a: Miraidon|[spread] \n|-activate|p2a: Miraidon|move: Protect\n|-activate|p2b: Calyrex|move: Protect\n|\n|-weather|SunnyDay|[upkeep]\n|-damage|p1b: Groudon|64/100 psn|[from] psn\n|-sideend|p1: I\u2764\ufe0f\u5a1c\u7984forever|move: Tailwind\n|upkeep\n|turn|5\n|inactive|GalvanizedGolem has 30 seconds left.\n|inactive|GalvanizedGolem has 20 seconds left.\n|\n|t:|1772043995\n|-terastallize|p2a: Miraidon|Electric\n|move|p1a: Kyurem|Fusion Flare|p2b: Calyrex\n|-damage|p2b: Calyrex|0 fnt\n|faint|p2b: Calyrex\n|move|p2a: Miraidon|Electro Drift|p1a: Kyurem\n|-resisted|p1a: Kyurem\n|-damage|p1a: Kyurem|4/100\n|move|p1b: Groudon|Precipice Blades|p2a: Miraidon\n|-supereffective|p2a: Miraidon\n|-damage|p2a: Miraidon|0 fnt\n|faint|p2a: Miraidon\n|\n|-weather|SunnyDay|[upkeep]\n|-damage|p1b: Groudon|52/100 psn|[from] psn\n|upkeep\n|-message|GalvanizedGolem forfeited.\n|\n|win|I\u2764\ufe0f\u5a1c\u7984forever\n|n|\u2606I\u2764\ufe0f\u5a1c\u7984forever|iforever\n|n|\u2606GalvanizedGolem|galvanizedgolem\n","uploadtime":1772044001,"views":12,"formatid":"gen9vgc2026regi","rating":null,"private":0,"password":null}