{"id":"gen9vgc2026regi-2572744175","format":"[Gen 9] VGC 2026 Reg I","players":["Vectorpd","shecallmedada"],"log":"|j|\u2606Vectorpd\n|j|\u2606shecallmedada\n|t:|1775060040\n|gametype|doubles\n|player|p1|Vectorpd|picnicker|1550\n|player|p2|shecallmedada|burglar-gen1rb|1521\n|gen|9\n|tier|[Gen 9] VGC 2026 Reg I\n|rated|\n|rule|Species Clause: Limit one of each Pok\u00e9mon\n|rule|Item Clause: Limit 1 of each item\n|clearpoke\n|poke|p1|Calyrex-Shadow, L50|\n|poke|p1|Zamazenta-*, L50|\n|poke|p1|Raging Bolt, L50|\n|poke|p1|Rillaboom, L50, F|\n|poke|p1|Tornadus, L50, M|\n|poke|p1|Smeargle, L50, F|\n|poke|p2|Terapagos, L50, M|\n|poke|p2|Ho-Oh, L50|\n|poke|p2|Raging Bolt, L50|\n|poke|p2|Urshifu-*, L50, M|\n|poke|p2|Incineroar, L50, M|\n|poke|p2|Sinistcha, L50|\n|teampreview|4\nVectorpd rejected open team sheets.\n|inactive|Battle timer is ON: inactive players will automatically lose when time's up. (requested by Vectorpd)\n|j| CookingDondozo\n|l|\u2606Vectorpd\n|inactive|Vectorpd disconnected and has a minute to reconnect!\n|player|p1|\n|j|\u2606Vectorpd\n|inactive|Vectorpd reconnected and has 80 seconds left.\n|player|p1|Vectorpd|picnicker|\n|\n|t:|1775060088\n|teamsize|p1|4\n|teamsize|p2|4\n|start\n|switch|p1a: Smeargle|Smeargle, L50, F|100/100\n|switch|p1b: Tornadus|Tornadus, L50, M|100/100\n|switch|p2a: Terapagos|Terapagos, L50, M|100/100\n|switch|p2b: Incineroar|Incineroar, L50, M|100/100\n|-activate|p2a: Terapagos|ability: Tera Shift\n|detailschange|p2a: Terapagos|Terapagos-Terastal, L50, M\n|-heal|p2a: Terapagos|100/100|[silent]\n|-ability|p2b: Incineroar|Intimidate|boost\n|-unboost|p1a: Smeargle|atk|1\n|-unboost|p1b: Tornadus|atk|1\n|turn|1\n|\n|t:|1775060106\n|move|p1a: Smeargle|Fake Out|p2a: Terapagos\n|-activate|p2a: Terapagos|ability: Tera Shell\n|-resisted|p2a: Terapagos\n|-damage|p2a: Terapagos|99/100\n|move|p2b: Incineroar|Fake Out|p1a: Smeargle\n|-damage|p1a: Smeargle|79/100\n|move|p1b: Tornadus|Bleakwind Storm|p2a: Terapagos|[spread] p2a,p2b\n|-damage|p2a: Terapagos|60/100\n|-damage|p2b: Incineroar|76/100\n|move|p2a: Terapagos|Tera Starstorm|p1a: Smeargle\n|-damage|p1a: Smeargle|0 fnt\n|faint|p1a: Smeargle\n|\n|upkeep\n|l| CookingDondozo\n|\n|t:|1775060123\n|switch|p1a: Zamazenta|Zamazenta-Crowned, L50|100/100\n|-ability|p1a: Zamazenta|Dauntless Shield|boost\n|-boost|p1a: Zamazenta|def|1\n|turn|2\n|\n|t:|1775060134\n|switch|p2a: Ho-Oh|Ho-Oh, L50|100/100\n|move|p1a: Zamazenta|Body Press|p2b: Incineroar\n|-supereffective|p2b: Incineroar\n|-damage|p2b: Incineroar|0 fnt\n|faint|p2b: Incineroar\n|move|p1b: Tornadus|Bleakwind Storm|p2a: Ho-Oh|[miss]\n|-miss|p1b: Tornadus|p2a: Ho-Oh\n|\n|upkeep\n|\n|t:|1775060148\n|switch|p2b: Terapagos|Terapagos-Terastal, L50, M|60/100\n|turn|3\n|\n|t:|1775060155\n|move|p1a: Zamazenta|Protect|p1a: Zamazenta\n|-singleturn|p1a: Zamazenta|Protect\n|move|p2b: Terapagos|Protect|p2b: Terapagos\n|-singleturn|p2b: Terapagos|Protect\n|move|p1b: Tornadus|Taunt|p2a: Ho-Oh\n|-start|p2a: Ho-Oh|move: Taunt\n|cant|p2a: Ho-Oh|move: Taunt|Tailwind\n|\n|upkeep\n|turn|4\n|\n|t:|1775060166\n|switch|p2b: Sinistcha|Sinistcha, L50|100/100\n|move|p1b: Tornadus|Tailwind|p1b: Tornadus\n|-sidestart|p1: Vectorpd|move: Tailwind\n|move|p1a: Zamazenta|Body Press|p2b: Sinistcha\n|-immune|p2b: Sinistcha\n|move|p2a: Ho-Oh|Sacred Fire|p1a: Zamazenta\n|-supereffective|p1a: Zamazenta\n|-damage|p1a: Zamazenta|63/100\n|-status|p1a: Zamazenta|brn\n|\n|-damage|p1a: Zamazenta|57/100 brn|[from] brn\n|upkeep\n|turn|5\n|inactive|shecallmedada has 30 seconds left.\n|\n|t:|1775060196\n|switch|p1a: Calyrex|Calyrex-Shadow, L50|100/100\n|-ability|p1a: Calyrex|As One\n|-ability|p1a: Calyrex|Unnerve\n|switch|p2b: Terapagos|Terapagos-Terastal, L50, M|60/100\n|move|p1b: Tornadus|Taunt|p2b: Terapagos\n|-start|p2b: Terapagos|move: Taunt\n|move|p2a: Ho-Oh|Sacred Fire|p1a: Calyrex\n|-damage|p1a: Calyrex|42/100\n|\n|-end|p2a: Ho-Oh|move: Taunt\n|upkeep\n|turn|6\n|inactive|Vectorpd has 30 seconds left.\n|\n|t:|1775060222\n|move|p1a: Calyrex|Psychic|p2b: Terapagos\n|-damage|p2b: Terapagos|4/100\n|-damage|p1a: Calyrex|32/100|[from] item: Life Orb\n|move|p1b: Tornadus|Bleakwind Storm|p2a: Ho-Oh|[spread] p2a,p2b\n|-damage|p2a: Ho-Oh|76/100\n|-damage|p2b: Terapagos|0 fnt\n|faint|p2b: Terapagos\n|move|p2a: Ho-Oh|Sacred Fire|p1a: Calyrex\n|-damage|p1a: Calyrex|0 fnt\n|faint|p1a: Calyrex\n|\n|upkeep\n|\n|t:|1775060229\n|switch|p1a: Zamazenta|Zamazenta-Crowned, L50|57/100 brn\n|switch|p2b: Sinistcha|Sinistcha, L50|100/100\n|-heal|p2a: Ho-Oh|100/100|[from] ability: Hospitality|[of] p2b: Sinistcha\n|turn|7\n|\n|t:|1775060247\n|-terastallize|p1b: Tornadus|Dragon\n|move|p2b: Sinistcha|Protect|p2b: Sinistcha\n|-singleturn|p2b: Sinistcha|Protect\n|move|p1b: Tornadus|Taunt|p2b: Sinistcha\n|-activate|p2b: Sinistcha|move: Protect\n|move|p1a: Zamazenta|Body Press|p2a: Ho-Oh\n|-resisted|p2a: Ho-Oh\n|-damage|p2a: Ho-Oh|90/100\n|move|p2a: Ho-Oh|Tailwind|p2a: Ho-Oh\n|-sidestart|p2: shecallmedada|move: Tailwind\n|\n|-damage|p1a: Zamazenta|51/100 brn|[from] brn\n|-sideend|p1: Vectorpd|move: Tailwind\n|upkeep\n|turn|8\n|inactive|shecallmedada has 30 seconds left.\n|\n|t:|1775060274\n|move|p2a: Ho-Oh|Sacred Fire|p1b: Tornadus\n|-resisted|p1b: Tornadus\n|-damage|p1b: Tornadus|71/100\n|move|p2b: Sinistcha|Shadow Ball|p1b: Tornadus\n|-damage|p1b: Tornadus|36/100\n|move|p1a: Zamazenta|Heavy Slam|p2b: Sinistcha\n|-damage|p2b: Sinistcha|77/100\n|move|p1b: Tornadus|Bleakwind Storm|p2b: Sinistcha|[spread] p2a,p2b\n|-supereffective|p2b: Sinistcha\n|-damage|p2a: Ho-Oh|66/100\n|-damage|p2b: Sinistcha|0 fnt\n|faint|p2b: Sinistcha\n|\n|-damage|p1a: Zamazenta|45/100 brn|[from] brn\n|upkeep\n|turn|9\n|\n|t:|1775060297\n|move|p1b: Tornadus|Protect|p1b: Tornadus\n|-singleturn|p1b: Tornadus|Protect\n|move|p2a: Ho-Oh|Brave Bird|p1b: Tornadus\n|-activate|p1b: Tornadus|move: Protect\n|move|p1a: Zamazenta|Body Press|p2a: Ho-Oh\n|-resisted|p2a: Ho-Oh\n|-damage|p2a: Ho-Oh|57/100\n|\n|-damage|p1a: Zamazenta|38/100 brn|[from] brn\n|upkeep\n|turn|10\n|\n|t:|1775060311\n|move|p1b: Tornadus|Protect|p1b: Tornadus\n|-singleturn|p1b: Tornadus|Protect\n|move|p2a: Ho-Oh|Brave Bird|p1b: Tornadus\n|-activate|p1b: Tornadus|move: Protect\n|move|p1a: Zamazenta|Body Press|p2a: Ho-Oh\n|-resisted|p2a: Ho-Oh\n|-crit|p2a: Ho-Oh\n|-damage|p2a: Ho-Oh|42/100\n|\n|-damage|p1a: Zamazenta|32/100 brn|[from] brn\n|-sideend|p2: shecallmedada|move: Tailwind\n|upkeep\n|turn|11\n|\n|t:|1775060321\n|move|p1a: Zamazenta|Body Press|p2a: Ho-Oh\n|-resisted|p2a: Ho-Oh\n|-damage|p2a: Ho-Oh|32/100\n|move|p1b: Tornadus|Bleakwind Storm|p2a: Ho-Oh|[miss]\n|-miss|p1b: Tornadus|p2a: Ho-Oh\n|move|p2a: Ho-Oh|Brave Bird|p1b: Tornadus\n|-damage|p1b: Tornadus|0 fnt\n|faint|p1b: Tornadus\n|-damage|p2a: Ho-Oh|22/100|[from] Recoil\n|\n|-damage|p1a: Zamazenta|26/100 brn|[from] brn\n|upkeep\n|turn|12\n|\n|t:|1775060333\n|move|p2a: Ho-Oh|Protect|p2a: Ho-Oh\n|-singleturn|p2a: Ho-Oh|Protect\n|move|p1a: Zamazenta|Body Press|p2a: Ho-Oh\n|-activate|p2a: Ho-Oh|move: Protect\n|\n|-damage|p1a: Zamazenta|20/100 brn|[from] brn\n|upkeep\n|turn|13\n|\n|t:|1775060340\n|move|p1a: Zamazenta|Body Press|p2a: Ho-Oh\n|-resisted|p2a: Ho-Oh\n|-damage|p2a: Ho-Oh|12/100\n|move|p2a: Ho-Oh|Brave Bird|p1a: Zamazenta\n|-damage|p1a: Zamazenta|0 fnt\n|faint|p1a: Zamazenta\n|-damage|p2a: Ho-Oh|7/100|[from] Recoil\n|\n|win|shecallmedada\n|raw|Vectorpd's rating: 1550 &rarr; <strong>1528</strong><br />(-22 for losing)\n|raw|shecallmedada's rating: 1521 &rarr; <strong>1543</strong><br />(+22 for winning)\n|l|\u2606Vectorpd\n|player|p1|\n","uploadtime":1775060371,"views":32,"formatid":"gen9vgc2026regi","rating":1528,"private":0,"password":null}