{"id":"gen9vgc2026regi-2578836977","format":"[Gen 9] VGC 2026 Reg I","players":["San gerger","navinsachump"],"log":"|j|\u2606San gerger\n|j|\u2606navinsachump\n|t:|1775725516\n|gametype|doubles\n|player|p1|San gerger|102|1398\n|player|p2|navinsachump|smasher|1427\n|gen|9\n|tier|[Gen 9] VGC 2026 Reg I\n|rated|\n|rule|Species Clause: Limit one of each Pok\u00e9mon\n|rule|Item Clause: Limit 1 of each item\n|clearpoke\n|poke|p1|Lunala, L50|\n|poke|p1|Miraidon, L50|\n|poke|p1|Whimsicott, L50, F|\n|poke|p1|Incineroar, L50, M|\n|poke|p1|Urshifu-*, L50, M|\n|poke|p1|Ursaluna, L50, M|\n|poke|p2|Miraidon, L50|\n|poke|p2|Incineroar, L50, M|\n|poke|p2|Whimsicott, L50, M|\n|poke|p2|Urshifu-*, L50, F|\n|poke|p2|Lunala, L50|\n|poke|p2|Ursaluna, L50, M|\n|teampreview|4\n|inactive|Battle timer is ON: inactive players will automatically lose when time's up. (requested by navinsachump)\n|\n|t:|1775725549\n|teamsize|p1|4\n|teamsize|p2|4\n|start\n|switch|p1a: Lunala|Lunala, L50|100/100\n|switch|p1b: Incineroar|Incineroar, L50, M|100/100\n|switch|p2a: Lunala|Lunala, L50|100/100\n|switch|p2b: Incineroar|Incineroar, L50, M|100/100\n|-ability|p2b: Incineroar|Intimidate|boost\n|-unboost|p1a: Lunala|atk|1\n|-unboost|p1b: Incineroar|atk|1\n|-ability|p1b: Incineroar|Intimidate|boost\n|-unboost|p2a: Lunala|atk|1\n|-unboost|p2b: Incineroar|atk|1\n|turn|1\n|inactive|San gerger has 30 seconds left.\n|\n|t:|1775725575\n|switch|p1a: Ursaluna|Ursaluna, L50, M|100/100\n|-terastallize|p2a: Lunala|Fairy\n|move|p2b: Incineroar|Fake Out|p1b: Incineroar\n|-damage|p1b: Incineroar|94/100\n|-damage|p2b: Incineroar|84/100|[from] item: Rocky Helmet|[of] p1b: Incineroar\n|move|p2a: Lunala|Moonblast|p1a: Ursaluna\n|-damage|p1a: Ursaluna|56/100\n|cant|p1b: Incineroar|flinch\n|\n|-status|p1a: Ursaluna|brn|[from] item: Flame Orb\n|upkeep\n|turn|2\n|inactive|San gerger has 30 seconds left.\n|inactive|navinsachump has 30 seconds left.\n|\n|t:|1775725607\n|move|p2a: Lunala|Moonblast|p1a: Ursaluna\n|-damage|p1a: Ursaluna|15/100 brn\n|move|p2b: Incineroar|Knock Off|p1a: Ursaluna\n|-damage|p1a: Ursaluna|0 fnt\n|-enditem|p1a: Ursaluna|Flame Orb|[from] move: Knock Off|[of] p2b: Incineroar\n|faint|p1a: Ursaluna\n|move|p1b: Incineroar|Knock Off|p2a: Lunala\n|-resisted|p2a: Lunala\n|-damage|p2a: Lunala|97/100\n|-enditem|p2a: Lunala|Electric Seed|[from] move: Knock Off|[of] p1b: Incineroar\n|\n|upkeep\n|\n|t:|1775725620\n|switch|p1a: Miraidon|Miraidon, L50|100/100\n|-fieldstart|move: Electric Terrain|[from] ability: Hadron Engine|[of] p1a: Miraidon\n|turn|3\n|\n|t:|1775725633\n|switch|p2a: Ursaluna|Ursaluna, L50, M|100/100\n|-terastallize|p1a: Miraidon|Electric\n|move|p1a: Miraidon|Electro Drift|p2a: Ursaluna\n|-immune|p2a: Ursaluna\n|move|p2b: Incineroar|U-turn|p1b: Incineroar\n|-damage|p1b: Incineroar|83/100\n|-damage|p2b: Incineroar|67/100|[from] item: Rocky Helmet|[of] p1b: Incineroar\n|\n|t:|1775725652\n|switch|p2b: Lunala|Lunala, L50, tera:Fairy|97/100|[from] U-turn\n|move|p1b: Incineroar|Parting Shot|p2b: Lunala\n|-unboost|p2b: Lunala|atk|1\n|-unboost|p2b: Lunala|spa|1\n|\n|t:|1775725664\n|switch|p1b: Lunala|Lunala, L50|100/100|[from] Parting Shot\n|-enditem|p1b: Lunala|Electric Seed\n|-boost|p1b: Lunala|def|1|[from] item: Electric Seed\n|\n|-status|p2a: Ursaluna|brn|[from] item: Flame Orb\n|upkeep\n|turn|4\n|inactive|San gerger has 30 seconds left.\n|\n|t:|1775725690\n|switch|p2b: Incineroar|Incineroar, L50, M|67/100\n|-ability|p2b: Incineroar|Intimidate|boost\n|-unboost|p1a: Miraidon|atk|1\n|-unboost|p1b: Lunala|atk|1\n|move|p1a: Miraidon|Electro Drift|p2b: Incineroar\n|-damage|p2b: Incineroar|0 fnt\n|faint|p2b: Incineroar\n|-damage|p1a: Miraidon|91/100|[from] item: Life Orb\n|move|p1b: Lunala|Moonblast|p2a: Ursaluna\n|-damage|p2a: Ursaluna|74/100 brn\n|move|p2a: Ursaluna|Headlong Rush|p1a: Miraidon\n|-supereffective|p1a: Miraidon\n|-damage|p1a: Miraidon|0 fnt\n|-unboost|p2a: Ursaluna|def|1\n|-unboost|p2a: Ursaluna|spd|1\n|faint|p1a: Miraidon\n|\n|-damage|p2a: Ursaluna|68/100 brn|[from] brn\n|upkeep\n|inactive|navinsachump has 30 seconds left.\n|\n|t:|1775725717\n|switch|p1a: Incineroar|Incineroar, L50, M|83/100\n|switch|p2b: Lunala|Lunala, L50, tera:Fairy|97/100\n|-ability|p1a: Incineroar|Intimidate|boost\n|-unboost|p2a: Ursaluna|atk|1\n|-unboost|p2b: Lunala|atk|1\n|turn|5\n|inactive|San gerger has 30 seconds left.\n|\n|t:|1775725744\n|switch|p2a: Miraidon|Miraidon, L50|100/100\n|-activate|p2a: Miraidon|ability: Hadron Engine\n|move|p1a: Incineroar|Fake Out|p2b: Lunala\n|-damage|p2b: Lunala|89/100\n|move|p1b: Lunala|Moongeist Beam|p2b: Lunala\n|-damage|p2b: Lunala|47/100\n|cant|p2b: Lunala|flinch\n|\n|upkeep\n|turn|6\n|\n|t:|1775725764\n|move|p2a: Miraidon|Electro Drift|p1a: Incineroar\n|-damage|p1a: Incineroar|0 fnt\n|-damage|p2a: Miraidon|84/100|[from] item: Rocky Helmet|[of] p1a: Incineroar\n|faint|p1a: Incineroar\n|move|p1b: Lunala|Moonblast|p2a: Miraidon\n|-supereffective|p2a: Miraidon\n|-crit|p2a: Miraidon\n|-damage|p2a: Miraidon|0 fnt\n|faint|p2a: Miraidon\n|move|p2b: Lunala|Moongeist Beam|p1b: Lunala\n|-supereffective|p1b: Lunala\n|-damage|p1b: Lunala|28/100\n|\n|upkeep\n|\n|t:|1775725770\n|switch|p2a: Ursaluna|Ursaluna, L50, M|68/100 brn\n|turn|7\n|-message|San gerger forfeited.\n|\n|win|navinsachump\n|raw|San gerger's rating: 1398 &rarr; <strong>1380</strong><br />(-18 for losing)\n|raw|navinsachump's rating: 1427 &rarr; <strong>1445</strong><br />(+18 for winning)\n|c|\u2606navinsachump|gg\n|l|\u2606San gerger\n|player|p1|\n|l|\u2606navinsachump\n|player|p2|\n","uploadtime":1775726001,"views":10,"formatid":"gen9vgc2026regi","rating":1380,"private":0,"password":null}