{"id":"gen9vgc2026regi-2550065702","format":"[Gen 9] VGC 2026 Reg I","players":["EllenJoe2026","CHR1SPHX"],"log":"|j|\u2606EllenJoe2026\n|j|\u2606CHR1SPHX\n|t:|1772450126\n|gametype|doubles\n|player|p1|EllenJoe2026|iono|1423\n|player|p2|CHR1SPHX|hilbert-wonderlauncher|1396\n|gen|9\n|tier|[Gen 9] VGC 2026 Reg I\n|rated|\n|rule|Species Clause: Limit one of each Pok\u00e9mon\n|rule|Item Clause: Limit 1 of each item\n|clearpoke\n|poke|p1|Calyrex-Shadow, L50|\n|poke|p1|Zamazenta-*, L50|\n|poke|p1|Incineroar, L50, F|\n|poke|p1|Rillaboom, L50, F|\n|poke|p1|Smeargle, L50, F|\n|poke|p1|Tornadus, L50, M|\n|poke|p2|Incineroar, L50, M|\n|poke|p2|Koraidon, L50|\n|poke|p2|Flutter Mane, L50|\n|poke|p2|Brute Bonnet, L50|\n|poke|p2|Indeedee-F, L50, F|\n|poke|p2|Calyrex-Ice, L50|\n|teampreview|4\n|inactive|Battle timer is ON: inactive players will automatically lose when time's up. (requested by CHR1SPHX)\n|inactive|EllenJoe2026 also wants the timer to be on.\n|\n|t:|1772450155\n|teamsize|p1|4\n|teamsize|p2|4\n|start\n|switch|p1a: Zamazenta|Zamazenta-Crowned, L50, shiny|100/100\n|switch|p1b: Tornadus|Tornadus, L50, M, shiny|100/100\n|switch|p2a: Indeedee|Indeedee-F, L50, F|100/100\n|switch|p2b: Calyrex|Calyrex-Ice, L50|100/100\n|-ability|p2b: Calyrex|As One\n|-ability|p2b: Calyrex|Unnerve\n|-ability|p1a: Zamazenta|Dauntless Shield|boost\n|-boost|p1a: Zamazenta|def|1\n|-fieldstart|move: Psychic Terrain|[from] ability: Psychic Surge|[of] p2a: Indeedee\n|turn|1\n|inactive|EllenJoe2026 has 30 seconds left.\n|\n|t:|1772450181\n|-terastallize|p1a: Zamazenta|Grass\n|-terastallize|p2b: Calyrex|Ground\n|move|p2a: Indeedee|Helping Hand|p2b: Calyrex\n|-singleturn|p2b: Calyrex|Helping Hand|[of] p2a: Indeedee\n|move|p1a: Zamazenta|Wide Guard|p1a: Zamazenta\n|-singleturn|p1a: Zamazenta|Wide Guard\n|move|p1b: Tornadus|Bleakwind Storm|p2b: Calyrex|[spread] \n|-miss|p1b: Tornadus|p2a: Indeedee\n|-miss|p1b: Tornadus|p2b: Calyrex\n|move|p2b: Calyrex|High Horsepower|p1a: Zamazenta\n|-resisted|p1a: Zamazenta\n|-damage|p1a: Zamazenta|85/100\n|\n|upkeep\n|turn|2\n|inactive|EllenJoe2026 has 30 seconds left.\n|\n|t:|1772450211\n|switch|p1b: Rillaboom|Rillaboom, L50, F, shiny|100/100\n|-fieldstart|move: Grassy Terrain|[from] ability: Grassy Surge|[of] p1b: Rillaboom\n|move|p1a: Zamazenta|Wide Guard|p1a: Zamazenta\n|-singleturn|p1a: Zamazenta|Wide Guard\n|move|p2b: Calyrex|Zen Headbutt|p1b: Rillaboom\n|-damage|p1b: Rillaboom|57/100\n|move|p2a: Indeedee|Trick Room|p2a: Indeedee\n|-fieldstart|move: Trick Room|[of] p2a: Indeedee\n|\n|-heal|p1b: Rillaboom|63/100|[from] Grassy Terrain\n|-heal|p1a: Zamazenta|91/100|[from] Grassy Terrain\n|upkeep\n|turn|3\n|\n|t:|1772450229\n|move|p2a: Indeedee|Helping Hand|p2b: Calyrex\n|-singleturn|p2b: Calyrex|Helping Hand|[of] p2a: Indeedee\n|move|p1b: Rillaboom|Fake Out|p2b: Calyrex\n|-damage|p2b: Calyrex|92/100\n|cant|p2b: Calyrex|flinch\n|move|p1a: Zamazenta|Body Press|p2a: Indeedee\n|-damage|p2a: Indeedee|32/100\n|\n|-heal|p2b: Calyrex|98/100|[from] Grassy Terrain\n|-heal|p2a: Indeedee|38/100|[from] Grassy Terrain\n|-heal|p1b: Rillaboom|68/100|[from] Grassy Terrain\n|-heal|p1a: Zamazenta|97/100|[from] Grassy Terrain\n|upkeep\n|turn|4\n|\n|t:|1772450244\n|switch|p2a: Brute Bonnet|Brute Bonnet, L50, shiny|100/100\n|move|p2b: Calyrex|Protect|p2b: Calyrex\n|-singleturn|p2b: Calyrex|Protect\n|move|p1a: Zamazenta|Wide Guard|p1a: Zamazenta\n|-singleturn|p1a: Zamazenta|Wide Guard\n|move|p1b: Rillaboom|U-turn|p2a: Brute Bonnet\n|-supereffective|p2a: Brute Bonnet\n|-crit|p2a: Brute Bonnet\n|-damage|p2a: Brute Bonnet|0 fnt\n|faint|p2a: Brute Bonnet\n|-end|p2a: Brute Bonnet|Protosynthesis|[silent]\n|\n|t:|1772450263\n|switch|p1b: Tornadus|Tornadus, L50, M, shiny|100/100|[from] U-turn\n|\n|-heal|p2b: Calyrex|100/100|[from] Grassy Terrain\n|-heal|p1a: Zamazenta|100/100|[from] Grassy Terrain\n|upkeep\n|\n|t:|1772450268\n|switch|p2a: Flutter Mane|Flutter Mane, L50|100/100\n|turn|5\n|\n|t:|1772450289\n|move|p1a: Zamazenta|Wide Guard|p1a: Zamazenta\n|-singleturn|p1a: Zamazenta|Wide Guard\n|move|p2b: Calyrex|Glacial Lance|p1b: Tornadus|[spread] \n|-activate|p1a: Zamazenta|move: Wide Guard\n|-activate|p1b: Tornadus|move: Wide Guard\n|move|p1b: Tornadus|Bleakwind Storm|p2b: Calyrex|[spread] p2a,p2b\n|-damage|p2a: Flutter Mane|68/100\n|-damage|p2b: Calyrex|81/100\n|move|p2a: Flutter Mane|Shadow Ball|p1a: Zamazenta\n|-damage|p1a: Zamazenta|72/100\n|\n|-heal|p2b: Calyrex|87/100|[from] Grassy Terrain\n|-heal|p1a: Zamazenta|78/100|[from] Grassy Terrain\n|-heal|p2a: Flutter Mane|75/100|[from] Grassy Terrain\n|upkeep\n|turn|6\n|\n|t:|1772450307\n|switch|p1b: Rillaboom|Rillaboom, L50, F, shiny|68/100\n|move|p1a: Zamazenta|Wide Guard|p1a: Zamazenta\n|-singleturn|p1a: Zamazenta|Wide Guard\n|move|p2b: Calyrex|Zen Headbutt|p1b: Rillaboom\n|-damage|p1b: Rillaboom|23/100\n|move|p2a: Flutter Mane|Shadow Ball|p1a: Zamazenta\n|-damage|p1a: Zamazenta|48/100\n|\n|-heal|p2b: Calyrex|93/100|[from] Grassy Terrain\n|-heal|p1b: Rillaboom|29/100|[from] Grassy Terrain\n|-heal|p1a: Zamazenta|54/100|[from] Grassy Terrain\n|-heal|p2a: Flutter Mane|81/100|[from] Grassy Terrain\n|-fieldend|move: Trick Room\n|-fieldend|move: Grassy Terrain\n|upkeep\n|turn|7\n|\n|t:|1772450325\n|-end|p2a: Flutter Mane|Protosynthesis|[silent]\n|switch|p2a: Indeedee|Indeedee-F, L50, F|38/100\n|-fieldstart|move: Psychic Terrain|[from] ability: Psychic Surge|[of] p2a: Indeedee\n|move|p1a: Zamazenta|Heavy Slam|p2a: Indeedee\n|-damage|p2a: Indeedee|0 fnt\n|faint|p2a: Indeedee\n|move|p1b: Rillaboom|Wood Hammer|p2b: Calyrex\n|-supereffective|p2b: Calyrex\n|-damage|p2b: Calyrex|17/100\n|-damage|p1b: Rillaboom|4/100|[from] Recoil\n|move|p2b: Calyrex|Zen Headbutt|p1a: Zamazenta\n|-damage|p1a: Zamazenta|32/100\n|\n|upkeep\n|\n|t:|1772450337\n|switch|p2a: Flutter Mane|Flutter Mane, L50|81/100\n|turn|8\n|\n|t:|1772450356\n|move|p1a: Zamazenta|Protect|p1a: Zamazenta\n|-singleturn|p1a: Zamazenta|Protect\n|move|p2b: Calyrex|Protect|p2b: Calyrex\n|-singleturn|p2b: Calyrex|Protect\n|move|p2a: Flutter Mane|Shadow Ball|p1a: Zamazenta\n|-activate|p1a: Zamazenta|move: Protect\n|move|p1b: Rillaboom|Wood Hammer|p2b: Calyrex\n|-activate|p2b: Calyrex|move: Protect\n|\n|upkeep\n|turn|9\n|\n|t:|1772450375\n|move|p2a: Flutter Mane|Dazzling Gleam|p1a: Zamazenta|[spread] p1a,p1b\n|-damage|p1a: Zamazenta|8/100\n|-damage|p1b: Rillaboom|0 fnt\n|faint|p1b: Rillaboom\n|move|p1a: Zamazenta|Body Press|p2b: Calyrex\n|-damage|p2b: Calyrex|0 fnt\n|faint|p2b: Calyrex\n|\n|upkeep\n|\n|t:|1772450379\n|switch|p1b: Calyrex|Calyrex-Shadow, L50|100/100\n|-ability|p1b: Calyrex|As One\n|-ability|p1b: Calyrex|Unnerve\n|turn|10\n|\n|t:|1772450386\n|move|p1b: Calyrex|Astral Barrage|p2a: Flutter Mane\n|-supereffective|p2a: Flutter Mane\n|-damage|p2a: Flutter Mane|0 fnt\n|faint|p2a: Flutter Mane\n|-end|p2a: Flutter Mane|Protosynthesis|[silent]\n|\n|win|EllenJoe2026\n|raw|EllenJoe2026's rating: 1423 &rarr; <strong>1441</strong><br />(+18 for winning)\n|raw|CHR1SPHX's rating: 1396 &rarr; <strong>1378</strong><br />(-18 for losing)\n|l|\u2606CHR1SPHX\n|player|p2|\n|l|\u2606EllenJoe2026\n|player|p1|\n","uploadtime":1772450644,"views":11,"formatid":"gen9vgc2026regi","rating":1378,"private":0,"password":null}