{"id":"gen9vgc2026regi-2572481132","format":"[Gen 9] VGC 2026 Reg I","players":["D4RKEVA","Avocanoodle"],"log":"|j|\u2606D4RKEVA\n|j|\u2606Avocanoodle\n|t:|1775031101\n|gametype|doubles\n|player|p1|D4RKEVA|169|1522\n|player|p2|Avocanoodle|sonia-professor|1455\n|gen|9\n|tier|[Gen 9] VGC 2026 Reg I\n|rated|\n|rule|Species Clause: Limit one of each Pok\u00e9mon\n|rule|Item Clause: Limit 1 of each item\n|clearpoke\n|poke|p1|Lunala, L50|\n|poke|p1|Koraidon, L50|\n|poke|p1|Flutter Mane, L50|\n|poke|p1|Brute Bonnet, L50|\n|poke|p1|Chi-Yu, L50|\n|poke|p1|Ursaluna, L50, F|\n|poke|p2|Kyogre, L50|\n|poke|p2|Overqwil, L50, M|\n|poke|p2|Lunala, L50|\n|poke|p2|Iron Hands, L50|\n|poke|p2|Landorus, L50, M|\n|poke|p2|Ogerpon-Cornerstone, L50, F|\n|teampreview|4\n|inactive|Battle timer is ON: inactive players will automatically lose when time's up. (requested by Avocanoodle)\nD4RKEVA rejected open team sheets.\n|inactive|D4RKEVA has 60 seconds left.\n|inactive|Avocanoodle has 60 seconds left.\n|\n|t:|1775031156\n|teamsize|p1|4\n|teamsize|p2|4\n|start\n|switch|p1a: Chi-Yu|Chi-Yu, L50|100/100\n|switch|p1b: Brute Bonnie|Brute Bonnet, L50|100/100\n|switch|p2a: Lunala|Lunala, L50|100/100\n|switch|p2b: Overqwil|Overqwil, L50, M|100/100\n|-ability|p1a: Chi-Yu|Beads of Ruin\n|turn|1\n|inactive|Avocanoodle has 30 seconds left.\n|inactive|D4RKEVA has 30 seconds left.\n|inactive|Avocanoodle has 20 seconds left.\n|inactive|D4RKEVA has 20 seconds left.\n|inactive|Avocanoodle has 15 seconds left.\n|inactive|Avocanoodle has 10 seconds left.\n|\n|t:|1775031204\n|switch|p2b: Iron Hands|Iron Hands, L50|100/100\n|-terastallize|p2a: Lunala|Fairy\n|-terastallize|p1b: Brute Bonnie|Water\n|move|p1a: Chi-Yu|Snarl|p2b: Iron Hands|[spread] p2a,p2b\n|-resisted|p2a: Lunala\n|-resisted|p2b: Iron Hands\n|-damage|p2a: Lunala|95/100\n|-damage|p2b: Iron Hands|93/100\n|-unboost|p2b: Iron Hands|spa|1\n|move|p2a: Lunala|Moonblast|p1b: Brute Bonnie\n|-damage|p1b: Brute Bonnie|50/100\n|-unboost|p1b: Brute Bonnie|spa|1\n|-enditem|p1b: Brute Bonnie|Sitrus Berry|[eat]\n|-heal|p1b: Brute Bonnie|75/100|[from] item: Sitrus Berry\n|move|p1b: Brute Bonnie|Spore|p2a: Lunala\n|-status|p2a: Lunala|slp|[from] move: Spore\n|\n|upkeep\n|turn|2\n|\n|t:|1775031226\n|switch|p1a: Clydeon|Koraidon, L50|100/100\n|-weather|SunnyDay|[from] ability: Orichalcum Pulse|[of] p1a: Clydeon\n|-activate|p1b: Brute Bonnie|ability: Protosynthesis\n|-start|p1b: Brute Bonnie|protosynthesisdef\n|-activate|p1a: Clydeon|Orichalcum Pulse|[source]\n|cant|p2a: Lunala|slp\n|move|p1b: Brute Bonnie|Spore|p2b: Iron Hands\n|-status|p2b: Iron Hands|slp|[from] move: Spore\n|cant|p2b: Iron Hands|slp\n|\n|-weather|SunnyDay|[upkeep]\n|upkeep\n|turn|3\n|\n|t:|1775031249\n|switch|p1a: Chi-Yu|Chi-Yu, L50|100/100\n|-ability|p1a: Chi-Yu|Beads of Ruin\n|cant|p2a: Lunala|slp\n|move|p1b: Brute Bonnie|Seed Bomb|p2a: Lunala\n|-damage|p2a: Lunala|68/100 slp\n|cant|p2b: Iron Hands|slp\n|\n|-weather|SunnyDay|[upkeep]\n|upkeep\n|turn|4\n|\n|t:|1775031264\n|switch|p2a: Kyogre|Kyogre, L50|100/100\n|-weather|RainDance|[from] ability: Drizzle|[of] p2a: Kyogre\n|-end|p1b: Brute Bonnie|Protosynthesis\n|move|p1b: Brute Bonnie|Rage Powder|p1b: Brute Bonnie\n|-singleturn|p1b: Brute Bonnie|move: Rage Powder\n|move|p1a: Chi-Yu|Heat Wave|p2b: Iron Hands|[spread] p2a,p2b\n|-resisted|p2a: Kyogre\n|-damage|p2a: Kyogre|91/100\n|-damage|p2b: Iron Hands|80/100 slp\n|-curestatus|p2b: Iron Hands|slp|[msg]\n|move|p2b: Iron Hands|Wild Charge|p1b: Brute Bonnie\n|-supereffective|p1b: Brute Bonnie\n|-crit|p1b: Brute Bonnie\n|-damage|p1b: Brute Bonnie|0 fnt\n|faint|p1b: Brute Bonnie\n|-end|p1b: Brute Bonnie|Protosynthesis|[silent]\n|-damage|p2b: Iron Hands|63/100|[from] Recoil\n|\n|-weather|RainDance|[upkeep]\n|upkeep\n|\n|t:|1775031269\n|switch|p1b: Clydeon|Koraidon, L50|100/100\n|-weather|SunnyDay|[from] ability: Orichalcum Pulse|[of] p1b: Clydeon\n|-activate|p1b: Clydeon|Orichalcum Pulse|[source]\n|turn|5\n|inactive|Avocanoodle has 30 seconds left.\n|inactive|Avocanoodle has 20 seconds left.\n|\n|t:|1775031308\n|switch|p2a: Lunala|Lunala, L50, tera:Fairy|68/100 slp\n|move|p1a: Chi-Yu|Heat Wave|p2b: Iron Hands|[spread] p2a,p2b\n|-damage|p2a: Lunala|16/100 slp\n|-damage|p2b: Iron Hands|25/100\n|move|p1b: Clydeon|Close Combat|p2b: Iron Hands\n|-damage|p2b: Iron Hands|0 fnt\n|-unboost|p1b: Clydeon|def|1\n|-unboost|p1b: Clydeon|spd|1\n|faint|p2b: Iron Hands\n|-end|p2b: Iron Hands|Quark Drive|[silent]\n|-damage|p1b: Clydeon|91/100|[from] item: Life Orb\n|\n|-weather|SunnyDay|[upkeep]\n|upkeep\n|\n|t:|1775031331\n|switch|p2b: Kyogre|Kyogre, L50|91/100\n|-weather|RainDance|[from] ability: Drizzle|[of] p2b: Kyogre\n|turn|6\n|\n|t:|1775031348\n|cant|p2a: Lunala|slp\n|move|p1a: Chi-Yu|Heat Wave|p2a: Lunala|[spread] p2a,p2b\n|-resisted|p2b: Kyogre\n|-damage|p2a: Lunala|0 fnt\n|-damage|p2b: Kyogre|81/100\n|faint|p2a: Lunala\n|move|p1b: Clydeon|Close Combat|p2b: Kyogre\n|-damage|p2b: Kyogre|0 fnt\n|-unboost|p1b: Clydeon|def|1\n|-unboost|p1b: Clydeon|spd|1\n|faint|p2b: Kyogre\n|-damage|p1b: Clydeon|81/100|[from] item: Life Orb\n|\n|-weather|RainDance|[upkeep]\n|upkeep\n|\n|t:|1775031353\n|switch|p2b: Overqwil|Overqwil, L50, M|100/100\n|turn|7\n|\n|t:|1775031359\n|switch|p1b: MoonMoon|Lunala, L50|100/100\n|move|p2b: Overqwil|Gunk Shot|p1a: Chi-Yu|[miss]\n|-miss|p2b: Overqwil|p1a: Chi-Yu\n|move|p1a: Chi-Yu|Heat Wave|p2b: Overqwil\n|-damage|p2b: Overqwil|52/100\n|\n|-weather|RainDance|[upkeep]\n|upkeep\n|turn|8\n|-message|Avocanoodle forfeited.\n|\n|win|D4RKEVA\n|raw|D4RKEVA's rating: 1522 &rarr; <strong>1538</strong><br />(+16 for winning)\n|raw|Avocanoodle's rating: 1455 &rarr; <strong>1439</strong><br />(-16 for losing)\n|l|\u2606Avocanoodle\n|player|p2|\n","uploadtime":1775031372,"views":220,"formatid":"gen9vgc2026regi","rating":1439,"private":0,"password":null}