{"id":"gen9vgc2026regi-2515515763","format":"[Gen 9] VGC 2026 Reg I","players":["bullgod4ever","mikesc"],"log":"|j|\u2606bullgod4ever\n|j|\u2606mikesc\n|t:|1767999058\n|gametype|doubles\n|player|p1|bullgod4ever|266|1266\n|player|p2|mikesc|preschooler|1308\n|gen|9\n|tier|[Gen 9] VGC 2026 Reg I\n|rated|\n|rule|Species Clause: Limit one of each Pok\u00e9mon\n|rule|Item Clause: Limit 1 of each item\n|clearpoke\n|poke|p1|Calyrex-Shadow, L50|\n|poke|p1|Zamazenta-*, L50|\n|poke|p1|Chien-Pao, L50|\n|poke|p1|Dragonite, L50, F|\n|poke|p1|Amoonguss, L50, F|\n|poke|p1|Ogerpon-Cornerstone, L50, F|\n|poke|p2|Rhydon, L50, M|\n|poke|p2|Indeedee-F, L50, F|\n|poke|p2|Flutter Mane, L50|\n|poke|p2|Lunala, L50|\n|poke|p2|Chi-Yu, L50|\n|poke|p2|Koraidon, L50|\n|teampreview|4\n|\n|t:|1767999086\n|teamsize|p1|4\n|teamsize|p2|4\n|start\n|switch|p1a: Chien-Pao|Chien-Pao, L50|100/100\n|switch|p1b: Calyrex|Calyrex-Shadow, L50|100/100\n|switch|p2a: Indeedee|Indeedee-F, L50, F|100/100\n|switch|p2b: Lunala|Lunala, L50|100/100\n|-ability|p1b: Calyrex|As One\n|-ability|p1b: Calyrex|Unnerve\n|-ability|p1a: Chien-Pao|Sword of Ruin\n|-fieldstart|move: Psychic Terrain|[from] ability: Psychic Surge|[of] p2a: Indeedee\n|turn|1\n|inactive|Battle timer is ON: inactive players will automatically lose when time's up. (requested by mikesc)\n|\n|t:|1767999117\n|switch|p1b: Dragonite|Dragonite, L50, F|100/100\n|-terastallize|p2b: Lunala|Normal\n|move|p1a: Chien-Pao|Ice Spinner|p2a: Indeedee\n|-damage|p2a: Indeedee|47/100\n|-fieldend|move: Psychic Terrain\n|move|p2b: Lunala|Meteor Beam||[still]\n|-prepare|p2b: Lunala|Meteor Beam\n|-boost|p2b: Lunala|spa|1\n|-enditem|p2b: Lunala|Power Herb\n|-anim|p2b: Lunala|Meteor Beam|p1a: Chien-Pao\n|-supereffective|p1a: Chien-Pao\n|-damage|p1a: Chien-Pao|0 fnt\n|faint|p1a: Chien-Pao\n|move|p2a: Indeedee|Dazzling Gleam|p1b: Dragonite\n|-supereffective|p1b: Dragonite\n|-crit|p1b: Dragonite\n|-damage|p1b: Dragonite|53/100\n|\n|upkeep\n|\n|t:|1767999136\n|switch|p1a: Zamazenta|Zamazenta-Crowned, L50|100/100\n|-ability|p1a: Zamazenta|Dauntless Shield|boost\n|-boost|p1a: Zamazenta|def|1\n|turn|2\n|\n|t:|1767999146\n|switch|p2a: Chi-Yu|Chi-Yu, L50, shiny|100/100\n|-ability|p2a: Chi-Yu|Beads of Ruin\n|-terastallize|p1b: Dragonite|Normal\n|move|p1b: Dragonite|Extreme Speed|p2a: Chi-Yu\n|-damage|p2a: Chi-Yu|0 fnt\n|faint|p2a: Chi-Yu\n|move|p1a: Zamazenta|Body Press|p2b: Lunala\n|-supereffective|p2b: Lunala\n|-damage|p2b: Lunala|49/100\n|move|p2b: Lunala|Expanding Force|p1a: Zamazenta\n|-damage|p1a: Zamazenta|50/100\n|\n|upkeep\n|\n|t:|1767999154\n|switch|p2a: Koraidon|Koraidon, L50, shiny|100/100\n|-weather|SunnyDay|[from] ability: Orichalcum Pulse|[of] p2a: Koraidon\n|-activate|p2a: Koraidon|Orichalcum Pulse|[source]\n|turn|3\n|\n|t:|1767999172\n|switch|p2a: Indeedee|Indeedee-F, L50, F|47/100\n|-fieldstart|move: Psychic Terrain|[from] ability: Psychic Surge|[of] p2a: Indeedee\n|move|p1a: Zamazenta|Protect|p1a: Zamazenta\n|-singleturn|p1a: Zamazenta|Protect\n|move|p1b: Dragonite|Extreme Speed|p2b: Lunala\n|-activate|p2b: Lunala|move: Psychic Terrain\n|move|p2b: Lunala|Expanding Force|p1b: Dragonite|[spread] p1b\n|-activate|p1a: Zamazenta|move: Protect\n|-crit|p1b: Dragonite\n|-damage|p1b: Dragonite|0 fnt\n|faint|p1b: Dragonite\n|\n|-weather|SunnyDay|[upkeep]\n|upkeep\n|\n|t:|1767999187\n|switch|p1b: Calyrex|Calyrex-Shadow, L50|100/100\n|-ability|p1b: Calyrex|As One\n|-ability|p1b: Calyrex|Unnerve\n|turn|4\n|\n|t:|1767999200\n|move|p1b: Calyrex|Protect|p1b: Calyrex\n|-singleturn|p1b: Calyrex|Protect\n|move|p2a: Indeedee|Follow Me|p2a: Indeedee\n|-singleturn|p2a: Indeedee|move: Follow Me\n|move|p1a: Zamazenta|Body Press|p2a: Indeedee\n|-damage|p2a: Indeedee|0 fnt\n|faint|p2a: Indeedee\n|move|p2b: Lunala|Expanding Force|p1b: Calyrex|[spread] p1a\n|-activate|p1b: Calyrex|move: Protect\n|-damage|p1a: Zamazenta|0 fnt\n|faint|p1a: Zamazenta\n|\n|-weather|SunnyDay|[upkeep]\n|upkeep\n|\n|t:|1767999209\n|switch|p2a: Koraidon|Koraidon, L50, shiny|100/100\n|-activate|p2a: Koraidon|ability: Orichalcum Pulse\n|turn|5\n|\n|t:|1767999222\n|move|p1b: Calyrex|Psychic|p2b: Lunala\n|-crit|p2b: Lunala\n|-damage|p2b: Lunala|0 fnt\n|faint|p2b: Lunala\n|-ability|p1b: Calyrex|Grim Neigh|boost\n|-boost|p1b: Calyrex|spa|1\n|move|p2a: Koraidon|Flame Charge|p1b: Calyrex\n|-damage|p1b: Calyrex|45/100\n|-boost|p2a: Koraidon|spe|1\n|-damage|p2a: Koraidon|91/100|[from] item: Life Orb\n|\n|-weather|SunnyDay|[upkeep]\n|upkeep\n|turn|6\n|\n|t:|1767999235\n|move|p2a: Koraidon|Flame Charge|p1b: Calyrex\n|-damage|p1b: Calyrex|0 fnt\n|-boost|p2a: Koraidon|spe|1\n|faint|p1b: Calyrex\n|-damage|p2a: Koraidon|81/100|[from] item: Life Orb\n|\n|win|mikesc\n|raw|bullgod4ever's rating: 1266 &rarr; <strong>1244</strong><br />(-22 for losing)\n|raw|mikesc's rating: 1308 &rarr; <strong>1326</strong><br />(+18 for winning)\n|c|\u2606bullgod4ever|Gg\n|l|\u2606mikesc\n|player|p2|\n|l|\u2606bullgod4ever\n|player|p1|\n","uploadtime":1767999499,"views":11,"formatid":"gen9vgc2026regi","rating":1244,"private":0,"password":null}