{"id":"gen9vgc2026regi-2546377642","format":"[Gen 9] VGC 2026 Reg I","players":["WeAreAllWrong","drive stone"],"log":"|j|\u2606WeAreAllWrong\n|j|\u2606drive stone\n|t:|1771959198\n|gametype|doubles\n|player|p1|WeAreAllWrong|pokemaniac|1133\n|player|p2|drive stone|cilan|1199\n|gen|9\n|tier|[Gen 9] VGC 2026 Reg I\n|rated|\n|rule|Species Clause: Limit one of each Pok\u00e9mon\n|rule|Item Clause: Limit 1 of each item\n|clearpoke\n|poke|p1|Calyrex-Ice, L50|\n|poke|p1|Ursaluna, L50, F|\n|poke|p1|Torkoal, L50, F|\n|poke|p1|Oranguru, L50, M|\n|poke|p1|Porygon2, L50|\n|poke|p1|Indeedee-F, L50, F|\n|poke|p2|Calyrex-Ice, L50|\n|poke|p2|Ho-Oh, L50|\n|poke|p2|Overqwil, L50, F|\n|poke|p2|Rillaboom, L50, F|\n|poke|p2|Ting-Lu, L50|\n|poke|p2|Ogerpon-Wellspring, L50, F|\n|teampreview|4\n|inactive|Battle timer is ON: inactive players will automatically lose when time's up. (requested by WeAreAllWrong)\n|\n|t:|1771959218\n|teamsize|p1|4\n|teamsize|p2|4\n|start\n|switch|p1a: Lancelot|Calyrex-Ice, L50|100/100\n|switch|p1b: mouse|Indeedee-F, L50, F, shiny|100/100\n|switch|p2a: Ho-Oh|Ho-Oh, L50|100/100\n|switch|p2b: Overqwil|Overqwil, L50, F|100/100\n|-ability|p1a: Lancelot|As One\n|-ability|p1a: Lancelot|Unnerve\n|-ability|p2b: Overqwil|Intimidate|boost\n|-fail|p1a: Lancelot|unboost|[from] item: Clear Amulet|[of] p1a: Lancelot\n|-unboost|p1b: mouse|atk|1\n|-fieldstart|move: Psychic Terrain|[from] ability: Psychic Surge|[of] p1b: mouse\n|turn|1\n|\n|t:|1771959240\n|move|p1b: mouse|Follow Me|p1b: mouse\n|-singleturn|p1b: mouse|move: Follow Me\n|move|p2a: Ho-Oh|Sacred Fire|p1b: mouse\n|-damage|p1b: mouse|59/100\n|-status|p1b: mouse|brn\n|move|p2b: Overqwil|Toxic Spikes|p1b: mouse\n|-sidestart|p1: WeAreAllWrong|move: Toxic Spikes\n|move|p1a: Lancelot|Trick Room|p1a: Lancelot\n|-fieldstart|move: Trick Room|[of] p1a: Lancelot\n|\n|-damage|p1b: mouse|53/100 brn|[from] brn\n|upkeep\n|turn|2\n|inactive|WeAreAllWrong has 30 seconds left.\n|inactive|WeAreAllWrong has 20 seconds left.\n|\n|t:|1771959276\n|move|p1a: Lancelot|Glacial Lance|p2a: Ho-Oh|[spread] p2a,p2b\n|-damage|p2a: Ho-Oh|62/100\n|-damage|p2b: Overqwil|41/100\n|move|p2b: Overqwil|Toxic Spikes|p1a: Lancelot\n|-sidestart|p1: WeAreAllWrong|move: Toxic Spikes\n|move|p1b: mouse|Psychic|p2a: Ho-Oh\n|-damage|p2a: Ho-Oh|39/100\n|move|p2a: Ho-Oh|Sacred Fire|p1a: Lancelot\n|-supereffective|p1a: Lancelot\n|-damage|p1a: Lancelot|47/100\n|-status|p1a: Lancelot|brn\n|\n|-heal|p2b: Overqwil|47/100|[from] item: Black Sludge\n|-damage|p1a: Lancelot|42/100 brn|[from] brn\n|-damage|p1b: mouse|47/100 brn|[from] brn\n|upkeep\n|turn|3\n|\n|t:|1771959293\n|switch|p2a: Calyrex|Calyrex-Ice, L50|100/100\n|-ability|p2a: Calyrex|As One\n|-ability|p2a: Calyrex|Unnerve\n|move|p2b: Overqwil|Protect|p2b: Overqwil\n|-singleturn|p2b: Overqwil|Protect\n|move|p1b: mouse|Follow Me|p1b: mouse\n|-singleturn|p1b: mouse|move: Follow Me\n|move|p1a: Lancelot|High Horsepower|p2b: Overqwil\n|-activate|p2b: Overqwil|move: Protect\n|\n|-heal|p2b: Overqwil|54/100|[from] item: Black Sludge\n|-damage|p1a: Lancelot|36/100 brn|[from] brn\n|-damage|p1b: mouse|41/100 brn|[from] brn\n|upkeep\n|turn|4\n|inactive|drive stone has 30 seconds left.\n|\n|t:|1771959321\n|switch|p2b: Ho-Oh|Ho-Oh, L50|73/100\n|move|p1b: mouse|Protect|p1b: mouse\n|-singleturn|p1b: mouse|Protect\n|move|p1a: Lancelot|Glacial Lance|p2b: Ho-Oh|[spread] p2a,p2b\n|-resisted|p2a: Calyrex\n|-damage|p2a: Calyrex|93/100\n|-damage|p2b: Ho-Oh|54/100\n|move|p2a: Calyrex|Glacial Lance|p1a: Lancelot|[spread] p1a\n|-activate|p1b: mouse|move: Protect\n|-resisted|p1a: Lancelot\n|-damage|p1a: Lancelot|22/100 brn\n|\n|-heal|p2a: Calyrex|99/100|[from] item: Leftovers\n|-damage|p1a: Lancelot|16/100 brn|[from] brn\n|-damage|p1b: mouse|34/100 brn|[from] brn\n|upkeep\n|turn|5\n|inactive|WeAreAllWrong has 30 seconds left.\n|inactive|drive stone has 30 seconds left.\n|\n|t:|1771959353\n|move|p1a: Lancelot|Glacial Lance|p2a: Calyrex|[spread] p2a,p2b\n|-resisted|p2a: Calyrex\n|-damage|p2a: Calyrex|92/100\n|-damage|p2b: Ho-Oh|34/100\n|move|p2a: Calyrex|Glacial Lance|p1b: mouse|[spread] p1a,p1b\n|-resisted|p1a: Lancelot\n|-damage|p1a: Lancelot|3/100 brn\n|-damage|p1b: mouse|0 fnt\n|faint|p1b: mouse\n|-ability|p2a: Calyrex|Chilling Neigh|boost\n|-boost|p2a: Calyrex|atk|1\n|move|p2b: Ho-Oh|Sacred Fire|p1a: Lancelot\n|-supereffective|p1a: Lancelot\n|-damage|p1a: Lancelot|0 fnt\n|faint|p1a: Lancelot\n|\n|-heal|p2a: Calyrex|98/100|[from] item: Leftovers\n|-fieldend|move: Trick Room\n|-fieldend|move: Psychic Terrain\n|upkeep\n|\n|t:|1771959361\n|switch|p1b: Crimson bear|Ursaluna, L50, F, shiny|100/100\n|switch|p1a: Volcano|Torkoal, L50, F, shiny|100/100\n|-status|p1b: Crimson bear|tox\n|-status|p1a: Volcano|tox\n|-weather|SunnyDay|[from] ability: Drought|[of] p1a: Volcano\n|turn|6\n|\n|t:|1771959386\n|switch|p2b: Overqwil|Overqwil, L50, F|54/100\n|-ability|p2b: Overqwil|Intimidate|boost\n|-unboost|p1a: Volcano|atk|1\n|-unboost|p1b: Crimson bear|atk|1\n|-terastallize|p1a: Volcano|Fire\n|move|p2a: Calyrex|Protect|p2a: Calyrex\n|-singleturn|p2a: Calyrex|Protect\n|move|p1b: Crimson bear|Facade|p2a: Calyrex\n|-activate|p2a: Calyrex|move: Protect\n|move|p1a: Volcano|Eruption|p2b: Overqwil|[spread] p2b\n|-activate|p2a: Calyrex|move: Protect\n|-damage|p2b: Overqwil|0 fnt\n|faint|p2b: Overqwil\n|\n|-weather|SunnyDay|[upkeep]\n|-heal|p2a: Calyrex|100/100|[from] item: Leftovers\n|-damage|p1b: Crimson bear|94/100 tox|[from] psn\n|-damage|p1a: Volcano|94/100 tox|[from] psn\n|upkeep\n|\n|t:|1771959410\n|switch|p2b: Ho-Oh|Ho-Oh, L50|68/100\n|turn|7\n|\n|t:|1771959423\n|-terastallize|p2a: Calyrex|Water\n|move|p2b: Ho-Oh|Sacred Fire|p1a: Volcano\n|-resisted|p1a: Volcano\n|-damage|p1a: Volcano|69/100 tox\n|move|p2a: Calyrex|Glacial Lance|p1b: Crimson bear|[spread] p1a,p1b\n|-resisted|p1a: Volcano\n|-supereffective|p1b: Crimson bear\n|-damage|p1a: Volcano|38/100 tox\n|-damage|p1b: Crimson bear|0 fnt\n|faint|p1b: Crimson bear\n|-ability|p2a: Calyrex|Chilling Neigh|boost\n|-boost|p2a: Calyrex|atk|1\n|move|p1a: Volcano|Eruption|p2b: Ho-Oh|[spread] p2a,p2b\n|-resisted|p2a: Calyrex\n|-resisted|p2b: Ho-Oh\n|-damage|p2a: Calyrex|84/100\n|-damage|p2b: Ho-Oh|51/100\n|\n|-weather|SunnyDay|[upkeep]\n|-heal|p2a: Calyrex|89/100|[from] item: Leftovers\n|-damage|p1a: Volcano|26/100 tox|[from] psn\n|upkeep\n|turn|8\n|\n|t:|1771959445\n|move|p2a: Calyrex|Protect|p2a: Calyrex\n|-singleturn|p2a: Calyrex|Protect\n|move|p2b: Ho-Oh|Sacred Fire|p1a: Volcano\n|-resisted|p1a: Volcano\n|-damage|p1a: Volcano|1/100 tox\n|move|p1a: Volcano|Eruption|p2a: Calyrex|[spread] p2b\n|-activate|p2a: Calyrex|move: Protect\n|-resisted|p2b: Ho-Oh\n|-damage|p2b: Ho-Oh|50/100\n|\n|-weather|SunnyDay|[upkeep]\n|-heal|p2a: Calyrex|95/100|[from] item: Leftovers\n|-damage|p1a: Volcano|0 fnt|[from] psn\n|faint|p1a: Volcano\n|\n|win|drive stone\n|raw|WeAreAllWrong's rating: 1133 &rarr; <strong>1113</strong><br />(-20 for losing)\n|raw|drive stone's rating: 1199 &rarr; <strong>1219</strong><br />(+20 for winning)\n|l|\u2606drive stone\n|player|p2|\n|l|\u2606WeAreAllWrong\n|player|p1|\n","uploadtime":1771959591,"views":11,"formatid":"gen9vgc2026regi","rating":1113,"private":0,"password":null}