{"id":"gen9vgc2026regi-2543838014","format":"[Gen 9] VGC 2026 Reg I","players":["Zorse Mentality","perk1"],"log":"|j|\u2606Zorse Mentality\n|j|\u2606perk1\n|t:|1771621359\n|gametype|doubles\n|player|p1|Zorse Mentality|101|1287\n|player|p2|perk1|102|1175\n|gen|9\n|tier|[Gen 9] VGC 2026 Reg I\n|rated|\n|rule|Species Clause: Limit one of each Pok\u00e9mon\n|rule|Item Clause: Limit 1 of each item\n|clearpoke\n|poke|p1|Calyrex-Ice, L50|\n|poke|p1|Kyogre, L50|\n|poke|p1|Tornadus, L50, M|\n|poke|p1|Urshifu-*, L50, M|\n|poke|p1|Indeedee-F, L50, F|\n|poke|p1|Torkoal, L50, F|\n|poke|p2|Miraidon, L50|\n|poke|p2|Zamazenta-*, L50|\n|poke|p2|Moltres-Galar, L50|\n|poke|p2|Chien-Pao, L50|\n|poke|p2|Iron Leaves, L50|\n|poke|p2|Flutter Mane, L50|\n|teampreview|4\n|\n|t:|1771621398\n|teamsize|p1|4\n|teamsize|p2|4\n|start\n|switch|p1a: Tornadus|Tornadus, L50, M|100/100\n|switch|p1b: Urshifu|Urshifu-Rapid-Strike, L50, M|100/100\n|switch|p2a: Miraidon|Miraidon, L50|100/100\n|switch|p2b: Iron Leaves|Iron Leaves, L50|100/100\n|-fieldstart|move: Electric Terrain|[from] ability: Hadron Engine|[of] p2a: Miraidon\n|-activate|p2b: Iron Leaves|ability: Quark Drive\n|-start|p2b: Iron Leaves|quarkdrivespe\n|turn|1\n|inactive|Battle timer is ON: inactive players will automatically lose when time's up. (requested by Zorse Mentality)\n|\n|t:|1771621429\n|move|p1a: Tornadus|Tailwind|p1a: Tornadus\n|-sidestart|p1: Zorse Mentality|move: Tailwind\n|move|p1b: Urshifu|Close Combat|p2a: Miraidon\n|-damage|p2a: Miraidon|10/100\n|-unboost|p1b: Urshifu|def|1\n|-unboost|p1b: Urshifu|spd|1\n|move|p2a: Miraidon|Volt Switch|p1a: Tornadus\n|-supereffective|p1a: Tornadus\n|-enditem|p1a: Tornadus|Focus Sash\n|-damage|p1a: Tornadus|1/100\n|\n|t:|1771621442\n|switch|p2a: Zamazenta|Zamazenta, L50|100/100|[from] Volt Switch\n|-ability|p2a: Zamazenta|Dauntless Shield|boost\n|-boost|p2a: Zamazenta|def|1\n|-enditem|p2a: Zamazenta|Electric Seed\n|-boost|p2a: Zamazenta|def|1|[from] item: Electric Seed\n|move|p2b: Iron Leaves|Leaf Blade|p1b: Urshifu\n|-supereffective|p1b: Urshifu\n|-damage|p1b: Urshifu|0 fnt\n|faint|p1b: Urshifu\n|-damage|p2b: Iron Leaves|91/100|[from] item: Life Orb\n|\n|upkeep\n|\n|t:|1771621459\n|switch|p1b: Kyogre|Kyogre, L50|100/100\n|-weather|RainDance|[from] ability: Drizzle|[of] p1b: Kyogre\n|turn|2\n|\n|t:|1771621476\n|move|p2a: Zamazenta|Wide Guard|p2a: Zamazenta\n|-singleturn|p2a: Zamazenta|Wide Guard\n|move|p1a: Tornadus|Bleakwind Storm|p2a: Zamazenta|[spread] \n|-activate|p2a: Zamazenta|move: Wide Guard\n|-activate|p2b: Iron Leaves|move: Wide Guard\n|move|p1b: Kyogre|Ice Beam|p2b: Iron Leaves\n|-supereffective|p2b: Iron Leaves\n|-damage|p2b: Iron Leaves|25/100\n|move|p2b: Iron Leaves|Leaf Blade|p1b: Kyogre\n|-supereffective|p1b: Kyogre\n|-damage|p1b: Kyogre|0 fnt\n|faint|p1b: Kyogre\n|-damage|p2b: Iron Leaves|16/100|[from] item: Life Orb\n|\n|-weather|RainDance|[upkeep]\n|upkeep\n|\n|t:|1771621493\n|switch|p1b: Calyrex|Calyrex-Ice, L50|100/100\n|-ability|p1b: Calyrex|As One\n|-ability|p1b: Calyrex|Unnerve\n|turn|3\n|\n|t:|1771621517\n|-terastallize|p2a: Zamazenta|Steel\n|move|p2b: Iron Leaves|Protect|p2b: Iron Leaves\n|-singleturn|p2b: Iron Leaves|Protect\n|move|p1a: Tornadus|Bleakwind Storm|p2b: Iron Leaves|[spread] p2a\n|-activate|p2b: Iron Leaves|move: Protect\n|-resisted|p2a: Zamazenta\n|-damage|p2a: Zamazenta|86/100\n|move|p1b: Calyrex|High Horsepower|p2b: Iron Leaves\n|-activate|p2b: Iron Leaves|move: Protect\n|move|p2a: Zamazenta|Body Press|p1b: Calyrex\n|-damage|p1b: Calyrex|49/100\n|\n|-weather|RainDance|[upkeep]\n|upkeep\n|turn|4\n|inactive|Zorse Mentality has 30 seconds left.\n|inactive|perk1 has 30 seconds left.\n|\n|t:|1771621552\n|move|p2a: Zamazenta|Wide Guard|p2a: Zamazenta\n|-singleturn|p2a: Zamazenta|Wide Guard\n|move|p1a: Tornadus|Bleakwind Storm|p2a: Zamazenta|[spread] \n|-activate|p2a: Zamazenta|move: Wide Guard\n|-activate|p2b: Iron Leaves|move: Wide Guard\n|move|p2b: Iron Leaves|Psyblade|p1a: Tornadus\n|-damage|p1a: Tornadus|0 fnt\n|faint|p1a: Tornadus\n|-damage|p2b: Iron Leaves|6/100|[from] item: Life Orb\n|move|p1b: Calyrex|High Horsepower|p2b: Iron Leaves\n|-resisted|p2b: Iron Leaves\n|-damage|p2b: Iron Leaves|0 fnt\n|faint|p2b: Iron Leaves\n|-end|p2b: Iron Leaves|Quark Drive|[silent]\n|-ability|p1b: Calyrex|Chilling Neigh|boost\n|-boost|p1b: Calyrex|atk|1\n|\n|-weather|RainDance|[upkeep]\n|-sideend|p1: Zorse Mentality|move: Tailwind\n|upkeep\n|\n|t:|1771621571\n|switch|p2b: Miraidon|Miraidon, L50|10/100\n|-activate|p2b: Miraidon|ability: Hadron Engine\n|turn|5\n|-message|Zorse Mentality forfeited.\n|\n|win|perk1\n|raw|Zorse Mentality's rating: 1287 &rarr; <strong>1254</strong><br />(-33 for losing)\n|raw|perk1's rating: 1175 &rarr; <strong>1208</strong><br />(+33 for winning)\n|l|\u2606Zorse Mentality\n|player|p1|\n|l|\u2606perk1\n|player|p2|\n","uploadtime":1771621772,"views":12,"formatid":"gen9vgc2026regi","rating":1208,"private":0,"password":null}