{"id":"gen9vgc2026regi-2554554289","format":"[Gen 9] VGC 2026 Reg I","players":["fertor04","xiaoliyunVGC"],"log":"|j|\u2606fertor04\n|j|\u2606xiaoliyunVGC\n|t:|1772986427\n|gametype|doubles\n|player|p1|fertor04|2|1244\n|player|p2|xiaoliyunVGC|liko|1508\n|gen|9\n|tier|[Gen 9] VGC 2026 Reg I\n|rated|\n|rule|Species Clause: Limit one of each Pok\u00e9mon\n|rule|Item Clause: Limit 1 of each item\n|clearpoke\n|poke|p1|Miraidon, L50|\n|poke|p1|Calyrex-Ice, L50|\n|poke|p1|Rillaboom, L50, M|\n|poke|p1|Farigiraf, L50, M|\n|poke|p1|Tornadus, L50, M|\n|poke|p1|Urshifu-*, L50, M|\n|poke|p2|Zamazenta-*, L50|\n|poke|p2|Kyogre, L50|\n|poke|p2|Raichu, L50, M|\n|poke|p2|Flutter Mane, L50|\n|poke|p2|Tornadus, L50, M|\n|poke|p2|Urshifu-*, L50, M|\n|teampreview|4\n|inactive|Battle timer is ON: inactive players will automatically lose when time's up. (requested by xiaoliyunVGC)\n|inactive|xiaoliyunVGC has 60 seconds left.\n|\n|t:|1772986459\n|teamsize|p1|4\n|teamsize|p2|4\n|start\n|switch|p1a: Tornadus|Tornadus, L50, M|100/100\n|switch|p1b: Rillaboom|Rillaboom, L50, M|100/100\n|switch|p2a: Zamazenta|Zamazenta-Crowned, L50, shiny|100/100\n|switch|p2b: Raichu|Raichu, L50, M, shiny|100/100\n|-ability|p2a: Zamazenta|Dauntless Shield|boost\n|-boost|p2a: Zamazenta|def|1\n|-fieldstart|move: Grassy Terrain|[from] ability: Grassy Surge|[of] p1b: Rillaboom\n|turn|1\n|\n|t:|1772986476\n|move|p2b: Raichu|Fake Out|p1b: Rillaboom\n|-damage|p1b: Rillaboom|90/100\n|cant|p1b: Rillaboom|flinch\n|move|p1a: Tornadus|Rain Dance|p1a: Tornadus\n|-weather|RainDance\n|move|p2a: Zamazenta|Body Press|p1b: Rillaboom\n|-damage|p1b: Rillaboom|15/100\n|\n|-weather|RainDance|[upkeep]\n|-heal|p1b: Rillaboom|20/100|[from] Grassy Terrain\n|upkeep\n|turn|2\n|\n|t:|1772986492\n|move|p1a: Tornadus|Tailwind|p1a: Tornadus\n|-sidestart|p1: fertor04|move: Tailwind\n|move|p1b: Rillaboom|High Horsepower|p2b: Raichu\n|-supereffective|p2b: Raichu\n|-enditem|p2b: Raichu|Focus Sash\n|-damage|p2b: Raichu|1/100\n|move|p2b: Raichu|Nuzzle|p1a: Tornadus\n|-supereffective|p1a: Tornadus\n|-damage|p1a: Tornadus|81/100\n|-status|p1a: Tornadus|par\n|move|p2a: Zamazenta|Body Press|p1b: Rillaboom\n|-damage|p1b: Rillaboom|0 fnt\n|faint|p1b: Rillaboom\n|\n|-weather|RainDance|[upkeep]\n|-heal|p2b: Raichu|7/100|[from] Grassy Terrain\n|upkeep\n|\n|t:|1772986499\n|switch|p1b: Miraidon|Miraidon, L50|100/100\n|-fieldstart|move: Electric Terrain|[from] ability: Hadron Engine|[of] p1b: Miraidon\n|turn|3\n|inactive|xiaoliyunVGC has 30 seconds left.\n|\n|t:|1772986527\n|move|p2b: Raichu|Helping Hand|p2a: Zamazenta\n|-singleturn|p2a: Zamazenta|Helping Hand|[of] p2b: Raichu\n|move|p1b: Miraidon|Electro Drift|p2b: Raichu\n|-activate|p2b: Raichu|ability: Lightning Rod\n|-ability|p2b: Raichu|Lightning Rod|boost\n|-boost|p2b: Raichu|spa|1\n|move|p2a: Zamazenta|Behemoth Bash|p1a: Tornadus\n|-damage|p1a: Tornadus|4/100 par\n|move|p1a: Tornadus|Bleakwind Storm|p2a: Zamazenta|[spread] p2a,p2b\n|-resisted|p2b: Raichu\n|-damage|p2a: Zamazenta|79/100\n|-damage|p2b: Raichu|0 fnt\n|faint|p2b: Raichu\n|\n|-weather|RainDance|[upkeep]\n|upkeep\n|\n|t:|1772986543\n|switch|p2b: Urshifu|Urshifu, L50, M|100/100\n|turn|4\n|\n|t:|1772986561\n|move|p2a: Zamazenta|Protect|p2a: Zamazenta\n|-singleturn|p2a: Zamazenta|Protect\n|move|p2b: Urshifu|Sucker Punch|p1a: Tornadus\n|-crit|p1a: Tornadus\n|-damage|p1a: Tornadus|0 fnt\n|faint|p1a: Tornadus\n|move|p1b: Miraidon|Electro Drift|p2a: Zamazenta\n|-activate|p2a: Zamazenta|move: Protect\n|\n|-weather|RainDance|[upkeep]\n|upkeep\n|\n|t:|1772986563\n|switch|p1a: Urshifu|Urshifu-Rapid-Strike, L50, M|100/100\n|turn|5\n|\n|t:|1772986577\n|-terastallize|p2a: Zamazenta|Fighting\n|move|p2b: Urshifu|Sucker Punch|p1b: Miraidon\n|-damage|p1b: Miraidon|37/100\n|move|p1b: Miraidon|Electro Drift|p2a: Zamazenta\n|-damage|p2a: Zamazenta|0 fnt\n|faint|p2a: Zamazenta\n|move|p1a: Urshifu|Surging Strikes|p2b: Urshifu\n|-crit|p2b: Urshifu\n|-damage|p2b: Urshifu|54/100\n|-crit|p2b: Urshifu\n|-damage|p2b: Urshifu|10/100\n|-crit|p2b: Urshifu\n|-damage|p2b: Urshifu|0 fnt\n|faint|p2b: Urshifu\n|-hitcount|p2: Urshifu|3\n|\n|-weather|none\n|-sideend|p1: fertor04|move: Tailwind\n|upkeep\n|\n|t:|1772986590\n|switch|p2b: Kyogre|Kyogre, L50, shiny|100/100\n|-weather|RainDance|[from] ability: Drizzle|[of] p2b: Kyogre\n|turn|6\n|\n|t:|1772986594\n|move|p2b: Kyogre|Origin Pulse|p1a: Urshifu|[spread] p1a,p1b\n|-resisted|p1a: Urshifu\n|-resisted|p1b: Miraidon\n|-damage|p1a: Urshifu|45/100\n|-damage|p1b: Miraidon|6/100\n|move|p1b: Miraidon|Electro Drift|p2b: Kyogre\n|-supereffective|p2b: Kyogre\n|-damage|p2b: Kyogre|0 fnt\n|faint|p2b: Kyogre\n|\n|win|fertor04\n|raw|fertor04's rating: 1244 &rarr; <strong>1285</strong><br />(+41 for winning)\n|raw|xiaoliyunVGC's rating: 1508 &rarr; <strong>1475</strong><br />(-33 for losing)\n|l|\u2606fertor04\n|player|p1|\n|l|\u2606xiaoliyunVGC\n|player|p2|\n","uploadtime":1772986870,"views":12,"formatid":"gen9vgc2026regi","rating":1285,"private":0,"password":null}