{"id":"gen9vgc2026regi-2575217322","format":"[Gen 9] VGC 2026 Reg I","players":["BreakTheShadowWall","HM-CV01"],"log":"|j|\u2606BreakTheShadowWall\n|j|\u2606HM-CV01\n|t:|1775330001\n|gametype|doubles\n|player|p1|BreakTheShadowWall|102|1425\n|player|p2|HM-CV01|miku-fire|1424\n|gen|9\n|tier|[Gen 9] VGC 2026 Reg I\n|rated|\n|rule|Species Clause: Limit one of each Pok\u00e9mon\n|rule|Item Clause: Limit 1 of each item\n|clearpoke\n|poke|p1|Miraidon, L50|\n|poke|p1|Iron Bundle, L50|\n|poke|p1|Lunala, L50|\n|poke|p1|Incineroar, L50, F|\n|poke|p1|Urshifu-*, L50, M|\n|poke|p1|Ursaluna, L50, F|\n|poke|p2|Calyrex-Shadow, L50|\n|poke|p2|Zamazenta-*, L50|\n|poke|p2|Incineroar, L50, M|\n|poke|p2|Rillaboom, L50, M|\n|poke|p2|Urshifu-*, L50, M|\n|poke|p2|Pelipper, L50, F|\n|teampreview|4\n|inactive|Battle timer is ON: inactive players will automatically lose when time's up. (requested by BreakTheShadowWall)\n|\n|t:|1775330053\n|teamsize|p1|4\n|teamsize|p2|4\n|start\n|switch|p1a: Lunala|Lunala, L50, shiny|100/100\n|switch|p1b: Incineroar|Incineroar, L50, F|100/100\n|switch|p2a: Calyrex|Calyrex-Shadow, L50|100/100\n|switch|p2b: Rillaboom|Rillaboom, L50, M|100/100\n|-ability|p2a: Calyrex|As One\n|-ability|p2a: Calyrex|Unnerve\n|-fieldstart|move: Grassy Terrain|[from] ability: Grassy Surge|[of] p2b: Rillaboom\n|-ability|p1b: Incineroar|Intimidate|boost\n|-unboost|p2a: Calyrex|atk|1\n|-unboost|p2b: Rillaboom|atk|1\n|turn|1\n|\n|t:|1775330078\n|switch|p2a: Incineroar|Incineroar, L50, M|100/100\n|-ability|p2a: Incineroar|Intimidate|boost\n|-unboost|p1a: Lunala|atk|1\n|-unboost|p1b: Incineroar|atk|1\n|move|p2b: Rillaboom|U-turn|p1a: Lunala\n|-damage|p1a: Lunala|94/100\n|\n|t:|1775330086\n|switch|p2b: Calyrex|Calyrex-Shadow, L50|100/100|[from] U-turn\n|-ability|p2b: Calyrex|As One\n|-ability|p2b: Calyrex|Unnerve\n|move|p1b: Incineroar|Knock Off|p2a: Incineroar\n|-resisted|p2a: Incineroar\n|-damage|p2a: Incineroar|90/100\n|-enditem|p2a: Incineroar|Safety Goggles|[from] move: Knock Off|[of] p1b: Incineroar\n|move|p1a: Lunala|Trick Room|p1a: Lunala\n|-fieldstart|move: Trick Room|[of] p1a: Lunala\n|\n|-heal|p2a: Incineroar|96/100|[from] Grassy Terrain\n|-heal|p1a: Lunala|99/100|[from] Grassy Terrain\n|upkeep\n|turn|2\n|inactive|BreakTheShadowWall has 30 seconds left.\n|inactive|HM-CV01 has 30 seconds left.\n|inactive|HM-CV01 has 20 seconds left.\n|\n|t:|1775330126\n|move|p2b: Calyrex|Protect|p2b: Calyrex\n|-singleturn|p2b: Calyrex|Protect\n|move|p2a: Incineroar|Parting Shot|p1a: Lunala\n|-unboost|p1a: Lunala|atk|1\n|-unboost|p1a: Lunala|spa|1\n|\n|t:|1775330133\n|switch|p2a: Zamazenta|Zamazenta-Crowned, L50|100/100|[from] Parting Shot\n|-ability|p2a: Zamazenta|Dauntless Shield|boost\n|-boost|p2a: Zamazenta|def|1\n|move|p1b: Incineroar|U-turn|p2a: Zamazenta\n|-resisted|p2a: Zamazenta\n|-damage|p2a: Zamazenta|99/100\n|\n|t:|1775330141\n|switch|p1b: Ursaluna|Ursaluna, L50, F|100/100|[from] U-turn\n|move|p1a: Lunala|Moongeist Beam|p2b: Calyrex\n|-activate|p2b: Calyrex|move: Protect\n|\n|-heal|p1a: Lunala|100/100|[from] Grassy Terrain\n|-heal|p2a: Zamazenta|100/100|[from] Grassy Terrain\n|-status|p1b: Ursaluna|brn|[from] item: Flame Orb\n|upkeep\n|turn|3\n|inactive|BreakTheShadowWall has 30 seconds left.\n|inactive|HM-CV01 has 30 seconds left.\n|\n|t:|1775330173\n|-terastallize|p1b: Ursaluna|Ghost\n|-terastallize|p2a: Zamazenta|Dragon\n|move|p1a: Lunala|Wide Guard|p1a: Lunala\n|-singleturn|p1a: Lunala|Wide Guard\n|move|p1b: Ursaluna|Earthquake|p2a: Zamazenta|[spread] p2a,p2b\n|-activate|p1a: Lunala|move: Wide Guard\n|-damage|p2a: Zamazenta|89/100\n|-damage|p2b: Calyrex|62/100\n|move|p2a: Zamazenta|Body Press|p1b: Ursaluna\n|-immune|p1b: Ursaluna\n|move|p2b: Calyrex|Astral Barrage|p1b: Ursaluna|[spread] \n|-activate|p1a: Lunala|move: Wide Guard\n|-activate|p1b: Ursaluna|move: Wide Guard\n|\n|-heal|p2a: Zamazenta|95/100|[from] Grassy Terrain\n|-heal|p2b: Calyrex|69/100|[from] Grassy Terrain\n|-damage|p1b: Ursaluna|95/100 brn|[from] brn\n|upkeep\n|turn|4\n|\n|t:|1775330198\n|move|p2a: Zamazenta|Protect|p2a: Zamazenta\n|-singleturn|p2a: Zamazenta|Protect\n|move|p2b: Calyrex|Protect|p2b: Calyrex\n|-singleturn|p2b: Calyrex|Protect\n|move|p1b: Ursaluna|Facade|p2a: Zamazenta\n|-activate|p2a: Zamazenta|move: Protect\n|move|p1a: Lunala|Moongeist Beam|p2b: Calyrex\n|-activate|p2b: Calyrex|move: Protect\n|\n|-heal|p1b: Ursaluna|100/100 brn|[from] Grassy Terrain\n|-heal|p2a: Zamazenta|100/100|[from] Grassy Terrain\n|-heal|p2b: Calyrex|75/100|[from] Grassy Terrain\n|-damage|p1b: Ursaluna|95/100 brn|[from] brn\n|upkeep\n|turn|5\n|\n|t:|1775330214\n|switch|p2b: Incineroar|Incineroar, L50, M|96/100\n|-ability|p2b: Incineroar|Intimidate|boost\n|-unboost|p1a: Lunala|atk|1\n|-unboost|p1b: Ursaluna|atk|1\n|move|p1b: Ursaluna|Facade|p2a: Zamazenta\n|-damage|p2a: Zamazenta|69/100\n|move|p1a: Lunala|Moongeist Beam|p2b: Incineroar\n|-resisted|p2b: Incineroar\n|-damage|p2b: Incineroar|82/100\n|move|p2a: Zamazenta|Behemoth Bash|p1a: Lunala\n|-damage|p1a: Lunala|84/100\n|\n|-heal|p1b: Ursaluna|100/100 brn|[from] Grassy Terrain\n|-heal|p2b: Incineroar|88/100|[from] Grassy Terrain\n|-heal|p1a: Lunala|90/100|[from] Grassy Terrain\n|-heal|p2a: Zamazenta|75/100|[from] Grassy Terrain\n|-damage|p1b: Ursaluna|95/100 brn|[from] brn\n|-fieldend|move: Trick Room\n|-fieldend|move: Grassy Terrain\n|upkeep\n|turn|6\n|inactive|BreakTheShadowWall has 30 seconds left.\n|inactive|HM-CV01 has 30 seconds left.\n|inactive|BreakTheShadowWall has 20 seconds left.\n|inactive|BreakTheShadowWall has 15 seconds left.\n|inactive|BreakTheShadowWall has 10 seconds left.\n|inactive|BreakTheShadowWall has 5 seconds left.\n|\n|t:|1775330267\n|switch|p1a: Incineroar|Incineroar, L50, F|100/100\n|-ability|p1a: Incineroar|Intimidate|boost\n|-unboost|p2a: Zamazenta|atk|1\n|-unboost|p2b: Incineroar|atk|1\n|switch|p1b: Miraidon|Miraidon, L50|100/100\n|-fieldstart|move: Electric Terrain|[from] ability: Hadron Engine|[of] p1b: Miraidon\n|move|p2a: Zamazenta|Behemoth Bash|p1a: Incineroar\n|-resisted|p1a: Incineroar\n|-damage|p1a: Incineroar|90/100\n|move|p2b: Incineroar|Knock Off|p1a: Incineroar\n|-resisted|p1a: Incineroar\n|-damage|p1a: Incineroar|81/100\n|-enditem|p1a: Incineroar|Assault Vest|[from] move: Knock Off|[of] p2b: Incineroar\n|\n|upkeep\n|turn|7\n|inactive|BreakTheShadowWall has 30 seconds left.\n|inactive|BreakTheShadowWall has 20 seconds left.\n|inactive|BreakTheShadowWall has 15 seconds left.\n|inactive|HM-CV01 has 30 seconds left.\n|\n|t:|1775330327\n|switch|p2a: Rillaboom|Rillaboom, L50, M|100/100\n|-fieldstart|move: Grassy Terrain|[from] ability: Grassy Surge|[of] p2a: Rillaboom\n|move|p1a: Incineroar|Fake Out|p2a: Rillaboom\n|-damage|p2a: Rillaboom|90/100\n|move|p1b: Miraidon|Volt Switch|p2b: Incineroar\n|-damage|p2b: Incineroar|46/100\n|inactive|BreakTheShadowWall has 30 seconds left.\n|\n|t:|1775330357\n|switch|p1b: Lunala|Lunala, L50, shiny|90/100|[from] Volt Switch\n|move|p2b: Incineroar|Knock Off|p1b: Lunala\n|-supereffective|p1b: Lunala\n|-damage|p1b: Lunala|5/100\n|-enditem|p1b: Lunala|Electric Seed|[from] move: Knock Off|[of] p2b: Incineroar\n|\n|-heal|p1b: Lunala|11/100|[from] Grassy Terrain\n|-heal|p2a: Rillaboom|96/100|[from] Grassy Terrain\n|-heal|p1a: Incineroar|87/100|[from] Grassy Terrain\n|-heal|p2b: Incineroar|52/100|[from] Grassy Terrain\n|upkeep\n|turn|8\n|inactive|BreakTheShadowWall has 30 seconds left.\n|inactive|HM-CV01 has 30 seconds left.\n|\n|t:|1775330387\n|switch|p1b: Miraidon|Miraidon, L50|100/100\n|-fieldstart|move: Electric Terrain|[from] ability: Hadron Engine|[of] p1b: Miraidon\n|switch|p2b: Zamazenta|Zamazenta-Crowned, L50, tera:Dragon|75/100\n|move|p2a: Rillaboom|U-turn|p1b: Miraidon\n|-damage|p1b: Miraidon|78/100\n|\n|t:|1775330395\n|switch|p2a: Incineroar|Incineroar, L50, M|52/100|[from] U-turn\n|-ability|p2a: Incineroar|Intimidate|boost\n|-unboost|p1a: Incineroar|atk|1\n|-unboost|p1b: Miraidon|atk|1\n|move|p1a: Incineroar|Flare Blitz|p2a: Incineroar\n|-resisted|p2a: Incineroar\n|-damage|p2a: Incineroar|40/100\n|-damage|p1a: Incineroar|83/100|[from] Recoil\n|\n|upkeep\n|turn|9\n|inactive|BreakTheShadowWall has 30 seconds left.\n|inactive|HM-CV01 has 30 seconds left.\n|inactive|BreakTheShadowWall has 20 seconds left.\n|\n|t:|1775330431\n|switch|p2b: Rillaboom|Rillaboom, L50, M|96/100\n|-fieldstart|move: Grassy Terrain|[from] ability: Grassy Surge|[of] p2b: Rillaboom\n|move|p2a: Incineroar|Fake Out|p1b: Miraidon\n|-damage|p1b: Miraidon|67/100\n|cant|p1b: Miraidon|flinch\n|move|p1a: Incineroar|U-turn|p2a: Incineroar\n|-damage|p2a: Incineroar|29/100\n|\n|t:|1775330444\n|switch|p1a: Ursaluna|Ursaluna, L50, F, tera:Ghost|95/100 brn|[from] U-turn\n|\n|-heal|p1b: Miraidon|73/100|[from] Grassy Terrain\n|-heal|p2b: Rillaboom|100/100|[from] Grassy Terrain\n|-heal|p2a: Incineroar|35/100|[from] Grassy Terrain\n|-heal|p1a: Ursaluna|100/100 brn|[from] Grassy Terrain\n|-damage|p1a: Ursaluna|95/100 brn|[from] brn\n|upkeep\n|turn|10\n|\n|t:|1775330459\n|switch|p1b: Incineroar|Incineroar, L50, F|83/100\n|-ability|p1b: Incineroar|Intimidate|boost\n|-unboost|p2a: Incineroar|atk|1\n|-unboost|p2b: Rillaboom|atk|1\n|move|p2b: Rillaboom|Fake Out|p1b: Incineroar\n|-damage|p1b: Incineroar|77/100\n|move|p2a: Incineroar|Parting Shot|p1a: Ursaluna\n|-unboost|p1a: Ursaluna|atk|1\n|-unboost|p1a: Ursaluna|spa|1\n|inactive|HM-CV01 has 30 seconds left.\n|\n|t:|1775330486\n|switch|p2a: Calyrex|Calyrex-Shadow, L50|75/100|[from] Parting Shot\n|-ability|p2a: Calyrex|As One\n|-ability|p2a: Calyrex|Unnerve\n|move|p1a: Ursaluna|Facade|p2a: Calyrex\n|-immune|p2a: Calyrex\n|\n|-heal|p2a: Calyrex|81/100|[from] Grassy Terrain\n|-heal|p1b: Incineroar|83/100|[from] Grassy Terrain\n|-heal|p1a: Ursaluna|100/100 brn|[from] Grassy Terrain\n|-damage|p1a: Ursaluna|95/100 brn|[from] brn\n|upkeep\n|turn|11\n|\n|t:|1775330509\n|switch|p2b: Incineroar|Incineroar, L50, M|35/100\n|-ability|p2b: Incineroar|Intimidate|boost\n|-unboost|p1a: Ursaluna|atk|1\n|-unboost|p1b: Incineroar|atk|1\n|move|p2a: Calyrex|Protect|p2a: Calyrex\n|-singleturn|p2a: Calyrex|Protect\n|move|p1a: Ursaluna|Protect|p1a: Ursaluna\n|-singleturn|p1a: Ursaluna|Protect\n|move|p1b: Incineroar|Knock Off|p2a: Calyrex\n|-activate|p2a: Calyrex|move: Protect\n|\n|-heal|p2a: Calyrex|87/100|[from] Grassy Terrain\n|-heal|p1b: Incineroar|89/100|[from] Grassy Terrain\n|-heal|p2b: Incineroar|41/100|[from] Grassy Terrain\n|-heal|p1a: Ursaluna|100/100 brn|[from] Grassy Terrain\n|-damage|p1a: Ursaluna|95/100 brn|[from] brn\n|upkeep\n|turn|12\n|inactive|BreakTheShadowWall has 30 seconds left.\n|inactive|BreakTheShadowWall has 20 seconds left.\n|inactive|BreakTheShadowWall has 15 seconds left.\n|inactive|BreakTheShadowWall has 10 seconds left.\n|\n|t:|1775330561\n|move|p1a: Ursaluna|Protect||[still]\n|-fail|p1a: Ursaluna\n|move|p2b: Incineroar|Fake Out|p1b: Incineroar\n|-crit|p1b: Incineroar\n|-damage|p1b: Incineroar|77/100\n|move|p2a: Calyrex|Astral Barrage|p1a: Ursaluna|[spread] p1a,p1b\n|-supereffective|p1a: Ursaluna\n|-resisted|p1b: Incineroar\n|-damage|p1a: Ursaluna|0 fnt\n|-damage|p1b: Incineroar|52/100\n|faint|p1a: Ursaluna\n|-ability|p2a: Calyrex|Grim Neigh|boost\n|-boost|p2a: Calyrex|spa|1\n|cant|p1b: Incineroar|flinch\n|\n|-heal|p2a: Calyrex|94/100|[from] Grassy Terrain\n|-heal|p1b: Incineroar|58/100|[from] Grassy Terrain\n|-heal|p2b: Incineroar|47/100|[from] Grassy Terrain\n|upkeep\n|\n|t:|1775330575\n|switch|p1a: Miraidon|Miraidon, L50|73/100\n|-fieldstart|move: Electric Terrain|[from] ability: Hadron Engine|[of] p1a: Miraidon\n|turn|13\n|\n|t:|1775330587\n|switch|p1a: Lunala|Lunala, L50, shiny|11/100\n|switch|p2b: Rillaboom|Rillaboom, L50, M|100/100\n|-fieldstart|move: Grassy Terrain|[from] ability: Grassy Surge|[of] p2b: Rillaboom\n|move|p2a: Calyrex|Protect|p2a: Calyrex\n|-singleturn|p2a: Calyrex|Protect\n|move|p1b: Incineroar|Knock Off|p2a: Calyrex\n|-activate|p2a: Calyrex|move: Protect\n|\n|-heal|p2a: Calyrex|99/100|[from] Grassy Terrain\n|-heal|p1a: Lunala|16/100|[from] Grassy Terrain\n|-heal|p1b: Incineroar|64/100|[from] Grassy Terrain\n|upkeep\n|turn|14\n|\n|t:|1775330604\n|switch|p1b: Miraidon|Miraidon, L50|73/100\n|-fieldstart|move: Electric Terrain|[from] ability: Hadron Engine|[of] p1b: Miraidon\n|move|p1a: Lunala|Wide Guard|p1a: Lunala\n|-singleturn|p1a: Lunala|Wide Guard\n|move|p2b: Rillaboom|Fake Out|p1b: Miraidon\n|-damage|p1b: Miraidon|61/100\n|move|p2a: Calyrex|Psychic|p1a: Lunala\n|-resisted|p1a: Lunala\n|-damage|p1a: Lunala|0 fnt\n|faint|p1a: Lunala\n|-ability|p2a: Calyrex|Grim Neigh|boost\n|-boost|p2a: Calyrex|spa|1\n|\n|upkeep\n|inactive|BreakTheShadowWall has 30 seconds left.\n|\n|t:|1775330614\n|switch|p1a: Incineroar|Incineroar, L50, F|64/100\n|-ability|p1a: Incineroar|Intimidate|boost\n|-unboost|p2a: Calyrex|atk|1\n|-unboost|p2b: Rillaboom|atk|1\n|turn|15\n|inactive|BreakTheShadowWall has 25 seconds left this turn.\n|inactive|BreakTheShadowWall has 20 seconds left.\n|inactive|BreakTheShadowWall has 15 seconds left.\n|\n|t:|1775330624\n|switch|p2b: Incineroar|Incineroar, L50, M|47/100\n|-ability|p2b: Incineroar|Intimidate|boost\n|-unboost|p1a: Incineroar|atk|1\n|-unboost|p1b: Miraidon|atk|1\n|move|p2a: Calyrex|Protect|p2a: Calyrex\n|-singleturn|p2a: Calyrex|Protect\n|move|p1b: Miraidon|Electro Drift|p2a: Calyrex\n|-activate|p2a: Calyrex|move: Protect\n|move|p1a: Incineroar|Flare Blitz|p2b: Incineroar\n|-resisted|p2b: Incineroar\n|-damage|p2b: Incineroar|34/100\n|-damage|p1a: Incineroar|60/100|[from] Recoil\n|\n|upkeep\n|turn|16\n|inactive|BreakTheShadowWall has 15 seconds left this turn.\n|inactive|BreakTheShadowWall has 10 seconds left.\n|inactive|BreakTheShadowWall has 5 seconds left.\n|\n|t:|1775330638\n|switch|p2b: Rillaboom|Rillaboom, L50, M|100/100\n|-fieldstart|move: Grassy Terrain|[from] ability: Grassy Surge|[of] p2b: Rillaboom\n|move|p2a: Calyrex|Astral Barrage|p1b: Miraidon|[spread] p1a,p1b\n|-resisted|p1a: Incineroar\n|-damage|p1a: Incineroar|8/100\n|-damage|p1b: Miraidon|0 fnt\n|faint|p1b: Miraidon\n|-ability|p2a: Calyrex|Grim Neigh|boost\n|-boost|p2a: Calyrex|spa|1\n|move|p1a: Incineroar|Knock Off|p2a: Calyrex\n|-supereffective|p2a: Calyrex\n|-damage|p2a: Calyrex|0 fnt\n|-enditem|p2a: Calyrex|Focus Sash|[from] move: Knock Off|[of] p1a: Incineroar\n|faint|p2a: Calyrex\n|\n|-heal|p1a: Incineroar|14/100|[from] Grassy Terrain\n|upkeep\n|-message|BreakTheShadowWall forfeited.\n|\n|win|HM-CV01\n|raw|BreakTheShadowWall's rating: 1425 &rarr; <strong>1405</strong><br />(-20 for losing)\n|raw|HM-CV01's rating: 1424 &rarr; <strong>1444</strong><br />(+20 for winning)\n|l|\u2606BreakTheShadowWall\n|player|p1|\n","uploadtime":1775330658,"views":11,"formatid":"gen9vgc2026regi","rating":1405,"private":0,"password":null}