{"id":"gen9vgc2026regi-2517944307","format":"[Gen 9] VGC 2026 Reg I","players":["plantscience","LeaderSilva"],"log":"|j|\u2606plantscience\n|j|\u2606LeaderSilva\n|t:|1768327541\n|gametype|doubles\n|player|p1|plantscience|265|1236\n|player|p2|LeaderSilva|ninjaboy|1208\n|gen|9\n|tier|[Gen 9] VGC 2026 Reg I\n|rated|\n|rule|Species Clause: Limit one of each Pok\u00e9mon\n|rule|Item Clause: Limit 1 of each item\n|clearpoke\n|poke|p1|Lunala, L50|\n|poke|p1|Ursaluna, L50, M|\n|poke|p1|Urshifu-*, L50, F|\n|poke|p1|Miraidon, L50|\n|poke|p1|Grimmsnarl, L50, M|\n|poke|p1|Incineroar, L50, F|\n|poke|p2|Kyogre, L50|\n|poke|p2|Calyrex-Shadow, L50|\n|poke|p2|Araquanid, L50, F|\n|poke|p2|Wo-Chien, L50|\n|poke|p2|Rillaboom, L50, F|\n|poke|p2|Walking Wake, L50|\n|teampreview|4\n|\n|t:|1768327585\n|teamsize|p1|4\n|teamsize|p2|4\n|start\n|switch|p1a: Lunala|Lunala, L50|100/100\n|switch|p1b: Incineroar|Incineroar, L50, F|100/100\n|switch|p2a: Wo-Chien|Wo-Chien, L50|100/100\n|switch|p2b: Rillaboom|Rillaboom, L50, F|100/100\n|-fieldstart|move: Grassy Terrain|[from] ability: Grassy Surge|[of] p2b: Rillaboom\n|-ability|p2a: Wo-Chien|Tablets of Ruin\n|-ability|p1b: Incineroar|Intimidate|boost\n|-unboost|p2a: Wo-Chien|atk|1\n|-unboost|p2b: Rillaboom|atk|1\n|turn|1\n|inactive|Battle timer is ON: inactive players will automatically lose when time's up. (requested by plantscience)\n|inactive|LeaderSilva has 60 seconds left.\n|\n|t:|1768327621\n|switch|p1b: Ursaluna|Ursaluna, L50, M|100/100\n|move|p2b: Rillaboom|Fake Out|p1b: Ursaluna\n|-damage|p1b: Ursaluna|95/100\n|move|p2a: Wo-Chien|Leech Seed|p1a: Lunala\n|-start|p1a: Lunala|move: Leech Seed\n|move|p1a: Lunala|Trick Room|p1a: Lunala\n|-fieldstart|move: Trick Room|[of] p1a: Lunala\n|\n|-heal|p1b: Ursaluna|100/100|[from] Grassy Terrain\n|-damage|p1a: Lunala|88/100|[from] Leech Seed|[of] p2a: Wo-Chien\n|-status|p1b: Ursaluna|brn|[from] item: Flame Orb\n|upkeep\n|turn|2\n|\n|t:|1768327638\n|switch|p1a: Incineroar|Incineroar, L50, F|100/100\n|-ability|p1a: Incineroar|Intimidate|boost\n|-unboost|p2a: Wo-Chien|atk|1\n|-unboost|p2b: Rillaboom|atk|1\n|move|p1b: Ursaluna|Facade|p2b: Rillaboom\n|-damage|p2b: Rillaboom|4/100\n|move|p2a: Wo-Chien|Leech Seed|p1b: Ursaluna|[miss]\n|-miss|p2a: Wo-Chien|p1b: Ursaluna\n|move|p2b: Rillaboom|U-turn|p1b: Ursaluna\n|-damage|p1b: Ursaluna|94/100 brn\n|\n|t:|1768327652\n|switch|p2b: Araquanid|Araquanid, L50, F|100/100|[from] U-turn\n|\n|-heal|p1b: Ursaluna|99/100 brn|[from] Grassy Terrain\n|-damage|p1b: Ursaluna|94/100 brn|[from] brn\n|upkeep\n|turn|3\n|\n|t:|1768327670\n|switch|p2b: Rillaboom|Rillaboom, L50, F|4/100\n|move|p1a: Incineroar|Fake Out|p2b: Rillaboom\n|-damage|p2b: Rillaboom|0 fnt\n|faint|p2b: Rillaboom\n|move|p1b: Ursaluna|Facade|p2a: Wo-Chien\n|-damage|p2a: Wo-Chien|10/100\n|move|p2a: Wo-Chien|Ruination|p1b: Ursaluna\n|-damage|p1b: Ursaluna|47/100 brn\n|\n|-heal|p1b: Ursaluna|53/100 brn|[from] Grassy Terrain\n|-heal|p2a: Wo-Chien|16/100|[from] Grassy Terrain\n|-heal|p2a: Wo-Chien|22/100|[from] item: Leftovers\n|-damage|p1b: Ursaluna|47/100 brn|[from] brn\n|upkeep\n|\n|t:|1768327684\n|switch|p2b: Araquanid|Araquanid, L50, F|100/100\n|turn|4\n|\n|t:|1768327694\n|move|p2b: Araquanid|Liquidation|p1b: Ursaluna\n|-supereffective|p1b: Ursaluna\n|-damage|p1b: Ursaluna|0 fnt\n|faint|p1b: Ursaluna\n|move|p1a: Incineroar|Parting Shot|p2b: Araquanid\n|-unboost|p2b: Araquanid|atk|1\n|-unboost|p2b: Araquanid|spa|1\n|\n|t:|1768327700\n|switch|p1a: Lunala|Lunala, L50|88/100|[from] Parting Shot\n|move|p2a: Wo-Chien|Ruination|p1a: Lunala\n|-damage|p1a: Lunala|45/100\n|\n|-heal|p2a: Wo-Chien|29/100|[from] Grassy Terrain\n|-heal|p2a: Wo-Chien|35/100|[from] item: Leftovers\n|-heal|p1a: Lunala|51/100|[from] Grassy Terrain\n|upkeep\n|\n|t:|1768327707\n|switch|p1b: Incineroar|Incineroar, L50, F|100/100\n|-ability|p1b: Incineroar|Intimidate|boost\n|-unboost|p2a: Wo-Chien|atk|1\n|-unboost|p2b: Araquanid|atk|1\n|turn|5\n|\n|t:|1768327718\n|switch|p2b: Kyogre|Kyogre, L50|100/100\n|-weather|RainDance|[from] ability: Drizzle|[of] p2b: Kyogre\n|move|p1b: Incineroar|Fake Out|p2b: Kyogre\n|-damage|p2b: Kyogre|92/100\n|move|p2a: Wo-Chien|Leech Seed|p1a: Lunala\n|-start|p1a: Lunala|move: Leech Seed\n|move|p1a: Lunala|Moonblast|p2a: Wo-Chien\n|-supereffective|p2a: Wo-Chien\n|-damage|p2a: Wo-Chien|0 fnt\n|faint|p2a: Wo-Chien\n|\n|-weather|RainDance|[upkeep]\n|-heal|p1a: Lunala|57/100|[from] Grassy Terrain\n|-heal|p2b: Kyogre|98/100|[from] Grassy Terrain\n|-fieldend|move: Trick Room\n|-fieldend|move: Grassy Terrain\n|upkeep\n|\n|t:|1768327729\n|switch|p2a: Araquanid|Araquanid, L50, F|100/100\n|turn|6\n|inactive|plantscience has 30 seconds left.\n|\n|t:|1768327757\n|-terastallize|p2b: Kyogre|Water\n|-terastallize|p1b: Incineroar|Bug\n|move|p1a: Lunala|Wide Guard|p1a: Lunala\n|-singleturn|p1a: Lunala|Wide Guard\n|move|p2b: Kyogre|Water Spout|p1b: Incineroar|[spread] \n|-activate|p1a: Lunala|move: Wide Guard\n|-activate|p1b: Incineroar|move: Wide Guard\n|move|p1b: Incineroar|Parting Shot|p2b: Kyogre\n|-unboost|p2b: Kyogre|atk|1\n|-unboost|p2b: Kyogre|spa|1\n|\n|t:|1768327770\n|switch|p1b: Miraidon|Miraidon, L50|100/100|[from] Parting Shot\n|-fieldstart|move: Electric Terrain|[from] ability: Hadron Engine|[of] p1b: Miraidon\n|-enditem|p1a: Lunala|Electric Seed\n|-boost|p1a: Lunala|def|1|[from] item: Electric Seed\n|move|p2a: Araquanid|Liquidation|p1b: Miraidon\n|-resisted|p1b: Miraidon\n|-damage|p1b: Miraidon|49/100\n|\n|-weather|RainDance|[upkeep]\n|-damage|p1a: Lunala|45/100|[from] Leech Seed|[of] p2a: Araquanid\n|upkeep\n|turn|7\n|\n|t:|1768327789\n|move|p2b: Kyogre|Water Spout|p1b: Miraidon|[spread] p1a,p1b\n|-resisted|p1b: Miraidon\n|-damage|p1a: Lunala|0 fnt\n|-damage|p1b: Miraidon|29/100\n|faint|p1a: Lunala\n|move|p1b: Miraidon|Electro Drift|p2b: Kyogre\n|-supereffective|p2b: Kyogre\n|-damage|p2b: Kyogre|0 fnt\n|faint|p2b: Kyogre\n|move|p2a: Araquanid|Leech Life|p1b: Miraidon\n|-damage|p1b: Miraidon|4/100\n|\n|-weather|RainDance|[upkeep]\n|upkeep\n|\n|t:|1768327792\n|switch|p1a: Incineroar|Incineroar, L50, F, tera:Bug|100/100\n|-ability|p1a: Incineroar|Intimidate|boost\n|-unboost|p2a: Araquanid|atk|1\n|turn|8\n|\n|t:|1768327800\n|move|p1a: Incineroar|Fake Out|p2a: Araquanid\n|-damage|p2a: Araquanid|88/100\n|move|p1b: Miraidon|Electro Drift|p2a: Araquanid\n|-supereffective|p2a: Araquanid\n|-damage|p2a: Araquanid|0 fnt\n|faint|p2a: Araquanid\n|\n|win|plantscience\n|raw|plantscience's rating: 1236 &rarr; <strong>1259</strong><br />(+23 for winning)\n|raw|LeaderSilva's rating: 1208 &rarr; <strong>1185</strong><br />(-23 for losing)\n|c|\u2606LeaderSilva|gg\n|c|\u2606plantscience|Gg\n|l|\u2606LeaderSilva\n|player|p2|\n|l|\u2606plantscience\n|player|p1|\n","uploadtime":1768327997,"views":15,"formatid":"gen9vgc2026regi","rating":1185,"private":0,"password":null}