{"id":"gen9vgc2026regi-2568703436","format":"[Gen 9] VGC 2026 Reg I","players":["Donye East","Binky11"],"log":"|j|\u203dDonye East\n|j|\u2606Binky11\n|t:|1774615671\n|gametype|doubles\n|player|p1|Donye East|nemona-s|1405\n|player|p2|Binky11|miku-ice|1409\n|gen|9\n|tier|[Gen 9] VGC 2026 Reg I\n|rated|\n|rule|Species Clause: Limit one of each Pok\u00e9mon\n|rule|Item Clause: Limit 1 of each item\n|clearpoke\n|poke|p1|Incineroar, L50, F|\n|poke|p1|Miraidon, L50|\n|poke|p1|Kyogre, L50|\n|poke|p1|Urshifu-*, L50, M|\n|poke|p1|Kingambit, L50, M|\n|poke|p1|Tornadus, L50, M|\n|poke|p2|Kyogre, L50|\n|poke|p2|Necrozma-Dusk-Mane, L50|\n|poke|p2|Amoonguss, L50, M|\n|poke|p2|Iron Jugulis, L50|\n|poke|p2|Raging Bolt, L50|\n|poke|p2|Urshifu-*, L50, F|\n|teampreview|4\n|inactive|Battle timer is ON: inactive players will automatically lose when time's up. (requested by Donye East)\n|inactive|Donye East has 60 seconds left.\n|\n|t:|1774615704\n|teamsize|p1|4\n|teamsize|p2|4\n|start\n|switch|p1a: Tornadus|Tornadus, L50, M|100/100\n|switch|p1b: Kyogre|Kyogre, L50|100/100\n|switch|p2a: Kyogre|Kyogre, L50|100/100\n|switch|p2b: Iron Jugulis|Iron Jugulis, L50|100/100\n|-weather|RainDance|[from] ability: Drizzle|[of] p1b: Kyogre\n|-enditem|p2b: Iron Jugulis|Booster Energy\n|-activate|p2b: Iron Jugulis|ability: Quark Drive|[fromitem]\n|-start|p2b: Iron Jugulis|quarkdrivespe\n|turn|1\n|inactive|Donye East has 30 seconds left.\n|\n|t:|1774615739\n|-terastallize|p1b: Kyogre|Water\n|move|p1a: Tornadus|Tailwind|p1a: Tornadus\n|-sidestart|p1: Donye East|move: Tailwind\n|move|p1b: Kyogre|Water Spout|p2a: Kyogre|[spread] p2a,p2b\n|-resisted|p2a: Kyogre\n|-damage|p2a: Kyogre|45/100\n|-damage|p2b: Iron Jugulis|0 fnt\n|faint|p2b: Iron Jugulis\n|-end|p2b: Iron Jugulis|Quark Drive|[silent]\n|move|p2a: Kyogre|Water Spout|p1b: Kyogre|[spread] p1a,p1b\n|-resisted|p1b: Kyogre\n|-damage|p1a: Tornadus|55/100\n|-damage|p1b: Kyogre|80/100\n|\n|-weather|RainDance|[upkeep]\n|upkeep\n|\n|t:|1774615750\n|switch|p2b: Raging Bolt|Raging Bolt, L50|100/100\n|turn|2\n|\n|t:|1774615758\n|move|p1b: Kyogre|Protect|p1b: Kyogre\n|-singleturn|p1b: Kyogre|Protect\n|move|p2b: Raging Bolt|Thunderclap||[still]\n|-fail|p2b: Raging Bolt\n|move|p1a: Tornadus|Bleakwind Storm|p2b: Raging Bolt|[spread] p2a,p2b\n|-resisted|p2b: Raging Bolt\n|-damage|p2a: Kyogre|25/100\n|-damage|p2b: Raging Bolt|91/100\n|-unboost|p2b: Raging Bolt|spe|1\n|move|p2a: Kyogre|Thunder|p1a: Tornadus\n|-supereffective|p1a: Tornadus\n|-damage|p1a: Tornadus|0 fnt\n|faint|p1a: Tornadus\n|\n|-weather|RainDance|[upkeep]\n|upkeep\n|\n|t:|1774615762\n|switch|p1a: Miraidon|Miraidon, L50|100/100\n|-fieldstart|move: Electric Terrain|[from] ability: Hadron Engine|[of] p1a: Miraidon\n|turn|3\n|\n|t:|1774615788\n|move|p1b: Kyogre|Protect||[still]\n|-fail|p1b: Kyogre\n|move|p2b: Raging Bolt|Thunderclap||[still]\n|-fail|p2b: Raging Bolt\n|move|p1a: Miraidon|Draco Meteor|p2b: Raging Bolt\n|-supereffective|p2b: Raging Bolt\n|-damage|p2b: Raging Bolt|0 fnt\n|-unboost|p1a: Miraidon|spa|2\n|faint|p2b: Raging Bolt\n|-end|p2b: Raging Bolt|Protosynthesis|[silent]\n|move|p2a: Kyogre|Thunder|p1b: Kyogre\n|-supereffective|p1b: Kyogre\n|-damage|p1b: Kyogre|0 fnt\n|faint|p1b: Kyogre\n|\n|-weather|RainDance|[upkeep]\n|upkeep\n|\n|t:|1774615794\n|switch|p1b: Kingambit|Kingambit, L50, M, shiny|100/100\n|switch|p2b: Necrozma|Necrozma-Dusk-Mane, L50|100/100\n|turn|4\n|\n|t:|1774615815\n|-terastallize|p2b: Necrozma|Grass\n|move|p2a: Kyogre|Protect|p2a: Kyogre\n|-singleturn|p2a: Kyogre|Protect\n|move|p1a: Miraidon|Draco Meteor|p2a: Kyogre\n|-activate|p2a: Kyogre|move: Protect\n|move|p1b: Kingambit|Kowtow Cleave|p2b: Necrozma\n|-damage|p2b: Necrozma|56/100\n|move|p2b: Necrozma|Photon Geyser|p1a: Miraidon\n|-damage|p1a: Miraidon|43/100\n|\n|-weather|RainDance|[upkeep]\n|-sideend|p1: Donye East|move: Tailwind\n|upkeep\n|turn|5\n|\n|t:|1774615832\n|move|p1b: Kingambit|Sucker Punch|p2b: Necrozma\n|-damage|p2b: Necrozma|24/100\n|move|p1a: Miraidon|Draco Meteor|p2a: Kyogre\n|-damage|p2a: Kyogre|0 fnt\n|-unboost|p1a: Miraidon|spa|2\n|faint|p2a: Kyogre\n|move|p2b: Necrozma|Photon Geyser|p1a: Miraidon\n|-damage|p1a: Miraidon|0 fnt\n|faint|p1a: Miraidon\n|\n|-weather|none\n|upkeep\n|turn|6\n|\n|t:|1774615838\n|move|p2b: Necrozma|Protect|p2b: Necrozma\n|-singleturn|p2b: Necrozma|Protect\n|move|p1b: Kingambit|Sucker Punch||[still]\n|-fail|p1b: Kingambit\n|\n|upkeep\n|turn|7\n|\n|t:|1774615842\n|move|p2b: Necrozma|Protect|p2b: Necrozma\n|-singleturn|p2b: Necrozma|Protect\n|move|p1b: Kingambit|Sucker Punch||[still]\n|-fail|p1b: Kingambit\n|\n|-fieldend|move: Electric Terrain\n|upkeep\n|turn|8\n|\n|t:|1774615845\n|move|p2b: Necrozma|Protect||[still]\n|-fail|p2b: Necrozma\n|move|p1b: Kingambit|Sucker Punch||[still]\n|-fail|p1b: Kingambit\n|\n|upkeep\n|turn|9\n|\n|t:|1774615850\n|move|p2b: Necrozma|Sunsteel Strike|p1b: Kingambit\n|-resisted|p1b: Kingambit\n|-damage|p1b: Kingambit|77/100\n|move|p1b: Kingambit|Kowtow Cleave|p2b: Necrozma\n|-damage|p2b: Necrozma|0 fnt\n|faint|p2b: Necrozma\n|\n|win|Donye East\n|raw|Donye East's rating: 1405 &rarr; <strong>1425</strong><br />(+20 for winning)\n|raw|Binky11's rating: 1409 &rarr; <strong>1389</strong><br />(-20 for losing)\n|l|\u203dDonye East\n|player|p1|\n|l|\u2606Binky11\n|player|p2|\n","uploadtime":1774615991,"views":21,"formatid":"gen9vgc2026regi","rating":1389,"private":0,"password":null}