{"id":"gen9vgc2026regi-2522777571","format":"[Gen 9] VGC 2026 Reg I","players":["Nand0_420","marcxhenry"],"log":"|j|\u2606Nand0_420\n|j|\u2606marcxhenry\n|t:|1768943192\n|gametype|doubles\n|player|p1|Nand0_420|1|1403\n|player|p2|marcxhenry|hilbert-wonderlauncher|1395\n|gen|9\n|tier|[Gen 9] VGC 2026 Reg I\n|rated|\n|rule|Species Clause: Limit one of each Pok\u00e9mon\n|rule|Item Clause: Limit 1 of each item\n|clearpoke\n|poke|p1|Miraidon, L50|\n|poke|p1|Calyrex-Shadow, L50|\n|poke|p1|Whimsicott, L50, F|\n|poke|p1|Gholdengo, L50|\n|poke|p1|Grimmsnarl, L50, M|\n|poke|p1|Chi-Yu, L50|\n|poke|p2|Calyrex-Shadow, L50|\n|poke|p2|Urshifu-*, L50, M|\n|poke|p2|Roaring Moon, L50|\n|poke|p2|Kyogre, L50|\n|poke|p2|Tsareena, L50, F|\n|poke|p2|Kingambit, L50, M|\n|teampreview|4\n|\n|t:|1768943241\n|teamsize|p1|4\n|teamsize|p2|4\n|start\n|switch|p1a: Miraidon|Miraidon, L50|100/100\n|switch|p1b: Grimmsnarl|Grimmsnarl, L50, M|100/100\n|switch|p2a: Ludwig|Calyrex-Shadow, L50|100/100\n|switch|p2b: Tripitz|Kyogre, L50, shiny|100/100\n|-ability|p2a: Ludwig|As One\n|-ability|p2a: Ludwig|Unnerve\n|-fieldstart|move: Electric Terrain|[from] ability: Hadron Engine|[of] p1a: Miraidon\n|-weather|RainDance|[from] ability: Drizzle|[of] p2b: Tripitz\n|turn|1\n|\n|t:|1768943276\n|-terastallize|p2b: Tripitz|Ground\n|move|p1b: Grimmsnarl|Light Screen|p1b: Grimmsnarl\n|-sidestart|p1: Nand0_420|move: Light Screen\n|move|p2a: Ludwig|Astral Barrage|p1b: Grimmsnarl|[spread] p1a,p1b\n|-resisted|p1b: Grimmsnarl\n|-damage|p1a: Miraidon|66/100\n|-damage|p1b: Grimmsnarl|82/100\n|-enditem|p1b: Grimmsnarl|Eject Button\n|\n|t:|1768943290\n|switch|p1b: Gholdengo|Gholdengo, L50|100/100\n|move|p1a: Miraidon|Snarl|p2b: Tripitz|[spread] p2a,p2b\n|-supereffective|p2a: Ludwig\n|-enditem|p2a: Ludwig|Focus Sash\n|-damage|p2a: Ludwig|1/100\n|-damage|p2b: Tripitz|76/100\n|-unboost|p2a: Ludwig|spa|1\n|-unboost|p2b: Tripitz|spa|1\n|move|p2b: Tripitz|Origin Pulse|p1b: Gholdengo|[spread] p1a,p1b\n|-resisted|p1a: Miraidon\n|-damage|p1a: Miraidon|48/100\n|-damage|p1b: Gholdengo|53/100\n|\n|-weather|RainDance|[upkeep]\n|upkeep\n|turn|2\n|\n|t:|1768943323\n|switch|p2a: Hermann|Kingambit, L50, M, shiny|100/100\n|move|p2b: Tripitz|Protect|p2b: Tripitz\n|-singleturn|p2b: Tripitz|Protect\n|move|p1a: Miraidon|Snarl|p2b: Tripitz|[spread] p2a\n|-activate|p2b: Tripitz|move: Protect\n|-resisted|p2a: Hermann\n|-damage|p2a: Hermann|91/100\n|-unboost|p2a: Hermann|spa|1\n|-ability|p2a: Hermann|Defiant|boost\n|-boost|p2a: Hermann|atk|2\n|move|p1b: Gholdengo|Shadow Ball|p2a: Hermann\n|-resisted|p2a: Hermann\n|-damage|p2a: Hermann|76/100\n|\n|-weather|RainDance|[upkeep]\n|upkeep\n|turn|3\n|\n|t:|1768943353\n|switch|p1a: Grimmsnarl|Grimmsnarl, L50, M|82/100\n|switch|p1b: Calyrex|Calyrex-Shadow, L50|100/100\n|-ability|p1b: Calyrex|As One\n|-ability|p1b: Calyrex|Unnerve\n|switch|p2b: Eva|Tsareena, L50, F, shiny|100/100\n|move|p2a: Hermann|Kowtow Cleave|p1b: Calyrex\n|-supereffective|p1b: Calyrex\n|-damage|p1b: Calyrex|0 fnt\n|faint|p1b: Calyrex\n|\n|-weather|RainDance|[upkeep]\n|upkeep\n|\n|t:|1768943373\n|switch|p1b: Miraidon|Miraidon, L50|48/100\n|-activate|p1b: Miraidon|ability: Hadron Engine\n|turn|4\n|\n|t:|1768943400\n|-terastallize|p1b: Miraidon|Fairy\n|move|p1a: Grimmsnarl|Reflect|p1a: Grimmsnarl\n|-sidestart|p1: Nand0_420|Reflect\n|move|p1b: Miraidon|Electro Drift|p2a: Hermann\n|-damage|p2a: Hermann|0 fnt\n|faint|p2a: Hermann\n|move|p2b: Eva|Power Whip|p1a: Grimmsnarl\n|-damage|p1a: Grimmsnarl|44/100\n|\n|-weather|RainDance|[upkeep]\n|upkeep\n|\n|t:|1768943412\n|switch|p2a: Tripitz|Kyogre, L50, shiny, tera:Ground|76/100\n|turn|5\n|\n|t:|1768943429\n|move|p2b: Eva|Protect|p2b: Eva\n|-singleturn|p2b: Eva|Protect\n|move|p1b: Miraidon|Electro Drift|p2b: Eva\n|-activate|p2b: Eva|move: Protect\n|move|p2a: Tripitz|Water Spout|p1a: Grimmsnarl|[spread] p1a,p1b\n|-damage|p1a: Grimmsnarl|0 fnt\n|-damage|p1b: Miraidon|0 fnt\n|faint|p1a: Grimmsnarl\n|faint|p1b: Miraidon\n|\n|-weather|none\n|-sideend|p1: Nand0_420|move: Light Screen\n|-fieldend|move: Electric Terrain\n|upkeep\n|\n|t:|1768943439\n|switch|p1b: Gholdengo|Gholdengo, L50|53/100\n|turn|6\n|\n|t:|1768943450\n|move|p2a: Tripitz|Protect|p2a: Tripitz\n|-singleturn|p2a: Tripitz|Protect\n|move|p1b: Gholdengo|Shadow Ball|p2a: Tripitz\n|-activate|p2a: Tripitz|move: Protect\n|move|p2b: Eva|Power Whip|p1b: Gholdengo\n|-resisted|p1b: Gholdengo\n|-damage|p1b: Gholdengo|30/100\n|\n|upkeep\n|turn|7\n|-message|Nand0_420 forfeited.\n|\n|win|marcxhenry\n|raw|Nand0_420's rating: 1403 &rarr; <strong>1383</strong><br />(-20 for losing)\n|raw|marcxhenry's rating: 1395 &rarr; <strong>1415</strong><br />(+20 for winning)\n|l|\u2606Nand0_420\n|player|p1|\n|l|\u2606marcxhenry\n|player|p2|\n","uploadtime":1768943629,"views":26,"formatid":"gen9vgc2026regi","rating":1383,"private":0,"password":null}