{"id":"gen9vgc2026regi-2563201560","format":"[Gen 9] VGC 2026 Reg I","players":["marcxhenry","kilothegreat"],"log":"|j|\u2606marcxhenry\n|j|\u2606kilothegreat\n|t:|1774002488\n|gametype|doubles\n|player|p1|marcxhenry|hilbert-wonderlauncher|1320\n|player|p2|kilothegreat|266|1438\n|gen|9\n|tier|[Gen 9] VGC 2026 Reg I\n|rated|\n|rule|Species Clause: Limit one of each Pok\u00e9mon\n|rule|Item Clause: Limit 1 of each item\n|clearpoke\n|poke|p1|Calyrex-Shadow, L50|\n|poke|p1|Urshifu-*, L50, M|\n|poke|p1|Roaring Moon, L50|\n|poke|p1|Kyogre, L50|\n|poke|p1|Tsareena, L50, F|\n|poke|p1|Kingambit, L50, M|\n|poke|p2|Koraidon, L50|\n|poke|p2|Flutter Mane, L50|\n|poke|p2|Incineroar, L50, M|\n|poke|p2|Amoonguss, L50, F|\n|poke|p2|Lunala, L50|\n|poke|p2|Ursaluna, L50, F|\n|teampreview|4\n|inactive|Battle timer is ON: inactive players will automatically lose when time's up. (requested by kilothegreat)\n|\n|t:|1774002526\n|teamsize|p1|4\n|teamsize|p2|4\n|start\n|switch|p1a: Ludwig|Calyrex-Shadow, L50|100/100\n|switch|p1b: Tripitz|Kyogre, L50, shiny|100/100\n|switch|p2a: Koraidon|Koraidon, L50|100/100\n|switch|p2b: Flutter Mane|Flutter Mane, L50, shiny|100/100\n|-ability|p1a: Ludwig|As One\n|-ability|p1a: Ludwig|Unnerve\n|-weather|SunnyDay|[from] ability: Orichalcum Pulse|[of] p2a: Koraidon\n|-activate|p2b: Flutter Mane|ability: Protosynthesis\n|-start|p2b: Flutter Mane|protosynthesisspe\n|-activate|p2a: Koraidon|Orichalcum Pulse|[source]\n|-weather|RainDance|[from] ability: Drizzle|[of] p1b: Tripitz\n|-end|p2b: Flutter Mane|Protosynthesis\n|turn|1\n|\n|t:|1774002549\n|-terastallize|p1a: Ludwig|Normal\n|move|p1a: Ludwig|Astral Barrage|p2a: Koraidon|[spread] p2a,p2b\n|-supereffective|p2b: Flutter Mane\n|-damage|p2a: Koraidon|39/100\n|-enditem|p2b: Flutter Mane|Focus Sash\n|-damage|p2b: Flutter Mane|1/100\n|move|p2b: Flutter Mane|Icy Wind|p1b: Tripitz|[spread] p1a,p1b\n|-resisted|p1b: Tripitz\n|-damage|p1a: Ludwig|86/100\n|-damage|p1b: Tripitz|95/100\n|-unboost|p1a: Ludwig|spe|1\n|-unboost|p1b: Tripitz|spe|1\n|move|p2a: Koraidon|Close Combat|p1b: Tripitz\n|-damage|p1b: Tripitz|2/100\n|-unboost|p2a: Koraidon|def|1\n|-unboost|p2a: Koraidon|spd|1\n|-damage|p2a: Koraidon|29/100|[from] item: Life Orb\n|move|p1b: Tripitz|Origin Pulse|p2b: Flutter Mane|[spread] p2a,p2b\n|-resisted|p2a: Koraidon\n|-crit|p2a: Koraidon\n|-damage|p2a: Koraidon|0 fnt\n|-damage|p2b: Flutter Mane|0 fnt\n|faint|p2a: Koraidon\n|faint|p2b: Flutter Mane\n|-end|p2b: Flutter Mane|Protosynthesis|[silent]\n|\n|-weather|RainDance|[upkeep]\n|upkeep\n|\n|t:|1774002556\n|switch|p2b: Ursaluna|Ursaluna, L50, F|100/100\n|switch|p2a: Lunala|Lunala, L50|100/100\n|turn|2\n|inactive|marcxhenry has 30 seconds left.\n|\n|t:|1774002585\n|-terastallize|p2a: Lunala|Fairy\n|move|p2b: Ursaluna|Protect|p2b: Ursaluna\n|-singleturn|p2b: Ursaluna|Protect\n|move|p1a: Ludwig|Astral Barrage|p2b: Ursaluna|[spread] p2a\n|-activate|p2b: Ursaluna|move: Protect\n|-damage|p2a: Lunala|82/100\n|move|p1b: Tripitz|Hydro Pump|p2b: Ursaluna\n|-activate|p2b: Ursaluna|move: Protect\n|move|p2a: Lunala|Trick Room|p2a: Lunala\n|-fieldstart|move: Trick Room|[of] p2a: Lunala\n|\n|-weather|RainDance|[upkeep]\n|-status|p2b: Ursaluna|brn|[from] item: Flame Orb\n|upkeep\n|turn|3\n|\n|t:|1774002603\n|move|p1b: Tripitz|Protect|p1b: Tripitz\n|-singleturn|p1b: Tripitz|Protect\n|move|p2a: Lunala|Wide Guard|p2a: Lunala\n|-singleturn|p2a: Lunala|Wide Guard\n|move|p2b: Ursaluna|Earthquake|p1b: Tripitz|[spread] p1a\n|-activate|p2a: Lunala|move: Wide Guard\n|-activate|p1b: Tripitz|move: Protect\n|-damage|p1a: Ludwig|6/100\n|move|p1a: Ludwig|Trick Room|p1a: Ludwig\n|-fieldend|move: Trick Room\n|\n|-weather|RainDance|[upkeep]\n|-damage|p2b: Ursaluna|95/100 brn|[from] brn\n|upkeep\n|turn|4\n|inactive|kilothegreat has 30 seconds left.\n|\n|t:|1774002629\n|move|p1a: Ludwig|Psychic|p2a: Lunala\n|-damage|p2a: Lunala|45/100\n|move|p2a: Lunala|Moongeist Beam|p1b: Tripitz\n|-damage|p1b: Tripitz|0 fnt\n|faint|p1b: Tripitz\n|move|p2b: Ursaluna|Facade|p1a: Ludwig\n|-damage|p1a: Ludwig|0 fnt\n|faint|p1a: Ludwig\n|\n|-weather|RainDance|[upkeep]\n|-damage|p2b: Ursaluna|89/100 brn|[from] brn\n|upkeep\n|\n|t:|1774002640\n|switch|p1a: Hermann|Kingambit, L50, M, shiny|100/100\n|switch|p1b: Roter Baron|Roaring Moon, L50, shiny|100/100\n|-enditem|p1b: Roter Baron|Booster Energy\n|-activate|p1b: Roter Baron|ability: Protosynthesis|[fromitem]\n|-start|p1b: Roter Baron|protosynthesisspe\n|turn|5\n|\n|t:|1774002665\n|move|p1b: Roter Baron|Knock Off|p2b: Ursaluna\n|-damage|p2b: Ursaluna|47/100 brn\n|-enditem|p2b: Ursaluna|Flame Orb|[from] move: Knock Off|[of] p1b: Roter Baron\n|move|p2a: Lunala|Moonblast|p1b: Roter Baron\n|-supereffective|p1b: Roter Baron\n|-damage|p1b: Roter Baron|0 fnt\n|faint|p1b: Roter Baron\n|-end|p1b: Roter Baron|Protosynthesis|[silent]\n|move|p2b: Ursaluna|Headlong Rush|p1a: Hermann\n|-supereffective|p1a: Hermann\n|-damage|p1a: Hermann|0 fnt\n|-unboost|p2b: Ursaluna|def|1\n|-unboost|p2b: Ursaluna|spd|1\n|faint|p1a: Hermann\n|\n|win|kilothegreat\n|raw|marcxhenry's rating: 1320 &rarr; <strong>1307</strong><br />(-13 for losing)\n|raw|kilothegreat's rating: 1438 &rarr; <strong>1451</strong><br />(+13 for winning)\n|l|\u2606marcxhenry\n|player|p1|\n","uploadtime":1774002803,"views":10,"formatid":"gen9vgc2026regi","rating":1307,"private":0,"password":null}