{"id":"gen9vgc2026regi-2563823681","format":"[Gen 9] VGC 2026 Reg I","players":["TheManOfSausage","Moosewii7"],"log":"|j|\u2606TheManOfSausage\n|j|\u2606Moosewii7\n|t:|1774067156\n|gametype|doubles\n|player|p1|TheManOfSausage|miku-water|1501\n|player|p2|Moosewii7|102|1438\n|gen|9\n|tier|[Gen 9] VGC 2026 Reg I\n|rated|\n|rule|Species Clause: Limit one of each Pok\u00e9mon\n|rule|Item Clause: Limit 1 of each item\n|clearpoke\n|poke|p1|Calyrex-Ice, L50|\n|poke|p1|Miraidon, L50|\n|poke|p1|Amoonguss, L50, F|\n|poke|p1|Iron Valiant, L50|\n|poke|p1|Iron Hands, L50|\n|poke|p1|Farigiraf, L50, F|\n|poke|p2|Calyrex-Shadow, L50|\n|poke|p2|Indeedee-F, L50, F|\n|poke|p2|Kyogre, L50|\n|poke|p2|Amoonguss, L50, M|\n|poke|p2|Rillaboom, L50, F|\n|poke|p2|Clefairy, L50, M|\n|teampreview|4\nTheManOfSausage has agreed to open team sheets.\n|inactive|Battle timer is ON: inactive players will automatically lose when time's up. (requested by Moosewii7)\n|\n|t:|1774067167\n|teamsize|p1|4\n|teamsize|p2|4\n|start\n|switch|p1a: Tama|Miraidon, L50|100/100\n|switch|p1b: Iron Valiant|Iron Valiant, L50|100/100\n|switch|p2a: Indeedee|Indeedee-F, L50, F|100/100\n|switch|p2b: Kyogre|Kyogre, L50|100/100\n|-fieldstart|move: Electric Terrain|[from] ability: Hadron Engine|[of] p1a: Tama\n|-activate|p1b: Iron Valiant|ability: Quark Drive\n|-start|p1b: Iron Valiant|quarkdrivespe\n|-weather|RainDance|[from] ability: Drizzle|[of] p2b: Kyogre\n|-fieldstart|move: Psychic Terrain|[from] ability: Psychic Surge|[of] p2a: Indeedee\n|-end|p1b: Iron Valiant|Quark Drive\n|turn|1\n|\n|t:|1774067183\n|move|p2b: Kyogre|Protect|p2b: Kyogre\n|-singleturn|p2b: Kyogre|Protect\n|move|p1b: Iron Valiant|Wide Guard|p1b: Iron Valiant\n|-singleturn|p1b: Iron Valiant|Wide Guard\n|move|p1a: Tama|Volt Switch|p2a: Indeedee\n|-damage|p2a: Indeedee|61/100\n|\n|t:|1774067186\n|switch|p1a: Ogurin|Calyrex-Ice, L50|100/100|[from] Volt Switch\n|-ability|p1a: Ogurin|As One\n|-ability|p1a: Ogurin|Unnerve\n|move|p2a: Indeedee|Trick Room|p2a: Indeedee\n|-fieldstart|move: Trick Room|[of] p2a: Indeedee\n|\n|-weather|RainDance|[upkeep]\n|upkeep\n|turn|2\n|\n|t:|1774067202\n|-terastallize|p1a: Ogurin|Water\n|-terastallize|p2b: Kyogre|Water\n|move|p1a: Ogurin|Glacial Lance|p2a: Indeedee|[spread] p2a,p2b\n|-resisted|p2b: Kyogre\n|-damage|p2a: Indeedee|0 fnt\n|-damage|p2b: Kyogre|72/100\n|faint|p2a: Indeedee\n|-ability|p1a: Ogurin|Chilling Neigh|boost\n|-boost|p1a: Ogurin|atk|1\n|move|p2b: Kyogre|Tera Blast|p1b: Iron Valiant|[anim] Tera Blast Water\n|-damage|p1b: Iron Valiant|0 fnt\n|faint|p1b: Iron Valiant\n|-end|p1b: Iron Valiant|Quark Drive|[silent]\n|\n|-weather|RainDance|[upkeep]\n|upkeep\n|\n|t:|1774067218\n|switch|p2a: Rillaboom|Rillaboom, L50, F|100/100\n|switch|p1b: Tama|Miraidon, L50|100/100\n|-fieldstart|move: Grassy Terrain|[from] ability: Grassy Surge|[of] p2a: Rillaboom\n|-fieldstart|move: Electric Terrain|[from] ability: Hadron Engine|[of] p1b: Tama\n|turn|3\n|\n|t:|1774067233\n|switch|p1b: Brian|Iron Hands, L50, shiny|100/100\n|-activate|p1b: Brian|ability: Quark Drive\n|-start|p1b: Brian|quarkdriveatk\n|move|p1a: Ogurin|Protect|p1a: Ogurin\n|-singleturn|p1a: Ogurin|Protect\n|move|p2a: Rillaboom|Fake Out|p1a: Ogurin\n|-activate|p1a: Ogurin|move: Protect\n|move|p2b: Kyogre|Water Spout|p1a: Ogurin|[spread] p1b\n|-activate|p1a: Ogurin|move: Protect\n|-damage|p1b: Brian|38/100\n|\n|-weather|RainDance|[upkeep]\n|upkeep\n|turn|4\n|\n|t:|1774067255\n|move|p1b: Brian|Fake Out|p2b: Kyogre\n|-damage|p2b: Kyogre|50/100\n|move|p1a: Ogurin|Glacial Lance|p2a: Rillaboom|[spread] p2a,p2b\n|-supereffective|p2a: Rillaboom\n|-resisted|p2b: Kyogre\n|-damage|p2a: Rillaboom|0 fnt\n|-damage|p2b: Kyogre|11/100\n|faint|p2a: Rillaboom\n|-ability|p1a: Ogurin|Chilling Neigh|boost\n|-boost|p1a: Ogurin|atk|1\n|move|p2b: Kyogre|Origin Pulse|p1b: Brian|[spread] p1a,p1b\n|-resisted|p1a: Ogurin\n|-damage|p1a: Ogurin|61/100\n|-damage|p1b: Brian|0 fnt\n|faint|p1b: Brian\n|-end|p1b: Brian|Quark Drive|[silent]\n|\n|-weather|RainDance|[upkeep]\n|upkeep\n|\n|t:|1774067271\n|switch|p1b: Tama|Miraidon, L50|100/100\n|switch|p2a: Calyrex|Calyrex-Shadow, L50|100/100\n|-ability|p2a: Calyrex|As One\n|-ability|p2a: Calyrex|Unnerve\n|-activate|p1b: Tama|ability: Hadron Engine\n|turn|5\n|\n|t:|1774067283\n|move|p2b: Kyogre|Protect|p2b: Kyogre\n|-singleturn|p2b: Kyogre|Protect\n|move|p1a: Ogurin|Glacial Lance|p2b: Kyogre|[spread] p2a\n|-activate|p2b: Kyogre|move: Protect\n|-enditem|p2a: Calyrex|Focus Sash\n|-damage|p2a: Calyrex|1/100\n|move|p2a: Calyrex|Nasty Plot|p2a: Calyrex\n|-boost|p2a: Calyrex|spa|2\n|move|p1b: Tama|Electro Drift|p2a: Calyrex\n|-damage|p2a: Calyrex|0 fnt\n|faint|p2a: Calyrex\n|\n|-weather|none\n|-fieldend|move: Trick Room\n|upkeep\n|turn|6\n|c|\u2606TheManOfSausage|gg\n|l|\u2606Moosewii7\n|inactive|Moosewii7 disconnected and has a minute to reconnect!\n|player|p2|\n|inactive|Moosewii7 has 30 seconds left.\n|inactive|Moosewii7 has 20 seconds left.\n|inactive|Moosewii7 has 15 seconds left.\n|inactive|Moosewii7 has 10 seconds left.\n|inactive|Moosewii7 has 5 seconds left.\n|-message|Moosewii7 lost due to inactivity.\n|\n|win|TheManOfSausage\n|raw|TheManOfSausage's rating: 1501 &rarr; <strong>1517</strong><br />(+16 for winning)\n|raw|Moosewii7's rating: 1438 &rarr; <strong>1422</strong><br />(-16 for losing)\n|l|\u2606TheManOfSausage\n|player|p1|\n","uploadtime":1774067534,"views":18,"formatid":"gen9vgc2026regi","rating":1422,"private":0,"password":null}