{"id":"gen9vgc2026regi-2540579386","format":"[Gen 9] VGC 2026 Reg I","players":["carrotvg","SEITA"],"log":"|j|\u2606carrotvg\n|j|\u2606SEITA\n|t:|1771221149\n|gametype|doubles\n|player|p1|carrotvg|lucas|1582\n|player|p2|SEITA|lucas-gen4pt|1535\n|gen|9\n|tier|[Gen 9] VGC 2026 Reg I\n|rated|\n|rule|Species Clause: Limit one of each Pok\u00e9mon\n|rule|Item Clause: Limit 1 of each item\n|clearpoke\n|poke|p1|Dondozo, L50, F|\n|poke|p1|Tatsugiri-Droopy, L50, F|\n|poke|p1|Miraidon, L50|\n|poke|p1|Chi-Yu, L50|\n|poke|p1|Calyrex-Shadow, L50|\n|poke|p1|Sneasler, L50, M|\n|poke|p2|Zamazenta-*, L50|\n|poke|p2|Kyogre, L50|\n|poke|p2|Wo-Chien, L50|\n|poke|p2|Grimmsnarl, L50, M|\n|poke|p2|Rhyperior, L50, F|\n|poke|p2|Ditto, L50|\n|teampreview|4\n|inactive|Battle timer is ON: inactive players will automatically lose when time's up. (requested by carrotvg)\n|\n|t:|1771221181\n|teamsize|p1|4\n|teamsize|p2|4\n|start\n|switch|p1a: Sneasler|Sneasler, L50, M|100/100\n|switch|p1b: Calyrex|Calyrex-Shadow, L50|100/100\n|switch|p2a: Rhyperior|Rhyperior, L50, F|100/100\n|switch|p2b: Kyogre|Kyogre, L50|100/100\n|-ability|p1b: Calyrex|As One\n|-ability|p1b: Calyrex|Unnerve\n|-weather|RainDance|[from] ability: Drizzle|[of] p2b: Kyogre\n|turn|1\n|\n|t:|1771221201\n|-terastallize|p1b: Calyrex|Dark\n|-terastallize|p2a: Rhyperior|Water\n|move|p1b: Calyrex|Astral Barrage|p2a: Rhyperior|[spread] p2a,p2b\n|-damage|p2a: Rhyperior|49/100\n|-damage|p2b: Kyogre|53/100\n|-damage|p1b: Calyrex|91/100|[from] item: Life Orb\n|move|p1a: Sneasler|Toxic Spikes|p2a: Rhyperior\n|-sidestart|p2: SEITA|move: Toxic Spikes\n|move|p2b: Kyogre|Origin Pulse|p1a: Sneasler|[spread] p1a,p1b\n|-damage|p1a: Sneasler|21/100\n|-damage|p1b: Calyrex|24/100\n|move|p2a: Rhyperior|High Horsepower|p1a: Sneasler\n|-supereffective|p1a: Sneasler\n|-damage|p1a: Sneasler|0 fnt\n|faint|p1a: Sneasler\n|\n|-weather|RainDance|[upkeep]\n|-heal|p2b: Kyogre|58/100|[from] item: Leftovers\n|upkeep\n|\n|t:|1771221219\n|switch|p1a: Tatsugiri|Tatsugiri-Droopy, L50, F|100/100\n|turn|2\n|\n|t:|1771221240\n|move|p1a: Tatsugiri|Helping Hand|p1b: Calyrex\n|-singleturn|p1b: Calyrex|Helping Hand|[of] p1a: Tatsugiri\n|move|p1b: Calyrex|Astral Barrage|p2b: Kyogre|[spread] p2a,p2b\n|-damage|p2a: Rhyperior|0 fnt\n|-damage|p2b: Kyogre|0 fnt\n|faint|p2a: Rhyperior\n|faint|p2b: Kyogre\n|-ability|p1b: Calyrex|Grim Neigh|boost\n|-boost|p1b: Calyrex|spa|2\n|-damage|p1b: Calyrex|14/100|[from] item: Life Orb\n|\n|-weather|RainDance|[upkeep]\n|upkeep\n|\n|t:|1771221256\n|switch|p2b: Grimmsnarl|Grimmsnarl, L50, M|100/100\n|switch|p2a: Ditto|Ditto, L50|100/100\n|-status|p2b: Grimmsnarl|psn\n|-status|p2a: Ditto|psn\n|-transform|p2a: Ditto|p1b: Calyrex|[from] ability: Imposter\n|-ability|p2a: Ditto|As One\n|-ability|p2a: Ditto|Unnerve\n|-start|p2a: Ditto|typechange|Psychic/Ghost|[silent]\n|turn|3\n|\n|t:|1771221274\n|move|p1a: Tatsugiri|Protect|p1a: Tatsugiri\n|-singleturn|p1a: Tatsugiri|Protect\n|move|p2a: Ditto|Astral Barrage|p1b: Calyrex|[spread] p1b\n|-activate|p1a: Tatsugiri|move: Protect\n|-resisted|p1b: Calyrex\n|-damage|p1b: Calyrex|0 fnt\n|faint|p1b: Calyrex\n|-ability|p2a: Ditto|Grim Neigh|boost\n|-boost|p2a: Ditto|spa|1\n|move|p2b: Grimmsnarl|Spirit Break|p1a: Tatsugiri\n|-activate|p1a: Tatsugiri|move: Protect\n|\n|-weather|RainDance|[upkeep]\n|-damage|p2a: Ditto|88/100 psn|[from] psn\n|-damage|p2b: Grimmsnarl|88/100 psn|[from] psn\n|upkeep\n|\n|t:|1771221279\n|switch|p1b: Dondozo|Dondozo, L50, F|100/100\n|-activate|p1a: Tatsugiri|ability: Commander|[of] p1b: Dondozo\n|-boost|p1b: Dondozo|atk|2\n|-boost|p1b: Dondozo|spa|2\n|-boost|p1b: Dondozo|spe|2\n|-boost|p1b: Dondozo|def|2\n|-boost|p1b: Dondozo|spd|2\n|turn|4\n|\n|t:|1771221303\n|move|p2a: Ditto|Protect|p2a: Ditto\n|-singleturn|p2a: Ditto|Protect\n|move|p2b: Grimmsnarl|Parting Shot|p1b: Dondozo\n|-unboost|p1b: Dondozo|atk|1\n|-unboost|p1b: Dondozo|spa|1\n|move|p1b: Dondozo|Order Up|p2a: Ditto\n|-activate|p2a: Ditto|move: Protect\n|\n|-weather|RainDance|[upkeep]\n|-damage|p2a: Ditto|76/100 psn|[from] psn\n|-damage|p2b: Grimmsnarl|76/100 psn|[from] psn\n|upkeep\n|turn|5\n|\n|t:|1771221319\n|move|p2b: Grimmsnarl|Reflect|p2b: Grimmsnarl\n|-sidestart|p2: SEITA|Reflect\n|move|p2a: Ditto|Astral Barrage|p1b: Dondozo|[spread] p1b\n|-miss|p2a: Ditto|p1a: Tatsugiri\n|-damage|p1b: Dondozo|81/100\n|move|p1b: Dondozo|Order Up|p2a: Ditto\n|-crit|p2a: Ditto\n|-damage|p2a: Ditto|20/100 psn\n|-boost|p1b: Dondozo|def|1\n|\n|-weather|none\n|-heal|p1b: Dondozo|87/100|[from] item: Leftovers\n|-damage|p2a: Ditto|8/100 psn|[from] psn\n|-damage|p2b: Grimmsnarl|63/100 psn|[from] psn\n|upkeep\n|turn|6\n|-message|SEITA forfeited.\n|\n|win|carrotvg\n|raw|carrotvg's rating: 1582 &rarr; <strong>1599</strong><br />(+17 for winning)\n|raw|SEITA's rating: 1535 &rarr; <strong>1518</strong><br />(-17 for losing)\n|l|\u2606carrotvg\n|player|p1|\n","uploadtime":1771221586,"views":47,"formatid":"gen9vgc2026regi","rating":1518,"private":0,"password":null}