{"id":"gen9vgc2026regi-2525384387","format":"[Gen 9] VGC 2026 Reg I","players":["kuro2403","jpto5"],"log":"|j|\u2606kuro2403\n|j|\u2606jpto5\n|t:|1769275520\n|gametype|doubles\n|player|p1|kuro2403|170|1170\n|player|p2|jpto5|1|1142\n|gen|9\n|tier|[Gen 9] VGC 2026 Reg I\n|rated|\n|rule|Species Clause: Limit one of each Pok\u00e9mon\n|rule|Item Clause: Limit 1 of each item\n|clearpoke\n|poke|p1|Koraidon, L50|\n|poke|p1|Calyrex-Shadow, L50|\n|poke|p1|Raging Bolt, L50|\n|poke|p1|Weezing-Galar, L50, F|\n|poke|p1|Chi-Yu, L50|\n|poke|p1|Incineroar, L50, F|\n|poke|p2|Tornadus, L50, M|\n|poke|p2|Kyogre, L50|\n|poke|p2|Zacian-*, L50|\n|poke|p2|Basculegion, L50, M|\n|poke|p2|Kilowattrel, L50, F|\n|poke|p2|Overqwil, L50, M|\n|teampreview|4\n|inactive|Battle timer is ON: inactive players will automatically lose when time's up. (requested by jpto5)\n|\n|t:|1769275550\n|teamsize|p1|4\n|teamsize|p2|4\n|start\n|switch|p1a: Weezing|Weezing-Galar, L50, F|100/100\n|switch|p1b: Koraidon|Koraidon, L50|100/100\n|switch|p2a: Tornadus|Tornadus, L50, M|100/100\n|switch|p2b: Kilowattrel|Kilowattrel, L50, F, shiny|100/100\n|-ability|p1a: Weezing|Neutralizing Gas\n|-block|p1b: Koraidon|item: Ability Shield\n|-weather|SunnyDay|[from] ability: Orichalcum Pulse|[of] p1b: Koraidon\n|-activate|p1b: Koraidon|Orichalcum Pulse|[source]\n|turn|1\n|inactive|kuro2403 has 30 seconds left.\n|inactive|kuro2403 has 20 seconds left.\n|inactive|kuro2403 has 15 seconds left.\n|inactive|kuro2403 has 10 seconds left.\n|\n|t:|1769275596\n|-terastallize|p1b: Koraidon|Fire\n|move|p2b: Kilowattrel|Protect|p2b: Kilowattrel\n|-singleturn|p2b: Kilowattrel|Protect\n|move|p2a: Tornadus|Tailwind|p2a: Tornadus\n|-sidestart|p2: jpto5|move: Tailwind\n|move|p1b: Koraidon|Flame Charge|p2a: Tornadus\n|-enditem|p2a: Tornadus|Focus Sash\n|-damage|p2a: Tornadus|1/100\n|-boost|p1b: Koraidon|spe|1\n|move|p1a: Weezing|Strange Steam|p2a: Tornadus|[miss]\n|-miss|p1a: Weezing|p2a: Tornadus\n|\n|-weather|SunnyDay|[upkeep]\n|upkeep\n|turn|2\n|inactive|jpto5 has 30 seconds left.\n|inactive|jpto5 has 20 seconds left.\n|inactive|jpto5 has 15 seconds left.\n|\n|t:|1769275636\n|switch|p2a: Kyogre|Kyogre, L50|100/100\n|move|p1b: Koraidon|Protect|p1b: Koraidon\n|-singleturn|p1b: Koraidon|Protect\n|move|p1a: Weezing|Protect|p1a: Weezing\n|-singleturn|p1a: Weezing|Protect\n|move|p2b: Kilowattrel|Hurricane|p1a: Weezing\n|-activate|p1a: Weezing|move: Protect\n|\n|-weather|SunnyDay|[upkeep]\n|upkeep\n|turn|3\n|inactive|kuro2403 has 30 seconds left.\n|inactive|jpto5 has 30 seconds left.\n|inactive|kuro2403 has 20 seconds left.\n|inactive|jpto5 has 20 seconds left.\n|\n|t:|1769275676\n|switch|p2b: Basculegion|Basculegion, L50, M|100/100\n|switch|p1b: Raging Bolt|Raging Bolt, L50|100/100\n|-terastallize|p2a: Kyogre|Ground\n|move|p2a: Kyogre|Tera Blast|p1b: Raging Bolt|[anim] Tera Blast Ground\n|-supereffective|p1b: Raging Bolt\n|-damage|p1b: Raging Bolt|42/100\n|move|p1a: Weezing|Strange Steam|p2b: Basculegion\n|-damage|p2b: Basculegion|68/100\n|\n|-weather|SunnyDay|[upkeep]\n|upkeep\n|turn|4\n|inactive|kuro2403 has 30 seconds left.\n|inactive|jpto5 has 30 seconds left.\n|inactive|kuro2403 has 20 seconds left.\n|\n|t:|1769275712\n|move|p2b: Basculegion|Protect|p2b: Basculegion\n|-singleturn|p2b: Basculegion|Protect\n|move|p2a: Kyogre|Tera Blast|p1a: Weezing|[anim] Tera Blast Ground\n|-supereffective|p1a: Weezing\n|-damage|p1a: Weezing|5/100\n|move|p1b: Raging Bolt|Snarl|p2a: Kyogre|[spread] p2a\n|-activate|p2b: Basculegion|move: Protect\n|-damage|p2a: Kyogre|92/100\n|-unboost|p2a: Kyogre|spa|1\n|move|p1a: Weezing|Will-O-Wisp|p2b: Basculegion\n|-activate|p2b: Basculegion|move: Protect\n|\n|-weather|SunnyDay|[upkeep]\n|-sideend|p2: jpto5|move: Tailwind\n|upkeep\n|turn|5\n|inactive|kuro2403 has 30 seconds left.\n|inactive|kuro2403 has 20 seconds left.\n|inactive|kuro2403 has 15 seconds left.\n|inactive|kuro2403 has 10 seconds left.\n|\n|t:|1769275759\n|switch|p2b: Kilowattrel|Kilowattrel, L50, F, shiny|100/100\n|move|p1a: Weezing|Protect|p1a: Weezing\n|-singleturn|p1a: Weezing|Protect\n|move|p2a: Kyogre|Tera Blast|p1b: Raging Bolt|[anim] Tera Blast Ground\n|-supereffective|p1b: Raging Bolt\n|-damage|p1b: Raging Bolt|2/100\n|move|p1b: Raging Bolt|Snarl|p2a: Kyogre|[spread] p2a,p2b\n|-damage|p2a: Kyogre|84/100\n|-damage|p2b: Kilowattrel|70/100\n|-unboost|p2a: Kyogre|spa|1\n|-unboost|p2b: Kilowattrel|spa|1\n|\n|-weather|none\n|upkeep\n|turn|6\n|inactive|kuro2403 has 30 seconds left.\n|inactive|kuro2403 has 20 seconds left.\n|inactive|kuro2403 has 15 seconds left.\n|inactive|kuro2403 has 10 seconds left.\n|\n|t:|1769275807\n|move|p2b: Kilowattrel|Tailwind|p2b: Kilowattrel\n|-sidestart|p2: jpto5|move: Tailwind\n|move|p2a: Kyogre|Water Spout|p1a: Weezing|[spread] p1a,p1b\n|-resisted|p1b: Raging Bolt\n|-damage|p1a: Weezing|0 fnt\n|-damage|p1b: Raging Bolt|0 fnt\n|faint|p1a: Weezing\n|-end|p1a: Weezing|ability: Neutralizing Gas\n|-weather|RainDance|[from] ability: Drizzle|[of] p2a: Kyogre\n|faint|p1b: Raging Bolt\n|-end|p1b: Raging Bolt|Protosynthesis|[silent]\n|\n|-weather|RainDance|[upkeep]\n|upkeep\n|\n|t:|1769275819\n|switch|p1b: Koraidon|Koraidon, L50, tera:Fire|100/100\n|switch|p1a: Calyrex|Calyrex-Shadow, L50|100/100\n|-ability|p1a: Calyrex|As One\n|-ability|p1a: Calyrex|Unnerve\n|-weather|SunnyDay|[from] ability: Orichalcum Pulse|[of] p1b: Koraidon\n|-activate|p1b: Koraidon|Orichalcum Pulse|[source]\n|turn|7\n|inactive|kuro2403 has 30 seconds left.\n|\n|t:|1769275847\n|switch|p2a: Tornadus|Tornadus, L50, M|1/100\n|move|p2b: Kilowattrel|Protect|p2b: Kilowattrel\n|-singleturn|p2b: Kilowattrel|Protect\n|move|p1a: Calyrex|Astral Barrage|p2a: Tornadus|[spread] p2a\n|-activate|p2b: Kilowattrel|move: Protect\n|-damage|p2a: Tornadus|0 fnt\n|faint|p2a: Tornadus\n|-ability|p1a: Calyrex|Grim Neigh|boost\n|-boost|p1a: Calyrex|spa|1\n|move|p1b: Koraidon|Flame Charge|p2b: Kilowattrel\n|-activate|p2b: Kilowattrel|move: Protect\n|\n|-weather|SunnyDay|[upkeep]\n|upkeep\n|\n|t:|1769275862\n|switch|p2a: Kyogre|Kyogre, L50, tera:Ground|84/100\n|-weather|RainDance|[from] ability: Drizzle|[of] p2a: Kyogre\n|turn|8\n|\n|t:|1769275886\n|move|p1a: Calyrex|Protect|p1a: Calyrex\n|-singleturn|p1a: Calyrex|Protect\n|move|p1b: Koraidon|Protect|p1b: Koraidon\n|-singleturn|p1b: Koraidon|Protect\n|move|p2b: Kilowattrel|Thunder|p1a: Calyrex\n|-activate|p1a: Calyrex|move: Protect\n|move|p2a: Kyogre|Water Spout|p1a: Calyrex|[spread] \n|-activate|p1a: Calyrex|move: Protect\n|-activate|p1b: Koraidon|move: Protect\n|\n|-weather|RainDance|[upkeep]\n|upkeep\n|turn|9\n|inactive|kuro2403 has 30 seconds left.\n|\n|t:|1769275919\n|move|p1a: Calyrex|Protect|p1a: Calyrex\n|-singleturn|p1a: Calyrex|Protect\n|move|p1b: Koraidon|Protect||[still]\n|-fail|p1b: Koraidon\n|move|p2b: Kilowattrel|Thunder|p1a: Calyrex\n|-activate|p1a: Calyrex|move: Protect\n|move|p2a: Kyogre|Water Spout|p1a: Calyrex|[spread] p1b\n|-activate|p1a: Calyrex|move: Protect\n|-supereffective|p1b: Koraidon\n|-damage|p1b: Koraidon|0 fnt\n|faint|p1b: Koraidon\n|\n|-weather|RainDance|[upkeep]\n|-sideend|p2: jpto5|move: Tailwind\n|upkeep\n|turn|10\n|\n|t:|1769275939\n|move|p1a: Calyrex|Astral Barrage|p2a: Kyogre|[spread] p2a,p2b\n|-damage|p2a: Kyogre|43/100\n|-damage|p2b: Kilowattrel|0 fnt\n|faint|p2b: Kilowattrel\n|-ability|p1a: Calyrex|Grim Neigh|boost\n|-boost|p1a: Calyrex|spa|1\n|move|p2a: Kyogre|Thunder|p1a: Calyrex\n|-damage|p1a: Calyrex|54/100\n|-status|p1a: Calyrex|par\n|\n|-weather|RainDance|[upkeep]\n|upkeep\n|\n|t:|1769275942\n|switch|p2b: Basculegion|Basculegion, L50, M|68/100\n|turn|11\n|\n|t:|1769275958\n|move|p2b: Basculegion|Last Respects|p1a: Calyrex\n|-supereffective|p1a: Calyrex\n|-damage|p1a: Calyrex|0 fnt\n|faint|p1a: Calyrex\n|-damage|p2b: Basculegion|58/100|[from] item: Life Orb\n|\n|win|jpto5\n|raw|kuro2403's rating: 1170 &rarr; <strong>1143</strong><br />(-27 for losing)\n|raw|jpto5's rating: 1142 &rarr; <strong>1169</strong><br />(+27 for winning)\n|l|\u2606kuro2403\n|player|p1|\n|l|\u2606jpto5\n|player|p2|\n","uploadtime":1769276311,"views":11,"formatid":"gen9vgc2026regi","rating":1143,"private":0,"password":null}