{"id":"gen9vgc2026regi-2563616246","format":"[Gen 9] VGC 2026 Reg I","players":["EllenJoe2026","BanKingambit69247"],"log":"|j|\u2606EllenJoe2026\n|j|\u2606BanKingambit69247\n|t:|1774042711\n|gametype|doubles\n|player|p1|EllenJoe2026|102|1513\n|player|p2|BanKingambit69247|1|1511\n|gen|9\n|tier|[Gen 9] VGC 2026 Reg I\n|rated|\n|rule|Species Clause: Limit one of each Pok\u00e9mon\n|rule|Item Clause: Limit 1 of each item\n|clearpoke\n|poke|p1|Calyrex-Shadow, L50|\n|poke|p1|Zamazenta-*, L50|\n|poke|p1|Incineroar, L50, F|\n|poke|p1|Rillaboom, L50, F|\n|poke|p1|Smeargle, L50, F|\n|poke|p1|Tornadus, L50, M|\n|poke|p2|Calyrex-Shadow, L50|\n|poke|p2|Zamazenta-*, L50|\n|poke|p2|Chien-Pao, L50|\n|poke|p2|Dragonite, L50, F|\n|poke|p2|Ogerpon-Wellspring, L50, F|\n|poke|p2|Smeargle, L50, M|\n|teampreview|4\n|inactive|Battle timer is ON: inactive players will automatically lose when time's up. (requested by EllenJoe2026)\n|\n|t:|1774042732\n|teamsize|p1|4\n|teamsize|p2|4\n|start\n|switch|p1a: Tornadus|Tornadus, L50, M, shiny|100/100\n|switch|p1b: Incineroar|Incineroar, L50, F, shiny|100/100\n|switch|p2a: \u6211\u7684\u5de8\u517d\u5f39\u56de\u6765\u5566!\ud83d\udc37\ud83d\udc37\ud83d\udc37|Chien-Pao, L50|100/100\n|switch|p2b: \u5976\u9f99\u6c34\u725b\u7b11.MP4|Dragonite, L50, F|100/100\n|-ability|p2a: \u6211\u7684\u5de8\u517d\u5f39\u56de\u6765\u5566!\ud83d\udc37\ud83d\udc37\ud83d\udc37|Sword of Ruin\n|-ability|p1b: Incineroar|Intimidate|boost\n|-unboost|p2a: \u6211\u7684\u5de8\u517d\u5f39\u56de\u6765\u5566!\ud83d\udc37\ud83d\udc37\ud83d\udc37|atk|1\n|-fail|p2b: \u5976\u9f99\u6c34\u725b\u7b11.MP4|unboost|Attack|[from] ability: Inner Focus|[of] p2b: \u5976\u9f99\u6c34\u725b\u7b11.MP4\n|turn|1\n|\n|t:|1774042752\n|move|p1a: Tornadus|Tailwind|p1a: Tornadus\n|-sidestart|p1: EllenJoe2026|move: Tailwind\n|move|p2a: \u6211\u7684\u5de8\u517d\u5f39\u56de\u6765\u5566!\ud83d\udc37\ud83d\udc37\ud83d\udc37|Ice Spinner|p1a: Tornadus\n|-supereffective|p1a: Tornadus\n|-damage|p1a: Tornadus|41/100\n|move|p1b: Incineroar|Parting Shot|p2b: \u5976\u9f99\u6c34\u725b\u7b11.MP4\n|-unboost|p2b: \u5976\u9f99\u6c34\u725b\u7b11.MP4|atk|1\n|-unboost|p2b: \u5976\u9f99\u6c34\u725b\u7b11.MP4|spa|1\n|\n|t:|1774042771\n|switch|p1b: Calyrex|Calyrex-Shadow, L50|100/100|[from] Parting Shot\n|-ability|p1b: Calyrex|As One\n|-ability|p1b: Calyrex|Unnerve\n|move|p2b: \u5976\u9f99\u6c34\u725b\u7b11.MP4|Tailwind|p2b: \u5976\u9f99\u6c34\u725b\u7b11.MP4\n|-sidestart|p2: BanKingambit69247|move: Tailwind\n|\n|upkeep\n|turn|2\n|j| foloppo\n|\n|t:|1774042786\n|switch|p1a: Incineroar|Incineroar, L50, F, shiny|100/100\n|-ability|p1a: Incineroar|Intimidate|boost\n|-unboost|p2a: \u6211\u7684\u5de8\u517d\u5f39\u56de\u6765\u5566!\ud83d\udc37\ud83d\udc37\ud83d\udc37|atk|1\n|-fail|p2b: \u5976\u9f99\u6c34\u725b\u7b11.MP4|unboost|Attack|[from] ability: Inner Focus|[of] p2b: \u5976\u9f99\u6c34\u725b\u7b11.MP4\n|switch|p2b: \u5f3a\u8005\u5c31\u662f\u8981\u7f9e\u8fb1\u5f31\u8005\ud83d\udc36\ud83d\udc36\ud83d\udc36|Zamazenta-Crowned, L50|100/100\n|-ability|p2b: \u5f3a\u8005\u5c31\u662f\u8981\u7f9e\u8fb1\u5f31\u8005\ud83d\udc36\ud83d\udc36\ud83d\udc36|Dauntless Shield|boost\n|-boost|p2b: \u5f3a\u8005\u5c31\u662f\u8981\u7f9e\u8fb1\u5f31\u8005\ud83d\udc36\ud83d\udc36\ud83d\udc36|def|1\n|move|p1b: Calyrex|Protect|p1b: Calyrex\n|-singleturn|p1b: Calyrex|Protect\n|move|p2a: \u6211\u7684\u5de8\u517d\u5f39\u56de\u6765\u5566!\ud83d\udc37\ud83d\udc37\ud83d\udc37|Icy Wind|p1a: Incineroar|[spread] p1a\n|-activate|p1b: Calyrex|move: Protect\n|-resisted|p1a: Incineroar\n|-damage|p1a: Incineroar|96/100\n|-unboost|p1a: Incineroar|spe|1\n|\n|upkeep\n|turn|3\n|inactive|EllenJoe2026 has 30 seconds left.\n|inactive|BanKingambit69247 has 30 seconds left.\n|inactive|EllenJoe2026 has 20 seconds left.\n|inactive|EllenJoe2026 has 15 seconds left.\n|inactive|BanKingambit69247 has 20 seconds left.\n|inactive|EllenJoe2026 has 10 seconds left.\n|\n|t:|1774042836\n|switch|p1b: Tornadus|Tornadus, L50, M, shiny|41/100\n|-terastallize|p1a: Incineroar|Grass\n|move|p2a: \u6211\u7684\u5de8\u517d\u5f39\u56de\u6765\u5566!\ud83d\udc37\ud83d\udc37\ud83d\udc37|Ruination|p1a: Incineroar\n|-damage|p1a: Incineroar|48/100\n|move|p2b: \u5f3a\u8005\u5c31\u662f\u8981\u7f9e\u8fb1\u5f31\u8005\ud83d\udc36\ud83d\udc36\ud83d\udc36|Heavy Slam|p1b: Tornadus\n|-damage|p1b: Tornadus|0 fnt\n|faint|p1b: Tornadus\n|move|p1a: Incineroar|Parting Shot|p2b: \u5f3a\u8005\u5c31\u662f\u8981\u7f9e\u8fb1\u5f31\u8005\ud83d\udc36\ud83d\udc36\ud83d\udc36\n|-unboost|p2b: \u5f3a\u8005\u5c31\u662f\u8981\u7f9e\u8fb1\u5f31\u8005\ud83d\udc36\ud83d\udc36\ud83d\udc36|atk|1\n|-unboost|p2b: \u5f3a\u8005\u5c31\u662f\u8981\u7f9e\u8fb1\u5f31\u8005\ud83d\udc36\ud83d\udc36\ud83d\udc36|spa|1\n|\n|t:|1774042851\n|switch|p1a: Zamazenta|Zamazenta-Crowned, L50, shiny|100/100|[from] Parting Shot\n|-ability|p1a: Zamazenta|Dauntless Shield|boost\n|-boost|p1a: Zamazenta|def|1\n|\n|upkeep\n|l| foloppo\n|\n|t:|1774042854\n|switch|p1b: Incineroar|Incineroar, L50, F, shiny, tera:Grass|48/100\n|-ability|p1b: Incineroar|Intimidate|boost\n|-unboost|p2a: \u6211\u7684\u5de8\u517d\u5f39\u56de\u6765\u5566!\ud83d\udc37\ud83d\udc37\ud83d\udc37|atk|1\n|-unboost|p2b: \u5f3a\u8005\u5c31\u662f\u8981\u7f9e\u8fb1\u5f31\u8005\ud83d\udc36\ud83d\udc36\ud83d\udc36|atk|1\n|turn|4\n|\n|t:|1774042864\n|switch|p2a: \u8bf6\u4f60\u600e\u4e48\u6b7b\u4e86?\u267f\u267f\u267f|Calyrex-Shadow, L50|100/100\n|-ability|p2a: \u8bf6\u4f60\u600e\u4e48\u6b7b\u4e86?\u267f\u267f\u267f|As One\n|-ability|p2a: \u8bf6\u4f60\u600e\u4e48\u6b7b\u4e86?\u267f\u267f\u267f|Unnerve\n|move|p1b: Incineroar|Fake Out|p2a: \u8bf6\u4f60\u600e\u4e48\u6b7b\u4e86?\u267f\u267f\u267f\n|-immune|p2a: \u8bf6\u4f60\u600e\u4e48\u6b7b\u4e86?\u267f\u267f\u267f\n|move|p2b: \u5f3a\u8005\u5c31\u662f\u8981\u7f9e\u8fb1\u5f31\u8005\ud83d\udc36\ud83d\udc36\ud83d\udc36|Imprison|p2b: \u5f3a\u8005\u5c31\u662f\u8981\u7f9e\u8fb1\u5f31\u8005\ud83d\udc36\ud83d\udc36\ud83d\udc36\n|-start|p2b: \u5f3a\u8005\u5c31\u662f\u8981\u7f9e\u8fb1\u5f31\u8005\ud83d\udc36\ud83d\udc36\ud83d\udc36|move: Imprison\n|cant|p1a: Zamazenta|move: Imprison|Imprison\n|\n|-sideend|p2: BanKingambit69247|move: Tailwind\n|-sideend|p1: EllenJoe2026|move: Tailwind\n|upkeep\n|turn|5\n|-message|EllenJoe2026 forfeited.\n|\n|win|BanKingambit69247\n|raw|EllenJoe2026's rating: 1513 &rarr; <strong>1493</strong><br />(-20 for losing)\n|raw|BanKingambit69247's rating: 1511 &rarr; <strong>1531</strong><br />(+20 for winning)\n|l|\u2606EllenJoe2026\n|player|p1|\n|l|\u2606BanKingambit69247\n|player|p2|\n","uploadtime":1774042880,"views":13,"formatid":"gen9vgc2026regi","rating":1493,"private":0,"password":null}