{"id":"gen9vgc2026regi-2527265267","format":"[Gen 9] VGC 2026 Reg I","players":["pecan3141","pzyxhic"],"log":"|j|\u2606pecan3141\n|j|\u2606pzyxhic\n|t:|1769521270\n|gametype|doubles\n|player|p1|pecan3141|2|1331\n|player|p2|pzyxhic|101|1232\n|gen|9\n|tier|[Gen 9] VGC 2026 Reg I\n|rated|\n|rule|Species Clause: Limit one of each Pok\u00e9mon\n|rule|Item Clause: Limit 1 of each item\n|clearpoke\n|poke|p1|Scraggy, L50, M|\n|poke|p1|Miraidon, L50|\n|poke|p1|Iron Hands, L50|\n|poke|p1|Farigiraf, L50, M|\n|poke|p1|Calyrex-Ice, L50|\n|poke|p1|Iron Leaves, L50|\n|poke|p2|Calyrex-Shadow, L50|\n|poke|p2|Incineroar, L50, F|\n|poke|p2|Whimsicott, L50, F|\n|poke|p2|Urshifu-*, L50, F|\n|poke|p2|Farigiraf, L50, F|\n|poke|p2|Dialga-Origin, L50|\n|teampreview|4\n|j| Dearp\n|l| Dearp\n|\n|t:|1769521298\n|teamsize|p1|4\n|teamsize|p2|4\n|start\n|switch|p1a: Miraidon|Miraidon, L50|100/100\n|switch|p1b: Farigiraf|Farigiraf, L50, M|100/100\n|switch|p2a: Calyrex|Calyrex-Shadow, L50|100/100\n|switch|p2b: Whimsicott|Whimsicott, L50, F|100/100\n|-ability|p2a: Calyrex|As One\n|-ability|p2a: Calyrex|Unnerve\n|-fieldstart|move: Electric Terrain|[from] ability: Hadron Engine|[of] p1a: Miraidon\n|-enditem|p1b: Farigiraf|Electric Seed\n|-boost|p1b: Farigiraf|def|1|[from] item: Electric Seed\n|turn|1\n|inactive|Battle timer is ON: inactive players will automatically lose when time's up. (requested by pecan3141)\n|j| ThatOtherOneWeirdo\n|inactive|pzyxhic has 60 seconds left.\n|\n|t:|1769521332\n|move|p2a: Calyrex|Pollen Puff|p1b: Farigiraf\n|-supereffective|p1b: Farigiraf\n|-damage|p1b: Farigiraf|36/100\n|move|p1a: Miraidon|Volt Switch|p2a: Calyrex\n|-damage|p2a: Calyrex|23/100\n|\n|t:|1769521348\n|switch|p1a: Iron Leaves|Iron Leaves, L50|100/100|[from] Volt Switch\n|-activate|p1a: Iron Leaves|ability: Quark Drive\n|-start|p1a: Iron Leaves|quarkdriveatk\n|move|p2b: Whimsicott|Moonblast|p1b: Farigiraf\n|-damage|p1b: Farigiraf|9/100\n|move|p1b: Farigiraf|Foul Play|p2a: Calyrex\n|-supereffective|p2a: Calyrex\n|-damage|p2a: Calyrex|0 fnt\n|faint|p2a: Calyrex\n|\n|upkeep\n|\n|t:|1769521362\n|switch|p2a: Incineroar|Incineroar, L50, F|100/100\n|-ability|p2a: Incineroar|Intimidate|boost\n|-unboost|p1a: Iron Leaves|atk|1\n|-unboost|p1b: Farigiraf|atk|1\n|turn|2\n|\n|t:|1769521379\n|move|p1a: Iron Leaves|Protect|p1a: Iron Leaves\n|-singleturn|p1a: Iron Leaves|Protect\n|move|p2b: Whimsicott|Moonblast|p1b: Farigiraf\n|-damage|p1b: Farigiraf|0 fnt\n|faint|p1b: Farigiraf\n|move|p2a: Incineroar|U-turn|p1a: Iron Leaves\n|-activate|p1a: Iron Leaves|move: Protect\n|\n|upkeep\n|\n|t:|1769521388\n|switch|p1b: Iron Hands|Iron Hands, L50|100/100\n|-activate|p1b: Iron Hands|ability: Quark Drive\n|-start|p1b: Iron Hands|quarkdriveatk\n|turn|3\n|\n|t:|1769521404\n|-terastallize|p1a: Iron Leaves|Water\n|move|p1b: Iron Hands|Fake Out|p2a: Incineroar\n|-damage|p2a: Incineroar|86/100\n|move|p2b: Whimsicott|Encore|p1a: Iron Leaves\n|-start|p1a: Iron Leaves|Encore\n|move|p1a: Iron Leaves|Protect||[still]\n|-fail|p1a: Iron Leaves\n|cant|p2a: Incineroar|flinch\n|\n|upkeep\n|turn|4\n|\n|t:|1769521425\n|-end|p1b: Iron Hands|Quark Drive|[silent]\n|switch|p1b: Miraidon|Miraidon, L50|100/100\n|-activate|p1b: Miraidon|ability: Hadron Engine\n|move|p1a: Iron Leaves|Protect|p1a: Iron Leaves\n|-singleturn|p1a: Iron Leaves|Protect\n|move|p2b: Whimsicott|Encore||[still]\n|-fail|p2b: Whimsicott\n|move|p2a: Incineroar|U-turn|p1a: Iron Leaves\n|-activate|p1a: Iron Leaves|move: Protect\n|\n|upkeep\n|turn|5\n|inactive|pzyxhic has 30 seconds left.\n|\n|t:|1769521453\n|-end|p1a: Iron Leaves|Quark Drive|[silent]\n|switch|p1a: Iron Hands|Iron Hands, L50|100/100\n|-activate|p1a: Iron Hands|ability: Quark Drive\n|-start|p1a: Iron Hands|quarkdriveatk\n|move|p2b: Whimsicott|Fake Tears|p1a: Iron Hands\n|-unboost|p1a: Iron Hands|spd|2\n|move|p1b: Miraidon|Electro Drift|p2a: Incineroar\n|-damage|p2a: Incineroar|17/100\n|move|p2a: Incineroar|U-turn|p1b: Miraidon\n|-damage|p1b: Miraidon|85/100\n|\n|t:|1769521465\n|switch|p2a: Dialga|Dialga-Origin, L50|100/100|[from] U-turn\n|-ability|p2a: Dialga|Pressure\n|\n|-fieldend|move: Electric Terrain\n|-end|p1a: Iron Hands|Quark Drive\n|upkeep\n|turn|6\n|\n|t:|1769521499\n|move|p2a: Dialga|Protect|p2a: Dialga\n|-singleturn|p2a: Dialga|Protect\n|move|p1b: Miraidon|Electro Drift|p2a: Dialga\n|-activate|p2a: Dialga|move: Protect\n|move|p2b: Whimsicott|Moonblast|p1a: Iron Hands\n|-supereffective|p1a: Iron Hands\n|-damage|p1a: Iron Hands|47/100\n|move|p1a: Iron Hands|Low Kick|p2a: Dialga\n|-activate|p2a: Dialga|move: Protect\n|\n|upkeep\n|turn|7\n|j| not world\n|\n|t:|1769521517\n|switch|p1b: Iron Leaves|Iron Leaves, L50, tera:Water|100/100\n|move|p2b: Whimsicott|Tailwind|p2b: Whimsicott\n|-sidestart|p2: pzyxhic|move: Tailwind\n|move|p2a: Dialga|Earth Power|p1a: Iron Hands\n|-supereffective|p1a: Iron Hands\n|-damage|p1a: Iron Hands|0 fnt\n|faint|p1a: Iron Hands\n|-end|p1a: Iron Hands|Quark Drive|[silent]\n|\n|upkeep\n|\n|t:|1769521523\n|switch|p1a: Miraidon|Miraidon, L50|85/100\n|-fieldstart|move: Electric Terrain|[from] ability: Hadron Engine|[of] p1a: Miraidon\n|-activate|p1b: Iron Leaves|ability: Quark Drive\n|-start|p1b: Iron Leaves|quarkdriveatk\n|turn|8\n|inactive|pzyxhic has 30 seconds left.\n|inactive|pzyxhic has 20 seconds left.\n|inactive|pzyxhic has 15 seconds left.\n|\n|t:|1769521566\n|move|p2b: Whimsicott|Fake Tears|p1a: Miraidon\n|-unboost|p1a: Miraidon|spd|2\n|move|p2a: Dialga|Earth Power|p1a: Miraidon\n|-supereffective|p1a: Miraidon\n|-damage|p1a: Miraidon|0 fnt\n|faint|p1a: Miraidon\n|move|p1b: Iron Leaves|Sacred Sword|p2a: Dialga\n|-supereffective|p2a: Dialga\n|-damage|p2a: Dialga|6/100\n|-damage|p1b: Iron Leaves|91/100|[from] item: Life Orb\n|\n|upkeep\n|turn|9\n|-message|pecan3141 forfeited.\n|\n|win|pzyxhic\n|raw|pecan3141's rating: 1331 &rarr; <strong>1305</strong><br />(-26 for losing)\n|raw|pzyxhic's rating: 1232 &rarr; <strong>1264</strong><br />(+32 for winning)\n|l|\u2606pecan3141\n|player|p1|\n|l|\u2606pzyxhic\n|player|p2|\n|l| not world\n|l| ThatOtherOneWeirdo\n","uploadtime":1769521831,"views":11,"formatid":"gen9vgc2026regi","rating":1264,"private":0,"password":null}