{"id":"gen9vgc2026regi-2586744762","format":"[Gen 9] VGC 2026 Reg I","players":["BenSon_A27_Zong","RollingDomZ"],"log":"|j|\u2606BenSon_A27_Zong\n|j|\u2606RollingDomZ\n|t:|1776456542\n|gametype|doubles\n|player|p1|BenSon_A27_Zong|bugsy|1198\n|player|p2|RollingDomZ|265|1229\n|gen|9\n|tier|[Gen 9] VGC 2026 Reg I\n|rated|\n|rule|Species Clause: Limit one of each Pok\u00e9mon\n|rule|Item Clause: Limit 1 of each item\n|clearpoke\n|poke|p1|Muk-Alola, L50, M|\n|poke|p1|Dondozo, L50, M|\n|poke|p1|Grimmsnarl, L50, M|\n|poke|p1|Incineroar, L50, F|\n|poke|p1|Tatsugiri, L50, M|\n|poke|p1|Smeargle, L50, M|\n|poke|p2|Koraidon, L50|\n|poke|p2|Flutter Mane, L50|\n|poke|p2|Incineroar, L50, M|\n|poke|p2|Whimsicott, L50, F|\n|poke|p2|Miraidon, L50|\n|poke|p2|Kingambit, L50, F|\n|teampreview|4\n|inactive|Battle timer is ON: inactive players will automatically lose when time's up. (requested by BenSon_A27_Zong)\n|\n|t:|1776456564\n|teamsize|p1|4\n|teamsize|p2|4\n|start\n|switch|p1a: Grimmsnarl|Grimmsnarl, L50, M|100/100\n|switch|p1b: Incineroar|Incineroar, L50, F|100/100\n|switch|p2a: Whimsicott|Whimsicott, L50, F, shiny|100/100\n|switch|p2b: Miraidon|Miraidon, L50, shiny|100/100\n|-fieldstart|move: Electric Terrain|[from] ability: Hadron Engine|[of] p2b: Miraidon\n|-ability|p1b: Incineroar|Intimidate|boost\n|-unboost|p2a: Whimsicott|atk|1\n|-unboost|p2b: Miraidon|atk|1\n|turn|1\n|\n|t:|1776456585\n|switch|p2a: Flutter Mane|Flutter Mane, L50, shiny|100/100\n|move|p1b: Incineroar|Fake Out|p2b: Miraidon\n|-damage|p2b: Miraidon|91/100\n|move|p1a: Grimmsnarl|Light Screen|p1a: Grimmsnarl\n|-sidestart|p1: BenSon_A27_Zong|move: Light Screen\n|cant|p2b: Miraidon|flinch\n|\n|upkeep\n|turn|2\n|\n|t:|1776456604\n|move|p2b: Miraidon|Volt Switch|p1b: Incineroar\n|-damage|p1b: Incineroar|55/100\n|\n|t:|1776456608\n|switch|p2b: Whimsicott|Whimsicott, L50, F, shiny|100/100|[from] Volt Switch\n|move|p2a: Flutter Mane|Moonblast|p1a: Grimmsnarl\n|-supereffective|p1a: Grimmsnarl\n|-damage|p1a: Grimmsnarl|6/100\n|-damage|p2a: Flutter Mane|91/100|[from] item: Life Orb\n|move|p1a: Grimmsnarl|Spirit Break|p2b: Whimsicott\n|-damage|p2b: Whimsicott|36/100\n|-unboost|p2b: Whimsicott|spa|1\n|move|p1b: Incineroar|Snarl|p2b: Whimsicott|[spread] p2a,p2b\n|-resisted|p2b: Whimsicott\n|-damage|p2a: Flutter Mane|81/100\n|-damage|p2b: Whimsicott|25/100\n|-unboost|p2a: Flutter Mane|spa|1\n|-unboost|p2b: Whimsicott|spa|1\n|\n|upkeep\n|turn|3\n|\n|t:|1776456629\n|move|p2b: Whimsicott|Encore|p1b: Incineroar\n|-hint|Since gen 7, Dark is immune to Prankster moves.\n|-immune|p1b: Incineroar\n|move|p1a: Grimmsnarl|Reflect|p1a: Grimmsnarl\n|-sidestart|p1: BenSon_A27_Zong|Reflect\n|move|p2a: Flutter Mane|Moonblast|p1a: Grimmsnarl\n|-supereffective|p1a: Grimmsnarl\n|-damage|p1a: Grimmsnarl|0 fnt\n|faint|p1a: Grimmsnarl\n|-damage|p2a: Flutter Mane|71/100|[from] item: Life Orb\n|move|p1b: Incineroar|Snarl|p2b: Whimsicott|[spread] p2a,p2b\n|-resisted|p2b: Whimsicott\n|-damage|p2a: Flutter Mane|60/100\n|-damage|p2b: Whimsicott|16/100\n|-unboost|p2a: Flutter Mane|spa|1\n|-unboost|p2b: Whimsicott|spa|1\n|\n|upkeep\n|\n|t:|1776456637\n|switch|p1a: Muk|Muk-Alola, L50, M|100/100\n|turn|4\n|\n|t:|1776456651\n|-end|p2a: Flutter Mane|Protosynthesis|[silent]\n|switch|p2a: Koraidon|Koraidon, L50, shiny|100/100\n|-weather|SunnyDay|[from] ability: Orichalcum Pulse|[of] p2a: Koraidon\n|-activate|p2a: Koraidon|Orichalcum Pulse|[source]\n|move|p2b: Whimsicott|Tailwind|p2b: Whimsicott\n|-sidestart|p2: RollingDomZ|move: Tailwind\n|move|p1b: Incineroar|Snarl|p2b: Whimsicott|[spread] p2a,p2b\n|-resisted|p2a: Koraidon\n|-resisted|p2b: Whimsicott\n|-damage|p2a: Koraidon|94/100\n|-damage|p2b: Whimsicott|6/100\n|-unboost|p2b: Whimsicott|spa|1\n|move|p1a: Muk|Minimize|p1a: Muk\n|-boost|p1a: Muk|evasion|2\n|\n|-weather|SunnyDay|[upkeep]\n|upkeep\n|turn|5\n|inactive|BenSon_A27_Zong has 30 seconds left.\n|inactive|RollingDomZ has 30 seconds left.\n|\n|t:|1776456682\n|switch|p2b: Miraidon|Miraidon, L50, shiny|91/100\n|-activate|p2b: Miraidon|ability: Hadron Engine\n|-terastallize|p2a: Koraidon|Fire\n|-terastallize|p1b: Incineroar|Ghost\n|move|p1a: Muk|Protect|p1a: Muk\n|-singleturn|p1a: Muk|Protect\n|move|p2a: Koraidon|Flare Blitz|p1a: Muk\n|-activate|p1a: Muk|move: Protect\n|move|p1b: Incineroar|Parting Shot|p2a: Koraidon\n|-fail|p2a: Koraidon|unboost|[from] item: Clear Amulet|[of] p2a: Koraidon\n|\n|-weather|SunnyDay|[upkeep]\n|-fieldend|move: Electric Terrain\n|upkeep\n|turn|6\n|\n|t:|1776456704\n|switch|p1b: Smeargle|Smeargle, L50, M|100/100\n|move|p2b: Miraidon|Electro Drift|p1a: Muk|[miss]\n|-miss|p2b: Miraidon|p1a: Muk\n|move|p2a: Koraidon|Flare Blitz|p1a: Muk\n|-damage|p1a: Muk|29/100\n|-damage|p2a: Koraidon|66/100|[from] Recoil\n|move|p1a: Muk|Minimize|p1a: Muk\n|-boost|p1a: Muk|evasion|2\n|\n|-weather|SunnyDay|[upkeep]\n|-heal|p1a: Muk|35/100|[from] item: Leftovers\n|-ability|p1b: Smeargle|Moody|boost\n|-boost|p1b: Smeargle|spe|2\n|-unboost|p1b: Smeargle|spd|1\n|upkeep\n|turn|7\n|\n|t:|1776456728\n|move|p1a: Muk|Protect|p1a: Muk\n|-singleturn|p1a: Muk|Protect\n|move|p2b: Miraidon|Electro Drift|p1a: Muk\n|-activate|p1a: Muk|move: Protect\n|move|p2a: Koraidon|Flare Blitz|p1b: Smeargle\n|-enditem|p1b: Smeargle|Focus Sash\n|-damage|p1b: Smeargle|1/100\n|-status|p1b: Smeargle|brn\n|-damage|p2a: Koraidon|39/100|[from] Recoil\n|move|p1b: Smeargle|Spore|p2a: Koraidon\n|-status|p2a: Koraidon|slp|[from] move: Spore\n|\n|-weather|SunnyDay|[upkeep]\n|-heal|p1a: Muk|42/100|[from] item: Leftovers\n|-damage|p1b: Smeargle|0 fnt|[from] brn\n|faint|p1b: Smeargle\n|-ability|p1a: Muk|Moody|Power of Alchemy|[from] ability: Power of Alchemy|[of] p1b: Smeargle\n|-sideend|p2: RollingDomZ|move: Tailwind\n|upkeep\n|\n|t:|1776456730\n|switch|p1b: Incineroar|Incineroar, L50, F, tera:Ghost|55/100\n|-ability|p1b: Incineroar|Intimidate|boost\n|-fail|p2a: Koraidon|unboost|[from] item: Clear Amulet|[of] p2a: Koraidon\n|-unboost|p2b: Miraidon|atk|1\n|turn|8\n|inactive|RollingDomZ has 30 seconds left.\n|\n|t:|1776456759\n|move|p1b: Incineroar|Fake Out|p2b: Miraidon\n|-damage|p2b: Miraidon|79/100\n|cant|p2b: Miraidon|flinch\n|cant|p2a: Koraidon|slp\n|move|p1a: Muk|Minimize|p1a: Muk\n|-boost|p1a: Muk|evasion|2\n|\n|-weather|none\n|-heal|p1a: Muk|48/100|[from] item: Leftovers\n|-sideend|p1: BenSon_A27_Zong|move: Light Screen\n|-ability|p1a: Muk|Moody|boost\n|-boost|p1a: Muk|spe|2\n|-unboost|p1a: Muk|spd|1\n|upkeep\n|turn|9\n|\n|t:|1776456784\n|move|p1a: Muk|Protect|p1a: Muk\n|-singleturn|p1a: Muk|Protect\n|move|p2b: Miraidon|Electro Drift|p1b: Incineroar\n|-damage|p1b: Incineroar|0 fnt\n|faint|p1b: Incineroar\n|cant|p2a: Koraidon|slp\n|\n|-heal|p1a: Muk|54/100|[from] item: Leftovers\n|-ability|p1a: Muk|Moody|boost\n|-boost|p1a: Muk|spd|2\n|-unboost|p1a: Muk|spa|1\n|upkeep\n|turn|10\n|\n|t:|1776456802\n|move|p2b: Miraidon|Electro Drift|p1a: Muk|[miss]\n|-miss|p2b: Miraidon|p1a: Muk\n|-curestatus|p2a: Koraidon|slp|[msg]\n|move|p2a: Koraidon|Flare Blitz|p1a: Muk|[miss]\n|-miss|p2a: Koraidon|p1a: Muk\n|move|p1a: Muk|Poison Jab|p2a: Koraidon\n|-damage|p2a: Koraidon|14/100\n|\n|-heal|p1a: Muk|60/100|[from] item: Leftovers\n|-sideend|p1: BenSon_A27_Zong|Reflect\n|-ability|p1a: Muk|Moody|boost\n|-boost|p1a: Muk|spe|2\n|-unboost|p1a: Muk|spd|1\n|upkeep\n|turn|11\n|\n|t:|1776456825\n|switch|p2a: Whimsicott|Whimsicott, L50, F, shiny|6/100\n|move|p1a: Muk|Protect|p1a: Muk\n|-singleturn|p1a: Muk|Protect\n|move|p2b: Miraidon|Electro Drift|p1a: Muk\n|-activate|p1a: Muk|move: Protect\n|\n|-heal|p1a: Muk|66/100|[from] item: Leftovers\n|-ability|p1a: Muk|Moody|boost\n|-boost|p1a: Muk|spa|2\n|-unboost|p1a: Muk|def|1\n|upkeep\n|turn|12\n|inactive|RollingDomZ has 30 seconds left.\n|\n|t:|1776456852\n|move|p2a: Whimsicott|Tailwind|p2a: Whimsicott\n|-sidestart|p2: RollingDomZ|move: Tailwind\n|move|p2b: Miraidon|Electro Drift|p1a: Muk\n|-damage|p1a: Muk|0 fnt\n|faint|p1a: Muk\n|\n|win|RollingDomZ\n|raw|BenSon_A27_Zong's rating: 1198 &rarr; <strong>1175</strong><br />(-23 for losing)\n|raw|RollingDomZ's rating: 1229 &rarr; <strong>1252</strong><br />(+23 for winning)\n|l|\u2606BenSon_A27_Zong\n|player|p1|\n|l|\u2606RollingDomZ\n|player|p2|\n","uploadtime":1776457115,"views":7,"formatid":"gen9vgc2026regi","rating":1175,"private":0,"password":null}