{"id":"gen9vgc2026regi-2581198082","format":"[Gen 9] VGC 2026 Reg I","players":["jjvhc27","kyoshi4"],"log":"|j|\u2606jjvhc27\n|j|\u2606kyoshi4\n|t:|1775969758\n|gametype|doubles\n|player|p1|jjvhc27|2|1502\n|player|p2|kyoshi4|cynthia-gen4|1500\n|gen|9\n|tier|[Gen 9] VGC 2026 Reg I\n|rated|\n|rule|Species Clause: Limit one of each Pok\u00e9mon\n|rule|Item Clause: Limit 1 of each item\n|clearpoke\n|poke|p1|Kyogre, L50|\n|poke|p1|Roaring Moon, L50|\n|poke|p1|Incineroar, L50, M|\n|poke|p1|Rillaboom, L50, M|\n|poke|p1|Zacian-*, L50|\n|poke|p1|Urshifu-*, L50, F|\n|poke|p2|Kyogre, L50|\n|poke|p2|Iron Jugulis, L50|\n|poke|p2|Zamazenta-*, L50|\n|poke|p2|Chien-Pao, L50|\n|poke|p2|Landorus, L50, M|\n|poke|p2|Amoonguss, L50, M|\n|teampreview|4\n|inactive|Battle timer is ON: inactive players will automatically lose when time's up. (requested by kyoshi4)\n|l|\u2606kyoshi4\n|inactive|kyoshi4 disconnected and has a minute to reconnect!\n|player|p2|\n|inactive|jjvhc27 has 60 seconds left.\n|inactive|kyoshi4 has 30 seconds to reconnect!\n|j|\u2606kyoshi4\n|inactive|kyoshi4 reconnected and has 55 seconds left.\n|player|p2|kyoshi4|cynthia-gen4|\n|\n|t:|1775969819\n|teamsize|p1|4\n|teamsize|p2|4\n|start\n|switch|p1a: Zacian|Zacian-Crowned, L50|100/100\n|switch|p1b: Urshifu|Urshifu-Rapid-Strike, L50, F|100/100\n|switch|p2a: Iron Jugulis|Iron Jugulis, L50|100/100\n|switch|p2b: Kyogre|Kyogre, L50|100/100\n|-ability|p1a: Zacian|Intrepid Sword|boost\n|-boost|p1a: Zacian|atk|1\n|-weather|RainDance|[from] ability: Drizzle|[of] p2b: Kyogre\n|-enditem|p2a: Iron Jugulis|Booster Energy\n|-activate|p2a: Iron Jugulis|ability: Quark Drive|[fromitem]\n|-start|p2a: Iron Jugulis|quarkdrivespe\n|turn|1\n|inactive|jjvhc27 has 30 seconds left.\n|\n|t:|1775969848\n|switch|p1b: Rillaboom|Rillaboom, L50, M|100/100\n|-fieldstart|move: Grassy Terrain|[from] ability: Grassy Surge|[of] p1b: Rillaboom\n|move|p1a: Zacian|Protect|p1a: Zacian\n|-singleturn|p1a: Zacian|Protect\n|move|p2a: Iron Jugulis|Tailwind|p2a: Iron Jugulis\n|-sidestart|p2: kyoshi4|move: Tailwind\n|move|p2b: Kyogre|Water Spout|p1b: Rillaboom|[spread] p1b\n|-activate|p1a: Zacian|move: Protect\n|-resisted|p1b: Rillaboom\n|-damage|p1b: Rillaboom|62/100\n|\n|-weather|RainDance|[upkeep]\n|-heal|p1b: Rillaboom|68/100|[from] Grassy Terrain\n|upkeep\n|turn|2\n|\n|t:|1775969861\n|-terastallize|p1a: Zacian|Dragon\n|move|p2a: Iron Jugulis|Protect|p2a: Iron Jugulis\n|-singleturn|p2a: Iron Jugulis|Protect\n|move|p2b: Kyogre|Protect|p2b: Kyogre\n|-singleturn|p2b: Kyogre|Protect\n|move|p1b: Rillaboom|Fake Out|p2a: Iron Jugulis\n|-activate|p2a: Iron Jugulis|move: Protect\n|move|p1a: Zacian|Play Rough|p2a: Iron Jugulis\n|-activate|p2a: Iron Jugulis|move: Protect\n|\n|-weather|RainDance|[upkeep]\n|-heal|p1b: Rillaboom|74/100|[from] Grassy Terrain\n|upkeep\n|turn|3\n|\n|t:|1775969878\n|-terastallize|p2b: Kyogre|Grass\n|move|p1a: Zacian|Protect|p1a: Zacian\n|-singleturn|p1a: Zacian|Protect\n|move|p1b: Rillaboom|Grassy Glide|p2b: Kyogre\n|-resisted|p2b: Kyogre\n|-damage|p2b: Kyogre|83/100\n|move|p2a: Iron Jugulis|Hurricane|p1a: Zacian\n|-activate|p1a: Zacian|move: Protect\n|move|p2b: Kyogre|Water Spout|p1a: Zacian|[spread] p1b\n|-activate|p1a: Zacian|move: Protect\n|-resisted|p1b: Rillaboom\n|-damage|p1b: Rillaboom|38/100\n|\n|-weather|RainDance|[upkeep]\n|-heal|p2b: Kyogre|90/100|[from] Grassy Terrain\n|-heal|p1b: Rillaboom|44/100|[from] Grassy Terrain\n|upkeep\n|turn|4\n|\n|t:|1775969892\n|move|p2a: Iron Jugulis|Protect|p2a: Iron Jugulis\n|-singleturn|p2a: Iron Jugulis|Protect\n|move|p2b: Kyogre|Protect|p2b: Kyogre\n|-singleturn|p2b: Kyogre|Protect\n|move|p1a: Zacian|Play Rough|p2a: Iron Jugulis\n|-activate|p2a: Iron Jugulis|move: Protect\n|move|p1b: Rillaboom|Wood Hammer|p2a: Iron Jugulis\n|-activate|p2a: Iron Jugulis|move: Protect\n|\n|-weather|RainDance|[upkeep]\n|-heal|p2b: Kyogre|96/100|[from] Grassy Terrain\n|-heal|p1b: Rillaboom|50/100|[from] Grassy Terrain\n|-sideend|p2: kyoshi4|move: Tailwind\n|upkeep\n|turn|5\n|\n|t:|1775969904\n|switch|p1b: Kyogre|Kyogre, L50|100/100\n|move|p2a: Iron Jugulis|Tailwind|p2a: Iron Jugulis\n|-sidestart|p2: kyoshi4|move: Tailwind\n|move|p2b: Kyogre|Water Spout|p1a: Zacian|[spread] p1a,p1b\n|-resisted|p1a: Zacian\n|-resisted|p1b: Kyogre\n|-damage|p1a: Zacian|49/100\n|-damage|p1b: Kyogre|60/100\n|move|p1a: Zacian|Play Rough|p2a: Iron Jugulis\n|-supereffective|p2a: Iron Jugulis\n|-damage|p2a: Iron Jugulis|0 fnt\n|faint|p2a: Iron Jugulis\n|-end|p2a: Iron Jugulis|Quark Drive|[silent]\n|\n|-weather|none\n|-heal|p2b: Kyogre|100/100|[from] Grassy Terrain\n|-heal|p1a: Zacian|55/100|[from] Grassy Terrain\n|-heal|p1b: Kyogre|66/100|[from] Grassy Terrain\n|-fieldend|move: Grassy Terrain\n|upkeep\n|\n|t:|1775969915\n|switch|p2a: Zamazenta|Zamazenta-Crowned, L50|100/100\n|-ability|p2a: Zamazenta|Dauntless Shield|boost\n|-boost|p2a: Zamazenta|def|1\n|turn|6\n|\n|t:|1775969926\n|move|p2a: Zamazenta|Body Press|p1b: Kyogre\n|-damage|p1b: Kyogre|2/100\n|move|p2b: Kyogre|Water Spout|p1a: Zacian|[spread] p1a,p1b\n|-resisted|p1a: Zacian\n|-resisted|p1b: Kyogre\n|-damage|p1a: Zacian|20/100\n|-damage|p1b: Kyogre|0 fnt\n|faint|p1b: Kyogre\n|move|p1a: Zacian|Sacred Sword|p2a: Zamazenta\n|-supereffective|p2a: Zamazenta\n|-crit|p2a: Zamazenta\n|-damage|p2a: Zamazenta|22/100\n|\n|upkeep\n|\n|t:|1775969934\n|switch|p1b: Rillaboom|Rillaboom, L50, M|50/100\n|-fieldstart|move: Grassy Terrain|[from] ability: Grassy Surge|[of] p1b: Rillaboom\n|turn|7\n|j| zacattack110\n|\n|t:|1775969950\n|move|p1a: Zacian|Protect|p1a: Zacian\n|-singleturn|p1a: Zacian|Protect\n|move|p1b: Rillaboom|Fake Out|p2b: Kyogre\n|-damage|p2b: Kyogre|87/100\n|move|p2a: Zamazenta|Body Press|p1a: Zacian\n|-activate|p1a: Zacian|move: Protect\n|cant|p2b: Kyogre|flinch\n|\n|-heal|p2a: Zamazenta|28/100|[from] Grassy Terrain\n|-heal|p2b: Kyogre|93/100|[from] Grassy Terrain\n|-heal|p1a: Zacian|26/100|[from] Grassy Terrain\n|-heal|p1b: Rillaboom|56/100|[from] Grassy Terrain\n|upkeep\n|turn|8\n|\n|t:|1775969960\n|move|p1a: Zacian|Protect||[still]\n|-fail|p1a: Zacian\n|move|p2a: Zamazenta|Body Press|p1b: Rillaboom\n|-damage|p1b: Rillaboom|0 fnt\n|faint|p1b: Rillaboom\n|move|p2b: Kyogre|Water Spout|p1a: Zacian\n|-resisted|p1a: Zacian\n|-damage|p1a: Zacian|0 fnt\n|faint|p1a: Zacian\n|\n|-heal|p2a: Zamazenta|34/100|[from] Grassy Terrain\n|-heal|p2b: Kyogre|99/100|[from] Grassy Terrain\n|-sideend|p2: kyoshi4|move: Tailwind\n|upkeep\n|\n|t:|1775969963\n|switch|p1b: Urshifu|Urshifu-Rapid-Strike, L50, F|100/100\n|turn|9\n|-message|jjvhc27 forfeited.\n|\n|win|kyoshi4\n|raw|jjvhc27's rating: 1502 &rarr; <strong>1482</strong><br />(-20 for losing)\n|raw|kyoshi4's rating: 1500 &rarr; <strong>1520</strong><br />(+20 for winning)\n|l|\u2606jjvhc27\n|player|p1|\n","uploadtime":1775969976,"views":194,"formatid":"gen9vgc2026regi","rating":1482,"private":0,"password":null}