{"id":"gen9vgc2026regi-2559362543","format":"[Gen 9] VGC 2026 Reg I","players":["rudy06","eye-zitt"],"log":"|j|\u2606rudy06\n|j|\u2606eye-zitt\n|t:|1773552286\n|gametype|doubles\n|player|p1|rudy06|265|1303\n|player|p2|eye-zitt|hilbert|1331\n|gen|9\n|tier|[Gen 9] VGC 2026 Reg I\n|rated|\n|rule|Species Clause: Limit one of each Pok\u00e9mon\n|rule|Item Clause: Limit 1 of each item\n|clearpoke\n|poke|p1|Kyogre, L50|\n|poke|p1|Tornadus, L50, M|\n|poke|p1|Zacian-*, L50|\n|poke|p1|Urshifu-*, L50, M|\n|poke|p1|Incineroar, L50, M|\n|poke|p1|Landorus, L50, M|\n|poke|p2|Terapagos, L50, M|\n|poke|p2|Calyrex-Shadow, L50|\n|poke|p2|Rillaboom, L50, M|\n|poke|p2|Incineroar, L50, F|\n|poke|p2|Amoonguss, L50, M|\n|poke|p2|Ogerpon-Cornerstone, L50, F|\n|teampreview|4\n|inactive|Battle timer is ON: inactive players will automatically lose when time's up. (requested by eye-zitt)\n|inactive|rudy06 also wants the timer to be on.\n|\n|t:|1773552299\n|teamsize|p1|4\n|teamsize|p2|4\n|start\n|switch|p1a: Kyogre|Kyogre, L50|100/100\n|switch|p1b: Tornadus|Tornadus, L50, M|100/100\n|switch|p2a: Terapagos|Terapagos, L50, M|100/100\n|switch|p2b: Rillaboom|Rillaboom, L50, M|100/100\n|-activate|p2a: Terapagos|ability: Tera Shift\n|detailschange|p2a: Terapagos|Terapagos-Terastal, L50, M\n|-heal|p2a: Terapagos|100/100|[silent]\n|-weather|RainDance|[from] ability: Drizzle|[of] p1a: Kyogre\n|-fieldstart|move: Grassy Terrain|[from] ability: Grassy Surge|[of] p2b: Rillaboom\n|turn|1\n|inactive|rudy06 has 30 seconds left.\n|\n|t:|1773552326\n|move|p2b: Rillaboom|Fake Out|p1a: Kyogre\n|-damage|p1a: Kyogre|89/100\n|move|p1b: Tornadus|Tailwind|p1b: Tornadus\n|-sidestart|p1: rudy06|move: Tailwind\n|cant|p1a: Kyogre|flinch\n|move|p2a: Terapagos|Calm Mind|p2a: Terapagos\n|-boost|p2a: Terapagos|spa|1\n|-boost|p2a: Terapagos|spd|1\n|\n|-weather|RainDance|[upkeep]\n|-heal|p1a: Kyogre|95/100|[from] Grassy Terrain\n|upkeep\n|turn|2\n|\n|t:|1773552346\n|switch|p1a: Zacian|Zacian-Crowned, L50|100/100\n|-ability|p1a: Zacian|Intrepid Sword|boost\n|-boost|p1a: Zacian|atk|1\n|move|p1b: Tornadus|Taunt|p2a: Terapagos\n|-start|p2a: Terapagos|move: Taunt\n|cant|p2a: Terapagos|move: Taunt|Calm Mind\n|move|p2b: Rillaboom|U-turn|p1a: Zacian\n|-resisted|p1a: Zacian\n|-damage|p1a: Zacian|96/100\n|\n|t:|1773552354\n|switch|p2b: Ogerpon|Ogerpon-Cornerstone, L50, F|100/100|[from] U-turn\n|\n|-weather|RainDance|[upkeep]\n|-heal|p1a: Zacian|100/100|[from] Grassy Terrain\n|upkeep\n|turn|3\n|\n|t:|1773552366\n|move|p1a: Zacian|Behemoth Blade|p2a: Terapagos\n|-activate|p2a: Terapagos|ability: Tera Shell\n|-resisted|p2a: Terapagos\n|-damage|p2a: Terapagos|66/100\n|move|p1b: Tornadus|Bleakwind Storm|p2a: Terapagos|[spread] p2a,p2b\n|-damage|p2a: Terapagos|45/100\n|-damage|p2b: Ogerpon|52/100\n|-unboost|p2a: Terapagos|spe|1\n|-unboost|p2b: Ogerpon|spe|1\n|move|p2b: Ogerpon|Taunt|p1b: Tornadus\n|-start|p1b: Tornadus|move: Taunt\n|move|p2a: Terapagos|Earth Power|p1a: Zacian\n|-supereffective|p1a: Zacian\n|-damage|p1a: Zacian|20/100\n|\n|-weather|RainDance|[upkeep]\n|-heal|p1a: Zacian|25/100|[from] Grassy Terrain\n|-heal|p2b: Ogerpon|58/100|[from] Grassy Terrain\n|-heal|p2a: Terapagos|51/100|[from] Grassy Terrain\n|-heal|p2a: Terapagos|57/100|[from] item: Leftovers\n|upkeep\n|turn|4\n|inactive|eye-zitt has 30 seconds left.\n|\n|t:|1773552399\n|-terastallize|p2a: Terapagos|Stellar\n|detailschange|p2a: Terapagos|Terapagos-Stellar, L50, M, tera:Stellar\n|-heal|p2a: Terapagos|68/100|[silent]\n|-ability|p2a: Terapagos|Teraform Zero\n|-weather|none\n|-fieldend|move: Grassy Terrain\n|move|p1a: Zacian|Protect|p1a: Zacian\n|-singleturn|p1a: Zacian|Protect\n|move|p2b: Ogerpon|Follow Me|p2b: Ogerpon\n|-singleturn|p2b: Ogerpon|move: Follow Me\n|move|p1b: Tornadus|Bleakwind Storm|p2b: Ogerpon|[spread] p2a,p2b\n|-damage|p2a: Terapagos|51/100\n|-damage|p2b: Ogerpon|11/100\n|-unboost|p2a: Terapagos|spe|1\n|move|p2a: Terapagos|Tera Starstorm|p1a: Zacian|[spread] p1b\n|-activate|p1a: Zacian|move: Protect\n|-damage|p1b: Tornadus|22/100\n|\n|-heal|p2a: Terapagos|58/100|[from] item: Leftovers\n|-end|p2a: Terapagos|move: Taunt\n|-sideend|p1: rudy06|move: Tailwind\n|upkeep\n|turn|5\n|\n|t:|1773552424\n|switch|p1a: Kyogre|Kyogre, L50|95/100\n|-weather|RainDance|[from] ability: Drizzle|[of] p1a: Kyogre\n|move|p2b: Ogerpon|Follow Me|p2b: Ogerpon\n|-singleturn|p2b: Ogerpon|move: Follow Me\n|move|p1b: Tornadus|Bleakwind Storm|p2a: Terapagos|[spread] p2a,p2b\n|-damage|p2a: Terapagos|41/100\n|-damage|p2b: Ogerpon|0 fnt\n|faint|p2b: Ogerpon\n|move|p2a: Terapagos|Tera Starstorm|p1a: Kyogre|[spread] p1a,p1b\n|-crit|p1a: Kyogre\n|-damage|p1a: Kyogre|54/100\n|-damage|p1b: Tornadus|0 fnt\n|faint|p1b: Tornadus\n|\n|-weather|RainDance|[upkeep]\n|-heal|p2a: Terapagos|48/100|[from] item: Leftovers\n|upkeep\n|\n|t:|1773552443\n|switch|p1b: Incineroar|Incineroar, L50, M|100/100\n|switch|p2b: Calyrex|Calyrex-Shadow, L50|100/100\n|-ability|p2b: Calyrex|As One\n|-ability|p2b: Calyrex|Unnerve\n|-ability|p1b: Incineroar|Intimidate|boost\n|-unboost|p2a: Terapagos|atk|1\n|-unboost|p2b: Calyrex|atk|1\n|turn|6\n|\n|t:|1773552458\n|move|p2b: Calyrex|Protect|p2b: Calyrex\n|-singleturn|p2b: Calyrex|Protect\n|move|p1b: Incineroar|Fake Out|p2a: Terapagos\n|-damage|p2a: Terapagos|41/100\n|move|p1a: Kyogre|Origin Pulse|p2a: Terapagos|[spread] p2a\n|-activate|p2b: Calyrex|move: Protect\n|-damage|p2a: Terapagos|6/100\n|cant|p2a: Terapagos|flinch\n|\n|-weather|RainDance|[upkeep]\n|-heal|p2a: Terapagos|12/100|[from] item: Leftovers\n|upkeep\n|turn|7\n|\n|t:|1773552475\n|move|p2b: Calyrex|Astral Barrage|p1a: Kyogre|[spread] p1a,p1b\n|-resisted|p1b: Incineroar\n|-damage|p1a: Kyogre|32/100\n|-damage|p1b: Incineroar|75/100\n|move|p1a: Kyogre|Origin Pulse|p2b: Calyrex|[spread] p2a,p2b\n|-damage|p2a: Terapagos|0 fnt\n|-damage|p2b: Calyrex|22/100\n|faint|p2a: Terapagos\n|detailschange|p2: Terapagos|Terapagos, L50, M|[silent]\n|move|p1b: Incineroar|Knock Off|p2b: Calyrex\n|-supereffective|p2b: Calyrex\n|-damage|p2b: Calyrex|0 fnt\n|-enditem|p2b: Calyrex|Focus Sash|[from] move: Knock Off|[of] p1b: Incineroar\n|faint|p2b: Calyrex\n|\n|-weather|RainDance|[upkeep]\n|upkeep\n|\n|t:|1773552482\n|switch|p2b: Rillaboom|Rillaboom, L50, M|100/100\n|-fieldstart|move: Grassy Terrain|[from] ability: Grassy Surge|[of] p2b: Rillaboom\n|turn|8\n|\n|t:|1773552496\n|-terastallize|p1a: Kyogre|Grass\n|move|p1a: Kyogre|Ice Beam|p2b: Rillaboom\n|-supereffective|p2b: Rillaboom\n|-damage|p2b: Rillaboom|57/100\n|move|p2b: Rillaboom|Wood Hammer|p1b: Incineroar\n|-resisted|p1b: Incineroar\n|-damage|p1b: Incineroar|45/100\n|-enditem|p1b: Incineroar|Sitrus Berry|[eat]\n|-heal|p1b: Incineroar|70/100|[from] item: Sitrus Berry\n|-damage|p2b: Rillaboom|47/100|[from] Recoil\n|move|p1b: Incineroar|Knock Off|p2b: Rillaboom\n|-damage|p2b: Rillaboom|4/100\n|-enditem|p2b: Rillaboom|Assault Vest|[from] move: Knock Off|[of] p1b: Incineroar\n|\n|-weather|RainDance|[upkeep]\n|-heal|p1a: Kyogre|38/100|[from] Grassy Terrain\n|-heal|p2b: Rillaboom|10/100|[from] Grassy Terrain\n|-heal|p1b: Incineroar|76/100|[from] Grassy Terrain\n|upkeep\n|turn|9\n|\n|t:|1773552517\n|move|p2b: Rillaboom|Grassy Glide|p1a: Kyogre\n|-resisted|p1a: Kyogre\n|-damage|p1a: Kyogre|21/100\n|move|p1a: Kyogre|Ice Beam|p2b: Rillaboom\n|-supereffective|p2b: Rillaboom\n|-damage|p2b: Rillaboom|0 fnt\n|faint|p2b: Rillaboom\n|\n|win|rudy06\n|raw|rudy06's rating: 1303 &rarr; <strong>1325</strong><br />(+22 for winning)\n|raw|eye-zitt's rating: 1331 &rarr; <strong>1309</strong><br />(-22 for losing)\n|l|\u2606eye-zitt\n|player|p2|\n|l|\u2606rudy06\n|player|p1|\n","uploadtime":1773552673,"views":11,"formatid":"gen9vgc2026regi","rating":1309,"private":0,"password":null}