{"id":"gen9vgc2026regi-2561578076","format":"[Gen 9] VGC 2026 Reg I","players":["b3testing","Jerald Jimes"],"log":"|j|\u2606b3testing\n|j|\u2606Jerald Jimes\n|t:|1773815951\n|gametype|doubles\n|player|p1|b3testing|102|1543\n|player|p2|Jerald Jimes|169|1456\n|gen|9\n|tier|[Gen 9] VGC 2026 Reg I\n|rated|\n|rule|Species Clause: Limit one of each Pok\u00e9mon\n|rule|Item Clause: Limit 1 of each item\n|clearpoke\n|poke|p1|Terapagos, L50, M|\n|poke|p1|Calyrex-Shadow, L50|\n|poke|p1|Incineroar, L50, M|\n|poke|p1|Amoonguss, L50, F|\n|poke|p1|Tornadus, L50, M|\n|poke|p1|Smeargle, L50, F|\n|poke|p2|Chi-Yu, L50|\n|poke|p2|Landorus, L50, M|\n|poke|p2|Tornadus, L50, M|\n|poke|p2|Calyrex-Shadow, L50|\n|poke|p2|Zamazenta-*, L50|\n|poke|p2|Rillaboom, L50, F|\n|teampreview|4\n|inactive|Battle timer is ON: inactive players will automatically lose when time's up. (requested by b3testing)\n|inactive|Jerald Jimes has 60 seconds left.\n|j| Melonnolem\n|inactive|Jerald Jimes has 30 seconds left.\n|inactive|Jerald Jimes has 20 seconds left.\n|inactive|Jerald Jimes has 15 seconds left.\n|inactive|Jerald Jimes has 10 seconds left.\n|inactive|Jerald Jimes has 5 seconds left.\n|\n|t:|1773816039\n|teamsize|p1|4\n|teamsize|p2|4\n|start\n|switch|p1a: Tornadus|Tornadus, L50, M|100/100\n|switch|p1b: Smeargle|Smeargle, L50, F|100/100\n|switch|p2a: Calyrex|Calyrex-Shadow, L50|100/100\n|switch|p2b: Rillaboom|Rillaboom, L50, F, shiny|100/100\n|-ability|p2a: Calyrex|As One\n|-ability|p2a: Calyrex|Unnerve\n|-fieldstart|move: Grassy Terrain|[from] ability: Grassy Surge|[of] p2b: Rillaboom\n|turn|1\n|inactive|b3testing has 30 seconds left.\n|inactive|Jerald Jimes has 30 seconds left.\n|\n|t:|1773816071\n|switch|p1b: Calyrex|Calyrex-Shadow, L50|100/100\n|-ability|p1b: Calyrex|As One\n|-ability|p1b: Calyrex|Unnerve\n|move|p2b: Rillaboom|Grassy Glide|p1b: Calyrex\n|-damage|p1b: Calyrex|62/100\n|move|p2a: Calyrex|Psyshock|p1b: Calyrex\n|-resisted|p1b: Calyrex\n|-damage|p1b: Calyrex|33/100\n|move|p1a: Tornadus|Bleakwind Storm|p2b: Rillaboom|[spread] p2a,p2b\n|-supereffective|p2b: Rillaboom\n|-damage|p2a: Calyrex|60/100\n|-damage|p2b: Rillaboom|47/100\n|\n|-heal|p2a: Calyrex|66/100|[from] Grassy Terrain\n|-heal|p1b: Calyrex|40/100|[from] Grassy Terrain\n|-heal|p2b: Rillaboom|53/100|[from] Grassy Terrain\n|upkeep\n|turn|2\n|inactive|Jerald Jimes has 30 seconds left.\n|inactive|b3testing has 30 seconds left.\n|\n|t:|1773816108\n|move|p1b: Calyrex|Protect|p1b: Calyrex\n|-singleturn|p1b: Calyrex|Protect\n|move|p2a: Calyrex|Protect|p2a: Calyrex\n|-singleturn|p2a: Calyrex|Protect\n|move|p1a: Tornadus|Bleakwind Storm|p2a: Calyrex|[spread] p2b\n|-activate|p2a: Calyrex|move: Protect\n|-supereffective|p2b: Rillaboom\n|-damage|p2b: Rillaboom|4/100\n|move|p2b: Rillaboom|U-turn|p1a: Tornadus\n|-resisted|p1a: Tornadus\n|-damage|p1a: Tornadus|89/100\n|\n|t:|1773816115\n|switch|p2b: Zamazenta|Zamazenta-Crowned, L50|100/100|[from] U-turn\n|-ability|p2b: Zamazenta|Dauntless Shield|boost\n|-boost|p2b: Zamazenta|def|1\n|\n|-heal|p2a: Calyrex|72/100|[from] Grassy Terrain\n|-heal|p1b: Calyrex|46/100|[from] Grassy Terrain\n|upkeep\n|turn|3\n|\n|t:|1773816123\n|-terastallize|p2a: Calyrex|Ghost\n|move|p2b: Zamazenta|Wide Guard|p2b: Zamazenta\n|-singleturn|p2b: Zamazenta|Wide Guard\n|move|p1a: Tornadus|Tailwind|p1a: Tornadus\n|-sidestart|p1: b3testing|move: Tailwind\n|move|p1b: Calyrex|Encore|p2a: Calyrex\n|-start|p2a: Calyrex|Encore\n|move|p2a: Calyrex|Protect||[still]\n|-fail|p2a: Calyrex\n|\n|-heal|p1b: Calyrex|52/100|[from] Grassy Terrain\n|-heal|p2a: Calyrex|78/100|[from] Grassy Terrain\n|upkeep\n|turn|4\n|\n|t:|1773816139\n|switch|p2a: Rillaboom|Rillaboom, L50, F, shiny|4/100\n|move|p1a: Tornadus|Taunt|p2b: Zamazenta\n|-start|p2b: Zamazenta|move: Taunt\n|move|p1b: Calyrex|Astral Barrage|p2b: Zamazenta|[spread] p2a,p2b\n|-damage|p2a: Rillaboom|0 fnt\n|-damage|p2b: Zamazenta|57/100\n|faint|p2a: Rillaboom\n|-ability|p1b: Calyrex|Grim Neigh|boost\n|-boost|p1b: Calyrex|spa|1\n|-damage|p1b: Calyrex|43/100|[from] item: Life Orb\n|move|p2b: Zamazenta|Heavy Slam|p1b: Calyrex\n|-damage|p1b: Calyrex|0 fnt\n|faint|p1b: Calyrex\n|\n|-heal|p2b: Zamazenta|63/100|[from] Grassy Terrain\n|upkeep\n|\n|t:|1773816155\n|switch|p1b: Smeargle|Smeargle, L50, F|100/100\n|switch|p2a: Calyrex|Calyrex-Shadow, L50, tera:Ghost|78/100\n|-ability|p2a: Calyrex|As One\n|-ability|p2a: Calyrex|Unnerve\n|turn|5\n|\n|t:|1773816172\n|move|p1b: Smeargle|Decorate|p1a: Tornadus\n|-boost|p1a: Tornadus|atk|2\n|-boost|p1a: Tornadus|spa|2\n|move|p1a: Tornadus|Bleakwind Storm|p2b: Zamazenta|[spread] p2b\n|-miss|p1a: Tornadus|p2a: Calyrex\n|-damage|p2b: Zamazenta|14/100\n|move|p2a: Calyrex|Psyshock|p1a: Tornadus\n|-damage|p1a: Tornadus|37/100\n|move|p2b: Zamazenta|Heavy Slam|p1a: Tornadus\n|-damage|p1a: Tornadus|0 fnt\n|faint|p1a: Tornadus\n|\n|-heal|p2a: Calyrex|83/100|[from] Grassy Terrain\n|-heal|p2b: Zamazenta|20/100|[from] Grassy Terrain\n|-fieldend|move: Grassy Terrain\n|-ability|p1b: Smeargle|Moody|boost\n|-boost|p1b: Smeargle|spa|2\n|-unboost|p1b: Smeargle|spe|1\n|upkeep\n|\n|t:|1773816178\n|switch|p1a: Terapagos|Terapagos, L50, M|100/100\n|-activate|p1a: Terapagos|ability: Tera Shift\n|detailschange|p1a: Terapagos|Terapagos-Terastal, L50, M\n|-heal|p1a: Terapagos|100/100|[silent]\n|turn|6\n|inactive|Jerald Jimes has 30 seconds left.\n|inactive|Jerald Jimes has 20 seconds left.\n|inactive|Jerald Jimes has 15 seconds left.\n|inactive|b3testing has 30 seconds left.\n|inactive|Jerald Jimes has 10 seconds left.\n|inactive|Jerald Jimes has 5 seconds left.\n|\n|t:|1773816229\n|switch|p2b: Landorus|Landorus, L50, M, shiny|100/100\n|move|p1a: Terapagos|Calm Mind|p1a: Terapagos\n|-boost|p1a: Terapagos|spa|1\n|-boost|p1a: Terapagos|spd|1\n|move|p2a: Calyrex|Psyshock|p1b: Smeargle\n|-enditem|p1b: Smeargle|Focus Sash\n|-damage|p1b: Smeargle|1/100\n|move|p1b: Smeargle|Spore|p2b: Landorus\n|-status|p2b: Landorus|slp|[from] move: Spore\n|\n|-sideend|p1: b3testing|move: Tailwind\n|-ability|p1b: Smeargle|Moody|boost\n|-boost|p1b: Smeargle|spe|2\n|-unboost|p1b: Smeargle|atk|1\n|upkeep\n|turn|7\n|inactive|b3testing has 30 seconds left.\n|\n|t:|1773816260\n|-terastallize|p1a: Terapagos|Stellar\n|detailschange|p1a: Terapagos|Terapagos-Stellar, L50, M, tera:Stellar\n|-heal|p1a: Terapagos|100/100|[silent]\n|move|p2a: Calyrex|Encore|p1a: Terapagos\n|-start|p1a: Terapagos|Encore\n|move|p1b: Smeargle|Decorate|p1a: Terapagos\n|-boost|p1a: Terapagos|atk|2\n|-boost|p1a: Terapagos|spa|2\n|cant|p2b: Landorus|slp\n|move|p1a: Terapagos|Calm Mind|p1a: Terapagos\n|-boost|p1a: Terapagos|spa|1\n|-boost|p1a: Terapagos|spd|1\n|\n|-ability|p1b: Smeargle|Moody|boost\n|-boost|p1b: Smeargle|spe|2\n|-unboost|p1b: Smeargle|spa|1\n|upkeep\n|turn|8\n|inactive|Jerald Jimes has 30 seconds left.\n|\n|t:|1773816288\n|move|p2a: Calyrex|Protect|p2a: Calyrex\n|-singleturn|p2a: Calyrex|Protect\n|move|p1b: Smeargle|Spore|p2a: Calyrex\n|-activate|p2a: Calyrex|move: Protect\n|cant|p2b: Landorus|slp\n|move|p1a: Terapagos|Calm Mind|p1a: Terapagos\n|-boost|p1a: Terapagos|spa|1\n|-boost|p1a: Terapagos|spd|1\n|\n|-ability|p1b: Smeargle|Moody|boost\n|-boost|p1b: Smeargle|spa|2\n|-unboost|p1b: Smeargle|def|1\n|upkeep\n|turn|9\n|\n|t:|1773816309\n|switch|p2a: Zamazenta|Zamazenta-Crowned, L50|20/100\n|move|p1b: Smeargle|Spore|p2a: Zamazenta\n|-status|p2a: Zamazenta|slp|[from] move: Spore\n|-curestatus|p2b: Landorus|slp|[msg]\n|move|p2b: Landorus|Earth Power|p1b: Smeargle\n|-damage|p1b: Smeargle|0 fnt\n|faint|p1b: Smeargle\n|move|p1a: Terapagos|Calm Mind|p1a: Terapagos\n|-boost|p1a: Terapagos|spa|1\n|-boost|p1a: Terapagos|spd|1\n|\n|-end|p1a: Terapagos|Encore\n|upkeep\n|turn|10\n|c|\u2606Jerald Jimes|man\n|inactive|Jerald Jimes has 30 seconds left.\n|\n|t:|1773816339\n|move|p2b: Landorus|Protect|p2b: Landorus\n|-singleturn|p2b: Landorus|Protect\n|cant|p2a: Zamazenta|slp\n|move|p1a: Terapagos|Tera Starstorm|p2b: Landorus|[spread] p2a\n|-activate|p2b: Landorus|move: Protect\n|-damage|p2a: Zamazenta|0 fnt\n|faint|p2a: Zamazenta\n|\n|upkeep\n|\n|t:|1773816341\n|switch|p2a: Calyrex|Calyrex-Shadow, L50, tera:Ghost|83/100\n|-ability|p2a: Calyrex|As One\n|-ability|p2a: Calyrex|Unnerve\n|turn|11\n|\n|t:|1773816352\n|move|p2a: Calyrex|Protect|p2a: Calyrex\n|-singleturn|p2a: Calyrex|Protect\n|move|p2b: Landorus|Earth Power|p1a: Terapagos\n|-damage|p1a: Terapagos|85/100\n|move|p1a: Terapagos|Tera Starstorm|p2b: Landorus|[spread] p2b\n|-activate|p2a: Calyrex|move: Protect\n|-damage|p2b: Landorus|0 fnt\n|faint|p2b: Landorus\n|\n|upkeep\n|turn|12\n|\n|t:|1773816362\n|move|p2a: Calyrex|Psyshock|p1a: Terapagos\n|-damage|p1a: Terapagos|52/100\n|move|p1a: Terapagos|Tera Starstorm|p2a: Calyrex\n|-supereffective|p2a: Calyrex\n|-damage|p2a: Calyrex|0 fnt\n|faint|p2a: Calyrex\n|\n|win|b3testing\n|raw|b3testing's rating: 1543 &rarr; <strong>1558</strong><br />(+15 for winning)\n|raw|Jerald Jimes's rating: 1456 &rarr; <strong>1441</strong><br />(-15 for losing)\n|c|\u2606Jerald Jimes|gg\n","uploadtime":1773816368,"views":20,"formatid":"gen9vgc2026regi","rating":1441,"private":0,"password":null}