{"id":"gen9vgc2026regi-2565435926","format":"[Gen 9] VGC 2026 Reg I","players":["Jonen","WrestlingDemon"],"log":"|j|\u2606Jonen\n|j|\u2606WrestlingDemon\n|t:|1774275205\n|gametype|doubles\n|player|p1|Jonen|medium|1489\n|player|p2|WrestlingDemon|hiker-gen4|1508\n|gen|9\n|tier|[Gen 9] VGC 2026 Reg I\n|rated|\n|rule|Species Clause: Limit one of each Pok\u00e9mon\n|rule|Item Clause: Limit 1 of each item\n|clearpoke\n|poke|p1|Groudon, L50|\n|poke|p1|Lunala, L50|\n|poke|p1|Sableye, L50, M|\n|poke|p1|Chi-Yu, L50|\n|poke|p1|Rillaboom, L50, M|\n|poke|p1|Jumpluff, L50, F|\n|poke|p2|Miraidon, L50|\n|poke|p2|Calyrex-Ice, L50|\n|poke|p2|Amoonguss, L50, M|\n|poke|p2|Incineroar, L50, M|\n|poke|p2|Urshifu-*, L50, M|\n|poke|p2|Landorus, L50, M|\n|teampreview|4\n|inactive|Battle timer is ON: inactive players will automatically lose when time's up. (requested by WrestlingDemon)\n|j| Winieska Rambulera\n|inactive|WrestlingDemon has 60 seconds left.\n|\n|t:|1774275253\n|teamsize|p1|4\n|teamsize|p2|4\n|start\n|switch|p1a: Groudon|Groudon, L50|100/100\n|switch|p1b: Sableye|Sableye, L50, M|100/100\n|switch|p2a: Miraidon|Miraidon, L50|100/100\n|switch|p2b: Calyrex|Calyrex-Ice, L50|100/100\n|-ability|p2b: Calyrex|As One\n|-ability|p2b: Calyrex|Unnerve\n|-fieldstart|move: Electric Terrain|[from] ability: Hadron Engine|[of] p2a: Miraidon\n|-weather|SunnyDay|[from] ability: Drought|[of] p1a: Groudon\n|turn|1\n|\n|t:|1774275274\n|-terastallize|p1a: Groudon|Fire\n|move|p1b: Sableye|Quash|p2a: Miraidon\n|-activate|p2a: Miraidon|move: Quash\n|move|p1a: Groudon|Precipice Blades|p2a: Miraidon|[spread] p2b\n|-miss|p1a: Groudon|p2a: Miraidon\n|-damage|p2b: Calyrex|54/100\n|-damage|p1a: Groudon|91/100|[from] item: Life Orb\n|move|p2b: Calyrex|Glacial Lance|p1b: Sableye|[spread] p1a,p1b\n|-resisted|p1a: Groudon\n|-damage|p1a: Groudon|68/100\n|-damage|p1b: Sableye|41/100\n|move|p2a: Miraidon|Volt Switch|p1b: Sableye\n|-damage|p1b: Sableye|0 fnt\n|faint|p1b: Sableye\n|\n|t:|1774275282\n|switch|p2a: Incineroar|Incineroar, L50, M|100/100|[from] Volt Switch\n|-ability|p2a: Incineroar|Intimidate|boost\n|-unboost|p1a: Groudon|atk|1\n|\n|-weather|SunnyDay|[upkeep]\n|upkeep\n|\n|t:|1774275284\n|switch|p1b: Lunala|Lunala, L50|100/100\n|turn|2\n|inactive|WrestlingDemon has 30 seconds left.\n|inactive|WrestlingDemon has 20 seconds left.\n|\n|t:|1774275322\n|switch|p2b: Miraidon|Miraidon, L50|100/100\n|-activate|p2b: Miraidon|ability: Hadron Engine\n|move|p2a: Incineroar|Fake Out|p1a: Groudon\n|-damage|p1a: Groudon|58/100\n|move|p1b: Lunala|Moongeist Beam|p2b: Miraidon\n|-crit|p2b: Miraidon\n|-damage|p2b: Miraidon|39/100\n|cant|p1a: Groudon|flinch\n|\n|-weather|SunnyDay|[upkeep]\n|upkeep\n|turn|3\n|\n|t:|1774275345\n|switch|p1a: Rillaboom|Rillaboom, L50, M|100/100\n|-fieldstart|move: Grassy Terrain|[from] ability: Grassy Surge|[of] p1a: Rillaboom\n|-terastallize|p2b: Miraidon|Electric\n|move|p2b: Miraidon|Volt Switch|p1a: Rillaboom\n|-resisted|p1a: Rillaboom\n|-damage|p1a: Rillaboom|86/100\n|\n|t:|1774275349\n|switch|p2b: Landorus|Landorus, L50, M|100/100|[from] Volt Switch\n|move|p1b: Lunala|Meteor Beam||[still]\n|-prepare|p1b: Lunala|Meteor Beam\n|-boost|p1b: Lunala|spa|1\n|-enditem|p1b: Lunala|Power Herb\n|-anim|p1b: Lunala|Meteor Beam|p2a: Incineroar|[miss]\n|-miss|p1b: Lunala|p2a: Incineroar\n|move|p2a: Incineroar|Knock Off|p1b: Lunala\n|-supereffective|p1b: Lunala\n|-damage|p1b: Lunala|46/100\n|\n|-weather|SunnyDay|[upkeep]\n|-heal|p1b: Lunala|52/100|[from] Grassy Terrain\n|-heal|p1a: Rillaboom|92/100|[from] Grassy Terrain\n|upkeep\n|turn|4\n|inactive|Jonen has 30 seconds left.\n|\n|t:|1774275382\n|move|p1a: Rillaboom|Fake Out|p2a: Incineroar\n|-damage|p2a: Incineroar|88/100\n|move|p1b: Lunala|Moongeist Beam|p2b: Landorus\n|-damage|p2b: Landorus|11/100\n|move|p2b: Landorus|Sludge Bomb|p1a: Rillaboom\n|-supereffective|p1a: Rillaboom\n|-damage|p1a: Rillaboom|36/100\n|cant|p2a: Incineroar|flinch\n|\n|-weather|SunnyDay|[upkeep]\n|-heal|p1b: Lunala|58/100|[from] Grassy Terrain\n|-heal|p1a: Rillaboom|42/100|[from] Grassy Terrain\n|-heal|p2a: Incineroar|94/100|[from] Grassy Terrain\n|upkeep\n|turn|5\n|\n|t:|1774275399\n|move|p2b: Landorus|Protect|p2b: Landorus\n|-singleturn|p2b: Landorus|Protect\n|move|p1a: Rillaboom|Grassy Glide|p2b: Landorus\n|-activate|p2b: Landorus|move: Protect\n|move|p1b: Lunala|Hypnosis|p2a: Incineroar\n|-status|p2a: Incineroar|slp|[from] move: Hypnosis\n|cant|p2a: Incineroar|slp\n|\n|-weather|none\n|-heal|p1b: Lunala|64/100|[from] Grassy Terrain\n|-heal|p1a: Rillaboom|48/100|[from] Grassy Terrain\n|-heal|p2a: Incineroar|99/100 slp|[from] Grassy Terrain\n|upkeep\n|turn|6\n|\n|t:|1774275411\n|move|p1b: Lunala|Moongeist Beam|p2b: Landorus\n|-crit|p2b: Landorus\n|-damage|p2b: Landorus|0 fnt\n|faint|p2b: Landorus\n|move|p1a: Rillaboom|U-turn|p2a: Incineroar\n|-damage|p2a: Incineroar|80/100 slp\n|\n|t:|1774275413\n|switch|p1a: Groudon|Groudon, L50, tera:Fire|58/100|[from] U-turn\n|-weather|SunnyDay|[from] ability: Drought|[of] p1a: Groudon\n|cant|p2a: Incineroar|slp\n|\n|-weather|SunnyDay|[upkeep]\n|-heal|p1b: Lunala|70/100|[from] Grassy Terrain\n|-heal|p1a: Groudon|63/100|[from] Grassy Terrain\n|-heal|p2a: Incineroar|86/100 slp|[from] Grassy Terrain\n|upkeep\n|\n|t:|1774275425\n|switch|p2b: Miraidon|Miraidon, L50, tera:Electric|39/100\n|-fieldstart|move: Electric Terrain|[from] ability: Hadron Engine|[of] p2b: Miraidon\n|turn|7\n|\n|t:|1774275436\n|switch|p1a: Rillaboom|Rillaboom, L50, M|48/100\n|-fieldstart|move: Grassy Terrain|[from] ability: Grassy Surge|[of] p1a: Rillaboom\n|move|p2b: Miraidon|Electro Drift|p1a: Rillaboom\n|-resisted|p1a: Rillaboom\n|-damage|p1a: Rillaboom|24/100\n|move|p1b: Lunala|Moongeist Beam|p2b: Miraidon\n|-damage|p2b: Miraidon|0 fnt\n|faint|p2b: Miraidon\n|-curestatus|p2a: Incineroar|slp|[msg]\n|move|p2a: Incineroar|Knock Off|p1b: Lunala\n|-supereffective|p1b: Lunala\n|-damage|p1b: Lunala|0 fnt\n|faint|p1b: Lunala\n|\n|-weather|SunnyDay|[upkeep]\n|-heal|p1a: Rillaboom|30/100|[from] Grassy Terrain\n|-heal|p2a: Incineroar|92/100|[from] Grassy Terrain\n|upkeep\n|\n|t:|1774275446\n|switch|p1b: Groudon|Groudon, L50, tera:Fire|63/100\n|switch|p2b: Calyrex|Calyrex-Ice, L50|54/100\n|-ability|p2b: Calyrex|As One\n|-ability|p2b: Calyrex|Unnerve\n|turn|8\n|\n|t:|1774275470\n|move|p2b: Calyrex|Protect|p2b: Calyrex\n|-singleturn|p2b: Calyrex|Protect\n|move|p1a: Rillaboom|Fake Out|p2b: Calyrex\n|-activate|p2b: Calyrex|move: Protect\n|move|p1b: Groudon|Precipice Blades|p2a: Incineroar|[spread] p2a\n|-activate|p2b: Calyrex|move: Protect\n|-supereffective|p2a: Incineroar\n|-damage|p2a: Incineroar|0 fnt\n|faint|p2a: Incineroar\n|-damage|p1b: Groudon|54/100|[from] item: Life Orb\n|\n|-weather|SunnyDay|[upkeep]\n|-heal|p1b: Groudon|59/100|[from] Grassy Terrain\n|-heal|p1a: Rillaboom|36/100|[from] Grassy Terrain\n|-heal|p2b: Calyrex|59/100|[from] Grassy Terrain\n|upkeep\n|turn|9\n|\n|t:|1774275481\n|move|p1b: Groudon|Heat Crash|p2b: Calyrex\n|-supereffective|p2b: Calyrex\n|-damage|p2b: Calyrex|3/100\n|-damage|p1b: Groudon|50/100|[from] item: Life Orb\n|move|p1a: Rillaboom|Wood Hammer|p2b: Calyrex\n|-damage|p2b: Calyrex|0 fnt\n|faint|p2b: Calyrex\n|-damage|p1a: Rillaboom|35/100|[from] Recoil\n|\n|win|Jonen\n|raw|Jonen's rating: 1489 &rarr; <strong>1510</strong><br />(+21 for winning)\n|raw|WrestlingDemon's rating: 1508 &rarr; <strong>1487</strong><br />(-21 for losing)\n","uploadtime":1774275481,"views":12,"formatid":"gen9vgc2026regi","rating":1487,"private":0,"password":null}