{"id":"gen9vgc2026regi-2566425806","format":"[Gen 9] VGC 2026 Reg I","players":["curfy324","GigaDrainBreak"],"log":"|j|\u2606curfy324\n|j|\u2606GigaDrainBreak\n|t:|1774375441\n|gametype|doubles\n|player|p1|curfy324|102|1351\n|player|p2|GigaDrainBreak|taunie|1379\n|gen|9\n|tier|[Gen 9] VGC 2026 Reg I\n|rated|\n|rule|Species Clause: Limit one of each Pok\u00e9mon\n|rule|Item Clause: Limit 1 of each item\n|clearpoke\n|poke|p1|Zacian-*, L50|\n|poke|p1|Kyogre, L50|\n|poke|p1|Urshifu-*, L50, M|\n|poke|p1|Roaring Moon, L50|\n|poke|p1|Rillaboom, L50, F|\n|poke|p1|Volcarona, L50, F|\n|poke|p2|Miraidon, L50|\n|poke|p2|Calyrex-Ice, L50|\n|poke|p2|Grimmsnarl, L50, M|\n|poke|p2|Volcarona, L50, M|\n|poke|p2|Urshifu-*, L50, F|\n|poke|p2|Iron Hands, L50|\n|teampreview|4\n|inactive|Battle timer is ON: inactive players will automatically lose when time's up. (requested by curfy324)\n|inactive|curfy324 has 60 seconds left.\n|\n|t:|1774375472\n|teamsize|p1|4\n|teamsize|p2|4\n|start\n|switch|p1a: Rillaboom|Rillaboom, L50, F, shiny|100/100\n|switch|p1b: Urshifu|Urshifu-Rapid-Strike, L50, M|100/100\n|switch|p2a: br*tish|Calyrex-Ice, L50|100/100\n|switch|p2b: EVA Unit 67|Grimmsnarl, L50, M|100/100\n|-ability|p2a: br*tish|As One\n|-ability|p2a: br*tish|Unnerve\n|-fieldstart|move: Grassy Terrain|[from] ability: Grassy Surge|[of] p1a: Rillaboom\n|turn|1\n|\n|t:|1774375492\n|switch|p2b: MIRAI SAIKO|Miraidon, L50|100/100\n|-fieldstart|move: Electric Terrain|[from] ability: Hadron Engine|[of] p2b: MIRAI SAIKO\n|move|p1a: Rillaboom|Fake Out|p2a: br*tish\n|-damage|p2a: br*tish|92/100\n|move|p1b: Urshifu|Taunt|p2b: MIRAI SAIKO\n|-start|p2b: MIRAI SAIKO|move: Taunt\n|cant|p2a: br*tish|flinch\n|\n|-heal|p2a: br*tish|98/100|[from] item: Leftovers\n|upkeep\n|turn|2\n|\n|t:|1774375509\n|move|p1b: Urshifu|Detect|p1b: Urshifu\n|-singleturn|p1b: Urshifu|Protect\n|move|p2b: MIRAI SAIKO|Volt Switch|p1a: Rillaboom\n|-resisted|p1a: Rillaboom\n|-damage|p1a: Rillaboom|64/100\n|\n|t:|1774375515\n|switch|p2b: EVA Unit 67|Grimmsnarl, L50, M|100/100|[from] Volt Switch\n|move|p1a: Rillaboom|U-turn|p2a: br*tish\n|-supereffective|p2a: br*tish\n|-damage|p2a: br*tish|74/100\n|\n|t:|1774375519\n|switch|p1a: Zacian|Zacian-Crowned, L50, shiny|100/100|[from] U-turn\n|-ability|p1a: Zacian|Intrepid Sword|boost\n|-boost|p1a: Zacian|atk|1\n|move|p2a: br*tish|Glacial Lance|p1a: Zacian|[spread] p1a\n|-activate|p1b: Urshifu|move: Protect\n|-resisted|p1a: Zacian\n|-crit|p1a: Zacian\n|-damage|p1a: Zacian|64/100\n|\n|-heal|p2a: br*tish|80/100|[from] item: Leftovers\n|upkeep\n|turn|3\n|\n|t:|1774375542\n|move|p1a: Zacian|Protect|p1a: Zacian\n|-singleturn|p1a: Zacian|Protect\n|move|p2b: EVA Unit 67|Reflect|p2b: EVA Unit 67\n|-sidestart|p2: GigaDrainBreak|Reflect\n|move|p1b: Urshifu|Taunt|p2b: EVA Unit 67\n|-start|p2b: EVA Unit 67|move: Taunt\n|move|p2a: br*tish|Leech Seed|p1a: Zacian\n|-activate|p1a: Zacian|move: Protect\n|\n|-heal|p2a: br*tish|86/100|[from] item: Leftovers\n|upkeep\n|turn|4\n|\n|t:|1774375559\n|move|p1a: Zacian|Behemoth Blade|p2b: EVA Unit 67\n|-supereffective|p2b: EVA Unit 67\n|-damage|p2b: EVA Unit 67|0 fnt\n|faint|p2b: EVA Unit 67\n|move|p1b: Urshifu|Taunt|p2a: br*tish\n|-start|p2a: br*tish|move: Taunt\n|move|p2a: br*tish|Glacial Lance|p1a: Zacian|[spread] p1a,p1b\n|-resisted|p1a: Zacian\n|-resisted|p1b: Urshifu\n|-damage|p1a: Zacian|42/100\n|-damage|p1b: Urshifu|76/100\n|\n|-heal|p2a: br*tish|91/100|[from] item: Leftovers\n|upkeep\n|\n|t:|1774375570\n|switch|p2b: $30 haircut|Iron Hands, L50|100/100\n|-activate|p2b: $30 haircut|ability: Quark Drive\n|-start|p2b: $30 haircut|quarkdriveatk\n|turn|5\n|inactive|GigaDrainBreak has 30 seconds left.\n|inactive|GigaDrainBreak has 20 seconds left.\n|inactive|GigaDrainBreak has 15 seconds left.\n|\n|t:|1774375615\n|-terastallize|p2b: $30 haircut|Water\n|move|p1a: Zacian|Protect|p1a: Zacian\n|-singleturn|p1a: Zacian|Protect\n|move|p1b: Urshifu|Detect|p1b: Urshifu\n|-singleturn|p1b: Urshifu|Protect\n|move|p2b: $30 haircut|Fake Out|p1a: Zacian\n|-activate|p1a: Zacian|move: Protect\n|move|p2a: br*tish|Glacial Lance|p1a: Zacian|[spread] \n|-activate|p1a: Zacian|move: Protect\n|-activate|p1b: Urshifu|move: Protect\n|\n|-heal|p2a: br*tish|97/100|[from] item: Leftovers\n|-fieldend|move: Electric Terrain\n|-end|p2b: $30 haircut|Quark Drive\n|upkeep\n|turn|6\n|inactive|GigaDrainBreak has 30 seconds left.\n|inactive|GigaDrainBreak has 20 seconds left.\n|\n|t:|1774375654\n|switch|p2a: MIRAI SAIKO|Miraidon, L50|100/100\n|-fieldstart|move: Electric Terrain|[from] ability: Hadron Engine|[of] p2a: MIRAI SAIKO\n|-activate|p2b: $30 haircut|ability: Quark Drive\n|-start|p2b: $30 haircut|quarkdriveatk\n|-terastallize|p1b: Urshifu|Water\n|move|p1a: Zacian|Behemoth Blade|p2a: MIRAI SAIKO\n|-resisted|p2a: MIRAI SAIKO\n|-damage|p2a: MIRAI SAIKO|79/100\n|move|p1b: Urshifu|Surging Strikes|p2a: MIRAI SAIKO\n|-resisted|p2a: MIRAI SAIKO\n|-crit|p2a: MIRAI SAIKO\n|-damage|p2a: MIRAI SAIKO|67/100\n|-resisted|p2a: MIRAI SAIKO\n|-crit|p2a: MIRAI SAIKO\n|-damage|p2a: MIRAI SAIKO|56/100\n|-resisted|p2a: MIRAI SAIKO\n|-crit|p2a: MIRAI SAIKO\n|-damage|p2a: MIRAI SAIKO|45/100\n|-hitcount|p2a: MIRAI SAIKO|3\n|move|p2b: $30 haircut|Low Kick|p1a: Zacian\n|-damage|p1a: Zacian|0 fnt\n|faint|p1a: Zacian\n|\n|upkeep\n|\n|t:|1774375674\n|switch|p1a: Rillaboom|Rillaboom, L50, F, shiny|64/100\n|-fieldstart|move: Grassy Terrain|[from] ability: Grassy Surge|[of] p1a: Rillaboom\n|-end|p2b: $30 haircut|Quark Drive\n|turn|7\n|\n|t:|1774375688\n|switch|p2a: br*tish|Calyrex-Ice, L50|97/100\n|-ability|p2a: br*tish|As One\n|-ability|p2a: br*tish|Unnerve\n|move|p1a: Rillaboom|Fake Out|p2a: br*tish\n|-damage|p2a: br*tish|91/100\n|move|p1b: Urshifu|Surging Strikes|p2a: br*tish\n|-crit|p2a: br*tish\n|-damage|p2a: br*tish|74/100\n|-crit|p2a: br*tish\n|-damage|p2a: br*tish|55/100\n|-crit|p2a: br*tish\n|-damage|p2a: br*tish|35/100\n|-hitcount|p2a: br*tish|3\n|move|p2b: $30 haircut|Drain Punch|p1b: Urshifu\n|-damage|p1b: Urshifu|36/100\n|\n|-heal|p1a: Rillaboom|70/100|[from] Grassy Terrain\n|-heal|p1b: Urshifu|42/100|[from] Grassy Terrain\n|-heal|p2a: br*tish|41/100|[from] Grassy Terrain\n|-heal|p2a: br*tish|47/100|[from] item: Leftovers\n|upkeep\n|turn|8\n|\n|t:|1774375710\n|switch|p2a: MIRAI SAIKO|Miraidon, L50|45/100\n|-fieldstart|move: Electric Terrain|[from] ability: Hadron Engine|[of] p2a: MIRAI SAIKO\n|-activate|p2b: $30 haircut|ability: Quark Drive\n|-start|p2b: $30 haircut|quarkdriveatk\n|move|p1a: Rillaboom|Wood Hammer|p2b: $30 haircut\n|-supereffective|p2b: $30 haircut\n|-damage|p2b: $30 haircut|47/100\n|-damage|p1a: Rillaboom|47/100|[from] Recoil\n|move|p1b: Urshifu|Surging Strikes|p2a: MIRAI SAIKO\n|-resisted|p2a: MIRAI SAIKO\n|-crit|p2a: MIRAI SAIKO\n|-damage|p2a: MIRAI SAIKO|33/100\n|-resisted|p2a: MIRAI SAIKO\n|-crit|p2a: MIRAI SAIKO\n|-damage|p2a: MIRAI SAIKO|22/100\n|-resisted|p2a: MIRAI SAIKO\n|-crit|p2a: MIRAI SAIKO\n|-damage|p2a: MIRAI SAIKO|10/100\n|-hitcount|p2a: MIRAI SAIKO|3\n|move|p2b: $30 haircut|Low Kick|p1a: Rillaboom\n|-damage|p1a: Rillaboom|0 fnt\n|faint|p1a: Rillaboom\n|\n|upkeep\n|\n|t:|1774375730\n|switch|p1a: Kyogre|Kyogre, L50|100/100\n|-weather|RainDance|[from] ability: Drizzle|[of] p1a: Kyogre\n|turn|9\n|\n|t:|1774375742\n|move|p1a: Kyogre|Protect|p1a: Kyogre\n|-singleturn|p1a: Kyogre|Protect\n|move|p1b: Urshifu|Aqua Jet|p2a: MIRAI SAIKO\n|-resisted|p2a: MIRAI SAIKO\n|-damage|p2a: MIRAI SAIKO|0 fnt\n|faint|p2a: MIRAI SAIKO\n|move|p2b: $30 haircut|Drain Punch|p1a: Kyogre\n|-activate|p1a: Kyogre|move: Protect\n|\n|-weather|RainDance|[upkeep]\n|upkeep\n|\n|t:|1774375744\n|switch|p2a: br*tish|Calyrex-Ice, L50|47/100\n|-ability|p2a: br*tish|As One\n|-ability|p2a: br*tish|Unnerve\n|turn|10\n|\n|t:|1774375756\n|move|p1b: Urshifu|Surging Strikes|p2a: br*tish\n|-crit|p2a: br*tish\n|-damage|p2a: br*tish|18/100\n|-crit|p2a: br*tish\n|-damage|p2a: br*tish|0 fnt\n|faint|p2a: br*tish\n|-hitcount|p2: br*tish|2\n|move|p1a: Kyogre|Water Spout|p2b: $30 haircut\n|-resisted|p2b: $30 haircut\n|-damage|p2b: $30 haircut|0 fnt\n|faint|p2b: $30 haircut\n|-end|p2b: $30 haircut|Quark Drive|[silent]\n|\n|win|curfy324\n|raw|curfy324's rating: 1351 &rarr; <strong>1373</strong><br />(+22 for winning)\n|raw|GigaDrainBreak's rating: 1379 &rarr; <strong>1357</strong><br />(-22 for losing)\n","uploadtime":1774375760,"views":21,"formatid":"gen9vgc2026regi","rating":1357,"private":0,"password":null}