{"id":"gen9vgc2026regi-2588323896","format":"[Gen 9] VGC 2026 Reg I","players":["clessvgc","kioketse"],"log":"|j|\u2606clessvgc\n|j|\u2606kioketse\n|t:|1776624127\n|gametype|doubles\n|player|p1|clessvgc|proton|1305\n|player|p2|kioketse|266|1178\n|gen|9\n|tier|[Gen 9] VGC 2026 Reg I\n|rated|\n|rule|Species Clause: Limit one of each Pok\u00e9mon\n|rule|Item Clause: Limit 1 of each item\n|clearpoke\n|poke|p1|Landorus-Therian, L50, M|\n|poke|p1|Calyrex-Shadow, L50|\n|poke|p1|Iron Moth, L50|\n|poke|p1|Tornadus, L50, M|\n|poke|p1|Tinkaton, L50, F|\n|poke|p1|Kyogre, L50|\n|poke|p2|Dudunsparce-*, L50, M|\n|poke|p2|Whimsicott, L50, M|\n|poke|p2|Miraidon, L50|\n|poke|p2|Arcanine-Hisui, L50, M|\n|poke|p2|Flutter Mane, L50|\n|poke|p2|Palafin, L50, M|\n|teampreview|4\n|inactive|Battle timer is ON: inactive players will automatically lose when time's up. (requested by kioketse)\n|inactive|clessvgc also wants the timer to be on.\n|\n|t:|1776624150\n|teamsize|p1|4\n|teamsize|p2|4\n|start\n|switch|p1a: Tinkaton|Tinkaton, L50, F|100/100\n|switch|p1b: Iron Moth|Iron Moth, L50|100/100\n|switch|p2a: Whimsicott|Whimsicott, L50, M|100/100\n|switch|p2b: Miraidon|Miraidon, L50|100/100\n|-fieldstart|move: Electric Terrain|[from] ability: Hadron Engine|[of] p2b: Miraidon\n|-activate|p1b: Iron Moth|ability: Quark Drive\n|-start|p1b: Iron Moth|quarkdrivespa\n|-ability|p1a: Tinkaton|Mold Breaker\n|turn|1\n|\n|t:|1776624170\n|move|p1a: Tinkaton|Fake Out|p2b: Miraidon\n|-damage|p2b: Miraidon|94/100\n|move|p2a: Whimsicott|Tailwind|p2a: Whimsicott\n|-sidestart|p2: kioketse|move: Tailwind\n|cant|p2b: Miraidon|flinch\n|move|p1b: Iron Moth|Sludge Wave|p2a: Whimsicott|[spread] p2a,p2b\n|-immune|p1a: Tinkaton\n|-supereffective|p2a: Whimsicott\n|-damage|p2a: Whimsicott|0 fnt\n|-damage|p2b: Miraidon|38/100\n|faint|p2a: Whimsicott\n|-damage|p1b: Iron Moth|91/100|[from] item: Life Orb\n|\n|upkeep\n|\n|t:|1776624186\n|switch|p2a: Palafin|Palafin, L50, M|100/100\n|turn|2\n|inactive|clessvgc has 30 seconds left.\n|\n|t:|1776624216\n|move|p1b: Iron Moth|Protect|p1b: Iron Moth\n|-singleturn|p1b: Iron Moth|Protect\n|move|p2b: Miraidon|Electro Drift|p1a: Tinkaton\n|-damage|p1a: Tinkaton|40/100\n|move|p2a: Palafin|Flip Turn|p1b: Iron Moth\n|-activate|p1b: Iron Moth|move: Protect\n|move|p1a: Tinkaton|Foul Play|p2a: Palafin\n|-damage|p2a: Palafin|70/100\n|\n|upkeep\n|turn|3\n|\n|t:|1776624228\n|-terastallize|p1b: Iron Moth|Grass\n|move|p2b: Miraidon|Electro Drift|p1a: Tinkaton\n|-damage|p1a: Tinkaton|0 fnt\n|faint|p1a: Tinkaton\n|move|p2a: Palafin|Flip Turn|p1b: Iron Moth\n|-resisted|p1b: Iron Moth\n|-damage|p1b: Iron Moth|73/100\n|\n|t:|1776624237\n|detailschange|p2a: Palafin|Palafin-Hero, L50, M\n|switch|p2a: Flutter Mane|Flutter Mane, L50|100/100|[from] Flip Turn\n|-enditem|p2a: Flutter Mane|Booster Energy\n|-activate|p2a: Flutter Mane|ability: Protosynthesis|[fromitem]\n|-start|p2a: Flutter Mane|protosynthesisspe\n|move|p1b: Iron Moth|Sludge Wave|p2b: Miraidon|[spread] p2a,p2b\n|-damage|p2a: Flutter Mane|34/100\n|-damage|p2b: Miraidon|0 fnt\n|faint|p2b: Miraidon\n|-damage|p1b: Iron Moth|64/100|[from] item: Life Orb\n|\n|upkeep\n|\n|t:|1776624246\n|switch|p2b: Palafin|Palafin-Hero, L50, M|70/100\n|switch|p1a: Landorus|Landorus-Therian, L50, M|100/100\n|-activate|p2b: Palafin|ability: Zero to Hero\n|-ability|p1a: Landorus|Intimidate|boost\n|-unboost|p2a: Flutter Mane|atk|1\n|-fail|p2b: Palafin|unboost|[from] item: Clear Amulet|[of] p2b: Palafin\n|turn|4\n|\n|t:|1776624267\n|move|p2a: Flutter Mane|Icy Wind|p1b: Iron Moth|[spread] p1a,p1b\n|-supereffective|p1a: Landorus\n|-supereffective|p1b: Iron Moth\n|-damage|p1a: Landorus|23/100\n|-damage|p1b: Iron Moth|33/100\n|-unboost|p1a: Landorus|spe|1\n|-unboost|p1b: Iron Moth|spe|1\n|move|p2b: Palafin|Wave Crash|p1b: Iron Moth\n|-resisted|p1b: Iron Moth\n|-damage|p1b: Iron Moth|0 fnt\n|faint|p1b: Iron Moth\n|-end|p1b: Iron Moth|Quark Drive|[silent]\n|-damage|p2b: Palafin|60/100|[from] Recoil\n|move|p1a: Landorus|Stomping Tantrum|p2b: Palafin\n|-crit|p2b: Palafin\n|-damage|p2b: Palafin|0 fnt\n|faint|p2b: Palafin\n|\n|-sideend|p2: kioketse|move: Tailwind\n|upkeep\n|\n|t:|1776624272\n|switch|p1b: Calyrex|Calyrex-Shadow, L50|100/100\n|-ability|p1b: Calyrex|As One\n|-ability|p1b: Calyrex|Unnerve\n|turn|5\n|\n|t:|1776624286\n|-terastallize|p2a: Flutter Mane|Fairy\n|move|p2a: Flutter Mane|Icy Wind|p1a: Landorus|[spread] p1a,p1b\n|-supereffective|p1a: Landorus\n|-damage|p1a: Landorus|0 fnt\n|-damage|p1b: Calyrex|85/100\n|-unboost|p1b: Calyrex|spe|1\n|faint|p1a: Landorus\n|move|p1b: Calyrex|Astral Barrage|p2a: Flutter Mane\n|-damage|p2a: Flutter Mane|0 fnt\n|faint|p2a: Flutter Mane\n|-end|p2a: Flutter Mane|Protosynthesis|[silent]\n|\n|win|clessvgc\n|raw|clessvgc's rating: 1305 &rarr; <strong>1318</strong><br />(+13 for winning)\n|raw|kioketse's rating: 1178 &rarr; <strong>1162</strong><br />(-16 for losing)\n|l|\u2606clessvgc\n|player|p1|\n|l|\u2606kioketse\n|player|p2|\n","uploadtime":1776624464,"views":8,"formatid":"gen9vgc2026regi","rating":1162,"private":0,"password":null}