{"id":"gen9vgc2026regi-2568518385","format":"[Gen 9] VGC 2026 Reg I","players":["ev_evan","pigs2fly"],"log":"|j|\u2606ev_evan\n|j|\u2606pigs2fly\n|t:|1774589060\n|gametype|doubles\n|player|p1|ev_evan|2|1358\n|player|p2|pigs2fly|dexio|1553\n|gen|9\n|tier|[Gen 9] VGC 2026 Reg I\n|rated|\n|rule|Species Clause: Limit one of each Pok\u00e9mon\n|rule|Item Clause: Limit 1 of each item\n|clearpoke\n|poke|p1|Raging Bolt, L50|\n|poke|p1|Miraidon, L50|\n|poke|p1|Incineroar, L50, M|\n|poke|p1|Iron Jugulis, L50|\n|poke|p1|Ogerpon-Wellspring, L50, F|\n|poke|p1|Calyrex-Ice, L50|\n|poke|p2|Annihilape, L50, M|\n|poke|p2|Tornadus, L50, M|\n|poke|p2|Dondozo, L50, M|\n|poke|p2|Tatsugiri, L50, M|\n|poke|p2|Zacian-*, L50|\n|poke|p2|Kyogre, L50|\n|teampreview|4\n|inactive|Battle timer is ON: inactive players will automatically lose when time's up. (requested by ev_evan)\n|\n|t:|1774589076\n|teamsize|p1|4\n|teamsize|p2|4\n|start\n|switch|p1a: Iron Jugulis|Iron Jugulis, L50|100/100\n|switch|p1b: Miraidon|Miraidon, L50|100/100\n|switch|p2a: Dondozo|Dondozo, L50, M|100/100\n|switch|p2b: Annihilape|Annihilape, L50, M|100/100\n|-fieldstart|move: Electric Terrain|[from] ability: Hadron Engine|[of] p1b: Miraidon\n|-activate|p1a: Iron Jugulis|ability: Quark Drive\n|-start|p1a: Iron Jugulis|quarkdrivespe\n|turn|1\n|\n|t:|1774589088\n|switch|p2b: Tatsugiri|Tatsugiri, L50, M|100/100\n|-activate|p2b: Tatsugiri|ability: Commander|[of] p2a: Dondozo\n|-boost|p2a: Dondozo|atk|2\n|-boost|p2a: Dondozo|spa|2\n|-boost|p2a: Dondozo|spe|2\n|-boost|p2a: Dondozo|def|2\n|-boost|p2a: Dondozo|spd|2\n|-terastallize|p2a: Dondozo|Grass\n|move|p1a: Iron Jugulis|Tailwind|p1a: Iron Jugulis\n|-sidestart|p1: ev_evan|move: Tailwind\n|move|p1b: Miraidon|Electro Drift|p2a: Dondozo\n|-resisted|p2a: Dondozo\n|-damage|p2a: Dondozo|74/100\n|move|p2a: Dondozo|Order Up|p1a: Iron Jugulis\n|-damage|p1a: Iron Jugulis|59/100\n|-boost|p2a: Dondozo|atk|1\n|\n|-heal|p2a: Dondozo|80/100|[from] item: Leftovers\n|upkeep\n|turn|2\n|inactive|ev_evan has 30 seconds left.\n|\n|t:|1774589116\n|switch|p1b: Incineroar|Incineroar, L50, M|100/100\n|-ability|p1b: Incineroar|Intimidate|boost\n|-unboost|p2a: Dondozo|atk|1\n|-unboost|p2b: Tatsugiri|atk|1\n|move|p2a: Dondozo|Protect|p2a: Dondozo\n|-singleturn|p2a: Dondozo|Protect\n|move|p1a: Iron Jugulis|Taunt|p2a: Dondozo\n|-activate|p2a: Dondozo|move: Protect\n|\n|-heal|p2a: Dondozo|87/100|[from] item: Leftovers\n|upkeep\n|turn|3\n|\n|t:|1774589125\n|switch|p1b: Miraidon|Miraidon, L50|100/100\n|-activate|p1b: Miraidon|ability: Hadron Engine\n|move|p2a: Dondozo|Protect|p2a: Dondozo\n|-singleturn|p2a: Dondozo|Protect\n|move|p1a: Iron Jugulis|Taunt|p2a: Dondozo\n|-activate|p2a: Dondozo|move: Protect\n|\n|-heal|p2a: Dondozo|93/100|[from] item: Leftovers\n|upkeep\n|turn|4\n|\n|t:|1774589131\n|move|p1a: Iron Jugulis|Dragon Cheer|p1b: Miraidon\n|-start|p1b: Miraidon|move: Dragon Cheer\n|move|p1b: Miraidon|Draco Meteor|p2a: Dondozo\n|-damage|p2a: Dondozo|35/100\n|-unboost|p1b: Miraidon|spa|2\n|move|p2a: Dondozo|Order Up|p1a: Iron Jugulis\n|-damage|p1a: Iron Jugulis|17/100\n|-boost|p2a: Dondozo|atk|1\n|\n|-heal|p2a: Dondozo|42/100|[from] item: Leftovers\n|-sideend|p1: ev_evan|move: Tailwind\n|upkeep\n|turn|5\n|\n|t:|1774589141\n|move|p1a: Iron Jugulis|Tailwind|p1a: Iron Jugulis\n|-sidestart|p1: ev_evan|move: Tailwind\n|move|p1b: Miraidon|Draco Meteor|p2a: Dondozo\n|-crit|p2a: Dondozo\n|-damage|p2a: Dondozo|0 fnt\n|-unboost|p1b: Miraidon|spa|2\n|faint|p2a: Dondozo\n|\n|-fieldend|move: Electric Terrain\n|-end|p1a: Iron Jugulis|Quark Drive\n|upkeep\n|\n|t:|1774589147\n|switch|p2a: Zacian|Zacian-Crowned, L50, shiny|100/100\n|-ability|p2a: Zacian|Intrepid Sword|boost\n|-boost|p2a: Zacian|atk|1\n|turn|6\n|\n|t:|1774589163\n|switch|p1b: Incineroar|Incineroar, L50, M|100/100\n|-ability|p1b: Incineroar|Intimidate|boost\n|-unboost|p2a: Zacian|atk|1\n|-unboost|p2b: Tatsugiri|atk|1\n|move|p1a: Iron Jugulis|Snarl|p2a: Zacian|[spread] p2a\n|-miss|p1a: Iron Jugulis|p2b: Tatsugiri\n|-resisted|p2a: Zacian\n|-damage|p2a: Zacian|93/100\n|-unboost|p2a: Zacian|spa|1\n|move|p2a: Zacian|Play Rough|p1b: Incineroar\n|-damage|p1b: Incineroar|47/100\n|move|p2b: Tatsugiri|Muddy Water|p1a: Iron Jugulis|[spread] p1a,p1b\n|-supereffective|p1b: Incineroar\n|-damage|p1a: Iron Jugulis|0 fnt\n|-damage|p1b: Incineroar|7/100\n|faint|p1a: Iron Jugulis\n|-end|p1a: Iron Jugulis|Quark Drive|[silent]\n|\n|upkeep\n|\n|t:|1774589175\n|switch|p1a: Miraidon|Miraidon, L50|100/100\n|-fieldstart|move: Electric Terrain|[from] ability: Hadron Engine|[of] p1a: Miraidon\n|turn|7\n|\n|t:|1774589181\n|-terastallize|p1a: Miraidon|Electric\n|move|p2a: Zacian|Protect|p2a: Zacian\n|-singleturn|p2a: Zacian|Protect\n|move|p2b: Tatsugiri|Protect|p2b: Tatsugiri\n|-singleturn|p2b: Tatsugiri|Protect\n|move|p1b: Incineroar|Fake Out|p2b: Tatsugiri\n|-activate|p2b: Tatsugiri|move: Protect\n|move|p1a: Miraidon|Dazzling Gleam|p2b: Tatsugiri|[spread] \n|-activate|p2a: Zacian|move: Protect\n|-activate|p2b: Tatsugiri|move: Protect\n|\n|upkeep\n|turn|8\n|\n|t:|1774589198\n|move|p1a: Miraidon|Dazzling Gleam|p2b: Tatsugiri|[spread] p2a,p2b\n|-resisted|p2a: Zacian\n|-supereffective|p2b: Tatsugiri\n|-damage|p2a: Zacian|76/100\n|-enditem|p2b: Tatsugiri|Focus Sash\n|-damage|p2b: Tatsugiri|1/100\n|move|p2a: Zacian|Play Rough|p1a: Miraidon\n|-damage|p1a: Miraidon|45/100\n|move|p2b: Tatsugiri|Muddy Water|p1a: Miraidon|[spread] p1a,p1b\n|-supereffective|p1b: Incineroar\n|-damage|p1a: Miraidon|12/100\n|-damage|p1b: Incineroar|0 fnt\n|-unboost|p1a: Miraidon|accuracy|1\n|faint|p1b: Incineroar\n|\n|-sideend|p1: ev_evan|move: Tailwind\n|upkeep\n|\n|t:|1774589210\n|switch|p1b: Raging Bolt|Raging Bolt, L50|100/100\n|turn|9\n|\n|t:|1774589232\n|move|p2a: Zacian|Protect|p2a: Zacian\n|-singleturn|p2a: Zacian|Protect\n|move|p1a: Miraidon|Dazzling Gleam|p2a: Zacian|[spread] p2b\n|-activate|p2a: Zacian|move: Protect\n|-supereffective|p2b: Tatsugiri\n|-damage|p2b: Tatsugiri|0 fnt\n|faint|p2b: Tatsugiri\n|move|p1b: Raging Bolt|Rising Voltage|p2a: Zacian\n|-activate|p2a: Zacian|move: Protect\n|\n|upkeep\n|\n|t:|1774589236\n|switch|p2b: Annihilape|Annihilape, L50, M|100/100\n|turn|10\n|\n|t:|1774589242\n|move|p1b: Raging Bolt|Thunderclap|p2a: Zacian\n|-damage|p2a: Zacian|23/100\n|move|p2b: Annihilape|Close Combat|p1a: Miraidon\n|-damage|p1a: Miraidon|0 fnt\n|-unboost|p2b: Annihilape|def|1\n|-unboost|p2b: Annihilape|spd|1\n|faint|p1a: Miraidon\n|move|p2a: Zacian|Play Rough|p1b: Raging Bolt\n|-supereffective|p1b: Raging Bolt\n|-damage|p1b: Raging Bolt|15/100\n|\n|upkeep\n|turn|11\n|\n|t:|1774589258\n|move|p1b: Raging Bolt|Thunderclap|p2b: Annihilape\n|-damage|p2b: Annihilape|18/100\n|move|p2b: Annihilape|Close Combat|p1b: Raging Bolt\n|-damage|p1b: Raging Bolt|0 fnt\n|-unboost|p2b: Annihilape|def|1\n|-unboost|p2b: Annihilape|spd|1\n|faint|p1b: Raging Bolt\n|-end|p1b: Raging Bolt|Protosynthesis|[silent]\n|\n|win|pigs2fly\n|raw|ev_evan's rating: 1358 &rarr; <strong>1348</strong><br />(-10 for losing)\n|raw|pigs2fly's rating: 1553 &rarr; <strong>1563</strong><br />(+10 for winning)\n|l|\u2606ev_evan\n|player|p1|\n|l|\u2606pigs2fly\n|player|p2|\n","uploadtime":1774589493,"views":12,"formatid":"gen9vgc2026regi","rating":1348,"private":0,"password":null}