{"id":"gen9vgc2026regi-2580810897","format":"[Gen 9] VGC 2026 Reg I","players":["ItsLeviosaStpItRon","BiscuitAUS"],"log":"|j|\u2606ItsLeviosaStpItRon\n|j|\u2606BiscuitAUS\n|t:|1775934370\n|gametype|doubles\n|player|p1|ItsLeviosaStpItRon|psychic-gen4|1397\n|player|p2|BiscuitAUS|skierf|1478\n|gen|9\n|tier|[Gen 9] VGC 2026 Reg I\n|rated|\n|rule|Species Clause: Limit one of each Pok\u00e9mon\n|rule|Item Clause: Limit 1 of each item\n|clearpoke\n|poke|p1|Koraidon, L50|\n|poke|p1|Lunala, L50|\n|poke|p1|Brute Bonnet, L50|\n|poke|p1|Ursaluna, L50, M|\n|poke|p1|Chi-Yu, L50|\n|poke|p1|Flutter Mane, L50|\n|poke|p2|Incineroar, L50, M|\n|poke|p2|Tyranitar, L50, F|\n|poke|p2|Miraidon, L50|\n|poke|p2|Iron Hands, L50|\n|poke|p2|Grimmsnarl, L50, M|\n|poke|p2|Ho-Oh, L50|\n|teampreview|4\n|inactive|Battle timer is ON: inactive players will automatically lose when time's up. (requested by BiscuitAUS)\n|inactive|ItsLeviosaStpItRon has 60 seconds left.\n|inactive|BiscuitAUS has 60 seconds left.\n|\n|t:|1775934416\n|teamsize|p1|4\n|teamsize|p2|4\n|start\n|switch|p1a: Not Leviosaaaa|Lunala, L50|100/100\n|switch|p1b: Stop It Ron|Brute Bonnet, L50|100/100\n|switch|p2a: Miraidon|Miraidon, L50, shiny|100/100\n|switch|p2b: Devin Gabel|Ho-Oh, L50, shiny|100/100\n|-fieldstart|move: Electric Terrain|[from] ability: Hadron Engine|[of] p2a: Miraidon\n|turn|1\n|j| dexpolg\n|l| dexpolg\n|\n|t:|1775934441\n|move|p1b: Stop It Ron|Rage Powder|p1b: Stop It Ron\n|-singleturn|p1b: Stop It Ron|move: Rage Powder\n|move|p2a: Miraidon|Dazzling Gleam|p1b: Stop It Ron|[spread] p1a,p1b\n|-supereffective|p1b: Stop It Ron\n|-damage|p1a: Not Leviosaaaa|87/100\n|-damage|p1b: Stop It Ron|37/100\n|-enditem|p1b: Stop It Ron|Sitrus Berry|[eat]\n|-heal|p1b: Stop It Ron|62/100|[from] item: Sitrus Berry\n|move|p2b: Devin Gabel|Sacred Fire|p1b: Stop It Ron\n|-supereffective|p1b: Stop It Ron\n|-damage|p1b: Stop It Ron|0 fnt\n|faint|p1b: Stop It Ron\n|-end|p1b: Stop It Ron|Protosynthesis|[silent]\n|move|p1a: Not Leviosaaaa|Trick Room|p1a: Not Leviosaaaa\n|-fieldstart|move: Trick Room|[of] p1a: Not Leviosaaaa\n|\n|upkeep\n|\n|t:|1775934454\n|switch|p1b: Hahah\u00e1|Ursaluna, L50, M|100/100\n|turn|2\n|\n|t:|1775934463\n|switch|p2a: Tizoc|Incineroar, L50, M, shiny|100/100\n|-ability|p2a: Tizoc|Intimidate|boost\n|-unboost|p1a: Not Leviosaaaa|atk|1\n|-unboost|p1b: Hahah\u00e1|atk|1\n|move|p1b: Hahah\u00e1|Headlong Rush|p2a: Tizoc\n|-supereffective|p2a: Tizoc\n|-damage|p2a: Tizoc|34/100\n|-unboost|p1b: Hahah\u00e1|def|1\n|-unboost|p1b: Hahah\u00e1|spd|1\n|-damage|p1b: Hahah\u00e1|84/100|[from] item: Rocky Helmet|[of] p2a: Tizoc\n|move|p2b: Devin Gabel|Sacred Fire|p1a: Not Leviosaaaa\n|-damage|p1a: Not Leviosaaaa|47/100\n|move|p1a: Not Leviosaaaa|Meteor Beam||[still]\n|-prepare|p1a: Not Leviosaaaa|Meteor Beam\n|-boost|p1a: Not Leviosaaaa|spa|1\n|-enditem|p1a: Not Leviosaaaa|Power Herb\n|-anim|p1a: Not Leviosaaaa|Meteor Beam|p2b: Devin Gabel\n|-supereffective|p2b: Devin Gabel\n|-damage|p2b: Devin Gabel|0 fnt\n|faint|p2b: Devin Gabel\n|\n|-status|p1b: Hahah\u00e1|brn|[from] item: Flame Orb\n|upkeep\n|\n|t:|1775934479\n|switch|p2b: Tyranitar|Tyranitar, L50, F, shiny|100/100\n|-weather|Sandstorm|[from] ability: Sand Stream|[of] p2b: Tyranitar\n|turn|3\n|\n|t:|1775934489\n|-terastallize|p1b: Hahah\u00e1|Ghost\n|move|p2a: Tizoc|Fake Out|p1b: Hahah\u00e1\n|-immune|p1b: Hahah\u00e1\n|move|p1a: Not Leviosaaaa|Wide Guard|p1a: Not Leviosaaaa\n|-singleturn|p1a: Not Leviosaaaa|Wide Guard\n|move|p1b: Hahah\u00e1|Earthquake|p2a: Tizoc|[spread] p2a,p2b\n|-activate|p1a: Not Leviosaaaa|move: Wide Guard\n|-supereffective|p2a: Tizoc\n|-supereffective|p2b: Tyranitar\n|-damage|p2a: Tizoc|0 fnt\n|-damage|p2b: Tyranitar|29/100\n|faint|p2a: Tizoc\n|move|p2b: Tyranitar|Rock Slide|p1a: Not Leviosaaaa|[spread] \n|-activate|p1a: Not Leviosaaaa|move: Wide Guard\n|-activate|p1b: Hahah\u00e1|move: Wide Guard\n|\n|-weather|Sandstorm|[upkeep]\n|-damage|p1b: Hahah\u00e1|78/100 brn|[from] Sandstorm\n|-damage|p1a: Not Leviosaaaa|41/100|[from] Sandstorm\n|-damage|p1b: Hahah\u00e1|72/100 brn|[from] brn\n|upkeep\n|\n|t:|1775934497\n|switch|p2a: Miraidon|Miraidon, L50, shiny|100/100\n|-activate|p2a: Miraidon|ability: Hadron Engine\n|turn|4\n|\n|t:|1775934513\n|-terastallize|p2b: Tyranitar|Flying\n|move|p1a: Not Leviosaaaa|Wide Guard|p1a: Not Leviosaaaa\n|-singleturn|p1a: Not Leviosaaaa|Wide Guard\n|move|p1b: Hahah\u00e1|Earthquake|p2b: Tyranitar|[spread] p2a\n|-activate|p1a: Not Leviosaaaa|move: Wide Guard\n|-immune|p2b: Tyranitar\n|-supereffective|p2a: Miraidon\n|-damage|p2a: Miraidon|11/100\n|move|p2b: Tyranitar|Knock Off|p1b: Hahah\u00e1\n|-supereffective|p1b: Hahah\u00e1\n|-damage|p1b: Hahah\u00e1|0 fnt\n|-enditem|p1b: Hahah\u00e1|Flame Orb|[from] move: Knock Off|[of] p2b: Tyranitar\n|faint|p1b: Hahah\u00e1\n|move|p2a: Miraidon|Electro Drift|p1a: Not Leviosaaaa\n|-damage|p1a: Not Leviosaaaa|0 fnt\n|faint|p1a: Not Leviosaaaa\n|\n|-weather|Sandstorm|[upkeep]\n|-damage|p2b: Tyranitar|23/100|[from] Sandstorm\n|-damage|p2a: Miraidon|4/100|[from] Sandstorm\n|upkeep\n|\n|t:|1775934531\n|switch|p1b: It's|Koraidon, L50|100/100\n|-weather|SunnyDay|[from] ability: Orichalcum Pulse|[of] p1b: It's\n|-activate|p1b: It's|Orichalcum Pulse|[source]\n|turn|5\n|\n|t:|1775934542\n|move|p2b: Tyranitar|Tera Blast|p1b: It's|[anim] Tera Blast Flying\n|-supereffective|p1b: It's\n|-damage|p1b: It's|14/100\n|move|p1b: It's|Flame Charge|p2b: Tyranitar\n|-damage|p2b: Tyranitar|0 fnt\n|-boost|p1b: It's|spe|1\n|faint|p2b: Tyranitar\n|-damage|p1b: It's|4/100|[from] item: Life Orb\n|move|p2a: Miraidon|Electro Drift|p1b: It's\n|-resisted|p1b: It's\n|-damage|p1b: It's|0 fnt\n|faint|p1b: It's\n|\n|win|BiscuitAUS\n|raw|ItsLeviosaStpItRon's rating: 1397 &rarr; <strong>1382</strong><br />(-15 for losing)\n|raw|BiscuitAUS's rating: 1478 &rarr; <strong>1493</strong><br />(+15 for winning)\n","uploadtime":1775934678,"views":13,"formatid":"gen9vgc2026regi","rating":1382,"private":0,"password":null}