{"id":"gen9vgc2026regi-2578190712","format":"[Gen 9] VGC 2026 Reg I","players":["Scatola7","blackred123"],"log":"|j|\u2606Scatola7\n|j|\u2606blackred123\n|t:|1775657494\n|gametype|doubles\n|player|p1|Scatola7|2|1447\n|player|p2|blackred123|iono-masters|1557\n|gen|9\n|tier|[Gen 9] VGC 2026 Reg I\n|rated|\n|rule|Species Clause: Limit one of each Pok\u00e9mon\n|rule|Item Clause: Limit 1 of each item\n|clearpoke\n|poke|p1|Calyrex-Ice, L50|\n|poke|p1|Scraggy, L50, M|\n|poke|p1|Miraidon, L50|\n|poke|p1|Farigiraf, L50, F|\n|poke|p1|Iron Treads, L50|\n|poke|p1|Iron Hands, L50|\n|poke|p2|Incineroar, L50, M|\n|poke|p2|Miraidon, L50|\n|poke|p2|Calyrex-Ice, L50|\n|poke|p2|Urshifu-*, L50, M|\n|poke|p2|Landorus, L50, M|\n|poke|p2|Amoonguss, L50, F|\n|teampreview|4\n|inactive|Battle timer is ON: inactive players will automatically lose when time's up. (requested by blackred123)\n|inactive|Scatola7 has 60 seconds left.\n|\n|t:|1775657549\n|teamsize|p1|4\n|teamsize|p2|4\n|start\n|switch|p1a: Calyrex|Calyrex-Ice, L50|100/100\n|switch|p1b: Scraggy|Scraggy, L50, M|100/100\n|switch|p2a: Calyrex|Calyrex-Ice, L50|100/100\n|switch|p2b: Landorus|Landorus, L50, M|100/100\n|-ability|p2a: Calyrex|As One\n|-ability|p2a: Calyrex|Unnerve\n|-ability|p1a: Calyrex|As One\n|-ability|p1a: Calyrex|Unnerve\n|-ability|p1b: Scraggy|Intimidate|boost\n|-unboost|p2a: Calyrex|atk|1\n|-unboost|p2b: Landorus|atk|1\n|turn|1\n|\n|t:|1775657574\n|switch|p2a: Incineroar|Incineroar, L50, M|100/100\n|-ability|p2a: Incineroar|Intimidate|boost\n|-fail|p1a: Calyrex|unboost|[from] item: Clear Amulet|[of] p1a: Calyrex\n|-unboost|p1b: Scraggy|atk|1\n|move|p1b: Scraggy|Fake Out|p2a: Incineroar\n|-damage|p2a: Incineroar|96/100\n|move|p2b: Landorus|Sandsear Storm|p1a: Calyrex|[spread] p1a,p1b\n|-damage|p1a: Calyrex|60/100\n|-damage|p1b: Scraggy|48/100\n|move|p1a: Calyrex|Glacial Lance|p2b: Landorus|[spread] p2a,p2b\n|-resisted|p2a: Incineroar\n|-supereffective|p2b: Landorus\n|-damage|p2a: Incineroar|72/100\n|-damage|p2b: Landorus|0 fnt\n|faint|p2b: Landorus\n|-ability|p1a: Calyrex|Chilling Neigh|boost\n|-boost|p1a: Calyrex|atk|1\n|\n|upkeep\n|\n|t:|1775657592\n|switch|p2b: Miraidon|Miraidon, L50|100/100\n|-fieldstart|move: Electric Terrain|[from] ability: Hadron Engine|[of] p2b: Miraidon\n|turn|2\n|\n|t:|1775657621\n|move|p1a: Calyrex|Protect|p1a: Calyrex\n|-singleturn|p1a: Calyrex|Protect\n|move|p2b: Miraidon|Volt Switch|p1b: Scraggy\n|-damage|p1b: Scraggy|0 fnt\n|faint|p1b: Scraggy\n|\n|t:|1775657626\n|switch|p2b: Calyrex|Calyrex-Ice, L50|100/100|[from] Volt Switch\n|-ability|p2b: Calyrex|As One\n|-ability|p2b: Calyrex|Unnerve\n|move|p2a: Incineroar|U-turn|p1a: Calyrex\n|-activate|p1a: Calyrex|move: Protect\n|\n|upkeep\n|inactive|Scatola7 has 30 seconds left.\n|\n|t:|1775657653\n|switch|p1b: Miraidon|Miraidon, L50|100/100\n|-activate|p1b: Miraidon|ability: Hadron Engine\n|turn|3\n|\n|t:|1775657668\n|move|p1b: Miraidon|Volt Switch|p2a: Incineroar\n|-damage|p2a: Incineroar|19/100\n|\n|t:|1775657671\n|switch|p1b: Iron Treads|Iron Treads, L50|100/100|[from] Volt Switch\n|-activate|p1b: Iron Treads|ability: Quark Drive\n|-start|p1b: Iron Treads|quarkdrivespe\n|move|p2b: Calyrex|Leech Seed|p1a: Calyrex\n|-start|p1a: Calyrex|move: Leech Seed\n|move|p2a: Incineroar|Knock Off|p1b: Iron Treads\n|-damage|p1b: Iron Treads|66/100\n|-enditem|p1b: Iron Treads|Life Orb|[from] move: Knock Off|[of] p2a: Incineroar\n|move|p1a: Calyrex|Glacial Lance|p2a: Incineroar|[spread] p2a,p2b\n|-resisted|p2a: Incineroar\n|-resisted|p2b: Calyrex\n|-damage|p2a: Incineroar|0 fnt\n|-damage|p2b: Calyrex|74/100\n|faint|p2a: Incineroar\n|-ability|p1a: Calyrex|Chilling Neigh|boost\n|-boost|p1a: Calyrex|atk|1\n|\n|-heal|p2b: Calyrex|80/100|[from] item: Leftovers\n|-damage|p1a: Calyrex|48/100|[from] Leech Seed|[of] p2b: Calyrex\n|-heal|p2b: Calyrex|92/100|[silent]\n|upkeep\n|\n|t:|1775657685\n|switch|p2a: Miraidon|Miraidon, L50|100/100\n|-activate|p2a: Miraidon|ability: Hadron Engine\n|turn|4\n|inactive|blackred123 has 30 seconds left.\n|\n|t:|1775657711\n|-terastallize|p2a: Miraidon|Electric\n|move|p1b: Iron Treads|Protect|p1b: Iron Treads\n|-singleturn|p1b: Iron Treads|Protect\n|move|p1a: Calyrex|Protect|p1a: Calyrex\n|-singleturn|p1a: Calyrex|Protect\n|move|p2a: Miraidon|Draco Meteor|p1b: Iron Treads\n|-activate|p1b: Iron Treads|move: Protect\n|move|p2b: Calyrex|Glacial Lance|p1a: Calyrex|[spread] \n|-activate|p1a: Calyrex|move: Protect\n|-activate|p1b: Iron Treads|move: Protect\n|\n|-heal|p2b: Calyrex|98/100|[from] item: Leftovers\n|-damage|p1a: Calyrex|36/100|[from] Leech Seed|[of] p2b: Calyrex\n|-heal|p2b: Calyrex|100/100|[silent]\n|upkeep\n|turn|5\n|\n|t:|1775657723\n|-terastallize|p1b: Iron Treads|Ground\n|move|p1b: Iron Treads|High Horsepower|p2a: Miraidon\n|-supereffective|p2a: Miraidon\n|-damage|p2a: Miraidon|0 fnt\n|faint|p2a: Miraidon\n|move|p1a: Calyrex|High Horsepower|p2b: Calyrex\n|-damage|p2b: Calyrex|53/100\n|move|p2b: Calyrex|Trick Room|p2b: Calyrex\n|-fieldstart|move: Trick Room|[of] p2b: Calyrex\n|\n|-heal|p2b: Calyrex|59/100|[from] item: Leftovers\n|-damage|p1a: Calyrex|24/100|[from] Leech Seed|[of] p2b: Calyrex\n|-heal|p2b: Calyrex|71/100|[silent]\n|upkeep\n|turn|6\n|j| touchdownJulio\n|\n|t:|1775657744\n|move|p2b: Calyrex|Protect|p2b: Calyrex\n|-singleturn|p2b: Calyrex|Protect\n|move|p1b: Iron Treads|Protect|p1b: Iron Treads\n|-singleturn|p1b: Iron Treads|Protect\n|move|p1a: Calyrex|High Horsepower|p2b: Calyrex\n|-activate|p2b: Calyrex|move: Protect\n|\n|-heal|p2b: Calyrex|77/100|[from] item: Leftovers\n|-damage|p1a: Calyrex|12/100|[from] Leech Seed|[of] p2b: Calyrex\n|-heal|p2b: Calyrex|89/100|[silent]\n|-fieldend|move: Electric Terrain\n|-end|p1b: Iron Treads|Quark Drive\n|upkeep\n|turn|7\n|\n|t:|1775657760\n|-end|p1b: Iron Treads|Quark Drive|[silent]\n|switch|p1b: Miraidon|Miraidon, L50|100/100\n|-fieldstart|move: Electric Terrain|[from] ability: Hadron Engine|[of] p1b: Miraidon\n|move|p1a: Calyrex|Protect|p1a: Calyrex\n|-singleturn|p1a: Calyrex|Protect\n|move|p2b: Calyrex|Glacial Lance|p1b: Miraidon|[spread] p1b\n|-activate|p1a: Calyrex|move: Protect\n|-supereffective|p1b: Miraidon\n|-damage|p1b: Miraidon|0 fnt\n|faint|p1b: Miraidon\n|-ability|p2b: Calyrex|Chilling Neigh|boost\n|-boost|p2b: Calyrex|atk|1\n|\n|-heal|p2b: Calyrex|95/100|[from] item: Leftovers\n|-damage|p1a: Calyrex|0 fnt|[from] Leech Seed|[of] p2b: Calyrex\n|-heal|p2b: Calyrex|100/100|[silent]\n|faint|p1a: Calyrex\n|upkeep\n|-message|Scatola7 forfeited.\n|\n|win|blackred123\n|raw|Scatola7's rating: 1461 &rarr; <strong>1446</strong><br />(-15 for losing)\n|raw|blackred123's rating: 1557 &rarr; <strong>1572</strong><br />(+15 for winning)\n|l|\u2606Scatola7\n|player|p1|\n|l|\u2606blackred123\n|player|p2|\n|l| touchdownJulio\n","uploadtime":1775658027,"views":7,"formatid":"gen9vgc2026regi","rating":1446,"private":0,"password":null}