{"id":"gen9vgc2026regi-2515207344","format":"[Gen 9] VGC 2026 Reg I","players":["Unskilled99","dasabe\u76d6\u6b27\u5361\u4fa0"],"log":"|j|\u2606Unskilled99\n|j|\u2606dasabe\u76d6\u6b27\u5361\u4fa0\n|t:|1767968158\n|gametype|doubles\n|player|p1|Unskilled99|unknown|1306\n|player|p2|dasabe\u76d6\u6b27\u5361\u4fa0|may-masters4|1420\n|gen|9\n|tier|[Gen 9] VGC 2026 Reg I\n|rated|\n|rule|Species Clause: Limit one of each Pok\u00e9mon\n|rule|Item Clause: Limit 1 of each item\n|clearpoke\n|poke|p1|Calyrex-Shadow, L50|\n|poke|p1|Zamazenta-*, L50|\n|poke|p1|Chien-Pao, L50|\n|poke|p1|Dragonite, L50, M|\n|poke|p1|Raging Bolt, L50|\n|poke|p1|Amoonguss, L50, F|\n|poke|p2|Calyrex-Ice, L50|\n|poke|p2|Kyogre, L50|\n|poke|p2|Smeargle, L50, M|\n|poke|p2|Rillaboom, L50, F|\n|poke|p2|Urshifu-*, L50, M|\n|poke|p2|Landorus, L50, M|\n|teampreview|4\n|\n|t:|1767968206\n|teamsize|p1|4\n|teamsize|p2|4\n|start\n|switch|p1a: Dragonite|Dragonite, L50, M|100/100\n|switch|p1b: Chien-Pao|Chien-Pao, L50|100/100\n|switch|p2a: \u9e7f\u51a0\u738b|Calyrex-Ice, L50|100/100\n|switch|p2b: \u5c0f\u7b14\u7ea2\u80bf|Smeargle, L50, M, shiny|100/100\n|-ability|p2a: \u9e7f\u51a0\u738b|As One\n|-ability|p2a: \u9e7f\u51a0\u738b|Unnerve\n|-ability|p1b: Chien-Pao|Sword of Ruin\n|turn|1\n|\n|t:|1767968221\n|move|p2b: \u5c0f\u7b14\u7ea2\u80bf|Fake Out|p1b: Chien-Pao\n|-damage|p1b: Chien-Pao|94/100\n|move|p1a: Dragonite|Extreme Speed|p2b: \u5c0f\u7b14\u7ea2\u80bf\n|-enditem|p2b: \u5c0f\u7b14\u7ea2\u80bf|Focus Sash\n|-damage|p2b: \u5c0f\u7b14\u7ea2\u80bf|1/100\n|cant|p1b: Chien-Pao|flinch\n|move|p2a: \u9e7f\u51a0\u738b|Glacial Lance|p1b: Chien-Pao|[spread] p1a,p1b\n|-supereffective|p1a: Dragonite\n|-resisted|p1b: Chien-Pao\n|-damage|p1a: Dragonite|0 fnt\n|-damage|p1b: Chien-Pao|59/100\n|faint|p1a: Dragonite\n|-ability|p2a: \u9e7f\u51a0\u738b|Chilling Neigh|boost\n|-boost|p2a: \u9e7f\u51a0\u738b|atk|1\n|\n|-ability|p2b: \u5c0f\u7b14\u7ea2\u80bf|Moody|boost\n|-boost|p2b: \u5c0f\u7b14\u7ea2\u80bf|def|2\n|-unboost|p2b: \u5c0f\u7b14\u7ea2\u80bf|spe|1\n|upkeep\n|\n|t:|1767968243\n|switch|p1a: Zamazenta|Zamazenta-Crowned, L50|100/100\n|-ability|p1a: Zamazenta|Dauntless Shield|boost\n|-boost|p1a: Zamazenta|def|1\n|turn|2\n|\n|t:|1767968250\n|move|p2b: \u5c0f\u7b14\u7ea2\u80bf|Follow Me|p2b: \u5c0f\u7b14\u7ea2\u80bf\n|-singleturn|p2b: \u5c0f\u7b14\u7ea2\u80bf|move: Follow Me\n|move|p1b: Chien-Pao|Icy Wind|p2b: \u5c0f\u7b14\u7ea2\u80bf|[spread] p2a,p2b\n|-resisted|p2a: \u9e7f\u51a0\u738b\n|-damage|p2a: \u9e7f\u51a0\u738b|97/100\n|-damage|p2b: \u5c0f\u7b14\u7ea2\u80bf|0 fnt\n|-unboost|p2a: \u9e7f\u51a0\u738b|spe|1\n|faint|p2b: \u5c0f\u7b14\u7ea2\u80bf\n|move|p1a: Zamazenta|Body Press|p2a: \u9e7f\u51a0\u738b\n|-damage|p2a: \u9e7f\u51a0\u738b|42/100\n|move|p2a: \u9e7f\u51a0\u738b|Trick Room|p2a: \u9e7f\u51a0\u738b\n|-fieldstart|move: Trick Room|[of] p2a: \u9e7f\u51a0\u738b\n|\n|-heal|p2a: \u9e7f\u51a0\u738b|47/100|[from] item: Leftovers\n|upkeep\n|\n|t:|1767968257\n|switch|p2b: \u63e1\u8349\u733f|Rillaboom, L50, F|100/100\n|-fieldstart|move: Grassy Terrain|[from] ability: Grassy Surge|[of] p2b: \u63e1\u8349\u733f\n|turn|3\n|\n|t:|1767968279\n|-terastallize|p2a: \u9e7f\u51a0\u738b|Fairy\n|move|p1a: Zamazenta|Wide Guard|p1a: Zamazenta\n|-singleturn|p1a: Zamazenta|Wide Guard\n|move|p2a: \u9e7f\u51a0\u738b|Leech Seed|p1a: Zamazenta|[miss]\n|-miss|p2a: \u9e7f\u51a0\u738b|p1a: Zamazenta\n|move|p2b: \u63e1\u8349\u733f|Wood Hammer|p1b: Chien-Pao\n|-damage|p1b: Chien-Pao|0 fnt\n|faint|p1b: Chien-Pao\n|-damage|p2b: \u63e1\u8349\u733f|85/100|[from] Recoil\n|\n|-heal|p2a: \u9e7f\u51a0\u738b|53/100|[from] Grassy Terrain\n|-heal|p2a: \u9e7f\u51a0\u738b|59/100|[from] item: Leftovers\n|-heal|p2b: \u63e1\u8349\u733f|91/100|[from] Grassy Terrain\n|upkeep\n|\n|t:|1767968288\n|switch|p1b: Calyrex|Calyrex-Shadow, L50|100/100\n|-ability|p1b: Calyrex|As One\n|-ability|p1b: Calyrex|Unnerve\n|turn|4\n|\n|t:|1767968298\n|move|p1b: Calyrex|Protect|p1b: Calyrex\n|-singleturn|p1b: Calyrex|Protect\n|move|p2a: \u9e7f\u51a0\u738b|Leech Seed|p1a: Zamazenta|[miss]\n|-miss|p2a: \u9e7f\u51a0\u738b|p1a: Zamazenta\n|move|p2b: \u63e1\u8349\u733f|Wood Hammer|p1b: Calyrex\n|-activate|p1b: Calyrex|move: Protect\n|move|p1a: Zamazenta|Heavy Slam|p2a: \u9e7f\u51a0\u738b\n|-supereffective|p2a: \u9e7f\u51a0\u738b\n|-damage|p2a: \u9e7f\u51a0\u738b|38/100\n|\n|-heal|p2a: \u9e7f\u51a0\u738b|43/100|[from] Grassy Terrain\n|-heal|p2a: \u9e7f\u51a0\u738b|49/100|[from] item: Leftovers\n|-heal|p2b: \u63e1\u8349\u733f|97/100|[from] Grassy Terrain\n|upkeep\n|turn|5\n|\n|t:|1767968310\n|move|p2a: \u9e7f\u51a0\u738b|Protect|p2a: \u9e7f\u51a0\u738b\n|-singleturn|p2a: \u9e7f\u51a0\u738b|Protect\n|move|p2b: \u63e1\u8349\u733f|Wood Hammer|p1b: Calyrex\n|-damage|p1b: Calyrex|13/100\n|-damage|p2b: \u63e1\u8349\u733f|72/100|[from] Recoil\n|move|p1a: Zamazenta|Body Press|p2b: \u63e1\u8349\u733f\n|-damage|p2b: \u63e1\u8349\u733f|7/100\n|move|p1b: Calyrex|Astral Barrage|p2a: \u9e7f\u51a0\u738b|[spread] p2b\n|-activate|p2a: \u9e7f\u51a0\u738b|move: Protect\n|-damage|p2b: \u63e1\u8349\u733f|0 fnt\n|faint|p2b: \u63e1\u8349\u733f\n|-ability|p1b: Calyrex|Grim Neigh|boost\n|-boost|p1b: Calyrex|spa|1\n|\n|-heal|p2a: \u9e7f\u51a0\u738b|55/100|[from] Grassy Terrain\n|-heal|p2a: \u9e7f\u51a0\u738b|61/100|[from] item: Leftovers\n|-heal|p1b: Calyrex|19/100|[from] Grassy Terrain\n|upkeep\n|\n|t:|1767968313\n|switch|p2b: \u6210\u90fd\u8001\u76d6|Kyogre, L50|100/100\n|-weather|RainDance|[from] ability: Drizzle|[of] p2b: \u6210\u90fd\u8001\u76d6\n|turn|6\n|\n|t:|1767968329\n|-terastallize|p1b: Calyrex|Ghost\n|move|p1a: Zamazenta|Wide Guard|p1a: Zamazenta\n|-singleturn|p1a: Zamazenta|Wide Guard\n|move|p2a: \u9e7f\u51a0\u738b|Leech Seed|p1a: Zamazenta\n|-start|p1a: Zamazenta|move: Leech Seed\n|move|p2b: \u6210\u90fd\u8001\u76d6|Hydro Pump|p1a: Zamazenta\n|-damage|p1a: Zamazenta|0 fnt\n|faint|p1a: Zamazenta\n|move|p1b: Calyrex|Astral Barrage|p2a: \u9e7f\u51a0\u738b|[spread] p2a,p2b\n|-damage|p2a: \u9e7f\u51a0\u738b|0 fnt\n|-damage|p2b: \u6210\u90fd\u8001\u76d6|11/100\n|faint|p2a: \u9e7f\u51a0\u738b\n|-ability|p1b: Calyrex|Grim Neigh|boost\n|-boost|p1b: Calyrex|spa|1\n|\n|-weather|RainDance|[upkeep]\n|-heal|p2b: \u6210\u90fd\u8001\u76d6|17/100|[from] Grassy Terrain\n|-heal|p1b: Calyrex|25/100|[from] Grassy Terrain\n|-fieldend|move: Trick Room\n|upkeep\n|turn|7\n|-message|dasabe\u76d6\u6b27\u5361\u4fa0 forfeited.\n|\n|win|Unskilled99\n|raw|Unskilled99's rating: 1306 &rarr; <strong>1332</strong><br />(+26 for winning)\n|raw|dasabe\u76d6\u6b27\u5361\u4fa0's rating: 1420 &rarr; <strong>1394</strong><br />(-26 for losing)\n|l|\u2606dasabe\u76d6\u6b27\u5361\u4fa0\n|player|p2|\n|l|\u2606Unskilled99\n|player|p1|\n","uploadtime":1767968548,"views":12,"formatid":"gen9vgc2026regi","rating":1332,"private":0,"password":null}