{"id":"gen9vgc2026regi-2521117237","format":"[Gen 9] VGC 2026 Reg I","players":["kojimuranishi","porygon-epilepz"],"log":"|j|\u2606kojimuranishi\n|j|\u2606porygon-epilepz\n|t:|1768732088\n|gametype|doubles\n|player|p1|kojimuranishi|169|1443\n|player|p2|porygon-epilepz|ghetsis-gen5bw|1470\n|gen|9\n|tier|[Gen 9] VGC 2026 Reg I\n|rated|\n|rule|Species Clause: Limit one of each Pok\u00e9mon\n|rule|Item Clause: Limit 1 of each item\n|clearpoke\n|poke|p1|Miraidon, L50|\n|poke|p1|Lunala, L50|\n|poke|p1|Chien-Pao, L50|\n|poke|p1|Dragonite, L50, M|\n|poke|p1|Ursaluna, L50, M|\n|poke|p1|Urshifu-*, L50, F|\n|poke|p2|Incineroar, L50, F|\n|poke|p2|Calyrex-Ice, L50|\n|poke|p2|Rillaboom, L50, M|\n|poke|p2|Smeargle, L50, M|\n|poke|p2|Landorus, L50, M|\n|poke|p2|Koraidon, L50|\n|teampreview|4\n|inactive|Battle timer is ON: inactive players will automatically lose when time's up. (requested by kojimuranishi)\n|\n|t:|1768732120\n|teamsize|p1|4\n|teamsize|p2|4\n|start\n|switch|p1a: Miraidon|Miraidon, L50|100/100\n|switch|p1b: Lunala|Lunala, L50|100/100\n|switch|p2a: Incineroar|Incineroar, L50, F|100/100\n|switch|p2b: Rillaboom|Rillaboom, L50, M|100/100\n|-fieldstart|move: Electric Terrain|[from] ability: Hadron Engine|[of] p1a: Miraidon\n|-fieldstart|move: Grassy Terrain|[from] ability: Grassy Surge|[of] p2b: Rillaboom\n|-ability|p2a: Incineroar|Intimidate|boost\n|-unboost|p1a: Miraidon|atk|1\n|-unboost|p1b: Lunala|atk|1\n|turn|1\n|\n|t:|1768732145\n|move|p2b: Rillaboom|Fake Out|p1a: Miraidon\n|-damage|p1a: Miraidon|87/100\n|cant|p1a: Miraidon|flinch\n|move|p1b: Lunala|Meteor Beam||[still]\n|-prepare|p1b: Lunala|Meteor Beam\n|-boost|p1b: Lunala|spa|1\n|-enditem|p1b: Lunala|Power Herb\n|-anim|p1b: Lunala|Meteor Beam|p2a: Incineroar\n|-supereffective|p2a: Incineroar\n|-damage|p2a: Incineroar|0 fnt\n|faint|p2a: Incineroar\n|\n|-heal|p1a: Miraidon|94/100|[from] Grassy Terrain\n|upkeep\n|\n|t:|1768732154\n|switch|p2a: Koraidon|Koraidon, L50|100/100\n|-weather|SunnyDay|[from] ability: Orichalcum Pulse|[of] p2a: Koraidon\n|-activate|p2a: Koraidon|Orichalcum Pulse|[source]\n|turn|2\n|inactive|kojimuranishi has 30 seconds left.\n|\n|t:|1768732180\n|-terastallize|p2a: Koraidon|Fire\n|move|p2b: Rillaboom|Grassy Glide|p1b: Lunala\n|-damage|p1b: Lunala|86/100\n|move|p1a: Miraidon|Draco Meteor|p2a: Koraidon\n|-damage|p2a: Koraidon|39/100\n|-unboost|p1a: Miraidon|spa|2\n|move|p2a: Koraidon|Flare Blitz|p1b: Lunala\n|-damage|p1b: Lunala|0 fnt\n|faint|p1b: Lunala\n|-damage|p2a: Koraidon|4/100|[from] Recoil\n|\n|-weather|SunnyDay|[upkeep]\n|-heal|p1a: Miraidon|99/100|[from] Grassy Terrain\n|-heal|p2a: Koraidon|10/100|[from] Grassy Terrain\n|upkeep\n|\n|t:|1768732198\n|switch|p1b: Chien-Pao|Chien-Pao, L50|100/100\n|-ability|p1b: Chien-Pao|Sword of Ruin\n|turn|3\n|\n|t:|1768732214\n|move|p1a: Miraidon|Draco Meteor|p2a: Koraidon|[miss]\n|-miss|p1a: Miraidon|p2a: Koraidon\n|move|p1b: Chien-Pao|Ice Spinner|p2b: Rillaboom\n|-supereffective|p2b: Rillaboom\n|-damage|p2b: Rillaboom|0 fnt\n|-fieldend|move: Grassy Terrain\n|faint|p2b: Rillaboom\n|-damage|p1b: Chien-Pao|91/100|[from] item: Life Orb\n|move|p2a: Koraidon|Collision Course|p1a: Miraidon\n|-damage|p1a: Miraidon|0 fnt\n|faint|p1a: Miraidon\n|\n|-weather|SunnyDay|[upkeep]\n|upkeep\n|\n|t:|1768732230\n|switch|p1a: Ursaluna|Ursaluna, L50, M|100/100\n|switch|p2b: Calyrex|Calyrex-Ice, L50|100/100\n|-ability|p2b: Calyrex|As One\n|-ability|p2b: Calyrex|Unnerve\n|turn|4\n|\n|t:|1768732252\n|-terastallize|p1a: Ursaluna|Water\n|move|p1b: Chien-Pao|Sucker Punch|p2a: Koraidon\n|-damage|p2a: Koraidon|0 fnt\n|faint|p2a: Koraidon\n|-damage|p1b: Chien-Pao|81/100|[from] item: Life Orb\n|move|p2b: Calyrex|Glacial Lance|p1a: Ursaluna|[spread] p1a,p1b\n|-resisted|p1a: Ursaluna\n|-resisted|p1b: Chien-Pao\n|-damage|p1a: Ursaluna|75/100\n|-damage|p1b: Chien-Pao|47/100\n|move|p1a: Ursaluna|Rock Slide|p2b: Calyrex\n|-supereffective|p2b: Calyrex\n|-damage|p2b: Calyrex|52/100\n|\n|-weather|SunnyDay|[upkeep]\n|-heal|p2b: Calyrex|58/100|[from] item: Leftovers\n|-status|p1a: Ursaluna|brn|[from] item: Flame Orb\n|upkeep\n|turn|5\n|\n|t:|1768732272\n|move|p1b: Chien-Pao|Crunch|p2b: Calyrex\n|-supereffective|p2b: Calyrex\n|-damage|p2b: Calyrex|0 fnt\n|faint|p2b: Calyrex\n|-damage|p1b: Chien-Pao|37/100|[from] item: Life Orb\n|\n|win|kojimuranishi\n|raw|kojimuranishi's rating: 1443 &rarr; <strong>1465</strong><br />(+22 for winning)\n|raw|porygon-epilepz's rating: 1470 &rarr; <strong>1448</strong><br />(-22 for losing)\n","uploadtime":1768732272,"views":27,"formatid":"gen9vgc2026regi","rating":1448,"private":0,"password":null}