{"id":"gen9vgc2026regi-2536720307","format":"[Gen 9] VGC 2026 Reg I","players":["kazu1003","kojimuranishi"],"log":"|j|\u2606kazu1003\n|j|\u2606kojimuranishi\n|t:|1770730079\n|gametype|doubles\n|player|p1|kazu1003|ethan|1357\n|player|p2|kojimuranishi|101|1469\n|gen|9\n|tier|[Gen 9] VGC 2026 Reg I\n|rated|\n|rule|Species Clause: Limit one of each Pok\u00e9mon\n|rule|Item Clause: Limit 1 of each item\n|clearpoke\n|poke|p1|Miraidon, L50|\n|poke|p1|Calyrex-Ice, L50|\n|poke|p1|Incineroar, L50, M|\n|poke|p1|Urshifu-*, L50, F|\n|poke|p1|Whimsicott, L50, M|\n|poke|p1|Volcarona, L50, F|\n|poke|p2|Whimsicott, L50, M|\n|poke|p2|Chi-Yu, L50|\n|poke|p2|Calyrex-Ice, L50|\n|poke|p2|Miraidon, L50|\n|poke|p2|Ursaluna, L50, F|\n|poke|p2|Torkoal, L50, M|\n|teampreview|4\n|inactive|Battle timer is ON: inactive players will automatically lose when time's up. (requested by kazu1003)\n|j| lunala fairy ghost\n|j| ydtisursjv\n|inactive|kojimuranishi has 60 seconds left.\n|inactive|kojimuranishi has 30 seconds left.\n|inactive|kojimuranishi has 20 seconds left.\n|\n|t:|1770730151\n|teamsize|p1|4\n|teamsize|p2|4\n|start\n|switch|p1a: Miraidon|Miraidon, L50, shiny|100/100\n|switch|p1b: Whimsicott|Whimsicott, L50, M|100/100\n|switch|p2a: Whimsicott|Whimsicott, L50, M|100/100\n|switch|p2b: Calyrex|Calyrex-Ice, L50|100/100\n|-ability|p2b: Calyrex|As One\n|-ability|p2b: Calyrex|Unnerve\n|-fieldstart|move: Electric Terrain|[from] ability: Hadron Engine|[of] p1a: Miraidon\n|turn|1\n|\n|t:|1770730166\n|switch|p1b: Incineroar|Incineroar, L50, M|100/100\n|-ability|p1b: Incineroar|Intimidate|boost\n|-unboost|p2a: Whimsicott|atk|1\n|-unboost|p2b: Calyrex|atk|1\n|switch|p2b: Ursaluna|Ursaluna, L50, F|100/100\n|-terastallize|p1a: Miraidon|Electric\n|move|p1a: Miraidon|Electro Drift|p2b: Ursaluna\n|-immune|p2b: Ursaluna\n|move|p2a: Whimsicott|Trick Room|p2a: Whimsicott\n|-fieldstart|move: Trick Room|[of] p2a: Whimsicott\n|\n|-status|p2b: Ursaluna|brn|[from] item: Flame Orb\n|upkeep\n|turn|2\n|inactive|kojimuranishi has 30 seconds left.\n|inactive|kazu1003 has 30 seconds left.\n|\n|t:|1770730200\n|switch|p1a: Calyrex|Calyrex-Ice, L50|100/100\n|-ability|p1a: Calyrex|As One\n|-ability|p1a: Calyrex|Unnerve\n|move|p2a: Whimsicott|Encore||[still]\n|-fail|p2a: Whimsicott\n|move|p2b: Ursaluna|Facade|p1b: Incineroar\n|-damage|p1b: Incineroar|0 fnt\n|faint|p1b: Incineroar\n|\n|-damage|p2b: Ursaluna|95/100 brn|[from] brn\n|upkeep\n|\n|t:|1770730214\n|switch|p1b: Miraidon|Miraidon, L50, shiny, tera:Electric|100/100\n|-activate|p1b: Miraidon|ability: Hadron Engine\n|turn|3\n|\n|t:|1770730227\n|switch|p2a: Calyrex|Calyrex-Ice, L50|100/100\n|-ability|p2a: Calyrex|As One\n|-ability|p2a: Calyrex|Unnerve\n|-terastallize|p2b: Ursaluna|Water\n|move|p1b: Miraidon|Protect|p1b: Miraidon\n|-singleturn|p1b: Miraidon|Protect\n|move|p2b: Ursaluna|Facade|p1b: Miraidon\n|-activate|p1b: Miraidon|move: Protect\n|move|p1a: Calyrex|Trick Room|p1a: Calyrex\n|-fieldend|move: Trick Room\n|\n|-damage|p2b: Ursaluna|89/100 brn|[from] brn\n|upkeep\n|turn|4\n|\n|t:|1770730248\n|move|p2b: Ursaluna|Protect|p2b: Ursaluna\n|-singleturn|p2b: Ursaluna|Protect\n|move|p1b: Miraidon|Electro Drift|p2b: Ursaluna\n|-activate|p2b: Ursaluna|move: Protect\n|move|p2a: Calyrex|Glacial Lance|p1b: Miraidon|[spread] p1a,p1b\n|-resisted|p1a: Calyrex\n|-damage|p1a: Calyrex|76/100\n|-damage|p1b: Miraidon|18/100\n|move|p1a: Calyrex|High Horsepower|p2a: Calyrex\n|-damage|p2a: Calyrex|72/100\n|\n|-damage|p2b: Ursaluna|83/100 brn|[from] brn\n|upkeep\n|turn|5\n|\n|t:|1770730270\n|move|p1b: Miraidon|Volt Switch|p2a: Calyrex\n|-damage|p2a: Calyrex|0 fnt\n|faint|p2a: Calyrex\n|-damage|p1b: Miraidon|8/100|[from] item: Life Orb\n|\n|t:|1770730273\n|switch|p1b: Whimsicott|Whimsicott, L50, M|100/100|[from] Volt Switch\n|move|p1a: Calyrex|High Horsepower|p2b: Ursaluna\n|-damage|p2b: Ursaluna|53/100 brn\n|move|p2b: Ursaluna|Rock Slide|p1b: Whimsicott|[spread] p1a,p1b\n|-supereffective|p1a: Calyrex\n|-damage|p1a: Calyrex|32/100\n|-damage|p1b: Whimsicott|60/100\n|\n|-damage|p2b: Ursaluna|47/100 brn|[from] brn\n|-fieldend|move: Electric Terrain\n|upkeep\n|inactive|kojimuranishi has 30 seconds left.\n|\n|t:|1770730302\n|switch|p2a: Miraidon|Miraidon, L50|100/100\n|-fieldstart|move: Electric Terrain|[from] ability: Hadron Engine|[of] p2a: Miraidon\n|turn|6\n|\n|t:|1770730319\n|move|p1a: Calyrex|Protect|p1a: Calyrex\n|-singleturn|p1a: Calyrex|Protect\n|move|p1b: Whimsicott|Tailwind|p1b: Whimsicott\n|-sidestart|p1: kazu1003|move: Tailwind\n|move|p2a: Miraidon|Volt Switch|p1a: Calyrex\n|-activate|p1a: Calyrex|move: Protect\n|move|p2b: Ursaluna|Facade|p1b: Whimsicott\n|-damage|p1b: Whimsicott|0 fnt\n|faint|p1b: Whimsicott\n|\n|-damage|p2b: Ursaluna|41/100 brn|[from] brn\n|upkeep\n|\n|t:|1770730322\n|switch|p1b: Miraidon|Miraidon, L50, shiny, tera:Electric|8/100\n|-activate|p1b: Miraidon|ability: Hadron Engine\n|turn|7\n|\n|t:|1770730339\n|move|p2b: Ursaluna|Protect|p2b: Ursaluna\n|-singleturn|p2b: Ursaluna|Protect\n|move|p1b: Miraidon|Draco Meteor|p2a: Miraidon\n|-supereffective|p2a: Miraidon\n|-damage|p2a: Miraidon|0 fnt\n|-unboost|p1b: Miraidon|spa|2\n|faint|p2a: Miraidon\n|-damage|p1b: Miraidon|0 fnt|[from] item: Life Orb\n|faint|p1b: Miraidon\n|move|p1a: Calyrex|High Horsepower|p2b: Ursaluna\n|-activate|p2b: Ursaluna|move: Protect\n|\n|-damage|p2b: Ursaluna|35/100 brn|[from] brn\n|upkeep\n|\n|t:|1770730355\n|switch|p2a: Whimsicott|Whimsicott, L50, M|100/100\n|turn|8\n|\n|t:|1770730368\n|move|p1a: Calyrex|Protect|p1a: Calyrex\n|-singleturn|p1a: Calyrex|Protect\n|move|p2a: Whimsicott|Encore|p1a: Calyrex\n|-activate|p1a: Calyrex|move: Protect\n|move|p2b: Ursaluna|Facade|p1a: Calyrex\n|-activate|p1a: Calyrex|move: Protect\n|\n|-damage|p2b: Ursaluna|29/100 brn|[from] brn\n|upkeep\n|turn|9\n|\n|t:|1770730381\n|move|p2a: Whimsicott|Encore|p1a: Calyrex\n|-start|p1a: Calyrex|Encore\n|move|p1a: Calyrex|Protect|p1a: Calyrex\n|-singleturn|p1a: Calyrex|Protect\n|move|p2b: Ursaluna|Facade|p1a: Calyrex\n|-activate|p1a: Calyrex|move: Protect\n|\n|-damage|p2b: Ursaluna|23/100 brn|[from] brn\n|-sideend|p1: kazu1003|move: Tailwind\n|upkeep\n|turn|10\n|inactive|kazu1003 has 30 seconds left.\n|inactive|kazu1003 has 20 seconds left.\n|inactive|kazu1003 has 15 seconds left.\n|inactive|kazu1003 has 10 seconds left.\n|\n|t:|1770730431\n|move|p1a: Calyrex|Protect|p1a: Calyrex\n|-singleturn|p1a: Calyrex|Protect\n|move|p2a: Whimsicott|Moonblast|p1a: Calyrex\n|-activate|p1a: Calyrex|move: Protect\n|move|p2b: Ursaluna|Facade|p1a: Calyrex\n|-activate|p1a: Calyrex|move: Protect\n|\n|-damage|p2b: Ursaluna|17/100 brn|[from] brn\n|-fieldend|move: Electric Terrain\n|upkeep\n|turn|11\n|\n|t:|1770730444\n|move|p1a: Calyrex|Protect||[still]\n|-fail|p1a: Calyrex\n|move|p2a: Whimsicott|Moonblast|p1a: Calyrex\n|-damage|p1a: Calyrex|7/100\n|move|p2b: Ursaluna|Facade|p1a: Calyrex\n|-damage|p1a: Calyrex|0 fnt\n|faint|p1a: Calyrex\n|\n|win|kojimuranishi\n|raw|kazu1003's rating: 1357 &rarr; <strong>1343</strong><br />(-14 for losing)\n|raw|kojimuranishi's rating: 1469 &rarr; <strong>1483</strong><br />(+14 for winning)\n|l|\u2606kazu1003\n|player|p1|\n","uploadtime":1770730446,"views":15,"formatid":"gen9vgc2026regi","rating":1343,"private":0,"password":null}