{"id":"gen9vgc2026regi-2568551423","format":"[Gen 9] VGC 2026 Reg I","players":["mmml132","sunny_zong2"],"log":"|j|\u203dmmml132\n|j|\u2606sunny_zong2\n|t:|1774594899\n|gametype|doubles\n|player|p1|mmml132|2|1145\n|player|p2|sunny_zong2|266|1154\n|gen|9\n|tier|[Gen 9] VGC 2026 Reg I\n|rated|\n|rule|Species Clause: Limit one of each Pok\u00e9mon\n|rule|Item Clause: Limit 1 of each item\n|clearpoke\n|poke|p1|Amoonguss, L50, F|\n|poke|p1|Calyrex-Ice, L50|\n|poke|p1|Kyogre, L50|\n|poke|p1|Grimmsnarl, L50, M|\n|poke|p1|Flutter Mane, L50|\n|poke|p1|Basculegion, L50, M|\n|poke|p2|Glimmora, L50, F|\n|poke|p2|Eternatus, L50|\n|poke|p2|Miraidon, L50|\n|poke|p2|Regidrago, L50|\n|poke|p2|Grimmsnarl, L50, M|\n|poke|p2|Muk-Alola, L50, M|\n|teampreview|4\n|inactive|Battle timer is ON: inactive players will automatically lose when time's up. (requested by sunny_zong2)\n|inactive|sunny_zong2 has 60 seconds left.\n|\n|t:|1774594949\n|teamsize|p1|4\n|teamsize|p2|4\n|start\n|switch|p1a: Calyrex|Calyrex-Ice, L50|100/100\n|switch|p1b: Grimmsnarl|Grimmsnarl, L50, M|100/100\n|switch|p2a: Muk|Muk-Alola, L50, M|100/100\n|switch|p2b: Grimmsnarl|Grimmsnarl, L50, M|100/100\n|-ability|p1a: Calyrex|As One\n|-ability|p1a: Calyrex|Unnerve\n|turn|1\n|inactive|mmml132 has 30 seconds left.\n|inactive|mmml132 has 20 seconds left.\n|\n|t:|1774594986\n|move|p2b: Grimmsnarl|Fake Out|p1a: Calyrex\n|-damage|p1a: Calyrex|94/100\n|move|p1b: Grimmsnarl|Spirit Break|p2b: Grimmsnarl\n|-supereffective|p2b: Grimmsnarl\n|-damage|p2b: Grimmsnarl|20/100\n|-unboost|p2b: Grimmsnarl|spa|1\n|move|p2a: Muk|Minimize|p2a: Muk\n|-boost|p2a: Muk|evasion|2\n|cant|p1a: Calyrex|flinch\n|\n|-heal|p1a: Calyrex|99/100|[from] item: Leftovers\n|upkeep\n|turn|2\n|\n|t:|1774595007\n|move|p2b: Grimmsnarl|Reflect|p2b: Grimmsnarl\n|-sidestart|p2: sunny_zong2|Reflect\n|move|p1b: Grimmsnarl|Spirit Break|p2b: Grimmsnarl\n|-supereffective|p2b: Grimmsnarl\n|-damage|p2b: Grimmsnarl|0 fnt\n|faint|p2b: Grimmsnarl\n|-ability|p2a: Muk|Prankster|Power of Alchemy|[from] ability: Power of Alchemy|[of] p2b: Grimmsnarl\n|move|p2a: Muk|Minimize|p2a: Muk\n|-boost|p2a: Muk|evasion|2\n|move|p1a: Calyrex|Leech Seed|p2a: Muk\n|-start|p2a: Muk|move: Leech Seed\n|\n|-heal|p1a: Calyrex|100/100|[from] item: Leftovers\n|-damage|p2a: Muk|88/100|[from] Leech Seed|[of] p1a: Calyrex\n|upkeep\n|\n|t:|1774595019\n|switch|p2b: Miraidon|Miraidon, L50|100/100\n|-fieldstart|move: Electric Terrain|[from] ability: Hadron Engine|[of] p2b: Miraidon\n|turn|3\n|\n|t:|1774595032\n|-terastallize|p2b: Miraidon|Fairy\n|move|p1a: Calyrex|Protect|p1a: Calyrex\n|-singleturn|p1a: Calyrex|Protect\n|move|p1b: Grimmsnarl|Light Screen|p1b: Grimmsnarl\n|-sidestart|p1: mmml132|move: Light Screen\n|move|p2a: Muk|Minimize|p2a: Muk\n|-boost|p2a: Muk|evasion|2\n|move|p2b: Miraidon|Dazzling Gleam|p1b: Grimmsnarl|[spread] p1b\n|-activate|p1a: Calyrex|move: Protect\n|-supereffective|p1b: Grimmsnarl\n|-damage|p1b: Grimmsnarl|29/100\n|\n|-heal|p2a: Muk|94/100|[from] item: Black Sludge\n|-damage|p2a: Muk|82/100|[from] Leech Seed|[of] p1a: Calyrex\n|upkeep\n|turn|4\n|inactive|mmml132 has 30 seconds left.\n|j| Aerogood\n|\n|t:|1774595064\n|switch|p2b: Eternatus|Eternatus, L50|100/100\n|-ability|p2b: Eternatus|Pressure\n|move|p1b: Grimmsnarl|Reflect|p1b: Grimmsnarl\n|-sidestart|p1: mmml132|Reflect\n|move|p2a: Muk|Poison Jab|p1b: Grimmsnarl\n|-supereffective|p1b: Grimmsnarl\n|-damage|p1b: Grimmsnarl|0 fnt\n|faint|p1b: Grimmsnarl\n|move|p1a: Calyrex|Leech Seed|p2b: Eternatus\n|-start|p2b: Eternatus|move: Leech Seed\n|\n|-heal|p2a: Muk|88/100|[from] item: Black Sludge\n|-damage|p2b: Eternatus|88/100|[from] Leech Seed|[of] p1a: Calyrex\n|-damage|p2a: Muk|76/100|[from] Leech Seed|[of] p1a: Calyrex\n|upkeep\n|\n|t:|1774595079\n|switch|p1b: Kyogre|Kyogre, L50|100/100\n|-weather|RainDance|[from] ability: Drizzle|[of] p1b: Kyogre\n|turn|5\n|\n|t:|1774595096\n|-terastallize|p1a: Calyrex|Fairy\n|move|p2a: Muk|Protect|p2a: Muk\n|-singleturn|p2a: Muk|Protect\n|move|p2b: Eternatus|Sludge Bomb|p1b: Kyogre\n|-damage|p1b: Kyogre|78/100\n|-status|p1b: Kyogre|psn\n|move|p1b: Kyogre|Water Spout|p2b: Eternatus|[spread] p2b\n|-activate|p2a: Muk|move: Protect\n|-resisted|p2b: Eternatus\n|-damage|p2b: Eternatus|56/100\n|move|p1a: Calyrex|Glacial Lance|p2a: Muk|[spread] p2b\n|-activate|p2a: Muk|move: Protect\n|-supereffective|p2b: Eternatus\n|-damage|p2b: Eternatus|12/100\n|\n|-weather|RainDance|[upkeep]\n|-heal|p2b: Eternatus|18/100|[from] item: Leftovers\n|-heal|p2a: Muk|82/100|[from] item: Black Sludge\n|-damage|p2b: Eternatus|6/100|[from] Leech Seed|[of] p1a: Calyrex\n|-damage|p2a: Muk|70/100|[from] Leech Seed|[of] p1a: Calyrex\n|-damage|p1b: Kyogre|66/100 psn|[from] psn\n|upkeep\n|turn|6\n|inactive|mmml132 has 30 seconds left.\n|\n|t:|1774595128\n|move|p2b: Eternatus|Protect|p2b: Eternatus\n|-singleturn|p2b: Eternatus|Protect\n|move|p1b: Kyogre|Origin Pulse|p2b: Eternatus|[spread] \n|-activate|p2b: Eternatus|move: Protect\n|-miss|p1b: Kyogre|p2a: Muk\n|move|p2a: Muk|Poison Jab|p1b: Kyogre\n|-damage|p1b: Kyogre|44/100 psn\n|move|p1a: Calyrex|Glacial Lance|p2a: Muk|[spread] p2a\n|-activate|p2b: Eternatus|move: Protect\n|-damage|p2a: Muk|45/100\n|\n|-weather|RainDance|[upkeep]\n|-heal|p2b: Eternatus|12/100|[from] item: Leftovers\n|-heal|p2a: Muk|51/100|[from] item: Black Sludge\n|-damage|p2b: Eternatus|0 fnt|[from] Leech Seed|[of] p1a: Calyrex\n|faint|p2b: Eternatus\n|-damage|p2a: Muk|39/100|[from] Leech Seed|[of] p1a: Calyrex\n|-damage|p1b: Kyogre|32/100 psn|[from] psn\n|upkeep\n|\n|t:|1774595134\n|switch|p2b: Miraidon|Miraidon, L50, tera:Fairy|100/100\n|-activate|p2b: Miraidon|ability: Hadron Engine\n|turn|7\n|\n|t:|1774595156\n|move|p2a: Muk|Protect|p2a: Muk\n|-singleturn|p2a: Muk|Protect\n|move|p2b: Miraidon|Dazzling Gleam|p1b: Kyogre|[spread] p1a,p1b\n|-damage|p1a: Calyrex|76/100\n|-damage|p1b: Kyogre|0 fnt\n|faint|p1b: Kyogre\n|move|p1a: Calyrex|Glacial Lance|p2b: Miraidon|[spread] p2b\n|-activate|p2a: Muk|move: Protect\n|-damage|p2b: Miraidon|67/100\n|\n|-weather|RainDance|[upkeep]\n|-heal|p2a: Muk|45/100|[from] item: Black Sludge\n|-heal|p1a: Calyrex|82/100|[from] item: Leftovers\n|-damage|p2a: Muk|33/100|[from] Leech Seed|[of] p1a: Calyrex\n|-heal|p1a: Calyrex|94/100|[silent]\n|-fieldend|move: Electric Terrain\n|upkeep\n|\n|t:|1774595172\n|switch|p1b: Amoonguss|Amoonguss, L50, F|100/100\n|turn|8\n|\n|t:|1774595181\n|move|p1b: Amoonguss|Rage Powder|p1b: Amoonguss\n|-singleturn|p1b: Amoonguss|move: Rage Powder\n|move|p2a: Muk|Rest|p2a: Muk\n|-status|p2a: Muk|slp|[from] move: Rest\n|-heal|p2a: Muk|100/100 slp|[silent]\n|move|p2b: Miraidon|Dazzling Gleam|p1a: Calyrex|[spread] p1a,p1b\n|-resisted|p1b: Amoonguss\n|-damage|p1a: Calyrex|75/100\n|-damage|p1b: Amoonguss|87/100\n|move|p1a: Calyrex|Trick Room|p1a: Calyrex\n|-fieldstart|move: Trick Room|[of] p1a: Calyrex\n|\n|-weather|RainDance|[upkeep]\n|-heal|p1a: Calyrex|81/100|[from] item: Leftovers\n|-damage|p2a: Muk|88/100 slp|[from] Leech Seed|[of] p1a: Calyrex\n|-heal|p1a: Calyrex|94/100|[silent]\n|upkeep\n|turn|9\n|inactive|mmml132 has 30 seconds left.\n|inactive|mmml132 has 20 seconds left.\n|\n|t:|1774595218\n|move|p1b: Amoonguss|Pollen Puff|p2b: Miraidon\n|-resisted|p2b: Miraidon\n|-damage|p2b: Miraidon|59/100\n|move|p1a: Calyrex|Leech Seed|p2b: Miraidon\n|-start|p2b: Miraidon|move: Leech Seed\n|cant|p2a: Muk|slp\n|move|p2b: Miraidon|Dazzling Gleam|p1b: Amoonguss|[spread] p1a,p1b\n|-resisted|p1b: Amoonguss\n|-damage|p1a: Calyrex|74/100\n|-damage|p1b: Amoonguss|75/100\n|\n|-weather|none\n|-heal|p1a: Calyrex|80/100|[from] item: Leftovers\n|-heal|p2a: Muk|94/100 slp|[from] item: Black Sludge\n|-damage|p2a: Muk|82/100 slp|[from] Leech Seed|[of] p1a: Calyrex\n|-heal|p1a: Calyrex|92/100|[silent]\n|-damage|p2b: Miraidon|47/100|[from] Leech Seed|[of] p1a: Calyrex\n|-heal|p1a: Calyrex|100/100|[silent]\n|-sideend|p2: sunny_zong2|Reflect\n|upkeep\n|turn|10\n|\n|t:|1774595239\n|move|p1b: Amoonguss|Spore|p2b: Miraidon\n|-status|p2b: Miraidon|slp|[from] move: Spore\n|move|p1a: Calyrex|Glacial Lance|p2a: Muk|[spread] p2b\n|-miss|p1a: Calyrex|p2a: Muk\n|-damage|p2b: Miraidon|0 fnt\n|faint|p2b: Miraidon\n|-ability|p1a: Calyrex|Chilling Neigh|boost\n|-boost|p1a: Calyrex|atk|1\n|cant|p2a: Muk|slp\n|\n|-heal|p2a: Muk|88/100 slp|[from] item: Black Sludge\n|-damage|p2a: Muk|76/100 slp|[from] Leech Seed|[of] p1a: Calyrex\n|-sideend|p1: mmml132|move: Light Screen\n|upkeep\n|turn|11\n|\n|t:|1774595257\n|-curestatus|p2a: Muk|slp|[msg]\n|move|p2a: Muk|Protect|p2a: Muk\n|-singleturn|p2a: Muk|Protect\n|move|p1b: Amoonguss|Spore|p2a: Muk\n|-activate|p2a: Muk|move: Protect\n|move|p1a: Calyrex|Glacial Lance|p2a: Muk\n|-activate|p2a: Muk|move: Protect\n|\n|-heal|p2a: Muk|82/100|[from] item: Black Sludge\n|-damage|p2a: Muk|70/100|[from] Leech Seed|[of] p1a: Calyrex\n|-sideend|p1: mmml132|Reflect\n|upkeep\n|turn|12\n|\n|t:|1774595274\n|move|p2a: Muk|Rest|p2a: Muk\n|-status|p2a: Muk|slp|[from] move: Rest\n|-heal|p2a: Muk|100/100 slp|[silent]\n|move|p1b: Amoonguss|Spore|p2a: Muk|[miss]\n|-miss|p1b: Amoonguss|p2a: Muk\n|move|p1a: Calyrex|Glacial Lance|p2a: Muk|[miss]\n|-miss|p1a: Calyrex|p2a: Muk\n|\n|-damage|p2a: Muk|88/100 slp|[from] Leech Seed|[of] p1a: Calyrex\n|-fieldend|move: Trick Room\n|upkeep\n|turn|13\n|\n|t:|1774595293\n|cant|p2a: Muk|slp\n|move|p1a: Calyrex|Leech Seed|p2a: Muk|[miss]\n|-miss|p1a: Calyrex|p2a: Muk\n|move|p1b: Amoonguss|Spore|p2a: Muk|[miss]\n|-miss|p1b: Amoonguss|p2a: Muk\n|\n|-heal|p2a: Muk|94/100 slp|[from] item: Black Sludge\n|-damage|p2a: Muk|82/100 slp|[from] Leech Seed|[of] p1a: Calyrex\n|upkeep\n|turn|14\n|\n|t:|1774595312\n|cant|p2a: Muk|slp\n|move|p1a: Calyrex|Leech Seed||[still]\n|-fail|p1a: Calyrex\n|move|p1b: Amoonguss|Pollen Puff|p2a: Muk|[miss]\n|-miss|p1b: Amoonguss|p2a: Muk\n|\n|-heal|p2a: Muk|88/100 slp|[from] item: Black Sludge\n|-damage|p2a: Muk|76/100 slp|[from] Leech Seed|[of] p1a: Calyrex\n|upkeep\n|turn|15\n|\n|t:|1774595327\n|-curestatus|p2a: Muk|slp|[msg]\n|move|p2a: Muk|Minimize|p2a: Muk\n|-boost|p2a: Muk|evasion|0\n|move|p1a: Calyrex|Leech Seed|p2a: Muk|[miss]\n|-miss|p1a: Calyrex|p2a: Muk\n|move|p1b: Amoonguss|Pollen Puff|p2a: Muk|[miss]\n|-miss|p1b: Amoonguss|p2a: Muk\n|\n|-heal|p2a: Muk|82/100|[from] item: Black Sludge\n|-damage|p2a: Muk|70/100|[from] Leech Seed|[of] p1a: Calyrex\n|upkeep\n|turn|16\n|\n|t:|1774595346\n|move|p2a: Muk|Minimize|p2a: Muk\n|-boost|p2a: Muk|evasion|0\n|move|p1a: Calyrex|Leech Seed|p2a: Muk|[miss]\n|-miss|p1a: Calyrex|p2a: Muk\n|move|p1b: Amoonguss|Spore|p2a: Muk|[miss]\n|-miss|p1b: Amoonguss|p2a: Muk\n|\n|-heal|p2a: Muk|76/100|[from] item: Black Sludge\n|-damage|p2a: Muk|64/100|[from] Leech Seed|[of] p1a: Calyrex\n|upkeep\n|turn|17\n|\n|t:|1774595363\n|move|p1a: Calyrex|Protect|p1a: Calyrex\n|-singleturn|p1a: Calyrex|Protect\n|move|p2a: Muk|Minimize|p2a: Muk\n|-boost|p2a: Muk|evasion|0\n|move|p1b: Amoonguss|Spore|p2a: Muk\n|-status|p2a: Muk|slp|[from] move: Spore\n|\n|-heal|p2a: Muk|70/100 slp|[from] item: Black Sludge\n|-damage|p2a: Muk|58/100 slp|[from] Leech Seed|[of] p1a: Calyrex\n|upkeep\n|turn|18\n|\n|t:|1774595379\n|move|p1a: Calyrex|Protect|p1a: Calyrex\n|-singleturn|p1a: Calyrex|Protect\n|cant|p2a: Muk|slp\n|move|p1b: Amoonguss|Pollen Puff|p2a: Muk|[miss]\n|-miss|p1b: Amoonguss|p2a: Muk\n|\n|-heal|p2a: Muk|64/100 slp|[from] item: Black Sludge\n|-damage|p2a: Muk|51/100 slp|[from] Leech Seed|[of] p1a: Calyrex\n|upkeep\n|turn|19\n|\n|t:|1774595401\n|move|p1a: Calyrex|Protect|p1a: Calyrex\n|-singleturn|p1a: Calyrex|Protect\n|cant|p2a: Muk|slp\n|move|p1b: Amoonguss|Spore|p2a: Muk|[miss]\n|-miss|p1b: Amoonguss|p2a: Muk\n|\n|-heal|p2a: Muk|58/100 slp|[from] item: Black Sludge\n|-damage|p2a: Muk|45/100 slp|[from] Leech Seed|[of] p1a: Calyrex\n|upkeep\n|turn|20\n|inactive|mmml132 has 30 seconds left.\n|\n|t:|1774595415\n|move|p1a: Calyrex|Protect||[still]\n|-fail|p1a: Calyrex\n|-curestatus|p2a: Muk|slp|[msg]\n|move|p2a: Muk|Minimize|p2a: Muk\n|-boost|p2a: Muk|evasion|0\n|move|p1b: Amoonguss|Spore|p2a: Muk\n|-status|p2a: Muk|slp|[from] move: Spore\n|\n|-heal|p2a: Muk|51/100 slp|[from] item: Black Sludge\n|-damage|p2a: Muk|39/100 slp|[from] Leech Seed|[of] p1a: Calyrex\n|upkeep\n|turn|21\n|inactive|mmml132 has 30 seconds left this turn.\n|inactive|mmml132 has 20 seconds left.\n|inactive|mmml132 has 15 seconds left.\n|\n|t:|1774595431\n|move|p1a: Calyrex|Protect|p1a: Calyrex\n|-singleturn|p1a: Calyrex|Protect\n|cant|p2a: Muk|slp\n|move|p1b: Amoonguss|Spore|p2a: Muk|[miss]\n|-miss|p1b: Amoonguss|p2a: Muk\n|\n|-heal|p2a: Muk|45/100 slp|[from] item: Black Sludge\n|-damage|p2a: Muk|33/100 slp|[from] Leech Seed|[of] p1a: Calyrex\n|upkeep\n|turn|22\n|inactive|mmml132 has 15 seconds left this turn.\n|inactive|mmml132 has 10 seconds left.\n|inactive|mmml132 has 5 seconds left.\n|\n|t:|1774595441\n|move|p1a: Calyrex|Protect|p1a: Calyrex\n|-singleturn|p1a: Calyrex|Protect\n|move|p1b: Amoonguss|Rage Powder|p1b: Amoonguss\n|-singleturn|p1b: Amoonguss|move: Rage Powder\n|cant|p2a: Muk|slp\n|\n|-heal|p2a: Muk|39/100 slp|[from] item: Black Sludge\n|-damage|p2a: Muk|27/100 slp|[from] Leech Seed|[of] p1a: Calyrex\n|upkeep\n|turn|23\n|inactive|mmml132 has 5 seconds left this turn.\n|-message|mmml132 lost due to inactivity.\n|\n|win|sunny_zong2\n|raw|mmml132's rating: 1145 &rarr; <strong>1121</strong><br />(-24 for losing)\n|raw|sunny_zong2's rating: 1154 &rarr; <strong>1178</strong><br />(+24 for winning)\n|l|\u2606sunny_zong2\n|player|p2|\n|l|\u203dmmml132\n|player|p1|\n","uploadtime":1774595802,"views":10,"formatid":"gen9vgc2026regi","rating":1121,"private":0,"password":null}