{"id":"gen9vgc2026regi-2568138488","format":"[Gen 9] VGC 2026 Reg I","players":["Zorse Mentality","Steeltrainer"],"log":"|j|\u2606Zorse Mentality\n|j|\u2606Steeltrainer\n|t:|1774550337\n|gametype|doubles\n|player|p1|Zorse Mentality|2|1432\n|player|p2|Steeltrainer|266|1441\n|gen|9\n|tier|[Gen 9] VGC 2026 Reg I\n|rated|\n|rule|Species Clause: Limit one of each Pok\u00e9mon\n|rule|Item Clause: Limit 1 of each item\n|clearpoke\n|poke|p1|Miraidon, L50|\n|poke|p1|Tatsugiri, L50, M|\n|poke|p1|Raichu-Alola, L50, F|\n|poke|p1|Dondozo, L50, M|\n|poke|p1|Calyrex-Shadow, L50|\n|poke|p1|Weezing-Galar, L50, M|\n|poke|p2|Calyrex-Shadow, L50|\n|poke|p2|Zamazenta-*, L50|\n|poke|p2|Chien-Pao, L50|\n|poke|p2|Ogerpon-Hearthflame, L50, F|\n|poke|p2|Whimsicott, L50, M|\n|poke|p2|Raging Bolt, L50|\n|teampreview|4\n|\n|t:|1774550350\n|teamsize|p1|4\n|teamsize|p2|4\n|start\n|switch|p1a: Miraidon|Miraidon, L50|100/100\n|switch|p1b: Raichu|Raichu-Alola, L50, F|100/100\n|switch|p2a: Chien-Pao|Chien-Pao, L50|100/100\n|switch|p2b: Zamazenta|Zamazenta-Crowned, L50|100/100\n|-ability|p2a: Chien-Pao|Sword of Ruin\n|-fieldstart|move: Electric Terrain|[from] ability: Hadron Engine|[of] p1a: Miraidon\n|-ability|p2b: Zamazenta|Dauntless Shield|boost\n|-boost|p2b: Zamazenta|def|1\n|turn|1\n|\n|t:|1774550379\n|move|p2a: Chien-Pao|Protect|p2a: Chien-Pao\n|-singleturn|p2a: Chien-Pao|Protect\n|move|p2b: Zamazenta|Protect|p2b: Zamazenta\n|-singleturn|p2b: Zamazenta|Protect\n|move|p1b: Raichu|Fake Out|p2a: Chien-Pao\n|-activate|p2a: Chien-Pao|move: Protect\n|move|p1a: Miraidon|Electro Drift|p2b: Zamazenta\n|-activate|p2b: Zamazenta|move: Protect\n|\n|upkeep\n|turn|2\n|\n|t:|1774550398\n|-terastallize|p2b: Zamazenta|Dragon\n|move|p2a: Chien-Pao|Sucker Punch|p1b: Raichu\n|-supereffective|p1b: Raichu\n|-damage|p1b: Raichu|0 fnt\n|faint|p1b: Raichu\n|move|p1a: Miraidon|Electro Drift|p2b: Zamazenta\n|-resisted|p2b: Zamazenta\n|-damage|p2b: Zamazenta|58/100\n|move|p2b: Zamazenta|Body Press|p1a: Miraidon\n|-damage|p1a: Miraidon|9/100\n|\n|upkeep\n|\n|t:|1774550412\n|switch|p1b: Dondozo|Dondozo, L50, M|100/100\n|turn|3\n|\n|t:|1774550424\n|switch|p2a: Whimsicott|Whimsicott, L50, M|100/100\n|switch|p1a: Tatsugiri|Tatsugiri, L50, M|100/100\n|-activate|p1a: Tatsugiri|ability: Commander|[of] p1b: Dondozo\n|-boost|p1b: Dondozo|atk|2\n|-boost|p1b: Dondozo|spa|2\n|-boost|p1b: Dondozo|spe|2\n|-boost|p1b: Dondozo|def|2\n|-boost|p1b: Dondozo|spd|2\n|move|p2b: Zamazenta|Protect|p2b: Zamazenta\n|-singleturn|p2b: Zamazenta|Protect\n|move|p1b: Dondozo|Earthquake|p2a: Whimsicott|[spread] p2a\n|-miss|p1b: Dondozo|p1a: Tatsugiri\n|-activate|p2b: Zamazenta|move: Protect\n|-resisted|p2a: Whimsicott\n|-damage|p2a: Whimsicott|80/100\n|\n|upkeep\n|turn|4\n|\n|t:|1774550447\n|move|p2b: Zamazenta|Wide Guard|p2b: Zamazenta\n|-singleturn|p2b: Zamazenta|Wide Guard\n|move|p2a: Whimsicott|Encore|p1b: Dondozo\n|-start|p1b: Dondozo|Encore\n|move|p1b: Dondozo|Earthquake|p2b: Zamazenta|[spread] \n|-miss|p1b: Dondozo|p1a: Tatsugiri\n|-activate|p2a: Whimsicott|move: Wide Guard\n|-activate|p2b: Zamazenta|move: Wide Guard\n|\n|upkeep\n|turn|5\n|\n|t:|1774550458\n|move|p2b: Zamazenta|Wide Guard|p2b: Zamazenta\n|-singleturn|p2b: Zamazenta|Wide Guard\n|move|p2a: Whimsicott|Fake Tears|p1b: Dondozo\n|-unboost|p1b: Dondozo|spd|2\n|move|p1b: Dondozo|Earthquake|p2b: Zamazenta|[spread] \n|-miss|p1b: Dondozo|p1a: Tatsugiri\n|-activate|p2a: Whimsicott|move: Wide Guard\n|-activate|p2b: Zamazenta|move: Wide Guard\n|\n|-fieldend|move: Electric Terrain\n|upkeep\n|turn|6\n|\n|t:|1774550470\n|move|p2b: Zamazenta|Wide Guard|p2b: Zamazenta\n|-singleturn|p2b: Zamazenta|Wide Guard\n|move|p2a: Whimsicott|Fake Tears|p1b: Dondozo\n|-unboost|p1b: Dondozo|spd|2\n|move|p1b: Dondozo|Earthquake|p2b: Zamazenta|[spread] \n|-miss|p1b: Dondozo|p1a: Tatsugiri\n|-activate|p2a: Whimsicott|move: Wide Guard\n|-activate|p2b: Zamazenta|move: Wide Guard\n|\n|-end|p1b: Dondozo|Encore\n|upkeep\n|turn|7\n|\n|t:|1774550484\n|switch|p2b: Calyrex|Calyrex-Shadow, L50|100/100\n|-ability|p2b: Calyrex|As One\n|-ability|p2b: Calyrex|Unnerve\n|move|p2a: Whimsicott|Encore|p1b: Dondozo\n|-start|p1b: Dondozo|Encore\n|move|p1b: Dondozo|Earthquake|p2a: Whimsicott|[spread] p2a,p2b\n|-miss|p1b: Dondozo|p1a: Tatsugiri\n|-resisted|p2a: Whimsicott\n|-damage|p2a: Whimsicott|56/100\n|-damage|p2b: Calyrex|60/100\n|\n|upkeep\n|turn|8\n|\n|t:|1774550500\n|move|p2a: Whimsicott|Fake Tears|p1b: Dondozo\n|-unboost|p1b: Dondozo|spd|2\n|move|p2b: Calyrex|Astral Barrage|p1b: Dondozo|[spread] p1b\n|-miss|p2b: Calyrex|p1a: Tatsugiri\n|-damage|p1b: Dondozo|0 fnt\n|faint|p1b: Dondozo\n|-ability|p2b: Calyrex|Grim Neigh|boost\n|-boost|p2b: Calyrex|spa|1\n|-damage|p2b: Calyrex|51/100|[from] item: Life Orb\n|\n|upkeep\n|\n|t:|1774550512\n|switch|p1b: Miraidon|Miraidon, L50|9/100\n|-fieldstart|move: Electric Terrain|[from] ability: Hadron Engine|[of] p1b: Miraidon\n|turn|9\n|\n|t:|1774550518\n|move|p1b: Miraidon|Protect|p1b: Miraidon\n|-singleturn|p1b: Miraidon|Protect\n|move|p2a: Whimsicott|Tailwind|p2a: Whimsicott\n|-sidestart|p2: Steeltrainer|move: Tailwind\n|move|p2b: Calyrex|Astral Barrage|p1b: Miraidon|[spread] p1a\n|-activate|p1b: Miraidon|move: Protect\n|-enditem|p1a: Tatsugiri|Focus Sash\n|-damage|p1a: Tatsugiri|1/100\n|-damage|p2b: Calyrex|41/100|[from] item: Life Orb\n|move|p1a: Tatsugiri|Icy Wind|p2a: Whimsicott|[spread] p2a,p2b\n|-supereffective|p2a: Whimsicott\n|-damage|p2a: Whimsicott|25/100\n|-damage|p2b: Calyrex|28/100\n|-unboost|p2b: Calyrex|spe|1\n|\n|upkeep\n|turn|10\n|\n|t:|1774550543\n|move|p1b: Miraidon|Protect|p1b: Miraidon\n|-singleturn|p1b: Miraidon|Protect\n|move|p2a: Whimsicott|Encore|p1b: Miraidon\n|-activate|p1b: Miraidon|move: Protect\n|move|p2b: Calyrex|Astral Barrage|p1a: Tatsugiri|[spread] p1a\n|-activate|p1b: Miraidon|move: Protect\n|-damage|p1a: Tatsugiri|0 fnt\n|faint|p1a: Tatsugiri\n|-ability|p2b: Calyrex|Grim Neigh|boost\n|-boost|p2b: Calyrex|spa|1\n|-damage|p2b: Calyrex|18/100|[from] item: Life Orb\n|\n|upkeep\n|turn|11\n|-message|Zorse Mentality forfeited.\n|\n|win|Steeltrainer\n|raw|Zorse Mentality's rating: 1432 &rarr; <strong>1413</strong><br />(-19 for losing)\n|raw|Steeltrainer's rating: 1441 &rarr; <strong>1460</strong><br />(+19 for winning)\n|l|\u2606Zorse Mentality\n|player|p1|\n","uploadtime":1774550554,"views":22,"formatid":"gen9vgc2026regi","rating":1413,"private":0,"password":null}