{"id":"gen9vgc2026regi-2522649451","format":"[Gen 9] VGC 2026 Reg I","players":["Pumba-Kun","liam.2025"],"log":"|j|\u2606Pumba-Kun\n|j|\u2606liam.2025\n|t:|1768931359\n|gametype|doubles\n|player|p1|Pumba-Kun|iris-gen5bw2|1379\n|player|p2|liam.2025|policeman|1399\n|gen|9\n|tier|[Gen 9] VGC 2026 Reg I\n|rated|\n|rule|Species Clause: Limit one of each Pok\u00e9mon\n|rule|Item Clause: Limit 1 of each item\n|clearpoke\n|poke|p1|Terapagos, L50, M|\n|poke|p1|Scream Tail, L50|\n|poke|p1|Incineroar, L50, M|\n|poke|p1|Rillaboom, L50, M|\n|poke|p1|Tornadus, L50, M|\n|poke|p1|Amoonguss, L50, M|\n|poke|p2|Murkrow, L50, M|\n|poke|p2|Weezing-Galar, L50, F|\n|poke|p2|Terapagos, L50, M|\n|poke|p2|Smeargle, L50, M|\n|poke|p2|Calyrex-Ice, L50|\n|poke|p2|Ursaluna, L50, M|\n|teampreview|4\n|inactive|Battle timer is ON: inactive players will automatically lose when time's up. (requested by Pumba-Kun)\n|inactive|liam.2025 has 60 seconds left.\n|\n|t:|1768931390\n|teamsize|p1|4\n|teamsize|p2|4\n|start\n|switch|p1a: Autum|Terapagos, L50, M|100/100\n|switch|p1b: Macky|Rillaboom, L50, M|100/100\n|switch|p2a: Murkrow|Murkrow, L50, M|100/100\n|switch|p2b: Calyrex|Calyrex-Ice, L50|100/100\n|-activate|p1a: Autum|ability: Tera Shift\n|detailschange|p1a: Autum|Terapagos-Terastal, L50, M\n|-heal|p1a: Autum|100/100|[silent]\n|-ability|p2b: Calyrex|As One\n|-ability|p2b: Calyrex|Unnerve\n|-fieldstart|move: Grassy Terrain|[from] ability: Grassy Surge|[of] p1b: Macky\n|turn|1\n|\n|t:|1768931410\n|switch|p1b: Wolfey|Incineroar, L50, M|100/100\n|-ability|p1b: Wolfey|Intimidate|boost\n|-unboost|p2a: Murkrow|atk|1\n|-fail|p2b: Calyrex|unboost|[from] item: Clear Amulet|[of] p2b: Calyrex\n|move|p2a: Murkrow|Taunt|p1a: Autum\n|-start|p1a: Autum|move: Taunt\n|cant|p1a: Autum|move: Taunt|Calm Mind\n|move|p2b: Calyrex|Glacial Lance|p1b: Wolfey|[spread] p1a,p1b\n|-activate|p1a: Autum|ability: Tera Shell\n|-resisted|p1a: Autum\n|-resisted|p1b: Wolfey\n|-damage|p1a: Autum|86/100\n|-damage|p1b: Wolfey|84/100\n|\n|-heal|p1a: Autum|93/100|[from] Grassy Terrain\n|-heal|p1b: Wolfey|90/100|[from] Grassy Terrain\n|upkeep\n|turn|2\n|\n|t:|1768931431\n|switch|p1a: Scream Tail|Scream Tail, L50|100/100\n|-enditem|p1a: Scream Tail|Booster Energy\n|-activate|p1a: Scream Tail|ability: Protosynthesis|[fromitem]\n|-start|p1a: Scream Tail|protosynthesisspe\n|move|p2b: Calyrex|High Horsepower|p1b: Wolfey\n|-supereffective|p1b: Wolfey\n|-damage|p1b: Wolfey|36/100\n|move|p2a: Murkrow|Brave Bird|p1b: Wolfey\n|-damage|p1b: Wolfey|7/100\n|-damage|p2a: Murkrow|87/100|[from] Recoil\n|move|p1b: Wolfey|Knock Off|p2b: Calyrex\n|-supereffective|p2b: Calyrex\n|-damage|p2b: Calyrex|50/100\n|-enditem|p2b: Calyrex|Clear Amulet|[from] move: Knock Off|[of] p1b: Wolfey\n|\n|-heal|p2b: Calyrex|56/100|[from] Grassy Terrain\n|-heal|p1b: Wolfey|13/100|[from] Grassy Terrain\n|upkeep\n|turn|3\n|\n|t:|1768931454\n|switch|p1b: Autum|Terapagos-Terastal, L50, M|93/100\n|move|p2a: Murkrow|Tailwind|p2a: Murkrow\n|-sidestart|p2: liam.2025|move: Tailwind\n|move|p1a: Scream Tail|Encore|p2a: Murkrow\n|-start|p2a: Murkrow|Encore\n|move|p2b: Calyrex|Glacial Lance|p1a: Scream Tail|[spread] p1a,p1b\n|-damage|p1a: Scream Tail|66/100\n|-damage|p1b: Autum|59/100\n|\n|-heal|p1a: Scream Tail|72/100|[from] Grassy Terrain\n|-heal|p2b: Calyrex|62/100|[from] Grassy Terrain\n|-heal|p1b: Autum|66/100|[from] Grassy Terrain\n|upkeep\n|turn|4\n|\n|t:|1768931474\n|switch|p2a: Smeargle|Smeargle, L50, M|100/100\n|move|p1a: Scream Tail|Disable|p2b: Calyrex\n|-start|p2b: Calyrex|Disable|Glacial Lance\n|cant|p2b: Calyrex|Disable|Glacial Lance\n|move|p1b: Autum|Calm Mind|p1b: Autum\n|-boost|p1b: Autum|spa|1\n|-boost|p1b: Autum|spd|1\n|\n|-heal|p1a: Scream Tail|78/100|[from] Grassy Terrain\n|-heal|p2b: Calyrex|68/100|[from] Grassy Terrain\n|-heal|p1b: Autum|72/100|[from] Grassy Terrain\n|upkeep\n|turn|5\n|\n|t:|1768931490\n|move|p1b: Autum|Protect|p1b: Autum\n|-singleturn|p1b: Autum|Protect\n|move|p2a: Smeargle|Decorate|p2b: Calyrex\n|-boost|p2b: Calyrex|atk|2\n|-boost|p2b: Calyrex|spa|2\n|move|p1a: Scream Tail|Encore|p2b: Calyrex\n|-start|p2b: Calyrex|Encore\n|cant|p2b: Calyrex|Disable|Glacial Lance\n|\n|-heal|p1a: Scream Tail|84/100|[from] Grassy Terrain\n|-heal|p2b: Calyrex|73/100|[from] Grassy Terrain\n|-heal|p1b: Autum|78/100|[from] Grassy Terrain\n|-fieldend|move: Grassy Terrain\n|upkeep\n|turn|6\n|\n|t:|1768931505\n|switch|p2b: Terapagos|Terapagos, L50, M|100/100\n|-activate|p2b: Terapagos|ability: Tera Shift\n|detailschange|p2b: Terapagos|Terapagos-Terastal, L50, M\n|-heal|p2b: Terapagos|100/100|[silent]\n|-terastallize|p1b: Autum|Stellar\n|detailschange|p1b: Autum|Terapagos-Stellar, L50, M, tera:Stellar\n|-heal|p1b: Autum|84/100|[silent]\n|move|p2a: Smeargle|Decorate|p2b: Terapagos\n|-boost|p2b: Terapagos|atk|2\n|-boost|p2b: Terapagos|spa|2\n|move|p1a: Scream Tail|Encore|p2a: Smeargle\n|-start|p2a: Smeargle|Encore\n|move|p1b: Autum|Tera Starstorm|p2b: Terapagos|[spread] p2a,p2b\n|-activate|p2b: Terapagos|ability: Tera Shell\n|-resisted|p2b: Terapagos\n|-enditem|p2a: Smeargle|Focus Sash\n|-damage|p2a: Smeargle|1/100\n|-damage|p2b: Terapagos|78/100\n|\n|-sideend|p2: liam.2025|move: Tailwind\n|upkeep\n|turn|7\n|inactive|liam.2025 has 30 seconds left.\n|\n|t:|1768931532\n|switch|p2a: Murkrow|Murkrow, L50, M|87/100\n|-terastallize|p2b: Terapagos|Stellar\n|detailschange|p2b: Terapagos|Terapagos-Stellar, L50, M, tera:Stellar\n|-heal|p2b: Terapagos|84/100|[silent]\n|move|p1a: Scream Tail|Protect|p1a: Scream Tail\n|-singleturn|p1a: Scream Tail|Protect\n|move|p1b: Autum|Protect|p1b: Autum\n|-singleturn|p1b: Autum|Protect\n|move|p2b: Terapagos|Tera Starstorm|p1b: Autum|[spread] \n|-activate|p1a: Scream Tail|move: Protect\n|-activate|p1b: Autum|move: Protect\n|\n|upkeep\n|turn|8\n|\n|t:|1768931547\n|move|p2a: Murkrow|Tailwind|p2a: Murkrow\n|-sidestart|p2: liam.2025|move: Tailwind\n|move|p2b: Terapagos|Tera Starstorm|p1a: Scream Tail|[spread] p1a,p1b\n|-supereffective|p1b: Autum\n|-damage|p1a: Scream Tail|0 fnt\n|-damage|p1b: Autum|0 fnt\n|faint|p1a: Scream Tail\n|-end|p1a: Scream Tail|Protosynthesis|[silent]\n|faint|p1b: Autum\n|detailschange|p1: Autum|Terapagos, L50, M|[silent]\n|\n|upkeep\n|c|\u2606liam.2025|gg\n|-message|Pumba-Kun forfeited.\n|\n|win|liam.2025\n|raw|Pumba-Kun's rating: 1379 &rarr; <strong>1360</strong><br />(-19 for losing)\n|raw|liam.2025's rating: 1399 &rarr; <strong>1418</strong><br />(+19 for winning)\n|l|\u2606Pumba-Kun\n|player|p1|\n","uploadtime":1768931732,"views":15,"formatid":"gen9vgc2026regi","rating":1360,"private":0,"password":null}