{"id":"gen9vgc2026regi-2565190184","format":"[Gen 9] VGC 2026 Reg I","players":["mojaaa","TheAndUrgeTheUrge"],"log":"|j|\u2606mojaaa\n|j|\u2606TheAndUrgeTheUrge\n|t:|1774240834\n|gametype|doubles\n|player|p1|mojaaa|1|1428\n|player|p2|TheAndUrgeTheUrge|266|1508\n|gen|9\n|tier|[Gen 9] VGC 2026 Reg I\n|rated|\n|rule|Species Clause: Limit one of each Pok\u00e9mon\n|rule|Item Clause: Limit 1 of each item\n|clearpoke\n|poke|p1|Calyrex-Ice, L50|\n|poke|p1|Incineroar, L50, F|\n|poke|p1|Miraidon, L50|\n|poke|p1|Mienshao, L50, M|\n|poke|p1|Landorus, L50, M|\n|poke|p1|Rillaboom, L50, F|\n|poke|p2|Zamazenta-*, L50|\n|poke|p2|Rillaboom, L50, F|\n|poke|p2|Incineroar, L50, F|\n|poke|p2|Chien-Pao, L50|\n|poke|p2|Miraidon, L50|\n|poke|p2|Flutter Mane, L50|\n|teampreview|4\n|\n|t:|1774240860\n|teamsize|p1|4\n|teamsize|p2|4\n|start\n|switch|p1a: Calyrex|Calyrex-Ice, L50|100/100\n|switch|p1b: Mienshao|Mienshao, L50, M|100/100\n|switch|p2a: Zamazenta|Zamazenta-Crowned, L50, shiny|100/100\n|switch|p2b: Rillaboom|Rillaboom, L50, F, shiny|100/100\n|-ability|p1a: Calyrex|As One\n|-ability|p1a: Calyrex|Unnerve\n|-ability|p2a: Zamazenta|Dauntless Shield|boost\n|-boost|p2a: Zamazenta|def|1\n|-fieldstart|move: Grassy Terrain|[from] ability: Grassy Surge|[of] p2b: Rillaboom\n|turn|1\n|\n|t:|1774240888\n|-terastallize|p2a: Zamazenta|Ghost\n|move|p1a: Calyrex|Protect|p1a: Calyrex\n|-singleturn|p1a: Calyrex|Protect\n|move|p1b: Mienshao|Coaching|p1a: Calyrex\n|-boost|p1a: Calyrex|atk|1\n|-boost|p1a: Calyrex|def|1\n|move|p2a: Zamazenta|Iron Defense|p2a: Zamazenta\n|-boost|p2a: Zamazenta|def|2\n|move|p2b: Rillaboom|U-turn|p1a: Calyrex\n|-activate|p1a: Calyrex|move: Protect\n|\n|upkeep\n|turn|2\n|\n|t:|1774240923\n|move|p1b: Mienshao|Coaching|p1a: Calyrex\n|-boost|p1a: Calyrex|atk|1\n|-boost|p1a: Calyrex|def|1\n|move|p2a: Zamazenta|Iron Defense|p2a: Zamazenta\n|-boost|p2a: Zamazenta|def|2\n|move|p2b: Rillaboom|U-turn|p1a: Calyrex\n|-supereffective|p1a: Calyrex\n|-damage|p1a: Calyrex|84/100\n|\n|t:|1774240930\n|switch|p2b: Incineroar|Incineroar, L50, F, shiny|100/100|[from] U-turn\n|-ability|p2b: Incineroar|Intimidate|boost\n|-fail|p1a: Calyrex|unboost|[from] item: Clear Amulet|[of] p1a: Calyrex\n|-fail|p1b: Mienshao|unboost|Attack|[from] ability: Inner Focus|[of] p1b: Mienshao\n|move|p1a: Calyrex|Trick Room|p1a: Calyrex\n|-fieldstart|move: Trick Room|[of] p1a: Calyrex\n|\n|-heal|p1a: Calyrex|90/100|[from] Grassy Terrain\n|upkeep\n|turn|3\n|\n|t:|1774240954\n|move|p1a: Calyrex|Protect|p1a: Calyrex\n|-singleturn|p1a: Calyrex|Protect\n|move|p2b: Incineroar|Knock Off|p1b: Mienshao\n|-resisted|p1b: Mienshao\n|-damage|p1b: Mienshao|66/100\n|-enditem|p1b: Mienshao|Focus Sash|[from] move: Knock Off|[of] p2b: Incineroar\n|move|p2a: Zamazenta|Iron Defense|p2a: Zamazenta\n|-boost|p2a: Zamazenta|def|1\n|move|p1b: Mienshao|Coaching|p1a: Calyrex\n|-boost|p1a: Calyrex|atk|1\n|-boost|p1a: Calyrex|def|1\n|\n|-heal|p1a: Calyrex|96/100|[from] Grassy Terrain\n|-heal|p1b: Mienshao|72/100|[from] Grassy Terrain\n|upkeep\n|turn|4\n|\n|t:|1774240977\n|move|p2b: Incineroar|Knock Off|p1a: Calyrex\n|-supereffective|p1a: Calyrex\n|-damage|p1a: Calyrex|74/100\n|-enditem|p1a: Calyrex|Clear Amulet|[from] move: Knock Off|[of] p2b: Incineroar\n|move|p1a: Calyrex|High Horsepower|p2b: Incineroar\n|-supereffective|p2b: Incineroar\n|-damage|p2b: Incineroar|0 fnt\n|faint|p2b: Incineroar\n|-ability|p1a: Calyrex|Chilling Neigh|boost\n|-boost|p1a: Calyrex|atk|1\n|move|p2a: Zamazenta|Body Press|p1b: Mienshao\n|-damage|p1b: Mienshao|0 fnt\n|faint|p1b: Mienshao\n|\n|-heal|p1a: Calyrex|80/100|[from] Grassy Terrain\n|upkeep\n|\n|t:|1774240993\n|switch|p2b: Rillaboom|Rillaboom, L50, F, shiny|100/100\n|switch|p1b: Landorus|Landorus, L50, M|100/100\n|turn|5\n|\n|t:|1774241022\n|switch|p2b: Chien-Pao|Chien-Pao, L50, shiny|100/100\n|-ability|p2b: Chien-Pao|Sword of Ruin\n|move|p1b: Landorus|Protect|p1b: Landorus\n|-singleturn|p1b: Landorus|Protect\n|move|p1a: Calyrex|Glacial Lance|p2b: Chien-Pao|[spread] p2a,p2b\n|-resisted|p2b: Chien-Pao\n|-damage|p2a: Zamazenta|70/100\n|-enditem|p2b: Chien-Pao|Focus Sash\n|-damage|p2b: Chien-Pao|1/100\n|move|p2a: Zamazenta|Body Press|p1a: Calyrex\n|-damage|p1a: Calyrex|21/100\n|\n|-heal|p1a: Calyrex|27/100|[from] Grassy Terrain\n|-heal|p2a: Zamazenta|76/100|[from] Grassy Terrain\n|-heal|p2b: Chien-Pao|7/100|[from] Grassy Terrain\n|-fieldend|move: Grassy Terrain\n|upkeep\n|turn|6\n|\n|t:|1774241052\n|move|p2a: Zamazenta|Protect|p2a: Zamazenta\n|-singleturn|p2a: Zamazenta|Protect\n|move|p2b: Chien-Pao|Protect|p2b: Chien-Pao\n|-singleturn|p2b: Chien-Pao|Protect\n|move|p1a: Calyrex|Glacial Lance|p2b: Chien-Pao|[spread] \n|-activate|p2a: Zamazenta|move: Protect\n|-activate|p2b: Chien-Pao|move: Protect\n|move|p1b: Landorus|Earth Power|p2a: Zamazenta\n|-activate|p2a: Zamazenta|move: Protect\n|\n|-fieldend|move: Trick Room\n|upkeep\n|turn|7\n|\n|t:|1774241091\n|-terastallize|p1b: Landorus|Steel\n|move|p2b: Chien-Pao|Icicle Crash|p1b: Landorus\n|-resisted|p1b: Landorus\n|-crit|p1b: Landorus\n|-damage|p1b: Landorus|59/100\n|move|p2a: Zamazenta|Body Press|p1a: Calyrex\n|-damage|p1a: Calyrex|0 fnt\n|faint|p1a: Calyrex\n|move|p1b: Landorus|Earth Power|p2a: Zamazenta\n|-damage|p2a: Zamazenta|29/100\n|\n|upkeep\n|\n|t:|1774241103\n|switch|p1a: Rillaboom|Rillaboom, L50, F|100/100\n|-fieldstart|move: Grassy Terrain|[from] ability: Grassy Surge|[of] p1a: Rillaboom\n|turn|8\n|\n|t:|1774241115\n|move|p2b: Chien-Pao|Protect|p2b: Chien-Pao\n|-singleturn|p2b: Chien-Pao|Protect\n|move|p2a: Zamazenta|Protect|p2a: Zamazenta\n|-singleturn|p2a: Zamazenta|Protect\n|move|p1a: Rillaboom|Grassy Glide|p2a: Zamazenta\n|-activate|p2a: Zamazenta|move: Protect\n|move|p1b: Landorus|Earth Power|p2b: Chien-Pao\n|-activate|p2b: Chien-Pao|move: Protect\n|\n|-heal|p2b: Chien-Pao|13/100|[from] Grassy Terrain\n|-heal|p2a: Zamazenta|36/100|[from] Grassy Terrain\n|-heal|p1b: Landorus|65/100|[from] Grassy Terrain\n|upkeep\n|turn|9\n|-message|mojaaa forfeited.\n|\n|win|TheAndUrgeTheUrge\n|raw|mojaaa's rating: 1428 &rarr; <strong>1413</strong><br />(-15 for losing)\n|raw|TheAndUrgeTheUrge's rating: 1508 &rarr; <strong>1523</strong><br />(+15 for winning)\n|l|\u2606mojaaa\n|player|p1|\n|l|\u2606TheAndUrgeTheUrge\n|player|p2|\n","uploadtime":1774241269,"views":10,"formatid":"gen9vgc2026regi","rating":1413,"private":0,"password":null}