{"id":"gen9vgc2026regi-2549393677","format":"[Gen 9] VGC 2026 Reg I","players":["b3testing","Erseo05"],"log":"|j|\u2606b3testing\n|j|\u2606Erseo05\n|t:|1772358800\n|gametype|doubles\n|player|p1|b3testing|1|1365\n|player|p2|Erseo05|lucas|1373\n|gen|9\n|tier|[Gen 9] VGC 2026 Reg I\n|rated|\n|rule|Species Clause: Limit one of each Pok\u00e9mon\n|rule|Item Clause: Limit 1 of each item\n|clearpoke\n|poke|p1|Terapagos, L50, M|\n|poke|p1|Calyrex-Shadow, L50|\n|poke|p1|Incineroar, L50, M|\n|poke|p1|Amoonguss, L50, M|\n|poke|p1|Tornadus, L50, M|\n|poke|p1|Smeargle, L50, F|\n|poke|p2|Calyrex-Ice, L50|\n|poke|p2|Kyurem-White, L50|\n|poke|p2|Weavile, L50, M|\n|poke|p2|Ninetales-Alola, L50, M|\n|poke|p2|Articuno, L50|\n|poke|p2|Iron Bundle, L50|\n|teampreview|4\n|inactive|Battle timer is ON: inactive players will automatically lose when time's up. (requested by b3testing)\n|\n|t:|1772358827\n|teamsize|p1|4\n|teamsize|p2|4\n|start\n|switch|p1a: Smeargle|Smeargle, L50, F|100/100\n|switch|p1b: Terapagos|Terapagos, L50, M|100/100\n|switch|p2a: Kyurem|Kyurem-White, L50|100/100\n|switch|p2b: Iron Bundle|Iron Bundle, L50|100/100\n|-activate|p1b: Terapagos|ability: Tera Shift\n|detailschange|p1b: Terapagos|Terapagos-Terastal, L50, M\n|-heal|p1b: Terapagos|100/100|[silent]\n|-ability|p2a: Kyurem|Turboblaze\n|-enditem|p2b: Iron Bundle|Booster Energy\n|-activate|p2b: Iron Bundle|ability: Quark Drive|[fromitem]\n|-start|p2b: Iron Bundle|quarkdrivespe\n|turn|1\n|\n|t:|1772358844\n|move|p1a: Smeargle|Fake Out|p2a: Kyurem\n|-damage|p2a: Kyurem|95/100\n|move|p2b: Iron Bundle|Taunt|p1a: Smeargle\n|-start|p1a: Smeargle|move: Taunt\n|cant|p2a: Kyurem|flinch\n|move|p1b: Terapagos|Calm Mind|p1b: Terapagos\n|-boost|p1b: Terapagos|spa|1\n|-boost|p1b: Terapagos|spd|1\n|\n|-ability|p1a: Smeargle|Moody|boost\n|-boost|p1a: Smeargle|spa|2\n|-unboost|p1a: Smeargle|spd|1\n|upkeep\n|turn|2\n|j| westtail_VGC\n|\n|t:|1772358861\n|switch|p1a: Incineroar|Incineroar, L50, M|100/100\n|-ability|p1a: Incineroar|Intimidate|boost\n|-unboost|p2a: Kyurem|atk|1\n|-unboost|p2b: Iron Bundle|atk|1\n|move|p1b: Terapagos|Protect|p1b: Terapagos\n|-singleturn|p1b: Terapagos|Protect\n|move|p2b: Iron Bundle|Taunt|p1b: Terapagos\n|-activate|p1b: Terapagos|move: Protect\n|move|p2a: Kyurem|Fusion Flare|p1a: Incineroar\n|-resisted|p1a: Incineroar\n|-damage|p1a: Incineroar|84/100\n|-damage|p2a: Kyurem|85/100|[from] item: Life Orb\n|\n|upkeep\n|turn|3\n|\n|t:|1772358886\n|-terastallize|p2b: Iron Bundle|Ghost\n|-terastallize|p1b: Terapagos|Stellar\n|detailschange|p1b: Terapagos|Terapagos-Stellar, L50, M, tera:Stellar\n|-heal|p1b: Terapagos|100/100|[silent]\n|move|p1a: Incineroar|Fake Out|p2b: Iron Bundle\n|-immune|p2b: Iron Bundle\n|move|p2b: Iron Bundle|Taunt|p1b: Terapagos\n|-start|p1b: Terapagos|move: Taunt\n|move|p2a: Kyurem|Draco Meteor|p1a: Incineroar\n|-damage|p1a: Incineroar|23/100\n|-unboost|p2a: Kyurem|spa|2\n|-damage|p2a: Kyurem|75/100|[from] item: Life Orb\n|move|p1b: Terapagos|Tera Starstorm|p2a: Kyurem|[spread] p2a,p2b\n|-supereffective|p2b: Iron Bundle\n|-damage|p2a: Kyurem|25/100\n|-damage|p2b: Iron Bundle|0 fnt\n|faint|p2b: Iron Bundle\n|-end|p2b: Iron Bundle|Quark Drive|[silent]\n|\n|upkeep\n|\n|t:|1772358906\n|switch|p2b: Calyrex|Calyrex-Ice, L50|100/100\n|-ability|p2b: Calyrex|As One\n|-ability|p2b: Calyrex|Unnerve\n|turn|4\n|\n|t:|1772358918\n|switch|p2a: Weavile|Weavile, L50, M|100/100\n|-ability|p2a: Weavile|Pressure\n|move|p1b: Terapagos|Tera Starstorm|p2a: Weavile|[spread] p2a,p2b\n|-damage|p2a: Weavile|17/100\n|-damage|p2b: Calyrex|59/100\n|move|p1a: Incineroar|Knock Off|p2b: Calyrex\n|-supereffective|p2b: Calyrex\n|-damage|p2b: Calyrex|7/100\n|-enditem|p2b: Calyrex|Clear Amulet|[from] move: Knock Off|[of] p1a: Incineroar\n|move|p2b: Calyrex|Close Combat|p1b: Terapagos\n|-supereffective|p1b: Terapagos\n|-damage|p1b: Terapagos|33/100\n|-unboost|p2b: Calyrex|def|1\n|-unboost|p2b: Calyrex|spd|1\n|\n|upkeep\n|turn|5\n|inactive|Erseo05 has 30 seconds left.\n|inactive|Erseo05 has 20 seconds left.\n|\n|t:|1772358954\n|switch|p2b: Kyurem|Kyurem-White, L50|25/100\n|-ability|p2b: Kyurem|Turboblaze\n|move|p2a: Weavile|Knock Off|p1b: Terapagos\n|-damage|p1b: Terapagos|0 fnt\n|-enditem|p1b: Terapagos|Covert Cloak|[from] move: Knock Off|[of] p2a: Weavile\n|faint|p1b: Terapagos\n|detailschange|p1: Terapagos|Terapagos, L50, M|[silent]\n|move|p1a: Incineroar|U-turn|p2b: Kyurem\n|-damage|p2b: Kyurem|3/100\n|inactive|b3testing has 30 seconds left.\n|\n|t:|1772358980\n|switch|p1a: Calyrex|Calyrex-Shadow, L50|100/100|[from] U-turn\n|-ability|p1a: Calyrex|As One\n|-ability|p1a: Calyrex|Unnerve\n|\n|upkeep\n|\n|t:|1772358986\n|switch|p1b: Incineroar|Incineroar, L50, M|23/100\n|-ability|p1b: Incineroar|Intimidate|boost\n|-unboost|p2a: Weavile|atk|1\n|-unboost|p2b: Kyurem|atk|1\n|turn|6\n|\n|t:|1772358996\n|move|p2a: Weavile|Protect|p2a: Weavile\n|-singleturn|p2a: Weavile|Protect\n|move|p2b: Kyurem|Protect|p2b: Kyurem\n|-singleturn|p2b: Kyurem|Protect\n|move|p1b: Incineroar|Fake Out|p2a: Weavile\n|-activate|p2a: Weavile|move: Protect\n|move|p1a: Calyrex|Astral Barrage|p2a: Weavile|[spread] \n|-activate|p2a: Weavile|move: Protect\n|-activate|p2b: Kyurem|move: Protect\n|\n|upkeep\n|turn|7\n|\n|t:|1772359018\n|move|p1a: Calyrex|Protect|p1a: Calyrex\n|-singleturn|p1a: Calyrex|Protect\n|move|p2a: Weavile|Knock Off|p1a: Calyrex\n|-activate|p1a: Calyrex|move: Protect\n|move|p2b: Kyurem|Blizzard|p1a: Calyrex|[spread] p1b\n|-activate|p1a: Calyrex|move: Protect\n|-resisted|p1b: Incineroar\n|-damage|p1b: Incineroar|2/100\n|-status|p1b: Incineroar|frz\n|-damage|p2b: Kyurem|0 fnt|[from] item: Life Orb\n|faint|p2b: Kyurem\n|cant|p1b: Incineroar|frz\n|\n|upkeep\n|\n|t:|1772359021\n|switch|p2b: Calyrex|Calyrex-Ice, L50|7/100\n|-ability|p2b: Calyrex|As One\n|-ability|p2b: Calyrex|Unnerve\n|turn|8\n|\n|t:|1772359036\n|move|p2b: Calyrex|Protect|p2b: Calyrex\n|-singleturn|p2b: Calyrex|Protect\n|move|p1a: Calyrex|Astral Barrage|p2b: Calyrex|[spread] p2a\n|-activate|p2b: Calyrex|move: Protect\n|-resisted|p2a: Weavile\n|-damage|p2a: Weavile|0 fnt\n|faint|p2a: Weavile\n|-ability|p1a: Calyrex|Grim Neigh|boost\n|-boost|p1a: Calyrex|spa|1\n|-damage|p1a: Calyrex|91/100|[from] item: Life Orb\n|-curestatus|p1b: Incineroar|frz|[from] move: Flare Blitz\n|move|p1b: Incineroar|Flare Blitz|p2b: Calyrex\n|-activate|p2b: Calyrex|move: Protect\n|\n|upkeep\n|turn|9\n|-message|Erseo05 forfeited.\n|\n|win|b3testing\n|raw|b3testing's rating: 1365 &rarr; <strong>1385</strong><br />(+20 for winning)\n|raw|Erseo05's rating: 1373 &rarr; <strong>1353</strong><br />(-20 for losing)\n|l|\u2606Erseo05\n|player|p2|\n|l|\u2606b3testing\n|player|p1|\n|l| westtail_VGC\n","uploadtime":1772359308,"views":9,"formatid":"gen9vgc2026regi","rating":1353,"private":0,"password":null}