{"id":"gen9vgc2026regi-2565025818","format":"[Gen 9] VGC 2026 Reg I","players":["Professor Hen","sheeshshane925"],"log":"|j|\u2606Professor Hen\n|j|\u2606sheeshshane925\n|t:|1774221101\n|gametype|doubles\n|player|p1|Professor Hen|266|1441\n|player|p2|sheeshshane925|chuck|1512\n|gen|9\n|tier|[Gen 9] VGC 2026 Reg I\n|rated|\n|rule|Species Clause: Limit one of each Pok\u00e9mon\n|rule|Item Clause: Limit 1 of each item\n|clearpoke\n|poke|p1|Ditto, L50|\n|poke|p1|Kyogre, L50|\n|poke|p1|Iron Bundle, L50|\n|poke|p1|Sneasler, L50, F|\n|poke|p1|Archaludon, L50, F|\n|poke|p1|Miraidon, L50|\n|poke|p2|Calyrex-Ice, L50|\n|poke|p2|Miraidon, L50|\n|poke|p2|Farigiraf, L50, F|\n|poke|p2|Iron Hands, L50|\n|poke|p2|Scraggy, L50, M|\n|poke|p2|Iron Bundle, L50|\n|teampreview|4\nProfessor Hen has agreed to open team sheets.\n|inactive|Battle timer is ON: inactive players will automatically lose when time's up. (requested by sheeshshane925)\n|\n|t:|1774221170\n|teamsize|p1|4\n|teamsize|p2|4\n|start\n|switch|p1a: Iron Bundle|Iron Bundle, L50|100/100\n|switch|p1b: Sneasler|Sneasler, L50, F|100/100\n|switch|p2a: Farigiraf|Farigiraf, L50, F, shiny|100/100\n|switch|p2b: Iron Hands|Iron Hands, L50|100/100\n|turn|1\n|inactive|Professor Hen has 30 seconds left.\n|inactive|Professor Hen has 20 seconds left.\n|inactive|Professor Hen has 15 seconds left.\n|inactive|Professor Hen has 10 seconds left.\n|inactive|Professor Hen has 5 seconds left.\n|\n|t:|1774221221\n|switch|p1b: Ditto|Ditto, L50|100/100\n|-transform|p1b: Ditto|p2a: Farigiraf|[from] ability: Imposter\n|move|p2b: Iron Hands|Fake Out||[still]\n|cant|p1b: Ditto|ability: Armor Tail|Fake Out|[of] p2b: Iron Hands\n|move|p1a: Iron Bundle|Taunt|p2a: Farigiraf\n|-start|p2a: Farigiraf|move: Taunt\n|cant|p2a: Farigiraf|move: Taunt|Trick Room\n|\n|upkeep\n|turn|2\n|j| dayron91\n|inactive|sheeshshane925 has 30 seconds left.\n|\n|t:|1774221249\n|move|p1a: Iron Bundle|Encore|p2b: Iron Hands\n|-start|p2b: Iron Hands|Encore\n|move|p2a: Farigiraf|Psychic|p1a: Iron Bundle\n|-damage|p1a: Iron Bundle|25/100\n|move|p1b: Ditto|Psychic|p2b: Iron Hands\n|-supereffective|p2b: Iron Hands\n|-damage|p2b: Iron Hands|67/100\n|move|p2b: Iron Hands|Fake Out||[still]\n|-hint|Fake Out only works on your first turn out.\n|-fail|p2b: Iron Hands\n|\n|upkeep\n|turn|3\n|inactive|Professor Hen has 30 seconds left.\n|inactive|Professor Hen has 20 seconds left.\n|inactive|Professor Hen has 15 seconds left.\n|\n|t:|1774221291\n|-end|p1a: Iron Bundle|Quark Drive|[silent]\n|switch|p1a: Miraidon|Miraidon, L50|100/100\n|-fieldstart|move: Electric Terrain|[from] ability: Hadron Engine|[of] p1a: Miraidon\n|-enditem|p2a: Farigiraf|Electric Seed\n|-boost|p2a: Farigiraf|def|1|[from] item: Electric Seed\n|-activate|p2b: Iron Hands|ability: Quark Drive\n|-start|p2b: Iron Hands|quarkdriveatk\n|switch|p1b: Sneasler|Sneasler, L50, F|100/100\n|-enditem|p1b: Sneasler|Electric Seed\n|-boost|p1b: Sneasler|def|1|[from] item: Electric Seed\n|-end|p2b: Iron Hands|Quark Drive|[silent]\n|switch|p2b: Calyrex|Calyrex-Ice, L50|100/100\n|-ability|p2b: Calyrex|As One\n|-ability|p2b: Calyrex|Unnerve\n|move|p2a: Farigiraf|Psychic|p1a: Miraidon\n|-crit|p1a: Miraidon\n|-damage|p1a: Miraidon|53/100\n|\n|-end|p2a: Farigiraf|move: Taunt\n|upkeep\n|turn|4\n|inactive|Professor Hen has 30 seconds left.\n|inactive|Professor Hen has 20 seconds left.\n|inactive|Professor Hen has 15 seconds left.\n|inactive|Professor Hen has 10 seconds left.\n|\n|t:|1774221338\n|move|p2b: Calyrex|Protect|p2b: Calyrex\n|-singleturn|p2b: Calyrex|Protect\n|move|p1b: Sneasler|Dire Claw|p2b: Calyrex\n|-activate|p2b: Calyrex|move: Protect\n|move|p1a: Miraidon|Electro Drift|p2a: Farigiraf\n|-damage|p2a: Farigiraf|0 fnt\n|faint|p2a: Farigiraf\n|\n|upkeep\n|\n|t:|1774221352\n|switch|p2a: Iron Hands|Iron Hands, L50|67/100\n|-activate|p2a: Iron Hands|ability: Quark Drive\n|-start|p2a: Iron Hands|quarkdriveatk\n|turn|5\n|inactive|Professor Hen has 30 seconds left.\n|\n|t:|1774221385\n|-terastallize|p1a: Miraidon|Fairy\n|move|p2a: Iron Hands|Fake Out|p1a: Miraidon\n|-damage|p1a: Miraidon|32/100\n|move|p1b: Sneasler|Dire Claw|p2b: Calyrex\n|-damage|p2b: Calyrex|77/100\n|-status|p2b: Calyrex|psn\n|cant|p1a: Miraidon|flinch\n|move|p2b: Calyrex|Trick Room|p2b: Calyrex\n|-fieldstart|move: Trick Room|[of] p2b: Calyrex\n|\n|-damage|p2b: Calyrex|65/100 psn|[from] psn\n|upkeep\n|turn|6\n|inactive|Professor Hen has 30 seconds left.\n|inactive|sheeshshane925 has 30 seconds left.\n|\n|t:|1774221415\n|move|p2a: Iron Hands|Low Kick|p1b: Sneasler\n|-resisted|p1b: Sneasler\n|-damage|p1b: Sneasler|74/100\n|move|p2b: Calyrex|Glacial Lance|p1a: Miraidon|[spread] p1a,p1b\n|-damage|p1a: Miraidon|0 fnt\n|-damage|p1b: Sneasler|9/100\n|faint|p1a: Miraidon\n|-ability|p2b: Calyrex|Chilling Neigh|boost\n|-boost|p2b: Calyrex|atk|1\n|move|p1b: Sneasler|Dire Claw|p2a: Iron Hands\n|-crit|p2a: Iron Hands\n|-damage|p2a: Iron Hands|21/100\n|\n|-damage|p2b: Calyrex|53/100 psn|[from] psn\n|upkeep\n|\n|t:|1774221430\n|switch|p1a: Ditto|Ditto, L50|100/100\n|-transform|p1a: Ditto|p2b: Calyrex|[from] ability: Imposter\n|-ability|p1a: Ditto|As One\n|-ability|p1a: Ditto|Unnerve\n|-enditem|p1a: Ditto|Room Service\n|-unboost|p1a: Ditto|spe|1|[from] item: Room Service\n|turn|7\n|inactive|sheeshshane925 has 30 seconds left.\n|\n|t:|1774221457\n|switch|p1b: Iron Bundle|Iron Bundle, L50|25/100\n|-activate|p1b: Iron Bundle|ability: Quark Drive\n|-start|p1b: Iron Bundle|quarkdrivespe\n|move|p1a: Ditto|Glacial Lance|p2a: Iron Hands|[spread] p2a,p2b\n|-resisted|p2b: Calyrex\n|-crit|p2b: Calyrex\n|-damage|p2a: Iron Hands|0 fnt\n|-damage|p2b: Calyrex|11/100 psn\n|faint|p2a: Iron Hands\n|-end|p2a: Iron Hands|Quark Drive|[silent]\n|-ability|p1a: Ditto|Chilling Neigh|boost\n|-boost|p1a: Ditto|atk|1\n|move|p2b: Calyrex|Glacial Lance|p1b: Iron Bundle|[spread] p1a,p1b\n|-resisted|p1a: Ditto\n|-resisted|p1b: Iron Bundle\n|-damage|p1a: Ditto|62/100\n|-damage|p1b: Iron Bundle|0 fnt\n|faint|p1b: Iron Bundle\n|-end|p1b: Iron Bundle|Quark Drive|[silent]\n|-ability|p2b: Calyrex|Chilling Neigh|boost\n|-boost|p2b: Calyrex|atk|1\n|\n|-damage|p2b: Calyrex|0 fnt|[from] psn\n|faint|p2b: Calyrex\n|-fieldend|move: Electric Terrain\n|upkeep\n|-message|sheeshshane925 forfeited.\n|\n|win|Professor Hen\n|raw|Professor Hen's rating: 1441 &rarr; <strong>1465</strong><br />(+24 for winning)\n|raw|sheeshshane925's rating: 1512 &rarr; <strong>1488</strong><br />(-24 for losing)\n|l|\u2606sheeshshane925\n|player|p2|\n|l|\u2606Professor Hen\n|player|p1|\n|l| dayron91\n","uploadtime":1774221648,"views":14,"formatid":"gen9vgc2026regi","rating":1465,"private":0,"password":null}