{"id":"gen9vgc2026regi-2526020627","format":"[Gen 9] VGC 2026 Reg I","players":["chitominchia","i\u2764\u5a1c\u7984forever"],"log":"|j|\u2606chitominchia\n|j|\u2606i\u2764\u5a1c\u7984forever\n|t:|1769363422\n|gametype|doubles\n|player|p1|chitominchia|hiker-gen4|1273\n|player|p2|i\u2764\u5a1c\u7984forever|youngcouple-gen4dp|1257\n|gen|9\n|tier|[Gen 9] VGC 2026 Reg I\n|rated|\n|rule|Species Clause: Limit one of each Pok\u00e9mon\n|rule|Item Clause: Limit 1 of each item\n|clearpoke\n|poke|p1|Koraidon, L50|\n|poke|p1|Flutter Mane, L50|\n|poke|p1|Chi-Yu, L50|\n|poke|p1|Whimsicott, L50, M|\n|poke|p2|Groudon, L50|\n|poke|p2|Kyurem-White, L50|\n|poke|p2|Sableye, L50, F|\n|poke|p2|Articuno-Galar, L50|\n|poke|p2|Rillaboom, L50, M|\n|poke|p2|Primarina, L50, M|\n|teampreview|4\n|inactive|Battle timer is ON: inactive players will automatically lose when time's up. (requested by chitominchia)\n|inactive|i\u2764\u5a1c\u7984forever has 60 seconds left.\n|inactive|i\u2764\u5a1c\u7984forever has 30 seconds left.\n|inactive|i\u2764\u5a1c\u7984forever has 20 seconds left.\n|inactive|i\u2764\u5a1c\u7984forever has 15 seconds left.\n|\n|t:|1769363500\n|teamsize|p1|4\n|teamsize|p2|4\n|start\n|switch|p1a: Whimsicott|Whimsicott, L50, M|100/100\n|switch|p1b: Koraidon|Koraidon, L50|100/100\n|switch|p2a: Sableye|Sableye, L50, F|100/100\n|switch|p2b: Kyurem|Kyurem-White, L50|100/100\n|-ability|p2b: Kyurem|Turboblaze\n|-weather|SunnyDay|[from] ability: Orichalcum Pulse|[of] p1b: Koraidon\n|-activate|p1b: Koraidon|Orichalcum Pulse|[source]\n|turn|1\n|\n|t:|1769363516\n|move|p1b: Koraidon|Protect|p1b: Koraidon\n|-singleturn|p1b: Koraidon|Protect\n|move|p2a: Sableye|Fake Out|p1b: Koraidon\n|-activate|p1b: Koraidon|move: Protect\n|move|p1a: Whimsicott|Tailwind|p1a: Whimsicott\n|-sidestart|p1: chitominchia|move: Tailwind\n|move|p2b: Kyurem|Blizzard|p1b: Koraidon|[spread] p1a\n|-activate|p1b: Koraidon|move: Protect\n|-supereffective|p1a: Whimsicott\n|-damage|p1a: Whimsicott|3/100\n|\n|-weather|SunnyDay|[upkeep]\n|upkeep\n|turn|2\n|\n|t:|1769363534\n|-terastallize|p2b: Kyurem|Ghost\n|move|p1a: Whimsicott|Fake Tears|p2b: Kyurem\n|-unboost|p2b: Kyurem|spd|2\n|move|p2a: Sableye|Encore|p1b: Koraidon\n|-start|p1b: Koraidon|Encore\n|move|p1b: Koraidon|Protect||[still]\n|-fail|p1b: Koraidon\n|move|p2b: Kyurem|Blizzard|p1a: Whimsicott|[spread] p1a,p1b\n|-supereffective|p1a: Whimsicott\n|-supereffective|p1b: Koraidon\n|-damage|p1a: Whimsicott|0 fnt\n|-damage|p1b: Koraidon|0 fnt\n|faint|p1a: Whimsicott\n|faint|p1b: Koraidon\n|\n|-weather|SunnyDay|[upkeep]\n|upkeep\n|\n|t:|1769363541\n|switch|p1b: Chi-Yu|Chi-Yu, L50|100/100\n|switch|p1a: Flutter Mane|Flutter Mane, L50|100/100\n|-ability|p1b: Chi-Yu|Beads of Ruin\n|-activate|p1a: Flutter Mane|ability: Protosynthesis\n|-start|p1a: Flutter Mane|protosynthesisspe\n|turn|3\n|\n|t:|1769363558\n|switch|p2b: Primarina|Primarina, L50, M|100/100\n|-terastallize|p1b: Chi-Yu|Fire\n|move|p2a: Sableye|Gravity|p2a: Sableye\n|-fieldstart|move: Gravity\n|move|p1a: Flutter Mane|Moonblast|p2a: Sableye\n|-supereffective|p2a: Sableye\n|-damage|p2a: Sableye|0 fnt\n|faint|p2a: Sableye\n|move|p1b: Chi-Yu|Heat Wave|p2b: Primarina\n|-resisted|p2b: Primarina\n|-damage|p2b: Primarina|6/100\n|\n|-weather|SunnyDay|[upkeep]\n|upkeep\n|\n|t:|1769363575\n|switch|p2a: Groudon|Groudon, L50|100/100\n|turn|4\n|\n|t:|1769363589\n|move|p2b: Primarina|Aqua Jet|p1a: Flutter Mane\n|-damage|p1a: Flutter Mane|89/100\n|move|p1a: Flutter Mane|Shadow Ball|p2a: Groudon\n|-damage|p2a: Groudon|65/100\n|-unboost|p2a: Groudon|spd|1\n|move|p1b: Chi-Yu|Heat Wave|p2a: Groudon|[spread] p2a,p2b\n|-resisted|p2b: Primarina\n|-damage|p2a: Groudon|0 fnt\n|-damage|p2b: Primarina|0 fnt\n|faint|p2a: Groudon\n|faint|p2b: Primarina\n|\n|-weather|SunnyDay|[upkeep]\n|-sideend|p1: chitominchia|move: Tailwind\n|upkeep\n|\n|t:|1769363601\n|switch|p2b: Kyurem|Kyurem-White, L50, tera:Ghost|100/100\n|-ability|p2b: Kyurem|Turboblaze\n|turn|5\n|inactive|i\u2764\u5a1c\u7984forever has 30 seconds left.\n|\n|t:|1769363631\n|move|p1a: Flutter Mane|Icy Wind|p2b: Kyurem\n|-damage|p2b: Kyurem|77/100\n|-unboost|p2b: Kyurem|spe|1\n|move|p1b: Chi-Yu|Heat Wave|p2b: Kyurem\n|-damage|p2b: Kyurem|0 fnt\n|faint|p2b: Kyurem\n|\n|win|chitominchia\n|raw|chitominchia's rating: 1273 &rarr; <strong>1297</strong><br />(+24 for winning)\n|raw|i\u2764\u5a1c\u7984forever's rating: 1257 &rarr; <strong>1233</strong><br />(-24 for losing)\n|l|\u2606i\u2764\u5a1c\u7984forever\n|player|p2|\n|l|\u2606chitominchia\n|player|p1|\n","uploadtime":1769363849,"views":17,"formatid":"gen9vgc2026regi","rating":1233,"private":0,"password":null}