{"id":"gen9vgc2026regi-2540710015","format":"[Gen 9] VGC 2026 Reg I","players":["whisperd","fogdocker"],"log":"|j|\u2606whisperd\n|j|\u2606fogdocker\n|t:|1771244004\n|gametype|doubles\n|player|p1|whisperd|266|1346\n|player|p2|fogdocker|1|1355\n|gen|9\n|tier|[Gen 9] VGC 2026 Reg I\n|rated|\n|rule|Species Clause: Limit one of each Pok\u00e9mon\n|rule|Item Clause: Limit 1 of each item\n|clearpoke\n|poke|p1|Ogerpon-Hearthflame, L50, F|\n|poke|p1|Whimsicott, L50, M|\n|poke|p1|Calyrex-Ice, L50|\n|poke|p1|Miraidon, L50|\n|poke|p1|Farigiraf, L50, F|\n|poke|p1|Urshifu-*, L50, M|\n|poke|p2|Terapagos, L50, M|\n|poke|p2|Miraidon, L50|\n|poke|p2|Sinistcha, L50|\n|poke|p2|Incineroar, L50, M|\n|poke|p2|Iron Treads, L50|\n|poke|p2|Urshifu-*, L50, M|\n|teampreview|4\n|inactive|Battle timer is ON: inactive players will automatically lose when time's up. (requested by whisperd)\n|j| lunala fairy ghost\n|inactive|fogdocker has 60 seconds left.\n|inactive|whisperd has 30 seconds left.\n|\n|t:|1771244086\n|teamsize|p1|4\n|teamsize|p2|4\n|start\n|switch|p1a: Calyrex|Calyrex-Ice, L50|100/100\n|switch|p1b: Urshifu|Urshifu-Rapid-Strike, L50, M|100/100\n|switch|p2a: Iron Treads|Iron Treads, L50|100/100\n|switch|p2b: Terapagos|Terapagos, L50, M|100/100\n|-activate|p2b: Terapagos|ability: Tera Shift\n|detailschange|p2b: Terapagos|Terapagos-Terastal, L50, M\n|-heal|p2b: Terapagos|100/100|[silent]\n|-ability|p1a: Calyrex|As One\n|-ability|p1a: Calyrex|Unnerve\n|turn|1\n|inactive|whisperd has 30 seconds left.\n|inactive|fogdocker has 30 seconds left.\n|inactive|whisperd has 20 seconds left.\n|\n|t:|1771244122\n|-end|p2a: Iron Treads|Quark Drive|[silent]\n|switch|p2a: Incineroar|Incineroar, L50, M|100/100\n|-ability|p2a: Incineroar|Intimidate|boost\n|-unboost|p1a: Calyrex|atk|1\n|-unboost|p1b: Urshifu|atk|1\n|move|p1b: Urshifu|Close Combat|p2a: Incineroar\n|-supereffective|p2a: Incineroar\n|-damage|p2a: Incineroar|40/100\n|-unboost|p1b: Urshifu|def|1\n|-unboost|p1b: Urshifu|spd|1\n|-damage|p1b: Urshifu|84/100|[from] item: Rocky Helmet|[of] p2a: Incineroar\n|move|p1a: Calyrex|Glacial Lance|p2a: Incineroar|[spread] p2a,p2b\n|-resisted|p2a: Incineroar\n|-activate|p2b: Terapagos|ability: Tera Shell\n|-resisted|p2b: Terapagos\n|-damage|p2a: Incineroar|26/100\n|-damage|p2b: Terapagos|84/100\n|move|p2b: Terapagos|Tera Starstorm|p1b: Urshifu\n|-crit|p1b: Urshifu\n|-damage|p1b: Urshifu|0 fnt\n|faint|p1b: Urshifu\n|\n|upkeep\n|\n|t:|1771244144\n|switch|p1b: Ogerpon|Ogerpon-Hearthflame, L50, F|100/100\n|-ability|p1b: Ogerpon|Mold Breaker\n|turn|2\n|l| lunala fairy ghost\n|\n|t:|1771244164\n|switch|p1a: Farigiraf|Farigiraf, L50, F|100/100\n|switch|p2a: Miraidon|Miraidon, L50|100/100\n|-fieldstart|move: Electric Terrain|[from] ability: Hadron Engine|[of] p2a: Miraidon\n|-enditem|p2b: Terapagos|Electric Seed\n|-boost|p2b: Terapagos|def|1|[from] item: Electric Seed\n|-enditem|p1a: Farigiraf|Electric Seed\n|-boost|p1a: Farigiraf|def|1|[from] item: Electric Seed\n|move|p1b: Ogerpon|Ivy Cudgel|p2b: Terapagos|[anim] Ivy Cudgel Fire\n|-damage|p2b: Terapagos|57/100\n|move|p2b: Terapagos|Calm Mind|p2b: Terapagos\n|-boost|p2b: Terapagos|spa|1\n|-boost|p2b: Terapagos|spd|1\n|\n|upkeep\n|turn|3\n|inactive|whisperd has 30 seconds left.\n|inactive|fogdocker has 30 seconds left.\n|\n|t:|1771244198\n|move|p1b: Ogerpon|Follow Me|p1b: Ogerpon\n|-singleturn|p1b: Ogerpon|move: Follow Me\n|move|p2a: Miraidon|Volt Switch|p1b: Ogerpon\n|-resisted|p1b: Ogerpon\n|-damage|p1b: Ogerpon|67/100\n|j| lunala fairy ghost\n|\n|t:|1771244203\n|switch|p2a: Incineroar|Incineroar, L50, M|26/100|[from] Volt Switch\n|-ability|p2a: Incineroar|Intimidate|boost\n|-unboost|p1a: Farigiraf|atk|1\n|-unboost|p1b: Ogerpon|atk|1\n|move|p2b: Terapagos|Tera Starstorm|p1b: Ogerpon\n|-damage|p1b: Ogerpon|0 fnt\n|faint|p1b: Ogerpon\n|move|p1a: Farigiraf|Trick Room|p1a: Farigiraf\n|-fieldstart|move: Trick Room|[of] p1a: Farigiraf\n|\n|upkeep\n|\n|t:|1771244214\n|switch|p1b: Calyrex|Calyrex-Ice, L50|100/100\n|-ability|p1b: Calyrex|As One\n|-ability|p1b: Calyrex|Unnerve\n|turn|4\n|inactive|fogdocker has 30 seconds left.\n|inactive|fogdocker has 20 seconds left.\n|inactive|fogdocker has 15 seconds left.\n|\n|t:|1771244258\n|switch|p2a: Iron Treads|Iron Treads, L50|100/100\n|-activate|p2a: Iron Treads|ability: Quark Drive\n|-start|p2a: Iron Treads|quarkdrivespe\n|-terastallize|p2b: Terapagos|Stellar\n|detailschange|p2b: Terapagos|Terapagos-Stellar, L50, M, tera:Stellar\n|-heal|p2b: Terapagos|68/100|[silent]\n|-ability|p2b: Terapagos|Teraform Zero\n|-fieldend|move: Electric Terrain\n|-end|p2a: Iron Treads|Quark Drive\n|move|p1a: Farigiraf|Helping Hand|p1b: Calyrex\n|-singleturn|p1b: Calyrex|Helping Hand|[of] p1a: Farigiraf\n|move|p2b: Terapagos|Tera Starstorm|p1a: Farigiraf|[spread] p1a,p1b\n|-damage|p1a: Farigiraf|52/100\n|-damage|p1b: Calyrex|59/100\n|move|p1b: Calyrex|Glacial Lance|p2a: Iron Treads|[spread] p2a,p2b\n|-damage|p2a: Iron Treads|25/100\n|-damage|p2b: Terapagos|36/100\n|\n|upkeep\n|turn|5\n|inactive|fogdocker has 30 seconds left.\n|inactive|fogdocker has 20 seconds left.\n|inactive|fogdocker has 15 seconds left.\n|\n|t:|1771244299\n|-end|p2a: Iron Treads|Quark Drive|[silent]\n|switch|p2a: Incineroar|Incineroar, L50, M|26/100\n|-ability|p2a: Incineroar|Intimidate|boost\n|-unboost|p1a: Farigiraf|atk|1\n|-unboost|p1b: Calyrex|atk|1\n|move|p1a: Farigiraf|Helping Hand|p1b: Calyrex\n|-singleturn|p1b: Calyrex|Helping Hand|[of] p1a: Farigiraf\n|move|p2b: Terapagos|Protect|p2b: Terapagos\n|-singleturn|p2b: Terapagos|Protect\n|move|p1b: Calyrex|Glacial Lance|p2a: Incineroar|[spread] p2a\n|-activate|p2b: Terapagos|move: Protect\n|-resisted|p2a: Incineroar\n|-damage|p2a: Incineroar|5/100\n|\n|upkeep\n|turn|6\n|\n|t:|1771244318\n|switch|p2a: Miraidon|Miraidon, L50|100/100\n|-fieldstart|move: Electric Terrain|[from] ability: Hadron Engine|[of] p2a: Miraidon\n|move|p1a: Farigiraf|Helping Hand|p1b: Calyrex\n|-singleturn|p1b: Calyrex|Helping Hand|[of] p1a: Farigiraf\n|move|p2b: Terapagos|Tera Starstorm|p1b: Calyrex|[spread] p1a,p1b\n|-damage|p1a: Farigiraf|2/100\n|-damage|p1b: Calyrex|15/100\n|move|p1b: Calyrex|Glacial Lance|p2a: Miraidon|[spread] p2a,p2b\n|-supereffective|p2a: Miraidon\n|-damage|p2a: Miraidon|0 fnt\n|-damage|p2b: Terapagos|12/100\n|faint|p2a: Miraidon\n|-ability|p1b: Calyrex|Chilling Neigh|boost\n|-boost|p1b: Calyrex|atk|1\n|\n|upkeep\n|\n|t:|1771244333\n|switch|p2a: Incineroar|Incineroar, L50, M|5/100\n|-ability|p2a: Incineroar|Intimidate|boost\n|-unboost|p1a: Farigiraf|atk|1\n|-unboost|p1b: Calyrex|atk|1\n|turn|7\n|j| Henry0117\n|\n|t:|1771244347\n|-terastallize|p1b: Calyrex|Water\n|move|p2a: Incineroar|Knock Off|p1a: Farigiraf\n|-supereffective|p1a: Farigiraf\n|-damage|p1a: Farigiraf|0 fnt\n|faint|p1a: Farigiraf\n|move|p2b: Terapagos|Tera Starstorm|p1b: Calyrex\n|-supereffective|p1b: Calyrex\n|-crit|p1b: Calyrex\n|-damage|p1b: Calyrex|0 fnt\n|faint|p1b: Calyrex\n|\n|win|fogdocker\n|raw|whisperd's rating: 1346 &rarr; <strong>1327</strong><br />(-19 for losing)\n|raw|fogdocker's rating: 1355 &rarr; <strong>1374</strong><br />(+19 for winning)\n|l|\u2606fogdocker\n|player|p2|\n|l|\u2606whisperd\n|player|p1|\n|l| Henry0117\n","uploadtime":1771244529,"views":28,"formatid":"gen9vgc2026regi","rating":1327,"private":0,"password":null}