{"id":"gen9vgc2026regi-2561951859","format":"[Gen 9] VGC 2026 Reg I","players":["rainbowpillar","Cello L."],"log":"|j|\u2606rainbowpillar\n|j|\u2606Cello L.\n|t:|1773857561\n|gametype|doubles\n|player|p1|rainbowpillar|dawn|1454\n|player|p2|Cello L.|psychic-gen4|1412\n|gen|9\n|tier|[Gen 9] VGC 2026 Reg I\n|rated|\n|rule|Species Clause: Limit one of each Pok\u00e9mon\n|rule|Item Clause: Limit 1 of each item\n|clearpoke\n|poke|p1|Lunala, L50|\n|poke|p1|Koraidon, L50|\n|poke|p1|Landorus-Therian, L50, M|\n|poke|p1|Kingambit, L50, M|\n|poke|p1|Indeedee-F, L50, F|\n|poke|p1|Venusaur, L50, F|\n|poke|p2|Kyogre, L50|\n|poke|p2|Calyrex-Ice, L50|\n|poke|p2|Flutter Mane, L50|\n|poke|p2|Urshifu-*, L50, M|\n|poke|p2|Rillaboom, L50, M|\n|poke|p2|Amoonguss, L50, M|\n|teampreview|4\n|\n|t:|1773857595\n|teamsize|p1|4\n|teamsize|p2|4\n|start\n|switch|p1a: Lunala|Lunala, L50|100/100\n|switch|p1b: Kingambit|Kingambit, L50, M|100/100\n|switch|p2a: Calyrex|Calyrex-Ice, L50|100/100\n|switch|p2b: Flutter Mane|Flutter Mane, L50|100/100\n|-ability|p2a: Calyrex|As One\n|-ability|p2a: Calyrex|Unnerve\n|turn|1\n|\n|t:|1773857613\n|-end|p2b: Flutter Mane|Protosynthesis|[silent]\n|switch|p2b: Amoonguss|Amoonguss, L50, M|100/100\n|-terastallize|p2a: Calyrex|Fairy\n|move|p1a: Lunala|Protect|p1a: Lunala\n|-singleturn|p1a: Lunala|Protect\n|move|p1b: Kingambit|Iron Head|p2b: Amoonguss\n|-damage|p2b: Amoonguss|58/100\n|-damage|p1b: Kingambit|84/100|[from] item: Rocky Helmet|[of] p2b: Amoonguss\n|move|p2a: Calyrex|Leech Seed|p1a: Lunala\n|-activate|p1a: Lunala|move: Protect\n|\n|upkeep\n|turn|2\n|\n|t:|1773857646\n|move|p1a: Lunala|Meteor Beam||[still]\n|-prepare|p1a: Lunala|Meteor Beam\n|-boost|p1a: Lunala|spa|1\n|-enditem|p1a: Lunala|Power Herb\n|-anim|p1a: Lunala|Meteor Beam|p2b: Amoonguss\n|-damage|p2b: Amoonguss|0 fnt\n|faint|p2b: Amoonguss\n|move|p1b: Kingambit|Iron Head|p2a: Calyrex\n|-supereffective|p2a: Calyrex\n|-damage|p2a: Calyrex|50/100\n|move|p2a: Calyrex|Trick Room|p2a: Calyrex\n|-fieldstart|move: Trick Room|[of] p2a: Calyrex\n|\n|-heal|p2a: Calyrex|56/100|[from] item: Leftovers\n|upkeep\n|\n|t:|1773857659\n|switch|p2b: Kyogre|Kyogre, L50|100/100\n|-weather|RainDance|[from] ability: Drizzle|[of] p2b: Kyogre\n|turn|3\n|\n|t:|1773857671\n|-terastallize|p1b: Kingambit|Water\n|move|p1a: Lunala|Protect|p1a: Lunala\n|-singleturn|p1a: Lunala|Protect\n|move|p2a: Calyrex|Leech Seed|p1a: Lunala\n|-activate|p1a: Lunala|move: Protect\n|move|p1b: Kingambit|Iron Head|p2a: Calyrex\n|-supereffective|p2a: Calyrex\n|-damage|p2a: Calyrex|6/100\n|move|p2b: Kyogre|Water Spout|p1b: Kingambit|[spread] p1b\n|-activate|p1a: Lunala|move: Protect\n|-resisted|p1b: Kingambit\n|-damage|p1b: Kingambit|44/100\n|\n|-weather|RainDance|[upkeep]\n|-heal|p2a: Calyrex|12/100|[from] item: Leftovers\n|upkeep\n|turn|4\n|\n|t:|1773857695\n|switch|p1a: Koraidon|Koraidon, L50, shiny|100/100\n|-weather|SunnyDay|[from] ability: Orichalcum Pulse|[of] p1a: Koraidon\n|-activate|p1a: Koraidon|Orichalcum Pulse|[source]\n|move|p2a: Calyrex|Protect|p2a: Calyrex\n|-singleturn|p2a: Calyrex|Protect\n|move|p1b: Kingambit|Iron Head|p2a: Calyrex\n|-activate|p2a: Calyrex|move: Protect\n|move|p2b: Kyogre|Water Spout|p1b: Kingambit|[spread] p1a,p1b\n|-resisted|p1a: Koraidon\n|-resisted|p1b: Kingambit\n|-damage|p1a: Koraidon|80/100\n|-damage|p1b: Kingambit|31/100\n|\n|-weather|SunnyDay|[upkeep]\n|-heal|p2a: Calyrex|17/100|[from] item: Leftovers\n|upkeep\n|turn|5\n|\n|t:|1773857714\n|switch|p2b: Flutter Mane|Flutter Mane, L50|100/100\n|-activate|p2b: Flutter Mane|ability: Protosynthesis\n|-start|p2b: Flutter Mane|protosynthesisspe\n|switch|p1a: Lunala|Lunala, L50|100/100\n|move|p2a: Calyrex|Glacial Lance|p1b: Kingambit|[spread] p1a,p1b\n|-resisted|p1b: Kingambit\n|-damage|p1a: Lunala|82/100\n|-damage|p1b: Kingambit|13/100\n|move|p1b: Kingambit|Iron Head|p2a: Calyrex\n|-supereffective|p2a: Calyrex\n|-damage|p2a: Calyrex|0 fnt\n|faint|p2a: Calyrex\n|\n|-weather|SunnyDay|[upkeep]\n|upkeep\n|\n|t:|1773857731\n|switch|p2a: Kyogre|Kyogre, L50|100/100\n|-weather|RainDance|[from] ability: Drizzle|[of] p2a: Kyogre\n|-end|p2b: Flutter Mane|Protosynthesis\n|turn|6\n|\n|t:|1773857751\n|move|p1a: Lunala|Protect|p1a: Lunala\n|-singleturn|p1a: Lunala|Protect\n|move|p1b: Kingambit|Sucker Punch|p2b: Flutter Mane\n|-damage|p2b: Flutter Mane|7/100\n|move|p2a: Kyogre|Water Spout|p1a: Lunala|[spread] p1b\n|-activate|p1a: Lunala|move: Protect\n|-resisted|p1b: Kingambit\n|-damage|p1b: Kingambit|0 fnt\n|faint|p1b: Kingambit\n|move|p2b: Flutter Mane|Moonblast|p1a: Lunala\n|-activate|p1a: Lunala|move: Protect\n|\n|-weather|RainDance|[upkeep]\n|-fieldend|move: Trick Room\n|upkeep\n|\n|t:|1773857760\n|switch|p1b: Venusaur|Venusaur, L50, F|100/100\n|turn|7\n|\n|t:|1773857771\n|move|p2b: Flutter Mane|Taunt|p1b: Venusaur\n|-start|p1b: Venusaur|move: Taunt\n|move|p2a: Kyogre|Water Spout|p1a: Lunala|[spread] p1a,p1b\n|-resisted|p1b: Venusaur\n|-damage|p1a: Lunala|0 fnt\n|-damage|p1b: Venusaur|27/100\n|faint|p1a: Lunala\n|move|p1b: Venusaur|Grass Knot|p2a: Kyogre\n|-supereffective|p2a: Kyogre\n|-damage|p2a: Kyogre|23/100\n|\n|-weather|RainDance|[upkeep]\n|upkeep\n|\n|t:|1773857777\n|switch|p1a: Koraidon|Koraidon, L50, shiny|80/100\n|-weather|SunnyDay|[from] ability: Orichalcum Pulse|[of] p1a: Koraidon\n|-activate|p2b: Flutter Mane|ability: Protosynthesis\n|-start|p2b: Flutter Mane|protosynthesisspe\n|-activate|p1a: Koraidon|Orichalcum Pulse|[source]\n|turn|8\n|\n|t:|1773857805\n|move|p2b: Flutter Mane|Moonblast|p1a: Koraidon\n|-supereffective|p1a: Koraidon\n|-damage|p1a: Koraidon|0 fnt\n|faint|p1a: Koraidon\n|move|p1b: Venusaur|Sludge Bomb|p2b: Flutter Mane\n|-damage|p2b: Flutter Mane|0 fnt\n|faint|p2b: Flutter Mane\n|-end|p2b: Flutter Mane|Protosynthesis|[silent]\n|move|p2a: Kyogre|Origin Pulse|p1b: Venusaur\n|-resisted|p1b: Venusaur\n|-damage|p1b: Venusaur|5/100\n|\n|-weather|SunnyDay|[upkeep]\n|upkeep\n|turn|9\n|\n|t:|1773857819\n|move|p2a: Kyogre|Protect|p2a: Kyogre\n|-singleturn|p2a: Kyogre|Protect\n|move|p1b: Venusaur|Grass Knot|p2a: Kyogre\n|-activate|p2a: Kyogre|move: Protect\n|\n|-weather|SunnyDay|[upkeep]\n|-end|p1b: Venusaur|move: Taunt\n|upkeep\n|turn|10\n|\n|t:|1773857851\n|move|p2a: Kyogre|Protect||[still]\n|-fail|p2a: Kyogre\n|move|p1b: Venusaur|Grass Knot|p2a: Kyogre\n|-supereffective|p2a: Kyogre\n|-damage|p2a: Kyogre|0 fnt\n|faint|p2a: Kyogre\n|\n|win|rainbowpillar\n|raw|rainbowpillar's rating: 1454 &rarr; <strong>1472</strong><br />(+18 for winning)\n|raw|Cello L.'s rating: 1412 &rarr; <strong>1394</strong><br />(-18 for losing)\n|l|\u2606Cello L.\n|player|p2|\n|l|\u2606rainbowpillar\n|player|p1|\n","uploadtime":1773858014,"views":10,"formatid":"gen9vgc2026regi","rating":1394,"private":0,"password":null}