{"id":"gen9vgc2026regi-2565244829","format":"[Gen 9] VGC 2026 Reg I","players":["nwjns999","ScribbleScribble"],"log":"|j|\u2606nwjns999\n|j|\u2606ScribbleScribble\n|t:|1774250729\n|gametype|doubles\n|player|p1|nwjns999|backpackerf|1562\n|player|p2|ScribbleScribble|mina-lgpe|1668\n|gen|9\n|tier|[Gen 9] VGC 2026 Reg I\n|rated|\n|rule|Species Clause: Limit one of each Pok\u00e9mon\n|rule|Item Clause: Limit 1 of each item\n|clearpoke\n|poke|p1|Terapagos, L50, M|\n|poke|p1|Rillaboom, L50, F|\n|poke|p1|Incineroar, L50, F|\n|poke|p1|Ogerpon-Cornerstone, L50, F|\n|poke|p1|Iron Valiant, L50|\n|poke|p1|Calyrex-Shadow, L50|\n|poke|p2|Calyrex-Ice, L50|\n|poke|p2|Kyogre, L50|\n|poke|p2|Tornadus, L50, M|\n|poke|p2|Indeedee-F, L50, F|\n|poke|p2|Urshifu-*, L50, F|\n|poke|p2|Landorus, L50, M|\n|teampreview|4\n|inactive|Battle timer is ON: inactive players will automatically lose when time's up. (requested by ScribbleScribble)\n|\n|t:|1774250746\n|teamsize|p1|4\n|teamsize|p2|4\n|start\n|switch|p1a: rex|Calyrex-Shadow, L50|100/100\n|switch|p1b: seed|Rillaboom, L50, F, shiny|100/100\n|switch|p2a: Tornadus|Tornadus, L50, M|100/100\n|switch|p2b: Urshifu|Urshifu-Rapid-Strike, L50, F|100/100\n|-ability|p1a: rex|As One\n|-ability|p1a: rex|Unnerve\n|-fieldstart|move: Grassy Terrain|[from] ability: Grassy Surge|[of] p1b: seed\n|turn|1\n|inactive|ScribbleScribble has 30 seconds left.\n|inactive|ScribbleScribble has 20 seconds left.\n|\n|t:|1774250785\n|-terastallize|p2a: Tornadus|Ghost\n|move|p1b: seed|Fake Out|p2b: Urshifu\n|-crit|p2b: Urshifu\n|-damage|p2b: Urshifu|85/100\n|move|p2a: Tornadus|Tailwind|p2a: Tornadus\n|-sidestart|p2: ScribbleScribble|move: Tailwind\n|cant|p2b: Urshifu|flinch\n|move|p1a: rex|Astral Barrage|p2b: Urshifu|[spread] p2a,p2b\n|-supereffective|p2a: Tornadus\n|-enditem|p2a: Tornadus|Focus Sash\n|-damage|p2a: Tornadus|1/100\n|-damage|p2b: Urshifu|0 fnt\n|faint|p2b: Urshifu\n|-ability|p1a: rex|Grim Neigh|boost\n|-boost|p1a: rex|spa|1\n|\n|-heal|p2a: Tornadus|7/100|[from] Grassy Terrain\n|upkeep\n|\n|t:|1774250798\n|switch|p2b: Calyrex|Calyrex-Ice, L50|100/100\n|-ability|p2b: Calyrex|As One\n|-ability|p2b: Calyrex|Unnerve\n|turn|2\n|\n|t:|1774250806\n|move|p1a: rex|Protect|p1a: rex\n|-singleturn|p1a: rex|Protect\n|move|p2a: Tornadus|Bleakwind Storm|p1a: rex|[spread] p1b\n|-activate|p1a: rex|move: Protect\n|-supereffective|p1b: seed\n|-crit|p1b: seed\n|-damage|p1b: seed|34/100\n|-unboost|p1b: seed|spe|1\n|move|p2b: Calyrex|Glacial Lance|p1a: rex|[spread] p1b\n|-activate|p1a: rex|move: Protect\n|-supereffective|p1b: seed\n|-damage|p1b: seed|0 fnt\n|faint|p1b: seed\n|-ability|p2b: Calyrex|Chilling Neigh|boost\n|-boost|p2b: Calyrex|atk|1\n|\n|-heal|p2a: Tornadus|13/100|[from] Grassy Terrain\n|upkeep\n|\n|t:|1774250810\n|switch|p1b: val|Iron Valiant, L50, shiny|100/100\n|-enditem|p1b: val|Booster Energy\n|-activate|p1b: val|ability: Quark Drive|[fromitem]\n|-start|p1b: val|quarkdrivespe\n|turn|3\n|\n|t:|1774250816\n|move|p1b: val|Wide Guard|p1b: val\n|-singleturn|p1b: val|Wide Guard\n|move|p2a: Tornadus|Taunt|p1b: val\n|-start|p1b: val|move: Taunt\n|move|p2b: Calyrex|Seed Bomb|p1a: rex\n|-damage|p1a: rex|21/100\n|move|p1a: rex|Astral Barrage|p2a: Tornadus|[spread] p2a,p2b\n|-supereffective|p2a: Tornadus\n|-supereffective|p2b: Calyrex\n|-damage|p2a: Tornadus|0 fnt\n|-damage|p2b: Calyrex|0 fnt\n|faint|p2a: Tornadus\n|faint|p2b: Calyrex\n|-ability|p1a: rex|Grim Neigh|boost\n|-boost|p1a: rex|spa|2\n|\n|-heal|p1a: rex|27/100|[from] Grassy Terrain\n|upkeep\n|\n|t:|1774250818\n|switch|p2b: Kyogre|Kyogre, L50|100/100\n|-weather|RainDance|[from] ability: Drizzle|[of] p2b: Kyogre\n|turn|4\n|\n|t:|1774250833\n|move|p2b: Kyogre|Water Spout|p1a: rex|[spread] p1a,p1b\n|-damage|p1a: rex|0 fnt\n|-damage|p1b: val|0 fnt\n|faint|p1a: rex\n|faint|p1b: val\n|-end|p1b: val|Quark Drive|[silent]\n|\n|-weather|RainDance|[upkeep]\n|-sideend|p2: ScribbleScribble|move: Tailwind\n|upkeep\n|\n|t:|1774250835\n|switch|p1b: soup|Terapagos, L50, M|100/100\n|-activate|p1b: soup|ability: Tera Shift\n|detailschange|p1b: soup|Terapagos-Terastal, L50, M\n|-heal|p1b: soup|100/100|[silent]\n|turn|5\n|\n|t:|1774250839\n|move|p2b: Kyogre|Water Spout|p1b: soup\n|-activate|p1b: soup|ability: Tera Shell\n|-resisted|p1b: soup\n|-damage|p1b: soup|30/100\n|move|p1b: soup|Calm Mind|p1b: soup\n|-boost|p1b: soup|spa|1\n|-boost|p1b: soup|spd|1\n|\n|-weather|RainDance|[upkeep]\n|-heal|p1b: soup|36/100|[from] Grassy Terrain\n|-heal|p1b: soup|42/100|[from] item: Leftovers\n|-fieldend|move: Grassy Terrain\n|upkeep\n|turn|6\n|\n|t:|1774250842\n|move|p1b: soup|Protect|p1b: soup\n|-singleturn|p1b: soup|Protect\n|move|p2b: Kyogre|Water Spout|p1b: soup\n|-activate|p1b: soup|move: Protect\n|\n|-weather|RainDance|[upkeep]\n|-heal|p1b: soup|48/100|[from] item: Leftovers\n|upkeep\n|turn|7\n|\n|t:|1774250846\n|-terastallize|p1b: soup|Stellar\n|detailschange|p1b: soup|Terapagos-Stellar, L50, M, tera:Stellar\n|-heal|p1b: soup|62/100|[silent]\n|-ability|p1b: soup|Teraform Zero\n|-weather|none\n|move|p2b: Kyogre|Water Spout|p1b: soup\n|-damage|p1b: soup|16/100\n|move|p1b: soup|Tera Starstorm|p2b: Kyogre\n|-damage|p2b: Kyogre|42/100\n|\n|-heal|p1b: soup|22/100|[from] item: Leftovers\n|upkeep\n|turn|8\n|\n|t:|1774250850\n|move|p1b: soup|Protect|p1b: soup\n|-singleturn|p1b: soup|Protect\n|move|p2b: Kyogre|Hydro Pump|p1b: soup\n|-activate|p1b: soup|move: Protect\n|\n|-heal|p1b: soup|29/100|[from] item: Leftovers\n|upkeep\n|turn|9\n|\n|t:|1774250852\n|move|p2b: Kyogre|Hydro Pump|p1b: soup\n|-damage|p1b: soup|0 fnt\n|faint|p1b: soup\n|detailschange|p1: soup|Terapagos, L50, M|[silent]\n|\n|win|ScribbleScribble\n|raw|nwjns999's rating: 1562 &rarr; <strong>1548</strong><br />(-14 for losing)\n|raw|ScribbleScribble's rating: 1668 &rarr; <strong>1682</strong><br />(+14 for winning)\n|l|\u2606nwjns999\n|player|p1|\n|l|\u2606ScribbleScribble\n|player|p2|\n","uploadtime":1774251025,"views":19,"formatid":"gen9vgc2026regi","rating":1548,"private":0,"password":null}