{"id":"gen9vgc2026regi-2519318906","format":"[Gen 9] VGC 2026 Reg I","players":["BanKingambit69247","serious mango"],"log":"|j|\u2606BanKingambit69247\n|j|\u2606serious mango\n|t:|1768495287\n|gametype|doubles\n|player|p1|BanKingambit69247|102|1125\n|player|p2|serious mango|265|1256\n|gen|9\n|tier|[Gen 9] VGC 2026 Reg I\n|rated|\n|rule|Species Clause: Limit one of each Pok\u00e9mon\n|rule|Item Clause: Limit 1 of each item\n|clearpoke\n|poke|p1|Calyrex-Ice, L50|\n|poke|p1|Koraidon, L50|\n|poke|p1|Incineroar, L50, M|\n|poke|p1|Rillaboom, L50, F|\n|poke|p1|Chi-Yu, L50|\n|poke|p1|Flutter Mane, L50|\n|poke|p2|Weezing-Galar, L50, F|\n|poke|p2|Eternatus, L50|\n|poke|p2|Groudon, L50|\n|poke|p2|Lilligant-Hisui, L50, F|\n|poke|p2|Roaring Moon, L50|\n|poke|p2|Torkoal, L50, F|\n|teampreview|4\n|inactive|Battle timer is ON: inactive players will automatically lose when time's up. (requested by serious mango)\n|inactive|BanKingambit69247 has 60 seconds left.\n|inactive|serious mango has 60 seconds left.\n|\n|t:|1768495338\n|teamsize|p1|4\n|teamsize|p2|4\n|start\n|switch|p1a: Flutter Mane|Flutter Mane, L50|100/100\n|switch|p1b: Calyrex|Calyrex-Ice, L50|100/100\n|switch|p2a: Weezing|Weezing-Galar, L50, F|100/100\n|switch|p2b: Groudon|Groudon, L50|100/100\n|-ability|p2a: Weezing|Neutralizing Gas\n|-ability|p1b: Calyrex|As One\n|-ability|p1b: Calyrex|Unnerve\n|turn|1\n|\n|t:|1768495349\n|-terastallize|p2b: Groudon|Fire\n|move|p2b: Groudon|Precipice Blades|p1b: Calyrex|[spread] p1a,p1b\n|-enditem|p1a: Flutter Mane|Focus Sash\n|-damage|p1a: Flutter Mane|1/100\n|-damage|p1b: Calyrex|71/100\n|move|p1a: Flutter Mane|Taunt|p2a: Weezing\n|-start|p2a: Weezing|move: Taunt\n|cant|p2a: Weezing|move: Taunt|Will-O-Wisp\n|move|p1b: Calyrex|Leech Seed|p2b: Groudon\n|-start|p2b: Groudon|move: Leech Seed\n|\n|-heal|p1b: Calyrex|77/100|[from] item: Leftovers\n|-damage|p2b: Groudon|88/100|[from] Leech Seed|[of] p1b: Calyrex\n|-heal|p1b: Calyrex|87/100|[silent]\n|upkeep\n|turn|2\n|\n|t:|1768495372\n|-end|p1a: Flutter Mane|Protosynthesis|[silent]\n|switch|p1a: Rillaboom|Rillaboom, L50, F|100/100\n|move|p2b: Groudon|Precipice Blades|p1a: Rillaboom|[spread] p1a,p1b\n|-resisted|p1a: Rillaboom\n|-damage|p1a: Rillaboom|77/100\n|-damage|p1b: Calyrex|54/100\n|move|p2a: Weezing|Strange Steam|p1b: Calyrex\n|-damage|p1b: Calyrex|36/100\n|-start|p1b: Calyrex|confusion\n|-activate|p1b: Calyrex|confusion\n|move|p1b: Calyrex|Glacial Lance|p2b: Groudon|[spread] p2a,p2b\n|-resisted|p2b: Groudon\n|-damage|p2a: Weezing|48/100\n|-damage|p2b: Groudon|66/100\n|\n|-heal|p1b: Calyrex|42/100|[from] item: Leftovers\n|-damage|p2b: Groudon|54/100|[from] Leech Seed|[of] p1b: Calyrex\n|-heal|p1b: Calyrex|52/100|[silent]\n|upkeep\n|turn|3\n|\n|t:|1768495393\n|switch|p2b: Roaring Moon|Roaring Moon, L50|100/100\n|move|p1a: Rillaboom|Fake Out|p2a: Weezing\n|-damage|p2a: Weezing|37/100\n|cant|p2a: Weezing|flinch\n|-activate|p1b: Calyrex|confusion\n|-damage|p1b: Calyrex|42/100|[from] confusion\n|\n|-heal|p1b: Calyrex|48/100|[from] item: Leftovers\n|-end|p2a: Weezing|move: Taunt\n|upkeep\n|turn|4\n|\n|t:|1768495409\n|switch|p1a: Incineroar|Incineroar, L50, M|100/100\n|-activate|p1b: Calyrex|confusion\n|-damage|p1b: Calyrex|37/100|[from] confusion\n|move|p2b: Roaring Moon|Knock Off|p1b: Calyrex\n|-supereffective|p1b: Calyrex\n|-damage|p1b: Calyrex|0 fnt\n|-enditem|p1b: Calyrex|Leftovers|[from] move: Knock Off|[of] p2b: Roaring Moon\n|-enditem|p2a: Weezing|Sitrus Berry|[eat]\n|-heal|p2a: Weezing|62/100|[from] item: Sitrus Berry\n|faint|p1b: Calyrex\n|move|p2a: Weezing|Will-O-Wisp|p1a: Incineroar\n|-immune|p1a: Incineroar\n|\n|upkeep\n|\n|t:|1768495416\n|switch|p1b: Flutter Mane|Flutter Mane, L50|1/100\n|turn|5\n|\n|t:|1768495436\n|-end|p2a: Weezing|ability: Neutralizing Gas\n|-ability|p1a: Incineroar|Intimidate|boost\n|-unboost|p2a: Weezing|atk|1\n|-unboost|p2b: Roaring Moon|atk|1\n|switch|p2a: Groudon|Groudon, L50, tera:Fire|54/100\n|-enditem|p2b: Roaring Moon|Booster Energy\n|-activate|p2b: Roaring Moon|ability: Protosynthesis|[fromitem]\n|-start|p2b: Roaring Moon|protosynthesisspe\n|-weather|SunnyDay|[from] ability: Drought|[of] p2a: Groudon\n|-activate|p1b: Flutter Mane|ability: Protosynthesis\n|-start|p1b: Flutter Mane|protosynthesisspe\n|move|p1a: Incineroar|Fake Out|p2a: Groudon\n|-damage|p2a: Groudon|46/100\n|move|p1b: Flutter Mane|Moonblast|p2b: Roaring Moon\n|-supereffective|p2b: Roaring Moon\n|-damage|p2b: Roaring Moon|0 fnt\n|faint|p2b: Roaring Moon\n|-end|p2b: Roaring Moon|Protosynthesis|[silent]\n|\n|-weather|SunnyDay|[upkeep]\n|upkeep\n|\n|t:|1768495451\n|switch|p2b: Lilligant|Lilligant-Hisui, L50, F|100/100\n|turn|6\n|\n|t:|1768495459\n|-end|p1b: Flutter Mane|Protosynthesis|[silent]\n|switch|p1b: Rillaboom|Rillaboom, L50, F|77/100\n|-fieldstart|move: Grassy Terrain|[from] ability: Grassy Surge|[of] p1b: Rillaboom\n|-terastallize|p1a: Incineroar|Grass\n|move|p2b: Lilligant|After You|p2a: Groudon\n|-activate|p2a: Groudon|move: After You\n|move|p2a: Groudon|Precipice Blades|p1b: Rillaboom|[spread] p1a,p1b\n|-resisted|p1a: Incineroar\n|-resisted|p1b: Rillaboom\n|-damage|p1a: Incineroar|79/100\n|-damage|p1b: Rillaboom|53/100\n|move|p1a: Incineroar|Knock Off|p2a: Groudon\n|-damage|p2a: Groudon|19/100\n|-enditem|p2a: Groudon|Choice Scarf|[from] move: Knock Off|[of] p1a: Incineroar\n|\n|-weather|SunnyDay|[upkeep]\n|-heal|p2a: Groudon|24/100|[from] Grassy Terrain\n|-heal|p1b: Rillaboom|59/100|[from] Grassy Terrain\n|-heal|p1a: Incineroar|85/100|[from] Grassy Terrain\n|upkeep\n|turn|7\n|inactive|serious mango has 30 seconds left.\n|\n|t:|1768495486\n|switch|p2b: Weezing|Weezing-Galar, L50, F|62/100\n|-ability|p2b: Weezing|Neutralizing Gas\n|move|p1b: Rillaboom|Fake Out|p2b: Weezing\n|-damage|p2b: Weezing|50/100\n|move|p2a: Groudon|Fire Punch|p1a: Incineroar\n|-supereffective|p1a: Incineroar\n|-damage|p1a: Incineroar|0 fnt\n|faint|p1a: Incineroar\n|\n|-weather|SunnyDay|[upkeep]\n|-heal|p2a: Groudon|30/100|[from] Grassy Terrain\n|-heal|p1b: Rillaboom|65/100|[from] Grassy Terrain\n|-heal|p2b: Weezing|56/100|[from] Grassy Terrain\n|upkeep\n|\n|t:|1768495490\n|switch|p1a: Flutter Mane|Flutter Mane, L50|1/100\n|turn|8\n|\n|t:|1768495509\n|move|p1a: Flutter Mane|Shadow Ball|p2a: Groudon\n|-damage|p2a: Groudon|0 fnt\n|faint|p2a: Groudon\n|move|p1b: Rillaboom|Wood Hammer|p2b: Weezing\n|-resisted|p2b: Weezing\n|-damage|p2b: Weezing|25/100\n|-damage|p1b: Rillaboom|57/100|[from] Recoil\n|move|p2b: Weezing|Will-O-Wisp|p1b: Rillaboom\n|-status|p1b: Rillaboom|brn\n|\n|-weather|SunnyDay|[upkeep]\n|-heal|p1a: Flutter Mane|7/100|[from] Grassy Terrain\n|-heal|p1b: Rillaboom|62/100 brn|[from] Grassy Terrain\n|-heal|p2b: Weezing|31/100|[from] Grassy Terrain\n|-damage|p1b: Rillaboom|57/100 brn|[from] brn\n|upkeep\n|\n|t:|1768495516\n|switch|p2a: Lilligant|Lilligant-Hisui, L50, F|100/100\n|turn|9\n|\n|t:|1768495526\n|move|p1b: Rillaboom|Grassy Glide|p2a: Lilligant\n|-resisted|p2a: Lilligant\n|-damage|p2a: Lilligant|87/100\n|move|p1a: Flutter Mane|Moonblast|p2a: Lilligant\n|-supereffective|p2a: Lilligant\n|-damage|p2a: Lilligant|0 fnt\n|faint|p2a: Lilligant\n|move|p2b: Weezing|Strange Steam|p1b: Rillaboom\n|-damage|p1b: Rillaboom|37/100 brn\n|\n|-weather|none\n|-heal|p1a: Flutter Mane|13/100|[from] Grassy Terrain\n|-heal|p1b: Rillaboom|43/100 brn|[from] Grassy Terrain\n|-heal|p2b: Weezing|37/100|[from] Grassy Terrain\n|-damage|p1b: Rillaboom|37/100 brn|[from] brn\n|upkeep\n|turn|10\n|\n|t:|1768495536\n|move|p1a: Flutter Mane|Shadow Ball|p2b: Weezing\n|-damage|p2b: Weezing|0 fnt\n|faint|p2b: Weezing\n|-end|p2b: Weezing|ability: Neutralizing Gas\n|\n|win|BanKingambit69247\n|raw|BanKingambit69247's rating: 1125 &rarr; <strong>1159</strong><br />(+34 for winning)\n|raw|serious mango's rating: 1256 &rarr; <strong>1222</strong><br />(-34 for losing)\n","uploadtime":1768495538,"views":12,"formatid":"gen9vgc2026regi","rating":1159,"private":0,"password":null}