{"id":"gen9vgc2026regi-2526518365","format":"[Gen 9] VGC 2026 Reg I","players":["ky123456","ice spice rider"],"log":"|j|\u2606ky123456\n|j|\u2606ice spice rider\n|t:|1769428595\n|gametype|doubles\n|player|p1|ky123456|cynthia-gen4|1550\n|player|p2|ice spice rider|1|1396\n|gen|9\n|tier|[Gen 9] VGC 2026 Reg I\n|rated|\n|rule|Species Clause: Limit one of each Pok\u00e9mon\n|rule|Item Clause: Limit 1 of each item\n|clearpoke\n|poke|p1|Koraidon, L50|\n|poke|p1|Calyrex-Ice, L50|\n|poke|p1|Incineroar, L50, F|\n|poke|p1|Smeargle, L50, M|\n|poke|p1|Rillaboom, L50, M|\n|poke|p1|Landorus, L50, M|\n|poke|p2|Calyrex-Shadow, L50|\n|poke|p2|Zamazenta-*, L50|\n|poke|p2|Ting-Lu, L50|\n|poke|p2|Dondozo, L50, F|\n|poke|p2|Chien-Pao, L50|\n|poke|p2|Ogerpon-Hearthflame, L50, F|\n|teampreview|4\n|\n|t:|1769428622\n|teamsize|p1|4\n|teamsize|p2|4\n|start\n|switch|p1a: Calyrex|Calyrex-Ice, L50|100/100\n|switch|p1b: Smeargle|Smeargle, L50, M|100/100\n|switch|p2a: 221 speed|Calyrex-Shadow, L50|100/100\n|switch|p2b: Chromakopia|Ogerpon-Hearthflame, L50, F|100/100\n|-ability|p2a: 221 speed|As One\n|-ability|p2a: 221 speed|Unnerve\n|-ability|p1a: Calyrex|As One\n|-ability|p1a: Calyrex|Unnerve\n|-ability|p2b: Chromakopia|Mold Breaker\n|turn|1\n|\n|t:|1769428638\n|-terastallize|p1a: Calyrex|Fairy\n|move|p1b: Smeargle|Spiky Shield|p1b: Smeargle\n|-singleturn|p1b: Smeargle|move: Protect\n|move|p2a: 221 speed|Astral Barrage|p1b: Smeargle|[spread] p1a\n|-activate|p1b: Smeargle|move: Protect\n|-damage|p1a: Calyrex|70/100\n|move|p2b: Chromakopia|Ivy Cudgel|p1a: Calyrex|[anim] Ivy Cudgel Fire\n|-damage|p1a: Calyrex|28/100\n|move|p1a: Calyrex|Glacial Lance|p2a: 221 speed|[spread] p2a,p2b\n|-damage|p2a: 221 speed|33/100\n|-damage|p2b: Chromakopia|31/100\n|\n|-heal|p1a: Calyrex|34/100|[from] item: Leftovers\n|-ability|p1b: Smeargle|Moody|boost\n|-boost|p1b: Smeargle|atk|2\n|-unboost|p1b: Smeargle|def|1\n|upkeep\n|turn|2\n|\n|t:|1769428661\n|switch|p2a: Magnus Carlsen|Zamazenta-Crowned, L50|100/100\n|-ability|p2a: Magnus Carlsen|Dauntless Shield|boost\n|-boost|p2a: Magnus Carlsen|def|1\n|switch|p1b: Incineroar|Incineroar, L50, F|100/100\n|-ability|p1b: Incineroar|Intimidate|boost\n|-unboost|p2a: Magnus Carlsen|atk|1\n|-unboost|p2b: Chromakopia|atk|1\n|move|p1a: Calyrex|Protect|p1a: Calyrex\n|-singleturn|p1a: Calyrex|Protect\n|move|p2b: Chromakopia|Ivy Cudgel|p1a: Calyrex|[anim] Ivy Cudgel Fire\n|-activate|p1a: Calyrex|move: Protect\n|\n|-heal|p1a: Calyrex|40/100|[from] item: Leftovers\n|upkeep\n|turn|3\n|\n|t:|1769428692\n|switch|p2b: Emergency Button|Chien-Pao, L50|100/100\n|-ability|p2b: Emergency Button|Sword of Ruin\n|move|p1b: Incineroar|Fake Out|p2a: Magnus Carlsen\n|-resisted|p2a: Magnus Carlsen\n|-damage|p2a: Magnus Carlsen|98/100\n|cant|p2a: Magnus Carlsen|flinch\n|move|p1a: Calyrex|Leech Seed|p2a: Magnus Carlsen\n|-start|p2a: Magnus Carlsen|move: Leech Seed\n|\n|-heal|p1a: Calyrex|45/100|[from] item: Leftovers\n|-damage|p2a: Magnus Carlsen|85/100|[from] Leech Seed|[of] p1a: Calyrex\n|-heal|p1a: Calyrex|56/100|[silent]\n|upkeep\n|turn|4\n|\n|t:|1769428707\n|switch|p1b: Smeargle|Smeargle, L50, M|100/100\n|-terastallize|p2b: Emergency Button|Stellar\n|move|p1a: Calyrex|Protect|p1a: Calyrex\n|-singleturn|p1a: Calyrex|Protect\n|move|p2b: Emergency Button|Ice Spinner|p1a: Calyrex\n|-activate|p1a: Calyrex|move: Protect\n|move|p2a: Magnus Carlsen|Body Press|p1b: Smeargle\n|-supereffective|p1b: Smeargle\n|-enditem|p1b: Smeargle|Focus Sash\n|-damage|p1b: Smeargle|1/100\n|\n|-heal|p1a: Calyrex|62/100|[from] item: Leftovers\n|-damage|p2a: Magnus Carlsen|73/100|[from] Leech Seed|[of] p1a: Calyrex\n|-heal|p1a: Calyrex|72/100|[silent]\n|-ability|p1b: Smeargle|Moody|boost\n|-boost|p1b: Smeargle|def|2\n|-unboost|p1b: Smeargle|atk|1\n|upkeep\n|turn|5\n|\n|t:|1769428748\n|move|p2a: Magnus Carlsen|Wide Guard|p2a: Magnus Carlsen\n|-singleturn|p2a: Magnus Carlsen|Wide Guard\n|move|p1b: Smeargle|Follow Me|p1b: Smeargle\n|-singleturn|p1b: Smeargle|move: Follow Me\n|move|p2b: Emergency Button|Ice Spinner|p1b: Smeargle\n|-damage|p1b: Smeargle|0 fnt\n|faint|p1b: Smeargle\n|-damage|p2b: Emergency Button|91/100|[from] item: Life Orb\n|move|p1a: Calyrex|Leech Seed|p2b: Emergency Button\n|-start|p2b: Emergency Button|move: Leech Seed\n|\n|-heal|p1a: Calyrex|78/100|[from] item: Leftovers\n|-damage|p2b: Emergency Button|79/100|[from] Leech Seed|[of] p1a: Calyrex\n|-heal|p1a: Calyrex|87/100|[silent]\n|-damage|p2a: Magnus Carlsen|61/100|[from] Leech Seed|[of] p1a: Calyrex\n|-heal|p1a: Calyrex|98/100|[silent]\n|upkeep\n|\n|t:|1769428766\n|switch|p1b: Incineroar|Incineroar, L50, F|100/100\n|-ability|p1b: Incineroar|Intimidate|boost\n|-unboost|p2a: Magnus Carlsen|atk|1\n|-unboost|p2b: Emergency Button|atk|1\n|turn|6\n|\n|t:|1769428808\n|switch|p2b: Chromakopia|Ogerpon-Hearthflame, L50, F|31/100\n|-ability|p2b: Chromakopia|Mold Breaker\n|move|p2a: Magnus Carlsen|Wide Guard|p2a: Magnus Carlsen\n|-singleturn|p2a: Magnus Carlsen|Wide Guard\n|move|p1b: Incineroar|Fake Out|p2a: Magnus Carlsen\n|-resisted|p2a: Magnus Carlsen\n|-damage|p2a: Magnus Carlsen|59/100\n|move|p1a: Calyrex|Glacial Lance|p2a: Magnus Carlsen|[spread] \n|-activate|p2a: Magnus Carlsen|move: Wide Guard\n|-activate|p2b: Chromakopia|move: Wide Guard\n|\n|-heal|p1a: Calyrex|100/100|[from] item: Leftovers\n|-damage|p2a: Magnus Carlsen|47/100|[from] Leech Seed|[of] p1a: Calyrex\n|upkeep\n|turn|7\n|\n|t:|1769428837\n|move|p2a: Magnus Carlsen|Body Press|p1b: Incineroar\n|-supereffective|p1b: Incineroar\n|-damage|p1b: Incineroar|0 fnt\n|faint|p1b: Incineroar\n|move|p2b: Chromakopia|Ivy Cudgel|p1a: Calyrex|[anim] Ivy Cudgel Fire\n|-damage|p1a: Calyrex|58/100\n|move|p1a: Calyrex|Trick Room|p1a: Calyrex\n|-fieldstart|move: Trick Room|[of] p1a: Calyrex\n|\n|-heal|p1a: Calyrex|64/100|[from] item: Leftovers\n|-damage|p2a: Magnus Carlsen|34/100|[from] Leech Seed|[of] p1a: Calyrex\n|-heal|p1a: Calyrex|75/100|[silent]\n|upkeep\n|\n|t:|1769428840\n|switch|p1b: Koraidon|Koraidon, L50|100/100\n|-weather|SunnyDay|[from] ability: Orichalcum Pulse|[of] p1b: Koraidon\n|-activate|p1b: Koraidon|Orichalcum Pulse|[source]\n|turn|8\n|\n|t:|1769428868\n|move|p1a: Calyrex|Protect|p1a: Calyrex\n|-singleturn|p1a: Calyrex|Protect\n|move|p2a: Magnus Carlsen|Wide Guard|p2a: Magnus Carlsen\n|-singleturn|p2a: Magnus Carlsen|Wide Guard\n|move|p2b: Chromakopia|Ivy Cudgel|p1b: Koraidon|[anim] Ivy Cudgel Fire\n|-resisted|p1b: Koraidon\n|-damage|p1b: Koraidon|61/100\n|move|p1b: Koraidon|Low Kick|p2b: Chromakopia\n|-damage|p2b: Chromakopia|0 fnt\n|faint|p2b: Chromakopia\n|\n|-weather|SunnyDay|[upkeep]\n|-heal|p1a: Calyrex|81/100|[from] item: Leftovers\n|-damage|p2a: Magnus Carlsen|22/100|[from] Leech Seed|[of] p1a: Calyrex\n|-heal|p1a: Calyrex|91/100|[silent]\n|upkeep\n|\n|t:|1769428881\n|switch|p2b: Emergency Button|Chien-Pao, L50, tera:Stellar|79/100\n|-ability|p2b: Emergency Button|Sword of Ruin\n|turn|9\n|\n|t:|1769428909\n|move|p2a: Magnus Carlsen|Wide Guard|p2a: Magnus Carlsen\n|-singleturn|p2a: Magnus Carlsen|Wide Guard\n|move|p2b: Emergency Button|Ice Shard|p1b: Koraidon\n|-supereffective|p1b: Koraidon\n|-damage|p1b: Koraidon|0 fnt\n|faint|p1b: Koraidon\n|-damage|p2b: Emergency Button|69/100|[from] item: Life Orb\n|move|p1a: Calyrex|Glacial Lance|p2b: Emergency Button|[spread] \n|-activate|p2a: Magnus Carlsen|move: Wide Guard\n|-activate|p2b: Emergency Button|move: Wide Guard\n|\n|-weather|SunnyDay|[upkeep]\n|-heal|p1a: Calyrex|97/100|[from] item: Leftovers\n|-damage|p2a: Magnus Carlsen|10/100|[from] Leech Seed|[of] p1a: Calyrex\n|-heal|p1a: Calyrex|100/100|[silent]\n|upkeep\n|turn|10\n|\n|t:|1769428920\n|move|p2a: Magnus Carlsen|Wide Guard|p2a: Magnus Carlsen\n|-singleturn|p2a: Magnus Carlsen|Wide Guard\n|move|p1a: Calyrex|Leech Seed|p2b: Emergency Button\n|-start|p2b: Emergency Button|move: Leech Seed\n|move|p2b: Emergency Button|Ice Spinner|p1a: Calyrex\n|-damage|p1a: Calyrex|51/100\n|-damage|p2b: Emergency Button|59/100|[from] item: Life Orb\n|\n|-weather|SunnyDay|[upkeep]\n|-heal|p1a: Calyrex|57/100|[from] item: Leftovers\n|-damage|p2a: Magnus Carlsen|0 fnt|[from] Leech Seed|[of] p1a: Calyrex\n|-heal|p1a: Calyrex|65/100|[silent]\n|faint|p2a: Magnus Carlsen\n|-damage|p2b: Emergency Button|47/100|[from] Leech Seed|[of] p1a: Calyrex\n|-heal|p1a: Calyrex|74/100|[silent]\n|upkeep\n|\n|t:|1769428926\n|switch|p2a: 221 speed|Calyrex-Shadow, L50|33/100\n|-ability|p2a: 221 speed|As One\n|-ability|p2a: 221 speed|Unnerve\n|turn|11\n|\n|t:|1769428933\n|move|p2a: 221 speed|Protect|p2a: 221 speed\n|-singleturn|p2a: 221 speed|Protect\n|move|p2b: Emergency Button|Ice Shard|p1a: Calyrex\n|-damage|p1a: Calyrex|51/100\n|-damage|p2b: Emergency Button|37/100|[from] item: Life Orb\n|move|p1a: Calyrex|Glacial Lance|p2a: 221 speed|[spread] p2b\n|-activate|p2a: 221 speed|move: Protect\n|-resisted|p2b: Emergency Button\n|-damage|p2b: Emergency Button|0 fnt\n|faint|p2b: Emergency Button\n|-ability|p1a: Calyrex|Chilling Neigh|boost\n|-boost|p1a: Calyrex|atk|1\n|\n|-weather|SunnyDay|[upkeep]\n|-heal|p1a: Calyrex|57/100|[from] item: Leftovers\n|-fieldend|move: Trick Room\n|upkeep\n|turn|12\n|\n|t:|1769428965\n|move|p2a: 221 speed|Astral Barrage|p1a: Calyrex\n|-damage|p1a: Calyrex|16/100\n|move|p1a: Calyrex|Glacial Lance|p2a: 221 speed\n|-damage|p2a: 221 speed|0 fnt\n|faint|p2a: 221 speed\n|\n|win|ky123456\n|raw|ky123456's rating: 1550 &rarr; <strong>1563</strong><br />(+13 for winning)\n|raw|ice spice rider's rating: 1432 &rarr; <strong>1419</strong><br />(-13 for losing)\n|l|\u2606ice spice rider\n|player|p2|\n|l|\u2606ky123456\n|player|p1|\n","uploadtime":1769429125,"views":14,"formatid":"gen9vgc2026regi","rating":1419,"private":0,"password":null}