{"id":"gen9vgc2026regi-2517992561","format":"[Gen 9] VGC 2026 Reg I","players":["Ice124567890","Schimmli"],"log":"|j|\u2606Ice124567890\n|j|\u2606Schimmli\n|t:|1768331799\n|gametype|doubles\n|player|p1|Ice124567890|2|1335\n|player|p2|Schimmli|1|1350\n|gen|9\n|tier|[Gen 9] VGC 2026 Reg I\n|rated|\n|rule|Species Clause: Limit one of each Pok\u00e9mon\n|rule|Item Clause: Limit 1 of each item\n|clearpoke\n|poke|p1|Zacian-*, L50|\n|poke|p1|Calyrex-Shadow, L50|\n|poke|p1|Tornadus, L50, M|\n|poke|p1|Landorus, L50, M|\n|poke|p1|Urshifu-*, L50, F|\n|poke|p1|Incineroar, L50, F|\n|poke|p2|Farigiraf, L50, M|\n|poke|p2|Miraidon, L50|\n|poke|p2|Rayquaza, L50|\n|poke|p2|Chien-Pao, L50|\n|poke|p2|Iron Hands, L50|\n|poke|p2|Volcarona, L50, M|\n|teampreview|4\n|inactive|Battle timer is ON: inactive players will automatically lose when time's up. (requested by Ice124567890)\n|inactive|Schimmli has 60 seconds left.\n|\n|t:|1768331835\n|teamsize|p1|4\n|teamsize|p2|4\n|start\n|switch|p1a: Zacian|Zacian-Crowned, L50|100/100\n|switch|p1b: Incineroar|Incineroar, L50, F|100/100\n|switch|p2a: Miraidon|Miraidon, L50|100/100\n|switch|p2b: Iron Hands|Iron Hands, L50|100/100\n|-fieldstart|move: Electric Terrain|[from] ability: Hadron Engine|[of] p2a: Miraidon\n|-activate|p2b: Iron Hands|ability: Quark Drive\n|-start|p2b: Iron Hands|quarkdriveatk\n|-ability|p1a: Zacian|Intrepid Sword|boost\n|-boost|p1a: Zacian|atk|1\n|-ability|p1b: Incineroar|Intimidate|boost\n|-unboost|p2a: Miraidon|atk|1\n|-unboost|p2b: Iron Hands|atk|1\n|turn|1\n|\n|t:|1768331853\n|move|p1b: Incineroar|Fake Out|p2b: Iron Hands\n|-damage|p2b: Iron Hands|92/100\n|cant|p2b: Iron Hands|flinch\n|move|p2a: Miraidon|Volt Switch|p1a: Zacian\n|-damage|p1a: Zacian|41/100\n|\n|t:|1768331860\n|switch|p2a: Volcarona|Volcarona, L50, M|100/100|[from] Volt Switch\n|move|p1a: Zacian|Play Rough|p2a: Volcarona\n|-resisted|p2a: Volcarona\n|-damage|p2a: Volcarona|66/100\n|-damage|p1a: Zacian|24/100|[from] item: Rocky Helmet|[of] p2a: Volcarona\n|-status|p1a: Zacian|brn|[from] ability: Flame Body|[of] p2a: Volcarona\n|\n|-damage|p1a: Zacian|18/100 brn|[from] brn\n|upkeep\n|turn|2\n|\n|t:|1768331882\n|move|p1a: Zacian|Play Rough|p2b: Iron Hands\n|-supereffective|p2b: Iron Hands\n|-damage|p2b: Iron Hands|44/100\n|move|p2a: Volcarona|Struggle Bug|p1b: Incineroar|[spread] p1a,p1b\n|-resisted|p1a: Zacian\n|-damage|p1a: Zacian|15/100 brn\n|-damage|p1b: Incineroar|90/100\n|-unboost|p1a: Zacian|spa|1\n|-unboost|p1b: Incineroar|spa|1\n|move|p1b: Incineroar|Flare Blitz|p2b: Iron Hands\n|-crit|p2b: Iron Hands\n|-damage|p2b: Iron Hands|0 fnt\n|faint|p2b: Iron Hands\n|-end|p2b: Iron Hands|Quark Drive|[silent]\n|-damage|p1b: Incineroar|73/100|[from] Recoil\n|\n|-damage|p1a: Zacian|9/100 brn|[from] brn\n|upkeep\n|\n|t:|1768331897\n|switch|p2b: Rayquaza|Rayquaza, L50|100/100\n|-ability|p2b: Rayquaza|Air Lock\n|turn|3\n|\n|t:|1768331910\n|switch|p1a: Calyrex|Calyrex-Shadow, L50|100/100\n|-ability|p1a: Calyrex|As One\n|-ability|p1a: Calyrex|Unnerve\n|move|p2a: Volcarona|Rage Powder|p2a: Volcarona\n|-singleturn|p2a: Volcarona|move: Rage Powder\n|move|p2b: Rayquaza|Swords Dance|p2b: Rayquaza\n|-boost|p2b: Rayquaza|atk|2\n|move|p1b: Incineroar|Knock Off|p2a: Volcarona\n|-damage|p2a: Volcarona|26/100\n|-damage|p1b: Incineroar|56/100|[from] item: Rocky Helmet|[of] p2a: Volcarona\n|-enditem|p2a: Volcarona|Rocky Helmet|[from] move: Knock Off|[of] p1b: Incineroar\n|\n|upkeep\n|turn|4\n|\n|t:|1768331931\n|-terastallize|p2b: Rayquaza|Normal\n|move|p2b: Rayquaza|Extreme Speed|p1b: Incineroar\n|-damage|p1b: Incineroar|0 fnt\n|faint|p1b: Incineroar\n|move|p1a: Calyrex|Astral Barrage|p2a: Volcarona|[spread] p2a\n|-immune|p2b: Rayquaza\n|-damage|p2a: Volcarona|0 fnt\n|faint|p2a: Volcarona\n|-ability|p1a: Calyrex|Grim Neigh|boost\n|-boost|p1a: Calyrex|spa|1\n|\n|upkeep\n|\n|t:|1768331943\n|switch|p2a: Miraidon|Miraidon, L50|100/100\n|switch|p1b: Urshifu|Urshifu-Rapid-Strike, L50, F|100/100\n|-activate|p2a: Miraidon|ability: Hadron Engine\n|turn|5\n|\n|t:|1768331959\n|-terastallize|p1a: Calyrex|Ghost\n|move|p1b: Urshifu|Detect|p1b: Urshifu\n|-singleturn|p1b: Urshifu|Protect\n|move|p2b: Rayquaza|Extreme Speed|p1b: Urshifu\n|-activate|p1b: Urshifu|move: Protect\n|move|p2a: Miraidon|Snarl|p1b: Urshifu|[spread] p1a\n|-activate|p1b: Urshifu|move: Protect\n|-supereffective|p1a: Calyrex\n|-damage|p1a: Calyrex|56/100\n|-unboost|p1a: Calyrex|spa|1\n|move|p1a: Calyrex|Astral Barrage|p2a: Miraidon|[spread] p2a\n|-immune|p2b: Rayquaza\n|-damage|p2a: Miraidon|40/100\n|\n|-fieldend|move: Electric Terrain\n|upkeep\n|turn|6\n|\n|t:|1768331981\n|switch|p1b: Zacian|Zacian-Crowned, L50|9/100 brn\n|move|p2b: Rayquaza|Extreme Speed|p1b: Zacian\n|-resisted|p1b: Zacian\n|-damage|p1b: Zacian|0 fnt\n|faint|p1b: Zacian\n|move|p2a: Miraidon|Snarl|p1a: Calyrex\n|-supereffective|p1a: Calyrex\n|-damage|p1a: Calyrex|14/100\n|-unboost|p1a: Calyrex|spa|1\n|move|p1a: Calyrex|Disable|p2a: Miraidon\n|-start|p2a: Miraidon|Disable|Snarl\n|\n|upkeep\n|\n|t:|1768331983\n|switch|p1b: Urshifu|Urshifu-Rapid-Strike, L50, F|100/100\n|turn|7\n|inactive|Ice124567890 has 30 seconds left.\n|\n|t:|1768332016\n|move|p1a: Calyrex|Protect|p1a: Calyrex\n|-singleturn|p1a: Calyrex|Protect\n|-activate|p2a: Miraidon|move: Struggle\n|move|p2a: Miraidon|Struggle|p1b: Urshifu\n|-damage|p1b: Urshifu|91/100\n|-damage|p2a: Miraidon|15/100|[from] recoil\n|move|p1b: Urshifu|Surging Strikes|p2a: Miraidon\n|-resisted|p2a: Miraidon\n|-crit|p2a: Miraidon\n|-damage|p2a: Miraidon|4/100\n|-resisted|p2a: Miraidon\n|-crit|p2a: Miraidon\n|-damage|p2a: Miraidon|0 fnt\n|faint|p2a: Miraidon\n|-hitcount|p2: Miraidon|2\n|move|p2b: Rayquaza|Dragon Ascent|p1a: Calyrex\n|-activate|p1a: Calyrex|move: Protect\n|\n|upkeep\n|turn|8\n|\n|t:|1768332029\n|move|p2b: Rayquaza|Extreme Speed|p1b: Urshifu\n|-damage|p1b: Urshifu|0 fnt\n|faint|p1b: Urshifu\n|move|p1a: Calyrex|Disable|p2b: Rayquaza\n|-start|p2b: Rayquaza|Disable|Extreme Speed\n|\n|upkeep\n|turn|9\n|\n|t:|1768332037\n|move|p1a: Calyrex|Encore|p2b: Rayquaza\n|-start|p2b: Rayquaza|Encore\n|cant|p2b: Rayquaza|Disable|Extreme Speed\n|\n|upkeep\n|turn|10\n|\n|t:|1768332041\n|move|p1a: Calyrex|Astral Barrage|p2b: Rayquaza\n|-immune|p2b: Rayquaza\n|-activate|p2b: Rayquaza|move: Struggle\n|move|p2b: Rayquaza|Struggle|p1a: Calyrex\n|-damage|p1a: Calyrex|0 fnt\n|faint|p1a: Calyrex\n|-damage|p2b: Rayquaza|75/100|[from] recoil\n|\n|win|Schimmli\n|raw|Ice124567890's rating: 1335 &rarr; <strong>1316</strong><br />(-19 for losing)\n|raw|Schimmli's rating: 1350 &rarr; <strong>1369</strong><br />(+19 for winning)\n|l|\u2606Ice124567890\n|player|p1|\n|l|\u2606Schimmli\n|player|p2|\n","uploadtime":1768332243,"views":11,"formatid":"gen9vgc2026regi","rating":1316,"private":0,"password":null}