{"id":"gen9vgc2026regi-2576750034","format":"[Gen 9] VGC 2026 Reg I","players":["Sheevp","ScribbleScribble"],"log":"|j|\u2606Sheevp\n|j|\u2606ScribbleScribble\n|t:|1775502691\n|gametype|doubles\n|player|p1|Sheevp|2|1519\n|player|p2|ScribbleScribble|mina-lgpe|1727\n|gen|9\n|tier|[Gen 9] VGC 2026 Reg I\n|rated|\n|rule|Species Clause: Limit one of each Pok\u00e9mon\n|rule|Item Clause: Limit 1 of each item\n|clearpoke\n|poke|p1|Koraidon, L50|\n|poke|p1|Calyrex-Ice, L50|\n|poke|p1|Iron Treads, L50|\n|poke|p1|Volcarona, L50, M|\n|poke|p1|Brute Bonnet, L50|\n|poke|p1|Regieleki, L50|\n|poke|p2|Calyrex-Ice, L50|\n|poke|p2|Kyogre, L50|\n|poke|p2|Tornadus, L50, M|\n|poke|p2|Indeedee-F, L50, F|\n|poke|p2|Urshifu-*, L50, F|\n|poke|p2|Landorus, L50, M|\n|teampreview|4\n|inactive|Battle timer is ON: inactive players will automatically lose when time's up. (requested by ScribbleScribble)\n|\n|t:|1775502713\n|teamsize|p1|4\n|teamsize|p2|4\n|start\n|switch|p1a: Regieleki|Regieleki, L50|100/100\n|switch|p1b: Brute Bonnet|Brute Bonnet, L50|100/100\n|switch|p2a: Tornadus|Tornadus, L50, M|100/100\n|switch|p2b: Calyrex|Calyrex-Ice, L50|100/100\n|-ability|p2b: Calyrex|As One\n|-ability|p2b: Calyrex|Unnerve\n|turn|1\n|\n|t:|1775502720\n|-terastallize|p2b: Calyrex|Grass\n|move|p2a: Tornadus|Tailwind|p2a: Tornadus\n|-sidestart|p2: ScribbleScribble|move: Tailwind\n|move|p1a: Regieleki|Volt Switch|p2a: Tornadus\n|-supereffective|p2a: Tornadus\n|-enditem|p2a: Tornadus|Focus Sash\n|-damage|p2a: Tornadus|1/100\n|\n|t:|1775502727\n|switch|p1a: Calyrex|Calyrex-Ice, L50|100/100|[from] Volt Switch\n|-ability|p1a: Calyrex|As One\n|-ability|p1a: Calyrex|Unnerve\n|move|p2b: Calyrex|Glacial Lance|p1a: Calyrex|[spread] p1a,p1b\n|-resisted|p1a: Calyrex\n|-supereffective|p1b: Brute Bonnet\n|-damage|p1a: Calyrex|83/100\n|-damage|p1b: Brute Bonnet|26/100\n|move|p1b: Brute Bonnet|Spore|p2b: Calyrex\n|-immune|p2b: Calyrex\n|\n|-heal|p1a: Calyrex|89/100|[from] item: Leftovers\n|upkeep\n|turn|2\n|\n|t:|1775502742\n|move|p1b: Brute Bonnet|Sucker Punch||[still]\n|-fail|p1b: Brute Bonnet\n|move|p2a: Tornadus|Bleakwind Storm|p1b: Brute Bonnet|[spread] p1b\n|-miss|p2a: Tornadus|p1a: Calyrex\n|-supereffective|p1b: Brute Bonnet\n|-damage|p1b: Brute Bonnet|0 fnt\n|faint|p1b: Brute Bonnet\n|-end|p1b: Brute Bonnet|Protosynthesis|[silent]\n|move|p2b: Calyrex|Imprison|p2b: Calyrex\n|-start|p2b: Calyrex|move: Imprison\n|cant|p1a: Calyrex|move: Imprison|Glacial Lance\n|\n|-heal|p1a: Calyrex|95/100|[from] item: Leftovers\n|upkeep\n|\n|t:|1775502753\n|switch|p1b: Koraidon|Koraidon, L50|100/100\n|-weather|SunnyDay|[from] ability: Orichalcum Pulse|[of] p1b: Koraidon\n|-activate|p1b: Koraidon|Orichalcum Pulse|[source]\n|turn|3\n|\n|t:|1775502760\n|switch|p2a: Kyogre|Kyogre, L50|100/100\n|-weather|RainDance|[from] ability: Drizzle|[of] p2a: Kyogre\n|-terastallize|p1b: Koraidon|Fire\n|move|p2b: Calyrex|Glacial Lance|p1b: Koraidon|[spread] p1a,p1b\n|-resisted|p1a: Calyrex\n|-resisted|p1b: Koraidon\n|-damage|p1a: Calyrex|78/100\n|-damage|p1b: Koraidon|79/100\n|move|p1b: Koraidon|Low Kick|p2b: Calyrex\n|-damage|p2b: Calyrex|51/100\n|move|p1a: Calyrex|Leech Seed|p2a: Kyogre\n|-start|p2a: Kyogre|move: Leech Seed\n|\n|-weather|RainDance|[upkeep]\n|-heal|p1a: Calyrex|84/100|[from] item: Leftovers\n|-damage|p2a: Kyogre|88/100|[from] Leech Seed|[of] p1a: Calyrex\n|-heal|p1a: Calyrex|95/100|[silent]\n|upkeep\n|turn|4\n|\n|t:|1775502778\n|switch|p1b: Regieleki|Regieleki, L50|100/100\n|move|p1a: Calyrex|Protect|p1a: Calyrex\n|-singleturn|p1a: Calyrex|Protect\n|move|p2a: Kyogre|Water Spout|p1b: Regieleki|[spread] p1b\n|-activate|p1a: Calyrex|move: Protect\n|-damage|p1b: Regieleki|0 fnt\n|faint|p1b: Regieleki\n|move|p2b: Calyrex|Trick Room|p2b: Calyrex\n|-fieldstart|move: Trick Room|[of] p2b: Calyrex\n|\n|-weather|RainDance|[upkeep]\n|-heal|p1a: Calyrex|100/100|[from] item: Leftovers\n|-damage|p2a: Kyogre|76/100|[from] Leech Seed|[of] p1a: Calyrex\n|-sideend|p2: ScribbleScribble|move: Tailwind\n|upkeep\n|\n|t:|1775502788\n|switch|p1b: Koraidon|Koraidon, L50, tera:Fire|79/100\n|-weather|SunnyDay|[from] ability: Orichalcum Pulse|[of] p1b: Koraidon\n|-activate|p1b: Koraidon|Orichalcum Pulse|[source]\n|turn|5\n|inactive|Sheevp has 30 seconds left.\n|\n|t:|1775502815\n|move|p1a: Calyrex|Leech Seed||[still]\n|-fail|p1a: Calyrex\n|move|p2b: Calyrex|Glacial Lance|p1a: Calyrex|[spread] p1a,p1b\n|-resisted|p1a: Calyrex\n|-resisted|p1b: Koraidon\n|-damage|p1a: Calyrex|84/100\n|-damage|p1b: Koraidon|58/100\n|move|p2a: Kyogre|Water Spout|p1a: Calyrex|[spread] p1a,p1b\n|-supereffective|p1b: Koraidon\n|-damage|p1a: Calyrex|68/100\n|-damage|p1b: Koraidon|6/100\n|move|p1b: Koraidon|Flare Blitz|p2b: Calyrex\n|-supereffective|p2b: Calyrex\n|-damage|p2b: Calyrex|0 fnt\n|faint|p2b: Calyrex\n|-damage|p1b: Koraidon|0 fnt|[from] Recoil\n|faint|p1b: Koraidon\n|\n|-weather|SunnyDay|[upkeep]\n|-heal|p1a: Calyrex|73/100|[from] item: Leftovers\n|-damage|p2a: Kyogre|64/100|[from] Leech Seed|[of] p1a: Calyrex\n|-heal|p1a: Calyrex|84/100|[silent]\n|upkeep\n|\n|t:|1775502823\n|switch|p2b: Tornadus|Tornadus, L50, M|1/100\n|turn|6\n|\n|t:|1775502832\n|move|p2b: Tornadus|Rain Dance|p2b: Tornadus\n|-weather|RainDance\n|move|p1a: Calyrex|Glacial Lance|p2b: Tornadus|[spread] p2a,p2b\n|-resisted|p2a: Kyogre\n|-supereffective|p2b: Tornadus\n|-damage|p2a: Kyogre|35/100\n|-damage|p2b: Tornadus|0 fnt\n|faint|p2b: Tornadus\n|-ability|p1a: Calyrex|Chilling Neigh|boost\n|-boost|p1a: Calyrex|atk|1\n|move|p2a: Kyogre|Hydro Pump|p1a: Calyrex\n|-damage|p1a: Calyrex|20/100\n|\n|-weather|RainDance|[upkeep]\n|-heal|p1a: Calyrex|26/100|[from] item: Leftovers\n|-damage|p2a: Kyogre|23/100|[from] Leech Seed|[of] p1a: Calyrex\n|-heal|p1a: Calyrex|36/100|[silent]\n|upkeep\n|\n|t:|1775502834\n|switch|p2b: Landorus|Landorus, L50, M|100/100\n|turn|7\n|\n|t:|1775502847\n|move|p2b: Landorus|Protect|p2b: Landorus\n|-singleturn|p2b: Landorus|Protect\n|move|p2a: Kyogre|Protect|p2a: Kyogre\n|-singleturn|p2a: Kyogre|Protect\n|move|p1a: Calyrex|Glacial Lance|p2a: Kyogre|[spread] \n|-activate|p2a: Kyogre|move: Protect\n|-activate|p2b: Landorus|move: Protect\n|\n|-weather|RainDance|[upkeep]\n|-heal|p1a: Calyrex|42/100|[from] item: Leftovers\n|-damage|p2a: Kyogre|10/100|[from] Leech Seed|[of] p1a: Calyrex\n|-heal|p1a: Calyrex|53/100|[silent]\n|upkeep\n|turn|8\n|\n|t:|1775502867\n|move|p2b: Landorus|Protect||[still]\n|-fail|p2b: Landorus\n|move|p2a: Kyogre|Protect|p2a: Kyogre\n|-singleturn|p2a: Kyogre|Protect\n|move|p1a: Calyrex|Glacial Lance|p2a: Kyogre|[spread] p2b\n|-activate|p2a: Kyogre|move: Protect\n|-supereffective|p2b: Landorus\n|-damage|p2b: Landorus|0 fnt\n|faint|p2b: Landorus\n|-ability|p1a: Calyrex|Chilling Neigh|boost\n|-boost|p1a: Calyrex|atk|1\n|\n|-weather|RainDance|[upkeep]\n|-heal|p1a: Calyrex|58/100|[from] item: Leftovers\n|-damage|p2a: Kyogre|0 fnt|[from] Leech Seed|[of] p1a: Calyrex\n|-heal|p1a: Calyrex|67/100|[silent]\n|faint|p2a: Kyogre\n|\n|win|Sheevp\n|raw|Sheevp's rating: 1519 &rarr; <strong>1550</strong><br />(+31 for winning)\n|raw|ScribbleScribble's rating: 1727 &rarr; <strong>1696</strong><br />(-31 for losing)\n|l|\u2606ScribbleScribble\n|player|p2|\n|l|\u2606Sheevp\n|player|p1|\n|j|\u2606Sheevp\n|player|p1|Sheevp|2|\n","uploadtime":1775503140,"views":32,"formatid":"gen9vgc2026regi","rating":1550,"private":0,"password":null}