{"id":"gen9vgc2026regi-2560950463","format":"[Gen 9] VGC 2026 Reg I","players":["slimeslatt252","actuary97"],"log":"|j|\u2606slimeslatt252\n|j|\u2606actuary97\n|t:|1773751011\n|gametype|doubles\n|player|p1|slimeslatt252|102|1427\n|player|p2|actuary97|sabrina-frlg|1349\n|gen|9\n|tier|[Gen 9] VGC 2026 Reg I\n|rated|\n|rule|Species Clause: Limit one of each Pok\u00e9mon\n|rule|Item Clause: Limit 1 of each item\n|clearpoke\n|poke|p1|Calyrex-Shadow, L50|\n|poke|p1|Koraidon, L50|\n|poke|p1|Raging Bolt, L50|\n|poke|p1|Incineroar, L50, M|\n|poke|p1|Landorus, L50, M|\n|poke|p1|Brute Bonnet, L50|\n|poke|p2|Klefki, L50, M|\n|poke|p2|Landorus, L50, M|\n|poke|p2|Iron Hands, L50|\n|poke|p2|Whimsicott, L50, F|\n|poke|p2|Calyrex-Ice, L50|\n|poke|p2|Miraidon, L50|\n|teampreview|4\n|inactive|Battle timer is ON: inactive players will automatically lose when time's up. (requested by slimeslatt252)\n|inactive|slimeslatt252 has 60 seconds left.\n|\n|t:|1773751050\n|teamsize|p1|4\n|teamsize|p2|4\n|start\n|switch|p1a: Calyrex|Calyrex-Shadow, L50|100/100\n|switch|p1b: Brute Bonnet|Brute Bonnet, L50|100/100\n|switch|p2a: boo boo keys|Klefki, L50, M|100/100\n|switch|p2b: Miraidon|Miraidon, L50|100/100\n|-ability|p1a: Calyrex|As One\n|-ability|p1a: Calyrex|Unnerve\n|-fieldstart|move: Electric Terrain|[from] ability: Hadron Engine|[of] p2b: Miraidon\n|-enditem|p2b: Miraidon|Electric Seed\n|-boost|p2b: Miraidon|def|1|[from] item: Electric Seed\n|turn|1\n|\n|t:|1773751063\n|move|p1b: Brute Bonnet|Rage Powder|p1b: Brute Bonnet\n|-singleturn|p1b: Brute Bonnet|move: Rage Powder\n|move|p2a: boo boo keys|Light Screen|p2a: boo boo keys\n|-sidestart|p2: actuary97|move: Light Screen\n|move|p1a: Calyrex|Astral Barrage|p2b: Miraidon|[spread] p2a,p2b\n|-damage|p2a: boo boo keys|59/100\n|-damage|p2b: Miraidon|71/100\n|move|p2b: Miraidon|Calm Mind|p2b: Miraidon\n|-boost|p2b: Miraidon|spa|1\n|-boost|p2b: Miraidon|spd|1\n|\n|upkeep\n|turn|2\n|\n|t:|1773751077\n|-end|p1b: Brute Bonnet|Protosynthesis|[silent]\n|switch|p1b: Landorus|Landorus, L50, M|100/100\n|move|p2a: boo boo keys|Reflect|p2a: boo boo keys\n|-sidestart|p2: actuary97|Reflect\n|move|p1a: Calyrex|Encore|p2b: Miraidon\n|-start|p2b: Miraidon|Encore\n|move|p2b: Miraidon|Calm Mind|p2b: Miraidon\n|-boost|p2b: Miraidon|spa|1\n|-boost|p2b: Miraidon|spd|1\n|\n|upkeep\n|turn|3\n|\n|t:|1773751091\n|move|p1a: Calyrex|Astral Barrage|p2b: Miraidon|[spread] p2a,p2b\n|-damage|p2a: boo boo keys|19/100\n|-damage|p2b: Miraidon|56/100\n|move|p2b: Miraidon|Calm Mind|p2b: Miraidon\n|-boost|p2b: Miraidon|spa|1\n|-boost|p2b: Miraidon|spd|1\n|move|p1b: Landorus|Sandsear Storm|p2b: Miraidon|[spread] p2b\n|-miss|p1b: Landorus|p2a: boo boo keys\n|-supereffective|p2b: Miraidon\n|-damage|p2b: Miraidon|30/100\n|move|p2a: boo boo keys|Foul Play|p1a: Calyrex\n|-supereffective|p1a: Calyrex\n|-damage|p1a: Calyrex|25/100\n|\n|upkeep\n|turn|4\n|inactive|slimeslatt252 has 30 seconds left.\n|\n|t:|1773751123\n|move|p1b: Landorus|Protect|p1b: Landorus\n|-singleturn|p1b: Landorus|Protect\n|move|p1a: Calyrex|Astral Barrage|p2a: boo boo keys|[spread] p2a,p2b\n|-damage|p2a: boo boo keys|0 fnt\n|-damage|p2b: Miraidon|18/100\n|faint|p2a: boo boo keys\n|-ability|p1a: Calyrex|Grim Neigh|boost\n|-boost|p1a: Calyrex|spa|1\n|move|p2b: Miraidon|Calm Mind|p2b: Miraidon\n|-boost|p2b: Miraidon|spa|1\n|-boost|p2b: Miraidon|spd|1\n|\n|-end|p2b: Miraidon|Encore\n|upkeep\n|\n|t:|1773751132\n|switch|p2a: Mischief Mother|Whimsicott, L50, F, shiny|100/100\n|turn|5\n|\n|t:|1773751149\n|move|p1a: Calyrex|Protect|p1a: Calyrex\n|-singleturn|p1a: Calyrex|Protect\n|move|p2a: Mischief Mother|Tailwind|p2a: Mischief Mother\n|-sidestart|p2: actuary97|move: Tailwind\n|move|p2b: Miraidon|Dragon Pulse|p1b: Landorus\n|-damage|p1b: Landorus|0 fnt\n|faint|p1b: Landorus\n|\n|-fieldend|move: Electric Terrain\n|upkeep\n|\n|t:|1773751159\n|switch|p1b: Brute Bonnet|Brute Bonnet, L50|100/100\n|turn|6\n|\n|t:|1773751173\n|switch|p1a: Incineroar|Incineroar, L50, M|100/100\n|-ability|p1a: Incineroar|Intimidate|boost\n|-unboost|p2a: Mischief Mother|atk|1\n|-unboost|p2b: Miraidon|atk|1\n|move|p2a: Mischief Mother|Encore|p1a: Incineroar\n|-hint|Since gen 7, Dark is immune to Prankster moves.\n|-immune|p1a: Incineroar\n|move|p1b: Brute Bonnet|Sucker Punch|p2b: Miraidon\n|-damage|p2b: Miraidon|7/100\n|move|p2b: Miraidon|Dragon Pulse|p1b: Brute Bonnet\n|-damage|p1b: Brute Bonnet|0 fnt\n|faint|p1b: Brute Bonnet\n|-end|p1b: Brute Bonnet|Protosynthesis|[silent]\n|\n|upkeep\n|j| ky123456\n|\n|t:|1773751186\n|switch|p1b: Calyrex|Calyrex-Shadow, L50|25/100\n|-ability|p1b: Calyrex|As One\n|-ability|p1b: Calyrex|Unnerve\n|turn|7\n|\n|t:|1773751197\n|move|p1a: Incineroar|Fake Out|p2b: Miraidon\n|-damage|p2b: Miraidon|3/100\n|move|p2a: Mischief Mother|Moonblast|p1b: Calyrex\n|-damage|p1b: Calyrex|0 fnt\n|faint|p1b: Calyrex\n|cant|p2b: Miraidon|flinch\n|\n|upkeep\n|turn|8\n|-message|slimeslatt252 forfeited.\n|\n|win|actuary97\n|raw|slimeslatt252's rating: 1427 &rarr; <strong>1403</strong><br />(-24 for losing)\n|raw|actuary97's rating: 1349 &rarr; <strong>1373</strong><br />(+24 for winning)\n|l| ky123456\n|c|\u2606actuary97|gg\n|l|\u2606actuary97\n|player|p2|\n","uploadtime":1773751424,"views":10,"formatid":"gen9vgc2026regi","rating":1373,"private":0,"password":null}