{"id":"gen9vgc2026regi-2559500665","format":"[Gen 9] VGC 2026 Reg I","players":["clefci","MediDaddi"],"log":"|j|\u2606clefci\n|j|\u2606MediDaddi\n|t:|1773578340\n|gametype|doubles\n|player|p1|clefci|1|1121\n|player|p2|MediDaddi|crasherwake|1167\n|gen|9\n|tier|[Gen 9] VGC 2026 Reg I\n|rated|\n|rule|Species Clause: Limit one of each Pok\u00e9mon\n|rule|Item Clause: Limit 1 of each item\n|clearpoke\n|poke|p1|Terapagos, L50, M|\n|poke|p1|Miraidon, L50|\n|poke|p1|Incineroar, L50, F|\n|poke|p1|Sinistcha, L50|\n|poke|p1|Iron Valiant, L50|\n|poke|p1|Iron Leaves, L50|\n|poke|p2|Koraidon, L50|\n|poke|p2|Leafeon, L50, F|\n|poke|p2|Brute Bonnet, L50|\n|poke|p2|Grimmsnarl, L50, M|\n|poke|p2|Krookodile, L50, M|\n|poke|p2|Ho-Oh, L50|\n|teampreview|4\n|inactive|Battle timer is ON: inactive players will automatically lose when time's up. (requested by clefci)\n|\n|t:|1773578363\n|teamsize|p1|4\n|teamsize|p2|4\n|start\n|switch|p1a: Terapagos|Terapagos, L50, M|100/100\n|switch|p1b: Iron Valiant|Iron Valiant, L50|100/100\n|switch|p2a: Koraidon|Koraidon, L50|100/100\n|switch|p2b: Leafeon|Leafeon, L50, F|100/100\n|-activate|p1a: Terapagos|ability: Tera Shift\n|detailschange|p1a: Terapagos|Terapagos-Terastal, L50, M\n|-heal|p1a: Terapagos|100/100|[silent]\n|-weather|SunnyDay|[from] ability: Orichalcum Pulse|[of] p2a: Koraidon\n|-activate|p2a: Koraidon|Orichalcum Pulse|[source]\n|-enditem|p1b: Iron Valiant|Booster Energy\n|-activate|p1b: Iron Valiant|ability: Quark Drive|[fromitem]\n|-start|p1b: Iron Valiant|quarkdrivespe\n|turn|1\n|inactive|MediDaddi has 30 seconds left.\n|\n|t:|1773578396\n|move|p1b: Iron Valiant|Protect|p1b: Iron Valiant\n|-singleturn|p1b: Iron Valiant|Protect\n|move|p1a: Terapagos|Protect|p1a: Terapagos\n|-singleturn|p1a: Terapagos|Protect\n|move|p2b: Leafeon|Solar Blade||[still]\n|-prepare|p2b: Leafeon|Solar Blade\n|-anim|p2b: Leafeon|Solar Blade|p1b: Iron Valiant\n|-activate|p1b: Iron Valiant|move: Protect\n|move|p2a: Koraidon|Close Combat|p1a: Terapagos\n|-activate|p1a: Terapagos|move: Protect\n|\n|-weather|SunnyDay|[upkeep]\n|upkeep\n|turn|2\n|\n|t:|1773578413\n|-terastallize|p1a: Terapagos|Stellar\n|detailschange|p1a: Terapagos|Terapagos-Stellar, L50, M, tera:Stellar\n|-heal|p1a: Terapagos|100/100|[silent]\n|-ability|p1a: Terapagos|Teraform Zero\n|-weather|none\n|move|p1b: Iron Valiant|Disable|p2a: Koraidon\n|-start|p2a: Koraidon|Disable|Close Combat\n|cant|p2a: Koraidon|Disable|Close Combat\n|move|p2b: Leafeon|Solar Blade||[still]\n|-prepare|p2b: Leafeon|Solar Blade\n|move|p1a: Terapagos|Calm Mind|p1a: Terapagos\n|-boost|p1a: Terapagos|spa|1\n|-boost|p1a: Terapagos|spd|1\n|\n|upkeep\n|turn|3\n|inactive|MediDaddi has 30 seconds left.\n|inactive|MediDaddi has 20 seconds left.\n|\n|t:|1773578448\n|move|p1b: Iron Valiant|Encore|p2a: Koraidon\n|-start|p2a: Koraidon|Encore\n|cant|p2a: Koraidon|Disable|Close Combat\n|move|p2b: Leafeon|Solar Blade|p1b: Iron Valiant|[from] lockedmove\n|-damage|p1b: Iron Valiant|30/100\n|move|p1a: Terapagos|Calm Mind|p1a: Terapagos\n|-boost|p1a: Terapagos|spa|1\n|-boost|p1a: Terapagos|spd|1\n|\n|upkeep\n|turn|4\n|\n|t:|1773578468\n|switch|p2a: Ho-Oh|Ho-Oh, L50|100/100\n|move|p1b: Iron Valiant|Encore|p2b: Leafeon\n|-start|p2b: Leafeon|Encore\n|move|p2b: Leafeon|Solar Blade||[still]\n|-prepare|p2b: Leafeon|Solar Blade\n|move|p1a: Terapagos|Tera Starstorm|p2a: Ho-Oh|[spread] p2a,p2b\n|-damage|p2a: Ho-Oh|54/100\n|-damage|p2b: Leafeon|0 fnt\n|faint|p2b: Leafeon\n|\n|upkeep\n|\n|t:|1773578486\n|switch|p2b: Krookodile|Krookodile, L50, M, shiny|100/100\n|-ability|p2b: Krookodile|Intimidate|boost\n|-unboost|p1a: Terapagos|atk|1\n|-unboost|p1b: Iron Valiant|atk|1\n|turn|5\n|\n|t:|1773578503\n|move|p1b: Iron Valiant|Moonblast|p2a: Ho-Oh\n|-resisted|p2a: Ho-Oh\n|-damage|p2a: Ho-Oh|43/100\n|-enditem|p2a: Ho-Oh|Sitrus Berry|[eat]\n|-heal|p2a: Ho-Oh|68/100|[from] item: Sitrus Berry\n|move|p2b: Krookodile|Earthquake|p1b: Iron Valiant|[spread] p1a,p1b\n|-immune|p2a: Ho-Oh\n|-damage|p1a: Terapagos|79/100\n|-damage|p1b: Iron Valiant|0 fnt\n|faint|p1b: Iron Valiant\n|-end|p1b: Iron Valiant|Quark Drive|[silent]\n|move|p1a: Terapagos|Tera Starstorm|p2a: Ho-Oh|[spread] p2a,p2b\n|-damage|p2a: Ho-Oh|23/100\n|-enditem|p2b: Krookodile|Focus Sash\n|-damage|p2b: Krookodile|1/100\n|move|p2a: Ho-Oh|Whirlwind|p1a: Terapagos\n|drag|p1a: Miraidon|Miraidon, L50|100/100\n|-fieldstart|move: Electric Terrain|[from] ability: Hadron Engine|[of] p1a: Miraidon\n|\n|upkeep\n|\n|t:|1773578520\n|switch|p1b: Terapagos|Terapagos-Stellar, L50, M, tera:Stellar|79/100\n|turn|6\n|inactive|MediDaddi has 30 seconds left.\n|\n|t:|1773578546\n|switch|p2a: Koraidon|Koraidon, L50|100/100\n|-weather|SunnyDay|[from] ability: Orichalcum Pulse|[of] p2a: Koraidon\n|-activate|p2a: Koraidon|Orichalcum Pulse|[source]\n|move|p1a: Miraidon|Draco Meteor|p2b: Krookodile\n|-damage|p2b: Krookodile|0 fnt\n|-unboost|p1a: Miraidon|spa|2\n|faint|p2b: Krookodile\n|move|p1b: Terapagos|Tera Starstorm|p2a: Koraidon\n|-damage|p2a: Koraidon|45/100\n|\n|-weather|SunnyDay|[upkeep]\n|upkeep\n|\n|t:|1773578560\n|switch|p2b: Ho-Oh|Ho-Oh, L50|56/100\n|turn|7\n|\n|t:|1773578573\n|switch|p1a: Sinistcha|Sinistcha, L50|100/100\n|-heal|p1b: Terapagos|100/100|[from] ability: Hospitality|[of] p1a: Sinistcha\n|-terastallize|p2a: Koraidon|Fire\n|move|p1b: Terapagos|Protect|p1b: Terapagos\n|-singleturn|p1b: Terapagos|Protect\n|move|p2a: Koraidon|Close Combat|p1b: Terapagos\n|-activate|p1b: Terapagos|move: Protect\n|move|p2b: Ho-Oh|Heat Wave|p1b: Terapagos|[spread] p1a\n|-activate|p1b: Terapagos|move: Protect\n|-supereffective|p1a: Sinistcha\n|-damage|p1a: Sinistcha|26/100\n|\n|-weather|SunnyDay|[upkeep]\n|upkeep\n|turn|8\n|\n|t:|1773578595\n|move|p1a: Sinistcha|Rage Powder|p1a: Sinistcha\n|-singleturn|p1a: Sinistcha|move: Rage Powder\n|move|p2a: Koraidon|Close Combat|p1a: Sinistcha\n|-immune|p1a: Sinistcha\n|move|p2b: Ho-Oh|Heat Wave|p1b: Terapagos|[spread] p1a,p1b\n|-supereffective|p1a: Sinistcha\n|-damage|p1a: Sinistcha|0 fnt\n|-damage|p1b: Terapagos|74/100\n|faint|p1a: Sinistcha\n|move|p1b: Terapagos|Tera Starstorm|p2a: Koraidon|[spread] p2a,p2b\n|-supereffective|p2a: Koraidon\n|-damage|p2a: Koraidon|0 fnt\n|-damage|p2b: Ho-Oh|33/100\n|faint|p2a: Koraidon\n|\n|-weather|SunnyDay|[upkeep]\n|upkeep\n|\n|t:|1773578602\n|switch|p1a: Miraidon|Miraidon, L50|100/100\n|-activate|p1a: Miraidon|ability: Hadron Engine\n|turn|9\n|\n|t:|1773578617\n|move|p1a: Miraidon|Electro Drift|p2b: Ho-Oh\n|-supereffective|p2b: Ho-Oh\n|-damage|p2b: Ho-Oh|0 fnt\n|faint|p2b: Ho-Oh\n|\n|win|clefci\n|raw|clefci's rating: 1121 &rarr; <strong>1149</strong><br />(+28 for winning)\n|raw|MediDaddi's rating: 1167 &rarr; <strong>1139</strong><br />(-28 for losing)\n|l|\u2606clefci\n|player|p1|\n|l|\u2606MediDaddi\n|player|p2|\n","uploadtime":1773579033,"views":11,"formatid":"gen9vgc2026regi","rating":1139,"private":0,"password":null}