{"id":"gen9vgc2026regi-2518566886","format":"[Gen 9] VGC 2026 Reg I","players":["simdude","dthk1216"],"log":"|j|\u2606simdude\n|j|\u2606dthk1216\n|t:|1768405355\n|gametype|doubles\n|player|p1|simdude|cilan|1207\n|player|p2|dthk1216|dawn|1336\n|gen|9\n|tier|[Gen 9] VGC 2026 Reg I\n|rated|\n|rule|Species Clause: Limit one of each Pok\u00e9mon\n|rule|Item Clause: Limit 1 of each item\n|clearpoke\n|poke|p1|Terapagos, L50, M|\n|poke|p1|Zamazenta-*, L50|\n|poke|p1|Sinistcha, L50|\n|poke|p1|Farigiraf, L50, M|\n|poke|p1|Incineroar, L50, M|\n|poke|p1|Rillaboom, L50, F|\n|poke|p2|Calyrex-Ice, L50|\n|poke|p2|Kyogre, L50|\n|poke|p2|Urshifu-*, L50, F|\n|poke|p2|Rillaboom, L50, F|\n|poke|p2|Grimmsnarl, L50, M|\n|poke|p2|Amoonguss, L50, F|\n|teampreview|4\n|inactive|Battle timer is ON: inactive players will automatically lose when time's up. (requested by simdude)\n|\n|t:|1768405380\n|teamsize|p1|4\n|teamsize|p2|4\n|start\n|switch|p1a: Rillaboom|Rillaboom, L50, F|100/100\n|switch|p1b: Terapagos|Terapagos, L50, M|100/100\n|switch|p2a: Grimmsnarl|Grimmsnarl, L50, M|100/100\n|switch|p2b: Calyrex|Calyrex-Ice, L50|100/100\n|-activate|p1b: Terapagos|ability: Tera Shift\n|detailschange|p1b: Terapagos|Terapagos-Terastal, L50, M\n|-heal|p1b: Terapagos|100/100|[silent]\n|-ability|p2b: Calyrex|As One\n|-ability|p2b: Calyrex|Unnerve\n|-fieldstart|move: Grassy Terrain|[from] ability: Grassy Surge|[of] p1a: Rillaboom\n|turn|1\n|\n|t:|1768405398\n|move|p1a: Rillaboom|Fake Out|p2b: Calyrex\n|-damage|p2b: Calyrex|93/100\n|move|p2a: Grimmsnarl|Thunder Wave|p1b: Terapagos\n|-status|p1b: Terapagos|par\n|cant|p2b: Calyrex|flinch\n|move|p1b: Terapagos|Calm Mind|p1b: Terapagos\n|-boost|p1b: Terapagos|spa|1\n|-boost|p1b: Terapagos|spd|1\n|\n|-heal|p2b: Calyrex|99/100|[from] Grassy Terrain\n|-heal|p2b: Calyrex|100/100|[from] item: Leftovers\n|upkeep\n|turn|2\n|\n|t:|1768405419\n|-terastallize|p1b: Terapagos|Stellar\n|detailschange|p1b: Terapagos|Terapagos-Stellar, L50, M, tera:Stellar\n|-heal|p1b: Terapagos|100/100 par|[silent]\n|-ability|p1b: Terapagos|Teraform Zero\n|-fieldend|move: Grassy Terrain\n|move|p2a: Grimmsnarl|Light Screen|p2a: Grimmsnarl\n|-sidestart|p2: dthk1216|move: Light Screen\n|move|p1a: Rillaboom|U-turn|p2a: Grimmsnarl\n|-damage|p2a: Grimmsnarl|79/100\n|\n|t:|1768405433\n|switch|p1a: Zamazenta|Zamazenta-Crowned, L50|100/100|[from] U-turn\n|-ability|p1a: Zamazenta|Dauntless Shield|boost\n|-boost|p1a: Zamazenta|def|1\n|move|p2b: Calyrex|Leech Seed|p1b: Terapagos\n|-start|p1b: Terapagos|move: Leech Seed\n|move|p1b: Terapagos|Tera Starstorm|p2b: Calyrex|[spread] p2a,p2b\n|-damage|p2a: Grimmsnarl|41/100\n|-damage|p2b: Calyrex|76/100\n|\n|-heal|p2b: Calyrex|82/100|[from] item: Leftovers\n|-damage|p1b: Terapagos|88/100 par|[from] Leech Seed|[of] p2b: Calyrex\n|-heal|p2b: Calyrex|98/100|[silent]\n|upkeep\n|turn|3\n|\n|t:|1768405454\n|switch|p2a: Amoonguss|Amoonguss, L50, F|100/100\n|move|p1a: Zamazenta|Behemoth Bash|p2b: Calyrex\n|-supereffective|p2b: Calyrex\n|-damage|p2b: Calyrex|44/100\n|move|p2b: Calyrex|Leech Seed|p1a: Zamazenta\n|-start|p1a: Zamazenta|move: Leech Seed\n|move|p1b: Terapagos|Tera Starstorm|p2b: Calyrex|[spread] p2a,p2b\n|-damage|p2a: Amoonguss|62/100\n|-damage|p2b: Calyrex|21/100\n|\n|-heal|p2b: Calyrex|27/100|[from] item: Leftovers\n|-heal|p1b: Terapagos|94/100 par|[from] item: Leftovers\n|-damage|p1a: Zamazenta|88/100|[from] Leech Seed|[of] p2b: Calyrex\n|-heal|p2b: Calyrex|38/100|[silent]\n|-damage|p1b: Terapagos|82/100 par|[from] Leech Seed|[of] p2b: Calyrex\n|-heal|p2b: Calyrex|54/100|[silent]\n|upkeep\n|turn|4\n|inactive|simdude has 30 seconds left.\n|\n|t:|1768405484\n|move|p2b: Calyrex|Protect|p2b: Calyrex\n|-singleturn|p2b: Calyrex|Protect\n|move|p2a: Amoonguss|Protect|p2a: Amoonguss\n|-singleturn|p2a: Amoonguss|Protect\n|move|p1a: Zamazenta|Behemoth Bash|p2a: Amoonguss\n|-activate|p2a: Amoonguss|move: Protect\n|move|p1b: Terapagos|Tera Starstorm|p2b: Calyrex|[spread] \n|-activate|p2a: Amoonguss|move: Protect\n|-activate|p2b: Calyrex|move: Protect\n|\n|-heal|p2b: Calyrex|59/100|[from] item: Leftovers\n|-heal|p1b: Terapagos|88/100 par|[from] item: Leftovers\n|-damage|p1a: Zamazenta|76/100|[from] Leech Seed|[of] p2b: Calyrex\n|-heal|p2b: Calyrex|70/100|[silent]\n|-damage|p1b: Terapagos|75/100 par|[from] Leech Seed|[of] p2b: Calyrex\n|-heal|p2b: Calyrex|86/100|[silent]\n|upkeep\n|turn|5\n|\n|t:|1768405509\n|move|p1a: Zamazenta|Behemoth Bash|p2a: Amoonguss\n|-damage|p2a: Amoonguss|32/100\n|-damage|p1a: Zamazenta|60/100|[from] item: Rocky Helmet|[of] p2a: Amoonguss\n|move|p1b: Terapagos|Tera Starstorm|p2a: Amoonguss|[spread] p2a,p2b\n|-damage|p2a: Amoonguss|0 fnt\n|-damage|p2b: Calyrex|63/100\n|faint|p2a: Amoonguss\n|move|p2b: Calyrex|Trick Room|p2b: Calyrex\n|-fieldstart|move: Trick Room|[of] p2b: Calyrex\n|\n|-heal|p1b: Terapagos|81/100 par|[from] item: Leftovers\n|-heal|p2b: Calyrex|69/100|[from] item: Leftovers\n|-damage|p1b: Terapagos|69/100 par|[from] Leech Seed|[of] p2b: Calyrex\n|-heal|p2b: Calyrex|85/100|[silent]\n|-damage|p1a: Zamazenta|48/100|[from] Leech Seed|[of] p2b: Calyrex\n|-heal|p2b: Calyrex|95/100|[silent]\n|upkeep\n|\n|t:|1768405524\n|switch|p2a: Kyogre|Kyogre, L50|100/100\n|-weather|RainDance|[from] ability: Drizzle|[of] p2a: Kyogre\n|turn|6\n|\n|t:|1768405534\n|switch|p1a: Sinistcha|Sinistcha, L50|100/100\n|-heal|p1b: Terapagos|94/100 par|[from] ability: Hospitality|[of] p1a: Sinistcha\n|move|p1b: Terapagos|Tera Starstorm|p2a: Kyogre|[spread] p2a,p2b\n|-damage|p2a: Kyogre|73/100\n|-damage|p2b: Calyrex|70/100\n|move|p2b: Calyrex|Glacial Lance|p1a: Sinistcha|[spread] p1a,p1b\n|-supereffective|p1a: Sinistcha\n|-damage|p1a: Sinistcha|30/100\n|-damage|p1b: Terapagos|60/100 par\n|move|p2a: Kyogre|Thunder|p1a: Sinistcha\n|-resisted|p1a: Sinistcha\n|-damage|p1a: Sinistcha|0 fnt\n|faint|p1a: Sinistcha\n|\n|-weather|RainDance|[upkeep]\n|-heal|p1b: Terapagos|66/100 par|[from] item: Leftovers\n|-heal|p2b: Calyrex|75/100|[from] item: Leftovers\n|-damage|p1b: Terapagos|53/100 par|[from] Leech Seed|[of] p2b: Calyrex\n|-heal|p2b: Calyrex|91/100|[silent]\n|upkeep\n|\n|t:|1768405553\n|switch|p1a: Rillaboom|Rillaboom, L50, F|100/100\n|-fieldstart|move: Grassy Terrain|[from] ability: Grassy Surge|[of] p1a: Rillaboom\n|turn|7\n|\n|t:|1768405562\n|switch|p1b: Zamazenta|Zamazenta-Crowned, L50|48/100\n|switch|p2a: Grimmsnarl|Grimmsnarl, L50, M|41/100\n|move|p1a: Rillaboom|Fake Out|p2b: Calyrex\n|-damage|p2b: Calyrex|84/100\n|cant|p2b: Calyrex|flinch\n|\n|-weather|RainDance|[upkeep]\n|-heal|p2b: Calyrex|90/100|[from] Grassy Terrain\n|-heal|p2b: Calyrex|96/100|[from] item: Leftovers\n|-heal|p2a: Grimmsnarl|47/100|[from] Grassy Terrain\n|-heal|p1b: Zamazenta|54/100|[from] Grassy Terrain\n|upkeep\n|turn|8\n|inactive|simdude has 30 seconds left.\n|\n|t:|1768405592\n|move|p2a: Grimmsnarl|Reflect|p2a: Grimmsnarl\n|-sidestart|p2: dthk1216|Reflect\n|move|p2b: Calyrex|Leech Seed|p1b: Zamazenta\n|-start|p1b: Zamazenta|move: Leech Seed\n|move|p1a: Rillaboom|U-turn|p2a: Grimmsnarl\n|-damage|p2a: Grimmsnarl|32/100\n|\n|t:|1768405597\n|switch|p1a: Terapagos|Terapagos-Stellar, L50, M, tera:Stellar|53/100 par|[from] U-turn\n|move|p1b: Zamazenta|Body Press|p2b: Calyrex\n|-damage|p2b: Calyrex|77/100\n|\n|-weather|RainDance|[upkeep]\n|-heal|p1a: Terapagos|59/100 par|[from] Grassy Terrain\n|-heal|p1a: Terapagos|65/100 par|[from] item: Leftovers\n|-heal|p2b: Calyrex|83/100|[from] Grassy Terrain\n|-heal|p2b: Calyrex|88/100|[from] item: Leftovers\n|-heal|p2a: Grimmsnarl|38/100|[from] Grassy Terrain\n|-heal|p1b: Zamazenta|60/100|[from] Grassy Terrain\n|-damage|p1b: Zamazenta|48/100|[from] Leech Seed|[of] p2b: Calyrex\n|-heal|p2b: Calyrex|99/100|[silent]\n|upkeep\n|turn|9\n|\n|t:|1768405615\n|switch|p1b: Rillaboom|Rillaboom, L50, F|100/100\n|move|p2a: Grimmsnarl|Thunder Wave|p1b: Rillaboom|[miss]\n|-miss|p2a: Grimmsnarl|p1b: Rillaboom\n|move|p1a: Terapagos|Calm Mind|p1a: Terapagos\n|-boost|p1a: Terapagos|spa|1\n|-boost|p1a: Terapagos|spd|1\n|move|p2b: Calyrex|Glacial Lance|p1a: Terapagos|[spread] p1a,p1b\n|-supereffective|p1b: Rillaboom\n|-damage|p1a: Terapagos|29/100 par\n|-damage|p1b: Rillaboom|5/100\n|\n|-weather|RainDance|[upkeep]\n|-heal|p1a: Terapagos|35/100 par|[from] Grassy Terrain\n|-heal|p1a: Terapagos|41/100 par|[from] item: Leftovers\n|-heal|p2b: Calyrex|100/100|[from] Grassy Terrain\n|-heal|p2a: Grimmsnarl|44/100|[from] Grassy Terrain\n|-heal|p1b: Rillaboom|11/100|[from] Grassy Terrain\n|-sideend|p2: dthk1216|move: Light Screen\n|-fieldend|move: Trick Room\n|upkeep\n|turn|10\n|\n|t:|1768405638\n|move|p2b: Calyrex|Protect|p2b: Calyrex\n|-singleturn|p2b: Calyrex|Protect\n|move|p1b: Rillaboom|Fake Out|p2b: Calyrex\n|-activate|p2b: Calyrex|move: Protect\n|move|p2a: Grimmsnarl|Foul Play|p1b: Rillaboom\n|-crit|p1b: Rillaboom\n|-damage|p1b: Rillaboom|0 fnt\n|faint|p1b: Rillaboom\n|move|p1a: Terapagos|Tera Starstorm|p2a: Grimmsnarl|[spread] p2a\n|-activate|p2b: Calyrex|move: Protect\n|-damage|p2a: Grimmsnarl|0 fnt\n|faint|p2a: Grimmsnarl\n|\n|-weather|none\n|-heal|p1a: Terapagos|47/100 par|[from] Grassy Terrain\n|-heal|p1a: Terapagos|53/100 par|[from] item: Leftovers\n|upkeep\n|\n|t:|1768405657\n|switch|p1b: Zamazenta|Zamazenta-Crowned, L50|48/100\n|switch|p2a: Kyogre|Kyogre, L50|73/100\n|-weather|RainDance|[from] ability: Drizzle|[of] p2a: Kyogre\n|turn|11\n|\n|t:|1768405669\n|move|p1b: Zamazenta|Body Press|p2b: Calyrex\n|-damage|p2b: Calyrex|82/100\n|move|p2a: Kyogre|Thunder|p1b: Zamazenta\n|-damage|p1b: Zamazenta|2/100\n|-status|p1b: Zamazenta|par\n|move|p2b: Calyrex|Leech Seed|p1a: Terapagos\n|-start|p1a: Terapagos|move: Leech Seed\n|move|p1a: Terapagos|Tera Starstorm|p2b: Calyrex|[spread] p2a,p2b\n|-damage|p2a: Kyogre|34/100\n|-damage|p2b: Calyrex|45/100\n|\n|-weather|RainDance|[upkeep]\n|-heal|p2a: Kyogre|40/100|[from] Grassy Terrain\n|-heal|p1b: Zamazenta|8/100 par|[from] Grassy Terrain\n|-heal|p2b: Calyrex|51/100|[from] Grassy Terrain\n|-heal|p2b: Calyrex|57/100|[from] item: Leftovers\n|-heal|p1a: Terapagos|59/100 par|[from] Grassy Terrain\n|-heal|p1a: Terapagos|65/100 par|[from] item: Leftovers\n|-damage|p1a: Terapagos|53/100 par|[from] Leech Seed|[of] p2b: Calyrex\n|-heal|p2b: Calyrex|72/100|[silent]\n|-fieldend|move: Grassy Terrain\n|upkeep\n|turn|12\n|\n|t:|1768405691\n|move|p2a: Kyogre|Thunder|p1b: Zamazenta\n|-damage|p1b: Zamazenta|0 fnt\n|faint|p1b: Zamazenta\n|move|p2b: Calyrex|Glacial Lance|p1a: Terapagos\n|-crit|p1a: Terapagos\n|-damage|p1a: Terapagos|0 fnt\n|faint|p1a: Terapagos\n|detailschange|p1: Terapagos|Terapagos, L50, M|[silent]\n|\n|win|dthk1216\n|raw|simdude's rating: 1207 &rarr; <strong>1191</strong><br />(-16 for losing)\n|raw|dthk1216's rating: 1336 &rarr; <strong>1349</strong><br />(+13 for winning)\n|l|\u2606simdude\n|player|p1|\n|l|\u2606dthk1216\n|player|p2|\n","uploadtime":1768405954,"views":15,"formatid":"gen9vgc2026regi","rating":1191,"private":0,"password":null}