{"id":"gen9vgc2026regi-2573428607","format":"[Gen 9] VGC 2026 Reg I","players":["Luca8","Lord Bartlett"],"log":"|j|\u2606Luca8\n|j|\u2606Lord Bartlett\n|t:|1775135746\n|gametype|doubles\n|player|p1|Luca8|flint|1438\n|player|p2|Lord Bartlett|2|1431\n|gen|9\n|tier|[Gen 9] VGC 2026 Reg I\n|rated|\n|rule|Species Clause: Limit one of each Pok\u00e9mon\n|rule|Item Clause: Limit 1 of each item\n|clearpoke\n|poke|p1|Urshifu-*, L50, F|\n|poke|p1|Kyogre, L50|\n|poke|p1|Farigiraf, L50, M|\n|poke|p1|Smeargle, L50, F|\n|poke|p1|Calyrex-Ice, L50|\n|poke|p1|Rhyperior, L50, M|\n|poke|p2|Dondozo, L50, M|\n|poke|p2|Tatsugiri, L50, M|\n|poke|p2|Glimmora, L50, M|\n|poke|p2|Eternatus, L50|\n|poke|p2|Ogerpon-Wellspring, L50, F|\n|poke|p2|Grimmsnarl, L50, M|\n|teampreview|4\n|inactive|Battle timer is ON: inactive players will automatically lose when time's up. (requested by Lord Bartlett)\n|j| 37241usersonline\n|inactive|Luca8 has 60 seconds left.\n|inactive|Luca8 has 30 seconds left.\n|inactive|Luca8 has 20 seconds left.\n|inactive|Luca8 has 15 seconds left.\n|inactive|Luca8 has 10 seconds left.\n|inactive|Luca8 has 5 seconds left.\n|\n|t:|1775135850\n|teamsize|p1|4\n|teamsize|p2|4\n|start\n|switch|p1a: Urshifu|Urshifu, L50, F|100/100\n|switch|p1b: Kyogre|Kyogre, L50|100/100\n|switch|p2a: Glimmora|Glimmora, L50, M|100/100\n|switch|p2b: Ogerpon|Ogerpon-Wellspring, L50, F|100/100\n|-weather|RainDance|[from] ability: Drizzle|[of] p1b: Kyogre\n|turn|1\n|inactive|Luca8 has 30 seconds left.\n|inactive|Luca8 has 20 seconds left.\n|inactive|Luca8 has 15 seconds left.\n|inactive|Luca8 has 10 seconds left.\n|inactive|Luca8 has 5 seconds left.\n|\n|t:|1775135903\n|-terastallize|p2a: Glimmora|Grass\n|move|p2b: Ogerpon|Spikes|p1b: Kyogre\n|-sidestart|p1: Luca8|Spikes\n|move|p2a: Glimmora|Mortal Spin|p1a: Urshifu|[spread] p1a,p1b\n|-damage|p1a: Urshifu|96/100\n|-damage|p1b: Kyogre|96/100\n|-status|p1a: Urshifu|psn\n|-status|p1b: Kyogre|psn\n|move|p1a: Urshifu|Wicked Blow|p2b: Ogerpon\n|-crit|p2b: Ogerpon\n|-damage|p2b: Ogerpon|31/100\n|move|p1b: Kyogre|Water Spout|p2b: Ogerpon|[spread] p2a\n|-heal|p2b: Ogerpon|56/100|[from] ability: Water Absorb|[of] p1b: Kyogre\n|-resisted|p2a: Glimmora\n|-crit|p2a: Glimmora\n|-damage|p2a: Glimmora|48/100\n|\n|-weather|RainDance|[upkeep]\n|-damage|p1a: Urshifu|84/100 psn|[from] psn\n|-damage|p1b: Kyogre|84/100 psn|[from] psn\n|upkeep\n|turn|2\n|inactive|Luca8 has 30 seconds left.\n|\n|t:|1775135929\n|move|p1b: Kyogre|Protect|p1b: Kyogre\n|-singleturn|p1b: Kyogre|Protect\n|move|p2b: Ogerpon|Spikes|p1a: Urshifu\n|-sidestart|p1: Luca8|Spikes\n|move|p2a: Glimmora|Sludge Bomb|p1a: Urshifu\n|-damage|p1a: Urshifu|30/100 psn\n|move|p1a: Urshifu|Wicked Blow|p2b: Ogerpon\n|-crit|p2b: Ogerpon\n|-damage|p2b: Ogerpon|0 fnt\n|faint|p2b: Ogerpon\n|\n|-weather|RainDance|[upkeep]\n|-damage|p1a: Urshifu|18/100 psn|[from] psn\n|-damage|p1b: Kyogre|72/100 psn|[from] psn\n|upkeep\n|\n|t:|1775135941\n|switch|p2b: Dondozo|Dondozo, L50, M|100/100\n|turn|3\n|inactive|Luca8 has 30 seconds left.\n|\n|t:|1775135966\n|switch|p1a: Smeargle|Smeargle, L50, F|100/100\n|-damage|p1a: Smeargle|84/100|[from] Spikes\n|move|p2a: Glimmora|Sludge Bomb|p1a: Smeargle\n|-damage|p1a: Smeargle|6/100\n|move|p1b: Kyogre|Ice Beam|p2a: Glimmora\n|-supereffective|p2a: Glimmora\n|-damage|p2a: Glimmora|0 fnt\n|faint|p2a: Glimmora\n|move|p2b: Dondozo|Earthquake|p1b: Kyogre|[spread] p1a,p1b\n|-damage|p1a: Smeargle|0 fnt\n|-damage|p1b: Kyogre|55/100 psn\n|faint|p1a: Smeargle\n|\n|-weather|RainDance|[upkeep]\n|-damage|p1b: Kyogre|43/100 psn|[from] psn\n|upkeep\n|\n|t:|1775135983\n|switch|p1a: Farigiraf|Farigiraf, L50, M|100/100\n|switch|p2a: Tatsugiri|Tatsugiri, L50, M|100/100\n|-damage|p1a: Farigiraf|84/100|[from] Spikes\n|-activate|p2a: Tatsugiri|ability: Commander|[of] p2b: Dondozo\n|-boost|p2b: Dondozo|atk|2\n|-boost|p2b: Dondozo|spa|2\n|-boost|p2b: Dondozo|spe|2\n|-boost|p2b: Dondozo|def|2\n|-boost|p2b: Dondozo|spd|2\n|turn|4\n|\n|t:|1775136000\n|move|p1b: Kyogre|Protect|p1b: Kyogre\n|-singleturn|p1b: Kyogre|Protect\n|move|p2b: Dondozo|Order Up|p1b: Kyogre\n|-activate|p1b: Kyogre|move: Protect\n|move|p1a: Farigiraf|Trick Room|p1a: Farigiraf\n|-fieldstart|move: Trick Room|[of] p1a: Farigiraf\n|-enditem|p1b: Kyogre|Room Service\n|-unboost|p1b: Kyogre|spe|1|[from] item: Room Service\n|\n|-weather|RainDance|[upkeep]\n|-damage|p1b: Kyogre|30/100 psn|[from] psn\n|upkeep\n|turn|5\n|\n|t:|1775136016\n|move|p2b: Dondozo|Protect|p2b: Dondozo\n|-singleturn|p2b: Dondozo|Protect\n|move|p1b: Kyogre|Ice Beam|p2b: Dondozo\n|-activate|p2b: Dondozo|move: Protect\n|move|p1a: Farigiraf|Hyper Voice|p2a: Tatsugiri|[spread] \n|-miss|p1a: Farigiraf|p2a: Tatsugiri\n|-activate|p2b: Dondozo|move: Protect\n|\n|-weather|none\n|-damage|p1b: Kyogre|18/100 psn|[from] psn\n|upkeep\n|turn|6\n|j| thundersnd77\n|inactive|Luca8 has 30 seconds left.\n|inactive|Luca8 has 20 seconds left.\n|inactive|Luca8 has 15 seconds left.\n|\n|t:|1775136058\n|move|p1b: Kyogre|Ice Beam|p2b: Dondozo\n|-resisted|p2b: Dondozo\n|-damage|p2b: Dondozo|94/100\n|move|p1a: Farigiraf|Psychic|p2b: Dondozo\n|-damage|p2b: Dondozo|80/100\n|move|p2b: Dondozo|Order Up|p1a: Farigiraf\n|-damage|p1a: Farigiraf|49/100\n|-boost|p2b: Dondozo|atk|1\n|\n|-heal|p2b: Dondozo|86/100|[from] item: Leftovers\n|-damage|p1b: Kyogre|6/100 psn|[from] psn\n|upkeep\n|turn|7\n|\n|t:|1775136074\n|switch|p1b: Urshifu|Urshifu, L50, F|18/100 psn\n|-damage|p1b: Urshifu|2/100 psn|[from] Spikes\n|move|p2b: Dondozo|Protect|p2b: Dondozo\n|-singleturn|p2b: Dondozo|Protect\n|move|p1a: Farigiraf|Psychic|p2b: Dondozo\n|-activate|p2b: Dondozo|move: Protect\n|\n|-heal|p2b: Dondozo|93/100|[from] item: Leftovers\n|-damage|p1b: Urshifu|0 fnt|[from] psn\n|faint|p1b: Urshifu\n|upkeep\n|-message|Luca8 forfeited.\n|\n|win|Lord Bartlett\n|raw|Luca8's rating: 1438 &rarr; <strong>1418</strong><br />(-20 for losing)\n|raw|Lord Bartlett's rating: 1431 &rarr; <strong>1451</strong><br />(+20 for winning)\n|l|\u2606Luca8\n|player|p1|\n|c|\u2606Lord Bartlett|gg\n|l| thundersnd77\n|l| 37241usersonline\n","uploadtime":1775136361,"views":7,"formatid":"gen9vgc2026regi","rating":1418,"private":0,"password":null}