{"id":"gen9vgc2026regi-2518682290","format":"[Gen 9] VGC 2026 Reg I","players":["Cello L.","ScribbleScribble"],"log":"|j|\u2606Cello L.\n|j|\u2606ScribbleScribble\n|t:|1768415990\n|gametype|doubles\n|player|p1|Cello L.|cynthia-gen4|1447\n|player|p2|ScribbleScribble|mina-lgpe|1387\n|gen|9\n|tier|[Gen 9] VGC 2026 Reg I\n|rated|\n|rule|Species Clause: Limit one of each Pok\u00e9mon\n|rule|Item Clause: Limit 1 of each item\n|clearpoke\n|poke|p1|Calyrex-Shadow, L50|\n|poke|p1|Zamazenta-*, L50|\n|poke|p1|Chien-Pao, L50|\n|poke|p1|Dragonite, L50, F|\n|poke|p1|Raging Bolt, L50|\n|poke|p1|Amoonguss, L50, M|\n|poke|p2|Calyrex-Ice, L50|\n|poke|p2|Kyogre, L50|\n|poke|p2|Tornadus, L50, M|\n|poke|p2|Indeedee-F, L50, F|\n|poke|p2|Landorus, L50, M|\n|poke|p2|Urshifu-*, L50, F|\n|teampreview|4\n|inactive|Battle timer is ON: inactive players will automatically lose when time's up. (requested by ScribbleScribble)\n|\n|t:|1768416018\n|teamsize|p1|4\n|teamsize|p2|4\n|start\n|switch|p1a: Zamazenta|Zamazenta-Crowned, L50|100/100\n|switch|p1b: Chien-Pao|Chien-Pao, L50|100/100\n|switch|p2a: Tornadus|Tornadus, L50, M|100/100\n|switch|p2b: Landorus|Landorus, L50, M|100/100\n|-ability|p1b: Chien-Pao|Sword of Ruin\n|-ability|p1a: Zamazenta|Dauntless Shield|boost\n|-boost|p1a: Zamazenta|def|1\n|turn|1\n|inactive|Cello L. has 30 seconds left.\n|inactive|ScribbleScribble has 30 seconds left.\n|\n|t:|1768416044\n|move|p1a: Zamazenta|Protect|p1a: Zamazenta\n|-singleturn|p1a: Zamazenta|Protect\n|move|p2a: Tornadus|Tailwind|p2a: Tornadus\n|-sidestart|p2: ScribbleScribble|move: Tailwind\n|move|p2b: Landorus|Sandsear Storm|p1a: Zamazenta|[spread] p1b\n|-activate|p1a: Zamazenta|move: Protect\n|-damage|p1b: Chien-Pao|41/100\n|move|p1b: Chien-Pao|Ice Spinner|p2b: Landorus\n|-supereffective|p2b: Landorus\n|-damage|p2b: Landorus|0 fnt\n|faint|p2b: Landorus\n|\n|upkeep\n|\n|t:|1768416054\n|switch|p2b: Calyrex|Calyrex-Ice, L50|100/100\n|-ability|p2b: Calyrex|As One\n|-ability|p2b: Calyrex|Unnerve\n|turn|2\n|\n|t:|1768416066\n|-terastallize|p2b: Calyrex|Grass\n|move|p2a: Tornadus|Taunt|p1a: Zamazenta\n|-start|p1a: Zamazenta|move: Taunt\n|move|p1b: Chien-Pao|Sucker Punch|p2b: Calyrex\n|-damage|p2b: Calyrex|74/100\n|move|p2b: Calyrex|Seed Bomb|p1b: Chien-Pao\n|-damage|p1b: Chien-Pao|0 fnt\n|faint|p1b: Chien-Pao\n|-ability|p2b: Calyrex|Chilling Neigh|boost\n|-boost|p2b: Calyrex|atk|1\n|move|p1a: Zamazenta|Body Press|p2b: Calyrex\n|-damage|p2b: Calyrex|29/100\n|\n|upkeep\n|\n|t:|1768416087\n|switch|p1b: Calyrex|Calyrex-Shadow, L50|100/100\n|-ability|p1b: Calyrex|As One\n|-ability|p1b: Calyrex|Unnerve\n|turn|3\n|\n|t:|1768416100\n|move|p2a: Tornadus|Bleakwind Storm|p1b: Calyrex|[spread] p1a,p1b\n|-damage|p1a: Zamazenta|74/100\n|-damage|p1b: Calyrex|63/100\n|-unboost|p1b: Calyrex|spe|1\n|move|p2b: Calyrex|Glacial Lance|p1a: Zamazenta|[spread] p1a,p1b\n|-resisted|p1a: Zamazenta\n|-damage|p1a: Zamazenta|60/100\n|-damage|p1b: Calyrex|0 fnt\n|faint|p1b: Calyrex\n|-ability|p2b: Calyrex|Chilling Neigh|boost\n|-boost|p2b: Calyrex|atk|1\n|move|p1a: Zamazenta|Body Press|p2a: Tornadus\n|-resisted|p2a: Tornadus\n|-damage|p2a: Tornadus|51/100\n|\n|upkeep\n|\n|t:|1768416112\n|switch|p1b: Dragonite|Dragonite, L50, F|100/100\n|turn|4\n|\n|t:|1768416133\n|switch|p2a: Indeedee|Indeedee-F, L50, F, shiny|100/100\n|-fieldstart|move: Psychic Terrain|[from] ability: Psychic Surge|[of] p2a: Indeedee\n|-enditem|p2a: Indeedee|Psychic Seed\n|-boost|p2a: Indeedee|spd|1|[from] item: Psychic Seed\n|-terastallize|p1b: Dragonite|Normal\n|move|p1b: Dragonite|Extreme Speed|p2b: Calyrex\n|-activate|p2b: Calyrex|move: Psychic Terrain\n|move|p2b: Calyrex|Glacial Lance|p1a: Zamazenta|[spread] p1a,p1b\n|-resisted|p1a: Zamazenta\n|-crit|p1b: Dragonite\n|-damage|p1a: Zamazenta|41/100\n|-damage|p1b: Dragonite|0 fnt\n|faint|p1b: Dragonite\n|-ability|p2b: Calyrex|Chilling Neigh|boost\n|-boost|p2b: Calyrex|atk|1\n|move|p1a: Zamazenta|Heavy Slam|p2a: Indeedee\n|-damage|p2a: Indeedee|50/100\n|\n|-end|p1a: Zamazenta|move: Taunt\n|-sideend|p2: ScribbleScribble|move: Tailwind\n|upkeep\n|turn|5\n|-message|Cello L. forfeited.\n|\n|win|ScribbleScribble\n|raw|Cello L.'s rating: 1447 &rarr; <strong>1423</strong><br />(-24 for losing)\n|raw|ScribbleScribble's rating: 1376 &rarr; <strong>1400</strong><br />(+24 for winning)\n|l|\u2606ScribbleScribble\n|player|p2|\n|l|\u2606Cello L.\n|player|p1|\n","uploadtime":1768416310,"views":20,"formatid":"gen9vgc2026regi","rating":1400,"private":0,"password":null}