{"id":"gen9vgc2026regi-2529312776","format":"[Gen 9] VGC 2026 Reg I","players":["Stinky57","ky123456"],"log":"|j|\u2606Stinky57\n|j|\u2606ky123456\n|t:|1769771885\n|gametype|doubles\n|player|p1|Stinky57|265|1467\n|player|p2|ky123456|cynthia-gen4|1574\n|gen|9\n|tier|[Gen 9] VGC 2026 Reg I\n|rated|\n|rule|Species Clause: Limit one of each Pok\u00e9mon\n|rule|Item Clause: Limit 1 of each item\n|clearpoke\n|poke|p1|Miraidon, L50|\n|poke|p1|Necrozma-Dusk-Mane, L50|\n|poke|p1|Pelipper, L50, M|\n|poke|p1|Iron Hands, L50|\n|poke|p1|Whimsicott, L50, F|\n|poke|p1|Urshifu-*, L50, F|\n|poke|p2|Kyogre, L50|\n|poke|p2|Calyrex-Ice, L50|\n|poke|p2|Grimmsnarl, L50, M|\n|poke|p2|Rillaboom, L50, M|\n|poke|p2|Landorus, L50, M|\n|poke|p2|Urshifu-*, L50, M|\n|teampreview|4\n|inactive|Battle timer is ON: inactive players will automatically lose when time's up. (requested by Stinky57)\n|\n|t:|1769771913\n|teamsize|p1|4\n|teamsize|p2|4\n|start\n|switch|p1a: Pelipper|Pelipper, L50, M|100/100\n|switch|p1b: Urshifu|Urshifu-Rapid-Strike, L50, F|100/100\n|switch|p2a: Calyrex|Calyrex-Ice, L50|100/100\n|switch|p2b: Grimmsnarl|Grimmsnarl, L50, M|100/100\n|-ability|p2a: Calyrex|As One\n|-ability|p2a: Calyrex|Unnerve\n|-weather|RainDance|[from] ability: Drizzle|[of] p1a: Pelipper\n|turn|1\n|\n|t:|1769771922\n|switch|p2a: Rillaboom|Rillaboom, L50, M|100/100\n|-fieldstart|move: Grassy Terrain|[from] ability: Grassy Surge|[of] p2a: Rillaboom\n|move|p2b: Grimmsnarl|Thunder Wave|p1b: Urshifu\n|-status|p1b: Urshifu|par\n|move|p1a: Pelipper|Hurricane|p2b: Grimmsnarl\n|-damage|p2b: Grimmsnarl|49/100\n|move|p1b: Urshifu|Surging Strikes|p2b: Grimmsnarl\n|-crit|p2b: Grimmsnarl\n|-damage|p2b: Grimmsnarl|8/100\n|-crit|p2b: Grimmsnarl\n|-damage|p2b: Grimmsnarl|0 fnt\n|faint|p2b: Grimmsnarl\n|-hitcount|p2: Grimmsnarl|2\n|\n|-weather|RainDance|[upkeep]\n|upkeep\n|\n|t:|1769771946\n|switch|p2b: Kyogre|Kyogre, L50|100/100\n|turn|2\n|\n|t:|1769771953\n|move|p1a: Pelipper|Protect|p1a: Pelipper\n|-singleturn|p1a: Pelipper|Protect\n|move|p2b: Kyogre|Thunder|p1a: Pelipper\n|-activate|p1a: Pelipper|move: Protect\n|move|p2a: Rillaboom|Wood Hammer|p1b: Urshifu\n|-supereffective|p1b: Urshifu\n|-damage|p1b: Urshifu|0 fnt\n|faint|p1b: Urshifu\n|-damage|p2a: Rillaboom|72/100|[from] Recoil\n|\n|-weather|RainDance|[upkeep]\n|-heal|p2a: Rillaboom|78/100|[from] Grassy Terrain\n|upkeep\n|\n|t:|1769771961\n|switch|p1b: Miraidon|Miraidon, L50, shiny|100/100\n|-fieldstart|move: Electric Terrain|[from] ability: Hadron Engine|[of] p1b: Miraidon\n|turn|3\n|inactive|Stinky57 has 30 seconds left.\n|\n|t:|1769771986\n|-terastallize|p2b: Kyogre|Grass\n|-terastallize|p1a: Pelipper|Stellar\n|move|p1b: Miraidon|Volt Switch|p2a: Rillaboom\n|-resisted|p2a: Rillaboom\n|-damage|p2a: Rillaboom|37/100\n|-damage|p1b: Miraidon|91/100|[from] item: Life Orb\n|\n|t:|1769771991\n|switch|p1b: Necrozma|Necrozma-Dusk-Mane, L50|100/100|[from] Volt Switch\n|move|p2b: Kyogre|Thunder|p1a: Pelipper\n|-supereffective|p1a: Pelipper\n|-enditem|p1a: Pelipper|Focus Sash\n|-damage|p1a: Pelipper|1/100\n|move|p1a: Pelipper|Hurricane|p2a: Rillaboom\n|-supereffective|p2a: Rillaboom\n|-damage|p2a: Rillaboom|0 fnt\n|faint|p2a: Rillaboom\n|\n|-weather|RainDance|[upkeep]\n|upkeep\n|\n|t:|1769772003\n|switch|p2a: Calyrex|Calyrex-Ice, L50|100/100\n|-ability|p2a: Calyrex|As One\n|-ability|p2a: Calyrex|Unnerve\n|turn|4\n|\n|t:|1769772018\n|move|p1a: Pelipper|Wide Guard|p1a: Pelipper\n|-singleturn|p1a: Pelipper|Wide Guard\n|move|p2b: Kyogre|Water Spout|p1b: Necrozma|[spread] \n|-activate|p1a: Pelipper|move: Wide Guard\n|-activate|p1b: Necrozma|move: Wide Guard\n|move|p1b: Necrozma|Photon Geyser|p2b: Kyogre\n|-damage|p2b: Kyogre|45/100\n|move|p2a: Calyrex|Leech Seed|p1b: Necrozma\n|-start|p1b: Necrozma|move: Leech Seed\n|\n|-weather|RainDance|[upkeep]\n|-damage|p1b: Necrozma|88/100|[from] Leech Seed|[of] p2a: Calyrex\n|upkeep\n|turn|5\n|inactive|ky123456 has 30 seconds left.\n|\n|t:|1769772046\n|move|p1a: Pelipper|Wide Guard|p1a: Pelipper\n|-singleturn|p1a: Pelipper|Wide Guard\n|move|p2b: Kyogre|Origin Pulse|p1b: Necrozma|[spread] \n|-activate|p1a: Pelipper|move: Wide Guard\n|-activate|p1b: Necrozma|move: Wide Guard\n|move|p1b: Necrozma|Sunsteel Strike|p2b: Kyogre\n|-damage|p2b: Kyogre|0 fnt\n|faint|p2b: Kyogre\n|move|p2a: Calyrex|Trick Room|p2a: Calyrex\n|-fieldstart|move: Trick Room|[of] p2a: Calyrex\n|\n|-weather|none\n|-damage|p1b: Necrozma|76/100|[from] Leech Seed|[of] p2a: Calyrex\n|upkeep\n|turn|6\n|\n|t:|1769772058\n|move|p1a: Pelipper|Wide Guard|p1a: Pelipper\n|-singleturn|p1a: Pelipper|Wide Guard\n|move|p2a: Calyrex|Leech Seed|p1a: Pelipper\n|-start|p1a: Pelipper|move: Leech Seed\n|move|p1b: Necrozma|Trick Room|p1b: Necrozma\n|-fieldend|move: Trick Room\n|\n|-damage|p1a: Pelipper|0 fnt|[from] Leech Seed|[of] p2a: Calyrex\n|faint|p1a: Pelipper\n|-damage|p1b: Necrozma|64/100|[from] Leech Seed|[of] p2a: Calyrex\n|upkeep\n|\n|t:|1769772062\n|switch|p1a: Miraidon|Miraidon, L50, shiny|91/100\n|-activate|p1a: Miraidon|ability: Hadron Engine\n|turn|7\n|\n|t:|1769772068\n|move|p2a: Calyrex|Protect|p2a: Calyrex\n|-singleturn|p2a: Calyrex|Protect\n|move|p1a: Miraidon|Electro Drift|p2a: Calyrex\n|-activate|p2a: Calyrex|move: Protect\n|move|p1b: Necrozma|Sunsteel Strike|p2a: Calyrex\n|-activate|p2a: Calyrex|move: Protect\n|\n|-damage|p1b: Necrozma|51/100|[from] Leech Seed|[of] p2a: Calyrex\n|-fieldend|move: Electric Terrain\n|upkeep\n|turn|8\n|\n|t:|1769772087\n|move|p1a: Miraidon|Electro Drift|p2a: Calyrex\n|-damage|p2a: Calyrex|57/100\n|-damage|p1a: Miraidon|81/100|[from] item: Life Orb\n|move|p1b: Necrozma|Sunsteel Strike|p2a: Calyrex\n|-supereffective|p2a: Calyrex\n|-damage|p2a: Calyrex|0 fnt\n|faint|p2a: Calyrex\n|\n|win|Stinky57\n|raw|Stinky57's rating: 1467 &rarr; <strong>1493</strong><br />(+26 for winning)\n|raw|ky123456's rating: 1574 &rarr; <strong>1548</strong><br />(-26 for losing)\n|l|\u2606ky123456\n|player|p2|\n|l|\u2606Stinky57\n|player|p1|\n","uploadtime":1769772293,"views":26,"formatid":"gen9vgc2026regi","rating":1493,"private":0,"password":null}