{"id":"gen9vgc2026regi-2562547238","format":"[Gen 9] VGC 2026 Reg I","players":["DJCoolAwesome13","zhz2021"],"log":"|j|\u203dDJCoolAwesome13\n|j|\u2606zhz2021\n|t:|1773929178\n|gametype|doubles\n|player|p1|DJCoolAwesome13|2|1270\n|player|p2|zhz2021|marley|1418\n|gen|9\n|tier|[Gen 9] VGC 2026 Reg I\n|rated|\n|rule|Species Clause: Limit one of each Pok\u00e9mon\n|rule|Item Clause: Limit 1 of each item\n|clearpoke\n|poke|p1|Lunala, L50|\n|poke|p1|Ursaluna, L50, M|\n|poke|p1|Urshifu-*, L50, F|\n|poke|p1|Miraidon, L50|\n|poke|p1|Grimmsnarl, L50, M|\n|poke|p1|Incineroar, L50, M|\n|poke|p2|Giratina, L50|\n|poke|p2|Incineroar, L50, M|\n|poke|p2|Glimmora, L50, F|\n|poke|p2|Flutter Mane, L50|\n|poke|p2|Rillaboom, L50, M|\n|poke|p2|Zamazenta-*, L50|\n|teampreview|4\n|\n|t:|1773929219\n|teamsize|p1|4\n|teamsize|p2|4\n|start\n|switch|p1a: Lunala|Lunala, L50|100/100\n|switch|p1b: Miraidon|Miraidon, L50|100/100\n|switch|p2a: Rillaboom|Rillaboom, L50, M|100/100\n|switch|p2b: Flutter Mane|Flutter Mane, L50|100/100\n|-fieldstart|move: Electric Terrain|[from] ability: Hadron Engine|[of] p1b: Miraidon\n|-enditem|p1a: Lunala|Electric Seed\n|-boost|p1a: Lunala|def|1|[from] item: Electric Seed\n|-fieldstart|move: Grassy Terrain|[from] ability: Grassy Surge|[of] p2a: Rillaboom\n|-enditem|p2b: Flutter Mane|Booster Energy\n|-activate|p2b: Flutter Mane|ability: Protosynthesis|[fromitem]\n|-start|p2b: Flutter Mane|protosynthesisspe\n|turn|1\n|\n|t:|1773929251\n|move|p2a: Rillaboom|Fake Out|p1b: Miraidon\n|-damage|p1b: Miraidon|90/100\n|move|p2b: Flutter Mane|Taunt|p1a: Lunala\n|-start|p1a: Lunala|move: Taunt\n|cant|p1b: Miraidon|flinch\n|move|p1a: Lunala|Moongeist Beam|p2b: Flutter Mane\n|-supereffective|p2b: Flutter Mane\n|-damage|p2b: Flutter Mane|5/100\n|\n|-heal|p2b: Flutter Mane|11/100|[from] Grassy Terrain\n|-heal|p1b: Miraidon|96/100|[from] Grassy Terrain\n|upkeep\n|turn|2\n|\n|t:|1773929270\n|-terastallize|p1a: Lunala|Fairy\n|move|p2b: Flutter Mane|Hex|p1a: Lunala\n|-damage|p1a: Lunala|90/100\n|move|p1b: Miraidon|Snarl|p2b: Flutter Mane|[spread] p2a,p2b\n|-damage|p2a: Rillaboom|89/100\n|-damage|p2b: Flutter Mane|0 fnt\n|-unboost|p2a: Rillaboom|spa|1\n|faint|p2b: Flutter Mane\n|-end|p2b: Flutter Mane|Protosynthesis|[silent]\n|move|p1a: Lunala|Moongeist Beam|p2a: Rillaboom\n|-damage|p2a: Rillaboom|50/100\n|move|p2a: Rillaboom|Wood Hammer|p1b: Miraidon\n|-resisted|p1b: Miraidon\n|-damage|p1b: Miraidon|62/100\n|-damage|p2a: Rillaboom|38/100|[from] Recoil\n|\n|-heal|p1b: Miraidon|68/100|[from] Grassy Terrain\n|-heal|p1a: Lunala|96/100|[from] Grassy Terrain\n|-heal|p2a: Rillaboom|44/100|[from] Grassy Terrain\n|upkeep\n|\n|t:|1773929279\n|switch|p2b: Zamazenta|Zamazenta-Crowned, L50|100/100\n|-ability|p2b: Zamazenta|Dauntless Shield|boost\n|-boost|p2b: Zamazenta|def|1\n|turn|3\n|\n|t:|1773929292\n|switch|p2a: Giratina|Giratina, L50|100/100\n|-ability|p2a: Giratina|Pressure\n|move|p1b: Miraidon|Volt Switch|p2b: Zamazenta\n|-damage|p2b: Zamazenta|75/100\n|\n|t:|1773929299\n|switch|p1b: Urshifu|Urshifu-Rapid-Strike, L50, F|100/100|[from] Volt Switch\n|move|p1a: Lunala|Moongeist Beam|p2a: Giratina\n|-supereffective|p2a: Giratina\n|-damage|p2a: Giratina|32/100\n|move|p2b: Zamazenta|Roar|p1a: Lunala\n|drag|p1a: Ursaluna|Ursaluna, L50, M|100/100\n|\n|-heal|p2b: Zamazenta|81/100|[from] Grassy Terrain\n|-heal|p2a: Giratina|38/100|[from] Grassy Terrain\n|-heal|p2a: Giratina|44/100|[from] item: Leftovers\n|-status|p1a: Ursaluna|brn|[from] item: Flame Orb\n|upkeep\n|turn|4\n|\n|t:|1773929319\n|move|p2b: Zamazenta|Body Press|p1a: Ursaluna\n|-supereffective|p1a: Ursaluna\n|-damage|p1a: Ursaluna|0 fnt\n|faint|p1a: Ursaluna\n|move|p1b: Urshifu|Surging Strikes|p2b: Zamazenta\n|-crit|p2b: Zamazenta\n|-damage|p2b: Zamazenta|62/100\n|-crit|p2b: Zamazenta\n|-damage|p2b: Zamazenta|45/100\n|-crit|p2b: Zamazenta\n|-damage|p2b: Zamazenta|26/100\n|-hitcount|p2b: Zamazenta|3\n|move|p2a: Giratina|Dragon Pulse|p1b: Urshifu\n|-damage|p1b: Urshifu|54/100\n|\n|-heal|p2b: Zamazenta|32/100|[from] Grassy Terrain\n|-heal|p1b: Urshifu|60/100|[from] Grassy Terrain\n|-heal|p2a: Giratina|50/100|[from] Grassy Terrain\n|-heal|p2a: Giratina|57/100|[from] item: Leftovers\n|upkeep\n|\n|t:|1773929337\n|switch|p1a: Miraidon|Miraidon, L50|68/100\n|-fieldstart|move: Electric Terrain|[from] ability: Hadron Engine|[of] p1a: Miraidon\n|turn|5\n|\n|t:|1773929351\n|switch|p2b: Rillaboom|Rillaboom, L50, M|44/100\n|-fieldstart|move: Grassy Terrain|[from] ability: Grassy Surge|[of] p2b: Rillaboom\n|-terastallize|p2a: Giratina|Fairy\n|move|p1a: Miraidon|Electro Drift|p2a: Giratina\n|-damage|p2a: Giratina|24/100\n|move|p1b: Urshifu|Surging Strikes|p2b: Rillaboom\n|-resisted|p2b: Rillaboom\n|-crit|p2b: Rillaboom\n|-damage|p2b: Rillaboom|30/100\n|-resisted|p2b: Rillaboom\n|-crit|p2b: Rillaboom\n|-damage|p2b: Rillaboom|16/100\n|-resisted|p2b: Rillaboom\n|-crit|p2b: Rillaboom\n|-damage|p2b: Rillaboom|2/100\n|-hitcount|p2b: Rillaboom|3\n|move|p2a: Giratina|Dragon Pulse|p1b: Urshifu\n|-damage|p1b: Urshifu|13/100\n|\n|-heal|p1a: Miraidon|74/100|[from] Grassy Terrain\n|-heal|p1b: Urshifu|19/100|[from] Grassy Terrain\n|-heal|p2a: Giratina|31/100|[from] Grassy Terrain\n|-heal|p2a: Giratina|37/100|[from] item: Leftovers\n|-heal|p2b: Rillaboom|8/100|[from] Grassy Terrain\n|upkeep\n|turn|6\n|\n|t:|1773929378\n|switch|p1a: Lunala|Lunala, L50, tera:Fairy|96/100\n|move|p2b: Rillaboom|Grassy Glide|p1b: Urshifu\n|-supereffective|p1b: Urshifu\n|-damage|p1b: Urshifu|0 fnt\n|faint|p1b: Urshifu\n|move|p2a: Giratina|Dragon Pulse|p1a: Lunala\n|-immune|p1a: Lunala\n|\n|-heal|p1a: Lunala|100/100|[from] Grassy Terrain\n|-heal|p2a: Giratina|43/100|[from] Grassy Terrain\n|-heal|p2a: Giratina|49/100|[from] item: Leftovers\n|-heal|p2b: Rillaboom|14/100|[from] Grassy Terrain\n|upkeep\n|\n|t:|1773929386\n|switch|p1b: Miraidon|Miraidon, L50|74/100\n|-fieldstart|move: Electric Terrain|[from] ability: Hadron Engine|[of] p1b: Miraidon\n|turn|7\n|\n|t:|1773929396\n|switch|p2b: Zamazenta|Zamazenta-Crowned, L50|32/100\n|move|p2a: Giratina|Protect|p2a: Giratina\n|-singleturn|p2a: Giratina|Protect\n|move|p1b: Miraidon|Electro Drift|p2a: Giratina\n|-activate|p2a: Giratina|move: Protect\n|move|p1a: Lunala|Moongeist Beam|p2b: Zamazenta\n|-damage|p2b: Zamazenta|0 fnt\n|faint|p2b: Zamazenta\n|\n|-heal|p2a: Giratina|55/100|[from] item: Leftovers\n|upkeep\n|\n|t:|1773929403\n|switch|p2b: Rillaboom|Rillaboom, L50, M|14/100\n|-fieldstart|move: Grassy Terrain|[from] ability: Grassy Surge|[of] p2b: Rillaboom\n|turn|8\n|\n|t:|1773929422\n|move|p2b: Rillaboom|Fake Out|p1a: Lunala\n|-damage|p1a: Lunala|95/100\n|move|p1b: Miraidon|Electro Drift|p2a: Giratina\n|-damage|p2a: Giratina|25/100\n|cant|p1a: Lunala|flinch\n|move|p2a: Giratina|Dragon Pulse|p1b: Miraidon\n|-supereffective|p1b: Miraidon\n|-damage|p1b: Miraidon|38/100\n|\n|-heal|p1b: Miraidon|44/100|[from] Grassy Terrain\n|-heal|p1a: Lunala|100/100|[from] Grassy Terrain\n|-heal|p2a: Giratina|31/100|[from] Grassy Terrain\n|-heal|p2a: Giratina|37/100|[from] item: Leftovers\n|-heal|p2b: Rillaboom|19/100|[from] Grassy Terrain\n|upkeep\n|turn|9\n|-message|zhz2021 forfeited.\n|\n|win|DJCoolAwesome13\n|raw|DJCoolAwesome13's rating: 1270 &rarr; <strong>1305</strong><br />(+35 for winning)\n|raw|zhz2021's rating: 1418 &rarr; <strong>1390</strong><br />(-28 for losing)\n|l|\u2606zhz2021\n|player|p2|\n|l|\u203dDJCoolAwesome13\n|player|p1|\n","uploadtime":1773929701,"views":9,"formatid":"gen9vgc2026regi","rating":1305,"private":0,"password":null}