{"id":"gen9vgc2026regi-2542284951","format":"[Gen 9] VGC 2026 Reg I","players":["Schimmli","bbqsus"],"log":"|j|\u2606Schimmli\n|j|\u2606bbqsus\n|t:|1771434661\n|gametype|doubles\n|player|p1|Schimmli|102|1507\n|player|p2|bbqsus|brycenman|1489\n|gen|9\n|tier|[Gen 9] VGC 2026 Reg I\n|rated|\n|rule|Species Clause: Limit one of each Pok\u00e9mon\n|rule|Item Clause: Limit 1 of each item\n|clearpoke\n|poke|p1|Terapagos, L50, M|\n|poke|p1|Calyrex-Shadow, L50|\n|poke|p1|Flutter Mane, L50|\n|poke|p1|Ogerpon-Cornerstone, L50, F|\n|poke|p1|Incineroar, L50, M|\n|poke|p1|Rillaboom, L50, M|\n|poke|p2|Calyrex-Shadow, L50|\n|poke|p2|Smeargle, L50, M|\n|poke|p2|Torkoal, L50, M|\n|poke|p2|Flamigo, L50, F|\n|poke|p2|Eternatus, L50|\n|poke|p2|Muk-Alola, L50, F|\n|teampreview|4\n|inactive|Battle timer is ON: inactive players will automatically lose when time's up. (requested by bbqsus)\n|\n|t:|1771434678\n|teamsize|p1|4\n|teamsize|p2|4\n|start\n|switch|p1a: Terapagos|Terapagos, L50, M|100/100\n|switch|p1b: Flutter Mane|Flutter Mane, L50|100/100\n|switch|p2a: Smeargle|Smeargle, L50, M, shiny|100/100\n|switch|p2b: Muk|Muk-Alola, L50, F, shiny|100/100\n|-activate|p1a: Terapagos|ability: Tera Shift\n|detailschange|p1a: Terapagos|Terapagos-Terastal, L50, M\n|-heal|p1a: Terapagos|100/100|[silent]\n|-enditem|p1b: Flutter Mane|Booster Energy\n|-activate|p1b: Flutter Mane|ability: Protosynthesis|[fromitem]\n|-start|p1b: Flutter Mane|protosynthesisspe\n|turn|1\n|\n|t:|1771434689\n|move|p1b: Flutter Mane|Taunt|p2b: Muk\n|-start|p2b: Muk|move: Taunt\n|move|p2a: Smeargle|Spore|p1a: Terapagos\n|-status|p1a: Terapagos|slp|[from] move: Spore\n|cant|p1a: Terapagos|slp\n|cant|p2b: Muk|move: Taunt|Minimize\n|\n|-ability|p2a: Smeargle|Moody|boost\n|-boost|p2a: Smeargle|spa|2\n|-unboost|p2a: Smeargle|atk|1\n|upkeep\n|turn|2\n|\n|t:|1771434703\n|move|p1b: Flutter Mane|Taunt|p2a: Smeargle\n|-start|p2a: Smeargle|move: Taunt\n|move|p2a: Smeargle|Salt Cure|p1b: Flutter Mane\n|-damage|p1b: Flutter Mane|97/100\n|-start|p1b: Flutter Mane|Salt Cure\n|cant|p1a: Terapagos|slp\n|move|p2b: Muk|Knock Off|p1a: Terapagos\n|-activate|p1a: Terapagos|ability: Tera Shell\n|-resisted|p1a: Terapagos\n|-damage|p1a: Terapagos|88/100 slp\n|-enditem|p1a: Terapagos|Leftovers|[from] move: Knock Off|[of] p2b: Muk\n|\n|-damage|p1b: Flutter Mane|85/100|[from] Salt Cure\n|-ability|p2a: Smeargle|Moody|boost\n|-boost|p2a: Smeargle|spa|2\n|-unboost|p2a: Smeargle|spd|1\n|upkeep\n|turn|3\n|\n|t:|1771434718\n|move|p1b: Flutter Mane|Moonblast|p2a: Smeargle\n|-damage|p2a: Smeargle|0 fnt\n|faint|p2a: Smeargle\n|-ability|p2b: Muk|Moody|Power of Alchemy|[from] ability: Power of Alchemy|[of] p2a: Smeargle\n|-curestatus|p1a: Terapagos|slp|[msg]\n|move|p1a: Terapagos|Calm Mind|p1a: Terapagos\n|-boost|p1a: Terapagos|spa|1\n|-boost|p1a: Terapagos|spd|1\n|move|p2b: Muk|Knock Off|p1b: Flutter Mane\n|-damage|p1b: Flutter Mane|48/100\n|\n|-damage|p1b: Flutter Mane|36/100|[from] Salt Cure\n|-end|p2b: Muk|move: Taunt\n|-ability|p2b: Muk|Moody|boost\n|-boost|p2b: Muk|spe|2\n|-unboost|p2b: Muk|atk|1\n|upkeep\n|\n|t:|1771434733\n|switch|p2a: Flamigo|Flamigo, L50, F, shiny|100/100\n|-copyboost|p2a: Flamigo|p2b: Muk|[from] ability: Costar\n|-enditem|p2a: Flamigo|White Herb\n|-clearnegativeboost|p2a: Flamigo|[silent]\n|turn|4\n|\n|t:|1771434758\n|move|p1a: Terapagos|Protect|p1a: Terapagos\n|-singleturn|p1a: Terapagos|Protect\n|move|p2a: Flamigo|Tailwind|p2a: Flamigo\n|-sidestart|p2: bbqsus|move: Tailwind\n|move|p1b: Flutter Mane|Taunt|p2b: Muk\n|-start|p2b: Muk|move: Taunt\n|cant|p2b: Muk|move: Taunt|Minimize\n|\n|-damage|p1b: Flutter Mane|24/100|[from] Salt Cure\n|-ability|p2b: Muk|Moody|boost\n|-boost|p2b: Muk|atk|2\n|-unboost|p2b: Muk|spd|1\n|upkeep\n|turn|5\n|\n|t:|1771434779\n|-terastallize|p2a: Flamigo|Steel\n|-terastallize|p1a: Terapagos|Stellar\n|detailschange|p1a: Terapagos|Terapagos-Stellar, L50, M, tera:Stellar\n|-heal|p1a: Terapagos|91/100|[silent]\n|move|p2a: Flamigo|Close Combat|p1a: Terapagos\n|-supereffective|p1a: Terapagos\n|-damage|p1a: Terapagos|28/100\n|-unboost|p2a: Flamigo|def|1\n|-unboost|p2a: Flamigo|spd|1\n|move|p1b: Flutter Mane|Moonblast|p2a: Flamigo\n|-resisted|p2a: Flamigo\n|-damage|p2a: Flamigo|46/100\n|-unboost|p2a: Flamigo|spa|1\n|move|p2b: Muk|Knock Off|p1a: Terapagos\n|-damage|p1a: Terapagos|11/100\n|move|p1a: Terapagos|Tera Starstorm|p2a: Flamigo|[spread] p2a,p2b\n|-supereffective|p2a: Flamigo\n|-crit|p2a: Flamigo\n|-damage|p2a: Flamigo|0 fnt\n|-damage|p2b: Muk|59/100\n|faint|p2a: Flamigo\n|\n|-heal|p2b: Muk|65/100|[from] item: Leftovers\n|-damage|p1b: Flutter Mane|12/100|[from] Salt Cure\n|-ability|p2b: Muk|Moody|boost\n|-boost|p2b: Muk|spa|2\n|-unboost|p2b: Muk|spe|1\n|upkeep\n|\n|t:|1771434795\n|switch|p2a: Calyrex|Calyrex-Shadow, L50|100/100\n|-ability|p2a: Calyrex|As One\n|-ability|p2a: Calyrex|Unnerve\n|turn|6\n|\n|t:|1771434811\n|-end|p1b: Flutter Mane|Protosynthesis|[silent]\n|switch|p1b: Incineroar|Incineroar, L50, M, shiny|100/100\n|-ability|p1b: Incineroar|Intimidate|boost\n|-unboost|p2a: Calyrex|atk|1\n|-unboost|p2b: Muk|atk|1\n|move|p1a: Terapagos|Protect|p1a: Terapagos\n|-singleturn|p1a: Terapagos|Protect\n|move|p2a: Calyrex|Astral Barrage|p1a: Terapagos|[spread] p1b\n|-activate|p1a: Terapagos|move: Protect\n|-resisted|p1b: Incineroar\n|-damage|p1b: Incineroar|74/100\n|move|p2b: Muk|Knock Off|p1a: Terapagos\n|-activate|p1a: Terapagos|move: Protect\n|\n|-heal|p2b: Muk|71/100|[from] item: Leftovers\n|-end|p2b: Muk|move: Taunt\n|-ability|p2b: Muk|Moody|boost\n|-boost|p2b: Muk|spd|2\n|-unboost|p2b: Muk|spe|1\n|upkeep\n|turn|7\n|\n|t:|1771434833\n|move|p2a: Calyrex|Protect|p2a: Calyrex\n|-singleturn|p2a: Calyrex|Protect\n|move|p1b: Incineroar|Fake Out|p2b: Muk\n|-damage|p2b: Muk|60/100\n|cant|p2b: Muk|flinch\n|move|p1a: Terapagos|Earth Power|p2b: Muk\n|-supereffective|p2b: Muk\n|-damage|p2b: Muk|19/100\n|\n|-heal|p2b: Muk|25/100|[from] item: Leftovers\n|-sideend|p2: bbqsus|move: Tailwind\n|-ability|p2b: Muk|Moody|boost\n|-boost|p2b: Muk|spa|2\n|-unboost|p2b: Muk|spe|1\n|upkeep\n|turn|8\n|\n|t:|1771434854\n|move|p2b: Muk|Protect|p2b: Muk\n|-singleturn|p2b: Muk|Protect\n|move|p2a: Calyrex|Draining Kiss|p1a: Terapagos\n|-damage|p1a: Terapagos|2/100\n|move|p1a: Terapagos|Tera Starstorm|p2a: Calyrex|[spread] p2a\n|-activate|p2b: Muk|move: Protect\n|-damage|p2a: Calyrex|48/100\n|move|p1b: Incineroar|Knock Off|p2b: Muk\n|-activate|p2b: Muk|move: Protect\n|\n|-heal|p2b: Muk|32/100|[from] item: Leftovers\n|-ability|p2b: Muk|Moody|boost\n|-boost|p2b: Muk|spa|2\n|-unboost|p2b: Muk|spd|1\n|upkeep\n|turn|9\n|\n|t:|1771434872\n|move|p2a: Calyrex|Protect|p2a: Calyrex\n|-singleturn|p2a: Calyrex|Protect\n|move|p1a: Terapagos|Protect|p1a: Terapagos\n|-singleturn|p1a: Terapagos|Protect\n|move|p1b: Incineroar|Knock Off|p2b: Muk\n|-resisted|p2b: Muk\n|-damage|p2b: Muk|13/100\n|-enditem|p2b: Muk|Leftovers|[from] move: Knock Off|[of] p1b: Incineroar\n|move|p2b: Muk|Knock Off|p1a: Terapagos\n|-activate|p1a: Terapagos|move: Protect\n|\n|-ability|p2b: Muk|Moody|boost\n|-boost|p2b: Muk|spd|2\n|-unboost|p2b: Muk|spe|1\n|upkeep\n|turn|10\n|-message|bbqsus forfeited.\n|\n|win|Schimmli\n|raw|Schimmli's rating: 1507 &rarr; <strong>1526</strong><br />(+19 for winning)\n|raw|bbqsus's rating: 1489 &rarr; <strong>1470</strong><br />(-19 for losing)\n|l|\u2606bbqsus\n|player|p2|\n|l|\u2606Schimmli\n|player|p1|\n","uploadtime":1771435122,"views":17,"formatid":"gen9vgc2026regi","rating":1470,"private":0,"password":null}