{"id":"gen9vgc2026regi-2555856406","format":"[Gen 9] VGC 2026 Reg I","players":["granite blast","fogdocker"],"log":"|j|\u2606granite blast\n|j|\u2606fogdocker\n|t:|1773145594\n|gametype|doubles\n|player|p1|granite blast|266|1442\n|player|p2|fogdocker|169|1555\n|gen|9\n|tier|[Gen 9] VGC 2026 Reg I\n|rated|\n|rule|Species Clause: Limit one of each Pok\u00e9mon\n|rule|Item Clause: Limit 1 of each item\n|clearpoke\n|poke|p1|Miraidon, L50|\n|poke|p1|Ho-Oh, L50|\n|poke|p1|Farigiraf, L50, M|\n|poke|p1|Iron Hands, L50|\n|poke|p1|Landorus, L50, M|\n|poke|p1|Iron Bundle, L50|\n|poke|p2|Calyrex-Ice, L50|\n|poke|p2|Koraidon, L50|\n|poke|p2|Flutter Mane, L50|\n|poke|p2|Incineroar, L50, M|\n|poke|p2|Rillaboom, L50, M|\n|poke|p2|Annihilape, L50, F|\n|teampreview|4\n|inactive|Battle timer is ON: inactive players will automatically lose when time's up. (requested by granite blast)\n|inactive|granite blast has 60 seconds left.\n|\n|t:|1773145632\n|teamsize|p1|4\n|teamsize|p2|4\n|start\n|switch|p1a: Miraidon|Miraidon, L50|100/100\n|switch|p1b: Iron Bundle|Iron Bundle, L50|100/100\n|switch|p2a: Annihilape|Annihilape, L50, F|100/100\n|switch|p2b: Calyrex|Calyrex-Ice, L50|100/100\n|-ability|p2b: Calyrex|As One\n|-ability|p2b: Calyrex|Unnerve\n|-fieldstart|move: Electric Terrain|[from] ability: Hadron Engine|[of] p1a: Miraidon\n|-activate|p1b: Iron Bundle|ability: Quark Drive\n|-start|p1b: Iron Bundle|quarkdrivespe\n|turn|1\n|inactive|fogdocker has 30 seconds left.\n|\n|t:|1773145659\n|switch|p2a: Rillaboom|Rillaboom, L50, M|100/100\n|-fieldstart|move: Grassy Terrain|[from] ability: Grassy Surge|[of] p2a: Rillaboom\n|-end|p1b: Iron Bundle|Quark Drive\n|move|p1b: Iron Bundle|Icy Wind|p2a: Rillaboom|[spread] p2a\n|-miss|p1b: Iron Bundle|p2b: Calyrex\n|-supereffective|p2a: Rillaboom\n|-damage|p2a: Rillaboom|77/100\n|-unboost|p2a: Rillaboom|spe|1\n|move|p1a: Miraidon|Volt Switch|p2a: Rillaboom\n|-resisted|p2a: Rillaboom\n|-crit|p2a: Rillaboom\n|-damage|p2a: Rillaboom|52/100\n|\n|t:|1773145670\n|switch|p1a: Ho-Oh|Ho-Oh, L50|100/100|[from] Volt Switch\n|move|p2b: Calyrex|Glacial Lance|p1a: Ho-Oh|[spread] p1a,p1b\n|-resisted|p1b: Iron Bundle\n|-damage|p1a: Ho-Oh|61/100\n|-damage|p1b: Iron Bundle|86/100\n|\n|-heal|p1b: Iron Bundle|92/100|[from] Grassy Terrain\n|-heal|p2a: Rillaboom|58/100|[from] Grassy Terrain\n|upkeep\n|turn|2\n|\n|t:|1773145681\n|-end|p1b: Iron Bundle|Quark Drive|[silent]\n|switch|p1b: Farigiraf|Farigiraf, L50, M|100/100\n|move|p2a: Rillaboom|Fake Out||[still]\n|cant|p1b: Farigiraf|ability: Armor Tail|Fake Out|[of] p2a: Rillaboom\n|move|p1a: Ho-Oh|Sacred Fire|p2b: Calyrex\n|-supereffective|p2b: Calyrex\n|-damage|p2b: Calyrex|43/100\n|move|p2b: Calyrex|Leech Seed|p1b: Farigiraf\n|-start|p1b: Farigiraf|move: Leech Seed\n|\n|-heal|p2a: Rillaboom|63/100|[from] Grassy Terrain\n|-heal|p2b: Calyrex|48/100|[from] Grassy Terrain\n|-heal|p2b: Calyrex|54/100|[from] item: Leftovers\n|-damage|p1b: Farigiraf|88/100|[from] Leech Seed|[of] p2b: Calyrex\n|-heal|p2b: Calyrex|68/100|[silent]\n|upkeep\n|turn|3\n|inactive|granite blast has 30 seconds left.\n|inactive|granite blast has 20 seconds left.\n|inactive|granite blast has 15 seconds left.\n|\n|t:|1773145726\n|switch|p1b: Iron Bundle|Iron Bundle, L50|92/100\n|switch|p2a: Incineroar|Incineroar, L50, M|100/100\n|-ability|p2a: Incineroar|Intimidate|boost\n|-fail|p1a: Ho-Oh|unboost|[from] item: Clear Amulet|[of] p1a: Ho-Oh\n|-unboost|p1b: Iron Bundle|atk|1\n|move|p2b: Calyrex|Protect|p2b: Calyrex\n|-singleturn|p2b: Calyrex|Protect\n|move|p1a: Ho-Oh|Sacred Fire|p2b: Calyrex\n|-activate|p2b: Calyrex|move: Protect\n|\n|-heal|p1b: Iron Bundle|98/100|[from] Grassy Terrain\n|-heal|p2b: Calyrex|73/100|[from] Grassy Terrain\n|-heal|p2b: Calyrex|79/100|[from] item: Leftovers\n|upkeep\n|turn|4\n|inactive|fogdocker has 30 seconds left.\n|inactive|fogdocker has 20 seconds left.\n|\n|t:|1773145765\n|switch|p1a: Miraidon|Miraidon, L50|100/100\n|-fieldstart|move: Electric Terrain|[from] ability: Hadron Engine|[of] p1a: Miraidon\n|-activate|p1b: Iron Bundle|ability: Quark Drive\n|-start|p1b: Iron Bundle|quarkdrivespe\n|-terastallize|p2b: Calyrex|Water\n|move|p2a: Incineroar|Fake Out|p1b: Iron Bundle\n|-damage|p1b: Iron Bundle|84/100\n|cant|p1b: Iron Bundle|flinch\n|move|p2b: Calyrex|Leech Seed|p1b: Iron Bundle\n|-start|p1b: Iron Bundle|move: Leech Seed\n|\n|-heal|p2b: Calyrex|85/100|[from] item: Leftovers\n|-damage|p1b: Iron Bundle|72/100|[from] Leech Seed|[of] p2b: Calyrex\n|-heal|p2b: Calyrex|93/100|[silent]\n|upkeep\n|turn|5\n|\n|t:|1773145783\n|switch|p2b: Rillaboom|Rillaboom, L50, M|63/100\n|-fieldstart|move: Grassy Terrain|[from] ability: Grassy Surge|[of] p2b: Rillaboom\n|-end|p1b: Iron Bundle|Quark Drive\n|move|p1b: Iron Bundle|Freeze-Dry|p2a: Incineroar\n|-resisted|p2a: Incineroar\n|-damage|p2a: Incineroar|84/100\n|move|p1a: Miraidon|Volt Switch|p2a: Incineroar\n|-damage|p2a: Incineroar|33/100\n|\n|t:|1773145792\n|switch|p1a: Ho-Oh|Ho-Oh, L50|94/100|[from] Volt Switch\n|move|p2a: Incineroar|Parting Shot|p1a: Ho-Oh\n|-fail|p1a: Ho-Oh|unboost|[from] item: Clear Amulet|[of] p1a: Ho-Oh\n|\n|-heal|p1b: Iron Bundle|78/100|[from] Grassy Terrain\n|-heal|p2b: Rillaboom|69/100|[from] Grassy Terrain\n|-heal|p2a: Incineroar|39/100|[from] Grassy Terrain\n|-damage|p1b: Iron Bundle|66/100|[from] Leech Seed|[of] p2b: Rillaboom\n|-heal|p2b: Rillaboom|77/100|[silent]\n|upkeep\n|turn|6\n|\n|t:|1773145807\n|-end|p1b: Iron Bundle|Quark Drive|[silent]\n|switch|p1b: Miraidon|Miraidon, L50|100/100\n|-fieldstart|move: Electric Terrain|[from] ability: Hadron Engine|[of] p1b: Miraidon\n|switch|p2b: Calyrex|Calyrex-Ice, L50, tera:Water|93/100\n|-ability|p2b: Calyrex|As One\n|-ability|p2b: Calyrex|Unnerve\n|move|p1a: Ho-Oh|Sacred Fire|p2b: Calyrex\n|-resisted|p2b: Calyrex\n|-damage|p2b: Calyrex|79/100\n|move|p2a: Incineroar|Knock Off|p1a: Ho-Oh\n|-damage|p1a: Ho-Oh|63/100\n|-enditem|p1a: Ho-Oh|Clear Amulet|[from] move: Knock Off|[of] p2a: Incineroar\n|\n|-heal|p2b: Calyrex|85/100|[from] item: Leftovers\n|upkeep\n|turn|7\n|inactive|fogdocker has 30 seconds left.\n|\n|t:|1773145839\n|switch|p2a: Rillaboom|Rillaboom, L50, M|77/100\n|-fieldstart|move: Grassy Terrain|[from] ability: Grassy Surge|[of] p2a: Rillaboom\n|move|p2b: Calyrex|Protect|p2b: Calyrex\n|-singleturn|p2b: Calyrex|Protect\n|move|p1b: Miraidon|Volt Switch|p2b: Calyrex\n|-activate|p2b: Calyrex|move: Protect\n|move|p1a: Ho-Oh|Brave Bird|p2a: Rillaboom\n|-supereffective|p2a: Rillaboom\n|-damage|p2a: Rillaboom|0 fnt\n|faint|p2a: Rillaboom\n|-damage|p1a: Ho-Oh|39/100|[from] Recoil\n|\n|-heal|p2b: Calyrex|91/100|[from] Grassy Terrain\n|-heal|p2b: Calyrex|97/100|[from] item: Leftovers\n|upkeep\n|\n|t:|1773145851\n|switch|p2a: Annihilape|Annihilape, L50, F|100/100\n|turn|8\n|\n|t:|1773145873\n|switch|p1b: Iron Bundle|Iron Bundle, L50|66/100\n|move|p2a: Annihilape|Final Gambit|p1b: Iron Bundle\n|-damage|p1b: Iron Bundle|0 fnt\n|faint|p2a: Annihilape\n|faint|p1b: Iron Bundle\n|-end|p1b: Iron Bundle|Quark Drive|[silent]\n|move|p1a: Ho-Oh|Sacred Fire|p2b: Calyrex\n|-resisted|p2b: Calyrex\n|-damage|p2b: Calyrex|84/100\n|-status|p2b: Calyrex|brn\n|move|p2b: Calyrex|Glacial Lance|p1a: Ho-Oh\n|-damage|p1a: Ho-Oh|13/100\n|\n|-heal|p2b: Calyrex|89/100 brn|[from] Grassy Terrain\n|-heal|p2b: Calyrex|95/100 brn|[from] item: Leftovers\n|-damage|p2b: Calyrex|89/100 brn|[from] brn\n|upkeep\n|\n|t:|1773145885\n|switch|p1b: Miraidon|Miraidon, L50|100/100\n|switch|p2a: Incineroar|Incineroar, L50, M|39/100\n|-fieldstart|move: Electric Terrain|[from] ability: Hadron Engine|[of] p1b: Miraidon\n|-ability|p2a: Incineroar|Intimidate|boost\n|-unboost|p1a: Ho-Oh|atk|1\n|-unboost|p1b: Miraidon|atk|1\n|turn|9\n|\n|t:|1773145895\n|switch|p1a: Farigiraf|Farigiraf, L50, M|88/100\n|-enditem|p1a: Farigiraf|Electric Seed\n|-boost|p1a: Farigiraf|def|1|[from] item: Electric Seed\n|-terastallize|p1b: Miraidon|Fairy\n|move|p2a: Incineroar|Fake Out||[still]\n|cant|p1a: Farigiraf|ability: Armor Tail|Fake Out|[of] p2a: Incineroar\n|move|p1b: Miraidon|Electro Drift|p2a: Incineroar\n|-damage|p2a: Incineroar|0 fnt\n|faint|p2a: Incineroar\n|move|p2b: Calyrex|Trick Room|p2b: Calyrex\n|-fieldstart|move: Trick Room|[of] p2b: Calyrex\n|\n|-heal|p2b: Calyrex|95/100 brn|[from] item: Leftovers\n|-damage|p2b: Calyrex|89/100 brn|[from] brn\n|upkeep\n|turn|10\n|\n|t:|1773145903\n|move|p2b: Calyrex|Glacial Lance|p1a: Farigiraf|[spread] p1a,p1b\n|-damage|p1a: Farigiraf|77/100\n|-damage|p1b: Miraidon|82/100\n|move|p1b: Miraidon|Electro Drift|p2b: Calyrex\n|-supereffective|p2b: Calyrex\n|-damage|p2b: Calyrex|0 fnt\n|faint|p2b: Calyrex\n|\n|win|granite blast\n|raw|granite blast's rating: 1442 &rarr; <strong>1468</strong><br />(+26 for winning)\n|raw|fogdocker's rating: 1555 &rarr; <strong>1529</strong><br />(-26 for losing)\n|l|\u2606fogdocker\n|player|p2|\n|l|\u2606granite blast\n|player|p1|\n","uploadtime":1773146058,"views":16,"formatid":"gen9vgc2026regi","rating":1468,"private":0,"password":null}