{"id":"gen9vgc2026regi-2587024033","format":"[Gen 9] VGC 2026 Reg I","players":["520911qwert","Luca8"],"log":"|j|\u2606520911qwert\n|j|\u2606Luca8\n|t:|1776482364\n|gametype|doubles\n|player|p1|520911qwert|red|1379\n|player|p2|Luca8|flint|1422\n|gen|9\n|tier|[Gen 9] VGC 2026 Reg I\n|rated|\n|rule|Species Clause: Limit one of each Pok\u00e9mon\n|rule|Item Clause: Limit 1 of each item\n|clearpoke\n|poke|p1|Kyogre, L50|\n|poke|p1|Tornadus, L50, M|\n|poke|p1|Urshifu-*, L50, M|\n|poke|p1|Zacian-*, L50|\n|poke|p1|Archaludon, L50, M|\n|poke|p1|Baxcalibur, L50, M|\n|poke|p2|Zamazenta-*, L50|\n|poke|p2|Indeedee-F, L50, F|\n|poke|p2|Torkoal, L50, F|\n|poke|p2|Calyrex-Shadow, L50|\n|poke|p2|Pelipper, L50, F|\n|poke|p2|Tornadus, L50, M|\n|teampreview|4\n|\n|t:|1776482393\n|teamsize|p1|4\n|teamsize|p2|4\n|start\n|switch|p1a: Tornadus|Tornadus, L50, M|100/100\n|switch|p1b: Urshifu|Urshifu-Rapid-Strike, L50, M|100/100\n|switch|p2a: Tornadus|Tornadus, L50, M|100/100\n|switch|p2b: Zamazenta|Zamazenta-Crowned, L50|100/100\n|-ability|p2b: Zamazenta|Dauntless Shield|boost\n|-boost|p2b: Zamazenta|def|1\n|turn|1\n|\n|t:|1776482418\n|move|p2a: Tornadus|Tailwind|p2a: Tornadus\n|-sidestart|p2: Luca8|move: Tailwind\n|move|p1a: Tornadus|Tailwind|p1a: Tornadus\n|-sidestart|p1: 520911qwert|move: Tailwind\n|move|p1b: Urshifu|U-turn|p2b: Zamazenta\n|-resisted|p2b: Zamazenta\n|-damage|p2b: Zamazenta|97/100\n|\n|t:|1776482426\n|switch|p1b: Zacian|Zacian-Crowned, L50, shiny|100/100|[from] U-turn\n|-ability|p1b: Zacian|Intrepid Sword|boost\n|-boost|p1b: Zacian|atk|1\n|move|p2b: Zamazenta|Body Press|p1b: Zacian\n|-damage|p1b: Zacian|36/100\n|\n|upkeep\n|turn|2\n|\n|t:|1776482446\n|move|p2a: Tornadus|Scary Face|p1b: Zacian\n|-unboost|p1b: Zacian|spe|2\n|move|p2b: Zamazenta|Body Press|p1b: Zacian\n|-damage|p1b: Zacian|0 fnt\n|faint|p1b: Zacian\n|move|p1a: Tornadus|Bleakwind Storm|p2a: Tornadus|[spread] p2b\n|-miss|p1a: Tornadus|p2a: Tornadus\n|-damage|p2b: Zamazenta|79/100\n|-unboost|p2b: Zamazenta|spe|1\n|\n|upkeep\n|\n|t:|1776482458\n|switch|p1b: Baxcalibur|Baxcalibur, L50, M|100/100\n|turn|3\n|\n|t:|1776482473\n|move|p1b: Baxcalibur|Protect|p1b: Baxcalibur\n|-singleturn|p1b: Baxcalibur|Protect\n|move|p2a: Tornadus|Scary Face|p1b: Baxcalibur\n|-activate|p1b: Baxcalibur|move: Protect\n|move|p1a: Tornadus|Taunt|p2a: Tornadus\n|-start|p2a: Tornadus|move: Taunt\n|-enditem|p2a: Tornadus|Mental Herb\n|-end|p2a: Tornadus|move: Taunt\n|move|p2b: Zamazenta|Heavy Slam|p1a: Tornadus\n|-damage|p1a: Tornadus|60/100\n|\n|upkeep\n|turn|4\n|\n|t:|1776482504\n|move|p2a: Tornadus|Scary Face|p1a: Tornadus\n|-unboost|p1a: Tornadus|spe|2\n|move|p1a: Tornadus|Rain Dance|p1a: Tornadus\n|-weather|RainDance\n|move|p1b: Baxcalibur|Icicle Spear|p2a: Tornadus\n|-supereffective|p2a: Tornadus\n|-damage|p2a: Tornadus|68/100\n|-supereffective|p2a: Tornadus\n|-damage|p2a: Tornadus|36/100\n|-supereffective|p2a: Tornadus\n|-damage|p2a: Tornadus|7/100\n|-supereffective|p2a: Tornadus\n|-crit|p2a: Tornadus\n|-damage|p2a: Tornadus|0 fnt\n|faint|p2a: Tornadus\n|-hitcount|p2: Tornadus|4\n|move|p2b: Zamazenta|Body Press|p1b: Baxcalibur\n|-supereffective|p1b: Baxcalibur\n|-damage|p1b: Baxcalibur|0 fnt\n|faint|p1b: Baxcalibur\n|\n|-weather|RainDance|[upkeep]\n|-sideend|p2: Luca8|move: Tailwind\n|-sideend|p1: 520911qwert|move: Tailwind\n|upkeep\n|\n|t:|1776482526\n|switch|p1b: Urshifu|Urshifu-Rapid-Strike, L50, M|100/100\n|switch|p2a: Calyrex|Calyrex-Shadow, L50|100/100\n|-ability|p2a: Calyrex|As One\n|-ability|p2a: Calyrex|Unnerve\n|turn|5\n|\n|t:|1776482546\n|switch|p2a: Torkoal|Torkoal, L50, F|100/100\n|-weather|SunnyDay|[from] ability: Drought|[of] p2a: Torkoal\n|-terastallize|p1b: Urshifu|Water\n|move|p1a: Tornadus|Tailwind|p1a: Tornadus\n|-sidestart|p1: 520911qwert|move: Tailwind\n|move|p1b: Urshifu|Surging Strikes|p2a: Torkoal\n|-supereffective|p2a: Torkoal\n|-crit|p2a: Torkoal\n|-damage|p2a: Torkoal|65/100\n|-supereffective|p2a: Torkoal\n|-crit|p2a: Torkoal\n|-damage|p2a: Torkoal|30/100\n|-supereffective|p2a: Torkoal\n|-crit|p2a: Torkoal\n|-damage|p2a: Torkoal|0 fnt\n|faint|p2a: Torkoal\n|-hitcount|p2: Torkoal|3\n|move|p2b: Zamazenta|Body Press|p1b: Urshifu\n|-damage|p1b: Urshifu|25/100\n|\n|-weather|SunnyDay|[upkeep]\n|upkeep\n|\n|t:|1776482567\n|switch|p2a: Calyrex|Calyrex-Shadow, L50|100/100\n|-ability|p2a: Calyrex|As One\n|-ability|p2a: Calyrex|Unnerve\n|turn|6\n|\n|t:|1776482577\n|move|p1a: Tornadus|Rain Dance|p1a: Tornadus\n|-weather|RainDance\n|move|p1b: Urshifu|Surging Strikes|p2b: Zamazenta\n|-crit|p2b: Zamazenta\n|-damage|p2b: Zamazenta|41/100\n|-crit|p2b: Zamazenta\n|-damage|p2b: Zamazenta|7/100\n|-crit|p2b: Zamazenta\n|-damage|p2b: Zamazenta|0 fnt\n|faint|p2b: Zamazenta\n|-hitcount|p2: Zamazenta|3\n|move|p2a: Calyrex|Astral Barrage|p1b: Urshifu|[spread] p1a,p1b\n|-damage|p1a: Tornadus|0 fnt\n|-damage|p1b: Urshifu|0 fnt\n|faint|p1a: Tornadus\n|faint|p1b: Urshifu\n|\n|win|Luca8\n|raw|520911qwert's rating: 1379 &rarr; <strong>1361</strong><br />(-18 for losing)\n|raw|Luca8's rating: 1422 &rarr; <strong>1440</strong><br />(+18 for winning)\n|l|\u2606520911qwert\n|player|p1|\n|l|\u2606Luca8\n|player|p2|\n","uploadtime":1776482803,"views":13,"formatid":"gen9vgc2026regi","rating":1361,"private":0,"password":null}