{"id":"gen9vgc2026regi-2552557842","format":"[Gen 9] VGC 2026 Reg I","players":["ItsE-Teddy","pzyxhic"],"log":"|j|\u2606ItsE-Teddy\n|j|\u2606pzyxhic\n|t:|1772732286\n|gametype|doubles\n|player|p1|ItsE-Teddy|pokefan|1288\n|player|p2|pzyxhic|1|1436\n|gen|9\n|tier|[Gen 9] VGC 2026 Reg I\n|rated|\n|rule|Species Clause: Limit one of each Pok\u00e9mon\n|rule|Item Clause: Limit 1 of each item\n|clearpoke\n|poke|p1|Grimmsnarl, L50, M|\n|poke|p1|Iron Leaves, L50|\n|poke|p1|Zacian-*, L50|\n|poke|p1|Miraidon, L50|\n|poke|p1|Bastiodon, L50, M|\n|poke|p1|Chien-Pao, L50|\n|poke|p2|Calyrex-Shadow, L50|\n|poke|p2|Chi-Yu, L50|\n|poke|p2|Whimsicott, L50, F|\n|poke|p2|Urshifu-*, L50, F|\n|poke|p2|Farigiraf, L50, F|\n|poke|p2|Kyurem-White, L50|\n|teampreview|4\n|\n|t:|1772732324\n|teamsize|p1|4\n|teamsize|p2|4\n|start\n|switch|p1a: Grimmsnarl|Grimmsnarl, L50, M|100/100\n|switch|p1b: Bastiodon|Bastiodon, L50, M|100/100\n|switch|p2a: Whimsicott|Whimsicott, L50, F|100/100\n|switch|p2b: Kyurem|Kyurem-White, L50|100/100\n|-ability|p2b: Kyurem|Turboblaze\n|turn|1\n|\n|t:|1772732352\n|-terastallize|p1b: Bastiodon|Water\n|move|p2a: Whimsicott|Fake Tears|p1b: Bastiodon\n|-unboost|p1b: Bastiodon|spd|2\n|move|p1a: Grimmsnarl|Light Screen|p1a: Grimmsnarl\n|-sidestart|p1: ItsE-Teddy|move: Light Screen\n|move|p2b: Kyurem|Earth Power|p1b: Bastiodon\n|-damage|p1b: Bastiodon|59/100\n|-damage|p2b: Kyurem|91/100|[from] item: Life Orb\n|move|p1b: Bastiodon|Iron Defense|p1b: Bastiodon\n|-boost|p1b: Bastiodon|def|2\n|\n|-heal|p1b: Bastiodon|65/100|[from] item: Leftovers\n|upkeep\n|turn|2\n|\n|t:|1772732381\n|move|p2b: Kyurem|Protect|p2b: Kyurem\n|-singleturn|p2b: Kyurem|Protect\n|move|p2a: Whimsicott|Encore|p1b: Bastiodon\n|-start|p1b: Bastiodon|Encore\n|move|p1a: Grimmsnarl|Spirit Break|p2a: Whimsicott\n|-damage|p2a: Whimsicott|69/100\n|move|p1b: Bastiodon|Iron Defense|p1b: Bastiodon\n|-boost|p1b: Bastiodon|def|2\n|\n|-heal|p1b: Bastiodon|71/100|[from] item: Leftovers\n|upkeep\n|turn|3\n|\n|t:|1772732407\n|move|p1a: Grimmsnarl|Thunder Wave|p2b: Kyurem\n|-status|p2b: Kyurem|par\n|move|p2a: Whimsicott|Moonblast|p1a: Grimmsnarl\n|-supereffective|p1a: Grimmsnarl\n|-damage|p1a: Grimmsnarl|63/100\n|-unboost|p1a: Grimmsnarl|spa|1\n|move|p2b: Kyurem|Freeze-Dry|p1b: Bastiodon\n|-supereffective|p1b: Bastiodon\n|-damage|p1b: Bastiodon|0 fnt\n|faint|p1b: Bastiodon\n|-damage|p2b: Kyurem|81/100 par|[from] item: Life Orb\n|\n|upkeep\n|\n|t:|1772732423\n|switch|p1b: Zacian|Zacian-Crowned, L50|100/100\n|-ability|p1b: Zacian|Intrepid Sword|boost\n|-boost|p1b: Zacian|atk|1\n|turn|4\n|\n|t:|1772732434\n|move|p2a: Whimsicott|Tailwind|p2a: Whimsicott\n|-sidestart|p2: pzyxhic|move: Tailwind\n|move|p1b: Zacian|Behemoth Blade|p2a: Whimsicott\n|-supereffective|p2a: Whimsicott\n|-damage|p2a: Whimsicott|0 fnt\n|faint|p2a: Whimsicott\n|cant|p2b: Kyurem|par\n|move|p1a: Grimmsnarl|Spirit Break|p2b: Kyurem\n|-supereffective|p2b: Kyurem\n|-damage|p2b: Kyurem|26/100 par\n|-unboost|p2b: Kyurem|spa|1\n|\n|upkeep\n|\n|t:|1772732449\n|switch|p2a: Urshifu|Urshifu-Rapid-Strike, L50, F|100/100\n|turn|5\n|\n|t:|1772732458\n|switch|p2b: Calyrex|Calyrex-Shadow, L50|100/100\n|-ability|p2b: Calyrex|As One\n|-ability|p2b: Calyrex|Unnerve\n|move|p1a: Grimmsnarl|Thunder Wave|p2a: Urshifu\n|-status|p2a: Urshifu|par\n|move|p1b: Zacian|Play Rough|p2a: Urshifu\n|-supereffective|p2a: Urshifu\n|-enditem|p2a: Urshifu|Focus Sash\n|-damage|p2a: Urshifu|1/100 par\n|cant|p2a: Urshifu|par\n|\n|upkeep\n|turn|6\n|-message|pzyxhic forfeited.\n|\n|win|ItsE-Teddy\n|raw|ItsE-Teddy's rating: 1288 &rarr; <strong>1323</strong><br />(+35 for winning)\n|raw|pzyxhic's rating: 1436 &rarr; <strong>1408</strong><br />(-28 for losing)\n|l|\u2606pzyxhic\n|player|p2|\n|l|\u2606ItsE-Teddy\n|player|p1|\n","uploadtime":1772732628,"views":13,"formatid":"gen9vgc2026regi","rating":1323,"private":0,"password":null}