{"id":"gen9vgc2026regi-2559998754","format":"[Gen 9] VGC 2026 Reg I","players":["xvcz xz","sheeshshane925"],"log":"|j|\u2606xvcz xz\n|j|\u2606sheeshshane925\n|t:|1773633766\n|gametype|doubles\n|player|p1|xvcz xz|2|1390\n|player|p2|sheeshshane925|chuck|1446\n|gen|9\n|tier|[Gen 9] VGC 2026 Reg I\n|rated|\n|rule|Species Clause: Limit one of each Pok\u00e9mon\n|rule|Item Clause: Limit 1 of each item\n|clearpoke\n|poke|p1|Groudon, L50|\n|poke|p1|Flutter Mane, L50|\n|poke|p1|Calyrex-Ice, L50|\n|poke|p1|Raging Bolt, L50|\n|poke|p1|Chi-Yu, L50|\n|poke|p1|Jumpluff, L50, M|\n|poke|p2|Calyrex-Ice, L50|\n|poke|p2|Miraidon, L50|\n|poke|p2|Farigiraf, L50, F|\n|poke|p2|Iron Hands, L50|\n|poke|p2|Scraggy, L50, F|\n|poke|p2|Iron Bundle, L50|\n|teampreview|4\n|inactive|Battle timer is ON: inactive players will automatically lose when time's up. (requested by xvcz xz)\n|inactive|sheeshshane925 has 60 seconds left.\n|\n|t:|1773633800\n|teamsize|p1|4\n|teamsize|p2|4\n|start\n|switch|p1a: Groudon|Groudon, L50|100/100\n|switch|p1b: Chi-Yu|Chi-Yu, L50|100/100\n|switch|p2a: Miraidon|Miraidon, L50, shiny|100/100\n|switch|p2b: Farigiraf|Farigiraf, L50, F, shiny|100/100\n|-ability|p1b: Chi-Yu|Beads of Ruin\n|-fieldstart|move: Electric Terrain|[from] ability: Hadron Engine|[of] p2a: Miraidon\n|-enditem|p2b: Farigiraf|Electric Seed\n|-boost|p2b: Farigiraf|def|1|[from] item: Electric Seed\n|-weather|SunnyDay|[from] ability: Drought|[of] p1a: Groudon\n|turn|1\n|\n|t:|1773633821\n|move|p1b: Chi-Yu|Dark Pulse|p2b: Farigiraf\n|-supereffective|p2b: Farigiraf\n|-damage|p2b: Farigiraf|0 fnt\n|faint|p2b: Farigiraf\n|move|p2a: Miraidon|Electro Drift|p1b: Chi-Yu\n|-damage|p1b: Chi-Yu|0 fnt\n|faint|p1b: Chi-Yu\n|-damage|p2a: Miraidon|91/100|[from] item: Life Orb\n|move|p1a: Groudon|Precipice Blades|p2a: Miraidon\n|-supereffective|p2a: Miraidon\n|-damage|p2a: Miraidon|0 fnt\n|faint|p2a: Miraidon\n|\n|-weather|SunnyDay|[upkeep]\n|upkeep\n|\n|t:|1773633839\n|switch|p2a: Calyrex|Calyrex-Ice, L50|100/100\n|switch|p1b: Calyrex|Calyrex-Ice, L50|100/100\n|switch|p2b: Scraggy|Scraggy, L50, F|100/100\n|-ability|p1b: Calyrex|As One\n|-ability|p1b: Calyrex|Unnerve\n|-ability|p2a: Calyrex|As One\n|-ability|p2a: Calyrex|Unnerve\n|-ability|p2b: Scraggy|Intimidate|boost\n|-unboost|p1a: Groudon|atk|1\n|-unboost|p1b: Calyrex|atk|1\n|turn|2\n|inactive|xvcz xz has 30 seconds left.\n|\n|t:|1773633871\n|move|p2b: Scraggy|Fake Out|p1b: Calyrex\n|-damage|p1b: Calyrex|96/100\n|move|p1a: Groudon|Stone Edge|p2a: Calyrex\n|-supereffective|p2a: Calyrex\n|-damage|p2a: Calyrex|68/100\n|cant|p1b: Calyrex|flinch\n|move|p2a: Calyrex|Trick Room|p2a: Calyrex\n|-fieldstart|move: Trick Room|[of] p2a: Calyrex\n|\n|-weather|SunnyDay|[upkeep]\n|-heal|p1b: Calyrex|100/100|[from] item: Leftovers\n|upkeep\n|turn|3\n|inactive|xvcz xz has 30 seconds left.\n|inactive|sheeshshane925 has 30 seconds left.\n|inactive|xvcz xz has 20 seconds left.\n|inactive|xvcz xz has 15 seconds left.\n|\n|t:|1773633916\n|-terastallize|p1b: Calyrex|Water\n|move|p2b: Scraggy|Coaching|p2a: Calyrex\n|-boost|p2a: Calyrex|atk|1\n|-boost|p2a: Calyrex|def|1\n|move|p2a: Calyrex|Glacial Lance|p1a: Groudon|[spread] p1a,p1b\n|-supereffective|p1a: Groudon\n|-resisted|p1b: Calyrex\n|-damage|p1a: Groudon|0 fnt\n|-damage|p1b: Calyrex|72/100\n|faint|p1a: Groudon\n|-ability|p2a: Calyrex|Chilling Neigh|boost\n|-boost|p2a: Calyrex|atk|1\n|move|p1b: Calyrex|Glacial Lance|p2b: Scraggy|[spread] p2a,p2b\n|-resisted|p2a: Calyrex\n|-crit|p2b: Scraggy\n|-damage|p2a: Calyrex|60/100\n|-damage|p2b: Scraggy|22/100\n|\n|-weather|SunnyDay|[upkeep]\n|-heal|p1b: Calyrex|77/100|[from] item: Leftovers\n|upkeep\n|\n|t:|1773633919\n|switch|p1a: Flutter Mane|Flutter Mane, L50|100/100\n|-activate|p1a: Flutter Mane|ability: Protosynthesis\n|-start|p1a: Flutter Mane|protosynthesisspe\n|turn|4\n|\n|t:|1773633931\n|move|p1a: Flutter Mane|Protect|p1a: Flutter Mane\n|-singleturn|p1a: Flutter Mane|Protect\n|move|p2b: Scraggy|Endeavor|p1b: Calyrex\n|-damage|p1b: Calyrex|14/100\n|move|p2a: Calyrex|Glacial Lance|p1a: Flutter Mane|[spread] p1b\n|-activate|p1a: Flutter Mane|move: Protect\n|-resisted|p1b: Calyrex\n|-damage|p1b: Calyrex|0 fnt\n|faint|p1b: Calyrex\n|-ability|p2a: Calyrex|Chilling Neigh|boost\n|-boost|p2a: Calyrex|atk|1\n|\n|-weather|SunnyDay|[upkeep]\n|upkeep\n|turn|5\n|-message|xvcz xz forfeited.\n|\n|win|sheeshshane925\n|raw|xvcz xz's rating: 1390 &rarr; <strong>1373</strong><br />(-17 for losing)\n|raw|sheeshshane925's rating: 1446 &rarr; <strong>1463</strong><br />(+17 for winning)\n|l|\u2606xvcz xz\n|player|p1|\n|l|\u2606sheeshshane925\n|player|p2|\n","uploadtime":1773634158,"views":11,"formatid":"gen9vgc2026regi","rating":1373,"private":0,"password":null}