{"id":"gen9vgc2026regi-2577569210","format":"[Gen 9] VGC 2026 Reg I","players":["dman12352","ppyyy"],"log":"|j|\u2606dman12352\n|j|\u2606ppyyy\n|html|<table width=\"100%\"><tr><td align=\"left\">dman12352</td><td align=\"right\">ppyyy</tr><tr><td align=\"left\"><i class=\"fa fa-circle-o\"></i> <i class=\"fa fa-circle-o\"></i> </td><td align=\"right\"><i class=\"fa fa-circle-o\"></i> <i class=\"fa fa-circle\"></i> </tr></table>\n|uhtml|bestof|<h2><strong>Game 2</strong> of <a href=\"/game-bestof3-gen9vgc2026regi-2577564462\">a best-of-3</a></h2>\n|t:|1775586782\n|gametype|doubles\n|player|p1|dman12352|brycenman|\n|player|p2|ppyyy|elesa-gen5bw2|\n|gen|9\n|tier|[Gen 9] VGC 2026 Reg I\n|rated|Tournament battle\n|rule|Species Clause: Limit one of each Pok\u00e9mon\n|rule|Item Clause: Limit 1 of each item\n|raw|<div class=\"infobox\"><details class=\"readmore\" open><summary><strong>4 custom rules:</strong></summary> Open Team Sheets, Force Open Team Sheets, !Open Team Sheets, Best of = 3</details></div>\n|clearpoke\n|poke|p1|Incineroar, L50, M|\n|poke|p1|Calyrex-Shadow, L50|\n|poke|p1|Iron Bundle, L50|\n|poke|p1|Koraidon, L50|\n|poke|p1|Raging Bolt, L50|\n|poke|p1|Kingambit, L50, F|\n|poke|p2|Scream Tail, L50|\n|poke|p2|Rillaboom, L50, M|\n|poke|p2|Urshifu-*, L50, M|\n|poke|p2|Incineroar, L50, F|\n|poke|p2|Lunala, L50|\n|poke|p2|Zamazenta-*, L50|\n|teampreview|4\n|showteam|p1|Incineroar||RockyHelmet|Intimidate|FlareBlitz,Taunt,FakeOut,PartingShot|||M|||50|,,,,,Bug]Calyrex-Shadow||FocusSash|AsOneSpectrier|AstralBarrage,Psychic,Protect,Disable||||||50|,,,,,Dark]Iron Bundle||BoosterEnergy|QuarkDrive|FreezeDry,IcyWind,Protect,Encore||||||50|,,,,,Ghost]Koraidon||ClearAmulet|OrichalcumPulse|CollisionCourse,FlareBlitz,FlameCharge,Protect||||||50|,,,,,Fire]Raging Bolt||AssaultVest|Protosynthesis|VoltSwitch,DracoMeteor,Thunderclap,Snarl||||||50|,,,,,Fairy]Kingambit||BlackGlasses|Defiant|IronHead,KowtowCleave,SuckerPunch,Protect|||F|||50|,,,,,Fire\n|showteam|p2|Scream Tail||BoosterEnergy|Protosynthesis|DazzlingGleam,Encore,Disable,Protect||||||50|,,,,,Dark]Rillaboom||AssaultVest|GrassySurge|FakeOut,WoodHammer,GrassyGlide,Uturn|||M|||50|,,,,,Fire]Urshifu-Rapid-Strike||FocusSash|UnseenFist|SurgingStrikes,AquaJet,Taunt,Detect|||M|||50|,,,,,Grass]Incineroar||CovertCloak|Intimidate|FakeOut,WillOWisp,KnockOff,PartingShot|||F|||50|,,,,,Bug]Lunala||Leftovers|ShadowShield|MoongeistBeam,Moonblast,CalmMind,Protect||||||50|,,,,,Fairy]Zamazenta-Crowned||RustedShield|DauntlessShield|BodyPress,HeavySlam,WideGuard,Protect||||||50|,,,,,Ghost\n|inactive|Battle timer is ON: inactive players will automatically lose when time's up. (requested by dman12352)\n|\n|t:|1775586798\n|teamsize|p1|4\n|teamsize|p2|4\n|start\n|switch|p1a: Koraidon|Koraidon, L50|100/100\n|switch|p1b: Calyrex|Calyrex-Shadow, L50|100/100\n|switch|p2a: Incineroar|Incineroar, L50, F|100/100\n|switch|p2b: Zamazenta|Zamazenta-Crowned, L50|100/100\n|-ability|p1b: Calyrex|As One\n|-ability|p1b: Calyrex|Unnerve\n|-weather|SunnyDay|[from] ability: Orichalcum Pulse|[of] p1a: Koraidon\n|-activate|p1a: Koraidon|Orichalcum Pulse|[source]\n|-ability|p2b: Zamazenta|Dauntless Shield|boost\n|-boost|p2b: Zamazenta|def|1\n|-ability|p2a: Incineroar|Intimidate|boost\n|-fail|p1a: Koraidon|unboost|[from] item: Clear Amulet|[of] p1a: Koraidon\n|-unboost|p1b: Calyrex|atk|1\n|turn|1\n|j|@Radio Free C-Side\n|j| the main flutter\n|inactive|ppyyy has 30 seconds left.\n|\n|t:|1775586830\n|switch|p2a: Scream Tail|Scream Tail, L50|100/100\n|-activate|p2a: Scream Tail|ability: Protosynthesis\n|-start|p2a: Scream Tail|protosynthesisspe\n|-terastallize|p2b: Zamazenta|Ghost\n|move|p2b: Zamazenta|Wide Guard|p2b: Zamazenta\n|-singleturn|p2b: Zamazenta|Wide Guard\n|move|p1b: Calyrex|Psychic|p2b: Zamazenta\n|-damage|p2b: Zamazenta|59/100\n|move|p1a: Koraidon|Collision Course|p2a: Scream Tail\n|-resisted|p2a: Scream Tail\n|-damage|p2a: Scream Tail|86/100\n|\n|-weather|SunnyDay|[upkeep]\n|upkeep\n|turn|2\n|inactive|dman12352 has 30 seconds left.\n|inactive|dman12352 has 20 seconds left.\n|inactive|ppyyy has 30 seconds left.\n|\n|t:|1775586871\n|switch|p1b: Iron Bundle|Iron Bundle, L50|100/100\n|-enditem|p1b: Iron Bundle|Booster Energy\n|-activate|p1b: Iron Bundle|ability: Quark Drive|[fromitem]\n|-start|p1b: Iron Bundle|quarkdrivespe\n|move|p2a: Scream Tail|Encore|p1a: Koraidon\n|-start|p1a: Koraidon|Encore\n|move|p1a: Koraidon|Collision Course|p2a: Scream Tail\n|-resisted|p2a: Scream Tail\n|-damage|p2a: Scream Tail|73/100\n|move|p2b: Zamazenta|Body Press|p1a: Koraidon\n|-damage|p1a: Koraidon|48/100\n|\n|-weather|SunnyDay|[upkeep]\n|upkeep\n|turn|3\n|inactive|dman12352 has 30 seconds left.\n|inactive|ppyyy has 30 seconds left.\n|inactive|dman12352 has 20 seconds left.\n|inactive|ppyyy has 20 seconds left.\n|inactive|ppyyy has 15 seconds left.\n|inactive|ppyyy has 10 seconds left.\n|inactive|ppyyy has 5 seconds left.\n|\n|t:|1775586931\n|switch|p1a: Calyrex|Calyrex-Shadow, L50|100/100\n|-ability|p1a: Calyrex|As One\n|-ability|p1a: Calyrex|Unnerve\n|move|p1b: Iron Bundle|Icy Wind|p2a: Scream Tail|[spread] p2a,p2b\n|-damage|p2a: Scream Tail|58/100\n|-damage|p2b: Zamazenta|46/100\n|-unboost|p2a: Scream Tail|spe|1\n|-unboost|p2b: Zamazenta|spe|1\n|move|p2a: Scream Tail|Dazzling Gleam|p1b: Iron Bundle|[spread] p1a,p1b\n|-damage|p1a: Calyrex|85/100\n|-damage|p1b: Iron Bundle|72/100\n|move|p2b: Zamazenta|Body Press|p1b: Iron Bundle\n|-supereffective|p1b: Iron Bundle\n|-damage|p1b: Iron Bundle|0 fnt\n|faint|p1b: Iron Bundle\n|-end|p1b: Iron Bundle|Quark Drive|[silent]\n|\n|-weather|SunnyDay|[upkeep]\n|upkeep\n|\n|t:|1775586942\n|switch|p1b: Kingambit|Kingambit, L50, F|100/100\n|turn|4\n|c|\u2606ppyyy|timed out\n|c|\u2606dman12352|oof what was it gonna be\n|c|\u2606ppyyy|switch incine heavy slam/bp bundle\n|c|\u2606ppyyy|didn't figure it out\n|inactive|ppyyy has 30 seconds left.\n|inactive|ppyyy has 20 seconds left.\n|\n|t:|1775586978\n|move|p2b: Zamazenta|Wide Guard|p2b: Zamazenta\n|-singleturn|p2b: Zamazenta|Wide Guard\n|move|p1a: Calyrex|Psychic|p2b: Zamazenta\n|-damage|p2b: Zamazenta|6/100\n|move|p2a: Scream Tail|Encore||[still]\n|-fail|p2a: Scream Tail\n|move|p1b: Kingambit|Kowtow Cleave|p2a: Scream Tail\n|-damage|p2a: Scream Tail|17/100\n|\n|-weather|SunnyDay|[upkeep]\n|upkeep\n|turn|5\n|inactive|ppyyy has 30 seconds left.\n|\n|t:|1775587017\n|switch|p2b: Lunala|Lunala, L50|100/100\n|move|p1b: Kingambit|Sucker Punch||[still]\n|-fail|p1b: Kingambit\n|move|p1a: Calyrex|Psychic|p2a: Scream Tail\n|-resisted|p2a: Scream Tail\n|-damage|p2a: Scream Tail|0 fnt\n|faint|p2a: Scream Tail\n|-end|p2a: Scream Tail|Protosynthesis|[silent]\n|-ability|p1a: Calyrex|Grim Neigh|boost\n|-boost|p1a: Calyrex|spa|1\n|\n|-weather|none\n|upkeep\n|\n|t:|1775587040\n|switch|p2a: Zamazenta|Zamazenta-Crowned, L50, tera:Ghost|6/100\n|turn|6\n|\n|t:|1775587054\n|move|p2b: Lunala|Protect|p2b: Lunala\n|-singleturn|p2b: Lunala|Protect\n|move|p1a: Calyrex|Psychic|p2a: Zamazenta\n|-damage|p2a: Zamazenta|0 fnt\n|faint|p2a: Zamazenta\n|-ability|p1a: Calyrex|Grim Neigh|boost\n|-boost|p1a: Calyrex|spa|1\n|move|p1b: Kingambit|Kowtow Cleave|p2b: Lunala\n|-activate|p2b: Lunala|move: Protect\n|\n|upkeep\n|\n|t:|1775587060\n|switch|p2a: Incineroar|Incineroar, L50, F|100/100\n|-ability|p2a: Incineroar|Intimidate|boost\n|-unboost|p1a: Calyrex|atk|1\n|-unboost|p1b: Kingambit|atk|1\n|-ability|p1b: Kingambit|Defiant|boost\n|-boost|p1b: Kingambit|atk|2\n|turn|7\n|\n|t:|1775587084\n|move|p2a: Incineroar|Fake Out|p1b: Kingambit\n|-resisted|p1b: Kingambit\n|-damage|p1b: Kingambit|97/100\n|move|p1a: Calyrex|Astral Barrage|p2b: Lunala|[spread] p2a,p2b\n|-resisted|p2a: Incineroar\n|-supereffective|p2b: Lunala\n|-damage|p2a: Incineroar|49/100\n|-damage|p2b: Lunala|0 fnt\n|faint|p2b: Lunala\n|-ability|p1a: Calyrex|Grim Neigh|boost\n|-boost|p1a: Calyrex|spa|1\n|cant|p1b: Kingambit|flinch\n|\n|upkeep\n|turn|8\n|-message|ppyyy forfeited.\n|\n|win|dman12352\n||ppyyy is ready for game 3.\n||dman12352 is ready for game 3.\n|uhtml|next|Next: <a href=\"/battle-gen9vgc2026regi-2577573625\"><strong>Game 3 of 3</strong></a>\n|j| silverhaffling01\n|l| silverhaffling01\n|l|@Radio Free C-Side\n|l| the main flutter\n","uploadtime":1775587105,"views":8,"formatid":"gen9vgc2026regi","rating":null,"private":0,"password":null}