{"id":"gen9vgc2026regi-2590799664","format":"[Gen 9] VGC 2026 Reg I","players":["Eclipse803","stupid test8"],"log":"|j|\u2606Eclipse803\n|j|\u2606stupid test8\n|t:|1776848890\n|gametype|doubles\n|player|p1|Eclipse803|hilda|1347\n|player|p2|stupid test8|170|1435\n|gen|9\n|tier|[Gen 9] VGC 2026 Reg I\n|rated|\n|rule|Species Clause: Limit one of each Pok\u00e9mon\n|rule|Item Clause: Limit 1 of each item\n|clearpoke\n|poke|p1|Incineroar, L50, M|\n|poke|p1|Calyrex-Shadow, L50|\n|poke|p1|Zamazenta-*, L50|\n|poke|p1|Chien-Pao, L50|\n|poke|p1|Amoonguss, L50, M|\n|poke|p1|Dragonite, L50, F|\n|poke|p2|Kyogre, L50|\n|poke|p2|Indeedee-F, L50, F|\n|poke|p2|Urshifu-*, L50, F|\n|poke|p2|Weezing-Galar, L50, F|\n|poke|p2|Calyrex-Ice, L50|\n|poke|p2|Wyrdeer, L50, F|\n|teampreview|4\n|\n|t:|1776849036\n|teamsize|p1|4\n|teamsize|p2|4\n|start\n|switch|p1a: Incineroar|Incineroar, L50, M|100/100\n|switch|p1b: Amoonguss|Amoonguss, L50, M|100/100\n|switch|p2a: Kyogre|Kyogre, L50|100/100\n|switch|p2b: Urshifu|Urshifu-Rapid-Strike, L50, F|100/100\n|-weather|RainDance|[from] ability: Drizzle|[of] p2a: Kyogre\n|-ability|p1a: Incineroar|Intimidate|boost\n|-unboost|p2a: Kyogre|atk|1\n|-unboost|p2b: Urshifu|atk|1\n|turn|1\n|\n|t:|1776849076\n|switch|p2a: Wyrdeer|Wyrdeer, L50, F|100/100\n|-ability|p2a: Wyrdeer|Intimidate|boost\n|-unboost|p1a: Incineroar|atk|1\n|-unboost|p1b: Amoonguss|atk|1\n|-terastallize|p2b: Urshifu|Grass\n|move|p1a: Incineroar|Fake Out|p2b: Urshifu\n|-damage|p2b: Urshifu|94/100\n|cant|p2b: Urshifu|flinch\n|move|p1b: Amoonguss|Spore|p2b: Urshifu\n|-immune|p2b: Urshifu\n|\n|-weather|RainDance|[upkeep]\n|upkeep\n|turn|2\n|\n|t:|1776849109\n|switch|p1a: Calyrex|Calyrex-Shadow, L50|100/100\n|-ability|p1a: Calyrex|As One\n|-ability|p1a: Calyrex|Unnerve\n|move|p2b: Urshifu|Surging Strikes|p1a: Calyrex\n|-crit|p1a: Calyrex\n|-damage|p1a: Calyrex|65/100\n|-crit|p1a: Calyrex\n|-damage|p1a: Calyrex|27/100\n|-crit|p1a: Calyrex\n|-damage|p1a: Calyrex|0 fnt\n|faint|p1a: Calyrex\n|-hitcount|p1: Calyrex|3\n|move|p2a: Wyrdeer|Gravity|p2a: Wyrdeer\n|-fieldstart|move: Gravity\n|move|p1b: Amoonguss|Spore|p2a: Wyrdeer\n|-activate|p2a: Wyrdeer|item: Safety Goggles|Spore\n|\n|-weather|RainDance|[upkeep]\n|upkeep\n|\n|t:|1776849127\n|switch|p1a: Incineroar|Incineroar, L50, M|100/100\n|-ability|p1a: Incineroar|Intimidate|boost\n|-unboost|p2a: Wyrdeer|atk|1\n|-unboost|p2b: Urshifu|atk|1\n|turn|3\n|\n|t:|1776849141\n|move|p1a: Incineroar|Fake Out|p2b: Urshifu\n|-damage|p2b: Urshifu|82/100\n|move|p1b: Amoonguss|Rage Powder|p1b: Amoonguss\n|-singleturn|p1b: Amoonguss|move: Rage Powder\n|cant|p2b: Urshifu|flinch\n|move|p2a: Wyrdeer|Hypnosis|p1a: Incineroar\n|-status|p1a: Incineroar|slp|[from] move: Hypnosis\n|\n|-weather|RainDance|[upkeep]\n|upkeep\n|turn|4\n|\n|t:|1776849164\n|move|p1b: Amoonguss|Protect|p1b: Amoonguss\n|-singleturn|p1b: Amoonguss|Protect\n|move|p2b: Urshifu|Surging Strikes|p1a: Incineroar\n|-supereffective|p1a: Incineroar\n|-crit|p1a: Incineroar\n|-damage|p1a: Incineroar|52/100 slp\n|-supereffective|p1a: Incineroar\n|-crit|p1a: Incineroar\n|-damage|p1a: Incineroar|1/100 slp\n|-supereffective|p1a: Incineroar\n|-crit|p1a: Incineroar\n|-damage|p1a: Incineroar|0 fnt\n|faint|p1a: Incineroar\n|-hitcount|p1: Incineroar|3\n|move|p2a: Wyrdeer|Hypnosis|p1b: Amoonguss\n|-activate|p1b: Amoonguss|move: Protect\n|\n|-weather|RainDance|[upkeep]\n|upkeep\n|\n|t:|1776849169\n|switch|p1a: Zamazenta|Zamazenta-Crowned, L50|100/100\n|-ability|p1a: Zamazenta|Dauntless Shield|boost\n|-boost|p1a: Zamazenta|def|1\n|turn|5\n|\n|t:|1776849191\n|-terastallize|p1a: Zamazenta|Dragon\n|move|p1b: Amoonguss|Rage Powder|p1b: Amoonguss\n|-singleturn|p1b: Amoonguss|move: Rage Powder\n|move|p2b: Urshifu|Surging Strikes|p1a: Zamazenta\n|-resisted|p1a: Zamazenta\n|-crit|p1a: Zamazenta\n|-damage|p1a: Zamazenta|90/100\n|-resisted|p1a: Zamazenta\n|-crit|p1a: Zamazenta\n|-damage|p1a: Zamazenta|82/100\n|-resisted|p1a: Zamazenta\n|-crit|p1a: Zamazenta\n|-damage|p1a: Zamazenta|73/100\n|-hitcount|p1a: Zamazenta|3\n|move|p1a: Zamazenta|Heavy Slam|p2b: Urshifu\n|-damage|p2b: Urshifu|36/100\n|move|p2a: Wyrdeer|Hypnosis|p1a: Zamazenta\n|-status|p1a: Zamazenta|slp|[from] move: Hypnosis\n|\n|-weather|none\n|upkeep\n|turn|6\n|\n|t:|1776849216\n|switch|p2b: Calyrex|Calyrex-Ice, L50|100/100\n|-ability|p2b: Calyrex|As One\n|-ability|p2b: Calyrex|Unnerve\n|cant|p1a: Zamazenta|slp\n|move|p2a: Wyrdeer|Hypnosis|p1b: Amoonguss\n|-status|p1b: Amoonguss|slp|[from] move: Hypnosis\n|cant|p1b: Amoonguss|slp\n|\n|-fieldend|move: Gravity\n|upkeep\n|turn|7\n|\n|t:|1776849234\n|cant|p1a: Zamazenta|slp\n|move|p2b: Calyrex|Substitute|p2b: Calyrex\n|-start|p2b: Calyrex|Substitute\n|-damage|p2b: Calyrex|76/100\n|move|p2a: Wyrdeer|Gravity|p2a: Wyrdeer\n|-fieldstart|move: Gravity\n|cant|p1b: Amoonguss|slp\n|\n|-heal|p2b: Calyrex|82/100|[from] item: Leftovers\n|upkeep\n|turn|8\n|\n|t:|1776849249\n|cant|p1a: Zamazenta|slp\n|move|p2b: Calyrex|Glacial Lance|p1b: Amoonguss|[spread] p1a,p1b\n|-supereffective|p1a: Zamazenta\n|-crit|p1a: Zamazenta\n|-supereffective|p1b: Amoonguss\n|-damage|p1a: Zamazenta|0 fnt\n|-damage|p1b: Amoonguss|27/100 slp\n|faint|p1a: Zamazenta\n|-ability|p2b: Calyrex|Chilling Neigh|boost\n|-boost|p2b: Calyrex|atk|1\n|move|p2a: Wyrdeer|Hypnosis|p1b: Amoonguss\n|-fail|p1b: Amoonguss|slp\n|-curestatus|p1b: Amoonguss|slp|[msg]\n|move|p1b: Amoonguss|Pollen Puff|p2a: Wyrdeer\n|-supereffective|p2a: Wyrdeer\n|-damage|p2a: Wyrdeer|70/100\n|\n|-heal|p2b: Calyrex|87/100|[from] item: Leftovers\n|upkeep\n|turn|9\n|-message|Eclipse803 forfeited.\n|\n|win|stupid test8\n|raw|Eclipse803's rating: 1347 &rarr; <strong>1332</strong><br />(-15 for losing)\n|raw|stupid test8's rating: 1435 &rarr; <strong>1450</strong><br />(+15 for winning)\n|l|\u2606Eclipse803\n|player|p1|\n|l|\u2606stupid test8\n|player|p2|\n","uploadtime":1776849472,"views":11,"formatid":"gen9vgc2026regi","rating":1332,"private":0,"password":null}