{"id":"gen9vgc2026regi-2565450321","format":"[Gen 9] VGC 2026 Reg I","players":["SilverSnowDrop","marcxhenry"],"log":"|j|\u2606SilverSnowDrop\n|j|\u2606marcxhenry\n|t:|1774276448\n|gametype|doubles\n|player|p1|SilverSnowDrop|101|1288\n|player|p2|marcxhenry|hilbert-wonderlauncher|1358\n|gen|9\n|tier|[Gen 9] VGC 2026 Reg I\n|rated|\n|rule|Species Clause: Limit one of each Pok\u00e9mon\n|rule|Item Clause: Limit 1 of each item\n|clearpoke\n|poke|p1|Zamazenta-*, L50|\n|poke|p1|Chien-Pao, L50|\n|poke|p1|Calyrex-Shadow, L50|\n|poke|p1|Comfey, L50, F|\n|poke|p1|Ursaluna-Bloodmoon, L50, M|\n|poke|p1|Rillaboom, L50, F|\n|poke|p2|Calyrex-Shadow, L50|\n|poke|p2|Urshifu-*, L50, M|\n|poke|p2|Roaring Moon, L50|\n|poke|p2|Kyogre, L50|\n|poke|p2|Tsareena, L50, F|\n|poke|p2|Kingambit, L50, M|\n|teampreview|4\n|inactive|Battle timer is ON: inactive players will automatically lose when time's up. (requested by SilverSnowDrop)\n|\n|t:|1774276471\n|teamsize|p1|4\n|teamsize|p2|4\n|start\n|switch|p1a: Calyrex|Calyrex-Shadow, L50|100/100\n|switch|p1b: Comfey|Comfey, L50, F|100/100\n|switch|p2a: Ludwig|Calyrex-Shadow, L50|100/100\n|switch|p2b: Roter Baron|Roaring Moon, L50, shiny|100/100\n|-ability|p1a: Calyrex|As One\n|-ability|p1a: Calyrex|Unnerve\n|-ability|p2a: Ludwig|As One\n|-ability|p2a: Ludwig|Unnerve\n|-enditem|p2b: Roter Baron|Booster Energy\n|-activate|p2b: Roter Baron|ability: Protosynthesis|[fromitem]\n|-start|p2b: Roter Baron|protosynthesisspe\n|turn|1\n|inactive|marcxhenry has 30 seconds left.\n|inactive|marcxhenry has 20 seconds left.\n|inactive|marcxhenry has 15 seconds left.\n|inactive|marcxhenry has 10 seconds left.\n|\n|t:|1774276520\n|switch|p2a: Hitmonshe|Tsareena, L50, F, shiny|100/100\n|move|p2b: Roter Baron|Knock Off|p1a: Calyrex\n|-supereffective|p1a: Calyrex\n|-enditem|p1a: Calyrex|Focus Sash\n|-damage|p1a: Calyrex|1/100\n|move|p1a: Calyrex|Astral Barrage|p2a: Hitmonshe|[spread] p2a,p2b\n|-resisted|p2b: Roter Baron\n|-damage|p2a: Hitmonshe|41/100\n|-damage|p2b: Roter Baron|75/100\n|move|p1b: Comfey|Trick Room|p1b: Comfey\n|-fieldstart|move: Trick Room|[of] p1b: Comfey\n|\n|upkeep\n|turn|2\n|inactive|SilverSnowDrop has 30 seconds left.\n|inactive|SilverSnowDrop has 20 seconds left.\n|inactive|SilverSnowDrop has 15 seconds left.\n|\n|t:|1774276562\n|move|p1b: Comfey|Floral Healing|p1a: Calyrex\n|-heal|p1a: Calyrex|51/100\n|move|p2a: Hitmonshe|Triple Axel|p1a: Calyrex\n|-damage|p1a: Calyrex|42/100\n|-damage|p1a: Calyrex|24/100\n|-crit|p1a: Calyrex\n|-damage|p1a: Calyrex|0 fnt\n|faint|p1a: Calyrex\n|-hitcount|p1: Calyrex|3\n|move|p2b: Roter Baron|Acrobatics|p1b: Comfey\n|-damage|p1b: Comfey|65/100\n|\n|upkeep\n|\n|t:|1774276570\n|switch|p1a: Zamazenta|Zamazenta-Crowned, L50|100/100\n|-ability|p1a: Zamazenta|Dauntless Shield|boost\n|-boost|p1a: Zamazenta|def|1\n|turn|3\n|\n|t:|1774276588\n|-terastallize|p2b: Roter Baron|Flying\n|move|p1b: Comfey|Protect|p1b: Comfey\n|-singleturn|p1b: Comfey|Protect\n|move|p2a: Hitmonshe|Taunt|p1b: Comfey\n|-activate|p1b: Comfey|move: Protect\n|move|p1a: Zamazenta|Body Press|p2a: Hitmonshe\n|-damage|p2a: Hitmonshe|0 fnt\n|faint|p2a: Hitmonshe\n|move|p2b: Roter Baron|Acrobatics|p1b: Comfey\n|-activate|p1b: Comfey|move: Protect\n|\n|upkeep\n|\n|t:|1774276601\n|switch|p2a: Tripitz|Kyogre, L50, shiny|100/100\n|-weather|RainDance|[from] ability: Drizzle|[of] p2a: Tripitz\n|turn|4\n|\n|t:|1774276617\n|move|p1b: Comfey|Draining Kiss|p2a: Tripitz\n|-damage|p2a: Tripitz|90/100\n|-heal|p1b: Comfey|74/100|[from] drain|[of] p2a: Tripitz\n|move|p2a: Tripitz|Hydro Pump|p1a: Zamazenta|[miss]\n|-miss|p2a: Tripitz|p1a: Zamazenta\n|move|p1a: Zamazenta|Body Press|p2a: Tripitz\n|-damage|p2a: Tripitz|18/100\n|move|p2b: Roter Baron|Acrobatics|p1a: Zamazenta\n|-damage|p1a: Zamazenta|78/100\n|\n|-weather|RainDance|[upkeep]\n|upkeep\n|turn|5\n|inactive|SilverSnowDrop has 30 seconds left.\n|\n|t:|1774276643\n|move|p2a: Tripitz|Protect|p2a: Tripitz\n|-singleturn|p2a: Tripitz|Protect\n|move|p1b: Comfey|Draining Kiss|p2b: Roter Baron\n|-damage|p2b: Roter Baron|60/100\n|-heal|p1b: Comfey|87/100|[from] drain|[of] p2b: Roter Baron\n|move|p1a: Zamazenta|Body Press|p2b: Roter Baron\n|-resisted|p2b: Roter Baron\n|-damage|p2b: Roter Baron|17/100\n|move|p2b: Roter Baron|Tailwind|p2b: Roter Baron\n|-sidestart|p2: marcxhenry|move: Tailwind\n|\n|-weather|RainDance|[upkeep]\n|-fieldend|move: Trick Room\n|upkeep\n|turn|6\n|inactive|SilverSnowDrop has 30 seconds left.\n|inactive|SilverSnowDrop has 20 seconds left.\n|\n|t:|1774276680\n|-terastallize|p1b: Comfey|Water\n|move|p1a: Zamazenta|Protect|p1a: Zamazenta\n|-singleturn|p1a: Zamazenta|Protect\n|move|p1b: Comfey|Draining Kiss|p2b: Roter Baron\n|-damage|p2b: Roter Baron|3/100\n|-heal|p1b: Comfey|99/100|[from] drain|[of] p2b: Roter Baron\n|move|p2b: Roter Baron|Acrobatics|p1b: Comfey\n|-damage|p1b: Comfey|42/100\n|-enditem|p1b: Comfey|Sitrus Berry|[eat]\n|-heal|p1b: Comfey|67/100|[from] item: Sitrus Berry\n|move|p2a: Tripitz|Origin Pulse|p1a: Zamazenta|[spread] p1b\n|-activate|p1a: Zamazenta|move: Protect\n|-resisted|p1b: Comfey\n|-damage|p1b: Comfey|23/100\n|\n|-weather|RainDance|[upkeep]\n|upkeep\n|turn|7\n|\n|t:|1774276704\n|move|p2b: Roter Baron|Protect|p2b: Roter Baron\n|-singleturn|p2b: Roter Baron|Protect\n|move|p1a: Zamazenta|Wide Guard|p1a: Zamazenta\n|-singleturn|p1a: Zamazenta|Wide Guard\n|move|p1b: Comfey|Draining Kiss|p2b: Roter Baron\n|-activate|p2b: Roter Baron|move: Protect\n|move|p2a: Tripitz|Hydro Pump|p1a: Zamazenta\n|-damage|p1a: Zamazenta|0 fnt\n|faint|p1a: Zamazenta\n|\n|-weather|RainDance|[upkeep]\n|upkeep\n|\n|t:|1774276712\n|switch|p1a: Rillaboom|Rillaboom, L50, F|100/100\n|-fieldstart|move: Grassy Terrain|[from] ability: Grassy Surge|[of] p1a: Rillaboom\n|turn|8\n|\n|t:|1774276730\n|move|p1b: Comfey|Draining Kiss|p2b: Roter Baron\n|-damage|p2b: Roter Baron|0 fnt\n|-heal|p1b: Comfey|25/100|[from] drain|[of] p2b: Roter Baron\n|faint|p2b: Roter Baron\n|-end|p2b: Roter Baron|Protosynthesis|[silent]\n|move|p1a: Rillaboom|Fake Out|p2a: Tripitz\n|-damage|p2a: Tripitz|4/100\n|cant|p2a: Tripitz|flinch\n|\n|-weather|none\n|-heal|p2a: Tripitz|10/100|[from] Grassy Terrain\n|-heal|p1b: Comfey|31/100|[from] Grassy Terrain\n|-sideend|p2: marcxhenry|move: Tailwind\n|upkeep\n|\n|t:|1774276740\n|switch|p2b: Ludwig|Calyrex-Shadow, L50|100/100\n|-ability|p2b: Ludwig|As One\n|-ability|p2b: Ludwig|Unnerve\n|turn|9\n|\n|t:|1774276749\n|move|p2a: Tripitz|Protect|p2a: Tripitz\n|-singleturn|p2a: Tripitz|Protect\n|move|p1b: Comfey|Protect|p1b: Comfey\n|-singleturn|p1b: Comfey|Protect\n|move|p2b: Ludwig|Astral Barrage|p1a: Rillaboom|[spread] p1a\n|-activate|p1b: Comfey|move: Protect\n|-damage|p1a: Rillaboom|64/100\n|move|p1a: Rillaboom|Wood Hammer|p2b: Ludwig\n|-crit|p2b: Ludwig\n|-enditem|p2b: Ludwig|Focus Sash\n|-damage|p2b: Ludwig|1/100\n|-damage|p1a: Rillaboom|36/100|[from] Recoil\n|\n|-heal|p2b: Ludwig|7/100|[from] Grassy Terrain\n|-heal|p2a: Tripitz|16/100|[from] Grassy Terrain\n|-heal|p1b: Comfey|37/100|[from] Grassy Terrain\n|-heal|p1a: Rillaboom|42/100|[from] Grassy Terrain\n|upkeep\n|turn|10\n|\n|t:|1774276770\n|move|p1b: Comfey|Floral Healing|p1a: Rillaboom\n|-heal|p1a: Rillaboom|100/100\n|move|p1a: Rillaboom|Grassy Glide|p2a: Tripitz\n|-supereffective|p2a: Tripitz\n|-damage|p2a: Tripitz|0 fnt\n|faint|p2a: Tripitz\n|move|p2b: Ludwig|Astral Barrage|p1a: Rillaboom|[spread] p1a,p1b\n|-damage|p1a: Rillaboom|68/100\n|-damage|p1b: Comfey|0 fnt\n|faint|p1b: Comfey\n|-ability|p2b: Ludwig|Grim Neigh|boost\n|-boost|p2b: Ludwig|spa|1\n|\n|-heal|p2b: Ludwig|12/100|[from] Grassy Terrain\n|-heal|p1a: Rillaboom|74/100|[from] Grassy Terrain\n|upkeep\n|turn|11\n|\n|t:|1774276784\n|move|p2b: Ludwig|Protect|p2b: Ludwig\n|-singleturn|p2b: Ludwig|Protect\n|move|p1a: Rillaboom|Grassy Glide|p2b: Ludwig\n|-activate|p2b: Ludwig|move: Protect\n|\n|-heal|p2b: Ludwig|18/100|[from] Grassy Terrain\n|-heal|p1a: Rillaboom|80/100|[from] Grassy Terrain\n|upkeep\n|turn|12\n|\n|t:|1774276791\n|move|p2b: Ludwig|Protect||[still]\n|-fail|p2b: Ludwig\n|move|p1a: Rillaboom|Grassy Glide|p2b: Ludwig\n|-damage|p2b: Ludwig|0 fnt\n|faint|p2b: Ludwig\n|\n|win|SilverSnowDrop\n|raw|SilverSnowDrop's rating: 1288 &rarr; <strong>1318</strong><br />(+30 for winning)\n|raw|marcxhenry's rating: 1358 &rarr; <strong>1334</strong><br />(-24 for losing)\n|l|\u2606marcxhenry\n|player|p2|\n","uploadtime":1774276939,"views":10,"formatid":"gen9vgc2026regi","rating":1318,"private":0,"password":null}