{"id":"gen9vgc2026regi-2560042422","format":"[Gen 9] VGC 2026 Reg I","players":["EllenJoe2026","freegr"],"log":"|j|\u2606EllenJoe2026\n|j|\u2606freegr\n|t:|1773641146\n|gametype|doubles\n|player|p1|EllenJoe2026|1|1604\n|player|p2|freegr|dawn|1498\n|gen|9\n|tier|[Gen 9] VGC 2026 Reg I\n|rated|\n|rule|Species Clause: Limit one of each Pok\u00e9mon\n|rule|Item Clause: Limit 1 of each item\n|clearpoke\n|poke|p1|Calyrex-Shadow, L50|\n|poke|p1|Zamazenta-*, L50|\n|poke|p1|Incineroar, L50, F|\n|poke|p1|Rillaboom, L50, F|\n|poke|p1|Ogerpon-Cornerstone, L50, F|\n|poke|p1|Tornadus, L50, M|\n|poke|p2|Grimmsnarl, L50, M|\n|poke|p2|Kyogre, L50|\n|poke|p2|Calyrex-Ice, L50|\n|poke|p2|Rillaboom, L50, M|\n|poke|p2|Landorus, L50, M|\n|poke|p2|Urshifu-*, L50, F|\n|teampreview|4\n|inactive|Battle timer is ON: inactive players will automatically lose when time's up. (requested by EllenJoe2026)\n|inactive|EllenJoe2026 has 60 seconds left.\n|\n|t:|1773641178\n|teamsize|p1|4\n|teamsize|p2|4\n|start\n|switch|p1a: Rillaboom|Rillaboom, L50, F, shiny|100/100\n|switch|p1b: Incineroar|Incineroar, L50, F, shiny|100/100\n|switch|p2a: Calyrex|Calyrex-Ice, L50|100/100\n|switch|p2b: Grimmsnarl|Grimmsnarl, L50, M, shiny|100/100\n|-ability|p2a: Calyrex|As One\n|-ability|p2a: Calyrex|Unnerve\n|-fieldstart|move: Grassy Terrain|[from] ability: Grassy Surge|[of] p1a: Rillaboom\n|-ability|p1b: Incineroar|Intimidate|boost\n|-unboost|p2a: Calyrex|atk|1\n|-unboost|p2b: Grimmsnarl|atk|1\n|turn|1\n|\n|t:|1773641200\n|move|p2a: Calyrex|Protect|p2a: Calyrex\n|-singleturn|p2a: Calyrex|Protect\n|move|p1b: Incineroar|Fake Out|p2b: Grimmsnarl\n|-damage|p2b: Grimmsnarl|92/100\n|cant|p2b: Grimmsnarl|flinch\n|move|p1a: Rillaboom|Wood Hammer|p2b: Grimmsnarl\n|-damage|p2b: Grimmsnarl|31/100\n|-damage|p1a: Rillaboom|81/100|[from] Recoil\n|\n|-heal|p1a: Rillaboom|86/100|[from] Grassy Terrain\n|-heal|p2b: Grimmsnarl|37/100|[from] Grassy Terrain\n|upkeep\n|turn|2\n|\n|t:|1773641221\n|-terastallize|p2a: Calyrex|Grass\n|move|p2b: Grimmsnarl|Light Screen|p2b: Grimmsnarl\n|-sidestart|p2: freegr|move: Light Screen\n|move|p1a: Rillaboom|U-turn|p2b: Grimmsnarl\n|-crit|p2b: Grimmsnarl\n|-damage|p2b: Grimmsnarl|4/100\n|\n|t:|1773641229\n|switch|p1a: Zamazenta|Zamazenta-Crowned, L50, shiny|100/100|[from] U-turn\n|-ability|p1a: Zamazenta|Dauntless Shield|boost\n|-boost|p1a: Zamazenta|def|1\n|move|p1b: Incineroar|Taunt|p2a: Calyrex\n|-start|p2a: Calyrex|move: Taunt\n|cant|p2a: Calyrex|move: Taunt|Leech Seed\n|\n|-heal|p2b: Grimmsnarl|10/100|[from] Grassy Terrain\n|upkeep\n|turn|3\n|\n|t:|1773641251\n|switch|p2a: Landorus|Landorus, L50, M, shiny|100/100\n|move|p2b: Grimmsnarl|Reflect|p2b: Grimmsnarl\n|-sidestart|p2: freegr|Reflect\n|move|p1a: Zamazenta|Body Press|p2a: Landorus\n|-resisted|p2a: Landorus\n|-damage|p2a: Landorus|73/100\n|move|p1b: Incineroar|Knock Off|p2b: Grimmsnarl\n|-resisted|p2b: Grimmsnarl\n|-damage|p2b: Grimmsnarl|5/100\n|-enditem|p2b: Grimmsnarl|Light Clay|[from] move: Knock Off|[of] p1b: Incineroar\n|\n|-heal|p2b: Grimmsnarl|11/100|[from] Grassy Terrain\n|upkeep\n|turn|4\n|inactive|EllenJoe2026 has 30 seconds left.\n|\n|t:|1773641277\n|switch|p2a: Calyrex|Calyrex-Ice, L50, tera:Grass|100/100\n|-ability|p2a: Calyrex|As One\n|-ability|p2a: Calyrex|Unnerve\n|-terastallize|p1a: Zamazenta|Grass\n|move|p2b: Grimmsnarl|Thunder Wave|p1a: Zamazenta\n|-status|p1a: Zamazenta|par\n|move|p1b: Incineroar|Parting Shot|p2a: Calyrex\n|-unboost|p2a: Calyrex|atk|1\n|-unboost|p2a: Calyrex|spa|1\n|\n|t:|1773641291\n|switch|p1b: Rillaboom|Rillaboom, L50, F, shiny|86/100|[from] Parting Shot\n|move|p1a: Zamazenta|Body Press|p2b: Grimmsnarl\n|-damage|p2b: Grimmsnarl|0 fnt\n|faint|p2b: Grimmsnarl\n|\n|-heal|p1b: Rillaboom|92/100|[from] Grassy Terrain\n|upkeep\n|\n|t:|1773641299\n|switch|p2b: Landorus|Landorus, L50, M, shiny|73/100\n|turn|5\n|\n|t:|1773641316\n|move|p1b: Rillaboom|Fake Out|p2b: Landorus\n|-damage|p2b: Landorus|61/100\n|move|p1a: Zamazenta|Wide Guard|p1a: Zamazenta\n|-singleturn|p1a: Zamazenta|Wide Guard\n|cant|p2b: Landorus|flinch\n|move|p2a: Calyrex|Glacial Lance|p1b: Rillaboom|[spread] \n|-activate|p1a: Zamazenta|move: Wide Guard\n|-activate|p1b: Rillaboom|move: Wide Guard\n|\n|-heal|p1b: Rillaboom|98/100|[from] Grassy Terrain\n|-fieldend|move: Grassy Terrain\n|upkeep\n|turn|6\n|\n|t:|1773641332\n|switch|p1b: Incineroar|Incineroar, L50, F, shiny|100/100\n|-ability|p1b: Incineroar|Intimidate|boost\n|-unboost|p2a: Calyrex|atk|1\n|-unboost|p2b: Landorus|atk|1\n|move|p2b: Landorus|Sludge Bomb|p1b: Incineroar\n|-damage|p1b: Incineroar|62/100\n|move|p1a: Zamazenta|Heavy Slam|p2b: Landorus\n|-damage|p2b: Landorus|25/100\n|move|p2a: Calyrex|Glacial Lance|p1a: Zamazenta|[spread] p1a,p1b\n|-supereffective|p1a: Zamazenta\n|-resisted|p1b: Incineroar\n|-damage|p1a: Zamazenta|82/100 par\n|-damage|p1b: Incineroar|53/100\n|\n|upkeep\n|turn|7\n|\n|t:|1773641356\n|move|p1b: Incineroar|Fake Out|p2b: Landorus\n|-damage|p2b: Landorus|17/100\n|cant|p2b: Landorus|flinch\n|move|p1a: Zamazenta|Body Press|p2a: Calyrex\n|-damage|p2a: Calyrex|71/100\n|move|p2a: Calyrex|Leech Seed|p1b: Incineroar\n|-start|p1b: Incineroar|move: Leech Seed\n|\n|-heal|p2a: Calyrex|76/100|[from] item: Leftovers\n|-damage|p1b: Incineroar|41/100|[from] Leech Seed|[of] p2a: Calyrex\n|-heal|p2a: Calyrex|88/100|[silent]\n|upkeep\n|turn|8\n|\n|t:|1773641370\n|switch|p1b: Rillaboom|Rillaboom, L50, F, shiny|98/100\n|-fieldstart|move: Grassy Terrain|[from] ability: Grassy Surge|[of] p1b: Rillaboom\n|move|p2b: Landorus|Sludge Bomb|p1a: Zamazenta\n|-supereffective|p1a: Zamazenta\n|-damage|p1a: Zamazenta|23/100 par\n|move|p1a: Zamazenta|Heavy Slam|p2b: Landorus\n|-damage|p2b: Landorus|0 fnt\n|faint|p2b: Landorus\n|move|p2a: Calyrex|Glacial Lance|p1a: Zamazenta|[spread] p1a,p1b\n|-supereffective|p1a: Zamazenta\n|-supereffective|p1b: Rillaboom\n|-damage|p1a: Zamazenta|7/100 par\n|-damage|p1b: Rillaboom|51/100\n|\n|-heal|p1b: Rillaboom|57/100|[from] Grassy Terrain\n|-heal|p1a: Zamazenta|13/100 par|[from] Grassy Terrain\n|-heal|p2a: Calyrex|94/100|[from] Grassy Terrain\n|-heal|p2a: Calyrex|99/100|[from] item: Leftovers\n|upkeep\n|\n|t:|1773641375\n|switch|p2b: Kyogre|Kyogre, L50|100/100\n|-weather|RainDance|[from] ability: Drizzle|[of] p2b: Kyogre\n|turn|9\n|inactive|EllenJoe2026 has 30 seconds left.\n|\n|t:|1773641400\n|switch|p1b: Incineroar|Incineroar, L50, F, shiny|41/100\n|-ability|p1b: Incineroar|Intimidate|boost\n|-unboost|p2a: Calyrex|atk|1\n|-unboost|p2b: Kyogre|atk|1\n|move|p2b: Kyogre|Ice Beam|p1b: Incineroar\n|-resisted|p1b: Incineroar\n|-damage|p1b: Incineroar|25/100\n|move|p1a: Zamazenta|Body Press|p2b: Kyogre\n|-damage|p2b: Kyogre|57/100\n|move|p2a: Calyrex|Trick Room|p2a: Calyrex\n|-fieldstart|move: Trick Room|[of] p2a: Calyrex\n|\n|-weather|RainDance|[upkeep]\n|-heal|p2a: Calyrex|100/100|[from] Grassy Terrain\n|-heal|p1a: Zamazenta|19/100 par|[from] Grassy Terrain\n|-heal|p1b: Incineroar|31/100|[from] Grassy Terrain\n|-heal|p2b: Kyogre|62/100|[from] Grassy Terrain\n|-sideend|p2: freegr|move: Light Screen\n|upkeep\n|turn|10\n|-message|freegr forfeited.\n|\n|win|EllenJoe2026\n|raw|EllenJoe2026's rating: 1604 &rarr; <strong>1618</strong><br />(+14 for winning)\n|raw|freegr's rating: 1498 &rarr; <strong>1484</strong><br />(-14 for losing)\n|l|\u2606freegr\n|player|p2|\n|l|\u2606EllenJoe2026\n|player|p1|\n","uploadtime":1773641585,"views":16,"formatid":"gen9vgc2026regi","rating":1484,"private":0,"password":null}