{"id":"gen9vgc2026regi-2548990653","format":"[Gen 9] VGC 2026 Reg I","players":["Longhq","xiaoliyunVGC"],"log":"|j|\u2606Longhq\n|j|\u2606xiaoliyunVGC\n|t:|1772293119\n|gametype|doubles\n|player|p1|Longhq|169|1534\n|player|p2|xiaoliyunVGC|liko|1406\n|gen|9\n|tier|[Gen 9] VGC 2026 Reg I\n|rated|\n|rule|Species Clause: Limit one of each Pok\u00e9mon\n|rule|Item Clause: Limit 1 of each item\n|clearpoke\n|poke|p1|Calyrex-Ice, L50|\n|poke|p1|Miraidon, L50|\n|poke|p1|Grimmsnarl, L50, M|\n|poke|p1|Incineroar, L50, M|\n|poke|p1|Smeargle, L50, F|\n|poke|p1|Chi-Yu, L50|\n|poke|p2|Zamazenta-*, L50|\n|poke|p2|Kyogre, L50|\n|poke|p2|Raichu, L50, M|\n|poke|p2|Flutter Mane, L50|\n|poke|p2|Tornadus, L50, M|\n|poke|p2|Kingambit, L50, M|\n|teampreview|4\n|inactive|Battle timer is ON: inactive players will automatically lose when time's up. (requested by xiaoliyunVGC)\n|inactive|Longhq has 60 seconds left.\n|\n|t:|1772293179\n|teamsize|p1|4\n|teamsize|p2|4\n|start\n|switch|p1a: Smeargle|Smeargle, L50, F|100/100\n|switch|p1b: Grimmsnarl|Grimmsnarl, L50, M|100/100\n|switch|p2a: Zamazenta|Zamazenta-Crowned, L50, shiny|100/100\n|switch|p2b: Raichu|Raichu, L50, M|100/100\n|-ability|p2a: Zamazenta|Dauntless Shield|boost\n|-boost|p2a: Zamazenta|def|1\n|turn|1\n|\n|t:|1772293196\n|-terastallize|p1a: Smeargle|Ghost\n|move|p2b: Raichu|Fake Out|p1a: Smeargle\n|-immune|p1a: Smeargle\n|move|p1b: Grimmsnarl|Fake Out|p2a: Zamazenta\n|-resisted|p2a: Zamazenta\n|-damage|p2a: Zamazenta|98/100\n|cant|p2a: Zamazenta|flinch\n|move|p1a: Smeargle|Spore|p2b: Raichu\n|-status|p2b: Raichu|slp|[from] move: Spore\n|\n|-ability|p1a: Smeargle|Moody|boost\n|-boost|p1a: Smeargle|def|2\n|-unboost|p1a: Smeargle|atk|1\n|upkeep\n|turn|2\n|inactive|Longhq has 30 seconds left.\n|\n|t:|1772293224\n|switch|p1b: Calyrex|Calyrex-Ice, L50|100/100\n|-ability|p1b: Calyrex|As One\n|-ability|p1b: Calyrex|Unnerve\n|cant|p2b: Raichu|slp\n|move|p2a: Zamazenta|Behemoth Bash|p1a: Smeargle\n|-damage|p1a: Smeargle|43/100\n|move|p1a: Smeargle|Spore|p2a: Zamazenta\n|-status|p2a: Zamazenta|slp|[from] move: Spore\n|\n|-ability|p1a: Smeargle|Moody|boost\n|-boost|p1a: Smeargle|spd|2\n|-unboost|p1a: Smeargle|def|1\n|upkeep\n|turn|3\n|inactive|xiaoliyunVGC has 30 seconds left.\n|\n|t:|1772293253\n|switch|p2b: Kingambit|Kingambit, L50, M|100/100\n|switch|p1a: Grimmsnarl|Grimmsnarl, L50, M|100/100\n|cant|p2a: Zamazenta|slp\n|move|p1b: Calyrex|Iron Defense|p1b: Calyrex\n|-boost|p1b: Calyrex|def|2\n|\n|upkeep\n|turn|4\n|inactive|xiaoliyunVGC has 30 seconds left.\n|\n|t:|1772293279\n|move|p1a: Grimmsnarl|Fake Out|p2b: Kingambit\n|-resisted|p2b: Kingambit\n|-damage|p2b: Kingambit|96/100\n|-curestatus|p2a: Zamazenta|slp|[msg]\n|move|p2a: Zamazenta|Behemoth Bash|p1b: Calyrex\n|-supereffective|p1b: Calyrex\n|-damage|p1b: Calyrex|74/100\n|move|p1b: Calyrex|Leech Seed|p2a: Zamazenta\n|-start|p2a: Zamazenta|move: Leech Seed\n|cant|p2b: Kingambit|flinch\n|\n|-heal|p1b: Calyrex|80/100|[from] item: Leftovers\n|-damage|p2a: Zamazenta|86/100|[from] Leech Seed|[of] p1b: Calyrex\n|-heal|p1b: Calyrex|92/100|[silent]\n|upkeep\n|turn|5\n|\n|t:|1772293300\n|switch|p2a: Kyogre|Kyogre, L50|100/100\n|-weather|RainDance|[from] ability: Drizzle|[of] p2a: Kyogre\n|move|p1a: Grimmsnarl|Reflect|p1a: Grimmsnarl\n|-sidestart|p1: Longhq|Reflect\n|move|p1b: Calyrex|Leech Seed|p2b: Kingambit\n|-start|p2b: Kingambit|move: Leech Seed\n|move|p2b: Kingambit|Iron Head|p1b: Calyrex\n|-supereffective|p1b: Calyrex\n|-damage|p1b: Calyrex|62/100\n|\n|-weather|RainDance|[upkeep]\n|-heal|p1b: Calyrex|68/100|[from] item: Leftovers\n|-damage|p2b: Kingambit|84/100|[from] Leech Seed|[of] p1b: Calyrex\n|-heal|p1b: Calyrex|80/100|[silent]\n|upkeep\n|turn|6\n|\n|t:|1772293323\n|-terastallize|p2a: Kyogre|Water\n|move|p1a: Grimmsnarl|Light Screen|p1a: Grimmsnarl\n|-sidestart|p1: Longhq|move: Light Screen\n|move|p2a: Kyogre|Water Spout|p1a: Grimmsnarl|[spread] p1a,p1b\n|-damage|p1a: Grimmsnarl|0 fnt\n|-damage|p1b: Calyrex|33/100\n|faint|p1a: Grimmsnarl\n|move|p1b: Calyrex|Leech Seed|p2a: Kyogre\n|-start|p2a: Kyogre|move: Leech Seed\n|move|p2b: Kingambit|Iron Head|p1b: Calyrex\n|-supereffective|p1b: Calyrex\n|-damage|p1b: Calyrex|6/100\n|\n|-weather|RainDance|[upkeep]\n|-heal|p1b: Calyrex|12/100|[from] item: Leftovers\n|-damage|p2a: Kyogre|88/100|[from] Leech Seed|[of] p1b: Calyrex\n|-heal|p1b: Calyrex|22/100|[silent]\n|-damage|p2b: Kingambit|72/100|[from] Leech Seed|[of] p1b: Calyrex\n|-heal|p1b: Calyrex|34/100|[silent]\n|upkeep\n|\n|t:|1772293344\n|switch|p1a: Miraidon|Miraidon, L50, shiny|100/100\n|-fieldstart|move: Electric Terrain|[from] ability: Hadron Engine|[of] p1a: Miraidon\n|turn|7\n|\n|t:|1772293355\n|switch|p2b: Raichu|Raichu, L50, M|100/100 slp\n|move|p1b: Calyrex|Protect|p1b: Calyrex\n|-singleturn|p1b: Calyrex|Protect\n|move|p2a: Kyogre|Water Spout|p1a: Miraidon|[spread] p1a\n|-activate|p1b: Calyrex|move: Protect\n|-resisted|p1a: Miraidon\n|-damage|p1a: Miraidon|73/100\n|move|p1a: Miraidon|Calm Mind|p1a: Miraidon\n|-boost|p1a: Miraidon|spa|1\n|-boost|p1a: Miraidon|spd|1\n|\n|-weather|RainDance|[upkeep]\n|-heal|p1b: Calyrex|40/100|[from] item: Leftovers\n|-damage|p2a: Kyogre|75/100|[from] Leech Seed|[of] p1b: Calyrex\n|-heal|p1b: Calyrex|51/100|[silent]\n|upkeep\n|turn|8\n|inactive|Longhq has 30 seconds left.\n|\n|t:|1772293381\n|switch|p2a: Kingambit|Kingambit, L50, M|72/100\n|move|p1a: Miraidon|Dragon Pulse|p2a: Kingambit\n|-resisted|p2a: Kingambit\n|-damage|p2a: Kingambit|34/100\n|cant|p2b: Raichu|slp\n|move|p1b: Calyrex|Glacial Lance|p2b: Raichu|[spread] p2a,p2b\n|-resisted|p2a: Kingambit\n|-damage|p2a: Kingambit|15/100\n|-damage|p2b: Raichu|12/100 slp\n|\n|-weather|RainDance|[upkeep]\n|-heal|p1b: Calyrex|57/100|[from] item: Leftovers\n|upkeep\n|turn|9\n|inactive|Longhq has 30 seconds left.\n|\n|t:|1772293408\n|cant|p2b: Raichu|slp\n|move|p2a: Kingambit|Sucker Punch||[still]\n|-fail|p2a: Kingambit\n|move|p1a: Miraidon|Calm Mind|p1a: Miraidon\n|-boost|p1a: Miraidon|spa|1\n|-boost|p1a: Miraidon|spd|1\n|move|p1b: Calyrex|Glacial Lance|p2b: Raichu|[spread] p2a,p2b\n|-resisted|p2a: Kingambit\n|-damage|p2a: Kingambit|0 fnt\n|-damage|p2b: Raichu|0 fnt\n|faint|p2a: Kingambit\n|faint|p2b: Raichu\n|-ability|p1b: Calyrex|Chilling Neigh|boost\n|-boost|p1b: Calyrex|atk|2\n|\n|-weather|none\n|-heal|p1b: Calyrex|62/100|[from] item: Leftovers\n|upkeep\n|\n|t:|1772293414\n|switch|p2b: Zamazenta|Zamazenta-Crowned, L50, shiny|86/100\n|switch|p2a: Kyogre|Kyogre, L50, tera:Water|75/100\n|-weather|RainDance|[from] ability: Drizzle|[of] p2a: Kyogre\n|turn|10\n|\n|t:|1772293436\n|move|p2a: Kyogre|Ice Beam|p1a: Miraidon\n|-supereffective|p1a: Miraidon\n|-damage|p1a: Miraidon|55/100\n|move|p1a: Miraidon|Electro Drift|p2a: Kyogre\n|-supereffective|p2a: Kyogre\n|-damage|p2a: Kyogre|0 fnt\n|faint|p2a: Kyogre\n|move|p2b: Zamazenta|Behemoth Bash|p1b: Calyrex\n|-supereffective|p1b: Calyrex\n|-damage|p1b: Calyrex|45/100\n|move|p1b: Calyrex|Leech Seed|p2b: Zamazenta\n|-start|p2b: Zamazenta|move: Leech Seed\n|\n|-weather|RainDance|[upkeep]\n|-heal|p1b: Calyrex|51/100|[from] item: Leftovers\n|-damage|p2b: Zamazenta|74/100|[from] Leech Seed|[of] p1b: Calyrex\n|-heal|p1b: Calyrex|62/100|[silent]\n|upkeep\n|turn|11\n|-message|xiaoliyunVGC forfeited.\n|\n|win|Longhq\n|raw|Longhq's rating: 1534 &rarr; <strong>1547</strong><br />(+13 for winning)\n|raw|xiaoliyunVGC's rating: 1406 &rarr; <strong>1393</strong><br />(-13 for losing)\n|l|\u2606xiaoliyunVGC\n|player|p2|\n|l|\u2606Longhq\n|player|p1|\n","uploadtime":1772293651,"views":12,"formatid":"gen9vgc2026regi","rating":1393,"private":0,"password":null}