{"id":"gen9vgc2026regi-2549655782","format":"[Gen 9] VGC 2026 Reg I","players":["konamiplsnerfyt","lalo's pollos"],"log":"|j|\u2606konamiplsnerfyt\n|j|\u2606lalo's pollos\n|t:|1772394534\n|gametype|doubles\n|player|p1|konamiplsnerfyt|brock|1335\n|player|p2|lalo's pollos|1|1534\n|gen|9\n|tier|[Gen 9] VGC 2026 Reg I\n|rated|\n|rule|Species Clause: Limit one of each Pok\u00e9mon\n|rule|Item Clause: Limit 1 of each item\n|clearpoke\n|poke|p1|Moltres-Galar, L50|\n|poke|p1|Zamazenta-*, L50|\n|poke|p1|Miraidon, L50|\n|poke|p1|Iron Hands, L50|\n|poke|p1|Volcarona, L50, M|\n|poke|p1|Grimmsnarl, L50, M|\n|poke|p2|Zamazenta-*, L50|\n|poke|p2|Lunala, L50|\n|poke|p2|Rillaboom, L50, F|\n|poke|p2|Incineroar, L50, F|\n|poke|p2|Urshifu-*, L50, M|\n|poke|p2|Tornadus, L50, M|\n|teampreview|4\n|inactive|Battle timer is ON: inactive players will automatically lose when time's up. (requested by konamiplsnerfyt)\n|inactive|konamiplsnerfyt has 60 seconds left.\n|inactive|lalo's pollos has 60 seconds left.\n|inactive|konamiplsnerfyt has 30 seconds left.\n|\n|t:|1772394597\n|teamsize|p1|4\n|teamsize|p2|4\n|start\n|switch|p1a: Moltres|Moltres-Galar, L50|100/100\n|switch|p1b: Grimmsnarl|Grimmsnarl, L50, M|100/100\n|switch|p2a: Lunala|Lunala, L50|100/100\n|switch|p2b: Tornadus|Tornadus, L50, M|100/100\n|turn|1\n|\n|t:|1772394621\n|-terastallize|p2a: Lunala|Fairy\n|-terastallize|p1a: Moltres|Poison\n|move|p2b: Tornadus|Bleakwind Storm|p1b: Grimmsnarl|[spread] p1a,p1b\n|-damage|p1a: Moltres|72/100\n|-damage|p1b: Grimmsnarl|64/100\n|move|p2a: Lunala|Calm Mind|p2a: Lunala\n|-boost|p2a: Lunala|spa|1\n|-boost|p2a: Lunala|spd|1\n|move|p1a: Moltres|Nasty Plot|p1a: Moltres\n|-boost|p1a: Moltres|spa|2\n|move|p1b: Grimmsnarl|Spirit Break|p2a: Lunala\n|-damage|p2a: Lunala|88/100\n|-unboost|p2a: Lunala|spa|1\n|\n|-heal|p2a: Lunala|94/100|[from] item: Leftovers\n|upkeep\n|turn|2\n|\n|t:|1772394641\n|move|p2b: Tornadus|Tailwind|p2b: Tornadus\n|-sidestart|p2: lalo's pollos|move: Tailwind\n|move|p1b: Grimmsnarl|Thunder Wave|p2a: Lunala\n|-status|p2a: Lunala|par\n|move|p2a: Lunala|Calm Mind|p2a: Lunala\n|-boost|p2a: Lunala|spa|1\n|-boost|p2a: Lunala|spd|1\n|move|p1a: Moltres|Air Slash|p2a: Lunala\n|-damage|p2a: Lunala|67/100 par\n|\n|-heal|p2a: Lunala|73/100 par|[from] item: Leftovers\n|upkeep\n|turn|3\n|\n|t:|1772394657\n|move|p1b: Grimmsnarl|Light Screen|p1b: Grimmsnarl\n|-sidestart|p1: konamiplsnerfyt|move: Light Screen\n|move|p2b: Tornadus|Bleakwind Storm|p1a: Moltres|[spread] \n|-miss|p2b: Tornadus|p1a: Moltres\n|-miss|p2b: Tornadus|p1b: Grimmsnarl\n|cant|p2a: Lunala|par\n|move|p1a: Moltres|Air Slash|p2a: Lunala\n|-damage|p2a: Lunala|50/100 par\n|\n|-heal|p2a: Lunala|56/100 par|[from] item: Leftovers\n|upkeep\n|turn|4\n|c|\u2606lalo's pollos|.....\n|\n|t:|1772394674\n|move|p1b: Grimmsnarl|Thunder Wave|p2b: Tornadus\n|-status|p2b: Tornadus|par\n|move|p2b: Tornadus|Bleakwind Storm|p1a: Moltres|[spread] p1a,p1b\n|-damage|p1a: Moltres|52/100\n|-damage|p1b: Grimmsnarl|43/100\n|-unboost|p1b: Grimmsnarl|spe|1\n|cant|p2a: Lunala|par\n|move|p1a: Moltres|Nasty Plot|p1a: Moltres\n|-boost|p1a: Moltres|spa|2\n|\n|-heal|p2a: Lunala|62/100 par|[from] item: Leftovers\n|upkeep\n|turn|5\n|\n|t:|1772394694\n|move|p2b: Tornadus|Bleakwind Storm|p1b: Grimmsnarl|[spread] p1a,p1b\n|-crit|p1a: Moltres\n|-damage|p1a: Moltres|9/100\n|-damage|p1b: Grimmsnarl|19/100\n|-unboost|p1b: Grimmsnarl|spe|1\n|-ability|p1a: Moltres|Berserk|boost\n|-boost|p1a: Moltres|spa|1\n|cant|p2a: Lunala|par\n|move|p1a: Moltres|Air Slash|p2a: Lunala\n|-damage|p2a: Lunala|16/100 par\n|move|p1b: Grimmsnarl|Spirit Break|p2a: Lunala\n|-damage|p2a: Lunala|0 fnt\n|faint|p2a: Lunala\n|\n|-sideend|p2: lalo's pollos|move: Tailwind\n|upkeep\n|c|\u2606lalo's pollos|fuck this\n|\n|t:|1772394717\n|switch|p2a: Urshifu|Urshifu-Rapid-Strike, L50, M|100/100\n|turn|6\n|\n|t:|1772394724\n|move|p2a: Urshifu|Detect|p2a: Urshifu\n|-singleturn|p2a: Urshifu|Protect\n|move|p1b: Grimmsnarl|Thunder Wave|p2a: Urshifu\n|-activate|p2a: Urshifu|move: Protect\n|move|p1a: Moltres|Air Slash|p2a: Urshifu\n|-activate|p2a: Urshifu|move: Protect\n|move|p2b: Tornadus|Bleakwind Storm|p1b: Grimmsnarl|[spread] p1b\n|-miss|p2b: Tornadus|p1a: Moltres\n|-damage|p1b: Grimmsnarl|0 fnt\n|faint|p1b: Grimmsnarl\n|\n|upkeep\n|\n|t:|1772394727\n|switch|p1b: Miraidon|Miraidon, L50|100/100\n|-fieldstart|move: Electric Terrain|[from] ability: Hadron Engine|[of] p1b: Miraidon\n|-enditem|p1a: Moltres|Electric Seed\n|-boost|p1a: Moltres|def|1|[from] item: Electric Seed\n|turn|7\n|\n|t:|1772394737\n|switch|p2a: Rillaboom|Rillaboom, L50, F|100/100\n|-fieldstart|move: Grassy Terrain|[from] ability: Grassy Surge|[of] p2a: Rillaboom\n|move|p1b: Miraidon|Volt Switch|p2a: Rillaboom\n|-resisted|p2a: Rillaboom\n|-damage|p2a: Rillaboom|80/100\n|\n|t:|1772394743\n|switch|p1b: Zamazenta|Zamazenta-Crowned, L50|100/100|[from] Volt Switch\n|-ability|p1b: Zamazenta|Dauntless Shield|boost\n|-boost|p1b: Zamazenta|def|1\n|move|p1a: Moltres|Fiery Wrath|p2b: Tornadus|[spread] p2a,p2b\n|-damage|p2a: Rillaboom|1/100\n|-enditem|p2b: Tornadus|Focus Sash\n|-damage|p2b: Tornadus|1/100 par\n|move|p2b: Tornadus|Bleakwind Storm|p1a: Moltres|[spread] p1a,p1b\n|-damage|p1a: Moltres|0 fnt\n|-damage|p1b: Zamazenta|83/100\n|faint|p1a: Moltres\n|\n|-heal|p1b: Zamazenta|89/100|[from] Grassy Terrain\n|-heal|p2a: Rillaboom|7/100|[from] Grassy Terrain\n|upkeep\n|\n|t:|1772394754\n|switch|p1a: Miraidon|Miraidon, L50|100/100\n|-fieldstart|move: Electric Terrain|[from] ability: Hadron Engine|[of] p1a: Miraidon\n|turn|8\n|-message|lalo's pollos forfeited.\n|\n|win|konamiplsnerfyt\n|raw|konamiplsnerfyt's rating: 1335 &rarr; <strong>1365</strong><br />(+30 for winning)\n|raw|lalo&apos;s pollos's rating: 1534 &rarr; <strong>1504</strong><br />(-30 for losing)\n|l|\u2606lalo's pollos\n|player|p2|\n|l|\u2606konamiplsnerfyt\n|player|p1|\n","uploadtime":1772394770,"views":63,"formatid":"gen9vgc2026regi","rating":1365,"private":0,"password":null}