{"id":"gen9vgc2026regi-2582782518","format":"[Gen 9] VGC 2026 Reg I","players":["JoeBro8","yoshatori"],"log":"|j|\u2606JoeBro8\n|j|\u2606yoshatori\n|t:|1776113757\n|gametype|doubles\n|player|p1|JoeBro8|n|1444\n|player|p2|yoshatori|266|1492\n|gen|9\n|tier|[Gen 9] VGC 2026 Reg I\n|rated|\n|rule|Species Clause: Limit one of each Pok\u00e9mon\n|rule|Item Clause: Limit 1 of each item\n|clearpoke\n|poke|p1|Calyrex-Shadow, L50|\n|poke|p1|Indeedee-F, L50, F|\n|poke|p1|Dondozo, L50, M|\n|poke|p1|Tatsugiri-Droopy, L50, F|\n|poke|p1|Weezing-Galar, L50, M|\n|poke|p1|Zacian-*, L50|\n|poke|p2|Amoonguss, L50, F|\n|poke|p2|Calyrex-Ice, L50|\n|poke|p2|Kyogre, L50|\n|poke|p2|Grimmsnarl, L50, M|\n|poke|p2|Flutter Mane, L50|\n|poke|p2|Basculegion, L50, M|\n|teampreview|4\n|\n|t:|1776113796\n|teamsize|p1|4\n|teamsize|p2|4\n|start\n|switch|p1a: Weezing|Weezing-Galar, L50, M|100/100\n|switch|p1b: Zacian|Zacian-Crowned, L50|100/100\n|switch|p2a: Flutter Mane|Flutter Mane, L50|100/100\n|switch|p2b: Kyogre|Kyogre, L50|100/100\n|-ability|p1a: Weezing|Neutralizing Gas\n|turn|1\n|inactive|Battle timer is ON: inactive players will automatically lose when time's up. (requested by yoshatori)\n|\n|t:|1776113808\n|move|p2b: Kyogre|Protect|p2b: Kyogre\n|-singleturn|p2b: Kyogre|Protect\n|move|p2a: Flutter Mane|Icy Wind|p1a: Weezing|[spread] p1a,p1b\n|-resisted|p1b: Zacian\n|-damage|p1a: Weezing|86/100\n|-damage|p1b: Zacian|93/100\n|-unboost|p1b: Zacian|spe|1\n|move|p1b: Zacian|Behemoth Blade|p2a: Flutter Mane\n|-supereffective|p2a: Flutter Mane\n|-enditem|p2a: Flutter Mane|Focus Sash\n|-damage|p2a: Flutter Mane|1/100\n|move|p1a: Weezing|Toxic Spikes|p2b: Kyogre\n|-sidestart|p2: yoshatori|move: Toxic Spikes\n|\n|upkeep\n|turn|2\n|inactive|JoeBro8 has 30 seconds left.\n|inactive|JoeBro8 has 20 seconds left.\n|inactive|JoeBro8 has 15 seconds left.\n|inactive|JoeBro8 has 10 seconds left.\n|\n|t:|1776113856\n|move|p2a: Flutter Mane|Shadow Ball|p1b: Zacian\n|-damage|p1b: Zacian|55/100\n|-unboost|p1b: Zacian|spd|1\n|move|p2b: Kyogre|Water Spout|p1b: Zacian|[spread] p1a,p1b\n|-damage|p1a: Weezing|2/100\n|-damage|p1b: Zacian|0 fnt\n|faint|p1b: Zacian\n|move|p1a: Weezing|Poison Gas|p2a: Flutter Mane|[spread] p2a,p2b\n|-status|p2a: Flutter Mane|psn\n|-status|p2b: Kyogre|psn\n|\n|-damage|p2a: Flutter Mane|0 fnt|[from] psn\n|faint|p2a: Flutter Mane\n|-end|p2a: Flutter Mane|Protosynthesis|[silent]\n|-damage|p2b: Kyogre|88/100 psn|[from] psn\n|upkeep\n|\n|t:|1776113868\n|switch|p2a: Amoonguss|Amoonguss, L50, F|100/100\n|switch|p1b: Dondozo|Dondozo, L50, M|100/100\n|-sideend|p2: yoshatori|move: Toxic Spikes|[of] p2a: Amoonguss\n|turn|3\n|\n|t:|1776113881\n|-terastallize|p1b: Dondozo|Grass\n|move|p1a: Weezing|Protect|p1a: Weezing\n|-singleturn|p1a: Weezing|Protect\n|move|p2b: Kyogre|Water Spout|p1b: Dondozo|[spread] p1b\n|-activate|p1a: Weezing|move: Protect\n|-resisted|p1b: Dondozo\n|-damage|p1b: Dondozo|65/100\n|move|p1b: Dondozo|Order Up|p2b: Kyogre\n|-damage|p2b: Kyogre|63/100 psn\n|move|p2a: Amoonguss|Spore|p1b: Dondozo\n|-immune|p1b: Dondozo\n|\n|-heal|p1b: Dondozo|71/100|[from] item: Leftovers\n|-damage|p2b: Kyogre|50/100 psn|[from] psn\n|upkeep\n|turn|4\n|inactive|JoeBro8 has 30 seconds left.\n|\n|t:|1776113907\n|move|p1b: Dondozo|Protect|p1b: Dondozo\n|-singleturn|p1b: Dondozo|Protect\n|move|p2b: Kyogre|Water Spout|p1a: Weezing|[spread] p1a\n|-activate|p1b: Dondozo|move: Protect\n|-damage|p1a: Weezing|0 fnt\n|faint|p1a: Weezing\n|-end|p1a: Weezing|ability: Neutralizing Gas\n|-weather|RainDance|[from] ability: Drizzle|[of] p2b: Kyogre\n|move|p2a: Amoonguss|Pollen Puff|p1b: Dondozo\n|-activate|p1b: Dondozo|move: Protect\n|\n|-weather|RainDance|[upkeep]\n|-heal|p1b: Dondozo|77/100|[from] item: Leftovers\n|-damage|p2b: Kyogre|38/100 psn|[from] psn\n|upkeep\n|\n|t:|1776113911\n|switch|p1a: Tatsugiri|Tatsugiri-Droopy, L50, F|100/100\n|-activate|p1a: Tatsugiri|ability: Commander|[of] p1b: Dondozo\n|-boost|p1b: Dondozo|atk|2\n|-boost|p1b: Dondozo|spa|2\n|-boost|p1b: Dondozo|spe|2\n|-boost|p1b: Dondozo|def|2\n|-boost|p1b: Dondozo|spd|2\n|turn|5\n|\n|t:|1776113928\n|switch|p2b: Calyrex|Calyrex-Ice, L50|100/100\n|-ability|p2b: Calyrex|As One\n|-ability|p2b: Calyrex|Unnerve\n|move|p1b: Dondozo|Order Up|p2b: Calyrex\n|-damage|p2b: Calyrex|74/100\n|-boost|p1b: Dondozo|def|1\n|move|p2a: Amoonguss|Pollen Puff|p1b: Dondozo\n|-supereffective|p1b: Dondozo\n|-damage|p1b: Dondozo|57/100\n|\n|-weather|RainDance|[upkeep]\n|-heal|p1b: Dondozo|63/100|[from] item: Leftovers\n|-heal|p2b: Calyrex|80/100|[from] item: Leftovers\n|upkeep\n|turn|6\n|inactive|JoeBro8 has 30 seconds left.\n|inactive|yoshatori has 30 seconds left.\n|inactive|JoeBro8 has 20 seconds left.\n|inactive|JoeBro8 has 15 seconds left.\n|inactive|JoeBro8 has 10 seconds left.\n|\n|t:|1776113978\n|-terastallize|p2b: Calyrex|Fairy\n|move|p1b: Dondozo|Wave Crash|p2b: Calyrex\n|-crit|p2b: Calyrex\n|-damage|p2b: Calyrex|0 fnt\n|faint|p2b: Calyrex\n|-damage|p1b: Dondozo|39/100|[from] Recoil\n|move|p2a: Amoonguss|Pollen Puff|p1b: Dondozo\n|-supereffective|p1b: Dondozo\n|-damage|p1b: Dondozo|20/100\n|\n|-weather|RainDance|[upkeep]\n|-heal|p1b: Dondozo|26/100|[from] item: Leftovers\n|upkeep\n|\n|t:|1776113987\n|switch|p2b: Kyogre|Kyogre, L50|38/100 psn\n|turn|7\n|\n|t:|1776114005\n|move|p1b: Dondozo|Order Up|p2b: Kyogre\n|-damage|p2b: Kyogre|0 fnt\n|faint|p2b: Kyogre\n|-boost|p1b: Dondozo|def|1\n|move|p2a: Amoonguss|Pollen Puff|p1b: Dondozo\n|-supereffective|p1b: Dondozo\n|-damage|p1b: Dondozo|5/100\n|\n|-weather|RainDance|[upkeep]\n|-heal|p1b: Dondozo|12/100|[from] item: Leftovers\n|upkeep\n|turn|8\n|\n|t:|1776114016\n|move|p1b: Dondozo|Protect|p1b: Dondozo\n|-singleturn|p1b: Dondozo|Protect\n|move|p2a: Amoonguss|Pollen Puff|p1b: Dondozo\n|-activate|p1b: Dondozo|move: Protect\n|\n|-weather|none\n|-heal|p1b: Dondozo|18/100|[from] item: Leftovers\n|upkeep\n|turn|9\n|\n|t:|1776114023\n|move|p1b: Dondozo|Order Up|p2a: Amoonguss\n|-damage|p2a: Amoonguss|60/100\n|-boost|p1b: Dondozo|def|1\n|move|p2a: Amoonguss|Pollen Puff|p1b: Dondozo\n|-supereffective|p1b: Dondozo\n|-damage|p1b: Dondozo|0 fnt\n|faint|p1b: Dondozo\n|\n|upkeep\n|turn|10\n|\n|t:|1776114032\n|move|p1a: Tatsugiri|Draco Meteor|p2a: Amoonguss\n|-damage|p2a: Amoonguss|6/100\n|-unboost|p1a: Tatsugiri|spa|2\n|move|p2a: Amoonguss|Spore|p1a: Tatsugiri\n|-status|p1a: Tatsugiri|slp|[from] move: Spore\n|\n|upkeep\n|turn|11\n|inactive|JoeBro8 has 30 seconds left.\n|inactive|JoeBro8 has 20 seconds left.\n|inactive|JoeBro8 has 15 seconds left.\n|inactive|JoeBro8 has 10 seconds left.\n|inactive|JoeBro8 has 5 seconds left.\n|\n|t:|1776114087\n|cant|p1a: Tatsugiri|slp\n|move|p2a: Amoonguss|Pollen Puff|p1a: Tatsugiri\n|-damage|p1a: Tatsugiri|77/100 slp\n|\n|upkeep\n|turn|12\n|j| Jdca\n|\n|t:|1776114097\n|cant|p1a: Tatsugiri|slp\n|move|p2a: Amoonguss|Pollen Puff|p1a: Tatsugiri\n|-damage|p1a: Tatsugiri|52/100 slp\n|\n|upkeep\n|turn|13\n|\n|t:|1776114103\n|-curestatus|p1a: Tatsugiri|slp|[msg]\n|move|p1a: Tatsugiri|Draco Meteor|p2a: Amoonguss\n|-damage|p2a: Amoonguss|0 fnt\n|-unboost|p1a: Tatsugiri|spa|2\n|faint|p2a: Amoonguss\n|\n|win|JoeBro8\n|raw|JoeBro8's rating: 1444 &rarr; <strong>1467</strong><br />(+23 for winning)\n|raw|yoshatori's rating: 1492 &rarr; <strong>1469</strong><br />(-23 for losing)\n|l|\u2606yoshatori\n|player|p2|\n|l|\u2606JoeBro8\n|player|p1|\n|l| Jdca\n","uploadtime":1776114283,"views":14,"formatid":"gen9vgc2026regi","rating":1467,"private":0,"password":null}