{"id":"gen9vgc2026regi-2521349175","format":"[Gen 9] VGC 2026 Reg I","players":["Tepig_nNz_498","Schimmli"],"log":"|j|\u2606Tepig_nNz_498\n|j|\u2606Schimmli\n|t:|1768763808\n|gametype|doubles\n|player|p1|Tepig_nNz_498|102|1398\n|player|p2|Schimmli|265|1518\n|gen|9\n|tier|[Gen 9] VGC 2026 Reg I\n|rated|\n|rule|Species Clause: Limit one of each Pok\u00e9mon\n|rule|Item Clause: Limit 1 of each item\n|clearpoke\n|poke|p1|Ludicolo, L50, M|\n|poke|p1|Kyogre, L50|\n|poke|p1|Amoonguss, L50, M|\n|poke|p1|Tornadus, L50, M|\n|poke|p1|Zacian-*, L50|\n|poke|p1|Urshifu-*, L50, M|\n|poke|p2|Terapagos, L50, M|\n|poke|p2|Calyrex-Shadow, L50|\n|poke|p2|Flutter Mane, L50|\n|poke|p2|Ogerpon-Cornerstone, L50, F|\n|poke|p2|Incineroar, L50, M|\n|poke|p2|Rillaboom, L50, F|\n|teampreview|4\n|\n|t:|1768763830\n|teamsize|p1|4\n|teamsize|p2|4\n|start\n|switch|p1a: Tornadus|Tornadus, L50, M|100/100\n|switch|p1b: Ludicolo|Ludicolo, L50, M|100/100\n|switch|p2a: Terapagos|Terapagos, L50, M|100/100\n|switch|p2b: Rillaboom|Rillaboom, L50, F|100/100\n|-activate|p2a: Terapagos|ability: Tera Shift\n|detailschange|p2a: Terapagos|Terapagos-Terastal, L50, M\n|-heal|p2a: Terapagos|100/100|[silent]\n|-fieldstart|move: Grassy Terrain|[from] ability: Grassy Surge|[of] p2b: Rillaboom\n|turn|1\n|\n|t:|1768763849\n|move|p1b: Ludicolo|Fake Out|p2b: Rillaboom\n|-damage|p2b: Rillaboom|94/100\n|cant|p2b: Rillaboom|flinch\n|move|p1a: Tornadus|Taunt|p2a: Terapagos\n|-start|p2a: Terapagos|move: Taunt\n|cant|p2a: Terapagos|move: Taunt|Calm Mind\n|\n|-heal|p2b: Rillaboom|99/100|[from] Grassy Terrain\n|upkeep\n|turn|2\n|\n|t:|1768763867\n|move|p1a: Tornadus|Bleakwind Storm|p2a: Terapagos|[spread] p2a,p2b\n|-activate|p2a: Terapagos|ability: Tera Shell\n|-resisted|p2a: Terapagos\n|-supereffective|p2b: Rillaboom\n|-damage|p2a: Terapagos|84/100\n|-damage|p2b: Rillaboom|57/100\n|move|p1b: Ludicolo|Energy Ball|p2a: Terapagos\n|-damage|p2a: Terapagos|43/100\n|move|p2a: Terapagos|Tera Starstorm|p1a: Tornadus\n|-damage|p1a: Tornadus|36/100\n|move|p2b: Rillaboom|U-turn|p1b: Ludicolo\n|-supereffective|p1b: Ludicolo\n|-damage|p1b: Ludicolo|34/100\n|\n|t:|1768763882\n|switch|p2b: Calyrex|Calyrex-Shadow, L50|100/100|[from] U-turn\n|-ability|p2b: Calyrex|As One\n|-ability|p2b: Calyrex|Unnerve\n|\n|-heal|p1b: Ludicolo|39/100|[from] Grassy Terrain\n|-heal|p2a: Terapagos|49/100|[from] Grassy Terrain\n|-heal|p2a: Terapagos|55/100|[from] item: Leftovers\n|upkeep\n|turn|3\n|\n|t:|1768763904\n|switch|p2a: Rillaboom|Rillaboom, L50, F|57/100\n|move|p1a: Tornadus|Tailwind|p1a: Tornadus\n|-sidestart|p1: Tepig_nNz_498|move: Tailwind\n|move|p1b: Ludicolo|Energy Ball|p2a: Rillaboom\n|-resisted|p2a: Rillaboom\n|-damage|p2a: Rillaboom|41/100\n|move|p2b: Calyrex|Astral Barrage|p1a: Tornadus|[spread] p1a,p1b\n|-damage|p1a: Tornadus|0 fnt\n|-damage|p1b: Ludicolo|1/100\n|faint|p1a: Tornadus\n|-ability|p2b: Calyrex|Grim Neigh|boost\n|-boost|p2b: Calyrex|spa|1\n|\n|-heal|p1b: Ludicolo|7/100|[from] Grassy Terrain\n|-heal|p2a: Rillaboom|46/100|[from] Grassy Terrain\n|upkeep\n|\n|t:|1768763911\n|switch|p1a: Zacian|Zacian-Crowned, L50, shiny|100/100\n|-ability|p1a: Zacian|Intrepid Sword|boost\n|-boost|p1a: Zacian|atk|1\n|turn|4\n|\n|t:|1768763935\n|move|p2a: Rillaboom|Grassy Glide|p1b: Ludicolo\n|-damage|p1b: Ludicolo|0 fnt\n|faint|p1b: Ludicolo\n|move|p1a: Zacian|Behemoth Blade|p2b: Calyrex\n|-enditem|p2b: Calyrex|Focus Sash\n|-damage|p2b: Calyrex|1/100\n|move|p2b: Calyrex|Astral Barrage|p1a: Zacian\n|-damage|p1a: Zacian|9/100\n|\n|-heal|p1a: Zacian|16/100|[from] Grassy Terrain\n|-heal|p2b: Calyrex|7/100|[from] Grassy Terrain\n|-heal|p2a: Rillaboom|52/100|[from] Grassy Terrain\n|upkeep\n|\n|t:|1768763948\n|switch|p1b: Kyogre|Kyogre, L50|100/100\n|-weather|RainDance|[from] ability: Drizzle|[of] p1b: Kyogre\n|turn|5\n|-message|Tepig_nNz_498 forfeited.\n|\n|win|Schimmli\n|raw|Tepig_nNz_498's rating: 1410 &rarr; <strong>1396</strong><br />(-14 for losing)\n|raw|Schimmli's rating: 1518 &rarr; <strong>1532</strong><br />(+14 for winning)\n|l|\u2606Tepig_nNz_498\n|player|p1|\n|l|\u2606Schimmli\n|player|p2|\n","uploadtime":1768764140,"views":16,"formatid":"gen9vgc2026regi","rating":1396,"private":0,"password":null}