{"id":"gen9vgc2026regi-2575568164","format":"[Gen 9] VGC 2026 Reg I","players":["blackred123","asouleoe"],"log":"|j|\u2606blackred123\n|j|\u2606asouleoe\n|t:|1775368233\n|gametype|doubles\n|player|p1|blackred123|iono-masters|1467\n|player|p2|asouleoe|blue|1599\n|gen|9\n|tier|[Gen 9] VGC 2026 Reg I\n|rated|\n|rule|Species Clause: Limit one of each Pok\u00e9mon\n|rule|Item Clause: Limit 1 of each item\n|clearpoke\n|poke|p1|Kyogre, L50|\n|poke|p1|Zamazenta-*, L50|\n|poke|p1|Chien-Pao, L50|\n|poke|p1|Amoonguss, L50, M|\n|poke|p1|Dragonite, L50, M|\n|poke|p1|Rillaboom, L50, F|\n|poke|p2|Hitmontop, L50, M|\n|poke|p2|Terapagos, L50, M|\n|poke|p2|Calyrex-Shadow, L50|\n|poke|p2|Ogerpon-Cornerstone, L50, F|\n|poke|p2|Whimsicott, L50, M|\n|poke|p2|Indeedee-F, L50, F|\n|teampreview|4\n|inactive|Battle timer is ON: inactive players will automatically lose when time's up. (requested by blackred123)\n|inactive|asouleoe also wants the timer to be on.\n|\n|t:|1775368245\n|teamsize|p1|4\n|teamsize|p2|4\n|start\n|switch|p1a: Zamazenta|Zamazenta-Crowned, L50|100/100\n|switch|p1b: Chien-Pao|Chien-Pao, L50|100/100\n|switch|p2a: Hitmontop|Hitmontop, L50, M|100/100\n|switch|p2b: Terapagos|Terapagos, L50, M|100/100\n|-activate|p2b: Terapagos|ability: Tera Shift\n|detailschange|p2b: Terapagos|Terapagos-Terastal, L50, M\n|-heal|p2b: Terapagos|100/100|[silent]\n|-ability|p1b: Chien-Pao|Sword of Ruin\n|-ability|p1a: Zamazenta|Dauntless Shield|boost\n|-boost|p1a: Zamazenta|def|1\n|-ability|p2a: Hitmontop|Intimidate|boost\n|-unboost|p1a: Zamazenta|atk|1\n|-unboost|p1b: Chien-Pao|atk|1\n|turn|1\n|\n|t:|1775368270\n|move|p2a: Hitmontop|Fake Out|p1b: Chien-Pao\n|-damage|p1b: Chien-Pao|89/100\n|cant|p1b: Chien-Pao|flinch\n|move|p1a: Zamazenta|Heavy Slam|p2a: Hitmontop\n|-damage|p2a: Hitmontop|53/100\n|-enditem|p2a: Hitmontop|Eject Button\n|\n|t:|1775368279\n|switch|p2a: Calyrex|Calyrex-Shadow, L50|100/100\n|-ability|p2a: Calyrex|As One\n|-ability|p2a: Calyrex|Unnerve\n|move|p2b: Terapagos|Rock Polish|p2b: Terapagos\n|-boost|p2b: Terapagos|spe|2\n|\n|upkeep\n|turn|2\n|\n|t:|1775368303\n|move|p2b: Terapagos|Tera Starstorm|p1b: Chien-Pao\n|-damage|p1b: Chien-Pao|0 fnt\n|faint|p1b: Chien-Pao\n|move|p2a: Calyrex|Encore|p1a: Zamazenta\n|-start|p1a: Zamazenta|Encore\n|move|p1a: Zamazenta|Heavy Slam|p2b: Terapagos\n|-activate|p2b: Terapagos|ability: Tera Shell\n|-resisted|p2b: Terapagos\n|-damage|p2b: Terapagos|86/100\n|\n|upkeep\n|\n|t:|1775368312\n|switch|p1b: Kyogre|Kyogre, L50|100/100\n|-weather|RainDance|[from] ability: Drizzle|[of] p1b: Kyogre\n|turn|3\n|\n|t:|1775368319\n|-terastallize|p2b: Terapagos|Stellar\n|detailschange|p2b: Terapagos|Terapagos-Stellar, L50, M, tera:Stellar\n|-heal|p2b: Terapagos|90/100|[silent]\n|-ability|p2b: Terapagos|Teraform Zero\n|-weather|none\n|move|p2b: Terapagos|Tera Starstorm|p1a: Zamazenta|[spread] p1a,p1b\n|-damage|p1a: Zamazenta|73/100\n|-damage|p1b: Kyogre|67/100\n|move|p1b: Kyogre|Water Spout|p2b: Terapagos|[spread] p2a,p2b\n|-damage|p2a: Calyrex|54/100\n|-damage|p2b: Terapagos|63/100\n|move|p2a: Calyrex|Astral Barrage|p1a: Zamazenta|[spread] p1a,p1b\n|-damage|p1a: Zamazenta|29/100\n|-damage|p1b: Kyogre|29/100\n|move|p1a: Zamazenta|Heavy Slam|p2a: Calyrex\n|-damage|p2a: Calyrex|18/100\n|\n|upkeep\n|turn|4\n|\n|t:|1775368342\n|switch|p1b: Dragonite|Dragonite, L50, M|100/100\n|switch|p2a: Hitmontop|Hitmontop, L50, M|53/100\n|-ability|p2a: Hitmontop|Intimidate|boost\n|-unboost|p1a: Zamazenta|atk|1\n|-fail|p1b: Dragonite|unboost|Attack|[from] ability: Inner Focus|[of] p1b: Dragonite\n|move|p2b: Terapagos|Tera Starstorm|p1b: Dragonite|[spread] p1a,p1b\n|-damage|p1a: Zamazenta|0 fnt\n|-damage|p1b: Dragonite|58/100\n|faint|p1a: Zamazenta\n|\n|upkeep\n|\n|t:|1775368345\n|switch|p1a: Kyogre|Kyogre, L50|29/100\n|-weather|RainDance|[from] ability: Drizzle|[of] p1a: Kyogre\n|turn|5\n|\n|t:|1775368363\n|switch|p2a: Indeedee|Indeedee-F, L50, F|100/100\n|-fieldstart|move: Psychic Terrain|[from] ability: Psychic Surge|[of] p2a: Indeedee\n|-terastallize|p1b: Dragonite|Normal\n|move|p1b: Dragonite|Extreme Speed|p2b: Terapagos\n|-activate|p2b: Terapagos|move: Psychic Terrain\n|move|p2b: Terapagos|Tera Starstorm|p1b: Dragonite|[spread] p1a,p1b\n|-supereffective|p1b: Dragonite\n|-damage|p1a: Kyogre|0 fnt\n|-damage|p1b: Dragonite|0 fnt\n|faint|p1a: Kyogre\n|faint|p1b: Dragonite\n|\n|win|asouleoe\n|raw|blackred123's rating: 1467 &rarr; <strong>1454</strong><br />(-13 for losing)\n|raw|asouleoe's rating: 1599 &rarr; <strong>1612</strong><br />(+13 for winning)\n|l|\u2606blackred123\n|player|p1|\n","uploadtime":1775368380,"views":13,"formatid":"gen9vgc2026regi","rating":1454,"private":0,"password":null}