{"id":"gen9vgc2026regi-2515825285","format":"[Gen 9] VGC 2026 Reg I","players":["mosca9876","kojimuranishi"],"log":"|j|\u2606mosca9876\n|j|\u2606kojimuranishi\n|t:|1768046928\n|gametype|doubles\n|player|p1|mosca9876|101|1323\n|player|p2|kojimuranishi|266|1427\n|gen|9\n|tier|[Gen 9] VGC 2026 Reg I\n|rated|\n|rule|Species Clause: Limit one of each Pok\u00e9mon\n|rule|Item Clause: Limit 1 of each item\n|clearpoke\n|poke|p1|Calyrex-Shadow, L50|\n|poke|p1|Zamazenta-*, L50|\n|poke|p1|Incineroar, L50, F|\n|poke|p1|Rillaboom, L50, M|\n|poke|p1|Urshifu-*, L50, F|\n|poke|p1|Ogerpon-Hearthflame, L50, F|\n|poke|p2|Raging Bolt, L50|\n|poke|p2|Calyrex-Ice, L50|\n|poke|p2|Kyogre, L50|\n|poke|p2|Indeedee-F, L50, F|\n|poke|p2|Landorus, L50, M|\n|poke|p2|Urshifu-*, L50, M|\n|teampreview|4\n|inactive|Battle timer is ON: inactive players will automatically lose when time's up. (requested by kojimuranishi)\n|inactive|kojimuranishi has 60 seconds left.\n|\n|t:|1768046970\n|teamsize|p1|4\n|teamsize|p2|4\n|start\n|switch|p1a: Rillaboom|Rillaboom, L50, M|100/100\n|switch|p1b: Calyrex|Calyrex-Shadow, L50|100/100\n|switch|p2a: Calyrex|Calyrex-Ice, L50|100/100\n|switch|p2b: Kyogre|Kyogre, L50|100/100\n|-ability|p1b: Calyrex|As One\n|-ability|p1b: Calyrex|Unnerve\n|-ability|p2a: Calyrex|As One\n|-ability|p2a: Calyrex|Unnerve\n|-weather|RainDance|[from] ability: Drizzle|[of] p2b: Kyogre\n|-fieldstart|move: Grassy Terrain|[from] ability: Grassy Surge|[of] p1a: Rillaboom\n|turn|1\n|inactive|kojimuranishi has 30 seconds left.\n|inactive|kojimuranishi has 20 seconds left.\n|inactive|kojimuranishi has 15 seconds left.\n|inactive|kojimuranishi has 10 seconds left.\n|\n|t:|1768047020\n|switch|p2b: Indeedee|Indeedee-F, L50, F|100/100\n|-fieldstart|move: Psychic Terrain|[from] ability: Psychic Surge|[of] p2b: Indeedee\n|-terastallize|p1a: Rillaboom|Water\n|-terastallize|p2a: Calyrex|Fairy\n|move|p1a: Rillaboom|Fake Out|p2b: Indeedee\n|-activate|p2b: Indeedee|move: Psychic Terrain\n|move|p1b: Calyrex|Astral Barrage|p2a: Calyrex|[spread] p2a\n|-immune|p2b: Indeedee\n|-damage|p2a: Calyrex|67/100\n|move|p2a: Calyrex|Trick Room|p2a: Calyrex\n|-fieldstart|move: Trick Room|[of] p2a: Calyrex\n|\n|-weather|RainDance|[upkeep]\n|-heal|p2a: Calyrex|73/100|[from] item: Leftovers\n|upkeep\n|turn|2\n|\n|t:|1768047042\n|switch|p1b: Incineroar|Incineroar, L50, F|100/100\n|-ability|p1b: Incineroar|Intimidate|boost\n|-unboost|p2a: Calyrex|atk|1\n|-unboost|p2b: Indeedee|atk|1\n|move|p2a: Calyrex|Glacial Lance|p1b: Incineroar|[spread] p1a,p1b\n|-resisted|p1a: Rillaboom\n|-resisted|p1b: Incineroar\n|-damage|p1a: Rillaboom|86/100\n|-damage|p1b: Incineroar|89/100\n|move|p2b: Indeedee|Psychic|p1a: Rillaboom\n|-damage|p1a: Rillaboom|61/100\n|move|p1a: Rillaboom|U-turn|p2b: Indeedee\n|-supereffective|p2b: Indeedee\n|-damage|p2b: Indeedee|54/100\n|-damage|p1a: Rillaboom|45/100|[from] item: Rocky Helmet|[of] p2b: Indeedee\n|\n|t:|1768047055\n|switch|p1a: Zamazenta|Zamazenta-Crowned, L50|100/100|[from] U-turn\n|-ability|p1a: Zamazenta|Dauntless Shield|boost\n|-boost|p1a: Zamazenta|def|1\n|\n|-weather|RainDance|[upkeep]\n|-heal|p2a: Calyrex|79/100|[from] item: Leftovers\n|upkeep\n|turn|3\n|\n|t:|1768047069\n|switch|p2b: Raging Bolt|Raging Bolt, L50|100/100\n|-enditem|p2b: Raging Bolt|Booster Energy\n|-activate|p2b: Raging Bolt|ability: Protosynthesis|[fromitem]\n|-start|p2b: Raging Bolt|protosynthesisspa\n|move|p2a: Calyrex|Leech Seed|p1a: Zamazenta\n|-start|p1a: Zamazenta|move: Leech Seed\n|move|p1b: Incineroar|Knock Off|p2b: Raging Bolt\n|-damage|p2b: Raging Bolt|81/100\n|move|p1a: Zamazenta|Behemoth Bash|p2a: Calyrex\n|-supereffective|p2a: Calyrex\n|-damage|p2a: Calyrex|31/100\n|\n|-weather|RainDance|[upkeep]\n|-heal|p2a: Calyrex|37/100|[from] item: Leftovers\n|-damage|p1a: Zamazenta|88/100|[from] Leech Seed|[of] p2a: Calyrex\n|-heal|p2a: Calyrex|48/100|[silent]\n|upkeep\n|turn|4\n|\n|t:|1768047094\n|switch|p1a: Rillaboom|Rillaboom, L50, M, tera:Water|45/100\n|-fieldstart|move: Grassy Terrain|[from] ability: Grassy Surge|[of] p1a: Rillaboom\n|move|p2a: Calyrex|Protect|p2a: Calyrex\n|-singleturn|p2a: Calyrex|Protect\n|move|p1b: Incineroar|Parting Shot|p2b: Raging Bolt\n|-unboost|p2b: Raging Bolt|atk|1\n|-unboost|p2b: Raging Bolt|spa|1\n|\n|t:|1768047103\n|switch|p1b: Zamazenta|Zamazenta-Crowned, L50|88/100|[from] Parting Shot\n|move|p2b: Raging Bolt|Thunderbolt|p1a: Rillaboom\n|-supereffective|p1a: Rillaboom\n|-damage|p1a: Rillaboom|0 fnt\n|faint|p1a: Rillaboom\n|\n|-weather|RainDance|[upkeep]\n|-heal|p2a: Calyrex|54/100|[from] Grassy Terrain\n|-heal|p2a: Calyrex|60/100|[from] item: Leftovers\n|-heal|p2b: Raging Bolt|87/100|[from] Grassy Terrain\n|-heal|p1b: Zamazenta|94/100|[from] Grassy Terrain\n|upkeep\n|\n|t:|1768047108\n|switch|p1a: Incineroar|Incineroar, L50, F|89/100\n|-ability|p1a: Incineroar|Intimidate|boost\n|-unboost|p2a: Calyrex|atk|1\n|-unboost|p2b: Raging Bolt|atk|1\n|turn|5\n|inactive|kojimuranishi has 30 seconds left.\n|inactive|kojimuranishi has 20 seconds left.\n|inactive|kojimuranishi has 15 seconds left.\n|inactive|kojimuranishi has 10 seconds left.\n|inactive|kojimuranishi has 5 seconds left.\n|\n|t:|1768047158\n|switch|p2a: Kyogre|Kyogre, L50|100/100\n|move|p1a: Incineroar|Fake Out|p2b: Raging Bolt\n|-damage|p2b: Raging Bolt|79/100\n|cant|p2b: Raging Bolt|flinch\n|move|p1b: Zamazenta|Body Press|p2b: Raging Bolt\n|-damage|p2b: Raging Bolt|39/100\n|\n|-weather|none\n|-heal|p1a: Incineroar|95/100|[from] Grassy Terrain\n|-heal|p2b: Raging Bolt|45/100|[from] Grassy Terrain\n|-heal|p1b: Zamazenta|99/100|[from] Grassy Terrain\n|-fieldend|move: Trick Room\n|upkeep\n|turn|6\n|inactive|kojimuranishi has 30 seconds left.\n|\n|t:|1768047183\n|move|p1b: Zamazenta|Wide Guard|p1b: Zamazenta\n|-singleturn|p1b: Zamazenta|Wide Guard\n|move|p2a: Kyogre|Origin Pulse|p1a: Incineroar|[spread] \n|-activate|p1a: Incineroar|move: Wide Guard\n|-activate|p1b: Zamazenta|move: Wide Guard\n|move|p2b: Raging Bolt|Thunderbolt|p1a: Incineroar\n|-damage|p1a: Incineroar|50/100\n|move|p1a: Incineroar|Knock Off|p2a: Kyogre\n|-damage|p2a: Kyogre|56/100\n|-enditem|p2a: Kyogre|Choice Scarf|[from] move: Knock Off|[of] p1a: Incineroar\n|\n|-heal|p1b: Zamazenta|100/100|[from] Grassy Terrain\n|-heal|p2a: Kyogre|62/100|[from] Grassy Terrain\n|-heal|p2b: Raging Bolt|52/100|[from] Grassy Terrain\n|-heal|p1a: Incineroar|56/100|[from] Grassy Terrain\n|upkeep\n|turn|7\n|\n|t:|1768047208\n|move|p1a: Incineroar|Helping Hand|p1b: Zamazenta\n|-singleturn|p1b: Zamazenta|Helping Hand|[of] p1a: Incineroar\n|move|p1b: Zamazenta|Body Press|p2a: Kyogre\n|-damage|p2a: Kyogre|0 fnt\n|faint|p2a: Kyogre\n|move|p2b: Raging Bolt|Thunderbolt|p1b: Zamazenta\n|-damage|p1b: Zamazenta|63/100\n|\n|-heal|p1b: Zamazenta|69/100|[from] Grassy Terrain\n|-heal|p2b: Raging Bolt|58/100|[from] Grassy Terrain\n|-heal|p1a: Incineroar|62/100|[from] Grassy Terrain\n|upkeep\n|\n|t:|1768047219\n|switch|p2a: Calyrex|Calyrex-Ice, L50, tera:Fairy|60/100\n|-ability|p2a: Calyrex|As One\n|-ability|p2a: Calyrex|Unnerve\n|turn|8\n|\n|t:|1768047233\n|move|p1a: Incineroar|Helping Hand|p1b: Zamazenta\n|-singleturn|p1b: Zamazenta|Helping Hand|[of] p1a: Incineroar\n|move|p2a: Calyrex|Protect|p2a: Calyrex\n|-singleturn|p2a: Calyrex|Protect\n|move|p1b: Zamazenta|Body Press|p2b: Raging Bolt\n|-damage|p2b: Raging Bolt|0 fnt\n|faint|p2b: Raging Bolt\n|-end|p2b: Raging Bolt|Protosynthesis|[silent]\n|\n|-heal|p1b: Zamazenta|74/100|[from] Grassy Terrain\n|-heal|p1a: Incineroar|68/100|[from] Grassy Terrain\n|-heal|p2a: Calyrex|66/100|[from] Grassy Terrain\n|-heal|p2a: Calyrex|72/100|[from] item: Leftovers\n|-fieldend|move: Grassy Terrain\n|upkeep\n|\n|t:|1768047247\n|switch|p2b: Indeedee|Indeedee-F, L50, F|54/100\n|-fieldstart|move: Psychic Terrain|[from] ability: Psychic Surge|[of] p2b: Indeedee\n|turn|9\n|\n|t:|1768047259\n|move|p1b: Zamazenta|Behemoth Bash|p2a: Calyrex\n|-supereffective|p2a: Calyrex\n|-damage|p2a: Calyrex|27/100\n|move|p2b: Indeedee|Heal Pulse|p2a: Calyrex\n|-heal|p2a: Calyrex|77/100\n|move|p1a: Incineroar|Knock Off|p2b: Indeedee\n|-supereffective|p2b: Indeedee\n|-damage|p2b: Indeedee|0 fnt\n|-damage|p1a: Incineroar|51/100|[from] item: Rocky Helmet|[of] p2b: Indeedee\n|-enditem|p2b: Indeedee|Rocky Helmet|[from] move: Knock Off|[of] p1a: Incineroar\n|faint|p2b: Indeedee\n|move|p2a: Calyrex|Leech Seed|p1a: Incineroar\n|-start|p1a: Incineroar|move: Leech Seed\n|\n|-heal|p2a: Calyrex|83/100|[from] item: Leftovers\n|-damage|p1a: Incineroar|39/100|[from] Leech Seed|[of] p2a: Calyrex\n|-heal|p2a: Calyrex|95/100|[silent]\n|upkeep\n|turn|10\n|inactive|kojimuranishi has 30 seconds left.\n|\n|t:|1768047284\n|switch|p1a: Calyrex|Calyrex-Shadow, L50|100/100\n|-ability|p1a: Calyrex|As One\n|-ability|p1a: Calyrex|Unnerve\n|move|p1b: Zamazenta|Behemoth Bash|p2a: Calyrex\n|-supereffective|p2a: Calyrex\n|-damage|p2a: Calyrex|49/100\n|move|p2a: Calyrex|Leech Seed|p1b: Zamazenta\n|-start|p1b: Zamazenta|move: Leech Seed\n|\n|-heal|p2a: Calyrex|55/100|[from] item: Leftovers\n|-damage|p1b: Zamazenta|62/100|[from] Leech Seed|[of] p2a: Calyrex\n|-heal|p2a: Calyrex|66/100|[silent]\n|upkeep\n|turn|11\n|\n|t:|1768047301\n|switch|p1b: Incineroar|Incineroar, L50, F|39/100\n|-ability|p1b: Incineroar|Intimidate|boost\n|-unboost|p2a: Calyrex|atk|1\n|move|p2a: Calyrex|Protect|p2a: Calyrex\n|-singleturn|p2a: Calyrex|Protect\n|move|p1a: Calyrex|Nasty Plot|p1a: Calyrex\n|-boost|p1a: Calyrex|spa|2\n|\n|-heal|p2a: Calyrex|72/100|[from] item: Leftovers\n|upkeep\n|turn|12\n|-message|kojimuranishi forfeited.\n|\n|win|mosca9876\n|raw|mosca9876's rating: 1323 &rarr; <strong>1349</strong><br />(+26 for winning)\n|raw|kojimuranishi's rating: 1427 &rarr; <strong>1401</strong><br />(-26 for losing)\n|l|\u2606kojimuranishi\n|player|p2|\n|l|\u2606mosca9876\n|player|p1|\n","uploadtime":1768047532,"views":18,"formatid":"gen9vgc2026regi","rating":1349,"private":0,"password":null}