{"id":"gen9vgc2026regi-2578069080","format":"[Gen 9] VGC 2026 Reg I","players":["Avocanoodle","TheManOfSausage"],"log":"|j|\u2606Avocanoodle\n|j|\u2606TheManOfSausage\n|t:|1775643900\n|gametype|doubles\n|player|p1|Avocanoodle|sonia-professor|1527\n|player|p2|TheManOfSausage|miku-water|1643\n|gen|9\n|tier|[Gen 9] VGC 2026 Reg I\n|rated|\n|rule|Species Clause: Limit one of each Pok\u00e9mon\n|rule|Item Clause: Limit 1 of each item\n|clearpoke\n|poke|p1|Kyogre, L50|\n|poke|p1|Lunala, L50|\n|poke|p1|Overqwil, L50, M|\n|poke|p1|Ursaluna, L50, F|\n|poke|p1|Slither Wing, L50|\n|poke|p1|Ogerpon, L50, F|\n|poke|p2|Ho-Oh, L50|\n|poke|p2|Miraidon, L50|\n|poke|p2|Farigiraf, L50, F|\n|poke|p2|Urshifu-*, L50, M|\n|poke|p2|Iron Treads, L50|\n|poke|p2|Iron Hands, L50|\n|teampreview|4\n|inactive|Battle timer is ON: inactive players will automatically lose when time's up. (requested by Avocanoodle)\nTheManOfSausage has agreed to open team sheets.\n|inactive|Avocanoodle has 60 seconds left.\n|\n|t:|1775643942\n|teamsize|p1|4\n|teamsize|p2|4\n|start\n|switch|p1a: SpireHeart|Lunala, L50|100/100\n|switch|p1b: Ogerpon|Ogerpon, L50, F|100/100\n|switch|p2a: Magical Mirai|Miraidon, L50|100/100\n|switch|p2b: Urshifu|Urshifu-Rapid-Strike, L50, M|100/100\n|-fieldstart|move: Electric Terrain|[from] ability: Hadron Engine|[of] p2a: Magical Mirai\n|turn|1\n|\n|t:|1775643956\n|move|p1b: Ogerpon|Follow Me|p1b: Ogerpon\n|-singleturn|p1b: Ogerpon|move: Follow Me\n|move|p2a: Magical Mirai|Volt Switch|p1b: Ogerpon\n|-resisted|p1b: Ogerpon\n|-damage|p1b: Ogerpon|45/100\n|\n|t:|1775643966\n|switch|p2a: Ho-Oh|Ho-Oh, L50|100/100|[from] Volt Switch\n|move|p2b: Urshifu|Surging Strikes|p1b: Ogerpon\n|-resisted|p1b: Ogerpon\n|-crit|p1b: Ogerpon\n|-damage|p1b: Ogerpon|31/100\n|-damage|p2b: Urshifu|84/100|[from] item: Rocky Helmet|[of] p1b: Ogerpon\n|-resisted|p1b: Ogerpon\n|-crit|p1b: Ogerpon\n|-damage|p1b: Ogerpon|18/100\n|-damage|p2b: Urshifu|68/100|[from] item: Rocky Helmet|[of] p1b: Ogerpon\n|-resisted|p1b: Ogerpon\n|-crit|p1b: Ogerpon\n|-damage|p1b: Ogerpon|5/100\n|-damage|p2b: Urshifu|51/100|[from] item: Rocky Helmet|[of] p1b: Ogerpon\n|-hitcount|p1b: Ogerpon|3\n|move|p1a: SpireHeart|Trick Room|p1a: SpireHeart\n|-fieldstart|move: Trick Room|[of] p1a: SpireHeart\n|\n|upkeep\n|turn|2\n|\n|t:|1775643988\n|switch|p1b: Proll|Ursaluna, L50, F|100/100\n|move|p2b: Urshifu|Aqua Jet|p1a: SpireHeart\n|-damage|p1a: SpireHeart|93/100\n|move|p2a: Ho-Oh|Brave Bird|p1a: SpireHeart\n|-damage|p1a: SpireHeart|42/100\n|-damage|p2a: Ho-Oh|82/100|[from] Recoil\n|move|p1a: SpireHeart|Moongeist Beam|p2b: Urshifu\n|-damage|p2b: Urshifu|0 fnt\n|faint|p2b: Urshifu\n|\n|-status|p1b: Proll|brn|[from] item: Flame Orb\n|upkeep\n|\n|t:|1775643996\n|switch|p2b: Brian|Iron Hands, L50, shiny|100/100\n|-activate|p2b: Brian|ability: Quark Drive\n|-start|p2b: Brian|quarkdriveatk\n|turn|3\n|\n|t:|1775644015\n|-terastallize|p2b: Brian|Water\n|move|p2b: Brian|Wild Charge|p1a: SpireHeart\n|-damage|p1a: SpireHeart|0 fnt\n|faint|p1a: SpireHeart\n|-damage|p2b: Brian|91/100|[from] Recoil\n|move|p1b: Proll|Headlong Rush|p2b: Brian\n|-damage|p2b: Brian|21/100\n|-unboost|p1b: Proll|def|1\n|-unboost|p1b: Proll|spd|1\n|move|p2a: Ho-Oh|Brave Bird|p1b: Proll\n|-damage|p1b: Proll|22/100 brn\n|-damage|p2a: Ho-Oh|53/100|[from] Recoil\n|\n|-damage|p1b: Proll|16/100 brn|[from] brn\n|upkeep\n|inactive|Avocanoodle has 30 seconds left.\n|inactive|Avocanoodle has 20 seconds left.\n|inactive|Avocanoodle has 15 seconds left.\n|\n|t:|1775644056\n|switch|p1a: Ogerpon|Ogerpon, L50, F|5/100\n|turn|4\n|\n|t:|1775644065\n|move|p1a: Ogerpon|Follow Me|p1a: Ogerpon\n|-singleturn|p1a: Ogerpon|move: Follow Me\n|move|p2b: Brian|Drain Punch|p1a: Ogerpon\n|-crit|p1a: Ogerpon\n|-damage|p1a: Ogerpon|0 fnt\n|-heal|p2b: Brian|23/100|[from] drain|[of] p1a: Ogerpon\n|-damage|p2b: Brian|6/100|[from] item: Rocky Helmet|[of] p1a: Ogerpon\n|faint|p1a: Ogerpon\n|move|p1b: Proll|Facade|p2a: Ho-Oh\n|-damage|p2a: Ho-Oh|0 fnt\n|faint|p2a: Ho-Oh\n|\n|-damage|p1b: Proll|10/100 brn|[from] brn\n|upkeep\n|\n|t:|1775644077\n|switch|p2a: Magical Mirai|Miraidon, L50|100/100\n|switch|p1a: Architect|Kyogre, L50|100/100\n|-weather|RainDance|[from] ability: Drizzle|[of] p1a: Architect\n|-activate|p2a: Magical Mirai|ability: Hadron Engine\n|turn|5\n|\n|t:|1775644088\n|-terastallize|p1a: Architect|Electric\n|move|p2b: Brian|Wild Charge|p1b: Proll\n|-immune|p1b: Proll\n|move|p1b: Proll|Facade|p2b: Brian\n|-damage|p2b: Brian|0 fnt\n|faint|p2b: Brian\n|-end|p2b: Brian|Quark Drive|[silent]\n|move|p1a: Architect|Water Spout|p2a: Magical Mirai\n|-resisted|p2a: Magical Mirai\n|-damage|p2a: Magical Mirai|35/100\n|move|p2a: Magical Mirai|Electro Drift|p1a: Architect\n|-resisted|p1a: Architect\n|-crit|p1a: Architect\n|-damage|p1a: Architect|18/100\n|\n|-weather|RainDance|[upkeep]\n|-damage|p1b: Proll|4/100 brn|[from] brn\n|-fieldend|move: Trick Room\n|-fieldend|move: Electric Terrain\n|upkeep\n|turn|6\n|c|\u2606TheManOfSausage|ggwp\n|-message|TheManOfSausage forfeited.\n|\n|win|Avocanoodle\n|raw|Avocanoodle's rating: 1527 &rarr; <strong>1553</strong><br />(+26 for winning)\n|raw|TheManOfSausage's rating: 1643 &rarr; <strong>1617</strong><br />(-26 for losing)\n|l|\u2606TheManOfSausage\n|player|p2|\n|c|\u2606Avocanoodle|ty\n|c|\u2606Avocanoodle|you won 3 speed ties\n|l|\u2606Avocanoodle\n|player|p1|\n","uploadtime":1775644280,"views":13,"formatid":"gen9vgc2026regi","rating":1553,"private":0,"password":null}