{"id":"gen9vgc2026regi-2567707853","format":"[Gen 9] VGC 2026 Reg I","players":["JERRY RIVERA","ScribbleScribble"],"log":"|j|\u2606JERRY RIVERA\n|j|\u2606ScribbleScribble\n|t:|1774507630\n|gametype|doubles\n|player|p1|JERRY RIVERA|silver|1480\n|player|p2|ScribbleScribble|mina-lgpe|1657\n|gen|9\n|tier|[Gen 9] VGC 2026 Reg I\n|rated|\n|rule|Species Clause: Limit one of each Pok\u00e9mon\n|rule|Item Clause: Limit 1 of each item\n|clearpoke\n|poke|p1|Kyogre, L50|\n|poke|p1|Calyrex-Shadow, L50|\n|poke|p1|Weezing-Galar, L50, M|\n|poke|p1|Dondozo, L50, F|\n|poke|p1|Tatsugiri-Droopy, L50, F|\n|poke|p1|Tornadus, L50, M|\n|poke|p2|Calyrex-Ice, L50|\n|poke|p2|Kyogre, L50|\n|poke|p2|Tornadus, L50, M|\n|poke|p2|Indeedee-F, L50, F|\n|poke|p2|Urshifu-*, L50, M|\n|poke|p2|Landorus, L50, M|\n|teampreview|4\n|inactive|Battle timer is ON: inactive players will automatically lose when time's up. (requested by ScribbleScribble)\n|inactive|ScribbleScribble has 60 seconds left.\n|\n|t:|1774507686\n|teamsize|p1|4\n|teamsize|p2|4\n|start\n|switch|p1a: Weezing|Weezing-Galar, L50, M|100/100\n|switch|p1b: Kyogre|Kyogre, L50|100/100\n|switch|p2a: Tornadus|Tornadus, L50, M|100/100\n|switch|p2b: Kyogre|Kyogre, L50|100/100\n|-ability|p1a: Weezing|Neutralizing Gas\n|turn|1\n|inactive|JERRY RIVERA has 30 seconds left.\n|inactive|JERRY RIVERA has 20 seconds left.\n|inactive|JERRY RIVERA has 15 seconds left.\n|inactive|JERRY RIVERA has 10 seconds left.\n|inactive|JERRY RIVERA has 5 seconds left.\n|\n|t:|1774507737\n|move|p2b: Kyogre|Protect|p2b: Kyogre\n|-singleturn|p2b: Kyogre|Protect\n|move|p1b: Kyogre|Thunder|p2b: Kyogre\n|-activate|p2b: Kyogre|move: Protect\n|move|p2a: Tornadus|Tailwind|p2a: Tornadus\n|-sidestart|p2: ScribbleScribble|move: Tailwind\n|move|p1a: Weezing|Poison Gas|p2a: Tornadus|[spread] p2a\n|-activate|p2b: Kyogre|move: Protect\n|-status|p2a: Tornadus|psn\n|\n|-damage|p2a: Tornadus|88/100 psn|[from] psn\n|upkeep\n|turn|2\n|inactive|JERRY RIVERA has 30 seconds left.\n|inactive|ScribbleScribble has 30 seconds left.\n|\n|t:|1774507763\n|-terastallize|p2b: Kyogre|Grass\n|move|p2a: Tornadus|Bleakwind Storm|p1b: Kyogre|[spread] p1a,p1b\n|-damage|p1a: Weezing|62/100\n|-damage|p1b: Kyogre|72/100\n|-unboost|p1a: Weezing|spe|1\n|move|p2b: Kyogre|Thunder|p1b: Kyogre\n|-supereffective|p1b: Kyogre\n|-damage|p1b: Kyogre|1/100\n|-status|p1b: Kyogre|par\n|move|p1b: Kyogre|Thunder|p2b: Kyogre\n|-resisted|p2b: Kyogre\n|-damage|p2b: Kyogre|84/100\n|move|p1a: Weezing|Toxic Spikes|p2a: Tornadus\n|-sidestart|p2: ScribbleScribble|move: Toxic Spikes\n|\n|-damage|p2a: Tornadus|76/100 psn|[from] psn\n|upkeep\n|turn|3\n|\n|t:|1774507781\n|move|p1a: Weezing|Protect|p1a: Weezing\n|-singleturn|p1a: Weezing|Protect\n|move|p2a: Tornadus|Bleakwind Storm|p1a: Weezing|[spread] p1b\n|-activate|p1a: Weezing|move: Protect\n|-damage|p1b: Kyogre|0 fnt\n|faint|p1b: Kyogre\n|move|p2b: Kyogre|Water Spout|p1a: Weezing\n|-activate|p1a: Weezing|move: Protect\n|\n|-damage|p2a: Tornadus|64/100 psn|[from] psn\n|upkeep\n|\n|t:|1774507790\n|switch|p1b: Chorizo|Dondozo, L50, F|100/100\n|turn|4\n|\n|t:|1774507801\n|switch|p2a: Urshifu|Urshifu-Rapid-Strike, L50, M|100/100\n|-status|p2a: Urshifu|psn\n|-end|p1a: Weezing|ability: Neutralizing Gas\n|-weather|RainDance|[from] ability: Drizzle|[of] p2b: Kyogre\n|switch|p1a: Tatsugiri|Tatsugiri-Droopy, L50, F|100/100\n|-activate|p1a: Tatsugiri|ability: Commander|[of] p1b: Chorizo\n|-boost|p1b: Chorizo|atk|2\n|-boost|p1b: Chorizo|spa|2\n|-boost|p1b: Chorizo|spe|2\n|-boost|p1b: Chorizo|def|2\n|-boost|p1b: Chorizo|spd|2\n|move|p2b: Kyogre|Thunder|p1b: Chorizo\n|-supereffective|p1b: Chorizo\n|-damage|p1b: Chorizo|68/100\n|move|p1b: Chorizo|Order Up|p2b: Kyogre\n|-damage|p2b: Kyogre|43/100\n|-boost|p1b: Chorizo|def|1\n|\n|-weather|RainDance|[upkeep]\n|-heal|p1b: Chorizo|74/100|[from] item: Leftovers\n|-damage|p2a: Urshifu|88/100 psn|[from] psn\n|-sideend|p2: ScribbleScribble|move: Tailwind\n|upkeep\n|turn|5\n|\n|t:|1774507824\n|move|p2b: Kyogre|Thunder|p1b: Chorizo\n|-supereffective|p1b: Chorizo\n|-damage|p1b: Chorizo|47/100\n|move|p2a: Urshifu|Close Combat|p1b: Chorizo\n|-damage|p1b: Chorizo|22/100\n|-unboost|p2a: Urshifu|def|1\n|-unboost|p2a: Urshifu|spd|1\n|move|p1b: Chorizo|Body Press|p2b: Kyogre\n|-damage|p2b: Kyogre|0 fnt\n|faint|p2b: Kyogre\n|\n|-weather|RainDance|[upkeep]\n|-heal|p1b: Chorizo|28/100|[from] item: Leftovers\n|-damage|p2a: Urshifu|76/100 psn|[from] psn\n|upkeep\n|\n|t:|1774507840\n|switch|p2b: Tornadus|Tornadus, L50, M|64/100 psn\n|turn|6\n|\n|t:|1774507854\n|move|p2b: Tornadus|Tailwind|p2b: Tornadus\n|-sidestart|p2: ScribbleScribble|move: Tailwind\n|move|p2a: Urshifu|Close Combat|p1b: Chorizo\n|-damage|p1b: Chorizo|4/100\n|-unboost|p2a: Urshifu|def|1\n|-unboost|p2a: Urshifu|spd|1\n|move|p1b: Chorizo|Body Press|p2a: Urshifu\n|-damage|p2a: Urshifu|26/100 psn\n|\n|-weather|RainDance|[upkeep]\n|-heal|p1b: Chorizo|11/100|[from] item: Leftovers\n|-damage|p2b: Tornadus|51/100 psn|[from] psn\n|-damage|p2a: Urshifu|14/100 psn|[from] psn\n|upkeep\n|turn|7\n|\n|t:|1774507868\n|move|p1b: Chorizo|Protect|p1b: Chorizo\n|-singleturn|p1b: Chorizo|Protect\n|move|p2b: Tornadus|Bleakwind Storm|p1a: Tatsugiri|[spread] \n|-miss|p2b: Tornadus|p1a: Tatsugiri\n|-activate|p1b: Chorizo|move: Protect\n|move|p2a: Urshifu|Close Combat|p1a: Tatsugiri|[miss]\n|-miss|p2a: Urshifu|p1a: Tatsugiri\n|\n|-weather|RainDance|[upkeep]\n|-heal|p1b: Chorizo|17/100|[from] item: Leftovers\n|-damage|p2b: Tornadus|39/100 psn|[from] psn\n|-damage|p2a: Urshifu|2/100 psn|[from] psn\n|upkeep\n|turn|8\n|\n|t:|1774507881\n|move|p1b: Chorizo|Protect|p1b: Chorizo\n|-singleturn|p1b: Chorizo|Protect\n|move|p2b: Tornadus|Bleakwind Storm|p1b: Chorizo|[spread] \n|-miss|p2b: Tornadus|p1a: Tatsugiri\n|-activate|p1b: Chorizo|move: Protect\n|move|p2a: Urshifu|Close Combat|p1b: Chorizo\n|-damage|p1b: Chorizo|0 fnt\n|-unboost|p2a: Urshifu|def|1\n|-unboost|p2a: Urshifu|spd|1\n|faint|p1b: Chorizo\n|\n|-weather|none\n|-damage|p2b: Tornadus|27/100 psn|[from] psn\n|-damage|p2a: Urshifu|0 fnt|[from] psn\n|faint|p2a: Urshifu\n|upkeep\n|\n|t:|1774507901\n|switch|p2a: Landorus|Landorus, L50, M|100/100\n|switch|p1b: Weezing|Weezing-Galar, L50, M|62/100\n|-ability|p1b: Weezing|Neutralizing Gas\n|turn|9\n|\n|t:|1774507911\n|-terastallize|p1b: Weezing|Dark\n|move|p2b: Tornadus|Bleakwind Storm|p1b: Weezing|[spread] p1a,p1b\n|-damage|p1a: Tatsugiri|63/100\n|-damage|p1b: Weezing|25/100\n|-unboost|p1b: Weezing|spe|1\n|-enditem|p1b: Weezing|Sitrus Berry|[eat]\n|-heal|p1b: Weezing|50/100|[from] item: Sitrus Berry\n|move|p2a: Landorus|Sandsear Storm|p1b: Weezing|[spread] p1a,p1b\n|-damage|p1a: Tatsugiri|16/100\n|-damage|p1b: Weezing|2/100\n|-damage|p2a: Landorus|91/100|[from] item: Life Orb\n|move|p1a: Tatsugiri|Muddy Water|p2a: Landorus|[spread] p2b\n|-miss|p1a: Tatsugiri|p2a: Landorus\n|-damage|p2b: Tornadus|0 fnt\n|faint|p2b: Tornadus\n|move|p1b: Weezing|Strange Steam|p2a: Landorus\n|-damage|p2a: Landorus|60/100\n|\n|-sideend|p2: ScribbleScribble|move: Tailwind\n|upkeep\n|turn|10\n|\n|t:|1774507936\n|move|p2a: Landorus|Protect|p2a: Landorus\n|-singleturn|p2a: Landorus|Protect\n|move|p1a: Tatsugiri|Protect|p1a: Tatsugiri\n|-singleturn|p1a: Tatsugiri|Protect\n|move|p1b: Weezing|Strange Steam|p2a: Landorus\n|-activate|p2a: Landorus|move: Protect\n|\n|upkeep\n|turn|11\n|inactive|ScribbleScribble has 30 seconds left.\n|\n|t:|1774507969\n|move|p1a: Tatsugiri|Protect||[still]\n|-fail|p1a: Tatsugiri\n|move|p2a: Landorus|Earth Power|p1a: Tatsugiri\n|-damage|p1a: Tatsugiri|0 fnt\n|faint|p1a: Tatsugiri\n|-damage|p2a: Landorus|50/100|[from] item: Life Orb\n|move|p1b: Weezing|Strange Steam|p2a: Landorus\n|-damage|p2a: Landorus|19/100\n|-start|p2a: Landorus|confusion\n|\n|upkeep\n|turn|12\n|\n|t:|1774507979\n|-activate|p2a: Landorus|confusion\n|-damage|p2a: Landorus|9/100|[from] confusion\n|move|p1b: Weezing|Strange Steam|p2a: Landorus\n|-damage|p2a: Landorus|0 fnt\n|faint|p2a: Landorus\n|\n|win|JERRY RIVERA\n|raw|JERRY RIVERA's rating: 1480 &rarr; <strong>1507</strong><br />(+27 for winning)\n|raw|ScribbleScribble's rating: 1603 &rarr; <strong>1576</strong><br />(-27 for losing)\n|c|\u2606ScribbleScribble|Aw man\n|l|\u2606ScribbleScribble\n|player|p2|\n|l|\u2606JERRY RIVERA\n|player|p1|\n","uploadtime":1774508124,"views":17,"formatid":"gen9vgc2026regi","rating":1507,"private":0,"password":null}