{"id":"gen9vgc2026regi-2529869401","format":"[Gen 9] VGC 2026 Reg I","players":["Actoradoboy fan","masterofthecourt"],"log":"|j|\u2606Actoradoboy fan\n|j|\u2606masterofthecourt\n|t:|1769835782\n|gametype|doubles\n|player|p1|Actoradoboy fan|nate|1453\n|player|p2|masterofthecourt|266|1535\n|gen|9\n|tier|[Gen 9] VGC 2026 Reg I\n|rated|\n|rule|Species Clause: Limit one of each Pok\u00e9mon\n|rule|Item Clause: Limit 1 of each item\n|clearpoke\n|poke|p1|Kyogre, L50|\n|poke|p1|Rillaboom, L50, F|\n|poke|p1|Urshifu-*, L50, M|\n|poke|p1|Flutter Mane, L50|\n|poke|p1|Amoonguss, L50, M|\n|poke|p1|Calyrex-Ice, L50|\n|poke|p2|Calyrex-Shadow, L50|\n|poke|p2|Terapagos, L50, M|\n|poke|p2|Smeargle, L50, M|\n|poke|p2|Tornadus, L50, M|\n|poke|p2|Iron Hands, L50|\n|poke|p2|Urshifu-*, L50, F|\n|teampreview|4\n|inactive|Battle timer is ON: inactive players will automatically lose when time's up. (requested by Actoradoboy fan)\n|\n|t:|1769835808\n|teamsize|p1|4\n|teamsize|p2|4\n|start\n|switch|p1a: Flutter Mane|Flutter Mane, L50|100/100\n|switch|p1b: Calyrex|Calyrex-Ice, L50|100/100\n|switch|p2a: Smeargle|Smeargle, L50, M|100/100\n|switch|p2b: Terapagos|Terapagos, L50, M|100/100\n|-activate|p2b: Terapagos|ability: Tera Shift\n|detailschange|p2b: Terapagos|Terapagos-Terastal, L50, M\n|-heal|p2b: Terapagos|100/100|[silent]\n|-ability|p1b: Calyrex|As One\n|-ability|p1b: Calyrex|Unnerve\n|turn|1\n|\n|t:|1769835822\n|move|p2a: Smeargle|Fake Out|p1b: Calyrex\n|-damage|p1b: Calyrex|96/100\n|move|p1a: Flutter Mane|Taunt|p2a: Smeargle\n|-start|p2a: Smeargle|move: Taunt\n|move|p2b: Terapagos|Meteor Beam||[still]\n|-prepare|p2b: Terapagos|Meteor Beam\n|-boost|p2b: Terapagos|spa|1\n|-enditem|p2b: Terapagos|Power Herb\n|-anim|p2b: Terapagos|Meteor Beam|p1b: Calyrex\n|-supereffective|p1b: Calyrex\n|-damage|p1b: Calyrex|31/100\n|cant|p1b: Calyrex|flinch\n|\n|-heal|p1b: Calyrex|37/100|[from] item: Leftovers\n|-ability|p2a: Smeargle|Moody|boost\n|-boost|p2a: Smeargle|def|2\n|-unboost|p2a: Smeargle|spd|1\n|upkeep\n|turn|2\n|inactive|masterofthecourt has 30 seconds left.\n|\n|t:|1769835848\n|switch|p2a: Iron Hands|Iron Hands, L50|100/100\n|-terastallize|p2b: Terapagos|Stellar\n|detailschange|p2b: Terapagos|Terapagos-Stellar, L50, M, tera:Stellar\n|-heal|p2b: Terapagos|100/100|[silent]\n|move|p1a: Flutter Mane|Icy Wind|p2b: Terapagos|[spread] p2a,p2b\n|-crit|p2b: Terapagos\n|-damage|p2a: Iron Hands|93/100\n|-damage|p2b: Terapagos|85/100\n|-unboost|p2a: Iron Hands|spe|1\n|-unboost|p2b: Terapagos|spe|1\n|move|p2b: Terapagos|Tera Starstorm|p1b: Calyrex|[spread] p1a,p1b\n|-crit|p1a: Flutter Mane\n|-damage|p1a: Flutter Mane|2/100\n|-damage|p1b: Calyrex|0 fnt\n|faint|p1b: Calyrex\n|\n|upkeep\n|\n|t:|1769835856\n|switch|p1b: Kyogre|Kyogre, L50|100/100\n|-weather|RainDance|[from] ability: Drizzle|[of] p1b: Kyogre\n|turn|3\n|\n|t:|1769835865\n|move|p1b: Kyogre|Protect|p1b: Kyogre\n|-singleturn|p1b: Kyogre|Protect\n|move|p2a: Iron Hands|Fake Out|p1b: Kyogre\n|-activate|p1b: Kyogre|move: Protect\n|move|p1a: Flutter Mane|Moonblast|p2b: Terapagos\n|-damage|p2b: Terapagos|48/100\n|move|p2b: Terapagos|Tera Starstorm|p1a: Flutter Mane|[spread] p1a\n|-activate|p1b: Kyogre|move: Protect\n|-damage|p1a: Flutter Mane|0 fnt\n|faint|p1a: Flutter Mane\n|-end|p1a: Flutter Mane|Protosynthesis|[silent]\n|\n|-weather|RainDance|[upkeep]\n|upkeep\n|\n|t:|1769835868\n|switch|p1a: Urshifu|Urshifu-Rapid-Strike, L50, M|100/100\n|turn|4\n|\n|t:|1769835876\n|move|p1a: Urshifu|Surging Strikes|p2a: Iron Hands\n|-crit|p2a: Iron Hands\n|-damage|p2a: Iron Hands|69/100\n|-crit|p2a: Iron Hands\n|-damage|p2a: Iron Hands|46/100\n|-crit|p2a: Iron Hands\n|-damage|p2a: Iron Hands|24/100\n|-hitcount|p2a: Iron Hands|3\n|move|p1b: Kyogre|Water Spout|p2b: Terapagos|[spread] p2a,p2b\n|-damage|p2a: Iron Hands|0 fnt\n|-damage|p2b: Terapagos|0 fnt\n|faint|p2a: Iron Hands\n|-end|p2a: Iron Hands|Quark Drive|[silent]\n|faint|p2b: Terapagos\n|detailschange|p2: Terapagos|Terapagos, L50, M|[silent]\n|\n|-weather|RainDance|[upkeep]\n|upkeep\n|\n|t:|1769835881\n|switch|p2b: Calyrex|Calyrex-Shadow, L50|100/100\n|switch|p2a: Smeargle|Smeargle, L50, M|100/100\n|-ability|p2b: Calyrex|As One\n|-ability|p2b: Calyrex|Unnerve\n|turn|5\n|inactive|masterofthecourt has 30 seconds left.\n|\n|t:|1769835908\n|-terastallize|p1a: Urshifu|Ghost\n|move|p2a: Smeargle|Fake Out|p1a: Urshifu\n|-immune|p1a: Urshifu\n|move|p1a: Urshifu|Surging Strikes|p2b: Calyrex\n|-crit|p2b: Calyrex\n|-damage|p2b: Calyrex|68/100\n|-crit|p2b: Calyrex\n|-damage|p2b: Calyrex|32/100\n|-crit|p2b: Calyrex\n|-damage|p2b: Calyrex|0 fnt\n|faint|p2b: Calyrex\n|-hitcount|p2: Calyrex|3\n|move|p1b: Kyogre|Origin Pulse|p2a: Smeargle\n|-enditem|p2a: Smeargle|Focus Sash\n|-damage|p2a: Smeargle|1/100\n|\n|-weather|RainDance|[upkeep]\n|-ability|p2a: Smeargle|Moody|boost\n|-boost|p2a: Smeargle|atk|2\n|-unboost|p2a: Smeargle|spe|1\n|upkeep\n|turn|6\n|-message|masterofthecourt forfeited.\n|\n|win|Actoradoboy fan\n|raw|Actoradoboy fan's rating: 1453 &rarr; <strong>1478</strong><br />(+25 for winning)\n|raw|masterofthecourt's rating: 1535 &rarr; <strong>1510</strong><br />(-25 for losing)\n|l|\u2606masterofthecourt\n|player|p2|\n|l|\u2606Actoradoboy fan\n|player|p1|\n|j|\u2606Actoradoboy fan\n|player|p1|Actoradoboy fan|nate|\n|l|\u2606Actoradoboy fan\n|player|p1|\n","uploadtime":1769836171,"views":16,"formatid":"gen9vgc2026regi","rating":1478,"private":0,"password":null}