{"id":"gen9vgc2026regi-2554316212","format":"[Gen 9] VGC 2026 Reg I","players":["paicer96","blackred123"],"log":"|j|\u2606paicer96\n|j|\u2606blackred123\n|t:|1772946100\n|gametype|doubles\n|player|p1|paicer96|boarder|1349\n|player|p2|blackred123|iono-masters|1474\n|gen|9\n|tier|[Gen 9] VGC 2026 Reg I\n|rated|\n|rule|Species Clause: Limit one of each Pok\u00e9mon\n|rule|Item Clause: Limit 1 of each item\n|clearpoke\n|poke|p1|Miraidon, L50|\n|poke|p1|Calyrex-Ice, L50|\n|poke|p1|Ursaluna, L50, M|\n|poke|p1|Smeargle, L50, F|\n|poke|p1|Incineroar, L50, F|\n|poke|p1|Farigiraf, L50, M|\n|poke|p2|Calyrex-Shadow, L50|\n|poke|p2|Zamazenta-*, L50|\n|poke|p2|Chien-Pao, L50|\n|poke|p2|Raging Bolt, L50|\n|poke|p2|Whimsicott, L50, M|\n|poke|p2|Ogerpon-Cornerstone, L50, F|\n|teampreview|4\n|inactive|Battle timer is ON: inactive players will automatically lose when time's up. (requested by blackred123)\n|inactive|paicer96 has 60 seconds left.\n|\n|t:|1772946146\n|teamsize|p1|4\n|teamsize|p2|4\n|start\n|switch|p1a: Smeargle|Smeargle, L50, F, shiny|100/100\n|switch|p1b: Miraidon|Miraidon, L50|100/100\n|switch|p2a: \u55f7\u55f7\u55f7\u55f7|Zamazenta-Crowned, L50|100/100\n|switch|p2b: \u829d\u58eb\u96ea\u8c79|Chien-Pao, L50|100/100\n|-fieldstart|move: Electric Terrain|[from] ability: Hadron Engine|[of] p1b: Miraidon\n|-ability|p2b: \u829d\u58eb\u96ea\u8c79|Sword of Ruin\n|-ability|p2a: \u55f7\u55f7\u55f7\u55f7|Dauntless Shield|boost\n|-boost|p2a: \u55f7\u55f7\u55f7\u55f7|def|1\n|turn|1\n|\n|t:|1772946170\n|-terastallize|p1b: Miraidon|Electric\n|-terastallize|p2a: \u55f7\u55f7\u55f7\u55f7|Dragon\n|move|p1a: Smeargle|Fake Out|p2b: \u829d\u58eb\u96ea\u8c79\n|-damage|p2b: \u829d\u58eb\u96ea\u8c79|96/100\n|move|p1b: Miraidon|Electro Drift|p2a: \u55f7\u55f7\u55f7\u55f7\n|-resisted|p2a: \u55f7\u55f7\u55f7\u55f7\n|-damage|p2a: \u55f7\u55f7\u55f7\u55f7|43/100\n|move|p2b: \u829d\u58eb\u96ea\u8c79|Icy Wind|p1b: Miraidon|[spread] p1a,p1b\n|-damage|p1a: Smeargle|78/100\n|-damage|p1b: Miraidon|90/100\n|-unboost|p1a: Smeargle|spe|1\n|-unboost|p1b: Miraidon|spe|1\n|move|p2a: \u55f7\u55f7\u55f7\u55f7|Body Press|p1b: Miraidon\n|-damage|p1b: Miraidon|0 fnt\n|faint|p1b: Miraidon\n|\n|-ability|p1a: Smeargle|Moody|boost\n|-boost|p1a: Smeargle|atk|2\n|-unboost|p1a: Smeargle|def|1\n|upkeep\n|inactive|paicer96 has 30 seconds left.\n|\n|t:|1772946197\n|switch|p1b: Farigiraf|Farigiraf, L50, M|100/100\n|turn|2\n|\n|t:|1772946209\n|move|p1a: Smeargle|Follow Me|p1a: Smeargle\n|-singleturn|p1a: Smeargle|move: Follow Me\n|move|p2b: \u829d\u58eb\u96ea\u8c79|Taunt|p1a: Smeargle\n|-start|p1a: Smeargle|move: Taunt\n|move|p2a: \u55f7\u55f7\u55f7\u55f7|Body Press|p1a: Smeargle\n|-supereffective|p1a: Smeargle\n|-damage|p1a: Smeargle|0 fnt\n|faint|p1a: Smeargle\n|move|p1b: Farigiraf|Trick Room|p1b: Farigiraf\n|-fieldstart|move: Trick Room|[of] p1b: Farigiraf\n|\n|upkeep\n|\n|t:|1772946220\n|switch|p1a: Calyrex|Calyrex-Ice, L50|100/100\n|-ability|p1a: Calyrex|As One\n|-ability|p1a: Calyrex|Unnerve\n|turn|3\n|\n|t:|1772946228\n|move|p2a: \u55f7\u55f7\u55f7\u55f7|Wide Guard|p2a: \u55f7\u55f7\u55f7\u55f7\n|-singleturn|p2a: \u55f7\u55f7\u55f7\u55f7|Wide Guard\n|move|p1a: Calyrex|High Horsepower|p2a: \u55f7\u55f7\u55f7\u55f7\n|-damage|p2a: \u55f7\u55f7\u55f7\u55f7|20/100\n|move|p1b: Farigiraf|Psychic|p2a: \u55f7\u55f7\u55f7\u55f7\n|-damage|p2a: \u55f7\u55f7\u55f7\u55f7|0 fnt\n|faint|p2a: \u55f7\u55f7\u55f7\u55f7\n|move|p2b: \u829d\u58eb\u96ea\u8c79|Ruination|p1a: Calyrex\n|-damage|p1a: Calyrex|51/100\n|\n|upkeep\n|\n|t:|1772946239\n|switch|p2a: \u6211\u8fd8\u53ef\u4ee5|Ogerpon-Cornerstone, L50, F|100/100\n|turn|4\n|\n|t:|1772946244\n|move|p2a: \u6211\u8fd8\u53ef\u4ee5|Spiky Shield|p2a: \u6211\u8fd8\u53ef\u4ee5\n|-singleturn|p2a: \u6211\u8fd8\u53ef\u4ee5|move: Protect\n|move|p1a: Calyrex|Glacial Lance|p2b: \u829d\u58eb\u96ea\u8c79|[spread] p2b\n|-activate|p2a: \u6211\u8fd8\u53ef\u4ee5|move: Protect\n|-resisted|p2b: \u829d\u58eb\u96ea\u8c79\n|-damage|p2b: \u829d\u58eb\u96ea\u8c79|66/100\n|move|p1b: Farigiraf|Hyper Voice|p2b: \u829d\u58eb\u96ea\u8c79|[spread] p2b\n|-activate|p2a: \u6211\u8fd8\u53ef\u4ee5|move: Protect\n|-damage|p2b: \u829d\u58eb\u96ea\u8c79|22/100\n|-enditem|p1b: Farigiraf|Throat Spray\n|-boost|p1b: Farigiraf|spa|1|[from] item: Throat Spray\n|move|p2b: \u829d\u58eb\u96ea\u8c79|Ice Spinner|p1b: Farigiraf\n|-damage|p1b: Farigiraf|58/100\n|-fieldend|move: Electric Terrain\n|\n|upkeep\n|turn|5\n|\n|t:|1772946267\n|switch|p2a: \u53f8\u9a6c|Calyrex-Shadow, L50|100/100\n|-ability|p2a: \u53f8\u9a6c|As One\n|-ability|p2a: \u53f8\u9a6c|Unnerve\n|move|p1a: Calyrex|Glacial Lance|p2b: \u829d\u58eb\u96ea\u8c79|[spread] p2a,p2b\n|-resisted|p2b: \u829d\u58eb\u96ea\u8c79\n|-damage|p2a: \u53f8\u9a6c|4/100\n|-damage|p2b: \u829d\u58eb\u96ea\u8c79|0 fnt\n|faint|p2b: \u829d\u58eb\u96ea\u8c79\n|-ability|p1a: Calyrex|Chilling Neigh|boost\n|-boost|p1a: Calyrex|atk|1\n|move|p1b: Farigiraf|Hyper Voice|p2a: \u53f8\u9a6c\n|-immune|p2a: \u53f8\u9a6c\n|\n|upkeep\n|\n|t:|1772946275\n|switch|p2b: \u6211\u8fd8\u53ef\u4ee5|Ogerpon-Cornerstone, L50, F|100/100\n|turn|6\n|\n|t:|1772946282\n|move|p2a: \u53f8\u9a6c|Protect|p2a: \u53f8\u9a6c\n|-singleturn|p2a: \u53f8\u9a6c|Protect\n|move|p2b: \u6211\u8fd8\u53ef\u4ee5|Ivy Cudgel|p1a: Calyrex|[anim] Ivy Cudgel Rock\n|-supereffective|p1a: Calyrex\n|-damage|p1a: Calyrex|0 fnt\n|faint|p1a: Calyrex\n|move|p1b: Farigiraf|Trick Room|p1b: Farigiraf\n|-fieldend|move: Trick Room\n|\n|upkeep\n|turn|7\n|\n|t:|1772946297\n|move|p2a: \u53f8\u9a6c|Encore|p1b: Farigiraf\n|-start|p1b: Farigiraf|Encore\n|move|p2b: \u6211\u8fd8\u53ef\u4ee5|Ivy Cudgel|p1b: Farigiraf|[anim] Ivy Cudgel Rock\n|-damage|p1b: Farigiraf|0 fnt\n|faint|p1b: Farigiraf\n|\n|win|blackred123\n|raw|paicer96's rating: 1349 &rarr; <strong>1336</strong><br />(-13 for losing)\n|raw|blackred123's rating: 1474 &rarr; <strong>1487</strong><br />(+13 for winning)\n|l|\u2606paicer96\n|player|p1|\n","uploadtime":1772946308,"views":14,"formatid":"gen9vgc2026regi","rating":1336,"private":0,"password":null}