{"id":"gen9vgc2026regi-2564290150","format":"[Gen 9] VGC 2026 Reg I","players":["DontFuckWithMeBro","TheAndUrgeTheUrge"],"log":"|j|\u2606DontFuckWithMeBro\n|j|\u2606TheAndUrgeTheUrge\n|t:|1774129040\n|gametype|doubles\n|player|p1|DontFuckWithMeBro|266|1464\n|player|p2|TheAndUrgeTheUrge|169|1521\n|gen|9\n|tier|[Gen 9] VGC 2026 Reg I\n|rated|\n|rule|Species Clause: Limit one of each Pok\u00e9mon\n|rule|Item Clause: Limit 1 of each item\n|clearpoke\n|poke|p1|Miraidon, L50|\n|poke|p1|Ursaluna, L50, M|\n|poke|p1|Drifblim, L50, M|\n|poke|p1|Calyrex-Ice, L50|\n|poke|p1|Incineroar, L50, F|\n|poke|p1|Ogerpon-Wellspring, L50, F|\n|poke|p2|Zamazenta-*, L50|\n|poke|p2|Rillaboom, L50, M|\n|poke|p2|Incineroar, L50, F|\n|poke|p2|Chien-Pao, L50|\n|poke|p2|Kyogre, L50|\n|poke|p2|Flutter Mane, L50|\n|teampreview|4\n|inactive|Battle timer is ON: inactive players will automatically lose when time's up. (requested by DontFuckWithMeBro)\n|inactive|TheAndUrgeTheUrge has 60 seconds left.\n|\n|t:|1774129093\n|teamsize|p1|4\n|teamsize|p2|4\n|start\n|switch|p1a: Ogerpon|Ogerpon-Wellspring, L50, F|100/100\n|switch|p1b: Calyrex|Calyrex-Ice, L50|100/100\n|switch|p2a: Flutter Mane|Flutter Mane, L50|100/100\n|switch|p2b: Incineroar|Incineroar, L50, F, shiny|100/100\n|-ability|p1b: Calyrex|As One\n|-ability|p1b: Calyrex|Unnerve\n|-ability|p2b: Incineroar|Intimidate|boost\n|-unboost|p1a: Ogerpon|atk|1\n|-fail|p1b: Calyrex|unboost|[from] item: Clear Amulet|[of] p1b: Calyrex\n|-enditem|p2a: Flutter Mane|Booster Energy\n|-activate|p2a: Flutter Mane|ability: Protosynthesis|[fromitem]\n|-start|p2a: Flutter Mane|protosynthesisspe\n|turn|1\n|\n|t:|1774129117\n|-end|p2a: Flutter Mane|Protosynthesis|[silent]\n|switch|p2a: Zamazenta|Zamazenta-Crowned, L50, shiny|100/100\n|-ability|p2a: Zamazenta|Dauntless Shield|boost\n|-boost|p2a: Zamazenta|def|1\n|switch|p1a: Ursaluna|Ursaluna, L50, M|100/100\n|-terastallize|p1b: Calyrex|Water\n|move|p2b: Incineroar|Fake Out|p1b: Calyrex\n|-damage|p1b: Calyrex|94/100\n|cant|p1b: Calyrex|flinch\n|\n|-status|p1a: Ursaluna|brn|[from] item: Flame Orb\n|upkeep\n|turn|2\n|\n|t:|1774129141\n|-terastallize|p2a: Zamazenta|Ghost\n|move|p1a: Ursaluna|Protect|p1a: Ursaluna\n|-singleturn|p1a: Ursaluna|Protect\n|move|p2a: Zamazenta|Iron Defense|p2a: Zamazenta\n|-boost|p2a: Zamazenta|def|2\n|move|p2b: Incineroar|Parting Shot|p1a: Ursaluna\n|-activate|p1a: Ursaluna|move: Protect\n|move|p1b: Calyrex|Trick Room|p1b: Calyrex\n|-fieldstart|move: Trick Room|[of] p1b: Calyrex\n|\n|-damage|p1a: Ursaluna|95/100 brn|[from] brn\n|upkeep\n|turn|3\n|\n|t:|1774129160\n|switch|p2b: Flutter Mane|Flutter Mane, L50|100/100\n|move|p1b: Calyrex|Glacial Lance|p2a: Zamazenta|[spread] p2a,p2b\n|-damage|p2a: Zamazenta|88/100\n|-damage|p2b: Flutter Mane|18/100\n|move|p1a: Ursaluna|Headlong Rush|p2b: Flutter Mane\n|-damage|p2b: Flutter Mane|0 fnt\n|-unboost|p1a: Ursaluna|def|1\n|-unboost|p1a: Ursaluna|spd|1\n|faint|p2b: Flutter Mane\n|-end|p2b: Flutter Mane|Protosynthesis|[silent]\n|move|p2a: Zamazenta|Body Press|p1a: Ursaluna\n|-supereffective|p1a: Ursaluna\n|-damage|p1a: Ursaluna|0 fnt\n|faint|p1a: Ursaluna\n|\n|upkeep\n|\n|t:|1774129174\n|switch|p1a: Ogerpon|Ogerpon-Wellspring, L50, F|100/100\n|switch|p2b: Incineroar|Incineroar, L50, F, shiny|100/100\n|-ability|p2b: Incineroar|Intimidate|boost\n|-unboost|p1a: Ogerpon|atk|1\n|-fail|p1b: Calyrex|unboost|[from] item: Clear Amulet|[of] p1b: Calyrex\n|turn|4\n|\n|t:|1774129186\n|move|p1b: Calyrex|Protect|p1b: Calyrex\n|-singleturn|p1b: Calyrex|Protect\n|move|p1a: Ogerpon|Spiky Shield|p1a: Ogerpon\n|-singleturn|p1a: Ogerpon|move: Protect\n|move|p2b: Incineroar|Fake Out|p1b: Calyrex\n|-activate|p1b: Calyrex|move: Protect\n|move|p2a: Zamazenta|Iron Defense|p2a: Zamazenta\n|-boost|p2a: Zamazenta|def|2\n|\n|upkeep\n|turn|5\n|\n|t:|1774129200\n|move|p1a: Ogerpon|Follow Me|p1a: Ogerpon\n|-singleturn|p1a: Ogerpon|move: Follow Me\n|move|p2b: Incineroar|Knock Off|p1a: Ogerpon\n|-damage|p1a: Ogerpon|70/100\n|move|p2a: Zamazenta|Body Press|p1a: Ogerpon\n|-damage|p1a: Ogerpon|0 fnt\n|faint|p1a: Ogerpon\n|move|p1b: Calyrex|Trick Room|p1b: Calyrex\n|-fieldend|move: Trick Room\n|\n|upkeep\n|\n|t:|1774129205\n|switch|p1a: Miraidon|Miraidon, L50|100/100\n|-fieldstart|move: Electric Terrain|[from] ability: Hadron Engine|[of] p1a: Miraidon\n|turn|6\n|\n|t:|1774129214\n|move|p2a: Zamazenta|Protect|p2a: Zamazenta\n|-singleturn|p2a: Zamazenta|Protect\n|move|p1a: Miraidon|Electro Drift|p2b: Incineroar\n|-damage|p2b: Incineroar|0 fnt\n|faint|p2b: Incineroar\n|-damage|p1a: Miraidon|91/100|[from] item: Life Orb\n|move|p1b: Calyrex|Glacial Lance|p2a: Zamazenta\n|-activate|p2a: Zamazenta|move: Protect\n|\n|upkeep\n|\n|t:|1774129224\n|switch|p2b: Rillaboom|Rillaboom, L50, M, shiny|100/100\n|-fieldstart|move: Grassy Terrain|[from] ability: Grassy Surge|[of] p2b: Rillaboom\n|turn|7\n|\n|t:|1774129232\n|move|p1a: Miraidon|Protect|p1a: Miraidon\n|-singleturn|p1a: Miraidon|Protect\n|move|p1b: Calyrex|Protect|p1b: Calyrex\n|-singleturn|p1b: Calyrex|Protect\n|move|p2b: Rillaboom|Fake Out|p1b: Calyrex\n|-activate|p1b: Calyrex|move: Protect\n|move|p2a: Zamazenta|Body Press|p1a: Miraidon\n|-activate|p1a: Miraidon|move: Protect\n|\n|-heal|p1a: Miraidon|97/100|[from] Grassy Terrain\n|-heal|p2a: Zamazenta|94/100|[from] Grassy Terrain\n|-heal|p1b: Calyrex|99/100|[from] Grassy Terrain\n|upkeep\n|turn|8\n|\n|t:|1774129249\n|move|p2b: Rillaboom|Grassy Glide|p1a: Miraidon\n|-resisted|p1a: Miraidon\n|-damage|p1a: Miraidon|78/100\n|move|p1a: Miraidon|Draco Meteor|p2a: Zamazenta\n|-damage|p2a: Zamazenta|29/100\n|-unboost|p1a: Miraidon|spa|2\n|-damage|p1a: Miraidon|69/100|[from] item: Life Orb\n|move|p2a: Zamazenta|Body Press|p1a: Miraidon\n|-damage|p1a: Miraidon|0 fnt\n|faint|p1a: Miraidon\n|move|p1b: Calyrex|Glacial Lance|p2a: Zamazenta|[spread] p2a,p2b\n|-supereffective|p2b: Rillaboom\n|-crit|p2b: Rillaboom\n|-damage|p2a: Zamazenta|20/100\n|-damage|p2b: Rillaboom|0 fnt\n|faint|p2b: Rillaboom\n|-ability|p1b: Calyrex|Chilling Neigh|boost\n|-boost|p1b: Calyrex|atk|1\n|\n|-heal|p2a: Zamazenta|26/100|[from] Grassy Terrain\n|-heal|p1b: Calyrex|100/100|[from] Grassy Terrain\n|upkeep\n|turn|9\n|\n|t:|1774129270\n|move|p2a: Zamazenta|Body Press|p1b: Calyrex\n|-damage|p1b: Calyrex|0 fnt\n|faint|p1b: Calyrex\n|\n|win|TheAndUrgeTheUrge\n|raw|DontFuckWithMeBro's rating: 1464 &rarr; <strong>1447</strong><br />(-17 for losing)\n|raw|TheAndUrgeTheUrge's rating: 1521 &rarr; <strong>1538</strong><br />(+17 for winning)\n|l|\u2606DontFuckWithMeBro\n|player|p1|\n|c|\u2606TheAndUrgeTheUrge|ez\n|l|\u2606TheAndUrgeTheUrge\n|player|p2|\n","uploadtime":1774129510,"views":13,"formatid":"gen9vgc2026regi","rating":1447,"private":0,"password":null}