{"id":"gen9vgc2026regi-2573493172","format":"[Gen 9] VGC 2026 Reg I","players":["Darknight678","mlbd1"],"log":"|j|\u2606Darknight678\n|j|\u2606mlbd1\n|t:|1775141422\n|gametype|doubles\n|player|p1|Darknight678|will|1519\n|player|p2|mlbd1|101|1583\n|gen|9\n|tier|[Gen 9] VGC 2026 Reg I\n|rated|\n|rule|Species Clause: Limit one of each Pok\u00e9mon\n|rule|Item Clause: Limit 1 of each item\n|clearpoke\n|poke|p1|Koraidon, L50|\n|poke|p1|Incineroar, L50, F|\n|poke|p1|Rillaboom, L50, M|\n|poke|p1|Landorus, L50, M|\n|poke|p1|Smeargle, L50, M|\n|poke|p1|Calyrex-Ice, L50|\n|poke|p2|Miraidon, L50|\n|poke|p2|Farigiraf, L50, F|\n|poke|p2|Calyrex-Ice, L50|\n|poke|p2|Urshifu-*, L50, F|\n|poke|p2|Ogerpon-Cornerstone, L50, F|\n|poke|p2|Volcarona, L50, F|\n|teampreview|4\n|inactive|Battle timer is ON: inactive players will automatically lose when time's up. (requested by mlbd1)\n|inactive|Darknight678 has 60 seconds left.\n|inactive|Darknight678 has 30 seconds left.\n|\n|t:|1775141495\n|teamsize|p1|4\n|teamsize|p2|4\n|start\n|switch|p1a: Calyrex|Calyrex-Ice, L50|100/100\n|switch|p1b: Rillaboom|Rillaboom, L50, M|100/100\n|switch|p2a: Calyrex|Calyrex-Ice, L50|100/100\n|switch|p2b: Ogerpon|Ogerpon-Cornerstone, L50, F|100/100\n|-ability|p1a: Calyrex|As One\n|-ability|p1a: Calyrex|Unnerve\n|-ability|p2a: Calyrex|As One\n|-ability|p2a: Calyrex|Unnerve\n|-fieldstart|move: Grassy Terrain|[from] ability: Grassy Surge|[of] p1b: Rillaboom\n|turn|1\n|\n|t:|1775141507\n|switch|p2b: Farigiraf|Farigiraf, L50, F|100/100\n|move|p1a: Calyrex|Protect|p1a: Calyrex\n|-singleturn|p1a: Calyrex|Protect\n|move|p1b: Rillaboom|U-turn|p2a: Calyrex\n|-supereffective|p2a: Calyrex\n|-damage|p2a: Calyrex|72/100\n|\n|t:|1775141514\n|switch|p1b: Incineroar|Incineroar, L50, F, shiny|100/100|[from] U-turn\n|-ability|p1b: Incineroar|Intimidate|boost\n|-fail|p2a: Calyrex|unboost|[from] item: Clear Amulet|[of] p2a: Calyrex\n|-unboost|p2b: Farigiraf|atk|1\n|move|p2a: Calyrex|Glacial Lance|p1a: Calyrex|[spread] p1b\n|-activate|p1a: Calyrex|move: Protect\n|-resisted|p1b: Incineroar\n|-damage|p1b: Incineroar|78/100\n|\n|-heal|p1b: Incineroar|84/100|[from] Grassy Terrain\n|-heal|p2a: Calyrex|78/100|[from] Grassy Terrain\n|upkeep\n|turn|2\n|\n|t:|1775141531\n|switch|p2a: Volcarona|Volcarona, L50, F|100/100\n|move|p2b: Farigiraf|Foul Play|p1a: Calyrex\n|-supereffective|p1a: Calyrex\n|-damage|p1a: Calyrex|56/100\n|move|p1b: Incineroar|Knock Off|p2b: Farigiraf\n|-supereffective|p2b: Farigiraf\n|-damage|p2b: Farigiraf|46/100\n|-enditem|p2b: Farigiraf|Electric Seed|[from] move: Knock Off|[of] p1b: Incineroar\n|move|p1a: Calyrex|Trick Room|p1a: Calyrex\n|-fieldstart|move: Trick Room|[of] p1a: Calyrex\n|\n|-heal|p1a: Calyrex|62/100|[from] Grassy Terrain\n|-heal|p1a: Calyrex|68/100|[from] item: Leftovers\n|-heal|p1b: Incineroar|90/100|[from] Grassy Terrain\n|-heal|p2b: Farigiraf|52/100|[from] Grassy Terrain\n|upkeep\n|turn|3\n|\n|t:|1775141546\n|move|p1a: Calyrex|Protect|p1a: Calyrex\n|-singleturn|p1a: Calyrex|Protect\n|move|p1b: Incineroar|Parting Shot|p2a: Volcarona\n|-unboost|p2a: Volcarona|atk|1\n|-unboost|p2a: Volcarona|spa|1\n|\n|t:|1775141551\n|switch|p1b: Landorus|Landorus, L50, M|100/100|[from] Parting Shot\n|move|p2b: Farigiraf|Psychic Noise|p1a: Calyrex\n|-activate|p1a: Calyrex|move: Protect\n|move|p2a: Volcarona|Fiery Dance|p1a: Calyrex\n|-activate|p1a: Calyrex|move: Protect\n|\n|-heal|p1a: Calyrex|73/100|[from] Grassy Terrain\n|-heal|p1a: Calyrex|79/100|[from] item: Leftovers\n|-heal|p2b: Farigiraf|59/100|[from] Grassy Terrain\n|upkeep\n|turn|4\n|inactive|Darknight678 has 30 seconds left.\n|\n|t:|1775141581\n|move|p1a: Calyrex|Glacial Lance|p2a: Volcarona|[spread] p2a,p2b\n|-resisted|p2a: Volcarona\n|-damage|p2a: Volcarona|72/100\n|-damage|p2b: Farigiraf|16/100\n|move|p2b: Farigiraf|Foul Play|p1a: Calyrex\n|-supereffective|p1a: Calyrex\n|-damage|p1a: Calyrex|36/100\n|move|p2a: Volcarona|Fiery Dance|p1a: Calyrex\n|-supereffective|p1a: Calyrex\n|-damage|p1a: Calyrex|4/100\n|move|p1b: Landorus|Earth Power|p2a: Volcarona\n|-damage|p2a: Volcarona|0 fnt\n|faint|p2a: Volcarona\n|\n|-heal|p1a: Calyrex|10/100|[from] Grassy Terrain\n|-heal|p1a: Calyrex|15/100|[from] item: Leftovers\n|-heal|p2b: Farigiraf|22/100|[from] Grassy Terrain\n|upkeep\n|\n|t:|1775141588\n|switch|p2a: Calyrex|Calyrex-Ice, L50|78/100\n|-ability|p2a: Calyrex|As One\n|-ability|p2a: Calyrex|Unnerve\n|turn|5\n|\n|t:|1775141598\n|switch|p2b: Ogerpon|Ogerpon-Cornerstone, L50, F|100/100\n|-terastallize|p1b: Landorus|Water\n|move|p1a: Calyrex|Protect|p1a: Calyrex\n|-singleturn|p1a: Calyrex|Protect\n|move|p2a: Calyrex|Glacial Lance|p1a: Calyrex|[spread] p1b\n|-activate|p1a: Calyrex|move: Protect\n|-resisted|p1b: Landorus\n|-damage|p1b: Landorus|71/100\n|move|p1b: Landorus|Sandsear Storm|p2b: Ogerpon|[spread] p2a,p2b\n|-damage|p2a: Calyrex|37/100\n|-damage|p2b: Ogerpon|15/100\n|\n|-heal|p2a: Calyrex|43/100|[from] Grassy Terrain\n|-heal|p1a: Calyrex|21/100|[from] Grassy Terrain\n|-heal|p1a: Calyrex|27/100|[from] item: Leftovers\n|-heal|p1b: Landorus|77/100|[from] Grassy Terrain\n|-heal|p2b: Ogerpon|21/100|[from] Grassy Terrain\n|-fieldend|move: Grassy Terrain\n|upkeep\n|turn|6\n|j| temeister\n|inactive|Darknight678 has 30 seconds left.\n|\n|t:|1775141631\n|move|p2b: Ogerpon|Spiky Shield|p2b: Ogerpon\n|-singleturn|p2b: Ogerpon|move: Protect\n|move|p2a: Calyrex|Glacial Lance|p1a: Calyrex|[spread] p1a,p1b\n|-resisted|p1a: Calyrex\n|-resisted|p1b: Landorus\n|-damage|p1a: Calyrex|10/100\n|-damage|p1b: Landorus|48/100\n|move|p1a: Calyrex|Glacial Lance|p2a: Calyrex|[spread] p2a\n|-activate|p2b: Ogerpon|move: Protect\n|-resisted|p2a: Calyrex\n|-damage|p2a: Calyrex|27/100\n|move|p1b: Landorus|Sandsear Storm|p2b: Ogerpon|[spread] p2a\n|-activate|p2b: Ogerpon|move: Protect\n|-damage|p2a: Calyrex|0 fnt\n|faint|p2a: Calyrex\n|\n|-heal|p1a: Calyrex|15/100|[from] item: Leftovers\n|-fieldend|move: Trick Room\n|upkeep\n|\n|t:|1775141635\n|switch|p2a: Farigiraf|Farigiraf, L50, F|22/100\n|turn|7\n|\n|t:|1775141652\n|switch|p1a: Incineroar|Incineroar, L50, F, shiny|90/100\n|-ability|p1a: Incineroar|Intimidate|boost\n|-unboost|p2a: Farigiraf|atk|1\n|-unboost|p2b: Ogerpon|atk|1\n|move|p2a: Farigiraf|Helping Hand|p2b: Ogerpon\n|-singleturn|p2b: Ogerpon|Helping Hand|[of] p2a: Farigiraf\n|move|p1b: Landorus|Protect|p1b: Landorus\n|-singleturn|p1b: Landorus|Protect\n|move|p2b: Ogerpon|Ivy Cudgel|p1a: Incineroar|[anim] Ivy Cudgel Rock\n|-supereffective|p1a: Incineroar\n|-damage|p1a: Incineroar|6/100\n|\n|upkeep\n|turn|8\n|inactive|Darknight678 has 30 seconds left.\n|\n|t:|1775141679\n|switch|p1a: Rillaboom|Rillaboom, L50, M|100/100\n|-fieldstart|move: Grassy Terrain|[from] ability: Grassy Surge|[of] p1a: Rillaboom\n|-terastallize|p2b: Ogerpon|Rock\n|detailschange|p2b: Ogerpon|Ogerpon-Cornerstone-Tera, L50, F, tera:Rock\n|-ability|p2b: Ogerpon|Embody Aspect (Cornerstone)|boost\n|-boost|p2b: Ogerpon|def|1\n|move|p2b: Ogerpon|Power Whip|p1b: Landorus\n|-supereffective|p1b: Landorus\n|-damage|p1b: Landorus|0 fnt\n|faint|p1b: Landorus\n|move|p2a: Farigiraf|Foul Play|p1a: Rillaboom\n|-damage|p1a: Rillaboom|73/100\n|\n|-heal|p2b: Ogerpon|27/100|[from] Grassy Terrain\n|-heal|p1a: Rillaboom|79/100|[from] Grassy Terrain\n|-heal|p2a: Farigiraf|28/100|[from] Grassy Terrain\n|upkeep\n|\n|t:|1775141695\n|switch|p1b: Calyrex|Calyrex-Ice, L50|15/100\n|-ability|p1b: Calyrex|As One\n|-ability|p1b: Calyrex|Unnerve\n|turn|9\n|inactive|Darknight678 has 30 seconds left.\n|inactive|Darknight678 has 20 seconds left.\n|\n|t:|1775141730\n|switch|p1b: Incineroar|Incineroar, L50, F, shiny|6/100\n|-ability|p1b: Incineroar|Intimidate|boost\n|-unboost|p2a: Farigiraf|atk|1\n|-unboost|p2b: Ogerpon|atk|1\n|move|p2b: Ogerpon|Ivy Cudgel|p1a: Rillaboom|[anim] Ivy Cudgel Rock\n|-damage|p1a: Rillaboom|40/100\n|move|p1a: Rillaboom|Wood Hammer|p2a: Farigiraf\n|-damage|p2a: Farigiraf|0 fnt\n|faint|p2a: Farigiraf\n|-damage|p1a: Rillaboom|29/100|[from] Recoil\n|\n|-heal|p2b: Ogerpon|33/100|[from] Grassy Terrain\n|-heal|p1a: Rillaboom|35/100|[from] Grassy Terrain\n|-heal|p1b: Incineroar|12/100|[from] Grassy Terrain\n|upkeep\n|turn|10\n|\n|t:|1775141747\n|switch|p1a: Calyrex|Calyrex-Ice, L50|15/100\n|-ability|p1a: Calyrex|As One\n|-ability|p1a: Calyrex|Unnerve\n|move|p2b: Ogerpon|Spiky Shield|p2b: Ogerpon\n|-singleturn|p2b: Ogerpon|move: Protect\n|move|p1b: Incineroar|Fake Out|p2b: Ogerpon\n|-activate|p2b: Ogerpon|move: Protect\n|-damage|p1b: Incineroar|0 fnt|[from] Spiky Shield|[of] p2b: Ogerpon\n|faint|p1b: Incineroar\n|\n|-heal|p2b: Ogerpon|38/100|[from] Grassy Terrain\n|-heal|p1a: Calyrex|21/100|[from] Grassy Terrain\n|-heal|p1a: Calyrex|27/100|[from] item: Leftovers\n|upkeep\n|\n|t:|1775141754\n|switch|p1b: Rillaboom|Rillaboom, L50, M|35/100\n|turn|11\n|\n|t:|1775141758\n|move|p2b: Ogerpon|Spiky Shield|p2b: Ogerpon\n|-singleturn|p2b: Ogerpon|move: Protect\n|move|p1b: Rillaboom|Fake Out|p2b: Ogerpon\n|-activate|p2b: Ogerpon|move: Protect\n|-damage|p1b: Rillaboom|23/100|[from] Spiky Shield|[of] p2b: Ogerpon\n|move|p1a: Calyrex|Trick Room|p1a: Calyrex\n|-fieldstart|move: Trick Room|[of] p1a: Calyrex\n|\n|-heal|p1a: Calyrex|33/100|[from] Grassy Terrain\n|-heal|p1a: Calyrex|39/100|[from] item: Leftovers\n|-heal|p1b: Rillaboom|29/100|[from] Grassy Terrain\n|-heal|p2b: Ogerpon|44/100|[from] Grassy Terrain\n|upkeep\n|turn|12\n|\n|t:|1775141764\n|move|p1b: Rillaboom|Grassy Glide|p2b: Ogerpon\n|-supereffective|p2b: Ogerpon\n|-damage|p2b: Ogerpon|0 fnt\n|faint|p2b: Ogerpon\n|detailschange|p2: Ogerpon|Ogerpon-Cornerstone, L50, F|[silent]\n|\n|win|Darknight678\n|raw|Darknight678's rating: 1519 &rarr; <strong>1543</strong><br />(+24 for winning)\n|raw|mlbd1's rating: 1583 &rarr; <strong>1559</strong><br />(-24 for losing)\n|c|\u2606mlbd1|gg\n|l|\u2606mlbd1\n|player|p2|\n|l| temeister\n","uploadtime":1775141776,"views":42,"formatid":"gen9vgc2026regi","rating":1543,"private":0,"password":null}