{"id":"gen9vgc2026regi-2532699521","format":"[Gen 9] VGC 2026 Reg I","players":["SHyperdestroyerVGC","marcxhenry"],"log":"|j|\u2606SHyperdestroyerVGC\n|j|\u2606marcxhenry\n|t:|1770216132\n|gametype|doubles\n|player|p1|SHyperdestroyerVGC|lady|1415\n|player|p2|marcxhenry|hilbert-wonderlauncher|1531\n|gen|9\n|tier|[Gen 9] VGC 2026 Reg I\n|rated|\n|rule|Species Clause: Limit one of each Pok\u00e9mon\n|rule|Item Clause: Limit 1 of each item\n|clearpoke\n|poke|p1|Miraidon, L50|\n|poke|p1|Lunala, L50|\n|poke|p1|Whimsicott, L50, M|\n|poke|p1|Ursaluna, L50, F|\n|poke|p1|Incineroar, L50, F|\n|poke|p1|Urshifu-*, L50, M|\n|poke|p2|Calyrex-Shadow, L50|\n|poke|p2|Urshifu-*, L50, M|\n|poke|p2|Roaring Moon, L50|\n|poke|p2|Kyogre, L50|\n|poke|p2|Tsareena, L50, F|\n|poke|p2|Kingambit, L50, M|\n|teampreview|4\n|\n|t:|1770216158\n|teamsize|p1|4\n|teamsize|p2|4\n|start\n|switch|p1a: Miraidon|Miraidon, L50|100/100\n|switch|p1b: Whimsicott|Whimsicott, L50, M|100/100\n|switch|p2a: Ludwig|Calyrex-Shadow, L50|100/100\n|switch|p2b: Roter Baron|Roaring Moon, L50, shiny|100/100\n|-ability|p2a: Ludwig|As One\n|-ability|p2a: Ludwig|Unnerve\n|-fieldstart|move: Electric Terrain|[from] ability: Hadron Engine|[of] p1a: Miraidon\n|-enditem|p2b: Roter Baron|Booster Energy\n|-activate|p2b: Roter Baron|ability: Protosynthesis|[fromitem]\n|-start|p2b: Roter Baron|protosynthesisspe\n|turn|1\n|\n|t:|1770216186\n|-terastallize|p2b: Roter Baron|Flying\n|-terastallize|p1a: Miraidon|Fairy\n|move|p1b: Whimsicott|Fake Tears|p2a: Ludwig\n|-unboost|p2a: Ludwig|spd|2\n|move|p2b: Roter Baron|Acrobatics|p1b: Whimsicott\n|-supereffective|p1b: Whimsicott\n|-damage|p1b: Whimsicott|0 fnt\n|faint|p1b: Whimsicott\n|move|p1a: Miraidon|Volt Switch|p2a: Ludwig\n|-enditem|p2a: Ludwig|Focus Sash\n|-damage|p2a: Ludwig|1/100\n|\n|t:|1770216200\n|switch|p1a: Urshifu|Urshifu-Rapid-Strike, L50, M|100/100|[from] Volt Switch\n|move|p2a: Ludwig|Trick Room|p2a: Ludwig\n|-fieldstart|move: Trick Room|[of] p2a: Ludwig\n|\n|upkeep\n|\n|t:|1770216209\n|switch|p1b: Lunala|Lunala, L50|100/100\n|-enditem|p1b: Lunala|Electric Seed\n|-boost|p1b: Lunala|def|1|[from] item: Electric Seed\n|turn|2\n|\n|t:|1770216240\n|switch|p2a: Eva|Tsareena, L50, F, shiny|100/100\n|move|p1b: Lunala|Moongeist Beam|p2b: Roter Baron\n|-damage|p2b: Roter Baron|40/100\n|move|p1a: Urshifu|U-turn|p2a: Eva\n|-supereffective|p2a: Eva\n|-damage|p2a: Eva|13/100\n|\n|t:|1770216249\n|switch|p1a: Miraidon|Miraidon, L50, tera:Fairy|100/100|[from] U-turn\n|-activate|p1a: Miraidon|ability: Hadron Engine\n|move|p2b: Roter Baron|Acrobatics|p1a: Miraidon\n|-damage|p1a: Miraidon|50/100\n|\n|upkeep\n|turn|3\n|\n|t:|1770216272\n|switch|p1a: Urshifu|Urshifu-Rapid-Strike, L50, M|100/100\n|move|p2a: Eva|Power Whip|p1a: Urshifu\n|-supereffective|p1a: Urshifu\n|-damage|p1a: Urshifu|0 fnt\n|faint|p1a: Urshifu\n|move|p1b: Lunala|Moonblast|p2a: Eva\n|-damage|p2a: Eva|0 fnt\n|faint|p2a: Eva\n|move|p2b: Roter Baron|Knock Off|p1b: Lunala\n|-supereffective|p1b: Lunala\n|-damage|p1b: Lunala|61/100\n|\n|upkeep\n|\n|t:|1770216284\n|switch|p2a: Tripitz|Kyogre, L50, shiny|100/100\n|switch|p1a: Miraidon|Miraidon, L50, tera:Fairy|50/100\n|-weather|RainDance|[from] ability: Drizzle|[of] p2a: Tripitz\n|-activate|p1a: Miraidon|ability: Hadron Engine\n|turn|4\n|\n|t:|1770216303\n|move|p1b: Lunala|Wide Guard|p1b: Lunala\n|-singleturn|p1b: Lunala|Wide Guard\n|move|p2a: Tripitz|Hydro Pump|p1a: Miraidon\n|-damage|p1a: Miraidon|0 fnt\n|faint|p1a: Miraidon\n|move|p2b: Roter Baron|Acrobatics|p1b: Lunala\n|-damage|p1b: Lunala|28/100\n|\n|-weather|RainDance|[upkeep]\n|upkeep\n|turn|5\n|\n|t:|1770216312\n|move|p2a: Tripitz|Protect|p2a: Tripitz\n|-singleturn|p2a: Tripitz|Protect\n|move|p2b: Roter Baron|Protect|p2b: Roter Baron\n|-singleturn|p2b: Roter Baron|Protect\n|move|p1b: Lunala|Wide Guard||[still]\n|-fail|p1b: Lunala\n|\n|-weather|RainDance|[upkeep]\n|-fieldend|move: Trick Room\n|-fieldend|move: Electric Terrain\n|upkeep\n|turn|6\n|-message|SHyperdestroyerVGC forfeited.\n|\n|win|marcxhenry\n|raw|SHyperdestroyerVGC's rating: 1415 &rarr; <strong>1401</strong><br />(-14 for losing)\n|raw|marcxhenry's rating: 1531 &rarr; <strong>1545</strong><br />(+14 for winning)\n|l|\u2606SHyperdestroyerVGC\n|player|p1|\n|l|\u2606marcxhenry\n|player|p2|\n","uploadtime":1770216523,"views":19,"formatid":"gen9vgc2026regi","rating":1401,"private":0,"password":null}