{"id":"gen9vgc2026regi-2546025363","format":"[Gen 9] VGC 2026 Reg I","players":["drvillager","lalo's pollos"],"log":"|j|\u2606drvillager\n|j|\u2606lalo's pollos\n|t:|1771916135\n|gametype|doubles\n|player|p1|drvillager|wikstrom|1271\n|player|p2|lalo's pollos|2|1385\n|gen|9\n|tier|[Gen 9] VGC 2026 Reg I\n|rated|\n|rule|Species Clause: Limit one of each Pok\u00e9mon\n|rule|Item Clause: Limit 1 of each item\n|clearpoke\n|poke|p1|Kyurem-White, L50|\n|poke|p1|Ninetales-Alola, L50, F|\n|poke|p1|Miraidon, L50|\n|poke|p1|Tornadus, L50, M|\n|poke|p1|Urshifu-*, L50, F|\n|poke|p1|Incineroar, L50, M|\n|poke|p2|Miraidon, L50|\n|poke|p2|Landorus, L50, M|\n|poke|p2|Incineroar, L50, M|\n|poke|p2|Iron Bundle, L50|\n|poke|p2|Farigiraf, L50, M|\n|poke|p2|Calyrex-Ice, L50|\n|teampreview|4\n|inactive|Battle timer is ON: inactive players will automatically lose when time's up. (requested by drvillager)\n|inactive|lalo's pollos has 60 seconds left.\n|\n|t:|1771916170\n|teamsize|p1|4\n|teamsize|p2|4\n|start\n|switch|p1a: Miraidon|Miraidon, L50|100/100\n|switch|p1b: Ninetales|Ninetales-Alola, L50, F|100/100\n|switch|p2a: Calyrex|Calyrex-Ice, L50|100/100\n|switch|p2b: Incineroar|Incineroar, L50, M|100/100\n|-ability|p2a: Calyrex|As One\n|-ability|p2a: Calyrex|Unnerve\n|-fieldstart|move: Electric Terrain|[from] ability: Hadron Engine|[of] p1a: Miraidon\n|-weather|Snowscape|[from] ability: Snow Warning|[of] p1b: Ninetales\n|-ability|p2b: Incineroar|Intimidate|boost\n|-unboost|p1a: Miraidon|atk|1\n|-unboost|p1b: Ninetales|atk|1\n|turn|1\n|\n|t:|1771916186\n|move|p2b: Incineroar|Fake Out|p1b: Ninetales\n|-damage|p1b: Ninetales|92/100\n|move|p1a: Miraidon|Volt Switch|p2a: Calyrex\n|-damage|p2a: Calyrex|39/100\n|\n|t:|1771916190\n|switch|p1a: Kyurem|Kyurem-White, L50|100/100|[from] Volt Switch\n|-ability|p1a: Kyurem|Turboblaze\n|cant|p1b: Ninetales|flinch\n|move|p2a: Calyrex|Trick Room|p2a: Calyrex\n|-fieldstart|move: Trick Room|[of] p2a: Calyrex\n|\n|-weather|Snowscape|[upkeep]\n|upkeep\n|turn|2\n|\n|t:|1771916200\n|move|p2a: Calyrex|Glacial Lance|p1b: Ninetales|[spread] p1a,p1b\n|-resisted|p1b: Ninetales\n|-damage|p1a: Kyurem|62/100\n|-damage|p1b: Ninetales|69/100\n|move|p2b: Incineroar|Knock Off|p1b: Ninetales\n|-resisted|p1b: Ninetales\n|-damage|p1b: Ninetales|54/100\n|-enditem|p1b: Ninetales|Light Clay|[from] move: Knock Off|[of] p2b: Incineroar\n|move|p1a: Kyurem|Blizzard|p2b: Incineroar|[spread] p2a,p2b\n|-resisted|p2a: Calyrex\n|-resisted|p2b: Incineroar\n|-damage|p2a: Calyrex|17/100\n|-damage|p2b: Incineroar|80/100\n|-damage|p1a: Kyurem|52/100|[from] item: Life Orb\n|move|p1b: Ninetales|Aurora Veil|p1b: Ninetales\n|-sidestart|p1: drvillager|move: Aurora Veil\n|\n|-weather|Snowscape|[upkeep]\n|upkeep\n|turn|3\n|\n|t:|1771916220\n|move|p2a: Calyrex|Protect|p2a: Calyrex\n|-singleturn|p2a: Calyrex|Protect\n|move|p1b: Ninetales|Protect|p1b: Ninetales\n|-singleturn|p1b: Ninetales|Protect\n|move|p2b: Incineroar|Flare Blitz|p1a: Kyurem\n|-damage|p1a: Kyurem|30/100\n|-damage|p2b: Incineroar|73/100|[from] Recoil\n|move|p1a: Kyurem|Blizzard|p2b: Incineroar|[spread] p2b\n|-activate|p2a: Calyrex|move: Protect\n|-resisted|p2b: Incineroar\n|-damage|p2b: Incineroar|51/100\n|-damage|p1a: Kyurem|20/100|[from] item: Life Orb\n|\n|-weather|Snowscape|[upkeep]\n|upkeep\n|turn|4\n|\n|t:|1771916236\n|switch|p1a: Tornadus|Tornadus, L50, M|100/100\n|move|p1b: Ninetales|Protect|p1b: Ninetales\n|-singleturn|p1b: Ninetales|Protect\n|move|p2a: Calyrex|Glacial Lance|p1a: Tornadus|[spread] p1a\n|-activate|p1b: Ninetales|move: Protect\n|-supereffective|p1a: Tornadus\n|-enditem|p1a: Tornadus|Focus Sash\n|-damage|p1a: Tornadus|1/100\n|move|p2b: Incineroar|Flare Blitz|p1b: Ninetales\n|-activate|p1b: Ninetales|move: Protect\n|\n|-weather|Snowscape|[upkeep]\n|upkeep\n|turn|5\n|\n|t:|1771916245\n|move|p1a: Tornadus|Tailwind|p1a: Tornadus\n|-sidestart|p1: drvillager|move: Tailwind\n|move|p2a: Calyrex|Glacial Lance|p1b: Ninetales|[spread] p1a,p1b\n|-supereffective|p1a: Tornadus\n|-resisted|p1b: Ninetales\n|-damage|p1a: Tornadus|0 fnt\n|-damage|p1b: Ninetales|39/100\n|faint|p1a: Tornadus\n|-ability|p2a: Calyrex|Chilling Neigh|boost\n|-boost|p2a: Calyrex|atk|1\n|move|p2b: Incineroar|U-turn|p1b: Ninetales\n|-resisted|p1b: Ninetales\n|-damage|p1b: Ninetales|34/100\n|\n|t:|1771916248\n|switch|p2b: the Manager|Farigiraf, L50, M|100/100|[from] U-turn\n|move|p1b: Ninetales|Moonblast|p2a: Calyrex\n|-damage|p2a: Calyrex|0 fnt\n|faint|p2a: Calyrex\n|\n|-weather|none\n|-fieldend|move: Trick Room\n|-fieldend|move: Electric Terrain\n|upkeep\n|\n|t:|1771916254\n|switch|p1a: Kyurem|Kyurem-White, L50|20/100\n|switch|p2a: Incineroar|Incineroar, L50, M|51/100\n|-ability|p1a: Kyurem|Turboblaze\n|-ability|p2a: Incineroar|Intimidate|boost\n|-unboost|p1a: Kyurem|atk|1\n|-unboost|p1b: Ninetales|atk|1\n|turn|6\n|\n|t:|1771916265\n|switch|p1b: Miraidon|Miraidon, L50|100/100\n|-fieldstart|move: Electric Terrain|[from] ability: Hadron Engine|[of] p1b: Miraidon\n|move|p2a: Incineroar|Fake Out|p1b: Miraidon\n|-crit|p1b: Miraidon\n|-damage|p1b: Miraidon|83/100\n|move|p1a: Kyurem|Draco Meteor|p2b: the Manager|[miss]\n|-miss|p1a: Kyurem|p2b: the Manager\n|move|p2b: the Manager|Trick Room|p2b: the Manager\n|-fieldstart|move: Trick Room|[of] p2b: the Manager\n|\n|-sideend|p1: drvillager|move: Aurora Veil\n|upkeep\n|turn|7\n|\n|t:|1771916285\n|-terastallize|p1b: Miraidon|Electric\n|move|p2a: Incineroar|Knock Off|p1b: Miraidon\n|-damage|p1b: Miraidon|45/100\n|-enditem|p1b: Miraidon|Choice Specs|[from] move: Knock Off|[of] p2a: Incineroar\n|move|p2b: the Manager|Psychic|p1a: Kyurem\n|-damage|p1a: Kyurem|0 fnt\n|faint|p1a: Kyurem\n|move|p1b: Miraidon|Electro Drift|p2b: the Manager\n|-damage|p2b: the Manager|19/100\n|\n|upkeep\n|-message|drvillager forfeited.\n|\n|win|lalo's pollos\n|raw|drvillager's rating: 1271 &rarr; <strong>1254</strong><br />(-17 for losing)\n|raw|lalo&apos;s pollos's rating: 1385 &rarr; <strong>1399</strong><br />(+14 for winning)\n|l|\u2606drvillager\n|player|p1|\n|j|\u2606drvillager\n|player|p1|drvillager|wikstrom|\n|l|\u2606drvillager\n|player|p1|\n","uploadtime":1771916481,"views":13,"formatid":"gen9vgc2026regi","rating":1254,"private":0,"password":null}