{"id":"gen9vgc2026regi-2559209938","format":"[Gen 9] VGC 2026 Reg I","players":["Yamanohito","PATRIOTS_VG"],"log":"|j|\u2606Yamanohito\n|j|\u2606PATRIOTS_VG\n|t:|1773532914\n|gametype|doubles\n|player|p1|Yamanohito|265|1517\n|player|p2|PATRIOTS_VG|drayden|1469\n|gen|9\n|tier|[Gen 9] VGC 2026 Reg I\n|rated|\n|rule|Species Clause: Limit one of each Pok\u00e9mon\n|rule|Item Clause: Limit 1 of each item\n|clearpoke\n|poke|p1|Calyrex-Shadow, L50|\n|poke|p1|Miraidon, L50|\n|poke|p1|Rillaboom, L50, M|\n|poke|p1|Incineroar, L50, F|\n|poke|p1|Grimmsnarl, L50, M|\n|poke|p1|Clefairy, L50, M|\n|poke|p2|Incineroar, L50, F|\n|poke|p2|Rillaboom, L50, F|\n|poke|p2|Landorus, L50, M|\n|poke|p2|Smeargle, L50, F|\n|poke|p2|Koraidon, L50|\n|poke|p2|Calyrex-Ice, L50|\n|teampreview|4\n|inactive|Battle timer is ON: inactive players will automatically lose when time's up. (requested by PATRIOTS_VG)\n|j| KahunaVGC\n|\n|t:|1773532944\n|teamsize|p1|4\n|teamsize|p2|4\n|start\n|switch|p1a: Calyrex|Calyrex-Shadow, L50|100/100\n|switch|p1b: Incineroar|Incineroar, L50, F|100/100\n|switch|p2a: Smeargle|Smeargle, L50, F|100/100\n|switch|p2b: Calyrex|Calyrex-Ice, L50|100/100\n|-ability|p1a: Calyrex|As One\n|-ability|p1a: Calyrex|Unnerve\n|-ability|p2b: Calyrex|As One\n|-ability|p2b: Calyrex|Unnerve\n|-ability|p1b: Incineroar|Intimidate|boost\n|-unboost|p2a: Smeargle|atk|1\n|-unboost|p2b: Calyrex|atk|1\n|turn|1\n|inactive|Yamanohito has 30 seconds left.\n|\n|t:|1773532972\n|-terastallize|p1a: Calyrex|Fairy\n|-terastallize|p2b: Calyrex|Fairy\n|move|p1b: Incineroar|Fake Out|p2a: Smeargle\n|-damage|p2a: Smeargle|82/100\n|move|p1a: Calyrex|Calm Mind|p1a: Calyrex\n|-boost|p1a: Calyrex|spa|1\n|-boost|p1a: Calyrex|spd|1\n|cant|p2a: Smeargle|flinch\n|move|p2b: Calyrex|Trick Room|p2b: Calyrex\n|-fieldstart|move: Trick Room|[of] p2b: Calyrex\n|\n|-ability|p2a: Smeargle|Moody|boost\n|-boost|p2a: Smeargle|spd|2\n|-unboost|p2a: Smeargle|spa|1\n|upkeep\n|turn|2\n|inactive|Yamanohito has 30 seconds left.\n|inactive|Yamanohito has 20 seconds left.\n|inactive|Yamanohito has 15 seconds left.\n|inactive|Yamanohito has 10 seconds left.\n|inactive|Yamanohito has 5 seconds left.\n|\n|t:|1773533024\n|move|p2b: Calyrex|Glacial Lance|p1b: Incineroar|[spread] p1a,p1b\n|-resisted|p1b: Incineroar\n|-damage|p1a: Calyrex|69/100\n|-damage|p1b: Incineroar|88/100\n|move|p1b: Incineroar|Parting Shot|p2b: Calyrex\n|-unboost|p2b: Calyrex|atk|1\n|-unboost|p2b: Calyrex|spa|1\n|\n|t:|1773533031\n|switch|p1b: Miraidon|Miraidon, L50|100/100|[from] Parting Shot\n|-fieldstart|move: Electric Terrain|[from] ability: Hadron Engine|[of] p1b: Miraidon\n|move|p2a: Smeargle|Spore|p1a: Calyrex\n|-activate|p1a: Calyrex|move: Electric Terrain\n|move|p1a: Calyrex|Draining Kiss|p2a: Smeargle\n|-crit|p2a: Smeargle\n|-damage|p2a: Smeargle|0 fnt\n|-heal|p1a: Calyrex|100/100|[from] drain|[of] p2a: Smeargle\n|faint|p2a: Smeargle\n|-ability|p1a: Calyrex|Grim Neigh|boost\n|-boost|p1a: Calyrex|spa|1\n|\n|upkeep\n|\n|t:|1773533037\n|switch|p2a: Landorus|Landorus, L50, M|100/100\n|turn|3\n|inactive|Yamanohito has 30 seconds left.\n|\n|t:|1773533069\n|switch|p1b: Incineroar|Incineroar, L50, F|88/100\n|-ability|p1b: Incineroar|Intimidate|boost\n|-unboost|p2a: Landorus|atk|1\n|-unboost|p2b: Calyrex|atk|1\n|move|p1a: Calyrex|Protect|p1a: Calyrex\n|-singleturn|p1a: Calyrex|Protect\n|move|p2b: Calyrex|Glacial Lance|p1b: Incineroar|[spread] p1b\n|-activate|p1a: Calyrex|move: Protect\n|-resisted|p1b: Incineroar\n|-damage|p1b: Incineroar|80/100\n|move|p2a: Landorus|Sludge Bomb|p1a: Calyrex\n|-activate|p1a: Calyrex|move: Protect\n|\n|upkeep\n|turn|4\n|\n|t:|1773533086\n|switch|p2b: Incineroar|Incineroar, L50, F|100/100\n|-ability|p2b: Incineroar|Intimidate|boost\n|-unboost|p1a: Calyrex|atk|1\n|-unboost|p1b: Incineroar|atk|1\n|move|p2a: Landorus|Protect|p2a: Landorus\n|-singleturn|p2a: Landorus|Protect\n|move|p1b: Incineroar|Fake Out|p2a: Landorus\n|-activate|p2a: Landorus|move: Protect\n|move|p1a: Calyrex|Astral Barrage|p2b: Incineroar|[spread] p2b\n|-activate|p2a: Landorus|move: Protect\n|-resisted|p2b: Incineroar\n|-damage|p2b: Incineroar|57/100\n|\n|upkeep\n|turn|5\n|\n|t:|1773533105\n|move|p1a: Calyrex|Protect|p1a: Calyrex\n|-singleturn|p1a: Calyrex|Protect\n|move|p2b: Incineroar|Parting Shot|p1b: Incineroar\n|-unboost|p1b: Incineroar|atk|1\n|-unboost|p1b: Incineroar|spa|1\n|\n|t:|1773533107\n|switch|p2b: Calyrex|Calyrex-Ice, L50, tera:Fairy|100/100|[from] Parting Shot\n|-ability|p2b: Calyrex|As One\n|-ability|p2b: Calyrex|Unnerve\n|move|p1b: Incineroar|Parting Shot|p2a: Landorus\n|-unboost|p2a: Landorus|atk|1\n|-unboost|p2a: Landorus|spa|1\n|\n|t:|1773533117\n|switch|p1b: Clefairy|Clefairy, L50, M|100/100|[from] Parting Shot\n|move|p2a: Landorus|Sludge Bomb|p1a: Calyrex\n|-activate|p1a: Calyrex|move: Protect\n|\n|-fieldend|move: Trick Room\n|upkeep\n|turn|6\n|-message|PATRIOTS_VG forfeited.\n|\n|win|Yamanohito\n|raw|Yamanohito's rating: 1517 &rarr; <strong>1534</strong><br />(+17 for winning)\n|raw|PATRIOTS_VG's rating: 1469 &rarr; <strong>1452</strong><br />(-17 for losing)\n|l|\u2606PATRIOTS_VG\n|player|p2|\n|l|\u2606Yamanohito\n|player|p1|\n|l| KahunaVGC\n","uploadtime":1773533367,"views":9,"formatid":"gen9vgc2026regi","rating":1452,"private":0,"password":null}