{"id":"gen9vgc2026regi-2560866574","format":"[Gen 9] VGC 2026 Reg I","players":["DeStef2003","chenxiangruxie"],"log":"|j|\u2606DeStef2003\n|j|\u2606chenxiangruxie\n|t:|1773740009\n|gametype|doubles\n|player|p1|DeStef2003|miku-ghost|1241\n|player|p2|chenxiangruxie|dawn-gen4pt|1305\n|gen|9\n|tier|[Gen 9] VGC 2026 Reg I\n|rated|\n|rule|Species Clause: Limit one of each Pok\u00e9mon\n|rule|Item Clause: Limit 1 of each item\n|clearpoke\n|poke|p1|Miraidon, L50|\n|poke|p1|Calyrex-Ice, L50|\n|poke|p1|Incineroar, L50, F|\n|poke|p1|Whimsicott, L50, F|\n|poke|p1|Farigiraf, L50, M|\n|poke|p1|Iron Hands, L50|\n|poke|p2|Tornadus, L50, M|\n|poke|p2|Miraidon, L50|\n|poke|p2|Grimmsnarl, L50, M|\n|poke|p2|Urshifu-*, L50, M|\n|poke|p2|Calyrex-Ice, L50|\n|poke|p2|Landorus-Therian, L50, M|\n|teampreview|4\n|\n|t:|1773740042\n|teamsize|p1|4\n|teamsize|p2|4\n|start\n|switch|p1a: Miraidon|Miraidon, L50|100/100\n|switch|p1b: Incineroar|Incineroar, L50, F|100/100\n|switch|p2a: Landorus|Landorus-Therian, L50, M|100/100\n|switch|p2b: Grimmsnarl|Grimmsnarl, L50, M|100/100\n|-fieldstart|move: Electric Terrain|[from] ability: Hadron Engine|[of] p1a: Miraidon\n|-ability|p2a: Landorus|Intimidate|boost\n|-unboost|p1a: Miraidon|atk|1\n|-unboost|p1b: Incineroar|atk|1\n|-ability|p1b: Incineroar|Intimidate|boost\n|-unboost|p2a: Landorus|atk|1\n|-unboost|p2b: Grimmsnarl|atk|1\n|turn|1\n|\n|t:|1773740079\n|move|p2b: Grimmsnarl|Fake Out|p1a: Miraidon\n|-damage|p1a: Miraidon|92/100\n|move|p1b: Incineroar|Fake Out|p2a: Landorus\n|-damage|p2a: Landorus|93/100\n|cant|p1a: Miraidon|flinch\n|cant|p2a: Landorus|flinch\n|\n|upkeep\n|turn|2\n|\n|t:|1773740107\n|move|p2b: Grimmsnarl|Parting Shot|p1a: Miraidon\n|-unboost|p1a: Miraidon|atk|1\n|-unboost|p1a: Miraidon|spa|1\n|\n|t:|1773740111\n|switch|p2b: Miraidon|Miraidon, L50|100/100|[from] Parting Shot\n|-activate|p2b: Miraidon|ability: Hadron Engine\n|move|p1a: Miraidon|Volt Switch|p2b: Miraidon\n|-resisted|p2b: Miraidon\n|-damage|p2b: Miraidon|85/100\n|\n|t:|1773740120\n|switch|p1a: Calyrex|Calyrex-Ice, L50|100/100|[from] Volt Switch\n|-ability|p1a: Calyrex|As One\n|-ability|p1a: Calyrex|Unnerve\n|move|p2a: Landorus|Stomping Tantrum|p1a: Calyrex\n|-damage|p1a: Calyrex|64/100\n|move|p1b: Incineroar|Will-O-Wisp|p2a: Landorus\n|-status|p2a: Landorus|brn\n|\n|-damage|p2a: Landorus|87/100 brn|[from] brn\n|upkeep\n|turn|3\n|\n|t:|1773740142\n|move|p1a: Calyrex|Protect|p1a: Calyrex\n|-singleturn|p1a: Calyrex|Protect\n|move|p2b: Miraidon|Volt Switch|p1b: Incineroar\n|-damage|p1b: Incineroar|40/100\n|\n|t:|1773740149\n|switch|p2b: Grimmsnarl|Grimmsnarl, L50, M|100/100|[from] Volt Switch\n|move|p2a: Landorus|U-turn|p1b: Incineroar\n|-damage|p1b: Incineroar|34/100\n|\n|t:|1773740154\n|switch|p2a: Calyrex|Calyrex-Ice, L50|100/100|[from] U-turn\n|-ability|p2a: Calyrex|As One\n|-ability|p2a: Calyrex|Unnerve\n|move|p1b: Incineroar|Parting Shot|p2b: Grimmsnarl\n|-unboost|p2b: Grimmsnarl|atk|1\n|-unboost|p2b: Grimmsnarl|spa|1\n|\n|t:|1773740163\n|switch|p1b: Farigiraf|Farigiraf, L50, M|100/100|[from] Parting Shot\n|-enditem|p1b: Farigiraf|Electric Seed\n|-boost|p1b: Farigiraf|def|1|[from] item: Electric Seed\n|\n|upkeep\n|turn|4\n|\n|t:|1773740172\n|move|p2b: Grimmsnarl|False Surrender|p1a: Calyrex\n|-supereffective|p1a: Calyrex\n|-damage|p1a: Calyrex|27/100\n|move|p2a: Calyrex|Iron Defense|p2a: Calyrex\n|-boost|p2a: Calyrex|def|2\n|move|p1b: Farigiraf|Foul Play|p2a: Calyrex\n|-supereffective|p2a: Calyrex\n|-damage|p2a: Calyrex|69/100\n|move|p1a: Calyrex|Glacial Lance|p2a: Calyrex|[spread] p2a,p2b\n|-resisted|p2a: Calyrex\n|-damage|p2a: Calyrex|59/100\n|-damage|p2b: Grimmsnarl|22/100\n|\n|-heal|p2a: Calyrex|65/100|[from] item: Leftovers\n|upkeep\n|turn|5\n|\n|t:|1773740193\n|switch|p1a: Incineroar|Incineroar, L50, F|34/100\n|-ability|p1a: Incineroar|Intimidate|boost\n|-unboost|p2a: Calyrex|atk|1\n|-unboost|p2b: Grimmsnarl|atk|1\n|move|p2b: Grimmsnarl|False Surrender|p1b: Farigiraf\n|-supereffective|p1b: Farigiraf\n|-damage|p1b: Farigiraf|78/100\n|move|p2a: Calyrex|Glacial Lance|p1b: Farigiraf|[spread] p1a,p1b\n|-resisted|p1a: Incineroar\n|-damage|p1a: Incineroar|19/100\n|-damage|p1b: Farigiraf|58/100\n|move|p1b: Farigiraf|Foul Play|p2a: Calyrex\n|-supereffective|p2a: Calyrex\n|-damage|p2a: Calyrex|47/100\n|\n|-heal|p2a: Calyrex|53/100|[from] item: Leftovers\n|-fieldend|move: Electric Terrain\n|upkeep\n|turn|6\n|\n|t:|1773740231\n|switch|p2b: Miraidon|Miraidon, L50|85/100\n|-fieldstart|move: Electric Terrain|[from] ability: Hadron Engine|[of] p2b: Miraidon\n|move|p2a: Calyrex|Protect|p2a: Calyrex\n|-singleturn|p2a: Calyrex|Protect\n|move|p1a: Incineroar|Knock Off|p2b: Miraidon\n|-damage|p2b: Miraidon|47/100\n|-enditem|p2b: Miraidon|Choice Scarf|[from] move: Knock Off|[of] p1a: Incineroar\n|move|p1b: Farigiraf|Foul Play|p2b: Miraidon\n|-damage|p2b: Miraidon|30/100\n|\n|-heal|p2a: Calyrex|59/100|[from] item: Leftovers\n|upkeep\n|turn|7\n|\n|t:|1773740263\n|move|p2b: Miraidon|Volt Switch|p1b: Farigiraf\n|-damage|p1b: Farigiraf|0 fnt\n|faint|p1b: Farigiraf\n|\n|t:|1773740268\n|switch|p2b: Grimmsnarl|Grimmsnarl, L50, M|22/100|[from] Volt Switch\n|move|p2a: Calyrex|Body Press|p1a: Incineroar\n|-supereffective|p1a: Incineroar\n|-damage|p1a: Incineroar|0 fnt\n|faint|p1a: Incineroar\n|-ability|p2a: Calyrex|Chilling Neigh|boost\n|-boost|p2a: Calyrex|atk|1\n|\n|-heal|p2a: Calyrex|65/100|[from] item: Leftovers\n|upkeep\n|\n|t:|1773740273\n|switch|p1a: Calyrex|Calyrex-Ice, L50|27/100\n|switch|p1b: Miraidon|Miraidon, L50|92/100\n|-ability|p1a: Calyrex|As One\n|-ability|p1a: Calyrex|Unnerve\n|-activate|p1b: Miraidon|ability: Hadron Engine\n|turn|8\n|\n|t:|1773740297\n|-terastallize|p1a: Calyrex|Fire\n|move|p2b: Grimmsnarl|Fake Out|p1b: Miraidon\n|-damage|p1b: Miraidon|79/100\n|cant|p1b: Miraidon|flinch\n|move|p2a: Calyrex|Glacial Lance|p1a: Calyrex|[spread] p1a,p1b\n|-resisted|p1a: Calyrex\n|-supereffective|p1b: Miraidon\n|-damage|p1a: Calyrex|8/100\n|-damage|p1b: Miraidon|0 fnt\n|faint|p1b: Miraidon\n|-ability|p2a: Calyrex|Chilling Neigh|boost\n|-boost|p2a: Calyrex|atk|1\n|move|p1a: Calyrex|Trick Room|p1a: Calyrex\n|-fieldstart|move: Trick Room|[of] p1a: Calyrex\n|\n|-heal|p2a: Calyrex|71/100|[from] item: Leftovers\n|upkeep\n|turn|9\n|\n|t:|1773740318\n|move|p2b: Grimmsnarl|Parting Shot|p1a: Calyrex\n|-fail|p1a: Calyrex|unboost|[from] item: Clear Amulet|[of] p1a: Calyrex\n|move|p1a: Calyrex|Glacial Lance|p2b: Grimmsnarl|[spread] p2a,p2b\n|-resisted|p2a: Calyrex\n|-crit|p2b: Grimmsnarl\n|-damage|p2a: Calyrex|61/100\n|-damage|p2b: Grimmsnarl|0 fnt\n|faint|p2b: Grimmsnarl\n|-ability|p1a: Calyrex|Chilling Neigh|boost\n|-boost|p1a: Calyrex|atk|1\n|move|p2a: Calyrex|Body Press|p1a: Calyrex\n|-damage|p1a: Calyrex|0 fnt\n|faint|p1a: Calyrex\n|\n|win|chenxiangruxie\n|raw|DeStef2003's rating: 1241 &rarr; <strong>1221</strong><br />(-20 for losing)\n|raw|chenxiangruxie's rating: 1305 &rarr; <strong>1321</strong><br />(+16 for winning)\n|l|\u2606DeStef2003\n|player|p1|\n|l|\u2606chenxiangruxie\n|player|p2|\n","uploadtime":1773740584,"views":10,"formatid":"gen9vgc2026regi","rating":1221,"private":0,"password":null}