{"id":"gen9vgc2026regi-2573788777","format":"[Gen 9] VGC 2026 Reg I","players":["buzbee2000","Mirthinion"],"log":"|j|\u2606buzbee2000\n|j|\u2606Mirthinion\n|t:|1775165080\n|gametype|doubles\n|player|p1|buzbee2000|mustard|1383\n|player|p2|Mirthinion|janitor|1524\n|gen|9\n|tier|[Gen 9] VGC 2026 Reg I\n|rated|\n|rule|Species Clause: Limit one of each Pok\u00e9mon\n|rule|Item Clause: Limit 1 of each item\n|clearpoke\n|poke|p1|Lunala, L50|\n|poke|p1|Miraidon, L50|\n|poke|p1|Incineroar, L50, M|\n|poke|p1|Ursaluna, L50, F|\n|poke|p1|Grimmsnarl, L50, M|\n|poke|p1|Urshifu-*, L50, M|\n|poke|p2|Calyrex-Shadow, L50|\n|poke|p2|Zamazenta-*, L50|\n|poke|p2|Urshifu-*, L50, M|\n|poke|p2|Incineroar, L50, M|\n|poke|p2|Rillaboom, L50, M|\n|poke|p2|Tornadus, L50, M|\n|teampreview|4\n|inactive|Battle timer is ON: inactive players will automatically lose when time's up. (requested by Mirthinion)\nMirthinion rejected open team sheets.\n|j| elpapugrasoso1\n|inactive|buzbee2000 has 60 seconds left.\n|inactive|Mirthinion has 60 seconds left.\n|\n|t:|1775165119\n|teamsize|p1|4\n|teamsize|p2|4\n|start\n|switch|p1a: Grimmsnarl|Grimmsnarl, L50, M|100/100\n|switch|p1b: Lunala|Lunala, L50|100/100\n|switch|p2a: Hoplite|Rillaboom, L50, M|100/100\n|switch|p2b: Drambor|Zamazenta-Crowned, L50|100/100\n|-ability|p2b: Drambor|Dauntless Shield|boost\n|-boost|p2b: Drambor|def|1\n|-fieldstart|move: Grassy Terrain|[from] ability: Grassy Surge|[of] p2a: Hoplite\n|turn|1\n|\n|t:|1775165134\n|switch|p1a: Miraidon|Miraidon, L50|100/100\n|-fieldstart|move: Electric Terrain|[from] ability: Hadron Engine|[of] p1a: Miraidon\n|-enditem|p1b: Lunala|Electric Seed\n|-boost|p1b: Lunala|def|1|[from] item: Electric Seed\n|move|p2a: Hoplite|Fake Out|p1a: Miraidon\n|-damage|p1a: Miraidon|88/100\n|move|p2b: Drambor|Behemoth Bash|p1a: Miraidon\n|-resisted|p1a: Miraidon\n|-damage|p1a: Miraidon|72/100\n|move|p1b: Lunala|Moongeist Beam|p2b: Drambor\n|-damage|p2b: Drambor|56/100\n|\n|upkeep\n|turn|2\n|\n|t:|1775165162\n|move|p2b: Drambor|Body Press|p1a: Miraidon\n|-crit|p1a: Miraidon\n|-damage|p1a: Miraidon|0 fnt\n|faint|p1a: Miraidon\n|move|p1b: Lunala|Moongeist Beam|p2a: Hoplite\n|-damage|p2a: Hoplite|59/100\n|move|p2a: Hoplite|U-turn|p1b: Lunala\n|-damage|p1b: Lunala|94/100\n|c|\u2606buzbee2000|bruh\n|\n|t:|1775165175\n|switch|p2a: Wolfgang|Incineroar, L50, M|100/100|[from] U-turn\n|-ability|p2a: Wolfgang|Intimidate|boost\n|-unboost|p1b: Lunala|atk|1\n|\n|upkeep\n|c|\u2606buzbee2000|im 252 hp lol\n|\n|t:|1775165185\n|switch|p1a: Ursaluna|Ursaluna, L50, F|100/100\n|turn|3\n|\n|t:|1775165202\n|move|p1a: Ursaluna|Protect|p1a: Ursaluna\n|-singleturn|p1a: Ursaluna|Protect\n|move|p2b: Drambor|Behemoth Bash|p1b: Lunala\n|-crit|p1b: Lunala\n|-damage|p1b: Lunala|52/100\n|move|p2a: Wolfgang|Knock Off|p1a: Ursaluna\n|-activate|p1a: Ursaluna|move: Protect\n|move|p1b: Lunala|Trick Room|p1b: Lunala\n|-fieldstart|move: Trick Room|[of] p1b: Lunala\n|\n|-status|p1a: Ursaluna|brn|[from] item: Flame Orb\n|upkeep\n|turn|4\n|\n|t:|1775165216\n|-terastallize|p2a: Wolfgang|Bug\n|move|p2b: Drambor|Protect|p2b: Drambor\n|-singleturn|p2b: Drambor|Protect\n|move|p1b: Lunala|Wide Guard|p1b: Lunala\n|-singleturn|p1b: Lunala|Wide Guard\n|move|p1a: Ursaluna|Earthquake|p2a: Wolfgang|[spread] p2a\n|-activate|p1b: Lunala|move: Wide Guard\n|-activate|p2b: Drambor|move: Protect\n|-resisted|p2a: Wolfgang\n|-damage|p2a: Wolfgang|70/100\n|move|p2a: Wolfgang|Parting Shot|p1a: Ursaluna\n|-unboost|p1a: Ursaluna|atk|1\n|-unboost|p1a: Ursaluna|spa|1\n|\n|t:|1775165229\n|switch|p2a: Hoplite|Rillaboom, L50, M|59/100|[from] Parting Shot\n|-fieldstart|move: Grassy Terrain|[from] ability: Grassy Surge|[of] p2a: Hoplite\n|\n|-heal|p2a: Hoplite|65/100|[from] Grassy Terrain\n|-heal|p1b: Lunala|59/100|[from] Grassy Terrain\n|-heal|p2b: Drambor|63/100|[from] Grassy Terrain\n|-damage|p1a: Ursaluna|95/100 brn|[from] brn\n|upkeep\n|turn|5\n|\n|t:|1775165246\n|move|p1a: Ursaluna|Protect|p1a: Ursaluna\n|-singleturn|p1a: Ursaluna|Protect\n|move|p2a: Hoplite|U-turn|p1b: Lunala\n|-damage|p1b: Lunala|47/100\n|\n|t:|1775165251\n|switch|p2a: Wolfgang|Incineroar, L50, M, tera:Bug|70/100|[from] U-turn\n|-ability|p2a: Wolfgang|Intimidate|boost\n|-unboost|p1a: Ursaluna|atk|1\n|-unboost|p1b: Lunala|atk|1\n|move|p1b: Lunala|Moongeist Beam|p2b: Drambor\n|-damage|p2b: Drambor|20/100\n|move|p2b: Drambor|Body Press|p1a: Ursaluna\n|-activate|p1a: Ursaluna|move: Protect\n|\n|-heal|p1a: Ursaluna|100/100 brn|[from] Grassy Terrain\n|-heal|p2a: Wolfgang|76/100|[from] Grassy Terrain\n|-heal|p1b: Lunala|53/100|[from] Grassy Terrain\n|-heal|p2b: Drambor|26/100|[from] Grassy Terrain\n|-damage|p1a: Ursaluna|95/100 brn|[from] brn\n|upkeep\n|turn|6\n|\n|t:|1775165268\n|switch|p1a: Grimmsnarl|Grimmsnarl, L50, M|100/100\n|move|p2b: Drambor|Protect|p2b: Drambor\n|-singleturn|p2b: Drambor|Protect\n|move|p2a: Wolfgang|Knock Off|p1b: Lunala\n|-supereffective|p1b: Lunala\n|-damage|p1b: Lunala|6/100\n|move|p1b: Lunala|Moongeist Beam|p2b: Drambor\n|-activate|p2b: Drambor|move: Protect\n|\n|-heal|p2a: Wolfgang|82/100|[from] Grassy Terrain\n|-heal|p1b: Lunala|12/100|[from] Grassy Terrain\n|-heal|p2b: Drambor|32/100|[from] Grassy Terrain\n|upkeep\n|turn|7\n|\n|t:|1775165287\n|move|p1a: Grimmsnarl|Reflect|p1a: Grimmsnarl\n|-sidestart|p1: buzbee2000|Reflect\n|move|p2a: Wolfgang|Parting Shot|p1a: Grimmsnarl\n|-unboost|p1a: Grimmsnarl|atk|1\n|-unboost|p1a: Grimmsnarl|spa|1\n|\n|t:|1775165293\n|switch|p2a: Hoplite|Rillaboom, L50, M|65/100|[from] Parting Shot\n|move|p1b: Lunala|Moongeist Beam|p2b: Drambor\n|-damage|p2b: Drambor|0 fnt\n|faint|p2b: Drambor\n|\n|-heal|p2a: Hoplite|71/100|[from] Grassy Terrain\n|-heal|p1b: Lunala|18/100|[from] Grassy Terrain\n|-fieldend|move: Trick Room\n|upkeep\n|\n|t:|1775165302\n|switch|p2b: Mithrandir|Calyrex-Shadow, L50|100/100\n|-ability|p2b: Mithrandir|As One\n|-ability|p2b: Mithrandir|Unnerve\n|turn|8\n|\n|t:|1775165311\n|move|p1b: Lunala|Wide Guard|p1b: Lunala\n|-singleturn|p1b: Lunala|Wide Guard\n|move|p2a: Hoplite|Fake Out|p1a: Grimmsnarl\n|-damage|p1a: Grimmsnarl|91/100\n|cant|p1a: Grimmsnarl|flinch\n|move|p2b: Mithrandir|Pollen Puff|p1b: Lunala\n|-damage|p1b: Lunala|0 fnt\n|faint|p1b: Lunala\n|-ability|p2b: Mithrandir|Grim Neigh|boost\n|-boost|p2b: Mithrandir|spa|1\n|\n|-heal|p2a: Hoplite|77/100|[from] Grassy Terrain\n|-heal|p1a: Grimmsnarl|97/100|[from] Grassy Terrain\n|-fieldend|move: Grassy Terrain\n|upkeep\n|l| elpapugrasoso1\n|\n|t:|1775165319\n|switch|p1b: Ursaluna|Ursaluna, L50, F|95/100 brn\n|turn|9\n|\n|t:|1775165338\n|switch|p2a: Wolfgang|Incineroar, L50, M, tera:Bug|82/100\n|-ability|p2a: Wolfgang|Intimidate|boost\n|-unboost|p1a: Grimmsnarl|atk|1\n|-unboost|p1b: Ursaluna|atk|1\n|move|p2b: Mithrandir|Protect|p2b: Mithrandir\n|-singleturn|p2b: Mithrandir|Protect\n|move|p1a: Grimmsnarl|Light Screen|p1a: Grimmsnarl\n|-sidestart|p1: buzbee2000|move: Light Screen\n|move|p1b: Ursaluna|Earthquake|p2b: Mithrandir|[spread] p1a,p2a\n|-activate|p2b: Mithrandir|move: Protect\n|-resisted|p2a: Wolfgang\n|-damage|p1a: Grimmsnarl|68/100\n|-damage|p2a: Wolfgang|61/100\n|\n|-damage|p1b: Ursaluna|89/100 brn|[from] brn\n|upkeep\n|turn|10\n|-message|buzbee2000 forfeited.\n|\n|win|Mirthinion\n|raw|buzbee2000's rating: 1383 &rarr; <strong>1371</strong><br />(-12 for losing)\n|raw|Mirthinion's rating: 1524 &rarr; <strong>1536</strong><br />(+12 for winning)\n|l|\u2606buzbee2000\n|player|p1|\n","uploadtime":1775165480,"views":40,"formatid":"gen9vgc2026regi","rating":1371,"private":0,"password":null}