{"id":"gen9vgc2026regi-2578749391","format":"[Gen 9] VGC 2026 Reg I","players":["TheNamesBetty","yaochangzhe"],"log":"|j|\u2606TheNamesBetty\n|j|\u2606yaochangzhe\n|t:|1775712204\n|gametype|doubles\n|player|p1|TheNamesBetty|koga|1408\n|player|p2|yaochangzhe|170|1400\n|gen|9\n|tier|[Gen 9] VGC 2026 Reg I\n|rated|\n|rule|Species Clause: Limit one of each Pok\u00e9mon\n|rule|Item Clause: Limit 1 of each item\n|clearpoke\n|poke|p1|Koraidon, L50|\n|poke|p1|Calyrex-Shadow, L50|\n|poke|p1|Tornadus, L50, M|\n|poke|p1|Urshifu-*, L50, F|\n|poke|p1|Jumpluff, L50, F|\n|poke|p1|Dewgong, L50, M|\n|poke|p2|Dondozo, L50, F|\n|poke|p2|Tatsugiri, L50, F|\n|poke|p2|Incineroar, L50, M|\n|poke|p2|Iron Bundle, L50|\n|poke|p2|Calyrex-Ice, L50|\n|poke|p2|Miraidon, L50|\n|teampreview|4\n|inactive|Battle timer is ON: inactive players will automatically lose when time's up. (requested by yaochangzhe)\n|\n|t:|1775712230\n|teamsize|p1|4\n|teamsize|p2|4\n|start\n|switch|p1a: Houska se sal\u00e1mem|Urshifu, L50, F|100/100\n|switch|p1b: Kedluben|Calyrex-Shadow, L50|100/100\n|switch|p2a: Tatsugiri|Tatsugiri, L50, F, shiny|100/100\n|switch|p2b: Miraidon|Miraidon, L50|100/100\n|-ability|p1b: Kedluben|As One\n|-ability|p1b: Kedluben|Unnerve\n|-fieldstart|move: Electric Terrain|[from] ability: Hadron Engine|[of] p2b: Miraidon\n|turn|1\n|inactive|yaochangzhe has 30 seconds left.\n|inactive|yaochangzhe has 20 seconds left.\n|\n|t:|1775712270\n|move|p1a: Houska se sal\u00e1mem|Wicked Blow|p2b: Miraidon\n|-crit|p2b: Miraidon\n|-damage|p2b: Miraidon|39/100\n|move|p1b: Kedluben|Astral Barrage|p2b: Miraidon|[spread] p2a,p2b\n|-damage|p2a: Tatsugiri|26/100\n|-damage|p2b: Miraidon|0 fnt\n|faint|p2b: Miraidon\n|-ability|p1b: Kedluben|Grim Neigh|boost\n|-boost|p1b: Kedluben|spa|1\n|-damage|p1b: Kedluben|91/100|[from] item: Life Orb\n|move|p2a: Tatsugiri|Muddy Water|p1a: Houska se sal\u00e1mem|[spread] p1a,p1b\n|-damage|p1a: Houska se sal\u00e1mem|60/100\n|-damage|p1b: Kedluben|63/100\n|\n|upkeep\n|\n|t:|1775712276\n|switch|p2b: Dondozo|Dondozo, L50, F, shiny|100/100\n|-activate|p2a: Tatsugiri|ability: Commander|[of] p2b: Dondozo\n|-boost|p2b: Dondozo|atk|2\n|-boost|p2b: Dondozo|spa|2\n|-boost|p2b: Dondozo|spe|2\n|-boost|p2b: Dondozo|def|2\n|-boost|p2b: Dondozo|spd|2\n|turn|2\n|\n|t:|1775712298\n|move|p1b: Kedluben|Protect|p1b: Kedluben\n|-singleturn|p1b: Kedluben|Protect\n|move|p1a: Houska se sal\u00e1mem|Wicked Blow|p2b: Dondozo\n|-crit|p2b: Dondozo\n|-damage|p2b: Dondozo|61/100\n|move|p2b: Dondozo|Wave Crash|p1a: Houska se sal\u00e1mem\n|-damage|p1a: Houska se sal\u00e1mem|0 fnt\n|faint|p1a: Houska se sal\u00e1mem\n|-damage|p2b: Dondozo|47/100|[from] Recoil\n|\n|-heal|p2b: Dondozo|53/100|[from] item: Leftovers\n|upkeep\n|\n|t:|1775712309\n|switch|p1a: Kakaj\u00ed\u010dko?|Jumpluff, L50, F|100/100\n|turn|3\n|inactive|yaochangzhe has 30 seconds left.\n|inactive|yaochangzhe has 20 seconds left.\n|inactive|yaochangzhe has 15 seconds left.\n|inactive|yaochangzhe has 10 seconds left.\n|\n|t:|1775712358\n|move|p1a: Kakaj\u00ed\u010dko?|Rage Powder|p1a: Kakaj\u00ed\u010dko?\n|-singleturn|p1a: Kakaj\u00ed\u010dko?|move: Rage Powder\n|move|p1b: Kedluben|Nasty Plot|p1b: Kedluben\n|-boost|p1b: Kedluben|spa|2\n|move|p2b: Dondozo|Wave Crash|p1a: Kakaj\u00ed\u010dko?\n|-resisted|p1a: Kakaj\u00ed\u010dko?\n|-damage|p1a: Kakaj\u00ed\u010dko?|35/100\n|-damage|p2b: Dondozo|37/100|[from] Recoil\n|\n|-heal|p2b: Dondozo|43/100|[from] item: Leftovers\n|upkeep\n|turn|4\n|\n|t:|1775712373\n|move|p1a: Kakaj\u00ed\u010dko?|Rage Powder|p1a: Kakaj\u00ed\u010dko?\n|-singleturn|p1a: Kakaj\u00ed\u010dko?|move: Rage Powder\n|move|p1b: Kedluben|Psychic|p2b: Dondozo\n|-damage|p2b: Dondozo|13/100\n|-damage|p1b: Kedluben|53/100|[from] item: Life Orb\n|move|p2b: Dondozo|Wave Crash|p1a: Kakaj\u00ed\u010dko?\n|-resisted|p1a: Kakaj\u00ed\u010dko?\n|-crit|p1a: Kakaj\u00ed\u010dko?\n|-damage|p1a: Kakaj\u00ed\u010dko?|0 fnt\n|faint|p1a: Kakaj\u00ed\u010dko?\n|-damage|p2b: Dondozo|5/100|[from] Recoil\n|\n|-heal|p2b: Dondozo|11/100|[from] item: Leftovers\n|upkeep\n|\n|t:|1775712381\n|switch|p1a: Jan\u017di\u017ekaZTrocnova|Koraidon, L50|100/100\n|-weather|SunnyDay|[from] ability: Orichalcum Pulse|[of] p1a: Jan\u017di\u017ekaZTrocnova\n|-activate|p1a: Jan\u017di\u017ekaZTrocnova|Orichalcum Pulse|[source]\n|turn|5\n|\n|t:|1775712394\n|move|p2b: Dondozo|Protect|p2b: Dondozo\n|-singleturn|p2b: Dondozo|Protect\n|move|p1b: Kedluben|Psychic|p2b: Dondozo\n|-activate|p2b: Dondozo|move: Protect\n|move|p1a: Jan\u017di\u017ekaZTrocnova|Flame Charge|p2a: Tatsugiri|[miss]\n|-miss|p1a: Jan\u017di\u017ekaZTrocnova|p2a: Tatsugiri\n|\n|-weather|SunnyDay|[upkeep]\n|-heal|p2b: Dondozo|18/100|[from] item: Leftovers\n|-fieldend|move: Electric Terrain\n|upkeep\n|turn|6\n|\n|t:|1775712405\n|move|p1b: Kedluben|Psychic|p2b: Dondozo\n|-damage|p2b: Dondozo|0 fnt\n|faint|p2b: Dondozo\n|-ability|p1b: Kedluben|Grim Neigh|boost\n|-boost|p1b: Kedluben|spa|1\n|-damage|p1b: Kedluben|43/100|[from] item: Life Orb\n|move|p1a: Jan\u017di\u017ekaZTrocnova|Flame Charge|p2a: Tatsugiri\n|-resisted|p2a: Tatsugiri\n|-damage|p2a: Tatsugiri|16/100\n|-boost|p1a: Jan\u017di\u017ekaZTrocnova|spe|1\n|\n|-weather|SunnyDay|[upkeep]\n|upkeep\n|-message|yaochangzhe forfeited.\n|\n|win|TheNamesBetty\n|raw|TheNamesBetty's rating: 1408 &rarr; <strong>1428</strong><br />(+20 for winning)\n|raw|yaochangzhe's rating: 1400 &rarr; <strong>1380</strong><br />(-20 for losing)\n|l|\u2606yaochangzhe\n|player|p2|\n|l|\u2606TheNamesBetty\n|player|p1|\n","uploadtime":1775712570,"views":7,"formatid":"gen9vgc2026regi","rating":1380,"private":0,"password":null}