{"id":"gen9vgc2026regi-2537696324","format":"[Gen 9] VGC 2026 Reg I","players":["Trickroomspore","lalo's pollos"],"log":"|j|\u2606Trickroomspore\n|j|\u2606lalo's pollos\n|t:|1770839341\n|gametype|doubles\n|player|p1|Trickroomspore|1|1361\n|player|p2|lalo's pollos|101|1477\n|gen|9\n|tier|[Gen 9] VGC 2026 Reg I\n|rated|\n|rule|Species Clause: Limit one of each Pok\u00e9mon\n|rule|Item Clause: Limit 1 of each item\n|clearpoke\n|poke|p1|Miraidon, L50|\n|poke|p1|Calyrex-Ice, L50|\n|poke|p1|Flutter Mane, L50|\n|poke|p1|Chi-Yu, L50|\n|poke|p1|Urshifu-*, L50, F|\n|poke|p1|Iron Hands, L50|\n|poke|p2|Zamazenta-*, L50|\n|poke|p2|Lunala, L50|\n|poke|p2|Rillaboom, L50, F|\n|poke|p2|Incineroar, L50, M|\n|poke|p2|Urshifu-*, L50, F|\n|poke|p2|Tornadus, L50, M|\n|teampreview|4\n|\n|t:|1770839354\n|teamsize|p1|4\n|teamsize|p2|4\n|start\n|switch|p1a: Flutter Mane|Flutter Mane, L50, shiny|100/100\n|switch|p1b: Chi-Yu|Chi-Yu, L50|100/100\n|switch|p2a: Rillaboom|Rillaboom, L50, F|100/100\n|switch|p2b: Lunala|Lunala, L50|100/100\n|-ability|p1b: Chi-Yu|Beads of Ruin\n|-fieldstart|move: Grassy Terrain|[from] ability: Grassy Surge|[of] p2a: Rillaboom\n|-enditem|p1a: Flutter Mane|Booster Energy\n|-activate|p1a: Flutter Mane|ability: Protosynthesis|[fromitem]\n|-start|p1a: Flutter Mane|protosynthesisspe\n|turn|1\n|\n|t:|1770839379\n|-terastallize|p1b: Chi-Yu|Ghost\n|-terastallize|p2b: Lunala|Fairy\n|move|p2a: Rillaboom|Fake Out|p1b: Chi-Yu\n|-immune|p1b: Chi-Yu\n|move|p1a: Flutter Mane|Moonblast|p2b: Lunala\n|-damage|p2b: Lunala|78/100\n|-unboost|p2b: Lunala|spa|1\n|move|p1b: Chi-Yu|Heat Wave|p2a: Rillaboom|[spread] p2a\n|-miss|p1b: Chi-Yu|p2b: Lunala\n|-supereffective|p2a: Rillaboom\n|-damage|p2a: Rillaboom|11/100\n|move|p2b: Lunala|Calm Mind|p2b: Lunala\n|-boost|p2b: Lunala|spa|1\n|-boost|p2b: Lunala|spd|1\n|\n|-heal|p2b: Lunala|83/100|[from] Grassy Terrain\n|-heal|p2b: Lunala|89/100|[from] item: Leftovers\n|-heal|p2a: Rillaboom|16/100|[from] Grassy Terrain\n|upkeep\n|turn|2\n|\n|t:|1770839411\n|move|p2a: Rillaboom|Grassy Glide|p1b: Chi-Yu\n|-damage|p1b: Chi-Yu|52/100\n|move|p1a: Flutter Mane|Moonblast|p2a: Rillaboom\n|-damage|p2a: Rillaboom|0 fnt\n|faint|p2a: Rillaboom\n|move|p1b: Chi-Yu|Heat Wave|p2b: Lunala\n|-damage|p2b: Lunala|55/100\n|move|p2b: Lunala|Calm Mind|p2b: Lunala\n|-boost|p2b: Lunala|spa|1\n|-boost|p2b: Lunala|spd|1\n|\n|-heal|p1b: Chi-Yu|58/100|[from] Grassy Terrain\n|-heal|p2b: Lunala|61/100|[from] Grassy Terrain\n|-heal|p2b: Lunala|67/100|[from] item: Leftovers\n|upkeep\n|\n|t:|1770839422\n|switch|p2a: Tornadus|Tornadus, L50, M|100/100\n|turn|3\n|\n|t:|1770839429\n|move|p2a: Tornadus|Tailwind|p2a: Tornadus\n|-sidestart|p2: lalo's pollos|move: Tailwind\n|move|p1a: Flutter Mane|Icy Wind|p2a: Tornadus|[spread] p2a,p2b\n|-supereffective|p2a: Tornadus\n|-damage|p2a: Tornadus|54/100\n|-damage|p2b: Lunala|60/100\n|-unboost|p2a: Tornadus|spe|1\n|-unboost|p2b: Lunala|spe|1\n|move|p1b: Chi-Yu|Heat Wave|p2b: Lunala|[spread] p2a,p2b\n|-damage|p2a: Tornadus|0 fnt\n|-damage|p2b: Lunala|40/100\n|faint|p2a: Tornadus\n|move|p2b: Lunala|Moongeist Beam|p1b: Chi-Yu\n|-supereffective|p1b: Chi-Yu\n|-damage|p1b: Chi-Yu|0 fnt\n|faint|p1b: Chi-Yu\n|\n|-heal|p2b: Lunala|46/100|[from] Grassy Terrain\n|-heal|p2b: Lunala|52/100|[from] item: Leftovers\n|upkeep\n|\n|t:|1770839440\n|switch|p2a: Zamazenta|Zamazenta-Crowned, L50|100/100\n|switch|p1b: Miraidon|Miraidon, L50|100/100\n|-ability|p2a: Zamazenta|Dauntless Shield|boost\n|-boost|p2a: Zamazenta|def|1\n|-fieldstart|move: Electric Terrain|[from] ability: Hadron Engine|[of] p1b: Miraidon\n|turn|4\n|\n|t:|1770839469\n|move|p2a: Zamazenta|Heavy Slam|p1b: Miraidon\n|-resisted|p1b: Miraidon\n|-damage|p1b: Miraidon|86/100\n|move|p1a: Flutter Mane|Icy Wind|p2a: Zamazenta|[spread] p2a,p2b\n|-resisted|p2a: Zamazenta\n|-crit|p2b: Lunala\n|-damage|p2a: Zamazenta|96/100\n|-damage|p2b: Lunala|36/100\n|-unboost|p2a: Zamazenta|spe|1\n|-unboost|p2b: Lunala|spe|1\n|move|p1b: Miraidon|Electro Drift|p2b: Lunala\n|-damage|p2b: Lunala|4/100\n|move|p2b: Lunala|Moonblast|p1b: Miraidon\n|-supereffective|p1b: Miraidon\n|-damage|p1b: Miraidon|0 fnt\n|faint|p1b: Miraidon\n|\n|-heal|p2b: Lunala|10/100|[from] item: Leftovers\n|upkeep\n|\n|t:|1770839476\n|switch|p1b: Urshifu|Urshifu, L50, F|100/100\n|turn|5\n|\n|t:|1770839500\n|move|p2b: Lunala|Protect|p2b: Lunala\n|-singleturn|p2b: Lunala|Protect\n|move|p1b: Urshifu|Sucker Punch||[still]\n|-fail|p1b: Urshifu\n|move|p1a: Flutter Mane|Moonblast|p2a: Zamazenta\n|-damage|p2a: Zamazenta|58/100\n|-unboost|p2a: Zamazenta|spa|1\n|move|p2a: Zamazenta|Heavy Slam|p1a: Flutter Mane\n|-supereffective|p1a: Flutter Mane\n|-damage|p1a: Flutter Mane|0 fnt\n|faint|p1a: Flutter Mane\n|-end|p1a: Flutter Mane|Protosynthesis|[silent]\n|\n|-heal|p2b: Lunala|16/100|[from] item: Leftovers\n|upkeep\n|turn|6\n|\n|t:|1770839514\n|move|p2a: Zamazenta|Body Press|p1b: Urshifu\n|-supereffective|p1b: Urshifu\n|-enditem|p1b: Urshifu|Focus Sash\n|-damage|p1b: Urshifu|1/100\n|move|p1b: Urshifu|Wicked Blow|p2b: Lunala\n|-resisted|p2b: Lunala\n|-crit|p2b: Lunala\n|-damage|p2b: Lunala|0 fnt\n|faint|p2b: Lunala\n|\n|-sideend|p2: lalo's pollos|move: Tailwind\n|upkeep\n|turn|7\n|\n|t:|1770839522\n|move|p1b: Urshifu|Close Combat|p2a: Zamazenta\n|-supereffective|p2a: Zamazenta\n|-damage|p2a: Zamazenta|10/100\n|-unboost|p1b: Urshifu|def|1\n|-unboost|p1b: Urshifu|spd|1\n|move|p2a: Zamazenta|Heavy Slam|p1b: Urshifu\n|-damage|p1b: Urshifu|0 fnt\n|faint|p1b: Urshifu\n|\n|win|lalo's pollos\n|raw|Trickroomspore's rating: 1361 &rarr; <strong>1347</strong><br />(-14 for losing)\n|raw|lalo&apos;s pollos's rating: 1477 &rarr; <strong>1491</strong><br />(+14 for winning)\n|l|\u2606Trickroomspore\n|player|p1|\n","uploadtime":1770839525,"views":11,"formatid":"gen9vgc2026regi","rating":1347,"private":0,"password":null}