{"id":"gen9vgc2026regi-2564602593","format":"[Gen 9] VGC 2026 Reg I","players":["Gjuj","shecallmedada"],"log":"|j|\u2606Gjuj\n|j|\u2606shecallmedada\n|t:|1774172703\n|gametype|doubles\n|player|p1|Gjuj|colress|1320\n|player|p2|shecallmedada|burglar-gen1rb|1318\n|gen|9\n|tier|[Gen 9] VGC 2026 Reg I\n|rated|\n|rule|Species Clause: Limit one of each Pok\u00e9mon\n|rule|Item Clause: Limit 1 of each item\n|clearpoke\n|poke|p1|Zamazenta-*, L50|\n|poke|p1|Ursaluna, L50, F|\n|poke|p1|Raging Bolt, L50|\n|poke|p1|Tornadus, L50, M|\n|poke|p1|Calyrex-Shadow, L50|\n|poke|p1|Incineroar, L50, F|\n|poke|p2|Koraidon, L50|\n|poke|p2|Miraidon, L50|\n|poke|p2|Incineroar, L50, M|\n|poke|p2|Iron Bundle, L50|\n|poke|p2|Toxapex, L50, M|\n|poke|p2|Landorus, L50, M|\n|teampreview|4\n|inactive|Battle timer is ON: inactive players will automatically lose when time's up. (requested by Gjuj)\n|inactive|Gjuj has 60 seconds left.\n|inactive|shecallmedada has 60 seconds left.\n|\n|t:|1774172748\n|teamsize|p1|4\n|teamsize|p2|4\n|start\n|switch|p1a: Tornadus|Tornadus, L50, M|100/100\n|switch|p1b: Raging Bolt|Raging Bolt, L50|100/100\n|switch|p2a: Miraidon|Miraidon, L50|100/100\n|switch|p2b: Iron Bundle|Iron Bundle, L50|100/100\n|-fieldstart|move: Electric Terrain|[from] ability: Hadron Engine|[of] p2a: Miraidon\n|-activate|p2b: Iron Bundle|ability: Quark Drive\n|-start|p2b: Iron Bundle|quarkdrivespe\n|turn|1\n|\n|t:|1774172770\n|-terastallize|p1b: Raging Bolt|Fairy\n|move|p1a: Tornadus|Tailwind|p1a: Tornadus\n|-sidestart|p1: Gjuj|move: Tailwind\n|move|p2b: Iron Bundle|Icy Wind|p1b: Raging Bolt|[spread] p1a,p1b\n|-supereffective|p1a: Tornadus\n|-damage|p1a: Tornadus|67/100\n|-damage|p1b: Raging Bolt|88/100\n|-unboost|p1a: Tornadus|spe|1\n|-unboost|p1b: Raging Bolt|spe|1\n|move|p2a: Miraidon|Draco Meteor|p1b: Raging Bolt\n|-immune|p1b: Raging Bolt\n|move|p1b: Raging Bolt|Tera Blast|p2a: Miraidon|[anim] Tera Blast Fairy\n|-supereffective|p2a: Miraidon\n|-damage|p2a: Miraidon|14/100\n|\n|upkeep\n|turn|2\n|\n|t:|1774172794\n|switch|p1a: Zamazenta|Zamazenta-Crowned, L50|100/100\n|-ability|p1a: Zamazenta|Dauntless Shield|boost\n|-boost|p1a: Zamazenta|def|1\n|move|p2b: Iron Bundle|Ice Beam|p1b: Raging Bolt\n|-damage|p1b: Raging Bolt|61/100\n|move|p2a: Miraidon|Volt Switch|p1a: Zamazenta\n|-damage|p1a: Zamazenta|46/100\n|-damage|p2a: Miraidon|4/100|[from] item: Life Orb\n|\n|t:|1774172806\n|switch|p2a: Landorus|Landorus, L50, M|100/100|[from] Volt Switch\n|move|p1b: Raging Bolt|Thunderbolt|p2b: Iron Bundle\n|-supereffective|p2b: Iron Bundle\n|-enditem|p2b: Iron Bundle|Focus Sash\n|-damage|p2b: Iron Bundle|1/100\n|\n|upkeep\n|turn|3\n|inactive|shecallmedada has 30 seconds left.\n|\n|t:|1774172840\n|-end|p2b: Iron Bundle|Quark Drive|[silent]\n|switch|p2b: Toxapex|Toxapex, L50, M|100/100\n|move|p1a: Zamazenta|Protect|p1a: Zamazenta\n|-singleturn|p1a: Zamazenta|Protect\n|move|p1b: Raging Bolt|Thunderclap||[still]\n|-fail|p1b: Raging Bolt\n|move|p2a: Landorus|Earth Power|p1b: Raging Bolt\n|-damage|p1b: Raging Bolt|26/100\n|\n|upkeep\n|turn|4\n|\n|t:|1774172855\n|-end|p1b: Raging Bolt|Protosynthesis|[silent]\n|switch|p1b: Tornadus|Tornadus, L50, M|67/100\n|move|p1a: Zamazenta|Heavy Slam|p2a: Landorus\n|-damage|p2a: Landorus|48/100\n|move|p2a: Landorus|Earth Power|p1b: Tornadus\n|-immune|p1b: Tornadus\n|move|p2b: Toxapex|Infestation|p1a: Zamazenta\n|-resisted|p1a: Zamazenta\n|-damage|p1a: Zamazenta|45/100\n|-activate|p1a: Zamazenta|move: Infestation|[of] p2b: Toxapex\n|\n|-damage|p1a: Zamazenta|33/100|[from] move: Infestation|[partiallytrapped]\n|-sideend|p1: Gjuj|move: Tailwind\n|upkeep\n|turn|5\n|\n|t:|1774172876\n|switch|p2a: Iron Bundle|Iron Bundle, L50|1/100\n|-activate|p2a: Iron Bundle|ability: Quark Drive\n|-start|p2a: Iron Bundle|quarkdrivespe\n|move|p1b: Tornadus|Taunt|p2b: Toxapex\n|-start|p2b: Toxapex|move: Taunt\n|move|p1a: Zamazenta|Heavy Slam|p2a: Iron Bundle\n|-damage|p2a: Iron Bundle|0 fnt\n|faint|p2a: Iron Bundle\n|-end|p2a: Iron Bundle|Quark Drive|[silent]\n|move|p2b: Toxapex|Infestation|p1b: Tornadus\n|-resisted|p1b: Tornadus\n|-damage|p1b: Tornadus|66/100\n|-activate|p1b: Tornadus|move: Infestation|[of] p2b: Toxapex\n|\n|-damage|p1a: Zamazenta|21/100|[from] move: Infestation|[partiallytrapped]\n|-damage|p1b: Tornadus|54/100|[from] move: Infestation|[partiallytrapped]\n|-fieldend|move: Electric Terrain\n|upkeep\n|\n|t:|1774172891\n|switch|p2a: Miraidon|Miraidon, L50|4/100\n|-fieldstart|move: Electric Terrain|[from] ability: Hadron Engine|[of] p2a: Miraidon\n|turn|6\n|\n|t:|1774172903\n|move|p2a: Miraidon|Protect|p2a: Miraidon\n|-singleturn|p2a: Miraidon|Protect\n|move|p1b: Tornadus|Tailwind|p1b: Tornadus\n|-sidestart|p1: Gjuj|move: Tailwind\n|move|p1a: Zamazenta|Body Press|p2a: Miraidon\n|-activate|p2a: Miraidon|move: Protect\n|move|p2b: Toxapex|Infestation|p1a: Zamazenta\n|-resisted|p1a: Zamazenta\n|-damage|p1a: Zamazenta|21/100\n|\n|-damage|p1a: Zamazenta|9/100|[from] move: Infestation|[partiallytrapped]\n|-damage|p1b: Tornadus|41/100|[from] move: Infestation|[partiallytrapped]\n|upkeep\n|turn|7\n|\n|t:|1774172920\n|move|p2a: Miraidon|Protect||[still]\n|-fail|p2a: Miraidon\n|move|p1a: Zamazenta|Body Press|p2a: Miraidon\n|-damage|p2a: Miraidon|0 fnt\n|faint|p2a: Miraidon\n|move|p1b: Tornadus|Bleakwind Storm|p2b: Toxapex|[miss]\n|-miss|p1b: Tornadus|p2b: Toxapex\n|move|p2b: Toxapex|Infestation|p1b: Tornadus\n|-resisted|p1b: Tornadus\n|-crit|p1b: Tornadus\n|-damage|p1b: Tornadus|39/100\n|\n|-damage|p1a: Zamazenta|0 fnt|[from] move: Infestation|[partiallytrapped]\n|faint|p1a: Zamazenta\n|-damage|p1b: Tornadus|27/100|[from] move: Infestation|[partiallytrapped]\n|-end|p2b: Toxapex|move: Taunt\n|upkeep\n|\n|t:|1774172935\n|switch|p2a: Landorus|Landorus, L50, M|48/100\n|switch|p1a: Calyrex|Calyrex-Shadow, L50|100/100\n|-ability|p1a: Calyrex|As One\n|-ability|p1a: Calyrex|Unnerve\n|turn|8\n|\n|t:|1774172947\n|move|p1a: Calyrex|Astral Barrage|p2b: Toxapex|[spread] p2a,p2b\n|-damage|p2a: Landorus|0 fnt\n|-damage|p2b: Toxapex|60/100\n|faint|p2a: Landorus\n|-ability|p1a: Calyrex|Grim Neigh|boost\n|-boost|p1a: Calyrex|spa|1\n|move|p1b: Tornadus|Bleakwind Storm|p2b: Toxapex\n|-damage|p2b: Toxapex|26/100\n|-unboost|p2b: Toxapex|spe|1\n|move|p2b: Toxapex|Infestation|p1a: Calyrex\n|-damage|p1a: Calyrex|97/100\n|-activate|p1a: Calyrex|move: Infestation|[of] p2b: Toxapex\n|\n|-damage|p1a: Calyrex|85/100|[from] move: Infestation|[partiallytrapped]\n|-damage|p1b: Tornadus|14/100|[from] move: Infestation|[partiallytrapped]\n|upkeep\n|turn|9\n|-message|shecallmedada forfeited.\n|\n|win|Gjuj\n|raw|Gjuj's rating: 1320 &rarr; <strong>1340</strong><br />(+20 for winning)\n|raw|shecallmedada's rating: 1318 &rarr; <strong>1298</strong><br />(-20 for losing)\n|l|\u2606shecallmedada\n|player|p2|\n|l|\u2606Gjuj\n|player|p1|\n","uploadtime":1774173217,"views":10,"formatid":"gen9vgc2026regi","rating":1298,"private":0,"password":null}