{"id":"gen9vgc2026regi-2566874480","format":"[Gen 9] VGC 2026 Reg I","players":["KaiMVGC","yuwuna69"],"log":"|j|\u2606KaiMVGC\n|j|\u2606yuwuna69\n|t:|1774422662\n|gametype|doubles\n|player|p1|KaiMVGC|boarder|\n|player|p2|yuwuna69|rocketgruntf|\n|gen|9\n|tier|[Gen 9] VGC 2026 Reg I\n|rated|Tournament battle\n|rule|Species Clause: Limit one of each Pok\u00e9mon\n|rule|Item Clause: Limit 1 of each item\n|clearpoke\n|poke|p1|Calyrex-Shadow, L50|\n|poke|p1|Zamazenta-*, L50|\n|poke|p1|Rillaboom, L50, F|\n|poke|p1|Raging Bolt, L50|\n|poke|p1|Smeargle, L50, M|\n|poke|p1|Tornadus, L50, M|\n|poke|p2|Terapagos, L50, M|\n|poke|p2|Calyrex-Shadow, L50|\n|poke|p2|Incineroar, L50, M|\n|poke|p2|Rillaboom, L50, M|\n|poke|p2|Amoonguss, L50, M|\n|poke|p2|Urshifu-*, L50, F|\n|teampreview|4\n|inactive|Battle timer is ON: inactive players will automatically lose when time's up. (requested by yuwuna69)\n|inactive|KaiMVGC has 60 seconds left.\n|inactive|yuwuna69 has 60 seconds left.\nyuwuna69 has agreed to open team sheets.\nKaiMVGC has agreed to open team sheets.\n|showteam|p1|Calyrex-Shadow||LifeOrb|AsOneSpectrier|AstralBarrage,Psychic,NastyPlot,Protect||||||50|,,,,,Dark]Zamazenta-Crowned||RustedShield|DauntlessShield|BodyPress,HeavySlam,WideGuard,Protect||||||50|,,,,,Dragon]Rillaboom||AssaultVest|GrassySurge|WoodHammer,GrassyGlide,Uturn,FakeOut|||F|||50|,,,,,Water]Raging Bolt||BoosterEnergy|Protosynthesis|Thunderbolt,DragonPulse,Thunderclap,Protect||||||50|,,,,,Electric]Smeargle||FocusSash|Moody|Spore,FollowMe,WideGuard,FakeOut|||M|||50|,,,,,Ghost]Tornadus||SkyPlate|Prankster|Tailwind,Taunt,BleakwindStorm,Protect|||M|||50|,,,,,Dragon\n|showteam|p2|Terapagos||Leftovers|TeraShift|Protect,TeraStarstorm,EarthPower,CalmMind|||M|||50|,,,,,Stellar]Calyrex-Shadow||FocusSash|AsOneSpectrier|Protect,AstralBarrage,Encore,Disable||||||50|,,,,,Ghost]Incineroar||SafetyGoggles|Intimidate|KnockOff,PartingShot,WillOWisp,FakeOut|||M|||50|,,,,,Bug]Rillaboom||AssaultVest|GrassySurge|WoodHammer,GrassyGlide,Uturn,FakeOut|||M|||50|,,,,,Fire]Amoonguss||RockyHelmet|Regenerator|Protect,Spore,RagePowder,PollenPuff|||M|||50|,,,,,Water]Urshifu-Rapid-Strike||ChoiceScarf|UnseenFist|SurgingStrikes,CloseCombat,Coaching,Uturn|||F|||50|,,,,,Water\n|inactive|KaiMVGC has 30 seconds left.\n|inactive|yuwuna69 has 30 seconds left.\n|inactive|yuwuna69 has 20 seconds left.\n|inactive|yuwuna69 has 15 seconds left.\n|\n|t:|1774422738\n|teamsize|p1|4\n|teamsize|p2|4\n|start\n|switch|p1a: Tornadus|Tornadus, L50, M|100/100\n|switch|p1b: Smeargle|Smeargle, L50, M|100/100\n|switch|p2a: Urshifu|Urshifu-Rapid-Strike, L50, F|100/100\n|switch|p2b: Terapagos|Terapagos, L50, M|100/100\n|-activate|p2b: Terapagos|ability: Tera Shift\n|detailschange|p2b: Terapagos|Terapagos-Terastal, L50, M\n|-heal|p2b: Terapagos|100/100|[silent]\n|turn|1\n|\n|t:|1774422753\n|move|p1b: Smeargle|Fake Out|p2a: Urshifu\n|-damage|p2a: Urshifu|95/100\n|move|p1a: Tornadus|Tailwind|p1a: Tornadus\n|-sidestart|p1: KaiMVGC|move: Tailwind\n|cant|p2a: Urshifu|flinch\n|move|p2b: Terapagos|Calm Mind|p2b: Terapagos\n|-boost|p2b: Terapagos|spa|1\n|-boost|p2b: Terapagos|spd|1\n|\n|-ability|p1b: Smeargle|Moody|boost\n|-boost|p1b: Smeargle|spa|2\n|-unboost|p1b: Smeargle|atk|1\n|upkeep\n|turn|2\n|\n|t:|1774422776\n|switch|p2a: Incineroar|Incineroar, L50, M|100/100\n|-ability|p2a: Incineroar|Intimidate|boost\n|-unboost|p1a: Tornadus|atk|1\n|-unboost|p1b: Smeargle|atk|1\n|move|p1a: Tornadus|Bleakwind Storm|p2a: Incineroar|[spread] p2a\n|-miss|p1a: Tornadus|p2b: Terapagos\n|-damage|p2a: Incineroar|62/100\n|move|p1b: Smeargle|Spore|p2b: Terapagos\n|-status|p2b: Terapagos|slp|[from] move: Spore\n|cant|p2b: Terapagos|slp\n|\n|-ability|p1b: Smeargle|Moody|boost\n|-boost|p1b: Smeargle|spe|2\n|-unboost|p1b: Smeargle|atk|1\n|upkeep\n|turn|3\n|\n|t:|1774422800\n|switch|p1b: Zamazenta|Zamazenta-Crowned, L50|100/100\n|-ability|p1b: Zamazenta|Dauntless Shield|boost\n|-boost|p1b: Zamazenta|def|1\n|move|p1a: Tornadus|Bleakwind Storm|p2b: Terapagos|[spread] p2a,p2b\n|-activate|p2b: Terapagos|ability: Tera Shell\n|-resisted|p2b: Terapagos\n|-damage|p2a: Incineroar|23/100\n|-damage|p2b: Terapagos|87/100 slp\n|cant|p2b: Terapagos|slp\n|move|p2a: Incineroar|Knock Off|p1a: Tornadus\n|-damage|p1a: Tornadus|50/100\n|-enditem|p1a: Tornadus|Sky Plate|[from] move: Knock Off|[of] p2a: Incineroar\n|\n|-heal|p2b: Terapagos|93/100 slp|[from] item: Leftovers\n|upkeep\n|turn|4\n|inactive|yuwuna69 has 30 seconds left.\n|\n|t:|1774422835\n|cant|p2b: Terapagos|slp\n|move|p1b: Zamazenta|Body Press|p2b: Terapagos\n|-supereffective|p2b: Terapagos\n|-damage|p2b: Terapagos|0 fnt\n|faint|p2b: Terapagos\n|move|p1a: Tornadus|Bleakwind Storm|p2a: Incineroar\n|-damage|p2a: Incineroar|0 fnt\n|faint|p2a: Incineroar\n|\n|-sideend|p1: KaiMVGC|move: Tailwind\n|upkeep\n|\n|t:|1774422842\n|switch|p2b: Rillaboom|Rillaboom, L50, M|100/100\n|switch|p2a: Urshifu|Urshifu-Rapid-Strike, L50, F|95/100\n|-fieldstart|move: Grassy Terrain|[from] ability: Grassy Surge|[of] p2b: Rillaboom\n|turn|5\n|inactive|yuwuna69 has 30 seconds left.\n|\n|t:|1774422875\n|switch|p1a: Smeargle|Smeargle, L50, M|100/100\n|-terastallize|p2a: Urshifu|Water\n|move|p2b: Rillaboom|Fake Out|p1a: Smeargle\n|-damage|p1a: Smeargle|72/100\n|move|p2a: Urshifu|Surging Strikes|p1a: Smeargle\n|-crit|p1a: Smeargle\n|-damage|p1a: Smeargle|16/100\n|-crit|p1a: Smeargle\n|-damage|p1a: Smeargle|0 fnt\n|faint|p1a: Smeargle\n|-hitcount|p1: Smeargle|2\n|move|p1b: Zamazenta|Body Press|p2b: Rillaboom\n|-damage|p2b: Rillaboom|29/100\n|\n|-heal|p2a: Urshifu|100/100|[from] Grassy Terrain\n|-heal|p2b: Rillaboom|35/100|[from] Grassy Terrain\n|upkeep\n|\n|t:|1774422883\n|switch|p1a: Tornadus|Tornadus, L50, M|50/100\n|turn|6\n|\n|t:|1774422900\n|move|p1a: Tornadus|Tailwind|p1a: Tornadus\n|-sidestart|p1: KaiMVGC|move: Tailwind\n|move|p1b: Zamazenta|Body Press|p2a: Urshifu\n|-damage|p2a: Urshifu|27/100\n|move|p2a: Urshifu|Surging Strikes|p1b: Zamazenta\n|-crit|p1b: Zamazenta\n|-damage|p1b: Zamazenta|84/100\n|-crit|p1b: Zamazenta\n|-damage|p1b: Zamazenta|66/100\n|-crit|p1b: Zamazenta\n|-damage|p1b: Zamazenta|51/100\n|-hitcount|p1b: Zamazenta|3\n|move|p2b: Rillaboom|Wood Hammer|p1a: Tornadus\n|-resisted|p1a: Tornadus\n|-damage|p1a: Tornadus|0 fnt\n|faint|p1a: Tornadus\n|-damage|p2b: Rillaboom|21/100|[from] Recoil\n|\n|-heal|p1b: Zamazenta|57/100|[from] Grassy Terrain\n|-heal|p2a: Urshifu|33/100|[from] Grassy Terrain\n|-heal|p2b: Rillaboom|27/100|[from] Grassy Terrain\n|upkeep\n|\n|t:|1774422904\n|switch|p1a: Calyrex|Calyrex-Shadow, L50|100/100\n|-ability|p1a: Calyrex|As One\n|-ability|p1a: Calyrex|Unnerve\n|turn|7\n|\n|t:|1774422929\n|move|p1a: Calyrex|Astral Barrage|p2a: Urshifu|[spread] p2a,p2b\n|-damage|p2a: Urshifu|0 fnt\n|-damage|p2b: Rillaboom|0 fnt\n|faint|p2a: Urshifu\n|faint|p2b: Rillaboom\n|-damage|p1a: Calyrex|91/100|[from] item: Life Orb\n|\n|win|KaiMVGC\n|n|\u2606KaiMVGC|kaimvgc\n|n|\u2606yuwuna69|yuwuna69\n","uploadtime":1774422929,"views":12,"formatid":"gen9vgc2026regi","rating":null,"private":0,"password":null}