{"id":"gen9vgc2026regi-2565688475","format":"[Gen 9] VGC 2026 Reg I","players":["KogaAF1219","Jonen"],"log":"|j|\u2606KogaAF1219\n|j|\u2606Jonen\n|t:|1774295512\n|gametype|doubles\n|player|p1|KogaAF1219|101|1388\n|player|p2|Jonen|medium|1590\n|gen|9\n|tier|[Gen 9] VGC 2026 Reg I\n|rated|\n|rule|Species Clause: Limit one of each Pok\u00e9mon\n|rule|Item Clause: Limit 1 of each item\n|clearpoke\n|poke|p1|Kyogre, L50|\n|poke|p1|Illumise, L50, F|\n|poke|p1|Calyrex-Shadow, L50|\n|poke|p1|Indeedee, L50, M|\n|poke|p1|Gastrodon, L50, M|\n|poke|p1|Zapdos-Galar, L50|\n|poke|p2|Groudon, L50|\n|poke|p2|Lunala, L50|\n|poke|p2|Sableye, L50, F|\n|poke|p2|Chi-Yu, L50|\n|poke|p2|Rillaboom, L50, F|\n|poke|p2|Jumpluff, L50, F|\n|teampreview|4\n|inactive|Battle timer is ON: inactive players will automatically lose when time's up. (requested by KogaAF1219)\nKogaAF1219 has agreed to open team sheets.\n|\n|t:|1774295555\n|teamsize|p1|4\n|teamsize|p2|4\n|start\n|switch|p1a: Zapdos|Zapdos-Galar, L50|100/100\n|switch|p1b: Calyrex|Calyrex-Shadow, L50|100/100\n|switch|p2a: Groudon|Groudon, L50|100/100\n|switch|p2b: Jumpluff|Jumpluff, L50, F|100/100\n|-ability|p1b: Calyrex|As One\n|-ability|p1b: Calyrex|Unnerve\n|-weather|SunnyDay|[from] ability: Drought|[of] p2a: Groudon\n|turn|1\n|\n|t:|1774295572\n|switch|p1a: Kyogre|Kyogre, L50|100/100\n|-weather|RainDance|[from] ability: Drizzle|[of] p1a: Kyogre\n|move|p1b: Calyrex|Astral Barrage|p2b: Jumpluff|[spread] p2a,p2b\n|-damage|p2a: Groudon|17/100\n|-damage|p2b: Jumpluff|30/100\n|-damage|p1b: Calyrex|91/100|[from] item: Life Orb\n|move|p2b: Jumpluff|Sleep Powder|p1a: Kyogre\n|-status|p1a: Kyogre|slp|[from] move: Sleep Powder\n|move|p2a: Groudon|Heat Crash|p1b: Calyrex\n|-damage|p1b: Calyrex|51/100\n|-damage|p2a: Groudon|7/100|[from] item: Life Orb\n|\n|-weather|RainDance|[upkeep]\n|upkeep\n|turn|2\n|inactive|Jonen has 30 seconds left.\n|\n|t:|1774295597\n|switch|p1a: Zapdos|Zapdos-Galar, L50|100/100\n|switch|p2b: Rillaboom|Rillaboom, L50, F|100/100\n|-fieldstart|move: Grassy Terrain|[from] ability: Grassy Surge|[of] p2b: Rillaboom\n|move|p2a: Groudon|Protect|p2a: Groudon\n|-singleturn|p2a: Groudon|Protect\n|move|p1b: Calyrex|Astral Barrage|p2b: Rillaboom|[spread] p2b\n|-activate|p2a: Groudon|move: Protect\n|-damage|p2b: Rillaboom|55/100\n|-damage|p1b: Calyrex|42/100|[from] item: Life Orb\n|\n|-weather|RainDance|[upkeep]\n|-heal|p1b: Calyrex|47/100|[from] Grassy Terrain\n|-heal|p2a: Groudon|13/100|[from] Grassy Terrain\n|-heal|p2b: Rillaboom|61/100|[from] Grassy Terrain\n|upkeep\n|turn|3\n|\n|t:|1774295615\n|switch|p2a: Lunala|Lunala, L50|100/100\n|move|p2b: Rillaboom|Grassy Glide|p1b: Calyrex\n|-damage|p1b: Calyrex|6/100\n|move|p1b: Calyrex|Astral Barrage|p2b: Rillaboom|[spread] p2a,p2b\n|-supereffective|p2a: Lunala\n|-damage|p2a: Lunala|0 fnt\n|-damage|p2b: Rillaboom|16/100\n|faint|p2a: Lunala\n|-ability|p1b: Calyrex|Grim Neigh|boost\n|-boost|p1b: Calyrex|spa|1\n|-damage|p1b: Calyrex|0 fnt|[from] item: Life Orb\n|faint|p1b: Calyrex\n|move|p1a: Zapdos|Acrobatics|p2b: Rillaboom\n|-supereffective|p2b: Rillaboom\n|-damage|p2b: Rillaboom|0 fnt\n|faint|p2b: Rillaboom\n|\n|-weather|RainDance|[upkeep]\n|upkeep\n|\n|t:|1774295625\n|switch|p1b: Indeedee|Indeedee, L50, M|100/100\n|switch|p2a: Groudon|Groudon, L50|13/100\n|switch|p2b: Jumpluff|Jumpluff, L50, F|30/100\n|-fieldstart|move: Psychic Terrain|[from] ability: Psychic Surge|[of] p1b: Indeedee\n|-enditem|p1a: Zapdos|Psychic Seed\n|-boost|p1a: Zapdos|spd|1|[from] item: Psychic Seed\n|-weather|SunnyDay|[from] ability: Drought|[of] p2a: Groudon\n|turn|4\n|\n|t:|1774295640\n|-terastallize|p2b: Jumpluff|Dark\n|move|p2a: Groudon|Protect|p2a: Groudon\n|-singleturn|p2a: Groudon|Protect\n|move|p2b: Jumpluff|Sleep Powder|p1a: Zapdos|[miss]\n|-miss|p2b: Jumpluff|p1a: Zapdos\n|move|p1a: Zapdos|Acrobatics|p2b: Jumpluff\n|-damage|p2b: Jumpluff|0 fnt\n|faint|p2b: Jumpluff\n|move|p1b: Indeedee|Expanding Force|p2a: Groudon\n|-activate|p2a: Groudon|move: Protect\n|\n|-weather|SunnyDay|[upkeep]\n|upkeep\n|turn|5\n|\n|t:|1774295651\n|move|p1a: Zapdos|Acrobatics|p2a: Groudon\n|-damage|p2a: Groudon|0 fnt\n|faint|p2a: Groudon\n|\n|win|KogaAF1219\n|raw|KogaAF1219's rating: 1388 &rarr; <strong>1418</strong><br />(+30 for winning)\n|raw|Jonen's rating: 1590 &rarr; <strong>1560</strong><br />(-30 for losing)\n","uploadtime":1774295651,"views":12,"formatid":"gen9vgc2026regi","rating":1418,"private":0,"password":null}