{"id":"gen9vgc2026regi-2519271191","format":"[Gen 9] VGC 2026 Reg I","players":["kojimuranishi","dthk1216"],"log":"|j|\u2606kojimuranishi\n|j|\u2606dthk1216\n|t:|1768490825\n|gametype|doubles\n|player|p1|kojimuranishi|265|1546\n|player|p2|dthk1216|dawn|1438\n|gen|9\n|tier|[Gen 9] VGC 2026 Reg I\n|rated|\n|rule|Species Clause: Limit one of each Pok\u00e9mon\n|rule|Item Clause: Limit 1 of each item\n|clearpoke\n|poke|p1|Zamazenta-*, L50|\n|poke|p1|Lunala, L50|\n|poke|p1|Chien-Pao, L50|\n|poke|p1|Dragonite, L50, F|\n|poke|p1|Chi-Yu, L50|\n|poke|p1|Urshifu-*, L50, M|\n|poke|p2|Calyrex-Ice, L50|\n|poke|p2|Kyogre, L50|\n|poke|p2|Urshifu-*, L50, F|\n|poke|p2|Rillaboom, L50, F|\n|poke|p2|Grimmsnarl, L50, M|\n|poke|p2|Amoonguss, L50, F|\n|teampreview|4\n|inactive|Battle timer is ON: inactive players will automatically lose when time's up. (requested by kojimuranishi)\n|inactive|dthk1216 has 60 seconds left.\n|\n|t:|1768490877\n|teamsize|p1|4\n|teamsize|p2|4\n|start\n|switch|p1a: Zamazenta|Zamazenta-Crowned, L50|100/100\n|switch|p1b: Lunala|Lunala, L50|100/100\n|switch|p2a: Grimmsnarl|Grimmsnarl, L50, M|100/100\n|switch|p2b: Amoonguss|Amoonguss, L50, F|100/100\n|-ability|p1a: Zamazenta|Dauntless Shield|boost\n|-boost|p1a: Zamazenta|def|1\n|turn|1\n|\n|t:|1768490897\n|move|p2b: Amoonguss|Protect|p2b: Amoonguss\n|-singleturn|p2b: Amoonguss|Protect\n|move|p2a: Grimmsnarl|Reflect|p2a: Grimmsnarl\n|-sidestart|p2: dthk1216|Reflect\n|move|p1a: Zamazenta|Behemoth Bash|p2a: Grimmsnarl\n|-supereffective|p2a: Grimmsnarl\n|-damage|p2a: Grimmsnarl|45/100\n|move|p1b: Lunala|Meteor Beam||[still]\n|-prepare|p1b: Lunala|Meteor Beam\n|-boost|p1b: Lunala|spa|1\n|-enditem|p1b: Lunala|Power Herb\n|-anim|p1b: Lunala|Meteor Beam|p2b: Amoonguss\n|-activate|p2b: Amoonguss|move: Protect\n|\n|upkeep\n|turn|2\n|inactive|dthk1216 has 30 seconds left.\n|\n|t:|1768490925\n|move|p2a: Grimmsnarl|Light Screen|p2a: Grimmsnarl\n|-sidestart|p2: dthk1216|move: Light Screen\n|move|p1a: Zamazenta|Behemoth Bash|p2a: Grimmsnarl\n|-supereffective|p2a: Grimmsnarl\n|-damage|p2a: Grimmsnarl|0 fnt\n|faint|p2a: Grimmsnarl\n|move|p1b: Lunala|Moongeist Beam|p2b: Amoonguss\n|-damage|p2b: Amoonguss|48/100\n|move|p2b: Amoonguss|Spore|p1a: Zamazenta\n|-status|p1a: Zamazenta|slp|[from] move: Spore\n|\n|upkeep\n|\n|t:|1768490932\n|switch|p2a: Kyogre|Kyogre, L50|100/100\n|-weather|RainDance|[from] ability: Drizzle|[of] p2a: Kyogre\n|turn|3\n|\n|t:|1768490944\n|cant|p1a: Zamazenta|slp\n|move|p2a: Kyogre|Water Spout|p1a: Zamazenta|[spread] p1a,p1b\n|-damage|p1a: Zamazenta|0 fnt\n|-damage|p1b: Lunala|51/100\n|faint|p1a: Zamazenta\n|move|p1b: Lunala|Moongeist Beam|p2b: Amoonguss\n|-damage|p2b: Amoonguss|0 fnt\n|faint|p2b: Amoonguss\n|\n|-weather|RainDance|[upkeep]\n|upkeep\n|\n|t:|1768490961\n|switch|p1a: Urshifu|Urshifu-Rapid-Strike, L50, M|100/100\n|switch|p2b: Urshifu|Urshifu-Rapid-Strike, L50, F|100/100\n|turn|4\n|inactive|kojimuranishi has 30 seconds left.\n|inactive|kojimuranishi has 20 seconds left.\n|\n|t:|1768490998\n|move|p2b: Urshifu|Surging Strikes|p1b: Lunala\n|-crit|p1b: Lunala\n|-damage|p1b: Lunala|23/100\n|-crit|p1b: Lunala\n|-damage|p1b: Lunala|0 fnt\n|faint|p1b: Lunala\n|-hitcount|p1: Lunala|2\n|move|p1a: Urshifu|Surging Strikes|p2a: Kyogre\n|-resisted|p2a: Kyogre\n|-crit|p2a: Kyogre\n|-damage|p2a: Kyogre|84/100\n|-resisted|p2a: Kyogre\n|-crit|p2a: Kyogre\n|-damage|p2a: Kyogre|69/100\n|-resisted|p2a: Kyogre\n|-crit|p2a: Kyogre\n|-damage|p2a: Kyogre|52/100\n|-hitcount|p2a: Kyogre|3\n|move|p2a: Kyogre|Water Spout|p1a: Urshifu\n|-resisted|p1a: Urshifu\n|-damage|p1a: Urshifu|16/100\n|\n|-weather|RainDance|[upkeep]\n|upkeep\n|\n|t:|1768491016\n|switch|p1b: Chien-Pao|Chien-Pao, L50|100/100\n|-ability|p1b: Chien-Pao|Sword of Ruin\n|turn|5\n|\n|t:|1768491029\n|move|p2b: Urshifu|Surging Strikes|p1b: Chien-Pao\n|-crit|p1b: Chien-Pao\n|-damage|p1b: Chien-Pao|50/100\n|-crit|p1b: Chien-Pao\n|-damage|p1b: Chien-Pao|2/100\n|-crit|p1b: Chien-Pao\n|-damage|p1b: Chien-Pao|0 fnt\n|faint|p1b: Chien-Pao\n|-hitcount|p1: Chien-Pao|3\n|move|p1a: Urshifu|Surging Strikes|p2a: Kyogre\n|-resisted|p2a: Kyogre\n|-crit|p2a: Kyogre\n|-damage|p2a: Kyogre|36/100\n|-resisted|p2a: Kyogre\n|-crit|p2a: Kyogre\n|-damage|p2a: Kyogre|19/100\n|-resisted|p2a: Kyogre\n|-crit|p2a: Kyogre\n|-damage|p2a: Kyogre|4/100\n|-hitcount|p2a: Kyogre|3\n|move|p2a: Kyogre|Water Spout|p1a: Urshifu\n|-resisted|p1a: Urshifu\n|-damage|p1a: Urshifu|11/100\n|\n|-weather|RainDance|[upkeep]\n|upkeep\n|turn|6\n|-message|kojimuranishi forfeited.\n|\n|win|dthk1216\n|raw|kojimuranishi's rating: 1546 &rarr; <strong>1520</strong><br />(-26 for losing)\n|raw|dthk1216's rating: 1438 &rarr; <strong>1464</strong><br />(+26 for winning)\n|l|\u2606kojimuranishi\n|player|p1|\n|j|\u2606kojimuranishi\n|player|p1|kojimuranishi|265|\n|l|\u2606kojimuranishi\n|player|p1|\n|l|\u2606dthk1216\n|player|p2|\n","uploadtime":1768491194,"views":24,"formatid":"gen9vgc2026regi","rating":1464,"private":0,"password":null}