{"id":"gen9vgc2026regi-2586550672","format":"[Gen 9] VGC 2026 Reg I","players":["iccyman","RandomcatFFR"],"log":"|j|\u2606iccyman\n|j|\u2606RandomcatFFR\n|t:|1776442406\n|gametype|doubles\n|player|p1|iccyman|ghetsis-gen5bw|1439\n|player|p2|RandomcatFFR|bugcatcher-gen4dp|1541\n|gen|9\n|tier|[Gen 9] VGC 2026 Reg I\n|rated|\n|rule|Species Clause: Limit one of each Pok\u00e9mon\n|rule|Item Clause: Limit 1 of each item\n|clearpoke\n|poke|p1|Calyrex-Ice, L50|\n|poke|p1|Miraidon, L50|\n|poke|p1|Urshifu-*, L50, F|\n|poke|p1|Incineroar, L50, F|\n|poke|p1|Landorus, L50, M|\n|poke|p1|Farigiraf, L50, M|\n|poke|p2|Calyrex-Shadow, L50|\n|poke|p2|Zamazenta-*, L50|\n|poke|p2|Chi-Yu, L50|\n|poke|p2|Indeedee-F, L50, F|\n|poke|p2|Amoonguss, L50, M|\n|poke|p2|Raging Bolt, L50|\n|teampreview|4\n|inactive|Battle timer is ON: inactive players will automatically lose when time's up. (requested by iccyman)\niccyman rejected open team sheets.\n|\n|t:|1776442438\n|teamsize|p1|4\n|teamsize|p2|4\n|start\n|switch|p1a: Farigiraf|Farigiraf, L50, M|100/100\n|switch|p1b: Calyrex|Calyrex-Ice, L50|100/100\n|switch|p2a: Zamazenta|Zamazenta-Crowned, L50|100/100\n|switch|p2b: Indeedee|Indeedee-F, L50, F|100/100\n|-ability|p1b: Calyrex|As One\n|-ability|p1b: Calyrex|Unnerve\n|-ability|p2a: Zamazenta|Dauntless Shield|boost\n|-boost|p2a: Zamazenta|def|1\n|-fieldstart|move: Psychic Terrain|[from] ability: Psychic Surge|[of] p2b: Indeedee\n|turn|1\n|inactive|iccyman has 30 seconds left.\n|inactive|RandomcatFFR has 30 seconds left.\n|inactive|RandomcatFFR has 20 seconds left.\n|inactive|RandomcatFFR has 15 seconds left.\n|\n|t:|1776442479\n|-terastallize|p1b: Calyrex|Water\n|move|p1a: Farigiraf|Helping Hand|p1b: Calyrex\n|-singleturn|p1b: Calyrex|Helping Hand|[of] p1a: Farigiraf\n|move|p2a: Zamazenta|Body Press|p1a: Farigiraf\n|-damage|p1a: Farigiraf|47/100\n|move|p1b: Calyrex|High Horsepower|p2a: Zamazenta\n|-supereffective|p2a: Zamazenta\n|-damage|p2a: Zamazenta|60/100\n|move|p2b: Indeedee|Trick Room|p2b: Indeedee\n|-fieldstart|move: Trick Room|[of] p2b: Indeedee\n|\n|upkeep\n|turn|2\n|c|\u2606RandomcatFFR|o\n|inactive|RandomcatFFR has 30 seconds left.\n|c|\u2606iccyman|lol\n|inactive|RandomcatFFR has 20 seconds left.\n|inactive|RandomcatFFR has 15 seconds left.\n|inactive|RandomcatFFR has 10 seconds left.\n|c|\u2606iccyman|dont worry i have been there too\n|\n|t:|1776442529\n|-terastallize|p2b: Indeedee|Water\n|move|p1a: Farigiraf|Helping Hand|p1b: Calyrex\n|-singleturn|p1b: Calyrex|Helping Hand|[of] p1a: Farigiraf\n|move|p1b: Calyrex|Glacial Lance|p2a: Zamazenta|[spread] p2a,p2b\n|-resisted|p2a: Zamazenta\n|-resisted|p2b: Indeedee\n|-damage|p2a: Zamazenta|44/100\n|-damage|p2b: Indeedee|39/100\n|move|p2a: Zamazenta|Body Press|p1b: Calyrex\n|-damage|p1b: Calyrex|52/100\n|move|p2b: Indeedee|Trick Room|p2b: Indeedee\n|-fieldend|move: Trick Room\n|\n|-heal|p1b: Calyrex|58/100|[from] item: Leftovers\n|upkeep\n|turn|3\n|inactive|RandomcatFFR has 30 seconds left.\n|\n|t:|1776442557\n|switch|p2b: Chi-Yu|Chi-Yu, L50|100/100\n|-ability|p2b: Chi-Yu|Beads of Ruin\n|move|p1a: Farigiraf|Helping Hand|p1b: Calyrex\n|-singleturn|p1b: Calyrex|Helping Hand|[of] p1a: Farigiraf\n|move|p2a: Zamazenta|Body Press|p1a: Farigiraf\n|-damage|p1a: Farigiraf|0 fnt\n|faint|p1a: Farigiraf\n|move|p1b: Calyrex|High Horsepower|p2a: Zamazenta|[miss]\n|-miss|p1b: Calyrex|p2a: Zamazenta\n|\n|-heal|p1b: Calyrex|64/100|[from] item: Leftovers\n|upkeep\n|\n|t:|1776442570\n|switch|p1a: Incineroar|Incineroar, L50, F|100/100\n|-ability|p1a: Incineroar|Intimidate|boost\n|-unboost|p2a: Zamazenta|atk|1\n|-unboost|p2b: Chi-Yu|atk|1\n|turn|4\n|inactive|RandomcatFFR has 30 seconds left.\n|\n|t:|1776442601\n|move|p2b: Chi-Yu|Ruination|p1b: Calyrex\n|-damage|p1b: Calyrex|32/100\n|move|p2a: Zamazenta|Body Press|p1a: Incineroar\n|-supereffective|p1a: Incineroar\n|-damage|p1a: Incineroar|0 fnt\n|faint|p1a: Incineroar\n|move|p1b: Calyrex|Trick Room|p1b: Calyrex\n|-fieldstart|move: Trick Room|[of] p1b: Calyrex\n|\n|-heal|p1b: Calyrex|38/100|[from] item: Leftovers\n|upkeep\n|\n|t:|1776442610\n|switch|p1a: Miraidon|Miraidon, L50|100/100\n|-fieldstart|move: Electric Terrain|[from] ability: Hadron Engine|[of] p1a: Miraidon\n|turn|5\n|\n|t:|1776442620\n|move|p2a: Zamazenta|Protect|p2a: Zamazenta\n|-singleturn|p2a: Zamazenta|Protect\n|move|p1b: Calyrex|High Horsepower|p2a: Zamazenta\n|-activate|p2a: Zamazenta|move: Protect\n|move|p1a: Miraidon|Electro Drift|p2a: Zamazenta\n|-activate|p2a: Zamazenta|move: Protect\n|move|p2b: Chi-Yu|Ruination|p1a: Miraidon\n|-damage|p1a: Miraidon|51/100\n|\n|-heal|p1b: Calyrex|44/100|[from] item: Leftovers\n|upkeep\n|turn|6\n|\n|t:|1776442635\n|move|p1b: Calyrex|High Horsepower|p2a: Zamazenta\n|-supereffective|p2a: Zamazenta\n|-damage|p2a: Zamazenta|15/100\n|move|p1a: Miraidon|Electro Drift|p2a: Zamazenta\n|-damage|p2a: Zamazenta|0 fnt\n|faint|p2a: Zamazenta\n|move|p2b: Chi-Yu|Ruination|p1b: Calyrex\n|-damage|p1b: Calyrex|22/100\n|\n|-heal|p1b: Calyrex|28/100|[from] item: Leftovers\n|upkeep\n|\n|t:|1776442656\n|switch|p2a: Indeedee|Indeedee-F, L50, F, tera:Water|39/100\n|-fieldstart|move: Psychic Terrain|[from] ability: Psychic Surge|[of] p2a: Indeedee\n|turn|7\n|\n|t:|1776442668\n|move|p2a: Indeedee|Follow Me|p2a: Indeedee\n|-singleturn|p2a: Indeedee|move: Follow Me\n|move|p1b: Calyrex|High Horsepower|p2a: Indeedee\n|-damage|p2a: Indeedee|0 fnt\n|faint|p2a: Indeedee\n|-ability|p1b: Calyrex|Chilling Neigh|boost\n|-boost|p1b: Calyrex|atk|1\n|move|p1a: Miraidon|Electro Drift|p2b: Chi-Yu\n|-damage|p2b: Chi-Yu|20/100\n|move|p2b: Chi-Yu|Ruination|p1a: Miraidon\n|-damage|p1a: Miraidon|26/100\n|\n|-heal|p1b: Calyrex|34/100|[from] item: Leftovers\n|upkeep\n|\n|t:|1776442673\n|switch|p2a: Calyrex|Calyrex-Shadow, L50|100/100\n|-ability|p2a: Calyrex|As One\n|-ability|p2a: Calyrex|Unnerve\n|turn|8\n|\n|t:|1776442689\n|move|p2a: Calyrex|Protect|p2a: Calyrex\n|-singleturn|p2a: Calyrex|Protect\n|move|p1b: Calyrex|Glacial Lance|p2b: Chi-Yu|[spread] p2b\n|-activate|p2a: Calyrex|move: Protect\n|-resisted|p2b: Chi-Yu\n|-damage|p2b: Chi-Yu|0 fnt\n|faint|p2b: Chi-Yu\n|-ability|p1b: Calyrex|Chilling Neigh|boost\n|-boost|p1b: Calyrex|atk|1\n|move|p1a: Miraidon|Dazzling Gleam|p2a: Calyrex\n|-activate|p2a: Calyrex|move: Protect\n|\n|-heal|p1b: Calyrex|40/100|[from] item: Leftovers\n|-fieldend|move: Trick Room\n|upkeep\n|turn|9\n|\n|t:|1776442711\n|move|p1b: Calyrex|Protect|p1b: Calyrex\n|-singleturn|p1b: Calyrex|Protect\n|move|p2a: Calyrex|Psychic|p1a: Miraidon\n|-damage|p1a: Miraidon|0 fnt\n|faint|p1a: Miraidon\n|-ability|p2a: Calyrex|Grim Neigh|boost\n|-boost|p2a: Calyrex|spa|1\n|\n|-heal|p1b: Calyrex|45/100|[from] item: Leftovers\n|upkeep\n|turn|10\n|c|\u2606RandomcatFFR|gg\n|\n|t:|1776442723\n|move|p2a: Calyrex|Psychic|p1b: Calyrex\n|-damage|p1b: Calyrex|0 fnt\n|faint|p1b: Calyrex\n|\n|win|RandomcatFFR\n|raw|iccyman's rating: 1439 &rarr; <strong>1425</strong><br />(-14 for losing)\n|raw|RandomcatFFR's rating: 1541 &rarr; <strong>1555</strong><br />(+14 for winning)\n|c|\u2606iccyman|gg\n|l|\u2606RandomcatFFR\n|player|p2|\n|l|\u2606iccyman\n|player|p1|\n","uploadtime":1776442863,"views":13,"formatid":"gen9vgc2026regi","rating":1425,"private":0,"password":null}