{"id":"gen9vgc2026regi-2565680224","format":"[Gen 9] VGC 2026 Reg I","players":["Jonen","ScribbleScribble"],"log":"|j|\u2606Jonen\n|j|\u2606ScribbleScribble\n|t:|1774294844\n|gametype|doubles\n|player|p1|Jonen|medium|1576\n|player|p2|ScribbleScribble|mina-lgpe|1626\n|gen|9\n|tier|[Gen 9] VGC 2026 Reg I\n|rated|\n|rule|Species Clause: Limit one of each Pok\u00e9mon\n|rule|Item Clause: Limit 1 of each item\n|clearpoke\n|poke|p1|Groudon, L50|\n|poke|p1|Lunala, L50|\n|poke|p1|Sableye, L50, F|\n|poke|p1|Chi-Yu, L50|\n|poke|p1|Rillaboom, L50, F|\n|poke|p1|Jumpluff, L50, F|\n|poke|p2|Calyrex-Ice, L50|\n|poke|p2|Kyogre, L50|\n|poke|p2|Tornadus, L50, M|\n|poke|p2|Indeedee-F, L50, F|\n|poke|p2|Urshifu-*, L50, F|\n|poke|p2|Landorus, L50, M|\n|teampreview|4\n|inactive|Battle timer is ON: inactive players will automatically lose when time's up. (requested by ScribbleScribble)\n|\n|t:|1774294866\n|teamsize|p1|4\n|teamsize|p2|4\n|start\n|switch|p1a: Lunala|Lunala, L50|100/100\n|switch|p1b: Sableye|Sableye, L50, F|100/100\n|switch|p2a: Tornadus|Tornadus, L50, M|100/100\n|switch|p2b: Urshifu|Urshifu-Rapid-Strike, L50, F|100/100\n|turn|1\n|\n|t:|1774294873\n|move|p2a: Tornadus|Rain Dance|p2a: Tornadus\n|-weather|RainDance\n|move|p1b: Sableye|Gravity|p1b: Sableye\n|-fieldstart|move: Gravity\n|move|p1a: Lunala|Hypnosis|p2b: Urshifu\n|-status|p2b: Urshifu|slp|[from] move: Hypnosis\n|cant|p2b: Urshifu|slp\n|\n|-weather|RainDance|[upkeep]\n|upkeep\n|turn|2\n|\n|t:|1774294884\n|switch|p1b: Groudon|Groudon, L50|100/100\n|-weather|SunnyDay|[from] ability: Drought|[of] p1b: Groudon\n|move|p2a: Tornadus|Taunt|p1a: Lunala\n|-start|p1a: Lunala|move: Taunt\n|move|p1a: Lunala|Meteor Beam||[still]\n|-prepare|p1a: Lunala|Meteor Beam\n|-boost|p1a: Lunala|spa|1\n|-enditem|p1a: Lunala|Power Herb\n|-anim|p1a: Lunala|Meteor Beam|p2a: Tornadus\n|-supereffective|p2a: Tornadus\n|-enditem|p2a: Tornadus|Focus Sash\n|-damage|p2a: Tornadus|1/100\n|cant|p2b: Urshifu|slp\n|\n|-weather|SunnyDay|[upkeep]\n|upkeep\n|turn|3\n|\n|t:|1774294903\n|move|p2a: Tornadus|Tailwind|p2a: Tornadus\n|-sidestart|p2: ScribbleScribble|move: Tailwind\n|cant|p2b: Urshifu|slp\n|move|p1a: Lunala|Moongeist Beam|p2b: Urshifu\n|-damage|p2b: Urshifu|0 fnt\n|faint|p2b: Urshifu\n|move|p1b: Groudon|Precipice Blades|p2a: Tornadus\n|-damage|p2a: Tornadus|0 fnt\n|faint|p2a: Tornadus\n|-damage|p1b: Groudon|91/100|[from] item: Life Orb\n|\n|-weather|SunnyDay|[upkeep]\n|upkeep\n|\n|t:|1774294906\n|switch|p2a: Kyogre|Kyogre, L50|100/100\n|switch|p2b: Calyrex|Calyrex-Ice, L50|100/100\n|-ability|p2b: Calyrex|As One\n|-ability|p2b: Calyrex|Unnerve\n|-weather|RainDance|[from] ability: Drizzle|[of] p2a: Kyogre\n|turn|4\n|\n|t:|1774294916\n|-terastallize|p2b: Calyrex|Grass\n|move|p1b: Groudon|Protect|p1b: Groudon\n|-singleturn|p1b: Groudon|Protect\n|move|p2a: Kyogre|Water Spout|p1b: Groudon|[spread] p1a\n|-activate|p1b: Groudon|move: Protect\n|-damage|p1a: Lunala|54/100\n|move|p2b: Calyrex|Glacial Lance|p1a: Lunala|[spread] p1a\n|-activate|p1b: Groudon|move: Protect\n|-damage|p1a: Lunala|6/100\n|move|p1a: Lunala|Moongeist Beam|p2b: Calyrex\n|-damage|p2b: Calyrex|43/100\n|\n|-weather|RainDance|[upkeep]\n|-end|p1a: Lunala|move: Taunt\n|upkeep\n|turn|5\n|\n|t:|1774294932\n|move|p1a: Lunala|Protect|p1a: Lunala\n|-singleturn|p1a: Lunala|Protect\n|move|p2a: Kyogre|Hydro Pump|p1b: Groudon\n|-supereffective|p1b: Groudon\n|-damage|p1b: Groudon|0 fnt\n|faint|p1b: Groudon\n|move|p2b: Calyrex|Seed Bomb|p1a: Lunala\n|-activate|p1a: Lunala|move: Protect\n|\n|-weather|RainDance|[upkeep]\n|-fieldend|move: Gravity\n|upkeep\n|\n|t:|1774294944\n|switch|p1b: Rillaboom|Rillaboom, L50, F|100/100\n|-fieldstart|move: Grassy Terrain|[from] ability: Grassy Surge|[of] p1b: Rillaboom\n|turn|6\n|\n|t:|1774294959\n|move|p1b: Rillaboom|Fake Out|p2b: Calyrex\n|-damage|p2b: Calyrex|34/100\n|move|p2a: Kyogre|Water Spout|p1b: Rillaboom|[spread] p1a,p1b\n|-resisted|p1b: Rillaboom\n|-damage|p1a: Lunala|0 fnt\n|-damage|p1b: Rillaboom|66/100\n|faint|p1a: Lunala\n|cant|p2b: Calyrex|flinch\n|\n|-weather|RainDance|[upkeep]\n|-heal|p2b: Calyrex|40/100|[from] Grassy Terrain\n|-heal|p1b: Rillaboom|72/100|[from] Grassy Terrain\n|-sideend|p2: ScribbleScribble|move: Tailwind\n|upkeep\n|\n|t:|1774294963\n|switch|p1a: Sableye|Sableye, L50, F|100/100\n|turn|7\n|\n|t:|1774294980\n|-terastallize|p1b: Rillaboom|Water\n|move|p1a: Sableye|Disable|p2a: Kyogre\n|-start|p2a: Kyogre|Disable|Water Spout\n|cant|p2a: Kyogre|Disable|Water Spout\n|move|p2b: Calyrex|Glacial Lance|p1a: Sableye|[spread] p1a,p1b\n|-resisted|p1b: Rillaboom\n|-damage|p1a: Sableye|46/100\n|-damage|p1b: Rillaboom|47/100\n|move|p1b: Rillaboom|U-turn|p2b: Calyrex\n|-supereffective|p2b: Calyrex\n|-damage|p2b: Calyrex|9/100\n|\n|-weather|RainDance|[upkeep]\n|-heal|p2b: Calyrex|15/100|[from] Grassy Terrain\n|-heal|p1b: Rillaboom|53/100|[from] Grassy Terrain\n|-heal|p1a: Sableye|52/100|[from] Grassy Terrain\n|upkeep\n|turn|8\n|inactive|Jonen has 30 seconds left.\n|\n|t:|1774295008\n|move|p2a: Kyogre|Thunder|p1b: Rillaboom\n|-supereffective|p1b: Rillaboom\n|-damage|p1b: Rillaboom|1/100\n|move|p2b: Calyrex|Seed Bomb|p1b: Rillaboom\n|-supereffective|p1b: Rillaboom\n|-damage|p1b: Rillaboom|0 fnt\n|faint|p1b: Rillaboom\n|-ability|p2b: Calyrex|Chilling Neigh|boost\n|-boost|p2b: Calyrex|atk|1\n|move|p1a: Sableye|Foul Play|p2a: Kyogre\n|-damage|p2a: Kyogre|74/100\n|\n|-weather|none\n|-heal|p2a: Kyogre|80/100|[from] Grassy Terrain\n|-heal|p2b: Calyrex|21/100|[from] Grassy Terrain\n|-heal|p1a: Sableye|58/100|[from] Grassy Terrain\n|upkeep\n|turn|9\n|\n|t:|1774295016\n|move|p2a: Kyogre|Hydro Pump|p1a: Sableye\n|-damage|p1a: Sableye|0 fnt\n|faint|p1a: Sableye\n|\n|win|ScribbleScribble\n|raw|Jonen's rating: 1576 &rarr; <strong>1559</strong><br />(-17 for losing)\n|raw|ScribbleScribble's rating: 1626 &rarr; <strong>1643</strong><br />(+17 for winning)\n","uploadtime":1774295017,"views":38,"formatid":"gen9vgc2026regi","rating":1559,"private":0,"password":null}