{"id":"gen9vgc2026regi-2546572713","format":"[Gen 9] VGC 2026 Reg I","players":["Loiradotchan16","bullgod4ever"],"log":"|j|\u2606Loiradotchan16\n|j|\u2606bullgod4ever\n|t:|1771979464\n|gametype|doubles\n|player|p1|Loiradotchan16|266|1415\n|player|p2|bullgod4ever|2|1506\n|gen|9\n|tier|[Gen 9] VGC 2026 Reg I\n|rated|\n|rule|Species Clause: Limit one of each Pok\u00e9mon\n|rule|Item Clause: Limit 1 of each item\n|clearpoke\n|poke|p1|Calyrex-Ice, L50|\n|poke|p1|Lunala, L50|\n|poke|p1|Rillaboom, L50, F|\n|poke|p1|Urshifu-*, L50, F|\n|poke|p1|Flutter Mane, L50|\n|poke|p1|Ursaluna-Bloodmoon, L50, M|\n|poke|p2|Calyrex-Shadow, L50|\n|poke|p2|Zamazenta-*, L50|\n|poke|p2|Chien-Pao, L50|\n|poke|p2|Dragonite, L50, F|\n|poke|p2|Amoonguss, L50, F|\n|poke|p2|Ogerpon-Cornerstone, L50, F|\n|teampreview|4\n|inactive|Battle timer is ON: inactive players will automatically lose when time's up. (requested by Loiradotchan16)\n|inactive|bullgod4ever has 60 seconds left.\n|inactive|bullgod4ever has 30 seconds left.\n|\n|t:|1771979533\n|teamsize|p1|4\n|teamsize|p2|4\n|start\n|switch|p1a: Calyrex|Calyrex-Ice, L50|100/100\n|switch|p1b: Lunala|Lunala, L50|100/100\n|switch|p2a: Zamazenta|Zamazenta-Crowned, L50|100/100\n|switch|p2b: Chien-Pao|Chien-Pao, L50|100/100\n|-ability|p1a: Calyrex|As One\n|-ability|p1a: Calyrex|Unnerve\n|-ability|p2b: Chien-Pao|Sword of Ruin\n|-ability|p2a: Zamazenta|Dauntless Shield|boost\n|-boost|p2a: Zamazenta|def|1\n|turn|1\n|inactive|bullgod4ever has 30 seconds left.\n|inactive|bullgod4ever has 20 seconds left.\n|inactive|bullgod4ever has 15 seconds left.\n|inactive|Loiradotchan16 has 30 seconds left.\n|inactive|bullgod4ever has 10 seconds left.\n|inactive|bullgod4ever has 5 seconds left.\n|\n|t:|1771979585\n|move|p1a: Calyrex|Protect|p1a: Calyrex\n|-singleturn|p1a: Calyrex|Protect\n|move|p2b: Chien-Pao|Ruination|p1b: Lunala\n|-damage|p1b: Lunala|50/100\n|move|p2a: Zamazenta|Behemoth Bash|p1b: Lunala\n|-damage|p1b: Lunala|9/100\n|move|p1b: Lunala|Trick Room|p1b: Lunala\n|-fieldstart|move: Trick Room|[of] p1b: Lunala\n|\n|-heal|p1b: Lunala|15/100|[from] item: Leftovers\n|upkeep\n|turn|2\n|inactive|Loiradotchan16 has 30 seconds left.\n|\n|t:|1771979612\n|-terastallize|p1a: Calyrex|Water\n|move|p2b: Chien-Pao|Ice Shard|p1b: Lunala\n|-damage|p1b: Lunala|0 fnt\n|faint|p1b: Lunala\n|move|p1a: Calyrex|High Horsepower|p2a: Zamazenta\n|-supereffective|p2a: Zamazenta\n|-crit|p2a: Zamazenta\n|-damage|p2a: Zamazenta|0 fnt\n|faint|p2a: Zamazenta\n|-ability|p1a: Calyrex|Chilling Neigh|boost\n|-boost|p1a: Calyrex|atk|1\n|\n|upkeep\n|\n|t:|1771979625\n|switch|p1b: Ursaluna|Ursaluna-Bloodmoon, L50, M|100/100\n|switch|p2a: Amoonguss|Amoonguss, L50, F|100/100\n|turn|3\n|inactive|bullgod4ever has 30 seconds left.\n|\n|t:|1771979650\n|-terastallize|p2a: Amoonguss|Fire\n|move|p2b: Chien-Pao|Sucker Punch|p1a: Calyrex\n|-damage|p1a: Calyrex|76/100\n|move|p2a: Amoonguss|Spore|p1b: Ursaluna\n|-status|p1b: Ursaluna|slp|[from] move: Spore\n|move|p1a: Calyrex|Glacial Lance|p2b: Chien-Pao|[spread] p2a,p2b\n|-resisted|p2a: Amoonguss\n|-resisted|p2b: Chien-Pao\n|-damage|p2a: Amoonguss|51/100\n|-damage|p2b: Chien-Pao|49/100\n|cant|p1b: Ursaluna|slp\n|\n|upkeep\n|turn|4\n|inactive|Loiradotchan16 has 30 seconds left.\n|\n|t:|1771979679\n|move|p2a: Amoonguss|Spore|p1a: Calyrex\n|-status|p1a: Calyrex|slp|[from] move: Spore\n|cant|p1a: Calyrex|slp\n|cant|p1b: Ursaluna|slp\n|move|p2b: Chien-Pao|Ice Spinner|p1b: Ursaluna\n|-supereffective|p1b: Ursaluna\n|-damage|p1b: Ursaluna|34/100 slp\n|\n|upkeep\n|turn|5\n|inactive|bullgod4ever has 30 seconds left.\n|\n|t:|1771979713\n|move|p2b: Chien-Pao|Ice Shard|p1b: Ursaluna\n|-supereffective|p1b: Ursaluna\n|-damage|p1b: Ursaluna|6/100 slp\n|move|p2a: Amoonguss|Sludge Bomb|p1a: Calyrex\n|-damage|p1a: Calyrex|57/100 slp\n|-curestatus|p1a: Calyrex|slp|[msg]\n|move|p1a: Calyrex|Glacial Lance|p2a: Amoonguss|[spread] p2a,p2b\n|-resisted|p2a: Amoonguss\n|-resisted|p2b: Chien-Pao\n|-damage|p2a: Amoonguss|6/100\n|-damage|p2b: Chien-Pao|0 fnt\n|faint|p2b: Chien-Pao\n|-ability|p1a: Calyrex|Chilling Neigh|boost\n|-boost|p1a: Calyrex|atk|1\n|cant|p1b: Ursaluna|slp\n|\n|-fieldend|move: Trick Room\n|upkeep\n|\n|t:|1771979731\n|switch|p2b: Calyrex|Calyrex-Shadow, L50|100/100\n|-ability|p2b: Calyrex|As One\n|-ability|p2b: Calyrex|Unnerve\n|turn|6\n|inactive|bullgod4ever has 30 seconds left.\n|\n|t:|1771979759\n|move|p2a: Amoonguss|Protect|p2a: Amoonguss\n|-singleturn|p2a: Amoonguss|Protect\n|move|p2b: Calyrex|Psychic|p1b: Ursaluna\n|-damage|p1b: Ursaluna|0 fnt\n|faint|p1b: Ursaluna\n|-ability|p2b: Calyrex|Grim Neigh|boost\n|-boost|p2b: Calyrex|spa|1\n|move|p1a: Calyrex|Glacial Lance|p2a: Amoonguss|[spread] p2b\n|-activate|p2a: Amoonguss|move: Protect\n|-enditem|p2b: Calyrex|Focus Sash\n|-damage|p2b: Calyrex|1/100\n|\n|upkeep\n|\n|t:|1771979771\n|switch|p1b: Urshifu|Urshifu-Rapid-Strike, L50, F|100/100\n|turn|7\n|\n|t:|1771979777\n|move|p2a: Amoonguss|Rage Powder|p2a: Amoonguss\n|-singleturn|p2a: Amoonguss|move: Rage Powder\n|move|p1b: Urshifu|Aqua Jet|p2a: Amoonguss\n|-supereffective|p2a: Amoonguss\n|-damage|p2a: Amoonguss|0 fnt\n|-damage|p1b: Urshifu|84/100|[from] item: Rocky Helmet|[of] p2a: Amoonguss\n|faint|p2a: Amoonguss\n|move|p2b: Calyrex|Astral Barrage|p1a: Calyrex|[spread] p1a,p1b\n|-damage|p1a: Calyrex|0 fnt\n|-damage|p1b: Urshifu|0 fnt\n|faint|p1a: Calyrex\n|faint|p1b: Urshifu\n|\n|win|bullgod4ever\n|raw|Loiradotchan16's rating: 1415 &rarr; <strong>1400</strong><br />(-15 for losing)\n|raw|bullgod4ever's rating: 1506 &rarr; <strong>1521</strong><br />(+15 for winning)\n|l|\u2606Loiradotchan16\n|player|p1|\n|l|\u2606bullgod4ever\n|player|p2|\n|j|\u2606bullgod4ever\n|player|p2|bullgod4ever|2|\n","uploadtime":1771979913,"views":15,"formatid":"gen9vgc2026regi","rating":1400,"private":0,"password":null}