{"id":"gen9vgc2026regi-2546764213","format":"[Gen 9] VGC 2026 Reg I","players":["Zorse Mentality","SHyperdestroyerVGC"],"log":"|j|\u2606Zorse Mentality\n|j|\u2606SHyperdestroyerVGC\n|t:|1772007590\n|gametype|doubles\n|player|p1|Zorse Mentality|101|1398\n|player|p2|SHyperdestroyerVGC|lady|1450\n|gen|9\n|tier|[Gen 9] VGC 2026 Reg I\n|rated|\n|rule|Species Clause: Limit one of each Pok\u00e9mon\n|rule|Item Clause: Limit 1 of each item\n|clearpoke\n|poke|p1|Calyrex-Ice, L50|\n|poke|p1|Kyogre, L50|\n|poke|p1|Tornadus, L50, M|\n|poke|p1|Urshifu-*, L50, M|\n|poke|p1|Indeedee-F, L50, F|\n|poke|p1|Torkoal, L50, F|\n|poke|p2|Miraidon, L50|\n|poke|p2|Lunala, L50|\n|poke|p2|Whimsicott, L50, M|\n|poke|p2|Incineroar, L50, M|\n|poke|p2|Ursaluna, L50, F|\n|poke|p2|Urshifu-*, L50, M|\n|teampreview|4\n|c|\u2606SHyperdestroyerVGC|GLHF\n|\n|t:|1772007638\n|teamsize|p1|4\n|teamsize|p2|4\n|start\n|switch|p1a: Indeedee|Indeedee-F, L50, F|100/100\n|switch|p1b: Calyrex|Calyrex-Ice, L50|100/100\n|switch|p2a: Incineroar|Incineroar, L50, M|100/100\n|switch|p2b: Lunala|Lunala, L50|100/100\n|-ability|p1b: Calyrex|As One\n|-ability|p1b: Calyrex|Unnerve\n|-fieldstart|move: Psychic Terrain|[from] ability: Psychic Surge|[of] p1a: Indeedee\n|-ability|p2a: Incineroar|Intimidate|boost\n|-unboost|p1a: Indeedee|atk|1\n|-unboost|p1b: Calyrex|atk|1\n|turn|1\n|inactive|Battle timer is ON: inactive players will automatically lose when time's up. (requested by Zorse Mentality)\n|inactive|Zorse Mentality has 60 seconds left.\n|\n|t:|1772007673\n|switch|p1a: Urshifu|Urshifu, L50, M|100/100\n|move|p2b: Lunala|Moonblast|p1a: Urshifu\n|-supereffective|p1a: Urshifu\n|-damage|p1a: Urshifu|0 fnt\n|faint|p1a: Urshifu\n|move|p1b: Calyrex|Lash Out|p2b: Lunala\n|-supereffective|p2b: Lunala\n|-damage|p2b: Lunala|23/100\n|-damage|p1b: Calyrex|91/100|[from] item: Life Orb\n|move|p2a: Incineroar|Knock Off|p1b: Calyrex\n|-supereffective|p1b: Calyrex\n|-damage|p1b: Calyrex|40/100\n|-enditem|p1b: Calyrex|Life Orb|[from] move: Knock Off|[of] p2a: Incineroar\n|\n|upkeep\n|\n|t:|1772007690\n|switch|p1a: Kyogre|Kyogre, L50|100/100\n|-weather|RainDance|[from] ability: Drizzle|[of] p1a: Kyogre\n|turn|2\n|\n|t:|1772007707\n|move|p2b: Lunala|Wide Guard|p2b: Lunala\n|-singleturn|p2b: Lunala|Wide Guard\n|move|p1a: Kyogre|Water Spout|p2a: Incineroar|[spread] \n|-activate|p2a: Incineroar|move: Wide Guard\n|-activate|p2b: Lunala|move: Wide Guard\n|move|p1b: Calyrex|Lash Out|p2b: Lunala\n|-supereffective|p2b: Lunala\n|-damage|p2b: Lunala|0 fnt\n|faint|p2b: Lunala\n|-ability|p1b: Calyrex|Chilling Neigh|boost\n|-boost|p1b: Calyrex|atk|1\n|move|p2a: Incineroar|Parting Shot|p1a: Kyogre\n|-unboost|p1a: Kyogre|atk|1\n|-unboost|p1a: Kyogre|spa|1\n|\n|t:|1772007722\n|switch|p2a: Miraidon|Miraidon, L50|100/100|[from] Parting Shot\n|-fieldstart|move: Electric Terrain|[from] ability: Hadron Engine|[of] p2a: Miraidon\n|\n|-weather|RainDance|[upkeep]\n|upkeep\n|\n|t:|1772007726\n|switch|p2b: Incineroar|Incineroar, L50, M|100/100\n|-ability|p2b: Incineroar|Intimidate|boost\n|-unboost|p1a: Kyogre|atk|1\n|-unboost|p1b: Calyrex|atk|1\n|turn|3\n|\n|t:|1772007740\n|switch|p1b: Indeedee|Indeedee-F, L50, F|100/100\n|-fieldstart|move: Psychic Terrain|[from] ability: Psychic Surge|[of] p1b: Indeedee\n|move|p1a: Kyogre|Protect|p1a: Kyogre\n|-singleturn|p1a: Kyogre|Protect\n|move|p2b: Incineroar|Fake Out|p1b: Indeedee\n|-activate|p1b: Indeedee|move: Psychic Terrain\n|move|p2a: Miraidon|Dazzling Gleam|p1b: Indeedee|[spread] p1b\n|-activate|p1a: Kyogre|move: Protect\n|-damage|p1b: Indeedee|66/100\n|\n|-weather|RainDance|[upkeep]\n|upkeep\n|turn|4\n|\n|t:|1772007763\n|switch|p2b: Whimsicott|Whimsicott, L50, M|100/100\n|-terastallize|p2a: Miraidon|Fairy\n|-terastallize|p1b: Indeedee|Ground\n|move|p1b: Indeedee|Follow Me|p1b: Indeedee\n|-singleturn|p1b: Indeedee|move: Follow Me\n|move|p2a: Miraidon|Dazzling Gleam|p1a: Kyogre|[spread] p1a,p1b\n|-damage|p1a: Kyogre|63/100\n|-damage|p1b: Indeedee|16/100\n|move|p1a: Kyogre|Water Spout|p2a: Miraidon|[spread] p2a,p2b\n|-resisted|p2b: Whimsicott\n|-damage|p2a: Miraidon|63/100\n|-damage|p2b: Whimsicott|72/100\n|\n|-weather|RainDance|[upkeep]\n|upkeep\n|turn|5\n|inactive|Zorse Mentality has 30 seconds left.\n|\n|t:|1772007791\n|move|p1b: Indeedee|Protect|p1b: Indeedee\n|-singleturn|p1b: Indeedee|Protect\n|move|p2a: Miraidon|Dazzling Gleam|p1b: Indeedee|[spread] p1a\n|-activate|p1b: Indeedee|move: Protect\n|-damage|p1a: Kyogre|22/100\n|move|p1a: Kyogre|Thunder|p2a: Miraidon\n|-damage|p2a: Miraidon|40/100\n|move|p2b: Whimsicott|Moonblast|p1a: Kyogre\n|-damage|p1a: Kyogre|0 fnt\n|faint|p1a: Kyogre\n|\n|-weather|RainDance|[upkeep]\n|upkeep\n|\n|t:|1772007806\n|switch|p1a: Calyrex|Calyrex-Ice, L50|40/100\n|-ability|p1a: Calyrex|As One\n|-ability|p1a: Calyrex|Unnerve\n|turn|6\n|\n|t:|1772007818\n|move|p1b: Indeedee|Protect||[still]\n|-fail|p1b: Indeedee\n|move|p2b: Whimsicott|Tailwind|p2b: Whimsicott\n|-sidestart|p2: SHyperdestroyerVGC|move: Tailwind\n|move|p2a: Miraidon|Dazzling Gleam|p1a: Calyrex|[spread] p1a,p1b\n|-damage|p1a: Calyrex|0 fnt\n|-damage|p1b: Indeedee|0 fnt\n|faint|p1a: Calyrex\n|faint|p1b: Indeedee\n|\n|win|SHyperdestroyerVGC\n|raw|Zorse Mentality's rating: 1398 &rarr; <strong>1381</strong><br />(-17 for losing)\n|raw|SHyperdestroyerVGC's rating: 1450 &rarr; <strong>1467</strong><br />(+17 for winning)\n|l|\u2606Zorse Mentality\n|player|p1|\n","uploadtime":1772007828,"views":14,"formatid":"gen9vgc2026regi","rating":1381,"private":0,"password":null}