{"id":"gen9vgc2026regi-2555758712","format":"[Gen 9] VGC 2026 Reg I","players":["greazypancakes","drive stone"],"log":"|j|\u2606greazypancakes\n|j|\u2606drive stone\n|t:|1773131791\n|gametype|doubles\n|player|p1|greazypancakes|1|1450\n|player|p2|drive stone|cilan|1547\n|gen|9\n|tier|[Gen 9] VGC 2026 Reg I\n|rated|\n|rule|Species Clause: Limit one of each Pok\u00e9mon\n|rule|Item Clause: Limit 1 of each item\n|clearpoke\n|poke|p1|Koraidon, L50|\n|poke|p1|Miraidon, L50|\n|poke|p1|Whimsicott, L50, F|\n|poke|p1|Raging Bolt, L50|\n|poke|p1|Urshifu-*, L50, M|\n|poke|p1|Iron Moth, L50|\n|poke|p2|Calyrex-Ice, L50|\n|poke|p2|Ho-Oh, L50|\n|poke|p2|Overqwil, L50, M|\n|poke|p2|Rillaboom, L50, M|\n|poke|p2|Ting-Lu, L50|\n|poke|p2|Ogerpon-Wellspring, L50, F|\n|teampreview|4\n|inactive|Battle timer is ON: inactive players will automatically lose when time's up. (requested by greazypancakes)\n|\n|t:|1773131823\n|teamsize|p1|4\n|teamsize|p2|4\n|start\n|switch|p1a: Miraidon|Miraidon, L50|100/100\n|switch|p1b: Iron Moth|Iron Moth, L50|100/100\n|switch|p2a: Overqwil|Overqwil, L50, M|100/100\n|switch|p2b: Rillaboom|Rillaboom, L50, M|100/100\n|-fieldstart|move: Electric Terrain|[from] ability: Hadron Engine|[of] p1a: Miraidon\n|-activate|p1b: Iron Moth|ability: Quark Drive\n|-start|p1b: Iron Moth|quarkdrivespe\n|-fieldstart|move: Grassy Terrain|[from] ability: Grassy Surge|[of] p2b: Rillaboom\n|-end|p1b: Iron Moth|Quark Drive\n|-ability|p2a: Overqwil|Intimidate|boost\n|-unboost|p1a: Miraidon|atk|1\n|-unboost|p1b: Iron Moth|atk|1\n|turn|1\n|\n|t:|1773131845\n|move|p2b: Rillaboom|Fake Out|p1b: Iron Moth\n|-damage|p1b: Iron Moth|81/100\n|move|p1a: Miraidon|Volt Switch|p2a: Overqwil\n|-damage|p2a: Overqwil|67/100\n|\n|t:|1773131852\n|switch|p1a: Whimsicott|Whimsicott, L50, F|100/100|[from] Volt Switch\n|cant|p1b: Iron Moth|flinch\n|move|p2a: Overqwil|Toxic Spikes|p1b: Iron Moth\n|-sidestart|p1: greazypancakes|move: Toxic Spikes\n|\n|-heal|p1b: Iron Moth|86/100|[from] Grassy Terrain\n|-heal|p2a: Overqwil|73/100|[from] Grassy Terrain\n|-heal|p2a: Overqwil|80/100|[from] item: Black Sludge\n|upkeep\n|turn|2\n|\n|t:|1773131866\n|switch|p2b: Ho-Oh|Ho-Oh, L50|100/100\n|move|p1a: Whimsicott|Encore||[still]\n|-fail|p1a: Whimsicott\n|move|p1b: Iron Moth|Heat Wave|p2b: Ho-Oh|[spread] p2b\n|-miss|p1b: Iron Moth|p2a: Overqwil\n|-resisted|p2b: Ho-Oh\n|-crit|p2b: Ho-Oh\n|-damage|p2b: Ho-Oh|78/100\n|move|p2a: Overqwil|Barb Barrage|p1a: Whimsicott\n|-supereffective|p1a: Whimsicott\n|-damage|p1a: Whimsicott|0 fnt\n|faint|p1a: Whimsicott\n|\n|-heal|p1b: Iron Moth|92/100|[from] Grassy Terrain\n|-heal|p2a: Overqwil|86/100|[from] Grassy Terrain\n|-heal|p2a: Overqwil|92/100|[from] item: Black Sludge\n|upkeep\n|\n|t:|1773131871\n|switch|p1a: Miraidon|Miraidon, L50|100/100\n|-status|p1a: Miraidon|psn\n|-fieldstart|move: Electric Terrain|[from] ability: Hadron Engine|[of] p1a: Miraidon\n|-activate|p1b: Iron Moth|ability: Quark Drive\n|-start|p1b: Iron Moth|quarkdrivespe\n|turn|3\n|\n|t:|1773131894\n|switch|p2b: Rillaboom|Rillaboom, L50, M|100/100\n|-fieldstart|move: Grassy Terrain|[from] ability: Grassy Surge|[of] p2b: Rillaboom\n|-end|p1b: Iron Moth|Quark Drive\n|move|p1a: Miraidon|Electro Drift|p2b: Rillaboom\n|-resisted|p2b: Rillaboom\n|-damage|p2b: Rillaboom|82/100\n|move|p1b: Iron Moth|Heat Wave|p2a: Overqwil|[spread] p2a,p2b\n|-supereffective|p2b: Rillaboom\n|-damage|p2a: Overqwil|39/100\n|-damage|p2b: Rillaboom|6/100\n|move|p2a: Overqwil|Throat Chop|p1b: Iron Moth\n|-damage|p1b: Iron Moth|41/100\n|-start|p1b: Iron Moth|Throat Chop|[silent]\n|\n|-heal|p1b: Iron Moth|47/100|[from] Grassy Terrain\n|-heal|p2b: Rillaboom|12/100|[from] Grassy Terrain\n|-heal|p2a: Overqwil|45/100|[from] Grassy Terrain\n|-heal|p2a: Overqwil|51/100|[from] item: Black Sludge\n|-damage|p1a: Miraidon|88/100 psn|[from] psn\n|upkeep\n|turn|4\n|inactive|drive stone has 30 seconds left.\n|inactive|drive stone has 20 seconds left.\n|inactive|drive stone has 15 seconds left.\n|inactive|drive stone has 10 seconds left.\n|\n|t:|1773131942\n|switch|p2b: Ho-Oh|Ho-Oh, L50|100/100\n|move|p1a: Miraidon|Electro Drift|p2a: Overqwil\n|-crit|p2a: Overqwil\n|-damage|p2a: Overqwil|0 fnt\n|faint|p2a: Overqwil\n|move|p1b: Iron Moth|Heat Wave|p2b: Ho-Oh\n|-resisted|p2b: Ho-Oh\n|-damage|p2b: Ho-Oh|80/100\n|\n|-heal|p1a: Miraidon|94/100 psn|[from] Grassy Terrain\n|-heal|p1b: Iron Moth|53/100|[from] Grassy Terrain\n|-damage|p1a: Miraidon|82/100 psn|[from] psn\n|-end|p1b: Iron Moth|Throat Chop|[silent]\n|upkeep\n|\n|t:|1773131956\n|switch|p2a: Calyrex|Calyrex-Ice, L50|100/100\n|-ability|p2a: Calyrex|As One\n|-ability|p2a: Calyrex|Unnerve\n|turn|5\n|\n|t:|1773131972\n|-terastallize|p2a: Calyrex|Water\n|move|p2b: Ho-Oh|Protect|p2b: Ho-Oh\n|-singleturn|p2b: Ho-Oh|Protect\n|move|p1a: Miraidon|Volt Switch|p2a: Calyrex\n|-supereffective|p2a: Calyrex\n|-damage|p2a: Calyrex|56/100\n|\n|t:|1773131978\n|switch|p1a: Koraidon|Koraidon, L50|100/100|[from] Volt Switch\n|-status|p1a: Koraidon|psn\n|-weather|SunnyDay|[from] ability: Orichalcum Pulse|[of] p1a: Koraidon\n|-activate|p1a: Koraidon|Orichalcum Pulse|[source]\n|move|p1b: Iron Moth|Heat Wave|p2b: Ho-Oh|[spread] p2a\n|-activate|p2b: Ho-Oh|move: Protect\n|-resisted|p2a: Calyrex\n|-damage|p2a: Calyrex|30/100\n|move|p2a: Calyrex|Glacial Lance|p1b: Iron Moth|[spread] p1a,p1b\n|-supereffective|p1a: Koraidon\n|-resisted|p1b: Iron Moth\n|-damage|p1a: Koraidon|28/100 psn\n|-damage|p1b: Iron Moth|14/100\n|\n|-weather|SunnyDay|[upkeep]\n|-heal|p1a: Koraidon|34/100 psn|[from] Grassy Terrain\n|-heal|p1b: Iron Moth|20/100|[from] Grassy Terrain\n|-heal|p2a: Calyrex|36/100|[from] Grassy Terrain\n|-heal|p2a: Calyrex|42/100|[from] item: Leftovers\n|-damage|p1a: Koraidon|22/100 psn|[from] psn\n|upkeep\n|turn|6\n|\n|t:|1773132002\n|move|p2a: Calyrex|Protect|p2a: Calyrex\n|-singleturn|p2a: Calyrex|Protect\n|move|p1a: Koraidon|Collision Course|p2a: Calyrex\n|-activate|p2a: Calyrex|move: Protect\n|move|p1b: Iron Moth|Heat Wave|p2b: Ho-Oh|[spread] p2b\n|-activate|p2a: Calyrex|move: Protect\n|-resisted|p2b: Ho-Oh\n|-damage|p2b: Ho-Oh|58/100\n|move|p2b: Ho-Oh|Sacred Fire|p1b: Iron Moth\n|-resisted|p1b: Iron Moth\n|-damage|p1b: Iron Moth|0 fnt\n|faint|p1b: Iron Moth\n|-end|p1b: Iron Moth|Quark Drive|[silent]\n|\n|-weather|SunnyDay|[upkeep]\n|-heal|p1a: Koraidon|28/100 psn|[from] Grassy Terrain\n|-heal|p2a: Calyrex|48/100|[from] Grassy Terrain\n|-heal|p2a: Calyrex|54/100|[from] item: Leftovers\n|-damage|p1a: Koraidon|15/100 psn|[from] psn\n|upkeep\n|\n|t:|1773132005\n|switch|p1b: Miraidon|Miraidon, L50|82/100 psn\n|-fieldstart|move: Electric Terrain|[from] ability: Hadron Engine|[of] p1b: Miraidon\n|turn|7\n|inactive|drive stone has 30 seconds left.\n|\n|t:|1773132032\n|switch|p2a: Rillaboom|Rillaboom, L50, M|12/100\n|-fieldstart|move: Grassy Terrain|[from] ability: Grassy Surge|[of] p2a: Rillaboom\n|move|p1b: Miraidon|Electro Drift|p2a: Rillaboom\n|-resisted|p2a: Rillaboom\n|-damage|p2a: Rillaboom|0 fnt\n|faint|p2a: Rillaboom\n|move|p1a: Koraidon|Collision Course|p2b: Ho-Oh\n|-resisted|p2b: Ho-Oh\n|-damage|p2b: Ho-Oh|36/100\n|-damage|p1a: Koraidon|0 fnt|[from] item: Rocky Helmet|[of] p2b: Ho-Oh\n|faint|p1a: Koraidon\n|move|p2b: Ho-Oh|Life Dew|p2b: Ho-Oh\n|-heal|p2b: Ho-Oh|61/100\n|\n|-weather|SunnyDay|[upkeep]\n|-heal|p1b: Miraidon|88/100 psn|[from] Grassy Terrain\n|-damage|p1b: Miraidon|76/100 psn|[from] psn\n|upkeep\n|\n|t:|1773132052\n|switch|p2a: Calyrex|Calyrex-Ice, L50, tera:Water|54/100\n|-ability|p2a: Calyrex|As One\n|-ability|p2a: Calyrex|Unnerve\n|turn|8\n|\n|t:|1773132073\n|move|p2a: Calyrex|Protect|p2a: Calyrex\n|-singleturn|p2a: Calyrex|Protect\n|move|p1b: Miraidon|Electro Drift|p2a: Calyrex\n|-activate|p2a: Calyrex|move: Protect\n|move|p2b: Ho-Oh|Life Dew|p2b: Ho-Oh|[spread] p2a,p2b\n|-heal|p2a: Calyrex|79/100\n|-heal|p2b: Ho-Oh|86/100\n|\n|-weather|SunnyDay|[upkeep]\n|-heal|p1b: Miraidon|82/100 psn|[from] Grassy Terrain\n|-heal|p2a: Calyrex|85/100|[from] Grassy Terrain\n|-heal|p2a: Calyrex|90/100|[from] item: Leftovers\n|-damage|p1b: Miraidon|70/100 psn|[from] psn\n|upkeep\n|turn|9\n|\n|t:|1773132091\n|move|p1b: Miraidon|Electro Drift|p2a: Calyrex\n|-supereffective|p2a: Calyrex\n|-damage|p2a: Calyrex|6/100\n|move|p2b: Ho-Oh|Sacred Fire|p1b: Miraidon\n|-resisted|p1b: Miraidon\n|-damage|p1b: Miraidon|35/100 psn\n|move|p2a: Calyrex|Glacial Lance|p1b: Miraidon\n|-supereffective|p1b: Miraidon\n|-damage|p1b: Miraidon|0 fnt\n|faint|p1b: Miraidon\n|\n|win|drive stone\n|raw|greazypancakes's rating: 1450 &rarr; <strong>1435</strong><br />(-15 for losing)\n|raw|drive stone's rating: 1547 &rarr; <strong>1562</strong><br />(+15 for winning)\n|l|\u2606greazypancakes\n|player|p1|\n|l|\u2606drive stone\n|player|p2|\n","uploadtime":1773132362,"views":17,"formatid":"gen9vgc2026regi","rating":1435,"private":0,"password":null}