{"id":"gen9vgc2026regi-2561955153","format":"[Gen 9] VGC 2026 Reg I","players":["etaniol1024","Mirthinion"],"log":"|j|\u2606etaniol1024\n|j|\u2606Mirthinion\n|t:|1773857844\n|gametype|doubles\n|player|p1|etaniol1024|102|1489\n|player|p2|Mirthinion|janitor|1462\n|gen|9\n|tier|[Gen 9] VGC 2026 Reg I\n|rated|\n|rule|Species Clause: Limit one of each Pok\u00e9mon\n|rule|Item Clause: Limit 1 of each item\n|clearpoke\n|poke|p1|Terapagos, L50, M|\n|poke|p1|Lunala, L50|\n|poke|p1|Smeargle, L50, M|\n|poke|p1|Amoonguss, L50, F|\n|poke|p1|Ditto, L50|\n|poke|p1|Charjabug, L50, F|\n|poke|p2|Calyrex-Shadow, L50|\n|poke|p2|Zamazenta-*, L50|\n|poke|p2|Urshifu-*, L50, M|\n|poke|p2|Incineroar, L50, M|\n|poke|p2|Rillaboom, L50, M|\n|poke|p2|Tornadus, L50, M|\n|teampreview|4\n|inactive|Battle timer is ON: inactive players will automatically lose when time's up. (requested by Mirthinion)\nMirthinion rejected open team sheets.\n|inactive|Mirthinion has 60 seconds left.\n|\n|t:|1773857903\n|teamsize|p1|4\n|teamsize|p2|4\n|start\n|switch|p1a: Smeargle|Smeargle, L50, M|100/100\n|switch|p1b: Terapagos|Terapagos, L50, M|100/100\n|switch|p2a: Vangwe|Tornadus, L50, M|100/100\n|switch|p2b: Drambor|Zamazenta-Crowned, L50|100/100\n|-activate|p1b: Terapagos|ability: Tera Shift\n|detailschange|p1b: Terapagos|Terapagos-Terastal, L50, M\n|-heal|p1b: Terapagos|100/100|[silent]\n|-ability|p2b: Drambor|Dauntless Shield|boost\n|-boost|p2b: Drambor|def|1\n|turn|1\n|\n|t:|1773857926\n|switch|p1a: Ditto|Ditto, L50|100/100\n|-transform|p1a: Ditto|p2b: Drambor|[from] ability: Imposter\n|-ability|p1a: Ditto|Dauntless Shield|boost\n|-boost|p1a: Ditto|def|1\n|switch|p1b: Lunala|Lunala, L50|100/100\n|move|p2b: Drambor|Protect|p2b: Drambor\n|-singleturn|p2b: Drambor|Protect\n|move|p2a: Vangwe|Bleakwind Storm|p1b: Lunala|[spread] p1a,p1b\n|-damage|p1a: Ditto|69/100\n|-damage|p1b: Lunala|88/100\n|\n|upkeep\n|turn|2\n|\n|t:|1773857947\n|-terastallize|p2b: Drambor|Grass\n|move|p2a: Vangwe|Taunt|p1b: Lunala\n|-start|p1b: Lunala|move: Taunt\n|move|p1a: Ditto|Body Press|p2b: Drambor\n|-damage|p2b: Drambor|63/100\n|move|p2b: Drambor|Body Press|p1a: Ditto\n|-supereffective|p1a: Ditto\n|-crit|p1a: Ditto\n|-damage|p1a: Ditto|0 fnt\n|faint|p1a: Ditto\n|move|p1b: Lunala|Meteor Beam||[still]\n|-prepare|p1b: Lunala|Meteor Beam\n|-boost|p1b: Lunala|spa|1\n|-enditem|p1b: Lunala|Power Herb\n|-anim|p1b: Lunala|Meteor Beam|p2a: Vangwe\n|-supereffective|p2a: Vangwe\n|-damage|p2a: Vangwe|0 fnt\n|faint|p2a: Vangwe\n|\n|upkeep\n|\n|t:|1773857965\n|switch|p2a: Mithrandir|Calyrex-Shadow, L50|100/100\n|switch|p1a: Smeargle|Smeargle, L50, M|100/100\n|-ability|p2a: Mithrandir|As One\n|-ability|p2a: Mithrandir|Unnerve\n|turn|3\n|\n|t:|1773857981\n|switch|p1b: Terapagos|Terapagos-Terastal, L50, M|100/100\n|move|p2a: Mithrandir|Pollen Puff|p1a: Smeargle\n|-damage|p1a: Smeargle|33/100\n|move|p2b: Drambor|Body Press|p1a: Smeargle\n|-supereffective|p1a: Smeargle\n|-damage|p1a: Smeargle|0 fnt\n|faint|p1a: Smeargle\n|\n|upkeep\n|\n|t:|1773857989\n|switch|p1a: Lunala|Lunala, L50|88/100\n|turn|4\n|\n|t:|1773857998\n|move|p2a: Mithrandir|Pollen Puff|p1b: Terapagos\n|-activate|p1b: Terapagos|ability: Tera Shell\n|-resisted|p1b: Terapagos\n|-damage|p1b: Terapagos|83/100\n|move|p2b: Drambor|Body Press|p1b: Terapagos\n|-supereffective|p1b: Terapagos\n|-damage|p1b: Terapagos|0 fnt\n|faint|p1b: Terapagos\n|move|p1a: Lunala|Tailwind|p1a: Lunala\n|-sidestart|p1: etaniol1024|move: Tailwind\n|\n|upkeep\n|turn|5\n|\n|t:|1773858013\n|move|p1a: Lunala|Moongeist Beam|p2a: Mithrandir\n|-supereffective|p2a: Mithrandir\n|-enditem|p2a: Mithrandir|Focus Sash\n|-damage|p2a: Mithrandir|1/100\n|move|p2a: Mithrandir|Astral Barrage|p1a: Lunala\n|-supereffective|p1a: Lunala\n|-damage|p1a: Lunala|0 fnt\n|faint|p1a: Lunala\n|\n|win|Mirthinion\n|raw|etaniol1024's rating: 1489 &rarr; <strong>1467</strong><br />(-22 for losing)\n|raw|Mirthinion's rating: 1462 &rarr; <strong>1484</strong><br />(+22 for winning)\n|l|\u2606etaniol1024\n|player|p1|\n","uploadtime":1773858026,"views":81,"formatid":"gen9vgc2026regi","rating":1467,"private":0,"password":null}