{"id":"gen9vgc2026regi-2563870137","format":"[Gen 9] VGC 2026 Reg I","players":["Cellpab1","Dioxide8"],"log":"|j|\u2606Cellpab1\n|j|\u2606Dioxide8\n|t:|1774074855\n|gametype|doubles\n|player|p1|Cellpab1|1|1407\n|player|p2|Dioxide8|169|1542\n|gen|9\n|tier|[Gen 9] VGC 2026 Reg I\n|rated|\n|rule|Species Clause: Limit one of each Pok\u00e9mon\n|rule|Item Clause: Limit 1 of each item\n|clearpoke\n|poke|p1|Calyrex-Ice, L50|\n|poke|p1|Miraidon, L50|\n|poke|p1|Iron Hands, L50|\n|poke|p1|Landorus, L50, M|\n|poke|p1|Farigiraf, L50, M|\n|poke|p1|Incineroar, L50, F|\n|poke|p2|Miraidon, L50|\n|poke|p2|Lunala, L50|\n|poke|p2|Whimsicott, L50, M|\n|poke|p2|Urshifu-*, L50, F|\n|poke|p2|Incineroar, L50, M|\n|poke|p2|Ursaluna, L50, M|\n|teampreview|4\n|inactive|Battle timer is ON: inactive players will automatically lose when time's up. (requested by Dioxide8)\n|inactive|Dioxide8 has 60 seconds left.\n|\n|t:|1774074886\n|teamsize|p1|4\n|teamsize|p2|4\n|start\n|switch|p1a: Landorus|Landorus, L50, M|100/100\n|switch|p1b: Miraidon|Miraidon, L50|100/100\n|switch|p2a: Whimsicott|Whimsicott, L50, M|100/100\n|switch|p2b: Urshifu|Urshifu-Rapid-Strike, L50, F|100/100\n|-fieldstart|move: Electric Terrain|[from] ability: Hadron Engine|[of] p1b: Miraidon\n|turn|1\n|inactive|Cellpab1 has 30 seconds left.\n|inactive|Cellpab1 has 20 seconds left.\n|\n|t:|1774074922\n|-terastallize|p2b: Urshifu|Ghost\n|move|p2a: Whimsicott|Tailwind|p2a: Whimsicott\n|-sidestart|p2: Dioxide8|move: Tailwind\n|move|p2b: Urshifu|Surging Strikes|p1a: Landorus\n|-supereffective|p1a: Landorus\n|-crit|p1a: Landorus\n|-damage|p1a: Landorus|17/100\n|-supereffective|p1a: Landorus\n|-crit|p1a: Landorus\n|-damage|p1a: Landorus|0 fnt\n|faint|p1a: Landorus\n|-hitcount|p1: Landorus|2\n|move|p1b: Miraidon|Volt Switch|p2b: Urshifu\n|-damage|p2b: Urshifu|0 fnt\n|faint|p2b: Urshifu\n|-damage|p1b: Miraidon|91/100|[from] item: Life Orb\n|\n|t:|1774074942\n|switch|p1b: Calyrex|Calyrex-Ice, L50|100/100|[from] Volt Switch\n|-ability|p1b: Calyrex|As One\n|-ability|p1b: Calyrex|Unnerve\n|\n|upkeep\n|\n|t:|1774074954\n|switch|p1a: Miraidon|Miraidon, L50|91/100\n|switch|p2b: Miraidon|Miraidon, L50|100/100\n|-activate|p2b: Miraidon|ability: Hadron Engine\n|-activate|p1a: Miraidon|ability: Hadron Engine\n|turn|2\n|\n|t:|1774074968\n|move|p2b: Miraidon|Electro Drift|p1b: Calyrex\n|-damage|p1b: Calyrex|28/100\n|-damage|p2b: Miraidon|91/100|[from] item: Life Orb\n|move|p2a: Whimsicott|Moonblast|p1b: Calyrex\n|-damage|p1b: Calyrex|10/100\n|move|p1a: Miraidon|Draco Meteor|p2b: Miraidon\n|-supereffective|p2b: Miraidon\n|-damage|p2b: Miraidon|0 fnt\n|-unboost|p1a: Miraidon|spa|2\n|faint|p2b: Miraidon\n|-damage|p1a: Miraidon|81/100|[from] item: Life Orb\n|move|p1b: Calyrex|Trick Room|p1b: Calyrex\n|-fieldstart|move: Trick Room|[of] p1b: Calyrex\n|\n|-heal|p1b: Calyrex|16/100|[from] item: Leftovers\n|upkeep\n|\n|t:|1774074979\n|switch|p2b: Lunala|Lunala, L50|100/100\n|-enditem|p2b: Lunala|Electric Seed\n|-boost|p2b: Lunala|def|1|[from] item: Electric Seed\n|turn|3\n|\n|t:|1774074993\n|switch|p1a: Farigiraf|Farigiraf, L50, M|100/100\n|-enditem|p1a: Farigiraf|Electric Seed\n|-boost|p1a: Farigiraf|def|1|[from] item: Electric Seed\n|move|p2b: Lunala|Wide Guard|p2b: Lunala\n|-singleturn|p2b: Lunala|Wide Guard\n|move|p1b: Calyrex|Glacial Lance|p2a: Whimsicott|[spread] \n|-activate|p2a: Whimsicott|move: Wide Guard\n|-activate|p2b: Lunala|move: Wide Guard\n|move|p2a: Whimsicott|Moonblast|p1b: Calyrex\n|-damage|p1b: Calyrex|0 fnt\n|faint|p1b: Calyrex\n|\n|upkeep\n|\n|t:|1774075003\n|switch|p1b: Miraidon|Miraidon, L50|81/100\n|-activate|p1b: Miraidon|ability: Hadron Engine\n|turn|4\n|inactive|Dioxide8 has 30 seconds left.\n|\n|t:|1774075033\n|-terastallize|p1b: Miraidon|Electric\n|move|p1a: Farigiraf|Foul Play|p2b: Lunala\n|-supereffective|p2b: Lunala\n|-damage|p2b: Lunala|81/100\n|move|p1b: Miraidon|Electro Drift|p2b: Lunala\n|-damage|p2b: Lunala|0 fnt\n|faint|p2b: Lunala\n|-damage|p1b: Miraidon|71/100|[from] item: Life Orb\n|move|p2a: Whimsicott|Moonblast|p1b: Miraidon\n|-damage|p1b: Miraidon|47/100\n|\n|-sideend|p2: Dioxide8|move: Tailwind\n|upkeep\n|turn|5\n|-message|Dioxide8 forfeited.\n|\n|win|Cellpab1\n|raw|Cellpab1's rating: 1407 &rarr; <strong>1434</strong><br />(+27 for winning)\n|raw|Dioxide8's rating: 1542 &rarr; <strong>1515</strong><br />(-27 for losing)\n|l|\u2606Dioxide8\n|player|p2|\n|l|\u2606Cellpab1\n|player|p1|\n","uploadtime":1774075234,"views":13,"formatid":"gen9vgc2026regi","rating":1434,"private":0,"password":null}