{"id":"gen9vgc2026regi-2575721213","format":"[Gen 9] VGC 2026 Reg I","players":["mxzsxxj","Gene10"],"log":"|j|\u2606mxzsxxj\n|j|\u2606Gene10\n|t:|1775392972\n|gametype|doubles\n|player|p1|mxzsxxj|dawn-gen4pt|1465\n|player|p2|Gene10|265|1515\n|gen|9\n|tier|[Gen 9] VGC 2026 Reg I\n|rated|\n|rule|Species Clause: Limit one of each Pok\u00e9mon\n|rule|Item Clause: Limit 1 of each item\n|clearpoke\n|poke|p1|Calyrex-Shadow, L50|\n|poke|p1|Eternatus, L50|\n|poke|p1|Muk-Alola, L50, F|\n|poke|p1|Smeargle, L50, F|\n|poke|p1|Flamigo, L50, M|\n|poke|p1|Rillaboom, L50, F|\n|poke|p2|Kyogre, L50|\n|poke|p2|Calyrex-Ice, L50|\n|poke|p2|Farigiraf, L50, M|\n|poke|p2|Rillaboom, L50, M|\n|poke|p2|Amoonguss, L50, F|\n|poke|p2|Ursaluna-Bloodmoon, L50, M|\n|teampreview|4\n|inactive|Battle timer is ON: inactive players will automatically lose when time's up. (requested by Gene10)\n|inactive|Gene10 has 60 seconds left.\n|\n|t:|1775393010\n|teamsize|p1|4\n|teamsize|p2|4\n|start\n|switch|p1a: Muk|Muk-Alola, L50, F|100/100\n|switch|p1b: Smeargle|Smeargle, L50, F|100/100\n|switch|p2a: Kyogre|Kyogre, L50|100/100\n|switch|p2b: Farigiraf|Farigiraf, L50, M|100/100\n|-weather|RainDance|[from] ability: Drizzle|[of] p2a: Kyogre\n|turn|1\n|\n|t:|1775393031\n|switch|p2b: Rillaboom|Rillaboom, L50, M|100/100\n|-fieldstart|move: Grassy Terrain|[from] ability: Grassy Surge|[of] p2b: Rillaboom\n|move|p1b: Smeargle|Wide Guard|p1b: Smeargle\n|-singleturn|p1b: Smeargle|Wide Guard\n|move|p2a: Kyogre|Water Spout|p1a: Muk|[spread] \n|-activate|p1a: Muk|move: Wide Guard\n|-activate|p1b: Smeargle|move: Wide Guard\n|move|p1a: Muk|Minimize|p1a: Muk\n|-boost|p1a: Muk|evasion|2\n|\n|-weather|RainDance|[upkeep]\n|-ability|p1b: Smeargle|Moody|boost\n|-boost|p1b: Smeargle|spa|2\n|-unboost|p1b: Smeargle|spe|1\n|upkeep\n|turn|2\n|inactive|mxzsxxj has 30 seconds left.\n|inactive|mxzsxxj has 20 seconds left.\n|\n|t:|1775393070\n|move|p2b: Rillaboom|Fake Out|p1b: Smeargle\n|-crit|p1b: Smeargle\n|-damage|p1b: Smeargle|58/100\n|cant|p1b: Smeargle|flinch\n|move|p2a: Kyogre|Water Spout|p1b: Smeargle|[spread] p1b\n|-miss|p2a: Kyogre|p1a: Muk\n|-damage|p1b: Smeargle|0 fnt\n|faint|p1b: Smeargle\n|-ability|p1a: Muk|Moody|Power of Alchemy|[from] ability: Power of Alchemy|[of] p1b: Smeargle\n|move|p1a: Muk|Minimize|p1a: Muk\n|-boost|p1a: Muk|evasion|2\n|\n|-weather|RainDance|[upkeep]\n|-ability|p1a: Muk|Moody|boost\n|-boost|p1a: Muk|def|2\n|-unboost|p1a: Muk|spd|1\n|upkeep\n|j| jiuhaili\n|inactive|mxzsxxj has 30 seconds left.\n|\n|t:|1775393100\n|switch|p1b: Flamigo|Flamigo, L50, M|100/100\n|-copyboost|p1b: Flamigo|p1a: Muk|[from] ability: Costar\n|-enditem|p1b: Flamigo|White Herb\n|-clearnegativeboost|p1b: Flamigo|[silent]\n|turn|3\n|inactive|mxzsxxj has 30 seconds left.\n|inactive|mxzsxxj has 20 seconds left.\n|inactive|mxzsxxj has 15 seconds left.\n|inactive|mxzsxxj has 10 seconds left.\n|\n|t:|1775393149\n|move|p1b: Flamigo|Wide Guard|p1b: Flamigo\n|-singleturn|p1b: Flamigo|Wide Guard\n|move|p2a: Kyogre|Water Spout|p1b: Flamigo|[spread] \n|-activate|p1a: Muk|move: Wide Guard\n|-activate|p1b: Flamigo|move: Wide Guard\n|move|p2b: Rillaboom|U-turn|p1b: Flamigo|[miss]\n|-miss|p2b: Rillaboom|p1b: Flamigo\n|move|p1a: Muk|Minimize|p1a: Muk\n|-boost|p1a: Muk|evasion|2\n|\n|-weather|RainDance|[upkeep]\n|-ability|p1a: Muk|Moody|boost\n|-boost|p1a: Muk|atk|2\n|-unboost|p1a: Muk|spd|1\n|upkeep\n|turn|4\n|j| seif10\n|inactive|mxzsxxj has 30 seconds left.\n|inactive|mxzsxxj has 20 seconds left.\n|inactive|mxzsxxj has 15 seconds left.\n|inactive|mxzsxxj has 10 seconds left.\n|inactive|mxzsxxj has 5 seconds left.\n|\n|t:|1775393202\n|move|p2a: Kyogre|Water Spout|p1b: Flamigo|[spread] p1b\n|-miss|p2a: Kyogre|p1a: Muk\n|-damage|p1b: Flamigo|0 fnt\n|faint|p1b: Flamigo\n|move|p2b: Rillaboom|U-turn|p1a: Muk|[miss]\n|-miss|p2b: Rillaboom|p1a: Muk\n|move|p1a: Muk|Poison Gas|p2b: Rillaboom|[spread] p2a,p2b\n|-status|p2a: Kyogre|psn\n|-status|p2b: Rillaboom|psn\n|\n|-weather|RainDance|[upkeep]\n|-damage|p2a: Kyogre|88/100 psn|[from] psn\n|-damage|p2b: Rillaboom|88/100 psn|[from] psn\n|-ability|p1a: Muk|Moody|boost\n|-boost|p1a: Muk|atk|2\n|-unboost|p1a: Muk|def|1\n|upkeep\n|\n|t:|1775393216\n|switch|p1b: Calyrex|Calyrex-Shadow, L50|100/100\n|-ability|p1b: Calyrex|As One\n|-ability|p1b: Calyrex|Unnerve\n|turn|5\n|-message|mxzsxxj forfeited.\n|\n|win|Gene10\n|raw|mxzsxxj's rating: 1465 &rarr; <strong>1448</strong><br />(-17 for losing)\n|raw|Gene10's rating: 1515 &rarr; <strong>1532</strong><br />(+17 for winning)\n|l|\u2606mxzsxxj\n|player|p1|\n|l|\u2606Gene10\n|player|p2|\n","uploadtime":1775393251,"views":7,"formatid":"gen9vgc2026regi","rating":1448,"private":0,"password":null}