{"id":"gen9vgc2026regi-2534503041","format":"[Gen 9] VGC 2026 Reg I","players":["dogpeg","VJ2511"],"log":"|j|\u2606dogpeg\n|j|\u2606VJ2511\n|t:|1770429310\n|gametype|doubles\n|player|p1|dogpeg|169|1478\n|player|p2|VJ2511|red-masters3|1600\n|gen|9\n|tier|[Gen 9] VGC 2026 Reg I\n|rated|\n|rule|Species Clause: Limit one of each Pok\u00e9mon\n|rule|Item Clause: Limit 1 of each item\n|clearpoke\n|poke|p1|Koraidon, L50|\n|poke|p1|Flutter Mane, L50|\n|poke|p1|Chi-Yu, L50|\n|poke|p1|Ogerpon-Cornerstone, L50, F|\n|poke|p1|Indeedee-F, L50, F|\n|poke|p1|Lunala, L50|\n|poke|p2|Calyrex-Shadow, L50|\n|poke|p2|Zamazenta-*, L50|\n|poke|p2|Chien-Pao, L50|\n|poke|p2|Dragonite, L50, M|\n|poke|p2|Raging Bolt, L50|\n|poke|p2|Amoonguss, L50, M|\n|teampreview|4\n|inactive|Battle timer is ON: inactive players will automatically lose when time's up. (requested by VJ2511)\n|inactive|dogpeg has 60 seconds left.\n|j| here's where king!\n|inactive|dogpeg has 30 seconds left.\n|inactive|dogpeg has 20 seconds left.\n|inactive|dogpeg has 15 seconds left.\n|\n|t:|1770429394\n|teamsize|p1|4\n|teamsize|p2|4\n|start\n|switch|p1a: Lunala|Lunala, L50|100/100\n|switch|p1b: Flutter Mane|Flutter Mane, L50|100/100\n|switch|p2a: Zamazenta|Zamazenta-Crowned, L50|100/100\n|switch|p2b: Raging Bolt|Raging Bolt, L50|100/100\n|-ability|p2a: Zamazenta|Dauntless Shield|boost\n|-boost|p2a: Zamazenta|def|1\n|-enditem|p2b: Raging Bolt|Booster Energy\n|-activate|p2b: Raging Bolt|ability: Protosynthesis|[fromitem]\n|-start|p2b: Raging Bolt|protosynthesisspa\n|turn|1\n|inactive|dogpeg has 30 seconds left.\n|inactive|dogpeg has 20 seconds left.\n|\n|t:|1770429433\n|-terastallize|p2b: Raging Bolt|Electric\n|move|p1b: Flutter Mane|Icy Wind|p2a: Zamazenta|[spread] p2a,p2b\n|-resisted|p2a: Zamazenta\n|-damage|p2a: Zamazenta|96/100\n|-damage|p2b: Raging Bolt|88/100\n|-unboost|p2a: Zamazenta|spe|1\n|-unboost|p2b: Raging Bolt|spe|1\n|move|p1a: Lunala|Meteor Beam||[still]\n|-prepare|p1a: Lunala|Meteor Beam\n|-boost|p1a: Lunala|spa|1\n|-enditem|p1a: Lunala|Power Herb\n|-anim|p1a: Lunala|Meteor Beam|p2b: Raging Bolt\n|-damage|p2b: Raging Bolt|31/100\n|move|p2a: Zamazenta|Heavy Slam|p1b: Flutter Mane\n|-supereffective|p1b: Flutter Mane\n|-enditem|p1b: Flutter Mane|Focus Sash\n|-damage|p1b: Flutter Mane|1/100\n|move|p2b: Raging Bolt|Thunderbolt|p1a: Lunala\n|-damage|p1a: Lunala|67/100\n|\n|upkeep\n|turn|2\n|inactive|dogpeg has 30 seconds left.\n|inactive|VJ2511 has 30 seconds left.\n|inactive|dogpeg has 20 seconds left.\n|inactive|dogpeg has 15 seconds left.\n|inactive|dogpeg has 10 seconds left.\n|\n|t:|1770429479\n|-end|p1b: Flutter Mane|Protosynthesis|[silent]\n|switch|p1b: Koraidon|Koraidon, L50|100/100\n|-weather|SunnyDay|[from] ability: Orichalcum Pulse|[of] p1b: Koraidon\n|-activate|p1b: Koraidon|Orichalcum Pulse|[source]\n|move|p2b: Raging Bolt|Protect|p2b: Raging Bolt\n|-singleturn|p2b: Raging Bolt|Protect\n|move|p1a: Lunala|Moongeist Beam|p2b: Raging Bolt\n|-activate|p2b: Raging Bolt|move: Protect\n|move|p2a: Zamazenta|Heavy Slam|p1a: Lunala\n|-damage|p1a: Lunala|19/100\n|\n|-weather|SunnyDay|[upkeep]\n|upkeep\n|turn|3\n|inactive|dogpeg has 30 seconds left.\n|\n|t:|1770429510\n|move|p1a: Lunala|Protect|p1a: Lunala\n|-singleturn|p1a: Lunala|Protect\n|move|p1b: Koraidon|Flame Charge|p2b: Raging Bolt\n|-damage|p2b: Raging Bolt|0 fnt\n|-boost|p1b: Koraidon|spe|1\n|faint|p2b: Raging Bolt\n|-end|p2b: Raging Bolt|Protosynthesis|[silent]\n|-damage|p1b: Koraidon|91/100|[from] item: Life Orb\n|move|p2a: Zamazenta|Body Press|p1b: Koraidon\n|-damage|p1b: Koraidon|33/100\n|\n|-weather|SunnyDay|[upkeep]\n|upkeep\n|\n|t:|1770429525\n|switch|p2b: Calyrex|Calyrex-Shadow, L50|100/100\n|-ability|p2b: Calyrex|As One\n|-ability|p2b: Calyrex|Unnerve\n|turn|4\n|\n|t:|1770429547\n|move|p1b: Koraidon|Protect|p1b: Koraidon\n|-singleturn|p1b: Koraidon|Protect\n|move|p2a: Zamazenta|Protect|p2a: Zamazenta\n|-singleturn|p2a: Zamazenta|Protect\n|move|p2b: Calyrex|Astral Barrage|p1b: Koraidon|[spread] p1a\n|-activate|p1b: Koraidon|move: Protect\n|-supereffective|p1a: Lunala\n|-damage|p1a: Lunala|0 fnt\n|faint|p1a: Lunala\n|-ability|p2b: Calyrex|Grim Neigh|boost\n|-boost|p2b: Calyrex|spa|1\n|\n|-weather|SunnyDay|[upkeep]\n|upkeep\n|inactive|dogpeg has 30 seconds left.\n|\n|t:|1770429572\n|switch|p1a: Flutter Mane|Flutter Mane, L50|1/100\n|-activate|p1a: Flutter Mane|ability: Protosynthesis\n|-start|p1a: Flutter Mane|protosynthesisspe\n|turn|5\n|\n|t:|1770429588\n|switch|p2b: Dragonite|Dragonite, L50, M, shiny|100/100\n|-terastallize|p1b: Koraidon|Fire\n|move|p1a: Flutter Mane|Moonblast|p2a: Zamazenta\n|-damage|p2a: Zamazenta|62/100\n|move|p1b: Koraidon|Flame Charge|p2a: Zamazenta\n|-supereffective|p2a: Zamazenta\n|-damage|p2a: Zamazenta|0 fnt\n|-boost|p1b: Koraidon|spe|1\n|faint|p2a: Zamazenta\n|-damage|p1b: Koraidon|23/100|[from] item: Life Orb\n|\n|-weather|SunnyDay|[upkeep]\n|upkeep\n|\n|t:|1770429591\n|switch|p2a: Calyrex|Calyrex-Shadow, L50|100/100\n|-ability|p2a: Calyrex|As One\n|-ability|p2a: Calyrex|Unnerve\n|turn|6\n|inactive|dogpeg has 30 seconds left.\n|j| lunala fairy ghost\n|inactive|dogpeg has 20 seconds left.\n|\n|t:|1770429629\n|move|p2b: Dragonite|Aqua Jet|p1a: Flutter Mane\n|-damage|p1a: Flutter Mane|0 fnt\n|faint|p1a: Flutter Mane\n|-end|p1a: Flutter Mane|Protosynthesis|[silent]\n|move|p1b: Koraidon|Flare Blitz|p2a: Calyrex\n|-crit|p2a: Calyrex\n|-enditem|p2a: Calyrex|Focus Sash\n|-damage|p2a: Calyrex|1/100\n|-damage|p1b: Koraidon|0 fnt|[from] Recoil\n|faint|p1b: Koraidon\n|move|p2a: Calyrex|Astral Barrage|p1: Flutter Mane|[notarget]\n|-fail|p2a: Calyrex\n|\n|-weather|none\n|upkeep\n|\n|t:|1770429640\n|switch|p1a: Chi-Yu|Chi-Yu, L50|100/100\n|-ability|p1a: Chi-Yu|Beads of Ruin\n|turn|7\n|\n|t:|1770429652\n|move|p2b: Dragonite|Aqua Jet|p1a: Chi-Yu\n|-supereffective|p1a: Chi-Yu\n|-damage|p1a: Chi-Yu|24/100\n|move|p1a: Chi-Yu|Snarl|p2b: Dragonite|[spread] p2a,p2b\n|-supereffective|p2a: Calyrex\n|-damage|p2a: Calyrex|0 fnt\n|-damage|p2b: Dragonite|72/100\n|-unboost|p2b: Dragonite|spa|1\n|faint|p2a: Calyrex\n|\n|upkeep\n|turn|8\n|\n|t:|1770429659\n|move|p2b: Dragonite|Aqua Jet|p1a: Chi-Yu\n|-supereffective|p1a: Chi-Yu\n|-damage|p1a: Chi-Yu|0 fnt\n|faint|p1a: Chi-Yu\n|\n|win|VJ2511\n|raw|dogpeg's rating: 1478 &rarr; <strong>1465</strong><br />(-13 for losing)\n|raw|VJ2511's rating: 1600 &rarr; <strong>1613</strong><br />(+13 for winning)\n|l|\u2606dogpeg\n|player|p1|\n|l|\u2606VJ2511\n|player|p2|\n|l| lunala fairy ghost\n","uploadtime":1770429848,"views":16,"formatid":"gen9vgc2026regi","rating":1465,"private":0,"password":null}