{"id":"gen9vgc2026regi-2558635156","format":"[Gen 9] VGC 2026 Reg I","players":["pigs2fly","TheGuyWithACloak"],"log":"|j|\u2606pigs2fly\n|j|\u2606TheGuyWithACloak\n|html|<table width=\"100%\"><tr><td align=\"left\">pigs2fly</td><td align=\"right\">TheGuyWithACloak</tr><tr><td align=\"left\"><i class=\"fa fa-circle-o\"></i> <i class=\"fa fa-circle-o\"></i> </td><td align=\"right\"><i class=\"fa fa-circle-o\"></i> <i class=\"fa fa-circle-o\"></i> </tr></table>\n|uhtml|bestof|<h2><strong>Game 1</strong> of <a href=\"/game-bestof3-gen9vgc2026regi-2558635155\">a best-of-3</a></h2>\n|t:|1773456600\n|gametype|doubles\n|player|p1|pigs2fly|dexio|\n|player|p2|TheGuyWithACloak|cynthia-gen4|\n|gen|9\n|tier|[Gen 9] VGC 2026 Reg I\n|rated|Tournament battle\n|rule|Species Clause: Limit one of each Pok\u00e9mon\n|rule|Item Clause: Limit 1 of each item\n|raw|<div class=\"infobox\"><details class=\"readmore\" open><summary><strong>4 custom rules:</strong></summary> Open Team Sheets, Force Open Team Sheets, !Open Team Sheets, Best of = 3</details></div>\n|clearpoke\n|poke|p1|Annihilape, L50, M|\n|poke|p1|Tornadus, L50, M|\n|poke|p1|Dondozo, L50, M|\n|poke|p1|Tatsugiri, L50, M|\n|poke|p1|Zacian-*, L50|\n|poke|p1|Kyogre, L50|\n|poke|p2|Raging Bolt, L50|\n|poke|p2|Ogerpon-Wellspring, L50, F|\n|poke|p2|Landorus, L50, M|\n|poke|p2|Flutter Mane, L50|\n|poke|p2|Calyrex-Ice, L50|\n|poke|p2|Terapagos, L50, M|\n|teampreview|4\n|showteam|p1|Annihilape||ChoiceScarf|Defiant|FinalGambit,Coaching,CloseCombat,ShadowClaw|||M|||50|,,,,,Ground]Tornadus||AbilityShield|Prankster|Protect,Tailwind,Hurricane,RainDance|||M|||50|,,,,,Steel]Dondozo||Leftovers|Unaware|Protect,OrderUp,Earthquake,WaveCrash|||M|||50|,,,,,Grass]Tatsugiri||FocusSash|Commander|Protect,Taunt,MuddyWater,DragonPulse|||M|||50|,,,,,Stellar]Zacian-Crowned||RustedSword|IntrepidSword|Protect,Substitute,PlayRough,behemothblade||||||50|,,,,,Fairy]Kyogre||ChoiceSpecs|Drizzle|IceBeam,HydroPump,OriginPulse,WaterSpout||||||50|,,,,,Ghost\n|showteam|p2|Raging Bolt||AssaultVest|Protosynthesis|DracoMeteor,Thunderbolt,Snarl,Thunderclap||||||50|,,,,,Fairy]Ogerpon-Wellspring||WellspringMask|WaterAbsorb|IvyCudgel,HornLeech,SpikyShield,FollowMe|||F|||50|,,,,,Water]Landorus||LifeOrb|SheerForce|SandsearStorm,EarthPower,SludgeBomb,Protect|||M|||50|,,,,,Water]Flutter Mane||BoosterEnergy|Protosynthesis|ThunderWave,Taunt,IcyWind,Moonblast||||||50|,,,,,Normal]Calyrex-Ice||ClearAmulet|AsOneGlastrier|GlacialLance,HighHorsepower,TrickRoom,Protect||||||50|,,,,,Water]Terapagos||ChoiceSpecs|TeraShift|TeraStarstorm,EarthPower,DarkPulse,SleepTalk|||M|||50|,,,,,Stellar\n|c|\u2606TheGuyWithACloak|This is for tbolt\n|j| 801344244a\n|j| Ali_0009\n|j| Unskilled99\n|j| GoogleDad\n|c|\u2606pigs2fly|Kk glhd\n|j| MEXES\n|j| paldean ice cream\n|\n|t:|1773456675\n|teamsize|p1|4\n|teamsize|p2|4\n|start\n|switch|p1a: Zacian|Zacian-Crowned, L50, shiny|100/100\n|switch|p1b: Annihilape|Annihilape, L50, M|100/100\n|switch|p2a: Calyrex|Calyrex-Ice, L50|100/100\n|switch|p2b: Raging Bolt|Raging Bolt, L50|100/100\n|-ability|p2a: Calyrex|As One\n|-ability|p2a: Calyrex|Unnerve\n|-ability|p1a: Zacian|Intrepid Sword|boost\n|-boost|p1a: Zacian|atk|1\n|turn|1\n|\n|t:|1773456696\n|move|p2a: Calyrex|Protect|p2a: Calyrex\n|-singleturn|p2a: Calyrex|Protect\n|move|p1b: Annihilape|Final Gambit|p2a: Calyrex\n|-activate|p2a: Calyrex|move: Protect\n|move|p1a: Zacian|Behemoth Blade|p2a: Calyrex\n|-activate|p2a: Calyrex|move: Protect\n|move|p2b: Raging Bolt|Draco Meteor|p1b: Annihilape|[miss]\n|-miss|p2b: Raging Bolt|p1b: Annihilape\n|\n|upkeep\n|turn|2\n|j|+Flarefox\n|l| Unskilled99\n|\n|t:|1773456727\n|switch|p2a: Ogerpon|Ogerpon-Wellspring, L50, F|100/100\n|move|p1b: Annihilape|Final Gambit|p2a: Ogerpon\n|-damage|p2a: Ogerpon|0 fnt\n|faint|p1b: Annihilape\n|faint|p2a: Ogerpon\n|move|p1a: Zacian|Play Rough|p2b: Raging Bolt\n|-supereffective|p2b: Raging Bolt\n|-damage|p2b: Raging Bolt|0 fnt\n|faint|p2b: Raging Bolt\n|-end|p2b: Raging Bolt|Protosynthesis|[silent]\n|\n|upkeep\n|j| Tindall64\n|c|\u2606TheGuyWithACloak|I did not expect that to KO\n|c|\u2606TheGuyWithACloak|ngl\n|\n|t:|1773456743\n|switch|p2a: Calyrex|Calyrex-Ice, L50|100/100\n|switch|p1b: Dondozo|Dondozo, L50, M|100/100\n|switch|p2b: Terapagos|Terapagos, L50, M|100/100\n|-activate|p2b: Terapagos|ability: Tera Shift\n|detailschange|p2b: Terapagos|Terapagos-Terastal, L50, M\n|-heal|p2b: Terapagos|100/100|[silent]\n|-ability|p2a: Calyrex|As One\n|-ability|p2a: Calyrex|Unnerve\n|turn|3\n|\n|t:|1773456783\n|switch|p1a: Tatsugiri|Tatsugiri, L50, M|100/100\n|-activate|p1a: Tatsugiri|ability: Commander|[of] p1b: Dondozo\n|-boost|p1b: Dondozo|atk|2\n|-boost|p1b: Dondozo|spa|2\n|-boost|p1b: Dondozo|spe|2\n|-boost|p1b: Dondozo|def|2\n|-boost|p1b: Dondozo|spd|2\n|-terastallize|p2b: Terapagos|Stellar\n|detailschange|p2b: Terapagos|Terapagos-Stellar, L50, M, tera:Stellar\n|-heal|p2b: Terapagos|100/100|[silent]\n|move|p1b: Dondozo|Earthquake|p2b: Terapagos|[spread] p2a,p2b\n|-miss|p1b: Dondozo|p1a: Tatsugiri\n|-damage|p2a: Calyrex|78/100\n|-damage|p2b: Terapagos|78/100\n|move|p2b: Terapagos|Tera Starstorm|p1b: Dondozo|[spread] p1b\n|-miss|p2b: Terapagos|p1a: Tatsugiri\n|-damage|p1b: Dondozo|74/100\n|move|p2a: Calyrex|Trick Room|p2a: Calyrex\n|-fieldstart|move: Trick Room|[of] p2a: Calyrex\n|\n|-heal|p1b: Dondozo|80/100|[from] item: Leftovers\n|upkeep\n|turn|4\n|\n|t:|1773456800\n|move|p1b: Dondozo|Protect|p1b: Dondozo\n|-singleturn|p1b: Dondozo|Protect\n|move|p2a: Calyrex|Glacial Lance|p1a: Tatsugiri|[spread] \n|-miss|p2a: Calyrex|p1a: Tatsugiri\n|-activate|p1b: Dondozo|move: Protect\n|move|p2b: Terapagos|Tera Starstorm|p1a: Tatsugiri|[spread] \n|-miss|p2b: Terapagos|p1a: Tatsugiri\n|-activate|p1b: Dondozo|move: Protect\n|\n|-heal|p1b: Dondozo|86/100|[from] item: Leftovers\n|upkeep\n|turn|5\n|\n|t:|1773456804\n|move|p2a: Calyrex|Glacial Lance|p1a: Tatsugiri|[spread] p1b\n|-miss|p2a: Calyrex|p1a: Tatsugiri\n|-resisted|p1b: Dondozo\n|-damage|p1b: Dondozo|78/100\n|move|p2b: Terapagos|Tera Starstorm|p1b: Dondozo|[spread] p1b\n|-miss|p2b: Terapagos|p1a: Tatsugiri\n|-damage|p1b: Dondozo|52/100\n|move|p1b: Dondozo|Earthquake|p2b: Terapagos|[spread] p2a,p2b\n|-miss|p1b: Dondozo|p1a: Tatsugiri\n|-damage|p2a: Calyrex|54/100\n|-damage|p2b: Terapagos|53/100\n|\n|-heal|p1b: Dondozo|58/100|[from] item: Leftovers\n|upkeep\n|turn|6\n|j| TheHorrorHare\n|j|%Tb0lt\n|\n|t:|1773456821\n|move|p1b: Dondozo|Protect|p1b: Dondozo\n|-singleturn|p1b: Dondozo|Protect\n|move|p2b: Terapagos|Tera Starstorm|p1b: Dondozo|[spread] \n|-miss|p2b: Terapagos|p1a: Tatsugiri\n|-activate|p1b: Dondozo|move: Protect\n|move|p2a: Calyrex|Trick Room|p2a: Calyrex\n|-fieldend|move: Trick Room\n|\n|-heal|p1b: Dondozo|64/100|[from] item: Leftovers\n|upkeep\n|turn|7\n|\n|t:|1773456825\n|move|p1b: Dondozo|Wave Crash|p2a: Calyrex\n|-damage|p2a: Calyrex|0 fnt\n|faint|p2a: Calyrex\n|-damage|p1b: Dondozo|49/100|[from] Recoil\n|move|p2b: Terapagos|Tera Starstorm|p1a: Tatsugiri|[spread] p1b\n|-miss|p2b: Terapagos|p1a: Tatsugiri\n|-damage|p1b: Dondozo|19/100\n|\n|-heal|p1b: Dondozo|26/100|[from] item: Leftovers\n|upkeep\n|turn|8\n|\n|t:|1773456829\n|move|p1b: Dondozo|Protect|p1b: Dondozo\n|-singleturn|p1b: Dondozo|Protect\n|move|p2b: Terapagos|Tera Starstorm|p1a: Tatsugiri|[spread] \n|-miss|p2b: Terapagos|p1a: Tatsugiri\n|-activate|p1b: Dondozo|move: Protect\n|\n|-heal|p1b: Dondozo|32/100|[from] item: Leftovers\n|upkeep\n|turn|9\n|\n|t:|1773456833\n|move|p1b: Dondozo|Order Up|p2b: Terapagos\n|-damage|p2b: Terapagos|28/100\n|-boost|p1b: Dondozo|atk|1\n|move|p2b: Terapagos|Tera Starstorm|p1a: Tatsugiri|[spread] p1b\n|-miss|p2b: Terapagos|p1a: Tatsugiri\n|-damage|p1b: Dondozo|4/100\n|\n|-heal|p1b: Dondozo|10/100|[from] item: Leftovers\n|upkeep\n|turn|10\n|\n|t:|1773456840\n|move|p1b: Dondozo|Order Up|p2b: Terapagos\n|-damage|p2b: Terapagos|0 fnt\n|faint|p2b: Terapagos\n|detailschange|p2: Terapagos|Terapagos, L50, M|[silent]\n|\n|win|pigs2fly\n","uploadtime":1773456840,"views":12,"formatid":"gen9vgc2026regi","rating":null,"private":0,"password":null}