{"id":"gen9vgc2026regi-2560510314","format":"[Gen 9] VGC 2026 Reg I","players":["dapmagikarp","Mirthinion"],"log":"|j|\u2606dapmagikarp\n|j|\u2606Mirthinion\n|t:|1773694588\n|gametype|doubles\n|player|p1|dapmagikarp|sada-ai|1316\n|player|p2|Mirthinion|janitor|1362\n|gen|9\n|tier|[Gen 9] VGC 2026 Reg I\n|rated|\n|rule|Species Clause: Limit one of each Pok\u00e9mon\n|rule|Item Clause: Limit 1 of each item\n|clearpoke\n|poke|p1|Lunala, L50|\n|poke|p1|Indeedee-F, L50, F|\n|poke|p1|Ursaluna, L50, F|\n|poke|p1|Kyogre, L50|\n|poke|p1|Flutter Mane, L50|\n|poke|p1|Urshifu-*, L50, F|\n|poke|p2|Calyrex-Shadow, L50|\n|poke|p2|Zamazenta-*, L50|\n|poke|p2|Urshifu-*, L50, M|\n|poke|p2|Incineroar, L50, M|\n|poke|p2|Rillaboom, L50, M|\n|poke|p2|Tornadus, L50, M|\n|teampreview|4\n|inactive|Battle timer is ON: inactive players will automatically lose when time's up. (requested by Mirthinion)\n|inactive|dapmagikarp also wants the timer to be on.\nMirthinion rejected open team sheets.\n|inactive|Mirthinion has 60 seconds left.\n|inactive|Mirthinion has 30 seconds left.\n|inactive|Mirthinion has 20 seconds left.\n|inactive|Mirthinion has 15 seconds left.\n|\n|t:|1773694666\n|teamsize|p1|4\n|teamsize|p2|4\n|start\n|switch|p1a: Lunala|Lunala, L50|100/100\n|switch|p1b: Flutter Mane|Flutter Mane, L50|100/100\n|switch|p2a: Vangwe|Tornadus, L50, M|100/100\n|switch|p2b: Mithrandir|Calyrex-Shadow, L50|100/100\n|-ability|p2b: Mithrandir|As One\n|-ability|p2b: Mithrandir|Unnerve\n|turn|1\n|inactive|dapmagikarp has 30 seconds left.\n|inactive|dapmagikarp has 20 seconds left.\n|inactive|dapmagikarp has 15 seconds left.\n|inactive|dapmagikarp has 10 seconds left.\n|\n|t:|1773694711\n|move|p2a: Vangwe|Taunt|p1a: Lunala\n|-start|p1a: Lunala|move: Taunt\n|move|p2b: Mithrandir|Nasty Plot|p2b: Mithrandir\n|-boost|p2b: Mithrandir|spa|2\n|move|p1b: Flutter Mane|Icy Wind|p2a: Vangwe|[spread] p2a,p2b\n|-supereffective|p2a: Vangwe\n|-damage|p2a: Vangwe|68/100\n|-damage|p2b: Mithrandir|87/100\n|-unboost|p2b: Mithrandir|spe|1\n|move|p1a: Lunala|Meteor Beam||[still]\n|-prepare|p1a: Lunala|Meteor Beam\n|-boost|p1a: Lunala|spa|1\n|-enditem|p1a: Lunala|Power Herb\n|-anim|p1a: Lunala|Meteor Beam|p2a: Vangwe\n|-supereffective|p2a: Vangwe\n|-damage|p2a: Vangwe|0 fnt\n|faint|p2a: Vangwe\n|\n|upkeep\n|\n|t:|1773694730\n|switch|p2a: Beowulf|Urshifu-Rapid-Strike, L50, M|100/100\n|turn|2\n|\n|t:|1773694755\n|-terastallize|p2b: Mithrandir|Bug\n|move|p1b: Flutter Mane|Icy Wind|p2b: Mithrandir|[spread] p2a,p2b\n|-resisted|p2a: Beowulf\n|-damage|p2a: Beowulf|90/100\n|-damage|p2b: Mithrandir|73/100\n|-unboost|p2a: Beowulf|spe|1\n|-unboost|p2b: Mithrandir|spe|1\n|move|p1a: Lunala|Expanding Force|p2a: Beowulf\n|-supereffective|p2a: Beowulf\n|-damage|p2a: Beowulf|0 fnt\n|faint|p2a: Beowulf\n|move|p2b: Mithrandir|Astral Barrage|p1b: Flutter Mane|[spread] p1a,p1b\n|-supereffective|p1a: Lunala\n|-supereffective|p1b: Flutter Mane\n|-damage|p1a: Lunala|0 fnt\n|-enditem|p1b: Flutter Mane|Focus Sash\n|-damage|p1b: Flutter Mane|1/100\n|faint|p1a: Lunala\n|-ability|p2b: Mithrandir|Grim Neigh|boost\n|-boost|p2b: Mithrandir|spa|1\n|\n|upkeep\n|\n|t:|1773694773\n|switch|p2a: Drambor|Zamazenta-Crowned, L50|100/100\n|switch|p1a: Kyogre|Kyogre, L50, shiny|100/100\n|-ability|p2a: Drambor|Dauntless Shield|boost\n|-boost|p2a: Drambor|def|1\n|-weather|RainDance|[from] ability: Drizzle|[of] p1a: Kyogre\n|turn|3\n|\n|t:|1773694792\n|-end|p1b: Flutter Mane|Protosynthesis|[silent]\n|switch|p1b: Indeedee|Indeedee-F, L50, F|100/100\n|-fieldstart|move: Psychic Terrain|[from] ability: Psychic Surge|[of] p1b: Indeedee\n|-enditem|p1b: Indeedee|Psychic Seed\n|-boost|p1b: Indeedee|spd|1|[from] item: Psychic Seed\n|move|p2a: Drambor|Wide Guard|p2a: Drambor\n|-singleturn|p2a: Drambor|Wide Guard\n|move|p1a: Kyogre|Hydro Pump|p2b: Mithrandir|[miss]\n|-miss|p1a: Kyogre|p2b: Mithrandir\n|move|p2b: Mithrandir|Astral Barrage|p1b: Indeedee|[spread] p1a\n|-immune|p1b: Indeedee\n|-damage|p1a: Kyogre|25/100\n|\n|-weather|RainDance|[upkeep]\n|upkeep\n|turn|4\n|inactive|Mirthinion has 30 seconds left.\n|\n|t:|1773694825\n|move|p2b: Mithrandir|Protect|p2b: Mithrandir\n|-singleturn|p2b: Mithrandir|Protect\n|move|p1b: Indeedee|Follow Me|p1b: Indeedee\n|-singleturn|p1b: Indeedee|move: Follow Me\n|move|p2a: Drambor|Body Press|p1b: Indeedee\n|-damage|p1b: Indeedee|37/100\n|move|p1a: Kyogre|Hydro Pump|p2b: Mithrandir\n|-activate|p2b: Mithrandir|move: Protect\n|\n|-weather|RainDance|[upkeep]\n|upkeep\n|turn|5\n|\n|t:|1773694842\n|move|p1b: Indeedee|Follow Me|p1b: Indeedee\n|-singleturn|p1b: Indeedee|move: Follow Me\n|move|p2a: Drambor|Body Press|p1b: Indeedee\n|-damage|p1b: Indeedee|0 fnt\n|faint|p1b: Indeedee\n|move|p1a: Kyogre|Hydro Pump|p2b: Mithrandir\n|-damage|p2b: Mithrandir|0 fnt\n|faint|p2b: Mithrandir\n|\n|-weather|RainDance|[upkeep]\n|upkeep\n|\n|t:|1773694848\n|switch|p1b: Flutter Mane|Flutter Mane, L50|1/100\n|turn|6\n|\n|t:|1773694859\n|-terastallize|p1a: Kyogre|Water\n|move|p1b: Flutter Mane|Icy Wind|p2a: Drambor\n|-resisted|p2a: Drambor\n|-damage|p2a: Drambor|94/100\n|-unboost|p2a: Drambor|spe|1\n|move|p2a: Drambor|Body Press|p1a: Kyogre\n|-damage|p1a: Kyogre|0 fnt\n|faint|p1a: Kyogre\n|\n|-weather|RainDance|[upkeep]\n|upkeep\n|turn|7\n|\n|t:|1773694869\n|move|p1b: Flutter Mane|Moonblast|p2a: Drambor\n|-damage|p2a: Drambor|56/100\n|-unboost|p2a: Drambor|spa|1\n|move|p2a: Drambor|Behemoth Bash|p1b: Flutter Mane\n|-supereffective|p1b: Flutter Mane\n|-crit|p1b: Flutter Mane\n|-damage|p1b: Flutter Mane|0 fnt\n|faint|p1b: Flutter Mane\n|-end|p1b: Flutter Mane|Protosynthesis|[silent]\n|\n|win|Mirthinion\n|raw|dapmagikarp's rating: 1316 &rarr; <strong>1299</strong><br />(-17 for losing)\n|raw|Mirthinion's rating: 1362 &rarr; <strong>1379</strong><br />(+17 for winning)\n|l|\u2606dapmagikarp\n|player|p1|\n","uploadtime":1773694879,"views":88,"formatid":"gen9vgc2026regi","rating":1299,"private":0,"password":null}