{"id":"gen9vgc2026regi-2580250598","format":"[Gen 9] VGC 2026 Reg I","players":["Twagston","datbishgames"],"log":"|j|\u2606Twagston\n|j|\u2606datbishgames\n|t:|1775870460\n|gametype|doubles\n|player|p1|Twagston|2|1520\n|player|p2|datbishgames|mira|1503\n|gen|9\n|tier|[Gen 9] VGC 2026 Reg I\n|rated|\n|rule|Species Clause: Limit one of each Pok\u00e9mon\n|rule|Item Clause: Limit 1 of each item\n|clearpoke\n|poke|p1|Lunala, L50|\n|poke|p1|Groudon, L50|\n|poke|p1|Whimsicott, L50, F|\n|poke|p1|Raging Bolt, L50|\n|poke|p1|Entei, L50|\n|poke|p1|Kingambit, L50, M|\n|poke|p2|Dialga-Origin, L50|\n|poke|p2|Ho-Oh, L50|\n|poke|p2|Rotom-Wash, L50|\n|poke|p2|Amoonguss, L50, M|\n|poke|p2|Ursaluna, L50, M|\n|poke|p2|Zoroark-Hisui, L50, F|\n|teampreview|4\n|inactive|Battle timer is ON: inactive players will automatically lose when time's up. (requested by datbishgames)\n|\n|t:|1775870488\n|teamsize|p1|4\n|teamsize|p2|4\n|start\n|switch|p1a: Whimsicott|Whimsicott, L50, F|100/100\n|switch|p1b: Lunala|Lunala, L50|100/100\n|switch|p2a: Dialga|Dialga-Origin, L50|100/100\n|switch|p2b: Ho-Oh|Ho-Oh, L50|100/100\n|turn|1\n|\n|t:|1775870512\n|-terastallize|p2b: Ho-Oh|Grass\n|move|p1a: Whimsicott|Tailwind|p1a: Whimsicott\n|-sidestart|p1: Twagston|move: Tailwind\n|move|p1b: Lunala|Moongeist Beam|p2b: Ho-Oh\n|-damage|p2b: Ho-Oh|45/100\n|move|p2a: Dialga|Icy Wind|p1b: Lunala|[spread] p1a,p1b\n|-supereffective|p1a: Whimsicott\n|-damage|p1a: Whimsicott|30/100\n|-damage|p1b: Lunala|95/100\n|-unboost|p1a: Whimsicott|spe|1\n|-unboost|p1b: Lunala|spe|1\n|move|p2b: Ho-Oh|Tailwind|p2b: Ho-Oh\n|-sidestart|p2: datbishgames|move: Tailwind\n|\n|upkeep\n|turn|2\n|\n|t:|1775870535\n|switch|p2b: Ursaluna|Ursaluna, L50, M|100/100\n|move|p2a: Dialga|Icy Wind|p1a: Whimsicott|[spread] p1a,p1b\n|-supereffective|p1a: Whimsicott\n|-damage|p1a: Whimsicott|0 fnt\n|-damage|p1b: Lunala|85/100\n|-unboost|p1b: Lunala|spe|1\n|faint|p1a: Whimsicott\n|move|p1b: Lunala|Moongeist Beam|p2b: Ursaluna\n|-immune|p2b: Ursaluna\n|\n|-status|p2b: Ursaluna|brn|[from] item: Flame Orb\n|upkeep\n|\n|t:|1775870551\n|switch|p1a: Groudon|Groudon, L50|100/100\n|-weather|SunnyDay|[from] ability: Drought|[of] p1a: Groudon\n|turn|3\n|\n|t:|1775870564\n|move|p2a: Dialga|Icy Wind|p1b: Lunala|[spread] p1a,p1b\n|-supereffective|p1a: Groudon\n|-damage|p1a: Groudon|72/100\n|-damage|p1b: Lunala|72/100\n|-unboost|p1b: Lunala|spe|1\n|move|p1a: Groudon|Precipice Blades|p2a: Dialga|[spread] p2a,p2b\n|-enditem|p2a: Dialga|Focus Sash\n|-damage|p2a: Dialga|1/100\n|-damage|p2b: Ursaluna|54/100 brn\n|replace|p2a: Zoroark|Zoroark-Hisui, L50, F\n|-end|p2a: Zoroark|Illusion\n|move|p2b: Ursaluna|Facade|p1a: Groudon\n|-damage|p1a: Groudon|6/100\n|move|p1b: Lunala|Moongeist Beam|p2a: Zoroark\n|-immune|p2a: Zoroark\n|\n|-weather|SunnyDay|[upkeep]\n|-damage|p2b: Ursaluna|48/100 brn|[from] brn\n|upkeep\n|turn|4\n|inactive|Twagston has 30 seconds left.\n|\n|t:|1775870591\n|switch|p1b: Raging Bolt|Raging Bolt, L50|100/100\n|-activate|p1b: Raging Bolt|ability: Protosynthesis\n|-start|p1b: Raging Bolt|protosynthesisspa\n|move|p2a: Zoroark|Bitter Malice|p1a: Groudon\n|-damage|p1a: Groudon|0 fnt\n|faint|p1a: Groudon\n|move|p2b: Ursaluna|Earthquake|p1b: Raging Bolt|[spread] p2a,p1b\n|-supereffective|p1b: Raging Bolt\n|-damage|p2a: Zoroark|0 fnt\n|-damage|p1b: Raging Bolt|0 fnt\n|faint|p2a: Zoroark\n|faint|p1b: Raging Bolt\n|-end|p1b: Raging Bolt|Protosynthesis|[silent]\n|\n|-weather|SunnyDay|[upkeep]\n|-damage|p2b: Ursaluna|42/100 brn|[from] brn\n|-sideend|p1: Twagston|move: Tailwind\n|-sideend|p2: datbishgames|move: Tailwind\n|upkeep\n|\n|t:|1775870612\n|switch|p2a: Ho-Oh|Ho-Oh, L50, tera:Grass|78/100\n|switch|p1a: Lunala|Lunala, L50|72/100\n|turn|5\n|\n|t:|1775870619\n|-terastallize|p1a: Lunala|Fairy\n|move|p2b: Ursaluna|Protect|p2b: Ursaluna\n|-singleturn|p2b: Ursaluna|Protect\n|move|p1a: Lunala|Dazzling Gleam|p2a: Ho-Oh|[spread] p2a\n|-activate|p2b: Ursaluna|move: Protect\n|-damage|p2a: Ho-Oh|48/100\n|move|p2a: Ho-Oh|Tailwind|p2a: Ho-Oh\n|-sidestart|p2: datbishgames|move: Tailwind\n|\n|-weather|SunnyDay|[upkeep]\n|-damage|p2b: Ursaluna|37/100 brn|[from] brn\n|upkeep\n|turn|6\n|-message|Twagston forfeited.\n|\n|win|datbishgames\n|raw|Twagston's rating: 1520 &rarr; <strong>1499</strong><br />(-21 for losing)\n|raw|datbishgames's rating: 1503 &rarr; <strong>1524</strong><br />(+21 for winning)\n|l|\u2606Twagston\n|player|p1|\n|l|\u2606datbishgames\n|player|p2|\n","uploadtime":1775870831,"views":15,"formatid":"gen9vgc2026regi","rating":1499,"private":0,"password":null}