{"id":"gen9vgc2026regi-2539999155","format":"[Gen 9] VGC 2026 Reg I","players":["Supernova011","blackred123"],"log":"|j|\u2606Supernova011\n|j|\u2606blackred123\n|t:|1771141533\n|gametype|doubles\n|player|p1|Supernova011|266|1236\n|player|p2|blackred123|iono-masters|1376\n|gen|9\n|tier|[Gen 9] VGC 2026 Reg I\n|rated|\n|rule|Species Clause: Limit one of each Pok\u00e9mon\n|rule|Item Clause: Limit 1 of each item\n|clearpoke\n|poke|p1|Miraidon, L50|\n|poke|p1|Kyogre, L50|\n|poke|p1|Iron Hands, L50|\n|poke|p1|Farigiraf, L50, F|\n|poke|p1|Roaring Moon, L50|\n|poke|p1|Urshifu-*, L50, F|\n|poke|p2|Zamazenta-*, L50|\n|poke|p2|Calyrex-Shadow, L50|\n|poke|p2|Rillaboom, L50, F|\n|poke|p2|Raging Bolt, L50|\n|poke|p2|Ogerpon-Cornerstone, L50, F|\n|poke|p2|Tornadus, L50, M|\n|teampreview|4\n|inactive|Battle timer is ON: inactive players will automatically lose when time's up. (requested by blackred123)\n|j| Esiolamond\n|c| Esiolamond|\ud83d\udc40\n|\n|t:|1771141554\n|teamsize|p1|4\n|teamsize|p2|4\n|start\n|switch|p1a: ClickFakeOutUwU|Farigiraf, L50, F|100/100\n|switch|p1b: Roaring Moon|Roaring Moon, L50|100/100\n|switch|p2a: \u5170\u534e|Zamazenta-Crowned, L50, shiny|100/100\n|switch|p2b: \u98df\u5802\u5904|Rillaboom, L50, F|100/100\n|-ability|p2a: \u5170\u534e|Dauntless Shield|boost\n|-boost|p2a: \u5170\u534e|def|1\n|-fieldstart|move: Grassy Terrain|[from] ability: Grassy Surge|[of] p2b: \u98df\u5802\u5904\n|-enditem|p1b: Roaring Moon|Booster Energy\n|-activate|p1b: Roaring Moon|ability: Protosynthesis|[fromitem]\n|-start|p1b: Roaring Moon|protosynthesisspe\n|turn|1\n|inactive|Supernova011 has 30 seconds left.\n|inactive|Supernova011 has 20 seconds left.\n|inactive|Supernova011 has 15 seconds left.\n|\n|t:|1771141595\n|-terastallize|p1b: Roaring Moon|Flying\n|move|p1a: ClickFakeOutUwU|Helping Hand|p1b: Roaring Moon\n|-singleturn|p1b: Roaring Moon|Helping Hand|[of] p1a: ClickFakeOutUwU\n|move|p1b: Roaring Moon|Acrobatics|p2b: \u98df\u5802\u5904\n|-supereffective|p2b: \u98df\u5802\u5904\n|-damage|p2b: \u98df\u5802\u5904|0 fnt\n|faint|p2b: \u98df\u5802\u5904\n|move|p2a: \u5170\u534e|Body Press|p1a: ClickFakeOutUwU\n|-damage|p1a: ClickFakeOutUwU|26/100\n|\n|-heal|p1a: ClickFakeOutUwU|32/100|[from] Grassy Terrain\n|upkeep\n|\n|t:|1771141607\n|switch|p2b: \u89c2\u540e\u611f:|Tornadus, L50, M|100/100\n|turn|2\n|\n|t:|1771141620\n|switch|p1a: Megy|Kyogre, L50|100/100\n|-weather|RainDance|[from] ability: Drizzle|[of] p1a: Megy\n|move|p2b: \u89c2\u540e\u611f:|Tailwind|p2b: \u89c2\u540e\u611f:\n|-sidestart|p2: blackred123|move: Tailwind\n|move|p2a: \u5170\u534e|Body Press|p1a: Megy\n|-damage|p1a: Megy|33/100\n|move|p1b: Roaring Moon|Acrobatics|p2a: \u5170\u534e\n|-damage|p2a: \u5170\u534e|78/100\n|\n|-weather|RainDance|[upkeep]\n|-heal|p2a: \u5170\u534e|84/100|[from] Grassy Terrain\n|-heal|p1a: Megy|39/100|[from] Grassy Terrain\n|-heal|p1a: Megy|45/100|[from] item: Leftovers\n|upkeep\n|turn|3\n|\n|t:|1771141639\n|move|p1b: Roaring Moon|Protect|p1b: Roaring Moon\n|-singleturn|p1b: Roaring Moon|Protect\n|move|p1a: Megy|Protect|p1a: Megy\n|-singleturn|p1a: Megy|Protect\n|move|p2b: \u89c2\u540e\u611f:|Taunt|p1b: Roaring Moon\n|-activate|p1b: Roaring Moon|move: Protect\n|move|p2a: \u5170\u534e|Body Press|p1a: Megy\n|-activate|p1a: Megy|move: Protect\n|\n|-weather|RainDance|[upkeep]\n|-heal|p2a: \u5170\u534e|90/100|[from] Grassy Terrain\n|-heal|p1a: Megy|51/100|[from] Grassy Terrain\n|-heal|p1a: Megy|57/100|[from] item: Leftovers\n|upkeep\n|turn|4\n|\n|t:|1771141658\n|-end|p1b: Roaring Moon|Protosynthesis|[silent]\n|switch|p1b: ClickFakeOutUwU|Farigiraf, L50, F|32/100\n|move|p2b: \u89c2\u540e\u611f:|Taunt||[still]\n|cant|p1b: ClickFakeOutUwU|ability: Armor Tail|Taunt|[of] p2b: \u89c2\u540e\u611f:\n|move|p2a: \u5170\u534e|Body Press|p1a: Megy\n|-damage|p1a: Megy|0 fnt\n|faint|p1a: Megy\n|\n|-weather|RainDance|[upkeep]\n|-heal|p2a: \u5170\u534e|96/100|[from] Grassy Terrain\n|-heal|p1b: ClickFakeOutUwU|38/100|[from] Grassy Terrain\n|upkeep\n|\n|t:|1771141671\n|switch|p1a: Roaring Moon|Roaring Moon, L50, tera:Flying|100/100\n|turn|5\n|\n|t:|1771141685\n|move|p2a: \u5170\u534e|Heavy Slam|p1a: Roaring Moon\n|-damage|p1a: Roaring Moon|70/100\n|move|p2b: \u89c2\u540e\u611f:|Bleakwind Storm|p1b: ClickFakeOutUwU|[spread] p1a,p1b\n|-damage|p1a: Roaring Moon|37/100\n|-damage|p1b: ClickFakeOutUwU|18/100\n|move|p1a: Roaring Moon|Knock Off|p2b: \u89c2\u540e\u611f:\n|-damage|p2b: \u89c2\u540e\u611f:|43/100\n|-enditem|p2b: \u89c2\u540e\u611f:|Mental Herb|[from] move: Knock Off|[of] p1a: Roaring Moon\n|move|p1b: ClickFakeOutUwU|Trick Room|p1b: ClickFakeOutUwU\n|-fieldstart|move: Trick Room|[of] p1b: ClickFakeOutUwU\n|\n|-weather|RainDance|[upkeep]\n|-heal|p1b: ClickFakeOutUwU|24/100|[from] Grassy Terrain\n|-heal|p2a: \u5170\u534e|100/100|[from] Grassy Terrain\n|-sideend|p2: blackred123|move: Tailwind\n|-fieldend|move: Grassy Terrain\n|upkeep\n|turn|6\n|\n|t:|1771141710\n|-end|p1a: Roaring Moon|Protosynthesis|[silent]\n|switch|p1a: ICastNuclearBlast|Miraidon, L50|100/100\n|-fieldstart|move: Electric Terrain|[from] ability: Hadron Engine|[of] p1a: ICastNuclearBlast\n|-enditem|p1b: ClickFakeOutUwU|Electric Seed\n|-boost|p1b: ClickFakeOutUwU|def|1|[from] item: Electric Seed\n|move|p2b: \u89c2\u540e\u611f:|Protect|p2b: \u89c2\u540e\u611f:\n|-singleturn|p2b: \u89c2\u540e\u611f:|Protect\n|move|p1b: ClickFakeOutUwU|Foul Play|p2a: \u5170\u534e\n|-resisted|p2a: \u5170\u534e\n|-damage|p2a: \u5170\u534e|96/100\n|move|p2a: \u5170\u534e|Heavy Slam|p1a: ICastNuclearBlast\n|-resisted|p1a: ICastNuclearBlast\n|-damage|p1a: ICastNuclearBlast|85/100\n|\n|-weather|none\n|upkeep\n|turn|7\n|\n|t:|1771141732\n|move|p1b: ClickFakeOutUwU|Helping Hand|p1a: ICastNuclearBlast\n|-singleturn|p1a: ICastNuclearBlast|Helping Hand|[of] p1b: ClickFakeOutUwU\n|move|p2a: \u5170\u534e|Body Press|p1a: ICastNuclearBlast\n|-damage|p1a: ICastNuclearBlast|11/100\n|move|p2b: \u89c2\u540e\u611f:|Bleakwind Storm|p1b: ClickFakeOutUwU|[spread] \n|-miss|p2b: \u89c2\u540e\u611f:|p1a: ICastNuclearBlast\n|-miss|p2b: \u89c2\u540e\u611f:|p1b: ClickFakeOutUwU\n|move|p1a: ICastNuclearBlast|Electro Drift|p2a: \u5170\u534e\n|-damage|p2a: \u5170\u534e|0 fnt\n|faint|p2a: \u5170\u534e\n|\n|upkeep\n|\n|t:|1771141740\n|switch|p2a: \u6591\u9a6c\u662f\u9a74\uff01?|Calyrex-Shadow, L50|100/100\n|-ability|p2a: \u6591\u9a6c\u662f\u9a74\uff01?|As One\n|-ability|p2a: \u6591\u9a6c\u662f\u9a74\uff01?|Unnerve\n|turn|8\n|c| Esiolamond|\ud83d\ude2d\n|\n|t:|1771141758\n|switch|p1a: Roaring Moon|Roaring Moon, L50, tera:Flying|37/100\n|move|p1b: ClickFakeOutUwU|Foul Play|p2a: \u6591\u9a6c\u662f\u9a74\uff01?\n|-supereffective|p2a: \u6591\u9a6c\u662f\u9a74\uff01?\n|-damage|p2a: \u6591\u9a6c\u662f\u9a74\uff01?|27/100\n|move|p2b: \u89c2\u540e\u611f:|Bleakwind Storm|p1b: ClickFakeOutUwU|[spread] p1a,p1b\n|-damage|p1a: Roaring Moon|6/100\n|-damage|p1b: ClickFakeOutUwU|1/100\n|-unboost|p1a: Roaring Moon|spe|1\n|move|p2a: \u6591\u9a6c\u662f\u9a74\uff01?|Psychic|p1b: ClickFakeOutUwU\n|-resisted|p1b: ClickFakeOutUwU\n|-damage|p1b: ClickFakeOutUwU|0 fnt\n|faint|p1b: ClickFakeOutUwU\n|-ability|p2a: \u6591\u9a6c\u662f\u9a74\uff01?|Grim Neigh|boost\n|-boost|p2a: \u6591\u9a6c\u662f\u9a74\uff01?|spa|1\n|\n|upkeep\n|\n|t:|1771141775\n|switch|p1b: ICastNuclearBlast|Miraidon, L50|11/100\n|-activate|p1b: ICastNuclearBlast|ability: Hadron Engine\n|turn|9\n|c| Esiolamond|\u270c\ud83c\udffb\n|\n|t:|1771141790\n|move|p2a: \u6591\u9a6c\u662f\u9a74\uff01?|Protect|p2a: \u6591\u9a6c\u662f\u9a74\uff01?\n|-singleturn|p2a: \u6591\u9a6c\u662f\u9a74\uff01?|Protect\n|move|p2b: \u89c2\u540e\u611f:|Tailwind|p2b: \u89c2\u540e\u611f:\n|-sidestart|p2: blackred123|move: Tailwind\n|move|p1a: Roaring Moon|Knock Off|p2a: \u6591\u9a6c\u662f\u9a74\uff01?\n|-activate|p2a: \u6591\u9a6c\u662f\u9a74\uff01?|move: Protect\n|move|p1b: ICastNuclearBlast|Electro Drift|p2b: \u89c2\u540e\u611f:\n|-supereffective|p2b: \u89c2\u540e\u611f:\n|-damage|p2b: \u89c2\u540e\u611f:|0 fnt\n|faint|p2b: \u89c2\u540e\u611f:\n|\n|-fieldend|move: Trick Room\n|upkeep\n|turn|10\n|\n|t:|1771141811\n|-terastallize|p2a: \u6591\u9a6c\u662f\u9a74\uff01?|Ghost\n|move|p1a: Roaring Moon|Protect|p1a: Roaring Moon\n|-singleturn|p1a: Roaring Moon|Protect\n|move|p2a: \u6591\u9a6c\u662f\u9a74\uff01?|Astral Barrage|p1a: Roaring Moon|[spread] p1b\n|-activate|p1a: Roaring Moon|move: Protect\n|-damage|p1b: ICastNuclearBlast|0 fnt\n|faint|p1b: ICastNuclearBlast\n|-ability|p2a: \u6591\u9a6c\u662f\u9a74\uff01?|Grim Neigh|boost\n|-boost|p2a: \u6591\u9a6c\u662f\u9a74\uff01?|spa|1\n|\n|-fieldend|move: Electric Terrain\n|upkeep\n|turn|11\n|\n|t:|1771141826\n|move|p1a: Roaring Moon|Protect|p1a: Roaring Moon\n|-singleturn|p1a: Roaring Moon|Protect\n|move|p2a: \u6591\u9a6c\u662f\u9a74\uff01?|Astral Barrage|p1a: Roaring Moon\n|-activate|p1a: Roaring Moon|move: Protect\n|\n|upkeep\n|turn|12\n|\n|t:|1771141835\n|move|p1a: Roaring Moon|Protect||[still]\n|-fail|p1a: Roaring Moon\n|move|p2a: \u6591\u9a6c\u662f\u9a74\uff01?|Astral Barrage|p1a: Roaring Moon\n|-damage|p1a: Roaring Moon|0 fnt\n|faint|p1a: Roaring Moon\n|-end|p1a: Roaring Moon|Protosynthesis|[silent]\n|\n|win|blackred123\n|raw|Supernova011's rating: 1236 &rarr; <strong>1221</strong><br />(-15 for losing)\n|raw|blackred123's rating: 1376 &rarr; <strong>1388</strong><br />(+12 for winning)\n|l| Esiolamond\n|l|\u2606Supernova011\n|player|p1|\n","uploadtime":1771141847,"views":30,"formatid":"gen9vgc2026regi","rating":1221,"private":0,"password":null}