{"id":"gen9vgc2026regi-2521702701","format":"[Gen 9] VGC 2026 Reg I","players":["marcxhenry","Pumba-Kun"],"log":"|j|\u2606marcxhenry\n|j|\u2606Pumba-Kun\n|t:|1768811048\n|gametype|doubles\n|player|p1|marcxhenry|hilbert-wonderlauncher|1395\n|player|p2|Pumba-Kun|iris-gen5bw2|1351\n|gen|9\n|tier|[Gen 9] VGC 2026 Reg I\n|rated|\n|rule|Species Clause: Limit one of each Pok\u00e9mon\n|rule|Item Clause: Limit 1 of each item\n|clearpoke\n|poke|p1|Calyrex-Shadow, L50|\n|poke|p1|Urshifu-*, L50, M|\n|poke|p1|Roaring Moon, L50|\n|poke|p1|Kyogre, L50|\n|poke|p1|Tsareena, L50, F|\n|poke|p1|Kingambit, L50, M|\n|poke|p2|Terapagos, L50, M|\n|poke|p2|Volcarona, L50, M|\n|poke|p2|Incineroar, L50, M|\n|poke|p2|Rillaboom, L50, M|\n|poke|p2|Tornadus, L50, M|\n|poke|p2|Clefairy, L50, M|\n|teampreview|4\n|inactive|Battle timer is ON: inactive players will automatically lose when time's up. (requested by Pumba-Kun)\n|inactive|marcxhenry has 60 seconds left.\n|\n|t:|1768811092\n|teamsize|p1|4\n|teamsize|p2|4\n|start\n|switch|p1a: Tripitz|Kyogre, L50, shiny|100/100\n|switch|p1b: Roter Baron|Roaring Moon, L50, shiny|100/100\n|switch|p2a: Autum|Terapagos, L50, M|100/100\n|switch|p2b: Clefairy|Clefairy, L50, M, shiny|100/100\n|-activate|p2a: Autum|ability: Tera Shift\n|detailschange|p2a: Autum|Terapagos-Terastal, L50, M\n|-heal|p2a: Autum|100/100|[silent]\n|-weather|RainDance|[from] ability: Drizzle|[of] p1a: Tripitz\n|-enditem|p1b: Roter Baron|Booster Energy\n|-activate|p1b: Roter Baron|ability: Protosynthesis|[fromitem]\n|-start|p1b: Roter Baron|protosynthesisspe\n|turn|1\n|\n|t:|1768811114\n|switch|p1a: Eva|Tsareena, L50, F, shiny|100/100\n|move|p2b: Clefairy|Protect|p2b: Clefairy\n|-singleturn|p2b: Clefairy|Protect\n|move|p1b: Roter Baron|Knock Off|p2a: Autum\n|-activate|p2a: Autum|ability: Tera Shell\n|-resisted|p2a: Autum\n|-damage|p2a: Autum|87/100\n|-enditem|p2a: Autum|Covert Cloak|[from] move: Knock Off|[of] p1b: Roter Baron\n|move|p2a: Autum|Calm Mind|p2a: Autum\n|-boost|p2a: Autum|spa|1\n|-boost|p2a: Autum|spd|1\n|\n|-weather|RainDance|[upkeep]\n|upkeep\n|turn|2\n|\n|t:|1768811133\n|move|p2b: Clefairy|Follow Me|p2b: Clefairy\n|-singleturn|p2b: Clefairy|move: Follow Me\n|move|p1b: Roter Baron|Tailwind|p1b: Roter Baron\n|-sidestart|p1: marcxhenry|move: Tailwind\n|move|p1a: Eva|Taunt|p2b: Clefairy\n|-start|p2b: Clefairy|move: Taunt\n|move|p2a: Autum|Tera Starstorm|p1b: Roter Baron\n|-damage|p1b: Roter Baron|34/100\n|\n|-weather|RainDance|[upkeep]\n|upkeep\n|turn|3\n|\n|t:|1768811153\n|switch|p2b: Tornadus|Tornadus, L50, M|100/100\n|move|p2a: Autum|Protect|p2a: Autum\n|-singleturn|p2a: Autum|Protect\n|move|p1b: Roter Baron|Acrobatics|p2b: Tornadus\n|-damage|p2b: Tornadus|57/100\n|-damage|p1b: Roter Baron|18/100|[from] item: Rocky Helmet|[of] p2b: Tornadus\n|move|p1a: Eva|Power Whip|p2b: Tornadus|[miss]\n|-miss|p1a: Eva|p2b: Tornadus\n|\n|-weather|RainDance|[upkeep]\n|upkeep\n|turn|4\n|\n|t:|1768811170\n|move|p1b: Roter Baron|Protect|p1b: Roter Baron\n|-singleturn|p1b: Roter Baron|Protect\n|move|p2b: Tornadus|Tailwind|p2b: Tornadus\n|-sidestart|p2: Pumba-Kun|move: Tailwind\n|move|p1a: Eva|Triple Axel|p2b: Tornadus\n|-supereffective|p2b: Tornadus\n|-damage|p2b: Tornadus|39/100\n|-damage|p1a: Eva|84/100|[from] item: Rocky Helmet|[of] p2b: Tornadus\n|-supereffective|p2b: Tornadus\n|-damage|p2b: Tornadus|8/100\n|-damage|p1a: Eva|67/100|[from] item: Rocky Helmet|[of] p2b: Tornadus\n|-hitcount|p2b: Tornadus|2\n|move|p2a: Autum|Tera Starstorm|p1a: Eva\n|-damage|p1a: Eva|0 fnt\n|faint|p1a: Eva\n|\n|-weather|RainDance|[upkeep]\n|upkeep\n|\n|t:|1768811186\n|switch|p1a: Ludwig|Calyrex-Shadow, L50|100/100\n|-ability|p1a: Ludwig|As One\n|-ability|p1a: Ludwig|Unnerve\n|turn|5\n|\n|t:|1768811209\n|switch|p2b: Clefairy|Clefairy, L50, M, shiny|100/100\n|-terastallize|p1b: Roter Baron|Flying\n|-terastallize|p2a: Autum|Stellar\n|detailschange|p2a: Autum|Terapagos-Stellar, L50, M, tera:Stellar\n|-heal|p2a: Autum|91/100|[silent]\n|-ability|p2a: Autum|Teraform Zero\n|-weather|none\n|move|p1b: Roter Baron|Acrobatics|p2a: Autum\n|-damage|p2a: Autum|68/100\n|move|p1a: Ludwig|Astral Barrage|p2a: Autum|[spread] p2b\n|-immune|p2a: Autum\n|-damage|p2b: Clefairy|56/100\n|move|p2a: Autum|Tera Starstorm|p1a: Ludwig|[spread] p1a,p1b\n|-supereffective|p1b: Roter Baron\n|-damage|p1a: Ludwig|48/100\n|-damage|p1b: Roter Baron|0 fnt\n|faint|p1b: Roter Baron\n|-end|p1b: Roter Baron|Protosynthesis|[silent]\n|\n|-sideend|p1: marcxhenry|move: Tailwind\n|upkeep\n|\n|t:|1768811229\n|switch|p1b: Tripitz|Kyogre, L50, shiny|100/100\n|-weather|RainDance|[from] ability: Drizzle|[of] p1b: Tripitz\n|turn|6\n|\n|t:|1768811234\n|move|p2b: Clefairy|Helping Hand|p2a: Autum\n|-singleturn|p2a: Autum|Helping Hand|[of] p2b: Clefairy\n|move|p1a: Ludwig|Protect|p1a: Ludwig\n|-singleturn|p1a: Ludwig|Protect\n|move|p2a: Autum|Tera Starstorm|p1b: Tripitz|[spread] p1b\n|-activate|p1a: Ludwig|move: Protect\n|-damage|p1b: Tripitz|40/100\n|move|p1b: Tripitz|Origin Pulse|p2b: Clefairy|[spread] p2b\n|-miss|p1b: Tripitz|p2a: Autum\n|-damage|p2b: Clefairy|0 fnt\n|faint|p2b: Clefairy\n|\n|-weather|RainDance|[upkeep]\n|upkeep\n|-message|marcxhenry forfeited.\n|\n|win|Pumba-Kun\n|raw|marcxhenry's rating: 1395 &rarr; <strong>1372</strong><br />(-23 for losing)\n|raw|Pumba-Kun's rating: 1351 &rarr; <strong>1374</strong><br />(+23 for winning)\n|l|\u2606marcxhenry\n|player|p1|\n","uploadtime":1768811455,"views":17,"formatid":"gen9vgc2026regi","rating":1372,"private":0,"password":null}