{"id":"gen9vgc2026regi-2579696586","format":"[Gen 9] VGC 2026 Reg I","players":["sunny_zong4","Sheevp"],"log":"|j|\u2606sunny_zong4\n|j|\u2606Sheevp\n|t:|1775817931\n|gametype|doubles\n|player|p1|sunny_zong4|2|1340\n|player|p2|Sheevp|170|1432\n|gen|9\n|tier|[Gen 9] VGC 2026 Reg I\n|rated|\n|rule|Species Clause: Limit one of each Pok\u00e9mon\n|rule|Item Clause: Limit 1 of each item\n|clearpoke\n|poke|p1|Typhlosion-Hisui, L50, M|\n|poke|p1|Miraidon, L50|\n|poke|p1|Calyrex-Shadow, L50|\n|poke|p1|Scizor, L50, F|\n|poke|p1|Rillaboom, L50, M|\n|poke|p1|Urshifu-*, L50, M|\n|poke|p2|Calyrex-Ice, L50|\n|poke|p2|Kyogre, L50|\n|poke|p2|Smeargle, L50, F|\n|poke|p2|Roaring Moon, L50|\n|poke|p2|Amoonguss, L50, M|\n|poke|p2|Landorus, L50, M|\n|teampreview|4\n|inactive|Battle timer is ON: inactive players will automatically lose when time's up. (requested by sunny_zong4)\n|l|\u2606Sheevp\n|inactive|Sheevp disconnected and has a minute to reconnect!\n|player|p2|\n|j|\u2606Sheevp\n|inactive|Sheevp reconnected and has 85 seconds left.\n|player|p2|Sheevp|170|\n|inactive|Sheevp has 60 seconds left.\n|\n|t:|1775817983\n|teamsize|p1|4\n|teamsize|p2|4\n|start\n|switch|p1a: Calyrex|Calyrex-Shadow, L50|100/100\n|switch|p1b: Scizor|Scizor, L50, F|100/100\n|switch|p2a: Roaring Moon|Roaring Moon, L50|100/100\n|switch|p2b: Landorus|Landorus, L50, M|100/100\n|-ability|p1a: Calyrex|As One\n|-ability|p1a: Calyrex|Unnerve\n|-enditem|p2a: Roaring Moon|Booster Energy\n|-activate|p2a: Roaring Moon|ability: Protosynthesis|[fromitem]\n|-start|p2a: Roaring Moon|protosynthesisspe\n|turn|1\n|\n|t:|1775818003\n|move|p2a: Roaring Moon|Knock Off|p1a: Calyrex\n|-supereffective|p1a: Calyrex\n|-damage|p1a: Calyrex|0 fnt\n|-enditem|p1a: Calyrex|Life Orb|[from] move: Knock Off|[of] p2a: Roaring Moon\n|faint|p1a: Calyrex\n|move|p2b: Landorus|Sandsear Storm|p1b: Scizor\n|-damage|p1b: Scizor|3/100\n|move|p1b: Scizor|Bug Bite|p2a: Roaring Moon\n|-supereffective|p2a: Roaring Moon\n|-damage|p2a: Roaring Moon|0 fnt\n|faint|p2a: Roaring Moon\n|-end|p2a: Roaring Moon|Protosynthesis|[silent]\n|\n|-heal|p1b: Scizor|9/100|[from] item: Leftovers\n|upkeep\n|\n|t:|1775818013\n|switch|p2a: Head|Amoonguss, L50, M|100/100\n|switch|p1a: Rillaboom|Rillaboom, L50, M|100/100\n|-fieldstart|move: Grassy Terrain|[from] ability: Grassy Surge|[of] p1a: Rillaboom\n|turn|2\n|\n|t:|1775818023\n|move|p2b: Landorus|Protect|p2b: Landorus\n|-singleturn|p2b: Landorus|Protect\n|move|p1a: Rillaboom|Fake Out|p2a: Head\n|-damage|p2a: Head|90/100\n|-damage|p1a: Rillaboom|84/100|[from] item: Rocky Helmet|[of] p2a: Head\n|move|p1b: Scizor|Bullet Punch|p2b: Landorus\n|-activate|p2b: Landorus|move: Protect\n|cant|p2a: Head|flinch\n|\n|-heal|p1a: Rillaboom|90/100|[from] Grassy Terrain\n|-heal|p1b: Scizor|15/100|[from] Grassy Terrain\n|-heal|p1b: Scizor|21/100|[from] item: Leftovers\n|-heal|p2a: Head|95/100|[from] Grassy Terrain\n|upkeep\n|turn|3\n|inactive|sunny_zong4 has 30 seconds left.\n|\n|t:|1775818054\n|move|p2a: Head|Rage Powder|p2a: Head\n|-singleturn|p2a: Head|move: Rage Powder\n|move|p1b: Scizor|Bullet Punch|p2a: Head\n|-damage|p2a: Head|68/100\n|-damage|p1b: Scizor|5/100|[from] item: Rocky Helmet|[of] p2a: Head\n|move|p2b: Landorus|Sludge Bomb|p1a: Rillaboom\n|-supereffective|p1a: Rillaboom\n|-damage|p1a: Rillaboom|8/100\n|move|p1a: Rillaboom|U-turn|p2a: Head\n|-damage|p2a: Head|49/100\n|-damage|p1a: Rillaboom|0 fnt|[from] item: Rocky Helmet|[of] p2a: Head\n|faint|p1a: Rillaboom\n|\n|-heal|p1b: Scizor|11/100|[from] Grassy Terrain\n|-heal|p1b: Scizor|17/100|[from] item: Leftovers\n|-heal|p2a: Head|55/100|[from] Grassy Terrain\n|upkeep\n|\n|t:|1775818057\n|switch|p1a: Miraidon|Miraidon, L50|100/100\n|-fieldstart|move: Electric Terrain|[from] ability: Hadron Engine|[of] p1a: Miraidon\n|turn|4\n|\n|t:|1775818077\n|-terastallize|p1a: Miraidon|Fairy\n|move|p1b: Scizor|Feint|p2b: Landorus\n|-damage|p2b: Landorus|82/100\n|move|p2a: Head|Rage Powder|p2a: Head\n|-singleturn|p2a: Head|move: Rage Powder\n|move|p1a: Miraidon|Dazzling Gleam|p2a: Head|[spread] p2a,p2b\n|-resisted|p2a: Head\n|-damage|p2a: Head|22/100\n|-damage|p2b: Landorus|9/100\n|move|p2b: Landorus|Sandsear Storm|p1b: Scizor|[spread] p1a,p1b\n|-damage|p1a: Miraidon|46/100\n|-damage|p1b: Scizor|0 fnt\n|faint|p1b: Scizor\n|\n|upkeep\n|turn|5\n|\n|t:|1775818092\n|move|p2b: Landorus|Protect|p2b: Landorus\n|-singleturn|p2b: Landorus|Protect\n|move|p1a: Miraidon|Dazzling Gleam|p2a: Head|[spread] p2a\n|-activate|p2b: Landorus|move: Protect\n|-resisted|p2a: Head\n|-damage|p2a: Head|0 fnt\n|faint|p2a: Head\n|\n|upkeep\n|\n|t:|1775818098\n|switch|p2a: Calyrex|Calyrex-Ice, L50|100/100\n|-ability|p2a: Calyrex|As One\n|-ability|p2a: Calyrex|Unnerve\n|turn|6\n|\n|t:|1775818103\n|move|p1a: Miraidon|Dazzling Gleam|p2a: Calyrex|[spread] p2a,p2b\n|-damage|p2a: Calyrex|56/100\n|-damage|p2b: Landorus|0 fnt\n|faint|p2b: Landorus\n|move|p2a: Calyrex|Glacial Lance|p1a: Miraidon\n|-damage|p1a: Miraidon|0 fnt\n|faint|p1a: Miraidon\n|\n|win|Sheevp\n|raw|sunny_zong4's rating: 1340 &rarr; <strong>1325</strong><br />(-15 for losing)\n|raw|Sheevp's rating: 1432 &rarr; <strong>1447</strong><br />(+15 for winning)\n|l|\u2606sunny_zong4\n|player|p1|\n|l|\u2606Sheevp\n|player|p2|\n","uploadtime":1775818301,"views":11,"formatid":"gen9vgc2026regi","rating":1325,"private":0,"password":null}