{"id":"gen9vgc2026regi-2565186771","format":"[Gen 9] VGC 2026 Reg I","players":["antigraf27","TheAndUrgeTheUrge"],"log":"|j|\u2606antigraf27\n|j|\u2606TheAndUrgeTheUrge\n|t:|1774240305\n|gametype|doubles\n|player|p1|antigraf27|bugcatcher-gen4dp|1379\n|player|p2|TheAndUrgeTheUrge|266|1476\n|gen|9\n|tier|[Gen 9] VGC 2026 Reg I\n|rated|\n|rule|Species Clause: Limit one of each Pok\u00e9mon\n|rule|Item Clause: Limit 1 of each item\n|clearpoke\n|poke|p1|Kyogre, L50|\n|poke|p1|Farigiraf, L50, M|\n|poke|p1|Tornadus, L50, M|\n|poke|p1|Basculegion, L50, M|\n|poke|p1|Groudon, L50|\n|poke|p1|Chi-Yu, L50|\n|poke|p2|Zamazenta-*, L50|\n|poke|p2|Rillaboom, L50, M|\n|poke|p2|Incineroar, L50, F|\n|poke|p2|Chien-Pao, L50|\n|poke|p2|Miraidon, L50|\n|poke|p2|Flutter Mane, L50|\n|teampreview|4\n|inactive|Battle timer is ON: inactive players will automatically lose when time's up. (requested by antigraf27)\n|inactive|antigraf27 has 60 seconds left.\n|inactive|TheAndUrgeTheUrge has 60 seconds left.\n|\n|t:|1774240347\n|teamsize|p1|4\n|teamsize|p2|4\n|start\n|switch|p1a: Kyogre|Kyogre, L50|100/100\n|switch|p1b: Tornadus|Tornadus, L50, M|100/100\n|switch|p2a: Zamazenta|Zamazenta-Crowned, L50, shiny|100/100\n|switch|p2b: Miraidon|Miraidon, L50|100/100\n|-fieldstart|move: Electric Terrain|[from] ability: Hadron Engine|[of] p2b: Miraidon\n|-ability|p2a: Zamazenta|Dauntless Shield|boost\n|-boost|p2a: Zamazenta|def|1\n|-weather|RainDance|[from] ability: Drizzle|[of] p1a: Kyogre\n|turn|1\n|inactive|TheAndUrgeTheUrge has 30 seconds left.\n|\n|t:|1774240380\n|-terastallize|p1a: Kyogre|Water\n|move|p1b: Tornadus|Tailwind|p1b: Tornadus\n|-sidestart|p1: antigraf27|move: Tailwind\n|move|p2b: Miraidon|Snarl|p1b: Tornadus|[spread] p1a,p1b\n|-damage|p1a: Kyogre|86/100\n|-damage|p1b: Tornadus|75/100\n|-unboost|p1a: Kyogre|spa|1\n|-unboost|p1b: Tornadus|spa|1\n|move|p1a: Kyogre|Tera Blast|p2a: Zamazenta|[anim] Tera Blast Water\n|-damage|p2a: Zamazenta|41/100\n|move|p2a: Zamazenta|Iron Defense|p2a: Zamazenta\n|-boost|p2a: Zamazenta|def|2\n|\n|-weather|RainDance|[upkeep]\n|upkeep\n|turn|2\n|inactive|antigraf27 has 30 seconds left.\n|\n|t:|1774240409\n|move|p2a: Zamazenta|Protect|p2a: Zamazenta\n|-singleturn|p2a: Zamazenta|Protect\n|move|p1b: Tornadus|Bleakwind Storm|p2b: Miraidon|[spread] p2b\n|-activate|p2a: Zamazenta|move: Protect\n|-resisted|p2b: Miraidon\n|-damage|p2b: Miraidon|89/100\n|move|p2b: Miraidon|Snarl|p1b: Tornadus|[spread] p1a,p1b\n|-damage|p1a: Kyogre|70/100\n|-damage|p1b: Tornadus|46/100\n|-unboost|p1a: Kyogre|spa|1\n|-unboost|p1b: Tornadus|spa|1\n|move|p1a: Kyogre|Tera Blast|p2a: Zamazenta|[anim] Tera Blast Water\n|-activate|p2a: Zamazenta|move: Protect\n|\n|-weather|RainDance|[upkeep]\n|upkeep\n|turn|3\n|\n|t:|1774240426\n|switch|p1b: Farigiraf|Farigiraf, L50, M|100/100\n|switch|p1a: Groudon|Groudon, L50|100/100\n|-weather|SunnyDay|[from] ability: Drought|[of] p1a: Groudon\n|move|p2b: Miraidon|Snarl|p1a: Groudon|[spread] p1a\n|-miss|p2b: Miraidon|p1b: Farigiraf\n|-damage|p1a: Groudon|88/100\n|-unboost|p1a: Groudon|spa|1\n|move|p2a: Zamazenta|Body Press|p1a: Groudon\n|-damage|p1a: Groudon|13/100\n|\n|-weather|SunnyDay|[upkeep]\n|upkeep\n|turn|4\n|\n|t:|1774240452\n|move|p2b: Miraidon|Snarl|p1a: Groudon|[spread] p1b\n|-miss|p2b: Miraidon|p1a: Groudon\n|-supereffective|p1b: Farigiraf\n|-crit|p1b: Farigiraf\n|-damage|p1b: Farigiraf|45/100\n|-unboost|p1b: Farigiraf|spa|1\n|-enditem|p1b: Farigiraf|Sitrus Berry|[eat]\n|-heal|p1b: Farigiraf|70/100|[from] item: Sitrus Berry\n|move|p1a: Groudon|Precipice Blades|p2b: Miraidon|[spread] p2b\n|-miss|p1a: Groudon|p2a: Zamazenta\n|-supereffective|p2b: Miraidon\n|-damage|p2b: Miraidon|0 fnt\n|faint|p2b: Miraidon\n|move|p2a: Zamazenta|Body Press|p1b: Farigiraf\n|-damage|p1b: Farigiraf|0 fnt\n|faint|p1b: Farigiraf\n|\n|-weather|SunnyDay|[upkeep]\n|-sideend|p1: antigraf27|move: Tailwind\n|upkeep\n|\n|t:|1774240473\n|switch|p2b: Rillaboom|Rillaboom, L50, M, shiny|100/100\n|switch|p1b: Tornadus|Tornadus, L50, M|46/100\n|-fieldstart|move: Grassy Terrain|[from] ability: Grassy Surge|[of] p2b: Rillaboom\n|turn|5\n|\n|t:|1774240490\n|move|p1b: Tornadus|Protect|p1b: Tornadus\n|-singleturn|p1b: Tornadus|Protect\n|move|p2b: Rillaboom|Fake Out|p1a: Groudon\n|-damage|p1a: Groudon|2/100\n|move|p2a: Zamazenta|Heavy Slam|p1b: Tornadus\n|-activate|p1b: Tornadus|move: Protect\n|cant|p1a: Groudon|flinch\n|\n|-weather|SunnyDay|[upkeep]\n|-heal|p2a: Zamazenta|47/100|[from] Grassy Terrain\n|-heal|p1a: Groudon|8/100|[from] Grassy Terrain\n|upkeep\n|turn|6\n|\n|t:|1774240505\n|move|p1b: Tornadus|Tailwind|p1b: Tornadus\n|-sidestart|p1: antigraf27|move: Tailwind\n|move|p2b: Rillaboom|Grassy Glide|p1a: Groudon\n|-supereffective|p1a: Groudon\n|-damage|p1a: Groudon|0 fnt\n|faint|p1a: Groudon\n|move|p2a: Zamazenta|Heavy Slam|p1b: Tornadus\n|-damage|p1b: Tornadus|0 fnt\n|faint|p1b: Tornadus\n|\n|-weather|SunnyDay|[upkeep]\n|-heal|p2a: Zamazenta|53/100|[from] Grassy Terrain\n|upkeep\n|\n|t:|1774240512\n|switch|p1b: Kyogre|Kyogre, L50, tera:Water|70/100\n|-weather|RainDance|[from] ability: Drizzle|[of] p1b: Kyogre\n|turn|7\n|-message|antigraf27 forfeited.\n|\n|win|TheAndUrgeTheUrge\n|raw|antigraf27's rating: 1379 &rarr; <strong>1364</strong><br />(-15 for losing)\n|raw|TheAndUrgeTheUrge's rating: 1476 &rarr; <strong>1491</strong><br />(+15 for winning)\n|l|\u2606antigraf27\n|player|p1|\n|l|\u2606TheAndUrgeTheUrge\n|player|p2|\n","uploadtime":1774240727,"views":11,"formatid":"gen9vgc2026regi","rating":1364,"private":0,"password":null}