{"id":"gen9vgc2026regi-2577051796","format":"[Gen 9] VGC 2026 Reg I","players":["100kg calculator","asouleoe"],"log":"|j|\u2606100kg calculator\n|j|\u2606asouleoe\n|t:|1775531254\n|gametype|doubles\n|player|p1|100kg calculator|170|1530\n|player|p2|asouleoe|blue|1637\n|gen|9\n|tier|[Gen 9] VGC 2026 Reg I\n|rated|\n|rule|Species Clause: Limit one of each Pok\u00e9mon\n|rule|Item Clause: Limit 1 of each item\n|clearpoke\n|poke|p1|Miraidon, L50|\n|poke|p1|Whimsicott, L50, F|\n|poke|p1|Zamazenta-*, L50|\n|poke|p1|Chien-Pao, L50|\n|poke|p1|Incineroar, L50, F|\n|poke|p1|Dragonite, L50, M|\n|poke|p2|Hitmontop, L50, M|\n|poke|p2|Terapagos, L50, M|\n|poke|p2|Calyrex-Shadow, L50|\n|poke|p2|Ogerpon-Cornerstone, L50, F|\n|poke|p2|Whimsicott, L50, F|\n|poke|p2|Indeedee-F, L50, F|\n|teampreview|4\n|inactive|Battle timer is ON: inactive players will automatically lose when time's up. (requested by asouleoe)\n|inactive|100kg calculator has 60 seconds left.\n|\n|t:|1775531292\n|teamsize|p1|4\n|teamsize|p2|4\n|start\n|switch|p1a: Whimsicott|Whimsicott, L50, F|100/100\n|switch|p1b: Miraidon|Miraidon, L50|100/100\n|switch|p2a: Hitmontop|Hitmontop, L50, M|100/100\n|switch|p2b: Terapagos|Terapagos, L50, M|100/100\n|-activate|p2b: Terapagos|ability: Tera Shift\n|detailschange|p2b: Terapagos|Terapagos-Terastal, L50, M\n|-heal|p2b: Terapagos|100/100|[silent]\n|-fieldstart|move: Electric Terrain|[from] ability: Hadron Engine|[of] p1b: Miraidon\n|-ability|p2a: Hitmontop|Intimidate|boost\n|-unboost|p1a: Whimsicott|atk|1\n|-unboost|p1b: Miraidon|atk|1\n|turn|1\n|\n|t:|1775531314\n|switch|p1b: Incineroar|Incineroar, L50, F|100/100\n|-ability|p1b: Incineroar|Intimidate|boost\n|-unboost|p2a: Hitmontop|atk|1\n|-unboost|p2b: Terapagos|atk|1\n|-terastallize|p2b: Terapagos|Stellar\n|detailschange|p2b: Terapagos|Terapagos-Stellar, L50, M, tera:Stellar\n|-heal|p2b: Terapagos|100/100|[silent]\n|-ability|p2b: Terapagos|Teraform Zero\n|-fieldend|move: Electric Terrain\n|move|p1a: Whimsicott|Light Screen|p1a: Whimsicott\n|-sidestart|p1: 100kg calculator|move: Light Screen\n|move|p2a: Hitmontop|Vacuum Wave|p2b: Terapagos\n|-supereffective|p2b: Terapagos\n|-damage|p2b: Terapagos|95/100\n|-enditem|p2b: Terapagos|Weakness Policy\n|-boost|p2b: Terapagos|atk|2|[from] item: Weakness Policy\n|-boost|p2b: Terapagos|spa|2|[from] item: Weakness Policy\n|move|p2b: Terapagos|Tera Starstorm|p1a: Whimsicott|[spread] p1a,p1b\n|-damage|p1a: Whimsicott|28/100\n|-damage|p1b: Incineroar|68/100\n|\n|upkeep\n|turn|2\n|inactive|100kg calculator has 30 seconds left.\n|inactive|100kg calculator has 20 seconds left.\n|inactive|100kg calculator has 15 seconds left.\n|inactive|100kg calculator has 10 seconds left.\n|\n|t:|1775531363\n|move|p1a: Whimsicott|Moonblast|p2a: Hitmontop\n|-supereffective|p2a: Hitmontop\n|-damage|p2a: Hitmontop|58/100\n|-unboost|p2a: Hitmontop|spa|1\n|-enditem|p2a: Hitmontop|Eject Button\n|\n|t:|1775531368\n|switch|p2a: Indeedee|Indeedee-F, L50, F|100/100\n|-fieldstart|move: Psychic Terrain|[from] ability: Psychic Surge|[of] p2a: Indeedee\n|move|p2b: Terapagos|Tera Starstorm|p1b: Incineroar|[spread] p1a,p1b\n|-damage|p1a: Whimsicott|0 fnt\n|-damage|p1b: Incineroar|36/100\n|faint|p1a: Whimsicott\n|move|p1b: Incineroar|Flare Blitz|p2b: Terapagos\n|-damage|p2b: Terapagos|62/100\n|-status|p2b: Terapagos|brn\n|-damage|p1b: Incineroar|21/100|[from] Recoil\n|\n|-damage|p2b: Terapagos|55/100 brn|[from] brn\n|upkeep\n|\n|t:|1775531385\n|switch|p1a: Miraidon|Miraidon, L50|100/100\n|-fieldstart|move: Electric Terrain|[from] ability: Hadron Engine|[of] p1a: Miraidon\n|turn|3\n|\n|t:|1775531402\n|move|p2a: Indeedee|Follow Me|p2a: Indeedee\n|-singleturn|p2a: Indeedee|move: Follow Me\n|move|p1a: Miraidon|Volt Switch|p2a: Indeedee\n|-damage|p2a: Indeedee|6/100\n|\n|t:|1775531407\n|switch|p1a: Zamazenta|Zamazenta-Crowned, L50|100/100|[from] Volt Switch\n|-ability|p1a: Zamazenta|Dauntless Shield|boost\n|-boost|p1a: Zamazenta|def|1\n|move|p2b: Terapagos|Rock Polish|p2b: Terapagos\n|-boost|p2b: Terapagos|spe|2\n|move|p1b: Incineroar|U-turn|p2a: Indeedee\n|-supereffective|p2a: Indeedee\n|-damage|p2a: Indeedee|0 fnt\n|faint|p2a: Indeedee\n|\n|t:|1775531419\n|switch|p1b: Miraidon|Miraidon, L50|100/100|[from] U-turn\n|-activate|p1b: Miraidon|ability: Hadron Engine\n|\n|-damage|p2b: Terapagos|49/100 brn|[from] brn\n|upkeep\n|\n|t:|1775531428\n|switch|p2a: Hitmontop|Hitmontop, L50, M|58/100\n|-ability|p2a: Hitmontop|Intimidate|boost\n|-unboost|p1a: Zamazenta|atk|1\n|-unboost|p1b: Miraidon|atk|1\n|turn|4\n|\n|t:|1775531442\n|move|p2b: Terapagos|Protect|p2b: Terapagos\n|-singleturn|p2b: Terapagos|Protect\n|move|p1a: Zamazenta|Wide Guard|p1a: Zamazenta\n|-singleturn|p1a: Zamazenta|Wide Guard\n|move|p1b: Miraidon|Electro Drift|p2b: Terapagos\n|-activate|p2b: Terapagos|move: Protect\n|move|p2a: Hitmontop|Brick Break|p1b: Miraidon\n|-sideend|p1: 100kg calculator|move: Light Screen\n|-damage|p1b: Miraidon|75/100\n|\n|-damage|p2b: Terapagos|43/100 brn|[from] brn\n|upkeep\n|turn|5\n|inactive|asouleoe has 30 seconds left.\n|\n|t:|1775531474\n|switch|p2a: Calyrex|Calyrex-Shadow, L50|100/100\n|-ability|p2a: Calyrex|As One\n|-ability|p2a: Calyrex|Unnerve\n|-terastallize|p1b: Miraidon|Fairy\n|move|p1a: Zamazenta|Wide Guard|p1a: Zamazenta\n|-singleturn|p1a: Zamazenta|Wide Guard\n|move|p2b: Terapagos|Earth Power|p1b: Miraidon\n|-damage|p1b: Miraidon|7/100\n|move|p1b: Miraidon|Electro Drift|p2b: Terapagos\n|-damage|p2b: Terapagos|0 fnt\n|faint|p2b: Terapagos\n|detailschange|p2: Terapagos|Terapagos, L50, M|[silent]\n|\n|upkeep\n|\n|t:|1775531492\n|switch|p2b: Hitmontop|Hitmontop, L50, M|58/100\n|-ability|p2b: Hitmontop|Intimidate|boost\n|-unboost|p1a: Zamazenta|atk|1\n|-unboost|p1b: Miraidon|atk|1\n|turn|6\n|\n|t:|1775531507\n|switch|p1b: Incineroar|Incineroar, L50, F|21/100\n|-ability|p1b: Incineroar|Intimidate|boost\n|-unboost|p2a: Calyrex|atk|1\n|-unboost|p2b: Hitmontop|atk|1\n|move|p2b: Hitmontop|Fake Out|p1b: Incineroar\n|-damage|p1b: Incineroar|16/100\n|move|p2a: Calyrex|Encore|p1a: Zamazenta\n|-start|p1a: Zamazenta|Encore\n|move|p1a: Zamazenta|Wide Guard||[still]\n|-fail|p1a: Zamazenta\n|\n|upkeep\n|turn|7\n|\n|t:|1775531529\n|switch|p1a: Miraidon|Miraidon, L50, tera:Fairy|7/100\n|-activate|p1a: Miraidon|ability: Hadron Engine\n|move|p2a: Calyrex|Psychic|p1a: Miraidon\n|-damage|p1a: Miraidon|0 fnt\n|faint|p1a: Miraidon\n|-ability|p2a: Calyrex|Grim Neigh|boost\n|-boost|p2a: Calyrex|spa|1\n|move|p2b: Hitmontop|Brick Break|p1b: Incineroar\n|-supereffective|p1b: Incineroar\n|-damage|p1b: Incineroar|0 fnt\n|faint|p1b: Incineroar\n|\n|-fieldend|move: Electric Terrain\n|upkeep\n|\n|t:|1775531542\n|switch|p1b: Zamazenta|Zamazenta-Crowned, L50|100/100\n|turn|8\n|-message|100kg calculator forfeited.\n|\n|win|asouleoe\n|raw|100kg calculator's rating: 1530 &rarr; <strong>1516</strong><br />(-14 for losing)\n|raw|asouleoe's rating: 1637 &rarr; <strong>1651</strong><br />(+14 for winning)\n|l|\u2606100kg calculator\n|player|p1|\n","uploadtime":1775531555,"views":20,"formatid":"gen9vgc2026regi","rating":1516,"private":0,"password":null}