{"id":"gen9vgc2026regi-2547554813","format":"[Gen 9] VGC 2026 Reg I","players":["blackred123","xlefinx"],"log":"|j|\u2606blackred123\n|j|\u2606xlefinx\n|t:|1772107987\n|gametype|doubles\n|player|p1|blackred123|iono-masters|1434\n|player|p2|xlefinx|101|1365\n|gen|9\n|tier|[Gen 9] VGC 2026 Reg I\n|rated|\n|rule|Species Clause: Limit one of each Pok\u00e9mon\n|rule|Item Clause: Limit 1 of each item\n|clearpoke\n|poke|p1|Zamazenta-*, L50|\n|poke|p1|Calyrex-Shadow, L50|\n|poke|p1|Tornadus, L50, M|\n|poke|p1|Rillaboom, L50, F|\n|poke|p1|Smeargle, L50, M|\n|poke|p1|Raging Bolt, L50|\n|poke|p2|Terapagos, L50, M|\n|poke|p2|Koraidon, L50|\n|poke|p2|Sinistcha, L50|\n|poke|p2|Flutter Mane, L50|\n|poke|p2|Incineroar, L50, F|\n|poke|p2|Mienshao, L50, F|\n|teampreview|4\n|inactive|Battle timer is ON: inactive players will automatically lose when time's up. (requested by blackred123)\n|\n|t:|1772108009\n|teamsize|p1|4\n|teamsize|p2|4\n|start\n|switch|p1a: \u9a6c\u6b7b\u4e86|Calyrex-Shadow, L50|100/100\n|switch|p1b: \u72d7\u7b14\u517b\u7684|Smeargle, L50, M|100/100\n|switch|p2a: Terapagos|Terapagos, L50, M|100/100\n|switch|p2b: Mienshao|Mienshao, L50, F|100/100\n|-activate|p2a: Terapagos|ability: Tera Shift\n|detailschange|p2a: Terapagos|Terapagos-Terastal, L50, M\n|-heal|p2a: Terapagos|100/100|[silent]\n|-ability|p1a: \u9a6c\u6b7b\u4e86|As One\n|-ability|p1a: \u9a6c\u6b7b\u4e86|Unnerve\n|turn|1\n|\n|t:|1772108023\n|switch|p1b: \u556a\u53fd\u556a\uff08\u5657\u53fd\u58f0\uff09|Zamazenta-Crowned, L50|100/100\n|-ability|p1b: \u556a\u53fd\u556a\uff08\u5657\u53fd\u58f0\uff09|Dauntless Shield|boost\n|-boost|p1b: \u556a\u53fd\u556a\uff08\u5657\u53fd\u58f0\uff09|def|1\n|move|p2b: Mienshao|Fake Out|p1b: \u556a\u53fd\u556a\uff08\u5657\u53fd\u58f0\uff09\n|-resisted|p1b: \u556a\u53fd\u556a\uff08\u5657\u53fd\u58f0\uff09\n|-damage|p1b: \u556a\u53fd\u556a\uff08\u5657\u53fd\u58f0\uff09|98/100\n|move|p1a: \u9a6c\u6b7b\u4e86|Psychic|p2a: Terapagos\n|-activate|p2a: Terapagos|ability: Tera Shell\n|-resisted|p2a: Terapagos\n|-damage|p2a: Terapagos|71/100\n|-damage|p1a: \u9a6c\u6b7b\u4e86|91/100|[from] item: Life Orb\n|move|p2a: Terapagos|Tera Starstorm|p1b: \u556a\u53fd\u556a\uff08\u5657\u53fd\u58f0\uff09\n|-resisted|p1b: \u556a\u53fd\u556a\uff08\u5657\u53fd\u58f0\uff09\n|-damage|p1b: \u556a\u53fd\u556a\uff08\u5657\u53fd\u58f0\uff09|78/100\n|\n|-heal|p2a: Terapagos|77/100|[from] item: Leftovers\n|upkeep\n|turn|2\n|\n|t:|1772108041\n|switch|p2b: Sinistcha|Sinistcha, L50|100/100\n|-heal|p2a: Terapagos|100/100|[from] ability: Hospitality|[of] p2b: Sinistcha\n|move|p2a: Terapagos|Protect|p2a: Terapagos\n|-singleturn|p2a: Terapagos|Protect\n|move|p1a: \u9a6c\u6b7b\u4e86|Psychic|p2b: Sinistcha\n|-damage|p2b: Sinistcha|33/100\n|-damage|p1a: \u9a6c\u6b7b\u4e86|81/100|[from] item: Life Orb\n|move|p1b: \u556a\u53fd\u556a\uff08\u5657\u53fd\u58f0\uff09|Body Press|p2a: Terapagos\n|-activate|p2a: Terapagos|move: Protect\n|\n|upkeep\n|turn|3\n|\n|t:|1772108063\n|move|p1b: \u556a\u53fd\u556a\uff08\u5657\u53fd\u58f0\uff09|Protect|p1b: \u556a\u53fd\u556a\uff08\u5657\u53fd\u58f0\uff09\n|-singleturn|p1b: \u556a\u53fd\u556a\uff08\u5657\u53fd\u58f0\uff09|Protect\n|move|p2b: Sinistcha|Rage Powder|p2b: Sinistcha\n|-singleturn|p2b: Sinistcha|move: Rage Powder\n|move|p1a: \u9a6c\u6b7b\u4e86|Astral Barrage|p2a: Terapagos|[spread] p2b\n|-immune|p2a: Terapagos\n|-supereffective|p2b: Sinistcha\n|-damage|p2b: Sinistcha|0 fnt\n|faint|p2b: Sinistcha\n|-ability|p1a: \u9a6c\u6b7b\u4e86|Grim Neigh|boost\n|-boost|p1a: \u9a6c\u6b7b\u4e86|spa|1\n|-damage|p1a: \u9a6c\u6b7b\u4e86|72/100|[from] item: Life Orb\n|move|p2a: Terapagos|Calm Mind|p2a: Terapagos\n|-boost|p2a: Terapagos|spa|1\n|-boost|p2a: Terapagos|spd|1\n|\n|upkeep\n|\n|t:|1772108074\n|switch|p2b: Mienshao|Mienshao, L50, F|100/100\n|turn|4\n|\n|t:|1772108085\n|move|p2b: Mienshao|Fake Out|p1b: \u556a\u53fd\u556a\uff08\u5657\u53fd\u58f0\uff09\n|-resisted|p1b: \u556a\u53fd\u556a\uff08\u5657\u53fd\u58f0\uff09\n|-damage|p1b: \u556a\u53fd\u556a\uff08\u5657\u53fd\u58f0\uff09|75/100\n|move|p1a: \u9a6c\u6b7b\u4e86|Psychic|p2b: Mienshao\n|-supereffective|p2b: Mienshao\n|-enditem|p2b: Mienshao|Focus Sash\n|-damage|p2b: Mienshao|1/100\n|-damage|p1a: \u9a6c\u6b7b\u4e86|62/100|[from] item: Life Orb\n|cant|p1b: \u556a\u53fd\u556a\uff08\u5657\u53fd\u58f0\uff09|flinch\n|move|p2a: Terapagos|Calm Mind|p2a: Terapagos\n|-boost|p2a: Terapagos|spa|1\n|-boost|p2a: Terapagos|spd|1\n|\n|upkeep\n|turn|5\n|inactive|xlefinx has 30 seconds left.\n|\n|t:|1772108116\n|move|p1a: \u9a6c\u6b7b\u4e86|Psychic|p2a: Terapagos\n|-activate|p2a: Terapagos|ability: Tera Shell\n|-resisted|p2a: Terapagos\n|-damage|p2a: Terapagos|79/100\n|-unboost|p2a: Terapagos|spd|1\n|-damage|p1a: \u9a6c\u6b7b\u4e86|52/100|[from] item: Life Orb\n|move|p2b: Mienshao|Coaching|p2a: Terapagos\n|-boost|p2a: Terapagos|atk|1\n|-boost|p2a: Terapagos|def|1\n|move|p1b: \u556a\u53fd\u556a\uff08\u5657\u53fd\u58f0\uff09|Body Press|p2a: Terapagos\n|-supereffective|p2a: Terapagos\n|-damage|p2a: Terapagos|9/100\n|move|p2a: Terapagos|Earth Power|p1b: \u556a\u53fd\u556a\uff08\u5657\u53fd\u58f0\uff09\n|-supereffective|p1b: \u556a\u53fd\u556a\uff08\u5657\u53fd\u58f0\uff09\n|-damage|p1b: \u556a\u53fd\u556a\uff08\u5657\u53fd\u58f0\uff09|0 fnt\n|faint|p1b: \u556a\u53fd\u556a\uff08\u5657\u53fd\u58f0\uff09\n|\n|-heal|p2a: Terapagos|15/100|[from] item: Leftovers\n|upkeep\n|\n|t:|1772108136\n|switch|p1b: \u72d7\u7b14\u517b\u7684|Smeargle, L50, M|100/100\n|turn|6\n|inactive|xlefinx has 30 seconds left.\n|\n|t:|1772108162\n|-terastallize|p2a: Terapagos|Stellar\n|detailschange|p2a: Terapagos|Terapagos-Stellar, L50, M, tera:Stellar\n|-heal|p2a: Terapagos|36/100|[silent]\n|move|p1b: \u72d7\u7b14\u517b\u7684|Fake Out|p2b: Mienshao\n|-damage|p2b: Mienshao|0 fnt\n|faint|p2b: Mienshao\n|move|p1a: \u9a6c\u6b7b\u4e86|Psychic|p2a: Terapagos\n|-damage|p2a: Terapagos|0 fnt\n|faint|p2a: Terapagos\n|detailschange|p2: Terapagos|Terapagos, L50, M|[silent]\n|-ability|p1a: \u9a6c\u6b7b\u4e86|Grim Neigh|boost\n|-boost|p1a: \u9a6c\u6b7b\u4e86|spa|1\n|-damage|p1a: \u9a6c\u6b7b\u4e86|43/100|[from] item: Life Orb\n|\n|-ability|p1b: \u72d7\u7b14\u517b\u7684|Moody|boost\n|-boost|p1b: \u72d7\u7b14\u517b\u7684|atk|2\n|-unboost|p1b: \u72d7\u7b14\u517b\u7684|spd|1\n|upkeep\n|\n|t:|1772108173\n|switch|p2b: Koraidon|Koraidon, L50|100/100\n|-weather|SunnyDay|[from] ability: Orichalcum Pulse|[of] p2b: Koraidon\n|-activate|p2b: Koraidon|Orichalcum Pulse|[source]\n|turn|7\n|\n|t:|1772108179\n|move|p1b: \u72d7\u7b14\u517b\u7684|Follow Me|p1b: \u72d7\u7b14\u517b\u7684\n|-singleturn|p1b: \u72d7\u7b14\u517b\u7684|move: Follow Me\n|move|p1a: \u9a6c\u6b7b\u4e86|Psychic|p2b: Koraidon\n|-supereffective|p2b: Koraidon\n|-damage|p2b: Koraidon|0 fnt\n|faint|p2b: Koraidon\n|-damage|p1a: \u9a6c\u6b7b\u4e86|33/100|[from] item: Life Orb\n|\n|win|blackred123\n|raw|blackred123's rating: 1434 &rarr; <strong>1450</strong><br />(+16 for winning)\n|raw|xlefinx's rating: 1365 &rarr; <strong>1349</strong><br />(-16 for losing)\n|l|\u2606xlefinx\n|player|p2|\n","uploadtime":1772108344,"views":12,"formatid":"gen9vgc2026regi","rating":1349,"private":0,"password":null}