{"id":"gen9vgc2026regi-2515898672","format":"[Gen 9] VGC 2026 Reg I","players":["fl1me2th3m00n","kojimuranishi"],"log":"|j|\u2606fl1me2th3m00n\n|j|\u2606kojimuranishi\n|t:|1768057881\n|gametype|doubles\n|player|p1|fl1me2th3m00n|1|1304\n|player|p2|kojimuranishi|266|1354\n|gen|9\n|tier|[Gen 9] VGC 2026 Reg I\n|rated|\n|rule|Species Clause: Limit one of each Pok\u00e9mon\n|rule|Item Clause: Limit 1 of each item\n|clearpoke\n|poke|p1|Landorus, L50, M|\n|poke|p1|Calyrex-Ice, L50|\n|poke|p1|Kyogre, L50|\n|poke|p1|Amoonguss, L50, M|\n|poke|p1|Incineroar, L50, F|\n|poke|p1|Ditto, L50|\n|poke|p2|Raging Bolt, L50|\n|poke|p2|Calyrex-Ice, L50|\n|poke|p2|Kyogre, L50|\n|poke|p2|Indeedee-F, L50, F|\n|poke|p2|Landorus, L50, M|\n|poke|p2|Urshifu-*, L50, M|\n|teampreview|4\n|inactive|Battle timer is ON: inactive players will automatically lose when time's up. (requested by kojimuranishi)\n|inactive|fl1me2th3m00n has 60 seconds left.\n|inactive|fl1me2th3m00n has 30 seconds left.\n|inactive|fl1me2th3m00n has 20 seconds left.\n|inactive|fl1me2th3m00n has 15 seconds left.\n|inactive|fl1me2th3m00n has 10 seconds left.\n|inactive|fl1me2th3m00n has 5 seconds left.\n|\n|t:|1768057992\n|teamsize|p1|4\n|teamsize|p2|4\n|start\n|switch|p1a: Landorus|Landorus, L50, M|100/100\n|switch|p1b: Calyrex|Calyrex-Ice, L50|100/100\n|switch|p2a: Urshifu|Urshifu-Rapid-Strike, L50, M|100/100\n|switch|p2b: Kyogre|Kyogre, L50|100/100\n|-ability|p1b: Calyrex|As One\n|-ability|p1b: Calyrex|Unnerve\n|-weather|RainDance|[from] ability: Drizzle|[of] p2b: Kyogre\n|turn|1\n|inactive|fl1me2th3m00n has 30 seconds left.\n|\n|t:|1768058022\n|switch|p1b: Amoonguss|Amoonguss, L50, M|100/100\n|move|p2b: Kyogre|Water Spout|p1a: Landorus|[spread] p1a,p1b\n|-supereffective|p1a: Landorus\n|-resisted|p1b: Amoonguss\n|-damage|p1a: Landorus|0 fnt\n|-damage|p1b: Amoonguss|56/100\n|faint|p1a: Landorus\n|move|p2a: Urshifu|Surging Strikes|p1b: Amoonguss\n|-resisted|p1b: Amoonguss\n|-crit|p1b: Amoonguss\n|-damage|p1b: Amoonguss|43/100\n|-damage|p2a: Urshifu|84/100|[from] item: Rocky Helmet|[of] p1b: Amoonguss\n|-resisted|p1b: Amoonguss\n|-crit|p1b: Amoonguss\n|-damage|p1b: Amoonguss|31/100\n|-damage|p2a: Urshifu|68/100|[from] item: Rocky Helmet|[of] p1b: Amoonguss\n|-resisted|p1b: Amoonguss\n|-crit|p1b: Amoonguss\n|-damage|p1b: Amoonguss|18/100\n|-damage|p2a: Urshifu|51/100|[from] item: Rocky Helmet|[of] p1b: Amoonguss\n|-hitcount|p1b: Amoonguss|3\n|\n|-weather|RainDance|[upkeep]\n|upkeep\n|\n|t:|1768058042\n|switch|p1a: Kyogre|Kyogre, L50|100/100\n|turn|2\n|\n|t:|1768058052\n|move|p2a: Urshifu|Detect|p2a: Urshifu\n|-singleturn|p2a: Urshifu|Protect\n|move|p1b: Amoonguss|Protect|p1b: Amoonguss\n|-singleturn|p1b: Amoonguss|Protect\n|move|p2b: Kyogre|Water Spout|p1a: Kyogre|[spread] p1a\n|-activate|p1b: Amoonguss|move: Protect\n|-resisted|p1a: Kyogre\n|-damage|p1a: Kyogre|70/100\n|move|p1a: Kyogre|Thunder|p2b: Kyogre\n|-supereffective|p2b: Kyogre\n|-damage|p2b: Kyogre|35/100\n|\n|-weather|RainDance|[upkeep]\n|-heal|p1a: Kyogre|76/100|[from] item: Leftovers\n|upkeep\n|turn|3\n|\n|t:|1768058073\n|switch|p2b: Indeedee|Indeedee-F, L50, F|100/100\n|-fieldstart|move: Psychic Terrain|[from] ability: Psychic Surge|[of] p2b: Indeedee\n|move|p1b: Amoonguss|Rage Powder|p1b: Amoonguss\n|-singleturn|p1b: Amoonguss|move: Rage Powder\n|move|p2a: Urshifu|Close Combat|p1b: Amoonguss\n|-resisted|p1b: Amoonguss\n|-damage|p1b: Amoonguss|0 fnt\n|-unboost|p2a: Urshifu|def|1\n|-unboost|p2a: Urshifu|spd|1\n|-damage|p2a: Urshifu|35/100|[from] item: Rocky Helmet|[of] p1b: Amoonguss\n|faint|p1b: Amoonguss\n|move|p1a: Kyogre|Thunder|p2a: Urshifu\n|-supereffective|p2a: Urshifu\n|-damage|p2a: Urshifu|0 fnt\n|faint|p2a: Urshifu\n|\n|-weather|RainDance|[upkeep]\n|-heal|p1a: Kyogre|82/100|[from] item: Leftovers\n|upkeep\n|inactive|kojimuranishi has 30 seconds left.\n|inactive|kojimuranishi has 20 seconds left.\n|inactive|kojimuranishi has 15 seconds left.\n|inactive|kojimuranishi has 10 seconds left.\n|\n|t:|1768058123\n|switch|p2a: Calyrex|Calyrex-Ice, L50|100/100\n|switch|p1b: Calyrex|Calyrex-Ice, L50|100/100\n|-ability|p1b: Calyrex|As One\n|-ability|p1b: Calyrex|Unnerve\n|-ability|p2a: Calyrex|As One\n|-ability|p2a: Calyrex|Unnerve\n|turn|4\n|inactive|fl1me2th3m00n has 30 seconds left.\n|\n|t:|1768058149\n|move|p1a: Kyogre|Origin Pulse|p2a: Calyrex|[spread] p2a,p2b\n|-damage|p2a: Calyrex|64/100\n|-damage|p2b: Indeedee|33/100\n|move|p2b: Indeedee|Heal Pulse|p2a: Calyrex\n|-heal|p2a: Calyrex|100/100\n|move|p1b: Calyrex|Glacial Lance|p2a: Calyrex|[spread] p2a,p2b\n|-resisted|p2a: Calyrex\n|-crit|p2a: Calyrex\n|-damage|p2a: Calyrex|76/100\n|-damage|p2b: Indeedee|0 fnt\n|faint|p2b: Indeedee\n|-ability|p1b: Calyrex|Chilling Neigh|boost\n|-boost|p1b: Calyrex|atk|1\n|move|p2a: Calyrex|Leech Seed|p1a: Kyogre\n|-start|p1a: Kyogre|move: Leech Seed\n|\n|-weather|RainDance|[upkeep]\n|-heal|p1a: Kyogre|88/100|[from] item: Leftovers\n|-heal|p2a: Calyrex|82/100|[from] item: Leftovers\n|-damage|p1a: Kyogre|76/100|[from] Leech Seed|[of] p2a: Calyrex\n|-heal|p2a: Calyrex|94/100|[silent]\n|upkeep\n|\n|t:|1768058168\n|switch|p2b: Kyogre|Kyogre, L50|35/100\n|turn|5\n|inactive|fl1me2th3m00n has 30 seconds left.\n|inactive|fl1me2th3m00n has 20 seconds left.\n|\n|t:|1768058207\n|-terastallize|p2b: Kyogre|Water\n|move|p2a: Calyrex|Protect|p2a: Calyrex\n|-singleturn|p2a: Calyrex|Protect\n|move|p2b: Kyogre|Origin Pulse|p1a: Kyogre|[spread] p1a,p1b\n|-resisted|p1a: Kyogre\n|-damage|p1a: Kyogre|44/100\n|-damage|p1b: Calyrex|33/100\n|move|p1a: Kyogre|Origin Pulse|p2b: Kyogre|[spread] \n|-activate|p2a: Calyrex|move: Protect\n|-miss|p1a: Kyogre|p2b: Kyogre\n|move|p1b: Calyrex|Glacial Lance|p2b: Kyogre|[spread] p2b\n|-activate|p2a: Calyrex|move: Protect\n|-resisted|p2b: Kyogre\n|-crit|p2b: Kyogre\n|-damage|p2b: Kyogre|0 fnt\n|faint|p2b: Kyogre\n|-ability|p1b: Calyrex|Chilling Neigh|boost\n|-boost|p1b: Calyrex|atk|1\n|\n|-weather|none\n|-heal|p1a: Kyogre|50/100|[from] item: Leftovers\n|-heal|p2a: Calyrex|99/100|[from] item: Leftovers\n|-damage|p1a: Kyogre|37/100|[from] Leech Seed|[of] p2a: Calyrex\n|-heal|p2a: Calyrex|100/100|[silent]\n|upkeep\n|turn|6\n|inactive|kojimuranishi has 30 seconds left.\n|\n|t:|1768058240\n|move|p1a: Kyogre|Origin Pulse|p2a: Calyrex\n|-damage|p2a: Calyrex|66/100\n|move|p1b: Calyrex|High Horsepower|p2a: Calyrex\n|-damage|p2a: Calyrex|10/100\n|move|p2a: Calyrex|Leech Seed|p1b: Calyrex\n|-start|p1b: Calyrex|move: Leech Seed\n|\n|-heal|p1a: Kyogre|43/100|[from] item: Leftovers\n|-heal|p2a: Calyrex|16/100|[from] item: Leftovers\n|-damage|p1a: Kyogre|31/100|[from] Leech Seed|[of] p2a: Calyrex\n|-heal|p2a: Calyrex|28/100|[silent]\n|-damage|p1b: Calyrex|21/100|[from] Leech Seed|[of] p2a: Calyrex\n|-heal|p2a: Calyrex|40/100|[silent]\n|upkeep\n|turn|7\n|\n|t:|1768058255\n|move|p2a: Calyrex|Protect|p2a: Calyrex\n|-singleturn|p2a: Calyrex|Protect\n|move|p1a: Kyogre|Origin Pulse|p2a: Calyrex\n|-activate|p2a: Calyrex|move: Protect\n|move|p1b: Calyrex|Glacial Lance|p2a: Calyrex\n|-activate|p2a: Calyrex|move: Protect\n|\n|-heal|p1a: Kyogre|37/100|[from] item: Leftovers\n|-heal|p2a: Calyrex|46/100|[from] item: Leftovers\n|-damage|p1a: Kyogre|25/100|[from] Leech Seed|[of] p2a: Calyrex\n|-heal|p2a: Calyrex|58/100|[silent]\n|-damage|p1b: Calyrex|9/100|[from] Leech Seed|[of] p2a: Calyrex\n|-heal|p2a: Calyrex|70/100|[silent]\n|-fieldend|move: Psychic Terrain\n|upkeep\n|turn|8\n|\n|t:|1768058272\n|move|p1a: Kyogre|Origin Pulse|p2a: Calyrex|[miss]\n|-miss|p1a: Kyogre|p2a: Calyrex\n|move|p1b: Calyrex|Glacial Lance|p2a: Calyrex\n|-resisted|p2a: Calyrex\n|-damage|p2a: Calyrex|23/100\n|move|p2a: Calyrex|Glacial Lance|p1a: Kyogre|[spread] p1a,p1b\n|-resisted|p1a: Kyogre\n|-resisted|p1b: Calyrex\n|-damage|p1a: Kyogre|5/100\n|-damage|p1b: Calyrex|0 fnt\n|faint|p1b: Calyrex\n|-ability|p2a: Calyrex|Chilling Neigh|boost\n|-boost|p2a: Calyrex|atk|1\n|\n|-heal|p1a: Kyogre|11/100|[from] item: Leftovers\n|-heal|p2a: Calyrex|29/100|[from] item: Leftovers\n|-damage|p1a: Kyogre|0 fnt|[from] Leech Seed|[of] p2a: Calyrex\n|-heal|p2a: Calyrex|40/100|[silent]\n|faint|p1a: Kyogre\n|\n|win|kojimuranishi\n|raw|fl1me2th3m00n's rating: 1304 &rarr; <strong>1287</strong><br />(-17 for losing)\n|raw|kojimuranishi's rating: 1354 &rarr; <strong>1371</strong><br />(+17 for winning)\n|l|\u2606fl1me2th3m00n\n|player|p1|\n|l|\u2606kojimuranishi\n|player|p2|\n","uploadtime":1768058522,"views":15,"formatid":"gen9vgc2026regi","rating":1287,"private":0,"password":null}