{"id":"gen9vgc2026regi-2556690484","format":"[Gen 9] VGC 2026 Reg I","players":["2LOOKKKAP","fogdocker"],"log":"|j|\u26062LOOKKKAP\n|j|\u2606fogdocker\n|t:|1773240376\n|gametype|doubles\n|player|p1|2LOOKKKAP|265|1508\n|player|p2|fogdocker|101|1454\n|gen|9\n|tier|[Gen 9] VGC 2026 Reg I\n|rated|\n|rule|Species Clause: Limit one of each Pok\u00e9mon\n|rule|Item Clause: Limit 1 of each item\n|clearpoke\n|poke|p1|Dondozo, L50, F|\n|poke|p1|Tatsugiri, L50, M|\n|poke|p1|Calyrex-Shadow, L50|\n|poke|p1|Kyogre, L50|\n|poke|p1|Rillaboom, L50, F|\n|poke|p1|Raichu, L50, M|\n|poke|p2|Calyrex-Ice, L50|\n|poke|p2|Koraidon, L50|\n|poke|p2|Flutter Mane, L50|\n|poke|p2|Incineroar, L50, M|\n|poke|p2|Rillaboom, L50, M|\n|poke|p2|Annihilape, L50, M|\n|teampreview|4\n|inactive|Battle timer is ON: inactive players will automatically lose when time's up. (requested by 2LOOKKKAP)\n|inactive|fogdocker has 60 seconds left.\n|\n|t:|1773240429\n|teamsize|p1|4\n|teamsize|p2|4\n|start\n|switch|p1a: Dondozo|Dondozo, L50, F|100/100\n|switch|p1b: Calyrex|Calyrex-Shadow, L50|100/100\n|switch|p2a: Calyrex|Calyrex-Ice, L50|100/100\n|switch|p2b: Rillaboom|Rillaboom, L50, M|100/100\n|-ability|p1b: Calyrex|As One\n|-ability|p1b: Calyrex|Unnerve\n|-ability|p2a: Calyrex|As One\n|-ability|p2a: Calyrex|Unnerve\n|-fieldstart|move: Grassy Terrain|[from] ability: Grassy Surge|[of] p2b: Rillaboom\n|turn|1\n|inactive|2LOOKKKAP has 30 seconds left.\n|inactive|fogdocker has 30 seconds left.\n|inactive|2LOOKKKAP has 20 seconds left.\n|inactive|fogdocker has 20 seconds left.\n|inactive|fogdocker has 15 seconds left.\n|\n|t:|1773240476\n|-terastallize|p1b: Calyrex|Ghost\n|-terastallize|p2a: Calyrex|Water\n|move|p1b: Calyrex|Astral Barrage|p2a: Calyrex|[spread] p2a,p2b\n|-damage|p2a: Calyrex|36/100\n|-damage|p2b: Rillaboom|26/100\n|move|p2b: Rillaboom|U-turn|p1b: Calyrex\n|-resisted|p1b: Calyrex\n|-damage|p1b: Calyrex|87/100\n|\n|t:|1773240487\n|switch|p2b: Annihilape|Annihilape, L50, M|100/100|[from] U-turn\n|move|p1a: Dondozo|Substitute|p1a: Dondozo\n|-start|p1a: Dondozo|Substitute\n|-damage|p1a: Dondozo|76/100\n|move|p2a: Calyrex|Leech Seed||[still]\n|-fail|p2a: Calyrex\n|\n|-heal|p1b: Calyrex|94/100|[from] Grassy Terrain\n|-heal|p1a: Dondozo|82/100|[from] Grassy Terrain\n|-heal|p1a: Dondozo|88/100|[from] item: Leftovers\n|-heal|p2a: Calyrex|42/100|[from] Grassy Terrain\n|-heal|p2a: Calyrex|47/100|[from] item: Leftovers\n|upkeep\n|turn|2\n|n| yi0sama|yi0sama\n|\n|t:|1773240502\n|switch|p1b: Tatsugiri|Tatsugiri, L50, M|100/100\n|-activate|p1b: Tatsugiri|ability: Commander|[of] p1a: Dondozo\n|-boost|p1a: Dondozo|atk|2\n|-boost|p1a: Dondozo|spa|2\n|-boost|p1a: Dondozo|spe|2\n|-boost|p1a: Dondozo|def|2\n|-boost|p1a: Dondozo|spd|2\n|move|p2b: Annihilape|Shadow Claw|p1b: Tatsugiri|[miss]\n|-miss|p2b: Annihilape|p1b: Tatsugiri\n|move|p1a: Dondozo|Surf|p2b: Annihilape|[spread] p2a,p2b\n|-miss|p1a: Dondozo|p1b: Tatsugiri\n|-resisted|p2a: Calyrex\n|-damage|p2a: Calyrex|31/100\n|-damage|p2b: Annihilape|60/100\n|move|p2a: Calyrex|Glacial Lance|p1a: Dondozo|[spread] p1a\n|-miss|p2a: Calyrex|p1b: Tatsugiri\n|-resisted|p1a: Dondozo\n|-activate|p1a: Dondozo|move: Substitute|[damage]\n|\n|-heal|p2b: Annihilape|66/100|[from] Grassy Terrain\n|-heal|p1a: Dondozo|94/100|[from] Grassy Terrain\n|-heal|p1a: Dondozo|100/100|[from] item: Leftovers\n|-heal|p2a: Calyrex|37/100|[from] Grassy Terrain\n|-heal|p2a: Calyrex|43/100|[from] item: Leftovers\n|upkeep\n|turn|3\n|\n|t:|1773240524\n|move|p2b: Annihilape|Shadow Claw|p1a: Dondozo\n|-activate|p1a: Dondozo|move: Substitute|[damage]\n|move|p1a: Dondozo|Surf|p2b: Annihilape|[spread] p2a,p2b\n|-miss|p1a: Dondozo|p1b: Tatsugiri\n|-resisted|p2a: Calyrex\n|-damage|p2a: Calyrex|28/100\n|-damage|p2b: Annihilape|24/100\n|move|p2a: Calyrex|Leech Seed||[still]\n|-fail|p2a: Calyrex\n|\n|-heal|p2b: Annihilape|30/100|[from] Grassy Terrain\n|-heal|p2a: Calyrex|33/100|[from] Grassy Terrain\n|-heal|p2a: Calyrex|39/100|[from] item: Leftovers\n|upkeep\n|turn|4\n|\n|t:|1773240542\n|move|p2b: Annihilape|Shadow Claw|p1a: Dondozo\n|-end|p1a: Dondozo|Substitute\n|move|p1a: Dondozo|Substitute|p1a: Dondozo\n|-start|p1a: Dondozo|Substitute\n|-damage|p1a: Dondozo|76/100\n|move|p2a: Calyrex|Leech Seed||[still]\n|-fail|p2a: Calyrex\n|\n|-heal|p2b: Annihilape|36/100|[from] Grassy Terrain\n|-heal|p1a: Dondozo|82/100|[from] Grassy Terrain\n|-heal|p1a: Dondozo|88/100|[from] item: Leftovers\n|-heal|p2a: Calyrex|45/100|[from] Grassy Terrain\n|-heal|p2a: Calyrex|51/100|[from] item: Leftovers\n|upkeep\n|turn|5\n|\n|t:|1773240561\n|move|p2b: Annihilape|Shadow Claw|p1a: Dondozo\n|-activate|p1a: Dondozo|move: Substitute|[damage]\n|move|p1a: Dondozo|Surf|p2a: Calyrex|[spread] p2a,p2b\n|-miss|p1a: Dondozo|p1b: Tatsugiri\n|-resisted|p2a: Calyrex\n|-damage|p2a: Calyrex|36/100\n|-damage|p2b: Annihilape|0 fnt\n|faint|p2b: Annihilape\n|move|p2a: Calyrex|Glacial Lance|p1a: Dondozo|[spread] p1a\n|-miss|p2a: Calyrex|p1b: Tatsugiri\n|-resisted|p1a: Dondozo\n|-activate|p1a: Dondozo|move: Substitute|[damage]\n|\n|-heal|p1a: Dondozo|94/100|[from] Grassy Terrain\n|-heal|p1a: Dondozo|100/100|[from] item: Leftovers\n|-heal|p2a: Calyrex|42/100|[from] Grassy Terrain\n|-heal|p2a: Calyrex|48/100|[from] item: Leftovers\n|-fieldend|move: Grassy Terrain\n|upkeep\n|\n|t:|1773240565\n|switch|p2b: Rillaboom|Rillaboom, L50, M|26/100\n|-fieldstart|move: Grassy Terrain|[from] ability: Grassy Surge|[of] p2b: Rillaboom\n|turn|6\n|\n|t:|1773240580\n|move|p2b: Rillaboom|Grassy Glide|p1a: Dondozo\n|-supereffective|p1a: Dondozo\n|-end|p1a: Dondozo|Substitute\n|move|p1a: Dondozo|Surf|p2b: Rillaboom|[spread] p2a,p2b\n|-miss|p1a: Dondozo|p1b: Tatsugiri\n|-resisted|p2a: Calyrex\n|-resisted|p2b: Rillaboom\n|-damage|p2a: Calyrex|34/100\n|-damage|p2b: Rillaboom|10/100\n|move|p2a: Calyrex|Leech Seed|p1a: Dondozo\n|-start|p1a: Dondozo|move: Leech Seed\n|\n|-heal|p2b: Rillaboom|16/100|[from] Grassy Terrain\n|-heal|p2a: Calyrex|40/100|[from] Grassy Terrain\n|-heal|p2a: Calyrex|45/100|[from] item: Leftovers\n|-damage|p1a: Dondozo|88/100|[from] Leech Seed|[of] p2a: Calyrex\n|-heal|p2a: Calyrex|61/100|[silent]\n|upkeep\n|turn|7\n|\n|t:|1773240606\n|switch|p2b: Koraidon|Koraidon, L50|100/100\n|-weather|SunnyDay|[from] ability: Orichalcum Pulse|[of] p2b: Koraidon\n|-activate|p2b: Koraidon|Orichalcum Pulse|[source]\n|move|p1a: Dondozo|Surf|p2b: Koraidon|[spread] p2a,p2b\n|-miss|p1a: Dondozo|p1b: Tatsugiri\n|-resisted|p2a: Calyrex\n|-resisted|p2b: Koraidon\n|-damage|p2a: Calyrex|55/100\n|-damage|p2b: Koraidon|89/100\n|move|p2a: Calyrex|Glacial Lance|p1b: Tatsugiri|[spread] p1a\n|-miss|p2a: Calyrex|p1b: Tatsugiri\n|-resisted|p1a: Dondozo\n|-damage|p1a: Dondozo|81/100\n|\n|-weather|SunnyDay|[upkeep]\n|-heal|p2b: Koraidon|95/100|[from] Grassy Terrain\n|-heal|p1a: Dondozo|87/100|[from] Grassy Terrain\n|-heal|p1a: Dondozo|93/100|[from] item: Leftovers\n|-heal|p2a: Calyrex|60/100|[from] Grassy Terrain\n|-heal|p2a: Calyrex|66/100|[from] item: Leftovers\n|-damage|p1a: Dondozo|81/100|[from] Leech Seed|[of] p2a: Calyrex\n|-heal|p2a: Calyrex|82/100|[silent]\n|upkeep\n|turn|8\n|inactive|fogdocker has 30 seconds left.\n|\n|t:|1773240634\n|switch|p2b: Rillaboom|Rillaboom, L50, M|16/100\n|move|p2a: Calyrex|Protect|p2a: Calyrex\n|-singleturn|p2a: Calyrex|Protect\n|move|p1a: Dondozo|Yawn|p2b: Rillaboom\n|-start|p2b: Rillaboom|move: Yawn|[of] p1a: Dondozo\n|\n|-weather|SunnyDay|[upkeep]\n|-heal|p1a: Dondozo|87/100|[from] Grassy Terrain\n|-heal|p1a: Dondozo|93/100|[from] item: Leftovers\n|-heal|p2b: Rillaboom|21/100|[from] Grassy Terrain\n|-heal|p2a: Calyrex|87/100|[from] Grassy Terrain\n|-heal|p2a: Calyrex|93/100|[from] item: Leftovers\n|-damage|p1a: Dondozo|81/100|[from] Leech Seed|[of] p2a: Calyrex\n|-heal|p2a: Calyrex|100/100|[silent]\n|upkeep\n|turn|9\n|\n|t:|1773240654\n|switch|p2a: Koraidon|Koraidon, L50|95/100\n|-activate|p2a: Koraidon|ability: Orichalcum Pulse\n|move|p1a: Dondozo|Yawn||[still]\n|-fail|p1a: Dondozo\n|move|p2b: Rillaboom|U-turn|p1a: Dondozo\n|-damage|p1a: Dondozo|74/100\n|\n|t:|1773240662\n|switch|p2b: Calyrex|Calyrex-Ice, L50, tera:Water|100/100|[from] U-turn\n|-ability|p2b: Calyrex|As One\n|-ability|p2b: Calyrex|Unnerve\n|\n|-weather|SunnyDay|[upkeep]\n|-heal|p2a: Koraidon|100/100|[from] Grassy Terrain\n|-heal|p1a: Dondozo|81/100|[from] Grassy Terrain\n|-heal|p1a: Dondozo|87/100|[from] item: Leftovers\n|-damage|p1a: Dondozo|74/100|[from] Leech Seed|[of] p2a: Koraidon\n|upkeep\n|turn|10\n|\n|t:|1773240672\n|move|p2a: Koraidon|Protect|p2a: Koraidon\n|-singleturn|p2a: Koraidon|Protect\n|move|p2b: Calyrex|Protect|p2b: Calyrex\n|-singleturn|p2b: Calyrex|Protect\n|move|p1a: Dondozo|Surf|p2b: Calyrex|[spread] \n|-miss|p1a: Dondozo|p1b: Tatsugiri\n|-activate|p2a: Koraidon|move: Protect\n|-activate|p2b: Calyrex|move: Protect\n|\n|-weather|SunnyDay|[upkeep]\n|-heal|p1a: Dondozo|81/100|[from] Grassy Terrain\n|-heal|p1a: Dondozo|87/100|[from] item: Leftovers\n|-damage|p1a: Dondozo|74/100|[from] Leech Seed|[of] p2a: Koraidon\n|-fieldend|move: Grassy Terrain\n|upkeep\n|turn|11\n|\n|t:|1773240688\n|switch|p2a: Rillaboom|Rillaboom, L50, M|21/100\n|-fieldstart|move: Grassy Terrain|[from] ability: Grassy Surge|[of] p2a: Rillaboom\n|move|p2b: Calyrex|Protect||[still]\n|-fail|p2b: Calyrex\n|move|p1a: Dondozo|Surf|p2a: Rillaboom|[spread] p2a,p2b\n|-miss|p1a: Dondozo|p1b: Tatsugiri\n|-resisted|p2a: Rillaboom\n|-resisted|p2b: Calyrex\n|-damage|p2a: Rillaboom|13/100\n|-damage|p2b: Calyrex|93/100\n|\n|-weather|none\n|-heal|p1a: Dondozo|81/100|[from] Grassy Terrain\n|-heal|p1a: Dondozo|87/100|[from] item: Leftovers\n|-heal|p2a: Rillaboom|19/100|[from] Grassy Terrain\n|-heal|p2b: Calyrex|99/100|[from] Grassy Terrain\n|-heal|p2b: Calyrex|100/100|[from] item: Leftovers\n|-damage|p1a: Dondozo|74/100|[from] Leech Seed|[of] p2a: Rillaboom\n|-heal|p2a: Rillaboom|35/100|[silent]\n|upkeep\n|turn|12\n|\n|t:|1773240704\n|switch|p2b: Koraidon|Koraidon, L50|100/100\n|-weather|SunnyDay|[from] ability: Orichalcum Pulse|[of] p2b: Koraidon\n|-activate|p2b: Koraidon|Orichalcum Pulse|[source]\n|move|p2a: Rillaboom|Fake Out|p1a: Dondozo\n|-damage|p1a: Dondozo|71/100\n|cant|p1a: Dondozo|flinch\n|\n|-weather|SunnyDay|[upkeep]\n|-heal|p1a: Dondozo|77/100|[from] Grassy Terrain\n|-heal|p1a: Dondozo|83/100|[from] item: Leftovers\n|-heal|p2a: Rillaboom|40/100|[from] Grassy Terrain\n|-damage|p1a: Dondozo|71/100|[from] Leech Seed|[of] p2a: Rillaboom\n|-heal|p2a: Rillaboom|56/100|[silent]\n|upkeep\n|turn|13\n|\n|t:|1773240724\n|move|p2b: Koraidon|Protect|p2b: Koraidon\n|-singleturn|p2b: Koraidon|Protect\n|move|p2a: Rillaboom|Grassy Glide|p1a: Dondozo\n|-supereffective|p1a: Dondozo\n|-damage|p1a: Dondozo|47/100\n|move|p1a: Dondozo|Surf|p2b: Koraidon|[spread] p2a\n|-miss|p1a: Dondozo|p1b: Tatsugiri\n|-activate|p2b: Koraidon|move: Protect\n|-resisted|p2a: Rillaboom\n|-damage|p2a: Rillaboom|48/100\n|\n|-weather|SunnyDay|[upkeep]\n|-heal|p1a: Dondozo|53/100|[from] Grassy Terrain\n|-heal|p1a: Dondozo|60/100|[from] item: Leftovers\n|-heal|p2a: Rillaboom|54/100|[from] Grassy Terrain\n|-damage|p1a: Dondozo|47/100|[from] Leech Seed|[of] p2a: Rillaboom\n|-heal|p2a: Rillaboom|70/100|[silent]\n|upkeep\n|turn|14\n|inactive|fogdocker has 30 seconds left.\n|\n|t:|1773240757\n|switch|p2b: Calyrex|Calyrex-Ice, L50, tera:Water|100/100\n|-ability|p2b: Calyrex|As One\n|-ability|p2b: Calyrex|Unnerve\n|move|p2a: Rillaboom|Fake Out||[still]\n|-hint|Fake Out only works on your first turn out.\n|-fail|p2a: Rillaboom\n|move|p1a: Dondozo|Yawn|p2b: Calyrex\n|-start|p2b: Calyrex|move: Yawn|[of] p1a: Dondozo\n|\n|-weather|SunnyDay|[upkeep]\n|-heal|p1a: Dondozo|53/100|[from] Grassy Terrain\n|-heal|p1a: Dondozo|60/100|[from] item: Leftovers\n|-heal|p2a: Rillaboom|76/100|[from] Grassy Terrain\n|-damage|p1a: Dondozo|47/100|[from] Leech Seed|[of] p2a: Rillaboom\n|-heal|p2a: Rillaboom|91/100|[silent]\n|upkeep\n|turn|15\n|\n|t:|1773240773\n|switch|p2b: Koraidon|Koraidon, L50|100/100\n|-activate|p2b: Koraidon|ability: Orichalcum Pulse\n|move|p2a: Rillaboom|Fake Out||[still]\n|-hint|Fake Out only works on your first turn out.\n|-fail|p2a: Rillaboom\n|move|p1a: Dondozo|Yawn|p2b: Koraidon\n|-start|p2b: Koraidon|move: Yawn|[of] p1a: Dondozo\n|\n|-weather|SunnyDay|[upkeep]\n|-heal|p1a: Dondozo|53/100|[from] Grassy Terrain\n|-heal|p1a: Dondozo|60/100|[from] item: Leftovers\n|-heal|p2a: Rillaboom|97/100|[from] Grassy Terrain\n|-damage|p1a: Dondozo|47/100|[from] Leech Seed|[of] p2a: Rillaboom\n|-heal|p2a: Rillaboom|100/100|[silent]\n|-fieldend|move: Grassy Terrain\n|upkeep\n|turn|16\n|\n|t:|1773240791\n|switch|p2b: Calyrex|Calyrex-Ice, L50, tera:Water|100/100\n|-ability|p2b: Calyrex|As One\n|-ability|p2b: Calyrex|Unnerve\n|move|p1a: Dondozo|Yawn|p2b: Calyrex\n|-start|p2b: Calyrex|move: Yawn|[of] p1a: Dondozo\n|move|p2a: Rillaboom|U-turn|p1a: Dondozo\n|-damage|p1a: Dondozo|41/100\n|\n|t:|1773240800\n|switch|p2a: Koraidon|Koraidon, L50|100/100|[from] U-turn\n|-activate|p2a: Koraidon|ability: Orichalcum Pulse\n|\n|-weather|none\n|-heal|p1a: Dondozo|47/100|[from] item: Leftovers\n|-damage|p1a: Dondozo|34/100|[from] Leech Seed|[of] p2a: Koraidon\n|upkeep\n|turn|17\n|\n|t:|1773240809\n|switch|p2b: Rillaboom|Rillaboom, L50, M|100/100\n|-fieldstart|move: Grassy Terrain|[from] ability: Grassy Surge|[of] p2b: Rillaboom\n|move|p2a: Koraidon|Protect|p2a: Koraidon\n|-singleturn|p2a: Koraidon|Protect\n|move|p1a: Dondozo|Yawn|p2b: Rillaboom\n|-start|p2b: Rillaboom|move: Yawn|[of] p1a: Dondozo\n|\n|-heal|p1a: Dondozo|41/100|[from] Grassy Terrain\n|-heal|p1a: Dondozo|47/100|[from] item: Leftovers\n|-damage|p1a: Dondozo|34/100|[from] Leech Seed|[of] p2a: Koraidon\n|upkeep\n|turn|18\n|\n|t:|1773240822\n|switch|p2a: Calyrex|Calyrex-Ice, L50, tera:Water|100/100\n|-ability|p2a: Calyrex|As One\n|-ability|p2a: Calyrex|Unnerve\n|move|p1a: Dondozo|Protect|p1a: Dondozo\n|-singleturn|p1a: Dondozo|Protect\n|move|p2b: Rillaboom|U-turn|p1a: Dondozo\n|-activate|p1a: Dondozo|move: Protect\n|\n|-heal|p1a: Dondozo|41/100|[from] Grassy Terrain\n|-heal|p1a: Dondozo|47/100|[from] item: Leftovers\n|-damage|p1a: Dondozo|34/100|[from] Leech Seed|[of] p2a: Calyrex\n|-end|p2b: Rillaboom|move: Yawn|[silent]\n|-status|p2b: Rillaboom|slp\n|upkeep\n|turn|19\n|\n|t:|1773240837\n|move|p2a: Calyrex|Protect|p2a: Calyrex\n|-singleturn|p2a: Calyrex|Protect\n|move|p1a: Dondozo|Surf|p2b: Rillaboom|[spread] p2b\n|-miss|p1a: Dondozo|p1b: Tatsugiri\n|-activate|p2a: Calyrex|move: Protect\n|-resisted|p2b: Rillaboom\n|-damage|p2b: Rillaboom|86/100 slp\n|cant|p2b: Rillaboom|slp\n|\n|-heal|p1a: Dondozo|41/100|[from] Grassy Terrain\n|-heal|p1a: Dondozo|47/100|[from] item: Leftovers\n|-heal|p2b: Rillaboom|92/100 slp|[from] Grassy Terrain\n|-damage|p1a: Dondozo|34/100|[from] Leech Seed|[of] p2a: Calyrex\n|upkeep\n|turn|20\n|\n|t:|1773240850\n|switch|p2a: Koraidon|Koraidon, L50|100/100\n|-weather|SunnyDay|[from] ability: Orichalcum Pulse|[of] p2a: Koraidon\n|-activate|p2a: Koraidon|Orichalcum Pulse|[source]\n|move|p1a: Dondozo|Surf|p2a: Koraidon|[spread] p2a,p2b\n|-miss|p1a: Dondozo|p1b: Tatsugiri\n|-resisted|p2a: Koraidon\n|-resisted|p2b: Rillaboom\n|-damage|p2a: Koraidon|88/100\n|-damage|p2b: Rillaboom|83/100 slp\n|-curestatus|p2b: Rillaboom|slp|[msg]\n|move|p2b: Rillaboom|U-turn|p1a: Dondozo\n|-crit|p1a: Dondozo\n|-damage|p1a: Dondozo|15/100\n|\n|t:|1773240857\n|switch|p2b: Calyrex|Calyrex-Ice, L50, tera:Water|100/100|[from] U-turn\n|-ability|p2b: Calyrex|As One\n|-ability|p2b: Calyrex|Unnerve\n|\n|-weather|SunnyDay|[upkeep]\n|-heal|p2a: Koraidon|94/100|[from] Grassy Terrain\n|-heal|p1a: Dondozo|22/100|[from] Grassy Terrain\n|-heal|p1a: Dondozo|28/100|[from] item: Leftovers\n|-damage|p1a: Dondozo|15/100|[from] Leech Seed|[of] p2a: Koraidon\n|-heal|p2a: Koraidon|100/100|[silent]\n|upkeep\n|turn|21\n|\n|t:|1773240880\n|move|p2a: Koraidon|Protect|p2a: Koraidon\n|-singleturn|p2a: Koraidon|Protect\n|move|p2b: Calyrex|Protect|p2b: Calyrex\n|-singleturn|p2b: Calyrex|Protect\n|move|p1a: Dondozo|Yawn|p2a: Koraidon\n|-activate|p2a: Koraidon|move: Protect\n|\n|-weather|SunnyDay|[upkeep]\n|-heal|p1a: Dondozo|22/100|[from] Grassy Terrain\n|-heal|p1a: Dondozo|28/100|[from] item: Leftovers\n|-damage|p1a: Dondozo|15/100|[from] Leech Seed|[of] p2a: Koraidon\n|-fieldend|move: Grassy Terrain\n|upkeep\n|turn|22\n|\n|t:|1773240893\n|switch|p2a: Rillaboom|Rillaboom, L50, M|83/100\n|-fieldstart|move: Grassy Terrain|[from] ability: Grassy Surge|[of] p2a: Rillaboom\n|move|p2b: Calyrex|Protect||[still]\n|-fail|p2b: Calyrex\n|move|p1a: Dondozo|Yawn|p2a: Rillaboom\n|-start|p2a: Rillaboom|move: Yawn|[of] p1a: Dondozo\n|\n|-weather|SunnyDay|[upkeep]\n|-heal|p1a: Dondozo|22/100|[from] Grassy Terrain\n|-heal|p1a: Dondozo|28/100|[from] item: Leftovers\n|-heal|p2a: Rillaboom|89/100|[from] Grassy Terrain\n|-damage|p1a: Dondozo|15/100|[from] Leech Seed|[of] p2a: Rillaboom\n|-heal|p2a: Rillaboom|100/100|[silent]\n|upkeep\n|turn|23\n|inactive|fogdocker has 30 seconds left.\n|inactive|fogdocker has 20 seconds left.\n|\n|t:|1773240931\n|switch|p2a: Koraidon|Koraidon, L50|100/100\n|-activate|p2a: Koraidon|ability: Orichalcum Pulse\n|move|p2b: Calyrex|Protect|p2b: Calyrex\n|-singleturn|p2b: Calyrex|Protect\n|move|p1a: Dondozo|Yawn|p2a: Koraidon\n|-start|p2a: Koraidon|move: Yawn|[of] p1a: Dondozo\n|\n|-weather|SunnyDay|[upkeep]\n|-heal|p1a: Dondozo|22/100|[from] Grassy Terrain\n|-heal|p1a: Dondozo|28/100|[from] item: Leftovers\n|-damage|p1a: Dondozo|15/100|[from] Leech Seed|[of] p2a: Koraidon\n|upkeep\n|turn|24\n|\n|t:|1773240944\n|switch|p2a: Rillaboom|Rillaboom, L50, M|100/100\n|move|p2b: Calyrex|Protect||[still]\n|-fail|p2b: Calyrex\n|move|p1a: Dondozo|Yawn|p2a: Rillaboom\n|-start|p2a: Rillaboom|move: Yawn|[of] p1a: Dondozo\n|\n|-weather|none\n|-heal|p1a: Dondozo|22/100|[from] Grassy Terrain\n|-heal|p1a: Dondozo|28/100|[from] item: Leftovers\n|-damage|p1a: Dondozo|15/100|[from] Leech Seed|[of] p2a: Rillaboom\n|upkeep\n|turn|25\n|\n|t:|1773240958\n|switch|p2a: Koraidon|Koraidon, L50|100/100\n|-weather|SunnyDay|[from] ability: Orichalcum Pulse|[of] p2a: Koraidon\n|-activate|p2a: Koraidon|Orichalcum Pulse|[source]\n|move|p1a: Dondozo|Protect|p1a: Dondozo\n|-singleturn|p1a: Dondozo|Protect\n|move|p2b: Calyrex|Protect||[still]\n|-fail|p2b: Calyrex\n|\n|-weather|SunnyDay|[upkeep]\n|-heal|p1a: Dondozo|22/100|[from] Grassy Terrain\n|-heal|p1a: Dondozo|28/100|[from] item: Leftovers\n|-damage|p1a: Dondozo|15/100|[from] Leech Seed|[of] p2a: Koraidon\n|upkeep\n|turn|26\n|inactiveoff|Battle timer is now OFF.\n|\n|t:|1773240975\n|switch|p2b: Rillaboom|Rillaboom, L50, M|100/100\n|move|p2a: Koraidon|Protect|p2a: Koraidon\n|-singleturn|p2a: Koraidon|Protect\n|move|p1a: Dondozo|Yawn|p2a: Koraidon\n|-activate|p2a: Koraidon|move: Protect\n|\n|-weather|SunnyDay|[upkeep]\n|-heal|p1a: Dondozo|22/100|[from] Grassy Terrain\n|-heal|p1a: Dondozo|28/100|[from] item: Leftovers\n|-damage|p1a: Dondozo|15/100|[from] Leech Seed|[of] p2a: Koraidon\n|-fieldend|move: Grassy Terrain\n|upkeep\n|turn|27\n|\n|t:|1773240990\n|move|p2b: Rillaboom|Fake Out|p1a: Dondozo\n|-damage|p1a: Dondozo|11/100\n|move|p2a: Koraidon|Flame Charge|p1a: Dondozo\n|-resisted|p1a: Dondozo\n|-damage|p1a: Dondozo|4/100\n|-boost|p2a: Koraidon|spe|1\n|-damage|p2a: Koraidon|91/100|[from] item: Life Orb\n|cant|p1a: Dondozo|flinch\n|\n|-weather|SunnyDay|[upkeep]\n|-heal|p1a: Dondozo|10/100|[from] item: Leftovers\n|-damage|p1a: Dondozo|0 fnt|[from] Leech Seed|[of] p2a: Koraidon\n|-heal|p2a: Koraidon|100/100|[silent]\n|faint|p1a: Dondozo\n|upkeep\n|inactive|Battle timer is ON: inactive players will automatically lose when time's up. (requested by 2LOOKKKAP)\n|\n|t:|1773241009\n|switch|p1a: Kyogre|Kyogre, L50|100/100\n|-weather|RainDance|[from] ability: Drizzle|[of] p1a: Kyogre\n|turn|28\n|inactive|fogdocker has 30 seconds left.\n|\n|t:|1773241026\n|move|p2a: Koraidon|Protect|p2a: Koraidon\n|-singleturn|p2a: Koraidon|Protect\n|move|p1a: Kyogre|Ice Beam|p2b: Rillaboom\n|-supereffective|p2b: Rillaboom\n|-damage|p2b: Rillaboom|57/100\n|-status|p2b: Rillaboom|frz\n|move|p1b: Tatsugiri|Icy Wind|p2a: Koraidon|[spread] p2b\n|-activate|p2a: Koraidon|move: Protect\n|-supereffective|p2b: Rillaboom\n|-damage|p2b: Rillaboom|38/100 frz\n|-unboost|p2b: Rillaboom|spe|1\n|-curestatus|p2b: Rillaboom|frz|[msg]\n|move|p2b: Rillaboom|U-turn|p1b: Tatsugiri\n|-damage|p1b: Tatsugiri|60/100\n|inactive|fogdocker has 25 seconds left this turn.\n|inactive|fogdocker has 20 seconds left.\n|inactive|fogdocker has 15 seconds left.\n|\n|t:|1773241036\n|switch|p2b: Calyrex|Calyrex-Ice, L50, tera:Water|100/100|[from] U-turn\n|-ability|p2b: Calyrex|As One\n|-ability|p2b: Calyrex|Unnerve\n|\n|-weather|RainDance|[upkeep]\n|upkeep\n|turn|29\n|inactive|fogdocker has 15 seconds left this turn.\n|inactive|fogdocker has 10 seconds left.\n|\n|t:|1773241048\n|move|p1b: Tatsugiri|Protect|p1b: Tatsugiri\n|-singleturn|p1b: Tatsugiri|Protect\n|move|p2a: Koraidon|Close Combat|p1a: Kyogre\n|-damage|p1a: Kyogre|7/100\n|-unboost|p2a: Koraidon|def|1\n|-unboost|p2a: Koraidon|spd|1\n|-damage|p2a: Koraidon|91/100|[from] item: Life Orb\n|move|p1a: Kyogre|Ice Beam|p2a: Koraidon\n|-supereffective|p2a: Koraidon\n|-damage|p2a: Koraidon|0 fnt\n|faint|p2a: Koraidon\n|move|p2b: Calyrex|Trick Room|p2b: Calyrex\n|-fieldstart|move: Trick Room|[of] p2b: Calyrex\n|\n|-weather|RainDance|[upkeep]\n|upkeep\n|inactive|fogdocker has 10 seconds left this turn.\n|\n|t:|1773241052\n|switch|p2a: Rillaboom|Rillaboom, L50, M|38/100\n|-fieldstart|move: Grassy Terrain|[from] ability: Grassy Surge|[of] p2a: Rillaboom\n|turn|30\n|inactive|fogdocker has 10 seconds left this turn.\n|\n|t:|1773241068\n|move|p2a: Rillaboom|Grassy Glide|p1b: Tatsugiri\n|-damage|p1b: Tatsugiri|0 fnt\n|faint|p1b: Tatsugiri\n|move|p2b: Calyrex|Glacial Lance|p1a: Kyogre\n|-resisted|p1a: Kyogre\n|-damage|p1a: Kyogre|0 fnt\n|faint|p1a: Kyogre\n|-ability|p2b: Calyrex|Chilling Neigh|boost\n|-boost|p2b: Calyrex|atk|1\n|\n|-weather|RainDance|[upkeep]\n|-heal|p2a: Rillaboom|44/100|[from] Grassy Terrain\n|upkeep\n|\n|t:|1773241081\n|switch|p1b: Calyrex|Calyrex-Shadow, L50, tera:Ghost|94/100\n|-ability|p1b: Calyrex|As One\n|-ability|p1b: Calyrex|Unnerve\n|turn|31\n|inactive|fogdocker has 10 seconds left this turn.\n|\n|t:|1773241087\n|move|p2b: Calyrex|Glacial Lance|p1b: Calyrex\n|-damage|p1b: Calyrex|0 fnt\n|faint|p1b: Calyrex\n|\n|win|fogdocker\n|raw|2LOOKKKAP's rating: 1508 &rarr; <strong>1485</strong><br />(-23 for losing)\n|raw|fogdocker's rating: 1454 &rarr; <strong>1477</strong><br />(+23 for winning)\n|l|\u26062LOOKKKAP\n|player|p1|\n|l|\u2606fogdocker\n|player|p2|\n|j|\u2606fogdocker\n|player|p2|fogdocker|101|\n","uploadtime":1773241095,"views":21,"formatid":"gen9vgc2026regi","rating":1477,"private":0,"password":null}