{"id":"gen9vgc2026regi-2559304762","format":"[Gen 9] VGC 2026 Reg I","players":["GucciSoup","sheeshshane925"],"log":"|j|\u2606GucciSoup\n|j|\u2606sheeshshane925\n|t:|1773544282\n|gametype|doubles\n|player|p1|GucciSoup|wallace|1450\n|player|p2|sheeshshane925|crasherwake|1357\n|gen|9\n|tier|[Gen 9] VGC 2026 Reg I\n|rated|\n|rule|Species Clause: Limit one of each Pok\u00e9mon\n|rule|Item Clause: Limit 1 of each item\n|clearpoke\n|poke|p1|Grimmsnarl, L50, M|\n|poke|p1|Okidogi, L50, M|\n|poke|p1|Moltres-Galar, L50|\n|poke|p1|Spiritomb, L50, M|\n|poke|p1|Calyrex-Ice, L50|\n|poke|p1|Miraidon, L50|\n|poke|p2|Calyrex-Ice, L50|\n|poke|p2|Miraidon, L50|\n|poke|p2|Farigiraf, L50, M|\n|poke|p2|Iron Hands, L50|\n|poke|p2|Scraggy, L50, M|\n|poke|p2|Iron Bundle, L50|\n|teampreview|4\n|\n|t:|1773544333\n|teamsize|p1|4\n|teamsize|p2|4\n|start\n|switch|p1a: Mista J|Grimmsnarl, L50, M, shiny|100/100\n|switch|p1b: Ruh-Roh|Okidogi, L50, M|100/100\n|switch|p2a: Miraidon|Miraidon, L50, shiny|100/100\n|switch|p2b: Iron Bundle|Iron Bundle, L50|100/100\n|-fieldstart|move: Electric Terrain|[from] ability: Hadron Engine|[of] p2a: Miraidon\n|-activate|p2b: Iron Bundle|ability: Quark Drive\n|-start|p2b: Iron Bundle|quarkdrivespe\n|turn|1\n|\n|t:|1773544358\n|move|p1a: Mista J|Light Screen|p1a: Mista J\n|-sidestart|p1: GucciSoup|move: Light Screen\n|move|p2b: Iron Bundle|Freeze-Dry|p1b: Ruh-Roh\n|-damage|p1b: Ruh-Roh|86/100\n|move|p2a: Miraidon|Electro Drift|p1b: Ruh-Roh\n|-damage|p1b: Ruh-Roh|38/100\n|-damage|p2a: Miraidon|91/100|[from] item: Life Orb\n|move|p1b: Ruh-Roh|Snarl|p2a: Miraidon|[spread] p2a,p2b\n|-damage|p2a: Miraidon|86/100\n|-damage|p2b: Iron Bundle|90/100\n|-unboost|p2a: Miraidon|spa|1\n|-unboost|p2b: Iron Bundle|spa|1\n|\n|upkeep\n|turn|2\n|\n|t:|1773544380\n|move|p1a: Mista J|Thunder Wave|p2b: Iron Bundle\n|-status|p2b: Iron Bundle|par\n|move|p2a: Miraidon|Electro Drift|p1b: Ruh-Roh\n|-damage|p1b: Ruh-Roh|5/100\n|-damage|p2a: Miraidon|76/100|[from] item: Life Orb\n|move|p2b: Iron Bundle|Freeze-Dry|p1b: Ruh-Roh\n|-damage|p1b: Ruh-Roh|0 fnt\n|faint|p1b: Ruh-Roh\n|\n|upkeep\n|\n|t:|1773544392\n|switch|p1b: Metal Overlord|Miraidon, L50|100/100\n|-activate|p1b: Metal Overlord|ability: Hadron Engine\n|-enditem|p1b: Metal Overlord|Electric Seed\n|-boost|p1b: Metal Overlord|def|1|[from] item: Electric Seed\n|turn|3\n|\n|t:|1773544401\n|move|p2a: Miraidon|Protect|p2a: Miraidon\n|-singleturn|p2a: Miraidon|Protect\n|move|p1a: Mista J|Reflect|p1a: Mista J\n|-sidestart|p1: GucciSoup|Reflect\n|move|p1b: Metal Overlord|Parabolic Charge|p2b: Iron Bundle|[spread] p1a,p2b\n|-activate|p2a: Miraidon|move: Protect\n|-supereffective|p2b: Iron Bundle\n|-damage|p1a: Mista J|73/100\n|-damage|p2b: Iron Bundle|0 fnt\n|faint|p2b: Iron Bundle\n|-end|p2b: Iron Bundle|Quark Drive|[silent]\n|\n|upkeep\n|\n|t:|1773544419\n|switch|p2b: Calyrex|Calyrex-Ice, L50|100/100\n|-ability|p2b: Calyrex|As One\n|-ability|p2b: Calyrex|Unnerve\n|turn|4\n|inactive|Battle timer is ON: inactive players will automatically lose when time's up. (requested by sheeshshane925)\n|\n|t:|1773544437\n|-terastallize|p1b: Metal Overlord|Bug\n|move|p2b: Calyrex|Protect|p2b: Calyrex\n|-singleturn|p2b: Calyrex|Protect\n|move|p1b: Metal Overlord|Calm Mind|p1b: Metal Overlord\n|-boost|p1b: Metal Overlord|spa|1\n|-boost|p1b: Metal Overlord|spd|1\n|move|p2a: Miraidon|Volt Switch|p1a: Mista J\n|-crit|p1a: Mista J\n|-damage|p1a: Mista J|0 fnt\n|faint|p1a: Mista J\n|-damage|p2a: Miraidon|67/100|[from] item: Life Orb\n|\n|t:|1773544448\n|switch|p2a: Iron Hands|Iron Hands, L50|100/100|[from] Volt Switch\n|-activate|p2a: Iron Hands|ability: Quark Drive\n|-start|p2a: Iron Hands|quarkdriveatk\n|\n|upkeep\n|\n|t:|1773544452\n|switch|p1a: Cryotherapy|Calyrex-Ice, L50|100/100\n|-ability|p1a: Cryotherapy|As One\n|-ability|p1a: Cryotherapy|Unnerve\n|turn|5\n|\n|t:|1773544468\n|move|p2a: Iron Hands|Fake Out|p1b: Metal Overlord\n|-crit|p1b: Metal Overlord\n|-damage|p1b: Metal Overlord|77/100\n|cant|p1b: Metal Overlord|flinch\n|move|p1a: Cryotherapy|Leech Seed|p2a: Iron Hands\n|-start|p2a: Iron Hands|move: Leech Seed\n|move|p2b: Calyrex|Trick Room|p2b: Calyrex\n|-fieldstart|move: Trick Room|[of] p2b: Calyrex\n|\n|-damage|p2a: Iron Hands|88/100|[from] Leech Seed|[of] p1a: Cryotherapy\n|-fieldend|move: Electric Terrain\n|-end|p2a: Iron Hands|Quark Drive\n|upkeep\n|turn|6\n|\n|t:|1773544484\n|move|p2b: Calyrex|Glacial Lance|p1b: Metal Overlord|[spread] p1a,p1b\n|-resisted|p1a: Cryotherapy\n|-damage|p1a: Cryotherapy|89/100\n|-damage|p1b: Metal Overlord|55/100\n|move|p2a: Iron Hands|Wild Charge|p1b: Metal Overlord\n|-damage|p1b: Metal Overlord|35/100\n|-damage|p2a: Iron Hands|84/100|[from] Recoil\n|move|p1a: Cryotherapy|Glacial Lance|p2b: Calyrex|[spread] p2a,p2b\n|-resisted|p2b: Calyrex\n|-damage|p2a: Iron Hands|51/100\n|-damage|p2b: Calyrex|86/100\n|move|p1b: Metal Overlord|Dragon Pulse|p2b: Calyrex\n|-damage|p2b: Calyrex|45/100\n|\n|-damage|p2a: Iron Hands|39/100|[from] Leech Seed|[of] p1a: Cryotherapy\n|-heal|p1a: Cryotherapy|100/100|[silent]\n|upkeep\n|turn|7\n|\n|t:|1773544505\n|move|p1b: Metal Overlord|Protect|p1b: Metal Overlord\n|-singleturn|p1b: Metal Overlord|Protect\n|move|p2b: Calyrex|Glacial Lance|p1b: Metal Overlord|[spread] p1a\n|-activate|p1b: Metal Overlord|move: Protect\n|-resisted|p1a: Cryotherapy\n|-damage|p1a: Cryotherapy|88/100\n|move|p2a: Iron Hands|Wild Charge|p1b: Metal Overlord\n|-activate|p1b: Metal Overlord|move: Protect\n|move|p1a: Cryotherapy|Life Dew|p1a: Cryotherapy|[spread] p1a,p1b\n|-heal|p1a: Cryotherapy|100/100\n|-heal|p1b: Metal Overlord|60/100\n|\n|-damage|p2a: Iron Hands|27/100|[from] Leech Seed|[of] p1a: Cryotherapy\n|upkeep\n|turn|8\n|\n|t:|1773544518\n|move|p2b: Calyrex|Glacial Lance|p1a: Cryotherapy|[spread] p1a,p1b\n|-resisted|p1a: Cryotherapy\n|-damage|p1a: Cryotherapy|89/100\n|-damage|p1b: Metal Overlord|38/100\n|move|p2a: Iron Hands|Wild Charge|p1b: Metal Overlord\n|-damage|p1b: Metal Overlord|20/100\n|-damage|p2a: Iron Hands|23/100|[from] Recoil\n|move|p1a: Cryotherapy|Glacial Lance|p2b: Calyrex|[spread] p2a,p2b\n|-resisted|p2b: Calyrex\n|-damage|p2a: Iron Hands|0 fnt\n|-damage|p2b: Calyrex|30/100\n|faint|p2a: Iron Hands\n|-end|p2a: Iron Hands|Quark Drive|[silent]\n|-ability|p1a: Cryotherapy|Chilling Neigh|boost\n|-boost|p1a: Cryotherapy|atk|1\n|move|p1b: Metal Overlord|Parabolic Charge|p2b: Calyrex|[spread] p1a,p2b\n|-damage|p1a: Cryotherapy|74/100\n|-heal|p1b: Metal Overlord|28/100|[from] drain|[of] p1a: Cryotherapy\n|-damage|p2b: Calyrex|5/100\n|-heal|p1b: Metal Overlord|41/100|[from] drain|[of] p2b: Calyrex\n|\n|-sideend|p1: GucciSoup|move: Light Screen\n|upkeep\n|\n|t:|1773544524\n|switch|p2a: Miraidon|Miraidon, L50, shiny|67/100\n|-fieldstart|move: Electric Terrain|[from] ability: Hadron Engine|[of] p2a: Miraidon\n|turn|9\n|\n|t:|1773544535\n|move|p2a: Miraidon|Protect|p2a: Miraidon\n|-singleturn|p2a: Miraidon|Protect\n|move|p2b: Calyrex|Glacial Lance|p1a: Cryotherapy|[spread] p1a,p1b\n|-resisted|p1a: Cryotherapy\n|-damage|p1a: Cryotherapy|62/100\n|-damage|p1b: Metal Overlord|20/100\n|move|p1a: Cryotherapy|Glacial Lance|p2a: Miraidon|[spread] p2b\n|-activate|p2a: Miraidon|move: Protect\n|-resisted|p2b: Calyrex\n|-damage|p2b: Calyrex|0 fnt\n|faint|p2b: Calyrex\n|-ability|p1a: Cryotherapy|Chilling Neigh|boost\n|-boost|p1a: Cryotherapy|atk|1\n|move|p1b: Metal Overlord|Dragon Pulse|p2a: Miraidon\n|-activate|p2a: Miraidon|move: Protect\n|\n|-fieldend|move: Trick Room\n|upkeep\n|turn|10\n|\n|t:|1773544545\n|move|p1b: Metal Overlord|Protect|p1b: Metal Overlord\n|-singleturn|p1b: Metal Overlord|Protect\n|move|p1a: Cryotherapy|Protect|p1a: Cryotherapy\n|-singleturn|p1a: Cryotherapy|Protect\n|move|p2a: Miraidon|Electro Drift|p1a: Cryotherapy\n|-activate|p1a: Cryotherapy|move: Protect\n|\n|-sideend|p1: GucciSoup|Reflect\n|upkeep\n|turn|11\n|\n|t:|1773544564\n|-terastallize|p2a: Miraidon|Fairy\n|move|p1b: Metal Overlord|Dragon Pulse|p2a: Miraidon\n|-immune|p2a: Miraidon\n|move|p2a: Miraidon|Electro Drift|p1a: Cryotherapy\n|-damage|p1a: Cryotherapy|0 fnt\n|faint|p1a: Cryotherapy\n|-damage|p2a: Miraidon|57/100|[from] item: Life Orb\n|\n|upkeep\n|turn|12\n|\n|t:|1773544574\n|move|p1b: Metal Overlord|Parabolic Charge|p2a: Miraidon\n|-damage|p2a: Miraidon|0 fnt\n|-heal|p1b: Metal Overlord|50/100|[from] drain|[of] p2a: Miraidon\n|faint|p2a: Miraidon\n|\n|win|GucciSoup\n|raw|GucciSoup's rating: 1450 &rarr; <strong>1465</strong><br />(+15 for winning)\n|raw|sheeshshane925's rating: 1357 &rarr; <strong>1342</strong><br />(-15 for losing)\n|l|\u2606sheeshshane925\n|player|p2|\n","uploadtime":1773544790,"views":12,"formatid":"gen9vgc2026regi","rating":1342,"private":0,"password":null}