{"id":"gen9vgc2026regi-2524629739","format":"[Gen 9] VGC 2026 Reg I","players":["1zha","Insanemate"],"log":"|j|\u26061zha\n|j|\u2606Insanemate\n|t:|1769177944\n|gametype|doubles\n|player|p1|1zha|1|1230\n|player|p2|Insanemate|169|1241\n|gen|9\n|tier|[Gen 9] VGC 2026 Reg I\n|rated|\n|rule|Species Clause: Limit one of each Pok\u00e9mon\n|rule|Item Clause: Limit 1 of each item\n|clearpoke\n|poke|p1|Calyrex-Shadow, L50|\n|poke|p1|Zamazenta-*, L50|\n|poke|p1|Whimsicott, L50, F|\n|poke|p1|Maushold-Four, L50|\n|poke|p1|Chi-Yu, L50|\n|poke|p1|Amoonguss, L50, M|\n|poke|p2|Kyurem-Black, L50|\n|poke|p2|Araquanid, L50, F|\n|poke|p2|Ogerpon-Cornerstone, L50, F|\n|poke|p2|Whimsicott, L50, M|\n|poke|p2|Regieleki, L50|\n|poke|p2|Calyrex-Shadow, L50|\n|teampreview|4\n|inactive|Battle timer is ON: inactive players will automatically lose when time's up. (requested by 1zha)\n|\n|t:|1769178015\n|teamsize|p1|4\n|teamsize|p2|4\n|start\n|switch|p1a: Whimsicott|Whimsicott, L50, F, shiny|100/100\n|switch|p1b: Chi-Yu|Chi-Yu, L50, shiny|100/100\n|switch|p2a: Ogerpon|Ogerpon-Cornerstone, L50, F|100/100\n|switch|p2b: Kyurem|Kyurem-Black, L50|100/100\n|-ability|p1b: Chi-Yu|Beads of Ruin\n|-ability|p2b: Kyurem|Teravolt\n|turn|1\n|inactive|Insanemate has 30 seconds left.\n|\n|t:|1769178041\n|move|p1a: Whimsicott|Tailwind|p1a: Whimsicott\n|-sidestart|p1: 1zha|move: Tailwind\n|move|p1b: Chi-Yu|Heat Wave|p2b: Kyurem|[spread] p2a,p2b\n|-damage|p2a: Ogerpon|5/100\n|-damage|p2b: Kyurem|32/100\n|move|p2a: Ogerpon|Ivy Cudgel|p1b: Chi-Yu|[anim] Ivy Cudgel Rock\n|-supereffective|p1b: Chi-Yu\n|-damage|p1b: Chi-Yu|0 fnt\n|faint|p1b: Chi-Yu\n|move|p2b: Kyurem|Dragon Dance|p2b: Kyurem\n|-boost|p2b: Kyurem|atk|1\n|-boost|p2b: Kyurem|spe|1\n|\n|upkeep\n|\n|t:|1769178050\n|switch|p1b: Calyrex|Calyrex-Shadow, L50|100/100\n|-ability|p1b: Calyrex|As One\n|-ability|p1b: Calyrex|Unnerve\n|turn|2\n|\n|t:|1769178063\n|move|p2b: Kyurem|Protect|p2b: Kyurem\n|-singleturn|p2b: Kyurem|Protect\n|move|p1a: Whimsicott|Encore|p2b: Kyurem\n|-activate|p2b: Kyurem|move: Protect\n|move|p1b: Calyrex|Astral Barrage|p2b: Kyurem|[spread] p2a\n|-activate|p2b: Kyurem|move: Protect\n|-damage|p2a: Ogerpon|0 fnt\n|faint|p2a: Ogerpon\n|-ability|p1b: Calyrex|Grim Neigh|boost\n|-boost|p1b: Calyrex|spa|1\n|-damage|p1b: Calyrex|91/100|[from] item: Life Orb\n|\n|upkeep\n|\n|t:|1769178070\n|switch|p2a: Araquanid|Araquanid, L50, F|100/100\n|turn|3\n|\n|t:|1769178080\n|move|p2a: Araquanid|Wide Guard|p2a: Araquanid\n|-singleturn|p2a: Araquanid|Wide Guard\n|move|p1a: Whimsicott|Encore|p2b: Kyurem\n|-start|p2b: Kyurem|Encore\n|move|p1b: Calyrex|Psychic|p2a: Araquanid\n|-damage|p2a: Araquanid|24/100\n|-damage|p1b: Calyrex|81/100|[from] item: Life Orb\n|move|p2b: Kyurem|Protect||[still]\n|-fail|p2b: Kyurem\n|\n|upkeep\n|turn|4\n|\n|t:|1769178091\n|-terastallize|p2a: Araquanid|Steel\n|move|p2b: Kyurem|Protect|p2b: Kyurem\n|-singleturn|p2b: Kyurem|Protect\n|move|p1a: Whimsicott|Encore|p2a: Araquanid\n|-start|p2a: Araquanid|Encore\n|move|p1b: Calyrex|Psychic|p2b: Kyurem\n|-activate|p2b: Kyurem|move: Protect\n|move|p2a: Araquanid|Wide Guard||[still]\n|-fail|p2a: Araquanid\n|\n|-sideend|p1: 1zha|move: Tailwind\n|upkeep\n|turn|5\n|\n|t:|1769178102\n|switch|p2a: Whimsicott|Whimsicott, L50, M|100/100\n|move|p2b: Kyurem|Protect||[still]\n|-fail|p2b: Kyurem\n|move|p1a: Whimsicott|Tailwind|p1a: Whimsicott\n|-sidestart|p1: 1zha|move: Tailwind\n|move|p1b: Calyrex|Psychic|p2b: Kyurem\n|-damage|p2b: Kyurem|0 fnt\n|faint|p2b: Kyurem\n|-ability|p1b: Calyrex|Grim Neigh|boost\n|-boost|p1b: Calyrex|spa|1\n|-damage|p1b: Calyrex|72/100|[from] item: Life Orb\n|\n|upkeep\n|\n|t:|1769178104\n|switch|p2b: Araquanid|Araquanid, L50, F, tera:Steel|24/100\n|turn|6\n|-message|Insanemate forfeited.\n|\n|win|1zha\n|raw|1zha's rating: 1230 &rarr; <strong>1256</strong><br />(+26 for winning)\n|raw|Insanemate's rating: 1241 &rarr; <strong>1215</strong><br />(-26 for losing)\n|l|\u2606Insanemate\n|player|p2|\n|l|\u26061zha\n|player|p1|\n","uploadtime":1769178363,"views":13,"formatid":"gen9vgc2026regi","rating":1215,"private":0,"password":null}