{"id":"gen9vgc2026regi-2519297710","format":"[Gen 9] VGC 2026 Reg I","players":["1zha","mike151515"],"log":"|j|\u26061zha\n|j|\u2606mike151515\n|t:|1768493326\n|gametype|doubles\n|player|p1|1zha|battlegirl-gen4|1375\n|player|p2|mike151515|101|1205\n|gen|9\n|tier|[Gen 9] VGC 2026 Reg I\n|rated|\n|rule|Species Clause: Limit one of each Pok\u00e9mon\n|rule|Item Clause: Limit 1 of each item\n|clearpoke\n|poke|p1|Grimmsnarl, L50, M|\n|poke|p1|Miraidon, L50|\n|poke|p1|Iron Hands, L50|\n|poke|p1|Ditto, L50|\n|poke|p1|Urshifu-*, L50, M|\n|poke|p1|Ho-Oh, L50|\n|poke|p2|Koraidon, L50|\n|poke|p2|Walking Wake, L50|\n|poke|p2|Flutter Mane, L50|\n|poke|p2|Incineroar, L50, M|\n|poke|p2|Groudon, L50|\n|poke|p2|Scream Tail, L50|\n|teampreview|4\n|j| Rxu\n|inactive|Battle timer is ON: inactive players will automatically lose when time's up. (requested by 1zha)\n|\n|t:|1768493353\n|teamsize|p1|4\n|teamsize|p2|4\n|start\n|switch|p1a: Grimmsnarl|Grimmsnarl, L50, M|100/100\n|switch|p1b: Miraidon|Miraidon, L50|100/100\n|switch|p2a: Groudon|Groudon, L50|100/100\n|switch|p2b: Flutter Mane|Flutter Mane, L50|100/100\n|-fieldstart|move: Electric Terrain|[from] ability: Hadron Engine|[of] p1b: Miraidon\n|-weather|SunnyDay|[from] ability: Drought|[of] p2a: Groudon\n|-activate|p2b: Flutter Mane|ability: Protosynthesis\n|-start|p2b: Flutter Mane|protosynthesisspe\n|turn|1\n|\n|t:|1768493365\n|move|p2b: Flutter Mane|Protect|p2b: Flutter Mane\n|-singleturn|p2b: Flutter Mane|Protect\n|move|p1a: Grimmsnarl|Thunder Wave|p2b: Flutter Mane\n|-activate|p2b: Flutter Mane|move: Protect\n|move|p1b: Miraidon|Electro Drift|p2b: Flutter Mane\n|-activate|p2b: Flutter Mane|move: Protect\n|move|p2a: Groudon|Precipice Blades|p1a: Grimmsnarl|[spread] p1a,p1b\n|-supereffective|p1b: Miraidon\n|-damage|p1a: Grimmsnarl|44/100\n|-damage|p1b: Miraidon|0 fnt\n|faint|p1b: Miraidon\n|\n|-weather|SunnyDay|[upkeep]\n|upkeep\n|\n|t:|1768493377\n|switch|p1b: Ditto|Ditto, L50|100/100\n|-transform|p1b: Ditto|p2a: Groudon|[from] ability: Imposter\n|turn|2\n|\n|t:|1768493392\n|-end|p2b: Flutter Mane|Protosynthesis|[silent]\n|switch|p2b: Incineroar|Incineroar, L50, M|100/100\n|-ability|p2b: Incineroar|Intimidate|boost\n|-unboost|p1a: Grimmsnarl|atk|1\n|-unboost|p1b: Ditto|atk|1\n|switch|p1a: Ho-Oh|Ho-Oh, L50|100/100\n|move|p1b: Ditto|Precipice Blades|p2a: Groudon|[spread] p2a,p2b\n|-supereffective|p2b: Incineroar\n|-damage|p2a: Groudon|76/100\n|-damage|p2b: Incineroar|43/100\n|-enditem|p2b: Incineroar|Sitrus Berry|[eat]\n|-heal|p2b: Incineroar|68/100|[from] item: Sitrus Berry\n|move|p2a: Groudon|Precipice Blades|p1b: Ditto|[spread] p1b\n|-immune|p1a: Ho-Oh\n|-damage|p1b: Ditto|54/100\n|\n|-weather|SunnyDay|[upkeep]\n|upkeep\n|turn|3\n|inactive|1zha has 30 seconds left.\n|\n|t:|1768493423\n|move|p2b: Incineroar|Fake Out|p1b: Ditto\n|-damage|p1b: Ditto|46/100\n|cant|p1b: Ditto|flinch\n|move|p2a: Groudon|Precipice Blades|p1a: Ho-Oh|[spread] p1b\n|-immune|p1a: Ho-Oh\n|-damage|p1b: Ditto|0 fnt\n|faint|p1b: Ditto\n|move|p1a: Ho-Oh|Sacred Fire|p2a: Groudon\n|-damage|p2a: Groudon|22/100\n|\n|-weather|SunnyDay|[upkeep]\n|upkeep\n|\n|t:|1768493435\n|switch|p1b: Grimmsnarl|Grimmsnarl, L50, M|44/100\n|turn|4\n|\n|t:|1768493446\n|move|p1b: Grimmsnarl|Fake Out|p2b: Incineroar\n|-damage|p2b: Incineroar|58/100\n|move|p2a: Groudon|Rock Slide|p1a: Ho-Oh|[spread] p1a,p1b\n|-supereffective|p1a: Ho-Oh\n|-damage|p1a: Ho-Oh|18/100\n|-damage|p1b: Grimmsnarl|18/100\n|move|p1a: Ho-Oh|Sacred Fire|p2a: Groudon\n|-damage|p2a: Groudon|0 fnt\n|faint|p2a: Groudon\n|cant|p2b: Incineroar|flinch\n|\n|-weather|SunnyDay|[upkeep]\n|upkeep\n|\n|t:|1768493458\n|switch|p2a: Scream Tail|Scream Tail, L50|100/100\n|-activate|p2a: Scream Tail|ability: Protosynthesis\n|-start|p2a: Scream Tail|protosynthesisspe\n|turn|5\n|-message|1zha forfeited.\n|\n|win|mike151515\n|raw|1zha's rating: 1375 &rarr; <strong>1346</strong><br />(-29 for losing)\n|raw|mike151515's rating: 1205 &rarr; <strong>1241</strong><br />(+36 for winning)\n|l|\u26061zha\n|player|p1|\n|l|\u2606mike151515\n|player|p2|\n|l| Rxu\n|j| Rxu\n|l| Rxu\n","uploadtime":1768493624,"views":15,"formatid":"gen9vgc2026regi","rating":1241,"private":0,"password":null}