{"id":"gen9vgc2026regi-2538506041","format":"[Gen 9] VGC 2026 Reg I","players":["eye-zitt","murizr"],"log":"|j|\u2606eye-zitt\n|j|\u2606murizr\n|t:|1770934353\n|gametype|doubles\n|player|p1|eye-zitt|hilbert|1177\n|player|p2|murizr|ethan|1078\n|gen|9\n|tier|[Gen 9] VGC 2026 Reg I\n|rated|\n|rule|Species Clause: Limit one of each Pok\u00e9mon\n|rule|Item Clause: Limit 1 of each item\n|clearpoke\n|poke|p1|Iron Bundle, L50|\n|poke|p1|Iron Hands, L50|\n|poke|p1|Ursaluna, L50, F|\n|poke|p1|Farigiraf, L50, M|\n|poke|p1|Ho-Oh, L50|\n|poke|p1|Miraidon, L50|\n|poke|p2|Greninja-*, L50, M|\n|poke|p2|Ogerpon-Wellspring, L50, F|\n|poke|p2|Incineroar, L50, F|\n|poke|p2|Miraidon, L50|\n|poke|p2|Iron Hands, L50|\n|poke|p2|Tornadus, L50, M|\n|teampreview|4\n|inactive|Battle timer is ON: inactive players will automatically lose when time's up. (requested by eye-zitt)\n|inactive|murizr has 60 seconds left.\n|\n|t:|1770934393\n|teamsize|p1|4\n|teamsize|p2|4\n|start\n|switch|p1a: Miraidon|Miraidon, L50, shiny|100/100\n|switch|p1b: Farigiraf|Farigiraf, L50, M, shiny|100/100\n|switch|p2a: Tornadus|Tornadus, L50, M|100/100\n|switch|p2b: Miraidon|Miraidon, L50|100/100\n|-fieldstart|move: Electric Terrain|[from] ability: Hadron Engine|[of] p1a: Miraidon\n|-enditem|p1b: Farigiraf|Electric Seed\n|-boost|p1b: Farigiraf|def|1|[from] item: Electric Seed\n|-activate|p2b: Miraidon|ability: Hadron Engine\n|turn|1\n|\n|t:|1770934413\n|-terastallize|p1a: Miraidon|Fairy\n|-terastallize|p2b: Miraidon|Fairy\n|move|p2a: Tornadus|Tailwind|p2a: Tornadus\n|-sidestart|p2: murizr|move: Tailwind\n|move|p2b: Miraidon|Dazzling Gleam|p1a: Miraidon|[spread] p1a,p1b\n|-damage|p1a: Miraidon|46/100\n|-damage|p1b: Farigiraf|41/100\n|move|p1a: Miraidon|Volt Switch|p2a: Tornadus\n|-supereffective|p2a: Tornadus\n|-crit|p2a: Tornadus\n|-damage|p2a: Tornadus|0 fnt\n|faint|p2a: Tornadus\n|\n|t:|1770934424\n|switch|p1a: Ursaluna|Ursaluna, L50, F, shiny|100/100|[from] Volt Switch\n|move|p1b: Farigiraf|Trick Room|p1b: Farigiraf\n|-fieldstart|move: Trick Room|[of] p1b: Farigiraf\n|\n|-status|p1a: Ursaluna|brn|[from] item: Flame Orb\n|upkeep\n|\n|t:|1770934435\n|switch|p2a: Ogerpon|Ogerpon-Wellspring, L50, F|100/100\n|turn|2\n|\n|t:|1770934449\n|switch|p2b: Incineroar|Incineroar, L50, F|100/100\n|-ability|p2b: Incineroar|Intimidate|boost\n|-unboost|p1a: Ursaluna|atk|1\n|-unboost|p1b: Farigiraf|atk|1\n|move|p1a: Ursaluna|Facade|p2b: Incineroar\n|-damage|p2b: Incineroar|20/100\n|move|p1b: Farigiraf|Foul Play|p2a: Ogerpon\n|-damage|p2a: Ogerpon|54/100\n|move|p2a: Ogerpon|Ivy Cudgel|p1a: Ursaluna|[anim] Ivy Cudgel Water\n|-supereffective|p1a: Ursaluna\n|-damage|p1a: Ursaluna|0 fnt\n|faint|p1a: Ursaluna\n|\n|upkeep\n|\n|t:|1770934456\n|switch|p1a: Iron Hands|Iron Hands, L50, shiny|100/100\n|-activate|p1a: Iron Hands|ability: Quark Drive\n|-start|p1a: Iron Hands|quarkdriveatk\n|turn|3\n|\n|t:|1770934474\n|move|p2b: Incineroar|Fake Out||[still]\n|cant|p1b: Farigiraf|ability: Armor Tail|Fake Out|[of] p2b: Incineroar\n|move|p1a: Iron Hands|Drain Punch|p2a: Ogerpon\n|-damage|p2a: Ogerpon|0 fnt\n|faint|p2a: Ogerpon\n|move|p1b: Farigiraf|Foul Play|p2b: Incineroar\n|-resisted|p2b: Incineroar\n|-damage|p2b: Incineroar|6/100\n|\n|upkeep\n|\n|t:|1770934484\n|switch|p2a: Miraidon|Miraidon, L50, tera:Fairy|100/100\n|-activate|p2a: Miraidon|ability: Hadron Engine\n|turn|4\n|\n|t:|1770934501\n|move|p1a: Iron Hands|Wild Charge|p2a: Miraidon\n|-damage|p2a: Miraidon|4/100\n|-damage|p1a: Iron Hands|82/100|[from] Recoil\n|move|p1b: Farigiraf|Foul Play|p2b: Incineroar\n|-resisted|p2b: Incineroar\n|-damage|p2b: Incineroar|0 fnt\n|faint|p2b: Incineroar\n|move|p2a: Miraidon|Dazzling Gleam|p1b: Farigiraf|[spread] p1a,p1b\n|-supereffective|p1a: Iron Hands\n|-damage|p1a: Iron Hands|17/100\n|-damage|p1b: Farigiraf|0 fnt\n|faint|p1b: Farigiraf\n|\n|-sideend|p2: murizr|move: Tailwind\n|upkeep\n|\n|t:|1770934507\n|switch|p1b: Miraidon|Miraidon, L50, shiny, tera:Fairy|46/100\n|-activate|p1b: Miraidon|ability: Hadron Engine\n|turn|5\n|\n|t:|1770934519\n|move|p1a: Iron Hands|Drain Punch|p2a: Miraidon\n|-resisted|p2a: Miraidon\n|-damage|p2a: Miraidon|0 fnt\n|-heal|p1a: Iron Hands|19/100|[from] drain|[of] p2a: Miraidon\n|faint|p2a: Miraidon\n|\n|win|eye-zitt\n|raw|eye-zitt's rating: 1177 &rarr; <strong>1195</strong><br />(+18 for winning)\n|raw|murizr's rating: 1078 &rarr; <strong>1062</strong><br />(-16 for losing)\n|l|\u2606murizr\n|player|p2|\n","uploadtime":1770934522,"views":22,"formatid":"gen9vgc2026regi","rating":1062,"private":0,"password":null}