{"id":"gen9vgc2026regi-2534095571","format":"[Gen 9] VGC 2026 Reg I","players":["SnarkyShane","Kellen1999"],"log":"|j|\u2606SnarkyShane\n|j|\u2606Kellen1999\n|t:|1770387091\n|gametype|doubles\n|player|p1|SnarkyShane|gambler|1391\n|player|p2|Kellen1999|rosa|1482\n|gen|9\n|tier|[Gen 9] VGC 2026 Reg I\n|rated|\n|rule|Species Clause: Limit one of each Pok\u00e9mon\n|rule|Item Clause: Limit 1 of each item\n|clearpoke\n|poke|p1|Rayquaza, L50|\n|poke|p1|Calyrex-Shadow, L50|\n|poke|p1|Chien-Pao, L50|\n|poke|p1|Ting-Lu, L50|\n|poke|p1|Amoonguss, L50, F|\n|poke|p1|Avalugg-Hisui, L50, M|\n|poke|p2|Miraidon, L50|\n|poke|p2|Calyrex-Ice, L50|\n|poke|p2|Whimsicott, L50, F|\n|poke|p2|Smeargle, L50, F|\n|poke|p2|Incineroar, L50, F|\n|poke|p2|Urshifu-*, L50, F|\n|teampreview|4\n|inactive|Battle timer is ON: inactive players will automatically lose when time's up. (requested by Kellen1999)\n|inactive|SnarkyShane also wants the timer to be on.\n|inactive|SnarkyShane has 60 seconds left.\n|inactive|Kellen1999 has 60 seconds left.\n|\n|t:|1770387124\n|teamsize|p1|4\n|teamsize|p2|4\n|start\n|switch|p1a: FesterinEquestrian|Calyrex-Shadow, L50|100/100\n|switch|p1b: Victor Creed|Chien-Pao, L50|100/100\n|switch|p2a: Calyrex|Calyrex-Ice, L50|100/100\n|switch|p2b: Smeargle|Smeargle, L50, F, shiny|100/100\n|-ability|p1a: FesterinEquestrian|As One\n|-ability|p1a: FesterinEquestrian|Unnerve\n|-ability|p2a: Calyrex|As One\n|-ability|p2a: Calyrex|Unnerve\n|-ability|p1b: Victor Creed|Sword of Ruin\n|turn|1\n|\n|t:|1770387148\n|switch|p1b: Avalugg|Avalugg-Hisui, L50, M|100/100\n|move|p2a: Calyrex|Protect|p2a: Calyrex\n|-singleturn|p2a: Calyrex|Protect\n|move|p1a: FesterinEquestrian|Taunt|p2b: Smeargle\n|-start|p2b: Smeargle|move: Taunt\n|cant|p2b: Smeargle|move: Taunt|Spore\n|\n|upkeep\n|turn|2\n|inactive|Kellen1999 has 30 seconds left.\n|\n|t:|1770387176\n|switch|p2b: Whimsicott|Whimsicott, L50, F, shiny|100/100\n|-terastallize|p2a: Calyrex|Water\n|move|p1a: FesterinEquestrian|Astral Barrage|p2a: Calyrex|[spread] p2a,p2b\n|-damage|p2a: Calyrex|59/100\n|-damage|p2b: Whimsicott|28/100\n|move|p2a: Calyrex|High Horsepower|p1a: FesterinEquestrian\n|-damage|p1a: FesterinEquestrian|60/100\n|move|p1b: Avalugg|Rock Blast|p2b: Whimsicott\n|-damage|p2b: Whimsicott|2/100\n|-damage|p2b: Whimsicott|0 fnt\n|faint|p2b: Whimsicott\n|-hitcount|p2: Whimsicott|2\n|\n|upkeep\n|\n|t:|1770387197\n|switch|p2b: Smeargle|Smeargle, L50, F, shiny|100/100\n|turn|3\n|inactive|Kellen1999 has 30 seconds left.\n|\n|t:|1770387228\n|switch|p1b: Victor Creed|Chien-Pao, L50|100/100\n|-ability|p1b: Victor Creed|Sword of Ruin\n|move|p1a: FesterinEquestrian|Taunt|p2b: Smeargle\n|-start|p2b: Smeargle|move: Taunt\n|cant|p2b: Smeargle|move: Taunt|Spore\n|move|p2a: Calyrex|Glacial Lance|p1b: Victor Creed|[spread] p1a,p1b\n|-resisted|p1b: Victor Creed\n|-damage|p1a: FesterinEquestrian|0 fnt\n|-damage|p1b: Victor Creed|67/100\n|faint|p1a: FesterinEquestrian\n|-ability|p2a: Calyrex|Chilling Neigh|boost\n|-boost|p2a: Calyrex|atk|1\n|\n|upkeep\n|\n|t:|1770387246\n|switch|p1a: Avalugg|Avalugg-Hisui, L50, M|100/100\n|turn|4\n|\n|t:|1770387258\n|switch|p2b: Miraidon|Miraidon, L50, shiny|100/100\n|-fieldstart|move: Electric Terrain|[from] ability: Hadron Engine|[of] p2b: Miraidon\n|move|p2a: Calyrex|Protect|p2a: Calyrex\n|-singleturn|p2a: Calyrex|Protect\n|move|p1b: Victor Creed|Crunch|p2a: Calyrex\n|-activate|p2a: Calyrex|move: Protect\n|move|p1a: Avalugg|Icicle Spear|p2b: Miraidon\n|-supereffective|p2b: Miraidon\n|-damage|p2b: Miraidon|63/100\n|-supereffective|p2b: Miraidon\n|-damage|p2b: Miraidon|31/100\n|-supereffective|p2b: Miraidon\n|-damage|p2b: Miraidon|0 fnt\n|faint|p2b: Miraidon\n|-hitcount|p2: Miraidon|3\n|\n|upkeep\n|\n|t:|1770387267\n|switch|p2b: Smeargle|Smeargle, L50, F, shiny|100/100\n|turn|5\n|inactive|SnarkyShane has 30 seconds left.\n|\n|t:|1770387294\n|-terastallize|p1b: Victor Creed|Ghost\n|move|p1a: Avalugg|Protect|p1a: Avalugg\n|-singleturn|p1a: Avalugg|Protect\n|move|p1b: Victor Creed|Crunch|p2b: Smeargle\n|-damage|p2b: Smeargle|0 fnt\n|faint|p2b: Smeargle\n|move|p2a: Calyrex|High Horsepower|p1a: Avalugg\n|-activate|p1a: Avalugg|move: Protect\n|\n|upkeep\n|turn|6\n|inactive|Kellen1999 has 30 seconds left.\n|\n|t:|1770387321\n|move|p1b: Victor Creed|Crunch|p2a: Calyrex\n|-damage|p2a: Calyrex|14/100\n|move|p2a: Calyrex|Glacial Lance|p1b: Victor Creed|[spread] p1a,p1b\n|-resisted|p1a: Avalugg\n|-damage|p1a: Avalugg|74/100\n|-damage|p1b: Victor Creed|0 fnt\n|faint|p1b: Victor Creed\n|-ability|p2a: Calyrex|Chilling Neigh|boost\n|-boost|p2a: Calyrex|atk|1\n|move|p1a: Avalugg|Icicle Spear|p2a: Calyrex\n|-resisted|p2a: Calyrex\n|-damage|p2a: Calyrex|9/100\n|-resisted|p2a: Calyrex\n|-damage|p2a: Calyrex|4/100\n|-resisted|p2a: Calyrex\n|-damage|p2a: Calyrex|0 fnt\n|faint|p2a: Calyrex\n|-hitcount|p2: Calyrex|3\n|\n|win|SnarkyShane\n|raw|SnarkyShane's rating: 1391 &rarr; <strong>1416</strong><br />(+25 for winning)\n|raw|Kellen1999's rating: 1482 &rarr; <strong>1457</strong><br />(-25 for losing)\n|l|\u2606Kellen1999\n|player|p2|\n|l|\u2606SnarkyShane\n|player|p1|\n","uploadtime":1770387484,"views":14,"formatid":"gen9vgc2026regi","rating":1416,"private":0,"password":null}