{"id":"gen9vgc2026regi-2568632532","format":"[Gen 9] VGC 2026 Reg I","players":["fowlenjoyer","dasabe\u76d6\u6b27\u5361\u4fa0"],"log":"|j|\u2606fowlenjoyer\n|j|\u2606dasabe\u76d6\u6b27\u5361\u4fa0\n|t:|1774607541\n|gametype|doubles\n|player|p1|fowlenjoyer|scientist|\n|player|p2|dasabe\u76d6\u6b27\u5361\u4fa0|may-masters4|\n|gen|9\n|tier|[Gen 9] VGC 2026 Reg I\n|rated|Tournament battle\n|rule|Species Clause: Limit one of each Pok\u00e9mon\n|rule|Item Clause: Limit 1 of each item\n|raw|<div class=\"infobox\"><details class=\"readmore\" open><summary><strong>3 custom rules:</strong></summary> Open Team Sheets, Force Open Team Sheets, !Open Team Sheets</details></div>\n|clearpoke\n|poke|p1|Calyrex-Shadow, L50|\n|poke|p1|Indeedee-F, L50, F|\n|poke|p1|Urshifu-*, L50, F|\n|poke|p1|Zamazenta-*, L50|\n|poke|p1|Incineroar, L50, M|\n|poke|p1|Amoonguss, L50, F|\n|poke|p2|Miraidon, L50|\n|poke|p2|Groudon, L50|\n|poke|p2|Walking Wake, L50|\n|poke|p2|Grimmsnarl, L50, M|\n|poke|p2|Incineroar, L50, F|\n|poke|p2|Ditto, L50|\n|teampreview|4\n|showteam|p1|Calyrex-Shadow||LifeOrb|AsOneSpectrier|ExpandingForce,AstralBarrage,ShadowBall,Protect||||||50|,,,,,Fairy]Indeedee-F||RockyHelmet|PsychicSurge|HelpingHand,FollowMe,TrickRoom,Psychic|||F|||50|,,,,,Fairy]Urshifu||WeaknessPolicy|UnseenFist|CloseCombat,WickedBlow,Detect,HelpingHand|||F|||50|,,,,,Fighting]Zamazenta-Crowned||RustedShield|DauntlessShield|WideGuard,BodyPress,IronDefense,HeavySlam||||||50|,,,,,Flying]Incineroar||ClearAmulet|Intimidate|PartingShot,KnockOff,FakeOut,FlareBlitz|||M|||50|,,,,,Ghost]Amoonguss||SitrusBerry|Regenerator|Spore,PollenPuff,RagePowder,ClearSmog|||F|||50|,,,,,Water\n|showteam|p2|Miraidon||CovertCloak|HadronEngine|ElectroDrift,ParabolicCharge,DazzlingGleam,CalmMind||||||50|,,,,,Fairy]Groudon||ClearAmulet|Drought|Protect,WillOWisp,PrecipiceBlades,HeatCrash||||||50|,,,,,Fire]Walking Wake||LifeOrb|Protosynthesis|Protect,HydroSteam,DragonPulse,WeatherBall||||||50|,,,,,Water]Grimmsnarl||LightClay|Prankster|Reflect,SpiritBreak,LightScreen,ThunderWave|||M|||50|,,,,,Ghost]Incineroar||AssaultVest|Intimidate|KnockOff,FlareBlitz,Uturn,FakeOut|||F|||50|,,,,,Bug]Ditto||FocusSash|Imposter|Transform||||||50|,,,,,Normal\n|inactive|Battle timer is ON: inactive players will automatically lose when time's up. (requested by fowlenjoyer)\n|j| Meng Yan come\n|inactive|fowlenjoyer has 60 seconds left.\n|inactive|dasabe\u76d6\u6b27\u5361\u4fa0 has 60 seconds left.\n|\n|t:|1774607588\n|teamsize|p1|4\n|teamsize|p2|4\n|start\n|switch|p1a: Calyrex|Calyrex-Shadow, L50|100/100\n|switch|p1b: Incineroar|Incineroar, L50, M|100/100\n|switch|p2a: \u94f6\u6bdb\u6ee1\u8eab|Grimmsnarl, L50, M, shiny|100/100\n|switch|p2b: \u5927\u53d8|Ditto, L50|100/100\n|-ability|p1a: Calyrex|As One\n|-ability|p1a: Calyrex|Unnerve\n|-transform|p2b: \u5927\u53d8|p1a: Calyrex|[from] ability: Imposter\n|-ability|p2b: \u5927\u53d8|As One\n|-ability|p2b: \u5927\u53d8|Unnerve\n|-ability|p1b: Incineroar|Intimidate|boost\n|-unboost|p2a: \u94f6\u6bdb\u6ee1\u8eab|atk|1\n|-unboost|p2b: \u5927\u53d8|atk|1\n|turn|1\n|c| Meng Yan come|\u7f51\u7ebf\u53d1\u529b\u4e86\n|\n|t:|1774607607\n|move|p1a: Calyrex|Protect|p1a: Calyrex\n|-singleturn|p1a: Calyrex|Protect\n|move|p2b: \u5927\u53d8|Protect|p2b: \u5927\u53d8\n|-singleturn|p2b: \u5927\u53d8|Protect\n|move|p2a: \u94f6\u6bdb\u6ee1\u8eab|Thunder Wave|p1a: Calyrex\n|-activate|p1a: Calyrex|move: Protect\n|move|p1b: Incineroar|Knock Off|p2b: \u5927\u53d8\n|-activate|p2b: \u5927\u53d8|move: Protect\n|\n|upkeep\n|turn|2\n|\n|t:|1774607623\n|switch|p1b: Indeedee|Indeedee-F, L50, F|100/100\n|-fieldstart|move: Psychic Terrain|[from] ability: Psychic Surge|[of] p1b: Indeedee\n|move|p2a: \u94f6\u6bdb\u6ee1\u8eab|Light Screen|p2a: \u94f6\u6bdb\u6ee1\u8eab\n|-sidestart|p2: dasabe\u76d6\u6b27\u5361\u4fa0|move: Light Screen\n|move|p2b: \u5927\u53d8|Astral Barrage|p1b: Indeedee|[spread] p1a\n|-immune|p1b: Indeedee\n|-supereffective|p1a: Calyrex\n|-damage|p1a: Calyrex|0 fnt\n|faint|p1a: Calyrex\n|-ability|p2b: \u5927\u53d8|Grim Neigh|boost\n|-boost|p2b: \u5927\u53d8|spa|1\n|\n|upkeep\n|\n|t:|1774607637\n|switch|p1a: Incineroar|Incineroar, L50, M|100/100\n|-ability|p1a: Incineroar|Intimidate|boost\n|-unboost|p2a: \u94f6\u6bdb\u6ee1\u8eab|atk|1\n|-unboost|p2b: \u5927\u53d8|atk|1\n|turn|3\n|\n|t:|1774607649\n|move|p2a: \u94f6\u6bdb\u6ee1\u8eab|Reflect|p2a: \u94f6\u6bdb\u6ee1\u8eab\n|-sidestart|p2: dasabe\u76d6\u6b27\u5361\u4fa0|Reflect\n|move|p2b: \u5927\u53d8|Astral Barrage|p1a: Incineroar|[spread] p1a\n|-immune|p1b: Indeedee\n|-resisted|p1a: Incineroar\n|-damage|p1a: Incineroar|63/100\n|move|p1a: Incineroar|Knock Off|p2b: \u5927\u53d8\n|-supereffective|p2b: \u5927\u53d8\n|-enditem|p2b: \u5927\u53d8|Focus Sash\n|-damage|p2b: \u5927\u53d8|1/100\n|move|p1b: Indeedee|Trick Room|p1b: Indeedee\n|-fieldstart|move: Trick Room|[of] p1b: Indeedee\n|\n|upkeep\n|turn|4\n|\n|t:|1774607667\n|switch|p2a: P\u56fa\u771f\u5927|Groudon, L50, shiny|100/100\n|-weather|SunnyDay|[from] ability: Drought|[of] p2a: P\u56fa\u771f\u5927\n|move|p2b: \u5927\u53d8|Protect|p2b: \u5927\u53d8\n|-singleturn|p2b: \u5927\u53d8|Protect\n|move|p1a: Incineroar|Knock Off|p2a: P\u56fa\u771f\u5927\n|-damage|p2a: P\u56fa\u771f\u5927|76/100\n|-enditem|p2a: P\u56fa\u771f\u5927|Clear Amulet|[from] move: Knock Off|[of] p1a: Incineroar\n|move|p1b: Indeedee|Psychic|p2b: \u5927\u53d8\n|-activate|p2b: \u5927\u53d8|move: Protect\n|\n|-weather|SunnyDay|[upkeep]\n|upkeep\n|turn|5\n|\n|t:|1774607679\n|switch|p2b: \u94f6\u6bdb\u6ee1\u8eab|Grimmsnarl, L50, M, shiny|100/100\n|move|p1a: Incineroar|Parting Shot|p2a: P\u56fa\u771f\u5927\n|-unboost|p2a: P\u56fa\u771f\u5927|atk|1\n|-unboost|p2a: P\u56fa\u771f\u5927|spa|1\n|\n|t:|1774607684\n|switch|p1a: Zamazenta|Zamazenta-Crowned, L50|100/100|[from] Parting Shot\n|-ability|p1a: Zamazenta|Dauntless Shield|boost\n|-boost|p1a: Zamazenta|def|1\n|move|p1b: Indeedee|Psychic|p2b: \u94f6\u6bdb\u6ee1\u8eab\n|-immune|p2b: \u94f6\u6bdb\u6ee1\u8eab\n|move|p2a: P\u56fa\u771f\u5927|Precipice Blades|p1b: Indeedee|[spread] p1a,p1b\n|-supereffective|p1a: Zamazenta\n|-damage|p1a: Zamazenta|67/100\n|-damage|p1b: Indeedee|46/100\n|\n|-weather|SunnyDay|[upkeep]\n|upkeep\n|turn|6\n|\n|t:|1774607705\n|move|p1b: Indeedee|Follow Me|p1b: Indeedee\n|-singleturn|p1b: Indeedee|move: Follow Me\n|move|p2b: \u94f6\u6bdb\u6ee1\u8eab|Spirit Break|p1b: Indeedee\n|-damage|p1b: Indeedee|3/100\n|-unboost|p1b: Indeedee|spa|1\n|-damage|p2b: \u94f6\u6bdb\u6ee1\u8eab|84/100|[from] item: Rocky Helmet|[of] p1b: Indeedee\n|move|p2a: P\u56fa\u771f\u5927|Will-O-Wisp|p1b: Indeedee\n|-status|p1b: Indeedee|brn\n|move|p1a: Zamazenta|Iron Defense|p1a: Zamazenta\n|-boost|p1a: Zamazenta|def|2\n|\n|-weather|SunnyDay|[upkeep]\n|-damage|p1b: Indeedee|0 fnt|[from] brn\n|faint|p1b: Indeedee\n|-fieldend|move: Psychic Terrain\n|upkeep\n|\n|t:|1774607715\n|switch|p1b: Incineroar|Incineroar, L50, M|63/100\n|-ability|p1b: Incineroar|Intimidate|boost\n|-unboost|p2a: P\u56fa\u771f\u5927|atk|1\n|-unboost|p2b: \u94f6\u6bdb\u6ee1\u8eab|atk|1\n|turn|7\n|\n|t:|1774607737\n|move|p2a: P\u56fa\u771f\u5927|Protect|p2a: P\u56fa\u771f\u5927\n|-singleturn|p2a: P\u56fa\u771f\u5927|Protect\n|move|p1b: Incineroar|Fake Out|p2a: P\u56fa\u771f\u5927\n|-activate|p2a: P\u56fa\u771f\u5927|move: Protect\n|move|p2b: \u94f6\u6bdb\u6ee1\u8eab|Thunder Wave|p1a: Zamazenta\n|-status|p1a: Zamazenta|par\n|move|p1a: Zamazenta|Heavy Slam|p2b: \u94f6\u6bdb\u6ee1\u8eab\n|-supereffective|p2b: \u94f6\u6bdb\u6ee1\u8eab\n|-damage|p2b: \u94f6\u6bdb\u6ee1\u8eab|21/100\n|\n|-weather|SunnyDay|[upkeep]\n|-fieldend|move: Trick Room\n|upkeep\n|turn|8\n|\n|t:|1774607756\n|switch|p2b: \u5927\u53d8|Ditto, L50|1/100\n|-transform|p2b: \u5927\u53d8|p1a: Zamazenta|[from] ability: Imposter\n|-ability|p2b: \u5927\u53d8|Dauntless Shield|boost\n|-boost|p2b: \u5927\u53d8|def|1\n|move|p2a: P\u56fa\u771f\u5927|Precipice Blades|p1b: Incineroar|[spread] p1a\n|-miss|p2a: P\u56fa\u771f\u5927|p1b: Incineroar\n|-supereffective|p1a: Zamazenta\n|-damage|p1a: Zamazenta|51/100 par\n|move|p1a: Zamazenta|Iron Defense|p1a: Zamazenta\n|-boost|p1a: Zamazenta|def|2\n|move|p1b: Incineroar|Knock Off|p2b: \u5927\u53d8\n|-resisted|p2b: \u5927\u53d8\n|-damage|p2b: \u5927\u53d8|0 fnt\n|faint|p2b: \u5927\u53d8\n|\n|-weather|none\n|upkeep\n|\n|t:|1774607767\n|switch|p2b: \u94f6\u91d1\u5996\u86c7|Miraidon, L50, shiny|100/100\n|-fieldstart|move: Electric Terrain|[from] ability: Hadron Engine|[of] p2b: \u94f6\u91d1\u5996\u86c7\n|turn|9\n|\n|t:|1774607780\n|switch|p2a: \u94f6\u6bdb\u6ee1\u8eab|Grimmsnarl, L50, M, shiny|21/100\n|-terastallize|p2b: \u94f6\u91d1\u5996\u86c7|Fairy\n|cant|p1a: Zamazenta|par\n|move|p2b: \u94f6\u91d1\u5996\u86c7|Calm Mind|p2b: \u94f6\u91d1\u5996\u86c7\n|-boost|p2b: \u94f6\u91d1\u5996\u86c7|spa|1\n|-boost|p2b: \u94f6\u91d1\u5996\u86c7|spd|1\n|move|p1b: Incineroar|Parting Shot|p2b: \u94f6\u91d1\u5996\u86c7\n|-unboost|p2b: \u94f6\u91d1\u5996\u86c7|atk|1\n|-unboost|p2b: \u94f6\u91d1\u5996\u86c7|spa|1\n|\n|-sideend|p2: dasabe\u76d6\u6b27\u5361\u4fa0|move: Light Screen\n|upkeep\n|turn|10\n|inactive|fowlenjoyer has 30 seconds left.\n|\n|t:|1774607809\n|move|p2b: \u94f6\u91d1\u5996\u86c7|Electro Drift|p1a: Zamazenta\n|-damage|p1a: Zamazenta|0 fnt\n|faint|p1a: Zamazenta\n|move|p2a: \u94f6\u6bdb\u6ee1\u8eab|Spirit Break|p1b: Incineroar\n|-damage|p1b: Incineroar|32/100\n|move|p1b: Incineroar|Knock Off|p2a: \u94f6\u6bdb\u6ee1\u8eab\n|-resisted|p2a: \u94f6\u6bdb\u6ee1\u8eab\n|-damage|p2a: \u94f6\u6bdb\u6ee1\u8eab|13/100\n|-enditem|p2a: \u94f6\u6bdb\u6ee1\u8eab|Light Clay|[from] move: Knock Off|[of] p1b: Incineroar\n|\n|-sideend|p2: dasabe\u76d6\u6b27\u5361\u4fa0|Reflect\n|upkeep\n|turn|11\n|-message|fowlenjoyer forfeited.\n|\n|win|dasabe\u76d6\u6b27\u5361\u4fa0\n|n|\u2606fowlenjoyer|fowlenjoyer\n|n|\u2606dasabe\u76d6\u6b27\u5361\u4fa0|dasabe\n|n| Meng Yan come|mengyancome\n|l|\u2606fowlenjoyer\n|player|p1|\n|l|\u2606dasabe\u76d6\u6b27\u5361\u4fa0\n|player|p2|\n|j| aurora ltd\n","uploadtime":1774608145,"views":10,"formatid":"gen9vgc2026regi","rating":null,"private":0,"password":null}