{"id":"gen9vgc2026regi-2580580155","format":"[Gen 9] VGC 2026 Reg I","players":["nngf\u9b3c\u8749\u4fa0","blackred123\u6c38\u96cf\u5854\u83f2\u4fa0"],"log":"|j|\u2606nngf\u9b3c\u8749\u4fa0\n|j|\u2606blackred123\u6c38\u96cf\u5854\u83f2\u4fa0\n|t:|1775914974\n|gametype|doubles\n|player|p1|nngf\u9b3c\u8749\u4fa0|bugsy|1475\n|player|p2|blackred123\u6c38\u96cf\u5854\u83f2\u4fa0|iono-masters|1656\n|gen|9\n|tier|[Gen 9] VGC 2026 Reg I\n|rated|\n|rule|Species Clause: Limit one of each Pok\u00e9mon\n|rule|Item Clause: Limit 1 of each item\n|clearpoke\n|poke|p1|Calyrex-Shadow, L50|\n|poke|p1|Zamazenta-*, L50|\n|poke|p1|Rillaboom, L50, F|\n|poke|p1|Clefairy, L50, F|\n|poke|p1|Tornadus, L50, M|\n|poke|p1|Smeargle, L50, F|\n|poke|p2|Calyrex-Shadow, L50|\n|poke|p2|Zamazenta-*, L50|\n|poke|p2|Tornadus, L50, M|\n|poke|p2|Rillaboom, L50, M|\n|poke|p2|Ogerpon-Hearthflame, L50, F|\n|poke|p2|Raging Bolt, L50|\n|teampreview|4\n|inactive|Battle timer is ON: inactive players will automatically lose when time's up. (requested by blackred123\u6c38\u96cf\u5854\u83f2\u4fa0)\n|\n|t:|1775915002\n|teamsize|p1|4\n|teamsize|p2|4\n|start\n|switch|p1a: Tornadus|Tornadus, L50, M, shiny|100/100\n|switch|p1b: Calyrex|Calyrex-Shadow, L50|100/100\n|switch|p2a: Zamazenta|Zamazenta-Crowned, L50|100/100\n|switch|p2b: Tornadus|Tornadus, L50, M|100/100\n|-ability|p1b: Calyrex|As One\n|-ability|p1b: Calyrex|Unnerve\n|-ability|p2a: Zamazenta|Dauntless Shield|boost\n|-boost|p2a: Zamazenta|def|1\n|turn|1\n|j| fallacy277\n|inactive|nngf\u9b3c\u8749\u4fa0 has 30 seconds left.\n|\n|t:|1775915028\n|move|p1b: Calyrex|Protect|p1b: Calyrex\n|-singleturn|p1b: Calyrex|Protect\n|move|p1a: Tornadus|Taunt|p2a: Zamazenta\n|-start|p2a: Zamazenta|move: Taunt\n|move|p2b: Tornadus|Tailwind|p2b: Tornadus\n|-sidestart|p2: blackred123\u6c38\u96cf\u5854\u83f2\u4fa0|move: Tailwind\n|move|p2a: Zamazenta|Heavy Slam|p1b: Calyrex\n|-activate|p1b: Calyrex|move: Protect\n|\n|upkeep\n|turn|2\n|\n|t:|1775915045\n|move|p2b: Tornadus|Taunt|p1a: Tornadus\n|-start|p1a: Tornadus|move: Taunt\n|cant|p1a: Tornadus|move: Taunt|Tailwind\n|move|p2a: Zamazenta|Heavy Slam|p1b: Calyrex\n|-crit|p1b: Calyrex\n|-damage|p1b: Calyrex|24/100\n|move|p1b: Calyrex|Psychic|p2a: Zamazenta\n|-damage|p2a: Zamazenta|46/100\n|-damage|p1b: Calyrex|14/100|[from] item: Life Orb\n|\n|upkeep\n|turn|3\n|\n|t:|1775915057\n|move|p1b: Calyrex|Protect|p1b: Calyrex\n|-singleturn|p1b: Calyrex|Protect\n|move|p2a: Zamazenta|Heavy Slam|p1a: Tornadus\n|-damage|p1a: Tornadus|49/100\n|move|p2b: Tornadus|Bleakwind Storm|p1b: Calyrex|[spread] p1a\n|-activate|p1b: Calyrex|move: Protect\n|-damage|p1a: Tornadus|0 fnt\n|faint|p1a: Tornadus\n|\n|-end|p2a: Zamazenta|move: Taunt\n|upkeep\n|\n|t:|1775915066\n|switch|p1a: Smeargle|Smeargle, L50, F, shiny|100/100\n|turn|4\n|\n|t:|1775915085\n|move|p1a: Smeargle|Follow Me|p1a: Smeargle\n|-singleturn|p1a: Smeargle|move: Follow Me\n|move|p2a: Zamazenta|Heavy Slam|p1a: Smeargle\n|-enditem|p1a: Smeargle|Focus Sash\n|-damage|p1a: Smeargle|1/100\n|move|p2b: Tornadus|Bleakwind Storm|p1b: Calyrex|[spread] p1b\n|-miss|p2b: Tornadus|p1a: Smeargle\n|-damage|p1b: Calyrex|0 fnt\n|faint|p1b: Calyrex\n|\n|-sideend|p2: blackred123\u6c38\u96cf\u5854\u83f2\u4fa0|move: Tailwind\n|-ability|p1a: Smeargle|Moody|boost\n|-boost|p1a: Smeargle|def|2\n|-unboost|p1a: Smeargle|spa|1\n|upkeep\n|\n|t:|1775915094\n|switch|p1b: Zamazenta|Zamazenta-Crowned, L50, shiny|100/100\n|-ability|p1b: Zamazenta|Dauntless Shield|boost\n|-boost|p1b: Zamazenta|def|1\n|turn|5\n|\n|t:|1775915112\n|move|p1a: Smeargle|Follow Me|p1a: Smeargle\n|-singleturn|p1a: Smeargle|move: Follow Me\n|move|p2b: Tornadus|Tailwind|p2b: Tornadus\n|-sidestart|p2: blackred123\u6c38\u96cf\u5854\u83f2\u4fa0|move: Tailwind\n|move|p2a: Zamazenta|Body Press|p1a: Smeargle\n|-supereffective|p1a: Smeargle\n|-damage|p1a: Smeargle|0 fnt\n|faint|p1a: Smeargle\n|move|p1b: Zamazenta|Body Press|p2a: Zamazenta\n|-supereffective|p2a: Zamazenta\n|-damage|p2a: Zamazenta|0 fnt\n|faint|p2a: Zamazenta\n|\n|upkeep\n|\n|t:|1775915118\n|switch|p2a: Calyrex|Calyrex-Shadow, L50|100/100\n|-ability|p2a: Calyrex|As One\n|-ability|p2a: Calyrex|Unnerve\n|turn|6\n|\n|t:|1775915128\n|-terastallize|p2a: Calyrex|Ghost\n|move|p2b: Tornadus|Taunt|p1b: Zamazenta\n|-start|p1b: Zamazenta|move: Taunt\n|move|p2a: Calyrex|Astral Barrage|p1b: Zamazenta\n|-damage|p1b: Zamazenta|41/100\n|move|p1b: Zamazenta|Heavy Slam|p2a: Calyrex\n|-damage|p2a: Calyrex|39/100\n|\n|upkeep\n|turn|7\n|\n|t:|1775915135\n|move|p2a: Calyrex|Astral Barrage|p1b: Zamazenta\n|-damage|p1b: Zamazenta|0 fnt\n|faint|p1b: Zamazenta\n|\n|win|blackred123\u6c38\u96cf\u5854\u83f2\u4fa0\n|raw|nngf\u9b3c\u8749\u4fa0's rating: 1475 &rarr; <strong>1465</strong><br />(-10 for losing)\n|raw|blackred123\u6c38\u96cf\u5854\u83f2\u4fa0's rating: 1656 &rarr; <strong>1666</strong><br />(+10 for winning)\n","uploadtime":1775915148,"views":11,"formatid":"gen9vgc2026regi","rating":1465,"private":0,"password":null}