{"id":"gen9vgc2026regi-2567128424","format":"[Gen 9] VGC 2026 Reg I","players":["colombarda","Galact7adi"],"log":"|j|\u2606colombarda\n|j|\u2606Galact7adi\n|t:|1774451316\n|gametype|doubles\n|player|p1|colombarda|blaine|1367\n|player|p2|Galact7adi|1|1484\n|gen|9\n|tier|[Gen 9] VGC 2026 Reg I\n|rated|\n|rule|Species Clause: Limit one of each Pok\u00e9mon\n|rule|Item Clause: Limit 1 of each item\n|clearpoke\n|poke|p1|Palkia, L50|\n|poke|p1|Kyogre, L50|\n|poke|p1|Indeedee, L50, M|\n|poke|p1|Ursaluna, L50, M|\n|poke|p1|Tornadus, L50, M|\n|poke|p1|Wo-Chien, L50|\n|poke|p2|Miraidon, L50|\n|poke|p2|Calyrex-Ice, L50|\n|poke|p2|Farigiraf, L50, M|\n|poke|p2|Iron Hands, L50|\n|poke|p2|Clefairy, L50, M|\n|poke|p2|Ursaluna-Bloodmoon, L50, M|\n|teampreview|4\n|inactive|Battle timer is ON: inactive players will automatically lose when time's up. (requested by colombarda)\n|inactive|Galact7adi also wants the timer to be on.\n|inactive|Galact7adi has 60 seconds left.\n|\n|t:|1774451358\n|teamsize|p1|4\n|teamsize|p2|4\n|start\n|switch|p1a: Indeedee|Indeedee, L50, M|100/100\n|switch|p1b: Wo-Chien|Wo-Chien, L50|100/100\n|switch|p2a: Iron Hands|Iron Hands, L50|100/100\n|switch|p2b: Calyrex|Calyrex-Ice, L50|100/100\n|-ability|p2b: Calyrex|As One\n|-ability|p2b: Calyrex|Unnerve\n|-fieldstart|move: Psychic Terrain|[from] ability: Psychic Surge|[of] p1a: Indeedee\n|-ability|p1b: Wo-Chien|Tablets of Ruin\n|turn|1\n|\n|t:|1774451376\n|-end|p2a: Iron Hands|Quark Drive|[silent]\n|switch|p2a: Farigiraf|Farigiraf, L50, M|100/100\n|move|p1a: Indeedee|Expanding Force|p2a: Farigiraf|[spread] p2a,p2b\n|-resisted|p2a: Farigiraf\n|-resisted|p2b: Calyrex\n|-damage|p2a: Farigiraf|82/100\n|-damage|p2b: Calyrex|82/100\n|move|p1b: Wo-Chien|Leech Seed|p2b: Calyrex\n|-start|p2b: Calyrex|move: Leech Seed\n|move|p2b: Calyrex|Glacial Lance|p1b: Wo-Chien|[spread] p1a,p1b\n|-supereffective|p1b: Wo-Chien\n|-enditem|p1a: Indeedee|Focus Sash\n|-damage|p1a: Indeedee|1/100\n|-damage|p1b: Wo-Chien|24/100\n|\n|-heal|p1b: Wo-Chien|30/100|[from] item: Leftovers\n|-damage|p2b: Calyrex|69/100|[from] Leech Seed|[of] p1b: Wo-Chien\n|-heal|p1b: Wo-Chien|42/100|[silent]\n|upkeep\n|turn|2\n|inactive|colombarda has 30 seconds left.\n|\n|t:|1774451406\n|switch|p1a: Kyogre|Kyogre, L50|100/100\n|-weather|RainDance|[from] ability: Drizzle|[of] p1a: Kyogre\n|move|p1b: Wo-Chien|Protect|p1b: Wo-Chien\n|-singleturn|p1b: Wo-Chien|Protect\n|move|p2b: Calyrex|Glacial Lance|p1a: Kyogre|[spread] p1a\n|-activate|p1b: Wo-Chien|move: Protect\n|-resisted|p1a: Kyogre\n|-damage|p1a: Kyogre|80/100\n|move|p2a: Farigiraf|Trick Room|p2a: Farigiraf\n|-fieldstart|move: Trick Room|[of] p2a: Farigiraf\n|\n|-weather|RainDance|[upkeep]\n|-heal|p1b: Wo-Chien|48/100|[from] item: Leftovers\n|-damage|p2b: Calyrex|57/100|[from] Leech Seed|[of] p1b: Wo-Chien\n|-heal|p1b: Wo-Chien|60/100|[silent]\n|upkeep\n|turn|3\n|\n|t:|1774451425\n|switch|p2b: Iron Hands|Iron Hands, L50|100/100\n|-terastallize|p1b: Wo-Chien|Poison\n|move|p2a: Farigiraf|Psychic Noise|p1a: Kyogre\n|-damage|p1a: Kyogre|54/100\n|-start|p1a: Kyogre|move: Heal Block\n|move|p1a: Kyogre|Origin Pulse|p2b: Iron Hands|[spread] p2b\n|-miss|p1a: Kyogre|p2a: Farigiraf\n|-damage|p2b: Iron Hands|53/100\n|move|p1b: Wo-Chien|Pollen Puff||[still]\n|cant|p1b: Wo-Chien|move: Heal Block|Pollen Puff\n|\n|-weather|RainDance|[upkeep]\n|-heal|p1b: Wo-Chien|65/100|[from] item: Leftovers\n|upkeep\n|turn|4\n|\n|t:|1774451445\n|switch|p1a: Ursaluna|Ursaluna, L50, M|100/100\n|move|p1b: Wo-Chien|Protect|p1b: Wo-Chien\n|-singleturn|p1b: Wo-Chien|Protect\n|move|p2b: Iron Hands|Drain Punch|p1a: Ursaluna\n|-supereffective|p1a: Ursaluna\n|-damage|p1a: Ursaluna|52/100\n|-heal|p2b: Iron Hands|75/100|[from] drain|[of] p1a: Ursaluna\n|move|p2a: Farigiraf|Psychic Noise|p1b: Wo-Chien\n|-activate|p1b: Wo-Chien|move: Protect\n|\n|-weather|RainDance|[upkeep]\n|-heal|p1b: Wo-Chien|71/100|[from] item: Leftovers\n|-status|p1a: Ursaluna|brn|[from] item: Flame Orb\n|upkeep\n|turn|5\n|\n|t:|1774451461\n|switch|p1a: Indeedee|Indeedee, L50, M|1/100\n|-terastallize|p2b: Iron Hands|Bug\n|move|p2a: Farigiraf|Helping Hand|p2b: Iron Hands\n|-singleturn|p2b: Iron Hands|Helping Hand|[of] p2a: Farigiraf\n|move|p2b: Iron Hands|Drain Punch|p1a: Indeedee\n|-damage|p1a: Indeedee|0 fnt\n|-heal|p2b: Iron Hands|75/100|[from] drain|[of] p1a: Indeedee\n|faint|p1a: Indeedee\n|move|p1b: Wo-Chien|Leech Seed|p2b: Iron Hands\n|-start|p2b: Iron Hands|move: Leech Seed\n|\n|-weather|RainDance|[upkeep]\n|-heal|p1b: Wo-Chien|77/100|[from] item: Leftovers\n|-damage|p2b: Iron Hands|63/100|[from] Leech Seed|[of] p1b: Wo-Chien\n|-heal|p1b: Wo-Chien|93/100|[silent]\n|-fieldend|move: Psychic Terrain\n|upkeep\n|\n|t:|1774451467\n|switch|p1a: Ursaluna|Ursaluna, L50, M|52/100 brn\n|turn|6\n|\n|t:|1774451476\n|move|p1a: Ursaluna|Protect|p1a: Ursaluna\n|-singleturn|p1a: Ursaluna|Protect\n|move|p1b: Wo-Chien|Protect|p1b: Wo-Chien\n|-singleturn|p1b: Wo-Chien|Protect\n|move|p2b: Iron Hands|Low Kick|p1a: Ursaluna\n|-activate|p1a: Ursaluna|move: Protect\n|move|p2a: Farigiraf|Psychic Noise|p1b: Wo-Chien\n|-activate|p1b: Wo-Chien|move: Protect\n|\n|-weather|none\n|-heal|p1b: Wo-Chien|98/100|[from] item: Leftovers\n|-damage|p2b: Iron Hands|50/100|[from] Leech Seed|[of] p1b: Wo-Chien\n|-heal|p1b: Wo-Chien|100/100|[silent]\n|-damage|p1a: Ursaluna|46/100 brn|[from] brn\n|-fieldend|move: Trick Room\n|upkeep\n|turn|7\n|\n|t:|1774451489\n|-end|p2b: Iron Hands|Quark Drive|[silent]\n|switch|p2b: Calyrex|Calyrex-Ice, L50|57/100\n|-ability|p2b: Calyrex|As One\n|-ability|p2b: Calyrex|Unnerve\n|move|p1b: Wo-Chien|Pollen Puff|p1a: Ursaluna\n|-heal|p1a: Ursaluna|96/100 brn\n|move|p1a: Ursaluna|Facade|p2a: Farigiraf\n|-damage|p2a: Farigiraf|1/100\n|move|p2a: Farigiraf|Psychic Noise|p1b: Wo-Chien\n|-supereffective|p1b: Wo-Chien\n|-damage|p1b: Wo-Chien|65/100\n|-start|p1b: Wo-Chien|move: Heal Block\n|\n|-damage|p1a: Ursaluna|90/100 brn|[from] brn\n|upkeep\n|turn|8\n|inactive|Galact7adi has 30 seconds left.\n|\n|t:|1774451517\n|move|p2b: Calyrex|Protect|p2b: Calyrex\n|-singleturn|p2b: Calyrex|Protect\n|move|p1b: Wo-Chien|Snarl|p2a: Farigiraf|[spread] p2a\n|-activate|p2b: Calyrex|move: Protect\n|-supereffective|p2a: Farigiraf\n|-damage|p2a: Farigiraf|0 fnt\n|faint|p2a: Farigiraf\n|move|p1a: Ursaluna|Facade|p2b: Calyrex\n|-activate|p2b: Calyrex|move: Protect\n|\n|-damage|p1a: Ursaluna|84/100 brn|[from] brn\n|-end|p1b: Wo-Chien|move: Heal Block\n|upkeep\n|\n|t:|1774451526\n|switch|p2a: Iron Hands|Iron Hands, L50, tera:Bug|50/100\n|turn|9\n|\n|t:|1774451542\n|move|p2a: Iron Hands|Fake Out|p1a: Ursaluna\n|-damage|p1a: Ursaluna|74/100 brn\n|move|p1b: Wo-Chien|Leech Seed|p2b: Calyrex|[miss]\n|-miss|p1b: Wo-Chien|p2b: Calyrex\n|cant|p1a: Ursaluna|flinch\n|move|p2b: Calyrex|Trick Room|p2b: Calyrex\n|-fieldstart|move: Trick Room|[of] p2b: Calyrex\n|\n|-heal|p1b: Wo-Chien|71/100|[from] item: Leftovers\n|-damage|p1a: Ursaluna|68/100 brn|[from] brn\n|upkeep\n|turn|10\n|\n|t:|1774451552\n|move|p1a: Ursaluna|Protect|p1a: Ursaluna\n|-singleturn|p1a: Ursaluna|Protect\n|move|p2b: Calyrex|Glacial Lance|p1a: Ursaluna|[spread] p1b\n|-activate|p1a: Ursaluna|move: Protect\n|-damage|p1b: Wo-Chien|29/100\n|move|p2a: Iron Hands|Wild Charge|p1b: Wo-Chien\n|-damage|p1b: Wo-Chien|0 fnt\n|faint|p1b: Wo-Chien\n|-damage|p2a: Iron Hands|45/100|[from] Recoil\n|\n|-damage|p1a: Ursaluna|62/100 brn|[from] brn\n|upkeep\n|\n|t:|1774451555\n|switch|p1b: Kyogre|Kyogre, L50|54/100\n|-weather|RainDance|[from] ability: Drizzle|[of] p1b: Kyogre\n|turn|11\n|\n|t:|1774451558\n|move|p1a: Ursaluna|Protect||[still]\n|-fail|p1a: Ursaluna\n|move|p1b: Kyogre|Protect|p1b: Kyogre\n|-singleturn|p1b: Kyogre|Protect\n|move|p2b: Calyrex|Glacial Lance|p1a: Ursaluna|[spread] p1a\n|-activate|p1b: Kyogre|move: Protect\n|-supereffective|p1a: Ursaluna\n|-damage|p1a: Ursaluna|0 fnt\n|faint|p1a: Ursaluna\n|-ability|p2b: Calyrex|Chilling Neigh|boost\n|-boost|p2b: Calyrex|atk|1\n|move|p2a: Iron Hands|Wild Charge|p1b: Kyogre\n|-activate|p1b: Kyogre|move: Protect\n|\n|-weather|RainDance|[upkeep]\n|upkeep\n|turn|12\n|\n|t:|1774451563\n|move|p1b: Kyogre|Protect||[still]\n|-fail|p1b: Kyogre\n|move|p2b: Calyrex|High Horsepower|p1b: Kyogre\n|-damage|p1b: Kyogre|0 fnt\n|faint|p1b: Kyogre\n|\n|win|Galact7adi\n|raw|colombarda's rating: 1367 &rarr; <strong>1353</strong><br />(-14 for losing)\n|raw|Galact7adi's rating: 1484 &rarr; <strong>1498</strong><br />(+14 for winning)\n|c|\u2606Galact7adi|Gg wp\n|l|\u2606colombarda\n|player|p1|\n|l|\u2606Galact7adi\n|player|p2|\n","uploadtime":1774451795,"views":10,"formatid":"gen9vgc2026regi","rating":1353,"private":0,"password":null}