{"id":"gen9vgc2026regi-2570046372","format":"[Gen 9] VGC 2026 Reg I","players":["fallacy277","pokemacholives"],"log":"|j|\u2606fallacy277\n|j|\u2606pokemacholives\n|t:|1774761135\n|gametype|doubles\n|player|p1|fallacy277|102|1309\n|player|p2|pokemacholives|169|1284\n|gen|9\n|tier|[Gen 9] VGC 2026 Reg I\n|rated|\n|rule|Species Clause: Limit one of each Pok\u00e9mon\n|rule|Item Clause: Limit 1 of each item\n|clearpoke\n|poke|p1|Groudon, L50|\n|poke|p1|Calyrex-Ice, L50|\n|poke|p1|Flutter Mane, L50|\n|poke|p1|Gouging Fire, L50|\n|poke|p1|Jumpluff, L50, F|\n|poke|p1|Raging Bolt, L50|\n|poke|p2|Dusknoir, L50, F|\n|poke|p2|Indeedee-F, L50, F|\n|poke|p2|Calyrex-Ice, L50|\n|poke|p2|Maushold-Four, L50|\n|poke|p2|Kyogre, L50|\n|poke|p2|Incineroar, L50, M|\n|teampreview|4\n|inactive|Battle timer is ON: inactive players will automatically lose when time's up. (requested by pokemacholives)\n|inactive|fallacy277 has 60 seconds left.\npokemacholives rejected open team sheets.\n|inactive|pokemacholives has 60 seconds left.\n|\n|t:|1774761191\n|teamsize|p1|4\n|teamsize|p2|4\n|start\n|switch|p1a: Calyrex|Calyrex-Ice, L50|100/100\n|switch|p1b: Raging Bolt|Raging Bolt, L50|100/100\n|switch|p2a: Karl Antony Towns|Incineroar, L50, M|100/100\n|switch|p2b: Doorman|Dusknoir, L50, F|100/100\n|-ability|p1a: Calyrex|As One\n|-ability|p1a: Calyrex|Unnerve\n|-ability|p2a: Karl Antony Towns|Intimidate|boost\n|-unboost|p1a: Calyrex|atk|1\n|-unboost|p1b: Raging Bolt|atk|1\n|-item|p1a: Calyrex|Assault Vest|[from] ability: Frisk|[of] p2b: Doorman\n|-item|p1b: Raging Bolt|Zap Plate|[from] ability: Frisk|[of] p2b: Doorman\n|turn|1\n|\n|t:|1774761213\n|switch|p1a: Flutter Mane|Flutter Mane, L50|100/100\n|move|p2a: Karl Antony Towns|Fake Out|p1a: Flutter Mane\n|-immune|p1a: Flutter Mane\n|move|p1b: Raging Bolt|Thunderbolt|p2b: Doorman\n|-damage|p2b: Doorman|57/100\n|move|p2b: Doorman|Trick Room|p2b: Doorman\n|-fieldstart|move: Trick Room|[of] p2b: Doorman\n|\n|upkeep\n|turn|2\n|\n|t:|1774761235\n|move|p2b: Doorman|Poltergeist|p1a: Flutter Mane\n|-activate|p1a: Flutter Mane|move: Poltergeist|Sitrus Berry\n|-supereffective|p1a: Flutter Mane\n|-damage|p1a: Flutter Mane|0 fnt\n|faint|p1a: Flutter Mane\n|-end|p1a: Flutter Mane|Protosynthesis|[silent]\n|move|p2a: Karl Antony Towns|Earthquake|p1b: Raging Bolt|[spread] p2b,p1b\n|-supereffective|p1b: Raging Bolt\n|-crit|p1b: Raging Bolt\n|-damage|p2b: Doorman|26/100\n|-damage|p1b: Raging Bolt|16/100\n|-damage|p2a: Karl Antony Towns|91/100|[from] item: Life Orb\n|move|p1b: Raging Bolt|Thunderbolt|p2b: Doorman\n|-damage|p2b: Doorman|0 fnt\n|faint|p2b: Doorman\n|\n|upkeep\n|\n|t:|1774761249\n|switch|p2b: MyLittlePony|Calyrex-Ice, L50|100/100\n|switch|p1a: Calyrex|Calyrex-Ice, L50|100/100\n|-ability|p2b: MyLittlePony|As One\n|-ability|p2b: MyLittlePony|Unnerve\n|-ability|p1a: Calyrex|As One\n|-ability|p1a: Calyrex|Unnerve\n|turn|3\n|\n|t:|1774761259\n|-terastallize|p1a: Calyrex|Fire\n|move|p1b: Raging Bolt|Protect|p1b: Raging Bolt\n|-singleturn|p1b: Raging Bolt|Protect\n|move|p2b: MyLittlePony|Glacial Lance|p1b: Raging Bolt|[spread] p1a\n|-activate|p1b: Raging Bolt|move: Protect\n|-resisted|p1a: Calyrex\n|-damage|p1a: Calyrex|82/100\n|move|p2a: Karl Antony Towns|Flare Blitz|p1a: Calyrex\n|-resisted|p1a: Calyrex\n|-damage|p1a: Calyrex|58/100\n|-damage|p2a: Karl Antony Towns|83/100|[from] Recoil\n|-damage|p2a: Karl Antony Towns|73/100|[from] item: Life Orb\n|move|p1a: Calyrex|Tera Blast|p2b: MyLittlePony|[anim] Tera Blast Fire\n|-supereffective|p2b: MyLittlePony\n|-damage|p2b: MyLittlePony|36/100\n|\n|upkeep\n|turn|4\n|inactive|pokemacholives has 30 seconds left.\n|\n|t:|1774761288\n|switch|p1a: Groudon|Groudon, L50|100/100\n|-weather|SunnyDay|[from] ability: Drought|[of] p1a: Groudon\n|-activate|p1b: Raging Bolt|ability: Protosynthesis\n|-start|p1b: Raging Bolt|protosynthesisspa\n|-terastallize|p2a: Karl Antony Towns|Ground\n|move|p2b: MyLittlePony|Protect|p2b: MyLittlePony\n|-singleturn|p2b: MyLittlePony|Protect\n|move|p1b: Raging Bolt|Thunderclap||[still]\n|-fail|p1b: Raging Bolt\n|move|p2a: Karl Antony Towns|Earthquake|p1a: Groudon|[spread] p1a,p1b\n|-activate|p2b: MyLittlePony|move: Protect\n|-supereffective|p1b: Raging Bolt\n|-damage|p1a: Groudon|70/100\n|-damage|p1b: Raging Bolt|0 fnt\n|faint|p1b: Raging Bolt\n|-end|p1b: Raging Bolt|Protosynthesis|[silent]\n|-damage|p2a: Karl Antony Towns|63/100|[from] item: Life Orb\n|\n|-weather|SunnyDay|[upkeep]\n|upkeep\n|\n|t:|1774761301\n|switch|p1b: Calyrex|Calyrex-Ice, L50, tera:Fire|58/100\n|-ability|p1b: Calyrex|As One\n|-ability|p1b: Calyrex|Unnerve\n|turn|5\n|\n|t:|1774761310\n|move|p1a: Groudon|Helping Hand|p1b: Calyrex\n|-singleturn|p1b: Calyrex|Helping Hand|[of] p1a: Groudon\n|move|p2b: MyLittlePony|Glacial Lance|p1a: Groudon|[spread] p1a,p1b\n|-supereffective|p1a: Groudon\n|-resisted|p1b: Calyrex\n|-damage|p1a: Groudon|0 fnt\n|-damage|p1b: Calyrex|38/100\n|faint|p1a: Groudon\n|-ability|p2b: MyLittlePony|Chilling Neigh|boost\n|-boost|p2b: MyLittlePony|atk|1\n|move|p2a: Karl Antony Towns|Earthquake|p1b: Calyrex|[spread] p2b,p1b\n|-supereffective|p1b: Calyrex\n|-damage|p2b: MyLittlePony|5/100\n|-damage|p1b: Calyrex|0 fnt\n|faint|p1b: Calyrex\n|-damage|p2a: Karl Antony Towns|53/100|[from] item: Life Orb\n|\n|win|pokemacholives\n|raw|fallacy277's rating: 1309 &rarr; <strong>1288</strong><br />(-21 for losing)\n|raw|pokemacholives's rating: 1284 &rarr; <strong>1311</strong><br />(+27 for winning)\n|l|\u2606fallacy277\n|player|p1|\n|l|\u2606pokemacholives\n|player|p2|\n","uploadtime":1774761492,"views":13,"formatid":"gen9vgc2026regi","rating":1288,"private":0,"password":null}