{"id":"gen9vgc2026regi-2541331371","format":"[Gen 9] VGC 2026 Reg I","players":["thecheekymeek","fogdocker"],"log":"|j|\u2606thecheekymeek\n|j|\u2606fogdocker\n|t:|1771318824\n|gametype|doubles\n|player|p1|thecheekymeek|265|1426\n|player|p2|fogdocker|101|1391\n|gen|9\n|tier|[Gen 9] VGC 2026 Reg I\n|rated|\n|rule|Species Clause: Limit one of each Pok\u00e9mon\n|rule|Item Clause: Limit 1 of each item\n|clearpoke\n|poke|p1|Rillaboom, L50, F|\n|poke|p1|Calyrex-Shadow, L50|\n|poke|p1|Incineroar, L50, F|\n|poke|p1|Clefairy, L50, M|\n|poke|p1|Miraidon, L50|\n|poke|p1|Grimmsnarl, L50, M|\n|poke|p2|Calyrex-Ice, L50|\n|poke|p2|Koraidon, L50|\n|poke|p2|Flutter Mane, L50|\n|poke|p2|Incineroar, L50, M|\n|poke|p2|Rillaboom, L50, F|\n|poke|p2|Volcarona, L50, M|\n|teampreview|4\n|inactive|Battle timer is ON: inactive players will automatically lose when time's up. (requested by thecheekymeek)\n|inactive|fogdocker has 60 seconds left.\n|\n|t:|1771318867\n|teamsize|p1|4\n|teamsize|p2|4\n|start\n|switch|p1a: Calyrex|Calyrex-Shadow, L50|100/100\n|switch|p1b: Grimmsnarl|Grimmsnarl, L50, M|100/100\n|switch|p2a: Flutter Mane|Flutter Mane, L50|100/100\n|switch|p2b: Koraidon|Koraidon, L50|100/100\n|-ability|p1a: Calyrex|As One\n|-ability|p1a: Calyrex|Unnerve\n|-weather|SunnyDay|[from] ability: Orichalcum Pulse|[of] p2b: Koraidon\n|-activate|p2a: Flutter Mane|ability: Protosynthesis\n|-start|p2a: Flutter Mane|protosynthesisspe\n|-activate|p2b: Koraidon|Orichalcum Pulse|[source]\n|turn|1\n|inactive|thecheekymeek has 30 seconds left.\n|\n|t:|1771318895\n|move|p1a: Calyrex|Protect|p1a: Calyrex\n|-singleturn|p1a: Calyrex|Protect\n|move|p1b: Grimmsnarl|Thunder Wave|p2b: Koraidon\n|-status|p2b: Koraidon|par\n|move|p2a: Flutter Mane|Icy Wind|p1a: Calyrex|[spread] p1b\n|-activate|p1a: Calyrex|move: Protect\n|-damage|p1b: Grimmsnarl|88/100\n|-unboost|p1b: Grimmsnarl|spe|1\n|move|p2b: Koraidon|Flare Blitz|p1a: Calyrex\n|-activate|p1a: Calyrex|move: Protect\n|\n|-weather|SunnyDay|[upkeep]\n|upkeep\n|turn|2\n|j| jiuhaili\n|\n|t:|1771318919\n|-terastallize|p1a: Calyrex|Fairy\n|move|p1b: Grimmsnarl|Reflect|p1b: Grimmsnarl\n|-sidestart|p1: thecheekymeek|Reflect\n|move|p2a: Flutter Mane|Shadow Ball|p1a: Calyrex\n|-damage|p1a: Calyrex|65/100\n|move|p1a: Calyrex|Draining Kiss|p2b: Koraidon\n|-supereffective|p2b: Koraidon\n|-crit|p2b: Koraidon\n|-damage|p2b: Koraidon|0 fnt\n|-heal|p1a: Calyrex|100/100|[from] drain|[of] p2b: Koraidon\n|faint|p2b: Koraidon\n|-ability|p1a: Calyrex|Grim Neigh|boost\n|-boost|p1a: Calyrex|spa|1\n|\n|-weather|SunnyDay|[upkeep]\n|upkeep\n|\n|t:|1771318935\n|switch|p2b: Calyrex|Calyrex-Ice, L50|100/100\n|-ability|p2b: Calyrex|As One\n|-ability|p2b: Calyrex|Unnerve\n|turn|3\n|inactive|thecheekymeek has 30 seconds left.\n|\n|t:|1771318970\n|-end|p2a: Flutter Mane|Protosynthesis|[silent]\n|switch|p2a: Rillaboom|Rillaboom, L50, F|100/100\n|-fieldstart|move: Grassy Terrain|[from] ability: Grassy Surge|[of] p2a: Rillaboom\n|-terastallize|p2b: Calyrex|Water\n|move|p1b: Grimmsnarl|Thunder Wave|p2b: Calyrex\n|-status|p2b: Calyrex|par\n|move|p1a: Calyrex|Astral Barrage|p2a: Rillaboom|[spread] p2a,p2b\n|-damage|p2a: Rillaboom|56/100\n|-damage|p2b: Calyrex|57/100 par\n|move|p2b: Calyrex|Trick Room|p2b: Calyrex\n|-fieldstart|move: Trick Room|[of] p2b: Calyrex\n|\n|-weather|SunnyDay|[upkeep]\n|-heal|p2b: Calyrex|63/100 par|[from] Grassy Terrain\n|-heal|p2b: Calyrex|69/100 par|[from] item: Leftovers\n|-heal|p1b: Grimmsnarl|94/100|[from] Grassy Terrain\n|-heal|p2a: Rillaboom|62/100|[from] Grassy Terrain\n|upkeep\n|turn|4\n|inactive|thecheekymeek has 30 seconds left.\n|\n|t:|1771318998\n|move|p2a: Rillaboom|Fake Out|p1a: Calyrex\n|-damage|p1a: Calyrex|91/100\n|move|p1b: Grimmsnarl|Thunder Wave|p2a: Rillaboom\n|-status|p2a: Rillaboom|par\n|move|p2b: Calyrex|Leech Seed|p1b: Grimmsnarl\n|-start|p1b: Grimmsnarl|move: Leech Seed\n|move|p1a: Calyrex|Draining Kiss|p2b: Calyrex\n|-damage|p2b: Calyrex|39/100 par\n|-heal|p1a: Calyrex|100/100|[from] drain|[of] p2b: Calyrex\n|\n|-weather|SunnyDay|[upkeep]\n|-heal|p2b: Calyrex|45/100 par|[from] Grassy Terrain\n|-heal|p2b: Calyrex|51/100 par|[from] item: Leftovers\n|-heal|p2a: Rillaboom|68/100 par|[from] Grassy Terrain\n|-heal|p1b: Grimmsnarl|99/100|[from] Grassy Terrain\n|-damage|p1b: Grimmsnarl|87/100|[from] Leech Seed|[of] p2b: Calyrex\n|-heal|p2b: Calyrex|63/100 par|[silent]\n|upkeep\n|turn|5\n|\n|t:|1771319016\n|switch|p1b: Clefairy|Clefairy, L50, M|100/100\n|move|p1a: Calyrex|Protect|p1a: Calyrex\n|-singleturn|p1a: Calyrex|Protect\n|move|p2b: Calyrex|Glacial Lance|p1b: Clefairy|[spread] p1b\n|-activate|p1a: Calyrex|move: Protect\n|-damage|p1b: Clefairy|75/100\n|cant|p2a: Rillaboom|par\n|\n|-weather|none\n|-heal|p2b: Calyrex|69/100 par|[from] Grassy Terrain\n|-heal|p2b: Calyrex|74/100 par|[from] item: Leftovers\n|-heal|p1b: Clefairy|81/100|[from] Grassy Terrain\n|-heal|p2a: Rillaboom|74/100 par|[from] Grassy Terrain\n|upkeep\n|turn|6\n|\n|t:|1771319034\n|move|p1b: Clefairy|Follow Me|p1b: Clefairy\n|-singleturn|p1b: Clefairy|move: Follow Me\n|move|p2b: Calyrex|Glacial Lance|p1b: Clefairy|[spread] p1a,p1b\n|-damage|p1a: Calyrex|78/100\n|-damage|p1b: Clefairy|57/100\n|cant|p2a: Rillaboom|par\n|move|p1a: Calyrex|Astral Barrage|p2a: Rillaboom|[spread] p2a,p2b\n|-damage|p2a: Rillaboom|30/100 par\n|-damage|p2b: Calyrex|31/100 par\n|\n|-heal|p2b: Calyrex|37/100 par|[from] Grassy Terrain\n|-heal|p2b: Calyrex|43/100 par|[from] item: Leftovers\n|-heal|p1b: Clefairy|63/100|[from] Grassy Terrain\n|-heal|p2a: Rillaboom|36/100 par|[from] Grassy Terrain\n|-heal|p1a: Calyrex|84/100|[from] Grassy Terrain\n|upkeep\n|turn|7\n|\n|t:|1771319061\n|move|p1b: Clefairy|Protect|p1b: Clefairy\n|-singleturn|p1b: Clefairy|Protect\n|move|p1a: Calyrex|Protect|p1a: Calyrex\n|-singleturn|p1a: Calyrex|Protect\n|move|p2b: Calyrex|Glacial Lance|p1b: Clefairy|[spread] \n|-activate|p1a: Calyrex|move: Protect\n|-activate|p1b: Clefairy|move: Protect\n|cant|p2a: Rillaboom|par\n|\n|-heal|p2b: Calyrex|48/100 par|[from] Grassy Terrain\n|-heal|p2b: Calyrex|54/100 par|[from] item: Leftovers\n|-heal|p1b: Clefairy|69/100|[from] Grassy Terrain\n|-heal|p2a: Rillaboom|42/100 par|[from] Grassy Terrain\n|-heal|p1a: Calyrex|90/100|[from] Grassy Terrain\n|-fieldend|move: Trick Room\n|-fieldend|move: Grassy Terrain\n|upkeep\n|turn|8\n|\n|t:|1771319081\n|move|p1b: Clefairy|Helping Hand|p1a: Calyrex\n|-singleturn|p1a: Calyrex|Helping Hand|[of] p1b: Clefairy\n|cant|p2b: Calyrex|par\n|move|p1a: Calyrex|Astral Barrage|p2a: Rillaboom|[spread] p2a,p2b\n|-damage|p2a: Rillaboom|0 fnt\n|-damage|p2b: Calyrex|0 fnt\n|faint|p2a: Rillaboom\n|faint|p2b: Calyrex\n|-ability|p1a: Calyrex|Grim Neigh|boost\n|-boost|p1a: Calyrex|spa|2\n|\n|upkeep\n|c|\u2606thecheekymeek|Sorry\n|-message|fogdocker forfeited.\n|\n|win|thecheekymeek\n|raw|thecheekymeek's rating: 1426 &rarr; <strong>1444</strong><br />(+18 for winning)\n|raw|fogdocker's rating: 1391 &rarr; <strong>1373</strong><br />(-18 for losing)\n|l|\u2606thecheekymeek\n|player|p1|\n|l| jiuhaili\n","uploadtime":1771319104,"views":12,"formatid":"gen9vgc2026regi","rating":1373,"private":0,"password":null}