{"id":"gen9vgc2026regi-2540705599","format":"[Gen 9] VGC 2026 Reg I","players":["fogdocker","raykit123"],"log":"|j|\u2606fogdocker\n|j|\u2606raykit123\n|t:|1771243298\n|gametype|doubles\n|player|p1|fogdocker|1|1348\n|player|p2|raykit123|hilbert|1266\n|gen|9\n|tier|[Gen 9] VGC 2026 Reg I\n|rated|\n|rule|Species Clause: Limit one of each Pok\u00e9mon\n|rule|Item Clause: Limit 1 of each item\n|clearpoke\n|poke|p1|Terapagos, L50, M|\n|poke|p1|Miraidon, L50|\n|poke|p1|Sinistcha, L50|\n|poke|p1|Incineroar, L50, M|\n|poke|p1|Iron Treads, L50|\n|poke|p1|Urshifu-*, L50, F|\n|poke|p2|Rayquaza, L50|\n|poke|p2|Calyrex-Shadow, L50|\n|poke|p2|Incineroar, L50, M|\n|poke|p2|Chien-Pao, L50|\n|poke|p2|Amoonguss, L50, M|\n|poke|p2|Rillaboom, L50, M|\n|teampreview|4\n|inactive|Battle timer is ON: inactive players will automatically lose when time's up. (requested by raykit123)\n|\n|t:|1771243320\n|teamsize|p1|4\n|teamsize|p2|4\n|start\n|switch|p1a: Miraidon|Miraidon, L50|100/100\n|switch|p1b: Iron Treads|Iron Treads, L50|100/100\n|switch|p2a: Rayquaza|Rayquaza, L50, shiny|100/100\n|switch|p2b: Incineroar|Incineroar, L50, M, shiny|100/100\n|-fieldstart|move: Electric Terrain|[from] ability: Hadron Engine|[of] p1a: Miraidon\n|-activate|p1b: Iron Treads|ability: Quark Drive\n|-start|p1b: Iron Treads|quarkdrivespe\n|-ability|p2a: Rayquaza|Air Lock\n|-ability|p2b: Incineroar|Intimidate|boost\n|-unboost|p1a: Miraidon|atk|1\n|-unboost|p1b: Iron Treads|atk|1\n|turn|1\n|\n|t:|1771243340\n|switch|p1a: Incineroar|Incineroar, L50, M|100/100\n|-ability|p1a: Incineroar|Intimidate|boost\n|-fail|p2a: Rayquaza|unboost|[from] item: Clear Amulet|[of] p2a: Rayquaza\n|-unboost|p2b: Incineroar|atk|1\n|move|p2b: Incineroar|Fake Out|p1a: Incineroar\n|-damage|p1a: Incineroar|93/100\n|-damage|p2b: Incineroar|84/100|[from] item: Rocky Helmet|[of] p1a: Incineroar\n|move|p1b: Iron Treads|Steel Roller|p2a: Rayquaza\n|-damage|p2a: Rayquaza|52/100\n|-fieldend|move: Electric Terrain\n|-end|p1b: Iron Treads|Quark Drive\n|-damage|p1b: Iron Treads|91/100|[from] item: Life Orb\n|move|p2a: Rayquaza|Swords Dance|p2a: Rayquaza\n|-boost|p2a: Rayquaza|atk|2\n|\n|upkeep\n|turn|2\n|\n|t:|1771243361\n|-end|p1b: Iron Treads|Quark Drive|[silent]\n|switch|p1b: Miraidon|Miraidon, L50|100/100\n|-fieldstart|move: Electric Terrain|[from] ability: Hadron Engine|[of] p1b: Miraidon\n|-terastallize|p2a: Rayquaza|Normal\n|move|p2a: Rayquaza|Extreme Speed|p1a: Incineroar\n|-damage|p1a: Incineroar|22/100\n|-damage|p2a: Rayquaza|36/100|[from] item: Rocky Helmet|[of] p1a: Incineroar\n|move|p1a: Incineroar|Parting Shot|p2b: Incineroar\n|-unboost|p2b: Incineroar|atk|1\n|-unboost|p2b: Incineroar|spa|1\n|\n|t:|1771243372\n|switch|p1a: Iron Treads|Iron Treads, L50|91/100|[from] Parting Shot\n|-activate|p1a: Iron Treads|ability: Quark Drive\n|-start|p1a: Iron Treads|quarkdrivespe\n|move|p2b: Incineroar|Flare Blitz|p1b: Miraidon\n|-resisted|p1b: Miraidon\n|-damage|p1b: Miraidon|86/100\n|-status|p1b: Miraidon|brn\n|-damage|p2b: Incineroar|79/100|[from] Recoil\n|\n|-damage|p1b: Miraidon|80/100 brn|[from] brn\n|upkeep\n|turn|3\n|\n|t:|1771243385\n|switch|p1b: Incineroar|Incineroar, L50, M|22/100\n|-ability|p1b: Incineroar|Intimidate|boost\n|-fail|p2a: Rayquaza|unboost|[from] item: Clear Amulet|[of] p2a: Rayquaza\n|-unboost|p2b: Incineroar|atk|1\n|switch|p2b: Chien-Pao|Chien-Pao, L50|100/100\n|-ability|p2b: Chien-Pao|Sword of Ruin\n|move|p2a: Rayquaza|Protect|p2a: Rayquaza\n|-singleturn|p2a: Rayquaza|Protect\n|move|p1a: Iron Treads|Steel Roller|p2a: Rayquaza\n|-activate|p2a: Rayquaza|move: Protect\n|\n|upkeep\n|turn|4\n|\n|t:|1771243401\n|move|p1b: Incineroar|Fake Out|p2a: Rayquaza\n|-crit|p2a: Rayquaza\n|-damage|p2a: Rayquaza|16/100\n|cant|p2a: Rayquaza|flinch\n|move|p1a: Iron Treads|Steel Roller|p2a: Rayquaza\n|-damage|p2a: Rayquaza|0 fnt\n|-fieldend|move: Electric Terrain\n|-end|p1a: Iron Treads|Quark Drive\n|faint|p2a: Rayquaza\n|-damage|p1a: Iron Treads|82/100|[from] item: Life Orb\n|move|p2b: Chien-Pao|Sacred Sword|p1a: Iron Treads\n|-supereffective|p1a: Iron Treads\n|-damage|p1a: Iron Treads|6/100\n|\n|upkeep\n|\n|t:|1771243416\n|switch|p2a: Incineroar|Incineroar, L50, M, shiny|79/100\n|-ability|p2a: Incineroar|Intimidate|boost\n|-unboost|p1a: Iron Treads|atk|1\n|-unboost|p1b: Incineroar|atk|1\n|turn|5\n|\n|t:|1771243437\n|switch|p1b: Miraidon|Miraidon, L50|80/100 brn\n|-fieldstart|move: Electric Terrain|[from] ability: Hadron Engine|[of] p1b: Miraidon\n|-activate|p1a: Iron Treads|ability: Quark Drive\n|-start|p1a: Iron Treads|quarkdrivespe\n|move|p2a: Incineroar|Fake Out|p1b: Miraidon\n|-damage|p1b: Miraidon|63/100 brn\n|move|p1a: Iron Treads|Steel Roller|p2b: Chien-Pao\n|-supereffective|p2b: Chien-Pao\n|-enditem|p2b: Chien-Pao|Focus Sash\n|-damage|p2b: Chien-Pao|1/100\n|-fieldend|move: Electric Terrain\n|-end|p1a: Iron Treads|Quark Drive\n|-damage|p1a: Iron Treads|0 fnt|[from] item: Life Orb\n|faint|p1a: Iron Treads\n|-end|p1a: Iron Treads|Quark Drive|[silent]\n|move|p2b: Chien-Pao|Ice Spinner|p1b: Miraidon\n|-supereffective|p1b: Miraidon\n|-damage|p1b: Miraidon|0 fnt\n|faint|p1b: Miraidon\n|\n|upkeep\n|\n|t:|1771243447\n|switch|p1a: Terapagos|Terapagos, L50, M|100/100\n|switch|p1b: Incineroar|Incineroar, L50, M|22/100\n|-activate|p1a: Terapagos|ability: Tera Shift\n|detailschange|p1a: Terapagos|Terapagos-Terastal, L50, M\n|-heal|p1a: Terapagos|100/100|[silent]\n|-ability|p1b: Incineroar|Intimidate|boost\n|-unboost|p2a: Incineroar|atk|1\n|-unboost|p2b: Chien-Pao|atk|1\n|turn|6\n|\n|t:|1771243462\n|move|p2b: Chien-Pao|Protect|p2b: Chien-Pao\n|-singleturn|p2b: Chien-Pao|Protect\n|move|p1b: Incineroar|Fake Out|p2b: Chien-Pao\n|-activate|p2b: Chien-Pao|move: Protect\n|move|p1a: Terapagos|Calm Mind|p1a: Terapagos\n|-boost|p1a: Terapagos|spa|1\n|-boost|p1a: Terapagos|spd|1\n|move|p2a: Incineroar|Parting Shot|p1a: Terapagos\n|-unboost|p1a: Terapagos|atk|1\n|-unboost|p1a: Terapagos|spa|1\n|\n|t:|1771243473\n|switch|p2a: Calyrex|Calyrex-Shadow, L50|100/100|[from] Parting Shot\n|-ability|p2a: Calyrex|As One\n|-ability|p2a: Calyrex|Unnerve\n|\n|upkeep\n|turn|7\n|\n|t:|1771243489\n|move|p2a: Calyrex|Tera Blast|p1b: Incineroar\n|-damage|p1b: Incineroar|0 fnt\n|faint|p1b: Incineroar\n|-ability|p2a: Calyrex|Grim Neigh|boost\n|-boost|p2a: Calyrex|spa|1\n|-damage|p2a: Calyrex|91/100|[from] item: Life Orb\n|move|p2b: Chien-Pao|Sacred Sword|p1a: Terapagos\n|-activate|p1a: Terapagos|ability: Tera Shell\n|-resisted|p1a: Terapagos\n|-damage|p1a: Terapagos|91/100\n|move|p1a: Terapagos|Tera Starstorm|p2b: Chien-Pao\n|-damage|p2b: Chien-Pao|0 fnt\n|faint|p2b: Chien-Pao\n|\n|upkeep\n|\n|t:|1771243503\n|switch|p2b: Incineroar|Incineroar, L50, M, shiny|79/100\n|-ability|p2b: Incineroar|Intimidate|boost\n|-unboost|p1a: Terapagos|atk|1\n|turn|8\n|\n|t:|1771243508\n|move|p1a: Terapagos|Protect|p1a: Terapagos\n|-singleturn|p1a: Terapagos|Protect\n|move|p2a: Calyrex|Psychic|p1a: Terapagos\n|-activate|p1a: Terapagos|move: Protect\n|move|p2b: Incineroar|Knock Off|p1a: Terapagos\n|-activate|p1a: Terapagos|move: Protect\n|\n|upkeep\n|turn|9\n|\n|t:|1771243519\n|-terastallize|p1a: Terapagos|Stellar\n|detailschange|p1a: Terapagos|Terapagos-Stellar, L50, M, tera:Stellar\n|-heal|p1a: Terapagos|93/100|[silent]\n|move|p2a: Calyrex|Psychic|p1a: Terapagos\n|-damage|p1a: Terapagos|46/100\n|-damage|p2a: Calyrex|81/100|[from] item: Life Orb\n|move|p1a: Terapagos|Tera Starstorm|p2a: Calyrex|[spread] p2a,p2b\n|-damage|p2a: Calyrex|38/100\n|-damage|p2b: Incineroar|43/100\n|-enditem|p2b: Incineroar|Sitrus Berry|[eat]\n|-heal|p2b: Incineroar|67/100|[from] item: Sitrus Berry\n|move|p2b: Incineroar|Knock Off|p1a: Terapagos\n|-damage|p1a: Terapagos|19/100\n|-enditem|p1a: Terapagos|Electric Seed|[from] move: Knock Off|[of] p2b: Incineroar\n|\n|upkeep\n|turn|10\n|\n|t:|1771243535\n|move|p2a: Calyrex|Psychic|p1a: Terapagos\n|-damage|p1a: Terapagos|0 fnt\n|faint|p1a: Terapagos\n|detailschange|p1: Terapagos|Terapagos, L50, M|[silent]\n|-damage|p2a: Calyrex|28/100|[from] item: Life Orb\n|\n|win|raykit123\n|raw|fogdocker's rating: 1348 &rarr; <strong>1323</strong><br />(-25 for losing)\n|raw|raykit123's rating: 1266 &rarr; <strong>1297</strong><br />(+31 for winning)\n|l|\u2606raykit123\n|player|p2|\n|l|\u2606fogdocker\n|player|p1|\n","uploadtime":1771243712,"views":28,"formatid":"gen9vgc2026regi","rating":1297,"private":0,"password":null}