{"id":"gen9vgc2026regi-2549977662","format":"[Gen 9] VGC 2026 Reg I","players":["sgcactus","lalo's pollos"],"log":"|j|\u2606sgcactus\n|j|\u2606lalo's pollos\n|t:|1772435261\n|gametype|doubles\n|player|p1|sgcactus|101|1413\n|player|p2|lalo's pollos|1|1488\n|gen|9\n|tier|[Gen 9] VGC 2026 Reg I\n|rated|\n|rule|Species Clause: Limit one of each Pok\u00e9mon\n|rule|Item Clause: Limit 1 of each item\n|clearpoke\n|poke|p1|Calyrex-Ice, L50|\n|poke|p1|Miraidon, L50|\n|poke|p1|Ting-Lu, L50|\n|poke|p1|Flutter Mane, L50|\n|poke|p1|Indeedee-F, L50, F|\n|poke|p1|Ceruledge, L50, M|\n|poke|p2|Zamazenta-*, L50|\n|poke|p2|Lunala, L50|\n|poke|p2|Rillaboom, L50, M|\n|poke|p2|Incineroar, L50, M|\n|poke|p2|Urshifu-*, L50, M|\n|poke|p2|Tornadus, L50, M|\n|teampreview|4\n|inactive|Battle timer is ON: inactive players will automatically lose when time's up. (requested by sgcactus)\n|\n|t:|1772435292\n|teamsize|p1|4\n|teamsize|p2|4\n|start\n|switch|p1a: Calyrex|Calyrex-Ice, L50|100/100\n|switch|p1b: Flutter Mane|Flutter Mane, L50|100/100\n|switch|p2a: Zamazenta|Zamazenta-Crowned, L50|100/100\n|switch|p2b: Rillaboom|Rillaboom, L50, M|100/100\n|-ability|p1a: Calyrex|As One\n|-ability|p1a: Calyrex|Unnerve\n|-ability|p2a: Zamazenta|Dauntless Shield|boost\n|-boost|p2a: Zamazenta|def|1\n|-fieldstart|move: Grassy Terrain|[from] ability: Grassy Surge|[of] p2b: Rillaboom\n|-enditem|p1b: Flutter Mane|Booster Energy\n|-activate|p1b: Flutter Mane|ability: Protosynthesis|[fromitem]\n|-start|p1b: Flutter Mane|protosynthesisspe\n|turn|1\n|\n|t:|1772435300\n|move|p1a: Calyrex|Protect|p1a: Calyrex\n|-singleturn|p1a: Calyrex|Protect\n|move|p1b: Flutter Mane|Thunder Wave|p2a: Zamazenta\n|-status|p2a: Zamazenta|par\n|move|p2b: Rillaboom|U-turn|p1a: Calyrex\n|-activate|p1a: Calyrex|move: Protect\n|move|p2a: Zamazenta|Heavy Slam|p1b: Flutter Mane\n|-supereffective|p1b: Flutter Mane\n|-crit|p1b: Flutter Mane\n|-damage|p1b: Flutter Mane|0 fnt\n|faint|p1b: Flutter Mane\n|-end|p1b: Flutter Mane|Protosynthesis|[silent]\n|\n|upkeep\n|\n|t:|1772435315\n|switch|p1b: Miraidon|Miraidon, L50|100/100\n|-fieldstart|move: Electric Terrain|[from] ability: Hadron Engine|[of] p1b: Miraidon\n|turn|2\n|\n|t:|1772435328\n|-terastallize|p1a: Calyrex|Fire\n|move|p1b: Miraidon|Electro Drift|p2a: Zamazenta\n|-damage|p2a: Zamazenta|27/100 par\n|move|p2b: Rillaboom|U-turn|p1a: Calyrex\n|-resisted|p1a: Calyrex\n|-damage|p1a: Calyrex|95/100\n|\n|t:|1772435335\n|switch|p2b: Urshifu|Urshifu-Rapid-Strike, L50, M|100/100|[from] U-turn\n|move|p2a: Zamazenta|Body Press|p1a: Calyrex\n|-damage|p1a: Calyrex|49/100\n|move|p1a: Calyrex|Glacial Lance|p2a: Zamazenta|[spread] p2a,p2b\n|-resisted|p2a: Zamazenta\n|-resisted|p2b: Urshifu\n|-damage|p2a: Zamazenta|14/100 par\n|-damage|p2b: Urshifu|72/100\n|\n|upkeep\n|turn|3\n|\n|t:|1772435348\n|switch|p1a: Ting-Lu|Ting-Lu, L50|100/100\n|-ability|p1a: Ting-Lu|Vessel of Ruin\n|move|p2b: Urshifu|Detect|p2b: Urshifu\n|-singleturn|p2b: Urshifu|Protect\n|move|p1b: Miraidon|Parabolic Charge|p2a: Zamazenta|[spread] p2a\n|-activate|p2b: Urshifu|move: Protect\n|-immune|p1a: Ting-Lu\n|-damage|p2a: Zamazenta|0 fnt\n|faint|p2a: Zamazenta\n|\n|upkeep\n|\n|t:|1772435358\n|switch|p2a: Rillaboom|Rillaboom, L50, M|100/100\n|-fieldstart|move: Grassy Terrain|[from] ability: Grassy Surge|[of] p2a: Rillaboom\n|turn|4\n|\n|t:|1772435372\n|switch|p1a: Calyrex|Calyrex-Ice, L50, tera:Fire|49/100\n|-ability|p1a: Calyrex|As One\n|-ability|p1a: Calyrex|Unnerve\n|move|p2a: Rillaboom|Fake Out|p1b: Miraidon\n|-damage|p1b: Miraidon|88/100\n|cant|p1b: Miraidon|flinch\n|move|p2b: Urshifu|Surging Strikes|p1a: Calyrex\n|-supereffective|p1a: Calyrex\n|-crit|p1a: Calyrex\n|-damage|p1a: Calyrex|17/100\n|-supereffective|p1a: Calyrex\n|-crit|p1a: Calyrex\n|-damage|p1a: Calyrex|0 fnt\n|faint|p1a: Calyrex\n|-hitcount|p1: Calyrex|2\n|\n|-heal|p1b: Miraidon|94/100|[from] Grassy Terrain\n|-heal|p2b: Urshifu|78/100|[from] Grassy Terrain\n|upkeep\n|\n|t:|1772435381\n|switch|p1a: Ting-Lu|Ting-Lu, L50|100/100\n|-ability|p1a: Ting-Lu|Vessel of Ruin\n|turn|5\n|\n|t:|1772435396\n|switch|p2b: Lunala|Lunala, L50|100/100\n|move|p1b: Miraidon|Parabolic Charge|p2b: Lunala|[spread] p2a,p2b\n|-immune|p1a: Ting-Lu\n|-resisted|p2a: Rillaboom\n|-damage|p2a: Rillaboom|93/100\n|-heal|p1b: Miraidon|99/100|[from] drain|[of] p2a: Rillaboom\n|-damage|p2b: Lunala|94/100\n|-heal|p1b: Miraidon|100/100|[from] drain|[of] p2b: Lunala\n|move|p2a: Rillaboom|U-turn|p1a: Ting-Lu\n|-supereffective|p1a: Ting-Lu\n|-damage|p1a: Ting-Lu|78/100\n|\n|t:|1772435407\n|switch|p2a: Urshifu|Urshifu-Rapid-Strike, L50, M|78/100|[from] U-turn\n|move|p1a: Ting-Lu|Stomping Tantrum|p2b: Lunala\n|-damage|p2b: Lunala|70/100\n|\n|-heal|p2a: Urshifu|83/100|[from] Grassy Terrain\n|-heal|p2b: Lunala|76/100|[from] Grassy Terrain\n|-heal|p2b: Lunala|82/100|[from] item: Leftovers\n|-heal|p1a: Ting-Lu|84/100|[from] Grassy Terrain\n|upkeep\n|turn|6\n|\n|t:|1772435427\n|switch|p2a: Rillaboom|Rillaboom, L50, M|93/100\n|-terastallize|p2b: Lunala|Fairy\n|move|p1b: Miraidon|Electro Drift|p2a: Rillaboom\n|-resisted|p2a: Rillaboom\n|-damage|p2a: Rillaboom|78/100\n|move|p2b: Lunala|Calm Mind|p2b: Lunala\n|-boost|p2b: Lunala|spa|1\n|-boost|p2b: Lunala|spd|1\n|move|p1a: Ting-Lu|Fissure|p2b: Lunala|[miss]\n|-miss|p1a: Ting-Lu|p2b: Lunala\n|\n|-heal|p2b: Lunala|88/100|[from] Grassy Terrain\n|-heal|p2b: Lunala|94/100|[from] item: Leftovers\n|-heal|p2a: Rillaboom|84/100|[from] Grassy Terrain\n|-heal|p1a: Ting-Lu|91/100|[from] Grassy Terrain\n|upkeep\n|turn|7\n|\n|t:|1772435444\n|move|p1b: Miraidon|Electro Drift|p2b: Lunala\n|-damage|p2b: Lunala|72/100\n|move|p2b: Lunala|Moonblast|p1b: Miraidon\n|-supereffective|p1b: Miraidon\n|-damage|p1b: Miraidon|32/100\n|move|p2a: Rillaboom|Wood Hammer|p1a: Ting-Lu\n|-supereffective|p1a: Ting-Lu\n|-damage|p1a: Ting-Lu|22/100\n|-damage|p2a: Rillaboom|53/100|[from] Recoil\n|move|p1a: Ting-Lu|Snarl|p2b: Lunala|[spread] p2a,p2b\n|-resisted|p2b: Lunala\n|-damage|p2a: Rillaboom|47/100\n|-damage|p2b: Lunala|70/100\n|-unboost|p2a: Rillaboom|spa|1\n|-unboost|p2b: Lunala|spa|1\n|\n|-heal|p1b: Miraidon|39/100|[from] Grassy Terrain\n|-heal|p2b: Lunala|76/100|[from] Grassy Terrain\n|-heal|p2b: Lunala|82/100|[from] item: Leftovers\n|-heal|p2a: Rillaboom|52/100|[from] Grassy Terrain\n|-heal|p1a: Ting-Lu|28/100|[from] Grassy Terrain\n|upkeep\n|turn|8\n|\n|t:|1772435465\n|move|p1b: Miraidon|Parabolic Charge|p2b: Lunala|[spread] p2a,p2b\n|-immune|p1a: Ting-Lu\n|-resisted|p2a: Rillaboom\n|-damage|p2a: Rillaboom|46/100\n|-heal|p1b: Miraidon|42/100|[from] drain|[of] p2a: Rillaboom\n|-damage|p2b: Lunala|74/100\n|-heal|p1b: Miraidon|48/100|[from] drain|[of] p2b: Lunala\n|move|p2b: Lunala|Moonblast|p1b: Miraidon\n|-supereffective|p1b: Miraidon\n|-damage|p1b: Miraidon|0 fnt\n|faint|p1b: Miraidon\n|move|p2a: Rillaboom|Wood Hammer|p1a: Ting-Lu\n|-supereffective|p1a: Ting-Lu\n|-damage|p1a: Ting-Lu|0 fnt\n|faint|p1a: Ting-Lu\n|-damage|p2a: Rillaboom|33/100|[from] Recoil\n|\n|win|lalo's pollos\n|raw|sgcactus's rating: 1413 &rarr; <strong>1397</strong><br />(-16 for losing)\n|raw|lalo&apos;s pollos's rating: 1488 &rarr; <strong>1504</strong><br />(+16 for winning)\n|l|\u2606sgcactus\n|player|p1|\n|l|\u2606lalo's pollos\n|player|p2|\n","uploadtime":1772435709,"views":11,"formatid":"gen9vgc2026regi","rating":1397,"private":0,"password":null}