{"id":"gen9vgc2026regi-2561225513","format":"[Gen 9] VGC 2026 Reg I","players":["vestige666","trashbros"],"log":"|j|\u2606vestige666\n|j|\u2606trashbros\n|t:|1773775115\n|gametype|doubles\n|player|p1|vestige666|1|1305\n|player|p2|trashbros|rood|1309\n|gen|9\n|tier|[Gen 9] VGC 2026 Reg I\n|rated|\n|rule|Species Clause: Limit one of each Pok\u00e9mon\n|rule|Item Clause: Limit 1 of each item\n|clearpoke\n|poke|p1|Chi-Yu, L50|\n|poke|p1|Urshifu-*, L50, F|\n|poke|p1|Farigiraf, L50, F|\n|poke|p1|Whimsicott, L50, F|\n|poke|p1|Miraidon, L50|\n|poke|p1|Zacian-*, L50|\n|poke|p2|Calyrex-Ice, L50|\n|poke|p2|Wo-Chien, L50|\n|poke|p2|Incineroar, L50, M|\n|poke|p2|Kyogre, L50|\n|poke|p2|Raichu, L50, F|\n|poke|p2|Landorus, L50, M|\n|teampreview|4\n|\n|t:|1773775184\n|teamsize|p1|4\n|teamsize|p2|4\n|start\n|switch|p1a: karate dog|Urshifu-Rapid-Strike, L50, F|100/100\n|switch|p1b: sword dog|Zacian-Crowned, L50|100/100\n|switch|p2a: Kyogre|Kyogre, L50|100/100\n|switch|p2b: Landorus|Landorus, L50, M|100/100\n|-ability|p1b: sword dog|Intrepid Sword|boost\n|-boost|p1b: sword dog|atk|1\n|-weather|RainDance|[from] ability: Drizzle|[of] p2a: Kyogre\n|turn|1\n|\n|t:|1773775206\n|-terastallize|p2a: Kyogre|Grass\n|move|p2b: Landorus|Sandsear Storm|p1a: karate dog|[spread] p1a,p1b\n|-supereffective|p1b: sword dog\n|-damage|p1a: karate dog|40/100\n|-damage|p1b: sword dog|21/100\n|move|p1b: sword dog|Play Rough|p2a: Kyogre|[miss]\n|-miss|p1b: sword dog|p2a: Kyogre\n|move|p1a: karate dog|Surging Strikes|p2b: Landorus\n|-supereffective|p2b: Landorus\n|-crit|p2b: Landorus\n|-damage|p2b: Landorus|13/100\n|-supereffective|p2b: Landorus\n|-crit|p2b: Landorus\n|-damage|p2b: Landorus|0 fnt\n|faint|p2b: Landorus\n|-hitcount|p2: Landorus|2\n|move|p2a: Kyogre|Origin Pulse|p1a: karate dog|[spread] \n|-miss|p2a: Kyogre|p1a: karate dog\n|-miss|p2a: Kyogre|p1b: sword dog\n|\n|-weather|RainDance|[upkeep]\n|upkeep\n|\n|t:|1773775212\n|switch|p2b: Tiger Claw|Incineroar, L50, M|100/100\n|-ability|p2b: Tiger Claw|Intimidate|boost\n|-unboost|p1a: karate dog|atk|1\n|-unboost|p1b: sword dog|atk|1\n|turn|2\n|c|\u2606vestige666|gg\n|\n|t:|1773775229\n|switch|p2b: Wo-Chien|Wo-Chien, L50|100/100\n|-ability|p2b: Wo-Chien|Tablets of Ruin\n|move|p1b: sword dog|Protect|p1b: sword dog\n|-singleturn|p1b: sword dog|Protect\n|move|p1a: karate dog|Detect|p1a: karate dog\n|-singleturn|p1a: karate dog|Protect\n|move|p2a: Kyogre|Origin Pulse|p1b: sword dog|[spread] \n|-activate|p1a: karate dog|move: Protect\n|-activate|p1b: sword dog|move: Protect\n|\n|-weather|RainDance|[upkeep]\n|upkeep\n|turn|3\n|\n|t:|1773775262\n|switch|p1a: cotton|Whimsicott, L50, F|100/100\n|move|p1b: sword dog|Play Rough|p2b: Wo-Chien\n|-supereffective|p2b: Wo-Chien\n|-damage|p2b: Wo-Chien|34/100\n|move|p2a: Kyogre|Calm Mind|p2a: Kyogre\n|-boost|p2a: Kyogre|spa|1\n|-boost|p2a: Kyogre|spd|1\n|move|p2b: Wo-Chien|Pollen Puff|p2a: Kyogre\n|\n|-weather|RainDance|[upkeep]\n|-heal|p2b: Wo-Chien|40/100|[from] item: Leftovers\n|upkeep\n|turn|4\n|\n|t:|1773775277\n|switch|p2b: Tiger Claw|Incineroar, L50, M|100/100\n|-ability|p2b: Tiger Claw|Intimidate|boost\n|-unboost|p1a: cotton|atk|1\n|-unboost|p1b: sword dog|atk|1\n|move|p2a: Kyogre|Protect|p2a: Kyogre\n|-singleturn|p2a: Kyogre|Protect\n|move|p1a: cotton|Encore|p2a: Kyogre\n|-activate|p2a: Kyogre|move: Protect\n|move|p1b: sword dog|Play Rough|p2b: Tiger Claw\n|-damage|p2b: Tiger Claw|76/100\n|-unboost|p2b: Tiger Claw|atk|1\n|\n|-weather|RainDance|[upkeep]\n|upkeep\n|turn|5\n|\n|t:|1773775296\n|move|p2b: Tiger Claw|Fake Out|p1a: cotton\n|-damage|p1a: cotton|89/100\n|cant|p1a: cotton|flinch\n|move|p1b: sword dog|Sacred Sword|p2b: Tiger Claw\n|-supereffective|p2b: Tiger Claw\n|-damage|p2b: Tiger Claw|39/100\n|move|p2a: Kyogre|Origin Pulse|p1b: sword dog|[spread] p1a\n|-miss|p2a: Kyogre|p1b: sword dog\n|-resisted|p1a: cotton\n|-damage|p1a: cotton|0 fnt\n|faint|p1a: cotton\n|\n|-weather|none\n|upkeep\n|\n|t:|1773775317\n|switch|p1a: snake|Miraidon, L50|100/100\n|-fieldstart|move: Electric Terrain|[from] ability: Hadron Engine|[of] p1a: snake\n|turn|6\n|\n|t:|1773775336\n|-terastallize|p1a: snake|Fairy\n|move|p1b: sword dog|Behemoth Blade|p2a: Kyogre\n|-damage|p2a: Kyogre|67/100\n|move|p1a: snake|Dazzling Gleam|p2a: Kyogre|[spread] p2a,p2b\n|-damage|p2a: Kyogre|39/100\n|-damage|p2b: Tiger Claw|0 fnt\n|faint|p2b: Tiger Claw\n|move|p2a: Kyogre|Ice Beam|p1a: snake\n|-damage|p1a: snake|56/100\n|\n|upkeep\n|\n|t:|1773775344\n|switch|p2b: Wo-Chien|Wo-Chien, L50|40/100\n|-ability|p2b: Wo-Chien|Tablets of Ruin\n|turn|7\n|-message|trashbros forfeited.\n|\n|win|vestige666\n|raw|vestige666's rating: 1305 &rarr; <strong>1325</strong><br />(+20 for winning)\n|raw|trashbros's rating: 1309 &rarr; <strong>1289</strong><br />(-20 for losing)\n|l|\u2606trashbros\n|player|p2|\n|l|\u2606vestige666\n|player|p1|\n","uploadtime":1773775510,"views":13,"formatid":"gen9vgc2026regi","rating":1289,"private":0,"password":null}