{"id":"gen9vgc2026regi-2560305298","format":"[Gen 9] VGC 2026 Reg I","players":["jonen","FlygonkingVGC"],"log":"|j|\u2606jonen\n|j|\u2606FlygonkingVGC\n|t:|1773675665\n|gametype|doubles\n|player|p1|jonen|medium|1136\n|player|p2|FlygonkingVGC|pokemaniac|1155\n|gen|9\n|tier|[Gen 9] VGC 2026 Reg I\n|rated|\n|rule|Species Clause: Limit one of each Pok\u00e9mon\n|rule|Item Clause: Limit 1 of each item\n|clearpoke\n|poke|p1|Sneasler, L50, F|\n|poke|p1|Ditto, L50|\n|poke|p1|Calyrex-Ice, L50|\n|poke|p1|Miraidon, L50|\n|poke|p1|Urshifu-*, L50, M|\n|poke|p1|Incineroar, L50, M|\n|poke|p2|Zacian-*, L50|\n|poke|p2|Groudon, L50|\n|poke|p2|Charizard, L50, M|\n|poke|p2|Gastrodon-East, L50, F|\n|poke|p2|Grimmsnarl, L50, M|\n|poke|p2|Incineroar, L50, F|\n|teampreview|4\n|inactive|Battle timer is ON: inactive players will automatically lose when time's up. (requested by FlygonkingVGC)\n|\n|t:|1773675688\n|teamsize|p1|4\n|teamsize|p2|4\n|start\n|switch|p1a: Calyrex|Calyrex-Ice, L50|100/100\n|switch|p1b: Incineroar|Incineroar, L50, M|100/100\n|switch|p2a: Groudon|Groudon, L50|100/100\n|switch|p2b: Zacian|Zacian-Crowned, L50|100/100\n|-ability|p1a: Calyrex|As One\n|-ability|p1a: Calyrex|Unnerve\n|-ability|p2b: Zacian|Intrepid Sword|boost\n|-boost|p2b: Zacian|atk|1\n|-weather|SunnyDay|[from] ability: Drought|[of] p2a: Groudon\n|-ability|p1b: Incineroar|Intimidate|boost\n|-fail|p2a: Groudon|unboost|[from] item: Clear Amulet|[of] p2a: Groudon\n|-unboost|p2b: Zacian|atk|1\n|turn|1\n|\n|t:|1773675696\n|move|p1b: Incineroar|Fake Out|p2b: Zacian\n|-resisted|p2b: Zacian\n|-damage|p2b: Zacian|96/100\n|cant|p2b: Zacian|flinch\n|move|p2a: Groudon|Precipice Blades|p1b: Incineroar|[spread] p1a,p1b\n|-supereffective|p1b: Incineroar\n|-damage|p1a: Calyrex|68/100\n|-damage|p1b: Incineroar|25/100\n|move|p1a: Calyrex|Trick Room|p1a: Calyrex\n|-fieldstart|move: Trick Room|[of] p1a: Calyrex\n|\n|-weather|SunnyDay|[upkeep]\n|upkeep\n|turn|2\n|\n|t:|1773675704\n|switch|p2a: Gastrodon|Gastrodon-East, L50, F|100/100\n|move|p2b: Zacian|Protect|p2b: Zacian\n|-singleturn|p2b: Zacian|Protect\n|move|p1a: Calyrex|Glacial Lance|p2a: Gastrodon|[spread] p2a\n|-activate|p2b: Zacian|move: Protect\n|-damage|p2a: Gastrodon|45/100\n|move|p1b: Incineroar|Flare Blitz|p2b: Zacian\n|-activate|p2b: Zacian|move: Protect\n|\n|-weather|SunnyDay|[upkeep]\n|-heal|p2a: Gastrodon|52/100|[from] item: Leftovers\n|upkeep\n|turn|3\n|\n|t:|1773675717\n|-terastallize|p1b: Incineroar|Bug\n|move|p1a: Calyrex|Glacial Lance|p2a: Gastrodon|[spread] p2a,p2b\n|-resisted|p2b: Zacian\n|-damage|p2a: Gastrodon|0 fnt\n|-damage|p2b: Zacian|66/100\n|faint|p2a: Gastrodon\n|-ability|p1a: Calyrex|Chilling Neigh|boost\n|-boost|p1a: Calyrex|atk|1\n|move|p1b: Incineroar|Flare Blitz|p2b: Zacian\n|-supereffective|p2b: Zacian\n|-damage|p2b: Zacian|0 fnt\n|faint|p2b: Zacian\n|-damage|p1b: Incineroar|7/100|[from] Recoil\n|\n|-weather|SunnyDay|[upkeep]\n|upkeep\n|\n|t:|1773675723\n|switch|p2a: Charizard|Charizard, L50, M|100/100\n|switch|p2b: Groudon|Groudon, L50|100/100\n|turn|4\n|\n|t:|1773675739\n|-terastallize|p2b: Groudon|Fire\n|move|p1a: Calyrex|Glacial Lance|p2b: Groudon|[spread] p2a,p2b\n|-resisted|p2b: Groudon\n|-damage|p2a: Charizard|0 fnt\n|-damage|p2b: Groudon|70/100\n|faint|p2a: Charizard\n|-ability|p1a: Calyrex|Chilling Neigh|boost\n|-boost|p1a: Calyrex|atk|1\n|move|p1b: Incineroar|Knock Off|p2b: Groudon\n|-damage|p2b: Groudon|42/100\n|-enditem|p2b: Groudon|Clear Amulet|[from] move: Knock Off|[of] p1b: Incineroar\n|move|p2b: Groudon|Precipice Blades|p1a: Calyrex|[spread] p1b\n|-miss|p2b: Groudon|p1a: Calyrex\n|-resisted|p1b: Incineroar\n|-damage|p1b: Incineroar|0 fnt\n|faint|p1b: Incineroar\n|\n|-weather|SunnyDay|[upkeep]\n|upkeep\n|\n|t:|1773675745\n|switch|p1b: Miraidon|Miraidon, L50|100/100\n|-fieldstart|move: Electric Terrain|[from] ability: Hadron Engine|[of] p1b: Miraidon\n|turn|5\n|-message|FlygonkingVGC forfeited.\n|\n|win|jonen\n|raw|jonen's rating: 1136 &rarr; <strong>1162</strong><br />(+26 for winning)\n|raw|FlygonkingVGC's rating: 1155 &rarr; <strong>1129</strong><br />(-26 for losing)\n","uploadtime":1773675750,"views":12,"formatid":"gen9vgc2026regi","rating":1129,"private":0,"password":null}