{"id":"gen9vgc2026regi-2577763983","format":"[Gen 9] VGC 2026 Reg I","players":["uhh daneooo","bayareadiabetic"],"log":"|j|\u2606uhh daneooo\n|j|\u2606bayareadiabetic\n|t:|1775603512\n|gametype|doubles\n|player|p1|uhh daneooo|2|1367\n|player|p2|bayareadiabetic|1|1287\n|gen|9\n|tier|[Gen 9] VGC 2026 Reg I\n|rated|\n|rule|Species Clause: Limit one of each Pok\u00e9mon\n|rule|Item Clause: Limit 1 of each item\n|clearpoke\n|poke|p1|Grafaiai, L50, F|\n|poke|p1|Miraidon, L50|\n|poke|p1|Tornadus, L50, M|\n|poke|p1|Kyogre, L50|\n|poke|p1|Iron Treads, L50|\n|poke|p1|Flutter Mane, L50|\n|poke|p2|Lunala, L50|\n|poke|p2|Ursaluna, L50, M|\n|poke|p2|Urshifu-*, L50, M|\n|poke|p2|Miraidon, L50|\n|poke|p2|Grimmsnarl, L50, M|\n|poke|p2|Incineroar, L50, F|\n|teampreview|4\n|inactive|Battle timer is ON: inactive players will automatically lose when time's up. (requested by bayareadiabetic)\n|inactive|uhh daneooo has 60 seconds left.\n|inactive|bayareadiabetic has 60 seconds left.\n|\n|t:|1775603568\n|teamsize|p1|4\n|teamsize|p2|4\n|start\n|switch|p1a: Flutter Mane|Flutter Mane, L50|100/100\n|switch|p1b: Miraidon|Miraidon, L50|100/100\n|switch|p2a: Grimmsnarl|Grimmsnarl, L50, M|100/100\n|switch|p2b: Lunala|Lunala, L50|100/100\n|-fieldstart|move: Electric Terrain|[from] ability: Hadron Engine|[of] p1b: Miraidon\n|-enditem|p2b: Lunala|Electric Seed\n|-boost|p2b: Lunala|def|1|[from] item: Electric Seed\n|-enditem|p1a: Flutter Mane|Booster Energy\n|-activate|p1a: Flutter Mane|ability: Protosynthesis|[fromitem]\n|-start|p1a: Flutter Mane|protosynthesisspe\n|turn|1\n|inactive|uhh daneooo has 30 seconds left.\n|inactive|bayareadiabetic has 30 seconds left.\n|\n|t:|1775603598\n|-terastallize|p2b: Lunala|Fairy\n|move|p2a: Grimmsnarl|Reflect|p2a: Grimmsnarl\n|-sidestart|p2: bayareadiabetic|Reflect\n|move|p1a: Flutter Mane|Dazzling Gleam|p2a: Grimmsnarl|[spread] p2a,p2b\n|-supereffective|p2a: Grimmsnarl\n|-damage|p2a: Grimmsnarl|46/100\n|-damage|p2b: Lunala|90/100\n|move|p1b: Miraidon|Electro Drift|p2b: Lunala\n|-damage|p2b: Lunala|23/100\n|move|p2b: Lunala|Moonblast|p1a: Flutter Mane\n|-damage|p1a: Flutter Mane|55/100\n|-unboost|p1a: Flutter Mane|spa|1\n|\n|upkeep\n|turn|2\n|inactive|uhh daneooo has 30 seconds left.\n|inactive|bayareadiabetic has 30 seconds left.\n|\n|t:|1775603638\n|switch|p2b: Ursaluna|Ursaluna, L50, M|100/100\n|move|p2a: Grimmsnarl|Thunder Wave|p1a: Flutter Mane\n|-status|p1a: Flutter Mane|par\n|move|p1b: Miraidon|Overheat|p2b: Ursaluna\n|-damage|p2b: Ursaluna|43/100\n|-unboost|p1b: Miraidon|spa|2\n|move|p1a: Flutter Mane|Moonblast|p2b: Ursaluna\n|-damage|p2b: Ursaluna|17/100\n|\n|-status|p2b: Ursaluna|brn|[from] item: Flame Orb\n|upkeep\n|turn|3\n|inactive|uhh daneooo has 30 seconds left.\n|inactive|bayareadiabetic has 30 seconds left.\n|\n|t:|1775603664\n|switch|p1b: Grafaiai|Grafaiai, L50, F|100/100\n|-enditem|p1b: Grafaiai|Electric Seed\n|-boost|p1b: Grafaiai|def|1|[from] item: Electric Seed\n|move|p2b: Ursaluna|Protect|p2b: Ursaluna\n|-singleturn|p2b: Ursaluna|Protect\n|move|p1a: Flutter Mane|Dazzling Gleam|p2a: Grimmsnarl|[spread] p2a\n|-activate|p2b: Ursaluna|move: Protect\n|-supereffective|p2a: Grimmsnarl\n|-crit|p2a: Grimmsnarl\n|-damage|p2a: Grimmsnarl|0 fnt\n|faint|p2a: Grimmsnarl\n|\n|-damage|p2b: Ursaluna|11/100 brn|[from] brn\n|upkeep\n|\n|t:|1775603681\n|switch|p2a: Lunala|Lunala, L50, tera:Fairy|23/100\n|turn|4\n|\n|t:|1775603693\n|move|p2a: Lunala|Wide Guard|p2a: Lunala\n|-singleturn|p2a: Lunala|Wide Guard\n|move|p1b: Grafaiai|Gunk Shot|p2a: Lunala|[miss]\n|-miss|p1b: Grafaiai|p2a: Lunala\n|move|p1a: Flutter Mane|Dazzling Gleam|p2b: Ursaluna|[spread] \n|-activate|p2a: Lunala|move: Wide Guard\n|-activate|p2b: Ursaluna|move: Wide Guard\n|move|p2b: Ursaluna|Earthquake|p1b: Grafaiai|[spread] p1a,p1b\n|-activate|p2a: Lunala|move: Wide Guard\n|-supereffective|p1b: Grafaiai\n|-damage|p1a: Flutter Mane|0 fnt\n|-damage|p1b: Grafaiai|0 fnt\n|faint|p1a: Flutter Mane\n|-end|p1a: Flutter Mane|Protosynthesis|[silent]\n|faint|p1b: Grafaiai\n|\n|-damage|p2b: Ursaluna|5/100 brn|[from] brn\n|upkeep\n|c|\u2606uhh daneooo|bruh\n|\n|t:|1775603704\n|switch|p1a: Miraidon|Miraidon, L50|100/100\n|switch|p1b: Kyogre|Kyogre, L50|100/100\n|-activate|p1a: Miraidon|ability: Hadron Engine\n|-weather|RainDance|[from] ability: Drizzle|[of] p1b: Kyogre\n|turn|5\n|c|\u2606bayareadiabetic|i set up the wrong screen LOL\n|c|\u2606bayareadiabetic|fuck\n|inactive|bayareadiabetic has 30 seconds left.\n|inactive|bayareadiabetic has 20 seconds left.\n|\n|t:|1775603740\n|move|p2a: Lunala|Wide Guard|p2a: Lunala\n|-singleturn|p2a: Lunala|Wide Guard\n|move|p1a: Miraidon|Dragon Pulse|p2b: Ursaluna\n|-damage|p2b: Ursaluna|0 fnt\n|faint|p2b: Ursaluna\n|move|p1b: Kyogre|Hydro Pump|p2a: Lunala\n|-damage|p2a: Lunala|0 fnt\n|faint|p2a: Lunala\n|\n|-weather|RainDance|[upkeep]\n|-fieldend|move: Electric Terrain\n|upkeep\n|\n|t:|1775603751\n|switch|p2b: Miraidon|Miraidon, L50|100/100\n|-fieldstart|move: Electric Terrain|[from] ability: Hadron Engine|[of] p2b: Miraidon\n|turn|6\n|c|\u2606uhh daneooo|who was reflect even for broski\n|c|\u2606bayareadiabetic|i misclicked gang\n|c|\u2606bayareadiabetic|was suppsoed to be light screen\n|inactive|bayareadiabetic has 30 seconds left.\n|\n|t:|1775603776\n|-terastallize|p1a: Miraidon|Fire\n|move|p1a: Miraidon|Dragon Pulse|p2b: Miraidon\n|-supereffective|p2b: Miraidon\n|-damage|p2b: Miraidon|40/100\n|move|p2b: Miraidon|Electro Drift|p1b: Kyogre\n|-supereffective|p1b: Kyogre\n|-damage|p1b: Kyogre|0 fnt\n|faint|p1b: Kyogre\n|\n|-weather|RainDance|[upkeep]\n|upkeep\n|turn|7\n|\n|t:|1775603790\n|move|p1a: Miraidon|Dragon Pulse|p2b: Miraidon\n|-supereffective|p2b: Miraidon\n|-damage|p2b: Miraidon|0 fnt\n|faint|p2b: Miraidon\n|\n|win|uhh daneooo\n|raw|uhh daneooo's rating: 1367 &rarr; <strong>1382</strong><br />(+15 for winning)\n|raw|bayareadiabetic's rating: 1287 &rarr; <strong>1268</strong><br />(-19 for losing)\n|c|\u2606bayareadiabetic|gg\n|c|\u2606uhh daneooo|gg\n|l|\u2606uhh daneooo\n|player|p1|\n|l|\u2606bayareadiabetic\n|player|p2|\n","uploadtime":1775604012,"views":8,"formatid":"gen9vgc2026regi","rating":1268,"private":0,"password":null}