{"id":"gen9vgc2026regi-2573643529","format":"[Gen 9] VGC 2026 Reg I","players":["speedyturtle87","EllenJoe2026"],"log":"|j|\u2606speedyturtle87\n|j|\u2606EllenJoe2026\n|t:|1775153243\n|gametype|doubles\n|player|p1|speedyturtle87|canari|1541\n|player|p2|EllenJoe2026|elesa|1520\n|gen|9\n|tier|[Gen 9] VGC 2026 Reg I\n|rated|\n|rule|Species Clause: Limit one of each Pok\u00e9mon\n|rule|Item Clause: Limit 1 of each item\n|clearpoke\n|poke|p1|Volbeat, L50, M|\n|poke|p1|Kyogre, L50|\n|poke|p1|Calyrex-Ice, L50|\n|poke|p1|Landorus, L50, M|\n|poke|p1|Urshifu-*, L50, M|\n|poke|p1|Rillaboom, L50, F|\n|poke|p2|Calyrex-Ice, L50|\n|poke|p2|Miraidon, L50|\n|poke|p2|Tornadus, L50, M|\n|poke|p2|Urshifu-*, L50, F|\n|poke|p2|Volcarona, L50, F|\n|poke|p2|Indeedee-F, L50, F|\n|teampreview|4\n|inactive|Battle timer is ON: inactive players will automatically lose when time's up. (requested by speedyturtle87)\n|inactive|EllenJoe2026 also wants the timer to be on.\n|inactive|speedyturtle87 has 60 seconds left.\n|inactive|EllenJoe2026 has 60 seconds left.\n|\n|t:|1775153297\n|teamsize|p1|4\n|teamsize|p2|4\n|start\n|switch|p1a: Rillaboom|Rillaboom, L50, F|100/100\n|switch|p1b: Urshifu|Urshifu, L50, M|100/100\n|switch|p2a: Calyrex|Calyrex-Ice, L50|100/100\n|switch|p2b: Miraidon|Miraidon, L50, shiny|100/100\n|-ability|p2a: Calyrex|As One\n|-ability|p2a: Calyrex|Unnerve\n|-fieldstart|move: Electric Terrain|[from] ability: Hadron Engine|[of] p2b: Miraidon\n|-fieldstart|move: Grassy Terrain|[from] ability: Grassy Surge|[of] p1a: Rillaboom\n|turn|1\n|\n|t:|1775153313\n|switch|p2a: Urshifu|Urshifu-Rapid-Strike, L50, F|100/100\n|-terastallize|p1b: Urshifu|Dark\n|move|p2b: Miraidon|Volt Switch|p1b: Urshifu\n|-damage|p1b: Urshifu|18/100\n|\n|t:|1775153321\n|switch|p2b: Tornadus|Tornadus, L50, M, shiny|100/100|[from] Volt Switch\n|move|p1b: Urshifu|Wicked Blow|p2a: Urshifu\n|-resisted|p2a: Urshifu\n|-crit|p2a: Urshifu\n|-damage|p2a: Urshifu|54/100\n|move|p1a: Rillaboom|U-turn|p2b: Tornadus\n|-resisted|p2b: Tornadus\n|-damage|p2b: Tornadus|82/100\n|\n|t:|1775153332\n|switch|p1a: Calyrex|Calyrex-Ice, L50|100/100|[from] U-turn\n|-ability|p1a: Calyrex|As One\n|-ability|p1a: Calyrex|Unnerve\n|\n|-heal|p2a: Urshifu|60/100|[from] Grassy Terrain\n|-heal|p1b: Urshifu|24/100|[from] Grassy Terrain\n|upkeep\n|turn|2\n|\n|t:|1775153341\n|switch|p1b: Rillaboom|Rillaboom, L50, F|100/100\n|move|p2b: Tornadus|Taunt|p1a: Calyrex\n|-start|p1a: Calyrex|move: Taunt\n|move|p2a: Urshifu|U-turn|p1b: Rillaboom\n|-supereffective|p1b: Rillaboom\n|-damage|p1b: Rillaboom|53/100\n|\n|t:|1775153350\n|switch|p2a: Calyrex|Calyrex-Ice, L50|100/100|[from] U-turn\n|-ability|p2a: Calyrex|As One\n|-ability|p2a: Calyrex|Unnerve\n|cant|p1a: Calyrex|move: Taunt|Trick Room\n|\n|-heal|p1b: Rillaboom|59/100|[from] Grassy Terrain\n|upkeep\n|turn|3\n|\n|t:|1775153363\n|switch|p2b: Miraidon|Miraidon, L50, shiny|100/100\n|-fieldstart|move: Electric Terrain|[from] ability: Hadron Engine|[of] p2b: Miraidon\n|move|p1b: Rillaboom|Fake Out|p2a: Calyrex\n|-damage|p2a: Calyrex|91/100\n|cant|p2a: Calyrex|flinch\n|move|p1a: Calyrex|Glacial Lance|p2a: Calyrex|[spread] p2a,p2b\n|-resisted|p2a: Calyrex\n|-supereffective|p2b: Miraidon\n|-damage|p2a: Calyrex|71/100\n|-damage|p2b: Miraidon|0 fnt\n|faint|p2b: Miraidon\n|-ability|p1a: Calyrex|Chilling Neigh|boost\n|-boost|p1a: Calyrex|atk|1\n|\n|upkeep\n|\n|t:|1775153374\n|switch|p2b: Urshifu|Urshifu-Rapid-Strike, L50, F|60/100\n|turn|4\n|\n|t:|1775153398\n|switch|p1b: Urshifu|Urshifu, L50, M, tera:Dark|24/100\n|move|p2b: Urshifu|Close Combat|p1b: Urshifu\n|-supereffective|p1b: Urshifu\n|-crit|p1b: Urshifu\n|-damage|p1b: Urshifu|0 fnt\n|-unboost|p2b: Urshifu|def|1\n|-unboost|p2b: Urshifu|spd|1\n|faint|p1b: Urshifu\n|move|p2a: Calyrex|Imprison|p2a: Calyrex\n|-start|p2a: Calyrex|move: Imprison\n|cant|p1a: Calyrex|move: Imprison|Glacial Lance\n|\n|-end|p1a: Calyrex|move: Taunt\n|upkeep\n|\n|t:|1775153407\n|switch|p1b: Rillaboom|Rillaboom, L50, F|59/100\n|-fieldstart|move: Grassy Terrain|[from] ability: Grassy Surge|[of] p1b: Rillaboom\n|turn|5\n|\n|t:|1775153420\n|move|p2b: Urshifu|Close Combat|p1b: Rillaboom\n|-damage|p1b: Rillaboom|0 fnt\n|-unboost|p2b: Urshifu|def|1\n|-unboost|p2b: Urshifu|spd|1\n|faint|p1b: Rillaboom\n|move|p2a: Calyrex|Glacial Lance|p1a: Calyrex\n|-resisted|p1a: Calyrex\n|-damage|p1a: Calyrex|80/100\n|move|p1a: Calyrex|High Horsepower|p2a: Calyrex\n|-damage|p2a: Calyrex|34/100\n|\n|-heal|p2b: Urshifu|66/100|[from] Grassy Terrain\n|-heal|p2a: Calyrex|40/100|[from] Grassy Terrain\n|-heal|p1a: Calyrex|86/100|[from] Grassy Terrain\n|upkeep\n|\n|t:|1775153424\n|switch|p1b: Kyogre|Kyogre, L50|100/100\n|-weather|RainDance|[from] ability: Drizzle|[of] p1b: Kyogre\n|turn|6\n|\n|t:|1775153439\n|-terastallize|p2a: Calyrex|Grass\n|move|p2b: Urshifu|Close Combat|p1b: Kyogre\n|-damage|p1b: Kyogre|53/100\n|-unboost|p2b: Urshifu|def|1\n|-unboost|p2b: Urshifu|spd|1\n|move|p1b: Kyogre|Origin Pulse|p2a: Calyrex|[spread] p2a\n|-miss|p1b: Kyogre|p2b: Urshifu\n|-resisted|p2a: Calyrex\n|-damage|p2a: Calyrex|17/100\n|move|p2a: Calyrex|Seed Bomb|p1b: Kyogre\n|-supereffective|p1b: Kyogre\n|-damage|p1b: Kyogre|0 fnt\n|faint|p1b: Kyogre\n|-ability|p2a: Calyrex|Chilling Neigh|boost\n|-boost|p2a: Calyrex|atk|1\n|move|p1a: Calyrex|High Horsepower|p2b: Urshifu\n|-damage|p2b: Urshifu|0 fnt\n|faint|p2b: Urshifu\n|-ability|p1a: Calyrex|Chilling Neigh|boost\n|-boost|p1a: Calyrex|atk|1\n|\n|-weather|RainDance|[upkeep]\n|-heal|p2a: Calyrex|23/100|[from] Grassy Terrain\n|-heal|p1a: Calyrex|92/100|[from] Grassy Terrain\n|upkeep\n|\n|t:|1775153458\n|switch|p2b: Tornadus|Tornadus, L50, M, shiny|82/100\n|turn|7\n|\n|t:|1775153465\n|move|p2b: Tornadus|Dark Pulse|p1a: Calyrex\n|-supereffective|p1a: Calyrex\n|-damage|p1a: Calyrex|57/100\n|move|p2a: Calyrex|Seed Bomb|p1a: Calyrex\n|-damage|p1a: Calyrex|0 fnt\n|faint|p1a: Calyrex\n|\n|win|EllenJoe2026\n|raw|speedyturtle87's rating: 1541 &rarr; <strong>1520</strong><br />(-21 for losing)\n|raw|EllenJoe2026's rating: 1520 &rarr; <strong>1541</strong><br />(+21 for winning)\n|l|\u2606EllenJoe2026\n|player|p2|\n|l|\u2606speedyturtle87\n|player|p1|\n","uploadtime":1775153607,"views":12,"formatid":"gen9vgc2026regi","rating":1520,"private":0,"password":null}