{"id":"gen9vgc2026regi-2552254686","format":"[Gen 9] VGC 2026 Reg I","players":["sgcactus","I\u2764\ufe0f\u5a1c\u7984forever"],"log":"|j|\u2606sgcactus\n|j|\u2606I\u2764\ufe0f\u5a1c\u7984forever\n|t:|1772697555\n|gametype|doubles\n|player|p1|sgcactus|102|1454\n|player|p2|I\u2764\ufe0f\u5a1c\u7984forever|youngcouple-gen4dp|1454\n|gen|9\n|tier|[Gen 9] VGC 2026 Reg I\n|rated|\n|rule|Species Clause: Limit one of each Pok\u00e9mon\n|rule|Item Clause: Limit 1 of each item\n|clearpoke\n|poke|p1|Miraidon, L50|\n|poke|p1|Ting-Lu, L50|\n|poke|p1|Flutter Mane, L50|\n|poke|p1|Indeedee-F, L50, F|\n|poke|p1|Ceruledge, L50, M|\n|poke|p1|Zamazenta-*, L50|\n|poke|p2|Groudon, L50|\n|poke|p2|Kyurem-White, L50|\n|poke|p2|Heatran, L50, F|\n|poke|p2|Whimsicott, L50, F|\n|poke|p2|Roaring Moon, L50|\n|poke|p2|Ditto, L50|\n|teampreview|4\n|\n|t:|1772697581\n|teamsize|p1|4\n|teamsize|p2|4\n|start\n|switch|p1a: Zamazenta|Zamazenta-Crowned, L50|100/100\n|switch|p1b: Ceruledge|Ceruledge, L50, M|100/100\n|switch|p2a: Whimsicott|Whimsicott, L50, F|100/100\n|switch|p2b: Kyurem|Kyurem-White, L50|100/100\n|-ability|p1a: Zamazenta|Dauntless Shield|boost\n|-boost|p1a: Zamazenta|def|1\n|-ability|p2b: Kyurem|Turboblaze\n|turn|1\n|inactive|Battle timer is ON: inactive players will automatically lose when time's up. (requested by sgcactus)\n|\n|t:|1772697599\n|switch|p2a: Groudon|Groudon, L50|100/100\n|-weather|SunnyDay|[from] ability: Drought|[of] p2a: Groudon\n|-terastallize|p2b: Kyurem|Ghost\n|move|p1b: Ceruledge|Ally Switch|p1b: Ceruledge\n|swap|p1b: Ceruledge|0|[from] move: Ally Switch\n|move|p1b: Zamazenta|Behemoth Bash|p2b: Kyurem\n|-damage|p2b: Kyurem|65/100\n|move|p2b: Kyurem|Fusion Flare|p1a: Ceruledge\n|-resisted|p1a: Ceruledge\n|-damage|p1a: Ceruledge|63/100\n|\n|-weather|SunnyDay|[upkeep]\n|upkeep\n|turn|2\n|\n|t:|1772697620\n|-terastallize|p1b: Zamazenta|Fire\n|move|p1b: Zamazenta|Wide Guard|p1b: Zamazenta\n|-singleturn|p1b: Zamazenta|Wide Guard\n|move|p2b: Kyurem|Fusion Flare|p1b: Zamazenta\n|-resisted|p1b: Zamazenta\n|-damage|p1b: Zamazenta|74/100\n|move|p2a: Groudon|Precipice Blades|p1b: Zamazenta|[spread] \n|-activate|p1a: Ceruledge|move: Wide Guard\n|-activate|p1b: Zamazenta|move: Wide Guard\n|move|p1a: Ceruledge|Bitter Blade|p2a: Groudon\n|-damage|p2a: Groudon|54/100\n|-heal|p1a: Ceruledge|90/100|[from] drain|[of] p2a: Groudon\n|\n|-weather|SunnyDay|[upkeep]\n|upkeep\n|turn|3\n|inactive|sgcactus has 30 seconds left.\n|inactive|I\u2764\ufe0f\u5a1c\u7984forever has 30 seconds left.\n|\n|t:|1772697649\n|move|p1b: Zamazenta|Body Press|p2a: Groudon\n|-damage|p2a: Groudon|12/100\n|move|p2b: Kyurem|Shadow Ball|p1a: Ceruledge\n|-supereffective|p1a: Ceruledge\n|-crit|p1a: Ceruledge\n|-damage|p1a: Ceruledge|0 fnt\n|faint|p1a: Ceruledge\n|move|p2a: Groudon|Precipice Blades|p1b: Zamazenta|[miss]\n|-miss|p2a: Groudon|p1b: Zamazenta\n|\n|-weather|SunnyDay|[upkeep]\n|upkeep\n|\n|t:|1772697659\n|switch|p1a: Miraidon|Miraidon, L50|100/100\n|-fieldstart|move: Electric Terrain|[from] ability: Hadron Engine|[of] p1a: Miraidon\n|turn|4\n|\n|t:|1772697671\n|switch|p2b: Whimsicott|Whimsicott, L50, F|100/100\n|move|p1a: Miraidon|Electro Drift|p2b: Whimsicott\n|-resisted|p2b: Whimsicott\n|-damage|p2b: Whimsicott|15/100\n|move|p1b: Zamazenta|Body Press|p2a: Groudon\n|-damage|p2a: Groudon|0 fnt\n|faint|p2a: Groudon\n|\n|-weather|SunnyDay|[upkeep]\n|upkeep\n|\n|t:|1772697682\n|switch|p2a: Kyurem|Kyurem-White, L50, tera:Ghost|65/100\n|-ability|p2a: Kyurem|Turboblaze\n|turn|5\n|\n|t:|1772697697\n|switch|p1a: Flutter Mane|Flutter Mane, L50|100/100\n|-activate|p1a: Flutter Mane|ability: Protosynthesis\n|-start|p1a: Flutter Mane|protosynthesisspe\n|move|p2b: Whimsicott|Tailwind|p2b: Whimsicott\n|-sidestart|p2: I\u2764\ufe0f\u5a1c\u7984forever|move: Tailwind\n|move|p2a: Kyurem|Freeze-Dry|p1a: Flutter Mane\n|-damage|p1a: Flutter Mane|56/100\n|move|p1b: Zamazenta|Body Press|p2a: Kyurem\n|-immune|p2a: Kyurem\n|\n|-weather|none\n|-end|p1a: Flutter Mane|Protosynthesis\n|upkeep\n|-enditem|p1a: Flutter Mane|Booster Energy\n|-activate|p1a: Flutter Mane|ability: Protosynthesis|[fromitem]\n|-start|p1a: Flutter Mane|protosynthesisspe\n|turn|6\n|\n|t:|1772697715\n|move|p2b: Whimsicott|Endeavor|p1b: Zamazenta\n|-damage|p1b: Zamazenta|10/100\n|move|p1a: Flutter Mane|Icy Wind|p2a: Kyurem|[spread] p2a,p2b\n|-supereffective|p2b: Whimsicott\n|-damage|p2a: Kyurem|55/100\n|-damage|p2b: Whimsicott|0 fnt\n|-unboost|p2a: Kyurem|spe|1\n|faint|p2b: Whimsicott\n|move|p1b: Zamazenta|Behemoth Bash|p2a: Kyurem\n|-damage|p2a: Kyurem|24/100\n|move|p2a: Kyurem|Shadow Ball|p1a: Flutter Mane\n|-supereffective|p1a: Flutter Mane\n|-damage|p1a: Flutter Mane|0 fnt\n|faint|p1a: Flutter Mane\n|-end|p1a: Flutter Mane|Protosynthesis|[silent]\n|\n|upkeep\n|\n|t:|1772697729\n|switch|p1a: Miraidon|Miraidon, L50|100/100\n|switch|p2b: Ditto|Ditto, L50|100/100\n|-activate|p1a: Miraidon|ability: Hadron Engine\n|-transform|p2b: Ditto|p1a: Miraidon|[from] ability: Imposter\n|-activate|p2b: Ditto|ability: Hadron Engine\n|turn|7\n|\n|t:|1772697747\n|move|p1b: Zamazenta|Wide Guard|p1b: Zamazenta\n|-singleturn|p1b: Zamazenta|Wide Guard\n|move|p2b: Ditto|Dazzling Gleam|p1b: Zamazenta|[spread] \n|-activate|p1a: Miraidon|move: Wide Guard\n|-activate|p1b: Zamazenta|move: Wide Guard\n|move|p1a: Miraidon|Dazzling Gleam|p2b: Ditto|[spread] p2a,p2b\n|-supereffective|p2b: Ditto\n|-damage|p2a: Kyurem|4/100\n|-damage|p2b: Ditto|48/100\n|move|p2a: Kyurem|Freeze-Dry|p1a: Miraidon\n|-supereffective|p1a: Miraidon\n|-damage|p1a: Miraidon|41/100\n|\n|upkeep\n|turn|8\n|\n|t:|1772697765\n|move|p1b: Zamazenta|Wide Guard|p1b: Zamazenta\n|-singleturn|p1b: Zamazenta|Wide Guard\n|move|p2b: Ditto|Electro Drift|p1b: Zamazenta\n|-damage|p1b: Zamazenta|0 fnt\n|faint|p1b: Zamazenta\n|move|p1a: Miraidon|Dazzling Gleam|p2b: Ditto|[spread] p2a,p2b\n|-supereffective|p2b: Ditto\n|-damage|p2a: Kyurem|0 fnt\n|-damage|p2b: Ditto|0 fnt\n|faint|p2a: Kyurem\n|faint|p2b: Ditto\n|\n|win|sgcactus\n|raw|sgcactus's rating: 1454 &rarr; <strong>1474</strong><br />(+20 for winning)\n|raw|I\u2764\ufe0f\u5a1c\u7984forever's rating: 1454 &rarr; <strong>1434</strong><br />(-20 for losing)\n|l|\u2606I\u2764\ufe0f\u5a1c\u7984forever\n|player|p2|\n|l|\u2606sgcactus\n|player|p1|\n","uploadtime":1772697931,"views":13,"formatid":"gen9vgc2026regi","rating":1434,"private":0,"password":null}