{"id":"gen9vgc2026regi-2567061682","format":"[Gen 9] VGC 2026 Reg I","players":["ArisHazard","rocket grunt kb"],"log":"|j|\u2606ArisHazard\n|j|\u2606rocket grunt kb\n|t:|1774445897\n|gametype|doubles\n|player|p1|ArisHazard|169|1418\n|player|p2|rocket grunt kb|plasmagrunt|1433\n|gen|9\n|tier|[Gen 9] VGC 2026 Reg I\n|rated|\n|rule|Species Clause: Limit one of each Pok\u00e9mon\n|rule|Item Clause: Limit 1 of each item\n|clearpoke\n|poke|p1|Calyrex-Ice, L50|\n|poke|p1|Hitmontop, L50, M|\n|poke|p1|Miraidon, L50|\n|poke|p1|Sableye, L50, F|\n|poke|p1|Ting-Lu, L50|\n|poke|p1|Volcarona, L50, F|\n|poke|p2|Rillaboom, L50, M|\n|poke|p2|Zamazenta-*, L50|\n|poke|p2|Smeargle, L50, M|\n|poke|p2|Muk-Alola, L50, M|\n|poke|p2|Grimmsnarl, L50, M|\n|poke|p2|Calyrex-Shadow, L50|\n|teampreview|4\n|inactive|Battle timer is ON: inactive players will automatically lose when time's up. (requested by ArisHazard)\n|\n|t:|1774445918\n|teamsize|p1|4\n|teamsize|p2|4\n|start\n|switch|p1a: Calyrex|Calyrex-Ice, L50|100/100\n|switch|p1b: Hitmontop|Hitmontop, L50, M|100/100\n|switch|p2a: Muk|Muk-Alola, L50, M|100/100\n|switch|p2b: Smeargle|Smeargle, L50, M|100/100\n|-ability|p1a: Calyrex|As One\n|-ability|p1a: Calyrex|Unnerve\n|-ability|p1b: Hitmontop|Intimidate|boost\n|-unboost|p2a: Muk|atk|1\n|-unboost|p2b: Smeargle|atk|1\n|turn|1\n|\n|t:|1774445933\n|move|p2b: Smeargle|Fake Out|p1a: Calyrex\n|-damage|p1a: Calyrex|98/100\n|move|p1b: Hitmontop|Fake Out|p2b: Smeargle\n|-damage|p2b: Smeargle|79/100\n|move|p2a: Muk|Minimize|p2a: Muk\n|-boost|p2a: Muk|evasion|2\n|cant|p1a: Calyrex|flinch\n|\n|-ability|p2b: Smeargle|Moody|boost\n|-boost|p2b: Smeargle|spd|2\n|-unboost|p2b: Smeargle|def|1\n|upkeep\n|turn|2\n|inactive|rocket grunt kb has 30 seconds left.\n|inactive|rocket grunt kb has 20 seconds left.\n|inactive|rocket grunt kb has 15 seconds left.\n|inactive|rocket grunt kb has 10 seconds left.\n|inactive|rocket grunt kb has 5 seconds left.\n|\n|t:|1774445988\n|move|p2a: Muk|Protect|p2a: Muk\n|-singleturn|p2a: Muk|Protect\n|move|p1a: Calyrex|Protect|p1a: Calyrex\n|-singleturn|p1a: Calyrex|Protect\n|move|p2b: Smeargle|Memento|p1a: Calyrex\n|-activate|p1a: Calyrex|move: Protect\n|move|p1b: Hitmontop|Coaching|p1a: Calyrex\n|-boost|p1a: Calyrex|atk|1\n|-boost|p1a: Calyrex|def|1\n|\n|-ability|p2b: Smeargle|Moody|boost\n|-boost|p2b: Smeargle|spe|2\n|-unboost|p2b: Smeargle|spd|1\n|upkeep\n|turn|3\n|\n|t:|1774446010\n|switch|p1b: Miraidon|Miraidon, L50|100/100\n|-fieldstart|move: Electric Terrain|[from] ability: Hadron Engine|[of] p1b: Miraidon\n|move|p2b: Smeargle|Spore|p1a: Calyrex\n|-activate|p1a: Calyrex|move: Electric Terrain\n|move|p2a: Muk|Minimize|p2a: Muk\n|-boost|p2a: Muk|evasion|2\n|move|p1a: Calyrex|Glacial Lance|p2a: Muk|[spread] p2a,p2b\n|-damage|p2a: Muk|30/100\n|-damage|p2b: Smeargle|0 fnt\n|faint|p2b: Smeargle\n|-ability|p2a: Muk|Moody|Power of Alchemy|[from] ability: Power of Alchemy|[of] p2b: Smeargle\n|-ability|p1a: Calyrex|Chilling Neigh|boost\n|-boost|p1a: Calyrex|atk|1\n|\n|-heal|p2a: Muk|36/100|[from] item: Leftovers\n|-ability|p2a: Muk|Moody|boost\n|-boost|p2a: Muk|spd|2\n|-unboost|p2a: Muk|def|1\n|upkeep\n|inactive|rocket grunt kb has 30 seconds left.\n|inactive|rocket grunt kb has 20 seconds left.\n|\n|t:|1774446050\n|switch|p2b: Zamazenta|Zamazenta-Crowned, L50|100/100\n|-ability|p2b: Zamazenta|Dauntless Shield|boost\n|-boost|p2b: Zamazenta|def|1\n|turn|4\n|\n|t:|1774446060\n|move|p2a: Muk|Protect|p2a: Muk\n|-singleturn|p2a: Muk|Protect\n|move|p1a: Calyrex|Protect|p1a: Calyrex\n|-singleturn|p1a: Calyrex|Protect\n|move|p1b: Miraidon|Volt Switch|p2b: Zamazenta\n|-damage|p2b: Zamazenta|50/100\n|\n|t:|1774446068\n|switch|p1b: Hitmontop|Hitmontop, L50, M|100/100|[from] Volt Switch\n|-ability|p1b: Hitmontop|Intimidate|boost\n|-unboost|p2a: Muk|atk|1\n|-unboost|p2b: Zamazenta|atk|1\n|move|p2b: Zamazenta|Roar|p1a: Calyrex\n|drag|p1a: Miraidon|Miraidon, L50|100/100\n|-activate|p1a: Miraidon|ability: Hadron Engine\n|\n|-heal|p2a: Muk|42/100|[from] item: Leftovers\n|-ability|p2a: Muk|Moody|boost\n|-boost|p2a: Muk|spe|2\n|-unboost|p2a: Muk|spd|1\n|upkeep\n|turn|5\n|\n|t:|1774446087\n|move|p1b: Hitmontop|Fake Out|p2a: Muk|[miss]\n|-miss|p1b: Hitmontop|p2a: Muk\n|move|p2b: Zamazenta|Body Press|p1a: Miraidon\n|-damage|p1a: Miraidon|47/100\n|move|p1a: Miraidon|Electro Drift|p2b: Zamazenta\n|-damage|p2b: Zamazenta|0 fnt\n|faint|p2b: Zamazenta\n|move|p2a: Muk|Minimize|p2a: Muk\n|-boost|p2a: Muk|evasion|2\n|\n|-heal|p2a: Muk|48/100|[from] item: Leftovers\n|-ability|p2a: Muk|Moody|boost\n|-boost|p2a: Muk|atk|2\n|-unboost|p2a: Muk|spe|1\n|upkeep\n|\n|t:|1774446097\n|switch|p2b: Calyrex|Calyrex-Shadow, L50|100/100\n|-ability|p2b: Calyrex|As One\n|-ability|p2b: Calyrex|Unnerve\n|turn|6\n|\n|t:|1774446109\n|switch|p1b: Calyrex|Calyrex-Ice, L50|98/100\n|-ability|p1b: Calyrex|As One\n|-ability|p1b: Calyrex|Unnerve\n|move|p2a: Muk|Protect|p2a: Muk\n|-singleturn|p2a: Muk|Protect\n|move|p2b: Calyrex|Psych Up|p2a: Muk\n|-copyboost|p2b: Calyrex|p2a: Muk|[from] move: Psych Up\n|-enditem|p2b: Calyrex|White Herb\n|-clearnegativeboost|p2b: Calyrex|[silent]\n|move|p1a: Miraidon|Snarl|p2b: Calyrex|[spread] \n|-activate|p2a: Muk|move: Protect\n|-miss|p1a: Miraidon|p2b: Calyrex\n|\n|-heal|p2a: Muk|54/100|[from] item: Leftovers\n|-ability|p2a: Muk|Moody|boost\n|-boost|p2a: Muk|spe|2\n|-unboost|p2a: Muk|def|1\n|upkeep\n|turn|7\n|inactive|rocket grunt kb has 30 seconds left.\n|\n|t:|1774446135\n|switch|p1a: Ting-Lu|Ting-Lu, L50|100/100\n|-ability|p1a: Ting-Lu|Vessel of Ruin\n|-terastallize|p1b: Calyrex|Fire\n|move|p2b: Calyrex|Astral Barrage|p1b: Calyrex|[spread] p1a,p1b\n|-resisted|p1a: Ting-Lu\n|-damage|p1a: Ting-Lu|88/100\n|-damage|p1b: Calyrex|74/100\n|move|p2a: Muk|Knock Off|p1a: Ting-Lu\n|-resisted|p1a: Ting-Lu\n|-damage|p1a: Ting-Lu|78/100\n|-damage|p2a: Muk|38/100|[from] item: Rocky Helmet|[of] p1a: Ting-Lu\n|-enditem|p1a: Ting-Lu|Rocky Helmet|[from] move: Knock Off|[of] p2a: Muk\n|move|p1b: Calyrex|Glacial Lance|p2b: Calyrex|[spread] \n|-miss|p1b: Calyrex|p2a: Muk\n|-miss|p1b: Calyrex|p2b: Calyrex\n|\n|-heal|p2a: Muk|44/100|[from] item: Leftovers\n|-fieldend|move: Electric Terrain\n|-ability|p2a: Muk|Moody|boost\n|-boost|p2a: Muk|spe|2\n|-unboost|p2a: Muk|spa|1\n|upkeep\n|turn|8\n|inactive|ArisHazard has 30 seconds left.\n|inactive|rocket grunt kb has 30 seconds left.\n|\n|t:|1774446169\n|-terastallize|p2b: Calyrex|Fairy\n|move|p2b: Calyrex|Astral Barrage|p1b: Calyrex|[spread] p1a,p1b\n|-resisted|p1a: Ting-Lu\n|-damage|p1a: Ting-Lu|65/100\n|-damage|p1b: Calyrex|50/100\n|move|p2a: Muk|Knock Off|p1b: Calyrex\n|-damage|p1b: Calyrex|28/100\n|-enditem|p1b: Calyrex|Clear Amulet|[from] move: Knock Off|[of] p2a: Muk\n|move|p1a: Ting-Lu|Ruination|p2b: Calyrex|[miss]\n|-miss|p1a: Ting-Lu|p2b: Calyrex\n|move|p1b: Calyrex|Glacial Lance|p2a: Muk|[spread] \n|-miss|p1b: Calyrex|p2a: Muk\n|-miss|p1b: Calyrex|p2b: Calyrex\n|\n|-heal|p2a: Muk|50/100|[from] item: Leftovers\n|-ability|p2a: Muk|Moody|boost\n|-boost|p2a: Muk|atk|2\n|-unboost|p2a: Muk|def|1\n|upkeep\n|turn|9\n|inactive|rocket grunt kb has 30 seconds left.\n|\n|t:|1774446199\n|move|p1b: Calyrex|Protect|p1b: Calyrex\n|-singleturn|p1b: Calyrex|Protect\n|move|p2b: Calyrex|Astral Barrage|p1a: Ting-Lu|[spread] p1a\n|-activate|p1b: Calyrex|move: Protect\n|-resisted|p1a: Ting-Lu\n|-damage|p1a: Ting-Lu|52/100\n|move|p2a: Muk|Knock Off|p1b: Calyrex\n|-activate|p1b: Calyrex|move: Protect\n|move|p1a: Ting-Lu|Ruination|p2b: Calyrex|[miss]\n|-miss|p1a: Ting-Lu|p2b: Calyrex\n|\n|-heal|p2a: Muk|56/100|[from] item: Leftovers\n|-ability|p2a: Muk|Moody|boost\n|-boost|p2a: Muk|spe|1\n|-unboost|p2a: Muk|spd|1\n|upkeep\n|turn|10\n|\n|t:|1774446219\n|move|p2b: Calyrex|Astral Barrage|p1b: Calyrex|[spread] p1a,p1b\n|-resisted|p1a: Ting-Lu\n|-damage|p1a: Ting-Lu|40/100\n|-damage|p1b: Calyrex|3/100\n|move|p2a: Muk|Knock Off|p1b: Calyrex\n|-damage|p1b: Calyrex|0 fnt\n|faint|p1b: Calyrex\n|move|p1a: Ting-Lu|Ruination|p2b: Calyrex|[miss]\n|-miss|p1a: Ting-Lu|p2b: Calyrex\n|\n|-heal|p2a: Muk|62/100|[from] item: Leftovers\n|-ability|p2a: Muk|Moody|boost\n|-boost|p2a: Muk|spd|2\n|-unboost|p2a: Muk|def|1\n|upkeep\n|\n|t:|1774446236\n|switch|p1b: Miraidon|Miraidon, L50|47/100\n|-fieldstart|move: Electric Terrain|[from] ability: Hadron Engine|[of] p1b: Miraidon\n|turn|11\n|\n|t:|1774446242\n|move|p2b: Calyrex|Draining Kiss|p1b: Miraidon\n|-supereffective|p1b: Miraidon\n|-damage|p1b: Miraidon|18/100\n|move|p2a: Muk|Knock Off|p1b: Miraidon\n|-damage|p1b: Miraidon|0 fnt\n|-enditem|p1b: Miraidon|Assault Vest|[from] move: Knock Off|[of] p2a: Muk\n|faint|p1b: Miraidon\n|move|p1a: Ting-Lu|Ruination|p2b: Calyrex|[miss]\n|-miss|p1a: Ting-Lu|p2b: Calyrex\n|\n|-heal|p2a: Muk|68/100|[from] item: Leftovers\n|-ability|p2a: Muk|Moody|boost\n|-boost|p2a: Muk|atk|2\n|-unboost|p2a: Muk|spd|1\n|upkeep\n|-message|ArisHazard forfeited.\n|\n|win|rocket grunt kb\n|raw|ArisHazard's rating: 1418 &rarr; <strong>1399</strong><br />(-19 for losing)\n|raw|rocket grunt kb's rating: 1433 &rarr; <strong>1452</strong><br />(+19 for winning)\n|l|\u2606ArisHazard\n|player|p1|\n|l|\u2606rocket grunt kb\n|player|p2|\n","uploadtime":1774446457,"views":5,"formatid":"gen9vgc2026regi","rating":1399,"private":0,"password":null}