{"id":"gen9vgc2026regi-2580408220","format":"[Gen 9] VGC 2026 Reg I","players":["fu1111111","FRESHmustard"],"log":"|j|\u2606fu1111111\n|j|\u2606FRESHmustard\n|t:|1775891960\n|gametype|doubles\n|player|p1|fu1111111|169|1482\n|player|p2|FRESHmustard|clair|1463\n|gen|9\n|tier|[Gen 9] VGC 2026 Reg I\n|rated|\n|rule|Species Clause: Limit one of each Pok\u00e9mon\n|rule|Item Clause: Limit 1 of each item\n|clearpoke\n|poke|p1|Whimsicott, L50, F|\n|poke|p1|Chi-Yu, L50|\n|poke|p1|Calyrex-Shadow, L50|\n|poke|p1|Smeargle, L50, F|\n|poke|p1|Kyogre, L50|\n|poke|p1|Scizor, L50, M|\n|poke|p2|Lunala, L50|\n|poke|p2|Ursaluna, L50, M|\n|poke|p2|Urshifu-*, L50, F|\n|poke|p2|Miraidon, L50|\n|poke|p2|Grimmsnarl, L50, M|\n|poke|p2|Incineroar, L50, F|\n|teampreview|4\n|\n|t:|1775892015\n|teamsize|p1|4\n|teamsize|p2|4\n|start\n|switch|p1a: Scizor|Scizor, L50, M|100/100\n|switch|p1b: Calyrex|Calyrex-Shadow, L50|100/100\n|switch|p2a: Incineroar|Incineroar, L50, F|100/100\n|switch|p2b: Lunala|Lunala, L50|100/100\n|-ability|p1b: Calyrex|As One\n|-ability|p1b: Calyrex|Unnerve\n|-ability|p2a: Incineroar|Intimidate|boost\n|-unboost|p1a: Scizor|atk|1\n|-unboost|p1b: Calyrex|atk|1\n|turn|1\n|\n|t:|1775892055\n|-terastallize|p1b: Calyrex|Normal\n|-terastallize|p2b: Lunala|Fairy\n|move|p1a: Scizor|Bullet Punch|p2b: Lunala\n|-supereffective|p2b: Lunala\n|-damage|p2b: Lunala|74/100\n|move|p1b: Calyrex|Astral Barrage|p2b: Lunala|[spread] p2a,p2b\n|-resisted|p2a: Incineroar\n|-damage|p2a: Incineroar|73/100\n|-damage|p2b: Lunala|31/100\n|move|p2a: Incineroar|Knock Off|p1b: Calyrex\n|-damage|p1b: Calyrex|52/100\n|-enditem|p1b: Calyrex|Weakness Policy|[from] move: Knock Off|[of] p2a: Incineroar\n|move|p2b: Lunala|Trick Room|p2b: Lunala\n|-fieldstart|move: Trick Room|[of] p2b: Lunala\n|\n|upkeep\n|turn|2\n|\n|t:|1775892088\n|switch|p2b: Ursaluna|Ursaluna, L50, M|100/100\n|move|p1a: Scizor|Bullet Punch|p2b: Ursaluna\n|-damage|p2b: Ursaluna|76/100\n|move|p2a: Incineroar|Will-O-Wisp|p1a: Scizor\n|-status|p1a: Scizor|brn\n|move|p1b: Calyrex|Astral Barrage|p2a: Incineroar|[spread] p2a\n|-immune|p2b: Ursaluna\n|-resisted|p2a: Incineroar\n|-damage|p2a: Incineroar|46/100\n|\n|-damage|p1a: Scizor|95/100 brn|[from] brn\n|-status|p2b: Ursaluna|brn|[from] item: Flame Orb\n|upkeep\n|turn|3\n|\n|t:|1775892140\n|move|p1b: Calyrex|Protect|p1b: Calyrex\n|-singleturn|p1b: Calyrex|Protect\n|move|p1a: Scizor|Bullet Punch|p2b: Ursaluna\n|-damage|p2b: Ursaluna|63/100 brn\n|move|p2b: Ursaluna|Rock Slide|p1b: Calyrex|[spread] p1a\n|-activate|p1b: Calyrex|move: Protect\n|-damage|p1a: Scizor|58/100 brn\n|move|p2a: Incineroar|Parting Shot|p1a: Scizor\n|-unboost|p1a: Scizor|atk|1\n|-unboost|p1a: Scizor|spa|1\n|\n|t:|1775892152\n|switch|p2a: Lunala|Lunala, L50, tera:Fairy|31/100|[from] Parting Shot\n|\n|-damage|p2b: Ursaluna|57/100 brn|[from] brn\n|-damage|p1a: Scizor|52/100 brn|[from] brn\n|upkeep\n|turn|4\n|\n|t:|1775892183\n|move|p1a: Scizor|Bullet Punch|p2a: Lunala\n|-supereffective|p2a: Lunala\n|-damage|p2a: Lunala|11/100\n|move|p2b: Ursaluna|Facade|p1b: Calyrex\n|-damage|p1b: Calyrex|0 fnt\n|faint|p1b: Calyrex\n|move|p2a: Lunala|Moongeist Beam|p1a: Scizor\n|-damage|p1a: Scizor|0 fnt\n|faint|p1a: Scizor\n|\n|-damage|p2b: Ursaluna|51/100 brn|[from] brn\n|upkeep\n|\n|t:|1775892198\n|switch|p1a: Kyogre|Kyogre, L50|100/100\n|switch|p1b: Chi-Yu|Chi-Yu, L50|100/100\n|-weather|RainDance|[from] ability: Drizzle|[of] p1a: Kyogre\n|-ability|p1b: Chi-Yu|Beads of Ruin\n|turn|5\n|\n|t:|1775892227\n|move|p1a: Kyogre|Hydro Pump|p2b: Ursaluna\n|-supereffective|p2b: Ursaluna\n|-damage|p2b: Ursaluna|0 fnt\n|faint|p2b: Ursaluna\n|move|p2a: Lunala|Moonblast|p1b: Chi-Yu\n|-damage|p1b: Chi-Yu|42/100\n|-unboost|p1b: Chi-Yu|spa|1\n|move|p1b: Chi-Yu|Dark Pulse|p2a: Lunala\n|-resisted|p2a: Lunala\n|-damage|p2a: Lunala|0 fnt\n|faint|p2a: Lunala\n|\n|-weather|RainDance|[upkeep]\n|-fieldend|move: Trick Room\n|upkeep\n|\n|t:|1775892237\n|switch|p2a: Incineroar|Incineroar, L50, F|46/100\n|switch|p2b: Miraidon|Miraidon, L50|100/100\n|-fieldstart|move: Electric Terrain|[from] ability: Hadron Engine|[of] p2b: Miraidon\n|-ability|p2a: Incineroar|Intimidate|boost\n|-unboost|p1a: Kyogre|atk|1\n|-unboost|p1b: Chi-Yu|atk|1\n|turn|6\n|\n|t:|1775892258\n|move|p2a: Incineroar|Fake Out|p1a: Kyogre\n|-damage|p1a: Kyogre|91/100\n|move|p1b: Chi-Yu|Dark Pulse|p2b: Miraidon\n|-damage|p2b: Miraidon|83/100\n|move|p2b: Miraidon|Electro Drift|p1b: Chi-Yu\n|-damage|p1b: Chi-Yu|0 fnt\n|faint|p1b: Chi-Yu\n|cant|p1a: Kyogre|flinch\n|\n|-weather|RainDance|[upkeep]\n|upkeep\n|turn|7\n|-message|fu1111111 forfeited.\n|\n|win|FRESHmustard\n|raw|fu1111111's rating: 1482 &rarr; <strong>1461</strong><br />(-21 for losing)\n|raw|FRESHmustard's rating: 1463 &rarr; <strong>1484</strong><br />(+21 for winning)\n|l|\u2606fu1111111\n|player|p1|\n|l|\u2606FRESHmustard\n|player|p2|\n","uploadtime":1775892510,"views":15,"formatid":"gen9vgc2026regi","rating":1461,"private":0,"password":null}