{"id":"gen9vgc2026regi-2580116485","format":"[Gen 9] VGC 2026 Reg I","players":["randy.zhang2023","DemonPingu"],"log":"|j|\u2606randy.zhang2023\n|j|\u2606DemonPingu\n|t:|1775855710\n|gametype|doubles\n|player|p1|randy.zhang2023|1|1383\n|player|p2|DemonPingu|fisherman-gen4|1383\n|gen|9\n|tier|[Gen 9] VGC 2026 Reg I\n|rated|\n|rule|Species Clause: Limit one of each Pok\u00e9mon\n|rule|Item Clause: Limit 1 of each item\n|clearpoke\n|poke|p1|Koraidon, L50|\n|poke|p1|Flutter Mane, L50|\n|poke|p1|Ogerpon-Cornerstone, L50, F|\n|poke|p1|Whimsicott, L50, F|\n|poke|p1|Calyrex-Shadow, L50|\n|poke|p1|Chi-Yu, L50|\n|poke|p2|Farigiraf, L50, F|\n|poke|p2|Grimmsnarl, L50, M|\n|poke|p2|Incineroar, L50, F|\n|poke|p2|Gallade, L50, M|\n|poke|p2|Miraidon, L50|\n|poke|p2|Calyrex-Ice, L50|\n|teampreview|4\n|\n|t:|1775855744\n|teamsize|p1|4\n|teamsize|p2|4\n|start\n|switch|p1a: Flutter Mane|Flutter Mane, L50|100/100\n|switch|p1b: Calyrex|Calyrex-Shadow, L50|100/100\n|switch|p2a: piss merchant|Incineroar, L50, F|100/100\n|switch|p2b: AAAAAHHH|Farigiraf, L50, F|100/100\n|-ability|p1b: Calyrex|As One\n|-ability|p1b: Calyrex|Unnerve\n|-ability|p2a: piss merchant|Intimidate|boost\n|-unboost|p1a: Flutter Mane|atk|1\n|-unboost|p1b: Calyrex|atk|1\n|-enditem|p1a: Flutter Mane|Booster Energy\n|-activate|p1a: Flutter Mane|ability: Protosynthesis|[fromitem]\n|-start|p1a: Flutter Mane|protosynthesisspe\n|turn|1\n|inactive|Battle timer is ON: inactive players will automatically lose when time's up. (requested by randy.zhang2023)\n|\n|t:|1775855766\n|-terastallize|p1b: Calyrex|Fighting\n|move|p2b: AAAAAHHH|Protect|p2b: AAAAAHHH\n|-singleturn|p2b: AAAAAHHH|Protect\n|move|p1a: Flutter Mane|Taunt|p2b: AAAAAHHH\n|-activate|p2b: AAAAAHHH|move: Protect\n|move|p1b: Calyrex|Tera Blast|p2a: piss merchant|[anim] Tera Blast Fighting\n|-supereffective|p2a: piss merchant\n|-damage|p2a: piss merchant|20/100\n|move|p2a: piss merchant|Knock Off|p1b: Calyrex\n|-resisted|p1b: Calyrex\n|-damage|p1b: Calyrex|73/100\n|-enditem|p1b: Calyrex|Focus Sash|[from] move: Knock Off|[of] p2a: piss merchant\n|\n|upkeep\n|turn|2\n|inactive|DemonPingu has 30 seconds left.\n|inactive|DemonPingu has 20 seconds left.\n|inactive|DemonPingu has 15 seconds left.\n|inactive|DemonPingu has 10 seconds left.\n|\n|t:|1775855816\n|move|p1a: Flutter Mane|Taunt|p2b: AAAAAHHH\n|-start|p2b: AAAAAHHH|move: Taunt\n|move|p1b: Calyrex|Tera Blast|p2a: piss merchant|[anim] Tera Blast Fighting\n|-supereffective|p2a: piss merchant\n|-damage|p2a: piss merchant|0 fnt\n|faint|p2a: piss merchant\n|-ability|p1b: Calyrex|Grim Neigh|boost\n|-boost|p1b: Calyrex|spa|1\n|move|p2b: AAAAAHHH|Psychic|p1b: Calyrex\n|-supereffective|p1b: Calyrex\n|-damage|p1b: Calyrex|0 fnt\n|faint|p1b: Calyrex\n|\n|upkeep\n|\n|t:|1775855834\n|switch|p1b: Chi-Yu|Chi-Yu, L50|100/100\n|switch|p2a: my wrist|Calyrex-Ice, L50|100/100\n|-ability|p2a: my wrist|As One\n|-ability|p2a: my wrist|Unnerve\n|-ability|p1b: Chi-Yu|Beads of Ruin\n|turn|3\n|\n|t:|1775855853\n|-terastallize|p2a: my wrist|Ground\n|move|p1a: Flutter Mane|Moonblast|p2a: my wrist\n|-damage|p2a: my wrist|57/100\n|move|p1b: Chi-Yu|Overheat|p2a: my wrist\n|-damage|p2a: my wrist|0 fnt\n|-unboost|p1b: Chi-Yu|spa|2\n|faint|p2a: my wrist\n|move|p2b: AAAAAHHH|Hyper Voice|p1b: Chi-Yu|[spread] p1b\n|-immune|p1a: Flutter Mane\n|-damage|p1b: Chi-Yu|70/100\n|-enditem|p2b: AAAAAHHH|Throat Spray\n|-boost|p2b: AAAAAHHH|spa|1|[from] item: Throat Spray\n|\n|upkeep\n|\n|t:|1775855868\n|switch|p2a: Edward|Gallade, L50, M|100/100\n|turn|4\n|\n|t:|1775855882\n|switch|p1b: Koraidon|Koraidon, L50|100/100\n|-weather|SunnyDay|[from] ability: Orichalcum Pulse|[of] p1b: Koraidon\n|-activate|p1b: Koraidon|Orichalcum Pulse|[source]\n|move|p2a: Edward|Shadow Sneak|p1a: Flutter Mane\n|-supereffective|p1a: Flutter Mane\n|-damage|p1a: Flutter Mane|35/100\n|move|p1a: Flutter Mane|Dazzling Gleam|p2b: AAAAAHHH|[spread] p2a,p2b\n|-supereffective|p2a: Edward\n|-damage|p2a: Edward|44/100\n|-damage|p2b: AAAAAHHH|73/100\n|move|p2b: AAAAAHHH|Hyper Voice|p1a: Flutter Mane|[spread] p1b\n|-immune|p1a: Flutter Mane\n|-damage|p1b: Koraidon|54/100\n|\n|-weather|SunnyDay|[upkeep]\n|-end|p2b: AAAAAHHH|move: Taunt\n|upkeep\n|turn|5\n|inactive|randy.zhang2023 has 30 seconds left.\n|inactive|DemonPingu has 30 seconds left.\n|inactive|randy.zhang2023 has 20 seconds left.\n|inactive|randy.zhang2023 has 15 seconds left.\n|inactive|DemonPingu has 20 seconds left.\n|\n|t:|1775855924\n|move|p2a: Edward|Shadow Sneak|p1b: Koraidon\n|-damage|p1b: Koraidon|41/100\n|move|p1a: Flutter Mane|Moonblast|p2a: Edward\n|-supereffective|p2a: Edward\n|-damage|p2a: Edward|0 fnt\n|faint|p2a: Edward\n|move|p1b: Koraidon|Flare Blitz|p2b: AAAAAHHH\n|-damage|p2b: AAAAAHHH|0 fnt\n|faint|p2b: AAAAAHHH\n|-damage|p1b: Koraidon|11/100|[from] Recoil\n|\n|win|randy.zhang2023\n|raw|randy.zhang2023's rating: 1383 &rarr; <strong>1403</strong><br />(+20 for winning)\n|raw|DemonPingu's rating: 1383 &rarr; <strong>1363</strong><br />(-20 for losing)\n|l|\u2606DemonPingu\n|player|p2|\n","uploadtime":1775856094,"views":12,"formatid":"gen9vgc2026regi","rating":1363,"private":0,"password":null}