{"id":"gen9vgc2026regi-2579568595","format":"[Gen 9] VGC 2026 Reg I","players":["MelloJelloLol","Galact7adi"],"log":"|j|\u203dMelloJelloLol\n|j|\u2606Galact7adi\n|t:|1775798810\n|gametype|doubles\n|player|p1|MelloJelloLol|rosa|1378\n|player|p2|Galact7adi|hilbert|1509\n|gen|9\n|tier|[Gen 9] VGC 2026 Reg I\n|rated|\n|rule|Species Clause: Limit one of each Pok\u00e9mon\n|rule|Item Clause: Limit 1 of each item\n|clearpoke\n|poke|p1|Raging Bolt, L50|\n|poke|p1|Chien-Pao, L50|\n|poke|p1|Calyrex-Shadow, L50|\n|poke|p1|Rillaboom, L50, M|\n|poke|p1|Amoonguss, L50, F|\n|poke|p1|Zamazenta-*, L50|\n|poke|p2|Lunala, L50|\n|poke|p2|Groudon, L50|\n|poke|p2|Grimmsnarl, L50, M|\n|poke|p2|Incineroar, L50, M|\n|poke|p2|Rillaboom, L50, F|\n|poke|p2|Flutter Mane, L50|\n|teampreview|4\n|inactive|Battle timer is ON: inactive players will automatically lose when time's up. (requested by Galact7adi)\n|\n|t:|1775798841\n|teamsize|p1|4\n|teamsize|p2|4\n|start\n|switch|p1a: Calyrex|Calyrex-Shadow, L50|100/100\n|switch|p1b: Zamazenta|Zamazenta-Crowned, L50|100/100\n|switch|p2a: Lunala|Lunala, L50|100/100\n|switch|p2b: Rillaboom|Rillaboom, L50, F|100/100\n|-ability|p1a: Calyrex|As One\n|-ability|p1a: Calyrex|Unnerve\n|-ability|p1b: Zamazenta|Dauntless Shield|boost\n|-boost|p1b: Zamazenta|def|1\n|-fieldstart|move: Grassy Terrain|[from] ability: Grassy Surge|[of] p2b: Rillaboom\n|turn|1\n|\n|t:|1775798860\n|-terastallize|p2a: Lunala|Fairy\n|move|p1a: Calyrex|Protect|p1a: Calyrex\n|-singleturn|p1a: Calyrex|Protect\n|move|p1b: Zamazenta|Protect|p1b: Zamazenta\n|-singleturn|p1b: Zamazenta|Protect\n|move|p2a: Lunala|Calm Mind|p2a: Lunala\n|-boost|p2a: Lunala|spa|1\n|-boost|p2a: Lunala|spd|1\n|move|p2b: Rillaboom|Wood Hammer|p1a: Calyrex\n|-activate|p1a: Calyrex|move: Protect\n|\n|upkeep\n|turn|2\n|\n|t:|1775798874\n|move|p2b: Rillaboom|Grassy Glide|p1a: Calyrex\n|-damage|p1a: Calyrex|60/100\n|move|p1a: Calyrex|Astral Barrage|p2a: Lunala|[spread] p2a,p2b\n|-damage|p2a: Lunala|88/100\n|-damage|p2b: Rillaboom|67/100\n|move|p1b: Zamazenta|Behemoth Bash|p2a: Lunala\n|-supereffective|p2a: Lunala\n|-damage|p2a: Lunala|35/100\n|move|p2a: Lunala|Moonblast|p1a: Calyrex\n|-damage|p1a: Calyrex|0 fnt\n|faint|p1a: Calyrex\n|\n|-heal|p2a: Lunala|41/100|[from] Grassy Terrain\n|-heal|p2a: Lunala|47/100|[from] item: Leftovers\n|-heal|p2b: Rillaboom|73/100|[from] Grassy Terrain\n|upkeep\n|\n|t:|1775798886\n|switch|p1a: Chien-Pao|Chien-Pao, L50|100/100\n|-ability|p1a: Chien-Pao|Sword of Ruin\n|turn|3\n|\n|t:|1775798892\n|switch|p2b: Incineroar|Incineroar, L50, M|100/100\n|-ability|p2b: Incineroar|Intimidate|boost\n|-unboost|p1a: Chien-Pao|atk|1\n|-unboost|p1b: Zamazenta|atk|1\n|move|p2a: Lunala|Protect|p2a: Lunala\n|-singleturn|p2a: Lunala|Protect\n|move|p1a: Chien-Pao|Ice Spinner|p2b: Incineroar\n|-resisted|p2b: Incineroar\n|-damage|p2b: Incineroar|82/100\n|-fieldend|move: Grassy Terrain\n|-damage|p1a: Chien-Pao|91/100|[from] item: Life Orb\n|move|p1b: Zamazenta|Behemoth Bash|p2a: Lunala\n|-activate|p2a: Lunala|move: Protect\n|\n|-heal|p2a: Lunala|52/100|[from] item: Leftovers\n|upkeep\n|turn|4\n|\n|t:|1775798907\n|move|p1a: Chien-Pao|Protect|p1a: Chien-Pao\n|-singleturn|p1a: Chien-Pao|Protect\n|move|p2b: Incineroar|Fake Out|p1b: Zamazenta\n|-resisted|p1b: Zamazenta\n|-damage|p1b: Zamazenta|98/100\n|cant|p1b: Zamazenta|flinch\n|move|p2a: Lunala|Moonblast|p1a: Chien-Pao\n|-activate|p1a: Chien-Pao|move: Protect\n|\n|-heal|p2a: Lunala|58/100|[from] item: Leftovers\n|upkeep\n|turn|5\n|\n|t:|1775798923\n|-terastallize|p1a: Chien-Pao|Stellar\n|move|p2a: Lunala|Protect|p2a: Lunala\n|-singleturn|p2a: Lunala|Protect\n|move|p1a: Chien-Pao|Ice Spinner|p2a: Lunala\n|-activate|p2a: Lunala|move: Protect\n|move|p1b: Zamazenta|Body Press|p2b: Incineroar\n|-supereffective|p2b: Incineroar\n|-damage|p2b: Incineroar|0 fnt\n|faint|p2b: Incineroar\n|\n|-heal|p2a: Lunala|64/100|[from] item: Leftovers\n|upkeep\n|\n|t:|1775798934\n|switch|p2b: Flutter Mane|Flutter Mane, L50|100/100\n|turn|6\n|\n|t:|1775798946\n|move|p2b: Flutter Mane|Moonblast|p1a: Chien-Pao\n|-supereffective|p1a: Chien-Pao\n|-damage|p1a: Chien-Pao|0 fnt\n|faint|p1a: Chien-Pao\n|move|p1b: Zamazenta|Behemoth Bash|p2a: Lunala\n|-supereffective|p2a: Lunala\n|-damage|p2a: Lunala|31/100\n|move|p2a: Lunala|Moongeist Beam|p1b: Zamazenta\n|-damage|p1b: Zamazenta|54/100\n|\n|-heal|p2a: Lunala|36/100|[from] item: Leftovers\n|upkeep\n|-message|MelloJelloLol forfeited.\n|\n|win|Galact7adi\n|raw|MelloJelloLol's rating: 1378 &rarr; <strong>1365</strong><br />(-13 for losing)\n|raw|Galact7adi's rating: 1509 &rarr; <strong>1522</strong><br />(+13 for winning)\n|l|\u203dMelloJelloLol\n|player|p1|\n|l|\u2606Galact7adi\n|player|p2|\n","uploadtime":1775799179,"views":8,"formatid":"gen9vgc2026regi","rating":1365,"private":0,"password":null}