{"id":"gen9vgc2026regi-2553087452","format":"[Gen 9] VGC 2026 Reg I","players":["ryo8989","501JFW"],"log":"|j|\u2606ryo8989\n|j|\u2606501JFW\n|t:|1772796665\n|gametype|doubles\n|player|p1|ryo8989|erika|1464\n|player|p2|501JFW|170|1509\n|gen|9\n|tier|[Gen 9] VGC 2026 Reg I\n|rated|\n|rule|Species Clause: Limit one of each Pok\u00e9mon\n|rule|Item Clause: Limit 1 of each item\n|clearpoke\n|poke|p1|Calyrex-Shadow, L50|\n|poke|p1|Zamazenta-*, L50|\n|poke|p1|Rillaboom, L50, F|\n|poke|p1|Incineroar, L50, M|\n|poke|p1|Raging Bolt, L50|\n|poke|p1|Tornadus, L50, M|\n|poke|p2|Lunala, L50|\n|poke|p2|Koraidon, L50|\n|poke|p2|Jumpluff, L50, F|\n|poke|p2|Ogerpon-Cornerstone, L50, F|\n|poke|p2|Raging Bolt, L50|\n|poke|p2|Ursaluna, L50, M|\n|teampreview|4\n|inactive|Battle timer is ON: inactive players will automatically lose when time's up. (requested by 501JFW)\n|\n|t:|1772796677\n|teamsize|p1|4\n|teamsize|p2|4\n|start\n|switch|p1a: Calyrex|Calyrex-Shadow, L50|100/100\n|switch|p1b: Tornadus|Tornadus, L50, M|100/100\n|switch|p2a: Koraidon|Koraidon, L50, shiny|100/100\n|switch|p2b: Jumpluff|Jumpluff, L50, F, shiny|100/100\n|-ability|p1a: Calyrex|As One\n|-ability|p1a: Calyrex|Unnerve\n|-weather|SunnyDay|[from] ability: Orichalcum Pulse|[of] p2a: Koraidon\n|-activate|p2a: Koraidon|Orichalcum Pulse|[source]\n|turn|1\n|inactive|501JFW has 30 seconds left.\n|l|\u2606501JFW\n|inactive|501JFW disconnected and has a minute to reconnect!\n|player|p2|\n|j|\u2606501JFW\n|inactive|501JFW reconnected and has 25 seconds left.\n|player|p2|501JFW|170|\n|inactive|501JFW has 20 seconds left.\n|\n|t:|1772796714\n|move|p1b: Tornadus|Rain Dance|p1b: Tornadus\n|-weather|RainDance\n|move|p2a: Koraidon|Shadow Claw|p1a: Calyrex\n|-supereffective|p1a: Calyrex\n|-crit|p1a: Calyrex\n|-damage|p1a: Calyrex|0 fnt\n|faint|p1a: Calyrex\n|move|p2b: Jumpluff|Sleep Powder|p1b: Tornadus\n|-status|p1b: Tornadus|slp|[from] move: Sleep Powder\n|\n|-weather|RainDance|[upkeep]\n|upkeep\n|\n|t:|1772796725\n|switch|p1a: Zamazenta|Zamazenta-Crowned, L50|100/100\n|-ability|p1a: Zamazenta|Dauntless Shield|boost\n|-boost|p1a: Zamazenta|def|1\n|turn|2\n|\n|t:|1772796733\n|-terastallize|p1a: Zamazenta|Grass\n|move|p2a: Koraidon|Close Combat|p1a: Zamazenta\n|-damage|p1a: Zamazenta|76/100\n|-unboost|p2a: Koraidon|def|1\n|-unboost|p2a: Koraidon|spd|1\n|move|p1a: Zamazenta|Body Press|p2a: Koraidon\n|-damage|p2a: Koraidon|13/100\n|move|p2b: Jumpluff|Sleep Powder|p1a: Zamazenta\n|-immune|p1a: Zamazenta\n|cant|p1b: Tornadus|slp\n|\n|-weather|RainDance|[upkeep]\n|upkeep\n|turn|3\n|l|\u2606501JFW\n|inactive|501JFW disconnected and has a minute to reconnect!\n|player|p2|\n|j|\u2606501JFW\n|inactive|501JFW reconnected and has 45 seconds left.\n|player|p2|501JFW|170|\n|inactive|501JFW has 30 seconds left.\n|\n|t:|1772796763\n|move|p2a: Koraidon|U-turn|p1a: Zamazenta\n|-supereffective|p1a: Zamazenta\n|-damage|p1a: Zamazenta|55/100\n|\n|t:|1772796766\n|switch|p2a: Lunala|Lunala, L50, shiny|100/100|[from] U-turn\n|move|p1a: Zamazenta|Heavy Slam|p2b: Jumpluff\n|-damage|p2b: Jumpluff|47/100\n|move|p2b: Jumpluff|Tailwind|p2b: Jumpluff\n|-sidestart|p2: 501JFW|move: Tailwind\n|cant|p1b: Tornadus|slp\n|\n|-weather|RainDance|[upkeep]\n|upkeep\n|turn|4\n|inactive|501JFW has 30 seconds left.\n|\n|t:|1772796793\n|move|p2b: Jumpluff|Strength Sap|p1a: Zamazenta\n|-unboost|p1a: Zamazenta|atk|1\n|-heal|p2b: Jumpluff|100/100\n|move|p2a: Lunala|Meteor Beam||[still]\n|-prepare|p2a: Lunala|Meteor Beam\n|-boost|p2a: Lunala|spa|1\n|-enditem|p2a: Lunala|Power Herb\n|-anim|p2a: Lunala|Meteor Beam|p1b: Tornadus\n|-supereffective|p1b: Tornadus\n|-damage|p1b: Tornadus|0 fnt\n|faint|p1b: Tornadus\n|move|p1a: Zamazenta|Heavy Slam|p2b: Jumpluff\n|-damage|p2b: Jumpluff|66/100\n|\n|-weather|RainDance|[upkeep]\n|upkeep\n|\n|t:|1772796808\n|switch|p1b: Incineroar|Incineroar, L50, M|100/100\n|-ability|p1b: Incineroar|Intimidate|boost\n|-unboost|p2a: Lunala|atk|1\n|-unboost|p2b: Jumpluff|atk|1\n|turn|5\n|-message|ryo8989 forfeited.\n|\n|win|501JFW\n|raw|ryo8989's rating: 1464 &rarr; <strong>1447</strong><br />(-17 for losing)\n|raw|501JFW's rating: 1509 &rarr; <strong>1526</strong><br />(+17 for winning)\n|l|\u2606ryo8989\n|player|p1|\n|l|\u2606501JFW\n|player|p2|\n","uploadtime":1772797041,"views":16,"formatid":"gen9vgc2026regi","rating":1447,"private":0,"password":null}