{"id":"gen9vgc2026regi-2582668347","format":"[Gen 9] VGC 2026 Reg I","players":["BleachyBoi_426","CCManny"],"log":"|j|\u2606BleachyBoi_426\n|j|\u2606CCManny\n|t:|1776106096\n|gametype|doubles\n|player|p1|BleachyBoi_426|n|1421\n|player|p2|CCManny|ethan|1407\n|gen|9\n|tier|[Gen 9] VGC 2026 Reg I\n|rated|\n|rule|Species Clause: Limit one of each Pok\u00e9mon\n|rule|Item Clause: Limit 1 of each item\n|clearpoke\n|poke|p1|Tornadus, L50, M|\n|poke|p1|Kyogre, L50|\n|poke|p1|Zacian-*, L50|\n|poke|p1|Grimmsnarl, L50, M|\n|poke|p1|Urshifu-*, L50, M|\n|poke|p1|Brute Bonnet, L50|\n|poke|p2|Lunala, L50|\n|poke|p2|Ursaluna, L50, F|\n|poke|p2|Miraidon, L50|\n|poke|p2|Iron Bundle, L50|\n|poke|p2|Incineroar, L50, F|\n|poke|p2|Iron Hands, L50|\n|teampreview|4\n|inactive|Battle timer is ON: inactive players will automatically lose when time's up. (requested by CCManny)\n|inactive|BleachyBoi_426 has 60 seconds left.\n|inactive|BleachyBoi_426 has 30 seconds left.\n|inactive|BleachyBoi_426 has 20 seconds left.\n|\n|t:|1776106175\n|teamsize|p1|4\n|teamsize|p2|4\n|start\n|switch|p1a: Honey Kiss|Urshifu-Rapid-Strike, L50, M|100/100\n|switch|p1b: Little Prince|Brute Bonnet, L50, shiny|100/100\n|switch|p2a: Miraidon|Miraidon, L50|100/100\n|switch|p2b: Lunala|Lunala, L50|100/100\n|-fieldstart|move: Electric Terrain|[from] ability: Hadron Engine|[of] p2a: Miraidon\n|-enditem|p2b: Lunala|Electric Seed\n|-boost|p2b: Lunala|def|1|[from] item: Electric Seed\n|turn|1\n|\n|t:|1776106198\n|move|p1b: Little Prince|Sucker Punch|p2a: Miraidon\n|-damage|p2a: Miraidon|70/100\n|move|p1a: Honey Kiss|Close Combat|p2a: Miraidon\n|-damage|p2a: Miraidon|0 fnt\n|-unboost|p1a: Honey Kiss|def|1\n|-unboost|p1a: Honey Kiss|spd|1\n|faint|p2a: Miraidon\n|move|p2b: Lunala|Trick Room|p2b: Lunala\n|-fieldstart|move: Trick Room|[of] p2b: Lunala\n|\n|upkeep\n|\n|t:|1776106206\n|switch|p2a: Ursaluna|Ursaluna, L50, F|100/100\n|turn|2\n|\n|t:|1776106221\n|switch|p1a: Karamari|Grimmsnarl, L50, M|100/100\n|-terastallize|p2a: Ursaluna|Fairy\n|move|p2a: Ursaluna|Facade|p1b: Little Prince\n|-damage|p1b: Little Prince|73/100\n|move|p1b: Little Prince|Seed Bomb|p2b: Lunala\n|-damage|p2b: Lunala|92/100\n|move|p2b: Lunala|Moonblast|p1b: Little Prince\n|-supereffective|p1b: Little Prince\n|-damage|p1b: Little Prince|14/100\n|-enditem|p1b: Little Prince|Sitrus Berry|[eat]\n|-heal|p1b: Little Prince|39/100|[from] item: Sitrus Berry\n|\n|-status|p2a: Ursaluna|brn|[from] item: Flame Orb\n|upkeep\n|turn|3\n|\n|t:|1776106245\n|move|p1b: Little Prince|Sucker Punch|p2b: Lunala\n|-supereffective|p2b: Lunala\n|-damage|p2b: Lunala|26/100\n|move|p1a: Karamari|Reflect|p1a: Karamari\n|-sidestart|p1: BleachyBoi_426|Reflect\n|move|p2a: Ursaluna|Facade|p1b: Little Prince\n|-damage|p1b: Little Prince|0 fnt\n|faint|p1b: Little Prince\n|-end|p1b: Little Prince|Protosynthesis|[silent]\n|move|p2b: Lunala|Moonblast|p1a: Karamari\n|-supereffective|p1a: Karamari\n|-damage|p1a: Karamari|32/100\n|-unboost|p1a: Karamari|spa|1\n|\n|-damage|p2a: Ursaluna|94/100 brn|[from] brn\n|upkeep\n|\n|t:|1776106255\n|switch|p1b: Royal|Kyogre, L50|100/100\n|-weather|RainDance|[from] ability: Drizzle|[of] p1b: Royal\n|turn|4\n|\n|t:|1776106266\n|move|p2a: Ursaluna|Facade|p1b: Royal\n|-damage|p1b: Royal|25/100\n|move|p1a: Karamari|Foul Play|p2b: Lunala\n|-supereffective|p2b: Lunala\n|-damage|p2b: Lunala|0 fnt\n|faint|p2b: Lunala\n|move|p1b: Royal|Origin Pulse|p2a: Ursaluna\n|-damage|p2a: Ursaluna|2/100 brn\n|\n|-weather|RainDance|[upkeep]\n|-damage|p2a: Ursaluna|0 fnt|[from] brn\n|faint|p2a: Ursaluna\n|upkeep\n|\n|t:|1776106277\n|switch|p2b: Iron Hands|Iron Hands, L50|100/100\n|-activate|p2b: Iron Hands|ability: Quark Drive\n|-start|p2b: Iron Hands|quarkdriveatk\n|turn|5\n|\n|t:|1776106289\n|move|p2b: Iron Hands|Drain Punch|p1a: Karamari\n|-damage|p1a: Karamari|0 fnt\n|faint|p1a: Karamari\n|move|p1b: Royal|Origin Pulse|p2b: Iron Hands\n|-damage|p2b: Iron Hands|40/100\n|\n|-weather|RainDance|[upkeep]\n|-fieldend|move: Trick Room\n|-fieldend|move: Electric Terrain\n|-end|p2b: Iron Hands|Quark Drive\n|upkeep\n|\n|t:|1776106297\n|switch|p1a: Honey Kiss|Urshifu-Rapid-Strike, L50, M|100/100\n|turn|6\n|\n|t:|1776106304\n|-terastallize|p1b: Royal|Electric\n|move|p1a: Honey Kiss|Surging Strikes|p2b: Iron Hands\n|-crit|p2b: Iron Hands\n|-damage|p2b: Iron Hands|15/100\n|-crit|p2b: Iron Hands\n|-damage|p2b: Iron Hands|0 fnt\n|faint|p2b: Iron Hands\n|-end|p2b: Iron Hands|Quark Drive|[silent]\n|-hitcount|p2: Iron Hands|2\n|\n|win|BleachyBoi_426\n|raw|BleachyBoi_426's rating: 1421 &rarr; <strong>1440</strong><br />(+19 for winning)\n|raw|CCManny's rating: 1407 &rarr; <strong>1388</strong><br />(-19 for losing)\n|l|\u2606CCManny\n|player|p2|\n|c|\u2606BleachyBoi_426|gg wp\n","uploadtime":1776106320,"views":13,"formatid":"gen9vgc2026regi","rating":1388,"private":0,"password":null}