{"id":"gen9vgc2026regi-2545422886","format":"[Gen 9] VGC 2026 Reg I","players":["123456ag","BanKingambit69247"],"log":"|j|\u2606123456ag\n|j|\u2606BanKingambit69247\n|t:|1771847095\n|gametype|doubles\n|player|p1|123456ag|swimmerf-gen4dp|1430\n|player|p2|BanKingambit69247|101|1443\n|gen|9\n|tier|[Gen 9] VGC 2026 Reg I\n|rated|\n|rule|Species Clause: Limit one of each Pok\u00e9mon\n|rule|Item Clause: Limit 1 of each item\n|clearpoke\n|poke|p1|Calyrex-Ice, L50|\n|poke|p1|Miraidon, L50|\n|poke|p1|Incineroar, L50, M|\n|poke|p1|Urshifu-*, L50, M|\n|poke|p1|Grimmsnarl, L50, M|\n|poke|p1|Landorus, L50, M|\n|poke|p2|Calyrex-Shadow, L50|\n|poke|p2|Zamazenta-*, L50|\n|poke|p2|Chien-Pao, L50|\n|poke|p2|Dragonite, L50, F|\n|poke|p2|Rillaboom, L50, M|\n|poke|p2|Incineroar, L50, M|\n|teampreview|4\n|inactive|Battle timer is ON: inactive players will automatically lose when time's up. (requested by BanKingambit69247)\n|inactive|123456ag has 60 seconds left.\n|\n|t:|1771847148\n|teamsize|p1|4\n|teamsize|p2|4\n|start\n|switch|p1a: Grimmsnarl|Grimmsnarl, L50, M|100/100\n|switch|p1b: Miraidon|Miraidon, L50|100/100\n|switch|p2a: \u8ba9\u4f60\u4eec\u770b\u770b\u672c\u79d1\u751f\u7684\u542b\u91d1\u91cf\ud83d\udc37\ud83d\udc37\ud83d\udc37|Chien-Pao, L50|100/100\n|switch|p2b: \u70ab\u70ab\u70ab\u70ab\u70ab\u70ab\u70ab\u70ab\ud83d\udc36\ud83d\udc36\ud83d\udc36|Zamazenta-Crowned, L50|100/100\n|-ability|p2a: \u8ba9\u4f60\u4eec\u770b\u770b\u672c\u79d1\u751f\u7684\u542b\u91d1\u91cf\ud83d\udc37\ud83d\udc37\ud83d\udc37|Sword of Ruin\n|-fieldstart|move: Electric Terrain|[from] ability: Hadron Engine|[of] p1b: Miraidon\n|-ability|p2b: \u70ab\u70ab\u70ab\u70ab\u70ab\u70ab\u70ab\u70ab\ud83d\udc36\ud83d\udc36\ud83d\udc36|Dauntless Shield|boost\n|-boost|p2b: \u70ab\u70ab\u70ab\u70ab\u70ab\u70ab\u70ab\u70ab\ud83d\udc36\ud83d\udc36\ud83d\udc36|def|1\n|turn|1\n|inactive|123456ag has 30 seconds left.\n|\n|t:|1771847177\n|-terastallize|p2a: \u8ba9\u4f60\u4eec\u770b\u770b\u672c\u79d1\u751f\u7684\u542b\u91d1\u91cf\ud83d\udc37\ud83d\udc37\ud83d\udc37|Grass\n|-terastallize|p1b: Miraidon|Electric\n|move|p1a: Grimmsnarl|Reflect|p1a: Grimmsnarl\n|-sidestart|p1: 123456ag|Reflect\n|move|p2a: \u8ba9\u4f60\u4eec\u770b\u770b\u672c\u79d1\u751f\u7684\u542b\u91d1\u91cf\ud83d\udc37\ud83d\udc37\ud83d\udc37|Icicle Crash|p1b: Miraidon\n|-damage|p1b: Miraidon|70/100\n|cant|p1b: Miraidon|flinch\n|move|p2b: \u70ab\u70ab\u70ab\u70ab\u70ab\u70ab\u70ab\u70ab\ud83d\udc36\ud83d\udc36\ud83d\udc36|Heavy Slam|p1a: Grimmsnarl\n|-supereffective|p1a: Grimmsnarl\n|-damage|p1a: Grimmsnarl|15/100\n|\n|upkeep\n|turn|2\n|inactive|123456ag has 30 seconds left.\n|\n|t:|1771847211\n|switch|p2a: \u9999\u2642\u8549\u541b|Rillaboom, L50, M|100/100\n|-fieldstart|move: Grassy Terrain|[from] ability: Grassy Surge|[of] p2a: \u9999\u2642\u8549\u541b\n|move|p1a: Grimmsnarl|Light Screen|p1a: Grimmsnarl\n|-sidestart|p1: 123456ag|move: Light Screen\n|move|p1b: Miraidon|Volt Switch|p2b: \u70ab\u70ab\u70ab\u70ab\u70ab\u70ab\u70ab\u70ab\ud83d\udc36\ud83d\udc36\ud83d\udc36\n|-damage|p2b: \u70ab\u70ab\u70ab\u70ab\u70ab\u70ab\u70ab\u70ab\ud83d\udc36\ud83d\udc36\ud83d\udc36|63/100\n|\n|t:|1771847226\n|switch|p1b: Calyrex|Calyrex-Ice, L50|100/100|[from] Volt Switch\n|-ability|p1b: Calyrex|As One\n|-ability|p1b: Calyrex|Unnerve\n|move|p2b: \u70ab\u70ab\u70ab\u70ab\u70ab\u70ab\u70ab\u70ab\ud83d\udc36\ud83d\udc36\ud83d\udc36|Body Press|p1a: Grimmsnarl\n|-damage|p1a: Grimmsnarl|0 fnt\n|faint|p1a: Grimmsnarl\n|\n|-heal|p2b: \u70ab\u70ab\u70ab\u70ab\u70ab\u70ab\u70ab\u70ab\ud83d\udc36\ud83d\udc36\ud83d\udc36|69/100|[from] Grassy Terrain\n|upkeep\n|\n|t:|1771847241\n|switch|p1a: Incineroar|Incineroar, L50, M|100/100\n|-ability|p1a: Incineroar|Intimidate|boost\n|-unboost|p2a: \u9999\u2642\u8549\u541b|atk|1\n|-unboost|p2b: \u70ab\u70ab\u70ab\u70ab\u70ab\u70ab\u70ab\u70ab\ud83d\udc36\ud83d\udc36\ud83d\udc36|atk|1\n|turn|3\n|\n|t:|1771847265\n|move|p2a: \u9999\u2642\u8549\u541b|Fake Out|p1b: Calyrex\n|-damage|p1b: Calyrex|97/100\n|move|p2b: \u70ab\u70ab\u70ab\u70ab\u70ab\u70ab\u70ab\u70ab\ud83d\udc36\ud83d\udc36\ud83d\udc36|Body Press|p1a: Incineroar\n|-supereffective|p1a: Incineroar\n|-damage|p1a: Incineroar|33/100\n|-damage|p2b: \u70ab\u70ab\u70ab\u70ab\u70ab\u70ab\u70ab\u70ab\ud83d\udc36\ud83d\udc36\ud83d\udc36|53/100|[from] item: Rocky Helmet|[of] p1a: Incineroar\n|move|p1a: Incineroar|Will-O-Wisp|p2b: \u70ab\u70ab\u70ab\u70ab\u70ab\u70ab\u70ab\u70ab\ud83d\udc36\ud83d\udc36\ud83d\udc36\n|-status|p2b: \u70ab\u70ab\u70ab\u70ab\u70ab\u70ab\u70ab\u70ab\ud83d\udc36\ud83d\udc36\ud83d\udc36|brn\n|cant|p1b: Calyrex|flinch\n|\n|-heal|p2b: \u70ab\u70ab\u70ab\u70ab\u70ab\u70ab\u70ab\u70ab\ud83d\udc36\ud83d\udc36\ud83d\udc36|58/100 brn|[from] Grassy Terrain\n|-heal|p1a: Incineroar|39/100|[from] Grassy Terrain\n|-heal|p1b: Calyrex|100/100|[from] Grassy Terrain\n|-damage|p2b: \u70ab\u70ab\u70ab\u70ab\u70ab\u70ab\u70ab\u70ab\ud83d\udc36\ud83d\udc36\ud83d\udc36|53/100 brn|[from] brn\n|upkeep\n|turn|4\n|inactive|123456ag has 30 seconds left.\n|\n|t:|1771847292\n|move|p2b: \u70ab\u70ab\u70ab\u70ab\u70ab\u70ab\u70ab\u70ab\ud83d\udc36\ud83d\udc36\ud83d\udc36|Body Press|p1a: Incineroar\n|-supereffective|p1a: Incineroar\n|-crit|p1a: Incineroar\n|-damage|p1a: Incineroar|0 fnt\n|-damage|p2b: \u70ab\u70ab\u70ab\u70ab\u70ab\u70ab\u70ab\u70ab\ud83d\udc36\ud83d\udc36\ud83d\udc36|36/100 brn|[from] item: Rocky Helmet|[of] p1a: Incineroar\n|faint|p1a: Incineroar\n|move|p2a: \u9999\u2642\u8549\u541b|U-turn|p1b: Calyrex\n|-supereffective|p1b: Calyrex\n|-damage|p1b: Calyrex|89/100\n|\n|t:|1771847295\n|switch|p2a: \u8ba9\u4f60\u4eec\u770b\u770b\u672c\u79d1\u751f\u7684\u542b\u91d1\u91cf\ud83d\udc37\ud83d\udc37\ud83d\udc37|Chien-Pao, L50, tera:Grass|100/100|[from] U-turn\n|-ability|p2a: \u8ba9\u4f60\u4eec\u770b\u770b\u672c\u79d1\u751f\u7684\u542b\u91d1\u91cf\ud83d\udc37\ud83d\udc37\ud83d\udc37|Sword of Ruin\n|move|p1b: Calyrex|Leech Seed|p2b: \u70ab\u70ab\u70ab\u70ab\u70ab\u70ab\u70ab\u70ab\ud83d\udc36\ud83d\udc36\ud83d\udc36\n|-start|p2b: \u70ab\u70ab\u70ab\u70ab\u70ab\u70ab\u70ab\u70ab\ud83d\udc36\ud83d\udc36\ud83d\udc36|move: Leech Seed\n|\n|-heal|p2b: \u70ab\u70ab\u70ab\u70ab\u70ab\u70ab\u70ab\u70ab\ud83d\udc36\ud83d\udc36\ud83d\udc36|42/100 brn|[from] Grassy Terrain\n|-heal|p1b: Calyrex|95/100|[from] Grassy Terrain\n|-heal|p1b: Calyrex|100/100|[from] item: Leftovers\n|-damage|p2b: \u70ab\u70ab\u70ab\u70ab\u70ab\u70ab\u70ab\u70ab\ud83d\udc36\ud83d\udc36\ud83d\udc36|30/100 brn|[from] Leech Seed|[of] p1b: Calyrex\n|-damage|p2b: \u70ab\u70ab\u70ab\u70ab\u70ab\u70ab\u70ab\u70ab\ud83d\udc36\ud83d\udc36\ud83d\udc36|24/100 brn|[from] brn\n|upkeep\n|\n|t:|1771847312\n|switch|p1a: Miraidon|Miraidon, L50, tera:Electric|70/100\n|-fieldstart|move: Electric Terrain|[from] ability: Hadron Engine|[of] p1a: Miraidon\n|turn|5\n|\n|t:|1771847328\n|move|p2b: \u70ab\u70ab\u70ab\u70ab\u70ab\u70ab\u70ab\u70ab\ud83d\udc36\ud83d\udc36\ud83d\udc36|Wide Guard|p2b: \u70ab\u70ab\u70ab\u70ab\u70ab\u70ab\u70ab\u70ab\ud83d\udc36\ud83d\udc36\ud83d\udc36\n|-singleturn|p2b: \u70ab\u70ab\u70ab\u70ab\u70ab\u70ab\u70ab\u70ab\ud83d\udc36\ud83d\udc36\ud83d\udc36|Wide Guard\n|move|p2a: \u8ba9\u4f60\u4eec\u770b\u770b\u672c\u79d1\u751f\u7684\u542b\u91d1\u91cf\ud83d\udc37\ud83d\udc37\ud83d\udc37|Ruination|p1b: Calyrex\n|-damage|p1b: Calyrex|51/100\n|move|p1a: Miraidon|Draco Meteor|p2a: \u8ba9\u4f60\u4eec\u770b\u770b\u672c\u79d1\u751f\u7684\u542b\u91d1\u91cf\ud83d\udc37\ud83d\udc37\ud83d\udc37\n|-damage|p2a: \u8ba9\u4f60\u4eec\u770b\u770b\u672c\u79d1\u751f\u7684\u542b\u91d1\u91cf\ud83d\udc37\ud83d\udc37\ud83d\udc37|0 fnt\n|-unboost|p1a: Miraidon|spa|2\n|faint|p2a: \u8ba9\u4f60\u4eec\u770b\u770b\u672c\u79d1\u751f\u7684\u542b\u91d1\u91cf\ud83d\udc37\ud83d\udc37\ud83d\udc37\n|move|p1b: Calyrex|Trick Room|p1b: Calyrex\n|-fieldstart|move: Trick Room|[of] p1b: Calyrex\n|\n|-heal|p1b: Calyrex|57/100|[from] item: Leftovers\n|-damage|p2b: \u70ab\u70ab\u70ab\u70ab\u70ab\u70ab\u70ab\u70ab\ud83d\udc36\ud83d\udc36\ud83d\udc36|12/100 brn|[from] Leech Seed|[of] p1b: Calyrex\n|-heal|p1b: Calyrex|68/100|[silent]\n|-damage|p2b: \u70ab\u70ab\u70ab\u70ab\u70ab\u70ab\u70ab\u70ab\ud83d\udc36\ud83d\udc36\ud83d\udc36|6/100 brn|[from] brn\n|upkeep\n|\n|t:|1771847337\n|switch|p2a: \u90a3\u6211\u7f3a\u7684\u5636\u9e23\u8fd9\u4e00\u5757\u8c01\u7ed9\u6211\u8865\u554a\u267f\u267f\u267f|Calyrex-Shadow, L50|100/100\n|-ability|p2a: \u90a3\u6211\u7f3a\u7684\u5636\u9e23\u8fd9\u4e00\u5757\u8c01\u7ed9\u6211\u8865\u554a\u267f\u267f\u267f|As One\n|-ability|p2a: \u90a3\u6211\u7f3a\u7684\u5636\u9e23\u8fd9\u4e00\u5757\u8c01\u7ed9\u6211\u8865\u554a\u267f\u267f\u267f|Unnerve\n|turn|6\n|\n|t:|1771847356\n|switch|p2b: \u9999\u2642\u8549\u541b|Rillaboom, L50, M|100/100\n|-fieldstart|move: Grassy Terrain|[from] ability: Grassy Surge|[of] p2b: \u9999\u2642\u8549\u541b\n|move|p1b: Calyrex|Protect|p1b: Calyrex\n|-singleturn|p1b: Calyrex|Protect\n|move|p1a: Miraidon|Electro Drift|p2a: \u90a3\u6211\u7f3a\u7684\u5636\u9e23\u8fd9\u4e00\u5757\u8c01\u7ed9\u6211\u8865\u554a\u267f\u267f\u267f\n|-damage|p2a: \u90a3\u6211\u7f3a\u7684\u5636\u9e23\u8fd9\u4e00\u5757\u8c01\u7ed9\u6211\u8865\u554a\u267f\u267f\u267f|62/100\n|move|p2a: \u90a3\u6211\u7f3a\u7684\u5636\u9e23\u8fd9\u4e00\u5757\u8c01\u7ed9\u6211\u8865\u554a\u267f\u267f\u267f|Astral Barrage|p1a: Miraidon|[spread] p1a\n|-activate|p1b: Calyrex|move: Protect\n|-damage|p1a: Miraidon|49/100\n|\n|-heal|p1b: Calyrex|73/100|[from] Grassy Terrain\n|-heal|p1b: Calyrex|79/100|[from] item: Leftovers\n|-heal|p1a: Miraidon|55/100|[from] Grassy Terrain\n|-heal|p2a: \u90a3\u6211\u7f3a\u7684\u5636\u9e23\u8fd9\u4e00\u5757\u8c01\u7ed9\u6211\u8865\u554a\u267f\u267f\u267f|68/100|[from] Grassy Terrain\n|upkeep\n|turn|7\n|\n|t:|1771847380\n|move|p2b: \u9999\u2642\u8549\u541b|Fake Out|p1b: Calyrex\n|-damage|p1b: Calyrex|74/100\n|cant|p1b: Calyrex|flinch\n|move|p1a: Miraidon|Snarl|p2a: \u90a3\u6211\u7f3a\u7684\u5636\u9e23\u8fd9\u4e00\u5757\u8c01\u7ed9\u6211\u8865\u554a\u267f\u267f\u267f|[spread] p2a,p2b\n|-supereffective|p2a: \u90a3\u6211\u7f3a\u7684\u5636\u9e23\u8fd9\u4e00\u5757\u8c01\u7ed9\u6211\u8865\u554a\u267f\u267f\u267f\n|-damage|p2a: \u90a3\u6211\u7f3a\u7684\u5636\u9e23\u8fd9\u4e00\u5757\u8c01\u7ed9\u6211\u8865\u554a\u267f\u267f\u267f|39/100\n|-damage|p2b: \u9999\u2642\u8549\u541b|96/100\n|-unboost|p2a: \u90a3\u6211\u7f3a\u7684\u5636\u9e23\u8fd9\u4e00\u5757\u8c01\u7ed9\u6211\u8865\u554a\u267f\u267f\u267f|spa|1\n|-unboost|p2b: \u9999\u2642\u8549\u541b|spa|1\n|move|p2a: \u90a3\u6211\u7f3a\u7684\u5636\u9e23\u8fd9\u4e00\u5757\u8c01\u7ed9\u6211\u8865\u554a\u267f\u267f\u267f|Astral Barrage|p1a: Miraidon|[spread] p1a,p1b\n|-crit|p1a: Miraidon\n|-supereffective|p1b: Calyrex\n|-damage|p1a: Miraidon|10/100\n|-damage|p1b: Calyrex|45/100\n|\n|-heal|p1b: Calyrex|51/100|[from] Grassy Terrain\n|-heal|p1b: Calyrex|57/100|[from] item: Leftovers\n|-heal|p2b: \u9999\u2642\u8549\u541b|100/100|[from] Grassy Terrain\n|-heal|p1a: Miraidon|16/100|[from] Grassy Terrain\n|-heal|p2a: \u90a3\u6211\u7f3a\u7684\u5636\u9e23\u8fd9\u4e00\u5757\u8c01\u7ed9\u6211\u8865\u554a\u267f\u267f\u267f|45/100|[from] Grassy Terrain\n|upkeep\n|turn|8\n|\n|t:|1771847405\n|move|p2a: \u90a3\u6211\u7f3a\u7684\u5636\u9e23\u8fd9\u4e00\u5757\u8c01\u7ed9\u6211\u8865\u554a\u267f\u267f\u267f|Protect|p2a: \u90a3\u6211\u7f3a\u7684\u5636\u9e23\u8fd9\u4e00\u5757\u8c01\u7ed9\u6211\u8865\u554a\u267f\u267f\u267f\n|-singleturn|p2a: \u90a3\u6211\u7f3a\u7684\u5636\u9e23\u8fd9\u4e00\u5757\u8c01\u7ed9\u6211\u8865\u554a\u267f\u267f\u267f|Protect\n|move|p2b: \u9999\u2642\u8549\u541b|Grassy Glide|p1a: Miraidon\n|-damage|p1a: Miraidon|0 fnt\n|faint|p1a: Miraidon\n|move|p1b: Calyrex|Glacial Lance|p2a: \u90a3\u6211\u7f3a\u7684\u5636\u9e23\u8fd9\u4e00\u5757\u8c01\u7ed9\u6211\u8865\u554a\u267f\u267f\u267f|[spread] p2b\n|-activate|p2a: \u90a3\u6211\u7f3a\u7684\u5636\u9e23\u8fd9\u4e00\u5757\u8c01\u7ed9\u6211\u8865\u554a\u267f\u267f\u267f|move: Protect\n|-supereffective|p2b: \u9999\u2642\u8549\u541b\n|-damage|p2b: \u9999\u2642\u8549\u541b|1/100\n|\n|-heal|p1b: Calyrex|62/100|[from] Grassy Terrain\n|-heal|p1b: Calyrex|68/100|[from] item: Leftovers\n|-heal|p2b: \u9999\u2642\u8549\u541b|7/100|[from] Grassy Terrain\n|-heal|p2a: \u90a3\u6211\u7f3a\u7684\u5636\u9e23\u8fd9\u4e00\u5757\u8c01\u7ed9\u6211\u8865\u554a\u267f\u267f\u267f|51/100|[from] Grassy Terrain\n|-sideend|p1: 123456ag|Reflect\n|upkeep\n|turn|9\n|inactive|123456ag has 30 seconds left.\n|\n|t:|1771847431\n|switch|p2a: \u70ab\u70ab\u70ab\u70ab\u70ab\u70ab\u70ab\u70ab\ud83d\udc36\ud83d\udc36\ud83d\udc36|Zamazenta-Crowned, L50|6/100 brn\n|move|p2b: \u9999\u2642\u8549\u541b|Grassy Glide|p1b: Calyrex\n|-damage|p1b: Calyrex|45/100\n|move|p1b: Calyrex|Glacial Lance|p2a: \u70ab\u70ab\u70ab\u70ab\u70ab\u70ab\u70ab\u70ab\ud83d\udc36\ud83d\udc36\ud83d\udc36|[spread] p2a,p2b\n|-resisted|p2a: \u70ab\u70ab\u70ab\u70ab\u70ab\u70ab\u70ab\u70ab\ud83d\udc36\ud83d\udc36\ud83d\udc36\n|-supereffective|p2b: \u9999\u2642\u8549\u541b\n|-damage|p2a: \u70ab\u70ab\u70ab\u70ab\u70ab\u70ab\u70ab\u70ab\ud83d\udc36\ud83d\udc36\ud83d\udc36|0 fnt\n|-damage|p2b: \u9999\u2642\u8549\u541b|0 fnt\n|faint|p2a: \u70ab\u70ab\u70ab\u70ab\u70ab\u70ab\u70ab\u70ab\ud83d\udc36\ud83d\udc36\ud83d\udc36\n|faint|p2b: \u9999\u2642\u8549\u541b\n|-ability|p1b: Calyrex|Chilling Neigh|boost\n|-boost|p1b: Calyrex|atk|2\n|\n|-heal|p1b: Calyrex|51/100|[from] Grassy Terrain\n|-heal|p1b: Calyrex|57/100|[from] item: Leftovers\n|-sideend|p1: 123456ag|move: Light Screen\n|-fieldend|move: Trick Room\n|upkeep\n|\n|t:|1771847437\n|switch|p2a: \u90a3\u6211\u7f3a\u7684\u5636\u9e23\u8fd9\u4e00\u5757\u8c01\u7ed9\u6211\u8865\u554a\u267f\u267f\u267f|Calyrex-Shadow, L50|51/100\n|-ability|p2a: \u90a3\u6211\u7f3a\u7684\u5636\u9e23\u8fd9\u4e00\u5757\u8c01\u7ed9\u6211\u8865\u554a\u267f\u267f\u267f|As One\n|-ability|p2a: \u90a3\u6211\u7f3a\u7684\u5636\u9e23\u8fd9\u4e00\u5757\u8c01\u7ed9\u6211\u8865\u554a\u267f\u267f\u267f|Unnerve\n|turn|10\n|\n|t:|1771847454\n|move|p1b: Calyrex|Protect|p1b: Calyrex\n|-singleturn|p1b: Calyrex|Protect\n|move|p2a: \u90a3\u6211\u7f3a\u7684\u5636\u9e23\u8fd9\u4e00\u5757\u8c01\u7ed9\u6211\u8865\u554a\u267f\u267f\u267f|Astral Barrage|p1b: Calyrex\n|-activate|p1b: Calyrex|move: Protect\n|\n|-heal|p2a: \u90a3\u6211\u7f3a\u7684\u5636\u9e23\u8fd9\u4e00\u5757\u8c01\u7ed9\u6211\u8865\u554a\u267f\u267f\u267f|57/100|[from] Grassy Terrain\n|-heal|p1b: Calyrex|62/100|[from] Grassy Terrain\n|-heal|p1b: Calyrex|68/100|[from] item: Leftovers\n|-fieldend|move: Grassy Terrain\n|upkeep\n|turn|11\n|\n|t:|1771847465\n|move|p2a: \u90a3\u6211\u7f3a\u7684\u5636\u9e23\u8fd9\u4e00\u5757\u8c01\u7ed9\u6211\u8865\u554a\u267f\u267f\u267f|Encore|p1b: Calyrex\n|-start|p1b: Calyrex|Encore\n|move|p1b: Calyrex|Protect||[still]\n|-fail|p1b: Calyrex\n|\n|-heal|p1b: Calyrex|74/100|[from] item: Leftovers\n|upkeep\n|turn|12\n|\n|t:|1771847473\n|move|p1b: Calyrex|Protect|p1b: Calyrex\n|-singleturn|p1b: Calyrex|Protect\n|move|p2a: \u90a3\u6211\u7f3a\u7684\u5636\u9e23\u8fd9\u4e00\u5757\u8c01\u7ed9\u6211\u8865\u554a\u267f\u267f\u267f|Astral Barrage|p1b: Calyrex\n|-activate|p1b: Calyrex|move: Protect\n|\n|-heal|p1b: Calyrex|80/100|[from] item: Leftovers\n|upkeep\n|turn|13\n|\n|t:|1771847483\n|move|p1b: Calyrex|Protect||[still]\n|-fail|p1b: Calyrex\n|move|p2a: \u90a3\u6211\u7f3a\u7684\u5636\u9e23\u8fd9\u4e00\u5757\u8c01\u7ed9\u6211\u8865\u554a\u267f\u267f\u267f|Astral Barrage|p1b: Calyrex\n|-supereffective|p1b: Calyrex\n|-damage|p1b: Calyrex|0 fnt\n|faint|p1b: Calyrex\n|\n|win|BanKingambit69247\n|raw|123456ag's rating: 1430 &rarr; <strong>1411</strong><br />(-19 for losing)\n|raw|BanKingambit69247's rating: 1443 &rarr; <strong>1462</strong><br />(+19 for winning)\n|l|\u2606123456ag\n|player|p1|\n|l|\u2606BanKingambit69247\n|player|p2|\n","uploadtime":1771847485,"views":14,"formatid":"gen9vgc2026regi","rating":1411,"private":0,"password":null}