{"id":"gen9vgc2026regi-2552701001","format":"[Gen 9] VGC 2026 Reg I","players":["thegreatestgalar","Maphoo"],"log":"|j|\u2606thegreatestgalar\n|j|\u2606Maphoo\n|t:|1772744810\n|gametype|doubles\n|player|p1|thegreatestgalar|veteran|1444\n|player|p2|Maphoo|170|1481\n|gen|9\n|tier|[Gen 9] VGC 2026 Reg I\n|rated|\n|rule|Species Clause: Limit one of each Pok\u00e9mon\n|rule|Item Clause: Limit 1 of each item\n|clearpoke\n|poke|p1|Groudon, L50|\n|poke|p1|Rillaboom, L50, F|\n|poke|p1|Raging Bolt, L50|\n|poke|p1|Jumpluff, L50, F|\n|poke|p1|Lunala, L50|\n|poke|p1|Incineroar, L50, F|\n|poke|p2|Lunala, L50|\n|poke|p2|Indeedee-F, L50, F|\n|poke|p2|Roaring Moon, L50|\n|poke|p2|Kyogre, L50|\n|poke|p2|Urshifu-*, L50, M|\n|poke|p2|Landorus-Therian, L50, M|\n|teampreview|4\n|\n|t:|1772744850\n|teamsize|p1|4\n|teamsize|p2|4\n|start\n|switch|p1a: Lunala|Lunala, L50|100/100\n|switch|p1b: Raging Bolt|Raging Bolt, L50|100/100\n|switch|p2a: Lunala|Lunala, L50, shiny|100/100\n|switch|p2b: Indeedee|Indeedee-F, L50, F, shiny|100/100\n|-fieldstart|move: Psychic Terrain|[from] ability: Psychic Surge|[of] p2b: Indeedee\n|-enditem|p2b: Indeedee|Psychic Seed\n|-boost|p2b: Indeedee|spd|1|[from] item: Psychic Seed\n|turn|1\n|\n|t:|1772744865\n|-terastallize|p1a: Lunala|Fairy\n|move|p2b: Indeedee|Follow Me|p2b: Indeedee\n|-singleturn|p2b: Indeedee|move: Follow Me\n|move|p2a: Lunala|Meteor Beam||[still]\n|-prepare|p2a: Lunala|Meteor Beam\n|-boost|p2a: Lunala|spa|1\n|-enditem|p2a: Lunala|Power Herb\n|-anim|p2a: Lunala|Meteor Beam|p1b: Raging Bolt|[miss]\n|-miss|p2a: Lunala|p1b: Raging Bolt\n|move|p1a: Lunala|Meteor Beam||[still]\n|-prepare|p1a: Lunala|Meteor Beam\n|-boost|p1a: Lunala|spa|1\n|-enditem|p1a: Lunala|Power Herb\n|-anim|p1a: Lunala|Meteor Beam|p2b: Indeedee\n|-damage|p2b: Indeedee|56/100\n|move|p1b: Raging Bolt|Thunderbolt|p2b: Indeedee\n|-damage|p2b: Indeedee|19/100\n|-damage|p1b: Raging Bolt|91/100|[from] item: Life Orb\n|\n|upkeep\n|turn|2\n|c|\u2606thegreatestgalar|thats a tanky little goat\n|\n|t:|1772744905\n|move|p2b: Indeedee|Follow Me|p2b: Indeedee\n|-singleturn|p2b: Indeedee|move: Follow Me\n|move|p2a: Lunala|Expanding Force|p1b: Raging Bolt|[spread] p1a,p1b\n|-damage|p1a: Lunala|67/100\n|-damage|p1b: Raging Bolt|4/100\n|move|p1a: Lunala|Moonblast|p2b: Indeedee\n|-damage|p2b: Indeedee|0 fnt\n|faint|p2b: Indeedee\n|move|p1b: Raging Bolt|Thunderbolt|p2a: Lunala\n|-damage|p2a: Lunala|79/100\n|-damage|p1b: Raging Bolt|0 fnt|[from] item: Life Orb\n|faint|p1b: Raging Bolt\n|-end|p1b: Raging Bolt|Protosynthesis|[silent]\n|\n|upkeep\n|\n|t:|1772744920\n|switch|p2b: Roaring Moon|Roaring Moon, L50|100/100\n|switch|p1b: Rillaboom|Rillaboom, L50, F|100/100\n|-fieldstart|move: Grassy Terrain|[from] ability: Grassy Surge|[of] p1b: Rillaboom\n|-enditem|p2b: Roaring Moon|Booster Energy\n|-activate|p2b: Roaring Moon|ability: Protosynthesis|[fromitem]\n|-start|p2b: Roaring Moon|protosynthesisspe\n|turn|3\n|\n|t:|1772744948\n|move|p2b: Roaring Moon|Protect|p2b: Roaring Moon\n|-singleturn|p2b: Roaring Moon|Protect\n|move|p2a: Lunala|Moongeist Beam|p1a: Lunala\n|-damage|p1a: Lunala|7/100\n|move|p1a: Lunala|Moonblast|p2a: Lunala\n|-damage|p2a: Lunala|18/100\n|move|p1b: Rillaboom|U-turn|p2b: Roaring Moon\n|-activate|p2b: Roaring Moon|move: Protect\n|\n|-heal|p2a: Lunala|24/100|[from] Grassy Terrain\n|-heal|p1a: Lunala|13/100|[from] Grassy Terrain\n|upkeep\n|turn|4\n|\n|t:|1772744967\n|-terastallize|p2b: Roaring Moon|Flying\n|move|p1b: Rillaboom|Grassy Glide|p2a: Lunala\n|-damage|p2a: Lunala|0 fnt\n|faint|p2a: Lunala\n|move|p2b: Roaring Moon|Acrobatics|p1b: Rillaboom\n|-supereffective|p1b: Rillaboom\n|-damage|p1b: Rillaboom|0 fnt\n|faint|p1b: Rillaboom\n|move|p1a: Lunala|Moonblast|p2b: Roaring Moon\n|-damage|p2b: Roaring Moon|24/100\n|\n|-heal|p1a: Lunala|19/100|[from] Grassy Terrain\n|upkeep\n|\n|t:|1772744981\n|switch|p2a: Kyogre|Kyogre, L50|100/100\n|switch|p1b: Groudon|Groudon, L50|100/100\n|-weather|SunnyDay|[from] ability: Drought|[of] p1b: Groudon\n|-weather|RainDance|[from] ability: Drizzle|[of] p2a: Kyogre\n|turn|5\n|\n|t:|1772745015\n|move|p1b: Groudon|Protect|p1b: Groudon\n|-singleturn|p1b: Groudon|Protect\n|move|p2b: Roaring Moon|Acrobatics|p1a: Lunala\n|-damage|p1a: Lunala|0 fnt\n|faint|p1a: Lunala\n|move|p2a: Kyogre|Water Spout|p1b: Groudon\n|-activate|p1b: Groudon|move: Protect\n|\n|-weather|RainDance|[upkeep]\n|upkeep\n|turn|6\n|c|\u2606thegreatestgalar|ggwp\n|c|\u2606Maphoo|Gg\n|-message|thegreatestgalar forfeited.\n|\n|win|Maphoo\n|raw|thegreatestgalar's rating: 1444 &rarr; <strong>1426</strong><br />(-18 for losing)\n|raw|Maphoo's rating: 1481 &rarr; <strong>1499</strong><br />(+18 for winning)\n|l|\u2606thegreatestgalar\n|player|p1|\n|l|\u2606Maphoo\n|player|p2|\n","uploadtime":1772745237,"views":13,"formatid":"gen9vgc2026regi","rating":1426,"private":0,"password":null}