{"id":"gen9vgc2026regi-2573655058","format":"[Gen 9] VGC 2026 Reg I","players":["EllenJoe2026","Mirthinion"],"log":"|j|\u2606EllenJoe2026\n|j|\u2606Mirthinion\n|t:|1775154127\n|gametype|doubles\n|player|p1|EllenJoe2026|elesa|1545\n|player|p2|Mirthinion|janitor|1535\n|gen|9\n|tier|[Gen 9] VGC 2026 Reg I\n|rated|\n|rule|Species Clause: Limit one of each Pok\u00e9mon\n|rule|Item Clause: Limit 1 of each item\n|clearpoke\n|poke|p1|Calyrex-Ice, L50|\n|poke|p1|Miraidon, L50|\n|poke|p1|Tornadus, L50, M|\n|poke|p1|Urshifu-*, L50, F|\n|poke|p1|Volcarona, L50, F|\n|poke|p1|Indeedee-F, L50, F|\n|poke|p2|Calyrex-Shadow, L50|\n|poke|p2|Zamazenta-*, L50|\n|poke|p2|Urshifu-*, L50, M|\n|poke|p2|Incineroar, L50, M|\n|poke|p2|Rillaboom, L50, M|\n|poke|p2|Tornadus, L50, M|\n|teampreview|4\n|inactive|Battle timer is ON: inactive players will automatically lose when time's up. (requested by Mirthinion)\n|inactive|EllenJoe2026 also wants the timer to be on.\nMirthinion rejected open team sheets.\n|\n|t:|1775154157\n|teamsize|p1|4\n|teamsize|p2|4\n|start\n|switch|p1a: Tornadus|Tornadus, L50, M, shiny|100/100\n|switch|p1b: Urshifu|Urshifu-Rapid-Strike, L50, F|100/100\n|switch|p2a: Vangwe|Tornadus, L50, M|100/100\n|switch|p2b: Drambor|Zamazenta-Crowned, L50|100/100\n|-ability|p2b: Drambor|Dauntless Shield|boost\n|-boost|p2b: Drambor|def|1\n|turn|1\n|\n|t:|1775154181\n|-terastallize|p2b: Drambor|Grass\n|move|p1a: Tornadus|Rain Dance|p1a: Tornadus\n|-weather|RainDance\n|move|p2a: Vangwe|Tailwind|p2a: Vangwe\n|-sidestart|p2: Mirthinion|move: Tailwind\n|move|p2b: Drambor|Body Press|p1b: Urshifu\n|-damage|p1b: Urshifu|30/100\n|move|p1b: Urshifu|Surging Strikes|p2a: Vangwe\n|-crit|p2a: Vangwe\n|-damage|p2a: Vangwe|57/100\n|-crit|p2a: Vangwe\n|-damage|p2a: Vangwe|16/100\n|-crit|p2a: Vangwe\n|-damage|p2a: Vangwe|0 fnt\n|faint|p2a: Vangwe\n|-hitcount|p2: Vangwe|3\n|\n|-weather|RainDance|[upkeep]\n|upkeep\n|inactive|Mirthinion has 30 seconds left.\n|\n|t:|1775154216\n|switch|p2a: Beowulf|Urshifu-Rapid-Strike, L50, M|100/100\n|turn|2\n|\n|t:|1775154231\n|move|p1a: Tornadus|Tailwind|p1a: Tornadus\n|-sidestart|p1: EllenJoe2026|move: Tailwind\n|move|p1b: Urshifu|Surging Strikes|p2b: Drambor\n|-resisted|p2b: Drambor\n|-crit|p2b: Drambor\n|-damage|p2b: Drambor|90/100\n|-resisted|p2b: Drambor\n|-crit|p2b: Drambor\n|-damage|p2b: Drambor|81/100\n|-resisted|p2b: Drambor\n|-crit|p2b: Drambor\n|-damage|p2b: Drambor|70/100\n|-hitcount|p2b: Drambor|3\n|move|p2b: Drambor|Body Press|p1b: Urshifu\n|-crit|p1b: Urshifu\n|-damage|p1b: Urshifu|0 fnt\n|faint|p1b: Urshifu\n|move|p2a: Beowulf|Surging Strikes|p1a: Tornadus\n|-crit|p1a: Tornadus\n|-damage|p1a: Tornadus|27/100\n|-crit|p1a: Tornadus\n|-damage|p1a: Tornadus|0 fnt\n|faint|p1a: Tornadus\n|-hitcount|p1: Tornadus|2\n|\n|-weather|RainDance|[upkeep]\n|upkeep\n|\n|t:|1775154239\n|switch|p1a: Calyrex|Calyrex-Ice, L50|100/100\n|switch|p1b: Miraidon|Miraidon, L50, shiny|100/100\n|-ability|p1a: Calyrex|As One\n|-ability|p1a: Calyrex|Unnerve\n|-fieldstart|move: Electric Terrain|[from] ability: Hadron Engine|[of] p1b: Miraidon\n|turn|3\n|inactive|EllenJoe2026 has 30 seconds left.\n|inactive|Mirthinion has 30 seconds left.\n|\n|t:|1775154273\n|move|p1b: Miraidon|Electro Drift|p2a: Beowulf\n|-supereffective|p2a: Beowulf\n|-crit|p2a: Beowulf\n|-damage|p2a: Beowulf|0 fnt\n|faint|p2a: Beowulf\n|move|p2b: Drambor|Body Press|p1b: Miraidon\n|-damage|p1b: Miraidon|29/100\n|move|p1a: Calyrex|Glacial Lance|p2b: Drambor\n|-supereffective|p2b: Drambor\n|-damage|p2b: Drambor|16/100\n|\n|-weather|RainDance|[upkeep]\n|upkeep\n|\n|t:|1775154283\n|switch|p2a: Mithrandir|Calyrex-Shadow, L50|100/100\n|-ability|p2a: Mithrandir|As One\n|-ability|p2a: Mithrandir|Unnerve\n|turn|4\n|inactive|EllenJoe2026 has 30 seconds left.\n|\n|t:|1775154311\n|-terastallize|p1a: Calyrex|Grass\n|move|p2b: Drambor|Wide Guard|p2b: Drambor\n|-singleturn|p2b: Drambor|Wide Guard\n|move|p2a: Mithrandir|Astral Barrage|p1a: Calyrex|[spread] p1a,p1b\n|-damage|p1a: Calyrex|60/100\n|-damage|p1b: Miraidon|0 fnt\n|faint|p1b: Miraidon\n|-ability|p2a: Mithrandir|Grim Neigh|boost\n|-boost|p2a: Mithrandir|spa|1\n|move|p1a: Calyrex|Seed Bomb|p2a: Mithrandir\n|-crit|p2a: Mithrandir\n|-damage|p2a: Mithrandir|36/100\n|\n|-weather|RainDance|[upkeep]\n|-sideend|p2: Mirthinion|move: Tailwind\n|upkeep\n|turn|5\n|\n|t:|1775154329\n|move|p1a: Calyrex|Glacial Lance|p2b: Drambor|[spread] p2a,p2b\n|-supereffective|p2b: Drambor\n|-damage|p2a: Mithrandir|0 fnt\n|-damage|p2b: Drambor|0 fnt\n|faint|p2a: Mithrandir\n|faint|p2b: Drambor\n|\n|win|EllenJoe2026\n|raw|EllenJoe2026's rating: 1545 &rarr; <strong>1564</strong><br />(+19 for winning)\n|raw|Mirthinion's rating: 1535 &rarr; <strong>1516</strong><br />(-19 for losing)\n|l|\u2606EllenJoe2026\n|player|p1|\n|l|\u2606Mirthinion\n|player|p2|\n","uploadtime":1775154578,"views":13,"formatid":"gen9vgc2026regi","rating":1516,"private":0,"password":null}