{"id":"gen9vgc2026regi-2543527363","format":"[Gen 9] VGC 2026 Reg I","players":["fogdocker","r4fa44"],"log":"|j|\u2606fogdocker\n|j|\u2606r4fa44\n|t:|1771588695\n|gametype|doubles\n|player|p1|fogdocker|1|1390\n|player|p2|r4fa44|cynthia-gen7|1310\n|gen|9\n|tier|[Gen 9] VGC 2026 Reg I\n|rated|\n|rule|Species Clause: Limit one of each Pok\u00e9mon\n|rule|Item Clause: Limit 1 of each item\n|clearpoke\n|poke|p1|Calyrex-Ice, L50|\n|poke|p1|Koraidon, L50|\n|poke|p1|Flutter Mane, L50|\n|poke|p1|Incineroar, L50, F|\n|poke|p1|Rillaboom, L50, M|\n|poke|p1|Volcarona, L50, M|\n|poke|p2|Kyogre, L50|\n|poke|p2|Zacian-*, L50|\n|poke|p2|Tornadus, L50, M|\n|poke|p2|Zapdos-Galar, L50|\n|poke|p2|Rillaboom, L50, F|\n|poke|p2|Urshifu-*, L50, M|\n|teampreview|4\n|inactive|Battle timer is ON: inactive players will automatically lose when time's up. (requested by r4fa44)\n|inactive|fogdocker has 60 seconds left.\n|\n|t:|1771588732\n|teamsize|p1|4\n|teamsize|p2|4\n|start\n|switch|p1a: Rillaboom|Rillaboom, L50, M|100/100\n|switch|p1b: Calyrex|Calyrex-Ice, L50|100/100\n|switch|p2a: Tornadus|Tornadus, L50, M|100/100\n|switch|p2b: Zacian|Zacian-Crowned, L50|100/100\n|-ability|p1b: Calyrex|As One\n|-ability|p1b: Calyrex|Unnerve\n|-ability|p2b: Zacian|Intrepid Sword|boost\n|-boost|p2b: Zacian|atk|1\n|-fieldstart|move: Grassy Terrain|[from] ability: Grassy Surge|[of] p1a: Rillaboom\n|turn|1\n|\n|t:|1771588752\n|-terastallize|p1b: Calyrex|Water\n|move|p1a: Rillaboom|Fake Out|p2a: Tornadus\n|-damage|p2a: Tornadus|82/100\n|move|p2a: Tornadus|Taunt|p1b: Calyrex\n|-start|p1b: Calyrex|move: Taunt\n|move|p2b: Zacian|Behemoth Blade|p1b: Calyrex\n|-resisted|p1b: Calyrex\n|-damage|p1b: Calyrex|79/100\n|move|p1b: Calyrex|Glacial Lance|p2a: Tornadus|[spread] p2a,p2b\n|-supereffective|p2a: Tornadus\n|-resisted|p2b: Zacian\n|-damage|p2a: Tornadus|0 fnt\n|-damage|p2b: Zacian|79/100\n|faint|p2a: Tornadus\n|-ability|p1b: Calyrex|Chilling Neigh|boost\n|-boost|p1b: Calyrex|atk|1\n|\n|-heal|p2b: Zacian|85/100|[from] Grassy Terrain\n|-heal|p1b: Calyrex|85/100|[from] Grassy Terrain\n|-heal|p1b: Calyrex|90/100|[from] item: Leftovers\n|upkeep\n|\n|t:|1771588760\n|switch|p2a: Kyogre|Kyogre, L50|100/100\n|-weather|RainDance|[from] ability: Drizzle|[of] p2a: Kyogre\n|turn|2\n|\n|t:|1771588781\n|-terastallize|p2a: Kyogre|Grass\n|move|p1a: Rillaboom|Grassy Glide|p2a: Kyogre\n|-resisted|p2a: Kyogre\n|-damage|p2a: Kyogre|85/100\n|move|p2b: Zacian|Behemoth Blade|p1b: Calyrex\n|-resisted|p1b: Calyrex\n|-damage|p1b: Calyrex|69/100\n|move|p2a: Kyogre|Thunder|p1b: Calyrex\n|-supereffective|p1b: Calyrex\n|-damage|p1b: Calyrex|0 fnt\n|faint|p1b: Calyrex\n|-damage|p2a: Kyogre|75/100|[from] item: Life Orb\n|\n|-weather|RainDance|[upkeep]\n|-heal|p2b: Zacian|91/100|[from] Grassy Terrain\n|-heal|p2a: Kyogre|81/100|[from] Grassy Terrain\n|upkeep\n|\n|t:|1771588803\n|switch|p1b: Koraidon|Koraidon, L50|100/100\n|-weather|SunnyDay|[from] ability: Orichalcum Pulse|[of] p1b: Koraidon\n|-activate|p1b: Koraidon|Orichalcum Pulse|[source]\n|turn|3\n|\n|t:|1771588815\n|move|p1b: Koraidon|Protect|p1b: Koraidon\n|-singleturn|p1b: Koraidon|Protect\n|move|p2a: Kyogre|Protect|p2a: Kyogre\n|-singleturn|p2a: Kyogre|Protect\n|move|p2b: Zacian|Play Rough|p1b: Koraidon\n|-activate|p1b: Koraidon|move: Protect\n|move|p1a: Rillaboom|U-turn|p2a: Kyogre\n|-activate|p2a: Kyogre|move: Protect\n|\n|-weather|SunnyDay|[upkeep]\n|-heal|p2b: Zacian|97/100|[from] Grassy Terrain\n|-heal|p2a: Kyogre|87/100|[from] Grassy Terrain\n|upkeep\n|turn|4\n|\n|t:|1771588824\n|switch|p1b: Volcarona|Volcarona, L50, M|100/100\n|switch|p2a: Zapdos|Zapdos-Galar, L50|100/100\n|move|p2b: Zacian|Protect|p2b: Zacian\n|-singleturn|p2b: Zacian|Protect\n|move|p1a: Rillaboom|U-turn|p2a: Zapdos\n|-resisted|p2a: Zapdos\n|-damage|p2a: Zapdos|94/100\n|\n|t:|1771588830\n|switch|p1a: Koraidon|Koraidon, L50|100/100|[from] U-turn\n|-activate|p1a: Koraidon|ability: Orichalcum Pulse\n|\n|-weather|SunnyDay|[upkeep]\n|-heal|p2b: Zacian|100/100|[from] Grassy Terrain\n|upkeep\n|turn|5\n|\n|t:|1771588841\n|move|p1b: Volcarona|Rage Powder|p1b: Volcarona\n|-singleturn|p1b: Volcarona|move: Rage Powder\n|move|p2a: Zapdos|Brave Bird|p1b: Volcarona\n|-supereffective|p1b: Volcarona\n|-damage|p1b: Volcarona|0 fnt\n|-damage|p2a: Zapdos|77/100|[from] item: Rocky Helmet|[of] p1b: Volcarona\n|faint|p1b: Volcarona\n|-damage|p2a: Zapdos|39/100|[from] Recoil\n|move|p2b: Zacian|Play Rough|p1a: Koraidon\n|-supereffective|p1a: Koraidon\n|-damage|p1a: Koraidon|0 fnt\n|faint|p1a: Koraidon\n|\n|-weather|SunnyDay|[upkeep]\n|-fieldend|move: Grassy Terrain\n|upkeep\n|-message|fogdocker forfeited.\n|\n|win|r4fa44\n|raw|fogdocker's rating: 1390 &rarr; <strong>1365</strong><br />(-25 for losing)\n|raw|r4fa44's rating: 1310 &rarr; <strong>1335</strong><br />(+25 for winning)\n|l|\u2606fogdocker\n|player|p1|\n|l|\u2606r4fa44\n|player|p2|\n","uploadtime":1771588986,"views":12,"formatid":"gen9vgc2026regi","rating":1335,"private":0,"password":null}