{"id":"gen9vgc2026regi-2580185980","format":"[Gen 9] VGC 2026 Reg I","players":["SnibSnapSnab","happidoodledoo"],"log":"|j|\u2606SnibSnapSnab\n|j|\u2606happidoodledoo\n|t:|1775862857\n|gametype|doubles\n|player|p1|SnibSnapSnab|266|1493\n|player|p2|happidoodledoo|ghetsis|1563\n|gen|9\n|tier|[Gen 9] VGC 2026 Reg I\n|rated|\n|rule|Species Clause: Limit one of each Pok\u00e9mon\n|rule|Item Clause: Limit 1 of each item\n|clearpoke\n|poke|p1|Lunala, L50|\n|poke|p1|Terapagos, L50, M|\n|poke|p1|Incineroar, L50, F|\n|poke|p1|Amoonguss, L50, F|\n|poke|p1|Rillaboom, L50, F|\n|poke|p1|Chi-Yu, L50|\n|poke|p2|Calyrex-Shadow, L50|\n|poke|p2|Weezing-Galar, L50, M|\n|poke|p2|Dondozo, L50, F|\n|poke|p2|Tatsugiri-Droopy, L50, F|\n|poke|p2|Brute Bonnet, L50|\n|poke|p2|Koraidon, L50|\n|teampreview|4\n|\n|t:|1775862912\n|teamsize|p1|4\n|teamsize|p2|4\n|start\n|switch|p1a: Terapagos|Terapagos, L50, M|100/100\n|switch|p1b: Rillaboom|Rillaboom, L50, F|100/100\n|switch|p2a: Weezing|Weezing-Galar, L50, M, shiny|100/100\n|switch|p2b: Koraidon|Koraidon, L50|100/100\n|-ability|p2a: Weezing|Neutralizing Gas\n|-block|p2b: Koraidon|item: Ability Shield\n|-activate|p1a: Terapagos|ability: Tera Shift\n|detailschange|p1a: Terapagos|Terapagos-Terastal, L50, M\n|-heal|p1a: Terapagos|100/100|[silent]\n|-weather|SunnyDay|[from] ability: Orichalcum Pulse|[of] p2b: Koraidon\n|-activate|p2b: Koraidon|Orichalcum Pulse|[source]\n|turn|1\n|\n|t:|1775862947\n|move|p1b: Rillaboom|Fake Out|p2b: Koraidon\n|-damage|p2b: Koraidon|87/100\n|cant|p2b: Koraidon|flinch\n|move|p1a: Terapagos|Meteor Beam||[still]\n|-prepare|p1a: Terapagos|Meteor Beam\n|-boost|p1a: Terapagos|spa|1\n|-enditem|p1a: Terapagos|Power Herb\n|-anim|p1a: Terapagos|Meteor Beam|p2a: Weezing\n|-damage|p2a: Weezing|41/100\n|move|p2a: Weezing|Poison Gas|p1b: Rillaboom|[spread] p1a,p1b\n|-status|p1a: Terapagos|psn\n|-status|p1b: Rillaboom|psn\n|\n|-weather|SunnyDay|[upkeep]\n|-damage|p1b: Rillaboom|88/100 psn|[from] psn\n|-damage|p1a: Terapagos|88/100 psn|[from] psn\n|upkeep\n|turn|2\n|\n|t:|1775862980\n|move|p1a: Terapagos|Protect|p1a: Terapagos\n|-singleturn|p1a: Terapagos|Protect\n|move|p2b: Koraidon|Collision Course|p1a: Terapagos\n|-activate|p1a: Terapagos|move: Protect\n|move|p1b: Rillaboom|Taunt|p2a: Weezing\n|-start|p2a: Weezing|move: Taunt\n|cant|p2a: Weezing|move: Taunt|Toxic Spikes\n|\n|-weather|SunnyDay|[upkeep]\n|-damage|p1b: Rillaboom|76/100 psn|[from] psn\n|-damage|p1a: Terapagos|76/100 psn|[from] psn\n|upkeep\n|turn|3\n|\n|t:|1775863012\n|switch|p1a: Amoonguss|Amoonguss, L50, F|100/100\n|-end|p2a: Weezing|ability: Neutralizing Gas\n|-fieldstart|move: Grassy Terrain|[from] ability: Grassy Surge|[of] p1b: Rillaboom\n|switch|p2a: Tatsugiri|Tatsugiri-Droopy, L50, F|100/100\n|move|p2b: Koraidon|Collision Course|p1a: Amoonguss\n|-resisted|p1a: Amoonguss\n|-damage|p1a: Amoonguss|74/100\n|move|p1b: Rillaboom|Wood Hammer|p2a: Tatsugiri\n|-enditem|p2a: Tatsugiri|Focus Sash\n|-damage|p2a: Tatsugiri|1/100\n|-damage|p1b: Rillaboom|54/100 psn|[from] Recoil\n|\n|-weather|SunnyDay|[upkeep]\n|-heal|p2b: Koraidon|93/100|[from] Grassy Terrain\n|-heal|p2a: Tatsugiri|7/100|[from] Grassy Terrain\n|-heal|p1b: Rillaboom|59/100 psn|[from] Grassy Terrain\n|-heal|p1a: Amoonguss|80/100|[from] Grassy Terrain\n|-damage|p1b: Rillaboom|47/100 psn|[from] psn\n|upkeep\n|turn|4\n|\n|t:|1775863032\n|switch|p2a: Weezing|Weezing-Galar, L50, M, shiny|41/100\n|-ability|p2a: Weezing|Neutralizing Gas\n|-block|p2b: Koraidon|item: Ability Shield\n|move|p1b: Rillaboom|Grassy Glide|p2a: Weezing\n|-resisted|p2a: Weezing\n|-damage|p2a: Weezing|23/100\n|move|p2b: Koraidon|Flare Blitz|p1a: Amoonguss\n|-supereffective|p1a: Amoonguss\n|-damage|p1a: Amoonguss|0 fnt\n|faint|p1a: Amoonguss\n|-damage|p2b: Koraidon|60/100|[from] Recoil\n|\n|-weather|SunnyDay|[upkeep]\n|-heal|p2b: Koraidon|66/100|[from] Grassy Terrain\n|-heal|p1b: Rillaboom|53/100 psn|[from] Grassy Terrain\n|-heal|p2a: Weezing|28/100|[from] Grassy Terrain\n|-damage|p1b: Rillaboom|41/100 psn|[from] psn\n|upkeep\n|\n|t:|1775863048\n|switch|p1a: Lunala|Lunala, L50|100/100\n|turn|5\n|c|\u2606SnibSnapSnab|cringe\n|-message|SnibSnapSnab forfeited.\n|\n|win|happidoodledoo\n|raw|SnibSnapSnab's rating: 1493 &rarr; <strong>1477</strong><br />(-16 for losing)\n|raw|happidoodledoo's rating: 1563 &rarr; <strong>1579</strong><br />(+16 for winning)\n|l|\u2606SnibSnapSnab\n|player|p1|\n|l|\u2606happidoodledoo\n|player|p2|\n","uploadtime":1775863262,"views":29,"formatid":"gen9vgc2026regi","rating":1477,"private":0,"password":null}