{"id":"gen9vgc2026regi-2568605319","format":"[Gen 9] VGC 2026 Reg I","players":["Highkage2","BreakTheShadowWall"],"log":"|j|\u203dHighkage2\n|j|\u2606BreakTheShadowWall\n|t:|1774603719\n|gametype|doubles\n|player|p1|Highkage2|doubleteam|1516\n|player|p2|BreakTheShadowWall|elesa|1371\n|gen|9\n|tier|[Gen 9] VGC 2026 Reg I\n|rated|\n|rule|Species Clause: Limit one of each Pok\u00e9mon\n|rule|Item Clause: Limit 1 of each item\n|clearpoke\n|poke|p1|Incineroar, L50, F|\n|poke|p1|Calyrex-Ice, L50|\n|poke|p1|Miraidon, L50|\n|poke|p1|Iron Treads, L50|\n|poke|p1|Volcarona, L50, M|\n|poke|p1|Farigiraf, L50, F|\n|poke|p2|Miraidon, L50|\n|poke|p2|Iron Bundle, L50|\n|poke|p2|Lunala, L50|\n|poke|p2|Incineroar, L50, F|\n|poke|p2|Urshifu-*, L50, F|\n|poke|p2|Ursaluna, L50, M|\n|teampreview|4\n|inactive|Battle timer is ON: inactive players will automatically lose when time's up. (requested by Highkage2)\n|inactive|Highkage2 has 60 seconds left.\n|inactive|BreakTheShadowWall has 60 seconds left.\n|\n|t:|1774603762\n|teamsize|p1|4\n|teamsize|p2|4\n|start\n|switch|p1a: Miraidon|Miraidon, L50|100/100\n|switch|p1b: Incineroar|Incineroar, L50, F|100/100\n|switch|p2a: Iron Bundle|Iron Bundle, L50|100/100\n|switch|p2b: Incineroar|Incineroar, L50, F|100/100\n|-fieldstart|move: Electric Terrain|[from] ability: Hadron Engine|[of] p1a: Miraidon\n|-activate|p2a: Iron Bundle|ability: Quark Drive\n|-start|p2a: Iron Bundle|quarkdrivespe\n|-ability|p2b: Incineroar|Intimidate|boost\n|-unboost|p1a: Miraidon|atk|1\n|-unboost|p1b: Incineroar|atk|1\n|-ability|p1b: Incineroar|Intimidate|boost\n|-unboost|p2a: Iron Bundle|atk|1\n|-unboost|p2b: Incineroar|atk|1\n|turn|1\n|inactive|BreakTheShadowWall has 30 seconds left.\n|\n|t:|1774603788\n|move|p2a: Iron Bundle|Protect|p2a: Iron Bundle\n|-singleturn|p2a: Iron Bundle|Protect\n|move|p1b: Incineroar|Fake Out|p2a: Iron Bundle\n|-activate|p2a: Iron Bundle|move: Protect\n|move|p1a: Miraidon|Volt Switch|p2b: Incineroar\n|-damage|p2b: Incineroar|44/100\n|\n|t:|1774603799\n|switch|p1a: Calyrex|Calyrex-Ice, L50|100/100|[from] Volt Switch\n|-ability|p1a: Calyrex|As One\n|-ability|p1a: Calyrex|Unnerve\n|move|p2b: Incineroar|U-turn|p1b: Incineroar\n|-damage|p1b: Incineroar|91/100\n|inactive|BreakTheShadowWall has 30 seconds left.\n|inactive|BreakTheShadowWall has 20 seconds left.\n|\n|t:|1774603834\n|switch|p2b: Miraidon|Miraidon, L50|100/100|[from] U-turn\n|-activate|p2b: Miraidon|ability: Hadron Engine\n|\n|upkeep\n|turn|2\n|\n|t:|1774603859\n|switch|p1b: Iron Treads|Iron Treads, L50|100/100\n|-activate|p1b: Iron Treads|ability: Quark Drive\n|-start|p1b: Iron Treads|quarkdrivespe\n|move|p2a: Iron Bundle|Encore||[still]\n|-fail|p2a: Iron Bundle\n|move|p2b: Miraidon|Volt Switch|p1a: Calyrex\n|-damage|p1a: Calyrex|48/100\n|\n|t:|1774603868\n|switch|p2b: Lunala|Lunala, L50, shiny|100/100|[from] Volt Switch\n|-enditem|p2b: Lunala|Electric Seed\n|-boost|p2b: Lunala|def|1|[from] item: Electric Seed\n|move|p1a: Calyrex|Leech Seed|p2a: Iron Bundle\n|-start|p2a: Iron Bundle|move: Leech Seed\n|\n|-heal|p1a: Calyrex|54/100|[from] item: Leftovers\n|-damage|p2a: Iron Bundle|88/100|[from] Leech Seed|[of] p1a: Calyrex\n|-heal|p1a: Calyrex|62/100|[silent]\n|upkeep\n|turn|3\n|inactive|Highkage2 has 30 seconds left.\n|\n|t:|1774603895\n|-end|p1b: Iron Treads|Quark Drive|[silent]\n|switch|p1b: Incineroar|Incineroar, L50, F|91/100\n|-ability|p1b: Incineroar|Intimidate|boost\n|-unboost|p2a: Iron Bundle|atk|1\n|-unboost|p2b: Lunala|atk|1\n|-terastallize|p1a: Calyrex|Fairy\n|move|p2a: Iron Bundle|Encore|p1a: Calyrex\n|-start|p1a: Calyrex|Encore\n|move|p2b: Lunala|Moongeist Beam|p1b: Incineroar\n|-resisted|p1b: Incineroar\n|-damage|p1b: Incineroar|74/100\n|move|p1a: Calyrex|Leech Seed|p2b: Lunala\n|-start|p2b: Lunala|move: Leech Seed\n|\n|-heal|p1a: Calyrex|68/100|[from] item: Leftovers\n|-damage|p2a: Iron Bundle|76/100|[from] Leech Seed|[of] p1a: Calyrex\n|-heal|p1a: Calyrex|75/100|[silent]\n|-damage|p2b: Lunala|88/100|[from] Leech Seed|[of] p1a: Calyrex\n|-heal|p1a: Calyrex|89/100|[silent]\n|upkeep\n|turn|4\n|inactive|Highkage2 has 30 seconds left.\n|inactive|Highkage2 has 20 seconds left.\n|\n|t:|1774603931\n|switch|p2b: Incineroar|Incineroar, L50, F|44/100\n|-ability|p2b: Incineroar|Intimidate|boost\n|-unboost|p1a: Calyrex|atk|1\n|-unboost|p1b: Incineroar|atk|1\n|switch|p1a: Miraidon|Miraidon, L50|100/100\n|-activate|p1a: Miraidon|ability: Hadron Engine\n|move|p2a: Iron Bundle|Taunt|p1a: Miraidon\n|-start|p1a: Miraidon|move: Taunt\n|move|p1b: Incineroar|U-turn|p2a: Iron Bundle\n|-crit|p2a: Iron Bundle\n|-damage|p2a: Iron Bundle|44/100\n|\n|t:|1774603946\n|switch|p1b: Calyrex|Calyrex-Ice, L50, tera:Fairy|89/100|[from] U-turn\n|-ability|p1b: Calyrex|As One\n|-ability|p1b: Calyrex|Unnerve\n|\n|-heal|p1b: Calyrex|95/100|[from] item: Leftovers\n|-damage|p2a: Iron Bundle|32/100|[from] Leech Seed|[of] p1a: Miraidon\n|upkeep\n|turn|5\n|inactive|Highkage2 has 30 seconds left.\n|inactive|BreakTheShadowWall has 30 seconds left.\n|\n|t:|1774603977\n|switch|p1a: Incineroar|Incineroar, L50, F|74/100\n|-ability|p1a: Incineroar|Intimidate|boost\n|-unboost|p2a: Iron Bundle|atk|1\n|-unboost|p2b: Incineroar|atk|1\n|move|p2a: Iron Bundle|Protect|p2a: Iron Bundle\n|-singleturn|p2a: Iron Bundle|Protect\n|move|p2b: Incineroar|U-turn|p1b: Calyrex\n|-resisted|p1b: Calyrex\n|-damage|p1b: Calyrex|91/100\n|\n|t:|1774603986\n|switch|p2b: Lunala|Lunala, L50, shiny|88/100|[from] U-turn\n|move|p1b: Calyrex|Glacial Lance|p2b: Lunala|[spread] p2b\n|-activate|p2a: Iron Bundle|move: Protect\n|-damage|p2b: Lunala|45/100\n|\n|-heal|p1b: Calyrex|97/100|[from] item: Leftovers\n|-damage|p2a: Iron Bundle|20/100|[from] Leech Seed|[of] p1a: Incineroar\n|-heal|p1a: Incineroar|82/100|[silent]\n|-fieldend|move: Electric Terrain\n|-end|p2a: Iron Bundle|Quark Drive\n|upkeep\n|turn|6\n|inactive|Highkage2 has 30 seconds left.\n|inactive|BreakTheShadowWall has 30 seconds left.\n|\n|t:|1774604030\n|-end|p2a: Iron Bundle|Quark Drive|[silent]\n|switch|p2a: Miraidon|Miraidon, L50|100/100\n|-fieldstart|move: Electric Terrain|[from] ability: Hadron Engine|[of] p2a: Miraidon\n|move|p2b: Lunala|Wide Guard|p2b: Lunala\n|-singleturn|p2b: Lunala|Wide Guard\n|move|p1a: Incineroar|U-turn|p2a: Miraidon\n|-damage|p2a: Miraidon|84/100\n|\n|t:|1774604039\n|switch|p1a: Iron Treads|Iron Treads, L50|100/100|[from] U-turn\n|-activate|p1a: Iron Treads|ability: Quark Drive\n|-start|p1a: Iron Treads|quarkdrivespe\n|move|p1b: Calyrex|Glacial Lance|p2a: Miraidon|[spread] \n|-activate|p2a: Miraidon|move: Wide Guard\n|-activate|p2b: Lunala|move: Wide Guard\n|\n|-heal|p1b: Calyrex|100/100|[from] item: Leftovers\n|upkeep\n|turn|7\n|\n|t:|1774604061\n|-terastallize|p2b: Lunala|Fairy\n|move|p1b: Calyrex|Protect|p1b: Calyrex\n|-singleturn|p1b: Calyrex|Protect\n|move|p1a: Iron Treads|High Horsepower|p2a: Miraidon\n|-supereffective|p2a: Miraidon\n|-damage|p2a: Miraidon|0 fnt\n|faint|p2a: Miraidon\n|move|p2b: Lunala|Moongeist Beam|p1b: Calyrex\n|-activate|p1b: Calyrex|move: Protect\n|\n|upkeep\n|\n|t:|1774604069\n|switch|p2a: Iron Bundle|Iron Bundle, L50|20/100\n|-activate|p2a: Iron Bundle|ability: Quark Drive\n|-start|p2a: Iron Bundle|quarkdrivespe\n|turn|8\n|\n|t:|1774604088\n|move|p2a: Iron Bundle|Icy Wind|p1a: Iron Treads|[spread] p1a,p1b\n|-damage|p1a: Iron Treads|72/100\n|-damage|p1b: Calyrex|87/100\n|-unboost|p1a: Iron Treads|spe|1\n|-unboost|p1b: Calyrex|spe|1\n|move|p1a: Iron Treads|High Horsepower|p2a: Iron Bundle\n|-damage|p2a: Iron Bundle|0 fnt\n|faint|p2a: Iron Bundle\n|-end|p2a: Iron Bundle|Quark Drive|[silent]\n|move|p2b: Lunala|Moongeist Beam|p1a: Iron Treads\n|-damage|p1a: Iron Treads|0 fnt\n|faint|p1a: Iron Treads\n|-end|p1a: Iron Treads|Quark Drive|[silent]\n|move|p1b: Calyrex|Glacial Lance|p2b: Lunala\n|-damage|p2b: Lunala|0 fnt\n|faint|p2b: Lunala\n|-ability|p1b: Calyrex|Chilling Neigh|boost\n|-boost|p1b: Calyrex|atk|1\n|\n|-heal|p1b: Calyrex|93/100|[from] item: Leftovers\n|upkeep\n|-message|BreakTheShadowWall forfeited.\n|\n|win|Highkage2\n|raw|Highkage2's rating: 1516 &rarr; <strong>1528</strong><br />(+12 for winning)\n|raw|BreakTheShadowWall's rating: 1371 &rarr; <strong>1359</strong><br />(-12 for losing)\n|l|\u2606BreakTheShadowWall\n|player|p2|\n","uploadtime":1774604361,"views":12,"formatid":"gen9vgc2026regi","rating":1359,"private":0,"password":null}