{"id":"gen9vgc2026regi-2554864917","format":"[Gen 9] VGC 2026 Reg I","players":["fs1530","b3testing"],"log":"|j|\u2606fs1530\n|j|\u2606b3testing\n|t:|1773020758\n|gametype|doubles\n|player|p1|fs1530|265|1404\n|player|p2|b3testing|266|1564\n|gen|9\n|tier|[Gen 9] VGC 2026 Reg I\n|rated|\n|rule|Species Clause: Limit one of each Pok\u00e9mon\n|rule|Item Clause: Limit 1 of each item\n|clearpoke\n|poke|p1|Calyrex-Ice, L50|\n|poke|p1|Lunala, L50|\n|poke|p1|Landorus, L50, M|\n|poke|p1|Tornadus, L50, M|\n|poke|p1|Ogerpon-Cornerstone, L50, F|\n|poke|p1|Indeedee-F, L50, F|\n|poke|p2|Terapagos, L50, M|\n|poke|p2|Calyrex-Shadow, L50|\n|poke|p2|Incineroar, L50, F|\n|poke|p2|Amoonguss, L50, F|\n|poke|p2|Tornadus, L50, M|\n|poke|p2|Smeargle, L50, F|\n|teampreview|4\n|inactive|Battle timer is ON: inactive players will automatically lose when time's up. (requested by b3testing)\n|inactive|fs1530 also wants the timer to be on.\n|\n|t:|1773020778\n|teamsize|p1|4\n|teamsize|p2|4\n|start\n|switch|p1a: \u6211\u4e0a\u53bb\u5c31\u662f\u4e00\u98ce|Tornadus, L50, M, shiny|100/100\n|switch|p1b: \u6211\u4e0a\u53bb\u5c31\u662f\u4e00\u5149|Lunala, L50, shiny|100/100\n|switch|p2a: Incineroar|Incineroar, L50, F|100/100\n|switch|p2b: Terapagos|Terapagos, L50, M|100/100\n|-activate|p2b: Terapagos|ability: Tera Shift\n|detailschange|p2b: Terapagos|Terapagos-Terastal, L50, M\n|-heal|p2b: Terapagos|100/100|[silent]\n|-ability|p2a: Incineroar|Intimidate|boost\n|-unboost|p1a: \u6211\u4e0a\u53bb\u5c31\u662f\u4e00\u98ce|atk|1\n|-unboost|p1b: \u6211\u4e0a\u53bb\u5c31\u662f\u4e00\u5149|atk|1\n|turn|1\n|\n|t:|1773020789\n|move|p1a: \u6211\u4e0a\u53bb\u5c31\u662f\u4e00\u98ce|Taunt|p2b: Terapagos\n|-start|p2b: Terapagos|move: Taunt\n|move|p1b: \u6211\u4e0a\u53bb\u5c31\u662f\u4e00\u5149|Meteor Beam||[still]\n|-prepare|p1b: \u6211\u4e0a\u53bb\u5c31\u662f\u4e00\u5149|Meteor Beam\n|-boost|p1b: \u6211\u4e0a\u53bb\u5c31\u662f\u4e00\u5149|spa|1\n|-enditem|p1b: \u6211\u4e0a\u53bb\u5c31\u662f\u4e00\u5149|Power Herb\n|-anim|p1b: \u6211\u4e0a\u53bb\u5c31\u662f\u4e00\u5149|Meteor Beam|p2a: Incineroar\n|-supereffective|p2a: Incineroar\n|-damage|p2a: Incineroar|10/100\n|cant|p2b: Terapagos|move: Taunt|Calm Mind\n|move|p2a: Incineroar|Knock Off|p1b: \u6211\u4e0a\u53bb\u5c31\u662f\u4e00\u5149\n|-supereffective|p1b: \u6211\u4e0a\u53bb\u5c31\u662f\u4e00\u5149\n|-damage|p1b: \u6211\u4e0a\u53bb\u5c31\u662f\u4e00\u5149|49/100\n|\n|upkeep\n|turn|2\n|\n|t:|1773020809\n|switch|p2a: Smeargle|Smeargle, L50, F|100/100\n|move|p1a: \u6211\u4e0a\u53bb\u5c31\u662f\u4e00\u98ce|Bleakwind Storm|p2a: Smeargle|[spread] p2a,p2b\n|-activate|p2b: Terapagos|ability: Tera Shell\n|-resisted|p2b: Terapagos\n|-damage|p2a: Smeargle|12/100\n|-damage|p2b: Terapagos|84/100\n|move|p1b: \u6211\u4e0a\u53bb\u5c31\u662f\u4e00\u5149|Moongeist Beam|p2a: Smeargle\n|-immune|p2a: Smeargle\n|move|p2b: Terapagos|Tera Starstorm|p1a: \u6211\u4e0a\u53bb\u5c31\u662f\u4e00\u98ce\n|-damage|p1a: \u6211\u4e0a\u53bb\u5c31\u662f\u4e00\u98ce|25/100\n|\n|-ability|p2a: Smeargle|Moody|boost\n|-boost|p2a: Smeargle|spa|2\n|-unboost|p2a: Smeargle|spd|1\n|upkeep\n|turn|3\n|inactive|fs1530 has 30 seconds left.\n|inactive|b3testing has 30 seconds left.\n|\n|t:|1773020843\n|switch|p1a: \u6211\u4e0a\u53bb\u5c31\u662f\u4e00\u573a|Indeedee-F, L50, F, shiny|100/100\n|-fieldstart|move: Psychic Terrain|[from] ability: Psychic Surge|[of] p1a: \u6211\u4e0a\u53bb\u5c31\u662f\u4e00\u573a\n|-terastallize|p2b: Terapagos|Stellar\n|detailschange|p2b: Terapagos|Terapagos-Stellar, L50, M, tera:Stellar\n|-heal|p2b: Terapagos|88/100|[silent]\n|-ability|p2b: Terapagos|Teraform Zero\n|-fieldend|move: Psychic Terrain\n|move|p2a: Smeargle|Fake Out|p1a: \u6211\u4e0a\u53bb\u5c31\u662f\u4e00\u573a\n|-damage|p1a: \u6211\u4e0a\u53bb\u5c31\u662f\u4e00\u573a|95/100\n|-damage|p2a: Smeargle|0 fnt|[from] item: Rocky Helmet|[of] p1a: \u6211\u4e0a\u53bb\u5c31\u662f\u4e00\u573a\n|faint|p2a: Smeargle\n|move|p1b: \u6211\u4e0a\u53bb\u5c31\u662f\u4e00\u5149|Expanding Force|p2b: Terapagos\n|-damage|p2b: Terapagos|39/100\n|move|p2b: Terapagos|Tera Starstorm|p1b: \u6211\u4e0a\u53bb\u5c31\u662f\u4e00\u5149|[spread] p1a,p1b\n|-damage|p1a: \u6211\u4e0a\u53bb\u5c31\u662f\u4e00\u573a|55/100\n|-damage|p1b: \u6211\u4e0a\u53bb\u5c31\u662f\u4e00\u5149|23/100\n|\n|-end|p2b: Terapagos|move: Taunt\n|upkeep\n|\n|t:|1773020851\n|switch|p2a: Calyrex|Calyrex-Shadow, L50|100/100\n|-ability|p2a: Calyrex|As One\n|-ability|p2a: Calyrex|Unnerve\n|turn|4\n|inactive|fs1530 has 30 seconds left.\n|\n|t:|1773020877\n|move|p2a: Calyrex|Encore|p1b: \u6211\u4e0a\u53bb\u5c31\u662f\u4e00\u5149\n|-start|p1b: \u6211\u4e0a\u53bb\u5c31\u662f\u4e00\u5149|Encore\n|move|p1b: \u6211\u4e0a\u53bb\u5c31\u662f\u4e00\u5149|Expanding Force|p2b: Terapagos\n|-damage|p2b: Terapagos|0 fnt\n|faint|p2b: Terapagos\n|detailschange|p2: Terapagos|Terapagos, L50, M|[silent]\n|move|p1a: \u6211\u4e0a\u53bb\u5c31\u662f\u4e00\u573a|Trick Room|p1a: \u6211\u4e0a\u53bb\u5c31\u662f\u4e00\u573a\n|-fieldstart|move: Trick Room|[of] p1a: \u6211\u4e0a\u53bb\u5c31\u662f\u4e00\u573a\n|\n|upkeep\n|\n|t:|1773020883\n|switch|p2b: Incineroar|Incineroar, L50, F|10/100\n|-ability|p2b: Incineroar|Intimidate|boost\n|-unboost|p1a: \u6211\u4e0a\u53bb\u5c31\u662f\u4e00\u573a|atk|1\n|-unboost|p1b: \u6211\u4e0a\u53bb\u5c31\u662f\u4e00\u5149|atk|1\n|turn|5\n|\n|t:|1773020896\n|switch|p1b: \u6211\u4e0a\u53bb\u5c31\u662f\u4e00\u98ce|Tornadus, L50, M, shiny|25/100\n|move|p2b: Incineroar|Fake Out|p1a: \u6211\u4e0a\u53bb\u5c31\u662f\u4e00\u573a\n|-crit|p1a: \u6211\u4e0a\u53bb\u5c31\u662f\u4e00\u573a\n|-damage|p1a: \u6211\u4e0a\u53bb\u5c31\u662f\u4e00\u573a|38/100\n|-damage|p2b: Incineroar|0 fnt|[from] item: Rocky Helmet|[of] p1a: \u6211\u4e0a\u53bb\u5c31\u662f\u4e00\u573a\n|faint|p2b: Incineroar\n|cant|p1a: \u6211\u4e0a\u53bb\u5c31\u662f\u4e00\u573a|flinch\n|move|p2a: Calyrex|Astral Barrage|p1a: \u6211\u4e0a\u53bb\u5c31\u662f\u4e00\u573a|[spread] p1b\n|-immune|p1a: \u6211\u4e0a\u53bb\u5c31\u662f\u4e00\u573a\n|-damage|p1b: \u6211\u4e0a\u53bb\u5c31\u662f\u4e00\u98ce|0 fnt\n|faint|p1b: \u6211\u4e0a\u53bb\u5c31\u662f\u4e00\u98ce\n|-ability|p2a: Calyrex|Grim Neigh|boost\n|-boost|p2a: Calyrex|spa|1\n|-damage|p2a: Calyrex|91/100|[from] item: Life Orb\n|\n|upkeep\n|\n|t:|1773020906\n|switch|p1b: \u6211\u4e0a\u53bb\u5c31\u662f\u4e00\u5149|Lunala, L50, shiny|23/100\n|turn|6\n|\n|t:|1773020914\n|move|p1a: \u6211\u4e0a\u53bb\u5c31\u662f\u4e00\u573a|Helping Hand|p1b: \u6211\u4e0a\u53bb\u5c31\u662f\u4e00\u5149\n|-singleturn|p1b: \u6211\u4e0a\u53bb\u5c31\u662f\u4e00\u5149|Helping Hand|[of] p1a: \u6211\u4e0a\u53bb\u5c31\u662f\u4e00\u573a\n|move|p2a: Calyrex|Protect|p2a: Calyrex\n|-singleturn|p2a: Calyrex|Protect\n|move|p1b: \u6211\u4e0a\u53bb\u5c31\u662f\u4e00\u5149|Moongeist Beam|p2a: Calyrex\n|-activate|p2a: Calyrex|move: Protect\n|\n|upkeep\n|turn|7\n|\n|t:|1773020921\n|move|p1a: \u6211\u4e0a\u53bb\u5c31\u662f\u4e00\u573a|Heal Pulse|p1b: \u6211\u4e0a\u53bb\u5c31\u662f\u4e00\u5149\n|-heal|p1b: \u6211\u4e0a\u53bb\u5c31\u662f\u4e00\u5149|73/100\n|move|p1b: \u6211\u4e0a\u53bb\u5c31\u662f\u4e00\u5149|Moongeist Beam|p2a: Calyrex\n|-supereffective|p2a: Calyrex\n|-damage|p2a: Calyrex|0 fnt\n|faint|p2a: Calyrex\n|\n|win|fs1530\n|raw|fs1530's rating: 1404 &rarr; <strong>1433</strong><br />(+29 for winning)\n|raw|b3testing's rating: 1564 &rarr; <strong>1535</strong><br />(-29 for losing)\n|l|\u2606b3testing\n|player|p2|\n|l|\u2606fs1530\n|player|p1|\n","uploadtime":1773021146,"views":12,"formatid":"gen9vgc2026regi","rating":1433,"private":0,"password":null}