{"id":"gen9vgc2026regi-2559190499","format":"[Gen 9] VGC 2026 Reg I","players":["juacox300","pigs2fly"],"log":"|j|\u2606juacox300\n|j|\u2606pigs2fly\n|t:|1773530681\n|gametype|doubles\n|player|p1|juacox300|unknown|1520\n|player|p2|pigs2fly|dexio|1433\n|gen|9\n|tier|[Gen 9] VGC 2026 Reg I\n|rated|\n|rule|Species Clause: Limit one of each Pok\u00e9mon\n|rule|Item Clause: Limit 1 of each item\n|clearpoke\n|poke|p1|Miraidon, L50|\n|poke|p1|Iron Hands, L50|\n|poke|p1|Calyrex-Ice, L50|\n|poke|p1|Chien-Pao, L50|\n|poke|p1|Chi-Yu, L50|\n|poke|p1|Alcremie-Salted-Cream, L50, F|\n|poke|p2|Annihilape, L50, M|\n|poke|p2|Tornadus, L50, M|\n|poke|p2|Dondozo, L50, M|\n|poke|p2|Tatsugiri, L50, M|\n|poke|p2|Zacian-*, L50|\n|poke|p2|Kyogre, L50|\n|teampreview|4\n|inactive|Battle timer is ON: inactive players will automatically lose when time's up. (requested by pigs2fly)\n|\n|t:|1773530806\n|teamsize|p1|4\n|teamsize|p2|4\n|start\n|switch|p1a: Miraidon|Miraidon, L50|100/100\n|switch|p1b: Helena|Alcremie-Salted-Cream, L50, F|100/100\n|switch|p2a: Zacian|Zacian-Crowned, L50, shiny|100/100\n|switch|p2b: Annihilape|Annihilape, L50, M|100/100\n|-fieldstart|move: Electric Terrain|[from] ability: Hadron Engine|[of] p1a: Miraidon\n|-ability|p2a: Zacian|Intrepid Sword|boost\n|-boost|p2a: Zacian|atk|1\n|turn|1\n|\n|t:|1773530818\n|switch|p1b: Ferro Paipe|Iron Hands, L50|100/100\n|-activate|p1b: Ferro Paipe|ability: Quark Drive\n|-start|p1b: Ferro Paipe|quarkdriveatk\n|move|p1a: Miraidon|Protect|p1a: Miraidon\n|-singleturn|p1a: Miraidon|Protect\n|move|p2b: Annihilape|Final Gambit|p1a: Miraidon\n|-activate|p1a: Miraidon|move: Protect\n|move|p2a: Zacian|Behemoth Blade|p1b: Ferro Paipe\n|-resisted|p1b: Ferro Paipe\n|-damage|p1b: Ferro Paipe|72/100\n|\n|upkeep\n|turn|2\n|\n|t:|1773530826\n|switch|p1a: Helena|Alcremie-Salted-Cream, L50, F|100/100\n|-terastallize|p1b: Ferro Paipe|Fire\n|move|p2b: Annihilape|Final Gambit|p1a: Helena\n|-damage|p1a: Helena|0 fnt\n|faint|p2b: Annihilape\n|faint|p1a: Helena\n|move|p2a: Zacian|Play Rough|p1b: Ferro Paipe\n|-resisted|p1b: Ferro Paipe\n|-damage|p1b: Ferro Paipe|48/100\n|move|p1b: Ferro Paipe|Low Kick|p2a: Zacian\n|-damage|p2a: Zacian|32/100\n|\n|upkeep\n|\n|t:|1773530836\n|switch|p2b: Dondozo|Dondozo, L50, M|100/100\n|switch|p1a: Calyrex|Calyrex-Ice, L50|100/100\n|-ability|p1a: Calyrex|As One\n|-ability|p1a: Calyrex|Unnerve\n|turn|3\n|\n|t:|1773530842\n|switch|p2a: Tatsugiri|Tatsugiri, L50, M|100/100\n|-activate|p2a: Tatsugiri|ability: Commander|[of] p2b: Dondozo\n|-boost|p2b: Dondozo|atk|2\n|-boost|p2b: Dondozo|spa|2\n|-boost|p2b: Dondozo|spe|2\n|-boost|p2b: Dondozo|def|2\n|-boost|p2b: Dondozo|spd|2\n|move|p2b: Dondozo|Earthquake|p1b: Ferro Paipe|[spread] p1a,p1b\n|-miss|p2b: Dondozo|p2a: Tatsugiri\n|-supereffective|p1b: Ferro Paipe\n|-crit|p1b: Ferro Paipe\n|-damage|p1a: Calyrex|74/100\n|-damage|p1b: Ferro Paipe|0 fnt\n|faint|p1b: Ferro Paipe\n|-end|p1b: Ferro Paipe|Quark Drive|[silent]\n|move|p1a: Calyrex|High Horsepower|p2a: Tatsugiri|[miss]\n|-miss|p1a: Calyrex|p2a: Tatsugiri\n|\n|upkeep\n|\n|t:|1773530845\n|switch|p1b: Miraidon|Miraidon, L50|100/100\n|-activate|p1b: Miraidon|ability: Hadron Engine\n|turn|4\n|\n|t:|1773530852\n|move|p1b: Miraidon|Protect|p1b: Miraidon\n|-singleturn|p1b: Miraidon|Protect\n|move|p2b: Dondozo|Protect|p2b: Dondozo\n|-singleturn|p2b: Dondozo|Protect\n|move|p1a: Calyrex|Glacial Lance|p2a: Tatsugiri|[spread] \n|-miss|p1a: Calyrex|p2a: Tatsugiri\n|-activate|p2b: Dondozo|move: Protect\n|\n|upkeep\n|turn|5\n|\n|t:|1773530864\n|-terastallize|p2b: Dondozo|Grass\n|move|p1b: Miraidon|Electro Drift|p2b: Dondozo\n|-resisted|p2b: Dondozo\n|-damage|p2b: Dondozo|74/100\n|-damage|p1b: Miraidon|91/100|[from] item: Life Orb\n|move|p2b: Dondozo|Earthquake|p1a: Calyrex|[spread] p1a,p1b\n|-miss|p2b: Dondozo|p2a: Tatsugiri\n|-supereffective|p1b: Miraidon\n|-damage|p1a: Calyrex|48/100\n|-damage|p1b: Miraidon|6/100\n|move|p1a: Calyrex|Trick Room|p1a: Calyrex\n|-fieldstart|move: Trick Room|[of] p1a: Calyrex\n|\n|-heal|p2b: Dondozo|80/100|[from] item: Leftovers\n|-fieldend|move: Electric Terrain\n|upkeep\n|turn|6\n|\n|t:|1773530874\n|move|p2b: Dondozo|Protect|p2b: Dondozo\n|-singleturn|p2b: Dondozo|Protect\n|move|p1a: Calyrex|Glacial Lance|p2b: Dondozo|[spread] \n|-miss|p1a: Calyrex|p2a: Tatsugiri\n|-activate|p2b: Dondozo|move: Protect\n|move|p1b: Miraidon|Dazzling Gleam|p2a: Tatsugiri|[spread] \n|-miss|p1b: Miraidon|p2a: Tatsugiri\n|-activate|p2b: Dondozo|move: Protect\n|\n|-heal|p2b: Dondozo|86/100|[from] item: Leftovers\n|upkeep\n|turn|7\n|\n|t:|1773530881\n|move|p1b: Miraidon|Protect|p1b: Miraidon\n|-singleturn|p1b: Miraidon|Protect\n|move|p1a: Calyrex|Glacial Lance|p2b: Dondozo|[spread] p2b\n|-miss|p1a: Calyrex|p2a: Tatsugiri\n|-supereffective|p2b: Dondozo\n|-damage|p2b: Dondozo|47/100\n|move|p2b: Dondozo|Wave Crash|p1a: Calyrex\n|-damage|p1a: Calyrex|0 fnt\n|faint|p1a: Calyrex\n|-damage|p2b: Dondozo|33/100|[from] Recoil\n|\n|-heal|p2b: Dondozo|39/100|[from] item: Leftovers\n|upkeep\n|turn|8\n|-message|juacox300 forfeited.\n|\n|win|pigs2fly\n|raw|juacox300's rating: 1520 &rarr; <strong>1495</strong><br />(-25 for losing)\n|raw|pigs2fly's rating: 1433 &rarr; <strong>1458</strong><br />(+25 for winning)\n|l|\u2606juacox300\n|player|p1|\n|l|\u2606pigs2fly\n|player|p2|\n","uploadtime":1773531123,"views":20,"formatid":"gen9vgc2026regi","rating":1458,"private":0,"password":null}