{"id":"gen9vgc2026regi-2577986478","format":"[Gen 9] VGC 2026 Reg I","players":["sukaww","tibo2904"],"log":"|j|\u2606sukaww\n|j|\u2606tibo2904\n|t:|1775631218\n|gametype|doubles\n|player|p1|sukaww|1|1532\n|player|p2|tibo2904|102|1500\n|gen|9\n|tier|[Gen 9] VGC 2026 Reg I\n|rated|\n|rule|Species Clause: Limit one of each Pok\u00e9mon\n|rule|Item Clause: Limit 1 of each item\n|clearpoke\n|poke|p1|Calyrex-Ice, L50|\n|poke|p1|Miraidon, L50|\n|poke|p1|Iron Hands, L50|\n|poke|p1|Farigiraf, L50, M|\n|poke|p1|Ursaluna-Bloodmoon, L50, M|\n|poke|p1|Torkoal, L50, F|\n|poke|p2|Rayquaza, L50|\n|poke|p2|Chien-Pao, L50|\n|poke|p2|Miraidon, L50|\n|poke|p2|Okidogi, L50, M|\n|poke|p2|Volcarona, L50, F|\n|poke|p2|Sableye, L50, M|\n|teampreview|4\n|inactive|Battle timer is ON: inactive players will automatically lose when time's up. (requested by tibo2904)\n|inactive|tibo2904 has 60 seconds left.\n|inactive|tibo2904 has 30 seconds left.\n|\n|t:|1775631284\n|teamsize|p1|4\n|teamsize|p2|4\n|start\n|switch|p1a: Calyrex|Calyrex-Ice, L50|100/100\n|switch|p1b: Miraidon|Miraidon, L50|100/100\n|switch|p2a: Miraidon|Miraidon, L50|100/100\n|switch|p2b: Okidogi|Okidogi, L50, M|100/100\n|-ability|p1a: Calyrex|As One\n|-ability|p1a: Calyrex|Unnerve\n|-fieldstart|move: Electric Terrain|[from] ability: Hadron Engine|[of] p2a: Miraidon\n|-activate|p1b: Miraidon|ability: Hadron Engine\n|turn|1\n|\n|t:|1775631300\n|-terastallize|p2a: Miraidon|Fairy\n|-terastallize|p1a: Calyrex|Dragon\n|move|p2a: Miraidon|Dazzling Gleam|p1b: Miraidon|[spread] p1a,p1b\n|-supereffective|p1a: Calyrex\n|-supereffective|p1b: Miraidon\n|-damage|p1a: Calyrex|40/100\n|-damage|p1b: Miraidon|29/100\n|move|p1b: Miraidon|Volt Switch|p2a: Miraidon\n|-damage|p2a: Miraidon|39/100\n|\n|t:|1775631311\n|switch|p1b: Iron Hands|Iron Hands, L50|100/100|[from] Volt Switch\n|-activate|p1b: Iron Hands|ability: Quark Drive\n|-start|p1b: Iron Hands|quarkdriveatk\n|move|p2b: Okidogi|Poison Jab|p1b: Iron Hands\n|-damage|p1b: Iron Hands|72/100\n|move|p1a: Calyrex|Trick Room|p1a: Calyrex\n|-fieldstart|move: Trick Room|[of] p1a: Calyrex\n|\n|upkeep\n|turn|2\n|\n|t:|1775631327\n|move|p1b: Iron Hands|Wild Charge|p2b: Okidogi\n|-damage|p2b: Okidogi|30/100\n|-damage|p1b: Iron Hands|59/100|[from] Recoil\n|move|p1a: Calyrex|Glacial Lance|p2b: Okidogi|[spread] p2a,p2b\n|-crit|p2a: Miraidon\n|-damage|p2a: Miraidon|0 fnt\n|-damage|p2b: Okidogi|0 fnt\n|faint|p2a: Miraidon\n|faint|p2b: Okidogi\n|-ability|p1a: Calyrex|Chilling Neigh|boost\n|-boost|p1a: Calyrex|atk|2\n|\n|upkeep\n|\n|t:|1775631338\n|switch|p2b: Sableye|Sableye, L50, M|100/100\n|switch|p2a: Chien-Pao|Chien-Pao, L50|100/100\n|-ability|p2a: Chien-Pao|Sword of Ruin\n|turn|3\n|\n|t:|1775631352\n|-end|p1b: Iron Hands|Quark Drive|[silent]\n|switch|p1b: Farigiraf|Farigiraf, L50, M|100/100\n|-enditem|p1b: Farigiraf|Electric Seed\n|-boost|p1b: Farigiraf|def|1|[from] item: Electric Seed\n|move|p2a: Chien-Pao|Protect|p2a: Chien-Pao\n|-singleturn|p2a: Chien-Pao|Protect\n|move|p2b: Sableye|Foul Play|p1a: Calyrex\n|-crit|p1a: Calyrex\n|-damage|p1a: Calyrex|0 fnt\n|faint|p1a: Calyrex\n|\n|upkeep\n|\n|t:|1775631361\n|switch|p1a: Iron Hands|Iron Hands, L50|59/100\n|-activate|p1a: Iron Hands|ability: Quark Drive\n|-start|p1a: Iron Hands|quarkdriveatk\n|turn|4\n|\n|t:|1775631383\n|move|p2b: Sableye|Foul Play|p1b: Farigiraf\n|-supereffective|p1b: Farigiraf\n|-damage|p1b: Farigiraf|49/100\n|move|p1a: Iron Hands|Drain Punch|p2a: Chien-Pao\n|-supereffective|p2a: Chien-Pao\n|-enditem|p2a: Chien-Pao|Focus Sash\n|-damage|p2a: Chien-Pao|1/100\n|-heal|p1a: Iron Hands|90/100|[from] drain|[of] p2a: Chien-Pao\n|move|p1b: Farigiraf|Foul Play|p2a: Chien-Pao\n|-resisted|p2a: Chien-Pao\n|-damage|p2a: Chien-Pao|0 fnt\n|faint|p2a: Chien-Pao\n|\n|upkeep\n|turn|5\n|\n|t:|1775631400\n|move|p2b: Sableye|Foul Play|p1b: Farigiraf\n|-supereffective|p1b: Farigiraf\n|-damage|p1b: Farigiraf|7/100\n|move|p1a: Iron Hands|Wild Charge|p2b: Sableye\n|-damage|p2b: Sableye|13/100\n|-damage|p1a: Iron Hands|76/100|[from] Recoil\n|move|p1b: Farigiraf|Foul Play|p2b: Sableye\n|-damage|p2b: Sableye|0 fnt\n|faint|p2b: Sableye\n|\n|win|sukaww\n|raw|sukaww's rating: 1532 &rarr; <strong>1550</strong><br />(+18 for winning)\n|raw|tibo2904's rating: 1500 &rarr; <strong>1482</strong><br />(-18 for losing)\n|l|\u2606tibo2904\n|player|p2|\n|l|\u2606sukaww\n|player|p1|\n","uploadtime":1775631621,"views":9,"formatid":"gen9vgc2026regi","rating":1482,"private":0,"password":null}