{"id":"gen9vgc2026regi-2552219519","format":"[Gen 9] VGC 2026 Reg I","players":["jingscale","I\u2764\ufe0f\u5a1c\u7984forever"],"log":"|j|\u2606jingscale\n|j|\u2606I\u2764\ufe0f\u5a1c\u7984forever\n|t:|1772691528\n|gametype|doubles\n|player|p1|jingscale|red|1341\n|player|p2|I\u2764\ufe0f\u5a1c\u7984forever|youngcouple-gen4dp|1383\n|gen|9\n|tier|[Gen 9] VGC 2026 Reg I\n|rated|\n|rule|Species Clause: Limit one of each Pok\u00e9mon\n|rule|Item Clause: Limit 1 of each item\n|clearpoke\n|poke|p1|Calyrex-Shadow, L50|\n|poke|p1|Zamazenta-*, L50|\n|poke|p1|Incineroar, L50, F|\n|poke|p1|Ogerpon-Cornerstone, L50, F|\n|poke|p1|Rillaboom, L50, M|\n|poke|p1|Tornadus, L50, M|\n|poke|p2|Groudon, L50|\n|poke|p2|Kyurem-White, L50|\n|poke|p2|Heatran, L50, F|\n|poke|p2|Whimsicott, L50, M|\n|poke|p2|Roaring Moon, L50|\n|poke|p2|Ditto, L50|\n|teampreview|4\n|inactive|Battle timer is ON: inactive players will automatically lose when time's up. (requested by jingscale)\n|inactive|jingscale has 60 seconds left.\n|\n|t:|1772691573\n|teamsize|p1|4\n|teamsize|p2|4\n|start\n|switch|p1a: Calyrex|Calyrex-Shadow, L50|100/100\n|switch|p1b: Incineroar|Incineroar, L50, F, shiny|100/100\n|switch|p2a: Kyurem|Kyurem-White, L50|100/100\n|switch|p2b: Heatran|Heatran, L50, F|100/100\n|-ability|p1a: Calyrex|As One\n|-ability|p1a: Calyrex|Unnerve\n|-ability|p2a: Kyurem|Turboblaze\n|-ability|p1b: Incineroar|Intimidate|boost\n|-unboost|p2a: Kyurem|atk|1\n|-unboost|p2b: Heatran|atk|1\n|turn|1\n|\n|t:|1772691588\n|move|p1b: Incineroar|Fake Out|p2a: Kyurem\n|-damage|p2a: Kyurem|92/100\n|move|p1a: Calyrex|Astral Barrage|p2b: Heatran|[spread] p2a,p2b\n|-damage|p2a: Kyurem|47/100\n|-damage|p2b: Heatran|55/100\n|cant|p2a: Kyurem|flinch\n|move|p2b: Heatran|Substitute|p2b: Heatran\n|-start|p2b: Heatran|Substitute\n|-damage|p2b: Heatran|30/100\n|\n|-heal|p2b: Heatran|36/100|[from] item: Leftovers\n|upkeep\n|turn|2\n|\n|t:|1772691608\n|move|p1a: Calyrex|Astral Barrage|p2b: Heatran|[spread] p2a,p2b\n|-end|p2b: Heatran|Substitute\n|-damage|p2a: Kyurem|0 fnt\n|faint|p2a: Kyurem\n|-ability|p1a: Calyrex|Grim Neigh|boost\n|-boost|p1a: Calyrex|spa|1\n|move|p2b: Heatran|Heat Wave|p1a: Calyrex|[spread] p1a,p1b\n|-resisted|p1b: Incineroar\n|-damage|p1a: Calyrex|63/100\n|-damage|p1b: Incineroar|85/100\n|move|p1b: Incineroar|Knock Off|p2b: Heatran\n|-damage|p2b: Heatran|4/100\n|-enditem|p2b: Heatran|Leftovers|[from] move: Knock Off|[of] p1b: Incineroar\n|\n|upkeep\n|\n|t:|1772691622\n|switch|p2a: Groudon|Groudon, L50|100/100\n|-weather|SunnyDay|[from] ability: Drought|[of] p2a: Groudon\n|turn|3\n|\n|t:|1772691631\n|move|p1a: Calyrex|Astral Barrage|p2b: Heatran|[spread] p2a,p2b\n|-damage|p2a: Groudon|48/100\n|-damage|p2b: Heatran|0 fnt\n|faint|p2b: Heatran\n|-ability|p1a: Calyrex|Grim Neigh|boost\n|-boost|p1a: Calyrex|spa|1\n|move|p2a: Groudon|Precipice Blades|p1a: Calyrex|[spread] p1a,p1b\n|-supereffective|p1b: Incineroar\n|-damage|p1a: Calyrex|3/100\n|-damage|p1b: Incineroar|7/100\n|move|p1b: Incineroar|Parting Shot|p2a: Groudon\n|-unboost|p2a: Groudon|atk|1\n|-unboost|p2a: Groudon|spa|1\n|\n|t:|1772691643\n|switch|p1b: Rillaboom|Rillaboom, L50, M|100/100|[from] Parting Shot\n|-fieldstart|move: Grassy Terrain|[from] ability: Grassy Surge|[of] p1b: Rillaboom\n|\n|-weather|SunnyDay|[upkeep]\n|-heal|p1a: Calyrex|9/100|[from] Grassy Terrain\n|-heal|p2a: Groudon|54/100|[from] Grassy Terrain\n|upkeep\n|\n|t:|1772691645\n|switch|p2b: Ditto|Ditto, L50|100/100\n|-transform|p2b: Ditto|p1a: Calyrex|[from] ability: Imposter\n|-ability|p2b: Ditto|As One\n|-ability|p2b: Ditto|Unnerve\n|turn|4\n|\n|t:|1772691666\n|-terastallize|p2b: Ditto|Dark\n|move|p1a: Calyrex|Protect|p1a: Calyrex\n|-singleturn|p1a: Calyrex|Protect\n|move|p1b: Rillaboom|Grassy Glide|p2a: Groudon\n|-supereffective|p2a: Groudon\n|-damage|p2a: Groudon|8/100\n|move|p2b: Ditto|Astral Barrage|p1b: Rillaboom|[spread] p1b\n|-activate|p1a: Calyrex|move: Protect\n|-damage|p1b: Rillaboom|29/100\n|move|p2a: Groudon|Heat Crash|p1b: Rillaboom\n|-supereffective|p1b: Rillaboom\n|-damage|p1b: Rillaboom|0 fnt\n|faint|p1b: Rillaboom\n|\n|-weather|SunnyDay|[upkeep]\n|-heal|p1a: Calyrex|15/100|[from] Grassy Terrain\n|-heal|p2a: Groudon|14/100|[from] Grassy Terrain\n|upkeep\n|\n|t:|1772691680\n|switch|p1b: Zamazenta|Zamazenta-Crowned, L50|100/100\n|-ability|p1b: Zamazenta|Dauntless Shield|boost\n|-boost|p1b: Zamazenta|def|1\n|turn|5\n|\n|t:|1772691688\n|move|p1b: Zamazenta|Wide Guard|p1b: Zamazenta\n|-singleturn|p1b: Zamazenta|Wide Guard\n|move|p2b: Ditto|Psychic|p1b: Zamazenta\n|-damage|p1b: Zamazenta|33/100\n|move|p1a: Calyrex|Astral Barrage|p2a: Groudon|[spread] p2a,p2b\n|-resisted|p2b: Ditto\n|-damage|p2a: Groudon|0 fnt\n|-damage|p2b: Ditto|27/100\n|faint|p2a: Groudon\n|-ability|p1a: Calyrex|Grim Neigh|boost\n|-boost|p1a: Calyrex|spa|1\n|\n|-weather|SunnyDay|[upkeep]\n|-heal|p1a: Calyrex|21/100|[from] Grassy Terrain\n|-heal|p2b: Ditto|33/100|[from] Grassy Terrain\n|-heal|p1b: Zamazenta|39/100|[from] Grassy Terrain\n|upkeep\n|turn|6\n|\n|t:|1772691709\n|-terastallize|p1a: Calyrex|Dark\n|move|p2b: Ditto|Protect|p2b: Ditto\n|-singleturn|p2b: Ditto|Protect\n|move|p1b: Zamazenta|Wide Guard|p1b: Zamazenta\n|-singleturn|p1b: Zamazenta|Wide Guard\n|move|p1a: Calyrex|Astral Barrage|p2b: Ditto\n|-activate|p2b: Ditto|move: Protect\n|\n|-weather|SunnyDay|[upkeep]\n|-heal|p2b: Ditto|39/100|[from] Grassy Terrain\n|-heal|p1a: Calyrex|28/100|[from] Grassy Terrain\n|-heal|p1b: Zamazenta|45/100|[from] Grassy Terrain\n|upkeep\n|turn|7\n|\n|t:|1772691722\n|move|p1b: Zamazenta|Wide Guard|p1b: Zamazenta\n|-singleturn|p1b: Zamazenta|Wide Guard\n|move|p1a: Calyrex|Astral Barrage|p2b: Ditto\n|-resisted|p2b: Ditto\n|-damage|p2b: Ditto|0 fnt\n|faint|p2b: Ditto\n|\n|win|jingscale\n|raw|jingscale's rating: 1341 &rarr; <strong>1363</strong><br />(+22 for winning)\n|raw|I\u2764\ufe0f\u5a1c\u7984forever's rating: 1383 &rarr; <strong>1361</strong><br />(-22 for losing)\n|l|\u2606I\u2764\ufe0f\u5a1c\u7984forever\n|player|p2|\n|l|\u2606jingscale\n|player|p1|\n","uploadtime":1772691890,"views":12,"formatid":"gen9vgc2026regi","rating":1361,"private":0,"password":null}