{"id":"gen9vgc2026regi-2589855894","format":"[Gen 9] VGC 2026 Reg I","players":["TheManOfSausage","yishiyishi"],"log":"|j|\u2606TheManOfSausage\n|j|\u2606yishiyishi\n|t:|1776767657\n|gametype|doubles\n|player|p1|TheManOfSausage|miku-water|1618\n|player|p2|yishiyishi|101|1630\n|gen|9\n|tier|[Gen 9] VGC 2026 Reg I\n|rated|\n|rule|Species Clause: Limit one of each Pok\u00e9mon\n|rule|Item Clause: Limit 1 of each item\n|clearpoke\n|poke|p1|Calyrex-Shadow, L50|\n|poke|p1|Miraidon, L50|\n|poke|p1|Clefairy, L50, M|\n|poke|p1|Rillaboom, L50, M|\n|poke|p1|Incineroar, L50, M|\n|poke|p1|Volcarona, L50, M|\n|poke|p2|Miraidon, L50|\n|poke|p2|Incineroar, L50, F|\n|poke|p2|Calyrex-Ice, L50|\n|poke|p2|Iron Hands, L50|\n|poke|p2|Urshifu-*, L50, M|\n|poke|p2|Volcarona, L50, F|\n|teampreview|4\nTheManOfSausage has agreed to open team sheets.\n|\n|t:|1776767669\n|teamsize|p1|4\n|teamsize|p2|4\n|start\n|switch|p1a: Magical Mirai|Miraidon, L50|100/100\n|switch|p1b: Rice Shower|Calyrex-Shadow, L50|100/100\n|switch|p2a: Miraidon|Miraidon, L50|100/100\n|switch|p2b: Calyrex|Calyrex-Ice, L50|100/100\n|-ability|p1b: Rice Shower|As One\n|-ability|p1b: Rice Shower|Unnerve\n|-ability|p2b: Calyrex|As One\n|-ability|p2b: Calyrex|Unnerve\n|-fieldstart|move: Electric Terrain|[from] ability: Hadron Engine|[of] p1a: Magical Mirai\n|-activate|p2a: Miraidon|ability: Hadron Engine\n|turn|1\n|inactive|Battle timer is ON: inactive players will automatically lose when time's up. (requested by yishiyishi)\n|\n|t:|1776767698\n|move|p1b: Rice Shower|Protect|p1b: Rice Shower\n|-singleturn|p1b: Rice Shower|Protect\n|move|p2b: Calyrex|Protect|p2b: Calyrex\n|-singleturn|p2b: Calyrex|Protect\n|move|p1a: Magical Mirai|Volt Switch|p2b: Calyrex\n|-activate|p2b: Calyrex|move: Protect\n|move|p2a: Miraidon|Snarl|p1a: Magical Mirai|[spread] p1a\n|-activate|p1b: Rice Shower|move: Protect\n|-damage|p1a: Magical Mirai|82/100\n|-unboost|p1a: Magical Mirai|spa|1\n|\n|upkeep\n|turn|2\n|\n|t:|1776767719\n|-terastallize|p1b: Rice Shower|Fairy\n|move|p1a: Magical Mirai|Volt Switch|p2b: Calyrex\n|-damage|p2b: Calyrex|71/100\n|\n|t:|1776767722\n|switch|p1a: Incineroar|Incineroar, L50, M, shiny|100/100|[from] Volt Switch\n|-ability|p1a: Incineroar|Intimidate|boost\n|-unboost|p2a: Miraidon|atk|1\n|-fail|p2b: Calyrex|unboost|[from] item: Clear Amulet|[of] p2b: Calyrex\n|move|p2a: Miraidon|Snarl|p1b: Rice Shower|[spread] p1b\n|-miss|p2a: Miraidon|p1a: Incineroar\n|-resisted|p1b: Rice Shower\n|-damage|p1b: Rice Shower|90/100\n|move|p1b: Rice Shower|Nasty Plot|p1b: Rice Shower\n|-boost|p1b: Rice Shower|spa|2\n|move|p2b: Calyrex|Glacial Lance|p1a: Incineroar|[spread] p1a,p1b\n|-resisted|p1a: Incineroar\n|-damage|p1a: Incineroar|79/100\n|-damage|p1b: Rice Shower|27/100\n|\n|upkeep\n|turn|3\n|\n|t:|1776767743\n|switch|p2a: Incineroar|Incineroar, L50, F, shiny|100/100\n|-ability|p2a: Incineroar|Intimidate|boost\n|-unboost|p1a: Incineroar|atk|1\n|-unboost|p1b: Rice Shower|atk|1\n|move|p2b: Calyrex|Protect|p2b: Calyrex\n|-singleturn|p2b: Calyrex|Protect\n|move|p1a: Incineroar|Fake Out|p2b: Calyrex\n|-activate|p2b: Calyrex|move: Protect\n|move|p1b: Rice Shower|Draining Kiss|p2a: Incineroar\n|-damage|p2a: Incineroar|63/100\n|-heal|p1b: Rice Shower|58/100|[from] drain|[of] p2a: Incineroar\n|\n|upkeep\n|turn|4\n|\n|t:|1776767764\n|-terastallize|p2b: Calyrex|Water\n|move|p1b: Rice Shower|Protect|p1b: Rice Shower\n|-singleturn|p1b: Rice Shower|Protect\n|move|p2a: Incineroar|Fake Out|p1b: Rice Shower\n|-activate|p1b: Rice Shower|move: Protect\n|move|p1a: Incineroar|Parting Shot|p2a: Incineroar\n|-unboost|p2a: Incineroar|atk|1\n|-unboost|p2a: Incineroar|spa|1\n|\n|t:|1776767769\n|switch|p1a: pipi|Clefairy, L50, M|100/100|[from] Parting Shot\n|move|p2b: Calyrex|Trick Room|p2b: Calyrex\n|-fieldstart|move: Trick Room|[of] p2b: Calyrex\n|\n|upkeep\n|turn|5\n|\n|t:|1776767783\n|move|p1a: pipi|Life Dew||[still]|[spread] p1a,p1b\n|-fail|p1a: pipi|heal\n|-heal|p1b: Rice Shower|83/100\n|move|p2b: Calyrex|Glacial Lance|p1b: Rice Shower|[spread] p1a,p1b\n|-damage|p1a: pipi|47/100\n|-damage|p1b: Rice Shower|34/100\n|move|p2a: Incineroar|Knock Off|p1b: Rice Shower\n|-resisted|p1b: Rice Shower\n|-damage|p1b: Rice Shower|23/100\n|-enditem|p1b: Rice Shower|Covert Cloak|[from] move: Knock Off|[of] p2a: Incineroar\n|move|p1b: Rice Shower|Nasty Plot|p1b: Rice Shower\n|-boost|p1b: Rice Shower|spa|2\n|\n|-fieldend|move: Electric Terrain\n|upkeep\n|turn|6\n|\n|t:|1776767800\n|move|p1b: Rice Shower|Protect|p1b: Rice Shower\n|-singleturn|p1b: Rice Shower|Protect\n|move|p1a: pipi|Life Dew|p1a: pipi|[spread] p1a,p1b\n|-heal|p1a: pipi|72/100\n|-heal|p1b: Rice Shower|48/100\n|move|p2b: Calyrex|Glacial Lance|p1b: Rice Shower|[spread] p1a\n|-activate|p1b: Rice Shower|move: Protect\n|-damage|p1a: pipi|21/100\n|move|p2a: Incineroar|Knock Off|p1a: pipi\n|-resisted|p1a: pipi\n|-damage|p1a: pipi|9/100\n|-enditem|p1a: pipi|Eviolite|[from] move: Knock Off|[of] p2a: Incineroar\n|\n|upkeep\n|turn|7\n|\n|t:|1776767817\n|move|p1a: pipi|Life Dew|p1a: pipi|[spread] p1a,p1b\n|-heal|p1a: pipi|35/100\n|-heal|p1b: Rice Shower|73/100\n|move|p2b: Calyrex|Glacial Lance|p1b: Rice Shower|[spread] p1a,p1b\n|-damage|p1a: pipi|0 fnt\n|-damage|p1b: Rice Shower|27/100\n|faint|p1a: pipi\n|-ability|p2b: Calyrex|Chilling Neigh|boost\n|-boost|p2b: Calyrex|atk|1\n|move|p2a: Incineroar|Flare Blitz|p1b: Rice Shower\n|-damage|p1b: Rice Shower|0 fnt\n|faint|p1b: Rice Shower\n|-damage|p2a: Incineroar|55/100|[from] Recoil\n|\n|upkeep\n|-message|TheManOfSausage forfeited.\n|\n|win|yishiyishi\n|raw|TheManOfSausage's rating: 1618 &rarr; <strong>1599</strong><br />(-19 for losing)\n|raw|yishiyishi's rating: 1630 &rarr; <strong>1649</strong><br />(+19 for winning)\n|l|\u2606TheManOfSausage\n|player|p1|\n|l|\u2606yishiyishi\n|player|p2|\n","uploadtime":1776768037,"views":17,"formatid":"gen9vgc2026regi","rating":1599,"private":0,"password":null}