{"id":"gen9vgc2026regi-2559967822","format":"[Gen 9] VGC 2026 Reg I","players":["Hallzy17","It'sJustKen VGC"],"log":"|j|\u2606Hallzy17\n|j|\u2606It'sJustKen VGC\n|t:|1773629661\n|gametype|doubles\n|player|p1|Hallzy17|169|1197\n|player|p2|It'sJustKen VGC|102|1288\n|gen|9\n|tier|[Gen 9] VGC 2026 Reg I\n|rated|\n|rule|Species Clause: Limit one of each Pok\u00e9mon\n|rule|Item Clause: Limit 1 of each item\n|clearpoke\n|poke|p1|Calyrex-Ice, L50|\n|poke|p1|Miraidon, L50|\n|poke|p1|Grimmsnarl, L50, M|\n|poke|p1|Urshifu-*, L50, F|\n|poke|p1|Incineroar, L50, F|\n|poke|p1|Landorus, L50, M|\n|poke|p2|Miraidon, L50|\n|poke|p2|Oranguru, L50, F|\n|poke|p2|Iron Hands, L50|\n|poke|p2|Clefairy, L50, M|\n|poke|p2|Incineroar, L50, M|\n|poke|p2|Calyrex-Shadow, L50|\n|teampreview|4\n|inactive|Battle timer is ON: inactive players will automatically lose when time's up. (requested by It'sJustKen VGC)\n|inactive|It'sJustKen VGC has 60 seconds left.\n|inactive|It'sJustKen VGC has 30 seconds left.\n|\n|t:|1773629722\n|teamsize|p1|4\n|teamsize|p2|4\n|start\n|switch|p1a: Incineroar|Incineroar, L50, F|100/100\n|switch|p1b: Landorus|Landorus, L50, M|100/100\n|switch|p2a: Miraidon|Miraidon, L50, shiny|100/100\n|switch|p2b: Oranguru|Oranguru, L50, F|100/100\n|-fieldstart|move: Electric Terrain|[from] ability: Hadron Engine|[of] p2a: Miraidon\n|-enditem|p2a: Miraidon|Electric Seed\n|-boost|p2a: Miraidon|def|1|[from] item: Electric Seed\n|-activate|p2b: Oranguru|ability: Symbiosis|Covert Cloak|[of] p2a: Miraidon\n|-ability|p1a: Incineroar|Intimidate|boost\n|-unboost|p2a: Miraidon|atk|1\n|-unboost|p2b: Oranguru|atk|1\n|turn|1\n|inactive|Hallzy17 has 30 seconds left.\n|inactive|Hallzy17 has 20 seconds left.\n|inactive|Hallzy17 has 15 seconds left.\n|\n|t:|1773629763\n|move|p2a: Miraidon|Protect|p2a: Miraidon\n|-singleturn|p2a: Miraidon|Protect\n|move|p1b: Landorus|Protect|p1b: Landorus\n|-singleturn|p1b: Landorus|Protect\n|move|p1a: Incineroar|U-turn|p2a: Miraidon\n|-activate|p2a: Miraidon|move: Protect\n|move|p2b: Oranguru|Light Screen|p2b: Oranguru\n|-sidestart|p2: It'sJustKen VGC|move: Light Screen\n|\n|upkeep\n|turn|2\n|inactive|Hallzy17 has 30 seconds left.\n|\n|t:|1773629793\n|switch|p1b: Urshifu|Urshifu-Rapid-Strike, L50, F|100/100\n|-terastallize|p2a: Miraidon|Electric\n|move|p2a: Miraidon|Calm Mind|p2a: Miraidon\n|-boost|p2a: Miraidon|spa|1\n|-boost|p2a: Miraidon|spd|1\n|move|p1a: Incineroar|Knock Off|p2a: Miraidon\n|-damage|p2a: Miraidon|80/100\n|-enditem|p2a: Miraidon|Covert Cloak|[from] move: Knock Off|[of] p1a: Incineroar\n|move|p2b: Oranguru|Instruct|p2a: Miraidon\n|-singleturn|p2a: Miraidon|move: Instruct|[of] p2b: Oranguru\n|move|p2a: Miraidon|Calm Mind|p2a: Miraidon\n|-boost|p2a: Miraidon|spa|1\n|-boost|p2a: Miraidon|spd|1\n|\n|upkeep\n|turn|3\n|inactive|Hallzy17 has 30 seconds left.\n|\n|t:|1773629819\n|switch|p1b: Landorus|Landorus, L50, M|100/100\n|move|p2a: Miraidon|Parabolic Charge|p1b: Landorus|[spread] p2b,p1a\n|-immune|p1b: Landorus\n|-damage|p2b: Oranguru|44/100\n|-heal|p2a: Miraidon|100/100|[from] drain|[of] p2b: Oranguru\n|-damage|p1a: Incineroar|23/100\n|move|p1a: Incineroar|U-turn|p2a: Miraidon\n|-damage|p2a: Miraidon|91/100\n|\n|t:|1773629832\n|switch|p1a: Miraidon|Miraidon, L50|100/100|[from] U-turn\n|-activate|p1a: Miraidon|ability: Hadron Engine\n|move|p2b: Oranguru|Instruct|p2a: Miraidon\n|-singleturn|p2a: Miraidon|move: Instruct|[of] p2b: Oranguru\n|move|p2a: Miraidon|Parabolic Charge|p1a: Miraidon|[spread] p2b,p1a\n|-immune|p1b: Landorus\n|-resisted|p1a: Miraidon\n|-damage|p2b: Oranguru|0 fnt\n|-heal|p2a: Miraidon|100/100|[from] drain|[of] p2b: Oranguru\n|-damage|p1a: Miraidon|79/100\n|faint|p2b: Oranguru\n|\n|upkeep\n|\n|t:|1773629856\n|switch|p2b: Iron Hands|Iron Hands, L50|100/100\n|-activate|p2b: Iron Hands|ability: Quark Drive\n|-start|p2b: Iron Hands|quarkdriveatk\n|turn|4\n|\n|t:|1773629871\n|move|p2b: Iron Hands|Fake Out|p1a: Miraidon\n|-crit|p1a: Miraidon\n|-damage|p1a: Miraidon|55/100\n|cant|p1a: Miraidon|flinch\n|move|p2a: Miraidon|Dragon Pulse|p1b: Landorus\n|-damage|p1b: Landorus|0 fnt\n|faint|p1b: Landorus\n|\n|upkeep\n|\n|t:|1773629880\n|switch|p1b: Incineroar|Incineroar, L50, F|23/100\n|-ability|p1b: Incineroar|Intimidate|boost\n|-unboost|p2a: Miraidon|atk|1\n|-unboost|p2b: Iron Hands|atk|1\n|turn|5\n|\n|t:|1773629903\n|-end|p2b: Iron Hands|Quark Drive|[silent]\n|switch|p2b: Incineroar|Incineroar, L50, M|100/100\n|-ability|p2b: Incineroar|Intimidate|boost\n|-unboost|p1a: Miraidon|atk|1\n|-unboost|p1b: Incineroar|atk|1\n|-terastallize|p1a: Miraidon|Fairy\n|move|p2a: Miraidon|Protect|p2a: Miraidon\n|-singleturn|p2a: Miraidon|Protect\n|move|p1b: Incineroar|Fake Out|p2a: Miraidon\n|-activate|p2a: Miraidon|move: Protect\n|move|p1a: Miraidon|Dazzling Gleam|p2b: Incineroar|[spread] p2b\n|-activate|p2a: Miraidon|move: Protect\n|-damage|p2b: Incineroar|69/100\n|\n|-sideend|p2: It'sJustKen VGC|move: Light Screen\n|-fieldend|move: Electric Terrain\n|upkeep\n|turn|6\n|-message|Hallzy17 forfeited.\n|\n|win|It'sJustKen VGC\n|raw|Hallzy17's rating: 1197 &rarr; <strong>1178</strong><br />(-19 for losing)\n|raw|It&apos;sJustKen VGC's rating: 1288 &rarr; <strong>1307</strong><br />(+19 for winning)\n|l|\u2606Hallzy17\n|player|p1|\n","uploadtime":1773629929,"views":10,"formatid":"gen9vgc2026regi","rating":1178,"private":0,"password":null}