{"id":"gen9vgc2026regi-2518498125","format":"[Gen 9] VGC 2026 Reg I","players":["blackred123\u5415\u5e03\u4fa0","ft_future"],"log":"|j|\u2606blackred123\u5415\u5e03\u4fa0\n|j|\u2606ft_future\n|t:|1768398133\n|gametype|doubles\n|player|p1|blackred123\u5415\u5e03\u4fa0|iono-masters|1356\n|player|p2|ft_future|turo-ai|1336\n|gen|9\n|tier|[Gen 9] VGC 2026 Reg I\n|rated|\n|rule|Species Clause: Limit one of each Pok\u00e9mon\n|rule|Item Clause: Limit 1 of each item\n|clearpoke\n|poke|p1|Calyrex-Shadow, L50|\n|poke|p1|Koraidon, L50|\n|poke|p1|Chi-Yu, L50|\n|poke|p1|Tornadus, L50, M|\n|poke|p1|Indeedee-F, L50, F|\n|poke|p1|Smeargle, L50, F|\n|poke|p2|Calyrex-Shadow, L50|\n|poke|p2|Terapagos, L50, M|\n|poke|p2|Iron Hands, L50|\n|poke|p2|Chi-Yu, L50|\n|poke|p2|Smeargle, L50, F|\n|poke|p2|Whimsicott, L50, M|\n|teampreview|4\n|inactive|Battle timer is ON: inactive players will automatically lose when time's up. (requested by blackred123\u5415\u5e03\u4fa0)\n|inactive|ft_future has 60 seconds left.\n|\n|t:|1768398188\n|teamsize|p1|4\n|teamsize|p2|4\n|start\n|switch|p1a: \u9a6c\u6b7b\u4e86|Calyrex-Shadow, L50|100/100\n|switch|p1b: \u5c0f\u7b14\u7ea2\u80bf|Smeargle, L50, F, shiny|100/100\n|switch|p2a: mischeif|Whimsicott, L50, M, shiny|100/100\n|switch|p2b: HONSE|Calyrex-Shadow, L50|100/100\n|-ability|p2b: HONSE|As One\n|-ability|p2b: HONSE|Unnerve\n|-ability|p1a: \u9a6c\u6b7b\u4e86|As One\n|-ability|p1a: \u9a6c\u6b7b\u4e86|Unnerve\n|turn|1\n|\n|t:|1768398210\n|-terastallize|p2b: HONSE|Dark\n|move|p1b: \u5c0f\u7b14\u7ea2\u80bf|Wide Guard|p1b: \u5c0f\u7b14\u7ea2\u80bf\n|-singleturn|p1b: \u5c0f\u7b14\u7ea2\u80bf|Wide Guard\n|move|p2a: mischeif|Taunt|p1b: \u5c0f\u7b14\u7ea2\u80bf\n|-start|p1b: \u5c0f\u7b14\u7ea2\u80bf|move: Taunt\n|move|p2b: HONSE|Nasty Plot|p2b: HONSE\n|-boost|p2b: HONSE|spa|2\n|move|p1a: \u9a6c\u6b7b\u4e86|Astral Barrage|p2b: HONSE|[spread] p2a,p2b\n|-resisted|p2b: HONSE\n|-damage|p2a: mischeif|0 fnt\n|-damage|p2b: HONSE|59/100\n|faint|p2a: mischeif\n|-ability|p1a: \u9a6c\u6b7b\u4e86|Grim Neigh|boost\n|-boost|p1a: \u9a6c\u6b7b\u4e86|spa|1\n|\n|-ability|p1b: \u5c0f\u7b14\u7ea2\u80bf|Moody|boost\n|-boost|p1b: \u5c0f\u7b14\u7ea2\u80bf|spd|2\n|-unboost|p1b: \u5c0f\u7b14\u7ea2\u80bf|atk|1\n|upkeep\n|\n|t:|1768398221\n|switch|p2a: 1/4 Sushi|Chi-Yu, L50|100/100\n|-ability|p2a: 1/4 Sushi|Beads of Ruin\n|turn|2\n|\n|t:|1768398244\n|switch|p1a: \u7d2b\u5c3e\u723d\u98de|Tornadus, L50, M, shiny|100/100\n|switch|p1b: \u4f60\u6731\u5417|Koraidon, L50, shiny|100/100\n|-weather|SunnyDay|[from] ability: Orichalcum Pulse|[of] p1b: \u4f60\u6731\u5417\n|-activate|p1b: \u4f60\u6731\u5417|Orichalcum Pulse|[source]\n|move|p2a: 1/4 Sushi|Dark Pulse|p1a: \u7d2b\u5c3e\u723d\u98de\n|-damage|p1a: \u7d2b\u5c3e\u723d\u98de|28/100\n|move|p2b: HONSE|Psychic|p1b: \u4f60\u6731\u5417\n|-supereffective|p1b: \u4f60\u6731\u5417\n|-damage|p1b: \u4f60\u6731\u5417|0 fnt\n|faint|p1b: \u4f60\u6731\u5417\n|-ability|p2b: HONSE|Grim Neigh|boost\n|-boost|p2b: HONSE|spa|1\n|-damage|p2b: HONSE|49/100|[from] item: Life Orb\n|\n|-weather|SunnyDay|[upkeep]\n|upkeep\n|\n|t:|1768398256\n|switch|p1b: \u5c0f\u7b14\u7ea2\u80bf|Smeargle, L50, F, shiny|100/100\n|turn|3\n|\n|t:|1768398280\n|move|p2b: HONSE|Protect|p2b: HONSE\n|-singleturn|p2b: HONSE|Protect\n|move|p1a: \u7d2b\u5c3e\u723d\u98de|Tailwind|p1a: \u7d2b\u5c3e\u723d\u98de\n|-sidestart|p1: blackred123\u5415\u5e03\u4fa0|move: Tailwind\n|move|p1b: \u5c0f\u7b14\u7ea2\u80bf|Spore|p2a: 1/4 Sushi\n|-status|p2a: 1/4 Sushi|slp|[from] move: Spore\n|cant|p2a: 1/4 Sushi|slp\n|\n|-weather|SunnyDay|[upkeep]\n|-ability|p1b: \u5c0f\u7b14\u7ea2\u80bf|Moody|boost\n|-boost|p1b: \u5c0f\u7b14\u7ea2\u80bf|spa|2\n|-unboost|p1b: \u5c0f\u7b14\u7ea2\u80bf|def|1\n|upkeep\n|turn|4\n|\n|t:|1768398301\n|move|p1a: \u7d2b\u5c3e\u723d\u98de|Bleakwind Storm|p2b: HONSE|[spread] p2b\n|-miss|p1a: \u7d2b\u5c3e\u723d\u98de|p2a: 1/4 Sushi\n|-damage|p2b: HONSE|8/100\n|move|p1b: \u5c0f\u7b14\u7ea2\u80bf|Spore|p2b: HONSE\n|-status|p2b: HONSE|slp|[from] move: Spore\n|-curestatus|p2a: 1/4 Sushi|slp|[msg]\n|move|p2a: 1/4 Sushi|Dark Pulse|p1b: \u5c0f\u7b14\u7ea2\u80bf\n|-enditem|p1b: \u5c0f\u7b14\u7ea2\u80bf|Focus Sash\n|-damage|p1b: \u5c0f\u7b14\u7ea2\u80bf|1/100\n|cant|p2b: HONSE|slp\n|\n|-weather|SunnyDay|[upkeep]\n|-ability|p1b: \u5c0f\u7b14\u7ea2\u80bf|Moody|boost\n|-boost|p1b: \u5c0f\u7b14\u7ea2\u80bf|spd|2\n|-unboost|p1b: \u5c0f\u7b14\u7ea2\u80bf|spe|1\n|upkeep\n|turn|5\n|\n|t:|1768398311\n|switch|p1a: \u9a6c\u6b7b\u4e86|Calyrex-Shadow, L50|100/100\n|-ability|p1a: \u9a6c\u6b7b\u4e86|As One\n|-ability|p1a: \u9a6c\u6b7b\u4e86|Unnerve\n|cant|p2b: HONSE|slp\n|move|p2a: 1/4 Sushi|Dark Pulse|p1a: \u9a6c\u6b7b\u4e86\n|-supereffective|p1a: \u9a6c\u6b7b\u4e86\n|-damage|p1a: \u9a6c\u6b7b\u4e86|0 fnt\n|faint|p1a: \u9a6c\u6b7b\u4e86\n|move|p1b: \u5c0f\u7b14\u7ea2\u80bf|Spore|p2a: 1/4 Sushi\n|-status|p2a: 1/4 Sushi|slp|[from] move: Spore\n|\n|-weather|SunnyDay|[upkeep]\n|-ability|p1b: \u5c0f\u7b14\u7ea2\u80bf|Moody|boost\n|-boost|p1b: \u5c0f\u7b14\u7ea2\u80bf|def|2\n|-unboost|p1b: \u5c0f\u7b14\u7ea2\u80bf|spe|1\n|upkeep\n|\n|t:|1768398320\n|switch|p1a: \u7d2b\u5c3e\u723d\u98de|Tornadus, L50, M, shiny|28/100\n|turn|6\n|\n|t:|1768398332\n|move|p1a: \u7d2b\u5c3e\u723d\u98de|Bleakwind Storm|p2b: HONSE|[spread] p2a,p2b\n|-damage|p2a: 1/4 Sushi|66/100 slp\n|-damage|p2b: HONSE|0 fnt\n|faint|p2b: HONSE\n|cant|p2a: 1/4 Sushi|slp\n|move|p1b: \u5c0f\u7b14\u7ea2\u80bf|Spore|p2a: 1/4 Sushi\n|-fail|p2a: 1/4 Sushi|slp\n|\n|-weather|none\n|-sideend|p1: blackred123\u5415\u5e03\u4fa0|move: Tailwind\n|-ability|p1b: \u5c0f\u7b14\u7ea2\u80bf|Moody|boost\n|-boost|p1b: \u5c0f\u7b14\u7ea2\u80bf|atk|2\n|-unboost|p1b: \u5c0f\u7b14\u7ea2\u80bf|def|1\n|upkeep\n|\n|t:|1768398335\n|switch|p2b: Terapagos|Terapagos, L50, M|100/100\n|-activate|p2b: Terapagos|ability: Tera Shift\n|detailschange|p2b: Terapagos|Terapagos-Terastal, L50, M\n|-heal|p2b: Terapagos|100/100|[silent]\n|turn|7\n|j| shihevlpsu9\n|\n|t:|1768398353\n|move|p1a: \u7d2b\u5c3e\u723d\u98de|Tailwind|p1a: \u7d2b\u5c3e\u723d\u98de\n|-sidestart|p1: blackred123\u5415\u5e03\u4fa0|move: Tailwind\n|-curestatus|p2a: 1/4 Sushi|slp|[msg]\n|move|p2a: 1/4 Sushi|Dark Pulse|p1b: \u5c0f\u7b14\u7ea2\u80bf\n|-damage|p1b: \u5c0f\u7b14\u7ea2\u80bf|0 fnt\n|faint|p1b: \u5c0f\u7b14\u7ea2\u80bf\n|move|p2b: Terapagos|Tera Starstorm|p1a: \u7d2b\u5c3e\u723d\u98de\n|-damage|p1a: \u7d2b\u5c3e\u723d\u98de|0 fnt\n|faint|p1a: \u7d2b\u5c3e\u723d\u98de\n|\n|win|ft_future\n|raw|blackred123\u5415\u5e03\u4fa0's rating: 1356 &rarr; <strong>1335</strong><br />(-21 for losing)\n|raw|ft_future's rating: 1336 &rarr; <strong>1357</strong><br />(+21 for winning)\n|l|\u2606blackred123\u5415\u5e03\u4fa0\n|player|p1|\n|l|\u2606ft_future\n|player|p2|\n|l| shihevlpsu9\n","uploadtime":1768398539,"views":12,"formatid":"gen9vgc2026regi","rating":1335,"private":0,"password":null}