{"id":"gen9vgc2026regi-2515045625","format":"[Gen 9] VGC 2026 Reg I","players":["nafffff","alexit93"],"log":"|j|\u2606nafffff\n|j|\u2606alexit93\n|t:|1767942529\n|gametype|doubles\n|player|p1|nafffff|266|1055\n|player|p2|alexit93|lucas-gen4pt|1134\n|gen|9\n|tier|[Gen 9] VGC 2026 Reg I\n|rated|\n|rule|Species Clause: Limit one of each Pok\u00e9mon\n|rule|Item Clause: Limit 1 of each item\n|clearpoke\n|poke|p1|Calyrex-Ice, L50|\n|poke|p1|Annihilape, L50, M|\n|poke|p1|Smeargle, L50, F|\n|poke|p1|Farigiraf, L50, F|\n|poke|p1|Torkoal, L50, M|\n|poke|p1|Incineroar, L50, M|\n|poke|p2|Zamazenta-*, L50|\n|poke|p2|Riolu, L50, F|\n|poke|p2|Calyrex-Ice, L50|\n|poke|p2|Rillaboom, L50, M|\n|poke|p2|Incineroar, L50, F|\n|poke|p2|Urshifu-*, L50, F|\n|teampreview|4\n|inactive|Battle timer is ON: inactive players will automatically lose when time's up. (requested by alexit93)\n|\n|t:|1767942574\n|teamsize|p1|4\n|teamsize|p2|4\n|start\n|switch|p1a: Annihilape|Annihilape, L50, M|100/100\n|switch|p1b: Incineroar|Incineroar, L50, M|100/100\n|switch|p2a: Riolu|Riolu, L50, F|100/100\n|switch|p2b: Urshifu|Urshifu-Rapid-Strike, L50, F|100/100\n|-ability|p1b: Incineroar|Intimidate|boost\n|-unboost|p2a: Riolu|atk|1\n|-unboost|p2b: Urshifu|atk|1\n|turn|1\n|\n|t:|1767942595\n|-terastallize|p2b: Urshifu|Water\n|move|p2a: Riolu|Quick Guard|p2a: Riolu\n|-singleturn|p2a: Riolu|Quick Guard\n|move|p2b: Urshifu|Surging Strikes|p1b: Incineroar\n|-supereffective|p1b: Incineroar\n|-crit|p1b: Incineroar\n|-damage|p1b: Incineroar|53/100\n|-supereffective|p1b: Incineroar\n|-crit|p1b: Incineroar\n|-damage|p1b: Incineroar|11/100\n|-supereffective|p1b: Incineroar\n|-crit|p1b: Incineroar\n|-damage|p1b: Incineroar|0 fnt\n|faint|p1b: Incineroar\n|-hitcount|p1: Incineroar|3\n|move|p1a: Annihilape|Final Gambit|p2b: Urshifu\n|-damage|p2b: Urshifu|0 fnt\n|faint|p1a: Annihilape\n|faint|p2b: Urshifu\n|\n|upkeep\n|\n|t:|1767942620\n|switch|p2b: Zamazenta|Zamazenta-Crowned, L50, shiny|100/100\n|switch|p1a: Torkoal|Torkoal, L50, M|100/100\n|switch|p1b: Calyrex|Calyrex-Ice, L50|100/100\n|-ability|p1b: Calyrex|As One\n|-ability|p1b: Calyrex|Unnerve\n|-ability|p2b: Zamazenta|Dauntless Shield|boost\n|-boost|p2b: Zamazenta|def|1\n|-weather|SunnyDay|[from] ability: Drought|[of] p1a: Torkoal\n|turn|2\n|inactive|nafffff has 30 seconds left.\n|\n|t:|1767942647\n|-terastallize|p1b: Calyrex|Dragon\n|move|p2a: Riolu|Rain Dance|p2a: Riolu\n|-weather|RainDance\n|move|p2b: Zamazenta|Body Press|p1a: Torkoal\n|-damage|p1a: Torkoal|42/100\n|move|p1a: Torkoal|Weather Ball|p2a: Riolu\n|-damage|p2a: Riolu|30/100\n|move|p1b: Calyrex|Trick Room|p1b: Calyrex\n|-fieldstart|move: Trick Room|[of] p1b: Calyrex\n|\n|-weather|RainDance|[upkeep]\n|upkeep\n|turn|3\n|\n|t:|1767942667\n|move|p2b: Zamazenta|Protect|p2b: Zamazenta\n|-singleturn|p2b: Zamazenta|Protect\n|move|p2a: Riolu|Coaching|p2b: Zamazenta\n|-boost|p2b: Zamazenta|atk|1\n|-boost|p2b: Zamazenta|def|1\n|move|p1a: Torkoal|Weather Ball|p2b: Zamazenta\n|-activate|p2b: Zamazenta|move: Protect\n|move|p1b: Calyrex|Glacial Lance|p2b: Zamazenta|[spread] p2a\n|-activate|p2b: Zamazenta|move: Protect\n|-damage|p2a: Riolu|0 fnt\n|faint|p2a: Riolu\n|-ability|p1b: Calyrex|Chilling Neigh|boost\n|-boost|p1b: Calyrex|atk|1\n|\n|-weather|RainDance|[upkeep]\n|upkeep\n|\n|t:|1767942675\n|switch|p2a: Calyrex|Calyrex-Ice, L50|100/100\n|-ability|p2a: Calyrex|As One\n|-ability|p2a: Calyrex|Unnerve\n|turn|4\n|\n|t:|1767942694\n|move|p1a: Torkoal|Weather Ball|p2a: Calyrex\n|-damage|p2a: Calyrex|57/100\n|move|p2a: Calyrex|Glacial Lance|p1b: Calyrex|[spread] p1a,p1b\n|-resisted|p1a: Torkoal\n|-supereffective|p1b: Calyrex\n|-damage|p1a: Torkoal|19/100\n|-damage|p1b: Calyrex|27/100\n|move|p1b: Calyrex|Glacial Lance|p2a: Calyrex|[spread] p2a,p2b\n|-resisted|p2a: Calyrex\n|-resisted|p2b: Zamazenta\n|-damage|p2a: Calyrex|33/100\n|-damage|p2b: Zamazenta|88/100\n|move|p2b: Zamazenta|Body Press|p1a: Torkoal\n|-damage|p1a: Torkoal|0 fnt\n|faint|p1a: Torkoal\n|\n|-weather|RainDance|[upkeep]\n|upkeep\n|turn|5\n|\n|t:|1767942719\n|move|p2a: Calyrex|Glacial Lance|p1b: Calyrex\n|-supereffective|p1b: Calyrex\n|-damage|p1b: Calyrex|0 fnt\n|faint|p1b: Calyrex\n|\n|win|alexit93\n|raw|nafffff's rating: 1055 &rarr; <strong>1041</strong><br />(-14 for losing)\n|raw|alexit93's rating: 1134 &rarr; <strong>1153</strong><br />(+19 for winning)\n|l|\u2606nafffff\n|player|p1|\n|l|\u2606alexit93\n|player|p2|\n","uploadtime":1767943039,"views":13,"formatid":"gen9vgc2026regi","rating":1041,"private":0,"password":null}