{"id":"gen9vgc2026regi-2578013271","format":"[Gen 9] VGC 2026 Reg I","players":["trnanirheda","fogdocker"],"log":"|j|\u2606trnanirheda\n|j|\u2606fogdocker\n|t:|1775635484\n|gametype|doubles\n|player|p1|trnanirheda|hilda|1363\n|player|p2|fogdocker|170|1537\n|gen|9\n|tier|[Gen 9] VGC 2026 Reg I\n|rated|\n|rule|Species Clause: Limit one of each Pok\u00e9mon\n|rule|Item Clause: Limit 1 of each item\n|clearpoke\n|poke|p1|Calyrex-Shadow, L50|\n|poke|p1|Zamazenta-*, L50|\n|poke|p1|Raging Bolt, L50|\n|poke|p1|Rillaboom, L50, F|\n|poke|p1|Tornadus, L50, M|\n|poke|p1|Smeargle, L50, M|\n|poke|p2|Calyrex-Ice, L50|\n|poke|p2|Koraidon, L50|\n|poke|p2|Flutter Mane, L50|\n|poke|p2|Incineroar, L50, F|\n|poke|p2|Rillaboom, L50, F|\n|poke|p2|Volcarona, L50, M|\n|teampreview|4\n|\n|t:|1775635540\n|teamsize|p1|4\n|teamsize|p2|4\n|start\n|switch|p1a: Raging Bolt|Raging Bolt, L50|100/100\n|switch|p1b: Smeargle|Smeargle, L50, M|100/100\n|switch|p2a: Koraidon|Koraidon, L50|100/100\n|switch|p2b: Flutter Mane|Flutter Mane, L50|100/100\n|-weather|SunnyDay|[from] ability: Orichalcum Pulse|[of] p2a: Koraidon\n|-activate|p2b: Flutter Mane|ability: Protosynthesis\n|-start|p2b: Flutter Mane|protosynthesisspe\n|-activate|p1a: Raging Bolt|ability: Protosynthesis\n|-start|p1a: Raging Bolt|protosynthesisspa\n|-activate|p2a: Koraidon|Orichalcum Pulse|[source]\n|turn|1\n|inactive|Battle timer is ON: inactive players will automatically lose when time's up. (requested by trnanirheda)\n|inactive|trnanirheda has 60 seconds left.\n|inactive|trnanirheda has 30 seconds left.\n|inactive|trnanirheda has 20 seconds left.\n|inactive|trnanirheda has 15 seconds left.\n|inactive|trnanirheda has 10 seconds left.\n|inactive|trnanirheda has 5 seconds left.\n|\n|t:|1775635628\n|switch|p2a: Volcarona|Volcarona, L50, M|100/100\n|-terastallize|p1a: Raging Bolt|Electric\n|move|p2b: Flutter Mane|Protect|p2b: Flutter Mane\n|-singleturn|p2b: Flutter Mane|Protect\n|move|p1a: Raging Bolt|Thunderclap||[still]\n|-fail|p1a: Raging Bolt\n|move|p1b: Smeargle|Spore|p2a: Volcarona\n|-status|p2a: Volcarona|slp|[from] move: Spore\n|\n|-weather|SunnyDay|[upkeep]\n|-ability|p1b: Smeargle|Moody|boost\n|-boost|p1b: Smeargle|spd|2\n|-unboost|p1b: Smeargle|spa|1\n|upkeep\n|turn|2\n|inactive|trnanirheda has 30 seconds left.\n|inactive|fogdocker has 30 seconds left.\n|\n|t:|1775635662\n|-end|p2b: Flutter Mane|Protosynthesis|[silent]\n|switch|p2b: Incineroar|Incineroar, L50, F|100/100\n|-ability|p2b: Incineroar|Intimidate|boost\n|-unboost|p1a: Raging Bolt|atk|1\n|-unboost|p1b: Smeargle|atk|1\n|move|p1b: Smeargle|Decorate|p1a: Raging Bolt\n|-boost|p1a: Raging Bolt|atk|2\n|-boost|p1a: Raging Bolt|spa|2\n|cant|p2a: Volcarona|slp\n|move|p1a: Raging Bolt|Draco Meteor|p2a: Volcarona\n|-damage|p2a: Volcarona|0 fnt\n|-unboost|p1a: Raging Bolt|spa|2\n|faint|p2a: Volcarona\n|\n|-weather|SunnyDay|[upkeep]\n|-ability|p1b: Smeargle|Moody|boost\n|-boost|p1b: Smeargle|atk|2\n|-unboost|p1b: Smeargle|spe|1\n|upkeep\n|\n|t:|1775635673\n|switch|p2a: Koraidon|Koraidon, L50|100/100\n|-activate|p2a: Koraidon|ability: Orichalcum Pulse\n|turn|3\n|\n|t:|1775635698\n|switch|p1b: Calyrex|Calyrex-Shadow, L50|100/100\n|-ability|p1b: Calyrex|As One\n|-ability|p1b: Calyrex|Unnerve\n|move|p1a: Raging Bolt|Protect|p1a: Raging Bolt\n|-singleturn|p1a: Raging Bolt|Protect\n|move|p2b: Incineroar|Fake Out|p1b: Calyrex\n|-immune|p1b: Calyrex\n|move|p2a: Koraidon|Flame Charge|p1b: Calyrex\n|-damage|p1b: Calyrex|54/100\n|-boost|p2a: Koraidon|spe|1\n|-damage|p2a: Koraidon|91/100|[from] item: Life Orb\n|\n|-weather|SunnyDay|[upkeep]\n|upkeep\n|turn|4\n|inactive|trnanirheda has 30 seconds left.\n|inactive|fogdocker has 30 seconds left.\n|\n|t:|1775635730\n|-terastallize|p2a: Koraidon|Fire\n|move|p1b: Calyrex|Protect|p1b: Calyrex\n|-singleturn|p1b: Calyrex|Protect\n|move|p2a: Koraidon|Flare Blitz|p1a: Raging Bolt\n|-damage|p1a: Raging Bolt|0 fnt\n|faint|p1a: Raging Bolt\n|-end|p1a: Raging Bolt|Protosynthesis|[silent]\n|-damage|p2a: Koraidon|48/100|[from] Recoil\n|-damage|p2a: Koraidon|39/100|[from] item: Life Orb\n|move|p2b: Incineroar|Knock Off|p1b: Calyrex\n|-activate|p1b: Calyrex|move: Protect\n|\n|-weather|SunnyDay|[upkeep]\n|upkeep\n|\n|t:|1775635746\n|switch|p1a: Smeargle|Smeargle, L50, M|100/100\n|turn|5\n|\n|t:|1775635763\n|move|p2a: Koraidon|Protect|p2a: Koraidon\n|-singleturn|p2a: Koraidon|Protect\n|move|p1a: Smeargle|Follow Me|p1a: Smeargle\n|-singleturn|p1a: Smeargle|move: Follow Me\n|move|p1b: Calyrex|Astral Barrage|p2b: Incineroar|[spread] p2b\n|-activate|p2a: Koraidon|move: Protect\n|-resisted|p2b: Incineroar\n|-damage|p2b: Incineroar|68/100\n|-damage|p1b: Calyrex|44/100|[from] item: Life Orb\n|move|p2b: Incineroar|Knock Off|p1a: Smeargle\n|-damage|p1a: Smeargle|36/100\n|-enditem|p1a: Smeargle|Focus Sash|[from] move: Knock Off|[of] p2b: Incineroar\n|\n|-weather|none\n|-ability|p1a: Smeargle|Moody|boost\n|-boost|p1a: Smeargle|spa|2\n|-unboost|p1a: Smeargle|def|1\n|upkeep\n|turn|6\n|\n|t:|1775635789\n|switch|p2a: Flutter Mane|Flutter Mane, L50|100/100\n|move|p1a: Smeargle|Follow Me|p1a: Smeargle\n|-singleturn|p1a: Smeargle|move: Follow Me\n|move|p1b: Calyrex|Astral Barrage|p2a: Flutter Mane|[spread] p2a,p2b\n|-supereffective|p2a: Flutter Mane\n|-resisted|p2b: Incineroar\n|-enditem|p2a: Flutter Mane|Focus Sash\n|-damage|p2a: Flutter Mane|1/100\n|-damage|p2b: Incineroar|38/100\n|-damage|p1b: Calyrex|35/100|[from] item: Life Orb\n|move|p2b: Incineroar|Knock Off|p1a: Smeargle\n|-damage|p1a: Smeargle|0 fnt\n|faint|p1a: Smeargle\n|\n|upkeep\n|\n|t:|1775635806\n|switch|p1a: Zamazenta|Zamazenta-Crowned, L50|100/100\n|-ability|p1a: Zamazenta|Dauntless Shield|boost\n|-boost|p1a: Zamazenta|def|1\n|turn|7\n|\n|t:|1775635821\n|move|p1b: Calyrex|Protect|p1b: Calyrex\n|-singleturn|p1b: Calyrex|Protect\n|move|p2a: Flutter Mane|Protect|p2a: Flutter Mane\n|-singleturn|p2a: Flutter Mane|Protect\n|move|p1a: Zamazenta|Body Press|p2b: Incineroar\n|-supereffective|p2b: Incineroar\n|-damage|p2b: Incineroar|0 fnt\n|faint|p2b: Incineroar\n|\n|upkeep\n|\n|t:|1775635827\n|switch|p2b: Koraidon|Koraidon, L50, tera:Fire|39/100\n|-weather|SunnyDay|[from] ability: Orichalcum Pulse|[of] p2b: Koraidon\n|-activate|p2a: Flutter Mane|ability: Protosynthesis\n|-start|p2a: Flutter Mane|protosynthesisspe\n|-activate|p2b: Koraidon|Orichalcum Pulse|[source]\n|turn|8\n|\n|t:|1775635841\n|move|p2a: Flutter Mane|Shadow Ball|p1b: Calyrex\n|-supereffective|p1b: Calyrex\n|-damage|p1b: Calyrex|0 fnt\n|faint|p1b: Calyrex\n|move|p2b: Koraidon|Flare Blitz|p1a: Zamazenta\n|-supereffective|p1a: Zamazenta\n|-damage|p1a: Zamazenta|0 fnt\n|faint|p1a: Zamazenta\n|-damage|p2b: Koraidon|2/100|[from] Recoil\n|-damage|p2b: Koraidon|0 fnt|[from] item: Life Orb\n|faint|p2b: Koraidon\n|\n|win|fogdocker\n|raw|trnanirheda's rating: 1363 &rarr; <strong>1352</strong><br />(-11 for losing)\n|raw|fogdocker's rating: 1537 &rarr; <strong>1548</strong><br />(+11 for winning)\n|l|\u2606trnanirheda\n|player|p1|\n","uploadtime":1775635852,"views":7,"formatid":"gen9vgc2026regi","rating":1352,"private":0,"password":null}