{"id":"gen9vgc2026regi-2558150294","format":"[Gen 9] VGC 2026 Reg I","players":["YinYangM00n","BanKingambit69247"],"log":"|j|\u2606YinYangM00n\n|j|\u2606BanKingambit69247\n|t:|1773408473\n|gametype|doubles\n|player|p1|YinYangM00n|psychic-gen4|1460\n|player|p2|BanKingambit69247|169|1545\n|gen|9\n|tier|[Gen 9] VGC 2026 Reg I\n|rated|\n|rule|Species Clause: Limit one of each Pok\u00e9mon\n|rule|Item Clause: Limit 1 of each item\n|clearpoke\n|poke|p1|Calyrex-Ice, L50|\n|poke|p1|Miraidon, L50|\n|poke|p1|Incineroar, L50, F|\n|poke|p1|Farigiraf, L50, F|\n|poke|p1|Amoonguss, L50, F|\n|poke|p1|Pelipper, L50, F|\n|poke|p2|Calyrex-Shadow, L50|\n|poke|p2|Zamazenta-*, L50|\n|poke|p2|Chien-Pao, L50|\n|poke|p2|Smeargle, L50, F|\n|poke|p2|Tatsugiri-Droopy, L50, F|\n|poke|p2|Dondozo, L50, M|\n|teampreview|4\n|inactive|Battle timer is ON: inactive players will automatically lose when time's up. (requested by YinYangM00n)\n|inactive|YinYangM00n has 60 seconds left.\n|inactive|BanKingambit69247 has 60 seconds left.\n|inactive|BanKingambit69247 has 30 seconds left.\n|\n|t:|1773408539\n|teamsize|p1|4\n|teamsize|p2|4\n|start\n|switch|p1a: Incineroar|Incineroar, L50, F|100/100\n|switch|p1b: Miraidon|Miraidon, L50|100/100\n|switch|p2a: \u6211\u5927\u54e5|Smeargle, L50, F|100/100\n|switch|p2b: \u8bf6\u4f60\u600e\u4e48\u6b7b\u4e86?\u267f\u267f\u267f|Calyrex-Shadow, L50|100/100\n|-ability|p2b: \u8bf6\u4f60\u600e\u4e48\u6b7b\u4e86?\u267f\u267f\u267f|As One\n|-ability|p2b: \u8bf6\u4f60\u600e\u4e48\u6b7b\u4e86?\u267f\u267f\u267f|Unnerve\n|-fieldstart|move: Electric Terrain|[from] ability: Hadron Engine|[of] p1b: Miraidon\n|-ability|p1a: Incineroar|Intimidate|boost\n|-unboost|p2a: \u6211\u5927\u54e5|atk|1\n|-unboost|p2b: \u8bf6\u4f60\u600e\u4e48\u6b7b\u4e86?\u267f\u267f\u267f|atk|1\n|turn|1\n|\n|t:|1773408551\n|-terastallize|p2b: \u8bf6\u4f60\u600e\u4e48\u6b7b\u4e86?\u267f\u267f\u267f|Ghost\n|-terastallize|p1b: Miraidon|Fairy\n|move|p2a: \u6211\u5927\u54e5|Fake Out|p1b: Miraidon\n|-damage|p1b: Miraidon|92/100\n|move|p1a: Incineroar|Fake Out|p2a: \u6211\u5927\u54e5\n|-damage|p2a: \u6211\u5927\u54e5|68/100\n|move|p2b: \u8bf6\u4f60\u600e\u4e48\u6b7b\u4e86?\u267f\u267f\u267f|Astral Barrage|p1a: Incineroar|[spread] p1a,p1b\n|-resisted|p1a: Incineroar\n|-damage|p1a: Incineroar|50/100\n|-damage|p1b: Miraidon|0 fnt\n|faint|p1b: Miraidon\n|-ability|p2b: \u8bf6\u4f60\u600e\u4e48\u6b7b\u4e86?\u267f\u267f\u267f|Grim Neigh|boost\n|-boost|p2b: \u8bf6\u4f60\u600e\u4e48\u6b7b\u4e86?\u267f\u267f\u267f|spa|1\n|\n|upkeep\n|\n|t:|1773408559\n|switch|p1b: Farigiraf|Farigiraf, L50, F|100/100\n|turn|2\n|\n|t:|1773408566\n|switch|p2a: \u9a6c\u5934\u725b\u903c\ud83d\udc36\ud83d\udc36\ud83d\udc36|Zamazenta-Crowned, L50|100/100\n|-ability|p2a: \u9a6c\u5934\u725b\u903c\ud83d\udc36\ud83d\udc36\ud83d\udc36|Dauntless Shield|boost\n|-boost|p2a: \u9a6c\u5934\u725b\u903c\ud83d\udc36\ud83d\udc36\ud83d\udc36|def|1\n|move|p2b: \u8bf6\u4f60\u600e\u4e48\u6b7b\u4e86?\u267f\u267f\u267f|Astral Barrage|p1b: Farigiraf|[spread] p1a\n|-immune|p1b: Farigiraf\n|-resisted|p1a: Incineroar\n|-damage|p1a: Incineroar|0 fnt\n|faint|p1a: Incineroar\n|-ability|p2b: \u8bf6\u4f60\u600e\u4e48\u6b7b\u4e86?\u267f\u267f\u267f|Grim Neigh|boost\n|-boost|p2b: \u8bf6\u4f60\u600e\u4e48\u6b7b\u4e86?\u267f\u267f\u267f|spa|1\n|move|p1b: Farigiraf|Trick Room|p1b: Farigiraf\n|-fieldstart|move: Trick Room|[of] p1b: Farigiraf\n|\n|upkeep\n|\n|t:|1773408571\n|switch|p1a: Calyrex|Calyrex-Ice, L50|100/100\n|-ability|p1a: Calyrex|As One\n|-ability|p1a: Calyrex|Unnerve\n|turn|3\n|\n|t:|1773408576\n|switch|p2b: \u5582\u5582\u5582?\u5582\u5582\u5582?\ud83d\udc37\ud83d\udc37\ud83d\udc37|Chien-Pao, L50|100/100\n|-ability|p2b: \u5582\u5582\u5582?\u5582\u5582\u5582?\ud83d\udc37\ud83d\udc37\ud83d\udc37|Sword of Ruin\n|move|p1b: Farigiraf|Helping Hand|p1a: Calyrex\n|-singleturn|p1a: Calyrex|Helping Hand|[of] p1b: Farigiraf\n|move|p1a: Calyrex|High Horsepower|p2b: \u5582\u5582\u5582?\u5582\u5582\u5582?\ud83d\udc37\ud83d\udc37\ud83d\udc37\n|-damage|p2b: \u5582\u5582\u5582?\u5582\u5582\u5582?\ud83d\udc37\ud83d\udc37\ud83d\udc37|21/100\n|move|p2a: \u9a6c\u5934\u725b\u903c\ud83d\udc36\ud83d\udc36\ud83d\udc36|Body Press|p1a: Calyrex\n|-damage|p1a: Calyrex|40/100\n|\n|upkeep\n|turn|4\n|\n|t:|1773408593\n|move|p1a: Calyrex|Protect|p1a: Calyrex\n|-singleturn|p1a: Calyrex|Protect\n|move|p1b: Farigiraf|Foul Play|p2b: \u5582\u5582\u5582?\u5582\u5582\u5582?\ud83d\udc37\ud83d\udc37\ud83d\udc37\n|-resisted|p2b: \u5582\u5582\u5582?\u5582\u5582\u5582?\ud83d\udc37\ud83d\udc37\ud83d\udc37\n|-damage|p2b: \u5582\u5582\u5582?\u5582\u5582\u5582?\ud83d\udc37\ud83d\udc37\ud83d\udc37|4/100\n|move|p2a: \u9a6c\u5934\u725b\u903c\ud83d\udc36\ud83d\udc36\ud83d\udc36|Body Press|p1a: Calyrex\n|-activate|p1a: Calyrex|move: Protect\n|move|p2b: \u5582\u5582\u5582?\u5582\u5582\u5582?\ud83d\udc37\ud83d\udc37\ud83d\udc37|Ruination|p1b: Farigiraf\n|-damage|p1b: Farigiraf|51/100\n|\n|upkeep\n|turn|5\n|\n|t:|1773408603\n|move|p1a: Calyrex|Glacial Lance|p2b: \u5582\u5582\u5582?\u5582\u5582\u5582?\ud83d\udc37\ud83d\udc37\ud83d\udc37|[spread] p2a,p2b\n|-resisted|p2a: \u9a6c\u5934\u725b\u903c\ud83d\udc36\ud83d\udc36\ud83d\udc36\n|-resisted|p2b: \u5582\u5582\u5582?\u5582\u5582\u5582?\ud83d\udc37\ud83d\udc37\ud83d\udc37\n|-damage|p2a: \u9a6c\u5934\u725b\u903c\ud83d\udc36\ud83d\udc36\ud83d\udc36|86/100\n|-damage|p2b: \u5582\u5582\u5582?\u5582\u5582\u5582?\ud83d\udc37\ud83d\udc37\ud83d\udc37|0 fnt\n|faint|p2b: \u5582\u5582\u5582?\u5582\u5582\u5582?\ud83d\udc37\ud83d\udc37\ud83d\udc37\n|-ability|p1a: Calyrex|Chilling Neigh|boost\n|-boost|p1a: Calyrex|atk|1\n|move|p1b: Farigiraf|Foul Play|p2a: \u9a6c\u5934\u725b\u903c\ud83d\udc36\ud83d\udc36\ud83d\udc36\n|-resisted|p2a: \u9a6c\u5934\u725b\u903c\ud83d\udc36\ud83d\udc36\ud83d\udc36\n|-damage|p2a: \u9a6c\u5934\u725b\u903c\ud83d\udc36\ud83d\udc36\ud83d\udc36|81/100\n|move|p2a: \u9a6c\u5934\u725b\u903c\ud83d\udc36\ud83d\udc36\ud83d\udc36|Body Press|p1a: Calyrex\n|-damage|p1a: Calyrex|0 fnt\n|faint|p1a: Calyrex\n|\n|-fieldend|move: Electric Terrain\n|upkeep\n|-message|YinYangM00n forfeited.\n|\n|win|BanKingambit69247\n|raw|YinYangM00n's rating: 1460 &rarr; <strong>1445</strong><br />(-15 for losing)\n|raw|BanKingambit69247's rating: 1545 &rarr; <strong>1560</strong><br />(+15 for winning)\n|l|\u2606YinYangM00n\n|player|p1|\n|l|\u2606BanKingambit69247\n|player|p2|\n","uploadtime":1773408610,"views":15,"formatid":"gen9vgc2026regi","rating":1445,"private":0,"password":null}