{"id":"gen9vgc2026regi-2560004111","format":"[Gen 9] VGC 2026 Reg I","players":["pigs2fly","Miurez"],"log":"|j|\u2606pigs2fly\n|j|\u2606Miurez\n|t:|1773634553\n|gametype|doubles\n|player|p1|pigs2fly|dexio|1475\n|player|p2|Miurez|pokemonranger-gen4|1380\n|gen|9\n|tier|[Gen 9] VGC 2026 Reg I\n|rated|\n|rule|Species Clause: Limit one of each Pok\u00e9mon\n|rule|Item Clause: Limit 1 of each item\n|clearpoke\n|poke|p1|Annihilape, L50, M|\n|poke|p1|Chien-Pao, L50|\n|poke|p1|Amoonguss, L50, M|\n|poke|p1|Roaring Moon, L50|\n|poke|p1|Zamazenta-*, L50|\n|poke|p1|Kyogre, L50|\n|poke|p2|Terapagos, L50, M|\n|poke|p2|Farigiraf, L50, M|\n|poke|p2|Ho-Oh, L50|\n|poke|p2|Sinistcha, L50|\n|poke|p2|Incineroar, L50, M|\n|poke|p2|Urshifu-*, L50, M|\n|teampreview|4\n|\n|t:|1773634580\n|teamsize|p1|4\n|teamsize|p2|4\n|start\n|switch|p1a: Kyogre|Kyogre, L50|100/100\n|switch|p1b: Zamazenta|Zamazenta-Crowned, L50, shiny|100/100\n|switch|p2a: Terapagos|Terapagos, L50, M|100/100\n|switch|p2b: Urshifu|Urshifu-Rapid-Strike, L50, M|100/100\n|-activate|p2a: Terapagos|ability: Tera Shift\n|detailschange|p2a: Terapagos|Terapagos-Terastal, L50, M\n|-heal|p2a: Terapagos|100/100|[silent]\n|-ability|p1b: Zamazenta|Dauntless Shield|boost\n|-boost|p1b: Zamazenta|def|1\n|-weather|RainDance|[from] ability: Drizzle|[of] p1a: Kyogre\n|turn|1\n|\n|t:|1773634594\n|-terastallize|p1b: Zamazenta|Grass\n|move|p2a: Terapagos|Protect|p2a: Terapagos\n|-singleturn|p2a: Terapagos|Protect\n|move|p2b: Urshifu|Close Combat|p1a: Kyogre\n|-damage|p1a: Kyogre|30/100\n|-unboost|p2b: Urshifu|def|1\n|-unboost|p2b: Urshifu|spd|1\n|move|p1b: Zamazenta|Body Press|p2a: Terapagos\n|-activate|p2a: Terapagos|move: Protect\n|move|p1a: Kyogre|Origin Pulse|p2a: Terapagos|[spread] p2b\n|-activate|p2a: Terapagos|move: Protect\n|-resisted|p2b: Urshifu\n|-damage|p2b: Urshifu|0 fnt\n|faint|p2b: Urshifu\n|\n|-weather|RainDance|[upkeep]\n|upkeep\n|\n|t:|1773634602\n|switch|p2b: Incineroar|Incineroar, L50, M, shiny|100/100\n|-ability|p2b: Incineroar|Intimidate|boost\n|-unboost|p1a: Kyogre|atk|1\n|-unboost|p1b: Zamazenta|atk|1\n|turn|2\n|\n|t:|1773634619\n|move|p2b: Incineroar|Fake Out|p1b: Zamazenta\n|-damage|p1b: Zamazenta|96/100\n|cant|p1b: Zamazenta|flinch\n|move|p1a: Kyogre|Origin Pulse|p2b: Incineroar|[spread] p2a,p2b\n|-activate|p2a: Terapagos|ability: Tera Shell\n|-resisted|p2a: Terapagos\n|-supereffective|p2b: Incineroar\n|-damage|p2a: Terapagos|55/100\n|-damage|p2b: Incineroar|0 fnt\n|faint|p2b: Incineroar\n|move|p2a: Terapagos|Calm Mind|p2a: Terapagos\n|-boost|p2a: Terapagos|spa|1\n|-boost|p2a: Terapagos|spd|1\n|\n|-weather|RainDance|[upkeep]\n|-heal|p2a: Terapagos|61/100|[from] item: Leftovers\n|upkeep\n|\n|t:|1773634630\n|switch|p2b: Sinistcha|Sinistcha, L50|100/100\n|-heal|p2a: Terapagos|86/100|[from] ability: Hospitality|[of] p2b: Sinistcha\n|turn|3\n|\n|t:|1773634642\n|-terastallize|p2a: Terapagos|Stellar\n|detailschange|p2a: Terapagos|Terapagos-Stellar, L50, M, tera:Stellar\n|-heal|p2a: Terapagos|90/100|[silent]\n|-ability|p2a: Terapagos|Teraform Zero\n|-weather|none\n|move|p2b: Sinistcha|Rage Powder|p2b: Sinistcha\n|-singleturn|p2b: Sinistcha|move: Rage Powder\n|move|p1b: Zamazenta|Heavy Slam|p2b: Sinistcha\n|-damage|p2b: Sinistcha|73/100\n|move|p1a: Kyogre|Origin Pulse|p2a: Terapagos|[spread] p2a,p2b\n|-resisted|p2b: Sinistcha\n|-damage|p2a: Terapagos|62/100\n|-damage|p2b: Sinistcha|37/100\n|move|p2a: Terapagos|Tera Starstorm|p1b: Zamazenta|[spread] p1a,p1b\n|-supereffective|p1b: Zamazenta\n|-damage|p1a: Kyogre|0 fnt\n|-damage|p1b: Zamazenta|10/100\n|faint|p1a: Kyogre\n|\n|-heal|p2a: Terapagos|68/100|[from] item: Leftovers\n|upkeep\n|\n|t:|1773634646\n|switch|p1a: Chien-Pao|Chien-Pao, L50|100/100\n|-ability|p1a: Chien-Pao|Sword of Ruin\n|turn|4\n|\n|t:|1773634665\n|move|p2b: Sinistcha|Protect|p2b: Sinistcha\n|-singleturn|p2b: Sinistcha|Protect\n|move|p1b: Zamazenta|Wide Guard|p1b: Zamazenta\n|-singleturn|p1b: Zamazenta|Wide Guard\n|move|p1a: Chien-Pao|Ice Spinner|p2b: Sinistcha\n|-activate|p2b: Sinistcha|move: Protect\n|move|p2a: Terapagos|Earth Power|p1b: Zamazenta\n|-resisted|p1b: Zamazenta\n|-damage|p1b: Zamazenta|0 fnt\n|faint|p1b: Zamazenta\n|\n|-heal|p2a: Terapagos|74/100|[from] item: Leftovers\n|upkeep\n|\n|t:|1773634668\n|switch|p1b: Annihilape|Annihilape, L50, M|100/100\n|turn|5\n|\n|t:|1773634686\n|move|p2b: Sinistcha|Rage Powder|p2b: Sinistcha\n|-singleturn|p2b: Sinistcha|move: Rage Powder\n|move|p1b: Annihilape|Close Combat|p2b: Sinistcha\n|-immune|p2b: Sinistcha\n|move|p1a: Chien-Pao|Ice Spinner|p2b: Sinistcha\n|-supereffective|p2b: Sinistcha\n|-damage|p2b: Sinistcha|0 fnt\n|faint|p2b: Sinistcha\n|move|p2a: Terapagos|Tera Starstorm|p1a: Chien-Pao|[spread] p1a,p1b\n|-damage|p1a: Chien-Pao|4/100\n|-damage|p1b: Annihilape|44/100\n|\n|-heal|p2a: Terapagos|80/100|[from] item: Leftovers\n|upkeep\n|turn|6\n|\n|t:|1773634699\n|move|p2a: Terapagos|Protect|p2a: Terapagos\n|-singleturn|p2a: Terapagos|Protect\n|move|p1b: Annihilape|Close Combat|p2a: Terapagos\n|-activate|p2a: Terapagos|move: Protect\n|move|p1a: Chien-Pao|Ice Spinner|p2a: Terapagos\n|-activate|p2a: Terapagos|move: Protect\n|\n|-heal|p2a: Terapagos|86/100|[from] item: Leftovers\n|upkeep\n|turn|7\n|\n|t:|1773634708\n|move|p1b: Annihilape|Close Combat|p2a: Terapagos\n|-supereffective|p2a: Terapagos\n|-damage|p2a: Terapagos|14/100\n|-unboost|p1b: Annihilape|def|1\n|-unboost|p1b: Annihilape|spd|1\n|move|p1a: Chien-Pao|Ice Spinner|p2a: Terapagos\n|-damage|p2a: Terapagos|0 fnt\n|faint|p2a: Terapagos\n|detailschange|p2: Terapagos|Terapagos, L50, M|[silent]\n|\n|win|pigs2fly\n|raw|pigs2fly's rating: 1475 &rarr; <strong>1490</strong><br />(+15 for winning)\n|raw|Miurez's rating: 1380 &rarr; <strong>1365</strong><br />(-15 for losing)\n|l|\u2606Miurez\n|player|p2|\n|l|\u2606pigs2fly\n|player|p1|\n","uploadtime":1773634848,"views":10,"formatid":"gen9vgc2026regi","rating":1365,"private":0,"password":null}