{"id":"gen9vgc2026regi-2563138851","format":"[Gen 9] VGC 2026 Reg I","players":["vestige666","phoenix of rage"],"log":"|j|\u2606vestige666\n|j|\u2606phoenix of rage\n|t:|1773992602\n|gametype|doubles\n|player|p1|vestige666|169|1386\n|player|p2|phoenix of rage|2|1253\n|gen|9\n|tier|[Gen 9] VGC 2026 Reg I\n|rated|\n|rule|Species Clause: Limit one of each Pok\u00e9mon\n|rule|Item Clause: Limit 1 of each item\n|clearpoke\n|poke|p1|Calyrex-Shadow, L50|\n|poke|p1|Koraidon, L50|\n|poke|p1|Rillaboom, L50, M|\n|poke|p1|Incineroar, L50, M|\n|poke|p1|Volcarona, L50, F|\n|poke|p1|Regieleki, L50|\n|poke|p2|Zacian-*, L50|\n|poke|p2|Lunala, L50|\n|poke|p2|Indeedee-F, L50, F|\n|poke|p2|Toxtricity, L50, M|\n|poke|p2|Annihilape, L50, M|\n|poke|p2|Whimsicott, L50, M|\n|teampreview|4\n|inactive|Battle timer is ON: inactive players will automatically lose when time's up. (requested by phoenix of rage)\nvestige666 has agreed to open team sheets.\n|inactive|phoenix of rage has 60 seconds left.\n|c|\u2606vestige666|G\n|c|\u2606vestige666|open ts\n|c|\u2606vestige666|scared?\n|inactive|phoenix of rage has 30 seconds left.\n|inactive|phoenix of rage has 20 seconds left.\n|inactive|phoenix of rage has 15 seconds left.\n|inactive|phoenix of rage has 10 seconds left.\n|\n|t:|1773992682\n|teamsize|p1|4\n|teamsize|p2|4\n|start\n|switch|p1a: Incineroar|Incineroar, L50, M|100/100\n|switch|p1b: Volcarona|Volcarona, L50, F|100/100\n|switch|p2a: Indeedee|Indeedee-F, L50, F|100/100\n|switch|p2b: Lunala|Lunala, L50|100/100\n|-fieldstart|move: Psychic Terrain|[from] ability: Psychic Surge|[of] p2a: Indeedee\n|-enditem|p2a: Indeedee|Psychic Seed\n|-boost|p2a: Indeedee|spd|1|[from] item: Psychic Seed\n|-ability|p1a: Incineroar|Intimidate|boost\n|-unboost|p2a: Indeedee|atk|1\n|-unboost|p2b: Lunala|atk|1\n|turn|1\n|inactive|vestige666 has 30 seconds left.\n|\n|t:|1773992709\n|move|p2a: Indeedee|Follow Me|p2a: Indeedee\n|-singleturn|p2a: Indeedee|move: Follow Me\n|move|p1b: Volcarona|Quiver Dance|p1b: Volcarona\n|-boost|p1b: Volcarona|spa|1\n|-boost|p1b: Volcarona|spd|1\n|-boost|p1b: Volcarona|spe|1\n|move|p2b: Lunala|Meteor Beam||[still]\n|-prepare|p2b: Lunala|Meteor Beam\n|-boost|p2b: Lunala|spa|1\n|-enditem|p2b: Lunala|Power Herb\n|-anim|p2b: Lunala|Meteor Beam|p1a: Incineroar\n|-supereffective|p1a: Incineroar\n|-damage|p1a: Incineroar|0 fnt\n|faint|p1a: Incineroar\n|\n|upkeep\n|\n|t:|1773992734\n|switch|p1a: Koraidon|Koraidon, L50|100/100\n|-weather|SunnyDay|[from] ability: Orichalcum Pulse|[of] p1a: Koraidon\n|-activate|p1a: Koraidon|Orichalcum Pulse|[source]\n|turn|2\n|\n|t:|1773992749\n|move|p2a: Indeedee|Follow Me|p2a: Indeedee\n|-singleturn|p2a: Indeedee|move: Follow Me\n|move|p1b: Volcarona|Quiver Dance|p1b: Volcarona\n|-boost|p1b: Volcarona|spa|1\n|-boost|p1b: Volcarona|spd|1\n|-boost|p1b: Volcarona|spe|1\n|move|p1a: Koraidon|Flare Blitz|p2a: Indeedee\n|-damage|p2a: Indeedee|23/100\n|-damage|p1a: Koraidon|78/100|[from] Recoil\n|move|p2b: Lunala|Expanding Force|p1b: Volcarona|[spread] p1a,p1b\n|-supereffective|p1a: Koraidon\n|-damage|p1a: Koraidon|0 fnt\n|-damage|p1b: Volcarona|62/100\n|faint|p1a: Koraidon\n|\n|-weather|SunnyDay|[upkeep]\n|-heal|p1b: Volcarona|69/100|[from] item: Leftovers\n|upkeep\n|\n|t:|1773992766\n|switch|p1a: Calyrex|Calyrex-Shadow, L50|100/100\n|-ability|p1a: Calyrex|As One\n|-ability|p1a: Calyrex|Unnerve\n|turn|3\n|\n|t:|1773992790\n|-terastallize|p1a: Calyrex|Dark\n|move|p2b: Lunala|Wide Guard|p2b: Lunala\n|-singleturn|p2b: Lunala|Wide Guard\n|move|p1b: Volcarona|Giga Drain|p2a: Indeedee\n|-damage|p2a: Indeedee|0 fnt\n|-heal|p1b: Volcarona|79/100|[from] drain|[of] p2a: Indeedee\n|faint|p2a: Indeedee\n|move|p1a: Calyrex|Astral Barrage|p2b: Lunala\n|-activate|p2b: Lunala|move: Wide Guard\n|\n|-weather|SunnyDay|[upkeep]\n|-heal|p1b: Volcarona|85/100|[from] item: Leftovers\n|upkeep\n|\n|t:|1773992803\n|switch|p2a: Zacian|Zacian-Crowned, L50|100/100\n|-ability|p2a: Zacian|Intrepid Sword|boost\n|-boost|p2a: Zacian|atk|1\n|turn|4\n|\n|t:|1773992817\n|-terastallize|p2a: Zacian|Fairy\n|move|p2b: Lunala|Wide Guard|p2b: Lunala\n|-singleturn|p2b: Lunala|Wide Guard\n|move|p1b: Volcarona|Fiery Dance|p2a: Zacian\n|-damage|p2a: Zacian|10/100\n|-boost|p1b: Volcarona|spa|1\n|move|p1a: Calyrex|Astral Barrage|p2a: Zacian|[spread] \n|-activate|p2a: Zacian|move: Wide Guard\n|-activate|p2b: Lunala|move: Wide Guard\n|move|p2a: Zacian|Play Rough|p1a: Calyrex\n|-supereffective|p1a: Calyrex\n|-damage|p1a: Calyrex|0 fnt\n|faint|p1a: Calyrex\n|\n|-weather|SunnyDay|[upkeep]\n|-heal|p1b: Volcarona|92/100|[from] item: Leftovers\n|upkeep\n|turn|5\n|inactive|vestige666 has 30 seconds left.\n|inactive|phoenix of rage has 30 seconds left.\n|\n|t:|1773992845\n|move|p2a: Zacian|Protect|p2a: Zacian\n|-singleturn|p2a: Zacian|Protect\n|move|p1b: Volcarona|Fiery Dance|p2b: Lunala\n|-damage|p2b: Lunala|55/100\n|move|p2b: Lunala|Meteor Beam||[still]\n|-prepare|p2b: Lunala|Meteor Beam\n|-boost|p2b: Lunala|spa|1\n|\n|-weather|SunnyDay|[upkeep]\n|-heal|p1b: Volcarona|98/100|[from] item: Leftovers\n|-fieldend|move: Psychic Terrain\n|upkeep\n|turn|6\n|\n|t:|1773992868\n|move|p1b: Volcarona|Protect|p1b: Volcarona\n|-singleturn|p1b: Volcarona|Protect\n|move|p2a: Zacian|Play Rough|p1b: Volcarona\n|-activate|p1b: Volcarona|move: Protect\n|move|p2b: Lunala|Meteor Beam|p1b: Volcarona|[from] lockedmove\n|-activate|p1b: Volcarona|move: Protect\n|\n|-weather|none\n|-heal|p1b: Volcarona|100/100|[from] item: Leftovers\n|upkeep\n|turn|7\n|\n|t:|1773992890\n|move|p1b: Volcarona|Fiery Dance|p2a: Zacian\n|-damage|p2a: Zacian|0 fnt\n|faint|p2a: Zacian\n|move|p2b: Lunala|Moongeist Beam|p1b: Volcarona\n|-damage|p1b: Volcarona|54/100\n|\n|-heal|p1b: Volcarona|60/100|[from] item: Leftovers\n|upkeep\n|\n|t:|1773992897\n|switch|p2a: Whimsicott|Whimsicott, L50, M|100/100\n|turn|8\n|\n|t:|1773992910\n|move|p2a: Whimsicott|Light Screen|p2a: Whimsicott\n|-sidestart|p2: phoenix of rage|move: Light Screen\n|move|p1b: Volcarona|Fiery Dance|p2a: Whimsicott\n|-supereffective|p2a: Whimsicott\n|-damage|p2a: Whimsicott|0 fnt\n|faint|p2a: Whimsicott\n|move|p2b: Lunala|Moongeist Beam|p1b: Volcarona\n|-damage|p1b: Volcarona|10/100\n|\n|-heal|p1b: Volcarona|16/100|[from] item: Leftovers\n|upkeep\n|turn|9\n|\n|t:|1773992923\n|move|p1b: Volcarona|Protect|p1b: Volcarona\n|-singleturn|p1b: Volcarona|Protect\n|move|p2b: Lunala|Moongeist Beam|p1b: Volcarona\n|-activate|p1b: Volcarona|move: Protect\n|\n|-heal|p1b: Volcarona|22/100|[from] item: Leftovers\n|upkeep\n|turn|10\n|\n|t:|1773992934\n|move|p1b: Volcarona|Giga Drain|p2b: Lunala\n|-damage|p2b: Lunala|28/100\n|-heal|p1b: Volcarona|40/100|[from] drain|[of] p2b: Lunala\n|move|p2b: Lunala|Moongeist Beam|p1b: Volcarona\n|-damage|p1b: Volcarona|0 fnt\n|faint|p1b: Volcarona\n|\n|win|phoenix of rage\n|raw|vestige666's rating: 1386 &rarr; <strong>1359</strong><br />(-27 for losing)\n|raw|phoenix of rage's rating: 1253 &rarr; <strong>1287</strong><br />(+34 for winning)\n","uploadtime":1773992941,"views":12,"formatid":"gen9vgc2026regi","rating":1287,"private":0,"password":null}