{"id":"gen9vgc2026regi-2561905834","format":"[Gen 9] VGC 2026 Reg I","players":["GAPDHD","Javike"],"log":"|j|\u2606GAPDHD\n|j|\u2606Javike\n|t:|1773853632\n|gametype|doubles\n|player|p1|GAPDHD|ruinmaniac|1415\n|player|p2|Javike|crasherwake|1405\n|gen|9\n|tier|[Gen 9] VGC 2026 Reg I\n|rated|\n|rule|Species Clause: Limit one of each Pok\u00e9mon\n|rule|Item Clause: Limit 1 of each item\n|clearpoke\n|poke|p1|Lunala, L50|\n|poke|p1|Groudon, L50|\n|poke|p1|Indeedee-F, L50, F|\n|poke|p1|Incineroar, L50, M|\n|poke|p1|Brute Bonnet, L50|\n|poke|p1|Flutter Mane, L50|\n|poke|p2|Kyogre, L50|\n|poke|p2|Miraidon, L50|\n|poke|p2|Farigiraf, L50, F|\n|poke|p2|Whimsicott, L50, F|\n|poke|p2|Articuno-Galar, L50|\n|poke|p2|Sneasler, L50, M|\n|teampreview|4\n|inactive|Battle timer is ON: inactive players will automatically lose when time's up. (requested by Javike)\nGAPDHD has agreed to open team sheets.\n|inactive|GAPDHD has 60 seconds left.\n|\n|t:|1773853672\n|teamsize|p1|4\n|teamsize|p2|4\n|start\n|switch|p1a: Lunala|Lunala, L50|100/100\n|switch|p1b: Indeedee|Indeedee-F, L50, F|100/100\n|switch|p2a: Farigiraf|Farigiraf, L50, F|100/100\n|switch|p2b: Articuno|Articuno-Galar, L50|100/100\n|-fieldstart|move: Psychic Terrain|[from] ability: Psychic Surge|[of] p1b: Indeedee\n|turn|1\n|\n|t:|1773853690\n|-terastallize|p2b: Articuno|Ground\n|move|p1b: Indeedee|Helping Hand|p1a: Lunala\n|-singleturn|p1a: Lunala|Helping Hand|[of] p1b: Indeedee\n|move|p2b: Articuno|Freezing Glare|p1a: Lunala\n|-resisted|p1a: Lunala\n|-crit|p1a: Lunala\n|-damage|p1a: Lunala|84/100\n|move|p1a: Lunala|Meteor Beam||[still]\n|-prepare|p1a: Lunala|Meteor Beam\n|-boost|p1a: Lunala|spa|1\n|-enditem|p1a: Lunala|Power Herb\n|-anim|p1a: Lunala|Meteor Beam|p2b: Articuno\n|-resisted|p2b: Articuno\n|-damage|p2b: Articuno|43/100\n|move|p2a: Farigiraf|Imprison|p2a: Farigiraf\n|-start|p2a: Farigiraf|move: Imprison\n|\n|upkeep\n|turn|2\n|\n|t:|1773853710\n|move|p1b: Indeedee|Follow Me|p1b: Indeedee\n|-singleturn|p1b: Indeedee|move: Follow Me\n|move|p2b: Articuno|Air Slash|p1b: Indeedee\n|-damage|p1b: Indeedee|66/100\n|move|p1a: Lunala|Moongeist Beam|p2b: Articuno\n|-damage|p2b: Articuno|0 fnt\n|faint|p2b: Articuno\n|move|p2a: Farigiraf|Shadow Ball|p1b: Indeedee\n|-immune|p1b: Indeedee\n|\n|upkeep\n|\n|t:|1773853726\n|switch|p2b: Miraidon|Miraidon, L50|100/100\n|-fieldstart|move: Electric Terrain|[from] ability: Hadron Engine|[of] p2b: Miraidon\n|turn|3\n|\n|t:|1773853733\n|move|p1b: Indeedee|Follow Me|p1b: Indeedee\n|-singleturn|p1b: Indeedee|move: Follow Me\n|move|p2b: Miraidon|Electro Drift|p1b: Indeedee\n|-damage|p1b: Indeedee|0 fnt\n|-damage|p2b: Miraidon|84/100|[from] item: Rocky Helmet|[of] p1b: Indeedee\n|faint|p1b: Indeedee\n|-damage|p2b: Miraidon|74/100|[from] item: Life Orb\n|move|p1a: Lunala|Moongeist Beam|p2b: Miraidon\n|-damage|p2b: Miraidon|0 fnt\n|faint|p2b: Miraidon\n|move|p2a: Farigiraf|Hyper Voice|p1a: Lunala\n|-immune|p1a: Lunala\n|\n|upkeep\n|\n|t:|1773853750\n|switch|p2b: Kyogre|Kyogre, L50|100/100\n|switch|p1b: Brute Bonnet|Brute Bonnet, L50|100/100\n|-weather|RainDance|[from] ability: Drizzle|[of] p2b: Kyogre\n|-enditem|p1b: Brute Bonnet|Booster Energy\n|-activate|p1b: Brute Bonnet|ability: Protosynthesis|[fromitem]\n|-start|p1b: Brute Bonnet|protosynthesisdef\n|turn|4\n|\n|t:|1773853773\n|move|p1a: Lunala|Wide Guard|p1a: Lunala\n|-singleturn|p1a: Lunala|Wide Guard\n|move|p2b: Kyogre|Ice Beam|p1b: Brute Bonnet\n|-supereffective|p1b: Brute Bonnet\n|-damage|p1b: Brute Bonnet|33/100\n|move|p2a: Farigiraf|Shadow Ball|p1a: Lunala\n|-supereffective|p1a: Lunala\n|-damage|p1a: Lunala|23/100\n|move|p1b: Brute Bonnet|Spore|p2b: Kyogre\n|-activate|p2b: Kyogre|move: Electric Terrain\n|\n|-weather|RainDance|[upkeep]\n|upkeep\n|turn|5\n|\n|t:|1773853791\n|move|p2b: Kyogre|Ice Beam|p1a: Lunala\n|-damage|p1a: Lunala|0 fnt\n|faint|p1a: Lunala\n|move|p2a: Farigiraf|Hyper Voice|p1b: Brute Bonnet\n|-damage|p1b: Brute Bonnet|1/100\n|-enditem|p2a: Farigiraf|Throat Spray\n|-boost|p2a: Farigiraf|spa|1|[from] item: Throat Spray\n|move|p1b: Brute Bonnet|Seed Bomb|p2b: Kyogre\n|-supereffective|p2b: Kyogre\n|-damage|p2b: Kyogre|11/100\n|\n|-weather|RainDance|[upkeep]\n|upkeep\n|\n|t:|1773853801\n|switch|p1a: Groudon|Groudon, L50|100/100\n|-weather|SunnyDay|[from] ability: Drought|[of] p1a: Groudon\n|turn|6\n|\n|t:|1773853812\n|-terastallize|p1a: Groudon|Fairy\n|move|p2b: Kyogre|Ice Beam|p1a: Groudon\n|-damage|p1a: Groudon|68/100\n|move|p1a: Groudon|Precipice Blades|p2a: Farigiraf|[spread] p2a,p2b\n|-damage|p2a: Farigiraf|24/100\n|-damage|p2b: Kyogre|0 fnt\n|faint|p2b: Kyogre\n|move|p2a: Farigiraf|Hyper Voice|p1b: Brute Bonnet|[spread] p1a,p1b\n|-damage|p1a: Groudon|28/100\n|-damage|p1b: Brute Bonnet|0 fnt\n|faint|p1b: Brute Bonnet\n|-end|p1b: Brute Bonnet|Protosynthesis|[silent]\n|\n|-weather|SunnyDay|[upkeep]\n|upkeep\n|turn|7\n|\n|t:|1773853827\n|move|p1a: Groudon|Precipice Blades|p2a: Farigiraf\n|-damage|p2a: Farigiraf|0 fnt\n|faint|p2a: Farigiraf\n|\n|win|GAPDHD\n|raw|GAPDHD's rating: 1438 &rarr; <strong>1456</strong><br />(+18 for winning)\n|raw|Javike's rating: 1405 &rarr; <strong>1387</strong><br />(-18 for losing)\n|l|\u2606GAPDHD\n|player|p1|\n|l|\u2606Javike\n|player|p2|\n","uploadtime":1773854088,"views":10,"formatid":"gen9vgc2026regi","rating":1387,"private":0,"password":null}