{"id":"gen9vgc2026regi-2520823145","format":"[Gen 9] VGC 2026 Reg I","players":["Luh_simoes-04","j0l0k0"],"log":"|j|\u2606Luh_simoes-04\n|j|\u2606j0l0k0\n|t:|1768686889\n|gametype|doubles\n|player|p1|Luh_simoes-04|drayden|1468\n|player|p2|j0l0k0|brycen|1421\n|gen|9\n|tier|[Gen 9] VGC 2026 Reg I\n|rated|\n|rule|Species Clause: Limit one of each Pok\u00e9mon\n|rule|Item Clause: Limit 1 of each item\n|clearpoke\n|poke|p1|Calyrex-Ice, L50|\n|poke|p1|Lunala, L50|\n|poke|p1|Chi-Yu, L50|\n|poke|p1|Indeedee-F, L50, F|\n|poke|p1|Urshifu-*, L50, F|\n|poke|p1|Ogerpon-Cornerstone, L50, F|\n|poke|p2|Calyrex-Ice, L50|\n|poke|p2|Kyogre, L50|\n|poke|p2|Indeedee-F, L50, F|\n|poke|p2|Urshifu-*, L50, F|\n|poke|p2|Amoonguss, L50, F|\n|poke|p2|Landorus, L50, M|\n|teampreview|4\n|inactive|Battle timer is ON: inactive players will automatically lose when time's up. (requested by j0l0k0)\n|inactive|Luh_simoes-04 also wants the timer to be on.\n|\n|t:|1768686917\n|teamsize|p1|4\n|teamsize|p2|4\n|start\n|switch|p1a: Ogerpon|Ogerpon-Cornerstone, L50, F|100/100\n|switch|p1b: Lunala|Lunala, L50|100/100\n|switch|p2a: Kyogre|Kyogre, L50, shiny|100/100\n|switch|p2b: Landorus|Landorus, L50, M, shiny|100/100\n|-weather|RainDance|[from] ability: Drizzle|[of] p2a: Kyogre\n|turn|1\n|\n|t:|1768686930\n|-terastallize|p1b: Lunala|Grass\n|move|p1a: Ogerpon|Follow Me|p1a: Ogerpon\n|-singleturn|p1a: Ogerpon|move: Follow Me\n|move|p2a: Kyogre|Ice Beam|p1a: Ogerpon\n|-supereffective|p1a: Ogerpon\n|-damage|p1a: Ogerpon|26/100\n|move|p2b: Landorus|Sandsear Storm|p1b: Lunala|[spread] p1a,p1b\n|-resisted|p1b: Lunala\n|-damage|p1a: Ogerpon|0 fnt\n|-damage|p1b: Lunala|89/100\n|faint|p1a: Ogerpon\n|move|p1b: Lunala|Trick Room|p1b: Lunala\n|-fieldstart|move: Trick Room|[of] p1b: Lunala\n|\n|-weather|RainDance|[upkeep]\n|upkeep\n|\n|t:|1768686939\n|switch|p1a: Calyrex|Calyrex-Ice, L50|100/100\n|-ability|p1a: Calyrex|As One\n|-ability|p1a: Calyrex|Unnerve\n|turn|2\n|\n|t:|1768686948\n|-terastallize|p2b: Landorus|Steel\n|move|p1a: Calyrex|Glacial Lance|p2a: Kyogre|[spread] p2a,p2b\n|-resisted|p2a: Kyogre\n|-resisted|p2b: Landorus\n|-damage|p2a: Kyogre|64/100\n|-damage|p2b: Landorus|61/100\n|move|p1b: Lunala|Meteor Beam||[still]\n|-prepare|p1b: Lunala|Meteor Beam\n|-boost|p1b: Lunala|spa|1\n|-enditem|p1b: Lunala|Power Herb\n|-anim|p1b: Lunala|Meteor Beam|p2a: Kyogre\n|-damage|p2a: Kyogre|32/100\n|move|p2a: Kyogre|Water Spout|p1b: Lunala|[spread] p1a,p1b\n|-resisted|p1b: Lunala\n|-damage|p1a: Calyrex|78/100\n|-damage|p1b: Lunala|77/100\n|move|p2b: Landorus|Sandsear Storm|p1b: Lunala|[spread] p1a,p1b\n|-resisted|p1b: Lunala\n|-damage|p1a: Calyrex|37/100\n|-damage|p1b: Lunala|54/100\n|\n|-weather|RainDance|[upkeep]\n|upkeep\n|turn|3\n|\n|t:|1768686973\n|move|p1a: Calyrex|Glacial Lance|p2b: Landorus|[spread] p2a,p2b\n|-resisted|p2a: Kyogre\n|-resisted|p2b: Landorus\n|-damage|p2a: Kyogre|0 fnt\n|-damage|p2b: Landorus|21/100\n|faint|p2a: Kyogre\n|-ability|p1a: Calyrex|Chilling Neigh|boost\n|-boost|p1a: Calyrex|atk|1\n|move|p1b: Lunala|Moongeist Beam|p2b: Landorus\n|-damage|p2b: Landorus|0 fnt\n|faint|p2b: Landorus\n|\n|-weather|RainDance|[upkeep]\n|upkeep\n|\n|t:|1768686984\n|switch|p2a: Calyrex|Calyrex-Ice, L50|100/100\n|switch|p2b: Urshifu|Urshifu, L50, F|100/100\n|-ability|p2a: Calyrex|As One\n|-ability|p2a: Calyrex|Unnerve\n|turn|4\n|\n|t:|1768686993\n|switch|p1a: Urshifu|Urshifu, L50, F|100/100\n|move|p2b: Urshifu|Protect|p2b: Urshifu\n|-singleturn|p2b: Urshifu|Protect\n|move|p1b: Lunala|Wide Guard|p1b: Lunala\n|-singleturn|p1b: Lunala|Wide Guard\n|move|p2a: Calyrex|Glacial Lance|p1a: Urshifu|[spread] \n|-activate|p1a: Urshifu|move: Wide Guard\n|-activate|p1b: Lunala|move: Wide Guard\n|\n|-weather|RainDance|[upkeep]\n|upkeep\n|turn|5\n|\n|t:|1768687012\n|move|p1b: Lunala|Wide Guard|p1b: Lunala\n|-singleturn|p1b: Lunala|Wide Guard\n|move|p1a: Urshifu|Close Combat|p2b: Urshifu\n|-supereffective|p2b: Urshifu\n|-enditem|p2b: Urshifu|Focus Sash\n|-damage|p2b: Urshifu|1/100\n|-unboost|p1a: Urshifu|def|1\n|-unboost|p1a: Urshifu|spd|1\n|move|p2a: Calyrex|Close Combat|p1a: Urshifu\n|-supereffective|p1a: Urshifu\n|-damage|p1a: Urshifu|0 fnt\n|-unboost|p2a: Calyrex|def|1\n|-unboost|p2a: Calyrex|spd|1\n|faint|p1a: Urshifu\n|-ability|p2a: Calyrex|Chilling Neigh|boost\n|-boost|p2a: Calyrex|atk|1\n|move|p2b: Urshifu|Poison Jab|p1b: Lunala\n|-supereffective|p1b: Lunala\n|-damage|p1b: Lunala|8/100\n|-status|p1b: Lunala|psn\n|\n|-weather|none\n|-damage|p1b: Lunala|0 fnt|[from] psn\n|faint|p1b: Lunala\n|-fieldend|move: Trick Room\n|upkeep\n|\n|t:|1768687017\n|switch|p1b: Calyrex|Calyrex-Ice, L50|37/100\n|-ability|p1b: Calyrex|As One\n|-ability|p1b: Calyrex|Unnerve\n|turn|6\n|-message|Luh_simoes-04 forfeited.\n|\n|win|j0l0k0\n|raw|Luh_simoes-04's rating: 1468 &rarr; <strong>1445</strong><br />(-23 for losing)\n|raw|j0l0k0's rating: 1421 &rarr; <strong>1444</strong><br />(+23 for winning)\n|l|\u2606Luh_simoes-04\n|player|p1|\n|l|\u2606j0l0k0\n|player|p2|\n","uploadtime":1768687188,"views":18,"formatid":"gen9vgc2026regi","rating":1444,"private":0,"password":null}