{"id":"gen9vgc2026regi-2546734520","format":"[Gen 9] VGC 2026 Reg I","players":["wytxhwe","blackred123"],"log":"|j|\u2606wytxhwe\n|j|\u2606blackred123\n|t:|1772002135\n|gametype|doubles\n|player|p1|wytxhwe|steven|1294\n|player|p2|blackred123|iono-masters|1349\n|gen|9\n|tier|[Gen 9] VGC 2026 Reg I\n|rated|\n|rule|Species Clause: Limit one of each Pok\u00e9mon\n|rule|Item Clause: Limit 1 of each item\n|clearpoke\n|poke|p1|Brute Bonnet, L50|\n|poke|p1|Ogerpon-Cornerstone, L50, F|\n|poke|p1|Koraidon, L50|\n|poke|p1|Incineroar, L50, F|\n|poke|p1|Whimsicott, L50, F|\n|poke|p1|Calyrex-Shadow, L50|\n|poke|p2|Miraidon, L50|\n|poke|p2|Calyrex-Ice, L50|\n|poke|p2|Incineroar, L50, M|\n|poke|p2|Grimmsnarl, L50, M|\n|poke|p2|Urshifu-*, L50, F|\n|poke|p2|Ursaluna-Bloodmoon, L50, M|\n|teampreview|4\n|inactive|Battle timer is ON: inactive players will automatically lose when time's up. (requested by wytxhwe)\n|inactive|blackred123 also wants the timer to be on.\n|inactive|wytxhwe has 60 seconds left.\n|\n|t:|1772002190\n|teamsize|p1|4\n|teamsize|p2|4\n|start\n|switch|p1a: Calyrex|Calyrex-Shadow, L50|100/100\n|switch|p1b: Whimsicott|Whimsicott, L50, F|100/100\n|switch|p2a: \u5996\u64b8\u51a0\u4e86|Calyrex-Ice, L50|100/100\n|switch|p2b: \u5de8\u6839\u7537\u6a21|Grimmsnarl, L50, M|100/100\n|-ability|p1a: Calyrex|As One\n|-ability|p1a: Calyrex|Unnerve\n|-ability|p2a: \u5996\u64b8\u51a0\u4e86|As One\n|-ability|p2a: \u5996\u64b8\u51a0\u4e86|Unnerve\n|turn|1\n|\n|t:|1772002205\n|-terastallize|p2a: \u5996\u64b8\u51a0\u4e86|Fairy\n|move|p1b: Whimsicott|Taunt|p2a: \u5996\u64b8\u51a0\u4e86\n|-start|p2a: \u5996\u64b8\u51a0\u4e86|move: Taunt\n|move|p2b: \u5de8\u6839\u7537\u6a21|Light Screen|p2b: \u5de8\u6839\u7537\u6a21\n|-sidestart|p2: blackred123|move: Light Screen\n|move|p1a: Calyrex|Astral Barrage|p2b: \u5de8\u6839\u7537\u6a21|[spread] p2a,p2b\n|-resisted|p2b: \u5de8\u6839\u7537\u6a21\n|-damage|p2a: \u5996\u64b8\u51a0\u4e86|71/100\n|-damage|p2b: \u5de8\u6839\u7537\u6a21|79/100\n|-damage|p1a: Calyrex|91/100|[from] item: Life Orb\n|move|p2a: \u5996\u64b8\u51a0\u4e86|Glacial Lance|p1b: Whimsicott|[spread] p1a,p1b\n|-supereffective|p1b: Whimsicott\n|-damage|p1a: Calyrex|25/100\n|-damage|p1b: Whimsicott|0 fnt\n|faint|p1b: Whimsicott\n|-ability|p2a: \u5996\u64b8\u51a0\u4e86|Chilling Neigh|boost\n|-boost|p2a: \u5996\u64b8\u51a0\u4e86|atk|1\n|\n|-heal|p2a: \u5996\u64b8\u51a0\u4e86|77/100|[from] item: Leftovers\n|upkeep\n|\n|t:|1772002228\n|switch|p1b: Koraidon|Koraidon, L50|100/100\n|-weather|SunnyDay|[from] ability: Orichalcum Pulse|[of] p1b: Koraidon\n|-activate|p1b: Koraidon|Orichalcum Pulse|[source]\n|turn|2\n|\n|t:|1772002240\n|-terastallize|p1b: Koraidon|Fire\n|move|p2b: \u5de8\u6839\u7537\u6a21|Reflect|p2b: \u5de8\u6839\u7537\u6a21\n|-sidestart|p2: blackred123|Reflect\n|move|p1a: Calyrex|Draining Kiss|p2b: \u5de8\u6839\u7537\u6a21\n|-supereffective|p2b: \u5de8\u6839\u7537\u6a21\n|-damage|p2b: \u5de8\u6839\u7537\u6a21|45/100\n|-heal|p1a: Calyrex|54/100|[from] drain|[of] p2b: \u5de8\u6839\u7537\u6a21\n|-damage|p1a: Calyrex|45/100|[from] item: Life Orb\n|move|p1b: Koraidon|Flare Blitz|p2a: \u5996\u64b8\u51a0\u4e86\n|-damage|p2a: \u5996\u64b8\u51a0\u4e86|30/100\n|-damage|p1b: Koraidon|82/100|[from] Recoil\n|move|p2a: \u5996\u64b8\u51a0\u4e86|Glacial Lance|p1b: Koraidon|[spread] p1a,p1b\n|-resisted|p1b: Koraidon\n|-damage|p1a: Calyrex|0 fnt\n|-damage|p1b: Koraidon|46/100\n|faint|p1a: Calyrex\n|-ability|p2a: \u5996\u64b8\u51a0\u4e86|Chilling Neigh|boost\n|-boost|p2a: \u5996\u64b8\u51a0\u4e86|atk|1\n|\n|-weather|SunnyDay|[upkeep]\n|-heal|p2a: \u5996\u64b8\u51a0\u4e86|36/100|[from] item: Leftovers\n|upkeep\n|\n|t:|1772002253\n|switch|p1a: Ogerpon|Ogerpon-Cornerstone, L50, F|100/100\n|turn|3\n|\n|t:|1772002267\n|move|p2b: \u5de8\u6839\u7537\u6a21|Thunder Wave|p1b: Koraidon|[miss]\n|-miss|p2b: \u5de8\u6839\u7537\u6a21|p1b: Koraidon\n|move|p1b: Koraidon|Flare Blitz|p2a: \u5996\u64b8\u51a0\u4e86\n|-damage|p2a: \u5996\u64b8\u51a0\u4e86|0 fnt\n|faint|p2a: \u5996\u64b8\u51a0\u4e86\n|-damage|p1b: Koraidon|32/100|[from] Recoil\n|move|p1a: Ogerpon|Ivy Cudgel|p2b: \u5de8\u6839\u7537\u6a21|[anim] Ivy Cudgel Rock\n|-damage|p2b: \u5de8\u6839\u7537\u6a21|0 fnt\n|faint|p2b: \u5de8\u6839\u7537\u6a21\n|\n|-weather|SunnyDay|[upkeep]\n|upkeep\n|\n|t:|1772002274\n|switch|p2b: \u629b\u4e0b\u864e\u54e5\u5578\u7a74|Incineroar, L50, M|100/100\n|switch|p2a: \u94f6\u91d1\u7535\u86c7|Miraidon, L50, shiny|100/100\n|-fieldstart|move: Electric Terrain|[from] ability: Hadron Engine|[of] p2a: \u94f6\u91d1\u7535\u86c7\n|-ability|p2b: \u629b\u4e0b\u864e\u54e5\u5578\u7a74|Intimidate|boost\n|-unboost|p1a: Ogerpon|atk|1\n|-fail|p1b: Koraidon|unboost|[from] item: Clear Amulet|[of] p1b: Koraidon\n|turn|4\n|\n|t:|1772002283\n|move|p1b: Koraidon|Protect|p1b: Koraidon\n|-singleturn|p1b: Koraidon|Protect\n|move|p1a: Ogerpon|Spiky Shield|p1a: Ogerpon\n|-singleturn|p1a: Ogerpon|move: Protect\n|move|p2b: \u629b\u4e0b\u864e\u54e5\u5578\u7a74|Fake Out|p1a: Ogerpon\n|-activate|p1a: Ogerpon|move: Protect\n|-damage|p2b: \u629b\u4e0b\u864e\u54e5\u5578\u7a74|88/100|[from] Spiky Shield|[of] p1a: Ogerpon\n|move|p2a: \u94f6\u91d1\u7535\u86c7|Electro Drift|p1b: Koraidon\n|-activate|p1b: Koraidon|move: Protect\n|\n|-weather|SunnyDay|[upkeep]\n|upkeep\n|turn|5\n|\n|t:|1772002306\n|move|p2a: \u94f6\u91d1\u7535\u86c7|Electro Drift|p1b: Koraidon\n|-damage|p1b: Koraidon|0 fnt\n|faint|p1b: Koraidon\n|move|p1a: Ogerpon|Ivy Cudgel|p2a: \u94f6\u91d1\u7535\u86c7|[anim] Ivy Cudgel Rock\n|-damage|p2a: \u94f6\u91d1\u7535\u86c7|75/100\n|move|p2b: \u629b\u4e0b\u864e\u54e5\u5578\u7a74|Knock Off|p1a: Ogerpon\n|-damage|p1a: Ogerpon|66/100\n|\n|-weather|SunnyDay|[upkeep]\n|upkeep\n|turn|6\n|\n|t:|1772002319\n|move|p1a: Ogerpon|Spiky Shield|p1a: Ogerpon\n|-singleturn|p1a: Ogerpon|move: Protect\n|move|p2a: \u94f6\u91d1\u7535\u86c7|Electro Drift|p1a: Ogerpon\n|-activate|p1a: Ogerpon|move: Protect\n|-damage|p2a: \u94f6\u91d1\u7535\u86c7|62/100|[from] Spiky Shield|[of] p1a: Ogerpon\n|move|p2b: \u629b\u4e0b\u864e\u54e5\u5578\u7a74|Knock Off|p1a: Ogerpon\n|-activate|p1a: Ogerpon|move: Protect\n|-damage|p2b: \u629b\u4e0b\u864e\u54e5\u5578\u7a74|76/100|[from] Spiky Shield|[of] p1a: Ogerpon\n|\n|-weather|none\n|upkeep\n|turn|7\n|\n|t:|1772002335\n|move|p2a: \u94f6\u91d1\u7535\u86c7|Electro Drift|p1a: Ogerpon\n|-resisted|p1a: Ogerpon\n|-damage|p1a: Ogerpon|20/100\n|move|p1a: Ogerpon|Ivy Cudgel|p2b: \u629b\u4e0b\u864e\u54e5\u5578\u7a74|[anim] Ivy Cudgel Rock\n|-supereffective|p2b: \u629b\u4e0b\u864e\u54e5\u5578\u7a74\n|-damage|p2b: \u629b\u4e0b\u864e\u54e5\u5578\u7a74|28/100\n|move|p2b: \u629b\u4e0b\u864e\u54e5\u5578\u7a74|Will-O-Wisp|p1a: Ogerpon\n|-status|p1a: Ogerpon|brn\n|\n|-damage|p1a: Ogerpon|14/100 brn|[from] brn\n|upkeep\n|turn|8\n|\n|t:|1772002348\n|move|p2a: \u94f6\u91d1\u7535\u86c7|Electro Drift|p1a: Ogerpon\n|-resisted|p1a: Ogerpon\n|-damage|p1a: Ogerpon|0 fnt\n|faint|p1a: Ogerpon\n|\n|win|blackred123\n|raw|wytxhwe's rating: 1294 &rarr; <strong>1273</strong><br />(-21 for losing)\n|raw|blackred123's rating: 1349 &rarr; <strong>1366</strong><br />(+17 for winning)\n|l|\u2606blackred123\n|player|p2|\n","uploadtime":1772002615,"views":11,"formatid":"gen9vgc2026regi","rating":1273,"private":0,"password":null}