{"id":"gen9vgc2026regi-2547844245","format":"[Gen 9] VGC 2026 Reg I","players":["jepeg","KahunaVGC"],"log":"|j|\u2606jepeg\n|j|\u2606KahunaVGC\n|t:|1772137310\n|gametype|doubles\n|player|p1|jepeg|beauty-gen4dp|1253\n|player|p2|KahunaVGC|169|1310\n|gen|9\n|tier|[Gen 9] VGC 2026 Reg I\n|rated|\n|rule|Species Clause: Limit one of each Pok\u00e9mon\n|rule|Item Clause: Limit 1 of each item\n|clearpoke\n|poke|p1|Oranguru, L50, F|\n|poke|p1|Miraidon, L50|\n|poke|p1|Ursaluna-Bloodmoon, L50, M|\n|poke|p1|Calyrex-Ice, L50|\n|poke|p1|Ogerpon-Hearthflame, L50, F|\n|poke|p1|Bruxish, L50, F|\n|poke|p2|Miraidon, L50|\n|poke|p2|Ho-Oh, L50|\n|poke|p2|Iron Leaves, L50|\n|poke|p2|Ninetales-Alola, L50, F|\n|poke|p2|Pawmot, L50, M|\n|poke|p2|Swampert, L50, M|\n|teampreview|4\n|\n|t:|1772137335\n|teamsize|p1|4\n|teamsize|p2|4\n|start\n|switch|p1a: Oranguru|Oranguru, L50, F, shiny|100/100\n|switch|p1b: Miraidon|Miraidon, L50|100/100\n|switch|p2a: Free Bird|Ho-Oh, L50|100/100\n|switch|p2b: Slice|Iron Leaves, L50|100/100\n|-fieldstart|move: Electric Terrain|[from] ability: Hadron Engine|[of] p1b: Miraidon\n|-activate|p2b: Slice|ability: Quark Drive\n|-start|p2b: Slice|quarkdrivespe\n|turn|1\n|\n|t:|1772137351\n|-terastallize|p2a: Free Bird|Ground\n|move|p2b: Slice|Psyblade|p1b: Miraidon\n|-damage|p1b: Miraidon|29/100\n|move|p1b: Miraidon|Volt Switch|p2a: Free Bird\n|-immune|p2a: Free Bird\n|move|p2a: Free Bird|Earthquake|p1b: Miraidon|[spread] p2b,p1a,p1b\n|-resisted|p2b: Slice\n|-supereffective|p1b: Miraidon\n|-damage|p2b: Slice|85/100\n|-damage|p1a: Oranguru|77/100\n|-damage|p1b: Miraidon|0 fnt\n|faint|p1b: Miraidon\n|move|p1a: Oranguru|Trick Room|p1a: Oranguru\n|-fieldstart|move: Trick Room|[of] p1a: Oranguru\n|\n|upkeep\n|\n|t:|1772137364\n|switch|p1b: Calyrex|Calyrex-Ice, L50|100/100\n|-ability|p1b: Calyrex|As One\n|-ability|p1b: Calyrex|Unnerve\n|turn|2\n|\n|t:|1772137379\n|-end|p2b: Slice|Quark Drive|[silent]\n|switch|p2b: Annihilation|Swampert, L50, M|100/100\n|move|p2a: Free Bird|Protect|p2a: Free Bird\n|-singleturn|p2a: Free Bird|Protect\n|move|p1a: Oranguru|Foul Play|p2b: Annihilation\n|-damage|p2b: Annihilation|83/100\n|move|p1b: Calyrex|Glacial Lance|p2a: Free Bird|[spread] p2b\n|-activate|p2a: Free Bird|move: Protect\n|-damage|p2b: Annihilation|35/100\n|\n|-heal|p2b: Annihilation|41/100|[from] item: Leftovers\n|upkeep\n|turn|3\n|\n|t:|1772137405\n|switch|p1a: Bruxish|Bruxish, L50, F, shiny|100/100\n|-terastallize|p1b: Calyrex|Water\n|move|p2b: Annihilation|Wide Guard|p2b: Annihilation\n|-singleturn|p2b: Annihilation|Wide Guard\n|move|p1b: Calyrex|High Horsepower|p2b: Annihilation\n|-damage|p2b: Annihilation|7/100\n|move|p2a: Free Bird|Sacred Fire|p1b: Calyrex\n|-resisted|p1b: Calyrex\n|-damage|p1b: Calyrex|88/100\n|-status|p1b: Calyrex|brn\n|\n|-heal|p2b: Annihilation|13/100|[from] item: Leftovers\n|-damage|p1b: Calyrex|82/100 brn|[from] brn\n|upkeep\n|turn|4\n|\n|t:|1772137428\n|switch|p2a: iPhone 17 Pro Max|Miraidon, L50|100/100\n|-activate|p2a: iPhone 17 Pro Max|ability: Hadron Engine\n|-enditem|p2a: iPhone 17 Pro Max|Electric Seed\n|-boost|p2a: iPhone 17 Pro Max|def|1|[from] item: Electric Seed\n|move|p2b: Annihilation|Wide Guard|p2b: Annihilation\n|-singleturn|p2b: Annihilation|Wide Guard\n|move|p1a: Bruxish|Wave Crash|p2a: iPhone 17 Pro Max\n|-resisted|p2a: iPhone 17 Pro Max\n|-damage|p2a: iPhone 17 Pro Max|87/100\n|-damage|p1a: Bruxish|95/100|[from] Recoil\n|move|p1b: Calyrex|Glacial Lance|p2b: Annihilation|[spread] \n|-activate|p2a: iPhone 17 Pro Max|move: Wide Guard\n|-activate|p2b: Annihilation|move: Wide Guard\n|\n|-heal|p2b: Annihilation|18/100|[from] item: Leftovers\n|-damage|p1b: Calyrex|76/100 brn|[from] brn\n|upkeep\n|turn|5\n|\n|t:|1772137459\n|switch|p1a: Oranguru|Oranguru, L50, F, shiny|77/100\n|move|p2b: Annihilation|Wide Guard|p2b: Annihilation\n|-singleturn|p2b: Annihilation|Wide Guard\n|move|p1b: Calyrex|High Horsepower|p2a: iPhone 17 Pro Max\n|-supereffective|p2a: iPhone 17 Pro Max\n|-damage|p2a: iPhone 17 Pro Max|71/100\n|move|p2a: iPhone 17 Pro Max|Parabolic Charge|p1b: Calyrex|[spread] p1a,p1b\n|-activate|p2b: Annihilation|move: Wide Guard\n|-supereffective|p1b: Calyrex\n|-damage|p1a: Oranguru|45/100\n|-heal|p2a: iPhone 17 Pro Max|86/100|[from] drain|[of] p1a: Oranguru\n|-damage|p1b: Calyrex|27/100 brn\n|-heal|p2a: iPhone 17 Pro Max|100/100|[from] drain|[of] p1b: Calyrex\n|\n|-heal|p2b: Annihilation|24/100|[from] item: Leftovers\n|-damage|p1b: Calyrex|21/100 brn|[from] brn\n|-fieldend|move: Trick Room\n|-fieldend|move: Electric Terrain\n|upkeep\n|turn|6\n|\n|t:|1772137484\n|move|p1b: Calyrex|Protect|p1b: Calyrex\n|-singleturn|p1b: Calyrex|Protect\n|move|p2a: iPhone 17 Pro Max|Parabolic Charge|p1a: Oranguru|[spread] p1a\n|-activate|p1b: Calyrex|move: Protect\n|-immune|p2b: Annihilation\n|-damage|p1a: Oranguru|26/100\n|move|p2b: Annihilation|Knock Off|p1a: Oranguru\n|-supereffective|p1a: Oranguru\n|-damage|p1a: Oranguru|0 fnt\n|-enditem|p1a: Oranguru|Mental Herb|[from] move: Knock Off|[of] p2b: Annihilation\n|faint|p1a: Oranguru\n|\n|-heal|p2b: Annihilation|30/100|[from] item: Leftovers\n|-damage|p1b: Calyrex|15/100 brn|[from] brn\n|upkeep\n|\n|t:|1772137494\n|switch|p1a: Bruxish|Bruxish, L50, F, shiny|95/100\n|turn|7\n|-message|jepeg forfeited.\n|\n|win|KahunaVGC\n|raw|jepeg's rating: 1253 &rarr; <strong>1232</strong><br />(-21 for losing)\n|raw|KahunaVGC's rating: 1310 &rarr; <strong>1327</strong><br />(+17 for winning)\n|l|\u2606jepeg\n|player|p1|\n|l|\u2606KahunaVGC\n|player|p2|\n","uploadtime":1772137702,"views":14,"formatid":"gen9vgc2026regi","rating":1232,"private":0,"password":null}