{"id":"gen9vgc2026regi-2520121350","format":"[Gen 9] VGC 2026 Reg I","players":["paradox franco","marcxhenry"],"log":"|j|\u2606paradox franco\n|j|\u2606marcxhenry\n|t:|1768590238\n|gametype|doubles\n|player|p1|paradox franco|elesa|1431\n|player|p2|marcxhenry|hilbert-wonderlauncher|1476\n|gen|9\n|tier|[Gen 9] VGC 2026 Reg I\n|rated|\n|rule|Species Clause: Limit one of each Pok\u00e9mon\n|rule|Item Clause: Limit 1 of each item\n|clearpoke\n|poke|p1|Sneasler, L50, M|\n|poke|p1|Calyrex-Shadow, L50|\n|poke|p1|Dondozo, L50, F|\n|poke|p1|Tatsugiri-Droopy, L50, F|\n|poke|p1|Chi-Yu, L50|\n|poke|p1|Miraidon, L50|\n|poke|p2|Calyrex-Shadow, L50|\n|poke|p2|Urshifu-*, L50, M|\n|poke|p2|Roaring Moon, L50|\n|poke|p2|Kyogre, L50|\n|poke|p2|Tsareena, L50, F|\n|poke|p2|Kingambit, L50, M|\n|teampreview|4\n|\n|t:|1768590267\n|teamsize|p1|4\n|teamsize|p2|4\n|start\n|switch|p1a: Sneasler|Sneasler, L50, M|100/100\n|switch|p1b: Miraidon|Miraidon, L50|100/100\n|switch|p2a: Ludwig|Calyrex-Shadow, L50|100/100\n|switch|p2b: Tripitz|Kyogre, L50, shiny|100/100\n|-ability|p2a: Ludwig|As One\n|-ability|p2a: Ludwig|Unnerve\n|-fieldstart|move: Electric Terrain|[from] ability: Hadron Engine|[of] p1b: Miraidon\n|-enditem|p1a: Sneasler|Electric Seed\n|-boost|p1a: Sneasler|def|1|[from] item: Electric Seed\n|-weather|RainDance|[from] ability: Drizzle|[of] p2b: Tripitz\n|turn|1\n|inactive|Battle timer is ON: inactive players will automatically lose when time's up. (requested by paradox franco)\n|\n|t:|1768590285\n|move|p2b: Tripitz|Protect|p2b: Tripitz\n|-singleturn|p2b: Tripitz|Protect\n|move|p1a: Sneasler|Fake Out|p2b: Tripitz\n|-activate|p2b: Tripitz|move: Protect\n|move|p1b: Miraidon|Volt Switch|p2a: Ludwig\n|-damage|p2a: Ludwig|32/100\n|\n|t:|1768590306\n|switch|p1b: Dondozo|Dondozo, L50, F|100/100|[from] Volt Switch\n|move|p2a: Ludwig|Trick Room|p2a: Ludwig\n|-fieldstart|move: Trick Room|[of] p2a: Ludwig\n|\n|-weather|RainDance|[upkeep]\n|upkeep\n|turn|2\n|j| riyuezi\n|l| riyuezi\n|\n|t:|1768590324\n|switch|p2a: Eva|Tsareena, L50, F, shiny|100/100\n|switch|p1a: Tatsugiri|Tatsugiri-Droopy, L50, F|100/100\n|-activate|p1a: Tatsugiri|ability: Commander|[of] p1b: Dondozo\n|-boost|p1b: Dondozo|atk|2\n|-boost|p1b: Dondozo|spa|2\n|-boost|p1b: Dondozo|spe|2\n|-boost|p1b: Dondozo|def|2\n|-boost|p1b: Dondozo|spd|2\n|move|p2b: Tripitz|Origin Pulse|p1a: Tatsugiri|[spread] p1b\n|-miss|p2b: Tripitz|p1a: Tatsugiri\n|-resisted|p1b: Dondozo\n|-damage|p1b: Dondozo|81/100\n|move|p1b: Dondozo|Body Press|p2b: Tripitz\n|-damage|p2b: Tripitz|38/100\n|\n|-weather|RainDance|[upkeep]\n|-heal|p1b: Dondozo|87/100|[from] item: Leftovers\n|upkeep\n|turn|3\n|\n|t:|1768590347\n|move|p1b: Dondozo|Protect|p1b: Dondozo\n|-singleturn|p1b: Dondozo|Protect\n|move|p2a: Eva|Triple Axel|p1b: Dondozo\n|-activate|p1b: Dondozo|move: Protect\n|move|p2b: Tripitz|Origin Pulse|p1b: Dondozo|[spread] \n|-miss|p2b: Tripitz|p1a: Tatsugiri\n|-activate|p1b: Dondozo|move: Protect\n|\n|-weather|RainDance|[upkeep]\n|-heal|p1b: Dondozo|93/100|[from] item: Leftovers\n|upkeep\n|turn|4\n|\n|t:|1768590359\n|move|p2b: Tripitz|Protect|p2b: Tripitz\n|-singleturn|p2b: Tripitz|Protect\n|move|p2a: Eva|Power Whip|p1b: Dondozo\n|-supereffective|p1b: Dondozo\n|-damage|p1b: Dondozo|56/100\n|move|p1b: Dondozo|Order Up|p2b: Tripitz\n|-activate|p2b: Tripitz|move: Protect\n|\n|-weather|RainDance|[upkeep]\n|-heal|p1b: Dondozo|62/100|[from] item: Leftovers\n|upkeep\n|turn|5\n|\n|t:|1768590379\n|move|p2a: Eva|Power Whip|p1b: Dondozo\n|-supereffective|p1b: Dondozo\n|-damage|p1b: Dondozo|27/100\n|move|p2b: Tripitz|Origin Pulse|p1b: Dondozo|[spread] p1b\n|-miss|p2b: Tripitz|p1a: Tatsugiri\n|-resisted|p1b: Dondozo\n|-damage|p1b: Dondozo|6/100\n|move|p1b: Dondozo|Order Up|p2b: Tripitz\n|-damage|p2b: Tripitz|0 fnt\n|faint|p2b: Tripitz\n|-boost|p1b: Dondozo|def|1\n|\n|-weather|none\n|-heal|p1b: Dondozo|12/100|[from] item: Leftovers\n|-fieldend|move: Trick Room\n|-fieldend|move: Electric Terrain\n|upkeep\n|\n|t:|1768590395\n|switch|p2b: Ludwig|Calyrex-Shadow, L50|32/100\n|-ability|p2b: Ludwig|As One\n|-ability|p2b: Ludwig|Unnerve\n|turn|6\n|\n|t:|1768590404\n|move|p2b: Ludwig|Astral Barrage|p1a: Tatsugiri|[spread] p1b\n|-miss|p2b: Ludwig|p1a: Tatsugiri\n|-damage|p1b: Dondozo|0 fnt\n|faint|p1b: Dondozo\n|-ability|p2b: Ludwig|Grim Neigh|boost\n|-boost|p2b: Ludwig|spa|1\n|move|p2a: Eva|Power Whip|p1a: Tatsugiri\n|-enditem|p1a: Tatsugiri|Focus Sash\n|-damage|p1a: Tatsugiri|1/100\n|\n|upkeep\n|\n|t:|1768590409\n|switch|p1b: Miraidon|Miraidon, L50|100/100\n|-fieldstart|move: Electric Terrain|[from] ability: Hadron Engine|[of] p1b: Miraidon\n|turn|7\n|\n|t:|1768590424\n|-terastallize|p1b: Miraidon|Fairy\n|move|p1a: Tatsugiri|Helping Hand|p1b: Miraidon\n|-singleturn|p1b: Miraidon|Helping Hand|[of] p1a: Tatsugiri\n|move|p2b: Ludwig|Protect|p2b: Ludwig\n|-singleturn|p2b: Ludwig|Protect\n|move|p1b: Miraidon|Dazzling Gleam|p2b: Ludwig|[spread] p2a\n|-activate|p2b: Ludwig|move: Protect\n|-damage|p2a: Eva|37/100\n|move|p2a: Eva|Triple Axel|p1b: Miraidon\n|-damage|p1b: Miraidon|93/100\n|-damage|p1b: Miraidon|81/100\n|-damage|p1b: Miraidon|60/100\n|-hitcount|p1b: Miraidon|3\n|\n|upkeep\n|turn|8\n|inactive|paradox franco has 30 seconds left.\n|\n|t:|1768590453\n|move|p1a: Tatsugiri|Helping Hand|p1b: Miraidon\n|-singleturn|p1b: Miraidon|Helping Hand|[of] p1a: Tatsugiri\n|move|p2a: Eva|Protect|p2a: Eva\n|-singleturn|p2a: Eva|Protect\n|move|p2b: Ludwig|Astral Barrage|p1a: Tatsugiri|[spread] p1a,p1b\n|-damage|p1a: Tatsugiri|0 fnt\n|-damage|p1b: Miraidon|11/100\n|faint|p1a: Tatsugiri\n|-ability|p2b: Ludwig|Grim Neigh|boost\n|-boost|p2b: Ludwig|spa|1\n|move|p1b: Miraidon|Dazzling Gleam|p2b: Ludwig|[spread] p2b\n|-activate|p2a: Eva|move: Protect\n|-damage|p2b: Ludwig|0 fnt\n|faint|p2b: Ludwig\n|\n|upkeep\n|\n|t:|1768590467\n|switch|p2b: Hermann|Kingambit, L50, M, shiny|100/100\n|switch|p1a: Sneasler|Sneasler, L50, M|100/100\n|turn|9\n|\n|t:|1768590480\n|-terastallize|p2b: Hermann|Grass\n|move|p2b: Hermann|Sucker Punch|p1b: Miraidon\n|-resisted|p1b: Miraidon\n|-damage|p1b: Miraidon|0 fnt\n|faint|p1b: Miraidon\n|move|p1a: Sneasler|Dire Claw|p2a: Eva\n|-supereffective|p2a: Eva\n|-damage|p2a: Eva|0 fnt\n|faint|p2a: Eva\n|\n|upkeep\n|turn|10\n|\n|t:|1768590490\n|move|p1a: Sneasler|Dire Claw|p2b: Hermann\n|-supereffective|p2b: Hermann\n|-damage|p2b: Hermann|34/100\n|move|p2b: Hermann|Iron Head|p1a: Sneasler\n|-damage|p1a: Sneasler|23/100\n|\n|upkeep\n|turn|11\n|\n|t:|1768590498\n|move|p2b: Hermann|Sucker Punch|p1a: Sneasler\n|-resisted|p1a: Sneasler\n|-damage|p1a: Sneasler|0 fnt\n|faint|p1a: Sneasler\n|\n|win|marcxhenry\n|raw|paradox franco's rating: 1431 &rarr; <strong>1414</strong><br />(-17 for losing)\n|raw|marcxhenry's rating: 1476 &rarr; <strong>1493</strong><br />(+17 for winning)\n|l|\u2606paradox franco\n|player|p1|\n|l|\u2606marcxhenry\n|player|p2|\n","uploadtime":1768590635,"views":19,"formatid":"gen9vgc2026regi","rating":1414,"private":0,"password":null}