{"id":"gen9vgc2026regi-2553564172","format":"[Gen 9] VGC 2026 Reg I","players":["anegasak","Cello L."],"log":"|j|\u2606anegasak\n|j|\u2606Cello L.\n|t:|1772844884\n|gametype|doubles\n|player|p1|anegasak|169|1385\n|player|p2|Cello L.|psychic-gen4|1406\n|gen|9\n|tier|[Gen 9] VGC 2026 Reg I\n|rated|\n|rule|Species Clause: Limit one of each Pok\u00e9mon\n|rule|Item Clause: Limit 1 of each item\n|clearpoke\n|poke|p1|Kyogre, L50|\n|poke|p1|Lunala, L50|\n|poke|p1|Tornadus, L50, M|\n|poke|p1|Incineroar, L50, M|\n|poke|p1|Rillaboom, L50, M|\n|poke|p1|Smeargle, L50, F|\n|poke|p2|Miraidon, L50|\n|poke|p2|Calyrex-Ice, L50|\n|poke|p2|Landorus, L50, M|\n|poke|p2|Urshifu-*, L50, M|\n|poke|p2|Incineroar, L50, M|\n|poke|p2|Amoonguss, L50, F|\n|teampreview|4\n|inactive|Battle timer is ON: inactive players will automatically lose when time's up. (requested by Cello L.)\n|\n|t:|1772844957\n|teamsize|p1|4\n|teamsize|p2|4\n|start\n|switch|p1a: Lunala|Lunala, L50|100/100\n|switch|p1b: Rillaboom|Rillaboom, L50, M|100/100\n|switch|p2a: Calyrex|Calyrex-Ice, L50|100/100\n|switch|p2b: Urshifu|Urshifu-Rapid-Strike, L50, M|100/100\n|-ability|p2a: Calyrex|As One\n|-ability|p2a: Calyrex|Unnerve\n|-fieldstart|move: Grassy Terrain|[from] ability: Grassy Surge|[of] p1b: Rillaboom\n|turn|1\n|inactive|anegasak has 30 seconds left.\n|inactive|anegasak has 20 seconds left.\n|inactive|anegasak has 15 seconds left.\n|inactive|anegasak has 10 seconds left.\n|inactive|anegasak has 5 seconds left.\n|\n|t:|1772845009\n|switch|p2b: Incineroar|Incineroar, L50, M|100/100\n|-ability|p2b: Incineroar|Intimidate|boost\n|-unboost|p1a: Lunala|atk|1\n|-unboost|p1b: Rillaboom|atk|1\n|move|p2a: Calyrex|Protect|p2a: Calyrex\n|-singleturn|p2a: Calyrex|Protect\n|move|p1b: Rillaboom|U-turn|p2b: Incineroar\n|-damage|p2b: Incineroar|87/100\n|\n|t:|1772845018\n|switch|p1b: Incineroar|Incineroar, L50, M|100/100|[from] U-turn\n|-ability|p1b: Incineroar|Intimidate|boost\n|-fail|p2a: Calyrex|unboost|[from] item: Clear Amulet|[of] p2a: Calyrex\n|-unboost|p2b: Incineroar|atk|1\n|move|p1a: Lunala|Trick Room|p1a: Lunala\n|-fieldstart|move: Trick Room|[of] p1a: Lunala\n|\n|-heal|p2b: Incineroar|93/100|[from] Grassy Terrain\n|upkeep\n|turn|2\n|\n|t:|1772845039\n|move|p1b: Incineroar|Fake Out|p2b: Incineroar\n|-damage|p2b: Incineroar|82/100\n|move|p2a: Calyrex|Glacial Lance|p1a: Lunala|[spread] p1a,p1b\n|-resisted|p1b: Incineroar\n|-damage|p1a: Lunala|74/100\n|-damage|p1b: Incineroar|83/100\n|cant|p2b: Incineroar|flinch\n|move|p1a: Lunala|Meteor Beam||[still]\n|-prepare|p1a: Lunala|Meteor Beam\n|-boost|p1a: Lunala|spa|1\n|-enditem|p1a: Lunala|Power Herb\n|-anim|p1a: Lunala|Meteor Beam|p2b: Incineroar\n|-supereffective|p2b: Incineroar\n|-damage|p2b: Incineroar|0 fnt\n|faint|p2b: Incineroar\n|\n|-heal|p1b: Incineroar|89/100|[from] Grassy Terrain\n|-heal|p1a: Lunala|80/100|[from] Grassy Terrain\n|upkeep\n|\n|t:|1772845054\n|switch|p2b: Urshifu|Urshifu-Rapid-Strike, L50, M|100/100\n|turn|3\n|inactive|anegasak has 30 seconds left.\n|inactive|Cello L. has 30 seconds left.\n|inactive|anegasak has 20 seconds left.\n|\n|t:|1772845092\n|-terastallize|p2a: Calyrex|Fire\n|move|p2a: Calyrex|Glacial Lance|p1b: Incineroar|[spread] p1a,p1b\n|-resisted|p1b: Incineroar\n|-damage|p1a: Lunala|25/100\n|-damage|p1b: Incineroar|69/100\n|move|p1b: Incineroar|Knock Off|p2b: Urshifu\n|-resisted|p2b: Urshifu\n|-damage|p2b: Urshifu|80/100\n|-enditem|p2b: Urshifu|Focus Sash|[from] move: Knock Off|[of] p1b: Incineroar\n|move|p2b: Urshifu|Surging Strikes|p1a: Lunala\n|-crit|p1a: Lunala\n|-damage|p1a: Lunala|5/100\n|-crit|p1a: Lunala\n|-damage|p1a: Lunala|0 fnt\n|faint|p1a: Lunala\n|-hitcount|p1: Lunala|2\n|\n|-heal|p1b: Incineroar|75/100|[from] Grassy Terrain\n|-heal|p2b: Urshifu|86/100|[from] Grassy Terrain\n|upkeep\n|inactive|anegasak has 30 seconds left.\n|\n|t:|1772845120\n|switch|p1a: Rillaboom|Rillaboom, L50, M|100/100\n|turn|4\n|\n|t:|1772845140\n|-terastallize|p1a: Rillaboom|Water\n|move|p2b: Urshifu|Detect|p2b: Urshifu\n|-singleturn|p2b: Urshifu|Protect\n|move|p2a: Calyrex|Glacial Lance|p1a: Rillaboom|[spread] p1a,p1b\n|-resisted|p1a: Rillaboom\n|-resisted|p1b: Incineroar\n|-crit|p1b: Incineroar\n|-damage|p1a: Rillaboom|74/100\n|-damage|p1b: Incineroar|47/100\n|move|p1b: Incineroar|Knock Off|p2a: Calyrex\n|-damage|p2a: Calyrex|75/100\n|-enditem|p2a: Calyrex|Clear Amulet|[from] move: Knock Off|[of] p1b: Incineroar\n|move|p1a: Rillaboom|Wood Hammer|p2b: Urshifu\n|-activate|p2b: Urshifu|move: Protect\n|\n|-heal|p2a: Calyrex|81/100|[from] Grassy Terrain\n|-heal|p1b: Incineroar|53/100|[from] Grassy Terrain\n|-heal|p1a: Rillaboom|80/100|[from] Grassy Terrain\n|-heal|p2b: Urshifu|92/100|[from] Grassy Terrain\n|upkeep\n|turn|5\n|inactive|anegasak has 30 seconds left.\n|inactive|anegasak has 20 seconds left.\n|inactive|anegasak has 15 seconds left.\n|\n|t:|1772845181\n|switch|p2b: Miraidon|Miraidon, L50|100/100\n|-fieldstart|move: Electric Terrain|[from] ability: Hadron Engine|[of] p2b: Miraidon\n|move|p2a: Calyrex|High Horsepower|p1b: Incineroar\n|-supereffective|p1b: Incineroar\n|-damage|p1b: Incineroar|1/100\n|move|p1b: Incineroar|Parting Shot|p2a: Calyrex\n|-unboost|p2a: Calyrex|atk|1\n|-unboost|p2a: Calyrex|spa|1\n|\n|t:|1772845192\n|switch|p1b: Kyogre|Kyogre, L50|100/100|[from] Parting Shot\n|-weather|RainDance|[from] ability: Drizzle|[of] p1b: Kyogre\n|move|p1a: Rillaboom|Wood Hammer|p2b: Miraidon\n|-resisted|p2b: Miraidon\n|-damage|p2b: Miraidon|72/100\n|-damage|p1a: Rillaboom|71/100|[from] Recoil\n|\n|-weather|RainDance|[upkeep]\n|-fieldend|move: Trick Room\n|upkeep\n|turn|6\n|inactive|anegasak has 30 seconds left.\n|-message|anegasak forfeited.\n|\n|win|Cello L.\n|raw|anegasak's rating: 1385 &rarr; <strong>1366</strong><br />(-19 for losing)\n|raw|Cello L.'s rating: 1406 &rarr; <strong>1425</strong><br />(+19 for winning)\n|l|\u2606anegasak\n|player|p1|\n","uploadtime":1772845222,"views":14,"formatid":"gen9vgc2026regi","rating":1366,"private":0,"password":null}