{"id":"gen9vgc2026regi-2550340700","format":"[Gen 9] VGC 2026 Reg I","players":["jesuuuus","alchemistake"],"log":"|j|\u2606jesuuuus\n|j|\u2606alchemistake\n|t:|1772478480\n|gametype|doubles\n|player|p1|jesuuuus|101|\n|player|p2|alchemistake|giovanni-gen1rb|\n|gen|9\n|tier|[Gen 9] VGC 2026 Reg I\n|rated|Tournament battle\n|rule|Species Clause: Limit one of each Pok\u00e9mon\n|rule|Item Clause: Limit 1 of each item\n|raw|<div class=\"infobox\"><details class=\"readmore\" open><summary><strong>1 custom rule:</strong></summary> force open teamsheets</details></div>\n|clearpoke\n|poke|p1|Calyrex-Shadow, L50|\n|poke|p1|Zamazenta-*, L50|\n|poke|p1|Chien-Pao, L50|\n|poke|p1|Dragonite, L50, F|\n|poke|p1|Raging Bolt, L50|\n|poke|p1|Amoonguss, L50, F|\n|poke|p2|Sneasler, L50, M|\n|poke|p2|Dondozo, L50, F|\n|poke|p2|Tatsugiri-Droopy, L50, M|\n|poke|p2|Miraidon, L50|\n|poke|p2|Calyrex-Shadow, L50|\n|poke|p2|Chi-Yu, L50|\n|teampreview|4\n|showteam|p1|Calyrex-Shadow||FocusSash|AsOneSpectrier|AstralBarrage,Psychic,Encore,Protect||||||50|,,,,,Ghost]Zamazenta-Crowned||RustedShield|DauntlessShield|BodyPress,HeavySlam,WideGuard,Protect||||||50|,,,,,Dragon]Chien-Pao||AssaultVest|SwordofRuin|IceSpinner,SuckerPunch,Ruination,IcyWind||||||50|,,,,,Poison]Dragonite||ChoiceBand|InnerFocus|ExtremeSpeed,LowKick,AquaJet,Outrage|||F|||50|,,,,,Normal]Raging Bolt||BoosterEnergy|Protosynthesis|Thunderbolt,Thunderclap,DragonPulse,Protect||||||50|,,,,,Electric]Amoonguss||RockyHelmet|Regenerator|Spore,SludgeBomb,RagePowder,Protect|||F|||50|,,,,,Water\n|showteam|p2|Sneasler||ElectricSeed|Unburden|CloseCombat,DireClaw,ToxicSpikes,Protect|||M|||50|,,,,,Dark]Dondozo||Leftovers|Unaware|Earthquake,OrderUp,BodyPress,Protect|||F|||50|,,,,,Grass]Tatsugiri-Droopy||FocusSash|Commander|DracoMeteor,Surf,HelpingHand,Protect|||M|||50|,,,,,Water]Miraidon||ChoiceScarf|HadronEngine|Snarl,ElectroDrift,DazzlingGleam,VoltSwitch||||||50|,,,,,Fairy]Calyrex-Shadow||LifeOrb|AsOneSpectrier|AstralBarrage,DrainingKiss,Psychic,Protect||||||50|,,,,,Fairy]Chi-Yu||ChoiceSpecs|BeadsofRuin|HeatWave,Snarl,Flamethrower,DarkPulse||||||50|,,,,,Ghost\n|inactive|Battle timer is ON: inactive players will automatically lose when time's up. (requested by alchemistake)\n|j| Navy0622\n|c|\u2606alchemistake|another gbvgc classic\n|j| Lewlo\n|c|\u2606jesuuuus|are you in gbvgc\n|j| mynamegrassgreen\n|c|\u2606alchemistake|you play jesuus in finals in small tourneys\n|j| ultimate444\n|c|\u2606alchemistake|fake jesuuus\n|inactive|jesuuuus has 60 seconds left.\n|inactive|alchemistake has 60 seconds left.\n|l| ultimate444\n|c|\u2606jesuuuus|how to kill sneasler\n|inactive|jesuuuus has 30 seconds left.\n|inactive|jesuuuus has 20 seconds left.\n|inactive|jesuuuus has 15 seconds left.\n|inactive|jesuuuus has 10 seconds left.\n|\n|t:|1772478565\n|teamsize|p1|4\n|teamsize|p2|4\n|start\n|switch|p1a: Arlie|Chien-Pao, L50|100/100\n|switch|p1b: Green Goober|Dragonite, L50, F|100/100\n|switch|p2a: Miraidon|Miraidon, L50, shiny|100/100\n|switch|p2b: Sneasler|Sneasler, L50, M, shiny|100/100\n|-fieldstart|move: Electric Terrain|[from] ability: Hadron Engine|[of] p2a: Miraidon\n|-enditem|p2b: Sneasler|Electric Seed\n|-boost|p2b: Sneasler|def|1|[from] item: Electric Seed\n|-ability|p1a: Arlie|Sword of Ruin\n|turn|1\n|c| mynamegrassgreen|flame charge\n|inactive|jesuuuus has 30 seconds left.\n|j|@krangune\u2764\n|inactive|jesuuuus has 20 seconds left.\n|j| asdfvaeea\n|inactive|jesuuuus has 15 seconds left.\n|\n|t:|1772478609\n|-terastallize|p1b: Green Goober|Normal\n|move|p1b: Green Goober|Extreme Speed|p2a: Miraidon\n|-damage|p2a: Miraidon|11/100\n|move|p2b: Sneasler|Toxic Spikes|p1a: Arlie\n|-sidestart|p1: jesuuuus|move: Toxic Spikes\n|move|p2a: Miraidon|Dazzling Gleam|p1a: Arlie|[spread] p1a,p1b\n|-supereffective|p1a: Arlie\n|-damage|p1a: Arlie|48/100\n|-damage|p1b: Green Goober|73/100\n|move|p1a: Arlie|Ice Spinner|p2a: Miraidon\n|-supereffective|p2a: Miraidon\n|-damage|p2a: Miraidon|0 fnt\n|-fieldend|move: Electric Terrain\n|faint|p2a: Miraidon\n|\n|upkeep\n|j| foloppo\n|\n|t:|1772478622\n|switch|p2a: Dondozo|Dondozo, L50, F, shiny|100/100\n|turn|2\n|\n|t:|1772478636\n|switch|p1a: Verizon|Amoonguss, L50, F|100/100\n|-sideend|p1: jesuuuus|move: Toxic Spikes|[of] p1a: Verizon\n|switch|p1b: PinkPonyClub|Calyrex-Shadow, L50|100/100\n|-ability|p1b: PinkPonyClub|As One\n|-ability|p1b: PinkPonyClub|Unnerve\n|move|p2a: Dondozo|Protect|p2a: Dondozo\n|-singleturn|p2a: Dondozo|Protect\n|move|p2b: Sneasler|Close Combat|p1b: PinkPonyClub\n|-immune|p1b: PinkPonyClub\n|\n|upkeep\n|turn|3\n|\n|t:|1772478655\n|-terastallize|p2a: Dondozo|Grass\n|move|p2b: Sneasler|Toxic Spikes|p1a: Verizon\n|-sidestart|p1: jesuuuus|move: Toxic Spikes\n|move|p1b: PinkPonyClub|Encore|p2a: Dondozo\n|-start|p2a: Dondozo|Encore\n|move|p2a: Dondozo|Protect|p2a: Dondozo\n|-singleturn|p2a: Dondozo|Protect\n|move|p1a: Verizon|Spore|p2b: Sneasler\n|-status|p2b: Sneasler|slp|[from] move: Spore\n|\n|upkeep\n|turn|4\n|\n|t:|1772478677\n|switch|p2b: Tatsugiri|Tatsugiri-Droopy, L50, M, shiny|100/100\n|-activate|p2b: Tatsugiri|ability: Commander|[of] p2a: Dondozo\n|-boost|p2a: Dondozo|atk|2\n|-boost|p2a: Dondozo|spa|2\n|-boost|p2a: Dondozo|spe|2\n|-boost|p2a: Dondozo|def|2\n|-boost|p2a: Dondozo|spd|2\n|move|p2a: Dondozo|Protect||[still]\n|-fail|p2a: Dondozo\n|move|p1b: PinkPonyClub|Psychic|p2b: Tatsugiri|[miss]\n|-miss|p1b: PinkPonyClub|p2b: Tatsugiri\n|move|p1a: Verizon|Spore|p2a: Dondozo\n|-immune|p2a: Dondozo\n|\n|upkeep\n|turn|5\n|j| liamvgc1\n|\n|t:|1772478684\n|move|p2a: Dondozo|Protect|p2a: Dondozo\n|-singleturn|p2a: Dondozo|Protect\n|move|p1b: PinkPonyClub|Psychic|p2a: Dondozo\n|-activate|p2a: Dondozo|move: Protect\n|move|p1a: Verizon|Sludge Bomb|p2a: Dondozo\n|-activate|p2a: Dondozo|move: Protect\n|\n|-end|p2a: Dondozo|Encore\n|upkeep\n|turn|6\n|c|\u2606alchemistake|bro i run 12 protects for this exact reason\n|c|\u2606alchemistake|anyway you win this\n|\n|t:|1772478698\n|move|p2a: Dondozo|Protect|p2a: Dondozo\n|-singleturn|p2a: Dondozo|Protect\n|move|p1b: PinkPonyClub|Encore|p2a: Dondozo\n|-activate|p2a: Dondozo|move: Protect\n|move|p1a: Verizon|Sludge Bomb|p2a: Dondozo\n|-activate|p2a: Dondozo|move: Protect\n|\n|upkeep\n|turn|7\n|c|\u2606alchemistake|ggs\n|\n|t:|1772478703\n|move|p2a: Dondozo|Protect||[still]\n|-fail|p2a: Dondozo\n|move|p1b: PinkPonyClub|Encore|p2a: Dondozo\n|-start|p2a: Dondozo|Encore\n|move|p1a: Verizon|Sludge Bomb|p2a: Dondozo\n|-supereffective|p2a: Dondozo\n|-damage|p2a: Dondozo|81/100\n|\n|-heal|p2a: Dondozo|87/100|[from] item: Leftovers\n|upkeep\n|turn|8\n|j| rorain fearow\n|\n|t:|1772478713\n|move|p2a: Dondozo|Protect|p2a: Dondozo\n|-singleturn|p2a: Dondozo|Protect\n|move|p1b: PinkPonyClub|Psychic|p2a: Dondozo\n|-activate|p2a: Dondozo|move: Protect\n|move|p1a: Verizon|Sludge Bomb|p2a: Dondozo\n|-activate|p2a: Dondozo|move: Protect\n|\n|-heal|p2a: Dondozo|93/100|[from] item: Leftovers\n|upkeep\n|turn|9\n|\n|t:|1772478730\n|move|p2a: Dondozo|Protect|p2a: Dondozo\n|-singleturn|p2a: Dondozo|Protect\n|move|p1b: PinkPonyClub|Psychic|p2a: Dondozo\n|-activate|p2a: Dondozo|move: Protect\n|move|p1a: Verizon|Sludge Bomb|p2a: Dondozo\n|-activate|p2a: Dondozo|move: Protect\n|\n|-heal|p2a: Dondozo|99/100|[from] item: Leftovers\n|upkeep\n|turn|10\n|\n|t:|1772478735\n|move|p2a: Dondozo|Protect||[still]\n|-fail|p2a: Dondozo\n|move|p1b: PinkPonyClub|Psychic|p2a: Dondozo\n|-damage|p2a: Dondozo|82/100\n|move|p1a: Verizon|Sludge Bomb|p2a: Dondozo\n|-supereffective|p2a: Dondozo\n|-damage|p2a: Dondozo|65/100\n|\n|-heal|p2a: Dondozo|71/100|[from] item: Leftovers\n|-end|p2a: Dondozo|Encore\n|upkeep\n|turn|11\n|\n|t:|1772478744\n|move|p2a: Dondozo|Protect|p2a: Dondozo\n|-singleturn|p2a: Dondozo|Protect\n|move|p1b: PinkPonyClub|Encore|p2a: Dondozo\n|-activate|p2a: Dondozo|move: Protect\n|move|p1a: Verizon|Sludge Bomb|p2a: Dondozo\n|-activate|p2a: Dondozo|move: Protect\n|\n|-heal|p2a: Dondozo|78/100|[from] item: Leftovers\n|upkeep\n|turn|12\n|\n|t:|1772478747\n|move|p2a: Dondozo|Protect||[still]\n|-fail|p2a: Dondozo\n|move|p1b: PinkPonyClub|Encore|p2a: Dondozo\n|-start|p2a: Dondozo|Encore\n|move|p1a: Verizon|Sludge Bomb|p2a: Dondozo\n|-supereffective|p2a: Dondozo\n|-damage|p2a: Dondozo|59/100\n|\n|-heal|p2a: Dondozo|65/100|[from] item: Leftovers\n|upkeep\n|turn|13\n|\n|t:|1772478753\n|move|p2a: Dondozo|Protect|p2a: Dondozo\n|-singleturn|p2a: Dondozo|Protect\n|move|p1b: PinkPonyClub|Psychic|p2a: Dondozo\n|-activate|p2a: Dondozo|move: Protect\n|move|p1a: Verizon|Sludge Bomb|p2a: Dondozo\n|-activate|p2a: Dondozo|move: Protect\n|\n|-heal|p2a: Dondozo|71/100|[from] item: Leftovers\n|upkeep\n|turn|14\n|\n|t:|1772478764\n|move|p2a: Dondozo|Protect||[still]\n|-fail|p2a: Dondozo\n|move|p1b: PinkPonyClub|Psychic|p2a: Dondozo\n|-damage|p2a: Dondozo|53/100\n|move|p1a: Verizon|Sludge Bomb|p2a: Dondozo\n|-supereffective|p2a: Dondozo\n|-damage|p2a: Dondozo|36/100\n|\n|-heal|p2a: Dondozo|42/100|[from] item: Leftovers\n|upkeep\n|turn|15\n|\n|t:|1772478783\n|move|p2a: Dondozo|Protect|p2a: Dondozo\n|-singleturn|p2a: Dondozo|Protect\n|move|p1b: PinkPonyClub|Psychic|p2a: Dondozo\n|-activate|p2a: Dondozo|move: Protect\n|move|p1a: Verizon|Sludge Bomb|p2a: Dondozo\n|-activate|p2a: Dondozo|move: Protect\n|\n|-heal|p2a: Dondozo|48/100|[from] item: Leftovers\n|-end|p2a: Dondozo|Encore\n|upkeep\n|turn|16\n|\n|t:|1772478793\n|move|p2a: Dondozo|Protect|p2a: Dondozo\n|-singleturn|p2a: Dondozo|Protect\n|move|p1b: PinkPonyClub|Encore|p2a: Dondozo\n|-activate|p2a: Dondozo|move: Protect\n|move|p1a: Verizon|Sludge Bomb|p2a: Dondozo\n|-activate|p2a: Dondozo|move: Protect\n|\n|-heal|p2a: Dondozo|54/100|[from] item: Leftovers\n|upkeep\n|turn|17\n|\n|t:|1772478798\n|move|p2a: Dondozo|Protect|p2a: Dondozo\n|-singleturn|p2a: Dondozo|Protect\n|move|p1b: PinkPonyClub|Encore|p2a: Dondozo\n|-activate|p2a: Dondozo|move: Protect\n|move|p1a: Verizon|Sludge Bomb|p2a: Dondozo\n|-activate|p2a: Dondozo|move: Protect\n|\n|-heal|p2a: Dondozo|60/100|[from] item: Leftovers\n|upkeep\n|turn|18\n|\n|t:|1772478810\n|move|p1b: PinkPonyClub|Psychic|p2a: Dondozo\n|-damage|p2a: Dondozo|41/100\n|move|p2a: Dondozo|Order Up|p1b: PinkPonyClub\n|-damage|p1b: PinkPonyClub|57/100\n|-boost|p2a: Dondozo|def|1\n|move|p1a: Verizon|Sludge Bomb|p2a: Dondozo\n|-supereffective|p2a: Dondozo\n|-damage|p2a: Dondozo|22/100\n|\n|-heal|p2a: Dondozo|28/100|[from] item: Leftovers\n|upkeep\n|turn|19\n|\n|t:|1772478826\n|move|p1b: PinkPonyClub|Psychic|p2a: Dondozo\n|-damage|p2a: Dondozo|10/100\n|move|p2a: Dondozo|Earthquake|p1b: PinkPonyClub|[spread] p1a,p1b\n|-miss|p2a: Dondozo|p2b: Tatsugiri\n|-damage|p1a: Verizon|74/100\n|-damage|p1b: PinkPonyClub|16/100\n|move|p1a: Verizon|Sludge Bomb|p2a: Dondozo\n|-supereffective|p2a: Dondozo\n|-damage|p2a: Dondozo|0 fnt\n|faint|p2a: Dondozo\n|\n|upkeep\n|j| mysticmarshtomp\n|\n|t:|1772478834\n|switch|p2a: Sneasler|Sneasler, L50, M, shiny|100/100 slp\n|turn|20\n|\n|t:|1772478842\n|move|p1b: PinkPonyClub|Psychic|p2a: Sneasler\n|-supereffective|p2a: Sneasler\n|-damage|p2a: Sneasler|0 fnt\n|faint|p2a: Sneasler\n|-ability|p1b: PinkPonyClub|Grim Neigh|boost\n|-boost|p1b: PinkPonyClub|spa|1\n|move|p2b: Tatsugiri|Surf|p1b: PinkPonyClub|[spread] p1a,p1b\n|-resisted|p1a: Verizon\n|-damage|p1a: Verizon|61/100\n|-damage|p1b: PinkPonyClub|0 fnt\n|faint|p1b: PinkPonyClub\n|move|p1a: Verizon|Spore|p2b: Tatsugiri\n|-status|p2b: Tatsugiri|slp|[from] move: Spore\n|\n|upkeep\n|\n|t:|1772478845\n|switch|p1b: Green Goober|Dragonite, L50, F, tera:Normal|73/100\n|-status|p1b: Green Goober|psn\n|turn|21\n|j| ido1234567890\n|\n|t:|1772478850\n|switch|p1a: Arlie|Chien-Pao, L50|48/100\n|-status|p1a: Arlie|psn\n|-ability|p1a: Arlie|Sword of Ruin\n|cant|p2b: Tatsugiri|slp\n|move|p1b: Green Goober|Extreme Speed|p2b: Tatsugiri\n|-enditem|p2b: Tatsugiri|Focus Sash\n|-damage|p2b: Tatsugiri|1/100 slp\n|\n|-damage|p1a: Arlie|35/100 psn|[from] psn\n|-damage|p1b: Green Goober|61/100 psn|[from] psn\n|upkeep\n|turn|22\n|c|\u2606jesuuuus|ggs\n|c|\u2606alchemistake|wp\n|l| mysticmarshtomp\n|\n|t:|1772478858\n|cant|p2b: Tatsugiri|slp\n|move|p1b: Green Goober|Extreme Speed|p2b: Tatsugiri\n|-damage|p2b: Tatsugiri|0 fnt\n|faint|p2b: Tatsugiri\n|\n|win|jesuuuus\n|n|\u2606jesuuuus|jesuuuus\n|n|\u2606alchemistake|alchemistake\n|n| Navy0622|navy0622\n|n| Lewlo|lewlo\n|n| mynamegrassgreen|mynamegrassgreen\n|n| krangune\u2764|krangune\n|n| asdfvaeea|asdfvaeea\n|n| foloppo|foloppo\n|n| liamvgc1|liamvgc1\n|n| rorain fearow|rorainfearow\n|n| ido1234567890|ido1234567890\n","uploadtime":1772478859,"views":21,"formatid":"gen9vgc2026regi","rating":null,"private":0,"password":null}