{"id":"gen9vgc2026regi-2557028948","format":"[Gen 9] VGC 2026 Reg I","players":["bola696","SnarkyShane"],"log":"|j|\u2606bola696\n|j|\u2606SnarkyShane\n|t:|1773271625\n|gametype|doubles\n|player|p1|bola696|red|1343\n|player|p2|SnarkyShane|gambler|1492\n|gen|9\n|tier|[Gen 9] VGC 2026 Reg I\n|rated|\n|rule|Species Clause: Limit one of each Pok\u00e9mon\n|rule|Item Clause: Limit 1 of each item\n|clearpoke\n|poke|p1|Terapagos, L50, M|\n|poke|p1|Incineroar, L50, M|\n|poke|p1|Flutter Mane, L50|\n|poke|p1|Miraidon, L50|\n|poke|p1|Smeargle, L50, F|\n|poke|p1|Urshifu-*, L50, M|\n|poke|p2|Rayquaza, L50|\n|poke|p2|Calyrex-Shadow, L50|\n|poke|p2|Chien-Pao, L50|\n|poke|p2|Ting-Lu, L50|\n|poke|p2|Amoonguss, L50, F|\n|poke|p2|Avalugg-Hisui, L50, F|\n|teampreview|4\n|inactive|Battle timer is ON: inactive players will automatically lose when time's up. (requested by SnarkyShane)\n|inactive|SnarkyShane has 60 seconds left.\n|\n|t:|1773271665\n|teamsize|p1|4\n|teamsize|p2|4\n|start\n|switch|p1a: Terapagos|Terapagos, L50, M|100/100\n|switch|p1b: Smeargle|Smeargle, L50, F, shiny|100/100\n|switch|p2a: FesterinEquestrian|Calyrex-Shadow, L50|100/100\n|switch|p2b: Big Gulp|Ting-Lu, L50|100/100\n|-activate|p1a: Terapagos|ability: Tera Shift\n|detailschange|p1a: Terapagos|Terapagos-Terastal, L50, M\n|-heal|p1a: Terapagos|100/100|[silent]\n|-ability|p2a: FesterinEquestrian|As One\n|-ability|p2a: FesterinEquestrian|Unnerve\n|-ability|p2b: Big Gulp|Vessel of Ruin\n|turn|1\n|\n|t:|1773271676\n|move|p2a: FesterinEquestrian|Taunt|p1b: Smeargle\n|-start|p1b: Smeargle|move: Taunt\n|cant|p1b: Smeargle|move: Taunt|Tailwind\n|move|p1a: Terapagos|Calm Mind|p1a: Terapagos\n|-boost|p1a: Terapagos|spa|1\n|-boost|p1a: Terapagos|spd|1\n|move|p2b: Big Gulp|Ruination|p1a: Terapagos\n|-damage|p1a: Terapagos|50/100\n|\n|-ability|p1b: Smeargle|Moody|boost\n|-boost|p1b: Smeargle|spe|2\n|-unboost|p1b: Smeargle|def|1\n|upkeep\n|turn|2\n|inactive|bola696 has 30 seconds left.\n|\n|t:|1773271702\n|switch|p1b: Miraidon|Miraidon, L50, shiny|100/100\n|-fieldstart|move: Electric Terrain|[from] ability: Hadron Engine|[of] p1b: Miraidon\n|-enditem|p1a: Terapagos|Electric Seed\n|-boost|p1a: Terapagos|def|1|[from] item: Electric Seed\n|move|p1a: Terapagos|Protect|p1a: Terapagos\n|-singleturn|p1a: Terapagos|Protect\n|move|p2a: FesterinEquestrian|Astral Barrage|p1b: Miraidon|[spread] p1b\n|-activate|p1a: Terapagos|move: Protect\n|-damage|p1b: Miraidon|81/100\n|move|p2b: Big Gulp|Stomping Tantrum|p1b: Miraidon\n|-supereffective|p1b: Miraidon\n|-damage|p1b: Miraidon|17/100\n|\n|upkeep\n|turn|3\n|inactive|SnarkyShane has 30 seconds left.\n|inactive|SnarkyShane has 20 seconds left.\n|\n|t:|1773271741\n|switch|p1b: Smeargle|Smeargle, L50, F, shiny|100/100\n|-terastallize|p1a: Terapagos|Stellar\n|detailschange|p1a: Terapagos|Terapagos-Stellar, L50, M, tera:Stellar\n|-heal|p1a: Terapagos|64/100|[silent]\n|-ability|p1a: Terapagos|Teraform Zero\n|-fieldend|move: Electric Terrain\n|move|p2a: FesterinEquestrian|Psychic|p1b: Smeargle\n|-damage|p1b: Smeargle|13/100\n|-unboost|p1b: Smeargle|spd|1\n|move|p1a: Terapagos|Tera Starstorm|p2b: Big Gulp|[spread] p2a,p2b\n|-damage|p2a: FesterinEquestrian|52/100\n|-damage|p2b: Big Gulp|79/100\n|move|p2b: Big Gulp|Stomping Tantrum|p1b: Smeargle\n|-damage|p1b: Smeargle|0 fnt\n|faint|p1b: Smeargle\n|\n|upkeep\n|\n|t:|1773271759\n|switch|p1b: Urshifu|Urshifu-Rapid-Strike, L50, M|100/100\n|turn|4\n|\n|t:|1773271777\n|move|p1b: Urshifu|Detect|p1b: Urshifu\n|-singleturn|p1b: Urshifu|Protect\n|move|p2a: FesterinEquestrian|Psychic|p1b: Urshifu\n|-activate|p1b: Urshifu|move: Protect\n|move|p1a: Terapagos|Tera Starstorm|p2a: FesterinEquestrian|[spread] p2a,p2b\n|-damage|p2a: FesterinEquestrian|7/100\n|-damage|p2b: Big Gulp|57/100\n|move|p2b: Big Gulp|Stomping Tantrum|p1b: Urshifu\n|-activate|p1b: Urshifu|move: Protect\n|\n|upkeep\n|turn|5\n|\n|t:|1773271798\n|move|p1b: Urshifu|Aqua Jet|p2a: FesterinEquestrian\n|-damage|p2a: FesterinEquestrian|0 fnt\n|faint|p2a: FesterinEquestrian\n|move|p1a: Terapagos|Tera Starstorm|p2b: Big Gulp\n|-damage|p2b: Big Gulp|28/100\n|move|p2b: Big Gulp|Stomping Tantrum|p1b: Urshifu\n|-damage|p1b: Urshifu|63/100\n|\n|upkeep\n|\n|t:|1773271806\n|switch|p2a: Noodle Del Muerte|Rayquaza, L50|100/100\n|-ability|p2a: Noodle Del Muerte|Air Lock\n|turn|6\n|inactive|SnarkyShane has 30 seconds left.\n|inactive|SnarkyShane has 20 seconds left.\n|inactive|SnarkyShane has 15 seconds left.\n|\n|t:|1773271848\n|move|p1b: Urshifu|Aqua Jet|p2b: Big Gulp\n|-supereffective|p2b: Big Gulp\n|-damage|p2b: Big Gulp|0 fnt\n|faint|p2b: Big Gulp\n|move|p1a: Terapagos|Tera Starstorm|p2a: Noodle Del Muerte\n|-damage|p2a: Noodle Del Muerte|28/100\n|move|p2a: Noodle Del Muerte|Dragon Ascent|p1b: Urshifu\n|-supereffective|p1b: Urshifu\n|-damage|p1b: Urshifu|0 fnt\n|-unboost|p2a: Noodle Del Muerte|def|1\n|-unboost|p2a: Noodle Del Muerte|spd|1\n|faint|p1b: Urshifu\n|\n|upkeep\n|\n|t:|1773271859\n|switch|p1b: Miraidon|Miraidon, L50, shiny|17/100\n|switch|p2b: Victor Creed|Chien-Pao, L50|100/100\n|-ability|p2b: Victor Creed|Sword of Ruin\n|-fieldstart|move: Electric Terrain|[from] ability: Hadron Engine|[of] p1b: Miraidon\n|turn|7\n|\n|t:|1773271866\n|move|p2a: Noodle Del Muerte|Extreme Speed|p1b: Miraidon\n|-damage|p1b: Miraidon|0 fnt\n|faint|p1b: Miraidon\n|move|p2b: Victor Creed|Sacred Sword|p1a: Terapagos\n|-supereffective|p1a: Terapagos\n|-damage|p1a: Terapagos|0 fnt\n|faint|p1a: Terapagos\n|detailschange|p1: Terapagos|Terapagos, L50, M|[silent]\n|-damage|p2b: Victor Creed|91/100|[from] item: Life Orb\n|\n|win|SnarkyShane\n|raw|bola696's rating: 1343 &rarr; <strong>1331</strong><br />(-12 for losing)\n|raw|SnarkyShane's rating: 1492 &rarr; <strong>1504</strong><br />(+12 for winning)\n|l|\u2606bola696\n|player|p1|\n|l|\u2606SnarkyShane\n|player|p2|\n","uploadtime":1773272130,"views":14,"formatid":"gen9vgc2026regi","rating":1331,"private":0,"password":null}