{"id":"gen9vgc2026regi-2565231661","format":"[Gen 9] VGC 2026 Reg I","players":["ScribbleScribble","highkage2"],"log":"|j|\u2606ScribbleScribble\n|j|\u203dhighkage2\n|t:|1774248231\n|gametype|doubles\n|player|p1|ScribbleScribble|mina-lgpe|1696\n|player|p2|highkage2|doubleteam|1641\n|gen|9\n|tier|[Gen 9] VGC 2026 Reg I\n|rated|\n|rule|Species Clause: Limit one of each Pok\u00e9mon\n|rule|Item Clause: Limit 1 of each item\n|clearpoke\n|poke|p1|Calyrex-Ice, L50|\n|poke|p1|Kyogre, L50|\n|poke|p1|Tornadus, L50, M|\n|poke|p1|Indeedee-F, L50, F|\n|poke|p1|Urshifu-*, L50, M|\n|poke|p1|Landorus, L50, M|\n|poke|p2|Incineroar, L50, M|\n|poke|p2|Calyrex-Ice, L50|\n|poke|p2|Miraidon, L50|\n|poke|p2|Farigiraf, L50, F|\n|poke|p2|Pelipper, L50, M|\n|poke|p2|Iron Treads, L50|\n|teampreview|4\n|inactive|Battle timer is ON: inactive players will automatically lose when time's up. (requested by ScribbleScribble)\n|\n|t:|1774248257\n|teamsize|p1|4\n|teamsize|p2|4\n|start\n|switch|p1a: Calyrex|Calyrex-Ice, L50|100/100\n|switch|p1b: Indeedee|Indeedee-F, L50, F, shiny|100/100\n|switch|p2a: Incineroar|Incineroar, L50, M|100/100\n|switch|p2b: Calyrex|Calyrex-Ice, L50|100/100\n|-ability|p1a: Calyrex|As One\n|-ability|p1a: Calyrex|Unnerve\n|-ability|p2b: Calyrex|As One\n|-ability|p2b: Calyrex|Unnerve\n|-fieldstart|move: Psychic Terrain|[from] ability: Psychic Surge|[of] p1b: Indeedee\n|-enditem|p1b: Indeedee|Psychic Seed\n|-boost|p1b: Indeedee|spd|1|[from] item: Psychic Seed\n|-ability|p2a: Incineroar|Intimidate|boost\n|-fail|p1a: Calyrex|unboost|[from] item: Clear Amulet|[of] p1a: Calyrex\n|-unboost|p1b: Indeedee|atk|1\n|turn|1\n|inactive|highkage2 has 30 seconds left.\n|\n|t:|1774248290\n|move|p1b: Indeedee|Follow Me|p1b: Indeedee\n|-singleturn|p1b: Indeedee|move: Follow Me\n|move|p1a: Calyrex|Imprison|p1a: Calyrex\n|-start|p1a: Calyrex|move: Imprison\n|move|p2a: Incineroar|Knock Off|p1b: Indeedee\n|-supereffective|p1b: Indeedee\n|-damage|p1b: Indeedee|52/100\n|cant|p2b: Calyrex|move: Imprison|Glacial Lance\n|\n|upkeep\n|turn|2\n|inactive|highkage2 has 30 seconds left.\n|\n|t:|1774248317\n|switch|p2b: Iron Treads|Iron Treads, L50|100/100\n|move|p1b: Indeedee|Follow Me|p1b: Indeedee\n|-singleturn|p1b: Indeedee|move: Follow Me\n|move|p1a: Calyrex|Glacial Lance|p2a: Incineroar|[spread] p2a,p2b\n|-resisted|p2a: Incineroar\n|-damage|p2a: Incineroar|82/100\n|-damage|p2b: Iron Treads|55/100\n|move|p2a: Incineroar|U-turn|p1b: Indeedee\n|-supereffective|p1b: Indeedee\n|-damage|p1b: Indeedee|19/100\n|\n|t:|1774248328\n|switch|p2a: Miraidon|Miraidon, L50|100/100|[from] U-turn\n|-fieldstart|move: Electric Terrain|[from] ability: Hadron Engine|[of] p2a: Miraidon\n|-activate|p2b: Iron Treads|ability: Quark Drive\n|-start|p2b: Iron Treads|quarkdrivespe\n|\n|upkeep\n|turn|3\n|inactive|ScribbleScribble has 30 seconds left.\n|inactive|highkage2 has 30 seconds left.\n|j| mianzi\n|\n|t:|1774248358\n|switch|p1b: Tornadus|Tornadus, L50, M|100/100\n|-terastallize|p2a: Miraidon|Fairy\n|-terastallize|p1a: Calyrex|Grass\n|move|p2b: Iron Treads|Iron Head|p1b: Tornadus\n|-damage|p1b: Tornadus|13/100\n|move|p2a: Miraidon|Electro Drift|p1a: Calyrex\n|-resisted|p1a: Calyrex\n|-damage|p1a: Calyrex|44/100\n|move|p1a: Calyrex|Glacial Lance|p2a: Miraidon|[spread] p2a,p2b\n|-damage|p2a: Miraidon|55/100\n|-damage|p2b: Iron Treads|4/100\n|\n|upkeep\n|turn|4\n|inactive|highkage2 has 30 seconds left.\n|\n|t:|1774248388\n|move|p1b: Tornadus|Tailwind|p1b: Tornadus\n|-sidestart|p1: ScribbleScribble|move: Tailwind\n|move|p2b: Iron Treads|Iron Head|p1a: Calyrex\n|-damage|p1a: Calyrex|9/100\n|move|p1a: Calyrex|Glacial Lance|p2b: Iron Treads|[spread] p2a,p2b\n|-damage|p2a: Miraidon|9/100\n|-damage|p2b: Iron Treads|0 fnt\n|faint|p2b: Iron Treads\n|-end|p2b: Iron Treads|Quark Drive|[silent]\n|-ability|p1a: Calyrex|Chilling Neigh|boost\n|-boost|p1a: Calyrex|atk|1\n|move|p2a: Miraidon|Electro Drift|p1b: Tornadus\n|-supereffective|p1b: Tornadus\n|-damage|p1b: Tornadus|0 fnt\n|faint|p1b: Tornadus\n|\n|upkeep\n|\n|t:|1774248403\n|switch|p1b: Kyogre|Kyogre, L50|100/100\n|switch|p2b: Incineroar|Incineroar, L50, M|82/100\n|-weather|RainDance|[from] ability: Drizzle|[of] p1b: Kyogre\n|-ability|p2b: Incineroar|Intimidate|boost\n|-fail|p1a: Calyrex|unboost|[from] item: Clear Amulet|[of] p1a: Calyrex\n|-unboost|p1b: Kyogre|atk|1\n|turn|5\n|inactive|highkage2 has 30 seconds left.\n|\n|t:|1774248428\n|move|p2b: Incineroar|Fake Out|p1a: Calyrex\n|-damage|p1a: Calyrex|2/100\n|move|p1b: Kyogre|Water Spout|p2b: Incineroar|[spread] p2a,p2b\n|-supereffective|p2b: Incineroar\n|-damage|p2a: Miraidon|0 fnt\n|-damage|p2b: Incineroar|0 fnt\n|faint|p2a: Miraidon\n|faint|p2b: Incineroar\n|cant|p1a: Calyrex|flinch\n|\n|-weather|RainDance|[upkeep]\n|upkeep\n|-message|highkage2 forfeited.\n|\n|win|ScribbleScribble\n|raw|ScribbleScribble's rating: 1672 &rarr; <strong>1690</strong><br />(+18 for winning)\n|raw|highkage2's rating: 1641 &rarr; <strong>1623</strong><br />(-18 for losing)\n|l|\u203dhighkage2\n|player|p2|\n|l|\u2606ScribbleScribble\n|player|p1|\n","uploadtime":1774248586,"views":53,"formatid":"gen9vgc2026regi","rating":1623,"private":0,"password":null}