{"id":"gen9vgc2026regi-2573180449","format":"[Gen 9] VGC 2026 Reg I","players":["alexit93","TimeforCHILLI"],"log":"|j|\u2606alexit93\n|j|\u2606TimeforCHILLI\n|t:|1775099744\n|gametype|doubles\n|player|p1|alexit93|lucas-gen4pt|1386\n|player|p2|TimeforCHILLI|caitlin|1314\n|gen|9\n|tier|[Gen 9] VGC 2026 Reg I\n|rated|\n|rule|Species Clause: Limit one of each Pok\u00e9mon\n|rule|Item Clause: Limit 1 of each item\n|clearpoke\n|poke|p1|Zamazenta-*, L50|\n|poke|p1|Chien-Pao, L50|\n|poke|p1|Calyrex-Shadow, L50|\n|poke|p1|Whimsicott, L50, F|\n|poke|p1|Rillaboom, L50, M|\n|poke|p1|Urshifu-*, L50, M|\n|poke|p2|Groudon, L50|\n|poke|p2|Kyogre, L50|\n|poke|p2|Flutter Mane, L50|\n|poke|p2|Wo-Chien, L50|\n|poke|p2|Raging Bolt, L50|\n|poke|p2|Slither Wing, L50|\n|teampreview|4\n|\n|t:|1775099775\n|teamsize|p1|4\n|teamsize|p2|4\n|start\n|switch|p1a: Calyrex|Calyrex-Shadow, L50|100/100\n|switch|p1b: Whimsicott|Whimsicott, L50, F|100/100\n|switch|p2a: OOPARTS|Slither Wing, L50|100/100\n|switch|p2b: \u30ad\u30e3\u30f3\u30c7\u30a3\u30af\u30c3\u30ad\u30fc\u30c1\u30e7\u30b3\u30ec\u30c3\u30c8~\u2661|Flutter Mane, L50|100/100\n|-ability|p1a: Calyrex|As One\n|-ability|p1a: Calyrex|Unnerve\n|turn|1\n|\n|t:|1775099808\n|-terastallize|p2b: \u30ad\u30e3\u30f3\u30c7\u30a3\u30af\u30c3\u30ad\u30fc\u30c1\u30e7\u30b3\u30ec\u30c3\u30c8~\u2661|Normal\n|move|p1a: Calyrex|Protect|p1a: Calyrex\n|-singleturn|p1a: Calyrex|Protect\n|move|p2a: OOPARTS|First Impression|p1a: Calyrex\n|-activate|p1a: Calyrex|move: Protect\n|move|p1b: Whimsicott|Tailwind|p1b: Whimsicott\n|-sidestart|p1: alexit93|move: Tailwind\n|move|p2b: \u30ad\u30e3\u30f3\u30c7\u30a3\u30af\u30c3\u30ad\u30fc\u30c1\u30e7\u30b3\u30ec\u30c3\u30c8~\u2661|Taunt|p1b: Whimsicott\n|-start|p1b: Whimsicott|move: Taunt\n|\n|upkeep\n|turn|2\n|\n|t:|1775099832\n|move|p2b: \u30ad\u30e3\u30f3\u30c7\u30a3\u30af\u30c3\u30ad\u30fc\u30c1\u30e7\u30b3\u30ec\u30c3\u30c8~\u2661|Protect|p2b: \u30ad\u30e3\u30f3\u30c7\u30a3\u30af\u30c3\u30ad\u30fc\u30c1\u30e7\u30b3\u30ec\u30c3\u30c8~\u2661\n|-singleturn|p2b: \u30ad\u30e3\u30f3\u30c7\u30a3\u30af\u30c3\u30ad\u30fc\u30c1\u30e7\u30b3\u30ec\u30c3\u30c8~\u2661|Protect\n|move|p1a: Calyrex|Psychic|p2b: \u30ad\u30e3\u30f3\u30c7\u30a3\u30af\u30c3\u30ad\u30fc\u30c1\u30e7\u30b3\u30ec\u30c3\u30c8~\u2661\n|-activate|p2b: \u30ad\u30e3\u30f3\u30c7\u30a3\u30af\u30c3\u30ad\u30fc\u30c1\u30e7\u30b3\u30ec\u30c3\u30c8~\u2661|move: Protect\n|move|p1b: Whimsicott|Moonblast|p2b: \u30ad\u30e3\u30f3\u30c7\u30a3\u30af\u30c3\u30ad\u30fc\u30c1\u30e7\u30b3\u30ec\u30c3\u30c8~\u2661\n|-activate|p2b: \u30ad\u30e3\u30f3\u30c7\u30a3\u30af\u30c3\u30ad\u30fc\u30c1\u30e7\u30b3\u30ec\u30c3\u30c8~\u2661|move: Protect\n|move|p2a: OOPARTS|U-turn|p1a: Calyrex\n|-damage|p1a: Calyrex|34/100\n|-damage|p2a: OOPARTS|91/100|[from] item: Life Orb\n|\n|t:|1775099843\n|-end|p2a: OOPARTS|Protosynthesis|[silent]\n|switch|p2a: \u3056\u3053|Kyogre, L50|100/100|[from] U-turn\n|-weather|RainDance|[from] ability: Drizzle|[of] p2a: \u3056\u3053\n|\n|-weather|RainDance|[upkeep]\n|upkeep\n|turn|3\n|\n|t:|1775099864\n|-end|p2b: \u30ad\u30e3\u30f3\u30c7\u30a3\u30af\u30c3\u30ad\u30fc\u30c1\u30e7\u30b3\u30ec\u30c3\u30c8~\u2661|Protosynthesis|[silent]\n|switch|p2b: \u304a\u3061\u3083\u3081\u304d\u306e\u3046|Wo-Chien, L50|100/100\n|-ability|p2b: \u304a\u3061\u3083\u3081\u304d\u306e\u3046|Tablets of Ruin\n|move|p1a: Calyrex|Psychic|p2b: \u304a\u3061\u3083\u3081\u304d\u306e\u3046\n|-immune|p2b: \u304a\u3061\u3083\u3081\u304d\u306e\u3046\n|move|p1b: Whimsicott|Moonblast|p2b: \u304a\u3061\u3083\u3081\u304d\u306e\u3046\n|-supereffective|p2b: \u304a\u3061\u3083\u3081\u304d\u306e\u3046\n|-damage|p2b: \u304a\u3061\u3083\u3081\u304d\u306e\u3046|60/100\n|-unboost|p2b: \u304a\u3061\u3083\u3081\u304d\u306e\u3046|spa|1\n|move|p2a: \u3056\u3053|Origin Pulse|p1a: Calyrex|[spread] p1a,p1b\n|-resisted|p1b: Whimsicott\n|-damage|p1a: Calyrex|0 fnt\n|-damage|p1b: Whimsicott|48/100\n|faint|p1a: Calyrex\n|\n|-weather|RainDance|[upkeep]\n|-heal|p2b: \u304a\u3061\u3083\u3081\u304d\u306e\u3046|66/100|[from] item: Leftovers\n|upkeep\n|\n|t:|1775099871\n|switch|p1a: Zamazenta|Zamazenta-Crowned, L50, shiny|100/100\n|-ability|p1a: Zamazenta|Dauntless Shield|boost\n|-boost|p1a: Zamazenta|def|1\n|turn|4\n|\n|t:|1775099892\n|move|p2b: \u304a\u3061\u3083\u3081\u304d\u306e\u3046|Protect|p2b: \u304a\u3061\u3083\u3081\u304d\u306e\u3046\n|-singleturn|p2b: \u304a\u3061\u3083\u3081\u304d\u306e\u3046|Protect\n|move|p1b: Whimsicott|Moonblast|p2a: \u3056\u3053\n|-damage|p2a: \u3056\u3053|87/100\n|move|p1a: Zamazenta|Body Press|p2a: \u3056\u3053\n|-damage|p2a: \u3056\u3053|43/100\n|move|p2a: \u3056\u3053|Ice Beam|p1b: Whimsicott\n|-supereffective|p1b: Whimsicott\n|-damage|p1b: Whimsicott|0 fnt\n|faint|p1b: Whimsicott\n|\n|-weather|RainDance|[upkeep]\n|-heal|p2b: \u304a\u3061\u3083\u3081\u304d\u306e\u3046|72/100|[from] item: Leftovers\n|-sideend|p1: alexit93|move: Tailwind\n|upkeep\n|\n|t:|1775099898\n|switch|p1b: Chien-Pao|Chien-Pao, L50|100/100\n|-ability|p1b: Chien-Pao|Sword of Ruin\n|turn|5\n|\n|t:|1775099918\n|move|p1b: Chien-Pao|Sucker Punch|p2a: \u3056\u3053\n|-damage|p2a: \u3056\u3053|0 fnt\n|faint|p2a: \u3056\u3053\n|move|p1a: Zamazenta|Body Press|p2b: \u304a\u3061\u3083\u3081\u304d\u306e\u3046\n|-supereffective|p2b: \u304a\u3061\u3083\u3081\u304d\u306e\u3046\n|-damage|p2b: \u304a\u3061\u3083\u3081\u304d\u306e\u3046|0 fnt\n|faint|p2b: \u304a\u3061\u3083\u3081\u304d\u306e\u3046\n|\n|-weather|RainDance|[upkeep]\n|upkeep\n|\n|t:|1775099928\n|switch|p2b: \u30ad\u30e3\u30f3\u30c7\u30a3\u30af\u30c3\u30ad\u30fc\u30c1\u30e7\u30b3\u30ec\u30c3\u30c8~\u2661|Flutter Mane, L50, tera:Normal|100/100\n|switch|p2a: OOPARTS|Slither Wing, L50|91/100\n|turn|6\n|\n|t:|1775099959\n|-terastallize|p1b: Chien-Pao|Ghost\n|move|p2a: OOPARTS|First Impression|p1b: Chien-Pao\n|-resisted|p1b: Chien-Pao\n|-damage|p1b: Chien-Pao|50/100\n|-damage|p2a: OOPARTS|82/100|[from] item: Life Orb\n|move|p1b: Chien-Pao|Sucker Punch|p2b: \u30ad\u30e3\u30f3\u30c7\u30a3\u30af\u30c3\u30ad\u30fc\u30c1\u30e7\u30b3\u30ec\u30c3\u30c8~\u2661\n|-enditem|p2b: \u30ad\u30e3\u30f3\u30c7\u30a3\u30af\u30c3\u30ad\u30fc\u30c1\u30e7\u30b3\u30ec\u30c3\u30c8~\u2661|Focus Sash\n|-damage|p2b: \u30ad\u30e3\u30f3\u30c7\u30a3\u30af\u30c3\u30ad\u30fc\u30c1\u30e7\u30b3\u30ec\u30c3\u30c8~\u2661|1/100\n|move|p2b: \u30ad\u30e3\u30f3\u30c7\u30a3\u30af\u30c3\u30ad\u30fc\u30c1\u30e7\u30b3\u30ec\u30c3\u30c8~\u2661|Icy Wind|p1b: Chien-Pao|[spread] p1a,p1b\n|-resisted|p1a: Zamazenta\n|-damage|p1a: Zamazenta|95/100\n|-damage|p1b: Chien-Pao|26/100\n|-unboost|p1a: Zamazenta|spe|1\n|-unboost|p1b: Chien-Pao|spe|1\n|move|p1a: Zamazenta|Body Press|p2b: \u30ad\u30e3\u30f3\u30c7\u30a3\u30af\u30c3\u30ad\u30fc\u30c1\u30e7\u30b3\u30ec\u30c3\u30c8~\u2661\n|-supereffective|p2b: \u30ad\u30e3\u30f3\u30c7\u30a3\u30af\u30c3\u30ad\u30fc\u30c1\u30e7\u30b3\u30ec\u30c3\u30c8~\u2661\n|-damage|p2b: \u30ad\u30e3\u30f3\u30c7\u30a3\u30af\u30c3\u30ad\u30fc\u30c1\u30e7\u30b3\u30ec\u30c3\u30c8~\u2661|0 fnt\n|faint|p2b: \u30ad\u30e3\u30f3\u30c7\u30a3\u30af\u30c3\u30ad\u30fc\u30c1\u30e7\u30b3\u30ec\u30c3\u30c8~\u2661\n|-end|p2b: \u30ad\u30e3\u30f3\u30c7\u30a3\u30af\u30c3\u30ad\u30fc\u30c1\u30e7\u30b3\u30ec\u30c3\u30c8~\u2661|Protosynthesis|[silent]\n|\n|-weather|none\n|upkeep\n|turn|7\n|\n|t:|1775099997\n|move|p1b: Chien-Pao|Sucker Punch|p2a: OOPARTS\n|-resisted|p2a: OOPARTS\n|-damage|p2a: OOPARTS|34/100\n|move|p2a: OOPARTS|U-turn|p1b: Chien-Pao\n|-resisted|p1b: Chien-Pao\n|-damage|p1b: Chien-Pao|0 fnt\n|faint|p1b: Chien-Pao\n|-damage|p2a: OOPARTS|25/100|[from] item: Life Orb\n|move|p1a: Zamazenta|Body Press|p2a: OOPARTS\n|-resisted|p2a: OOPARTS\n|-damage|p2a: OOPARTS|0 fnt\n|faint|p2a: OOPARTS\n|-end|p2a: OOPARTS|Protosynthesis|[silent]\n|\n|win|alexit93\n|raw|alexit93's rating: 1386 &rarr; <strong>1402</strong><br />(+16 for winning)\n|raw|TimeforCHILLI's rating: 1314 &rarr; <strong>1298</strong><br />(-16 for losing)\n","uploadtime":1775100012,"views":10,"formatid":"gen9vgc2026regi","rating":1298,"private":0,"password":null}