{"id":"gen9vgc2026regi-2564927882","format":"[Gen 9] VGC 2026 Reg I","players":["BanKingambit69247","j0l0k0"],"log":"|j|\u2606BanKingambit69247\n|j|\u2606j0l0k0\n|t:|1774211324\n|gametype|doubles\n|player|p1|BanKingambit69247|lucas|1565\n|player|p2|j0l0k0|brycen|1512\n|gen|9\n|tier|[Gen 9] VGC 2026 Reg I\n|rated|\n|rule|Species Clause: Limit one of each Pok\u00e9mon\n|rule|Item Clause: Limit 1 of each item\n|clearpoke\n|poke|p1|Calyrex-Shadow, L50|\n|poke|p1|Zamazenta-*, L50|\n|poke|p1|Chien-Pao, L50|\n|poke|p1|Smeargle, L50, M|\n|poke|p1|Dondozo, L50, F|\n|poke|p1|Tatsugiri, L50, F|\n|poke|p2|Calyrex-Ice, L50|\n|poke|p2|Kyogre, L50|\n|poke|p2|Indeedee-F, L50, F|\n|poke|p2|Urshifu-*, L50, F|\n|poke|p2|Amoonguss, L50, F|\n|poke|p2|Landorus, L50, M|\n|teampreview|4\n|inactive|Battle timer is ON: inactive players will automatically lose when time's up. (requested by j0l0k0)\n|j| Chedda Bawls\n|inactive|BanKingambit69247 has 60 seconds left.\n|\n|t:|1774211364\n|teamsize|p1|4\n|teamsize|p2|4\n|start\n|switch|p1a: \u8bf6\u4f60\u600e\u4e48\u6b7b\u4e86?\u267f\u267f\u267f|Calyrex-Shadow, L50|100/100\n|switch|p1b: \u773c\u795e\u5446\u6ede\ud83e\udd2a|Dondozo, L50, F, shiny|100/100\n|switch|p2a: Indeedee|Indeedee-F, L50, F, shiny|100/100\n|switch|p2b: Calyrex|Calyrex-Ice, L50|100/100\n|-ability|p1a: \u8bf6\u4f60\u600e\u4e48\u6b7b\u4e86?\u267f\u267f\u267f|As One\n|-ability|p1a: \u8bf6\u4f60\u600e\u4e48\u6b7b\u4e86?\u267f\u267f\u267f|Unnerve\n|-ability|p2b: Calyrex|As One\n|-ability|p2b: Calyrex|Unnerve\n|-fieldstart|move: Psychic Terrain|[from] ability: Psychic Surge|[of] p2a: Indeedee\n|turn|1\n|\n|t:|1774211374\n|-terastallize|p2b: Calyrex|Normal\n|move|p1a: \u8bf6\u4f60\u600e\u4e48\u6b7b\u4e86?\u267f\u267f\u267f|Expanding Force|p2b: Calyrex|[spread] p2a,p2b\n|-resisted|p2a: Indeedee\n|-damage|p2a: Indeedee|52/100\n|-damage|p2b: Calyrex|30/100\n|move|p1b: \u773c\u795e\u5446\u6ede\ud83e\udd2a|Order Up|p2a: Indeedee\n|-damage|p2a: Indeedee|32/100\n|move|p2b: Calyrex|Glacial Lance|p1a: \u8bf6\u4f60\u600e\u4e48\u6b7b\u4e86?\u267f\u267f\u267f|[spread] p1a,p1b\n|-resisted|p1b: \u773c\u795e\u5446\u6ede\ud83e\udd2a\n|-damage|p1a: \u8bf6\u4f60\u600e\u4e48\u6b7b\u4e86?\u267f\u267f\u267f|30/100\n|-damage|p1b: \u773c\u795e\u5446\u6ede\ud83e\udd2a|83/100\n|move|p2a: Indeedee|Trick Room|p2a: Indeedee\n|-fieldstart|move: Trick Room|[of] p2a: Indeedee\n|\n|-heal|p1b: \u773c\u795e\u5446\u6ede\ud83e\udd2a|90/100|[from] item: Leftovers\n|upkeep\n|turn|2\n|\n|t:|1774211396\n|switch|p1a: \u68d5\u8272\u5c0f\u6590\u6d4e\u5317\ud83d\ude0b|Tatsugiri, L50, F, shiny|100/100\n|-activate|p1a: \u68d5\u8272\u5c0f\u6590\u6d4e\u5317\ud83d\ude0b|ability: Commander|[of] p1b: \u773c\u795e\u5446\u6ede\ud83e\udd2a\n|-boost|p1b: \u773c\u795e\u5446\u6ede\ud83e\udd2a|atk|2\n|-boost|p1b: \u773c\u795e\u5446\u6ede\ud83e\udd2a|spa|2\n|-boost|p1b: \u773c\u795e\u5446\u6ede\ud83e\udd2a|spe|2\n|-boost|p1b: \u773c\u795e\u5446\u6ede\ud83e\udd2a|def|2\n|-boost|p1b: \u773c\u795e\u5446\u6ede\ud83e\udd2a|spd|2\n|move|p2a: Indeedee|Helping Hand|p2b: Calyrex\n|-singleturn|p2b: Calyrex|Helping Hand|[of] p2a: Indeedee\n|move|p2b: Calyrex|Glacial Lance|p1a: \u68d5\u8272\u5c0f\u6590\u6d4e\u5317\ud83d\ude0b|[spread] p1b\n|-miss|p2b: Calyrex|p1a: \u68d5\u8272\u5c0f\u6590\u6d4e\u5317\ud83d\ude0b\n|-resisted|p1b: \u773c\u795e\u5446\u6ede\ud83e\udd2a\n|-damage|p1b: \u773c\u795e\u5446\u6ede\ud83e\udd2a|76/100\n|move|p1b: \u773c\u795e\u5446\u6ede\ud83e\udd2a|Earthquake|p2b: Calyrex|[spread] p2a,p2b\n|-miss|p1b: \u773c\u795e\u5446\u6ede\ud83e\udd2a|p1a: \u68d5\u8272\u5c0f\u6590\u6d4e\u5317\ud83d\ude0b\n|-damage|p2a: Indeedee|0 fnt\n|-damage|p2b: Calyrex|11/100\n|faint|p2a: Indeedee\n|\n|-heal|p1b: \u773c\u795e\u5446\u6ede\ud83e\udd2a|82/100|[from] item: Leftovers\n|upkeep\n|\n|t:|1774211400\n|switch|p2a: Amoonguss|Amoonguss, L50, F, shiny|100/100\n|turn|3\n|\n|t:|1774211414\n|-terastallize|p1b: \u773c\u795e\u5446\u6ede\ud83e\udd2a|Grass\n|move|p2a: Amoonguss|Clear Smog|p1b: \u773c\u795e\u5446\u6ede\ud83e\udd2a\n|-supereffective|p1b: \u773c\u795e\u5446\u6ede\ud83e\udd2a\n|-damage|p1b: \u773c\u795e\u5446\u6ede\ud83e\udd2a|67/100\n|-clearboost|p1b: \u773c\u795e\u5446\u6ede\ud83e\udd2a\n|move|p2b: Calyrex|Glacial Lance|p1b: \u773c\u795e\u5446\u6ede\ud83e\udd2a|[spread] p1b\n|-miss|p2b: Calyrex|p1a: \u68d5\u8272\u5c0f\u6590\u6d4e\u5317\ud83d\ude0b\n|-supereffective|p1b: \u773c\u795e\u5446\u6ede\ud83e\udd2a\n|-damage|p1b: \u773c\u795e\u5446\u6ede\ud83e\udd2a|0 fnt\n|faint|p1b: \u773c\u795e\u5446\u6ede\ud83e\udd2a\n|-ability|p2b: Calyrex|Chilling Neigh|boost\n|-boost|p2b: Calyrex|atk|1\n|\n|upkeep\n|\n|t:|1774211421\n|switch|p1b: \u5582\u5582\u5582?\u5582\u5582\u5582?\ud83d\udc37\ud83d\udc37\ud83d\udc37|Chien-Pao, L50|100/100\n|-ability|p1b: \u5582\u5582\u5582?\u5582\u5582\u5582?\ud83d\udc37\ud83d\udc37\ud83d\udc37|Sword of Ruin\n|turn|4\n|inactive|j0l0k0 has 30 seconds left.\n|\n|t:|1774211450\n|switch|p2b: Kyogre|Kyogre, L50, shiny|100/100\n|-weather|RainDance|[from] ability: Drizzle|[of] p2b: Kyogre\n|move|p2a: Amoonguss|Spore|p1b: \u5582\u5582\u5582?\u5582\u5582\u5582?\ud83d\udc37\ud83d\udc37\ud83d\udc37\n|-status|p1b: \u5582\u5582\u5582?\u5582\u5582\u5582?\ud83d\udc37\ud83d\udc37\ud83d\udc37|slp|[from] move: Spore\n|cant|p1b: \u5582\u5582\u5582?\u5582\u5582\u5582?\ud83d\udc37\ud83d\udc37\ud83d\udc37|slp\n|move|p1a: \u68d5\u8272\u5c0f\u6590\u6d4e\u5317\ud83d\ude0b|Muddy Water|p2a: Amoonguss|[spread] p2b\n|-miss|p1a: \u68d5\u8272\u5c0f\u6590\u6d4e\u5317\ud83d\ude0b|p2a: Amoonguss\n|-resisted|p2b: Kyogre\n|-damage|p2b: Kyogre|89/100\n|\n|-weather|RainDance|[upkeep]\n|upkeep\n|turn|5\n|inactive|j0l0k0 has 30 seconds left.\n|\n|t:|1774211477\n|move|p2a: Amoonguss|Spore|p1a: \u68d5\u8272\u5c0f\u6590\u6d4e\u5317\ud83d\ude0b\n|-status|p1a: \u68d5\u8272\u5c0f\u6590\u6d4e\u5317\ud83d\ude0b|slp|[from] move: Spore\n|move|p2b: Kyogre|Water Spout|p1b: \u5582\u5582\u5582?\u5582\u5582\u5582?\ud83d\udc37\ud83d\udc37\ud83d\udc37|[spread] p1a,p1b\n|-resisted|p1a: \u68d5\u8272\u5c0f\u6590\u6d4e\u5317\ud83d\ude0b\n|-damage|p1a: \u68d5\u8272\u5c0f\u6590\u6d4e\u5317\ud83d\ude0b|71/100 slp\n|-damage|p1b: \u5582\u5582\u5582?\u5582\u5582\u5582?\ud83d\udc37\ud83d\udc37\ud83d\udc37|25/100 slp\n|-curestatus|p1b: \u5582\u5582\u5582?\u5582\u5582\u5582?\ud83d\udc37\ud83d\udc37\ud83d\udc37|slp|[msg]\n|move|p1b: \u5582\u5582\u5582?\u5582\u5582\u5582?\ud83d\udc37\ud83d\udc37\ud83d\udc37|Ice Spinner|p2a: Amoonguss\n|-supereffective|p2a: Amoonguss\n|-damage|p2a: Amoonguss|13/100\n|-damage|p1b: \u5582\u5582\u5582?\u5582\u5582\u5582?\ud83d\udc37\ud83d\udc37\ud83d\udc37|9/100|[from] item: Rocky Helmet|[of] p2a: Amoonguss\n|-fieldend|move: Psychic Terrain\n|cant|p1a: \u68d5\u8272\u5c0f\u6590\u6d4e\u5317\ud83d\ude0b|slp\n|\n|-weather|RainDance|[upkeep]\n|-fieldend|move: Trick Room\n|upkeep\n|turn|6\n|\n|t:|1774211491\n|move|p2a: Amoonguss|Rage Powder|p2a: Amoonguss\n|-singleturn|p2a: Amoonguss|move: Rage Powder\n|-curestatus|p1a: \u68d5\u8272\u5c0f\u6590\u6d4e\u5317\ud83d\ude0b|slp|[msg]\n|move|p1a: \u68d5\u8272\u5c0f\u6590\u6d4e\u5317\ud83d\ude0b|Muddy Water|p2b: Kyogre|[spread] p2b\n|-miss|p1a: \u68d5\u8272\u5c0f\u6590\u6d4e\u5317\ud83d\ude0b|p2a: Amoonguss\n|-resisted|p2b: Kyogre\n|-damage|p2b: Kyogre|79/100\n|move|p1b: \u5582\u5582\u5582?\u5582\u5582\u5582?\ud83d\udc37\ud83d\udc37\ud83d\udc37|Ice Spinner|p2a: Amoonguss\n|-supereffective|p2a: Amoonguss\n|-damage|p2a: Amoonguss|0 fnt\n|-damage|p1b: \u5582\u5582\u5582?\u5582\u5582\u5582?\ud83d\udc37\ud83d\udc37\ud83d\udc37|0 fnt|[from] item: Rocky Helmet|[of] p2a: Amoonguss\n|faint|p2a: Amoonguss\n|faint|p1b: \u5582\u5582\u5582?\u5582\u5582\u5582?\ud83d\udc37\ud83d\udc37\ud83d\udc37\n|move|p2b: Kyogre|Thunder|p1a: \u68d5\u8272\u5c0f\u6590\u6d4e\u5317\ud83d\ude0b\n|-damage|p1a: \u68d5\u8272\u5c0f\u6590\u6d4e\u5317\ud83d\ude0b|7/100\n|\n|-weather|RainDance|[upkeep]\n|upkeep\n|\n|t:|1774211506\n|switch|p1b: \u8bf6\u4f60\u600e\u4e48\u6b7b\u4e86?\u267f\u267f\u267f|Calyrex-Shadow, L50|30/100\n|switch|p2a: Calyrex|Calyrex-Ice, L50, tera:Normal|11/100\n|-ability|p1b: \u8bf6\u4f60\u600e\u4e48\u6b7b\u4e86?\u267f\u267f\u267f|As One\n|-ability|p1b: \u8bf6\u4f60\u600e\u4e48\u6b7b\u4e86?\u267f\u267f\u267f|Unnerve\n|-ability|p2a: Calyrex|As One\n|-ability|p2a: Calyrex|Unnerve\n|turn|7\n|\n|t:|1774211514\n|move|p1b: \u8bf6\u4f60\u600e\u4e48\u6b7b\u4e86?\u267f\u267f\u267f|Expanding Force|p2b: Kyogre\n|-damage|p2b: Kyogre|46/100\n|move|p1a: \u68d5\u8272\u5c0f\u6590\u6d4e\u5317\ud83d\ude0b|Muddy Water|p2b: Kyogre|[spread] p2a\n|-miss|p1a: \u68d5\u8272\u5c0f\u6590\u6d4e\u5317\ud83d\ude0b|p2b: Kyogre\n|-damage|p2a: Calyrex|0 fnt\n|faint|p2a: Calyrex\n|move|p2b: Kyogre|Thunder|p1b: \u8bf6\u4f60\u600e\u4e48\u6b7b\u4e86?\u267f\u267f\u267f\n|-damage|p1b: \u8bf6\u4f60\u600e\u4e48\u6b7b\u4e86?\u267f\u267f\u267f|0 fnt\n|faint|p1b: \u8bf6\u4f60\u600e\u4e48\u6b7b\u4e86?\u267f\u267f\u267f\n|\n|-weather|RainDance|[upkeep]\n|upkeep\n|turn|8\n|\n|t:|1774211521\n|move|p1a: \u68d5\u8272\u5c0f\u6590\u6d4e\u5317\ud83d\ude0b|Muddy Water|p2b: Kyogre\n|-resisted|p2b: Kyogre\n|-damage|p2b: Kyogre|31/100\n|-unboost|p2b: Kyogre|accuracy|1\n|move|p2b: Kyogre|Ice Beam|p1a: \u68d5\u8272\u5c0f\u6590\u6d4e\u5317\ud83d\ude0b\n|-damage|p1a: \u68d5\u8272\u5c0f\u6590\u6d4e\u5317\ud83d\ude0b|0 fnt\n|faint|p1a: \u68d5\u8272\u5c0f\u6590\u6d4e\u5317\ud83d\ude0b\n|\n|win|j0l0k0\n|raw|BanKingambit69247's rating: 1565 &rarr; <strong>1542</strong><br />(-23 for losing)\n|raw|j0l0k0's rating: 1512 &rarr; <strong>1535</strong><br />(+23 for winning)\n|l|\u2606BanKingambit69247\n|player|p1|\n|l|\u2606j0l0k0\n|player|p2|\n|l| Chedda Bawls\n","uploadtime":1774211777,"views":20,"formatid":"gen9vgc2026regi","rating":1535,"private":0,"password":null}