{"id":"gen9vgc2026regi-2563432348","format":"[Gen 9] VGC 2026 Reg I","players":["KilamanolaVGC","KaiMVGC"],"log":"|j|\u203dKilamanolaVGC\n|j|\u2606KaiMVGC\n|t:|1774025738\n|gametype|doubles\n|player|p1|KilamanolaVGC|benga|1302\n|player|p2|KaiMVGC|boarder|1333\n|gen|9\n|tier|[Gen 9] VGC 2026 Reg I\n|rated|\n|rule|Species Clause: Limit one of each Pok\u00e9mon\n|rule|Item Clause: Limit 1 of each item\n|clearpoke\n|poke|p1|Ditto, L50|\n|poke|p1|Sneasler, L50, M|\n|poke|p1|Miraidon, L50|\n|poke|p1|Calyrex-Ice, L50|\n|poke|p1|Urshifu-*, L50, M|\n|poke|p1|Incineroar, L50, M|\n|poke|p2|Calyrex-Shadow, L50|\n|poke|p2|Zamazenta-*, L50|\n|poke|p2|Rillaboom, L50, F|\n|poke|p2|Raging Bolt, L50|\n|poke|p2|Smeargle, L50, F|\n|poke|p2|Incineroar, L50, F|\n|teampreview|4\n|inactive|Battle timer is ON: inactive players will automatically lose when time's up. (requested by KilamanolaVGC)\nKilamanolaVGC has agreed to open team sheets.\nKaiMVGC has agreed to open team sheets.\n|showteam|p1|Ditto||ChoiceScarf|Imposter|Transform||||||50|,,,,,Ghost]Sneasler||ElectricSeed|Unburden|LowKick,DireClaw,ThroatChop,Protect|||M|||50|,,,,,Dark]Miraidon||LifeOrb|HadronEngine|ElectroDrift,VoltSwitch,DracoMeteor,Protect||||||50|,,,,,Electric]Calyrex-Ice||ClearAmulet|AsOneGlastrier|GlacialLance,HighHorsepower,TrickRoom,Protect||||||50|,,,,,Water]Urshifu-Rapid-Strike||FocusSash|UnseenFist|SurgingStrikes,AquaJet,CloseCombat,Detect|||M|||50|,,,,,Stellar]Incineroar||AssaultVest|Intimidate|FlareBlitz,KnockOff,Uturn,FakeOut|||M|||50|,,,,,Bug\n|showteam|p2|Calyrex-Shadow||LifeOrb|AsOneSpectrier|AstralBarrage,Psychic,NastyPlot,Protect||||||50|,,,,,Dark]Zamazenta-Crowned||RustedShield|DauntlessShield|BodyPress,HeavySlam,WideGuard,Protect||||||50|,,,,,Water]Rillaboom||AssaultVest|GrassySurge|WoodHammer,GrassyGlide,Uturn,FakeOut|||F|||50|,,,,,Fire]Raging Bolt||BoosterEnergy|Protosynthesis|Thunderbolt,DragonPulse,Thunderclap,Protect||||||50|,,,,,Fairy]Smeargle||FocusSash|Moody|Spore,FollowMe,WideGuard,FakeOut|||F|||50|,,,,,Ghost]Incineroar||SafetyGoggles|Intimidate|KnockOff,FlareBlitz,PartingShot,FakeOut|||F|||50|,,,,,Water\n|inactive|KilamanolaVGC has 60 seconds left.\n|\n|t:|1774025778\n|teamsize|p1|4\n|teamsize|p2|4\n|start\n|switch|p1a: Sneasler|Sneasler, L50, M, shiny|100/100\n|switch|p1b: Miraidon|Miraidon, L50|100/100\n|switch|p2a: Calyrex|Calyrex-Shadow, L50|100/100\n|switch|p2b: Smeargle|Smeargle, L50, F|100/100\n|-ability|p2a: Calyrex|As One\n|-ability|p2a: Calyrex|Unnerve\n|-fieldstart|move: Electric Terrain|[from] ability: Hadron Engine|[of] p1b: Miraidon\n|-enditem|p1a: Sneasler|Electric Seed\n|-boost|p1a: Sneasler|def|1|[from] item: Electric Seed\n|turn|1\n|inactive|KaiMVGC has 30 seconds left.\n|\n|t:|1774025807\n|switch|p2a: Rillaboom|Rillaboom, L50, F|100/100\n|-fieldstart|move: Grassy Terrain|[from] ability: Grassy Surge|[of] p2a: Rillaboom\n|-terastallize|p1a: Sneasler|Dark\n|move|p1a: Sneasler|Throat Chop|p2a: Rillaboom\n|-damage|p2a: Rillaboom|62/100\n|-start|p2a: Rillaboom|Throat Chop|[silent]\n|move|p1b: Miraidon|Volt Switch|p2a: Rillaboom\n|-resisted|p2a: Rillaboom\n|-damage|p2a: Rillaboom|43/100\n|-damage|p1b: Miraidon|91/100|[from] item: Life Orb\n|\n|t:|1774025820\n|switch|p1b: Calyrex|Calyrex-Ice, L50|100/100|[from] Volt Switch\n|-ability|p1b: Calyrex|As One\n|-ability|p1b: Calyrex|Unnerve\n|move|p2b: Smeargle|Spore|p1a: Sneasler\n|-status|p1a: Sneasler|slp|[from] move: Spore\n|\n|-heal|p2a: Rillaboom|49/100|[from] Grassy Terrain\n|-ability|p2b: Smeargle|Moody|boost\n|-boost|p2b: Smeargle|atk|2\n|-unboost|p2b: Smeargle|spe|1\n|upkeep\n|turn|2\n|\n|t:|1774025839\n|switch|p2b: Zamazenta|Zamazenta-Crowned, L50|100/100\n|-ability|p2b: Zamazenta|Dauntless Shield|boost\n|-boost|p2b: Zamazenta|def|1\n|move|p1b: Calyrex|Protect|p1b: Calyrex\n|-singleturn|p1b: Calyrex|Protect\n|cant|p1a: Sneasler|slp\n|move|p2a: Rillaboom|U-turn|p1b: Calyrex\n|-activate|p1b: Calyrex|move: Protect\n|\n|-heal|p2a: Rillaboom|55/100|[from] Grassy Terrain\n|-end|p2a: Rillaboom|Throat Chop|[silent]\n|upkeep\n|turn|3\n|\n|t:|1774025858\n|cant|p1a: Sneasler|slp\n|move|p2b: Zamazenta|Body Press|p1a: Sneasler\n|-supereffective|p1a: Sneasler\n|-damage|p1a: Sneasler|0 fnt\n|faint|p1a: Sneasler\n|move|p2a: Rillaboom|U-turn|p1b: Calyrex\n|-supereffective|p1b: Calyrex\n|-damage|p1b: Calyrex|72/100\n|\n|t:|1774025864\n|switch|p2a: Smeargle|Smeargle, L50, F|100/100|[from] U-turn\n|move|p1b: Calyrex|Glacial Lance|p2b: Zamazenta|[spread] p2a,p2b\n|-resisted|p2b: Zamazenta\n|-enditem|p2a: Smeargle|Focus Sash\n|-damage|p2a: Smeargle|1/100\n|-damage|p2b: Zamazenta|90/100\n|\n|-heal|p2b: Zamazenta|96/100|[from] Grassy Terrain\n|-heal|p2a: Smeargle|7/100|[from] Grassy Terrain\n|-heal|p1b: Calyrex|78/100|[from] Grassy Terrain\n|-ability|p2a: Smeargle|Moody|boost\n|-boost|p2a: Smeargle|atk|2\n|-unboost|p2a: Smeargle|spe|1\n|upkeep\n|\n|t:|1774025877\n|switch|p1a: Miraidon|Miraidon, L50|91/100\n|-fieldstart|move: Electric Terrain|[from] ability: Hadron Engine|[of] p1a: Miraidon\n|turn|4\n|\n|t:|1774025886\n|move|p2a: Smeargle|Fake Out|p1b: Calyrex\n|-damage|p1b: Calyrex|72/100\n|move|p1a: Miraidon|Electro Drift|p2b: Zamazenta\n|-damage|p2b: Zamazenta|7/100\n|-damage|p1a: Miraidon|81/100|[from] item: Life Orb\n|move|p2b: Zamazenta|Heavy Slam|p1b: Calyrex\n|-supereffective|p1b: Calyrex\n|-damage|p1b: Calyrex|50/100\n|cant|p1b: Calyrex|flinch\n|\n|-ability|p2a: Smeargle|Moody|boost\n|-boost|p2a: Smeargle|def|2\n|-unboost|p2a: Smeargle|spa|1\n|upkeep\n|turn|5\n|\n|t:|1774025904\n|move|p1a: Miraidon|Protect|p1a: Miraidon\n|-singleturn|p1a: Miraidon|Protect\n|move|p2b: Zamazenta|Protect|p2b: Zamazenta\n|-singleturn|p2b: Zamazenta|Protect\n|move|p2a: Smeargle|Follow Me|p2a: Smeargle\n|-singleturn|p2a: Smeargle|move: Follow Me\n|move|p1b: Calyrex|Glacial Lance|p2a: Smeargle|[spread] p2a\n|-activate|p2b: Zamazenta|move: Protect\n|-damage|p2a: Smeargle|0 fnt\n|faint|p2a: Smeargle\n|-ability|p1b: Calyrex|Chilling Neigh|boost\n|-boost|p1b: Calyrex|atk|1\n|\n|upkeep\n|\n|t:|1774025910\n|switch|p2a: Rillaboom|Rillaboom, L50, F|55/100\n|-fieldstart|move: Grassy Terrain|[from] ability: Grassy Surge|[of] p2a: Rillaboom\n|turn|6\n|\n|t:|1774025931\n|move|p2a: Rillaboom|Fake Out|p1a: Miraidon\n|-damage|p1a: Miraidon|66/100\n|cant|p1a: Miraidon|flinch\n|move|p2b: Zamazenta|Body Press|p1b: Calyrex\n|-damage|p1b: Calyrex|8/100\n|move|p1b: Calyrex|Glacial Lance|p2b: Zamazenta|[spread] p2a,p2b\n|-supereffective|p2a: Rillaboom\n|-resisted|p2b: Zamazenta\n|-damage|p2a: Rillaboom|0 fnt\n|-damage|p2b: Zamazenta|0 fnt\n|faint|p2a: Rillaboom\n|faint|p2b: Zamazenta\n|-ability|p1b: Calyrex|Chilling Neigh|boost\n|-boost|p1b: Calyrex|atk|2\n|\n|-heal|p1a: Miraidon|73/100|[from] Grassy Terrain\n|-heal|p1b: Calyrex|14/100|[from] Grassy Terrain\n|upkeep\n|\n|t:|1774025934\n|switch|p2b: Calyrex|Calyrex-Shadow, L50|100/100\n|-ability|p2b: Calyrex|As One\n|-ability|p2b: Calyrex|Unnerve\n|turn|7\n|\n|t:|1774025948\n|move|p1b: Calyrex|Protect|p1b: Calyrex\n|-singleturn|p1b: Calyrex|Protect\n|move|p2b: Calyrex|Astral Barrage|p1a: Miraidon|[spread] p1a\n|-activate|p1b: Calyrex|move: Protect\n|-damage|p1a: Miraidon|8/100\n|-damage|p2b: Calyrex|91/100|[from] item: Life Orb\n|move|p1a: Miraidon|Electro Drift|p2b: Calyrex\n|-damage|p2b: Calyrex|7/100\n|-damage|p1a: Miraidon|0 fnt|[from] item: Life Orb\n|faint|p1a: Miraidon\n|\n|-heal|p2b: Calyrex|13/100|[from] Grassy Terrain\n|-heal|p1b: Calyrex|20/100|[from] Grassy Terrain\n|upkeep\n|\n|t:|1774025956\n|switch|p1a: Ditto|Ditto, L50, shiny|100/100\n|-transform|p1a: Ditto|p2b: Calyrex|[from] ability: Imposter\n|-ability|p1a: Ditto|As One\n|-ability|p1a: Ditto|Unnerve\n|turn|8\n|-message|KaiMVGC forfeited.\n|\n|win|KilamanolaVGC\n|raw|KilamanolaVGC's rating: 1302 &rarr; <strong>1324</strong><br />(+22 for winning)\n|raw|KaiMVGC's rating: 1333 &rarr; <strong>1311</strong><br />(-22 for losing)\n|l|\u2606KaiMVGC\n|player|p2|\n","uploadtime":1774025984,"views":28,"formatid":"gen9vgc2026regi","rating":1311,"private":0,"password":null}