{"id":"gen9vgc2026regi-2560688461","format":"[Gen 9] VGC 2026 Reg I","players":["itastelikeiron","MagiCarson08"],"log":"|j|\u2606itastelikeiron\n|j|\u2606MagiCarson08\n|t:|1773712712\n|gametype|doubles\n|player|p1|itastelikeiron|infielder|1209\n|player|p2|MagiCarson08|ghetsis|1231\n|gen|9\n|tier|[Gen 9] VGC 2026 Reg I\n|rated|\n|rule|Species Clause: Limit one of each Pok\u00e9mon\n|rule|Item Clause: Limit 1 of each item\n|clearpoke\n|poke|p1|Tsareena, L50, F|\n|poke|p1|Kyogre, L50|\n|poke|p1|Grimmsnarl, L50, M|\n|poke|p1|Tornadus, L50, M|\n|poke|p1|Incineroar, L50, M|\n|poke|p1|Zacian-*, L50|\n|poke|p2|Calyrex-Shadow, L50|\n|poke|p2|Whimsicott, L50, F|\n|poke|p2|Incineroar, L50, M|\n|poke|p2|Dragonite, L50, F|\n|poke|p2|Urshifu-*, L50, M|\n|poke|p2|Zamazenta-*, L50|\n|teampreview|4\n|\n|t:|1773712746\n|teamsize|p1|4\n|teamsize|p2|4\n|start\n|switch|p1a: Tornadus|Tornadus, L50, M|100/100\n|switch|p1b: Kyogre|Kyogre, L50|100/100\n|switch|p2a: Whimsicott|Whimsicott, L50, F, shiny|100/100\n|switch|p2b: Zamazenta|Zamazenta-Crowned, L50, shiny|100/100\n|-weather|RainDance|[from] ability: Drizzle|[of] p1b: Kyogre\n|-ability|p2b: Zamazenta|Dauntless Shield|boost\n|-boost|p2b: Zamazenta|def|1\n|turn|1\n|\n|t:|1773712769\n|switch|p2a: Calyrex|Calyrex-Shadow, L50|100/100\n|-ability|p2a: Calyrex|As One\n|-ability|p2a: Calyrex|Unnerve\n|-terastallize|p1b: Kyogre|Water\n|move|p2b: Zamazenta|Wide Guard|p2b: Zamazenta\n|-singleturn|p2b: Zamazenta|Wide Guard\n|move|p1b: Kyogre|Tera Blast|p2b: Zamazenta|[anim] Tera Blast Water\n|-damage|p2b: Zamazenta|25/100\n|move|p1a: Tornadus|Bleakwind Storm|p2a: Calyrex|[spread] \n|-activate|p2a: Calyrex|move: Wide Guard\n|-activate|p2b: Zamazenta|move: Wide Guard\n|\n|-weather|RainDance|[upkeep]\n|upkeep\n|turn|2\n|\n|t:|1773712793\n|-terastallize|p2a: Calyrex|Ghost\n|move|p2b: Zamazenta|Wide Guard|p2b: Zamazenta\n|-singleturn|p2b: Zamazenta|Wide Guard\n|move|p1b: Kyogre|Tera Blast|p2a: Calyrex|[anim] Tera Blast Water\n|-damage|p2a: Calyrex|11/100\n|move|p2a: Calyrex|Astral Barrage|p1a: Tornadus|[spread] p1a,p1b\n|-enditem|p1a: Tornadus|Focus Sash\n|-damage|p1a: Tornadus|1/100\n|-damage|p1b: Kyogre|17/100\n|move|p1a: Tornadus|Bleakwind Storm|p2a: Calyrex|[spread] \n|-activate|p2a: Calyrex|move: Wide Guard\n|-activate|p2b: Zamazenta|move: Wide Guard\n|\n|-weather|RainDance|[upkeep]\n|upkeep\n|turn|3\n|\n|t:|1773712831\n|switch|p2a: Whimsicott|Whimsicott, L50, F, shiny|100/100\n|move|p1a: Tornadus|Tailwind|p1a: Tornadus\n|-sidestart|p1: itastelikeiron|move: Tailwind\n|move|p1b: Kyogre|Tera Blast|p2a: Whimsicott|[anim] Tera Blast Water\n|-resisted|p2a: Whimsicott\n|-damage|p2a: Whimsicott|51/100\n|move|p2b: Zamazenta|Body Press|p1a: Tornadus\n|-resisted|p1a: Tornadus\n|-damage|p1a: Tornadus|0 fnt\n|faint|p1a: Tornadus\n|\n|-weather|RainDance|[upkeep]\n|upkeep\n|\n|t:|1773712842\n|switch|p1a: Zacian|Zacian-Crowned, L50|100/100\n|-ability|p1a: Zacian|Intrepid Sword|boost\n|-boost|p1a: Zacian|atk|1\n|turn|4\n|\n|t:|1773712852\n|move|p2a: Whimsicott|Tailwind|p2a: Whimsicott\n|-sidestart|p2: MagiCarson08|move: Tailwind\n|move|p1b: Kyogre|Tera Blast|p2b: Zamazenta|[anim] Tera Blast Water\n|-damage|p2b: Zamazenta|0 fnt\n|faint|p2b: Zamazenta\n|move|p1a: Zacian|Behemoth Blade|p2a: Whimsicott\n|-supereffective|p2a: Whimsicott\n|-damage|p2a: Whimsicott|0 fnt\n|faint|p2a: Whimsicott\n|\n|-weather|RainDance|[upkeep]\n|upkeep\n|\n|t:|1773712861\n|switch|p2b: Dragonite|Dragonite, L50, F, shiny|100/100\n|switch|p2a: Calyrex|Calyrex-Shadow, L50, tera:Ghost|11/100\n|-ability|p2a: Calyrex|As One\n|-ability|p2a: Calyrex|Unnerve\n|turn|5\n|\n|t:|1773712885\n|switch|p1a: Tsareena|Tsareena, L50, F|100/100\n|move|p1b: Kyogre|Tera Blast|p2a: Calyrex|[anim] Tera Blast Water\n|-damage|p2a: Calyrex|0 fnt\n|faint|p2a: Calyrex\n|move|p2b: Dragonite|Stomping Tantrum|p1a: Tsareena\n|-resisted|p1a: Tsareena\n|-damage|p1a: Tsareena|73/100\n|\n|-weather|none\n|upkeep\n|turn|6\n|\n|t:|1773712910\n|move|p1b: Kyogre|Tera Blast|p2b: Dragonite|[anim] Tera Blast Water\n|-resisted|p2b: Dragonite\n|-damage|p2b: Dragonite|74/100\n|move|p1a: Tsareena|Triple Axel|p2b: Dragonite\n|-supereffective|p2b: Dragonite\n|-damage|p2b: Dragonite|44/100\n|-supereffective|p2b: Dragonite\n|-damage|p2b: Dragonite|0 fnt\n|faint|p2b: Dragonite\n|-hitcount|p2: Dragonite|2\n|\n|win|itastelikeiron\n|raw|itastelikeiron's rating: 1209 &rarr; <strong>1236</strong><br />(+27 for winning)\n|raw|MagiCarson08's rating: 1231 &rarr; <strong>1204</strong><br />(-27 for losing)\n|c|\u2606MagiCarson08|How is kyogre faster than calyrex\n","uploadtime":1773712934,"views":16,"formatid":"gen9vgc2026regi","rating":1204,"private":0,"password":null}