{"id":"gen9vgc2026regi-2551870120","format":"[Gen 9] VGC 2026 Reg I","players":["FlatbreadFT","Cello L."],"log":"|j|\u2606FlatbreadFT\n|j|\u2606Cello L.\n|t:|1772652168\n|gametype|doubles\n|player|p1|FlatbreadFT|266|1369\n|player|p2|Cello L.|psychic-gen4|1509\n|gen|9\n|tier|[Gen 9] VGC 2026 Reg I\n|rated|\n|rule|Species Clause: Limit one of each Pok\u00e9mon\n|rule|Item Clause: Limit 1 of each item\n|clearpoke\n|poke|p1|Koraidon, L50|\n|poke|p1|Scovillain, L50, M|\n|poke|p1|Miraidon, L50|\n|poke|p1|Chesnaught, L50, F|\n|poke|p1|Clefairy, L50, F|\n|poke|p1|Indeedee-F, L50, F|\n|poke|p2|Calyrex-Shadow, L50|\n|poke|p2|Zamazenta-*, L50|\n|poke|p2|Raging Bolt, L50|\n|poke|p2|Rillaboom, L50, F|\n|poke|p2|Incineroar, L50, M|\n|poke|p2|Amoonguss, L50, F|\n|teampreview|4\n|inactive|Battle timer is ON: inactive players will automatically lose when time's up. (requested by FlatbreadFT)\n|inactive|Cello L. has 60 seconds left.\n|\n|t:|1772652228\n|teamsize|p1|4\n|teamsize|p2|4\n|start\n|switch|p1a: Miraidon|Miraidon, L50|100/100\n|switch|p1b: Clefairy|Clefairy, L50, F|100/100\n|switch|p2a: Calyrex|Calyrex-Shadow, L50|100/100\n|switch|p2b: Zamazenta|Zamazenta-Crowned, L50|100/100\n|-ability|p2a: Calyrex|As One\n|-ability|p2a: Calyrex|Unnerve\n|-fieldstart|move: Electric Terrain|[from] ability: Hadron Engine|[of] p1a: Miraidon\n|-ability|p2b: Zamazenta|Dauntless Shield|boost\n|-boost|p2b: Zamazenta|def|1\n|turn|1\n|inactive|FlatbreadFT has 30 seconds left.\n|\n|t:|1772652256\n|switch|p2a: Rillaboom|Rillaboom, L50, F|100/100\n|-fieldstart|move: Grassy Terrain|[from] ability: Grassy Surge|[of] p2a: Rillaboom\n|move|p1b: Clefairy|Follow Me|p1b: Clefairy\n|-singleturn|p1b: Clefairy|move: Follow Me\n|move|p1a: Miraidon|Snarl|p2b: Zamazenta|[spread] p2a,p2b\n|-crit|p2a: Rillaboom\n|-resisted|p2b: Zamazenta\n|-damage|p2a: Rillaboom|86/100\n|-damage|p2b: Zamazenta|94/100\n|-unboost|p2a: Rillaboom|spa|1\n|-unboost|p2b: Zamazenta|spa|1\n|move|p2b: Zamazenta|Heavy Slam|p1b: Clefairy\n|-supereffective|p1b: Clefairy\n|-damage|p1b: Clefairy|33/100\n|\n|-heal|p2b: Zamazenta|100/100|[from] Grassy Terrain\n|-heal|p2a: Rillaboom|92/100|[from] Grassy Terrain\n|-heal|p1b: Clefairy|39/100|[from] Grassy Terrain\n|upkeep\n|turn|2\n|\n|t:|1772652277\n|switch|p1a: Koraidon|Koraidon, L50|100/100\n|-weather|SunnyDay|[from] ability: Orichalcum Pulse|[of] p1a: Koraidon\n|-activate|p1a: Koraidon|Orichalcum Pulse|[source]\n|switch|p1b: Scovillain|Scovillain, L50, M|100/100\n|move|p2b: Zamazenta|Heavy Slam|p1b: Scovillain\n|-resisted|p1b: Scovillain\n|-damage|p1b: Scovillain|59/100\n|move|p2a: Rillaboom|U-turn|p1a: Koraidon\n|-resisted|p1a: Koraidon\n|-damage|p1a: Koraidon|90/100\n|\n|t:|1772652296\n|switch|p2a: Calyrex|Calyrex-Shadow, L50|100/100|[from] U-turn\n|-ability|p2a: Calyrex|As One\n|-ability|p2a: Calyrex|Unnerve\n|\n|-weather|SunnyDay|[upkeep]\n|-heal|p1b: Scovillain|64/100|[from] Grassy Terrain\n|-heal|p1a: Koraidon|97/100|[from] Grassy Terrain\n|upkeep\n|turn|3\n|inactive|Cello L. has 30 seconds left.\n|inactive|Cello L. has 20 seconds left.\n|inactive|Cello L. has 15 seconds left.\n|inactive|Cello L. has 10 seconds left.\n|\n|t:|1772652343\n|-terastallize|p1a: Koraidon|Fire\n|move|p1b: Scovillain|Protect|p1b: Scovillain\n|-singleturn|p1b: Scovillain|Protect\n|move|p2b: Zamazenta|Protect|p2b: Zamazenta\n|-singleturn|p2b: Zamazenta|Protect\n|move|p2a: Calyrex|Astral Barrage|p1a: Koraidon|[spread] p1a\n|-activate|p1b: Scovillain|move: Protect\n|-damage|p1a: Koraidon|29/100\n|-damage|p2a: Calyrex|91/100|[from] item: Life Orb\n|move|p1a: Koraidon|Flame Charge|p2a: Calyrex\n|-damage|p2a: Calyrex|21/100\n|-boost|p1a: Koraidon|spe|1\n|\n|-weather|SunnyDay|[upkeep]\n|-heal|p1b: Scovillain|70/100|[from] Grassy Terrain\n|-heal|p1a: Koraidon|35/100|[from] Grassy Terrain\n|-heal|p2a: Calyrex|27/100|[from] Grassy Terrain\n|upkeep\n|turn|4\n|inactive|FlatbreadFT has 30 seconds left.\n|inactive|Cello L. has 30 seconds left.\n|inactive|Cello L. has 20 seconds left.\n|inactive|Cello L. has 15 seconds left.\n|\n|t:|1772652388\n|switch|p2a: Incineroar|Incineroar, L50, M|100/100\n|-ability|p2a: Incineroar|Intimidate|boost\n|-fail|p1a: Koraidon|unboost|[from] item: Clear Amulet|[of] p1a: Koraidon\n|-unboost|p1b: Scovillain|atk|1\n|-terastallize|p2b: Zamazenta|Water\n|move|p1b: Scovillain|Spicy Extract|p1a: Koraidon\n|-fail|p1a: Koraidon|unboost|[from] item: Clear Amulet|[of] p1a: Koraidon\n|-boost|p1a: Koraidon|atk|2\n|move|p1a: Koraidon|Collision Course|p2b: Zamazenta\n|-damage|p2b: Zamazenta|36/100\n|move|p2b: Zamazenta|Body Press|p1a: Koraidon\n|-damage|p1a: Koraidon|0 fnt\n|faint|p1a: Koraidon\n|\n|-weather|SunnyDay|[upkeep]\n|-heal|p1b: Scovillain|76/100|[from] Grassy Terrain\n|-heal|p2b: Zamazenta|42/100|[from] Grassy Terrain\n|upkeep\n|\n|t:|1772652403\n|switch|p1a: Miraidon|Miraidon, L50|100/100\n|-fieldstart|move: Electric Terrain|[from] ability: Hadron Engine|[of] p1a: Miraidon\n|turn|5\n|\n|t:|1772652414\n|switch|p2b: Rillaboom|Rillaboom, L50, F|92/100\n|-fieldstart|move: Grassy Terrain|[from] ability: Grassy Surge|[of] p2b: Rillaboom\n|move|p1b: Scovillain|Protect|p1b: Scovillain\n|-singleturn|p1b: Scovillain|Protect\n|move|p1a: Miraidon|Volt Switch|p2a: Incineroar\n|-damage|p2a: Incineroar|65/100\n|\n|t:|1772652418\n|switch|p1a: Clefairy|Clefairy, L50, F|39/100|[from] Volt Switch\n|move|p2a: Incineroar|Flare Blitz|p1b: Scovillain\n|-activate|p1b: Scovillain|move: Protect\n|\n|-weather|SunnyDay|[upkeep]\n|-heal|p1b: Scovillain|81/100|[from] Grassy Terrain\n|-heal|p2b: Rillaboom|98/100|[from] Grassy Terrain\n|-heal|p2a: Incineroar|71/100|[from] Grassy Terrain\n|-heal|p1a: Clefairy|45/100|[from] Grassy Terrain\n|upkeep\n|turn|6\n|\n|t:|1772652434\n|move|p2b: Rillaboom|Fake Out|p1b: Scovillain\n|-damage|p1b: Scovillain|62/100\n|cant|p1b: Scovillain|flinch\n|move|p2a: Incineroar|Parting Shot|p1a: Clefairy\n|-unboost|p1a: Clefairy|atk|1\n|-unboost|p1a: Clefairy|spa|1\n|\n|t:|1772652440\n|switch|p2a: Calyrex|Calyrex-Shadow, L50|27/100|[from] Parting Shot\n|-ability|p2a: Calyrex|As One\n|-ability|p2a: Calyrex|Unnerve\n|move|p1a: Clefairy|Life Dew|p1a: Clefairy|[spread] p1a,p1b\n|-heal|p1a: Clefairy|70/100\n|-heal|p1b: Scovillain|87/100\n|\n|-weather|none\n|-heal|p1b: Scovillain|93/100|[from] Grassy Terrain\n|-heal|p2a: Calyrex|33/100|[from] Grassy Terrain\n|-heal|p2b: Rillaboom|100/100|[from] Grassy Terrain\n|-heal|p1a: Clefairy|76/100|[from] Grassy Terrain\n|upkeep\n|turn|7\n|inactive|Cello L. has 30 seconds left.\n|\n|t:|1772652469\n|move|p1b: Scovillain|Protect|p1b: Scovillain\n|-singleturn|p1b: Scovillain|Protect\n|move|p2b: Rillaboom|Grassy Glide|p1a: Clefairy\n|-damage|p1a: Clefairy|50/100\n|move|p2a: Calyrex|Astral Barrage|p1b: Scovillain|[spread] p1a\n|-activate|p1b: Scovillain|move: Protect\n|-damage|p1a: Clefairy|0 fnt\n|faint|p1a: Clefairy\n|-ability|p2a: Calyrex|Grim Neigh|boost\n|-boost|p2a: Calyrex|spa|1\n|-damage|p2a: Calyrex|23/100|[from] item: Life Orb\n|\n|-heal|p2a: Calyrex|29/100|[from] Grassy Terrain\n|-heal|p1b: Scovillain|98/100|[from] Grassy Terrain\n|upkeep\n|\n|t:|1772652481\n|switch|p1a: Miraidon|Miraidon, L50|100/100\n|-fieldstart|move: Electric Terrain|[from] ability: Hadron Engine|[of] p1a: Miraidon\n|turn|8\n|\n|t:|1772652491\n|move|p2a: Calyrex|Protect|p2a: Calyrex\n|-singleturn|p2a: Calyrex|Protect\n|move|p1a: Miraidon|Electro Drift|p2b: Rillaboom\n|-resisted|p2b: Rillaboom\n|-damage|p2b: Rillaboom|67/100\n|move|p1b: Scovillain|Overheat|p2a: Calyrex\n|-activate|p2a: Calyrex|move: Protect\n|move|p2b: Rillaboom|U-turn|p1a: Miraidon\n|-damage|p1a: Miraidon|81/100\n|\n|t:|1772652501\n|switch|p2b: Incineroar|Incineroar, L50, M|71/100|[from] U-turn\n|-ability|p2b: Incineroar|Intimidate|boost\n|-unboost|p1a: Miraidon|atk|1\n|-unboost|p1b: Scovillain|atk|1\n|\n|upkeep\n|turn|9\n|-message|FlatbreadFT forfeited.\n|\n|win|Cello L.\n|raw|FlatbreadFT's rating: 1369 &rarr; <strong>1357</strong><br />(-12 for losing)\n|raw|Cello L.'s rating: 1509 &rarr; <strong>1521</strong><br />(+12 for winning)\n|l|\u2606FlatbreadFT\n|player|p1|\n|l|\u2606Cello L.\n|player|p2|\n","uploadtime":1772652507,"views":12,"formatid":"gen9vgc2026regi","rating":1357,"private":0,"password":null}