{"id":"gen9vgc2026regi-2543408673","format":"[Gen 9] VGC 2026 Reg I","players":["multi-filter","TheManOfSausage"],"log":"|j|\u2606multi-filter\n|j|\u2606TheManOfSausage\n|t:|1771567903\n|gametype|doubles\n|player|p1|multi-filter|101|1448\n|player|p2|TheManOfSausage|miku-water|1550\n|gen|9\n|tier|[Gen 9] VGC 2026 Reg I\n|rated|\n|rule|Species Clause: Limit one of each Pok\u00e9mon\n|rule|Item Clause: Limit 1 of each item\n|clearpoke\n|poke|p1|Calyrex-Ice, L50|\n|poke|p1|Incineroar, L50, F|\n|poke|p1|Miraidon, L50|\n|poke|p1|Iron Bundle, L50|\n|poke|p1|Farigiraf, L50, F|\n|poke|p1|Ogerpon-Hearthflame, L50, F|\n|poke|p2|Kyogre, L50|\n|poke|p2|Zacian-*, L50|\n|poke|p2|Farigiraf, L50, F|\n|poke|p2|Urshifu-*, L50, M|\n|poke|p2|Tornadus, L50, M|\n|poke|p2|Landorus, L50, M|\n|teampreview|4\n|\n|t:|1771567944\n|teamsize|p1|4\n|teamsize|p2|4\n|start\n|switch|p1a: Miraidon|Miraidon, L50|100/100\n|switch|p1b: Iron Bundle|Iron Bundle, L50|100/100\n|switch|p2a: Kyogre|Kyogre, L50|100/100\n|switch|p2b: Urshifu|Urshifu-Rapid-Strike, L50, M|100/100\n|-fieldstart|move: Electric Terrain|[from] ability: Hadron Engine|[of] p1a: Miraidon\n|-activate|p1b: Iron Bundle|ability: Quark Drive\n|-start|p1b: Iron Bundle|quarkdrivespe\n|-weather|RainDance|[from] ability: Drizzle|[of] p2a: Kyogre\n|turn|1\n|\n|t:|1771567965\n|-terastallize|p2a: Kyogre|Grass\n|move|p1b: Iron Bundle|Snowscape|p1b: Iron Bundle\n|-weather|Snowscape\n|move|p1a: Miraidon|Electro Drift|p2b: Urshifu\n|-supereffective|p2b: Urshifu\n|-damage|p2b: Urshifu|0 fnt\n|faint|p2b: Urshifu\n|move|p2a: Kyogre|Water Spout|p1b: Iron Bundle|[spread] p1a,p1b\n|-resisted|p1a: Miraidon\n|-resisted|p1b: Iron Bundle\n|-damage|p1a: Miraidon|63/100\n|-damage|p1b: Iron Bundle|8/100\n|\n|-weather|Snowscape|[upkeep]\n|upkeep\n|\n|t:|1771567972\n|switch|p2b: Zacian|Zacian-Crowned, L50|100/100\n|-ability|p2b: Zacian|Intrepid Sword|boost\n|-boost|p2b: Zacian|atk|1\n|turn|2\n|\n|t:|1771567988\n|switch|p1a: Farigiraf|Farigiraf, L50, F|100/100\n|-enditem|p1a: Farigiraf|Electric Seed\n|-boost|p1a: Farigiraf|def|1|[from] item: Electric Seed\n|move|p2b: Zacian|Protect|p2b: Zacian\n|-singleturn|p2b: Zacian|Protect\n|move|p1b: Iron Bundle|Blizzard|p2b: Zacian|[spread] p2a\n|-activate|p2b: Zacian|move: Protect\n|-supereffective|p2a: Kyogre\n|-damage|p2a: Kyogre|50/100\n|move|p2a: Kyogre|Water Spout|p1b: Iron Bundle|[spread] p1a,p1b\n|-resisted|p1b: Iron Bundle\n|-damage|p1a: Farigiraf|70/100\n|-damage|p1b: Iron Bundle|0 fnt\n|faint|p1b: Iron Bundle\n|-end|p1b: Iron Bundle|Quark Drive|[silent]\n|\n|-weather|Snowscape|[upkeep]\n|upkeep\n|\n|t:|1771568004\n|switch|p1b: Miraidon|Miraidon, L50|63/100\n|-activate|p1b: Miraidon|ability: Hadron Engine\n|turn|3\n|\n|t:|1771568035\n|move|p1a: Farigiraf|Helping Hand|p1b: Miraidon\n|-singleturn|p1b: Miraidon|Helping Hand|[of] p1a: Farigiraf\n|move|p1b: Miraidon|Overheat|p2b: Zacian\n|-supereffective|p2b: Zacian\n|-damage|p2b: Zacian|0 fnt\n|-unboost|p1b: Miraidon|spa|2\n|faint|p2b: Zacian\n|move|p2a: Kyogre|Origin Pulse|p1b: Miraidon|[spread] p1a,p1b\n|-resisted|p1b: Miraidon\n|-damage|p1a: Farigiraf|21/100\n|-damage|p1b: Miraidon|38/100\n|\n|-weather|Snowscape|[upkeep]\n|upkeep\n|\n|t:|1771568039\n|switch|p2b: Farigiraf|Farigiraf, L50, F|100/100\n|turn|4\n|\n|t:|1771568051\n|switch|p1b: \u9e7f\u51a0\u738b-\u767d\u51a0|Calyrex-Ice, L50|100/100\n|-ability|p1b: \u9e7f\u51a0\u738b-\u767d\u51a0|As One\n|-ability|p1b: \u9e7f\u51a0\u738b-\u767d\u51a0|Unnerve\n|move|p2a: Kyogre|Protect|p2a: Kyogre\n|-singleturn|p2a: Kyogre|Protect\n|move|p1a: Farigiraf|Baton Pass|p1a: Farigiraf\n|\n|t:|1771568060\n|switch|p1a: Miraidon|Miraidon, L50|38/100|[from] Baton Pass\n|-activate|p1a: Miraidon|ability: Hadron Engine\n|move|p2b: Farigiraf|Hyper Voice|p1a: Miraidon|[spread] p1a,p1b\n|-crit|p1b: \u9e7f\u51a0\u738b-\u767d\u51a0\n|-damage|p1a: Miraidon|15/100\n|-damage|p1b: \u9e7f\u51a0\u738b-\u767d\u51a0|79/100\n|-enditem|p2b: Farigiraf|Throat Spray\n|-boost|p2b: Farigiraf|spa|1|[from] item: Throat Spray\n|\n|-weather|Snowscape|[upkeep]\n|upkeep\n|turn|5\n|\n|t:|1771568072\n|move|p2a: Kyogre|Protect||[still]\n|-fail|p2a: Kyogre\n|move|p1a: Miraidon|Overheat|p2a: Kyogre\n|-supereffective|p2a: Kyogre\n|-damage|p2a: Kyogre|0 fnt\n|-unboost|p1a: Miraidon|spa|2\n|faint|p2a: Kyogre\n|move|p1b: \u9e7f\u51a0\u738b-\u767d\u51a0|Crunch|p2b: Farigiraf\n|-supereffective|p2b: Farigiraf\n|-damage|p2b: Farigiraf|26/100\n|-unboost|p2b: Farigiraf|def|1\n|move|p2b: Farigiraf|Hyper Voice|p1b: \u9e7f\u51a0\u738b-\u767d\u51a0|[spread] p1a,p1b\n|-damage|p1a: Miraidon|0 fnt\n|-damage|p1b: \u9e7f\u51a0\u738b-\u767d\u51a0|58/100\n|faint|p1a: Miraidon\n|\n|-weather|none\n|-fieldend|move: Electric Terrain\n|upkeep\n|-message|TheManOfSausage forfeited.\n|\n|win|multi-filter\n|raw|multi-filter's rating: 1448 &rarr; <strong>1474</strong><br />(+26 for winning)\n|raw|TheManOfSausage's rating: 1550 &rarr; <strong>1524</strong><br />(-26 for losing)\n|l|\u2606TheManOfSausage\n|player|p2|\n|l|\u2606multi-filter\n|player|p1|\n","uploadtime":1771568278,"views":20,"formatid":"gen9vgc2026regi","rating":1474,"private":0,"password":null}