{"id":"gen9vgc2026regi-2555125598","format":"[Gen 9] VGC 2026 Reg I","players":["SycrasisEU","feces fungal"],"log":"|j|\u2606SycrasisEU\n|j|\u2606feces fungal\n|t:|1773060767\n|gametype|doubles\n|player|p1|SycrasisEU|pryce|1168\n|player|p2|feces fungal|gardenia|1163\n|gen|9\n|tier|[Gen 9] VGC 2026 Reg I\n|rated|\n|rule|Species Clause: Limit one of each Pok\u00e9mon\n|rule|Item Clause: Limit 1 of each item\n|clearpoke\n|poke|p1|Calyrex-Shadow, L50|\n|poke|p1|Incineroar, L50, F|\n|poke|p1|Clefairy, L50, F|\n|poke|p1|Kyogre, L50|\n|poke|p1|Tornadus, L50, M|\n|poke|p1|Tinkaton, L50, F|\n|poke|p2|Lurantis, L50, F|\n|poke|p2|Ting-Lu, L50|\n|poke|p2|Indeedee-F, L50, F|\n|poke|p2|Sinistcha-Masterpiece, L50|\n|poke|p2|Dialga-Origin, L50|\n|poke|p2|Calyrex-Ice, L50|\n|teampreview|4\n|inactive|Battle timer is ON: inactive players will automatically lose when time's up. (requested by feces fungal)\n|\n|t:|1773060791\n|teamsize|p1|4\n|teamsize|p2|4\n|start\n|switch|p1a: Calyrex|Calyrex-Shadow, L50|100/100\n|switch|p1b: Incineroar|Incineroar, L50, F, shiny|100/100\n|switch|p2a: Lurantis|Lurantis, L50, F, shiny|100/100\n|switch|p2b: Sinistcha|Sinistcha-Masterpiece, L50|100/100\n|-ability|p1a: Calyrex|As One\n|-ability|p1a: Calyrex|Unnerve\n|-ability|p1b: Incineroar|Intimidate|boost\n|-boost|p2a: Lurantis|atk|1\n|-unboost|p2b: Sinistcha|atk|1\n|turn|1\n|\n|t:|1773060811\n|move|p2a: Lurantis|Protect|p2a: Lurantis\n|-singleturn|p2a: Lurantis|Protect\n|move|p1b: Incineroar|Fake Out|p2a: Lurantis\n|-activate|p2a: Lurantis|move: Protect\n|move|p1a: Calyrex|Nasty Plot|p1a: Calyrex\n|-boost|p1a: Calyrex|spa|2\n|move|p2b: Sinistcha|Trick Room|p2b: Sinistcha\n|-fieldstart|move: Trick Room|[of] p2b: Sinistcha\n|\n|upkeep\n|turn|2\n|inactive|SycrasisEU has 30 seconds left.\n|\n|t:|1773060843\n|-terastallize|p2a: Lurantis|Stellar\n|move|p1a: Calyrex|Protect|p1a: Calyrex\n|-singleturn|p1a: Calyrex|Protect\n|move|p2a: Lurantis|Tera Blast|p1a: Calyrex|[anim] Tera Blast Stellar\n|-activate|p1a: Calyrex|move: Protect\n|move|p1b: Incineroar|Parting Shot|p2b: Sinistcha\n|-unboost|p2b: Sinistcha|atk|1\n|-unboost|p2b: Sinistcha|spa|1\n|\n|t:|1773060855\n|switch|p1b: Clefairy|Clefairy, L50, F|100/100|[from] Parting Shot\n|move|p2b: Sinistcha|Matcha Gotcha|p1b: Clefairy|[spread] p1b\n|-activate|p1a: Calyrex|move: Protect\n|-damage|p1b: Clefairy|90/100\n|\n|upkeep\n|turn|3\n|\n|t:|1773060869\n|switch|p2b: Ting-Lu|Ting-Lu, L50|100/100\n|-ability|p2b: Ting-Lu|Vessel of Ruin\n|move|p1b: Clefairy|After You|p1a: Calyrex\n|-activate|p1a: Calyrex|move: After You\n|move|p1a: Calyrex|Astral Barrage|p2b: Ting-Lu|[spread] p2a,p2b\n|-resisted|p2b: Ting-Lu\n|-damage|p2a: Lurantis|14/100\n|-damage|p2b: Ting-Lu|78/100\n|move|p2a: Lurantis|Tera Blast|p1a: Calyrex|[anim] Tera Blast Stellar\n|-damage|p1a: Calyrex|50/100\n|-boost|p2a: Lurantis|atk|1\n|-boost|p2a: Lurantis|spa|1\n|\n|-heal|p2a: Lurantis|20/100|[from] item: Leftovers\n|upkeep\n|turn|4\n|\n|t:|1773060890\n|-terastallize|p1a: Calyrex|Dark\n|move|p1b: Clefairy|After You|p1a: Calyrex\n|-activate|p1a: Calyrex|move: After You\n|move|p1a: Calyrex|Astral Barrage|p2b: Ting-Lu|[spread] p2a,p2b\n|-resisted|p2b: Ting-Lu\n|-damage|p2a: Lurantis|0 fnt\n|-damage|p2b: Ting-Lu|59/100\n|faint|p2a: Lurantis\n|-ability|p1a: Calyrex|Grim Neigh|boost\n|-boost|p1a: Calyrex|spa|1\n|move|p2b: Ting-Lu|Stomping Tantrum|p1a: Calyrex\n|-damage|p1a: Calyrex|24/100\n|\n|upkeep\n|\n|t:|1773060897\n|switch|p2a: Calyrex|Calyrex-Ice, L50|100/100\n|-ability|p2a: Calyrex|As One\n|-ability|p2a: Calyrex|Unnerve\n|turn|5\n|\n|t:|1773060908\n|move|p1b: Clefairy|Protect|p1b: Clefairy\n|-singleturn|p1b: Clefairy|Protect\n|move|p1a: Calyrex|Protect|p1a: Calyrex\n|-singleturn|p1a: Calyrex|Protect\n|move|p2b: Ting-Lu|Stomping Tantrum|p1a: Calyrex\n|-activate|p1a: Calyrex|move: Protect\n|move|p2a: Calyrex|Glacial Lance|p1a: Calyrex|[spread] \n|-activate|p1a: Calyrex|move: Protect\n|-activate|p1b: Clefairy|move: Protect\n|\n|-fieldend|move: Trick Room\n|upkeep\n|turn|6\n|\n|t:|1773060928\n|move|p1b: Clefairy|Follow Me|p1b: Clefairy\n|-singleturn|p1b: Clefairy|move: Follow Me\n|move|p1a: Calyrex|Astral Barrage|p2b: Ting-Lu|[spread] p2a,p2b\n|-supereffective|p2a: Calyrex\n|-resisted|p2b: Ting-Lu\n|-damage|p2a: Calyrex|0 fnt\n|-damage|p2b: Ting-Lu|35/100\n|faint|p2a: Calyrex\n|-ability|p1a: Calyrex|Grim Neigh|boost\n|-boost|p1a: Calyrex|spa|1\n|move|p2b: Ting-Lu|Stomping Tantrum|p1b: Clefairy\n|-damage|p1b: Clefairy|55/100\n|\n|upkeep\n|\n|t:|1773060936\n|switch|p2a: Sinistcha|Sinistcha-Masterpiece, L50|100/100\n|-heal|p2b: Ting-Lu|60/100|[from] ability: Hospitality|[of] p2a: Sinistcha\n|turn|7\n|-message|feces fungal forfeited.\n|\n|win|SycrasisEU\n|raw|SycrasisEU's rating: 1168 &rarr; <strong>1193</strong><br />(+25 for winning)\n|raw|feces fungal's rating: 1163 &rarr; <strong>1138</strong><br />(-25 for losing)\n|l|\u2606feces fungal\n|player|p2|\n|l|\u2606SycrasisEU\n|player|p1|\n","uploadtime":1773061204,"views":17,"formatid":"gen9vgc2026regi","rating":1138,"private":0,"password":null}