{"id":"gen9vgc2026regi-2524121882","format":"[Gen 9] VGC 2026 Reg I","players":["SniffLazer","GoofyRonald756"],"log":"|j|\u2606SniffLazer\n|j|\u2606GoofyRonald756\n|t:|1769109912\n|gametype|doubles\n|player|p1|SniffLazer|102|1366\n|player|p2|GoofyRonald756|265|1385\n|gen|9\n|tier|[Gen 9] VGC 2026 Reg I\n|rated|\n|rule|Species Clause: Limit one of each Pok\u00e9mon\n|rule|Item Clause: Limit 1 of each item\n|clearpoke\n|poke|p1|Koraidon, L50|\n|poke|p1|Ho-Oh, L50|\n|poke|p1|Flutter Mane, L50|\n|poke|p1|Scream Tail, L50|\n|poke|p1|Gothitelle, L50, F|\n|poke|p1|Incineroar, L50, M|\n|poke|p2|Miraidon, L50|\n|poke|p2|Lunala, L50|\n|poke|p2|Sylveon, L50, M|\n|poke|p2|Incineroar, L50, F|\n|poke|p2|Whimsicott, L50, F|\n|poke|p2|Urshifu-*, L50, F|\n|teampreview|4\n|\n|t:|1769109937\n|teamsize|p1|4\n|teamsize|p2|4\n|start\n|switch|p1a: Flutter Mane|Flutter Mane, L50|100/100\n|switch|p1b: Koraidon|Koraidon, L50|100/100\n|switch|p2a: Miraidon|Miraidon, L50, shiny|100/100\n|switch|p2b: Lunala|Lunala, L50|100/100\n|-weather|SunnyDay|[from] ability: Orichalcum Pulse|[of] p1b: Koraidon\n|-activate|p1a: Flutter Mane|ability: Protosynthesis\n|-start|p1a: Flutter Mane|protosynthesisspe\n|-activate|p1b: Koraidon|Orichalcum Pulse|[source]\n|-fieldstart|move: Electric Terrain|[from] ability: Hadron Engine|[of] p2a: Miraidon\n|-enditem|p2b: Lunala|Electric Seed\n|-boost|p2b: Lunala|def|1|[from] item: Electric Seed\n|turn|1\n|inactive|Battle timer is ON: inactive players will automatically lose when time's up. (requested by SniffLazer)\n|\n|t:|1769109960\n|switch|p2a: Whimsicott|Whimsicott, L50, F, shiny|100/100\n|move|p1a: Flutter Mane|Protect|p1a: Flutter Mane\n|-singleturn|p1a: Flutter Mane|Protect\n|move|p1b: Koraidon|U-turn|p2b: Lunala\n|-damage|p2b: Lunala|90/100\n|-damage|p1b: Koraidon|91/100|[from] item: Life Orb\n|\n|t:|1769109968\n|switch|p1b: Incineroar|Incineroar, L50, M|100/100|[from] U-turn\n|-ability|p1b: Incineroar|Intimidate|boost\n|-unboost|p2a: Whimsicott|atk|1\n|-unboost|p2b: Lunala|atk|1\n|move|p2b: Lunala|Trick Room|p2b: Lunala\n|-fieldstart|move: Trick Room|[of] p2b: Lunala\n|\n|-weather|SunnyDay|[upkeep]\n|upkeep\n|turn|2\n|inactive|SniffLazer has 30 seconds left.\n|\n|t:|1769109998\n|switch|p2a: Incineroar|Incineroar, L50, F|100/100\n|-ability|p2a: Incineroar|Intimidate|boost\n|-unboost|p1a: Flutter Mane|atk|1\n|-unboost|p1b: Incineroar|atk|1\n|-end|p1a: Flutter Mane|Protosynthesis|[silent]\n|switch|p1a: Scream Tail|Scream Tail, L50|100/100\n|-activate|p1a: Scream Tail|ability: Protosynthesis\n|-start|p1a: Scream Tail|protosynthesisspe\n|move|p1b: Incineroar|Flare Blitz|p2a: Incineroar\n|-resisted|p2a: Incineroar\n|-damage|p2a: Incineroar|85/100\n|-damage|p1b: Incineroar|95/100|[from] Recoil\n|move|p2b: Lunala|Moongeist Beam|p1a: Scream Tail\n|-supereffective|p1a: Scream Tail\n|-damage|p1a: Scream Tail|23/100\n|\n|-weather|SunnyDay|[upkeep]\n|upkeep\n|turn|3\n|\n|t:|1769110018\n|move|p1b: Incineroar|Protect|p1b: Incineroar\n|-singleturn|p1b: Incineroar|Protect\n|move|p1a: Scream Tail|Protect|p1a: Scream Tail\n|-singleturn|p1a: Scream Tail|Protect\n|move|p2a: Incineroar|Knock Off|p1b: Incineroar\n|-activate|p1b: Incineroar|move: Protect\n|move|p2b: Lunala|Moongeist Beam|p1a: Scream Tail\n|-activate|p1a: Scream Tail|move: Protect\n|\n|-weather|SunnyDay|[upkeep]\n|upkeep\n|turn|4\n|\n|t:|1769110037\n|move|p1b: Incineroar|Flare Blitz|p2b: Lunala\n|-damage|p2b: Lunala|69/100\n|-damage|p1b: Incineroar|87/100|[from] Recoil\n|move|p2a: Incineroar|Knock Off|p1b: Incineroar\n|-resisted|p1b: Incineroar\n|-damage|p1b: Incineroar|74/100\n|-enditem|p1b: Incineroar|Safety Goggles|[from] move: Knock Off|[of] p2a: Incineroar\n|move|p2b: Lunala|Moongeist Beam|p1a: Scream Tail\n|-supereffective|p1a: Scream Tail\n|-damage|p1a: Scream Tail|0 fnt\n|faint|p1a: Scream Tail\n|-end|p1a: Scream Tail|Protosynthesis|[silent]\n|\n|-weather|SunnyDay|[upkeep]\n|upkeep\n|\n|t:|1769110051\n|switch|p1a: Flutter Mane|Flutter Mane, L50|100/100\n|-activate|p1a: Flutter Mane|ability: Protosynthesis\n|-start|p1a: Flutter Mane|protosynthesisspe\n|turn|5\n|\n|t:|1769110064\n|switch|p2a: Whimsicott|Whimsicott, L50, F, shiny|100/100\n|-terastallize|p2b: Lunala|Fairy\n|move|p1b: Incineroar|Protect|p1b: Incineroar\n|-singleturn|p1b: Incineroar|Protect\n|move|p1a: Flutter Mane|Protect|p1a: Flutter Mane\n|-singleturn|p1a: Flutter Mane|Protect\n|move|p2b: Lunala|Moongeist Beam|p1a: Flutter Mane\n|-activate|p1a: Flutter Mane|move: Protect\n|\n|-weather|none\n|-end|p1a: Flutter Mane|Protosynthesis\n|-fieldend|move: Trick Room\n|-fieldend|move: Electric Terrain\n|upkeep\n|turn|6\n|\n|t:|1769110082\n|-end|p1a: Flutter Mane|Protosynthesis|[silent]\n|switch|p1a: Koraidon|Koraidon, L50|91/100\n|-weather|SunnyDay|[from] ability: Orichalcum Pulse|[of] p1a: Koraidon\n|-activate|p1a: Koraidon|Orichalcum Pulse|[source]\n|move|p2a: Whimsicott|Encore||[still]\n|-fail|p2a: Whimsicott\n|move|p2b: Lunala|Moonblast|p1b: Incineroar\n|-damage|p1b: Incineroar|26/100\n|move|p1b: Incineroar|Flare Blitz|p2a: Whimsicott\n|-supereffective|p2a: Whimsicott\n|-enditem|p2a: Whimsicott|Focus Sash\n|-damage|p2a: Whimsicott|1/100\n|-damage|p1b: Incineroar|7/100|[from] Recoil\n|\n|-weather|SunnyDay|[upkeep]\n|upkeep\n|turn|7\n|\n|t:|1769110105\n|-terastallize|p1a: Koraidon|Fire\n|move|p2a: Whimsicott|Tailwind|p2a: Whimsicott\n|-sidestart|p2: GoofyRonald756|move: Tailwind\n|move|p2b: Lunala|Moonblast|p1b: Incineroar\n|-damage|p1b: Incineroar|0 fnt\n|faint|p1b: Incineroar\n|move|p1a: Koraidon|Flare Blitz|p2b: Lunala\n|-damage|p2b: Lunala|0 fnt\n|faint|p2b: Lunala\n|-damage|p1a: Koraidon|62/100|[from] Recoil\n|-damage|p1a: Koraidon|52/100|[from] item: Life Orb\n|\n|-weather|SunnyDay|[upkeep]\n|upkeep\n|\n|t:|1769110116\n|switch|p2b: Miraidon|Miraidon, L50, shiny|100/100\n|switch|p1b: Flutter Mane|Flutter Mane, L50|100/100\n|-fieldstart|move: Electric Terrain|[from] ability: Hadron Engine|[of] p2b: Miraidon\n|-activate|p1b: Flutter Mane|ability: Protosynthesis\n|-start|p1b: Flutter Mane|protosynthesisspe\n|turn|8\n|\n|t:|1769110131\n|move|p2b: Miraidon|Electro Drift|p1b: Flutter Mane\n|-enditem|p1b: Flutter Mane|Focus Sash\n|-damage|p1b: Flutter Mane|1/100\n|move|p2a: Whimsicott|Moonblast|p1b: Flutter Mane\n|-damage|p1b: Flutter Mane|0 fnt\n|faint|p1b: Flutter Mane\n|-end|p1b: Flutter Mane|Protosynthesis|[silent]\n|move|p1a: Koraidon|Close Combat|p2b: Miraidon\n|-damage|p2b: Miraidon|0 fnt\n|-unboost|p1a: Koraidon|def|1\n|-unboost|p1a: Koraidon|spd|1\n|faint|p2b: Miraidon\n|-damage|p1a: Koraidon|43/100|[from] item: Life Orb\n|\n|-weather|SunnyDay|[upkeep]\n|upkeep\n|\n|t:|1769110135\n|switch|p2b: Incineroar|Incineroar, L50, F|85/100\n|-ability|p2b: Incineroar|Intimidate|boost\n|-unboost|p1a: Koraidon|atk|1\n|turn|9\n|\n|t:|1769110147\n|move|p2b: Incineroar|Fake Out|p1a: Koraidon\n|-damage|p1a: Koraidon|28/100\n|move|p2a: Whimsicott|Moonblast|p1a: Koraidon\n|-resisted|p1a: Koraidon\n|-damage|p1a: Koraidon|2/100\n|cant|p1a: Koraidon|flinch\n|\n|-weather|SunnyDay|[upkeep]\n|upkeep\n|turn|10\n|\n|t:|1769110154\n|move|p2a: Whimsicott|Moonblast|p1a: Koraidon\n|-resisted|p1a: Koraidon\n|-damage|p1a: Koraidon|0 fnt\n|faint|p1a: Koraidon\n|\n|win|GoofyRonald756\n|raw|SniffLazer's rating: 1366 &rarr; <strong>1347</strong><br />(-19 for losing)\n|raw|GoofyRonald756's rating: 1385 &rarr; <strong>1404</strong><br />(+19 for winning)\n|l|\u2606SniffLazer\n|player|p1|\n","uploadtime":1769110295,"views":17,"formatid":"gen9vgc2026regi","rating":1347,"private":0,"password":null}