{"id":"gen9vgc2026regi-2565899314","format":"[Gen 9] VGC 2026 Reg I","players":["magicalarcher57","ScribbleScribble"],"log":"|j|\u2606magicalarcher57\n|j|\u2606ScribbleScribble\n|html|<table width=\"100%\"><tr><td align=\"left\">magicalarcher57</td><td align=\"right\">ScribbleScribble</tr><tr><td align=\"left\"><i class=\"fa fa-circle-o\"></i> <i class=\"fa fa-circle-o\"></i> </td><td align=\"right\"><i class=\"fa fa-circle-o\"></i> <i class=\"fa fa-circle-o\"></i> </tr></table>\n|uhtml|bestof|<h2><strong>Game 1</strong> of <a href=\"/game-bestof3-gen9vgc2026regi-2565899313\">a best-of-3</a></h2>\n|t:|1774315648\n|gametype|doubles\n|player|p1|magicalarcher57|bellelba|\n|player|p2|ScribbleScribble|mina-lgpe|\n|gen|9\n|tier|[Gen 9] VGC 2026 Reg I\n|rated|Tournament battle\n|rule|Species Clause: Limit one of each Pok\u00e9mon\n|rule|Item Clause: Limit 1 of each item\n|raw|<div class=\"infobox\"><details class=\"readmore\" open><summary><strong>4 custom rules:</strong></summary> Open Team Sheets, Force Open Team Sheets, !Open Team Sheets, Best of = 3</details></div>\n|clearpoke\n|poke|p1|Calyrex-Ice, L50|\n|poke|p1|Incineroar, L50, F|\n|poke|p1|Koraidon, L50|\n|poke|p1|Grimmsnarl, L50, M|\n|poke|p1|Amoonguss, L50, F|\n|poke|p1|Raging Bolt, L50|\n|poke|p2|Calyrex-Ice, L50|\n|poke|p2|Kyogre, L50|\n|poke|p2|Tornadus, L50, M|\n|poke|p2|Indeedee-F, L50, F|\n|poke|p2|Landorus, L50, M|\n|poke|p2|Urshifu-*, L50, F|\n|teampreview|4\n|showteam|p1|Calyrex-Ice||Leftovers|AsOneGlastrier|GlacialLance,LeechSeed,TrickRoom,Protect||||||50|,,,,,Water]Incineroar||AssaultVest|Intimidate|FakeOut,FlareBlitz,KnockOff,Uturn|||F|||50|,,,,,Bug]Koraidon||LifeOrb|OrichalcumPulse|CloseCombat,FlareBlitz,FlameCharge,Protect||||||50|,,,,,Fire]Grimmsnarl||LightClay|Prankster|FoulPlay,LightScreen,Reflect,ScaryFace|||M|||50|,,,,,Ghost]Amoonguss||RockyHelmet|Regenerator|Spore,RagePowder,PollenPuff,Protect|||F|||50|,,,,,Water]Raging Bolt||Magnet|Protosynthesis|Thunderbolt,DracoMeteor,Thunderclap,Protect||||||50|,,,,,Fairy\n|showteam|p2|Calyrex-Ice||ClearAmulet|AsOneGlastrier|GlacialLance,SeedBomb,TrickRoom,Imprison||||||50|,,,,,Grass]Kyogre||MysticWater|Drizzle|WaterSpout,HydroPump,Thunder,Protect||||||50|,,,,,Grass]Tornadus||FocusSash|Prankster|BleakwindStorm,RainDance,Taunt,Tailwind|||M|||50|,,,,,Ghost]Indeedee-F||PsychicSeed|PsychicSurge|Psychic,HelpingHand,FollowMe,TrickRoom|||F|||50|,,,,,Ground]Landorus||LifeOrb|SheerForce|EarthPower,SandsearStorm,SludgeBomb,Protect|||M|||50|,,,,,Poison]Urshifu-Rapid-Strike||ChoiceBand|UnseenFist|SurgingStrikes,Uturn,AquaJet,CloseCombat|||F|||50|,,,,,Ghost\n|inactive|Battle timer is ON: inactive players will automatically lose when time's up. (requested by ScribbleScribble)\n|c|\u2606magicalarcher57|Glhf scribble\n|c|\u2606ScribbleScribble|glhf march\n|j| Aragon121_\n|j| shoccco\u2764\n|c| shoccco\u2764|oooooooh\n|inactive|magicalarcher57 has 60 seconds left.\n|inactive|ScribbleScribble has 60 seconds left.\n|j| aurora ltd\n|\n|t:|1774315682\n|teamsize|p1|4\n|teamsize|p2|4\n|start\n|switch|p1a: Grimmsnarl|Grimmsnarl, L50, M|100/100\n|switch|p1b: Raging Bolt|Raging Bolt, L50|100/100\n|switch|p2a: Tornadus|Tornadus, L50, M|100/100\n|switch|p2b: Calyrex|Calyrex-Ice, L50|100/100\n|-ability|p2b: Calyrex|As One\n|-ability|p2b: Calyrex|Unnerve\n|turn|1\n|n| shocccco\u2764|shoccco\n|c| shocccco\u2764|now we're all blue!\n|inactive|magicalarcher57 has 30 seconds left.\n|\n|t:|1774315708\n|-terastallize|p1b: Raging Bolt|Fairy\n|move|p2a: Tornadus|Bleakwind Storm|p1a: Grimmsnarl|[spread] p1a\n|-miss|p2a: Tornadus|p1b: Raging Bolt\n|-damage|p1a: Grimmsnarl|62/100\n|-unboost|p1a: Grimmsnarl|spe|1\n|move|p2b: Calyrex|Glacial Lance|p1a: Grimmsnarl|[spread] p1a,p1b\n|-damage|p1a: Grimmsnarl|15/100\n|-damage|p1b: Raging Bolt|52/100\n|move|p1b: Raging Bolt|Draco Meteor|p2b: Calyrex\n|-damage|p2b: Calyrex|40/100\n|-unboost|p1b: Raging Bolt|spa|2\n|move|p1a: Grimmsnarl|Foul Play|p2b: Calyrex\n|-supereffective|p2b: Calyrex\n|-damage|p2b: Calyrex|0 fnt\n|faint|p2b: Calyrex\n|\n|upkeep\n|\n|t:|1774315715\n|switch|p2b: Landorus|Landorus, L50, M|100/100\n|turn|2\n|\n|t:|1774315728\n|-end|p1b: Raging Bolt|Protosynthesis|[silent]\n|switch|p1b: Amoonguss|Amoonguss, L50, F|100/100\n|move|p2b: Landorus|Protect|p2b: Landorus\n|-singleturn|p2b: Landorus|Protect\n|move|p1a: Grimmsnarl|Light Screen|p1a: Grimmsnarl\n|-sidestart|p1: magicalarcher57|move: Light Screen\n|move|p2a: Tornadus|Bleakwind Storm|p1a: Grimmsnarl|[spread] p1a,p1b\n|-supereffective|p1b: Amoonguss\n|-damage|p1a: Grimmsnarl|0 fnt\n|-damage|p1b: Amoonguss|70/100\n|faint|p1a: Grimmsnarl\n|\n|upkeep\n|j| tomcheung22\n|\n|t:|1774315750\n|switch|p1a: Koraidon|Koraidon, L50|100/100\n|-weather|SunnyDay|[from] ability: Orichalcum Pulse|[of] p1a: Koraidon\n|-activate|p1a: Koraidon|Orichalcum Pulse|[source]\n|turn|3\n|\n|t:|1774315757\n|move|p2b: Landorus|Protect|p2b: Landorus\n|-singleturn|p2b: Landorus|Protect\n|move|p2a: Tornadus|Taunt|p1b: Amoonguss\n|-start|p1b: Amoonguss|move: Taunt\n|move|p1a: Koraidon|Flame Charge|p2a: Tornadus\n|-damage|p2a: Tornadus|25/100\n|-boost|p1a: Koraidon|spe|1\n|-damage|p1a: Koraidon|91/100|[from] item: Life Orb\n|cant|p1b: Amoonguss|move: Taunt|Spore\n|\n|-weather|SunnyDay|[upkeep]\n|upkeep\n|turn|4\n|j| sillE roverT\n|\n|t:|1774315773\n|switch|p1b: Raging Bolt|Raging Bolt, L50, tera:Fairy|52/100\n|-activate|p1b: Raging Bolt|ability: Protosynthesis\n|-start|p1b: Raging Bolt|protosynthesisspa\n|move|p2a: Tornadus|Rain Dance|p2a: Tornadus\n|-weather|RainDance\n|-end|p1b: Raging Bolt|Protosynthesis\n|move|p1a: Koraidon|Flame Charge|p2a: Tornadus\n|-damage|p2a: Tornadus|8/100\n|-boost|p1a: Koraidon|spe|1\n|-damage|p1a: Koraidon|81/100|[from] item: Life Orb\n|move|p2b: Landorus|Sandsear Storm|p1a: Koraidon|[spread] p1a,p1b\n|-damage|p1a: Koraidon|44/100\n|-damage|p1b: Raging Bolt|13/100\n|\n|-weather|RainDance|[upkeep]\n|upkeep\n|turn|5\n|j| sgrace\n|\n|t:|1774315793\n|move|p1a: Koraidon|Protect|p1a: Koraidon\n|-singleturn|p1a: Koraidon|Protect\n|move|p1b: Raging Bolt|Protect|p1b: Raging Bolt\n|-singleturn|p1b: Raging Bolt|Protect\n|move|p2a: Tornadus|Tailwind|p2a: Tornadus\n|-sidestart|p2: ScribbleScribble|move: Tailwind\n|move|p2b: Landorus|Sandsear Storm|p1a: Koraidon|[spread] \n|-activate|p1a: Koraidon|move: Protect\n|-activate|p1b: Raging Bolt|move: Protect\n|\n|-weather|RainDance|[upkeep]\n|upkeep\n|turn|6\n|\n|t:|1774315807\n|-end|p1b: Raging Bolt|Protosynthesis|[silent]\n|switch|p1b: Amoonguss|Amoonguss, L50, F|100/100\n|move|p1a: Koraidon|Flame Charge|p2a: Tornadus\n|-damage|p2a: Tornadus|0 fnt\n|-boost|p1a: Koraidon|spe|1\n|faint|p2a: Tornadus\n|-damage|p1a: Koraidon|34/100|[from] item: Life Orb\n|move|p2b: Landorus|Sandsear Storm|p1b: Amoonguss|[spread] p1a,p1b\n|-damage|p1a: Koraidon|0 fnt\n|-damage|p1b: Amoonguss|71/100\n|faint|p1a: Koraidon\n|\n|-weather|RainDance|[upkeep]\n|upkeep\n|\n|t:|1774315825\n|switch|p1a: Raging Bolt|Raging Bolt, L50, tera:Fairy|13/100\n|switch|p2a: Kyogre|Kyogre, L50|100/100\n|turn|7\n|\n|t:|1774315830\n|-terastallize|p2a: Kyogre|Grass\n|move|p1a: Raging Bolt|Protect|p1a: Raging Bolt\n|-singleturn|p1a: Raging Bolt|Protect\n|move|p2a: Kyogre|Water Spout|p1a: Raging Bolt|[spread] p1b\n|-activate|p1a: Raging Bolt|move: Protect\n|-resisted|p1b: Amoonguss\n|-damage|p1b: Amoonguss|44/100\n|move|p2b: Landorus|Sandsear Storm|p1a: Raging Bolt|[spread] p1b\n|-activate|p1a: Raging Bolt|move: Protect\n|-damage|p1b: Amoonguss|17/100\n|move|p1b: Amoonguss|Spore|p2b: Landorus\n|-status|p2b: Landorus|slp|[from] move: Spore\n|\n|-weather|RainDance|[upkeep]\n|upkeep\n|turn|8\n|j| bahumat\n|inactive|magicalarcher57 has 30 seconds left.\n|\n|t:|1774315858\n|move|p2a: Kyogre|Water Spout|p1a: Raging Bolt|[spread] p1a,p1b\n|-resisted|p1b: Amoonguss\n|-damage|p1a: Raging Bolt|0 fnt\n|-damage|p1b: Amoonguss|0 fnt\n|faint|p1a: Raging Bolt\n|-end|p1a: Raging Bolt|Protosynthesis|[silent]\n|faint|p1b: Amoonguss\n|\n|win|ScribbleScribble\n|l| tomcheung22\n|l|\u2606magicalarcher57\n|player|p1|\n||ScribbleScribble is ready for game 2.\n||magicalarcher57 is ready for game 2.\n|uhtml|next|Next: <a href=\"/battle-gen9vgc2026regi-2565901272\"><strong>Game 2 of 3</strong></a>\n|l| Aragon121_\n|l| bahumat\n|l| sgrace\n|j| speedyturtle87\n|l| speedyturtle87\n|l| aurora ltd\n|l|\u2606ScribbleScribble\n|player|p2|\n|l| shocccco\u2764\n|l| sillE roverT\n|j|\u2606magicalarcher57\n|player|p1|magicalarcher57|bellelba|\n","uploadtime":1774315997,"views":10,"formatid":"gen9vgc2026regi","rating":null,"private":0,"password":null}