{"id":"gen9vgc2026regi-2578828949","format":"[Gen 9] VGC 2026 Reg I","players":["fogdocker","mokoulove(\u2312_\u309d\u2312)"],"log":"|j|\u2606fogdocker\n|j|\u2606mokoulove(\u2312_\u309d\u2312)\n|t:|1775724353\n|gametype|doubles\n|player|p1|fogdocker|170|1552\n|player|p2|mokoulove(\u2312_\u309d\u2312)|169|1585\n|gen|9\n|tier|[Gen 9] VGC 2026 Reg I\n|rated|\n|rule|Species Clause: Limit one of each Pok\u00e9mon\n|rule|Item Clause: Limit 1 of each item\n|clearpoke\n|poke|p1|Calyrex-Ice, L50|\n|poke|p1|Koraidon, L50|\n|poke|p1|Flutter Mane, L50|\n|poke|p1|Incineroar, L50, F|\n|poke|p1|Rillaboom, L50, M|\n|poke|p1|Volcarona, L50, F|\n|poke|p2|Weezing-Galar, L50, M|\n|poke|p2|Murkrow, L50, F|\n|poke|p2|Terapagos, L50, M|\n|poke|p2|Smeargle, L50, M|\n|poke|p2|Lunala, L50|\n|poke|p2|Urshifu-*, L50, F|\n|teampreview|4\n|inactive|Battle timer is ON: inactive players will automatically lose when time's up. (requested by mokoulove(\u2312_\u309d\u2312))\n|inactive|fogdocker has 60 seconds left.\n|\n|t:|1775724414\n|teamsize|p1|4\n|teamsize|p2|4\n|start\n|switch|p1a: Calyrex|Calyrex-Ice, L50|100/100\n|switch|p1b: Incineroar|Incineroar, L50, F|100/100\n|switch|p2a: Weezing|Weezing-Galar, L50, M|100/100\n|switch|p2b: Murkrow|Murkrow, L50, F|100/100\n|-ability|p2a: Weezing|Neutralizing Gas\n|-block|p2b: Murkrow|item: Ability Shield\n|-ability|p1a: Calyrex|As One\n|-ability|p1a: Calyrex|Unnerve\n|turn|1\n|\n|t:|1775724441\n|move|p2b: Murkrow|Protect|p2b: Murkrow\n|-singleturn|p2b: Murkrow|Protect\n|move|p2a: Weezing|Taunt|p1a: Calyrex\n|-start|p1a: Calyrex|move: Taunt\n|move|p1b: Incineroar|Parting Shot|p2a: Weezing\n|-unboost|p2a: Weezing|atk|1\n|-unboost|p2a: Weezing|spa|1\n|\n|t:|1775724451\n|switch|p1b: Koraidon|Koraidon, L50|100/100|[from] Parting Shot\n|move|p1a: Calyrex|Glacial Lance|p2b: Murkrow|[spread] p2a\n|-activate|p2b: Murkrow|move: Protect\n|-damage|p2a: Weezing|50/100\n|\n|upkeep\n|turn|2\n|\n|t:|1775724465\n|switch|p1b: Incineroar|Incineroar, L50, F|100/100\n|move|p2b: Murkrow|Tailwind|p2b: Murkrow\n|-sidestart|p2: mokoulove(\u2312_\u309d\u2312)|move: Tailwind\n|move|p2a: Weezing|Misty Explosion|p1a: Calyrex|[spread] p2b,p1a,p1b\n|-supereffective|p2b: Murkrow\n|-damage|p2b: Murkrow|5/100\n|-damage|p1a: Calyrex|85/100\n|-damage|p1b: Incineroar|79/100\n|faint|p2a: Weezing\n|-end|p2a: Weezing|ability: Neutralizing Gas\n|-ability|p1b: Incineroar|Intimidate|boost\n|-unboost|p2b: Murkrow|atk|1\n|move|p1a: Calyrex|Glacial Lance|p2b: Murkrow\n|-supereffective|p2b: Murkrow\n|-crit|p2b: Murkrow\n|-damage|p2b: Murkrow|0 fnt\n|faint|p2b: Murkrow\n|-ability|p1a: Calyrex|Chilling Neigh|boost\n|-boost|p1a: Calyrex|atk|1\n|\n|-heal|p1a: Calyrex|91/100|[from] item: Leftovers\n|upkeep\n|\n|t:|1775724485\n|switch|p2a: Terapagos|Terapagos, L50, M|100/100\n|switch|p2b: Smeargle|Smeargle, L50, M|100/100\n|-activate|p2a: Terapagos|ability: Tera Shift\n|detailschange|p2a: Terapagos|Terapagos-Terastal, L50, M\n|-heal|p2a: Terapagos|100/100|[silent]\n|turn|3\n|\n|t:|1775724496\n|-terastallize|p2a: Terapagos|Stellar\n|detailschange|p2a: Terapagos|Terapagos-Stellar, L50, M, tera:Stellar\n|-heal|p2a: Terapagos|100/100|[silent]\n|move|p2b: Smeargle|Quick Guard|p2b: Smeargle\n|-singleturn|p2b: Smeargle|Quick Guard\n|move|p1b: Incineroar|Fake Out|p2b: Smeargle\n|-activate|p2b: Smeargle|move: Quick Guard\n|move|p2a: Terapagos|Tera Starstorm|p1a: Calyrex|[spread] p1a,p1b\n|-damage|p1a: Calyrex|56/100\n|-damage|p1b: Incineroar|29/100\n|move|p1a: Calyrex|Glacial Lance|p2a: Terapagos|[spread] p2a,p2b\n|-damage|p2a: Terapagos|54/100\n|-enditem|p2b: Smeargle|Focus Sash\n|-damage|p2b: Smeargle|1/100\n|\n|-heal|p1a: Calyrex|62/100|[from] item: Leftovers\n|-end|p1a: Calyrex|move: Taunt\n|upkeep\n|turn|4\n|\n|t:|1775724518\n|move|p1a: Calyrex|Protect|p1a: Calyrex\n|-singleturn|p1a: Calyrex|Protect\n|move|p2b: Smeargle|Decorate|p2a: Terapagos\n|-boost|p2a: Terapagos|atk|2\n|-boost|p2a: Terapagos|spa|2\n|move|p2a: Terapagos|Tera Starstorm|p1b: Incineroar|[spread] p1b\n|-activate|p1a: Calyrex|move: Protect\n|-damage|p1b: Incineroar|0 fnt\n|faint|p1b: Incineroar\n|\n|-heal|p1a: Calyrex|68/100|[from] item: Leftovers\n|upkeep\n|\n|t:|1775724525\n|switch|p1b: Flutter Mane|Flutter Mane, L50|100/100\n|turn|5\n|\n|t:|1775724537\n|move|p2b: Smeargle|Decorate|p2a: Terapagos\n|-boost|p2a: Terapagos|atk|2\n|-boost|p2a: Terapagos|spa|2\n|move|p2a: Terapagos|Tera Starstorm|p1a: Calyrex|[spread] p1a,p1b\n|-damage|p1a: Calyrex|0 fnt\n|-enditem|p1b: Flutter Mane|Focus Sash\n|-damage|p1b: Flutter Mane|1/100\n|faint|p1a: Calyrex\n|move|p1b: Flutter Mane|Moonblast|p2b: Smeargle\n|-damage|p2b: Smeargle|0 fnt\n|faint|p2b: Smeargle\n|\n|-sideend|p2: mokoulove(\u2312_\u309d\u2312)|move: Tailwind\n|upkeep\n|\n|t:|1775724543\n|switch|p1a: Koraidon|Koraidon, L50|100/100\n|-weather|SunnyDay|[from] ability: Orichalcum Pulse|[of] p1a: Koraidon\n|-activate|p1b: Flutter Mane|ability: Protosynthesis\n|-start|p1b: Flutter Mane|protosynthesisspe\n|-activate|p1a: Koraidon|Orichalcum Pulse|[source]\n|turn|6\n|-message|mokoulove(\u2312_\u309d\u2312) forfeited.\n|\n|win|fogdocker\n|raw|fogdocker's rating: 1552 &rarr; <strong>1574</strong><br />(+22 for winning)\n|raw|mokoulove(\u2312_\u309d\u2312)'s rating: 1585 &rarr; <strong>1563</strong><br />(-22 for losing)\n|l|\u2606mokoulove(\u2312_\u309d\u2312)\n|player|p2|\n|l|\u2606fogdocker\n|player|p1|\n","uploadtime":1775724766,"views":11,"formatid":"gen9vgc2026regi","rating":1563,"private":0,"password":null}