{"id":"gen9vgc2026regi-2530084444","format":"[Gen 9] VGC 2026 Reg I","players":["esterfly","ky123456"],"log":"|j|\u2606esterfly\n|j|\u2606ky123456\n|t:|1769874017\n|gametype|doubles\n|player|p1|esterfly|2|1247\n|player|p2|ky123456|cynthia-gen4|1389\n|gen|9\n|tier|[Gen 9] VGC 2026 Reg I\n|rated|\n|rule|Species Clause: Limit one of each Pok\u00e9mon\n|rule|Item Clause: Limit 1 of each item\n|clearpoke\n|poke|p1|Miraidon, L50|\n|poke|p1|Calyrex-Shadow, L50|\n|poke|p1|Dondozo, L50, F|\n|poke|p1|Tatsugiri, L50, F|\n|poke|p1|Chien-Pao, L50|\n|poke|p1|Dragapult, L50, M|\n|poke|p2|Calyrex-Shadow, L50|\n|poke|p2|Zamazenta-*, L50|\n|poke|p2|Roaring Moon, L50|\n|poke|p2|Maushold, L50|\n|poke|p2|Weezing, L50, M|\n|poke|p2|Amoonguss, L50, M|\n|teampreview|4\n|\n|t:|1769874051\n|teamsize|p1|4\n|teamsize|p2|4\n|start\n|switch|p1a: Miraidon|Miraidon, L50|100/100\n|switch|p1b: Dondozo|Dondozo, L50, F|100/100\n|switch|p2a: Zamazenta|Zamazenta-Crowned, L50|100/100\n|switch|p2b: Roaring Moon|Roaring Moon, L50|100/100\n|-fieldstart|move: Electric Terrain|[from] ability: Hadron Engine|[of] p1a: Miraidon\n|-ability|p2a: Zamazenta|Dauntless Shield|boost\n|-boost|p2a: Zamazenta|def|1\n|-enditem|p2b: Roaring Moon|Booster Energy\n|-activate|p2b: Roaring Moon|ability: Protosynthesis|[fromitem]\n|-start|p2b: Roaring Moon|protosynthesisspe\n|turn|1\n|\n|t:|1769874070\n|-terastallize|p2a: Zamazenta|Dragon\n|move|p1a: Miraidon|Volt Switch|p2b: Roaring Moon\n|-resisted|p2b: Roaring Moon\n|-damage|p2b: Roaring Moon|68/100\n|\n|t:|1769874075\n|switch|p1a: Tatsugiri|Tatsugiri, L50, F|100/100|[from] Volt Switch\n|-activate|p1a: Tatsugiri|ability: Commander|[of] p1b: Dondozo\n|-boost|p1b: Dondozo|atk|2\n|-boost|p1b: Dondozo|spa|2\n|-boost|p1b: Dondozo|spe|2\n|-boost|p1b: Dondozo|def|2\n|-boost|p1b: Dondozo|spd|2\n|move|p2b: Roaring Moon|Tailwind|p2b: Roaring Moon\n|-sidestart|p2: ky123456|move: Tailwind\n|move|p2a: Zamazenta|Body Press|p1a: Tatsugiri|[miss]\n|-miss|p2a: Zamazenta|p1a: Tatsugiri\n|move|p1b: Dondozo|Order Up|p2b: Roaring Moon\n|-supereffective|p2b: Roaring Moon\n|-damage|p2b: Roaring Moon|0 fnt\n|faint|p2b: Roaring Moon\n|-end|p2b: Roaring Moon|Protosynthesis|[silent]\n|-boost|p1b: Dondozo|atk|1\n|\n|upkeep\n|\n|t:|1769874084\n|switch|p2b: Calyrex|Calyrex-Shadow, L50|100/100\n|-ability|p2b: Calyrex|As One\n|-ability|p2b: Calyrex|Unnerve\n|turn|2\n|\n|t:|1769874098\n|move|p2b: Calyrex|Leaf Storm|p1b: Dondozo\n|-supereffective|p1b: Dondozo\n|-damage|p1b: Dondozo|27/100\n|-unboost|p2b: Calyrex|spa|2\n|move|p2a: Zamazenta|Body Press|p1b: Dondozo\n|-damage|p1b: Dondozo|4/100\n|move|p1b: Dondozo|Order Up|p2a: Zamazenta\n|-supereffective|p2a: Zamazenta\n|-damage|p2a: Zamazenta|58/100\n|-boost|p1b: Dondozo|atk|1\n|\n|upkeep\n|turn|3\n|\n|t:|1769874143\n|switch|p2b: Amoonguss|Amoonguss, L50, M|100/100\n|move|p2a: Zamazenta|Body Press|p1b: Dondozo\n|-damage|p1b: Dondozo|0 fnt\n|faint|p1b: Dondozo\n|\n|upkeep\n|\n|t:|1769874151\n|switch|p1b: Calyrex|Calyrex-Shadow, L50|100/100\n|-ability|p1b: Calyrex|As One\n|-ability|p1b: Calyrex|Unnerve\n|turn|4\n|\n|t:|1769874168\n|move|p1b: Calyrex|Protect|p1b: Calyrex\n|-singleturn|p1b: Calyrex|Protect\n|move|p2b: Amoonguss|Protect|p2b: Amoonguss\n|-singleturn|p2b: Amoonguss|Protect\n|move|p2a: Zamazenta|Heavy Slam|p1b: Calyrex\n|-activate|p1b: Calyrex|move: Protect\n|move|p1a: Tatsugiri|Icy Wind|p2b: Amoonguss|[spread] p2a\n|-activate|p2b: Amoonguss|move: Protect\n|-supereffective|p2a: Zamazenta\n|-damage|p2a: Zamazenta|39/100\n|-unboost|p2a: Zamazenta|spe|1\n|\n|-sideend|p2: ky123456|move: Tailwind\n|upkeep\n|turn|5\n|\n|t:|1769874188\n|move|p1b: Calyrex|Encore|p2b: Amoonguss\n|-start|p2b: Amoonguss|Encore\n|-enditem|p2b: Amoonguss|Mental Herb\n|-end|p2b: Amoonguss|Encore\n|move|p1a: Tatsugiri|Dragon Pulse|p2a: Zamazenta\n|-supereffective|p2a: Zamazenta\n|-damage|p2a: Zamazenta|0 fnt\n|faint|p2a: Zamazenta\n|move|p2b: Amoonguss|Pollen Puff|p2: Zamazenta|[notarget]\n|-fail|p2b: Amoonguss\n|\n|-fieldend|move: Electric Terrain\n|upkeep\n|\n|t:|1769874194\n|switch|p2a: Calyrex|Calyrex-Shadow, L50|100/100\n|-ability|p2a: Calyrex|As One\n|-ability|p2a: Calyrex|Unnerve\n|turn|6\n|\n|t:|1769874203\n|move|p1b: Calyrex|Protect|p1b: Calyrex\n|-singleturn|p1b: Calyrex|Protect\n|move|p2a: Calyrex|Astral Barrage|p1a: Tatsugiri|[spread] p1a\n|-activate|p1b: Calyrex|move: Protect\n|-damage|p1a: Tatsugiri|23/100\n|move|p1a: Tatsugiri|Icy Wind|p2b: Amoonguss|[spread] p2a,p2b\n|-supereffective|p2b: Amoonguss\n|-damage|p2a: Calyrex|86/100\n|-damage|p2b: Amoonguss|74/100\n|-unboost|p2a: Calyrex|spe|1\n|-unboost|p2b: Amoonguss|spe|1\n|move|p2b: Amoonguss|Spore|p1b: Calyrex\n|-activate|p1b: Calyrex|move: Protect\n|\n|upkeep\n|turn|7\n|\n|t:|1769874226\n|move|p2b: Amoonguss|Rage Powder|p2b: Amoonguss\n|-singleturn|p2b: Amoonguss|move: Rage Powder\n|move|p1b: Calyrex|Astral Barrage|p2a: Calyrex|[spread] p2a,p2b\n|-supereffective|p2a: Calyrex\n|-damage|p2a: Calyrex|0 fnt\n|-damage|p2b: Amoonguss|18/100\n|faint|p2a: Calyrex\n|-ability|p1b: Calyrex|Grim Neigh|boost\n|-boost|p1b: Calyrex|spa|1\n|move|p1a: Tatsugiri|Dragon Pulse|p2b: Amoonguss\n|-damage|p2b: Amoonguss|0 fnt\n|faint|p2b: Amoonguss\n|\n|win|esterfly\n|raw|esterfly's rating: 1247 &rarr; <strong>1282</strong><br />(+35 for winning)\n|raw|ky123456's rating: 1389 &rarr; <strong>1361</strong><br />(-28 for losing)\n|l|\u2606ky123456\n|player|p2|\n|l|\u2606esterfly\n|player|p1|\n","uploadtime":1769874437,"views":13,"formatid":"gen9vgc2026regi","rating":1282,"private":0,"password":null}