{"id":"gen9vgc2026regi-2586749150","format":"[Gen 9] VGC 2026 Reg I","players":["TheAndUrgeTheUrge","shadowbtl"],"log":"|j|\u2606TheAndUrgeTheUrge\n|j|\u2606shadowbtl\n|t:|1776456878\n|gametype|doubles\n|player|p1|TheAndUrgeTheUrge|1|1655\n|player|p2|shadowbtl|roxie|1511\n|gen|9\n|tier|[Gen 9] VGC 2026 Reg I\n|rated|\n|rule|Species Clause: Limit one of each Pok\u00e9mon\n|rule|Item Clause: Limit 1 of each item\n|clearpoke\n|poke|p1|Miraidon, L50|\n|poke|p1|Zamazenta-*, L50|\n|poke|p1|Incineroar, L50, M|\n|poke|p1|Rillaboom, L50, F|\n|poke|p1|Chien-Pao, L50|\n|poke|p1|Flutter Mane, L50|\n|poke|p2|Calyrex-Ice, L50|\n|poke|p2|Flutter Mane, L50|\n|poke|p2|Chi-Yu, L50|\n|poke|p2|Raging Bolt, L50|\n|poke|p2|Brute Bonnet, L50|\n|poke|p2|Koraidon, L50|\n|teampreview|4\n|inactive|Battle timer is ON: inactive players will automatically lose when time's up. (requested by shadowbtl)\n|\n|t:|1776456917\n|teamsize|p1|4\n|teamsize|p2|4\n|start\n|switch|p1a: Zamazenta|Zamazenta-Crowned, L50, shiny|100/100\n|switch|p1b: Incineroar|Incineroar, L50, M, shiny|100/100\n|switch|p2a: Koraidon|Koraidon, L50|100/100\n|switch|p2b: Chi-Yu|Chi-Yu, L50|100/100\n|-ability|p2b: Chi-Yu|Beads of Ruin\n|-weather|SunnyDay|[from] ability: Orichalcum Pulse|[of] p2a: Koraidon\n|-activate|p2a: Koraidon|Orichalcum Pulse|[source]\n|-ability|p1a: Zamazenta|Dauntless Shield|boost\n|-boost|p1a: Zamazenta|def|1\n|-ability|p1b: Incineroar|Intimidate|boost\n|-fail|p2a: Koraidon|unboost|[from] item: Clear Amulet|[of] p2a: Koraidon\n|-unboost|p2b: Chi-Yu|atk|1\n|turn|1\n|inactive|TheAndUrgeTheUrge has 30 seconds left.\n|inactive|shadowbtl has 30 seconds left.\n|\n|t:|1776456947\n|-terastallize|p2b: Chi-Yu|Ghost\n|move|p1a: Zamazenta|Protect|p1a: Zamazenta\n|-singleturn|p1a: Zamazenta|Protect\n|move|p2b: Chi-Yu|Flamethrower|p1a: Zamazenta\n|-activate|p1a: Zamazenta|move: Protect\n|move|p2a: Koraidon|Flame Charge|p1a: Zamazenta\n|-activate|p1a: Zamazenta|move: Protect\n|move|p1b: Incineroar|Parting Shot|p2b: Chi-Yu\n|-unboost|p2b: Chi-Yu|atk|1\n|-unboost|p2b: Chi-Yu|spa|1\n|\n|t:|1776456958\n|switch|p1b: Miraidon|Miraidon, L50|100/100|[from] Parting Shot\n|-fieldstart|move: Electric Terrain|[from] ability: Hadron Engine|[of] p1b: Miraidon\n|\n|-weather|SunnyDay|[upkeep]\n|upkeep\n|turn|2\n|\n|t:|1776456973\n|switch|p2b: Calyrex|Calyrex-Ice, L50|100/100\n|-ability|p2b: Calyrex|As One\n|-ability|p2b: Calyrex|Unnerve\n|-terastallize|p1a: Zamazenta|Ghost\n|move|p2a: Koraidon|Protect|p2a: Koraidon\n|-singleturn|p2a: Koraidon|Protect\n|move|p1b: Miraidon|Draco Meteor|p2b: Calyrex|[miss]\n|-miss|p1b: Miraidon|p2b: Calyrex\n|move|p1a: Zamazenta|Iron Defense|p1a: Zamazenta\n|-boost|p1a: Zamazenta|def|2\n|\n|-weather|SunnyDay|[upkeep]\n|upkeep\n|turn|3\n|inactive|shadowbtl has 30 seconds left.\n|inactive|TheAndUrgeTheUrge has 30 seconds left.\n|\n|t:|1776457010\n|switch|p1b: Incineroar|Incineroar, L50, M, shiny|100/100\n|-ability|p1b: Incineroar|Intimidate|boost\n|-fail|p2a: Koraidon|unboost|[from] item: Clear Amulet|[of] p2a: Koraidon\n|-unboost|p2b: Calyrex|atk|1\n|switch|p2a: Brute Bonnet|Brute Bonnet, L50|100/100\n|-activate|p2a: Brute Bonnet|ability: Protosynthesis\n|-start|p2a: Brute Bonnet|protosynthesisdef\n|move|p1a: Zamazenta|Body Press|p2a: Brute Bonnet\n|-supereffective|p2a: Brute Bonnet\n|-damage|p2a: Brute Bonnet|0 fnt\n|faint|p2a: Brute Bonnet\n|-end|p2a: Brute Bonnet|Protosynthesis|[silent]\n|move|p2b: Calyrex|Leech Seed|p1a: Zamazenta\n|-start|p1a: Zamazenta|move: Leech Seed\n|\n|-weather|SunnyDay|[upkeep]\n|-damage|p1a: Zamazenta|88/100|[from] Leech Seed|[of] p2b: Calyrex\n|upkeep\n|\n|t:|1776457030\n|switch|p2a: Chi-Yu|Chi-Yu, L50, tera:Ghost|100/100\n|-ability|p2a: Chi-Yu|Beads of Ruin\n|turn|4\n|\n|t:|1776457050\n|move|p1a: Zamazenta|Protect|p1a: Zamazenta\n|-singleturn|p1a: Zamazenta|Protect\n|move|p2a: Chi-Yu|Dark Pulse|p1a: Zamazenta\n|-activate|p1a: Zamazenta|move: Protect\n|move|p2b: Calyrex|Leech Seed|p1b: Incineroar\n|-start|p1b: Incineroar|move: Leech Seed\n|move|p1b: Incineroar|Parting Shot|p2a: Chi-Yu\n|-unboost|p2a: Chi-Yu|atk|1\n|-unboost|p2a: Chi-Yu|spa|1\n|\n|t:|1776457060\n|switch|p1b: Miraidon|Miraidon, L50|100/100|[from] Parting Shot\n|-activate|p1b: Miraidon|ability: Hadron Engine\n|\n|-weather|SunnyDay|[upkeep]\n|-damage|p1a: Zamazenta|76/100|[from] Leech Seed|[of] p2b: Calyrex\n|upkeep\n|turn|5\n|\n|t:|1776457077\n|move|p1b: Miraidon|Draco Meteor|p2b: Calyrex\n|-damage|p2b: Calyrex|30/100\n|-unboost|p1b: Miraidon|spa|2\n|move|p2a: Chi-Yu|Dark Pulse|p1a: Zamazenta\n|-supereffective|p1a: Zamazenta\n|-damage|p1a: Zamazenta|23/100\n|move|p1a: Zamazenta|Body Press|p2b: Calyrex\n|-damage|p2b: Calyrex|0 fnt\n|faint|p2b: Calyrex\n|\n|-weather|none\n|-fieldend|move: Electric Terrain\n|upkeep\n|\n|t:|1776457090\n|switch|p2b: Koraidon|Koraidon, L50|100/100\n|-weather|SunnyDay|[from] ability: Orichalcum Pulse|[of] p2b: Koraidon\n|-activate|p2b: Koraidon|Orichalcum Pulse|[source]\n|turn|6\n|-message|shadowbtl forfeited.\n|\n|win|TheAndUrgeTheUrge\n|raw|TheAndUrgeTheUrge's rating: 1655 &rarr; <strong>1667</strong><br />(+12 for winning)\n|raw|shadowbtl's rating: 1511 &rarr; <strong>1499</strong><br />(-12 for losing)\n|l|\u2606shadowbtl\n|player|p2|\n|l|\u2606TheAndUrgeTheUrge\n|player|p1|\n","uploadtime":1776457254,"views":11,"formatid":"gen9vgc2026regi","rating":1499,"private":0,"password":null}