{"id":"gen9vgc2026regi-2560017953","format":"[Gen 9] VGC 2026 Reg I","players":["eriksp","It'sJustKen VGC"],"log":"|j|\u2606eriksp\n|j|\u2606It'sJustKen VGC\n|t:|1773636733\n|gametype|doubles\n|player|p1|eriksp|cynthia-masters4|1354\n|player|p2|It'sJustKen VGC|102|1416\n|gen|9\n|tier|[Gen 9] VGC 2026 Reg I\n|rated|\n|rule|Species Clause: Limit one of each Pok\u00e9mon\n|rule|Item Clause: Limit 1 of each item\n|clearpoke\n|poke|p1|Miraidon, L50|\n|poke|p1|Volcarona, L50, F|\n|poke|p1|Incineroar, L50, M|\n|poke|p1|Amoonguss, L50, M|\n|poke|p1|Urshifu-*, L50, F|\n|poke|p1|Calyrex-Ice, L50|\n|poke|p2|Landorus, L50, M|\n|poke|p2|Amoonguss, L50, F|\n|poke|p2|Calyrex-Ice, L50|\n|poke|p2|Incineroar, L50, F|\n|poke|p2|Urshifu-*, L50, F|\n|poke|p2|Miraidon, L50|\n|teampreview|4\n|inactive|Battle timer is ON: inactive players will automatically lose when time's up. (requested by It'sJustKen VGC)\n|\n|t:|1773636759\n|teamsize|p1|4\n|teamsize|p2|4\n|start\n|switch|p1a: Calyrex|Calyrex-Ice, L50|100/100\n|switch|p1b: Urshifu|Urshifu-Rapid-Strike, L50, F|100/100\n|switch|p2a: Russel|Calyrex-Ice, L50|100/100\n|switch|p2b: Hamilton|Incineroar, L50, F|100/100\n|-ability|p1a: Calyrex|As One\n|-ability|p1a: Calyrex|Unnerve\n|-ability|p2a: Russel|As One\n|-ability|p2a: Russel|Unnerve\n|-ability|p2b: Hamilton|Intimidate|boost\n|-fail|p1a: Calyrex|unboost|[from] item: Clear Amulet|[of] p1a: Calyrex\n|-unboost|p1b: Urshifu|atk|1\n|turn|1\n|\n|t:|1773636781\n|move|p1b: Urshifu|Protect|p1b: Urshifu\n|-singleturn|p1b: Urshifu|Protect\n|move|p1a: Calyrex|Protect|p1a: Calyrex\n|-singleturn|p1a: Calyrex|Protect\n|move|p2b: Hamilton|Fake Out|p1b: Urshifu\n|-activate|p1b: Urshifu|move: Protect\n|move|p2a: Russel|Trick Room|p2a: Russel\n|-fieldstart|move: Trick Room|[of] p2a: Russel\n|\n|upkeep\n|turn|2\n|\n|t:|1773636803\n|switch|p1a: Incineroar|Incineroar, L50, M|100/100\n|-ability|p1a: Incineroar|Intimidate|boost\n|-fail|p2a: Russel|unboost|[from] item: Clear Amulet|[of] p2a: Russel\n|-unboost|p2b: Hamilton|atk|1\n|move|p2a: Russel|Glacial Lance|p1a: Incineroar|[spread] p1a,p1b\n|-resisted|p1a: Incineroar\n|-resisted|p1b: Urshifu\n|-damage|p1a: Incineroar|73/100\n|-damage|p1b: Urshifu|69/100\n|move|p2b: Hamilton|Flare Blitz|p1a: Incineroar\n|-resisted|p1a: Incineroar\n|-damage|p1a: Incineroar|55/100\n|-damage|p2b: Hamilton|95/100|[from] Recoil\n|move|p1b: Urshifu|Surging Strikes|p2b: Hamilton\n|-supereffective|p2b: Hamilton\n|-crit|p2b: Hamilton\n|-damage|p2b: Hamilton|61/100\n|-supereffective|p2b: Hamilton\n|-crit|p2b: Hamilton\n|-damage|p2b: Hamilton|27/100\n|-supereffective|p2b: Hamilton\n|-crit|p2b: Hamilton\n|-damage|p2b: Hamilton|0 fnt\n|faint|p2b: Hamilton\n|-hitcount|p2: Hamilton|3\n|\n|upkeep\n|\n|t:|1773636810\n|switch|p2b: Piastri|Amoonguss, L50, F|100/100\n|turn|3\n|\n|t:|1773636821\n|move|p1a: Incineroar|Fake Out|p2b: Piastri\n|-damage|p2b: Piastri|91/100\n|cant|p2b: Piastri|flinch\n|move|p2a: Russel|High Horsepower|p1a: Incineroar\n|-supereffective|p1a: Incineroar\n|-damage|p1a: Incineroar|0 fnt\n|faint|p1a: Incineroar\n|-ability|p2a: Russel|Chilling Neigh|boost\n|-boost|p2a: Russel|atk|1\n|move|p1b: Urshifu|Surging Strikes|p2a: Russel\n|-crit|p2a: Russel\n|-damage|p2a: Russel|87/100\n|-crit|p2a: Russel\n|-damage|p2a: Russel|73/100\n|-crit|p2a: Russel\n|-damage|p2a: Russel|59/100\n|-hitcount|p2a: Russel|3\n|\n|upkeep\n|\n|t:|1773636841\n|switch|p1a: Miraidon|Miraidon, L50|100/100\n|-fieldstart|move: Electric Terrain|[from] ability: Hadron Engine|[of] p1a: Miraidon\n|turn|4\n|\n|t:|1773636847\n|switch|p1a: Calyrex|Calyrex-Ice, L50|100/100\n|-ability|p1a: Calyrex|As One\n|-ability|p1a: Calyrex|Unnerve\n|move|p1b: Urshifu|Protect|p1b: Urshifu\n|-singleturn|p1b: Urshifu|Protect\n|move|p2b: Piastri|Pollen Puff|p2a: Russel\n|-heal|p2a: Russel|100/100\n|move|p2a: Russel|Glacial Lance|p1a: Calyrex|[spread] p1a\n|-activate|p1b: Urshifu|move: Protect\n|-resisted|p1a: Calyrex\n|-damage|p1a: Calyrex|73/100\n|\n|upkeep\n|turn|5\n|\n|t:|1773636867\n|-terastallize|p2b: Piastri|Water\n|move|p2b: Piastri|Pollen Puff|p1a: Calyrex\n|-supereffective|p1a: Calyrex\n|-damage|p1a: Calyrex|50/100\n|move|p2a: Russel|Glacial Lance|p1b: Urshifu|[spread] p1a,p1b\n|-resisted|p1a: Calyrex\n|-resisted|p1b: Urshifu\n|-damage|p1a: Calyrex|24/100\n|-damage|p1b: Urshifu|19/100\n|move|p1a: Calyrex|Glacial Lance|p2a: Russel|[spread] p2a,p2b\n|-resisted|p2a: Russel\n|-resisted|p2b: Piastri\n|-damage|p2a: Russel|83/100\n|-damage|p2b: Piastri|67/100\n|move|p1b: Urshifu|Surging Strikes|p2a: Russel\n|-crit|p2a: Russel\n|-damage|p2a: Russel|69/100\n|-crit|p2a: Russel\n|-damage|p2a: Russel|56/100\n|-crit|p2a: Russel\n|-damage|p2a: Russel|43/100\n|-hitcount|p2a: Russel|3\n|\n|-fieldend|move: Trick Room\n|upkeep\n|turn|6\n|inactive|eriksp has 30 seconds left.\n|inactive|eriksp has 20 seconds left.\n|inactive|eriksp has 15 seconds left.\n|inactive|eriksp has 10 seconds left.\n|\n|t:|1773636916\n|move|p2b: Piastri|Rage Powder|p2b: Piastri\n|-singleturn|p2b: Piastri|move: Rage Powder\n|move|p1b: Urshifu|Close Combat|p2b: Piastri\n|-damage|p2b: Piastri|28/100\n|-unboost|p1b: Urshifu|def|1\n|-unboost|p1b: Urshifu|spd|1\n|move|p1a: Calyrex|Glacial Lance|p2b: Piastri|[spread] p2a,p2b\n|-resisted|p2a: Russel\n|-resisted|p2b: Piastri\n|-damage|p2a: Russel|26/100\n|-damage|p2b: Piastri|6/100\n|move|p2a: Russel|Trick Room|p2a: Russel\n|-fieldstart|move: Trick Room|[of] p2a: Russel\n|\n|upkeep\n|turn|7\n|\n|t:|1773636927\n|move|p1b: Urshifu|Aqua Jet|p2a: Russel\n|-damage|p2a: Russel|16/100\n|move|p2b: Piastri|Pollen Puff|p2a: Russel\n|-heal|p2a: Russel|66/100\n|move|p2a: Russel|Glacial Lance|p1a: Calyrex|[spread] p1a,p1b\n|-resisted|p1a: Calyrex\n|-resisted|p1b: Urshifu\n|-damage|p1a: Calyrex|0 fnt\n|-damage|p1b: Urshifu|0 fnt\n|-enditem|p2b: Piastri|Sitrus Berry|[eat]\n|-heal|p2b: Piastri|31/100|[from] item: Sitrus Berry\n|faint|p1a: Calyrex\n|faint|p1b: Urshifu\n|-ability|p2a: Russel|Chilling Neigh|boost\n|-boost|p2a: Russel|atk|2\n|\n|upkeep\n|-message|eriksp forfeited.\n|\n|win|It'sJustKen VGC\n|raw|eriksp's rating: 1354 &rarr; <strong>1338</strong><br />(-16 for losing)\n|raw|It&apos;sJustKen VGC's rating: 1416 &rarr; <strong>1432</strong><br />(+16 for winning)\n","uploadtime":1773636935,"views":11,"formatid":"gen9vgc2026regi","rating":1338,"private":0,"password":null}