{"id":"gen9vgc2026regi-2565461073","format":"[Gen 9] VGC 2026 Reg I","players":["kojimuranishi","Realfrytki"],"log":"|j|\u2606kojimuranishi\n|j|\u2606Realfrytki\n|t:|1774277351\n|gametype|doubles\n|player|p1|kojimuranishi|2|1603\n|player|p2|Realfrytki|veteranf|1572\n|gen|9\n|tier|[Gen 9] VGC 2026 Reg I\n|rated|\n|rule|Species Clause: Limit one of each Pok\u00e9mon\n|rule|Item Clause: Limit 1 of each item\n|clearpoke\n|poke|p1|Whimsicott, L50, M|\n|poke|p1|Calyrex-Ice, L50|\n|poke|p1|Miraidon, L50|\n|poke|p1|Chi-Yu, L50|\n|poke|p1|Landorus, L50, M|\n|poke|p1|Farigiraf, L50, M|\n|poke|p2|Terapagos, L50, M|\n|poke|p2|Grimmsnarl, L50, M|\n|poke|p2|Volcarona, L50, M|\n|poke|p2|Miraidon, L50|\n|poke|p2|Iron Hands, L50|\n|poke|p2|Amoonguss, L50, M|\n|teampreview|4\n|inactive|Battle timer is ON: inactive players will automatically lose when time's up. (requested by kojimuranishi)\n|\n|t:|1774277377\n|teamsize|p1|4\n|teamsize|p2|4\n|start\n|switch|p1a: Calyrex|Calyrex-Ice, L50|100/100\n|switch|p1b: Miraidon|Miraidon, L50|100/100\n|switch|p2a: Grimmsnarl|Grimmsnarl, L50, M|100/100\n|switch|p2b: Terapagos|Terapagos, L50, M|100/100\n|-activate|p2b: Terapagos|ability: Tera Shift\n|detailschange|p2b: Terapagos|Terapagos-Terastal, L50, M\n|-heal|p2b: Terapagos|100/100|[silent]\n|-ability|p1a: Calyrex|As One\n|-ability|p1a: Calyrex|Unnerve\n|-fieldstart|move: Electric Terrain|[from] ability: Hadron Engine|[of] p1b: Miraidon\n|turn|1\n|\n|t:|1774277396\n|-terastallize|p2b: Terapagos|Stellar\n|detailschange|p2b: Terapagos|Terapagos-Stellar, L50, M, tera:Stellar\n|-heal|p2b: Terapagos|100/100|[silent]\n|-ability|p2b: Terapagos|Teraform Zero\n|-fieldend|move: Electric Terrain\n|move|p1b: Miraidon|Snarl|p2a: Grimmsnarl|[spread] p2a,p2b\n|-resisted|p2a: Grimmsnarl\n|-damage|p2a: Grimmsnarl|98/100\n|-damage|p2b: Terapagos|91/100\n|-unboost|p2b: Terapagos|spa|1\n|move|p2b: Terapagos|Tera Starstorm|p1a: Calyrex|[spread] p1a,p1b\n|-damage|p1a: Calyrex|69/100\n|-damage|p1b: Miraidon|64/100\n|move|p1a: Calyrex|Glacial Lance|p2a: Grimmsnarl|[spread] p2a,p2b\n|-damage|p2a: Grimmsnarl|8/100\n|-damage|p2b: Terapagos|36/100\n|move|p2a: Grimmsnarl|Foul Play|p1a: Calyrex\n|-supereffective|p1a: Calyrex\n|-damage|p1a: Calyrex|0 fnt\n|faint|p1a: Calyrex\n|\n|upkeep\n|j| Hao_poke\n|\n|t:|1774277418\n|switch|p1a: Landorus|Landorus, L50, M|100/100\n|turn|2\n|\n|t:|1774277426\n|switch|p1b: Farigiraf|Farigiraf, L50, M|100/100\n|move|p2a: Grimmsnarl|Fake Tears|p1a: Landorus\n|-unboost|p1a: Landorus|spd|2\n|move|p1a: Landorus|Sandsear Storm|p2a: Grimmsnarl|[spread] p2a,p2b\n|-damage|p2a: Grimmsnarl|0 fnt\n|-damage|p2b: Terapagos|0 fnt\n|faint|p2a: Grimmsnarl\n|faint|p2b: Terapagos\n|detailschange|p2: Terapagos|Terapagos, L50, M|[silent]\n|\n|upkeep\n|\n|t:|1774277440\n|switch|p2b: Iron Hands|Iron Hands, L50|100/100\n|switch|p2a: Miraidon|Miraidon, L50|100/100\n|-fieldstart|move: Electric Terrain|[from] ability: Hadron Engine|[of] p2a: Miraidon\n|-activate|p2b: Iron Hands|ability: Quark Drive\n|-start|p2b: Iron Hands|quarkdriveatk\n|-enditem|p1b: Farigiraf|Electric Seed\n|-boost|p1b: Farigiraf|def|1|[from] item: Electric Seed\n|turn|3\n|\n|t:|1774277452\n|move|p1a: Landorus|Protect|p1a: Landorus\n|-singleturn|p1a: Landorus|Protect\n|move|p2b: Iron Hands|Fake Out|p1b: Farigiraf\n|-damage|p1b: Farigiraf|88/100\n|move|p2a: Miraidon|Draco Meteor|p1a: Landorus\n|-activate|p1a: Landorus|move: Protect\n|cant|p1b: Farigiraf|flinch\n|\n|upkeep\n|turn|4\n|\n|t:|1774277474\n|switch|p1a: Miraidon|Miraidon, L50|64/100\n|-activate|p1a: Miraidon|ability: Hadron Engine\n|move|p2a: Miraidon|Draco Meteor|p1a: Miraidon\n|-supereffective|p1a: Miraidon\n|-damage|p1a: Miraidon|0 fnt\n|-unboost|p2a: Miraidon|spa|2\n|faint|p1a: Miraidon\n|-damage|p2a: Miraidon|90/100|[from] item: Life Orb\n|move|p2b: Iron Hands|Low Kick|p1b: Farigiraf\n|-damage|p1b: Farigiraf|40/100\n|move|p1b: Farigiraf|Trick Room|p1b: Farigiraf\n|-fieldstart|move: Trick Room|[of] p1b: Farigiraf\n|\n|upkeep\n|\n|t:|1774277489\n|switch|p1a: Landorus|Landorus, L50, M|100/100\n|turn|5\n|\n|t:|1774277502\n|move|p2a: Miraidon|Protect|p2a: Miraidon\n|-singleturn|p2a: Miraidon|Protect\n|move|p1b: Farigiraf|Foul Play|p2b: Iron Hands\n|-resisted|p2b: Iron Hands\n|-damage|p2b: Iron Hands|86/100\n|move|p2b: Iron Hands|Low Kick|p1b: Farigiraf\n|-damage|p1b: Farigiraf|0 fnt\n|faint|p1b: Farigiraf\n|move|p1a: Landorus|Earth Power|p2a: Miraidon\n|-activate|p2a: Miraidon|move: Protect\n|\n|upkeep\n|turn|6\n|\n|t:|1774277518\n|move|p2b: Iron Hands|Low Kick|p1a: Landorus\n|-resisted|p1a: Landorus\n|-damage|p1a: Landorus|63/100\n|move|p1a: Landorus|Earth Power|p2a: Miraidon\n|-supereffective|p2a: Miraidon\n|-damage|p2a: Miraidon|0 fnt\n|faint|p2a: Miraidon\n|\n|upkeep\n|turn|7\n|\n|t:|1774277527\n|move|p1a: Landorus|Protect|p1a: Landorus\n|-singleturn|p1a: Landorus|Protect\n|move|p2b: Iron Hands|Low Kick|p1a: Landorus\n|-activate|p1a: Landorus|move: Protect\n|\n|-fieldend|move: Electric Terrain\n|-end|p2b: Iron Hands|Quark Drive\n|upkeep\n|turn|8\n|\n|t:|1774277535\n|move|p2b: Iron Hands|Low Kick|p1a: Landorus\n|-resisted|p1a: Landorus\n|-damage|p1a: Landorus|34/100\n|move|p1a: Landorus|Earth Power|p2b: Iron Hands\n|-supereffective|p2b: Iron Hands\n|-damage|p2b: Iron Hands|0 fnt\n|faint|p2b: Iron Hands\n|-end|p2b: Iron Hands|Quark Drive|[silent]\n|\n|win|kojimuranishi\n|raw|kojimuranishi's rating: 1603 &rarr; <strong>1621</strong><br />(+18 for winning)\n|raw|Realfrytki's rating: 1572 &rarr; <strong>1554</strong><br />(-18 for losing)\n|l| Hao_poke\n|l|\u2606kojimuranishi\n|player|p1|\n|l|\u2606Realfrytki\n|player|p2|\n","uploadtime":1774277762,"views":20,"formatid":"gen9vgc2026regi","rating":1554,"private":0,"password":null}