{"id":"gen9vgc2026regi-2553022651","format":"[Gen 9] VGC 2026 Reg I","players":["VJ2511","Erseo05"],"log":"|j|\u2606VJ2511\n|j|\u2606Erseo05\n|t:|1772786600\n|gametype|doubles\n|player|p1|VJ2511|red-masters3|1570\n|player|p2|Erseo05|lucas|1418\n|gen|9\n|tier|[Gen 9] VGC 2026 Reg I\n|rated|\n|rule|Species Clause: Limit one of each Pok\u00e9mon\n|rule|Item Clause: Limit 1 of each item\n|clearpoke\n|poke|p1|Calyrex-Shadow, L50|\n|poke|p1|Zamazenta-*, L50|\n|poke|p1|Chien-Pao, L50|\n|poke|p1|Dragonite, L50, M|\n|poke|p1|Raging Bolt, L50|\n|poke|p1|Amoonguss, L50, F|\n|poke|p2|Kyogre, L50|\n|poke|p2|Urshifu-*, L50, F|\n|poke|p2|Tornadus, L50, M|\n|poke|p2|Lunala, L50|\n|poke|p2|Indeedee-F, L50, F|\n|poke|p2|Ursaluna, L50, M|\n|teampreview|4\n|inactive|Battle timer is ON: inactive players will automatically lose when time's up. (requested by VJ2511)\n|\n|t:|1772786622\n|teamsize|p1|4\n|teamsize|p2|4\n|start\n|switch|p1a: Zamazenta|Zamazenta-Crowned, L50|100/100\n|switch|p1b: Chien-Pao|Chien-Pao, L50|100/100\n|switch|p2a: Urshifu|Urshifu-Rapid-Strike, L50, F|100/100\n|switch|p2b: Tornadus|Tornadus, L50, M|100/100\n|-ability|p1b: Chien-Pao|Sword of Ruin\n|-ability|p1a: Zamazenta|Dauntless Shield|boost\n|-boost|p1a: Zamazenta|def|1\n|turn|1\n|\n|t:|1772786636\n|switch|p1b: Amoonguss|Amoonguss, L50, F|100/100\n|-terastallize|p2a: Urshifu|Water\n|move|p2b: Tornadus|Rain Dance|p2b: Tornadus\n|-weather|RainDance\n|move|p2a: Urshifu|Surging Strikes|p1a: Zamazenta\n|-crit|p1a: Zamazenta\n|-damage|p1a: Zamazenta|75/100\n|-crit|p1a: Zamazenta\n|-damage|p1a: Zamazenta|48/100\n|-crit|p1a: Zamazenta\n|-damage|p1a: Zamazenta|21/100\n|-hitcount|p1a: Zamazenta|3\n|move|p1a: Zamazenta|Body Press|p2a: Urshifu\n|-damage|p2a: Urshifu|28/100\n|\n|-weather|RainDance|[upkeep]\n|upkeep\n|turn|2\n|\n|t:|1772786657\n|switch|p2a: Indeedee|Indeedee-F, L50, F|100/100\n|-fieldstart|move: Psychic Terrain|[from] ability: Psychic Surge|[of] p2a: Indeedee\n|-terastallize|p1b: Amoonguss|Water\n|move|p1a: Zamazenta|Wide Guard|p1a: Zamazenta\n|-singleturn|p1a: Zamazenta|Wide Guard\n|move|p1b: Amoonguss|Rage Powder|p1b: Amoonguss\n|-singleturn|p1b: Amoonguss|move: Rage Powder\n|move|p2b: Tornadus|Bleakwind Storm|p1a: Zamazenta|[spread] \n|-activate|p1a: Zamazenta|move: Wide Guard\n|-activate|p1b: Amoonguss|move: Wide Guard\n|\n|-weather|RainDance|[upkeep]\n|upkeep\n|turn|3\n|\n|t:|1772786670\n|move|p1a: Zamazenta|Wide Guard|p1a: Zamazenta\n|-singleturn|p1a: Zamazenta|Wide Guard\n|move|p2b: Tornadus|Tailwind|p2b: Tornadus\n|-sidestart|p2: Erseo05|move: Tailwind\n|move|p2a: Indeedee|Psychic|p1a: Zamazenta\n|-damage|p1a: Zamazenta|0 fnt\n|faint|p1a: Zamazenta\n|move|p1b: Amoonguss|Spore|p2b: Tornadus\n|-status|p2b: Tornadus|slp|[from] move: Spore\n|\n|-weather|RainDance|[upkeep]\n|upkeep\n|\n|t:|1772786684\n|switch|p1a: Chien-Pao|Chien-Pao, L50|100/100\n|-ability|p1a: Chien-Pao|Sword of Ruin\n|turn|4\n|\n|t:|1772786691\n|switch|p2b: Kyogre|Kyogre, L50|100/100\n|move|p2a: Indeedee|Follow Me|p2a: Indeedee\n|-singleturn|p2a: Indeedee|move: Follow Me\n|move|p1a: Chien-Pao|Ice Spinner|p2a: Indeedee\n|-damage|p2a: Indeedee|56/100\n|-damage|p1a: Chien-Pao|84/100|[from] item: Rocky Helmet|[of] p2a: Indeedee\n|-fieldend|move: Psychic Terrain\n|move|p1b: Amoonguss|Spore|p2a: Indeedee\n|-status|p2a: Indeedee|slp|[from] move: Spore\n|\n|-weather|RainDance|[upkeep]\n|upkeep\n|turn|5\n|\n|t:|1772786704\n|switch|p2a: Urshifu|Urshifu-Rapid-Strike, L50, F, tera:Water|28/100\n|move|p2b: Kyogre|Thunder|p1b: Amoonguss\n|-supereffective|p1b: Amoonguss\n|-damage|p1b: Amoonguss|30/100\n|move|p1a: Chien-Pao|Ruination|p2b: Kyogre\n|-damage|p2b: Kyogre|51/100\n|move|p1b: Amoonguss|Spore|p2b: Kyogre\n|-status|p2b: Kyogre|slp|[from] move: Spore\n|\n|-weather|none\n|upkeep\n|turn|6\n|\n|t:|1772786716\n|switch|p2b: Tornadus|Tornadus, L50, M|100/100 slp\n|move|p1a: Chien-Pao|Sucker Punch|p2a: Urshifu\n|-damage|p2a: Urshifu|0 fnt\n|faint|p2a: Urshifu\n|move|p1b: Amoonguss|Sludge Bomb|p2b: Tornadus\n|-damage|p2b: Tornadus|63/100 slp\n|\n|-sideend|p2: Erseo05|move: Tailwind\n|upkeep\n|\n|t:|1772786725\n|switch|p2a: Kyogre|Kyogre, L50|51/100 slp\n|-weather|RainDance|[from] ability: Drizzle|[of] p2a: Kyogre\n|turn|7\n|\n|t:|1772786730\n|switch|p2a: Indeedee|Indeedee-F, L50, F|56/100 slp\n|-fieldstart|move: Psychic Terrain|[from] ability: Psychic Surge|[of] p2a: Indeedee\n|move|p1a: Chien-Pao|Ice Spinner|p2b: Tornadus\n|-supereffective|p2b: Tornadus\n|-damage|p2b: Tornadus|0 fnt\n|-fieldend|move: Psychic Terrain\n|faint|p2b: Tornadus\n|move|p1b: Amoonguss|Sludge Bomb|p2a: Indeedee\n|-damage|p2a: Indeedee|29/100 slp\n|\n|-weather|RainDance|[upkeep]\n|upkeep\n|c|\u2606VJ2511|bro is actually dying to amoonguss\n|c|\u2606VJ2511|thats crazy\n|inactive|Erseo05 has 30 seconds left.\n|c|\u2606Erseo05|yeap\n|c|\u2606VJ2511|i think lunala\n|\n|t:|1772786765\n|switch|p2b: Kyogre|Kyogre, L50|51/100 slp\n|turn|8\n|c|\u2606VJ2511|wouldve been good\n|c|\u2606VJ2511|in this matchup\n|inactive|Erseo05 has 30 seconds left.\n|c|\u2606Erseo05|Actually, I have it with tera grass...\n|c|\u2606Erseo05|My bad\n|\n|t:|1772786797\n|cant|p2a: Indeedee|slp\n|move|p1a: Chien-Pao|Ice Spinner|p2a: Indeedee\n|-damage|p2a: Indeedee|0 fnt\n|-damage|p1a: Chien-Pao|68/100|[from] item: Rocky Helmet|[of] p2a: Indeedee\n|faint|p2a: Indeedee\n|cant|p2b: Kyogre|slp\n|move|p1b: Amoonguss|Sludge Bomb|p2b: Kyogre\n|-damage|p2b: Kyogre|33/100 slp\n|\n|-weather|RainDance|[upkeep]\n|upkeep\n|turn|9\n|c|\u2606VJ2511|ahh\n|-message|Erseo05 forfeited.\n|\n|win|VJ2511\n|raw|VJ2511's rating: 1570 &rarr; <strong>1582</strong><br />(+12 for winning)\n|raw|Erseo05's rating: 1418 &rarr; <strong>1406</strong><br />(-12 for losing)\n|l|\u2606Erseo05\n|player|p2|\n|c|\u2606VJ2511|welp regardless ggs\n","uploadtime":1772786808,"views":32,"formatid":"gen9vgc2026regi","rating":1406,"private":0,"password":null}