{"id":"gen9vgc2026regi-2548119555","format":"[Gen 9] VGC 2026 Reg I","players":["itsxaver","Voth"],"log":"|j|\u2606itsxaver\n|j|\u2606Voth\n|t:|1772171662\n|gametype|doubles\n|player|p1|itsxaver|102|1417\n|player|p2|Voth|dawn|1430\n|gen|9\n|tier|[Gen 9] VGC 2026 Reg I\n|rated|\n|rule|Species Clause: Limit one of each Pok\u00e9mon\n|rule|Item Clause: Limit 1 of each item\n|clearpoke\n|poke|p1|Miraidon, L50|\n|poke|p1|Groudon, L50|\n|poke|p1|Flutter Mane, L50|\n|poke|p1|Dragonite, L50, M|\n|poke|p1|Chien-Pao, L50|\n|poke|p1|Entei, L50|\n|poke|p2|Urshifu-*, L50, M|\n|poke|p2|Calyrex-Ice, L50|\n|poke|p2|Tornadus, L50, M|\n|poke|p2|Landorus, L50, M|\n|poke|p2|Rillaboom, L50, F|\n|poke|p2|Kyogre, L50|\n|teampreview|4\n|\n|t:|1772171689\n|teamsize|p1|4\n|teamsize|p2|4\n|start\n|switch|p1a: Flutter Mane|Flutter Mane, L50|100/100\n|switch|p1b: Groudon|Groudon, L50|100/100\n|switch|p2a: Korra|Calyrex-Ice, L50|100/100\n|switch|p2b: Mr miyagi|Urshifu-Rapid-Strike, L50, M|100/100\n|-ability|p2a: Korra|As One\n|-ability|p2a: Korra|Unnerve\n|-weather|SunnyDay|[from] ability: Drought|[of] p1b: Groudon\n|-activate|p1a: Flutter Mane|ability: Protosynthesis\n|-start|p1a: Flutter Mane|protosynthesisspe\n|turn|1\n|inactive|Battle timer is ON: inactive players will automatically lose when time's up. (requested by itsxaver)\n|\n|t:|1772171726\n|switch|p2b: Harambe|Rillaboom, L50, F|100/100\n|-fieldstart|move: Grassy Terrain|[from] ability: Grassy Surge|[of] p2b: Harambe\n|-terastallize|p2a: Korra|Water\n|move|p1b: Groudon|Helping Hand|p1a: Flutter Mane\n|-singleturn|p1a: Flutter Mane|Helping Hand|[of] p1b: Groudon\n|move|p1a: Flutter Mane|Shadow Ball|p2a: Korra\n|-damage|p2a: Korra|48/100\n|move|p2a: Korra|Glacial Lance|p1b: Groudon|[spread] p1a,p1b\n|-supereffective|p1b: Groudon\n|-damage|p1a: Flutter Mane|0 fnt\n|-damage|p1b: Groudon|33/100\n|faint|p1a: Flutter Mane\n|-end|p1a: Flutter Mane|Protosynthesis|[silent]\n|-ability|p2a: Korra|Chilling Neigh|boost\n|-boost|p2a: Korra|atk|1\n|\n|-weather|SunnyDay|[upkeep]\n|-heal|p1b: Groudon|39/100|[from] Grassy Terrain\n|-heal|p2a: Korra|54/100|[from] Grassy Terrain\n|-heal|p2a: Korra|59/100|[from] item: Leftovers\n|upkeep\n|\n|t:|1772171737\n|switch|p1a: Miraidon|Miraidon, L50|100/100\n|-fieldstart|move: Electric Terrain|[from] ability: Hadron Engine|[of] p1a: Miraidon\n|turn|2\n|\n|t:|1772171759\n|switch|p1b: Entei|Entei, L50|100/100\n|move|p1a: Miraidon|Protect|p1a: Miraidon\n|-singleturn|p1a: Miraidon|Protect\n|move|p2b: Harambe|Fake Out|p1a: Miraidon\n|-activate|p1a: Miraidon|move: Protect\n|move|p2a: Korra|Trick Room|p2a: Korra\n|-fieldstart|move: Trick Room|[of] p2a: Korra\n|\n|-weather|SunnyDay|[upkeep]\n|-heal|p2a: Korra|65/100|[from] item: Leftovers\n|upkeep\n|turn|3\n|inactive|itsxaver has 30 seconds left.\n|inactive|itsxaver has 20 seconds left.\n|inactive|itsxaver has 15 seconds left.\n|\n|t:|1772171799\n|switch|p2b: Mr miyagi|Urshifu-Rapid-Strike, L50, M|100/100\n|-terastallize|p1a: Miraidon|Electric\n|move|p2a: Korra|Glacial Lance|p1b: Entei|[spread] p1a,p1b\n|-resisted|p1b: Entei\n|-damage|p1a: Miraidon|25/100\n|-damage|p1b: Entei|64/100\n|move|p1b: Entei|Sacred Fire|p2b: Mr miyagi\n|-resisted|p2b: Mr miyagi\n|-damage|p2b: Mr miyagi|53/100\n|-damage|p1b: Entei|54/100|[from] item: Life Orb\n|move|p1a: Miraidon|Electro Drift|p2a: Korra\n|-supereffective|p2a: Korra\n|-damage|p2a: Korra|0 fnt\n|faint|p2a: Korra\n|\n|-weather|SunnyDay|[upkeep]\n|upkeep\n|\n|t:|1772171816\n|switch|p2a: Harambe|Rillaboom, L50, F|100/100\n|-fieldstart|move: Grassy Terrain|[from] ability: Grassy Surge|[of] p2a: Harambe\n|turn|4\n|\n|t:|1772171841\n|switch|p2a: Nuke|Kyogre, L50|100/100\n|-weather|RainDance|[from] ability: Drizzle|[of] p2a: Nuke\n|move|p1b: Entei|Extreme Speed|p2b: Mr miyagi\n|-damage|p2b: Mr miyagi|15/100\n|-damage|p1b: Entei|44/100|[from] item: Life Orb\n|move|p2b: Mr miyagi|Surging Strikes|p1a: Miraidon\n|-crit|p1a: Miraidon\n|-damage|p1a: Miraidon|0 fnt\n|faint|p1a: Miraidon\n|-hitcount|p1: Miraidon|1\n|\n|-weather|RainDance|[upkeep]\n|-heal|p1b: Entei|50/100|[from] Grassy Terrain\n|-heal|p2b: Mr miyagi|22/100|[from] Grassy Terrain\n|upkeep\n|\n|t:|1772171851\n|switch|p1a: Groudon|Groudon, L50|39/100\n|-weather|SunnyDay|[from] ability: Drought|[of] p1a: Groudon\n|turn|5\n|\n|t:|1772171863\n|switch|p2a: Harambe|Rillaboom, L50, F|100/100\n|move|p1b: Entei|Extreme Speed|p2b: Mr miyagi\n|-damage|p2b: Mr miyagi|0 fnt\n|faint|p2b: Mr miyagi\n|-damage|p1b: Entei|40/100|[from] item: Life Orb\n|move|p1a: Groudon|Precipice Blades|p2a: Harambe\n|-resisted|p2a: Harambe\n|-damage|p2a: Harambe|76/100\n|\n|-weather|SunnyDay|[upkeep]\n|-heal|p2a: Harambe|82/100|[from] Grassy Terrain\n|-heal|p1b: Entei|46/100|[from] Grassy Terrain\n|-heal|p1a: Groudon|44/100|[from] Grassy Terrain\n|upkeep\n|\n|t:|1772171869\n|switch|p2b: Nuke|Kyogre, L50|100/100\n|-weather|RainDance|[from] ability: Drizzle|[of] p2b: Nuke\n|turn|6\n|l|\u2606Voth\n|inactive|Voth disconnected and has a minute to reconnect!\n|player|p2|\n|inactive|itsxaver has 30 seconds left.\n|inactive|Voth has 30 seconds left.\n|inactive|Voth has 20 seconds left.\n|inactive|Voth has 15 seconds left.\n|inactive|Voth has 10 seconds left.\n|inactive|Voth has 5 seconds left.\n|-message|Voth lost due to inactivity.\n|\n|win|itsxaver\n|raw|itsxaver's rating: 1417 &rarr; <strong>1438</strong><br />(+21 for winning)\n|raw|Voth's rating: 1430 &rarr; <strong>1409</strong><br />(-21 for losing)\n|l|\u2606itsxaver\n|player|p1|\n|j|\u2606Voth\n|player|p2|Voth|dawn|\n|l|\u2606Voth\n|player|p2|\n","uploadtime":1772172072,"views":16,"formatid":"gen9vgc2026regi","rating":1409,"private":0,"password":null}