{"id":"gen9vgc2026regi-2530487765","format":"[Gen 9] VGC 2026 Reg I","players":["banana888","ky123456"],"log":"|j|\u2606banana888\n|j|\u2606ky123456\n|t:|1769924736\n|gametype|doubles\n|player|p1|banana888|169|1320\n|player|p2|ky123456|cynthia-gen4|1479\n|gen|9\n|tier|[Gen 9] VGC 2026 Reg I\n|rated|\n|rule|Species Clause: Limit one of each Pok\u00e9mon\n|rule|Item Clause: Limit 1 of each item\n|clearpoke\n|poke|p1|Calyrex-Shadow, L50|\n|poke|p1|Zamazenta-*, L50|\n|poke|p1|Dragonite, L50, M|\n|poke|p1|Chien-Pao, L50|\n|poke|p1|Urshifu-*, L50, M|\n|poke|p1|Amoonguss, L50, M|\n|poke|p2|Lunala, L50|\n|poke|p2|Torkoal, L50, M|\n|poke|p2|Urshifu-*, L50, M|\n|poke|p2|Indeedee-F, L50, F|\n|poke|p2|Calyrex-Ice, L50|\n|poke|p2|Smeargle, L50, M|\n|teampreview|4\n|inactive|Battle timer is ON: inactive players will automatically lose when time's up. (requested by banana888)\n|inactive|ky123456 has 60 seconds left.\n|\n|t:|1769924774\n|teamsize|p1|4\n|teamsize|p2|4\n|start\n|switch|p1a: Zamazenta|Zamazenta-Crowned, L50, shiny|100/100\n|switch|p1b: Urshifu|Urshifu-Rapid-Strike, L50, M|100/100\n|switch|p2a: Calyrex|Calyrex-Ice, L50|100/100\n|switch|p2b: Smeargle|Smeargle, L50, M|100/100\n|-ability|p2a: Calyrex|As One\n|-ability|p2a: Calyrex|Unnerve\n|-ability|p1a: Zamazenta|Dauntless Shield|boost\n|-boost|p1a: Zamazenta|def|1\n|turn|1\n|\n|t:|1769924797\n|move|p2b: Smeargle|Fake Out|p1b: Urshifu\n|-crit|p1b: Urshifu\n|-damage|p1b: Urshifu|93/100\n|move|p1a: Zamazenta|Body Press|p2a: Calyrex\n|-damage|p2a: Calyrex|57/100\n|move|p1b: Urshifu|Surging Strikes|p2b: Smeargle\n|-crit|p2b: Smeargle\n|-damage|p2b: Smeargle|55/100\n|-crit|p2b: Smeargle\n|-damage|p2b: Smeargle|14/100\n|-crit|p2b: Smeargle\n|-damage|p2b: Smeargle|0 fnt\n|faint|p2b: Smeargle\n|-hitcount|p2: Smeargle|3\n|move|p2a: Calyrex|Trick Room|p2a: Calyrex\n|-fieldstart|move: Trick Room|[of] p2a: Calyrex\n|\n|upkeep\n|\n|t:|1769924810\n|switch|p2b: Torkoal|Torkoal, L50, M|100/100\n|-weather|SunnyDay|[from] ability: Drought|[of] p2b: Torkoal\n|turn|2\n|inactive|banana888 has 30 seconds left.\n|inactive|banana888 has 20 seconds left.\n|inactive|banana888 has 15 seconds left.\n|\n|t:|1769924853\n|move|p1a: Zamazenta|Protect|p1a: Zamazenta\n|-singleturn|p1a: Zamazenta|Protect\n|move|p2b: Torkoal|Weather Ball|p1b: Urshifu\n|-resisted|p1b: Urshifu\n|-damage|p1b: Urshifu|21/100\n|move|p2a: Calyrex|High Horsepower|p1b: Urshifu\n|-damage|p1b: Urshifu|0 fnt\n|faint|p1b: Urshifu\n|-ability|p2a: Calyrex|Chilling Neigh|boost\n|-boost|p2a: Calyrex|atk|1\n|\n|-weather|SunnyDay|[upkeep]\n|upkeep\n|\n|t:|1769924862\n|switch|p1b: Amoonguss|Amoonguss, L50, M|100/100\n|turn|3\n|\n|t:|1769924882\n|-terastallize|p1b: Amoonguss|Water\n|move|p1a: Zamazenta|Wide Guard|p1a: Zamazenta\n|-singleturn|p1a: Zamazenta|Wide Guard\n|move|p2b: Torkoal|Weather Ball|p1a: Zamazenta\n|-supereffective|p1a: Zamazenta\n|-damage|p1a: Zamazenta|0 fnt\n|faint|p1a: Zamazenta\n|move|p1b: Amoonguss|Spore|p2b: Torkoal\n|-status|p2b: Torkoal|slp|[from] move: Spore\n|move|p2a: Calyrex|Glacial Lance|p1b: Amoonguss\n|-activate|p1b: Amoonguss|move: Wide Guard\n|\n|-weather|SunnyDay|[upkeep]\n|upkeep\n|\n|t:|1769924890\n|switch|p1a: Calyrex|Calyrex-Shadow, L50|100/100\n|-ability|p1a: Calyrex|As One\n|-ability|p1a: Calyrex|Unnerve\n|turn|4\n|c|\u2606banana888|gg\n|\n|t:|1769924909\n|move|p2a: Calyrex|Protect|p2a: Calyrex\n|-singleturn|p2a: Calyrex|Protect\n|cant|p2b: Torkoal|slp\n|move|p1b: Amoonguss|Spore|p2a: Calyrex\n|-activate|p2a: Calyrex|move: Protect\n|move|p1a: Calyrex|Astral Barrage|p2b: Torkoal|[spread] p2b\n|-activate|p2a: Calyrex|move: Protect\n|-damage|p2b: Torkoal|31/100 slp\n|\n|-weather|SunnyDay|[upkeep]\n|upkeep\n|turn|5\n|\n|t:|1769924924\n|switch|p2a: Indeedee|Indeedee-F, L50, F|100/100\n|-fieldstart|move: Psychic Terrain|[from] ability: Psychic Surge|[of] p2a: Indeedee\n|-curestatus|p2b: Torkoal|slp|[msg]\n|move|p2b: Torkoal|Weather Ball|p1a: Calyrex\n|-damage|p1a: Calyrex|4/100\n|move|p1b: Amoonguss|Spore|p2a: Indeedee\n|-activate|p2a: Indeedee|item: Safety Goggles|Spore\n|move|p1a: Calyrex|Astral Barrage|p2a: Indeedee|[spread] p2b\n|-immune|p2a: Indeedee\n|-damage|p2b: Torkoal|0 fnt\n|faint|p2b: Torkoal\n|-ability|p1a: Calyrex|Grim Neigh|boost\n|-boost|p1a: Calyrex|spa|1\n|\n|-weather|SunnyDay|[upkeep]\n|-fieldend|move: Trick Room\n|upkeep\n|\n|t:|1769924938\n|switch|p2b: Calyrex|Calyrex-Ice, L50|57/100\n|-ability|p2b: Calyrex|As One\n|-ability|p2b: Calyrex|Unnerve\n|turn|6\n|\n|t:|1769924946\n|-terastallize|p2b: Calyrex|Fire\n|move|p2a: Indeedee|Follow Me|p2a: Indeedee\n|-singleturn|p2a: Indeedee|move: Follow Me\n|move|p1b: Amoonguss|Rage Powder|p1b: Amoonguss\n|-singleturn|p1b: Amoonguss|move: Rage Powder\n|move|p1a: Calyrex|Astral Barrage|p2b: Calyrex|[spread] p2b\n|-immune|p2a: Indeedee\n|-damage|p2b: Calyrex|1/100\n|move|p2b: Calyrex|Glacial Lance|p1b: Amoonguss|[spread] p1a,p1b\n|-resisted|p1b: Amoonguss\n|-damage|p1a: Calyrex|0 fnt\n|-damage|p1b: Amoonguss|78/100\n|faint|p1a: Calyrex\n|-ability|p2b: Calyrex|Chilling Neigh|boost\n|-boost|p2b: Calyrex|atk|1\n|\n|-weather|none\n|upkeep\n|turn|7\n|-message|banana888 forfeited.\n|\n|win|ky123456\n|raw|banana888's rating: 1320 &rarr; <strong>1309</strong><br />(-11 for losing)\n|raw|ky123456's rating: 1479 &rarr; <strong>1490</strong><br />(+11 for winning)\n|l|\u2606banana888\n|player|p1|\n|l|\u2606ky123456\n|player|p2|\n","uploadtime":1769925182,"views":12,"formatid":"gen9vgc2026regi","rating":1309,"private":0,"password":null}