{"id":"gen9vgc2026regi-2534526102","format":"[Gen 9] VGC 2026 Reg I","players":["lr9090","yamato-tak"],"log":"|j|\u2606lr9090\n|j|\u2606yamato-tak\n|t:|1770432396\n|gametype|doubles\n|player|p1|lr9090|shauntal|1265\n|player|p2|yamato-tak|101|1500\n|gen|9\n|tier|[Gen 9] VGC 2026 Reg I\n|rated|\n|rule|Species Clause: Limit one of each Pok\u00e9mon\n|rule|Item Clause: Limit 1 of each item\n|clearpoke\n|poke|p1|Calyrex-Ice, L50|\n|poke|p1|Scraggy, L50, F|\n|poke|p1|Miraidon, L50|\n|poke|p1|Farigiraf, L50, F|\n|poke|p1|Iron Treads, L50|\n|poke|p1|Iron Hands, L50|\n|poke|p2|Miraidon, L50|\n|poke|p2|Calyrex-Ice, L50|\n|poke|p2|Volcarona, L50, M|\n|poke|p2|Araquanid, L50, F|\n|poke|p2|Grimmsnarl, L50, M|\n|poke|p2|Rillaboom, L50, M|\n|teampreview|4\n|inactive|Battle timer is ON: inactive players will automatically lose when time's up. (requested by yamato-tak)\n|inactive|lr9090 has 60 seconds left.\n|inactive|lr9090 has 30 seconds left.\n|inactive|lr9090 has 20 seconds left.\n|\n|t:|1770432467\n|teamsize|p1|4\n|teamsize|p2|4\n|start\n|switch|p1a: Miraidon|Miraidon, L50|100/100\n|switch|p1b: Iron Treads|Iron Treads, L50|100/100\n|switch|p2a: Grimmsnarl|Grimmsnarl, L50, M, shiny|100/100\n|switch|p2b: Miraidon|Miraidon, L50, shiny|100/100\n|-fieldstart|move: Electric Terrain|[from] ability: Hadron Engine|[of] p2b: Miraidon\n|-activate|p1b: Iron Treads|ability: Quark Drive\n|-start|p1b: Iron Treads|quarkdrivespe\n|-activate|p1a: Miraidon|ability: Hadron Engine\n|turn|1\n|inactive|yamato-tak has 30 seconds left.\n|inactive|yamato-tak has 20 seconds left.\n|\n|t:|1770432503\n|switch|p2b: Volcarona|Volcarona, L50, M, shiny|100/100\n|-terastallize|p1a: Miraidon|Fairy\n|move|p2a: Grimmsnarl|Parting Shot|p1b: Iron Treads\n|-unboost|p1b: Iron Treads|atk|1\n|-unboost|p1b: Iron Treads|spa|1\n|\n|t:|1770432513\n|switch|p2a: Calyrex|Calyrex-Ice, L50|100/100|[from] Parting Shot\n|-ability|p2a: Calyrex|As One\n|-ability|p2a: Calyrex|Unnerve\n|move|p1b: Iron Treads|Iron Head|p2a: Calyrex\n|-supereffective|p2a: Calyrex\n|-damage|p2a: Calyrex|63/100\n|-damage|p1b: Iron Treads|91/100|[from] item: Life Orb\n|move|p1a: Miraidon|Dazzling Gleam|p2a: Calyrex|[spread] p2a,p2b\n|-resisted|p2b: Volcarona\n|-damage|p2a: Calyrex|18/100\n|-damage|p2b: Volcarona|65/100\n|\n|-heal|p2b: Volcarona|71/100|[from] item: Leftovers\n|upkeep\n|turn|2\n|inactive|lr9090 has 30 seconds left.\n|\n|t:|1770432543\n|move|p1b: Iron Treads|Knock Off|p2b: Volcarona\n|-damage|p2b: Volcarona|41/100\n|-enditem|p2b: Volcarona|Leftovers|[from] move: Knock Off|[of] p1b: Iron Treads\n|-damage|p1b: Iron Treads|81/100|[from] item: Life Orb\n|move|p1a: Miraidon|Dazzling Gleam|p2b: Volcarona|[spread] p2a,p2b\n|-resisted|p2b: Volcarona\n|-damage|p2a: Calyrex|0 fnt\n|-damage|p2b: Volcarona|11/100\n|faint|p2a: Calyrex\n|move|p2b: Volcarona|Quiver Dance|p2b: Volcarona\n|-boost|p2b: Volcarona|spa|1\n|-boost|p2b: Volcarona|spd|1\n|-boost|p2b: Volcarona|spe|1\n|\n|upkeep\n|\n|t:|1770432555\n|switch|p2a: Grimmsnarl|Grimmsnarl, L50, M, shiny|100/100\n|turn|3\n|\n|t:|1770432576\n|move|p2a: Grimmsnarl|Light Screen|p2a: Grimmsnarl\n|-sidestart|p2: yamato-tak|move: Light Screen\n|move|p1b: Iron Treads|Iron Head|p2a: Grimmsnarl\n|-supereffective|p2a: Grimmsnarl\n|-damage|p2a: Grimmsnarl|31/100\n|-damage|p1b: Iron Treads|72/100|[from] item: Life Orb\n|move|p2b: Volcarona|Giga Drain|p1b: Iron Treads\n|-damage|p1b: Iron Treads|25/100\n|-heal|p2b: Volcarona|33/100|[from] drain|[of] p1b: Iron Treads\n|move|p1a: Miraidon|Dazzling Gleam|p2b: Volcarona|[spread] p2a,p2b\n|-supereffective|p2a: Grimmsnarl\n|-resisted|p2b: Volcarona\n|-damage|p2a: Grimmsnarl|0 fnt\n|-damage|p2b: Volcarona|19/100\n|faint|p2a: Grimmsnarl\n|\n|upkeep\n|\n|t:|1770432579\n|switch|p2a: Miraidon|Miraidon, L50, shiny|100/100\n|-activate|p2a: Miraidon|ability: Hadron Engine\n|turn|4\n|\n|t:|1770432602\n|-terastallize|p2a: Miraidon|Electric\n|move|p1b: Iron Treads|High Horsepower|p2a: Miraidon\n|-supereffective|p2a: Miraidon\n|-damage|p2a: Miraidon|33/100\n|-damage|p1b: Iron Treads|15/100|[from] item: Life Orb\n|move|p2b: Volcarona|Giga Drain|p1b: Iron Treads\n|-damage|p1b: Iron Treads|0 fnt\n|-heal|p2b: Volcarona|25/100|[from] drain|[of] p1b: Iron Treads\n|faint|p1b: Iron Treads\n|-end|p1b: Iron Treads|Quark Drive|[silent]\n|move|p2a: Miraidon|Calm Mind|p2a: Miraidon\n|-boost|p2a: Miraidon|spa|1\n|-boost|p2a: Miraidon|spd|1\n|move|p1a: Miraidon|Dazzling Gleam|p2b: Volcarona|[spread] p2a,p2b\n|-resisted|p2b: Volcarona\n|-damage|p2a: Miraidon|9/100\n|-damage|p2b: Volcarona|11/100\n|\n|upkeep\n|inactive|lr9090 has 30 seconds left.\n|\n|t:|1770432627\n|switch|p1b: Calyrex|Calyrex-Ice, L50|100/100\n|-ability|p1b: Calyrex|As One\n|-ability|p1b: Calyrex|Unnerve\n|turn|5\n|\n|t:|1770432641\n|move|p2b: Volcarona|Fiery Dance|p1b: Calyrex\n|-supereffective|p1b: Calyrex\n|-damage|p1b: Calyrex|31/100\n|-boost|p2b: Volcarona|spa|1\n|move|p2a: Miraidon|Parabolic Charge|p1b: Calyrex|[spread] p2b,p1a,p1b\n|-damage|p2b: Volcarona|0 fnt\n|-heal|p2a: Miraidon|14/100|[from] drain|[of] p2b: Volcarona\n|-damage|p1a: Miraidon|41/100\n|-heal|p2a: Miraidon|43/100|[from] drain|[of] p1a: Miraidon\n|-damage|p1b: Calyrex|0 fnt\n|-heal|p2a: Miraidon|59/100|[from] drain|[of] p1b: Calyrex\n|faint|p2b: Volcarona\n|faint|p1b: Calyrex\n|move|p1a: Miraidon|Dazzling Gleam|p2a: Miraidon\n|-damage|p2a: Miraidon|26/100\n|\n|-fieldend|move: Electric Terrain\n|upkeep\n|\n|t:|1770432657\n|switch|p1b: Farigiraf|Farigiraf, L50, F|100/100\n|turn|6\n|\n|t:|1770432663\n|move|p2a: Miraidon|Parabolic Charge|p1a: Miraidon|[spread] p1a,p1b\n|-damage|p1a: Miraidon|8/100\n|-heal|p2a: Miraidon|43/100|[from] drain|[of] p1a: Miraidon\n|-damage|p1b: Farigiraf|59/100\n|-heal|p2a: Miraidon|65/100|[from] drain|[of] p1b: Farigiraf\n|move|p1a: Miraidon|Dazzling Gleam|p2a: Miraidon\n|-damage|p2a: Miraidon|39/100\n|move|p1b: Farigiraf|Psychic|p2a: Miraidon\n|-damage|p2a: Miraidon|28/100\n|\n|upkeep\n|turn|7\n|c|\u2606lr9090|thats cool\n|\n|t:|1770432678\n|move|p2a: Miraidon|Parabolic Charge|p1a: Miraidon|[spread] p1a,p1b\n|-damage|p1a: Miraidon|0 fnt\n|-heal|p2a: Miraidon|32/100|[from] drain|[of] p1a: Miraidon\n|-damage|p1b: Farigiraf|17/100\n|-heal|p2a: Miraidon|55/100|[from] drain|[of] p1b: Farigiraf\n|faint|p1a: Miraidon\n|move|p1b: Farigiraf|Psychic|p2a: Miraidon\n|-damage|p2a: Miraidon|43/100\n|\n|upkeep\n|turn|8\n|\n|t:|1770432693\n|move|p2a: Miraidon|Electro Drift|p1b: Farigiraf\n|-damage|p1b: Farigiraf|0 fnt\n|faint|p1b: Farigiraf\n|\n|win|yamato-tak\n|raw|lr9090's rating: 1265 &rarr; <strong>1255</strong><br />(-10 for losing)\n|raw|yamato-tak's rating: 1500 &rarr; <strong>1508</strong><br />(+8 for winning)\n|l|\u2606yamato-tak\n|player|p2|\n|l|\u2606lr9090\n|player|p1|\n","uploadtime":1770432868,"views":11,"formatid":"gen9vgc2026regi","rating":1255,"private":0,"password":null}