{"id":"gen9vgc2026regi-2568218651","format":"[Gen 9] VGC 2026 Reg I","players":["ionspeed","Highkage2"],"log":"|j|\u2606ionspeed\n|j|\u203dHighkage2\n|t:|1774556875\n|gametype|doubles\n|player|p1|ionspeed|2|1515\n|player|p2|Highkage2|doubleteam|1622\n|gen|9\n|tier|[Gen 9] VGC 2026 Reg I\n|rated|\n|rule|Species Clause: Limit one of each Pok\u00e9mon\n|rule|Item Clause: Limit 1 of each item\n|clearpoke\n|poke|p1|Kyogre, L50|\n|poke|p1|Calyrex-Shadow, L50|\n|poke|p1|Indeedee-F, L50, F|\n|poke|p1|Weezing-Galar, L50, M|\n|poke|p1|Tatsugiri, L50, M|\n|poke|p1|Dondozo, L50, F|\n|poke|p2|Incineroar, L50, F|\n|poke|p2|Calyrex-Ice, L50|\n|poke|p2|Miraidon, L50|\n|poke|p2|Iron Treads, L50|\n|poke|p2|Volcarona, L50, F|\n|poke|p2|Farigiraf, L50, M|\n|teampreview|4\n|inactive|Battle timer is ON: inactive players will automatically lose when time's up. (requested by Highkage2)\n|inactive|ionspeed has 60 seconds left.\n|\n|t:|1774556926\n|teamsize|p1|4\n|teamsize|p2|4\n|start\n|switch|p1a: Calyrex|Calyrex-Shadow, L50|100/100\n|switch|p1b: Dondozo|Dondozo, L50, F|100/100\n|switch|p2a: Miraidon|Miraidon, L50|100/100\n|switch|p2b: Farigiraf|Farigiraf, L50, M|100/100\n|-ability|p1a: Calyrex|As One\n|-ability|p1a: Calyrex|Unnerve\n|-fieldstart|move: Electric Terrain|[from] ability: Hadron Engine|[of] p2a: Miraidon\n|-enditem|p2b: Farigiraf|Electric Seed\n|-boost|p2b: Farigiraf|def|1|[from] item: Electric Seed\n|turn|1\n|\n|t:|1774556944\n|switch|p1a: Tatsugiri|Tatsugiri, L50, M|100/100\n|-activate|p1a: Tatsugiri|ability: Commander|[of] p1b: Dondozo\n|-boost|p1b: Dondozo|atk|2\n|-boost|p1b: Dondozo|spa|2\n|-boost|p1b: Dondozo|spe|2\n|-boost|p1b: Dondozo|def|2\n|-boost|p1b: Dondozo|spd|2\n|switch|p2a: Incineroar|Incineroar, L50, F|100/100\n|-ability|p2a: Incineroar|Intimidate|boost\n|-unboost|p1a: Tatsugiri|atk|1\n|-unboost|p1b: Dondozo|atk|1\n|-terastallize|p1b: Dondozo|Ground\n|move|p1b: Dondozo|Earthquake|p2a: Incineroar|[spread] p2a,p2b\n|-miss|p1b: Dondozo|p1a: Tatsugiri\n|-supereffective|p2a: Incineroar\n|-crit|p2b: Farigiraf\n|-damage|p2a: Incineroar|20/100\n|-damage|p2b: Farigiraf|42/100\n|move|p2b: Farigiraf|Trick Room|p2b: Farigiraf\n|-fieldstart|move: Trick Room|[of] p2b: Farigiraf\n|\n|upkeep\n|turn|2\n|inactive|Highkage2 has 30 seconds left.\n|\n|t:|1774556977\n|switch|p2b: Calyrex|Calyrex-Ice, L50|100/100\n|-ability|p2b: Calyrex|As One\n|-ability|p2b: Calyrex|Unnerve\n|move|p1b: Dondozo|Protect|p1b: Dondozo\n|-singleturn|p1b: Dondozo|Protect\n|move|p2a: Incineroar|Fake Out|p1b: Dondozo\n|-activate|p1b: Dondozo|move: Protect\n|\n|upkeep\n|turn|3\n|\n|t:|1774556984\n|switch|p2a: Farigiraf|Farigiraf, L50, M|42/100\n|move|p2b: Calyrex|Leech Seed|p1b: Dondozo\n|-start|p1b: Dondozo|move: Leech Seed\n|move|p1b: Dondozo|Earthquake|p2a: Farigiraf|[spread] p2a,p2b\n|-miss|p1b: Dondozo|p1a: Tatsugiri\n|-damage|p2a: Farigiraf|2/100\n|-damage|p2b: Calyrex|70/100\n|\n|-heal|p2b: Calyrex|76/100|[from] item: Leftovers\n|-damage|p1b: Dondozo|88/100|[from] Leech Seed|[of] p2b: Calyrex\n|-heal|p2b: Calyrex|90/100|[silent]\n|upkeep\n|turn|4\n|inactive|Highkage2 has 30 seconds left.\n|\n|t:|1774557017\n|move|p2a: Farigiraf|Helping Hand|p2b: Calyrex\n|-singleturn|p2b: Calyrex|Helping Hand|[of] p2a: Farigiraf\n|move|p2b: Calyrex|Glacial Lance|p1b: Dondozo|[spread] p1b\n|-miss|p2b: Calyrex|p1a: Tatsugiri\n|-supereffective|p1b: Dondozo\n|-damage|p1b: Dondozo|33/100\n|move|p1b: Dondozo|Earthquake|p2b: Calyrex|[spread] p2a,p2b\n|-miss|p1b: Dondozo|p1a: Tatsugiri\n|-damage|p2a: Farigiraf|0 fnt\n|-damage|p2b: Calyrex|60/100\n|faint|p2a: Farigiraf\n|\n|-heal|p2b: Calyrex|66/100|[from] item: Leftovers\n|-heal|p1b: Dondozo|39/100|[from] item: Leftovers\n|-damage|p1b: Dondozo|27/100|[from] Leech Seed|[of] p2b: Calyrex\n|-heal|p2b: Calyrex|80/100|[silent]\n|upkeep\n|\n|t:|1774557029\n|switch|p2a: Incineroar|Incineroar, L50, F|20/100\n|-ability|p2a: Incineroar|Intimidate|boost\n|-unboost|p1a: Tatsugiri|atk|1\n|-unboost|p1b: Dondozo|atk|1\n|turn|5\n|inactive|Highkage2 has 30 seconds left.\n|inactive|Highkage2 has 20 seconds left.\n|\n|t:|1774557068\n|move|p2b: Calyrex|Glacial Lance|p1a: Tatsugiri|[spread] p1b\n|-miss|p2b: Calyrex|p1a: Tatsugiri\n|-supereffective|p1b: Dondozo\n|-damage|p1b: Dondozo|0 fnt\n|faint|p1b: Dondozo\n|-ability|p2b: Calyrex|Chilling Neigh|boost\n|-boost|p2b: Calyrex|atk|1\n|move|p2a: Incineroar|Knock Off|p1a: Tatsugiri\n|-damage|p1a: Tatsugiri|28/100\n|-enditem|p1a: Tatsugiri|Focus Sash|[from] move: Knock Off|[of] p2a: Incineroar\n|\n|-heal|p2b: Calyrex|86/100|[from] item: Leftovers\n|-fieldend|move: Trick Room\n|-fieldend|move: Electric Terrain\n|upkeep\n|\n|t:|1774557070\n|switch|p1b: Kyogre|Kyogre, L50|100/100\n|-weather|RainDance|[from] ability: Drizzle|[of] p1b: Kyogre\n|turn|6\n|\n|t:|1774557090\n|move|p1a: Tatsugiri|Helping Hand|p1b: Kyogre\n|-singleturn|p1b: Kyogre|Helping Hand|[of] p1a: Tatsugiri\n|move|p2b: Calyrex|Protect|p2b: Calyrex\n|-singleturn|p2b: Calyrex|Protect\n|move|p1b: Kyogre|Water Spout|p2a: Incineroar|[spread] p2a\n|-activate|p2b: Calyrex|move: Protect\n|-supereffective|p2a: Incineroar\n|-damage|p2a: Incineroar|0 fnt\n|faint|p2a: Incineroar\n|\n|-weather|RainDance|[upkeep]\n|-heal|p2b: Calyrex|92/100|[from] item: Leftovers\n|upkeep\n|\n|t:|1774557092\n|switch|p2a: Miraidon|Miraidon, L50|100/100\n|-fieldstart|move: Electric Terrain|[from] ability: Hadron Engine|[of] p2a: Miraidon\n|turn|7\n|\n|t:|1774557117\n|move|p1a: Tatsugiri|Helping Hand|p1b: Kyogre\n|-singleturn|p1b: Kyogre|Helping Hand|[of] p1a: Tatsugiri\n|move|p1b: Kyogre|Water Spout|p2a: Miraidon|[spread] p2a,p2b\n|-resisted|p2a: Miraidon\n|-damage|p2a: Miraidon|47/100\n|-damage|p2b: Calyrex|1/100\n|move|p2a: Miraidon|Electro Drift|p1b: Kyogre\n|-supereffective|p1b: Kyogre\n|-damage|p1b: Kyogre|0 fnt\n|faint|p1b: Kyogre\n|move|p2b: Calyrex|Trick Room|p2b: Calyrex\n|-fieldstart|move: Trick Room|[of] p2b: Calyrex\n|\n|-weather|RainDance|[upkeep]\n|-heal|p2b: Calyrex|7/100|[from] item: Leftovers\n|upkeep\n|\n|t:|1774557122\n|switch|p1b: Calyrex|Calyrex-Shadow, L50|100/100\n|-ability|p1b: Calyrex|As One\n|-ability|p1b: Calyrex|Unnerve\n|turn|8\n|\n|t:|1774557130\n|move|p1a: Tatsugiri|Helping Hand|p1b: Calyrex\n|-singleturn|p1b: Calyrex|Helping Hand|[of] p1a: Tatsugiri\n|move|p2b: Calyrex|Glacial Lance|p1a: Tatsugiri|[spread] p1a,p1b\n|-damage|p1a: Tatsugiri|0 fnt\n|-damage|p1b: Calyrex|0 fnt\n|faint|p1a: Tatsugiri\n|faint|p1b: Calyrex\n|\n|win|Highkage2\n|raw|ionspeed's rating: 1515 &rarr; <strong>1501</strong><br />(-14 for losing)\n|raw|Highkage2's rating: 1622 &rarr; <strong>1636</strong><br />(+14 for winning)\n|l|\u2606ionspeed\n|player|p1|\n","uploadtime":1774557276,"views":15,"formatid":"gen9vgc2026regi","rating":1501,"private":0,"password":null}