{"id":"gen9vgc2026regi-2563999712","format":"[Gen 9] VGC 2026 Reg I","players":["shangenb4","TheManOfSausage"],"log":"|j|\u2606shangenb4\n|j|\u2606TheManOfSausage\n|t:|1774098093\n|gametype|doubles\n|player|p1|shangenb4|101|1443\n|player|p2|TheManOfSausage|miku-water|1480\n|gen|9\n|tier|[Gen 9] VGC 2026 Reg I\n|rated|\n|rule|Species Clause: Limit one of each Pok\u00e9mon\n|rule|Item Clause: Limit 1 of each item\n|clearpoke\n|poke|p1|Koraidon, L50|\n|poke|p1|Lunala, L50|\n|poke|p1|Flutter Mane, L50|\n|poke|p1|Chi-Yu, L50|\n|poke|p1|Raging Bolt, L50|\n|poke|p1|Indeedee-F, L50, F|\n|poke|p2|Calyrex-Shadow, L50|\n|poke|p2|Koraidon, L50|\n|poke|p2|Weezing-Galar, L50, M|\n|poke|p2|Ditto, L50|\n|poke|p2|Regieleki, L50|\n|poke|p2|Walking Wake, L50|\n|teampreview|4\n|inactive|Battle timer is ON: inactive players will automatically lose when time's up. (requested by shangenb4)\nTheManOfSausage has agreed to open team sheets.\n|\n|t:|1774098121\n|teamsize|p1|4\n|teamsize|p2|4\n|start\n|switch|p1a: Chi-Yu|Chi-Yu, L50|100/100\n|switch|p1b: Flutter Mane|Flutter Mane, L50|100/100\n|switch|p2a: Koraidon|Koraidon, L50|100/100\n|switch|p2b: Weezing|Weezing-Galar, L50, M|100/100\n|-ability|p2b: Weezing|Neutralizing Gas\n|-block|p2a: Koraidon|item: Ability Shield\n|-weather|SunnyDay|[from] ability: Orichalcum Pulse|[of] p2a: Koraidon\n|-activate|p2a: Koraidon|Orichalcum Pulse|[source]\n|turn|1\n|inactive|shangenb4 has 30 seconds left.\n|inactive|shangenb4 has 20 seconds left.\n|\n|t:|1774098159\n|-terastallize|p2a: Koraidon|Fire\n|move|p1b: Flutter Mane|Protect|p1b: Flutter Mane\n|-singleturn|p1b: Flutter Mane|Protect\n|move|p1a: Chi-Yu|Overheat|p2a: Koraidon\n|-resisted|p2a: Koraidon\n|-damage|p2a: Koraidon|49/100\n|-unboost|p1a: Chi-Yu|spa|2\n|move|p2a: Koraidon|Collision Course|p1a: Chi-Yu\n|-supereffective|p1a: Chi-Yu\n|-damage|p1a: Chi-Yu|0 fnt\n|faint|p1a: Chi-Yu\n|move|p2b: Weezing|Toxic Spikes|p1b: Flutter Mane\n|-sidestart|p1: shangenb4|move: Toxic Spikes\n|\n|-weather|SunnyDay|[upkeep]\n|upkeep\n|\n|t:|1774098176\n|switch|p1a: Koraidon|Koraidon, L50|100/100\n|-status|p1a: Koraidon|psn\n|turn|2\n|inactive|shangenb4 has 30 seconds left.\n|\n|t:|1774098206\n|-terastallize|p1a: Koraidon|Fire\n|move|p1b: Flutter Mane|Icy Wind|p2a: Koraidon|[spread] p2a,p2b\n|-resisted|p2a: Koraidon\n|-damage|p2a: Koraidon|42/100\n|-damage|p2b: Weezing|82/100\n|-unboost|p2a: Koraidon|spe|1\n|-unboost|p2b: Weezing|spe|1\n|move|p1a: Koraidon|Flame Charge|p2b: Weezing\n|-damage|p2b: Weezing|48/100\n|-boost|p1a: Koraidon|spe|1\n|-damage|p1a: Koraidon|84/100 psn|[from] item: Rocky Helmet|[of] p2b: Weezing\n|move|p2a: Koraidon|Flame Charge|p1b: Flutter Mane\n|-enditem|p1b: Flutter Mane|Focus Sash\n|-damage|p1b: Flutter Mane|1/100\n|-boost|p2a: Koraidon|spe|1\n|move|p2b: Weezing|Sludge Bomb|p1b: Flutter Mane\n|-damage|p1b: Flutter Mane|0 fnt\n|faint|p1b: Flutter Mane\n|-end|p1b: Flutter Mane|Protosynthesis|[silent]\n|\n|-weather|SunnyDay|[upkeep]\n|-damage|p1a: Koraidon|72/100 psn|[from] psn\n|upkeep\n|\n|t:|1774098230\n|switch|p1b: Lunala|Lunala, L50|100/100\n|-status|p1b: Lunala|psn\n|turn|3\n|\n|t:|1774098241\n|move|p1a: Koraidon|Collision Course|p2a: Koraidon\n|-damage|p2a: Koraidon|0 fnt\n|faint|p2a: Koraidon\n|move|p1b: Lunala|Meteor Beam||[still]\n|-prepare|p1b: Lunala|Meteor Beam\n|-boost|p1b: Lunala|spa|1\n|-enditem|p1b: Lunala|Power Herb\n|-anim|p1b: Lunala|Meteor Beam|p2b: Weezing\n|-damage|p2b: Weezing|0 fnt\n|faint|p2b: Weezing\n|-end|p2b: Weezing|ability: Neutralizing Gas\n|-activate|p1a: Koraidon|ability: Orichalcum Pulse\n|\n|-weather|SunnyDay|[upkeep]\n|-damage|p1a: Koraidon|60/100 psn|[from] psn\n|-damage|p1b: Lunala|88/100 psn|[from] psn\n|upkeep\n|\n|t:|1774098249\n|switch|p2a: Rice Shower|Calyrex-Shadow, L50|100/100\n|switch|p2b: Walking Wake|Walking Wake, L50|100/100\n|-ability|p2a: Rice Shower|As One\n|-ability|p2a: Rice Shower|Unnerve\n|-activate|p2b: Walking Wake|ability: Protosynthesis\n|-start|p2b: Walking Wake|protosynthesisspe\n|turn|4\n|\n|t:|1774098272\n|move|p1b: Lunala|Wide Guard|p1b: Lunala\n|-singleturn|p1b: Lunala|Wide Guard\n|move|p2b: Walking Wake|Hydro Steam|p1a: Koraidon\n|-supereffective|p1a: Koraidon\n|-damage|p1a: Koraidon|0 fnt\n|faint|p1a: Koraidon\n|move|p2a: Rice Shower|Encore|p1b: Lunala\n|-start|p1b: Lunala|Encore\n|\n|-weather|SunnyDay|[upkeep]\n|-damage|p1b: Lunala|76/100 psn|[from] psn\n|upkeep\n|turn|5\n|c|\u2606TheManOfSausage|gg\n|-message|shangenb4 forfeited.\n|\n|win|TheManOfSausage\n|raw|shangenb4's rating: 1443 &rarr; <strong>1425</strong><br />(-18 for losing)\n|raw|TheManOfSausage's rating: 1480 &rarr; <strong>1498</strong><br />(+18 for winning)\n|l|\u2606shangenb4\n|player|p1|\n|l|\u2606TheManOfSausage\n|player|p2|\n","uploadtime":1774098513,"views":13,"formatid":"gen9vgc2026regi","rating":1425,"private":0,"password":null}