{"id":"gen9vgc2026regi-2557267131","format":"[Gen 9] VGC 2026 Reg I","players":["florb morb","drive stone"],"log":"|j|\u2606florb morb\n|j|\u2606drive stone\n|t:|1773305304\n|gametype|doubles\n|player|p1|florb morb|benga|1309\n|player|p2|drive stone|cilan|1406\n|gen|9\n|tier|[Gen 9] VGC 2026 Reg I\n|rated|\n|rule|Species Clause: Limit one of each Pok\u00e9mon\n|rule|Item Clause: Limit 1 of each item\n|clearpoke\n|poke|p1|Chien-Pao, L50|\n|poke|p1|Dragonite, L50, M|\n|poke|p1|Zamazenta-*, L50|\n|poke|p1|Calyrex-Shadow, L50|\n|poke|p1|Incineroar, L50, F|\n|poke|p1|Tornadus, L50, M|\n|poke|p2|Calyrex-Shadow, L50|\n|poke|p2|Zacian-*, L50|\n|poke|p2|Urshifu-*, L50, M|\n|poke|p2|Tornadus, L50, M|\n|poke|p2|Landorus, L50, M|\n|poke|p2|Incineroar, L50, F|\n|teampreview|4\n|\n|t:|1773305368\n|teamsize|p1|4\n|teamsize|p2|4\n|start\n|switch|p1a: Chien-Pao|Chien-Pao, L50|100/100\n|switch|p1b: Zamazenta|Zamazenta-Crowned, L50|100/100\n|switch|p2a: Urshifu|Urshifu-Rapid-Strike, L50, M|100/100\n|switch|p2b: Tornadus|Tornadus, L50, M|100/100\n|-ability|p1a: Chien-Pao|Sword of Ruin\n|-ability|p1b: Zamazenta|Dauntless Shield|boost\n|-boost|p1b: Zamazenta|def|1\n|turn|1\n|\n|t:|1773305386\n|-terastallize|p1b: Zamazenta|Grass\n|move|p2a: Urshifu|Detect|p2a: Urshifu\n|-singleturn|p2a: Urshifu|Protect\n|move|p2b: Tornadus|Tailwind|p2b: Tornadus\n|-sidestart|p2: drive stone|move: Tailwind\n|move|p1a: Chien-Pao|Ice Spinner|p2b: Tornadus\n|-supereffective|p2b: Tornadus\n|-damage|p2b: Tornadus|0 fnt\n|faint|p2b: Tornadus\n|move|p1b: Zamazenta|Behemoth Bash|p2a: Urshifu\n|-activate|p2a: Urshifu|move: Protect\n|\n|upkeep\n|\n|t:|1773305403\n|switch|p2b: Calyrex|Calyrex-Shadow, L50|100/100\n|-ability|p2b: Calyrex|As One\n|-ability|p2b: Calyrex|Unnerve\n|turn|2\n|\n|t:|1773305412\n|move|p1a: Chien-Pao|Sucker Punch||[still]\n|-fail|p1a: Chien-Pao\n|move|p2b: Calyrex|Encore|p1b: Zamazenta\n|-start|p1b: Zamazenta|Encore\n|move|p2a: Urshifu|Surging Strikes|p1a: Chien-Pao\n|-crit|p1a: Chien-Pao\n|-damage|p1a: Chien-Pao|64/100\n|-crit|p1a: Chien-Pao\n|-damage|p1a: Chien-Pao|33/100\n|-crit|p1a: Chien-Pao\n|-damage|p1a: Chien-Pao|0 fnt\n|faint|p1a: Chien-Pao\n|-hitcount|p1: Chien-Pao|3\n|move|p1b: Zamazenta|Behemoth Bash|p2a: Urshifu\n|-resisted|p2a: Urshifu\n|-damage|p2a: Urshifu|80/100\n|\n|upkeep\n|\n|t:|1773305418\n|switch|p1a: Tornadus|Tornadus, L50, M|100/100\n|turn|3\n|\n|t:|1773305439\n|move|p1a: Tornadus|Tailwind|p1a: Tornadus\n|-sidestart|p1: florb morb|move: Tailwind\n|move|p2b: Calyrex|Disable|p1b: Zamazenta\n|-start|p1b: Zamazenta|Disable|Behemoth Bash\n|cant|p1b: Zamazenta|Disable|Behemoth Bash\n|move|p2a: Urshifu|Surging Strikes|p1a: Tornadus\n|-crit|p1a: Tornadus\n|-damage|p1a: Tornadus|61/100\n|-crit|p1a: Tornadus\n|-damage|p1a: Tornadus|24/100\n|-crit|p1a: Tornadus\n|-damage|p1a: Tornadus|0 fnt\n|faint|p1a: Tornadus\n|-hitcount|p1: Tornadus|3\n|\n|upkeep\n|\n|t:|1773305443\n|switch|p1a: Calyrex|Calyrex-Shadow, L50|100/100\n|-ability|p1a: Calyrex|As One\n|-ability|p1a: Calyrex|Unnerve\n|turn|4\n|\n|t:|1773305460\n|-terastallize|p2b: Calyrex|Ghost\n|move|p2b: Calyrex|Astral Barrage|p1b: Zamazenta|[spread] p1a,p1b\n|-supereffective|p1a: Calyrex\n|-crit|p1a: Calyrex\n|-damage|p1a: Calyrex|0 fnt\n|-damage|p1b: Zamazenta|59/100\n|faint|p1a: Calyrex\n|-ability|p2b: Calyrex|Grim Neigh|boost\n|-boost|p2b: Calyrex|spa|1\n|-activate|p1b: Zamazenta|move: Struggle\n|move|p1b: Zamazenta|Struggle|p2b: Calyrex\n|-damage|p2b: Calyrex|83/100\n|-damage|p1b: Zamazenta|33/100|[from] recoil\n|move|p2a: Urshifu|Surging Strikes|p1b: Zamazenta\n|-resisted|p1b: Zamazenta\n|-crit|p1b: Zamazenta\n|-damage|p1b: Zamazenta|26/100\n|-resisted|p1b: Zamazenta\n|-crit|p1b: Zamazenta\n|-damage|p1b: Zamazenta|18/100\n|-resisted|p1b: Zamazenta\n|-crit|p1b: Zamazenta\n|-damage|p1b: Zamazenta|10/100\n|-hitcount|p1b: Zamazenta|3\n|\n|-end|p1b: Zamazenta|Encore\n|-sideend|p2: drive stone|move: Tailwind\n|upkeep\n|turn|5\n|-message|florb morb forfeited.\n|\n|win|drive stone\n|raw|florb morb's rating: 1309 &rarr; <strong>1294</strong><br />(-15 for losing)\n|raw|drive stone's rating: 1406 &rarr; <strong>1421</strong><br />(+15 for winning)\n|l|\u2606florb morb\n|player|p1|\n|l|\u2606drive stone\n|player|p2|\n","uploadtime":1773305709,"views":17,"formatid":"gen9vgc2026regi","rating":1294,"private":0,"password":null}