{"id":"gen9vgc2026regi-2563316487","format":"[Gen 9] VGC 2026 Reg I","players":["Lcj0071","Jonen"],"log":"|j|\u2606Lcj0071\n|j|\u2606Jonen\n|t:|1774015682\n|gametype|doubles\n|player|p1|Lcj0071|266|1200\n|player|p2|Jonen|medium|1247\n|gen|9\n|tier|[Gen 9] VGC 2026 Reg I\n|rated|\n|rule|Species Clause: Limit one of each Pok\u00e9mon\n|rule|Item Clause: Limit 1 of each item\n|clearpoke\n|poke|p1|Kyogre, L50|\n|poke|p1|Raging Bolt, L50|\n|poke|p1|Tornadus, L50, M|\n|poke|p1|Rillaboom, L50, F|\n|poke|p1|Incineroar, L50, M|\n|poke|p1|Lunala, L50|\n|poke|p2|Groudon, L50|\n|poke|p2|Lunala, L50|\n|poke|p2|Sableye, L50, M|\n|poke|p2|Chi-Yu, L50|\n|poke|p2|Rillaboom, L50, M|\n|poke|p2|Jumpluff, L50, M|\n|teampreview|4\n|\n|t:|1774015717\n|teamsize|p1|4\n|teamsize|p2|4\n|start\n|switch|p1a: Lunala|Lunala, L50, shiny|100/100\n|switch|p1b: Rillaboom|Rillaboom, L50, F|100/100\n|switch|p2a: Lunala|Lunala, L50|100/100\n|switch|p2b: Sableye|Sableye, L50, M|100/100\n|-fieldstart|move: Grassy Terrain|[from] ability: Grassy Surge|[of] p1b: Rillaboom\n|turn|1\n|\n|t:|1774015733\n|-terastallize|p1a: Lunala|Fairy\n|move|p2b: Sableye|Gravity|p2b: Sableye\n|-fieldstart|move: Gravity\n|move|p2a: Lunala|Hypnosis|p1b: Rillaboom\n|-status|p1b: Rillaboom|slp|[from] move: Hypnosis\n|move|p1a: Lunala|Meteor Beam||[still]\n|-prepare|p1a: Lunala|Meteor Beam\n|-boost|p1a: Lunala|spa|1\n|-enditem|p1a: Lunala|Power Herb\n|-anim|p1a: Lunala|Meteor Beam|p2b: Sableye\n|-enditem|p2b: Sableye|Focus Sash\n|-damage|p2b: Sableye|1/100\n|cant|p1b: Rillaboom|slp\n|\n|-heal|p2b: Sableye|7/100|[from] Grassy Terrain\n|upkeep\n|turn|2\n|\n|t:|1774015757\n|-curestatus|p1b: Rillaboom|slp|[msg]\n|move|p1b: Rillaboom|Grassy Glide|p2b: Sableye\n|-damage|p2b: Sableye|0 fnt\n|faint|p2b: Sableye\n|move|p2a: Lunala|Hypnosis|p1a: Lunala\n|-status|p1a: Lunala|slp|[from] move: Hypnosis\n|cant|p1a: Lunala|slp\n|\n|upkeep\n|\n|t:|1774015761\n|switch|p2b: Groudon|Groudon, L50|100/100\n|-weather|SunnyDay|[from] ability: Drought|[of] p2b: Groudon\n|turn|3\n|\n|t:|1774015772\n|switch|p1b: Kyogre|Kyogre, L50, shiny|100/100\n|-weather|RainDance|[from] ability: Drizzle|[of] p1b: Kyogre\n|move|p2a: Lunala|Hypnosis|p1b: Kyogre\n|-status|p1b: Kyogre|slp|[from] move: Hypnosis\n|move|p2b: Groudon|Precipice Blades|p1a: Lunala|[spread] p1a,p1b\n|-damage|p1a: Lunala|70/100 slp\n|-damage|p1b: Kyogre|36/100 slp\n|-damage|p2b: Groudon|91/100|[from] item: Life Orb\n|cant|p1a: Lunala|slp\n|\n|-weather|RainDance|[upkeep]\n|-heal|p2b: Groudon|96/100|[from] Grassy Terrain\n|-heal|p1a: Lunala|76/100 slp|[from] Grassy Terrain\n|-heal|p1b: Kyogre|42/100 slp|[from] Grassy Terrain\n|upkeep\n|turn|4\n|\n|t:|1774015800\n|move|p2a: Lunala|Meteor Beam||[still]\n|-prepare|p2a: Lunala|Meteor Beam\n|-boost|p2a: Lunala|spa|1\n|-enditem|p2a: Lunala|Power Herb\n|-anim|p2a: Lunala|Meteor Beam|p1a: Lunala\n|-damage|p1a: Lunala|30/100 slp\n|move|p2b: Groudon|Substitute|p2b: Groudon\n|-start|p2b: Groudon|Substitute\n|-damage|p2b: Groudon|72/100\n|cant|p1a: Lunala|slp\n|cant|p1b: Kyogre|slp\n|\n|-weather|RainDance|[upkeep]\n|-heal|p2b: Groudon|78/100|[from] Grassy Terrain\n|-heal|p1a: Lunala|36/100 slp|[from] Grassy Terrain\n|-heal|p1b: Kyogre|48/100 slp|[from] Grassy Terrain\n|upkeep\n|turn|5\n|\n|t:|1774015820\n|move|p2a: Lunala|Moongeist Beam|p1a: Lunala\n|-damage|p1a: Lunala|0 fnt\n|faint|p1a: Lunala\n|move|p2b: Groudon|Precipice Blades|p1b: Kyogre\n|-damage|p1b: Kyogre|0 fnt\n|faint|p1b: Kyogre\n|-damage|p2b: Groudon|68/100|[from] item: Life Orb\n|\n|-weather|RainDance|[upkeep]\n|-heal|p2b: Groudon|74/100|[from] Grassy Terrain\n|-fieldend|move: Gravity\n|-fieldend|move: Grassy Terrain\n|upkeep\n|\n|t:|1774015832\n|switch|p1a: Rillaboom|Rillaboom, L50, F|100/100\n|switch|p1b: Incineroar|Incineroar, L50, M, shiny|100/100\n|-fieldstart|move: Grassy Terrain|[from] ability: Grassy Surge|[of] p1a: Rillaboom\n|-ability|p1b: Incineroar|Intimidate|boost\n|-unboost|p2a: Lunala|atk|1\n|-immune|p2b: Groudon\n|turn|6\n|\n|t:|1774015860\n|move|p2a: Lunala|Protect|p2a: Lunala\n|-singleturn|p2a: Lunala|Protect\n|move|p1b: Incineroar|Fake Out|p2b: Groudon\n|-activate|p2b: Groudon|move: Substitute|[damage]\n|move|p2b: Groudon|Precipice Blades|p1a: Rillaboom|[spread] p1b\n|-miss|p2b: Groudon|p1a: Rillaboom\n|-supereffective|p1b: Incineroar\n|-damage|p1b: Incineroar|0 fnt\n|faint|p1b: Incineroar\n|-damage|p2b: Groudon|64/100|[from] item: Life Orb\n|move|p1a: Rillaboom|Wood Hammer|p2b: Groudon\n|-supereffective|p2b: Groudon\n|-end|p2b: Groudon|Substitute\n|-damage|p1a: Rillaboom|96/100|[from] Recoil|[of] p2b: Groudon\n|\n|-weather|RainDance|[upkeep]\n|-heal|p2b: Groudon|70/100|[from] Grassy Terrain\n|-heal|p1a: Rillaboom|100/100|[from] Grassy Terrain\n|upkeep\n|turn|7\n|\n|t:|1774015878\n|move|p2b: Groudon|Protect|p2b: Groudon\n|-singleturn|p2b: Groudon|Protect\n|move|p2a: Lunala|Moongeist Beam|p1a: Rillaboom\n|-damage|p1a: Rillaboom|33/100\n|move|p1a: Rillaboom|Wood Hammer|p2b: Groudon\n|-activate|p2b: Groudon|move: Protect\n|\n|-weather|none\n|-heal|p2b: Groudon|75/100|[from] Grassy Terrain\n|-heal|p1a: Rillaboom|39/100|[from] Grassy Terrain\n|upkeep\n|turn|8\n|inactive|Battle timer is ON: inactive players will automatically lose when time's up. (requested by Jonen)\n|\n|t:|1774015889\n|-terastallize|p2b: Groudon|Fire\n|move|p1a: Rillaboom|Grassy Glide|p2b: Groudon\n|-resisted|p2b: Groudon\n|-damage|p2b: Groudon|61/100\n|move|p2a: Lunala|Moongeist Beam|p1a: Rillaboom\n|-damage|p1a: Rillaboom|0 fnt\n|faint|p1a: Rillaboom\n|\n|win|Jonen\n|raw|Lcj0071's rating: 1200 &rarr; <strong>1178</strong><br />(-22 for losing)\n|raw|Jonen's rating: 1247 &rarr; <strong>1269</strong><br />(+22 for winning)\n","uploadtime":1774015890,"views":10,"formatid":"gen9vgc2026regi","rating":1178,"private":0,"password":null}