{"id":"gen9vgc2026regi-2578611758","format":"[Gen 9] VGC 2026 Reg I","players":["Drumline2OP","jpto5"],"log":"|j|\u2606Drumline2OP\n|j|\u2606jpto5\n|t:|1775695298\n|gametype|doubles\n|player|p1|Drumline2OP|dragontamer|1173\n|player|p2|jpto5|169|1388\n|gen|9\n|tier|[Gen 9] VGC 2026 Reg I\n|rated|\n|rule|Species Clause: Limit one of each Pok\u00e9mon\n|rule|Item Clause: Limit 1 of each item\n|clearpoke\n|poke|p1|Calyrex-Ice, L50|\n|poke|p1|Garganacl, L50, M|\n|poke|p1|Chien-Pao, L50|\n|poke|p1|Rhyperior, L50, F|\n|poke|p1|Enamorus, L50, F|\n|poke|p1|Barraskewda, L50, M|\n|poke|p2|Tornadus, L50, M|\n|poke|p2|Kyogre, L50|\n|poke|p2|Zacian-*, L50|\n|poke|p2|Basculegion, L50, M|\n|poke|p2|Incineroar, L50, F|\n|poke|p2|Archaludon, L50, F|\n|teampreview|4\n|inactive|Battle timer is ON: inactive players will automatically lose when time's up. (requested by jpto5)\n|inactive|Drumline2OP has 60 seconds left.\n|\n|t:|1775695357\n|teamsize|p1|4\n|teamsize|p2|4\n|start\n|switch|p1a: Chien-Pao|Chien-Pao, L50|100/100\n|switch|p1b: Garganacl|Garganacl, L50, M|100/100\n|switch|p2a: Tornadus|Tornadus, L50, M|100/100\n|switch|p2b: Zacian|Zacian-Crowned, L50|100/100\n|-ability|p1a: Chien-Pao|Sword of Ruin\n|-ability|p2b: Zacian|Intrepid Sword|boost\n|-boost|p2b: Zacian|atk|1\n|turn|1\n|\n|t:|1775695373\n|-terastallize|p1b: Garganacl|Ghost\n|move|p2a: Tornadus|Taunt|p1b: Garganacl\n|-start|p1b: Garganacl|move: Taunt\n|move|p1a: Chien-Pao|Ice Spinner|p2a: Tornadus\n|-supereffective|p2a: Tornadus\n|-enditem|p2a: Tornadus|Focus Sash\n|-damage|p2a: Tornadus|1/100\n|move|p2b: Zacian|Behemoth Blade|p1a: Chien-Pao\n|-supereffective|p1a: Chien-Pao\n|-enditem|p1a: Chien-Pao|Focus Sash\n|-damage|p1a: Chien-Pao|1/100\n|cant|p1b: Garganacl|move: Taunt|Iron Defense\n|\n|upkeep\n|turn|2\n|inactive|jpto5 has 30 seconds left.\n|\n|t:|1775695402\n|move|p1a: Chien-Pao|Sucker Punch||[still]\n|-fail|p1a: Chien-Pao\n|move|p2a: Tornadus|Tailwind|p2a: Tornadus\n|-sidestart|p2: jpto5|move: Tailwind\n|move|p2b: Zacian|Behemoth Blade|p1a: Chien-Pao\n|-supereffective|p1a: Chien-Pao\n|-damage|p1a: Chien-Pao|0 fnt\n|faint|p1a: Chien-Pao\n|move|p1b: Garganacl|Salt Cure|p2b: Zacian\n|-resisted|p2b: Zacian\n|-damage|p2b: Zacian|93/100\n|-start|p2b: Zacian|Salt Cure\n|\n|-damage|p2b: Zacian|69/100|[from] Salt Cure\n|upkeep\n|\n|t:|1775695413\n|switch|p1a: Rhyperior|Rhyperior, L50, F|100/100\n|turn|3\n|\n|t:|1775695427\n|move|p2b: Zacian|Behemoth Blade|p1a: Rhyperior\n|-supereffective|p1a: Rhyperior\n|-damage|p1a: Rhyperior|0 fnt\n|faint|p1a: Rhyperior\n|move|p2a: Tornadus|Bleakwind Storm|p1b: Garganacl\n|-damage|p1b: Garganacl|65/100\n|move|p1b: Garganacl|Salt Cure|p2a: Tornadus\n|-supereffective|p2a: Tornadus\n|-damage|p2a: Tornadus|0 fnt\n|faint|p2a: Tornadus\n|\n|-heal|p1b: Garganacl|71/100|[from] item: Leftovers\n|-damage|p2b: Zacian|44/100|[from] Salt Cure\n|-end|p1b: Garganacl|move: Taunt\n|upkeep\n|\n|t:|1775695437\n|switch|p2a: Kyogre|Kyogre, L50|100/100\n|switch|p1a: Barraskewda|Barraskewda, L50, M|100/100\n|-weather|RainDance|[from] ability: Drizzle|[of] p2a: Kyogre\n|turn|4\n|\n|t:|1775695449\n|switch|p2b: Archaludon|Archaludon, L50, F|100/100\n|move|p1b: Garganacl|Wide Guard|p1b: Garganacl\n|-singleturn|p1b: Garganacl|Wide Guard\n|move|p2a: Kyogre|Thunder|p1a: Barraskewda\n|-supereffective|p1a: Barraskewda\n|-damage|p1a: Barraskewda|0 fnt\n|faint|p1a: Barraskewda\n|\n|-weather|RainDance|[upkeep]\n|-heal|p1b: Garganacl|77/100|[from] item: Leftovers\n|upkeep\n|turn|5\n|\n|t:|1775695470\n|move|p2b: Archaludon|Electro Shot||[still]\n|-prepare|p2b: Archaludon|Electro Shot\n|-boost|p2b: Archaludon|spa|1\n|-anim|p2b: Archaludon|Electro Shot|p1b: Garganacl\n|-damage|p1b: Garganacl|36/100\n|move|p2a: Kyogre|Water Spout|p1b: Garganacl\n|-damage|p1b: Garganacl|0 fnt\n|faint|p1b: Garganacl\n|\n|win|jpto5\n|raw|Drumline2OP's rating: 1173 &rarr; <strong>1162</strong><br />(-11 for losing)\n|raw|jpto5's rating: 1388 &rarr; <strong>1397</strong><br />(+9 for winning)\n|l|\u2606Drumline2OP\n|player|p1|\n|l|\u2606jpto5\n|player|p2|\n","uploadtime":1775695700,"views":11,"formatid":"gen9vgc2026regi","rating":1162,"private":0,"password":null}