{"id":"gen9vgc2026regi-2552160943","format":"[Gen 9] VGC 2026 Reg I","players":["ScribbleScribble","MengMengZi"],"log":"|j|\u2606ScribbleScribble\n|j|\u203dMengMengZi\n|t:|1772682769\n|gametype|doubles\n|player|p1|ScribbleScribble|mina-lgpe|1507\n|player|p2|MengMengZi|n|1431\n|gen|9\n|tier|[Gen 9] VGC 2026 Reg I\n|rated|\n|rule|Species Clause: Limit one of each Pok\u00e9mon\n|rule|Item Clause: Limit 1 of each item\n|clearpoke\n|poke|p1|Calyrex-Ice, L50|\n|poke|p1|Kyogre, L50|\n|poke|p1|Tornadus, L50, M|\n|poke|p1|Indeedee-F, L50, F|\n|poke|p1|Landorus, L50, M|\n|poke|p1|Urshifu-*, L50, M|\n|poke|p2|Walking Wake, L50|\n|poke|p2|Maushold-Four, L50|\n|poke|p2|Koraidon, L50|\n|poke|p2|Tornadus, L50, M|\n|poke|p2|Calyrex-Shadow, L50|\n|poke|p2|Grimmsnarl, L50, M|\n|teampreview|4\n|inactive|Battle timer is ON: inactive players will automatically lose when time's up. (requested by ScribbleScribble)\n|inactive|MengMengZi has 60 seconds left.\n|inactive|MengMengZi has 30 seconds left.\n|inactive|MengMengZi has 20 seconds left.\n|inactive|MengMengZi has 15 seconds left.\n|inactive|MengMengZi has 10 seconds left.\n|inactive|MengMengZi has 5 seconds left.\n|\n|t:|1772682855\n|teamsize|p1|4\n|teamsize|p2|4\n|start\n|switch|p1a: Tornadus|Tornadus, L50, M|100/100\n|switch|p1b: Urshifu|Urshifu-Rapid-Strike, L50, M|100/100\n|switch|p2a: Maushold|Maushold-Four, L50, shiny|100/100\n|switch|p2b: Koraidon|Koraidon, L50, shiny|100/100\n|-weather|SunnyDay|[from] ability: Orichalcum Pulse|[of] p2b: Koraidon\n|-activate|p2b: Koraidon|Orichalcum Pulse|[source]\n|turn|1\n|inactive|MengMengZi has 30 seconds left.\n|\n|t:|1772682882\n|move|p2a: Maushold|Helping Hand|p2b: Koraidon\n|-singleturn|p2b: Koraidon|Helping Hand|[of] p2a: Maushold\n|move|p1a: Tornadus|Rain Dance|p1a: Tornadus\n|-weather|RainDance\n|move|p2b: Koraidon|Flame Charge|p1b: Urshifu\n|-resisted|p1b: Urshifu\n|-damage|p1b: Urshifu|94/100\n|-boost|p2b: Koraidon|spe|1\n|move|p1b: Urshifu|Surging Strikes|p2a: Maushold\n|-crit|p2a: Maushold\n|-damage|p2a: Maushold|51/100\n|-crit|p2a: Maushold\n|-damage|p2a: Maushold|3/100\n|-crit|p2a: Maushold\n|-damage|p2a: Maushold|0 fnt\n|faint|p2a: Maushold\n|-hitcount|p2: Maushold|3\n|\n|-weather|RainDance|[upkeep]\n|upkeep\n|inactive|MengMengZi has 30 seconds left.\n|\n|t:|1772682908\n|switch|p2a: Tornadus|Tornadus, L50, M, shiny|100/100\n|turn|2\n|inactive|ScribbleScribble has 30 seconds left.\n|\n|t:|1772682936\n|move|p1a: Tornadus|Tailwind|p1a: Tornadus\n|-sidestart|p1: ScribbleScribble|move: Tailwind\n|move|p2a: Tornadus|Tailwind|p2a: Tornadus\n|-sidestart|p2: MengMengZi|move: Tailwind\n|move|p2b: Koraidon|Close Combat|p1b: Urshifu\n|-damage|p1b: Urshifu|29/100\n|-unboost|p2b: Koraidon|def|1\n|-unboost|p2b: Koraidon|spd|1\n|move|p1b: Urshifu|Surging Strikes|p2a: Tornadus\n|-crit|p2a: Tornadus\n|-damage|p2a: Tornadus|56/100\n|-crit|p2a: Tornadus\n|-damage|p2a: Tornadus|7/100\n|-crit|p2a: Tornadus\n|-damage|p2a: Tornadus|0 fnt\n|faint|p2a: Tornadus\n|-hitcount|p2: Tornadus|3\n|\n|-weather|RainDance|[upkeep]\n|upkeep\n|\n|t:|1772682959\n|switch|p2a: Calyrex|Calyrex-Shadow, L50|100/100\n|-ability|p2a: Calyrex|As One\n|-ability|p2a: Calyrex|Unnerve\n|turn|3\n|inactive|ScribbleScribble has 30 seconds left.\n|\n|t:|1772682990\n|move|p2b: Koraidon|Flame Charge|p1a: Tornadus\n|-damage|p1a: Tornadus|85/100\n|-boost|p2b: Koraidon|spe|1\n|move|p2a: Calyrex|Astral Barrage|p1b: Urshifu|[spread] p1a,p1b\n|-damage|p1a: Tornadus|0 fnt\n|-damage|p1b: Urshifu|0 fnt\n|faint|p1a: Tornadus\n|faint|p1b: Urshifu\n|-ability|p2a: Calyrex|Grim Neigh|boost\n|-boost|p2a: Calyrex|spa|2\n|\n|-weather|RainDance|[upkeep]\n|upkeep\n|\n|t:|1772682992\n|switch|p1a: Kyogre|Kyogre, L50|100/100\n|switch|p1b: Calyrex|Calyrex-Ice, L50|100/100\n|-ability|p1b: Calyrex|As One\n|-ability|p1b: Calyrex|Unnerve\n|turn|4\n|inactive|MengMengZi has 30 seconds left.\n|inactive|MengMengZi has 20 seconds left.\n|\n|t:|1772683028\n|-terastallize|p1b: Calyrex|Grass\n|move|p1a: Kyogre|Protect|p1a: Kyogre\n|-singleturn|p1a: Kyogre|Protect\n|move|p2b: Koraidon|Close Combat|p1b: Calyrex\n|-damage|p1b: Calyrex|58/100\n|-unboost|p2b: Koraidon|def|1\n|-unboost|p2b: Koraidon|spd|1\n|move|p2a: Calyrex|Astral Barrage|p1a: Kyogre|[spread] p1b\n|-activate|p1a: Kyogre|move: Protect\n|-damage|p1b: Calyrex|0 fnt\n|faint|p1b: Calyrex\n|-ability|p2a: Calyrex|Grim Neigh|boost\n|-boost|p2a: Calyrex|spa|1\n|\n|-weather|RainDance|[upkeep]\n|upkeep\n|turn|5\n|-message|ScribbleScribble forfeited.\n|\n|win|MengMengZi\n|raw|ScribbleScribble's rating: 1534 &rarr; <strong>1508</strong><br />(-26 for losing)\n|raw|MengMengZi's rating: 1431 &rarr; <strong>1457</strong><br />(+26 for winning)\n|l|\u2606ScribbleScribble\n|player|p1|\n|l|\u203dMengMengZi\n|player|p2|\n","uploadtime":1772683282,"views":19,"formatid":"gen9vgc2026regi","rating":1457,"private":0,"password":null}