{"id":"gen9vgc2026regi-2573106575","format":"[Gen 9] VGC 2026 Reg I","players":["Maphoo","BossKingE"],"log":"|j|\u2606Maphoo\n|j|\u2606BossKingE\n|t:|1775091331\n|gametype|doubles\n|player|p1|Maphoo|101|1395\n|player|p2|BossKingE|red|1412\n|gen|9\n|tier|[Gen 9] VGC 2026 Reg I\n|rated|\n|rule|Species Clause: Limit one of each Pok\u00e9mon\n|rule|Item Clause: Limit 1 of each item\n|clearpoke\n|poke|p1|Lunala, L50|\n|poke|p1|Indeedee-F, L50, F|\n|poke|p1|Roaring Moon, L50|\n|poke|p1|Kyogre, L50|\n|poke|p1|Ursaluna, L50, M|\n|poke|p1|Ogerpon, L50, F|\n|poke|p2|Tornadus, L50, M|\n|poke|p2|Koraidon, L50|\n|poke|p2|Calyrex-Shadow, L50|\n|poke|p2|Raging Bolt, L50|\n|poke|p2|Brute Bonnet, L50|\n|poke|p2|Flutter Mane, L50|\n|teampreview|4\n|inactive|Battle timer is ON: inactive players will automatically lose when time's up. (requested by BossKingE)\n|inactive|Maphoo has 60 seconds left.\n|\n|t:|1775091384\n|teamsize|p1|4\n|teamsize|p2|4\n|start\n|switch|p1a: Lunala|Lunala, L50, shiny|100/100\n|switch|p1b: Indeedee|Indeedee-F, L50, F, shiny|100/100\n|switch|p2a: Custom Ink|Brute Bonnet, L50, shiny|100/100\n|switch|p2b: Gildan|Raging Bolt, L50|100/100\n|-fieldstart|move: Psychic Terrain|[from] ability: Psychic Surge|[of] p1b: Indeedee\n|-enditem|p1b: Indeedee|Psychic Seed\n|-boost|p1b: Indeedee|spd|1|[from] item: Psychic Seed\n|turn|1\n|inactive|Maphoo has 30 seconds left.\n|inactive|BossKingE has 30 seconds left.\n|\n|t:|1775091415\n|switch|p1a: Ursaluna|Ursaluna, L50, M, shiny|100/100\n|-terastallize|p1b: Indeedee|Grass\n|move|p2b: Gildan|Snarl|p1a: Ursaluna|[spread] p1a,p1b\n|-damage|p1a: Ursaluna|85/100\n|-damage|p1b: Indeedee|90/100\n|-unboost|p1a: Ursaluna|spa|1\n|-unboost|p1b: Indeedee|spa|1\n|move|p2a: Custom Ink|Spore|p1a: Ursaluna\n|-status|p1a: Ursaluna|slp|[from] move: Spore\n|move|p1b: Indeedee|Trick Room|p1b: Indeedee\n|-fieldstart|move: Trick Room|[of] p1b: Indeedee\n|\n|upkeep\n|turn|2\n|inactive|Maphoo has 30 seconds left.\n|\n|t:|1775091442\n|cant|p1a: Ursaluna|slp\n|move|p2a: Custom Ink|Seed Bomb|p1a: Ursaluna\n|-supereffective|p1a: Ursaluna\n|-damage|p1a: Ursaluna|35/100 slp\n|move|p2b: Gildan|Snarl|p1b: Indeedee|[spread] p1a,p1b\n|-damage|p1a: Ursaluna|22/100 slp\n|-damage|p1b: Indeedee|80/100\n|-unboost|p1a: Ursaluna|spa|1\n|-unboost|p1b: Indeedee|spa|1\n|move|p1b: Indeedee|Alluring Voice|p2a: Custom Ink\n|-supereffective|p2a: Custom Ink\n|-damage|p2a: Custom Ink|84/100\n|\n|upkeep\n|turn|3\n|\n|t:|1775091460\n|move|p1b: Indeedee|Follow Me|p1b: Indeedee\n|-singleturn|p1b: Indeedee|move: Follow Me\n|cant|p1a: Ursaluna|slp\n|move|p2a: Custom Ink|Seed Bomb|p1b: Indeedee\n|-resisted|p1b: Indeedee\n|-damage|p1b: Indeedee|65/100\n|move|p2b: Gildan|Dragon Pulse|p1b: Indeedee\n|-damage|p1b: Indeedee|34/100\n|\n|upkeep\n|turn|4\n|inactive|BossKingE has 30 seconds left.\n|\n|t:|1775091491\n|-end|p2a: Custom Ink|Protosynthesis|[silent]\n|switch|p2a: US Polo Assn|Tornadus, L50, M, shiny|100/100\n|move|p1b: Indeedee|Follow Me|p1b: Indeedee\n|-singleturn|p1b: Indeedee|move: Follow Me\n|-curestatus|p1a: Ursaluna|slp|[msg]\n|move|p1a: Ursaluna|Headlong Rush|p2b: Gildan\n|-supereffective|p2b: Gildan\n|-crit|p2b: Gildan\n|-damage|p2b: Gildan|0 fnt\n|-unboost|p1a: Ursaluna|def|1\n|-unboost|p1a: Ursaluna|spd|1\n|faint|p2b: Gildan\n|-end|p2b: Gildan|Protosynthesis|[silent]\n|\n|-status|p1a: Ursaluna|brn|[from] item: Flame Orb\n|upkeep\n|\n|t:|1775091501\n|switch|p2b: Custom Ink|Brute Bonnet, L50, shiny|84/100\n|turn|5\n|\n|t:|1775091511\n|move|p1b: Indeedee|Helping Hand|p1a: Ursaluna\n|-singleturn|p1a: Ursaluna|Helping Hand|[of] p1b: Indeedee\n|move|p2b: Custom Ink|Rage Powder|p2b: Custom Ink\n|-singleturn|p2b: Custom Ink|move: Rage Powder\n|move|p1a: Ursaluna|Facade|p2b: Custom Ink\n|-damage|p2b: Custom Ink|0 fnt\n|faint|p2b: Custom Ink\n|-end|p2b: Custom Ink|Protosynthesis|[silent]\n|move|p2a: US Polo Assn|Bleakwind Storm|p1a: Ursaluna|[spread] p1a,p1b\n|-supereffective|p1b: Indeedee\n|-damage|p1a: Ursaluna|0 fnt\n|-damage|p1b: Indeedee|0 fnt\n|faint|p1a: Ursaluna\n|faint|p1b: Indeedee\n|\n|-fieldend|move: Trick Room\n|-fieldend|move: Psychic Terrain\n|upkeep\n|\n|t:|1775091528\n|switch|p1b: Kyogre|Kyogre, L50, shiny|100/100\n|switch|p2b: Nike Tech|Koraidon, L50|100/100\n|switch|p1a: Lunala|Lunala, L50, shiny|100/100\n|-weather|SunnyDay|[from] ability: Orichalcum Pulse|[of] p2b: Nike Tech\n|-activate|p2b: Nike Tech|Orichalcum Pulse|[source]\n|-weather|RainDance|[from] ability: Drizzle|[of] p1b: Kyogre\n|turn|6\n|\n|t:|1775091552\n|-terastallize|p2b: Nike Tech|Fire\n|move|p2a: US Polo Assn|Sunny Day|p2a: US Polo Assn\n|-weather|SunnyDay\n|move|p2b: Nike Tech|Low Kick|p1b: Kyogre\n|-damage|p1b: Kyogre|15/100\n|move|p1a: Lunala|Expanding Force|p2b: Nike Tech\n|-damage|p2b: Nike Tech|51/100\n|move|p1b: Kyogre|Origin Pulse|p2b: Nike Tech|[spread] p2a,p2b\n|-supereffective|p2b: Nike Tech\n|-damage|p2a: US Polo Assn|59/100\n|-damage|p2b: Nike Tech|0 fnt\n|faint|p2b: Nike Tech\n|\n|-weather|SunnyDay|[upkeep]\n|upkeep\n|turn|7\n|\n|t:|1775091571\n|move|p1a: Lunala|Wide Guard|p1a: Lunala\n|-singleturn|p1a: Lunala|Wide Guard\n|move|p2a: US Polo Assn|Bleakwind Storm|p1b: Kyogre|[spread] \n|-activate|p1a: Lunala|move: Wide Guard\n|-activate|p1b: Kyogre|move: Wide Guard\n|move|p1b: Kyogre|Hydro Pump|p2a: US Polo Assn|[miss]\n|-miss|p1b: Kyogre|p2a: US Polo Assn\n|\n|-weather|SunnyDay|[upkeep]\n|upkeep\n|turn|8\n|\n|t:|1775091584\n|move|p1a: Lunala|Wide Guard|p1a: Lunala\n|-singleturn|p1a: Lunala|Wide Guard\n|move|p2a: US Polo Assn|Taunt|p1a: Lunala\n|-start|p1a: Lunala|move: Taunt\n|move|p1b: Kyogre|Hydro Pump|p2a: US Polo Assn\n|-crit|p2a: US Polo Assn\n|-damage|p2a: US Polo Assn|0 fnt\n|faint|p2a: US Polo Assn\n|\n|win|Maphoo\n|raw|Maphoo's rating: 1395 &rarr; <strong>1416</strong><br />(+21 for winning)\n|raw|BossKingE's rating: 1412 &rarr; <strong>1391</strong><br />(-21 for losing)\n|l|\u2606BossKingE\n|player|p2|\n|l|\u2606Maphoo\n|player|p1|\n","uploadtime":1775091750,"views":11,"formatid":"gen9vgc2026regi","rating":1391,"private":0,"password":null}