{"id":"gen9vgc2026regi-2590697808","format":"[Gen 9] VGC 2026 Reg I","players":["stupid test8","cosmiiicowl"],"log":"|j|\u2606stupid test8\n|j|\u2606cosmiiicowl\n|t:|1776836011\n|gametype|doubles\n|player|p1|stupid test8|170|1434\n|player|p2|cosmiiicowl|265|1332\n|gen|9\n|tier|[Gen 9] VGC 2026 Reg I\n|rated|\n|rule|Species Clause: Limit one of each Pok\u00e9mon\n|rule|Item Clause: Limit 1 of each item\n|clearpoke\n|poke|p1|Calyrex-Ice, L50|\n|poke|p1|Rillaboom, L50, M|\n|poke|p1|Urshifu-*, L50, F|\n|poke|p1|Lugia, L50|\n|poke|p1|Smeargle, L50, F|\n|poke|p1|Weezing-Galar, L50, M|\n|poke|p2|Calyrex-Ice, L50|\n|poke|p2|Miraidon, L50|\n|poke|p2|Urshifu-*, L50, M|\n|poke|p2|Incineroar, L50, M|\n|poke|p2|Landorus, L50, M|\n|poke|p2|Chien-Pao, L50|\n|teampreview|4\n|inactive|Battle timer is ON: inactive players will automatically lose when time's up. (requested by cosmiiicowl)\n|\n|t:|1776836053\n|teamsize|p1|4\n|teamsize|p2|4\n|start\n|switch|p1a: Calyrex|Calyrex-Ice, L50|100/100\n|switch|p1b: Rillaboom|Rillaboom, L50, M|100/100\n|switch|p2a: Incineroar|Incineroar, L50, M|100/100\n|switch|p2b: Calyrex|Calyrex-Ice, L50|100/100\n|-ability|p1a: Calyrex|As One\n|-ability|p1a: Calyrex|Unnerve\n|-ability|p2b: Calyrex|As One\n|-ability|p2b: Calyrex|Unnerve\n|-fieldstart|move: Grassy Terrain|[from] ability: Grassy Surge|[of] p1b: Rillaboom\n|-enditem|p1b: Rillaboom|Grassy Seed\n|-boost|p1b: Rillaboom|def|1|[from] item: Grassy Seed\n|-ability|p2a: Incineroar|Intimidate|boost\n|-unboost|p1a: Calyrex|atk|1\n|-unboost|p1b: Rillaboom|atk|1\n|turn|1\n|\n|t:|1776836074\n|-terastallize|p1a: Calyrex|Ghost\n|move|p1a: Calyrex|Imprison|p1a: Calyrex\n|-start|p1a: Calyrex|move: Imprison\n|move|p1b: Rillaboom|Swords Dance|p1b: Rillaboom\n|-boost|p1b: Rillaboom|atk|2\n|move|p2a: Incineroar|Flare Blitz|p1b: Rillaboom\n|-supereffective|p1b: Rillaboom\n|-damage|p1b: Rillaboom|47/100\n|-damage|p2a: Incineroar|82/100|[from] Recoil\n|cant|p2b: Calyrex|move: Imprison|Glacial Lance\n|\n|-heal|p1b: Rillaboom|53/100|[from] Grassy Terrain\n|-heal|p2a: Incineroar|88/100|[from] Grassy Terrain\n|upkeep\n|turn|2\n|inactive|cosmiiicowl has 30 seconds left.\n|\n|t:|1776836101\n|move|p2b: Calyrex|Protect|p2b: Calyrex\n|-singleturn|p2b: Calyrex|Protect\n|move|p1a: Calyrex|Glacial Lance|p2a: Incineroar|[spread] p2a\n|-activate|p2b: Calyrex|move: Protect\n|-resisted|p2a: Incineroar\n|-damage|p2a: Incineroar|76/100\n|move|p1b: Rillaboom|High Horsepower|p2a: Incineroar\n|-supereffective|p2a: Incineroar\n|-damage|p2a: Incineroar|8/100\n|move|p2a: Incineroar|Flare Blitz|p1b: Rillaboom\n|-supereffective|p1b: Rillaboom\n|-damage|p1b: Rillaboom|0 fnt\n|faint|p1b: Rillaboom\n|-damage|p2a: Incineroar|0 fnt|[from] Recoil\n|faint|p2a: Incineroar\n|\n|upkeep\n|\n|t:|1776836120\n|switch|p1b: Weezing|Weezing-Galar, L50, M|100/100\n|switch|p2a: Miraidon|Miraidon, L50|100/100\n|-ability|p1b: Weezing|Neutralizing Gas\n|turn|3\n|\n|t:|1776836141\n|move|p2a: Miraidon|Electro Drift|p1a: Calyrex\n|-damage|p1a: Calyrex|47/100\n|move|p1b: Weezing|Aromatic Mist|p1a: Calyrex\n|-boost|p1a: Calyrex|spd|1\n|move|p2b: Calyrex|High Horsepower|p1b: Weezing\n|-supereffective|p1b: Weezing\n|-damage|p1b: Weezing|33/100\n|-damage|p2b: Calyrex|84/100|[from] item: Rocky Helmet|[of] p1b: Weezing\n|move|p1a: Calyrex|Trick Room|p1a: Calyrex\n|-fieldstart|move: Trick Room|[of] p1a: Calyrex\n|\n|-heal|p2b: Calyrex|90/100|[from] Grassy Terrain\n|-heal|p2b: Calyrex|96/100|[from] item: Leftovers\n|-heal|p1b: Weezing|39/100|[from] Grassy Terrain\n|-heal|p1a: Calyrex|53/100|[from] Grassy Terrain\n|upkeep\n|turn|4\n|inactive|stupid test8 has 30 seconds left.\n|\n|t:|1776836166\n|-terastallize|p2a: Miraidon|Fairy\n|move|p1b: Weezing|Protect|p1b: Weezing\n|-singleturn|p1b: Weezing|Protect\n|move|p2b: Calyrex|High Horsepower|p1b: Weezing\n|-activate|p1b: Weezing|move: Protect\n|move|p1a: Calyrex|Glacial Lance|p2b: Calyrex|[spread] p2a,p2b\n|-resisted|p2b: Calyrex\n|-damage|p2a: Miraidon|72/100\n|-damage|p2b: Calyrex|86/100\n|move|p2a: Miraidon|Electro Drift|p1a: Calyrex\n|-damage|p1a: Calyrex|18/100\n|\n|-heal|p2b: Calyrex|92/100|[from] Grassy Terrain\n|-heal|p2b: Calyrex|98/100|[from] item: Leftovers\n|-heal|p1b: Weezing|45/100|[from] Grassy Terrain\n|-heal|p1a: Calyrex|24/100|[from] Grassy Terrain\n|-heal|p2a: Miraidon|78/100|[from] Grassy Terrain\n|upkeep\n|turn|5\n|\n|t:|1776836190\n|move|p2b: Calyrex|High Horsepower|p1b: Weezing\n|-supereffective|p1b: Weezing\n|-damage|p1b: Weezing|0 fnt\n|-damage|p2b: Calyrex|82/100|[from] item: Rocky Helmet|[of] p1b: Weezing\n|faint|p1b: Weezing\n|-end|p1b: Weezing|ability: Neutralizing Gas\n|-fieldstart|move: Electric Terrain|[from] ability: Hadron Engine|[of] p2a: Miraidon\n|-ability|p2b: Calyrex|Chilling Neigh|boost\n|-boost|p2b: Calyrex|atk|1\n|move|p1a: Calyrex|Glacial Lance|p2b: Calyrex|[spread] p2a,p2b\n|-resisted|p2b: Calyrex\n|-damage|p2a: Miraidon|50/100\n|-damage|p2b: Calyrex|72/100\n|move|p2a: Miraidon|Electro Drift|p1a: Calyrex\n|-damage|p1a: Calyrex|0 fnt\n|faint|p1a: Calyrex\n|\n|-heal|p2b: Calyrex|78/100|[from] item: Leftovers\n|upkeep\n|-message|stupid test8 forfeited.\n|\n|win|cosmiiicowl\n|raw|stupid test8's rating: 1434 &rarr; <strong>1408</strong><br />(-26 for losing)\n|raw|cosmiiicowl's rating: 1332 &rarr; <strong>1358</strong><br />(+26 for winning)\n|l|\u2606stupid test8\n|player|p1|\n|l|\u2606cosmiiicowl\n|player|p2|\n","uploadtime":1776836374,"views":9,"formatid":"gen9vgc2026regi","rating":1358,"private":0,"password":null}