{"id":"gen9vgc2026regi-2536562930","format":"[Gen 9] VGC 2026 Reg I","players":["Gene10","yubanmeiqin\u7802\u4e4b\u884c\u661f"],"log":"|j|\u2606Gene10\n|j|\u2606yubanmeiqin\u7802\u4e4b\u884c\u661f\n|t:|1770706081\n|gametype|doubles\n|player|p1|Gene10|2|1380\n|player|p2|yubanmeiqin\u7802\u4e4b\u884c\u661f|iono-masters|1324\n|gen|9\n|tier|[Gen 9] VGC 2026 Reg I\n|rated|\n|rule|Species Clause: Limit one of each Pok\u00e9mon\n|rule|Item Clause: Limit 1 of each item\n|clearpoke\n|poke|p1|Calyrex-Ice, L50|\n|poke|p1|Miraidon, L50|\n|poke|p1|Grimmsnarl, L50, M|\n|poke|p1|Urshifu-*, L50, F|\n|poke|p1|Incineroar, L50, M|\n|poke|p1|Landorus, L50, M|\n|poke|p2|Zacian-*, L50|\n|poke|p2|Kyogre, L50|\n|poke|p2|Amoonguss, L50, F|\n|poke|p2|Incineroar, L50, F|\n|poke|p2|Urshifu-*, L50, M|\n|poke|p2|Iron Jugulis, L50|\n|teampreview|4\n|inactive|Battle timer is ON: inactive players will automatically lose when time's up. (requested by Gene10)\n|inactive|Gene10 has 60 seconds left.\n|inactive|Gene10 has 30 seconds left.\n|inactive|Gene10 has 20 seconds left.\n|inactive|Gene10 has 15 seconds left.\n|inactive|Gene10 has 10 seconds left.\n|inactive|Gene10 has 5 seconds left.\n|\n|t:|1770706167\n|teamsize|p1|4\n|teamsize|p2|4\n|start\n|switch|p1a: Miraidon|Miraidon, L50|100/100\n|switch|p1b: Grimmsnarl|Grimmsnarl, L50, M|100/100\n|switch|p2a: \u9a6c\u5243\u5929\u7231\u661f|Kyogre, L50, shiny|100/100\n|switch|p2b: \u6211\u559c\u6b22\u4f60|Amoonguss, L50, F|100/100\n|-fieldstart|move: Electric Terrain|[from] ability: Hadron Engine|[of] p1a: Miraidon\n|-weather|RainDance|[from] ability: Drizzle|[of] p2a: \u9a6c\u5243\u5929\u7231\u661f\n|turn|1\n|inactive|yubanmeiqin\u7802\u4e4b\u884c\u661f has 30 seconds left.\n|\n|t:|1770706198\n|move|p2b: \u6211\u559c\u6b22\u4f60|Protect|p2b: \u6211\u559c\u6b22\u4f60\n|-singleturn|p2b: \u6211\u559c\u6b22\u4f60|Protect\n|move|p1b: Grimmsnarl|Light Screen|p1b: Grimmsnarl\n|-sidestart|p1: Gene10|move: Light Screen\n|move|p1a: Miraidon|Dazzling Gleam|p2b: \u6211\u559c\u6b22\u4f60|[spread] p2a\n|-activate|p2b: \u6211\u559c\u6b22\u4f60|move: Protect\n|-damage|p2a: \u9a6c\u5243\u5929\u7231\u661f|81/100\n|move|p2a: \u9a6c\u5243\u5929\u7231\u661f|Water Spout|p1a: Miraidon|[spread] p1a,p1b\n|-resisted|p1a: Miraidon\n|-damage|p1a: Miraidon|83/100\n|-damage|p1b: Grimmsnarl|58/100\n|\n|-weather|RainDance|[upkeep]\n|upkeep\n|turn|2\n|\n|t:|1770706216\n|-terastallize|p2a: \u9a6c\u5243\u5929\u7231\u661f|Electric\n|move|p1b: Grimmsnarl|Thunder Wave|p2a: \u9a6c\u5243\u5929\u7231\u661f\n|-immune|p2a: \u9a6c\u5243\u5929\u7231\u661f\n|move|p1a: Miraidon|Dazzling Gleam|p2a: \u9a6c\u5243\u5929\u7231\u661f|[spread] p2a,p2b\n|-resisted|p2b: \u6211\u559c\u6b22\u4f60\n|-damage|p2a: \u9a6c\u5243\u5929\u7231\u661f|63/100\n|-damage|p2b: \u6211\u559c\u6b22\u4f60|85/100\n|move|p2a: \u9a6c\u5243\u5929\u7231\u661f|Water Spout|p1a: Miraidon|[spread] p1a,p1b\n|-resisted|p1a: Miraidon\n|-crit|p1a: Miraidon\n|-damage|p1a: Miraidon|51/100\n|-damage|p1b: Grimmsnarl|21/100\n|move|p2b: \u6211\u559c\u6b22\u4f60|Pollen Puff|p2a: \u9a6c\u5243\u5929\u7231\u661f\n|-heal|p2a: \u9a6c\u5243\u5929\u7231\u661f|100/100\n|\n|-weather|RainDance|[upkeep]\n|upkeep\n|turn|3\n|inactive|yubanmeiqin\u7802\u4e4b\u884c\u661f has 30 seconds left.\n|\n|t:|1770706243\n|move|p1b: Grimmsnarl|Reflect|p1b: Grimmsnarl\n|-sidestart|p1: Gene10|Reflect\n|move|p1a: Miraidon|Dazzling Gleam|p2a: \u9a6c\u5243\u5929\u7231\u661f|[spread] p2a,p2b\n|-resisted|p2b: \u6211\u559c\u6b22\u4f60\n|-damage|p2a: \u9a6c\u5243\u5929\u7231\u661f|82/100\n|-damage|p2b: \u6211\u559c\u6b22\u4f60|70/100\n|move|p2a: \u9a6c\u5243\u5929\u7231\u661f|Water Spout|p1a: Miraidon|[spread] p1a,p1b\n|-resisted|p1a: Miraidon\n|-damage|p1a: Miraidon|35/100\n|-damage|p1b: Grimmsnarl|0 fnt\n|faint|p1b: Grimmsnarl\n|move|p2b: \u6211\u559c\u6b22\u4f60|Pollen Puff|p2a: \u9a6c\u5243\u5929\u7231\u661f\n|-heal|p2a: \u9a6c\u5243\u5929\u7231\u661f|100/100\n|\n|-weather|RainDance|[upkeep]\n|upkeep\n|\n|t:|1770706247\n|switch|p1b: Calyrex|Calyrex-Ice, L50|100/100\n|-ability|p1b: Calyrex|As One\n|-ability|p1b: Calyrex|Unnerve\n|turn|4\n|\n|t:|1770706261\n|switch|p2b: \u4e3b\u4eba\ud83d\ude2d\ud83e\udd75|Incineroar, L50, F|100/100\n|-ability|p2b: \u4e3b\u4eba\ud83d\ude2d\ud83e\udd75|Intimidate|boost\n|-unboost|p1a: Miraidon|atk|1\n|-unboost|p1b: Calyrex|atk|1\n|move|p1a: Miraidon|Dazzling Gleam|p2a: \u9a6c\u5243\u5929\u7231\u661f|[spread] p2a,p2b\n|-damage|p2a: \u9a6c\u5243\u5929\u7231\u661f|82/100\n|-damage|p2b: \u4e3b\u4eba\ud83d\ude2d\ud83e\udd75|58/100\n|move|p2a: \u9a6c\u5243\u5929\u7231\u661f|Thunder|p1b: Calyrex\n|-damage|p1b: Calyrex|71/100\n|move|p1b: Calyrex|Leech Seed|p2a: \u9a6c\u5243\u5929\u7231\u661f\n|-start|p2a: \u9a6c\u5243\u5929\u7231\u661f|move: Leech Seed\n|\n|-weather|RainDance|[upkeep]\n|-heal|p1b: Calyrex|76/100|[from] item: Leftovers\n|-damage|p2a: \u9a6c\u5243\u5929\u7231\u661f|70/100|[from] Leech Seed|[of] p1b: Calyrex\n|-heal|p1b: Calyrex|88/100|[silent]\n|upkeep\n|turn|5\n|inactive|Gene10 has 30 seconds left.\n|\n|t:|1770706286\n|move|p2b: \u4e3b\u4eba\ud83d\ude2d\ud83e\udd75|Fake Out|p1a: Miraidon\n|-crit|p1a: Miraidon\n|-damage|p1a: Miraidon|21/100\n|cant|p1a: Miraidon|flinch\n|move|p2a: \u9a6c\u5243\u5929\u7231\u661f|Ice Beam|p1a: Miraidon\n|-supereffective|p1a: Miraidon\n|-damage|p1a: Miraidon|0 fnt\n|faint|p1a: Miraidon\n|move|p1b: Calyrex|Glacial Lance|p2a: \u9a6c\u5243\u5929\u7231\u661f|[spread] p2a,p2b\n|-resisted|p2b: \u4e3b\u4eba\ud83d\ude2d\ud83e\udd75\n|-damage|p2a: \u9a6c\u5243\u5929\u7231\u661f|42/100\n|-damage|p2b: \u4e3b\u4eba\ud83d\ude2d\ud83e\udd75|42/100\n|\n|-weather|none\n|-heal|p1b: Calyrex|94/100|[from] item: Leftovers\n|-damage|p2a: \u9a6c\u5243\u5929\u7231\u661f|29/100|[from] Leech Seed|[of] p1b: Calyrex\n|-heal|p1b: Calyrex|100/100|[silent]\n|-fieldend|move: Electric Terrain\n|upkeep\n|\n|t:|1770706303\n|switch|p1a: Incineroar|Incineroar, L50, M|100/100\n|-ability|p1a: Incineroar|Intimidate|boost\n|-unboost|p2a: \u9a6c\u5243\u5929\u7231\u661f|atk|1\n|-unboost|p2b: \u4e3b\u4eba\ud83d\ude2d\ud83e\udd75|atk|1\n|turn|6\n|\n|t:|1770706312\n|switch|p2a: \u963f\u5c14\u6258\u8389\u96c5|Zacian-Crowned, L50, shiny|100/100\n|-ability|p2a: \u963f\u5c14\u6258\u8389\u96c5|Intrepid Sword|boost\n|-boost|p2a: \u963f\u5c14\u6258\u8389\u96c5|atk|1\n|switch|p2b: \u6211\u559c\u6b22\u4f60|Amoonguss, L50, F|100/100\n|move|p1a: Incineroar|Fake Out|p2b: \u6211\u559c\u6b22\u4f60\n|-damage|p2b: \u6211\u559c\u6b22\u4f60|92/100\n|-damage|p1a: Incineroar|84/100|[from] item: Rocky Helmet|[of] p2b: \u6211\u559c\u6b22\u4f60\n|move|p1b: Calyrex|Glacial Lance|p2a: \u963f\u5c14\u6258\u8389\u96c5|[spread] p2a,p2b\n|-resisted|p2a: \u963f\u5c14\u6258\u8389\u96c5\n|-supereffective|p2b: \u6211\u559c\u6b22\u4f60\n|-damage|p2a: \u963f\u5c14\u6258\u8389\u96c5|85/100\n|-damage|p2b: \u6211\u559c\u6b22\u4f60|34/100\n|\n|upkeep\n|turn|7\n|inactive|Gene10 has 30 seconds left.\n|\n|t:|1770706342\n|switch|p2b: \u4e3b\u4eba\ud83d\ude2d\ud83e\udd75|Incineroar, L50, F|42/100\n|-ability|p2b: \u4e3b\u4eba\ud83d\ude2d\ud83e\udd75|Intimidate|boost\n|-unboost|p1a: Incineroar|atk|1\n|-unboost|p1b: Calyrex|atk|1\n|-terastallize|p1b: Calyrex|Water\n|move|p2a: \u963f\u5c14\u6258\u8389\u96c5|Protect|p2a: \u963f\u5c14\u6258\u8389\u96c5\n|-singleturn|p2a: \u963f\u5c14\u6258\u8389\u96c5|Protect\n|move|p1a: Incineroar|Knock Off|p2b: \u4e3b\u4eba\ud83d\ude2d\ud83e\udd75\n|-resisted|p2b: \u4e3b\u4eba\ud83d\ude2d\ud83e\udd75\n|-damage|p2b: \u4e3b\u4eba\ud83d\ude2d\ud83e\udd75|31/100\n|-enditem|p2b: \u4e3b\u4eba\ud83d\ude2d\ud83e\udd75|Safety Goggles|[from] move: Knock Off|[of] p1a: Incineroar\n|move|p1b: Calyrex|Leech Seed|p2a: \u963f\u5c14\u6258\u8389\u96c5\n|-activate|p2a: \u963f\u5c14\u6258\u8389\u96c5|move: Protect\n|\n|upkeep\n|turn|8\n|\n|t:|1770706361\n|move|p1b: Calyrex|Protect|p1b: Calyrex\n|-singleturn|p1b: Calyrex|Protect\n|move|p2b: \u4e3b\u4eba\ud83d\ude2d\ud83e\udd75|Fake Out|p1a: Incineroar\n|-damage|p1a: Incineroar|79/100\n|move|p2a: \u963f\u5c14\u6258\u8389\u96c5|Sacred Sword|p1a: Incineroar\n|-supereffective|p1a: Incineroar\n|-damage|p1a: Incineroar|23/100\n|cant|p1a: Incineroar|flinch\n|\n|-sideend|p1: Gene10|move: Light Screen\n|upkeep\n|turn|9\n|\n|t:|1770706372\n|move|p2a: \u963f\u5c14\u6258\u8389\u96c5|Sacred Sword|p1a: Incineroar\n|-supereffective|p1a: Incineroar\n|-damage|p1a: Incineroar|0 fnt\n|faint|p1a: Incineroar\n|move|p2b: \u4e3b\u4eba\ud83d\ude2d\ud83e\udd75|Parting Shot|p1b: Calyrex\n|-unboost|p1b: Calyrex|atk|1\n|-unboost|p1b: Calyrex|spa|1\n|-message|Gene10 forfeited.\n|\n|win|yubanmeiqin\u7802\u4e4b\u884c\u661f\n|raw|Gene10's rating: 1380 &rarr; <strong>1357</strong><br />(-23 for losing)\n|raw|yubanmeiqin\u7802\u4e4b\u884c\u661f's rating: 1324 &rarr; <strong>1347</strong><br />(+23 for winning)\n|l|\u2606Gene10\n|player|p1|\n|l|\u2606yubanmeiqin\u7802\u4e4b\u884c\u661f\n|player|p2|\n","uploadtime":1770706609,"views":14,"formatid":"gen9vgc2026regi","rating":1347,"private":0,"password":null}