{"id":"gen9vgc2026regi-2561111516","format":"[Gen 9] VGC 2026 Reg I","players":["Harry Koekenpan","Trainer icy987"],"log":"|j|\u2606Harry Koekenpan\n|j|\u2606Trainer icy987\n|t:|1773765642\n|gametype|doubles\n|player|p1|Harry Koekenpan|266|1186\n|player|p2|Trainer icy987|pokefan|1188\n|gen|9\n|tier|[Gen 9] VGC 2026 Reg I\n|rated|\n|rule|Species Clause: Limit one of each Pok\u00e9mon\n|rule|Item Clause: Limit 1 of each item\n|clearpoke\n|poke|p1|Dondozo, L50, M|\n|poke|p1|Tatsugiri-Droopy, L50, M|\n|poke|p1|Weezing-Galar, L50, M|\n|poke|p1|Calyrex-Shadow, L50|\n|poke|p1|Regigigas, L50|\n|poke|p1|Lugia, L50|\n|poke|p2|Calyrex-Shadow, L50|\n|poke|p2|Miraidon, L50|\n|poke|p2|Whimsicott, L50, M|\n|poke|p2|Incineroar, L50, F|\n|poke|p2|Rillaboom, L50, F|\n|poke|p2|Urshifu-*, L50, M|\n|teampreview|4\n|inactive|Battle timer is ON: inactive players will automatically lose when time's up. (requested by Trainer icy987)\n|\n|t:|1773765659\n|teamsize|p1|4\n|teamsize|p2|4\n|start\n|switch|p1a: Weezing|Weezing-Galar, L50, M|100/100\n|switch|p1b: Regigigas|Regigigas, L50|100/100\n|switch|p2a: Calyrex|Calyrex-Shadow, L50|100/100\n|switch|p2b: Whimsicott|Whimsicott, L50, M, shiny|100/100\n|-ability|p1a: Weezing|Neutralizing Gas\n|-ability|p2a: Calyrex|As One\n|-ability|p2a: Calyrex|Unnerve\n|turn|1\n|\n|t:|1773765675\n|move|p2a: Calyrex|Astral Barrage|p1b: Regigigas|[spread] p1a\n|-immune|p1b: Regigigas\n|-damage|p1a: Weezing|48/100\n|move|p1b: Regigigas|Knock Off|p2a: Calyrex\n|-supereffective|p2a: Calyrex\n|-enditem|p2a: Calyrex|Focus Sash\n|-damage|p2a: Calyrex|1/100\n|-damage|p1b: Regigigas|91/100|[from] item: Life Orb\n|move|p2b: Whimsicott|Tailwind|p2b: Whimsicott\n|-sidestart|p2: Trainer icy987|move: Tailwind\n|move|p1a: Weezing|Toxic Spikes|p2b: Whimsicott\n|-sidestart|p2: Trainer icy987|move: Toxic Spikes\n|\n|upkeep\n|turn|2\n|inactive|Trainer icy987 has 30 seconds left.\n|\n|t:|1773765706\n|switch|p2a: Urshifu|Urshifu-Rapid-Strike, L50, M|100/100\n|-status|p2a: Urshifu|psn\n|move|p1a: Weezing|Protect|p1a: Weezing\n|-singleturn|p1a: Weezing|Protect\n|move|p2b: Whimsicott|Moonblast|p1b: Regigigas\n|-damage|p1b: Regigigas|68/100\n|move|p1b: Regigigas|Knock Off|p2a: Urshifu\n|-resisted|p2a: Urshifu\n|-damage|p2a: Urshifu|76/100 psn\n|-enditem|p2a: Urshifu|Mystic Water|[from] move: Knock Off|[of] p1b: Regigigas\n|-damage|p1b: Regigigas|59/100|[from] item: Life Orb\n|\n|-damage|p2a: Urshifu|64/100 psn|[from] psn\n|upkeep\n|turn|3\n|\n|t:|1773765730\n|switch|p1b: Lugia|Lugia, L50|100/100\n|-end|p1a: Weezing|ability: Neutralizing Gas\n|switch|p1a: Calyrex|Calyrex-Shadow, L50|100/100\n|-ability|p1a: Calyrex|As One\n|-ability|p1a: Calyrex|Unnerve\n|move|p2b: Whimsicott|Encore||[still]\n|-fail|p2b: Whimsicott\n|move|p2a: Urshifu|Close Combat|p1b: Lugia\n|-resisted|p1b: Lugia\n|-damage|p1b: Lugia|96/100\n|-unboost|p2a: Urshifu|def|1\n|-unboost|p2a: Urshifu|spd|1\n|\n|-damage|p2a: Urshifu|51/100 psn|[from] psn\n|upkeep\n|turn|4\n|inactive|Harry Koekenpan has 30 seconds left.\n|\n|t:|1773765757\n|move|p2a: Urshifu|Surging Strikes|p1a: Calyrex\n|-crit|p1a: Calyrex\n|-damage|p1a: Calyrex|75/100\n|-crit|p1a: Calyrex\n|-damage|p1a: Calyrex|47/100\n|-crit|p1a: Calyrex\n|-damage|p1a: Calyrex|19/100\n|-hitcount|p1a: Calyrex|3\n|move|p2b: Whimsicott|Moonblast|p1b: Lugia\n|-damage|p1b: Lugia|78/100\n|move|p1a: Calyrex|Astral Barrage|p2b: Whimsicott|[spread] p2a,p2b\n|-damage|p2a: Urshifu|0 fnt\n|-damage|p2b: Whimsicott|0 fnt\n|faint|p2a: Urshifu\n|faint|p2b: Whimsicott\n|-ability|p1a: Calyrex|Grim Neigh|boost\n|-boost|p1a: Calyrex|spa|2\n|move|p1b: Lugia|Aeroblast|p2: Urshifu|[notarget]\n|-fail|p1b: Lugia\n|\n|-sideend|p2: Trainer icy987|move: Tailwind\n|upkeep\n|\n|t:|1773765778\n|switch|p2a: Calyrex|Calyrex-Shadow, L50|1/100\n|switch|p2b: Miraidon|Miraidon, L50|100/100\n|-ability|p2a: Calyrex|As One\n|-ability|p2a: Calyrex|Unnerve\n|-status|p2a: Calyrex|psn\n|-status|p2b: Miraidon|psn\n|-fieldstart|move: Electric Terrain|[from] ability: Hadron Engine|[of] p2b: Miraidon\n|turn|5\n|\n|t:|1773765796\n|-terastallize|p2b: Miraidon|Electric\n|-terastallize|p1b: Lugia|Steel\n|move|p1a: Calyrex|Astral Barrage|p2b: Miraidon|[spread] p2a,p2b\n|-supereffective|p2a: Calyrex\n|-damage|p2a: Calyrex|0 fnt\n|-damage|p2b: Miraidon|0 fnt\n|faint|p2a: Calyrex\n|faint|p2b: Miraidon\n|\n|win|Harry Koekenpan\n|raw|Harry Koekenpan's rating: 1186 &rarr; <strong>1211</strong><br />(+25 for winning)\n|raw|Trainer icy987's rating: 1188 &rarr; <strong>1163</strong><br />(-25 for losing)\n|l|\u2606Trainer icy987\n|player|p2|\n","uploadtime":1773765807,"views":15,"formatid":"gen9vgc2026regi","rating":1163,"private":0,"password":null}