{"id":"gen9vgc2026regi-2565659315","format":"[Gen 9] VGC 2026 Reg I","players":["curfy320","Sheevp"],"log":"|j|\u2606curfy320\n|j|\u2606Sheevp\n|t:|1774293135\n|gametype|doubles\n|player|p1|curfy320|101|1454\n|player|p2|Sheevp|170|1480\n|gen|9\n|tier|[Gen 9] VGC 2026 Reg I\n|rated|\n|rule|Species Clause: Limit one of each Pok\u00e9mon\n|rule|Item Clause: Limit 1 of each item\n|clearpoke\n|poke|p1|Zacian-*, L50|\n|poke|p1|Lunala, L50|\n|poke|p1|Umbreon, L50, F|\n|poke|p1|Urshifu-*, L50, F|\n|poke|p1|Rillaboom, L50, M|\n|poke|p1|Thundurus, L50, M|\n|poke|p2|Kyogre, L50|\n|poke|p2|Smeargle, L50, M|\n|poke|p2|Farigiraf, L50, F|\n|poke|p2|Ursaluna, L50, F|\n|poke|p2|Landorus, L50, M|\n|poke|p2|Calyrex-Ice, L50|\n|teampreview|4\n|inactive|Battle timer is ON: inactive players will automatically lose when time's up. (requested by curfy320)\n|l|\u2606Sheevp\n|inactive|Sheevp disconnected and has a minute to reconnect!\n|player|p2|\n|j|\u2606Sheevp\n|inactive|Sheevp reconnected and has 65 seconds left.\n|player|p2|Sheevp|170|\n|inactive|curfy320 has 60 seconds left.\n|inactive|Sheevp has 60 seconds left.\n|\n|t:|1774293178\n|teamsize|p1|4\n|teamsize|p2|4\n|start\n|switch|p1a: Umbreon|Umbreon, L50, F, shiny|100/100\n|switch|p1b: Rillaboom|Rillaboom, L50, M|100/100\n|switch|p2a: Smeargle|Smeargle, L50, M, shiny|100/100\n|switch|p2b: Landorus|Landorus, L50, M|100/100\n|-fieldstart|move: Grassy Terrain|[from] ability: Grassy Surge|[of] p1b: Rillaboom\n|turn|1\n|\n|t:|1774293195\n|move|p1b: Rillaboom|Fake Out|p2b: Landorus\n|-damage|p2b: Landorus|89/100\n|move|p2a: Smeargle|Fake Out|p1b: Rillaboom\n|-damage|p1b: Rillaboom|92/100\n|cant|p2b: Landorus|flinch\n|move|p1a: Umbreon|Snarl|p2a: Smeargle|[spread] p2a,p2b\n|-damage|p2a: Smeargle|75/100\n|-damage|p2b: Landorus|77/100\n|-unboost|p2a: Smeargle|spa|1\n|-unboost|p2b: Landorus|spa|1\n|\n|-heal|p1b: Rillaboom|98/100|[from] Grassy Terrain\n|-heal|p2a: Smeargle|81/100|[from] Grassy Terrain\n|upkeep\n|turn|2\n|l|\u2606Sheevp\n|inactive|Sheevp disconnected and has a minute to reconnect!\n|player|p2|\n|j|\u2606Sheevp\n|inactive|Sheevp reconnected and has 35 seconds left.\n|player|p2|Sheevp|170|\n|inactive|Sheevp has 30 seconds left.\n|\n|t:|1774293221\n|switch|p2b: Calyrex|Calyrex-Ice, L50|100/100\n|-ability|p2b: Calyrex|As One\n|-ability|p2b: Calyrex|Unnerve\n|move|p1a: Umbreon|Helping Hand|p1b: Rillaboom\n|-singleturn|p1b: Rillaboom|Helping Hand|[of] p1a: Umbreon\n|move|p1b: Rillaboom|U-turn|p2a: Smeargle\n|-damage|p2a: Smeargle|20/100\n|\n|t:|1774293234\n|switch|p1b: Lunala|Lunala, L50|100/100|[from] U-turn\n|move|p2a: Smeargle|Spore|p1a: Umbreon\n|-activate|p1a: Umbreon|item: Safety Goggles|Spore\n|\n|-heal|p2a: Smeargle|26/100|[from] Grassy Terrain\n|upkeep\n|turn|3\n|\n|t:|1774293251\n|switch|p1b: Rillaboom|Rillaboom, L50, M|98/100\n|-terastallize|p2b: Calyrex|Grass\n|move|p2a: Smeargle|Spore|p1b: Rillaboom\n|-immune|p1b: Rillaboom\n|move|p1a: Umbreon|Foul Play|p2b: Calyrex\n|-damage|p2b: Calyrex|65/100\n|move|p2b: Calyrex|High Horsepower|p1a: Umbreon\n|-damage|p1a: Umbreon|72/100\n|\n|-heal|p1b: Rillaboom|100/100|[from] Grassy Terrain\n|-heal|p2a: Smeargle|32/100|[from] Grassy Terrain\n|-heal|p1a: Umbreon|78/100|[from] Grassy Terrain\n|-heal|p2b: Calyrex|71/100|[from] Grassy Terrain\n|upkeep\n|turn|4\n|\n|t:|1774293274\n|move|p1b: Rillaboom|Fake Out|p2b: Calyrex\n|-damage|p2b: Calyrex|64/100\n|move|p2a: Smeargle|Decorate|p2b: Calyrex\n|-boost|p2b: Calyrex|atk|2\n|-boost|p2b: Calyrex|spa|2\n|move|p1a: Umbreon|Taunt|p2a: Smeargle\n|-start|p2a: Smeargle|move: Taunt\n|cant|p2b: Calyrex|flinch\n|\n|-heal|p2a: Smeargle|38/100|[from] Grassy Terrain\n|-heal|p1a: Umbreon|84/100|[from] Grassy Terrain\n|-heal|p2b: Calyrex|69/100|[from] Grassy Terrain\n|upkeep\n|turn|5\n|l|\u2606Sheevp\n|inactive|Sheevp disconnected and has a minute to reconnect!\n|player|p2|\n|j|\u2606Sheevp\n|inactive|Sheevp reconnected and has 35 seconds left.\n|player|p2|Sheevp|170|\n|\n|t:|1774293297\n|switch|p2a: Landorus|Landorus, L50, M|77/100\n|move|p1b: Rillaboom|U-turn|p2b: Calyrex\n|-supereffective|p2b: Calyrex\n|-damage|p2b: Calyrex|42/100\n|\n|t:|1774293304\n|switch|p1b: Lunala|Lunala, L50|100/100|[from] U-turn\n|move|p1a: Umbreon|Foul Play|p2b: Calyrex\n|-damage|p2b: Calyrex|0 fnt\n|faint|p2b: Calyrex\n|\n|-heal|p1a: Umbreon|90/100|[from] Grassy Terrain\n|-fieldend|move: Grassy Terrain\n|upkeep\n|\n|t:|1774293312\n|switch|p2b: Smeargle|Smeargle, L50, M, shiny|38/100\n|turn|6\n|\n|t:|1774293325\n|switch|p1b: Rillaboom|Rillaboom, L50, M|100/100\n|-fieldstart|move: Grassy Terrain|[from] ability: Grassy Surge|[of] p1b: Rillaboom\n|move|p2b: Smeargle|Decorate|p2a: Landorus\n|-boost|p2a: Landorus|atk|2\n|-boost|p2a: Landorus|spa|2\n|move|p2a: Landorus|Earth Power|p1a: Umbreon\n|-damage|p1a: Umbreon|0 fnt\n|faint|p1a: Umbreon\n|\n|-heal|p2b: Smeargle|44/100|[from] Grassy Terrain\n|upkeep\n|\n|t:|1774293339\n|switch|p1a: Zacian|Zacian-Crowned, L50|100/100\n|-ability|p1a: Zacian|Intrepid Sword|boost\n|-boost|p1a: Zacian|atk|1\n|turn|7\n|\n|t:|1774293348\n|switch|p2b: Kyogre|Kyogre, L50|100/100\n|-weather|RainDance|[from] ability: Drizzle|[of] p2b: Kyogre\n|move|p2a: Landorus|Protect|p2a: Landorus\n|-singleturn|p2a: Landorus|Protect\n|move|p1b: Rillaboom|Fake Out|p2a: Landorus\n|-activate|p2a: Landorus|move: Protect\n|move|p1a: Zacian|Behemoth Blade|p2b: Kyogre\n|-resisted|p2b: Kyogre\n|-damage|p2b: Kyogre|65/100\n|\n|-weather|RainDance|[upkeep]\n|-heal|p2b: Kyogre|71/100|[from] Grassy Terrain\n|upkeep\n|turn|8\n|l|\u2606Sheevp\n|inactive|Sheevp disconnected and has a minute to reconnect!\n|player|p2|\n|j|\u2606Sheevp\n|inactive|Sheevp reconnected and has 35 seconds left.\n|player|p2|Sheevp|170|\n|inactive|Sheevp has 30 seconds left.\n|\n|t:|1774293380\n|move|p1b: Rillaboom|Grassy Glide|p2b: Kyogre\n|-supereffective|p2b: Kyogre\n|-damage|p2b: Kyogre|15/100\n|move|p1a: Zacian|Behemoth Blade|p2a: Landorus\n|-crit|p2a: Landorus\n|-damage|p2a: Landorus|0 fnt\n|faint|p2a: Landorus\n|move|p2b: Kyogre|Ice Beam|p1b: Rillaboom\n|-supereffective|p1b: Rillaboom\n|-damage|p1b: Rillaboom|9/100\n|\n|-weather|RainDance|[upkeep]\n|-heal|p1b: Rillaboom|15/100|[from] Grassy Terrain\n|-heal|p2b: Kyogre|20/100|[from] Grassy Terrain\n|upkeep\n|-message|Sheevp forfeited.\n|\n|win|curfy320\n|raw|curfy320's rating: 1454 &rarr; <strong>1475</strong><br />(+21 for winning)\n|raw|Sheevp's rating: 1480 &rarr; <strong>1459</strong><br />(-21 for losing)\n|l|\u2606Sheevp\n|player|p2|\n|l|\u2606curfy320\n|player|p1|\n","uploadtime":1774293560,"views":31,"formatid":"gen9vgc2026regi","rating":1459,"private":0,"password":null}