{"id":"gen9vgc2026regi-2580166370","format":"[Gen 9] VGC 2026 Reg I","players":["GoobisLoobis","datbishgames"],"log":"|j|\u2606GoobisLoobis\n|j|\u2606datbishgames\n|t:|1775860719\n|gametype|doubles\n|player|p1|GoobisLoobis|janitor|1456\n|player|p2|datbishgames|mira|1489\n|gen|9\n|tier|[Gen 9] VGC 2026 Reg I\n|rated|\n|rule|Species Clause: Limit one of each Pok\u00e9mon\n|rule|Item Clause: Limit 1 of each item\n|clearpoke\n|poke|p1|Zamazenta-*, L50|\n|poke|p1|Calyrex-Shadow, L50|\n|poke|p1|Grimmsnarl, L50, M|\n|poke|p1|Raging Bolt, L50|\n|poke|p1|Ditto, L50|\n|poke|p1|Ogerpon-Cornerstone, L50, F|\n|poke|p2|Dialga-Origin, L50|\n|poke|p2|Ho-Oh, L50|\n|poke|p2|Rotom-Wash, L50|\n|poke|p2|Amoonguss, L50, M|\n|poke|p2|Ursaluna, L50, M|\n|poke|p2|Zoroark-Hisui, L50, F|\n|teampreview|4\n|inactive|Battle timer is ON: inactive players will automatically lose when time's up. (requested by datbishgames)\n|inactive|GoobisLoobis has 60 seconds left.\n|inactive|GoobisLoobis has 30 seconds left.\n|inactive|GoobisLoobis has 20 seconds left.\n|inactive|GoobisLoobis has 15 seconds left.\n|\n|t:|1775860798\n|teamsize|p1|4\n|teamsize|p2|4\n|start\n|switch|p1a: Grimmsnarl|Grimmsnarl, L50, M, shiny|100/100\n|switch|p1b: Zamazenta|Zamazenta-Crowned, L50|100/100\n|switch|p2a: Dialga|Dialga-Origin, L50|100/100\n|switch|p2b: Ho-Oh|Ho-Oh, L50|100/100\n|-ability|p1b: Zamazenta|Dauntless Shield|boost\n|-boost|p1b: Zamazenta|def|1\n|turn|1\n|\n|t:|1775860807\n|move|p1a: Grimmsnarl|Light Screen|p1a: Grimmsnarl\n|-sidestart|p1: GoobisLoobis|move: Light Screen\n|move|p1b: Zamazenta|Body Press|p2a: Dialga\n|-immune|p2a: Dialga\n|move|p2a: Dialga|Will-O-Wisp|p1b: Zamazenta\n|-status|p1b: Zamazenta|brn\n|move|p2b: Ho-Oh|Tailwind|p2b: Ho-Oh\n|-sidestart|p2: datbishgames|move: Tailwind\n|\n|-damage|p1b: Zamazenta|95/100 brn|[from] brn\n|upkeep\n|turn|2\n|\n|t:|1775860824\n|move|p1a: Grimmsnarl|Light Screen||[still]\n|-fail|p1a: Grimmsnarl\n|move|p2a: Dialga|Hyper Voice|p1b: Zamazenta|[spread] p1a,p1b\n|-resisted|p1b: Zamazenta\n|-damage|p1a: Grimmsnarl|82/100\n|-damage|p1b: Zamazenta|85/100 brn\n|move|p2b: Ho-Oh|Sacred Fire|p1a: Grimmsnarl\n|-damage|p1a: Grimmsnarl|29/100\n|move|p1b: Zamazenta|Heavy Slam|p2a: Dialga\n|-damage|p2a: Dialga|47/100\n|replace|p2a: Zoroark|Zoroark-Hisui, L50, F\n|-end|p2a: Zoroark|Illusion\n|\n|-damage|p1b: Zamazenta|79/100 brn|[from] brn\n|upkeep\n|turn|3\n|\n|t:|1775860839\n|move|p1a: Grimmsnarl|Reflect|p1a: Grimmsnarl\n|-sidestart|p1: GoobisLoobis|Reflect\n|move|p2a: Zoroark|Bitter Malice|p1b: Zamazenta\n|-damage|p1b: Zamazenta|58/100 brn\n|-unboost|p1b: Zamazenta|atk|1\n|move|p2b: Ho-Oh|Sacred Fire|p1a: Grimmsnarl\n|-damage|p1a: Grimmsnarl|0 fnt\n|faint|p1a: Grimmsnarl\n|move|p1b: Zamazenta|Heavy Slam|p2a: Zoroark\n|-damage|p2a: Zoroark|16/100\n|\n|-damage|p1b: Zamazenta|52/100 brn|[from] brn\n|upkeep\n|\n|t:|1775860856\n|switch|p1a: Ditto|Ditto, L50, shiny|100/100\n|-transform|p1a: Ditto|p2b: Ho-Oh|[from] ability: Imposter\n|turn|4\n|\n|t:|1775860879\n|move|p2a: Zoroark|Icy Wind|p1a: Ditto|[spread] p1a,p1b\n|-resisted|p1b: Zamazenta\n|-crit|p1b: Zamazenta\n|-damage|p1a: Ditto|93/100\n|-damage|p1b: Zamazenta|43/100 brn\n|-unboost|p1a: Ditto|spe|1\n|-unboost|p1b: Zamazenta|spe|1\n|move|p2b: Ho-Oh|Brave Bird|p1a: Ditto\n|-damage|p1a: Ditto|47/100\n|-damage|p2b: Ho-Oh|89/100|[from] Recoil\n|move|p1b: Zamazenta|Heavy Slam|p2a: Zoroark\n|-damage|p2a: Zoroark|0 fnt\n|faint|p2a: Zoroark\n|move|p1a: Ditto|Tailwind|p1a: Ditto\n|-sidestart|p1: GoobisLoobis|move: Tailwind\n|\n|-damage|p1b: Zamazenta|37/100 brn|[from] brn\n|-sideend|p2: datbishgames|move: Tailwind\n|upkeep\n|\n|t:|1775860896\n|switch|p2a: Ursaluna|Ursaluna, L50, M|100/100\n|turn|5\n|\n|t:|1775860903\n|move|p2a: Ursaluna|Protect|p2a: Ursaluna\n|-singleturn|p2a: Ursaluna|Protect\n|move|p1b: Zamazenta|Body Press|p2a: Ursaluna\n|-activate|p2a: Ursaluna|move: Protect\n|move|p1a: Ditto|Life Dew|p1a: Ditto|[spread] p1a,p1b\n|-heal|p1a: Ditto|72/100\n|-heal|p1b: Zamazenta|62/100 brn\n|move|p2b: Ho-Oh|Tailwind|p2b: Ho-Oh\n|-sidestart|p2: datbishgames|move: Tailwind\n|\n|-damage|p1b: Zamazenta|56/100 brn|[from] brn\n|-status|p2a: Ursaluna|brn|[from] item: Flame Orb\n|upkeep\n|turn|6\n|\n|t:|1775860922\n|move|p1b: Zamazenta|Body Press|p2a: Ursaluna\n|-supereffective|p2a: Ursaluna\n|-damage|p2a: Ursaluna|49/100 brn\n|move|p2b: Ho-Oh|Brave Bird|p1b: Zamazenta\n|-damage|p1b: Zamazenta|39/100 brn\n|-damage|p2b: Ho-Oh|85/100|[from] Recoil\n|move|p2a: Ursaluna|Facade|p1a: Ditto\n|-damage|p1a: Ditto|2/100\n|move|p1a: Ditto|Brave Bird|p2b: Ho-Oh\n|-damage|p2b: Ho-Oh|26/100\n|-damage|p1a: Ditto|0 fnt|[from] Recoil\n|faint|p1a: Ditto\n|\n|-damage|p1b: Zamazenta|33/100 brn|[from] brn\n|-damage|p2a: Ursaluna|43/100 brn|[from] brn\n|upkeep\n|\n|t:|1775860936\n|switch|p1a: Calyrex|Calyrex-Shadow, L50|100/100\n|-ability|p1a: Calyrex|As One\n|-ability|p1a: Calyrex|Unnerve\n|turn|7\n|\n|t:|1775860946\n|switch|p2b: Dialga|Dialga-Origin, L50|100/100\n|move|p2a: Ursaluna|Protect|p2a: Ursaluna\n|-singleturn|p2a: Ursaluna|Protect\n|move|p1a: Calyrex|Astral Barrage|p2a: Ursaluna|[spread] p2b\n|-activate|p2a: Ursaluna|move: Protect\n|-damage|p2b: Dialga|53/100\n|-damage|p1a: Calyrex|91/100|[from] item: Life Orb\n|move|p1b: Zamazenta|Body Press|p2a: Ursaluna\n|-activate|p2a: Ursaluna|move: Protect\n|\n|-damage|p1b: Zamazenta|27/100 brn|[from] brn\n|-damage|p2a: Ursaluna|37/100 brn|[from] brn\n|-sideend|p1: GoobisLoobis|move: Tailwind\n|upkeep\n|turn|8\n|\n|t:|1775860963\n|move|p1a: Calyrex|Protect|p1a: Calyrex\n|-singleturn|p1a: Calyrex|Protect\n|move|p1b: Zamazenta|Protect|p1b: Zamazenta\n|-singleturn|p1b: Zamazenta|Protect\n|move|p2a: Ursaluna|Earthquake|p1b: Zamazenta|[spread] \n|-activate|p1a: Calyrex|move: Protect\n|-activate|p1b: Zamazenta|move: Protect\n|-activate|p2b: Dialga|ability: Telepathy\n|move|p2b: Dialga|Flash Cannon|p1b: Zamazenta\n|-activate|p1b: Zamazenta|move: Protect\n|\n|-damage|p2a: Ursaluna|32/100 brn|[from] brn\n|-damage|p1b: Zamazenta|21/100 brn|[from] brn\n|-sideend|p1: GoobisLoobis|move: Light Screen\n|-sideend|p2: datbishgames|move: Tailwind\n|upkeep\n|turn|9\n|\n|t:|1775860977\n|-terastallize|p2b: Dialga|Fairy\n|move|p2a: Ursaluna|Protect|p2a: Ursaluna\n|-singleturn|p2a: Ursaluna|Protect\n|move|p1a: Calyrex|Astral Barrage|p2b: Dialga|[spread] p2b\n|-activate|p2a: Ursaluna|move: Protect\n|-damage|p2b: Dialga|3/100\n|-damage|p1a: Calyrex|81/100|[from] item: Life Orb\n|move|p1b: Zamazenta|Body Press|p2a: Ursaluna\n|-activate|p2a: Ursaluna|move: Protect\n|move|p2b: Dialga|Trick Room|p2b: Dialga\n|-fieldstart|move: Trick Room|[of] p2b: Dialga\n|\n|-damage|p2a: Ursaluna|26/100 brn|[from] brn\n|-damage|p1b: Zamazenta|15/100 brn|[from] brn\n|upkeep\n|turn|10\n|\n|t:|1775860994\n|move|p1b: Zamazenta|Wide Guard|p1b: Zamazenta\n|-singleturn|p1b: Zamazenta|Wide Guard\n|move|p2b: Dialga|Draco Meteor|p1a: Calyrex\n|-damage|p1a: Calyrex|0 fnt\n|-unboost|p2b: Dialga|spa|2\n|faint|p1a: Calyrex\n|move|p2a: Ursaluna|Earthquake|p1b: Zamazenta|[spread] \n|-activate|p1b: Zamazenta|move: Wide Guard\n|-activate|p2b: Dialga|ability: Telepathy\n|\n|-damage|p2a: Ursaluna|20/100 brn|[from] brn\n|-damage|p1b: Zamazenta|9/100 brn|[from] brn\n|-sideend|p1: GoobisLoobis|Reflect\n|upkeep\n|turn|11\n|-message|GoobisLoobis forfeited.\n|\n|win|datbishgames\n|raw|GoobisLoobis's rating: 1456 &rarr; <strong>1438</strong><br />(-18 for losing)\n|raw|datbishgames's rating: 1489 &rarr; <strong>1507</strong><br />(+18 for winning)\n|l|\u2606GoobisLoobis\n|player|p1|\n|l|\u2606datbishgames\n|player|p2|\n","uploadtime":1775861234,"views":10,"formatid":"gen9vgc2026regi","rating":1438,"private":0,"password":null}