{"id":"gen9vgc2026regi-2546351387","format":"[Gen 9] VGC 2026 Reg I","players":["Zorse Mentality","520zhb"],"log":"|j|\u2606Zorse Mentality\n|j|\u2606520zhb\n|t:|1771956792\n|gametype|doubles\n|player|p1|Zorse Mentality|169|1483\n|player|p2|520zhb|2|1371\n|gen|9\n|tier|[Gen 9] VGC 2026 Reg I\n|rated|\n|rule|Species Clause: Limit one of each Pok\u00e9mon\n|rule|Item Clause: Limit 1 of each item\n|clearpoke\n|poke|p1|Calyrex-Ice, L50|\n|poke|p1|Kyogre, L50|\n|poke|p1|Tornadus, L50, M|\n|poke|p1|Urshifu-*, L50, F|\n|poke|p1|Indeedee-F, L50, F|\n|poke|p1|Torkoal, L50, M|\n|poke|p2|Koraidon, L50|\n|poke|p2|Lunala, L50|\n|poke|p2|Flutter Mane, L50|\n|poke|p2|Glimmora, L50, F|\n|poke|p2|Incineroar, L50, M|\n|poke|p2|Grimmsnarl, L50, M|\n|teampreview|4\n|inactive|Battle timer is ON: inactive players will automatically lose when time's up. (requested by 520zhb)\n|inactive|Zorse Mentality has 60 seconds left.\n|\n|t:|1771956852\n|teamsize|p1|4\n|teamsize|p2|4\n|start\n|switch|p1a: Indeedee|Indeedee-F, L50, F|100/100\n|switch|p1b: Calyrex|Calyrex-Ice, L50|100/100\n|switch|p2a: Glimmora|Glimmora, L50, F|100/100\n|switch|p2b: Grimmsnarl|Grimmsnarl, L50, M|100/100\n|-ability|p1b: Calyrex|As One\n|-ability|p1b: Calyrex|Unnerve\n|-fieldstart|move: Psychic Terrain|[from] ability: Psychic Surge|[of] p1a: Indeedee\n|turn|1\n|inactive|Zorse Mentality has 30 seconds left.\n|inactive|Zorse Mentality has 20 seconds left.\n|\n|t:|1771956888\n|move|p1a: Indeedee|Follow Me|p1a: Indeedee\n|-singleturn|p1a: Indeedee|move: Follow Me\n|move|p2b: Grimmsnarl|Reflect|p2b: Grimmsnarl\n|-sidestart|p2: 520zhb|Reflect\n|move|p1b: Calyrex|Glacial Lance|p2a: Glimmora|[spread] p2a,p2b\n|-damage|p2a: Glimmora|47/100\n|-damage|p2b: Grimmsnarl|60/100\n|-activate|p2a: Glimmora|ability: Toxic Debris\n|-sidestart|p1: Zorse Mentality|move: Toxic Spikes\n|-damage|p1b: Calyrex|91/100|[from] item: Life Orb\n|move|p2a: Glimmora|Power Gem|p1a: Indeedee\n|-damage|p1a: Indeedee|58/100\n|\n|upkeep\n|turn|2\n|inactive|Zorse Mentality has 30 seconds left.\n|inactive|520zhb has 30 seconds left.\n|inactive|Zorse Mentality has 20 seconds left.\n|\n|t:|1771956929\n|switch|p2b: Lunala|Lunala, L50|100/100\n|move|p1a: Indeedee|Follow Me|p1a: Indeedee\n|-singleturn|p1a: Indeedee|move: Follow Me\n|move|p1b: Calyrex|Glacial Lance|p2a: Glimmora|[spread] p2a,p2b\n|-damage|p2a: Glimmora|0 fnt\n|-damage|p2b: Lunala|87/100\n|-activate|p2a: Glimmora|ability: Toxic Debris\n|-sidestart|p1: Zorse Mentality|move: Toxic Spikes\n|faint|p2a: Glimmora\n|-ability|p1b: Calyrex|Chilling Neigh|boost\n|-boost|p1b: Calyrex|atk|1\n|-damage|p1b: Calyrex|81/100|[from] item: Life Orb\n|\n|upkeep\n|\n|t:|1771956943\n|switch|p2a: Grimmsnarl|Grimmsnarl, L50, M|60/100\n|turn|3\n|\n|t:|1771956953\n|switch|p2a: Koraidon|Koraidon, L50|100/100\n|-weather|SunnyDay|[from] ability: Orichalcum Pulse|[of] p2a: Koraidon\n|-activate|p2a: Koraidon|Orichalcum Pulse|[source]\n|-terastallize|p1b: Calyrex|Dark\n|move|p2b: Lunala|Wide Guard|p2b: Lunala\n|-singleturn|p2b: Lunala|Wide Guard\n|move|p1a: Indeedee|Follow Me|p1a: Indeedee\n|-singleturn|p1a: Indeedee|move: Follow Me\n|move|p1b: Calyrex|Lash Out|p2b: Lunala\n|-supereffective|p2b: Lunala\n|-damage|p2b: Lunala|0 fnt\n|-damage|p1b: Calyrex|65/100|[from] item: Rocky Helmet|[of] p2b: Lunala\n|faint|p2b: Lunala\n|-ability|p1b: Calyrex|Chilling Neigh|boost\n|-boost|p1b: Calyrex|atk|1\n|-damage|p1b: Calyrex|55/100|[from] item: Life Orb\n|\n|-weather|SunnyDay|[upkeep]\n|upkeep\n|\n|t:|1771956973\n|switch|p2b: Grimmsnarl|Grimmsnarl, L50, M|60/100\n|turn|4\n|\n|t:|1771956986\n|-terastallize|p2a: Koraidon|Fire\n|move|p1a: Indeedee|Follow Me|p1a: Indeedee\n|-singleturn|p1a: Indeedee|move: Follow Me\n|move|p2a: Koraidon|Flare Blitz|p1a: Indeedee\n|-damage|p1a: Indeedee|0 fnt\n|faint|p1a: Indeedee\n|-damage|p2a: Koraidon|83/100|[from] Recoil\n|move|p1b: Calyrex|Glacial Lance|p2b: Grimmsnarl|[spread] p2a,p2b\n|-resisted|p2a: Koraidon\n|-damage|p2a: Koraidon|44/100\n|-damage|p2b: Grimmsnarl|0 fnt\n|faint|p2b: Grimmsnarl\n|-ability|p1b: Calyrex|Chilling Neigh|boost\n|-boost|p1b: Calyrex|atk|1\n|-damage|p1b: Calyrex|45/100|[from] item: Life Orb\n|\n|-weather|SunnyDay|[upkeep]\n|upkeep\n|\n|t:|1771957004\n|switch|p1a: Tornadus|Tornadus, L50, M|100/100\n|turn|5\n|j| Specnier\n|-message|520zhb forfeited.\n|\n|win|Zorse Mentality\n|raw|Zorse Mentality's rating: 1483 &rarr; <strong>1497</strong><br />(+14 for winning)\n|raw|520zhb's rating: 1371 &rarr; <strong>1357</strong><br />(-14 for losing)\n|l| Specnier\n|l|\u2606520zhb\n|player|p2|\n|l|\u2606Zorse Mentality\n|player|p1|\n","uploadtime":1771957240,"views":12,"formatid":"gen9vgc2026regi","rating":1357,"private":0,"password":null}