{"id":"gen9vgc2026regi-2561325984","format":"[Gen 9] VGC 2026 Reg I","players":["fernsthedruids","anthony7245"],"log":"|j|\u2606fernsthedruids\n|j|\u2606anthony7245\n|t:|1773784324\n|gametype|doubles\n|player|p1|fernsthedruids|101|1343\n|player|p2|anthony7245|170|1400\n|gen|9\n|tier|[Gen 9] VGC 2026 Reg I\n|rated|\n|rule|Species Clause: Limit one of each Pok\u00e9mon\n|rule|Item Clause: Limit 1 of each item\n|clearpoke\n|poke|p1|Kyogre, L50|\n|poke|p1|Calyrex-Ice, L50|\n|poke|p1|Raging Bolt, L50|\n|poke|p1|Tornadus, L50, M|\n|poke|p1|Incineroar, L50, M|\n|poke|p1|Hitmontop, L50, M|\n|poke|p2|Amoonguss, L50, F|\n|poke|p2|Calyrex-Ice, L50|\n|poke|p2|Kyogre, L50|\n|poke|p2|Grimmsnarl, L50, M|\n|poke|p2|Flutter Mane, L50|\n|poke|p2|Basculegion, L50, M|\n|teampreview|4\n|j| trajan29\n|\n|t:|1773784370\n|teamsize|p1|4\n|teamsize|p2|4\n|start\n|switch|p1a: Hitmontop|Hitmontop, L50, M|100/100\n|switch|p1b: Kyogre|Kyogre, L50|100/100\n|switch|p2a: Kyogre|Kyogre, L50|100/100\n|switch|p2b: Grimmsnarl|Grimmsnarl, L50, M|100/100\n|-weather|RainDance|[from] ability: Drizzle|[of] p2a: Kyogre\n|-ability|p1a: Hitmontop|Intimidate|boost\n|-unboost|p2a: Kyogre|atk|1\n|-unboost|p2b: Grimmsnarl|atk|1\n|turn|1\n|\n|t:|1773784395\n|move|p1a: Hitmontop|Fake Out|p2a: Kyogre\n|-damage|p2a: Kyogre|91/100\n|move|p2b: Grimmsnarl|Light Screen|p2b: Grimmsnarl\n|-sidestart|p2: anthony7245|move: Light Screen\n|cant|p2a: Kyogre|flinch\n|move|p1b: Kyogre|Water Spout|p2b: Grimmsnarl|[spread] p2a,p2b\n|-resisted|p2a: Kyogre\n|-damage|p2a: Kyogre|61/100\n|-damage|p2b: Grimmsnarl|25/100\n|\n|-weather|RainDance|[upkeep]\n|upkeep\n|turn|2\n|\n|t:|1773784411\n|move|p1a: Hitmontop|Wide Guard|p1a: Hitmontop\n|-singleturn|p1a: Hitmontop|Wide Guard\n|move|p2b: Grimmsnarl|Reflect|p2b: Grimmsnarl\n|-sidestart|p2: anthony7245|Reflect\n|move|p2a: Kyogre|Hydro Pump|p1a: Hitmontop\n|-damage|p1a: Hitmontop|0 fnt\n|faint|p1a: Hitmontop\n|move|p1b: Kyogre|Water Spout|p2b: Grimmsnarl|[spread] p2a,p2b\n|-resisted|p2a: Kyogre\n|-damage|p2a: Kyogre|32/100\n|-damage|p2b: Grimmsnarl|0 fnt\n|faint|p2b: Grimmsnarl\n|\n|-weather|RainDance|[upkeep]\n|upkeep\n|\n|t:|1773784429\n|switch|p1a: Tornadus|Tornadus, L50, M|100/100\n|switch|p2b: Amoonguss|Amoonguss, L50, F|100/100\n|turn|3\n|\n|t:|1773784465\n|-terastallize|p1a: Tornadus|Grass\n|move|p2a: Kyogre|Origin Pulse|p1b: Kyogre|[spread] p1a,p1b\n|-resisted|p1a: Tornadus\n|-resisted|p1b: Kyogre\n|-crit|p1b: Kyogre\n|-damage|p1a: Tornadus|53/100\n|-damage|p1b: Kyogre|48/100\n|move|p1a: Tornadus|Hurricane|p2b: Amoonguss\n|-supereffective|p2b: Amoonguss\n|-damage|p2b: Amoonguss|47/100\n|move|p1b: Kyogre|Water Spout|p2a: Kyogre|[spread] p2a,p2b\n|-resisted|p2a: Kyogre\n|-resisted|p2b: Amoonguss\n|-damage|p2a: Kyogre|16/100\n|-damage|p2b: Amoonguss|30/100\n|move|p2b: Amoonguss|Pollen Puff|p2a: Kyogre\n|-heal|p2a: Kyogre|66/100\n|\n|-weather|RainDance|[upkeep]\n|upkeep\n|turn|4\n|\n|t:|1773784505\n|move|p1b: Kyogre|Protect|p1b: Kyogre\n|-singleturn|p1b: Kyogre|Protect\n|move|p2b: Amoonguss|Protect|p2b: Amoonguss\n|-singleturn|p2b: Amoonguss|Protect\n|move|p2a: Kyogre|Origin Pulse|p1a: Tornadus|[spread] p1a\n|-activate|p1b: Kyogre|move: Protect\n|-resisted|p1a: Tornadus\n|-damage|p1a: Tornadus|6/100\n|move|p1a: Tornadus|Hurricane|p2b: Amoonguss\n|-activate|p2b: Amoonguss|move: Protect\n|\n|-weather|RainDance|[upkeep]\n|upkeep\n|turn|5\n|\n|t:|1773784536\n|move|p2b: Amoonguss|Protect||[still]\n|-fail|p2b: Amoonguss\n|move|p1a: Tornadus|Taunt|p2b: Amoonguss\n|-start|p2b: Amoonguss|move: Taunt\n|move|p2a: Kyogre|Origin Pulse|p1a: Tornadus|[spread] p1a,p1b\n|-resisted|p1a: Tornadus\n|-resisted|p1b: Kyogre\n|-crit|p1b: Kyogre\n|-damage|p1a: Tornadus|0 fnt\n|-damage|p1b: Kyogre|0 fnt\n|faint|p1a: Tornadus\n|faint|p1b: Kyogre\n|\n|-weather|none\n|upkeep\n|\n|t:|1773784548\n|switch|p1b: Calyrex|Calyrex-Ice, L50|100/100\n|-ability|p1b: Calyrex|As One\n|-ability|p1b: Calyrex|Unnerve\n|turn|6\n|\n|t:|1773784577\n|switch|p2a: Calyrex|Calyrex-Ice, L50|100/100\n|-ability|p2a: Calyrex|As One\n|-ability|p2a: Calyrex|Unnerve\n|move|p2b: Amoonguss|Pollen Puff|p1b: Calyrex\n|-supereffective|p1b: Calyrex\n|-damage|p1b: Calyrex|77/100\n|move|p1b: Calyrex|Trick Room|p1b: Calyrex\n|-fieldstart|move: Trick Room|[of] p1b: Calyrex\n|\n|upkeep\n|turn|7\n|c|\u2606fernsthedruids|could you stop critting plz?\n|\n|t:|1773784591\n|switch|p2b: Kyogre|Kyogre, L50|66/100\n|-weather|RainDance|[from] ability: Drizzle|[of] p2b: Kyogre\n|move|p1b: Calyrex|Glacial Lance|p2a: Calyrex|[spread] p2a,p2b\n|-resisted|p2a: Calyrex\n|-resisted|p2b: Kyogre\n|-damage|p2a: Calyrex|92/100\n|-damage|p2b: Kyogre|46/100\n|move|p2a: Calyrex|Leech Seed|p1b: Calyrex\n|-start|p1b: Calyrex|move: Leech Seed\n|\n|-weather|RainDance|[upkeep]\n|-heal|p2a: Calyrex|98/100|[from] item: Leftovers\n|-damage|p1b: Calyrex|65/100|[from] Leech Seed|[of] p2a: Calyrex\n|-heal|p2a: Calyrex|100/100|[silent]\n|upkeep\n|turn|8\n|c|\u2606fernsthedruids|not a fan\n|l| trajan29\n|-message|fernsthedruids forfeited.\n|\n|win|anthony7245\n|raw|fernsthedruids's rating: 1343 &rarr; <strong>1326</strong><br />(-17 for losing)\n|raw|anthony7245's rating: 1400 &rarr; <strong>1417</strong><br />(+17 for winning)\n|l|\u2606fernsthedruids\n|player|p1|\n|j| trajan29\n|l| trajan29\n|l|\u2606anthony7245\n|player|p2|\n","uploadtime":1773784760,"views":10,"formatid":"gen9vgc2026regi","rating":1326,"private":0,"password":null}