{"id":"gen9vgc2026regi-2550428144","format":"[Gen 9] VGC 2026 Reg I","players":["NewAdi6","LechonkBro"],"log":"|j|\u2606NewAdi6\n|j|\u2606LechonkBro\n|t:|1772486349\n|gametype|doubles\n|player|p1|NewAdi6|170|1448\n|player|p2|LechonkBro|2|1612\n|gen|9\n|tier|[Gen 9] VGC 2026 Reg I\n|rated|\n|rule|Species Clause: Limit one of each Pok\u00e9mon\n|rule|Item Clause: Limit 1 of each item\n|clearpoke\n|poke|p1|Calyrex-Shadow, L50|\n|poke|p1|Zamazenta-*, L50|\n|poke|p1|Whimsicott, L50, F|\n|poke|p1|Chien-Pao, L50|\n|poke|p1|Raging Bolt, L50|\n|poke|p1|Urshifu-*, L50, M|\n|poke|p2|Chien-Pao, L50|\n|poke|p2|Calyrex-Shadow, L50|\n|poke|p2|Dondozo, L50, F|\n|poke|p2|Zamazenta-*, L50|\n|poke|p2|Dragonite, L50, M|\n|poke|p2|Tatsugiri, L50, F|\n|teampreview|4\n|inactive|Battle timer is ON: inactive players will automatically lose when time's up. (requested by LechonkBro)\n|inactive|LechonkBro has 60 seconds left.\n|\n|t:|1772486388\n|teamsize|p1|4\n|teamsize|p2|4\n|start\n|switch|p1a: Zamazenta|Zamazenta-Crowned, L50, shiny|100/100\n|switch|p1b: Calyrex|Calyrex-Shadow, L50|100/100\n|switch|p2a: Chien-Pao|Chien-Pao, L50|100/100\n|switch|p2b: Zamazenta|Zamazenta-Crowned, L50|100/100\n|-ability|p1b: Calyrex|As One\n|-ability|p1b: Calyrex|Unnerve\n|-ability|p2a: Chien-Pao|Sword of Ruin\n|-ability|p2b: Zamazenta|Dauntless Shield|boost\n|-boost|p2b: Zamazenta|def|1\n|-ability|p1a: Zamazenta|Dauntless Shield|boost\n|-boost|p1a: Zamazenta|def|1\n|turn|1\n|\n|t:|1772486406\n|-terastallize|p1a: Zamazenta|Ghost\n|move|p1b: Calyrex|Astral Barrage|p2b: Zamazenta|[spread] p2a,p2b\n|-resisted|p2a: Chien-Pao\n|-damage|p2a: Chien-Pao|48/100\n|-damage|p2b: Zamazenta|60/100\n|move|p2a: Chien-Pao|Ruination|p1a: Zamazenta\n|-damage|p1a: Zamazenta|50/100\n|move|p2b: Zamazenta|Body Press|p1a: Zamazenta\n|-immune|p1a: Zamazenta\n|move|p1a: Zamazenta|Behemoth Bash|p2a: Chien-Pao\n|-supereffective|p2a: Chien-Pao\n|-damage|p2a: Chien-Pao|0 fnt\n|faint|p2a: Chien-Pao\n|\n|upkeep\n|\n|t:|1772486420\n|switch|p2a: Calyrex|Calyrex-Shadow, L50|100/100\n|-ability|p2a: Calyrex|As One\n|-ability|p2a: Calyrex|Unnerve\n|turn|2\n|\n|t:|1772486440\n|move|p2b: Zamazenta|Wide Guard|p2b: Zamazenta\n|-singleturn|p2b: Zamazenta|Wide Guard\n|move|p1a: Zamazenta|Wide Guard|p1a: Zamazenta\n|-singleturn|p1a: Zamazenta|Wide Guard\n|move|p2a: Calyrex|Shadow Ball|p1a: Zamazenta\n|-supereffective|p1a: Zamazenta\n|-damage|p1a: Zamazenta|0 fnt\n|faint|p1a: Zamazenta\n|-ability|p2a: Calyrex|Grim Neigh|boost\n|-boost|p2a: Calyrex|spa|1\n|move|p1b: Calyrex|Encore|p2b: Zamazenta\n|-start|p2b: Zamazenta|Encore\n|\n|upkeep\n|\n|t:|1772486456\n|switch|p1a: Raging Bolt|Raging Bolt, L50|100/100\n|-enditem|p1a: Raging Bolt|Booster Energy\n|-activate|p1a: Raging Bolt|ability: Protosynthesis|[fromitem]\n|-start|p1a: Raging Bolt|protosynthesisspa\n|turn|3\n|inactive|LechonkBro has 30 seconds left.\n|\n|t:|1772486489\n|switch|p2b: Dragonite|Dragonite, L50, M|100/100\n|-terastallize|p2a: Calyrex|Ghost\n|move|p1a: Raging Bolt|Thunderclap|p2a: Calyrex\n|-damage|p2a: Calyrex|54/100\n|move|p2a: Calyrex|Shadow Ball|p1a: Raging Bolt\n|-damage|p1a: Raging Bolt|9/100\n|move|p1b: Calyrex|Psychic|p2a: Calyrex\n|-damage|p2a: Calyrex|1/100\n|\n|upkeep\n|turn|4\n|\n|t:|1772486505\n|move|p1a: Raging Bolt|Protect|p1a: Raging Bolt\n|-singleturn|p1a: Raging Bolt|Protect\n|move|p2b: Dragonite|Extreme Speed|p1a: Raging Bolt\n|-activate|p1a: Raging Bolt|move: Protect\n|move|p2a: Calyrex|Shadow Ball|p1b: Calyrex\n|-supereffective|p1b: Calyrex\n|-enditem|p1b: Calyrex|Focus Sash\n|-damage|p1b: Calyrex|1/100\n|move|p1b: Calyrex|Astral Barrage|p2a: Calyrex|[spread] p2a,p2b\n|-supereffective|p2a: Calyrex\n|-damage|p2a: Calyrex|0 fnt\n|-damage|p2b: Dragonite|52/100\n|faint|p2a: Calyrex\n|-ability|p1b: Calyrex|Grim Neigh|boost\n|-boost|p1b: Calyrex|spa|1\n|\n|upkeep\n|\n|t:|1772486519\n|switch|p2a: Zamazenta|Zamazenta-Crowned, L50|60/100\n|turn|5\n|\n|t:|1772486531\n|-end|p1a: Raging Bolt|Protosynthesis|[silent]\n|switch|p1a: Whimsicott|Whimsicott, L50, F, shiny|100/100\n|move|p2b: Dragonite|Extreme Speed|p1a: Whimsicott\n|-damage|p1a: Whimsicott|54/100\n|move|p1b: Calyrex|Astral Barrage|p2a: Zamazenta|[spread] p2a,p2b\n|-damage|p2a: Zamazenta|3/100\n|-damage|p2b: Dragonite|0 fnt\n|faint|p2b: Dragonite\n|-ability|p1b: Calyrex|Grim Neigh|boost\n|-boost|p1b: Calyrex|spa|1\n|move|p2a: Zamazenta|Behemoth Bash|p1b: Calyrex\n|-damage|p1b: Calyrex|0 fnt\n|faint|p1b: Calyrex\n|\n|upkeep\n|\n|t:|1772486534\n|switch|p1b: Raging Bolt|Raging Bolt, L50|9/100\n|turn|6\n|-message|LechonkBro forfeited.\n|\n|win|NewAdi6\n|raw|NewAdi6's rating: 1448 &rarr; <strong>1477</strong><br />(+29 for winning)\n|raw|LechonkBro's rating: 1612 &rarr; <strong>1583</strong><br />(-29 for losing)\n|l|\u2606LechonkBro\n|player|p2|\n|l|\u2606NewAdi6\n|player|p1|\n","uploadtime":1772486723,"views":14,"formatid":"gen9vgc2026regi","rating":1477,"private":0,"password":null}