{"id":"gen9vgc2026regi-2590026120","format":"[Gen 9] VGC 2026 Reg I","players":["wasaad5","darthray 25"],"log":"|j|\u2606wasaad5\n|j|\u2606darthray 25\n|t:|1776782135\n|gametype|doubles\n|player|p1|wasaad5|blue|1388\n|player|p2|darthray 25|marshal|1395\n|gen|9\n|tier|[Gen 9] VGC 2026 Reg I\n|rated|\n|rule|Species Clause: Limit one of each Pok\u00e9mon\n|rule|Item Clause: Limit 1 of each item\n|clearpoke\n|poke|p1|Kyurem-White, L50|\n|poke|p1|Zacian-*, L50|\n|poke|p1|Rillaboom, L50, F|\n|poke|p1|Urshifu-*, L50, M|\n|poke|p1|Amoonguss, L50, M|\n|poke|p1|Incineroar, L50, M|\n|poke|p2|Amoonguss, L50, M|\n|poke|p2|Zamazenta-*, L50|\n|poke|p2|Calyrex-Shadow, L50|\n|poke|p2|Indeedee-F, L50, F|\n|poke|p2|Ursaluna, L50, M|\n|poke|p2|Iron Hands, L50|\n|teampreview|4\n|inactive|Battle timer is ON: inactive players will automatically lose when time's up. (requested by darthray 25)\n|\n|t:|1776782195\n|teamsize|p1|4\n|teamsize|p2|4\n|start\n|switch|p1a: Incineroar|Incineroar, L50, M|100/100\n|switch|p1b: Kyurem|Kyurem-White, L50, shiny|100/100\n|switch|p2a: Zamazenta|Zamazenta-Crowned, L50|100/100\n|switch|p2b: Calyrex|Calyrex-Shadow, L50|100/100\n|-ability|p2b: Calyrex|As One\n|-ability|p2b: Calyrex|Unnerve\n|-ability|p1b: Kyurem|Turboblaze\n|-ability|p2a: Zamazenta|Dauntless Shield|boost\n|-boost|p2a: Zamazenta|def|1\n|-ability|p1a: Incineroar|Intimidate|boost\n|-unboost|p2a: Zamazenta|atk|1\n|-unboost|p2b: Calyrex|atk|1\n|turn|1\n|\n|t:|1776782220\n|-terastallize|p1b: Kyurem|Fire\n|move|p2b: Calyrex|Protect|p2b: Calyrex\n|-singleturn|p2b: Calyrex|Protect\n|move|p1a: Incineroar|Fake Out|p2a: Zamazenta\n|-resisted|p2a: Zamazenta\n|-damage|p2a: Zamazenta|98/100\n|move|p1b: Kyurem|Fusion Flare|p2a: Zamazenta\n|-supereffective|p2a: Zamazenta\n|-damage|p2a: Zamazenta|0 fnt\n|faint|p2a: Zamazenta\n|-damage|p1b: Kyurem|91/100|[from] item: Life Orb\n|\n|upkeep\n|\n|t:|1776782245\n|switch|p2a: Ursaluna|Ursaluna, L50, M|100/100\n|turn|2\n|\n|t:|1776782259\n|switch|p2b: Indeedee|Indeedee-F, L50, F|100/100\n|-fieldstart|move: Psychic Terrain|[from] ability: Psychic Surge|[of] p2b: Indeedee\n|switch|p1a: Rillaboom|Rillaboom, L50, F|100/100\n|-fieldstart|move: Grassy Terrain|[from] ability: Grassy Surge|[of] p1a: Rillaboom\n|move|p1b: Kyurem|Protect|p1b: Kyurem\n|-singleturn|p1b: Kyurem|Protect\n|move|p2a: Ursaluna|Protect||[still]\n|-fail|p2a: Ursaluna\n|\n|-heal|p1b: Kyurem|97/100|[from] Grassy Terrain\n|-status|p2a: Ursaluna|brn|[from] item: Flame Orb\n|upkeep\n|turn|3\n|inactive|darthray 25 has 30 seconds left.\n|\n|t:|1776782285\n|switch|p1a: Incineroar|Incineroar, L50, M|100/100\n|-ability|p1a: Incineroar|Intimidate|boost\n|-unboost|p2a: Ursaluna|atk|1\n|-unboost|p2b: Indeedee|atk|1\n|move|p2a: Ursaluna|Protect|p2a: Ursaluna\n|-singleturn|p2a: Ursaluna|Protect\n|move|p1b: Kyurem|Ice Beam|p2a: Ursaluna\n|-activate|p2a: Ursaluna|move: Protect\n|move|p2b: Indeedee|Trick Room|p2b: Indeedee\n|-fieldstart|move: Trick Room|[of] p2b: Indeedee\n|\n|-heal|p1b: Kyurem|100/100|[from] Grassy Terrain\n|-damage|p2a: Ursaluna|95/100 brn|[from] brn\n|upkeep\n|turn|4\n|inactive|wasaad5 has 30 seconds left.\n|inactive|darthray 25 has 30 seconds left.\n|\n|t:|1776782316\n|move|p2b: Indeedee|Protect|p2b: Indeedee\n|-singleturn|p2b: Indeedee|Protect\n|move|p1a: Incineroar|Fake Out|p2a: Ursaluna\n|-damage|p2a: Ursaluna|86/100 brn\n|cant|p2a: Ursaluna|flinch\n|move|p1b: Kyurem|Ice Beam|p2a: Ursaluna\n|-supereffective|p2a: Ursaluna\n|-damage|p2a: Ursaluna|0 fnt\n|faint|p2a: Ursaluna\n|-damage|p1b: Kyurem|91/100|[from] item: Life Orb\n|\n|-heal|p1b: Kyurem|97/100|[from] Grassy Terrain\n|upkeep\n|\n|t:|1776782333\n|switch|p2a: Calyrex|Calyrex-Shadow, L50|100/100\n|-ability|p2a: Calyrex|As One\n|-ability|p2a: Calyrex|Unnerve\n|turn|5\n|\n|t:|1776782342\n|move|p2a: Calyrex|Protect|p2a: Calyrex\n|-singleturn|p2a: Calyrex|Protect\n|move|p1a: Incineroar|Knock Off|p2a: Calyrex\n|-activate|p2a: Calyrex|move: Protect\n|move|p1b: Kyurem|Ice Beam|p2a: Calyrex\n|-activate|p2a: Calyrex|move: Protect\n|move|p2b: Indeedee|Trick Room|p2b: Indeedee\n|-fieldend|move: Trick Room\n|\n|-heal|p1b: Kyurem|100/100|[from] Grassy Terrain\n|upkeep\n|turn|6\n|inactive|wasaad5 has 30 seconds left.\n|inactive|darthray 25 has 30 seconds left.\n|\n|t:|1776782371\n|move|p1b: Kyurem|Protect|p1b: Kyurem\n|-singleturn|p1b: Kyurem|Protect\n|move|p2b: Indeedee|Follow Me|p2b: Indeedee\n|-singleturn|p2b: Indeedee|move: Follow Me\n|move|p2a: Calyrex|Nasty Plot|p2a: Calyrex\n|-boost|p2a: Calyrex|spa|2\n|move|p1a: Incineroar|Knock Off|p2b: Indeedee\n|-supereffective|p2b: Indeedee\n|-damage|p2b: Indeedee|33/100\n|-enditem|p2b: Indeedee|Safety Goggles|[from] move: Knock Off|[of] p1a: Incineroar\n|\n|-heal|p2b: Indeedee|39/100|[from] Grassy Terrain\n|-fieldend|move: Grassy Terrain\n|upkeep\n|turn|7\n|\n|t:|1776782393\n|switch|p1a: Zacian|Zacian-Crowned, L50|100/100\n|-ability|p1a: Zacian|Intrepid Sword|boost\n|-boost|p1a: Zacian|atk|1\n|move|p2b: Indeedee|Follow Me|p2b: Indeedee\n|-singleturn|p2b: Indeedee|move: Follow Me\n|move|p2a: Calyrex|Astral Barrage|p1a: Zacian|[spread] p1a,p1b\n|-damage|p1a: Zacian|3/100\n|-damage|p1b: Kyurem|5/100\n|move|p1b: Kyurem|Ice Beam|p2b: Indeedee\n|-damage|p2b: Indeedee|0 fnt\n|faint|p2b: Indeedee\n|-damage|p1b: Kyurem|0 fnt|[from] item: Life Orb\n|faint|p1b: Kyurem\n|\n|upkeep\n|\n|t:|1776782401\n|switch|p1b: Incineroar|Incineroar, L50, M|100/100\n|-ability|p1b: Incineroar|Intimidate|boost\n|-unboost|p2a: Calyrex|atk|1\n|turn|8\n|\n|t:|1776782418\n|switch|p1a: Rillaboom|Rillaboom, L50, F|100/100\n|-fieldstart|move: Grassy Terrain|[from] ability: Grassy Surge|[of] p1a: Rillaboom\n|-terastallize|p2a: Calyrex|Fairy\n|move|p2a: Calyrex|Astral Barrage|p1b: Incineroar|[spread] p1a,p1b\n|-resisted|p1b: Incineroar\n|-damage|p1a: Rillaboom|14/100\n|-damage|p1b: Incineroar|58/100\n|-enditem|p1b: Incineroar|Eject Button\n|\n|t:|1776782425\n|switch|p1b: Zacian|Zacian-Crowned, L50|3/100\n|\n|-heal|p1b: Zacian|9/100|[from] Grassy Terrain\n|-heal|p1a: Rillaboom|19/100|[from] Grassy Terrain\n|upkeep\n|turn|9\n|\n|t:|1776782438\n|switch|p1a: Incineroar|Incineroar, L50, M|58/100\n|-ability|p1a: Incineroar|Intimidate|boost\n|-unboost|p2a: Calyrex|atk|1\n|move|p2a: Calyrex|Astral Barrage|p1a: Incineroar|[spread] p1a,p1b\n|-resisted|p1a: Incineroar\n|-crit|p1a: Incineroar\n|-damage|p1a: Incineroar|0 fnt\n|-damage|p1b: Zacian|0 fnt\n|faint|p1a: Incineroar\n|faint|p1b: Zacian\n|-ability|p2a: Calyrex|Grim Neigh|boost\n|-boost|p2a: Calyrex|spa|2\n|\n|upkeep\n|\n|t:|1776782441\n|switch|p1b: Rillaboom|Rillaboom, L50, F|19/100\n|turn|10\n|\n|t:|1776782449\n|move|p2a: Calyrex|Protect|p2a: Calyrex\n|-singleturn|p2a: Calyrex|Protect\n|move|p1b: Rillaboom|Fake Out|p2a: Calyrex\n|-activate|p2a: Calyrex|move: Protect\n|\n|-heal|p1b: Rillaboom|25/100|[from] Grassy Terrain\n|upkeep\n|turn|11\n|-message|wasaad5 forfeited.\n|\n|win|darthray 25\n|raw|wasaad5's rating: 1372 &rarr; <strong>1353</strong><br />(-19 for losing)\n|raw|darthray 25's rating: 1395 &rarr; <strong>1414</strong><br />(+19 for winning)\n|l|\u2606wasaad5\n|player|p1|\n|l|\u2606darthray 25\n|player|p2|\n","uploadtime":1776782686,"views":6,"formatid":"gen9vgc2026regi","rating":1353,"private":0,"password":null}