{"id":"gen9vgc2026regi-2590451172","format":"[Gen 9] VGC 2026 Reg I","players":["castiel123","Ernesto_JC"],"log":"|j|\u2606castiel123\n|j|\u2606Ernesto_JC\n|t:|1776810926\n|gametype|doubles\n|player|p1|castiel123|169|1276\n|player|p2|Ernesto_JC|brock|1275\n|gen|9\n|tier|[Gen 9] VGC 2026 Reg I\n|rated|\n|rule|Species Clause: Limit one of each Pok\u00e9mon\n|rule|Item Clause: Limit 1 of each item\n|clearpoke\n|poke|p1|Zamazenta-*, L50|\n|poke|p1|Annihilape, L50, M|\n|poke|p1|Amoonguss, L50, F|\n|poke|p1|Terapagos, L50, M|\n|poke|p1|Chi-Yu, L50|\n|poke|p1|Whimsicott, L50, M|\n|poke|p2|Torkoal, L50, F|\n|poke|p2|Indeedee-F, L50, F|\n|poke|p2|Venusaur, L50, F|\n|poke|p2|Walking Wake, L50|\n|poke|p2|Braviary-Hisui, L50, M|\n|poke|p2|Koraidon, L50|\n|teampreview|4\nErnesto_JC rejected open team sheets.\n|inactive|Battle timer is ON: inactive players will automatically lose when time's up. (requested by Ernesto_JC)\n|\n|t:|1776811012\n|teamsize|p1|4\n|teamsize|p2|4\n|start\n|switch|p1a: Annihilape|Annihilape, L50, M|100/100\n|switch|p1b: Whimsicott|Whimsicott, L50, M|100/100\n|switch|p2a: Indeedee|Indeedee-F, L50, F|100/100\n|switch|p2b: Torkoal|Torkoal, L50, F|100/100\n|-fieldstart|move: Psychic Terrain|[from] ability: Psychic Surge|[of] p2a: Indeedee\n|-weather|SunnyDay|[from] ability: Drought|[of] p2b: Torkoal\n|turn|1\n|inactive|Ernesto_JC has 30 seconds left.\n|\n|t:|1776811039\n|switch|p1b: Terapagos|Terapagos, L50, M|100/100\n|-activate|p1b: Terapagos|ability: Tera Shift\n|detailschange|p1b: Terapagos|Terapagos-Terastal, L50, M\n|-heal|p1b: Terapagos|100/100|[silent]\n|move|p1a: Annihilape|Final Gambit|p2b: Torkoal\n|-damage|p2b: Torkoal|0 fnt\n|faint|p1a: Annihilape\n|faint|p2b: Torkoal\n|move|p2a: Indeedee|Psychic|p1b: Terapagos\n|-activate|p1b: Terapagos|ability: Tera Shell\n|-resisted|p1b: Terapagos\n|-damage|p1b: Terapagos|79/100\n|\n|-weather|SunnyDay|[upkeep]\n|upkeep\n|\n|t:|1776811053\n|switch|p1a: Zamazenta|Zamazenta-Crowned, L50|100/100\n|switch|p2b: Koraidon|Koraidon, L50|100/100\n|-activate|p2b: Koraidon|ability: Orichalcum Pulse\n|-ability|p1a: Zamazenta|Dauntless Shield|boost\n|-boost|p1a: Zamazenta|def|1\n|turn|2\n|\n|t:|1776811074\n|switch|p1a: Whimsicott|Whimsicott, L50, M|100/100\n|move|p2a: Indeedee|Follow Me|p2a: Indeedee\n|-singleturn|p2a: Indeedee|move: Follow Me\n|move|p2b: Koraidon|Collision Course|p1b: Terapagos\n|-supereffective|p1b: Terapagos\n|-crit|p1b: Terapagos\n|-damage|p1b: Terapagos|0 fnt\n|faint|p1b: Terapagos\n|\n|-weather|SunnyDay|[upkeep]\n|upkeep\n|\n|t:|1776811082\n|switch|p1b: Zamazenta|Zamazenta-Crowned, L50|100/100\n|turn|3\n|\n|t:|1776811089\n|-terastallize|p1b: Zamazenta|Water\n|move|p1a: Whimsicott|Tailwind|p1a: Whimsicott\n|-sidestart|p1: castiel123|move: Tailwind\n|move|p1b: Zamazenta|Iron Defense|p1b: Zamazenta\n|-boost|p1b: Zamazenta|def|2\n|move|p2b: Koraidon|Flare Blitz|p1a: Whimsicott\n|-supereffective|p1a: Whimsicott\n|-damage|p1a: Whimsicott|0 fnt\n|faint|p1a: Whimsicott\n|-damage|p2b: Koraidon|69/100|[from] Recoil\n|move|p2a: Indeedee|Psychic|p1b: Zamazenta\n|-crit|p1b: Zamazenta\n|-damage|p1b: Zamazenta|51/100\n|\n|-weather|SunnyDay|[upkeep]\n|upkeep\n|turn|4\n|\n|t:|1776811105\n|switch|p2b: Venusaur|Venusaur, L50, F|100/100\n|move|p2a: Indeedee|Follow Me|p2a: Indeedee\n|-singleturn|p2a: Indeedee|move: Follow Me\n|move|p1b: Zamazenta|Body Press|p2a: Indeedee\n|-damage|p2a: Indeedee|0 fnt\n|faint|p2a: Indeedee\n|\n|-weather|SunnyDay|[upkeep]\n|upkeep\n|\n|t:|1776811107\n|switch|p2a: Koraidon|Koraidon, L50|69/100\n|-activate|p2a: Koraidon|ability: Orichalcum Pulse\n|turn|5\n|\n|t:|1776811114\n|move|p1b: Zamazenta|Body Press|p2b: Venusaur\n|-resisted|p2b: Venusaur\n|-damage|p2b: Venusaur|41/100\n|move|p2b: Venusaur|Solar Beam||[still]\n|-prepare|p2b: Venusaur|Solar Beam\n|-anim|p2b: Venusaur|Solar Beam|p1b: Zamazenta\n|-supereffective|p1b: Zamazenta\n|-damage|p1b: Zamazenta|0 fnt\n|faint|p1b: Zamazenta\n|\n|win|Ernesto_JC\n|raw|castiel123's rating: 1276 &rarr; <strong>1251</strong><br />(-25 for losing)\n|raw|Ernesto_JC's rating: 1275 &rarr; <strong>1300</strong><br />(+25 for winning)\n|l|\u2606castiel123\n|player|p1|\n|l|\u2606Ernesto_JC\n|player|p2|\n","uploadtime":1776811353,"views":11,"formatid":"gen9vgc2026regi","rating":1251,"private":0,"password":null}