{"id":"gen9vgc2026regi-2530397454","format":"[Gen 9] VGC 2026 Reg I","players":["afdragonite","lalo's pollos"],"log":"|j|\u2606afdragonite\n|j|\u2606lalo's pollos\n|t:|1769911733\n|gametype|doubles\n|player|p1|afdragonite|265|1560\n|player|p2|lalo's pollos|169|1435\n|gen|9\n|tier|[Gen 9] VGC 2026 Reg I\n|rated|\n|rule|Species Clause: Limit one of each Pok\u00e9mon\n|rule|Item Clause: Limit 1 of each item\n|clearpoke\n|poke|p1|Mimikyu, L50, F|\n|poke|p1|Calyrex-Ice, L50|\n|poke|p1|Torkoal, L50, F|\n|poke|p1|Zoroark-Hisui, L50, F|\n|poke|p1|Kyogre, L50|\n|poke|p1|Annihilape, L50, F|\n|poke|p2|Miraidon, L50|\n|poke|p2|Landorus, L50, M|\n|poke|p2|Incineroar, L50, M|\n|poke|p2|Iron Bundle, L50|\n|poke|p2|Farigiraf, L50, F|\n|poke|p2|Calyrex-Ice, L50|\n|teampreview|4\n|inactive|Battle timer is ON: inactive players will automatically lose when time's up. (requested by afdragonite)\n|inactive|lalo's pollos has 60 seconds left.\n|inactive|lalo's pollos has 30 seconds left.\n|\n|t:|1769911797\n|teamsize|p1|4\n|teamsize|p2|4\n|start\n|switch|p1a: Annihilape|Annihilape, L50, F, shiny|100/100\n|switch|p1b: Hisuan Zoroark|Mimikyu, L50, F, shiny|100/100\n|switch|p2a: Co-Star|Miraidon, L50|100/100\n|switch|p2b: the Star|Iron Bundle, L50|100/100\n|-fieldstart|move: Electric Terrain|[from] ability: Hadron Engine|[of] p2a: Co-Star\n|-activate|p2b: the Star|ability: Quark Drive\n|-start|p2b: the Star|quarkdrivespe\n|turn|1\n|\n|t:|1769911813\n|-terastallize|p1b: Hisuan Zoroark|Grass\n|move|p2b: the Star|Icy Wind|p1a: Annihilape|[spread] p1a,p1b\n|-damage|p1a: Annihilape|80/100\n|-activate|p1b: Hisuan Zoroark|ability: Disguise\n|-damage|p1b: Hisuan Zoroark|100/100\n|-unboost|p1a: Annihilape|spe|1\n|-unboost|p1b: Hisuan Zoroark|spe|1\n|detailschange|p1b: Hisuan Zoroark|Mimikyu-Busted, L50, F, shiny, tera:Grass\n|-damage|p1b: Hisuan Zoroark|88/100|[from] pokemon: Mimikyu-Busted\n|move|p2a: Co-Star|Volt Switch|p1b: Hisuan Zoroark\n|-resisted|p1b: Hisuan Zoroark\n|-damage|p1b: Hisuan Zoroark|38/100\n|\n|t:|1769911820\n|switch|p2a: Incineroar|Incineroar, L50, M|100/100|[from] Volt Switch\n|-ability|p2a: Incineroar|Intimidate|boost\n|-unboost|p1a: Annihilape|atk|1\n|-unboost|p1b: Hisuan Zoroark|atk|1\n|move|p1a: Annihilape|Final Gambit|p2a: Incineroar\n|-damage|p2a: Incineroar|15/100\n|faint|p1a: Annihilape\n|move|p1b: Hisuan Zoroark|Trick Room|p1b: Hisuan Zoroark\n|-fieldstart|move: Trick Room|[of] p1b: Hisuan Zoroark\n|\n|upkeep\n|\n|t:|1769911833\n|switch|p1a: Calyrex|Calyrex-Ice, L50|100/100\n|-ability|p1a: Calyrex|As One\n|-ability|p1a: Calyrex|Unnerve\n|turn|2\n|\n|t:|1769911845\n|move|p1a: Calyrex|Protect|p1a: Calyrex\n|-singleturn|p1a: Calyrex|Protect\n|move|p2a: Incineroar|Fake Out|p1a: Calyrex\n|-activate|p1a: Calyrex|move: Protect\n|move|p1b: Hisuan Zoroark|Wood Hammer|p2b: the Star\n|-supereffective|p2b: the Star\n|-damage|p2b: the Star|17/100\n|-damage|p1b: Hisuan Zoroark|15/100|[from] Recoil\n|move|p2b: the Star|Freeze-Dry|p1b: Hisuan Zoroark\n|-supereffective|p1b: Hisuan Zoroark\n|-damage|p1b: Hisuan Zoroark|0 fnt\n|faint|p1b: Hisuan Zoroark\n|\n|upkeep\n|\n|t:|1769911855\n|switch|p1b: Kyogre|Kyogre, L50|100/100\n|-weather|RainDance|[from] ability: Drizzle|[of] p1b: Kyogre\n|turn|3\n|\n|t:|1769911877\n|move|p2b: the Star|Protect|p2b: the Star\n|-singleturn|p2b: the Star|Protect\n|move|p1b: Kyogre|Thunder|p2b: the Star\n|-activate|p2b: the Star|move: Protect\n|move|p1a: Calyrex|Glacial Lance|p2a: Incineroar|[spread] p2a\n|-activate|p2b: the Star|move: Protect\n|-resisted|p2a: Incineroar\n|-damage|p2a: Incineroar|0 fnt\n|faint|p2a: Incineroar\n|-ability|p1a: Calyrex|Chilling Neigh|boost\n|-boost|p1a: Calyrex|atk|1\n|\n|-weather|RainDance|[upkeep]\n|upkeep\n|\n|t:|1769911886\n|switch|p2a: Calyrex|Calyrex-Ice, L50|100/100\n|-ability|p2a: Calyrex|As One\n|-ability|p2a: Calyrex|Unnerve\n|turn|4\n|\n|t:|1769911890\n|-terastallize|p2a: Calyrex|Water\n|move|p1b: Kyogre|Water Spout|p2a: Calyrex|[spread] p2a,p2b\n|-resisted|p2a: Calyrex\n|-resisted|p2b: the Star\n|-damage|p2a: Calyrex|70/100\n|-damage|p2b: the Star|0 fnt\n|faint|p2b: the Star\n|-end|p2b: the Star|Quark Drive|[silent]\n|move|p1a: Calyrex|Glacial Lance|p2a: Calyrex\n|-resisted|p2a: Calyrex\n|-damage|p2a: Calyrex|36/100\n|move|p2a: Calyrex|Trick Room|p2a: Calyrex\n|-fieldend|move: Trick Room\n|\n|-weather|RainDance|[upkeep]\n|upkeep\n|\n|t:|1769911894\n|switch|p2b: Co-Star|Miraidon, L50|100/100\n|-activate|p2b: Co-Star|ability: Hadron Engine\n|turn|5\n|\n|t:|1769911907\n|move|p2b: Co-Star|Electro Drift|p1a: Calyrex\n|-damage|p1a: Calyrex|9/100\n|move|p2a: Calyrex|Glacial Lance|p1b: Kyogre|[spread] p1a,p1b\n|-resisted|p1a: Calyrex\n|-resisted|p1b: Kyogre\n|-damage|p1a: Calyrex|0 fnt\n|-damage|p1b: Kyogre|72/100\n|faint|p1a: Calyrex\n|-ability|p2a: Calyrex|Chilling Neigh|boost\n|-boost|p2a: Calyrex|atk|1\n|move|p1b: Kyogre|Water Spout|p2b: Co-Star|[spread] p2a,p2b\n|-resisted|p2a: Calyrex\n|-resisted|p2b: Co-Star\n|-damage|p2a: Calyrex|12/100\n|-damage|p2b: Co-Star|65/100\n|\n|-weather|RainDance|[upkeep]\n|-fieldend|move: Electric Terrain\n|upkeep\n|turn|6\n|\n|t:|1769911918\n|move|p2b: Co-Star|Electro Drift|p1b: Kyogre\n|-supereffective|p1b: Kyogre\n|-damage|p1b: Kyogre|0 fnt\n|faint|p1b: Kyogre\n|\n|win|lalo's pollos\n|raw|afdragonite's rating: 1560 &rarr; <strong>1533</strong><br />(-27 for losing)\n|raw|lalo&apos;s pollos's rating: 1435 &rarr; <strong>1462</strong><br />(+27 for winning)\n|l|\u2606lalo's pollos\n|player|p2|\n|l|\u2606afdragonite\n|player|p1|\n","uploadtime":1769911926,"views":25,"formatid":"gen9vgc2026regi","rating":1462,"private":0,"password":null}