{"id":"gen9vgc2026regi-2520024495","format":"[Gen 9] VGC 2026 Reg I","players":["Schimmli","AzureChuck"],"log":"|j|\u2606Schimmli\n|j|\u2606AzureChuck\n|t:|1768581107\n|gametype|doubles\n|player|p1|Schimmli|1|1541\n|player|p2|AzureChuck|101|1484\n|gen|9\n|tier|[Gen 9] VGC 2026 Reg I\n|rated|\n|rule|Species Clause: Limit one of each Pok\u00e9mon\n|rule|Item Clause: Limit 1 of each item\n|clearpoke\n|poke|p1|Terapagos, L50, M|\n|poke|p1|Calyrex-Shadow, L50|\n|poke|p1|Flutter Mane, L50|\n|poke|p1|Ogerpon-Cornerstone, L50, F|\n|poke|p1|Incineroar, L50, F|\n|poke|p1|Rillaboom, L50, M|\n|poke|p2|Miraidon, L50|\n|poke|p2|Iron Bundle, L50|\n|poke|p2|Terapagos, L50, M|\n|poke|p2|Ursaluna, L50, F|\n|poke|p2|Incineroar, L50, F|\n|poke|p2|Tornadus, L50, M|\n|teampreview|4\n|\n|t:|1768581149\n|teamsize|p1|4\n|teamsize|p2|4\n|start\n|switch|p1a: Terapagos|Terapagos, L50, M|100/100\n|switch|p1b: Rillaboom|Rillaboom, L50, M|100/100\n|switch|p2a: Incineroar|Incineroar, L50, F|100/100\n|switch|p2b: Miraidon|Miraidon, L50|100/100\n|-activate|p1a: Terapagos|ability: Tera Shift\n|detailschange|p1a: Terapagos|Terapagos-Terastal, L50, M\n|-heal|p1a: Terapagos|100/100|[silent]\n|-fieldstart|move: Electric Terrain|[from] ability: Hadron Engine|[of] p2b: Miraidon\n|-fieldstart|move: Grassy Terrain|[from] ability: Grassy Surge|[of] p1b: Rillaboom\n|-ability|p2a: Incineroar|Intimidate|boost\n|-unboost|p1a: Terapagos|atk|1\n|-unboost|p1b: Rillaboom|atk|1\n|turn|1\n|\n|t:|1768581177\n|switch|p2b: Ursaluna|Ursaluna, L50, F|100/100\n|move|p1b: Rillaboom|Fake Out|p2a: Incineroar\n|-damage|p2a: Incineroar|93/100\n|cant|p2a: Incineroar|flinch\n|move|p1a: Terapagos|Calm Mind|p1a: Terapagos\n|-boost|p1a: Terapagos|spa|1\n|-boost|p1a: Terapagos|spd|1\n|\n|-heal|p2a: Incineroar|99/100|[from] Grassy Terrain\n|-status|p2b: Ursaluna|brn|[from] item: Flame Orb\n|upkeep\n|turn|2\n|\n|t:|1768581195\n|move|p1a: Terapagos|Tera Starstorm|p2a: Incineroar\n|-damage|p2a: Incineroar|41/100\n|move|p1b: Rillaboom|U-turn|p2a: Incineroar\n|-damage|p2a: Incineroar|30/100\n|\n|t:|1768581200\n|switch|p1b: Incineroar|Incineroar, L50, F, shiny|100/100|[from] U-turn\n|-ability|p1b: Incineroar|Intimidate|boost\n|-fail|p2a: Incineroar|unboost|[from] item: Clear Amulet|[of] p2a: Incineroar\n|-unboost|p2b: Ursaluna|atk|1\n|move|p2a: Incineroar|Knock Off|p1a: Terapagos\n|-activate|p1a: Terapagos|ability: Tera Shell\n|-resisted|p1a: Terapagos\n|-damage|p1a: Terapagos|86/100\n|-enditem|p1a: Terapagos|Leftovers|[from] move: Knock Off|[of] p2a: Incineroar\n|move|p2b: Ursaluna|Facade|p1a: Terapagos\n|-damage|p1a: Terapagos|34/100\n|\n|-heal|p1a: Terapagos|41/100|[from] Grassy Terrain\n|-heal|p2a: Incineroar|36/100|[from] Grassy Terrain\n|-damage|p2b: Ursaluna|95/100 brn|[from] brn\n|upkeep\n|turn|3\n|\n|t:|1768581235\n|switch|p2a: Miraidon|Miraidon, L50|100/100\n|-fieldstart|move: Electric Terrain|[from] ability: Hadron Engine|[of] p2a: Miraidon\n|switch|p2b: Tornadus|Tornadus, L50, M, shiny|100/100\n|move|p1a: Terapagos|Protect|p1a: Terapagos\n|-singleturn|p1a: Terapagos|Protect\n|move|p1b: Incineroar|Parting Shot|p2b: Tornadus\n|-unboost|p2b: Tornadus|atk|1\n|-unboost|p2b: Tornadus|spa|1\n|\n|t:|1768581246\n|switch|p1b: Rillaboom|Rillaboom, L50, M|100/100|[from] Parting Shot\n|-fieldstart|move: Grassy Terrain|[from] ability: Grassy Surge|[of] p1b: Rillaboom\n|\n|-heal|p1a: Terapagos|47/100|[from] Grassy Terrain\n|upkeep\n|turn|4\n|\n|t:|1768581283\n|-terastallize|p1a: Terapagos|Stellar\n|detailschange|p1a: Terapagos|Terapagos-Stellar, L50, M, tera:Stellar\n|-heal|p1a: Terapagos|60/100|[silent]\n|-ability|p1a: Terapagos|Teraform Zero\n|-fieldend|move: Grassy Terrain\n|move|p1b: Rillaboom|Fake Out|p2a: Miraidon\n|-damage|p2a: Miraidon|89/100\n|move|p2b: Tornadus|Tailwind|p2b: Tornadus\n|-sidestart|p2: AzureChuck|move: Tailwind\n|cant|p2a: Miraidon|flinch\n|move|p1a: Terapagos|Tera Starstorm|p2b: Tornadus|[spread] p2a,p2b\n|-damage|p2a: Miraidon|64/100\n|-damage|p2b: Tornadus|47/100\n|\n|upkeep\n|turn|5\n|\n|t:|1768581319\n|move|p2a: Miraidon|Draco Meteor|p1a: Terapagos\n|-damage|p1a: Terapagos|27/100\n|-unboost|p2a: Miraidon|spa|2\n|move|p2b: Tornadus|Bleakwind Storm|p1b: Rillaboom|[spread] p1a,p1b\n|-supereffective|p1b: Rillaboom\n|-damage|p1a: Terapagos|18/100\n|-damage|p1b: Rillaboom|76/100\n|-unboost|p1a: Terapagos|spe|1\n|-unboost|p1b: Rillaboom|spe|1\n|move|p1a: Terapagos|Tera Starstorm|p2a: Miraidon|[spread] p2a,p2b\n|-damage|p2a: Miraidon|40/100\n|-damage|p2b: Tornadus|0 fnt\n|faint|p2b: Tornadus\n|move|p1b: Rillaboom|U-turn|p2a: Miraidon\n|-damage|p2a: Miraidon|21/100\n|\n|t:|1768581340\n|switch|p1b: Incineroar|Incineroar, L50, F, shiny|100/100|[from] U-turn\n|-ability|p1b: Incineroar|Intimidate|boost\n|-unboost|p2a: Miraidon|atk|1\n|\n|upkeep\n|\n|t:|1768581345\n|switch|p2b: Incineroar|Incineroar, L50, F|36/100\n|-ability|p2b: Incineroar|Intimidate|boost\n|-unboost|p1a: Terapagos|atk|1\n|-unboost|p1b: Incineroar|atk|1\n|turn|6\n|\n|t:|1768581358\n|-terastallize|p2a: Miraidon|Electric\n|move|p1a: Terapagos|Protect|p1a: Terapagos\n|-singleturn|p1a: Terapagos|Protect\n|move|p2b: Incineroar|Fake Out|p1a: Terapagos\n|-activate|p1a: Terapagos|move: Protect\n|move|p2a: Miraidon|Volt Switch|p1b: Incineroar\n|-damage|p1b: Incineroar|78/100\n|\n|t:|1768581367\n|switch|p2a: Ursaluna|Ursaluna, L50, F|95/100 brn|[from] Volt Switch\n|move|p1b: Incineroar|Parting Shot|p2a: Ursaluna\n|-unboost|p2a: Ursaluna|atk|1\n|-unboost|p2a: Ursaluna|spa|1\n|\n|t:|1768581374\n|switch|p1b: Rillaboom|Rillaboom, L50, M|76/100|[from] Parting Shot\n|-fieldstart|move: Grassy Terrain|[from] ability: Grassy Surge|[of] p1b: Rillaboom\n|\n|-heal|p2b: Incineroar|42/100|[from] Grassy Terrain\n|-heal|p1b: Rillaboom|82/100|[from] Grassy Terrain\n|-heal|p2a: Ursaluna|100/100 brn|[from] Grassy Terrain\n|-heal|p1a: Terapagos|24/100|[from] Grassy Terrain\n|-damage|p2a: Ursaluna|95/100 brn|[from] brn\n|upkeep\n|turn|7\n|\n|t:|1768581390\n|move|p1b: Rillaboom|Fake Out|p2a: Ursaluna\n|-damage|p2a: Ursaluna|85/100 brn\n|move|p2b: Incineroar|Flare Blitz|p1a: Terapagos\n|-damage|p1a: Terapagos|2/100\n|-damage|p2b: Incineroar|32/100|[from] Recoil\n|cant|p2a: Ursaluna|flinch\n|move|p1a: Terapagos|Tera Starstorm|p2a: Ursaluna|[spread] p2a,p2b\n|-damage|p2a: Ursaluna|39/100 brn\n|-damage|p2b: Incineroar|0 fnt\n|faint|p2b: Incineroar\n|\n|-heal|p1b: Rillaboom|88/100|[from] Grassy Terrain\n|-heal|p2a: Ursaluna|45/100 brn|[from] Grassy Terrain\n|-heal|p1a: Terapagos|8/100|[from] Grassy Terrain\n|-damage|p2a: Ursaluna|39/100 brn|[from] brn\n|-sideend|p2: AzureChuck|move: Tailwind\n|upkeep\n|\n|t:|1768581407\n|switch|p2b: Miraidon|Miraidon, L50, tera:Electric|21/100\n|-fieldstart|move: Electric Terrain|[from] ability: Hadron Engine|[of] p2b: Miraidon\n|turn|8\n|\n|t:|1768581424\n|move|p1a: Terapagos|Protect|p1a: Terapagos\n|-singleturn|p1a: Terapagos|Protect\n|move|p2b: Miraidon|Dazzling Gleam|p1a: Terapagos|[spread] p1b\n|-activate|p1a: Terapagos|move: Protect\n|-damage|p1b: Rillaboom|68/100\n|move|p1b: Rillaboom|U-turn|p2a: Ursaluna\n|-damage|p2a: Ursaluna|23/100 brn\n|\n|t:|1768581432\n|switch|p1b: Incineroar|Incineroar, L50, F, shiny|78/100|[from] U-turn\n|-ability|p1b: Incineroar|Intimidate|boost\n|-unboost|p2a: Ursaluna|atk|1\n|-unboost|p2b: Miraidon|atk|1\n|move|p2a: Ursaluna|Facade|p1b: Incineroar\n|-damage|p1b: Incineroar|32/100\n|-damage|p2a: Ursaluna|7/100 brn|[from] item: Rocky Helmet|[of] p1b: Incineroar\n|\n|-damage|p2a: Ursaluna|1/100 brn|[from] brn\n|upkeep\n|turn|9\n|-message|AzureChuck forfeited.\n|\n|win|Schimmli\n|raw|Schimmli's rating: 1541 &rarr; <strong>1558</strong><br />(+17 for winning)\n|raw|AzureChuck's rating: 1484 &rarr; <strong>1467</strong><br />(-17 for losing)\n|l|\u2606AzureChuck\n|player|p2|\n|l|\u2606Schimmli\n|player|p1|\n","uploadtime":1768581658,"views":22,"formatid":"gen9vgc2026regi","rating":1467,"private":0,"password":null}