{"id":"gen9vgc2026regi-2576505490","format":"[Gen 9] VGC 2026 Reg I","players":["billyandersen24","TheNamesBetty"],"log":"|j|\u2606billyandersen24\n|j|\u2606TheNamesBetty\n|t:|1775482608\n|gametype|doubles\n|player|p1|billyandersen24|picnicker|1410\n|player|p2|TheNamesBetty|koga|1434\n|gen|9\n|tier|[Gen 9] VGC 2026 Reg I\n|rated|\n|rule|Species Clause: Limit one of each Pok\u00e9mon\n|rule|Item Clause: Limit 1 of each item\n|clearpoke\n|poke|p1|Zamazenta-*, L50|\n|poke|p1|Calyrex-Shadow, L50|\n|poke|p1|Clefairy, L50, F|\n|poke|p1|Incineroar, L50, M|\n|poke|p1|Rillaboom, L50, M|\n|poke|p1|Grimmsnarl, L50, M|\n|poke|p2|Koraidon, L50|\n|poke|p2|Calyrex-Shadow, L50|\n|poke|p2|Tornadus, L50, M|\n|poke|p2|Chi-Yu, L50|\n|poke|p2|Clefairy, L50, M|\n|poke|p2|Dewgong, L50, M|\n|teampreview|4\n|inactive|Battle timer is ON: inactive players will automatically lose when time's up. (requested by billyandersen24)\n|\n|t:|1775482636\n|teamsize|p1|4\n|teamsize|p2|4\n|start\n|switch|p1a: Grimmsnarl|Grimmsnarl, L50, M|100/100\n|switch|p1b: Incineroar|Incineroar, L50, M|100/100\n|switch|p2a: Ch\u010di-ju|Chi-Yu, L50, shiny|100/100\n|switch|p2b: DDDMaxVerstappen|Dewgong, L50, M|100/100\n|-ability|p2a: Ch\u010di-ju|Beads of Ruin\n|-ability|p1b: Incineroar|Intimidate|boost\n|-unboost|p2a: Ch\u010di-ju|atk|1\n|-unboost|p2b: DDDMaxVerstappen|atk|1\n|turn|1\n|\n|t:|1775482650\n|move|p2b: DDDMaxVerstappen|Fake Out|p1a: Grimmsnarl\n|-damage|p1a: Grimmsnarl|96/100\n|move|p1b: Incineroar|Fake Out|p2b: DDDMaxVerstappen\n|-damage|p2b: DDDMaxVerstappen|90/100\n|cant|p1a: Grimmsnarl|flinch\n|move|p2a: Ch\u010di-ju|Overheat|p1a: Grimmsnarl\n|-damage|p1a: Grimmsnarl|0 fnt\n|-unboost|p2a: Ch\u010di-ju|spa|2\n|faint|p1a: Grimmsnarl\n|\n|upkeep\n|\n|t:|1775482662\n|switch|p1a: Calyrex|Calyrex-Shadow, L50|100/100\n|-ability|p1a: Calyrex|As One\n|-ability|p1a: Calyrex|Unnerve\n|turn|2\n|\n|t:|1775482686\n|switch|p2b: Jan\u017di\u017ekaZTrocnova|Koraidon, L50|100/100\n|-weather|SunnyDay|[from] ability: Orichalcum Pulse|[of] p2b: Jan\u017di\u017ekaZTrocnova\n|-activate|p2b: Jan\u017di\u017ekaZTrocnova|Orichalcum Pulse|[source]\n|-terastallize|p1a: Calyrex|Fairy\n|move|p2a: Ch\u010di-ju|Overheat|p1a: Calyrex\n|-damage|p1a: Calyrex|32/100\n|-unboost|p2a: Ch\u010di-ju|spa|2\n|move|p1a: Calyrex|Draining Kiss|p2a: Ch\u010di-ju\n|-damage|p2a: Ch\u010di-ju|46/100\n|-heal|p1a: Calyrex|59/100|[from] drain|[of] p2a: Ch\u010di-ju\n|-damage|p1a: Calyrex|49/100|[from] item: Life Orb\n|move|p1b: Incineroar|Knock Off|p2b: Jan\u017di\u017ekaZTrocnova\n|-resisted|p2b: Jan\u017di\u017ekaZTrocnova\n|-damage|p2b: Jan\u017di\u017ekaZTrocnova|86/100\n|-enditem|p2b: Jan\u017di\u017ekaZTrocnova|Clear Amulet|[from] move: Knock Off|[of] p1b: Incineroar\n|\n|-weather|SunnyDay|[upkeep]\n|upkeep\n|turn|3\n|inactive|billyandersen24 has 30 seconds left.\n|inactive|TheNamesBetty has 30 seconds left.\n|\n|t:|1775482723\n|switch|p2a: DDDMaxVerstappen|Dewgong, L50, M|90/100\n|-terastallize|p2b: Jan\u017di\u017ekaZTrocnova|Fire\n|move|p1a: Calyrex|Protect|p1a: Calyrex\n|-singleturn|p1a: Calyrex|Protect\n|move|p2b: Jan\u017di\u017ekaZTrocnova|Collision Course|p1b: Incineroar\n|-supereffective|p1b: Incineroar\n|-damage|p1b: Incineroar|0 fnt\n|faint|p1b: Incineroar\n|\n|-weather|SunnyDay|[upkeep]\n|upkeep\n|\n|t:|1775482733\n|switch|p1b: Clefairy|Clefairy, L50, F|100/100\n|turn|4\n|\n|t:|1775482756\n|switch|p2b: Ch\u010di-ju|Chi-Yu, L50, shiny|46/100\n|-ability|p2b: Ch\u010di-ju|Beads of Ruin\n|move|p1a: Calyrex|Protect||[still]\n|-fail|p1a: Calyrex\n|move|p2a: DDDMaxVerstappen|Perish Song|p2a: DDDMaxVerstappen\n|-start|p1a: Calyrex|perish3|[silent]\n|-start|p1b: Clefairy|perish3|[silent]\n|-start|p2a: DDDMaxVerstappen|perish3|[silent]\n|-start|p2b: Ch\u010di-ju|perish3|[silent]\n|-fieldactivate|move: Perish Song\n|move|p1b: Clefairy|Life Dew||[still]|[spread] p1a,p1b\n|-heal|p1a: Calyrex|74/100\n|-fail|p1b: Clefairy|heal\n|\n|-weather|SunnyDay|[upkeep]\n|-start|p2b: Ch\u010di-ju|perish3\n|-start|p1a: Calyrex|perish3\n|-start|p2a: DDDMaxVerstappen|perish3\n|-start|p1b: Clefairy|perish3\n|upkeep\n|turn|5\n|\n|t:|1775482775\n|move|p1b: Clefairy|Helping Hand|p1a: Calyrex\n|-singleturn|p1a: Calyrex|Helping Hand|[of] p1b: Clefairy\n|move|p2a: DDDMaxVerstappen|Protect|p2a: DDDMaxVerstappen\n|-singleturn|p2a: DDDMaxVerstappen|Protect\n|move|p2b: Ch\u010di-ju|Heat Wave|p1b: Clefairy|[spread] p1a,p1b\n|-damage|p1a: Calyrex|18/100\n|-damage|p1b: Clefairy|30/100\n|move|p1a: Calyrex|Astral Barrage|p2a: DDDMaxVerstappen|[spread] p2b\n|-activate|p2a: DDDMaxVerstappen|move: Protect\n|-resisted|p2b: Ch\u010di-ju\n|-damage|p2b: Ch\u010di-ju|0 fnt\n|faint|p2b: Ch\u010di-ju\n|-ability|p1a: Calyrex|Grim Neigh|boost\n|-boost|p1a: Calyrex|spa|1\n|-damage|p1a: Calyrex|8/100|[from] item: Life Orb\n|\n|-weather|SunnyDay|[upkeep]\n|-start|p1a: Calyrex|perish2\n|-start|p2a: DDDMaxVerstappen|perish2\n|-start|p1b: Clefairy|perish2\n|upkeep\n|\n|t:|1775482786\n|switch|p2b: Kedluben|Calyrex-Shadow, L50|100/100\n|-ability|p2b: Kedluben|As One\n|-ability|p2b: Kedluben|Unnerve\n|turn|6\n|\n|t:|1775482793\n|move|p1b: Clefairy|Helping Hand|p1a: Calyrex\n|-singleturn|p1a: Calyrex|Helping Hand|[of] p1b: Clefairy\n|move|p2a: DDDMaxVerstappen|Ice Shard|p1a: Calyrex\n|-damage|p1a: Calyrex|0 fnt\n|faint|p1a: Calyrex\n|move|p2b: Kedluben|Astral Barrage|p1b: Clefairy\n|-damage|p1b: Clefairy|0 fnt\n|faint|p1b: Clefairy\n|-damage|p2b: Kedluben|91/100|[from] item: Life Orb\n|\n|win|TheNamesBetty\n|raw|billyandersen24's rating: 1410 &rarr; <strong>1391</strong><br />(-19 for losing)\n|raw|TheNamesBetty's rating: 1434 &rarr; <strong>1453</strong><br />(+19 for winning)\n|l|\u2606billyandersen24\n|player|p1|\n","uploadtime":1775482805,"views":33,"formatid":"gen9vgc2026regi","rating":1391,"private":0,"password":null}