{"id":"gen9vgc2026regi-2563338655","format":"[Gen 9] VGC 2026 Reg I","players":["someonestolemyalt","1VLTSQ Joker"],"log":"|raw|<div class=\"broadcast-blue\"><strong>This battle is required to be public due to a player having a name starting with '1vltsq'.</div>\n|j|\u2606someonestolemyalt\n|j|\u26061VLTSQ Joker\n|t:|1774017682\n|gametype|doubles\n|player|p1|someonestolemyalt|170|1415\n|player|p2|1VLTSQ Joker|blue|1520\n|gen|9\n|tier|[Gen 9] VGC 2026 Reg I\n|rated|\n|rule|Species Clause: Limit one of each Pok\u00e9mon\n|rule|Item Clause: Limit 1 of each item\n|clearpoke\n|poke|p1|Miraidon, L50|\n|poke|p1|Zamazenta-*, L50|\n|poke|p1|Grimmsnarl, L50, M|\n|poke|p1|Chien-Pao, L50|\n|poke|p1|Volcarona, L50, F|\n|poke|p1|Iron Hands, L50|\n|poke|p2|Calyrex-Ice, L50|\n|poke|p2|Smeargle, L50, M|\n|poke|p2|Kyogre, L50|\n|poke|p2|Maushold, L50|\n|poke|p2|Volcarona, L50, F|\n|poke|p2|Chesnaught, L50, M|\n|teampreview|4\n|\n|t:|1774017718\n|teamsize|p1|4\n|teamsize|p2|4\n|start\n|switch|p1a: Miraidon|Miraidon, L50|100/100\n|switch|p1b: Zamazenta|Zamazenta-Crowned, L50|100/100\n|switch|p2a: Smeargle|Smeargle, L50, M|100/100\n|switch|p2b: Volcarona|Volcarona, L50, F|100/100\n|-fieldstart|move: Electric Terrain|[from] ability: Hadron Engine|[of] p1a: Miraidon\n|-ability|p1b: Zamazenta|Dauntless Shield|boost\n|-boost|p1b: Zamazenta|def|1\n|turn|1\n|\n|t:|1774017749\n|-terastallize|p1b: Zamazenta|Water\n|move|p2a: Smeargle|Fake Out|p1a: Miraidon\n|-damage|p1a: Miraidon|95/100\n|cant|p1a: Miraidon|flinch\n|move|p1b: Zamazenta|Body Press|p2a: Smeargle\n|-supereffective|p2a: Smeargle\n|-enditem|p2a: Smeargle|Focus Sash\n|-damage|p2a: Smeargle|1/100\n|move|p2b: Volcarona|Tailwind|p2b: Volcarona\n|-sidestart|p2: 1VLTSQ Joker|move: Tailwind\n|\n|-ability|p2a: Smeargle|Moody|boost\n|-boost|p2a: Smeargle|def|2\n|-unboost|p2a: Smeargle|spa|1\n|upkeep\n|turn|2\n|\n|t:|1774017789\n|move|p2b: Volcarona|Protect|p2b: Volcarona\n|-singleturn|p2b: Volcarona|Protect\n|move|p2a: Smeargle|Decorate|p2b: Volcarona\n|-boost|p2b: Volcarona|atk|2\n|-boost|p2b: Volcarona|spa|2\n|move|p1a: Miraidon|Volt Switch|p2b: Volcarona\n|-activate|p2b: Volcarona|move: Protect\n|move|p1b: Zamazenta|Body Press|p2a: Smeargle\n|-supereffective|p2a: Smeargle\n|-damage|p2a: Smeargle|0 fnt\n|faint|p2a: Smeargle\n|\n|upkeep\n|\n|t:|1774017815\n|switch|p2a: Calyrex|Calyrex-Ice, L50|100/100\n|-ability|p2a: Calyrex|As One\n|-ability|p2a: Calyrex|Unnerve\n|turn|3\n|\n|t:|1774017845\n|move|p1b: Zamazenta|Protect|p1b: Zamazenta\n|-singleturn|p1b: Zamazenta|Protect\n|move|p2b: Volcarona|Flamethrower|p1a: Miraidon\n|-resisted|p1a: Miraidon\n|-damage|p1a: Miraidon|61/100\n|move|p1a: Miraidon|Volt Switch|p2b: Volcarona\n|-damage|p2b: Volcarona|19/100\n|\n|t:|1774017856\n|switch|p1a: Iron Hands|Iron Hands, L50|100/100|[from] Volt Switch\n|-activate|p1a: Iron Hands|ability: Quark Drive\n|-start|p1a: Iron Hands|quarkdriveatk\n|move|p2a: Calyrex|High Horsepower|p1a: Iron Hands\n|-supereffective|p1a: Iron Hands\n|-damage|p1a: Iron Hands|44/100\n|\n|upkeep\n|turn|4\n|\n|t:|1774017875\n|-terastallize|p2a: Calyrex|Grass\n|move|p2b: Volcarona|Protect|p2b: Volcarona\n|-singleturn|p2b: Volcarona|Protect\n|move|p1a: Iron Hands|Fake Out|p2a: Calyrex\n|-damage|p2a: Calyrex|88/100\n|cant|p2a: Calyrex|flinch\n|move|p1b: Zamazenta|Body Press|p2a: Calyrex\n|-damage|p2a: Calyrex|43/100\n|\n|-sideend|p2: 1VLTSQ Joker|move: Tailwind\n|upkeep\n|turn|5\n|\n|t:|1774017902\n|move|p2b: Volcarona|Rage Powder|p2b: Volcarona\n|-singleturn|p2b: Volcarona|move: Rage Powder\n|move|p1b: Zamazenta|Body Press|p2b: Volcarona\n|-resisted|p2b: Volcarona\n|-crit|p2b: Volcarona\n|-damage|p2b: Volcarona|0 fnt\n|-damage|p1b: Zamazenta|84/100|[from] item: Rocky Helmet|[of] p2b: Volcarona\n|-status|p1b: Zamazenta|brn|[from] ability: Flame Body|[of] p2b: Volcarona\n|faint|p2b: Volcarona\n|move|p2a: Calyrex|Seed Bomb|p1b: Zamazenta\n|-supereffective|p1b: Zamazenta\n|-damage|p1b: Zamazenta|51/100 brn\n|move|p1a: Iron Hands|Low Kick|p2a: Calyrex\n|-damage|p2a: Calyrex|0 fnt\n|faint|p2a: Calyrex\n|\n|-damage|p1b: Zamazenta|45/100 brn|[from] brn\n|-fieldend|move: Electric Terrain\n|-end|p1a: Iron Hands|Quark Drive\n|upkeep\n|\n|t:|1774017916\n|switch|p2a: Kyogre|Kyogre, L50|100/100\n|-weather|RainDance|[from] ability: Drizzle|[of] p2a: Kyogre\n|turn|6\n|\n|t:|1774017927\n|move|p1b: Zamazenta|Wide Guard|p1b: Zamazenta\n|-singleturn|p1b: Zamazenta|Wide Guard\n|move|p2a: Kyogre|Water Spout|p1b: Zamazenta|[spread] \n|-activate|p1a: Iron Hands|move: Wide Guard\n|-activate|p1b: Zamazenta|move: Wide Guard\n|move|p1a: Iron Hands|Drain Punch|p2a: Kyogre\n|-damage|p2a: Kyogre|54/100\n|-heal|p1a: Iron Hands|61/100|[from] drain|[of] p2a: Kyogre\n|\n|-weather|RainDance|[upkeep]\n|-damage|p1b: Zamazenta|39/100 brn|[from] brn\n|upkeep\n|turn|7\n|-message|1VLTSQ Joker forfeited.\n|\n|win|someonestolemyalt\n|raw|someonestolemyalt's rating: 1390 &rarr; <strong>1417</strong><br />(+27 for winning)\n|raw|1VLTSQ Joker's rating: 1520 &rarr; <strong>1493</strong><br />(-27 for losing)\n|l|\u26061VLTSQ Joker\n|player|p2|\n|l|\u2606someonestolemyalt\n|player|p1|\n","uploadtime":1774018135,"views":24,"formatid":"gen9vgc2026regi","rating":1417,"private":0,"password":null}