{"id":"gen9vgc2026regi-2524652651","format":"[Gen 9] VGC 2026 Reg I","players":["ky123456","jun2014"],"log":"|j|\u2606ky123456\n|j|\u2606jun2014\n|t:|1769180295\n|gametype|doubles\n|player|p1|ky123456|cynthia-gen4|1446\n|player|p2|jun2014|102|1496\n|gen|9\n|tier|[Gen 9] VGC 2026 Reg I\n|rated|\n|rule|Species Clause: Limit one of each Pok\u00e9mon\n|rule|Item Clause: Limit 1 of each item\n|clearpoke\n|poke|p1|Koraidon, L50|\n|poke|p1|Calyrex-Ice, L50|\n|poke|p1|Incineroar, L50, M|\n|poke|p1|Smeargle, L50, F|\n|poke|p1|Rillaboom, L50, F|\n|poke|p1|Landorus, L50, M|\n|poke|p2|Koraidon, L50|\n|poke|p2|Lunala, L50|\n|poke|p2|Flutter Mane, L50|\n|poke|p2|Chi-Yu, L50|\n|poke|p2|Ursaluna, L50, M|\n|poke|p2|Indeedee-F, L50, F|\n|teampreview|4\n|inactive|Battle timer is ON: inactive players will automatically lose when time's up. (requested by jun2014)\n|inactive|ky123456 has 60 seconds left.\n|\n|t:|1769180333\n|teamsize|p1|4\n|teamsize|p2|4\n|start\n|switch|p1a: Calyrex|Calyrex-Ice, L50|100/100\n|switch|p1b: Smeargle|Smeargle, L50, F|100/100\n|switch|p2a: Lunala|Lunala, L50|100/100\n|switch|p2b: Indeedee|Indeedee-F, L50, F|100/100\n|-ability|p1a: Calyrex|As One\n|-ability|p1a: Calyrex|Unnerve\n|-fieldstart|move: Psychic Terrain|[from] ability: Psychic Surge|[of] p2b: Indeedee\n|turn|1\n|\n|t:|1769180357\n|-terastallize|p1a: Calyrex|Fairy\n|move|p2b: Indeedee|Follow Me|p2b: Indeedee\n|-singleturn|p2b: Indeedee|move: Follow Me\n|move|p1b: Smeargle|Spore|p2b: Indeedee\n|-activate|p2b: Indeedee|item: Safety Goggles|Spore\n|move|p2a: Lunala|Meteor Beam||[still]\n|-prepare|p2a: Lunala|Meteor Beam\n|-boost|p2a: Lunala|spa|1\n|-enditem|p2a: Lunala|Power Herb\n|-anim|p2a: Lunala|Meteor Beam|p1b: Smeargle\n|-enditem|p1b: Smeargle|Focus Sash\n|-damage|p1b: Smeargle|1/100\n|move|p1a: Calyrex|Leech Seed|p2b: Indeedee\n|-start|p2b: Indeedee|move: Leech Seed\n|\n|-damage|p2b: Indeedee|88/100|[from] Leech Seed|[of] p1a: Calyrex\n|-ability|p1b: Smeargle|Moody|boost\n|-boost|p1b: Smeargle|spd|2\n|-unboost|p1b: Smeargle|atk|1\n|upkeep\n|turn|2\n|inactive|ky123456 has 30 seconds left.\n|inactive|jun2014 has 30 seconds left.\n|inactive|jun2014 has 20 seconds left.\n|inactive|jun2014 has 15 seconds left.\n|inactive|jun2014 has 10 seconds left.\n|\n|t:|1769180405\n|move|p1b: Smeargle|Spiky Shield|p1b: Smeargle\n|-singleturn|p1b: Smeargle|move: Protect\n|move|p2b: Indeedee|Follow Me|p2b: Indeedee\n|-singleturn|p2b: Indeedee|move: Follow Me\n|move|p2a: Lunala|Expanding Force|p1b: Smeargle|[spread] p1a\n|-activate|p1b: Smeargle|move: Protect\n|-crit|p1a: Calyrex\n|-damage|p1a: Calyrex|17/100\n|move|p1a: Calyrex|Glacial Lance|p2a: Lunala|[spread] p2a,p2b\n|-damage|p2a: Lunala|78/100\n|-damage|p2b: Indeedee|34/100\n|\n|-heal|p1a: Calyrex|23/100|[from] item: Leftovers\n|-damage|p2b: Indeedee|21/100|[from] Leech Seed|[of] p1a: Calyrex\n|-heal|p1a: Calyrex|34/100|[silent]\n|-ability|p1b: Smeargle|Moody|boost\n|-boost|p1b: Smeargle|spa|2\n|-unboost|p1b: Smeargle|spe|1\n|upkeep\n|turn|3\n|inactive|ky123456 has 30 seconds left.\n|inactive|jun2014 has 30 seconds left.\n|inactive|jun2014 has 20 seconds left.\n|inactive|jun2014 has 15 seconds left.\n|\n|t:|1769180446\n|switch|p1b: Incineroar|Incineroar, L50, M|100/100\n|-ability|p1b: Incineroar|Intimidate|boost\n|-unboost|p2a: Lunala|atk|1\n|-unboost|p2b: Indeedee|atk|1\n|move|p1a: Calyrex|Protect|p1a: Calyrex\n|-singleturn|p1a: Calyrex|Protect\n|move|p2b: Indeedee|Follow Me|p2b: Indeedee\n|-singleturn|p2b: Indeedee|move: Follow Me\n|move|p2a: Lunala|Moongeist Beam|p1a: Calyrex\n|-activate|p1a: Calyrex|move: Protect\n|\n|-heal|p1a: Calyrex|40/100|[from] item: Leftovers\n|-damage|p2b: Indeedee|9/100|[from] Leech Seed|[of] p1a: Calyrex\n|-heal|p1a: Calyrex|50/100|[silent]\n|upkeep\n|turn|4\n|inactive|ky123456 has 30 seconds left.\n|inactive|jun2014 has 30 seconds left.\n|inactive|jun2014 has 20 seconds left.\n|inactive|jun2014 has 15 seconds left.\n|\n|t:|1769180487\n|switch|p2b: Koraidon|Koraidon, L50|100/100\n|-weather|SunnyDay|[from] ability: Orichalcum Pulse|[of] p2b: Koraidon\n|-activate|p2b: Koraidon|Orichalcum Pulse|[source]\n|switch|p1a: Smeargle|Smeargle, L50, F|1/100\n|-terastallize|p2a: Lunala|Water\n|move|p2a: Lunala|Moongeist Beam|p1a: Smeargle\n|-immune|p1a: Smeargle\n|move|p1b: Incineroar|Knock Off|p2a: Lunala\n|-damage|p2a: Lunala|57/100\n|\n|-weather|SunnyDay|[upkeep]\n|-ability|p1a: Smeargle|Moody|boost\n|-boost|p1a: Smeargle|spd|2\n|-unboost|p1a: Smeargle|spe|1\n|upkeep\n|turn|5\n|inactive|ky123456 has 30 seconds left.\n|inactive|jun2014 has 30 seconds left.\n|inactive|ky123456 has 20 seconds left.\n|inactive|jun2014 has 20 seconds left.\n|inactive|ky123456 has 15 seconds left.\n|inactive|jun2014 has 15 seconds left.\n|inactive|ky123456 has 10 seconds left.\n|inactive|jun2014 has 10 seconds left.\n|inactive|jun2014 has 5 seconds left.\n|\n|t:|1769180541\n|move|p1a: Smeargle|Spiky Shield|p1a: Smeargle\n|-singleturn|p1a: Smeargle|move: Protect\n|move|p2b: Koraidon|Close Combat|p1b: Incineroar\n|-supereffective|p1b: Incineroar\n|-damage|p1b: Incineroar|0 fnt\n|-unboost|p2b: Koraidon|def|1\n|-unboost|p2b: Koraidon|spd|1\n|faint|p1b: Incineroar\n|-damage|p2b: Koraidon|91/100|[from] item: Life Orb\n|move|p2a: Lunala|Expanding Force|p1a: Smeargle\n|-activate|p1a: Smeargle|move: Protect\n|\n|-weather|SunnyDay|[upkeep]\n|-fieldend|move: Psychic Terrain\n|-ability|p1a: Smeargle|Moody|boost\n|-boost|p1a: Smeargle|spa|2\n|-unboost|p1a: Smeargle|spe|1\n|upkeep\n|inactive|ky123456 has 30 seconds left.\n|\n|t:|1769180573\n|switch|p1b: Calyrex|Calyrex-Ice, L50, tera:Fairy|50/100\n|-ability|p1b: Calyrex|As One\n|-ability|p1b: Calyrex|Unnerve\n|turn|6\n|\n|t:|1769180590\n|switch|p2b: Indeedee|Indeedee-F, L50, F|9/100\n|-fieldstart|move: Psychic Terrain|[from] ability: Psychic Surge|[of] p2b: Indeedee\n|move|p1a: Smeargle|Spiky Shield||[still]\n|-fail|p1a: Smeargle\n|move|p2a: Lunala|Expanding Force|p1a: Smeargle|[spread] p1a,p1b\n|-damage|p1a: Smeargle|0 fnt\n|-damage|p1b: Calyrex|0 fnt\n|faint|p1a: Smeargle\n|faint|p1b: Calyrex\n|\n|-weather|SunnyDay|[upkeep]\n|upkeep\n|\n|t:|1769180599\n|switch|p1b: Koraidon|Koraidon, L50|100/100\n|-activate|p1b: Koraidon|ability: Orichalcum Pulse\n|turn|7\n|\n|t:|1769180607\n|move|p2b: Indeedee|Follow Me|p2b: Indeedee\n|-singleturn|p2b: Indeedee|move: Follow Me\n|move|p1b: Koraidon|Low Kick|p2b: Indeedee\n|-damage|p2b: Indeedee|0 fnt\n|faint|p2b: Indeedee\n|move|p2a: Lunala|Expanding Force|p1b: Koraidon\n|-supereffective|p1b: Koraidon\n|-damage|p1b: Koraidon|0 fnt\n|faint|p1b: Koraidon\n|\n|win|jun2014\n|raw|ky123456's rating: 1446 &rarr; <strong>1429</strong><br />(-17 for losing)\n|raw|jun2014's rating: 1496 &rarr; <strong>1513</strong><br />(+17 for winning)\n|l|\u2606ky123456\n|player|p1|\n|l|\u2606jun2014\n|player|p2|\n","uploadtime":1769180804,"views":14,"formatid":"gen9vgc2026regi","rating":1429,"private":0,"password":null}