{"id":"gen9vgc2026regi-2560841285","format":"[Gen 9] VGC 2026 Reg I","players":["Solarbloke","TheNamesBetty"],"log":"|j|\u2606Solarbloke\n|j|\u2606TheNamesBetty\n|t:|1773735959\n|gametype|doubles\n|player|p1|Solarbloke|266|1390\n|player|p2|TheNamesBetty|koga|1274\n|gen|9\n|tier|[Gen 9] VGC 2026 Reg I\n|rated|\n|rule|Species Clause: Limit one of each Pok\u00e9mon\n|rule|Item Clause: Limit 1 of each item\n|clearpoke\n|poke|p1|Calyrex-Ice, L50|\n|poke|p1|Kyogre, L50|\n|poke|p1|Smeargle, L50, M|\n|poke|p1|Farigiraf, L50, F|\n|poke|p1|Basculegion, L50, M|\n|poke|p1|Grimmsnarl, L50, M|\n|poke|p2|Eternatus, L50|\n|poke|p2|Ho-Oh, L50|\n|poke|p2|Gastrodon, L50, M|\n|poke|p2|Grimmsnarl, L50, M|\n|poke|p2|Ting-Lu, L50|\n|poke|p2|Rhydon, L50, M|\n|teampreview|4\nTheNamesBetty has agreed to open team sheets.\n|\n|t:|1773735975\n|teamsize|p1|4\n|teamsize|p2|4\n|start\n|switch|p1a: Calyrex|Calyrex-Ice, L50|100/100\n|switch|p1b: Grimmsnarl|Grimmsnarl, L50, M|100/100\n|switch|p2a: Ptakopysk|Eternatus, L50|100/100\n|switch|p2b: Kret\u00e9n Pojeban\u00fd|Grimmsnarl, L50, M|100/100\n|-ability|p1a: Calyrex|As One\n|-ability|p1a: Calyrex|Unnerve\n|-ability|p2a: Ptakopysk|Pressure\n|turn|1\n|\n|t:|1773735996\n|move|p1b: Grimmsnarl|Taunt|p2a: Ptakopysk\n|-start|p2a: Ptakopysk|move: Taunt\n|cant|p2a: Ptakopysk|move: Taunt|Cosmic Power\n|move|p1a: Calyrex|Glacial Lance|p2a: Ptakopysk|[spread] p2a,p2b\n|-supereffective|p2a: Ptakopysk\n|-damage|p2a: Ptakopysk|20/100\n|-damage|p2b: Kret\u00e9n Pojeban\u00fd|54/100\n|move|p2b: Kret\u00e9n Pojeban\u00fd|Foul Play|p1a: Calyrex\n|-supereffective|p1a: Calyrex\n|-damage|p1a: Calyrex|26/100\n|\n|upkeep\n|turn|2\n|\n|t:|1773736017\n|switch|p2a: H\u00fa h\u00fa|Ho-Oh, L50|100/100\n|move|p2b: Kret\u00e9n Pojeban\u00fd|Reflect|p2b: Kret\u00e9n Pojeban\u00fd\n|-sidestart|p2: TheNamesBetty|Reflect\n|move|p1a: Calyrex|Glacial Lance|p2a: H\u00fa h\u00fa|[spread] p2a,p2b\n|-damage|p2a: H\u00fa h\u00fa|70/100\n|-damage|p2b: Kret\u00e9n Pojeban\u00fd|19/100\n|move|p1b: Grimmsnarl|Spirit Break|p2b: Kret\u00e9n Pojeban\u00fd\n|-supereffective|p2b: Kret\u00e9n Pojeban\u00fd\n|-crit|p2b: Kret\u00e9n Pojeban\u00fd\n|-damage|p2b: Kret\u00e9n Pojeban\u00fd|0 fnt\n|faint|p2b: Kret\u00e9n Pojeban\u00fd\n|\n|upkeep\n|\n|t:|1773736039\n|switch|p2b: Ptakopysk|Eternatus, L50|20/100\n|-ability|p2b: Ptakopysk|Pressure\n|turn|3\n|\n|t:|1773736048\n|move|p1b: Grimmsnarl|Taunt|p2b: Ptakopysk\n|-start|p2b: Ptakopysk|move: Taunt\n|cant|p2b: Ptakopysk|move: Taunt|Recover\n|move|p2a: H\u00fa h\u00fa|Sacred Fire|p1a: Calyrex\n|-supereffective|p1a: Calyrex\n|-damage|p1a: Calyrex|0 fnt\n|faint|p1a: Calyrex\n|\n|upkeep\n|\n|t:|1773736056\n|switch|p1a: Kyogre|Kyogre, L50|100/100\n|-weather|RainDance|[from] ability: Drizzle|[of] p1a: Kyogre\n|turn|4\n|\n|t:|1773736067\n|switch|p2b: Risk je Slizk|Gastrodon, L50, M|100/100\n|-terastallize|p1a: Kyogre|Water\n|-terastallize|p2a: H\u00fa h\u00fa|Water\n|move|p1b: Grimmsnarl|Reflect|p1b: Grimmsnarl\n|-sidestart|p1: Solarbloke|Reflect\n|move|p1a: Kyogre|Water Spout|p2b: Risk je Slizk|[spread] p2a\n|-ability|p2b: Risk je Slizk|Storm Drain|boost\n|-boost|p2b: Risk je Slizk|spa|1\n|-resisted|p2a: H\u00fa h\u00fa\n|-damage|p2a: H\u00fa h\u00fa|38/100\n|move|p2a: H\u00fa h\u00fa|Sacred Fire|p1b: Grimmsnarl\n|-damage|p1b: Grimmsnarl|87/100\n|-status|p1b: Grimmsnarl|brn\n|\n|-weather|RainDance|[upkeep]\n|-damage|p1b: Grimmsnarl|81/100 brn|[from] brn\n|upkeep\n|turn|5\n|\n|t:|1773736083\n|switch|p1b: Smeargle|Smeargle, L50, M|100/100\n|move|p2a: H\u00fa h\u00fa|Protect|p2a: H\u00fa h\u00fa\n|-singleturn|p2a: H\u00fa h\u00fa|Protect\n|move|p1a: Kyogre|Water Spout|p2a: H\u00fa h\u00fa|[spread] \n|-activate|p2a: H\u00fa h\u00fa|move: Protect\n|-ability|p2b: Risk je Slizk|Storm Drain|boost\n|-boost|p2b: Risk je Slizk|spa|1\n|move|p2b: Risk je Slizk|Earth Power|p1a: Kyogre\n|-damage|p1a: Kyogre|57/100\n|\n|-weather|RainDance|[upkeep]\n|-ability|p1b: Smeargle|Moody|boost\n|-boost|p1b: Smeargle|def|2\n|-unboost|p1b: Smeargle|spd|1\n|upkeep\n|turn|6\n|\n|t:|1773736099\n|switch|p1a: Grimmsnarl|Grimmsnarl, L50, M|81/100 brn\n|move|p1b: Smeargle|Spore|p2b: Risk je Slizk\n|-status|p2b: Risk je Slizk|slp|[from] move: Spore\n|move|p2a: H\u00fa h\u00fa|Recover|p2a: H\u00fa h\u00fa\n|-heal|p2a: H\u00fa h\u00fa|88/100\n|cant|p2b: Risk je Slizk|slp\n|\n|-weather|RainDance|[upkeep]\n|-damage|p1a: Grimmsnarl|75/100 brn|[from] brn\n|-ability|p1b: Smeargle|Moody|boost\n|-boost|p1b: Smeargle|spa|2\n|-unboost|p1b: Smeargle|def|1\n|upkeep\n|turn|7\n|\n|t:|1773736113\n|-curestatus|p2b: Risk je Slizk|slp|[msg]\n|move|p2b: Risk je Slizk|Protect|p2b: Risk je Slizk\n|-singleturn|p2b: Risk je Slizk|Protect\n|move|p1a: Grimmsnarl|Light Screen|p1a: Grimmsnarl\n|-sidestart|p1: Solarbloke|move: Light Screen\n|move|p1b: Smeargle|Spore|p2a: H\u00fa h\u00fa\n|-status|p2a: H\u00fa h\u00fa|slp|[from] move: Spore\n|cant|p2a: H\u00fa h\u00fa|slp\n|\n|-weather|RainDance|[upkeep]\n|-damage|p1a: Grimmsnarl|69/100 brn|[from] brn\n|-ability|p1b: Smeargle|Moody|boost\n|-boost|p1b: Smeargle|spa|2\n|-unboost|p1b: Smeargle|spd|1\n|upkeep\n|turn|8\n|\n|t:|1773736131\n|switch|p2b: Ptakopysk|Eternatus, L50|20/100\n|-ability|p2b: Ptakopysk|Pressure\n|move|p1b: Smeargle|Spore|p2b: Ptakopysk\n|-activate|p2b: Ptakopysk|item: Safety Goggles|Spore\n|cant|p2a: H\u00fa h\u00fa|slp\n|move|p1a: Grimmsnarl|Spirit Break|p2b: Ptakopysk\n|-damage|p2b: Ptakopysk|13/100\n|-unboost|p2b: Ptakopysk|spa|1\n|\n|-weather|none\n|-damage|p1a: Grimmsnarl|63/100 brn|[from] brn\n|-ability|p1b: Smeargle|Moody|boost\n|-boost|p1b: Smeargle|spe|2\n|-unboost|p1b: Smeargle|spa|1\n|upkeep\n|turn|9\n|\n|t:|1773736153\n|move|p1b: Smeargle|Follow Me|p1b: Smeargle\n|-singleturn|p1b: Smeargle|move: Follow Me\n|move|p1a: Grimmsnarl|Taunt|p2b: Ptakopysk\n|-start|p2b: Ptakopysk|move: Taunt\n|move|p2b: Ptakopysk|Fire Spin|p1b: Smeargle\n|-damage|p1b: Smeargle|79/100\n|-activate|p1b: Smeargle|move: Fire Spin|[of] p2b: Ptakopysk\n|-curestatus|p2a: H\u00fa h\u00fa|slp|[msg]\n|move|p2a: H\u00fa h\u00fa|Life Dew|p2a: H\u00fa h\u00fa|[spread] p2a,p2b\n|-heal|p2a: H\u00fa h\u00fa|100/100\n|-heal|p2b: Ptakopysk|38/100\n|\n|-damage|p1a: Grimmsnarl|57/100 brn|[from] brn\n|-damage|p1b: Smeargle|67/100|[from] move: Fire Spin|[partiallytrapped]\n|-sideend|p2: TheNamesBetty|Reflect\n|-ability|p1b: Smeargle|Moody|boost\n|-boost|p1b: Smeargle|spa|2\n|-unboost|p1b: Smeargle|spe|1\n|upkeep\n|turn|10\n|\n|t:|1773736174\n|move|p2a: H\u00fa h\u00fa|Protect|p2a: H\u00fa h\u00fa\n|-singleturn|p2a: H\u00fa h\u00fa|Protect\n|move|p1a: Grimmsnarl|Taunt|p2a: H\u00fa h\u00fa\n|-activate|p2a: H\u00fa h\u00fa|move: Protect\n|move|p1b: Smeargle|Spore|p2a: H\u00fa h\u00fa\n|-activate|p2a: H\u00fa h\u00fa|move: Protect\n|move|p2b: Ptakopysk|Sludge Wave|p1b: Smeargle|[spread] p1a,p1b\n|-activate|p2a: H\u00fa h\u00fa|move: Protect\n|-supereffective|p1a: Grimmsnarl\n|-damage|p1a: Grimmsnarl|25/100 brn\n|-damage|p1b: Smeargle|2/100\n|\n|-damage|p1a: Grimmsnarl|19/100 brn|[from] brn\n|-damage|p1b: Smeargle|0 fnt|[from] move: Fire Spin|[partiallytrapped]\n|faint|p1b: Smeargle\n|upkeep\n|\n|t:|1773736176\n|switch|p1b: Kyogre|Kyogre, L50, tera:Water|57/100\n|-weather|RainDance|[from] ability: Drizzle|[of] p1b: Kyogre\n|turn|11\n|\n|t:|1773736206\n|move|p1a: Grimmsnarl|Taunt|p2a: H\u00fa h\u00fa\n|-start|p2a: H\u00fa h\u00fa|move: Taunt\n|move|p1b: Kyogre|Origin Pulse|p2a: H\u00fa h\u00fa|[spread] p2b\n|-miss|p1b: Kyogre|p2a: H\u00fa h\u00fa\n|-resisted|p2b: Ptakopysk\n|-damage|p2b: Ptakopysk|8/100\n|move|p2b: Ptakopysk|Fire Spin|p1a: Grimmsnarl\n|-damage|p1a: Grimmsnarl|17/100 brn\n|-activate|p1a: Grimmsnarl|move: Fire Spin|[of] p2b: Ptakopysk\n|move|p2a: H\u00fa h\u00fa|Sacred Fire|p1b: Kyogre\n|-resisted|p1b: Kyogre\n|-damage|p1b: Kyogre|48/100\n|\n|-weather|RainDance|[upkeep]\n|-damage|p1a: Grimmsnarl|11/100 brn|[from] brn\n|-damage|p1a: Grimmsnarl|0 fnt|[from] move: Fire Spin|[partiallytrapped]\n|faint|p1a: Grimmsnarl\n|-end|p2b: Ptakopysk|move: Taunt\n|-sideend|p1: Solarbloke|Reflect\n|upkeep\n|turn|12\n|\n|t:|1773736227\n|move|p1b: Kyogre|Origin Pulse|p2b: Ptakopysk|[spread] p2a,p2b\n|-resisted|p2a: H\u00fa h\u00fa\n|-resisted|p2b: Ptakopysk\n|-damage|p2a: H\u00fa h\u00fa|77/100\n|-damage|p2b: Ptakopysk|0 fnt\n|faint|p2b: Ptakopysk\n|move|p2a: H\u00fa h\u00fa|Sacred Fire|p1b: Kyogre\n|-resisted|p1b: Kyogre\n|-damage|p1b: Kyogre|38/100\n|\n|-weather|RainDance|[upkeep]\n|upkeep\n|\n|t:|1773736229\n|switch|p2b: Risk je Slizk|Gastrodon, L50, M|100/100\n|turn|13\n|-message|Solarbloke forfeited.\n|\n|win|TheNamesBetty\n|raw|Solarbloke's rating: 1390 &rarr; <strong>1364</strong><br />(-26 for losing)\n|raw|TheNamesBetty's rating: 1274 &rarr; <strong>1307</strong><br />(+33 for winning)\n|l|\u2606Solarbloke\n|player|p1|\n|l|\u2606TheNamesBetty\n|player|p2|\n","uploadtime":1773736244,"views":16,"formatid":"gen9vgc2026regi","rating":1307,"private":0,"password":null}