{"id":"gen9vgc2026regi-2573750280","format":"[Gen 9] VGC 2026 Reg I","players":["Harry Koekenpan","Odddish262"],"log":"|j|\u2606Harry Koekenpan\n|j|\u2606Odddish262\n|t:|1775161718\n|gametype|doubles\n|player|p1|Harry Koekenpan|101|1370\n|player|p2|Odddish262|caitlin|1349\n|gen|9\n|tier|[Gen 9] VGC 2026 Reg I\n|rated|\n|rule|Species Clause: Limit one of each Pok\u00e9mon\n|rule|Item Clause: Limit 1 of each item\n|clearpoke\n|poke|p1|Weezing-Galar, L50, M|\n|poke|p1|Calyrex-Shadow, L50|\n|poke|p1|Brute Bonnet, L50|\n|poke|p1|Koraidon, L50|\n|poke|p1|Chien-Pao, L50|\n|poke|p1|Regigigas, L50|\n|poke|p2|Groudon, L50|\n|poke|p2|Chi-Yu, L50|\n|poke|p2|Flutter Mane, L50|\n|poke|p2|Raging Bolt, L50|\n|poke|p2|Calyrex-Ice, L50|\n|poke|p2|Jumpluff, L50, F|\n|teampreview|4\n|inactive|Battle timer is ON: inactive players will automatically lose when time's up. (requested by Odddish262)\n|\n|t:|1775161748\n|teamsize|p1|4\n|teamsize|p2|4\n|start\n|switch|p1a: Weezing|Weezing-Galar, L50, M|100/100\n|switch|p1b: Regigigas|Regigigas, L50|100/100\n|switch|p2a: suh|Calyrex-Ice, L50|100/100\n|switch|p2b: cuh|Chi-Yu, L50|100/100\n|-ability|p1a: Weezing|Neutralizing Gas\n|-ability|p2a: suh|As One\n|-ability|p2a: suh|Unnerve\n|turn|1\n|\n|t:|1775161769\n|move|p1b: Regigigas|Knock Off|p2a: suh\n|-supereffective|p2a: suh\n|-damage|p2a: suh|58/100\n|-enditem|p2a: suh|Sitrus Berry|[from] move: Knock Off|[of] p1b: Regigigas\n|move|p2b: cuh|Heat Wave|p1b: Regigigas|[spread] p1a,p1b\n|-damage|p1a: Weezing|64/100\n|-damage|p1b: Regigigas|62/100\n|move|p1a: Weezing|Poison Gas|p2a: suh|[spread] p2a,p2b\n|-status|p2a: suh|psn\n|-status|p2b: cuh|psn\n|move|p2a: suh|Leech Seed|p1b: Regigigas\n|-start|p1b: Regigigas|move: Leech Seed\n|\n|-damage|p1b: Regigigas|49/100|[from] Leech Seed|[of] p2a: suh\n|-heal|p2a: suh|69/100 psn|[silent]\n|-damage|p2b: cuh|88/100 psn|[from] psn\n|-damage|p2a: suh|57/100 psn|[from] psn\n|upkeep\n|turn|2\n|\n|t:|1775161790\n|move|p1a: Weezing|Protect|p1a: Weezing\n|-singleturn|p1a: Weezing|Protect\n|move|p1b: Regigigas|Knock Off|p2b: cuh\n|-resisted|p2b: cuh\n|-damage|p2b: cuh|54/100 psn\n|-enditem|p2b: cuh|Choice Scarf|[from] move: Knock Off|[of] p1b: Regigigas\n|move|p2b: cuh|Heat Wave|p1b: Regigigas|[spread] p1b\n|-activate|p1a: Weezing|move: Protect\n|-damage|p1b: Regigigas|16/100\n|-status|p1b: Regigigas|brn\n|move|p2a: suh|Glacial Lance|p1a: Weezing|[spread] p1b\n|-activate|p1a: Weezing|move: Protect\n|-crit|p1b: Regigigas\n|-damage|p1b: Regigigas|0 fnt\n|faint|p1b: Regigigas\n|-end|p1b: Regigigas|Slow Start|[silent]\n|-ability|p2a: suh|Chilling Neigh|boost\n|-boost|p2a: suh|atk|1\n|\n|-damage|p2b: cuh|41/100 psn|[from] psn\n|-damage|p2a: suh|45/100 psn|[from] psn\n|upkeep\n|\n|t:|1775161804\n|switch|p1b: Calyrex|Calyrex-Shadow, L50|100/100\n|-ability|p1b: Calyrex|As One\n|-ability|p1b: Calyrex|Unnerve\n|turn|3\n|\n|t:|1775161815\n|move|p1b: Calyrex|Astral Barrage|p2a: suh|[spread] p2a,p2b\n|-supereffective|p2a: suh\n|-resisted|p2b: cuh\n|-damage|p2a: suh|0 fnt\n|-damage|p2b: cuh|0 fnt\n|faint|p2a: suh\n|faint|p2b: cuh\n|-ability|p1b: Calyrex|Grim Neigh|boost\n|-boost|p1b: Calyrex|spa|2\n|-damage|p1b: Calyrex|91/100|[from] item: Life Orb\n|move|p1a: Weezing|Sludge Bomb|p2: suh|[notarget]\n|-fail|p1a: Weezing\n|\n|upkeep\n|\n|t:|1775161820\n|switch|p2b: buhm|Groudon, L50|100/100\n|switch|p2a: juh|Jumpluff, L50, F, shiny|100/100\n|turn|4\n|\n|t:|1775161833\n|-terastallize|p2a: juh|Dark\n|move|p1b: Calyrex|Astral Barrage|p2b: buhm|[spread] p2a,p2b\n|-resisted|p2a: juh\n|-damage|p2a: juh|40/100\n|-damage|p2b: buhm|10/100\n|-damage|p1b: Calyrex|81/100|[from] item: Life Orb\n|move|p2a: juh|Tailwind|p2a: juh\n|-sidestart|p2: Odddish262|move: Tailwind\n|move|p2b: buhm|Precipice Blades|p1a: Weezing|[spread] p1a,p1b\n|-supereffective|p1a: Weezing\n|-damage|p1a: Weezing|0 fnt\n|-damage|p1b: Calyrex|20/100\n|faint|p1a: Weezing\n|-end|p1a: Weezing|ability: Neutralizing Gas\n|-weather|SunnyDay|[from] ability: Drought|[of] p2b: buhm\n|\n|-weather|SunnyDay|[upkeep]\n|upkeep\n|\n|t:|1775161848\n|switch|p1a: Koraidon|Koraidon, L50|100/100\n|-activate|p1a: Koraidon|ability: Orichalcum Pulse\n|turn|5\n|\n|t:|1775161860\n|move|p2a: juh|Sleep Powder|p1a: Koraidon|[miss]\n|-miss|p2a: juh|p1a: Koraidon\n|move|p2b: buhm|Precipice Blades|p1b: Calyrex|[spread] p1a,p1b\n|-damage|p1a: Koraidon|49/100\n|-damage|p1b: Calyrex|0 fnt\n|faint|p1b: Calyrex\n|move|p1a: Koraidon|Flame Charge|p2b: buhm\n|-damage|p2b: buhm|0 fnt\n|-boost|p1a: Koraidon|spe|1\n|faint|p2b: buhm\n|\n|-weather|SunnyDay|[upkeep]\n|upkeep\n|turn|6\n|\n|t:|1775161880\n|move|p1a: Koraidon|Protect|p1a: Koraidon\n|-singleturn|p1a: Koraidon|Protect\n|move|p2a: juh|Sleep Powder|p1a: Koraidon\n|-activate|p1a: Koraidon|move: Protect\n|\n|-weather|SunnyDay|[upkeep]\n|upkeep\n|turn|7\n|\n|t:|1775161888\n|move|p2a: juh|Encore|p1a: Koraidon\n|-start|p1a: Koraidon|Encore\n|move|p1a: Koraidon|Protect||[still]\n|-fail|p1a: Koraidon\n|\n|-weather|SunnyDay|[upkeep]\n|-sideend|p2: Odddish262|move: Tailwind\n|upkeep\n|turn|8\n|\n|t:|1775161896\n|move|p1a: Koraidon|Protect|p1a: Koraidon\n|-singleturn|p1a: Koraidon|Protect\n|move|p2a: juh|Tailwind|p2a: juh\n|-sidestart|p2: Odddish262|move: Tailwind\n|\n|-weather|none\n|upkeep\n|turn|9\n|\n|t:|1775161900\n|move|p1a: Koraidon|Protect||[still]\n|-fail|p1a: Koraidon\n|move|p2a: juh|Pollen Puff|p1a: Koraidon\n|-resisted|p1a: Koraidon\n|-damage|p1a: Koraidon|43/100\n|\n|-end|p1a: Koraidon|Encore\n|upkeep\n|turn|10\n|\n|t:|1775161911\n|-terastallize|p1a: Koraidon|Fire\n|move|p2a: juh|Encore|p1a: Koraidon\n|-start|p1a: Koraidon|Encore\n|move|p1a: Koraidon|Protect||[still]\n|-fail|p1a: Koraidon\n|\n|upkeep\n|turn|11\n|\n|t:|1775161918\n|move|p1a: Koraidon|Protect|p1a: Koraidon\n|-singleturn|p1a: Koraidon|Protect\n|move|p2a: juh|Pollen Puff|p1a: Koraidon\n|-activate|p1a: Koraidon|move: Protect\n|\n|-sideend|p2: Odddish262|move: Tailwind\n|upkeep\n|turn|12\n|\n|t:|1775161923\n|move|p1a: Koraidon|Protect||[still]\n|-fail|p1a: Koraidon\n|move|p2a: juh|Tailwind|p2a: juh\n|-sidestart|p2: Odddish262|move: Tailwind\n|\n|-end|p1a: Koraidon|Encore\n|upkeep\n|turn|13\n|\n|t:|1775161929\n|move|p2a: juh|Encore|p1a: Koraidon\n|-start|p1a: Koraidon|Encore\n|move|p1a: Koraidon|Protect||[still]\n|-fail|p1a: Koraidon\n|\n|upkeep\n|turn|14\n|\n|t:|1775161941\n|move|p1a: Koraidon|Protect|p1a: Koraidon\n|-singleturn|p1a: Koraidon|Protect\n|move|p2a: juh|Pollen Puff|p1a: Koraidon\n|-activate|p1a: Koraidon|move: Protect\n|\n|upkeep\n|turn|15\n|\n|t:|1775161943\n|move|p1a: Koraidon|Protect||[still]\n|-fail|p1a: Koraidon\n|move|p2a: juh|Sleep Powder|p1a: Koraidon\n|-status|p1a: Koraidon|slp|[from] move: Sleep Powder\n|\n|-end|p1a: Koraidon|Encore\n|-sideend|p2: Odddish262|move: Tailwind\n|upkeep\n|turn|16\n|\n|t:|1775161946\n|cant|p1a: Koraidon|slp\n|move|p2a: juh|Encore|p1a: Koraidon\n|-start|p1a: Koraidon|Encore\n|\n|upkeep\n|turn|17\n|\n|t:|1775161949\n|-curestatus|p1a: Koraidon|slp|[msg]\n|move|p1a: Koraidon|Protect|p1a: Koraidon\n|-singleturn|p1a: Koraidon|Protect\n|move|p2a: juh|Tailwind|p2a: juh\n|-sidestart|p2: Odddish262|move: Tailwind\n|\n|upkeep\n|turn|18\n|\n|t:|1775161955\n|move|p1a: Koraidon|Protect||[still]\n|-fail|p1a: Koraidon\n|move|p2a: juh|Sleep Powder|p1a: Koraidon\n|-status|p1a: Koraidon|slp|[from] move: Sleep Powder\n|\n|upkeep\n|turn|19\n|\n|t:|1775161960\n|cant|p1a: Koraidon|slp\n|move|p2a: juh|Pollen Puff|p1a: Koraidon\n|-resisted|p1a: Koraidon\n|-damage|p1a: Koraidon|37/100 slp\n|\n|-end|p1a: Koraidon|Encore\n|upkeep\n|turn|20\n|\n|t:|1775161969\n|move|p2a: juh|Encore|p1a: Koraidon\n|-start|p1a: Koraidon|Encore\n|-curestatus|p1a: Koraidon|slp|[msg]\n|move|p1a: Koraidon|Protect||[still]\n|-fail|p1a: Koraidon\n|\n|-sideend|p2: Odddish262|move: Tailwind\n|upkeep\n|turn|21\n|\n|t:|1775161972\n|move|p1a: Koraidon|Protect|p1a: Koraidon\n|-singleturn|p1a: Koraidon|Protect\n|move|p2a: juh|Pollen Puff|p1a: Koraidon\n|-activate|p1a: Koraidon|move: Protect\n|\n|upkeep\n|turn|22\n|\n|t:|1775161977\n|move|p1a: Koraidon|Protect||[still]\n|-fail|p1a: Koraidon\n|move|p2a: juh|Tailwind|p2a: juh\n|-sidestart|p2: Odddish262|move: Tailwind\n|\n|-end|p1a: Koraidon|Encore\n|upkeep\n|turn|23\n|\n|t:|1775161981\n|move|p2a: juh|Encore|p1a: Koraidon\n|-start|p1a: Koraidon|Encore\n|move|p1a: Koraidon|Protect||[still]\n|-fail|p1a: Koraidon\n|\n|-end|p1a: Koraidon|Encore\n|upkeep\n|turn|24\n|\n|t:|1775161991\n|move|p2a: juh|Sleep Powder|p1a: Koraidon\n|-status|p1a: Koraidon|slp|[from] move: Sleep Powder\n|cant|p1a: Koraidon|slp\n|\n|upkeep\n|turn|25\n|\n|t:|1775161994\n|move|p2a: juh|Pollen Puff|p1a: Koraidon\n|-resisted|p1a: Koraidon\n|-damage|p1a: Koraidon|29/100 slp\n|cant|p1a: Koraidon|slp\n|\n|-sideend|p2: Odddish262|move: Tailwind\n|upkeep\n|turn|26\n|\n|t:|1775161998\n|cant|p1a: Koraidon|slp\n|move|p2a: juh|Pollen Puff|p1a: Koraidon\n|-resisted|p1a: Koraidon\n|-damage|p1a: Koraidon|23/100 slp\n|\n|upkeep\n|turn|27\n|\n|t:|1775162001\n|-curestatus|p1a: Koraidon|slp|[msg]\n|move|p1a: Koraidon|Collision Course|p2a: juh\n|-supereffective|p2a: juh\n|-damage|p2a: juh|0 fnt\n|faint|p2a: juh\n|\n|win|Harry Koekenpan\n|raw|Harry Koekenpan's rating: 1370 &rarr; <strong>1389</strong><br />(+19 for winning)\n|raw|Odddish262's rating: 1349 &rarr; <strong>1330</strong><br />(-19 for losing)\n|l|\u2606Odddish262\n|player|p2|\n","uploadtime":1775162011,"views":23,"formatid":"gen9vgc2026regi","rating":1330,"private":0,"password":null}