{"id":"gen9vgc2026regi-2573997392","format":"[Gen 9] VGC 2026 Reg I","players":["Chonsu","1VLTSQ Joker"],"log":"|raw|<div class=\"broadcast-blue\"><strong>This battle is required to be public due to a player having a name starting with '1vltsq'.</div>\n|j|\u2606Chonsu\n|j|\u26061VLTSQ Joker\n|t:|1775186771\n|gametype|doubles\n|player|p1|Chonsu|ghetsis|1507\n|player|p2|1VLTSQ Joker|blue|1610\n|gen|9\n|tier|[Gen 9] VGC 2026 Reg I\n|rated|\n|rule|Species Clause: Limit one of each Pok\u00e9mon\n|rule|Item Clause: Limit 1 of each item\n|clearpoke\n|poke|p1|Roaring Moon, L50|\n|poke|p1|Groudon, L50|\n|poke|p1|Entei, L50|\n|poke|p1|Rillaboom, L50, M|\n|poke|p1|Raging Bolt, L50|\n|poke|p1|Lunala, L50|\n|poke|p2|Calyrex-Ice, L50|\n|poke|p2|Smeargle, L50, F|\n|poke|p2|Kyogre, L50|\n|poke|p2|Maushold, L50|\n|poke|p2|Volcarona, L50, M|\n|poke|p2|Pawmot, L50, M|\n|teampreview|4\n|inactive|Battle timer is ON: inactive players will automatically lose when time's up. (requested by 1VLTSQ Joker)\n|\n|t:|1775186834\n|teamsize|p1|4\n|teamsize|p2|4\n|start\n|switch|p1a: Groudon|Groudon, L50|100/100\n|switch|p1b: Entei|Entei, L50|100/100\n|switch|p2a: Calyrex|Calyrex-Ice, L50|100/100\n|switch|p2b: Smeargle|Smeargle, L50, F|100/100\n|-ability|p2a: Calyrex|As One\n|-ability|p2a: Calyrex|Unnerve\n|-weather|SunnyDay|[from] ability: Drought|[of] p1a: Groudon\n|turn|1\n|j| H4irashi\n|inactive|Chonsu has 30 seconds left.\n|inactive|1VLTSQ Joker has 30 seconds left.\n|\n|t:|1775186868\n|switch|p2a: Kyogre|Kyogre, L50|100/100\n|-weather|RainDance|[from] ability: Drizzle|[of] p2a: Kyogre\n|move|p2b: Smeargle|Spore|p1a: Groudon\n|-status|p1a: Groudon|slp|[from] move: Spore\n|move|p1b: Entei|Sacred Fire|p2b: Smeargle\n|-crit|p2b: Smeargle\n|-enditem|p2b: Smeargle|Focus Sash\n|-damage|p2b: Smeargle|1/100\n|cant|p1a: Groudon|slp\n|\n|-weather|RainDance|[upkeep]\n|-ability|p2b: Smeargle|Moody|boost\n|-boost|p2b: Smeargle|spa|2\n|-unboost|p2b: Smeargle|atk|1\n|upkeep\n|turn|2\n|inactive|Chonsu has 30 seconds left.\n|inactive|1VLTSQ Joker has 30 seconds left.\n|inactive|Chonsu has 20 seconds left.\n|inactive|Chonsu has 15 seconds left.\n|\n|t:|1775186908\n|switch|p1a: Raging Bolt|Raging Bolt, L50|100/100\n|-terastallize|p2b: Smeargle|Ghost\n|-terastallize|p1b: Entei|Grass\n|move|p2a: Kyogre|Water Spout|p1b: Entei|[spread] p1a,p1b\n|-resisted|p1a: Raging Bolt\n|-resisted|p1b: Entei\n|-damage|p1a: Raging Bolt|57/100\n|-damage|p1b: Entei|48/100\n|move|p2b: Smeargle|Spore|p1a: Raging Bolt\n|-status|p1a: Raging Bolt|slp|[from] move: Spore\n|move|p1b: Entei|Sacred Fire|p2a: Kyogre\n|-resisted|p2a: Kyogre\n|-damage|p2a: Kyogre|79/100\n|-status|p2a: Kyogre|brn\n|\n|-weather|RainDance|[upkeep]\n|-damage|p2a: Kyogre|73/100 brn|[from] brn\n|-ability|p2b: Smeargle|Moody|boost\n|-boost|p2b: Smeargle|def|2\n|-unboost|p2b: Smeargle|atk|1\n|upkeep\n|turn|3\n|\n|t:|1775186931\n|move|p2b: Smeargle|Follow Me|p2b: Smeargle\n|-singleturn|p2b: Smeargle|move: Follow Me\n|cant|p1a: Raging Bolt|slp\n|move|p2a: Kyogre|Water Spout|p1a: Raging Bolt|[spread] p1a,p1b\n|-resisted|p1a: Raging Bolt\n|-resisted|p1b: Entei\n|-damage|p1a: Raging Bolt|29/100 slp\n|-damage|p1b: Entei|11/100\n|move|p1b: Entei|Sacred Fire|p2b: Smeargle\n|-damage|p2b: Smeargle|0 fnt\n|faint|p2b: Smeargle\n|\n|-weather|RainDance|[upkeep]\n|-damage|p2a: Kyogre|67/100 brn|[from] brn\n|upkeep\n|\n|t:|1775186946\n|switch|p2b: Calyrex|Calyrex-Ice, L50|100/100\n|-ability|p2b: Calyrex|As One\n|-ability|p2b: Calyrex|Unnerve\n|turn|4\n|\n|t:|1775186959\n|switch|p2a: Maushold|Maushold, L50|100/100\n|-curestatus|p1a: Raging Bolt|slp|[msg]\n|move|p1a: Raging Bolt|Thunderclap||[still]\n|-fail|p1a: Raging Bolt\n|move|p1b: Entei|Sacred Fire|p2b: Calyrex\n|-supereffective|p2b: Calyrex\n|-damage|p2b: Calyrex|53/100\n|move|p2b: Calyrex|Glacial Lance|p1b: Entei|[spread] p1a,p1b\n|-supereffective|p1a: Raging Bolt\n|-supereffective|p1b: Entei\n|-damage|p1a: Raging Bolt|0 fnt\n|-damage|p1b: Entei|0 fnt\n|faint|p1a: Raging Bolt\n|-end|p1a: Raging Bolt|Protosynthesis|[silent]\n|faint|p1b: Entei\n|-ability|p2b: Calyrex|Chilling Neigh|boost\n|-boost|p2b: Calyrex|atk|2\n|\n|-weather|RainDance|[upkeep]\n|upkeep\n|\n|t:|1775186975\n|switch|p1b: Groudon|Groudon, L50|100/100 slp\n|switch|p1a: Bacardi|Lunala, L50, shiny|100/100\n|-weather|SunnyDay|[from] ability: Drought|[of] p1b: Groudon\n|turn|5\n|inactive|1VLTSQ Joker has 30 seconds left.\n|inactive|1VLTSQ Joker has 20 seconds left.\n|j| Jigglyjoe13\n|inactive|1VLTSQ Joker has 15 seconds left.\n|inactive|1VLTSQ Joker has 10 seconds left.\n|inactive|1VLTSQ Joker has 5 seconds left.\n|\n|t:|1775187027\n|move|p2a: Maushold|Bite|p1a: Bacardi\n|-supereffective|p1a: Bacardi\n|-damage|p1a: Bacardi|71/100\n|move|p1a: Bacardi|Moonblast|p2b: Calyrex\n|-damage|p2b: Calyrex|35/100\n|-unboost|p2b: Calyrex|spa|1\n|cant|p1b: Groudon|slp\n|move|p2b: Calyrex|Crunch|p1a: Bacardi\n|-supereffective|p1a: Bacardi\n|-damage|p1a: Bacardi|0 fnt\n|faint|p1a: Bacardi\n|-ability|p2b: Calyrex|Chilling Neigh|boost\n|-boost|p2b: Calyrex|atk|1\n|\n|-weather|SunnyDay|[upkeep]\n|upkeep\n|turn|6\n|-message|Chonsu forfeited.\n|\n|win|1VLTSQ Joker\n|raw|Chonsu's rating: 1507 &rarr; <strong>1493</strong><br />(-14 for losing)\n|raw|1VLTSQ Joker's rating: 1610 &rarr; <strong>1624</strong><br />(+14 for winning)\n|l|\u2606Chonsu\n|player|p1|\n|l|\u26061VLTSQ Joker\n|player|p2|\n","uploadtime":1775187230,"views":13,"formatid":"gen9vgc2026regi","rating":1493,"private":0,"password":null}