{"id":"gen9vgc2026regi-2574048157","format":"[Gen 9] VGC 2026 Reg I","players":["huanyu0.0","FearlyVGC"],"log":"|j|\u2606huanyu0.0\n|j|\u2606FearlyVGC\n|t:|1775193444\n|gametype|doubles\n|player|p1|huanyu0.0|169|1472\n|player|p2|FearlyVGC|koga|1401\n|gen|9\n|tier|[Gen 9] VGC 2026 Reg I\n|rated|\n|rule|Species Clause: Limit one of each Pok\u00e9mon\n|rule|Item Clause: Limit 1 of each item\n|clearpoke\n|poke|p1|Calyrex-Shadow, L50|\n|poke|p1|Zamazenta-*, L50|\n|poke|p1|Chien-Pao, L50|\n|poke|p1|Dragonite, L50, F|\n|poke|p1|Amoonguss, L50, M|\n|poke|p1|Raging Bolt, L50|\n|poke|p2|Miraidon, L50|\n|poke|p2|Farigiraf, L50, F|\n|poke|p2|Whimsicott, L50, M|\n|poke|p2|Koraidon, L50|\n|poke|p2|Ogerpon-Cornerstone, L50, F|\n|poke|p2|Incineroar, L50, F|\n|teampreview|4\n|inactive|Battle timer is ON: inactive players will automatically lose when time's up. (requested by huanyu0.0)\nFearlyVGC has agreed to open team sheets.\n|\n|t:|1775193468\n|teamsize|p1|4\n|teamsize|p2|4\n|start\n|switch|p1a: Zamazenta|Zamazenta-Crowned, L50|100/100\n|switch|p1b: Chien-Pao|Chien-Pao, L50|100/100\n|switch|p2a: Miraidon|Miraidon, L50, shiny|100/100\n|switch|p2b: Whimsicott|Whimsicott, L50, M|100/100\n|-fieldstart|move: Electric Terrain|[from] ability: Hadron Engine|[of] p2a: Miraidon\n|-ability|p1b: Chien-Pao|Sword of Ruin\n|-ability|p1a: Zamazenta|Dauntless Shield|boost\n|-boost|p1a: Zamazenta|def|1\n|turn|1\n|\n|t:|1775193492\n|switch|p2b: Farigiraf|Farigiraf, L50, F|100/100\n|-enditem|p2b: Farigiraf|Electric Seed\n|-boost|p2b: Farigiraf|def|1|[from] item: Electric Seed\n|-terastallize|p1a: Zamazenta|Dragon\n|move|p2a: Miraidon|Volt Switch|p1b: Chien-Pao\n|-damage|p1b: Chien-Pao|37/100\n|\n|t:|1775193502\n|switch|p2a: Whimsicott|Whimsicott, L50, M|100/100|[from] Volt Switch\n|move|p1b: Chien-Pao|Ruination|p2a: Whimsicott\n|-damage|p2a: Whimsicott|50/100\n|move|p1a: Zamazenta|Heavy Slam|p2b: Farigiraf\n|-damage|p2b: Farigiraf|70/100\n|\n|upkeep\n|turn|2\n|inactive|huanyu0.0 has 30 seconds left.\n|\n|t:|1775193529\n|move|p2a: Whimsicott|Tailwind|p2a: Whimsicott\n|-sidestart|p2: FearlyVGC|move: Tailwind\n|move|p1b: Chien-Pao|Ice Spinner|p2a: Whimsicott\n|-supereffective|p2a: Whimsicott\n|-damage|p2a: Whimsicott|0 fnt\n|-fieldend|move: Electric Terrain\n|faint|p2a: Whimsicott\n|move|p1a: Zamazenta|Body Press|p2b: Farigiraf\n|-damage|p2b: Farigiraf|22/100\n|move|p2b: Farigiraf|Imprison|p2b: Farigiraf\n|-start|p2b: Farigiraf|move: Imprison\n|\n|upkeep\n|\n|t:|1775193540\n|switch|p2a: Koraidon|Koraidon, L50|100/100\n|-weather|SunnyDay|[from] ability: Orichalcum Pulse|[of] p2a: Koraidon\n|-activate|p2a: Koraidon|Orichalcum Pulse|[source]\n|turn|3\n|inactive|huanyu0.0 has 30 seconds left.\n|\n|t:|1775193571\n|switch|p2b: Miraidon|Miraidon, L50, shiny|100/100\n|-fieldstart|move: Electric Terrain|[from] ability: Hadron Engine|[of] p2b: Miraidon\n|-terastallize|p2a: Koraidon|Fire\n|move|p2a: Koraidon|Flame Charge|p1b: Chien-Pao\n|-supereffective|p1b: Chien-Pao\n|-damage|p1b: Chien-Pao|0 fnt\n|-boost|p2a: Koraidon|spe|1\n|faint|p1b: Chien-Pao\n|-damage|p2a: Koraidon|91/100|[from] item: Life Orb\n|move|p1a: Zamazenta|Body Press|p2b: Miraidon\n|-damage|p2b: Miraidon|35/100\n|\n|-weather|SunnyDay|[upkeep]\n|upkeep\n|\n|t:|1775193591\n|switch|p1b: Raging Bolt|Raging Bolt, L50|100/100\n|-activate|p1b: Raging Bolt|ability: Protosynthesis\n|-start|p1b: Raging Bolt|protosynthesisspa\n|turn|4\n|\n|t:|1775193614\n|move|p1a: Zamazenta|Protect|p1a: Zamazenta\n|-singleturn|p1a: Zamazenta|Protect\n|move|p2a: Koraidon|Close Combat|p1b: Raging Bolt\n|-damage|p1b: Raging Bolt|24/100\n|-unboost|p2a: Koraidon|def|1\n|-unboost|p2a: Koraidon|spd|1\n|-damage|p2a: Koraidon|81/100|[from] item: Life Orb\n|move|p2b: Miraidon|Draco Meteor|p1a: Zamazenta\n|-activate|p1a: Zamazenta|move: Protect\n|move|p1b: Raging Bolt|Thunderbolt|p2a: Koraidon\n|-damage|p2a: Koraidon|0 fnt\n|faint|p2a: Koraidon\n|\n|-weather|SunnyDay|[upkeep]\n|upkeep\n|\n|t:|1775193620\n|switch|p2a: Farigiraf|Farigiraf, L50, F|22/100\n|turn|5\n|\n|t:|1775193640\n|move|p2b: Miraidon|Draco Meteor|p1a: Zamazenta\n|-supereffective|p1a: Zamazenta\n|-damage|p1a: Zamazenta|0 fnt\n|-unboost|p2b: Miraidon|spa|2\n|faint|p1a: Zamazenta\n|move|p2a: Farigiraf|Foul Play|p1b: Raging Bolt\n|-damage|p1b: Raging Bolt|13/100\n|move|p1b: Raging Bolt|Thunderbolt|p2a: Farigiraf\n|-damage|p2a: Farigiraf|0 fnt\n|faint|p2a: Farigiraf\n|\n|-weather|SunnyDay|[upkeep]\n|-sideend|p2: FearlyVGC|move: Tailwind\n|upkeep\n|\n|t:|1775193644\n|switch|p1a: Calyrex|Calyrex-Shadow, L50|100/100\n|-ability|p1a: Calyrex|As One\n|-ability|p1a: Calyrex|Unnerve\n|turn|6\n|\n|t:|1775193654\n|move|p1b: Raging Bolt|Thunderclap|p2b: Miraidon\n|-resisted|p2b: Miraidon\n|-damage|p2b: Miraidon|20/100\n|move|p2b: Miraidon|Draco Meteor|p1a: Calyrex\n|-damage|p1a: Calyrex|52/100\n|-unboost|p2b: Miraidon|spa|2\n|move|p1a: Calyrex|Astral Barrage|p2b: Miraidon\n|-damage|p2b: Miraidon|0 fnt\n|faint|p2b: Miraidon\n|\n|win|huanyu0.0\n|raw|huanyu0.0's rating: 1472 &rarr; <strong>1488</strong><br />(+16 for winning)\n|raw|FearlyVGC's rating: 1401 &rarr; <strong>1385</strong><br />(-16 for losing)\n|l|\u2606FearlyVGC\n|player|p2|\n|l|\u2606huanyu0.0\n|player|p1|\n","uploadtime":1775193892,"views":9,"formatid":"gen9vgc2026regi","rating":1385,"private":0,"password":null}