{"id":"gen9vgc2026regi-2588307037","format":"[Gen 9] VGC 2026 Reg I","players":["castiel123","deetheking2"],"log":"|j|\u2606castiel123\n|j|\u2606deetheking2\n|t:|1776622754\n|gametype|doubles\n|player|p1|castiel123|102|1414\n|player|p2|deetheking2|n|1332\n|gen|9\n|tier|[Gen 9] VGC 2026 Reg I\n|rated|\n|rule|Species Clause: Limit one of each Pok\u00e9mon\n|rule|Item Clause: Limit 1 of each item\n|clearpoke\n|poke|p1|Zamazenta-*, L50|\n|poke|p1|Annihilape, L50, F|\n|poke|p1|Amoonguss, L50, F|\n|poke|p1|Terapagos, L50, M|\n|poke|p1|Chi-Yu, L50|\n|poke|p1|Whimsicott, L50, M|\n|poke|p2|Flutter Mane, L50|\n|poke|p2|Talonflame, L50, M|\n|poke|p2|Groudon, L50|\n|poke|p2|Dialga, L50|\n|poke|p2|Scrafty, L50, M|\n|poke|p2|Gastrodon, L50, F|\n|teampreview|4\n|\n|t:|1776622795\n|teamsize|p1|4\n|teamsize|p2|4\n|start\n|switch|p1a: Chi-Yu|Chi-Yu, L50|100/100\n|switch|p1b: Whimsicott|Whimsicott, L50, M|100/100\n|switch|p2a: Talonflame|Talonflame, L50, M|100/100\n|switch|p2b: Scrafty|Scrafty, L50, M|100/100\n|-ability|p1a: Chi-Yu|Beads of Ruin\n|-ability|p2b: Scrafty|Intimidate|boost\n|-unboost|p1a: Chi-Yu|atk|1\n|-unboost|p1b: Whimsicott|atk|1\n|turn|1\n|\n|t:|1776622816\n|-terastallize|p1a: Chi-Yu|Ghost\n|move|p2b: Scrafty|Fake Out|p1a: Chi-Yu\n|-immune|p1a: Chi-Yu\n|move|p2a: Talonflame|Tailwind|p2a: Talonflame\n|-sidestart|p2: deetheking2|move: Tailwind\n|move|p1b: Whimsicott|Tailwind|p1b: Whimsicott\n|-sidestart|p1: castiel123|move: Tailwind\n|move|p1a: Chi-Yu|Heat Wave|p2b: Scrafty|[spread] \n|-miss|p1a: Chi-Yu|p2a: Talonflame\n|-miss|p1a: Chi-Yu|p2b: Scrafty\n|\n|upkeep\n|turn|2\n|\n|t:|1776622828\n|move|p1b: Whimsicott|Sunny Day|p1b: Whimsicott\n|-weather|SunnyDay\n|move|p2a: Talonflame|Heat Wave|p1b: Whimsicott|[spread] p1b\n|-miss|p2a: Talonflame|p1a: Chi-Yu\n|-supereffective|p1b: Whimsicott\n|-damage|p1b: Whimsicott|9/100\n|move|p1a: Chi-Yu|Heat Wave|p2b: Scrafty|[spread] p2a,p2b\n|-resisted|p2a: Talonflame\n|-damage|p2a: Talonflame|13/100\n|-damage|p2b: Scrafty|21/100\n|move|p2b: Scrafty|Knock Off|p1a: Chi-Yu\n|-supereffective|p1a: Chi-Yu\n|-damage|p1a: Chi-Yu|0 fnt\n|-enditem|p1a: Chi-Yu|Choice Specs|[from] move: Knock Off|[of] p2b: Scrafty\n|faint|p1a: Chi-Yu\n|\n|-weather|SunnyDay|[upkeep]\n|upkeep\n|\n|t:|1776622835\n|switch|p1a: Terapagos|Terapagos, L50, M|100/100\n|-activate|p1a: Terapagos|ability: Tera Shift\n|detailschange|p1a: Terapagos|Terapagos-Terastal, L50, M\n|-heal|p1a: Terapagos|100/100|[silent]\n|turn|3\n|\n|t:|1776622866\n|move|p2a: Talonflame|Heat Wave|p1a: Terapagos|[spread] p1a,p1b\n|-activate|p1a: Terapagos|ability: Tera Shell\n|-resisted|p1a: Terapagos\n|-supereffective|p1b: Whimsicott\n|-damage|p1a: Terapagos|89/100\n|-damage|p1b: Whimsicott|0 fnt\n|faint|p1b: Whimsicott\n|move|p1a: Terapagos|Rock Polish|p1a: Terapagos\n|-boost|p1a: Terapagos|spe|2\n|move|p2b: Scrafty|Drain Punch|p1a: Terapagos\n|-supereffective|p1a: Terapagos\n|-damage|p1a: Terapagos|34/100\n|-heal|p2b: Scrafty|53/100|[from] drain|[of] p1a: Terapagos\n|\n|-weather|SunnyDay|[upkeep]\n|upkeep\n|\n|t:|1776622869\n|switch|p1b: Zamazenta|Zamazenta-Crowned, L50|100/100\n|-ability|p1b: Zamazenta|Dauntless Shield|boost\n|-boost|p1b: Zamazenta|def|1\n|turn|4\n|\n|t:|1776622884\n|move|p1a: Terapagos|Meteor Beam||[still]\n|-prepare|p1a: Terapagos|Meteor Beam\n|-boost|p1a: Terapagos|spa|1\n|-enditem|p1a: Terapagos|Power Herb\n|-anim|p1a: Terapagos|Meteor Beam|p2a: Talonflame|[miss]\n|-miss|p1a: Terapagos|p2a: Talonflame\n|move|p2a: Talonflame|Will-O-Wisp|p1b: Zamazenta\n|-status|p1b: Zamazenta|brn\n|move|p1b: Zamazenta|Body Press|p2b: Scrafty\n|-supereffective|p2b: Scrafty\n|-damage|p2b: Scrafty|0 fnt\n|faint|p2b: Scrafty\n|\n|-weather|SunnyDay|[upkeep]\n|-damage|p1b: Zamazenta|94/100 brn|[from] brn\n|-sideend|p1: castiel123|move: Tailwind\n|-sideend|p2: deetheking2|move: Tailwind\n|upkeep\n|\n|t:|1776622899\n|switch|p2b: Groudon|Groudon, L50|100/100\n|turn|5\n|\n|t:|1776622911\n|move|p1b: Zamazenta|Wide Guard|p1b: Zamazenta\n|-singleturn|p1b: Zamazenta|Wide Guard\n|move|p1a: Terapagos|Tera Starstorm|p2a: Talonflame\n|-damage|p2a: Talonflame|0 fnt\n|faint|p2a: Talonflame\n|move|p2b: Groudon|Precipice Blades|p1b: Zamazenta|[spread] \n|-activate|p1a: Terapagos|move: Wide Guard\n|-activate|p1b: Zamazenta|move: Wide Guard\n|\n|-weather|SunnyDay|[upkeep]\n|-damage|p1b: Zamazenta|88/100 brn|[from] brn\n|upkeep\n|\n|t:|1776622916\n|switch|p2a: Flutter Mane|Flutter Mane, L50, shiny|100/100\n|-activate|p2a: Flutter Mane|ability: Protosynthesis\n|-start|p2a: Flutter Mane|protosynthesisspa\n|turn|6\n|\n|t:|1776622927\n|move|p1a: Terapagos|Tera Starstorm|p2b: Groudon\n|-damage|p2b: Groudon|16/100\n|move|p2a: Flutter Mane|Moonblast|p1b: Zamazenta\n|-damage|p1b: Zamazenta|21/100 brn\n|move|p1b: Zamazenta|Behemoth Bash|p2a: Flutter Mane\n|-supereffective|p2a: Flutter Mane\n|-damage|p2a: Flutter Mane|11/100\n|move|p2b: Groudon|Precipice Blades|p1a: Terapagos|[spread] p1a,p1b\n|-supereffective|p1b: Zamazenta\n|-damage|p1a: Terapagos|0 fnt\n|-damage|p1b: Zamazenta|0 fnt\n|faint|p1a: Terapagos\n|faint|p1b: Zamazenta\n|\n|win|deetheking2\n|raw|castiel123's rating: 1414 &rarr; <strong>1389</strong><br />(-25 for losing)\n|raw|deetheking2's rating: 1332 &rarr; <strong>1357</strong><br />(+25 for winning)\n|l|\u2606deetheking2\n|player|p2|\n|l|\u2606castiel123\n|player|p1|\n","uploadtime":1776623087,"views":6,"formatid":"gen9vgc2026regi","rating":1357,"private":0,"password":null}