{"id":"gen9vgc2026regi-2558681986","format":"[Gen 9] VGC 2026 Reg I","players":["davidio_03","GAPDHD"],"log":"|j|\u2606davidio_03\n|j|\u2606GAPDHD\n|t:|1773462901\n|gametype|doubles\n|player|p1|davidio_03|170|1167\n|player|p2|GAPDHD|ruinmaniac|1185\n|gen|9\n|tier|[Gen 9] VGC 2026 Reg I\n|rated|\n|rule|Species Clause: Limit one of each Pok\u00e9mon\n|rule|Item Clause: Limit 1 of each item\n|clearpoke\n|poke|p1|Zacian-*, L50|\n|poke|p1|Incineroar, L50, M|\n|poke|p1|Rillaboom, L50, M|\n|poke|p1|Kyogre, L50|\n|poke|p1|Tornadus, L50, M|\n|poke|p1|Ditto, L50|\n|poke|p2|Lunala, L50|\n|poke|p2|Groudon, L50|\n|poke|p2|Indeedee-F, L50, F|\n|poke|p2|Walking Wake, L50|\n|poke|p2|Urshifu-*, L50, F|\n|poke|p2|Incineroar, L50, F|\n|teampreview|4\nGAPDHD has agreed to open team sheets.\ndavidio_03 has agreed to open team sheets.\n|showteam|p1|Zacian-Crowned||RustedSword|IntrepidSword|behemothblade,PlayRough,TeraBlast,Protect||||||50|,,,,,Grass]Incineroar||SafetyGoggles|Intimidate|FlareBlitz,KnockOff,PartingShot,FakeOut|||M|||50|,,,,,Ghost]Rillaboom||AssaultVest|GrassySurge|GrassyGlide,KnockOff,Uturn,FakeOut|||M|||50|,,,,,Grass]Kyogre||Leftovers|Drizzle|WaterSpout,IceBeam,Thunder,OriginPulse||||||50|,,,,,Water]Tornadus||CovertCloak|Prankster|BleakwindStorm,IcyWind,Protect,Tailwind|||M|||50|,,,,,Grass]Ditto||ChoiceScarf|Imposter|Transform||||||50|,,,,,Stellar\n|showteam|p2|Lunala||PowerHerb|ShadowShield|MeteorBeam,MoongeistBeam,WideGuard,TrickRoom||||||50|,,,,,Dark]Groudon||ChoiceBand|Drought|PrecipiceBlades,HeatCrash,RockSlide,HighHorsepower||||||50|,,,,,Fairy]Indeedee-F||RockyHelmet|PsychicSurge|FollowMe,HelpingHand,TrickRoom,DazzlingGleam|||F|||50|,,,,,Water]Walking Wake||LifeOrb|Protosynthesis|HydroSteam,DracoMeteor,Protect,Snarl||||||50|,,,,,Water]Urshifu||BlackGlasses|UnseenFist|WickedBlow,SuckerPunch,Detect,CloseCombat|||F|||50|,,,,,Dark]Incineroar||SafetyGoggles|Intimidate|FakeOut,KnockOff,Taunt,FlareBlitz|||F|||50|,,,,,Water\n|\n|t:|1773462976\n|teamsize|p1|4\n|teamsize|p2|4\n|start\n|switch|p1a: Zacian|Zacian-Crowned, L50, shiny|100/100\n|switch|p1b: Incineroar|Incineroar, L50, M, shiny|100/100\n|switch|p2a: Lunala|Lunala, L50|100/100\n|switch|p2b: Indeedee|Indeedee-F, L50, F|100/100\n|-ability|p1a: Zacian|Intrepid Sword|boost\n|-boost|p1a: Zacian|atk|1\n|-fieldstart|move: Psychic Terrain|[from] ability: Psychic Surge|[of] p2b: Indeedee\n|-ability|p1b: Incineroar|Intimidate|boost\n|-unboost|p2a: Lunala|atk|1\n|-unboost|p2b: Indeedee|atk|1\n|turn|1\n|\n|t:|1773463009\n|move|p2b: Indeedee|Follow Me|p2b: Indeedee\n|-singleturn|p2b: Indeedee|move: Follow Me\n|move|p1a: Zacian|Behemoth Blade|p2b: Indeedee\n|-damage|p2b: Indeedee|15/100\n|-damage|p1a: Zacian|84/100|[from] item: Rocky Helmet|[of] p2b: Indeedee\n|move|p1b: Incineroar|Knock Off|p2b: Indeedee\n|-supereffective|p2b: Indeedee\n|-damage|p2b: Indeedee|0 fnt\n|-damage|p1b: Incineroar|84/100|[from] item: Rocky Helmet|[of] p2b: Indeedee\n|-enditem|p2b: Indeedee|Rocky Helmet|[from] move: Knock Off|[of] p1b: Incineroar\n|faint|p2b: Indeedee\n|move|p2a: Lunala|Trick Room|p2a: Lunala\n|-fieldstart|move: Trick Room|[of] p2a: Lunala\n|\n|upkeep\n|\n|t:|1773463035\n|switch|p2b: Groudon|Groudon, L50|100/100\n|-weather|SunnyDay|[from] ability: Drought|[of] p2b: Groudon\n|turn|2\n|\n|t:|1773463047\n|move|p1a: Zacian|Protect|p1a: Zacian\n|-singleturn|p1a: Zacian|Protect\n|move|p1b: Incineroar|Parting Shot|p2b: Groudon\n|-unboost|p2b: Groudon|atk|1\n|-unboost|p2b: Groudon|spa|1\n|\n|t:|1773463054\n|switch|p1b: Tornadus|Tornadus, L50, M, shiny|100/100|[from] Parting Shot\n|move|p2b: Groudon|Precipice Blades|p1a: Zacian|[spread] \n|-activate|p1a: Zacian|move: Protect\n|-immune|p1b: Tornadus\n|move|p2a: Lunala|Meteor Beam||[still]\n|-prepare|p2a: Lunala|Meteor Beam\n|-boost|p2a: Lunala|spa|1\n|-enditem|p2a: Lunala|Power Herb\n|-anim|p2a: Lunala|Meteor Beam|p1a: Zacian\n|-activate|p1a: Zacian|move: Protect\n|\n|-weather|SunnyDay|[upkeep]\n|upkeep\n|turn|3\n|\n|t:|1773463078\n|-terastallize|p1a: Zacian|Grass\n|move|p1b: Tornadus|Protect|p1b: Tornadus\n|-singleturn|p1b: Tornadus|Protect\n|move|p2b: Groudon|Precipice Blades|p1a: Zacian|[spread] \n|-activate|p1b: Tornadus|move: Protect\n|-miss|p2b: Groudon|p1a: Zacian\n|move|p2a: Lunala|Moongeist Beam|p1b: Tornadus\n|-activate|p1b: Tornadus|move: Protect\n|move|p1a: Zacian|Tera Blast|p2b: Groudon|[anim] Tera Blast Grass\n|-supereffective|p2b: Groudon\n|-damage|p2b: Groudon|11/100\n|\n|-weather|SunnyDay|[upkeep]\n|upkeep\n|turn|4\n|\n|t:|1773463099\n|move|p1a: Zacian|Protect|p1a: Zacian\n|-singleturn|p1a: Zacian|Protect\n|move|p2b: Groudon|Precipice Blades|p1b: Tornadus|[spread] \n|-activate|p1a: Zacian|move: Protect\n|-immune|p1b: Tornadus\n|move|p2a: Lunala|Moongeist Beam|p1a: Zacian\n|-activate|p1a: Zacian|move: Protect\n|move|p1b: Tornadus|Bleakwind Storm|p2a: Lunala|[spread] p2a\n|-miss|p1b: Tornadus|p2b: Groudon\n|-damage|p2a: Lunala|87/100\n|-unboost|p2a: Lunala|spe|1\n|\n|-weather|SunnyDay|[upkeep]\n|upkeep\n|turn|5\n|\n|t:|1773463122\n|switch|p1a: Incineroar|Incineroar, L50, M, shiny|84/100\n|-ability|p1a: Incineroar|Intimidate|boost\n|-unboost|p2a: Lunala|atk|1\n|-unboost|p2b: Groudon|atk|1\n|move|p1b: Tornadus|Protect|p1b: Tornadus\n|-singleturn|p1b: Tornadus|Protect\n|move|p2a: Lunala|Moongeist Beam|p1a: Incineroar\n|-resisted|p1a: Incineroar\n|-damage|p1a: Incineroar|47/100\n|move|p2b: Groudon|Precipice Blades|p1a: Incineroar|[spread] p1a\n|-activate|p1b: Tornadus|move: Protect\n|-supereffective|p1a: Incineroar\n|-damage|p1a: Incineroar|0 fnt\n|faint|p1a: Incineroar\n|\n|-weather|SunnyDay|[upkeep]\n|-fieldend|move: Trick Room\n|-fieldend|move: Psychic Terrain\n|upkeep\n|\n|t:|1773463156\n|switch|p1a: Kyogre|Kyogre, L50, shiny|100/100\n|-weather|RainDance|[from] ability: Drizzle|[of] p1a: Kyogre\n|turn|6\n|\n|t:|1773463163\n|switch|p2b: Walking Wake|Walking Wake, L50|100/100\n|move|p2a: Lunala|Wide Guard|p2a: Lunala\n|-singleturn|p2a: Lunala|Wide Guard\n|move|p1b: Tornadus|Tailwind|p1b: Tornadus\n|-sidestart|p1: davidio_03|move: Tailwind\n|move|p1a: Kyogre|Water Spout|p2a: Lunala|[spread] \n|-activate|p2a: Lunala|move: Wide Guard\n|-activate|p2b: Walking Wake|move: Wide Guard\n|\n|-weather|RainDance|[upkeep]\n|upkeep\n|turn|7\n|\n|t:|1773463219\n|move|p2a: Lunala|Wide Guard|p2a: Lunala\n|-singleturn|p2a: Lunala|Wide Guard\n|move|p1b: Tornadus|Bleakwind Storm|p2b: Walking Wake|[spread] \n|-activate|p2a: Lunala|move: Wide Guard\n|-activate|p2b: Walking Wake|move: Wide Guard\n|move|p1a: Kyogre|Thunder|p2a: Lunala\n|-damage|p2a: Lunala|55/100\n|move|p2b: Walking Wake|Snarl|p1a: Kyogre|[spread] p1b\n|-miss|p2b: Walking Wake|p1a: Kyogre\n|-damage|p1b: Tornadus|75/100\n|-damage|p2b: Walking Wake|91/100|[from] item: Life Orb\n|\n|-weather|RainDance|[upkeep]\n|upkeep\n|turn|8\n|\n|t:|1773463238\n|switch|p1b: Zacian|Zacian-Crowned, L50, shiny, tera:Grass|84/100\n|move|p1a: Kyogre|Thunder|p2a: Lunala\n|-damage|p2a: Lunala|21/100\n|move|p2b: Walking Wake|Snarl|p1b: Zacian|[spread] p1a,p1b\n|-damage|p1a: Kyogre|88/100\n|-damage|p1b: Zacian|67/100\n|-unboost|p1a: Kyogre|spa|1\n|-unboost|p1b: Zacian|spa|1\n|-damage|p2b: Walking Wake|81/100|[from] item: Life Orb\n|move|p2a: Lunala|Trick Room|p2a: Lunala\n|-fieldstart|move: Trick Room|[of] p2a: Lunala\n|\n|-weather|RainDance|[upkeep]\n|-heal|p1a: Kyogre|94/100|[from] item: Leftovers\n|upkeep\n|turn|9\n|\n|t:|1773463260\n|move|p1b: Zacian|Protect|p1b: Zacian\n|-singleturn|p1b: Zacian|Protect\n|move|p2a: Lunala|Moongeist Beam|p1a: Kyogre\n|-damage|p1a: Kyogre|36/100\n|move|p2b: Walking Wake|Hydro Steam|p1a: Kyogre\n|-resisted|p1a: Kyogre\n|-damage|p1a: Kyogre|10/100\n|-damage|p2b: Walking Wake|72/100|[from] item: Life Orb\n|move|p1a: Kyogre|Thunder|p2a: Lunala\n|-damage|p2a: Lunala|0 fnt\n|faint|p2a: Lunala\n|\n|-weather|RainDance|[upkeep]\n|-heal|p1a: Kyogre|15/100|[from] item: Leftovers\n|-sideend|p1: davidio_03|move: Tailwind\n|upkeep\n|\n|t:|1773463271\n|switch|p2a: Groudon|Groudon, L50|11/100\n|-weather|SunnyDay|[from] ability: Drought|[of] p2a: Groudon\n|-activate|p2b: Walking Wake|ability: Protosynthesis\n|-start|p2b: Walking Wake|protosynthesisspe\n|turn|10\n|\n|t:|1773463285\n|move|p1a: Kyogre|Ice Beam|p2a: Groudon\n|-supereffective|p2a: Groudon\n|-damage|p2a: Groudon|0 fnt\n|faint|p2a: Groudon\n|move|p1b: Zacian|Tera Blast|p2b: Walking Wake|[anim] Tera Blast Grass\n|-damage|p2b: Walking Wake|17/100\n|move|p2b: Walking Wake|Draco Meteor|p1b: Zacian\n|-damage|p1b: Zacian|0 fnt\n|-unboost|p2b: Walking Wake|spa|2\n|faint|p1b: Zacian\n|-damage|p2b: Walking Wake|7/100|[from] item: Life Orb\n|\n|-weather|SunnyDay|[upkeep]\n|-heal|p1a: Kyogre|21/100|[from] item: Leftovers\n|upkeep\n|-message|GAPDHD forfeited.\n|\n|win|davidio_03\n|raw|davidio_03's rating: 1167 &rarr; <strong>1195</strong><br />(+28 for winning)\n|raw|GAPDHD's rating: 1205 &rarr; <strong>1177</strong><br />(-28 for losing)\n|l|\u2606GAPDHD\n|player|p2|\n|l|\u2606davidio_03\n|player|p1|\n","uploadtime":1773463561,"views":11,"formatid":"gen9vgc2026regi","rating":1177,"private":0,"password":null}