{"id":"gen9vgc2026regi-2568217584","format":"[Gen 9] VGC 2026 Reg I","players":["AlejoB7","slimeslatt252"],"log":"|j|\u2606AlejoB7\n|j|\u2606slimeslatt252\n|t:|1774556786\n|gametype|doubles\n|player|p1|AlejoB7|artist|1415\n|player|p2|slimeslatt252|169|1395\n|gen|9\n|tier|[Gen 9] VGC 2026 Reg I\n|rated|\n|rule|Species Clause: Limit one of each Pok\u00e9mon\n|rule|Item Clause: Limit 1 of each item\n|clearpoke\n|poke|p1|Miraidon, L50|\n|poke|p1|Koraidon, L50|\n|poke|p1|Gouging Fire, L50|\n|poke|p1|Iron Jugulis, L50|\n|poke|p1|Iron Treads, L50|\n|poke|p1|Scream Tail, L50|\n|poke|p2|Calyrex-Shadow, L50|\n|poke|p2|Koraidon, L50|\n|poke|p2|Incineroar, L50, M|\n|poke|p2|Raging Bolt, L50|\n|poke|p2|Brute Bonnet, L50|\n|poke|p2|Landorus, L50, M|\n|teampreview|4\n|inactive|Battle timer is ON: inactive players will automatically lose when time's up. (requested by slimeslatt252)\n|\n|t:|1774556806\n|teamsize|p1|4\n|teamsize|p2|4\n|start\n|switch|p1a: Miraidon|Miraidon, L50|100/100\n|switch|p1b: Iron Jugulis|Iron Jugulis, L50|100/100\n|switch|p2a: Incineroar|Incineroar, L50, M|100/100\n|switch|p2b: Calyrex|Calyrex-Shadow, L50|100/100\n|-ability|p2b: Calyrex|As One\n|-ability|p2b: Calyrex|Unnerve\n|-fieldstart|move: Electric Terrain|[from] ability: Hadron Engine|[of] p1a: Miraidon\n|-activate|p1b: Iron Jugulis|ability: Quark Drive\n|-start|p1b: Iron Jugulis|quarkdrivespe\n|-ability|p2a: Incineroar|Intimidate|boost\n|-unboost|p1a: Miraidon|atk|1\n|-unboost|p1b: Iron Jugulis|atk|1\n|turn|1\n|\n|t:|1774556821\n|-terastallize|p2b: Calyrex|Ghost\n|move|p2a: Incineroar|Fake Out|p1b: Iron Jugulis\n|-damage|p1b: Iron Jugulis|89/100\n|cant|p1b: Iron Jugulis|flinch\n|move|p2b: Calyrex|Astral Barrage|p1b: Iron Jugulis|[spread] p1a,p1b\n|-crit|p1a: Miraidon\n|-resisted|p1b: Iron Jugulis\n|-damage|p1a: Miraidon|40/100\n|-damage|p1b: Iron Jugulis|47/100\n|move|p1a: Miraidon|Snarl|p2a: Incineroar|[spread] p2a,p2b\n|-resisted|p2a: Incineroar\n|-supereffective|p2b: Calyrex\n|-damage|p2a: Incineroar|93/100\n|-damage|p2b: Calyrex|63/100\n|-unboost|p2a: Incineroar|spa|1\n|-unboost|p2b: Calyrex|spa|1\n|\n|upkeep\n|turn|2\n|\n|t:|1774556841\n|switch|p2b: raging dingus|Raging Bolt, L50|100/100\n|-terastallize|p1a: Miraidon|Electric\n|move|p1b: Iron Jugulis|Tailwind|p1b: Iron Jugulis\n|-sidestart|p1: AlejoB7|move: Tailwind\n|move|p1a: Miraidon|Electro Drift|p2a: Incineroar\n|-damage|p2a: Incineroar|0 fnt\n|-damage|p1a: Miraidon|24/100|[from] item: Rocky Helmet|[of] p2a: Incineroar\n|faint|p2a: Incineroar\n|\n|upkeep\n|\n|t:|1774556857\n|switch|p2a: Koraidon|Koraidon, L50|100/100\n|-weather|SunnyDay|[from] ability: Orichalcum Pulse|[of] p2a: Koraidon\n|-activate|p2b: raging dingus|ability: Protosynthesis\n|-start|p2b: raging dingus|protosynthesisspa\n|-activate|p2a: Koraidon|Orichalcum Pulse|[source]\n|turn|3\n|\n|t:|1774556872\n|move|p1b: Iron Jugulis|Protect|p1b: Iron Jugulis\n|-singleturn|p1b: Iron Jugulis|Protect\n|move|p2b: raging dingus|Thunderclap|p1a: Miraidon\n|-resisted|p1a: Miraidon\n|-damage|p1a: Miraidon|7/100\n|move|p1a: Miraidon|Draco Meteor|p2a: Koraidon\n|-supereffective|p2a: Koraidon\n|-damage|p2a: Koraidon|0 fnt\n|-unboost|p1a: Miraidon|spa|2\n|faint|p2a: Koraidon\n|\n|-weather|SunnyDay|[upkeep]\n|upkeep\n|\n|t:|1774556877\n|switch|p2a: Calyrex|Calyrex-Shadow, L50, tera:Ghost|63/100\n|-ability|p2a: Calyrex|As One\n|-ability|p2a: Calyrex|Unnerve\n|turn|4\n|inactive|AlejoB7 has 30 seconds left.\n|inactive|AlejoB7 has 20 seconds left.\n|\n|t:|1774556914\n|move|p2b: raging dingus|Thunderclap|p1b: Iron Jugulis\n|-supereffective|p1b: Iron Jugulis\n|-crit|p1b: Iron Jugulis\n|-damage|p1b: Iron Jugulis|0 fnt\n|faint|p1b: Iron Jugulis\n|-end|p1b: Iron Jugulis|Quark Drive|[silent]\n|move|p1a: Miraidon|Snarl|p2a: Calyrex|[spread] p2a,p2b\n|-supereffective|p2a: Calyrex\n|-damage|p2a: Calyrex|43/100\n|-damage|p2b: raging dingus|95/100\n|-unboost|p2a: Calyrex|spa|1\n|-unboost|p2b: raging dingus|spa|1\n|move|p2a: Calyrex|Astral Barrage|p1a: Miraidon\n|-damage|p1a: Miraidon|0 fnt\n|faint|p1a: Miraidon\n|-ability|p2a: Calyrex|Grim Neigh|boost\n|-boost|p2a: Calyrex|spa|1\n|\n|-weather|SunnyDay|[upkeep]\n|upkeep\n|\n|t:|1774556921\n|switch|p1b: Iron Treads|Iron Treads, L50|100/100\n|switch|p1a: Koraidon|Koraidon, L50|100/100\n|-activate|p1a: Koraidon|ability: Orichalcum Pulse\n|-activate|p1b: Iron Treads|ability: Quark Drive\n|-start|p1b: Iron Treads|quarkdrivespe\n|turn|5\n|\n|t:|1774556937\n|move|p2a: Calyrex|Protect|p2a: Calyrex\n|-singleturn|p2a: Calyrex|Protect\n|move|p2b: raging dingus|Thunderclap|p1a: Koraidon\n|-resisted|p1a: Koraidon\n|-damage|p1a: Koraidon|81/100\n|move|p1b: Iron Treads|High Horsepower|p2b: raging dingus\n|-supereffective|p2b: raging dingus\n|-damage|p2b: raging dingus|1/100\n|move|p1a: Koraidon|Flame Charge|p1b: Iron Treads\n|-supereffective|p1b: Iron Treads\n|-damage|p1b: Iron Treads|46/100\n|-boost|p1a: Koraidon|spe|1\n|\n|-weather|SunnyDay|[upkeep]\n|-sideend|p1: AlejoB7|move: Tailwind\n|-fieldend|move: Electric Terrain\n|-end|p1b: Iron Treads|Quark Drive\n|upkeep\n|turn|6\n|inactive|AlejoB7 has 30 seconds left.\n|\n|t:|1774556964\n|move|p1a: Koraidon|Protect|p1a: Koraidon\n|-singleturn|p1a: Koraidon|Protect\n|move|p2a: Calyrex|Astral Barrage|p1b: Iron Treads|[spread] p1b\n|-activate|p1a: Koraidon|move: Protect\n|-damage|p1b: Iron Treads|0 fnt\n|faint|p1b: Iron Treads\n|-end|p1b: Iron Treads|Quark Drive|[silent]\n|-ability|p2a: Calyrex|Grim Neigh|boost\n|-boost|p2a: Calyrex|spa|1\n|move|p2b: raging dingus|Dragon Pulse|p1a: Koraidon\n|-activate|p1a: Koraidon|move: Protect\n|\n|-weather|SunnyDay|[upkeep]\n|upkeep\n|turn|7\n|c|\u2606AlejoB7|i missclick, I deserve the lost\n|c|\u2606AlejoB7|gg\n|inactive|AlejoB7 has 30 seconds left.\n|inactive|slimeslatt252 has 30 seconds left.\n|inactive|AlejoB7 has 20 seconds left.\n|inactive|AlejoB7 has 15 seconds left.\n|inactive|AlejoB7 has 10 seconds left.\n|inactive|AlejoB7 has 5 seconds left.\n|\n|t:|1774557014\n|move|p1a: Koraidon|Flame Charge|p2b: raging dingus\n|-resisted|p2b: raging dingus\n|-damage|p2b: raging dingus|0 fnt\n|-boost|p1a: Koraidon|spe|1\n|faint|p2b: raging dingus\n|-end|p2b: raging dingus|Protosynthesis|[silent]\n|move|p2a: Calyrex|Astral Barrage|p1a: Koraidon\n|-damage|p1a: Koraidon|0 fnt\n|faint|p1a: Koraidon\n|\n|win|slimeslatt252\n|raw|AlejoB7's rating: 1415 &rarr; <strong>1394</strong><br />(-21 for losing)\n|raw|slimeslatt252's rating: 1395 &rarr; <strong>1416</strong><br />(+21 for winning)\n|c|\u2606AlejoB7|deserved\n|l|\u2606AlejoB7\n|player|p1|\n","uploadtime":1774557276,"views":16,"formatid":"gen9vgc2026regi","rating":1394,"private":0,"password":null}