{"id":"gen9vgc2026regi-2537018481","format":"[Gen 9] VGC 2026 Reg I","players":["MSANTOSE","yamato-tak"],"log":"|j|\u2606MSANTOSE\n|j|\u2606yamato-tak\n|t:|1770757357\n|gametype|doubles\n|player|p1|MSANTOSE|drayden|1346\n|player|p2|yamato-tak|170|1520\n|gen|9\n|tier|[Gen 9] VGC 2026 Reg I\n|rated|\n|rule|Species Clause: Limit one of each Pok\u00e9mon\n|rule|Item Clause: Limit 1 of each item\n|clearpoke\n|poke|p1|Groudon, L50|\n|poke|p1|Sableye, L50, F|\n|poke|p1|Calyrex-Ice, L50|\n|poke|p1|Incineroar, L50, F|\n|poke|p1|Iron Hands, L50|\n|poke|p1|Milotic, L50, F|\n|poke|p2|Miraidon, L50|\n|poke|p2|Calyrex-Ice, L50|\n|poke|p2|Volcarona, L50, M|\n|poke|p2|Araquanid, L50, F|\n|poke|p2|Grimmsnarl, L50, M|\n|poke|p2|Rillaboom, L50, F|\n|teampreview|4\n|inactive|Battle timer is ON: inactive players will automatically lose when time's up. (requested by yamato-tak)\n|\n|t:|1770757381\n|teamsize|p1|4\n|teamsize|p2|4\n|start\n|switch|p1a: Calyrex|Calyrex-Ice, L50|100/100\n|switch|p1b: Iron Hands|Iron Hands, L50|100/100\n|switch|p2a: Grimmsnarl|Grimmsnarl, L50, M, shiny|100/100\n|switch|p2b: Calyrex|Calyrex-Ice, L50|100/100\n|-ability|p2b: Calyrex|As One\n|-ability|p2b: Calyrex|Unnerve\n|-ability|p1a: Calyrex|As One\n|-ability|p1a: Calyrex|Unnerve\n|turn|1\n|\n|t:|1770757402\n|move|p2a: Grimmsnarl|Fake Out|p1b: Iron Hands\n|-damage|p1b: Iron Hands|93/100\n|cant|p1b: Iron Hands|flinch\n|move|p2b: Calyrex|Leech Seed|p1a: Calyrex\n|-start|p1a: Calyrex|move: Leech Seed\n|move|p1a: Calyrex|Leech Seed|p2a: Grimmsnarl\n|-start|p2a: Grimmsnarl|move: Leech Seed\n|\n|-damage|p2a: Grimmsnarl|88/100|[from] Leech Seed|[of] p1a: Calyrex\n|-damage|p1a: Calyrex|88/100|[from] Leech Seed|[of] p2b: Calyrex\n|upkeep\n|turn|2\n|inactive|yamato-tak has 30 seconds left.\n|\n|t:|1770757432\n|switch|p1a: Incineroar|Incineroar, L50, F|100/100\n|-ability|p1a: Incineroar|Intimidate|boost\n|-unboost|p2a: Grimmsnarl|atk|1\n|-fail|p2b: Calyrex|unboost|[from] item: Clear Amulet|[of] p2b: Calyrex\n|move|p2a: Grimmsnarl|Reflect|p2a: Grimmsnarl\n|-sidestart|p2: yamato-tak|Reflect\n|move|p1b: Iron Hands|Low Kick|p2b: Calyrex\n|-damage|p2b: Calyrex|71/100\n|move|p2b: Calyrex|Leech Seed|p1b: Iron Hands\n|-start|p1b: Iron Hands|move: Leech Seed\n|\n|-damage|p2a: Grimmsnarl|76/100|[from] Leech Seed|[of] p1a: Incineroar\n|-damage|p1b: Iron Hands|81/100|[from] Leech Seed|[of] p2b: Calyrex\n|-heal|p2b: Calyrex|86/100|[silent]\n|upkeep\n|turn|3\n|\n|t:|1770757449\n|-end|p1b: Iron Hands|Quark Drive|[silent]\n|switch|p1b: Calyrex|Calyrex-Ice, L50|88/100\n|-ability|p1b: Calyrex|As One\n|-ability|p1b: Calyrex|Unnerve\n|move|p2b: Calyrex|Protect|p2b: Calyrex\n|-singleturn|p2b: Calyrex|Protect\n|move|p2a: Grimmsnarl|Parting Shot|p1b: Calyrex\n|-unboost|p1b: Calyrex|atk|1\n|-unboost|p1b: Calyrex|spa|1\n|\n|t:|1770757459\n|switch|p2a: Araquanid|Araquanid, L50, F, shiny|100/100|[from] Parting Shot\n|move|p1a: Incineroar|Knock Off|p2b: Calyrex\n|-activate|p2b: Calyrex|move: Protect\n|\n|-heal|p1b: Calyrex|94/100|[from] item: Leftovers\n|upkeep\n|turn|4\n|\n|t:|1770757474\n|switch|p2b: Grimmsnarl|Grimmsnarl, L50, M, shiny|76/100\n|switch|p1b: Groudon|Groudon, L50, shiny|100/100\n|-weather|SunnyDay|[from] ability: Drought|[of] p1b: Groudon\n|move|p1a: Incineroar|Knock Off|p2b: Grimmsnarl\n|-resisted|p2b: Grimmsnarl\n|-damage|p2b: Grimmsnarl|68/100\n|-enditem|p2b: Grimmsnarl|Light Clay|[from] move: Knock Off|[of] p1a: Incineroar\n|move|p2a: Araquanid|Liquidation|p1a: Incineroar\n|-supereffective|p1a: Incineroar\n|-damage|p1a: Incineroar|43/100\n|\n|-weather|SunnyDay|[upkeep]\n|upkeep\n|turn|5\n|inactive|MSANTOSE has 30 seconds left.\n|inactive|MSANTOSE has 20 seconds left.\n|inactive|MSANTOSE has 15 seconds left.\n|inactive|MSANTOSE has 10 seconds left.\n|inactive|MSANTOSE has 5 seconds left.\n|\n|t:|1770757529\n|move|p2b: Grimmsnarl|Fake Out|p1b: Groudon\n|-damage|p1b: Groudon|93/100\n|cant|p1b: Groudon|flinch\n|move|p1a: Incineroar|Knock Off|p2a: Araquanid\n|-damage|p2a: Araquanid|60/100\n|-damage|p1a: Incineroar|27/100|[from] item: Rocky Helmet|[of] p2a: Araquanid\n|-enditem|p2a: Araquanid|Rocky Helmet|[from] move: Knock Off|[of] p1a: Incineroar\n|move|p2a: Araquanid|Liquidation|p1a: Incineroar\n|-supereffective|p1a: Incineroar\n|-damage|p1a: Incineroar|0 fnt\n|faint|p1a: Incineroar\n|\n|-weather|SunnyDay|[upkeep]\n|upkeep\n|\n|t:|1770757545\n|switch|p1a: Iron Hands|Iron Hands, L50|81/100\n|turn|6\n|\n|t:|1770757553\n|move|p2a: Araquanid|Protect|p2a: Araquanid\n|-singleturn|p2a: Araquanid|Protect\n|move|p2b: Grimmsnarl|Parting Shot|p1a: Iron Hands\n|-unboost|p1a: Iron Hands|atk|1\n|-unboost|p1a: Iron Hands|spa|1\n|\n|t:|1770757559\n|switch|p2b: Calyrex|Calyrex-Ice, L50|86/100|[from] Parting Shot\n|-ability|p2b: Calyrex|As One\n|-ability|p2b: Calyrex|Unnerve\n|move|p1b: Groudon|Swords Dance|p1b: Groudon\n|-boost|p1b: Groudon|atk|2\n|move|p1a: Iron Hands|Wild Charge|p2a: Araquanid\n|-activate|p2a: Araquanid|move: Protect\n|\n|-weather|SunnyDay|[upkeep]\n|upkeep\n|turn|7\n|\n|t:|1770757581\n|-terastallize|p1b: Groudon|Fire\n|move|p2a: Araquanid|Wide Guard|p2a: Araquanid\n|-singleturn|p2a: Araquanid|Wide Guard\n|move|p1b: Groudon|Fire Punch|p2b: Calyrex\n|-supereffective|p2b: Calyrex\n|-damage|p2b: Calyrex|0 fnt\n|faint|p2b: Calyrex\n|move|p1a: Iron Hands|Low Kick|p2a: Araquanid\n|-resisted|p2a: Araquanid\n|-damage|p2a: Araquanid|49/100\n|\n|-weather|SunnyDay|[upkeep]\n|upkeep\n|\n|t:|1770757592\n|switch|p2b: Miraidon|Miraidon, L50, shiny|100/100\n|-fieldstart|move: Electric Terrain|[from] ability: Hadron Engine|[of] p2b: Miraidon\n|-activate|p1a: Iron Hands|ability: Quark Drive\n|-start|p1a: Iron Hands|quarkdriveatk\n|turn|8\n|\n|t:|1770757604\n|switch|p2a: Grimmsnarl|Grimmsnarl, L50, M, shiny|68/100\n|move|p1b: Groudon|Protect|p1b: Groudon\n|-singleturn|p1b: Groudon|Protect\n|move|p2b: Miraidon|Electro Drift|p1b: Groudon\n|-activate|p1b: Groudon|move: Protect\n|move|p1a: Iron Hands|Wild Charge|p2a: Grimmsnarl\n|-damage|p2a: Grimmsnarl|29/100\n|-damage|p1a: Iron Hands|73/100|[from] Recoil\n|\n|-weather|none\n|upkeep\n|turn|9\n|\n|t:|1770757621\n|move|p2a: Grimmsnarl|Fake Out|p1b: Groudon\n|-damage|p1b: Groudon|86/100\n|move|p2b: Miraidon|Calm Mind|p2b: Miraidon\n|-boost|p2b: Miraidon|spa|1\n|-boost|p2b: Miraidon|spd|1\n|cant|p1b: Groudon|flinch\n|move|p1a: Iron Hands|Low Kick|p2b: Miraidon\n|-damage|p2b: Miraidon|67/100\n|\n|-sideend|p2: yamato-tak|Reflect\n|upkeep\n|turn|10\n|\n|t:|1770757634\n|-end|p1a: Iron Hands|Quark Drive|[silent]\n|switch|p1a: Calyrex|Calyrex-Ice, L50|94/100\n|-ability|p1a: Calyrex|As One\n|-ability|p1a: Calyrex|Unnerve\n|move|p1b: Groudon|Protect|p1b: Groudon\n|-singleturn|p1b: Groudon|Protect\n|move|p2a: Grimmsnarl|Parting Shot|p1a: Calyrex\n|-unboost|p1a: Calyrex|atk|1\n|-unboost|p1a: Calyrex|spa|1\n|\n|t:|1770757643\n|switch|p2a: Araquanid|Araquanid, L50, F, shiny|49/100|[from] Parting Shot\n|move|p2b: Miraidon|Electro Drift|p1b: Groudon\n|-activate|p1b: Groudon|move: Protect\n|\n|-heal|p1a: Calyrex|99/100|[from] item: Leftovers\n|upkeep\n|turn|11\n|inactive|MSANTOSE has 30 seconds left.\n|\n|t:|1770757669\n|switch|p1b: Iron Hands|Iron Hands, L50|73/100\n|-activate|p1b: Iron Hands|ability: Quark Drive\n|-start|p1b: Iron Hands|quarkdriveatk\n|-terastallize|p2b: Miraidon|Electric\n|move|p2a: Araquanid|Wide Guard|p2a: Araquanid\n|-singleturn|p2a: Araquanid|Wide Guard\n|move|p2b: Miraidon|Parabolic Charge|p1b: Iron Hands|[spread] p1a,p1b\n|-activate|p2a: Araquanid|move: Wide Guard\n|-resisted|p1b: Iron Hands\n|-damage|p1a: Calyrex|50/100\n|-heal|p2b: Miraidon|93/100|[from] drain|[of] p1a: Calyrex\n|-damage|p1b: Iron Hands|48/100\n|-heal|p2b: Miraidon|100/100|[from] drain|[of] p1b: Iron Hands\n|move|p1a: Calyrex|Leech Seed|p2b: Miraidon\n|-start|p2b: Miraidon|move: Leech Seed\n|\n|-heal|p1a: Calyrex|56/100|[from] item: Leftovers\n|-damage|p2b: Miraidon|88/100|[from] Leech Seed|[of] p1a: Calyrex\n|-heal|p1a: Calyrex|68/100|[silent]\n|upkeep\n|turn|12\n|\n|t:|1770757694\n|switch|p2a: Grimmsnarl|Grimmsnarl, L50, M, shiny|29/100\n|move|p1b: Iron Hands|Fake Out|p2b: Miraidon\n|-damage|p2b: Miraidon|70/100\n|move|p2b: Miraidon|Electro Drift|p1a: Calyrex\n|-damage|p1a: Calyrex|0 fnt\n|faint|p1a: Calyrex\n|\n|-fieldend|move: Electric Terrain\n|-end|p1b: Iron Hands|Quark Drive\n|upkeep\n|\n|t:|1770757704\n|switch|p1a: Groudon|Groudon, L50, shiny, tera:Fire|86/100\n|-weather|SunnyDay|[from] ability: Drought|[of] p1a: Groudon\n|turn|13\n|\n|t:|1770757726\n|move|p2a: Grimmsnarl|Reflect|p2a: Grimmsnarl\n|-sidestart|p2: yamato-tak|Reflect\n|move|p2b: Miraidon|Electro Drift|p1a: Groudon\n|-damage|p1a: Groudon|15/100\n|-enditem|p1a: Groudon|Sitrus Berry|[eat]\n|-heal|p1a: Groudon|40/100|[from] item: Sitrus Berry\n|move|p1a: Groudon|Precipice Blades|p2b: Miraidon|[spread] p2a,p2b\n|-supereffective|p2b: Miraidon\n|-damage|p2a: Grimmsnarl|0 fnt\n|-damage|p2b: Miraidon|19/100\n|faint|p2a: Grimmsnarl\n|move|p1b: Iron Hands|Low Kick|p2b: Miraidon\n|-damage|p2b: Miraidon|0 fnt\n|faint|p2b: Miraidon\n|\n|-weather|SunnyDay|[upkeep]\n|upkeep\n|-message|yamato-tak forfeited.\n|\n|win|MSANTOSE\n|raw|MSANTOSE's rating: 1346 &rarr; <strong>1375</strong><br />(+29 for winning)\n|raw|yamato-tak's rating: 1520 &rarr; <strong>1491</strong><br />(-29 for losing)\n|l|\u2606yamato-tak\n|player|p2|\n|l|\u2606MSANTOSE\n|player|p1|\n","uploadtime":1770757901,"views":11,"formatid":"gen9vgc2026regi","rating":1375,"private":0,"password":null}