{"id":"gen9vgc2026regi-2578865885","format":"[Gen 9] VGC 2026 Reg I","players":["TheNamesBetty","nife_chen"],"log":"|j|\u2606TheNamesBetty\n|j|\u2606nife_chen\n|t:|1775729622\n|gametype|doubles\n|player|p1|TheNamesBetty|koga|1363\n|player|p2|nife_chen|lady|1389\n|gen|9\n|tier|[Gen 9] VGC 2026 Reg I\n|rated|\n|rule|Species Clause: Limit one of each Pok\u00e9mon\n|rule|Item Clause: Limit 1 of each item\n|clearpoke\n|poke|p1|Koraidon, L50|\n|poke|p1|Calyrex-Shadow, L50|\n|poke|p1|Tornadus, L50, M|\n|poke|p1|Urshifu-*, L50, M|\n|poke|p1|Dewgong, L50, F|\n|poke|p1|Electabuzz, L50, M|\n|poke|p2|Rillaboom, L50, F|\n|poke|p2|Amoonguss, L50, M|\n|poke|p2|Urshifu-*, L50, F|\n|poke|p2|Tornadus, L50, M|\n|poke|p2|Kyogre, L50|\n|poke|p2|Calyrex-Ice, L50|\n|teampreview|4\n|inactive|Battle timer is ON: inactive players will automatically lose when time's up. (requested by nife_chen)\nTheNamesBetty has agreed to open team sheets.\n|\n|t:|1775729651\n|teamsize|p1|4\n|teamsize|p2|4\n|start\n|switch|p1a: Kedluben|Calyrex-Shadow, L50|100/100\n|switch|p1b: D\u011bda Honza|Tornadus, L50, M|100/100\n|switch|p2a: Kyogre|Kyogre, L50|100/100\n|switch|p2b: Tornadus|Tornadus, L50, M|100/100\n|-ability|p1a: Kedluben|As One\n|-ability|p1a: Kedluben|Unnerve\n|-weather|RainDance|[from] ability: Drizzle|[of] p2a: Kyogre\n|turn|1\n|inactive|nife_chen has 30 seconds left.\n|\n|t:|1775729683\n|switch|p1b: Jan\u017di\u017ekaZTrocnova|Koraidon, L50|100/100\n|-weather|SunnyDay|[from] ability: Orichalcum Pulse|[of] p1b: Jan\u017di\u017ekaZTrocnova\n|-activate|p1b: Jan\u017di\u017ekaZTrocnova|Orichalcum Pulse|[source]\n|move|p2b: Tornadus|Protect|p2b: Tornadus\n|-singleturn|p2b: Tornadus|Protect\n|move|p2a: Kyogre|Protect|p2a: Kyogre\n|-singleturn|p2a: Kyogre|Protect\n|move|p1a: Kedluben|Astral Barrage|p2b: Tornadus|[spread] \n|-activate|p2a: Kyogre|move: Protect\n|-activate|p2b: Tornadus|move: Protect\n|\n|-weather|SunnyDay|[upkeep]\n|upkeep\n|turn|2\n|\n|t:|1775729705\n|switch|p1b: D\u011bda Honza|Tornadus, L50, M|100/100\n|-terastallize|p2a: Kyogre|Water\n|move|p2b: Tornadus|Rain Dance|p2b: Tornadus\n|-weather|RainDance\n|move|p1a: Kedluben|Astral Barrage|p2a: Kyogre|[spread] p2a,p2b\n|-damage|p2a: Kyogre|42/100\n|-damage|p2b: Tornadus|2/100\n|-damage|p1a: Kedluben|91/100|[from] item: Life Orb\n|move|p2a: Kyogre|Water Spout|p1b: D\u011bda Honza|[spread] p1a,p1b\n|-damage|p1a: Kedluben|20/100\n|-damage|p1b: D\u011bda Honza|30/100\n|\n|-weather|RainDance|[upkeep]\n|upkeep\n|turn|3\n|inactive|nife_chen has 30 seconds left.\n|\n|t:|1775729732\n|move|p2a: Kyogre|Protect|p2a: Kyogre\n|-singleturn|p2a: Kyogre|Protect\n|move|p2b: Tornadus|Tailwind|p2b: Tornadus\n|-sidestart|p2: nife_chen|move: Tailwind\n|move|p1b: D\u011bda Honza|Tailwind|p1b: D\u011bda Honza\n|-sidestart|p1: TheNamesBetty|move: Tailwind\n|move|p1a: Kedluben|Astral Barrage|p2b: Tornadus|[spread] p2b\n|-activate|p2a: Kyogre|move: Protect\n|-damage|p2b: Tornadus|0 fnt\n|faint|p2b: Tornadus\n|-ability|p1a: Kedluben|Grim Neigh|boost\n|-boost|p1a: Kedluben|spa|1\n|-damage|p1a: Kedluben|10/100|[from] item: Life Orb\n|\n|-weather|RainDance|[upkeep]\n|upkeep\n|\n|t:|1775729748\n|switch|p2b: Urshifu|Urshifu-Rapid-Strike, L50, F|100/100\n|turn|4\n|inactive|TheNamesBetty has 30 seconds left.\n|\n|t:|1775729773\n|switch|p1a: Jan\u017di\u017ekaZTrocnova|Koraidon, L50|100/100\n|-weather|SunnyDay|[from] ability: Orichalcum Pulse|[of] p1a: Jan\u017di\u017ekaZTrocnova\n|-activate|p1a: Jan\u017di\u017ekaZTrocnova|Orichalcum Pulse|[source]\n|switch|p2a: Calyrex|Calyrex-Ice, L50|100/100\n|-ability|p2a: Calyrex|As One\n|-ability|p2a: Calyrex|Unnerve\n|move|p2b: Urshifu|Aqua Jet|p1a: Jan\u017di\u017ekaZTrocnova\n|-resisted|p1a: Jan\u017di\u017ekaZTrocnova\n|-damage|p1a: Jan\u017di\u017ekaZTrocnova|97/100\n|move|p1b: D\u011bda Honza|Bleakwind Storm|p2a: Calyrex|[spread] p2a,p2b\n|-supereffective|p2b: Urshifu\n|-damage|p2a: Calyrex|66/100\n|-enditem|p2b: Urshifu|Focus Sash\n|-damage|p2b: Urshifu|1/100\n|\n|-weather|SunnyDay|[upkeep]\n|upkeep\n|turn|5\n|inactive|TheNamesBetty has 30 seconds left.\n|inactive|nife_chen has 30 seconds left.\n|inactive|TheNamesBetty has 20 seconds left.\n|inactive|TheNamesBetty has 15 seconds left.\n|inactive|TheNamesBetty has 10 seconds left.\n|\n|t:|1775729821\n|switch|p1b: DDDMaxVerstappen|Dewgong, L50, F|100/100\n|-terastallize|p1a: Jan\u017di\u017ekaZTrocnova|Fire\n|move|p1a: Jan\u017di\u017ekaZTrocnova|Flare Blitz|p2a: Calyrex\n|-supereffective|p2a: Calyrex\n|-damage|p2a: Calyrex|0 fnt\n|faint|p2a: Calyrex\n|-damage|p1a: Jan\u017di\u017ekaZTrocnova|75/100|[from] Recoil\n|move|p2b: Urshifu|Surging Strikes|p1b: DDDMaxVerstappen\n|-resisted|p1b: DDDMaxVerstappen\n|-crit|p1b: DDDMaxVerstappen\n|-damage|p1b: DDDMaxVerstappen|95/100\n|-resisted|p1b: DDDMaxVerstappen\n|-crit|p1b: DDDMaxVerstappen\n|-damage|p1b: DDDMaxVerstappen|90/100\n|-resisted|p1b: DDDMaxVerstappen\n|-crit|p1b: DDDMaxVerstappen\n|-damage|p1b: DDDMaxVerstappen|84/100\n|-hitcount|p1b: DDDMaxVerstappen|3\n|\n|-weather|SunnyDay|[upkeep]\n|upkeep\n|-message|nife_chen forfeited.\n|\n|win|TheNamesBetty\n|raw|TheNamesBetty's rating: 1363 &rarr; <strong>1384</strong><br />(+21 for winning)\n|raw|nife_chen's rating: 1389 &rarr; <strong>1368</strong><br />(-21 for losing)\n|l|\u2606nife_chen\n|player|p2|\n|l|\u2606TheNamesBetty\n|player|p1|\n","uploadtime":1775729978,"views":8,"formatid":"gen9vgc2026regi","rating":1368,"private":0,"password":null}