{"id":"gen9vgc2026regi-2555127833","format":"[Gen 9] VGC 2026 Reg I","players":["SycrasisEU","Mr.Bear21"],"log":"|j|\u2606SycrasisEU\n|j|\u2606Mr.Bear21\n|t:|1773061017\n|gametype|doubles\n|player|p1|SycrasisEU|pryce|1193\n|player|p2|Mr.Bear21|giovanni|1291\n|gen|9\n|tier|[Gen 9] VGC 2026 Reg I\n|rated|\n|rule|Species Clause: Limit one of each Pok\u00e9mon\n|rule|Item Clause: Limit 1 of each item\n|clearpoke\n|poke|p1|Calyrex-Shadow, L50|\n|poke|p1|Incineroar, L50, M|\n|poke|p1|Clefairy, L50, F|\n|poke|p1|Kyogre, L50|\n|poke|p1|Tornadus, L50, M|\n|poke|p1|Tinkaton, L50, F|\n|poke|p2|Kyurem-White, L50|\n|poke|p2|Oranguru, L50, M|\n|poke|p2|Ninetales-Alola, L50, F|\n|poke|p2|Smeargle, L50, M|\n|poke|p2|Terapagos, L50, M|\n|teampreview|4\n|\n|t:|1773061065\n|teamsize|p1|4\n|teamsize|p2|4\n|start\n|switch|p1a: Calyrex|Calyrex-Shadow, L50|100/100\n|switch|p1b: Incineroar|Incineroar, L50, M, shiny|100/100\n|switch|p2a: Ninetales|Ninetales-Alola, L50, F|100/100\n|switch|p2b: Terapagos|Terapagos, L50, M|100/100\n|-activate|p2b: Terapagos|ability: Tera Shift\n|detailschange|p2b: Terapagos|Terapagos-Terastal, L50, M\n|-heal|p2b: Terapagos|100/100|[silent]\n|-ability|p1a: Calyrex|As One\n|-ability|p1a: Calyrex|Unnerve\n|-weather|Snowscape|[from] ability: Snow Warning|[of] p2a: Ninetales\n|-ability|p1b: Incineroar|Intimidate|boost\n|-unboost|p2a: Ninetales|atk|1\n|-unboost|p2b: Terapagos|atk|1\n|turn|1\n|\n|t:|1773061085\n|move|p2b: Terapagos|Protect|p2b: Terapagos\n|-singleturn|p2b: Terapagos|Protect\n|move|p1b: Incineroar|Fake Out|p2b: Terapagos\n|-activate|p2b: Terapagos|move: Protect\n|move|p1a: Calyrex|Nasty Plot|p1a: Calyrex\n|-boost|p1a: Calyrex|spa|2\n|move|p2a: Ninetales|Aurora Veil|p2a: Ninetales\n|-sidestart|p2: Mr.Bear21|move: Aurora Veil\n|\n|-weather|Snowscape|[upkeep]\n|upkeep\n|turn|2\n|\n|t:|1773061137\n|move|p1a: Calyrex|Protect|p1a: Calyrex\n|-singleturn|p1a: Calyrex|Protect\n|move|p2a: Ninetales|Encore|p1b: Incineroar\n|-start|p1b: Incineroar|Encore\n|move|p2b: Terapagos|Calm Mind|p2b: Terapagos\n|-boost|p2b: Terapagos|spa|1\n|-boost|p2b: Terapagos|spd|1\n|move|p1b: Incineroar|Fake Out||[still]\n|-hint|Fake Out only works on your first turn out.\n|-fail|p1b: Incineroar\n|\n|-weather|Snowscape|[upkeep]\n|upkeep\n|turn|3\n|\n|t:|1773061158\n|switch|p2a: Oranguru|Oranguru, L50, M|100/100\n|switch|p1b: Clefairy|Clefairy, L50, F|100/100\n|move|p1a: Calyrex|Dark Pulse|p2b: Terapagos\n|-activate|p2b: Terapagos|ability: Tera Shell\n|-resisted|p2b: Terapagos\n|-damage|p2b: Terapagos|89/100\n|move|p2b: Terapagos|Calm Mind|p2b: Terapagos\n|-boost|p2b: Terapagos|spa|1\n|-boost|p2b: Terapagos|spd|1\n|\n|-weather|Snowscape|[upkeep]\n|upkeep\n|turn|4\n|\n|t:|1773061180\n|move|p2b: Terapagos|Protect|p2b: Terapagos\n|-singleturn|p2b: Terapagos|Protect\n|move|p1b: Clefairy|Follow Me|p1b: Clefairy\n|-singleturn|p1b: Clefairy|move: Follow Me\n|move|p1a: Calyrex|Dark Pulse|p2a: Oranguru\n|-supereffective|p2a: Oranguru\n|-damage|p2a: Oranguru|33/100\n|move|p2a: Oranguru|Trick Room|p2a: Oranguru\n|-fieldstart|move: Trick Room|[of] p2a: Oranguru\n|-enditem|p2b: Terapagos|Room Service\n|-unboost|p2b: Terapagos|spe|1|[from] item: Room Service\n|-activate|p2a: Oranguru|ability: Symbiosis|Life Orb|[of] p2b: Terapagos\n|\n|-weather|Snowscape|[upkeep]\n|upkeep\n|turn|5\n|\n|t:|1773061199\n|-terastallize|p2b: Terapagos|Stellar\n|detailschange|p2b: Terapagos|Terapagos-Stellar, L50, M, tera:Stellar\n|-heal|p2b: Terapagos|92/100|[silent]\n|-ability|p2b: Terapagos|Teraform Zero\n|-weather|none\n|move|p1b: Clefairy|After You|p1a: Calyrex\n|-activate|p1a: Calyrex|move: After You\n|move|p1a: Calyrex|Dark Pulse|p2a: Oranguru\n|-supereffective|p2a: Oranguru\n|-damage|p2a: Oranguru|0 fnt\n|faint|p2a: Oranguru\n|-ability|p1a: Calyrex|Grim Neigh|boost\n|-boost|p1a: Calyrex|spa|1\n|move|p2b: Terapagos|Tera Starstorm|p1b: Clefairy|[spread] p1a,p1b\n|-damage|p1a: Calyrex|17/100\n|-damage|p1b: Clefairy|36/100\n|-damage|p2b: Terapagos|82/100|[from] item: Life Orb\n|\n|upkeep\n|\n|t:|1773061219\n|switch|p2a: Ninetales|Ninetales-Alola, L50, F|100/100\n|-weather|Snowscape|[from] ability: Snow Warning|[of] p2a: Ninetales\n|turn|6\n|\n|t:|1773061246\n|move|p1b: Clefairy|Helping Hand|p1a: Calyrex\n|-singleturn|p1a: Calyrex|Helping Hand|[of] p1b: Clefairy\n|move|p2b: Terapagos|Protect|p2b: Terapagos\n|-singleturn|p2b: Terapagos|Protect\n|move|p2a: Ninetales|Disable|p1b: Clefairy\n|-start|p1b: Clefairy|Disable|Helping Hand\n|move|p1a: Calyrex|Astral Barrage|p2b: Terapagos|[spread] p2a\n|-activate|p2b: Terapagos|move: Protect\n|-crit|p2a: Ninetales\n|-damage|p2a: Ninetales|0 fnt\n|faint|p2a: Ninetales\n|-ability|p1a: Calyrex|Grim Neigh|boost\n|-boost|p1a: Calyrex|spa|1\n|\n|-weather|Snowscape|[upkeep]\n|upkeep\n|\n|t:|1773061263\n|switch|p2a: Kyurem|Kyurem-White, L50|100/100\n|-ability|p2a: Kyurem|Turboblaze\n|turn|7\n|\n|t:|1773061299\n|move|p2a: Kyurem|Protect|p2a: Kyurem\n|-singleturn|p2a: Kyurem|Protect\n|move|p1b: Clefairy|After You|p1a: Calyrex\n|-activate|p1a: Calyrex|move: After You\n|move|p1a: Calyrex|Astral Barrage|p2b: Terapagos|[spread] \n|-activate|p2a: Kyurem|move: Protect\n|-immune|p2b: Terapagos\n|move|p2b: Terapagos|Tera Starstorm|p1b: Clefairy|[spread] p1a,p1b\n|-damage|p1a: Calyrex|0 fnt\n|-damage|p1b: Clefairy|0 fnt\n|faint|p1a: Calyrex\n|faint|p1b: Clefairy\n|-damage|p2b: Terapagos|72/100|[from] item: Life Orb\n|\n|-weather|Snowscape|[upkeep]\n|upkeep\n|\n|t:|1773061308\n|switch|p1b: Kyogre|Kyogre, L50|100/100\n|switch|p1a: Incineroar|Incineroar, L50, M, shiny|100/100\n|-ability|p1a: Incineroar|Intimidate|boost\n|-unboost|p2a: Kyurem|atk|1\n|-unboost|p2b: Terapagos|atk|1\n|-weather|RainDance|[from] ability: Drizzle|[of] p1b: Kyogre\n|turn|8\n|\n|t:|1773061330\n|move|p1a: Incineroar|Fake Out|p2a: Kyurem\n|-damage|p2a: Kyurem|94/100\n|move|p2b: Terapagos|Tera Starstorm|p1a: Incineroar|[spread] p1a,p1b\n|-crit|p1a: Incineroar\n|-damage|p1a: Incineroar|0 fnt\n|-damage|p1b: Kyogre|21/100\n|faint|p1a: Incineroar\n|-damage|p2b: Terapagos|62/100|[from] item: Life Orb\n|cant|p2a: Kyurem|flinch\n|move|p1b: Kyogre|Origin Pulse|p2a: Kyurem|[spread] p2a,p2b\n|-resisted|p2a: Kyurem\n|-damage|p2a: Kyurem|78/100\n|-damage|p2b: Terapagos|48/100\n|\n|-weather|RainDance|[upkeep]\n|-sideend|p2: Mr.Bear21|move: Aurora Veil\n|-fieldend|move: Trick Room\n|upkeep\n|turn|9\n|\n|t:|1773061351\n|-terastallize|p1b: Kyogre|Water\n|move|p1b: Kyogre|Origin Pulse|p2a: Kyurem|[spread] p2b\n|-miss|p1b: Kyogre|p2a: Kyurem\n|-damage|p2b: Terapagos|17/100\n|move|p2a: Kyurem|Ice Burn||[still]\n|-prepare|p2a: Kyurem|Ice Burn\n|-enditem|p2a: Kyurem|Power Herb\n|-anim|p2a: Kyurem|Ice Burn|p1b: Kyogre\n|-resisted|p1b: Kyogre\n|-damage|p1b: Kyogre|0 fnt\n|faint|p1b: Kyogre\n|\n|win|Mr.Bear21\n|raw|SycrasisEU's rating: 1193 &rarr; <strong>1175</strong><br />(-18 for losing)\n|raw|Mr.Bear21's rating: 1291 &rarr; <strong>1309</strong><br />(+18 for winning)\n|l|\u2606Mr.Bear21\n|player|p2|\n|l|\u2606SycrasisEU\n|player|p1|\n","uploadtime":1773061617,"views":27,"formatid":"gen9vgc2026regi","rating":1175,"private":0,"password":null}