{"id":"gen9vgc2026regi-2590254927","format":"[Gen 9] VGC 2026 Reg I","players":["Carajo666","testhan92"],"log":"|j|\u2606Carajo666\n|j|\u2606testhan92\n|t:|1776796645\n|gametype|doubles\n|player|p1|Carajo666|1|1462\n|player|p2|testhan92|169|1504\n|gen|9\n|tier|[Gen 9] VGC 2026 Reg I\n|rated|\n|rule|Species Clause: Limit one of each Pok\u00e9mon\n|rule|Item Clause: Limit 1 of each item\n|clearpoke\n|poke|p1|Terapagos, L50, M|\n|poke|p1|Urshifu-*, L50, M|\n|poke|p1|Ho-Oh, L50|\n|poke|p1|Toxapex, L50, F|\n|poke|p1|Flutter Mane, L50|\n|poke|p1|Rillaboom, L50, F|\n|poke|p2|Koraidon, L50|\n|poke|p2|Calyrex-Ice, L50|\n|poke|p2|Rillaboom, L50, F|\n|poke|p2|Incineroar, L50, M|\n|poke|p2|Smeargle, L50, M|\n|poke|p2|Landorus, L50, M|\n|teampreview|4\n|inactive|Battle timer is ON: inactive players will automatically lose when time's up. (requested by Carajo666)\n|inactive|testhan92 has 60 seconds left.\n|\n|t:|1776796698\n|teamsize|p1|4\n|teamsize|p2|4\n|start\n|switch|p1a: Ho-Oh|Ho-Oh, L50|100/100\n|switch|p1b: Flutter Mane|Flutter Mane, L50|100/100\n|switch|p2a: Calyrex|Calyrex-Ice, L50|100/100\n|switch|p2b: Smeargle|Smeargle, L50, M|100/100\n|-ability|p2a: Calyrex|As One\n|-ability|p2a: Calyrex|Unnerve\n|-enditem|p1b: Flutter Mane|Booster Energy\n|-activate|p1b: Flutter Mane|ability: Protosynthesis|[fromitem]\n|-start|p1b: Flutter Mane|protosynthesisspe\n|turn|1\n|inactive|Carajo666 has 30 seconds left.\n|\n|t:|1776796727\n|-terastallize|p2a: Calyrex|Fairy\n|move|p1b: Flutter Mane|Icy Wind|p2a: Calyrex|[spread] p2a,p2b\n|-damage|p2a: Calyrex|93/100\n|-damage|p2b: Smeargle|69/100\n|-unboost|p2a: Calyrex|spe|1\n|-unboost|p2b: Smeargle|spe|1\n|move|p1a: Ho-Oh|Sacred Fire|p2b: Smeargle\n|-damage|p2b: Smeargle|0 fnt\n|faint|p2b: Smeargle\n|move|p2a: Calyrex|Trick Room|p2a: Calyrex\n|-fieldstart|move: Trick Room|[of] p2a: Calyrex\n|\n|-heal|p2a: Calyrex|99/100|[from] item: Leftovers\n|upkeep\n|\n|t:|1776796739\n|switch|p2b: Incineroar|Incineroar, L50, M|100/100\n|-ability|p2b: Incineroar|Intimidate|boost\n|-unboost|p1a: Ho-Oh|atk|1\n|-unboost|p1b: Flutter Mane|atk|1\n|turn|2\n|\n|t:|1776796754\n|-end|p1b: Flutter Mane|Protosynthesis|[silent]\n|switch|p1b: Toxapex|Toxapex, L50, F|100/100\n|move|p1a: Ho-Oh|Protect|p1a: Ho-Oh\n|-singleturn|p1a: Ho-Oh|Protect\n|move|p2a: Calyrex|Leech Seed|p1a: Ho-Oh\n|-activate|p1a: Ho-Oh|move: Protect\n|move|p2b: Incineroar|Knock Off|p1a: Ho-Oh\n|-activate|p1a: Ho-Oh|move: Protect\n|\n|-heal|p2a: Calyrex|100/100|[from] item: Leftovers\n|upkeep\n|turn|3\n|\n|t:|1776796774\n|move|p2a: Calyrex|Leech Seed|p1b: Toxapex\n|-start|p1b: Toxapex|move: Leech Seed\n|move|p1b: Toxapex|Infestation|p2a: Calyrex\n|-resisted|p2a: Calyrex\n|-crit|p2a: Calyrex\n|-damage|p2a: Calyrex|99/100\n|-activate|p2a: Calyrex|move: Infestation|[of] p1b: Toxapex\n|move|p2b: Incineroar|Knock Off|p1a: Ho-Oh\n|-damage|p1a: Ho-Oh|74/100\n|-enditem|p1a: Ho-Oh|Sitrus Berry|[from] move: Knock Off|[of] p2b: Incineroar\n|move|p1a: Ho-Oh|Sacred Fire|p2a: Calyrex\n|-damage|p2a: Calyrex|81/100\n|-status|p2a: Calyrex|brn\n|\n|-heal|p2a: Calyrex|87/100 brn|[from] item: Leftovers\n|-damage|p1b: Toxapex|88/100|[from] Leech Seed|[of] p2a: Calyrex\n|-heal|p2a: Calyrex|96/100 brn|[silent]\n|-damage|p2a: Calyrex|90/100 brn|[from] brn\n|-damage|p2a: Calyrex|78/100 brn|[from] move: Infestation|[partiallytrapped]\n|upkeep\n|turn|4\n|inactive|Carajo666 has 30 seconds left.\n|inactive|Carajo666 has 20 seconds left.\n|\n|t:|1776796810\n|move|p2a: Calyrex|Leech Seed|p1a: Ho-Oh\n|-start|p1a: Ho-Oh|move: Leech Seed\n|move|p1b: Toxapex|Infestation|p2b: Incineroar\n|-damage|p2b: Incineroar|98/100\n|-activate|p2b: Incineroar|move: Infestation|[of] p1b: Toxapex\n|move|p2b: Incineroar|Knock Off|p1b: Toxapex\n|-damage|p1b: Toxapex|65/100\n|-enditem|p1b: Toxapex|Mental Herb|[from] move: Knock Off|[of] p2b: Incineroar\n|move|p1a: Ho-Oh|Brave Bird|p2b: Incineroar\n|-damage|p2b: Incineroar|66/100\n|-damage|p1a: Ho-Oh|64/100|[from] Recoil\n|\n|-heal|p2a: Calyrex|84/100 brn|[from] item: Leftovers\n|-damage|p1b: Toxapex|53/100|[from] Leech Seed|[of] p2a: Calyrex\n|-heal|p2a: Calyrex|93/100 brn|[silent]\n|-damage|p1a: Ho-Oh|52/100|[from] Leech Seed|[of] p2a: Calyrex\n|-heal|p2a: Calyrex|100/100 brn|[silent]\n|-damage|p2a: Calyrex|95/100 brn|[from] brn\n|-damage|p2a: Calyrex|82/100 brn|[from] move: Infestation|[partiallytrapped]\n|-damage|p2b: Incineroar|53/100|[from] move: Infestation|[partiallytrapped]\n|upkeep\n|turn|5\n|inactive|testhan92 has 30 seconds left.\n|\n|t:|1776796836\n|switch|p1a: Terapagos|Terapagos, L50, M|100/100\n|-activate|p1a: Terapagos|ability: Tera Shift\n|detailschange|p1a: Terapagos|Terapagos-Terastal, L50, M\n|-heal|p1a: Terapagos|100/100|[silent]\n|move|p2a: Calyrex|Glacial Lance|p1a: Terapagos|[spread] p1a,p1b\n|-activate|p1a: Terapagos|ability: Tera Shell\n|-resisted|p1a: Terapagos\n|-resisted|p1b: Toxapex\n|-damage|p1a: Terapagos|89/100\n|-damage|p1b: Toxapex|44/100\n|move|p1b: Toxapex|Toxic Spikes|p2a: Calyrex\n|-sidestart|p2: testhan92|move: Toxic Spikes\n|move|p2b: Incineroar|Knock Off|p1a: Terapagos\n|-damage|p1a: Terapagos|51/100\n|-enditem|p1a: Terapagos|Leftovers|[from] move: Knock Off|[of] p2b: Incineroar\n|\n|-heal|p2a: Calyrex|88/100 brn|[from] item: Leftovers\n|-damage|p1b: Toxapex|32/100|[from] Leech Seed|[of] p2a: Calyrex\n|-heal|p2a: Calyrex|98/100 brn|[silent]\n|-damage|p2a: Calyrex|92/100 brn|[from] brn\n|-damage|p2a: Calyrex|79/100 brn|[from] move: Infestation|[partiallytrapped]\n|-damage|p2b: Incineroar|41/100|[from] move: Infestation|[partiallytrapped]\n|-fieldend|move: Trick Room\n|upkeep\n|turn|6\n|inactive|Carajo666 has 30 seconds left.\n|\n|t:|1776796863\n|switch|p1b: Ho-Oh|Ho-Oh, L50|85/100\n|-terastallize|p1a: Terapagos|Stellar\n|detailschange|p1a: Terapagos|Terapagos-Stellar, L50, M, tera:Stellar\n|-heal|p1a: Terapagos|64/100|[silent]\n|move|p2a: Calyrex|Protect|p2a: Calyrex\n|-singleturn|p2a: Calyrex|Protect\n|move|p1a: Terapagos|Tera Starstorm|p2b: Incineroar|[spread] p2b\n|-activate|p2a: Calyrex|move: Protect\n|-damage|p2b: Incineroar|5/100\n|move|p2b: Incineroar|Parting Shot|p1a: Terapagos\n|-unboost|p1a: Terapagos|atk|1\n|-unboost|p1a: Terapagos|spa|1\n|\n|t:|1776796879\n|switch|p2b: Koraidon|Koraidon, L50|100/100|[from] Parting Shot\n|-status|p2b: Koraidon|psn\n|-weather|SunnyDay|[from] ability: Orichalcum Pulse|[of] p2b: Koraidon\n|-activate|p2b: Koraidon|Orichalcum Pulse|[source]\n|\n|-weather|SunnyDay|[upkeep]\n|-heal|p2a: Calyrex|85/100 brn|[from] item: Leftovers\n|-damage|p2b: Koraidon|88/100 psn|[from] psn\n|-damage|p2a: Calyrex|79/100 brn|[from] brn\n|-end|p2a: Calyrex|Infestation|[partiallytrapped]|[silent]\n|upkeep\n|turn|7\n|\n|t:|1776796895\n|switch|p1a: Toxapex|Toxapex, L50, F|65/100\n|switch|p2a: Incineroar|Incineroar, L50, M|5/100\n|-status|p2a: Incineroar|psn\n|-ability|p2a: Incineroar|Intimidate|boost\n|-unboost|p1a: Toxapex|atk|1\n|-unboost|p1b: Ho-Oh|atk|1\n|move|p2b: Koraidon|Flare Blitz|p1a: Toxapex\n|-resisted|p1a: Toxapex\n|-damage|p1a: Toxapex|37/100\n|-damage|p2b: Koraidon|81/100 psn|[from] Recoil\n|move|p1b: Ho-Oh|Brave Bird|p2b: Koraidon\n|-supereffective|p2b: Koraidon\n|-damage|p2b: Koraidon|17/100 psn\n|-damage|p1b: Ho-Oh|65/100|[from] Recoil\n|\n|-weather|SunnyDay|[upkeep]\n|-damage|p2b: Koraidon|5/100 psn|[from] psn\n|-damage|p2a: Incineroar|0 fnt|[from] psn\n|faint|p2a: Incineroar\n|upkeep\n|\n|t:|1776796907\n|switch|p2a: Calyrex|Calyrex-Ice, L50, tera:Fairy|79/100 brn\n|-ability|p2a: Calyrex|As One\n|-ability|p2a: Calyrex|Unnerve\n|turn|8\n|\n|t:|1776796921\n|move|p1b: Ho-Oh|Protect|p1b: Ho-Oh\n|-singleturn|p1b: Ho-Oh|Protect\n|move|p1a: Toxapex|Baneful Bunker|p1a: Toxapex\n|-singleturn|p1a: Toxapex|move: Protect\n|move|p2b: Koraidon|Flare Blitz|p1a: Toxapex\n|-activate|p1a: Toxapex|move: Protect\n|move|p2a: Calyrex|Leech Seed|p1b: Ho-Oh\n|-activate|p1b: Ho-Oh|move: Protect\n|\n|-weather|SunnyDay|[upkeep]\n|-heal|p2a: Calyrex|85/100 brn|[from] item: Leftovers\n|-damage|p2b: Koraidon|0 fnt|[from] psn\n|faint|p2b: Koraidon\n|-damage|p2a: Calyrex|79/100 brn|[from] brn\n|upkeep\n|turn|9\n|\n|t:|1776796939\n|move|p1a: Toxapex|Wide Guard|p1a: Toxapex\n|-singleturn|p1a: Toxapex|Wide Guard\n|move|p1b: Ho-Oh|Sacred Fire|p2a: Calyrex\n|-damage|p2a: Calyrex|51/100 brn\n|move|p2a: Calyrex|Leech Seed|p1b: Ho-Oh\n|-start|p1b: Ho-Oh|move: Leech Seed\n|\n|-weather|SunnyDay|[upkeep]\n|-heal|p2a: Calyrex|57/100 brn|[from] item: Leftovers\n|-damage|p1b: Ho-Oh|53/100|[from] Leech Seed|[of] p2a: Calyrex\n|-heal|p2a: Calyrex|70/100 brn|[silent]\n|-damage|p2a: Calyrex|64/100 brn|[from] brn\n|upkeep\n|turn|10\n|\n|t:|1776796952\n|switch|p1b: Terapagos|Terapagos-Stellar, L50, M, tera:Stellar|64/100\n|move|p2a: Calyrex|Leech Seed|p1a: Toxapex\n|-start|p1a: Toxapex|move: Leech Seed\n|move|p1a: Toxapex|Infestation|p2a: Calyrex\n|-resisted|p2a: Calyrex\n|-damage|p2a: Calyrex|63/100 brn\n|-activate|p2a: Calyrex|move: Infestation|[of] p1a: Toxapex\n|\n|-weather|none\n|-heal|p2a: Calyrex|69/100 brn|[from] item: Leftovers\n|-damage|p1a: Toxapex|25/100|[from] Leech Seed|[of] p2a: Calyrex\n|-heal|p2a: Calyrex|78/100 brn|[silent]\n|-damage|p2a: Calyrex|73/100 brn|[from] brn\n|-damage|p2a: Calyrex|60/100 brn|[from] move: Infestation|[partiallytrapped]\n|upkeep\n|turn|11\n|\n|t:|1776796967\n|switch|p1a: Ho-Oh|Ho-Oh, L50|86/100\n|move|p1b: Terapagos|Tera Starstorm|p2a: Calyrex\n|-supereffective|p2a: Calyrex\n|-damage|p2a: Calyrex|0 fnt\n|faint|p2a: Calyrex\n|\n|win|Carajo666\n|raw|Carajo666's rating: 1462 &rarr; <strong>1484</strong><br />(+22 for winning)\n|raw|testhan92's rating: 1504 &rarr; <strong>1482</strong><br />(-22 for losing)\n|l|\u2606Carajo666\n|player|p1|\n|l|\u2606testhan92\n|player|p2|\n","uploadtime":1776797200,"views":11,"formatid":"gen9vgc2026regi","rating":1482,"private":0,"password":null}