{"id":"gen9vgc2026regi-2587491018","format":"[Gen 9] VGC 2026 Reg I","players":["mroreo328","Harry Koekenpan"],"log":"|j|\u2606mroreo328\n|j|\u2606Harry Koekenpan\n|t:|1776536297\n|gametype|doubles\n|player|p1|mroreo328|youngster-gen4dp|1409\n|player|p2|Harry Koekenpan|2|1427\n|gen|9\n|tier|[Gen 9] VGC 2026 Reg I\n|rated|\n|rule|Species Clause: Limit one of each Pok\u00e9mon\n|rule|Item Clause: Limit 1 of each item\n|clearpoke\n|poke|p1|Miraidon, L50|\n|poke|p1|Indeedee-F, L50, F|\n|poke|p1|Annihilape, L50, M|\n|poke|p1|Calyrex-Ice, L50|\n|poke|p1|Enamorus-Therian, L50, F|\n|poke|p1|Urshifu-*, L50, F|\n|poke|p2|Weezing-Galar, L50, F|\n|poke|p2|Calyrex-Shadow, L50|\n|poke|p2|Regigigas, L50|\n|poke|p2|Koraidon, L50|\n|poke|p2|Chi-Yu, L50|\n|poke|p2|Brute Bonnet, L50|\n|teampreview|4\n|inactive|Battle timer is ON: inactive players will automatically lose when time's up. (requested by mroreo328)\n|inactive|Harry Koekenpan has 60 seconds left.\n|\n|t:|1776536344\n|teamsize|p1|4\n|teamsize|p2|4\n|start\n|switch|p1a: Annihilape|Annihilape, L50, M|100/100\n|switch|p1b: Indeedee|Indeedee-F, L50, F|100/100\n|switch|p2a: Calyrex|Calyrex-Shadow, L50|100/100\n|switch|p2b: Koraidon|Koraidon, L50|100/100\n|-ability|p2a: Calyrex|As One\n|-ability|p2a: Calyrex|Unnerve\n|-weather|SunnyDay|[from] ability: Orichalcum Pulse|[of] p2b: Koraidon\n|-activate|p2b: Koraidon|Orichalcum Pulse|[source]\n|-fieldstart|move: Psychic Terrain|[from] ability: Psychic Surge|[of] p1b: Indeedee\n|turn|1\n|\n|t:|1776536367\n|move|p2b: Koraidon|Protect|p2b: Koraidon\n|-singleturn|p2b: Koraidon|Protect\n|move|p1a: Annihilape|Final Gambit|p2b: Koraidon\n|-activate|p2b: Koraidon|move: Protect\n|move|p2a: Calyrex|Astral Barrage|p1a: Annihilape|[spread] p1a\n|-immune|p1b: Indeedee\n|-supereffective|p1a: Annihilape\n|-damage|p1a: Annihilape|0 fnt\n|faint|p1a: Annihilape\n|-ability|p2a: Calyrex|Grim Neigh|boost\n|-boost|p2a: Calyrex|spa|1\n|-damage|p2a: Calyrex|91/100|[from] item: Life Orb\n|move|p1b: Indeedee|Trick Room|p1b: Indeedee\n|-fieldstart|move: Trick Room|[of] p1b: Indeedee\n|\n|-weather|SunnyDay|[upkeep]\n|upkeep\n|\n|t:|1776536370\n|switch|p1a: Calyrex|Calyrex-Ice, L50|100/100\n|-ability|p1a: Calyrex|As One\n|-ability|p1a: Calyrex|Unnerve\n|-enditem|p1a: Calyrex|Psychic Seed\n|-boost|p1a: Calyrex|spd|1|[from] item: Psychic Seed\n|turn|2\n|inactive|Harry Koekenpan has 30 seconds left.\n|\n|t:|1776536396\n|-terastallize|p1a: Calyrex|Water\n|-terastallize|p2b: Koraidon|Fire\n|move|p1b: Indeedee|Helping Hand|p1a: Calyrex\n|-singleturn|p1a: Calyrex|Helping Hand|[of] p1b: Indeedee\n|move|p1a: Calyrex|Glacial Lance|p2b: Koraidon|[spread] p2a,p2b\n|-resisted|p2b: Koraidon\n|-damage|p2a: Calyrex|0 fnt\n|-damage|p2b: Koraidon|66/100\n|faint|p2a: Calyrex\n|-ability|p1a: Calyrex|Chilling Neigh|boost\n|-boost|p1a: Calyrex|atk|1\n|move|p2b: Koraidon|Flare Blitz|p1a: Calyrex\n|-resisted|p1a: Calyrex\n|-damage|p1a: Calyrex|69/100\n|-damage|p2b: Koraidon|54/100|[from] Recoil\n|\n|-weather|SunnyDay|[upkeep]\n|upkeep\n|\n|t:|1776536414\n|switch|p2a: Chi-Yu|Chi-Yu, L50|100/100\n|-ability|p2a: Chi-Yu|Beads of Ruin\n|turn|3\n|inactive|Harry Koekenpan has 30 seconds left.\n|inactive|Harry Koekenpan has 20 seconds left.\n|\n|t:|1776536450\n|move|p2b: Koraidon|Protect|p2b: Koraidon\n|-singleturn|p2b: Koraidon|Protect\n|move|p1a: Calyrex|Glacial Lance|p2b: Koraidon|[spread] p2a\n|-activate|p2b: Koraidon|move: Protect\n|-resisted|p2a: Chi-Yu\n|-damage|p2a: Chi-Yu|42/100\n|move|p1b: Indeedee|Heal Pulse|p1a: Calyrex\n|-heal|p1a: Calyrex|100/100\n|move|p2a: Chi-Yu|Heat Wave|p1b: Indeedee|[spread] p1a,p1b\n|-resisted|p1a: Calyrex\n|-damage|p1a: Calyrex|80/100\n|-damage|p1b: Indeedee|14/100\n|-status|p1a: Calyrex|brn\n|\n|-weather|SunnyDay|[upkeep]\n|-damage|p1a: Calyrex|74/100 brn|[from] brn\n|upkeep\n|turn|4\n|\n|t:|1776536475\n|move|p1b: Indeedee|Helping Hand|p1a: Calyrex\n|-singleturn|p1a: Calyrex|Helping Hand|[of] p1b: Indeedee\n|move|p1a: Calyrex|Glacial Lance|p2b: Koraidon|[spread] p2a,p2b\n|-resisted|p2a: Chi-Yu\n|-resisted|p2b: Koraidon\n|-damage|p2a: Chi-Yu|0 fnt\n|-damage|p2b: Koraidon|30/100\n|faint|p2a: Chi-Yu\n|-ability|p1a: Calyrex|Chilling Neigh|boost\n|-boost|p1a: Calyrex|atk|1\n|move|p2b: Koraidon|Flare Blitz|p1a: Calyrex\n|-resisted|p1a: Calyrex\n|-damage|p1a: Calyrex|41/100 brn\n|-damage|p2b: Koraidon|18/100|[from] Recoil\n|\n|-weather|SunnyDay|[upkeep]\n|-damage|p1a: Calyrex|35/100 brn|[from] brn\n|upkeep\n|\n|t:|1776536489\n|switch|p2a: Brute Bonnet|Brute Bonnet, L50|100/100\n|-activate|p2a: Brute Bonnet|ability: Protosynthesis\n|-start|p2a: Brute Bonnet|protosynthesisdef\n|turn|5\n|\n|t:|1776536511\n|move|p2b: Koraidon|Protect|p2b: Koraidon\n|-singleturn|p2b: Koraidon|Protect\n|move|p1a: Calyrex|Glacial Lance|p2b: Koraidon|[spread] p2a\n|-activate|p2b: Koraidon|move: Protect\n|-supereffective|p2a: Brute Bonnet\n|-damage|p2a: Brute Bonnet|52/100\n|move|p2a: Brute Bonnet|Seed Bomb|p1a: Calyrex\n|-supereffective|p1a: Calyrex\n|-damage|p1a: Calyrex|3/100 brn\n|move|p1b: Indeedee|Heal Pulse|p1a: Calyrex\n|-heal|p1a: Calyrex|54/100 brn\n|\n|-weather|none\n|-end|p2a: Brute Bonnet|Protosynthesis\n|-damage|p1a: Calyrex|48/100 brn|[from] brn\n|-fieldend|move: Trick Room\n|-fieldend|move: Psychic Terrain\n|upkeep\n|turn|6\n|inactive|Harry Koekenpan has 30 seconds left.\n|\n|t:|1776536540\n|move|p1b: Indeedee|Follow Me|p1b: Indeedee\n|-singleturn|p1b: Indeedee|move: Follow Me\n|move|p2b: Koraidon|Flame Charge|p1b: Indeedee\n|-damage|p1b: Indeedee|0 fnt\n|-boost|p2b: Koraidon|spe|1\n|faint|p1b: Indeedee\n|move|p2a: Brute Bonnet|Spore||[still]\n|-fail|p2a: Brute Bonnet\n|move|p1a: Calyrex|Trick Room|p1a: Calyrex\n|-fieldstart|move: Trick Room|[of] p1a: Calyrex\n|\n|-damage|p1a: Calyrex|42/100 brn|[from] brn\n|upkeep\n|\n|t:|1776536542\n|switch|p1b: Enamorus|Enamorus-Therian, L50, F|100/100\n|turn|7\n|-message|Harry Koekenpan forfeited.\n|\n|win|mroreo328\n|raw|mroreo328's rating: 1409 &rarr; <strong>1430</strong><br />(+21 for winning)\n|raw|Harry Koekenpan's rating: 1427 &rarr; <strong>1406</strong><br />(-21 for losing)\n|l|\u2606Harry Koekenpan\n|player|p2|\n|l|\u2606mroreo328\n|player|p1|\n","uploadtime":1776536818,"views":9,"formatid":"gen9vgc2026regi","rating":1406,"private":0,"password":null}