{"id":"gen9vgc2026regi-2556427978","format":"[Gen 9] VGC 2026 Reg I","players":["SiinaGreenApple","uhh daneooo"],"log":"|j|\u2606SiinaGreenApple\n|j|\u2606uhh daneooo\n|t:|1773203448\n|gametype|doubles\n|player|p1|SiinaGreenApple|1|1265\n|player|p2|uhh daneooo|riley|1196\n|gen|9\n|tier|[Gen 9] VGC 2026 Reg I\n|rated|\n|rule|Species Clause: Limit one of each Pok\u00e9mon\n|rule|Item Clause: Limit 1 of each item\n|clearpoke\n|poke|p1|Zamazenta-*, L50|\n|poke|p1|Calyrex-Shadow, L50|\n|poke|p1|Indeedee-F, L50, F|\n|poke|p1|Regieleki, L50|\n|poke|p1|Mienshao, L50, F|\n|poke|p1|Overqwil, L50, M|\n|poke|p2|Koraidon, L50|\n|poke|p2|Reshiram, L50|\n|poke|p2|Grimmsnarl, L50, M|\n|poke|p2|Whimsicott, L50, M|\n|poke|p2|Rillaboom, L50, F|\n|poke|p2|Flutter Mane, L50|\n|teampreview|4\n|inactive|Battle timer is ON: inactive players will automatically lose when time's up. (requested by uhh daneooo)\n|inactive|uhh daneooo has 60 seconds left.\n|\n|t:|1773203488\n|teamsize|p1|4\n|teamsize|p2|4\n|start\n|switch|p1a: Overqwil|Overqwil, L50, M|100/100\n|switch|p1b: Zamazenta|Zamazenta-Crowned, L50|100/100\n|switch|p2a: Grimmsnarl|Grimmsnarl, L50, M|100/100\n|switch|p2b: Koraidon|Koraidon, L50, shiny|100/100\n|-weather|SunnyDay|[from] ability: Orichalcum Pulse|[of] p2b: Koraidon\n|-activate|p2b: Koraidon|Orichalcum Pulse|[source]\n|-ability|p1b: Zamazenta|Dauntless Shield|boost\n|-boost|p1b: Zamazenta|def|1\n|-ability|p1a: Overqwil|Intimidate|boost\n|-unboost|p2a: Grimmsnarl|atk|1\n|-fail|p2b: Koraidon|unboost|[from] item: Clear Amulet|[of] p2b: Koraidon\n|turn|1\n|\n|t:|1773203512\n|-terastallize|p1b: Zamazenta|Fighting\n|move|p2a: Grimmsnarl|Reflect|p2a: Grimmsnarl\n|-sidestart|p2: uhh daneooo|Reflect\n|move|p2b: Koraidon|Collision Course|p1b: Zamazenta\n|-damage|p1b: Zamazenta|71/100\n|move|p1b: Zamazenta|Body Press|p2b: Koraidon\n|-damage|p2b: Koraidon|51/100\n|move|p1a: Overqwil|Toxic|p2a: Grimmsnarl\n|-status|p2a: Grimmsnarl|tox\n|\n|-weather|SunnyDay|[upkeep]\n|-damage|p2a: Grimmsnarl|95/100 tox|[from] psn\n|upkeep\n|turn|2\n|inactive|SiinaGreenApple has 30 seconds left.\n|inactive|uhh daneooo has 30 seconds left.\n|inactive|uhh daneooo has 20 seconds left.\n|\n|t:|1773203562\n|move|p2a: Grimmsnarl|Thunder Wave|p1b: Zamazenta|[miss]\n|-miss|p2a: Grimmsnarl|p1b: Zamazenta\n|move|p2b: Koraidon|Flare Blitz|p1a: Overqwil\n|-damage|p1a: Overqwil|11/100\n|-damage|p2b: Koraidon|18/100|[from] Recoil\n|move|p1b: Zamazenta|Body Press|p2b: Koraidon\n|-damage|p2b: Koraidon|0 fnt\n|faint|p2b: Koraidon\n|move|p1a: Overqwil|Toxic Spikes|p2a: Grimmsnarl\n|-sidestart|p2: uhh daneooo|move: Toxic Spikes\n|\n|-weather|SunnyDay|[upkeep]\n|-damage|p2a: Grimmsnarl|83/100 tox|[from] psn\n|upkeep\n|\n|t:|1773203570\n|switch|p2b: Reshiram|Reshiram, L50, shiny|100/100\n|-status|p2b: Reshiram|psn\n|-ability|p2b: Reshiram|Turboblaze\n|turn|3\n|inactive|SiinaGreenApple has 30 seconds left.\n|inactive|SiinaGreenApple has 20 seconds left.\n|\n|t:|1773203605\n|move|p2a: Grimmsnarl|Thunder Wave|p1b: Zamazenta\n|-status|p1b: Zamazenta|par\n|move|p2b: Reshiram|Heat Wave|p1b: Zamazenta|[spread] p1a,p1b\n|-damage|p1a: Overqwil|0 fnt\n|-damage|p1b: Zamazenta|13/100 par\n|faint|p1a: Overqwil\n|move|p1b: Zamazenta|Body Press|p2b: Reshiram\n|-damage|p2b: Reshiram|46/100 psn\n|\n|-weather|SunnyDay|[upkeep]\n|-damage|p2b: Reshiram|34/100 psn|[from] psn\n|-damage|p2a: Grimmsnarl|65/100 tox|[from] psn\n|upkeep\n|\n|t:|1773203619\n|switch|p1a: Calyrex|Calyrex-Shadow, L50|100/100\n|-ability|p1a: Calyrex|As One\n|-ability|p1a: Calyrex|Unnerve\n|turn|4\n|c|\u2606uhh daneooo|how fucking bulky\n|\n|t:|1773203631\n|-terastallize|p2b: Reshiram|Fire\n|move|p1a: Calyrex|Protect|p1a: Calyrex\n|-singleturn|p1a: Calyrex|Protect\n|move|p1b: Zamazenta|Wide Guard|p1b: Zamazenta\n|-singleturn|p1b: Zamazenta|Wide Guard\n|move|p2a: Grimmsnarl|Thunder Wave|p1a: Calyrex\n|-activate|p1a: Calyrex|move: Protect\n|move|p2b: Reshiram|Heat Wave|p1b: Zamazenta|[spread] \n|-activate|p1a: Calyrex|move: Wide Guard\n|-activate|p1b: Zamazenta|move: Wide Guard\n|\n|-weather|SunnyDay|[upkeep]\n|-damage|p2b: Reshiram|22/100 psn|[from] psn\n|-damage|p2a: Grimmsnarl|41/100 tox|[from] psn\n|upkeep\n|turn|5\n|c|\u2606uhh daneooo|bet\n|c|\u2606uhh daneooo|wide guard again\n|c|\u2606uhh daneooo|eat this blue flare\n|inactive|uhh daneooo has 30 seconds left.\n|c|\u2606uhh daneooo|watch this ohko\n|\n|t:|1773203662\n|switch|p1b: Indeedee|Indeedee-F, L50, F|100/100\n|-fieldstart|move: Psychic Terrain|[from] ability: Psychic Surge|[of] p1b: Indeedee\n|move|p2a: Grimmsnarl|Thunder Wave|p1a: Calyrex\n|-activate|p1a: Calyrex|move: Psychic Terrain\n|move|p1a: Calyrex|Astral Barrage|p2b: Reshiram|[spread] p2a,p2b\n|-resisted|p2a: Grimmsnarl\n|-damage|p2a: Grimmsnarl|17/100 tox\n|-damage|p2b: Reshiram|0 fnt\n|faint|p2b: Reshiram\n|-ability|p1a: Calyrex|Grim Neigh|boost\n|-boost|p1a: Calyrex|spa|1\n|\n|-weather|none\n|-damage|p2a: Grimmsnarl|0 fnt|[from] psn\n|faint|p2a: Grimmsnarl\n|upkeep\n|\n|t:|1773203669\n|switch|p2b: Flutter Mane|Flutter Mane, L50|100/100\n|-status|p2b: Flutter Mane|psn\n|-enditem|p2b: Flutter Mane|Booster Energy\n|-activate|p2b: Flutter Mane|ability: Protosynthesis|[fromitem]\n|-start|p2b: Flutter Mane|protosynthesisspe\n|turn|6\n|\n|t:|1773203677\n|move|p1b: Indeedee|Follow Me|p1b: Indeedee\n|-singleturn|p1b: Indeedee|move: Follow Me\n|move|p2b: Flutter Mane|Shadow Ball|p1b: Indeedee\n|-immune|p1b: Indeedee\n|move|p1a: Calyrex|Astral Barrage|p2b: Flutter Mane\n|-supereffective|p2b: Flutter Mane\n|-damage|p2b: Flutter Mane|0 fnt\n|faint|p2b: Flutter Mane\n|-end|p2b: Flutter Mane|Protosynthesis|[silent]\n|\n|win|SiinaGreenApple\n|raw|SiinaGreenApple's rating: 1265 &rarr; <strong>1285</strong><br />(+20 for winning)\n|raw|uhh daneooo's rating: 1196 &rarr; <strong>1176</strong><br />(-20 for losing)\n|l|\u2606uhh daneooo\n|player|p2|\n|l|\u2606SiinaGreenApple\n|player|p1|\n","uploadtime":1773203949,"views":10,"formatid":"gen9vgc2026regi","rating":1176,"private":0,"password":null}