{"id":"gen9vgc2026regi-2522438689","format":"[Gen 9] VGC 2026 Reg I","players":["xiaoliyunVGC","zsyss.\u82cf"],"log":"|j|\u2606xiaoliyunVGC\n|j|\u2606zsyss.\u82cf\n|t:|1768907913\n|gametype|doubles\n|player|p1|xiaoliyunVGC|liko|1241\n|player|p2|zsyss.\u82cf|170|1211\n|gen|9\n|tier|[Gen 9] VGC 2026 Reg I\n|rated|\n|rule|Species Clause: Limit one of each Pok\u00e9mon\n|rule|Item Clause: Limit 1 of each item\n|clearpoke\n|poke|p1|Zamazenta-*, L50|\n|poke|p1|Kyogre, L50|\n|poke|p1|Raichu, L50, F|\n|poke|p1|Flutter Mane, L50|\n|poke|p1|Tornadus, L50, M|\n|poke|p1|Kingambit, L50, M|\n|poke|p2|Calyrex-Ice, L50|\n|poke|p2|Lunala, L50|\n|poke|p2|Indeedee-F, L50, F|\n|poke|p2|Urshifu-*, L50, M|\n|poke|p2|Smeargle, L50, M|\n|poke|p2|Torkoal, L50, M|\n|teampreview|4\n|inactive|Battle timer is ON: inactive players will automatically lose when time's up. (requested by xiaoliyunVGC)\n|\n|t:|1768907930\n|teamsize|p1|4\n|teamsize|p2|4\n|start\n|switch|p1a: Kyogre|Kyogre, L50|100/100\n|switch|p1b: Raichu|Raichu, L50, F|100/100\n|switch|p2a: Smeargle|Smeargle, L50, M|100/100\n|switch|p2b: Torkoal|Torkoal, L50, M|100/100\n|-weather|RainDance|[from] ability: Drizzle|[of] p1a: Kyogre\n|-weather|SunnyDay|[from] ability: Drought|[of] p2b: Torkoal\n|turn|1\n|inactive|zsyss.\u82cf has 30 seconds left.\n|\n|t:|1768907959\n|switch|p2b: Lunala|Lunala, L50|100/100\n|move|p1b: Raichu|Fake Out|p2a: Smeargle\n|-damage|p2a: Smeargle|79/100\n|cant|p2a: Smeargle|flinch\n|move|p1a: Kyogre|Water Spout|p2a: Smeargle|[spread] p2a,p2b\n|-damage|p2a: Smeargle|12/100\n|-damage|p2b: Lunala|89/100\n|\n|-weather|SunnyDay|[upkeep]\n|upkeep\n|turn|2\n|inactive|zsyss.\u82cf has 30 seconds left.\n|inactive|zsyss.\u82cf has 20 seconds left.\n|\n|t:|1768907997\n|switch|p1b: Kingambit|Kingambit, L50, M|100/100\n|move|p1a: Kyogre|Water Spout|p2a: Smeargle|[spread] p2a,p2b\n|-damage|p2a: Smeargle|0 fnt\n|-damage|p2b: Lunala|66/100\n|faint|p2a: Smeargle\n|move|p2b: Lunala|Meteor Beam||[still]\n|-prepare|p2b: Lunala|Meteor Beam\n|-boost|p2b: Lunala|spa|1\n|-enditem|p2b: Lunala|Power Herb\n|-anim|p2b: Lunala|Meteor Beam|p1b: Kingambit\n|-resisted|p1b: Kingambit\n|-damage|p1b: Kingambit|67/100\n|\n|-weather|SunnyDay|[upkeep]\n|upkeep\n|\n|t:|1768908014\n|switch|p2a: Calyrex|Calyrex-Ice, L50|100/100\n|-ability|p2a: Calyrex|As One\n|-ability|p2a: Calyrex|Unnerve\n|turn|3\n|inactive|xiaoliyunVGC has 30 seconds left.\n|\n|t:|1768908042\n|switch|p1a: Raichu|Raichu, L50, F|100/100\n|move|p2a: Calyrex|Protect|p2a: Calyrex\n|-singleturn|p2a: Calyrex|Protect\n|move|p1b: Kingambit|Kowtow Cleave|p2b: Lunala\n|-supereffective|p2b: Lunala\n|-damage|p2b: Lunala|0 fnt\n|faint|p2b: Lunala\n|\n|-weather|SunnyDay|[upkeep]\n|upkeep\n|\n|t:|1768908054\n|switch|p2b: Torkoal|Torkoal, L50, M|100/100\n|turn|4\n|\n|t:|1768908072\n|-terastallize|p2a: Calyrex|Grass\n|move|p1a: Raichu|Fake Out|p2a: Calyrex\n|-damage|p2a: Calyrex|95/100\n|move|p1b: Kingambit|Kowtow Cleave|p2a: Calyrex\n|-damage|p2a: Calyrex|48/100\n|move|p2b: Torkoal|Weather Ball|p1b: Kingambit\n|-supereffective|p1b: Kingambit\n|-damage|p1b: Kingambit|0 fnt\n|faint|p1b: Kingambit\n|cant|p2a: Calyrex|flinch\n|\n|-weather|SunnyDay|[upkeep]\n|upkeep\n|\n|t:|1768908083\n|switch|p1b: Kyogre|Kyogre, L50|100/100\n|-weather|RainDance|[from] ability: Drizzle|[of] p1b: Kyogre\n|turn|5\n|inactive|zsyss.\u82cf has 30 seconds left.\n|\n|t:|1768908114\n|-terastallize|p1b: Kyogre|Water\n|move|p1a: Raichu|Feint|p2b: Torkoal\n|-damage|p2b: Torkoal|95/100\n|move|p1b: Kyogre|Water Spout|p2b: Torkoal|[spread] p2a,p2b\n|-resisted|p2a: Calyrex\n|-supereffective|p2b: Torkoal\n|-damage|p2a: Calyrex|4/100\n|-damage|p2b: Torkoal|0 fnt\n|faint|p2b: Torkoal\n|move|p2a: Calyrex|Trick Room|p2a: Calyrex\n|-fieldstart|move: Trick Room|[of] p2a: Calyrex\n|\n|-weather|RainDance|[upkeep]\n|upkeep\n|turn|6\n|\n|t:|1768908128\n|move|p1a: Raichu|Feint|p2a: Calyrex\n|-damage|p2a: Calyrex|0 fnt\n|faint|p2a: Calyrex\n|\n|win|xiaoliyunVGC\n|raw|xiaoliyunVGC's rating: 1241 &rarr; <strong>1264</strong><br />(+23 for winning)\n|raw|zsyss.\u82cf's rating: 1211 &rarr; <strong>1188</strong><br />(-23 for losing)\n|l|\u2606zsyss.\u82cf\n|player|p2|\n","uploadtime":1768908386,"views":11,"formatid":"gen9vgc2026regi","rating":1188,"private":0,"password":null}