{"id":"gen9vgc2026regi-2527505072","format":"[Gen 9] VGC 2026 Reg I","players":["ArisHazard","girrugameshu"],"log":"|j|\u2606ArisHazard\n|j|\u2606girrugameshu\n|t:|1769544380\n|gametype|doubles\n|player|p1|ArisHazard|266|1353\n|player|p2|girrugameshu|steven|1293\n|gen|9\n|tier|[Gen 9] VGC 2026 Reg I\n|rated|\n|rule|Species Clause: Limit one of each Pok\u00e9mon\n|rule|Item Clause: Limit 1 of each item\n|clearpoke\n|poke|p1|Smeargle, L50, M|\n|poke|p1|Muk-Alola, L50, F|\n|poke|p1|Raging Bolt, L50|\n|poke|p1|Terapagos, L50, M|\n|poke|p1|Ho-Oh, L50|\n|poke|p1|Sableye, L50, M|\n|poke|p2|Groudon, L50|\n|poke|p2|Jumpluff, L50, M|\n|poke|p2|Flutter Mane, L50|\n|poke|p2|Rillaboom, L50, M|\n|poke|p2|Calyrex-Shadow, L50|\n|poke|p2|Raging Bolt, L50|\n|teampreview|4\n|inactive|Battle timer is ON: inactive players will automatically lose when time's up. (requested by ArisHazard)\n|\n|t:|1769544421\n|teamsize|p1|4\n|teamsize|p2|4\n|start\n|switch|p1a: Ho-Oh|Ho-Oh, L50|100/100\n|switch|p1b: Smeargle|Smeargle, L50, M|100/100\n|switch|p2a: Groudon|Groudon, L50|100/100\n|switch|p2b: Rillaboom|Rillaboom, L50, M|100/100\n|-weather|SunnyDay|[from] ability: Drought|[of] p2a: Groudon\n|-fieldstart|move: Grassy Terrain|[from] ability: Grassy Surge|[of] p2b: Rillaboom\n|turn|1\n|\n|t:|1769544442\n|move|p1b: Smeargle|Fake Out|p2a: Groudon\n|-damage|p2a: Groudon|97/100\n|cant|p2a: Groudon|flinch\n|move|p1a: Ho-Oh|Tailwind|p1a: Ho-Oh\n|-sidestart|p1: ArisHazard|move: Tailwind\n|move|p2b: Rillaboom|U-turn|p1b: Smeargle\n|-damage|p1b: Smeargle|50/100\n|\n|t:|1769544450\n|switch|p2b: Jumpluff|Jumpluff, L50, M, shiny|100/100|[from] U-turn\n|\n|-weather|SunnyDay|[upkeep]\n|-heal|p1b: Smeargle|57/100|[from] Grassy Terrain\n|-heal|p2a: Groudon|100/100|[from] Grassy Terrain\n|-ability|p1b: Smeargle|Moody|boost\n|-boost|p1b: Smeargle|spe|2\n|-unboost|p1b: Smeargle|def|1\n|upkeep\n|turn|2\n|\n|t:|1769544470\n|move|p1a: Ho-Oh|Protect|p1a: Ho-Oh\n|-singleturn|p1a: Ho-Oh|Protect\n|move|p1b: Smeargle|Spore|p2a: Groudon\n|-status|p2a: Groudon|slp|[from] move: Spore\n|move|p2b: Jumpluff|Tailwind|p2b: Jumpluff\n|-sidestart|p2: girrugameshu|move: Tailwind\n|cant|p2a: Groudon|slp\n|\n|-weather|SunnyDay|[upkeep]\n|-heal|p1b: Smeargle|63/100|[from] Grassy Terrain\n|-ability|p1b: Smeargle|Moody|boost\n|-boost|p1b: Smeargle|spa|2\n|-unboost|p1b: Smeargle|spd|1\n|upkeep\n|turn|3\n|\n|t:|1769544486\n|move|p1b: Smeargle|Follow Me|p1b: Smeargle\n|-singleturn|p1b: Smeargle|move: Follow Me\n|move|p2b: Jumpluff|Encore|p1b: Smeargle\n|-start|p1b: Smeargle|Encore\n|-curestatus|p2a: Groudon|slp|[msg]\n|move|p2a: Groudon|Eruption|p1a: Ho-Oh|[spread] p1a,p1b\n|-resisted|p1a: Ho-Oh\n|-crit|p1a: Ho-Oh\n|-damage|p1a: Ho-Oh|66/100\n|-damage|p1b: Smeargle|0 fnt\n|faint|p1b: Smeargle\n|move|p1a: Ho-Oh|Sacred Fire|p2b: Jumpluff\n|-supereffective|p2b: Jumpluff\n|-damage|p2b: Jumpluff|0 fnt\n|faint|p2b: Jumpluff\n|\n|-weather|SunnyDay|[upkeep]\n|upkeep\n|\n|t:|1769544507\n|switch|p2b: Rillaboom|Rillaboom, L50, M|100/100\n|switch|p1b: Terapagos|Terapagos, L50, M|100/100\n|-activate|p1b: Terapagos|ability: Tera Shift\n|detailschange|p1b: Terapagos|Terapagos-Terastal, L50, M\n|-heal|p1b: Terapagos|100/100|[silent]\n|turn|4\n|\n|t:|1769544524\n|-terastallize|p2a: Groudon|Fire\n|-terastallize|p1b: Terapagos|Stellar\n|detailschange|p1b: Terapagos|Terapagos-Stellar, L50, M, tera:Stellar\n|-heal|p1b: Terapagos|100/100|[silent]\n|-ability|p1b: Terapagos|Teraform Zero\n|-weather|none\n|-fieldend|move: Grassy Terrain\n|move|p2b: Rillaboom|Fake Out|p1b: Terapagos\n|-damage|p1b: Terapagos|93/100\n|move|p2a: Groudon|Eruption|p1a: Ho-Oh|[spread] p1a,p1b\n|-resisted|p1a: Ho-Oh\n|-damage|p1a: Ho-Oh|43/100\n|-damage|p1b: Terapagos|39/100\n|move|p1a: Ho-Oh|Sacred Fire|p2a: Groudon\n|-resisted|p2a: Groudon\n|-crit|p2a: Groudon\n|-damage|p2a: Groudon|70/100\n|cant|p1b: Terapagos|flinch\n|\n|-sideend|p1: ArisHazard|move: Tailwind\n|upkeep\n|turn|5\n|\n|t:|1769544547\n|move|p2a: Groudon|Eruption|p1b: Terapagos|[spread] p1a,p1b\n|-resisted|p1a: Ho-Oh\n|-damage|p1a: Ho-Oh|28/100\n|-damage|p1b: Terapagos|4/100\n|move|p2b: Rillaboom|Wood Hammer|p1b: Terapagos\n|-damage|p1b: Terapagos|0 fnt\n|faint|p1b: Terapagos\n|detailschange|p1: Terapagos|Terapagos, L50, M|[silent]\n|-damage|p2b: Rillaboom|99/100|[from] Recoil\n|move|p1a: Ho-Oh|Tailwind|p1a: Ho-Oh\n|-sidestart|p1: ArisHazard|move: Tailwind\n|\n|-sideend|p2: girrugameshu|move: Tailwind\n|upkeep\n|-message|ArisHazard forfeited.\n|\n|win|girrugameshu\n|raw|ArisHazard's rating: 1353 &rarr; <strong>1330</strong><br />(-23 for losing)\n|raw|girrugameshu's rating: 1293 &rarr; <strong>1322</strong><br />(+29 for winning)\n|l|\u2606ArisHazard\n|player|p1|\n|l|\u2606girrugameshu\n|player|p2|\n","uploadtime":1769544758,"views":12,"formatid":"gen9vgc2026regi","rating":1322,"private":0,"password":null}