{"id":"gen9vgc2026regi-2564279553","format":"[Gen 9] VGC 2026 Reg I","players":["gentlemangarby","TheAndUrgeTheUrge"],"log":"|j|\u2606gentlemangarby\n|j|\u2606TheAndUrgeTheUrge\n|t:|1774127964\n|gametype|doubles\n|player|p1|gentlemangarby|crasherwake|1332\n|player|p2|TheAndUrgeTheUrge|169|1510\n|gen|9\n|tier|[Gen 9] VGC 2026 Reg I\n|rated|\n|rule|Species Clause: Limit one of each Pok\u00e9mon\n|rule|Item Clause: Limit 1 of each item\n|clearpoke\n|poke|p1|Calyrex-Ice, L50|\n|poke|p1|Necrozma-Dawn-Wings, L50|\n|poke|p1|Ursaluna, L50, F|\n|poke|p1|Indeedee-F, L50, F|\n|poke|p1|Annihilape, L50, F|\n|poke|p1|Garganacl, L50, M|\n|poke|p2|Zamazenta-*, L50|\n|poke|p2|Rillaboom, L50, F|\n|poke|p2|Incineroar, L50, F|\n|poke|p2|Chien-Pao, L50|\n|poke|p2|Kyogre, L50|\n|poke|p2|Flutter Mane, L50|\n|teampreview|4\n|\n|t:|1774128007\n|teamsize|p1|4\n|teamsize|p2|4\n|start\n|switch|p1a: Necrozma|Necrozma-Dawn-Wings, L50|100/100\n|switch|p1b: Annihilape|Annihilape, L50, F|100/100\n|switch|p2a: Zamazenta|Zamazenta-Crowned, L50, shiny|100/100\n|switch|p2b: Chien-Pao|Chien-Pao, L50, shiny|100/100\n|-ability|p2b: Chien-Pao|Sword of Ruin\n|-ability|p2a: Zamazenta|Dauntless Shield|boost\n|-boost|p2a: Zamazenta|def|1\n|turn|1\n|\n|t:|1774128032\n|move|p2a: Zamazenta|Protect|p2a: Zamazenta\n|-singleturn|p2a: Zamazenta|Protect\n|move|p1b: Annihilape|U-turn|p2b: Chien-Pao\n|-supereffective|p2b: Chien-Pao\n|-damage|p2b: Chien-Pao|53/100\n|\n|t:|1774128038\n|switch|p1b: Indeedee|Indeedee-F, L50, F|100/100|[from] U-turn\n|-fieldstart|move: Psychic Terrain|[from] ability: Psychic Surge|[of] p1b: Indeedee\n|-enditem|p1b: Indeedee|Psychic Seed\n|-boost|p1b: Indeedee|spd|1|[from] item: Psychic Seed\n|move|p2b: Chien-Pao|Icicle Crash|p1a: Necrozma\n|-damage|p1a: Necrozma|55/100\n|move|p1a: Necrozma|Expanding Force|p2a: Zamazenta|[spread] \n|-activate|p2a: Zamazenta|move: Protect\n|-immune|p2b: Chien-Pao\n|\n|upkeep\n|turn|2\n|\n|t:|1774128064\n|switch|p2b: Rillaboom|Rillaboom, L50, F, shiny|100/100\n|-fieldstart|move: Grassy Terrain|[from] ability: Grassy Surge|[of] p2b: Rillaboom\n|move|p1b: Indeedee|Follow Me|p1b: Indeedee\n|-singleturn|p1b: Indeedee|move: Follow Me\n|move|p2a: Zamazenta|Iron Defense|p2a: Zamazenta\n|-boost|p2a: Zamazenta|def|2\n|move|p1a: Necrozma|Trick Room|p1a: Necrozma\n|-fieldstart|move: Trick Room|[of] p1a: Necrozma\n|\n|-heal|p1a: Necrozma|61/100|[from] Grassy Terrain\n|upkeep\n|turn|3\n|\n|t:|1774128080\n|move|p1a: Necrozma|Protect|p1a: Necrozma\n|-singleturn|p1a: Necrozma|Protect\n|move|p1b: Indeedee|Skill Swap|p2a: Zamazenta\n|-activate|p1b: Indeedee|Skill Swap|Dauntless Shield|Psychic Surge|[of] p2a: Zamazenta\n|-fieldstart|move: Psychic Terrain|[from] ability: Psychic Surge|[of] p2a: Zamazenta\n|-ability|p1b: Indeedee|Dauntless Shield|boost\n|-boost|p1b: Indeedee|def|1\n|move|p2b: Rillaboom|U-turn|p1b: Indeedee\n|-supereffective|p1b: Indeedee\n|-damage|p1b: Indeedee|70/100\n|\n|t:|1774128090\n|switch|p2b: Incineroar|Incineroar, L50, F, shiny|100/100|[from] U-turn\n|-ability|p2b: Incineroar|Intimidate|boost\n|-unboost|p1a: Necrozma|atk|1\n|-unboost|p1b: Indeedee|atk|1\n|move|p2a: Zamazenta|Body Press|p1b: Indeedee\n|-damage|p1b: Indeedee|4/100\n|\n|upkeep\n|turn|4\n|\n|t:|1774128104\n|move|p2a: Zamazenta|Protect|p2a: Zamazenta\n|-singleturn|p2a: Zamazenta|Protect\n|move|p2b: Incineroar|Parting Shot|p1a: Necrozma\n|-unboost|p1a: Necrozma|atk|1\n|-unboost|p1a: Necrozma|spa|1\n|\n|t:|1774128109\n|switch|p2b: Rillaboom|Rillaboom, L50, F, shiny|100/100|[from] Parting Shot\n|-fieldstart|move: Grassy Terrain|[from] ability: Grassy Surge|[of] p2b: Rillaboom\n|move|p1a: Necrozma|Expanding Force|p2a: Zamazenta\n|-activate|p2a: Zamazenta|move: Protect\n|move|p1b: Indeedee|Skill Swap|p2b: Rillaboom\n|-activate|p1b: Indeedee|Skill Swap|Grassy Surge|Dauntless Shield|[of] p2b: Rillaboom\n|-ability|p2b: Rillaboom|Dauntless Shield|boost\n|-boost|p2b: Rillaboom|def|1\n|\n|-heal|p1a: Necrozma|67/100|[from] Grassy Terrain\n|-heal|p1b: Indeedee|10/100|[from] Grassy Terrain\n|upkeep\n|turn|5\n|\n|t:|1774128132\n|switch|p1b: Calyrex|Calyrex-Ice, L50|100/100\n|-ability|p1b: Calyrex|As One\n|-ability|p1b: Calyrex|Unnerve\n|move|p1a: Necrozma|Expanding Force|p2a: Zamazenta\n|-damage|p2a: Zamazenta|72/100\n|-damage|p1a: Necrozma|58/100|[from] item: Life Orb\n|move|p2b: Rillaboom|U-turn|p1b: Calyrex\n|-supereffective|p1b: Calyrex\n|-damage|p1b: Calyrex|72/100\n|\n|t:|1774128142\n|switch|p2b: Incineroar|Incineroar, L50, F, shiny|100/100|[from] U-turn\n|-ability|p2b: Incineroar|Intimidate|boost\n|-unboost|p1a: Necrozma|atk|1\n|-fail|p1b: Calyrex|unboost|[from] item: Clear Amulet|[of] p1b: Calyrex\n|move|p2a: Zamazenta|Heavy Slam|p1a: Necrozma\n|-damage|p1a: Necrozma|37/100\n|\n|-heal|p1b: Calyrex|77/100|[from] Grassy Terrain\n|-heal|p1a: Necrozma|43/100|[from] Grassy Terrain\n|-heal|p2a: Zamazenta|78/100|[from] Grassy Terrain\n|upkeep\n|turn|6\n|\n|t:|1774128155\n|switch|p1a: Indeedee|Indeedee-F, L50, F|10/100\n|-fieldstart|move: Psychic Terrain|[from] ability: Psychic Surge|[of] p1a: Indeedee\n|move|p1b: Calyrex|High Horsepower|p2b: Incineroar\n|-supereffective|p2b: Incineroar\n|-damage|p2b: Incineroar|28/100\n|move|p2b: Incineroar|Knock Off|p1a: Indeedee\n|-supereffective|p1a: Indeedee\n|-damage|p1a: Indeedee|0 fnt\n|faint|p1a: Indeedee\n|move|p2a: Zamazenta|Body Press|p1b: Calyrex\n|-damage|p1b: Calyrex|14/100\n|\n|-fieldend|move: Trick Room\n|upkeep\n|\n|t:|1774128172\n|switch|p1a: Necrozma|Necrozma-Dawn-Wings, L50|43/100\n|turn|7\n|\n|t:|1774128191\n|move|p2a: Zamazenta|Body Press|p1b: Calyrex\n|-crit|p1b: Calyrex\n|-damage|p1b: Calyrex|0 fnt\n|faint|p1b: Calyrex\n|move|p1a: Necrozma|Expanding Force|p2a: Zamazenta|[spread] p2a\n|-immune|p2b: Incineroar\n|-damage|p2a: Zamazenta|15/100\n|-damage|p1a: Necrozma|33/100|[from] item: Life Orb\n|move|p2b: Incineroar|Knock Off|p1a: Necrozma\n|-supereffective|p1a: Necrozma\n|-damage|p1a: Necrozma|0 fnt\n|-enditem|p1a: Necrozma|Life Orb|[from] move: Knock Off|[of] p2b: Incineroar\n|faint|p1a: Necrozma\n|\n|upkeep\n|-message|gentlemangarby forfeited.\n|\n|win|TheAndUrgeTheUrge\n|raw|gentlemangarby's rating: 1332 &rarr; <strong>1321</strong><br />(-11 for losing)\n|raw|TheAndUrgeTheUrge's rating: 1510 &rarr; <strong>1521</strong><br />(+11 for winning)\n|l|\u2606gentlemangarby\n|player|p1|\n|c|\u2606TheAndUrgeTheUrge|ez\n|l|\u2606TheAndUrgeTheUrge\n|player|p2|\n","uploadtime":1774128389,"views":13,"formatid":"gen9vgc2026regi","rating":1321,"private":0,"password":null}