{"id":"gen9vgc2026regi-2579550507","format":"[Gen 9] VGC 2026 Reg I","players":["987w","ranchsauce"],"log":"|j|\u2606987w\n|j|\u2606ranchsauce\n|t:|1775796062\n|gametype|doubles\n|player|p1|987w|265|1547\n|player|p2|ranchsauce|baker|1414\n|gen|9\n|tier|[Gen 9] VGC 2026 Reg I\n|rated|\n|rule|Species Clause: Limit one of each Pok\u00e9mon\n|rule|Item Clause: Limit 1 of each item\n|clearpoke\n|poke|p1|Miraidon, L50|\n|poke|p1|Calyrex-Ice, L50|\n|poke|p1|Chi-Yu, L50|\n|poke|p1|Incineroar, L50, M|\n|poke|p1|Urshifu-*, L50, F|\n|poke|p1|Whimsicott, L50, F|\n|poke|p2|Garganacl, L50, F|\n|poke|p2|Calyrex-Shadow, L50|\n|poke|p2|Incineroar, L50, M|\n|poke|p2|Rillaboom, L50, F|\n|poke|p2|Eternatus, L50|\n|poke|p2|Weezing-Galar, L50, F|\n|teampreview|4\n|inactive|Battle timer is ON: inactive players will automatically lose when time's up. (requested by 987w)\n|inactive|ranchsauce has 60 seconds left.\n|inactive|ranchsauce has 30 seconds left.\n|\n|t:|1775796148\n|teamsize|p1|4\n|teamsize|p2|4\n|start\n|switch|p1a: Chi-Yu|Chi-Yu, L50|100/100\n|switch|p1b: Whimsicott|Whimsicott, L50, F|100/100\n|switch|p2a: Calyrex|Calyrex-Shadow, L50|100/100\n|switch|p2b: Weezing|Weezing-Galar, L50, F|100/100\n|-ability|p2b: Weezing|Neutralizing Gas\n|-ability|p2a: Calyrex|As One\n|-ability|p2a: Calyrex|Unnerve\n|turn|1\n|inactive|987w has 30 seconds left.\n|inactive|987w has 20 seconds left.\n|\n|t:|1775796185\n|switch|p2a: Eternatus|Eternatus, L50|100/100\n|move|p1a: Chi-Yu|Flamethrower|p2a: Eternatus\n|-resisted|p2a: Eternatus\n|-damage|p2a: Eternatus|86/100\n|move|p1b: Whimsicott|Tailwind|p1b: Whimsicott\n|-sidestart|p1: 987w|move: Tailwind\n|move|p2b: Weezing|Toxic Spikes|p1b: Whimsicott\n|-sidestart|p1: 987w|move: Toxic Spikes\n|\n|upkeep\n|turn|2\n|\n|t:|1775796197\n|move|p1a: Chi-Yu|Flamethrower|p2b: Weezing\n|-damage|p2b: Weezing|53/100\n|move|p1b: Whimsicott|Endeavor|p2a: Eternatus\n|-damage|p2a: Eternatus|49/100\n|-enditem|p2a: Eternatus|Sitrus Berry|[eat]\n|-heal|p2a: Eternatus|74/100|[from] item: Sitrus Berry\n|move|p2a: Eternatus|Cosmic Power|p2a: Eternatus\n|-boost|p2a: Eternatus|def|1\n|-boost|p2a: Eternatus|spd|1\n|move|p2b: Weezing|Poison Gas|p1a: Chi-Yu|[spread] p1a,p1b\n|-status|p1a: Chi-Yu|psn\n|-status|p1b: Whimsicott|psn\n|\n|-damage|p1a: Chi-Yu|88/100 psn|[from] psn\n|-damage|p1b: Whimsicott|88/100 psn|[from] psn\n|upkeep\n|turn|3\n|\n|t:|1775796213\n|move|p1a: Chi-Yu|Flamethrower|p2b: Weezing\n|-damage|p2b: Weezing|3/100\n|move|p1b: Whimsicott|Moonblast|p2b: Weezing\n|-resisted|p2b: Weezing\n|-damage|p2b: Weezing|0 fnt\n|faint|p2b: Weezing\n|-end|p2b: Weezing|ability: Neutralizing Gas\n|-ability|p1a: Chi-Yu|Beads of Ruin\n|-ability|p2a: Eternatus|Pressure\n|move|p2a: Eternatus|Dynamax Cannon|p1a: Chi-Yu\n|-damage|p1a: Chi-Yu|28/100 psn\n|\n|-damage|p1a: Chi-Yu|16/100 psn|[from] psn\n|-damage|p1b: Whimsicott|75/100 psn|[from] psn\n|upkeep\n|\n|t:|1775796220\n|switch|p2b: Rillaboom|Rillaboom, L50, F|100/100\n|-fieldstart|move: Grassy Terrain|[from] ability: Grassy Surge|[of] p2b: Rillaboom\n|turn|4\n|\n|t:|1775796234\n|-terastallize|p1a: Chi-Yu|Ghost\n|move|p2b: Rillaboom|Grassy Glide|p1a: Chi-Yu\n|-damage|p1a: Chi-Yu|0 fnt\n|faint|p1a: Chi-Yu\n|move|p1b: Whimsicott|Endeavor|p2a: Eternatus\n|-damage|p2a: Eternatus|37/100\n|move|p2a: Eternatus|Cosmic Power|p2a: Eternatus\n|-boost|p2a: Eternatus|def|1\n|-boost|p2a: Eternatus|spd|1\n|\n|-heal|p1b: Whimsicott|81/100 psn|[from] Grassy Terrain\n|-heal|p2a: Eternatus|43/100|[from] Grassy Terrain\n|-damage|p1b: Whimsicott|69/100 psn|[from] psn\n|-sideend|p1: 987w|move: Tailwind\n|upkeep\n|\n|t:|1775796247\n|switch|p1a: Miraidon|Miraidon, L50|100/100\n|-status|p1a: Miraidon|psn\n|-fieldstart|move: Electric Terrain|[from] ability: Hadron Engine|[of] p1a: Miraidon\n|turn|5\n|\n|t:|1775796265\n|switch|p2b: Calyrex|Calyrex-Shadow, L50|100/100\n|-ability|p2b: Calyrex|As One\n|-ability|p2b: Calyrex|Unnerve\n|move|p1b: Whimsicott|Tailwind|p1b: Whimsicott\n|-sidestart|p1: 987w|move: Tailwind\n|move|p1a: Miraidon|Draco Meteor|p2a: Eternatus\n|-supereffective|p2a: Eternatus\n|-damage|p2a: Eternatus|0 fnt\n|-unboost|p1a: Miraidon|spa|2\n|faint|p2a: Eternatus\n|\n|-damage|p1b: Whimsicott|56/100 psn|[from] psn\n|-damage|p1a: Miraidon|88/100 psn|[from] psn\n|upkeep\n|\n|t:|1775796274\n|switch|p2a: Rillaboom|Rillaboom, L50, F|100/100\n|-fieldstart|move: Grassy Terrain|[from] ability: Grassy Surge|[of] p2a: Rillaboom\n|turn|6\n|\n|t:|1775796297\n|-terastallize|p2b: Calyrex|Ghost\n|move|p2a: Rillaboom|Fake Out|p1a: Miraidon\n|-damage|p1a: Miraidon|76/100 psn\n|move|p1b: Whimsicott|Endeavor|p2a: Rillaboom\n|-damage|p2a: Rillaboom|34/100\n|cant|p1a: Miraidon|flinch\n|move|p2b: Calyrex|Astral Barrage|p1a: Miraidon|[spread] p1a,p1b\n|-damage|p1a: Miraidon|13/100 psn\n|-damage|p1b: Whimsicott|0 fnt\n|faint|p1b: Whimsicott\n|-ability|p2b: Calyrex|Grim Neigh|boost\n|-boost|p2b: Calyrex|spa|1\n|\n|-heal|p1a: Miraidon|19/100 psn|[from] Grassy Terrain\n|-heal|p2a: Rillaboom|40/100|[from] Grassy Terrain\n|-damage|p1a: Miraidon|7/100 psn|[from] psn\n|upkeep\n|\n|t:|1775796302\n|switch|p1b: Urshifu|Urshifu-Rapid-Strike, L50, F|100/100\n|-status|p1b: Urshifu|psn\n|turn|7\n|\n|t:|1775796310\n|move|p2a: Rillaboom|Grassy Glide|p1a: Miraidon\n|-resisted|p1a: Miraidon\n|-damage|p1a: Miraidon|0 fnt\n|faint|p1a: Miraidon\n|move|p1b: Urshifu|Surging Strikes|p2b: Calyrex\n|-crit|p2b: Calyrex\n|-damage|p2b: Calyrex|62/100\n|-crit|p2b: Calyrex\n|-damage|p2b: Calyrex|26/100\n|-crit|p2b: Calyrex\n|-damage|p2b: Calyrex|0 fnt\n|faint|p2b: Calyrex\n|-hitcount|p2: Calyrex|3\n|\n|-heal|p2a: Rillaboom|46/100|[from] Grassy Terrain\n|-damage|p1b: Urshifu|88/100 psn|[from] psn\n|upkeep\n|turn|8\n|\n|t:|1775796319\n|move|p2a: Rillaboom|Grassy Glide|p1b: Urshifu\n|-supereffective|p1b: Urshifu\n|-damage|p1b: Urshifu|15/100 psn\n|move|p1b: Urshifu|Surging Strikes|p2a: Rillaboom\n|-resisted|p2a: Rillaboom\n|-crit|p2a: Rillaboom\n|-damage|p2a: Rillaboom|31/100\n|-resisted|p2a: Rillaboom\n|-crit|p2a: Rillaboom\n|-damage|p2a: Rillaboom|18/100\n|-resisted|p2a: Rillaboom\n|-crit|p2a: Rillaboom\n|-damage|p2a: Rillaboom|4/100\n|-hitcount|p2a: Rillaboom|3\n|\n|-heal|p1b: Urshifu|21/100 psn|[from] Grassy Terrain\n|-heal|p2a: Rillaboom|10/100|[from] Grassy Terrain\n|-damage|p1b: Urshifu|9/100 psn|[from] psn\n|-sideend|p1: 987w|move: Tailwind\n|upkeep\n|turn|9\n|-message|987w forfeited.\n|\n|win|ranchsauce\n|raw|987w's rating: 1547 &rarr; <strong>1520</strong><br />(-27 for losing)\n|raw|ranchsauce's rating: 1414 &rarr; <strong>1441</strong><br />(+27 for winning)\n|l|\u2606987w\n|player|p1|\n|l|\u2606ranchsauce\n|player|p2|\n","uploadtime":1775796466,"views":10,"formatid":"gen9vgc2026regi","rating":1441,"private":0,"password":null}