{"id":"gen9vgc2026regi-2534996788","format":"[Gen 9] VGC 2026 Reg I","players":["Test4sum","j0l0k0"],"log":"|j|\u2606Test4sum\n|j|\u2606j0l0k0\n|t:|1770501254\n|gametype|doubles\n|player|p1|Test4sum|2|1371\n|player|p2|j0l0k0|brycen|1369\n|gen|9\n|tier|[Gen 9] VGC 2026 Reg I\n|rated|\n|rule|Species Clause: Limit one of each Pok\u00e9mon\n|rule|Item Clause: Limit 1 of each item\n|clearpoke\n|poke|p1|Giratina-Origin, L50|\n|poke|p1|Kyogre, L50|\n|poke|p1|Basculegion, L50, M|\n|poke|p1|Archaludon, L50, F|\n|poke|p1|Maushold-Four, L50|\n|poke|p1|Murkrow, L50, F|\n|poke|p2|Calyrex-Ice, L50|\n|poke|p2|Kyogre, L50|\n|poke|p2|Indeedee-F, L50, F|\n|poke|p2|Urshifu-*, L50, F|\n|poke|p2|Amoonguss, L50, F|\n|poke|p2|Landorus, L50, M|\n|teampreview|4\n|inactive|Battle timer is ON: inactive players will automatically lose when time's up. (requested by j0l0k0)\n|\n|t:|1770501280\n|teamsize|p1|4\n|teamsize|p2|4\n|start\n|switch|p1a: Archaludon|Archaludon, L50, F|100/100\n|switch|p1b: Maushold|Maushold-Four, L50|100/100\n|switch|p2a: Kyogre|Kyogre, L50, shiny|100/100\n|switch|p2b: Indeedee|Indeedee-F, L50, F, shiny|100/100\n|-fieldstart|move: Psychic Terrain|[from] ability: Psychic Surge|[of] p2b: Indeedee\n|-weather|RainDance|[from] ability: Drizzle|[of] p2a: Kyogre\n|turn|1\n|\n|t:|1770501296\n|-terastallize|p2a: Kyogre|Grass\n|move|p1b: Maushold|Beat Up|p1a: Archaludon\n|-damage|p1a: Archaludon|98/100\n|-ability|p1a: Archaludon|Stamina|boost\n|-boost|p1a: Archaludon|def|1\n|-damage|p1a: Archaludon|97/100\n|-ability|p1a: Archaludon|Stamina|boost\n|-boost|p1a: Archaludon|def|1\n|-damage|p1a: Archaludon|96/100\n|-ability|p1a: Archaludon|Stamina|boost\n|-boost|p1a: Archaludon|def|1\n|-damage|p1a: Archaludon|95/100\n|-ability|p1a: Archaludon|Stamina|boost\n|-boost|p1a: Archaludon|def|1\n|-hitcount|p1a: Archaludon|4\n|move|p1a: Archaludon|Body Press|p2b: Indeedee\n|-damage|p2b: Indeedee|24/100\n|move|p2a: Kyogre|Water Spout|p1a: Archaludon|[spread] p1a,p1b\n|-resisted|p1a: Archaludon\n|-damage|p1a: Archaludon|69/100\n|-damage|p1b: Maushold|0 fnt\n|-ability|p1a: Archaludon|Stamina|boost\n|-boost|p1a: Archaludon|def|1\n|faint|p1b: Maushold\n|move|p2b: Indeedee|Trick Room|p2b: Indeedee\n|-fieldstart|move: Trick Room|[of] p2b: Indeedee\n|\n|-weather|RainDance|[upkeep]\n|upkeep\n|inactive|Test4sum has 30 seconds left.\n|\n|t:|1770501322\n|switch|p1b: Giratina|Giratina-Origin, L50|100/100\n|turn|2\n|\n|t:|1770501344\n|move|p2b: Indeedee|Helping Hand|p2a: Kyogre\n|-singleturn|p2a: Kyogre|Helping Hand|[of] p2b: Indeedee\n|move|p2a: Kyogre|Ice Beam|p1a: Archaludon\n|-damage|p1a: Archaludon|26/100\n|-ability|p1a: Archaludon|Stamina|boost\n|-boost|p1a: Archaludon|def|1\n|move|p1a: Archaludon|Body Press|p2a: Kyogre\n|-damage|p2a: Kyogre|18/100\n|move|p1b: Giratina|Dragon Claw|p2b: Indeedee\n|-damage|p2b: Indeedee|0 fnt\n|faint|p2b: Indeedee\n|\n|-weather|RainDance|[upkeep]\n|upkeep\n|\n|t:|1770501357\n|switch|p2b: Calyrex|Calyrex-Ice, L50|100/100\n|-ability|p2b: Calyrex|As One\n|-ability|p2b: Calyrex|Unnerve\n|turn|3\n|\n|t:|1770501370\n|-terastallize|p1b: Giratina|Ghost\n|move|p2b: Calyrex|Glacial Lance|p1b: Giratina|[spread] p1a,p1b\n|-damage|p1a: Archaludon|16/100\n|-damage|p1b: Giratina|58/100\n|move|p2a: Kyogre|Ice Beam|p1a: Archaludon\n|-damage|p1a: Archaludon|0 fnt\n|faint|p1a: Archaludon\n|move|p1b: Giratina|Shadow Force||[still]\n|-prepare|p1b: Giratina|Shadow Force\n|\n|-weather|RainDance|[upkeep]\n|upkeep\n|\n|t:|1770501382\n|switch|p1a: Kyogre|Kyogre, L50|100/100\n|turn|4\n|\n|t:|1770501389\n|switch|p2b: Urshifu|Urshifu, L50, F|100/100\n|move|p2a: Kyogre|Thunder|p1a: Kyogre\n|-supereffective|p1a: Kyogre\n|-damage|p1a: Kyogre|34/100\n|move|p1b: Giratina|Shadow Force|p2b: Urshifu|[from] lockedmove\n|-resisted|p2b: Urshifu\n|-damage|p2b: Urshifu|44/100\n|move|p1a: Kyogre|Origin Pulse|p2b: Urshifu|[spread] p2a,p2b\n|-resisted|p2a: Kyogre\n|-damage|p2a: Kyogre|0 fnt\n|-damage|p2b: Urshifu|0 fnt\n|faint|p2a: Kyogre\n|faint|p2b: Urshifu\n|\n|-weather|RainDance|[upkeep]\n|upkeep\n|\n|t:|1770501402\n|switch|p2b: Calyrex|Calyrex-Ice, L50|100/100\n|-ability|p2b: Calyrex|As One\n|-ability|p2b: Calyrex|Unnerve\n|turn|5\n|\n|t:|1770501414\n|move|p2b: Calyrex|Crunch|p1b: Giratina\n|-supereffective|p1b: Giratina\n|-damage|p1b: Giratina|9/100\n|-unboost|p1b: Giratina|def|1\n|move|p1b: Giratina|Shadow Force||[still]\n|-prepare|p1b: Giratina|Shadow Force\n|move|p1a: Kyogre|Origin Pulse|p2b: Calyrex\n|-damage|p2b: Calyrex|0 fnt\n|faint|p2b: Calyrex\n|\n|win|Test4sum\n|raw|Test4sum's rating: 1371 &rarr; <strong>1391</strong><br />(+20 for winning)\n|raw|j0l0k0's rating: 1369 &rarr; <strong>1349</strong><br />(-20 for losing)\n|l|\u2606j0l0k0\n|player|p2|\n|l|\u2606Test4sum\n|player|p1|\n","uploadtime":1770501595,"views":23,"formatid":"gen9vgc2026regi","rating":1349,"private":0,"password":null}