{"id":"gen9vgc2026regi-2559521903","format":"[Gen 9] VGC 2026 Reg I","players":["GucciSoup","jd8erh"],"log":"|j|\u2606GucciSoup\n|j|\u2606jd8erh\n|t:|1773581479\n|gametype|doubles\n|player|p1|GucciSoup|wallace|1395\n|player|p2|jd8erh|102|1520\n|gen|9\n|tier|[Gen 9] VGC 2026 Reg I\n|rated|\n|rule|Species Clause: Limit one of each Pok\u00e9mon\n|rule|Item Clause: Limit 1 of each item\n|clearpoke\n|poke|p1|Grimmsnarl, L50, M|\n|poke|p1|Okidogi, L50, M|\n|poke|p1|Farigiraf, L50, F|\n|poke|p1|Smeargle, L50, M|\n|poke|p1|Calyrex-Ice, L50|\n|poke|p1|Miraidon, L50|\n|poke|p2|Calyrex-Shadow, L50|\n|poke|p2|Koraidon, L50|\n|poke|p2|Brute Bonnet, L50|\n|poke|p2|Raging Bolt, L50|\n|poke|p2|Bronzong, L50|\n|poke|p2|Incineroar, L50, F|\n|teampreview|4\n|inactive|Battle timer is ON: inactive players will automatically lose when time's up. (requested by jd8erh)\njd8erh has agreed to open team sheets.\n|l|\u2606jd8erh\n|inactive|jd8erh disconnected and has a minute to reconnect!\n|player|p2|\n|j|\u2606jd8erh\n|inactive|jd8erh reconnected and has 65 seconds left.\n|player|p2|jd8erh|102|\n|inactive|jd8erh has 60 seconds left.\n|\n|t:|1773581512\n|teamsize|p1|4\n|teamsize|p2|4\n|start\n|switch|p1a: Farigiraf|Farigiraf, L50, F|100/100\n|switch|p1b: Smeargle|Smeargle, L50, M|100/100\n|switch|p2a: Calyrex|Calyrex-Shadow, L50|100/100\n|switch|p2b: Koraidon|Koraidon, L50|100/100\n|-ability|p2a: Calyrex|As One\n|-ability|p2a: Calyrex|Unnerve\n|-weather|SunnyDay|[from] ability: Orichalcum Pulse|[of] p2b: Koraidon\n|-activate|p2b: Koraidon|Orichalcum Pulse|[source]\n|turn|1\n|\n|t:|1773581536\n|move|p1b: Smeargle|Fake Out|p2b: Koraidon\n|-damage|p2b: Koraidon|96/100\n|move|p2a: Calyrex|Psychic|p1b: Smeargle\n|-damage|p1b: Smeargle|20/100\n|-unboost|p1b: Smeargle|spd|1\n|-damage|p2a: Calyrex|91/100|[from] item: Life Orb\n|cant|p2b: Koraidon|flinch\n|move|p1a: Farigiraf|Trick Room|p1a: Farigiraf\n|-fieldstart|move: Trick Room|[of] p1a: Farigiraf\n|\n|-weather|SunnyDay|[upkeep]\n|-ability|p1b: Smeargle|Moody|boost\n|-boost|p1b: Smeargle|spd|2\n|-unboost|p1b: Smeargle|spa|1\n|upkeep\n|turn|2\n|\n|t:|1773581553\n|switch|p2a: Brute Bonnet|Brute Bonnet, L50|100/100\n|-activate|p2a: Brute Bonnet|ability: Protosynthesis\n|-start|p2a: Brute Bonnet|protosynthesisdef\n|move|p2b: Koraidon|Protect|p2b: Koraidon\n|-singleturn|p2b: Koraidon|Protect\n|move|p1b: Smeargle|Spore|p2a: Brute Bonnet\n|-immune|p2a: Brute Bonnet\n|move|p1a: Farigiraf|Psychic Noise|p2b: Koraidon\n|-activate|p2b: Koraidon|move: Protect\n|\n|-weather|SunnyDay|[upkeep]\n|-ability|p1b: Smeargle|Moody|boost\n|-boost|p1b: Smeargle|spd|2\n|-unboost|p1b: Smeargle|def|1\n|upkeep\n|turn|3\n|l|\u2606jd8erh\n|inactive|jd8erh disconnected and has a minute to reconnect!\n|player|p2|\n|inactive|GucciSoup has 30 seconds left.\n|j|\u2606jd8erh\n|inactive|jd8erh reconnected.\n|player|p2|jd8erh|102|\n|\n|t:|1773581582\n|switch|p2b: Bronzong|Bronzong, L50|100/100\n|-terastallize|p1b: Smeargle|Ghost\n|move|p1b: Smeargle|Follow Me|p1b: Smeargle\n|-singleturn|p1b: Smeargle|move: Follow Me\n|move|p2a: Brute Bonnet|Spore|p1b: Smeargle\n|-status|p1b: Smeargle|slp|[from] move: Spore\n|move|p1a: Farigiraf|Roar|p2a: Brute Bonnet\n|-enditem|p1a: Farigiraf|Throat Spray\n|-boost|p1a: Farigiraf|spa|1|[from] item: Throat Spray\n|-end|p2a: Brute Bonnet|Protosynthesis|[silent]\n|drag|p2a: Calyrex|Calyrex-Shadow, L50|91/100\n|-ability|p2a: Calyrex|As One\n|-ability|p2a: Calyrex|Unnerve\n|\n|-weather|SunnyDay|[upkeep]\n|-ability|p1b: Smeargle|Moody|boost\n|-boost|p1b: Smeargle|spa|2\n|-unboost|p1b: Smeargle|atk|1\n|upkeep\n|turn|4\n|l|\u2606jd8erh\n|inactive|jd8erh disconnected and has a minute to reconnect!\n|player|p2|\n|j|\u2606jd8erh\n|inactive|jd8erh reconnected and has 35 seconds left.\n|player|p2|jd8erh|102|\n|inactive|GucciSoup has 30 seconds left.\n|inactive|jd8erh has 30 seconds left.\n|inactive|GucciSoup has 20 seconds left.\n|\n|t:|1773581618\n|switch|p2b: Brute Bonnet|Brute Bonnet, L50|100/100\n|-activate|p2b: Brute Bonnet|ability: Protosynthesis\n|-start|p2b: Brute Bonnet|protosynthesisdef\n|cant|p1b: Smeargle|slp\n|move|p2a: Calyrex|Astral Barrage|p1a: Farigiraf|[spread] p1b\n|-immune|p1a: Farigiraf\n|-supereffective|p1b: Smeargle\n|-damage|p1b: Smeargle|0 fnt\n|faint|p1b: Smeargle\n|-ability|p2a: Calyrex|Grim Neigh|boost\n|-boost|p2a: Calyrex|spa|1\n|-damage|p2a: Calyrex|81/100|[from] item: Life Orb\n|move|p1a: Farigiraf|Trick Room|p1a: Farigiraf\n|-fieldend|move: Trick Room\n|\n|-weather|SunnyDay|[upkeep]\n|upkeep\n|\n|t:|1773581629\n|switch|p1b: Cryotherapy|Calyrex-Ice, L50|100/100\n|-ability|p1b: Cryotherapy|As One\n|-ability|p1b: Cryotherapy|Unnerve\n|turn|5\n|\n|t:|1773581636\n|move|p2a: Calyrex|Astral Barrage|p1b: Cryotherapy|[spread] p1b\n|-immune|p1a: Farigiraf\n|-supereffective|p1b: Cryotherapy\n|-damage|p1b: Cryotherapy|0 fnt\n|faint|p1b: Cryotherapy\n|-ability|p2a: Calyrex|Grim Neigh|boost\n|-boost|p2a: Calyrex|spa|1\n|-damage|p2a: Calyrex|72/100|[from] item: Life Orb\n|move|p2b: Brute Bonnet|Spore|p1a: Farigiraf\n|-status|p1a: Farigiraf|slp|[from] move: Spore\n|cant|p1a: Farigiraf|slp\n|\n|-weather|none\n|-end|p2b: Brute Bonnet|Protosynthesis\n|upkeep\n|-message|GucciSoup forfeited.\n|\n|win|jd8erh\n|raw|GucciSoup's rating: 1395 &rarr; <strong>1382</strong><br />(-13 for losing)\n|raw|jd8erh's rating: 1520 &rarr; <strong>1533</strong><br />(+13 for winning)\n|l|\u2606GucciSoup\n|player|p1|\n|l|\u2606jd8erh\n|player|p2|\n","uploadtime":1773581806,"views":23,"formatid":"gen9vgc2026regi","rating":1382,"private":0,"password":null}