{"id":"gen9vgc2026regi-2564880600","format":"[Gen 9] VGC 2026 Reg I","players":["Carlos LJ","Jonen"],"log":"|j|\u2606Carlos LJ\n|j|\u2606Jonen\n|t:|1774206776\n|gametype|doubles\n|player|p1|Carlos LJ|102|1250\n|player|p2|Jonen|hiker-gen4|1331\n|gen|9\n|tier|[Gen 9] VGC 2026 Reg I\n|rated|\n|rule|Species Clause: Limit one of each Pok\u00e9mon\n|rule|Item Clause: Limit 1 of each item\n|clearpoke\n|poke|p1|Amoonguss, L50, F|\n|poke|p1|Calyrex-Ice, L50|\n|poke|p1|Kyogre, L50|\n|poke|p1|Urshifu-*, L50, F|\n|poke|p1|Rillaboom, L50, M|\n|poke|p1|Flutter Mane, L50|\n|poke|p2|Groudon, L50|\n|poke|p2|Lunala, L50|\n|poke|p2|Sableye, L50, F|\n|poke|p2|Chi-Yu, L50|\n|poke|p2|Rillaboom, L50, M|\n|poke|p2|Jumpluff, L50, F|\n|teampreview|4\n|\n|t:|1774206802\n|teamsize|p1|4\n|teamsize|p2|4\n|start\n|switch|p1a: Kyogre|Kyogre, L50|100/100\n|switch|p1b: Rillaboom|Rillaboom, L50, M|100/100\n|switch|p2a: Groudon|Groudon, L50|100/100\n|switch|p2b: Jumpluff|Jumpluff, L50, F|100/100\n|-fieldstart|move: Grassy Terrain|[from] ability: Grassy Surge|[of] p1b: Rillaboom\n|-weather|RainDance|[from] ability: Drizzle|[of] p1a: Kyogre\n|-weather|SunnyDay|[from] ability: Drought|[of] p2a: Groudon\n|turn|1\n|\n|t:|1774206846\n|move|p1b: Rillaboom|Fake Out|p2b: Jumpluff\n|-damage|p2b: Jumpluff|86/100\n|move|p2b: Jumpluff|Sleep Powder|p1a: Kyogre|[miss]\n|-miss|p2b: Jumpluff|p1a: Kyogre\n|move|p2a: Groudon|Heat Crash|p1b: Rillaboom\n|-supereffective|p1b: Rillaboom\n|-damage|p1b: Rillaboom|0 fnt\n|faint|p1b: Rillaboom\n|-damage|p2a: Groudon|91/100|[from] item: Life Orb\n|move|p1a: Kyogre|Origin Pulse|p2a: Groudon|[spread] p2a,p2b\n|-supereffective|p2a: Groudon\n|-resisted|p2b: Jumpluff\n|-damage|p2a: Groudon|32/100\n|-damage|p2b: Jumpluff|72/100\n|\n|-weather|SunnyDay|[upkeep]\n|-heal|p2a: Groudon|38/100|[from] Grassy Terrain\n|upkeep\n|\n|t:|1774206865\n|switch|p1b: Urshifu|Urshifu-Rapid-Strike, L50, F|100/100\n|turn|2\n|\n|t:|1774206881\n|move|p2b: Jumpluff|Sleep Powder|p1b: Urshifu\n|-status|p1b: Urshifu|slp|[from] move: Sleep Powder\n|cant|p1b: Urshifu|slp\n|move|p1a: Kyogre|Origin Pulse|p2a: Groudon|[spread] p2a,p2b\n|-supereffective|p2a: Groudon\n|-resisted|p2b: Jumpluff\n|-damage|p2a: Groudon|0 fnt\n|-damage|p2b: Jumpluff|56/100\n|faint|p2a: Groudon\n|\n|-weather|SunnyDay|[upkeep]\n|upkeep\n|\n|t:|1774206888\n|switch|p2a: Lunala|Lunala, L50|100/100\n|turn|3\n|\n|t:|1774206905\n|move|p2b: Jumpluff|Tailwind|p2b: Jumpluff\n|-sidestart|p2: Jonen|move: Tailwind\n|move|p2a: Lunala|Meteor Beam||[still]\n|-prepare|p2a: Lunala|Meteor Beam\n|-boost|p2a: Lunala|spa|1\n|-enditem|p2a: Lunala|Power Herb\n|-anim|p2a: Lunala|Meteor Beam|p1a: Kyogre\n|-damage|p1a: Kyogre|52/100\n|cant|p1b: Urshifu|slp\n|move|p1a: Kyogre|Origin Pulse|p2b: Jumpluff|[spread] p2a,p2b\n|-resisted|p2b: Jumpluff\n|-damage|p2a: Lunala|89/100\n|-damage|p2b: Jumpluff|43/100\n|\n|-weather|SunnyDay|[upkeep]\n|-heal|p2a: Lunala|95/100|[from] Grassy Terrain\n|-heal|p1a: Kyogre|58/100|[from] Grassy Terrain\n|upkeep\n|turn|4\n|\n|t:|1774206942\n|move|p2b: Jumpluff|Sleep Powder|p1a: Kyogre\n|-status|p1a: Kyogre|slp|[from] move: Sleep Powder\n|move|p2a: Lunala|Moongeist Beam|p1b: Urshifu\n|-damage|p1b: Urshifu|0 fnt\n|faint|p1b: Urshifu\n|cant|p1a: Kyogre|slp\n|\n|-weather|SunnyDay|[upkeep]\n|-heal|p2a: Lunala|100/100|[from] Grassy Terrain\n|-heal|p1a: Kyogre|64/100 slp|[from] Grassy Terrain\n|upkeep\n|\n|t:|1774206952\n|switch|p1b: Flutter Mane|Flutter Mane, L50|100/100\n|-activate|p1b: Flutter Mane|ability: Protosynthesis\n|-start|p1b: Flutter Mane|protosynthesisspe\n|turn|5\n|\n|t:|1774206967\n|move|p2b: Jumpluff|Sleep Powder|p1b: Flutter Mane\n|-status|p1b: Flutter Mane|slp|[from] move: Sleep Powder\n|move|p2a: Lunala|Moongeist Beam|p1a: Kyogre\n|-damage|p1a: Kyogre|2/100 slp\n|cant|p1b: Flutter Mane|slp\n|-curestatus|p1a: Kyogre|slp|[msg]\n|move|p1a: Kyogre|Origin Pulse|p2b: Jumpluff|[spread] p2a,p2b\n|-resisted|p2b: Jumpluff\n|-damage|p2a: Lunala|89/100\n|-damage|p2b: Jumpluff|28/100\n|\n|-weather|none\n|-end|p1b: Flutter Mane|Protosynthesis\n|-heal|p2a: Lunala|95/100|[from] Grassy Terrain\n|-heal|p1a: Kyogre|8/100|[from] Grassy Terrain\n|-fieldend|move: Grassy Terrain\n|upkeep\n|turn|6\n|-message|Carlos LJ forfeited.\n|\n|win|Jonen\n|raw|Carlos LJ's rating: 1250 &rarr; <strong>1231</strong><br />(-19 for losing)\n|raw|Jonen's rating: 1331 &rarr; <strong>1346</strong><br />(+15 for winning)\n","uploadtime":1774206981,"views":10,"formatid":"gen9vgc2026regi","rating":1231,"private":0,"password":null}