{"id":"gen9vgc2026regi-2549986200","format":"[Gen 9] VGC 2026 Reg I","players":["88ccl3","I\u2764\ufe0f\u5a1c\u7984forever"],"log":"|j|\u260688ccl3\n|j|\u2606I\u2764\ufe0f\u5a1c\u7984forever\n|t:|1772436891\n|gametype|doubles\n|player|p1|88ccl3|170|1373\n|player|p2|I\u2764\ufe0f\u5a1c\u7984forever|youngcouple-gen4dp|1514\n|gen|9\n|tier|[Gen 9] VGC 2026 Reg I\n|rated|\n|rule|Species Clause: Limit one of each Pok\u00e9mon\n|rule|Item Clause: Limit 1 of each item\n|clearpoke\n|poke|p1|Koraidon, L50|\n|poke|p1|Lunala, L50|\n|poke|p1|Flutter Mane, L50|\n|poke|p1|Chi-Yu, L50|\n|poke|p1|Brute Bonnet, L50|\n|poke|p1|Ursaluna, L50, M|\n|poke|p2|Groudon, L50|\n|poke|p2|Kyurem-White, L50|\n|poke|p2|Heatran, L50, F|\n|poke|p2|Whimsicott, L50, M|\n|poke|p2|Roaring Moon, L50|\n|poke|p2|Ditto, L50|\n|teampreview|4\n|\n|t:|1772436942\n|teamsize|p1|4\n|teamsize|p2|4\n|start\n|switch|p1a: Koraidon|Koraidon, L50|100/100\n|switch|p1b: Flutter Mane|Flutter Mane, L50|100/100\n|switch|p2a: Kyurem|Kyurem-White, L50|100/100\n|switch|p2b: Roaring Moon|Roaring Moon, L50|100/100\n|-weather|SunnyDay|[from] ability: Orichalcum Pulse|[of] p1a: Koraidon\n|-activate|p2b: Roaring Moon|ability: Protosynthesis\n|-start|p2b: Roaring Moon|protosynthesisatk\n|-activate|p1b: Flutter Mane|ability: Protosynthesis\n|-start|p1b: Flutter Mane|protosynthesisspe\n|-activate|p1a: Koraidon|Orichalcum Pulse|[source]\n|-ability|p2a: Kyurem|Turboblaze\n|turn|1\n|\n|t:|1772436985\n|-end|p2b: Roaring Moon|Protosynthesis|[silent]\n|switch|p2b: Heatran|Heatran, L50, F|100/100\n|move|p1b: Flutter Mane|Protect|p1b: Flutter Mane\n|-singleturn|p1b: Flutter Mane|Protect\n|move|p1a: Koraidon|Protect|p1a: Koraidon\n|-singleturn|p1a: Koraidon|Protect\n|move|p2a: Kyurem|Blizzard|p1a: Koraidon|[spread] \n|-activate|p1a: Koraidon|move: Protect\n|-activate|p1b: Flutter Mane|move: Protect\n|\n|-weather|SunnyDay|[upkeep]\n|upkeep\n|turn|2\n|\n|t:|1772437005\n|move|p1b: Flutter Mane|Moonblast|p2a: Kyurem\n|-supereffective|p2a: Kyurem\n|-crit|p2a: Kyurem\n|-damage|p2a: Kyurem|0 fnt\n|faint|p2a: Kyurem\n|move|p1a: Koraidon|Close Combat|p2b: Heatran\n|-supereffective|p2b: Heatran\n|-damage|p2b: Heatran|0 fnt\n|-unboost|p1a: Koraidon|def|1\n|-unboost|p1a: Koraidon|spd|1\n|faint|p2b: Heatran\n|-damage|p1a: Koraidon|91/100|[from] item: Life Orb\n|\n|-weather|SunnyDay|[upkeep]\n|upkeep\n|\n|t:|1772437013\n|switch|p2a: Roaring Moon|Roaring Moon, L50|100/100\n|switch|p2b: Groudon|Groudon, L50|100/100\n|-activate|p2a: Roaring Moon|ability: Protosynthesis\n|-start|p2a: Roaring Moon|protosynthesisatk\n|turn|3\n|\n|t:|1772437033\n|-terastallize|p2a: Roaring Moon|Fairy\n|move|p1b: Flutter Mane|Protect|p1b: Flutter Mane\n|-singleturn|p1b: Flutter Mane|Protect\n|move|p1a: Koraidon|Protect|p1a: Koraidon\n|-singleturn|p1a: Koraidon|Protect\n|move|p2a: Roaring Moon|Knock Off|p1b: Flutter Mane\n|-activate|p1b: Flutter Mane|move: Protect\n|move|p2b: Groudon|Precipice Blades|p1b: Flutter Mane|[spread] \n|-activate|p1a: Koraidon|move: Protect\n|-activate|p1b: Flutter Mane|move: Protect\n|\n|-weather|SunnyDay|[upkeep]\n|upkeep\n|turn|4\n|\n|t:|1772437053\n|move|p1b: Flutter Mane|Moonblast|p2b: Groudon\n|-damage|p2b: Groudon|73/100\n|move|p2a: Roaring Moon|Knock Off|p1b: Flutter Mane\n|-enditem|p1b: Flutter Mane|Focus Sash\n|-damage|p1b: Flutter Mane|1/100\n|move|p1a: Koraidon|Flare Blitz|p2a: Roaring Moon\n|-damage|p2a: Roaring Moon|0 fnt\n|faint|p2a: Roaring Moon\n|-end|p2a: Roaring Moon|Protosynthesis|[silent]\n|-damage|p1a: Koraidon|53/100|[from] Recoil\n|-damage|p1a: Koraidon|43/100|[from] item: Life Orb\n|move|p2b: Groudon|Precipice Blades|p1a: Koraidon|[spread] p1a,p1b\n|-damage|p1a: Koraidon|0 fnt\n|-damage|p1b: Flutter Mane|0 fnt\n|faint|p1a: Koraidon\n|faint|p1b: Flutter Mane\n|-end|p1b: Flutter Mane|Protosynthesis|[silent]\n|\n|-weather|SunnyDay|[upkeep]\n|upkeep\n|\n|t:|1772437073\n|switch|p1a: Lunala|Lunala, L50|100/100\n|switch|p1b: Chi-Yu|Chi-Yu, L50, shiny|100/100\n|-ability|p1b: Chi-Yu|Beads of Ruin\n|turn|5\n|\n|t:|1772437093\n|-terastallize|p1b: Chi-Yu|Ghost\n|move|p1a: Lunala|Wide Guard|p1a: Lunala\n|-singleturn|p1a: Lunala|Wide Guard\n|move|p1b: Chi-Yu|Dark Pulse|p2b: Groudon\n|-damage|p2b: Groudon|40/100\n|cant|p2b: Groudon|flinch\n|\n|-weather|none\n|upkeep\n|turn|6\n|\n|t:|1772437109\n|move|p1b: Chi-Yu|Dark Pulse|p2b: Groudon\n|-damage|p2b: Groudon|4/100\n|move|p1a: Lunala|Moongeist Beam|p2b: Groudon\n|-damage|p2b: Groudon|0 fnt\n|faint|p2b: Groudon\n|\n|win|88ccl3\n|raw|88ccl3's rating: 1373 &rarr; <strong>1401</strong><br />(+28 for winning)\n|raw|I\u2764\ufe0f\u5a1c\u7984forever's rating: 1514 &rarr; <strong>1486</strong><br />(-28 for losing)\n|l|\u2606I\u2764\ufe0f\u5a1c\u7984forever\n|player|p2|\n|l|\u260688ccl3\n|player|p1|\n","uploadtime":1772437355,"views":12,"formatid":"gen9vgc2026regi","rating":1401,"private":0,"password":null}