{"id":"gen9vgc2026regi-2551584373","format":"[Gen 9] VGC 2026 Reg I","players":["Low Tier Goodra","drive stone"],"log":"|j|\u2606Low Tier Goodra\n|j|\u2606drive stone\n|t:|1772624799\n|gametype|doubles\n|player|p1|Low Tier Goodra|jasmine|1565\n|player|p2|drive stone|cilan|1474\n|gen|9\n|tier|[Gen 9] VGC 2026 Reg I\n|rated|\n|rule|Species Clause: Limit one of each Pok\u00e9mon\n|rule|Item Clause: Limit 1 of each item\n|clearpoke\n|poke|p1|Calyrex-Ice, L50|\n|poke|p1|Kyogre, L50|\n|poke|p1|Sinistcha-Masterpiece, L50|\n|poke|p1|Rillaboom, L50, M|\n|poke|p1|Ursaluna, L50, M|\n|poke|p1|Incineroar, L50, M|\n|poke|p2|Calyrex-Ice, L50|\n|poke|p2|Ho-Oh, L50|\n|poke|p2|Overqwil, L50, F|\n|poke|p2|Rillaboom, L50, F|\n|poke|p2|Ting-Lu, L50|\n|poke|p2|Ogerpon-Wellspring, L50, F|\n|teampreview|4\n|inactive|Battle timer is ON: inactive players will automatically lose when time's up. (requested by drive stone)\n|inactive|Low Tier Goodra has 60 seconds left.\n|inactive|Low Tier Goodra has 30 seconds left.\n|inactive|Low Tier Goodra has 20 seconds left.\n|inactive|Low Tier Goodra has 15 seconds left.\n|inactive|Low Tier Goodra has 10 seconds left.\n|inactive|Low Tier Goodra has 5 seconds left.\n|\n|t:|1772625061\n|teamsize|p1|4\n|teamsize|p2|4\n|start\n|switch|p1a: Calyrex|Calyrex-Ice, L50|100/100\n|switch|p1b: Kyogre|Kyogre, L50|100/100\n|switch|p2a: Calyrex|Calyrex-Ice, L50|100/100\n|switch|p2b: Overqwil|Overqwil, L50, F|100/100\n|-ability|p2a: Calyrex|As One\n|-ability|p2a: Calyrex|Unnerve\n|-ability|p1a: Calyrex|As One\n|-ability|p1a: Calyrex|Unnerve\n|-ability|p2b: Overqwil|Intimidate|boost\n|-unboost|p1a: Calyrex|atk|1\n|-unboost|p1b: Kyogre|atk|1\n|-weather|RainDance|[from] ability: Drizzle|[of] p1b: Kyogre\n|turn|1\n|inactive|Low Tier Goodra has 30 seconds left.\n|inactive|Low Tier Goodra has 20 seconds left.\n|inactive|Low Tier Goodra has 15 seconds left.\n|inactive|Low Tier Goodra has 10 seconds left.\n|inactive|Low Tier Goodra has 5 seconds left.\n|\n|t:|1772625116\n|switch|p2b: Ogerpon|Ogerpon-Wellspring, L50, F|100/100\n|-terastallize|p2a: Calyrex|Water\n|move|p2a: Calyrex|Leech Seed|p1a: Calyrex\n|-start|p1a: Calyrex|move: Leech Seed\n|move|p1a: Calyrex|Glacial Lance|p2a: Calyrex|[spread] p2a,p2b\n|-resisted|p2a: Calyrex\n|-damage|p2a: Calyrex|92/100\n|-damage|p2b: Ogerpon|72/100\n|move|p1b: Kyogre|Water Spout|p2b: Ogerpon|[spread] p2a\n|-heal|p2b: Ogerpon|96/100|[from] ability: Water Absorb|[of] p1b: Kyogre\n|-resisted|p2a: Calyrex\n|-damage|p2a: Calyrex|61/100\n|\n|-weather|RainDance|[upkeep]\n|-heal|p2a: Calyrex|67/100|[from] item: Leftovers\n|-damage|p1a: Calyrex|88/100|[from] Leech Seed|[of] p2a: Calyrex\n|-heal|p2a: Calyrex|79/100|[silent]\n|upkeep\n|turn|2\n|inactive|Low Tier Goodra has 30 seconds left.\n|inactive|drive stone has 30 seconds left.\n|inactive|Low Tier Goodra has 20 seconds left.\n|inactive|Low Tier Goodra has 15 seconds left.\n|inactive|Low Tier Goodra has 10 seconds left.\n|inactive|Low Tier Goodra has 5 seconds left.\n|\n|t:|1772625171\n|move|p2b: Ogerpon|Ivy Cudgel|p1a: Calyrex|[anim] Ivy Cudgel Water\n|-damage|p1a: Calyrex|34/100\n|move|p2a: Calyrex|Leech Seed|p1b: Kyogre\n|-start|p1b: Kyogre|move: Leech Seed\n|move|p1a: Calyrex|Glacial Lance|p2a: Calyrex|[spread] p2a,p2b\n|-resisted|p2a: Calyrex\n|-crit|p2a: Calyrex\n|-damage|p2a: Calyrex|63/100\n|-damage|p2b: Ogerpon|64/100\n|move|p1b: Kyogre|Water Spout|p2b: Ogerpon|[spread] p2a\n|-heal|p2b: Ogerpon|89/100|[from] ability: Water Absorb|[of] p1b: Kyogre\n|-resisted|p2a: Calyrex\n|-damage|p2a: Calyrex|28/100\n|\n|-weather|RainDance|[upkeep]\n|-heal|p2a: Calyrex|33/100|[from] item: Leftovers\n|-damage|p1a: Calyrex|22/100|[from] Leech Seed|[of] p2a: Calyrex\n|-heal|p2a: Calyrex|45/100|[silent]\n|-damage|p1b: Kyogre|88/100|[from] Leech Seed|[of] p2a: Calyrex\n|-heal|p2a: Calyrex|58/100|[silent]\n|upkeep\n|turn|3\n|inactive|Low Tier Goodra has 30 seconds left.\n|inactive|Low Tier Goodra has 20 seconds left.\n|inactive|Low Tier Goodra has 15 seconds left.\n|inactive|Low Tier Goodra has 10 seconds left.\n|inactive|Low Tier Goodra has 5 seconds left.\n|\n|t:|1772625226\n|move|p2b: Ogerpon|Spiky Shield|p2b: Ogerpon\n|-singleturn|p2b: Ogerpon|move: Protect\n|move|p2a: Calyrex|Protect|p2a: Calyrex\n|-singleturn|p2a: Calyrex|Protect\n|move|p1a: Calyrex|Glacial Lance|p2a: Calyrex|[spread] \n|-activate|p2a: Calyrex|move: Protect\n|-activate|p2b: Ogerpon|move: Protect\n|move|p1b: Kyogre|Water Spout|p2b: Ogerpon|[spread] \n|-activate|p2a: Calyrex|move: Protect\n|-activate|p2b: Ogerpon|move: Protect\n|\n|-weather|RainDance|[upkeep]\n|-heal|p2a: Calyrex|63/100|[from] item: Leftovers\n|-damage|p1a: Calyrex|10/100|[from] Leech Seed|[of] p2a: Calyrex\n|-heal|p2a: Calyrex|75/100|[silent]\n|-damage|p1b: Kyogre|76/100|[from] Leech Seed|[of] p2a: Calyrex\n|-heal|p2a: Calyrex|87/100|[silent]\n|upkeep\n|turn|4\n|inactive|Low Tier Goodra has 30 seconds left.\n|inactive|Low Tier Goodra has 20 seconds left.\n|inactive|Low Tier Goodra has 15 seconds left.\n|inactive|Low Tier Goodra has 10 seconds left.\n|inactive|Low Tier Goodra has 5 seconds left.\n|\n|t:|1772625281\n|move|p2b: Ogerpon|Horn Leech|p1b: Kyogre\n|-supereffective|p1b: Kyogre\n|-damage|p1b: Kyogre|1/100\n|-heal|p2b: Ogerpon|100/100|[from] drain|[of] p1b: Kyogre\n|move|p2a: Calyrex|Glacial Lance|p1a: Calyrex|[spread] p1a,p1b\n|-resisted|p1a: Calyrex\n|-resisted|p1b: Kyogre\n|-damage|p1a: Calyrex|0 fnt\n|-damage|p1b: Kyogre|0 fnt\n|faint|p1a: Calyrex\n|faint|p1b: Kyogre\n|-ability|p2a: Calyrex|Chilling Neigh|boost\n|-boost|p2a: Calyrex|atk|2\n|\n|-weather|RainDance|[upkeep]\n|-heal|p2a: Calyrex|93/100|[from] item: Leftovers\n|upkeep\n|inactive|Low Tier Goodra has 30 seconds left.\n|inactive|Low Tier Goodra has 20 seconds left.\n|inactive|Low Tier Goodra has 15 seconds left.\n|inactive|Low Tier Goodra has 10 seconds left.\n|inactive|Low Tier Goodra has 5 seconds left.\n|\n|t:|1772625336\n|switch|p1b: Rillaboom|Rillaboom, L50, M|100/100\n|switch|p1a: Sinistcha|Sinistcha-Masterpiece, L50|100/100\n|-fieldstart|move: Grassy Terrain|[from] ability: Grassy Surge|[of] p1b: Rillaboom\n|-enditem|p1a: Sinistcha|Grassy Seed\n|-boost|p1a: Sinistcha|def|1|[from] item: Grassy Seed\n|turn|5\n|inactive|Low Tier Goodra has 30 seconds left.\n|inactive|Low Tier Goodra has 20 seconds left.\n|inactive|Low Tier Goodra has 15 seconds left.\n|inactive|Low Tier Goodra has 10 seconds left.\n|inactive|Low Tier Goodra has 5 seconds left.\n|\n|t:|1772625392\n|move|p2b: Ogerpon|Follow Me|p2b: Ogerpon\n|-singleturn|p2b: Ogerpon|move: Follow Me\n|move|p1b: Rillaboom|Wood Hammer|p2b: Ogerpon\n|-damage|p2b: Ogerpon|15/100\n|-damage|p1b: Rillaboom|72/100|[from] Recoil\n|move|p2a: Calyrex|Glacial Lance|p1b: Rillaboom|[spread] p1a,p1b\n|-supereffective|p1a: Sinistcha\n|-crit|p1a: Sinistcha\n|-supereffective|p1b: Rillaboom\n|-crit|p1b: Rillaboom\n|-damage|p1a: Sinistcha|0 fnt\n|-damage|p1b: Rillaboom|0 fnt\n|faint|p1a: Sinistcha\n|faint|p1b: Rillaboom\n|\n|win|drive stone\n|raw|Low Tier Goodra's rating: 1565 &rarr; <strong>1540</strong><br />(-25 for losing)\n|raw|drive stone's rating: 1474 &rarr; <strong>1499</strong><br />(+25 for winning)\n|l|\u2606drive stone\n|player|p2|\n","uploadtime":1772625648,"views":22,"formatid":"gen9vgc2026regi","rating":1499,"private":0,"password":null}