{"id":"gen9vgc2026regi-2546757401","format":"[Gen 9] VGC 2026 Reg I","players":["yyyggg is","blackred123"],"log":"|j|\u2606yyyggg is\n|j|\u2606blackred123\n|t:|1772006379\n|gametype|doubles\n|player|p1|yyyggg is|170|1288\n|player|p2|blackred123|iono-masters|1411\n|gen|9\n|tier|[Gen 9] VGC 2026 Reg I\n|rated|\n|rule|Species Clause: Limit one of each Pok\u00e9mon\n|rule|Item Clause: Limit 1 of each item\n|clearpoke\n|poke|p1|Calyrex-Shadow, L50|\n|poke|p1|Kyogre, L50|\n|poke|p1|Raichu, L50, F|\n|poke|p1|Whimsicott, L50, F|\n|poke|p1|Incineroar, L50, F|\n|poke|p1|Landorus, L50, M|\n|poke|p2|Zamazenta-*, L50|\n|poke|p2|Calyrex-Shadow, L50|\n|poke|p2|Rillaboom, L50, F|\n|poke|p2|Raging Bolt, L50|\n|poke|p2|Ogerpon-Cornerstone, L50, F|\n|poke|p2|Tornadus, L50, M|\n|teampreview|4\n|inactive|Battle timer is ON: inactive players will automatically lose when time's up. (requested by blackred123)\n|\n|t:|1772006409\n|teamsize|p1|4\n|teamsize|p2|4\n|start\n|switch|p1a: Whimsicott|Whimsicott, L50, F|100/100\n|switch|p1b: Calyrex|Calyrex-Shadow, L50|100/100\n|switch|p2a: \u5170\u534e|Zamazenta-Crowned, L50, shiny|100/100\n|switch|p2b: \u770b\u5b8c\u6211\u60f3|Tornadus, L50, M|100/100\n|-ability|p1b: Calyrex|As One\n|-ability|p1b: Calyrex|Unnerve\n|-ability|p2a: \u5170\u534e|Dauntless Shield|boost\n|-boost|p2a: \u5170\u534e|def|1\n|turn|1\n|\n|t:|1772006426\n|move|p1a: Whimsicott|Tailwind|p1a: Whimsicott\n|-sidestart|p1: yyyggg is|move: Tailwind\n|move|p1b: Calyrex|Psyshock|p2b: \u770b\u5b8c\u6211\u60f3\n|-damage|p2b: \u770b\u5b8c\u6211\u60f3|32/100\n|-damage|p1b: Calyrex|91/100|[from] item: Life Orb\n|move|p2a: \u5170\u534e|Heavy Slam|p1a: Whimsicott\n|-supereffective|p1a: Whimsicott\n|-damage|p1a: Whimsicott|20/100\n|move|p2b: \u770b\u5b8c\u6211\u60f3|Bleakwind Storm|p1b: Calyrex|[spread] p1a,p1b\n|-supereffective|p1a: Whimsicott\n|-damage|p1a: Whimsicott|0 fnt\n|-damage|p1b: Calyrex|49/100\n|faint|p1a: Whimsicott\n|\n|upkeep\n|\n|t:|1772006439\n|switch|p1a: Raichu|Raichu, L50, F|100/100\n|turn|2\n|\n|t:|1772006445\n|move|p2b: \u770b\u5b8c\u6211\u60f3|Protect|p2b: \u770b\u5b8c\u6211\u60f3\n|-singleturn|p2b: \u770b\u5b8c\u6211\u60f3|Protect\n|move|p2a: \u5170\u534e|Protect|p2a: \u5170\u534e\n|-singleturn|p2a: \u5170\u534e|Protect\n|move|p1a: Raichu|Fake Out|p2a: \u5170\u534e\n|-activate|p2a: \u5170\u534e|move: Protect\n|move|p1b: Calyrex|Psyshock|p2b: \u770b\u5b8c\u6211\u60f3\n|-activate|p2b: \u770b\u5b8c\u6211\u60f3|move: Protect\n|\n|upkeep\n|turn|3\n|\n|t:|1772006459\n|move|p2b: \u770b\u5b8c\u6211\u60f3|Tailwind|p2b: \u770b\u5b8c\u6211\u60f3\n|-sidestart|p2: blackred123|move: Tailwind\n|move|p1b: Calyrex|Astral Barrage|p2a: \u5170\u534e|[spread] p2a,p2b\n|-damage|p2a: \u5170\u534e|53/100\n|-damage|p2b: \u770b\u5b8c\u6211\u60f3|0 fnt\n|faint|p2b: \u770b\u5b8c\u6211\u60f3\n|-ability|p1b: Calyrex|Grim Neigh|boost\n|-boost|p1b: Calyrex|spa|1\n|-damage|p1b: Calyrex|39/100|[from] item: Life Orb\n|move|p1a: Raichu|Nuzzle|p2a: \u5170\u534e\n|-damage|p2a: \u5170\u534e|50/100\n|-status|p2a: \u5170\u534e|par\n|cant|p2a: \u5170\u534e|par\n|\n|upkeep\n|\n|t:|1772006476\n|switch|p2b: \u9ed1\u6c5f|Calyrex-Shadow, L50|100/100\n|-ability|p2b: \u9ed1\u6c5f|As One\n|-ability|p2b: \u9ed1\u6c5f|Unnerve\n|turn|4\n|\n|t:|1772006482\n|-terastallize|p2b: \u9ed1\u6c5f|Ghost\n|-terastallize|p1b: Calyrex|Normal\n|move|p1a: Raichu|Helping Hand|p1b: Calyrex\n|-singleturn|p1b: Calyrex|Helping Hand|[of] p1a: Raichu\n|move|p1b: Calyrex|Astral Barrage|p2a: \u5170\u534e|[spread] p2a,p2b\n|-supereffective|p2b: \u9ed1\u6c5f\n|-damage|p2a: \u5170\u534e|0 fnt\n|-enditem|p2b: \u9ed1\u6c5f|Focus Sash\n|-damage|p2b: \u9ed1\u6c5f|1/100\n|faint|p2a: \u5170\u534e\n|-ability|p1b: Calyrex|Grim Neigh|boost\n|-boost|p1b: Calyrex|spa|1\n|-damage|p1b: Calyrex|30/100|[from] item: Life Orb\n|move|p2b: \u9ed1\u6c5f|Astral Barrage|p1a: Raichu|[spread] p1a\n|-immune|p1b: Calyrex\n|-damage|p1a: Raichu|1/100\n|\n|-sideend|p1: yyyggg is|move: Tailwind\n|upkeep\n|\n|t:|1772006488\n|switch|p2a: \u8352\u672c\u5148\u751f-\u8001\u8d44\u5386|Raging Bolt, L50|100/100\n|turn|5\n|inactive|yyyggg is has 30 seconds left.\n|inactive|blackred123 has 30 seconds left.\n|inactive|blackred123 has 20 seconds left.\n|inactive|yyyggg is has 20 seconds left.\n|\n|t:|1772006531\n|move|p1a: Raichu|Helping Hand|p1b: Calyrex\n|-singleturn|p1b: Calyrex|Helping Hand|[of] p1a: Raichu\n|move|p2b: \u9ed1\u6c5f|Psychic|p1a: Raichu\n|-damage|p1a: Raichu|0 fnt\n|faint|p1a: Raichu\n|-ability|p2b: \u9ed1\u6c5f|Grim Neigh|boost\n|-boost|p2b: \u9ed1\u6c5f|spa|1\n|move|p2a: \u8352\u672c\u5148\u751f-\u8001\u8d44\u5386|Draco Meteor|p1b: Calyrex|[miss]\n|-miss|p2a: \u8352\u672c\u5148\u751f-\u8001\u8d44\u5386|p1b: Calyrex\n|move|p1b: Calyrex|Astral Barrage|p2a: \u8352\u672c\u5148\u751f-\u8001\u8d44\u5386|[spread] p2a,p2b\n|-supereffective|p2b: \u9ed1\u6c5f\n|-damage|p2a: \u8352\u672c\u5148\u751f-\u8001\u8d44\u5386|0 fnt\n|-damage|p2b: \u9ed1\u6c5f|0 fnt\n|faint|p2a: \u8352\u672c\u5148\u751f-\u8001\u8d44\u5386\n|-end|p2a: \u8352\u672c\u5148\u751f-\u8001\u8d44\u5386|Protosynthesis|[silent]\n|faint|p2b: \u9ed1\u6c5f\n|-damage|p1b: Calyrex|20/100|[from] item: Life Orb\n|\n|win|yyyggg is\n|raw|yyyggg is's rating: 1288 &rarr; <strong>1321</strong><br />(+33 for winning)\n|raw|blackred123's rating: 1411 &rarr; <strong>1384</strong><br />(-27 for losing)\n|l|\u2606blackred123\n|player|p2|\n|l|\u2606yyyggg is\n|player|p1|\n","uploadtime":1772006731,"views":14,"formatid":"gen9vgc2026regi","rating":1321,"private":0,"password":null}