{"id":"gen9vgc2026regi-2537892717","format":"[Gen 9] VGC 2026 Reg I","players":["xiaogggggggg","blackred123"],"log":"|j|\u2606xiaogggggggg\n|j|\u2606blackred123\n|t:|1770860356\n|gametype|doubles\n|player|p1|xiaogggggggg|2|1288\n|player|p2|blackred123|iono-masters|1273\n|gen|9\n|tier|[Gen 9] VGC 2026 Reg I\n|rated|\n|rule|Species Clause: Limit one of each Pok\u00e9mon\n|rule|Item Clause: Limit 1 of each item\n|clearpoke\n|poke|p1|Calyrex-Shadow, L50|\n|poke|p1|Zamazenta-*, L50|\n|poke|p1|Chien-Pao, L50|\n|poke|p1|Raging Bolt, L50|\n|poke|p1|Amoonguss, L50, M|\n|poke|p1|Dragonite, L50, M|\n|poke|p2|Calyrex-Shadow, L50|\n|poke|p2|Zamazenta-*, L50|\n|poke|p2|Roaring Moon, L50|\n|poke|p2|Maushold-Four, L50|\n|poke|p2|Weezing, L50, M|\n|poke|p2|Amoonguss, L50, M|\n|teampreview|4\n|inactive|Battle timer is ON: inactive players will automatically lose when time's up. (requested by blackred123)\n|inactive|xiaogggggggg has 60 seconds left.\n|inactive|xiaogggggggg has 30 seconds left.\n|inactive|xiaogggggggg has 20 seconds left.\n|inactive|xiaogggggggg has 15 seconds left.\n|\n|t:|1770860434\n|teamsize|p1|4\n|teamsize|p2|4\n|start\n|switch|p1a: Chien-Pao|Chien-Pao, L50|100/100\n|switch|p1b: Dragonite|Dragonite, L50, M|100/100\n|switch|p2a: Zamazenta|Zamazenta-Crowned, L50|100/100\n|switch|p2b: Roaring Moon|Roaring Moon, L50, shiny|100/100\n|-ability|p1a: Chien-Pao|Sword of Ruin\n|-ability|p2a: Zamazenta|Dauntless Shield|boost\n|-boost|p2a: Zamazenta|def|1\n|-enditem|p2b: Roaring Moon|Booster Energy\n|-activate|p2b: Roaring Moon|ability: Protosynthesis|[fromitem]\n|-start|p2b: Roaring Moon|protosynthesisspe\n|turn|1\n|\n|t:|1770860447\n|move|p2b: Roaring Moon|Tailwind|p2b: Roaring Moon\n|-sidestart|p2: blackred123|move: Tailwind\n|move|p2a: Zamazenta|Heavy Slam|p1a: Chien-Pao\n|-supereffective|p1a: Chien-Pao\n|-enditem|p1a: Chien-Pao|Focus Sash\n|-damage|p1a: Chien-Pao|1/100\n|move|p1a: Chien-Pao|Ruination|p2a: Zamazenta\n|-damage|p2a: Zamazenta|51/100\n|move|p1b: Dragonite|Low Kick|p2a: Zamazenta\n|-supereffective|p2a: Zamazenta\n|-damage|p2a: Zamazenta|0 fnt\n|faint|p2a: Zamazenta\n|-damage|p1b: Dragonite|91/100|[from] item: Life Orb\n|\n|upkeep\n|\n|t:|1770860456\n|switch|p2a: Maushold|Maushold-Four, L50|100/100\n|turn|2\n|\n|t:|1770860470\n|move|p1a: Chien-Pao|Protect|p1a: Chien-Pao\n|-singleturn|p1a: Chien-Pao|Protect\n|move|p2a: Maushold|Feint|p1a: Chien-Pao\n|-activate|p1a: Chien-Pao|move: Feint\n|-damage|p1a: Chien-Pao|0 fnt\n|faint|p1a: Chien-Pao\n|move|p2b: Roaring Moon|Knock Off|p1b: Dragonite\n|-damage|p1b: Dragonite|38/100\n|-enditem|p1b: Dragonite|Life Orb|[from] move: Knock Off|[of] p2b: Roaring Moon\n|move|p1b: Dragonite|Low Kick|p2b: Roaring Moon\n|-supereffective|p2b: Roaring Moon\n|-damage|p2b: Roaring Moon|17/100\n|\n|upkeep\n|\n|t:|1770860485\n|switch|p1a: Zamazenta|Zamazenta-Crowned, L50|100/100\n|-ability|p1a: Zamazenta|Dauntless Shield|boost\n|-boost|p1a: Zamazenta|def|1\n|turn|3\n|\n|t:|1770860504\n|move|p1b: Dragonite|Extreme Speed|p2b: Roaring Moon\n|-damage|p2b: Roaring Moon|0 fnt\n|faint|p2b: Roaring Moon\n|-end|p2b: Roaring Moon|Protosynthesis|[silent]\n|move|p2a: Maushold|Taunt|p1a: Zamazenta\n|-start|p1a: Zamazenta|move: Taunt\n|move|p1a: Zamazenta|Heavy Slam|p2a: Maushold\n|-damage|p2a: Maushold|47/100\n|\n|upkeep\n|\n|t:|1770860509\n|switch|p2b: Calyrex|Calyrex-Shadow, L50|100/100\n|-ability|p2b: Calyrex|As One\n|-ability|p2b: Calyrex|Unnerve\n|turn|4\n|\n|t:|1770860529\n|-terastallize|p2b: Calyrex|Ghost\n|move|p2a: Maushold|Helping Hand|p2b: Calyrex\n|-singleturn|p2b: Calyrex|Helping Hand|[of] p2a: Maushold\n|move|p1b: Dragonite|Protect|p1b: Dragonite\n|-singleturn|p1b: Dragonite|Protect\n|move|p2b: Calyrex|Astral Barrage|p1b: Dragonite|[spread] p1a\n|-activate|p1b: Dragonite|move: Protect\n|-damage|p1a: Zamazenta|0 fnt\n|faint|p1a: Zamazenta\n|-ability|p2b: Calyrex|Grim Neigh|boost\n|-boost|p2b: Calyrex|spa|1\n|\n|-sideend|p2: blackred123|move: Tailwind\n|upkeep\n|\n|t:|1770860541\n|switch|p1a: Calyrex|Calyrex-Shadow, L50|100/100\n|-ability|p1a: Calyrex|As One\n|-ability|p1a: Calyrex|Unnerve\n|turn|5\n|\n|t:|1770860555\n|-terastallize|p1b: Dragonite|Normal\n|move|p2a: Maushold|Feint|p1a: Calyrex\n|-immune|p1a: Calyrex\n|move|p1a: Calyrex|Astral Barrage|p2b: Calyrex|[spread] p2b\n|-immune|p2a: Maushold\n|-supereffective|p2b: Calyrex\n|-damage|p2b: Calyrex|15/100\n|move|p2b: Calyrex|Astral Barrage|p1a: Calyrex|[spread] p1a\n|-immune|p1b: Dragonite\n|-supereffective|p1a: Calyrex\n|-damage|p1a: Calyrex|0 fnt\n|faint|p1a: Calyrex\n|-ability|p2b: Calyrex|Grim Neigh|boost\n|-boost|p2b: Calyrex|spa|1\n|move|p1b: Dragonite|Low Kick|p2a: Maushold\n|-supereffective|p2a: Maushold\n|-damage|p2a: Maushold|28/100\n|\n|upkeep\n|turn|6\n|inactive|blackred123 has 30 seconds left.\n|inactive|blackred123 has 20 seconds left.\n|\n|t:|1770860598\n|move|p2a: Maushold|Feint|p1b: Dragonite\n|-damage|p1b: Dragonite|30/100\n|move|p1b: Dragonite|Extreme Speed|p2a: Maushold\n|-damage|p2a: Maushold|0 fnt\n|faint|p2a: Maushold\n|move|p2b: Calyrex|Astral Barrage|p1b: Dragonite\n|-immune|p1b: Dragonite\n|\n|upkeep\n|turn|7\n|\n|t:|1770860608\n|move|p1b: Dragonite|Extreme Speed|p2b: Calyrex\n|-immune|p2b: Calyrex\n|move|p2b: Calyrex|Astral Barrage|p1b: Dragonite\n|-immune|p1b: Dragonite\n|\n|upkeep\n|turn|8\n|\n|t:|1770860617\n|move|p1b: Dragonite|Extreme Speed|p2b: Calyrex\n|-immune|p2b: Calyrex\n|move|p2b: Calyrex|Astral Barrage|p1b: Dragonite\n|-immune|p1b: Dragonite\n|\n|upkeep\n|turn|9\n|\n|t:|1770860621\n|move|p2b: Calyrex|Astral Barrage|p1b: Dragonite\n|-immune|p1b: Dragonite\n|move|p1b: Dragonite|Rock Slide|p2b: Calyrex\n|-damage|p2b: Calyrex|0 fnt\n|faint|p2b: Calyrex\n|\n|win|xiaogggggggg\n|raw|xiaogggggggg's rating: 1288 &rarr; <strong>1312</strong><br />(+24 for winning)\n|raw|blackred123's rating: 1273 &rarr; <strong>1249</strong><br />(-24 for losing)\n|c|\u2606xiaogggggggg|\u9017\u9017\u4f60\u7684\n|l|\u2606xiaogggggggg\n|player|p1|\n|j|\u2606xiaogggggggg\n|player|p1|xiaogggggggg|2|\n|l|\u2606xiaogggggggg\n|player|p1|\n","uploadtime":1770860633,"views":10,"formatid":"gen9vgc2026regi","rating":1249,"private":0,"password":null}