{"id":"gen9vgc2026regi-2556429470","format":"[Gen 9] VGC 2026 Reg I","players":["uhh daneooo","zekstr"],"log":"|j|\u2606uhh daneooo\n|j|\u2606zekstr\n|t:|1773203684\n|gametype|doubles\n|player|p1|uhh daneooo|riley|1176\n|player|p2|zekstr|roxie|1109\n|gen|9\n|tier|[Gen 9] VGC 2026 Reg I\n|rated|\n|rule|Species Clause: Limit one of each Pok\u00e9mon\n|rule|Item Clause: Limit 1 of each item\n|clearpoke\n|poke|p1|Koraidon, L50|\n|poke|p1|Reshiram, L50|\n|poke|p1|Grimmsnarl, L50, M|\n|poke|p1|Whimsicott, L50, M|\n|poke|p1|Rillaboom, L50, M|\n|poke|p1|Flutter Mane, L50|\n|poke|p2|Necrozma-Dusk-Mane, L50|\n|poke|p2|Dusclops, L50, F|\n|poke|p2|Koraidon, L50|\n|poke|p2|Indeedee-F, L50, F|\n|poke|p2|Walking Wake, L50|\n|poke|p2|Raging Bolt, L50|\n|teampreview|4\n|inactive|Battle timer is ON: inactive players will automatically lose when time's up. (requested by zekstr)\n|inactive|uhh daneooo has 60 seconds left.\n|inactive|zekstr has 60 seconds left.\n|\n|t:|1773203727\n|teamsize|p1|4\n|teamsize|p2|4\n|start\n|switch|p1a: Grimmsnarl|Grimmsnarl, L50, M|100/100\n|switch|p1b: Flutter Mane|Flutter Mane, L50|100/100\n|switch|p2a: Necrozma|Necrozma-Dusk-Mane, L50|100/100\n|switch|p2b: Dusclops|Dusclops, L50, F, shiny|100/100\n|-ability|p2b: Dusclops|Pressure\n|-enditem|p1b: Flutter Mane|Booster Energy\n|-activate|p1b: Flutter Mane|ability: Protosynthesis|[fromitem]\n|-start|p1b: Flutter Mane|protosynthesisspe\n|turn|1\n|\n|t:|1773203749\n|move|p1a: Grimmsnarl|Reflect|p1a: Grimmsnarl\n|-sidestart|p1: uhh daneooo|Reflect\n|move|p1b: Flutter Mane|Taunt|p2b: Dusclops\n|-start|p2b: Dusclops|move: Taunt\n|move|p2a: Necrozma|Sunsteel Strike|p1b: Flutter Mane\n|-supereffective|p1b: Flutter Mane\n|-damage|p1b: Flutter Mane|0 fnt\n|faint|p1b: Flutter Mane\n|-end|p1b: Flutter Mane|Protosynthesis|[silent]\n|cant|p2b: Dusclops|move: Taunt|Trick Room\n|\n|upkeep\n|\n|t:|1773203759\n|switch|p1b: Reshiram|Reshiram, L50, shiny|100/100\n|-ability|p1b: Reshiram|Turboblaze\n|turn|2\n|\n|t:|1773203780\n|-terastallize|p2a: Necrozma|Psychic\n|move|p1a: Grimmsnarl|Light Screen|p1a: Grimmsnarl\n|-sidestart|p1: uhh daneooo|move: Light Screen\n|move|p2b: Dusclops|Shadow Sneak|p2a: Necrozma\n|-supereffective|p2a: Necrozma\n|-damage|p2a: Necrozma|90/100\n|-enditem|p2a: Necrozma|Weakness Policy\n|-boost|p2a: Necrozma|atk|2|[from] item: Weakness Policy\n|-boost|p2a: Necrozma|spa|2|[from] item: Weakness Policy\n|move|p1b: Reshiram|Blue Flare|p2a: Necrozma\n|-damage|p2a: Necrozma|0 fnt\n|faint|p2a: Necrozma\n|\n|upkeep\n|\n|t:|1773203799\n|switch|p2a: Walking Wake|Walking Wake, L50|100/100\n|turn|3\n|\n|t:|1773203814\n|switch|p1b: Koraidon|Koraidon, L50, shiny|100/100\n|-weather|SunnyDay|[from] ability: Orichalcum Pulse|[of] p1b: Koraidon\n|-activate|p2a: Walking Wake|ability: Protosynthesis\n|-start|p2a: Walking Wake|protosynthesisspe\n|-activate|p1b: Koraidon|Orichalcum Pulse|[source]\n|switch|p2b: Koraidon|Koraidon, L50|100/100\n|-activate|p2b: Koraidon|ability: Orichalcum Pulse\n|move|p1a: Grimmsnarl|Thunder Wave|p2a: Walking Wake\n|-status|p2a: Walking Wake|par\n|move|p2a: Walking Wake|Draco Meteor|p1b: Koraidon\n|-supereffective|p1b: Koraidon\n|-damage|p1b: Koraidon|0 fnt\n|-unboost|p2a: Walking Wake|spa|2\n|faint|p1b: Koraidon\n|-damage|p2a: Walking Wake|91/100 par|[from] item: Life Orb\n|\n|-weather|SunnyDay|[upkeep]\n|upkeep\n|\n|t:|1773203828\n|switch|p1b: Reshiram|Reshiram, L50, shiny|100/100\n|-ability|p1b: Reshiram|Turboblaze\n|turn|4\n|inactive|zekstr has 30 seconds left.\n|\n|t:|1773203860\n|-end|p2a: Walking Wake|Protosynthesis|[silent]\n|switch|p2a: Dusclops|Dusclops, L50, F, shiny|100/100\n|-ability|p2a: Dusclops|Pressure\n|-terastallize|p1b: Reshiram|Fire\n|move|p1a: Grimmsnarl|Thunder Wave|p2b: Koraidon\n|-status|p2b: Koraidon|par\n|move|p1b: Reshiram|Heat Wave|p2a: Dusclops|[spread] p2a,p2b\n|-resisted|p2b: Koraidon\n|-damage|p2a: Dusclops|19/100\n|-damage|p2b: Koraidon|42/100 par\n|move|p2b: Koraidon|Collision Course|p1a: Grimmsnarl\n|-damage|p1a: Grimmsnarl|55/100\n|\n|-weather|SunnyDay|[upkeep]\n|upkeep\n|turn|5\n|inactive|zekstr has 30 seconds left.\n|inactive|zekstr has 20 seconds left.\n|\n|t:|1773203898\n|move|p1b: Reshiram|Heat Wave|p2b: Koraidon|[spread] p2a,p2b\n|-resisted|p2b: Koraidon\n|-damage|p2a: Dusclops|0 fnt\n|-damage|p2b: Koraidon|0 fnt\n|faint|p2a: Dusclops\n|faint|p2b: Koraidon\n|move|p1a: Grimmsnarl|Spirit Break|p2: Dusclops|[notarget]\n|-fail|p1a: Grimmsnarl\n|\n|-weather|SunnyDay|[upkeep]\n|upkeep\n|\n|t:|1773203902\n|switch|p2b: Walking Wake|Walking Wake, L50|91/100 par\n|-activate|p2b: Walking Wake|ability: Protosynthesis\n|-start|p2b: Walking Wake|protosynthesisspe\n|turn|6\n|\n|t:|1773203913\n|move|p1b: Reshiram|Heat Wave|p2b: Walking Wake|[miss]\n|-miss|p1b: Reshiram|p2b: Walking Wake\n|cant|p2b: Walking Wake|par\n|move|p1a: Grimmsnarl|Spirit Break|p2b: Walking Wake\n|-supereffective|p2b: Walking Wake\n|-damage|p2b: Walking Wake|25/100 par\n|-unboost|p2b: Walking Wake|spa|1\n|\n|-weather|SunnyDay|[upkeep]\n|upkeep\n|turn|7\n|-message|zekstr forfeited.\n|\n|win|uhh daneooo\n|raw|uhh daneooo's rating: 1176 &rarr; <strong>1196</strong><br />(+20 for winning)\n|raw|zekstr's rating: 1109 &rarr; <strong>1089</strong><br />(-20 for losing)\n|l|\u2606zekstr\n|player|p2|\n|l|\u2606uhh daneooo\n|player|p1|\n","uploadtime":1773204224,"views":10,"formatid":"gen9vgc2026regi","rating":1089,"private":0,"password":null}