{"id":"gen9vgc2026regi-2576932502","format":"[Gen 9] VGC 2026 Reg I","players":["jwillc","itastelikeiron"],"log":"|j|\u203djwillc\n|j|\u2606itastelikeiron\n|t:|1775518788\n|gametype|doubles\n|player|p1|jwillc|102|1404\n|player|p2|itastelikeiron|infielder|1502\n|gen|9\n|tier|[Gen 9] VGC 2026 Reg I\n|rated|\n|rule|Species Clause: Limit one of each Pok\u00e9mon\n|rule|Item Clause: Limit 1 of each item\n|clearpoke\n|poke|p1|Miraidon, L50|\n|poke|p1|Incineroar, L50, M|\n|poke|p1|Dragonite, L50, M|\n|poke|p1|Lunala, L50|\n|poke|p1|Iron Valiant, L50|\n|poke|p1|Ogerpon-Wellspring, L50, F|\n|poke|p2|Kyogre, L50|\n|poke|p2|Zacian-*, L50|\n|poke|p2|Incineroar, L50, M|\n|poke|p2|Raichu, L50, M|\n|poke|p2|Volcarona, L50, M|\n|poke|p2|Flutter Mane, L50|\n|teampreview|4\n|inactive|Battle timer is ON: inactive players will automatically lose when time's up. (requested by jwillc)\n|\n|t:|1775518824\n|teamsize|p1|4\n|teamsize|p2|4\n|start\n|switch|p1a: Miraidon|Miraidon, L50|100/100\n|switch|p1b: Iron Valiant|Iron Valiant, L50|100/100\n|switch|p2a: Volcarona|Volcarona, L50, M|100/100\n|switch|p2b: Zacian|Zacian-Crowned, L50|100/100\n|-ability|p2b: Zacian|Intrepid Sword|boost\n|-boost|p2b: Zacian|atk|1\n|-fieldstart|move: Electric Terrain|[from] ability: Hadron Engine|[of] p1a: Miraidon\n|-activate|p1b: Iron Valiant|ability: Quark Drive\n|-start|p1b: Iron Valiant|quarkdrivespe\n|turn|1\n|\n|t:|1775518845\n|move|p2b: Zacian|Protect|p2b: Zacian\n|-singleturn|p2b: Zacian|Protect\n|move|p1a: Miraidon|Protect|p1a: Miraidon\n|-singleturn|p1a: Miraidon|Protect\n|move|p1b: Iron Valiant|Close Combat|p2b: Zacian\n|-activate|p2b: Zacian|move: Protect\n|move|p2a: Volcarona|Struggle Bug|p1b: Iron Valiant|[spread] p1b\n|-activate|p1a: Miraidon|move: Protect\n|-resisted|p1b: Iron Valiant\n|-damage|p1b: Iron Valiant|94/100\n|\n|upkeep\n|turn|2\n|\n|t:|1775518869\n|switch|p1a: Lunala|Lunala, L50|100/100\n|-enditem|p1a: Lunala|Electric Seed\n|-boost|p1a: Lunala|def|1|[from] item: Electric Seed\n|-terastallize|p2b: Zacian|Ground\n|move|p2a: Volcarona|Rage Powder|p2a: Volcarona\n|-singleturn|p2a: Volcarona|move: Rage Powder\n|move|p1b: Iron Valiant|Knock Off|p2a: Volcarona\n|-damage|p2a: Volcarona|71/100\n|-status|p1b: Iron Valiant|brn|[from] ability: Flame Body|[of] p2a: Volcarona\n|-enditem|p2a: Volcarona|Covert Cloak|[from] move: Knock Off|[of] p1b: Iron Valiant\n|move|p2b: Zacian|Tera Blast|p1a: Lunala|[anim] Tera Blast Ground\n|-damage|p1a: Lunala|83/100\n|\n|-damage|p1b: Iron Valiant|88/100 brn|[from] brn\n|upkeep\n|turn|3\n|inactive|jwillc has 30 seconds left.\n|inactive|jwillc has 20 seconds left.\n|inactive|jwillc has 15 seconds left.\n|\n|t:|1775518910\n|move|p1b: Iron Valiant|Spirit Break|p2a: Volcarona\n|-resisted|p2a: Volcarona\n|-damage|p2a: Volcarona|62/100\n|-unboost|p2a: Volcarona|spa|1\n|move|p2b: Zacian|Behemoth Blade|p1a: Lunala\n|-damage|p1a: Lunala|44/100\n|move|p2a: Volcarona|Struggle Bug|p1a: Lunala|[spread] p1a,p1b\n|-resisted|p1b: Iron Valiant\n|-damage|p1a: Lunala|36/100\n|-damage|p1b: Iron Valiant|84/100 brn\n|-unboost|p1a: Lunala|spa|1\n|move|p1a: Lunala|Moongeist Beam|p2b: Zacian\n|-damage|p2b: Zacian|66/100\n|\n|-damage|p1b: Iron Valiant|78/100 brn|[from] brn\n|upkeep\n|turn|4\n|\n|t:|1775518930\n|move|p1a: Lunala|Wide Guard|p1a: Lunala\n|-singleturn|p1a: Lunala|Wide Guard\n|move|p1b: Iron Valiant|Close Combat|p2b: Zacian\n|-damage|p2b: Zacian|38/100\n|-unboost|p1b: Iron Valiant|def|1\n|-unboost|p1b: Iron Valiant|spd|1\n|move|p2b: Zacian|Behemoth Blade|p1a: Lunala\n|-damage|p1a: Lunala|0 fnt\n|faint|p1a: Lunala\n|move|p2a: Volcarona|Fiery Dance|p1b: Iron Valiant\n|-damage|p1b: Iron Valiant|16/100 brn\n|\n|-damage|p1b: Iron Valiant|10/100 brn|[from] brn\n|upkeep\n|\n|t:|1775518937\n|switch|p1a: Ogerpon|Ogerpon-Wellspring, L50, F|100/100\n|turn|5\n|\n|t:|1775518960\n|switch|p2a: Incineroar|Incineroar, L50, M|100/100\n|-ability|p2a: Incineroar|Intimidate|boost\n|-unboost|p1a: Ogerpon|atk|1\n|-fail|p1b: Iron Valiant|unboost|[from] item: Clear Amulet|[of] p1b: Iron Valiant\n|move|p2b: Zacian|Protect|p2b: Zacian\n|-singleturn|p2b: Zacian|Protect\n|move|p1b: Iron Valiant|Spirit Break|p2a: Incineroar\n|-damage|p2a: Incineroar|87/100\n|-unboost|p2a: Incineroar|spa|1\n|-damage|p1b: Iron Valiant|0 fnt|[from] item: Rocky Helmet|[of] p2a: Incineroar\n|faint|p1b: Iron Valiant\n|-end|p1b: Iron Valiant|Quark Drive|[silent]\n|move|p1a: Ogerpon|Ivy Cudgel|p2b: Zacian|[anim] Ivy Cudgel Water\n|-activate|p2b: Zacian|move: Protect\n|\n|-fieldend|move: Electric Terrain\n|upkeep\n|\n|t:|1775518969\n|switch|p1b: Miraidon|Miraidon, L50|100/100\n|-fieldstart|move: Electric Terrain|[from] ability: Hadron Engine|[of] p1b: Miraidon\n|turn|6\n|\n|t:|1775518981\n|move|p1b: Miraidon|Protect|p1b: Miraidon\n|-singleturn|p1b: Miraidon|Protect\n|move|p1a: Ogerpon|Spiky Shield|p1a: Ogerpon\n|-singleturn|p1a: Ogerpon|move: Protect\n|move|p2a: Incineroar|Fake Out|p1a: Ogerpon\n|-activate|p1a: Ogerpon|move: Protect\n|-damage|p2a: Incineroar|75/100|[from] Spiky Shield|[of] p1a: Ogerpon\n|move|p2b: Zacian|Tera Blast|p1b: Miraidon|[anim] Tera Blast Ground\n|-activate|p1b: Miraidon|move: Protect\n|\n|upkeep\n|turn|7\n|inactive|itastelikeiron has 30 seconds left.\n|\n|t:|1775519008\n|-terastallize|p1b: Miraidon|Electric\n|move|p1a: Ogerpon|Follow Me|p1a: Ogerpon\n|-singleturn|p1a: Ogerpon|move: Follow Me\n|move|p2b: Zacian|Play Rough|p1a: Ogerpon\n|-damage|p1a: Ogerpon|9/100\n|move|p1b: Miraidon|Electro Drift|p2a: Incineroar\n|-crit|p2a: Incineroar\n|-damage|p2a: Incineroar|0 fnt\n|-damage|p1b: Miraidon|84/100|[from] item: Rocky Helmet|[of] p2a: Incineroar\n|faint|p2a: Incineroar\n|-damage|p1b: Miraidon|74/100|[from] item: Life Orb\n|\n|upkeep\n|\n|t:|1775519021\n|switch|p2a: Volcarona|Volcarona, L50, M|62/100\n|turn|8\n|\n|t:|1775519031\n|move|p1b: Miraidon|Protect|p1b: Miraidon\n|-singleturn|p1b: Miraidon|Protect\n|move|p2a: Volcarona|Rage Powder|p2a: Volcarona\n|-singleturn|p2a: Volcarona|move: Rage Powder\n|move|p2b: Zacian|Tera Blast|p1a: Ogerpon|[anim] Tera Blast Ground\n|-resisted|p1a: Ogerpon\n|-damage|p1a: Ogerpon|0 fnt\n|faint|p1a: Ogerpon\n|\n|upkeep\n|turn|9\n|\n|t:|1775519041\n|move|p2a: Volcarona|Rage Powder|p2a: Volcarona\n|-singleturn|p2a: Volcarona|move: Rage Powder\n|move|p2b: Zacian|Tera Blast|p1b: Miraidon|[anim] Tera Blast Ground\n|-supereffective|p1b: Miraidon\n|-damage|p1b: Miraidon|0 fnt\n|faint|p1b: Miraidon\n|\n|win|itastelikeiron\n|raw|jwillc's rating: 1404 &rarr; <strong>1389</strong><br />(-15 for losing)\n|raw|itastelikeiron's rating: 1502 &rarr; <strong>1517</strong><br />(+15 for winning)\n|l|\u203djwillc\n|player|p1|\n","uploadtime":1775519046,"views":12,"formatid":"gen9vgc2026regi","rating":1389,"private":0,"password":null}