{"id":"gen9vgc2026regi-2589148514","format":"[Gen 9] VGC 2026 Reg I","players":["GertrudeVGC","Tweak69"],"log":"|j|\u2606GertrudeVGC\n|j|\u2606Tweak69\n|t:|1776702775\n|gametype|doubles\n|player|p1|GertrudeVGC|170|1506\n|player|p2|Tweak69|bruno|1379\n|gen|9\n|tier|[Gen 9] VGC 2026 Reg I\n|rated|\n|rule|Species Clause: Limit one of each Pok\u00e9mon\n|rule|Item Clause: Limit 1 of each item\n|clearpoke\n|poke|p1|Terapagos, L50, M|\n|poke|p1|Calyrex-Ice, L50|\n|poke|p1|Indeedee, L50, M|\n|poke|p1|Chi-Yu, L50|\n|poke|p1|Ogerpon-Wellspring, L50, F|\n|poke|p1|Iron Hands, L50|\n|poke|p2|Amoonguss, L50, F|\n|poke|p2|Calyrex-Ice, L50|\n|poke|p2|Kyogre, L50|\n|poke|p2|Grimmsnarl, L50, M|\n|poke|p2|Flutter Mane, L50|\n|poke|p2|Rillaboom, L50, M|\n|teampreview|4\n|inactive|Battle timer is ON: inactive players will automatically lose when time's up. (requested by Tweak69)\n|\n|t:|1776702793\n|teamsize|p1|4\n|teamsize|p2|4\n|start\n|switch|p1a: Fiona|Ogerpon-Wellspring, L50, F|100/100\n|switch|p1b: Shrek|Terapagos, L50, M|100/100\n|switch|p2a: Calyrex|Calyrex-Ice, L50|100/100\n|switch|p2b: Amoonguss|Amoonguss, L50, F|100/100\n|-activate|p1b: Shrek|ability: Tera Shift\n|detailschange|p1b: Shrek|Terapagos-Terastal, L50, M\n|-heal|p1b: Shrek|100/100|[silent]\n|-ability|p2a: Calyrex|As One\n|-ability|p2a: Calyrex|Unnerve\n|turn|1\n|\n|t:|1776702815\n|move|p1a: Fiona|Follow Me|p1a: Fiona\n|-singleturn|p1a: Fiona|move: Follow Me\n|move|p1b: Shrek|Tera Starstorm|p2a: Calyrex\n|-damage|p2a: Calyrex|51/100\n|move|p2b: Amoonguss|Spore|p1a: Fiona\n|-immune|p1a: Fiona\n|move|p2a: Calyrex|Trick Room|p2a: Calyrex\n|-fieldstart|move: Trick Room|[of] p2a: Calyrex\n|\n|-heal|p2a: Calyrex|57/100|[from] item: Leftovers\n|upkeep\n|turn|2\n|\n|t:|1776702831\n|move|p1a: Fiona|Follow Me|p1a: Fiona\n|-singleturn|p1a: Fiona|move: Follow Me\n|move|p2b: Amoonguss|Pollen Puff|p1a: Fiona\n|-supereffective|p1a: Fiona\n|-damage|p1a: Fiona|61/100\n|move|p2a: Calyrex|Glacial Lance|p1b: Shrek|[spread] p1a,p1b\n|-activate|p1b: Shrek|ability: Tera Shell\n|-resisted|p1b: Shrek\n|-damage|p1a: Fiona|22/100\n|-damage|p1b: Shrek|81/100\n|move|p1b: Shrek|Tera Starstorm|p2b: Amoonguss\n|-damage|p2b: Amoonguss|32/100\n|\n|-heal|p2a: Calyrex|62/100|[from] item: Leftovers\n|upkeep\n|turn|3\n|inactive|Tweak69 has 30 seconds left.\n|\n|t:|1776702857\n|switch|p2b: Rillaboom|Rillaboom, L50, M|100/100\n|-fieldstart|move: Grassy Terrain|[from] ability: Grassy Surge|[of] p2b: Rillaboom\n|-terastallize|p1b: Shrek|Stellar\n|detailschange|p1b: Shrek|Terapagos-Stellar, L50, M, tera:Stellar\n|-heal|p1b: Shrek|86/100|[silent]\n|-ability|p1b: Shrek|Teraform Zero\n|-fieldend|move: Grassy Terrain\n|move|p1a: Fiona|Follow Me|p1a: Fiona\n|-singleturn|p1a: Fiona|move: Follow Me\n|move|p2a: Calyrex|Glacial Lance|p1b: Shrek|[spread] p1a,p1b\n|-damage|p1a: Fiona|0 fnt\n|-damage|p1b: Shrek|59/100\n|faint|p1a: Fiona\n|-ability|p2a: Calyrex|Chilling Neigh|boost\n|-boost|p2a: Calyrex|atk|1\n|move|p1b: Shrek|Tera Starstorm|p2a: Calyrex|[spread] p2a,p2b\n|-damage|p2a: Calyrex|25/100\n|-damage|p2b: Rillaboom|59/100\n|\n|-heal|p2a: Calyrex|31/100|[from] item: Leftovers\n|upkeep\n|\n|t:|1776702876\n|switch|p1a: Donkey|Calyrex-Ice, L50|100/100\n|-ability|p1a: Donkey|As One\n|-ability|p1a: Donkey|Unnerve\n|turn|4\n|\n|t:|1776702898\n|switch|p1b: CJ McCollum|Indeedee, L50, M|100/100\n|-fieldstart|move: Psychic Terrain|[from] ability: Psychic Surge|[of] p1b: CJ McCollum\n|-terastallize|p2b: Rillaboom|Water\n|move|p2a: Calyrex|Protect|p2a: Calyrex\n|-singleturn|p2a: Calyrex|Protect\n|move|p1a: Donkey|Glacial Lance|p2b: Rillaboom|[spread] p2b\n|-activate|p2a: Calyrex|move: Protect\n|-resisted|p2b: Rillaboom\n|-damage|p2b: Rillaboom|29/100\n|move|p2b: Rillaboom|U-turn|p1a: Donkey\n|-supereffective|p1a: Donkey\n|-damage|p1a: Donkey|73/100\n|inactive|Tweak69 has 30 seconds left.\n|\n|t:|1776702931\n|switch|p2b: Kyogre|Kyogre, L50|100/100|[from] U-turn\n|-weather|RainDance|[from] ability: Drizzle|[of] p2b: Kyogre\n|\n|-weather|RainDance|[upkeep]\n|-heal|p2a: Calyrex|37/100|[from] item: Leftovers\n|upkeep\n|turn|5\n|\n|t:|1776702952\n|move|p1b: CJ McCollum|Helping Hand|p1a: Donkey\n|-singleturn|p1a: Donkey|Helping Hand|[of] p1b: CJ McCollum\n|move|p2b: Kyogre|Protect|p2b: Kyogre\n|-singleturn|p2b: Kyogre|Protect\n|move|p1a: Donkey|Glacial Lance|p2b: Kyogre|[spread] p2a\n|-activate|p2b: Kyogre|move: Protect\n|-resisted|p2a: Calyrex\n|-damage|p2a: Calyrex|13/100\n|move|p2a: Calyrex|Leech Seed|p1a: Donkey\n|-start|p1a: Donkey|move: Leech Seed\n|\n|-weather|RainDance|[upkeep]\n|-heal|p2a: Calyrex|19/100|[from] item: Leftovers\n|-damage|p1a: Donkey|61/100|[from] Leech Seed|[of] p2a: Calyrex\n|-heal|p2a: Calyrex|31/100|[silent]\n|-fieldend|move: Trick Room\n|upkeep\n|turn|6\n|inactive|GertrudeVGC has 30 seconds left.\n|inactive|Tweak69 has 30 seconds left.\n|inactive|Tweak69 has 20 seconds left.\n|\n|t:|1776702991\n|move|p1b: CJ McCollum|After You|p1a: Donkey\n|-activate|p1a: Donkey|move: After You\n|move|p1a: Donkey|Glacial Lance|p2b: Kyogre|[spread] p2a,p2b\n|-resisted|p2a: Calyrex\n|-resisted|p2b: Kyogre\n|-damage|p2a: Calyrex|14/100\n|-damage|p2b: Kyogre|71/100\n|move|p2b: Kyogre|Water Spout|p1a: Donkey|[spread] p1a,p1b\n|-damage|p1a: Donkey|3/100\n|-enditem|p1b: CJ McCollum|Focus Sash\n|-damage|p1b: CJ McCollum|1/100\n|move|p2a: Calyrex|Leech Seed|p1b: CJ McCollum\n|-start|p1b: CJ McCollum|move: Leech Seed\n|\n|-weather|RainDance|[upkeep]\n|-heal|p2a: Calyrex|20/100|[from] item: Leftovers\n|-damage|p1b: CJ McCollum|0 fnt|[from] Leech Seed|[of] p2a: Calyrex\n|-heal|p2a: Calyrex|20/100|[silent]\n|faint|p1b: CJ McCollum\n|-damage|p1a: Donkey|0 fnt|[from] Leech Seed|[of] p2a: Calyrex\n|-heal|p2a: Calyrex|23/100|[silent]\n|faint|p1a: Donkey\n|upkeep\n|\n|t:|1776703002\n|switch|p1b: Shrek|Terapagos-Stellar, L50, M, tera:Stellar|59/100\n|turn|7\n|\n|t:|1776703023\n|move|p2b: Kyogre|Water Spout|p1b: Shrek\n|-damage|p1b: Shrek|0 fnt\n|faint|p1b: Shrek\n|detailschange|p1: Shrek|Terapagos, L50, M|[silent]\n|\n|win|Tweak69\n|raw|GertrudeVGC's rating: 1506 &rarr; <strong>1479</strong><br />(-27 for losing)\n|raw|Tweak69's rating: 1379 &rarr; <strong>1406</strong><br />(+27 for winning)\n|l|\u2606GertrudeVGC\n|player|p1|\n|l|\u2606Tweak69\n|player|p2|\n","uploadtime":1776703245,"views":6,"formatid":"gen9vgc2026regi","rating":1406,"private":0,"password":null}