{"id":"gen9vgc2026regi-2577710092","format":"[Gen 9] VGC 2026 Reg I","players":["jiaco5","KaiMVGC"],"log":"|j|\u203djiaco5\n|j|\u2606KaiMVGC\n|t:|1775598320\n|gametype|doubles\n|player|p1|jiaco5|juan|1456\n|player|p2|KaiMVGC|boarder|1564\n|gen|9\n|tier|[Gen 9] VGC 2026 Reg I\n|rated|\n|rule|Species Clause: Limit one of each Pok\u00e9mon\n|rule|Item Clause: Limit 1 of each item\n|clearpoke\n|poke|p1|Calyrex-Ice, L50|\n|poke|p1|Kyogre, L50|\n|poke|p1|Flutter Mane, L50|\n|poke|p1|Grimmsnarl, L50, M|\n|poke|p1|Amoonguss, L50, M|\n|poke|p1|Rillaboom, L50, M|\n|poke|p2|Calyrex-Shadow, L50|\n|poke|p2|Zamazenta-*, L50|\n|poke|p2|Rillaboom, L50, F|\n|poke|p2|Raging Bolt, L50|\n|poke|p2|Smeargle, L50, F|\n|poke|p2|Tornadus, L50, M|\n|teampreview|4\n|\n|t:|1775598371\n|teamsize|p1|4\n|teamsize|p2|4\n|start\n|switch|p1a: Flutter Mane|Flutter Mane, L50|100/100\n|switch|p1b: Grimmsnarl|Grimmsnarl, L50, M|100/100\n|switch|p2a: Notorious CSR|Calyrex-Shadow, L50|100/100\n|switch|p2b: Dark Void X|Smeargle, L50, F|100/100\n|-ability|p2a: Notorious CSR|As One\n|-ability|p2a: Notorious CSR|Unnerve\n|turn|1\n|\n|t:|1775598381\n|move|p2a: Notorious CSR|Protect|p2a: Notorious CSR\n|-singleturn|p2a: Notorious CSR|Protect\n|move|p1a: Flutter Mane|Taunt|p2b: Dark Void X\n|-start|p2b: Dark Void X|move: Taunt\n|cant|p2b: Dark Void X|move: Taunt|Spore\n|move|p1b: Grimmsnarl|Foul Play|p2a: Notorious CSR\n|-activate|p2a: Notorious CSR|move: Protect\n|\n|-ability|p2b: Dark Void X|Moody|boost\n|-boost|p2b: Dark Void X|atk|2\n|-unboost|p2b: Dark Void X|spe|1\n|upkeep\n|turn|2\n|\n|t:|1775598402\n|switch|p2a: 50 Zent|Zamazenta-Crowned, L50|100/100\n|-ability|p2a: 50 Zent|Dauntless Shield|boost\n|-boost|p2a: 50 Zent|def|1\n|switch|p2b: Metro Boomin|Rillaboom, L50, F|100/100\n|-fieldstart|move: Grassy Terrain|[from] ability: Grassy Surge|[of] p2b: Metro Boomin\n|move|p1a: Flutter Mane|Shadow Ball|p2a: 50 Zent\n|-damage|p2a: 50 Zent|71/100\n|move|p1b: Grimmsnarl|Spirit Break|p2a: 50 Zent\n|-damage|p2a: 50 Zent|59/100\n|-unboost|p2a: 50 Zent|spa|1\n|\n|-heal|p2a: 50 Zent|65/100|[from] Grassy Terrain\n|upkeep\n|turn|3\n|\n|t:|1775598431\n|-end|p1a: Flutter Mane|Protosynthesis|[silent]\n|switch|p1a: Kyogre|Kyogre, L50, shiny|100/100\n|-weather|RainDance|[from] ability: Drizzle|[of] p1a: Kyogre\n|move|p2b: Metro Boomin|Fake Out|p1b: Grimmsnarl\n|-damage|p1b: Grimmsnarl|89/100\n|cant|p1b: Grimmsnarl|flinch\n|move|p2a: 50 Zent|Heavy Slam|p1b: Grimmsnarl\n|-supereffective|p1b: Grimmsnarl\n|-damage|p1b: Grimmsnarl|0 fnt\n|faint|p1b: Grimmsnarl\n|\n|-weather|RainDance|[upkeep]\n|-heal|p2a: 50 Zent|71/100|[from] Grassy Terrain\n|upkeep\n|j| HildaVGC's\n|\n|t:|1775598443\n|switch|p1b: Calyrex|Calyrex-Ice, L50|100/100\n|-ability|p1b: Calyrex|As One\n|-ability|p1b: Calyrex|Unnerve\n|turn|4\n|\n|t:|1775598452\n|-terastallize|p2b: Metro Boomin|Water\n|-terastallize|p1b: Calyrex|Fairy\n|move|p2a: 50 Zent|Protect|p2a: 50 Zent\n|-singleturn|p2a: 50 Zent|Protect\n|move|p1a: Kyogre|Protect|p1a: Kyogre\n|-singleturn|p1a: Kyogre|Protect\n|move|p2b: Metro Boomin|Wood Hammer|p1a: Kyogre\n|-activate|p1a: Kyogre|move: Protect\n|move|p1b: Calyrex|Trick Room|p1b: Calyrex\n|-fieldstart|move: Trick Room|[of] p1b: Calyrex\n|\n|-weather|RainDance|[upkeep]\n|-heal|p2a: 50 Zent|77/100|[from] Grassy Terrain\n|upkeep\n|turn|5\n|\n|t:|1775598472\n|move|p1b: Calyrex|Leech Seed|p2a: 50 Zent|[miss]\n|-miss|p1b: Calyrex|p2a: 50 Zent\n|move|p2b: Metro Boomin|Wood Hammer|p1a: Kyogre\n|-supereffective|p1a: Kyogre\n|-crit|p1a: Kyogre\n|-damage|p1a: Kyogre|0 fnt\n|faint|p1a: Kyogre\n|-damage|p2b: Metro Boomin|67/100|[from] Recoil\n|move|p2a: 50 Zent|Heavy Slam|p1b: Calyrex\n|-supereffective|p1b: Calyrex\n|-damage|p1b: Calyrex|80/100\n|\n|-weather|RainDance|[upkeep]\n|-heal|p1b: Calyrex|86/100|[from] Grassy Terrain\n|-heal|p1b: Calyrex|92/100|[from] item: Leftovers\n|-heal|p2b: Metro Boomin|73/100|[from] Grassy Terrain\n|-heal|p2a: 50 Zent|83/100|[from] Grassy Terrain\n|upkeep\n|\n|t:|1775598484\n|switch|p1a: Flutter Mane|Flutter Mane, L50|100/100\n|turn|6\n|\n|t:|1775598489\n|move|p2a: 50 Zent|Protect|p2a: 50 Zent\n|-singleturn|p2a: 50 Zent|Protect\n|move|p1b: Calyrex|Leech Seed|p2a: 50 Zent\n|-activate|p2a: 50 Zent|move: Protect\n|move|p2b: Metro Boomin|Wood Hammer|p1a: Flutter Mane\n|-enditem|p1a: Flutter Mane|Focus Sash\n|-damage|p1a: Flutter Mane|1/100\n|-damage|p2b: Metro Boomin|52/100|[from] Recoil\n|move|p1a: Flutter Mane|Moonblast|p2b: Metro Boomin\n|-damage|p2b: Metro Boomin|18/100\n|-unboost|p2b: Metro Boomin|spa|1\n|\n|-weather|RainDance|[upkeep]\n|-heal|p1b: Calyrex|98/100|[from] Grassy Terrain\n|-heal|p1b: Calyrex|100/100|[from] item: Leftovers\n|-heal|p2b: Metro Boomin|24/100|[from] Grassy Terrain\n|-heal|p2a: 50 Zent|90/100|[from] Grassy Terrain\n|-heal|p1a: Flutter Mane|7/100|[from] Grassy Terrain\n|-fieldend|move: Grassy Terrain\n|upkeep\n|turn|7\n|\n|t:|1775598498\n|move|p1b: Calyrex|Glacial Lance|p2a: 50 Zent|[spread] p2a,p2b\n|-resisted|p2a: 50 Zent\n|-resisted|p2b: Metro Boomin\n|-damage|p2a: 50 Zent|80/100\n|-damage|p2b: Metro Boomin|0 fnt\n|faint|p2b: Metro Boomin\n|-ability|p1b: Calyrex|Chilling Neigh|boost\n|-boost|p1b: Calyrex|atk|1\n|move|p2a: 50 Zent|Heavy Slam|p1b: Calyrex\n|-supereffective|p1b: Calyrex\n|-damage|p1b: Calyrex|79/100\n|move|p1a: Flutter Mane|Moonblast|p2a: 50 Zent\n|-damage|p2a: 50 Zent|42/100\n|-unboost|p2a: 50 Zent|spa|1\n|\n|-weather|none\n|-heal|p1b: Calyrex|85/100|[from] item: Leftovers\n|upkeep\n|\n|t:|1775598508\n|switch|p2b: Dark Void X|Smeargle, L50, F|100/100\n|turn|8\n|\n|t:|1775598533\n|move|p2b: Dark Void X|Fake Out|p1b: Calyrex\n|-damage|p1b: Calyrex|82/100\n|cant|p1b: Calyrex|flinch\n|move|p2a: 50 Zent|Heavy Slam|p1a: Flutter Mane\n|-supereffective|p1a: Flutter Mane\n|-damage|p1a: Flutter Mane|0 fnt\n|faint|p1a: Flutter Mane\n|-end|p1a: Flutter Mane|Protosynthesis|[silent]\n|\n|-heal|p1b: Calyrex|87/100|[from] item: Leftovers\n|-fieldend|move: Trick Room\n|-ability|p2b: Dark Void X|Moody|boost\n|-boost|p2b: Dark Void X|spa|2\n|-unboost|p2b: Dark Void X|def|1\n|upkeep\n|turn|9\n|\n|t:|1775598549\n|move|p2a: 50 Zent|Heavy Slam|p1b: Calyrex\n|-supereffective|p1b: Calyrex\n|-damage|p1b: Calyrex|66/100\n|move|p2b: Dark Void X|Spore|p1b: Calyrex\n|-status|p1b: Calyrex|slp|[from] move: Spore\n|cant|p1b: Calyrex|slp\n|\n|-heal|p1b: Calyrex|72/100 slp|[from] item: Leftovers\n|-ability|p2b: Dark Void X|Moody|boost\n|-boost|p2b: Dark Void X|def|2\n|-unboost|p2b: Dark Void X|spa|1\n|upkeep\n|turn|10\n|\n|t:|1775598557\n|move|p2b: Dark Void X|Wide Guard|p2b: Dark Void X\n|-singleturn|p2b: Dark Void X|Wide Guard\n|move|p2a: 50 Zent|Heavy Slam|p1b: Calyrex\n|-supereffective|p1b: Calyrex\n|-damage|p1b: Calyrex|52/100 slp\n|cant|p1b: Calyrex|slp\n|\n|-heal|p1b: Calyrex|58/100 slp|[from] item: Leftovers\n|-ability|p2b: Dark Void X|Moody|boost\n|-boost|p2b: Dark Void X|def|2\n|-unboost|p2b: Dark Void X|atk|1\n|upkeep\n|turn|11\n|\n|t:|1775598568\n|move|p2b: Dark Void X|Wide Guard|p2b: Dark Void X\n|-singleturn|p2b: Dark Void X|Wide Guard\n|move|p2a: 50 Zent|Heavy Slam|p1b: Calyrex\n|-supereffective|p1b: Calyrex\n|-damage|p1b: Calyrex|34/100 slp\n|cant|p1b: Calyrex|slp\n|\n|-heal|p1b: Calyrex|40/100 slp|[from] item: Leftovers\n|-ability|p2b: Dark Void X|Moody|boost\n|-boost|p2b: Dark Void X|def|2\n|-unboost|p2b: Dark Void X|spd|1\n|upkeep\n|turn|12\n|\n|t:|1775598577\n|move|p2b: Dark Void X|Wide Guard|p2b: Dark Void X\n|-singleturn|p2b: Dark Void X|Wide Guard\n|move|p2a: 50 Zent|Heavy Slam|p1b: Calyrex\n|-supereffective|p1b: Calyrex\n|-damage|p1b: Calyrex|22/100 slp\n|-curestatus|p1b: Calyrex|slp|[msg]\n|move|p1b: Calyrex|Trick Room|p1b: Calyrex\n|-fieldstart|move: Trick Room|[of] p1b: Calyrex\n|\n|-heal|p1b: Calyrex|28/100|[from] item: Leftovers\n|-ability|p2b: Dark Void X|Moody|boost\n|-boost|p2b: Dark Void X|def|1\n|-unboost|p2b: Dark Void X|spd|1\n|upkeep\n|turn|13\n|\n|t:|1775598587\n|move|p1b: Calyrex|Protect|p1b: Calyrex\n|-singleturn|p1b: Calyrex|Protect\n|move|p2b: Dark Void X|Spore|p1b: Calyrex\n|-activate|p1b: Calyrex|move: Protect\n|move|p2a: 50 Zent|Heavy Slam|p1b: Calyrex\n|-activate|p1b: Calyrex|move: Protect\n|\n|-heal|p1b: Calyrex|33/100|[from] item: Leftovers\n|-ability|p2b: Dark Void X|Moody|boost\n|-boost|p2b: Dark Void X|atk|2\n|-unboost|p2b: Dark Void X|spa|1\n|upkeep\n|turn|14\n|\n|t:|1775598595\n|move|p1b: Calyrex|Leech Seed|p2a: 50 Zent\n|-start|p2a: 50 Zent|move: Leech Seed\n|move|p2b: Dark Void X|Spore|p1b: Calyrex\n|-status|p1b: Calyrex|slp|[from] move: Spore\n|move|p2a: 50 Zent|Heavy Slam|p1b: Calyrex\n|-supereffective|p1b: Calyrex\n|-damage|p1b: Calyrex|15/100 slp\n|\n|-heal|p1b: Calyrex|21/100 slp|[from] item: Leftovers\n|-damage|p2a: 50 Zent|30/100|[from] Leech Seed|[of] p1b: Calyrex\n|-heal|p1b: Calyrex|32/100 slp|[silent]\n|-ability|p2b: Dark Void X|Moody|boost\n|-boost|p2b: Dark Void X|spd|2\n|-unboost|p2b: Dark Void X|atk|1\n|upkeep\n|turn|15\n|l| HildaVGC's\n|\n|t:|1775598609\n|switch|p2a: Notorious CSR|Calyrex-Shadow, L50|100/100\n|-ability|p2a: Notorious CSR|As One\n|-ability|p2a: Notorious CSR|Unnerve\n|cant|p1b: Calyrex|slp\n|move|p2b: Dark Void X|Wide Guard||[still]\n|-fail|p2b: Dark Void X\n|\n|-heal|p1b: Calyrex|38/100 slp|[from] item: Leftovers\n|-ability|p2b: Dark Void X|Moody|boost\n|-boost|p2b: Dark Void X|spa|2\n|-unboost|p2b: Dark Void X|def|1\n|upkeep\n|turn|16\n|-message|jiaco5 forfeited.\n|\n|win|KaiMVGC\n|raw|jiaco5's rating: 1456 &rarr; <strong>1442</strong><br />(-14 for losing)\n|raw|KaiMVGC's rating: 1564 &rarr; <strong>1578</strong><br />(+14 for winning)\n|l|\u203djiaco5\n|player|p1|\n|l|\u2606KaiMVGC\n|player|p2|\n","uploadtime":1775598770,"views":7,"formatid":"gen9vgc2026regi","rating":1442,"private":0,"password":null}