{"id":"gen9vgc2026regi-2564557186","format":"[Gen 9] VGC 2026 Reg I","players":["TheManOfSausage","mojaaa"],"log":"|j|\u2606TheManOfSausage\n|j|\u2606mojaaa\n|t:|1774163384\n|gametype|doubles\n|player|p1|TheManOfSausage|miku-water|1462\n|player|p2|mojaaa|169|1462\n|gen|9\n|tier|[Gen 9] VGC 2026 Reg I\n|rated|\n|rule|Species Clause: Limit one of each Pok\u00e9mon\n|rule|Item Clause: Limit 1 of each item\n|clearpoke\n|poke|p1|Calyrex-Shadow, L50|\n|poke|p1|Koraidon, L50|\n|poke|p1|Weezing-Galar, L50, M|\n|poke|p1|Brute Bonnet, L50|\n|poke|p1|Chi-Yu, L50|\n|poke|p1|Raging Bolt, L50|\n|poke|p2|Calyrex-Ice, L50|\n|poke|p2|Grimmsnarl, L50, M|\n|poke|p2|Incineroar, L50, M|\n|poke|p2|Rillaboom, L50, F|\n|poke|p2|Miraidon, L50|\n|poke|p2|Annihilape, L50, F|\n|teampreview|4\nTheManOfSausage has agreed to open team sheets.\n|\n|t:|1774163416\n|teamsize|p1|4\n|teamsize|p2|4\n|start\n|switch|p1a: Rice Shower|Calyrex-Shadow, L50|100/100\n|switch|p1b: Weezing|Weezing-Galar, L50, M|100/100\n|switch|p2a: Calyrex|Calyrex-Ice, L50|100/100\n|switch|p2b: Annihilape|Annihilape, L50, F|100/100\n|-ability|p1b: Weezing|Neutralizing Gas\n|-ability|p1a: Rice Shower|As One\n|-ability|p1a: Rice Shower|Unnerve\n|-ability|p2a: Calyrex|As One\n|-ability|p2a: Calyrex|Unnerve\n|turn|1\n|\n|t:|1774163449\n|move|p1b: Weezing|Protect|p1b: Weezing\n|-singleturn|p1b: Weezing|Protect\n|move|p2a: Calyrex|Protect|p2a: Calyrex\n|-singleturn|p2a: Calyrex|Protect\n|move|p1a: Rice Shower|Astral Barrage|p2a: Calyrex|[spread] p2b\n|-activate|p2a: Calyrex|move: Protect\n|-supereffective|p2b: Annihilape\n|-enditem|p2b: Annihilape|Focus Sash\n|-damage|p2b: Annihilape|1/100\n|move|p2b: Annihilape|Rage Fist|p1a: Rice Shower\n|-supereffective|p1a: Rice Shower\n|-enditem|p1a: Rice Shower|Focus Sash\n|-damage|p1a: Rice Shower|1/100\n|\n|upkeep\n|turn|2\n|\n|t:|1774163481\n|-end|p1b: Weezing|ability: Neutralizing Gas\n|switch|p1b: Koraidon|Koraidon, L50|100/100\n|-weather|SunnyDay|[from] ability: Orichalcum Pulse|[of] p1b: Koraidon\n|-activate|p1b: Koraidon|Orichalcum Pulse|[source]\n|-terastallize|p2a: Calyrex|Fairy\n|move|p1a: Rice Shower|Encore|p2a: Calyrex\n|-start|p2a: Calyrex|Encore\n|move|p2b: Annihilape|Taunt|p1b: Koraidon\n|-start|p1b: Koraidon|move: Taunt\n|move|p2a: Calyrex|Protect||[still]\n|-fail|p2a: Calyrex\n|\n|-weather|SunnyDay|[upkeep]\n|upkeep\n|turn|3\n|\n|t:|1774163502\n|switch|p1b: Chi-Yu|Chi-Yu, L50|100/100\n|-ability|p1b: Chi-Yu|Beads of Ruin\n|switch|p2a: Incineroar|Incineroar, L50, M|100/100\n|-ability|p2a: Incineroar|Intimidate|boost\n|-unboost|p1a: Rice Shower|atk|1\n|-unboost|p1b: Chi-Yu|atk|1\n|move|p1a: Rice Shower|Astral Barrage|p2b: Annihilape|[spread] p2a,p2b\n|-resisted|p2a: Incineroar\n|-supereffective|p2b: Annihilape\n|-damage|p2a: Incineroar|74/100\n|-damage|p2b: Annihilape|0 fnt\n|faint|p2b: Annihilape\n|-ability|p1a: Rice Shower|Grim Neigh|boost\n|-boost|p1a: Rice Shower|spa|1\n|\n|-weather|SunnyDay|[upkeep]\n|upkeep\n|\n|t:|1774163518\n|switch|p2b: Miraidon|Miraidon, L50|100/100\n|-fieldstart|move: Electric Terrain|[from] ability: Hadron Engine|[of] p2b: Miraidon\n|turn|4\n|\n|t:|1774163542\n|move|p1a: Rice Shower|Protect|p1a: Rice Shower\n|-singleturn|p1a: Rice Shower|Protect\n|move|p2a: Incineroar|Fake Out|p1b: Chi-Yu\n|-damage|p1b: Chi-Yu|82/100\n|move|p2b: Miraidon|Electro Drift|p1a: Rice Shower\n|-activate|p1a: Rice Shower|move: Protect\n|cant|p1b: Chi-Yu|flinch\n|\n|-weather|SunnyDay|[upkeep]\n|upkeep\n|turn|5\n|\n|t:|1774163566\n|move|p1a: Rice Shower|Protect|p1a: Rice Shower\n|-singleturn|p1a: Rice Shower|Protect\n|move|p2b: Miraidon|Electro Drift|p1a: Rice Shower\n|-activate|p1a: Rice Shower|move: Protect\n|move|p1b: Chi-Yu|Heat Wave|p2b: Miraidon|[spread] p2a,p2b\n|-resisted|p2a: Incineroar\n|-resisted|p2b: Miraidon\n|-damage|p2a: Incineroar|41/100\n|-damage|p2b: Miraidon|66/100\n|-status|p2b: Miraidon|brn\n|move|p2a: Incineroar|Parting Shot|p1b: Chi-Yu\n|-unboost|p1b: Chi-Yu|atk|1\n|-unboost|p1b: Chi-Yu|spa|1\n|\n|t:|1774163580\n|switch|p2a: Calyrex|Calyrex-Ice, L50, tera:Fairy|100/100|[from] Parting Shot\n|-ability|p2a: Calyrex|As One\n|-ability|p2a: Calyrex|Unnerve\n|\n|-weather|SunnyDay|[upkeep]\n|-damage|p2b: Miraidon|59/100 brn|[from] brn\n|upkeep\n|turn|6\n|\n|t:|1774163591\n|move|p2b: Miraidon|Electro Drift|p1a: Rice Shower\n|-damage|p1a: Rice Shower|0 fnt\n|faint|p1a: Rice Shower\n|move|p1b: Chi-Yu|Heat Wave|p2a: Calyrex|[spread] p2a,p2b\n|-resisted|p2b: Miraidon\n|-damage|p2a: Calyrex|64/100\n|-damage|p2b: Miraidon|37/100 brn\n|move|p2a: Calyrex|Trick Room|p2a: Calyrex\n|-fieldstart|move: Trick Room|[of] p2a: Calyrex\n|\n|-weather|none\n|-heal|p2a: Calyrex|69/100|[from] item: Leftovers\n|-damage|p2b: Miraidon|31/100 brn|[from] brn\n|upkeep\n|\n|t:|1774163598\n|switch|p1a: Weezing|Weezing-Galar, L50, M|100/100\n|-ability|p1a: Weezing|Neutralizing Gas\n|turn|7\n|\n|t:|1774163619\n|switch|p2b: Incineroar|Incineroar, L50, M|41/100\n|move|p2a: Calyrex|Leech Seed|p1a: Weezing\n|-start|p1a: Weezing|move: Leech Seed\n|move|p1a: Weezing|Sludge Bomb|p2a: Calyrex\n|-supereffective|p2a: Calyrex\n|-damage|p2a: Calyrex|34/100\n|move|p1b: Chi-Yu|Heat Wave|p2b: Incineroar|[spread] p2a,p2b\n|-resisted|p2b: Incineroar\n|-damage|p2a: Calyrex|16/100\n|-damage|p2b: Incineroar|31/100\n|\n|-heal|p2a: Calyrex|21/100|[from] item: Leftovers\n|-damage|p1a: Weezing|88/100|[from] Leech Seed|[of] p2a: Calyrex\n|-heal|p2a: Calyrex|32/100|[silent]\n|upkeep\n|turn|8\n|\n|t:|1774163637\n|move|p2b: Incineroar|Fake Out|p1b: Chi-Yu\n|-damage|p1b: Chi-Yu|65/100\n|move|p2a: Calyrex|Glacial Lance|p1a: Weezing|[spread] p1a,p1b\n|-resisted|p1b: Chi-Yu\n|-damage|p1a: Weezing|47/100\n|-damage|p1b: Chi-Yu|15/100\n|move|p1a: Weezing|Sludge Bomb|p2a: Calyrex\n|-supereffective|p2a: Calyrex\n|-damage|p2a: Calyrex|0 fnt\n|faint|p2a: Calyrex\n|cant|p1b: Chi-Yu|flinch\n|\n|-fieldend|move: Electric Terrain\n|upkeep\n|\n|t:|1774163651\n|switch|p2a: Miraidon|Miraidon, L50|31/100 brn\n|turn|9\n|\n|t:|1774163659\n|move|p2b: Incineroar|Knock Off|p1a: Weezing\n|-resisted|p1a: Weezing\n|-damage|p1a: Weezing|35/100\n|-damage|p2b: Incineroar|14/100|[from] item: Rocky Helmet|[of] p1a: Weezing\n|-enditem|p1a: Weezing|Rocky Helmet|[from] move: Knock Off|[of] p2b: Incineroar\n|move|p1a: Weezing|Sludge Bomb|p2a: Miraidon\n|-damage|p2a: Miraidon|7/100 brn\n|move|p1b: Chi-Yu|Heat Wave|p2b: Incineroar|[spread] p2a,p2b\n|-resisted|p2a: Miraidon\n|-resisted|p2b: Incineroar\n|-damage|p2a: Miraidon|0 fnt\n|-damage|p2b: Incineroar|4/100\n|faint|p2a: Miraidon\n|\n|upkeep\n|turn|10\n|c|\u2606TheManOfSausage|gg\n|-message|mojaaa forfeited.\n|\n|win|TheManOfSausage\n|raw|TheManOfSausage's rating: 1462 &rarr; <strong>1482</strong><br />(+20 for winning)\n|raw|mojaaa's rating: 1462 &rarr; <strong>1442</strong><br />(-20 for losing)\n|l|\u2606mojaaa\n|player|p2|\n|l|\u2606TheManOfSausage\n|player|p1|\n","uploadtime":1774163908,"views":9,"formatid":"gen9vgc2026regi","rating":1442,"private":0,"password":null}