{"id":"gen9vgc2026regi-2559519241","format":"[Gen 9] VGC 2026 Reg I","players":["Aboogaboogaboo","chenxiangruxie"],"log":"|j|\u2606Aboogaboogaboo\n|j|\u2606chenxiangruxie\n|t:|1773581104\n|gametype|doubles\n|player|p1|Aboogaboogaboo|veteran|1231\n|player|p2|chenxiangruxie|dawn-gen4pt|1340\n|gen|9\n|tier|[Gen 9] VGC 2026 Reg I\n|rated|\n|rule|Species Clause: Limit one of each Pok\u00e9mon\n|rule|Item Clause: Limit 1 of each item\n|clearpoke\n|poke|p1|Calyrex-Ice, L50|\n|poke|p1|Kyogre, L50|\n|poke|p1|Thundurus, L50, M|\n|poke|p1|Grimmsnarl, L50, M|\n|poke|p1|Weezing, L50, M|\n|poke|p1|Basculegion, L50, M|\n|poke|p2|Zacian-*, L50|\n|poke|p2|Raging Bolt, L50|\n|poke|p2|Tornadus, L50, M|\n|poke|p2|Chien-Pao, L50|\n|poke|p2|Kyogre, L50|\n|poke|p2|Grimmsnarl, L50, M|\n|teampreview|4\n|inactive|Battle timer is ON: inactive players will automatically lose when time's up. (requested by Aboogaboogaboo)\n|inactive|chenxiangruxie has 60 seconds left.\n|\n|t:|1773581136\n|teamsize|p1|4\n|teamsize|p2|4\n|start\n|switch|p1a: Thundurus|Thundurus, L50, M|100/100\n|switch|p1b: Grimmsnarl|Grimmsnarl, L50, M|100/100\n|switch|p2a: Kyogre|Kyogre, L50|100/100\n|switch|p2b: Grimmsnarl|Grimmsnarl, L50, M|100/100\n|-weather|RainDance|[from] ability: Drizzle|[of] p2a: Kyogre\n|turn|1\n|\n|t:|1773581149\n|move|p2b: Grimmsnarl|Fake Out|p1a: Thundurus\n|-damage|p1a: Thundurus|86/100\n|move|p1a: Thundurus|Eerie Impulse|p2a: Kyogre\n|-unboost|p2a: Kyogre|spa|2\n|move|p1b: Grimmsnarl|Light Screen|p1b: Grimmsnarl\n|-sidestart|p1: Aboogaboogaboo|move: Light Screen\n|move|p2a: Kyogre|Water Spout|p1b: Grimmsnarl|[spread] p1a,p1b\n|-damage|p1a: Thundurus|32/100\n|-damage|p1b: Grimmsnarl|53/100\n|\n|-weather|RainDance|[upkeep]\n|upkeep\n|turn|2\n|\n|t:|1773581171\n|switch|p2a: Chien-Pao|Chien-Pao, L50|100/100\n|-ability|p2a: Chien-Pao|Sword of Ruin\n|move|p1a: Thundurus|Eerie Impulse|p2a: Chien-Pao\n|-hint|Since gen 7, Dark is immune to Prankster moves.\n|-immune|p2a: Chien-Pao\n|move|p2b: Grimmsnarl|False Surrender|p1a: Thundurus\n|-damage|p1a: Thundurus|0 fnt\n|faint|p1a: Thundurus\n|move|p1b: Grimmsnarl|Spirit Break|p2b: Grimmsnarl\n|-supereffective|p2b: Grimmsnarl\n|-damage|p2b: Grimmsnarl|0 fnt\n|faint|p2b: Grimmsnarl\n|\n|-weather|RainDance|[upkeep]\n|upkeep\n|\n|t:|1773581188\n|switch|p1a: Kyogre|Kyogre, L50|100/100\n|switch|p2b: Kyogre|Kyogre, L50|100/100\n|turn|3\n|\n|t:|1773581207\n|-terastallize|p2b: Kyogre|Ground\n|move|p2a: Chien-Pao|Sucker Punch||[still]\n|-fail|p2a: Chien-Pao\n|move|p2b: Kyogre|Thunder|p1a: Kyogre\n|-supereffective|p1a: Kyogre\n|-damage|p1a: Kyogre|32/100\n|move|p1a: Kyogre|Calm Mind|p1a: Kyogre\n|-boost|p1a: Kyogre|spa|1\n|-boost|p1a: Kyogre|spd|1\n|move|p1b: Grimmsnarl|Spirit Break|p2b: Kyogre\n|-damage|p2b: Kyogre|56/100\n|-unboost|p2b: Kyogre|spa|1\n|\n|-weather|RainDance|[upkeep]\n|upkeep\n|turn|4\n|inactive|chenxiangruxie has 30 seconds left.\n|\n|t:|1773581236\n|switch|p2b: Raging Bolt|Raging Bolt, L50|100/100\n|-terastallize|p1a: Kyogre|Grass\n|move|p1b: Grimmsnarl|Reflect|p1b: Grimmsnarl\n|-sidestart|p1: Aboogaboogaboo|Reflect\n|move|p2a: Chien-Pao|Ice Spinner|p1b: Grimmsnarl\n|-damage|p1b: Grimmsnarl|10/100\n|move|p1a: Kyogre|Origin Pulse|p2b: Raging Bolt|[spread] p2a\n|-miss|p1a: Kyogre|p2b: Raging Bolt\n|-damage|p2a: Chien-Pao|0 fnt\n|faint|p2a: Chien-Pao\n|\n|-weather|RainDance|[upkeep]\n|upkeep\n|\n|t:|1773581248\n|switch|p2a: Kyogre|Kyogre, L50, tera:Ground|56/100\n|turn|5\n|\n|t:|1773581263\n|move|p2b: Raging Bolt|Thunderclap||[still]\n|-fail|p2b: Raging Bolt\n|move|p1a: Kyogre|Calm Mind|p1a: Kyogre\n|-boost|p1a: Kyogre|spa|1\n|-boost|p1a: Kyogre|spd|1\n|move|p2a: Kyogre|Origin Pulse|p1a: Kyogre|[spread] p1a,p1b\n|-resisted|p1a: Kyogre\n|-damage|p1a: Kyogre|19/100\n|-damage|p1b: Grimmsnarl|0 fnt\n|faint|p1b: Grimmsnarl\n|\n|-weather|none\n|upkeep\n|\n|t:|1773581271\n|switch|p1b: Calyrex|Calyrex-Ice, L50|100/100\n|-ability|p1b: Calyrex|As One\n|-ability|p1b: Calyrex|Unnerve\n|turn|6\n|\n|t:|1773581279\n|move|p2a: Kyogre|Origin Pulse|p1a: Kyogre|[spread] p1b\n|-miss|p2a: Kyogre|p1a: Kyogre\n|-damage|p1b: Calyrex|68/100\n|move|p1a: Kyogre|Origin Pulse|p2b: Raging Bolt|[spread] p2a,p2b\n|-supereffective|p2a: Kyogre\n|-resisted|p2b: Raging Bolt\n|-damage|p2a: Kyogre|0 fnt\n|-damage|p2b: Raging Bolt|49/100\n|faint|p2a: Kyogre\n|move|p2b: Raging Bolt|Draco Meteor|p1b: Calyrex\n|-damage|p1b: Calyrex|21/100\n|-unboost|p2b: Raging Bolt|spa|2\n|-damage|p2b: Raging Bolt|39/100|[from] item: Life Orb\n|move|p1b: Calyrex|Glacial Lance|p2b: Raging Bolt\n|-supereffective|p2b: Raging Bolt\n|-damage|p2b: Raging Bolt|0 fnt\n|faint|p2b: Raging Bolt\n|-end|p2b: Raging Bolt|Protosynthesis|[silent]\n|\n|win|Aboogaboogaboo\n|raw|Aboogaboogaboo's rating: 1231 &rarr; <strong>1264</strong><br />(+33 for winning)\n|raw|chenxiangruxie's rating: 1340 &rarr; <strong>1314</strong><br />(-26 for losing)\n|l|\u2606chenxiangruxie\n|player|p2|\n|l|\u2606Aboogaboogaboo\n|player|p1|\n","uploadtime":1773581528,"views":11,"formatid":"gen9vgc2026regi","rating":1264,"private":0,"password":null}