{"id":"gen9vgc2026regi-2547031019","format":"[Gen 9] VGC 2026 Reg I","players":["JoJolion06","jepeg"],"log":"|j|\u2606JoJolion06\n|j|\u2606jepeg\n|t:|1772040322\n|gametype|doubles\n|player|p1|JoJolion06|n|1138\n|player|p2|jepeg|beauty-gen4dp|1239\n|gen|9\n|tier|[Gen 9] VGC 2026 Reg I\n|rated|\n|rule|Species Clause: Limit one of each Pok\u00e9mon\n|rule|Item Clause: Limit 1 of each item\n|clearpoke\n|poke|p1|Sylveon, L50, F|\n|poke|p1|Miraidon, L50|\n|poke|p1|Iron Valiant, L50|\n|poke|p1|Terapagos, L50, M|\n|poke|p1|Raging Bolt, L50|\n|poke|p1|Grimmsnarl, L50, M|\n|poke|p2|Calyrex-Shadow, L50|\n|poke|p2|Oranguru, L50, F|\n|poke|p2|Miraidon, L50|\n|poke|p2|Ogerpon-Hearthflame, L50, F|\n|poke|p2|Bruxish, L50, F|\n|poke|p2|Torkoal, L50, F|\n|teampreview|4\n|inactive|Battle timer is ON: inactive players will automatically lose when time's up. (requested by JoJolion06)\n|\n|t:|1772040350\n|teamsize|p1|4\n|teamsize|p2|4\n|start\n|switch|p1a: Terapagos|Terapagos, L50, M|100/100\n|switch|p1b: Grimmsnarl|Grimmsnarl, L50, M, shiny|100/100\n|switch|p2a: Calyrex|Calyrex-Shadow, L50|100/100\n|switch|p2b: Bruxish|Bruxish, L50, F, shiny|100/100\n|-activate|p1a: Terapagos|ability: Tera Shift\n|detailschange|p1a: Terapagos|Terapagos-Terastal, L50, M\n|-heal|p1a: Terapagos|100/100|[silent]\n|-ability|p2a: Calyrex|As One\n|-ability|p2a: Calyrex|Unnerve\n|turn|1\n|inactive|jepeg has 30 seconds left.\n|\n|t:|1772040375\n|-terastallize|p2a: Calyrex|Fire\n|move|p1b: Grimmsnarl|Light Screen|p1b: Grimmsnarl\n|-sidestart|p1: JoJolion06|move: Light Screen\n|move|p2b: Bruxish|Surf|p1a: Terapagos|[spread] p2a,p1a,p1b\n|-supereffective|p2a: Calyrex\n|-activate|p1a: Terapagos|ability: Tera Shell\n|-resisted|p1a: Terapagos\n|-damage|p2a: Calyrex|72/100\n|-damage|p1a: Terapagos|97/100\n|-damage|p1b: Grimmsnarl|93/100\n|-enditem|p2a: Calyrex|Weakness Policy\n|-boost|p2a: Calyrex|atk|2|[from] item: Weakness Policy\n|-boost|p2a: Calyrex|spa|2|[from] item: Weakness Policy\n|move|p2a: Calyrex|Tera Blast|p1a: Terapagos|[anim] Tera Blast Fire\n|-damage|p1a: Terapagos|40/100\n|move|p1a: Terapagos|Calm Mind|p1a: Terapagos\n|-boost|p1a: Terapagos|spa|1\n|-boost|p1a: Terapagos|spd|1\n|\n|-heal|p1a: Terapagos|46/100|[from] item: Leftovers\n|upkeep\n|turn|2\n|inactive|JoJolion06 has 30 seconds left.\n|inactive|jepeg has 30 seconds left.\n|\n|t:|1772040403\n|switch|p2b: Oranguru|Oranguru, L50, F, shiny|100/100\n|move|p1b: Grimmsnarl|Thunder Wave|p2a: Calyrex\n|-status|p2a: Calyrex|par\n|move|p2a: Calyrex|Tera Blast|p1a: Terapagos|[anim] Tera Blast Fire\n|-damage|p1a: Terapagos|12/100\n|move|p1a: Terapagos|Calm Mind|p1a: Terapagos\n|-boost|p1a: Terapagos|spa|1\n|-boost|p1a: Terapagos|spd|1\n|\n|-heal|p1a: Terapagos|18/100|[from] item: Leftovers\n|upkeep\n|turn|3\n|\n|t:|1772040423\n|-terastallize|p1a: Terapagos|Stellar\n|detailschange|p1a: Terapagos|Terapagos-Stellar, L50, M, tera:Stellar\n|-heal|p1a: Terapagos|38/100|[silent]\n|move|p1b: Grimmsnarl|Thunder Wave|p2b: Oranguru\n|-status|p2b: Oranguru|par\n|move|p2a: Calyrex|Tera Blast|p1a: Terapagos|[anim] Tera Blast Fire\n|-crit|p1a: Terapagos\n|-damage|p1a: Terapagos|0 fnt\n|faint|p1a: Terapagos\n|detailschange|p1: Terapagos|Terapagos, L50, M|[silent]\n|-ability|p2a: Calyrex|Grim Neigh|boost\n|-boost|p2a: Calyrex|spa|1\n|cant|p2b: Oranguru|par\n|\n|upkeep\n|\n|t:|1772040438\n|switch|p1a: Miraidon|Miraidon, L50, shiny|100/100\n|-fieldstart|move: Electric Terrain|[from] ability: Hadron Engine|[of] p1a: Miraidon\n|turn|4\n|\n|t:|1772040449\n|move|p1b: Grimmsnarl|Reflect|p1b: Grimmsnarl\n|-sidestart|p1: JoJolion06|Reflect\n|move|p1a: Miraidon|Electro Drift|p2a: Calyrex\n|-damage|p2a: Calyrex|0 fnt\n|faint|p2a: Calyrex\n|move|p2b: Oranguru|Trick Room|p2b: Oranguru\n|-fieldstart|move: Trick Room|[of] p2b: Oranguru\n|\n|upkeep\n|\n|t:|1772040457\n|switch|p2a: Torkoal|Torkoal, L50, F|100/100\n|-weather|SunnyDay|[from] ability: Drought|[of] p2a: Torkoal\n|turn|5\n|\n|t:|1772040466\n|move|p1b: Grimmsnarl|Thunder Wave|p2a: Torkoal\n|-status|p2a: Torkoal|par\n|move|p2a: Torkoal|Eruption|p1b: Grimmsnarl|[spread] p1a,p1b\n|-resisted|p1a: Miraidon\n|-damage|p1a: Miraidon|67/100\n|-damage|p1b: Grimmsnarl|41/100\n|move|p2b: Oranguru|Instruct|p2a: Torkoal\n|-singleturn|p2a: Torkoal|move: Instruct|[of] p2b: Oranguru\n|cant|p2a: Torkoal|par\n|move|p1a: Miraidon|Electro Drift|p2a: Torkoal\n|-damage|p2a: Torkoal|0 fnt\n|faint|p2a: Torkoal\n|\n|-weather|SunnyDay|[upkeep]\n|upkeep\n|\n|t:|1772040480\n|switch|p2a: Bruxish|Bruxish, L50, F, shiny|100/100\n|turn|6\n|-message|jepeg forfeited.\n|\n|win|JoJolion06\n|raw|JoJolion06's rating: 1138 &rarr; <strong>1170</strong><br />(+32 for winning)\n|raw|jepeg's rating: 1239 &rarr; <strong>1207</strong><br />(-32 for losing)\n|l|\u2606jepeg\n|player|p2|\n","uploadtime":1772040495,"views":16,"formatid":"gen9vgc2026regi","rating":1170,"private":0,"password":null}