{"id":"gen9vgc2026regi-2588977043","format":"[Gen 9] VGC 2026 Reg I","players":["aburntnugget","24kpure"],"log":"|j|\u203daburntnugget\n|j|\u260624kpure\n|t:|1776691035\n|gametype|doubles\n|player|p1|aburntnugget|170|1390\n|player|p2|24kpure|2|1533\n|gen|9\n|tier|[Gen 9] VGC 2026 Reg I\n|rated|\n|rule|Species Clause: Limit one of each Pok\u00e9mon\n|rule|Item Clause: Limit 1 of each item\n|clearpoke\n|poke|p1|Calyrex-Ice, L50|\n|poke|p1|Lunala, L50|\n|poke|p1|Hatterene, L50, F|\n|poke|p1|Torkoal, L50, M|\n|poke|p1|Ursaluna, L50, M|\n|poke|p1|Whimsicott, L50, M|\n|poke|p2|Muk-Alola, L50, M|\n|poke|p2|Smeargle, L50, M|\n|poke|p2|Rillaboom, L50, F|\n|poke|p2|Flamigo, L50, M|\n|poke|p2|Koraidon, L50|\n|poke|p2|Incineroar, L50, M|\n|teampreview|4\n|inactive|Battle timer is ON: inactive players will automatically lose when time's up. (requested by aburntnugget)\n|\n|t:|1776691057\n|teamsize|p1|4\n|teamsize|p2|4\n|start\n|switch|p1a: Calyrex|Calyrex-Ice, L50|100/100\n|switch|p1b: Lunala|Lunala, L50|100/100\n|switch|p2a: Muk|Muk-Alola, L50, M|100/100\n|switch|p2b: Smeargle|Smeargle, L50, M|100/100\n|-ability|p1a: Calyrex|As One\n|-ability|p1a: Calyrex|Unnerve\n|turn|1\n|inactive|aburntnugget has 30 seconds left.\n|\n|t:|1776691088\n|move|p2b: Smeargle|Spore|p1a: Calyrex\n|-status|p1a: Calyrex|slp|[from] move: Spore\n|move|p2a: Muk|Minimize|p2a: Muk\n|-boost|p2a: Muk|evasion|2\n|cant|p1a: Calyrex|slp\n|move|p1b: Lunala|Trick Room|p1b: Lunala\n|-fieldstart|move: Trick Room|[of] p1b: Lunala\n|\n|-ability|p2b: Smeargle|Moody|boost\n|-boost|p2b: Smeargle|spa|2\n|-unboost|p2b: Smeargle|def|1\n|upkeep\n|turn|2\n|\n|t:|1776691098\n|-terastallize|p1a: Calyrex|Water\n|cant|p1a: Calyrex|slp\n|move|p2a: Muk|Minimize|p2a: Muk\n|-boost|p2a: Muk|evasion|2\n|move|p1b: Lunala|Meteor Beam||[still]\n|-prepare|p1b: Lunala|Meteor Beam\n|-boost|p1b: Lunala|spa|1\n|-enditem|p1b: Lunala|Power Herb\n|-anim|p1b: Lunala|Meteor Beam|p2b: Smeargle\n|-enditem|p2b: Smeargle|Focus Sash\n|-damage|p2b: Smeargle|1/100\n|move|p2b: Smeargle|Spore|p1b: Lunala\n|-status|p1b: Lunala|slp|[from] move: Spore\n|\n|-ability|p2b: Smeargle|Moody|boost\n|-boost|p2b: Smeargle|def|2\n|-unboost|p2b: Smeargle|spa|1\n|upkeep\n|turn|3\n|\n|t:|1776691113\n|switch|p1b: Ursaluna|Ursaluna, L50, M, shiny|100/100\n|move|p2b: Smeargle|Wide Guard|p2b: Smeargle\n|-singleturn|p2b: Smeargle|Wide Guard\n|cant|p1a: Calyrex|slp\n|move|p2a: Muk|Minimize|p2a: Muk\n|-boost|p2a: Muk|evasion|2\n|\n|-status|p1b: Ursaluna|brn|[from] item: Flame Orb\n|-ability|p2b: Smeargle|Moody|boost\n|-boost|p2b: Smeargle|spd|2\n|-unboost|p2b: Smeargle|spa|1\n|upkeep\n|turn|4\n|\n|t:|1776691130\n|move|p2a: Muk|Protect|p2a: Muk\n|-singleturn|p2a: Muk|Protect\n|move|p2b: Smeargle|Wide Guard|p2b: Smeargle\n|-singleturn|p2b: Smeargle|Wide Guard\n|-curestatus|p1a: Calyrex|slp|[msg]\n|move|p1a: Calyrex|Glacial Lance|p2a: Muk|[spread] \n|-activate|p2a: Muk|move: Wide Guard\n|-activate|p2b: Smeargle|move: Wide Guard\n|move|p1b: Ursaluna|Headlong Rush|p2a: Muk\n|-activate|p2a: Muk|move: Protect\n|\n|-damage|p1b: Ursaluna|95/100 brn|[from] brn\n|-ability|p2b: Smeargle|Moody|boost\n|-boost|p2b: Smeargle|spa|2\n|-unboost|p2b: Smeargle|spd|1\n|upkeep\n|turn|5\n|inactive|24kpure has 30 seconds left.\n|inactive|24kpure has 20 seconds left.\n|inactive|24kpure has 15 seconds left.\n|inactive|24kpure has 10 seconds left.\n|\n|t:|1776691177\n|-terastallize|p2a: Muk|Grass\n|move|p2b: Smeargle|Wide Guard|p2b: Smeargle\n|-singleturn|p2b: Smeargle|Wide Guard\n|move|p1b: Ursaluna|Headlong Rush|p2a: Muk|[miss]\n|-miss|p1b: Ursaluna|p2a: Muk\n|move|p1a: Calyrex|High Horsepower|p2a: Muk|[miss]\n|-miss|p1a: Calyrex|p2a: Muk\n|move|p2a: Muk|Toxic|p1a: Calyrex\n|-status|p1a: Calyrex|tox\n|\n|-damage|p1a: Calyrex|95/100 tox|[from] psn\n|-damage|p1b: Ursaluna|89/100 brn|[from] brn\n|-fieldend|move: Trick Room\n|-ability|p2b: Smeargle|Moody|boost\n|-boost|p2b: Smeargle|spd|2\n|-unboost|p2b: Smeargle|spa|1\n|upkeep\n|turn|6\n|inactive|24kpure has 30 seconds left.\n|inactive|24kpure has 20 seconds left.\n|\n|t:|1776691214\n|move|p2b: Smeargle|Follow Me|p2b: Smeargle\n|-singleturn|p2b: Smeargle|move: Follow Me\n|move|p2a: Muk|Knock Off|p1b: Ursaluna\n|-damage|p1b: Ursaluna|64/100 brn\n|-enditem|p1b: Ursaluna|Flame Orb|[from] move: Knock Off|[of] p2a: Muk\n|move|p1b: Ursaluna|Facade|p2b: Smeargle\n|-damage|p2b: Smeargle|0 fnt\n|faint|p2b: Smeargle\n|-ability|p2a: Muk|Moody|Power of Alchemy|[from] ability: Power of Alchemy|[of] p2b: Smeargle\n|move|p1a: Calyrex|Glacial Lance|p2a: Muk|[miss]\n|-miss|p1a: Calyrex|p2a: Muk\n|\n|-damage|p1a: Calyrex|83/100 tox|[from] psn\n|-damage|p1b: Ursaluna|58/100 brn|[from] brn\n|-ability|p2a: Muk|Moody|boost\n|-boost|p2a: Muk|spd|2\n|-unboost|p2a: Muk|spa|1\n|upkeep\n|\n|t:|1776691226\n|switch|p2b: Incineroar|Incineroar, L50, M|100/100\n|-ability|p2b: Incineroar|Intimidate|boost\n|-fail|p1a: Calyrex|unboost|[from] item: Clear Amulet|[of] p1a: Calyrex\n|-unboost|p1b: Ursaluna|atk|1\n|turn|7\n|\n|t:|1776691237\n|move|p1b: Ursaluna|Protect|p1b: Ursaluna\n|-singleturn|p1b: Ursaluna|Protect\n|move|p2b: Incineroar|Fake Out|p1a: Calyrex\n|-damage|p1a: Calyrex|77/100 tox\n|move|p2a: Muk|Knock Off|p1a: Calyrex\n|-damage|p1a: Calyrex|56/100 tox\n|-enditem|p1a: Calyrex|Clear Amulet|[from] move: Knock Off|[of] p2a: Muk\n|cant|p1a: Calyrex|flinch\n|\n|-damage|p1a: Calyrex|38/100 tox|[from] psn\n|-damage|p1b: Ursaluna|53/100 brn|[from] brn\n|-ability|p2a: Muk|Moody|boost\n|-boost|p2a: Muk|atk|2\n|-unboost|p2a: Muk|def|1\n|upkeep\n|turn|8\n|inactive|24kpure has 30 seconds left.\n|\n|t:|1776691262\n|move|p2a: Muk|Protect|p2a: Muk\n|-singleturn|p2a: Muk|Protect\n|move|p2b: Incineroar|Parting Shot|p1a: Calyrex\n|-unboost|p1a: Calyrex|atk|1\n|-unboost|p1a: Calyrex|spa|1\n|\n|t:|1776691267\n|switch|p2b: Flamigo|Flamigo, L50, M|100/100|[from] Parting Shot\n|-copyboost|p2b: Flamigo|p2a: Muk|[from] ability: Costar\n|move|p1b: Ursaluna|Headlong Rush|p2b: Flamigo\n|-immune|p2b: Flamigo\n|move|p1a: Calyrex|Trick Room|p1a: Calyrex\n|-fieldstart|move: Trick Room|[of] p1a: Calyrex\n|\n|-damage|p1a: Calyrex|15/100 tox|[from] psn\n|-damage|p1b: Ursaluna|47/100 brn|[from] brn\n|-ability|p2a: Muk|Moody|boost\n|-boost|p2a: Muk|atk|2\n|-unboost|p2a: Muk|spe|1\n|upkeep\n|turn|9\n|\n|t:|1776691289\n|switch|p2b: Incineroar|Incineroar, L50, M|100/100\n|-ability|p2b: Incineroar|Intimidate|boost\n|-unboost|p1a: Calyrex|atk|1\n|-unboost|p1b: Ursaluna|atk|1\n|move|p2a: Muk|Knock Off|p1b: Ursaluna\n|-damage|p1b: Ursaluna|0 fnt\n|faint|p1b: Ursaluna\n|move|p1a: Calyrex|Glacial Lance|p2b: Incineroar|[spread] p2a,p2b\n|-supereffective|p2a: Muk\n|-resisted|p2b: Incineroar\n|-damage|p2a: Muk|40/100\n|-damage|p2b: Incineroar|89/100\n|\n|-heal|p2a: Muk|46/100|[from] item: Leftovers\n|-damage|p1a: Calyrex|0 fnt|[from] psn\n|faint|p1a: Calyrex\n|-ability|p2a: Muk|Moody|boost\n|-boost|p2a: Muk|spa|2\n|-unboost|p2a: Muk|spd|1\n|upkeep\n|\n|t:|1776691297\n|switch|p1a: Torkoal|Torkoal, L50, M, shiny|100/100\n|switch|p1b: Lunala|Lunala, L50|100/100 slp\n|-weather|SunnyDay|[from] ability: Drought|[of] p1a: Torkoal\n|turn|10\n|\n|t:|1776691317\n|move|p1a: Torkoal|Eruption|p2a: Muk|[spread] p2b\n|-miss|p1a: Torkoal|p2a: Muk\n|-resisted|p2b: Incineroar\n|-damage|p2b: Incineroar|58/100\n|move|p2a: Muk|Knock Off|p1b: Lunala\n|-supereffective|p1b: Lunala\n|-damage|p1b: Lunala|0 fnt\n|faint|p1b: Lunala\n|move|p2b: Incineroar|Knock Off|p1a: Torkoal\n|-damage|p1a: Torkoal|73/100\n|-enditem|p1a: Torkoal|Flame Plate|[from] move: Knock Off|[of] p2b: Incineroar\n|\n|-weather|SunnyDay|[upkeep]\n|-heal|p2a: Muk|52/100|[from] item: Leftovers\n|-ability|p2a: Muk|Moody|boost\n|-boost|p2a: Muk|def|2\n|-unboost|p2a: Muk|spd|1\n|upkeep\n|turn|11\n|\n|t:|1776691340\n|move|p1a: Torkoal|Eruption|p2b: Incineroar|[spread] p2b\n|-miss|p1a: Torkoal|p2a: Muk\n|-resisted|p2b: Incineroar\n|-damage|p2b: Incineroar|39/100\n|move|p2a: Muk|Toxic|p1a: Torkoal|[miss]\n|-miss|p2a: Muk|p1a: Torkoal\n|move|p2b: Incineroar|Parting Shot|p1a: Torkoal\n|-unboost|p1a: Torkoal|atk|1\n|-unboost|p1a: Torkoal|spa|1\n|\n|t:|1776691349\n|switch|p2b: Flamigo|Flamigo, L50, M|100/100|[from] Parting Shot\n|-copyboost|p2b: Flamigo|p2a: Muk|[from] ability: Costar\n|\n|-weather|SunnyDay|[upkeep]\n|-heal|p2a: Muk|59/100|[from] item: Leftovers\n|-ability|p2a: Muk|Moody|boost\n|-boost|p2a: Muk|def|2\n|-unboost|p2a: Muk|spa|1\n|upkeep\n|turn|12\n|\n|t:|1776691353\n|move|p2a: Muk|Protect|p2a: Muk\n|-singleturn|p2a: Muk|Protect\n|move|p2b: Flamigo|Protect|p2b: Flamigo\n|-singleturn|p2b: Flamigo|Protect\n|move|p1a: Torkoal|Heat Wave|p2b: Flamigo|[spread] \n|-activate|p2a: Muk|move: Protect\n|-activate|p2b: Flamigo|move: Protect\n|\n|-weather|SunnyDay|[upkeep]\n|-heal|p2a: Muk|65/100|[from] item: Leftovers\n|-fieldend|move: Trick Room\n|-ability|p2a: Muk|Moody|boost\n|-boost|p2a: Muk|spa|2\n|-unboost|p2a: Muk|spe|1\n|upkeep\n|turn|13\n|\n|t:|1776691367\n|move|p2b: Flamigo|Substitute|p2b: Flamigo\n|-start|p2b: Flamigo|Substitute\n|-damage|p2b: Flamigo|76/100\n|move|p2a: Muk|Toxic|p1a: Torkoal\n|-status|p1a: Torkoal|tox\n|move|p1a: Torkoal|Heat Wave|p2b: Flamigo|[spread] \n|-miss|p1a: Torkoal|p2a: Muk\n|-miss|p1a: Torkoal|p2b: Flamigo\n|\n|-weather|SunnyDay|[upkeep]\n|-heal|p2a: Muk|71/100|[from] item: Leftovers\n|-damage|p1a: Torkoal|67/100 tox|[from] psn\n|-ability|p2a: Muk|Moody|boost\n|-boost|p2a: Muk|def|2\n|-unboost|p2a: Muk|atk|1\n|upkeep\n|turn|14\n|-message|aburntnugget forfeited.\n|\n|win|24kpure\n|raw|aburntnugget's rating: 1390 &rarr; <strong>1378</strong><br />(-12 for losing)\n|raw|24kpure's rating: 1533 &rarr; <strong>1545</strong><br />(+12 for winning)\n|l|\u203daburntnugget\n|player|p1|\n|c|\u260624kpure|Heat Wave!\n|l|\u260624kpure\n|player|p2|\n","uploadtime":1776691625,"views":7,"formatid":"gen9vgc2026regi","rating":1378,"private":0,"password":null}