{"id":"gen9vgc2026regi-2567110739","format":"[Gen 9] VGC 2026 Reg I","players":["stundamba","hdhsjsko"],"log":"|j|\u2606stundamba\n|j|\u2606hdhsjsko\n|t:|1774449914\n|gametype|doubles\n|player|p1|stundamba|hiker-gen4|1383\n|player|p2|hdhsjsko|backpacker|1416\n|gen|9\n|tier|[Gen 9] VGC 2026 Reg I\n|rated|\n|rule|Species Clause: Limit one of each Pok\u00e9mon\n|rule|Item Clause: Limit 1 of each item\n|clearpoke\n|poke|p1|Calyrex-Shadow, L50|\n|poke|p1|Zamazenta-*, L50|\n|poke|p1|Chien-Pao, L50|\n|poke|p1|Dragonite, L50, F|\n|poke|p1|Raging Bolt, L50|\n|poke|p1|Amoonguss, L50, F|\n|poke|p2|Eternatus, L50|\n|poke|p2|Calyrex-Ice, L50|\n|poke|p2|Sinistcha, L50|\n|poke|p2|Annihilape, L50, F|\n|poke|p2|Electabuzz, L50, F|\n|poke|p2|Grimmsnarl, L50, M|\n|teampreview|4\n|\n|t:|1774449947\n|teamsize|p1|4\n|teamsize|p2|4\n|start\n|switch|p1a: Zamazenta|Zamazenta-Crowned, L50|100/100\n|switch|p1b: Calyrex|Calyrex-Shadow, L50|100/100\n|switch|p2a: Eternatus|Eternatus, L50|100/100\n|switch|p2b: Grimmsnarl|Grimmsnarl, L50, M|100/100\n|-ability|p1b: Calyrex|As One\n|-ability|p1b: Calyrex|Unnerve\n|-ability|p2a: Eternatus|Pressure\n|-ability|p1a: Zamazenta|Dauntless Shield|boost\n|-boost|p1a: Zamazenta|def|1\n|turn|1\n|\n|t:|1774449969\n|move|p2b: Grimmsnarl|Light Screen|p2b: Grimmsnarl\n|-sidestart|p2: hdhsjsko|move: Light Screen\n|move|p1b: Calyrex|Astral Barrage|p2b: Grimmsnarl|[spread] p2a,p2b\n|-crit|p2a: Eternatus\n|-resisted|p2b: Grimmsnarl\n|-damage|p2a: Eternatus|42/100\n|-damage|p2b: Grimmsnarl|87/100\n|move|p2a: Eternatus|Cosmic Power|p2a: Eternatus\n|-boost|p2a: Eternatus|def|1\n|-boost|p2a: Eternatus|spd|1\n|move|p1a: Zamazenta|Body Press|p2b: Grimmsnarl\n|-damage|p2b: Grimmsnarl|4/100\n|\n|-heal|p2a: Eternatus|48/100|[from] item: Leftovers\n|upkeep\n|turn|2\n|\n|t:|1774449990\n|move|p2a: Eternatus|Protect|p2a: Eternatus\n|-singleturn|p2a: Eternatus|Protect\n|move|p2b: Grimmsnarl|Reflect|p2b: Grimmsnarl\n|-sidestart|p2: hdhsjsko|Reflect\n|move|p1b: Calyrex|Psychic|p2a: Eternatus\n|-activate|p2a: Eternatus|move: Protect\n|move|p1a: Zamazenta|Body Press|p2b: Grimmsnarl\n|-damage|p2b: Grimmsnarl|0 fnt\n|faint|p2b: Grimmsnarl\n|\n|-heal|p2a: Eternatus|54/100|[from] item: Leftovers\n|upkeep\n|inactive|Battle timer is ON: inactive players will automatically lose when time's up. (requested by hdhsjsko)\n|\n|t:|1774449994\n|switch|p2b: Annihilape|Annihilape, L50, F|100/100\n|turn|3\n|\n|t:|1774450017\n|switch|p1a: Amoonguss|Amoonguss, L50, F|100/100\n|move|p1b: Calyrex|Protect|p1b: Calyrex\n|-singleturn|p1b: Calyrex|Protect\n|move|p2b: Annihilape|Shadow Claw|p1b: Calyrex\n|-activate|p1b: Calyrex|move: Protect\n|move|p2a: Eternatus|Cosmic Power|p2a: Eternatus\n|-boost|p2a: Eternatus|def|1\n|-boost|p2a: Eternatus|spd|1\n|\n|-heal|p2a: Eternatus|60/100|[from] item: Leftovers\n|upkeep\n|turn|4\n|\n|t:|1774450036\n|switch|p2b: Calyrex|Calyrex-Ice, L50|100/100\n|-ability|p2b: Calyrex|As One\n|-ability|p2b: Calyrex|Unnerve\n|-terastallize|p1b: Calyrex|Ghost\n|move|p2a: Eternatus|Protect|p2a: Eternatus\n|-singleturn|p2a: Eternatus|Protect\n|move|p1a: Amoonguss|Rage Powder|p1a: Amoonguss\n|-singleturn|p1a: Amoonguss|move: Rage Powder\n|move|p1b: Calyrex|Astral Barrage|p2b: Calyrex|[spread] p2b\n|-activate|p2a: Eternatus|move: Protect\n|-supereffective|p2b: Calyrex\n|-damage|p2b: Calyrex|33/100\n|\n|-heal|p2a: Eternatus|66/100|[from] item: Leftovers\n|upkeep\n|turn|5\n|\n|t:|1774450052\n|-terastallize|p2a: Eternatus|Fire\n|move|p2b: Calyrex|Protect|p2b: Calyrex\n|-singleturn|p2b: Calyrex|Protect\n|move|p1b: Calyrex|Astral Barrage|p2a: Eternatus|[spread] p2a\n|-activate|p2b: Calyrex|move: Protect\n|-damage|p2a: Eternatus|48/100\n|move|p2a: Eternatus|Flamethrower|p1a: Amoonguss\n|-supereffective|p1a: Amoonguss\n|-damage|p1a: Amoonguss|15/100\n|move|p1a: Amoonguss|Spore|p2a: Eternatus\n|-status|p2a: Eternatus|slp|[from] move: Spore\n|\n|-heal|p2a: Eternatus|54/100 slp|[from] item: Leftovers\n|upkeep\n|turn|6\n|inactive|stundamba has 30 seconds left.\n|\n|t:|1774450081\n|move|p1b: Calyrex|Astral Barrage|p2b: Calyrex|[spread] p2a,p2b\n|-supereffective|p2b: Calyrex\n|-damage|p2a: Eternatus|35/100 slp\n|-damage|p2b: Calyrex|0 fnt\n|faint|p2b: Calyrex\n|-ability|p1b: Calyrex|Grim Neigh|boost\n|-boost|p1b: Calyrex|spa|1\n|cant|p2a: Eternatus|slp\n|move|p1a: Amoonguss|Sludge Bomb|p2a: Eternatus\n|-damage|p2a: Eternatus|28/100 slp\n|\n|-heal|p2a: Eternatus|34/100 slp|[from] item: Leftovers\n|upkeep\n|\n|t:|1774450083\n|switch|p2b: Annihilape|Annihilape, L50, F|100/100\n|turn|7\n|\n|t:|1774450104\n|move|p1a: Amoonguss|Rage Powder|p1a: Amoonguss\n|-singleturn|p1a: Amoonguss|move: Rage Powder\n|move|p2b: Annihilape|Shadow Claw|p1a: Amoonguss\n|-damage|p1a: Amoonguss|0 fnt\n|-damage|p2b: Annihilape|84/100|[from] item: Rocky Helmet|[of] p1a: Amoonguss\n|faint|p1a: Amoonguss\n|move|p1b: Calyrex|Psychic|p2b: Annihilape\n|-supereffective|p2b: Annihilape\n|-damage|p2b: Annihilape|0 fnt\n|faint|p2b: Annihilape\n|-ability|p1b: Calyrex|Grim Neigh|boost\n|-boost|p1b: Calyrex|spa|1\n|-curestatus|p2a: Eternatus|slp|[msg]\n|move|p2a: Eternatus|Flamethrower|p1b: Calyrex\n|-damage|p1b: Calyrex|40/100\n|\n|-heal|p2a: Eternatus|40/100|[from] item: Leftovers\n|upkeep\n|\n|t:|1774450123\n|switch|p1a: Chien-Pao|Chien-Pao, L50|100/100\n|-ability|p1a: Chien-Pao|Sword of Ruin\n|turn|8\n|\n|t:|1774450130\n|move|p1b: Calyrex|Protect|p1b: Calyrex\n|-singleturn|p1b: Calyrex|Protect\n|move|p2a: Eternatus|Protect|p2a: Eternatus\n|-singleturn|p2a: Eternatus|Protect\n|move|p1a: Chien-Pao|Ruination|p2a: Eternatus\n|-activate|p2a: Eternatus|move: Protect\n|\n|-heal|p2a: Eternatus|46/100|[from] item: Leftovers\n|-sideend|p2: hdhsjsko|move: Light Screen\n|upkeep\n|turn|9\n|\n|t:|1774450140\n|move|p1a: Chien-Pao|Sucker Punch|p2a: Eternatus\n|-damage|p2a: Eternatus|35/100\n|move|p1b: Calyrex|Psychic|p2a: Eternatus\n|-damage|p2a: Eternatus|0 fnt\n|faint|p2a: Eternatus\n|\n|win|stundamba\n|raw|stundamba's rating: 1383 &rarr; <strong>1405</strong><br />(+22 for winning)\n|raw|hdhsjsko's rating: 1416 &rarr; <strong>1394</strong><br />(-22 for losing)\n|l|\u2606hdhsjsko\n|player|p2|\n|l|\u2606stundamba\n|player|p1|\n","uploadtime":1774450386,"views":9,"formatid":"gen9vgc2026regi","rating":1394,"private":0,"password":null}