{"id":"gen9vgc2026regi-2573277406","format":"[Gen 9] VGC 2026 Reg I","players":["yumlll","sjysjy"],"log":"|j|\u2606yumlll\n|j|\u2606sjysjy\n|t:|1775113970\n|gametype|doubles\n|player|p1|yumlll|falkner|1135\n|player|p2|sjysjy|265|1165\n|gen|9\n|tier|[Gen 9] VGC 2026 Reg I\n|rated|\n|rule|Species Clause: Limit one of each Pok\u00e9mon\n|rule|Item Clause: Limit 1 of each item\n|clearpoke\n|poke|p1|Zamazenta-*, L50|\n|poke|p1|Kyogre, L50|\n|poke|p1|Amoonguss, L50, F|\n|poke|p1|Raichu, L50, M|\n|poke|p1|Incineroar, L50, M|\n|poke|p1|Scream Tail, L50|\n|poke|p2|Raging Bolt, L50|\n|poke|p2|Chien-Pao, L50|\n|poke|p2|Calyrex-Shadow, L50|\n|poke|p2|Rillaboom, L50, F|\n|poke|p2|Amoonguss, L50, F|\n|poke|p2|Zamazenta-*, L50|\n|teampreview|4\nyumlll has agreed to open team sheets.\n|\n|t:|1775114013\n|teamsize|p1|4\n|teamsize|p2|4\n|start\n|switch|p1a: Zamazenta|Zamazenta-Crowned, L50|100/100\n|switch|p1b: Incineroar|Incineroar, L50, M|100/100\n|switch|p2a: Rillaboom|Rillaboom, L50, F|100/100\n|switch|p2b: Calyrex|Calyrex-Shadow, L50|100/100\n|-ability|p2b: Calyrex|As One\n|-ability|p2b: Calyrex|Unnerve\n|-ability|p1a: Zamazenta|Dauntless Shield|boost\n|-boost|p1a: Zamazenta|def|1\n|-fieldstart|move: Grassy Terrain|[from] ability: Grassy Surge|[of] p2a: Rillaboom\n|-ability|p1b: Incineroar|Intimidate|boost\n|-unboost|p2a: Rillaboom|atk|1\n|-unboost|p2b: Calyrex|atk|1\n|turn|1\n|inactive|Battle timer is ON: inactive players will automatically lose when time's up. (requested by yumlll)\n|\n|t:|1775114030\n|move|p1a: Zamazenta|Wide Guard|p1a: Zamazenta\n|-singleturn|p1a: Zamazenta|Wide Guard\n|move|p2a: Rillaboom|Fake Out|p1b: Incineroar\n|-damage|p1b: Incineroar|92/100\n|move|p2b: Calyrex|Astral Barrage|p1b: Incineroar|[spread] \n|-activate|p1a: Zamazenta|move: Wide Guard\n|-activate|p1b: Incineroar|move: Wide Guard\n|move|p1b: Incineroar|Knock Off|p2b: Calyrex\n|-supereffective|p2b: Calyrex\n|-enditem|p2b: Calyrex|Focus Sash\n|-damage|p2b: Calyrex|1/100\n|\n|-heal|p2b: Calyrex|7/100|[from] Grassy Terrain\n|-heal|p1b: Incineroar|98/100|[from] Grassy Terrain\n|upkeep\n|turn|2\n|\n|t:|1775114053\n|move|p2b: Calyrex|Protect|p2b: Calyrex\n|-singleturn|p2b: Calyrex|Protect\n|move|p1a: Zamazenta|Wide Guard|p1a: Zamazenta\n|-singleturn|p1a: Zamazenta|Wide Guard\n|move|p2a: Rillaboom|U-turn|p1b: Incineroar\n|-damage|p1b: Incineroar|82/100\n|\n|t:|1775114059\n|switch|p2a: Zamazenta|Zamazenta-Crowned, L50|100/100|[from] U-turn\n|-ability|p2a: Zamazenta|Dauntless Shield|boost\n|-boost|p2a: Zamazenta|def|1\n|move|p1b: Incineroar|Flare Blitz|p2b: Calyrex\n|-activate|p2b: Calyrex|move: Protect\n|\n|-heal|p2b: Calyrex|14/100|[from] Grassy Terrain\n|-heal|p1b: Incineroar|88/100|[from] Grassy Terrain\n|upkeep\n|turn|3\n|\n|t:|1775114079\n|move|p1a: Zamazenta|Wide Guard|p1a: Zamazenta\n|-singleturn|p1a: Zamazenta|Wide Guard\n|move|p2b: Calyrex|Encore|p1a: Zamazenta\n|-start|p1a: Zamazenta|Encore\n|move|p2a: Zamazenta|Body Press|p1b: Incineroar\n|-supereffective|p1b: Incineroar\n|-damage|p1b: Incineroar|0 fnt\n|faint|p1b: Incineroar\n|\n|-heal|p2b: Calyrex|20/100|[from] Grassy Terrain\n|upkeep\n|\n|t:|1775114092\n|switch|p1b: Raichu|Raichu, L50, M|100/100\n|turn|4\n|\n|t:|1775114111\n|move|p1a: Zamazenta|Wide Guard|p1a: Zamazenta\n|-singleturn|p1a: Zamazenta|Wide Guard\n|move|p2b: Calyrex|Psychic|p1b: Raichu\n|-damage|p1b: Raichu|5/100\n|-unboost|p1b: Raichu|spd|1\n|move|p2a: Zamazenta|Body Press|p1a: Zamazenta\n|-supereffective|p1a: Zamazenta\n|-damage|p1a: Zamazenta|51/100\n|move|p1b: Raichu|Thunderbolt|p2b: Calyrex\n|-damage|p2b: Calyrex|0 fnt\n|faint|p2b: Calyrex\n|\n|-heal|p1b: Raichu|11/100|[from] Grassy Terrain\n|-heal|p1a: Zamazenta|57/100|[from] Grassy Terrain\n|upkeep\n|\n|t:|1775114123\n|switch|p2b: Rillaboom|Rillaboom, L50, F|100/100\n|turn|5\n|\n|t:|1775114133\n|switch|p1a: Kyogre|Kyogre, L50|100/100\n|-weather|RainDance|[from] ability: Drizzle|[of] p1a: Kyogre\n|move|p1b: Raichu|Protect|p1b: Raichu\n|-singleturn|p1b: Raichu|Protect\n|move|p2b: Rillaboom|Grassy Glide|p1b: Raichu\n|-activate|p1b: Raichu|move: Protect\n|move|p2a: Zamazenta|Body Press|p1a: Kyogre\n|-crit|p1a: Kyogre\n|-damage|p1a: Kyogre|19/100\n|\n|-weather|RainDance|[upkeep]\n|-heal|p1b: Raichu|17/100|[from] Grassy Terrain\n|-heal|p1a: Kyogre|25/100|[from] Grassy Terrain\n|-fieldend|move: Grassy Terrain\n|upkeep\n|turn|6\n|inactive|yumlll has 30 seconds left.\n|\n|t:|1775114158\n|move|p2a: Zamazenta|Body Press|p1a: Kyogre\n|-damage|p1a: Kyogre|0 fnt\n|faint|p1a: Kyogre\n|move|p1b: Raichu|Nuzzle|p2a: Zamazenta\n|-damage|p2a: Zamazenta|97/100\n|-status|p2a: Zamazenta|par\n|move|p2b: Rillaboom|U-turn|p1b: Raichu\n|-damage|p1b: Raichu|0 fnt\n|faint|p1b: Raichu\n|\n|t:|1775114162\n|switch|p2b: Amoonguss|Amoonguss, L50, F|100/100|[from] U-turn\n|\n|-weather|RainDance|[upkeep]\n|upkeep\n|\n|t:|1775114169\n|switch|p1a: Zamazenta|Zamazenta-Crowned, L50|57/100\n|turn|7\n|\n|t:|1775114186\n|move|p2b: Amoonguss|Rage Powder|p2b: Amoonguss\n|-singleturn|p2b: Amoonguss|move: Rage Powder\n|move|p1a: Zamazenta|Behemoth Bash|p2b: Amoonguss\n|-damage|p2b: Amoonguss|73/100\n|-damage|p1a: Zamazenta|41/100|[from] item: Rocky Helmet|[of] p2b: Amoonguss\n|cant|p2a: Zamazenta|par\n|\n|-weather|RainDance|[upkeep]\n|upkeep\n|turn|8\n|\n|t:|1775114198\n|-terastallize|p1a: Zamazenta|Fighting\n|move|p2b: Amoonguss|Rage Powder|p2b: Amoonguss\n|-singleturn|p2b: Amoonguss|move: Rage Powder\n|move|p1a: Zamazenta|Body Press|p2b: Amoonguss\n|-resisted|p2b: Amoonguss\n|-damage|p2b: Amoonguss|49/100\n|-damage|p1a: Zamazenta|24/100|[from] item: Rocky Helmet|[of] p2b: Amoonguss\n|move|p2a: Zamazenta|Body Press|p1a: Zamazenta\n|-damage|p1a: Zamazenta|0 fnt\n|faint|p1a: Zamazenta\n|\n|win|sjysjy\n|raw|yumlll's rating: 1135 &rarr; <strong>1112</strong><br />(-23 for losing)\n|raw|sjysjy's rating: 1165 &rarr; <strong>1188</strong><br />(+23 for winning)\n|l|\u2606yumlll\n|player|p1|\n|l|\u2606sjysjy\n|player|p2|\n","uploadtime":1775114594,"views":11,"formatid":"gen9vgc2026regi","rating":1112,"private":0,"password":null}