{"id":"gen9vgc2026regi-2521018406","format":"[Gen 9] VGC 2026 Reg I","players":["Coreydfgh","bagby54"],"log":"|j|\u2606Coreydfgh\n|j|\u2606bagby54\n|t:|1768712626\n|gametype|doubles\n|player|p1|Coreydfgh|265|1191\n|player|p2|bagby54|iris-gen5bw2|1238\n|gen|9\n|tier|[Gen 9] VGC 2026 Reg I\n|rated|\n|rule|Species Clause: Limit one of each Pok\u00e9mon\n|rule|Item Clause: Limit 1 of each item\n|clearpoke\n|poke|p1|Calyrex-Ice, L50|\n|poke|p1|Brute Bonnet, L50|\n|poke|p1|Torkoal, L50, M|\n|poke|p1|Urshifu-*, L50, M|\n|poke|p1|Lunala, L50|\n|poke|p1|Iron Hands, L50|\n|poke|p2|Miraidon, L50|\n|poke|p2|Calyrex-Ice, L50|\n|poke|p2|Ogerpon-Wellspring, L50, F|\n|poke|p2|Incineroar, L50, F|\n|poke|p2|Farigiraf, L50, M|\n|poke|p2|Ursaluna, L50, F|\n|teampreview|4\n|\n|t:|1768712647\n|teamsize|p1|4\n|teamsize|p2|4\n|start\n|switch|p1a: Calyrex|Calyrex-Ice, L50|100/100\n|switch|p1b: Brute Bonnet|Brute Bonnet, L50|100/100\n|switch|p2a: Miraidon|Miraidon, L50|100/100\n|switch|p2b: Farigiraf|Farigiraf, L50, M|100/100\n|-ability|p1a: Calyrex|As One\n|-ability|p1a: Calyrex|Unnerve\n|-fieldstart|move: Electric Terrain|[from] ability: Hadron Engine|[of] p2a: Miraidon\n|-enditem|p2b: Farigiraf|Electric Seed\n|-boost|p2b: Farigiraf|def|1|[from] item: Electric Seed\n|-enditem|p1b: Brute Bonnet|Booster Energy\n|-activate|p1b: Brute Bonnet|ability: Protosynthesis|[fromitem]\n|-start|p1b: Brute Bonnet|protosynthesisspd\n|turn|1\n|\n|t:|1768712685\n|move|p1b: Brute Bonnet|Rage Powder|p1b: Brute Bonnet\n|-singleturn|p1b: Brute Bonnet|move: Rage Powder\n|move|p2a: Miraidon|Volt Switch|p1b: Brute Bonnet\n|-resisted|p1b: Brute Bonnet\n|-damage|p1b: Brute Bonnet|75/100\n|\n|t:|1768712692\n|switch|p2a: Calyrex|Calyrex-Ice, L50|100/100|[from] Volt Switch\n|-ability|p2a: Calyrex|As One\n|-ability|p2a: Calyrex|Unnerve\n|move|p2b: Farigiraf|Foul Play|p1b: Brute Bonnet\n|-resisted|p1b: Brute Bonnet\n|-damage|p1b: Brute Bonnet|65/100\n|move|p1a: Calyrex|Glacial Lance|p2a: Calyrex|[spread] p2a,p2b\n|-resisted|p2a: Calyrex\n|-damage|p2a: Calyrex|81/100\n|-damage|p2b: Farigiraf|71/100\n|\n|upkeep\n|turn|2\n|\n|t:|1768712718\n|-end|p1b: Brute Bonnet|Protosynthesis|[silent]\n|switch|p1b: Iron Hands|Iron Hands, L50|100/100\n|-activate|p1b: Iron Hands|ability: Quark Drive\n|-start|p1b: Iron Hands|quarkdriveatk\n|move|p2b: Farigiraf|Helping Hand|p2a: Calyrex\n|-singleturn|p2a: Calyrex|Helping Hand|[of] p2b: Farigiraf\n|move|p1a: Calyrex|Protect|p1a: Calyrex\n|-singleturn|p1a: Calyrex|Protect\n|move|p2a: Calyrex|Glacial Lance|p1a: Calyrex|[spread] p1b\n|-activate|p1a: Calyrex|move: Protect\n|-damage|p1b: Iron Hands|50/100\n|\n|upkeep\n|turn|3\n|\n|t:|1768712756\n|move|p2b: Farigiraf|Foul Play|p1a: Calyrex\n|-supereffective|p1a: Calyrex\n|-damage|p1a: Calyrex|49/100\n|move|p2a: Calyrex|High Horsepower|p1b: Iron Hands\n|-supereffective|p1b: Iron Hands\n|-damage|p1b: Iron Hands|0 fnt\n|faint|p1b: Iron Hands\n|-end|p1b: Iron Hands|Quark Drive|[silent]\n|-ability|p2a: Calyrex|Chilling Neigh|boost\n|-boost|p2a: Calyrex|atk|1\n|move|p1a: Calyrex|Trick Room|p1a: Calyrex\n|-fieldstart|move: Trick Room|[of] p1a: Calyrex\n|\n|upkeep\n|\n|t:|1768712762\n|switch|p1b: Torkoal|Torkoal, L50, M|100/100\n|-weather|SunnyDay|[from] ability: Drought|[of] p1b: Torkoal\n|turn|4\n|\n|t:|1768712790\n|-terastallize|p1b: Torkoal|Fire\n|move|p2a: Calyrex|Protect|p2a: Calyrex\n|-singleturn|p2a: Calyrex|Protect\n|move|p1b: Torkoal|Eruption|p2b: Farigiraf|[spread] p2b\n|-activate|p2a: Calyrex|move: Protect\n|-damage|p2b: Farigiraf|0 fnt\n|faint|p2b: Farigiraf\n|move|p1a: Calyrex|Glacial Lance|p2a: Calyrex\n|-activate|p2a: Calyrex|move: Protect\n|\n|-weather|SunnyDay|[upkeep]\n|upkeep\n|\n|t:|1768712801\n|switch|p2b: Ursaluna|Ursaluna, L50, F|100/100\n|turn|5\n|\n|t:|1768712824\n|-terastallize|p2a: Calyrex|Fire\n|move|p2b: Ursaluna|Protect|p2b: Ursaluna\n|-singleturn|p2b: Ursaluna|Protect\n|move|p1b: Torkoal|Eruption|p2a: Calyrex|[spread] p2a\n|-activate|p2b: Ursaluna|move: Protect\n|-resisted|p2a: Calyrex\n|-damage|p2a: Calyrex|38/100\n|move|p1a: Calyrex|Glacial Lance|p2a: Calyrex|[spread] p2a\n|-activate|p2b: Ursaluna|move: Protect\n|-resisted|p2a: Calyrex\n|-damage|p2a: Calyrex|20/100\n|move|p2a: Calyrex|High Horsepower|p1b: Torkoal\n|-supereffective|p1b: Torkoal\n|-damage|p1b: Torkoal|8/100\n|\n|-weather|SunnyDay|[upkeep]\n|-fieldend|move: Electric Terrain\n|-status|p2b: Ursaluna|brn|[from] item: Flame Orb\n|upkeep\n|turn|6\n|\n|t:|1768712858\n|move|p2a: Calyrex|Protect|p2a: Calyrex\n|-singleturn|p2a: Calyrex|Protect\n|move|p1b: Torkoal|Eruption|p2b: Ursaluna|[spread] p2b\n|-activate|p2a: Calyrex|move: Protect\n|-damage|p2b: Ursaluna|90/100 brn\n|move|p1a: Calyrex|Glacial Lance|p2a: Calyrex|[spread] p2b\n|-activate|p2a: Calyrex|move: Protect\n|-supereffective|p2b: Ursaluna\n|-damage|p2b: Ursaluna|0 fnt\n|faint|p2b: Ursaluna\n|-ability|p1a: Calyrex|Chilling Neigh|boost\n|-boost|p1a: Calyrex|atk|1\n|\n|-weather|SunnyDay|[upkeep]\n|upkeep\n|\n|t:|1768712871\n|switch|p2b: Miraidon|Miraidon, L50|100/100\n|-fieldstart|move: Electric Terrain|[from] ability: Hadron Engine|[of] p2b: Miraidon\n|turn|7\n|\n|t:|1768712886\n|move|p1b: Torkoal|Eruption|p2a: Calyrex|[spread] p2a,p2b\n|-resisted|p2a: Calyrex\n|-crit|p2a: Calyrex\n|-resisted|p2b: Miraidon\n|-crit|p2b: Miraidon\n|-damage|p2a: Calyrex|15/100\n|-damage|p2b: Miraidon|93/100\n|move|p1a: Calyrex|Glacial Lance|p2b: Miraidon|[spread] p2a,p2b\n|-resisted|p2a: Calyrex\n|-supereffective|p2b: Miraidon\n|-damage|p2a: Calyrex|0 fnt\n|-damage|p2b: Miraidon|0 fnt\n|faint|p2a: Calyrex\n|faint|p2b: Miraidon\n|\n|win|Coreydfgh\n|raw|Coreydfgh's rating: 1191 &rarr; <strong>1219</strong><br />(+28 for winning)\n|raw|bagby54's rating: 1238 &rarr; <strong>1210</strong><br />(-28 for losing)\n|c|\u2606bagby54|gg\n|c|\u2606Coreydfgh|Gg\n|l|\u2606bagby54\n|player|p2|\n|l|\u2606Coreydfgh\n|player|p1|\n","uploadtime":1768713098,"views":11,"formatid":"gen9vgc2026regi","rating":1210,"private":0,"password":null}