{"id":"gen9vgc2026regi-2514695860","format":"[Gen 9] VGC 2026 Reg I","players":["Zordor","Cello L."],"log":"|j|\u2606Zordor\n|j|\u2606Cello L.\n|t:|1767898824\n|gametype|doubles\n|player|p1|Zordor|pilot|1337\n|player|p2|Cello L.|1|1316\n|gen|9\n|tier|[Gen 9] VGC 2026 Reg I\n|rated|\n|rule|Species Clause: Limit one of each Pok\u00e9mon\n|rule|Item Clause: Limit 1 of each item\n|clearpoke\n|poke|p1|Entei, L50|\n|poke|p1|Walking Wake, L50|\n|poke|p1|Zacian-*, L50|\n|poke|p1|Groudon, L50|\n|poke|p1|Rillaboom, L50, F|\n|poke|p1|Raging Bolt, L50|\n|poke|p2|Calyrex-Shadow, L50|\n|poke|p2|Zamazenta-*, L50|\n|poke|p2|Raging Bolt, L50|\n|poke|p2|Furret, L50, F|\n|poke|p2|Rillaboom, L50, F|\n|poke|p2|Incineroar, L50, M|\n|teampreview|4\n|\n|t:|1767898862\n|teamsize|p1|4\n|teamsize|p2|4\n|start\n|switch|p1a: Walking Wake|Walking Wake, L50|100/100\n|switch|p1b: Groudon|Groudon, L50|100/100\n|switch|p2a: Zamazenta|Zamazenta-Crowned, L50|100/100\n|switch|p2b: Incineroar|Incineroar, L50, M|100/100\n|-ability|p2a: Zamazenta|Dauntless Shield|boost\n|-boost|p2a: Zamazenta|def|1\n|-weather|SunnyDay|[from] ability: Drought|[of] p1b: Groudon\n|-activate|p1a: Walking Wake|ability: Protosynthesis\n|-start|p1a: Walking Wake|protosynthesisspe\n|-ability|p2b: Incineroar|Intimidate|boost\n|-unboost|p1a: Walking Wake|atk|1\n|-fail|p1b: Groudon|unboost|[from] item: Clear Amulet|[of] p1b: Groudon\n|turn|1\n|inactive|Battle timer is ON: inactive players will automatically lose when time's up. (requested by Zordor)\n|\n|t:|1767898938\n|-terastallize|p2a: Zamazenta|Water\n|move|p1a: Walking Wake|Hydro Steam|p2a: Zamazenta\n|-resisted|p2a: Zamazenta\n|-damage|p2a: Zamazenta|78/100\n|move|p2a: Zamazenta|Body Press|p1a: Walking Wake\n|-damage|p1a: Walking Wake|26/100\n|move|p1b: Groudon|Precipice Blades|p2b: Incineroar|[spread] p2a,p2b\n|-supereffective|p2b: Incineroar\n|-damage|p2a: Zamazenta|59/100\n|-damage|p2b: Incineroar|29/100\n|move|p2b: Incineroar|Parting Shot|p1a: Walking Wake\n|-unboost|p1a: Walking Wake|atk|1\n|-unboost|p1a: Walking Wake|spa|1\n|\n|t:|1767898950\n|switch|p2b: Calyrex|Calyrex-Shadow, L50|100/100|[from] Parting Shot\n|-ability|p2b: Calyrex|As One\n|-ability|p2b: Calyrex|Unnerve\n|\n|-weather|SunnyDay|[upkeep]\n|upkeep\n|turn|2\n|\n|t:|1767898960\n|move|p2a: Zamazenta|Wide Guard|p2a: Zamazenta\n|-singleturn|p2a: Zamazenta|Wide Guard\n|move|p1a: Walking Wake|Snarl|p2b: Calyrex|[spread] \n|-activate|p2a: Zamazenta|move: Wide Guard\n|-activate|p2b: Calyrex|move: Wide Guard\n|move|p2b: Calyrex|Astral Barrage|p1b: Groudon|[spread] p1a,p1b\n|-damage|p1a: Walking Wake|0 fnt\n|-damage|p1b: Groudon|44/100\n|faint|p1a: Walking Wake\n|-end|p1a: Walking Wake|Protosynthesis|[silent]\n|-ability|p2b: Calyrex|Grim Neigh|boost\n|-boost|p2b: Calyrex|spa|1\n|-damage|p2b: Calyrex|91/100|[from] item: Life Orb\n|move|p1b: Groudon|Heat Crash|p2b: Calyrex\n|-damage|p2b: Calyrex|16/100\n|\n|-weather|SunnyDay|[upkeep]\n|upkeep\n|\n|t:|1767898963\n|switch|p1a: Raging Bolt|Raging Bolt, L50|100/100\n|-activate|p1a: Raging Bolt|ability: Protosynthesis\n|-start|p1a: Raging Bolt|protosynthesisspa\n|turn|3\n|inactive|Cello L. has 30 seconds left.\n|\n|t:|1767898991\n|-terastallize|p1a: Raging Bolt|Fairy\n|move|p2b: Calyrex|Protect|p2b: Calyrex\n|-singleturn|p2b: Calyrex|Protect\n|move|p1a: Raging Bolt|Thunderclap||[still]\n|-fail|p1a: Raging Bolt\n|move|p2a: Zamazenta|Body Press|p1a: Raging Bolt\n|-resisted|p1a: Raging Bolt\n|-damage|p1a: Raging Bolt|74/100\n|move|p1b: Groudon|High Horsepower|p2a: Zamazenta\n|-damage|p2a: Zamazenta|39/100\n|\n|-weather|SunnyDay|[upkeep]\n|upkeep\n|turn|4\n|inactive|Cello L. has 30 seconds left.\n|inactive|Cello L. has 20 seconds left.\n|inactive|Cello L. has 15 seconds left.\n|\n|t:|1767899035\n|switch|p2b: Furret|Furret, L50, F|100/100\n|-item|p1a: Raging Bolt|Safety Goggles|[from] ability: Frisk|[of] p2b: Furret\n|-item|p1b: Groudon|Clear Amulet|[from] ability: Frisk|[of] p2b: Furret\n|move|p1a: Raging Bolt|Thunderclap||[still]\n|-fail|p1a: Raging Bolt\n|move|p2a: Zamazenta|Body Press|p1b: Groudon\n|-damage|p1b: Groudon|0 fnt\n|faint|p1b: Groudon\n|\n|-weather|SunnyDay|[upkeep]\n|upkeep\n|\n|t:|1767899044\n|switch|p1b: Zacian|Zacian-Crowned, L50|100/100\n|-ability|p1b: Zacian|Intrepid Sword|boost\n|-boost|p1b: Zacian|atk|1\n|turn|5\n|\n|t:|1767899055\n|switch|p2a: Incineroar|Incineroar, L50, M|29/100\n|-ability|p2a: Incineroar|Intimidate|boost\n|-unboost|p1a: Raging Bolt|atk|1\n|-unboost|p1b: Zacian|atk|1\n|move|p1b: Zacian|Protect|p1b: Zacian\n|-singleturn|p1b: Zacian|Protect\n|move|p2b: Furret|Protect|p2b: Furret\n|-singleturn|p2b: Furret|Protect\n|move|p1a: Raging Bolt|Electroweb|p2b: Furret|[spread] p2a\n|-activate|p2b: Furret|move: Protect\n|-damage|p2a: Incineroar|2/100\n|-unboost|p2a: Incineroar|spe|1\n|\n|-weather|none\n|-end|p1a: Raging Bolt|Protosynthesis\n|upkeep\n|turn|6\n|inactive|Cello L. has 30 seconds left.\n|\n|t:|1767899081\n|move|p2a: Incineroar|Fake Out|p1b: Zacian\n|-resisted|p1b: Zacian\n|-damage|p1b: Zacian|96/100\n|cant|p1b: Zacian|flinch\n|move|p2b: Furret|Super Fang|p1b: Zacian\n|-damage|p1b: Zacian|48/100\n|move|p1a: Raging Bolt|Electroweb|p2b: Furret|[spread] p2a,p2b\n|-damage|p2a: Incineroar|0 fnt\n|-damage|p2b: Furret|61/100\n|-unboost|p2b: Furret|spe|1\n|faint|p2a: Incineroar\n|\n|upkeep\n|\n|t:|1767899092\n|switch|p2a: Calyrex|Calyrex-Shadow, L50|16/100\n|-ability|p2a: Calyrex|As One\n|-ability|p2a: Calyrex|Unnerve\n|turn|7\n|\n|t:|1767899100\n|move|p1b: Zacian|Protect|p1b: Zacian\n|-singleturn|p1b: Zacian|Protect\n|move|p2b: Furret|Follow Me|p2b: Furret\n|-singleturn|p2b: Furret|move: Follow Me\n|move|p2a: Calyrex|Astral Barrage|p1b: Zacian|[spread] p1a\n|-activate|p1b: Zacian|move: Protect\n|-damage|p1a: Raging Bolt|23/100\n|-damage|p2a: Calyrex|7/100|[from] item: Life Orb\n|move|p1a: Raging Bolt|Electroweb|p2b: Furret|[spread] p2a,p2b\n|-damage|p2a: Calyrex|0 fnt\n|-damage|p2b: Furret|26/100\n|-unboost|p2b: Furret|spe|1\n|faint|p2a: Calyrex\n|\n|upkeep\n|\n|t:|1767899114\n|switch|p2a: Zamazenta|Zamazenta-Crowned, L50, tera:Water|39/100\n|turn|8\n|\n|t:|1767899133\n|move|p2b: Furret|Protect|p2b: Furret\n|-singleturn|p2b: Furret|Protect\n|move|p1a: Raging Bolt|Thunderclap|p2a: Zamazenta\n|-supereffective|p2a: Zamazenta\n|-damage|p2a: Zamazenta|0 fnt\n|faint|p2a: Zamazenta\n|move|p1b: Zacian|Sacred Sword|p2b: Furret\n|-activate|p2b: Furret|move: Protect\n|\n|upkeep\n|turn|9\n|c|\u2606Cello L.|gg wp\n|-message|Cello L. forfeited.\n|\n|win|Zordor\n|raw|Zordor's rating: 1337 &rarr; <strong>1356</strong><br />(+19 for winning)\n|raw|Cello L.'s rating: 1316 &rarr; <strong>1297</strong><br />(-19 for losing)\n|l|\u2606Cello L.\n|player|p2|\n|l|\u2606Zordor\n|player|p1|\n","uploadtime":1767899292,"views":11,"formatid":"gen9vgc2026regi","rating":1297,"private":0,"password":null}