{"id":"gen9vgc2026regi-2582638795","format":"[Gen 9] VGC 2026 Reg I","players":["Markingdra","Tempest ash"],"log":"|j|\u2606Markingdra\n|j|\u2606Tempest ash\n|t:|1776104244\n|gametype|doubles\n|player|p1|Markingdra|unknown|1601\n|player|p2|Tempest ash|102|1526\n|gen|9\n|tier|[Gen 9] VGC 2026 Reg I\n|rated|\n|rule|Species Clause: Limit one of each Pok\u00e9mon\n|rule|Item Clause: Limit 1 of each item\n|clearpoke\n|poke|p1|Koraidon, L50|\n|poke|p1|Calyrex-Shadow, L50|\n|poke|p1|Incineroar, L50, M|\n|poke|p1|Brute Bonnet, L50|\n|poke|p1|Raging Bolt, L50|\n|poke|p1|Ogerpon-Cornerstone, L50, F|\n|poke|p2|Koraidon, L50|\n|poke|p2|Flamigo, L50, F|\n|poke|p2|Smeargle, L50, M|\n|poke|p2|Calyrex-Shadow, L50|\n|poke|p2|Muk-Alola, L50, F|\n|poke|p2|Brute Bonnet, L50|\n|teampreview|4\n|\n|t:|1776104260\n|teamsize|p1|4\n|teamsize|p2|4\n|start\n|switch|p1a: Calyrex|Calyrex-Shadow, L50|100/100\n|switch|p1b: Brute Bonnet|Brute Bonnet, L50, shiny|100/100\n|switch|p2a: Muk|Muk-Alola, L50, F|100/100\n|switch|p2b: Smeargle|Smeargle, L50, M|100/100\n|-ability|p1a: Calyrex|As One\n|-ability|p1a: Calyrex|Unnerve\n|turn|1\n|j| ido1234567890\n|inactive|Battle timer is ON: inactive players will automatically lose when time's up. (requested by Tempest ash)\n|\n|t:|1776104273\n|move|p2b: Smeargle|Fake Out|p1b: Brute Bonnet\n|-damage|p1b: Brute Bonnet|97/100\n|move|p1a: Calyrex|Encore|p2b: Smeargle\n|-start|p2b: Smeargle|Encore\n|-enditem|p2b: Smeargle|Mental Herb\n|-end|p2b: Smeargle|Encore\n|move|p1b: Brute Bonnet|Spore|p2a: Muk\n|-status|p2a: Muk|slp|[from] move: Spore\n|cant|p2a: Muk|slp\n|\n|-ability|p2b: Smeargle|Moody|boost\n|-boost|p2b: Smeargle|spe|2\n|-unboost|p2b: Smeargle|atk|1\n|upkeep\n|turn|2\n|\n|t:|1776104295\n|move|p2b: Smeargle|Spore|p1a: Calyrex\n|-status|p1a: Calyrex|slp|[from] move: Spore\n|cant|p1a: Calyrex|slp\n|move|p1b: Brute Bonnet|Spore|p2b: Smeargle\n|-status|p2b: Smeargle|slp|[from] move: Spore\n|cant|p2a: Muk|slp\n|\n|-ability|p2b: Smeargle|Moody|boost\n|-boost|p2b: Smeargle|spa|2\n|-unboost|p2b: Smeargle|spe|1\n|upkeep\n|turn|3\n|\n|t:|1776104306\n|cant|p2b: Smeargle|slp\n|-curestatus|p1a: Calyrex|slp|[msg]\n|move|p1a: Calyrex|Astral Barrage|p2a: Muk|[spread] p2a\n|-immune|p2b: Smeargle\n|-resisted|p2a: Muk\n|-damage|p2a: Muk|82/100 slp\n|move|p1b: Brute Bonnet|Seed Bomb|p2b: Smeargle\n|-damage|p2b: Smeargle|4/100 slp\n|-curestatus|p2a: Muk|slp|[msg]\n|move|p2a: Muk|Minimize|p2a: Muk\n|-boost|p2a: Muk|evasion|2\n|\n|-heal|p2a: Muk|88/100|[from] item: Leftovers\n|-ability|p2b: Smeargle|Moody|boost\n|-boost|p2b: Smeargle|spa|2\n|-unboost|p2b: Smeargle|def|1\n|upkeep\n|turn|4\n|\n|t:|1776104316\n|move|p1a: Calyrex|Psychic|p2b: Smeargle\n|-damage|p2b: Smeargle|0 fnt\n|faint|p2b: Smeargle\n|-ability|p2a: Muk|Moody|Power of Alchemy|[from] ability: Power of Alchemy|[of] p2b: Smeargle\n|-ability|p1a: Calyrex|Grim Neigh|boost\n|-boost|p1a: Calyrex|spa|1\n|move|p1b: Brute Bonnet|Spore|p2a: Muk\n|-status|p2a: Muk|slp|[from] move: Spore\n|cant|p2a: Muk|slp\n|\n|-heal|p2a: Muk|94/100 slp|[from] item: Leftovers\n|-ability|p2a: Muk|Moody|boost\n|-boost|p2a: Muk|spa|2\n|-unboost|p2a: Muk|def|1\n|upkeep\n|\n|t:|1776104321\n|switch|p2b: Calyrex|Calyrex-Shadow, L50|100/100\n|-ability|p2b: Calyrex|As One\n|-ability|p2b: Calyrex|Unnerve\n|turn|5\n|\n|t:|1776104335\n|-terastallize|p1a: Calyrex|Ghost\n|-terastallize|p2b: Calyrex|Dark\n|cant|p2a: Muk|slp\n|move|p1b: Brute Bonnet|Sucker Punch||[still]\n|-fail|p1b: Brute Bonnet\n|move|p1a: Calyrex|Astral Barrage|p2a: Muk|[spread] p2b\n|-miss|p1a: Calyrex|p2a: Muk\n|-resisted|p2b: Calyrex\n|-damage|p2b: Calyrex|42/100\n|move|p2b: Calyrex|Psych Up|p2a: Muk\n|-copyboost|p2b: Calyrex|p2a: Muk|[from] move: Psych Up\n|\n|-heal|p2a: Muk|100/100 slp|[from] item: Leftovers\n|-ability|p2a: Muk|Moody|boost\n|-boost|p2a: Muk|def|2\n|-unboost|p2a: Muk|spd|1\n|upkeep\n|turn|6\n|\n|t:|1776104349\n|move|p2b: Calyrex|Protect|p2b: Calyrex\n|-singleturn|p2b: Calyrex|Protect\n|-curestatus|p2a: Muk|slp|[msg]\n|move|p2a: Muk|Protect|p2a: Muk\n|-singleturn|p2a: Muk|Protect\n|move|p1a: Calyrex|Astral Barrage|p2a: Muk|[spread] \n|-activate|p2a: Muk|move: Protect\n|-activate|p2b: Calyrex|move: Protect\n|move|p1b: Brute Bonnet|Spore|p2b: Calyrex\n|-activate|p2b: Calyrex|move: Protect\n|\n|-ability|p2a: Muk|Moody|boost\n|-boost|p2a: Muk|spd|2\n|-unboost|p2a: Muk|def|1\n|upkeep\n|turn|7\n|\n|t:|1776104363\n|move|p1a: Calyrex|Astral Barrage|p2a: Muk|[spread] \n|-miss|p1a: Calyrex|p2a: Muk\n|-miss|p1a: Calyrex|p2b: Calyrex\n|move|p2b: Calyrex|Astral Barrage|p1b: Brute Bonnet|[spread] p1a,p1b\n|-supereffective|p1a: Calyrex\n|-resisted|p1b: Brute Bonnet\n|-enditem|p1a: Calyrex|Focus Sash\n|-damage|p1a: Calyrex|1/100\n|-damage|p1b: Brute Bonnet|49/100\n|move|p1b: Brute Bonnet|Spore|p2b: Calyrex|[miss]\n|-miss|p1b: Brute Bonnet|p2b: Calyrex\n|move|p2a: Muk|Minimize|p2a: Muk\n|-boost|p2a: Muk|evasion|2\n|\n|-ability|p2a: Muk|Moody|boost\n|-boost|p2a: Muk|spa|2\n|-unboost|p2a: Muk|spd|1\n|upkeep\n|turn|8\n|\n|t:|1776104375\n|move|p2b: Calyrex|Protect|p2b: Calyrex\n|-singleturn|p2b: Calyrex|Protect\n|move|p2a: Muk|Protect|p2a: Muk\n|-singleturn|p2a: Muk|Protect\n|move|p1a: Calyrex|Astral Barrage|p2b: Calyrex|[spread] \n|-activate|p2a: Muk|move: Protect\n|-activate|p2b: Calyrex|move: Protect\n|move|p1b: Brute Bonnet|Spore|p2b: Calyrex\n|-activate|p2b: Calyrex|move: Protect\n|\n|-ability|p2a: Muk|Moody|boost\n|-boost|p2a: Muk|def|2\n|-unboost|p2a: Muk|spa|1\n|upkeep\n|turn|9\n|\n|t:|1776104389\n|move|p1a: Calyrex|Astral Barrage|p2b: Calyrex|[spread] p2a,p2b\n|-resisted|p2a: Muk\n|-resisted|p2b: Calyrex\n|-damage|p2a: Muk|67/100\n|-damage|p2b: Calyrex|0 fnt\n|faint|p2b: Calyrex\n|-ability|p1a: Calyrex|Grim Neigh|boost\n|-boost|p1a: Calyrex|spa|1\n|move|p1b: Brute Bonnet|Spore|p2a: Muk|[miss]\n|-miss|p1b: Brute Bonnet|p2a: Muk\n|move|p2a: Muk|Minimize|p2a: Muk\n|-boost|p2a: Muk|evasion|2\n|\n|-heal|p2a: Muk|74/100|[from] item: Leftovers\n|-ability|p2a: Muk|Moody|boost\n|-boost|p2a: Muk|spe|2\n|-unboost|p2a: Muk|spd|1\n|upkeep\n|\n|t:|1776104391\n|switch|p2b: Flamigo|Flamigo, L50, F|100/100\n|-copyboost|p2b: Flamigo|p2a: Muk|[from] ability: Costar\n|-enditem|p2b: Flamigo|White Herb\n|-clearnegativeboost|p2b: Flamigo|[silent]\n|turn|10\n|\n|t:|1776104401\n|move|p2b: Flamigo|Detect|p2b: Flamigo\n|-singleturn|p2b: Flamigo|Protect\n|move|p2a: Muk|Protect|p2a: Muk\n|-singleturn|p2a: Muk|Protect\n|move|p1b: Brute Bonnet|Rage Powder|p1b: Brute Bonnet\n|-singleturn|p1b: Brute Bonnet|move: Rage Powder\n|move|p1a: Calyrex|Psychic|p2b: Flamigo\n|-activate|p2b: Flamigo|move: Protect\n|\n|-heal|p2a: Muk|80/100|[from] item: Leftovers\n|-ability|p2a: Muk|Moody|boost\n|-boost|p2a: Muk|def|2\n|-unboost|p2a: Muk|atk|1\n|upkeep\n|turn|11\n|\n|t:|1776104418\n|move|p2b: Flamigo|Substitute|p2b: Flamigo\n|-start|p2b: Flamigo|Substitute\n|-damage|p2b: Flamigo|76/100\n|move|p1a: Calyrex|Encore|p2a: Muk|[miss]\n|-miss|p1a: Calyrex|p2a: Muk\n|move|p2a: Muk|Toxic|p1a: Calyrex\n|-status|p1a: Calyrex|tox\n|move|p1b: Brute Bonnet|Spore|p2b: Flamigo|[miss]\n|-miss|p1b: Brute Bonnet|p2b: Flamigo\n|\n|-heal|p2a: Muk|86/100|[from] item: Leftovers\n|-damage|p1a: Calyrex|0 fnt|[from] psn\n|faint|p1a: Calyrex\n|-ability|p2a: Muk|Moody|boost\n|-boost|p2a: Muk|spa|2\n|-unboost|p2a: Muk|spd|1\n|upkeep\n|j| goosse1\n|\n|t:|1776104425\n|switch|p1a: Ogerpon|Ogerpon-Cornerstone, L50, F|100/100\n|turn|12\n|\n|t:|1776104446\n|move|p2b: Flamigo|Detect|p2b: Flamigo\n|-singleturn|p2b: Flamigo|Protect\n|move|p2a: Muk|Protect|p2a: Muk\n|-singleturn|p2a: Muk|Protect\n|move|p1a: Ogerpon|Ivy Cudgel|p2b: Flamigo|[anim] Ivy Cudgel Rock\n|-activate|p2b: Flamigo|move: Protect\n|move|p1b: Brute Bonnet|Spore|p2a: Muk\n|-activate|p2a: Muk|move: Protect\n|\n|-heal|p2a: Muk|92/100|[from] item: Leftovers\n|-ability|p2a: Muk|Moody|boost\n|-boost|p2a: Muk|atk|2\n|-unboost|p2a: Muk|def|1\n|upkeep\n|turn|13\n|inactive|Markingdra has 30 seconds left.\n|inactive|Markingdra has 20 seconds left.\n|inactive|Markingdra has 15 seconds left.\n|inactive|Markingdra has 10 seconds left.\n|\n|t:|1776104493\n|move|p2b: Flamigo|Acrobatics|p1b: Brute Bonnet\n|-supereffective|p1b: Brute Bonnet\n|-crit|p1b: Brute Bonnet\n|-damage|p1b: Brute Bonnet|0 fnt\n|faint|p1b: Brute Bonnet\n|-end|p1b: Brute Bonnet|Protosynthesis|[silent]\n|move|p1a: Ogerpon|Ivy Cudgel|p2b: Flamigo|[anim] Ivy Cudgel Rock\n|-end|p2b: Flamigo|Substitute\n|move|p2a: Muk|Drain Punch|p1a: Ogerpon\n|-supereffective|p1a: Ogerpon\n|-damage|p1a: Ogerpon|33/100\n|-heal|p2a: Muk|100/100|[from] drain|[of] p1a: Ogerpon\n|\n|-ability|p2a: Muk|Moody|boost\n|-boost|p2a: Muk|spe|2\n|-unboost|p2a: Muk|spa|1\n|upkeep\n|\n|t:|1776104504\n|switch|p1b: Koraidon|Koraidon, L50, shiny|100/100\n|-weather|SunnyDay|[from] ability: Orichalcum Pulse|[of] p1b: Koraidon\n|-activate|p1b: Koraidon|Orichalcum Pulse|[source]\n|turn|14\n|\n|t:|1776104516\n|move|p2b: Flamigo|Detect|p2b: Flamigo\n|-singleturn|p2b: Flamigo|Protect\n|move|p2a: Muk|Protect|p2a: Muk\n|-singleturn|p2a: Muk|Protect\n|move|p1a: Ogerpon|Follow Me|p1a: Ogerpon\n|-singleturn|p1a: Ogerpon|move: Follow Me\n|move|p1b: Koraidon|Flare Blitz|p2b: Flamigo\n|-activate|p2b: Flamigo|move: Protect\n|\n|-weather|SunnyDay|[upkeep]\n|-ability|p2a: Muk|Moody|boost\n|-boost|p2a: Muk|atk|2\n|-unboost|p2a: Muk|spd|1\n|upkeep\n|turn|15\n|\n|t:|1776104529\n|move|p2b: Flamigo|Acrobatics|p1b: Koraidon\n|-supereffective|p1b: Koraidon\n|-damage|p1b: Koraidon|10/100\n|move|p2a: Muk|Drain Punch|p1a: Ogerpon\n|-supereffective|p1a: Ogerpon\n|-damage|p1a: Ogerpon|0 fnt\n|faint|p1a: Ogerpon\n|move|p1b: Koraidon|Flare Blitz|p2b: Flamigo\n|-damage|p2b: Flamigo|11/100\n|-damage|p1b: Koraidon|0 fnt|[from] Recoil\n|faint|p1b: Koraidon\n|\n|win|Tempest ash\n|raw|Markingdra's rating: 1601 &rarr; <strong>1577</strong><br />(-24 for losing)\n|raw|Tempest ash's rating: 1526 &rarr; <strong>1550</strong><br />(+24 for winning)\n|l|\u2606Markingdra\n|player|p1|\n|l|\u2606Tempest ash\n|player|p2|\n","uploadtime":1776104746,"views":11,"formatid":"gen9vgc2026regi","rating":1550,"private":0,"password":null}