{"id":"gen9vgc2026regi-2570062631","format":"[Gen 9] VGC 2026 Reg I","players":["1VLTSQ Joker","wonga park"],"log":"|raw|<div class=\"broadcast-blue\"><strong>This battle is required to be public due to a player having a name starting with '1vltsq'.</div>\n|j|\u26061VLTSQ Joker\n|j|\u2606wonga park\n|t:|1774763653\n|gametype|doubles\n|player|p1|1VLTSQ Joker|blue|1569\n|player|p2|wonga park|1|1514\n|gen|9\n|tier|[Gen 9] VGC 2026 Reg I\n|rated|\n|rule|Species Clause: Limit one of each Pok\u00e9mon\n|rule|Item Clause: Limit 1 of each item\n|clearpoke\n|poke|p1|Calyrex-Ice, L50|\n|poke|p1|Smeargle, L50, F|\n|poke|p1|Kyogre, L50|\n|poke|p1|Maushold, L50|\n|poke|p1|Volcarona, L50, F|\n|poke|p1|Flamigo, L50, F|\n|poke|p2|Tornadus, L50, M|\n|poke|p2|Smeargle, L50, F|\n|poke|p2|Kyogre, L50|\n|poke|p2|Annihilape, L50, M|\n|poke|p2|Calyrex-Ice, L50|\n|poke|p2|Landorus, L50, M|\n|teampreview|4\n|\n|t:|1774763697\n|teamsize|p1|4\n|teamsize|p2|4\n|start\n|switch|p1a: Kyogre|Kyogre, L50|100/100\n|switch|p1b: Flamigo|Flamigo, L50, F|100/100\n|switch|p2a: Tornadus|Tornadus, L50, M|100/100\n|switch|p2b: Smeargle|Smeargle, L50, F|100/100\n|-weather|RainDance|[from] ability: Drizzle|[of] p1a: Kyogre\n|turn|1\n|inactive|Battle timer is ON: inactive players will automatically lose when time's up. (requested by wonga park)\n|\n|t:|1774763727\n|-terastallize|p1a: Kyogre|Water\n|move|p1b: Flamigo|Upper Hand||[still]\n|-fail|p1b: Flamigo\n|move|p2a: Tornadus|Tailwind|p2a: Tornadus\n|-sidestart|p2: wonga park|move: Tailwind\n|move|p2b: Smeargle|Spore|p1a: Kyogre\n|-status|p1a: Kyogre|slp|[from] move: Spore\n|cant|p1a: Kyogre|slp\n|\n|-weather|RainDance|[upkeep]\n|-ability|p2b: Smeargle|Moody|boost\n|-boost|p2b: Smeargle|spa|2\n|-unboost|p2b: Smeargle|spe|1\n|-enditem|p2b: Smeargle|Eject Pack\n|upkeep\n|\n|t:|1774763747\n|switch|p2b: Kyogre|Kyogre, L50|100/100\n|turn|2\n|\n|t:|1774763756\n|move|p1b: Flamigo|Wide Guard|p1b: Flamigo\n|-singleturn|p1b: Flamigo|Wide Guard\n|move|p2a: Tornadus|Taunt|p1b: Flamigo\n|-start|p1b: Flamigo|move: Taunt\n|move|p2b: Kyogre|Thunder|p1a: Kyogre\n|-supereffective|p1a: Kyogre\n|-damage|p1a: Kyogre|0 fnt\n|faint|p1a: Kyogre\n|\n|-weather|RainDance|[upkeep]\n|upkeep\n|\n|t:|1774763763\n|switch|p1a: Calyrex|Calyrex-Ice, L50|100/100\n|-ability|p1a: Calyrex|As One\n|-ability|p1a: Calyrex|Unnerve\n|turn|3\n|\n|t:|1774763774\n|move|p1b: Flamigo|Feint|p2a: Tornadus\n|-damage|p2a: Tornadus|88/100\n|move|p2a: Tornadus|Taunt|p1a: Calyrex\n|-start|p1a: Calyrex|move: Taunt\n|move|p2b: Kyogre|Thunder|p1b: Flamigo\n|-supereffective|p1b: Flamigo\n|-damage|p1b: Flamigo|0 fnt\n|-enditem|p1b: Flamigo|Rowap Berry|[eat]\n|-damage|p2b: Kyogre|88/100|[from] item: Rowap Berry|[of] p1b: Flamigo\n|faint|p1b: Flamigo\n|move|p1a: Calyrex|Glacial Lance|p2b: Kyogre|[spread] p2a,p2b\n|-supereffective|p2a: Tornadus\n|-resisted|p2b: Kyogre\n|-damage|p2a: Tornadus|0 fnt\n|-damage|p2b: Kyogre|60/100\n|faint|p2a: Tornadus\n|-ability|p1a: Calyrex|Chilling Neigh|boost\n|-boost|p1a: Calyrex|atk|1\n|\n|-weather|RainDance|[upkeep]\n|upkeep\n|\n|t:|1774763794\n|switch|p2a: Smeargle|Smeargle, L50, F|100/100\n|switch|p1b: Maushold|Maushold, L50|100/100\n|turn|4\n|\n|t:|1774763812\n|move|p1b: Maushold|Protect|p1b: Maushold\n|-singleturn|p1b: Maushold|Protect\n|move|p2b: Kyogre|Thunder|p1a: Calyrex\n|-damage|p1a: Calyrex|69/100\n|move|p2a: Smeargle|Spore|p1a: Calyrex\n|-status|p1a: Calyrex|slp|[from] move: Spore\n|cant|p1a: Calyrex|slp\n|\n|-weather|RainDance|[upkeep]\n|-sideend|p2: wonga park|move: Tailwind\n|-ability|p2a: Smeargle|Moody|boost\n|-boost|p2a: Smeargle|def|2\n|-unboost|p2a: Smeargle|spd|1\n|upkeep\n|turn|5\n|\n|t:|1774763832\n|move|p1b: Maushold|Population Bomb|p2a: Smeargle\n|-damage|p2a: Smeargle|82/100\n|-damage|p2a: Smeargle|65/100\n|-damage|p2a: Smeargle|49/100\n|-damage|p2a: Smeargle|32/100\n|-damage|p2a: Smeargle|15/100\n|-damage|p2a: Smeargle|0 fnt\n|faint|p2a: Smeargle\n|-hitcount|p2: Smeargle|6\n|move|p2b: Kyogre|Thunder|p1a: Calyrex\n|-damage|p1a: Calyrex|38/100 slp\n|-curestatus|p1a: Calyrex|slp|[msg]\n|move|p1a: Calyrex|Seed Bomb|p2b: Kyogre\n|-supereffective|p2b: Kyogre\n|-damage|p2b: Kyogre|0 fnt\n|faint|p2b: Kyogre\n|-ability|p1a: Calyrex|Chilling Neigh|boost\n|-boost|p1a: Calyrex|atk|1\n|\n|-weather|none\n|-end|p1a: Calyrex|move: Taunt\n|upkeep\n|\n|t:|1774763856\n|switch|p2b: Calyrex|Calyrex-Ice, L50|100/100\n|-ability|p2b: Calyrex|As One\n|-ability|p2b: Calyrex|Unnerve\n|turn|6\n|\n|t:|1774763868\n|-terastallize|p2b: Calyrex|Ice\n|move|p1b: Maushold|Population Bomb|p2b: Calyrex\n|-damage|p2b: Calyrex|92/100\n|-damage|p2b: Calyrex|83/100\n|-damage|p2b: Calyrex|74/100\n|-damage|p2b: Calyrex|66/100\n|-damage|p2b: Calyrex|58/100\n|-damage|p2b: Calyrex|50/100\n|-damage|p2b: Calyrex|41/100\n|-damage|p2b: Calyrex|34/100\n|-damage|p2b: Calyrex|25/100\n|-damage|p2b: Calyrex|18/100\n|-hitcount|p2b: Calyrex|10\n|move|p2b: Calyrex|Glacial Lance|p1b: Maushold|[spread] p1a,p1b\n|-resisted|p1a: Calyrex\n|-damage|p1a: Calyrex|8/100\n|-damage|p1b: Maushold|0 fnt\n|faint|p1b: Maushold\n|-ability|p2b: Calyrex|Chilling Neigh|boost\n|-boost|p2b: Calyrex|atk|1\n|-damage|p2b: Calyrex|8/100|[from] item: Life Orb\n|move|p1a: Calyrex|Crunch|p2b: Calyrex\n|-damage|p2b: Calyrex|0 fnt\n|faint|p2b: Calyrex\n|\n|win|1VLTSQ Joker\n|raw|1VLTSQ Joker's rating: 1569 &rarr; <strong>1586</strong><br />(+17 for winning)\n|raw|wonga park's rating: 1514 &rarr; <strong>1497</strong><br />(-17 for losing)\n|l|\u2606wonga park\n|player|p2|\n|l|\u26061VLTSQ Joker\n|player|p1|\n","uploadtime":1774764107,"views":18,"formatid":"gen9vgc2026regi","rating":1497,"private":0,"password":null}