{"id":"gen9vgc2026regi-2540025324","format":"[Gen 9] VGC 2026 Reg I","players":["raigonjoy","SEITA"],"log":"|j|\u2606raigonjoy\n|j|\u2606SEITA\n|t:|1771147307\n|gametype|doubles\n|player|p1|raigonjoy|2|1583\n|player|p2|SEITA|lucas-gen4pt|1531\n|gen|9\n|tier|[Gen 9] VGC 2026 Reg I\n|rated|\n|rule|Species Clause: Limit one of each Pok\u00e9mon\n|rule|Item Clause: Limit 1 of each item\n|clearpoke\n|poke|p1|Whimsicott, L50, F|\n|poke|p1|Urshifu-*, L50, M|\n|poke|p1|Ursaluna, L50, M|\n|poke|p1|Miraidon, L50|\n|poke|p1|Lunala, L50|\n|poke|p1|Incineroar, L50, M|\n|poke|p2|Zamazenta-*, L50|\n|poke|p2|Kyogre, L50|\n|poke|p2|Wo-Chien, L50|\n|poke|p2|Grimmsnarl, L50, M|\n|poke|p2|Rhyperior, L50, F|\n|poke|p2|Ditto, L50|\n|teampreview|4\n|inactive|Battle timer is ON: inactive players will automatically lose when time's up. (requested by raigonjoy)\n|\n|t:|1771147324\n|teamsize|p1|4\n|teamsize|p2|4\n|start\n|switch|p1a: Miraidon|Miraidon, L50, shiny|100/100\n|switch|p1b: Lunala|Lunala, L50, shiny|100/100\n|switch|p2a: Grimmsnarl|Grimmsnarl, L50, M|100/100\n|switch|p2b: Zamazenta|Zamazenta-Crowned, L50|100/100\n|-fieldstart|move: Electric Terrain|[from] ability: Hadron Engine|[of] p1a: Miraidon\n|-enditem|p1b: Lunala|Electric Seed\n|-boost|p1b: Lunala|def|1|[from] item: Electric Seed\n|-ability|p2b: Zamazenta|Dauntless Shield|boost\n|-boost|p2b: Zamazenta|def|1\n|turn|1\n|inactive|raigonjoy has 30 seconds left.\n|\n|t:|1771147359\n|move|p2a: Grimmsnarl|Parting Shot|p1b: Lunala\n|-unboost|p1b: Lunala|atk|1\n|-unboost|p1b: Lunala|spa|1\n|\n|t:|1771147362\n|switch|p2a: Rhyperior|Rhyperior, L50, F|100/100|[from] Parting Shot\n|move|p1a: Miraidon|Electro Drift|p2a: Rhyperior\n|-ability|p2a: Rhyperior|Lightning Rod|boost\n|-boost|p2a: Rhyperior|spa|1\n|move|p2b: Zamazenta|Body Press|p1a: Miraidon\n|-damage|p1a: Miraidon|37/100\n|move|p1b: Lunala|Moonblast|p2a: Rhyperior\n|-damage|p2a: Rhyperior|83/100\n|\n|upkeep\n|turn|2\n|\n|t:|1771147383\n|move|p1a: Miraidon|Protect|p1a: Miraidon\n|-singleturn|p1a: Miraidon|Protect\n|move|p2b: Zamazenta|Body Press|p1a: Miraidon\n|-activate|p1a: Miraidon|move: Protect\n|move|p1b: Lunala|Moongeist Beam|p2b: Zamazenta\n|-damage|p2b: Zamazenta|76/100\n|move|p2a: Rhyperior|Crunch|p1b: Lunala\n|-supereffective|p1b: Lunala\n|-damage|p1b: Lunala|71/100\n|\n|upkeep\n|turn|3\n|inactive|raigonjoy has 30 seconds left.\n|\n|t:|1771147418\n|switch|p1a: Urshifu|Urshifu-Rapid-Strike, L50, M|100/100\n|move|p2b: Zamazenta|Body Press|p1a: Urshifu\n|-damage|p1a: Urshifu|36/100\n|move|p1b: Lunala|Moongeist Beam|p2b: Zamazenta\n|-damage|p2b: Zamazenta|50/100\n|move|p2a: Rhyperior|Crunch|p1b: Lunala\n|-supereffective|p1b: Lunala\n|-damage|p1b: Lunala|13/100\n|\n|upkeep\n|turn|4\n|\n|t:|1771147440\n|switch|p1b: Incineroar|Incineroar, L50, M, shiny|100/100\n|-ability|p1b: Incineroar|Intimidate|boost\n|-unboost|p2a: Rhyperior|atk|1\n|-unboost|p2b: Zamazenta|atk|1\n|-terastallize|p1a: Urshifu|Ghost\n|-terastallize|p2a: Rhyperior|Water\n|move|p2b: Zamazenta|Behemoth Bash|p1b: Incineroar\n|-resisted|p1b: Incineroar\n|-damage|p1b: Incineroar|88/100\n|move|p1a: Urshifu|Surging Strikes|p2b: Zamazenta\n|-crit|p2b: Zamazenta\n|-damage|p2b: Zamazenta|32/100\n|-crit|p2b: Zamazenta\n|-damage|p2b: Zamazenta|13/100\n|-crit|p2b: Zamazenta\n|-damage|p2b: Zamazenta|0 fnt\n|faint|p2b: Zamazenta\n|-hitcount|p2: Zamazenta|3\n|move|p2a: Rhyperior|High Horsepower|p1a: Urshifu\n|-damage|p1a: Urshifu|0 fnt\n|faint|p1a: Urshifu\n|\n|upkeep\n|\n|t:|1771147464\n|switch|p2b: Grimmsnarl|Grimmsnarl, L50, M|100/100\n|switch|p1a: Miraidon|Miraidon, L50, shiny|37/100\n|-activate|p1a: Miraidon|ability: Hadron Engine\n|turn|5\n|\n|t:|1771147480\n|move|p1b: Incineroar|Fake Out|p2b: Grimmsnarl\n|-damage|p2b: Grimmsnarl|91/100\n|cant|p2b: Grimmsnarl|flinch\n|move|p1a: Miraidon|Draco Meteor|p2a: Rhyperior\n|-damage|p2a: Rhyperior|0 fnt\n|-unboost|p1a: Miraidon|spa|2\n|faint|p2a: Rhyperior\n|-damage|p1a: Miraidon|27/100|[from] item: Life Orb\n|\n|-fieldend|move: Electric Terrain\n|upkeep\n|j| HeroUBW\n|\n|t:|1771147493\n|switch|p2a: Kyogre|Kyogre, L50|100/100\n|-weather|RainDance|[from] ability: Drizzle|[of] p2a: Kyogre\n|turn|6\n|inactive|raigonjoy has 30 seconds left.\n|\n|t:|1771147523\n|switch|p1b: Lunala|Lunala, L50, shiny|13/100\n|move|p1a: Miraidon|Protect|p1a: Miraidon\n|-singleturn|p1a: Miraidon|Protect\n|move|p2b: Grimmsnarl|Light Screen|p2b: Grimmsnarl\n|-sidestart|p2: SEITA|move: Light Screen\n|move|p2a: Kyogre|Origin Pulse|p1a: Miraidon|[spread] p1b\n|-activate|p1a: Miraidon|move: Protect\n|-damage|p1b: Lunala|0 fnt\n|faint|p1b: Lunala\n|\n|-weather|RainDance|[upkeep]\n|upkeep\n|\n|t:|1771147533\n|switch|p1b: Incineroar|Incineroar, L50, M, shiny|88/100\n|-ability|p1b: Incineroar|Intimidate|boost\n|-unboost|p2a: Kyogre|atk|1\n|-unboost|p2b: Grimmsnarl|atk|1\n|turn|7\n|\n|t:|1771147546\n|move|p2a: Kyogre|Protect|p2a: Kyogre\n|-singleturn|p2a: Kyogre|Protect\n|move|p1b: Incineroar|Fake Out|p2b: Grimmsnarl\n|-damage|p2b: Grimmsnarl|81/100\n|cant|p2b: Grimmsnarl|flinch\n|move|p1a: Miraidon|Electro Drift|p2b: Grimmsnarl\n|-damage|p2b: Grimmsnarl|51/100\n|-damage|p1a: Miraidon|17/100|[from] item: Life Orb\n|\n|-weather|RainDance|[upkeep]\n|upkeep\n|turn|8\n|-message|raigonjoy forfeited.\n|\n|win|SEITA\n|raw|raigonjoy's rating: 1583 &rarr; <strong>1560</strong><br />(-23 for losing)\n|raw|SEITA's rating: 1531 &rarr; <strong>1554</strong><br />(+23 for winning)\n|l|\u2606raigonjoy\n|player|p1|\n|j|\u2606raigonjoy\n|player|p1|raigonjoy|2|\n|l|\u2606SEITA\n|player|p2|\n|l|\u2606raigonjoy\n|player|p1|\n","uploadtime":1771147559,"views":59,"formatid":"gen9vgc2026regi","rating":1554,"private":0,"password":null}