{"id":"gen9vgc2026regi-2561653594","format":"[Gen 9] VGC 2026 Reg I","players":["sheeshshane925","Alteraltaltaccount"],"log":"|j|\u2606sheeshshane925\n|j|\u2606Alteraltaltaccount\n|t:|1773828357\n|gametype|doubles\n|player|p1|sheeshshane925|chuck|1414\n|player|p2|Alteraltaltaccount|1|1369\n|gen|9\n|tier|[Gen 9] VGC 2026 Reg I\n|rated|\n|rule|Species Clause: Limit one of each Pok\u00e9mon\n|rule|Item Clause: Limit 1 of each item\n|clearpoke\n|poke|p1|Calyrex-Ice, L50|\n|poke|p1|Miraidon, L50|\n|poke|p1|Farigiraf, L50, M|\n|poke|p1|Iron Hands, L50|\n|poke|p1|Scraggy, L50, M|\n|poke|p1|Iron Bundle, L50|\n|poke|p2|Farigiraf, L50, M|\n|poke|p2|Miraidon, L50|\n|poke|p2|Iron Hands, L50|\n|poke|p2|Ogerpon-Hearthflame, L50, F|\n|poke|p2|Koraidon, L50|\n|poke|p2|Flutter Mane, L50|\n|teampreview|4\n|j| Jerald Jimes\n|\n|t:|1773828395\n|teamsize|p1|4\n|teamsize|p2|4\n|start\n|switch|p1a: Miraidon|Miraidon, L50, shiny|100/100\n|switch|p1b: Iron Bundle|Iron Bundle, L50|100/100\n|switch|p2a: Ogerpon|Ogerpon-Hearthflame, L50, F|100/100\n|switch|p2b: Miraidon|Miraidon, L50, shiny|100/100\n|-fieldstart|move: Electric Terrain|[from] ability: Hadron Engine|[of] p2b: Miraidon\n|-activate|p1b: Iron Bundle|ability: Quark Drive\n|-start|p1b: Iron Bundle|quarkdrivespe\n|-activate|p1a: Miraidon|ability: Hadron Engine\n|-ability|p2a: Ogerpon|Mold Breaker\n|turn|1\n|inactive|Battle timer is ON: inactive players will automatically lose when time's up. (requested by sheeshshane925)\n|\n|t:|1773828414\n|-terastallize|p2b: Miraidon|Fairy\n|move|p1a: Miraidon|Protect|p1a: Miraidon\n|-singleturn|p1a: Miraidon|Protect\n|move|p1b: Iron Bundle|Icy Wind|p2b: Miraidon|[spread] p2a,p2b\n|-damage|p2a: Ogerpon|82/100\n|-damage|p2b: Miraidon|85/100\n|-unboost|p2a: Ogerpon|spe|1\n|-unboost|p2b: Miraidon|spe|1\n|move|p2b: Miraidon|Dazzling Gleam|p1a: Miraidon|[spread] p1b\n|-activate|p1a: Miraidon|move: Protect\n|-enditem|p1b: Iron Bundle|Focus Sash\n|-damage|p1b: Iron Bundle|1/100\n|move|p2a: Ogerpon|Ivy Cudgel|p1a: Miraidon|[anim] Ivy Cudgel Fire\n|-activate|p1a: Miraidon|move: Protect\n|\n|upkeep\n|turn|2\n|\n|t:|1773828429\n|move|p1b: Iron Bundle|Protect|p1b: Iron Bundle\n|-singleturn|p1b: Iron Bundle|Protect\n|move|p2a: Ogerpon|Follow Me|p2a: Ogerpon\n|-singleturn|p2a: Ogerpon|move: Follow Me\n|move|p1a: Miraidon|Electro Drift|p2a: Ogerpon\n|-resisted|p2a: Ogerpon\n|-damage|p2a: Ogerpon|13/100\n|-damage|p1a: Miraidon|91/100|[from] item: Life Orb\n|move|p2b: Miraidon|Dazzling Gleam|p1b: Iron Bundle|[spread] p1a\n|-activate|p1b: Iron Bundle|move: Protect\n|-supereffective|p1a: Miraidon\n|-damage|p1a: Miraidon|0 fnt\n|faint|p1a: Miraidon\n|\n|upkeep\n|\n|t:|1773828437\n|switch|p1a: Calyrex|Calyrex-Ice, L50|100/100\n|-ability|p1a: Calyrex|As One\n|-ability|p1a: Calyrex|Unnerve\n|turn|3\n|\n|t:|1773828462\n|switch|p2a: Iron Hands|Iron Hands, L50|100/100\n|-activate|p2a: Iron Hands|ability: Quark Drive\n|-start|p2a: Iron Hands|quarkdriveatk\n|-terastallize|p1a: Calyrex|Fire\n|move|p1b: Iron Bundle|Encore|p2b: Miraidon\n|-start|p2b: Miraidon|Encore\n|move|p2b: Miraidon|Dazzling Gleam|p1a: Calyrex|[spread] p1a,p1b\n|-resisted|p1a: Calyrex\n|-damage|p1a: Calyrex|78/100\n|-damage|p1b: Iron Bundle|0 fnt\n|faint|p1b: Iron Bundle\n|-end|p1b: Iron Bundle|Quark Drive|[silent]\n|move|p1a: Calyrex|Trick Room|p1a: Calyrex\n|-fieldstart|move: Trick Room|[of] p1a: Calyrex\n|\n|upkeep\n|\n|t:|1773828470\n|switch|p1b: Scraggy|Scraggy, L50, M|100/100\n|-ability|p1b: Scraggy|Intimidate|boost\n|-unboost|p2a: Iron Hands|atk|1\n|-unboost|p2b: Miraidon|atk|1\n|turn|4\n|\n|t:|1773828494\n|move|p1b: Scraggy|Fake Out|p2b: Miraidon\n|-damage|p2b: Miraidon|77/100\n|move|p2a: Iron Hands|Fake Out|p1b: Scraggy\n|-damage|p1b: Scraggy|88/100\n|move|p1a: Calyrex|Glacial Lance|p2b: Miraidon|[spread] p2a,p2b\n|-damage|p2a: Iron Hands|55/100\n|-damage|p2b: Miraidon|24/100\n|cant|p2b: Miraidon|flinch\n|\n|upkeep\n|turn|5\n|\n|t:|1773828505\n|move|p1b: Scraggy|Coaching|p1a: Calyrex\n|-boost|p1a: Calyrex|atk|1\n|-boost|p1a: Calyrex|def|1\n|move|p1a: Calyrex|Glacial Lance|p2b: Miraidon|[spread] p2a,p2b\n|-damage|p2a: Iron Hands|0 fnt\n|-damage|p2b: Miraidon|0 fnt\n|faint|p2a: Iron Hands\n|-end|p2a: Iron Hands|Quark Drive|[silent]\n|faint|p2b: Miraidon\n|-ability|p1a: Calyrex|Chilling Neigh|boost\n|-boost|p1a: Calyrex|atk|2\n|\n|-fieldend|move: Electric Terrain\n|upkeep\n|\n|t:|1773828509\n|switch|p2a: Ogerpon|Ogerpon-Hearthflame, L50, F|13/100\n|switch|p2b: Koraidon|Koraidon, L50|100/100\n|-ability|p2a: Ogerpon|Mold Breaker\n|-weather|SunnyDay|[from] ability: Orichalcum Pulse|[of] p2b: Koraidon\n|-activate|p2b: Koraidon|Orichalcum Pulse|[source]\n|turn|6\n|-message|Alteraltaltaccount forfeited.\n|\n|win|sheeshshane925\n|raw|sheeshshane925's rating: 1414 &rarr; <strong>1431</strong><br />(+17 for winning)\n|raw|Alteraltaltaccount's rating: 1369 &rarr; <strong>1352</strong><br />(-17 for losing)\n|l|\u2606Alteraltaltaccount\n|player|p2|\n|l|\u2606sheeshshane925\n|player|p1|\n","uploadtime":1773828745,"views":11,"formatid":"gen9vgc2026regi","rating":1352,"private":0,"password":null}