{"id":"gen9vgc2026regi-2522686328","format":"[Gen 9] VGC 2026 Reg I","players":["kojimuranishi","XiaoBBB"],"log":"|j|\u2606kojimuranishi\n|j|\u2606XiaoBBB\n|t:|1768934686\n|gametype|doubles\n|player|p1|kojimuranishi|2|1410\n|player|p2|XiaoBBB|1|1384\n|gen|9\n|tier|[Gen 9] VGC 2026 Reg I\n|rated|\n|rule|Species Clause: Limit one of each Pok\u00e9mon\n|rule|Item Clause: Limit 1 of each item\n|clearpoke\n|poke|p1|Zamazenta-*, L50|\n|poke|p1|Lunala, L50|\n|poke|p1|Chien-Pao, L50|\n|poke|p1|Dragonite, L50, F|\n|poke|p1|Landorus, L50, M|\n|poke|p1|Urshifu-*, L50, M|\n|poke|p2|Eternatus, L50|\n|poke|p2|Calyrex-Shadow, L50|\n|poke|p2|Kingambit, L50, F|\n|poke|p2|Ogerpon-Wellspring, L50, F|\n|poke|p2|Incineroar, L50, F|\n|poke|p2|Tornadus, L50, M|\n|teampreview|4\n|inactive|Battle timer is ON: inactive players will automatically lose when time's up. (requested by kojimuranishi)\n|j| riyuezi\n|\n|t:|1768934732\n|teamsize|p1|4\n|teamsize|p2|4\n|start\n|switch|p1a: Zamazenta|Zamazenta-Crowned, L50|100/100\n|switch|p1b: Lunala|Lunala, L50|100/100\n|switch|p2a: Tornadus|Tornadus, L50, M|100/100\n|switch|p2b: Eternatus|Eternatus, L50|100/100\n|-ability|p2b: Eternatus|Pressure\n|-ability|p1a: Zamazenta|Dauntless Shield|boost\n|-boost|p1a: Zamazenta|def|1\n|turn|1\n|\n|t:|1768934753\n|move|p2a: Tornadus|Sunny Day|p2a: Tornadus\n|-weather|SunnyDay\n|move|p2b: Eternatus|Flamethrower|p1a: Zamazenta\n|-supereffective|p1a: Zamazenta\n|-damage|p1a: Zamazenta|10/100\n|move|p1a: Zamazenta|Body Press|p2b: Eternatus\n|-resisted|p2b: Eternatus\n|-damage|p2b: Eternatus|74/100\n|move|p1b: Lunala|Meteor Beam||[still]\n|-prepare|p1b: Lunala|Meteor Beam\n|-boost|p1b: Lunala|spa|1\n|-enditem|p1b: Lunala|Power Herb\n|-anim|p1b: Lunala|Meteor Beam|p2a: Tornadus\n|-supereffective|p2a: Tornadus\n|-damage|p2a: Tornadus|0 fnt\n|faint|p2a: Tornadus\n|\n|-weather|SunnyDay|[upkeep]\n|upkeep\n|\n|t:|1768934775\n|switch|p2a: Incineroar|Incineroar, L50, F|100/100\n|-ability|p2a: Incineroar|Intimidate|boost\n|-unboost|p1a: Zamazenta|atk|1\n|-unboost|p1b: Lunala|atk|1\n|turn|2\n|\n|t:|1768934785\n|move|p2b: Eternatus|Flamethrower|p1a: Zamazenta\n|-supereffective|p1a: Zamazenta\n|-damage|p1a: Zamazenta|0 fnt\n|faint|p1a: Zamazenta\n|move|p1b: Lunala|Moongeist Beam|p2b: Eternatus\n|-damage|p2b: Eternatus|6/100\n|move|p2a: Incineroar|Knock Off|p1b: Lunala\n|-supereffective|p1b: Lunala\n|-damage|p1b: Lunala|56/100\n|\n|-weather|SunnyDay|[upkeep]\n|upkeep\n|\n|t:|1768934800\n|switch|p1a: Landorus|Landorus, L50, M|100/100\n|turn|3\n|inactive|XiaoBBB has 30 seconds left.\n|\n|t:|1768934832\n|-terastallize|p2a: Incineroar|Bug\n|move|p1a: Landorus|Sandsear Storm|p2b: Eternatus|[spread] p2a,p2b\n|-resisted|p2a: Incineroar\n|-supereffective|p2b: Eternatus\n|-damage|p2a: Incineroar|82/100\n|-damage|p2b: Eternatus|0 fnt\n|faint|p2b: Eternatus\n|move|p1b: Lunala|Moonblast|p2a: Incineroar\n|-damage|p2a: Incineroar|43/100\n|move|p2a: Incineroar|Knock Off|p1a: Landorus\n|-damage|p1a: Landorus|60/100\n|-enditem|p1a: Landorus|Choice Scarf|[from] move: Knock Off|[of] p2a: Incineroar\n|\n|-weather|SunnyDay|[upkeep]\n|upkeep\n|\n|t:|1768934846\n|switch|p2b: Calyrex|Calyrex-Shadow, L50|100/100\n|-ability|p2b: Calyrex|As One\n|-ability|p2b: Calyrex|Unnerve\n|turn|4\n|inactive|kojimuranishi has 30 seconds left.\n|inactive|XiaoBBB has 30 seconds left.\n|inactive|XiaoBBB has 20 seconds left.\n|inactive|XiaoBBB has 15 seconds left.\n|inactive|XiaoBBB has 10 seconds left.\n|\n|t:|1768934893\n|-terastallize|p1b: Lunala|Normal\n|move|p2b: Calyrex|Psychic|p1a: Landorus\n|-damage|p1a: Landorus|0 fnt\n|faint|p1a: Landorus\n|-ability|p2b: Calyrex|Grim Neigh|boost\n|-boost|p2b: Calyrex|spa|1\n|move|p1b: Lunala|Moongeist Beam|p2a: Incineroar\n|-damage|p2a: Incineroar|0 fnt\n|faint|p2a: Incineroar\n|\n|-weather|SunnyDay|[upkeep]\n|upkeep\n|\n|t:|1768934907\n|switch|p1a: Chien-Pao|Chien-Pao, L50|100/100\n|-ability|p1a: Chien-Pao|Sword of Ruin\n|turn|5\n|\n|t:|1768934914\n|move|p2b: Calyrex|Psychic|p1b: Lunala\n|-damage|p1b: Lunala|0 fnt\n|faint|p1b: Lunala\n|-ability|p2b: Calyrex|Grim Neigh|boost\n|-boost|p2b: Calyrex|spa|1\n|move|p1a: Chien-Pao|Crunch|p2b: Calyrex\n|-supereffective|p2b: Calyrex\n|-enditem|p2b: Calyrex|Focus Sash\n|-damage|p2b: Calyrex|1/100\n|-damage|p1a: Chien-Pao|91/100|[from] item: Life Orb\n|\n|-weather|none\n|upkeep\n|turn|6\n|\n|t:|1768934933\n|move|p2b: Calyrex|Protect|p2b: Calyrex\n|-singleturn|p2b: Calyrex|Protect\n|move|p1a: Chien-Pao|Protect||[still]\n|-fail|p1a: Chien-Pao\n|\n|upkeep\n|turn|7\n|\n|t:|1768934940\n|move|p1a: Chien-Pao|Sucker Punch||[still]\n|-fail|p1a: Chien-Pao\n|move|p2b: Calyrex|Encore|p1a: Chien-Pao\n|-start|p1a: Chien-Pao|Encore\n|\n|upkeep\n|turn|8\n|\n|t:|1768934950\n|move|p2b: Calyrex|Protect|p2b: Calyrex\n|-singleturn|p2b: Calyrex|Protect\n|move|p1a: Chien-Pao|Sucker Punch||[still]\n|-fail|p1a: Chien-Pao\n|\n|upkeep\n|turn|9\n|\n|t:|1768934962\n|move|p2b: Calyrex|Protect||[still]\n|-fail|p2b: Calyrex\n|move|p1a: Chien-Pao|Sucker Punch||[still]\n|-fail|p1a: Chien-Pao\n|\n|upkeep\n|turn|10\n|\n|t:|1768934969\n|move|p2b: Calyrex|Protect|p2b: Calyrex\n|-singleturn|p2b: Calyrex|Protect\n|move|p1a: Chien-Pao|Sucker Punch||[still]\n|-fail|p1a: Chien-Pao\n|\n|-end|p1a: Chien-Pao|Encore\n|upkeep\n|turn|11\n|inactive|kojimuranishi has 30 seconds left.\n|\n|t:|1768934997\n|move|p1a: Chien-Pao|Protect|p1a: Chien-Pao\n|-singleturn|p1a: Chien-Pao|Protect\n|move|p2b: Calyrex|Encore|p1a: Chien-Pao\n|-activate|p1a: Chien-Pao|move: Protect\n|\n|upkeep\n|turn|12\n|\n|t:|1768935005\n|move|p1a: Chien-Pao|Protect|p1a: Chien-Pao\n|-singleturn|p1a: Chien-Pao|Protect\n|move|p2b: Calyrex|Encore|p1a: Chien-Pao\n|-activate|p1a: Chien-Pao|move: Protect\n|\n|upkeep\n|turn|13\n|\n|t:|1768935016\n|move|p1a: Chien-Pao|Protect||[still]\n|-fail|p1a: Chien-Pao\n|move|p2b: Calyrex|Encore|p1a: Chien-Pao\n|-start|p1a: Chien-Pao|Encore\n|\n|upkeep\n|turn|14\n|\n|t:|1768935024\n|move|p2b: Calyrex|Protect|p2b: Calyrex\n|-singleturn|p2b: Calyrex|Protect\n|move|p1a: Chien-Pao|Protect||[still]\n|-fail|p1a: Chien-Pao\n|\n|upkeep\n|turn|15\n|\n|t:|1768935030\n|move|p1a: Chien-Pao|Protect|p1a: Chien-Pao\n|-singleturn|p1a: Chien-Pao|Protect\n|move|p2b: Calyrex|Astral Barrage|p1a: Chien-Pao\n|-activate|p1a: Chien-Pao|move: Protect\n|\n|upkeep\n|turn|16\n|\n|t:|1768935038\n|move|p1a: Chien-Pao|Protect|p1a: Chien-Pao\n|-singleturn|p1a: Chien-Pao|Protect\n|move|p2b: Calyrex|Astral Barrage|p1a: Chien-Pao\n|-activate|p1a: Chien-Pao|move: Protect\n|\n|-end|p1a: Chien-Pao|Encore\n|upkeep\n|turn|17\n|\n|t:|1768935059\n|move|p1a: Chien-Pao|Protect||[still]\n|-fail|p1a: Chien-Pao\n|move|p2b: Calyrex|Encore|p1a: Chien-Pao\n|-start|p1a: Chien-Pao|Encore\n|\n|upkeep\n|turn|18\n|l| riyuezi\n|j| riyuezi\n|\n|t:|1768935067\n|move|p2b: Calyrex|Protect|p2b: Calyrex\n|-singleturn|p2b: Calyrex|Protect\n|move|p1a: Chien-Pao|Protect||[still]\n|-fail|p1a: Chien-Pao\n|\n|upkeep\n|turn|19\n|l| riyuezi\n|\n|t:|1768935075\n|move|p1a: Chien-Pao|Protect|p1a: Chien-Pao\n|-singleturn|p1a: Chien-Pao|Protect\n|move|p2b: Calyrex|Astral Barrage|p1a: Chien-Pao\n|-activate|p1a: Chien-Pao|move: Protect\n|\n|upkeep\n|turn|20\n|\n|t:|1768935084\n|move|p1a: Chien-Pao|Protect||[still]\n|-fail|p1a: Chien-Pao\n|move|p2b: Calyrex|Astral Barrage|p1a: Chien-Pao\n|-resisted|p1a: Chien-Pao\n|-damage|p1a: Chien-Pao|0 fnt\n|faint|p1a: Chien-Pao\n|\n|win|XiaoBBB\n|raw|kojimuranishi's rating: 1410 &rarr; <strong>1389</strong><br />(-21 for losing)\n|raw|XiaoBBB's rating: 1384 &rarr; <strong>1405</strong><br />(+21 for winning)\n|l|\u2606XiaoBBB\n|player|p2|\n|l|\u2606kojimuranishi\n|player|p1|\n","uploadtime":1768935339,"views":16,"formatid":"gen9vgc2026regi","rating":1389,"private":0,"password":null}