{"id":"gen9vgc2026regi-2541293856","format":"[Gen 9] VGC 2026 Reg I","players":["lalo's pollos","Sakuraa2004"],"log":"|j|\u2606lalo's pollos\n|j|\u2606Sakuraa2004\n|t:|1771311772\n|gametype|doubles\n|player|p1|lalo's pollos|102|1449\n|player|p2|Sakuraa2004|norman|1370\n|gen|9\n|tier|[Gen 9] VGC 2026 Reg I\n|rated|\n|rule|Species Clause: Limit one of each Pok\u00e9mon\n|rule|Item Clause: Limit 1 of each item\n|clearpoke\n|poke|p1|Zamazenta-*, L50|\n|poke|p1|Lunala, L50|\n|poke|p1|Rillaboom, L50, F|\n|poke|p1|Incineroar, L50, M|\n|poke|p1|Urshifu-*, L50, F|\n|poke|p1|Tornadus, L50, M|\n|poke|p2|Miraidon, L50|\n|poke|p2|Lunala, L50|\n|poke|p2|Whimsicott, L50, F|\n|poke|p2|Urshifu-*, L50, M|\n|poke|p2|Incineroar, L50, F|\n|poke|p2|Ursaluna, L50, F|\n|teampreview|4\n|inactive|Battle timer is ON: inactive players will automatically lose when time's up. (requested by Sakuraa2004)\n|\n|t:|1771311802\n|teamsize|p1|4\n|teamsize|p2|4\n|start\n|switch|p1a: Lunala|Lunala, L50|100/100\n|switch|p1b: Rillaboom|Rillaboom, L50, F|100/100\n|switch|p2a: Lunala|Lunala, L50|100/100\n|switch|p2b: Incineroar|Incineroar, L50, F|100/100\n|-fieldstart|move: Grassy Terrain|[from] ability: Grassy Surge|[of] p1b: Rillaboom\n|-ability|p2b: Incineroar|Intimidate|boost\n|-unboost|p1a: Lunala|atk|1\n|-unboost|p1b: Rillaboom|atk|1\n|turn|1\n|l|\u2606Sakuraa2004\n|inactive|Sakuraa2004 disconnected and has a minute to reconnect!\n|player|p2|\n|j|\u2606Sakuraa2004\n|inactive|Sakuraa2004 reconnected and has 35 seconds left.\n|player|p2|Sakuraa2004|norman|\n|inactive|Sakuraa2004 has 30 seconds left.\n|\n|t:|1771311830\n|-terastallize|p1a: Lunala|Fairy\n|move|p1b: Rillaboom|Fake Out|p2b: Incineroar\n|-damage|p2b: Incineroar|93/100\n|move|p1a: Lunala|Calm Mind|p1a: Lunala\n|-boost|p1a: Lunala|spa|1\n|-boost|p1a: Lunala|spd|1\n|cant|p2b: Incineroar|flinch\n|move|p2a: Lunala|Trick Room|p2a: Lunala\n|-fieldstart|move: Trick Room|[of] p2a: Lunala\n|\n|-heal|p2b: Incineroar|99/100|[from] Grassy Terrain\n|upkeep\n|turn|2\n|\n|t:|1771311845\n|move|p1a: Lunala|Protect|p1a: Lunala\n|-singleturn|p1a: Lunala|Protect\n|move|p2b: Incineroar|U-turn|p1b: Rillaboom\n|-supereffective|p1b: Rillaboom\n|-damage|p1b: Rillaboom|66/100\n|\n|t:|1771311850\n|switch|p2b: Ursaluna|Ursaluna, L50, F|100/100|[from] U-turn\n|move|p2a: Lunala|Moongeist Beam|p1b: Rillaboom\n|-damage|p1b: Rillaboom|25/100\n|move|p1b: Rillaboom|U-turn|p2b: Ursaluna\n|-damage|p2b: Ursaluna|91/100\n|\n|t:|1771311858\n|switch|p1b: Zamazenta|Zamazenta-Crowned, L50|100/100|[from] U-turn\n|-ability|p1b: Zamazenta|Dauntless Shield|boost\n|-boost|p1b: Zamazenta|def|1\n|\n|-heal|p2b: Ursaluna|97/100|[from] Grassy Terrain\n|-status|p2b: Ursaluna|brn|[from] item: Flame Orb\n|upkeep\n|turn|3\n|\n|t:|1771311869\n|move|p2b: Ursaluna|Protect|p2b: Ursaluna\n|-singleturn|p2b: Ursaluna|Protect\n|move|p2a: Lunala|Moongeist Beam|p1a: Lunala\n|-damage|p1a: Lunala|86/100\n|move|p1a: Lunala|Moongeist Beam|p2a: Lunala\n|-supereffective|p2a: Lunala\n|-damage|p2a: Lunala|0 fnt\n|faint|p2a: Lunala\n|move|p1b: Zamazenta|Body Press|p2b: Ursaluna\n|-activate|p2b: Ursaluna|move: Protect\n|\n|-heal|p2b: Ursaluna|100/100 brn|[from] Grassy Terrain\n|-heal|p1a: Lunala|92/100|[from] Grassy Terrain\n|-heal|p1a: Lunala|98/100|[from] item: Leftovers\n|-damage|p2b: Ursaluna|94/100 brn|[from] brn\n|upkeep\n|\n|t:|1771311880\n|switch|p2a: Urshifu|Urshifu-Rapid-Strike, L50, M|100/100\n|turn|4\n|\n|t:|1771311896\n|switch|p1a: Tornadus|Tornadus, L50, M|100/100\n|-terastallize|p2b: Ursaluna|Ghost\n|move|p2b: Ursaluna|Headlong Rush|p1b: Zamazenta\n|-supereffective|p1b: Zamazenta\n|-damage|p1b: Zamazenta|19/100\n|-unboost|p2b: Ursaluna|def|1\n|-unboost|p2b: Ursaluna|spd|1\n|move|p2a: Urshifu|Surging Strikes|p1a: Tornadus\n|-crit|p1a: Tornadus\n|-damage|p1a: Tornadus|50/100\n|-crit|p1a: Tornadus\n|-damage|p1a: Tornadus|1/100\n|-crit|p1a: Tornadus\n|-damage|p1a: Tornadus|0 fnt\n|faint|p1a: Tornadus\n|-hitcount|p1: Tornadus|3\n|move|p1b: Zamazenta|Body Press|p2b: Ursaluna\n|-immune|p2b: Ursaluna\n|\n|-heal|p2b: Ursaluna|100/100 brn|[from] Grassy Terrain\n|-heal|p1b: Zamazenta|25/100|[from] Grassy Terrain\n|-damage|p2b: Ursaluna|94/100 brn|[from] brn\n|upkeep\n|\n|t:|1771311911\n|switch|p1a: Lunala|Lunala, L50, tera:Fairy|98/100\n|turn|5\n|\n|t:|1771311920\n|move|p2b: Ursaluna|Facade|p1a: Lunala\n|-damage|p1a: Lunala|0 fnt\n|faint|p1a: Lunala\n|move|p2a: Urshifu|Surging Strikes|p1b: Zamazenta\n|-crit|p1b: Zamazenta\n|-damage|p1b: Zamazenta|7/100\n|-crit|p1b: Zamazenta\n|-damage|p1b: Zamazenta|0 fnt\n|faint|p1b: Zamazenta\n|-hitcount|p1: Zamazenta|2\n|\n|-heal|p2b: Ursaluna|100/100 brn|[from] Grassy Terrain\n|-damage|p2b: Ursaluna|94/100 brn|[from] brn\n|-fieldend|move: Trick Room\n|-fieldend|move: Grassy Terrain\n|upkeep\n|-message|lalo's pollos forfeited.\n|\n|win|Sakuraa2004\n|raw|lalo&apos;s pollos's rating: 1449 &rarr; <strong>1425</strong><br />(-24 for losing)\n|raw|Sakuraa2004's rating: 1370 &rarr; <strong>1394</strong><br />(+24 for winning)\n|l|\u2606lalo's pollos\n|player|p1|\n|l|\u2606Sakuraa2004\n|player|p2|\n","uploadtime":1771312133,"views":13,"formatid":"gen9vgc2026regi","rating":1394,"private":0,"password":null}