{"id":"gen9vgc2026regi-2579589637","format":"[Gen 9] VGC 2026 Reg I","players":["yaochangzhe","Edvinpasta07"],"log":"|j|\u2606yaochangzhe\n|j|\u2606Edvinpasta07\n|t:|1775802200\n|gametype|doubles\n|player|p1|yaochangzhe|266|1478\n|player|p2|Edvinpasta07|miku-fire|1649\n|gen|9\n|tier|[Gen 9] VGC 2026 Reg I\n|rated|\n|rule|Species Clause: Limit one of each Pok\u00e9mon\n|rule|Item Clause: Limit 1 of each item\n|clearpoke\n|poke|p1|Kyogre, L50|\n|poke|p1|Calyrex-Ice, L50|\n|poke|p1|Urshifu-*, L50, F|\n|poke|p1|Grimmsnarl, L50, M|\n|poke|p1|Landorus, L50, M|\n|poke|p1|Rillaboom, L50, M|\n|poke|p2|Miraidon, L50|\n|poke|p2|Necrozma-Dawn-Wings, L50|\n|poke|p2|Ditto, L50|\n|poke|p2|Comfey, L50, F|\n|poke|p2|Incineroar, L50, M|\n|poke|p2|Smeargle, L50, F|\n|teampreview|4\n|inactive|Battle timer is ON: inactive players will automatically lose when time's up. (requested by Edvinpasta07)\n|\n|t:|1775802216\n|teamsize|p1|4\n|teamsize|p2|4\n|start\n|switch|p1a: Kyogre|Kyogre, L50|100/100\n|switch|p1b: Rillaboom|Rillaboom, L50, M|100/100\n|switch|p2a: Necrozma|Necrozma-Dawn-Wings, L50|100/100\n|switch|p2b: Incineroar|Incineroar, L50, M|100/100\n|-weather|RainDance|[from] ability: Drizzle|[of] p1a: Kyogre\n|-fieldstart|move: Grassy Terrain|[from] ability: Grassy Surge|[of] p1b: Rillaboom\n|-ability|p2b: Incineroar|Intimidate|boost\n|-unboost|p1a: Kyogre|atk|1\n|-unboost|p1b: Rillaboom|atk|1\n|turn|1\n|inactive|Edvinpasta07 has 30 seconds left.\n|inactive|Edvinpasta07 has 20 seconds left.\n|j| TheManOfSausage\n|inactive|Edvinpasta07 has 15 seconds left.\n|inactive|Edvinpasta07 has 10 seconds left.\n|\n|t:|1775802265\n|switch|p2a: Miraidon|Miraidon, L50|100/100\n|-fieldstart|move: Electric Terrain|[from] ability: Hadron Engine|[of] p2a: Miraidon\n|-terastallize|p2b: Incineroar|Bug\n|move|p1b: Rillaboom|Fake Out|p2b: Incineroar\n|-damage|p2b: Incineroar|93/100\n|cant|p2b: Incineroar|flinch\n|move|p1a: Kyogre|Water Spout|p2a: Miraidon|[spread] p2a,p2b\n|-resisted|p2a: Miraidon\n|-damage|p2a: Miraidon|58/100\n|-damage|p2b: Incineroar|15/100\n|\n|-weather|RainDance|[upkeep]\n|upkeep\n|turn|2\n|inactive|yaochangzhe has 30 seconds left.\n|inactive|yaochangzhe has 20 seconds left.\n|inactive|yaochangzhe has 15 seconds left.\n|inactive|yaochangzhe has 10 seconds left.\n|inactive|yaochangzhe has 5 seconds left.\n|\n|t:|1775802316\n|switch|p1a: Landorus|Landorus, L50, M|100/100\n|move|p2a: Miraidon|Draco Meteor|p1a: Landorus|[miss]\n|-miss|p2a: Miraidon|p1a: Landorus\n|move|p1b: Rillaboom|U-turn|p2b: Incineroar\n|-damage|p2b: Incineroar|1/100\n|\n|t:|1775802325\n|switch|p1b: Kyogre|Kyogre, L50|100/100|[from] U-turn\n|move|p2b: Incineroar|U-turn|p1b: Kyogre\n|-crit|p1b: Kyogre\n|-damage|p1b: Kyogre|67/100\n|\n|t:|1775802331\n|switch|p2b: Smeargle|Smeargle, L50, F|100/100|[from] U-turn\n|\n|-weather|RainDance|[upkeep]\n|upkeep\n|turn|3\n|inactive|Edvinpasta07 has 30 seconds left.\n|\n|t:|1775802359\n|switch|p1b: Rillaboom|Rillaboom, L50, M|100/100\n|-fieldstart|move: Grassy Terrain|[from] ability: Grassy Surge|[of] p1b: Rillaboom\n|move|p2a: Miraidon|Protect|p2a: Miraidon\n|-singleturn|p2a: Miraidon|Protect\n|move|p1a: Landorus|Sandsear Storm|p2b: Smeargle|[spread] p2b\n|-activate|p2a: Miraidon|move: Protect\n|-enditem|p2b: Smeargle|Focus Sash\n|-damage|p2b: Smeargle|1/100\n|move|p2b: Smeargle|Decorate|p2a: Miraidon\n|-boost|p2a: Miraidon|atk|2\n|-boost|p2a: Miraidon|spa|2\n|\n|-weather|RainDance|[upkeep]\n|-heal|p2a: Miraidon|64/100|[from] Grassy Terrain\n|-heal|p2b: Smeargle|7/100|[from] Grassy Terrain\n|upkeep\n|turn|4\n|\n|t:|1775802376\n|move|p1b: Rillaboom|Fake Out|p2a: Miraidon\n|-damage|p2a: Miraidon|51/100\n|move|p2b: Smeargle|Quick Guard|p2b: Smeargle\n|-singleturn|p2b: Smeargle|Quick Guard\n|cant|p2a: Miraidon|flinch\n|move|p1a: Landorus|Sandsear Storm|p2b: Smeargle|[spread] p2a,p2b\n|-supereffective|p2a: Miraidon\n|-damage|p2a: Miraidon|0 fnt\n|-damage|p2b: Smeargle|0 fnt\n|faint|p2a: Miraidon\n|faint|p2b: Smeargle\n|\n|-weather|RainDance|[upkeep]\n|upkeep\n|\n|t:|1775802381\n|switch|p2a: Incineroar|Incineroar, L50, M, tera:Bug|1/100\n|switch|p2b: Necrozma|Necrozma-Dawn-Wings, L50|100/100\n|-ability|p2a: Incineroar|Intimidate|boost\n|-unboost|p1a: Landorus|atk|1\n|-unboost|p1b: Rillaboom|atk|1\n|turn|5\n|-message|Edvinpasta07 forfeited.\n|\n|win|yaochangzhe\n|raw|yaochangzhe's rating: 1455 &rarr; <strong>1485</strong><br />(+30 for winning)\n|raw|Edvinpasta07's rating: 1649 &rarr; <strong>1619</strong><br />(-30 for losing)\n|l|\u2606Edvinpasta07\n|player|p2|\n|l|\u2606yaochangzhe\n|player|p1|\n|l| TheManOfSausage\n","uploadtime":1775802568,"views":9,"formatid":"gen9vgc2026regi","rating":1485,"private":0,"password":null}