{"id":"gen9vgc2026regi-2573980033","format":"[Gen 9] VGC 2026 Reg I","players":["bullgod4ever","Luca8"],"log":"|j|\u2606bullgod4ever\n|j|\u2606Luca8\n|t:|1775184818\n|gametype|doubles\n|player|p1|bullgod4ever|102|1535\n|player|p2|Luca8|flint|1532\n|gen|9\n|tier|[Gen 9] VGC 2026 Reg I\n|rated|\n|rule|Species Clause: Limit one of each Pok\u00e9mon\n|rule|Item Clause: Limit 1 of each item\n|clearpoke\n|poke|p1|Brute Bonnet, L50|\n|poke|p1|Lunala, L50|\n|poke|p1|Flutter Mane, L50|\n|poke|p1|Landorus, L50, M|\n|poke|p1|Incineroar, L50, M|\n|poke|p1|Koraidon, L50|\n|poke|p2|Urshifu-*, L50, M|\n|poke|p2|Kyogre, L50|\n|poke|p2|Farigiraf, L50, M|\n|poke|p2|Smeargle, L50, M|\n|poke|p2|Calyrex-Ice, L50|\n|poke|p2|Armarouge, L50, F|\n|teampreview|4\n|inactive|Battle timer is ON: inactive players will automatically lose when time's up. (requested by Luca8)\n|\n|t:|1775184876\n|teamsize|p1|4\n|teamsize|p2|4\n|start\n|switch|p1a: Lunala|Lunala, L50|100/100\n|switch|p1b: Flutter Mane|Flutter Mane, L50|100/100\n|switch|p2a: Calyrex|Calyrex-Ice, L50|100/100\n|switch|p2b: Smeargle|Smeargle, L50, M|100/100\n|-ability|p2a: Calyrex|As One\n|-ability|p2a: Calyrex|Unnerve\n|turn|1\n|\n|t:|1775184900\n|-terastallize|p2a: Calyrex|Normal\n|move|p1b: Flutter Mane|Icy Wind|p2a: Calyrex|[spread] p2a,p2b\n|-damage|p2a: Calyrex|89/100\n|-damage|p2b: Smeargle|71/100\n|-unboost|p2a: Calyrex|spe|1\n|-unboost|p2b: Smeargle|spe|1\n|move|p1a: Lunala|Meteor Beam||[still]\n|-prepare|p1a: Lunala|Meteor Beam\n|-boost|p1a: Lunala|spa|1\n|-enditem|p1a: Lunala|Power Herb\n|-anim|p1a: Lunala|Meteor Beam|p2b: Smeargle\n|-crit|p2b: Smeargle\n|-damage|p2b: Smeargle|0 fnt\n|faint|p2b: Smeargle\n|move|p2a: Calyrex|Trick Room|p2a: Calyrex\n|-fieldstart|move: Trick Room|[of] p2a: Calyrex\n|\n|upkeep\n|\n|t:|1775184917\n|switch|p2b: Urshifu|Urshifu, L50, M|100/100\n|turn|2\n|\n|t:|1775184926\n|-end|p1b: Flutter Mane|Protosynthesis|[silent]\n|switch|p1b: Incineroar|Incineroar, L50, M|100/100\n|-ability|p1b: Incineroar|Intimidate|boost\n|-unboost|p2a: Calyrex|atk|1\n|-unboost|p2b: Urshifu|atk|1\n|-terastallize|p1a: Lunala|Water\n|move|p2a: Calyrex|Glacial Lance|p1b: Incineroar|[spread] p1a,p1b\n|-resisted|p1a: Lunala\n|-resisted|p1b: Incineroar\n|-damage|p1a: Lunala|92/100\n|-damage|p1b: Incineroar|80/100\n|move|p2b: Urshifu|Wicked Blow|p1a: Lunala\n|-crit|p1a: Lunala\n|-damage|p1a: Lunala|40/100\n|move|p1a: Lunala|Trick Room|p1a: Lunala\n|-fieldend|move: Trick Room\n|\n|upkeep\n|turn|3\n|inactive|bullgod4ever has 30 seconds left.\n|inactive|bullgod4ever has 20 seconds left.\n|\n|t:|1775184965\n|move|p1a: Lunala|Moongeist Beam|p2b: Urshifu\n|-resisted|p2b: Urshifu\n|-damage|p2b: Urshifu|64/100\n|move|p2b: Urshifu|Wicked Blow|p1a: Lunala\n|-crit|p1a: Lunala\n|-damage|p1a: Lunala|0 fnt\n|faint|p1a: Lunala\n|move|p1b: Incineroar|Knock Off|p2a: Calyrex\n|-damage|p2a: Calyrex|60/100\n|-enditem|p2a: Calyrex|Safety Goggles|[from] move: Knock Off|[of] p1b: Incineroar\n|move|p2a: Calyrex|Trick Room|p2a: Calyrex\n|-fieldstart|move: Trick Room|[of] p2a: Calyrex\n|\n|upkeep\n|\n|t:|1775184979\n|switch|p1a: Koraidon|Koraidon, L50|100/100\n|-weather|SunnyDay|[from] ability: Orichalcum Pulse|[of] p1a: Koraidon\n|-activate|p1a: Koraidon|Orichalcum Pulse|[source]\n|turn|4\n|\n|t:|1775184993\n|move|p1a: Koraidon|Protect|p1a: Koraidon\n|-singleturn|p1a: Koraidon|Protect\n|move|p2a: Calyrex|Glacial Lance|p1a: Koraidon|[spread] p1b\n|-activate|p1a: Koraidon|move: Protect\n|-resisted|p1b: Incineroar\n|-damage|p1b: Incineroar|59/100\n|move|p1b: Incineroar|Flare Blitz|p2a: Calyrex\n|-damage|p2a: Calyrex|7/100\n|-damage|p1b: Incineroar|42/100|[from] Recoil\n|move|p2b: Urshifu|Low Kick|p1a: Koraidon\n|-damage|p1a: Koraidon|56/100\n|\n|-weather|SunnyDay|[upkeep]\n|upkeep\n|turn|5\n|inactive|bullgod4ever has 30 seconds left.\n|\n|t:|1775185020\n|switch|p1a: Flutter Mane|Flutter Mane, L50|100/100\n|-activate|p1a: Flutter Mane|ability: Protosynthesis\n|-start|p1a: Flutter Mane|protosynthesisspe\n|move|p2a: Calyrex|Glacial Lance|p1a: Flutter Mane|[spread] p1a,p1b\n|-resisted|p1b: Incineroar\n|-damage|p1a: Flutter Mane|16/100\n|-damage|p1b: Incineroar|21/100\n|move|p1b: Incineroar|U-turn|p2a: Calyrex\n|-damage|p2a: Calyrex|0 fnt\n|faint|p2a: Calyrex\n|\n|t:|1775185033\n|switch|p1b: Koraidon|Koraidon, L50|56/100|[from] U-turn\n|-activate|p1b: Koraidon|ability: Orichalcum Pulse\n|move|p2b: Urshifu|Low Kick|p1b: Koraidon\n|-crit|p1b: Koraidon\n|-damage|p1b: Koraidon|0 fnt\n|faint|p1b: Koraidon\n|\n|-weather|SunnyDay|[upkeep]\n|upkeep\n|\n|t:|1775185044\n|switch|p2a: Kyogre|Kyogre, L50|100/100\n|switch|p1b: Incineroar|Incineroar, L50, M|21/100\n|-ability|p1b: Incineroar|Intimidate|boost\n|-unboost|p2a: Kyogre|atk|1\n|-unboost|p2b: Urshifu|atk|1\n|-weather|RainDance|[from] ability: Drizzle|[of] p2a: Kyogre\n|-end|p1a: Flutter Mane|Protosynthesis\n|-enditem|p2a: Kyogre|Room Service\n|-unboost|p2a: Kyogre|spe|1|[from] item: Room Service\n|turn|6\n|\n|t:|1775185058\n|move|p1b: Incineroar|Fake Out|p2a: Kyogre\n|-damage|p2a: Kyogre|89/100\n|cant|p2a: Kyogre|flinch\n|move|p2b: Urshifu|Wicked Blow|p1a: Flutter Mane\n|-crit|p1a: Flutter Mane\n|-damage|p1a: Flutter Mane|0 fnt\n|faint|p1a: Flutter Mane\n|-end|p1a: Flutter Mane|Protosynthesis|[silent]\n|\n|-weather|RainDance|[upkeep]\n|upkeep\n|turn|7\n|-message|bullgod4ever forfeited.\n|\n|win|Luca8\n|raw|bullgod4ever's rating: 1535 &rarr; <strong>1515</strong><br />(-20 for losing)\n|raw|Luca8's rating: 1532 &rarr; <strong>1552</strong><br />(+20 for winning)\n|l|\u2606bullgod4ever\n|player|p1|\n|l|\u2606Luca8\n|player|p2|\n","uploadtime":1775185303,"views":12,"formatid":"gen9vgc2026regi","rating":1515,"private":0,"password":null}