{"id":"gen9vgc2026regi-2553387693","format":"[Gen 9] VGC 2026 Reg I","players":["Mikeyk25","I\u2764\ufe0f\u5a1c\u7984forever"],"log":"|j|\u2606Mikeyk25\n|j|\u2606I\u2764\ufe0f\u5a1c\u7984forever\n|t:|1772826205\n|gametype|doubles\n|player|p1|Mikeyk25|101|1335\n|player|p2|I\u2764\ufe0f\u5a1c\u7984forever|youngcouple-gen4dp|1326\n|gen|9\n|tier|[Gen 9] VGC 2026 Reg I\n|rated|\n|rule|Species Clause: Limit one of each Pok\u00e9mon\n|rule|Item Clause: Limit 1 of each item\n|clearpoke\n|poke|p1|Calyrex-Ice, L50|\n|poke|p1|Miraidon, L50|\n|poke|p1|Iron Hands, L50|\n|poke|p1|Urshifu-*, L50, F|\n|poke|p1|Incineroar, L50, M|\n|poke|p1|Ogerpon-Cornerstone, L50, F|\n|poke|p2|Groudon, L50|\n|poke|p2|Kyurem-White, L50|\n|poke|p2|Heatran, L50, F|\n|poke|p2|Whimsicott, L50, F|\n|poke|p2|Roaring Moon, L50|\n|poke|p2|Ditto, L50|\n|teampreview|4\n|\n|t:|1772826228\n|teamsize|p1|4\n|teamsize|p2|4\n|start\n|switch|p1a: Calyrex|Calyrex-Ice, L50|100/100\n|switch|p1b: Iron Hands|Iron Hands, L50|100/100\n|switch|p2a: Kyurem|Kyurem-White, L50|100/100\n|switch|p2b: Heatran|Heatran, L50, F|100/100\n|-ability|p1a: Calyrex|As One\n|-ability|p1a: Calyrex|Unnerve\n|-ability|p2a: Kyurem|Turboblaze\n|turn|1\n|\n|t:|1772826247\n|-terastallize|p1a: Calyrex|Fire\n|move|p2a: Kyurem|Shadow Ball|p1a: Calyrex\n|-damage|p1a: Calyrex|74/100\n|move|p2b: Heatran|Substitute|p2b: Heatran\n|-start|p2b: Heatran|Substitute\n|-damage|p2b: Heatran|76/100\n|move|p1a: Calyrex|High Horsepower|p2b: Heatran\n|-supereffective|p2b: Heatran\n|-crit|p2b: Heatran\n|-end|p2b: Heatran|Substitute\n|move|p1b: Iron Hands|Drain Punch|p2a: Kyurem\n|-supereffective|p2a: Kyurem\n|-damage|p2a: Kyurem|25/100\n|\n|-heal|p2b: Heatran|82/100|[from] item: Leftovers\n|-heal|p1a: Calyrex|80/100|[from] item: Leftovers\n|upkeep\n|turn|2\n|inactive|Battle timer is ON: inactive players will automatically lose when time's up. (requested by Mikeyk25)\n|\n|t:|1772826285\n|move|p2b: Heatran|Protect|p2b: Heatran\n|-singleturn|p2b: Heatran|Protect\n|move|p2a: Kyurem|Shadow Ball|p1a: Calyrex\n|-damage|p1a: Calyrex|57/100\n|-unboost|p1a: Calyrex|spd|1\n|move|p1b: Iron Hands|Drain Punch|p2b: Heatran\n|-activate|p2b: Heatran|move: Protect\n|move|p1a: Calyrex|Glacial Lance|p2a: Kyurem|[spread] p2a\n|-activate|p2b: Heatran|move: Protect\n|-damage|p2a: Kyurem|0 fnt\n|faint|p2a: Kyurem\n|-ability|p1a: Calyrex|Chilling Neigh|boost\n|-boost|p1a: Calyrex|atk|1\n|\n|-heal|p2b: Heatran|88/100|[from] item: Leftovers\n|-heal|p1a: Calyrex|62/100|[from] item: Leftovers\n|upkeep\n|\n|t:|1772826300\n|switch|p2a: Groudon|Groudon, L50|100/100\n|-weather|SunnyDay|[from] ability: Drought|[of] p2a: Groudon\n|turn|3\n|\n|t:|1772826316\n|move|p1a: Calyrex|Protect|p1a: Calyrex\n|-singleturn|p1a: Calyrex|Protect\n|move|p2a: Groudon|Precipice Blades|p1a: Calyrex|[spread] p1b\n|-activate|p1a: Calyrex|move: Protect\n|-supereffective|p1b: Iron Hands\n|-damage|p1b: Iron Hands|35/100\n|move|p2b: Heatran|Substitute|p2b: Heatran\n|-start|p2b: Heatran|Substitute\n|-damage|p2b: Heatran|63/100\n|move|p1b: Iron Hands|Drain Punch|p2b: Heatran\n|-supereffective|p2b: Heatran\n|-end|p2b: Heatran|Substitute\n|-heal|p1b: Iron Hands|45/100|[from] drain|[of] p2b: Heatran\n|\n|-weather|SunnyDay|[upkeep]\n|-heal|p2b: Heatran|69/100|[from] item: Leftovers\n|-heal|p1a: Calyrex|68/100|[from] item: Leftovers\n|upkeep\n|turn|4\n|inactive|Mikeyk25 has 30 seconds left.\n|\n|t:|1772826342\n|move|p2a: Groudon|Precipice Blades|p1a: Calyrex|[spread] p1a\n|-miss|p2a: Groudon|p1b: Iron Hands\n|-supereffective|p1a: Calyrex\n|-crit|p1a: Calyrex\n|-damage|p1a: Calyrex|0 fnt\n|faint|p1a: Calyrex\n|move|p2b: Heatran|Earth Power|p1b: Iron Hands\n|-supereffective|p1b: Iron Hands\n|-damage|p1b: Iron Hands|6/100\n|move|p1b: Iron Hands|Drain Punch|p2a: Groudon\n|-damage|p2a: Groudon|72/100\n|-heal|p1b: Iron Hands|17/100|[from] drain|[of] p2a: Groudon\n|\n|-weather|SunnyDay|[upkeep]\n|-heal|p2b: Heatran|75/100|[from] item: Leftovers\n|upkeep\n|\n|t:|1772826359\n|switch|p1a: Miraidon|Miraidon, L50|100/100\n|-fieldstart|move: Electric Terrain|[from] ability: Hadron Engine|[of] p1a: Miraidon\n|-activate|p1b: Iron Hands|ability: Quark Drive\n|-start|p1b: Iron Hands|quarkdriveatk\n|turn|5\n|\n|t:|1772826374\n|move|p2b: Heatran|Protect|p2b: Heatran\n|-singleturn|p2b: Heatran|Protect\n|move|p1a: Miraidon|Draco Meteor|p2a: Groudon|[miss]\n|-miss|p1a: Miraidon|p2a: Groudon\n|move|p2a: Groudon|Precipice Blades|p1b: Iron Hands|[spread] p1a,p1b\n|-supereffective|p1a: Miraidon\n|-supereffective|p1b: Iron Hands\n|-damage|p1a: Miraidon|0 fnt\n|-damage|p1b: Iron Hands|0 fnt\n|faint|p1a: Miraidon\n|faint|p1b: Iron Hands\n|-end|p1b: Iron Hands|Quark Drive|[silent]\n|\n|-weather|SunnyDay|[upkeep]\n|-heal|p2b: Heatran|81/100|[from] item: Leftovers\n|upkeep\n|-message|Mikeyk25 forfeited.\n|\n|win|I\u2764\ufe0f\u5a1c\u7984forever\n|raw|Mikeyk25's rating: 1335 &rarr; <strong>1314</strong><br />(-21 for losing)\n|raw|I\u2764\ufe0f\u5a1c\u7984forever's rating: 1326 &rarr; <strong>1347</strong><br />(+21 for winning)\n|l|\u2606Mikeyk25\n|player|p1|\n|l|\u2606I\u2764\ufe0f\u5a1c\u7984forever\n|player|p2|\n","uploadtime":1772826590,"views":12,"formatid":"gen9vgc2026regi","rating":1314,"private":0,"password":null}