{"id":"gen9vgc2026regi-2568607951","format":"[Gen 9] VGC 2026 Reg I","players":["cel1504364","BreakTheShadowWall"],"log":"|j|\u2606cel1504364\n|j|\u2606BreakTheShadowWall\n|t:|1774604113\n|gametype|doubles\n|player|p1|cel1504364|102|1246\n|player|p2|BreakTheShadowWall|elesa|1359\n|gen|9\n|tier|[Gen 9] VGC 2026 Reg I\n|rated|\n|rule|Species Clause: Limit one of each Pok\u00e9mon\n|rule|Item Clause: Limit 1 of each item\n|clearpoke\n|poke|p1|Calyrex-Shadow, L50|\n|poke|p1|Urshifu-*, L50, F|\n|poke|p1|Indeedee-F, L50, F|\n|poke|p1|Maushold-Four, L50|\n|poke|p1|Zamazenta-*, L50|\n|poke|p1|Incineroar, L50, M|\n|poke|p2|Miraidon, L50|\n|poke|p2|Iron Bundle, L50|\n|poke|p2|Lunala, L50|\n|poke|p2|Incineroar, L50, F|\n|poke|p2|Urshifu-*, L50, F|\n|poke|p2|Ursaluna, L50, F|\n|teampreview|4\n|inactive|Battle timer is ON: inactive players will automatically lose when time's up. (requested by cel1504364)\n|inactive|BreakTheShadowWall has 60 seconds left.\n|\n|t:|1774604177\n|teamsize|p1|4\n|teamsize|p2|4\n|start\n|switch|p1a: Calyrex|Calyrex-Shadow, L50|100/100\n|switch|p1b: Maushold|Maushold-Four, L50|100/100\n|switch|p2a: Lunala|Lunala, L50, shiny|100/100\n|switch|p2b: Incineroar|Incineroar, L50, F|100/100\n|-ability|p1a: Calyrex|As One\n|-ability|p1a: Calyrex|Unnerve\n|-ability|p2b: Incineroar|Intimidate|boost\n|-unboost|p1a: Calyrex|atk|1\n|-unboost|p1b: Maushold|atk|1\n|turn|1\n|\n|t:|1774604201\n|-terastallize|p2a: Lunala|Fairy\n|move|p2b: Incineroar|Fake Out|p1b: Maushold\n|-damage|p1b: Maushold|89/100\n|-enditem|p1b: Maushold|Red Card|[of] p2b: Incineroar\n|drag|p2b: Ursaluna|Ursaluna, L50, F|100/100\n|move|p1a: Calyrex|Astral Barrage|p2b: Ursaluna|[spread] p2a\n|-immune|p2b: Ursaluna\n|-damage|p2a: Lunala|77/100\n|cant|p1b: Maushold|flinch\n|move|p2a: Lunala|Trick Room|p2a: Lunala\n|-fieldstart|move: Trick Room|[of] p2a: Lunala\n|\n|-status|p2b: Ursaluna|brn|[from] item: Flame Orb\n|upkeep\n|turn|2\n|c|\u2606BreakTheShadowWall|thanks for the red card\n|inactive|BreakTheShadowWall has 30 seconds left.\n|\n|t:|1774604232\n|switch|p1a: Incineroar|Incineroar, L50, M|100/100\n|-ability|p1a: Incineroar|Intimidate|boost\n|-unboost|p2a: Lunala|atk|1\n|-unboost|p2b: Ursaluna|atk|1\n|move|p2a: Lunala|Wide Guard|p2a: Lunala\n|-singleturn|p2a: Lunala|Wide Guard\n|move|p1b: Maushold|Follow Me|p1b: Maushold\n|-singleturn|p1b: Maushold|move: Follow Me\n|move|p2b: Ursaluna|Earthquake|p1b: Maushold|[spread] p1a,p1b\n|-activate|p2a: Lunala|move: Wide Guard\n|-supereffective|p1a: Incineroar\n|-damage|p1a: Incineroar|36/100\n|-damage|p1b: Maushold|47/100\n|\n|-damage|p2b: Ursaluna|95/100 brn|[from] brn\n|upkeep\n|turn|3\n|inactive|cel1504364 has 30 seconds left.\n|\n|t:|1774604262\n|move|p2b: Ursaluna|Protect|p2b: Ursaluna\n|-singleturn|p2b: Ursaluna|Protect\n|move|p1b: Maushold|Follow Me|p1b: Maushold\n|-singleturn|p1b: Maushold|move: Follow Me\n|move|p1a: Incineroar|U-turn|p2b: Ursaluna\n|-activate|p2b: Ursaluna|move: Protect\n|move|p2a: Lunala|Moonblast|p1b: Maushold\n|-damage|p1b: Maushold|0 fnt\n|faint|p1b: Maushold\n|\n|-damage|p2b: Ursaluna|89/100 brn|[from] brn\n|upkeep\n|\n|t:|1774604273\n|switch|p1b: Zamazenta|Zamazenta-Crowned, L50|100/100\n|-ability|p1b: Zamazenta|Dauntless Shield|boost\n|-boost|p1b: Zamazenta|def|1\n|turn|4\n|\n|t:|1774604288\n|move|p2b: Ursaluna|Headlong Rush|p1b: Zamazenta\n|-supereffective|p1b: Zamazenta\n|-damage|p1b: Zamazenta|45/100\n|-unboost|p2b: Ursaluna|def|1\n|-unboost|p2b: Ursaluna|spd|1\n|move|p1a: Incineroar|U-turn|p2a: Lunala\n|-resisted|p2a: Lunala\n|-damage|p2a: Lunala|67/100\n|\n|t:|1774604295\n|switch|p1a: Calyrex|Calyrex-Shadow, L50|100/100|[from] U-turn\n|-ability|p1a: Calyrex|As One\n|-ability|p1a: Calyrex|Unnerve\n|move|p2a: Lunala|Moongeist Beam|p1b: Zamazenta\n|-damage|p1b: Zamazenta|10/100\n|move|p1b: Zamazenta|Body Press|p2b: Ursaluna\n|-supereffective|p2b: Ursaluna\n|-damage|p2b: Ursaluna|0 fnt\n|faint|p2b: Ursaluna\n|\n|upkeep\n|\n|t:|1774604313\n|switch|p2b: Miraidon|Miraidon, L50|100/100\n|-fieldstart|move: Electric Terrain|[from] ability: Hadron Engine|[of] p2b: Miraidon\n|-enditem|p2a: Lunala|Electric Seed\n|-boost|p2a: Lunala|def|1|[from] item: Electric Seed\n|turn|5\n|\n|t:|1774604327\n|switch|p2b: Incineroar|Incineroar, L50, F|100/100\n|-ability|p2b: Incineroar|Intimidate|boost\n|-unboost|p1a: Calyrex|atk|1\n|-unboost|p1b: Zamazenta|atk|1\n|switch|p1a: Incineroar|Incineroar, L50, M|36/100\n|-ability|p1a: Incineroar|Intimidate|boost\n|-unboost|p2a: Lunala|atk|1\n|-unboost|p2b: Incineroar|atk|1\n|move|p2a: Lunala|Moongeist Beam|p1b: Zamazenta\n|-damage|p1b: Zamazenta|0 fnt\n|faint|p1b: Zamazenta\n|\n|-fieldend|move: Trick Room\n|upkeep\n|\n|t:|1774604341\n|switch|p1b: Calyrex|Calyrex-Shadow, L50|100/100\n|-ability|p1b: Calyrex|As One\n|-ability|p1b: Calyrex|Unnerve\n|turn|6\n|\n|t:|1774604357\n|-terastallize|p1b: Calyrex|Ghost\n|move|p1a: Incineroar|Fake Out|p2b: Incineroar\n|-damage|p2b: Incineroar|91/100\n|move|p1b: Calyrex|Astral Barrage|p2b: Incineroar|[spread] p2a,p2b\n|-resisted|p2b: Incineroar\n|-damage|p2a: Lunala|0 fnt\n|-damage|p2b: Incineroar|56/100\n|faint|p2a: Lunala\n|-ability|p1b: Calyrex|Grim Neigh|boost\n|-boost|p1b: Calyrex|spa|1\n|cant|p2b: Incineroar|flinch\n|\n|upkeep\n|\n|t:|1774604367\n|switch|p2a: Miraidon|Miraidon, L50|100/100\n|-activate|p2a: Miraidon|ability: Hadron Engine\n|turn|7\n|\n|t:|1774604375\n|move|p1b: Calyrex|Astral Barrage|p2a: Miraidon|[spread] p2a,p2b\n|-resisted|p2b: Incineroar\n|-damage|p2a: Miraidon|0 fnt\n|-damage|p2b: Incineroar|4/100\n|faint|p2a: Miraidon\n|-ability|p1b: Calyrex|Grim Neigh|boost\n|-boost|p1b: Calyrex|spa|1\n|move|p2b: Incineroar|Knock Off|p1b: Calyrex\n|-supereffective|p1b: Calyrex\n|-damage|p1b: Calyrex|36/100\n|-enditem|p1b: Calyrex|Choice Specs|[from] move: Knock Off|[of] p2b: Incineroar\n|move|p1a: Incineroar|Knock Off|p2b: Incineroar\n|-resisted|p2b: Incineroar\n|-damage|p2b: Incineroar|0 fnt\n|-enditem|p2b: Incineroar|Assault Vest|[from] move: Knock Off|[of] p1a: Incineroar\n|faint|p2b: Incineroar\n|\n|win|cel1504364\n|raw|cel1504364's rating: 1246 &rarr; <strong>1279</strong><br />(+33 for winning)\n|raw|BreakTheShadowWall's rating: 1359 &rarr; <strong>1333</strong><br />(-26 for losing)\n|l|\u2606BreakTheShadowWall\n|player|p2|\n|l|\u2606cel1504364\n|player|p1|\n","uploadtime":1774604638,"views":11,"formatid":"gen9vgc2026regi","rating":1279,"private":0,"password":null}