{"id":"gen9vgc2026regi-2527189294","format":"[Gen 9] VGC 2026 Reg I","players":["dasabei\u53cc\u6253\u9053\u9986","ky123456"],"log":"|j|\u2606dasabei\u53cc\u6253\u9053\u9986\n|j|\u2606ky123456\n|t:|1769510532\n|gametype|doubles\n|player|p1|dasabei\u53cc\u6253\u9053\u9986|may-masters4|1482\n|player|p2|ky123456|cynthia-gen4|1515\n|gen|9\n|tier|[Gen 9] VGC 2026 Reg I\n|rated|\n|rule|Species Clause: Limit one of each Pok\u00e9mon\n|rule|Item Clause: Limit 1 of each item\n|clearpoke\n|poke|p1|Calyrex-Ice, L50|\n|poke|p1|Zamazenta-*, L50|\n|poke|p1|Urshifu-*, L50, F|\n|poke|p1|Pelipper, L50, M|\n|poke|p1|Raging Bolt, L50|\n|poke|p1|Incineroar, L50, M|\n|poke|p2|Kyogre, L50|\n|poke|p2|Calyrex-Ice, L50|\n|poke|p2|Grimmsnarl, L50, M|\n|poke|p2|Rillaboom, L50, F|\n|poke|p2|Landorus, L50, M|\n|poke|p2|Urshifu-*, L50, F|\n|teampreview|4\n|j| TTTAAATTT00\n|\n|t:|1769510560\n|teamsize|p1|4\n|teamsize|p2|4\n|start\n|switch|p1a: \u9e7f\u51a0\u738b|Calyrex-Ice, L50|100/100\n|switch|p1b: \u629b\u5f00\u864e\u54e5\u54ee\u7a74|Incineroar, L50, M, shiny|100/100\n|switch|p2a: Calyrex|Calyrex-Ice, L50|100/100\n|switch|p2b: Grimmsnarl|Grimmsnarl, L50, M|100/100\n|-ability|p1a: \u9e7f\u51a0\u738b|As One\n|-ability|p1a: \u9e7f\u51a0\u738b|Unnerve\n|-ability|p2a: Calyrex|As One\n|-ability|p2a: Calyrex|Unnerve\n|-ability|p1b: \u629b\u5f00\u864e\u54e5\u54ee\u7a74|Intimidate|boost\n|-unboost|p2a: Calyrex|atk|1\n|-unboost|p2b: Grimmsnarl|atk|1\n|turn|1\n|j| QUQee\n|\n|t:|1769510569\n|move|p1b: \u629b\u5f00\u864e\u54e5\u54ee\u7a74|Fake Out|p2b: Grimmsnarl\n|-damage|p2b: Grimmsnarl|92/100\n|cant|p2b: Grimmsnarl|flinch\n|move|p1a: \u9e7f\u51a0\u738b|Imprison|p1a: \u9e7f\u51a0\u738b\n|-start|p1a: \u9e7f\u51a0\u738b|move: Imprison\n|cant|p2a: Calyrex|move: Imprison|Leech Seed\n|\n|upkeep\n|turn|2\n|\n|t:|1769510582\n|switch|p2a: Kyogre|Kyogre, L50|100/100\n|-weather|RainDance|[from] ability: Drizzle|[of] p2a: Kyogre\n|move|p1b: \u629b\u5f00\u864e\u54e5\u54ee\u7a74|Parting Shot|p2a: Kyogre\n|-unboost|p2a: Kyogre|atk|1\n|-unboost|p2a: Kyogre|spa|1\n|\n|t:|1769510586\n|switch|p1b: \u4e94\u5bfc\u718a\u6e7f|Urshifu-Rapid-Strike, L50, F|100/100|[from] Parting Shot\n|move|p2b: Grimmsnarl|Foul Play|p1a: \u9e7f\u51a0\u738b\n|-supereffective|p1a: \u9e7f\u51a0\u738b\n|-damage|p1a: \u9e7f\u51a0\u738b|30/100\n|move|p1a: \u9e7f\u51a0\u738b|Glacial Lance|p2a: Kyogre|[spread] p2a,p2b\n|-resisted|p2a: Kyogre\n|-damage|p2a: Kyogre|73/100\n|-damage|p2b: Grimmsnarl|41/100\n|\n|-weather|RainDance|[upkeep]\n|upkeep\n|turn|3\n|\n|t:|1769510605\n|switch|p2a: Calyrex|Calyrex-Ice, L50|100/100\n|-ability|p2a: Calyrex|As One\n|-ability|p2a: Calyrex|Unnerve\n|move|p1a: \u9e7f\u51a0\u738b|Protect|p1a: \u9e7f\u51a0\u738b\n|-singleturn|p1a: \u9e7f\u51a0\u738b|Protect\n|move|p2b: Grimmsnarl|Thunder Wave|p1b: \u4e94\u5bfc\u718a\u6e7f\n|-status|p1b: \u4e94\u5bfc\u718a\u6e7f|par\n|cant|p1b: \u4e94\u5bfc\u718a\u6e7f|par\n|\n|-weather|RainDance|[upkeep]\n|upkeep\n|turn|4\n|l| QUQee\n|\n|t:|1769510629\n|switch|p2a: Kyogre|Kyogre, L50|73/100\n|-terastallize|p1a: \u9e7f\u51a0\u738b|Water\n|move|p2b: Grimmsnarl|Foul Play|p1a: \u9e7f\u51a0\u738b\n|-damage|p1a: \u9e7f\u51a0\u738b|0 fnt\n|faint|p1a: \u9e7f\u51a0\u738b\n|cant|p1b: \u4e94\u5bfc\u718a\u6e7f|par\n|\n|-weather|RainDance|[upkeep]\n|upkeep\n|\n|t:|1769510637\n|switch|p1a: \u629b\u5f00\u864e\u54e5\u54ee\u7a74|Incineroar, L50, M, shiny|100/100\n|-ability|p1a: \u629b\u5f00\u864e\u54e5\u54ee\u7a74|Intimidate|boost\n|-unboost|p2a: Kyogre|atk|1\n|-unboost|p2b: Grimmsnarl|atk|1\n|turn|5\n|\n|t:|1769510648\n|move|p1a: \u629b\u5f00\u864e\u54e5\u54ee\u7a74|Fake Out|p2a: Kyogre\n|-damage|p2a: Kyogre|64/100\n|move|p2b: Grimmsnarl|Reflect|p2b: Grimmsnarl\n|-sidestart|p2: ky123456|Reflect\n|cant|p2a: Kyogre|flinch\n|move|p1b: \u4e94\u5bfc\u718a\u6e7f|Surging Strikes|p2a: Kyogre\n|-resisted|p2a: Kyogre\n|-crit|p2a: Kyogre\n|-damage|p2a: Kyogre|41/100\n|-resisted|p2a: Kyogre\n|-crit|p2a: Kyogre\n|-damage|p2a: Kyogre|16/100\n|-resisted|p2a: Kyogre\n|-crit|p2a: Kyogre\n|-damage|p2a: Kyogre|0 fnt\n|faint|p2a: Kyogre\n|-hitcount|p2: Kyogre|3\n|\n|-weather|RainDance|[upkeep]\n|upkeep\n|\n|t:|1769510657\n|switch|p2a: Landorus|Landorus, L50, M|100/100\n|turn|6\n|\n|t:|1769510667\n|-terastallize|p2a: Landorus|Water\n|move|p2a: Landorus|Sandsear Storm|p1b: \u4e94\u5bfc\u718a\u6e7f|[spread] p1a,p1b\n|-supereffective|p1a: \u629b\u5f00\u864e\u54e5\u54ee\u7a74\n|-damage|p1a: \u629b\u5f00\u864e\u54e5\u54ee\u7a74|0 fnt\n|-damage|p1b: \u4e94\u5bfc\u718a\u6e7f|3/100 par\n|faint|p1a: \u629b\u5f00\u864e\u54e5\u54ee\u7a74\n|move|p2b: Grimmsnarl|Foul Play|p1b: \u4e94\u5bfc\u718a\u6e7f\n|-resisted|p1b: \u4e94\u5bfc\u718a\u6e7f\n|-damage|p1b: \u4e94\u5bfc\u718a\u6e7f|0 fnt\n|faint|p1b: \u4e94\u5bfc\u718a\u6e7f\n|\n|-weather|none\n|upkeep\n|-message|dasabei\u53cc\u6253\u9053\u9986 forfeited.\n|\n|win|ky123456\n|raw|dasabei\u53cc\u6253\u9053\u9986's rating: 1482 &rarr; <strong>1464</strong><br />(-18 for losing)\n|raw|ky123456's rating: 1515 &rarr; <strong>1533</strong><br />(+18 for winning)\n|l|\u2606dasabei\u53cc\u6253\u9053\u9986\n|player|p1|\n|l|\u2606ky123456\n|player|p2|\n|l| TTTAAATTT00\n","uploadtime":1769510866,"views":16,"formatid":"gen9vgc2026regi","rating":1464,"private":0,"password":null}