{"id":"gen9vgc2026regi-2515862233","format":"[Gen 9] VGC 2026 Reg I","players":["Delphinium0922","kojimuranishi"],"log":"|j|\u2606Delphinium0922\n|j|\u2606kojimuranishi\n|t:|1768052893\n|gametype|doubles\n|player|p1|Delphinium0922|nurse|1350\n|player|p2|kojimuranishi|266|1327\n|gen|9\n|tier|[Gen 9] VGC 2026 Reg I\n|rated|\n|rule|Species Clause: Limit one of each Pok\u00e9mon\n|rule|Item Clause: Limit 1 of each item\n|clearpoke\n|poke|p1|Grimmsnarl, L50, M|\n|poke|p1|Wo-Chien, L50|\n|poke|p1|Kyogre, L50|\n|poke|p1|Miraidon, L50|\n|poke|p1|Urshifu-*, L50, M|\n|poke|p1|Incineroar, L50, M|\n|poke|p2|Raging Bolt, L50|\n|poke|p2|Calyrex-Ice, L50|\n|poke|p2|Kyogre, L50|\n|poke|p2|Indeedee-F, L50, F|\n|poke|p2|Landorus, L50, M|\n|poke|p2|Urshifu-*, L50, F|\n|teampreview|4\n|inactive|Battle timer is ON: inactive players will automatically lose when time's up. (requested by Delphinium0922)\n|j| here's where king!\n|inactive|Delphinium0922 has 60 seconds left.\n|inactive|kojimuranishi has 60 seconds left.\n|inactive|kojimuranishi has 30 seconds left.\n|\n|t:|1768052964\n|teamsize|p1|4\n|teamsize|p2|4\n|start\n|switch|p1a: Grimmsnarl|Grimmsnarl, L50, M|100/100\n|switch|p1b: Kyogre|Kyogre, L50|100/100\n|switch|p2a: Urshifu|Urshifu-Rapid-Strike, L50, F|100/100\n|switch|p2b: Calyrex|Calyrex-Ice, L50|100/100\n|-ability|p2b: Calyrex|As One\n|-ability|p2b: Calyrex|Unnerve\n|-weather|RainDance|[from] ability: Drizzle|[of] p1b: Kyogre\n|turn|1\n|inactive|Delphinium0922 has 30 seconds left.\n|inactive|Delphinium0922 has 20 seconds left.\n|\n|t:|1768053001\n|move|p1a: Grimmsnarl|Parting Shot|p2a: Urshifu\n|-unboost|p2a: Urshifu|atk|1\n|-unboost|p2a: Urshifu|spa|1\n|\n|t:|1768053003\n|switch|p1a: Wo-Chien|Wo-Chien, L50|100/100|[from] Parting Shot\n|-ability|p1a: Wo-Chien|Tablets of Ruin\n|move|p2a: Urshifu|Surging Strikes|p1a: Wo-Chien\n|-resisted|p1a: Wo-Chien\n|-crit|p1a: Wo-Chien\n|-damage|p1a: Wo-Chien|91/100\n|-resisted|p1a: Wo-Chien\n|-crit|p1a: Wo-Chien\n|-damage|p1a: Wo-Chien|82/100\n|-resisted|p1a: Wo-Chien\n|-crit|p1a: Wo-Chien\n|-damage|p1a: Wo-Chien|71/100\n|-hitcount|p1a: Wo-Chien|3\n|move|p1b: Kyogre|Thunder|p2a: Urshifu\n|-supereffective|p2a: Urshifu\n|-enditem|p2a: Urshifu|Focus Sash\n|-damage|p2a: Urshifu|1/100\n|move|p2b: Calyrex|Glacial Lance|p1b: Kyogre|[spread] p1a,p1b\n|-supereffective|p1a: Wo-Chien\n|-crit|p1a: Wo-Chien\n|-resisted|p1b: Kyogre\n|-damage|p1a: Wo-Chien|0 fnt\n|-damage|p1b: Kyogre|87/100\n|faint|p1a: Wo-Chien\n|-ability|p2b: Calyrex|Chilling Neigh|boost\n|-boost|p2b: Calyrex|atk|1\n|\n|-weather|RainDance|[upkeep]\n|upkeep\n|\n|t:|1768053006\n|switch|p1a: Incineroar|Incineroar, L50, M|100/100\n|-ability|p1a: Incineroar|Intimidate|boost\n|-unboost|p2a: Urshifu|atk|1\n|-unboost|p2b: Calyrex|atk|1\n|turn|2\n|inactive|kojimuranishi has 30 seconds left.\n|\n|t:|1768053040\n|switch|p1a: Grimmsnarl|Grimmsnarl, L50, M|100/100\n|move|p2a: Urshifu|Detect|p2a: Urshifu\n|-singleturn|p2a: Urshifu|Protect\n|move|p2b: Calyrex|Protect|p2b: Calyrex\n|-singleturn|p2b: Calyrex|Protect\n|move|p1b: Kyogre|Water Spout|p2b: Calyrex|[spread] \n|-activate|p2a: Urshifu|move: Protect\n|-activate|p2b: Calyrex|move: Protect\n|\n|-weather|RainDance|[upkeep]\n|upkeep\n|turn|3\n|\n|t:|1768053057\n|switch|p2a: Raging Bolt|Raging Bolt, L50|100/100\n|-enditem|p2a: Raging Bolt|Booster Energy\n|-activate|p2a: Raging Bolt|ability: Protosynthesis|[fromitem]\n|-start|p2a: Raging Bolt|protosynthesisspa\n|move|p1a: Grimmsnarl|Parting Shot|p2b: Calyrex\n|-unboost|p2b: Calyrex|atk|1\n|-unboost|p2b: Calyrex|spa|1\n|\n|t:|1768053059\n|switch|p1a: Incineroar|Incineroar, L50, M|100/100|[from] Parting Shot\n|-ability|p1a: Incineroar|Intimidate|boost\n|-unboost|p2a: Raging Bolt|atk|1\n|-unboost|p2b: Calyrex|atk|1\n|move|p1b: Kyogre|Water Spout|p2b: Calyrex|[spread] p2a,p2b\n|-resisted|p2a: Raging Bolt\n|-damage|p2a: Raging Bolt|64/100\n|-damage|p2b: Calyrex|54/100\n|move|p2b: Calyrex|Leech Seed|p1b: Kyogre\n|-start|p1b: Kyogre|move: Leech Seed\n|\n|-weather|RainDance|[upkeep]\n|-heal|p2b: Calyrex|60/100|[from] item: Leftovers\n|-damage|p1b: Kyogre|75/100|[from] Leech Seed|[of] p2b: Calyrex\n|-heal|p2b: Calyrex|72/100|[silent]\n|upkeep\n|turn|4\n|inactive|kojimuranishi has 30 seconds left.\n|\n|t:|1768053092\n|switch|p1b: Grimmsnarl|Grimmsnarl, L50, M|100/100\n|move|p1a: Incineroar|Fake Out|p2a: Raging Bolt\n|-crit|p2a: Raging Bolt\n|-damage|p2a: Raging Bolt|50/100\n|cant|p2a: Raging Bolt|flinch\n|move|p2b: Calyrex|Leech Seed|p1a: Incineroar\n|-start|p1a: Incineroar|move: Leech Seed\n|\n|-weather|RainDance|[upkeep]\n|-heal|p2b: Calyrex|78/100|[from] item: Leftovers\n|-damage|p1a: Incineroar|88/100|[from] Leech Seed|[of] p2b: Calyrex\n|-heal|p2b: Calyrex|90/100|[silent]\n|upkeep\n|turn|5\n|inactive|Delphinium0922 has 30 seconds left.\n|inactive|kojimuranishi has 30 seconds left.\n|\n|t:|1768053125\n|switch|p2b: Landorus|Landorus, L50, M|100/100\n|move|p1b: Grimmsnarl|Light Screen|p1b: Grimmsnarl\n|-sidestart|p1: Delphinium0922|move: Light Screen\n|move|p2a: Raging Bolt|Thunderbolt|p1a: Incineroar\n|-damage|p1a: Incineroar|47/100\n|move|p1a: Incineroar|Parting Shot|p2b: Landorus\n|-unboost|p2b: Landorus|atk|1\n|-unboost|p2b: Landorus|spa|1\n|\n|t:|1768053129\n|switch|p1a: Kyogre|Kyogre, L50|75/100|[from] Parting Shot\n|\n|-weather|none\n|upkeep\n|turn|6\n|\n|t:|1768053148\n|move|p2b: Landorus|Protect|p2b: Landorus\n|-singleturn|p2b: Landorus|Protect\n|move|p1b: Grimmsnarl|Parting Shot|p2b: Landorus\n|-activate|p2b: Landorus|move: Protect\n|move|p1a: Kyogre|Ice Beam|p2a: Raging Bolt\n|-supereffective|p2a: Raging Bolt\n|-damage|p2a: Raging Bolt|0 fnt\n|faint|p2a: Raging Bolt\n|-end|p2a: Raging Bolt|Protosynthesis|[silent]\n|\n|upkeep\n|j| dasabe\u76d6\u6b27\u5361\u4fa0\n|\n|t:|1768053164\n|switch|p2a: Calyrex|Calyrex-Ice, L50|90/100\n|-ability|p2a: Calyrex|As One\n|-ability|p2a: Calyrex|Unnerve\n|turn|7\n|\n|t:|1768053177\n|-terastallize|p2b: Landorus|Water\n|move|p1b: Grimmsnarl|Parting Shot|p2a: Calyrex\n|-unboost|p2a: Calyrex|atk|1\n|-unboost|p2a: Calyrex|spa|1\n|\n|t:|1768053178\n|switch|p1b: Incineroar|Incineroar, L50, M|47/100|[from] Parting Shot\n|-ability|p1b: Incineroar|Intimidate|boost\n|-unboost|p2a: Calyrex|atk|1\n|-unboost|p2b: Landorus|atk|1\n|move|p2b: Landorus|Sandsear Storm|p1a: Kyogre|[spread] p1b\n|-miss|p2b: Landorus|p1a: Kyogre\n|-supereffective|p1b: Incineroar\n|-damage|p1b: Incineroar|0 fnt\n|faint|p1b: Incineroar\n|move|p1a: Kyogre|Water Spout|p2a: Calyrex|[spread] p2a,p2b\n|-resisted|p2b: Landorus\n|-damage|p2a: Calyrex|65/100\n|-damage|p2b: Landorus|71/100\n|move|p2a: Calyrex|Leech Seed|p1a: Kyogre\n|-start|p1a: Kyogre|move: Leech Seed\n|\n|-heal|p2a: Calyrex|71/100|[from] item: Leftovers\n|-damage|p1a: Kyogre|63/100|[from] Leech Seed|[of] p2a: Calyrex\n|-heal|p2a: Calyrex|83/100|[silent]\n|upkeep\n|-message|Delphinium0922 forfeited.\n|\n|win|kojimuranishi\n|raw|Delphinium0922's rating: 1350 &rarr; <strong>1329</strong><br />(-21 for losing)\n|raw|kojimuranishi's rating: 1327 &rarr; <strong>1348</strong><br />(+21 for winning)\n|l|\u2606Delphinium0922\n|player|p1|\n|l|\u2606kojimuranishi\n|player|p2|\n|l| here's where king!\n|j| wuminshi\n|l| wuminshi\n|j| wuminshi\n|l| wuminshi\n|j| wuminshi\n|l| wuminshi\n|l| dasabe\u76d6\u6b27\u5361\u4fa0\n","uploadtime":1768053434,"views":16,"formatid":"gen9vgc2026regi","rating":1329,"private":0,"password":null}