{"id":"gen9vgc2026regi-2547062294","format":"[Gen 9] VGC 2026 Reg I","players":["9-5Unc","jepeg"],"log":"|j|\u26069-5Unc\n|j|\u2606jepeg\n|t:|1772043165\n|gametype|doubles\n|player|p1|9-5Unc|gambler|1263\n|player|p2|jepeg|beauty-gen4dp|1301\n|gen|9\n|tier|[Gen 9] VGC 2026 Reg I\n|rated|\n|rule|Species Clause: Limit one of each Pok\u00e9mon\n|rule|Item Clause: Limit 1 of each item\n|clearpoke\n|poke|p1|Calyrex-Shadow, L50|\n|poke|p1|Zamazenta-*, L50|\n|poke|p1|Chien-Pao, L50|\n|poke|p1|Dragonite, L50, M|\n|poke|p1|Amoonguss, L50, F|\n|poke|p1|Raging Bolt, L50|\n|poke|p2|Calyrex-Shadow, L50|\n|poke|p2|Oranguru, L50, F|\n|poke|p2|Miraidon, L50|\n|poke|p2|Ogerpon-Hearthflame, L50, F|\n|poke|p2|Bruxish, L50, F|\n|poke|p2|Torkoal, L50, F|\n|teampreview|4\n|inactive|Battle timer is ON: inactive players will automatically lose when time's up. (requested by 9-5Unc)\n|\n|t:|1772043191\n|teamsize|p1|4\n|teamsize|p2|4\n|start\n|switch|p1a: Chien-Pao|Chien-Pao, L50|100/100\n|switch|p1b: Calyrex|Calyrex-Shadow, L50|100/100\n|switch|p2a: Calyrex|Calyrex-Shadow, L50|100/100\n|switch|p2b: Bruxish|Bruxish, L50, F, shiny|100/100\n|-ability|p1b: Calyrex|As One\n|-ability|p1b: Calyrex|Unnerve\n|-ability|p2a: Calyrex|As One\n|-ability|p2a: Calyrex|Unnerve\n|-ability|p1a: Chien-Pao|Sword of Ruin\n|turn|1\n|inactive|9-5Unc has 30 seconds left.\n|\n|t:|1772043225\n|-terastallize|p2a: Calyrex|Fire\n|move|p2b: Bruxish|Surf|p1b: Calyrex|[spread] p2a,p1a,p1b\n|-supereffective|p2a: Calyrex\n|-damage|p2a: Calyrex|72/100\n|-damage|p1a: Chien-Pao|87/100\n|-damage|p1b: Calyrex|86/100\n|-enditem|p2a: Calyrex|Weakness Policy\n|-boost|p2a: Calyrex|atk|2|[from] item: Weakness Policy\n|-boost|p2a: Calyrex|spa|2|[from] item: Weakness Policy\n|move|p2a: Calyrex|Astral Barrage|p1b: Calyrex|[spread] p1a,p1b\n|-resisted|p1a: Chien-Pao\n|-supereffective|p1b: Calyrex\n|-damage|p1a: Chien-Pao|41/100\n|-damage|p1b: Calyrex|0 fnt\n|faint|p1b: Calyrex\n|-ability|p2a: Calyrex|Grim Neigh|boost\n|-boost|p2a: Calyrex|spa|1\n|move|p1a: Chien-Pao|Icy Wind|p2a: Calyrex|[spread] p2a,p2b\n|-resisted|p2a: Calyrex\n|-resisted|p2b: Bruxish\n|-damage|p2a: Calyrex|66/100\n|-damage|p2b: Bruxish|92/100\n|-unboost|p2a: Calyrex|spe|1\n|-unboost|p2b: Bruxish|spe|1\n|\n|upkeep\n|\n|t:|1772043237\n|switch|p1b: Zamazenta|Zamazenta-Crowned, L50|100/100\n|-ability|p1b: Zamazenta|Dauntless Shield|boost\n|-boost|p1b: Zamazenta|def|1\n|turn|2\n|\n|t:|1772043261\n|switch|p2b: Ogerpon|Ogerpon-Hearthflame, L50, F|100/100\n|-ability|p2b: Ogerpon|Mold Breaker\n|move|p2a: Calyrex|Protect|p2a: Calyrex\n|-singleturn|p2a: Calyrex|Protect\n|move|p1a: Chien-Pao|Ruination|p2a: Calyrex\n|-activate|p2a: Calyrex|move: Protect\n|move|p1b: Zamazenta|Body Press|p2a: Calyrex\n|-activate|p2a: Calyrex|move: Protect\n|\n|upkeep\n|turn|3\n|\n|t:|1772043275\n|-terastallize|p1b: Zamazenta|Dragon\n|move|p2b: Ogerpon|Follow Me|p2b: Ogerpon\n|-singleturn|p2b: Ogerpon|move: Follow Me\n|move|p1a: Chien-Pao|Icy Wind|p2b: Ogerpon|[spread] p2a,p2b\n|-resisted|p2a: Calyrex\n|-crit|p2b: Ogerpon\n|-damage|p2a: Calyrex|60/100\n|-damage|p2b: Ogerpon|81/100\n|-unboost|p2a: Calyrex|spe|1\n|-unboost|p2b: Ogerpon|spe|1\n|move|p1b: Zamazenta|Body Press|p2b: Ogerpon\n|-damage|p2b: Ogerpon|0 fnt\n|faint|p2b: Ogerpon\n|move|p2a: Calyrex|Astral Barrage|p1a: Chien-Pao|[spread] p1a,p1b\n|-resisted|p1a: Chien-Pao\n|-damage|p1a: Chien-Pao|0 fnt\n|-damage|p1b: Zamazenta|13/100\n|faint|p1a: Chien-Pao\n|-ability|p2a: Calyrex|Grim Neigh|boost\n|-boost|p2a: Calyrex|spa|1\n|\n|upkeep\n|\n|t:|1772043294\n|switch|p1a: Amoonguss|Amoonguss, L50, F|100/100\n|switch|p2b: Miraidon|Miraidon, L50|100/100\n|-fieldstart|move: Electric Terrain|[from] ability: Hadron Engine|[of] p2b: Miraidon\n|turn|4\n|\n|t:|1772043305\n|switch|p2a: Bruxish|Bruxish, L50, F, shiny|92/100\n|move|p1a: Amoonguss|Rage Powder|p1a: Amoonguss\n|-singleturn|p1a: Amoonguss|move: Rage Powder\n|move|p2b: Miraidon|Dazzling Gleam|p1a: Amoonguss|[spread] p1a,p1b\n|-resisted|p1a: Amoonguss\n|-supereffective|p1b: Zamazenta\n|-damage|p1a: Amoonguss|90/100\n|-damage|p1b: Zamazenta|0 fnt\n|faint|p1b: Zamazenta\n|\n|upkeep\n|turn|5\n|-message|9-5Unc forfeited.\n|\n|win|jepeg\n|raw|9-5Unc's rating: 1263 &rarr; <strong>1241</strong><br />(-22 for losing)\n|raw|jepeg's rating: 1301 &rarr; <strong>1319</strong><br />(+18 for winning)\n|l|\u26069-5Unc\n|player|p1|\n|l|\u2606jepeg\n|player|p2|\n","uploadtime":1772043498,"views":14,"formatid":"gen9vgc2026regi","rating":1241,"private":0,"password":null}