{"id":"gen9vgc2026regi-2535313581","format":"[Gen 9] VGC 2026 Reg I","players":["j0l0k0","Ciel29"],"log":"|j|\u2606j0l0k0\n|j|\u203dCiel29\n|t:|1770550111\n|gametype|doubles\n|player|p1|j0l0k0|brycen|1389\n|player|p2|Ciel29|hilbert|1267\n|gen|9\n|tier|[Gen 9] VGC 2026 Reg I\n|rated|\n|rule|Species Clause: Limit one of each Pok\u00e9mon\n|rule|Item Clause: Limit 1 of each item\n|clearpoke\n|poke|p1|Calyrex-Ice, L50|\n|poke|p1|Kyogre, L50|\n|poke|p1|Indeedee-F, L50, F|\n|poke|p1|Urshifu-*, L50, F|\n|poke|p1|Amoonguss, L50, F|\n|poke|p1|Landorus, L50, M|\n|poke|p2|Regidrago, L50|\n|poke|p2|Iron Crown, L50|\n|poke|p2|Indeedee-F, L50, F|\n|poke|p2|Tornadus, L50, M|\n|poke|p2|Urshifu-*, L50, F|\n|poke|p2|Ogerpon-Hearthflame, L50, F|\n|teampreview|4\n|inactive|Battle timer is ON: inactive players will automatically lose when time's up. (requested by Ciel29)\n|inactive|j0l0k0 also wants the timer to be on.\n|\n|t:|1770550139\n|teamsize|p1|4\n|teamsize|p2|4\n|start\n|switch|p1a: Indeedee|Indeedee-F, L50, F, shiny|100/100\n|switch|p1b: Calyrex|Calyrex-Ice, L50|100/100\n|switch|p2a: Indeedee|Indeedee-F, L50, F|100/100\n|switch|p2b: Iron Crown|Iron Crown, L50|100/100\n|-ability|p1b: Calyrex|As One\n|-ability|p1b: Calyrex|Unnerve\n|-fieldstart|move: Psychic Terrain|[from] ability: Psychic Surge|[of] p1a: Indeedee\n|-enditem|p2b: Iron Crown|Booster Energy\n|-activate|p2b: Iron Crown|ability: Quark Drive|[fromitem]\n|-start|p2b: Iron Crown|quarkdrivespa\n|turn|1\n|inactive|Ciel29 has 30 seconds left.\n|inactive|Ciel29 has 20 seconds left.\n|\n|t:|1770550178\n|move|p1a: Indeedee|Follow Me|p1a: Indeedee\n|-singleturn|p1a: Indeedee|move: Follow Me\n|move|p2b: Iron Crown|Expanding Force|p1b: Calyrex|[spread] p1a,p1b\n|-resisted|p1a: Indeedee\n|-resisted|p1b: Calyrex\n|-damage|p1a: Indeedee|65/100\n|-damage|p1b: Calyrex|70/100\n|move|p2a: Indeedee|Trick Room|p2a: Indeedee\n|-fieldstart|move: Trick Room|[of] p2a: Indeedee\n|move|p1b: Calyrex|Trick Room|p1b: Calyrex\n|-fieldend|move: Trick Room\n|\n|upkeep\n|turn|2\n|inactive|Ciel29 has 30 seconds left.\n|\n|t:|1770550210\n|move|p1a: Indeedee|Helping Hand|p1b: Calyrex\n|-singleturn|p1b: Calyrex|Helping Hand|[of] p1a: Indeedee\n|move|p2a: Indeedee|Helping Hand|p2b: Iron Crown\n|-singleturn|p2b: Iron Crown|Helping Hand|[of] p2a: Indeedee\n|move|p2b: Iron Crown|Tachyon Cutter|p1b: Calyrex\n|-supereffective|p1b: Calyrex\n|-damage|p1b: Calyrex|0 fnt\n|faint|p1b: Calyrex\n|-hitcount|p1: Calyrex|1\n|\n|upkeep\n|\n|t:|1770550217\n|switch|p1b: Kyogre|Kyogre, L50, shiny|100/100\n|-weather|RainDance|[from] ability: Drizzle|[of] p1b: Kyogre\n|turn|3\n|\n|t:|1770550233\n|move|p2a: Indeedee|Helping Hand|p2b: Iron Crown\n|-singleturn|p2b: Iron Crown|Helping Hand|[of] p2a: Indeedee\n|move|p1a: Indeedee|Follow Me|p1a: Indeedee\n|-singleturn|p1a: Indeedee|move: Follow Me\n|move|p2b: Iron Crown|Expanding Force|p1b: Kyogre|[spread] p1a,p1b\n|-resisted|p1a: Indeedee\n|-damage|p1a: Indeedee|11/100\n|-damage|p1b: Kyogre|51/100\n|move|p1b: Kyogre|Water Spout|p2b: Iron Crown|[spread] p2a,p2b\n|-crit|p2a: Indeedee\n|-damage|p2a: Indeedee|24/100\n|-damage|p2b: Iron Crown|46/100\n|\n|-weather|RainDance|[upkeep]\n|upkeep\n|turn|4\n|\n|t:|1770550247\n|move|p2a: Indeedee|Helping Hand|p2b: Iron Crown\n|-singleturn|p2b: Iron Crown|Helping Hand|[of] p2a: Indeedee\n|move|p2b: Iron Crown|Expanding Force|p1a: Indeedee|[spread] p1a,p1b\n|-resisted|p1a: Indeedee\n|-damage|p1a: Indeedee|0 fnt\n|-damage|p1b: Kyogre|0 fnt\n|faint|p1a: Indeedee\n|faint|p1b: Kyogre\n|\n|-weather|RainDance|[upkeep]\n|upkeep\n|\n|t:|1770550251\n|switch|p1b: Landorus|Landorus, L50, M, shiny|100/100\n|turn|5\n|j| lunala fairy ghost\n|l| lunala fairy ghost\n|\n|t:|1770550274\n|-terastallize|p1b: Landorus|Steel\n|move|p2a: Indeedee|Helping Hand|p2b: Iron Crown\n|-singleturn|p2b: Iron Crown|Helping Hand|[of] p2a: Indeedee\n|move|p2b: Iron Crown|Tera Blast|p1b: Landorus\n|-resisted|p1b: Landorus\n|-damage|p1b: Landorus|72/100\n|move|p1b: Landorus|Sandsear Storm|p2b: Iron Crown|[spread] p2a,p2b\n|-supereffective|p2b: Iron Crown\n|-damage|p2a: Indeedee|0 fnt\n|-damage|p2b: Iron Crown|0 fnt\n|faint|p2a: Indeedee\n|faint|p2b: Iron Crown\n|-end|p2b: Iron Crown|Quark Drive|[silent]\n|\n|-weather|RainDance|[upkeep]\n|-fieldend|move: Psychic Terrain\n|upkeep\n|\n|t:|1770550286\n|switch|p2b: Ogerpon|Ogerpon-Hearthflame, L50, F|100/100\n|switch|p2a: Regidrago|Regidrago, L50|100/100\n|-ability|p2b: Ogerpon|Mold Breaker\n|turn|6\n|c|\u2606j0l0k0|ggwp\n|inactive|Ciel29 has 30 seconds left.\n|\n|t:|1770550318\n|move|p2b: Ogerpon|Follow Me|p2b: Ogerpon\n|-singleturn|p2b: Ogerpon|move: Follow Me\n|move|p2a: Regidrago|Earth Power|p1b: Landorus\n|-supereffective|p1b: Landorus\n|-damage|p1b: Landorus|18/100\n|move|p1b: Landorus|Sandsear Storm|p2a: Regidrago|[spread] p2a,p2b\n|-crit|p2b: Ogerpon\n|-damage|p2a: Regidrago|33/100\n|-damage|p2b: Ogerpon|0 fnt\n|faint|p2b: Ogerpon\n|\n|-weather|RainDance|[upkeep]\n|upkeep\n|turn|7\n|\n|t:|1770550330\n|move|p1b: Landorus|Protect|p1b: Landorus\n|-singleturn|p1b: Landorus|Protect\n|move|p2a: Regidrago|Earth Power|p1b: Landorus\n|-activate|p1b: Landorus|move: Protect\n|\n|-weather|none\n|upkeep\n|turn|8\n|\n|t:|1770550337\n|move|p2a: Regidrago|Earth Power|p1b: Landorus\n|-supereffective|p1b: Landorus\n|-damage|p1b: Landorus|0 fnt\n|faint|p1b: Landorus\n|\n|win|Ciel29\n|raw|j0l0k0's rating: 1389 &rarr; <strong>1362</strong><br />(-27 for losing)\n|raw|Ciel29's rating: 1267 &rarr; <strong>1300</strong><br />(+33 for winning)\n|c|\u2606j0l0k0|ggwp\n|l|\u2606j0l0k0\n|player|p1|\n|l|\u203dCiel29\n|player|p2|\n","uploadtime":1770550674,"views":29,"formatid":"gen9vgc2026regi","rating":1300,"private":0,"password":null}