{"id":"gen9vgc2026regi-2560082910","format":"[Gen 9] VGC 2026 Reg I","players":["Schimmli","B1g b3luga"],"log":"|j|\u2606Schimmli\n|j|\u2606B1g b3luga\n|t:|1773648833\n|gametype|doubles\n|player|p1|Schimmli|170|1481\n|player|p2|B1g b3luga|266|1456\n|gen|9\n|tier|[Gen 9] VGC 2026 Reg I\n|rated|\n|rule|Species Clause: Limit one of each Pok\u00e9mon\n|rule|Item Clause: Limit 1 of each item\n|clearpoke\n|poke|p1|Terapagos, L50, M|\n|poke|p1|Calyrex-Shadow, L50|\n|poke|p1|Flutter Mane, L50|\n|poke|p1|Ogerpon-Cornerstone, L50, F|\n|poke|p1|Incineroar, L50, M|\n|poke|p1|Rillaboom, L50, M|\n|poke|p2|Smeargle, L50, F|\n|poke|p2|Zamazenta-*, L50|\n|poke|p2|Farigiraf, L50, M|\n|poke|p2|Kyogre, L50|\n|poke|p2|Rillaboom, L50, M|\n|poke|p2|Urshifu-*, L50, M|\n|teampreview|4\n|inactive|Battle timer is ON: inactive players will automatically lose when time's up. (requested by B1g b3luga)\n|\n|t:|1773648883\n|teamsize|p1|4\n|teamsize|p2|4\n|start\n|switch|p1a: Terapagos|Terapagos, L50, M|100/100\n|switch|p1b: Rillaboom|Rillaboom, L50, M|100/100\n|switch|p2a: Smeargle|Smeargle, L50, F|100/100\n|switch|p2b: Kyogre|Kyogre, L50|100/100\n|-activate|p1a: Terapagos|ability: Tera Shift\n|detailschange|p1a: Terapagos|Terapagos-Terastal, L50, M\n|-heal|p1a: Terapagos|100/100|[silent]\n|-weather|RainDance|[from] ability: Drizzle|[of] p2b: Kyogre\n|-fieldstart|move: Grassy Terrain|[from] ability: Grassy Surge|[of] p1b: Rillaboom\n|turn|1\n|inactive|Schimmli has 30 seconds left.\n|\n|t:|1773648909\n|move|p1a: Terapagos|Protect|p1a: Terapagos\n|-singleturn|p1a: Terapagos|Protect\n|move|p2a: Smeargle|Fake Out|p1b: Rillaboom\n|-damage|p1b: Rillaboom|96/100\n|move|p2b: Kyogre|Water Spout|p1b: Rillaboom|[spread] p1b\n|-activate|p1a: Terapagos|move: Protect\n|-resisted|p1b: Rillaboom\n|-damage|p1b: Rillaboom|47/100\n|cant|p1b: Rillaboom|flinch\n|\n|-weather|RainDance|[upkeep]\n|-heal|p1b: Rillaboom|53/100|[from] Grassy Terrain\n|-ability|p2a: Smeargle|Moody|boost\n|-boost|p2a: Smeargle|spe|2\n|-unboost|p2a: Smeargle|spd|1\n|upkeep\n|turn|2\n|\n|t:|1773648931\n|switch|p2b: Zamazenta|Zamazenta-Crowned, L50|100/100\n|-ability|p2b: Zamazenta|Dauntless Shield|boost\n|-boost|p2b: Zamazenta|def|1\n|move|p2a: Smeargle|Spore|p1a: Terapagos\n|-status|p1a: Terapagos|slp|[from] move: Spore\n|cant|p1a: Terapagos|slp\n|move|p1b: Rillaboom|Wood Hammer|p2a: Smeargle\n|-enditem|p2a: Smeargle|Focus Sash\n|-damage|p2a: Smeargle|1/100\n|-damage|p1b: Rillaboom|28/100|[from] Recoil\n|\n|-weather|RainDance|[upkeep]\n|-heal|p2a: Smeargle|7/100|[from] Grassy Terrain\n|-heal|p1b: Rillaboom|33/100|[from] Grassy Terrain\n|-ability|p2a: Smeargle|Moody|boost\n|-boost|p2a: Smeargle|spe|2\n|-unboost|p2a: Smeargle|spa|1\n|upkeep\n|turn|3\n|\n|t:|1773648951\n|move|p1b: Rillaboom|Grassy Glide|p2a: Smeargle\n|-damage|p2a: Smeargle|0 fnt\n|faint|p2a: Smeargle\n|move|p2b: Zamazenta|Iron Defense|p2b: Zamazenta\n|-boost|p2b: Zamazenta|def|2\n|cant|p1a: Terapagos|slp\n|\n|-weather|RainDance|[upkeep]\n|-heal|p1b: Rillaboom|39/100|[from] Grassy Terrain\n|upkeep\n|\n|t:|1773648963\n|switch|p2a: Rillaboom|Rillaboom, L50, M|100/100\n|turn|4\n|\n|t:|1773648972\n|switch|p1b: Incineroar|Incineroar, L50, M, shiny|100/100\n|-ability|p1b: Incineroar|Intimidate|boost\n|-unboost|p2a: Rillaboom|atk|1\n|-unboost|p2b: Zamazenta|atk|1\n|cant|p1a: Terapagos|slp\n|move|p2a: Rillaboom|Fake Out|p1b: Incineroar\n|-damage|p1b: Incineroar|93/100\n|-damage|p2a: Rillaboom|84/100|[from] item: Rocky Helmet|[of] p1b: Incineroar\n|move|p2b: Zamazenta|Body Press|p1a: Terapagos\n|-activate|p1a: Terapagos|ability: Tera Shell\n|-resisted|p1a: Terapagos\n|-damage|p1a: Terapagos|60/100 slp\n|\n|-weather|RainDance|[upkeep]\n|-heal|p1a: Terapagos|67/100 slp|[from] Grassy Terrain\n|-heal|p1a: Terapagos|73/100 slp|[from] item: Leftovers\n|-heal|p2a: Rillaboom|90/100|[from] Grassy Terrain\n|-heal|p1b: Incineroar|99/100|[from] Grassy Terrain\n|upkeep\n|turn|5\n|inactive|B1g b3luga has 30 seconds left.\n|\n|t:|1773648998\n|switch|p2a: Kyogre|Kyogre, L50|100/100\n|move|p1b: Incineroar|Fake Out|p2b: Zamazenta\n|-resisted|p2b: Zamazenta\n|-damage|p2b: Zamazenta|99/100\n|cant|p2b: Zamazenta|flinch\n|-curestatus|p1a: Terapagos|slp|[msg]\n|move|p1a: Terapagos|Calm Mind|p1a: Terapagos\n|-boost|p1a: Terapagos|spa|1\n|-boost|p1a: Terapagos|spd|1\n|\n|-weather|none\n|-heal|p2b: Zamazenta|100/100|[from] Grassy Terrain\n|-heal|p1a: Terapagos|79/100|[from] Grassy Terrain\n|-heal|p1a: Terapagos|85/100|[from] item: Leftovers\n|-heal|p1b: Incineroar|100/100|[from] Grassy Terrain\n|-fieldend|move: Grassy Terrain\n|upkeep\n|turn|6\n|inactive|Schimmli has 30 seconds left.\n|inactive|Schimmli has 20 seconds left.\n|\n|t:|1773649036\n|move|p1a: Terapagos|Protect|p1a: Terapagos\n|-singleturn|p1a: Terapagos|Protect\n|move|p2b: Zamazenta|Iron Defense|p2b: Zamazenta\n|-boost|p2b: Zamazenta|def|2\n|move|p2a: Kyogre|Origin Pulse|p1a: Terapagos|[spread] p1b\n|-activate|p1a: Terapagos|move: Protect\n|-supereffective|p1b: Incineroar\n|-damage|p1b: Incineroar|0 fnt\n|faint|p1b: Incineroar\n|\n|-heal|p1a: Terapagos|92/100|[from] item: Leftovers\n|upkeep\n|\n|t:|1773649059\n|switch|p1b: Rillaboom|Rillaboom, L50, M|39/100\n|-fieldstart|move: Grassy Terrain|[from] ability: Grassy Surge|[of] p1b: Rillaboom\n|turn|7\n|\n|t:|1773649083\n|switch|p2a: Rillaboom|Rillaboom, L50, M|90/100\n|-terastallize|p1a: Terapagos|Stellar\n|detailschange|p1a: Terapagos|Terapagos-Stellar, L50, M, tera:Stellar\n|-heal|p1a: Terapagos|94/100|[silent]\n|-ability|p1a: Terapagos|Teraform Zero\n|-fieldend|move: Grassy Terrain\n|move|p1b: Rillaboom|Fake Out|p2b: Zamazenta\n|-resisted|p2b: Zamazenta\n|-damage|p2b: Zamazenta|99/100\n|cant|p2b: Zamazenta|flinch\n|move|p1a: Terapagos|Earth Power|p2b: Zamazenta\n|-supereffective|p2b: Zamazenta\n|-damage|p2b: Zamazenta|14/100\n|\n|-heal|p1a: Terapagos|99/100|[from] item: Leftovers\n|upkeep\n|turn|8\n|\n|t:|1773649104\n|move|p1a: Terapagos|Protect|p1a: Terapagos\n|-singleturn|p1a: Terapagos|Protect\n|move|p2a: Rillaboom|Fake Out|p1b: Rillaboom\n|-damage|p1b: Rillaboom|26/100\n|move|p2b: Zamazenta|Body Press|p1a: Terapagos\n|-activate|p1a: Terapagos|move: Protect\n|cant|p1b: Rillaboom|flinch\n|\n|-heal|p1a: Terapagos|100/100|[from] item: Leftovers\n|upkeep\n|turn|9\n|\n|t:|1773649126\n|move|p2b: Zamazenta|Body Press|p1a: Terapagos\n|-supereffective|p1a: Terapagos\n|-damage|p1a: Terapagos|0 fnt\n|faint|p1a: Terapagos\n|detailschange|p1: Terapagos|Terapagos, L50, M|[silent]\n|move|p1b: Rillaboom|U-turn|p2a: Rillaboom\n|-supereffective|p2a: Rillaboom\n|-damage|p2a: Rillaboom|47/100\n|\n|t:|1773649134\n|switch|p1b: Calyrex|Calyrex-Shadow, L50|100/100|[from] U-turn\n|-ability|p1b: Calyrex|As One\n|-ability|p1b: Calyrex|Unnerve\n|move|p2a: Rillaboom|Wood Hammer|p1b: Calyrex\n|-damage|p1b: Calyrex|23/100\n|-damage|p2a: Rillaboom|22/100|[from] Recoil\n|\n|upkeep\n|\n|t:|1773649143\n|switch|p1a: Rillaboom|Rillaboom, L50, M|26/100\n|-fieldstart|move: Grassy Terrain|[from] ability: Grassy Surge|[of] p1a: Rillaboom\n|turn|10\n|\n|t:|1773649150\n|move|p2b: Zamazenta|Wide Guard|p2b: Zamazenta\n|-singleturn|p2b: Zamazenta|Wide Guard\n|move|p1a: Rillaboom|Fake Out|p2a: Rillaboom\n|-damage|p2a: Rillaboom|9/100\n|cant|p2a: Rillaboom|flinch\n|move|p1b: Calyrex|Astral Barrage|p2a: Rillaboom|[spread] \n|-activate|p2a: Rillaboom|move: Wide Guard\n|-activate|p2b: Zamazenta|move: Wide Guard\n|\n|-heal|p1b: Calyrex|28/100|[from] Grassy Terrain\n|-heal|p2b: Zamazenta|20/100|[from] Grassy Terrain\n|-heal|p1a: Rillaboom|31/100|[from] Grassy Terrain\n|-heal|p2a: Rillaboom|15/100|[from] Grassy Terrain\n|upkeep\n|turn|11\n|\n|t:|1773649166\n|move|p1a: Rillaboom|Grassy Glide|p2a: Rillaboom\n|-resisted|p2a: Rillaboom\n|-damage|p2a: Rillaboom|0 fnt\n|faint|p2a: Rillaboom\n|move|p1b: Calyrex|Astral Barrage|p2b: Zamazenta\n|-damage|p2b: Zamazenta|0 fnt\n|faint|p2b: Zamazenta\n|-ability|p1b: Calyrex|Grim Neigh|boost\n|-boost|p1b: Calyrex|spa|1\n|\n|-heal|p1b: Calyrex|34/100|[from] Grassy Terrain\n|-heal|p1a: Rillaboom|37/100|[from] Grassy Terrain\n|upkeep\n|\n|t:|1773649171\n|switch|p2b: Kyogre|Kyogre, L50|100/100\n|-weather|RainDance|[from] ability: Drizzle|[of] p2b: Kyogre\n|turn|12\n|\n|t:|1773649182\n|-terastallize|p2b: Kyogre|Electric\n|move|p1a: Rillaboom|Grassy Glide|p2b: Kyogre\n|-damage|p2b: Kyogre|63/100\n|move|p1b: Calyrex|Astral Barrage|p2b: Kyogre\n|-damage|p2b: Kyogre|0 fnt\n|faint|p2b: Kyogre\n|\n|win|Schimmli\n|raw|Schimmli's rating: 1481 &rarr; <strong>1500</strong><br />(+19 for winning)\n|raw|B1g b3luga's rating: 1456 &rarr; <strong>1437</strong><br />(-19 for losing)\n|l|\u2606B1g b3luga\n|player|p2|\n|l|\u2606Schimmli\n|player|p1|\n","uploadtime":1773649386,"views":13,"formatid":"gen9vgc2026regi","rating":1437,"private":0,"password":null}