{"id":"gen9vgc2026regi-2525302647","format":"[Gen 9] VGC 2026 Reg I","players":["Emasait","1zha"],"log":"|j|\u2606Emasait\n|j|\u26061zha\n|t:|1769265505\n|gametype|doubles\n|player|p1|Emasait|red|1386\n|player|p2|1zha|170|1448\n|gen|9\n|tier|[Gen 9] VGC 2026 Reg I\n|rated|\n|rule|Species Clause: Limit one of each Pok\u00e9mon\n|rule|Item Clause: Limit 1 of each item\n|clearpoke\n|poke|p1|Whimsicott, L50, F|\n|poke|p1|Miraidon, L50|\n|poke|p1|Calyrex-Ice, L50|\n|poke|p1|Farigiraf, L50, F|\n|poke|p1|Urshifu-*, L50, F|\n|poke|p1|Iron Hands, L50|\n|poke|p2|Calyrex-Shadow, L50|\n|poke|p2|Zamazenta-*, L50|\n|poke|p2|Whimsicott, L50, F|\n|poke|p2|Maushold-Four, L50|\n|poke|p2|Chi-Yu, L50|\n|poke|p2|Amoonguss, L50, M|\n|teampreview|4\n|inactive|Battle timer is ON: inactive players will automatically lose when time's up. (requested by 1zha)\n|\n|t:|1769265538\n|teamsize|p1|4\n|teamsize|p2|4\n|start\n|switch|p1a: Whimsicott|Whimsicott, L50, F|100/100\n|switch|p1b: Miraidon|Miraidon, L50|100/100\n|switch|p2a: Whimsicott|Whimsicott, L50, F, shiny|100/100\n|switch|p2b: Chi-Yu|Chi-Yu, L50, shiny|100/100\n|-fieldstart|move: Electric Terrain|[from] ability: Hadron Engine|[of] p1b: Miraidon\n|-ability|p2b: Chi-Yu|Beads of Ruin\n|turn|1\n|inactive|Emasait has 30 seconds left.\n|inactive|Emasait has 20 seconds left.\n|inactive|Emasait has 15 seconds left.\n|\n|t:|1769265578\n|-terastallize|p2b: Chi-Yu|Ground\n|-terastallize|p1a: Whimsicott|Dark\n|move|p2a: Whimsicott|Tailwind|p2a: Whimsicott\n|-sidestart|p2: 1zha|move: Tailwind\n|move|p1a: Whimsicott|Light Screen|p1a: Whimsicott\n|-sidestart|p1: Emasait|move: Light Screen\n|move|p2b: Chi-Yu|Tera Blast|p1b: Miraidon|[anim] Tera Blast Ground\n|-supereffective|p1b: Miraidon\n|-damage|p1b: Miraidon|0 fnt\n|faint|p1b: Miraidon\n|\n|upkeep\n|\n|t:|1769265591\n|switch|p1b: Calyrex|Calyrex-Ice, L50|100/100\n|-ability|p1b: Calyrex|As One\n|-ability|p1b: Calyrex|Unnerve\n|turn|2\n|inactive|Emasait has 30 seconds left.\n|inactive|Emasait has 20 seconds left.\n|\n|t:|1769265626\n|move|p2a: Whimsicott|Taunt|p1b: Calyrex\n|-start|p1b: Calyrex|move: Taunt\n|move|p1a: Whimsicott|Encore|p2b: Chi-Yu\n|-start|p2b: Chi-Yu|Encore\n|move|p2b: Chi-Yu|Tera Blast|p1a: Whimsicott|[anim] Tera Blast Ground\n|-damage|p1a: Whimsicott|46/100\n|move|p1b: Calyrex|Glacial Lance|p2a: Whimsicott|[spread] p2a,p2b\n|-supereffective|p2a: Whimsicott\n|-supereffective|p2b: Chi-Yu\n|-enditem|p2a: Whimsicott|Focus Sash\n|-damage|p2a: Whimsicott|1/100\n|-damage|p2b: Chi-Yu|0 fnt\n|faint|p2b: Chi-Yu\n|-ability|p1b: Calyrex|Chilling Neigh|boost\n|-boost|p1b: Calyrex|atk|1\n|\n|upkeep\n|\n|t:|1769265638\n|switch|p2b: Zamazenta|Zamazenta-Crowned, L50|100/100\n|-ability|p2b: Zamazenta|Dauntless Shield|boost\n|-boost|p2b: Zamazenta|def|1\n|turn|3\n|\n|t:|1769265649\n|move|p1a: Whimsicott|Tailwind|p1a: Whimsicott\n|-sidestart|p1: Emasait|move: Tailwind\n|move|p2a: Whimsicott|Endeavor|p1b: Calyrex\n|-damage|p1b: Calyrex|1/100\n|move|p2b: Zamazenta|Body Press|p1b: Calyrex\n|-damage|p1b: Calyrex|0 fnt\n|faint|p1b: Calyrex\n|\n|upkeep\n|\n|t:|1769265659\n|switch|p1b: Iron Hands|Iron Hands, L50|100/100\n|-activate|p1b: Iron Hands|ability: Quark Drive\n|-start|p1b: Iron Hands|quarkdriveatk\n|turn|4\n|\n|t:|1769265673\n|move|p2a: Whimsicott|Endeavor|p1b: Iron Hands\n|-damage|p1b: Iron Hands|1/100\n|move|p2b: Zamazenta|Body Press|p1a: Whimsicott\n|-supereffective|p1a: Whimsicott\n|-crit|p1a: Whimsicott\n|-damage|p1a: Whimsicott|0 fnt\n|faint|p1a: Whimsicott\n|move|p1b: Iron Hands|Low Kick|p2b: Zamazenta\n|-supereffective|p2b: Zamazenta\n|-damage|p2b: Zamazenta|43/100\n|\n|-sideend|p2: 1zha|move: Tailwind\n|upkeep\n|turn|5\n|-message|Emasait forfeited.\n|\n|win|1zha\n|raw|Emasait's rating: 1386 &rarr; <strong>1370</strong><br />(-16 for losing)\n|raw|1zha's rating: 1448 &rarr; <strong>1464</strong><br />(+16 for winning)\n|l|\u2606Emasait\n|player|p1|\n|l|\u26061zha\n|player|p2|\n","uploadtime":1769265917,"views":20,"formatid":"gen9vgc2026regi","rating":1370,"private":0,"password":null}