{"id":"gen9vgc2026regi-2560584346","format":"[Gen 9] VGC 2026 Reg I","players":["post_testing","It'sJustKen VGC"],"log":"|j|\u2606post_testing\n|j|\u2606It'sJustKen VGC\n|t:|1773701566\n|gametype|doubles\n|player|p1|post_testing|102|1309\n|player|p2|It'sJustKen VGC|2|1417\n|gen|9\n|tier|[Gen 9] VGC 2026 Reg I\n|rated|\n|rule|Species Clause: Limit one of each Pok\u00e9mon\n|rule|Item Clause: Limit 1 of each item\n|clearpoke\n|poke|p1|Koraidon, L50|\n|poke|p1|Calyrex-Shadow, L50|\n|poke|p1|Chi-Yu, L50|\n|poke|p1|Whimsicott, L50, M|\n|poke|p1|Indeedee-F, L50, F|\n|poke|p1|Walking Wake, L50|\n|poke|p2|Farigiraf, L50, F|\n|poke|p2|Incineroar, L50, M|\n|poke|p2|Torkoal, L50, M|\n|poke|p2|Calyrex-Shadow, L50|\n|poke|p2|Amoonguss, L50, M|\n|poke|p2|Zamazenta-*, L50|\n|teampreview|4\n|inactive|Battle timer is ON: inactive players will automatically lose when time's up. (requested by It'sJustKen VGC)\n|inactive|post_testing has 60 seconds left.\n|\n|t:|1773701608\n|teamsize|p1|4\n|teamsize|p2|4\n|start\n|switch|p1a: Koraidon|Koraidon, L50|100/100\n|switch|p1b: Walking Wake|Walking Wake, L50|100/100\n|switch|p2a: Farigiraf|Farigiraf, L50, F|100/100\n|switch|p2b: Incineroar|Incineroar, L50, M|100/100\n|-weather|SunnyDay|[from] ability: Orichalcum Pulse|[of] p1a: Koraidon\n|-activate|p1b: Walking Wake|ability: Protosynthesis\n|-start|p1b: Walking Wake|protosynthesisspe\n|-activate|p1a: Koraidon|Orichalcum Pulse|[source]\n|-ability|p2b: Incineroar|Intimidate|boost\n|-unboost|p1a: Koraidon|atk|1\n|-unboost|p1b: Walking Wake|atk|1\n|turn|1\n|\n|t:|1773701626\n|-end|p1b: Walking Wake|Protosynthesis|[silent]\n|switch|p1b: Indeedee|Indeedee-F, L50, F|100/100\n|-fieldstart|move: Psychic Terrain|[from] ability: Psychic Surge|[of] p1b: Indeedee\n|-terastallize|p1a: Koraidon|Fire\n|move|p2b: Incineroar|Fake Out|p1a: Koraidon\n|-activate|p1a: Koraidon|move: Psychic Terrain\n|move|p1a: Koraidon|Flare Blitz|p2a: Farigiraf\n|-damage|p2a: Farigiraf|0 fnt\n|faint|p2a: Farigiraf\n|-damage|p1a: Koraidon|58/100|[from] Recoil\n|-damage|p1a: Koraidon|49/100|[from] item: Life Orb\n|\n|-weather|SunnyDay|[upkeep]\n|upkeep\n|\n|t:|1773701631\n|switch|p2a: Calyrex|Calyrex-Shadow, L50|100/100\n|-ability|p2a: Calyrex|As One\n|-ability|p2a: Calyrex|Unnerve\n|turn|2\n|\n|t:|1773701649\n|-terastallize|p2a: Calyrex|Ghost\n|move|p1a: Koraidon|Protect|p1a: Koraidon\n|-singleturn|p1a: Koraidon|Protect\n|move|p2a: Calyrex|Astral Barrage|p1a: Koraidon|[spread] \n|-activate|p1a: Koraidon|move: Protect\n|-immune|p1b: Indeedee\n|move|p2b: Incineroar|Knock Off|p1a: Koraidon\n|-activate|p1a: Koraidon|move: Protect\n|move|p1b: Indeedee|Trick Room|p1b: Indeedee\n|-fieldstart|move: Trick Room|[of] p1b: Indeedee\n|\n|-weather|SunnyDay|[upkeep]\n|upkeep\n|turn|3\n|\n|t:|1773701668\n|move|p2a: Calyrex|Protect|p2a: Calyrex\n|-singleturn|p2a: Calyrex|Protect\n|move|p1b: Indeedee|Follow Me|p1b: Indeedee\n|-singleturn|p1b: Indeedee|move: Follow Me\n|move|p2b: Incineroar|Knock Off|p1b: Indeedee\n|-supereffective|p1b: Indeedee\n|-damage|p1b: Indeedee|0 fnt\n|-damage|p2b: Incineroar|84/100|[from] item: Rocky Helmet|[of] p1b: Indeedee\n|-enditem|p1b: Indeedee|Rocky Helmet|[from] move: Knock Off|[of] p2b: Incineroar\n|faint|p1b: Indeedee\n|move|p1a: Koraidon|Close Combat|p2b: Incineroar\n|-supereffective|p2b: Incineroar\n|-damage|p2b: Incineroar|0 fnt\n|-unboost|p1a: Koraidon|def|1\n|-unboost|p1a: Koraidon|spd|1\n|faint|p2b: Incineroar\n|-damage|p1a: Koraidon|39/100|[from] item: Life Orb\n|\n|-weather|SunnyDay|[upkeep]\n|upkeep\n|\n|t:|1773701689\n|switch|p2b: Torkoal|Torkoal, L50, M|100/100\n|switch|p1b: Walking Wake|Walking Wake, L50|100/100\n|-activate|p1b: Walking Wake|ability: Protosynthesis\n|-start|p1b: Walking Wake|protosynthesisspe\n|turn|4\n|\n|t:|1773701701\n|move|p1a: Koraidon|Protect|p1a: Koraidon\n|-singleturn|p1a: Koraidon|Protect\n|move|p2b: Torkoal|Eruption|p1b: Walking Wake|[spread] p1b\n|-activate|p1a: Koraidon|move: Protect\n|-resisted|p1b: Walking Wake\n|-damage|p1b: Walking Wake|78/100\n|move|p2a: Calyrex|Astral Barrage|p1b: Walking Wake|[spread] p1b\n|-activate|p1a: Koraidon|move: Protect\n|-damage|p1b: Walking Wake|22/100\n|move|p1b: Walking Wake|Hydro Steam|p2b: Torkoal\n|-supereffective|p2b: Torkoal\n|-damage|p2b: Torkoal|0 fnt\n|faint|p2b: Torkoal\n|\n|-weather|SunnyDay|[upkeep]\n|upkeep\n|turn|5\n|\n|t:|1773701725\n|move|p1a: Koraidon|Flare Blitz|p2a: Calyrex\n|-enditem|p2a: Calyrex|Focus Sash\n|-damage|p2a: Calyrex|1/100\n|-damage|p1a: Koraidon|6/100|[from] Recoil\n|-damage|p1a: Koraidon|0 fnt|[from] item: Life Orb\n|faint|p1a: Koraidon\n|move|p2a: Calyrex|Astral Barrage|p1b: Walking Wake\n|-damage|p1b: Walking Wake|0 fnt\n|faint|p1b: Walking Wake\n|-end|p1b: Walking Wake|Protosynthesis|[silent]\n|-ability|p2a: Calyrex|Grim Neigh|boost\n|-boost|p2a: Calyrex|spa|1\n|\n|-weather|none\n|-fieldend|move: Psychic Terrain\n|upkeep\n|\n|t:|1773701741\n|switch|p1b: Calyrex|Calyrex-Shadow, L50|100/100\n|-ability|p1b: Calyrex|As One\n|-ability|p1b: Calyrex|Unnerve\n|turn|6\n|\n|t:|1773701748\n|move|p1b: Calyrex|Astral Barrage|p2a: Calyrex\n|-supereffective|p2a: Calyrex\n|-damage|p2a: Calyrex|0 fnt\n|faint|p2a: Calyrex\n|\n|win|post_testing\n|raw|post_testing's rating: 1309 &rarr; <strong>1335</strong><br />(+26 for winning)\n|raw|It&apos;sJustKen VGC's rating: 1417 &rarr; <strong>1391</strong><br />(-26 for losing)\n","uploadtime":1773701750,"views":10,"formatid":"gen9vgc2026regi","rating":1335,"private":0,"password":null}