{"id":"gen9vgc2026regi-2574267532","format":"[Gen 9] VGC 2026 Reg I","players":["1VLTSQ Joker","sun tr guy"],"log":"|j|\u26061VLTSQ Joker\n|j|\u2606sun tr guy\n|t:|1775225318\n|gametype|doubles\n|player|p1|1VLTSQ Joker|blue|\n|player|p2|sun tr guy|turo|\n|gen|9\n|tier|[Gen 9] VGC 2026 Reg I\n|rated|Tournament battle\n|rule|Species Clause: Limit one of each Pok\u00e9mon\n|rule|Item Clause: Limit 1 of each item\n|raw|<div class=\"infobox\"><details class=\"readmore\" open><summary><strong>3 custom rules:</strong></summary> Open Team Sheets, Force Open Team Sheets, !Open Team Sheets</details></div>\n|clearpoke\n|poke|p1|Calyrex-Ice, L50|\n|poke|p1|Smeargle, L50, F|\n|poke|p1|Kyogre, L50|\n|poke|p1|Maushold, L50|\n|poke|p1|Volcarona, L50, F|\n|poke|p1|Pawmot, L50, M|\n|poke|p2|Reshiram, L50|\n|poke|p2|Calyrex-Ice, L50|\n|poke|p2|Torkoal, L50, F|\n|poke|p2|Smeargle, L50, F|\n|poke|p2|Indeedee-F, L50, F|\n|poke|p2|Gallade, L50, M|\n|teampreview|4\n|showteam|p1|Calyrex-Ice||AssaultVest|AsOneGlastrier|GlacialLance,HighHorsepower,Crunch,SeedBomb||||||50|,,,,,Grass]Smeargle||FocusSash|Moody|FollowMe,Spore,FakeOut,Decorate|||F|||50|,,,,,Ghost]Kyogre||ChoiceScarf|Drizzle|WaterSpout,OriginPulse,HydroPump,Thunder||||||50|,,,,,Water]Maushold||WideLens|Technician|PopulationBomb,Bite,FollowMe,Protect||||||50|,,,,,Normal]Volcarona||RockyHelmet|FlameBody|Flamethrower,RagePowder,Tailwind,Protect|||F|||50|,,,,,Normal]Pawmot||MentalHerb|VoltAbsorb|FakeOut,RevivalBlessing,CloseCombat,Nuzzle|||M|||50|,,,,,Dark\n|showteam|p2|Reshiram||AssaultVest|Turboblaze|DragonPulse,ShadowBall,FusionFlare,SolarBeam||||||50|,,,,,Grass]Calyrex-Ice||ClearAmulet|AsOneGlastrier|GlacialLance,CloseCombat,TrickRoom,Protect||||||50|,,,,,Water]Torkoal||ChoiceSpecs|Drought|Eruption,HeatWave,EarthPower,WeatherBall|||F|||50|,,,,,Fire]Smeargle||FocusSash|Technician|FakeOut,Spore,FollowMe,Decorate|||F|||50|,,,,,Grass]Indeedee-F||RockyHelmet|PsychicSurge|Psychic,FollowMe,HelpingHand,TrickRoom|||F|||50|,,,,,Fairy]Gallade||SafetyGoggles|Sharpness|SacredSword,NightSlash,TrickRoom,WideGuard|||M|||50|,,,,,Dark\n|c|\u2606sun tr guy|glhf\n|inactive|Battle timer is ON: inactive players will automatically lose when time's up. (requested by sun tr guy)\n|\n|t:|1775225379\n|teamsize|p1|4\n|teamsize|p2|4\n|start\n|switch|p1a: Calyrex|Calyrex-Ice, L50|100/100\n|switch|p1b: Smeargle|Smeargle, L50, F|100/100\n|switch|p2a: Indeedee|Indeedee-F, L50, F|100/100\n|switch|p2b: Gallade|Gallade, L50, M|100/100\n|-ability|p1a: Calyrex|As One\n|-ability|p1a: Calyrex|Unnerve\n|-fieldstart|move: Psychic Terrain|[from] ability: Psychic Surge|[of] p2a: Indeedee\n|turn|1\n|inactive|sun tr guy has 30 seconds left.\n|\n|t:|1775225410\n|move|p2a: Indeedee|Helping Hand|p2b: Gallade\n|-singleturn|p2b: Gallade|Helping Hand|[of] p2a: Indeedee\n|move|p1b: Smeargle|Spore|p2a: Indeedee\n|-status|p2a: Indeedee|slp|[from] move: Spore\n|move|p1a: Calyrex|Glacial Lance|p2b: Gallade|[spread] p2a,p2b\n|-damage|p2a: Indeedee|48/100 slp\n|-damage|p2b: Gallade|25/100\n|move|p2b: Gallade|Night Slash|p1a: Calyrex\n|-supereffective|p1a: Calyrex\n|-crit|p1a: Calyrex\n|-damage|p1a: Calyrex|0 fnt\n|faint|p1a: Calyrex\n|\n|-ability|p1b: Smeargle|Moody|boost\n|-boost|p1b: Smeargle|spa|2\n|-unboost|p1b: Smeargle|def|1\n|upkeep\n|\n|t:|1775225435\n|switch|p1a: Kyogre|Kyogre, L50|100/100\n|-weather|RainDance|[from] ability: Drizzle|[of] p1a: Kyogre\n|turn|2\n|j| lambsie11\n|j| Jamstiffer\n|\n|t:|1775225456\n|move|p2b: Gallade|Wide Guard|p2b: Gallade\n|-singleturn|p2b: Gallade|Wide Guard\n|move|p1a: Kyogre|Water Spout|p2a: Indeedee|[spread] \n|-activate|p2a: Indeedee|move: Wide Guard\n|-activate|p2b: Gallade|move: Wide Guard\n|move|p1b: Smeargle|Spore|p2b: Gallade\n|-activate|p2b: Gallade|item: Safety Goggles|Spore\n|cant|p2a: Indeedee|slp\n|\n|-weather|RainDance|[upkeep]\n|-ability|p1b: Smeargle|Moody|boost\n|-boost|p1b: Smeargle|spd|2\n|-unboost|p1b: Smeargle|spa|1\n|upkeep\n|turn|3\n|\n|t:|1775225473\n|switch|p1a: Pawmot|Pawmot, L50, M|100/100\n|move|p2b: Gallade|Wide Guard|p2b: Gallade\n|-singleturn|p2b: Gallade|Wide Guard\n|move|p1b: Smeargle|Decorate|p1a: Pawmot\n|-boost|p1a: Pawmot|atk|2\n|-boost|p1a: Pawmot|spa|2\n|-curestatus|p2a: Indeedee|slp|[msg]\n|move|p2a: Indeedee|Trick Room|p2a: Indeedee\n|-fieldstart|move: Trick Room|[of] p2a: Indeedee\n|\n|-weather|RainDance|[upkeep]\n|-ability|p1b: Smeargle|Moody|boost\n|-boost|p1b: Smeargle|spd|2\n|-unboost|p1b: Smeargle|spe|1\n|upkeep\n|turn|4\n|inactive|1VLTSQ Joker has 30 seconds left.\n|inactive|sun tr guy has 30 seconds left.\n|\n|t:|1775225507\n|-terastallize|p1a: Pawmot|Dark\n|move|p2a: Indeedee|Follow Me|p2a: Indeedee\n|-singleturn|p2a: Indeedee|move: Follow Me\n|move|p2b: Gallade|Sacred Sword|p1a: Pawmot\n|-supereffective|p1a: Pawmot\n|-damage|p1a: Pawmot|0 fnt\n|faint|p1a: Pawmot\n|move|p1b: Smeargle|Spore|p2a: Indeedee\n|-status|p2a: Indeedee|slp|[from] move: Spore\n|\n|-weather|RainDance|[upkeep]\n|-ability|p1b: Smeargle|Moody|boost\n|-boost|p1b: Smeargle|spa|2\n|-unboost|p1b: Smeargle|spe|1\n|upkeep\n|\n|t:|1775225518\n|switch|p1a: Kyogre|Kyogre, L50|100/100\n|turn|5\n|\n|t:|1775225539\n|cant|p2a: Indeedee|slp\n|move|p1b: Smeargle|Decorate|p1a: Kyogre\n|-boost|p1a: Kyogre|atk|2\n|-boost|p1a: Kyogre|spa|2\n|move|p2b: Gallade|Sacred Sword|p1a: Kyogre\n|-damage|p1a: Kyogre|23/100\n|move|p1a: Kyogre|Hydro Pump|p2b: Gallade\n|-damage|p2b: Gallade|0 fnt\n|faint|p2b: Gallade\n|\n|-weather|RainDance|[upkeep]\n|-fieldend|move: Psychic Terrain\n|-ability|p1b: Smeargle|Moody|boost\n|-boost|p1b: Smeargle|atk|2\n|-unboost|p1b: Smeargle|spa|1\n|upkeep\n|\n|t:|1775225549\n|switch|p2b: Torkoal|Torkoal, L50, F|100/100\n|-weather|SunnyDay|[from] ability: Drought|[of] p2b: Torkoal\n|turn|6\n|\n|t:|1775225567\n|switch|p2a: Reshiram|Reshiram, L50|100/100\n|-ability|p2a: Reshiram|Turboblaze\n|move|p2b: Torkoal|Eruption|p1b: Smeargle|[spread] p1a,p1b\n|-resisted|p1a: Kyogre\n|-damage|p1a: Kyogre|0 fnt\n|-damage|p1b: Smeargle|30/100\n|faint|p1a: Kyogre\n|move|p1b: Smeargle|Decorate|p1: Kyogre|[notarget]\n|-fail|p1b: Smeargle\n|\n|-weather|SunnyDay|[upkeep]\n|-ability|p1b: Smeargle|Moody|boost\n|-boost|p1b: Smeargle|spa|2\n|-unboost|p1b: Smeargle|spe|1\n|upkeep\n|turn|7\n|-message|1VLTSQ Joker forfeited.\n|\n|win|sun tr guy\n|n|\u26061VLTSQ Joker|1vltsqjoker\n|n|\u2606sun tr guy|suntrguy\n|n| lambsie11|lambsie11\n|n| Jamstiffer|jamstiffer\n|l|\u26061VLTSQ Joker\n|player|p1|\n|c|\u2606sun tr guy|gg\n|l| Jamstiffer\n","uploadtime":1775225582,"views":14,"formatid":"gen9vgc2026regi","rating":null,"private":0,"password":null}