{"id":"gen9vgc2026regi-2551490146","format":"[Gen 9] VGC 2026 Reg I","players":["shuijun3\u70c8\u7a7a\u5750\u4fa0","CHR1SPHX"],"log":"|j|\u2606shuijun3\u70c8\u7a7a\u5750\u4fa0\n|j|\u2606CHR1SPHX\n|t:|1772610537\n|gametype|doubles\n|player|p1|shuijun3\u70c8\u7a7a\u5750\u4fa0|iono|1241\n|player|p2|CHR1SPHX|hilbert-wonderlauncher|1214\n|gen|9\n|tier|[Gen 9] VGC 2026 Reg I\n|rated|\n|rule|Species Clause: Limit one of each Pok\u00e9mon\n|rule|Item Clause: Limit 1 of each item\n|clearpoke\n|poke|p1|Calyrex-Shadow, L50|\n|poke|p1|Indeedee-F, L50, F|\n|poke|p1|Koraidon, L50|\n|poke|p1|Clefairy, L50, F|\n|poke|p1|Flutter Mane, L50|\n|poke|p1|Ogerpon-Cornerstone, L50, F|\n|poke|p2|Lunala, L50|\n|poke|p2|Amoonguss, L50, M|\n|poke|p2|Ursaluna-Bloodmoon, L50, M|\n|poke|p2|Incineroar, L50, M|\n|poke|p2|Koraidon, L50|\n|poke|p2|Flutter Mane, L50|\n|teampreview|4\n|inactive|Battle timer is ON: inactive players will automatically lose when time's up. (requested by CHR1SPHX)\n|inactive|shuijun3\u70c8\u7a7a\u5750\u4fa0 also wants the timer to be on.\n|\n|t:|1772610561\n|teamsize|p1|4\n|teamsize|p2|4\n|start\n|switch|p1a: Flutter Mane|Flutter Mane, L50|100/100\n|switch|p1b: Koraidon|Koraidon, L50|100/100\n|switch|p2a: Lunala|Lunala, L50, shiny|100/100\n|switch|p2b: Ursaluna|Ursaluna-Bloodmoon, L50, M|100/100\n|-weather|SunnyDay|[from] ability: Orichalcum Pulse|[of] p1b: Koraidon\n|-activate|p1a: Flutter Mane|ability: Protosynthesis\n|-start|p1a: Flutter Mane|protosynthesisspe\n|-activate|p1b: Koraidon|Orichalcum Pulse|[source]\n|turn|1\n|\n|t:|1772610580\n|-terastallize|p2a: Lunala|Fairy\n|move|p2b: Ursaluna|Protect|p2b: Ursaluna\n|-singleturn|p2b: Ursaluna|Protect\n|move|p1a: Flutter Mane|Moonblast|p2a: Lunala\n|-damage|p2a: Lunala|83/100\n|move|p1b: Koraidon|Close Combat|p2b: Ursaluna\n|-activate|p2b: Ursaluna|move: Protect\n|move|p2a: Lunala|Trick Room|p2a: Lunala\n|-fieldstart|move: Trick Room|[of] p2a: Lunala\n|\n|-weather|SunnyDay|[upkeep]\n|upkeep\n|turn|2\n|\n|t:|1772610597\n|move|p1b: Koraidon|Protect|p1b: Koraidon\n|-singleturn|p1b: Koraidon|Protect\n|move|p1a: Flutter Mane|Protect|p1a: Flutter Mane\n|-singleturn|p1a: Flutter Mane|Protect\n|move|p2b: Ursaluna|Hyper Voice|p1a: Flutter Mane|[spread] \n|-activate|p1a: Flutter Mane|move: Protect\n|-activate|p1b: Koraidon|move: Protect\n|move|p2a: Lunala|Moonblast|p1b: Koraidon\n|-activate|p1b: Koraidon|move: Protect\n|\n|-weather|SunnyDay|[upkeep]\n|upkeep\n|turn|3\n|\n|t:|1772610615\n|switch|p2a: Incineroar|Incineroar, L50, M|100/100\n|-ability|p2a: Incineroar|Intimidate|boost\n|-unboost|p1a: Flutter Mane|atk|1\n|-unboost|p1b: Koraidon|atk|1\n|move|p2b: Ursaluna|Earth Power|p1b: Koraidon\n|-damage|p1b: Koraidon|38/100\n|-damage|p2b: Ursaluna|91/100|[from] item: Life Orb\n|move|p1b: Koraidon|Close Combat|p2b: Ursaluna\n|-supereffective|p2b: Ursaluna\n|-damage|p2b: Ursaluna|0 fnt\n|-unboost|p1b: Koraidon|def|1\n|-unboost|p1b: Koraidon|spd|1\n|faint|p2b: Ursaluna\n|-damage|p1b: Koraidon|28/100|[from] item: Life Orb\n|move|p1a: Flutter Mane|Moonblast|p2a: Incineroar\n|-damage|p2a: Incineroar|64/100\n|\n|-weather|SunnyDay|[upkeep]\n|upkeep\n|\n|t:|1772610627\n|switch|p2b: Amoonguss|Amoonguss, L50, M, shiny|100/100\n|turn|4\n|\n|t:|1772610639\n|switch|p2a: Lunala|Lunala, L50, shiny, tera:Fairy|83/100\n|switch|p1b: Indeedee|Indeedee-F, L50, F|100/100\n|move|p1a: Flutter Mane|Protect|p1a: Flutter Mane\n|-singleturn|p1a: Flutter Mane|Protect\n|move|p2b: Amoonguss|Spore|p1a: Flutter Mane\n|-activate|p1a: Flutter Mane|move: Protect\n|\n|-weather|SunnyDay|[upkeep]\n|upkeep\n|turn|5\n|\n|t:|1772610661\n|move|p1b: Indeedee|Fake Out|p2b: Amoonguss\n|-damage|p2b: Amoonguss|94/100\n|-damage|p1b: Indeedee|84/100|[from] item: Rocky Helmet|[of] p2b: Amoonguss\n|cant|p2b: Amoonguss|flinch\n|move|p2a: Lunala|Moonblast|p1b: Indeedee\n|-damage|p1b: Indeedee|38/100\n|-unboost|p1b: Indeedee|spa|1\n|-enditem|p1b: Indeedee|Eject Button\n|j| weiyumo\n|\n|t:|1772610672\n|switch|p1b: Calyrex|Calyrex-Shadow, L50|100/100\n|-ability|p1b: Calyrex|As One\n|-ability|p1b: Calyrex|Unnerve\n|move|p1a: Flutter Mane|Moonblast|p2a: Lunala\n|-damage|p2a: Lunala|46/100\n|\n|-weather|none\n|-end|p1a: Flutter Mane|Protosynthesis\n|-fieldend|move: Trick Room\n|upkeep\n|turn|6\n|\n|t:|1772610690\n|-end|p1a: Flutter Mane|Protosynthesis|[silent]\n|switch|p1a: Indeedee|Indeedee-F, L50, F|38/100\n|-terastallize|p1b: Calyrex|Ghost\n|move|p2a: Lunala|Wide Guard|p2a: Lunala\n|-singleturn|p2a: Lunala|Wide Guard\n|move|p1b: Calyrex|Astral Barrage|p2a: Lunala|[spread] \n|-activate|p2a: Lunala|move: Wide Guard\n|-activate|p2b: Amoonguss|move: Wide Guard\n|move|p2b: Amoonguss|Spore|p1b: Calyrex\n|-status|p1b: Calyrex|slp|[from] move: Spore\n|\n|upkeep\n|turn|7\n|\n|t:|1772610714\n|switch|p2a: Incineroar|Incineroar, L50, M|64/100\n|-ability|p2a: Incineroar|Intimidate|boost\n|-unboost|p1a: Indeedee|atk|1\n|-unboost|p1b: Calyrex|atk|1\n|move|p1a: Indeedee|Fake Out|p2a: Incineroar\n|-damage|p2a: Incineroar|60/100\n|cant|p1b: Calyrex|slp\n|move|p2b: Amoonguss|Spore|p1a: Indeedee\n|-status|p1a: Indeedee|slp|[from] move: Spore\n|\n|upkeep\n|turn|8\n|\n|t:|1772610729\n|cant|p1a: Indeedee|slp\n|cant|p1b: Calyrex|slp\n|move|p2a: Incineroar|Knock Off|p1b: Calyrex\n|-supereffective|p1b: Calyrex\n|-damage|p1b: Calyrex|15/100 slp\n|-enditem|p1b: Calyrex|Choice Specs|[from] move: Knock Off|[of] p2a: Incineroar\n|move|p2b: Amoonguss|Pollen Puff|p1a: Indeedee\n|-supereffective|p1a: Indeedee\n|-damage|p1a: Indeedee|2/100 slp\n|\n|upkeep\n|turn|9\n|\n|t:|1772610755\n|switch|p1a: Koraidon|Koraidon, L50|28/100\n|-weather|SunnyDay|[from] ability: Orichalcum Pulse|[of] p1a: Koraidon\n|-activate|p1a: Koraidon|Orichalcum Pulse|[source]\n|cant|p1b: Calyrex|slp\n|move|p2a: Incineroar|Parting Shot|p1b: Calyrex\n|-unboost|p1b: Calyrex|atk|1\n|-unboost|p1b: Calyrex|spa|1\n|\n|t:|1772610762\n|switch|p2a: Lunala|Lunala, L50, shiny, tera:Fairy|46/100|[from] Parting Shot\n|move|p2b: Amoonguss|Sludge Bomb|p1b: Calyrex\n|-resisted|p1b: Calyrex\n|-damage|p1b: Calyrex|0 fnt\n|faint|p1b: Calyrex\n|\n|-weather|SunnyDay|[upkeep]\n|upkeep\n|\n|t:|1772610770\n|switch|p1b: Flutter Mane|Flutter Mane, L50|100/100\n|-activate|p1b: Flutter Mane|ability: Protosynthesis\n|-start|p1b: Flutter Mane|protosynthesisspe\n|turn|10\n|\n|t:|1772610793\n|move|p1a: Koraidon|Protect|p1a: Koraidon\n|-singleturn|p1a: Koraidon|Protect\n|move|p2b: Amoonguss|Rage Powder|p2b: Amoonguss\n|-singleturn|p2b: Amoonguss|move: Rage Powder\n|move|p1b: Flutter Mane|Moonblast|p2b: Amoonguss\n|-resisted|p2b: Amoonguss\n|-crit|p2b: Amoonguss\n|-damage|p2b: Amoonguss|64/100\n|move|p2a: Lunala|Moonblast|p1a: Koraidon\n|-activate|p1a: Koraidon|move: Protect\n|\n|-weather|SunnyDay|[upkeep]\n|upkeep\n|turn|11\n|\n|t:|1772610811\n|switch|p1a: Indeedee|Indeedee-F, L50, F|2/100 slp\n|move|p2b: Amoonguss|Rage Powder|p2b: Amoonguss\n|-singleturn|p2b: Amoonguss|move: Rage Powder\n|move|p1b: Flutter Mane|Moonblast|p2b: Amoonguss\n|-resisted|p2b: Amoonguss\n|-damage|p2b: Amoonguss|43/100\n|move|p2a: Lunala|Moonblast|p1a: Indeedee\n|-damage|p1a: Indeedee|0 fnt\n|faint|p1a: Indeedee\n|\n|-weather|SunnyDay|[upkeep]\n|upkeep\n|\n|t:|1772610822\n|switch|p1a: Koraidon|Koraidon, L50|28/100\n|-activate|p1a: Koraidon|ability: Orichalcum Pulse\n|turn|12\n|\n|t:|1772610830\n|move|p2b: Amoonguss|Rage Powder|p2b: Amoonguss\n|-singleturn|p2b: Amoonguss|move: Rage Powder\n|move|p1b: Flutter Mane|Shadow Ball|p2b: Amoonguss\n|-damage|p2b: Amoonguss|7/100\n|move|p1a: Koraidon|Flare Blitz|p2b: Amoonguss\n|-supereffective|p2b: Amoonguss\n|-damage|p2b: Amoonguss|0 fnt\n|-damage|p1a: Koraidon|12/100|[from] item: Rocky Helmet|[of] p2b: Amoonguss\n|faint|p2b: Amoonguss\n|-damage|p1a: Koraidon|9/100|[from] Recoil\n|-damage|p1a: Koraidon|0 fnt|[from] item: Life Orb\n|faint|p1a: Koraidon\n|move|p2a: Lunala|Trick Room|p2a: Lunala\n|-fieldstart|move: Trick Room|[of] p2a: Lunala\n|\n|-weather|SunnyDay|[upkeep]\n|upkeep\n|\n|t:|1772610837\n|switch|p2b: Incineroar|Incineroar, L50, M|60/100\n|-ability|p2b: Incineroar|Intimidate|boost\n|-unboost|p1b: Flutter Mane|atk|1\n|turn|13\n|-message|shuijun3\u70c8\u7a7a\u5750\u4fa0 forfeited.\n|\n|win|CHR1SPHX\n|raw|shuijun3\u70c8\u7a7a\u5750\u4fa0's rating: 1241 &rarr; <strong>1214</strong><br />(-27 for losing)\n|raw|CHR1SPHX's rating: 1214 &rarr; <strong>1241</strong><br />(+27 for winning)\n|l|\u2606shuijun3\u70c8\u7a7a\u5750\u4fa0\n|player|p1|\n|l| weiyumo\n","uploadtime":1772610844,"views":13,"formatid":"gen9vgc2026regi","rating":1214,"private":0,"password":null}