{"id":"gen9vgc2026regi-2552264104","format":"[Gen 9] VGC 2026 Reg I","players":["I\u2764\ufe0f\u5a1c\u7984forever","last\u3001Godgun"],"log":"|j|\u2606I\u2764\ufe0f\u5a1c\u7984forever\n|j|\u203dlast\u3001Godgun\n|t:|1772699092\n|gametype|doubles\n|player|p1|I\u2764\ufe0f\u5a1c\u7984forever|youngcouple-gen4dp|1396\n|player|p2|last\u3001Godgun|blue|1290\n|gen|9\n|tier|[Gen 9] VGC 2026 Reg I\n|rated|\n|rule|Species Clause: Limit one of each Pok\u00e9mon\n|rule|Item Clause: Limit 1 of each item\n|clearpoke\n|poke|p1|Groudon, L50|\n|poke|p1|Kyurem-White, L50|\n|poke|p1|Heatran, L50, F|\n|poke|p1|Whimsicott, L50, M|\n|poke|p1|Roaring Moon, L50|\n|poke|p1|Ditto, L50|\n|poke|p2|Hitmontop, L50, M|\n|poke|p2|Terapagos, L50, M|\n|poke|p2|Calyrex-Shadow, L50|\n|poke|p2|Ogerpon-Cornerstone, L50, F|\n|poke|p2|Urshifu-*, L50, F|\n|poke|p2|Whimsicott, L50, M|\n|teampreview|4\n|inactive|Battle timer is ON: inactive players will automatically lose when time's up. (requested by last\u3001Godgun)\n|\n|t:|1772699101\n|teamsize|p1|4\n|teamsize|p2|4\n|start\n|switch|p1a: Whimsicott|Whimsicott, L50, M|100/100\n|switch|p1b: Kyurem|Kyurem-White, L50|100/100\n|switch|p2a: Hitmontop|Hitmontop, L50, M|100/100\n|switch|p2b: Terapagos|Terapagos, L50, M|100/100\n|-activate|p2b: Terapagos|ability: Tera Shift\n|detailschange|p2b: Terapagos|Terapagos-Terastal, L50, M\n|-heal|p2b: Terapagos|100/100|[silent]\n|-ability|p1b: Kyurem|Turboblaze\n|-ability|p2a: Hitmontop|Intimidate|boost\n|-unboost|p1a: Whimsicott|atk|1\n|-unboost|p1b: Kyurem|atk|1\n|turn|1\n|\n|t:|1772699121\n|-terastallize|p2b: Terapagos|Stellar\n|detailschange|p2b: Terapagos|Terapagos-Stellar, L50, M, tera:Stellar\n|-heal|p2b: Terapagos|100/100|[silent]\n|move|p2a: Hitmontop|Vacuum Wave|p2b: Terapagos\n|-supereffective|p2b: Terapagos\n|-damage|p2b: Terapagos|95/100\n|-enditem|p2b: Terapagos|Weakness Policy\n|-boost|p2b: Terapagos|atk|2|[from] item: Weakness Policy\n|-boost|p2b: Terapagos|spa|2|[from] item: Weakness Policy\n|move|p1a: Whimsicott|Endeavor|p2b: Terapagos\n|-damage|p2b: Terapagos|46/100\n|move|p1b: Kyurem|Blizzard|p2a: Hitmontop|[spread] \n|-miss|p1b: Kyurem|p2a: Hitmontop\n|-enditem|p1b: Kyurem|Blunder Policy\n|-boost|p1b: Kyurem|spe|2\n|-miss|p1b: Kyurem|p2b: Terapagos\n|move|p2b: Terapagos|Tera Starstorm|p1a: Whimsicott|[spread] p1a,p1b\n|-enditem|p1a: Whimsicott|Focus Sash\n|-damage|p1a: Whimsicott|1/100\n|-damage|p1b: Kyurem|39/100\n|\n|upkeep\n|turn|2\n|inactive|I\u2764\ufe0f\u5a1c\u7984forever has 30 seconds left.\n|\n|t:|1772699149\n|move|p2a: Hitmontop|Wide Guard|p2a: Hitmontop\n|-singleturn|p2a: Hitmontop|Wide Guard\n|move|p1a: Whimsicott|Tailwind|p1a: Whimsicott\n|-sidestart|p1: I\u2764\ufe0f\u5a1c\u7984forever|move: Tailwind\n|move|p1b: Kyurem|Blizzard|p2a: Hitmontop|[spread] \n|-activate|p2a: Hitmontop|move: Wide Guard\n|-activate|p2b: Terapagos|move: Wide Guard\n|move|p2b: Terapagos|Tera Starstorm|p1a: Whimsicott|[spread] p1a,p1b\n|-crit|p1a: Whimsicott\n|-crit|p1b: Kyurem\n|-damage|p1a: Whimsicott|0 fnt\n|-damage|p1b: Kyurem|0 fnt\n|faint|p1a: Whimsicott\n|faint|p1b: Kyurem\n|\n|upkeep\n|\n|t:|1772699156\n|switch|p1a: Groudon|Groudon, L50|100/100\n|switch|p1b: Ditto|Ditto, L50|100/100\n|-weather|SunnyDay|[from] ability: Drought|[of] p1a: Groudon\n|-transform|p1b: Ditto|p2a: Hitmontop|[from] ability: Imposter\n|-ability|p1b: Ditto|Intimidate|boost\n|-unboost|p2a: Hitmontop|atk|1\n|-unboost|p2b: Terapagos|atk|1\n|turn|3\n|\n|t:|1772699173\n|switch|p2a: Whimsicott|Whimsicott, L50, M|100/100\n|move|p2b: Terapagos|Protect|p2b: Terapagos\n|-singleturn|p2b: Terapagos|Protect\n|move|p1b: Ditto|Fake Out|p2b: Terapagos\n|-activate|p2b: Terapagos|move: Protect\n|move|p1a: Groudon|Heat Crash|p2b: Terapagos\n|-activate|p2b: Terapagos|move: Protect\n|\n|-weather|SunnyDay|[upkeep]\n|upkeep\n|turn|4\n|\n|t:|1772699188\n|move|p1b: Ditto|Wide Guard|p1b: Ditto\n|-singleturn|p1b: Ditto|Wide Guard\n|move|p2a: Whimsicott|Encore|p1b: Ditto\n|-start|p1b: Ditto|Encore\n|move|p1a: Groudon|Heat Crash|p2a: Whimsicott\n|-supereffective|p2a: Whimsicott\n|-damage|p2a: Whimsicott|0 fnt\n|faint|p2a: Whimsicott\n|move|p2b: Terapagos|Tera Starstorm|p1a: Groudon|[spread] \n|-activate|p1a: Groudon|move: Wide Guard\n|-activate|p1b: Ditto|move: Wide Guard\n|\n|-weather|SunnyDay|[upkeep]\n|upkeep\n|\n|t:|1772699200\n|switch|p2a: Hitmontop|Hitmontop, L50, M|100/100\n|-ability|p2a: Hitmontop|Intimidate|boost\n|-unboost|p1a: Groudon|atk|1\n|-unboost|p1b: Ditto|atk|1\n|turn|5\n|\n|t:|1772699208\n|move|p1b: Ditto|Wide Guard|p1b: Ditto\n|-singleturn|p1b: Ditto|Wide Guard\n|move|p2a: Hitmontop|Fake Out|p1a: Groudon\n|-damage|p1a: Groudon|95/100\n|cant|p1a: Groudon|flinch\n|move|p2b: Terapagos|Rock Polish|p2b: Terapagos\n|-boost|p2b: Terapagos|spe|2\n|\n|-weather|SunnyDay|[upkeep]\n|-sideend|p1: I\u2764\ufe0f\u5a1c\u7984forever|move: Tailwind\n|upkeep\n|turn|6\n|\n|t:|1772699222\n|move|p1b: Ditto|Wide Guard|p1b: Ditto\n|-singleturn|p1b: Ditto|Wide Guard\n|move|p2b: Terapagos|Earth Power|p1a: Groudon\n|-damage|p1a: Groudon|49/100\n|move|p1a: Groudon|Heat Crash|p2b: Terapagos\n|-damage|p2b: Terapagos|15/100\n|move|p2a: Hitmontop|Brick Break|p1a: Groudon\n|-damage|p1a: Groudon|31/100\n|\n|-weather|SunnyDay|[upkeep]\n|upkeep\n|turn|7\n|\n|t:|1772699240\n|move|p1b: Ditto|Wide Guard|p1b: Ditto\n|-singleturn|p1b: Ditto|Wide Guard\n|move|p2b: Terapagos|Earth Power|p1a: Groudon\n|-damage|p1a: Groudon|0 fnt\n|faint|p1a: Groudon\n|move|p2a: Hitmontop|Brick Break|p1b: Ditto\n|-damage|p1b: Ditto|73/100\n|\n|-weather|none\n|-end|p1b: Ditto|Encore\n|upkeep\n|turn|8\n|\n|t:|1772699253\n|move|p1b: Ditto|Vacuum Wave|p2b: Terapagos\n|-supereffective|p2b: Terapagos\n|-damage|p2b: Terapagos|10/100\n|move|p2b: Terapagos|Tera Starstorm|p1b: Ditto|[miss]\n|-miss|p2b: Terapagos|p1b: Ditto\n|move|p2a: Hitmontop|Brick Break|p1b: Ditto\n|-damage|p1b: Ditto|42/100\n|\n|upkeep\n|turn|9\n|inactive|last\u3001Godgun has 30 seconds left.\n|\n|t:|1772699279\n|move|p2b: Terapagos|Tera Starstorm|p1b: Ditto\n|-damage|p1b: Ditto|0 fnt\n|faint|p1b: Ditto\n|\n|win|last\u3001Godgun\n|raw|I\u2764\ufe0f\u5a1c\u7984forever's rating: 1396 &rarr; <strong>1370</strong><br />(-26 for losing)\n|raw|last\u3001Godgun's rating: 1290 &rarr; <strong>1322</strong><br />(+32 for winning)\n|l|\u2606I\u2764\ufe0f\u5a1c\u7984forever\n|player|p1|\n","uploadtime":1772699441,"views":12,"formatid":"gen9vgc2026regi","rating":1322,"private":0,"password":null}