{"id":"gen9vgc2026regi-2536535191","format":"[Gen 9] VGC 2026 Reg I","players":["zz2233","fogdocker"],"log":"|j|\u2606zz2233\n|j|\u2606fogdocker\n|t:|1770701122\n|gametype|doubles\n|player|p1|zz2233|cyrus|1466\n|player|p2|fogdocker|265|1516\n|gen|9\n|tier|[Gen 9] VGC 2026 Reg I\n|rated|\n|rule|Species Clause: Limit one of each Pok\u00e9mon\n|rule|Item Clause: Limit 1 of each item\n|clearpoke\n|poke|p1|Calyrex-Ice, L50|\n|poke|p1|Tornadus, L50, M|\n|poke|p1|Kyogre, L50|\n|poke|p1|Rillaboom, L50, F|\n|poke|p1|Incineroar, L50, M|\n|poke|p1|Chien-Pao, L50|\n|poke|p2|Calyrex-Ice, L50|\n|poke|p2|Koraidon, L50|\n|poke|p2|Flutter Mane, L50|\n|poke|p2|Incineroar, L50, F|\n|poke|p2|Rillaboom, L50, M|\n|poke|p2|Volcarona, L50, M|\n|teampreview|4\n|inactive|Battle timer is ON: inactive players will automatically lose when time's up. (requested by zz2233)\n|\n|t:|1770701158\n|teamsize|p1|4\n|teamsize|p2|4\n|start\n|switch|p1a: Incineroar|Incineroar, L50, M|100/100\n|switch|p1b: Kyogre|Kyogre, L50|100/100\n|switch|p2a: Calyrex|Calyrex-Ice, L50|100/100\n|switch|p2b: Rillaboom|Rillaboom, L50, M|100/100\n|-ability|p2a: Calyrex|As One\n|-ability|p2a: Calyrex|Unnerve\n|-weather|RainDance|[from] ability: Drizzle|[of] p1b: Kyogre\n|-fieldstart|move: Grassy Terrain|[from] ability: Grassy Surge|[of] p2b: Rillaboom\n|-ability|p1a: Incineroar|Intimidate|boost\n|-unboost|p2a: Calyrex|atk|1\n|-unboost|p2b: Rillaboom|atk|1\n|turn|1\n|\n|t:|1770701177\n|-terastallize|p2a: Calyrex|Water\n|move|p1b: Kyogre|Protect|p1b: Kyogre\n|-singleturn|p1b: Kyogre|Protect\n|move|p2b: Rillaboom|Fake Out|p1a: Incineroar\n|-damage|p1a: Incineroar|93/100\n|-damage|p2b: Rillaboom|84/100|[from] item: Rocky Helmet|[of] p1a: Incineroar\n|cant|p1a: Incineroar|flinch\n|move|p2a: Calyrex|Leech Seed|p1b: Kyogre\n|-activate|p1b: Kyogre|move: Protect\n|\n|-weather|RainDance|[upkeep]\n|-heal|p2b: Rillaboom|90/100|[from] Grassy Terrain\n|-heal|p1a: Incineroar|99/100|[from] Grassy Terrain\n|upkeep\n|turn|2\n|inactive|zz2233 has 30 seconds left.\n|\n|t:|1770701206\n|switch|p1b: Calyrex|Calyrex-Ice, L50|100/100\n|-ability|p1b: Calyrex|As One\n|-ability|p1b: Calyrex|Unnerve\n|move|p2a: Calyrex|Protect|p2a: Calyrex\n|-singleturn|p2a: Calyrex|Protect\n|move|p2b: Rillaboom|U-turn|p1b: Calyrex\n|-supereffective|p1b: Calyrex\n|-damage|p1b: Calyrex|78/100\n|\n|t:|1770701217\n|switch|p2b: Incineroar|Incineroar, L50, F|100/100|[from] U-turn\n|-ability|p2b: Incineroar|Intimidate|boost\n|-unboost|p1a: Incineroar|atk|1\n|-unboost|p1b: Calyrex|atk|1\n|move|p1a: Incineroar|Taunt|p2a: Calyrex\n|-activate|p2a: Calyrex|move: Protect\n|\n|-weather|RainDance|[upkeep]\n|-heal|p1b: Calyrex|84/100|[from] Grassy Terrain\n|-heal|p1a: Incineroar|100/100|[from] Grassy Terrain\n|upkeep\n|turn|3\n|inactive|zz2233 has 30 seconds left.\n|\n|t:|1770701252\n|switch|p1b: Kyogre|Kyogre, L50|100/100\n|switch|p1a: Tornadus|Tornadus, L50, M|100/100\n|switch|p2a: Koraidon|Koraidon, L50|100/100\n|-weather|SunnyDay|[from] ability: Orichalcum Pulse|[of] p2a: Koraidon\n|-activate|p2a: Koraidon|Orichalcum Pulse|[source]\n|move|p2b: Incineroar|Fake Out|p1b: Kyogre\n|-damage|p1b: Kyogre|90/100\n|\n|-weather|SunnyDay|[upkeep]\n|-heal|p1b: Kyogre|96/100|[from] Grassy Terrain\n|upkeep\n|turn|4\n|inactive|fogdocker has 30 seconds left.\n|inactive|fogdocker has 20 seconds left.\n|j| royaltheos\n|inactive|fogdocker has 15 seconds left.\n|\n|t:|1770701293\n|switch|p2b: Rillaboom|Rillaboom, L50, M|90/100\n|-terastallize|p1b: Kyogre|Water\n|move|p1a: Tornadus|Rain Dance|p1a: Tornadus\n|-weather|RainDance\n|move|p2a: Koraidon|Flare Blitz|p1a: Tornadus\n|-damage|p1a: Tornadus|70/100\n|-damage|p2a: Koraidon|90/100|[from] Recoil\n|-damage|p2a: Koraidon|80/100|[from] item: Life Orb\n|move|p1b: Kyogre|Water Spout|p2b: Rillaboom|[spread] p2a,p2b\n|-resisted|p2a: Koraidon\n|-resisted|p2b: Rillaboom\n|-damage|p2a: Koraidon|0 fnt\n|-damage|p2b: Rillaboom|44/100\n|faint|p2a: Koraidon\n|\n|-weather|RainDance|[upkeep]\n|-heal|p1b: Kyogre|100/100|[from] Grassy Terrain\n|-heal|p2b: Rillaboom|50/100|[from] Grassy Terrain\n|upkeep\n|\n|t:|1770701302\n|switch|p2a: Calyrex|Calyrex-Ice, L50, tera:Water|100/100\n|-ability|p2a: Calyrex|As One\n|-ability|p2a: Calyrex|Unnerve\n|turn|5\n|\n|t:|1770701326\n|switch|p1b: Incineroar|Incineroar, L50, M|100/100\n|-ability|p1b: Incineroar|Intimidate|boost\n|-unboost|p2a: Calyrex|atk|1\n|-unboost|p2b: Rillaboom|atk|1\n|switch|p2b: Incineroar|Incineroar, L50, F|100/100\n|-ability|p2b: Incineroar|Intimidate|boost\n|-unboost|p1a: Tornadus|atk|1\n|-unboost|p1b: Incineroar|atk|1\n|move|p1a: Tornadus|Taunt|p2a: Calyrex\n|-start|p2a: Calyrex|move: Taunt\n|move|p2a: Calyrex|Glacial Lance|p1b: Incineroar|[spread] p1a,p1b\n|-supereffective|p1a: Tornadus\n|-resisted|p1b: Incineroar\n|-damage|p1a: Tornadus|4/100\n|-damage|p1b: Incineroar|87/100\n|\n|-weather|RainDance|[upkeep]\n|-heal|p1b: Incineroar|93/100|[from] Grassy Terrain\n|-fieldend|move: Grassy Terrain\n|upkeep\n|turn|6\n|inactive|zz2233 has 30 seconds left.\n|inactive|fogdocker has 30 seconds left.\n|\n|t:|1770701353\n|move|p1a: Tornadus|Tailwind|p1a: Tornadus\n|-sidestart|p1: zz2233|move: Tailwind\n|move|p1b: Incineroar|Knock Off|p2a: Calyrex\n|-damage|p2a: Calyrex|86/100\n|-enditem|p2a: Calyrex|Leftovers|[from] move: Knock Off|[of] p1b: Incineroar\n|move|p2b: Incineroar|Knock Off|p1b: Incineroar\n|-resisted|p1b: Incineroar\n|-damage|p1b: Incineroar|79/100\n|-damage|p2b: Incineroar|84/100|[from] item: Rocky Helmet|[of] p1b: Incineroar\n|-enditem|p1b: Incineroar|Rocky Helmet|[from] move: Knock Off|[of] p2b: Incineroar\n|move|p2a: Calyrex|Glacial Lance|p1a: Tornadus|[spread] p1a,p1b\n|-supereffective|p1a: Tornadus\n|-resisted|p1b: Incineroar\n|-damage|p1a: Tornadus|0 fnt\n|-damage|p1b: Incineroar|67/100\n|faint|p1a: Tornadus\n|-ability|p2a: Calyrex|Chilling Neigh|boost\n|-boost|p2a: Calyrex|atk|1\n|\n|-weather|RainDance|[upkeep]\n|upkeep\n|\n|t:|1770701368\n|switch|p1a: Kyogre|Kyogre, L50, tera:Water|100/100\n|turn|7\n|\n|t:|1770701375\n|switch|p2b: Rillaboom|Rillaboom, L50, M|50/100\n|-fieldstart|move: Grassy Terrain|[from] ability: Grassy Surge|[of] p2b: Rillaboom\n|move|p1a: Kyogre|Water Spout|p2a: Calyrex|[spread] p2a,p2b\n|-resisted|p2a: Calyrex\n|-resisted|p2b: Rillaboom\n|-damage|p2a: Calyrex|34/100\n|-damage|p2b: Rillaboom|0 fnt\n|faint|p2b: Rillaboom\n|move|p1b: Incineroar|Parting Shot|p2a: Calyrex\n|-unboost|p2a: Calyrex|atk|1\n|-unboost|p2a: Calyrex|spa|1\n|\n|t:|1770701386\n|switch|p1b: Calyrex|Calyrex-Ice, L50|84/100|[from] Parting Shot\n|-ability|p1b: Calyrex|As One\n|-ability|p1b: Calyrex|Unnerve\n|move|p2a: Calyrex|Glacial Lance|p1b: Calyrex|[spread] p1a,p1b\n|-resisted|p1a: Kyogre\n|-resisted|p1b: Calyrex\n|-damage|p1a: Kyogre|85/100\n|-damage|p1b: Calyrex|72/100\n|\n|-weather|RainDance|[upkeep]\n|-heal|p1a: Kyogre|92/100|[from] Grassy Terrain\n|-heal|p1b: Calyrex|78/100|[from] Grassy Terrain\n|-heal|p2a: Calyrex|40/100|[from] Grassy Terrain\n|-end|p2a: Calyrex|move: Taunt\n|upkeep\n|\n|t:|1770701388\n|switch|p2b: Incineroar|Incineroar, L50, F|84/100\n|-ability|p2b: Incineroar|Intimidate|boost\n|-unboost|p1a: Kyogre|atk|1\n|-unboost|p1b: Calyrex|atk|1\n|turn|8\n|\n|t:|1770701402\n|move|p2b: Incineroar|Fake Out|p1a: Kyogre\n|-damage|p1a: Kyogre|81/100\n|cant|p1a: Kyogre|flinch\n|move|p1b: Calyrex|Glacial Lance|p2a: Calyrex|[spread] p2a,p2b\n|-resisted|p2a: Calyrex\n|-crit|p2a: Calyrex\n|-resisted|p2b: Incineroar\n|-damage|p2a: Calyrex|8/100\n|-damage|p2b: Incineroar|62/100\n|move|p2a: Calyrex|Trick Room|p2a: Calyrex\n|-fieldstart|move: Trick Room|[of] p2a: Calyrex\n|\n|-weather|none\n|-heal|p2a: Calyrex|14/100|[from] Grassy Terrain\n|-heal|p2b: Incineroar|68/100|[from] Grassy Terrain\n|-heal|p1b: Calyrex|85/100|[from] Grassy Terrain\n|-heal|p1a: Kyogre|87/100|[from] Grassy Terrain\n|upkeep\n|turn|9\n|\n|t:|1770701424\n|switch|p1a: Incineroar|Incineroar, L50, M|67/100\n|-ability|p1a: Incineroar|Intimidate|boost\n|-unboost|p2a: Calyrex|atk|1\n|-unboost|p2b: Incineroar|atk|1\n|move|p2a: Calyrex|Leech Seed|p1a: Incineroar\n|-start|p1a: Incineroar|move: Leech Seed\n|move|p2b: Incineroar|Flare Blitz|p1b: Calyrex\n|-supereffective|p1b: Calyrex\n|-damage|p1b: Calyrex|40/100\n|-damage|p2b: Incineroar|55/100|[from] Recoil\n|move|p1b: Calyrex|Glacial Lance|p2a: Calyrex|[spread] p2a,p2b\n|-resisted|p2a: Calyrex\n|-resisted|p2b: Incineroar\n|-damage|p2a: Calyrex|0 fnt\n|-damage|p2b: Incineroar|35/100\n|faint|p2a: Calyrex\n|-ability|p1b: Calyrex|Chilling Neigh|boost\n|-boost|p1b: Calyrex|atk|1\n|\n|-heal|p2b: Incineroar|41/100|[from] Grassy Terrain\n|-heal|p1a: Incineroar|73/100|[from] Grassy Terrain\n|-heal|p1b: Calyrex|47/100|[from] Grassy Terrain\n|-sideend|p1: zz2233|move: Tailwind\n|upkeep\n|turn|10\n|-message|fogdocker forfeited.\n|\n|win|zz2233\n|raw|zz2233's rating: 1466 &rarr; <strong>1489</strong><br />(+23 for winning)\n|raw|fogdocker's rating: 1516 &rarr; <strong>1493</strong><br />(-23 for losing)\n|l|\u2606fogdocker\n|player|p2|\n|l|\u2606zz2233\n|player|p1|\n|l| royaltheos\n","uploadtime":1770701669,"views":22,"formatid":"gen9vgc2026regi","rating":1489,"private":0,"password":null}