{"id":"gen9vgc2026regi-2514847275","format":"[Gen 9] VGC 2026 Reg I","players":["PATOFUJJJY","Rillabossman"],"log":"|j|\u203dPATOFUJJJY\n|j|\u2606Rillabossman\n|t:|1767914165\n|gametype|doubles\n|player|p1|PATOFUJJJY|cynthia-gen4|1157\n|player|p2|Rillabossman|burglar|1246\n|gen|9\n|tier|[Gen 9] VGC 2026 Reg I\n|rated|\n|rule|Species Clause: Limit one of each Pok\u00e9mon\n|rule|Item Clause: Limit 1 of each item\n|clearpoke\n|poke|p1|Mewtwo, L50|\n|poke|p1|Indeedee-F, L50, F|\n|poke|p1|Zamazenta-*, L50|\n|poke|p1|Sableye, L50, F|\n|poke|p1|Primarina, L50, F|\n|poke|p1|Farigiraf, L50, F|\n|poke|p2|Miraidon, L50|\n|poke|p2|Calyrex-Ice, L50|\n|poke|p2|Urshifu-*, L50, M|\n|poke|p2|Landorus, L50, M|\n|poke|p2|Incineroar, L50, F|\n|poke|p2|Pelipper, L50, M|\n|teampreview|4\n|c|\u2606Rillabossman|glhf\n|\n|t:|1767914216\n|teamsize|p1|4\n|teamsize|p2|4\n|start\n|switch|p1a: Mewtwo|Mewtwo, L50|100/100\n|switch|p1b: Indeedee|Indeedee-F, L50, F|100/100\n|switch|p2a: Calyrex|Calyrex-Ice, L50|100/100\n|switch|p2b: Miraidon|Miraidon, L50|100/100\n|-ability|p2a: Calyrex|As One\n|-ability|p2a: Calyrex|Unnerve\n|-fieldstart|move: Electric Terrain|[from] ability: Hadron Engine|[of] p2b: Miraidon\n|-ability|p1a: Mewtwo|Pressure\n|-fieldstart|move: Psychic Terrain|[from] ability: Psychic Surge|[of] p1b: Indeedee\n|-enditem|p1b: Indeedee|Psychic Seed\n|-boost|p1b: Indeedee|spd|1|[from] item: Psychic Seed\n|turn|1\n|\n|t:|1767914252\n|move|p1b: Indeedee|Helping Hand|p1a: Mewtwo\n|-singleturn|p1a: Mewtwo|Helping Hand|[of] p1b: Indeedee\n|move|p2b: Miraidon|Snarl|p1a: Mewtwo|[spread] p1b\n|-miss|p2b: Miraidon|p1a: Mewtwo\n|-supereffective|p1b: Indeedee\n|-damage|p1b: Indeedee|79/100\n|-unboost|p1b: Indeedee|spa|1\n|move|p1a: Mewtwo|Expanding Force|p2b: Miraidon|[spread] p2a,p2b\n|-resisted|p2a: Calyrex\n|-damage|p2a: Calyrex|63/100\n|-damage|p2b: Miraidon|0 fnt\n|faint|p2b: Miraidon\n|-damage|p1a: Mewtwo|90/100|[from] item: Life Orb\n|move|p2a: Calyrex|Glacial Lance|p1b: Indeedee|[spread] p1a,p1b\n|-damage|p1a: Mewtwo|48/100\n|-damage|p1b: Indeedee|34/100\n|\n|-heal|p2a: Calyrex|69/100|[from] item: Leftovers\n|upkeep\n|\n|t:|1767914276\n|switch|p2b: Urshifu|Urshifu-Rapid-Strike, L50, M|100/100\n|turn|2\n|\n|t:|1767914284\n|move|p1b: Indeedee|Follow Me|p1b: Indeedee\n|-singleturn|p1b: Indeedee|move: Follow Me\n|move|p1a: Mewtwo|Expanding Force|p2a: Calyrex|[spread] p2a,p2b\n|-resisted|p2a: Calyrex\n|-supereffective|p2b: Urshifu\n|-damage|p2a: Calyrex|43/100\n|-enditem|p2b: Urshifu|Focus Sash\n|-damage|p2b: Urshifu|1/100\n|-damage|p1a: Mewtwo|38/100|[from] item: Life Orb\n|move|p2b: Urshifu|Surging Strikes|p1b: Indeedee\n|-crit|p1b: Indeedee\n|-damage|p1b: Indeedee|13/100\n|-crit|p1b: Indeedee\n|-damage|p1b: Indeedee|0 fnt\n|faint|p1b: Indeedee\n|-hitcount|p1: Indeedee|2\n|move|p2a: Calyrex|Glacial Lance|p1a: Mewtwo\n|-damage|p1a: Mewtwo|0 fnt\n|faint|p1a: Mewtwo\n|-ability|p2a: Calyrex|Chilling Neigh|boost\n|-boost|p2a: Calyrex|atk|1\n|\n|-heal|p2a: Calyrex|49/100|[from] item: Leftovers\n|upkeep\n|\n|t:|1767914307\n|switch|p1a: Primarina|Primarina, L50, F|100/100\n|switch|p1b: Farigiraf|Farigiraf, L50, F|100/100\n|turn|3\n|\n|t:|1767914326\n|move|p2b: Urshifu|Detect|p2b: Urshifu\n|-singleturn|p2b: Urshifu|Protect\n|move|p2a: Calyrex|Protect|p2a: Calyrex\n|-singleturn|p2a: Calyrex|Protect\n|move|p1a: Primarina|Hyper Voice|p2a: Calyrex|[spread] \n|-activate|p2a: Calyrex|move: Protect\n|-activate|p2b: Urshifu|move: Protect\n|move|p1b: Farigiraf|Trick Room|p1b: Farigiraf\n|-fieldstart|move: Trick Room|[of] p1b: Farigiraf\n|\n|-heal|p2a: Calyrex|55/100|[from] item: Leftovers\n|upkeep\n|turn|4\n|\n|t:|1767914342\n|move|p1b: Farigiraf|Helping Hand|p1a: Primarina\n|-singleturn|p1a: Primarina|Helping Hand|[of] p1b: Farigiraf\n|move|p2a: Calyrex|Leech Seed|p1a: Primarina\n|-start|p1a: Primarina|move: Leech Seed\n|move|p1a: Primarina|Hyper Voice|p2a: Calyrex|[spread] p2a,p2b\n|-resisted|p2b: Urshifu\n|-damage|p2a: Calyrex|29/100\n|-damage|p2b: Urshifu|0 fnt\n|faint|p2b: Urshifu\n|-enditem|p1a: Primarina|Throat Spray\n|-boost|p1a: Primarina|spa|1|[from] item: Throat Spray\n|\n|-heal|p2a: Calyrex|34/100|[from] item: Leftovers\n|-damage|p1a: Primarina|88/100|[from] Leech Seed|[of] p2a: Calyrex\n|-heal|p2a: Calyrex|44/100|[silent]\n|upkeep\n|\n|t:|1767914354\n|switch|p2b: Landorus|Landorus, L50, M|100/100\n|turn|5\n|\n|t:|1767914365\n|move|p2b: Landorus|Protect|p2b: Landorus\n|-singleturn|p2b: Landorus|Protect\n|move|p2a: Calyrex|Leech Seed|p1b: Farigiraf\n|-start|p1b: Farigiraf|move: Leech Seed\n|move|p1b: Farigiraf|Twin Beam|p2b: Landorus\n|-activate|p2b: Landorus|move: Protect\n|move|p1a: Primarina|Hyper Voice|p2b: Landorus|[spread] p2a\n|-activate|p2b: Landorus|move: Protect\n|-damage|p2a: Calyrex|18/100\n|\n|-heal|p2a: Calyrex|24/100|[from] item: Leftovers\n|-damage|p1a: Primarina|76/100|[from] Leech Seed|[of] p2a: Calyrex\n|-heal|p2a: Calyrex|34/100|[silent]\n|-damage|p1b: Farigiraf|88/100|[from] Leech Seed|[of] p2a: Calyrex\n|-heal|p2a: Calyrex|46/100|[silent]\n|-fieldend|move: Psychic Terrain\n|upkeep\n|turn|6\n|\n|t:|1767914385\n|-terastallize|p2b: Landorus|Poison\n|move|p2a: Calyrex|Glacial Lance|p1b: Farigiraf|[spread] p1a,p1b\n|-resisted|p1a: Primarina\n|-damage|p1a: Primarina|38/100\n|-damage|p1b: Farigiraf|24/100\n|move|p1b: Farigiraf|Twin Beam|p2b: Landorus\n|-supereffective|p2b: Landorus\n|-damage|p2b: Landorus|73/100\n|-supereffective|p2b: Landorus\n|-damage|p2b: Landorus|42/100\n|-hitcount|p2b: Landorus|2\n|move|p1a: Primarina|Hyper Voice|p2a: Calyrex|[spread] p2a,p2b\n|-damage|p2a: Calyrex|15/100\n|-damage|p2b: Landorus|0 fnt\n|faint|p2b: Landorus\n|\n|-heal|p2a: Calyrex|21/100|[from] item: Leftovers\n|-damage|p1a: Primarina|26/100|[from] Leech Seed|[of] p2a: Calyrex\n|-heal|p2a: Calyrex|31/100|[silent]\n|-damage|p1b: Farigiraf|12/100|[from] Leech Seed|[of] p2a: Calyrex\n|-heal|p2a: Calyrex|43/100|[silent]\n|upkeep\n|turn|7\n|\n|t:|1767914419\n|move|p1a: Primarina|Protect|p1a: Primarina\n|-singleturn|p1a: Primarina|Protect\n|move|p2a: Calyrex|Glacial Lance|p1b: Farigiraf|[spread] p1b\n|-activate|p1a: Primarina|move: Protect\n|-damage|p1b: Farigiraf|0 fnt\n|faint|p1b: Farigiraf\n|-ability|p2a: Calyrex|Chilling Neigh|boost\n|-boost|p2a: Calyrex|atk|1\n|\n|-heal|p2a: Calyrex|49/100|[from] item: Leftovers\n|-damage|p1a: Primarina|13/100|[from] Leech Seed|[of] p2a: Calyrex\n|-heal|p2a: Calyrex|59/100|[silent]\n|-fieldend|move: Trick Room\n|upkeep\n|turn|8\n|\n|t:|1767914434\n|move|p2a: Calyrex|Protect|p2a: Calyrex\n|-singleturn|p2a: Calyrex|Protect\n|move|p1a: Primarina|Moonblast|p2a: Calyrex\n|-activate|p2a: Calyrex|move: Protect\n|\n|-heal|p2a: Calyrex|65/100|[from] item: Leftovers\n|-damage|p1a: Primarina|1/100|[from] Leech Seed|[of] p2a: Calyrex\n|-heal|p2a: Calyrex|75/100|[silent]\n|upkeep\n|turn|9\n|\n|t:|1767914446\n|move|p1a: Primarina|Moonblast|p2a: Calyrex\n|-damage|p2a: Calyrex|35/100\n|-unboost|p2a: Calyrex|spa|1\n|move|p2a: Calyrex|Glacial Lance|p1a: Primarina\n|-resisted|p1a: Primarina\n|-damage|p1a: Primarina|0 fnt\n|faint|p1a: Primarina\n|\n|win|Rillabossman\n|raw|PATOFUJJJY's rating: 1157 &rarr; <strong>1138</strong><br />(-19 for losing)\n|raw|Rillabossman's rating: 1246 &rarr; <strong>1265</strong><br />(+19 for winning)\n|c|\u2606Rillabossman|gg\n|l|\u203dPATOFUJJJY\n|player|p1|\n|l|\u2606Rillabossman\n|player|p2|\n","uploadtime":1767914690,"views":14,"formatid":"gen9vgc2026regi","rating":1138,"private":0,"password":null}