{"id":"gen9vgc2026regi-2591119024","format":"[Gen 9] VGC 2026 Reg I","players":["Carajo666","liam.2025"],"log":"|j|\u2606Carajo666\n|j|\u2606liam.2025\n|t:|1776875554\n|gametype|doubles\n|player|p1|Carajo666|101|1414\n|player|p2|liam.2025|policeman|1589\n|gen|9\n|tier|[Gen 9] VGC 2026 Reg I\n|rated|\n|rule|Species Clause: Limit one of each Pok\u00e9mon\n|rule|Item Clause: Limit 1 of each item\n|clearpoke\n|poke|p1|Terapagos, L50, M|\n|poke|p1|Urshifu-*, L50, F|\n|poke|p1|Ho-Oh, L50|\n|poke|p1|Toxapex, L50, F|\n|poke|p1|Flutter Mane, L50|\n|poke|p1|Rillaboom, L50, M|\n|poke|p2|Murkrow, L50, M|\n|poke|p2|Weezing-Galar, L50, M|\n|poke|p2|Terapagos, L50, M|\n|poke|p2|Smeargle, L50, F|\n|poke|p2|Calyrex-Ice, L50|\n|poke|p2|Ursaluna, L50, M|\n|teampreview|4\n|inactive|Battle timer is ON: inactive players will automatically lose when time's up. (requested by Carajo666)\n|\n|t:|1776875577\n|teamsize|p1|4\n|teamsize|p2|4\n|start\n|switch|p1a: Ho-Oh|Ho-Oh, L50|100/100\n|switch|p1b: Flutter Mane|Flutter Mane, L50|100/100\n|switch|p2a: Murkrow|Murkrow, L50, M|100/100\n|switch|p2b: Weezing|Weezing-Galar, L50, M|100/100\n|-ability|p2b: Weezing|Neutralizing Gas\n|-block|p2a: Murkrow|item: Ability Shield\n|turn|1\n|inactive|liam.2025 has 30 seconds left.\n|\n|t:|1776875603\n|move|p2a: Murkrow|Tailwind|p2a: Murkrow\n|-sidestart|p2: liam.2025|move: Tailwind\n|move|p2b: Weezing|Misty Explosion|p1b: Flutter Mane|[spread] p2a,p1a,p1b\n|-supereffective|p2a: Murkrow\n|-resisted|p1a: Ho-Oh\n|-damage|p2a: Murkrow|0 fnt\n|-damage|p1a: Ho-Oh|90/100\n|-damage|p1b: Flutter Mane|64/100\n|faint|p2b: Weezing\n|-end|p2b: Weezing|ability: Neutralizing Gas\n|faint|p2a: Murkrow\n|-enditem|p1b: Flutter Mane|Booster Energy\n|-activate|p1b: Flutter Mane|ability: Protosynthesis|[fromitem]\n|-start|p1b: Flutter Mane|protosynthesisspe\n|move|p1b: Flutter Mane|Thunder Wave|p2: Murkrow|[notarget]\n|-fail|p1b: Flutter Mane\n|move|p1a: Ho-Oh|Sacred Fire|p2: Murkrow|[notarget]\n|-fail|p1a: Ho-Oh\n|\n|upkeep\n|\n|t:|1776875618\n|switch|p2b: Smeargle|Smeargle, L50, F|100/100\n|switch|p2a: Terapagos|Terapagos, L50, M|100/100\n|-activate|p2a: Terapagos|ability: Tera Shift\n|detailschange|p2a: Terapagos|Terapagos-Terastal, L50, M\n|-heal|p2a: Terapagos|100/100|[silent]\n|turn|2\n|\n|t:|1776875629\n|-terastallize|p2a: Terapagos|Stellar\n|detailschange|p2a: Terapagos|Terapagos-Stellar, L50, M, tera:Stellar\n|-heal|p2a: Terapagos|100/100|[silent]\n|move|p1b: Flutter Mane|Icy Wind|p2a: Terapagos|[spread] p2a,p2b\n|-crit|p2b: Smeargle\n|-damage|p2a: Terapagos|92/100\n|-damage|p2b: Smeargle|56/100\n|-unboost|p2a: Terapagos|spe|1\n|-unboost|p2b: Smeargle|spe|1\n|move|p2b: Smeargle|Decorate|p2a: Terapagos\n|-boost|p2a: Terapagos|atk|2\n|-boost|p2a: Terapagos|spa|2\n|move|p2a: Terapagos|Tera Starstorm|p1b: Flutter Mane|[spread] p1a,p1b\n|-damage|p1a: Ho-Oh|23/100\n|-damage|p1b: Flutter Mane|0 fnt\n|-enditem|p1a: Ho-Oh|Sitrus Berry|[eat]\n|-heal|p1a: Ho-Oh|48/100|[from] item: Sitrus Berry\n|faint|p1b: Flutter Mane\n|-end|p1b: Flutter Mane|Protosynthesis|[silent]\n|move|p1a: Ho-Oh|Sacred Fire|p2b: Smeargle\n|-damage|p2b: Smeargle|0 fnt\n|faint|p2b: Smeargle\n|\n|upkeep\n|\n|t:|1776875643\n|switch|p1b: Terapagos|Terapagos, L50, M|100/100\n|-activate|p1b: Terapagos|ability: Tera Shift\n|detailschange|p1b: Terapagos|Terapagos-Terastal, L50, M\n|-heal|p1b: Terapagos|100/100|[silent]\n|turn|3\n|\n|t:|1776875654\n|move|p1a: Ho-Oh|Protect|p1a: Ho-Oh\n|-singleturn|p1a: Ho-Oh|Protect\n|move|p2a: Terapagos|Tera Starstorm|p1b: Terapagos|[spread] p1b\n|-activate|p1a: Ho-Oh|move: Protect\n|-activate|p1b: Terapagos|ability: Tera Shell\n|-resisted|p1b: Terapagos\n|-crit|p1b: Terapagos\n|-damage|p1b: Terapagos|18/100\n|move|p1b: Terapagos|Calm Mind|p1b: Terapagos\n|-boost|p1b: Terapagos|spa|1\n|-boost|p1b: Terapagos|spd|1\n|\n|-heal|p1b: Terapagos|24/100|[from] item: Leftovers\n|upkeep\n|turn|4\n|\n|t:|1776875666\n|move|p1b: Terapagos|Protect|p1b: Terapagos\n|-singleturn|p1b: Terapagos|Protect\n|move|p2a: Terapagos|Tera Starstorm|p1b: Terapagos|[spread] p1a\n|-activate|p1b: Terapagos|move: Protect\n|-damage|p1a: Ho-Oh|0 fnt\n|faint|p1a: Ho-Oh\n|\n|-heal|p1b: Terapagos|30/100|[from] item: Leftovers\n|-sideend|p2: liam.2025|move: Tailwind\n|upkeep\n|\n|t:|1776875668\n|switch|p1a: Urshifu|Urshifu, L50, F|100/100\n|turn|5\n|\n|t:|1776875678\n|-terastallize|p1b: Terapagos|Stellar\n|detailschange|p1b: Terapagos|Terapagos-Stellar, L50, M, tera:Stellar\n|-heal|p1b: Terapagos|49/100|[silent]\n|move|p1a: Urshifu|Close Combat|p2a: Terapagos\n|-supereffective|p2a: Terapagos\n|-damage|p2a: Terapagos|0 fnt\n|-unboost|p1a: Urshifu|def|1\n|-unboost|p1a: Urshifu|spd|1\n|faint|p2a: Terapagos\n|detailschange|p2: Terapagos|Terapagos, L50, M|[silent]\n|\n|win|Carajo666\n|raw|Carajo666's rating: 1414 &rarr; <strong>1443</strong><br />(+29 for winning)\n|raw|liam.2025's rating: 1589 &rarr; <strong>1560</strong><br />(-29 for losing)\n|l|\u2606liam.2025\n|player|p2|\n|l|\u2606Carajo666\n|player|p1|\n","uploadtime":1776875927,"views":9,"formatid":"gen9vgc2026regi","rating":1443,"private":0,"password":null}