{"id":"gen9vgc2026regi-2539447058","format":"[Gen 9] VGC 2026 Reg I","players":["yn8906","blackred123"],"log":"|j|\u2606yn8906\n|j|\u2606blackred123\n|t:|1771060772\n|gametype|doubles\n|player|p1|yn8906|1|1084\n|player|p2|blackred123|iono-masters|1205\n|gen|9\n|tier|[Gen 9] VGC 2026 Reg I\n|rated|\n|rule|Species Clause: Limit one of each Pok\u00e9mon\n|rule|Item Clause: Limit 1 of each item\n|clearpoke\n|poke|p1|Smeargle, L50, F|\n|poke|p1|Eternatus, L50|\n|poke|p1|Koraidon, L50|\n|poke|p1|Flutter Mane, L50|\n|poke|p1|Incineroar, L50, F|\n|poke|p1|Ogerpon-Wellspring, L50, F|\n|poke|p2|Gouging Fire, L50|\n|poke|p2|Groudon, L50|\n|poke|p2|Calyrex-Ice, L50|\n|poke|p2|Ursaluna-Bloodmoon, L50, M|\n|poke|p2|Chi-Yu, L50|\n|poke|p2|Flutter Mane, L50|\n|teampreview|4\n|inactive|Battle timer is ON: inactive players will automatically lose when time's up. (requested by blackred123)\n|inactive|yn8906 has 60 seconds left.\n|\n|t:|1771060809\n|teamsize|p1|4\n|teamsize|p2|4\n|start\n|switch|p1a: Smeargle|Smeargle, L50, F|100/100\n|switch|p1b: Eternatus|Eternatus, L50|100/100\n|switch|p2a: \u6211\u6709\u7389\u9c7c\u75c7|Chi-Yu, L50|100/100\n|switch|p2b: \u9999\u8549\u53c9\u708e\u91cc|Gouging Fire, L50|100/100\n|-ability|p2a: \u6211\u6709\u7389\u9c7c\u75c7|Beads of Ruin\n|-ability|p1b: Eternatus|Pressure\n|turn|1\n|\n|t:|1771060836\n|move|p1a: Smeargle|Fake Out|p2a: \u6211\u6709\u7389\u9c7c\u75c7\n|-damage|p2a: \u6211\u6709\u7389\u9c7c\u75c7|93/100\n|cant|p2a: \u6211\u6709\u7389\u9c7c\u75c7|flinch\n|move|p1b: Eternatus|Cosmic Power|p1b: Eternatus\n|-boost|p1b: Eternatus|def|1\n|-boost|p1b: Eternatus|spd|1\n|move|p2b: \u9999\u8549\u53c9\u708e\u91cc|Breaking Swipe|p1b: Eternatus|[spread] p1a,p1b\n|-supereffective|p1b: Eternatus\n|-damage|p1a: Smeargle|54/100\n|-damage|p1b: Eternatus|77/100\n|-unboost|p1a: Smeargle|atk|1\n|-unboost|p1b: Eternatus|atk|1\n|\n|-heal|p1b: Eternatus|83/100|[from] item: Leftovers\n|-ability|p1a: Smeargle|Moody|boost\n|-boost|p1a: Smeargle|spa|2\n|-unboost|p1a: Smeargle|spe|1\n|upkeep\n|turn|2\n|inactive|yn8906 has 30 seconds left.\n|inactive|yn8906 has 20 seconds left.\n|\n|t:|1771060874\n|-end|p2b: \u9999\u8549\u53c9\u708e\u91cc|Protosynthesis|[silent]\n|switch|p2b: \u6c38\u9664\u5b83\u98de|Groudon, L50|100/100\n|-weather|SunnyDay|[from] ability: Drought|[of] p2b: \u6c38\u9664\u5b83\u98de\n|move|p1a: Smeargle|Follow Me|p1a: Smeargle\n|-singleturn|p1a: Smeargle|move: Follow Me\n|move|p2a: \u6211\u6709\u7389\u9c7c\u75c7|Heat Wave|p1a: Smeargle|[spread] p1b\n|-miss|p2a: \u6211\u6709\u7389\u9c7c\u75c7|p1a: Smeargle\n|-resisted|p1b: Eternatus\n|-damage|p1b: Eternatus|60/100\n|move|p1b: Eternatus|Dynamax Cannon|p2b: \u6c38\u9664\u5b83\u98de\n|-damage|p2b: \u6c38\u9664\u5b83\u98de|57/100\n|\n|-weather|SunnyDay|[upkeep]\n|-heal|p1b: Eternatus|66/100|[from] item: Leftovers\n|-ability|p1a: Smeargle|Moody|boost\n|-boost|p1a: Smeargle|spa|2\n|-unboost|p1a: Smeargle|spe|1\n|upkeep\n|turn|3\n|inactive|yn8906 has 30 seconds left.\n|inactive|yn8906 has 20 seconds left.\n|\n|t:|1771060913\n|move|p1b: Eternatus|Protect|p1b: Eternatus\n|-singleturn|p1b: Eternatus|Protect\n|move|p2a: \u6211\u6709\u7389\u9c7c\u75c7|Heat Wave|p1a: Smeargle|[spread] p1a\n|-activate|p1b: Eternatus|move: Protect\n|-damage|p1a: Smeargle|0 fnt\n|faint|p1a: Smeargle\n|move|p2b: \u6c38\u9664\u5b83\u98de|Precipice Blades|p1b: Eternatus\n|-activate|p1b: Eternatus|move: Protect\n|\n|-weather|SunnyDay|[upkeep]\n|-heal|p1b: Eternatus|72/100|[from] item: Leftovers\n|upkeep\n|inactive|yn8906 has 30 seconds left.\n|\n|t:|1771060941\n|switch|p1a: Koraidon|Koraidon, L50|100/100\n|-activate|p1a: Koraidon|ability: Orichalcum Pulse\n|turn|4\n|\n|t:|1771060963\n|move|p2a: \u6211\u6709\u7389\u9c7c\u75c7|Heat Wave|p1b: Eternatus|[spread] p1a,p1b\n|-resisted|p1a: Koraidon\n|-resisted|p1b: Eternatus\n|-damage|p1a: Koraidon|59/100\n|-damage|p1b: Eternatus|48/100\n|-status|p1b: Eternatus|brn\n|move|p1a: Koraidon|Close Combat|p2a: \u6211\u6709\u7389\u9c7c\u75c7\n|-supereffective|p2a: \u6211\u6709\u7389\u9c7c\u75c7\n|-damage|p2a: \u6211\u6709\u7389\u9c7c\u75c7|0 fnt\n|-unboost|p1a: Koraidon|def|1\n|-unboost|p1a: Koraidon|spd|1\n|faint|p2a: \u6211\u6709\u7389\u9c7c\u75c7\n|-damage|p1a: Koraidon|50/100|[from] item: Life Orb\n|move|p1b: Eternatus|Cosmic Power|p1b: Eternatus\n|-boost|p1b: Eternatus|def|1\n|-boost|p1b: Eternatus|spd|1\n|move|p2b: \u6c38\u9664\u5b83\u98de|Precipice Blades|p1a: Koraidon|[spread] p1a,p1b\n|-supereffective|p1b: Eternatus\n|-damage|p1a: Koraidon|0 fnt\n|-damage|p1b: Eternatus|0 fnt\n|faint|p1a: Koraidon\n|faint|p1b: Eternatus\n|\n|-weather|SunnyDay|[upkeep]\n|upkeep\n|inactive|yn8906 has 30 seconds left.\n|inactive|blackred123 has 30 seconds left.\n|\n|t:|1771060989\n|switch|p1b: Flutter Mane|Flutter Mane, L50|100/100\n|switch|p2a: \u9999\u8549\u53c9\u708e\u91cc|Gouging Fire, L50|100/100\n|-activate|p1b: Flutter Mane|ability: Protosynthesis\n|-start|p1b: Flutter Mane|protosynthesisspe\n|-activate|p2a: \u9999\u8549\u53c9\u708e\u91cc|ability: Protosynthesis\n|-start|p2a: \u9999\u8549\u53c9\u708e\u91cc|protosynthesisspe\n|turn|5\n|\n|t:|1771061000\n|-terastallize|p1b: Flutter Mane|Fairy\n|move|p1b: Flutter Mane|Dazzling Gleam|p2a: \u9999\u8549\u53c9\u708e\u91cc|[spread] p2a,p2b\n|-damage|p2a: \u9999\u8549\u53c9\u708e\u91cc|49/100\n|-damage|p2b: \u6c38\u9664\u5b83\u98de|23/100\n|move|p2a: \u9999\u8549\u53c9\u708e\u91cc|Flare Blitz|p1b: Flutter Mane\n|-damage|p1b: Flutter Mane|0 fnt\n|faint|p1b: Flutter Mane\n|-end|p1b: Flutter Mane|Protosynthesis|[silent]\n|-damage|p2a: \u9999\u8549\u53c9\u708e\u91cc|27/100|[from] Recoil\n|\n|win|blackred123\n|raw|yn8906's rating: 1084 &rarr; <strong>1069</strong><br />(-15 for losing)\n|raw|blackred123's rating: 1205 &rarr; <strong>1222</strong><br />(+17 for winning)\n|l|\u2606yn8906\n|player|p1|\n|l|\u2606blackred123\n|player|p2|\n","uploadtime":1771061382,"views":18,"formatid":"gen9vgc2026regi","rating":1069,"private":0,"password":null}