{"id":"gen9vgc2026regi-2553802648","format":"[Gen 9] VGC 2026 Reg I","players":["pzyxhic","blackred123"],"log":"|j|\u2606pzyxhic\n|j|\u2606blackred123\n|t:|1772883356\n|gametype|doubles\n|player|p1|pzyxhic|266|1350\n|player|p2|blackred123|iono-masters|1559\n|gen|9\n|tier|[Gen 9] VGC 2026 Reg I\n|rated|\n|rule|Species Clause: Limit one of each Pok\u00e9mon\n|rule|Item Clause: Limit 1 of each item\n|clearpoke\n|poke|p1|Calyrex-Shadow, L50|\n|poke|p1|Chi-Yu, L50|\n|poke|p1|Whimsicott, L50, F|\n|poke|p1|Urshifu-*, L50, F|\n|poke|p1|Farigiraf, L50, F|\n|poke|p1|Kyurem-White, L50|\n|poke|p2|Kyogre, L50|\n|poke|p2|Zamazenta-*, L50|\n|poke|p2|Chien-Pao, L50|\n|poke|p2|Amoonguss, L50, M|\n|poke|p2|Dragonite, L50, M|\n|poke|p2|Rillaboom, L50, F|\n|teampreview|4\n|inactive|Battle timer is ON: inactive players will automatically lose when time's up. (requested by blackred123)\n|\n|t:|1772883385\n|teamsize|p1|4\n|teamsize|p2|4\n|start\n|switch|p1a: Whimsicott|Whimsicott, L50, F|100/100\n|switch|p1b: Kyurem|Kyurem-White, L50|100/100\n|switch|p2a: Zamazenta|Zamazenta-Crowned, L50|100/100\n|switch|p2b: Chien-Pao|Chien-Pao, L50|100/100\n|-ability|p2b: Chien-Pao|Sword of Ruin\n|-ability|p2a: Zamazenta|Dauntless Shield|boost\n|-boost|p2a: Zamazenta|def|1\n|-ability|p1b: Kyurem|Turboblaze\n|turn|1\n|inactive|pzyxhic has 30 seconds left.\n|\n|t:|1772883412\n|move|p1b: Kyurem|Protect|p1b: Kyurem\n|-singleturn|p1b: Kyurem|Protect\n|move|p1a: Whimsicott|Tailwind|p1a: Whimsicott\n|-sidestart|p1: pzyxhic|move: Tailwind\n|move|p2b: Chien-Pao|Ice Spinner|p1a: Whimsicott\n|-supereffective|p1a: Whimsicott\n|-damage|p1a: Whimsicott|0 fnt\n|faint|p1a: Whimsicott\n|move|p2a: Zamazenta|Body Press|p1b: Kyurem\n|-activate|p1b: Kyurem|move: Protect\n|\n|upkeep\n|\n|t:|1772883424\n|switch|p1a: Urshifu|Urshifu-Rapid-Strike, L50, F|100/100\n|turn|2\n|inactive|pzyxhic has 30 seconds left.\n|inactive|pzyxhic has 20 seconds left.\n|\n|t:|1772883460\n|switch|p2b: Dragonite|Dragonite, L50, M|100/100\n|-terastallize|p1a: Urshifu|Water\n|-terastallize|p2a: Zamazenta|Grass\n|move|p1b: Kyurem|Fusion Flare|p2a: Zamazenta\n|-supereffective|p2a: Zamazenta\n|-damage|p2a: Zamazenta|33/100\n|-damage|p1b: Kyurem|91/100|[from] item: Life Orb\n|move|p1a: Urshifu|Surging Strikes|p2a: Zamazenta\n|-resisted|p2a: Zamazenta\n|-crit|p2a: Zamazenta\n|-damage|p2a: Zamazenta|22/100\n|-resisted|p2a: Zamazenta\n|-crit|p2a: Zamazenta\n|-damage|p2a: Zamazenta|13/100\n|-resisted|p2a: Zamazenta\n|-crit|p2a: Zamazenta\n|-damage|p2a: Zamazenta|4/100\n|-hitcount|p2a: Zamazenta|3\n|move|p2a: Zamazenta|Body Press|p1b: Kyurem\n|-supereffective|p1b: Kyurem\n|-damage|p1b: Kyurem|0 fnt\n|faint|p1b: Kyurem\n|\n|upkeep\n|\n|t:|1772883483\n|switch|p1b: Calyrex|Calyrex-Shadow, L50|100/100\n|-ability|p1b: Calyrex|As One\n|-ability|p1b: Calyrex|Unnerve\n|turn|3\n|\n|t:|1772883505\n|move|p2a: Zamazenta|Wide Guard|p2a: Zamazenta\n|-singleturn|p2a: Zamazenta|Wide Guard\n|move|p1b: Calyrex|Astral Barrage|p2a: Zamazenta|[spread] \n|-activate|p2a: Zamazenta|move: Wide Guard\n|-activate|p2b: Dragonite|move: Wide Guard\n|move|p1a: Urshifu|Surging Strikes|p2a: Zamazenta\n|-resisted|p2a: Zamazenta\n|-crit|p2a: Zamazenta\n|-damage|p2a: Zamazenta|0 fnt\n|faint|p2a: Zamazenta\n|-hitcount|p2: Zamazenta|1\n|move|p2b: Dragonite|Aerial Ace|p1a: Urshifu\n|-damage|p1a: Urshifu|42/100\n|\n|upkeep\n|\n|t:|1772883517\n|switch|p2a: Chien-Pao|Chien-Pao, L50|100/100\n|-ability|p2a: Chien-Pao|Sword of Ruin\n|turn|4\n|\n|t:|1772883528\n|move|p2a: Chien-Pao|Sucker Punch|p1a: Urshifu\n|-damage|p1a: Urshifu|0 fnt\n|faint|p1a: Urshifu\n|move|p1b: Calyrex|Astral Barrage|p2b: Dragonite|[spread] p2a,p2b\n|-resisted|p2a: Chien-Pao\n|-damage|p2a: Chien-Pao|51/100\n|-damage|p2b: Dragonite|44/100\n|move|p2b: Dragonite|Aerial Ace|p1b: Calyrex\n|-damage|p1b: Calyrex|27/100\n|\n|-sideend|p1: pzyxhic|move: Tailwind\n|upkeep\n|turn|5\n|\n|t:|1772883541\n|move|p2a: Chien-Pao|Sucker Punch|p1b: Calyrex\n|-supereffective|p1b: Calyrex\n|-damage|p1b: Calyrex|0 fnt\n|faint|p1b: Calyrex\n|\n|win|blackred123\n|raw|pzyxhic's rating: 1350 &rarr; <strong>1341</strong><br />(-9 for losing)\n|raw|blackred123's rating: 1559 &rarr; <strong>1568</strong><br />(+9 for winning)\n|l|\u2606pzyxhic\n|player|p1|\n|l|\u2606blackred123\n|player|p2|\n","uploadtime":1772883678,"views":15,"formatid":"gen9vgc2026regi","rating":1341,"private":0,"password":null}