{"id":"gen9vgc2026regi-2528347439","format":"[Gen 9] VGC 2026 Reg I","players":["bobthemango141","zonavideovigilada"],"log":"|j|\u2606bobthemango141\n|j|\u2606zonavideovigilada\n|t:|1769644751\n|gametype|doubles\n|player|p1|bobthemango141|1|1501\n|player|p2|zonavideovigilada|101|1521\n|gen|9\n|tier|[Gen 9] VGC 2026 Reg I\n|rated|\n|rule|Species Clause: Limit one of each Pok\u00e9mon\n|rule|Item Clause: Limit 1 of each item\n|clearpoke\n|poke|p1|Miraidon, L50|\n|poke|p1|Lunala, L50|\n|poke|p1|Sylveon, L50, F|\n|poke|p1|Incineroar, L50, M|\n|poke|p1|Whimsicott, L50, F|\n|poke|p1|Urshifu-*, L50, F|\n|poke|p2|Calyrex-Shadow, L50|\n|poke|p2|Zamazenta-*, L50|\n|poke|p2|Amoonguss, L50, F|\n|poke|p2|Chi-Yu, L50|\n|poke|p2|Rillaboom, L50, M|\n|poke|p2|Chien-Pao, L50|\n|teampreview|4\n|\n|t:|1769644783\n|teamsize|p1|4\n|teamsize|p2|4\n|start\n|switch|p1a: Urshifu|Urshifu-Rapid-Strike, L50, F|100/100\n|switch|p1b: Whimsicott|Whimsicott, L50, F, shiny|100/100\n|switch|p2a: Rillaboom|Rillaboom, L50, M|100/100\n|switch|p2b: Zamazenta|Zamazenta-Crowned, L50|100/100\n|-ability|p2b: Zamazenta|Dauntless Shield|boost\n|-boost|p2b: Zamazenta|def|1\n|-fieldstart|move: Grassy Terrain|[from] ability: Grassy Surge|[of] p2a: Rillaboom\n|turn|1\n|\n|t:|1769644800\n|switch|p1a: Lunala|Lunala, L50|100/100\n|move|p1b: Whimsicott|Tailwind|p1b: Whimsicott\n|-sidestart|p1: bobthemango141|move: Tailwind\n|move|p2b: Zamazenta|Heavy Slam|p1b: Whimsicott\n|-supereffective|p1b: Whimsicott\n|-enditem|p1b: Whimsicott|Focus Sash\n|-damage|p1b: Whimsicott|1/100\n|move|p2a: Rillaboom|Wood Hammer|p1a: Lunala\n|-damage|p1a: Lunala|67/100\n|-damage|p2a: Rillaboom|88/100|[from] Recoil\n|\n|-heal|p1b: Whimsicott|7/100|[from] Grassy Terrain\n|-heal|p1a: Lunala|73/100|[from] Grassy Terrain\n|-heal|p2a: Rillaboom|94/100|[from] Grassy Terrain\n|upkeep\n|turn|2\n|\n|t:|1769644824\n|switch|p1a: Miraidon|Miraidon, L50, shiny|100/100\n|-fieldstart|move: Electric Terrain|[from] ability: Hadron Engine|[of] p1a: Miraidon\n|move|p1b: Whimsicott|Endeavor|p2b: Zamazenta\n|-damage|p2b: Zamazenta|5/100\n|move|p2b: Zamazenta|Body Press|p1b: Whimsicott\n|-resisted|p1b: Whimsicott\n|-damage|p1b: Whimsicott|0 fnt\n|faint|p1b: Whimsicott\n|move|p2a: Rillaboom|Wood Hammer|p1a: Miraidon\n|-resisted|p1a: Miraidon\n|-damage|p1a: Miraidon|63/100\n|-damage|p2a: Rillaboom|84/100|[from] Recoil\n|\n|upkeep\n|\n|t:|1769644834\n|switch|p1b: Urshifu|Urshifu-Rapid-Strike, L50, F|100/100\n|turn|3\n|\n|t:|1769644857\n|switch|p2a: Chien-Pao|Chien-Pao, L50|100/100\n|-ability|p2a: Chien-Pao|Sword of Ruin\n|move|p1a: Miraidon|Volt Switch|p2b: Zamazenta\n|-damage|p2b: Zamazenta|0 fnt\n|faint|p2b: Zamazenta\n|\n|t:|1769644860\n|switch|p1a: Lunala|Lunala, L50|73/100|[from] Volt Switch\n|-enditem|p1a: Lunala|Electric Seed\n|-boost|p1a: Lunala|def|1|[from] item: Electric Seed\n|move|p1b: Urshifu|U-turn|p2a: Chien-Pao\n|-supereffective|p2a: Chien-Pao\n|-damage|p2a: Chien-Pao|0 fnt\n|faint|p2a: Chien-Pao\n|\n|t:|1769644862\n|switch|p1b: Miraidon|Miraidon, L50, shiny|63/100|[from] U-turn\n|-activate|p1b: Miraidon|ability: Hadron Engine\n|\n|upkeep\n|\n|t:|1769644867\n|switch|p2a: Rillaboom|Rillaboom, L50, M|84/100\n|switch|p2b: Calyrex|Calyrex-Shadow, L50|100/100\n|-ability|p2b: Calyrex|As One\n|-ability|p2b: Calyrex|Unnerve\n|-fieldstart|move: Grassy Terrain|[from] ability: Grassy Surge|[of] p2a: Rillaboom\n|turn|4\n|\n|t:|1769644882\n|-terastallize|p1a: Lunala|Fairy\n|-terastallize|p2b: Calyrex|Ghost\n|move|p2a: Rillaboom|Grassy Glide|p1b: Miraidon\n|-resisted|p1b: Miraidon\n|-damage|p1b: Miraidon|38/100\n|move|p1b: Miraidon|Electro Drift|p2b: Calyrex\n|-damage|p2b: Calyrex|3/100\n|move|p1a: Lunala|Moongeist Beam|p2b: Calyrex\n|-supereffective|p2b: Calyrex\n|-damage|p2b: Calyrex|0 fnt\n|faint|p2b: Calyrex\n|\n|-heal|p1b: Miraidon|44/100|[from] Grassy Terrain\n|-heal|p1a: Lunala|80/100|[from] Grassy Terrain\n|-heal|p2a: Rillaboom|89/100|[from] Grassy Terrain\n|-sideend|p1: bobthemango141|move: Tailwind\n|upkeep\n|turn|5\n|-message|zonavideovigilada forfeited.\n|\n|win|bobthemango141\n|raw|bobthemango141's rating: 1501 &rarr; <strong>1522</strong><br />(+21 for winning)\n|raw|zonavideovigilada's rating: 1521 &rarr; <strong>1500</strong><br />(-21 for losing)\n|l|\u2606zonavideovigilada\n|player|p2|\n","uploadtime":1769645038,"views":33,"formatid":"gen9vgc2026regi","rating":1500,"private":0,"password":null}