{"id":"gen9vgc2026regi-2553886467","format":"[Gen 9] VGC 2026 Reg I","players":["Lewissquire","drive stone"],"log":"|j|\u2606Lewissquire\n|j|\u2606drive stone\n|t:|1772895805\n|gametype|doubles\n|player|p1|Lewissquire|101|1448\n|player|p2|drive stone|cilan|1488\n|gen|9\n|tier|[Gen 9] VGC 2026 Reg I\n|rated|\n|rule|Species Clause: Limit one of each Pok\u00e9mon\n|rule|Item Clause: Limit 1 of each item\n|clearpoke\n|poke|p1|Miraidon, L50|\n|poke|p1|Calyrex-Ice, L50|\n|poke|p1|Incineroar, L50, M|\n|poke|p1|Urshifu-*, L50, M|\n|poke|p1|Amoonguss, L50, F|\n|poke|p1|Walking Wake, L50|\n|poke|p2|Regieleki, L50|\n|poke|p2|Calyrex-Shadow, L50|\n|poke|p2|Koraidon, L50|\n|poke|p2|Incineroar, L50, F|\n|poke|p2|Rillaboom, L50, M|\n|poke|p2|Volcarona, L50, F|\n|teampreview|4\n|inactive|Battle timer is ON: inactive players will automatically lose when time's up. (requested by Lewissquire)\n|\n|t:|1772895849\n|teamsize|p1|4\n|teamsize|p2|4\n|start\n|switch|p1a: Miraidon|Miraidon, L50|100/100\n|switch|p1b: Walking Wake|Walking Wake, L50|100/100\n|switch|p2a: Calyrex|Calyrex-Shadow, L50|100/100\n|switch|p2b: Rillaboom|Rillaboom, L50, M|100/100\n|-ability|p2a: Calyrex|As One\n|-ability|p2a: Calyrex|Unnerve\n|-fieldstart|move: Electric Terrain|[from] ability: Hadron Engine|[of] p1a: Miraidon\n|-fieldstart|move: Grassy Terrain|[from] ability: Grassy Surge|[of] p2b: Rillaboom\n|-enditem|p1b: Walking Wake|Booster Energy\n|-activate|p1b: Walking Wake|ability: Protosynthesis|[fromitem]\n|-start|p1b: Walking Wake|protosynthesisspe\n|turn|1\n|\n|t:|1772895874\n|switch|p1a: Incineroar|Incineroar, L50, M|100/100\n|-ability|p1a: Incineroar|Intimidate|boost\n|-unboost|p2a: Calyrex|atk|1\n|-unboost|p2b: Rillaboom|atk|1\n|move|p2b: Rillaboom|Fake Out|p1b: Walking Wake\n|-damage|p1b: Walking Wake|91/100\n|cant|p1b: Walking Wake|flinch\n|move|p2a: Calyrex|Nasty Plot|p2a: Calyrex\n|-boost|p2a: Calyrex|spa|2\n|\n|-heal|p1b: Walking Wake|96/100|[from] Grassy Terrain\n|upkeep\n|turn|2\n|\n|t:|1772895897\n|switch|p2b: Koraidon|Koraidon, L50|100/100\n|-weather|SunnyDay|[from] ability: Orichalcum Pulse|[of] p2b: Koraidon\n|-activate|p2b: Koraidon|Orichalcum Pulse|[source]\n|move|p2a: Calyrex|Protect|p2a: Calyrex\n|-singleturn|p2a: Calyrex|Protect\n|move|p1b: Walking Wake|Snarl|p2a: Calyrex|[spread] p2b\n|-activate|p2a: Calyrex|move: Protect\n|-resisted|p2b: Koraidon\n|-damage|p2b: Koraidon|95/100\n|move|p1a: Incineroar|U-turn|p2b: Koraidon\n|-resisted|p2b: Koraidon\n|-damage|p2b: Koraidon|87/100\n|\n|t:|1772895911\n|switch|p1a: Miraidon|Miraidon, L50|100/100|[from] U-turn\n|-fieldstart|move: Electric Terrain|[from] ability: Hadron Engine|[of] p1a: Miraidon\n|\n|-weather|SunnyDay|[upkeep]\n|upkeep\n|turn|3\n|inactive|Lewissquire has 30 seconds left.\n|\n|t:|1772895942\n|switch|p2b: Rillaboom|Rillaboom, L50, M|100/100\n|-fieldstart|move: Grassy Terrain|[from] ability: Grassy Surge|[of] p2b: Rillaboom\n|move|p2a: Calyrex|Protect||[still]\n|-fail|p2a: Calyrex\n|move|p1b: Walking Wake|Snarl|p2b: Rillaboom|[spread] p2a,p2b\n|-supereffective|p2a: Calyrex\n|-damage|p2a: Calyrex|54/100\n|-damage|p2b: Rillaboom|92/100\n|-unboost|p2a: Calyrex|spa|1\n|-unboost|p2b: Rillaboom|spa|1\n|move|p1a: Miraidon|Volt Switch|p2a: Calyrex\n|-damage|p2a: Calyrex|19/100\n|\n|t:|1772895964\n|switch|p1a: Calyrex|Calyrex-Ice, L50|100/100|[from] Volt Switch\n|-ability|p1a: Calyrex|As One\n|-ability|p1a: Calyrex|Unnerve\n|\n|-weather|SunnyDay|[upkeep]\n|-heal|p1b: Walking Wake|100/100|[from] Grassy Terrain\n|-heal|p2a: Calyrex|25/100|[from] Grassy Terrain\n|-heal|p2b: Rillaboom|98/100|[from] Grassy Terrain\n|upkeep\n|turn|4\n|inactive|drive stone has 30 seconds left.\n|inactive|drive stone has 20 seconds left.\n|inactive|drive stone has 15 seconds left.\n|\n|t:|1772896005\n|-terastallize|p1a: Calyrex|Fire\n|move|p2b: Rillaboom|Fake Out|p1a: Calyrex\n|-damage|p1a: Calyrex|92/100\n|move|p1b: Walking Wake|Snarl|p2a: Calyrex|[spread] p2a,p2b\n|-supereffective|p2a: Calyrex\n|-damage|p2a: Calyrex|0 fnt\n|-damage|p2b: Rillaboom|90/100\n|-unboost|p2b: Rillaboom|spa|1\n|faint|p2a: Calyrex\n|cant|p1a: Calyrex|flinch\n|\n|-weather|SunnyDay|[upkeep]\n|-heal|p2b: Rillaboom|96/100|[from] Grassy Terrain\n|-heal|p1a: Calyrex|98/100|[from] Grassy Terrain\n|upkeep\n|\n|t:|1772896022\n|switch|p2a: Koraidon|Koraidon, L50|87/100\n|-activate|p2a: Koraidon|ability: Orichalcum Pulse\n|turn|5\n|-message|drive stone forfeited.\n|\n|win|Lewissquire\n|raw|Lewissquire's rating: 1448 &rarr; <strong>1470</strong><br />(+22 for winning)\n|raw|drive stone's rating: 1488 &rarr; <strong>1466</strong><br />(-22 for losing)\n|l|\u2606drive stone\n|player|p2|\n|l|\u2606Lewissquire\n|player|p1|\n","uploadtime":1772896243,"views":15,"formatid":"gen9vgc2026regi","rating":1466,"private":0,"password":null}