{"id":"gen9vgc2026regi-2543500449","format":"[Gen 9] VGC 2026 Reg I","players":["timburr fan","fogdocker"],"log":"|j|\u2606timburr fan\n|j|\u2606fogdocker\n|t:|1771584522\n|gametype|doubles\n|player|p1|timburr fan|102|1390\n|player|p2|fogdocker|1|1445\n|gen|9\n|tier|[Gen 9] VGC 2026 Reg I\n|rated|\n|rule|Species Clause: Limit one of each Pok\u00e9mon\n|rule|Item Clause: Limit 1 of each item\n|clearpoke\n|poke|p1|Calyrex-Ice, L50|\n|poke|p1|Lunala, L50|\n|poke|p1|Indeedee-F, L50, F|\n|poke|p1|Ogerpon-Hearthflame, L50, F|\n|poke|p1|Ninetales-Alola, L50, F|\n|poke|p1|Ursaluna, L50, F|\n|poke|p2|Calyrex-Ice, L50|\n|poke|p2|Koraidon, L50|\n|poke|p2|Flutter Mane, L50|\n|poke|p2|Incineroar, L50, M|\n|poke|p2|Rillaboom, L50, M|\n|poke|p2|Volcarona, L50, M|\n|teampreview|4\n|\n|t:|1771584546\n|teamsize|p1|4\n|teamsize|p2|4\n|start\n|switch|p1a: Lunala|Lunala, L50, shiny|100/100\n|switch|p1b: Indeedee|Indeedee-F, L50, F|100/100\n|switch|p2a: Calyrex|Calyrex-Ice, L50|100/100\n|switch|p2b: Incineroar|Incineroar, L50, M|100/100\n|-ability|p2a: Calyrex|As One\n|-ability|p2a: Calyrex|Unnerve\n|-fieldstart|move: Psychic Terrain|[from] ability: Psychic Surge|[of] p1b: Indeedee\n|-ability|p2b: Incineroar|Intimidate|boost\n|-unboost|p1a: Lunala|atk|1\n|-unboost|p1b: Indeedee|atk|1\n|turn|1\n|inactive|Battle timer is ON: inactive players will automatically lose when time's up. (requested by fogdocker)\n|\n|t:|1771584579\n|switch|p2b: Rillaboom|Rillaboom, L50, M|100/100\n|-fieldstart|move: Grassy Terrain|[from] ability: Grassy Surge|[of] p2b: Rillaboom\n|move|p1a: Lunala|Wide Guard|p1a: Lunala\n|-singleturn|p1a: Lunala|Wide Guard\n|move|p2a: Calyrex|Glacial Lance|p1a: Lunala|[spread] \n|-activate|p1a: Lunala|move: Wide Guard\n|-activate|p1b: Indeedee|move: Wide Guard\n|move|p1b: Indeedee|Trick Room|p1b: Indeedee\n|-fieldstart|move: Trick Room|[of] p1b: Indeedee\n|\n|upkeep\n|turn|2\n|\n|t:|1771584600\n|move|p1b: Indeedee|Helping Hand|p1a: Lunala\n|-singleturn|p1a: Lunala|Helping Hand|[of] p1b: Indeedee\n|move|p2a: Calyrex|Leech Seed|p1a: Lunala\n|-start|p1a: Lunala|move: Leech Seed\n|move|p1a: Lunala|Moongeist Beam|p2a: Calyrex\n|-supereffective|p2a: Calyrex\n|-damage|p2a: Calyrex|0 fnt\n|faint|p2a: Calyrex\n|move|p2b: Rillaboom|U-turn|p1a: Lunala\n|-damage|p1a: Lunala|91/100\n|\n|t:|1771584610\n|switch|p2b: Incineroar|Incineroar, L50, M|100/100|[from] U-turn\n|-ability|p2b: Incineroar|Intimidate|boost\n|-unboost|p1a: Lunala|atk|1\n|-unboost|p1b: Indeedee|atk|1\n|\n|-heal|p1a: Lunala|97/100|[from] Grassy Terrain\n|upkeep\n|\n|t:|1771584614\n|switch|p2a: Rillaboom|Rillaboom, L50, M|100/100\n|turn|3\n|\n|t:|1771584633\n|switch|p1a: Ninetales|Ninetales-Alola, L50, F|100/100\n|-weather|Snowscape|[from] ability: Snow Warning|[of] p1a: Ninetales\n|move|p2b: Incineroar|Knock Off|p1a: Ninetales\n|-resisted|p1a: Ninetales\n|-damage|p1a: Ninetales|85/100\n|-enditem|p1a: Ninetales|Light Clay|[from] move: Knock Off|[of] p2b: Incineroar\n|move|p1b: Indeedee|Hyper Voice|p2a: Rillaboom|[spread] p2a,p2b\n|-damage|p2a: Rillaboom|87/100\n|-damage|p2b: Incineroar|81/100\n|move|p2a: Rillaboom|Wood Hammer|p1a: Ninetales\n|-damage|p1a: Ninetales|24/100\n|-damage|p2a: Rillaboom|68/100|[from] Recoil\n|\n|-weather|Snowscape|[upkeep]\n|-heal|p2b: Incineroar|87/100|[from] Grassy Terrain\n|-heal|p2a: Rillaboom|74/100|[from] Grassy Terrain\n|-heal|p1a: Ninetales|30/100|[from] Grassy Terrain\n|upkeep\n|turn|4\n|inactive|timburr fan has 30 seconds left.\n|\n|t:|1771584664\n|switch|p1b: Calyrex|Calyrex-Ice, L50|100/100\n|-ability|p1b: Calyrex|As One\n|-ability|p1b: Calyrex|Unnerve\n|move|p2b: Incineroar|Knock Off|p1b: Calyrex\n|-supereffective|p1b: Calyrex\n|-damage|p1b: Calyrex|68/100\n|-enditem|p1b: Calyrex|Clear Amulet|[from] move: Knock Off|[of] p2b: Incineroar\n|move|p2a: Rillaboom|Wood Hammer|p1a: Ninetales\n|-damage|p1a: Ninetales|0 fnt\n|faint|p1a: Ninetales\n|-damage|p2a: Rillaboom|66/100|[from] Recoil\n|\n|-weather|Snowscape|[upkeep]\n|-heal|p1b: Calyrex|73/100|[from] Grassy Terrain\n|-heal|p2b: Incineroar|93/100|[from] Grassy Terrain\n|-heal|p2a: Rillaboom|72/100|[from] Grassy Terrain\n|upkeep\n|inactive|timburr fan has 30 seconds left.\n|\n|t:|1771584696\n|switch|p1a: Indeedee|Indeedee-F, L50, F|100/100\n|-fieldstart|move: Psychic Terrain|[from] ability: Psychic Surge|[of] p1a: Indeedee\n|turn|5\n|\n|t:|1771584703\n|-terastallize|p2a: Rillaboom|Fire\n|move|p1a: Indeedee|Follow Me|p1a: Indeedee\n|-singleturn|p1a: Indeedee|move: Follow Me\n|move|p1b: Calyrex|Glacial Lance|p2a: Rillaboom|[spread] p2a,p2b\n|-resisted|p2a: Rillaboom\n|-resisted|p2b: Incineroar\n|-damage|p2a: Rillaboom|43/100\n|-damage|p2b: Incineroar|69/100\n|move|p2b: Incineroar|Knock Off|p1a: Indeedee\n|-supereffective|p1a: Indeedee\n|-damage|p1a: Indeedee|11/100\n|-damage|p2b: Incineroar|53/100|[from] item: Rocky Helmet|[of] p1a: Indeedee\n|-enditem|p1a: Indeedee|Rocky Helmet|[from] move: Knock Off|[of] p2b: Incineroar\n|move|p2a: Rillaboom|U-turn|p1a: Indeedee\n|-supereffective|p1a: Indeedee\n|-crit|p1a: Indeedee\n|-damage|p1a: Indeedee|0 fnt\n|faint|p1a: Indeedee\n|\n|t:|1771584715\n|switch|p2a: Koraidon|Koraidon, L50|100/100|[from] U-turn\n|-weather|SunnyDay|[from] ability: Orichalcum Pulse|[of] p2a: Koraidon\n|-activate|p2a: Koraidon|Orichalcum Pulse|[source]\n|\n|-weather|SunnyDay|[upkeep]\n|-fieldend|move: Trick Room\n|upkeep\n|\n|t:|1771584722\n|switch|p1a: Lunala|Lunala, L50, shiny|97/100\n|turn|6\n|\n|t:|1771584734\n|move|p1b: Calyrex|Protect|p1b: Calyrex\n|-singleturn|p1b: Calyrex|Protect\n|move|p2a: Koraidon|Close Combat|p1b: Calyrex\n|-activate|p1b: Calyrex|move: Protect\n|move|p2b: Incineroar|Knock Off|p1a: Lunala\n|-supereffective|p1a: Lunala\n|-damage|p1a: Lunala|0 fnt\n|-enditem|p1a: Lunala|Mental Herb|[from] move: Knock Off|[of] p2b: Incineroar\n|faint|p1a: Lunala\n|\n|-weather|SunnyDay|[upkeep]\n|upkeep\n|turn|7\n|-message|timburr fan forfeited.\n|\n|win|fogdocker\n|raw|timburr fan's rating: 1390 &rarr; <strong>1373</strong><br />(-17 for losing)\n|raw|fogdocker's rating: 1445 &rarr; <strong>1462</strong><br />(+17 for winning)\n|l|\u2606timburr fan\n|player|p1|\n|l|\u2606fogdocker\n|player|p2|\n","uploadtime":1771584921,"views":13,"formatid":"gen9vgc2026regi","rating":1373,"private":0,"password":null}