{"id":"gen9vgc2026regi-2564594862","format":"[Gen 9] VGC 2026 Reg I","players":["NathanaelW19","dasabe\u76d6\u6b27\u5361\u4fa0"],"log":"|j|\u2606NathanaelW19\n|j|\u2606dasabe\u76d6\u6b27\u5361\u4fa0\n|t:|1774171174\n|gametype|doubles\n|player|p1|NathanaelW19|dragontamer|1400\n|player|p2|dasabe\u76d6\u6b27\u5361\u4fa0|may-masters4|1476\n|gen|9\n|tier|[Gen 9] VGC 2026 Reg I\n|rated|\n|rule|Species Clause: Limit one of each Pok\u00e9mon\n|rule|Item Clause: Limit 1 of each item\n|clearpoke\n|poke|p1|Miraidon, L50|\n|poke|p1|Ogerpon-Hearthflame, L50, F|\n|poke|p1|Kingambit, L50, M|\n|poke|p1|Kyogre, L50|\n|poke|p1|Regieleki, L50|\n|poke|p1|Flutter Mane, L50|\n|poke|p2|Zacian-*, L50|\n|poke|p2|Koraidon, L50|\n|poke|p2|Raging Bolt, L50|\n|poke|p2|Rillaboom, L50, M|\n|poke|p2|Chien-Pao, L50|\n|poke|p2|Tornadus, L50, M|\n|teampreview|4\n|inactive|Battle timer is ON: inactive players will automatically lose when time's up. (requested by NathanaelW19)\n|j| TTTAAATTT00\n|inactive|dasabe\u76d6\u6b27\u5361\u4fa0 has 60 seconds left.\n|\n|t:|1774171219\n|teamsize|p1|4\n|teamsize|p2|4\n|start\n|switch|p1a: Miraidon|Miraidon, L50|100/100\n|switch|p1b: Regieleki|Regieleki, L50|100/100\n|switch|p2a: \u9a82\u8c01\u542b\u5251|Zacian-Crowned, L50|100/100\n|switch|p2b: \u733f\u795e\uff01\u542f\u52a8\uff01|Rillaboom, L50, M|100/100\n|-ability|p2a: \u9a82\u8c01\u542b\u5251|Intrepid Sword|boost\n|-boost|p2a: \u9a82\u8c01\u542b\u5251|atk|1\n|-fieldstart|move: Electric Terrain|[from] ability: Hadron Engine|[of] p1a: Miraidon\n|-fieldstart|move: Grassy Terrain|[from] ability: Grassy Surge|[of] p2b: \u733f\u795e\uff01\u542f\u52a8\uff01\n|turn|1\n|\n|t:|1774171231\n|switch|p1a: Ogerpon|Ogerpon-Hearthflame, L50, F|100/100\n|-ability|p1a: Ogerpon|Mold Breaker\n|move|p2b: \u733f\u795e\uff01\u542f\u52a8\uff01|Fake Out|p1b: Regieleki\n|-damage|p1b: Regieleki|72/100\n|cant|p1b: Regieleki|flinch\n|move|p2a: \u9a82\u8c01\u542b\u5251|Play Rough|p1a: Ogerpon\n|-resisted|p1a: Ogerpon\n|-damage|p1a: Ogerpon|49/100\n|\n|-heal|p1b: Regieleki|77/100|[from] Grassy Terrain\n|-heal|p1a: Ogerpon|55/100|[from] Grassy Terrain\n|upkeep\n|turn|2\n|\n|t:|1774171239\n|-terastallize|p2b: \u733f\u795e\uff01\u542f\u52a8\uff01|Fire\n|move|p2a: \u9a82\u8c01\u542b\u5251|Protect|p2a: \u9a82\u8c01\u542b\u5251\n|-singleturn|p2a: \u9a82\u8c01\u542b\u5251|Protect\n|move|p1b: Regieleki|Electroweb|p2a: \u9a82\u8c01\u542b\u5251|[spread] p2b\n|-activate|p2a: \u9a82\u8c01\u542b\u5251|move: Protect\n|-damage|p2b: \u733f\u795e\uff01\u542f\u52a8\uff01|84/100\n|-unboost|p2b: \u733f\u795e\uff01\u542f\u52a8\uff01|spe|1\n|move|p1a: Ogerpon|Ivy Cudgel|p2a: \u9a82\u8c01\u542b\u5251|[anim] Ivy Cudgel Fire\n|-activate|p2a: \u9a82\u8c01\u542b\u5251|move: Protect\n|move|p2b: \u733f\u795e\uff01\u542f\u52a8\uff01|Wood Hammer|p1b: Regieleki\n|-damage|p1b: Regieleki|0 fnt\n|faint|p1b: Regieleki\n|-damage|p2b: \u733f\u795e\uff01\u542f\u52a8\uff01|65/100|[from] Recoil\n|\n|-heal|p1a: Ogerpon|60/100|[from] Grassy Terrain\n|-heal|p2b: \u733f\u795e\uff01\u542f\u52a8\uff01|71/100|[from] Grassy Terrain\n|upkeep\n|\n|t:|1774171245\n|switch|p1b: Miraidon|Miraidon, L50|100/100\n|-fieldstart|move: Electric Terrain|[from] ability: Hadron Engine|[of] p1b: Miraidon\n|turn|3\n|\n|t:|1774171254\n|switch|p2b: \u731b\u6076\u9f13|Raging Bolt, L50|100/100\n|-terastallize|p1b: Miraidon|Fairy\n|move|p2a: \u9a82\u8c01\u542b\u5251|Behemoth Blade|p1a: Ogerpon\n|-resisted|p1a: Ogerpon\n|-damage|p1a: Ogerpon|8/100\n|move|p1b: Miraidon|Volt Switch|p2b: \u731b\u6076\u9f13\n|-resisted|p2b: \u731b\u6076\u9f13\n|-damage|p2b: \u731b\u6076\u9f13|78/100\n|\n|t:|1774171257\n|switch|p1b: Kyogre|Kyogre, L50|100/100|[from] Volt Switch\n|-weather|RainDance|[from] ability: Drizzle|[of] p1b: Kyogre\n|move|p1a: Ogerpon|Ivy Cudgel|p2a: \u9a82\u8c01\u542b\u5251|[anim] Ivy Cudgel Fire\n|-supereffective|p2a: \u9a82\u8c01\u542b\u5251\n|-damage|p2a: \u9a82\u8c01\u542b\u5251|47/100\n|\n|-weather|RainDance|[upkeep]\n|upkeep\n|turn|4\n|j| Jerald Jimes\n|\n|t:|1774171272\n|move|p2b: \u731b\u6076\u9f13|Protect|p2b: \u731b\u6076\u9f13\n|-singleturn|p2b: \u731b\u6076\u9f13|Protect\n|move|p1a: Ogerpon|Follow Me|p1a: Ogerpon\n|-singleturn|p1a: Ogerpon|move: Follow Me\n|move|p1b: Kyogre|Water Spout|p2a: \u9a82\u8c01\u542b\u5251|[spread] p2a\n|-activate|p2b: \u731b\u6076\u9f13|move: Protect\n|-damage|p2a: \u9a82\u8c01\u542b\u5251|0 fnt\n|faint|p2a: \u9a82\u8c01\u542b\u5251\n|\n|-weather|RainDance|[upkeep]\n|upkeep\n|\n|t:|1774171279\n|switch|p2a: \u6545\u5927\u5305\u52d2|Koraidon, L50|100/100\n|-weather|SunnyDay|[from] ability: Orichalcum Pulse|[of] p2a: \u6545\u5927\u5305\u52d2\n|-activate|p2b: \u731b\u6076\u9f13|ability: Protosynthesis\n|-start|p2b: \u731b\u6076\u9f13|protosynthesisspa\n|-activate|p2a: \u6545\u5927\u5305\u52d2|Orichalcum Pulse|[source]\n|turn|5\n|\n|t:|1774171294\n|switch|p1b: Miraidon|Miraidon, L50, tera:Fairy|100/100\n|-activate|p1b: Miraidon|ability: Hadron Engine\n|move|p1a: Ogerpon|Spiky Shield|p1a: Ogerpon\n|-singleturn|p1a: Ogerpon|move: Protect\n|move|p2a: \u6545\u5927\u5305\u52d2|Flame Charge|p1a: Ogerpon\n|-activate|p1a: Ogerpon|move: Protect\n|-damage|p2a: \u6545\u5927\u5305\u52d2|88/100|[from] Spiky Shield|[of] p1a: Ogerpon\n|move|p2b: \u731b\u6076\u9f13|Thunderbolt|p1b: Miraidon\n|-damage|p1b: Miraidon|5/100\n|-damage|p2b: \u731b\u6076\u9f13|69/100|[from] item: Life Orb\n|\n|-weather|SunnyDay|[upkeep]\n|upkeep\n|turn|6\n|\n|t:|1774171308\n|-end|p2b: \u731b\u6076\u9f13|Protosynthesis|[silent]\n|switch|p2b: \u733f\u795e\uff01\u542f\u52a8\uff01|Rillaboom, L50, M, tera:Fire|71/100\n|-fieldstart|move: Grassy Terrain|[from] ability: Grassy Surge|[of] p2b: \u733f\u795e\uff01\u542f\u52a8\uff01\n|move|p2a: \u6545\u5927\u5305\u52d2|Protect|p2a: \u6545\u5927\u5305\u52d2\n|-singleturn|p2a: \u6545\u5927\u5305\u52d2|Protect\n|move|p1a: Ogerpon|Follow Me|p1a: Ogerpon\n|-singleturn|p1a: Ogerpon|move: Follow Me\n|move|p1b: Miraidon|Dazzling Gleam|p2b: \u733f\u795e\uff01\u542f\u52a8\uff01|[spread] p2b\n|-activate|p2a: \u6545\u5927\u5305\u52d2|move: Protect\n|-resisted|p2b: \u733f\u795e\uff01\u542f\u52a8\uff01\n|-damage|p2b: \u733f\u795e\uff01\u542f\u52a8\uff01|53/100\n|\n|-weather|SunnyDay|[upkeep]\n|-heal|p1b: Miraidon|12/100|[from] Grassy Terrain\n|-heal|p1a: Ogerpon|14/100|[from] Grassy Terrain\n|-heal|p2a: \u6545\u5927\u5305\u52d2|94/100|[from] Grassy Terrain\n|-heal|p2b: \u733f\u795e\uff01\u542f\u52a8\uff01|59/100|[from] Grassy Terrain\n|upkeep\n|turn|7\n|\n|t:|1774171318\n|switch|p1b: Kyogre|Kyogre, L50|100/100\n|-weather|RainDance|[from] ability: Drizzle|[of] p1b: Kyogre\n|move|p1a: Ogerpon|Follow Me|p1a: Ogerpon\n|-singleturn|p1a: Ogerpon|move: Follow Me\n|move|p2b: \u733f\u795e\uff01\u542f\u52a8\uff01|Grassy Glide|p1a: Ogerpon\n|-resisted|p1a: Ogerpon\n|-damage|p1a: Ogerpon|2/100\n|move|p2a: \u6545\u5927\u5305\u52d2|Flame Charge|p1a: Ogerpon\n|-crit|p1a: Ogerpon\n|-damage|p1a: Ogerpon|0 fnt\n|-boost|p2a: \u6545\u5927\u5305\u52d2|spe|1\n|faint|p1a: Ogerpon\n|\n|-weather|RainDance|[upkeep]\n|-heal|p2a: \u6545\u5927\u5305\u52d2|99/100|[from] Grassy Terrain\n|-heal|p2b: \u733f\u795e\uff01\u542f\u52a8\uff01|65/100|[from] Grassy Terrain\n|upkeep\n|\n|t:|1774171322\n|switch|p1a: Miraidon|Miraidon, L50, tera:Fairy|12/100\n|-fieldstart|move: Electric Terrain|[from] ability: Hadron Engine|[of] p1a: Miraidon\n|turn|8\n|\n|t:|1774171338\n|switch|p2b: \u731b\u6076\u9f13|Raging Bolt, L50|69/100\n|move|p2a: \u6545\u5927\u5305\u52d2|Collision Course|p1a: Miraidon\n|-resisted|p1a: Miraidon\n|-damage|p1a: Miraidon|0 fnt\n|faint|p1a: Miraidon\n|move|p1b: Kyogre|Origin Pulse|p2a: \u6545\u5927\u5305\u52d2|[spread] p2a\n|-miss|p1b: Kyogre|p2b: \u731b\u6076\u9f13\n|-resisted|p2a: \u6545\u5927\u5305\u52d2\n|-damage|p2a: \u6545\u5927\u5305\u52d2|72/100\n|\n|-weather|RainDance|[upkeep]\n|upkeep\n|turn|9\n|-message|NathanaelW19 forfeited.\n|\n|win|dasabe\u76d6\u6b27\u5361\u4fa0\n|raw|NathanaelW19's rating: 1400 &rarr; <strong>1384</strong><br />(-16 for losing)\n|raw|dasabe\u76d6\u6b27\u5361\u4fa0's rating: 1476 &rarr; <strong>1492</strong><br />(+16 for winning)\n|l|\u2606NathanaelW19\n|player|p1|\n|l| TTTAAATTT00\n|j| TTTAAATTT00\n|l| TTTAAATTT00\n|l|\u2606dasabe\u76d6\u6b27\u5361\u4fa0\n|player|p2|\n","uploadtime":1774171584,"views":11,"formatid":"gen9vgc2026regi","rating":1384,"private":0,"password":null}