{"id":"gen9vgc2026regi-2561528952","format":"[Gen 9] VGC 2026 Reg I","players":["greenlightdmp","EllenJoe2026"],"log":"|j|\u2606greenlightdmp\n|j|\u2606EllenJoe2026\n|t:|1773807435\n|gametype|doubles\n|player|p1|greenlightdmp|170|1485\n|player|p2|EllenJoe2026|102|1641\n|gen|9\n|tier|[Gen 9] VGC 2026 Reg I\n|rated|\n|rule|Species Clause: Limit one of each Pok\u00e9mon\n|rule|Item Clause: Limit 1 of each item\n|clearpoke\n|poke|p1|Calyrex-Ice, L50|\n|poke|p1|Koraidon, L50|\n|poke|p1|Rillaboom, L50, F|\n|poke|p1|Incineroar, L50, M|\n|poke|p1|Landorus, L50, M|\n|poke|p1|Flutter Mane, L50|\n|poke|p2|Calyrex-Shadow, L50|\n|poke|p2|Zamazenta-*, L50|\n|poke|p2|Incineroar, L50, F|\n|poke|p2|Rillaboom, L50, F|\n|poke|p2|Ogerpon-Cornerstone, L50, F|\n|poke|p2|Tornadus, L50, M|\n|teampreview|4\n|inactive|Battle timer is ON: inactive players will automatically lose when time's up. (requested by EllenJoe2026)\n|inactive|greenlightdmp has 60 seconds left.\n|inactive|EllenJoe2026 has 60 seconds left.\n|\n|t:|1773807481\n|teamsize|p1|4\n|teamsize|p2|4\n|start\n|switch|p1a: Flutter Mane|Flutter Mane, L50|100/100\n|switch|p1b: Koraidon|Koraidon, L50|100/100\n|switch|p2a: Zamazenta|Zamazenta-Crowned, L50, shiny|100/100\n|switch|p2b: Tornadus|Tornadus, L50, M, shiny|100/100\n|-weather|SunnyDay|[from] ability: Orichalcum Pulse|[of] p1b: Koraidon\n|-activate|p1a: Flutter Mane|ability: Protosynthesis\n|-start|p1a: Flutter Mane|protosynthesisspe\n|-activate|p1b: Koraidon|Orichalcum Pulse|[source]\n|-ability|p2a: Zamazenta|Dauntless Shield|boost\n|-boost|p2a: Zamazenta|def|1\n|turn|1\n|\n|t:|1773807506\n|switch|p1b: Landorus|Landorus, L50, M|100/100\n|move|p2b: Tornadus|Rain Dance|p2b: Tornadus\n|-weather|RainDance\n|-end|p1a: Flutter Mane|Protosynthesis\n|move|p1a: Flutter Mane|Icy Wind|p2b: Tornadus|[spread] p2a,p2b\n|-resisted|p2a: Zamazenta\n|-supereffective|p2b: Tornadus\n|-damage|p2a: Zamazenta|96/100\n|-damage|p2b: Tornadus|64/100\n|-unboost|p2a: Zamazenta|spe|1\n|-unboost|p2b: Tornadus|spe|1\n|move|p2a: Zamazenta|Heavy Slam|p1a: Flutter Mane\n|-supereffective|p1a: Flutter Mane\n|-enditem|p1a: Flutter Mane|Focus Sash\n|-damage|p1a: Flutter Mane|1/100\n|\n|-weather|RainDance|[upkeep]\n|upkeep\n|turn|2\n|inactive|EllenJoe2026 has 30 seconds left.\n|\n|t:|1773807532\n|-terastallize|p2a: Zamazenta|Grass\n|move|p1a: Flutter Mane|Protect|p1a: Flutter Mane\n|-singleturn|p1a: Flutter Mane|Protect\n|move|p1b: Landorus|Sludge Bomb|p2b: Tornadus\n|-damage|p2b: Tornadus|8/100\n|move|p2b: Tornadus|Bleakwind Storm|p1a: Flutter Mane|[spread] p1b\n|-activate|p1a: Flutter Mane|move: Protect\n|-damage|p1b: Landorus|62/100\n|-unboost|p1b: Landorus|spe|1\n|move|p2a: Zamazenta|Heavy Slam|p1b: Landorus\n|-damage|p1b: Landorus|17/100\n|\n|-weather|RainDance|[upkeep]\n|upkeep\n|turn|3\n|inactive|greenlightdmp has 30 seconds left.\n|\n|t:|1773807558\n|switch|p1b: Koraidon|Koraidon, L50|100/100\n|-weather|SunnyDay|[from] ability: Orichalcum Pulse|[of] p1b: Koraidon\n|-activate|p1a: Flutter Mane|ability: Protosynthesis\n|-start|p1a: Flutter Mane|protosynthesisspe\n|-activate|p1b: Koraidon|Orichalcum Pulse|[source]\n|move|p2b: Tornadus|Tailwind|p2b: Tornadus\n|-sidestart|p2: EllenJoe2026|move: Tailwind\n|move|p1a: Flutter Mane|Icy Wind|p2b: Tornadus|[spread] p2b\n|-miss|p1a: Flutter Mane|p2a: Zamazenta\n|-supereffective|p2b: Tornadus\n|-damage|p2b: Tornadus|0 fnt\n|faint|p2b: Tornadus\n|move|p2a: Zamazenta|Heavy Slam|p1a: Flutter Mane\n|-supereffective|p1a: Flutter Mane\n|-damage|p1a: Flutter Mane|0 fnt\n|faint|p1a: Flutter Mane\n|-end|p1a: Flutter Mane|Protosynthesis|[silent]\n|\n|-weather|SunnyDay|[upkeep]\n|upkeep\n|\n|t:|1773807580\n|switch|p1a: Rillaboom|Rillaboom, L50, F|100/100\n|switch|p2b: Calyrex|Calyrex-Shadow, L50|100/100\n|-ability|p2b: Calyrex|As One\n|-ability|p2b: Calyrex|Unnerve\n|-fieldstart|move: Grassy Terrain|[from] ability: Grassy Surge|[of] p1a: Rillaboom\n|turn|4\n|\n|t:|1773807603\n|move|p1b: Koraidon|Protect|p1b: Koraidon\n|-singleturn|p1b: Koraidon|Protect\n|move|p2b: Calyrex|Astral Barrage|p1a: Rillaboom|[spread] p1a\n|-activate|p1b: Koraidon|move: Protect\n|-damage|p1a: Rillaboom|52/100\n|move|p2a: Zamazenta|Body Press|p1b: Koraidon\n|-activate|p1b: Koraidon|move: Protect\n|move|p1a: Rillaboom|Wood Hammer|p2b: Calyrex\n|-damage|p2b: Calyrex|28/100\n|-damage|p1a: Rillaboom|30/100|[from] Recoil\n|\n|-weather|SunnyDay|[upkeep]\n|-heal|p2b: Calyrex|35/100|[from] Grassy Terrain\n|-heal|p2a: Zamazenta|100/100|[from] Grassy Terrain\n|-heal|p1a: Rillaboom|36/100|[from] Grassy Terrain\n|upkeep\n|turn|5\n|inactive|greenlightdmp has 30 seconds left.\n|\n|t:|1773807630\n|switch|p2b: Incineroar|Incineroar, L50, F, shiny|100/100\n|-ability|p2b: Incineroar|Intimidate|boost\n|-unboost|p1a: Rillaboom|atk|1\n|-fail|p1b: Koraidon|unboost|[from] item: Clear Amulet|[of] p1b: Koraidon\n|-terastallize|p1b: Koraidon|Fire\n|move|p1a: Rillaboom|Grassy Glide|p2b: Incineroar\n|-resisted|p2b: Incineroar\n|-damage|p2b: Incineroar|93/100\n|move|p2a: Zamazenta|Body Press|p1b: Koraidon\n|-crit|p1b: Koraidon\n|-damage|p1b: Koraidon|15/100\n|move|p1b: Koraidon|Flame Charge|p2a: Zamazenta\n|-supereffective|p2a: Zamazenta\n|-damage|p2a: Zamazenta|46/100\n|-boost|p1b: Koraidon|spe|1\n|\n|-weather|SunnyDay|[upkeep]\n|-heal|p1b: Koraidon|21/100|[from] Grassy Terrain\n|-heal|p2a: Zamazenta|52/100|[from] Grassy Terrain\n|-heal|p2b: Incineroar|99/100|[from] Grassy Terrain\n|-heal|p1a: Rillaboom|42/100|[from] Grassy Terrain\n|upkeep\n|turn|6\n|inactive|greenlightdmp has 30 seconds left.\n|inactive|EllenJoe2026 has 30 seconds left.\n|inactive|EllenJoe2026 has 20 seconds left.\n|\n|t:|1773807667\n|switch|p2b: Calyrex|Calyrex-Shadow, L50|35/100\n|-ability|p2b: Calyrex|As One\n|-ability|p2b: Calyrex|Unnerve\n|move|p1b: Koraidon|Protect|p1b: Koraidon\n|-singleturn|p1b: Koraidon|Protect\n|move|p2a: Zamazenta|Body Press|p1a: Rillaboom\n|-damage|p1a: Rillaboom|0 fnt\n|faint|p1a: Rillaboom\n|\n|-weather|SunnyDay|[upkeep]\n|-heal|p2b: Calyrex|41/100|[from] Grassy Terrain\n|-heal|p1b: Koraidon|27/100|[from] Grassy Terrain\n|-heal|p2a: Zamazenta|58/100|[from] Grassy Terrain\n|-sideend|p2: EllenJoe2026|move: Tailwind\n|upkeep\n|\n|t:|1773807677\n|switch|p1a: Landorus|Landorus, L50, M|17/100\n|turn|7\n|\n|t:|1773807695\n|move|p1b: Koraidon|Flame Charge|p2b: Calyrex\n|-damage|p2b: Calyrex|0 fnt\n|-boost|p1b: Koraidon|spe|1\n|faint|p2b: Calyrex\n|move|p1a: Landorus|Sludge Bomb|p2a: Zamazenta\n|-supereffective|p2a: Zamazenta\n|-damage|p2a: Zamazenta|0 fnt\n|faint|p2a: Zamazenta\n|\n|-weather|none\n|-heal|p1b: Koraidon|33/100|[from] Grassy Terrain\n|upkeep\n|-message|EllenJoe2026 forfeited.\n|\n|win|greenlightdmp\n|raw|greenlightdmp's rating: 1485 &rarr; <strong>1513</strong><br />(+28 for winning)\n|raw|EllenJoe2026's rating: 1641 &rarr; <strong>1613</strong><br />(-28 for losing)\n|l|\u2606EllenJoe2026\n|player|p2|\n|l|\u2606greenlightdmp\n|player|p1|\n","uploadtime":1773807705,"views":17,"formatid":"gen9vgc2026regi","rating":1513,"private":0,"password":null}