{"id":"gen9vgc2026regi-2589254173","format":"[Gen 9] VGC 2026 Reg I","players":["nosoyfiru","wasaad5"],"log":"|j|\u2606nosoyfiru\n|j|\u2606wasaad5\n|t:|1776709623\n|gametype|doubles\n|player|p1|nosoyfiru|workerice|1363\n|player|p2|wasaad5|blue|1325\n|gen|9\n|tier|[Gen 9] VGC 2026 Reg I\n|rated|\n|rule|Species Clause: Limit one of each Pok\u00e9mon\n|rule|Item Clause: Limit 1 of each item\n|clearpoke\n|poke|p1|Zacian-*, L50|\n|poke|p1|Koraidon, L50|\n|poke|p1|Chien-Pao, L50|\n|poke|p1|Ogerpon-Cornerstone, L50, F|\n|poke|p1|Thundurus, L50, M|\n|poke|p1|Walking Wake, L50|\n|poke|p2|Kyurem-White, L50|\n|poke|p2|Zacian-*, L50|\n|poke|p2|Ogerpon-Wellspring, L50, F|\n|poke|p2|Urshifu-*, L50, F|\n|poke|p2|Amoonguss, L50, M|\n|poke|p2|Incineroar, L50, F|\n|teampreview|4\n|inactive|Battle timer is ON: inactive players will automatically lose when time's up. (requested by nosoyfiru)\n|\n|t:|1776709675\n|teamsize|p1|4\n|teamsize|p2|4\n|start\n|switch|p1a: Chien-Pao|Chien-Pao, L50|100/100\n|switch|p1b: Zacian|Zacian-Crowned, L50|100/100\n|switch|p2a: Incineroar|Incineroar, L50, F|100/100\n|switch|p2b: Kyurem|Kyurem-White, L50, shiny|100/100\n|-ability|p1b: Zacian|Intrepid Sword|boost\n|-boost|p1b: Zacian|atk|1\n|-ability|p1a: Chien-Pao|Sword of Ruin\n|-ability|p2b: Kyurem|Turboblaze\n|-ability|p2a: Incineroar|Intimidate|boost\n|-unboost|p1a: Chien-Pao|atk|1\n|-unboost|p1b: Zacian|atk|1\n|turn|1\n|inactive|nosoyfiru has 30 seconds left.\n|inactive|wasaad5 has 30 seconds left.\n|inactive|nosoyfiru has 20 seconds left.\n|inactive|nosoyfiru has 15 seconds left.\n|inactive|nosoyfiru has 10 seconds left.\n|inactive|nosoyfiru has 5 seconds left.\n|\n|t:|1776709729\n|-terastallize|p2b: Kyurem|Fire\n|move|p1a: Chien-Pao|Protect|p1a: Chien-Pao\n|-singleturn|p1a: Chien-Pao|Protect\n|move|p2a: Incineroar|Fake Out|p1a: Chien-Pao\n|-activate|p1a: Chien-Pao|move: Protect\n|move|p1b: Zacian|Play Rough|p2b: Kyurem\n|-resisted|p2b: Kyurem\n|-damage|p2b: Kyurem|66/100\n|-unboost|p2b: Kyurem|atk|1\n|move|p2b: Kyurem|Fusion Flare|p1b: Zacian\n|-supereffective|p1b: Zacian\n|-damage|p1b: Zacian|0 fnt\n|faint|p1b: Zacian\n|-damage|p2b: Kyurem|56/100|[from] item: Life Orb\n|\n|upkeep\n|\n|t:|1776709748\n|switch|p1b: Walking Wake|Walking Wake, L50|100/100\n|turn|2\n|\n|t:|1776709762\n|-terastallize|p1b: Walking Wake|Water\n|move|p2b: Kyurem|Protect|p2b: Kyurem\n|-singleturn|p2b: Kyurem|Protect\n|move|p1a: Chien-Pao|Icicle Crash|p2b: Kyurem\n|-activate|p2b: Kyurem|move: Protect\n|move|p1b: Walking Wake|Hydro Steam|p2a: Incineroar\n|-supereffective|p2a: Incineroar\n|-damage|p2a: Incineroar|23/100\n|-damage|p1b: Walking Wake|91/100|[from] item: Life Orb\n|move|p2a: Incineroar|U-turn|p1a: Chien-Pao\n|-supereffective|p1a: Chien-Pao\n|-damage|p1a: Chien-Pao|48/100\n|\n|t:|1776709776\n|switch|p2a: Amoonguss|Amoonguss, L50, M|100/100|[from] U-turn\n|\n|upkeep\n|turn|3\n|inactive|wasaad5 has 30 seconds left.\n|inactive|wasaad5 has 20 seconds left.\n|\n|t:|1776709812\n|switch|p2b: Incineroar|Incineroar, L50, F|23/100\n|-ability|p2b: Incineroar|Intimidate|boost\n|-unboost|p1a: Chien-Pao|atk|1\n|-unboost|p1b: Walking Wake|atk|1\n|move|p1a: Chien-Pao|Icicle Crash|p2a: Amoonguss\n|-supereffective|p2a: Amoonguss\n|-damage|p2a: Amoonguss|30/100\n|-enditem|p2a: Amoonguss|Sitrus Berry|[eat]\n|-heal|p2a: Amoonguss|55/100|[from] item: Sitrus Berry\n|move|p1b: Walking Wake|Hydro Steam|p2b: Incineroar\n|-supereffective|p2b: Incineroar\n|-damage|p2b: Incineroar|0 fnt\n|faint|p2b: Incineroar\n|-damage|p1b: Walking Wake|81/100|[from] item: Life Orb\n|move|p2a: Amoonguss|Spore|p1b: Walking Wake\n|-status|p1b: Walking Wake|slp|[from] move: Spore\n|\n|upkeep\n|\n|t:|1776709829\n|switch|p2b: Zacian|Zacian-Crowned, L50|100/100\n|-ability|p2b: Zacian|Intrepid Sword|boost\n|-boost|p2b: Zacian|atk|1\n|turn|4\n|\n|t:|1776709847\n|move|p2b: Zacian|Behemoth Blade|p1a: Chien-Pao\n|-supereffective|p1a: Chien-Pao\n|-damage|p1a: Chien-Pao|0 fnt\n|faint|p1a: Chien-Pao\n|cant|p1b: Walking Wake|slp\n|move|p2a: Amoonguss|Sludge Bomb|p1b: Walking Wake\n|-damage|p1b: Walking Wake|46/100 slp\n|\n|upkeep\n|\n|t:|1776709851\n|switch|p1a: Koraidon|Koraidon, L50|100/100\n|-weather|SunnyDay|[from] ability: Orichalcum Pulse|[of] p1a: Koraidon\n|-activate|p1b: Walking Wake|ability: Protosynthesis\n|-start|p1b: Walking Wake|protosynthesisspe\n|-activate|p1a: Koraidon|Orichalcum Pulse|[source]\n|turn|5\n|\n|t:|1776709868\n|move|p2a: Amoonguss|Rage Powder|p2a: Amoonguss\n|-singleturn|p2a: Amoonguss|move: Rage Powder\n|cant|p1b: Walking Wake|slp\n|move|p2b: Zacian|Play Rough|p1a: Koraidon\n|-supereffective|p1a: Koraidon\n|-crit|p1a: Koraidon\n|-damage|p1a: Koraidon|0 fnt\n|faint|p1a: Koraidon\n|\n|-weather|SunnyDay|[upkeep]\n|upkeep\n|turn|6\n|-message|nosoyfiru forfeited.\n|\n|win|wasaad5\n|raw|nosoyfiru's rating: 1363 &rarr; <strong>1341</strong><br />(-22 for losing)\n|raw|wasaad5's rating: 1325 &rarr; <strong>1347</strong><br />(+22 for winning)\n|l|\u2606nosoyfiru\n|player|p1|\n|l|\u2606wasaad5\n|player|p2|\n","uploadtime":1776710140,"views":6,"formatid":"gen9vgc2026regi","rating":1341,"private":0,"password":null}