{"id":"gen9vgc2026regi-2543389782","format":"[Gen 9] VGC 2026 Reg I","players":["inb_178","Wumu&Ida312"],"log":"|j|\u2606inb_178\n|j|\u2606Wumu&Ida312\n|t:|1771564570\n|gametype|doubles\n|player|p1|inb_178|102|1327\n|player|p2|Wumu&Ida312|lillie-z|1342\n|gen|9\n|tier|[Gen 9] VGC 2026 Reg I\n|rated|\n|rule|Species Clause: Limit one of each Pok\u00e9mon\n|rule|Item Clause: Limit 1 of each item\n|clearpoke\n|poke|p1|Miraidon, L50|\n|poke|p1|Groudon, L50|\n|poke|p1|Incineroar, L50, F|\n|poke|p1|Sneasler, L50, F|\n|poke|p1|Walking Wake, L50|\n|poke|p1|Ogerpon-Cornerstone, L50, F|\n|poke|p2|Calyrex-Shadow, L50|\n|poke|p2|Zamazenta-*, L50|\n|poke|p2|Chien-Pao, L50|\n|poke|p2|Dragonite, L50, F|\n|poke|p2|Amoonguss, L50, M|\n|poke|p2|Ogerpon-Cornerstone, L50, F|\n|teampreview|4\n|\n|t:|1771564594\n|teamsize|p1|4\n|teamsize|p2|4\n|start\n|switch|p1a: Miraidon|Miraidon, L50|100/100\n|switch|p1b: Sneasler|Sneasler, L50, F|100/100\n|switch|p2a: Chien-Pao|Chien-Pao, L50|100/100\n|switch|p2b: Dragonite|Dragonite, L50, F|100/100\n|-ability|p2a: Chien-Pao|Sword of Ruin\n|-fieldstart|move: Electric Terrain|[from] ability: Hadron Engine|[of] p1a: Miraidon\n|-enditem|p1b: Sneasler|Electric Seed\n|-boost|p1b: Sneasler|def|1|[from] item: Electric Seed\n|turn|1\n|\n|t:|1771564630\n|-terastallize|p2a: Chien-Pao|Ghost\n|-terastallize|p1a: Miraidon|Electric\n|move|p1b: Sneasler|Protect|p1b: Sneasler\n|-singleturn|p1b: Sneasler|Protect\n|move|p2b: Dragonite|Extreme Speed|p1b: Sneasler\n|-activate|p1b: Sneasler|move: Protect\n|move|p2a: Chien-Pao|Ice Spinner|p1a: Miraidon\n|-damage|p1a: Miraidon|59/100\n|-fieldend|move: Electric Terrain\n|move|p1a: Miraidon|Electro Drift|p2b: Dragonite\n|-crit|p2b: Dragonite\n|-damage|p2b: Dragonite|0 fnt\n|faint|p2b: Dragonite\n|\n|upkeep\n|\n|t:|1771564648\n|switch|p2b: Calyrex|Calyrex-Shadow, L50|100/100\n|-ability|p2b: Calyrex|As One\n|-ability|p2b: Calyrex|Unnerve\n|turn|2\n|\n|t:|1771564672\n|move|p2b: Calyrex|Protect|p2b: Calyrex\n|-singleturn|p2b: Calyrex|Protect\n|move|p1b: Sneasler|Throat Chop|p2b: Calyrex\n|-activate|p2b: Calyrex|move: Protect\n|move|p2a: Chien-Pao|Ice Spinner|p1a: Miraidon\n|-damage|p1a: Miraidon|22/100\n|move|p1a: Miraidon|Volt Switch|p2b: Calyrex\n|-activate|p2b: Calyrex|move: Protect\n|\n|upkeep\n|turn|3\n|\n|t:|1771564695\n|switch|p2b: Zamazenta|Zamazenta-Crowned, L50|100/100\n|-ability|p2b: Zamazenta|Dauntless Shield|boost\n|-boost|p2b: Zamazenta|def|1\n|switch|p1a: Groudon|Groudon, L50|100/100\n|-weather|SunnyDay|[from] ability: Drought|[of] p1a: Groudon\n|move|p2a: Chien-Pao|Sucker Punch||[still]\n|-fail|p2a: Chien-Pao\n|move|p1b: Sneasler|Low Kick|p2b: Zamazenta\n|-supereffective|p2b: Zamazenta\n|-damage|p2b: Zamazenta|31/100\n|\n|-weather|SunnyDay|[upkeep]\n|upkeep\n|turn|4\n|\n|t:|1771564734\n|move|p2b: Zamazenta|Protect|p2b: Zamazenta\n|-singleturn|p2b: Zamazenta|Protect\n|move|p1b: Sneasler|Throat Chop|p2a: Chien-Pao\n|-supereffective|p2a: Chien-Pao\n|-damage|p2a: Chien-Pao|37/100\n|-start|p2a: Chien-Pao|Throat Chop|[silent]\n|move|p2a: Chien-Pao|Ruination|p1b: Sneasler\n|-damage|p1b: Sneasler|51/100\n|move|p1a: Groudon|Precipice Blades|p2b: Zamazenta|[spread] p2a\n|-activate|p2b: Zamazenta|move: Protect\n|-damage|p2a: Chien-Pao|0 fnt\n|faint|p2a: Chien-Pao\n|\n|-weather|SunnyDay|[upkeep]\n|upkeep\n|\n|t:|1771564741\n|switch|p2a: Calyrex|Calyrex-Shadow, L50|100/100\n|-ability|p2a: Calyrex|As One\n|-ability|p2a: Calyrex|Unnerve\n|turn|5\n|\n|t:|1771564765\n|move|p1b: Sneasler|Protect|p1b: Sneasler\n|-singleturn|p1b: Sneasler|Protect\n|move|p2b: Zamazenta|Wide Guard|p2b: Zamazenta\n|-singleturn|p2b: Zamazenta|Wide Guard\n|move|p2a: Calyrex|Psychic|p1b: Sneasler\n|-activate|p1b: Sneasler|move: Protect\n|move|p1a: Groudon|Heat Crash|p2a: Calyrex\n|-damage|p2a: Calyrex|8/100\n|\n|-weather|SunnyDay|[upkeep]\n|upkeep\n|turn|6\n|-message|Wumu&Ida312 forfeited.\n|\n|win|inb_178\n|raw|inb_178's rating: 1327 &rarr; <strong>1348</strong><br />(+21 for winning)\n|raw|Wumu&amp;Ida312's rating: 1342 &rarr; <strong>1321</strong><br />(-21 for losing)\n|l|\u2606Wumu&Ida312\n|player|p2|\n|l|\u2606inb_178\n|player|p1|\n","uploadtime":1771564981,"views":13,"formatid":"gen9vgc2026regi","rating":1321,"private":0,"password":null}