{"id":"gen9vgc2026regi-2549472990","format":"[Gen 9] VGC 2026 Reg I","players":["kojimuranishi","lyth48"],"log":"|j|\u2606kojimuranishi\n|j|\u2606lyth48\n|t:|1772373017\n|gametype|doubles\n|player|p1|kojimuranishi|102|1261\n|player|p2|lyth48|lady-gen4|1183\n|gen|9\n|tier|[Gen 9] VGC 2026 Reg I\n|rated|\n|rule|Species Clause: Limit one of each Pok\u00e9mon\n|rule|Item Clause: Limit 1 of each item\n|clearpoke\n|poke|p1|Raging Bolt, L50|\n|poke|p1|Calyrex-Ice, L50|\n|poke|p1|Kyogre, L50|\n|poke|p1|Indeedee-F, L50, F|\n|poke|p1|Ursaluna, L50, F|\n|poke|p1|Torkoal, L50, F|\n|poke|p2|Calyrex-Ice, L50|\n|poke|p2|Dewgong, L50, F|\n|poke|p2|Piloswine, L50, F|\n|poke|p2|Chien-Pao, L50|\n|poke|p2|Ninetales-Alola, L50, M|\n|poke|p2|Articuno, L50|\n|teampreview|4\n|inactive|Battle timer is ON: inactive players will automatically lose when time's up. (requested by kojimuranishi)\n|\n|t:|1772373046\n|teamsize|p1|4\n|teamsize|p2|4\n|start\n|switch|p1a: Calyrex|Calyrex-Ice, L50|100/100\n|switch|p1b: Torkoal|Torkoal, L50, F|100/100\n|switch|p2a: Dewgong|Dewgong, L50, F|100/100\n|switch|p2b: Chien-Pao|Chien-Pao, L50|100/100\n|-ability|p1a: Calyrex|As One\n|-ability|p1a: Calyrex|Unnerve\n|-ability|p2b: Chien-Pao|Sword of Ruin\n|-weather|SunnyDay|[from] ability: Drought|[of] p1b: Torkoal\n|turn|1\n|\n|t:|1772373070\n|move|p1a: Calyrex|Protect|p1a: Calyrex\n|-singleturn|p1a: Calyrex|Protect\n|move|p2a: Dewgong|Fake Out|p1b: Torkoal\n|-damage|p1b: Torkoal|94/100\n|move|p2b: Chien-Pao|Sacred Sword|p1b: Torkoal\n|-damage|p1b: Torkoal|56/100\n|-damage|p2b: Chien-Pao|91/100|[from] item: Life Orb\n|cant|p1b: Torkoal|flinch\n|\n|-weather|SunnyDay|[upkeep]\n|upkeep\n|turn|2\n|inactive|kojimuranishi has 30 seconds left.\n|\n|t:|1772373098\n|move|p2b: Chien-Pao|Protect|p2b: Chien-Pao\n|-singleturn|p2b: Chien-Pao|Protect\n|move|p2a: Dewgong|Encore|p1a: Calyrex\n|-start|p1a: Calyrex|Encore\n|move|p1b: Torkoal|Weather Ball|p2b: Chien-Pao\n|-activate|p2b: Chien-Pao|move: Protect\n|move|p1a: Calyrex|Protect||[still]\n|-fail|p1a: Calyrex\n|\n|-weather|SunnyDay|[upkeep]\n|upkeep\n|turn|3\n|\n|t:|1772373115\n|switch|p1a: Ursaluna|Ursaluna, L50, F|100/100\n|move|p2b: Chien-Pao|Sacred Sword|p1b: Torkoal\n|-damage|p1b: Torkoal|13/100\n|-damage|p2b: Chien-Pao|81/100|[from] item: Life Orb\n|move|p2a: Dewgong|Disable|p1b: Torkoal\n|-start|p1b: Torkoal|Disable|Weather Ball\n|cant|p1b: Torkoal|Disable|Weather Ball\n|\n|-weather|SunnyDay|[upkeep]\n|-status|p1a: Ursaluna|brn|[from] item: Flame Orb\n|upkeep\n|turn|4\n|inactive|kojimuranishi has 30 seconds left.\n|\n|t:|1772373146\n|switch|p1b: Kyogre|Kyogre, L50|100/100\n|-weather|RainDance|[from] ability: Drizzle|[of] p1b: Kyogre\n|-terastallize|p1a: Ursaluna|Ghost\n|move|p2b: Chien-Pao|Icicle Crash|p1a: Ursaluna\n|-damage|p1a: Ursaluna|46/100 brn\n|-damage|p2b: Chien-Pao|72/100|[from] item: Life Orb\n|move|p2a: Dewgong|Muddy Water|p1b: Kyogre|[spread] p1a,p1b\n|-resisted|p1b: Kyogre\n|-damage|p1a: Ursaluna|19/100 brn\n|-damage|p1b: Kyogre|91/100\n|cant|p1a: Ursaluna|flinch\n|\n|-weather|RainDance|[upkeep]\n|-damage|p1a: Ursaluna|13/100 brn|[from] brn\n|upkeep\n|turn|5\n|inactive|lyth48 has 30 seconds left.\n|\n|t:|1772373178\n|move|p2b: Chien-Pao|Protect|p2b: Chien-Pao\n|-singleturn|p2b: Chien-Pao|Protect\n|move|p1a: Ursaluna|Protect|p1a: Ursaluna\n|-singleturn|p1a: Ursaluna|Protect\n|move|p1b: Kyogre|Water Spout|p2a: Dewgong|[spread] p2a\n|-activate|p2b: Chien-Pao|move: Protect\n|-resisted|p2a: Dewgong\n|-damage|p2a: Dewgong|55/100\n|move|p2a: Dewgong|Muddy Water|p1b: Kyogre|[spread] p1b\n|-activate|p1a: Ursaluna|move: Protect\n|-resisted|p1b: Kyogre\n|-damage|p1b: Kyogre|81/100\n|\n|-weather|RainDance|[upkeep]\n|-heal|p2a: Dewgong|61/100|[from] item: Leftovers\n|-damage|p1a: Ursaluna|7/100 brn|[from] brn\n|upkeep\n|turn|6\n|inactive|kojimuranishi has 30 seconds left.\n|inactive|lyth48 has 30 seconds left.\n|\n|t:|1772373211\n|move|p1b: Kyogre|Water Spout|p2b: Chien-Pao|[spread] p2a,p2b\n|-resisted|p2a: Dewgong\n|-damage|p2a: Dewgong|25/100\n|-damage|p2b: Chien-Pao|0 fnt\n|faint|p2b: Chien-Pao\n|move|p2a: Dewgong|Muddy Water|p1b: Kyogre|[spread] p1a\n|-miss|p2a: Dewgong|p1b: Kyogre\n|-damage|p1a: Ursaluna|0 fnt\n|faint|p1a: Ursaluna\n|\n|-weather|RainDance|[upkeep]\n|-heal|p2a: Dewgong|31/100|[from] item: Leftovers\n|upkeep\n|\n|t:|1772373224\n|switch|p2b: Calyrex|Calyrex-Ice, L50|100/100\n|switch|p1a: Calyrex|Calyrex-Ice, L50|100/100\n|-ability|p2b: Calyrex|As One\n|-ability|p2b: Calyrex|Unnerve\n|-ability|p1a: Calyrex|As One\n|-ability|p1a: Calyrex|Unnerve\n|turn|7\n|\n|t:|1772373236\n|switch|p2a: Piloswine|Piloswine, L50, F|100/100\n|-terastallize|p2b: Calyrex|Water\n|move|p1b: Kyogre|Water Spout|p2b: Calyrex|[spread] p2a,p2b\n|-supereffective|p2a: Piloswine\n|-resisted|p2b: Calyrex\n|-damage|p2a: Piloswine|0 fnt\n|-damage|p2b: Calyrex|72/100\n|faint|p2a: Piloswine\n|move|p2b: Calyrex|Glacial Lance|p1a: Calyrex|[spread] p1a,p1b\n|-resisted|p1a: Calyrex\n|-resisted|p1b: Kyogre\n|-damage|p1a: Calyrex|84/100\n|-damage|p1b: Kyogre|47/100\n|move|p1a: Calyrex|Leech Seed|p2b: Calyrex\n|-start|p2b: Calyrex|move: Leech Seed\n|\n|-weather|RainDance|[upkeep]\n|-heal|p1a: Calyrex|90/100|[from] item: Leftovers\n|-damage|p2b: Calyrex|60/100|[from] Leech Seed|[of] p1a: Calyrex\n|-heal|p1a: Calyrex|100/100|[silent]\n|upkeep\n|\n|t:|1772373251\n|switch|p2a: Dewgong|Dewgong, L50, F|31/100\n|turn|8\n|\n|t:|1772373258\n|switch|p1b: Torkoal|Torkoal, L50, F|13/100\n|-weather|SunnyDay|[from] ability: Drought|[of] p1b: Torkoal\n|move|p2a: Dewgong|Fake Out|p1b: Torkoal\n|-damage|p1b: Torkoal|8/100\n|move|p2b: Calyrex|Glacial Lance|p1b: Torkoal|[spread] p1a,p1b\n|-resisted|p1a: Calyrex\n|-resisted|p1b: Torkoal\n|-damage|p1a: Calyrex|83/100\n|-damage|p1b: Torkoal|0 fnt\n|faint|p1b: Torkoal\n|-ability|p2b: Calyrex|Chilling Neigh|boost\n|-boost|p2b: Calyrex|atk|1\n|move|p1a: Calyrex|Leech Seed|p2a: Dewgong\n|-start|p2a: Dewgong|move: Leech Seed\n|\n|-weather|SunnyDay|[upkeep]\n|-heal|p2a: Dewgong|37/100|[from] item: Leftovers\n|-heal|p1a: Calyrex|88/100|[from] item: Leftovers\n|-damage|p2a: Dewgong|24/100|[from] Leech Seed|[of] p1a: Calyrex\n|-heal|p1a: Calyrex|99/100|[silent]\n|-damage|p2b: Calyrex|47/100|[from] Leech Seed|[of] p1a: Calyrex\n|-heal|p1a: Calyrex|100/100|[silent]\n|upkeep\n|\n|t:|1772373279\n|switch|p1b: Kyogre|Kyogre, L50|47/100\n|-weather|RainDance|[from] ability: Drizzle|[of] p1b: Kyogre\n|turn|9\n|\n|t:|1772373292\n|move|p1b: Kyogre|Thunder|p2b: Calyrex\n|-supereffective|p2b: Calyrex\n|-damage|p2b: Calyrex|0 fnt\n|faint|p2b: Calyrex\n|move|p2a: Dewgong|Muddy Water|p1a: Calyrex|[spread] p1a,p1b\n|-resisted|p1b: Kyogre\n|-damage|p1a: Calyrex|87/100\n|-damage|p1b: Kyogre|36/100\n|-unboost|p1a: Calyrex|accuracy|1\n|move|p1a: Calyrex|Glacial Lance|p2a: Dewgong\n|-resisted|p2a: Dewgong\n|-damage|p2a: Dewgong|6/100\n|\n|-weather|RainDance|[upkeep]\n|-heal|p2a: Dewgong|12/100|[from] item: Leftovers\n|-heal|p1a: Calyrex|93/100|[from] item: Leftovers\n|-damage|p2a: Dewgong|0 fnt|[from] Leech Seed|[of] p1a: Calyrex\n|-heal|p1a: Calyrex|100/100|[silent]\n|faint|p2a: Dewgong\n|\n|win|kojimuranishi\n|raw|kojimuranishi's rating: 1261 &rarr; <strong>1280</strong><br />(+19 for winning)\n|raw|lyth48's rating: 1183 &rarr; <strong>1164</strong><br />(-19 for losing)\n|l|\u2606lyth48\n|player|p2|\n|l|\u2606kojimuranishi\n|player|p1|\n","uploadtime":1772373436,"views":18,"formatid":"gen9vgc2026regi","rating":1164,"private":0,"password":null}