{"id":"gen9vgc2026regi-2579546142","format":"[Gen 9] VGC 2026 Reg I","players":["SteXe36","jpto5"],"log":"|j|\u2606SteXe36\n|j|\u2606jpto5\n|t:|1775795448\n|gametype|doubles\n|player|p1|SteXe36|101|1282\n|player|p2|jpto5|170|1399\n|gen|9\n|tier|[Gen 9] VGC 2026 Reg I\n|rated|\n|rule|Species Clause: Limit one of each Pok\u00e9mon\n|rule|Item Clause: Limit 1 of each item\n|clearpoke\n|poke|p1|Weezing, L50, F|\n|poke|p1|Calyrex-Shadow, L50|\n|poke|p1|Roaring Moon, L50|\n|poke|p1|Kyogre, L50|\n|poke|p1|Ogerpon-Wellspring, L50, F|\n|poke|p1|Zapdos, L50|\n|poke|p2|Tornadus, L50, M|\n|poke|p2|Kyogre, L50|\n|poke|p2|Zacian-*, L50|\n|poke|p2|Basculegion, L50, M|\n|poke|p2|Incineroar, L50, M|\n|poke|p2|Archaludon, L50, F|\n|teampreview|4\n|inactive|Battle timer is ON: inactive players will automatically lose when time's up. (requested by SteXe36)\n|inactive|jpto5 also wants the timer to be on.\n|inactive|SteXe36 has 60 seconds left.\n|inactive|jpto5 has 60 seconds left.\n|\n|t:|1775795486\n|teamsize|p1|4\n|teamsize|p2|4\n|start\n|switch|p1a: Weezing|Weezing, L50, F|100/100\n|switch|p1b: Calyrex|Calyrex-Shadow, L50|100/100\n|switch|p2a: Tornadus|Tornadus, L50, M|100/100\n|switch|p2b: Zacian|Zacian-Crowned, L50|100/100\n|-ability|p1a: Weezing|Neutralizing Gas\n|-ability|p1b: Calyrex|As One\n|-ability|p1b: Calyrex|Unnerve\n|turn|1\n|\n|t:|1775795501\n|move|p1b: Calyrex|Astral Barrage|p2b: Zacian|[spread] p2a,p2b\n|-damage|p2a: Tornadus|25/100\n|-damage|p2b: Zacian|48/100\n|move|p2b: Zacian|Behemoth Blade|p1b: Calyrex\n|-damage|p1b: Calyrex|16/100\n|move|p2a: Tornadus|Tailwind|p2a: Tornadus\n|-sidestart|p2: jpto5|move: Tailwind\n|move|p1a: Weezing|Will-O-Wisp|p2b: Zacian\n|-status|p2b: Zacian|brn\n|\n|-damage|p2b: Zacian|42/100 brn|[from] brn\n|upkeep\n|turn|2\n|\n|t:|1775795524\n|move|p1b: Calyrex|Protect|p1b: Calyrex\n|-singleturn|p1b: Calyrex|Protect\n|move|p2b: Zacian|Behemoth Blade|p1b: Calyrex\n|-activate|p1b: Calyrex|move: Protect\n|move|p2a: Tornadus|Taunt|p1a: Weezing\n|-start|p1a: Weezing|move: Taunt\n|move|p1a: Weezing|Sludge Bomb|p2a: Tornadus\n|-damage|p2a: Tornadus|0 fnt\n|faint|p2a: Tornadus\n|\n|-damage|p2b: Zacian|36/100 brn|[from] brn\n|upkeep\n|\n|t:|1775795532\n|switch|p2a: Archaludon|Archaludon, L50, F|100/100\n|turn|3\n|inactive|jpto5 has 30 seconds left.\n|inactive|jpto5 has 20 seconds left.\n|inactive|jpto5 has 15 seconds left.\n|\n|t:|1775795576\n|switch|p1b: Roaring Moon|Roaring Moon, L50|100/100\n|-end|p1a: Weezing|ability: Neutralizing Gas\n|-ability|p2b: Zacian|Intrepid Sword|boost\n|-boost|p2b: Zacian|atk|1\n|switch|p1a: Kyogre|Kyogre, L50|100/100\n|-enditem|p1b: Roaring Moon|Booster Energy\n|-activate|p1b: Roaring Moon|ability: Protosynthesis|[fromitem]\n|-start|p1b: Roaring Moon|protosynthesisspe\n|-weather|RainDance|[from] ability: Drizzle|[of] p1a: Kyogre\n|move|p2b: Zacian|Behemoth Blade|p1a: Kyogre\n|-resisted|p1a: Kyogre\n|-damage|p1a: Kyogre|75/100\n|move|p2a: Archaludon|Dragon Pulse|p1b: Roaring Moon\n|-supereffective|p1b: Roaring Moon\n|-damage|p1b: Roaring Moon|9/100\n|\n|-weather|RainDance|[upkeep]\n|-damage|p2b: Zacian|30/100 brn|[from] brn\n|upkeep\n|turn|4\n|inactive|jpto5 has 30 seconds left.\n|\n|t:|1775795603\n|switch|p1a: Weezing|Weezing, L50, F|100/100\n|-ability|p1a: Weezing|Neutralizing Gas\n|move|p1b: Roaring Moon|Protect|p1b: Roaring Moon\n|-singleturn|p1b: Roaring Moon|Protect\n|move|p2b: Zacian|Behemoth Blade|p1b: Roaring Moon\n|-activate|p1b: Roaring Moon|move: Protect\n|move|p2a: Archaludon|Electro Shot||[still]\n|-prepare|p2a: Archaludon|Electro Shot\n|-boost|p2a: Archaludon|spa|1\n|-anim|p2a: Archaludon|Electro Shot|p1a: Weezing\n|-damage|p1a: Weezing|42/100\n|\n|-weather|RainDance|[upkeep]\n|-damage|p2b: Zacian|24/100 brn|[from] brn\n|-sideend|p2: jpto5|move: Tailwind\n|upkeep\n|turn|5\n|inactive|SteXe36 has 30 seconds left.\n|inactive|jpto5 has 30 seconds left.\n|\n|t:|1775795631\n|move|p2b: Zacian|Behemoth Blade|p1a: Weezing\n|-damage|p1a: Weezing|2/100\n|move|p1b: Roaring Moon|Crunch|p2b: Zacian\n|-resisted|p2b: Zacian\n|-damage|p2b: Zacian|4/100 brn\n|move|p2a: Archaludon|Electro Shot||[still]\n|-prepare|p2a: Archaludon|Electro Shot\n|-boost|p2a: Archaludon|spa|1\n|-anim|p2a: Archaludon|Electro Shot|p1b: Roaring Moon\n|-resisted|p1b: Roaring Moon\n|-damage|p1b: Roaring Moon|0 fnt\n|faint|p1b: Roaring Moon\n|-end|p1b: Roaring Moon|Protosynthesis|[silent]\n|move|p1a: Weezing|Will-O-Wisp|p2a: Archaludon\n|-status|p2a: Archaludon|brn\n|\n|-weather|RainDance|[upkeep]\n|-damage|p2b: Zacian|0 fnt|[from] brn\n|faint|p2b: Zacian\n|-damage|p2a: Archaludon|94/100 brn|[from] brn\n|upkeep\n|\n|t:|1775795647\n|switch|p2b: Incineroar|Incineroar, L50, M|100/100\n|switch|p1b: Calyrex|Calyrex-Shadow, L50|16/100\n|-ability|p1b: Calyrex|As One\n|-ability|p1b: Calyrex|Unnerve\n|turn|6\n|\n|t:|1775795656\n|move|p2b: Incineroar|Fake Out|p1a: Weezing\n|-damage|p1a: Weezing|0 fnt\n|faint|p1a: Weezing\n|-end|p1a: Weezing|ability: Neutralizing Gas\n|-ability|p2b: Incineroar|Intimidate|boost\n|-unboost|p1b: Calyrex|atk|1\n|move|p1b: Calyrex|Astral Barrage|p2b: Incineroar|[spread] p2a,p2b\n|-resisted|p2b: Incineroar\n|-damage|p2a: Archaludon|16/100 brn\n|-damage|p2b: Incineroar|80/100\n|move|p2a: Archaludon|Electro Shot||[still]\n|-prepare|p2a: Archaludon|Electro Shot\n|-boost|p2a: Archaludon|spa|1\n|-anim|p2a: Archaludon|Electro Shot|p1b: Calyrex\n|-damage|p1b: Calyrex|0 fnt\n|faint|p1b: Calyrex\n|\n|-weather|RainDance|[upkeep]\n|-damage|p2a: Archaludon|10/100 brn|[from] brn\n|upkeep\n|\n|t:|1775795666\n|switch|p1b: Kyogre|Kyogre, L50|75/100\n|turn|7\n|j| tinkererbecauseno\n|inactive|jpto5 has 30 seconds left.\n|\n|t:|1775795693\n|-terastallize|p1b: Kyogre|Water\n|-terastallize|p2a: Archaludon|Grass\n|move|p1b: Kyogre|Water Spout|p2b: Incineroar|[spread] p2a,p2b\n|-resisted|p2a: Archaludon\n|-supereffective|p2b: Incineroar\n|-damage|p2a: Archaludon|0 fnt\n|-damage|p2b: Incineroar|0 fnt\n|faint|p2a: Archaludon\n|faint|p2b: Incineroar\n|\n|win|SteXe36\n|raw|SteXe36's rating: 1282 &rarr; <strong>1315</strong><br />(+33 for winning)\n|raw|jpto5's rating: 1399 &rarr; <strong>1373</strong><br />(-26 for losing)\n|l|\u2606SteXe36\n|player|p1|\n|l|\u2606jpto5\n|player|p2|\n","uploadtime":1775795923,"views":10,"formatid":"gen9vgc2026regi","rating":1315,"private":0,"password":null}