{"id":"gen9vgc2026regi-2519217084","format":"[Gen 9] VGC 2026 Reg I","players":["blackred123\u5415\u5e03\u4fa0","mdchod"],"log":"|j|\u2606blackred123\u5415\u5e03\u4fa0\n|j|\u2606mdchod\n|t:|1768485189\n|gametype|doubles\n|player|p1|blackred123\u5415\u5e03\u4fa0|iono-masters|1270\n|player|p2|mdchod|ghetsis-gen5bw|1152\n|gen|9\n|tier|[Gen 9] VGC 2026 Reg I\n|rated|\n|rule|Species Clause: Limit one of each Pok\u00e9mon\n|rule|Item Clause: Limit 1 of each item\n|clearpoke\n|poke|p1|Calyrex-Ice, L50|\n|poke|p1|Lunala, L50|\n|poke|p1|Smeargle, L50, M|\n|poke|p1|Torkoal, L50, M|\n|poke|p1|Urshifu-*, L50, F|\n|poke|p1|Indeedee-F, L50, F|\n|poke|p2|Sneasler, L50, F|\n|poke|p2|Archaludon, L50, F|\n|poke|p2|Whimsicott, L50, M|\n|poke|p2|Koraidon, L50|\n|poke|p2|Ursaluna, L50, F|\n|poke|p2|Kyogre, L50|\n|teampreview|4\n|inactive|Battle timer is ON: inactive players will automatically lose when time's up. (requested by blackred123\u5415\u5e03\u4fa0)\n|\n|t:|1768485209\n|teamsize|p1|4\n|teamsize|p2|4\n|start\n|switch|p1a: \u9e7f\u51a0\u738b|Calyrex-Ice, L50|100/100\n|switch|p1b: \u53f2\u9a6c\u72d7|Smeargle, L50, M|100/100\n|switch|p2a: Whimsicott|Whimsicott, L50, M|100/100\n|switch|p2b: Sneasler|Sneasler, L50, F|100/100\n|-ability|p1a: \u9e7f\u51a0\u738b|As One\n|-ability|p1a: \u9e7f\u51a0\u738b|Unnerve\n|turn|1\n|\n|t:|1768485228\n|move|p1b: \u53f2\u9a6c\u72d7|Fake Out|p2b: Sneasler\n|-damage|p2b: Sneasler|92/100\n|cant|p2b: Sneasler|flinch\n|move|p2a: Whimsicott|Dazzling Gleam|p1a: \u9e7f\u51a0\u738b|[spread] p1a,p1b\n|-damage|p1a: \u9e7f\u51a0\u738b|89/100\n|-damage|p1b: \u53f2\u9a6c\u72d7|63/100\n|move|p1a: \u9e7f\u51a0\u738b|Glacial Lance|p2a: Whimsicott|[spread] p2a,p2b\n|-supereffective|p2a: Whimsicott\n|-damage|p2a: Whimsicott|0 fnt\n|-damage|p2b: Sneasler|0 fnt\n|faint|p2a: Whimsicott\n|faint|p2b: Sneasler\n|-ability|p1a: \u9e7f\u51a0\u738b|Chilling Neigh|boost\n|-boost|p1a: \u9e7f\u51a0\u738b|atk|2\n|\n|-ability|p1b: \u53f2\u9a6c\u72d7|Moody|boost\n|-boost|p1b: \u53f2\u9a6c\u72d7|def|2\n|-unboost|p1b: \u53f2\u9a6c\u72d7|atk|1\n|upkeep\n|\n|t:|1768485244\n|switch|p2b: Archaludon|Archaludon, L50, F|100/100\n|switch|p2a: Kyogre|Kyogre, L50|100/100\n|-weather|RainDance|[from] ability: Drizzle|[of] p2a: Kyogre\n|turn|2\n|\n|t:|1768485255\n|move|p1a: \u9e7f\u51a0\u738b|Protect|p1a: \u9e7f\u51a0\u738b\n|-singleturn|p1a: \u9e7f\u51a0\u738b|Protect\n|move|p1b: \u53f2\u9a6c\u72d7|Spore|p2a: Kyogre\n|-activate|p2a: Kyogre|item: Safety Goggles|Spore\n|move|p2a: Kyogre|Water Spout|p1b: \u53f2\u9a6c\u72d7|[spread] p1b\n|-activate|p1a: \u9e7f\u51a0\u738b|move: Protect\n|-damage|p1b: \u53f2\u9a6c\u72d7|0 fnt\n|faint|p1b: \u53f2\u9a6c\u72d7\n|move|p2b: Archaludon|Flash Cannon|p1a: \u9e7f\u51a0\u738b\n|-activate|p1a: \u9e7f\u51a0\u738b|move: Protect\n|\n|-weather|RainDance|[upkeep]\n|upkeep\n|\n|t:|1768485265\n|switch|p1b: \u989c\u55b7|Torkoal, L50, M|100/100\n|-weather|SunnyDay|[from] ability: Drought|[of] p1b: \u989c\u55b7\n|turn|3\n|inactive|blackred123\u5415\u5e03\u4fa0 has 30 seconds left.\n|inactive|blackred123\u5415\u5e03\u4fa0 has 20 seconds left.\n|inactive|mdchod has 30 seconds left.\n|\n|t:|1768485301\n|switch|p1b: \u6708\u4eae|Lunala, L50|100/100\n|-terastallize|p1a: \u9e7f\u51a0\u738b|Fire\n|move|p2a: Kyogre|Ancient Power|p1b: \u6708\u4eae\n|-damage|p1b: \u6708\u4eae|92/100\n|move|p2b: Archaludon|Flash Cannon|p1a: \u9e7f\u51a0\u738b\n|-resisted|p1a: \u9e7f\u51a0\u738b\n|-damage|p1a: \u9e7f\u51a0\u738b|73/100\n|move|p1a: \u9e7f\u51a0\u738b|Trick Room|p1a: \u9e7f\u51a0\u738b\n|-fieldstart|move: Trick Room|[of] p1a: \u9e7f\u51a0\u738b\n|\n|-weather|SunnyDay|[upkeep]\n|upkeep\n|turn|4\n|inactive|mdchod has 30 seconds left.\n|\n|t:|1768485329\n|move|p1a: \u9e7f\u51a0\u738b|Glacial Lance|p2a: Kyogre|[spread] p2a,p2b\n|-resisted|p2a: Kyogre\n|-damage|p2a: Kyogre|39/100\n|-damage|p2b: Archaludon|2/100\n|move|p2b: Archaludon|Electro Shot||[still]\n|-prepare|p2b: Archaludon|Electro Shot\n|-boost|p2b: Archaludon|spa|1\n|-enditem|p2b: Archaludon|Power Herb\n|-anim|p2b: Archaludon|Electro Shot|p1b: \u6708\u4eae\n|-damage|p1b: \u6708\u4eae|43/100\n|move|p2a: Kyogre|Ancient Power|p1a: \u9e7f\u51a0\u738b\n|-supereffective|p1a: \u9e7f\u51a0\u738b\n|-damage|p1a: \u9e7f\u51a0\u738b|40/100\n|move|p1b: \u6708\u4eae|Meteor Beam||[still]\n|-prepare|p1b: \u6708\u4eae|Meteor Beam\n|-boost|p1b: \u6708\u4eae|spa|1\n|-enditem|p1b: \u6708\u4eae|Power Herb\n|-anim|p1b: \u6708\u4eae|Meteor Beam|p2a: Kyogre\n|-damage|p2a: Kyogre|0 fnt\n|faint|p2a: Kyogre\n|\n|-weather|SunnyDay|[upkeep]\n|upkeep\n|turn|5\n|-message|mdchod forfeited.\n|\n|win|blackred123\u5415\u5e03\u4fa0\n|raw|blackred123\u5415\u5e03\u4fa0's rating: 1270 &rarr; <strong>1287</strong><br />(+17 for winning)\n|raw|mdchod's rating: 1152 &rarr; <strong>1135</strong><br />(-17 for losing)\n|l|\u2606mdchod\n|player|p2|\n","uploadtime":1768485351,"views":12,"formatid":"gen9vgc2026regi","rating":1135,"private":0,"password":null}