{"id":"gen9vgc2026regi-2584650733","format":"[Gen 9] VGC 2026 Reg I","players":["touchgrassyterrain","D4RKEVA"],"log":"|j|\u2606touchgrassyterrain\n|j|\u2606D4RKEVA\n|html|<table width=\"100%\"><tr><td align=\"left\">touchgrassyterrain</td><td align=\"right\">D4RKEVA</tr><tr><td align=\"left\"><i class=\"fa fa-circle\"></i> <i class=\"fa fa-circle-o\"></i> </td><td align=\"right\"><i class=\"fa fa-circle-o\"></i> <i class=\"fa fa-circle-o\"></i> </tr></table>\n|uhtml|bestof|<h2><strong>Game 2</strong> of <a href=\"/game-bestof3-gen9vgc2026regi-2584645583\">a best-of-3</a></h2>\n|t:|1776274485\n|gametype|doubles\n|player|p1|touchgrassyterrain|flannery|\n|player|p2|D4RKEVA|265|\n|gen|9\n|tier|[Gen 9] VGC 2026 Reg I\n|rule|Species Clause: Limit one of each Pok\u00e9mon\n|rule|Item Clause: Limit 1 of each item\n|raw|<div class=\"infobox\"><details class=\"readmore\" open><summary><strong>1 custom rule:</strong></summary> Best of = 3</details></div>\n|clearpoke\n|poke|p1|Koraidon, L50|\n|poke|p1|Weezing-Galar, L50, F|\n|poke|p1|Calyrex-Shadow, L50|\n|poke|p1|Raging Bolt, L50|\n|poke|p1|Chi-Yu, L50|\n|poke|p1|Brute Bonnet, L50|\n|poke|p2|Lunala, L50|\n|poke|p2|Koraidon, L50|\n|poke|p2|Flutter Mane, L50|\n|poke|p2|Brute Bonnet, L50|\n|poke|p2|Chi-Yu, L50|\n|poke|p2|Ursaluna, L50, F|\n|teampreview|4\n|inactive|Battle timer is ON: inactive players will automatically lose when time's up. (requested by D4RKEVA)\ntouchgrassyterrain has agreed to open team sheets.\n|\n|t:|1776274505\n|teamsize|p1|4\n|teamsize|p2|4\n|start\n|switch|p1a: stride|Koraidon, L50|100/100\n|switch|p1b: me IRL|Weezing-Galar, L50, F, shiny|100/100\n|switch|p2a: Brute Bonnie|Brute Bonnet, L50|100/100\n|switch|p2b: Chi-Yu|Chi-Yu, L50|100/100\n|-ability|p1b: me IRL|Neutralizing Gas\n|-block|p1a: stride|item: Ability Shield\n|-weather|SunnyDay|[from] ability: Orichalcum Pulse|[of] p1a: stride\n|-activate|p1a: stride|Orichalcum Pulse|[source]\n|turn|1\n|inactive|touchgrassyterrain has 30 seconds left.\n|inactive|touchgrassyterrain has 20 seconds left.\n|inactive|touchgrassyterrain has 15 seconds left.\n|\n|t:|1776274546\n|-end|p2a: Brute Bonnie|Protosynthesis|[silent]\n|switch|p2a: Flutter Mane|Flutter Mane, L50|100/100\n|-terastallize|p1a: stride|Fire\n|move|p1b: me IRL|Protect|p1b: me IRL\n|-singleturn|p1b: me IRL|Protect\n|move|p2b: Chi-Yu|Heat Wave|p1a: stride|[spread] p1a\n|-activate|p1b: me IRL|move: Protect\n|-resisted|p1a: stride\n|-damage|p1a: stride|72/100\n|move|p1a: stride|Flame Charge|p2b: Chi-Yu\n|-resisted|p2b: Chi-Yu\n|-damage|p2b: Chi-Yu|48/100\n|-boost|p1a: stride|spe|1\n|\n|-weather|SunnyDay|[upkeep]\n|upkeep\n|turn|2\n|\n|t:|1776274566\n|move|p1a: stride|Flame Charge|p2b: Chi-Yu\n|-resisted|p2b: Chi-Yu\n|-damage|p2b: Chi-Yu|0 fnt\n|-boost|p1a: stride|spe|1\n|faint|p2b: Chi-Yu\n|move|p2a: Flutter Mane|Icy Wind|p1a: stride|[spread] p1a,p1b\n|-resisted|p1a: stride\n|-damage|p1a: stride|65/100\n|-damage|p1b: me IRL|85/100\n|-unboost|p1a: stride|spe|1\n|move|p1b: me IRL|Dazzling Gleam|p2a: Flutter Mane\n|-damage|p2a: Flutter Mane|75/100\n|\n|-weather|SunnyDay|[upkeep]\n|upkeep\n|\n|t:|1776274575\n|switch|p2b: Brute Bonnie|Brute Bonnet, L50|100/100\n|turn|3\n|\n|t:|1776274600\n|-terastallize|p2b: Brute Bonnie|Water\n|move|p1a: stride|Collision Course|p2b: Brute Bonnie\n|-crit|p2b: Brute Bonnie\n|-damage|p2b: Brute Bonnie|31/100\n|-enditem|p2b: Brute Bonnie|Sitrus Berry|[eat]\n|-heal|p2b: Brute Bonnie|56/100|[from] item: Sitrus Berry\n|move|p2a: Flutter Mane|Shadow Ball|p1b: me IRL\n|-damage|p1b: me IRL|45/100\n|move|p1b: me IRL|Taunt|p2b: Brute Bonnie\n|-start|p2b: Brute Bonnie|move: Taunt\n|move|p2b: Brute Bonnie|Seed Bomb|p1b: me IRL\n|-resisted|p1b: me IRL\n|-crit|p1b: me IRL\n|-damage|p1b: me IRL|24/100\n|\n|-weather|SunnyDay|[upkeep]\n|upkeep\n|turn|4\n|\n|t:|1776274613\n|move|p2a: Flutter Mane|Protect|p2a: Flutter Mane\n|-singleturn|p2a: Flutter Mane|Protect\n|move|p2b: Brute Bonnie|Sucker Punch||[still]\n|-fail|p2b: Brute Bonnie\n|move|p1a: stride|Flare Blitz|p2a: Flutter Mane\n|-activate|p2a: Flutter Mane|move: Protect\n|move|p1b: me IRL|Will-O-Wisp|p2b: Brute Bonnie\n|-status|p2b: Brute Bonnie|brn\n|\n|-weather|SunnyDay|[upkeep]\n|-damage|p2b: Brute Bonnie|50/100 brn|[from] brn\n|upkeep\n|turn|5\n|\n|t:|1776274626\n|-end|p2a: Flutter Mane|Protosynthesis|[silent]\n|switch|p2a: Clydeon|Koraidon, L50|100/100\n|move|p2b: Brute Bonnie|Sucker Punch|p1a: stride\n|-damage|p1a: stride|52/100\n|move|p1a: stride|Flare Blitz|p2a: Clydeon\n|-resisted|p2a: Clydeon\n|-damage|p2a: Clydeon|38/100\n|-damage|p1a: stride|32/100|[from] Recoil\n|move|p1b: me IRL|Dazzling Gleam|p2b: Brute Bonnie|[spread] p2a,p2b\n|-supereffective|p2a: Clydeon\n|-damage|p2a: Clydeon|0 fnt\n|-damage|p2b: Brute Bonnie|37/100 brn\n|faint|p2a: Clydeon\n|\n|-weather|none\n|-damage|p2b: Brute Bonnie|31/100 brn|[from] brn\n|-end|p2b: Brute Bonnie|move: Taunt\n|upkeep\n|\n|t:|1776274631\n|switch|p2a: Flutter Mane|Flutter Mane, L50|75/100\n|turn|6\n|inactive|D4RKEVA has 30 seconds left.\n|\n|t:|1776274658\n|move|p1a: stride|Protect|p1a: stride\n|-singleturn|p1a: stride|Protect\n|move|p2b: Brute Bonnie|Rage Powder|p2b: Brute Bonnie\n|-singleturn|p2b: Brute Bonnie|move: Rage Powder\n|move|p2a: Flutter Mane|Shadow Ball|p1b: me IRL\n|-damage|p1b: me IRL|0 fnt\n|faint|p1b: me IRL\n|-end|p1b: me IRL|ability: Neutralizing Gas\n|\n|-damage|p2b: Brute Bonnie|25/100 brn|[from] brn\n|upkeep\n|\n|t:|1776274664\n|switch|p1b: NYOOM|Raging Bolt, L50|100/100\n|turn|7\n|inactive|D4RKEVA has 30 seconds left.\n|inactive|D4RKEVA has 20 seconds left.\n|inactive|D4RKEVA has 15 seconds left.\n|\n|t:|1776274707\n|move|p2b: Brute Bonnie|Sucker Punch|p1a: stride\n|-damage|p1a: stride|18/100\n|move|p1a: stride|Collision Course|p2b: Brute Bonnie\n|-crit|p2b: Brute Bonnie\n|-damage|p2b: Brute Bonnie|0 fnt\n|faint|p2b: Brute Bonnie\n|-end|p2b: Brute Bonnie|Protosynthesis|[silent]\n|move|p2a: Flutter Mane|Moonblast|p1b: NYOOM\n|-supereffective|p1b: NYOOM\n|-damage|p1b: NYOOM|42/100\n|move|p1b: NYOOM|Thunderbolt|p2a: Flutter Mane\n|-damage|p2a: Flutter Mane|27/100\n|\n|upkeep\n|turn|8\n|\n|t:|1776274720\n|move|p1b: NYOOM|Thunderclap|p2a: Flutter Mane\n|-damage|p2a: Flutter Mane|0 fnt\n|faint|p2a: Flutter Mane\n|-end|p2a: Flutter Mane|Protosynthesis|[silent]\n|\n|win|touchgrassyterrain\n|c|\u2606touchgrassyterrain|gg\n","uploadtime":1776274731,"views":21,"formatid":"gen9vgc2026regi","rating":null,"private":0,"password":null}