{"id":"gen9vgc2026regi-2564016082","format":"[Gen 9] VGC 2026 Reg I","players":["Jthepoke","randomcatFFR"],"log":"|j|\u2606Jthepoke\n|j|\u2606randomcatFFR\n|t:|1774100274\n|gametype|doubles\n|player|p1|Jthepoke|266|1489\n|player|p2|randomcatFFR|bugcatcher-gen4dp|1445\n|gen|9\n|tier|[Gen 9] VGC 2026 Reg I\n|rated|\n|rule|Species Clause: Limit one of each Pok\u00e9mon\n|rule|Item Clause: Limit 1 of each item\n|clearpoke\n|poke|p1|Zacian-*, L50|\n|poke|p1|Lunala, L50|\n|poke|p1|Incineroar, L50, M|\n|poke|p1|Ursaluna, L50, M|\n|poke|p1|Roaring Moon, L50|\n|poke|p1|Ogerpon-Cornerstone, L50, F|\n|poke|p2|Calyrex-Shadow, L50|\n|poke|p2|Zamazenta-*, L50|\n|poke|p2|Chi-Yu, L50|\n|poke|p2|Indeedee-F, L50, F|\n|poke|p2|Amoonguss, L50, F|\n|poke|p2|Raging Bolt, L50|\n|teampreview|4\nJthepoke has agreed to open team sheets.\n|inactive|Battle timer is ON: inactive players will automatically lose when time's up. (requested by Jthepoke)\n|\n|t:|1774100359\n|teamsize|p1|4\n|teamsize|p2|4\n|start\n|switch|p1a: Zacian|Zacian-Crowned, L50|100/100\n|switch|p1b: Roaring Moon|Roaring Moon, L50|100/100\n|switch|p2a: Chi-Yu|Chi-Yu, L50|100/100\n|switch|p2b: Zamazenta|Zamazenta-Crowned, L50|100/100\n|-ability|p2a: Chi-Yu|Beads of Ruin\n|-ability|p1a: Zacian|Intrepid Sword|boost\n|-boost|p1a: Zacian|atk|1\n|-ability|p2b: Zamazenta|Dauntless Shield|boost\n|-boost|p2b: Zamazenta|def|1\n|-enditem|p1b: Roaring Moon|Booster Energy\n|-activate|p1b: Roaring Moon|ability: Protosynthesis|[fromitem]\n|-start|p1b: Roaring Moon|protosynthesisspe\n|turn|1\n|inactiveoff|Battle timer is now OFF.\n|\n|t:|1774100402\n|move|p1b: Roaring Moon|Knock Off|p2a: Chi-Yu\n|-resisted|p2a: Chi-Yu\n|-damage|p2a: Chi-Yu|68/100\n|-enditem|p2a: Chi-Yu|Choice Scarf|[from] move: Knock Off|[of] p1b: Roaring Moon\n|move|p1a: Zacian|Sacred Sword|p2a: Chi-Yu\n|-supereffective|p2a: Chi-Yu\n|-damage|p2a: Chi-Yu|0 fnt\n|faint|p2a: Chi-Yu\n|move|p2b: Zamazenta|Body Press|p1a: Zacian\n|-damage|p1a: Zacian|35/100\n|\n|upkeep\n|\n|t:|1774100411\n|switch|p2a: Amoonguss|Amoonguss, L50, F|100/100\n|turn|2\n|\n|t:|1774100446\n|-terastallize|p2a: Amoonguss|Water\n|move|p1b: Roaring Moon|Knock Off|p2a: Amoonguss\n|-damage|p2a: Amoonguss|65/100\n|-enditem|p2a: Amoonguss|Sitrus Berry|[from] move: Knock Off|[of] p1b: Roaring Moon\n|move|p1a: Zacian|Behemoth Blade|p2a: Amoonguss\n|-resisted|p2a: Amoonguss\n|-damage|p2a: Amoonguss|34/100\n|move|p2b: Zamazenta|Body Press|p1a: Zacian\n|-damage|p1a: Zacian|0 fnt\n|faint|p1a: Zacian\n|move|p2a: Amoonguss|Spore|p1b: Roaring Moon\n|-status|p1b: Roaring Moon|slp|[from] move: Spore\n|\n|upkeep\n|\n|t:|1774100486\n|switch|p1a: Lunala|Lunala, L50, shiny|100/100\n|turn|3\n|\n|t:|1774100514\n|cant|p1b: Roaring Moon|slp\n|move|p2b: Zamazenta|Body Press|p1b: Roaring Moon\n|-supereffective|p1b: Roaring Moon\n|-damage|p1b: Roaring Moon|0 fnt\n|faint|p1b: Roaring Moon\n|-end|p1b: Roaring Moon|Protosynthesis|[silent]\n|move|p1a: Lunala|Meteor Beam||[still]\n|-prepare|p1a: Lunala|Meteor Beam\n|-boost|p1a: Lunala|spa|1\n|-enditem|p1a: Lunala|Power Herb\n|-anim|p1a: Lunala|Meteor Beam|p2a: Amoonguss\n|-damage|p2a: Amoonguss|0 fnt\n|faint|p2a: Amoonguss\n|\n|upkeep\n|\n|t:|1774100524\n|switch|p1b: Ogerpon|Ogerpon-Cornerstone, L50, F|100/100\n|switch|p2a: Calyrex|Calyrex-Shadow, L50|100/100\n|-ability|p2a: Calyrex|As One\n|-ability|p2a: Calyrex|Unnerve\n|turn|4\n|\n|t:|1774100568\n|-terastallize|p1a: Lunala|Water\n|move|p1b: Ogerpon|Spiky Shield|p1b: Ogerpon\n|-singleturn|p1b: Ogerpon|move: Protect\n|move|p2a: Calyrex|Astral Barrage|p1b: Ogerpon|[spread] p1a\n|-activate|p1b: Ogerpon|move: Protect\n|-damage|p1a: Lunala|81/100\n|-damage|p2a: Calyrex|91/100|[from] item: Life Orb\n|move|p2b: Zamazenta|Heavy Slam|p1a: Lunala\n|-resisted|p1a: Lunala\n|-damage|p1a: Lunala|62/100\n|move|p1a: Lunala|Moongeist Beam|p2a: Calyrex\n|-supereffective|p2a: Calyrex\n|-damage|p2a: Calyrex|0 fnt\n|faint|p2a: Calyrex\n|\n|upkeep\n|turn|5\n|\n|t:|1774100585\n|move|p1b: Ogerpon|Follow Me|p1b: Ogerpon\n|-singleturn|p1b: Ogerpon|move: Follow Me\n|move|p2b: Zamazenta|Body Press|p1b: Ogerpon\n|-supereffective|p1b: Ogerpon\n|-ability|p1b: Ogerpon|Sturdy\n|-damage|p1b: Ogerpon|1/100\n|move|p1a: Lunala|Moongeist Beam|p2b: Zamazenta\n|-damage|p2b: Zamazenta|46/100\n|\n|upkeep\n|turn|6\n|c|\u2606randomcatFFR|gg\n|-message|randomcatFFR forfeited.\n|\n|win|Jthepoke\n|raw|Jthepoke's rating: 1489 &rarr; <strong>1506</strong><br />(+17 for winning)\n|raw|randomcatFFR's rating: 1445 &rarr; <strong>1428</strong><br />(-17 for losing)\n|l|\u2606randomcatFFR\n|player|p2|\n|c|\u2606Jthepoke|Gg\n|l|\u2606Jthepoke\n|player|p1|\n|j|\u2606Jthepoke\n|player|p1|Jthepoke|266|\n","uploadtime":1774100607,"views":48,"formatid":"gen9vgc2026regi","rating":1428,"private":0,"password":null}