{"id":"gen9vgc2026regi-2562459576","format":"[Gen 9] VGC 2026 Reg I","players":["korean noob","b3testing"],"log":"|j|\u2606korean noob\n|j|\u2606b3testing\n|t:|1773919912\n|gametype|doubles\n|player|p1|korean noob|170|1423\n|player|p2|b3testing|2|1589\n|gen|9\n|tier|[Gen 9] VGC 2026 Reg I\n|rated|\n|rule|Species Clause: Limit one of each Pok\u00e9mon\n|rule|Item Clause: Limit 1 of each item\n|clearpoke\n|poke|p1|Calyrex-Shadow, L50|\n|poke|p1|Smeargle, L50, M|\n|poke|p1|Muk-Alola, L50, M|\n|poke|p1|Flamigo, L50, M|\n|poke|p1|Carbink, L50|\n|poke|p1|Kyogre, L50|\n|poke|p2|Terapagos, L50, M|\n|poke|p2|Calyrex-Shadow, L50|\n|poke|p2|Incineroar, L50, M|\n|poke|p2|Amoonguss, L50, M|\n|poke|p2|Tornadus, L50, M|\n|poke|p2|Smeargle, L50, M|\n|teampreview|4\n|inactive|Battle timer is ON: inactive players will automatically lose when time's up. (requested by korean noob)\n|inactive|b3testing also wants the timer to be on.\n|\n|t:|1773919934\n|teamsize|p1|4\n|teamsize|p2|4\n|start\n|switch|p1a: Calyrex|Calyrex-Shadow, L50|100/100\n|switch|p1b: Smeargle|Smeargle, L50, M, shiny|100/100\n|switch|p2a: Tornadus|Tornadus, L50, M|100/100\n|switch|p2b: Smeargle|Smeargle, L50, M|100/100\n|-ability|p1a: Calyrex|As One\n|-ability|p1a: Calyrex|Unnerve\n|turn|1\n|\n|t:|1773919950\n|move|p2b: Smeargle|Fake Out|p1b: Smeargle\n|-damage|p1b: Smeargle|93/100\n|cant|p1b: Smeargle|flinch\n|move|p2a: Tornadus|Tailwind|p2a: Tornadus\n|-sidestart|p2: b3testing|move: Tailwind\n|move|p1a: Calyrex|Trick Room|p1a: Calyrex\n|-fieldstart|move: Trick Room|[of] p1a: Calyrex\n|\n|-ability|p2b: Smeargle|Moody|boost\n|-boost|p2b: Smeargle|spa|2\n|-unboost|p2b: Smeargle|atk|1\n|upkeep\n|turn|2\n|\n|t:|1773919974\n|move|p2a: Tornadus|Taunt|p1b: Smeargle\n|-start|p1b: Smeargle|move: Taunt\n|-enditem|p1b: Smeargle|Mental Herb\n|-end|p1b: Smeargle|move: Taunt\n|move|p1a: Calyrex|Astral Barrage|p2b: Smeargle|[spread] p2a\n|-immune|p2b: Smeargle\n|-damage|p2a: Tornadus|26/100\n|move|p1b: Smeargle|Spore|p2b: Smeargle\n|-status|p2b: Smeargle|slp|[from] move: Spore\n|cant|p2b: Smeargle|slp\n|\n|-ability|p2b: Smeargle|Moody|boost\n|-boost|p2b: Smeargle|def|2\n|-unboost|p2b: Smeargle|atk|1\n|upkeep\n|turn|3\n|\n|t:|1773919994\n|move|p2a: Tornadus|Taunt|p1b: Smeargle\n|-start|p1b: Smeargle|move: Taunt\n|move|p1a: Calyrex|Psychic|p2a: Tornadus\n|-damage|p2a: Tornadus|0 fnt\n|faint|p2a: Tornadus\n|-ability|p1a: Calyrex|Grim Neigh|boost\n|-boost|p1a: Calyrex|spa|1\n|cant|p1b: Smeargle|move: Taunt|Instruct\n|-curestatus|p2b: Smeargle|slp|[msg]\n|move|p2b: Smeargle|Spore|p1a: Calyrex\n|-status|p1a: Calyrex|slp|[from] move: Spore\n|\n|-ability|p2b: Smeargle|Moody|boost\n|-boost|p2b: Smeargle|spe|2\n|-unboost|p2b: Smeargle|def|1\n|upkeep\n|\n|t:|1773920001\n|switch|p2a: Terapagos|Terapagos, L50, M|100/100\n|-activate|p2a: Terapagos|ability: Tera Shift\n|detailschange|p2a: Terapagos|Terapagos-Terastal, L50, M\n|-heal|p2a: Terapagos|100/100|[silent]\n|turn|4\n|\n|t:|1773920016\n|switch|p1b: Kyogre|Kyogre, L50, shiny|100/100\n|-weather|RainDance|[from] ability: Drizzle|[of] p1b: Kyogre\n|cant|p1a: Calyrex|slp\n|move|p2a: Terapagos|Tera Starstorm|p1b: Kyogre\n|-damage|p1b: Kyogre|62/100\n|move|p2b: Smeargle|Decorate|p2a: Terapagos\n|-boost|p2a: Terapagos|atk|2\n|-boost|p2a: Terapagos|spa|2\n|\n|-weather|RainDance|[upkeep]\n|-sideend|p2: b3testing|move: Tailwind\n|-ability|p2b: Smeargle|Moody|boost\n|-boost|p2b: Smeargle|def|2\n|-unboost|p2b: Smeargle|spd|1\n|upkeep\n|turn|5\n|\n|t:|1773920034\n|-terastallize|p2a: Terapagos|Stellar\n|detailschange|p2a: Terapagos|Terapagos-Stellar, L50, M, tera:Stellar\n|-heal|p2a: Terapagos|100/100|[silent]\n|-ability|p2a: Terapagos|Teraform Zero\n|-weather|none\n|move|p1b: Kyogre|Origin Pulse|p2a: Terapagos|[spread] p2a,p2b\n|-damage|p2a: Terapagos|68/100\n|-enditem|p2b: Smeargle|Focus Sash\n|-damage|p2b: Smeargle|1/100\n|cant|p1a: Calyrex|slp\n|move|p2a: Terapagos|Tera Starstorm|p1b: Kyogre|[spread] p1a,p1b\n|-damage|p1a: Calyrex|19/100 slp\n|-damage|p1b: Kyogre|8/100\n|move|p2b: Smeargle|Spore|p1b: Kyogre\n|-status|p1b: Kyogre|slp|[from] move: Spore\n|\n|-fieldend|move: Trick Room\n|-ability|p2b: Smeargle|Moody|boost\n|-boost|p2b: Smeargle|atk|2\n|-unboost|p2b: Smeargle|spd|1\n|upkeep\n|turn|6\n|\n|t:|1773920046\n|move|p2b: Smeargle|Decorate|p2a: Terapagos\n|-boost|p2a: Terapagos|atk|2\n|-boost|p2a: Terapagos|spa|2\n|move|p2a: Terapagos|Tera Starstorm|p1a: Calyrex|[spread] p1a,p1b\n|-damage|p1a: Calyrex|0 fnt\n|-damage|p1b: Kyogre|0 fnt\n|faint|p1a: Calyrex\n|faint|p1b: Kyogre\n|\n|-ability|p2b: Smeargle|Moody|boost\n|-boost|p2b: Smeargle|def|2\n|-unboost|p2b: Smeargle|atk|1\n|upkeep\n|\n|t:|1773920049\n|switch|p1a: Smeargle|Smeargle, L50, M, shiny|93/100\n|switch|p1b: Flamigo|Flamigo, L50, M, shiny|100/100\n|turn|7\n|\n|t:|1773920061\n|move|p2b: Smeargle|Follow Me|p2b: Smeargle\n|-singleturn|p2b: Smeargle|move: Follow Me\n|move|p1b: Flamigo|Feint|p2b: Smeargle\n|-damage|p2b: Smeargle|0 fnt\n|faint|p2b: Smeargle\n|move|p2a: Terapagos|Earth Power|p1a: Smeargle\n|-damage|p1a: Smeargle|0 fnt\n|faint|p1a: Smeargle\n|\n|upkeep\n|\n|t:|1773920064\n|switch|p2b: Calyrex|Calyrex-Shadow, L50|100/100\n|-ability|p2b: Calyrex|As One\n|-ability|p2b: Calyrex|Unnerve\n|turn|8\n|\n|t:|1773920073\n|-terastallize|p1b: Flamigo|Ghost\n|move|p2b: Calyrex|Encore|p1b: Flamigo\n|-start|p1b: Flamigo|Encore\n|move|p2a: Terapagos|Tera Starstorm|p1b: Flamigo\n|-supereffective|p1b: Flamigo\n|-damage|p1b: Flamigo|0 fnt\n|faint|p1b: Flamigo\n|\n|win|b3testing\n|raw|korean noob's rating: 1423 &rarr; <strong>1412</strong><br />(-11 for losing)\n|raw|b3testing's rating: 1589 &rarr; <strong>1600</strong><br />(+11 for winning)\n|l|\u2606korean noob\n|player|p1|\n|l|\u2606b3testing\n|player|p2|\n","uploadtime":1773920266,"views":14,"formatid":"gen9vgc2026regi","rating":1412,"private":0,"password":null}