{"id":"gen9vgc2026regi-2555724152","format":"[Gen 9] VGC 2026 Reg I","players":["yhbk","I\u2764\ufe0f\u5a1c\u7984forever"],"log":"|j|\u2606yhbk\n|j|\u2606I\u2764\ufe0f\u5a1c\u7984forever\n|t:|1773125513\n|gametype|doubles\n|player|p1|yhbk|cynthia|1416\n|player|p2|I\u2764\ufe0f\u5a1c\u7984forever|youngcouple-gen4dp|1440\n|gen|9\n|tier|[Gen 9] VGC 2026 Reg I\n|rated|\n|rule|Species Clause: Limit one of each Pok\u00e9mon\n|rule|Item Clause: Limit 1 of each item\n|clearpoke\n|poke|p1|Calyrex-Ice, L50|\n|poke|p1|Indeedee-F, L50, F|\n|poke|p1|Amoonguss, L50, F|\n|poke|p1|Kyogre, L50|\n|poke|p1|Tornadus, L50, M|\n|poke|p1|Ursaluna, L50, M|\n|poke|p2|Groudon, L50|\n|poke|p2|Kyurem-White, L50|\n|poke|p2|Heatran, L50, M|\n|poke|p2|Whimsicott, L50, F|\n|poke|p2|Roaring Moon, L50|\n|poke|p2|Ditto, L50|\n|teampreview|4\n|\n|t:|1773125534\n|teamsize|p1|4\n|teamsize|p2|4\n|start\n|switch|p1a: Tornadus|Tornadus, L50, M|100/100\n|switch|p1b: Calyrex|Calyrex-Ice, L50|100/100\n|switch|p2a: Kyurem|Kyurem-White, L50|100/100\n|switch|p2b: Roaring Moon|Roaring Moon, L50|100/100\n|-ability|p1b: Calyrex|As One\n|-ability|p1b: Calyrex|Unnerve\n|-ability|p2a: Kyurem|Turboblaze\n|turn|1\n|\n|t:|1773125551\n|-terastallize|p1b: Calyrex|Ice\n|move|p1a: Tornadus|Tailwind|p1a: Tornadus\n|-sidestart|p1: yhbk|move: Tailwind\n|move|p2b: Roaring Moon|Rock Slide|p1b: Calyrex|[spread] p1a,p1b\n|-supereffective|p1a: Tornadus\n|-supereffective|p1b: Calyrex\n|-damage|p1a: Tornadus|64/100\n|-damage|p1b: Calyrex|72/100\n|cant|p1b: Calyrex|flinch\n|move|p2a: Kyurem|Blizzard|p1b: Calyrex|[spread] p1a\n|-miss|p2a: Kyurem|p1b: Calyrex\n|-enditem|p2a: Kyurem|Blunder Policy\n|-boost|p2a: Kyurem|spe|2\n|-supereffective|p1a: Tornadus\n|-damage|p1a: Tornadus|0 fnt\n|faint|p1a: Tornadus\n|\n|upkeep\n|\n|t:|1773125564\n|switch|p1a: Ursaluna|Ursaluna, L50, M|100/100\n|turn|2\n|\n|t:|1773125574\n|move|p1a: Ursaluna|Protect|p1a: Ursaluna\n|-singleturn|p1a: Ursaluna|Protect\n|move|p2a: Kyurem|Fusion Flare|p1b: Calyrex\n|-supereffective|p1b: Calyrex\n|-damage|p1b: Calyrex|0 fnt\n|faint|p1b: Calyrex\n|move|p2b: Roaring Moon|Rock Slide|p1a: Ursaluna\n|-activate|p1a: Ursaluna|move: Protect\n|\n|-status|p1a: Ursaluna|brn|[from] item: Flame Orb\n|upkeep\n|\n|t:|1773125580\n|switch|p1b: Kyogre|Kyogre, L50|100/100\n|-weather|RainDance|[from] ability: Drizzle|[of] p1b: Kyogre\n|turn|3\n|\n|t:|1773125599\n|-end|p2b: Roaring Moon|Protosynthesis|[silent]\n|switch|p2b: Groudon|Groudon, L50|100/100\n|-weather|SunnyDay|[from] ability: Drought|[of] p2b: Groudon\n|move|p1b: Kyogre|Origin Pulse|p2a: Kyurem|[spread] p2a\n|-miss|p1b: Kyogre|p2b: Groudon\n|-resisted|p2a: Kyurem\n|-damage|p2a: Kyurem|86/100\n|move|p2a: Kyurem|Blizzard|p1a: Ursaluna|[spread] p1b\n|-miss|p2a: Kyurem|p1a: Ursaluna\n|-resisted|p1b: Kyogre\n|-damage|p1b: Kyogre|78/100\n|move|p1a: Ursaluna|Facade|p2a: Kyurem\n|-damage|p2a: Kyurem|0 fnt\n|faint|p2a: Kyurem\n|\n|-weather|SunnyDay|[upkeep]\n|-damage|p1a: Ursaluna|95/100 brn|[from] brn\n|upkeep\n|inactive|Battle timer is ON: inactive players will automatically lose when time's up. (requested by yhbk)\n|\n|t:|1773125622\n|switch|p2a: Roaring Moon|Roaring Moon, L50|100/100\n|-activate|p2a: Roaring Moon|ability: Protosynthesis\n|-start|p2a: Roaring Moon|protosynthesisatk\n|turn|4\n|\n|t:|1773125635\n|move|p1b: Kyogre|Origin Pulse|p2b: Groudon|[spread] p2a,p2b\n|-resisted|p2a: Roaring Moon\n|-supereffective|p2b: Groudon\n|-damage|p2a: Roaring Moon|85/100\n|-damage|p2b: Groudon|54/100\n|move|p2a: Roaring Moon|Knock Off|p1b: Kyogre\n|-damage|p1b: Kyogre|6/100\n|-enditem|p1b: Kyogre|Choice Specs|[from] move: Knock Off|[of] p2a: Roaring Moon\n|move|p1a: Ursaluna|Facade|p2a: Roaring Moon\n|-damage|p2a: Roaring Moon|0 fnt\n|faint|p2a: Roaring Moon\n|-end|p2a: Roaring Moon|Protosynthesis|[silent]\n|move|p2b: Groudon|Precipice Blades|p1a: Ursaluna|[spread] p1a,p1b\n|-crit|p1a: Ursaluna\n|-damage|p1a: Ursaluna|30/100 brn\n|-damage|p1b: Kyogre|0 fnt\n|faint|p1b: Kyogre\n|\n|-weather|SunnyDay|[upkeep]\n|-damage|p1a: Ursaluna|24/100 brn|[from] brn\n|-sideend|p1: yhbk|move: Tailwind\n|upkeep\n|\n|t:|1773125650\n|switch|p2a: Ditto|Ditto, L50|100/100\n|turn|5\n|\n|t:|1773125669\n|move|p2b: Groudon|Precipice Blades|p1a: Ursaluna\n|-damage|p1a: Ursaluna|0 fnt\n|faint|p1a: Ursaluna\n|\n|win|I\u2764\ufe0f\u5a1c\u7984forever\n|raw|yhbk's rating: 1416 &rarr; <strong>1397</strong><br />(-19 for losing)\n|raw|I\u2764\ufe0f\u5a1c\u7984forever's rating: 1440 &rarr; <strong>1459</strong><br />(+19 for winning)\n|l|\u2606I\u2764\ufe0f\u5a1c\u7984forever\n|player|p2|\n","uploadtime":1773125891,"views":16,"formatid":"gen9vgc2026regi","rating":1397,"private":0,"password":null}