{"id":"gen9vgc2026regi-2554371015","format":"[Gen 9] VGC 2026 Reg I","players":["dasabe\u76d6\u6b27\u5361\u4fa0","NatRus3"],"log":"|j|\u2606dasabe\u76d6\u6b27\u5361\u4fa0\n|j|\u2606NatRus3\n|t:|1772955400\n|gametype|doubles\n|player|p1|dasabe\u76d6\u6b27\u5361\u4fa0|may-masters4|1531\n|player|p2|NatRus3|102|1397\n|gen|9\n|tier|[Gen 9] VGC 2026 Reg I\n|rated|\n|rule|Species Clause: Limit one of each Pok\u00e9mon\n|rule|Item Clause: Limit 1 of each item\n|clearpoke\n|poke|p1|Kyogre, L50|\n|poke|p1|Miraidon, L50|\n|poke|p1|Whimsicott, L50, F|\n|poke|p1|Iron Hands, L50|\n|poke|p1|Farigiraf, L50, F|\n|poke|p1|Urshifu-*, L50, M|\n|poke|p2|Calyrex-Ice, L50|\n|poke|p2|Miraidon, L50|\n|poke|p2|Grimmsnarl, L50, M|\n|poke|p2|Urshifu-*, L50, M|\n|poke|p2|Incineroar, L50, F|\n|poke|p2|Landorus, L50, M|\n|teampreview|4\n|inactive|Battle timer is ON: inactive players will automatically lose when time's up. (requested by NatRus3)\n|\n|t:|1772955435\n|teamsize|p1|4\n|teamsize|p2|4\n|start\n|switch|p1a: \u5996\u820d\u7cbe\u62c9|Whimsicott, L50, F, shiny|100/100\n|switch|p1b: \u94f6\u91d1\u5996\u86c7|Miraidon, L50, shiny|100/100\n|switch|p2a: Incineroar|Incineroar, L50, F|100/100\n|switch|p2b: Calyrex|Calyrex-Ice, L50|100/100\n|-ability|p2b: Calyrex|As One\n|-ability|p2b: Calyrex|Unnerve\n|-fieldstart|move: Electric Terrain|[from] ability: Hadron Engine|[of] p1b: \u94f6\u91d1\u5996\u86c7\n|-ability|p2a: Incineroar|Intimidate|boost\n|-unboost|p1a: \u5996\u820d\u7cbe\u62c9|atk|1\n|-unboost|p1b: \u94f6\u91d1\u5996\u86c7|atk|1\n|turn|1\n|\n|t:|1772955455\n|switch|p1a: \u5c0f\u5934\u63a7\u5927\u5934|Farigiraf, L50, F, shiny|100/100\n|-enditem|p1a: \u5c0f\u5934\u63a7\u5927\u5934|Electric Seed\n|-boost|p1a: \u5c0f\u5934\u63a7\u5927\u5934|def|1|[from] item: Electric Seed\n|-terastallize|p1b: \u94f6\u91d1\u5996\u86c7|Fairy\n|-terastallize|p2a: Incineroar|Grass\n|move|p2a: Incineroar|Fake Out||[still]\n|cant|p1a: \u5c0f\u5934\u63a7\u5927\u5934|ability: Armor Tail|Fake Out|[of] p2a: Incineroar\n|move|p1b: \u94f6\u91d1\u5996\u86c7|Electro Drift|p2b: Calyrex\n|-damage|p2b: Calyrex|25/100\n|-damage|p1b: \u94f6\u91d1\u5996\u86c7|91/100|[from] item: Life Orb\n|move|p2b: Calyrex|Glacial Lance|p1a: \u5c0f\u5934\u63a7\u5927\u5934|[spread] p1a,p1b\n|-damage|p1a: \u5c0f\u5934\u63a7\u5927\u5934|69/100\n|-damage|p1b: \u94f6\u91d1\u5996\u86c7|46/100\n|\n|-heal|p2b: Calyrex|31/100|[from] item: Leftovers\n|upkeep\n|turn|2\n|inactive|NatRus3 has 30 seconds left.\n|\n|t:|1772955481\n|switch|p1a: \u5996\u820d\u7cbe\u62c9|Whimsicott, L50, F, shiny|100/100\n|move|p1b: \u94f6\u91d1\u5996\u86c7|Protect|p1b: \u94f6\u91d1\u5996\u86c7\n|-singleturn|p1b: \u94f6\u91d1\u5996\u86c7|Protect\n|move|p2b: Calyrex|Protect|p2b: Calyrex\n|-singleturn|p2b: Calyrex|Protect\n|move|p2a: Incineroar|Flare Blitz|p1b: \u94f6\u91d1\u5996\u86c7\n|-activate|p1b: \u94f6\u91d1\u5996\u86c7|move: Protect\n|\n|-heal|p2b: Calyrex|37/100|[from] item: Leftovers\n|upkeep\n|turn|3\n|\n|t:|1772955499\n|switch|p2b: Miraidon|Miraidon, L50|100/100\n|-activate|p2b: Miraidon|ability: Hadron Engine\n|move|p1a: \u5996\u820d\u7cbe\u62c9|Encore||[still]\n|-fail|p1a: \u5996\u820d\u7cbe\u62c9\n|move|p1b: \u94f6\u91d1\u5996\u86c7|Draco Meteor|p2a: Incineroar\n|-damage|p2a: Incineroar|8/100\n|-unboost|p1b: \u94f6\u91d1\u5996\u86c7|spa|2\n|-damage|p1b: \u94f6\u91d1\u5996\u86c7|36/100|[from] item: Life Orb\n|move|p2a: Incineroar|Flare Blitz|p1b: \u94f6\u91d1\u5996\u86c7\n|-damage|p1b: \u94f6\u91d1\u5996\u86c7|0 fnt\n|faint|p1b: \u94f6\u91d1\u5996\u86c7\n|-damage|p2a: Incineroar|0 fnt|[from] Recoil\n|faint|p2a: Incineroar\n|\n|upkeep\n|\n|t:|1772955518\n|switch|p1b: \u6210\u90fd\u8001\u76d6|Kyogre, L50, shiny|100/100\n|switch|p2a: Calyrex|Calyrex-Ice, L50|37/100\n|-ability|p2a: Calyrex|As One\n|-ability|p2a: Calyrex|Unnerve\n|-weather|RainDance|[from] ability: Drizzle|[of] p1b: \u6210\u90fd\u8001\u76d6\n|turn|4\n|\n|t:|1772955531\n|switch|p1b: \u5c0f\u5934\u63a7\u5927\u5934|Farigiraf, L50, F, shiny|69/100\n|move|p2a: Calyrex|Protect|p2a: Calyrex\n|-singleturn|p2a: Calyrex|Protect\n|move|p1a: \u5996\u820d\u7cbe\u62c9|Tailwind|p1a: \u5996\u820d\u7cbe\u62c9\n|-sidestart|p1: dasabe\u76d6\u6b27\u5361\u4fa0|move: Tailwind\n|move|p2b: Miraidon|Electro Drift|p1b: \u5c0f\u5934\u63a7\u5927\u5934\n|-damage|p1b: \u5c0f\u5934\u63a7\u5927\u5934|0 fnt\n|faint|p1b: \u5c0f\u5934\u63a7\u5927\u5934\n|\n|-weather|RainDance|[upkeep]\n|-heal|p2a: Calyrex|43/100|[from] item: Leftovers\n|upkeep\n|\n|t:|1772955536\n|switch|p1b: \u6210\u90fd\u8001\u76d6|Kyogre, L50, shiny|100/100\n|turn|5\n|\n|t:|1772955555\n|switch|p2a: Urshifu|Urshifu-Rapid-Strike, L50, M|100/100\n|move|p1a: \u5996\u820d\u7cbe\u62c9|Moonblast|p2b: Miraidon\n|-supereffective|p2b: Miraidon\n|-damage|p2b: Miraidon|56/100\n|move|p1b: \u6210\u90fd\u8001\u76d6|Water Spout|p2b: Miraidon|[spread] p2a,p2b\n|-resisted|p2a: Urshifu\n|-resisted|p2b: Miraidon\n|-damage|p2a: Urshifu|20/100\n|-damage|p2b: Miraidon|0 fnt\n|faint|p2b: Miraidon\n|\n|-weather|RainDance|[upkeep]\n|-fieldend|move: Electric Terrain\n|upkeep\n|\n|t:|1772955569\n|switch|p2b: Calyrex|Calyrex-Ice, L50|43/100\n|-ability|p2b: Calyrex|As One\n|-ability|p2b: Calyrex|Unnerve\n|turn|6\n|\n|t:|1772955580\n|move|p2a: Urshifu|Aqua Jet|p1b: \u6210\u90fd\u8001\u76d6\n|-resisted|p1b: \u6210\u90fd\u8001\u76d6\n|-crit|p1b: \u6210\u90fd\u8001\u76d6\n|-damage|p1b: \u6210\u90fd\u8001\u76d6|62/100\n|move|p1a: \u5996\u820d\u7cbe\u62c9|Moonblast|p2a: Urshifu\n|-supereffective|p2a: Urshifu\n|-damage|p2a: Urshifu|0 fnt\n|faint|p2a: Urshifu\n|move|p1b: \u6210\u90fd\u8001\u76d6|Water Spout|p2b: Calyrex\n|-damage|p2b: Calyrex|0 fnt\n|faint|p2b: Calyrex\n|\n|win|dasabe\u76d6\u6b27\u5361\u4fa0\n|raw|dasabe\u76d6\u6b27\u5361\u4fa0's rating: 1531 &rarr; <strong>1544</strong><br />(+13 for winning)\n|raw|NatRus3's rating: 1397 &rarr; <strong>1384</strong><br />(-13 for losing)\n","uploadtime":1772955586,"views":13,"formatid":"gen9vgc2026regi","rating":1384,"private":0,"password":null}