{"id":"gen9vgc2026regi-2568786080","format":"[Gen 9] VGC 2026 Reg I","players":["Tyringout","chrisjhall12"],"log":"|j|\u2606Tyringout\n|j|\u2606chrisjhall12\n|t:|1774622863\n|gametype|doubles\n|player|p1|Tyringout|101|1417\n|player|p2|chrisjhall12|dawn|1498\n|gen|9\n|tier|[Gen 9] VGC 2026 Reg I\n|rated|\n|rule|Species Clause: Limit one of each Pok\u00e9mon\n|rule|Item Clause: Limit 1 of each item\n|clearpoke\n|poke|p1|Zamazenta-*, L50|\n|poke|p1|Miraidon, L50|\n|poke|p1|Whimsicott, L50, F|\n|poke|p1|Farigiraf, L50, F|\n|poke|p1|Ogerpon-Cornerstone, L50, F|\n|poke|p1|Volcarona, L50, M|\n|poke|p2|Zamazenta-*, L50|\n|poke|p2|Miraidon, L50|\n|poke|p2|Chien-Pao, L50|\n|poke|p2|Whimsicott, L50, F|\n|poke|p2|Incineroar, L50, F|\n|poke|p2|Ogerpon-Hearthflame, L50, F|\n|teampreview|4\n|\n|t:|1774622933\n|teamsize|p1|4\n|teamsize|p2|4\n|start\n|switch|p1a: Miraidon|Miraidon, L50, shiny|100/100\n|switch|p1b: Farigiraf|Farigiraf, L50, F|100/100\n|switch|p2a: Miraidon|Miraidon, L50|100/100\n|switch|p2b: Incineroar|Incineroar, L50, F|100/100\n|-fieldstart|move: Electric Terrain|[from] ability: Hadron Engine|[of] p1a: Miraidon\n|-enditem|p1b: Farigiraf|Electric Seed\n|-boost|p1b: Farigiraf|def|1|[from] item: Electric Seed\n|-activate|p2a: Miraidon|ability: Hadron Engine\n|-ability|p2b: Incineroar|Intimidate|boost\n|-unboost|p1a: Miraidon|atk|1\n|-unboost|p1b: Farigiraf|atk|1\n|turn|1\n|j| Hao_poke\n|\n|t:|1774622976\n|switch|p2a: Zamazenta|Zamazenta-Crowned, L50|100/100\n|-ability|p2a: Zamazenta|Dauntless Shield|boost\n|-boost|p2a: Zamazenta|def|1\n|-terastallize|p1a: Miraidon|Electric\n|move|p1a: Miraidon|Electro Drift|p2b: Incineroar\n|-damage|p2b: Incineroar|13/100\n|-damage|p1a: Miraidon|84/100|[from] item: Rocky Helmet|[of] p2b: Incineroar\n|move|p2b: Incineroar|Parting Shot|p1a: Miraidon\n|-unboost|p1a: Miraidon|atk|1\n|-unboost|p1a: Miraidon|spa|1\n|\n|t:|1774622990\n|switch|p2b: Miraidon|Miraidon, L50|100/100|[from] Parting Shot\n|-activate|p2b: Miraidon|ability: Hadron Engine\n|move|p1b: Farigiraf|Psychic|p2a: Zamazenta\n|-damage|p2a: Zamazenta|77/100\n|\n|upkeep\n|turn|2\n|\n|t:|1774623008\n|move|p1a: Miraidon|Volt Switch|p2a: Zamazenta\n|-damage|p2a: Zamazenta|36/100\n|\n|t:|1774623015\n|switch|p1a: Ogerpon|Ogerpon-Cornerstone, L50, F|100/100|[from] Volt Switch\n|move|p2a: Zamazenta|Body Press|p1a: Ogerpon\n|-supereffective|p1a: Ogerpon\n|-ability|p1a: Ogerpon|Sturdy\n|-damage|p1a: Ogerpon|1/100\n|move|p2b: Miraidon|Electro Drift|p1a: Ogerpon\n|-resisted|p1a: Ogerpon\n|-damage|p1a: Ogerpon|0 fnt\n|faint|p1a: Ogerpon\n|move|p1b: Farigiraf|Psychic|p2a: Zamazenta\n|-damage|p2a: Zamazenta|12/100\n|-unboost|p2a: Zamazenta|spd|1\n|\n|upkeep\n|\n|t:|1774623026\n|switch|p1a: Miraidon|Miraidon, L50, shiny, tera:Electric|84/100\n|-activate|p1a: Miraidon|ability: Hadron Engine\n|turn|3\n|\n|t:|1774623048\n|switch|p2b: Incineroar|Incineroar, L50, F|13/100\n|-ability|p2b: Incineroar|Intimidate|boost\n|-unboost|p1a: Miraidon|atk|1\n|-unboost|p1b: Farigiraf|atk|1\n|move|p1a: Miraidon|Volt Switch|p2b: Incineroar\n|-damage|p2b: Incineroar|0 fnt\n|faint|p2b: Incineroar\n|\n|t:|1774623053\n|switch|p1a: Zamazenta|Zamazenta-Crowned, L50|100/100|[from] Volt Switch\n|-ability|p1a: Zamazenta|Dauntless Shield|boost\n|-boost|p1a: Zamazenta|def|1\n|move|p2a: Zamazenta|Body Press|p1a: Zamazenta\n|-supereffective|p1a: Zamazenta\n|-damage|p1a: Zamazenta|45/100\n|move|p1b: Farigiraf|Psychic|p2a: Zamazenta\n|-damage|p2a: Zamazenta|0 fnt\n|faint|p2a: Zamazenta\n|\n|upkeep\n|l| Hao_poke\n|\n|t:|1774623065\n|switch|p2a: Chien-Pao|Chien-Pao, L50|100/100\n|switch|p2b: Miraidon|Miraidon, L50|100/100\n|-ability|p2a: Chien-Pao|Sword of Ruin\n|-activate|p2b: Miraidon|ability: Hadron Engine\n|turn|4\n|j| Hao_poke\n|\n|t:|1774623112\n|move|p2a: Chien-Pao|Protect|p2a: Chien-Pao\n|-singleturn|p2a: Chien-Pao|Protect\n|move|p1a: Zamazenta|Protect|p1a: Zamazenta\n|-singleturn|p1a: Zamazenta|Protect\n|move|p2b: Miraidon|Dazzling Gleam|p1b: Farigiraf|[spread] p1b\n|-activate|p1a: Zamazenta|move: Protect\n|-damage|p1b: Farigiraf|58/100\n|move|p1b: Farigiraf|Trick Room|p1b: Farigiraf\n|-fieldstart|move: Trick Room|[of] p1b: Farigiraf\n|\n|upkeep\n|turn|5\n|\n|t:|1774623131\n|-terastallize|p2b: Miraidon|Fairy\n|move|p1b: Farigiraf|Foul Play|p2a: Chien-Pao\n|-resisted|p2a: Chien-Pao\n|-damage|p2a: Chien-Pao|79/100\n|move|p2b: Miraidon|Dazzling Gleam|p1a: Zamazenta|[spread] p1a,p1b\n|-damage|p1a: Zamazenta|0 fnt\n|-damage|p1b: Farigiraf|0 fnt\n|faint|p1a: Zamazenta\n|faint|p1b: Farigiraf\n|move|p2a: Chien-Pao|Crunch|p1: Zamazenta|[notarget]\n|-fail|p2a: Chien-Pao\n|\n|-fieldend|move: Electric Terrain\n|upkeep\n|\n|t:|1774623137\n|switch|p1b: Miraidon|Miraidon, L50, shiny, tera:Electric|84/100\n|-fieldstart|move: Electric Terrain|[from] ability: Hadron Engine|[of] p1b: Miraidon\n|turn|6\n|\n|t:|1774623149\n|move|p2a: Chien-Pao|Sucker Punch|p1b: Miraidon\n|-crit|p1b: Miraidon\n|-damage|p1b: Miraidon|14/100\n|move|p2b: Miraidon|Dazzling Gleam|p1b: Miraidon\n|-damage|p1b: Miraidon|0 fnt\n|faint|p1b: Miraidon\n|\n|win|chrisjhall12\n|raw|Tyringout's rating: 1417 &rarr; <strong>1402</strong><br />(-15 for losing)\n|raw|chrisjhall12's rating: 1498 &rarr; <strong>1513</strong><br />(+15 for winning)\n|l|\u2606Tyringout\n|player|p1|\n|l| Hao_poke\n|l|\u2606chrisjhall12\n|player|p2|\n","uploadtime":1774623341,"views":18,"formatid":"gen9vgc2026regi","rating":1402,"private":0,"password":null}