{"id":"gen9vgc2026regi-2565571748","format":"[Gen 9] VGC 2026 Reg I","players":["ryankun26","Shagrathisbeast"],"log":"|j|\u2606ryankun26\n|j|\u2606Shagrathisbeast\n|t:|1774286211\n|gametype|doubles\n|player|p1|ryankun26|hilda|1271\n|player|p2|Shagrathisbeast|101|1372\n|gen|9\n|tier|[Gen 9] VGC 2026 Reg I\n|rated|\n|rule|Species Clause: Limit one of each Pok\u00e9mon\n|rule|Item Clause: Limit 1 of each item\n|clearpoke\n|poke|p1|Incineroar, L50, M|\n|poke|p1|Roaring Moon, L50|\n|poke|p1|Terapagos, L50, M|\n|poke|p1|Zacian-*, L50|\n|poke|p1|Rillaboom, L50, M|\n|poke|p1|Dusclops, L50, M|\n|poke|p2|Zacian-*, L50|\n|poke|p2|Tornadus, L50, M|\n|poke|p2|Urshifu-*, L50, F|\n|poke|p2|Iron Valiant, L50|\n|poke|p2|Brute Bonnet, L50|\n|poke|p2|Miraidon, L50|\n|teampreview|4\n|inactive|Battle timer is ON: inactive players will automatically lose when time's up. (requested by ryankun26)\n|inactive|ryankun26 has 60 seconds left.\n|inactive|Shagrathisbeast has 60 seconds left.\n|\n|t:|1774286253\n|teamsize|p1|4\n|teamsize|p2|4\n|start\n|switch|p1a: Dusclops|Dusclops, L50, M|100/100\n|switch|p1b: Rillaboom|Rillaboom, L50, M|100/100\n|switch|p2a: Iron Valiant|Iron Valiant, L50, shiny|100/100\n|switch|p2b: Miraidon|Miraidon, L50|100/100\n|-fieldstart|move: Electric Terrain|[from] ability: Hadron Engine|[of] p2b: Miraidon\n|-activate|p2a: Iron Valiant|ability: Quark Drive\n|-start|p2a: Iron Valiant|quarkdrivespe\n|-fieldstart|move: Grassy Terrain|[from] ability: Grassy Surge|[of] p1b: Rillaboom\n|-end|p2a: Iron Valiant|Quark Drive\n|-ability|p1a: Dusclops|Pressure\n|turn|1\n|\n|t:|1774286273\n|switch|p2b: Zacian|Zacian-Crowned, L50, shiny|100/100\n|-ability|p2b: Zacian|Intrepid Sword|boost\n|-boost|p2b: Zacian|atk|1\n|move|p1b: Rillaboom|Fake Out|p2a: Iron Valiant\n|-damage|p2a: Iron Valiant|86/100\n|move|p2a: Iron Valiant|Coaching|p2b: Zacian\n|-boost|p2b: Zacian|atk|1\n|-boost|p2b: Zacian|def|1\n|move|p1a: Dusclops|Trick Room|p1a: Dusclops\n|-fieldstart|move: Trick Room|[of] p1a: Dusclops\n|\n|-heal|p2a: Iron Valiant|92/100|[from] Grassy Terrain\n|upkeep\n|turn|2\n|inactive|Shagrathisbeast has 30 seconds left.\n|\n|t:|1774286303\n|move|p2b: Zacian|Protect|p2b: Zacian\n|-singleturn|p2b: Zacian|Protect\n|move|p1a: Dusclops|Will-O-Wisp|p2b: Zacian\n|-activate|p2b: Zacian|move: Protect\n|move|p1b: Rillaboom|Wood Hammer|p2a: Iron Valiant\n|-damage|p2a: Iron Valiant|12/100\n|-damage|p1b: Rillaboom|77/100|[from] Recoil\n|move|p2a: Iron Valiant|Coaching|p2b: Zacian\n|-boost|p2b: Zacian|atk|1\n|-boost|p2b: Zacian|def|1\n|\n|-heal|p1b: Rillaboom|83/100|[from] Grassy Terrain\n|-heal|p2a: Iron Valiant|18/100|[from] Grassy Terrain\n|upkeep\n|turn|3\n|\n|t:|1774286325\n|-end|p2a: Iron Valiant|Quark Drive|[silent]\n|switch|p2a: Miraidon|Miraidon, L50|100/100\n|-fieldstart|move: Electric Terrain|[from] ability: Hadron Engine|[of] p2a: Miraidon\n|move|p1a: Dusclops|Will-O-Wisp|p2b: Zacian|[miss]\n|-miss|p1a: Dusclops|p2b: Zacian\n|move|p1b: Rillaboom|Wood Hammer|p2a: Miraidon\n|-resisted|p2a: Miraidon\n|-damage|p2a: Miraidon|74/100\n|-damage|p1b: Rillaboom|75/100|[from] Recoil\n|move|p2b: Zacian|Behemoth Blade|p1b: Rillaboom\n|-damage|p1b: Rillaboom|0 fnt\n|faint|p1b: Rillaboom\n|\n|upkeep\n|\n|t:|1774286334\n|switch|p1b: Terapagos|Terapagos, L50, M|100/100\n|-activate|p1b: Terapagos|ability: Tera Shift\n|detailschange|p1b: Terapagos|Terapagos-Terastal, L50, M\n|-heal|p1b: Terapagos|100/100|[silent]\n|turn|4\n|\n|t:|1774286347\n|move|p2b: Zacian|Protect|p2b: Zacian\n|-singleturn|p2b: Zacian|Protect\n|move|p1a: Dusclops|Will-O-Wisp|p2b: Zacian\n|-activate|p2b: Zacian|move: Protect\n|move|p1b: Terapagos|Meteor Beam||[still]\n|-prepare|p1b: Terapagos|Meteor Beam\n|-boost|p1b: Terapagos|spa|1\n|-enditem|p1b: Terapagos|Power Herb\n|-anim|p1b: Terapagos|Meteor Beam|p2a: Miraidon\n|-damage|p2a: Miraidon|30/100\n|move|p2a: Miraidon|Volt Switch|p1a: Dusclops\n|-damage|p1a: Dusclops|47/100\n|\n|t:|1774286362\n|switch|p2a: Iron Valiant|Iron Valiant, L50, shiny|18/100|[from] Volt Switch\n|-activate|p2a: Iron Valiant|ability: Quark Drive\n|-start|p2a: Iron Valiant|quarkdrivespe\n|\n|upkeep\n|turn|5\n|\n|t:|1774286385\n|move|p2a: Iron Valiant|Wide Guard|p2a: Iron Valiant\n|-singleturn|p2a: Iron Valiant|Wide Guard\n|move|p1a: Dusclops|Pain Split|p2b: Zacian\n|-sethp|p2b: Zacian|70/100|[from] move: Pain Split|[silent]\n|-sethp|p1a: Dusclops|83/100|[from] move: Pain Split\n|move|p1b: Terapagos|Tera Starstorm|p2b: Zacian\n|-resisted|p2b: Zacian\n|-damage|p2b: Zacian|36/100\n|move|p2b: Zacian|Behemoth Blade|p1a: Dusclops\n|-damage|p1a: Dusclops|15/100\n|\n|-fieldend|move: Trick Room\n|upkeep\n|turn|6\n|inactive|Shagrathisbeast has 30 seconds left.\n|\n|t:|1774286411\n|move|p1b: Terapagos|Protect|p1b: Terapagos\n|-singleturn|p1b: Terapagos|Protect\n|move|p2a: Iron Valiant|Moonblast|p1b: Terapagos\n|-activate|p1b: Terapagos|move: Protect\n|move|p2b: Zacian|Behemoth Blade|p1a: Dusclops\n|-damage|p1a: Dusclops|0 fnt\n|faint|p1a: Dusclops\n|\n|upkeep\n|\n|t:|1774286418\n|switch|p1a: Zacian|Zacian-Crowned, L50|100/100\n|-ability|p1a: Zacian|Intrepid Sword|boost\n|-boost|p1a: Zacian|atk|1\n|turn|7\n|\n|t:|1774286443\n|-terastallize|p1a: Zacian|Water\n|move|p2b: Zacian|Protect|p2b: Zacian\n|-singleturn|p2b: Zacian|Protect\n|move|p2a: Iron Valiant|Icy Wind|p1b: Terapagos|[spread] p1a,p1b\n|-resisted|p1a: Zacian\n|-activate|p1b: Terapagos|ability: Tera Shell\n|-resisted|p1b: Terapagos\n|-damage|p1a: Zacian|95/100\n|-damage|p1b: Terapagos|95/100\n|-unboost|p1a: Zacian|spe|1\n|-unboost|p1b: Terapagos|spe|1\n|move|p1a: Zacian|Behemoth Blade|p2b: Zacian\n|-activate|p2b: Zacian|move: Protect\n|move|p1b: Terapagos|Tera Starstorm|p2a: Iron Valiant\n|-damage|p2a: Iron Valiant|0 fnt\n|faint|p2a: Iron Valiant\n|-end|p2a: Iron Valiant|Quark Drive|[silent]\n|\n|-fieldend|move: Electric Terrain\n|upkeep\n|c|\u2606ryankun26|GG\n|\n|t:|1774286462\n|switch|p2a: Tornadus|Tornadus, L50, M|100/100\n|turn|8\n|c|\u2606ryankun26|This is strange to ask, but could I get a paste for your team?\n|c|\u2606ryankun26|It's fine if not, or even if you just give ots\n|c|\u2606ryankun26|I really like it!\n|inactive|ryankun26 has 30 seconds left.\n|\n|t:|1774286493\n|move|p1b: Terapagos|Protect|p1b: Terapagos\n|-singleturn|p1b: Terapagos|Protect\n|move|p2a: Tornadus|Tailwind|p2a: Tornadus\n|-sidestart|p2: Shagrathisbeast|move: Tailwind\n|move|p2b: Zacian|Behemoth Blade|p1b: Terapagos\n|-activate|p1b: Terapagos|move: Protect\n|move|p1a: Zacian|Behemoth Blade|p2b: Zacian\n|-damage|p2b: Zacian|0 fnt\n|faint|p2b: Zacian\n|\n|upkeep\n|\n|t:|1774286499\n|switch|p2b: Miraidon|Miraidon, L50|30/100\n|-fieldstart|move: Electric Terrain|[from] ability: Hadron Engine|[of] p2b: Miraidon\n|turn|9\n|inactive|Shagrathisbeast has 30 seconds left.\n|inactive|Shagrathisbeast has 20 seconds left.\n|\n|t:|1774286534\n|move|p2b: Miraidon|Electro Drift|p1b: Terapagos\n|-damage|p1b: Terapagos|0 fnt\n|faint|p1b: Terapagos\n|move|p2a: Tornadus|Bleakwind Storm|p1a: Zacian\n|-damage|p1a: Zacian|46/100\n|move|p1a: Zacian|Sacred Sword|p2b: Miraidon\n|-damage|p2b: Miraidon|0 fnt\n|faint|p2b: Miraidon\n|\n|upkeep\n|turn|10\n|\n|t:|1774286545\n|move|p2a: Tornadus|Bleakwind Storm|p1a: Zacian\n|-damage|p1a: Zacian|0 fnt\n|faint|p1a: Zacian\n|\n|win|Shagrathisbeast\n|raw|ryankun26's rating: 1271 &rarr; <strong>1253</strong><br />(-18 for losing)\n|raw|Shagrathisbeast's rating: 1372 &rarr; <strong>1386</strong><br />(+14 for winning)\n|c|\u2606Shagrathisbeast|gg, it was clos\n|c|\u2606Shagrathisbeast|close\n|c|\u2606ryankun26|That got closer than I thought it would haha\n|c|\u2606ryankun26|GG indeed\n|c|\u2606ryankun26|Cool team\n|c|\u2606ryankun26|Coaching and zacian go hard\n|c|\u2606Shagrathisbeast|I can give you ots only since I'm bringing it to tourney. I also will probably make some changes\n|c|\u2606ryankun26|All g\n|c|\u2606ryankun26|I'm not gonna copy completely, I just want to see what the full layout looks like\n|c|\u2606Shagrathisbeast|https://pokepast.es/33ab9d94bfe1f0a1\n|c|\u2606ryankun26|Thanks, man\n|c|\u2606Shagrathisbeast|Np!\n|c|\u2606ryankun26|Want mine, too?\n|c|\u2606Shagrathisbeast|Sure!\n|c|\u2606ryankun26|It's cool if not haha\n|c|\u2606ryankun26|https://pokepast.es/a5ba1ed0eb0b6845\n|c|\u2606ryankun26|Enjoy, EV's and all\n|c|\u2606Shagrathisbeast|Thanks\n|c|\u2606ryankun26|You're welcome\n","uploadtime":1774286694,"views":10,"formatid":"gen9vgc2026regi","rating":1253,"private":0,"password":null}