{"id":"gen9vgc2026regi-2561930957","format":"[Gen 9] VGC 2026 Reg I","players":["Rillabossman","yutarotaku"],"log":"|j|\u2606Rillabossman\n|j|\u2606yutarotaku\n|t:|1773855735\n|gametype|doubles\n|player|p1|Rillabossman|burglar|1421\n|player|p2|yutarotaku|101|1422\n|gen|9\n|tier|[Gen 9] VGC 2026 Reg I\n|rated|\n|rule|Species Clause: Limit one of each Pok\u00e9mon\n|rule|Item Clause: Limit 1 of each item\n|clearpoke\n|poke|p1|Rayquaza, L50|\n|poke|p1|Urshifu-*, L50, M|\n|poke|p1|Calyrex-Ice, L50|\n|poke|p1|Tinkaton, L50, F|\n|poke|p1|Gouging Fire, L50|\n|poke|p1|Ogerpon-Cornerstone, L50, F|\n|poke|p2|Zamazenta-*, L50|\n|poke|p2|Landorus, L50, M|\n|poke|p2|Rillaboom, L50, M|\n|poke|p2|Kyogre, L50|\n|poke|p2|Tornadus, L50, M|\n|poke|p2|Brute Bonnet, L50|\n|teampreview|4\n|c|\u2606Rillabossman|glhf\n|\n|t:|1773855775\n|teamsize|p1|4\n|teamsize|p2|4\n|start\n|switch|p1a: Calyrex|Calyrex-Ice, L50|100/100\n|switch|p1b: Urshifu|Urshifu-Rapid-Strike, L50, M|100/100\n|switch|p2a: Tornadus|Tornadus, L50, M|100/100\n|switch|p2b: Kyogre|Kyogre, L50|100/100\n|-ability|p1a: Calyrex|As One\n|-ability|p1a: Calyrex|Unnerve\n|-weather|RainDance|[from] ability: Drizzle|[of] p2b: Kyogre\n|turn|1\n|\n|t:|1773855799\n|switch|p1b: Rayquaza|Rayquaza, L50, shiny|100/100\n|-ability|p1b: Rayquaza|Air Lock\n|-terastallize|p2b: Kyogre|Water\n|move|p2a: Tornadus|Tailwind|p2a: Tornadus\n|-sidestart|p2: yutarotaku|move: Tailwind\n|move|p2b: Kyogre|Water Spout|p1a: Calyrex|[spread] p1a,p1b\n|-resisted|p1b: Rayquaza\n|-damage|p1a: Calyrex|37/100\n|-damage|p1b: Rayquaza|69/100\n|move|p1a: Calyrex|Glacial Lance|p2a: Tornadus|[spread] p2a,p2b\n|-supereffective|p2a: Tornadus\n|-resisted|p2b: Kyogre\n|-damage|p2a: Tornadus|12/100\n|-damage|p2b: Kyogre|75/100\n|\n|-weather|RainDance|[upkeep]\n|-heal|p1a: Calyrex|43/100|[from] item: Leftovers\n|upkeep\n|turn|2\n|\n|t:|1773855822\n|move|p1a: Calyrex|Protect|p1a: Calyrex\n|-singleturn|p1a: Calyrex|Protect\n|move|p2b: Kyogre|Water Spout|p1a: Calyrex|[spread] p1b\n|-activate|p1a: Calyrex|move: Protect\n|-resisted|p1b: Rayquaza\n|-damage|p1b: Rayquaza|44/100\n|move|p2a: Tornadus|Bleakwind Storm|p1a: Calyrex|[spread] p1b\n|-activate|p1a: Calyrex|move: Protect\n|-damage|p1b: Rayquaza|20/100\n|move|p1b: Rayquaza|Dragon Ascent|p2b: Kyogre\n|-damage|p2b: Kyogre|0 fnt\n|-unboost|p1b: Rayquaza|def|1\n|-unboost|p1b: Rayquaza|spd|1\n|faint|p2b: Kyogre\n|\n|-weather|RainDance|[upkeep]\n|-heal|p1a: Calyrex|49/100|[from] item: Leftovers\n|upkeep\n|\n|t:|1773855838\n|switch|p2b: Zamazenta|Zamazenta-Crowned, L50|100/100\n|-ability|p2b: Zamazenta|Dauntless Shield|boost\n|-boost|p2b: Zamazenta|def|1\n|turn|3\n|\n|t:|1773855850\n|-terastallize|p1a: Calyrex|Fairy\n|move|p1b: Rayquaza|Extreme Speed|p2a: Tornadus\n|-damage|p2a: Tornadus|0 fnt\n|faint|p2a: Tornadus\n|move|p2b: Zamazenta|Body Press|p1a: Calyrex\n|-resisted|p1a: Calyrex\n|-damage|p1a: Calyrex|28/100\n|move|p1a: Calyrex|Leech Seed|p2b: Zamazenta\n|-start|p2b: Zamazenta|move: Leech Seed\n|\n|-weather|RainDance|[upkeep]\n|-heal|p1a: Calyrex|34/100|[from] item: Leftovers\n|-damage|p2b: Zamazenta|88/100|[from] Leech Seed|[of] p1a: Calyrex\n|-heal|p1a: Calyrex|46/100|[silent]\n|upkeep\n|\n|t:|1773855860\n|switch|p2a: Rillaboom|Rillaboom, L50, M|100/100\n|-fieldstart|move: Grassy Terrain|[from] ability: Grassy Surge|[of] p2a: Rillaboom\n|turn|4\n|\n|t:|1773855869\n|move|p1a: Calyrex|Protect|p1a: Calyrex\n|-singleturn|p1a: Calyrex|Protect\n|move|p2a: Rillaboom|Fake Out|p1b: Rayquaza\n|-damage|p1b: Rayquaza|0 fnt\n|faint|p1b: Rayquaza\n|move|p2b: Zamazenta|Heavy Slam|p1a: Calyrex\n|-activate|p1a: Calyrex|move: Protect\n|\n|-weather|RainDance|[upkeep]\n|-heal|p2b: Zamazenta|94/100|[from] Grassy Terrain\n|-heal|p1a: Calyrex|52/100|[from] Grassy Terrain\n|-heal|p1a: Calyrex|58/100|[from] item: Leftovers\n|-damage|p2b: Zamazenta|82/100|[from] Leech Seed|[of] p1a: Calyrex\n|-heal|p1a: Calyrex|69/100|[silent]\n|-sideend|p2: yutarotaku|move: Tailwind\n|upkeep\n|\n|t:|1773855877\n|switch|p1b: Ogerpon|Ogerpon-Cornerstone, L50, F|100/100\n|turn|5\n|\n|t:|1773855886\n|move|p1b: Ogerpon|Follow Me|p1b: Ogerpon\n|-singleturn|p1b: Ogerpon|move: Follow Me\n|move|p2b: Zamazenta|Heavy Slam|p1b: Ogerpon\n|-supereffective|p1b: Ogerpon\n|-ability|p1b: Ogerpon|Sturdy\n|-damage|p1b: Ogerpon|1/100\n|move|p2a: Rillaboom|Wood Hammer|p1b: Ogerpon\n|-damage|p1b: Ogerpon|0 fnt\n|faint|p1b: Ogerpon\n|-damage|p2a: Rillaboom|99/100|[from] Recoil\n|move|p1a: Calyrex|Glacial Lance|p2b: Zamazenta|[spread] p2a,p2b\n|-supereffective|p2a: Rillaboom\n|-crit|p2a: Rillaboom\n|-resisted|p2b: Zamazenta\n|-damage|p2a: Rillaboom|0 fnt\n|-damage|p2b: Zamazenta|72/100\n|faint|p2a: Rillaboom\n|-ability|p1a: Calyrex|Chilling Neigh|boost\n|-boost|p1a: Calyrex|atk|1\n|\n|-weather|none\n|-heal|p2b: Zamazenta|79/100|[from] Grassy Terrain\n|-heal|p1a: Calyrex|75/100|[from] Grassy Terrain\n|-heal|p1a: Calyrex|81/100|[from] item: Leftovers\n|-damage|p2b: Zamazenta|66/100|[from] Leech Seed|[of] p1a: Calyrex\n|-heal|p1a: Calyrex|93/100|[silent]\n|upkeep\n|-message|yutarotaku forfeited.\n|\n|win|Rillabossman\n|raw|Rillabossman's rating: 1421 &rarr; <strong>1441</strong><br />(+20 for winning)\n|raw|yutarotaku's rating: 1422 &rarr; <strong>1402</strong><br />(-20 for losing)\n|l|\u2606yutarotaku\n|player|p2|\n|j| mr.sylent\n|j| ghostistheman\n|j| Sonicutopia\n|l| ghostistheman\n|j| yuirs gsb\n|l| yuirs gsb\n","uploadtime":1773856051,"views":13,"formatid":"gen9vgc2026regi","rating":1402,"private":0,"password":null}