{"id":"gen9vgc2026regi-2564385717","format":"[Gen 9] VGC 2026 Reg I","players":["4Test4","Wikdchikn"],"log":"|j|\u26064Test4\n|j|\u2606Wikdchikn\n|t:|1774139500\n|gametype|doubles\n|player|p1|4Test4|blue|\n|player|p2|Wikdchikn|cameraman|\n|gen|9\n|tier|[Gen 9] VGC 2026 Reg I\n|rated|Tournament battle\n|rule|Species Clause: Limit one of each Pok\u00e9mon\n|rule|Item Clause: Limit 1 of each item\n|raw|<div class=\"infobox\"><details class=\"readmore\" open><summary><strong>3 custom rules:</strong></summary> Open Team Sheets, Force Open Team Sheets, !Open Team Sheets</details></div>\n|clearpoke\n|poke|p1|Koraidon, L50|\n|poke|p1|Calyrex-Shadow, L50|\n|poke|p1|Incineroar, L50, M|\n|poke|p1|Brute Bonnet, L50|\n|poke|p1|Weezing-Galar, L50, F|\n|poke|p1|Talonflame, L50, F|\n|poke|p2|Groudon, L50|\n|poke|p2|Exeggutor-Alola, L50, F|\n|poke|p2|Calyrex-Ice, L50|\n|poke|p2|Clefairy, L50, F|\n|poke|p2|Iron Hands, L50|\n|poke|p2|Garganacl, L50, M|\n|teampreview|4\n|showteam|p1|Koraidon||AbilityShield|OrichalcumPulse|FlameCharge,FlareBlitz,CollisionCourse,Protect||||||50|,,,,,Fire]Calyrex-Shadow||FocusSash|AsOneSpectrier|AstralBarrage,Psychic,PollenPuff,Protect||||||50|,,,,,Ghost]Incineroar||AssaultVest|Intimidate|FakeOut,FlareBlitz,KnockOff,Uturn|||M|||50|,,,,,Bug]Brute Bonnet||CovertCloak|Protosynthesis|RagePowder,Spore,SuckerPunch,SeedBomb||||||50|,,,,,Water]Weezing-Galar||Leftovers|NeutralizingGas|PoisonGas,DazzlingGleam,ClearSmog,Protect|||F|||50|,,,,,Water]Talonflame||ExpertBelt|GaleWings|DualWingbeat,Tailwind,UpperHand,Protect|||F|||50|,,,,,Ground\n|showteam|p2|Groudon||ClearAmulet|Drought|PrecipiceBlades,HeatCrash,HammerArm,Protect||||||50|,,,,,Fighting]Exeggutor-Alola||SitrusBerry|Harvest|TrickRoom,Gravity,GrassKnot,DracoMeteor|||F|||50|,,,,,Steel]Calyrex-Ice||Leftovers|AsOneGlastrier|TrickRoom,GlacialLance,HighHorsepower,Protect||||||50|,,,,,Water]Clefairy||Eviolite|FriendGuard|FollowMe,LifeDew,Moonblast,Protect|||F|||50|,,,,,Ghost]Iron Hands||AssaultVest|QuarkDrive|FakeOut,WildCharge,DrainPunch,HeavySlam||||||50|,,,,,Steel]Garganacl||RockyHelmet|PurifyingSalt|WideGuard,SaltCure,Gravity,Protect|||M|||50|,,,,,Ghost\n|inactive|Battle timer is ON: inactive players will automatically lose when time's up. (requested by Wikdchikn)\n|j| Centiskorch18\n|j| ray_on_1248_\n|c| Centiskorch18|wtf am I looking at\n|\n|t:|1774139530\n|teamsize|p1|4\n|teamsize|p2|4\n|start\n|switch|p1a: Pocot\u00f3!|Calyrex-Shadow, L50|100/100\n|switch|p1b: Fuma\u00e7a!|Weezing-Galar, L50, F|100/100\n|switch|p2a: Sea Salter|Garganacl, L50, M|100/100\n|switch|p2b: Exeggcuter|Exeggutor-Alola, L50, F|100/100\n|-ability|p1b: Fuma\u00e7a!|Neutralizing Gas\n|-ability|p1a: Pocot\u00f3!|As One\n|-ability|p1a: Pocot\u00f3!|Unnerve\n|turn|1\n|c| ray_on_1248_|gravity just for 15% is crazy\n|c|\u2606Wikdchikn|To hit flying types\n|inactive|4Test4 has 30 seconds left.\n|inactive|Wikdchikn has 30 seconds left.\n|c| ray_on_1248_|double gravity\n|inactive|Wikdchikn has 20 seconds left.\n|c| ray_on_1248_|ye, fair enough I guess\n|\n|t:|1774139572\n|move|p2a: Sea Salter|Wide Guard|p2a: Sea Salter\n|-singleturn|p2a: Sea Salter|Wide Guard\n|move|p1a: Pocot\u00f3!|Pollen Puff|p2b: Exeggcuter\n|-supereffective|p2b: Exeggcuter\n|-damage|p2b: Exeggcuter|42/100\n|move|p1b: Fuma\u00e7a!|Poison Gas|p2a: Sea Salter|[spread] \n|-activate|p2a: Sea Salter|move: Wide Guard\n|-activate|p2b: Exeggcuter|move: Wide Guard\n|move|p2b: Exeggcuter|Trick Room|p2b: Exeggcuter\n|-fieldstart|move: Trick Room|[of] p2b: Exeggcuter\n|\n|upkeep\n|turn|2\n|\n|t:|1774139594\n|move|p1a: Pocot\u00f3!|Protect|p1a: Pocot\u00f3!\n|-singleturn|p1a: Pocot\u00f3!|Protect\n|move|p2b: Exeggcuter|Draco Meteor|p1a: Pocot\u00f3!\n|-activate|p1a: Pocot\u00f3!|move: Protect\n|move|p2a: Sea Salter|Salt Cure|p1a: Pocot\u00f3!\n|-activate|p1a: Pocot\u00f3!|move: Protect\n|move|p1b: Fuma\u00e7a!|Poison Gas|p2b: Exeggcuter|[spread] p2a,p2b\n|-status|p2a: Sea Salter|psn\n|-status|p2b: Exeggcuter|psn\n|\n|-damage|p2b: Exeggcuter|29/100 psn|[from] psn\n|-damage|p2a: Sea Salter|88/100 psn|[from] psn\n|upkeep\n|turn|3\n|\n|t:|1774139620\n|switch|p2a: Kooleraidon|Groudon, L50|100/100\n|switch|p1a: Gavi\u00e3o!|Talonflame, L50, F|100/100\n|-enditem|p2b: Exeggcuter|Sitrus Berry|[eat]\n|-heal|p2b: Exeggcuter|54/100 psn|[from] item: Sitrus Berry\n|move|p2b: Exeggcuter|Draco Meteor|p1a: Gavi\u00e3o!\n|-damage|p1a: Gavi\u00e3o!|0 fnt\n|-unboost|p2b: Exeggcuter|spa|2\n|faint|p1a: Gavi\u00e3o!\n|move|p1b: Fuma\u00e7a!|Dazzling Gleam|p2b: Exeggcuter|[spread] p2a,p2b\n|-supereffective|p2b: Exeggcuter\n|-damage|p2a: Kooleraidon|84/100\n|-damage|p2b: Exeggcuter|24/100 psn\n|\n|-damage|p2b: Exeggcuter|12/100 psn|[from] psn\n|upkeep\n|c| ray_on_1248_|first time in a century, unnerve is actually good\n|\n|t:|1774139640\n|switch|p1a: Pocot\u00f3!|Calyrex-Shadow, L50|100/100\n|-ability|p1a: Pocot\u00f3!|As One\n|-ability|p1a: Pocot\u00f3!|Unnerve\n|turn|4\n|c| Centiskorch18|true tho\n|j| aurora ltd\n|inactive|4Test4 has 30 seconds left.\n|\n|t:|1774139668\n|move|p1b: Fuma\u00e7a!|Protect|p1b: Fuma\u00e7a!\n|-singleturn|p1b: Fuma\u00e7a!|Protect\n|move|p1a: Pocot\u00f3!|Protect|p1a: Pocot\u00f3!\n|-singleturn|p1a: Pocot\u00f3!|Protect\n|move|p2b: Exeggcuter|Grass Knot|p1a: Pocot\u00f3!\n|-activate|p1a: Pocot\u00f3!|move: Protect\n|move|p2a: Kooleraidon|Precipice Blades|p1b: Fuma\u00e7a!|[spread] \n|-activate|p1a: Pocot\u00f3!|move: Protect\n|-activate|p1b: Fuma\u00e7a!|move: Protect\n|\n|-damage|p2b: Exeggcuter|0 fnt|[from] psn\n|faint|p2b: Exeggcuter\n|upkeep\n|\n|t:|1774139678\n|switch|p2b: Honse|Calyrex-Ice, L50|100/100\n|-ability|p2b: Honse|As One\n|-ability|p2b: Honse|Unnerve\n|turn|5\n|c| ray_on_1248_|kooleraidon needs to hit now\n|\n|t:|1774139699\n|switch|p1a: Grau!|Koraidon, L50|100/100\n|-weather|SunnyDay|[from] ability: Orichalcum Pulse|[of] p1a: Grau!\n|-activate|p1a: Grau!|Orichalcum Pulse|[source]\n|-terastallize|p1b: Fuma\u00e7a!|Water\n|move|p2b: Honse|Glacial Lance|p1a: Grau!|[spread] p1a,p1b\n|-supereffective|p1a: Grau!\n|-resisted|p1b: Fuma\u00e7a!\n|-damage|p1a: Grau!|0 fnt\n|-damage|p1b: Fuma\u00e7a!|73/100\n|faint|p1a: Grau!\n|-ability|p2b: Honse|Chilling Neigh|boost\n|-boost|p2b: Honse|atk|1\n|move|p1b: Fuma\u00e7a!|Poison Gas|p2a: Kooleraidon|[spread] p2a,p2b\n|-status|p2a: Kooleraidon|psn\n|-status|p2b: Honse|psn\n|move|p2a: Kooleraidon|Heat Crash|p1b: Fuma\u00e7a!\n|-resisted|p1b: Fuma\u00e7a!\n|-damage|p1b: Fuma\u00e7a!|39/100\n|\n|-weather|SunnyDay|[upkeep]\n|-heal|p1b: Fuma\u00e7a!|45/100|[from] item: Leftovers\n|-damage|p2b: Honse|88/100 psn|[from] psn\n|-damage|p2a: Kooleraidon|72/100 psn|[from] psn\n|-fieldend|move: Trick Room\n|upkeep\n|c| Centiskorch18|why no gravity on the previous turn\n|\n|t:|1774139710\n|switch|p1a: Pocot\u00f3!|Calyrex-Shadow, L50|100/100\n|-ability|p1a: Pocot\u00f3!|As One\n|-ability|p1a: Pocot\u00f3!|Unnerve\n|turn|6\n|j| Rainpelt103\n|c|\u2606Wikdchikn|If there was no protect, then a KO\n|c| ray_on_1248_|kooleraidon doesn't need gravity\n|inactive|Wikdchikn has 30 seconds left.\n|c|\u26064Test4|This is so hard\n|\n|t:|1774139739\n|-terastallize|p2b: Honse|Water\n|move|p1a: Pocot\u00f3!|Astral Barrage|p2a: Kooleraidon|[spread] p2a,p2b\n|-damage|p2a: Kooleraidon|19/100 psn\n|-damage|p2b: Honse|48/100 psn\n|move|p2a: Kooleraidon|Precipice Blades|p1b: Fuma\u00e7a!|[spread] p1a,p1b\n|-damage|p1a: Pocot\u00f3!|36/100\n|-damage|p1b: Fuma\u00e7a!|0 fnt\n|faint|p1b: Fuma\u00e7a!\n|-end|p1b: Fuma\u00e7a!|ability: Neutralizing Gas\n|move|p2b: Honse|Glacial Lance|p1a: Pocot\u00f3!\n|-damage|p1a: Pocot\u00f3!|0 fnt\n|faint|p1a: Pocot\u00f3!\n|\n|win|Wikdchikn\n|n|\u26064Test4|4test4\n|n|\u2606Wikdchikn|wikdchikn\n|n| Centiskorch18|centiskorch18\n|n| ray_on_1248_|rayon1248\n|n| aurora ltd|auroraltd\n|n| Rainpelt103|rainpelt103\n|l| Rainpelt103\n|c|\u2606Wikdchikn|Gg\n|l| Centiskorch18\n|c|\u26064Test4|Gg\n|l|\u26064Test4\n|player|p1|\n|l|\u2606Wikdchikn\n|player|p2|\n|l| ray_on_1248_\n","uploadtime":1774139739,"views":10,"formatid":"gen9vgc2026regi","rating":null,"private":0,"password":null}