{"id":"gen9vgc2026regi-2564627118","format":"[Gen 9] VGC 2026 Reg I","players":["Lippix","clefci"],"log":"|j|\u2606Lippix\n|j|\u2606clefci\n|t:|1774177206\n|gametype|doubles\n|player|p1|Lippix|clown|1202\n|player|p2|clefci|2|1251\n|gen|9\n|tier|[Gen 9] VGC 2026 Reg I\n|rated|\n|rule|Species Clause: Limit one of each Pok\u00e9mon\n|rule|Item Clause: Limit 1 of each item\n|clearpoke\n|poke|p1|Brute Bonnet, L50|\n|poke|p1|Lunala, L50|\n|poke|p1|Ursaluna, L50, F|\n|poke|p1|Chi-Yu, L50|\n|poke|p1|Koraidon, L50|\n|poke|p1|Flutter Mane, L50|\n|poke|p2|Kyogre, L50|\n|poke|p2|Tornadus, L50, M|\n|poke|p2|Farigiraf, L50, M|\n|poke|p2|Zacian-*, L50|\n|poke|p2|Chien-Pao, L50|\n|poke|p2|Amoonguss, L50, M|\n|teampreview|4\n|inactive|Battle timer is ON: inactive players will automatically lose when time's up. (requested by clefci)\n|\n|t:|1774177225\n|teamsize|p1|4\n|teamsize|p2|4\n|start\n|switch|p1a: Lunala|Lunala, L50|100/100\n|switch|p1b: Flutter Mane|Flutter Mane, L50|100/100\n|switch|p2a: Zacian|Zacian-Crowned, L50|100/100\n|switch|p2b: Tornadus|Tornadus, L50, M|100/100\n|-ability|p2a: Zacian|Intrepid Sword|boost\n|-boost|p2a: Zacian|atk|1\n|turn|1\n|inactive|Lippix has 30 seconds left.\n|inactive|clefci has 30 seconds left.\n|inactive|clefci has 20 seconds left.\n|inactive|clefci has 15 seconds left.\n|\n|t:|1774177267\n|-terastallize|p2b: Tornadus|Steel\n|move|p2a: Zacian|Behemoth Blade|p1b: Flutter Mane\n|-supereffective|p1b: Flutter Mane\n|-enditem|p1b: Flutter Mane|Focus Sash\n|-damage|p1b: Flutter Mane|1/100\n|move|p1b: Flutter Mane|Shadow Ball|p2a: Zacian\n|-damage|p2a: Zacian|63/100\n|move|p2b: Tornadus|Bleakwind Storm|p1b: Flutter Mane|[spread] p1a,p1b\n|-damage|p1a: Lunala|87/100\n|-damage|p1b: Flutter Mane|0 fnt\n|faint|p1b: Flutter Mane\n|-end|p1b: Flutter Mane|Protosynthesis|[silent]\n|move|p1a: Lunala|Trick Room|p1a: Lunala\n|-fieldstart|move: Trick Room|[of] p1a: Lunala\n|\n|upkeep\n|\n|t:|1774177286\n|switch|p1b: Chi-Yu|Chi-Yu, L50|100/100\n|-ability|p1b: Chi-Yu|Beads of Ruin\n|turn|2\n|\n|t:|1774177298\n|move|p1a: Lunala|Wide Guard|p1a: Lunala\n|-singleturn|p1a: Lunala|Wide Guard\n|move|p2b: Tornadus|Rain Dance|p2b: Tornadus\n|-weather|RainDance\n|move|p2a: Zacian|Play Rough|p1b: Chi-Yu|[miss]\n|-miss|p2a: Zacian|p1b: Chi-Yu\n|move|p1b: Chi-Yu|Heat Wave|p2b: Tornadus|[spread] p2a,p2b\n|-supereffective|p2a: Zacian\n|-supereffective|p2b: Tornadus\n|-damage|p2a: Zacian|22/100\n|-damage|p2b: Tornadus|34/100\n|\n|-weather|RainDance|[upkeep]\n|upkeep\n|turn|3\n|\n|t:|1774177320\n|switch|p2b: Kyogre|Kyogre, L50|100/100\n|move|p2a: Zacian|Protect|p2a: Zacian\n|-singleturn|p2a: Zacian|Protect\n|move|p1a: Lunala|Wide Guard|p1a: Lunala\n|-singleturn|p1a: Lunala|Wide Guard\n|move|p1b: Chi-Yu|Heat Wave|p2a: Zacian|[spread] p2b\n|-activate|p2a: Zacian|move: Protect\n|-resisted|p2b: Kyogre\n|-damage|p2b: Kyogre|93/100\n|\n|-weather|RainDance|[upkeep]\n|upkeep\n|turn|4\n|\n|t:|1774177344\n|switch|p1b: Koraidon|Koraidon, L50|100/100\n|-weather|SunnyDay|[from] ability: Orichalcum Pulse|[of] p1b: Koraidon\n|-activate|p1b: Koraidon|Orichalcum Pulse|[source]\n|move|p1a: Lunala|Moongeist Beam|p2a: Zacian\n|-damage|p2a: Zacian|0 fnt\n|faint|p2a: Zacian\n|move|p2b: Kyogre|Origin Pulse|p1a: Lunala|[spread] p1a,p1b\n|-resisted|p1b: Koraidon\n|-damage|p1a: Lunala|67/100\n|-damage|p1b: Koraidon|85/100\n|\n|-weather|SunnyDay|[upkeep]\n|upkeep\n|\n|t:|1774177355\n|switch|p2a: Tornadus|Tornadus, L50, M, tera:Steel|34/100\n|turn|5\n|\n|t:|1774177375\n|move|p1a: Lunala|Wide Guard|p1a: Lunala\n|-singleturn|p1a: Lunala|Wide Guard\n|move|p2a: Tornadus|Rain Dance|p2a: Tornadus\n|-weather|RainDance\n|move|p2b: Kyogre|Origin Pulse|p1b: Koraidon|[spread] \n|-activate|p1a: Lunala|move: Wide Guard\n|-activate|p1b: Koraidon|move: Wide Guard\n|move|p1b: Koraidon|Flame Charge|p2a: Tornadus\n|-supereffective|p2a: Tornadus\n|-damage|p2a: Tornadus|2/100\n|-boost|p1b: Koraidon|spe|1\n|-damage|p1b: Koraidon|75/100|[from] item: Life Orb\n|\n|-weather|RainDance|[upkeep]\n|-fieldend|move: Trick Room\n|upkeep\n|turn|6\n|\n|t:|1774177395\n|move|p1a: Lunala|Wide Guard|p1a: Lunala\n|-singleturn|p1a: Lunala|Wide Guard\n|move|p2a: Tornadus|Tailwind|p2a: Tornadus\n|-sidestart|p2: clefci|move: Tailwind\n|move|p1b: Koraidon|Close Combat|p2b: Kyogre\n|-damage|p2b: Kyogre|14/100\n|-unboost|p1b: Koraidon|def|1\n|-unboost|p1b: Koraidon|spd|1\n|-damage|p1b: Koraidon|66/100|[from] item: Life Orb\n|move|p2b: Kyogre|Hydro Pump|p1a: Lunala|[miss]\n|-miss|p2b: Kyogre|p1a: Lunala\n|\n|-weather|RainDance|[upkeep]\n|upkeep\n|turn|7\n|inactive|Lippix has 30 seconds left.\n|inactive|clefci has 30 seconds left.\n|-message|clefci forfeited.\n|\n|win|Lippix\n|raw|Lippix's rating: 1202 &rarr; <strong>1231</strong><br />(+29 for winning)\n|raw|clefci's rating: 1251 &rarr; <strong>1222</strong><br />(-29 for losing)\n|l|\u2606clefci\n|player|p2|\n|j| Albrtix\n","uploadtime":1774177776,"views":12,"formatid":"gen9vgc2026regi","rating":1222,"private":0,"password":null}