{"id":"gen9vgc2026regi-2548910879","format":"[Gen 9] VGC 2026 Reg I","players":["lieyanshu","501JFW"],"log":"|j|\u2606lieyanshu\n|j|\u2606501JFW\n|t:|1772281632\n|gametype|doubles\n|player|p1|lieyanshu|dawn-gen4pt|1491\n|player|p2|501JFW|102|1525\n|gen|9\n|tier|[Gen 9] VGC 2026 Reg I\n|rated|\n|rule|Species Clause: Limit one of each Pok\u00e9mon\n|rule|Item Clause: Limit 1 of each item\n|clearpoke\n|poke|p1|Tornadus, L50, M|\n|poke|p1|Miraidon, L50|\n|poke|p1|Iron Moth, L50|\n|poke|p1|Urshifu-*, L50, F|\n|poke|p1|Calyrex-Ice, L50|\n|poke|p1|Landorus, L50, M|\n|poke|p2|Kyogre, L50|\n|poke|p2|Calyrex-Ice, L50|\n|poke|p2|Amoonguss, L50, M|\n|poke|p2|Iron Jugulis, L50|\n|poke|p2|Urshifu-*, L50, M|\n|poke|p2|Indeedee-F, L50, F|\n|teampreview|4\n|inactive|Battle timer is ON: inactive players will automatically lose when time's up. (requested by 501JFW)\n|inactive|lieyanshu has 60 seconds left.\n|\n|t:|1772281675\n|teamsize|p1|4\n|teamsize|p2|4\n|start\n|switch|p1a: Calyrex|Calyrex-Ice, L50|100/100\n|switch|p1b: Tornadus|Tornadus, L50, M|100/100\n|switch|p2a: Calyrex|Calyrex-Ice, L50|100/100\n|switch|p2b: Indeedee|Indeedee-F, L50, F, shiny|100/100\n|-ability|p1a: Calyrex|As One\n|-ability|p1a: Calyrex|Unnerve\n|-ability|p2a: Calyrex|As One\n|-ability|p2a: Calyrex|Unnerve\n|-fieldstart|move: Psychic Terrain|[from] ability: Psychic Surge|[of] p2b: Indeedee\n|-enditem|p2b: Indeedee|Psychic Seed\n|-boost|p2b: Indeedee|spd|1|[from] item: Psychic Seed\n|turn|1\n|inactive|501JFW has 30 seconds left.\n|\n|t:|1772281702\n|move|p1b: Tornadus|Bleakwind Storm|p2b: Indeedee|[spread] p2a,p2b\n|-damage|p2a: Calyrex|79/100\n|-damage|p2b: Indeedee|75/100\n|move|p1a: Calyrex|Imprison|p1a: Calyrex\n|-start|p1a: Calyrex|move: Imprison\n|move|p2a: Calyrex|Swords Dance|p2a: Calyrex\n|-boost|p2a: Calyrex|atk|2\n|cant|p2b: Indeedee|move: Imprison|Trick Room\n|\n|upkeep\n|turn|2\n|j| dasabe\u76d6\u6b27\u5361\u4fa0\n|\n|t:|1772281723\n|move|p1b: Tornadus|Bleakwind Storm|p2a: Calyrex|[spread] \n|-miss|p1b: Tornadus|p2a: Calyrex\n|-miss|p1b: Tornadus|p2b: Indeedee\n|move|p1a: Calyrex|Glacial Lance|p2b: Indeedee|[spread] p2a,p2b\n|-resisted|p2a: Calyrex\n|-damage|p2a: Calyrex|59/100\n|-damage|p2b: Indeedee|15/100\n|move|p2b: Indeedee|Psychic|p1a: Calyrex\n|-resisted|p1a: Calyrex\n|-damage|p1a: Calyrex|85/100\n|move|p2a: Calyrex|Icicle Spear|p1b: Tornadus\n|-supereffective|p1b: Tornadus\n|-enditem|p1b: Tornadus|Focus Sash\n|-damage|p1b: Tornadus|1/100\n|-supereffective|p1b: Tornadus\n|-damage|p1b: Tornadus|0 fnt\n|faint|p1b: Tornadus\n|-ability|p2a: Calyrex|Chilling Neigh|boost\n|-boost|p2a: Calyrex|atk|1\n|-hitcount|p1: Tornadus|2\n|\n|upkeep\n|\n|t:|1772281745\n|switch|p1b: Urshifu|Urshifu-Rapid-Strike, L50, F|100/100\n|turn|3\n|\n|t:|1772281758\n|move|p2b: Indeedee|Follow Me|p2b: Indeedee\n|-singleturn|p2b: Indeedee|move: Follow Me\n|move|p1b: Urshifu|Surging Strikes|p2b: Indeedee\n|-crit|p2b: Indeedee\n|-damage|p2b: Indeedee|0 fnt\n|faint|p2b: Indeedee\n|-hitcount|p2: Indeedee|1\n|move|p1a: Calyrex|Glacial Lance|p2a: Calyrex\n|-resisted|p2a: Calyrex\n|-damage|p2a: Calyrex|34/100\n|move|p2a: Calyrex|Icicle Spear|p1b: Urshifu\n|-resisted|p1b: Urshifu\n|-damage|p1b: Urshifu|79/100\n|-resisted|p1b: Urshifu\n|-damage|p1b: Urshifu|58/100\n|-resisted|p1b: Urshifu\n|-damage|p1b: Urshifu|37/100\n|-resisted|p1b: Urshifu\n|-damage|p1b: Urshifu|13/100\n|-hitcount|p1b: Urshifu|4\n|\n|upkeep\n|inactive|501JFW has 30 seconds left.\n|inactive|501JFW has 20 seconds left.\n|inactive|501JFW has 15 seconds left.\n|inactive|501JFW has 10 seconds left.\n|\n|t:|1772281804\n|switch|p2b: Kyogre|Kyogre, L50, shiny|100/100\n|-weather|RainDance|[from] ability: Drizzle|[of] p2b: Kyogre\n|turn|4\n|inactive|501JFW has 30 seconds left.\n|inactive|501JFW has 20 seconds left.\n|inactive|501JFW has 15 seconds left.\n|inactive|501JFW has 10 seconds left.\n|inactive|501JFW has 5 seconds left.\n|\n|t:|1772281855\n|switch|p2a: Urshifu|Urshifu-Rapid-Strike, L50, M|100/100\n|-terastallize|p2b: Kyogre|Water\n|-terastallize|p1a: Calyrex|Grass\n|move|p1b: Urshifu|Surging Strikes|p2a: Urshifu\n|-resisted|p2a: Urshifu\n|-crit|p2a: Urshifu\n|-damage|p2a: Urshifu|79/100\n|-resisted|p2a: Urshifu\n|-crit|p2a: Urshifu\n|-damage|p2a: Urshifu|57/100\n|-resisted|p2a: Urshifu\n|-crit|p2a: Urshifu\n|-damage|p2a: Urshifu|35/100\n|-hitcount|p2a: Urshifu|3\n|move|p2b: Kyogre|Origin Pulse|p1b: Urshifu|[spread] p1b\n|-miss|p2b: Kyogre|p1a: Calyrex\n|-resisted|p1b: Urshifu\n|-damage|p1b: Urshifu|0 fnt\n|faint|p1b: Urshifu\n|move|p1a: Calyrex|Seed Bomb|p2b: Kyogre\n|-supereffective|p2b: Kyogre\n|-damage|p2b: Kyogre|4/100\n|\n|-weather|RainDance|[upkeep]\n|upkeep\n|\n|t:|1772281875\n|switch|p1b: Miraidon|Miraidon, L50|100/100\n|-fieldstart|move: Electric Terrain|[from] ability: Hadron Engine|[of] p1b: Miraidon\n|turn|5\n|-message|501JFW forfeited.\n|\n|win|lieyanshu\n|raw|lieyanshu's rating: 1491 &rarr; <strong>1513</strong><br />(+22 for winning)\n|raw|501JFW's rating: 1525 &rarr; <strong>1503</strong><br />(-22 for losing)\n|l|\u2606501JFW\n|player|p2|\n|l|\u2606lieyanshu\n|player|p1|\n|l| dasabe\u76d6\u6b27\u5361\u4fa0\n","uploadtime":1772282117,"views":33,"formatid":"gen9vgc2026regi","rating":1503,"private":0,"password":null}