{"id":"gen9vgc2026regi-2518678749","format":"[Gen 9] VGC 2026 Reg I","players":["Monkebs","ScribbleScribble"],"log":"|j|\u2606Monkebs\n|j|\u2606ScribbleScribble\n|t:|1768415673\n|gametype|doubles\n|player|p1|Monkebs|kieran-champion|1303\n|player|p2|ScribbleScribble|mina-lgpe|1402\n|gen|9\n|tier|[Gen 9] VGC 2026 Reg I\n|rated|\n|rule|Species Clause: Limit one of each Pok\u00e9mon\n|rule|Item Clause: Limit 1 of each item\n|clearpoke\n|poke|p1|Calyrex-Ice, L50|\n|poke|p1|Armarouge, L50, F|\n|poke|p1|Indeedee-F, L50, F|\n|poke|p1|Decidueye-Hisui, L50, F|\n|poke|p1|Ursaluna-Bloodmoon, L50, M|\n|poke|p1|Terapagos, L50, M|\n|poke|p2|Calyrex-Ice, L50|\n|poke|p2|Kyogre, L50|\n|poke|p2|Tornadus, L50, M|\n|poke|p2|Indeedee-F, L50, F|\n|poke|p2|Landorus, L50, M|\n|poke|p2|Urshifu-*, L50, M|\n|teampreview|4\n|inactive|Battle timer is ON: inactive players will automatically lose when time's up. (requested by ScribbleScribble)\n|c|\u2606Monkebs|glhf\n|c|\u2606ScribbleScribble|glhf\n|\n|t:|1768415695\n|teamsize|p1|4\n|teamsize|p2|4\n|start\n|switch|p1a: Roaring Fraud|Calyrex-Ice, L50|100/100\n|switch|p1b: Unrepentant|Indeedee-F, L50, F|100/100\n|switch|p2a: Calyrex|Calyrex-Ice, L50|100/100\n|switch|p2b: Kyogre|Kyogre, L50|100/100\n|-ability|p2a: Calyrex|As One\n|-ability|p2a: Calyrex|Unnerve\n|-ability|p1a: Roaring Fraud|As One\n|-ability|p1a: Roaring Fraud|Unnerve\n|-weather|RainDance|[from] ability: Drizzle|[of] p2b: Kyogre\n|-fieldstart|move: Psychic Terrain|[from] ability: Psychic Surge|[of] p1b: Unrepentant\n|turn|1\n|\n|t:|1768415714\n|move|p1b: Unrepentant|Follow Me|p1b: Unrepentant\n|-singleturn|p1b: Unrepentant|move: Follow Me\n|move|p2b: Kyogre|Water Spout|p1b: Unrepentant|[spread] p1a,p1b\n|-damage|p1a: Roaring Fraud|24/100\n|-damage|p1b: Unrepentant|19/100\n|move|p2a: Calyrex|Imprison|p2a: Calyrex\n|-start|p2a: Calyrex|move: Imprison\n|move|p1a: Roaring Fraud|Zen Headbutt|p2b: Kyogre\n|-damage|p2b: Kyogre|25/100\n|\n|-weather|RainDance|[upkeep]\n|upkeep\n|turn|2\n|\n|t:|1768415727\n|switch|p2b: Tornadus|Tornadus, L50, M|100/100\n|move|p2a: Calyrex|Glacial Lance|p1a: Roaring Fraud|[spread] p1a,p1b\n|-resisted|p1a: Roaring Fraud\n|-damage|p1a: Roaring Fraud|6/100\n|-damage|p1b: Unrepentant|0 fnt\n|faint|p1b: Unrepentant\n|-ability|p2a: Calyrex|Chilling Neigh|boost\n|-boost|p2a: Calyrex|atk|1\n|move|p1a: Roaring Fraud|Zen Headbutt|p2a: Calyrex\n|-resisted|p2a: Calyrex\n|-damage|p2a: Calyrex|76/100\n|\n|-weather|RainDance|[upkeep]\n|upkeep\n|\n|t:|1768415734\n|switch|p1b: Diamond Pick|Terapagos, L50, M|100/100\n|-activate|p1b: Diamond Pick|ability: Tera Shift\n|detailschange|p1b: Diamond Pick|Terapagos-Terastal, L50, M\n|-heal|p1b: Diamond Pick|100/100|[silent]\n|turn|3\n|\n|t:|1768415743\n|-terastallize|p1b: Diamond Pick|Stellar\n|detailschange|p1b: Diamond Pick|Terapagos-Stellar, L50, M, tera:Stellar\n|-heal|p1b: Diamond Pick|100/100|[silent]\n|-ability|p1b: Diamond Pick|Teraform Zero\n|-weather|none\n|-fieldend|move: Psychic Terrain\n|move|p2b: Tornadus|Bleakwind Storm|p1b: Diamond Pick|[spread] p1a\n|-miss|p2b: Tornadus|p1b: Diamond Pick\n|-damage|p1a: Roaring Fraud|0 fnt\n|faint|p1a: Roaring Fraud\n|move|p2a: Calyrex|Glacial Lance|p1b: Diamond Pick\n|-damage|p1b: Diamond Pick|53/100\n|move|p1b: Diamond Pick|Tera Starstorm|p2a: Calyrex|[spread] p2a,p2b\n|-damage|p2a: Calyrex|51/100\n|-damage|p2b: Tornadus|51/100\n|\n|-heal|p1b: Diamond Pick|59/100|[from] item: Leftovers\n|upkeep\n|\n|t:|1768415758\n|switch|p1a: \u30b1\u30a4\u30fb\u30ef\u30a4\u30fb\u30a8\u30b9|Decidueye-Hisui, L50, F|100/100\n|turn|4\n|\n|t:|1768415763\n|move|p2b: Tornadus|Tailwind|p2b: Tornadus\n|-sidestart|p2: ScribbleScribble|move: Tailwind\n|move|p1a: \u30b1\u30a4\u30fb\u30ef\u30a4\u30fb\u30a8\u30b9|Sucker Punch|p2a: Calyrex\n|-supereffective|p2a: Calyrex\n|-damage|p2a: Calyrex|18/100\n|move|p2a: Calyrex|Glacial Lance|p1a: \u30b1\u30a4\u30fb\u30ef\u30a4\u30fb\u30a8\u30b9|[spread] p1a,p1b\n|-supereffective|p1a: \u30b1\u30a4\u30fb\u30ef\u30a4\u30fb\u30a8\u30b9\n|-damage|p1a: \u30b1\u30a4\u30fb\u30ef\u30a4\u30fb\u30a8\u30b9|0 fnt\n|-damage|p1b: Diamond Pick|20/100\n|faint|p1a: \u30b1\u30a4\u30fb\u30ef\u30a4\u30fb\u30a8\u30b9\n|-ability|p2a: Calyrex|Chilling Neigh|boost\n|-boost|p2a: Calyrex|atk|1\n|move|p1b: Diamond Pick|Tera Starstorm|p2b: Tornadus|[spread] p2a,p2b\n|-damage|p2a: Calyrex|0 fnt\n|-damage|p2b: Tornadus|8/100\n|faint|p2a: Calyrex\n|\n|-heal|p1b: Diamond Pick|27/100|[from] item: Leftovers\n|upkeep\n|\n|t:|1768415769\n|switch|p2a: Landorus|Landorus, L50, M|100/100\n|turn|5\n|\n|t:|1768415777\n|move|p1b: Diamond Pick|Protect|p1b: Diamond Pick\n|-singleturn|p1b: Diamond Pick|Protect\n|move|p2b: Tornadus|Rain Dance|p2b: Tornadus\n|-weather|RainDance\n|move|p2a: Landorus|Sandsear Storm|p1b: Diamond Pick\n|-activate|p1b: Diamond Pick|move: Protect\n|\n|-weather|RainDance|[upkeep]\n|-heal|p1b: Diamond Pick|33/100|[from] item: Leftovers\n|upkeep\n|turn|6\n|c|\u2606Monkebs|ggwp\n|c|\u2606ScribbleScribble|gg\n|c|\u2606Monkebs|im just glad I got calyrex\n|\n|t:|1768415787\n|move|p2b: Tornadus|Bleakwind Storm|p1b: Diamond Pick\n|-damage|p1b: Diamond Pick|0 fnt\n|faint|p1b: Diamond Pick\n|detailschange|p1: Diamond Pick|Terapagos, L50, M|[silent]\n|\n|win|ScribbleScribble\n|raw|Monkebs's rating: 1303 &rarr; <strong>1289</strong><br />(-14 for losing)\n|raw|ScribbleScribble's rating: 1402 &rarr; <strong>1416</strong><br />(+14 for winning)\n|l|\u2606Monkebs\n|player|p1|\n|l|\u2606ScribbleScribble\n|player|p2|\n","uploadtime":1768416035,"views":12,"formatid":"gen9vgc2026regi","rating":1289,"private":0,"password":null}