{"id":"gen9vgc2026regi-2546166278","format":"[Gen 9] VGC 2026 Reg I","players":["anegasak","dthk1216"],"log":"|j|\u2606anegasak\n|j|\u2606dthk1216\n|t:|1771938379\n|gametype|doubles\n|player|p1|anegasak|1|1387\n|player|p2|dthk1216|dawn|1571\n|gen|9\n|tier|[Gen 9] VGC 2026 Reg I\n|rated|\n|rule|Species Clause: Limit one of each Pok\u00e9mon\n|rule|Item Clause: Limit 1 of each item\n|clearpoke\n|poke|p1|Koraidon, L50|\n|poke|p1|Lunala, L50|\n|poke|p1|Flutter Mane, L50|\n|poke|p1|Chi-Yu, L50|\n|poke|p1|Raging Bolt, L50|\n|poke|p1|Brute Bonnet, L50|\n|poke|p2|Calyrex-Ice, L50|\n|poke|p2|Kyogre, L50|\n|poke|p2|Urshifu-*, L50, M|\n|poke|p2|Rillaboom, L50, M|\n|poke|p2|Grimmsnarl, L50, M|\n|poke|p2|Amoonguss, L50, F|\n|teampreview|4\n|inactive|Battle timer is ON: inactive players will automatically lose when time's up. (requested by dthk1216)\n|inactive|anegasak has 60 seconds left.\n|inactive|anegasak has 30 seconds left.\n|inactive|anegasak has 20 seconds left.\n|inactive|anegasak has 15 seconds left.\n|inactive|anegasak has 10 seconds left.\n|inactive|anegasak has 5 seconds left.\n|\n|t:|1771938470\n|teamsize|p1|4\n|teamsize|p2|4\n|start\n|switch|p1a: Raging Bolt|Raging Bolt, L50|100/100\n|switch|p1b: Chi-Yu|Chi-Yu, L50|100/100\n|switch|p2a: Kyogre|Kyogre, L50|100/100\n|switch|p2b: Grimmsnarl|Grimmsnarl, L50, M|100/100\n|-ability|p1b: Chi-Yu|Beads of Ruin\n|-weather|RainDance|[from] ability: Drizzle|[of] p2a: Kyogre\n|turn|1\n|inactive|dthk1216 has 30 seconds left.\n|inactive|dthk1216 has 20 seconds left.\n|\n|t:|1771938508\n|switch|p1b: Koraidon|Koraidon, L50|100/100\n|-weather|SunnyDay|[from] ability: Orichalcum Pulse|[of] p1b: Koraidon\n|-activate|p1a: Raging Bolt|ability: Protosynthesis\n|-start|p1a: Raging Bolt|protosynthesisspa\n|-activate|p1b: Koraidon|Orichalcum Pulse|[source]\n|move|p2b: Grimmsnarl|Light Screen|p2b: Grimmsnarl\n|-sidestart|p2: dthk1216|move: Light Screen\n|move|p2a: Kyogre|Ice Beam|p1b: Koraidon\n|-supereffective|p1b: Koraidon\n|-damage|p1b: Koraidon|1/100\n|move|p1a: Raging Bolt|Electroweb|p2b: Grimmsnarl|[spread] p2a,p2b\n|-supereffective|p2a: Kyogre\n|-damage|p2a: Kyogre|71/100\n|-damage|p2b: Grimmsnarl|81/100\n|-unboost|p2a: Kyogre|spe|1\n|-unboost|p2b: Grimmsnarl|spe|1\n|\n|-weather|SunnyDay|[upkeep]\n|upkeep\n|turn|2\n|inactive|anegasak has 30 seconds left.\n|\n|t:|1771938538\n|switch|p1b: Chi-Yu|Chi-Yu, L50|100/100\n|-ability|p1b: Chi-Yu|Beads of Ruin\n|switch|p2a: Amoonguss|Amoonguss, L50, F|100/100\n|move|p2b: Grimmsnarl|Reflect|p2b: Grimmsnarl\n|-sidestart|p2: dthk1216|Reflect\n|move|p1a: Raging Bolt|Thunderbolt|p2b: Grimmsnarl\n|-damage|p2b: Grimmsnarl|33/100\n|\n|-weather|SunnyDay|[upkeep]\n|upkeep\n|turn|3\n|inactive|anegasak has 30 seconds left.\n|inactive|dthk1216 has 30 seconds left.\n|inactive|anegasak has 20 seconds left.\n|\n|t:|1771938574\n|switch|p2b: Kyogre|Kyogre, L50|71/100\n|-weather|RainDance|[from] ability: Drizzle|[of] p2b: Kyogre\n|-end|p1a: Raging Bolt|Protosynthesis\n|move|p1b: Chi-Yu|Heat Wave|p2b: Kyogre|[spread] p2a,p2b\n|-supereffective|p2a: Amoonguss\n|-resisted|p2b: Kyogre\n|-damage|p2a: Amoonguss|71/100\n|-damage|p2b: Kyogre|65/100\n|move|p1a: Raging Bolt|Thunderbolt|p2b: Kyogre\n|-supereffective|p2b: Kyogre\n|-damage|p2b: Kyogre|2/100\n|move|p2a: Amoonguss|Spore|p1a: Raging Bolt\n|-status|p1a: Raging Bolt|slp|[from] move: Spore\n|\n|-weather|RainDance|[upkeep]\n|upkeep\n|turn|4\n|inactive|anegasak has 30 seconds left.\n|inactive|dthk1216 has 30 seconds left.\n|\n|t:|1771938609\n|switch|p2b: Grimmsnarl|Grimmsnarl, L50, M|33/100\n|-end|p1a: Raging Bolt|Protosynthesis|[silent]\n|switch|p1a: Koraidon|Koraidon, L50|1/100\n|-weather|SunnyDay|[from] ability: Orichalcum Pulse|[of] p1a: Koraidon\n|-activate|p1a: Koraidon|Orichalcum Pulse|[source]\n|move|p2a: Amoonguss|Protect|p2a: Amoonguss\n|-singleturn|p2a: Amoonguss|Protect\n|move|p1b: Chi-Yu|Heat Wave|p2a: Amoonguss|[spread] p2b\n|-activate|p2a: Amoonguss|move: Protect\n|-damage|p2b: Grimmsnarl|0 fnt\n|faint|p2b: Grimmsnarl\n|\n|-weather|SunnyDay|[upkeep]\n|upkeep\n|\n|t:|1771938621\n|switch|p2b: Kyogre|Kyogre, L50|2/100\n|-weather|RainDance|[from] ability: Drizzle|[of] p2b: Kyogre\n|turn|5\n|inactive|anegasak has 30 seconds left.\n|\n|t:|1771938650\n|switch|p1a: Raging Bolt|Raging Bolt, L50|100/100 slp\n|move|p1b: Chi-Yu|Heat Wave|p2b: Kyogre|[spread] p2a\n|-miss|p1b: Chi-Yu|p2b: Kyogre\n|-supereffective|p2a: Amoonguss\n|-damage|p2a: Amoonguss|40/100\n|move|p2b: Kyogre|Ice Beam|p1a: Raging Bolt\n|-supereffective|p1a: Raging Bolt\n|-damage|p1a: Raging Bolt|8/100 slp\n|move|p2a: Amoonguss|Spore|p1b: Chi-Yu\n|-status|p1b: Chi-Yu|slp|[from] move: Spore\n|\n|-weather|RainDance|[upkeep]\n|upkeep\n|turn|6\n|\n|t:|1771938666\n|-end|p1a: Raging Bolt|Protosynthesis|[silent]\n|switch|p1a: Koraidon|Koraidon, L50|1/100\n|-weather|SunnyDay|[from] ability: Orichalcum Pulse|[of] p1a: Koraidon\n|-activate|p1a: Koraidon|Orichalcum Pulse|[source]\n|cant|p1b: Chi-Yu|slp\n|move|p2b: Kyogre|Ice Beam|p1b: Chi-Yu\n|-resisted|p1b: Chi-Yu\n|-damage|p1b: Chi-Yu|65/100 slp\n|move|p2a: Amoonguss|Pollen Puff|p2b: Kyogre\n|-heal|p2b: Kyogre|52/100\n|\n|-weather|SunnyDay|[upkeep]\n|upkeep\n|turn|7\n|inactive|anegasak has 30 seconds left.\n|\n|t:|1771938693\n|switch|p1a: Raging Bolt|Raging Bolt, L50|8/100 slp\n|-activate|p1a: Raging Bolt|ability: Protosynthesis\n|-start|p1a: Raging Bolt|protosynthesisspa\n|switch|p2b: Calyrex|Calyrex-Ice, L50|100/100\n|-ability|p2b: Calyrex|As One\n|-ability|p2b: Calyrex|Unnerve\n|move|p2a: Amoonguss|Protect|p2a: Amoonguss\n|-singleturn|p2a: Amoonguss|Protect\n|cant|p1b: Chi-Yu|slp\n|\n|-weather|SunnyDay|[upkeep]\n|upkeep\n|turn|8\n|\n|t:|1771938711\n|-end|p1a: Raging Bolt|Protosynthesis|[silent]\n|switch|p1a: Lunala|Lunala, L50|100/100\n|switch|p2a: Kyogre|Kyogre, L50|52/100\n|-weather|RainDance|[from] ability: Drizzle|[of] p2a: Kyogre\n|cant|p1b: Chi-Yu|slp\n|move|p2b: Calyrex|Trick Room|p2b: Calyrex\n|-fieldstart|move: Trick Room|[of] p2b: Calyrex\n|\n|-weather|RainDance|[upkeep]\n|-sideend|p2: dthk1216|move: Light Screen\n|upkeep\n|turn|9\n|-message|anegasak forfeited.\n|\n|win|dthk1216\n|raw|anegasak's rating: 1387 &rarr; <strong>1377</strong><br />(-10 for losing)\n|raw|dthk1216's rating: 1571 &rarr; <strong>1581</strong><br />(+10 for winning)\n|l|\u2606anegasak\n|player|p1|\n|l|\u2606dthk1216\n|player|p2|\n","uploadtime":1771938982,"views":13,"formatid":"gen9vgc2026regi","rating":1377,"private":0,"password":null}