{"id":"gen9vgc2026regi-2577689212","format":"[Gen 9] VGC 2026 Reg I","players":["Deano88","Hazweioh"],"log":"|j|\u2606Deano88\n|j|\u2606Hazweioh\n|t:|1775596477\n|gametype|doubles\n|player|p1|Deano88|265|1390\n|player|p2|Hazweioh|102|1472\n|gen|9\n|tier|[Gen 9] VGC 2026 Reg I\n|rated|\n|rule|Species Clause: Limit one of each Pok\u00e9mon\n|rule|Item Clause: Limit 1 of each item\n|clearpoke\n|poke|p1|Incineroar, L50, M|\n|poke|p1|Lugia, L50|\n|poke|p1|Wo-Chien, L50|\n|poke|p1|Grimmsnarl, L50, M|\n|poke|p1|Calyrex-Shadow, L50|\n|poke|p1|Indeedee-F, L50, F|\n|poke|p2|Lunala, L50|\n|poke|p2|Calyrex-Ice, L50|\n|poke|p2|Torkoal, L50, M|\n|poke|p2|Urshifu-*, L50, M|\n|poke|p2|Indeedee-F, L50, F|\n|poke|p2|Smeargle, L50, M|\n|teampreview|4\n|inactive|Battle timer is ON: inactive players will automatically lose when time's up. (requested by Hazweioh)\n|\n|t:|1775596521\n|teamsize|p1|4\n|teamsize|p2|4\n|start\n|switch|p1a: Incineroar|Incineroar, L50, M|100/100\n|switch|p1b: Grimmsnarl|Grimmsnarl, L50, M|100/100\n|switch|p2a: Indeedee|Indeedee-F, L50, F|100/100\n|switch|p2b: Lunala|Lunala, L50|100/100\n|-fieldstart|move: Psychic Terrain|[from] ability: Psychic Surge|[of] p2a: Indeedee\n|-ability|p1a: Incineroar|Intimidate|boost\n|-unboost|p2a: Indeedee|atk|1\n|-unboost|p2b: Lunala|atk|1\n|turn|1\n|inactive|Deano88 has 30 seconds left.\n|\n|t:|1775596551\n|move|p1b: Grimmsnarl|Light Screen|p1b: Grimmsnarl\n|-sidestart|p1: Deano88|move: Light Screen\n|move|p2b: Lunala|Meteor Beam||[still]\n|-prepare|p2b: Lunala|Meteor Beam\n|-boost|p2b: Lunala|spa|1\n|-enditem|p2b: Lunala|Power Herb\n|-anim|p2b: Lunala|Meteor Beam|p1a: Incineroar\n|-supereffective|p1a: Incineroar\n|-damage|p1a: Incineroar|19/100\n|-enditem|p1a: Incineroar|Sitrus Berry|[eat]\n|-heal|p1a: Incineroar|44/100|[from] item: Sitrus Berry\n|move|p1a: Incineroar|Flare Blitz|p2b: Lunala\n|-damage|p2b: Lunala|80/100\n|-damage|p1a: Incineroar|36/100|[from] Recoil\n|move|p2a: Indeedee|Trick Room|p2a: Indeedee\n|-fieldstart|move: Trick Room|[of] p2a: Indeedee\n|\n|upkeep\n|turn|2\n|inactive|Deano88 has 30 seconds left.\n|inactive|Hazweioh has 30 seconds left.\n|inactive|Deano88 has 20 seconds left.\n|\n|t:|1775596590\n|switch|p1a: Wo-Chien|Wo-Chien, L50|100/100\n|-ability|p1a: Wo-Chien|Tablets of Ruin\n|switch|p2a: Torkoal|Torkoal, L50, M|100/100\n|-weather|SunnyDay|[from] ability: Drought|[of] p2a: Torkoal\n|move|p1b: Grimmsnarl|Spirit Break|p2b: Lunala\n|-damage|p2b: Lunala|64/100\n|-unboost|p2b: Lunala|spa|1\n|move|p2b: Lunala|Moongeist Beam|p1a: Wo-Chien\n|-resisted|p1a: Wo-Chien\n|-damage|p1a: Wo-Chien|90/100\n|\n|-weather|SunnyDay|[upkeep]\n|-heal|p1a: Wo-Chien|96/100|[from] item: Leftovers\n|upkeep\n|turn|3\n|inactive|Deano88 has 30 seconds left.\n|\n|t:|1775596616\n|switch|p2b: Calyrex|Calyrex-Ice, L50|100/100\n|-ability|p2b: Calyrex|As One\n|-ability|p2b: Calyrex|Unnerve\n|-terastallize|p2a: Torkoal|Fire\n|-terastallize|p1a: Wo-Chien|Poison\n|move|p2a: Torkoal|Eruption|p1a: Wo-Chien|[spread] p1a,p1b\n|-damage|p1a: Wo-Chien|35/100\n|-damage|p1b: Grimmsnarl|0 fnt\n|faint|p1b: Grimmsnarl\n|move|p1a: Wo-Chien|Snarl|p2a: Torkoal|[spread] p2a,p2b\n|-supereffective|p2b: Calyrex\n|-damage|p2a: Torkoal|84/100\n|-damage|p2b: Calyrex|82/100\n|-unboost|p2a: Torkoal|spa|1\n|\n|-weather|SunnyDay|[upkeep]\n|-heal|p1a: Wo-Chien|42/100|[from] item: Leftovers\n|upkeep\n|\n|t:|1775596640\n|switch|p1b: Incineroar|Incineroar, L50, M|36/100\n|-ability|p1b: Incineroar|Intimidate|boost\n|-unboost|p2a: Torkoal|atk|1\n|-fail|p2b: Calyrex|unboost|[from] item: Clear Amulet|[of] p2b: Calyrex\n|turn|4\n|\n|t:|1775596651\n|move|p1a: Wo-Chien|Protect|p1a: Wo-Chien\n|-singleturn|p1a: Wo-Chien|Protect\n|move|p2a: Torkoal|Eruption|p1a: Wo-Chien|[spread] p1b\n|-activate|p1a: Wo-Chien|move: Protect\n|-resisted|p1b: Incineroar\n|-damage|p1b: Incineroar|10/100\n|move|p2b: Calyrex|Glacial Lance|p1b: Incineroar|[spread] p1b\n|-activate|p1a: Wo-Chien|move: Protect\n|-resisted|p1b: Incineroar\n|-crit|p1b: Incineroar\n|-damage|p1b: Incineroar|0 fnt\n|faint|p1b: Incineroar\n|-ability|p2b: Calyrex|Chilling Neigh|boost\n|-boost|p2b: Calyrex|atk|1\n|\n|-weather|SunnyDay|[upkeep]\n|-heal|p1a: Wo-Chien|48/100|[from] item: Leftovers\n|upkeep\n|\n|t:|1775596671\n|switch|p1b: Lugia|Lugia, L50|100/100\n|turn|5\n|\n|t:|1775596685\n|switch|p2a: Indeedee|Indeedee-F, L50, F|100/100\n|move|p1b: Lugia|Protect|p1b: Lugia\n|-singleturn|p1b: Lugia|Protect\n|move|p2b: Calyrex|Glacial Lance|p1b: Lugia|[spread] p1a\n|-activate|p1b: Lugia|move: Protect\n|-damage|p1a: Wo-Chien|0 fnt\n|faint|p1a: Wo-Chien\n|-ability|p2b: Calyrex|Chilling Neigh|boost\n|-boost|p2b: Calyrex|atk|1\n|\n|-weather|SunnyDay|[upkeep]\n|-fieldend|move: Trick Room\n|-fieldend|move: Psychic Terrain\n|upkeep\n|turn|6\n|\n|t:|1775596701\n|move|p2a: Indeedee|Follow Me|p2a: Indeedee\n|-singleturn|p2a: Indeedee|move: Follow Me\n|move|p1b: Lugia|Giga Drain|p2a: Indeedee\n|-damage|p2a: Indeedee|84/100\n|move|p2b: Calyrex|Trick Room|p2b: Calyrex\n|-fieldstart|move: Trick Room|[of] p2b: Calyrex\n|\n|-weather|none\n|upkeep\n|turn|7\n|\n|t:|1775596713\n|move|p2a: Indeedee|Helping Hand|p2b: Calyrex\n|-singleturn|p2b: Calyrex|Helping Hand|[of] p2a: Indeedee\n|move|p2b: Calyrex|Glacial Lance|p1b: Lugia\n|-supereffective|p1b: Lugia\n|-damage|p1b: Lugia|0 fnt\n|faint|p1b: Lugia\n|\n|win|Hazweioh\n|raw|Deano88's rating: 1390 &rarr; <strong>1375</strong><br />(-15 for losing)\n|raw|Hazweioh's rating: 1472 &rarr; <strong>1487</strong><br />(+15 for winning)\n|l|\u2606Deano88\n|player|p1|\n|l|\u2606Hazweioh\n|player|p2|\n","uploadtime":1775596979,"views":8,"formatid":"gen9vgc2026regi","rating":1375,"private":0,"password":null}