{"id":"gen9vgc2026regi-2575161508","format":"[Gen 9] VGC 2026 Reg I","players":["Yoru No Kurage","SnorlaxPikachu1"],"log":"|j|\u2606Yoru No Kurage\n|j|\u2606SnorlaxPikachu1\n|t:|1775324786\n|gametype|doubles\n|player|p1|Yoru No Kurage|yancy|\n|player|p2|SnorlaxPikachu1|palmer|\n|gen|9\n|tier|[Gen 9] VGC 2026 Reg I\n|rated|Tournament battle\n|rule|Species Clause: Limit one of each Pok\u00e9mon\n|rule|Item Clause: Limit 1 of each item\n|raw|<div class=\"infobox\"><details class=\"readmore\" open><summary><strong>3 custom rules:</strong></summary> Open Team Sheets, Force Open Team Sheets, !Open Team Sheets</details></div>\n|clearpoke\n|poke|p1|Zamazenta-*, L50|\n|poke|p1|Ting-Lu, L50|\n|poke|p1|Rillaboom, L50, F|\n|poke|p1|Chi-Yu, L50|\n|poke|p1|Raging Bolt, L50|\n|poke|p1|Calyrex-Shadow, L50|\n|poke|p2|Calyrex-Shadow, L50|\n|poke|p2|Koraidon, L50|\n|poke|p2|Incineroar, L50, M|\n|poke|p2|Rillaboom, L50, M|\n|poke|p2|Clefairy, L50, M|\n|poke|p2|Flutter Mane, L50|\n|teampreview|4\n|showteam|p1|Zamazenta-Crowned||RustedShield|DauntlessShield|BodyPress,HeavySlam,WideGuard,Protect||||||50|,,,,,Water]Ting-Lu||SafetyGoggles|VesselofRuin|SandTomb,Ruination,RockTomb,Protect||||||50|,,,,,Fairy]Rillaboom||AssaultVest|GrassySurge|FakeOut,GrassyGlide,WoodHammer,Uturn|||F|||50|,,,,,Fire]Chi-Yu||ChoiceScarf|BeadsofRuin|HeatWave,Overheat,DarkPulse,Snarl||||||50|,,,,,Ghost]Raging Bolt||BoosterEnergy|Protosynthesis|Thunderclap,Thunderbolt,DracoMeteor,Protect||||||50|,,,,,Electric]Calyrex-Shadow||FocusSash|AsOneSpectrier|AstralBarrage,WillOWisp,Psychic,Protect||||||50|,,,,,Ghost\n|showteam|p2|Calyrex-Shadow||SpookyPlate|AsOneSpectrier|AstralBarrage,Psychic,NastyPlot,Protect||||||50|,,,,,Normal]Koraidon||ClearAmulet|OrichalcumPulse|CollisionCourse,FlareBlitz,FlameCharge,Protect||||||50|,,,,,Fire]Incineroar||SafetyGoggles|Intimidate|FakeOut,KnockOff,PartingShot,HelpingHand|||M|||50|,,,,,Ghost]Rillaboom||AssaultVest|GrassySurge|FakeOut,WoodHammer,GrassyGlide,Uturn|||M|||50|,,,,,Water]Clefairy||Eviolite|FriendGuard|FollowMe,HelpingHand,Encore,Protect|||M|||50|,,,,,Grass]Flutter Mane||FocusSash|Protosynthesis|Moonblast,ShadowBall,IcyWind,Protect||||||50|,,,,,Normal\n|j| josepromanu\n|c|\u2606SnorlaxPikachu1|glhf\n|c|\u2606Yoru No Kurage|hf gng\n|l| josepromanu\n|j| mysticmarshtomp\n|j| Miriajohn\n|j|+holdingb\n|j| Jamstiffer\n|\n|t:|1775324822\n|teamsize|p1|4\n|teamsize|p2|4\n|start\n|switch|p1a: Kommander|Zamazenta-Crowned, L50|100/100\n|switch|p1b: Binda|Chi-Yu, L50|100/100\n|switch|p2a: Incineroar|Incineroar, L50, M|100/100\n|switch|p2b: Calyrex|Calyrex-Shadow, L50|100/100\n|-ability|p2b: Calyrex|As One\n|-ability|p2b: Calyrex|Unnerve\n|-ability|p1b: Binda|Beads of Ruin\n|-ability|p1a: Kommander|Dauntless Shield|boost\n|-boost|p1a: Kommander|def|1\n|-ability|p2a: Incineroar|Intimidate|boost\n|-unboost|p1a: Kommander|atk|1\n|-unboost|p1b: Binda|atk|1\n|turn|1\n|\n|t:|1775324843\n|move|p1a: Kommander|Protect|p1a: Kommander\n|-singleturn|p1a: Kommander|Protect\n|move|p2a: Incineroar|Fake Out|p1b: Binda\n|-damage|p1b: Binda|83/100\n|cant|p1b: Binda|flinch\n|move|p2b: Calyrex|Astral Barrage|p1a: Kommander|[spread] p1b\n|-activate|p1a: Kommander|move: Protect\n|-resisted|p1b: Binda\n|-damage|p1b: Binda|44/100\n|\n|upkeep\n|turn|2\n|\n|t:|1775324863\n|-terastallize|p2b: Calyrex|Normal\n|move|p2a: Incineroar|Helping Hand|p2b: Calyrex\n|-singleturn|p2b: Calyrex|Helping Hand|[of] p2a: Incineroar\n|move|p1b: Binda|Heat Wave|p2a: Incineroar|[spread] p2a,p2b\n|-resisted|p2a: Incineroar\n|-damage|p2a: Incineroar|77/100\n|-damage|p2b: Calyrex|53/100\n|move|p2b: Calyrex|Astral Barrage|p1a: Kommander|[spread] p1a,p1b\n|-resisted|p1b: Binda\n|-damage|p1a: Kommander|24/100\n|-damage|p1b: Binda|0 fnt\n|faint|p1b: Binda\n|-ability|p2b: Calyrex|Grim Neigh|boost\n|-boost|p2b: Calyrex|spa|1\n|move|p1a: Kommander|Heavy Slam|p2b: Calyrex\n|-damage|p2b: Calyrex|19/100\n|\n|upkeep\n|\n|t:|1775324875\n|switch|p1b: David Eagle|Rillaboom, L50, F|100/100\n|-fieldstart|move: Grassy Terrain|[from] ability: Grassy Surge|[of] p1b: David Eagle\n|turn|3\n|\n|t:|1775324891\n|move|p2b: Calyrex|Protect|p2b: Calyrex\n|-singleturn|p2b: Calyrex|Protect\n|move|p1a: Kommander|Heavy Slam|p2a: Incineroar\n|-resisted|p2a: Incineroar\n|-damage|p2a: Incineroar|63/100\n|move|p1b: David Eagle|Wood Hammer|p2a: Incineroar\n|-resisted|p2a: Incineroar\n|-damage|p2a: Incineroar|34/100\n|-damage|p1b: David Eagle|91/100|[from] Recoil\n|move|p2a: Incineroar|Parting Shot|p1b: David Eagle\n|-unboost|p1b: David Eagle|atk|1\n|-unboost|p1b: David Eagle|spa|1\n|\n|t:|1775324896\n|switch|p2a: Flutter Mane|Flutter Mane, L50|100/100|[from] Parting Shot\n|\n|-heal|p2b: Calyrex|25/100|[from] Grassy Terrain\n|-heal|p1a: Kommander|30/100|[from] Grassy Terrain\n|-heal|p1b: David Eagle|97/100|[from] Grassy Terrain\n|upkeep\n|turn|4\n|\n|t:|1775324909\n|-end|p2a: Flutter Mane|Protosynthesis|[silent]\n|switch|p2a: Incineroar|Incineroar, L50, M|34/100\n|-ability|p2a: Incineroar|Intimidate|boost\n|-unboost|p1a: Kommander|atk|1\n|-unboost|p1b: David Eagle|atk|1\n|move|p1a: Kommander|Protect|p1a: Kommander\n|-singleturn|p1a: Kommander|Protect\n|move|p2b: Calyrex|Psychic|p1a: Kommander\n|-activate|p1a: Kommander|move: Protect\n|move|p1b: David Eagle|U-turn|p2b: Calyrex\n|-damage|p2b: Calyrex|15/100\n|j|+Gross Sweep \u2603\n|\n|t:|1775324919\n|switch|p1b: Old Friend|Calyrex-Shadow, L50|100/100|[from] U-turn\n|-ability|p1b: Old Friend|As One\n|-ability|p1b: Old Friend|Unnerve\n|\n|-heal|p2b: Calyrex|20/100|[from] Grassy Terrain\n|-heal|p1a: Kommander|36/100|[from] Grassy Terrain\n|-heal|p2a: Incineroar|40/100|[from] Grassy Terrain\n|upkeep\n|turn|5\n|\n|t:|1775324938\n|move|p1a: Kommander|Protect||[still]\n|-fail|p1a: Kommander\n|move|p2a: Incineroar|Fake Out|p1a: Kommander\n|-resisted|p1a: Kommander\n|-damage|p1a: Kommander|34/100\n|move|p1b: Old Friend|Psychic|p2b: Calyrex\n|-damage|p2b: Calyrex|0 fnt\n|faint|p2b: Calyrex\n|-ability|p1b: Old Friend|Grim Neigh|boost\n|-boost|p1b: Old Friend|spa|1\n|\n|-heal|p1a: Kommander|40/100|[from] Grassy Terrain\n|-heal|p2a: Incineroar|46/100|[from] Grassy Terrain\n|upkeep\n|\n|t:|1775324944\n|switch|p2b: Flutter Mane|Flutter Mane, L50|100/100\n|turn|6\n|j| LanternComic\n|j|@Radio Free C-Side\n|l| Jamstiffer\n|\n|t:|1775324982\n|-terastallize|p1b: Old Friend|Ghost\n|move|p2a: Incineroar|Helping Hand|p2b: Flutter Mane\n|-singleturn|p2b: Flutter Mane|Helping Hand|[of] p2a: Incineroar\n|move|p1b: Old Friend|Astral Barrage|p2b: Flutter Mane|[spread] p2a,p2b\n|-resisted|p2a: Incineroar\n|-supereffective|p2b: Flutter Mane\n|-damage|p2a: Incineroar|3/100\n|-enditem|p2b: Flutter Mane|Focus Sash\n|-damage|p2b: Flutter Mane|1/100\n|move|p2b: Flutter Mane|Moonblast|p1a: Kommander\n|-damage|p1a: Kommander|0 fnt\n|faint|p1a: Kommander\n|\n|-heal|p2b: Flutter Mane|7/100|[from] Grassy Terrain\n|-heal|p2a: Incineroar|9/100|[from] Grassy Terrain\n|upkeep\n|\n|t:|1775324994\n|switch|p1a: David Eagle|Rillaboom, L50, F|97/100\n|turn|7\n|l| LanternComic\n|\n|t:|1775325025\n|move|p1b: Old Friend|Protect|p1b: Old Friend\n|-singleturn|p1b: Old Friend|Protect\n|move|p2b: Flutter Mane|Protect|p2b: Flutter Mane\n|-singleturn|p2b: Flutter Mane|Protect\n|move|p1a: David Eagle|Grassy Glide|p2b: Flutter Mane\n|-activate|p2b: Flutter Mane|move: Protect\n|move|p2a: Incineroar|Parting Shot|p1a: David Eagle\n|-unboost|p1a: David Eagle|atk|1\n|-unboost|p1a: David Eagle|spa|1\n|\n|t:|1775325029\n|switch|p2a: Koraidon|Koraidon, L50|100/100|[from] Parting Shot\n|-weather|SunnyDay|[from] ability: Orichalcum Pulse|[of] p2a: Koraidon\n|-activate|p2b: Flutter Mane|ability: Protosynthesis\n|-start|p2b: Flutter Mane|protosynthesisspe\n|-activate|p2a: Koraidon|Orichalcum Pulse|[source]\n|\n|-weather|SunnyDay|[upkeep]\n|-heal|p2b: Flutter Mane|13/100|[from] Grassy Terrain\n|-heal|p1a: David Eagle|100/100|[from] Grassy Terrain\n|-fieldend|move: Grassy Terrain\n|upkeep\n|turn|8\n|c|\u2606Yoru No Kurage|good pshot\n|c|\u2606Yoru No Kurage|wp\n|c|\u2606SnorlaxPikachu1|i can still miss\n|c|\u2606Yoru No Kurage|yh\n|c|\u2606Yoru No Kurage|thats the main issue aha\n|c|\u2606Yoru No Kurage|i tried covering the wrong pshot slot\n|c|\u2606Yoru No Kurage|on last turn\n|\n|t:|1775325080\n|move|p2b: Flutter Mane|Icy Wind|p1b: Old Friend|[spread] p1a,p1b\n|-supereffective|p1a: David Eagle\n|-damage|p1a: David Eagle|81/100\n|-damage|p1b: Old Friend|86/100\n|-unboost|p1a: David Eagle|spe|1\n|-unboost|p1b: Old Friend|spe|1\n|move|p2a: Koraidon|Flare Blitz|p1b: Old Friend\n|-damage|p1b: Old Friend|0 fnt\n|faint|p1b: Old Friend\n|-damage|p2a: Koraidon|76/100|[from] Recoil\n|move|p1a: David Eagle|Grassy Glide|p2b: Flutter Mane\n|-damage|p2b: Flutter Mane|0 fnt\n|faint|p2b: Flutter Mane\n|-end|p2b: Flutter Mane|Protosynthesis|[silent]\n|\n|-weather|SunnyDay|[upkeep]\n|upkeep\n|c|@Radio Free C-Side|tbf fake out incin + astral was p free no?\n|\n|t:|1775325083\n|switch|p2b: Incineroar|Incineroar, L50, M|9/100\n|-ability|p2b: Incineroar|Intimidate|boost\n|-unboost|p1a: David Eagle|atk|1\n|turn|9\n|c|\u2606Yoru No Kurage|radio\n|c|\u2606Yoru No Kurage|icy wind + blitz\n|j| ido1234567890\n|c|\u2606Yoru No Kurage|gg i lose\n|c|\u2606Yoru No Kurage|if they hit\n|c|\u2606Yoru No Kurage|its same spot\n|c|\u2606Yoru No Kurage|if they pshot rex\n|c|\u2606SnorlaxPikachu1|yeah but if they predict the pshot csr they instawin\n|c|\u2606Yoru No Kurage|then i get a astral\n|c|\u2606Yoru No Kurage|and maybe korai dies to stuff\n|c|\u2606Yoru No Kurage|im playing to other outs\n|c|\u2606Yoru No Kurage|since its same either way if not\n|l| Miriajohn\n|\n|t:|1775325144\n|move|p2b: Incineroar|Fake Out|p1a: David Eagle\n|-damage|p1a: David Eagle|71/100\n|move|p2a: Koraidon|Flare Blitz|p1a: David Eagle\n|-supereffective|p1a: David Eagle\n|-damage|p1a: David Eagle|0 fnt\n|faint|p1a: David Eagle\n|-damage|p2a: Koraidon|53/100|[from] Recoil\n|\n|win|SnorlaxPikachu1\n|n|\u2606Yoru No Kurage|yorunokurage\n|n|\u2606SnorlaxPikachu1|snorlaxpikachu1\n|n| mysticmarshtomp|mysticmarshtomp\n|n| holdingb|holdingb\n|n|+Gross Sweep \u2603|grosssweep\n|n|+Radio Free C-Side|radiofreecside\n|n| ido1234567890|ido1234567890\n|c|\u2606Yoru No Kurage|wp\n|c|\u2606SnorlaxPikachu1|ggwp\n|l|\u2606SnorlaxPikachu1\n|player|p2|\n|l| mysticmarshtomp\n|l|+Radio Free C-Side\n|l| ido1234567890\n|l|\u2606Yoru No Kurage\n|player|p1|\n","uploadtime":1775325153,"views":10,"formatid":"gen9vgc2026regi","rating":null,"private":0,"password":null}