{"id":"gen9vgc2026regi-2577969096","format":"[Gen 9] VGC 2026 Reg I","players":["SycrasisEU","hypetran"],"log":"|j|\u2606SycrasisEU\n|j|\u2606hypetran\n|t:|1775628363\n|gametype|doubles\n|player|p1|SycrasisEU|byron|1201\n|player|p2|hypetran|2|1298\n|gen|9\n|tier|[Gen 9] VGC 2026 Reg I\n|rated|\n|rule|Species Clause: Limit one of each Pok\u00e9mon\n|rule|Item Clause: Limit 1 of each item\n|clearpoke\n|poke|p1|Koraidon, L50|\n|poke|p1|Brute Bonnet, L50|\n|poke|p1|Zacian-*, L50|\n|poke|p1|Zapdos-Galar, L50|\n|poke|p1|Flutter Mane, L50|\n|poke|p1|Heatran, L50, M|\n|poke|p2|Incineroar, L50, M|\n|poke|p2|Farigiraf, L50, F|\n|poke|p2|Amoonguss, L50, F|\n|poke|p2|Calyrex-Ice, L50|\n|poke|p2|Koraidon, L50|\n|poke|p2|Flutter Mane, L50|\n|teampreview|4\n|inactive|Battle timer is ON: inactive players will automatically lose when time's up. (requested by SycrasisEU)\nSycrasisEU has agreed to open team sheets.\nhypetran has agreed to open team sheets.\n|showteam|p1|Koraidon||ClearAmulet|OrichalcumPulse|FlameCharge,FlareBlitz,CollisionCourse,Protect||||||50|,,,,,Fire]Brute Bonnet||RockyHelmet|Protosynthesis|Protect,RagePowder,SuckerPunch,Spore||||||50|,,,,,Water]Zacian-Crowned||RustedSword|IntrepidSword|behemothblade,PlayRough,SwordsDance,Protect||||||50|,,,,,Ground]Zapdos-Galar||FocusSash|Defiant|ThunderousKick,Protect,Tailwind,Coaching||||||50|,,,,,Ghost]Flutter Mane||ChoiceSpecs|Protosynthesis|DazzlingGleam,Moonblast,PowerGem,ShadowBall||||||50|,,,,,Fairy]Heatran||ZoomLens|FlashFire|MagmaStorm,HeatWave,FlashCannon,Protect|||M|||50|,,,,,Bug\n|showteam|p2|Incineroar||SafetyGoggles|Intimidate|Uturn,FakeOut,FlareBlitz,KnockOff|||M|||50|,,,,,Fairy]Farigiraf||ThroatSpray|ArmorTail|Psychic,HyperVoice,TrickRoom,HelpingHand|||F|||50|,,,,,Fairy]Amoonguss||RockyHelmet|Regenerator|RagePowder,Spore,PollenPuff,Protect|||F|||50|,,,,,Dark]Calyrex-Ice||ClearAmulet|AsOneGlastrier|GlacialLance,HighHorsepower,CloseCombat,Protect||||||50|,,,,,Water]Koraidon||LifeOrb|OrichalcumPulse|FlareBlitz,CloseCombat,FlameCharge,Protect||||||50|,,,,,Fire]Flutter Mane||ChoiceSpecs|Protosynthesis|DazzlingGleam,ShadowBall,IcyWind,EnergyBall||||||50|,,,,,Fairy\n|inactive|hypetran has 60 seconds left.\n|\n|t:|1775628432\n|teamsize|p1|4\n|teamsize|p2|4\n|start\n|switch|p1a: Koraidon|Koraidon, L50, shiny|100/100\n|switch|p1b: Heatran|Heatran, L50, M|100/100\n|switch|p2a: Farigiraf|Farigiraf, L50, F|100/100\n|switch|p2b: Incineroar|Incineroar, L50, M|100/100\n|-weather|SunnyDay|[from] ability: Orichalcum Pulse|[of] p1a: Koraidon\n|-activate|p1a: Koraidon|Orichalcum Pulse|[source]\n|-ability|p2b: Incineroar|Intimidate|boost\n|-fail|p1a: Koraidon|unboost|[from] item: Clear Amulet|[of] p1a: Koraidon\n|-unboost|p1b: Heatran|atk|1\n|turn|1\n|inactive|SycrasisEU has 30 seconds left.\n|\n|t:|1775628466\n|move|p2b: Incineroar|Fake Out|p1a: Koraidon\n|-damage|p1a: Koraidon|90/100\n|cant|p1a: Koraidon|flinch\n|move|p1b: Heatran|Magma Storm|p2a: Farigiraf\n|-damage|p2a: Farigiraf|11/100\n|-activate|p2a: Farigiraf|move: Magma Storm|[of] p1b: Heatran\n|move|p2a: Farigiraf|Trick Room|p2a: Farigiraf\n|-fieldstart|move: Trick Room|[of] p2a: Farigiraf\n|\n|-weather|SunnyDay|[upkeep]\n|-damage|p2a: Farigiraf|0 fnt|[from] move: Magma Storm|[partiallytrapped]\n|faint|p2a: Farigiraf\n|upkeep\n|\n|t:|1775628476\n|switch|p2a: Calyrex|Calyrex-Ice, L50|100/100\n|-ability|p2a: Calyrex|As One\n|-ability|p2a: Calyrex|Unnerve\n|turn|2\n|inactive|SycrasisEU has 30 seconds left.\n|inactive|hypetran has 30 seconds left.\n|inactive|SycrasisEU has 20 seconds left.\n|\n|t:|1775628513\n|-terastallize|p2a: Calyrex|Water\n|-terastallize|p1b: Heatran|Bug\n|move|p1a: Koraidon|Protect|p1a: Koraidon\n|-singleturn|p1a: Koraidon|Protect\n|move|p2b: Incineroar|Knock Off|p1a: Koraidon\n|-activate|p1a: Koraidon|move: Protect\n|move|p2a: Calyrex|High Horsepower|p1b: Heatran\n|-resisted|p1b: Heatran\n|-damage|p1b: Heatran|83/100\n|move|p1b: Heatran|Magma Storm|p2a: Calyrex\n|-resisted|p2a: Calyrex\n|-damage|p2a: Calyrex|68/100\n|-activate|p2a: Calyrex|move: Magma Storm|[of] p1b: Heatran\n|\n|-weather|SunnyDay|[upkeep]\n|-damage|p2a: Calyrex|56/100|[from] move: Magma Storm|[partiallytrapped]\n|upkeep\n|turn|3\n|inactive|SycrasisEU has 30 seconds left.\n|\n|t:|1775628544\n|switch|p1a: Zacian|Zacian-Crowned, L50|100/100\n|-ability|p1a: Zacian|Intrepid Sword|boost\n|-boost|p1a: Zacian|atk|1\n|move|p2b: Incineroar|Flare Blitz|p1b: Heatran\n|-start|p1b: Heatran|ability: Flash Fire\n|move|p2a: Calyrex|Glacial Lance|p1b: Heatran|[spread] p1a,p1b\n|-resisted|p1a: Zacian\n|-damage|p1a: Zacian|70/100\n|-damage|p1b: Heatran|28/100\n|move|p1b: Heatran|Heat Wave|p2a: Calyrex|[spread] p2a,p2b\n|-resisted|p2a: Calyrex\n|-resisted|p2b: Incineroar\n|-damage|p2a: Calyrex|26/100\n|-damage|p2b: Incineroar|61/100\n|\n|-weather|SunnyDay|[upkeep]\n|-damage|p2a: Calyrex|14/100|[from] move: Magma Storm|[partiallytrapped]\n|upkeep\n|turn|4\n|\n|t:|1775628562\n|move|p1b: Heatran|Protect|p1b: Heatran\n|-singleturn|p1b: Heatran|Protect\n|move|p1a: Zacian|Protect|p1a: Zacian\n|-singleturn|p1a: Zacian|Protect\n|move|p2b: Incineroar|Flare Blitz|p1a: Zacian\n|-activate|p1a: Zacian|move: Protect\n|move|p2a: Calyrex|Glacial Lance|p1a: Zacian|[spread] \n|-activate|p1a: Zacian|move: Protect\n|-activate|p1b: Heatran|move: Protect\n|\n|-weather|SunnyDay|[upkeep]\n|-damage|p2a: Calyrex|2/100|[from] move: Magma Storm|[partiallytrapped]\n|upkeep\n|turn|5\n|\n|t:|1775628586\n|switch|p1a: Brute Bonnet|Brute Bonnet, L50, shiny|100/100\n|-activate|p1a: Brute Bonnet|ability: Protosynthesis\n|-start|p1a: Brute Bonnet|protosynthesisspd\n|move|p2b: Incineroar|Flare Blitz|p1a: Brute Bonnet\n|-supereffective|p1a: Brute Bonnet\n|-damage|p1a: Brute Bonnet|0 fnt\n|-damage|p2b: Incineroar|44/100|[from] item: Rocky Helmet|[of] p1a: Brute Bonnet\n|faint|p1a: Brute Bonnet\n|-end|p1a: Brute Bonnet|Protosynthesis|[silent]\n|-damage|p2b: Incineroar|8/100|[from] Recoil\n|move|p2a: Calyrex|Glacial Lance|p1b: Heatran\n|-damage|p1b: Heatran|0 fnt\n|faint|p1b: Heatran\n|-ability|p2a: Calyrex|Chilling Neigh|boost\n|-boost|p2a: Calyrex|atk|1\n|\n|-weather|none\n|-end|p2a: Calyrex|Magma Storm|[partiallytrapped]|[silent]\n|-fieldend|move: Trick Room\n|upkeep\n|\n|t:|1775628598\n|switch|p1b: Zacian|Zacian-Crowned, L50|70/100\n|switch|p1a: Koraidon|Koraidon, L50, shiny|90/100\n|-weather|SunnyDay|[from] ability: Orichalcum Pulse|[of] p1a: Koraidon\n|-activate|p1a: Koraidon|Orichalcum Pulse|[source]\n|turn|6\n|\n|t:|1775628613\n|switch|p2b: Flutter Mane|Flutter Mane, L50|100/100\n|-activate|p2b: Flutter Mane|ability: Protosynthesis\n|-start|p2b: Flutter Mane|protosynthesisspe\n|move|p2a: Calyrex|Protect|p2a: Calyrex\n|-singleturn|p2a: Calyrex|Protect\n|move|p1b: Zacian|Behemoth Blade|p2a: Calyrex\n|-activate|p2a: Calyrex|move: Protect\n|move|p1a: Koraidon|Collision Course|p2b: Flutter Mane\n|-immune|p2b: Flutter Mane\n|\n|-weather|SunnyDay|[upkeep]\n|upkeep\n|turn|7\n|inactive|SycrasisEU has 30 seconds left.\n|inactive|hypetran has 30 seconds left.\n|\n|t:|1775628641\n|move|p1a: Koraidon|Protect|p1a: Koraidon\n|-singleturn|p1a: Koraidon|Protect\n|move|p2b: Flutter Mane|Dazzling Gleam|p1b: Zacian|[spread] p1b\n|-activate|p1a: Koraidon|move: Protect\n|-resisted|p1b: Zacian\n|-damage|p1b: Zacian|49/100\n|move|p1b: Zacian|Behemoth Blade|p2b: Flutter Mane\n|-supereffective|p2b: Flutter Mane\n|-damage|p2b: Flutter Mane|0 fnt\n|faint|p2b: Flutter Mane\n|-end|p2b: Flutter Mane|Protosynthesis|[silent]\n|move|p2a: Calyrex|Glacial Lance|p1a: Koraidon|[spread] p1b\n|-activate|p1a: Koraidon|move: Protect\n|-resisted|p1b: Zacian\n|-damage|p1b: Zacian|6/100\n|\n|-weather|SunnyDay|[upkeep]\n|upkeep\n|\n|t:|1775628650\n|switch|p2b: Incineroar|Incineroar, L50, M|8/100\n|-ability|p2b: Incineroar|Intimidate|boost\n|-fail|p1a: Koraidon|unboost|[from] item: Clear Amulet|[of] p1a: Koraidon\n|-unboost|p1b: Zacian|atk|1\n|turn|8\n|\n|t:|1775628663\n|move|p2b: Incineroar|Fake Out|p1a: Koraidon\n|-damage|p1a: Koraidon|80/100\n|move|p1b: Zacian|Behemoth Blade|p2a: Calyrex\n|-resisted|p2a: Calyrex\n|-damage|p2a: Calyrex|0 fnt\n|faint|p2a: Calyrex\n|cant|p1a: Koraidon|flinch\n|\n|-weather|SunnyDay|[upkeep]\n|upkeep\n|turn|9\n|-message|hypetran forfeited.\n|\n|win|SycrasisEU\n|raw|SycrasisEU's rating: 1201 &rarr; <strong>1233</strong><br />(+32 for winning)\n|raw|hypetran's rating: 1298 &rarr; <strong>1266</strong><br />(-32 for losing)\n|l|\u2606hypetran\n|player|p2|\n|l|\u2606SycrasisEU\n|player|p1|\n","uploadtime":1775628850,"views":10,"formatid":"gen9vgc2026regi","rating":1233,"private":0,"password":null}