{"id":"gen9vgc2026regi-2577946482","format":"[Gen 9] VGC 2026 Reg I","players":["sukaww","floptropica123"],"log":"|j|\u2606sukaww\n|j|\u2606floptropica123\n|t:|1775624612\n|gametype|doubles\n|player|p1|sukaww|1|1351\n|player|p2|floptropica123|pokemaniac|1446\n|gen|9\n|tier|[Gen 9] VGC 2026 Reg I\n|rated|\n|rule|Species Clause: Limit one of each Pok\u00e9mon\n|rule|Item Clause: Limit 1 of each item\n|clearpoke\n|poke|p1|Calyrex-Ice, L50|\n|poke|p1|Miraidon, L50|\n|poke|p1|Iron Hands, L50|\n|poke|p1|Farigiraf, L50, M|\n|poke|p1|Ursaluna-Bloodmoon, L50, M|\n|poke|p1|Torkoal, L50, F|\n|poke|p2|Calyrex-Shadow, L50|\n|poke|p2|Koraidon, L50|\n|poke|p2|Chi-Yu, L50|\n|poke|p2|Walking Wake, L50|\n|poke|p2|Brute Bonnet, L50|\n|poke|p2|Weezing-Galar, L50, M|\n|teampreview|4\n|inactive|Battle timer is ON: inactive players will automatically lose when time's up. (requested by sukaww)\n|j| CrazyyBoi\n|inactive|floptropica123 has 60 seconds left.\n|\n|t:|1775624648\n|teamsize|p1|4\n|teamsize|p2|4\n|start\n|switch|p1a: Calyrex|Calyrex-Ice, L50|100/100\n|switch|p1b: Iron Hands|Iron Hands, L50|100/100\n|switch|p2a: Weezing|Weezing-Galar, L50, M|100/100\n|switch|p2b: Chi-Yu|Chi-Yu, L50|100/100\n|-ability|p2a: Weezing|Neutralizing Gas\n|-ability|p1a: Calyrex|As One\n|-ability|p1a: Calyrex|Unnerve\n|turn|1\n|inactive|floptropica123 has 30 seconds left.\n|\n|t:|1775624676\n|-terastallize|p1a: Calyrex|Dragon\n|move|p1b: Iron Hands|Fake Out|p2a: Weezing\n|-damage|p2a: Weezing|86/100\n|move|p2b: Chi-Yu|Dark Pulse|p1a: Calyrex\n|-damage|p1a: Calyrex|72/100\n|move|p2a: Weezing|Taunt|p1a: Calyrex\n|-start|p1a: Calyrex|move: Taunt\n|cant|p1a: Calyrex|move: Taunt|Trick Room\n|\n|upkeep\n|turn|2\n|\n|t:|1775624697\n|move|p2b: Chi-Yu|Dark Pulse|p1a: Calyrex\n|-damage|p1a: Calyrex|46/100\n|move|p2a: Weezing|Play Rough|p1a: Calyrex\n|-supereffective|p1a: Calyrex\n|-damage|p1a: Calyrex|8/100\n|move|p1a: Calyrex|Glacial Lance|p2a: Weezing|[spread] p2a,p2b\n|-resisted|p2b: Chi-Yu\n|-damage|p2a: Weezing|39/100\n|-damage|p2b: Chi-Yu|55/100\n|move|p1b: Iron Hands|Drain Punch|p2b: Chi-Yu\n|-supereffective|p2b: Chi-Yu\n|-damage|p2b: Chi-Yu|0 fnt\n|faint|p2b: Chi-Yu\n|\n|upkeep\n|\n|t:|1775624711\n|switch|p2b: Calyrex|Calyrex-Shadow, L50|100/100\n|-ability|p2b: Calyrex|As One\n|-ability|p2b: Calyrex|Unnerve\n|turn|3\n|\n|t:|1775624722\n|move|p2b: Calyrex|Astral Barrage|p1a: Calyrex|[spread] p1a,p1b\n|-damage|p1a: Calyrex|0 fnt\n|-damage|p1b: Iron Hands|65/100\n|faint|p1a: Calyrex\n|-ability|p2b: Calyrex|Grim Neigh|boost\n|-boost|p2b: Calyrex|spa|1\n|move|p2a: Weezing|Play Rough|p1b: Iron Hands\n|-supereffective|p1b: Iron Hands\n|-damage|p1b: Iron Hands|24/100\n|move|p1b: Iron Hands|Wild Charge|p2b: Calyrex\n|-damage|p2b: Calyrex|43/100\n|-damage|p1b: Iron Hands|14/100|[from] Recoil\n|\n|upkeep\n|\n|t:|1775624734\n|switch|p1a: Miraidon|Miraidon, L50|100/100\n|turn|4\n|\n|t:|1775624743\n|move|p1a: Miraidon|Electro Drift|p2b: Calyrex\n|-damage|p2b: Calyrex|0 fnt\n|faint|p2b: Calyrex\n|move|p2a: Weezing|Play Rough|p1a: Miraidon\n|-supereffective|p1a: Miraidon\n|-damage|p1a: Miraidon|49/100\n|move|p1b: Iron Hands|Wild Charge|p2a: Weezing\n|-damage|p2a: Weezing|0 fnt\n|faint|p2a: Weezing\n|-end|p2a: Weezing|ability: Neutralizing Gas\n|-fieldstart|move: Electric Terrain|[from] ability: Hadron Engine|[of] p1a: Miraidon\n|-activate|p1b: Iron Hands|ability: Quark Drive\n|-start|p1b: Iron Hands|quarkdriveatk\n|-damage|p1b: Iron Hands|7/100|[from] Recoil\n|\n|upkeep\n|\n|t:|1775624754\n|switch|p2b: Koraidon|Koraidon, L50|100/100\n|-weather|SunnyDay|[from] ability: Orichalcum Pulse|[of] p2b: Koraidon\n|-activate|p2b: Koraidon|Orichalcum Pulse|[source]\n|turn|5\n|\n|t:|1775624772\n|switch|p1a: Torkoal|Torkoal, L50, F|100/100\n|move|p2b: Koraidon|Collision Course|p1a: Torkoal\n|-damage|p1a: Torkoal|43/100\n|move|p1b: Iron Hands|Low Kick|p2b: Koraidon\n|-damage|p2b: Koraidon|27/100\n|\n|-weather|SunnyDay|[upkeep]\n|upkeep\n|turn|6\n|\n|t:|1775624785\n|move|p2b: Koraidon|Flame Charge|p1b: Iron Hands\n|-damage|p1b: Iron Hands|0 fnt\n|-boost|p2b: Koraidon|spe|1\n|faint|p1b: Iron Hands\n|-end|p1b: Iron Hands|Quark Drive|[silent]\n|move|p1a: Torkoal|Weather Ball|p2b: Koraidon\n|-resisted|p2b: Koraidon\n|-damage|p2b: Koraidon|0 fnt\n|faint|p2b: Koraidon\n|\n|win|sukaww\n|raw|sukaww's rating: 1351 &rarr; <strong>1376</strong><br />(+25 for winning)\n|raw|floptropica123's rating: 1446 &rarr; <strong>1421</strong><br />(-25 for losing)\n|l|\u2606floptropica123\n|player|p2|\n|l|\u2606sukaww\n|player|p1|\n|l| CrazyyBoi\n","uploadtime":1775624966,"views":10,"formatid":"gen9vgc2026regi","rating":1376,"private":0,"password":null}