{"id":"gen9vgc2026regi-2562407675","format":"[Gen 9] VGC 2026 Reg I","players":["SycrasisEU","Gigi003"],"log":"|j|\u2606SycrasisEU\n|j|\u2606Gigi003\n|t:|1773912491\n|gametype|doubles\n|player|p1|SycrasisEU|pryce|1174\n|player|p2|Gigi003|169|1041\n|gen|9\n|tier|[Gen 9] VGC 2026 Reg I\n|rated|\n|rule|Species Clause: Limit one of each Pok\u00e9mon\n|rule|Item Clause: Limit 1 of each item\n|clearpoke\n|poke|p1|Koraidon, L50|\n|poke|p1|Incineroar, L50, F|\n|poke|p1|Miraidon, L50|\n|poke|p1|Sneasler, L50, F|\n|poke|p1|Suicune, L50|\n|poke|p1|Raichu-Alola, L50, M|\n|poke|p2|Calyrex-Shadow, L50|\n|poke|p2|Koraidon, L50|\n|poke|p2|Chien-Pao, L50|\n|poke|p2|Flutter Mane, L50|\n|poke|p2|Regieleki, L50|\n|poke|p2|Farigiraf, L50, M|\n|teampreview|4\n|inactive|Battle timer is ON: inactive players will automatically lose when time's up. (requested by SycrasisEU)\nSycrasisEU has agreed to open team sheets.\n|inactive|SycrasisEU has 60 seconds left.\n|inactive|Gigi003 has 60 seconds left.\n|\n|t:|1773912546\n|teamsize|p1|4\n|teamsize|p2|4\n|start\n|switch|p1a: Miraidon|Miraidon, L50|100/100\n|switch|p1b: Sneasler|Sneasler, L50, F|100/100\n|switch|p2a: Flutter Mane|Flutter Mane, L50|100/100\n|switch|p2b: Regieleki|Regieleki, L50|100/100\n|-fieldstart|move: Electric Terrain|[from] ability: Hadron Engine|[of] p1a: Miraidon\n|-enditem|p1b: Sneasler|Electric Seed\n|-boost|p1b: Sneasler|def|1|[from] item: Electric Seed\n|-enditem|p2a: Flutter Mane|Booster Energy\n|-activate|p2a: Flutter Mane|ability: Protosynthesis|[fromitem]\n|-start|p2a: Flutter Mane|protosynthesisspe\n|turn|1\n|inactive|SycrasisEU has 30 seconds left.\n|inactive|SycrasisEU has 20 seconds left.\n|inactive|SycrasisEU has 15 seconds left.\n|inactive|SycrasisEU has 10 seconds left.\n|inactive|SycrasisEU has 5 seconds left.\n|\n|t:|1773912601\n|move|p1b: Sneasler|Throat Chop|p2a: Flutter Mane\n|-damage|p2a: Flutter Mane|37/100\n|-start|p2a: Flutter Mane|Throat Chop|[silent]\n|move|p2a: Flutter Mane|Moonblast|p1a: Miraidon\n|-supereffective|p1a: Miraidon\n|-damage|p1a: Miraidon|11/100\n|move|p2b: Regieleki|Volt Switch|p1b: Sneasler\n|-damage|p1b: Sneasler|27/100\n|\n|t:|1773912612\n|switch|p2b: Calyrex|Calyrex-Shadow, L50|100/100|[from] Volt Switch\n|-ability|p2b: Calyrex|As One\n|-ability|p2b: Calyrex|Unnerve\n|move|p1a: Miraidon|Electro Drift|p2b: Calyrex\n|-damage|p2b: Calyrex|0 fnt\n|faint|p2b: Calyrex\n|\n|upkeep\n|\n|t:|1773912627\n|switch|p2b: Regieleki|Regieleki, L50|100/100\n|turn|2\n|inactive|SycrasisEU has 30 seconds left.\n|\n|t:|1773912661\n|-end|p2a: Flutter Mane|Protosynthesis|[silent]\n|switch|p2a: Koraidon|Koraidon, L50|100/100\n|-weather|SunnyDay|[from] ability: Orichalcum Pulse|[of] p2a: Koraidon\n|-activate|p2a: Koraidon|Orichalcum Pulse|[source]\n|move|p1b: Sneasler|Protect|p1b: Sneasler\n|-singleturn|p1b: Sneasler|Protect\n|move|p2b: Regieleki|Volt Switch|p1a: Miraidon\n|-resisted|p1a: Miraidon\n|-damage|p1a: Miraidon|0 fnt\n|faint|p1a: Miraidon\n|\n|t:|1773912673\n|switch|p2b: Flutter Mane|Flutter Mane, L50|37/100|[from] Volt Switch\n|-activate|p2b: Flutter Mane|ability: Protosynthesis\n|-start|p2b: Flutter Mane|protosynthesisspe\n|\n|-weather|SunnyDay|[upkeep]\n|upkeep\n|\n|t:|1773912680\n|switch|p1a: Incineroar|Incineroar, L50, F, shiny|100/100\n|-ability|p1a: Incineroar|Intimidate|boost\n|-unboost|p2a: Koraidon|atk|1\n|-unboost|p2b: Flutter Mane|atk|1\n|turn|3\n|inactive|Gigi003 has 30 seconds left.\n|inactive|Gigi003 has 20 seconds left.\n|inactive|Gigi003 has 15 seconds left.\n|inactive|Gigi003 has 10 seconds left.\n|inactive|Gigi003 has 5 seconds left.\n|\n|t:|1773912732\n|move|p1a: Incineroar|Fake Out|p2a: Koraidon\n|-damage|p2a: Koraidon|89/100\n|move|p1b: Sneasler|Dire Claw|p2b: Flutter Mane\n|-damage|p2b: Flutter Mane|0 fnt\n|faint|p2b: Flutter Mane\n|-end|p2b: Flutter Mane|Protosynthesis|[silent]\n|cant|p2a: Koraidon|flinch\n|\n|-weather|SunnyDay|[upkeep]\n|upkeep\n|\n|t:|1773912740\n|switch|p2b: Regieleki|Regieleki, L50|100/100\n|turn|4\n|\n|t:|1773912754\n|move|p1b: Sneasler|Dire Claw|p2a: Koraidon\n|-damage|p2a: Koraidon|47/100\n|-status|p2a: Koraidon|psn\n|move|p2b: Regieleki|Thunderbolt|p1b: Sneasler\n|-damage|p1b: Sneasler|0 fnt\n|faint|p1b: Sneasler\n|move|p2a: Koraidon|Collision Course|p1a: Incineroar\n|-supereffective|p1a: Incineroar\n|-damage|p1a: Incineroar|0 fnt\n|faint|p1a: Incineroar\n|-damage|p2a: Koraidon|38/100 psn|[from] item: Life Orb\n|\n|-weather|SunnyDay|[upkeep]\n|-damage|p2a: Koraidon|26/100 psn|[from] psn\n|upkeep\n|\n|t:|1773912764\n|switch|p1b: Koraidon|Koraidon, L50|100/100\n|-activate|p1b: Koraidon|ability: Orichalcum Pulse\n|turn|5\n|inactive|Gigi003 has 30 seconds left.\n|inactive|Gigi003 has 20 seconds left.\n|\n|t:|1773912802\n|move|p2b: Regieleki|Thunder Wave|p1b: Koraidon\n|-status|p1b: Koraidon|par\n|move|p2a: Koraidon|Close Combat|p1b: Koraidon\n|-damage|p1b: Koraidon|23/100 par\n|-unboost|p2a: Koraidon|def|1\n|-unboost|p2a: Koraidon|spd|1\n|-damage|p2a: Koraidon|16/100 psn|[from] item: Life Orb\n|move|p1b: Koraidon|Collision Course|p2a: Koraidon\n|-damage|p2a: Koraidon|0 fnt\n|faint|p2a: Koraidon\n|\n|-weather|SunnyDay|[upkeep]\n|-fieldend|move: Electric Terrain\n|upkeep\n|turn|6\n|\n|t:|1773912819\n|move|p2b: Regieleki|Thunderbolt|p1b: Koraidon\n|-resisted|p1b: Koraidon\n|-damage|p1b: Koraidon|0 fnt\n|faint|p1b: Koraidon\n|\n|win|Gigi003\n|raw|SycrasisEU's rating: 1174 &rarr; <strong>1140</strong><br />(-34 for losing)\n|raw|Gigi003's rating: 1041 &rarr; <strong>1087</strong><br />(+46 for winning)\n|l|\u2606SycrasisEU\n|player|p1|\n","uploadtime":1773912828,"views":10,"formatid":"gen9vgc2026regi","rating":1087,"private":0,"password":null}