{"id":"gen9vgc2026regi-2567090230","format":"[Gen 9] VGC 2026 Reg I","players":["Abe1254","Sunny_zong1"],"log":"|badge|p1|silver|gen9doublesou|30-8\n|uhtml|medal-msg|<div class=\"broadcast-blue\">Curious what those medals under the avatar are? PS now has Ladder Seasons! For more information, check out the <a href=\"https://www.smogon.com/forums/threads/3740067/\">thread on Smogon.</a></div>\n|j|\u2606Abe1254\n|j|\u2606Sunny_zong1\n|t:|1774448269\n|gametype|doubles\n|player|p1|Abe1254|cheren-gen5bw2|1389\n|player|p2|Sunny_zong1|265|1337\n|gen|9\n|tier|[Gen 9] VGC 2026 Reg I\n|rated|\n|rule|Species Clause: Limit one of each Pok\u00e9mon\n|rule|Item Clause: Limit 1 of each item\n|clearpoke\n|poke|p1|Lunala, L50|\n|poke|p1|Kyurem-White, L50|\n|poke|p1|Ninetales-Alola, L50, F|\n|poke|p1|Incineroar, L50, M|\n|poke|p1|Farigiraf, L50, F|\n|poke|p1|Iron Hands, L50|\n|poke|p2|Glimmora, L50, F|\n|poke|p2|Eternatus, L50|\n|poke|p2|Miraidon, L50|\n|poke|p2|Chi-Yu, L50|\n|poke|p2|Urshifu-*, L50, F|\n|poke|p2|Grimmsnarl, L50, M|\n|teampreview|4\n|inactive|Battle timer is ON: inactive players will automatically lose when time's up. (requested by Sunny_zong1)\n|\n|t:|1774448288\n|teamsize|p1|4\n|teamsize|p2|4\n|start\n|switch|p1a: Farigiraf|Farigiraf, L50, F|100/100\n|switch|p1b: Iron Hands|Iron Hands, L50|100/100\n|switch|p2a: Grimmsnarl|Grimmsnarl, L50, M|100/100\n|switch|p2b: Glimmora|Glimmora, L50, F|100/100\n|turn|1\n|\n|t:|1774448311\n|move|p1b: Iron Hands|Fake Out|p2a: Grimmsnarl\n|-damage|p2a: Grimmsnarl|82/100\n|cant|p2a: Grimmsnarl|flinch\n|move|p2b: Glimmora|Mortal Spin|p1b: Iron Hands|[spread] p1a,p1b\n|-damage|p1a: Farigiraf|95/100\n|-damage|p1b: Iron Hands|97/100\n|-status|p1a: Farigiraf|psn\n|-status|p1b: Iron Hands|psn\n|move|p1a: Farigiraf|Trick Room|p1a: Farigiraf\n|-fieldstart|move: Trick Room|[of] p1a: Farigiraf\n|\n|-damage|p1b: Iron Hands|85/100 psn|[from] psn\n|-damage|p1a: Farigiraf|83/100 psn|[from] psn\n|upkeep\n|turn|2\n|\n|t:|1774448334\n|move|p2a: Grimmsnarl|Reflect|p2a: Grimmsnarl\n|-sidestart|p2: Sunny_zong1|Reflect\n|move|p1b: Iron Hands|Wild Charge|p2b: Glimmora\n|-damage|p2b: Glimmora|58/100\n|-activate|p2b: Glimmora|ability: Toxic Debris\n|-sidestart|p1: Abe1254|move: Toxic Spikes\n|-damage|p1b: Iron Hands|77/100 psn|[from] Recoil\n|move|p1a: Farigiraf|Psychic|p2b: Glimmora\n|-supereffective|p2b: Glimmora\n|-damage|p2b: Glimmora|0 fnt\n|faint|p2b: Glimmora\n|\n|-damage|p1b: Iron Hands|65/100 psn|[from] psn\n|-damage|p1a: Farigiraf|71/100 psn|[from] psn\n|upkeep\n|\n|t:|1774448341\n|switch|p2b: Eternatus|Eternatus, L50|100/100\n|-ability|p2b: Eternatus|Pressure\n|turn|3\n|\n|t:|1774448355\n|move|p2b: Eternatus|Protect|p2b: Eternatus\n|-singleturn|p2b: Eternatus|Protect\n|move|p2a: Grimmsnarl|Light Screen|p2a: Grimmsnarl\n|-sidestart|p2: Sunny_zong1|move: Light Screen\n|move|p1b: Iron Hands|Low Kick|p2b: Eternatus\n|-activate|p2b: Eternatus|move: Protect\n|move|p1a: Farigiraf|Psychic|p2b: Eternatus\n|-activate|p2b: Eternatus|move: Protect\n|\n|-damage|p1b: Iron Hands|53/100 psn|[from] psn\n|-damage|p1a: Farigiraf|58/100 psn|[from] psn\n|upkeep\n|turn|4\n|\n|t:|1774448374\n|move|p1a: Farigiraf|Helping Hand|p1b: Iron Hands\n|-singleturn|p1b: Iron Hands|Helping Hand|[of] p1a: Farigiraf\n|move|p1b: Iron Hands|Drain Punch|p2a: Grimmsnarl\n|-damage|p2a: Grimmsnarl|31/100\n|-heal|p1b: Iron Hands|75/100 psn|[from] drain|[of] p2a: Grimmsnarl\n|move|p2a: Grimmsnarl|Foul Play|p1a: Farigiraf\n|-supereffective|p1a: Farigiraf\n|-damage|p1a: Farigiraf|18/100 psn\n|move|p2b: Eternatus|Recover||[still]\n|-fail|p2b: Eternatus|heal\n|\n|-damage|p1b: Iron Hands|62/100 psn|[from] psn\n|-damage|p1a: Farigiraf|5/100 psn|[from] psn\n|upkeep\n|turn|5\n|\n|t:|1774448391\n|move|p1a: Farigiraf|Helping Hand|p1b: Iron Hands\n|-singleturn|p1b: Iron Hands|Helping Hand|[of] p1a: Farigiraf\n|move|p1b: Iron Hands|Drain Punch|p2a: Grimmsnarl\n|-damage|p2a: Grimmsnarl|0 fnt\n|-heal|p1b: Iron Hands|75/100 psn|[from] drain|[of] p2a: Grimmsnarl\n|faint|p2a: Grimmsnarl\n|move|p2b: Eternatus|Cosmic Power|p2b: Eternatus\n|-boost|p2b: Eternatus|def|1\n|-boost|p2b: Eternatus|spd|1\n|\n|-damage|p1b: Iron Hands|63/100 psn|[from] psn\n|-damage|p1a: Farigiraf|0 fnt|[from] psn\n|faint|p1a: Farigiraf\n|-fieldend|move: Trick Room\n|upkeep\n|\n|t:|1774448396\n|switch|p2a: Miraidon|Miraidon, L50|100/100\n|switch|p1a: Lunala|Lunala, L50|100/100\n|-fieldstart|move: Electric Terrain|[from] ability: Hadron Engine|[of] p2a: Miraidon\n|-activate|p1b: Iron Hands|ability: Quark Drive\n|-start|p1b: Iron Hands|quarkdriveatk\n|-status|p1a: Lunala|psn\n|turn|6\n|\n|t:|1774448404\n|-terastallize|p2a: Miraidon|Fairy\n|move|p2a: Miraidon|Dazzling Gleam|p1a: Lunala|[spread] p1a,p1b\n|-supereffective|p1b: Iron Hands\n|-damage|p1a: Lunala|78/100 psn\n|-damage|p1b: Iron Hands|0 fnt\n|faint|p1b: Iron Hands\n|-end|p1b: Iron Hands|Quark Drive|[silent]\n|move|p2b: Eternatus|Cosmic Power|p2b: Eternatus\n|-boost|p2b: Eternatus|def|1\n|-boost|p2b: Eternatus|spd|1\n|move|p1a: Lunala|Trick Room|p1a: Lunala\n|-fieldstart|move: Trick Room|[of] p1a: Lunala\n|\n|-damage|p1a: Lunala|66/100 psn|[from] psn\n|upkeep\n|\n|t:|1774448411\n|switch|p1b: Kyurem|Kyurem-White, L50|100/100\n|-status|p1b: Kyurem|psn\n|-ability|p1b: Kyurem|Turboblaze\n|turn|7\n|\n|t:|1774448422\n|-terastallize|p1b: Kyurem|Ice\n|move|p1b: Kyurem|Blizzard|p2b: Eternatus|[spread] p2a,p2b\n|-supereffective|p2b: Eternatus\n|-damage|p2a: Miraidon|30/100\n|-damage|p2b: Eternatus|53/100\n|move|p1a: Lunala|Meteor Beam||[still]\n|-prepare|p1a: Lunala|Meteor Beam\n|-boost|p1a: Lunala|spa|1\n|-enditem|p1a: Lunala|Power Herb\n|-anim|p1a: Lunala|Meteor Beam|p2b: Eternatus|[miss]\n|-miss|p1a: Lunala|p2b: Eternatus\n|move|p2b: Eternatus|Cosmic Power|p2b: Eternatus\n|-boost|p2b: Eternatus|def|1\n|-boost|p2b: Eternatus|spd|1\n|move|p2a: Miraidon|Dazzling Gleam|p1b: Kyurem|[spread] p1a,p1b\n|-damage|p1a: Lunala|22/100 psn\n|-damage|p1b: Kyurem|51/100 psn\n|\n|-heal|p2b: Eternatus|59/100|[from] item: Leftovers\n|-damage|p1b: Kyurem|38/100 psn|[from] psn\n|-damage|p1a: Lunala|10/100 psn|[from] psn\n|upkeep\n|turn|8\n|\n|t:|1774448437\n|move|p2b: Eternatus|Protect|p2b: Eternatus\n|-singleturn|p2b: Eternatus|Protect\n|move|p1b: Kyurem|Blizzard|p2a: Miraidon|[spread] \n|-activate|p2b: Eternatus|move: Protect\n|-miss|p1b: Kyurem|p2a: Miraidon\n|move|p1a: Lunala|Moongeist Beam|p2a: Miraidon\n|-damage|p2a: Miraidon|0 fnt\n|faint|p2a: Miraidon\n|\n|-heal|p2b: Eternatus|65/100|[from] item: Leftovers\n|-damage|p1b: Kyurem|26/100 psn|[from] psn\n|-damage|p1a: Lunala|0 fnt|[from] psn\n|faint|p1a: Lunala\n|upkeep\n|turn|9\n|\n|t:|1774448444\n|move|p1b: Kyurem|Blizzard|p2b: Eternatus\n|-supereffective|p2b: Eternatus\n|-damage|p2b: Eternatus|13/100\n|move|p2b: Eternatus|Recover|p2b: Eternatus\n|-heal|p2b: Eternatus|64/100\n|\n|-heal|p2b: Eternatus|70/100|[from] item: Leftovers\n|-damage|p1b: Kyurem|13/100 psn|[from] psn\n|-sideend|p2: Sunny_zong1|Reflect\n|upkeep\n|turn|10\n|\n|t:|1774448448\n|move|p2b: Eternatus|Protect|p2b: Eternatus\n|-singleturn|p2b: Eternatus|Protect\n|move|p1b: Kyurem|Blizzard|p2b: Eternatus\n|-activate|p2b: Eternatus|move: Protect\n|\n|-heal|p2b: Eternatus|76/100|[from] item: Leftovers\n|-damage|p1b: Kyurem|1/100 psn|[from] psn\n|-sideend|p2: Sunny_zong1|move: Light Screen\n|-fieldend|move: Trick Room\n|-fieldend|move: Electric Terrain\n|upkeep\n|turn|11\n|\n|t:|1774448450\n|move|p2b: Eternatus|Sludge Bomb|p1b: Kyurem\n|-damage|p1b: Kyurem|0 fnt\n|faint|p1b: Kyurem\n|\n|win|Sunny_zong1\n|raw|Abe1254's rating: 1389 &rarr; <strong>1366</strong><br />(-23 for losing)\n|raw|Sunny_zong1's rating: 1337 &rarr; <strong>1360</strong><br />(+23 for winning)\n|c|\u2606Abe1254|Gg\n|l|\u2606Abe1254\n|player|p1|\n|c|\u2606Sunny_zong1|gg\n|l|\u2606Sunny_zong1\n|player|p2|\n","uploadtime":1774448700,"views":10,"formatid":"gen9vgc2026regi","rating":1360,"private":0,"password":null}