{"id":"gen9vgc2026regi-2548281893","format":"[Gen 9] VGC 2026 Reg I","players":["shadowofroserade04","alexit93"],"log":"|j|\u2606shadowofroserade04\n|j|\u2606alexit93\n|t:|1772198343\n|gametype|doubles\n|player|p1|shadowofroserade04|roxie|1519\n|player|p2|alexit93|lucas-gen4pt|1369\n|gen|9\n|tier|[Gen 9] VGC 2026 Reg I\n|rated|\n|rule|Species Clause: Limit one of each Pok\u00e9mon\n|rule|Item Clause: Limit 1 of each item\n|clearpoke\n|poke|p1|Chi-Yu, L50|\n|poke|p1|Weezing-Galar, L50, F|\n|poke|p1|Walking Wake, L50|\n|poke|p1|Calyrex-Shadow, L50|\n|poke|p1|Brute Bonnet, L50|\n|poke|p1|Koraidon, L50|\n|poke|p2|Zamazenta-*, L50|\n|poke|p2|Chien-Pao, L50|\n|poke|p2|Miraidon, L50|\n|poke|p2|Iron Jugulis, L50|\n|poke|p2|Farigiraf, L50, F|\n|poke|p2|Landorus, L50, M|\n|teampreview|4\n|\n|t:|1772198376\n|teamsize|p1|4\n|teamsize|p2|4\n|start\n|switch|p1a: Koraidon|Koraidon, L50|100/100\n|switch|p1b: Weezing|Weezing-Galar, L50, F|100/100\n|switch|p2a: Landorus|Landorus, L50, M|100/100\n|switch|p2b: Iron Jugulis|Iron Jugulis, L50|100/100\n|-ability|p1b: Weezing|Neutralizing Gas\n|-block|p1a: Koraidon|item: Ability Shield\n|-weather|SunnyDay|[from] ability: Orichalcum Pulse|[of] p1a: Koraidon\n|-activate|p1a: Koraidon|Orichalcum Pulse|[source]\n|turn|1\n|inactive|Battle timer is ON: inactive players will automatically lose when time's up. (requested by alexit93)\n|\n|t:|1772198413\n|-terastallize|p2a: Landorus|Water\n|move|p2b: Iron Jugulis|Protect|p2b: Iron Jugulis\n|-singleturn|p2b: Iron Jugulis|Protect\n|move|p2a: Landorus|Sandsear Storm|p1b: Weezing|[spread] p1b\n|-miss|p2a: Landorus|p1a: Koraidon\n|-supereffective|p1b: Weezing\n|-damage|p1b: Weezing|17/100\n|-enditem|p1b: Weezing|Sitrus Berry|[eat]\n|-heal|p1b: Weezing|42/100|[from] item: Sitrus Berry\n|-damage|p2a: Landorus|91/100|[from] item: Life Orb\n|move|p1a: Koraidon|Flare Blitz|p2a: Landorus\n|-resisted|p2a: Landorus\n|-damage|p2a: Landorus|40/100\n|-damage|p1a: Koraidon|87/100|[from] Recoil\n|move|p1b: Weezing|Strange Steam|p2b: Iron Jugulis\n|-activate|p2b: Iron Jugulis|move: Protect\n|\n|-weather|SunnyDay|[upkeep]\n|upkeep\n|turn|2\n|inactive|shadowofroserade04 has 30 seconds left.\n|inactive|alexit93 has 30 seconds left.\n|inactive|alexit93 has 20 seconds left.\n|\n|t:|1772198449\n|move|p1b: Weezing|Protect|p1b: Weezing\n|-singleturn|p1b: Weezing|Protect\n|move|p2b: Iron Jugulis|Hurricane|p1a: Koraidon\n|-supereffective|p1a: Koraidon\n|-damage|p1a: Koraidon|17/100\n|move|p2a: Landorus|Sandsear Storm|p1a: Koraidon|[spread] p1a\n|-activate|p1b: Weezing|move: Protect\n|-damage|p1a: Koraidon|0 fnt\n|faint|p1a: Koraidon\n|-damage|p2a: Landorus|30/100|[from] item: Life Orb\n|\n|-weather|SunnyDay|[upkeep]\n|upkeep\n|\n|t:|1772198460\n|switch|p1a: Chi-Yu|Chi-Yu, L50|100/100\n|turn|3\n|\n|t:|1772198471\n|move|p2a: Landorus|Protect|p2a: Landorus\n|-singleturn|p2a: Landorus|Protect\n|move|p1a: Chi-Yu|Heat Wave|p2b: Iron Jugulis|[spread] p2b\n|-activate|p2a: Landorus|move: Protect\n|-damage|p2b: Iron Jugulis|31/100\n|move|p2b: Iron Jugulis|Tailwind|p2b: Iron Jugulis\n|-sidestart|p2: alexit93|move: Tailwind\n|move|p1b: Weezing|Strange Steam|p2b: Iron Jugulis\n|-supereffective|p2b: Iron Jugulis\n|-damage|p2b: Iron Jugulis|0 fnt\n|faint|p2b: Iron Jugulis\n|-end|p2b: Iron Jugulis|Quark Drive|[silent]\n|\n|-weather|SunnyDay|[upkeep]\n|upkeep\n|\n|t:|1772198485\n|switch|p2b: Miraidon|Miraidon, L50, shiny|100/100\n|turn|4\n|\n|t:|1772198502\n|-terastallize|p1a: Chi-Yu|Ghost\n|move|p1b: Weezing|Protect|p1b: Weezing\n|-singleturn|p1b: Weezing|Protect\n|move|p2b: Miraidon|Electro Drift|p1b: Weezing\n|-activate|p1b: Weezing|move: Protect\n|move|p2a: Landorus|Earth Power|p1a: Chi-Yu\n|-damage|p1a: Chi-Yu|34/100\n|-damage|p2a: Landorus|20/100|[from] item: Life Orb\n|move|p1a: Chi-Yu|Heat Wave|p2b: Miraidon|[spread] p2a,p2b\n|-resisted|p2a: Landorus\n|-resisted|p2b: Miraidon\n|-damage|p2a: Landorus|0 fnt\n|-damage|p2b: Miraidon|72/100\n|faint|p2a: Landorus\n|\n|-weather|SunnyDay|[upkeep]\n|upkeep\n|\n|t:|1772198505\n|switch|p2a: Zamazenta|Zamazenta-Crowned, L50, shiny|100/100\n|turn|5\n|\n|t:|1772198529\n|move|p2b: Miraidon|Electro Drift|p1b: Weezing\n|-damage|p1b: Weezing|0 fnt\n|faint|p1b: Weezing\n|-end|p1b: Weezing|ability: Neutralizing Gas\n|-fieldstart|move: Electric Terrain|[from] ability: Hadron Engine|[of] p2b: Miraidon\n|-ability|p2a: Zamazenta|Dauntless Shield|boost\n|-boost|p2a: Zamazenta|def|1\n|-ability|p1a: Chi-Yu|Beads of Ruin\n|move|p2a: Zamazenta|Behemoth Bash|p1a: Chi-Yu\n|-damage|p1a: Chi-Yu|0 fnt\n|faint|p1a: Chi-Yu\n|\n|-weather|none\n|upkeep\n|\n|t:|1772198541\n|switch|p1b: Calyrex|Calyrex-Shadow, L50|100/100\n|-ability|p1b: Calyrex|As One\n|-ability|p1b: Calyrex|Unnerve\n|turn|6\n|\n|t:|1772198546\n|move|p1b: Calyrex|Protect|p1b: Calyrex\n|-singleturn|p1b: Calyrex|Protect\n|move|p2b: Miraidon|Electro Drift|p1b: Calyrex\n|-activate|p1b: Calyrex|move: Protect\n|move|p2a: Zamazenta|Behemoth Bash|p1b: Calyrex\n|-activate|p1b: Calyrex|move: Protect\n|\n|-sideend|p2: alexit93|move: Tailwind\n|upkeep\n|turn|7\n|\n|t:|1772198554\n|move|p1b: Calyrex|Astral Barrage|p2a: Zamazenta|[spread] p2a,p2b\n|-crit|p2a: Zamazenta\n|-damage|p2a: Zamazenta|36/100\n|-damage|p2b: Miraidon|21/100\n|move|p2b: Miraidon|Electro Drift|p1b: Calyrex\n|-enditem|p1b: Calyrex|Focus Sash\n|-damage|p1b: Calyrex|1/100\n|move|p2a: Zamazenta|Behemoth Bash|p1b: Calyrex\n|-damage|p1b: Calyrex|0 fnt\n|faint|p1b: Calyrex\n|\n|win|alexit93\n|raw|shadowofroserade04's rating: 1519 &rarr; <strong>1491</strong><br />(-28 for losing)\n|raw|alexit93's rating: 1369 &rarr; <strong>1397</strong><br />(+28 for winning)\n|l|\u2606alexit93\n|player|p2|\n|l|\u2606shadowofroserade04\n|player|p1|\n","uploadtime":1772198717,"views":12,"formatid":"gen9vgc2026regi","rating":1397,"private":0,"password":null}