{"id":"gen9vgc2026regi-2533754060","format":"[Gen 9] VGC 2026 Reg I","players":["Like a Fish","SnarkyShane"],"log":"|j|\u2606Like a Fish\n|j|\u2606SnarkyShane\n|t:|1770336785\n|gametype|doubles\n|player|p1|Like a Fish|n|1455\n|player|p2|SnarkyShane|gambler|1350\n|gen|9\n|tier|[Gen 9] VGC 2026 Reg I\n|rated|\n|rule|Species Clause: Limit one of each Pok\u00e9mon\n|rule|Item Clause: Limit 1 of each item\n|clearpoke\n|poke|p1|Calyrex-Shadow, L50|\n|poke|p1|Zamazenta-*, L50|\n|poke|p1|Raging Bolt, L50|\n|poke|p1|Rillaboom, L50, F|\n|poke|p1|Tornadus, L50, M|\n|poke|p1|Smeargle, L50, F|\n|poke|p2|Rayquaza, L50|\n|poke|p2|Calyrex-Shadow, L50|\n|poke|p2|Chien-Pao, L50|\n|poke|p2|Ting-Lu, L50|\n|poke|p2|Amoonguss, L50, F|\n|poke|p2|Avalugg-Hisui, L50, M|\n|teampreview|4\n|inactive|Battle timer is ON: inactive players will automatically lose when time's up. (requested by Like a Fish)\n|inactive|SnarkyShane also wants the timer to be on.\n|inactive|Like a Fish has 60 seconds left.\n|inactive|SnarkyShane has 60 seconds left.\n|inactive|Like a Fish has 30 seconds left.\n|inactive|Like a Fish has 20 seconds left.\n|inactive|Like a Fish has 15 seconds left.\n|inactive|Like a Fish has 10 seconds left.\n|\n|t:|1770336867\n|teamsize|p1|4\n|teamsize|p2|4\n|start\n|switch|p1a: Calyrex|Calyrex-Shadow, L50|100/100\n|switch|p1b: Tornadus|Tornadus, L50, M|100/100\n|switch|p2a: FesterinEquestrian|Calyrex-Shadow, L50|100/100\n|switch|p2b: Breathe Deep|Amoonguss, L50, F|100/100\n|-ability|p2a: FesterinEquestrian|As One\n|-ability|p2a: FesterinEquestrian|Unnerve\n|-ability|p1a: Calyrex|As One\n|-ability|p1a: Calyrex|Unnerve\n|turn|1\n|inactive|Like a Fish has 30 seconds left.\n|\n|t:|1770336895\n|switch|p2a: Big Gulp|Ting-Lu, L50|100/100\n|-ability|p2a: Big Gulp|Vessel of Ruin\n|-terastallize|p1a: Calyrex|Dark\n|-terastallize|p2b: Breathe Deep|Water\n|move|p1b: Tornadus|Tailwind|p1b: Tornadus\n|-sidestart|p1: Like a Fish|move: Tailwind\n|move|p1a: Calyrex|Psychic|p2b: Breathe Deep\n|-damage|p2b: Breathe Deep|58/100\n|-damage|p1a: Calyrex|91/100|[from] item: Life Orb\n|move|p2b: Breathe Deep|Spore|p1b: Tornadus\n|-status|p1b: Tornadus|slp|[from] move: Spore\n|\n|upkeep\n|turn|2\n|inactive|Like a Fish has 30 seconds left.\n|inactive|SnarkyShane has 30 seconds left.\n|\n|t:|1770336921\n|move|p1a: Calyrex|Protect|p1a: Calyrex\n|-singleturn|p1a: Calyrex|Protect\n|cant|p1b: Tornadus|slp\n|move|p2a: Big Gulp|Ruination|p1b: Tornadus\n|-damage|p1b: Tornadus|51/100 slp\n|move|p2b: Breathe Deep|Spore|p1a: Calyrex\n|-activate|p1a: Calyrex|move: Protect\n|\n|upkeep\n|turn|3\n|inactive|Like a Fish has 30 seconds left.\n|\n|t:|1770336948\n|switch|p1a: Raging Bolt|Raging Bolt, L50|100/100\n|-enditem|p1a: Raging Bolt|Booster Energy\n|-activate|p1a: Raging Bolt|ability: Protosynthesis|[fromitem]\n|-start|p1a: Raging Bolt|protosynthesisspa\n|cant|p1b: Tornadus|slp\n|move|p2a: Big Gulp|Heavy Slam|p1b: Tornadus\n|-damage|p1b: Tornadus|10/100 slp\n|move|p2b: Breathe Deep|Spore|p1a: Raging Bolt\n|-status|p1a: Raging Bolt|slp|[from] move: Spore\n|\n|upkeep\n|turn|4\n|\n|t:|1770336967\n|switch|p2b: FesterinEquestrian|Calyrex-Shadow, L50|100/100\n|-ability|p2b: FesterinEquestrian|As One\n|-ability|p2b: FesterinEquestrian|Unnerve\n|cant|p1a: Raging Bolt|slp\n|cant|p1b: Tornadus|slp\n|move|p2a: Big Gulp|Throat Chop|p1b: Tornadus\n|-damage|p1b: Tornadus|0 fnt\n|faint|p1b: Tornadus\n|\n|-sideend|p1: Like a Fish|move: Tailwind\n|upkeep\n|\n|t:|1770336985\n|switch|p1b: Zamazenta|Zamazenta-Crowned, L50|100/100\n|-ability|p1b: Zamazenta|Dauntless Shield|boost\n|-boost|p1b: Zamazenta|def|1\n|turn|5\n|\n|t:|1770336999\n|switch|p2a: Breathe Deep|Amoonguss, L50, F, tera:Water|91/100\n|cant|p1a: Raging Bolt|slp\n|move|p2b: FesterinEquestrian|Psychic|p1b: Zamazenta\n|-damage|p1b: Zamazenta|63/100\n|move|p1b: Zamazenta|Body Press|p2a: Breathe Deep\n|-crit|p2a: Breathe Deep\n|-damage|p2a: Breathe Deep|8/100\n|-enditem|p2a: Breathe Deep|Sitrus Berry|[eat]\n|-heal|p2a: Breathe Deep|33/100|[from] item: Sitrus Berry\n|\n|upkeep\n|turn|6\n|inactive|Like a Fish has 30 seconds left.\n|inactive|Like a Fish has 20 seconds left.\n|inactive|Like a Fish has 15 seconds left.\n|inactive|Like a Fish has 10 seconds left.\n|inactive|Like a Fish has 5 seconds left.\n|\n|t:|1770337049\n|move|p2b: FesterinEquestrian|Psychic|p1b: Zamazenta\n|-damage|p1b: Zamazenta|29/100\n|-unboost|p1b: Zamazenta|spd|1\n|move|p1b: Zamazenta|Heavy Slam|p2b: FesterinEquestrian\n|-damage|p2b: FesterinEquestrian|44/100\n|cant|p1a: Raging Bolt|slp\n|move|p2a: Breathe Deep|Spore|p1b: Zamazenta\n|-status|p1b: Zamazenta|slp|[from] move: Spore\n|\n|upkeep\n|turn|7\n|inactive|Like a Fish has 30 seconds left.\n|\n|t:|1770337077\n|switch|p1b: Calyrex|Calyrex-Shadow, L50, tera:Dark|91/100\n|-ability|p1b: Calyrex|As One\n|-ability|p1b: Calyrex|Unnerve\n|move|p2a: Breathe Deep|Rage Powder|p2a: Breathe Deep\n|-singleturn|p2a: Breathe Deep|move: Rage Powder\n|move|p2b: FesterinEquestrian|Astral Barrage|p1a: Raging Bolt|[spread] p1a,p1b\n|-resisted|p1b: Calyrex\n|-damage|p1a: Raging Bolt|53/100 slp\n|-damage|p1b: Calyrex|65/100\n|-curestatus|p1a: Raging Bolt|slp|[msg]\n|move|p1a: Raging Bolt|Thunderbolt|p2a: Breathe Deep\n|-supereffective|p2a: Breathe Deep\n|-damage|p2a: Breathe Deep|0 fnt\n|faint|p2a: Breathe Deep\n|\n|upkeep\n|\n|t:|1770337096\n|switch|p2a: Victor Creed|Chien-Pao, L50|100/100\n|-ability|p2a: Victor Creed|Sword of Ruin\n|turn|8\n|\n|t:|1770337120\n|-end|p1a: Raging Bolt|Protosynthesis|[silent]\n|switch|p1a: Zamazenta|Zamazenta-Crowned, L50|29/100 slp\n|move|p2a: Victor Creed|Sacred Sword|p1b: Calyrex\n|-supereffective|p1b: Calyrex\n|-crit|p1b: Calyrex\n|-damage|p1b: Calyrex|0 fnt\n|faint|p1b: Calyrex\n|move|p2b: FesterinEquestrian|Psychic|p1a: Zamazenta\n|-damage|p1a: Zamazenta|0 fnt\n|faint|p1a: Zamazenta\n|-ability|p2b: FesterinEquestrian|Grim Neigh|boost\n|-boost|p2b: FesterinEquestrian|spa|1\n|\n|upkeep\n|\n|t:|1770337127\n|switch|p1a: Raging Bolt|Raging Bolt, L50|53/100\n|turn|9\n|-message|Like a Fish forfeited.\n|\n|win|SnarkyShane\n|raw|Like a Fish's rating: 1455 &rarr; <strong>1429</strong><br />(-26 for losing)\n|raw|SnarkyShane's rating: 1350 &rarr; <strong>1376</strong><br />(+26 for winning)\n|l|\u2606Like a Fish\n|player|p1|\n|l|\u2606SnarkyShane\n|player|p2|\n","uploadtime":1770337293,"views":12,"formatid":"gen9vgc2026regi","rating":1376,"private":0,"password":null}