{"id":"gen9vgc2026regi-2554332491","format":"[Gen 9] VGC 2026 Reg I","players":["xiaoliyunVGC","byebye showdown"],"log":"|j|\u2606xiaoliyunVGC\n|j|\u2606byebye showdown\n|t:|1772948617\n|gametype|doubles\n|player|p1|xiaoliyunVGC|liko|1515\n|player|p2|byebye showdown|linebacker|1419\n|gen|9\n|tier|[Gen 9] VGC 2026 Reg I\n|rated|\n|rule|Species Clause: Limit one of each Pok\u00e9mon\n|rule|Item Clause: Limit 1 of each item\n|clearpoke\n|poke|p1|Zamazenta-*, L50|\n|poke|p1|Kyogre, L50|\n|poke|p1|Raichu, L50, M|\n|poke|p1|Flutter Mane, L50|\n|poke|p1|Tornadus, L50, M|\n|poke|p1|Urshifu-*, L50, F|\n|poke|p2|Rillaboom, L50, F|\n|poke|p2|Whimsicott, L50, M|\n|poke|p2|Koraidon, L50|\n|poke|p2|Ogerpon-Cornerstone, L50, F|\n|poke|p2|Terapagos, L50, M|\n|poke|p2|Magmar, L50, M|\n|teampreview|4\n|inactive|Battle timer is ON: inactive players will automatically lose when time's up. (requested by xiaoliyunVGC)\n|\n|t:|1772948645\n|teamsize|p1|4\n|teamsize|p2|4\n|start\n|switch|p1a: Zamazenta|Zamazenta-Crowned, L50, shiny|100/100\n|switch|p1b: Raichu|Raichu, L50, M, shiny|100/100\n|switch|p2a: Terapagos|Terapagos, L50, M|100/100\n|switch|p2b: PatoFuego|Magmar, L50, M|100/100\n|-activate|p2a: Terapagos|ability: Tera Shift\n|detailschange|p2a: Terapagos|Terapagos-Terastal, L50, M\n|-heal|p2a: Terapagos|100/100|[silent]\n|-ability|p1a: Zamazenta|Dauntless Shield|boost\n|-boost|p1a: Zamazenta|def|1\n|turn|1\n|inactive|xiaoliyunVGC has 30 seconds left.\n|inactive|xiaoliyunVGC has 20 seconds left.\n|\n|t:|1772948684\n|switch|p2a: Koraidon|Koraidon, L50|100/100\n|-weather|SunnyDay|[from] ability: Orichalcum Pulse|[of] p2a: Koraidon\n|-activate|p2a: Koraidon|Orichalcum Pulse|[source]\n|-terastallize|p2b: PatoFuego|Bug\n|move|p1b: Raichu|Fake Out|p2a: Koraidon\n|-damage|p2a: Koraidon|93/100\n|move|p1a: Zamazenta|Body Press|p2b: PatoFuego\n|-resisted|p2b: PatoFuego\n|-damage|p2b: PatoFuego|69/100\n|-status|p1a: Zamazenta|brn|[from] ability: Flame Body|[of] p2b: PatoFuego\n|move|p2b: PatoFuego|Flamethrower|p1a: Zamazenta\n|-supereffective|p1a: Zamazenta\n|-damage|p1a: Zamazenta|39/100 brn\n|\n|-weather|SunnyDay|[upkeep]\n|-damage|p1a: Zamazenta|32/100 brn|[from] brn\n|upkeep\n|turn|2\n|\n|t:|1772948709\n|move|p2b: PatoFuego|Follow Me|p2b: PatoFuego\n|-singleturn|p2b: PatoFuego|move: Follow Me\n|move|p2a: Koraidon|Breaking Swipe|p1a: Zamazenta|[spread] p1a,p1b\n|-resisted|p1a: Zamazenta\n|-damage|p1a: Zamazenta|24/100 brn\n|-damage|p1b: Raichu|36/100\n|-unboost|p1a: Zamazenta|atk|1\n|-unboost|p1b: Raichu|atk|1\n|-damage|p2a: Koraidon|83/100|[from] item: Life Orb\n|move|p1b: Raichu|Nuzzle|p2b: PatoFuego\n|-damage|p2b: PatoFuego|65/100\n|-status|p2b: PatoFuego|par\n|-status|p1b: Raichu|brn|[from] ability: Flame Body|[of] p2b: PatoFuego\n|move|p1a: Zamazenta|Body Press|p2b: PatoFuego\n|-resisted|p2b: PatoFuego\n|-damage|p2b: PatoFuego|48/100 par\n|\n|-weather|SunnyDay|[upkeep]\n|-damage|p1b: Raichu|30/100 brn|[from] brn\n|-damage|p1a: Zamazenta|18/100 brn|[from] brn\n|upkeep\n|turn|3\n|\n|t:|1772948733\n|switch|p1b: Tornadus|Tornadus, L50, M, shiny|100/100\n|move|p2a: Koraidon|Protect|p2a: Koraidon\n|-singleturn|p2a: Koraidon|Protect\n|move|p1a: Zamazenta|Body Press|p2a: Koraidon\n|-activate|p2a: Koraidon|move: Protect\n|move|p2b: PatoFuego|Flamethrower|p1b: Tornadus\n|-damage|p1b: Tornadus|58/100\n|\n|-weather|SunnyDay|[upkeep]\n|-damage|p1a: Zamazenta|12/100 brn|[from] brn\n|upkeep\n|turn|4\n|inactive|byebye showdown has 30 seconds left.\n|\n|t:|1772948761\n|switch|p1a: Kyogre|Kyogre, L50, shiny|100/100\n|-weather|RainDance|[from] ability: Drizzle|[of] p1a: Kyogre\n|move|p2a: Koraidon|Breaking Swipe|p1b: Tornadus|[spread] p1a,p1b\n|-damage|p1a: Kyogre|69/100\n|-damage|p1b: Tornadus|23/100\n|-unboost|p1a: Kyogre|atk|1\n|-damage|p2a: Koraidon|73/100|[from] item: Life Orb\n|move|p1b: Tornadus|Hurricane|p2a: Koraidon\n|-supereffective|p2a: Koraidon\n|-damage|p2a: Koraidon|0 fnt\n|faint|p2a: Koraidon\n|move|p2b: PatoFuego|Flamethrower|p1b: Tornadus\n|-damage|p1b: Tornadus|7/100\n|\n|-weather|RainDance|[upkeep]\n|upkeep\n|\n|t:|1772948785\n|switch|p2a: Rillaboom|Rillaboom, L50, F|100/100\n|-fieldstart|move: Grassy Terrain|[from] ability: Grassy Surge|[of] p2a: Rillaboom\n|turn|5\n|inactive|byebye showdown has 30 seconds left.\n|\n|t:|1772948818\n|switch|p1b: Zamazenta|Zamazenta-Crowned, L50, shiny|12/100 brn\n|cant|p2b: PatoFuego|par\n|move|p2a: Rillaboom|Grassy Glide|p1b: Zamazenta\n|-resisted|p1b: Zamazenta\n|-damage|p1b: Zamazenta|2/100 brn\n|move|p1a: Kyogre|Ice Beam|p2a: Rillaboom\n|-supereffective|p2a: Rillaboom\n|-damage|p2a: Rillaboom|45/100\n|\n|-weather|RainDance|[upkeep]\n|-heal|p1a: Kyogre|75/100|[from] Grassy Terrain\n|-heal|p1b: Zamazenta|8/100 brn|[from] Grassy Terrain\n|-heal|p2a: Rillaboom|51/100|[from] Grassy Terrain\n|-heal|p2b: PatoFuego|53/100 par|[from] Grassy Terrain\n|-damage|p1b: Zamazenta|2/100 brn|[from] brn\n|upkeep\n|turn|6\n|inactive|xiaoliyunVGC has 30 seconds left.\n|inactive|byebye showdown has 30 seconds left.\n|\n|t:|1772948848\n|move|p2b: PatoFuego|Follow Me|p2b: PatoFuego\n|-singleturn|p2b: PatoFuego|move: Follow Me\n|move|p1a: Kyogre|Ice Beam|p2b: PatoFuego\n|-damage|p2b: PatoFuego|30/100 par\n|move|p1b: Zamazenta|Behemoth Bash|p2b: PatoFuego\n|-damage|p2b: PatoFuego|10/100 par\n|move|p2a: Rillaboom|Wood Hammer|p1a: Kyogre\n|-supereffective|p1a: Kyogre\n|-damage|p1a: Kyogre|0 fnt\n|faint|p1a: Kyogre\n|-damage|p2a: Rillaboom|30/100|[from] Recoil\n|\n|-weather|RainDance|[upkeep]\n|-heal|p1b: Zamazenta|8/100 brn|[from] Grassy Terrain\n|-heal|p2a: Rillaboom|36/100|[from] Grassy Terrain\n|-heal|p2b: PatoFuego|16/100 par|[from] Grassy Terrain\n|-damage|p1b: Zamazenta|2/100 brn|[from] brn\n|upkeep\n|\n|t:|1772948859\n|switch|p1a: Raichu|Raichu, L50, M, shiny|30/100 brn\n|turn|7\n|\n|t:|1772948883\n|switch|p2a: Terapagos|Terapagos-Terastal, L50, M|100/100\n|move|p1a: Raichu|Fake Out|p2a: Terapagos\n|-activate|p2a: Terapagos|ability: Tera Shell\n|-resisted|p2a: Terapagos\n|-crit|p2a: Terapagos\n|-damage|p2a: Terapagos|98/100\n|move|p1b: Zamazenta|Behemoth Bash|p2b: PatoFuego\n|-damage|p2b: PatoFuego|0 fnt\n|faint|p2b: PatoFuego\n|\n|-weather|RainDance|[upkeep]\n|-heal|p1a: Raichu|36/100 brn|[from] Grassy Terrain\n|-heal|p1b: Zamazenta|8/100 brn|[from] Grassy Terrain\n|-heal|p2a: Terapagos|100/100|[from] Grassy Terrain\n|-damage|p1a: Raichu|30/100 brn|[from] brn\n|-damage|p1b: Zamazenta|2/100 brn|[from] brn\n|upkeep\n|\n|t:|1772948891\n|switch|p2b: Rillaboom|Rillaboom, L50, F|36/100\n|turn|8\n|\n|t:|1772948908\n|move|p1b: Zamazenta|Protect|p1b: Zamazenta\n|-singleturn|p1b: Zamazenta|Protect\n|move|p2b: Rillaboom|Grassy Glide|p1a: Raichu\n|-damage|p1a: Raichu|0 fnt\n|faint|p1a: Raichu\n|move|p2a: Terapagos|Tera Starstorm|p1b: Zamazenta\n|-activate|p1b: Zamazenta|move: Protect\n|\n|-weather|none\n|-heal|p1b: Zamazenta|8/100 brn|[from] Grassy Terrain\n|-heal|p2b: Rillaboom|42/100|[from] Grassy Terrain\n|-damage|p1b: Zamazenta|2/100 brn|[from] brn\n|upkeep\n|-message|xiaoliyunVGC forfeited.\n|\n|win|byebye showdown\n|raw|xiaoliyunVGC's rating: 1515 &rarr; <strong>1490</strong><br />(-25 for losing)\n|raw|byebye showdown's rating: 1419 &rarr; <strong>1444</strong><br />(+25 for winning)\n","uploadtime":1772948919,"views":19,"formatid":"gen9vgc2026regi","rating":1444,"private":0,"password":null}