{"id":"gen9vgc2026regi-2518494642","format":"[Gen 9] VGC 2026 Reg I","players":["Schimmli","ArtianoV."],"log":"|j|\u2606Schimmli\n|j|\u2606ArtianoV.\n|t:|1768397733\n|gametype|doubles\n|player|p1|Schimmli|1|1393\n|player|p2|ArtianoV.|dahlia|1391\n|gen|9\n|tier|[Gen 9] VGC 2026 Reg I\n|rated|\n|rule|Species Clause: Limit one of each Pok\u00e9mon\n|rule|Item Clause: Limit 1 of each item\n|clearpoke\n|poke|p1|Farigiraf, L50, F|\n|poke|p1|Miraidon, L50|\n|poke|p1|Rayquaza, L50|\n|poke|p1|Chien-Pao, L50|\n|poke|p1|Iron Hands, L50|\n|poke|p1|Volcarona, L50, M|\n|poke|p2|Koraidon, L50|\n|poke|p2|Lunala, L50|\n|poke|p2|Ursaluna, L50, M|\n|poke|p2|Incineroar, L50, M|\n|poke|p2|Amoonguss, L50, M|\n|poke|p2|Flutter Mane, L50|\n|teampreview|4\n|inactive|Battle timer is ON: inactive players will automatically lose when time's up. (requested by ArtianoV.)\n|\n|t:|1768397762\n|teamsize|p1|4\n|teamsize|p2|4\n|start\n|switch|p1a: Rayquaza|Rayquaza, L50|100/100\n|switch|p1b: Chien-Pao|Chien-Pao, L50|100/100\n|switch|p2a: Flutter Mane|Flutter Mane, L50|100/100\n|switch|p2b: Koraidon|Koraidon, L50|100/100\n|-weather|SunnyDay|[from] ability: Orichalcum Pulse|[of] p2b: Koraidon\n|-activate|p2b: Koraidon|Orichalcum Pulse|[source]\n|-ability|p1b: Chien-Pao|Sword of Ruin\n|-ability|p1a: Rayquaza|Air Lock\n|turn|1\n|inactive|ArtianoV. has 30 seconds left.\n|inactive|Schimmli has 30 seconds left.\n|\n|t:|1768397801\n|-terastallize|p1a: Rayquaza|Normal\n|move|p2b: Koraidon|Flare Blitz|p1b: Chien-Pao\n|-supereffective|p1b: Chien-Pao\n|-enditem|p1b: Chien-Pao|Focus Sash\n|-damage|p1b: Chien-Pao|1/100\n|-damage|p2b: Koraidon|72/100|[from] Recoil\n|-damage|p2b: Koraidon|62/100|[from] item: Life Orb\n|move|p1b: Chien-Pao|Icicle Crash|p2a: Flutter Mane\n|-enditem|p2a: Flutter Mane|Focus Sash\n|-damage|p2a: Flutter Mane|1/100\n|move|p2a: Flutter Mane|Icy Wind|p1a: Rayquaza|[spread] p1a,p1b\n|-resisted|p1b: Chien-Pao\n|-damage|p1a: Rayquaza|86/100\n|-damage|p1b: Chien-Pao|0 fnt\n|faint|p1b: Chien-Pao\n|move|p1a: Rayquaza|Dragon Ascent|p2b: Koraidon\n|-supereffective|p2b: Koraidon\n|-damage|p2b: Koraidon|0 fnt\n|-unboost|p1a: Rayquaza|def|1\n|-unboost|p1a: Rayquaza|spd|1\n|faint|p2b: Koraidon\n|\n|-weather|SunnyDay|[upkeep]\n|upkeep\n|\n|t:|1768397819\n|switch|p1b: Miraidon|Miraidon, L50|100/100\n|switch|p2b: Lunala|Lunala, L50|100/100\n|-fieldstart|move: Electric Terrain|[from] ability: Hadron Engine|[of] p1b: Miraidon\n|turn|2\n|inactive|ArtianoV. has 30 seconds left.\n|inactive|ArtianoV. has 20 seconds left.\n|inactive|ArtianoV. has 15 seconds left.\n|\n|t:|1768397864\n|-terastallize|p2a: Flutter Mane|Fairy\n|move|p1b: Miraidon|Snarl|p2a: Flutter Mane|[spread] p2a,p2b\n|-resisted|p2a: Flutter Mane\n|-supereffective|p2b: Lunala\n|-damage|p2a: Flutter Mane|0 fnt\n|-damage|p2b: Lunala|70/100\n|faint|p2a: Flutter Mane\n|-end|p2a: Flutter Mane|Protosynthesis|[silent]\n|move|p1a: Rayquaza|Dragon Ascent|p2b: Lunala\n|-damage|p2b: Lunala|13/100\n|-unboost|p1a: Rayquaza|def|1\n|-unboost|p1a: Rayquaza|spd|1\n|move|p2b: Lunala|Trick Room|p2b: Lunala\n|-fieldstart|move: Trick Room|[of] p2b: Lunala\n|\n|-weather|SunnyDay|[upkeep]\n|upkeep\n|\n|t:|1768397869\n|switch|p2a: Ursaluna|Ursaluna, L50, M|100/100\n|turn|3\n|\n|t:|1768397889\n|move|p1a: Rayquaza|Protect|p1a: Rayquaza\n|-singleturn|p1a: Rayquaza|Protect\n|move|p2b: Lunala|Wide Guard|p2b: Lunala\n|-singleturn|p2b: Lunala|Wide Guard\n|move|p2a: Ursaluna|Earthquake|p1b: Miraidon|[spread] p1b\n|-activate|p2b: Lunala|move: Wide Guard\n|-activate|p1a: Rayquaza|move: Protect\n|-supereffective|p1b: Miraidon\n|-damage|p1b: Miraidon|17/100\n|move|p1b: Miraidon|Snarl|p2a: Ursaluna|[spread] \n|-activate|p2a: Ursaluna|move: Wide Guard\n|-activate|p2b: Lunala|move: Wide Guard\n|\n|-weather|SunnyDay|[upkeep]\n|-status|p2a: Ursaluna|brn|[from] item: Flame Orb\n|upkeep\n|turn|4\n|inactive|Schimmli has 30 seconds left.\n|\n|t:|1768397921\n|move|p1a: Rayquaza|Extreme Speed|p2a: Ursaluna\n|-damage|p2a: Ursaluna|61/100 brn\n|move|p2a: Ursaluna|Facade|p1a: Rayquaza\n|-damage|p1a: Rayquaza|0 fnt\n|faint|p1a: Rayquaza\n|move|p2b: Lunala|Moonblast|p1b: Miraidon\n|-supereffective|p1b: Miraidon\n|-damage|p1b: Miraidon|0 fnt\n|faint|p1b: Miraidon\n|\n|-weather|SunnyDay|[upkeep]\n|-damage|p2a: Ursaluna|55/100 brn|[from] brn\n|upkeep\n|\n|t:|1768397931\n|switch|p1b: Iron Hands|Iron Hands, L50|100/100\n|-activate|p1b: Iron Hands|ability: Quark Drive\n|-start|p1b: Iron Hands|quarkdriveatk\n|turn|5\n|\n|t:|1768397940\n|move|p1b: Iron Hands|Drain Punch|p2a: Ursaluna\n|-supereffective|p2a: Ursaluna\n|-damage|p2a: Ursaluna|0 fnt\n|faint|p2a: Ursaluna\n|move|p2b: Lunala|Moonblast|p1b: Iron Hands\n|-supereffective|p1b: Iron Hands\n|-damage|p1b: Iron Hands|59/100\n|\n|-weather|none\n|upkeep\n|turn|6\n|-message|ArtianoV. forfeited.\n|\n|win|Schimmli\n|raw|Schimmli's rating: 1393 &rarr; <strong>1413</strong><br />(+20 for winning)\n|raw|ArtianoV.'s rating: 1391 &rarr; <strong>1371</strong><br />(-20 for losing)\n|l|\u2606ArtianoV.\n|player|p2|\n|l|\u2606Schimmli\n|player|p1|\n","uploadtime":1768398119,"views":16,"formatid":"gen9vgc2026regi","rating":1371,"private":0,"password":null}