{"id":"gen9vgc2026regi-2581776725","format":"[Gen 9] VGC 2026 Reg I","players":["Joeandthebidens","N Jordan"],"log":"|j|\u2606Joeandthebidens\n|j|\u2606N Jordan\n|t:|1776027547\n|gametype|doubles\n|player|p1|Joeandthebidens|gentleman-gen4dp|1345\n|player|p2|N Jordan|n|1581\n|gen|9\n|tier|[Gen 9] VGC 2026 Reg I\n|rated|\n|rule|Species Clause: Limit one of each Pok\u00e9mon\n|rule|Item Clause: Limit 1 of each item\n|clearpoke\n|poke|p1|Porygon2, L50|\n|poke|p1|Groudon, L50|\n|poke|p1|Incineroar, L50, F|\n|poke|p1|Lunala, L50|\n|poke|p1|Raging Bolt, L50|\n|poke|p1|Brute Bonnet, L50|\n|poke|p2|Zacian-*, L50|\n|poke|p2|Kyogre, L50|\n|poke|p2|Grimmsnarl, L50, M|\n|poke|p2|Ursaluna-Bloodmoon, L50, M|\n|poke|p2|Iron Hands, L50|\n|poke|p2|Rillaboom, L50, M|\n|teampreview|4\n|inactive|Battle timer is ON: inactive players will automatically lose when time's up. (requested by Joeandthebidens)\n|\n|t:|1776027579\n|teamsize|p1|4\n|teamsize|p2|4\n|start\n|switch|p1a: Lunala|Lunala, L50, shiny|100/100\n|switch|p1b: Raging Bolt|Raging Bolt, L50|100/100\n|switch|p2a: Grimmsnarl|Grimmsnarl, L50, M|100/100\n|switch|p2b: Rillaboom|Rillaboom, L50, M|100/100\n|-fieldstart|move: Grassy Terrain|[from] ability: Grassy Surge|[of] p2b: Rillaboom\n|turn|1\n|inactive|Joeandthebidens has 30 seconds left.\n|\n|t:|1776027605\n|move|p2a: Grimmsnarl|Light Screen|p2a: Grimmsnarl\n|-sidestart|p2: N Jordan|move: Light Screen\n|move|p2b: Rillaboom|Knock Off|p1a: Lunala\n|-supereffective|p1a: Lunala\n|-crit|p1a: Lunala\n|-damage|p1a: Lunala|20/100\n|-enditem|p1a: Lunala|Power Herb|[from] move: Knock Off|[of] p2b: Rillaboom\n|move|p1b: Raging Bolt|Solar Beam||[still]\n|-prepare|p1b: Raging Bolt|Solar Beam\n|move|p1a: Lunala|Meteor Beam||[still]\n|-prepare|p1a: Lunala|Meteor Beam\n|-boost|p1a: Lunala|spa|1\n|\n|-heal|p1a: Lunala|26/100|[from] Grassy Terrain\n|upkeep\n|turn|2\n|inactive|N Jordan has 30 seconds left.\n|inactive|N Jordan has 20 seconds left.\n|\n|t:|1776027642\n|move|p2b: Rillaboom|Wood Hammer|p1a: Lunala\n|-damage|p1a: Lunala|0 fnt\n|faint|p1a: Lunala\n|-damage|p2b: Rillaboom|90/100|[from] Recoil\n|move|p1b: Raging Bolt|Solar Beam|p2a: Grimmsnarl|[from] lockedmove\n|-damage|p2a: Grimmsnarl|52/100\n|move|p2a: Grimmsnarl|Spirit Break|p1b: Raging Bolt\n|-supereffective|p1b: Raging Bolt\n|-damage|p1b: Raging Bolt|27/100\n|-unboost|p1b: Raging Bolt|spa|1\n|\n|-heal|p2b: Rillaboom|96/100|[from] Grassy Terrain\n|-heal|p1b: Raging Bolt|33/100|[from] Grassy Terrain\n|-heal|p2a: Grimmsnarl|58/100|[from] Grassy Terrain\n|upkeep\n|\n|t:|1776027648\n|switch|p1a: Brute Bonnet|Brute Bonnet, L50|100/100\n|turn|3\n|\n|t:|1776027661\n|-end|p1b: Raging Bolt|Protosynthesis|[silent]\n|switch|p1b: Groudon|Groudon, L50|100/100\n|-weather|SunnyDay|[from] ability: Drought|[of] p1b: Groudon\n|-activate|p1a: Brute Bonnet|ability: Protosynthesis\n|-start|p1a: Brute Bonnet|protosynthesisatk\n|move|p2a: Grimmsnarl|Reflect|p2a: Grimmsnarl\n|-sidestart|p2: N Jordan|Reflect\n|move|p2b: Rillaboom|Knock Off|p1b: Groudon\n|-damage|p1b: Groudon|75/100\n|-enditem|p1b: Groudon|Clear Amulet|[from] move: Knock Off|[of] p2b: Rillaboom\n|move|p1a: Brute Bonnet|Spore|p2a: Grimmsnarl\n|-status|p2a: Grimmsnarl|slp|[from] move: Spore\n|\n|-weather|SunnyDay|[upkeep]\n|-heal|p2b: Rillaboom|100/100|[from] Grassy Terrain\n|-heal|p1b: Groudon|81/100|[from] Grassy Terrain\n|-heal|p2a: Grimmsnarl|64/100 slp|[from] Grassy Terrain\n|upkeep\n|turn|4\n|inactive|N Jordan has 30 seconds left.\n|\n|t:|1776027688\n|switch|p1b: Raging Bolt|Raging Bolt, L50|33/100\n|-activate|p1b: Raging Bolt|ability: Protosynthesis\n|-start|p1b: Raging Bolt|protosynthesisspa\n|move|p1a: Brute Bonnet|Rage Powder|p1a: Brute Bonnet\n|-singleturn|p1a: Brute Bonnet|move: Rage Powder\n|move|p2b: Rillaboom|Drain Punch|p1a: Brute Bonnet\n|-supereffective|p1a: Brute Bonnet\n|-damage|p1a: Brute Bonnet|61/100\n|-damage|p2b: Rillaboom|84/100|[from] item: Rocky Helmet|[of] p1a: Brute Bonnet\n|cant|p2a: Grimmsnarl|slp\n|\n|-weather|SunnyDay|[upkeep]\n|-heal|p2b: Rillaboom|90/100|[from] Grassy Terrain\n|-heal|p1b: Raging Bolt|39/100|[from] Grassy Terrain\n|-heal|p2a: Grimmsnarl|70/100 slp|[from] Grassy Terrain\n|-heal|p1a: Brute Bonnet|67/100|[from] Grassy Terrain\n|upkeep\n|turn|5\n|\n|t:|1776027712\n|move|p2b: Rillaboom|Drain Punch|p1a: Brute Bonnet\n|-supereffective|p1a: Brute Bonnet\n|-damage|p1a: Brute Bonnet|29/100\n|-heal|p2b: Rillaboom|100/100|[from] drain|[of] p1a: Brute Bonnet\n|-damage|p2b: Rillaboom|84/100|[from] item: Rocky Helmet|[of] p1a: Brute Bonnet\n|move|p1b: Raging Bolt|Weather Ball|p2b: Rillaboom\n|-supereffective|p2b: Rillaboom\n|-damage|p2b: Rillaboom|0 fnt\n|faint|p2b: Rillaboom\n|cant|p2a: Grimmsnarl|slp\n|move|p1a: Brute Bonnet|Seed Bomb|p2a: Grimmsnarl\n|-crit|p2a: Grimmsnarl\n|-damage|p2a: Grimmsnarl|0 fnt\n|faint|p2a: Grimmsnarl\n|\n|-weather|SunnyDay|[upkeep]\n|-heal|p1b: Raging Bolt|45/100|[from] Grassy Terrain\n|-heal|p1a: Brute Bonnet|35/100|[from] Grassy Terrain\n|-fieldend|move: Grassy Terrain\n|upkeep\n|\n|t:|1776027723\n|switch|p2b: Iron Hands|Iron Hands, L50|100/100\n|switch|p2a: Zacian|Zacian-Crowned, L50|100/100\n|-ability|p2a: Zacian|Intrepid Sword|boost\n|-boost|p2a: Zacian|atk|1\n|turn|6\n|inactive|Joeandthebidens has 30 seconds left.\n|\n|t:|1776027753\n|-terastallize|p1b: Raging Bolt|Electric\n|move|p1a: Brute Bonnet|Rage Powder|p1a: Brute Bonnet\n|-singleturn|p1a: Brute Bonnet|move: Rage Powder\n|move|p1b: Raging Bolt|Thunderclap|p2a: Zacian\n|-damage|p2a: Zacian|61/100\n|move|p2a: Zacian|Behemoth Blade|p1a: Brute Bonnet\n|-damage|p1a: Brute Bonnet|0 fnt\n|-damage|p2a: Zacian|44/100|[from] item: Rocky Helmet|[of] p1a: Brute Bonnet\n|faint|p1a: Brute Bonnet\n|-end|p1a: Brute Bonnet|Protosynthesis|[silent]\n|move|p2b: Iron Hands|Swords Dance|p2b: Iron Hands\n|-boost|p2b: Iron Hands|atk|2\n|\n|-weather|SunnyDay|[upkeep]\n|upkeep\n|\n|t:|1776027766\n|switch|p1a: Groudon|Groudon, L50|81/100\n|turn|7\n|\n|t:|1776027775\n|move|p2a: Zacian|Behemoth Blade|p1b: Raging Bolt\n|-resisted|p1b: Raging Bolt\n|-damage|p1b: Raging Bolt|4/100\n|move|p1b: Raging Bolt|Weather Ball|p2a: Zacian\n|-supereffective|p2a: Zacian\n|-damage|p2a: Zacian|0 fnt\n|faint|p2a: Zacian\n|move|p1a: Groudon|Precipice Blades|p2b: Iron Hands\n|-supereffective|p2b: Iron Hands\n|-damage|p2b: Iron Hands|36/100\n|-enditem|p2b: Iron Hands|Sitrus Berry|[eat]\n|-heal|p2b: Iron Hands|61/100|[from] item: Sitrus Berry\n|move|p2b: Iron Hands|Drain Punch|p1a: Groudon\n|-damage|p1a: Groudon|33/100\n|-heal|p2b: Iron Hands|79/100|[from] drain|[of] p1a: Groudon\n|\n|-weather|none\n|-end|p1b: Raging Bolt|Protosynthesis\n|upkeep\n|turn|8\n|inactive|Joeandthebidens has 30 seconds left.\n|\n|t:|1776027805\n|move|p1b: Raging Bolt|Thunderclap|p2b: Iron Hands\n|-resisted|p2b: Iron Hands\n|-damage|p2b: Iron Hands|66/100\n|move|p1a: Groudon|High Horsepower|p2b: Iron Hands\n|-supereffective|p2b: Iron Hands\n|-damage|p2b: Iron Hands|12/100\n|move|p2b: Iron Hands|Drain Punch|p1a: Groudon\n|-damage|p1a: Groudon|0 fnt\n|-heal|p2b: Iron Hands|25/100|[from] drain|[of] p1a: Groudon\n|faint|p1a: Groudon\n|\n|-sideend|p2: N Jordan|move: Light Screen\n|upkeep\n|turn|9\n|\n|t:|1776027819\n|move|p1b: Raging Bolt|Thunderclap|p2b: Iron Hands\n|-resisted|p2b: Iron Hands\n|-damage|p2b: Iron Hands|5/100\n|move|p2b: Iron Hands|Drain Punch|p1b: Raging Bolt\n|-damage|p1b: Raging Bolt|0 fnt\n|-heal|p2b: Iron Hands|7/100|[from] drain|[of] p1b: Raging Bolt\n|faint|p1b: Raging Bolt\n|-end|p1b: Raging Bolt|Protosynthesis|[silent]\n|\n|win|N Jordan\n|raw|Joeandthebidens's rating: 1345 &rarr; <strong>1337</strong><br />(-8 for losing)\n|raw|N Jordan's rating: 1581 &rarr; <strong>1589</strong><br />(+8 for winning)\n|l|\u2606Joeandthebidens\n|player|p1|\n|l|\u2606N Jordan\n|player|p2|\n","uploadtime":1776028097,"views":7,"formatid":"gen9vgc2026regi","rating":1337,"private":0,"password":null}