{"id":"gen9vgc2026regi-2588697123","format":"[Gen 9] VGC 2026 Reg I","players":["lalo's pollos","lr9090"],"log":"|j|\u2606lalo's pollos\n|j|\u2606lr9090\n|t:|1776658921\n|gametype|doubles\n|player|p1|lalo's pollos|102|1601\n|player|p2|lr9090|shauntal|1387\n|gen|9\n|tier|[Gen 9] VGC 2026 Reg I\n|rated|\n|rule|Species Clause: Limit one of each Pok\u00e9mon\n|rule|Item Clause: Limit 1 of each item\n|clearpoke\n|poke|p1|Miraidon, L50|\n|poke|p1|Landorus, L50, M|\n|poke|p1|Incineroar, L50, M|\n|poke|p1|Iron Bundle, L50|\n|poke|p1|Farigiraf, L50, M|\n|poke|p1|Calyrex-Ice, L50|\n|poke|p2|Calyrex-Ice, L50|\n|poke|p2|Scraggy, L50, M|\n|poke|p2|Miraidon, L50|\n|poke|p2|Farigiraf, L50, F|\n|poke|p2|Ogerpon-Hearthflame, L50, F|\n|poke|p2|Iron Hands, L50|\n|teampreview|4\n|inactive|Battle timer is ON: inactive players will automatically lose when time's up. (requested by lr9090)\n|\n|t:|1776658942\n|teamsize|p1|4\n|teamsize|p2|4\n|start\n|switch|p1a: Co-Star|Miraidon, L50|100/100\n|switch|p1b: the Star|Iron Bundle, L50|100/100\n|switch|p2a: Calyrex|Calyrex-Ice, L50|100/100\n|switch|p2b: Scraggy|Scraggy, L50, M|100/100\n|-ability|p2a: Calyrex|As One\n|-ability|p2a: Calyrex|Unnerve\n|-fieldstart|move: Electric Terrain|[from] ability: Hadron Engine|[of] p1a: Co-Star\n|-activate|p1b: the Star|ability: Quark Drive\n|-start|p1b: the Star|quarkdrivespe\n|-ability|p2b: Scraggy|Intimidate|boost\n|-unboost|p1a: Co-Star|atk|1\n|-unboost|p1b: the Star|atk|1\n|turn|1\n|\n|t:|1776658951\n|switch|p1a: Calyrex|Calyrex-Ice, L50|100/100\n|-ability|p1a: Calyrex|As One\n|-ability|p1a: Calyrex|Unnerve\n|move|p2b: Scraggy|Fake Out|p1a: Calyrex\n|-damage|p1a: Calyrex|95/100\n|move|p1b: the Star|Encore|p2b: Scraggy\n|-start|p2b: Scraggy|Encore\n|move|p2a: Calyrex|Trick Room|p2a: Calyrex\n|-fieldstart|move: Trick Room|[of] p2a: Calyrex\n|\n|upkeep\n|turn|2\n|\n|t:|1776658966\n|switch|p2b: Farigiraf|Farigiraf, L50, F|100/100\n|-enditem|p2b: Farigiraf|Electric Seed\n|-boost|p2b: Farigiraf|def|1|[from] item: Electric Seed\n|move|p1a: Calyrex|Glacial Lance|p2b: Farigiraf|[spread] p2a,p2b\n|-resisted|p2a: Calyrex\n|-damage|p2a: Calyrex|83/100\n|-damage|p2b: Farigiraf|70/100\n|move|p2a: Calyrex|Glacial Lance|p1b: the Star|[spread] p1a,p1b\n|-resisted|p1a: Calyrex\n|-resisted|p1b: the Star\n|-damage|p1a: Calyrex|73/100\n|-damage|p1b: the Star|81/100\n|move|p1b: the Star|Freeze-Dry|p2b: Farigiraf\n|-damage|p2b: Farigiraf|38/100\n|\n|upkeep\n|turn|3\n|\n|t:|1776658989\n|-terastallize|p2b: Farigiraf|Water\n|move|p1a: Calyrex|Protect|p1a: Calyrex\n|-singleturn|p1a: Calyrex|Protect\n|move|p2a: Calyrex|High Horsepower|p1b: the Star\n|-damage|p1b: the Star|26/100\n|move|p2b: Farigiraf|Foul Play|p1a: Calyrex\n|-activate|p1a: Calyrex|move: Protect\n|move|p1b: the Star|Icy Wind|p2a: Calyrex|[spread] p2a,p2b\n|-resisted|p2a: Calyrex\n|-resisted|p2b: Farigiraf\n|-damage|p2a: Calyrex|77/100\n|-damage|p2b: Farigiraf|28/100\n|-unboost|p2b: Farigiraf|spe|1\n|\n|upkeep\n|turn|4\n|inactive|lr9090 has 30 seconds left.\n|\n|t:|1776659015\n|move|p1a: Calyrex|Protect|p1a: Calyrex\n|-singleturn|p1a: Calyrex|Protect\n|move|p1b: the Star|Protect|p1b: the Star\n|-singleturn|p1b: the Star|Protect\n|move|p2a: Calyrex|High Horsepower|p1b: the Star\n|-activate|p1b: the Star|move: Protect\n|move|p2b: Farigiraf|Foul Play|p1a: Calyrex\n|-activate|p1a: Calyrex|move: Protect\n|\n|upkeep\n|turn|5\n|\n|t:|1776659032\n|-terastallize|p1a: Calyrex|Water\n|move|p2a: Calyrex|High Horsepower|p1b: the Star\n|-damage|p1b: the Star|0 fnt\n|faint|p1b: the Star\n|-end|p1b: the Star|Quark Drive|[silent]\n|-ability|p2a: Calyrex|Chilling Neigh|boost\n|-boost|p2a: Calyrex|atk|1\n|move|p1a: Calyrex|Glacial Lance|p2b: Farigiraf|[spread] p2a,p2b\n|-resisted|p2a: Calyrex\n|-resisted|p2b: Farigiraf\n|-damage|p2a: Calyrex|59/100\n|-damage|p2b: Farigiraf|13/100\n|move|p2b: Farigiraf|Foul Play|p1a: Calyrex\n|-damage|p1a: Calyrex|45/100\n|\n|-fieldend|move: Trick Room\n|-fieldend|move: Electric Terrain\n|upkeep\n|\n|t:|1776659039\n|switch|p1b: Co-Star|Miraidon, L50|100/100\n|-fieldstart|move: Electric Terrain|[from] ability: Hadron Engine|[of] p1b: Co-Star\n|turn|6\n|\n|t:|1776659047\n|switch|p2b: Scraggy|Scraggy, L50, M|100/100\n|-ability|p2b: Scraggy|Intimidate|boost\n|-fail|p1a: Calyrex|unboost|[from] item: Clear Amulet|[of] p1a: Calyrex\n|-unboost|p1b: Co-Star|atk|1\n|move|p2a: Calyrex|Protect|p2a: Calyrex\n|-singleturn|p2a: Calyrex|Protect\n|move|p1b: Co-Star|Electro Drift|p2a: Calyrex\n|-activate|p2a: Calyrex|move: Protect\n|move|p1a: Calyrex|Glacial Lance|p2b: Scraggy|[spread] p2b\n|-activate|p2a: Calyrex|move: Protect\n|-damage|p2b: Scraggy|43/100\n|\n|upkeep\n|turn|7\n|\n|t:|1776659062\n|switch|p1a: the Manager|Farigiraf, L50, M|100/100\n|move|p2b: Scraggy|Fake Out||[still]\n|cant|p1a: the Manager|ability: Armor Tail|Fake Out|[of] p2b: Scraggy\n|move|p1b: Co-Star|Electro Drift|p2a: Calyrex\n|-damage|p2a: Calyrex|0 fnt\n|faint|p2a: Calyrex\n|\n|upkeep\n|\n|t:|1776659066\n|switch|p2a: Miraidon|Miraidon, L50|100/100\n|-activate|p2a: Miraidon|ability: Hadron Engine\n|turn|8\n|\n|t:|1776659073\n|switch|p2b: Farigiraf|Farigiraf, L50, F, tera:Water|13/100\n|move|p1b: Co-Star|Electro Drift|p2b: Farigiraf\n|-supereffective|p2b: Farigiraf\n|-damage|p2b: Farigiraf|0 fnt\n|faint|p2b: Farigiraf\n|move|p2a: Miraidon|Dazzling Gleam|p1b: Co-Star|[spread] p1a,p1b\n|-supereffective|p1b: Co-Star\n|-damage|p1a: the Manager|65/100\n|-damage|p1b: Co-Star|16/100\n|move|p1a: the Manager|Trick Room|p1a: the Manager\n|-fieldstart|move: Trick Room|[of] p1a: the Manager\n|\n|upkeep\n|\n|t:|1776659084\n|switch|p2b: Scraggy|Scraggy, L50, M|43/100\n|-ability|p2b: Scraggy|Intimidate|boost\n|-unboost|p1a: the Manager|atk|1\n|-unboost|p1b: Co-Star|atk|1\n|turn|9\n|\n|t:|1776659097\n|move|p2b: Scraggy|Endeavor|p1a: the Manager\n|-damage|p1a: the Manager|24/100\n|move|p1a: the Manager|Foul Play|p2b: Scraggy\n|-resisted|p2b: Scraggy\n|-crit|p2b: Scraggy\n|-damage|p2b: Scraggy|37/100\n|move|p2a: Miraidon|Dazzling Gleam|p1a: the Manager|[spread] p1a,p1b\n|-supereffective|p1b: Co-Star\n|-damage|p1a: the Manager|0 fnt\n|-damage|p1b: Co-Star|0 fnt\n|faint|p1a: the Manager\n|faint|p1b: Co-Star\n|\n|upkeep\n|\n|t:|1776659101\n|switch|p1b: Calyrex|Calyrex-Ice, L50, tera:Water|45/100\n|-ability|p1b: Calyrex|As One\n|-ability|p1b: Calyrex|Unnerve\n|turn|10\n|\n|t:|1776659110\n|move|p2b: Scraggy|Coaching|p2a: Miraidon\n|-boost|p2a: Miraidon|atk|1\n|-boost|p2a: Miraidon|def|1\n|move|p1b: Calyrex|Glacial Lance|p2b: Scraggy|[spread] p2a,p2b\n|-supereffective|p2a: Miraidon\n|-damage|p2a: Miraidon|27/100\n|-damage|p2b: Scraggy|0 fnt\n|faint|p2b: Scraggy\n|-ability|p1b: Calyrex|Chilling Neigh|boost\n|-boost|p1b: Calyrex|atk|1\n|move|p2a: Miraidon|Dazzling Gleam|p1b: Calyrex\n|-damage|p1b: Calyrex|0 fnt\n|faint|p1b: Calyrex\n|\n|win|lr9090\n|raw|lalo&apos;s pollos's rating: 1601 &rarr; <strong>1570</strong><br />(-31 for losing)\n|raw|lr9090's rating: 1387 &rarr; <strong>1418</strong><br />(+31 for winning)\n|c|\u2606lr9090|i walk shit downnnnn\n|l|\u2606lr9090\n|player|p2|\n","uploadtime":1776659375,"views":8,"formatid":"gen9vgc2026regi","rating":1418,"private":0,"password":null}