{"id":"gen9vgc2026regi-2558688582","format":"[Gen 9] VGC 2026 Reg I","players":["ren122333","Vectorpd"],"log":"|j|\u2606ren122333\n|j|\u2606Vectorpd\n|t:|1773463873\n|gametype|doubles\n|player|p1|ren122333|hilbert|1290\n|player|p2|Vectorpd|picnicker|1352\n|gen|9\n|tier|[Gen 9] VGC 2026 Reg I\n|rated|\n|rule|Species Clause: Limit one of each Pok\u00e9mon\n|rule|Item Clause: Limit 1 of each item\n|clearpoke\n|poke|p1|Incineroar, L50, M|\n|poke|p1|Lunala, L50|\n|poke|p1|Ursaluna, L50, M|\n|poke|p1|Koraidon, L50|\n|poke|p1|Flutter Mane, L50|\n|poke|p1|Farigiraf, L50, F|\n|poke|p2|Calyrex-Shadow, L50|\n|poke|p2|Zamazenta-*, L50|\n|poke|p2|Raging Bolt, L50|\n|poke|p2|Rillaboom, L50, M|\n|poke|p2|Tornadus, L50, M|\n|poke|p2|Smeargle, L50, M|\n|teampreview|4\n|inactive|Battle timer is ON: inactive players will automatically lose when time's up. (requested by ren122333)\n|inactive|ren122333 has 60 seconds left.\n|\n|t:|1773463914\n|teamsize|p1|4\n|teamsize|p2|4\n|start\n|switch|p1a: Flutter Mane|Flutter Mane, L50, shiny|100/100\n|switch|p1b: Lunala|Lunala, L50|100/100\n|switch|p2a: Smeargle|Smeargle, L50, M|100/100\n|switch|p2b: Calyrex|Calyrex-Shadow, L50|100/100\n|-ability|p2b: Calyrex|As One\n|-ability|p2b: Calyrex|Unnerve\n|turn|1\n|\n|t:|1773463935\n|-terastallize|p1b: Lunala|Fairy\n|move|p2a: Smeargle|Follow Me|p2a: Smeargle\n|-singleturn|p2a: Smeargle|move: Follow Me\n|move|p2b: Calyrex|Astral Barrage|p1a: Flutter Mane|[spread] p1a,p1b\n|-supereffective|p1a: Flutter Mane\n|-enditem|p1a: Flutter Mane|Focus Sash\n|-damage|p1a: Flutter Mane|1/100\n|-damage|p1b: Lunala|79/100\n|-damage|p2b: Calyrex|91/100|[from] item: Life Orb\n|move|p1a: Flutter Mane|Moonblast|p2a: Smeargle\n|-enditem|p2a: Smeargle|Focus Sash\n|-damage|p2a: Smeargle|1/100\n|move|p1b: Lunala|Moonblast|p2a: Smeargle\n|-damage|p2a: Smeargle|0 fnt\n|faint|p2a: Smeargle\n|\n|upkeep\n|\n|t:|1773463959\n|switch|p2a: Tornadus|Tornadus, L50, M|100/100\n|turn|2\n|\n|t:|1773463971\n|-end|p1a: Flutter Mane|Protosynthesis|[silent]\n|switch|p1a: Ursaluna|Ursaluna, L50, M|100/100\n|move|p2b: Calyrex|Protect|p2b: Calyrex\n|-singleturn|p2b: Calyrex|Protect\n|move|p2a: Tornadus|Taunt|p1b: Lunala\n|-start|p1b: Lunala|move: Taunt\n|cant|p1b: Lunala|move: Taunt|Trick Room\n|\n|-status|p1a: Ursaluna|brn|[from] item: Flame Orb\n|upkeep\n|turn|3\n|inactive|Vectorpd has 30 seconds left.\n|\n|t:|1773464002\n|move|p2b: Calyrex|Astral Barrage|p1a: Ursaluna|[spread] p1b\n|-immune|p1a: Ursaluna\n|-damage|p1b: Lunala|33/100\n|-damage|p2b: Calyrex|81/100|[from] item: Life Orb\n|move|p2a: Tornadus|Bleakwind Storm|p1b: Lunala|[spread] p1a,p1b\n|-damage|p1a: Ursaluna|61/100 brn\n|-damage|p1b: Lunala|7/100\n|move|p1b: Lunala|Moongeist Beam|p2b: Calyrex\n|-supereffective|p2b: Calyrex\n|-damage|p2b: Calyrex|0 fnt\n|faint|p2b: Calyrex\n|move|p1a: Ursaluna|Facade|p2a: Tornadus\n|-damage|p2a: Tornadus|0 fnt\n|faint|p2a: Tornadus\n|\n|-damage|p1a: Ursaluna|56/100 brn|[from] brn\n|upkeep\n|\n|t:|1773464014\n|switch|p2b: Zamazenta|Zamazenta-Crowned, L50|100/100\n|-ability|p2b: Zamazenta|Dauntless Shield|boost\n|-boost|p2b: Zamazenta|def|1\n|turn|4\n|\n|t:|1773464035\n|move|p2b: Zamazenta|Body Press|p1a: Ursaluna\n|-supereffective|p1a: Ursaluna\n|-damage|p1a: Ursaluna|0 fnt\n|faint|p1a: Ursaluna\n|move|p1b: Lunala|Moongeist Beam|p2b: Zamazenta\n|-damage|p2b: Zamazenta|63/100\n|\n|-end|p1b: Lunala|move: Taunt\n|upkeep\n|\n|t:|1773464040\n|switch|p1a: Flutter Mane|Flutter Mane, L50, shiny|1/100\n|turn|5\n|\n|t:|1773464049\n|move|p1a: Flutter Mane|Moonblast|p2b: Zamazenta\n|-damage|p2b: Zamazenta|25/100\n|move|p2b: Zamazenta|Heavy Slam|p1a: Flutter Mane\n|-supereffective|p1a: Flutter Mane\n|-damage|p1a: Flutter Mane|0 fnt\n|faint|p1a: Flutter Mane\n|-end|p1a: Flutter Mane|Protosynthesis|[silent]\n|move|p1b: Lunala|Moonblast|p2b: Zamazenta\n|-damage|p2b: Zamazenta|0 fnt\n|faint|p2b: Zamazenta\n|\n|win|ren122333\n|raw|ren122333's rating: 1290 &rarr; <strong>1319</strong><br />(+29 for winning)\n|raw|Vectorpd's rating: 1352 &rarr; <strong>1328</strong><br />(-24 for losing)\n|l|\u2606Vectorpd\n|player|p2|\n|l|\u2606ren122333\n|player|p1|\n","uploadtime":1773464249,"views":15,"formatid":"gen9vgc2026regi","rating":1319,"private":0,"password":null}