{"id":"gen9vgc2026regi-2567623258","format":"[Gen 9] VGC 2026 Reg I","players":["biludbiludbilud","terafireflareblitz"],"log":"|j|\u2606biludbiludbilud\n|j|\u2606terafireflareblitz\n|t:|1774494974\n|gametype|doubles\n|player|p1|biludbiludbilud|lucas|1498\n|player|p2|terafireflareblitz|sycamore|1633\n|gen|9\n|tier|[Gen 9] VGC 2026 Reg I\n|rated|\n|rule|Species Clause: Limit one of each Pok\u00e9mon\n|rule|Item Clause: Limit 1 of each item\n|clearpoke\n|poke|p1|Kyogre, L50|\n|poke|p1|Zamazenta-*, L50|\n|poke|p1|Chien-Pao, L50|\n|poke|p1|Tornadus, L50, M|\n|poke|p1|Rillaboom, L50, M|\n|poke|p1|Landorus, L50, M|\n|poke|p2|Koraidon, L50|\n|poke|p2|Lunala, L50|\n|poke|p2|Indeedee-F, L50, F|\n|poke|p2|Flutter Mane, L50|\n|poke|p2|Volcarona, L50, F|\n|poke|p2|Ursaluna, L50, F|\n|teampreview|4\n|inactive|Battle timer is ON: inactive players will automatically lose when time's up. (requested by terafireflareblitz)\n|\n|t:|1774494999\n|teamsize|p1|4\n|teamsize|p2|4\n|start\n|switch|p1a: Zamazenta|Zamazenta-Crowned, L50|100/100\n|switch|p1b: Chien-Pao|Chien-Pao, L50|100/100\n|switch|p2a: Lunala|Lunala, L50, shiny|100/100\n|switch|p2b: Indeedee|Indeedee-F, L50, F|100/100\n|-ability|p1b: Chien-Pao|Sword of Ruin\n|-ability|p1a: Zamazenta|Dauntless Shield|boost\n|-boost|p1a: Zamazenta|def|1\n|-fieldstart|move: Psychic Terrain|[from] ability: Psychic Surge|[of] p2b: Indeedee\n|turn|1\n|\n|t:|1774495007\n|switch|p2b: Volcarona|Volcarona, L50, F|100/100\n|move|p1b: Chien-Pao|Ice Spinner|p2b: Volcarona\n|-resisted|p2b: Volcarona\n|-damage|p2b: Volcarona|75/100\n|-damage|p1b: Chien-Pao|84/100|[from] item: Rocky Helmet|[of] p2b: Volcarona\n|-fieldend|move: Psychic Terrain\n|move|p1a: Zamazenta|Heavy Slam|p2a: Lunala\n|-crit|p2a: Lunala\n|-damage|p2a: Lunala|57/100\n|move|p2a: Lunala|Meteor Beam||[still]\n|-prepare|p2a: Lunala|Meteor Beam\n|-boost|p2a: Lunala|spa|1\n|-enditem|p2a: Lunala|Power Herb\n|-anim|p2a: Lunala|Meteor Beam|p1b: Chien-Pao\n|-supereffective|p1b: Chien-Pao\n|-damage|p1b: Chien-Pao|0 fnt\n|faint|p1b: Chien-Pao\n|\n|upkeep\n|\n|t:|1774495011\n|switch|p1b: Kyogre|Kyogre, L50|100/100\n|-weather|RainDance|[from] ability: Drizzle|[of] p1b: Kyogre\n|turn|2\n|\n|t:|1774495023\n|-terastallize|p2a: Lunala|Water\n|move|p2b: Volcarona|Rage Powder|p2b: Volcarona\n|-singleturn|p2b: Volcarona|move: Rage Powder\n|move|p1a: Zamazenta|Heavy Slam|p2b: Volcarona\n|-resisted|p2b: Volcarona\n|-damage|p2b: Volcarona|54/100\n|-damage|p1a: Zamazenta|84/100|[from] item: Rocky Helmet|[of] p2b: Volcarona\n|move|p2a: Lunala|Expanding Force|p1a: Zamazenta\n|-damage|p1a: Zamazenta|35/100\n|move|p1b: Kyogre|Origin Pulse|p2b: Volcarona|[spread] p2a,p2b\n|-resisted|p2a: Lunala\n|-supereffective|p2b: Volcarona\n|-damage|p2a: Lunala|26/100\n|-damage|p2b: Volcarona|0 fnt\n|faint|p2b: Volcarona\n|\n|-weather|RainDance|[upkeep]\n|upkeep\n|\n|t:|1774495034\n|switch|p2b: Koraidon|Koraidon, L50, shiny|100/100\n|-weather|SunnyDay|[from] ability: Orichalcum Pulse|[of] p2b: Koraidon\n|-activate|p2b: Koraidon|Orichalcum Pulse|[source]\n|turn|3\n|\n|t:|1774495043\n|switch|p2b: Indeedee|Indeedee-F, L50, F|100/100\n|-fieldstart|move: Psychic Terrain|[from] ability: Psychic Surge|[of] p2b: Indeedee\n|move|p1a: Zamazenta|Body Press|p2b: Indeedee\n|-damage|p2b: Indeedee|36/100\n|move|p2a: Lunala|Expanding Force|p1a: Zamazenta|[spread] p1a,p1b\n|-damage|p1a: Zamazenta|0 fnt\n|-damage|p1b: Kyogre|27/100\n|faint|p1a: Zamazenta\n|move|p1b: Kyogre|Origin Pulse|p2b: Indeedee|[spread] p2a,p2b\n|-resisted|p2a: Lunala\n|-damage|p2a: Lunala|16/100\n|-damage|p2b: Indeedee|7/100\n|\n|-weather|SunnyDay|[upkeep]\n|upkeep\n|\n|t:|1774495050\n|switch|p1a: Tornadus|Tornadus, L50, M|100/100\n|turn|4\n|\n|t:|1774495060\n|move|p2a: Lunala|Wide Guard|p2a: Lunala\n|-singleturn|p2a: Lunala|Wide Guard\n|move|p1a: Tornadus|Bleakwind Storm|p2b: Indeedee|[spread] \n|-activate|p2a: Lunala|move: Wide Guard\n|-activate|p2b: Indeedee|move: Wide Guard\n|move|p1b: Kyogre|Origin Pulse|p2a: Lunala|[spread] \n|-activate|p2a: Lunala|move: Wide Guard\n|-activate|p2b: Indeedee|move: Wide Guard\n|move|p2b: Indeedee|Trick Room|p2b: Indeedee\n|-fieldstart|move: Trick Room|[of] p2b: Indeedee\n|\n|-weather|SunnyDay|[upkeep]\n|upkeep\n|turn|5\n|\n|t:|1774495069\n|-terastallize|p1a: Tornadus|Steel\n|move|p1b: Kyogre|Protect|p1b: Kyogre\n|-singleturn|p1b: Kyogre|Protect\n|move|p2a: Lunala|Wide Guard|p2a: Lunala\n|-singleturn|p2a: Lunala|Wide Guard\n|move|p2b: Indeedee|Alluring Voice|p1b: Kyogre\n|-activate|p1b: Kyogre|move: Protect\n|move|p1a: Tornadus|Bleakwind Storm|p2a: Lunala|[spread] \n|-activate|p2a: Lunala|move: Wide Guard\n|-activate|p2b: Indeedee|move: Wide Guard\n|\n|-weather|SunnyDay|[upkeep]\n|upkeep\n|turn|6\n|\n|t:|1774495079\n|move|p2a: Lunala|Wide Guard|p2a: Lunala\n|-singleturn|p2a: Lunala|Wide Guard\n|move|p2b: Indeedee|Alluring Voice|p1b: Kyogre\n|-damage|p1b: Kyogre|15/100\n|move|p1b: Kyogre|Origin Pulse|p2a: Lunala|[spread] \n|-activate|p2a: Lunala|move: Wide Guard\n|-activate|p2b: Indeedee|move: Wide Guard\n|move|p1a: Tornadus|Bleakwind Storm|p2b: Indeedee|[spread] \n|-activate|p2a: Lunala|move: Wide Guard\n|-activate|p2b: Indeedee|move: Wide Guard\n|\n|-weather|SunnyDay|[upkeep]\n|upkeep\n|turn|7\n|\n|t:|1774495086\n|move|p2a: Lunala|Wide Guard|p2a: Lunala\n|-singleturn|p2a: Lunala|Wide Guard\n|move|p2b: Indeedee|Alluring Voice|p1b: Kyogre\n|-damage|p1b: Kyogre|3/100\n|move|p1b: Kyogre|Hydro Pump|p2a: Lunala\n|-resisted|p2a: Lunala\n|-damage|p2a: Lunala|1/100\n|move|p1a: Tornadus|Bleakwind Storm|p2a: Lunala|[spread] \n|-activate|p2a: Lunala|move: Wide Guard\n|-activate|p2b: Indeedee|move: Wide Guard\n|\n|-weather|none\n|-fieldend|move: Psychic Terrain\n|upkeep\n|turn|8\n|\n|t:|1774495103\n|switch|p2b: Koraidon|Koraidon, L50, shiny|100/100\n|-weather|SunnyDay|[from] ability: Orichalcum Pulse|[of] p2b: Koraidon\n|-activate|p2b: Koraidon|Orichalcum Pulse|[source]\n|move|p1b: Kyogre|Protect|p1b: Kyogre\n|-singleturn|p1b: Kyogre|Protect\n|move|p2a: Lunala|Wide Guard|p2a: Lunala\n|-singleturn|p2a: Lunala|Wide Guard\n|move|p1a: Tornadus|Taunt|p2a: Lunala\n|-start|p2a: Lunala|move: Taunt\n|\n|-weather|SunnyDay|[upkeep]\n|-fieldend|move: Trick Room\n|upkeep\n|turn|9\n|\n|t:|1774495119\n|move|p1a: Tornadus|Tailwind|p1a: Tornadus\n|-sidestart|p1: biludbiludbilud|move: Tailwind\n|move|p1b: Kyogre|Origin Pulse|p2b: Koraidon|[spread] \n|-miss|p1b: Kyogre|p2a: Lunala\n|-miss|p1b: Kyogre|p2b: Koraidon\n|move|p2b: Koraidon|Close Combat|p1a: Tornadus\n|-supereffective|p1a: Tornadus\n|-damage|p1a: Tornadus|0 fnt\n|-unboost|p2b: Koraidon|def|1\n|-unboost|p2b: Koraidon|spd|1\n|faint|p1a: Tornadus\n|-damage|p2b: Koraidon|91/100|[from] item: Life Orb\n|move|p2a: Lunala|Moongeist Beam|p1b: Kyogre\n|-damage|p1b: Kyogre|0 fnt\n|faint|p1b: Kyogre\n|\n|win|terafireflareblitz\n|raw|biludbiludbilud's rating: 1498 &rarr; <strong>1485</strong><br />(-13 for losing)\n|raw|terafireflareblitz's rating: 1633 &rarr; <strong>1646</strong><br />(+13 for winning)\n|l|\u2606biludbiludbilud\n|player|p1|\n|l|\u2606terafireflareblitz\n|player|p2|\n","uploadtime":1774495119,"views":12,"formatid":"gen9vgc2026regi","rating":1485,"private":0,"password":null}