{"id":"gen9vgc2026regi-2569303020","format":"[Gen 9] VGC 2026 Reg I","players":["Fosuke11","TheNamesBetty"],"log":"|j|\u2606Fosuke11\n|j|\u2606TheNamesBetty\n|t:|1774671356\n|gametype|doubles\n|player|p1|Fosuke11|dancer|1227\n|player|p2|TheNamesBetty|koga|1337\n|gen|9\n|tier|[Gen 9] VGC 2026 Reg I\n|rated|\n|rule|Species Clause: Limit one of each Pok\u00e9mon\n|rule|Item Clause: Limit 1 of each item\n|clearpoke\n|poke|p1|Riolu, L50, M|\n|poke|p1|Calyrex-Ice, L50|\n|poke|p1|Koraidon, L50|\n|poke|p1|Annihilape, L50, F|\n|poke|p1|Clefairy, L50, M|\n|poke|p1|Raging Bolt, L50|\n|poke|p2|Calyrex-Shadow, L50|\n|poke|p2|Koraidon, L50|\n|poke|p2|Rillaboom, L50, F|\n|poke|p2|Incineroar, L50, M|\n|poke|p2|Regieleki, L50|\n|poke|p2|Cramorant, L50, M|\n|teampreview|4\nTheNamesBetty has agreed to open team sheets.\n|\n|t:|1774671399\n|teamsize|p1|4\n|teamsize|p2|4\n|start\n|switch|p1a: Riolu|Riolu, L50, M, shiny|100/100\n|switch|p1b: Calyrex|Calyrex-Ice, L50|100/100\n|switch|p2a: Regieleki|Regieleki, L50|100/100\n|switch|p2b: Calyrex|Calyrex-Shadow, L50|100/100\n|-ability|p2b: Calyrex|As One\n|-ability|p2b: Calyrex|Unnerve\n|-ability|p1b: Calyrex|As One\n|-ability|p1b: Calyrex|Unnerve\n|turn|1\n|\n|t:|1774671429\n|move|p1b: Calyrex|Protect|p1b: Calyrex\n|-singleturn|p1b: Calyrex|Protect\n|move|p1a: Riolu|Coaching|p1b: Calyrex\n|-boost|p1b: Calyrex|atk|1\n|-boost|p1b: Calyrex|def|1\n|move|p2a: Regieleki|Volt Switch|p1b: Calyrex\n|-activate|p1b: Calyrex|move: Protect\n|move|p2b: Calyrex|Astral Barrage|p1a: Riolu|[spread] p1a\n|-activate|p1b: Calyrex|move: Protect\n|-enditem|p1a: Riolu|Focus Sash\n|-damage|p1a: Riolu|1/100\n|-damage|p2b: Calyrex|91/100|[from] item: Life Orb\n|\n|upkeep\n|turn|2\n|\n|t:|1774671456\n|switch|p1a: Clefairy|Clefairy, L50, M, shiny|100/100\n|-terastallize|p1b: Calyrex|Fairy\n|move|p2a: Regieleki|Thunderbolt|p1b: Calyrex\n|-crit|p1b: Calyrex\n|-damage|p1b: Calyrex|57/100\n|-status|p1b: Calyrex|par\n|move|p2b: Calyrex|Astral Barrage|p1a: Clefairy|[spread] p1a,p1b\n|-damage|p1a: Clefairy|46/100\n|-damage|p1b: Calyrex|23/100 par\n|-damage|p2b: Calyrex|81/100|[from] item: Life Orb\n|move|p1b: Calyrex|Glacial Lance|p2a: Regieleki|[spread] p2a,p2b\n|-enditem|p2a: Regieleki|Focus Sash\n|-damage|p2a: Regieleki|1/100\n|-damage|p2b: Calyrex|0 fnt\n|faint|p2b: Calyrex\n|-ability|p1b: Calyrex|Chilling Neigh|boost\n|-boost|p1b: Calyrex|atk|1\n|\n|upkeep\n|\n|t:|1774671482\n|switch|p2b: Koraidon|Koraidon, L50|100/100\n|-weather|SunnyDay|[from] ability: Orichalcum Pulse|[of] p2b: Koraidon\n|-activate|p2b: Koraidon|Orichalcum Pulse|[source]\n|turn|3\n|\n|t:|1774671505\n|-terastallize|p2b: Koraidon|Fire\n|move|p1a: Clefairy|Follow Me|p1a: Clefairy\n|-singleturn|p1a: Clefairy|move: Follow Me\n|move|p2a: Regieleki|Volt Switch|p1a: Clefairy\n|-damage|p1a: Clefairy|8/100\n|\n|t:|1774671511\n|switch|p2a: Incineroar|Incineroar, L50, M|100/100|[from] Volt Switch\n|-ability|p2a: Incineroar|Intimidate|boost\n|-unboost|p1a: Clefairy|atk|1\n|-fail|p1b: Calyrex|unboost|[from] item: Clear Amulet|[of] p1b: Calyrex\n|move|p2b: Koraidon|Flame Charge|p1a: Clefairy\n|-damage|p1a: Clefairy|0 fnt\n|-boost|p2b: Koraidon|spe|1\n|faint|p1a: Clefairy\n|move|p1b: Calyrex|Glacial Lance|p2a: Incineroar|[spread] p2a,p2b\n|-resisted|p2a: Incineroar\n|-resisted|p2b: Koraidon\n|-damage|p2a: Incineroar|59/100\n|-damage|p2b: Koraidon|54/100\n|\n|-weather|SunnyDay|[upkeep]\n|upkeep\n|\n|t:|1774671541\n|switch|p1a: Riolu|Riolu, L50, M, shiny|1/100\n|turn|4\n|\n|t:|1774671561\n|switch|p2a: Regieleki|Regieleki, L50|1/100\n|move|p1a: Riolu|Quick Guard|p1a: Riolu\n|-singleturn|p1a: Riolu|Quick Guard\n|move|p2b: Koraidon|Flare Blitz|p1b: Calyrex\n|-damage|p1b: Calyrex|0 fnt\n|faint|p1b: Calyrex\n|-damage|p2b: Koraidon|47/100|[from] Recoil\n|\n|-weather|SunnyDay|[upkeep]\n|upkeep\n|\n|t:|1774671569\n|switch|p1b: Koraidon|Koraidon, L50, shiny|100/100\n|-activate|p1b: Koraidon|ability: Orichalcum Pulse\n|turn|5\n|\n|t:|1774671601\n|move|p1a: Riolu|Feint|p2a: Regieleki\n|-damage|p2a: Regieleki|0 fnt\n|faint|p2a: Regieleki\n|move|p2b: Koraidon|Collision Course|p1b: Koraidon\n|-crit|p1b: Koraidon\n|-damage|p1b: Koraidon|5/100\n|move|p1b: Koraidon|Close Combat|p2b: Koraidon\n|-damage|p2b: Koraidon|0 fnt\n|-unboost|p1b: Koraidon|def|1\n|-unboost|p1b: Koraidon|spd|1\n|faint|p2b: Koraidon\n|\n|-weather|SunnyDay|[upkeep]\n|upkeep\n|\n|t:|1774671615\n|switch|p2b: Incineroar|Incineroar, L50, M|59/100\n|-ability|p2b: Incineroar|Intimidate|boost\n|-unboost|p1a: Riolu|atk|1\n|-unboost|p1b: Koraidon|atk|1\n|turn|6\n|\n|t:|1774671626\n|move|p1a: Riolu|Quick Guard|p1a: Riolu\n|-singleturn|p1a: Riolu|Quick Guard\n|move|p2b: Incineroar|Fake Out|p1b: Koraidon\n|-activate|p1b: Koraidon|move: Quick Guard\n|move|p1b: Koraidon|Close Combat|p2b: Incineroar\n|-supereffective|p2b: Incineroar\n|-damage|p2b: Incineroar|0 fnt\n|-unboost|p1b: Koraidon|def|1\n|-unboost|p1b: Koraidon|spd|1\n|faint|p2b: Incineroar\n|\n|win|Fosuke11\n|raw|Fosuke11's rating: 1227 &rarr; <strong>1260</strong><br />(+33 for winning)\n|raw|TheNamesBetty's rating: 1337 &rarr; <strong>1311</strong><br />(-26 for losing)\n|l|\u2606TheNamesBetty\n|player|p2|\n","uploadtime":1774671760,"views":22,"formatid":"gen9vgc2026regi","rating":1260,"private":0,"password":null}