{"id":"gen9vgc2026regi-2560748820","format":"[Gen 9] VGC 2026 Reg I","players":["vestige666","cleanthekitchen"],"log":"|j|\u2606vestige666\n|j|\u2606cleanthekitchen\n|t:|1773720134\n|gametype|doubles\n|player|p1|vestige666|blackbelt-gen4dp|1315\n|player|p2|cleanthekitchen|zinnia|1298\n|gen|9\n|tier|[Gen 9] VGC 2026 Reg I\n|rated|\n|rule|Species Clause: Limit one of each Pok\u00e9mon\n|rule|Item Clause: Limit 1 of each item\n|clearpoke\n|poke|p1|Rayquaza, L50|\n|poke|p1|Calyrex-Shadow, L50|\n|poke|p1|Tornadus, L50, M|\n|poke|p1|Smeargle, L50, M|\n|poke|p1|Urshifu-*, L50, F|\n|poke|p1|Clefairy, L50, M|\n|poke|p2|Miraidon, L50|\n|poke|p2|Calyrex-Ice, L50|\n|poke|p2|Incineroar, L50, F|\n|poke|p2|Ursaluna, L50, M|\n|poke|p2|Farigiraf, L50, F|\n|poke|p2|Urshifu-*, L50, M|\n|teampreview|4\n|\n|t:|1773720163\n|teamsize|p1|4\n|teamsize|p2|4\n|start\n|switch|p1a: Urshifu|Urshifu-Rapid-Strike, L50, F|100/100\n|switch|p1b: Smeargle|Smeargle, L50, M|100/100\n|switch|p2a: Miraidon|Miraidon, L50|100/100\n|switch|p2b: Urshifu|Urshifu, L50, M|100/100\n|-fieldstart|move: Electric Terrain|[from] ability: Hadron Engine|[of] p2a: Miraidon\n|turn|1\n|inactive|Battle timer is ON: inactive players will automatically lose when time's up. (requested by cleanthekitchen)\n|\n|t:|1773720206\n|switch|p2a: Incineroar|Incineroar, L50, F|100/100\n|-ability|p2a: Incineroar|Intimidate|boost\n|-unboost|p1a: Urshifu|atk|1\n|-unboost|p1b: Smeargle|atk|1\n|move|p1b: Smeargle|Fake Out|p2a: Incineroar\n|-damage|p2a: Incineroar|99/100\n|-damage|p1b: Smeargle|84/100|[from] item: Rocky Helmet|[of] p2a: Incineroar\n|move|p1a: Urshifu|Close Combat|p2a: Incineroar\n|-supereffective|p2a: Incineroar\n|-damage|p2a: Incineroar|33/100\n|-unboost|p1a: Urshifu|def|1\n|-unboost|p1a: Urshifu|spd|1\n|-damage|p1a: Urshifu|84/100|[from] item: Rocky Helmet|[of] p2a: Incineroar\n|move|p2b: Urshifu|U-turn|p1b: Smeargle\n|-damage|p1b: Smeargle|34/100\n|\n|t:|1773720222\n|switch|p2b: Miraidon|Miraidon, L50|100/100|[from] U-turn\n|-activate|p2b: Miraidon|ability: Hadron Engine\n|\n|-ability|p1b: Smeargle|Moody|boost\n|-boost|p1b: Smeargle|def|2\n|-unboost|p1b: Smeargle|atk|1\n|upkeep\n|turn|2\n|\n|t:|1773720239\n|move|p1b: Smeargle|Follow Me|p1b: Smeargle\n|-singleturn|p1b: Smeargle|move: Follow Me\n|move|p1a: Urshifu|Close Combat|p2b: Miraidon\n|-damage|p2b: Miraidon|64/100\n|-unboost|p1a: Urshifu|def|1\n|-unboost|p1a: Urshifu|spd|1\n|move|p2b: Miraidon|Electro Drift|p1b: Smeargle\n|-damage|p1b: Smeargle|0 fnt\n|faint|p1b: Smeargle\n|move|p2a: Incineroar|Parting Shot|p1a: Urshifu\n|-unboost|p1a: Urshifu|atk|1\n|-unboost|p1a: Urshifu|spa|1\n|\n|t:|1773720258\n|switch|p2a: Calyrex|Calyrex-Ice, L50|100/100|[from] Parting Shot\n|-ability|p2a: Calyrex|As One\n|-ability|p2a: Calyrex|Unnerve\n|\n|upkeep\n|\n|t:|1773720273\n|switch|p1b: Calyrex|Calyrex-Shadow, L50|100/100\n|-ability|p1b: Calyrex|As One\n|-ability|p1b: Calyrex|Unnerve\n|turn|3\n|\n|t:|1773720295\n|switch|p1a: Clefairy|Clefairy, L50, M|100/100\n|switch|p2a: Incineroar|Incineroar, L50, F|33/100\n|-ability|p2a: Incineroar|Intimidate|boost\n|-unboost|p1a: Clefairy|atk|1\n|-unboost|p1b: Calyrex|atk|1\n|move|p1b: Calyrex|Astral Barrage|p2b: Miraidon|[spread] p2a,p2b\n|-resisted|p2a: Incineroar\n|-damage|p2a: Incineroar|1/100\n|-damage|p2b: Miraidon|27/100\n|-damage|p1b: Calyrex|91/100|[from] item: Life Orb\n|move|p2b: Miraidon|Snarl|p1a: Clefairy|[spread] p1a,p1b\n|-resisted|p1a: Clefairy\n|-supereffective|p1b: Calyrex\n|-damage|p1a: Clefairy|91/100\n|-damage|p1b: Calyrex|27/100\n|-unboost|p1a: Clefairy|spa|1\n|-unboost|p1b: Calyrex|spa|1\n|\n|upkeep\n|turn|4\n|inactive|vestige666 has 30 seconds left.\n|inactive|cleanthekitchen has 30 seconds left.\n|inactive|cleanthekitchen has 20 seconds left.\n|\n|t:|1773720333\n|switch|p2a: Urshifu|Urshifu, L50, M|100/100\n|move|p1a: Clefairy|Helping Hand|p1b: Calyrex\n|-singleturn|p1b: Calyrex|Helping Hand|[of] p1a: Clefairy\n|move|p1b: Calyrex|Astral Barrage|p2b: Miraidon|[spread] p2a,p2b\n|-resisted|p2a: Urshifu\n|-damage|p2a: Urshifu|44/100\n|-damage|p2b: Miraidon|0 fnt\n|faint|p2b: Miraidon\n|-ability|p1b: Calyrex|Grim Neigh|boost\n|-boost|p1b: Calyrex|spa|1\n|-damage|p1b: Calyrex|18/100|[from] item: Life Orb\n|\n|upkeep\n|\n|t:|1773720341\n|switch|p2b: Incineroar|Incineroar, L50, F|1/100\n|-ability|p2b: Incineroar|Intimidate|boost\n|-unboost|p1a: Clefairy|atk|1\n|-unboost|p1b: Calyrex|atk|1\n|turn|5\n|\n|t:|1773720361\n|move|p2b: Incineroar|Fake Out|p1a: Clefairy\n|-damage|p1a: Clefairy|84/100\n|cant|p1a: Clefairy|flinch\n|move|p2a: Urshifu|Wicked Blow|p1b: Calyrex\n|-supereffective|p1b: Calyrex\n|-crit|p1b: Calyrex\n|-damage|p1b: Calyrex|0 fnt\n|faint|p1b: Calyrex\n|\n|-fieldend|move: Electric Terrain\n|upkeep\n|\n|t:|1773720373\n|switch|p1b: Urshifu|Urshifu-Rapid-Strike, L50, F|84/100\n|turn|6\n|\n|t:|1773720383\n|switch|p2a: Calyrex|Calyrex-Ice, L50|100/100\n|-ability|p2a: Calyrex|As One\n|-ability|p2a: Calyrex|Unnerve\n|-terastallize|p1b: Urshifu|Water\n|move|p1a: Clefairy|Follow Me|p1a: Clefairy\n|-singleturn|p1a: Clefairy|move: Follow Me\n|move|p1b: Urshifu|Surging Strikes|p2a: Calyrex\n|-crit|p2a: Calyrex\n|-damage|p2a: Calyrex|81/100\n|-crit|p2a: Calyrex\n|-damage|p2a: Calyrex|64/100\n|-crit|p2a: Calyrex\n|-damage|p2a: Calyrex|45/100\n|-hitcount|p2a: Calyrex|3\n|move|p2b: Incineroar|Will-O-Wisp|p1a: Clefairy\n|-status|p1a: Clefairy|brn\n|\n|-damage|p1a: Clefairy|77/100 brn|[from] brn\n|upkeep\n|turn|7\n|inactive|vestige666 has 30 seconds left.\n|inactive|vestige666 has 20 seconds left.\n|\n|t:|1773720419\n|move|p1a: Clefairy|Helping Hand|p1b: Urshifu\n|-singleturn|p1b: Urshifu|Helping Hand|[of] p1a: Clefairy\n|move|p1b: Urshifu|Surging Strikes|p2a: Calyrex\n|-crit|p2a: Calyrex\n|-damage|p2a: Calyrex|15/100\n|-crit|p2a: Calyrex\n|-damage|p2a: Calyrex|0 fnt\n|faint|p2a: Calyrex\n|-hitcount|p2: Calyrex|2\n|move|p2b: Incineroar|Parting Shot|p1b: Urshifu\n|-unboost|p1b: Urshifu|atk|1\n|-unboost|p1b: Urshifu|spa|1\n|\n|t:|1773720430\n|switch|p2b: Urshifu|Urshifu, L50, M|44/100|[from] Parting Shot\n|\n|-damage|p1a: Clefairy|71/100 brn|[from] brn\n|upkeep\n|\n|t:|1773720435\n|switch|p2a: Incineroar|Incineroar, L50, F|1/100\n|-ability|p2a: Incineroar|Intimidate|boost\n|-unboost|p1a: Clefairy|atk|1\n|-unboost|p1b: Urshifu|atk|1\n|turn|8\n|\n|t:|1773720455\n|move|p2a: Incineroar|Fake Out|p1a: Clefairy\n|-damage|p1a: Clefairy|63/100 brn\n|cant|p1a: Clefairy|flinch\n|move|p2b: Urshifu|Wicked Blow|p1b: Urshifu\n|-crit|p1b: Urshifu\n|-damage|p1b: Urshifu|39/100\n|move|p1b: Urshifu|Surging Strikes|p2b: Urshifu\n|-crit|p2b: Urshifu\n|-damage|p2b: Urshifu|15/100\n|-crit|p2b: Urshifu\n|-damage|p2b: Urshifu|0 fnt\n|faint|p2b: Urshifu\n|-hitcount|p2: Urshifu|2\n|\n|-damage|p1a: Clefairy|57/100 brn|[from] brn\n|upkeep\n|turn|9\n|-message|cleanthekitchen forfeited.\n|\n|win|vestige666\n|raw|vestige666's rating: 1315 &rarr; <strong>1334</strong><br />(+19 for winning)\n|raw|cleanthekitchen's rating: 1298 &rarr; <strong>1274</strong><br />(-24 for losing)\n|l|\u2606cleanthekitchen\n|player|p2|\n|l|\u2606vestige666\n|player|p1|\n","uploadtime":1773720696,"views":10,"formatid":"gen9vgc2026regi","rating":1274,"private":0,"password":null}