{"id":"gen9vgc2026regi-2553813473","format":"[Gen 9] VGC 2026 Reg I","players":["neo-bespa","wasaad5"],"log":"|j|\u2606neo-bespa\n|j|\u2606wasaad5\n|t:|1772885221\n|gametype|doubles\n|player|p1|neo-bespa|265|1369\n|player|p2|wasaad5|blue|1331\n|gen|9\n|tier|[Gen 9] VGC 2026 Reg I\n|rated|\n|rule|Species Clause: Limit one of each Pok\u00e9mon\n|rule|Item Clause: Limit 1 of each item\n|clearpoke\n|poke|p1|Calyrex-Ice, L50|\n|poke|p1|Incineroar, L50, F|\n|poke|p1|Miraidon, L50|\n|poke|p1|Iron Bundle, L50|\n|poke|p1|Farigiraf, L50, F|\n|poke|p1|Ogerpon-Hearthflame, L50, F|\n|poke|p2|Kyurem-White, L50|\n|poke|p2|Zacian-*, L50|\n|poke|p2|Sableye, L50, F|\n|poke|p2|Urshifu-*, L50, F|\n|poke|p2|Amoonguss, L50, M|\n|poke|p2|Incineroar, L50, F|\n|teampreview|4\n|\n|t:|1772885287\n|teamsize|p1|4\n|teamsize|p2|4\n|start\n|switch|p1a: Miraidon|Miraidon, L50|100/100\n|switch|p1b: Farigiraf|Farigiraf, L50, F|100/100\n|switch|p2a: Urshifu|Urshifu-Rapid-Strike, L50, F|100/100\n|switch|p2b: Amoonguss|Amoonguss, L50, M|100/100\n|-fieldstart|move: Electric Terrain|[from] ability: Hadron Engine|[of] p1a: Miraidon\n|-enditem|p1b: Farigiraf|Electric Seed\n|-boost|p1b: Farigiraf|def|1|[from] item: Electric Seed\n|turn|1\n|\n|t:|1772885308\n|move|p1b: Farigiraf|Helping Hand|p1a: Miraidon\n|-singleturn|p1a: Miraidon|Helping Hand|[of] p1b: Farigiraf\n|move|p2b: Amoonguss|Protect|p2b: Amoonguss\n|-singleturn|p2b: Amoonguss|Protect\n|move|p1a: Miraidon|Overheat|p2b: Amoonguss\n|-activate|p2b: Amoonguss|move: Protect\n|move|p2a: Urshifu|U-turn|p1b: Farigiraf\n|-supereffective|p1b: Farigiraf\n|-damage|p1b: Farigiraf|64/100\n|\n|t:|1772885318\n|switch|p2a: Zacian|Zacian-Crowned, L50|100/100|[from] U-turn\n|-ability|p2a: Zacian|Intrepid Sword|boost\n|-boost|p2a: Zacian|atk|1\n|\n|upkeep\n|turn|2\n|\n|t:|1772885331\n|switch|p1a: \u5389\u4e0d\u5389\u5bb3\u4f60\u5764\u54e5|Iron Bundle, L50|100/100\n|-activate|p1a: \u5389\u4e0d\u5389\u5bb3\u4f60\u5764\u54e5|ability: Quark Drive\n|-start|p1a: \u5389\u4e0d\u5389\u5bb3\u4f60\u5764\u54e5|quarkdrivespe\n|switch|p2b: Urshifu|Urshifu-Rapid-Strike, L50, F|100/100\n|-terastallize|p2a: Zacian|Ground\n|move|p2a: Zacian|Tera Blast|p1a: \u5389\u4e0d\u5389\u5bb3\u4f60\u5764\u54e5|[anim] Tera Blast Ground\n|-damage|p1a: \u5389\u4e0d\u5389\u5bb3\u4f60\u5764\u54e5|13/100\n|move|p1b: Farigiraf|Baton Pass|p1b: Farigiraf\n|\n|t:|1772885345\n|switch|p1b: \u9e7f\u51a0\u738b-\u767d\u51a0|Calyrex-Ice, L50|100/100|[from] Baton Pass\n|-ability|p1b: \u9e7f\u51a0\u738b-\u767d\u51a0|As One\n|-ability|p1b: \u9e7f\u51a0\u738b-\u767d\u51a0|Unnerve\n|\n|upkeep\n|turn|3\n|\n|t:|1772885361\n|-terastallize|p1b: \u9e7f\u51a0\u738b-\u767d\u51a0|Grass\n|move|p2a: Zacian|Protect|p2a: Zacian\n|-singleturn|p2a: Zacian|Protect\n|move|p2b: Urshifu|Aqua Jet|p1a: \u5389\u4e0d\u5389\u5bb3\u4f60\u5764\u54e5\n|-resisted|p1a: \u5389\u4e0d\u5389\u5bb3\u4f60\u5764\u54e5\n|-damage|p1a: \u5389\u4e0d\u5389\u5bb3\u4f60\u5764\u54e5|0 fnt\n|faint|p1a: \u5389\u4e0d\u5389\u5bb3\u4f60\u5764\u54e5\n|-end|p1a: \u5389\u4e0d\u5389\u5bb3\u4f60\u5764\u54e5|Quark Drive|[silent]\n|move|p1b: \u9e7f\u51a0\u738b-\u767d\u51a0|Glacial Lance|p2a: Zacian|[spread] p2b\n|-activate|p2a: Zacian|move: Protect\n|-resisted|p2b: Urshifu\n|-damage|p2b: Urshifu|70/100\n|\n|upkeep\n|\n|t:|1772885375\n|switch|p1a: Farigiraf|Farigiraf, L50, F|64/100\n|turn|4\n|\n|t:|1772885386\n|switch|p2b: Amoonguss|Amoonguss, L50, M|100/100\n|switch|p2a: Kyurem|Kyurem-White, L50, shiny|100/100\n|-ability|p2a: Kyurem|Turboblaze\n|move|p1a: Farigiraf|Helping Hand|p1b: \u9e7f\u51a0\u738b-\u767d\u51a0\n|-singleturn|p1b: \u9e7f\u51a0\u738b-\u767d\u51a0|Helping Hand|[of] p1a: Farigiraf\n|move|p1b: \u9e7f\u51a0\u738b-\u767d\u51a0|Glacial Lance|p2b: Amoonguss|[spread] p2a,p2b\n|-supereffective|p2b: Amoonguss\n|-damage|p2a: Kyurem|31/100\n|-damage|p2b: Amoonguss|0 fnt\n|faint|p2b: Amoonguss\n|-ability|p1b: \u9e7f\u51a0\u738b-\u767d\u51a0|Chilling Neigh|boost\n|-boost|p1b: \u9e7f\u51a0\u738b-\u767d\u51a0|atk|1\n|\n|upkeep\n|\n|t:|1772885398\n|switch|p2b: Zacian|Zacian-Crowned, L50, tera:Ground|100/100\n|turn|5\n|\n|t:|1772885411\n|move|p2b: Zacian|Play Rough|p1b: \u9e7f\u51a0\u738b-\u767d\u51a0\n|-damage|p1b: \u9e7f\u51a0\u738b-\u767d\u51a0|80/100\n|-unboost|p1b: \u9e7f\u51a0\u738b-\u767d\u51a0|atk|1\n|move|p2a: Kyurem|Freeze-Dry|p1b: \u9e7f\u51a0\u738b-\u767d\u51a0\n|-supereffective|p1b: \u9e7f\u51a0\u738b-\u767d\u51a0\n|-damage|p1b: \u9e7f\u51a0\u738b-\u767d\u51a0|39/100\n|move|p1a: Farigiraf|Foul Play|p2b: Zacian\n|-damage|p2b: Zacian|63/100\n|move|p1b: \u9e7f\u51a0\u738b-\u767d\u51a0|Glacial Lance|p2a: Kyurem|[spread] p2a,p2b\n|-supereffective|p2b: Zacian\n|-damage|p2a: Kyurem|0 fnt\n|-damage|p2b: Zacian|0 fnt\n|faint|p2a: Kyurem\n|faint|p2b: Zacian\n|-ability|p1b: \u9e7f\u51a0\u738b-\u767d\u51a0|Chilling Neigh|boost\n|-boost|p1b: \u9e7f\u51a0\u738b-\u767d\u51a0|atk|2\n|\n|-fieldend|move: Electric Terrain\n|upkeep\n|-message|wasaad5 forfeited.\n|\n|win|neo-bespa\n|raw|neo-bespa's rating: 1369 &rarr; <strong>1387</strong><br />(+18 for winning)\n|raw|wasaad5's rating: 1331 &rarr; <strong>1313</strong><br />(-18 for losing)\n|l|\u2606wasaad5\n|player|p2|\n|l|\u2606neo-bespa\n|player|p1|\n","uploadtime":1772885584,"views":13,"formatid":"gen9vgc2026regi","rating":1313,"private":0,"password":null}