{"id":"gen9vgc2026regi-2587778692","format":"[Gen 9] VGC 2026 Reg I","players":["BenSon_A27_Zong","Hornses"],"log":"|j|\u2606BenSon_A27_Zong\n|j|\u2606Hornses\n|t:|1776563100\n|gametype|doubles\n|player|p1|BenSon_A27_Zong|bugsy|1326\n|player|p2|Hornses|fisherman-gen4|1320\n|gen|9\n|tier|[Gen 9] VGC 2026 Reg I\n|rated|\n|rule|Species Clause: Limit one of each Pok\u00e9mon\n|rule|Item Clause: Limit 1 of each item\n|clearpoke\n|poke|p1|Muk-Alola, L50, F|\n|poke|p1|Flamigo, L50, M|\n|poke|p1|Miraidon, L50|\n|poke|p1|Calyrex-Shadow, L50|\n|poke|p1|Dragonite, L50, M|\n|poke|p1|Smeargle, L50, M|\n|poke|p2|Shiftry, L50, F|\n|poke|p2|Koraidon, L50|\n|poke|p2|Calyrex-Shadow, L50|\n|poke|p2|Flutter Mane, L50|\n|poke|p2|Whimsicott, L50, F|\n|poke|p2|Raging Bolt, L50|\n|teampreview|4\n|inactive|Battle timer is ON: inactive players will automatically lose when time's up. (requested by BenSon_A27_Zong)\n|\n|t:|1776563120\n|teamsize|p1|4\n|teamsize|p2|4\n|start\n|switch|p1a: Smeargle|Smeargle, L50, M|100/100\n|switch|p1b: Dragonite|Dragonite, L50, M|100/100\n|switch|p2a: Flutter Mane|Flutter Mane, L50|100/100\n|switch|p2b: Koraidon|Koraidon, L50|100/100\n|-weather|SunnyDay|[from] ability: Orichalcum Pulse|[of] p2b: Koraidon\n|-activate|p2a: Flutter Mane|ability: Protosynthesis\n|-start|p2a: Flutter Mane|protosynthesisspe\n|-activate|p2b: Koraidon|Orichalcum Pulse|[source]\n|turn|1\n|inactive|Hornses has 30 seconds left.\n|\n|t:|1776563147\n|-terastallize|p1b: Dragonite|Normal\n|move|p2b: Koraidon|Protect|p2b: Koraidon\n|-singleturn|p2b: Koraidon|Protect\n|move|p1b: Dragonite|Extreme Speed|p2b: Koraidon\n|-activate|p2b: Koraidon|move: Protect\n|move|p2a: Flutter Mane|Taunt|p1a: Smeargle\n|-start|p1a: Smeargle|move: Taunt\n|cant|p1a: Smeargle|move: Taunt|Minimize\n|\n|-weather|SunnyDay|[upkeep]\n|-ability|p1a: Smeargle|Moody|boost\n|-boost|p1a: Smeargle|def|2\n|-unboost|p1a: Smeargle|atk|1\n|upkeep\n|turn|2\n|inactive|Hornses has 30 seconds left.\n|\n|t:|1776563177\n|switch|p1b: Muk|Muk-Alola, L50, F|100/100\n|move|p2a: Flutter Mane|Moonblast|p1a: Smeargle\n|-damage|p1a: Smeargle|11/100\n|move|p2b: Koraidon|Close Combat|p1b: Muk\n|-damage|p1b: Muk|10/100\n|-unboost|p2b: Koraidon|def|1\n|-unboost|p2b: Koraidon|spd|1\n|-damage|p2b: Koraidon|90/100|[from] item: Life Orb\n|-activate|p1a: Smeargle|move: Struggle\n|move|p1a: Smeargle|Struggle|p2b: Koraidon\n|-damage|p2b: Koraidon|88/100\n|-damage|p1a: Smeargle|0 fnt|[from] recoil\n|faint|p1a: Smeargle\n|-ability|p1b: Muk|Moody|Power of Alchemy|[from] ability: Power of Alchemy|[of] p1a: Smeargle\n|\n|-weather|SunnyDay|[upkeep]\n|-heal|p1b: Muk|16/100|[from] item: Leftovers\n|-ability|p1b: Muk|Moody|boost\n|-boost|p1b: Muk|spa|2\n|-unboost|p1b: Muk|def|1\n|upkeep\n|\n|t:|1776563185\n|switch|p1a: Dragonite|Dragonite, L50, M, tera:Normal|100/100\n|turn|3\n|\n|t:|1776563197\n|move|p1b: Muk|Protect|p1b: Muk\n|-singleturn|p1b: Muk|Protect\n|move|p2a: Flutter Mane|Taunt|p1b: Muk\n|-activate|p1b: Muk|move: Protect\n|move|p2b: Koraidon|Close Combat|p1a: Dragonite\n|-supereffective|p1a: Dragonite\n|-damage|p1a: Dragonite|0 fnt\n|-unboost|p2b: Koraidon|def|1\n|-unboost|p2b: Koraidon|spd|1\n|faint|p1a: Dragonite\n|-damage|p2b: Koraidon|78/100|[from] item: Life Orb\n|\n|-weather|SunnyDay|[upkeep]\n|-heal|p1b: Muk|22/100|[from] item: Leftovers\n|-ability|p1b: Muk|Moody|boost\n|-boost|p1b: Muk|spe|2\n|-unboost|p1b: Muk|spa|1\n|upkeep\n|\n|t:|1776563205\n|switch|p1a: Flamigo|Flamigo, L50, M|100/100\n|-copyboost|p1a: Flamigo|p1b: Muk|[from] ability: Costar\n|-enditem|p1a: Flamigo|White Herb\n|-clearnegativeboost|p1a: Flamigo|[silent]\n|turn|4\n|\n|t:|1776563216\n|move|p2b: Koraidon|Protect|p2b: Koraidon\n|-singleturn|p2b: Koraidon|Protect\n|move|p1a: Flamigo|Brave Bird|p2a: Flutter Mane\n|-damage|p2a: Flutter Mane|0 fnt\n|faint|p2a: Flutter Mane\n|-end|p2a: Flutter Mane|Protosynthesis|[silent]\n|-damage|p1a: Flamigo|68/100|[from] Recoil\n|move|p1b: Muk|Minimize|p1b: Muk\n|-boost|p1b: Muk|evasion|2\n|\n|-weather|SunnyDay|[upkeep]\n|-heal|p1b: Muk|28/100|[from] item: Leftovers\n|-ability|p1b: Muk|Moody|boost\n|-boost|p1b: Muk|spa|2\n|-unboost|p1b: Muk|spe|1\n|upkeep\n|\n|t:|1776563222\n|switch|p2a: Calyrex|Calyrex-Shadow, L50|100/100\n|-ability|p2a: Calyrex|As One\n|-ability|p2a: Calyrex|Unnerve\n|turn|5\n|\n|t:|1776563242\n|move|p1b: Muk|Protect|p1b: Muk\n|-singleturn|p1b: Muk|Protect\n|move|p1a: Flamigo|Brave Bird|p2b: Koraidon\n|-supereffective|p2b: Koraidon\n|-damage|p2b: Koraidon|0 fnt\n|faint|p2b: Koraidon\n|-damage|p1a: Flamigo|39/100|[from] Recoil\n|move|p2a: Calyrex|Astral Barrage|p1a: Flamigo|[spread] p1a\n|-activate|p1b: Muk|move: Protect\n|-damage|p1a: Flamigo|0 fnt\n|faint|p1a: Flamigo\n|-ability|p2a: Calyrex|Grim Neigh|boost\n|-boost|p2a: Calyrex|spa|1\n|\n|-weather|none\n|-heal|p1b: Muk|34/100|[from] item: Leftovers\n|-ability|p1b: Muk|Moody|boost\n|-boost|p1b: Muk|spd|2\n|-unboost|p1b: Muk|atk|1\n|upkeep\n|\n|t:|1776563248\n|switch|p2b: Shiftry|Shiftry, L50, F|100/100\n|turn|6\n|\n|t:|1776563265\n|move|p2a: Calyrex|Taunt|p1b: Muk\n|-start|p1b: Muk|move: Taunt\n|move|p2b: Shiftry|Heat Wave|p1b: Muk|[miss]\n|-miss|p2b: Shiftry|p1b: Muk\n|cant|p1b: Muk|move: Taunt|Minimize\n|\n|-heal|p1b: Muk|41/100|[from] item: Leftovers\n|-ability|p1b: Muk|Moody|boost\n|-boost|p1b: Muk|def|2\n|-unboost|p1b: Muk|atk|1\n|upkeep\n|turn|7\n|\n|t:|1776563279\n|move|p2a: Calyrex|Astral Barrage|p1b: Muk\n|-resisted|p1b: Muk\n|-damage|p1b: Muk|21/100\n|move|p2b: Shiftry|Heat Wave|p1b: Muk|[miss]\n|-miss|p2b: Shiftry|p1b: Muk\n|move|p1b: Muk|Poison Jab|p2b: Shiftry\n|-supereffective|p2b: Shiftry\n|-damage|p2b: Shiftry|55/100\n|\n|-heal|p1b: Muk|27/100|[from] item: Leftovers\n|-ability|p1b: Muk|Moody|boost\n|-boost|p1b: Muk|atk|2\n|-unboost|p1b: Muk|def|1\n|upkeep\n|turn|8\n|\n|t:|1776563295\n|-terastallize|p2a: Calyrex|Fighting\n|move|p2a: Calyrex|Tera Blast|p1b: Muk|[anim] Tera Blast Fighting|[miss]\n|-miss|p2a: Calyrex|p1b: Muk\n|move|p2b: Shiftry|Heat Wave|p1b: Muk|[miss]\n|-miss|p2b: Shiftry|p1b: Muk\n|move|p1b: Muk|Poison Jab|p2b: Shiftry\n|-supereffective|p2b: Shiftry\n|-damage|p2b: Shiftry|0 fnt\n|faint|p2b: Shiftry\n|\n|-heal|p1b: Muk|33/100|[from] item: Leftovers\n|-end|p1b: Muk|move: Taunt\n|-ability|p1b: Muk|Moody|boost\n|-boost|p1b: Muk|spe|2\n|-unboost|p1b: Muk|spa|1\n|upkeep\n|turn|9\n|\n|t:|1776563300\n|move|p1b: Muk|Protect|p1b: Muk\n|-singleturn|p1b: Muk|Protect\n|move|p2a: Calyrex|Tera Blast|p1b: Muk|[anim] Tera Blast Fighting\n|-activate|p1b: Muk|move: Protect\n|\n|-heal|p1b: Muk|39/100|[from] item: Leftovers\n|-ability|p1b: Muk|Moody|boost\n|-boost|p1b: Muk|spd|2\n|-unboost|p1b: Muk|spa|1\n|upkeep\n|turn|10\n|\n|t:|1776563308\n|move|p2a: Calyrex|Tera Blast|p1b: Muk|[anim] Tera Blast Fighting\n|-damage|p1b: Muk|19/100\n|move|p1b: Muk|Minimize|p1b: Muk\n|-boost|p1b: Muk|evasion|2\n|\n|-heal|p1b: Muk|25/100|[from] item: Leftovers\n|-ability|p1b: Muk|Moody|boost\n|-boost|p1b: Muk|atk|2\n|-unboost|p1b: Muk|spe|1\n|upkeep\n|turn|11\n|\n|t:|1776563315\n|move|p1b: Muk|Protect|p1b: Muk\n|-singleturn|p1b: Muk|Protect\n|move|p2a: Calyrex|Tera Blast|p1b: Muk|[anim] Tera Blast Fighting\n|-activate|p1b: Muk|move: Protect\n|\n|-heal|p1b: Muk|31/100|[from] item: Leftovers\n|-ability|p1b: Muk|Moody|boost\n|-boost|p1b: Muk|spa|2\n|-unboost|p1b: Muk|def|1\n|upkeep\n|turn|12\n|\n|t:|1776563322\n|move|p2a: Calyrex|Taunt|p1b: Muk|[miss]\n|-miss|p2a: Calyrex|p1b: Muk\n|move|p1b: Muk|Rest|p1b: Muk\n|-status|p1b: Muk|slp|[from] move: Rest\n|-heal|p1b: Muk|100/100 slp|[silent]\n|\n|-ability|p1b: Muk|Moody|boost\n|-boost|p1b: Muk|atk|2\n|-unboost|p1b: Muk|spd|1\n|upkeep\n|turn|13\n|\n|t:|1776563328\n|cant|p1b: Muk|slp\n|move|p2a: Calyrex|Taunt|p1b: Muk|[miss]\n|-miss|p2a: Calyrex|p1b: Muk\n|\n|-ability|p1b: Muk|Moody|boost\n|-boost|p1b: Muk|spe|2\n|-unboost|p1b: Muk|spa|1\n|upkeep\n|turn|14\n|\n|t:|1776563333\n|move|p2a: Calyrex|Taunt|p1b: Muk\n|-start|p1b: Muk|move: Taunt\n|cant|p1b: Muk|slp\n|\n|-ability|p1b: Muk|Moody|boost\n|-boost|p1b: Muk|spa|2\n|-unboost|p1b: Muk|spd|1\n|upkeep\n|turn|15\n|\n|t:|1776563347\n|move|p2a: Calyrex|Tera Blast|p1b: Muk|[anim] Tera Blast Fighting\n|-damage|p1b: Muk|69/100 slp\n|-curestatus|p1b: Muk|slp|[msg]\n|move|p1b: Muk|Poison Jab|p2a: Calyrex\n|-crit|p2a: Calyrex\n|-enditem|p2a: Calyrex|Focus Sash\n|-damage|p2a: Calyrex|1/100\n|-status|p2a: Calyrex|psn\n|\n|-heal|p1b: Muk|75/100|[from] item: Leftovers\n|-damage|p2a: Calyrex|0 fnt|[from] psn\n|faint|p2a: Calyrex\n|\n|win|BenSon_A27_Zong\n|raw|BenSon_A27_Zong's rating: 1348 &rarr; <strong>1366</strong><br />(+18 for winning)\n|raw|Hornses's rating: 1320 &rarr; <strong>1302</strong><br />(-18 for losing)\n|l|\u2606BenSon_A27_Zong\n|player|p1|\n|l|\u2606Hornses\n|player|p2|\n","uploadtime":1776563511,"views":6,"formatid":"gen9vgc2026regi","rating":1302,"private":0,"password":null}