{"id":"gen9vgc2026regi-2586921113","format":"[Gen 9] VGC 2026 Reg I","players":["Luca8","inf31415926"],"log":"|j|\u2606Luca8\n|j|\u2606inf31415926\n|t:|1776471980\n|gametype|doubles\n|player|p1|Luca8|flint|1454\n|player|p2|inf31415926|cynthia|1385\n|gen|9\n|tier|[Gen 9] VGC 2026 Reg I\n|rated|\n|rule|Species Clause: Limit one of each Pok\u00e9mon\n|rule|Item Clause: Limit 1 of each item\n|clearpoke\n|poke|p1|Zamazenta-*, L50|\n|poke|p1|Indeedee-F, L50, F|\n|poke|p1|Torkoal, L50, M|\n|poke|p1|Calyrex-Shadow, L50|\n|poke|p1|Pelipper, L50, F|\n|poke|p1|Tornadus, L50, M|\n|poke|p2|Lunala, L50|\n|poke|p2|Miraidon, L50|\n|poke|p2|Azumarill, L50, F|\n|poke|p2|Slither Wing, L50|\n|poke|p2|Torkoal, L50, M|\n|poke|p2|Pelipper, L50, F|\n|teampreview|4\n|inactive|Battle timer is ON: inactive players will automatically lose when time's up. (requested by inf31415926)\n|\n|t:|1776472005\n|teamsize|p1|4\n|teamsize|p2|4\n|start\n|switch|p1a: Indeedee|Indeedee-F, L50, F|100/100\n|switch|p1b: Calyrex|Calyrex-Shadow, L50|100/100\n|switch|p2a: \u7ea2\u84dd\u6731\u7d2b\u857e\u51a0\u738b\u592a\u4e50\u5df4\u6208\u65af\u7269\u6297\u6740\u624b|Lunala, L50|100/100\n|switch|p2b: Pelipper|Pelipper, L50, F, shiny|100/100\n|-ability|p1b: Calyrex|As One\n|-ability|p1b: Calyrex|Unnerve\n|-fieldstart|move: Psychic Terrain|[from] ability: Psychic Surge|[of] p1a: Indeedee\n|-weather|RainDance|[from] ability: Drizzle|[of] p2b: Pelipper\n|turn|1\n|inactive|Luca8 has 30 seconds left.\n|inactive|Luca8 has 20 seconds left.\n|\n|t:|1776472042\n|-terastallize|p1b: Calyrex|Normal\n|move|p2b: Pelipper|Wide Guard|p2b: Pelipper\n|-singleturn|p2b: Pelipper|Wide Guard\n|move|p1b: Calyrex|Shadow Ball|p2a: \u7ea2\u84dd\u6731\u7d2b\u857e\u51a0\u738b\u592a\u4e50\u5df4\u6208\u65af\u7269\u6297\u6740\u624b\n|-supereffective|p2a: \u7ea2\u84dd\u6731\u7d2b\u857e\u51a0\u738b\u592a\u4e50\u5df4\u6208\u65af\u7269\u6297\u6740\u624b\n|-damage|p2a: \u7ea2\u84dd\u6731\u7d2b\u857e\u51a0\u738b\u592a\u4e50\u5df4\u6208\u65af\u7269\u6297\u6740\u624b|19/100\n|move|p1a: Indeedee|Psychic|p2b: Pelipper\n|-damage|p2b: Pelipper|66/100\n|move|p2a: \u7ea2\u84dd\u6731\u7d2b\u857e\u51a0\u738b\u592a\u4e50\u5df4\u6208\u65af\u7269\u6297\u6740\u624b|Trick Room|p2a: \u7ea2\u84dd\u6731\u7d2b\u857e\u51a0\u738b\u592a\u4e50\u5df4\u6208\u65af\u7269\u6297\u6740\u624b\n|-fieldstart|move: Trick Room|[of] p2a: \u7ea2\u84dd\u6731\u7d2b\u857e\u51a0\u738b\u592a\u4e50\u5df4\u6208\u65af\u7269\u6297\u6740\u624b\n|\n|-weather|RainDance|[upkeep]\n|upkeep\n|turn|2\n|inactive|inf31415926 has 30 seconds left.\n|inactive|inf31415926 has 20 seconds left.\n|\n|t:|1776472078\n|-terastallize|p2a: \u7ea2\u84dd\u6731\u7d2b\u857e\u51a0\u738b\u592a\u4e50\u5df4\u6208\u65af\u7269\u6297\u6740\u624b|Normal\n|move|p1b: Calyrex|Protect|p1b: Calyrex\n|-singleturn|p1b: Calyrex|Protect\n|move|p2b: Pelipper|Wide Guard|p2b: Pelipper\n|-singleturn|p2b: Pelipper|Wide Guard\n|move|p2a: \u7ea2\u84dd\u6731\u7d2b\u857e\u51a0\u738b\u592a\u4e50\u5df4\u6208\u65af\u7269\u6297\u6740\u624b|Moonblast|p1b: Calyrex\n|-activate|p1b: Calyrex|move: Protect\n|move|p1a: Indeedee|Psychic|p2a: \u7ea2\u84dd\u6731\u7d2b\u857e\u51a0\u738b\u592a\u4e50\u5df4\u6208\u65af\u7269\u6297\u6740\u624b\n|-damage|p2a: \u7ea2\u84dd\u6731\u7d2b\u857e\u51a0\u738b\u592a\u4e50\u5df4\u6208\u65af\u7269\u6297\u6740\u624b|0 fnt\n|faint|p2a: \u7ea2\u84dd\u6731\u7d2b\u857e\u51a0\u738b\u592a\u4e50\u5df4\u6208\u65af\u7269\u6297\u6740\u624b\n|\n|-weather|RainDance|[upkeep]\n|upkeep\n|\n|t:|1776472095\n|switch|p2a: Torkoal|Torkoal, L50, M|100/100\n|-weather|SunnyDay|[from] ability: Drought|[of] p2a: Torkoal\n|turn|3\n|\n|t:|1776472110\n|switch|p1b: Pelipper|Pelipper, L50, F|100/100\n|-weather|RainDance|[from] ability: Drizzle|[of] p1b: Pelipper\n|move|p2a: Torkoal|Eruption|p1a: Indeedee|[spread] p1a,p1b\n|-resisted|p1b: Pelipper\n|-damage|p1a: Indeedee|72/100\n|-damage|p1b: Pelipper|81/100\n|-damage|p2a: Torkoal|91/100|[from] item: Life Orb\n|move|p2b: Pelipper|Weather Ball|p1b: Pelipper\n|-resisted|p1b: Pelipper\n|-damage|p1b: Pelipper|45/100\n|move|p1a: Indeedee|Psychic|p2a: Torkoal\n|-damage|p2a: Torkoal|31/100\n|-unboost|p2a: Torkoal|spd|1\n|\n|-weather|RainDance|[upkeep]\n|upkeep\n|turn|4\n|l|\u2606Luca8\n|inactive|Luca8 disconnected and has a minute to reconnect!\n|player|p1|\n|inactive|Luca8 has 30 seconds left.\n|inactive|Luca8 has 20 seconds left.\n|j|\u2606Luca8\n|inactive|Luca8 reconnected and has 20 seconds left.\n|player|p1|Luca8|flint|\n|inactive|Luca8 has 15 seconds left.\n|inactive|Luca8 has 10 seconds left.\n|\n|t:|1776472158\n|move|p2a: Torkoal|Weather Ball|p1a: Indeedee\n|-crit|p1a: Indeedee\n|-damage|p1a: Indeedee|0 fnt\n|faint|p1a: Indeedee\n|-damage|p2a: Torkoal|22/100|[from] item: Life Orb\n|move|p2b: Pelipper|Hurricane|p1b: Pelipper\n|-damage|p1b: Pelipper|0 fnt\n|faint|p1b: Pelipper\n|\n|-weather|RainDance|[upkeep]\n|upkeep\n|\n|t:|1776472178\n|switch|p1b: Zamazenta|Zamazenta-Crowned, L50|100/100\n|switch|p1a: Calyrex|Calyrex-Shadow, L50, tera:Normal|100/100\n|-ability|p1a: Calyrex|As One\n|-ability|p1a: Calyrex|Unnerve\n|-ability|p1b: Zamazenta|Dauntless Shield|boost\n|-boost|p1b: Zamazenta|def|1\n|turn|5\n|\n|t:|1776472199\n|move|p1b: Zamazenta|Protect|p1b: Zamazenta\n|-singleturn|p1b: Zamazenta|Protect\n|move|p1a: Calyrex|Protect|p1a: Calyrex\n|-singleturn|p1a: Calyrex|Protect\n|move|p2a: Torkoal|Earth Power|p1b: Zamazenta\n|-activate|p1b: Zamazenta|move: Protect\n|move|p2b: Pelipper|Weather Ball|p1b: Zamazenta\n|-activate|p1b: Zamazenta|move: Protect\n|\n|-weather|RainDance|[upkeep]\n|-fieldend|move: Trick Room\n|-fieldend|move: Psychic Terrain\n|upkeep\n|turn|6\n|\n|t:|1776472218\n|move|p2b: Pelipper|Wide Guard|p2b: Pelipper\n|-singleturn|p2b: Pelipper|Wide Guard\n|move|p1a: Calyrex|Shadow Ball|p2b: Pelipper\n|-damage|p2b: Pelipper|21/100\n|move|p1b: Zamazenta|Body Press|p2a: Torkoal\n|-damage|p2a: Torkoal|0 fnt\n|faint|p2a: Torkoal\n|\n|-weather|RainDance|[upkeep]\n|upkeep\n|\n|t:|1776472228\n|switch|p2a: \u767d\u9a6c\u738b\u6c34\u6708\u718a\u7269\u6297\u6740\u624b|Azumarill, L50, F, shiny|100/100\n|turn|7\n|\n|t:|1776472245\n|move|p2b: Pelipper|Protect||[still]\n|-fail|p2b: Pelipper\n|move|p2a: \u767d\u9a6c\u738b\u6c34\u6708\u718a\u7269\u6297\u6740\u624b|Aqua Jet|p1a: Calyrex\n|-damage|p1a: Calyrex|31/100\n|move|p1a: Calyrex|Shadow Ball|p2b: Pelipper\n|-damage|p2b: Pelipper|0 fnt\n|faint|p2b: Pelipper\n|-ability|p1a: Calyrex|Grim Neigh|boost\n|-boost|p1a: Calyrex|spa|1\n|move|p1b: Zamazenta|Body Press|p2a: \u767d\u9a6c\u738b\u6c34\u6708\u718a\u7269\u6297\u6740\u624b\n|-resisted|p2a: \u767d\u9a6c\u738b\u6c34\u6708\u718a\u7269\u6297\u6740\u624b\n|-damage|p2a: \u767d\u9a6c\u738b\u6c34\u6708\u718a\u7269\u6297\u6740\u624b|66/100\n|\n|-weather|none\n|upkeep\n|turn|8\n|\n|t:|1776472263\n|move|p1a: Calyrex|Protect|p1a: Calyrex\n|-singleturn|p1a: Calyrex|Protect\n|move|p2a: \u767d\u9a6c\u738b\u6c34\u6708\u718a\u7269\u6297\u6740\u624b|Aqua Jet|p1a: Calyrex\n|-activate|p1a: Calyrex|move: Protect\n|move|p1b: Zamazenta|Body Press|p2a: \u767d\u9a6c\u738b\u6c34\u6708\u718a\u7269\u6297\u6740\u624b\n|-resisted|p2a: \u767d\u9a6c\u738b\u6c34\u6708\u718a\u7269\u6297\u6740\u624b\n|-damage|p2a: \u767d\u9a6c\u738b\u6c34\u6708\u718a\u7269\u6297\u6740\u624b|36/100\n|\n|upkeep\n|turn|9\n|\n|t:|1776472277\n|move|p2a: \u767d\u9a6c\u738b\u6c34\u6708\u718a\u7269\u6297\u6740\u624b|Aqua Jet|p1a: Calyrex\n|-damage|p1a: Calyrex|0 fnt\n|faint|p1a: Calyrex\n|move|p1b: Zamazenta|Body Press|p2a: \u767d\u9a6c\u738b\u6c34\u6708\u718a\u7269\u6297\u6740\u624b\n|-resisted|p2a: \u767d\u9a6c\u738b\u6c34\u6708\u718a\u7269\u6297\u6740\u624b\n|-damage|p2a: \u767d\u9a6c\u738b\u6c34\u6708\u718a\u7269\u6297\u6740\u624b|6/100\n|\n|upkeep\n|turn|10\n|\n|t:|1776472286\n|move|p2a: \u767d\u9a6c\u738b\u6c34\u6708\u718a\u7269\u6297\u6740\u624b|Aqua Jet|p1b: Zamazenta\n|-damage|p1b: Zamazenta|85/100\n|move|p1b: Zamazenta|Body Press|p2a: \u767d\u9a6c\u738b\u6c34\u6708\u718a\u7269\u6297\u6740\u624b\n|-resisted|p2a: \u767d\u9a6c\u738b\u6c34\u6708\u718a\u7269\u6297\u6740\u624b\n|-damage|p2a: \u767d\u9a6c\u738b\u6c34\u6708\u718a\u7269\u6297\u6740\u624b|0 fnt\n|faint|p2a: \u767d\u9a6c\u738b\u6c34\u6708\u718a\u7269\u6297\u6740\u624b\n|\n|win|Luca8\n|raw|Luca8's rating: 1454 &rarr; <strong>1470</strong><br />(+16 for winning)\n|raw|inf31415926's rating: 1385 &rarr; <strong>1369</strong><br />(-16 for losing)\n|l|\u2606inf31415926\n|player|p2|\n|l|\u2606Luca8\n|player|p1|\n|j|\u2606Luca8\n|player|p1|Luca8|flint|\n|l|\u2606Luca8\n|player|p1|\n","uploadtime":1776472475,"views":14,"formatid":"gen9vgc2026regi","rating":1369,"private":0,"password":null}