{"id":"gen9vgc2026regi-2529342058","format":"[Gen 9] VGC 2026 Reg I","players":["mosca9876","ky123456"],"log":"|j|\u2606mosca9876\n|j|\u2606ky123456\n|t:|1769776299\n|gametype|doubles\n|player|p1|mosca9876|266|1367\n|player|p2|ky123456|cynthia-gen4|1458\n|gen|9\n|tier|[Gen 9] VGC 2026 Reg I\n|rated|\n|rule|Species Clause: Limit one of each Pok\u00e9mon\n|rule|Item Clause: Limit 1 of each item\n|clearpoke\n|poke|p1|Calyrex-Shadow, L50|\n|poke|p1|Terapagos, L50, M|\n|poke|p1|Iron Hands, L50|\n|poke|p1|Chi-Yu, L50|\n|poke|p1|Smeargle, L50, F|\n|poke|p1|Whimsicott, L50, F|\n|poke|p2|Calyrex-Shadow, L50|\n|poke|p2|Zamazenta-*, L50|\n|poke|p2|Roaring Moon, L50|\n|poke|p2|Maushold, L50|\n|poke|p2|Weezing, L50, M|\n|poke|p2|Amoonguss, L50, M|\n|teampreview|4\n|\n|t:|1769776330\n|teamsize|p1|4\n|teamsize|p2|4\n|start\n|switch|p1a: BreakMyHeart|Chi-Yu, L50|100/100\n|switch|p1b: DontStartNow|Whimsicott, L50, F|100/100\n|switch|p2a: Zamazenta|Zamazenta-Crowned, L50|100/100\n|switch|p2b: Roaring Moon|Roaring Moon, L50|100/100\n|-ability|p1a: BreakMyHeart|Beads of Ruin\n|-ability|p2a: Zamazenta|Dauntless Shield|boost\n|-boost|p2a: Zamazenta|def|1\n|-enditem|p2b: Roaring Moon|Booster Energy\n|-activate|p2b: Roaring Moon|ability: Protosynthesis|[fromitem]\n|-start|p2b: Roaring Moon|protosynthesisspe\n|turn|1\n|\n|t:|1769776352\n|-terastallize|p2a: Zamazenta|Dragon\n|move|p1b: DontStartNow|Tailwind|p1b: DontStartNow\n|-sidestart|p1: mosca9876|move: Tailwind\n|move|p1a: BreakMyHeart|Overheat|p2a: Zamazenta\n|-resisted|p2a: Zamazenta\n|-damage|p2a: Zamazenta|67/100\n|-unboost|p1a: BreakMyHeart|spa|2\n|move|p2b: Roaring Moon|Tailwind|p2b: Roaring Moon\n|-sidestart|p2: ky123456|move: Tailwind\n|move|p2a: Zamazenta|Heavy Slam|p1b: DontStartNow\n|-supereffective|p1b: DontStartNow\n|-damage|p1b: DontStartNow|0 fnt\n|faint|p1b: DontStartNow\n|\n|upkeep\n|\n|t:|1769776357\n|switch|p1b: PrettyPlease|Smeargle, L50, F|100/100\n|turn|2\n|j| riyuezi\n|\n|t:|1769776371\n|switch|p1a: Hallucinate|Terapagos, L50, M|100/100\n|-activate|p1a: Hallucinate|ability: Tera Shift\n|detailschange|p1a: Hallucinate|Terapagos-Terastal, L50, M\n|-heal|p1a: Hallucinate|100/100|[silent]\n|move|p1b: PrettyPlease|Fake Out|p2a: Zamazenta\n|-damage|p2a: Zamazenta|65/100\n|move|p2b: Roaring Moon|Taunt|p1b: PrettyPlease\n|-start|p1b: PrettyPlease|move: Taunt\n|cant|p2a: Zamazenta|flinch\n|\n|-ability|p1b: PrettyPlease|Moody|boost\n|-boost|p1b: PrettyPlease|def|2\n|-unboost|p1b: PrettyPlease|spd|1\n|upkeep\n|turn|3\n|\n|t:|1769776396\n|switch|p1b: BreakMyHeart|Chi-Yu, L50|100/100\n|-ability|p1b: BreakMyHeart|Beads of Ruin\n|move|p2b: Roaring Moon|Knock Off|p1a: Hallucinate\n|-activate|p1a: Hallucinate|ability: Tera Shell\n|-resisted|p1a: Hallucinate\n|-damage|p1a: Hallucinate|77/100\n|-enditem|p1a: Hallucinate|Choice Specs|[from] move: Knock Off|[of] p2b: Roaring Moon\n|move|p2a: Zamazenta|Body Press|p1a: Hallucinate\n|-supereffective|p1a: Hallucinate\n|-crit|p1a: Hallucinate\n|-damage|p1a: Hallucinate|0 fnt\n|faint|p1a: Hallucinate\n|\n|upkeep\n|\n|t:|1769776406\n|switch|p1a: PrettyPlease|Smeargle, L50, F|100/100\n|turn|4\n|\n|t:|1769776416\n|-terastallize|p1b: BreakMyHeart|Water\n|move|p1a: PrettyPlease|Fake Out|p2b: Roaring Moon\n|-damage|p2b: Roaring Moon|94/100\n|cant|p2b: Roaring Moon|flinch\n|move|p1b: BreakMyHeart|Heat Wave|p2a: Zamazenta|[spread] p2a,p2b\n|-resisted|p2a: Zamazenta\n|-resisted|p2b: Roaring Moon\n|-damage|p2a: Zamazenta|47/100\n|-damage|p2b: Roaring Moon|68/100\n|move|p2a: Zamazenta|Body Press|p1b: BreakMyHeart\n|-damage|p1b: BreakMyHeart|0 fnt\n|faint|p1b: BreakMyHeart\n|\n|-sideend|p1: mosca9876|move: Tailwind\n|-sideend|p2: ky123456|move: Tailwind\n|-ability|p1a: PrettyPlease|Moody|boost\n|-boost|p1a: PrettyPlease|def|2\n|-unboost|p1a: PrettyPlease|spd|1\n|upkeep\n|turn|5\n|-message|mosca9876 forfeited.\n|\n|win|ky123456\n|raw|mosca9876's rating: 1367 &rarr; <strong>1352</strong><br />(-15 for losing)\n|raw|ky123456's rating: 1458 &rarr; <strong>1473</strong><br />(+15 for winning)\n|l|\u2606mosca9876\n|player|p1|\n|l| riyuezi\n|l|\u2606ky123456\n|player|p2|\n","uploadtime":1769776695,"views":12,"formatid":"gen9vgc2026regi","rating":1352,"private":0,"password":null}