{"id":"gen9vgc2026regi-2557942324","format":"[Gen 9] VGC 2026 Reg I","players":["ItsE-Teddy","ArisHazard"],"log":"|j|\u2606ItsE-Teddy\n|j|\u2606ArisHazard\n|t:|1773377308\n|gametype|doubles\n|player|p1|ItsE-Teddy|pokefan|1292\n|player|p2|ArisHazard|169|1399\n|gen|9\n|tier|[Gen 9] VGC 2026 Reg I\n|rated|\n|rule|Species Clause: Limit one of each Pok\u00e9mon\n|rule|Item Clause: Limit 1 of each item\n|clearpoke\n|poke|p1|Tornadus, L50, M|\n|poke|p1|Urshifu-*, L50, M|\n|poke|p1|Zacian-*, L50|\n|poke|p1|Calyrex-Shadow, L50|\n|poke|p1|Amoonguss, L50, F|\n|poke|p1|Landorus, L50, M|\n|poke|p2|Calyrex-Ice, L50|\n|poke|p2|Hitmontop, L50, M|\n|poke|p2|Miraidon, L50|\n|poke|p2|Sableye, L50, M|\n|poke|p2|Ting-Lu, L50|\n|poke|p2|Iron Valiant, L50|\n|teampreview|4\n|inactive|Battle timer is ON: inactive players will automatically lose when time's up. (requested by ArisHazard)\n|\n|t:|1773377338\n|teamsize|p1|4\n|teamsize|p2|4\n|start\n|switch|p1a: Amoonguss|Amoonguss, L50, F|100/100\n|switch|p1b: Calyrex|Calyrex-Shadow, L50|100/100\n|switch|p2a: Calyrex|Calyrex-Ice, L50|100/100\n|switch|p2b: Hitmontop|Hitmontop, L50, M|100/100\n|-ability|p1b: Calyrex|As One\n|-ability|p1b: Calyrex|Unnerve\n|-ability|p2a: Calyrex|As One\n|-ability|p2a: Calyrex|Unnerve\n|-ability|p2b: Hitmontop|Intimidate|boost\n|-unboost|p1a: Amoonguss|atk|1\n|-unboost|p1b: Calyrex|atk|1\n|turn|1\n|\n|t:|1773377361\n|-terastallize|p1a: Amoonguss|Water\n|move|p2a: Calyrex|Protect|p2a: Calyrex\n|-singleturn|p2a: Calyrex|Protect\n|move|p1b: Calyrex|Astral Barrage|p2a: Calyrex|[spread] p2b\n|-activate|p2a: Calyrex|move: Protect\n|-damage|p2b: Hitmontop|50/100\n|move|p2b: Hitmontop|Coaching|p2a: Calyrex\n|-boost|p2a: Calyrex|atk|1\n|-boost|p2a: Calyrex|def|1\n|move|p1a: Amoonguss|Spore|p2a: Calyrex\n|-activate|p2a: Calyrex|move: Protect\n|\n|upkeep\n|turn|2\n|\n|t:|1773377383\n|switch|p2b: Miraidon|Miraidon, L50|100/100\n|-fieldstart|move: Electric Terrain|[from] ability: Hadron Engine|[of] p2b: Miraidon\n|-terastallize|p2a: Calyrex|Fire\n|move|p1b: Calyrex|Astral Barrage|p2a: Calyrex|[spread] p2a,p2b\n|-damage|p2a: Calyrex|63/100\n|-damage|p2b: Miraidon|67/100\n|move|p2a: Calyrex|Glacial Lance|p1a: Amoonguss|[spread] p1a,p1b\n|-resisted|p1a: Amoonguss\n|-damage|p1a: Amoonguss|67/100\n|-enditem|p1b: Calyrex|Focus Sash\n|-damage|p1b: Calyrex|1/100\n|move|p1a: Amoonguss|Pollen Puff|p2a: Calyrex\n|-resisted|p2a: Calyrex\n|-damage|p2a: Calyrex|56/100\n|\n|upkeep\n|turn|3\n|\n|t:|1773377407\n|move|p1a: Amoonguss|Protect|p1a: Amoonguss\n|-singleturn|p1a: Amoonguss|Protect\n|move|p1b: Calyrex|Astral Barrage|p2a: Calyrex|[spread] p2a,p2b\n|-damage|p2a: Calyrex|21/100\n|-damage|p2b: Miraidon|33/100\n|move|p2b: Miraidon|Volt Switch|p1a: Amoonguss\n|-activate|p1a: Amoonguss|move: Protect\n|move|p2a: Calyrex|Glacial Lance|p1a: Amoonguss|[spread] p1b\n|-activate|p1a: Amoonguss|move: Protect\n|-damage|p1b: Calyrex|0 fnt\n|faint|p1b: Calyrex\n|-ability|p2a: Calyrex|Chilling Neigh|boost\n|-boost|p2a: Calyrex|atk|1\n|\n|upkeep\n|\n|t:|1773377427\n|switch|p1b: Zacian|Zacian-Crowned, L50|100/100\n|-ability|p1b: Zacian|Intrepid Sword|boost\n|-boost|p1b: Zacian|atk|1\n|turn|4\n|inactive|ItsE-Teddy has 30 seconds left.\n|inactive|ItsE-Teddy has 20 seconds left.\n|inactive|ItsE-Teddy has 15 seconds left.\n|\n|t:|1773377471\n|move|p2a: Calyrex|Protect|p2a: Calyrex\n|-singleturn|p2a: Calyrex|Protect\n|move|p1b: Zacian|Play Rough|p2b: Miraidon\n|-supereffective|p2b: Miraidon\n|-damage|p2b: Miraidon|0 fnt\n|faint|p2b: Miraidon\n|move|p1a: Amoonguss|Pollen Puff|p1b: Zacian\n|\n|upkeep\n|\n|t:|1773377481\n|switch|p2b: Hitmontop|Hitmontop, L50, M|50/100\n|-ability|p2b: Hitmontop|Intimidate|boost\n|-unboost|p1a: Amoonguss|atk|1\n|-unboost|p1b: Zacian|atk|1\n|turn|5\n|\n|t:|1773377504\n|switch|p2b: Sableye|Sableye, L50, M|100/100\n|move|p1b: Zacian|Protect|p1b: Zacian\n|-singleturn|p1b: Zacian|Protect\n|move|p1a: Amoonguss|Protect|p1a: Amoonguss\n|-singleturn|p1a: Amoonguss|Protect\n|move|p2a: Calyrex|Trick Room|p2a: Calyrex\n|-fieldstart|move: Trick Room|[of] p2a: Calyrex\n|\n|upkeep\n|turn|6\n|\n|t:|1773377518\n|move|p1a: Amoonguss|Rage Powder|p1a: Amoonguss\n|-singleturn|p1a: Amoonguss|move: Rage Powder\n|move|p2b: Sableye|Encore|p1a: Amoonguss\n|-start|p1a: Amoonguss|Encore\n|move|p2a: Calyrex|Glacial Lance|p1b: Zacian|[spread] p1a,p1b\n|-resisted|p1a: Amoonguss\n|-resisted|p1b: Zacian\n|-damage|p1a: Amoonguss|23/100\n|-damage|p1b: Zacian|46/100\n|move|p1b: Zacian|Sacred Sword|p2a: Calyrex\n|-damage|p2a: Calyrex|0 fnt\n|faint|p2a: Calyrex\n|\n|-fieldend|move: Electric Terrain\n|upkeep\n|inactive|ArisHazard has 30 seconds left.\n|\n|t:|1773377547\n|switch|p2a: Hitmontop|Hitmontop, L50, M|50/100\n|-ability|p2a: Hitmontop|Intimidate|boost\n|-unboost|p1a: Amoonguss|atk|1\n|-unboost|p1b: Zacian|atk|1\n|turn|7\n|inactive|ArisHazard has 30 seconds left.\n|\n|t:|1773377576\n|switch|p1b: Landorus|Landorus, L50, M|100/100\n|move|p2a: Hitmontop|Fake Out|p1b: Landorus\n|-damage|p1b: Landorus|90/100\n|move|p1a: Amoonguss|Rage Powder|p1a: Amoonguss\n|-singleturn|p1a: Amoonguss|move: Rage Powder\n|move|p2b: Sableye|Foul Play|p1a: Amoonguss\n|-damage|p1a: Amoonguss|15/100\n|-damage|p2b: Sableye|84/100|[from] item: Rocky Helmet|[of] p1a: Amoonguss\n|\n|upkeep\n|turn|8\n|-message|ArisHazard forfeited.\n|\n|win|ItsE-Teddy\n|raw|ItsE-Teddy's rating: 1292 &rarr; <strong>1324</strong><br />(+32 for winning)\n|raw|ArisHazard's rating: 1399 &rarr; <strong>1373</strong><br />(-26 for losing)\n|l|\u2606ArisHazard\n|player|p2|\n|l|\u2606ItsE-Teddy\n|player|p1|\n","uploadtime":1773377850,"views":13,"formatid":"gen9vgc2026regi","rating":1324,"private":0,"password":null}