{"id":"gen9vgc2026regi-2568305280","format":"[Gen 9] VGC 2026 Reg I","players":["D4RKEVA","renlovgc"],"log":"|j|\u2606D4RKEVA\n|j|\u2606renlovgc\n|t:|1774564673\n|gametype|doubles\n|player|p1|D4RKEVA|102|1487\n|player|p2|renlovgc|102|1613\n|gen|9\n|tier|[Gen 9] VGC 2026 Reg I\n|rated|\n|rule|Species Clause: Limit one of each Pok\u00e9mon\n|rule|Item Clause: Limit 1 of each item\n|clearpoke\n|poke|p1|Lunala, L50|\n|poke|p1|Koraidon, L50|\n|poke|p1|Flutter Mane, L50|\n|poke|p1|Brute Bonnet, L50|\n|poke|p1|Chi-Yu, L50|\n|poke|p1|Ursaluna, L50, F|\n|poke|p2|Kyogre, L50|\n|poke|p2|Landorus, L50, M|\n|poke|p2|Zamazenta-*, L50|\n|poke|p2|Urshifu-*, L50, F|\n|poke|p2|Amoonguss, L50, F|\n|poke|p2|Incineroar, L50, M|\n|teampreview|4\n|inactive|Battle timer is ON: inactive players will automatically lose when time's up. (requested by renlovgc)\nD4RKEVA rejected open team sheets.\n|inactive|D4RKEVA has 60 seconds left.\n|inactive|renlovgc has 60 seconds left.\n|\n|t:|1774564723\n|teamsize|p1|4\n|teamsize|p2|4\n|start\n|switch|p1a: Flutter Mane|Flutter Mane, L50|100/100\n|switch|p1b: Chi-Yu|Chi-Yu, L50|100/100\n|switch|p2a: Incineroar|Incineroar, L50, M|100/100\n|switch|p2b: Landorus|Landorus, L50, M|100/100\n|-ability|p1b: Chi-Yu|Beads of Ruin\n|-ability|p2a: Incineroar|Intimidate|boost\n|-unboost|p1a: Flutter Mane|atk|1\n|-unboost|p1b: Chi-Yu|atk|1\n|turn|1\n|inactive|D4RKEVA has 30 seconds left.\n|inactive|renlovgc has 30 seconds left.\n|inactive|D4RKEVA has 20 seconds left.\n|inactive|renlovgc has 20 seconds left.\n|\n|t:|1774564761\n|switch|p1b: Brute Bonnie|Brute Bonnet, L50|100/100\n|switch|p2a: Kyogre|Kyogre, L50|100/100\n|-weather|RainDance|[from] ability: Drizzle|[of] p2a: Kyogre\n|-terastallize|p2b: Landorus|Water\n|move|p1a: Flutter Mane|Icy Wind|p2b: Landorus|[spread] p2a,p2b\n|-resisted|p2a: Kyogre\n|-resisted|p2b: Landorus\n|-damage|p2a: Kyogre|98/100\n|-damage|p2b: Landorus|94/100\n|-unboost|p2a: Kyogre|spe|1\n|-unboost|p2b: Landorus|spe|1\n|move|p2b: Landorus|Sandsear Storm|p1a: Flutter Mane|[spread] p1a,p1b\n|-resisted|p1b: Brute Bonnie\n|-damage|p1a: Flutter Mane|38/100\n|-damage|p1b: Brute Bonnie|79/100\n|\n|-weather|RainDance|[upkeep]\n|upkeep\n|turn|2\n|inactive|D4RKEVA has 30 seconds left.\n|inactive|D4RKEVA has 20 seconds left.\n|inactive|D4RKEVA has 15 seconds left.\n|j| Therazer456\n|inactive|D4RKEVA has 10 seconds left.\n|\n|t:|1774564807\n|switch|p2a: Incineroar|Incineroar, L50, M|100/100\n|-ability|p2a: Incineroar|Intimidate|boost\n|-unboost|p1a: Flutter Mane|atk|1\n|-unboost|p1b: Brute Bonnie|atk|1\n|-terastallize|p1b: Brute Bonnie|Water\n|move|p2b: Landorus|Protect|p2b: Landorus\n|-singleturn|p2b: Landorus|Protect\n|move|p1a: Flutter Mane|Icy Wind|p2b: Landorus|[spread] p2a\n|-activate|p2b: Landorus|move: Protect\n|-resisted|p2a: Incineroar\n|-damage|p2a: Incineroar|94/100\n|-unboost|p2a: Incineroar|spe|1\n|move|p1b: Brute Bonnie|Spore|p2b: Landorus\n|-activate|p2b: Landorus|move: Protect\n|\n|-weather|RainDance|[upkeep]\n|upkeep\n|turn|3\n|inactive|D4RKEVA has 30 seconds left.\n|inactive|renlovgc has 30 seconds left.\n|inactive|renlovgc has 20 seconds left.\n|inactive|D4RKEVA has 20 seconds left.\n|inactive|renlovgc has 15 seconds left.\n|inactive|renlovgc has 10 seconds left.\n|\n|t:|1774564855\n|move|p1a: Flutter Mane|Icy Wind|p2a: Incineroar|[spread] p2a,p2b\n|-resisted|p2a: Incineroar\n|-resisted|p2b: Landorus\n|-damage|p2a: Incineroar|88/100\n|-damage|p2b: Landorus|86/100\n|-unboost|p2a: Incineroar|spe|1\n|-unboost|p2b: Landorus|spe|1\n|move|p1b: Brute Bonnie|Spore|p2b: Landorus\n|-status|p2b: Landorus|slp|[from] move: Spore\n|cant|p2b: Landorus|slp\n|move|p2a: Incineroar|Will-O-Wisp|p1b: Brute Bonnie|[miss]\n|-miss|p2a: Incineroar|p1b: Brute Bonnie\n|\n|-weather|RainDance|[upkeep]\n|upkeep\n|turn|4\n|inactive|D4RKEVA has 30 seconds left.\n|inactive|renlovgc has 30 seconds left.\n|inactive|renlovgc has 20 seconds left.\n|inactive|renlovgc has 15 seconds left.\n|inactive|renlovgc has 10 seconds left.\n|\n|t:|1774564905\n|switch|p2b: Zamazenta|Zamazenta-Crowned, L50|100/100\n|-ability|p2b: Zamazenta|Dauntless Shield|boost\n|-boost|p2b: Zamazenta|def|1\n|move|p1a: Flutter Mane|Moonblast|p2b: Zamazenta\n|-damage|p2b: Zamazenta|60/100\n|move|p1b: Brute Bonnie|Seed Bomb|p2b: Zamazenta\n|-resisted|p2b: Zamazenta\n|-damage|p2b: Zamazenta|56/100\n|move|p2a: Incineroar|Will-O-Wisp|p1b: Brute Bonnie\n|-status|p1b: Brute Bonnie|brn\n|\n|-weather|RainDance|[upkeep]\n|-damage|p1b: Brute Bonnie|73/100 brn|[from] brn\n|upkeep\n|turn|5\n|\n|t:|1774564927\n|move|p1a: Flutter Mane|Protect|p1a: Flutter Mane\n|-singleturn|p1a: Flutter Mane|Protect\n|move|p2b: Zamazenta|Protect|p2b: Zamazenta\n|-singleturn|p2b: Zamazenta|Protect\n|move|p1b: Brute Bonnie|Spore|p2b: Zamazenta\n|-activate|p2b: Zamazenta|move: Protect\n|move|p2a: Incineroar|Knock Off|p1a: Flutter Mane\n|-activate|p1a: Flutter Mane|move: Protect\n|\n|-weather|none\n|-damage|p1b: Brute Bonnie|67/100 brn|[from] brn\n|upkeep\n|turn|6\n|\n|t:|1774564945\n|switch|p2b: Landorus|Landorus, L50, M, tera:Water|86/100 slp\n|move|p1a: Flutter Mane|Moonblast|p2b: Landorus\n|-damage|p2b: Landorus|38/100 slp\n|move|p1b: Brute Bonnie|Spore|p2b: Landorus\n|-fail|p2b: Landorus|slp\n|move|p2a: Incineroar|Knock Off|p1a: Flutter Mane\n|-damage|p1a: Flutter Mane|0 fnt\n|-enditem|p1a: Flutter Mane|Focus Sash|[from] move: Knock Off|[of] p2a: Incineroar\n|faint|p1a: Flutter Mane\n|-end|p1a: Flutter Mane|Protosynthesis|[silent]\n|\n|-damage|p1b: Brute Bonnie|61/100 brn|[from] brn\n|upkeep\n|\n|t:|1774564959\n|switch|p1a: Chi-Yu|Chi-Yu, L50|100/100\n|-ability|p1a: Chi-Yu|Beads of Ruin\n|turn|7\n|\n|t:|1774564975\n|switch|p2b: Zamazenta|Zamazenta-Crowned, L50|56/100\n|move|p1a: Chi-Yu|Dark Pulse|p2b: Zamazenta\n|-resisted|p2b: Zamazenta\n|-damage|p2b: Zamazenta|31/100\n|move|p1b: Brute Bonnie|Spore|p2a: Incineroar\n|-activate|p2a: Incineroar|item: Safety Goggles|Spore\n|move|p2a: Incineroar|Parting Shot|p1a: Chi-Yu\n|-unboost|p1a: Chi-Yu|atk|1\n|-unboost|p1a: Chi-Yu|spa|1\n|inactive|renlovgc has 30 seconds left.\n|\n|t:|1774565007\n|switch|p2a: Landorus|Landorus, L50, M, tera:Water|38/100 slp|[from] Parting Shot\n|\n|-damage|p1b: Brute Bonnie|55/100 brn|[from] brn\n|upkeep\n|turn|8\n|\n|t:|1774565031\n|move|p1b: Brute Bonnie|Rage Powder|p1b: Brute Bonnie\n|-singleturn|p1b: Brute Bonnie|move: Rage Powder\n|move|p1a: Chi-Yu|Dark Pulse|p2b: Zamazenta\n|-resisted|p2b: Zamazenta\n|-damage|p2b: Zamazenta|16/100\n|move|p2b: Zamazenta|Body Press|p1b: Brute Bonnie\n|-damage|p1b: Brute Bonnie|25/100 brn\n|-enditem|p1b: Brute Bonnie|Sitrus Berry|[eat]\n|-heal|p1b: Brute Bonnie|50/100 brn|[from] item: Sitrus Berry\n|cant|p2a: Landorus|slp\n|\n|-damage|p1b: Brute Bonnie|43/100 brn|[from] brn\n|upkeep\n|turn|9\n|inactive|D4RKEVA has 30 seconds left.\n|inactive|renlovgc has 30 seconds left.\n|inactive|D4RKEVA has 20 seconds left.\n|inactive|D4RKEVA has 15 seconds left.\n|inactive|D4RKEVA has 10 seconds left.\n|inactive|renlovgc has 20 seconds left.\n|inactive|D4RKEVA has 5 seconds left.\n|\n|t:|1774565081\n|move|p1b: Brute Bonnie|Rage Powder|p1b: Brute Bonnie\n|-singleturn|p1b: Brute Bonnie|move: Rage Powder\n|move|p1a: Chi-Yu|Dark Pulse|p2b: Zamazenta\n|-resisted|p2b: Zamazenta\n|-damage|p2b: Zamazenta|0 fnt\n|faint|p2b: Zamazenta\n|-curestatus|p2a: Landorus|slp|[msg]\n|move|p2a: Landorus|Sandsear Storm|p1b: Brute Bonnie|[spread] p1a,p1b\n|-supereffective|p1a: Chi-Yu\n|-damage|p1a: Chi-Yu|0 fnt\n|-damage|p1b: Brute Bonnie|0 fnt\n|faint|p1a: Chi-Yu\n|faint|p1b: Brute Bonnie\n|-end|p1b: Brute Bonnie|Protosynthesis|[silent]\n|\n|upkeep\n|\n|t:|1774565094\n|switch|p2b: Incineroar|Incineroar, L50, M|88/100\n|switch|p1b: Clydeon|Koraidon, L50|100/100\n|-weather|SunnyDay|[from] ability: Orichalcum Pulse|[of] p1b: Clydeon\n|-activate|p1b: Clydeon|Orichalcum Pulse|[source]\n|-ability|p2b: Incineroar|Intimidate|boost\n|-unboost|p1b: Clydeon|atk|1\n|turn|10\n|\n|t:|1774565108\n|move|p2b: Incineroar|Fake Out|p1b: Clydeon\n|-damage|p1b: Clydeon|91/100\n|cant|p1b: Clydeon|flinch\n|move|p2a: Landorus|Earth Power|p1b: Clydeon\n|-damage|p1b: Clydeon|20/100\n|\n|-weather|SunnyDay|[upkeep]\n|upkeep\n|turn|11\n|-message|D4RKEVA forfeited.\n|\n|win|renlovgc\n|raw|D4RKEVA's rating: 1487 &rarr; <strong>1474</strong><br />(-13 for losing)\n|raw|renlovgc's rating: 1613 &rarr; <strong>1626</strong><br />(+13 for winning)\n|l|\u2606D4RKEVA\n|player|p1|\n|l|\u2606renlovgc\n|player|p2|\n","uploadtime":1774565260,"views":20,"formatid":"gen9vgc2026regi","rating":1474,"private":0,"password":null}