{"id":"gen9vgc2026regi-2516221020","format":"[Gen 9] VGC 2026 Reg I","players":["ludicolouvgc","GrayTree"],"log":"|j|\u2606ludicolouvgc\n|j|\u2606GrayTree\n|t:|1768103502\n|gametype|doubles\n|player|p1|ludicolouvgc|265|1174\n|player|p2|GrayTree|iris-gen5bw2|1116\n|gen|9\n|tier|[Gen 9] VGC 2026 Reg I\n|rated|\n|rule|Species Clause: Limit one of each Pok\u00e9mon\n|rule|Item Clause: Limit 1 of each item\n|clearpoke\n|poke|p1|Terapagos, L50, M|\n|poke|p1|Miraidon, L50|\n|poke|p1|Incineroar, L50, M|\n|poke|p1|Urshifu-*, L50, M|\n|poke|p1|Sinistcha-Masterpiece, L50|\n|poke|p1|Iron Treads, L50|\n|poke|p2|Kyogre, L50|\n|poke|p2|Zamazenta-*, L50|\n|poke|p2|Tsareena, L50, F|\n|poke|p2|Chien-Pao, L50|\n|poke|p2|Tornadus, L50, M|\n|poke|p2|Urshifu-*, L50, M|\n|teampreview|4\n|l|\u2606GrayTree\n|player|p2|\n|inactive|Battle timer is ON: inactive players will automatically lose when time's up. (requested by ludicolouvgc)\n|j|\u2606GrayTree\n|inactive|GrayTree reconnected and has 90 seconds left.\n|player|p2|GrayTree|iris-gen5bw2|\n|\n|t:|1768103563\n|teamsize|p1|4\n|teamsize|p2|4\n|start\n|switch|p1a: Terapagos|Terapagos, L50, M|100/100\n|switch|p1b: Miraidon|Miraidon, L50, shiny|100/100\n|switch|p2a: Kyogre|Kyogre, L50, shiny|100/100\n|switch|p2b: Tornadus|Tornadus, L50, M, shiny|100/100\n|-activate|p1a: Terapagos|ability: Tera Shift\n|detailschange|p1a: Terapagos|Terapagos-Terastal, L50, M\n|-heal|p1a: Terapagos|100/100|[silent]\n|-fieldstart|move: Electric Terrain|[from] ability: Hadron Engine|[of] p1b: Miraidon\n|-enditem|p1a: Terapagos|Electric Seed\n|-boost|p1a: Terapagos|def|1|[from] item: Electric Seed\n|-weather|RainDance|[from] ability: Drizzle|[of] p2a: Kyogre\n|turn|1\n|\n|t:|1768103586\n|-terastallize|p2a: Kyogre|Dragon\n|move|p2b: Tornadus|Tailwind|p2b: Tornadus\n|-sidestart|p2: GrayTree|move: Tailwind\n|move|p2a: Kyogre|Ice Beam|p1b: Miraidon\n|-supereffective|p1b: Miraidon\n|-damage|p1b: Miraidon|51/100\n|move|p1b: Miraidon|Snarl|p2a: Kyogre|[spread] p2a,p2b\n|-damage|p2a: Kyogre|86/100\n|-damage|p2b: Tornadus|84/100\n|-unboost|p2a: Kyogre|spa|1\n|-unboost|p2b: Tornadus|spa|1\n|move|p1a: Terapagos|Calm Mind|p1a: Terapagos\n|-boost|p1a: Terapagos|spa|1\n|-boost|p1a: Terapagos|spd|1\n|\n|-weather|RainDance|[upkeep]\n|upkeep\n|turn|2\n|\n|t:|1768103606\n|switch|p2a: Zamazenta|Zamazenta-Crowned, L50, shiny|100/100\n|-ability|p2a: Zamazenta|Dauntless Shield|boost\n|-boost|p2a: Zamazenta|def|1\n|switch|p2b: Tsareena|Tsareena, L50, F, shiny|100/100\n|move|p1b: Miraidon|Volt Switch|p2b: Tsareena\n|-resisted|p2b: Tsareena\n|-damage|p2b: Tsareena|70/100\n|\n|t:|1768103623\n|switch|p1b: Incineroar|Incineroar, L50, M, shiny|100/100|[from] Volt Switch\n|-ability|p1b: Incineroar|Intimidate|boost\n|-unboost|p2a: Zamazenta|atk|1\n|-unboost|p2b: Tsareena|atk|1\n|move|p1a: Terapagos|Calm Mind|p1a: Terapagos\n|-boost|p1a: Terapagos|spa|1\n|-boost|p1a: Terapagos|spd|1\n|\n|-weather|RainDance|[upkeep]\n|upkeep\n|turn|3\n|inactive|GrayTree has 30 seconds left.\n|inactive|GrayTree has 20 seconds left.\n|\n|t:|1768103663\n|move|p2a: Zamazenta|Iron Defense|p2a: Zamazenta\n|-boost|p2a: Zamazenta|def|2\n|move|p2b: Tsareena|U-turn|p1a: Terapagos\n|-activate|p1a: Terapagos|ability: Tera Shell\n|-resisted|p1a: Terapagos\n|-damage|p1a: Terapagos|95/100\n|\n|t:|1768103672\n|switch|p2b: Kyogre|Kyogre, L50, shiny, tera:Dragon|86/100|[from] U-turn\n|move|p1a: Terapagos|Earth Power|p2a: Zamazenta\n|-supereffective|p2a: Zamazenta\n|-damage|p2a: Zamazenta|35/100\n|move|p1b: Incineroar|Parting Shot|p2a: Zamazenta\n|-unboost|p2a: Zamazenta|atk|1\n|-unboost|p2a: Zamazenta|spa|1\n|\n|t:|1768103681\n|switch|p1b: Sinistcha|Sinistcha-Masterpiece, L50|100/100|[from] Parting Shot\n|-heal|p1a: Terapagos|100/100|[from] ability: Hospitality|[of] p1b: Sinistcha\n|\n|-weather|RainDance|[upkeep]\n|upkeep\n|turn|4\n|\n|t:|1768103709\n|-terastallize|p1a: Terapagos|Stellar\n|detailschange|p1a: Terapagos|Terapagos-Stellar, L50, M, tera:Stellar\n|-heal|p1a: Terapagos|100/100|[silent]\n|-ability|p1a: Terapagos|Teraform Zero\n|-weather|none\n|-fieldend|move: Electric Terrain\n|move|p1b: Sinistcha|Rage Powder|p1b: Sinistcha\n|-singleturn|p1b: Sinistcha|move: Rage Powder\n|move|p2a: Zamazenta|Body Press|p1b: Sinistcha\n|-immune|p1b: Sinistcha\n|move|p2b: Kyogre|Ice Beam|p1b: Sinistcha\n|-supereffective|p1b: Sinistcha\n|-enditem|p1b: Sinistcha|Focus Sash\n|-damage|p1b: Sinistcha|1/100\n|move|p1a: Terapagos|Tera Starstorm|p2a: Zamazenta|[spread] p2a,p2b\n|-supereffective|p2b: Kyogre\n|-damage|p2a: Zamazenta|0 fnt\n|-damage|p2b: Kyogre|0 fnt\n|faint|p2a: Zamazenta\n|faint|p2b: Kyogre\n|\n|-sideend|p2: GrayTree|move: Tailwind\n|upkeep\n|\n|t:|1768103717\n|switch|p2a: Tornadus|Tornadus, L50, M, shiny|84/100\n|switch|p2b: Tsareena|Tsareena, L50, F, shiny|70/100\n|turn|5\n|l|\u2606GrayTree\n|inactive|GrayTree disconnected and has a minute to reconnect!\n|player|p2|\n|inactive|GrayTree has 30 seconds left.\n|j|\u2606GrayTree\n|inactive|GrayTree reconnected and has 30 seconds left.\n|player|p2|GrayTree|iris-gen5bw2|\n|inactive|GrayTree has 20 seconds left.\n|inactive|GrayTree has 15 seconds left.\n|inactive|GrayTree has 10 seconds left.\n|inactive|GrayTree has 5 seconds left.\n|\n|t:|1768103772\n|move|p2a: Tornadus|Protect|p2a: Tornadus\n|-singleturn|p2a: Tornadus|Protect\n|move|p1b: Sinistcha|Rage Powder|p1b: Sinistcha\n|-singleturn|p1b: Sinistcha|move: Rage Powder\n|move|p1a: Terapagos|Tera Starstorm|p2a: Tornadus|[spread] p2b\n|-activate|p2a: Tornadus|move: Protect\n|-damage|p2b: Tsareena|0 fnt\n|faint|p2b: Tsareena\n|\n|upkeep\n|turn|6\n|\n|t:|1768103781\n|switch|p1b: Miraidon|Miraidon, L50, shiny|51/100\n|-fieldstart|move: Electric Terrain|[from] ability: Hadron Engine|[of] p1b: Miraidon\n|move|p2a: Tornadus|Bleakwind Storm|p1b: Miraidon|[spread] p1a,p1b\n|-resisted|p1b: Miraidon\n|-damage|p1a: Terapagos|91/100\n|-damage|p1b: Miraidon|44/100\n|move|p1a: Terapagos|Tera Starstorm|p2a: Tornadus\n|-damage|p2a: Tornadus|11/100\n|\n|upkeep\n|turn|7\n|\n|t:|1768103789\n|move|p1b: Miraidon|Electro Drift|p2a: Tornadus\n|-supereffective|p2a: Tornadus\n|-damage|p2a: Tornadus|0 fnt\n|faint|p2a: Tornadus\n|\n|win|ludicolouvgc\n|raw|ludicolouvgc's rating: 1174 &rarr; <strong>1195</strong><br />(+21 for winning)\n|raw|GrayTree's rating: 1116 &rarr; <strong>1095</strong><br />(-21 for losing)\n|l|\u2606ludicolouvgc\n|player|p1|\n|l|\u2606GrayTree\n|player|p2|\n","uploadtime":1768104171,"views":15,"formatid":"gen9vgc2026regi","rating":1095,"private":0,"password":null}