{"id":"gen9vgc2026regi-2552979518","format":"[Gen 9] VGC 2026 Reg I","players":["anguslo","501JFW"],"log":"|j|\u2606anguslo\n|j|\u2606501JFW\n|t:|1772779081\n|gametype|doubles\n|player|p1|anguslo|2|1355\n|player|p2|501JFW|169|1419\n|gen|9\n|tier|[Gen 9] VGC 2026 Reg I\n|rated|\n|rule|Species Clause: Limit one of each Pok\u00e9mon\n|rule|Item Clause: Limit 1 of each item\n|clearpoke\n|poke|p1|Calyrex-Ice, L50|\n|poke|p1|Miraidon, L50|\n|poke|p1|Tornadus, L50, M|\n|poke|p1|Incineroar, L50, M|\n|poke|p1|Raging Bolt, L50|\n|poke|p1|Urshifu-*, L50, M|\n|poke|p2|Lunala, L50|\n|poke|p2|Koraidon, L50|\n|poke|p2|Jumpluff, L50, M|\n|poke|p2|Ogerpon-Cornerstone, L50, F|\n|poke|p2|Raging Bolt, L50|\n|poke|p2|Ursaluna, L50, F|\n|teampreview|4\n|inactive|Battle timer is ON: inactive players will automatically lose when time's up. (requested by 501JFW)\n|\n|t:|1772779107\n|teamsize|p1|4\n|teamsize|p2|4\n|start\n|switch|p1a: Calyrex|Calyrex-Ice, L50|100/100\n|switch|p1b: Tornadus|Tornadus, L50, M|100/100\n|switch|p2a: Lunala|Lunala, L50, shiny|100/100\n|switch|p2b: Raging Bolt|Raging Bolt, L50|100/100\n|-ability|p1a: Calyrex|As One\n|-ability|p1a: Calyrex|Unnerve\n|turn|1\n|inactive|501JFW has 30 seconds left.\n|\n|t:|1772779138\n|move|p2a: Lunala|Wide Guard|p2a: Lunala\n|-singleturn|p2a: Lunala|Wide Guard\n|move|p1b: Tornadus|Bleakwind Storm|p2b: Raging Bolt|[spread] \n|-activate|p2a: Lunala|move: Wide Guard\n|-activate|p2b: Raging Bolt|move: Wide Guard\n|move|p1a: Calyrex|Glacial Lance|p2a: Lunala|[spread] \n|-activate|p2a: Lunala|move: Wide Guard\n|-activate|p2b: Raging Bolt|move: Wide Guard\n|move|p2b: Raging Bolt|Electroweb|p1a: Calyrex|[spread] p1a,p1b\n|-supereffective|p1b: Tornadus\n|-damage|p1a: Calyrex|84/100\n|-damage|p1b: Tornadus|52/100\n|-unboost|p1b: Tornadus|spe|1\n|\n|upkeep\n|turn|2\n|inactive|501JFW has 30 seconds left.\n|\n|t:|1772779167\n|move|p1b: Tornadus|Protect|p1b: Tornadus\n|-singleturn|p1b: Tornadus|Protect\n|move|p2a: Lunala|Meteor Beam||[still]\n|-prepare|p2a: Lunala|Meteor Beam\n|-boost|p2a: Lunala|spa|1\n|-enditem|p2a: Lunala|Power Herb\n|-anim|p2a: Lunala|Meteor Beam|p1a: Calyrex\n|-supereffective|p1a: Calyrex\n|-damage|p1a: Calyrex|0 fnt\n|faint|p1a: Calyrex\n|move|p2b: Raging Bolt|Volt Switch|p1b: Tornadus\n|-activate|p1b: Tornadus|move: Protect\n|\n|upkeep\n|\n|t:|1772779175\n|switch|p1a: Urshifu|Urshifu-Rapid-Strike, L50, M|100/100\n|turn|3\n|\n|t:|1772779190\n|-terastallize|p1a: Urshifu|Steel\n|move|p1b: Tornadus|Rain Dance|p1b: Tornadus\n|-weather|RainDance\n|move|p1a: Urshifu|Surging Strikes|p2a: Lunala\n|-crit|p2a: Lunala\n|-damage|p2a: Lunala|81/100\n|-crit|p2a: Lunala\n|-damage|p2a: Lunala|42/100\n|-crit|p2a: Lunala\n|-damage|p2a: Lunala|0 fnt\n|faint|p2a: Lunala\n|-hitcount|p2: Lunala|3\n|move|p2b: Raging Bolt|Electroweb|p1b: Tornadus|[spread] p1a,p1b\n|-supereffective|p1b: Tornadus\n|-damage|p1a: Urshifu|65/100\n|-damage|p1b: Tornadus|3/100\n|-unboost|p1a: Urshifu|spe|1\n|-unboost|p1b: Tornadus|spe|1\n|\n|-weather|RainDance|[upkeep]\n|upkeep\n|\n|t:|1772779211\n|switch|p2a: Koraidon|Koraidon, L50, shiny|100/100\n|-weather|SunnyDay|[from] ability: Orichalcum Pulse|[of] p2a: Koraidon\n|-activate|p2b: Raging Bolt|ability: Protosynthesis\n|-start|p2b: Raging Bolt|protosynthesisspa\n|-activate|p2a: Koraidon|Orichalcum Pulse|[source]\n|turn|4\n|\n|t:|1772779230\n|switch|p1a: Incineroar|Incineroar, L50, M|100/100\n|-ability|p1a: Incineroar|Intimidate|boost\n|-unboost|p2a: Koraidon|atk|1\n|-unboost|p2b: Raging Bolt|atk|1\n|move|p1b: Tornadus|Rain Dance|p1b: Tornadus\n|-weather|RainDance\n|-end|p2b: Raging Bolt|Protosynthesis\n|move|p2a: Koraidon|Close Combat|p1a: Incineroar\n|-supereffective|p1a: Incineroar\n|-damage|p1a: Incineroar|29/100\n|-unboost|p2a: Koraidon|def|1\n|-unboost|p2a: Koraidon|spd|1\n|-enditem|p1a: Incineroar|Sitrus Berry|[eat]\n|-heal|p1a: Incineroar|54/100|[from] item: Sitrus Berry\n|move|p2b: Raging Bolt|Volt Switch|p1b: Tornadus\n|-supereffective|p1b: Tornadus\n|-damage|p1b: Tornadus|0 fnt\n|faint|p1b: Tornadus\n|\n|t:|1772779239\n|-end|p2b: Raging Bolt|Protosynthesis|[silent]\n|switch|p2b: Ursaluna|Ursaluna, L50, F, shiny|100/100|[from] Volt Switch\n|\n|-weather|RainDance|[upkeep]\n|-status|p2b: Ursaluna|brn|[from] item: Flame Orb\n|upkeep\n|\n|t:|1772779244\n|switch|p1b: Urshifu|Urshifu-Rapid-Strike, L50, M, tera:Steel|65/100\n|turn|5\n|\n|t:|1772779256\n|switch|p2a: Raging Bolt|Raging Bolt, L50|100/100\n|-terastallize|p2b: Ursaluna|Ghost\n|move|p1b: Urshifu|Surging Strikes|p2b: Ursaluna\n|-crit|p2b: Ursaluna\n|-damage|p2b: Ursaluna|62/100 brn\n|-crit|p2b: Ursaluna\n|-damage|p2b: Ursaluna|26/100 brn\n|-crit|p2b: Ursaluna\n|-damage|p2b: Ursaluna|0 fnt\n|faint|p2b: Ursaluna\n|-hitcount|p2: Ursaluna|3\n|move|p1a: Incineroar|Knock Off|p2a: Raging Bolt\n|-damage|p2a: Raging Bolt|64/100\n|-enditem|p2a: Raging Bolt|Assault Vest|[from] move: Knock Off|[of] p1a: Incineroar\n|\n|-weather|RainDance|[upkeep]\n|upkeep\n|\n|t:|1772779259\n|switch|p2b: Koraidon|Koraidon, L50, shiny|100/100\n|-weather|SunnyDay|[from] ability: Orichalcum Pulse|[of] p2b: Koraidon\n|-activate|p2a: Raging Bolt|ability: Protosynthesis\n|-start|p2a: Raging Bolt|protosynthesisspa\n|-activate|p2b: Koraidon|Orichalcum Pulse|[source]\n|turn|6\n|\n|t:|1772779273\n|move|p2b: Koraidon|Close Combat|p1b: Urshifu\n|-supereffective|p1b: Urshifu\n|-damage|p1b: Urshifu|0 fnt\n|-unboost|p2b: Koraidon|def|1\n|-unboost|p2b: Koraidon|spd|1\n|faint|p1b: Urshifu\n|move|p2a: Raging Bolt|Draco Meteor|p1a: Incineroar\n|-damage|p1a: Incineroar|0 fnt\n|-unboost|p2a: Raging Bolt|spa|2\n|faint|p1a: Incineroar\n|\n|win|501JFW\n|raw|anguslo's rating: 1355 &rarr; <strong>1339</strong><br />(-16 for losing)\n|raw|501JFW's rating: 1419 &rarr; <strong>1435</strong><br />(+16 for winning)\n|l|\u2606anguslo\n|player|p1|\n|l|\u2606501JFW\n|player|p2|\n","uploadtime":1772779516,"views":14,"formatid":"gen9vgc2026regi","rating":1339,"private":0,"password":null}