{"id":"gen9vgc2026regi-2526731149","format":"[Gen 9] VGC 2026 Reg I","players":["ee345","dthk1216"],"log":"|j|\u2606ee345\n|j|\u2606dthk1216\n|t:|1769452336\n|gametype|doubles\n|player|p1|ee345|lady|1405\n|player|p2|dthk1216|dawn|1574\n|gen|9\n|tier|[Gen 9] VGC 2026 Reg I\n|rated|\n|rule|Species Clause: Limit one of each Pok\u00e9mon\n|rule|Item Clause: Limit 1 of each item\n|clearpoke\n|poke|p1|Zamazenta-*, L50|\n|poke|p1|Giratina-Origin, L50|\n|poke|p1|Chien-Pao, L50|\n|poke|p1|Entei, L50|\n|poke|p1|Rillaboom, L50, M|\n|poke|p1|Landorus-Therian, L50, M|\n|poke|p2|Calyrex-Ice, L50|\n|poke|p2|Kyogre, L50|\n|poke|p2|Urshifu-*, L50, M|\n|poke|p2|Rillaboom, L50, F|\n|poke|p2|Grimmsnarl, L50, M|\n|poke|p2|Amoonguss, L50, M|\n|teampreview|4\n|inactive|Battle timer is ON: inactive players will automatically lose when time's up. (requested by ee345)\n|\n|t:|1769452358\n|teamsize|p1|4\n|teamsize|p2|4\n|start\n|switch|p1a: Entei|Entei, L50|100/100\n|switch|p1b: Chien-Pao|Chien-Pao, L50|100/100\n|switch|p2a: Kyogre|Kyogre, L50|100/100\n|switch|p2b: Urshifu|Urshifu-Rapid-Strike, L50, M|100/100\n|-ability|p1b: Chien-Pao|Sword of Ruin\n|-weather|RainDance|[from] ability: Drizzle|[of] p2a: Kyogre\n|turn|1\n|\n|t:|1769452379\n|switch|p1a: Giratina|Giratina-Origin, L50|100/100\n|move|p2b: Urshifu|Surging Strikes|p1b: Chien-Pao\n|-crit|p1b: Chien-Pao\n|-damage|p1b: Chien-Pao|52/100\n|-crit|p1b: Chien-Pao\n|-damage|p1b: Chien-Pao|5/100\n|-crit|p1b: Chien-Pao\n|-damage|p1b: Chien-Pao|0 fnt\n|faint|p1b: Chien-Pao\n|-hitcount|p1: Chien-Pao|3\n|move|p2a: Kyogre|Origin Pulse|p1a: Giratina\n|-resisted|p1a: Giratina\n|-damage|p1a: Giratina|47/100\n|\n|-weather|RainDance|[upkeep]\n|upkeep\n|\n|t:|1769452385\n|switch|p1b: Zamazenta|Zamazenta-Crowned, L50|100/100\n|-ability|p1b: Zamazenta|Dauntless Shield|boost\n|-boost|p1b: Zamazenta|def|1\n|turn|2\n|\n|t:|1769452401\n|move|p2b: Urshifu|Surging Strikes|p1b: Zamazenta\n|-crit|p1b: Zamazenta\n|-damage|p1b: Zamazenta|80/100\n|-crit|p1b: Zamazenta\n|-damage|p1b: Zamazenta|59/100\n|-crit|p1b: Zamazenta\n|-damage|p1b: Zamazenta|38/100\n|-hitcount|p1b: Zamazenta|3\n|move|p1b: Zamazenta|Body Press|p2b: Urshifu\n|-damage|p2b: Urshifu|25/100\n|move|p2a: Kyogre|Origin Pulse|p1b: Zamazenta|[spread] p1a\n|-miss|p2a: Kyogre|p1b: Zamazenta\n|-resisted|p1a: Giratina\n|-damage|p1a: Giratina|9/100\n|move|p1a: Giratina|Poltergeist|p2a: Kyogre\n|-activate|p2a: Kyogre|move: Poltergeist|Choice Specs\n|-damage|p2a: Kyogre|38/100\n|\n|-weather|RainDance|[upkeep]\n|upkeep\n|turn|3\n|inactive|ee345 has 30 seconds left.\n|\n|t:|1769452429\n|switch|p2a: Amoonguss|Amoonguss, L50, M|100/100\n|move|p1b: Zamazenta|Wide Guard|p1b: Zamazenta\n|-singleturn|p1b: Zamazenta|Wide Guard\n|move|p2b: Urshifu|Surging Strikes|p1b: Zamazenta\n|-crit|p1b: Zamazenta\n|-damage|p1b: Zamazenta|19/100\n|-crit|p1b: Zamazenta\n|-damage|p1b: Zamazenta|0 fnt\n|faint|p1b: Zamazenta\n|-hitcount|p1: Zamazenta|2\n|move|p1a: Giratina|Poltergeist|p2b: Urshifu\n|-activate|p2b: Urshifu|move: Poltergeist|Choice Scarf\n|-damage|p2b: Urshifu|0 fnt\n|faint|p2b: Urshifu\n|\n|-weather|RainDance|[upkeep]\n|upkeep\n|\n|t:|1769452447\n|switch|p1b: Entei|Entei, L50|100/100\n|switch|p2b: Calyrex|Calyrex-Ice, L50|100/100\n|-ability|p2b: Calyrex|As One\n|-ability|p2b: Calyrex|Unnerve\n|turn|4\n|\n|t:|1769452457\n|move|p2b: Calyrex|Protect|p2b: Calyrex\n|-singleturn|p2b: Calyrex|Protect\n|move|p1b: Entei|Sacred Fire|p2b: Calyrex\n|-activate|p2b: Calyrex|move: Protect\n|move|p1a: Giratina|Poltergeist|p2b: Calyrex\n|-activate|p2b: Calyrex|move: Protect\n|move|p2a: Amoonguss|Spore|p1b: Entei\n|-status|p1b: Entei|slp|[from] move: Spore\n|\n|-weather|RainDance|[upkeep]\n|upkeep\n|turn|5\n|-message|ee345 forfeited.\n|\n|win|dthk1216\n|raw|ee345's rating: 1405 &rarr; <strong>1394</strong><br />(-11 for losing)\n|raw|dthk1216's rating: 1574 &rarr; <strong>1585</strong><br />(+11 for winning)\n|l|\u2606ee345\n|player|p1|\n|l|\u2606dthk1216\n|player|p2|\n","uploadtime":1769452647,"views":20,"formatid":"gen9vgc2026regi","rating":1394,"private":0,"password":null}