{"id":"gen9vgc2026regi-2583174775","format":"[Gen 9] VGC 2026 Reg I","players":["KCLord","SFlicK"],"log":"|j|\u2606KCLord\n|j|\u2606SFlicK\n|t:|1776151079\n|gametype|doubles\n|player|p1|KCLord|170|1459\n|player|p2|SFlicK|169|1327\n|gen|9\n|tier|[Gen 9] VGC 2026 Reg I\n|rated|\n|rule|Species Clause: Limit one of each Pok\u00e9mon\n|rule|Item Clause: Limit 1 of each item\n|clearpoke\n|poke|p1|Calyrex-Shadow, L50|\n|poke|p1|Zamazenta-*, L50|\n|poke|p1|Chien-Pao, L50|\n|poke|p1|Dragonite, L50, M|\n|poke|p1|Raging Bolt, L50|\n|poke|p1|Ogerpon-Cornerstone, L50, F|\n|poke|p2|Calyrex-Shadow, L50|\n|poke|p2|Zamazenta-*, L50|\n|poke|p2|Amoonguss, L50, F|\n|poke|p2|Raging Bolt, L50|\n|poke|p2|Chien-Pao, L50|\n|poke|p2|Whimsicott, L50, F|\n|teampreview|4\n|\n|t:|1776151121\n|teamsize|p1|4\n|teamsize|p2|4\n|start\n|switch|p1a: Arlie|Chien-Pao, L50|100/100\n|switch|p1b: Zamazenta|Zamazenta-Crowned, L50|100/100\n|switch|p2a: Diego|Chien-Pao, L50|100/100\n|switch|p2b: Hatchiko|Zamazenta-Crowned, L50|100/100\n|-ability|p1a: Arlie|Sword of Ruin\n|-ability|p2a: Diego|Sword of Ruin\n|-ability|p2b: Hatchiko|Dauntless Shield|boost\n|-boost|p2b: Hatchiko|def|1\n|-ability|p1b: Zamazenta|Dauntless Shield|boost\n|-boost|p1b: Zamazenta|def|1\n|turn|1\n|inactive|Battle timer is ON: inactive players will automatically lose when time's up. (requested by SFlicK)\n|\n|t:|1776151158\n|move|p2a: Diego|Protect|p2a: Diego\n|-singleturn|p2a: Diego|Protect\n|move|p2b: Hatchiko|Protect|p2b: Hatchiko\n|-singleturn|p2b: Hatchiko|Protect\n|move|p1a: Arlie|Ruination|p2b: Hatchiko\n|-activate|p2b: Hatchiko|move: Protect\n|move|p1b: Zamazenta|Body Press|p2b: Hatchiko\n|-activate|p2b: Hatchiko|move: Protect\n|\n|upkeep\n|turn|2\n|\n|t:|1776151178\n|switch|p2a: Among US|Amoonguss, L50, F, shiny|100/100\n|move|p1a: Arlie|Icy Wind|p2a: Among US|[spread] p2a,p2b\n|-supereffective|p2a: Among US\n|-resisted|p2b: Hatchiko\n|-damage|p2a: Among US|81/100\n|-damage|p2b: Hatchiko|96/100\n|-unboost|p2a: Among US|spe|1\n|-unboost|p2b: Hatchiko|spe|1\n|move|p1b: Zamazenta|Body Press|p2b: Hatchiko\n|-supereffective|p2b: Hatchiko\n|-damage|p2b: Hatchiko|25/100\n|move|p2b: Hatchiko|Body Press|p1b: Zamazenta\n|-supereffective|p1b: Zamazenta\n|-damage|p1b: Zamazenta|27/100\n|\n|upkeep\n|turn|3\n|inactive|KCLord has 30 seconds left.\n|inactive|SFlicK has 30 seconds left.\n|\n|t:|1776151206\n|move|p2b: Hatchiko|Protect|p2b: Hatchiko\n|-singleturn|p2b: Hatchiko|Protect\n|move|p1a: Arlie|Ice Spinner|p2a: Among US\n|-supereffective|p2a: Among US\n|-damage|p2a: Among US|9/100\n|-damage|p1a: Arlie|84/100|[from] item: Rocky Helmet|[of] p2a: Among US\n|move|p1b: Zamazenta|Body Press|p2b: Hatchiko\n|-activate|p2b: Hatchiko|move: Protect\n|move|p2a: Among US|Spore|p1a: Arlie\n|-status|p1a: Arlie|slp|[from] move: Spore\n|\n|upkeep\n|turn|4\n|\n|t:|1776151225\n|switch|p1a: Green Goober|Dragonite, L50, M|100/100\n|move|p1b: Zamazenta|Protect|p1b: Zamazenta\n|-singleturn|p1b: Zamazenta|Protect\n|move|p2a: Among US|Rage Powder|p2a: Among US\n|-singleturn|p2a: Among US|move: Rage Powder\n|move|p2b: Hatchiko|Body Press|p1b: Zamazenta\n|-activate|p1b: Zamazenta|move: Protect\n|\n|upkeep\n|turn|5\n|inactive|KCLord has 30 seconds left.\n|inactive|SFlicK has 30 seconds left.\n|inactive|KCLord has 20 seconds left.\n|inactive|KCLord has 15 seconds left.\n|\n|t:|1776151267\n|switch|p1b: PinkPonyClub|Calyrex-Shadow, L50|100/100\n|-ability|p1b: PinkPonyClub|As One\n|-ability|p1b: PinkPonyClub|Unnerve\n|switch|p2a: Diego|Chien-Pao, L50|100/100\n|-ability|p2a: Diego|Sword of Ruin\n|move|p2b: Hatchiko|Protect|p2b: Hatchiko\n|-singleturn|p2b: Hatchiko|Protect\n|move|p1a: Green Goober|Extreme Speed|p2a: Diego\n|-damage|p2a: Diego|40/100\n|\n|upkeep\n|turn|6\n|inactive|KCLord has 30 seconds left.\n|inactive|SFlicK has 30 seconds left.\n|\n|t:|1776151299\n|move|p2a: Diego|Protect|p2a: Diego\n|-singleturn|p2a: Diego|Protect\n|move|p1a: Green Goober|Extreme Speed|p2a: Diego\n|-activate|p2a: Diego|move: Protect\n|move|p1b: PinkPonyClub|Psychic|p2b: Hatchiko\n|-damage|p2b: Hatchiko|0 fnt\n|faint|p2b: Hatchiko\n|-ability|p1b: PinkPonyClub|Grim Neigh|boost\n|-boost|p1b: PinkPonyClub|spa|1\n|\n|upkeep\n|\n|t:|1776151315\n|switch|p2b: Shadow Rider|Calyrex-Shadow, L50|100/100\n|-ability|p2b: Shadow Rider|As One\n|-ability|p2b: Shadow Rider|Unnerve\n|turn|7\n|\n|t:|1776151326\n|switch|p1b: Arlie|Chien-Pao, L50|84/100 slp\n|-ability|p1b: Arlie|Sword of Ruin\n|-terastallize|p2b: Shadow Rider|Dark\n|move|p1a: Green Goober|Extreme Speed|p2a: Diego\n|-damage|p2a: Diego|0 fnt\n|faint|p2a: Diego\n|move|p2b: Shadow Rider|Astral Barrage|p1a: Green Goober|[spread] p1a,p1b\n|-resisted|p1b: Arlie\n|-damage|p1a: Green Goober|46/100\n|-damage|p1b: Arlie|55/100 slp\n|-damage|p2b: Shadow Rider|91/100|[from] item: Life Orb\n|\n|upkeep\n|\n|t:|1776151342\n|switch|p2a: Among US|Amoonguss, L50, F, shiny|42/100\n|turn|8\n|j| anarc3\n|\n|t:|1776151354\n|-terastallize|p1a: Green Goober|Normal\n|move|p1a: Green Goober|Extreme Speed|p2b: Shadow Rider\n|-damage|p2b: Shadow Rider|0 fnt\n|faint|p2b: Shadow Rider\n|move|p2a: Among US|Rage Powder|p2a: Among US\n|-singleturn|p2a: Among US|move: Rage Powder\n|cant|p1b: Arlie|slp\n|\n|upkeep\n|turn|9\n|-message|SFlicK forfeited.\n|\n|win|KCLord\n|raw|KCLord's rating: 1459 &rarr; <strong>1472</strong><br />(+13 for winning)\n|raw|SFlicK's rating: 1327 &rarr; <strong>1314</strong><br />(-13 for losing)\n|l|\u2606SFlicK\n|player|p2|\n","uploadtime":1776151412,"views":13,"formatid":"gen9vgc2026regi","rating":1314,"private":0,"password":null}