{"id":"gen9vgc2026regi-2582534662","format":"[Gen 9] VGC 2026 Reg I","players":["tinkatuffluvr","NQS11"],"log":"|j|\u2606tinkatuffluvr\n|j|\u2606NQS11\n|t:|1776097827\n|gametype|doubles\n|player|p1|tinkatuffluvr|cynthia|1407\n|player|p2|NQS11|steven|1351\n|gen|9\n|tier|[Gen 9] VGC 2026 Reg I\n|rated|\n|rule|Species Clause: Limit one of each Pok\u00e9mon\n|rule|Item Clause: Limit 1 of each item\n|clearpoke\n|poke|p1|Iron Bundle, L50|\n|poke|p1|Farigiraf, L50, M|\n|poke|p1|Calyrex-Ice, L50|\n|poke|p1|Miraidon, L50|\n|poke|p1|Iron Hands, L50|\n|poke|p1|Annihilape, L50, F|\n|poke|p2|Calyrex-Ice, L50|\n|poke|p2|Miraidon, L50|\n|poke|p2|Farigiraf, L50, F|\n|poke|p2|Incineroar, L50, M|\n|poke|p2|Ursaluna-Bloodmoon, L50, M|\n|poke|p2|Iron Hands, L50|\n|teampreview|4\nNQS11 rejected open team sheets.\n|inactive|Battle timer is ON: inactive players will automatically lose when time's up. (requested by NQS11)\n|\n|t:|1776097860\n|teamsize|p1|4\n|teamsize|p2|4\n|start\n|switch|p1a: Iron Bundle|Iron Bundle, L50|100/100\n|switch|p1b: Miraidon|Miraidon, L50|100/100\n|switch|p2a: Miraidon|Miraidon, L50|100/100\n|switch|p2b: Iron Hands|Iron Hands, L50|100/100\n|-fieldstart|move: Electric Terrain|[from] ability: Hadron Engine|[of] p1b: Miraidon\n|-activate|p1a: Iron Bundle|ability: Quark Drive\n|-start|p1a: Iron Bundle|quarkdrivespe\n|-activate|p2b: Iron Hands|ability: Quark Drive\n|-start|p2b: Iron Hands|quarkdriveatk\n|-activate|p2a: Miraidon|ability: Hadron Engine\n|turn|1\n|\n|t:|1776097879\n|-terastallize|p2a: Miraidon|Electric\n|move|p1b: Miraidon|Protect|p1b: Miraidon\n|-singleturn|p1b: Miraidon|Protect\n|move|p2b: Iron Hands|Fake Out|p1a: Iron Bundle\n|-damage|p1a: Iron Bundle|73/100\n|cant|p1a: Iron Bundle|flinch\n|move|p2a: Miraidon|Volt Switch|p1b: Miraidon\n|-activate|p1b: Miraidon|move: Protect\n|\n|upkeep\n|turn|2\n|\n|t:|1776097900\n|switch|p2a: Farigiraf|Farigiraf, L50, F, shiny|100/100\n|-enditem|p2a: Farigiraf|Electric Seed\n|-boost|p2a: Farigiraf|def|1|[from] item: Electric Seed\n|move|p1a: Iron Bundle|Encore|p2b: Iron Hands\n|-start|p2b: Iron Hands|Encore\n|move|p1b: Miraidon|Draco Meteor|p2a: Farigiraf\n|-damage|p2a: Farigiraf|0 fnt\n|-unboost|p1b: Miraidon|spa|2\n|faint|p2a: Farigiraf\n|-damage|p1b: Miraidon|91/100|[from] item: Life Orb\n|move|p2b: Iron Hands|Fake Out||[still]\n|-hint|Fake Out only works on your first turn out.\n|-fail|p2b: Iron Hands\n|\n|upkeep\n|\n|t:|1776097911\n|switch|p2a: Calyrex|Calyrex-Ice, L50|100/100\n|-ability|p2a: Calyrex|As One\n|-ability|p2a: Calyrex|Unnerve\n|turn|3\n|\n|t:|1776097924\n|-end|p2b: Iron Hands|Quark Drive|[silent]\n|switch|p2b: Miraidon|Miraidon, L50, tera:Electric|100/100\n|-activate|p2b: Miraidon|ability: Hadron Engine\n|move|p1a: Iron Bundle|Icy Wind|p2a: Calyrex|[spread] p2a,p2b\n|-resisted|p2a: Calyrex\n|-crit|p2a: Calyrex\n|-damage|p2a: Calyrex|90/100\n|-damage|p2b: Miraidon|80/100\n|-unboost|p2b: Miraidon|spe|1\n|move|p1b: Miraidon|Electro Drift|p2a: Calyrex\n|-damage|p2a: Calyrex|45/100\n|-damage|p1b: Miraidon|81/100|[from] item: Life Orb\n|move|p2a: Calyrex|Glacial Lance|p1b: Miraidon|[spread] p1a,p1b\n|-resisted|p1a: Iron Bundle\n|-supereffective|p1b: Miraidon\n|-damage|p1a: Iron Bundle|55/100\n|-damage|p1b: Miraidon|0 fnt\n|faint|p1b: Miraidon\n|-ability|p2a: Calyrex|Chilling Neigh|boost\n|-boost|p2a: Calyrex|atk|1\n|\n|upkeep\n|inactive|tinkatuffluvr has 30 seconds left.\n|\n|t:|1776097955\n|switch|p1b: Calyrex|Calyrex-Ice, L50|100/100\n|-ability|p1b: Calyrex|As One\n|-ability|p1b: Calyrex|Unnerve\n|turn|4\n|\n|t:|1776097979\n|move|p2a: Calyrex|Protect|p2a: Calyrex\n|-singleturn|p2a: Calyrex|Protect\n|move|p1a: Iron Bundle|Ice Beam|p2b: Miraidon\n|-damage|p2b: Miraidon|39/100\n|move|p2b: Miraidon|Volt Switch|p1a: Iron Bundle\n|-supereffective|p1a: Iron Bundle\n|-damage|p1a: Iron Bundle|0 fnt\n|faint|p1a: Iron Bundle\n|-end|p1a: Iron Bundle|Quark Drive|[silent]\n|\n|t:|1776097987\n|switch|p2b: Iron Hands|Iron Hands, L50|100/100|[from] Volt Switch\n|-activate|p2b: Iron Hands|ability: Quark Drive\n|-start|p2b: Iron Hands|quarkdriveatk\n|move|p1b: Calyrex|Leech Seed|p2a: Calyrex\n|-activate|p2a: Calyrex|move: Protect\n|\n|upkeep\n|\n|t:|1776097994\n|switch|p1a: Iron Hands|Iron Hands, L50|100/100\n|-activate|p1a: Iron Hands|ability: Quark Drive\n|-start|p1a: Iron Hands|quarkdriveatk\n|turn|5\n|inactive|tinkatuffluvr has 30 seconds left.\n|\n|t:|1776098024\n|move|p2b: Iron Hands|Fake Out|p1a: Iron Hands\n|-damage|p1a: Iron Hands|85/100\n|move|p1b: Calyrex|Leech Seed|p2b: Iron Hands\n|-start|p2b: Iron Hands|move: Leech Seed\n|move|p2a: Calyrex|High Horsepower|p1a: Iron Hands\n|-supereffective|p1a: Iron Hands\n|-damage|p1a: Iron Hands|5/100\n|cant|p1a: Iron Hands|flinch\n|\n|-damage|p2b: Iron Hands|88/100|[from] Leech Seed|[of] p1b: Calyrex\n|-fieldend|move: Electric Terrain\n|-end|p2b: Iron Hands|Quark Drive\n|-end|p1a: Iron Hands|Quark Drive\n|upkeep\n|turn|6\n|\n|t:|1776098043\n|move|p2a: Calyrex|Protect|p2a: Calyrex\n|-singleturn|p2a: Calyrex|Protect\n|move|p1b: Calyrex|Glacial Lance|p2a: Calyrex|[spread] p2b\n|-activate|p2a: Calyrex|move: Protect\n|-damage|p2b: Iron Hands|55/100\n|move|p1a: Iron Hands|Low Kick|p2a: Calyrex\n|-activate|p2a: Calyrex|move: Protect\n|move|p2b: Iron Hands|Drain Punch|p1a: Iron Hands\n|-crit|p1a: Iron Hands\n|-damage|p1a: Iron Hands|0 fnt\n|-heal|p2b: Iron Hands|57/100|[from] drain|[of] p1a: Iron Hands\n|faint|p1a: Iron Hands\n|-end|p1a: Iron Hands|Quark Drive|[silent]\n|\n|-damage|p2b: Iron Hands|45/100|[from] Leech Seed|[of] p1b: Calyrex\n|upkeep\n|turn|7\n|\n|t:|1776098066\n|move|p1b: Calyrex|Glacial Lance|p2b: Iron Hands|[spread] p2a,p2b\n|-resisted|p2a: Calyrex\n|-damage|p2a: Calyrex|28/100\n|-damage|p2b: Iron Hands|11/100\n|move|p2a: Calyrex|High Horsepower|p1b: Calyrex\n|-damage|p1b: Calyrex|61/100\n|move|p2b: Iron Hands|Drain Punch|p1b: Calyrex\n|-damage|p1b: Calyrex|33/100\n|-heal|p2b: Iron Hands|24/100|[from] drain|[of] p1b: Calyrex\n|\n|-heal|p1b: Calyrex|39/100|[from] item: Leftovers\n|-damage|p2b: Iron Hands|11/100|[from] Leech Seed|[of] p1b: Calyrex\n|-heal|p1b: Calyrex|52/100|[silent]\n|upkeep\n|turn|8\n|\n|t:|1776098083\n|move|p1b: Calyrex|Glacial Lance|p2a: Calyrex|[spread] p2a,p2b\n|-resisted|p2a: Calyrex\n|-damage|p2a: Calyrex|12/100\n|-damage|p2b: Iron Hands|0 fnt\n|faint|p2b: Iron Hands\n|-end|p2b: Iron Hands|Quark Drive|[silent]\n|-ability|p1b: Calyrex|Chilling Neigh|boost\n|-boost|p1b: Calyrex|atk|1\n|move|p2a: Calyrex|High Horsepower|p1b: Calyrex\n|-damage|p1b: Calyrex|15/100\n|\n|-heal|p1b: Calyrex|20/100|[from] item: Leftovers\n|upkeep\n|\n|t:|1776098087\n|switch|p2b: Miraidon|Miraidon, L50, tera:Electric|39/100\n|-fieldstart|move: Electric Terrain|[from] ability: Hadron Engine|[of] p2b: Miraidon\n|turn|9\n|\n|t:|1776098096\n|move|p2b: Miraidon|Electro Drift|p1b: Calyrex\n|-damage|p1b: Calyrex|0 fnt\n|faint|p1b: Calyrex\n|\n|win|NQS11\n|raw|tinkatuffluvr's rating: 1407 &rarr; <strong>1384</strong><br />(-23 for losing)\n|raw|NQS11's rating: 1351 &rarr; <strong>1374</strong><br />(+23 for winning)\n|l|\u2606tinkatuffluvr\n|player|p1|\n|l|\u2606NQS11\n|player|p2|\n","uploadtime":1776098263,"views":10,"formatid":"gen9vgc2026regi","rating":1374,"private":0,"password":null}