{"id":"gen9vgc2026regi-2555020646","format":"[Gen 9] VGC 2026 Reg I","players":["EllenJoe2026","rito buff zed"],"log":"|j|\u2606EllenJoe2026\n|j|\u2606rito buff zed\n|t:|1773045683\n|gametype|doubles\n|player|p1|EllenJoe2026|iono|1468\n|player|p2|rito buff zed|265|1390\n|gen|9\n|tier|[Gen 9] VGC 2026 Reg I\n|rated|\n|rule|Species Clause: Limit one of each Pok\u00e9mon\n|rule|Item Clause: Limit 1 of each item\n|clearpoke\n|poke|p1|Calyrex-Shadow, L50|\n|poke|p1|Zamazenta-*, L50|\n|poke|p1|Chien-Pao, L50|\n|poke|p1|Dragonite, L50, F|\n|poke|p1|Tornadus, L50, M|\n|poke|p1|Urshifu-*, L50, F|\n|poke|p2|Calyrex-Shadow, L50|\n|poke|p2|Zamazenta-*, L50|\n|poke|p2|Incineroar, L50, M|\n|poke|p2|Rillaboom, L50, F|\n|poke|p2|Amoonguss, L50, F|\n|poke|p2|Urshifu-*, L50, F|\n|teampreview|4\n|inactive|Battle timer is ON: inactive players will automatically lose when time's up. (requested by rito buff zed)\n|inactive|EllenJoe2026 also wants the timer to be on.\n|inactive|EllenJoe2026 has 60 seconds left.\n|inactive|rito buff zed has 60 seconds left.\n|\n|t:|1773045733\n|teamsize|p1|4\n|teamsize|p2|4\n|start\n|switch|p1a: Calyrex|Calyrex-Shadow, L50|100/100\n|switch|p1b: Zamazenta|Zamazenta-Crowned, L50, shiny|100/100\n|switch|p2a: Zamazenta|Zamazenta-Crowned, L50|100/100\n|switch|p2b: Incineroar|Incineroar, L50, M|100/100\n|-ability|p1a: Calyrex|As One\n|-ability|p1a: Calyrex|Unnerve\n|-ability|p1b: Zamazenta|Dauntless Shield|boost\n|-boost|p1b: Zamazenta|def|1\n|-ability|p2a: Zamazenta|Dauntless Shield|boost\n|-boost|p2a: Zamazenta|def|1\n|-ability|p2b: Incineroar|Intimidate|boost\n|-unboost|p1a: Calyrex|atk|1\n|-unboost|p1b: Zamazenta|atk|1\n|turn|1\n|inactive|rito buff zed has 30 seconds left.\n|inactive|rito buff zed has 20 seconds left.\n|inactive|rito buff zed has 15 seconds left.\n|inactive|rito buff zed has 10 seconds left.\n|\n|t:|1773045779\n|-terastallize|p1a: Calyrex|Dark\n|move|p2b: Incineroar|Fake Out|p1b: Zamazenta\n|-resisted|p1b: Zamazenta\n|-damage|p1b: Zamazenta|98/100\n|move|p1a: Calyrex|Taunt|p2a: Zamazenta\n|-start|p2a: Zamazenta|move: Taunt\n|cant|p1b: Zamazenta|flinch\n|move|p2a: Zamazenta|Body Press|p1b: Zamazenta\n|-supereffective|p1b: Zamazenta\n|-damage|p1b: Zamazenta|44/100\n|\n|upkeep\n|turn|2\n|inactive|rito buff zed has 30 seconds left.\n|\n|t:|1773045805\n|-terastallize|p2b: Incineroar|Bug\n|move|p1a: Calyrex|Astral Barrage|p2b: Incineroar|[spread] p2a,p2b\n|-damage|p2a: Zamazenta|51/100\n|-damage|p2b: Incineroar|38/100\n|-damage|p1a: Calyrex|91/100|[from] item: Life Orb\n|move|p1b: Zamazenta|Imprison|p1b: Zamazenta\n|-start|p1b: Zamazenta|move: Imprison\n|cant|p2a: Zamazenta|move: Imprison|Body Press\n|move|p2b: Incineroar|Knock Off|p1a: Calyrex\n|-resisted|p1a: Calyrex\n|-damage|p1a: Calyrex|67/100\n|-enditem|p1a: Calyrex|Life Orb|[from] move: Knock Off|[of] p2b: Incineroar\n|\n|upkeep\n|turn|3\n|inactive|EllenJoe2026 has 30 seconds left.\n|inactive|rito buff zed has 30 seconds left.\n|inactive|rito buff zed has 20 seconds left.\n|inactive|rito buff zed has 15 seconds left.\n|inactive|rito buff zed has 10 seconds left.\n|inactive|rito buff zed has 5 seconds left.\n|\n|t:|1773045858\n|move|p1a: Calyrex|Astral Barrage|p2a: Zamazenta|[spread] p2a,p2b\n|-damage|p2a: Zamazenta|13/100\n|-damage|p2b: Incineroar|0 fnt\n|faint|p2b: Incineroar\n|-ability|p1a: Calyrex|Grim Neigh|boost\n|-boost|p1a: Calyrex|spa|1\n|move|p1b: Zamazenta|Body Press|p2a: Zamazenta\n|-supereffective|p2a: Zamazenta\n|-damage|p2a: Zamazenta|0 fnt\n|faint|p2a: Zamazenta\n|\n|upkeep\n|\n|t:|1773045868\n|switch|p2a: Urshifu|Urshifu, L50, F|100/100\n|switch|p2b: Calyrex|Calyrex-Shadow, L50|100/100\n|-ability|p2b: Calyrex|As One\n|-ability|p2b: Calyrex|Unnerve\n|turn|4\n|\n|t:|1773045879\n|move|p1a: Calyrex|Astral Barrage|p2a: Urshifu|[spread] p2a,p2b\n|-resisted|p2a: Urshifu\n|-supereffective|p2b: Calyrex\n|-damage|p2a: Urshifu|44/100\n|-enditem|p2b: Calyrex|Focus Sash\n|-damage|p2b: Calyrex|1/100\n|move|p2b: Calyrex|Psychic|p1b: Zamazenta\n|-crit|p1b: Zamazenta\n|-damage|p1b: Zamazenta|0 fnt\n|faint|p1b: Zamazenta\n|-ability|p2b: Calyrex|Grim Neigh|boost\n|-boost|p2b: Calyrex|spa|1\n|move|p2a: Urshifu|Close Combat|p1a: Calyrex\n|-supereffective|p1a: Calyrex\n|-damage|p1a: Calyrex|0 fnt\n|-unboost|p2a: Urshifu|def|1\n|-unboost|p2a: Urshifu|spd|1\n|faint|p1a: Calyrex\n|\n|upkeep\n|\n|t:|1773045889\n|switch|p1a: Chien-Pao|Chien-Pao, L50, shiny|100/100\n|switch|p1b: Dragonite|Dragonite, L50, F|100/100\n|-ability|p1a: Chien-Pao|Sword of Ruin\n|turn|5\n|inactive|rito buff zed has 30 seconds left.\n|\n|t:|1773045917\n|move|p2a: Urshifu|Detect|p2a: Urshifu\n|-singleturn|p2a: Urshifu|Protect\n|move|p1b: Dragonite|Extreme Speed|p2a: Urshifu\n|-activate|p2a: Urshifu|move: Protect\n|move|p1a: Chien-Pao|Ice Shard|p2b: Calyrex\n|-damage|p2b: Calyrex|0 fnt\n|faint|p2b: Calyrex\n|\n|upkeep\n|turn|6\n|\n|t:|1773045930\n|move|p1b: Dragonite|Extreme Speed|p2a: Urshifu\n|-damage|p2a: Urshifu|0 fnt\n|faint|p2a: Urshifu\n|\n|win|EllenJoe2026\n|raw|EllenJoe2026's rating: 1423 &rarr; <strong>1441</strong><br />(+18 for winning)\n|raw|rito buff zed's rating: 1390 &rarr; <strong>1372</strong><br />(-18 for losing)\n|l|\u2606EllenJoe2026\n|player|p1|\n","uploadtime":1773046088,"views":17,"formatid":"gen9vgc2026regi","rating":1372,"private":0,"password":null}