{"id":"gen9vgc2026regi-2561334563","format":"[Gen 9] VGC 2026 Reg I","players":["It'sJustKen VGC","Ice124567890"],"log":"|j|\u2606It'sJustKen VGC\n|j|\u2606Ice124567890\n|t:|1773785176\n|gametype|doubles\n|player|p1|It'sJustKen VGC|102|1408\n|player|p2|Ice124567890|266|1380\n|gen|9\n|tier|[Gen 9] VGC 2026 Reg I\n|rated|\n|rule|Species Clause: Limit one of each Pok\u00e9mon\n|rule|Item Clause: Limit 1 of each item\n|clearpoke\n|poke|p1|Iron Hands, L50|\n|poke|p1|Incineroar, L50, F|\n|poke|p1|Calyrex-Shadow, L50|\n|poke|p1|Whimsicott, L50, F|\n|poke|p1|Farigiraf, L50, F|\n|poke|p1|Miraidon, L50|\n|poke|p2|Koraidon, L50|\n|poke|p2|Lunala, L50|\n|poke|p2|Incineroar, L50, F|\n|poke|p2|Ursaluna, L50, F|\n|poke|p2|Amoonguss, L50, F|\n|poke|p2|Flutter Mane, L50|\n|teampreview|4\n|inactive|Battle timer is ON: inactive players will automatically lose when time's up. (requested by Ice124567890)\n|inactive|It'sJustKen VGC also wants the timer to be on.\n|j| OrangeSammy\n|inactive|Ice124567890 has 60 seconds left.\n|\n|t:|1773785208\n|teamsize|p1|4\n|teamsize|p2|4\n|start\n|switch|p1a: Farigiraf|Farigiraf, L50, F|100/100\n|switch|p1b: Miraidon|Miraidon, L50, shiny|100/100\n|switch|p2a: Lunala|Lunala, L50|100/100\n|switch|p2b: Incineroar|Incineroar, L50, F|100/100\n|-fieldstart|move: Electric Terrain|[from] ability: Hadron Engine|[of] p1b: Miraidon\n|-enditem|p1a: Farigiraf|Electric Seed\n|-boost|p1a: Farigiraf|def|1|[from] item: Electric Seed\n|-ability|p2b: Incineroar|Intimidate|boost\n|-unboost|p1a: Farigiraf|atk|1\n|-unboost|p1b: Miraidon|atk|1\n|turn|1\n|inactive|It'sJustKen VGC has 30 seconds left.\n|\n|t:|1773785233\n|-terastallize|p2a: Lunala|Fairy\n|move|p1b: Miraidon|Draco Meteor|p2b: Incineroar\n|-damage|p2b: Incineroar|0 fnt\n|-unboost|p1b: Miraidon|spa|2\n|faint|p2b: Incineroar\n|move|p2a: Lunala|Moonblast|p1a: Farigiraf\n|-damage|p1a: Farigiraf|52/100\n|move|p1a: Farigiraf|Roar|p1b: Miraidon\n|drag|p1b: Incineroar|Incineroar, L50, F|100/100\n|-ability|p1b: Incineroar|Intimidate|boost\n|-unboost|p2a: Lunala|atk|1\n|\n|upkeep\n|\n|t:|1773785249\n|switch|p2b: Ursaluna|Ursaluna, L50, F|100/100\n|turn|2\n|\n|t:|1773785256\n|move|p2b: Ursaluna|Protect|p2b: Ursaluna\n|-singleturn|p2b: Ursaluna|Protect\n|move|p2a: Lunala|Moonblast|p1a: Farigiraf\n|-damage|p1a: Farigiraf|4/100\n|-unboost|p1a: Farigiraf|spa|1\n|move|p1b: Incineroar|U-turn|p2a: Lunala\n|-resisted|p2a: Lunala\n|-damage|p2a: Lunala|97/100\n|\n|t:|1773785260\n|switch|p1b: Iron Hands|Iron Hands, L50|100/100|[from] U-turn\n|-activate|p1b: Iron Hands|ability: Quark Drive\n|-start|p1b: Iron Hands|quarkdriveatk\n|move|p1a: Farigiraf|Trick Room|p1a: Farigiraf\n|-fieldstart|move: Trick Room|[of] p1a: Farigiraf\n|\n|-status|p2b: Ursaluna|brn|[from] item: Flame Orb\n|upkeep\n|turn|3\n|\n|t:|1773785267\n|move|p1b: Iron Hands|Low Kick|p2b: Ursaluna\n|-supereffective|p2b: Ursaluna\n|-damage|p2b: Ursaluna|0 fnt\n|faint|p2b: Ursaluna\n|move|p2a: Lunala|Moonblast|p1a: Farigiraf\n|-damage|p1a: Farigiraf|0 fnt\n|faint|p1a: Farigiraf\n|\n|upkeep\n|\n|t:|1773785274\n|switch|p1a: Incineroar|Incineroar, L50, F|100/100\n|switch|p2b: Koraidon|Koraidon, L50|100/100\n|-ability|p1a: Incineroar|Intimidate|boost\n|-unboost|p2a: Lunala|atk|1\n|-unboost|p2b: Koraidon|atk|1\n|-weather|SunnyDay|[from] ability: Orichalcum Pulse|[of] p2b: Koraidon\n|-activate|p2b: Koraidon|Orichalcum Pulse|[source]\n|turn|4\n|\n|t:|1773785285\n|move|p2b: Koraidon|Protect|p2b: Koraidon\n|-singleturn|p2b: Koraidon|Protect\n|move|p1b: Iron Hands|Wild Charge|p2a: Lunala\n|-damage|p2a: Lunala|23/100\n|-damage|p1b: Iron Hands|82/100|[from] Recoil\n|move|p1a: Incineroar|Flare Blitz|p2a: Lunala\n|-damage|p2a: Lunala|0 fnt\n|faint|p2a: Lunala\n|-damage|p1a: Incineroar|92/100|[from] Recoil\n|\n|-weather|SunnyDay|[upkeep]\n|upkeep\n|turn|5\n|-message|Ice124567890 forfeited.\n|\n|win|It'sJustKen VGC\n|raw|It&apos;sJustKen VGC's rating: 1408 &rarr; <strong>1426</strong><br />(+18 for winning)\n|raw|Ice124567890's rating: 1380 &rarr; <strong>1362</strong><br />(-18 for losing)\n|l|\u2606Ice124567890\n|player|p2|\n","uploadtime":1773785298,"views":14,"formatid":"gen9vgc2026regi","rating":1362,"private":0,"password":null}