{"id":"gen9vgc2026regi-2537658544","format":"[Gen 9] VGC 2026 Reg I","players":["Tritonfrostbane","j0l0k0"],"log":"|j|\u2606Tritonfrostbane\n|j|\u2606j0l0k0\n|t:|1770836001\n|gametype|doubles\n|player|p1|Tritonfrostbane|101|1457\n|player|p2|j0l0k0|brycen|1493\n|gen|9\n|tier|[Gen 9] VGC 2026 Reg I\n|rated|\n|rule|Species Clause: Limit one of each Pok\u00e9mon\n|rule|Item Clause: Limit 1 of each item\n|clearpoke\n|poke|p1|Calyrex-Ice, L50|\n|poke|p1|Indeedee-F, L50, F|\n|poke|p1|Lunala, L50|\n|poke|p1|Torkoal, L50, F|\n|poke|p1|Smeargle, L50, F|\n|poke|p1|Urshifu-*, L50, M|\n|poke|p2|Calyrex-Ice, L50|\n|poke|p2|Kyogre, L50|\n|poke|p2|Indeedee-F, L50, F|\n|poke|p2|Urshifu-*, L50, F|\n|poke|p2|Amoonguss, L50, F|\n|poke|p2|Landorus, L50, M|\n|teampreview|4\n|inactive|Battle timer is ON: inactive players will automatically lose when time's up. (requested by j0l0k0)\n|\n|t:|1770836020\n|teamsize|p1|4\n|teamsize|p2|4\n|start\n|switch|p1a: Smeargle|Smeargle, L50, F|100/100\n|switch|p1b: Lunala|Lunala, L50, shiny|100/100\n|switch|p2a: Kyogre|Kyogre, L50, shiny|100/100\n|switch|p2b: Urshifu|Urshifu, L50, F|100/100\n|-weather|RainDance|[from] ability: Drizzle|[of] p2a: Kyogre\n|turn|1\n|\n|t:|1770836036\n|-terastallize|p2b: Urshifu|Ghost\n|-terastallize|p1b: Lunala|Grass\n|move|p1a: Smeargle|Fake Out|p2a: Kyogre\n|-crit|p2a: Kyogre\n|-damage|p2a: Kyogre|91/100\n|move|p2b: Urshifu|Wicked Blow|p1b: Lunala\n|-crit|p1b: Lunala\n|-damage|p1b: Lunala|76/100\n|move|p1b: Lunala|Meteor Beam||[still]\n|-prepare|p1b: Lunala|Meteor Beam\n|-boost|p1b: Lunala|spa|1\n|-enditem|p1b: Lunala|Power Herb\n|-anim|p1b: Lunala|Meteor Beam|p2b: Urshifu\n|-damage|p2b: Urshifu|2/100\n|cant|p2a: Kyogre|flinch\n|\n|-weather|RainDance|[upkeep]\n|upkeep\n|turn|2\n|j| Jegueperneta\n|\n|t:|1770836060\n|move|p1a: Smeargle|Wide Guard|p1a: Smeargle\n|-singleturn|p1a: Smeargle|Wide Guard\n|move|p2b: Urshifu|Poison Jab|p1b: Lunala\n|-supereffective|p1b: Lunala\n|-damage|p1b: Lunala|29/100\n|-status|p1b: Lunala|psn\n|move|p1b: Lunala|Expanding Force|p2a: Kyogre\n|-damage|p2a: Kyogre|62/100\n|move|p2a: Kyogre|Water Spout|p1b: Lunala|[spread] \n|-activate|p1a: Smeargle|move: Wide Guard\n|-activate|p1b: Lunala|move: Wide Guard\n|\n|-weather|RainDance|[upkeep]\n|-damage|p1b: Lunala|17/100 psn|[from] psn\n|upkeep\n|turn|3\n|j| riyuezi\n|\n|t:|1770836085\n|move|p1a: Smeargle|Follow Me|p1a: Smeargle\n|-singleturn|p1a: Smeargle|move: Follow Me\n|move|p2b: Urshifu|Wicked Blow|p1a: Smeargle\n|-crit|p1a: Smeargle\n|-enditem|p1a: Smeargle|Focus Sash\n|-damage|p1a: Smeargle|1/100\n|move|p2a: Kyogre|Thunder|p1a: Smeargle\n|-damage|p1a: Smeargle|0 fnt\n|faint|p1a: Smeargle\n|move|p1b: Lunala|Trick Room|p1b: Lunala\n|-fieldstart|move: Trick Room|[of] p1b: Lunala\n|\n|-weather|RainDance|[upkeep]\n|-damage|p1b: Lunala|4/100 psn|[from] psn\n|upkeep\n|\n|t:|1770836103\n|switch|p1a: Calyrex|Calyrex-Ice, L50|100/100\n|-ability|p1a: Calyrex|As One\n|-ability|p1a: Calyrex|Unnerve\n|turn|4\n|\n|t:|1770836112\n|move|p2b: Urshifu|Protect|p2b: Urshifu\n|-singleturn|p2b: Urshifu|Protect\n|move|p1a: Calyrex|Glacial Lance|p2a: Kyogre|[spread] p2a\n|-activate|p2b: Urshifu|move: Protect\n|-resisted|p2a: Kyogre\n|-damage|p2a: Kyogre|35/100\n|move|p2a: Kyogre|Hydro Pump|p1a: Calyrex|[miss]\n|-miss|p2a: Kyogre|p1a: Calyrex\n|move|p1b: Lunala|Moongeist Beam|p2a: Kyogre\n|-damage|p2a: Kyogre|0 fnt\n|faint|p2a: Kyogre\n|\n|-weather|RainDance|[upkeep]\n|-damage|p1b: Lunala|0 fnt|[from] psn\n|faint|p1b: Lunala\n|upkeep\n|\n|t:|1770836130\n|switch|p2a: Landorus|Landorus, L50, M, shiny|100/100\n|switch|p1b: Indeedee|Indeedee-F, L50, F|100/100\n|-fieldstart|move: Psychic Terrain|[from] ability: Psychic Surge|[of] p1b: Indeedee\n|turn|5\n|\n|t:|1770836143\n|switch|p2a: Calyrex|Calyrex-Ice, L50|100/100\n|-ability|p2a: Calyrex|As One\n|-ability|p2a: Calyrex|Unnerve\n|move|p1b: Indeedee|Follow Me|p1b: Indeedee\n|-singleturn|p1b: Indeedee|move: Follow Me\n|move|p1a: Calyrex|Glacial Lance|p2b: Urshifu|[spread] p2a,p2b\n|-resisted|p2a: Calyrex\n|-damage|p2a: Calyrex|82/100\n|-damage|p2b: Urshifu|0 fnt\n|faint|p2b: Urshifu\n|-ability|p1a: Calyrex|Chilling Neigh|boost\n|-boost|p1a: Calyrex|atk|1\n|\n|-weather|none\n|upkeep\n|\n|t:|1770836152\n|switch|p2b: Landorus|Landorus, L50, M, shiny|100/100\n|turn|6\n|\n|t:|1770836165\n|move|p1b: Indeedee|Helping Hand|p1a: Calyrex\n|-singleturn|p1a: Calyrex|Helping Hand|[of] p1b: Indeedee\n|move|p2b: Landorus|Protect|p2b: Landorus\n|-singleturn|p2b: Landorus|Protect\n|move|p2a: Calyrex|Crunch|p1a: Calyrex\n|-supereffective|p1a: Calyrex\n|-damage|p1a: Calyrex|56/100\n|move|p1a: Calyrex|Glacial Lance|p2b: Landorus|[spread] p2a\n|-activate|p2b: Landorus|move: Protect\n|-resisted|p2a: Calyrex\n|-damage|p2a: Calyrex|41/100\n|\n|upkeep\n|turn|7\n|\n|t:|1770836180\n|move|p1b: Indeedee|Helping Hand|p1a: Calyrex\n|-singleturn|p1a: Calyrex|Helping Hand|[of] p1b: Indeedee\n|move|p2b: Landorus|Protect||[still]\n|-fail|p2b: Landorus\n|move|p1a: Calyrex|Glacial Lance|p2b: Landorus|[spread] p2a,p2b\n|-resisted|p2a: Calyrex\n|-supereffective|p2b: Landorus\n|-crit|p2b: Landorus\n|-damage|p2a: Calyrex|0 fnt\n|-damage|p2b: Landorus|0 fnt\n|faint|p2a: Calyrex\n|faint|p2b: Landorus\n|\n|win|Tritonfrostbane\n|raw|Tritonfrostbane's rating: 1457 &rarr; <strong>1479</strong><br />(+22 for winning)\n|raw|j0l0k0's rating: 1493 &rarr; <strong>1471</strong><br />(-22 for losing)\n|l|\u2606j0l0k0\n|player|p2|\n|l| riyuezi\n","uploadtime":1770836346,"views":15,"formatid":"gen9vgc2026regi","rating":1471,"private":0,"password":null}