{"id":"gen9vgc2026regi-2523018008","format":"[Gen 9] VGC 2026 Reg I","players":["Harmonia_Naturel","xiaoliyunVGC"],"log":"|j|\u2606Harmonia_Naturel\n|j|\u2606xiaoliyunVGC\n|t:|1768972408\n|gametype|doubles\n|player|p1|Harmonia_Naturel|n|1351\n|player|p2|xiaoliyunVGC|liko|1428\n|gen|9\n|tier|[Gen 9] VGC 2026 Reg I\n|rated|\n|rule|Species Clause: Limit one of each Pok\u00e9mon\n|rule|Item Clause: Limit 1 of each item\n|clearpoke\n|poke|p1|Reshiram, L50|\n|poke|p1|Groudon, L50|\n|poke|p1|Whimsicott, L50, M|\n|poke|p1|Flutter Mane, L50|\n|poke|p1|Indeedee-F, L50, F|\n|poke|p1|Iron Hands, L50|\n|poke|p2|Zamazenta-*, L50|\n|poke|p2|Kyogre, L50|\n|poke|p2|Raichu, L50, M|\n|poke|p2|Flutter Mane, L50|\n|poke|p2|Tornadus, L50, M|\n|poke|p2|Kingambit, L50, M|\n|teampreview|4\n|inactive|Battle timer is ON: inactive players will automatically lose when time's up. (requested by xiaoliyunVGC)\n|\n|t:|1768972433\n|teamsize|p1|4\n|teamsize|p2|4\n|start\n|switch|p1a: Indeedee|Indeedee-F, L50, F|100/100\n|switch|p1b: Iron Hands|Iron Hands, L50|100/100\n|switch|p2a: Zamazenta|Zamazenta-Crowned, L50, shiny|100/100\n|switch|p2b: Raichu|Raichu, L50, M|100/100\n|-ability|p2a: Zamazenta|Dauntless Shield|boost\n|-boost|p2a: Zamazenta|def|1\n|-fieldstart|move: Psychic Terrain|[from] ability: Psychic Surge|[of] p1a: Indeedee\n|turn|1\n|inactive|Harmonia_Naturel has 30 seconds left.\n|\n|t:|1768972459\n|-terastallize|p2a: Zamazenta|Fighting\n|move|p2b: Raichu|Helping Hand|p2a: Zamazenta\n|-singleturn|p2a: Zamazenta|Helping Hand|[of] p2b: Raichu\n|move|p2a: Zamazenta|Body Press|p1a: Indeedee\n|-damage|p1a: Indeedee|0 fnt\n|faint|p1a: Indeedee\n|move|p1b: Iron Hands|Drain Punch|p2a: Zamazenta\n|-damage|p2a: Zamazenta|85/100\n|\n|upkeep\n|\n|t:|1768972476\n|switch|p1a: Reshiram|Reshiram, L50, shiny|100/100\n|-ability|p1a: Reshiram|Turboblaze\n|turn|2\n|\n|t:|1768972499\n|move|p1a: Reshiram|Protect|p1a: Reshiram\n|-singleturn|p1a: Reshiram|Protect\n|move|p2a: Zamazenta|Protect|p2a: Zamazenta\n|-singleturn|p2a: Zamazenta|Protect\n|move|p2b: Raichu|Nuzzle|p1a: Reshiram\n|-activate|p1a: Reshiram|move: Protect\n|move|p1b: Iron Hands|Supercell Slam|p2b: Raichu\n|-activate|p2b: Raichu|ability: Lightning Rod\n|-ability|p2b: Raichu|Lightning Rod|boost\n|-boost|p2b: Raichu|spa|1\n|-damage|p1b: Iron Hands|51/100|[from] supercellslam\n|\n|upkeep\n|turn|3\n|inactive|Harmonia_Naturel has 30 seconds left.\n|\n|t:|1768972528\n|-end|p1b: Iron Hands|Quark Drive|[silent]\n|switch|p1b: Groudon|Groudon, L50|100/100\n|-weather|SunnyDay|[from] ability: Drought|[of] p1b: Groudon\n|move|p2b: Raichu|Nuzzle|p1a: Reshiram\n|-resisted|p1a: Reshiram\n|-damage|p1a: Reshiram|97/100\n|-status|p1a: Reshiram|par\n|move|p2a: Zamazenta|Body Press|p1b: Groudon\n|-damage|p1b: Groudon|34/100\n|move|p1a: Reshiram|Fusion Flare|p2a: Zamazenta\n|-damage|p2a: Zamazenta|16/100\n|-damage|p1a: Reshiram|87/100 par|[from] item: Life Orb\n|\n|-weather|SunnyDay|[upkeep]\n|upkeep\n|turn|4\n|inactive|xiaoliyunVGC has 30 seconds left.\n|inactive|xiaoliyunVGC has 20 seconds left.\n|\n|t:|1768972564\n|move|p2a: Zamazenta|Protect|p2a: Zamazenta\n|-singleturn|p2a: Zamazenta|Protect\n|move|p2b: Raichu|Nuzzle|p1a: Reshiram\n|-resisted|p1a: Reshiram\n|-damage|p1a: Reshiram|84/100 par\n|move|p1b: Groudon|Precipice Blades|p2a: Zamazenta|[spread] \n|-activate|p2a: Zamazenta|move: Protect\n|-miss|p1b: Groudon|p2b: Raichu\n|move|p1a: Reshiram|Fusion Flare|p2a: Zamazenta\n|-activate|p2a: Zamazenta|move: Protect\n|\n|-weather|SunnyDay|[upkeep]\n|upkeep\n|turn|5\n|\n|t:|1768972581\n|move|p2b: Raichu|Helping Hand|p2a: Zamazenta\n|-singleturn|p2a: Zamazenta|Helping Hand|[of] p2b: Raichu\n|move|p1b: Groudon|Protect|p1b: Groudon\n|-singleturn|p1b: Groudon|Protect\n|move|p2a: Zamazenta|Body Press|p1b: Groudon\n|-activate|p1b: Groudon|move: Protect\n|move|p1a: Reshiram|Fusion Flare|p2a: Zamazenta\n|-damage|p2a: Zamazenta|0 fnt\n|faint|p2a: Zamazenta\n|-damage|p1a: Reshiram|74/100 par|[from] item: Life Orb\n|\n|-weather|SunnyDay|[upkeep]\n|-fieldend|move: Psychic Terrain\n|upkeep\n|\n|t:|1768972589\n|switch|p2a: Kyogre|Kyogre, L50|100/100\n|-weather|RainDance|[from] ability: Drizzle|[of] p2a: Kyogre\n|turn|6\n|\n|t:|1768972603\n|switch|p2b: Tornadus|Tornadus, L50, M|100/100\n|switch|p1b: Iron Hands|Iron Hands, L50|51/100\n|move|p1a: Reshiram|Protect|p1a: Reshiram\n|-singleturn|p1a: Reshiram|Protect\n|move|p2a: Kyogre|Water Spout|p1a: Reshiram|[spread] p1b\n|-activate|p1a: Reshiram|move: Protect\n|-damage|p1b: Iron Hands|3/100\n|\n|-weather|RainDance|[upkeep]\n|upkeep\n|turn|7\n|\n|t:|1768972621\n|-end|p1b: Iron Hands|Quark Drive|[silent]\n|switch|p1b: Groudon|Groudon, L50|34/100\n|-weather|SunnyDay|[from] ability: Drought|[of] p1b: Groudon\n|-terastallize|p1a: Reshiram|Grass\n|move|p2b: Tornadus|Rain Dance|p2b: Tornadus\n|-weather|RainDance\n|move|p2a: Kyogre|Water Spout|p1b: Groudon|[spread] p1a,p1b\n|-resisted|p1a: Reshiram\n|-supereffective|p1b: Groudon\n|-damage|p1a: Reshiram|35/100 par\n|-damage|p1b: Groudon|0 fnt\n|faint|p1b: Groudon\n|cant|p1a: Reshiram|par\n|\n|-weather|RainDance|[upkeep]\n|upkeep\n|\n|t:|1768972629\n|switch|p1b: Iron Hands|Iron Hands, L50|3/100\n|turn|8\n|-message|Harmonia_Naturel forfeited.\n|\n|win|xiaoliyunVGC\n|raw|Harmonia_Naturel's rating: 1351 &rarr; <strong>1335</strong><br />(-16 for losing)\n|raw|xiaoliyunVGC's rating: 1428 &rarr; <strong>1444</strong><br />(+16 for winning)\n|l|\u2606xiaoliyunVGC\n|player|p2|\n","uploadtime":1768972841,"views":13,"formatid":"gen9vgc2026regi","rating":1335,"private":0,"password":null}