{"id":"gen9vgc2026regi-2582314884","format":"[Gen 9] VGC 2026 Reg I","players":["sunny_zong2","swordsdanceurshifu"],"log":"|j|\u2606sunny_zong2\n|j|\u2606swordsdanceurshifu\n|t:|1776082583\n|gametype|doubles\n|player|p1|sunny_zong2|102|1462\n|player|p2|swordsdanceurshifu|265|1536\n|gen|9\n|tier|[Gen 9] VGC 2026 Reg I\n|rated|\n|rule|Species Clause: Limit one of each Pok\u00e9mon\n|rule|Item Clause: Limit 1 of each item\n|clearpoke\n|poke|p1|Muk-Alola, L50, M|\n|poke|p1|Flamigo, L50, M|\n|poke|p1|Miraidon, L50|\n|poke|p1|Calyrex-Shadow, L50|\n|poke|p1|Indeedee, L50, M|\n|poke|p1|Smeargle, L50, M|\n|poke|p2|Iron Bundle, L50|\n|poke|p2|Farigiraf, L50, F|\n|poke|p2|Calyrex-Ice, L50|\n|poke|p2|Miraidon, L50|\n|poke|p2|Iron Hands, L50|\n|poke|p2|Annihilape, L50, F|\n|teampreview|4\n|inactive|Battle timer is ON: inactive players will automatically lose when time's up. (requested by swordsdanceurshifu)\n|inactive|sunny_zong2 also wants the timer to be on.\n|inactive|sunny_zong2 has 60 seconds left.\n|inactive|swordsdanceurshifu has 60 seconds left.\n|\n|t:|1776082623\n|teamsize|p1|4\n|teamsize|p2|4\n|start\n|switch|p1a: Smeargle|Smeargle, L50, M|100/100\n|switch|p1b: Miraidon|Miraidon, L50|100/100\n|switch|p2a: Iron Bundle|Iron Bundle, L50|100/100\n|switch|p2b: Miraidon|Miraidon, L50|100/100\n|-fieldstart|move: Electric Terrain|[from] ability: Hadron Engine|[of] p1b: Miraidon\n|-activate|p2a: Iron Bundle|ability: Quark Drive\n|-start|p2a: Iron Bundle|quarkdrivespe\n|-activate|p2b: Miraidon|ability: Hadron Engine\n|turn|1\n|\n|t:|1776082635\n|-terastallize|p1b: Miraidon|Fairy\n|move|p2a: Iron Bundle|Protect|p2a: Iron Bundle\n|-singleturn|p2a: Iron Bundle|Protect\n|move|p2b: Miraidon|Protect|p2b: Miraidon\n|-singleturn|p2b: Miraidon|Protect\n|move|p1a: Smeargle|Wide Guard|p1a: Smeargle\n|-singleturn|p1a: Smeargle|Wide Guard\n|move|p1b: Miraidon|Dazzling Gleam|p2b: Miraidon|[spread] \n|-activate|p2a: Iron Bundle|move: Protect\n|-activate|p2b: Miraidon|move: Protect\n|\n|-ability|p1a: Smeargle|Moody|boost\n|-boost|p1a: Smeargle|atk|2\n|-unboost|p1a: Smeargle|def|1\n|upkeep\n|turn|2\n|\n|t:|1776082658\n|move|p1b: Miraidon|Protect|p1b: Miraidon\n|-singleturn|p1b: Miraidon|Protect\n|move|p2a: Iron Bundle|Encore|p1a: Smeargle\n|-start|p1a: Smeargle|Encore\n|move|p2b: Miraidon|Volt Switch|p1a: Smeargle\n|-crit|p1a: Smeargle\n|-enditem|p1a: Smeargle|Focus Sash\n|-damage|p1a: Smeargle|1/100\n|-damage|p2b: Miraidon|91/100|[from] item: Life Orb\n|\n|t:|1776082679\n|switch|p2b: Calyrex|Calyrex-Ice, L50|100/100|[from] Volt Switch\n|-ability|p2b: Calyrex|As One\n|-ability|p2b: Calyrex|Unnerve\n|move|p1a: Smeargle|Wide Guard||[still]\n|-fail|p1a: Smeargle\n|\n|-ability|p1a: Smeargle|Moody|boost\n|-boost|p1a: Smeargle|spe|2\n|-unboost|p1a: Smeargle|spd|1\n|upkeep\n|turn|3\n|\n|t:|1776082692\n|switch|p1b: Muk|Muk-Alola, L50, M|100/100\n|move|p1a: Smeargle|Wide Guard|p1a: Smeargle\n|-singleturn|p1a: Smeargle|Wide Guard\n|move|p2a: Iron Bundle|Encore||[still]\n|-fail|p2a: Iron Bundle\n|move|p2b: Calyrex|Leech Seed|p1b: Muk\n|-start|p1b: Muk|move: Leech Seed\n|\n|-damage|p1b: Muk|88/100|[from] Leech Seed|[of] p2b: Calyrex\n|-ability|p1a: Smeargle|Moody|boost\n|-boost|p1a: Smeargle|atk|2\n|-unboost|p1a: Smeargle|spa|1\n|upkeep\n|turn|4\n|inactive|swordsdanceurshifu has 30 seconds left.\n|\n|t:|1776082718\n|switch|p1b: Miraidon|Miraidon, L50, tera:Fairy|100/100\n|-activate|p1b: Miraidon|ability: Hadron Engine\n|move|p2b: Calyrex|Protect|p2b: Calyrex\n|-singleturn|p2b: Calyrex|Protect\n|move|p1a: Smeargle|Wide Guard|p1a: Smeargle\n|-singleturn|p1a: Smeargle|Wide Guard\n|move|p2a: Iron Bundle|Ice Beam|p1b: Miraidon\n|-damage|p1b: Miraidon|58/100\n|\n|-end|p1a: Smeargle|Encore\n|-ability|p1a: Smeargle|Moody|boost\n|-boost|p1a: Smeargle|spa|2\n|-unboost|p1a: Smeargle|spe|1\n|upkeep\n|turn|5\n|\n|t:|1776082741\n|move|p2a: Iron Bundle|Ice Beam|p1a: Smeargle\n|-damage|p1a: Smeargle|0 fnt\n|faint|p1a: Smeargle\n|move|p1b: Miraidon|Electro Drift|p2b: Calyrex\n|-damage|p2b: Calyrex|32/100\n|-damage|p1b: Miraidon|48/100|[from] item: Life Orb\n|move|p2b: Calyrex|Glacial Lance|p1b: Miraidon\n|-damage|p1b: Miraidon|0 fnt\n|faint|p1b: Miraidon\n|-ability|p2b: Calyrex|Chilling Neigh|boost\n|-boost|p2b: Calyrex|atk|1\n|\n|-heal|p2b: Calyrex|38/100|[from] item: Leftovers\n|-fieldend|move: Electric Terrain\n|-end|p2a: Iron Bundle|Quark Drive\n|upkeep\n|-message|sunny_zong2 forfeited.\n|\n|win|swordsdanceurshifu\n|raw|sunny_zong2's rating: 1462 &rarr; <strong>1446</strong><br />(-16 for losing)\n|raw|swordsdanceurshifu's rating: 1536 &rarr; <strong>1552</strong><br />(+16 for winning)\n|l|\u2606sunny_zong2\n|player|p1|\n|l|\u2606swordsdanceurshifu\n|player|p2|\n","uploadtime":1776082986,"views":10,"formatid":"gen9vgc2026regi","rating":1446,"private":0,"password":null}