{"id":"gen9vgc2026regi-2565665822","format":"[Gen 9] VGC 2026 Reg I","players":["KaiMVGC","curfy320"],"log":"|j|\u2606KaiMVGC\n|j|\u2606curfy320\n|t:|1774293675\n|gametype|doubles\n|player|p1|KaiMVGC|boarder|1416\n|player|p2|curfy320|101|1455\n|gen|9\n|tier|[Gen 9] VGC 2026 Reg I\n|rated|\n|rule|Species Clause: Limit one of each Pok\u00e9mon\n|rule|Item Clause: Limit 1 of each item\n|clearpoke\n|poke|p1|Calyrex-Shadow, L50|\n|poke|p1|Zamazenta-*, L50|\n|poke|p1|Rillaboom, L50, M|\n|poke|p1|Raging Bolt, L50|\n|poke|p1|Smeargle, L50, F|\n|poke|p1|Ogerpon-Cornerstone, L50, F|\n|poke|p2|Zacian-*, L50|\n|poke|p2|Lunala, L50|\n|poke|p2|Umbreon, L50, F|\n|poke|p2|Urshifu-*, L50, F|\n|poke|p2|Rillaboom, L50, M|\n|poke|p2|Thundurus, L50, M|\n|teampreview|4\n|inactive|Battle timer is ON: inactive players will automatically lose when time's up. (requested by curfy320)\n|j| EmotionlessPassion\n|inactive|KaiMVGC has 60 seconds left.\n|inactive|curfy320 has 60 seconds left.\n|\n|t:|1774293718\n|teamsize|p1|4\n|teamsize|p2|4\n|start\n|switch|p1a: Calyrex|Calyrex-Shadow, L50|100/100\n|switch|p1b: Smeargle|Smeargle, L50, F|100/100\n|switch|p2a: Urshifu|Urshifu-Rapid-Strike, L50, F|100/100\n|switch|p2b: Thundurus|Thundurus, L50, M|100/100\n|-ability|p1a: Calyrex|As One\n|-ability|p1a: Calyrex|Unnerve\n|turn|1\n|\n|t:|1774293740\n|switch|p1a: Raging Bolt|Raging Bolt, L50|100/100\n|-enditem|p1a: Raging Bolt|Booster Energy\n|-activate|p1a: Raging Bolt|ability: Protosynthesis|[fromitem]\n|-start|p1a: Raging Bolt|protosynthesisspa\n|-terastallize|p2a: Urshifu|Ghost\n|move|p1b: Smeargle|Fake Out|p2a: Urshifu\n|-immune|p2a: Urshifu\n|move|p2b: Thundurus|Rain Dance|p2b: Thundurus\n|-weather|RainDance\n|move|p2a: Urshifu|Surging Strikes|p1a: Raging Bolt\n|-resisted|p1a: Raging Bolt\n|-crit|p1a: Raging Bolt\n|-damage|p1a: Raging Bolt|87/100\n|-resisted|p1a: Raging Bolt\n|-crit|p1a: Raging Bolt\n|-damage|p1a: Raging Bolt|73/100\n|-resisted|p1a: Raging Bolt\n|-crit|p1a: Raging Bolt\n|-damage|p1a: Raging Bolt|60/100\n|-hitcount|p1a: Raging Bolt|3\n|\n|-weather|RainDance|[upkeep]\n|-ability|p1b: Smeargle|Moody|boost\n|-boost|p1b: Smeargle|atk|2\n|-unboost|p1b: Smeargle|spe|1\n|upkeep\n|turn|2\n|inactive|KaiMVGC has 30 seconds left.\n|\n|t:|1774293766\n|move|p1b: Smeargle|Follow Me|p1b: Smeargle\n|-singleturn|p1b: Smeargle|move: Follow Me\n|move|p2b: Thundurus|Eerie Impulse|p1b: Smeargle\n|-unboost|p1b: Smeargle|spa|2\n|move|p1a: Raging Bolt|Thunderclap|p2a: Urshifu\n|-damage|p2a: Urshifu|25/100\n|move|p2a: Urshifu|Surging Strikes|p1b: Smeargle\n|-crit|p1b: Smeargle\n|-damage|p1b: Smeargle|34/100\n|-crit|p1b: Smeargle\n|-damage|p1b: Smeargle|0 fnt\n|faint|p1b: Smeargle\n|-hitcount|p1: Smeargle|2\n|\n|-weather|RainDance|[upkeep]\n|upkeep\n|\n|t:|1774293774\n|switch|p1b: Calyrex|Calyrex-Shadow, L50|100/100\n|-ability|p1b: Calyrex|As One\n|-ability|p1b: Calyrex|Unnerve\n|turn|3\n|inactive|curfy320 has 30 seconds left.\n|\n|t:|1774293800\n|switch|p1b: Zamazenta|Zamazenta-Crowned, L50|100/100\n|-ability|p1b: Zamazenta|Dauntless Shield|boost\n|-boost|p1b: Zamazenta|def|1\n|move|p2b: Thundurus|Eerie Impulse|p1a: Raging Bolt\n|-unboost|p1a: Raging Bolt|spa|2\n|move|p2a: Urshifu|Surging Strikes|p1b: Zamazenta\n|-crit|p1b: Zamazenta\n|-damage|p1b: Zamazenta|81/100\n|-crit|p1b: Zamazenta\n|-damage|p1b: Zamazenta|61/100\n|-crit|p1b: Zamazenta\n|-damage|p1b: Zamazenta|44/100\n|-hitcount|p1b: Zamazenta|3\n|move|p1a: Raging Bolt|Thunderbolt|p2b: Thundurus\n|-damage|p2b: Thundurus|63/100\n|\n|-weather|RainDance|[upkeep]\n|upkeep\n|turn|4\n|inactive|curfy320 has 30 seconds left.\n|\n|t:|1774293825\n|switch|p2a: Zacian|Zacian-Crowned, L50|100/100\n|-ability|p2a: Zacian|Intrepid Sword|boost\n|-boost|p2a: Zacian|atk|1\n|-terastallize|p1b: Zamazenta|Water\n|move|p2b: Thundurus|Eerie Impulse|p1a: Raging Bolt\n|-unboost|p1a: Raging Bolt|spa|2\n|move|p1a: Raging Bolt|Thunderclap||[still]\n|-fail|p1a: Raging Bolt\n|move|p1b: Zamazenta|Body Press|p2b: Thundurus\n|-resisted|p2b: Thundurus\n|-damage|p2b: Thundurus|24/100\n|\n|-weather|RainDance|[upkeep]\n|upkeep\n|turn|5\n|\n|t:|1774293851\n|-end|p1a: Raging Bolt|Protosynthesis|[silent]\n|switch|p1a: Calyrex|Calyrex-Shadow, L50|100/100\n|-ability|p1a: Calyrex|As One\n|-ability|p1a: Calyrex|Unnerve\n|move|p1b: Zamazenta|Protect|p1b: Zamazenta\n|-singleturn|p1b: Zamazenta|Protect\n|move|p2a: Zacian|Play Rough|p1a: Calyrex\n|-damage|p1a: Calyrex|17/100\n|move|p2b: Thundurus|Wildbolt Storm|p1a: Calyrex|[spread] p1a\n|-activate|p1b: Zamazenta|move: Protect\n|-damage|p1a: Calyrex|0 fnt\n|faint|p1a: Calyrex\n|\n|-weather|none\n|upkeep\n|-message|KaiMVGC forfeited.\n|\n|win|curfy320\n|raw|KaiMVGC's rating: 1416 &rarr; <strong>1398</strong><br />(-18 for losing)\n|raw|curfy320's rating: 1455 &rarr; <strong>1473</strong><br />(+18 for winning)\n|l|\u2606KaiMVGC\n|player|p1|\n|l|\u2606curfy320\n|player|p2|\n","uploadtime":1774294109,"views":34,"formatid":"gen9vgc2026regi","rating":1398,"private":0,"password":null}