{"id":"gen9vgc2026regi-2529998467","format":"[Gen 9] VGC 2026 Reg I","players":["kelii","ky123456"],"log":"|j|\u2606kelii\n|j|\u2606ky123456\n|t:|1769861309\n|gametype|doubles\n|player|p1|kelii|dawn|1315\n|player|p2|ky123456|cynthia-gen4|1529\n|gen|9\n|tier|[Gen 9] VGC 2026 Reg I\n|rated|\n|rule|Species Clause: Limit one of each Pok\u00e9mon\n|rule|Item Clause: Limit 1 of each item\n|clearpoke\n|poke|p1|Miraidon, L50|\n|poke|p1|Groudon, L50|\n|poke|p1|Raging Bolt, L50|\n|poke|p1|Farigiraf, L50, F|\n|poke|p1|Whimsicott, L50, F|\n|poke|p1|Iron Bundle, L50|\n|poke|p2|Calyrex-Shadow, L50|\n|poke|p2|Zamazenta-*, L50|\n|poke|p2|Roaring Moon, L50|\n|poke|p2|Maushold, L50|\n|poke|p2|Weezing, L50, M|\n|poke|p2|Amoonguss, L50, M|\n|teampreview|4\n|inactive|Battle timer is ON: inactive players will automatically lose when time's up. (requested by kelii)\n|\n|t:|1769861338\n|teamsize|p1|4\n|teamsize|p2|4\n|start\n|switch|p1a: John Drift|Miraidon, L50, shiny|100/100\n|switch|p1b: Long John|Farigiraf, L50, F, shiny|100/100\n|switch|p2a: Calyrex|Calyrex-Shadow, L50|100/100\n|switch|p2b: Maushold|Maushold, L50|100/100\n|-ability|p2a: Calyrex|As One\n|-ability|p2a: Calyrex|Unnerve\n|-fieldstart|move: Electric Terrain|[from] ability: Hadron Engine|[of] p1a: John Drift\n|-enditem|p1b: Long John|Electric Seed\n|-boost|p1b: Long John|def|1|[from] item: Electric Seed\n|turn|1\n|\n|t:|1769861355\n|-terastallize|p2a: Calyrex|Ghost\n|move|p1b: Long John|Helping Hand|p1a: John Drift\n|-singleturn|p1a: John Drift|Helping Hand|[of] p1b: Long John\n|move|p2a: Calyrex|Astral Barrage|p1a: John Drift|[spread] p1a\n|-immune|p1b: Long John\n|-damage|p1a: John Drift|33/100\n|move|p1a: John Drift|Snarl|p2b: Maushold|[spread] p2a,p2b\n|-supereffective|p2a: Calyrex\n|-damage|p2a: Calyrex|58/100\n|-damage|p2b: Maushold|70/100\n|-unboost|p2a: Calyrex|spa|1\n|move|p2b: Maushold|Taunt|p1b: Long John\n|-start|p1b: Long John|move: Taunt\n|\n|upkeep\n|turn|2\n|inactive|kelii has 30 seconds left.\n|\n|t:|1769861389\n|move|p2b: Maushold|Follow Me|p2b: Maushold\n|-singleturn|p2b: Maushold|move: Follow Me\n|move|p2a: Calyrex|Astral Barrage|p1b: Long John|[spread] p1a\n|-immune|p1b: Long John\n|-damage|p1a: John Drift|0 fnt\n|faint|p1a: John Drift\n|-ability|p2a: Calyrex|Grim Neigh|boost\n|-boost|p2a: Calyrex|spa|1\n|move|p1b: Long John|Foul Play|p2b: Maushold\n|-damage|p2b: Maushold|51/100\n|\n|upkeep\n|\n|t:|1769861394\n|switch|p1a: John Bolt|Raging Bolt, L50|100/100\n|turn|3\n|\n|t:|1769861421\n|move|p2b: Maushold|Follow Me|p2b: Maushold\n|-singleturn|p2b: Maushold|move: Follow Me\n|move|p2a: Calyrex|Astral Barrage|p1b: Long John|[spread] p1a\n|-immune|p1b: Long John\n|-damage|p1a: John Bolt|7/100\n|move|p1a: John Bolt|Rising Voltage|p2b: Maushold\n|-hint|Rising Voltage's BP doubled on grounded target.\n|-damage|p2b: Maushold|0 fnt\n|faint|p2b: Maushold\n|-damage|p1a: John Bolt|0 fnt|[from] item: Life Orb\n|faint|p1a: John Bolt\n|-end|p1a: John Bolt|Protosynthesis|[silent]\n|move|p1b: Long John|Foul Play|p2a: Calyrex\n|-supereffective|p2a: Calyrex\n|-damage|p2a: Calyrex|22/100\n|\n|upkeep\n|\n|t:|1769861438\n|switch|p2b: Roaring Moon|Roaring Moon, L50|100/100\n|switch|p1a: Groujohn|Groudon, L50, shiny|100/100\n|-weather|SunnyDay|[from] ability: Drought|[of] p1a: Groujohn\n|-activate|p2b: Roaring Moon|ability: Protosynthesis\n|-start|p2b: Roaring Moon|protosynthesisspe\n|turn|4\n|\n|t:|1769861447\n|move|p2b: Roaring Moon|Knock Off|p1b: Long John\n|-supereffective|p1b: Long John\n|-damage|p1b: Long John|64/100\n|move|p2a: Calyrex|Astral Barrage|p1b: Long John|[spread] p1a\n|-immune|p1b: Long John\n|-damage|p1a: Groujohn|9/100\n|move|p1a: Groujohn|Precipice Blades|p2b: Roaring Moon|[spread] p2a,p2b\n|-damage|p2a: Calyrex|0 fnt\n|-damage|p2b: Roaring Moon|34/100\n|faint|p2a: Calyrex\n|move|p1b: Long John|Foul Play|p2b: Roaring Moon\n|-resisted|p2b: Roaring Moon\n|-crit|p2b: Roaring Moon\n|-damage|p2b: Roaring Moon|0 fnt\n|faint|p2b: Roaring Moon\n|-end|p2b: Roaring Moon|Protosynthesis|[silent]\n|\n|-weather|SunnyDay|[upkeep]\n|-heal|p1a: Groujohn|15/100|[from] item: Leftovers\n|-end|p1b: Long John|move: Taunt\n|upkeep\n|\n|t:|1769861455\n|switch|p2b: Zamazenta|Zamazenta-Crowned, L50|100/100\n|-ability|p2b: Zamazenta|Dauntless Shield|boost\n|-boost|p2b: Zamazenta|def|1\n|turn|5\n|\n|t:|1769861471\n|move|p1a: Groujohn|Protect|p1a: Groujohn\n|-singleturn|p1a: Groujohn|Protect\n|move|p2b: Zamazenta|Body Press|p1a: Groujohn\n|-activate|p1a: Groujohn|move: Protect\n|move|p1b: Long John|Trick Room|p1b: Long John\n|-fieldstart|move: Trick Room|[of] p1b: Long John\n|\n|-weather|SunnyDay|[upkeep]\n|-heal|p1a: Groujohn|20/100|[from] item: Leftovers\n|-fieldend|move: Electric Terrain\n|upkeep\n|turn|6\n|\n|t:|1769861485\n|-terastallize|p1a: Groujohn|Fire\n|move|p1b: Long John|Helping Hand|p1a: Groujohn\n|-singleturn|p1a: Groujohn|Helping Hand|[of] p1b: Long John\n|move|p1a: Groujohn|Heat Crash|p2b: Zamazenta\n|-supereffective|p2b: Zamazenta\n|-damage|p2b: Zamazenta|63/100\n|move|p2b: Zamazenta|Body Press|p1a: Groujohn\n|-damage|p1a: Groujohn|0 fnt\n|faint|p1a: Groujohn\n|\n|-weather|SunnyDay|[upkeep]\n|upkeep\n|turn|7\n|-message|kelii forfeited.\n|\n|win|ky123456\n|raw|kelii's rating: 1315 &rarr; <strong>1306</strong><br />(-9 for losing)\n|raw|ky123456's rating: 1529 &rarr; <strong>1538</strong><br />(+9 for winning)\n|l|\u2606kelii\n|player|p1|\n|l|\u2606ky123456\n|player|p2|\n","uploadtime":1769861673,"views":11,"formatid":"gen9vgc2026regi","rating":1306,"private":0,"password":null}