{"id":"gen9vgc2026regi-2517770430","format":"[Gen 9] VGC 2026 Reg I","players":["merzeory7","spicy\u2716\ufe0ffamily"],"log":"|j|\u2606merzeory7\n|j|\u2606spicy\u2716\ufe0ffamily\n|t:|1768310469\n|gametype|doubles\n|player|p1|merzeory7|lass|1277\n|player|p2|spicy\u2716\ufe0ffamily|102|1460\n|gen|9\n|tier|[Gen 9] VGC 2026 Reg I\n|rated|\n|rule|Species Clause: Limit one of each Pok\u00e9mon\n|rule|Item Clause: Limit 1 of each item\n|clearpoke\n|poke|p1|Miraidon, L50|\n|poke|p1|Calyrex-Ice, L50|\n|poke|p1|Whimsicott, L50, M|\n|poke|p1|Volcarona, L50, M|\n|poke|p1|Incineroar, L50, M|\n|poke|p1|Urshifu-*, L50, F|\n|poke|p2|Roaring Moon, L50|\n|poke|p2|Groudon, L50|\n|poke|p2|Ho-Oh, L50|\n|poke|p2|Incineroar, L50, F|\n|poke|p2|Raging Bolt, L50|\n|poke|p2|Flutter Mane, L50|\n|teampreview|4\n|inactive|Battle timer is ON: inactive players will automatically lose when time's up. (requested by merzeory7)\n|\n|t:|1768310500\n|teamsize|p1|4\n|teamsize|p2|4\n|start\n|switch|p1a: Incineroar|Incineroar, L50, M|100/100\n|switch|p1b: Calyrex|Calyrex-Ice, L50|100/100\n|switch|p2a: Roaring Moon|Roaring Moon, L50|100/100\n|switch|p2b: Groudon|Groudon, L50|100/100\n|-ability|p1b: Calyrex|As One\n|-ability|p1b: Calyrex|Unnerve\n|-weather|SunnyDay|[from] ability: Drought|[of] p2b: Groudon\n|-activate|p2a: Roaring Moon|ability: Protosynthesis\n|-start|p2a: Roaring Moon|protosynthesisspe\n|-ability|p1a: Incineroar|Intimidate|boost\n|-unboost|p2a: Roaring Moon|atk|1\n|-fail|p2b: Groudon|unboost|[from] item: Clear Amulet|[of] p2b: Groudon\n|turn|1\n|\n|t:|1768310524\n|-end|p2a: Roaring Moon|Protosynthesis|[silent]\n|switch|p2a: Incineroar|Incineroar, L50, F|100/100\n|-ability|p2a: Incineroar|Intimidate|boost\n|-unboost|p1a: Incineroar|atk|1\n|-fail|p1b: Calyrex|unboost|[from] item: Clear Amulet|[of] p1b: Calyrex\n|-terastallize|p1b: Calyrex|Fire\n|move|p2b: Groudon|Protect|p2b: Groudon\n|-singleturn|p2b: Groudon|Protect\n|move|p1a: Incineroar|Knock Off|p2b: Groudon\n|-activate|p2b: Groudon|move: Protect\n|move|p1b: Calyrex|Glacial Lance|p2b: Groudon|[spread] p2a\n|-activate|p2b: Groudon|move: Protect\n|-resisted|p2a: Incineroar\n|-damage|p2a: Incineroar|75/100\n|\n|-weather|SunnyDay|[upkeep]\n|upkeep\n|turn|2\n|inactive|spicy\u2716\ufe0ffamily has 30 seconds left.\n|\n|t:|1768310554\n|switch|p1b: Whimsicott|Whimsicott, L50, M|100/100\n|move|p2a: Incineroar|Fake Out|p1a: Incineroar\n|-damage|p1a: Incineroar|90/100\n|move|p2b: Groudon|Precipice Blades|p1b: Whimsicott|[spread] p1a,p1b\n|-supereffective|p1a: Incineroar\n|-resisted|p1b: Whimsicott\n|-damage|p1a: Incineroar|5/100\n|-damage|p1b: Whimsicott|67/100\n|cant|p1a: Incineroar|flinch\n|\n|-weather|SunnyDay|[upkeep]\n|upkeep\n|turn|3\n|inactive|merzeory7 has 30 seconds left.\n|\n|t:|1768310581\n|move|p1b: Whimsicott|Endeavor|p2b: Groudon\n|-damage|p2b: Groudon|44/100\n|move|p2b: Groudon|Precipice Blades|p1b: Whimsicott|[spread] p1a\n|-miss|p2b: Groudon|p1b: Whimsicott\n|-supereffective|p1a: Incineroar\n|-damage|p1a: Incineroar|0 fnt\n|faint|p1a: Incineroar\n|move|p2a: Incineroar|U-turn|p1b: Whimsicott\n|-damage|p1b: Whimsicott|41/100\n|\n|t:|1768310591\n|switch|p2a: Roaring Moon|Roaring Moon, L50|100/100|[from] U-turn\n|-activate|p2a: Roaring Moon|ability: Protosynthesis\n|-start|p2a: Roaring Moon|protosynthesisspe\n|\n|-weather|SunnyDay|[upkeep]\n|upkeep\n|\n|t:|1768310600\n|switch|p1a: Calyrex|Calyrex-Ice, L50, tera:Fire|100/100\n|-ability|p1a: Calyrex|As One\n|-ability|p1a: Calyrex|Unnerve\n|turn|4\n|\n|t:|1768310611\n|move|p1b: Whimsicott|Tailwind|p1b: Whimsicott\n|-sidestart|p1: merzeory7|move: Tailwind\n|move|p2a: Roaring Moon|Tailwind|p2a: Roaring Moon\n|-sidestart|p2: spicy\u2716\ufe0ffamily|move: Tailwind\n|move|p2b: Groudon|Precipice Blades|p1a: Calyrex|[spread] p1a,p1b\n|-supereffective|p1a: Calyrex\n|-resisted|p1b: Whimsicott\n|-damage|p1a: Calyrex|37/100\n|-damage|p1b: Whimsicott|9/100\n|move|p1a: Calyrex|Glacial Lance|p2a: Roaring Moon|[spread] p2a,p2b\n|-supereffective|p2a: Roaring Moon\n|-supereffective|p2b: Groudon\n|-enditem|p2a: Roaring Moon|Focus Sash\n|-damage|p2a: Roaring Moon|1/100\n|-damage|p2b: Groudon|0 fnt\n|faint|p2b: Groudon\n|-ability|p1a: Calyrex|Chilling Neigh|boost\n|-boost|p1a: Calyrex|atk|1\n|\n|-weather|SunnyDay|[upkeep]\n|upkeep\n|\n|t:|1768310629\n|switch|p2b: Ho-Oh|Ho-Oh, L50|100/100\n|turn|5\n|\n|t:|1768310637\n|move|p1a: Calyrex|Protect|p1a: Calyrex\n|-singleturn|p1a: Calyrex|Protect\n|move|p2a: Roaring Moon|Knock Off|p1b: Whimsicott\n|-resisted|p1b: Whimsicott\n|-damage|p1b: Whimsicott|0 fnt\n|-enditem|p1b: Whimsicott|Focus Sash|[from] move: Knock Off|[of] p2a: Roaring Moon\n|faint|p1b: Whimsicott\n|move|p2b: Ho-Oh|Brave Bird|p1a: Calyrex\n|-activate|p1a: Calyrex|move: Protect\n|\n|-weather|none\n|-end|p2a: Roaring Moon|Protosynthesis\n|upkeep\n|\n|t:|1768310642\n|switch|p1b: Miraidon|Miraidon, L50, shiny|100/100\n|-fieldstart|move: Electric Terrain|[from] ability: Hadron Engine|[of] p1b: Miraidon\n|turn|6\n|\n|t:|1768310655\n|-terastallize|p2b: Ho-Oh|Electric\n|move|p2a: Roaring Moon|Knock Off|p1b: Miraidon\n|-damage|p1b: Miraidon|55/100\n|-enditem|p1b: Miraidon|Covert Cloak|[from] move: Knock Off|[of] p2a: Roaring Moon\n|move|p1b: Miraidon|Electro Drift|p2a: Roaring Moon\n|-resisted|p2a: Roaring Moon\n|-damage|p2a: Roaring Moon|0 fnt\n|faint|p2a: Roaring Moon\n|-end|p2a: Roaring Moon|Protosynthesis|[silent]\n|move|p2b: Ho-Oh|Brave Bird|p1a: Calyrex\n|-crit|p1a: Calyrex\n|-damage|p1a: Calyrex|0 fnt\n|faint|p1a: Calyrex\n|-damage|p2b: Ho-Oh|88/100|[from] Recoil\n|\n|upkeep\n|-message|merzeory7 forfeited.\n|\n|win|spicy\u2716\ufe0ffamily\n|raw|merzeory7's rating: 1277 &rarr; <strong>1264</strong><br />(-13 for losing)\n|raw|spicy\u2716\ufe0ffamily's rating: 1460 &rarr; <strong>1470</strong><br />(+10 for winning)\n|l|\u2606merzeory7\n|player|p1|\n|l|\u2606spicy\u2716\ufe0ffamily\n|player|p2|\n","uploadtime":1768310857,"views":19,"formatid":"gen9vgc2026regi","rating":1264,"private":0,"password":null}