{"id":"gen9vgc2026regi-2561739134","format":"[Gen 9] VGC 2026 Reg I","players":["Highkage2","Realfrytki"],"log":"|j|\u203dHighkage2\n|j|\u2606Realfrytki\n|t:|1773838922\n|gametype|doubles\n|player|p1|Highkage2|doubleteam|1529\n|player|p2|Realfrytki|veteranf|1616\n|gen|9\n|tier|[Gen 9] VGC 2026 Reg I\n|rated|\n|rule|Species Clause: Limit one of each Pok\u00e9mon\n|rule|Item Clause: Limit 1 of each item\n|clearpoke\n|poke|p1|Incineroar, L50, F|\n|poke|p1|Landorus, L50, M|\n|poke|p1|Calyrex-Ice, L50|\n|poke|p1|Miraidon, L50|\n|poke|p1|Farigiraf, L50, M|\n|poke|p1|Pelipper, L50, M|\n|poke|p2|Terapagos, L50, M|\n|poke|p2|Grimmsnarl, L50, M|\n|poke|p2|Volcarona, L50, F|\n|poke|p2|Miraidon, L50|\n|poke|p2|Iron Hands, L50|\n|poke|p2|Amoonguss, L50, M|\n|teampreview|4\n|inactive|Battle timer is ON: inactive players will automatically lose when time's up. (requested by Highkage2)\n|\n|t:|1773838945\n|teamsize|p1|4\n|teamsize|p2|4\n|start\n|switch|p1a: Miraidon|Miraidon, L50|100/100\n|switch|p1b: Incineroar|Incineroar, L50, F|100/100\n|switch|p2a: Grimmsnarl|Grimmsnarl, L50, M|100/100\n|switch|p2b: Terapagos|Terapagos, L50, M|100/100\n|-activate|p2b: Terapagos|ability: Tera Shift\n|detailschange|p2b: Terapagos|Terapagos-Terastal, L50, M\n|-heal|p2b: Terapagos|100/100|[silent]\n|-fieldstart|move: Electric Terrain|[from] ability: Hadron Engine|[of] p1a: Miraidon\n|-ability|p1b: Incineroar|Intimidate|boost\n|-unboost|p2a: Grimmsnarl|atk|1\n|-unboost|p2b: Terapagos|atk|1\n|turn|1\n|\n|t:|1773838969\n|move|p2a: Grimmsnarl|Fake Out|p1a: Miraidon\n|-damage|p1a: Miraidon|93/100\n|cant|p1a: Miraidon|flinch\n|move|p2b: Terapagos|Tera Starstorm|p1a: Miraidon\n|-damage|p1a: Miraidon|26/100\n|move|p1b: Incineroar|Knock Off|p2b: Terapagos\n|-activate|p2b: Terapagos|ability: Tera Shell\n|-resisted|p2b: Terapagos\n|-damage|p2b: Terapagos|82/100\n|-enditem|p2b: Terapagos|Choice Specs|[from] move: Knock Off|[of] p1b: Incineroar\n|\n|upkeep\n|turn|2\n|inactive|Highkage2 has 30 seconds left.\n|\n|t:|1773838997\n|switch|p2a: Iron Hands|Iron Hands, L50|100/100\n|-activate|p2a: Iron Hands|ability: Quark Drive\n|-start|p2a: Iron Hands|quarkdriveatk\n|-terastallize|p2b: Terapagos|Stellar\n|detailschange|p2b: Terapagos|Terapagos-Stellar, L50, M, tera:Stellar\n|-heal|p2b: Terapagos|87/100|[silent]\n|-ability|p2b: Terapagos|Teraform Zero\n|-fieldend|move: Electric Terrain\n|-end|p2a: Iron Hands|Quark Drive\n|move|p1a: Miraidon|Electro Drift|p2a: Iron Hands\n|-resisted|p2a: Iron Hands\n|-damage|p2a: Iron Hands|77/100\n|move|p2b: Terapagos|Tera Starstorm|p1b: Incineroar|[spread] p1a,p1b\n|-damage|p1a: Miraidon|0 fnt\n|-damage|p1b: Incineroar|79/100\n|faint|p1a: Miraidon\n|move|p1b: Incineroar|U-turn|p2a: Iron Hands\n|-resisted|p2a: Iron Hands\n|-crit|p2a: Iron Hands\n|-damage|p2a: Iron Hands|68/100\n|\n|t:|1773839004\n|switch|p1b: Calyrex|Calyrex-Ice, L50|100/100|[from] U-turn\n|-ability|p1b: Calyrex|As One\n|-ability|p1b: Calyrex|Unnerve\n|\n|upkeep\n|\n|t:|1773839007\n|switch|p1a: Incineroar|Incineroar, L50, F|79/100\n|-ability|p1a: Incineroar|Intimidate|boost\n|-unboost|p2a: Iron Hands|atk|1\n|-unboost|p2b: Terapagos|atk|1\n|turn|3\n|\n|t:|1773839032\n|switch|p2b: Grimmsnarl|Grimmsnarl, L50, M|100/100\n|move|p2a: Iron Hands|Fake Out|p1b: Calyrex\n|-crit|p1b: Calyrex\n|-damage|p1b: Calyrex|86/100\n|move|p1a: Incineroar|Fake Out|p2a: Iron Hands\n|-damage|p2a: Iron Hands|60/100\n|cant|p1b: Calyrex|flinch\n|\n|-heal|p1b: Calyrex|92/100|[from] item: Leftovers\n|upkeep\n|turn|4\n|inactive|Highkage2 has 30 seconds left.\n|inactive|Highkage2 has 20 seconds left.\n|inactive|Highkage2 has 15 seconds left.\n|inactive|Highkage2 has 10 seconds left.\n|\n|t:|1773839078\n|switch|p1a: Pelipper|Pelipper, L50, M|100/100\n|-weather|RainDance|[from] ability: Drizzle|[of] p1a: Pelipper\n|-terastallize|p1b: Calyrex|Fairy\n|move|p2b: Grimmsnarl|Foul Play|p1b: Calyrex\n|-resisted|p1b: Calyrex\n|-damage|p1b: Calyrex|74/100\n|move|p2a: Iron Hands|Low Kick|p1a: Pelipper\n|-resisted|p1a: Pelipper\n|-damage|p1a: Pelipper|84/100\n|move|p1b: Calyrex|Trick Room|p1b: Calyrex\n|-fieldstart|move: Trick Room|[of] p1b: Calyrex\n|\n|-weather|RainDance|[upkeep]\n|-heal|p1b: Calyrex|80/100|[from] item: Leftovers\n|upkeep\n|turn|5\n|\n|t:|1773839101\n|switch|p1a: Incineroar|Incineroar, L50, F|79/100\n|-ability|p1a: Incineroar|Intimidate|boost\n|-unboost|p2a: Iron Hands|atk|1\n|-unboost|p2b: Grimmsnarl|atk|1\n|move|p2b: Grimmsnarl|Fake Tears|p1b: Calyrex\n|-unboost|p1b: Calyrex|spd|2\n|move|p1b: Calyrex|Glacial Lance|p2a: Iron Hands|[spread] p2a,p2b\n|-damage|p2a: Iron Hands|21/100\n|-damage|p2b: Grimmsnarl|43/100\n|move|p2a: Iron Hands|Wild Charge|p1a: Incineroar\n|-damage|p1a: Incineroar|59/100\n|-damage|p2a: Iron Hands|16/100|[from] Recoil\n|\n|-weather|RainDance|[upkeep]\n|-heal|p1b: Calyrex|86/100|[from] item: Leftovers\n|upkeep\n|turn|6\n|\n|t:|1773839121\n|move|p2b: Grimmsnarl|Thunder Wave|p1b: Calyrex\n|-status|p1b: Calyrex|par\n|move|p1b: Calyrex|Glacial Lance|p2b: Grimmsnarl|[spread] p2a,p2b\n|-damage|p2a: Iron Hands|0 fnt\n|-damage|p2b: Grimmsnarl|0 fnt\n|faint|p2a: Iron Hands\n|-end|p2a: Iron Hands|Quark Drive|[silent]\n|faint|p2b: Grimmsnarl\n|-ability|p1b: Calyrex|Chilling Neigh|boost\n|-boost|p1b: Calyrex|atk|2\n|move|p1a: Incineroar|U-turn|p2: Iron Hands|[notarget]\n|-fail|p1a: Incineroar\n|\n|-weather|RainDance|[upkeep]\n|-heal|p1b: Calyrex|92/100 par|[from] item: Leftovers\n|upkeep\n|\n|t:|1773839134\n|switch|p2a: Miraidon|Miraidon, L50|100/100\n|switch|p2b: Terapagos|Terapagos-Stellar, L50, M, tera:Stellar|87/100\n|-fieldstart|move: Electric Terrain|[from] ability: Hadron Engine|[of] p2a: Miraidon\n|turn|7\n|\n|t:|1773839141\n|move|p2a: Miraidon|Protect|p2a: Miraidon\n|-singleturn|p2a: Miraidon|Protect\n|move|p1b: Calyrex|Glacial Lance|p2b: Terapagos|[spread] p2b\n|-activate|p2a: Miraidon|move: Protect\n|-damage|p2b: Terapagos|19/100\n|move|p1a: Incineroar|Knock Off|p2b: Terapagos\n|-damage|p2b: Terapagos|1/100\n|move|p2b: Terapagos|Tera Starstorm|p1b: Calyrex|[spread] p1a,p1b\n|-supereffective|p1b: Calyrex\n|-damage|p1a: Incineroar|35/100\n|-damage|p1b: Calyrex|0 fnt\n|faint|p1b: Calyrex\n|\n|-weather|RainDance|[upkeep]\n|upkeep\n|\n|t:|1773839146\n|switch|p1b: Pelipper|Pelipper, L50, M|84/100\n|turn|8\n|inactive|Highkage2 has 30 seconds left.\n|\n|t:|1773839174\n|move|p1a: Incineroar|Knock Off|p2a: Miraidon\n|-damage|p2a: Miraidon|62/100\n|-enditem|p2a: Miraidon|Life Orb|[from] move: Knock Off|[of] p1a: Incineroar\n|move|p1b: Pelipper|Hurricane|p2a: Miraidon\n|-resisted|p2a: Miraidon\n|-damage|p2a: Miraidon|39/100\n|move|p2b: Terapagos|Tera Starstorm|p1a: Incineroar|[spread] p1a,p1b\n|-damage|p1a: Incineroar|12/100\n|-damage|p1b: Pelipper|8/100\n|move|p2a: Miraidon|Electro Drift|p1b: Pelipper\n|-supereffective|p1b: Pelipper\n|-damage|p1b: Pelipper|0 fnt\n|faint|p1b: Pelipper\n|\n|-weather|none\n|-fieldend|move: Trick Room\n|upkeep\n|turn|9\n|-message|Highkage2 forfeited.\n|\n|win|Realfrytki\n|raw|Highkage2's rating: 1529 &rarr; <strong>1514</strong><br />(-15 for losing)\n|raw|Realfrytki's rating: 1616 &rarr; <strong>1631</strong><br />(+15 for winning)\n|l|\u203dHighkage2\n|player|p1|\n|l|\u2606Realfrytki\n|player|p2|\n","uploadtime":1773839418,"views":14,"formatid":"gen9vgc2026regi","rating":1514,"private":0,"password":null}