{"id":"gen9vgc2026regi-2529974240","format":"[Gen 9] VGC 2026 Reg I","players":["yamato-tak","fogdocker"],"log":"|j|\u2606yamato-tak\n|j|\u2606fogdocker\n|t:|1769856744\n|gametype|doubles\n|player|p1|yamato-tak|101|1492\n|player|p2|fogdocker|266|1567\n|gen|9\n|tier|[Gen 9] VGC 2026 Reg I\n|rated|\n|rule|Species Clause: Limit one of each Pok\u00e9mon\n|rule|Item Clause: Limit 1 of each item\n|clearpoke\n|poke|p1|Miraidon, L50|\n|poke|p1|Calyrex-Ice, L50|\n|poke|p1|Volcarona, L50, F|\n|poke|p1|Araquanid, L50, F|\n|poke|p1|Grimmsnarl, L50, M|\n|poke|p1|Entei, L50|\n|poke|p2|Koraidon, L50|\n|poke|p2|Flutter Mane, L50|\n|poke|p2|Calyrex-Ice, L50|\n|poke|p2|Incineroar, L50, M|\n|poke|p2|Rillaboom, L50, M|\n|poke|p2|Amoonguss, L50, F|\n|teampreview|4\n|inactive|Battle timer is ON: inactive players will automatically lose when time's up. (requested by yamato-tak)\n|inactive|fogdocker has 60 seconds left.\n|\n|t:|1769856798\n|teamsize|p1|4\n|teamsize|p2|4\n|start\n|switch|p1a: Grimmsnarl|Grimmsnarl, L50, M, shiny|100/100\n|switch|p1b: Calyrex|Calyrex-Ice, L50|100/100\n|switch|p2a: Koraidon|Koraidon, L50|100/100\n|switch|p2b: Rillaboom|Rillaboom, L50, M|100/100\n|-ability|p1b: Calyrex|As One\n|-ability|p1b: Calyrex|Unnerve\n|-weather|SunnyDay|[from] ability: Orichalcum Pulse|[of] p2a: Koraidon\n|-activate|p2a: Koraidon|Orichalcum Pulse|[source]\n|-fieldstart|move: Grassy Terrain|[from] ability: Grassy Surge|[of] p2b: Rillaboom\n|turn|1\n|inactive|fogdocker has 30 seconds left.\n|\n|t:|1769856824\n|switch|p2b: Incineroar|Incineroar, L50, M|100/100\n|-ability|p2b: Incineroar|Intimidate|boost\n|-unboost|p1a: Grimmsnarl|atk|1\n|-fail|p1b: Calyrex|unboost|[from] item: Clear Amulet|[of] p1b: Calyrex\n|-terastallize|p1b: Calyrex|Fairy\n|move|p2a: Koraidon|Protect|p2a: Koraidon\n|-singleturn|p2a: Koraidon|Protect\n|move|p1a: Grimmsnarl|Reflect|p1a: Grimmsnarl\n|-sidestart|p1: yamato-tak|Reflect\n|move|p1b: Calyrex|Glacial Lance|p2a: Koraidon|[spread] p2b\n|-activate|p2a: Koraidon|move: Protect\n|-resisted|p2b: Incineroar\n|-damage|p2b: Incineroar|81/100\n|\n|-weather|SunnyDay|[upkeep]\n|-heal|p2b: Incineroar|87/100|[from] Grassy Terrain\n|upkeep\n|turn|2\n|inactive|fogdocker has 30 seconds left.\n|\n|t:|1769856855\n|switch|p1b: Araquanid|Araquanid, L50, F, shiny|100/100\n|move|p2b: Incineroar|Fake Out|p1b: Araquanid\n|-damage|p1b: Araquanid|92/100\n|-damage|p2b: Incineroar|71/100|[from] item: Rocky Helmet|[of] p1b: Araquanid\n|move|p1a: Grimmsnarl|Parting Shot|p2a: Koraidon\n|-unboost|p2a: Koraidon|atk|1\n|-unboost|p2a: Koraidon|spa|1\n|\n|t:|1769856869\n|switch|p1a: Calyrex|Calyrex-Ice, L50, tera:Fairy|100/100|[from] Parting Shot\n|-ability|p1a: Calyrex|As One\n|-ability|p1a: Calyrex|Unnerve\n|move|p2a: Koraidon|Flare Blitz|p1b: Araquanid\n|-damage|p1b: Araquanid|64/100\n|-damage|p2a: Koraidon|84/100|[from] item: Rocky Helmet|[of] p1b: Araquanid\n|-damage|p2a: Koraidon|74/100|[from] Recoil\n|-damage|p2a: Koraidon|64/100|[from] item: Life Orb\n|\n|-weather|SunnyDay|[upkeep]\n|-heal|p2a: Koraidon|70/100|[from] Grassy Terrain\n|-heal|p2b: Incineroar|77/100|[from] Grassy Terrain\n|-heal|p1b: Araquanid|70/100|[from] Grassy Terrain\n|upkeep\n|turn|3\n|\n|t:|1769856893\n|switch|p2a: Calyrex|Calyrex-Ice, L50|100/100\n|-ability|p2a: Calyrex|As One\n|-ability|p2a: Calyrex|Unnerve\n|move|p1a: Calyrex|Protect|p1a: Calyrex\n|-singleturn|p1a: Calyrex|Protect\n|move|p2b: Incineroar|Knock Off|p1a: Calyrex\n|-activate|p1a: Calyrex|move: Protect\n|move|p1b: Araquanid|Liquidation|p2b: Incineroar\n|-supereffective|p2b: Incineroar\n|-damage|p2b: Incineroar|29/100\n|\n|-weather|SunnyDay|[upkeep]\n|-heal|p2b: Incineroar|35/100|[from] Grassy Terrain\n|-heal|p1b: Araquanid|75/100|[from] Grassy Terrain\n|upkeep\n|turn|4\n|inactive|yamato-tak has 30 seconds left.\n|\n|t:|1769856923\n|move|p2b: Incineroar|Knock Off|p1a: Calyrex\n|-resisted|p1a: Calyrex\n|-damage|p1a: Calyrex|93/100\n|-enditem|p1a: Calyrex|Clear Amulet|[from] move: Knock Off|[of] p2b: Incineroar\n|move|p1a: Calyrex|Leech Seed|p2a: Calyrex\n|-start|p2a: Calyrex|move: Leech Seed\n|move|p2a: Calyrex|Leech Seed|p1b: Araquanid\n|-start|p1b: Araquanid|move: Leech Seed\n|move|p1b: Araquanid|Liquidation|p2b: Incineroar\n|-supereffective|p2b: Incineroar\n|-damage|p2b: Incineroar|0 fnt\n|faint|p2b: Incineroar\n|\n|-weather|SunnyDay|[upkeep]\n|-heal|p1a: Calyrex|99/100|[from] Grassy Terrain\n|-heal|p1b: Araquanid|81/100|[from] Grassy Terrain\n|-damage|p2a: Calyrex|88/100|[from] Leech Seed|[of] p1a: Calyrex\n|-heal|p1a: Calyrex|100/100|[silent]\n|-damage|p1b: Araquanid|69/100|[from] Leech Seed|[of] p2a: Calyrex\n|-heal|p2a: Calyrex|99/100|[silent]\n|upkeep\n|\n|t:|1769856942\n|switch|p2b: Koraidon|Koraidon, L50|70/100\n|-activate|p2b: Koraidon|ability: Orichalcum Pulse\n|turn|5\n|inactive|yamato-tak has 30 seconds left.\n|inactive|fogdocker has 30 seconds left.\n|\n|t:|1769856972\n|switch|p2b: Rillaboom|Rillaboom, L50, M|100/100\n|switch|p1b: Grimmsnarl|Grimmsnarl, L50, M, shiny|100/100\n|move|p1a: Calyrex|Leech Seed|p2b: Rillaboom\n|-immune|p2b: Rillaboom\n|move|p2a: Calyrex|Leech Seed|p1a: Calyrex\n|-start|p1a: Calyrex|move: Leech Seed\n|\n|-weather|none\n|-heal|p2a: Calyrex|100/100|[from] Grassy Terrain\n|-damage|p1a: Calyrex|88/100|[from] Leech Seed|[of] p2a: Calyrex\n|-damage|p2a: Calyrex|88/100|[from] Leech Seed|[of] p1a: Calyrex\n|-heal|p1a: Calyrex|100/100|[silent]\n|-fieldend|move: Grassy Terrain\n|upkeep\n|turn|6\n|inactive|fogdocker has 30 seconds left.\n|\n|t:|1769857004\n|switch|p1a: Araquanid|Araquanid, L50, F, shiny|69/100\n|switch|p2a: Koraidon|Koraidon, L50|70/100\n|-weather|SunnyDay|[from] ability: Orichalcum Pulse|[of] p2a: Koraidon\n|-activate|p2a: Koraidon|Orichalcum Pulse|[source]\n|move|p2b: Rillaboom|Fake Out|p1a: Araquanid\n|-damage|p1a: Araquanid|59/100\n|-damage|p2b: Rillaboom|84/100|[from] item: Rocky Helmet|[of] p1a: Araquanid\n|move|p1b: Grimmsnarl|Parting Shot|p2b: Rillaboom\n|-unboost|p2b: Rillaboom|atk|1\n|-unboost|p2b: Rillaboom|spa|1\n|\n|t:|1769857020\n|switch|p1b: Calyrex|Calyrex-Ice, L50, tera:Fairy|100/100|[from] Parting Shot\n|-ability|p1b: Calyrex|As One\n|-ability|p1b: Calyrex|Unnerve\n|\n|-weather|SunnyDay|[upkeep]\n|upkeep\n|turn|7\n|\n|t:|1769857032\n|switch|p2b: Calyrex|Calyrex-Ice, L50|88/100\n|-ability|p2b: Calyrex|As One\n|-ability|p2b: Calyrex|Unnerve\n|move|p2a: Koraidon|Protect|p2a: Koraidon\n|-singleturn|p2a: Koraidon|Protect\n|move|p1b: Calyrex|Glacial Lance|p2a: Koraidon|[spread] p2b\n|-activate|p2a: Koraidon|move: Protect\n|-resisted|p2b: Calyrex\n|-damage|p2b: Calyrex|72/100\n|move|p1a: Araquanid|Leech Life|p2b: Calyrex\n|-supereffective|p2b: Calyrex\n|-damage|p2b: Calyrex|34/100\n|-heal|p1a: Araquanid|82/100|[from] drain|[of] p2b: Calyrex\n|\n|-weather|SunnyDay|[upkeep]\n|-heal|p2b: Calyrex|40/100|[from] item: Leftovers\n|upkeep\n|turn|8\n|inactive|fogdocker has 30 seconds left.\n|\n|t:|1769857057\n|-terastallize|p2a: Koraidon|Fire\n|move|p2b: Calyrex|Protect|p2b: Calyrex\n|-singleturn|p2b: Calyrex|Protect\n|move|p2a: Koraidon|Flare Blitz|p1a: Araquanid\n|-damage|p1a: Araquanid|22/100\n|-damage|p2a: Koraidon|54/100|[from] item: Rocky Helmet|[of] p1a: Araquanid\n|-damage|p2a: Koraidon|34/100|[from] Recoil\n|-damage|p2a: Koraidon|24/100|[from] item: Life Orb\n|move|p1b: Calyrex|Glacial Lance|p2b: Calyrex|[spread] p2a\n|-activate|p2b: Calyrex|move: Protect\n|-resisted|p2a: Koraidon\n|-damage|p2a: Koraidon|0 fnt\n|faint|p2a: Koraidon\n|-ability|p1b: Calyrex|Chilling Neigh|boost\n|-boost|p1b: Calyrex|atk|1\n|move|p1a: Araquanid|Leech Life|p2b: Calyrex\n|-activate|p2b: Calyrex|move: Protect\n|\n|-weather|SunnyDay|[upkeep]\n|-heal|p2b: Calyrex|45/100|[from] item: Leftovers\n|-sideend|p1: yamato-tak|Reflect\n|upkeep\n|-message|fogdocker forfeited.\n|\n|win|yamato-tak\n|raw|yamato-tak's rating: 1492 &rarr; <strong>1516</strong><br />(+24 for winning)\n|raw|fogdocker's rating: 1567 &rarr; <strong>1543</strong><br />(-24 for losing)\n|l|\u2606fogdocker\n|player|p2|\n|l|\u2606yamato-tak\n|player|p1|\n","uploadtime":1769857203,"views":25,"formatid":"gen9vgc2026regi","rating":1516,"private":0,"password":null}