{"id":"gen9vgc2026regi-2570062367","format":"[Gen 9] VGC 2026 Reg I","players":["casper427","dasabe\u76d6\u6b27\u5361\u4fa0"],"log":"|j|\u2606casper427\n|j|\u2606dasabe\u76d6\u6b27\u5361\u4fa0\n|t:|1774763611\n|gametype|doubles\n|player|p1|casper427|170|1347\n|player|p2|dasabe\u76d6\u6b27\u5361\u4fa0|may-masters4|1586\n|gen|9\n|tier|[Gen 9] VGC 2026 Reg I\n|rated|\n|rule|Species Clause: Limit one of each Pok\u00e9mon\n|rule|Item Clause: Limit 1 of each item\n|clearpoke\n|poke|p1|Calyrex-Shadow, L50|\n|poke|p1|Zamazenta-*, L50|\n|poke|p1|Whimsicott, L50, M|\n|poke|p1|Raging Bolt, L50|\n|poke|p1|Chien-Pao, L50|\n|poke|p1|Ogerpon-Hearthflame, L50, F|\n|poke|p2|Calyrex-Shadow, L50|\n|poke|p2|Koraidon, L50|\n|poke|p2|Chi-Yu, L50|\n|poke|p2|Tornadus, L50, M|\n|poke|p2|Indeedee-F, L50, F|\n|poke|p2|Smeargle, L50, F|\n|teampreview|4\n|\n|t:|1774763629\n|teamsize|p1|4\n|teamsize|p2|4\n|start\n|switch|p1a: Calyrex|Calyrex-Shadow, L50|100/100\n|switch|p1b: Whimsicott|Whimsicott, L50, M|100/100\n|switch|p2a: \u6545\u5927\u5305\u52d2|Koraidon, L50, shiny|100/100\n|switch|p2b: \u7d2b\u5c3e\u723d\u98de|Tornadus, L50, M, shiny|100/100\n|-ability|p1a: Calyrex|As One\n|-ability|p1a: Calyrex|Unnerve\n|-weather|SunnyDay|[from] ability: Orichalcum Pulse|[of] p2a: \u6545\u5927\u5305\u52d2\n|-activate|p2a: \u6545\u5927\u5305\u52d2|Orichalcum Pulse|[source]\n|turn|1\n|\n|t:|1774763659\n|switch|p1a: Raging Bolt|Raging Bolt, L50|100/100\n|-activate|p1a: Raging Bolt|ability: Protosynthesis\n|-start|p1a: Raging Bolt|protosynthesisspa\n|-terastallize|p2a: \u6545\u5927\u5305\u52d2|Fire\n|move|p1b: Whimsicott|Fake Tears|p2a: \u6545\u5927\u5305\u52d2\n|-unboost|p2a: \u6545\u5927\u5305\u52d2|spd|2\n|move|p2b: \u7d2b\u5c3e\u723d\u98de|Tailwind|p2b: \u7d2b\u5c3e\u723d\u98de\n|-sidestart|p2: dasabe\u76d6\u6b27\u5361\u4fa0|move: Tailwind\n|move|p2a: \u6545\u5927\u5305\u52d2|Flame Charge|p1a: Raging Bolt\n|-resisted|p1a: Raging Bolt\n|-damage|p1a: Raging Bolt|67/100\n|-boost|p2a: \u6545\u5927\u5305\u52d2|spe|1\n|-damage|p2a: \u6545\u5927\u5305\u52d2|91/100|[from] item: Life Orb\n|\n|-weather|SunnyDay|[upkeep]\n|upkeep\n|turn|2\n|\n|t:|1774763676\n|switch|p2b: \u4f8d\u7684\u6211\u7231\u5bfc\u7ba1|Indeedee-F, L50, F, shiny|100/100\n|-fieldstart|move: Psychic Terrain|[from] ability: Psychic Surge|[of] p2b: \u4f8d\u7684\u6211\u7231\u5bfc\u7ba1\n|move|p1b: Whimsicott|Encore|p2b: \u4f8d\u7684\u6211\u7231\u5bfc\u7ba1\n|-activate|p2b: \u4f8d\u7684\u6211\u7231\u5bfc\u7ba1|move: Psychic Terrain\n|move|p1a: Raging Bolt|Thunderclap|p2a: \u6545\u5927\u5305\u52d2\n|-activate|p2a: \u6545\u5927\u5305\u52d2|move: Psychic Terrain\n|move|p2a: \u6545\u5927\u5305\u52d2|Close Combat|p1a: Raging Bolt\n|-damage|p1a: Raging Bolt|0 fnt\n|-unboost|p2a: \u6545\u5927\u5305\u52d2|def|1\n|-unboost|p2a: \u6545\u5927\u5305\u52d2|spd|1\n|faint|p1a: Raging Bolt\n|-end|p1a: Raging Bolt|Protosynthesis|[silent]\n|-damage|p2a: \u6545\u5927\u5305\u52d2|81/100|[from] item: Life Orb\n|\n|-weather|SunnyDay|[upkeep]\n|upkeep\n|\n|t:|1774763684\n|switch|p1a: Zamazenta|Zamazenta-Crowned, L50|100/100\n|-ability|p1a: Zamazenta|Dauntless Shield|boost\n|-boost|p1a: Zamazenta|def|1\n|turn|3\n|\n|t:|1774763691\n|-terastallize|p1a: Zamazenta|Dragon\n|move|p2b: \u4f8d\u7684\u6211\u7231\u5bfc\u7ba1|Follow Me|p2b: \u4f8d\u7684\u6211\u7231\u5bfc\u7ba1\n|-singleturn|p2b: \u4f8d\u7684\u6211\u7231\u5bfc\u7ba1|move: Follow Me\n|move|p1b: Whimsicott|Tailwind|p1b: Whimsicott\n|-sidestart|p1: casper427|move: Tailwind\n|move|p2a: \u6545\u5927\u5305\u52d2|Flame Charge|p1b: Whimsicott\n|-supereffective|p1b: Whimsicott\n|-damage|p1b: Whimsicott|0 fnt\n|-boost|p2a: \u6545\u5927\u5305\u52d2|spe|1\n|faint|p1b: Whimsicott\n|-damage|p2a: \u6545\u5927\u5305\u52d2|72/100|[from] item: Life Orb\n|move|p1a: Zamazenta|Body Press|p2b: \u4f8d\u7684\u6211\u7231\u5bfc\u7ba1\n|-damage|p2b: \u4f8d\u7684\u6211\u7231\u5bfc\u7ba1|36/100\n|-enditem|p2b: \u4f8d\u7684\u6211\u7231\u5bfc\u7ba1|Eject Button\n|\n|t:|1774763697\n|switch|p2b: \u7d2b\u5c3e\u723d\u98de|Tornadus, L50, M, shiny|100/100\n|\n|-weather|SunnyDay|[upkeep]\n|upkeep\n|j| CidKagenou87\n|\n|t:|1774763700\n|switch|p1b: Calyrex|Calyrex-Shadow, L50|100/100\n|-ability|p1b: Calyrex|As One\n|-ability|p1b: Calyrex|Unnerve\n|turn|4\n|\n|t:|1774763705\n|move|p1b: Calyrex|Protect|p1b: Calyrex\n|-singleturn|p1b: Calyrex|Protect\n|move|p2a: \u6545\u5927\u5305\u52d2|Flame Charge|p1b: Calyrex\n|-activate|p1b: Calyrex|move: Protect\n|move|p2b: \u7d2b\u5c3e\u723d\u98de|Bleakwind Storm|p1a: Zamazenta|[spread] p1a\n|-activate|p1b: Calyrex|move: Protect\n|-damage|p1a: Zamazenta|80/100\n|-unboost|p1a: Zamazenta|spe|1\n|move|p1a: Zamazenta|Body Press|p2a: \u6545\u5927\u5305\u52d2\n|-damage|p2a: \u6545\u5927\u5305\u52d2|0 fnt\n|faint|p2a: \u6545\u5927\u5305\u52d2\n|\n|-weather|SunnyDay|[upkeep]\n|-sideend|p2: dasabe\u76d6\u6b27\u5361\u4fa0|move: Tailwind\n|upkeep\n|\n|t:|1774763713\n|switch|p2a: \u9a6c\u6b7b\u4e86|Calyrex-Shadow, L50|100/100\n|-ability|p2a: \u9a6c\u6b7b\u4e86|As One\n|-ability|p2a: \u9a6c\u6b7b\u4e86|Unnerve\n|turn|5\n|\n|t:|1774763723\n|move|p1a: Zamazenta|Wide Guard|p1a: Zamazenta\n|-singleturn|p1a: Zamazenta|Wide Guard\n|move|p2b: \u7d2b\u5c3e\u723d\u98de|Tailwind|p2b: \u7d2b\u5c3e\u723d\u98de\n|-sidestart|p2: dasabe\u76d6\u6b27\u5361\u4fa0|move: Tailwind\n|move|p2a: \u9a6c\u6b7b\u4e86|Shadow Ball|p1b: Calyrex\n|-supereffective|p1b: Calyrex\n|-damage|p1b: Calyrex|0 fnt\n|faint|p1b: Calyrex\n|-ability|p2a: \u9a6c\u6b7b\u4e86|Grim Neigh|boost\n|-boost|p2a: \u9a6c\u6b7b\u4e86|spa|1\n|\n|-weather|none\n|upkeep\n|turn|6\n|n|!casper427|casper427\n|-message|casper427 forfeited.\n|\n|win|dasabe\u76d6\u6b27\u5361\u4fa0\n|raw|casper427's rating: 1347 &rarr; <strong>1339</strong><br />(-8 for losing)\n|raw|dasabe\u76d6\u6b27\u5361\u4fa0's rating: 1586 &rarr; <strong>1594</strong><br />(+8 for winning)\n|l|\u2606dasabe\u76d6\u6b27\u5361\u4fa0\n|player|p2|\n|l| CidKagenou87\n","uploadtime":1774763735,"views":16,"formatid":"gen9vgc2026regi","rating":1339,"private":0,"password":null}