{"id":"gen9vgc2026regi-2559343858","format":"[Gen 9] VGC 2026 Reg I","players":["Odddish262","sheeshshane925"],"log":"|j|\u2606Odddish262\n|j|\u2606sheeshshane925\n|t:|1773549456\n|gametype|doubles\n|player|p1|Odddish262|caitlin|1355\n|player|p2|sheeshshane925|chuck|1359\n|gen|9\n|tier|[Gen 9] VGC 2026 Reg I\n|rated|\n|rule|Species Clause: Limit one of each Pok\u00e9mon\n|rule|Item Clause: Limit 1 of each item\n|clearpoke\n|poke|p1|Groudon, L50|\n|poke|p1|Chi-Yu, L50|\n|poke|p1|Flutter Mane, L50|\n|poke|p1|Raging Bolt, L50|\n|poke|p1|Calyrex-Ice, L50|\n|poke|p1|Jumpluff, L50, F|\n|poke|p2|Calyrex-Ice, L50|\n|poke|p2|Miraidon, L50|\n|poke|p2|Farigiraf, L50, M|\n|poke|p2|Iron Hands, L50|\n|poke|p2|Scraggy, L50, M|\n|poke|p2|Iron Bundle, L50|\n|teampreview|4\n|inactive|Battle timer is ON: inactive players will automatically lose when time's up. (requested by Odddish262)\n|j| tunderblader\n|inactive|Odddish262 has 60 seconds left.\n|\n|t:|1773549488\n|teamsize|p1|4\n|teamsize|p2|4\n|start\n|switch|p1a: juh|Jumpluff, L50, F|100/100\n|switch|p1b: suh|Calyrex-Ice, L50|100/100\n|switch|p2a: Miraidon|Miraidon, L50, shiny|100/100\n|switch|p2b: Farigiraf|Farigiraf, L50, M, shiny|100/100\n|-ability|p1b: suh|As One\n|-ability|p1b: suh|Unnerve\n|-fieldstart|move: Electric Terrain|[from] ability: Hadron Engine|[of] p2a: Miraidon\n|-enditem|p2b: Farigiraf|Electric Seed\n|-boost|p2b: Farigiraf|def|1|[from] item: Electric Seed\n|turn|1\n|inactive|sheeshshane925 has 30 seconds left.\n|inactive|sheeshshane925 has 20 seconds left.\n|inactive|sheeshshane925 has 15 seconds left.\n|inactive|sheeshshane925 has 10 seconds left.\n|\n|t:|1773549536\n|move|p1a: juh|Pollen Puff|p1b: suh\n|move|p2a: Miraidon|Volt Switch|p1b: suh\n|-damage|p1b: suh|42/100\n|-enditem|p1b: suh|Sitrus Berry|[eat]\n|-heal|p1b: suh|67/100|[from] item: Sitrus Berry\n|-damage|p2a: Miraidon|91/100|[from] item: Life Orb\n|\n|t:|1773549544\n|switch|p2a: Calyrex|Calyrex-Ice, L50|100/100|[from] Volt Switch\n|-ability|p2a: Calyrex|As One\n|-ability|p2a: Calyrex|Unnerve\n|move|p1b: suh|Imprison|p1b: suh\n|-start|p1b: suh|move: Imprison\n|cant|p2b: Farigiraf|move: Imprison|Trick Room\n|\n|upkeep\n|turn|2\n|\n|t:|1773549558\n|move|p2a: Calyrex|Protect|p2a: Calyrex\n|-singleturn|p2a: Calyrex|Protect\n|move|p1a: juh|Pollen Puff|p1b: suh\n|-heal|p1b: suh|100/100\n|move|p2b: Farigiraf|Foul Play|p1b: suh\n|-supereffective|p1b: suh\n|-damage|p1b: suh|62/100\n|move|p1b: suh|Leech Seed|p2a: Calyrex\n|-activate|p2a: Calyrex|move: Protect\n|\n|upkeep\n|turn|3\n|\n|t:|1773549576\n|switch|p2a: Scraggy|Scraggy, L50, M|100/100\n|-ability|p2a: Scraggy|Intimidate|boost\n|-unboost|p1a: juh|atk|1\n|-unboost|p1b: suh|atk|1\n|-terastallize|p1b: suh|Water\n|move|p1a: juh|Pollen Puff|p1b: suh\n|-heal|p1b: suh|100/100\n|move|p2b: Farigiraf|Psychic|p1a: juh\n|-damage|p1a: juh|70/100\n|move|p1b: suh|Leech Seed|p2b: Farigiraf\n|-start|p2b: Farigiraf|move: Leech Seed\n|\n|-damage|p2b: Farigiraf|88/100|[from] Leech Seed|[of] p1b: suh\n|upkeep\n|turn|4\n|inactive|sheeshshane925 has 30 seconds left.\n|inactive|sheeshshane925 has 20 seconds left.\n|inactive|sheeshshane925 has 15 seconds left.\n|\n|t:|1773549616\n|switch|p2b: Miraidon|Miraidon, L50, shiny|91/100\n|-activate|p2b: Miraidon|ability: Hadron Engine\n|move|p2a: Scraggy|Fake Out|p1b: suh\n|-damage|p1b: suh|96/100\n|move|p1a: juh|Encore|p2a: Scraggy\n|-start|p2a: Scraggy|Encore\n|cant|p1b: suh|flinch\n|\n|upkeep\n|turn|5\n|\n|t:|1773549636\n|switch|p1b: buh|Groudon, L50|100/100\n|-weather|SunnyDay|[from] ability: Drought|[of] p1b: buh\n|switch|p2a: Farigiraf|Farigiraf, L50, M, shiny|88/100\n|move|p1a: juh|Tailwind|p1a: juh\n|-sidestart|p1: Odddish262|move: Tailwind\n|move|p2b: Miraidon|Electro Drift|p1b: buh\n|-immune|p1b: buh\n|\n|-weather|SunnyDay|[upkeep]\n|-fieldend|move: Electric Terrain\n|upkeep\n|turn|6\n|\n|t:|1773549652\n|-terastallize|p2b: Miraidon|Fairy\n|move|p1a: juh|Sleep Powder|p2a: Farigiraf\n|-status|p2a: Farigiraf|slp|[from] move: Sleep Powder\n|move|p1b: buh|Precipice Blades|p2b: Miraidon|[spread] p2b\n|-miss|p1b: buh|p2a: Farigiraf\n|-damage|p2b: Miraidon|45/100\n|move|p2b: Miraidon|Dazzling Gleam|p1b: buh|[spread] p1a,p1b\n|-damage|p1a: juh|27/100\n|-damage|p1b: buh|71/100\n|-damage|p2b: Miraidon|36/100|[from] item: Life Orb\n|cant|p2a: Farigiraf|slp\n|\n|-weather|SunnyDay|[upkeep]\n|upkeep\n|turn|7\n|\n|t:|1773549673\n|switch|p2b: Calyrex|Calyrex-Ice, L50|100/100\n|-ability|p2b: Calyrex|As One\n|-ability|p2b: Calyrex|Unnerve\n|move|p1a: juh|Pollen Puff|p1b: buh\n|-heal|p1b: buh|100/100\n|move|p1b: buh|Precipice Blades|p2b: Calyrex|[spread] p2a,p2b\n|-damage|p2a: Farigiraf|49/100 slp\n|-damage|p2b: Calyrex|71/100\n|cant|p2a: Farigiraf|slp\n|\n|-weather|SunnyDay|[upkeep]\n|upkeep\n|turn|8\n|\n|t:|1773549691\n|switch|p2a: Miraidon|Miraidon, L50, shiny, tera:Fairy|36/100\n|-fieldstart|move: Electric Terrain|[from] ability: Hadron Engine|[of] p2a: Miraidon\n|move|p1a: juh|Pollen Puff|p2b: Calyrex\n|-supereffective|p2b: Calyrex\n|-damage|p2b: Calyrex|55/100\n|move|p1b: buh|Precipice Blades|p2b: Calyrex|[spread] p2b\n|-miss|p1b: buh|p2a: Miraidon\n|-damage|p2b: Calyrex|21/100\n|move|p2b: Calyrex|Glacial Lance|p1a: juh|[spread] p1a,p1b\n|-supereffective|p1a: juh\n|-supereffective|p1b: buh\n|-damage|p1a: juh|0 fnt\n|-damage|p1b: buh|18/100\n|faint|p1a: juh\n|-ability|p2b: Calyrex|Chilling Neigh|boost\n|-boost|p2b: Calyrex|atk|1\n|\n|-weather|SunnyDay|[upkeep]\n|-sideend|p1: Odddish262|move: Tailwind\n|upkeep\n|\n|t:|1773549706\n|switch|p1a: cuh|Chi-Yu, L50|100/100\n|-ability|p1a: cuh|Beads of Ruin\n|turn|9\n|\n|t:|1773549724\n|move|p2b: Calyrex|Protect|p2b: Calyrex\n|-singleturn|p2b: Calyrex|Protect\n|move|p1a: cuh|Heat Wave|p2b: Calyrex|[spread] p2a\n|-activate|p2b: Calyrex|move: Protect\n|-damage|p2a: Miraidon|0 fnt\n|faint|p2a: Miraidon\n|move|p1b: buh|Precipice Blades|p2b: Calyrex\n|-activate|p2b: Calyrex|move: Protect\n|\n|-weather|none\n|upkeep\n|\n|t:|1773549729\n|switch|p2a: Scraggy|Scraggy, L50, M|100/100\n|-ability|p2a: Scraggy|Intimidate|boost\n|-unboost|p1a: cuh|atk|1\n|-unboost|p1b: buh|atk|1\n|turn|10\n|\n|t:|1773549744\n|move|p2a: Scraggy|Fake Out|p1a: cuh\n|-damage|p1a: cuh|89/100\n|cant|p1a: cuh|flinch\n|move|p1b: buh|High Horsepower|p2b: Calyrex\n|-damage|p2b: Calyrex|0 fnt\n|faint|p2b: Calyrex\n|\n|upkeep\n|-message|sheeshshane925 forfeited.\n|\n|win|Odddish262\n|raw|Odddish262's rating: 1355 &rarr; <strong>1375</strong><br />(+20 for winning)\n|raw|sheeshshane925's rating: 1359 &rarr; <strong>1339</strong><br />(-20 for losing)\n|l|\u2606sheeshshane925\n|player|p2|\n|l| tunderblader\n|l|\u2606Odddish262\n|player|p1|\n","uploadtime":1773549962,"views":12,"formatid":"gen9vgc2026regi","rating":1339,"private":0,"password":null}