{"id":"gen9vgc2026regi-2591219869","format":"[Gen 9] VGC 2026 Reg I","players":["Harry Koekenpan","Sunny_zong2"],"log":"|j|\u2606Harry Koekenpan\n|j|\u2606Sunny_zong2\n|t:|1776882203\n|gametype|doubles\n|player|p1|Harry Koekenpan|101|1490\n|player|p2|Sunny_zong2|bugsy|1460\n|gen|9\n|tier|[Gen 9] VGC 2026 Reg I\n|rated|\n|rule|Species Clause: Limit one of each Pok\u00e9mon\n|rule|Item Clause: Limit 1 of each item\n|clearpoke\n|poke|p1|Weezing-Galar, L50, F|\n|poke|p1|Calyrex-Shadow, L50|\n|poke|p1|Regigigas, L50|\n|poke|p1|Koraidon, L50|\n|poke|p1|Chi-Yu, L50|\n|poke|p1|Brute Bonnet, L50|\n|poke|p2|Glimmora, L50, F|\n|poke|p2|Eternatus, L50|\n|poke|p2|Miraidon, L50|\n|poke|p2|Annihilape, L50, F|\n|poke|p2|Wo-Chien, L50|\n|poke|p2|Grimmsnarl, L50, M|\n|teampreview|4\n|inactive|Battle timer is ON: inactive players will automatically lose when time's up. (requested by Sunny_zong2)\n|inactive|Harry Koekenpan has 60 seconds left.\n|inactive|Sunny_zong2 has 60 seconds left.\n|inactive|Harry Koekenpan has 30 seconds left.\n|\n|t:|1776882273\n|teamsize|p1|4\n|teamsize|p2|4\n|start\n|switch|p1a: Koraidon|Koraidon, L50|100/100\n|switch|p1b: Brute Bonnet|Brute Bonnet, L50|100/100\n|switch|p2a: Grimmsnarl|Grimmsnarl, L50, M|100/100\n|switch|p2b: Glimmora|Glimmora, L50, F|100/100\n|-weather|SunnyDay|[from] ability: Orichalcum Pulse|[of] p1a: Koraidon\n|-activate|p1b: Brute Bonnet|ability: Protosynthesis\n|-start|p1b: Brute Bonnet|protosynthesisdef\n|-activate|p1a: Koraidon|Orichalcum Pulse|[source]\n|turn|1\n|\n|t:|1776882297\n|-terastallize|p1a: Koraidon|Fire\n|move|p2a: Grimmsnarl|Reflect|p2a: Grimmsnarl\n|-sidestart|p2: Sunny_zong2|Reflect\n|move|p1a: Koraidon|Flare Blitz|p2a: Grimmsnarl\n|-damage|p2a: Grimmsnarl|0 fnt\n|faint|p2a: Grimmsnarl\n|-damage|p1a: Koraidon|62/100|[from] Recoil\n|move|p2b: Glimmora|Mortal Spin|p1a: Koraidon|[spread] p1a,p1b\n|-supereffective|p1b: Brute Bonnet\n|-damage|p1a: Koraidon|57/100\n|-damage|p1b: Brute Bonnet|95/100\n|-status|p1a: Koraidon|psn\n|move|p1b: Brute Bonnet|Spore|p2b: Glimmora\n|-status|p2b: Glimmora|slp|[from] move: Spore\n|\n|-weather|SunnyDay|[upkeep]\n|-damage|p1a: Koraidon|45/100 psn|[from] psn\n|upkeep\n|\n|t:|1776882301\n|switch|p2a: Wo-Chien|Wo-Chien, L50|100/100\n|-ability|p2a: Wo-Chien|Tablets of Ruin\n|turn|2\n|inactive|Harry Koekenpan has 30 seconds left.\n|\n|t:|1776882331\n|move|p2a: Wo-Chien|Protect|p2a: Wo-Chien\n|-singleturn|p2a: Wo-Chien|Protect\n|move|p1a: Koraidon|Flare Blitz|p2a: Wo-Chien\n|-activate|p2a: Wo-Chien|move: Protect\n|cant|p2b: Glimmora|slp\n|move|p1b: Brute Bonnet|Seed Bomb|p2a: Wo-Chien\n|-activate|p2a: Wo-Chien|move: Protect\n|\n|-weather|SunnyDay|[upkeep]\n|-damage|p1a: Koraidon|32/100 psn|[from] psn\n|upkeep\n|turn|3\n|\n|t:|1776882346\n|switch|p2a: Eternatus|Eternatus, L50|100/100\n|-ability|p2a: Eternatus|Pressure\n|move|p1a: Koraidon|Flare Blitz|p2a: Eternatus\n|-resisted|p2a: Eternatus\n|-damage|p2a: Eternatus|69/100\n|-status|p2a: Eternatus|brn\n|-damage|p1a: Koraidon|18/100 psn|[from] Recoil\n|cant|p2b: Glimmora|slp\n|move|p1b: Brute Bonnet|Seed Bomb|p2a: Eternatus\n|-resisted|p2a: Eternatus\n|-damage|p2a: Eternatus|65/100 brn\n|\n|-weather|SunnyDay|[upkeep]\n|-heal|p2a: Eternatus|71/100 brn|[from] item: Leftovers\n|-damage|p1a: Koraidon|5/100 psn|[from] psn\n|-damage|p2a: Eternatus|65/100 brn|[from] brn\n|upkeep\n|turn|4\n|inactive|Harry Koekenpan has 30 seconds left.\n|\n|t:|1776882380\n|move|p2a: Eternatus|Protect|p2a: Eternatus\n|-singleturn|p2a: Eternatus|Protect\n|move|p1a: Koraidon|Flare Blitz|p2b: Glimmora\n|-resisted|p2b: Glimmora\n|-damage|p2b: Glimmora|45/100 slp\n|-activate|p2b: Glimmora|ability: Toxic Debris\n|-sidestart|p1: Harry Koekenpan|move: Toxic Spikes\n|-damage|p1a: Koraidon|0 fnt|[from] Recoil\n|faint|p1a: Koraidon\n|-curestatus|p2b: Glimmora|slp|[msg]\n|move|p2b: Glimmora|Toxic Spikes|p1b: Brute Bonnet\n|-sidestart|p1: Harry Koekenpan|move: Toxic Spikes\n|move|p1b: Brute Bonnet|Seed Bomb|p2b: Glimmora\n|-damage|p2b: Glimmora|16/100\n|\n|-weather|SunnyDay|[upkeep]\n|-heal|p2a: Eternatus|71/100 brn|[from] item: Leftovers\n|-damage|p2a: Eternatus|65/100 brn|[from] brn\n|upkeep\n|\n|t:|1776882400\n|switch|p1a: Weezing|Weezing-Galar, L50, F|100/100\n|-ability|p1a: Weezing|Neutralizing Gas\n|-sideend|p1: Harry Koekenpan|move: Toxic Spikes|[of] p1a: Weezing\n|turn|5\n|\n|t:|1776882422\n|move|p1b: Brute Bonnet|Sucker Punch|p2b: Glimmora\n|-damage|p2b: Glimmora|0 fnt\n|faint|p2b: Glimmora\n|move|p2a: Eternatus|Sludge Bomb|p1a: Weezing\n|-damage|p1a: Weezing|53/100\n|move|p1a: Weezing|Sludge Bomb|p2a: Eternatus\n|-resisted|p2a: Eternatus\n|-damage|p2a: Eternatus|56/100 brn\n|\n|-weather|none\n|-heal|p2a: Eternatus|62/100 brn|[from] item: Leftovers\n|-damage|p2a: Eternatus|56/100 brn|[from] brn\n|upkeep\n|\n|t:|1776882424\n|switch|p2b: Wo-Chien|Wo-Chien, L50|100/100\n|turn|6\n|inactive|Sunny_zong2 has 30 seconds left.\n|inactive|Harry Koekenpan has 30 seconds left.\n|\n|t:|1776882459\n|-terastallize|p2a: Eternatus|Grass\n|move|p2a: Eternatus|Cosmic Power|p2a: Eternatus\n|-boost|p2a: Eternatus|def|1\n|-boost|p2a: Eternatus|spd|1\n|move|p2b: Wo-Chien|Leech Seed|p1a: Weezing\n|-start|p1a: Weezing|move: Leech Seed\n|move|p1a: Weezing|Sludge Bomb|p2b: Wo-Chien\n|-supereffective|p2b: Wo-Chien\n|-damage|p2b: Wo-Chien|71/100\n|-status|p2b: Wo-Chien|psn\n|move|p1b: Brute Bonnet|Seed Bomb|p2a: Eternatus\n|-resisted|p2a: Eternatus\n|-damage|p2a: Eternatus|51/100 brn\n|\n|-heal|p2a: Eternatus|57/100 brn|[from] item: Leftovers\n|-damage|p1a: Weezing|41/100|[from] Leech Seed|[of] p2b: Wo-Chien\n|-heal|p2b: Wo-Chien|82/100 psn|[silent]\n|-damage|p2b: Wo-Chien|70/100 psn|[from] psn\n|-damage|p2a: Eternatus|51/100 brn|[from] brn\n|upkeep\n|-enditem|p1a: Weezing|Sitrus Berry|[eat]\n|-heal|p1a: Weezing|66/100|[from] item: Sitrus Berry\n|turn|7\n|inactive|Harry Koekenpan has 30 seconds left.\n|\n|t:|1776882487\n|move|p1b: Brute Bonnet|Rage Powder|p1b: Brute Bonnet\n|-singleturn|p1b: Brute Bonnet|move: Rage Powder\n|move|p2a: Eternatus|Sludge Bomb|p1a: Weezing\n|-damage|p1a: Weezing|21/100\n|move|p2b: Wo-Chien|Pollen Puff|p2a: Eternatus\n|-heal|p2a: Eternatus|100/100 brn\n|move|p1a: Weezing|Sludge Bomb|p2a: Eternatus\n|-supereffective|p2a: Eternatus\n|-damage|p2a: Eternatus|75/100 brn\n|\n|-heal|p2a: Eternatus|81/100 brn|[from] item: Leftovers\n|-damage|p1a: Weezing|9/100|[from] Leech Seed|[of] p2b: Wo-Chien\n|-heal|p2b: Wo-Chien|81/100 psn|[silent]\n|-damage|p2b: Wo-Chien|68/100 psn|[from] psn\n|-damage|p2a: Eternatus|75/100 brn|[from] brn\n|upkeep\n|turn|8\n|inactive|Harry Koekenpan has 30 seconds left.\n|inactive|Sunny_zong2 has 30 seconds left.\n|inactive|Harry Koekenpan has 20 seconds left.\n|\n|t:|1776882524\n|move|p2a: Eternatus|Sludge Bomb|p1b: Brute Bonnet\n|-supereffective|p1b: Brute Bonnet\n|-crit|p1b: Brute Bonnet\n|-damage|p1b: Brute Bonnet|0 fnt\n|faint|p1b: Brute Bonnet\n|-end|p1b: Brute Bonnet|Protosynthesis|[silent]\n|move|p2b: Wo-Chien|Pollen Puff|p1a: Weezing\n|-resisted|p1a: Weezing\n|-damage|p1a: Weezing|5/100\n|move|p1a: Weezing|Sludge Bomb|p2a: Eternatus\n|-supereffective|p2a: Eternatus\n|-damage|p2a: Eternatus|50/100 brn\n|\n|-heal|p2a: Eternatus|56/100 brn|[from] item: Leftovers\n|-damage|p1a: Weezing|0 fnt|[from] Leech Seed|[of] p2b: Wo-Chien\n|-heal|p2b: Wo-Chien|72/100 psn|[silent]\n|faint|p1a: Weezing\n|-end|p1a: Weezing|ability: Neutralizing Gas\n|-ability|p2a: Eternatus|Pressure\n|-ability|p2b: Wo-Chien|Tablets of Ruin\n|-damage|p2b: Wo-Chien|59/100 psn|[from] psn\n|-damage|p2a: Eternatus|50/100 brn|[from] brn\n|-sideend|p2: Sunny_zong2|Reflect\n|upkeep\n|\n|t:|1776882539\n|switch|p1b: Chi-Yu|Chi-Yu, L50|100/100\n|-ability|p1b: Chi-Yu|Beads of Ruin\n|turn|9\n|\n|t:|1776882548\n|move|p1b: Chi-Yu|Heat Wave|p2b: Wo-Chien|[spread] p2b\n|-miss|p1b: Chi-Yu|p2a: Eternatus\n|-supereffective|p2b: Wo-Chien\n|-damage|p2b: Wo-Chien|3/100 psn\n|move|p2a: Eternatus|Recover|p2a: Eternatus\n|-heal|p2a: Eternatus|100/100 brn\n|move|p2b: Wo-Chien|Snarl|p1b: Chi-Yu\n|-resisted|p1b: Chi-Yu\n|-damage|p1b: Chi-Yu|89/100\n|-unboost|p1b: Chi-Yu|spa|1\n|\n|-damage|p2b: Wo-Chien|0 fnt|[from] psn\n|faint|p2b: Wo-Chien\n|-damage|p2a: Eternatus|94/100 brn|[from] brn\n|upkeep\n|turn|10\n|\n|t:|1776882561\n|move|p1b: Chi-Yu|Overheat|p2a: Eternatus\n|-supereffective|p2a: Eternatus\n|-damage|p2a: Eternatus|40/100 brn\n|-unboost|p1b: Chi-Yu|spa|2\n|move|p2a: Eternatus|Sludge Bomb|p1b: Chi-Yu\n|-damage|p1b: Chi-Yu|31/100\n|\n|-heal|p2a: Eternatus|46/100 brn|[from] item: Leftovers\n|-damage|p2a: Eternatus|40/100 brn|[from] brn\n|upkeep\n|turn|11\n|inactive|Harry Koekenpan has 30 seconds left.\n|\n|t:|1776882589\n|move|p1b: Chi-Yu|Overheat|p2a: Eternatus\n|-supereffective|p2a: Eternatus\n|-damage|p2a: Eternatus|5/100 brn\n|-unboost|p1b: Chi-Yu|spa|2\n|move|p2a: Eternatus|Sludge Bomb|p1b: Chi-Yu\n|-damage|p1b: Chi-Yu|0 fnt\n|faint|p1b: Chi-Yu\n|\n|win|Sunny_zong2\n|raw|Harry Koekenpan's rating: 1490 &rarr; <strong>1468</strong><br />(-22 for losing)\n|raw|Sunny_zong2's rating: 1460 &rarr; <strong>1482</strong><br />(+22 for winning)\n|l|\u2606Sunny_zong2\n|player|p2|\n|l|\u2606Harry Koekenpan\n|player|p1|\n","uploadtime":1776882746,"views":9,"formatid":"gen9vgc2026regi","rating":1468,"private":0,"password":null}