{"id":"gen9vgc2026regi-2582266781","format":"[Gen 9] VGC 2026 Reg I","players":["soldatxd1","Luca8"],"log":"|j|\u2606soldatxd1\n|j|\u2606Luca8\n|t:|1776077903\n|gametype|doubles\n|player|p1|soldatxd1|2|1363\n|player|p2|Luca8|flint|1432\n|gen|9\n|tier|[Gen 9] VGC 2026 Reg I\n|rated|\n|rule|Species Clause: Limit one of each Pok\u00e9mon\n|rule|Item Clause: Limit 1 of each item\n|clearpoke\n|poke|p1|Terapagos, L50, M|\n|poke|p1|Calyrex-Shadow, L50|\n|poke|p1|Iron Hands, L50|\n|poke|p1|Smeargle, L50, F|\n|poke|p1|Chi-Yu, L50|\n|poke|p1|Tornadus, L50, M|\n|poke|p2|Zamazenta-*, L50|\n|poke|p2|Indeedee-F, L50, F|\n|poke|p2|Torkoal, L50, F|\n|poke|p2|Fezandipiti, L50, M|\n|poke|p2|Calyrex-Shadow, L50|\n|poke|p2|Pelipper, L50, F|\n|teampreview|4\n|inactive|Battle timer is ON: inactive players will automatically lose when time's up. (requested by Luca8)\n|inactive|soldatxd1 has 60 seconds left.\n|\n|t:|1776077955\n|teamsize|p1|4\n|teamsize|p2|4\n|start\n|switch|p1a: Tornadus|Tornadus, L50, M|100/100\n|switch|p1b: Calyrex|Calyrex-Shadow, L50|100/100\n|switch|p2a: Indeedee|Indeedee-F, L50, F|100/100\n|switch|p2b: Zamazenta|Zamazenta-Crowned, L50|100/100\n|-ability|p1b: Calyrex|As One\n|-ability|p1b: Calyrex|Unnerve\n|-ability|p2b: Zamazenta|Dauntless Shield|boost\n|-boost|p2b: Zamazenta|def|1\n|-fieldstart|move: Psychic Terrain|[from] ability: Psychic Surge|[of] p2a: Indeedee\n|turn|1\n|inactive|soldatxd1 has 30 seconds left.\n|inactive|soldatxd1 has 20 seconds left.\n|\n|t:|1776077992\n|move|p1a: Tornadus|Taunt|p2a: Indeedee\n|-activate|p2a: Indeedee|move: Psychic Terrain\n|move|p1b: Calyrex|Nasty Plot|p1b: Calyrex\n|-boost|p1b: Calyrex|spa|2\n|move|p2b: Zamazenta|Heavy Slam|p1b: Calyrex\n|-damage|p1b: Calyrex|48/100\n|move|p2a: Indeedee|Shadow Ball|p1b: Calyrex\n|-supereffective|p1b: Calyrex\n|-damage|p1b: Calyrex|0 fnt\n|faint|p1b: Calyrex\n|\n|upkeep\n|\n|t:|1776078009\n|switch|p1b: Chi-Yu|Chi-Yu, L50|100/100\n|-ability|p1b: Chi-Yu|Beads of Ruin\n|turn|2\n|\n|t:|1776078021\n|-terastallize|p2b: Zamazenta|Fighting\n|move|p1a: Tornadus|Tailwind|p1a: Tornadus\n|-sidestart|p1: soldatxd1|move: Tailwind\n|move|p1b: Chi-Yu|Heat Wave|p2a: Indeedee|[spread] p2a,p2b\n|-damage|p2a: Indeedee|51/100\n|-damage|p2b: Zamazenta|69/100\n|move|p2b: Zamazenta|Body Press|p1b: Chi-Yu\n|-supereffective|p1b: Chi-Yu\n|-damage|p1b: Chi-Yu|0 fnt\n|faint|p1b: Chi-Yu\n|move|p2a: Indeedee|Trick Room|p2a: Indeedee\n|-fieldstart|move: Trick Room|[of] p2a: Indeedee\n|\n|upkeep\n|\n|t:|1776078031\n|switch|p1b: Terapagos|Terapagos, L50, M|100/100\n|-activate|p1b: Terapagos|ability: Tera Shift\n|detailschange|p1b: Terapagos|Terapagos-Terastal, L50, M\n|-heal|p1b: Terapagos|100/100|[silent]\n|turn|3\n|\n|t:|1776078045\n|move|p1b: Terapagos|Protect|p1b: Terapagos\n|-singleturn|p1b: Terapagos|Protect\n|move|p2a: Indeedee|Psychic|p1b: Terapagos\n|-activate|p1b: Terapagos|move: Protect\n|move|p2b: Zamazenta|Body Press|p1b: Terapagos\n|-activate|p1b: Terapagos|move: Protect\n|move|p1a: Tornadus|Bleakwind Storm|p2b: Zamazenta|[spread] p2a,p2b\n|-supereffective|p2b: Zamazenta\n|-damage|p2a: Indeedee|17/100\n|-damage|p2b: Zamazenta|23/100\n|-unboost|p2a: Indeedee|spe|1\n|\n|upkeep\n|turn|4\n|\n|t:|1776078065\n|move|p2a: Indeedee|Psychic|p1b: Terapagos\n|-activate|p1b: Terapagos|ability: Tera Shell\n|-resisted|p1b: Terapagos\n|-damage|p1b: Terapagos|82/100\n|move|p2b: Zamazenta|Body Press|p1b: Terapagos\n|-supereffective|p1b: Terapagos\n|-damage|p1b: Terapagos|0 fnt\n|faint|p1b: Terapagos\n|move|p1a: Tornadus|Bleakwind Storm|p2b: Zamazenta|[spread] p2a,p2b\n|-supereffective|p2b: Zamazenta\n|-damage|p2a: Indeedee|0 fnt\n|-damage|p2b: Zamazenta|0 fnt\n|faint|p2a: Indeedee\n|faint|p2b: Zamazenta\n|\n|upkeep\n|\n|t:|1776078080\n|switch|p2a: Fezandipiti|Fezandipiti, L50, M|100/100\n|switch|p2b: Calyrex|Calyrex-Shadow, L50|100/100\n|-ability|p2b: Calyrex|As One\n|-ability|p2b: Calyrex|Unnerve\n|turn|5\n|\n|t:|1776078090\n|move|p1a: Tornadus|Protect|p1a: Tornadus\n|-singleturn|p1a: Tornadus|Protect\n|move|p2a: Fezandipiti|Sludge Bomb|p1a: Tornadus\n|-activate|p1a: Tornadus|move: Protect\n|move|p2b: Calyrex|Astral Barrage|p1a: Tornadus\n|-activate|p1a: Tornadus|move: Protect\n|\n|-sideend|p1: soldatxd1|move: Tailwind\n|-fieldend|move: Psychic Terrain\n|upkeep\n|turn|6\n|\n|t:|1776078104\n|-terastallize|p1a: Tornadus|Water\n|move|p2b: Calyrex|Protect|p2b: Calyrex\n|-singleturn|p2b: Calyrex|Protect\n|move|p2a: Fezandipiti|Sludge Bomb|p1a: Tornadus\n|-damage|p1a: Tornadus|78/100\n|move|p1a: Tornadus|Bleakwind Storm|p2a: Fezandipiti|[spread] p2a\n|-activate|p2b: Calyrex|move: Protect\n|-damage|p2a: Fezandipiti|80/100\n|\n|-fieldend|move: Trick Room\n|upkeep\n|turn|7\n|\n|t:|1776078118\n|move|p2b: Calyrex|Astral Barrage|p1a: Tornadus\n|-damage|p1a: Tornadus|0 fnt\n|faint|p1a: Tornadus\n|\n|win|Luca8\n|raw|soldatxd1's rating: 1363 &rarr; <strong>1347</strong><br />(-16 for losing)\n|raw|Luca8's rating: 1432 &rarr; <strong>1448</strong><br />(+16 for winning)\n|l|\u2606Luca8\n|player|p2|\n|l|\u2606soldatxd1\n|player|p1|\n","uploadtime":1776078129,"views":18,"formatid":"gen9vgc2026regi","rating":1347,"private":0,"password":null}