{"id":"gen9vgc2026regi-2564517900","format":"[Gen 9] VGC 2026 Reg I","players":["useless0o0","Billlmads"],"log":"|j|\u2606useless0o0\n|j|\u2606Billlmads\n|t:|1774156274\n|gametype|doubles\n|player|p1|useless0o0|drayden|1527\n|player|p2|Billlmads|red|1632\n|gen|9\n|tier|[Gen 9] VGC 2026 Reg I\n|rated|\n|rule|Species Clause: Limit one of each Pok\u00e9mon\n|rule|Item Clause: Limit 1 of each item\n|clearpoke\n|poke|p1|Incineroar, L50, F|\n|poke|p1|Rillaboom, L50, M|\n|poke|p1|Landorus, L50, M|\n|poke|p1|Smeargle, L50, F|\n|poke|p1|Koraidon, L50|\n|poke|p1|Calyrex-Ice, L50|\n|poke|p2|Terapagos, L50, M|\n|poke|p2|Miraidon, L50|\n|poke|p2|Incineroar, L50, M|\n|poke|p2|Sinistcha, L50|\n|poke|p2|Urshifu-*, L50, M|\n|poke|p2|Iron Treads, L50|\n|teampreview|4\n|inactive|Battle timer is ON: inactive players will automatically lose when time's up. (requested by useless0o0)\n|inactive|Billlmads has 60 seconds left.\n|\n|t:|1774156318\n|teamsize|p1|4\n|teamsize|p2|4\n|start\n|switch|p1a: Koraidon|Koraidon, L50|100/100\n|switch|p1b: Rillaboom|Rillaboom, L50, M|100/100\n|switch|p2a: Miraidon|Miraidon, L50|100/100\n|switch|p2b: Terapagos|Terapagos, L50, M|100/100\n|-activate|p2b: Terapagos|ability: Tera Shift\n|detailschange|p2b: Terapagos|Terapagos-Terastal, L50, M\n|-heal|p2b: Terapagos|100/100|[silent]\n|-weather|SunnyDay|[from] ability: Orichalcum Pulse|[of] p1a: Koraidon\n|-activate|p1a: Koraidon|Orichalcum Pulse|[source]\n|-fieldstart|move: Electric Terrain|[from] ability: Hadron Engine|[of] p2a: Miraidon\n|-enditem|p2b: Terapagos|Electric Seed\n|-boost|p2b: Terapagos|def|1|[from] item: Electric Seed\n|-fieldstart|move: Grassy Terrain|[from] ability: Grassy Surge|[of] p1b: Rillaboom\n|turn|1\n|\n|t:|1774156341\n|-terastallize|p1a: Koraidon|Fire\n|move|p1b: Rillaboom|Fake Out|p2b: Terapagos\n|-activate|p2b: Terapagos|ability: Tera Shell\n|-resisted|p2b: Terapagos\n|-damage|p2b: Terapagos|98/100\n|move|p1a: Koraidon|Flame Charge|p2a: Miraidon\n|-resisted|p2a: Miraidon\n|-damage|p2a: Miraidon|69/100\n|-boost|p1a: Koraidon|spe|1\n|move|p2a: Miraidon|Draco Meteor|p1a: Koraidon|[miss]\n|-miss|p2a: Miraidon|p1a: Koraidon\n|cant|p2b: Terapagos|flinch\n|\n|-weather|SunnyDay|[upkeep]\n|-heal|p2a: Miraidon|75/100|[from] Grassy Terrain\n|-heal|p2b: Terapagos|100/100|[from] Grassy Terrain\n|upkeep\n|turn|2\n|\n|t:|1774156361\n|move|p1a: Koraidon|Low Kick|p2a: Miraidon\n|-damage|p2a: Miraidon|0 fnt\n|faint|p2a: Miraidon\n|move|p1b: Rillaboom|U-turn|p2b: Terapagos\n|-activate|p2b: Terapagos|ability: Tera Shell\n|-resisted|p2b: Terapagos\n|-damage|p2b: Terapagos|95/100\n|\n|t:|1774156364\n|switch|p1b: Smeargle|Smeargle, L50, F|100/100|[from] U-turn\n|move|p2b: Terapagos|Calm Mind|p2b: Terapagos\n|-boost|p2b: Terapagos|spa|1\n|-boost|p2b: Terapagos|spd|1\n|\n|-weather|SunnyDay|[upkeep]\n|-heal|p2b: Terapagos|100/100|[from] Grassy Terrain\n|-ability|p1b: Smeargle|Moody|boost\n|-boost|p1b: Smeargle|atk|2\n|-unboost|p1b: Smeargle|spe|1\n|upkeep\n|\n|t:|1774156382\n|switch|p2a: Incineroar|Incineroar, L50, M|100/100\n|-ability|p2a: Incineroar|Intimidate|boost\n|-fail|p1a: Koraidon|unboost|[from] item: Clear Amulet|[of] p1a: Koraidon\n|-unboost|p1b: Smeargle|atk|1\n|turn|3\n|\n|t:|1774156400\n|move|p2a: Incineroar|Fake Out|p1b: Smeargle\n|-damage|p1b: Smeargle|82/100\n|move|p1a: Koraidon|Low Kick|p2a: Incineroar\n|-supereffective|p2a: Incineroar\n|-damage|p2a: Incineroar|14/100\n|-damage|p1a: Koraidon|84/100|[from] item: Rocky Helmet|[of] p2a: Incineroar\n|move|p2b: Terapagos|Tera Starstorm|p1b: Smeargle\n|-damage|p1b: Smeargle|0 fnt\n|faint|p1b: Smeargle\n|\n|-weather|SunnyDay|[upkeep]\n|-heal|p1a: Koraidon|90/100|[from] Grassy Terrain\n|-heal|p2a: Incineroar|20/100|[from] Grassy Terrain\n|upkeep\n|\n|t:|1774156407\n|switch|p1b: Rillaboom|Rillaboom, L50, M|100/100\n|turn|4\n|inactive|useless0o0 has 30 seconds left.\n|\n|t:|1774156435\n|switch|p2a: Sinistcha|Sinistcha, L50|100/100\n|move|p2b: Terapagos|Protect|p2b: Terapagos\n|-singleturn|p2b: Terapagos|Protect\n|move|p1b: Rillaboom|Fake Out|p2b: Terapagos\n|-activate|p2b: Terapagos|move: Protect\n|move|p1a: Koraidon|Low Kick|p2a: Sinistcha\n|-immune|p2a: Sinistcha\n|\n|-weather|SunnyDay|[upkeep]\n|-heal|p1a: Koraidon|96/100|[from] Grassy Terrain\n|upkeep\n|turn|5\n|\n|t:|1774156456\n|-terastallize|p2b: Terapagos|Stellar\n|detailschange|p2b: Terapagos|Terapagos-Stellar, L50, M, tera:Stellar\n|-heal|p2b: Terapagos|100/100|[silent]\n|-ability|p2b: Terapagos|Teraform Zero\n|-weather|none\n|-fieldend|move: Grassy Terrain\n|move|p2a: Sinistcha|Protect|p2a: Sinistcha\n|-singleturn|p2a: Sinistcha|Protect\n|move|p1a: Koraidon|Flame Charge|p2b: Terapagos\n|-damage|p2b: Terapagos|87/100\n|-boost|p1a: Koraidon|spe|1\n|move|p1b: Rillaboom|Grassy Glide|p2b: Terapagos\n|-damage|p2b: Terapagos|78/100\n|move|p2b: Terapagos|Tera Starstorm|p1a: Koraidon|[spread] p1a,p1b\n|-supereffective|p1a: Koraidon\n|-damage|p1a: Koraidon|1/100\n|-damage|p1b: Rillaboom|55/100\n|\n|upkeep\n|turn|6\n|\n|t:|1774156481\n|switch|p2a: Incineroar|Incineroar, L50, M|20/100\n|-ability|p2a: Incineroar|Intimidate|boost\n|-fail|p1a: Koraidon|unboost|[from] item: Clear Amulet|[of] p1a: Koraidon\n|-unboost|p1b: Rillaboom|atk|1\n|move|p1a: Koraidon|Flare Blitz|p2b: Terapagos\n|-damage|p2b: Terapagos|53/100\n|-damage|p1a: Koraidon|0 fnt|[from] Recoil\n|faint|p1a: Koraidon\n|move|p1b: Rillaboom|Wood Hammer|p2b: Terapagos\n|-damage|p2b: Terapagos|41/100\n|-damage|p1b: Rillaboom|50/100|[from] Recoil\n|move|p2b: Terapagos|Tera Starstorm|p1b: Rillaboom\n|-damage|p1b: Rillaboom|0 fnt\n|faint|p1b: Rillaboom\n|\n|upkeep\n|\n|t:|1774156485\n|switch|p1a: Calyrex|Calyrex-Ice, L50|100/100\n|-ability|p1a: Calyrex|As One\n|-ability|p1a: Calyrex|Unnerve\n|turn|7\n|\n|t:|1774156497\n|move|p2a: Incineroar|Fake Out|p1a: Calyrex\n|-damage|p1a: Calyrex|93/100\n|move|p2b: Terapagos|Calm Mind|p2b: Terapagos\n|-boost|p2b: Terapagos|spa|1\n|-boost|p2b: Terapagos|spd|1\n|cant|p1a: Calyrex|flinch\n|\n|-heal|p1a: Calyrex|99/100|[from] item: Leftovers\n|upkeep\n|turn|8\n|\n|t:|1774156503\n|move|p2b: Terapagos|Tera Starstorm|p1a: Calyrex\n|-damage|p1a: Calyrex|42/100\n|move|p2a: Incineroar|Flare Blitz|p1a: Calyrex\n|-supereffective|p1a: Calyrex\n|-damage|p1a: Calyrex|0 fnt\n|faint|p1a: Calyrex\n|-damage|p2a: Incineroar|6/100|[from] Recoil\n|\n|win|Billlmads\n|raw|useless0o0's rating: 1527 &rarr; <strong>1513</strong><br />(-14 for losing)\n|raw|Billlmads's rating: 1632 &rarr; <strong>1646</strong><br />(+14 for winning)\n|l|\u2606Billlmads\n|player|p2|\n|j|\u2606Billlmads\n|player|p2|Billlmads|red|\n|l|\u2606useless0o0\n|player|p1|\n","uploadtime":1774156766,"views":14,"formatid":"gen9vgc2026regi","rating":1513,"private":0,"password":null}