{"id":"gen9vgc2026regi-2568547063","format":"[Gen 9] VGC 2026 Reg I","players":["MarSky","chang21"],"log":"|j|\u2606MarSky\n|j|\u2606chang21\n|t:|1774594083\n|gametype|doubles\n|player|p1|MarSky|2|1371\n|player|p2|chang21|265|1485\n|gen|9\n|tier|[Gen 9] VGC 2026 Reg I\n|rated|\n|rule|Species Clause: Limit one of each Pok\u00e9mon\n|rule|Item Clause: Limit 1 of each item\n|clearpoke\n|poke|p1|Calyrex-Shadow, L50|\n|poke|p1|Zamazenta-*, L50|\n|poke|p1|Chien-Pao, L50|\n|poke|p1|Dragonite, L50, F|\n|poke|p1|Raging Bolt, L50|\n|poke|p1|Amoonguss, L50, F|\n|poke|p2|Brute Bonnet, L50|\n|poke|p2|Lunala, L50|\n|poke|p2|Ursaluna, L50, M|\n|poke|p2|Chi-Yu, L50|\n|poke|p2|Koraidon, L50|\n|poke|p2|Flutter Mane, L50|\n|teampreview|4\n|j| tytwtrtytwtr\n|inactive|Battle timer is ON: inactive players will automatically lose when time's up. (requested by chang21)\n|inactive|chang21 has 60 seconds left.\n|inactive|chang21 has 30 seconds left.\n|inactive|chang21 has 20 seconds left.\n|\n|t:|1774594160\n|teamsize|p1|4\n|teamsize|p2|4\n|start\n|switch|p1a: Raging Bolt|Raging Bolt, L50|100/100\n|switch|p1b: Calyrex|Calyrex-Shadow, L50|100/100\n|switch|p2a: Koraidon|Koraidon, L50|100/100\n|switch|p2b: Flutter Mane|Flutter Mane, L50|100/100\n|-ability|p1b: Calyrex|As One\n|-ability|p1b: Calyrex|Unnerve\n|-weather|SunnyDay|[from] ability: Orichalcum Pulse|[of] p2a: Koraidon\n|-activate|p2b: Flutter Mane|ability: Protosynthesis\n|-start|p2b: Flutter Mane|protosynthesisspe\n|-activate|p1a: Raging Bolt|ability: Protosynthesis\n|-start|p1a: Raging Bolt|protosynthesisspa\n|-activate|p2a: Koraidon|Orichalcum Pulse|[source]\n|turn|1\n|inactive|MarSky has 30 seconds left.\n|\n|t:|1774594187\n|move|p1b: Calyrex|Protect|p1b: Calyrex\n|-singleturn|p1b: Calyrex|Protect\n|move|p2a: Koraidon|Protect|p2a: Koraidon\n|-singleturn|p2a: Koraidon|Protect\n|move|p1a: Raging Bolt|Thunderclap|p2b: Flutter Mane\n|-damage|p2b: Flutter Mane|47/100\n|move|p2b: Flutter Mane|Icy Wind|p1b: Calyrex|[spread] p1a\n|-activate|p1b: Calyrex|move: Protect\n|-supereffective|p1a: Raging Bolt\n|-damage|p1a: Raging Bolt|74/100\n|-unboost|p1a: Raging Bolt|spe|1\n|\n|-weather|SunnyDay|[upkeep]\n|upkeep\n|turn|2\n|inactive|chang21 has 30 seconds left.\n|\n|t:|1774594218\n|move|p2b: Flutter Mane|Protect|p2b: Flutter Mane\n|-singleturn|p2b: Flutter Mane|Protect\n|move|p1a: Raging Bolt|Thunderclap||[still]\n|-fail|p1a: Raging Bolt\n|move|p1b: Calyrex|Astral Barrage|p2b: Flutter Mane|[spread] p2a\n|-activate|p2b: Flutter Mane|move: Protect\n|-damage|p2a: Koraidon|45/100\n|move|p2a: Koraidon|Flame Charge|p1b: Calyrex\n|-damage|p1b: Calyrex|48/100\n|-boost|p2a: Koraidon|spe|1\n|-damage|p2a: Koraidon|36/100|[from] item: Life Orb\n|\n|-weather|SunnyDay|[upkeep]\n|upkeep\n|turn|3\n|inactive|MarSky has 30 seconds left.\n|inactive|chang21 has 30 seconds left.\n|inactive|MarSky has 20 seconds left.\n|inactive|MarSky has 15 seconds left.\n|\n|t:|1774594262\n|move|p2a: Koraidon|Protect|p2a: Koraidon\n|-singleturn|p2a: Koraidon|Protect\n|move|p1b: Calyrex|Protect|p1b: Calyrex\n|-singleturn|p1b: Calyrex|Protect\n|move|p1a: Raging Bolt|Thunderclap|p2b: Flutter Mane\n|-damage|p2b: Flutter Mane|0 fnt\n|faint|p2b: Flutter Mane\n|-end|p2b: Flutter Mane|Protosynthesis|[silent]\n|\n|-weather|SunnyDay|[upkeep]\n|upkeep\n|\n|t:|1774594269\n|switch|p2b: Chi-Yu|Chi-Yu, L50|100/100\n|-ability|p2b: Chi-Yu|Beads of Ruin\n|turn|4\n|\n|t:|1774594281\n|switch|p2a: Lunala|Lunala, L50|100/100\n|switch|p1b: Zamazenta|Zamazenta-Crowned, L50|100/100\n|-ability|p1b: Zamazenta|Dauntless Shield|boost\n|-boost|p1b: Zamazenta|def|1\n|-terastallize|p1a: Raging Bolt|Electric\n|move|p1a: Raging Bolt|Thunderclap|p2b: Chi-Yu\n|-damage|p2b: Chi-Yu|26/100\n|move|p2b: Chi-Yu|Heat Wave|p1b: Zamazenta|[spread] p1a,p1b\n|-supereffective|p1b: Zamazenta\n|-damage|p1a: Raging Bolt|3/100\n|-damage|p1b: Zamazenta|3/100\n|\n|-weather|SunnyDay|[upkeep]\n|upkeep\n|turn|5\n|inactive|chang21 has 30 seconds left.\n|inactive|chang21 has 20 seconds left.\n|inactive|chang21 has 15 seconds left.\n|inactive|chang21 has 10 seconds left.\n|\n|t:|1774594331\n|switch|p2b: Koraidon|Koraidon, L50|36/100\n|-activate|p2b: Koraidon|ability: Orichalcum Pulse\n|move|p1a: Raging Bolt|Thunderclap|p2a: Lunala\n|-damage|p2a: Lunala|76/100\n|move|p1b: Zamazenta|Heavy Slam|p2b: Koraidon\n|-damage|p2b: Koraidon|13/100\n|move|p2a: Lunala|Moongeist Beam|p1a: Raging Bolt\n|-damage|p1a: Raging Bolt|0 fnt\n|faint|p1a: Raging Bolt\n|-end|p1a: Raging Bolt|Protosynthesis|[silent]\n|\n|-weather|none\n|upkeep\n|\n|t:|1774594341\n|switch|p1a: Calyrex|Calyrex-Shadow, L50|48/100\n|-ability|p1a: Calyrex|As One\n|-ability|p1a: Calyrex|Unnerve\n|turn|6\n|\n|t:|1774594366\n|-terastallize|p2a: Lunala|Water\n|move|p2b: Koraidon|Protect|p2b: Koraidon\n|-singleturn|p2b: Koraidon|Protect\n|move|p1a: Calyrex|Astral Barrage|p2b: Koraidon|[spread] p2a\n|-activate|p2b: Koraidon|move: Protect\n|-damage|p2a: Lunala|38/100\n|move|p1b: Zamazenta|Body Press|p2a: Lunala\n|-damage|p2a: Lunala|0 fnt\n|faint|p2a: Lunala\n|\n|upkeep\n|\n|t:|1774594373\n|switch|p2a: Chi-Yu|Chi-Yu, L50|26/100\n|-ability|p2a: Chi-Yu|Beads of Ruin\n|turn|7\n|\n|t:|1774594397\n|move|p1a: Calyrex|Protect|p1a: Calyrex\n|-singleturn|p1a: Calyrex|Protect\n|move|p2a: Chi-Yu|Dark Pulse|p1a: Calyrex\n|-activate|p1a: Calyrex|move: Protect\n|move|p2b: Koraidon|Flame Charge|p1b: Zamazenta\n|-supereffective|p1b: Zamazenta\n|-damage|p1b: Zamazenta|0 fnt\n|-boost|p2b: Koraidon|spe|1\n|faint|p1b: Zamazenta\n|-damage|p2b: Koraidon|3/100|[from] item: Life Orb\n|\n|upkeep\n|\n|t:|1774594405\n|switch|p1b: Chien-Pao|Chien-Pao, L50|100/100\n|-ability|p1b: Chien-Pao|Sword of Ruin\n|turn|8\n|\n|t:|1774594427\n|move|p2b: Koraidon|Protect|p2b: Koraidon\n|-singleturn|p2b: Koraidon|Protect\n|move|p2a: Chi-Yu|Dark Pulse|p1a: Calyrex\n|-supereffective|p1a: Calyrex\n|-damage|p1a: Calyrex|0 fnt\n|faint|p1a: Calyrex\n|move|p1b: Chien-Pao|Ice Spinner|p2a: Chi-Yu\n|-resisted|p2a: Chi-Yu\n|-damage|p2a: Chi-Yu|0 fnt\n|faint|p2a: Chi-Yu\n|\n|upkeep\n|turn|9\n|-message|chang21 forfeited.\n|\n|win|MarSky\n|raw|MarSky's rating: 1371 &rarr; <strong>1397</strong><br />(+26 for winning)\n|raw|chang21's rating: 1485 &rarr; <strong>1459</strong><br />(-26 for losing)\n|l|\u2606chang21\n|player|p2|\n|l| tytwtrtytwtr\n","uploadtime":1774594445,"views":74,"formatid":"gen9vgc2026regi","rating":1397,"private":0,"password":null}