{"id":"gen9vgc2026regi-2540162916","format":"[Gen 9] VGC 2026 Reg I","players":["13579HXM","SEITA"],"log":"|j|\u260613579HXM\n|j|\u2606SEITA\n|t:|1771170487\n|gametype|doubles\n|player|p1|13579HXM|dawn|1367\n|player|p2|SEITA|lucas-gen4pt|1520\n|gen|9\n|tier|[Gen 9] VGC 2026 Reg I\n|rated|\n|rule|Species Clause: Limit one of each Pok\u00e9mon\n|rule|Item Clause: Limit 1 of each item\n|clearpoke\n|poke|p1|Kyogre, L50|\n|poke|p1|Zacian-*, L50|\n|poke|p1|Chien-Pao, L50|\n|poke|p1|Rillaboom, L50, F|\n|poke|p1|Tornadus, L50, M|\n|poke|p1|Landorus, L50, M|\n|poke|p2|Zamazenta-*, L50|\n|poke|p2|Kyogre, L50|\n|poke|p2|Wo-Chien, L50|\n|poke|p2|Grimmsnarl, L50, M|\n|poke|p2|Rhyperior, L50, F|\n|poke|p2|Ditto, L50|\n|teampreview|4\n|\n|t:|1771170509\n|teamsize|p1|4\n|teamsize|p2|4\n|start\n|switch|p1a: Tornadus|Tornadus, L50, M|100/100\n|switch|p1b: Kyogre|Kyogre, L50|100/100\n|switch|p2a: Grimmsnarl|Grimmsnarl, L50, M|100/100\n|switch|p2b: Zamazenta|Zamazenta-Crowned, L50|100/100\n|-ability|p2b: Zamazenta|Dauntless Shield|boost\n|-boost|p2b: Zamazenta|def|1\n|-weather|RainDance|[from] ability: Drizzle|[of] p1b: Kyogre\n|turn|1\n|\n|t:|1771170534\n|move|p1b: Kyogre|Protect|p1b: Kyogre\n|-singleturn|p1b: Kyogre|Protect\n|move|p1a: Tornadus|Taunt|p2b: Zamazenta\n|-start|p2b: Zamazenta|move: Taunt\n|move|p2a: Grimmsnarl|Light Screen|p2a: Grimmsnarl\n|-sidestart|p2: SEITA|move: Light Screen\n|move|p2b: Zamazenta|Body Press|p1b: Kyogre\n|-activate|p1b: Kyogre|move: Protect\n|\n|-weather|RainDance|[upkeep]\n|upkeep\n|turn|2\n|\n|t:|1771170551\n|move|p1a: Tornadus|Tailwind|p1a: Tornadus\n|-sidestart|p1: 13579HXM|move: Tailwind\n|move|p2a: Grimmsnarl|Parting Shot|p1b: Kyogre\n|-unboost|p1b: Kyogre|atk|1\n|-unboost|p1b: Kyogre|spa|1\n|\n|t:|1771170557\n|switch|p2a: Kyogre|Kyogre, L50|100/100|[from] Parting Shot\n|move|p1b: Kyogre|Water Spout|p2b: Zamazenta|[spread] p2a,p2b\n|-resisted|p2a: Kyogre\n|-damage|p2a: Kyogre|82/100\n|-damage|p2b: Zamazenta|64/100\n|move|p2b: Zamazenta|Body Press|p1b: Kyogre\n|-damage|p1b: Kyogre|41/100\n|\n|-weather|RainDance|[upkeep]\n|-heal|p2a: Kyogre|87/100|[from] item: Leftovers\n|upkeep\n|turn|3\n|\n|t:|1771170579\n|switch|p1b: Rillaboom|Rillaboom, L50, F|100/100\n|-fieldstart|move: Grassy Terrain|[from] ability: Grassy Surge|[of] p1b: Rillaboom\n|move|p1a: Tornadus|Bleakwind Storm|p2b: Zamazenta|[spread] p2a,p2b\n|-damage|p2a: Kyogre|71/100\n|-damage|p2b: Zamazenta|49/100\n|-unboost|p2a: Kyogre|spe|1\n|move|p2b: Zamazenta|Body Press|p1b: Rillaboom\n|-damage|p1b: Rillaboom|45/100\n|move|p2a: Kyogre|Thunder|p1a: Tornadus\n|-supereffective|p1a: Tornadus\n|-damage|p1a: Tornadus|0 fnt\n|faint|p1a: Tornadus\n|\n|-weather|RainDance|[upkeep]\n|-heal|p1b: Rillaboom|51/100|[from] Grassy Terrain\n|-heal|p2b: Zamazenta|55/100|[from] Grassy Terrain\n|-heal|p2a: Kyogre|77/100|[from] Grassy Terrain\n|-heal|p2a: Kyogre|83/100|[from] item: Leftovers\n|-end|p2b: Zamazenta|move: Taunt\n|upkeep\n|\n|t:|1771170602\n|switch|p1a: Kyogre|Kyogre, L50|41/100\n|turn|4\n|\n|t:|1771170615\n|move|p2b: Zamazenta|Protect|p2b: Zamazenta\n|-singleturn|p2b: Zamazenta|Protect\n|move|p2a: Kyogre|Protect|p2a: Kyogre\n|-singleturn|p2a: Kyogre|Protect\n|move|p1b: Rillaboom|Fake Out|p2a: Kyogre\n|-activate|p2a: Kyogre|move: Protect\n|move|p1a: Kyogre|Origin Pulse|p2a: Kyogre|[spread] \n|-activate|p2a: Kyogre|move: Protect\n|-activate|p2b: Zamazenta|move: Protect\n|\n|-weather|RainDance|[upkeep]\n|-heal|p1a: Kyogre|47/100|[from] Grassy Terrain\n|-heal|p1b: Rillaboom|57/100|[from] Grassy Terrain\n|-heal|p2b: Zamazenta|61/100|[from] Grassy Terrain\n|-heal|p2a: Kyogre|88/100|[from] Grassy Terrain\n|-heal|p2a: Kyogre|94/100|[from] item: Leftovers\n|upkeep\n|turn|5\n|\n|t:|1771170661\n|switch|p2a: Grimmsnarl|Grimmsnarl, L50, M|100/100\n|-terastallize|p2b: Zamazenta|Grass\n|move|p1a: Kyogre|Origin Pulse|p2a: Grimmsnarl|[spread] p2a,p2b\n|-resisted|p2b: Zamazenta\n|-damage|p2a: Grimmsnarl|35/100\n|-damage|p2b: Zamazenta|39/100\n|move|p1b: Rillaboom|Wood Hammer|p2a: Grimmsnarl\n|-damage|p2a: Grimmsnarl|0 fnt\n|faint|p2a: Grimmsnarl\n|-damage|p1b: Rillaboom|45/100|[from] Recoil\n|move|p2b: Zamazenta|Body Press|p1b: Rillaboom\n|-damage|p1b: Rillaboom|0 fnt\n|faint|p1b: Rillaboom\n|\n|-weather|none\n|-heal|p1a: Kyogre|54/100|[from] Grassy Terrain\n|-heal|p2b: Zamazenta|45/100|[from] Grassy Terrain\n|-sideend|p1: 13579HXM|move: Tailwind\n|upkeep\n|\n|t:|1771170688\n|switch|p1b: Zacian|Zacian-Crowned, L50|100/100\n|switch|p2a: Ditto|Ditto, L50|100/100\n|-ability|p1b: Zacian|Intrepid Sword|boost\n|-boost|p1b: Zacian|atk|1\n|-transform|p2a: Ditto|p1b: Zacian|[from] ability: Imposter\n|-ability|p2a: Ditto|Intrepid Sword|boost\n|-boost|p2a: Ditto|atk|1\n|turn|6\n|\n|t:|1771170711\n|-terastallize|p1b: Zacian|Fairy\n|move|p1b: Zacian|Play Rough|p2a: Ditto\n|-resisted|p2a: Ditto\n|-damage|p2a: Ditto|40/100\n|move|p2a: Ditto|Behemoth Blade|p1b: Zacian\n|-supereffective|p1b: Zacian\n|-damage|p1b: Zacian|0 fnt\n|faint|p1b: Zacian\n|move|p2b: Zamazenta|Body Press|p1a: Kyogre\n|-damage|p1a: Kyogre|0 fnt\n|faint|p1a: Kyogre\n|\n|win|SEITA\n|raw|13579HXM's rating: 1367 &rarr; <strong>1355</strong><br />(-12 for losing)\n|raw|SEITA's rating: 1520 &rarr; <strong>1532</strong><br />(+12 for winning)\n|l|\u260613579HXM\n|player|p1|\n","uploadtime":1771170730,"views":30,"formatid":"gen9vgc2026regi","rating":1355,"private":0,"password":null}