{"id":"gen9vgc2026regi-2560852660","format":"[Gen 9] VGC 2026 Reg I","players":["Calculo II","swordsdanceurshifu"],"log":"|j|\u2606Calculo II\n|j|\u2606swordsdanceurshifu\n|t:|1773737827\n|gametype|doubles\n|player|p1|Calculo II|169|1261\n|player|p2|swordsdanceurshifu|170|1271\n|gen|9\n|tier|[Gen 9] VGC 2026 Reg I\n|rated|\n|rule|Species Clause: Limit one of each Pok\u00e9mon\n|rule|Item Clause: Limit 1 of each item\n|clearpoke\n|poke|p1|Kyurem-White, L50|\n|poke|p1|Ninetales-Alola, L50, F|\n|poke|p1|Farigiraf, L50, M|\n|poke|p1|Tornadus, L50, M|\n|poke|p1|Zacian-*, L50|\n|poke|p1|Urshifu-*, L50, M|\n|poke|p2|Miraidon, L50|\n|poke|p2|Koraidon, L50|\n|poke|p2|Flutter Mane, L50|\n|poke|p2|Landorus, L50, M|\n|poke|p2|Toxapex, L50, F|\n|poke|p2|Incineroar, L50, M|\n|teampreview|4\n|inactive|Battle timer is ON: inactive players will automatically lose when time's up. (requested by swordsdanceurshifu)\n|\n|t:|1773737844\n|teamsize|p1|4\n|teamsize|p2|4\n|start\n|switch|p1a: Kyurem|Kyurem-White, L50|100/100\n|switch|p1b: Ninetales|Ninetales-Alola, L50, F|100/100\n|switch|p2a: Miraidon|Miraidon, L50|100/100\n|switch|p2b: Toxapex|Toxapex, L50, F|100/100\n|-fieldstart|move: Electric Terrain|[from] ability: Hadron Engine|[of] p2a: Miraidon\n|-ability|p1a: Kyurem|Turboblaze\n|-weather|Snowscape|[from] ability: Snow Warning|[of] p1b: Ninetales\n|turn|1\n|\n|t:|1773737870\n|-terastallize|p1a: Kyurem|Ice\n|move|p2b: Toxapex|Baneful Bunker|p2b: Toxapex\n|-singleturn|p2b: Toxapex|move: Protect\n|move|p2a: Miraidon|Volt Switch|p1b: Ninetales\n|-damage|p1b: Ninetales|16/100\n|\n|t:|1773737881\n|switch|p2a: Incineroar|Incineroar, L50, M|100/100|[from] Volt Switch\n|-ability|p2a: Incineroar|Intimidate|boost\n|-unboost|p1a: Kyurem|atk|1\n|-unboost|p1b: Ninetales|atk|1\n|move|p1a: Kyurem|Freeze-Dry|p2b: Toxapex\n|-activate|p2b: Toxapex|move: Protect\n|move|p1b: Ninetales|Blizzard|p2b: Toxapex|[spread] p2a\n|-activate|p2b: Toxapex|move: Protect\n|-resisted|p2a: Incineroar\n|-damage|p2a: Incineroar|91/100\n|\n|-weather|Snowscape|[upkeep]\n|upkeep\n|turn|2\n|inactive|swordsdanceurshifu has 30 seconds left.\n|inactive|swordsdanceurshifu has 20 seconds left.\n|\n|t:|1773737920\n|switch|p1a: Farigiraf|Farigiraf, L50, M|100/100\n|move|p2a: Incineroar|Fake Out||[still]\n|cant|p1a: Farigiraf|ability: Armor Tail|Fake Out|[of] p2a: Incineroar\n|move|p1b: Ninetales|Aurora Veil|p1b: Ninetales\n|-sidestart|p1: Calculo II|move: Aurora Veil\n|move|p2b: Toxapex|Toxic|p1a: Farigiraf\n|-status|p1a: Farigiraf|tox\n|\n|-weather|Snowscape|[upkeep]\n|-damage|p1a: Farigiraf|94/100 tox|[from] psn\n|upkeep\n|turn|3\n|j| shoccco<3\n|\n|t:|1773737933\n|switch|p1b: Tornadus|Tornadus, L50, M|100/100\n|move|p1a: Farigiraf|Hyper Voice|p2b: Toxapex|[spread] p2a,p2b\n|-damage|p2a: Incineroar|68/100\n|-damage|p2b: Toxapex|76/100\n|-enditem|p1a: Farigiraf|Throat Spray\n|-boost|p1a: Farigiraf|spa|1|[from] item: Throat Spray\n|move|p2a: Incineroar|U-turn|p1a: Farigiraf\n|-supereffective|p1a: Farigiraf\n|-damage|p1a: Farigiraf|67/100 tox\n|\n|t:|1773737943\n|switch|p2a: Miraidon|Miraidon, L50|100/100|[from] U-turn\n|-activate|p2a: Miraidon|ability: Hadron Engine\n|move|p2b: Toxapex|Toxic|p1b: Tornadus\n|-status|p1b: Tornadus|tox\n|\n|-weather|Snowscape|[upkeep]\n|-damage|p1b: Tornadus|95/100 tox|[from] psn\n|-damage|p1a: Farigiraf|55/100 tox|[from] psn\n|upkeep\n|turn|4\n|j| greninja gang vgc\n|l| greninja gang vgc\n|inactive|swordsdanceurshifu has 30 seconds left.\n|\n|t:|1773737972\n|move|p2b: Toxapex|Baneful Bunker|p2b: Toxapex\n|-singleturn|p2b: Toxapex|move: Protect\n|move|p1b: Tornadus|Tailwind|p1b: Tornadus\n|-sidestart|p1: Calculo II|move: Tailwind\n|move|p2a: Miraidon|Volt Switch|p1a: Farigiraf\n|-damage|p1a: Farigiraf|2/100 tox\n|\n|t:|1773737980\n|switch|p2a: Incineroar|Incineroar, L50, M|68/100|[from] Volt Switch\n|-ability|p2a: Incineroar|Intimidate|boost\n|-unboost|p1a: Farigiraf|atk|1\n|-unboost|p1b: Tornadus|atk|1\n|move|p1a: Farigiraf|Hyper Voice|p2a: Incineroar|[spread] p2a\n|-activate|p2b: Toxapex|move: Protect\n|-crit|p2a: Incineroar\n|-damage|p2a: Incineroar|24/100\n|\n|-weather|Snowscape|[upkeep]\n|-damage|p1b: Tornadus|83/100 tox|[from] psn\n|-damage|p1a: Farigiraf|0 fnt|[from] psn\n|faint|p1a: Farigiraf\n|upkeep\n|\n|t:|1773737986\n|switch|p1a: Kyurem|Kyurem-White, L50, tera:Ice|100/100\n|-ability|p1a: Kyurem|Turboblaze\n|turn|5\n|\n|t:|1773737993\n|move|p2a: Incineroar|Fake Out|p1a: Kyurem\n|-damage|p1a: Kyurem|96/100\n|cant|p1a: Kyurem|flinch\n|move|p1b: Tornadus|Bleakwind Storm|p2b: Toxapex|[spread] p2a,p2b\n|-damage|p2a: Incineroar|0 fnt\n|-damage|p2b: Toxapex|48/100\n|faint|p2a: Incineroar\n|move|p2b: Toxapex|Toxic|p1a: Kyurem\n|-status|p1a: Kyurem|tox\n|\n|-weather|none\n|-damage|p1a: Kyurem|90/100 tox|[from] psn\n|-damage|p1b: Tornadus|66/100 tox|[from] psn\n|-fieldend|move: Electric Terrain\n|upkeep\n|\n|t:|1773738005\n|switch|p2a: Miraidon|Miraidon, L50|100/100\n|-fieldstart|move: Electric Terrain|[from] ability: Hadron Engine|[of] p2a: Miraidon\n|turn|6\n|inactive|swordsdanceurshifu has 30 seconds left.\n|\n|t:|1773738032\n|-terastallize|p2a: Miraidon|Electric\n|move|p2b: Toxapex|Baneful Bunker|p2b: Toxapex\n|-singleturn|p2b: Toxapex|move: Protect\n|move|p1b: Tornadus|Snowscape|p1b: Tornadus\n|-weather|Snowscape\n|move|p1a: Kyurem|Blizzard|p2b: Toxapex|[spread] p2a\n|-activate|p2b: Toxapex|move: Protect\n|-damage|p2a: Miraidon|39/100\n|-status|p2a: Miraidon|frz\n|-curestatus|p2a: Miraidon|frz|[msg]\n|move|p2a: Miraidon|Volt Switch|p1b: Tornadus\n|-supereffective|p1b: Tornadus\n|-damage|p1b: Tornadus|0 fnt\n|faint|p1b: Tornadus\n|\n|t:|1773738046\n|switch|p2a: Koraidon|Koraidon, L50|100/100|[from] Volt Switch\n|-weather|SunnyDay|[from] ability: Orichalcum Pulse|[of] p2a: Koraidon\n|-activate|p2a: Koraidon|Orichalcum Pulse|[source]\n|-enditem|p2a: Koraidon|Electric Seed\n|-boost|p2a: Koraidon|def|1|[from] item: Electric Seed\n|\n|-weather|SunnyDay|[upkeep]\n|-damage|p1a: Kyurem|78/100 tox|[from] psn\n|upkeep\n|\n|t:|1773738049\n|switch|p1b: Ninetales|Ninetales-Alola, L50, F|16/100\n|-weather|Snowscape|[from] ability: Snow Warning|[of] p1b: Ninetales\n|turn|7\n|inactive|swordsdanceurshifu has 30 seconds left.\n|\n|t:|1773738080\n|move|p2b: Toxapex|Wide Guard|p2b: Toxapex\n|-singleturn|p2b: Toxapex|Wide Guard\n|move|p1a: Kyurem|Blizzard|p2b: Toxapex|[spread] \n|-activate|p2a: Koraidon|move: Wide Guard\n|-activate|p2b: Toxapex|move: Wide Guard\n|move|p1b: Ninetales|Blizzard|p2b: Toxapex|[spread] \n|-activate|p2a: Koraidon|move: Wide Guard\n|-activate|p2b: Toxapex|move: Wide Guard\n|move|p2a: Koraidon|Flare Blitz|p1b: Ninetales\n|-supereffective|p1b: Ninetales\n|-damage|p1b: Ninetales|0 fnt\n|faint|p1b: Ninetales\n|-damage|p2a: Koraidon|97/100|[from] Recoil\n|\n|-weather|Snowscape|[upkeep]\n|-damage|p1a: Kyurem|60/100 tox|[from] psn\n|-sideend|p1: Calculo II|move: Tailwind\n|upkeep\n|turn|8\n|-message|Calculo II forfeited.\n|\n|win|swordsdanceurshifu\n|raw|Calculo II's rating: 1261 &rarr; <strong>1237</strong><br />(-24 for losing)\n|raw|swordsdanceurshifu's rating: 1271 &rarr; <strong>1295</strong><br />(+24 for winning)\n|l|\u2606Calculo II\n|player|p1|\n|l|\u2606swordsdanceurshifu\n|player|p2|\n|j|\u2606swordsdanceurshifu\n|player|p2|swordsdanceurshifu|170|\n|l|\u2606swordsdanceurshifu\n|player|p2|\n|j|\u2606swordsdanceurshifu\n|player|p2|swordsdanceurshifu|170|\n|l|\u2606swordsdanceurshifu\n|player|p2|\n","uploadtime":1773738251,"views":12,"formatid":"gen9vgc2026regi","rating":1237,"private":0,"password":null}