{"id":"gen9vgc2026regi-2581740794","format":"[Gen 9] VGC 2026 Reg I","players":["daniel goated","castiel123"],"log":"|j|\u2606daniel goated\n|j|\u2606castiel123\n|t:|1776024808\n|gametype|doubles\n|player|p1|daniel goated|265|1317\n|player|p2|castiel123|101|1230\n|gen|9\n|tier|[Gen 9] VGC 2026 Reg I\n|rated|\n|rule|Species Clause: Limit one of each Pok\u00e9mon\n|rule|Item Clause: Limit 1 of each item\n|clearpoke\n|poke|p1|Chi-Yu, L50|\n|poke|p1|Calyrex-Shadow, L50|\n|poke|p1|Miraidon, L50|\n|poke|p1|Murkrow, L50, F|\n|poke|p1|Ogerpon-Hearthflame, L50, F|\n|poke|p1|Rillaboom, L50, M|\n|poke|p2|Zamazenta-*, L50|\n|poke|p2|Terapagos, L50, M|\n|poke|p2|Whimsicott, L50, F|\n|poke|p2|Indeedee, L50, M|\n|poke|p2|Flutter Mane, L50|\n|poke|p2|Entei, L50|\n|teampreview|4\n|inactive|Battle timer is ON: inactive players will automatically lose when time's up. (requested by daniel goated)\n|inactive|castiel123 has 60 seconds left.\n|inactive|daniel goated has 60 seconds left.\n|\n|t:|1776024867\n|teamsize|p1|4\n|teamsize|p2|4\n|start\n|switch|p1a: Chi-Yu|Chi-Yu, L50|100/100\n|switch|p1b: Murkrow|Murkrow, L50, F|100/100\n|switch|p2a: Entei|Entei, L50|100/100\n|switch|p2b: Zamazenta|Zamazenta-Crowned, L50|100/100\n|-ability|p1a: Chi-Yu|Beads of Ruin\n|-ability|p2b: Zamazenta|Dauntless Shield|boost\n|-boost|p2b: Zamazenta|def|1\n|turn|1\n|\n|t:|1776024874\n|-terastallize|p2b: Zamazenta|Water\n|move|p2a: Entei|Extreme Speed|p1b: Murkrow\n|-damage|p1b: Murkrow|61/100\n|-damage|p2a: Entei|91/100|[from] item: Life Orb\n|move|p1b: Murkrow|Tailwind|p1b: Murkrow\n|-sidestart|p1: daniel goated|move: Tailwind\n|move|p1a: Chi-Yu|Overheat|p2b: Zamazenta\n|-resisted|p2b: Zamazenta\n|-damage|p2b: Zamazenta|72/100\n|-unboost|p1a: Chi-Yu|spa|2\n|move|p2b: Zamazenta|Body Press|p1a: Chi-Yu\n|-supereffective|p1a: Chi-Yu\n|-damage|p1a: Chi-Yu|0 fnt\n|faint|p1a: Chi-Yu\n|\n|upkeep\n|\n|t:|1776024884\n|switch|p1a: Miraidon|Miraidon, L50|100/100\n|-fieldstart|move: Electric Terrain|[from] ability: Hadron Engine|[of] p1a: Miraidon\n|turn|2\n|\n|t:|1776024903\n|switch|p2b: Terapagos|Terapagos, L50, M|100/100\n|-activate|p2b: Terapagos|ability: Tera Shift\n|detailschange|p2b: Terapagos|Terapagos-Terastal, L50, M\n|-heal|p2b: Terapagos|100/100|[silent]\n|-terastallize|p1b: Murkrow|Ghost\n|move|p2a: Entei|Extreme Speed|p1a: Miraidon\n|-damage|p1a: Miraidon|65/100\n|-damage|p2a: Entei|81/100|[from] item: Life Orb\n|move|p1a: Miraidon|Electro Drift|p2b: Terapagos\n|-activate|p2b: Terapagos|ability: Tera Shell\n|-resisted|p2b: Terapagos\n|-damage|p2b: Terapagos|50/100\n|move|p1b: Murkrow|Foul Play|p2a: Entei\n|-damage|p2a: Entei|30/100\n|\n|-heal|p2b: Terapagos|56/100|[from] item: Leftovers\n|upkeep\n|turn|3\n|\n|t:|1776024921\n|switch|p2b: Indeedee|Indeedee, L50, M|100/100\n|-fieldstart|move: Psychic Terrain|[from] ability: Psychic Surge|[of] p2b: Indeedee\n|move|p2a: Entei|Extreme Speed|p1a: Miraidon\n|-activate|p1a: Miraidon|move: Psychic Terrain\n|move|p1a: Miraidon|Electro Drift|p2b: Indeedee\n|-damage|p2b: Indeedee|0 fnt\n|faint|p2b: Indeedee\n|move|p1b: Murkrow|Foul Play|p2a: Entei\n|-damage|p2a: Entei|0 fnt\n|faint|p2a: Entei\n|\n|upkeep\n|\n|t:|1776024930\n|switch|p2a: Zamazenta|Zamazenta-Crowned, L50, tera:Water|72/100\n|switch|p2b: Terapagos|Terapagos-Terastal, L50, M|56/100\n|turn|4\n|\n|t:|1776024940\n|move|p2b: Terapagos|Protect|p2b: Terapagos\n|-singleturn|p2b: Terapagos|Protect\n|move|p1a: Miraidon|Electro Drift|p2a: Zamazenta\n|-supereffective|p2a: Zamazenta\n|-damage|p2a: Zamazenta|0 fnt\n|faint|p2a: Zamazenta\n|move|p1b: Murkrow|Foul Play|p2b: Terapagos\n|-activate|p2b: Terapagos|move: Protect\n|\n|-heal|p2b: Terapagos|62/100|[from] item: Leftovers\n|-sideend|p1: daniel goated|move: Tailwind\n|upkeep\n|turn|5\n|-message|castiel123 forfeited.\n|\n|win|daniel goated\n|raw|daniel goated's rating: 1317 &rarr; <strong>1332</strong><br />(+15 for winning)\n|raw|castiel123's rating: 1230 &rarr; <strong>1211</strong><br />(-19 for losing)\n|l|\u2606castiel123\n|player|p2|\n|l|\u2606daniel goated\n|player|p1|\n","uploadtime":1776025132,"views":8,"formatid":"gen9vgc2026regi","rating":1211,"private":0,"password":null}