{"id":"gen9vgc2026regi-2561659216","format":"[Gen 9] VGC 2026 Reg I","players":["CHR1SPHX","shangenb1"],"log":"|j|\u2606CHR1SPHX\n|j|\u2606shangenb1\n|t:|1773829145\n|gametype|doubles\n|player|p1|CHR1SPHX|hilbert|1378\n|player|p2|shangenb1|266|1463\n|gen|9\n|tier|[Gen 9] VGC 2026 Reg I\n|rated|\n|rule|Species Clause: Limit one of each Pok\u00e9mon\n|rule|Item Clause: Limit 1 of each item\n|clearpoke\n|poke|p1|Flutter Mane, L50|\n|poke|p1|Incineroar, L50, M|\n|poke|p1|Ursaluna-Bloodmoon, L50, M|\n|poke|p1|Amoonguss, L50, M|\n|poke|p1|Koraidon, L50|\n|poke|p1|Lunala, L50|\n|poke|p2|Koraidon, L50|\n|poke|p2|Lunala, L50|\n|poke|p2|Flutter Mane, L50|\n|poke|p2|Chi-Yu, L50|\n|poke|p2|Raging Bolt, L50|\n|poke|p2|Indeedee-F, L50, F|\n|teampreview|4\n|inactive|Battle timer is ON: inactive players will automatically lose when time's up. (requested by shangenb1)\n|inactive|CHR1SPHX also wants the timer to be on.\nCHR1SPHX rejected open team sheets.\n|inactive|CHR1SPHX has 60 seconds left.\n|\n|t:|1773829182\n|teamsize|p1|4\n|teamsize|p2|4\n|start\n|switch|p1a: Lunala|Lunala, L50, shiny|100/100\n|switch|p1b: Amoonguss|Amoonguss, L50, M, shiny|100/100\n|switch|p2a: Flutter Mane|Flutter Mane, L50|100/100\n|switch|p2b: Koraidon|Koraidon, L50|100/100\n|-weather|SunnyDay|[from] ability: Orichalcum Pulse|[of] p2b: Koraidon\n|-activate|p2a: Flutter Mane|ability: Protosynthesis\n|-start|p2a: Flutter Mane|protosynthesisspe\n|-activate|p2b: Koraidon|Orichalcum Pulse|[source]\n|turn|1\n|inactive|shangenb1 has 30 seconds left.\n|\n|t:|1773829208\n|switch|p1b: Incineroar|Incineroar, L50, M|100/100\n|-ability|p1b: Incineroar|Intimidate|boost\n|-unboost|p2a: Flutter Mane|atk|1\n|-fail|p2b: Koraidon|unboost|[from] item: Clear Amulet|[of] p2b: Koraidon\n|-terastallize|p1a: Lunala|Fairy\n|move|p2a: Flutter Mane|Taunt|p1b: Incineroar\n|-start|p1b: Incineroar|move: Taunt\n|move|p2b: Koraidon|Flame Charge|p1a: Lunala\n|-damage|p1a: Lunala|88/100\n|-boost|p2b: Koraidon|spe|1\n|move|p1a: Lunala|Trick Room|p1a: Lunala\n|-fieldstart|move: Trick Room|[of] p1a: Lunala\n|\n|-weather|SunnyDay|[upkeep]\n|upkeep\n|turn|2\n|\n|t:|1773829227\n|move|p2b: Koraidon|Protect|p2b: Koraidon\n|-singleturn|p2b: Koraidon|Protect\n|move|p2a: Flutter Mane|Protect|p2a: Flutter Mane\n|-singleturn|p2a: Flutter Mane|Protect\n|move|p1b: Incineroar|Fake Out|p2b: Koraidon\n|-activate|p2b: Koraidon|move: Protect\n|move|p1a: Lunala|Moongeist Beam|p2a: Flutter Mane\n|-activate|p2a: Flutter Mane|move: Protect\n|\n|-weather|SunnyDay|[upkeep]\n|upkeep\n|turn|3\n|inactive|shangenb1 has 30 seconds left.\n|inactive|shangenb1 has 20 seconds left.\n|\n|t:|1773829263\n|-end|p2a: Flutter Mane|Protosynthesis|[silent]\n|switch|p2a: Chi-Yu|Chi-Yu, L50|100/100\n|-ability|p2a: Chi-Yu|Beads of Ruin\n|-terastallize|p2b: Koraidon|Fire\n|move|p1b: Incineroar|Knock Off|p2a: Chi-Yu\n|-resisted|p2a: Chi-Yu\n|-damage|p2a: Chi-Yu|70/100\n|-enditem|p2a: Chi-Yu|Choice Scarf|[from] move: Knock Off|[of] p1b: Incineroar\n|move|p1a: Lunala|Moonblast|p2b: Koraidon\n|-resisted|p2b: Koraidon\n|-damage|p2b: Koraidon|72/100\n|move|p2b: Koraidon|Flare Blitz|p1a: Lunala\n|-damage|p1a: Lunala|0 fnt\n|faint|p1a: Lunala\n|-damage|p2b: Koraidon|38/100|[from] Recoil\n|\n|-weather|SunnyDay|[upkeep]\n|-end|p1b: Incineroar|move: Taunt\n|upkeep\n|\n|t:|1773829275\n|switch|p1a: Amoonguss|Amoonguss, L50, M, shiny|100/100\n|turn|4\n|\n|t:|1773829294\n|move|p1a: Amoonguss|Spore|p2a: Chi-Yu\n|-status|p2a: Chi-Yu|slp|[from] move: Spore\n|move|p1b: Incineroar|Knock Off|p2b: Koraidon\n|-damage|p2b: Koraidon|6/100\n|-enditem|p2b: Koraidon|Clear Amulet|[from] move: Knock Off|[of] p1b: Incineroar\n|cant|p2a: Chi-Yu|slp\n|move|p2b: Koraidon|Collision Course|p1b: Incineroar\n|-supereffective|p1b: Incineroar\n|-damage|p1b: Incineroar|0 fnt\n|faint|p1b: Incineroar\n|\n|-weather|SunnyDay|[upkeep]\n|upkeep\n|\n|t:|1773829299\n|switch|p1b: Ursaluna|Ursaluna-Bloodmoon, L50, M|100/100\n|turn|5\n|\n|t:|1773829314\n|move|p2b: Koraidon|Protect|p2b: Koraidon\n|-singleturn|p2b: Koraidon|Protect\n|move|p1a: Amoonguss|Sludge Bomb|p2b: Koraidon\n|-activate|p2b: Koraidon|move: Protect\n|move|p1b: Ursaluna|Hyper Voice|p2a: Chi-Yu|[spread] p2a\n|-activate|p2b: Koraidon|move: Protect\n|-damage|p2a: Chi-Yu|17/100 slp\n|-damage|p1b: Ursaluna|91/100|[from] item: Life Orb\n|cant|p2a: Chi-Yu|slp\n|\n|-weather|none\n|-fieldend|move: Trick Room\n|upkeep\n|turn|6\n|\n|t:|1773829334\n|move|p1a: Amoonguss|Rage Powder|p1a: Amoonguss\n|-singleturn|p1a: Amoonguss|move: Rage Powder\n|move|p2b: Koraidon|Flare Blitz|p1a: Amoonguss\n|-supereffective|p1a: Amoonguss\n|-damage|p1a: Amoonguss|0 fnt\n|-damage|p2b: Koraidon|0 fnt|[from] item: Rocky Helmet|[of] p1a: Amoonguss\n|faint|p1a: Amoonguss\n|faint|p2b: Koraidon\n|cant|p2a: Chi-Yu|slp\n|move|p1b: Ursaluna|Hyper Voice|p2a: Chi-Yu\n|-damage|p2a: Chi-Yu|0 fnt\n|faint|p2a: Chi-Yu\n|-damage|p1b: Ursaluna|81/100|[from] item: Life Orb\n|\n|upkeep\n|\n|t:|1773829349\n|switch|p2b: Lunala|Lunala, L50|100/100\n|switch|p2a: Flutter Mane|Flutter Mane, L50|100/100\n|turn|7\n|\n|t:|1773829359\n|move|p2a: Flutter Mane|Moonblast|p1b: Ursaluna\n|-damage|p1b: Ursaluna|31/100\n|move|p2b: Lunala|Expanding Force|p1b: Ursaluna\n|-damage|p1b: Ursaluna|0 fnt\n|faint|p1b: Ursaluna\n|\n|win|shangenb1\n|raw|CHR1SPHX's rating: 1378 &rarr; <strong>1363</strong><br />(-15 for losing)\n|raw|shangenb1's rating: 1463 &rarr; <strong>1478</strong><br />(+15 for winning)\n|l|\u2606CHR1SPHX\n|player|p1|\n|l|\u2606shangenb1\n|player|p2|\n","uploadtime":1773829367,"views":10,"formatid":"gen9vgc2026regi","rating":1363,"private":0,"password":null}