{"id":"gen9vgc2026regi-2569952091","format":"[Gen 9] VGC 2026 Reg I","players":["1357dunsparce","newlifecicle"],"log":"|j|\u26061357dunsparce\n|j|\u2606newlifecicle\n|t:|1774749628\n|gametype|doubles\n|player|p1|1357dunsparce|102|1473\n|player|p2|newlifecicle|veteran|1688\n|gen|9\n|tier|[Gen 9] VGC 2026 Reg I\n|rated|\n|rule|Species Clause: Limit one of each Pok\u00e9mon\n|rule|Item Clause: Limit 1 of each item\n|clearpoke\n|poke|p1|Miraidon, L50|\n|poke|p1|Lunala, L50|\n|poke|p1|Ursaluna, L50, F|\n|poke|p1|Urshifu-*, L50, F|\n|poke|p1|Incineroar, L50, F|\n|poke|p1|Whimsicott, L50, M|\n|poke|p2|Calyrex-Shadow, L50|\n|poke|p2|Zamazenta-*, L50|\n|poke|p2|Chien-Pao, L50|\n|poke|p2|Dragonite, L50, M|\n|poke|p2|Raging Bolt, L50|\n|poke|p2|Amoonguss, L50, M|\n|teampreview|4\n|inactive|Battle timer is ON: inactive players will automatically lose when time's up. (requested by newlifecicle)\n|\n|t:|1774749659\n|teamsize|p1|4\n|teamsize|p2|4\n|start\n|switch|p1a: Incineroar|Incineroar, L50, F|100/100\n|switch|p1b: Urshifu|Urshifu-Rapid-Strike, L50, F|100/100\n|switch|p2a: protec|Zamazenta-Crowned, L50|100/100\n|switch|p2b: Arlie|Chien-Pao, L50|100/100\n|-ability|p2b: Arlie|Sword of Ruin\n|-ability|p2a: protec|Dauntless Shield|boost\n|-boost|p2a: protec|def|1\n|-ability|p1a: Incineroar|Intimidate|boost\n|-unboost|p2a: protec|atk|1\n|-unboost|p2b: Arlie|atk|1\n|turn|1\n|inactive|1357dunsparce has 30 seconds left.\n|inactive|1357dunsparce has 20 seconds left.\n|\n|t:|1774749694\n|switch|p2b: Verizon|Amoonguss, L50, M|100/100\n|move|p1a: Incineroar|Fake Out|p2a: protec\n|-resisted|p2a: protec\n|-damage|p2a: protec|98/100\n|cant|p2a: protec|flinch\n|move|p1b: Urshifu|U-turn|p2b: Verizon\n|-damage|p2b: Verizon|69/100\n|-damage|p1b: Urshifu|84/100|[from] item: Rocky Helmet|[of] p2b: Verizon\n|\n|t:|1774749710\n|switch|p1b: Miraidon|Miraidon, L50|100/100|[from] U-turn\n|-fieldstart|move: Electric Terrain|[from] ability: Hadron Engine|[of] p1b: Miraidon\n|\n|upkeep\n|turn|2\n|\n|t:|1774749720\n|switch|p1a: Lunala|Lunala, L50|100/100\n|-enditem|p1a: Lunala|Electric Seed\n|-boost|p1a: Lunala|def|1|[from] item: Electric Seed\n|move|p2b: Verizon|Rage Powder|p2b: Verizon\n|-singleturn|p2b: Verizon|move: Rage Powder\n|move|p1b: Miraidon|Electro Drift|p2b: Verizon\n|-resisted|p2b: Verizon\n|-damage|p2b: Verizon|16/100\n|-damage|p1b: Miraidon|84/100|[from] item: Rocky Helmet|[of] p2b: Verizon\n|-damage|p1b: Miraidon|74/100|[from] item: Life Orb\n|move|p2a: protec|Body Press|p1b: Miraidon\n|-damage|p1b: Miraidon|9/100\n|\n|upkeep\n|turn|3\n|\n|t:|1774749745\n|move|p2b: Verizon|Rage Powder|p2b: Verizon\n|-singleturn|p2b: Verizon|move: Rage Powder\n|move|p1b: Miraidon|Electro Drift|p2b: Verizon\n|-resisted|p2b: Verizon\n|-damage|p2b: Verizon|0 fnt\n|-damage|p1b: Miraidon|0 fnt|[from] item: Rocky Helmet|[of] p2b: Verizon\n|faint|p2b: Verizon\n|faint|p1b: Miraidon\n|move|p2a: protec|Body Press|p1a: Lunala\n|-immune|p1a: Lunala\n|move|p1a: Lunala|Moongeist Beam|p2a: protec\n|-crit|p2a: protec\n|-damage|p2a: protec|47/100\n|\n|upkeep\n|\n|t:|1774749756\n|switch|p1b: Incineroar|Incineroar, L50, F|100/100\n|switch|p2b: PinkPonyClub|Calyrex-Shadow, L50|100/100\n|-ability|p2b: PinkPonyClub|As One\n|-ability|p2b: PinkPonyClub|Unnerve\n|-ability|p1b: Incineroar|Intimidate|boost\n|-unboost|p2a: protec|atk|1\n|-unboost|p2b: PinkPonyClub|atk|1\n|turn|4\n|\n|t:|1774749769\n|-terastallize|p1a: Lunala|Fairy\n|move|p1b: Incineroar|Fake Out|p2a: protec\n|-resisted|p2a: protec\n|-damage|p2a: protec|45/100\n|move|p2b: PinkPonyClub|Encore|p1a: Lunala\n|-start|p1a: Lunala|Encore\n|cant|p2a: protec|flinch\n|move|p1a: Lunala|Moongeist Beam|p2a: protec\n|-damage|p2a: protec|10/100\n|\n|upkeep\n|turn|5\n|\n|t:|1774749787\n|-terastallize|p2b: PinkPonyClub|Ghost\n|move|p2b: PinkPonyClub|Astral Barrage|p1b: Incineroar|[spread] p1a,p1b\n|-resisted|p1b: Incineroar\n|-damage|p1a: Lunala|78/100\n|-damage|p1b: Incineroar|81/100\n|move|p2a: protec|Body Press|p1b: Incineroar\n|-supereffective|p1b: Incineroar\n|-damage|p1b: Incineroar|0 fnt\n|faint|p1b: Incineroar\n|move|p1a: Lunala|Moongeist Beam|p2b: PinkPonyClub\n|-supereffective|p2b: PinkPonyClub\n|-enditem|p2b: PinkPonyClub|Focus Sash\n|-damage|p2b: PinkPonyClub|1/100\n|\n|-fieldend|move: Electric Terrain\n|upkeep\n|\n|t:|1774749792\n|switch|p1b: Urshifu|Urshifu-Rapid-Strike, L50, F|84/100\n|turn|6\n|\n|t:|1774749801\n|switch|p2b: Arlie|Chien-Pao, L50|100/100\n|-ability|p2b: Arlie|Sword of Ruin\n|move|p1b: Urshifu|Aqua Jet|p2b: Arlie\n|-damage|p2b: Arlie|57/100\n|move|p2a: protec|Body Press|p1b: Urshifu\n|-damage|p1b: Urshifu|6/100\n|move|p1a: Lunala|Moongeist Beam|p2a: protec\n|-damage|p2a: protec|0 fnt\n|faint|p2a: protec\n|\n|-end|p1a: Lunala|Encore\n|upkeep\n|\n|t:|1774749811\n|switch|p2a: PinkPonyClub|Calyrex-Shadow, L50, tera:Ghost|1/100\n|-ability|p2a: PinkPonyClub|As One\n|-ability|p2a: PinkPonyClub|Unnerve\n|turn|7\n|\n|t:|1774749836\n|move|p2b: Arlie|Sucker Punch|p1b: Urshifu\n|-resisted|p1b: Urshifu\n|-damage|p1b: Urshifu|0 fnt\n|faint|p1b: Urshifu\n|move|p2a: PinkPonyClub|Astral Barrage|p1a: Lunala\n|-damage|p1a: Lunala|16/100\n|move|p1a: Lunala|Moongeist Beam|p2a: PinkPonyClub\n|-supereffective|p2a: PinkPonyClub\n|-damage|p2a: PinkPonyClub|0 fnt\n|faint|p2a: PinkPonyClub\n|\n|upkeep\n|turn|8\n|\n|t:|1774749845\n|move|p2b: Arlie|Ice Spinner|p1a: Lunala\n|-damage|p1a: Lunala|0 fnt\n|faint|p1a: Lunala\n|\n|win|newlifecicle\n|raw|1357dunsparce's rating: 1473 &rarr; <strong>1464</strong><br />(-9 for losing)\n|raw|newlifecicle's rating: 1688 &rarr; <strong>1697</strong><br />(+9 for winning)\n|c|\u26061357dunsparce|gg\n|c|\u2606newlifecicle|Gg\n|l|\u26061357dunsparce\n|player|p1|\n|l|\u2606newlifecicle\n|player|p2|\n","uploadtime":1774749984,"views":20,"formatid":"gen9vgc2026regi","rating":1464,"private":0,"password":null}