{"id":"gen9vgc2026regi-2569001980","format":"[Gen 9] VGC 2026 Reg I","players":["galladedagoat","tinkatonbeliever"],"log":"|j|\u2606galladedagoat\n|j|\u2606tinkatonbeliever\n|t:|1774639981\n|gametype|doubles\n|player|p1|galladedagoat|1|1318\n|player|p2|tinkatonbeliever|170|1426\n|gen|9\n|tier|[Gen 9] VGC 2026 Reg I\n|rated|\n|rule|Species Clause: Limit one of each Pok\u00e9mon\n|rule|Item Clause: Limit 1 of each item\n|clearpoke\n|poke|p1|Koraidon, L50|\n|poke|p1|Lunala, L50|\n|poke|p1|Shiftry, L50, M|\n|poke|p1|Incineroar, L50, M|\n|poke|p1|Ursaluna, L50, M|\n|poke|p1|Farigiraf, L50, F|\n|poke|p2|Kyogre, L50|\n|poke|p2|Tornadus, L50, M|\n|poke|p2|Incineroar, L50, F|\n|poke|p2|Tinkaton, L50, F|\n|poke|p2|Calyrex-Ice, L50|\n|poke|p2|Landorus, L50, M|\n|teampreview|4\n|inactive|Battle timer is ON: inactive players will automatically lose when time's up. (requested by tinkatonbeliever)\n|\n|t:|1774640006\n|teamsize|p1|4\n|teamsize|p2|4\n|start\n|switch|p1a: Lunala|Lunala, L50|100/100\n|switch|p1b: Shiftry|Shiftry, L50, M, shiny|100/100\n|switch|p2a: Calyrex|Calyrex-Ice, L50|100/100\n|switch|p2b: Incineroar|Incineroar, L50, F|100/100\n|-ability|p2a: Calyrex|As One\n|-ability|p2a: Calyrex|Unnerve\n|-ability|p2b: Incineroar|Intimidate|boost\n|-unboost|p1a: Lunala|atk|1\n|-unboost|p1b: Shiftry|atk|1\n|turn|1\n|\n|t:|1774640027\n|move|p2a: Calyrex|Protect|p2a: Calyrex\n|-singleturn|p2a: Calyrex|Protect\n|move|p1b: Shiftry|Fake Out|p2a: Calyrex\n|-activate|p2a: Calyrex|move: Protect\n|move|p1a: Lunala|Meteor Beam||[still]\n|-prepare|p1a: Lunala|Meteor Beam\n|-boost|p1a: Lunala|spa|1\n|-enditem|p1a: Lunala|Power Herb\n|-anim|p1a: Lunala|Meteor Beam|p2b: Incineroar|[miss]\n|-miss|p1a: Lunala|p2b: Incineroar\n|move|p2b: Incineroar|Knock Off|p1a: Lunala\n|-supereffective|p1a: Lunala\n|-damage|p1a: Lunala|49/100\n|\n|upkeep\n|turn|2\n|inactive|tinkatonbeliever has 30 seconds left.\n|\n|t:|1774640053\n|-terastallize|p2a: Calyrex|Grass\n|move|p1b: Shiftry|Foul Play|p2a: Calyrex\n|-damage|p2a: Calyrex|61/100\n|move|p1a: Lunala|Moongeist Beam|p2a: Calyrex\n|-damage|p2a: Calyrex|9/100\n|move|p2b: Incineroar|Knock Off|p1a: Lunala\n|-supereffective|p1a: Lunala\n|-damage|p1a: Lunala|0 fnt\n|faint|p1a: Lunala\n|move|p2a: Calyrex|Trick Room|p2a: Calyrex\n|-fieldstart|move: Trick Room|[of] p2a: Calyrex\n|\n|upkeep\n|\n|t:|1774640067\n|switch|p1a: Incineroar|Incineroar, L50, M|100/100\n|-ability|p1a: Incineroar|Intimidate|boost\n|-unboost|p2a: Calyrex|atk|1\n|-unboost|p2b: Incineroar|atk|1\n|turn|3\n|\n|t:|1774640084\n|switch|p2b: Landorus|Landorus, L50, M|100/100\n|move|p2a: Calyrex|Protect|p2a: Calyrex\n|-singleturn|p2a: Calyrex|Protect\n|move|p1a: Incineroar|Fake Out|p2a: Calyrex\n|-activate|p2a: Calyrex|move: Protect\n|move|p1b: Shiftry|Endeavor|p2b: Landorus\n|-damage|p2b: Landorus|99/100\n|\n|upkeep\n|turn|4\n|\n|t:|1774640101\n|move|p2a: Calyrex|Glacial Lance|p1a: Incineroar|[spread] p1a,p1b\n|-resisted|p1a: Incineroar\n|-supereffective|p1b: Shiftry\n|-damage|p1a: Incineroar|82/100\n|-enditem|p1b: Shiftry|Focus Sash\n|-damage|p1b: Shiftry|1/100\n|move|p1a: Incineroar|Knock Off|p2a: Calyrex\n|-damage|p2a: Calyrex|0 fnt\n|-enditem|p2a: Calyrex|Loaded Dice|[from] move: Knock Off|[of] p1a: Incineroar\n|faint|p2a: Calyrex\n|move|p2b: Landorus|Sandsear Storm|p1b: Shiftry|[spread] p1a,p1b\n|-supereffective|p1a: Incineroar\n|-resisted|p1b: Shiftry\n|-damage|p1a: Incineroar|0 fnt\n|-damage|p1b: Shiftry|0 fnt\n|faint|p1a: Incineroar\n|faint|p1b: Shiftry\n|\n|upkeep\n|\n|t:|1774640118\n|switch|p2a: Incineroar|Incineroar, L50, F|100/100\n|switch|p1b: Koraidon|Koraidon, L50|100/100\n|-ability|p2a: Incineroar|Intimidate|boost\n|-fail|p1b: Koraidon|unboost|[from] item: Clear Amulet|[of] p1b: Koraidon\n|-weather|SunnyDay|[from] ability: Orichalcum Pulse|[of] p1b: Koraidon\n|-activate|p1b: Koraidon|Orichalcum Pulse|[source]\n|turn|5\n|\n|t:|1774640125\n|move|p1b: Koraidon|Protect|p1b: Koraidon\n|-singleturn|p1b: Koraidon|Protect\n|move|p2a: Incineroar|Fake Out|p1b: Koraidon\n|-activate|p1b: Koraidon|move: Protect\n|move|p2b: Landorus|Earth Power|p1b: Koraidon\n|-activate|p1b: Koraidon|move: Protect\n|\n|-weather|SunnyDay|[upkeep]\n|upkeep\n|turn|6\n|inactive|galladedagoat has 30 seconds left.\n|\n|t:|1774640156\n|move|p1b: Koraidon|Protect||[still]\n|-fail|p1b: Koraidon\n|move|p2a: Incineroar|Knock Off|p1b: Koraidon\n|-resisted|p1b: Koraidon\n|-damage|p1b: Koraidon|84/100\n|-enditem|p1b: Koraidon|Clear Amulet|[from] move: Knock Off|[of] p2a: Incineroar\n|move|p2b: Landorus|Earth Power|p1b: Koraidon\n|-damage|p1b: Koraidon|16/100\n|\n|-weather|SunnyDay|[upkeep]\n|-fieldend|move: Trick Room\n|upkeep\n|turn|7\n|-message|galladedagoat forfeited.\n|\n|win|tinkatonbeliever\n|raw|galladedagoat's rating: 1318 &rarr; <strong>1304</strong><br />(-14 for losing)\n|raw|tinkatonbeliever's rating: 1426 &rarr; <strong>1440</strong><br />(+14 for winning)\n|l|\u2606galladedagoat\n|player|p1|\n|l|\u2606tinkatonbeliever\n|player|p2|\n","uploadtime":1774640417,"views":18,"formatid":"gen9vgc2026regi","rating":1304,"private":0,"password":null}