{"id":"gen9vgc2026regi-2561297244","format":"[Gen 9] VGC 2026 Reg I","players":["Polipoliwr","It'sJustKen VGC"],"log":"|j|\u2606Polipoliwr\n|j|\u2606It'sJustKen VGC\n|t:|1773781553\n|gametype|doubles\n|player|p1|Polipoliwr|265|1331\n|player|p2|It'sJustKen VGC|102|1431\n|gen|9\n|tier|[Gen 9] VGC 2026 Reg I\n|rated|\n|rule|Species Clause: Limit one of each Pok\u00e9mon\n|rule|Item Clause: Limit 1 of each item\n|clearpoke\n|poke|p1|Kyogre, L50|\n|poke|p1|Indeedee-F, L50, F|\n|poke|p1|Calyrex-Ice, L50|\n|poke|p1|Volcarona, L50, F|\n|poke|p1|Smeargle, L50, M|\n|poke|p1|Ogerpon-Cornerstone, L50, F|\n|poke|p2|Iron Hands, L50|\n|poke|p2|Incineroar, L50, M|\n|poke|p2|Calyrex-Shadow, L50|\n|poke|p2|Whimsicott, L50, F|\n|poke|p2|Farigiraf, L50, F|\n|poke|p2|Miraidon, L50|\n|teampreview|4\n|inactive|Battle timer is ON: inactive players will automatically lose when time's up. (requested by It'sJustKen VGC)\n|\n|t:|1773781575\n|teamsize|p1|4\n|teamsize|p2|4\n|start\n|switch|p1a: Calyrex|Calyrex-Ice, L50|100/100\n|switch|p1b: Smeargle|Smeargle, L50, M|100/100\n|switch|p2a: Farigiraf|Farigiraf, L50, F|100/100\n|switch|p2b: Miraidon|Miraidon, L50, shiny|100/100\n|-ability|p1a: Calyrex|As One\n|-ability|p1a: Calyrex|Unnerve\n|-fieldstart|move: Electric Terrain|[from] ability: Hadron Engine|[of] p2b: Miraidon\n|-enditem|p2a: Farigiraf|Electric Seed\n|-boost|p2a: Farigiraf|def|1|[from] item: Electric Seed\n|turn|1\n|\n|t:|1773781589\n|move|p2b: Miraidon|Volt Switch|p1b: Smeargle\n|-enditem|p1b: Smeargle|Focus Sash\n|-damage|p1b: Smeargle|1/100\n|\n|t:|1773781592\n|switch|p2b: Incineroar|Incineroar, L50, M|100/100|[from] Volt Switch\n|-ability|p2b: Incineroar|Intimidate|boost\n|-unboost|p1a: Calyrex|atk|1\n|-unboost|p1b: Smeargle|atk|1\n|move|p1b: Smeargle|Decorate|p1a: Calyrex\n|-boost|p1a: Calyrex|atk|2\n|-boost|p1a: Calyrex|spa|2\n|move|p1a: Calyrex|Glacial Lance|p2a: Farigiraf|[spread] p2a,p2b\n|-resisted|p2b: Incineroar\n|-damage|p2a: Farigiraf|58/100\n|-damage|p2b: Incineroar|68/100\n|move|p2a: Farigiraf|Trick Room|p2a: Farigiraf\n|-fieldstart|move: Trick Room|[of] p2a: Farigiraf\n|\n|-ability|p1b: Smeargle|Moody|boost\n|-boost|p1b: Smeargle|atk|2\n|-unboost|p1b: Smeargle|def|1\n|upkeep\n|turn|2\n|\n|t:|1773781620\n|switch|p1b: Indeedee|Indeedee-F, L50, F|100/100\n|-fieldstart|move: Psychic Terrain|[from] ability: Psychic Surge|[of] p1b: Indeedee\n|move|p2b: Incineroar|Fake Out|p1b: Indeedee\n|-activate|p1b: Indeedee|move: Psychic Terrain\n|move|p1a: Calyrex|High Horsepower|p2b: Incineroar\n|-supereffective|p2b: Incineroar\n|-damage|p2b: Incineroar|0 fnt\n|-damage|p1a: Calyrex|84/100|[from] item: Rocky Helmet|[of] p2b: Incineroar\n|faint|p2b: Incineroar\n|-ability|p1a: Calyrex|Chilling Neigh|boost\n|-boost|p1a: Calyrex|atk|1\n|move|p2a: Farigiraf|Roar|p1a: Calyrex\n|drag|p1a: Smeargle|Smeargle, L50, M|1/100\n|\n|-ability|p1a: Smeargle|Moody|boost\n|-boost|p1a: Smeargle|spa|2\n|-unboost|p1a: Smeargle|def|1\n|upkeep\n|\n|t:|1773781623\n|switch|p2b: Miraidon|Miraidon, L50, shiny|100/100\n|-fieldstart|move: Electric Terrain|[from] ability: Hadron Engine|[of] p2b: Miraidon\n|turn|3\n|\n|t:|1773781647\n|switch|p1b: Calyrex|Calyrex-Ice, L50|84/100\n|-ability|p1b: Calyrex|As One\n|-ability|p1b: Calyrex|Unnerve\n|move|p1a: Smeargle|Follow Me|p1a: Smeargle\n|-singleturn|p1a: Smeargle|move: Follow Me\n|move|p2a: Farigiraf|Psychic|p1a: Smeargle\n|-damage|p1a: Smeargle|0 fnt\n|faint|p1a: Smeargle\n|move|p2b: Miraidon|Volt Switch|p1b: Calyrex\n|-damage|p1b: Calyrex|33/100\n|\n|t:|1773781656\n|switch|p2b: Iron Hands|Iron Hands, L50|100/100|[from] Volt Switch\n|-activate|p2b: Iron Hands|ability: Quark Drive\n|-start|p2b: Iron Hands|quarkdriveatk\n|\n|upkeep\n|\n|t:|1773781662\n|switch|p1a: Indeedee|Indeedee-F, L50, F|100/100\n|-fieldstart|move: Psychic Terrain|[from] ability: Psychic Surge|[of] p1a: Indeedee\n|-end|p2b: Iron Hands|Quark Drive\n|turn|4\n|\n|t:|1773781672\n|-terastallize|p2b: Iron Hands|Water\n|move|p2b: Iron Hands|Drain Punch|p1a: Indeedee\n|-damage|p1a: Indeedee|55/100\n|move|p1b: Calyrex|Glacial Lance|p2b: Iron Hands|[spread] p2a,p2b\n|-resisted|p2b: Iron Hands\n|-damage|p2a: Farigiraf|27/100\n|-damage|p2b: Iron Hands|82/100\n|move|p1a: Indeedee|Psychic|p2b: Iron Hands\n|-damage|p2b: Iron Hands|62/100\n|move|p2a: Farigiraf|Roar|p1a: Indeedee\n|drag|p1a: Kyogre|Kyogre, L50|100/100\n|-weather|RainDance|[from] ability: Drizzle|[of] p1a: Kyogre\n|\n|-weather|RainDance|[upkeep]\n|upkeep\n|turn|5\n|\n|t:|1773781686\n|switch|p1a: Indeedee|Indeedee-F, L50, F|55/100\n|move|p2a: Farigiraf|Helping Hand|p2b: Iron Hands\n|-singleturn|p2b: Iron Hands|Helping Hand|[of] p2a: Farigiraf\n|move|p2b: Iron Hands|Drain Punch|p1b: Calyrex\n|-damage|p1b: Calyrex|0 fnt\n|-heal|p2b: Iron Hands|76/100|[from] drain|[of] p1b: Calyrex\n|faint|p1b: Calyrex\n|\n|-weather|RainDance|[upkeep]\n|-fieldend|move: Trick Room\n|upkeep\n|\n|t:|1773781693\n|switch|p1b: Kyogre|Kyogre, L50|100/100\n|turn|6\n|\n|t:|1773781715\n|-terastallize|p1b: Kyogre|Water\n|move|p2a: Farigiraf|Helping Hand|p2b: Iron Hands\n|-singleturn|p2b: Iron Hands|Helping Hand|[of] p2a: Farigiraf\n|move|p1a: Indeedee|Follow Me|p1a: Indeedee\n|-singleturn|p1a: Indeedee|move: Follow Me\n|move|p1b: Kyogre|Water Spout|p2b: Iron Hands|[spread] p2a,p2b\n|-resisted|p2b: Iron Hands\n|-damage|p2a: Farigiraf|0 fnt\n|-damage|p2b: Iron Hands|42/100\n|faint|p2a: Farigiraf\n|move|p2b: Iron Hands|Drain Punch|p1a: Indeedee\n|-damage|p1a: Indeedee|0 fnt\n|-heal|p2b: Iron Hands|62/100|[from] drain|[of] p1a: Indeedee\n|faint|p1a: Indeedee\n|\n|-weather|RainDance|[upkeep]\n|upkeep\n|-message|Polipoliwr forfeited.\n|\n|win|It'sJustKen VGC\n|raw|Polipoliwr's rating: 1331 &rarr; <strong>1317</strong><br />(-14 for losing)\n|raw|It&apos;sJustKen VGC's rating: 1431 &rarr; <strong>1445</strong><br />(+14 for winning)\n|l|\u2606Polipoliwr\n|player|p1|\n","uploadtime":1773781726,"views":10,"formatid":"gen9vgc2026regi","rating":1317,"private":0,"password":null}