{"id":"gen9vgc2026regi-2568847863","format":"[Gen 9] VGC 2026 Reg I","players":["Northgdh","ky123456"],"log":"|j|\u2606Northgdh\n|j|\u2606ky123456\n|t:|1774627693\n|gametype|doubles\n|player|p1|Northgdh|pokemonranger-gen4|1509\n|player|p2|ky123456|cynthia-gen4|1566\n|gen|9\n|tier|[Gen 9] VGC 2026 Reg I\n|rated|\n|rule|Species Clause: Limit one of each Pok\u00e9mon\n|rule|Item Clause: Limit 1 of each item\n|clearpoke\n|poke|p1|Miraidon, L50|\n|poke|p1|Kyogre, L50|\n|poke|p1|Tornadus, L50, M|\n|poke|p1|Landorus, L50, M|\n|poke|p1|Farigiraf, L50, F|\n|poke|p1|Maushold-Four, L50|\n|poke|p2|Incineroar, L50, M|\n|poke|p2|Landorus, L50, M|\n|poke|p2|Calyrex-Shadow, L50|\n|poke|p2|Koraidon, L50|\n|poke|p2|Brute Bonnet, L50|\n|poke|p2|Raging Bolt, L50|\n|teampreview|4\n|inactive|Battle timer is ON: inactive players will automatically lose when time's up. (requested by Northgdh)\n|inactive|ky123456 has 60 seconds left.\n|inactive|Northgdh has 60 seconds left.\n|\n|t:|1774627734\n|teamsize|p1|4\n|teamsize|p2|4\n|start\n|switch|p1a: Westside|Miraidon, L50|100/100\n|switch|p1b: Rome Streetz|Tornadus, L50, M|100/100\n|switch|p2a: Incineroar|Incineroar, L50, M|100/100\n|switch|p2b: Raging Bolt|Raging Bolt, L50|100/100\n|-fieldstart|move: Electric Terrain|[from] ability: Hadron Engine|[of] p1a: Westside\n|-ability|p2a: Incineroar|Intimidate|boost\n|-unboost|p1a: Westside|atk|1\n|-unboost|p1b: Rome Streetz|atk|1\n|turn|1\n|\n|t:|1774627745\n|-terastallize|p1a: Westside|Fairy\n|move|p2a: Incineroar|Fake Out|p1a: Westside\n|-damage|p1a: Westside|91/100\n|move|p1b: Rome Streetz|Tailwind|p1b: Rome Streetz\n|-sidestart|p1: Northgdh|move: Tailwind\n|cant|p1a: Westside|flinch\n|move|p2b: Raging Bolt|Dragon Pulse|p1a: Westside\n|-immune|p1a: Westside\n|\n|upkeep\n|turn|2\n|inactive|ky123456 has 30 seconds left.\n|\n|t:|1774627774\n|switch|p1b: Keisha Plum|Farigiraf, L50, F|100/100\n|-enditem|p1b: Keisha Plum|Electric Seed\n|-boost|p1b: Keisha Plum|def|1|[from] item: Electric Seed\n|-terastallize|p2b: Raging Bolt|Electric\n|move|p2a: Incineroar|Helping Hand|p2b: Raging Bolt\n|-singleturn|p2b: Raging Bolt|Helping Hand|[of] p2a: Incineroar\n|move|p2b: Raging Bolt|Thunderclap||[still]\n|cant|p1b: Keisha Plum|ability: Armor Tail|Thunderclap|[of] p2b: Raging Bolt\n|move|p1a: Westside|Dazzling Gleam|p2b: Raging Bolt|[spread] p2a,p2b\n|-damage|p2a: Incineroar|42/100\n|-damage|p2b: Raging Bolt|60/100\n|\n|upkeep\n|turn|3\n|\n|t:|1774627787\n|move|p1b: Keisha Plum|Helping Hand|p1a: Westside\n|-singleturn|p1a: Westside|Helping Hand|[of] p1b: Keisha Plum\n|move|p2a: Incineroar|Helping Hand|p2b: Raging Bolt\n|-singleturn|p2b: Raging Bolt|Helping Hand|[of] p2a: Incineroar\n|move|p1a: Westside|Dazzling Gleam|p2a: Incineroar|[spread] p2a,p2b\n|-damage|p2a: Incineroar|0 fnt\n|-damage|p2b: Raging Bolt|0 fnt\n|faint|p2a: Incineroar\n|faint|p2b: Raging Bolt\n|-end|p2b: Raging Bolt|Protosynthesis|[silent]\n|\n|upkeep\n|\n|t:|1774627795\n|switch|p2b: Brute Bonnet|Brute Bonnet, L50|100/100\n|switch|p2a: Koraidon|Koraidon, L50|100/100\n|-weather|SunnyDay|[from] ability: Orichalcum Pulse|[of] p2a: Koraidon\n|-activate|p2b: Brute Bonnet|ability: Protosynthesis\n|-start|p2b: Brute Bonnet|protosynthesisdef\n|-activate|p2a: Koraidon|Orichalcum Pulse|[source]\n|turn|4\n|\n|t:|1774627804\n|switch|p1b: Rome Streetz|Tornadus, L50, M|100/100\n|move|p2a: Koraidon|Protect|p2a: Koraidon\n|-singleturn|p2a: Koraidon|Protect\n|move|p1a: Westside|Dazzling Gleam|p2b: Brute Bonnet|[spread] p2b\n|-activate|p2a: Koraidon|move: Protect\n|-supereffective|p2b: Brute Bonnet\n|-damage|p2b: Brute Bonnet|0 fnt\n|faint|p2b: Brute Bonnet\n|-end|p2b: Brute Bonnet|Protosynthesis|[silent]\n|\n|-weather|SunnyDay|[upkeep]\n|-sideend|p1: Northgdh|move: Tailwind\n|upkeep\n|turn|5\n|j| We Dull Test\n|c|\u2606Northgdh|ggwp\n|\n|t:|1774627809\n|move|p1b: Rome Streetz|Tailwind|p1b: Rome Streetz\n|-sidestart|p1: Northgdh|move: Tailwind\n|move|p1a: Westside|Dazzling Gleam|p2a: Koraidon\n|-supereffective|p2a: Koraidon\n|-damage|p2a: Koraidon|0 fnt\n|faint|p2a: Koraidon\n|\n|win|Northgdh\n|raw|Northgdh's rating: 1509 &rarr; <strong>1532</strong><br />(+23 for winning)\n|raw|ky123456's rating: 1566 &rarr; <strong>1543</strong><br />(-23 for losing)\n|l|\u2606ky123456\n|player|p2|\n|l|\u2606Northgdh\n|player|p1|\n|l| We Dull Test\n","uploadtime":1774627820,"views":25,"formatid":"gen9vgc2026regi","rating":1532,"private":0,"password":null}