{"id":"gen9vgc2026regi-2538157412","format":"[Gen 9] VGC 2026 Reg I","players":["blackred123","raigonjoy"],"log":"|j|\u2606blackred123\n|j|\u2606raigonjoy\n|t:|1770900717\n|gametype|doubles\n|player|p1|blackred123|iono-masters|1433\n|player|p2|raigonjoy|102|1545\n|gen|9\n|tier|[Gen 9] VGC 2026 Reg I\n|rated|\n|rule|Species Clause: Limit one of each Pok\u00e9mon\n|rule|Item Clause: Limit 1 of each item\n|clearpoke\n|poke|p1|Calyrex-Shadow, L50|\n|poke|p1|Zamazenta-*, L50|\n|poke|p1|Incineroar, L50, F|\n|poke|p1|Rillaboom, L50, F|\n|poke|p1|Ogerpon-Cornerstone, L50, F|\n|poke|p1|Tornadus, L50, M|\n|poke|p2|Whimsicott, L50, F|\n|poke|p2|Urshifu-*, L50, F|\n|poke|p2|Ursaluna, L50, F|\n|poke|p2|Miraidon, L50|\n|poke|p2|Lunala, L50|\n|poke|p2|Incineroar, L50, M|\n|teampreview|4\n|inactive|Battle timer is ON: inactive players will automatically lose when time's up. (requested by blackred123)\n|\n|t:|1770900736\n|teamsize|p1|4\n|teamsize|p2|4\n|start\n|switch|p1a: \u54c7\u8884\uff08\u72d7\u53eb\u58f0\uff09|Zamazenta-Crowned, L50|100/100\n|switch|p1b: \u90a3\u6211\u7f3a\u7684\u8425\u517b\u8fd9\u5757\u8c01\u7ed9\u6211\u8865\u554a\uff08\u6307\u8349\u573a\uff09|Rillaboom, L50, F|100/100\n|switch|p2a: Miraidon|Miraidon, L50, shiny|100/100\n|switch|p2b: Lunala|Lunala, L50, shiny|100/100\n|-fieldstart|move: Electric Terrain|[from] ability: Hadron Engine|[of] p2a: Miraidon\n|-enditem|p2b: Lunala|Electric Seed\n|-boost|p2b: Lunala|def|1|[from] item: Electric Seed\n|-ability|p1a: \u54c7\u8884\uff08\u72d7\u53eb\u58f0\uff09|Dauntless Shield|boost\n|-boost|p1a: \u54c7\u8884\uff08\u72d7\u53eb\u58f0\uff09|def|1\n|-fieldstart|move: Grassy Terrain|[from] ability: Grassy Surge|[of] p1b: \u90a3\u6211\u7f3a\u7684\u8425\u517b\u8fd9\u5757\u8c01\u7ed9\u6211\u8865\u554a\uff08\u6307\u8349\u573a\uff09\n|turn|1\n|inactive|raigonjoy has 30 seconds left.\n|\n|t:|1770900763\n|switch|p2b: Incineroar|Incineroar, L50, M, shiny|100/100\n|-ability|p2b: Incineroar|Intimidate|boost\n|-unboost|p1a: \u54c7\u8884\uff08\u72d7\u53eb\u58f0\uff09|atk|1\n|-unboost|p1b: \u90a3\u6211\u7f3a\u7684\u8425\u517b\u8fd9\u5757\u8c01\u7ed9\u6211\u8865\u554a\uff08\u6307\u8349\u573a\uff09|atk|1\n|move|p2a: Miraidon|Protect|p2a: Miraidon\n|-singleturn|p2a: Miraidon|Protect\n|move|p1b: \u90a3\u6211\u7f3a\u7684\u8425\u517b\u8fd9\u5757\u8c01\u7ed9\u6211\u8865\u554a\uff08\u6307\u8349\u573a\uff09|Fake Out|p2a: Miraidon\n|-activate|p2a: Miraidon|move: Protect\n|move|p1a: \u54c7\u8884\uff08\u72d7\u53eb\u58f0\uff09|Body Press|p2a: Miraidon\n|-activate|p2a: Miraidon|move: Protect\n|\n|upkeep\n|turn|2\n|inactive|raigonjoy has 30 seconds left.\n|\n|t:|1770900793\n|-terastallize|p2b: Incineroar|Bug\n|move|p1a: \u54c7\u8884\uff08\u72d7\u53eb\u58f0\uff09|Protect|p1a: \u54c7\u8884\uff08\u72d7\u53eb\u58f0\uff09\n|-singleturn|p1a: \u54c7\u8884\uff08\u72d7\u53eb\u58f0\uff09|Protect\n|move|p2a: Miraidon|Electro Drift|p1a: \u54c7\u8884\uff08\u72d7\u53eb\u58f0\uff09\n|-activate|p1a: \u54c7\u8884\uff08\u72d7\u53eb\u58f0\uff09|move: Protect\n|move|p1b: \u90a3\u6211\u7f3a\u7684\u8425\u517b\u8fd9\u5757\u8c01\u7ed9\u6211\u8865\u554a\uff08\u6307\u8349\u573a\uff09|U-turn|p2a: Miraidon\n|-damage|p2a: Miraidon|86/100\n|\n|t:|1770900811\n|switch|p1b: \u68cd\u7236|Tornadus, L50, M|100/100|[from] U-turn\n|move|p2b: Incineroar|U-turn|p1b: \u68cd\u7236\n|-resisted|p1b: \u68cd\u7236\n|-damage|p1b: \u68cd\u7236|84/100\n|\n|t:|1770900818\n|switch|p2b: Lunala|Lunala, L50, shiny|100/100|[from] U-turn\n|\n|-heal|p2a: Miraidon|92/100|[from] Grassy Terrain\n|upkeep\n|turn|3\n|\n|t:|1770900842\n|move|p1b: \u68cd\u7236|Taunt|p2b: Lunala\n|-start|p2b: Lunala|move: Taunt\n|move|p2a: Miraidon|Electro Drift|p1a: \u54c7\u8884\uff08\u72d7\u53eb\u58f0\uff09\n|-damage|p1a: \u54c7\u8884\uff08\u72d7\u53eb\u58f0\uff09|45/100\n|-damage|p2a: Miraidon|82/100|[from] item: Life Orb\n|move|p1a: \u54c7\u8884\uff08\u72d7\u53eb\u58f0\uff09|Body Press|p2a: Miraidon\n|-damage|p2a: Miraidon|15/100\n|cant|p2b: Lunala|move: Taunt|Trick Room\n|\n|-heal|p2a: Miraidon|21/100|[from] Grassy Terrain\n|-heal|p1a: \u54c7\u8884\uff08\u72d7\u53eb\u58f0\uff09|51/100|[from] Grassy Terrain\n|upkeep\n|turn|4\n|inactive|blackred123 has 30 seconds left.\n|\n|t:|1770900869\n|switch|p2b: Incineroar|Incineroar, L50, M, shiny, tera:Bug|100/100\n|-ability|p2b: Incineroar|Intimidate|boost\n|-unboost|p1a: \u54c7\u8884\uff08\u72d7\u53eb\u58f0\uff09|atk|1\n|-unboost|p1b: \u68cd\u7236|atk|1\n|move|p2a: Miraidon|Protect|p2a: Miraidon\n|-singleturn|p2a: Miraidon|Protect\n|move|p1a: \u54c7\u8884\uff08\u72d7\u53eb\u58f0\uff09|Protect|p1a: \u54c7\u8884\uff08\u72d7\u53eb\u58f0\uff09\n|-singleturn|p1a: \u54c7\u8884\uff08\u72d7\u53eb\u58f0\uff09|Protect\n|move|p1b: \u68cd\u7236|Bleakwind Storm|p2a: Miraidon|[spread] \n|-activate|p2a: Miraidon|move: Protect\n|-miss|p1b: \u68cd\u7236|p2b: Incineroar\n|\n|-heal|p2a: Miraidon|27/100|[from] Grassy Terrain\n|-heal|p1a: \u54c7\u8884\uff08\u72d7\u53eb\u58f0\uff09|57/100|[from] Grassy Terrain\n|upkeep\n|turn|5\n|inactive|blackred123 has 30 seconds left.\n|inactive|raigonjoy has 30 seconds left.\n|\n|t:|1770900901\n|move|p2b: Incineroar|Fake Out|p1a: \u54c7\u8884\uff08\u72d7\u53eb\u58f0\uff09\n|-resisted|p1a: \u54c7\u8884\uff08\u72d7\u53eb\u58f0\uff09\n|-damage|p1a: \u54c7\u8884\uff08\u72d7\u53eb\u58f0\uff09|55/100\n|move|p2a: Miraidon|Volt Switch|p1b: \u68cd\u7236\n|-supereffective|p1b: \u68cd\u7236\n|-damage|p1b: \u68cd\u7236|0 fnt\n|faint|p1b: \u68cd\u7236\n|-damage|p2a: Miraidon|17/100|[from] item: Life Orb\n|\n|t:|1770900911\n|switch|p2a: Lunala|Lunala, L50, shiny|100/100|[from] Volt Switch\n|cant|p1a: \u54c7\u8884\uff08\u72d7\u53eb\u58f0\uff09|flinch\n|\n|-heal|p1a: \u54c7\u8884\uff08\u72d7\u53eb\u58f0\uff09|61/100|[from] Grassy Terrain\n|-fieldend|move: Grassy Terrain\n|upkeep\n|\n|t:|1770900917\n|switch|p1b: \u5636\u9a6c\u51a0\u54e5|Calyrex-Shadow, L50|100/100\n|-ability|p1b: \u5636\u9a6c\u51a0\u54e5|As One\n|-ability|p1b: \u5636\u9a6c\u51a0\u54e5|Unnerve\n|turn|6\n|\n|t:|1770900926\n|-terastallize|p1b: \u5636\u9a6c\u51a0\u54e5|Dark\n|move|p2a: Lunala|Wide Guard|p2a: Lunala\n|-singleturn|p2a: Lunala|Wide Guard\n|move|p1b: \u5636\u9a6c\u51a0\u54e5|Astral Barrage|p2b: Incineroar|[spread] \n|-activate|p2a: Lunala|move: Wide Guard\n|-activate|p2b: Incineroar|move: Wide Guard\n|move|p1a: \u54c7\u8884\uff08\u72d7\u53eb\u58f0\uff09|Heavy Slam|p2a: Lunala\n|-damage|p2a: Lunala|91/100\n|move|p2b: Incineroar|Knock Off|p1b: \u5636\u9a6c\u51a0\u54e5\n|-resisted|p1b: \u5636\u9a6c\u51a0\u54e5\n|-damage|p1b: \u5636\u9a6c\u51a0\u54e5|78/100\n|-enditem|p1b: \u5636\u9a6c\u51a0\u54e5|Spooky Plate|[from] move: Knock Off|[of] p2b: Incineroar\n|\n|upkeep\n|turn|7\n|inactive|raigonjoy has 30 seconds left.\n|inactive|raigonjoy has 20 seconds left.\n|inactive|raigonjoy has 15 seconds left.\n|inactive|raigonjoy has 10 seconds left.\n|\n|t:|1770900975\n|move|p2a: Lunala|Wide Guard|p2a: Lunala\n|-singleturn|p2a: Lunala|Wide Guard\n|move|p1b: \u5636\u9a6c\u51a0\u54e5|Astral Barrage|p2b: Incineroar|[spread] \n|-activate|p2a: Lunala|move: Wide Guard\n|-activate|p2b: Incineroar|move: Wide Guard\n|move|p1a: \u54c7\u8884\uff08\u72d7\u53eb\u58f0\uff09|Heavy Slam|p2b: Incineroar\n|-damage|p2b: Incineroar|78/100\n|move|p2b: Incineroar|Flare Blitz|p1b: \u5636\u9a6c\u51a0\u54e5\n|-damage|p1b: \u5636\u9a6c\u51a0\u54e5|22/100\n|-damage|p2b: Incineroar|61/100|[from] Recoil\n|\n|upkeep\n|turn|8\n|\n|t:|1770900994\n|switch|p1b: \u90a3\u6211\u7f3a\u7684\u8425\u517b\u8fd9\u5757\u8c01\u7ed9\u6211\u8865\u554a\uff08\u6307\u8349\u573a\uff09|Rillaboom, L50, F|100/100\n|-fieldstart|move: Grassy Terrain|[from] ability: Grassy Surge|[of] p1b: \u90a3\u6211\u7f3a\u7684\u8425\u517b\u8fd9\u5757\u8c01\u7ed9\u6211\u8865\u554a\uff08\u6307\u8349\u573a\uff09\n|move|p2a: Lunala|Wide Guard|p2a: Lunala\n|-singleturn|p2a: Lunala|Wide Guard\n|move|p1a: \u54c7\u8884\uff08\u72d7\u53eb\u58f0\uff09|Body Press|p2b: Incineroar\n|-resisted|p2b: Incineroar\n|-damage|p2b: Incineroar|28/100\n|move|p2b: Incineroar|U-turn|p1b: \u90a3\u6211\u7f3a\u7684\u8425\u517b\u8fd9\u5757\u8c01\u7ed9\u6211\u8865\u554a\uff08\u6307\u8349\u573a\uff09\n|-supereffective|p1b: \u90a3\u6211\u7f3a\u7684\u8425\u517b\u8fd9\u5757\u8c01\u7ed9\u6211\u8865\u554a\uff08\u6307\u8349\u573a\uff09\n|-damage|p1b: \u90a3\u6211\u7f3a\u7684\u8425\u517b\u8fd9\u5757\u8c01\u7ed9\u6211\u8865\u554a\uff08\u6307\u8349\u573a\uff09|39/100\n|\n|t:|1770901012\n|switch|p2b: Miraidon|Miraidon, L50, shiny|17/100|[from] U-turn\n|-fieldstart|move: Electric Terrain|[from] ability: Hadron Engine|[of] p2b: Miraidon\n|\n|upkeep\n|turn|9\n|\n|t:|1770901023\n|move|p2b: Miraidon|Protect|p2b: Miraidon\n|-singleturn|p2b: Miraidon|Protect\n|move|p1a: \u54c7\u8884\uff08\u72d7\u53eb\u58f0\uff09|Protect|p1a: \u54c7\u8884\uff08\u72d7\u53eb\u58f0\uff09\n|-singleturn|p1a: \u54c7\u8884\uff08\u72d7\u53eb\u58f0\uff09|Protect\n|move|p2a: Lunala|Moonblast|p1b: \u90a3\u6211\u7f3a\u7684\u8425\u517b\u8fd9\u5757\u8c01\u7ed9\u6211\u8865\u554a\uff08\u6307\u8349\u573a\uff09\n|-damage|p1b: \u90a3\u6211\u7f3a\u7684\u8425\u517b\u8fd9\u5757\u8c01\u7ed9\u6211\u8865\u554a\uff08\u6307\u8349\u573a\uff09|16/100\n|move|p1b: \u90a3\u6211\u7f3a\u7684\u8425\u517b\u8fd9\u5757\u8c01\u7ed9\u6211\u8865\u554a\uff08\u6307\u8349\u573a\uff09|U-turn|p2b: Miraidon\n|-activate|p2b: Miraidon|move: Protect\n|\n|upkeep\n|turn|10\n|\n|t:|1770901043\n|move|p2b: Miraidon|Electro Drift|p1a: \u54c7\u8884\uff08\u72d7\u53eb\u58f0\uff09\n|-damage|p1a: \u54c7\u8884\uff08\u72d7\u53eb\u58f0\uff09|0 fnt\n|faint|p1a: \u54c7\u8884\uff08\u72d7\u53eb\u58f0\uff09\n|-damage|p2b: Miraidon|7/100|[from] item: Life Orb\n|move|p2a: Lunala|Moonblast|p1b: \u90a3\u6211\u7f3a\u7684\u8425\u517b\u8fd9\u5757\u8c01\u7ed9\u6211\u8865\u554a\uff08\u6307\u8349\u573a\uff09\n|-damage|p1b: \u90a3\u6211\u7f3a\u7684\u8425\u517b\u8fd9\u5757\u8c01\u7ed9\u6211\u8865\u554a\uff08\u6307\u8349\u573a\uff09|0 fnt\n|faint|p1b: \u90a3\u6211\u7f3a\u7684\u8425\u517b\u8fd9\u5757\u8c01\u7ed9\u6211\u8865\u554a\uff08\u6307\u8349\u573a\uff09\n|\n|upkeep\n|\n|t:|1770901048\n|switch|p1b: \u5636\u9a6c\u51a0\u54e5|Calyrex-Shadow, L50, tera:Dark|22/100\n|-ability|p1b: \u5636\u9a6c\u51a0\u54e5|As One\n|-ability|p1b: \u5636\u9a6c\u51a0\u54e5|Unnerve\n|turn|11\n|\n|t:|1770901063\n|move|p2a: Lunala|Wide Guard|p2a: Lunala\n|-singleturn|p2a: Lunala|Wide Guard\n|move|p1b: \u5636\u9a6c\u51a0\u54e5|Psychic|p2b: Miraidon\n|-damage|p2b: Miraidon|0 fnt\n|faint|p2b: Miraidon\n|-ability|p1b: \u5636\u9a6c\u51a0\u54e5|Grim Neigh|boost\n|-boost|p1b: \u5636\u9a6c\u51a0\u54e5|spa|1\n|\n|upkeep\n|\n|t:|1770901073\n|switch|p2b: Incineroar|Incineroar, L50, M, shiny, tera:Bug|28/100\n|-ability|p2b: Incineroar|Intimidate|boost\n|-unboost|p1b: \u5636\u9a6c\u51a0\u54e5|atk|1\n|turn|12\n|-message|blackred123 forfeited.\n|\n|win|raigonjoy\n|raw|blackred123's rating: 1433 &rarr; <strong>1419</strong><br />(-14 for losing)\n|raw|raigonjoy's rating: 1545 &rarr; <strong>1559</strong><br />(+14 for winning)\n|l|\u2606blackred123\n|player|p1|\n","uploadtime":1770901082,"views":24,"formatid":"gen9vgc2026regi","rating":1419,"private":0,"password":null}