{"id":"gen9vgc2026regi-2524119260","format":"[Gen 9] VGC 2026 Reg I","players":["darkest_contender","GoofyRonald756"],"log":"|j|\u2606darkest_contender\n|j|\u2606GoofyRonald756\n|t:|1769109678\n|gametype|doubles\n|player|p1|darkest_contender|n|1289\n|player|p2|GoofyRonald756|265|1370\n|gen|9\n|tier|[Gen 9] VGC 2026 Reg I\n|rated|\n|rule|Species Clause: Limit one of each Pok\u00e9mon\n|rule|Item Clause: Limit 1 of each item\n|clearpoke\n|poke|p1|Calyrex-Shadow, L50|\n|poke|p1|Zamazenta-*, L50|\n|poke|p1|Ogerpon-Cornerstone, L50, F|\n|poke|p1|Flutter Mane, L50|\n|poke|p1|Whimsicott, L50, F|\n|poke|p1|Torkoal, L50, M|\n|poke|p2|Miraidon, L50|\n|poke|p2|Lunala, L50|\n|poke|p2|Sylveon, L50, F|\n|poke|p2|Incineroar, L50, F|\n|poke|p2|Whimsicott, L50, M|\n|poke|p2|Urshifu-*, L50, F|\n|teampreview|4\n|\n|t:|1769109700\n|teamsize|p1|4\n|teamsize|p2|4\n|start\n|switch|p1a: Calyrex|Calyrex-Shadow, L50|100/100\n|switch|p1b: Flutter Mane|Flutter Mane, L50|100/100\n|switch|p2a: Lunala|Lunala, L50|100/100\n|switch|p2b: Incineroar|Incineroar, L50, F|100/100\n|-ability|p1a: Calyrex|As One\n|-ability|p1a: Calyrex|Unnerve\n|-ability|p2b: Incineroar|Intimidate|boost\n|-unboost|p1a: Calyrex|atk|1\n|-unboost|p1b: Flutter Mane|atk|1\n|-enditem|p1b: Flutter Mane|Booster Energy\n|-activate|p1b: Flutter Mane|ability: Protosynthesis|[fromitem]\n|-start|p1b: Flutter Mane|protosynthesisspe\n|turn|1\n|inactive|Battle timer is ON: inactive players will automatically lose when time's up. (requested by darkest_contender)\n|\n|t:|1769109711\n|switch|p1a: Zamazenta|Zamazenta-Crowned, L50|100/100\n|-ability|p1a: Zamazenta|Dauntless Shield|boost\n|-boost|p1a: Zamazenta|def|1\n|-terastallize|p2a: Lunala|Fairy\n|move|p1b: Flutter Mane|Moonblast|p2a: Lunala\n|-crit|p2a: Lunala\n|-damage|p2a: Lunala|74/100\n|move|p2b: Incineroar|Knock Off|p1a: Zamazenta\n|-resisted|p1a: Zamazenta\n|-damage|p1a: Zamazenta|95/100\n|move|p2a: Lunala|Trick Room|p2a: Lunala\n|-fieldstart|move: Trick Room|[of] p2a: Lunala\n|\n|upkeep\n|turn|2\n|\n|t:|1769109729\n|-end|p1b: Flutter Mane|Protosynthesis|[silent]\n|switch|p1b: Ogerpon|Ogerpon-Cornerstone, L50, F|100/100\n|move|p2b: Incineroar|U-turn|p1a: Zamazenta\n|-resisted|p1a: Zamazenta\n|-damage|p1a: Zamazenta|94/100\n|\n|t:|1769109731\n|switch|p2b: Sylveon|Sylveon, L50, F, shiny|100/100|[from] U-turn\n|move|p2a: Lunala|Moongeist Beam|p1b: Ogerpon\n|-damage|p1b: Ogerpon|27/100\n|move|p1a: Zamazenta|Body Press|p2b: Sylveon\n|-resisted|p2b: Sylveon\n|-damage|p2b: Sylveon|63/100\n|\n|upkeep\n|turn|3\n|\n|t:|1769109747\n|move|p1b: Ogerpon|Spiky Shield|p1b: Ogerpon\n|-singleturn|p1b: Ogerpon|move: Protect\n|move|p2b: Sylveon|Hyper Voice|p1a: Zamazenta|[spread] p1a\n|-activate|p1b: Ogerpon|move: Protect\n|-damage|p1a: Zamazenta|60/100\n|move|p2a: Lunala|Moongeist Beam|p1a: Zamazenta\n|-damage|p1a: Zamazenta|21/100\n|move|p1a: Zamazenta|Behemoth Bash|p2a: Lunala\n|-supereffective|p2a: Lunala\n|-damage|p2a: Lunala|8/100\n|\n|upkeep\n|turn|4\n|\n|t:|1769109764\n|move|p1a: Zamazenta|Wide Guard|p1a: Zamazenta\n|-singleturn|p1a: Zamazenta|Wide Guard\n|move|p2b: Sylveon|Hyper Voice|p1b: Ogerpon|[spread] \n|-activate|p1a: Zamazenta|move: Wide Guard\n|-activate|p1b: Ogerpon|move: Wide Guard\n|move|p2a: Lunala|Moongeist Beam|p1b: Ogerpon\n|-damage|p1b: Ogerpon|0 fnt\n|faint|p1b: Ogerpon\n|\n|upkeep\n|\n|t:|1769109774\n|switch|p1b: Calyrex|Calyrex-Shadow, L50|100/100\n|-ability|p1b: Calyrex|As One\n|-ability|p1b: Calyrex|Unnerve\n|turn|5\n|\n|t:|1769109786\n|switch|p2b: Miraidon|Miraidon, L50, shiny|100/100\n|-fieldstart|move: Electric Terrain|[from] ability: Hadron Engine|[of] p2b: Miraidon\n|-enditem|p2a: Lunala|Electric Seed\n|-boost|p2a: Lunala|def|1|[from] item: Electric Seed\n|move|p1b: Calyrex|Protect|p1b: Calyrex\n|-singleturn|p1b: Calyrex|Protect\n|move|p1a: Zamazenta|Wide Guard|p1a: Zamazenta\n|-singleturn|p1a: Zamazenta|Wide Guard\n|move|p2a: Lunala|Moongeist Beam|p1a: Zamazenta\n|-damage|p1a: Zamazenta|0 fnt\n|faint|p1a: Zamazenta\n|\n|-fieldend|move: Trick Room\n|upkeep\n|\n|t:|1769109797\n|switch|p1a: Flutter Mane|Flutter Mane, L50|100/100\n|turn|6\n|\n|t:|1769109809\n|move|p2a: Lunala|Wide Guard|p2a: Lunala\n|-singleturn|p2a: Lunala|Wide Guard\n|move|p1b: Calyrex|Psyshock|p2a: Lunala\n|-damage|p2a: Lunala|0 fnt\n|faint|p2a: Lunala\n|-ability|p1b: Calyrex|Grim Neigh|boost\n|-boost|p1b: Calyrex|spa|1\n|move|p1a: Flutter Mane|Moonblast|p2b: Miraidon\n|-supereffective|p2b: Miraidon\n|-damage|p2b: Miraidon|7/100\n|-unboost|p2b: Miraidon|spa|1\n|move|p2b: Miraidon|Electro Drift|p1b: Calyrex\n|-enditem|p1b: Calyrex|Focus Sash\n|-damage|p1b: Calyrex|1/100\n|\n|upkeep\n|\n|t:|1769109814\n|switch|p2a: Sylveon|Sylveon, L50, F, shiny|63/100\n|turn|7\n|\n|t:|1769109828\n|move|p1b: Calyrex|Protect|p1b: Calyrex\n|-singleturn|p1b: Calyrex|Protect\n|move|p2a: Sylveon|Quick Attack|p1b: Calyrex\n|-activate|p1b: Calyrex|move: Protect\n|move|p1a: Flutter Mane|Moonblast|p2b: Miraidon\n|-supereffective|p2b: Miraidon\n|-damage|p2b: Miraidon|0 fnt\n|faint|p2b: Miraidon\n|\n|upkeep\n|\n|t:|1769109831\n|switch|p2b: Incineroar|Incineroar, L50, F|100/100\n|-ability|p2b: Incineroar|Intimidate|boost\n|-unboost|p1a: Flutter Mane|atk|1\n|-unboost|p1b: Calyrex|atk|1\n|turn|8\n|\n|t:|1769109844\n|-terastallize|p1a: Flutter Mane|Fairy\n|move|p2a: Sylveon|Quick Attack|p1b: Calyrex\n|-damage|p1b: Calyrex|0 fnt\n|faint|p1b: Calyrex\n|move|p1a: Flutter Mane|Moonblast|p2a: Sylveon\n|-damage|p2a: Sylveon|18/100\n|move|p2b: Incineroar|Flare Blitz|p1a: Flutter Mane\n|-damage|p1a: Flutter Mane|0 fnt\n|faint|p1a: Flutter Mane\n|-end|p1a: Flutter Mane|Protosynthesis|[silent]\n|-damage|p2b: Incineroar|79/100|[from] Recoil\n|\n|win|GoofyRonald756\n|raw|darkest_contender's rating: 1289 &rarr; <strong>1270</strong><br />(-19 for losing)\n|raw|GoofyRonald756's rating: 1370 &rarr; <strong>1385</strong><br />(+15 for winning)\n|l|\u2606darkest_contender\n|player|p1|\n|l|\u2606GoofyRonald756\n|player|p2|\n","uploadtime":1769110024,"views":18,"formatid":"gen9vgc2026regi","rating":1270,"private":0,"password":null}