{"id":"gen9vgc2026regi-2582525848","format":"[Gen 9] VGC 2026 Reg I","players":["Sunny_zong3","KingCosma"],"log":"|j|\u2606Sunny_zong3\n|j|\u2606KingCosma\n|t:|1776097269\n|gametype|doubles\n|player|p1|Sunny_zong3|bugsy|1386\n|player|p2|KingCosma|lance-gen2|1353\n|gen|9\n|tier|[Gen 9] VGC 2026 Reg I\n|rated|\n|rule|Species Clause: Limit one of each Pok\u00e9mon\n|rule|Item Clause: Limit 1 of each item\n|clearpoke\n|poke|p1|Muk-Alola, L50, F|\n|poke|p1|Flamigo, L50, F|\n|poke|p1|Miraidon, L50|\n|poke|p1|Calyrex-Shadow, L50|\n|poke|p1|Indeedee, L50, M|\n|poke|p1|Smeargle, L50, F|\n|poke|p2|Calyrex-Shadow, L50|\n|poke|p2|Charizard, L50, M|\n|poke|p2|Koraidon, L50|\n|poke|p2|Walking Wake, L50|\n|poke|p2|Lilligant-Hisui, L50, F|\n|poke|p2|Incineroar, L50, F|\n|teampreview|4\n|inactive|Battle timer is ON: inactive players will automatically lose when time's up. (requested by Sunny_zong3)\n|\n|t:|1776097299\n|teamsize|p1|4\n|teamsize|p2|4\n|start\n|switch|p1a: Smeargle|Smeargle, L50, F|100/100\n|switch|p1b: Miraidon|Miraidon, L50|100/100\n|switch|p2a: plot armour|Charizard, L50, M, shiny|100/100\n|switch|p2b: Bike|Koraidon, L50|100/100\n|-fieldstart|move: Electric Terrain|[from] ability: Hadron Engine|[of] p1b: Miraidon\n|-weather|SunnyDay|[from] ability: Orichalcum Pulse|[of] p2b: Bike\n|-activate|p2b: Bike|Orichalcum Pulse|[source]\n|turn|1\n|c|\u2606KingCosma|naw\n|c|\u2606KingCosma|minimize?\n|\n|t:|1776097314\n|switch|p2b: nasty cat|Incineroar, L50, F|100/100\n|-ability|p2b: nasty cat|Intimidate|boost\n|-unboost|p1a: Smeargle|atk|1\n|-unboost|p1b: Miraidon|atk|1\n|-terastallize|p2a: plot armour|Ground\n|move|p1a: Smeargle|Wide Guard|p1a: Smeargle\n|-singleturn|p1a: Smeargle|Wide Guard\n|move|p1b: Miraidon|Electro Drift|p2a: plot armour\n|-immune|p2a: plot armour\n|move|p2a: plot armour|Heat Wave|p1a: Smeargle|[spread] \n|-activate|p1a: Smeargle|move: Wide Guard\n|-activate|p1b: Miraidon|move: Wide Guard\n|\n|-weather|SunnyDay|[upkeep]\n|-damage|p2a: plot armour|88/100|[from] ability: Solar Power|[of] p2a: plot armour\n|-ability|p1a: Smeargle|Moody|boost\n|-boost|p1a: Smeargle|def|2\n|-unboost|p1a: Smeargle|spd|1\n|upkeep\n|turn|2\n|\n|t:|1776097333\n|switch|p2a: Bike|Koraidon, L50|100/100\n|-activate|p2a: Bike|ability: Orichalcum Pulse\n|move|p2b: nasty cat|Fake Out|p1b: Miraidon\n|-damage|p1b: Miraidon|91/100\n|cant|p1b: Miraidon|flinch\n|move|p1a: Smeargle|Minimize|p1a: Smeargle\n|-boost|p1a: Smeargle|evasion|2\n|\n|-weather|SunnyDay|[upkeep]\n|-ability|p1a: Smeargle|Moody|boost\n|-boost|p1a: Smeargle|spe|2\n|-unboost|p1a: Smeargle|atk|1\n|upkeep\n|turn|3\n|inactive|Sunny_zong3 has 30 seconds left.\n|inactive|KingCosma has 30 seconds left.\n|\n|t:|1776097368\n|-terastallize|p1b: Miraidon|Fairy\n|move|p2a: Bike|Protect|p2a: Bike\n|-singleturn|p2a: Bike|Protect\n|move|p1a: Smeargle|Minimize|p1a: Smeargle\n|-boost|p1a: Smeargle|evasion|2\n|move|p1b: Miraidon|Dazzling Gleam|p2a: Bike|[spread] p2b\n|-activate|p2a: Bike|move: Protect\n|-damage|p2b: nasty cat|49/100\n|-damage|p1b: Miraidon|81/100|[from] item: Life Orb\n|move|p2b: nasty cat|Flare Blitz|p1a: Smeargle\n|-enditem|p1a: Smeargle|Focus Sash\n|-damage|p1a: Smeargle|1/100\n|-damage|p2b: nasty cat|25/100|[from] Recoil\n|\n|-weather|SunnyDay|[upkeep]\n|-ability|p1a: Smeargle|Moody|boost\n|-boost|p1a: Smeargle|def|2\n|-unboost|p1a: Smeargle|spe|1\n|upkeep\n|turn|4\n|inactive|Sunny_zong3 has 30 seconds left.\n|inactive|KingCosma has 30 seconds left.\n|inactive|Sunny_zong3 has 20 seconds left.\n|\n|t:|1776097410\n|switch|p1b: Flamigo|Flamigo, L50, F|100/100\n|-copyboost|p1b: Flamigo|p1a: Smeargle|[from] ability: Costar\n|-enditem|p1b: Flamigo|White Herb\n|-clearnegativeboost|p1b: Flamigo|[silent]\n|move|p1a: Smeargle|Minimize|p1a: Smeargle\n|-boost|p1a: Smeargle|evasion|2\n|move|p2a: Bike|Collision Course|p1a: Smeargle\n|-supereffective|p1a: Smeargle\n|-damage|p1a: Smeargle|0 fnt\n|faint|p1a: Smeargle\n|-damage|p2a: Bike|91/100|[from] item: Life Orb\n|move|p2b: nasty cat|Knock Off|p1b: Flamigo\n|-resisted|p1b: Flamigo\n|-damage|p1b: Flamigo|95/100\n|\n|-weather|SunnyDay|[upkeep]\n|upkeep\n|\n|t:|1776097418\n|switch|p1a: Miraidon|Miraidon, L50, tera:Fairy|81/100\n|-activate|p1a: Miraidon|ability: Hadron Engine\n|turn|5\n|\n|t:|1776097434\n|move|p2a: Bike|Protect|p2a: Bike\n|-singleturn|p2a: Bike|Protect\n|move|p1b: Flamigo|Substitute|p1b: Flamigo\n|-start|p1b: Flamigo|Substitute\n|-damage|p1b: Flamigo|70/100\n|move|p1a: Miraidon|Dazzling Gleam|p2b: nasty cat|[spread] p2b\n|-activate|p2a: Bike|move: Protect\n|-damage|p2b: nasty cat|0 fnt\n|faint|p2b: nasty cat\n|-damage|p1a: Miraidon|71/100|[from] item: Life Orb\n|\n|-weather|none\n|-fieldend|move: Electric Terrain\n|upkeep\n|\n|t:|1776097445\n|switch|p2b: plot armour|Charizard, L50, M, shiny, tera:Ground|88/100\n|turn|6\n|\n|t:|1776097454\n|move|p1b: Flamigo|Close Combat|p2b: plot armour\n|-damage|p2b: plot armour|13/100\n|-unboost|p1b: Flamigo|def|1\n|-unboost|p1b: Flamigo|spd|1\n|move|p2a: Bike|Flare Blitz|p1a: Miraidon\n|-damage|p1a: Miraidon|12/100\n|-damage|p2a: Bike|71/100|[from] Recoil\n|-damage|p2a: Bike|62/100|[from] item: Life Orb\n|move|p1a: Miraidon|Dazzling Gleam|p2b: plot armour|[spread] p2a,p2b\n|-supereffective|p2a: Bike\n|-damage|p2a: Bike|0 fnt\n|-damage|p2b: plot armour|0 fnt\n|faint|p2a: Bike\n|faint|p2b: plot armour\n|-damage|p1a: Miraidon|3/100|[from] item: Life Orb\n|\n|upkeep\n|\n|t:|1776097469\n|switch|p2b: horse|Calyrex-Shadow, L50|100/100\n|-ability|p2b: horse|As One\n|-ability|p2b: horse|Unnerve\n|turn|7\n|\n|t:|1776097473\n|move|p1a: Miraidon|Protect|p1a: Miraidon\n|-singleturn|p1a: Miraidon|Protect\n|move|p1b: Flamigo|Brave Bird|p2b: horse\n|-damage|p2b: horse|31/100\n|-damage|p1b: Flamigo|44/100|[from] Recoil\n|move|p2b: horse|Astral Barrage|p1a: Miraidon|[spread] \n|-activate|p1a: Miraidon|move: Protect\n|-miss|p2b: horse|p1b: Flamigo\n|\n|upkeep\n|turn|8\n|\n|t:|1776097485\n|switch|p1a: Muk|Muk-Alola, L50, F|100/100\n|move|p1b: Flamigo|Brave Bird|p2b: horse\n|-damage|p2b: horse|0 fnt\n|faint|p2b: horse\n|-damage|p1b: Flamigo|33/100|[from] Recoil\n|\n|win|Sunny_zong3\n|raw|Sunny_zong3's rating: 1386 &rarr; <strong>1404</strong><br />(+18 for winning)\n|raw|KingCosma's rating: 1353 &rarr; <strong>1335</strong><br />(-18 for losing)\n|l|\u2606Sunny_zong3\n|player|p1|\n|l|\u2606KingCosma\n|player|p2|\n","uploadtime":1776097700,"views":11,"formatid":"gen9vgc2026regi","rating":1335,"private":0,"password":null}