{"id":"gen9vgc2026regi-2555905258","format":"[Gen 9] VGC 2026 Reg I","players":["Low Tier Goodra","fogdocker"],"log":"|j|\u2606Low Tier Goodra\n|j|\u2606fogdocker\n|t:|1773150658\n|gametype|doubles\n|player|p1|Low Tier Goodra|jasmine|1434\n|player|p2|fogdocker|169|1445\n|gen|9\n|tier|[Gen 9] VGC 2026 Reg I\n|rated|\n|rule|Species Clause: Limit one of each Pok\u00e9mon\n|rule|Item Clause: Limit 1 of each item\n|clearpoke\n|poke|p1|Calyrex-Ice, L50|\n|poke|p1|Kyogre, L50|\n|poke|p1|Sinistcha-Masterpiece, L50|\n|poke|p1|Rillaboom, L50, M|\n|poke|p1|Ursaluna, L50, F|\n|poke|p1|Incineroar, L50, M|\n|poke|p2|Calyrex-Ice, L50|\n|poke|p2|Koraidon, L50|\n|poke|p2|Flutter Mane, L50|\n|poke|p2|Incineroar, L50, F|\n|poke|p2|Rillaboom, L50, F|\n|poke|p2|Annihilape, L50, M|\n|teampreview|4\n|inactive|Battle timer is ON: inactive players will automatically lose when time's up. (requested by fogdocker)\n|\n|t:|1773150689\n|teamsize|p1|4\n|teamsize|p2|4\n|start\n|switch|p1a: Rillaboom|Rillaboom, L50, M|100/100\n|switch|p1b: Calyrex|Calyrex-Ice, L50|100/100\n|switch|p2a: Calyrex|Calyrex-Ice, L50|100/100\n|switch|p2b: Rillaboom|Rillaboom, L50, F|100/100\n|-ability|p2a: Calyrex|As One\n|-ability|p2a: Calyrex|Unnerve\n|-ability|p1b: Calyrex|As One\n|-ability|p1b: Calyrex|Unnerve\n|-fieldstart|move: Grassy Terrain|[from] ability: Grassy Surge|[of] p1a: Rillaboom\n|turn|1\n|inactive|Low Tier Goodra has 30 seconds left.\n|inactive|fogdocker has 30 seconds left.\n|inactive|Low Tier Goodra has 20 seconds left.\n|inactive|fogdocker has 20 seconds left.\n|inactive|fogdocker has 15 seconds left.\n|inactive|Low Tier Goodra has 15 seconds left.\n|inactive|fogdocker has 10 seconds left.\n|inactive|Low Tier Goodra has 10 seconds left.\n|\n|t:|1773150740\n|switch|p2b: Incineroar|Incineroar, L50, F|100/100\n|-ability|p2b: Incineroar|Intimidate|boost\n|-unboost|p1a: Rillaboom|atk|1\n|-unboost|p1b: Calyrex|atk|1\n|move|p2a: Calyrex|Protect|p2a: Calyrex\n|-singleturn|p2a: Calyrex|Protect\n|move|p1a: Rillaboom|Fake Out|p2a: Calyrex\n|-activate|p2a: Calyrex|move: Protect\n|move|p1b: Calyrex|Leech Seed|p2a: Calyrex\n|-activate|p2a: Calyrex|move: Protect\n|\n|upkeep\n|turn|2\n|inactive|fogdocker has 30 seconds left.\n|\n|t:|1773150765\n|-terastallize|p1a: Rillaboom|Water\n|move|p1a: Rillaboom|Wood Hammer|p2a: Calyrex\n|-damage|p2a: Calyrex|70/100\n|-damage|p1a: Rillaboom|89/100|[from] Recoil\n|move|p2b: Incineroar|Parting Shot|p1a: Rillaboom\n|-unboost|p1a: Rillaboom|atk|1\n|-unboost|p1a: Rillaboom|spa|1\n|\n|t:|1773150773\n|switch|p2b: Rillaboom|Rillaboom, L50, F|100/100|[from] Parting Shot\n|move|p2a: Calyrex|Leech Seed|p1b: Calyrex\n|-start|p1b: Calyrex|move: Leech Seed\n|move|p1b: Calyrex|Trick Room|p1b: Calyrex\n|-fieldstart|move: Trick Room|[of] p1b: Calyrex\n|\n|-heal|p2a: Calyrex|76/100|[from] Grassy Terrain\n|-heal|p2a: Calyrex|82/100|[from] item: Leftovers\n|-heal|p1a: Rillaboom|95/100|[from] Grassy Terrain\n|-damage|p1b: Calyrex|88/100|[from] Leech Seed|[of] p2a: Calyrex\n|-heal|p2a: Calyrex|94/100|[silent]\n|upkeep\n|turn|3\n|\n|t:|1773150791\n|switch|p1b: Sinistcha|Sinistcha-Masterpiece, L50|100/100\n|-enditem|p1b: Sinistcha|Grassy Seed\n|-boost|p1b: Sinistcha|def|1|[from] item: Grassy Seed\n|move|p2b: Rillaboom|Fake Out|p1b: Sinistcha\n|-immune|p1b: Sinistcha\n|move|p2a: Calyrex|Leech Seed|p1a: Rillaboom\n|-start|p1a: Rillaboom|move: Leech Seed\n|move|p1a: Rillaboom|U-turn|p2a: Calyrex\n|-supereffective|p2a: Calyrex\n|-damage|p2a: Calyrex|79/100\n|\n|t:|1773150815\n|switch|p1a: Calyrex|Calyrex-Ice, L50|88/100|[from] U-turn\n|-ability|p1a: Calyrex|As One\n|-ability|p1a: Calyrex|Unnerve\n|\n|-heal|p2a: Calyrex|85/100|[from] Grassy Terrain\n|-heal|p1a: Calyrex|94/100|[from] Grassy Terrain\n|-heal|p2a: Calyrex|91/100|[from] item: Leftovers\n|upkeep\n|turn|4\n|\n|t:|1773150830\n|switch|p2b: Incineroar|Incineroar, L50, F|100/100\n|-ability|p2b: Incineroar|Intimidate|boost\n|-unboost|p1a: Calyrex|atk|1\n|-unboost|p1b: Sinistcha|atk|1\n|move|p2a: Calyrex|Leech Seed|p1a: Calyrex|[miss]\n|-miss|p2a: Calyrex|p1a: Calyrex\n|move|p1a: Calyrex|Leech Seed|p2a: Calyrex\n|-start|p2a: Calyrex|move: Leech Seed\n|move|p1b: Sinistcha|Shadow Ball|p2a: Calyrex\n|-supereffective|p2a: Calyrex\n|-damage|p2a: Calyrex|36/100\n|\n|-heal|p2a: Calyrex|42/100|[from] Grassy Terrain\n|-heal|p1a: Calyrex|99/100|[from] Grassy Terrain\n|-heal|p2a: Calyrex|47/100|[from] item: Leftovers\n|-damage|p2a: Calyrex|35/100|[from] Leech Seed|[of] p1a: Calyrex\n|-heal|p1a: Calyrex|100/100|[silent]\n|upkeep\n|turn|5\n|inactive|Low Tier Goodra has 30 seconds left.\n|inactive|Low Tier Goodra has 20 seconds left.\n|inactive|Low Tier Goodra has 15 seconds left.\n|inactive|Low Tier Goodra has 10 seconds left.\n|\n|t:|1773150877\n|switch|p1a: Rillaboom|Rillaboom, L50, M, tera:Water|95/100\n|switch|p2a: Koraidon|Koraidon, L50|100/100\n|-weather|SunnyDay|[from] ability: Orichalcum Pulse|[of] p2a: Koraidon\n|-activate|p2a: Koraidon|Orichalcum Pulse|[source]\n|move|p2b: Incineroar|Fake Out|p1a: Rillaboom\n|-damage|p1a: Rillaboom|83/100\n|move|p1b: Sinistcha|Calm Mind|p1b: Sinistcha\n|-boost|p1b: Sinistcha|spa|1\n|-boost|p1b: Sinistcha|spd|1\n|\n|-weather|SunnyDay|[upkeep]\n|-heal|p1a: Rillaboom|89/100|[from] Grassy Terrain\n|-fieldend|move: Grassy Terrain\n|upkeep\n|turn|6\n|inactive|Low Tier Goodra has 30 seconds left.\n|\n|t:|1773150909\n|move|p1a: Rillaboom|Fake Out|p2a: Koraidon\n|-damage|p2a: Koraidon|87/100\n|move|p1b: Sinistcha|Calm Mind|p1b: Sinistcha\n|-boost|p1b: Sinistcha|spa|1\n|-boost|p1b: Sinistcha|spd|1\n|move|p2b: Incineroar|Flare Blitz|p1b: Sinistcha\n|-supereffective|p1b: Sinistcha\n|-damage|p1b: Sinistcha|56/100\n|-damage|p2b: Incineroar|88/100|[from] Recoil\n|cant|p2a: Koraidon|flinch\n|\n|-weather|SunnyDay|[upkeep]\n|-fieldend|move: Trick Room\n|upkeep\n|turn|7\n|inactive|fogdocker has 30 seconds left.\n|inactive|fogdocker has 20 seconds left.\n|inactive|fogdocker has 15 seconds left.\n|\n|t:|1773150949\n|switch|p2a: Rillaboom|Rillaboom, L50, F|100/100\n|-fieldstart|move: Grassy Terrain|[from] ability: Grassy Surge|[of] p2a: Rillaboom\n|switch|p1a: Kyogre|Kyogre, L50|100/100\n|-weather|RainDance|[from] ability: Drizzle|[of] p1a: Kyogre\n|move|p2b: Incineroar|Knock Off|p1a: Kyogre\n|-damage|p1a: Kyogre|61/100\n|-enditem|p1a: Kyogre|Iron Ball|[from] move: Knock Off|[of] p2b: Incineroar\n|move|p1b: Sinistcha|Trick Room|p1b: Sinistcha\n|-fieldstart|move: Trick Room|[of] p1b: Sinistcha\n|\n|-weather|RainDance|[upkeep]\n|-heal|p1b: Sinistcha|62/100|[from] Grassy Terrain\n|-heal|p2b: Incineroar|94/100|[from] Grassy Terrain\n|-heal|p1a: Kyogre|67/100|[from] Grassy Terrain\n|upkeep\n|turn|8\n|inactive|Low Tier Goodra has 30 seconds left.\n|inactive|fogdocker has 30 seconds left.\n|\n|t:|1773150974\n|switch|p1a: Calyrex|Calyrex-Ice, L50|100/100\n|-ability|p1a: Calyrex|As One\n|-ability|p1a: Calyrex|Unnerve\n|move|p1b: Sinistcha|Matcha Gotcha|p2b: Incineroar|[spread] p2a,p2b\n|-resisted|p2a: Rillaboom\n|-resisted|p2b: Incineroar\n|-damage|p2a: Rillaboom|77/100\n|-heal|p1b: Sinistcha|76/100|[from] drain|[of] p2a: Rillaboom\n|-damage|p2b: Incineroar|59/100\n|-heal|p1b: Sinistcha|95/100|[from] drain|[of] p2b: Incineroar\n|-status|p2a: Rillaboom|brn\n|move|p2b: Incineroar|Parting Shot|p1b: Sinistcha\n|-unboost|p1b: Sinistcha|atk|1\n|-unboost|p1b: Sinistcha|spa|1\n|\n|t:|1773150992\n|switch|p2b: Calyrex|Calyrex-Ice, L50|35/100|[from] Parting Shot\n|-ability|p2b: Calyrex|As One\n|-ability|p2b: Calyrex|Unnerve\n|move|p2a: Rillaboom|U-turn|p1a: Calyrex\n|-supereffective|p1a: Calyrex\n|-damage|p1a: Calyrex|86/100\n|\n|t:|1773150999\n|switch|p2a: Incineroar|Incineroar, L50, F|59/100|[from] U-turn\n|-ability|p2a: Incineroar|Intimidate|boost\n|-unboost|p1a: Calyrex|atk|1\n|-unboost|p1b: Sinistcha|atk|1\n|\n|-weather|RainDance|[upkeep]\n|-heal|p2b: Calyrex|41/100|[from] Grassy Terrain\n|-heal|p1a: Calyrex|92/100|[from] Grassy Terrain\n|-heal|p2b: Calyrex|47/100|[from] item: Leftovers\n|-heal|p1b: Sinistcha|100/100|[from] Grassy Terrain\n|-heal|p2a: Incineroar|65/100|[from] Grassy Terrain\n|upkeep\n|turn|9\n|\n|t:|1773151016\n|switch|p1a: Rillaboom|Rillaboom, L50, M, tera:Water|89/100\n|move|p2b: Calyrex|Glacial Lance|p1b: Sinistcha|[spread] p1a,p1b\n|-resisted|p1a: Rillaboom\n|-supereffective|p1b: Sinistcha\n|-damage|p1a: Rillaboom|62/100\n|-damage|p1b: Sinistcha|40/100\n|move|p1b: Sinistcha|Shadow Ball|p2b: Calyrex\n|-supereffective|p2b: Calyrex\n|-damage|p2b: Calyrex|0 fnt\n|faint|p2b: Calyrex\n|move|p2a: Incineroar|Knock Off|p1b: Sinistcha\n|-supereffective|p1b: Sinistcha\n|-damage|p1b: Sinistcha|8/100\n|\n|-weather|RainDance|[upkeep]\n|-heal|p1b: Sinistcha|15/100|[from] Grassy Terrain\n|-heal|p2a: Incineroar|71/100|[from] Grassy Terrain\n|-heal|p1a: Rillaboom|68/100|[from] Grassy Terrain\n|upkeep\n|\n|t:|1773151025\n|switch|p2b: Koraidon|Koraidon, L50|87/100\n|-weather|SunnyDay|[from] ability: Orichalcum Pulse|[of] p2b: Koraidon\n|-activate|p2b: Koraidon|Orichalcum Pulse|[source]\n|turn|10\n|inactive|Low Tier Goodra has 30 seconds left.\n|\n|t:|1773151055\n|switch|p2b: Rillaboom|Rillaboom, L50, F|77/100 brn\n|move|p1a: Rillaboom|Fake Out|p2a: Incineroar\n|-damage|p2a: Incineroar|59/100\n|move|p1b: Sinistcha|Matcha Gotcha|p2a: Incineroar|[spread] p2a,p2b\n|-resisted|p2a: Incineroar\n|-resisted|p2b: Rillaboom\n|-damage|p2a: Incineroar|35/100\n|-heal|p1b: Sinistcha|29/100|[from] drain|[of] p2a: Incineroar\n|-damage|p2b: Rillaboom|56/100 brn\n|-heal|p1b: Sinistcha|41/100|[from] drain|[of] p2b: Rillaboom\n|cant|p2a: Incineroar|flinch\n|\n|-weather|SunnyDay|[upkeep]\n|-heal|p1b: Sinistcha|47/100|[from] Grassy Terrain\n|-heal|p2a: Incineroar|41/100|[from] Grassy Terrain\n|-heal|p2b: Rillaboom|61/100 brn|[from] Grassy Terrain\n|-heal|p1a: Rillaboom|74/100|[from] Grassy Terrain\n|-damage|p2b: Rillaboom|56/100 brn|[from] brn\n|upkeep\n|turn|11\n|inactive|Low Tier Goodra has 30 seconds left.\n|inactive|Low Tier Goodra has 20 seconds left.\n|inactive|Low Tier Goodra has 15 seconds left.\n|inactive|Low Tier Goodra has 10 seconds left.\n|\n|t:|1773151103\n|move|p1b: Sinistcha|Matcha Gotcha|p2a: Incineroar|[spread] p2a,p2b\n|-resisted|p2a: Incineroar\n|-resisted|p2b: Rillaboom\n|-damage|p2a: Incineroar|12/100\n|-heal|p1b: Sinistcha|63/100|[from] drain|[of] p2a: Incineroar\n|-damage|p2b: Rillaboom|37/100 brn\n|-heal|p1b: Sinistcha|74/100|[from] drain|[of] p2b: Rillaboom\n|move|p2a: Incineroar|Flare Blitz|p1b: Sinistcha\n|-supereffective|p1b: Sinistcha\n|-damage|p1b: Sinistcha|29/100\n|-damage|p2a: Incineroar|0 fnt|[from] Recoil\n|faint|p2a: Incineroar\n|move|p2b: Rillaboom|U-turn|p1a: Rillaboom\n|-damage|p1a: Rillaboom|62/100\n|-message|fogdocker forfeited.\n|\n|win|Low Tier Goodra\n|raw|Low Tier Goodra's rating: 1434 &rarr; <strong>1455</strong><br />(+21 for winning)\n|raw|fogdocker's rating: 1445 &rarr; <strong>1424</strong><br />(-21 for losing)\n|l|\u2606fogdocker\n|player|p2|\n|l|\u2606Low Tier Goodra\n|player|p1|\n","uploadtime":1773151370,"views":18,"formatid":"gen9vgc2026regi","rating":1424,"private":0,"password":null}