{"id":"gen9vgc2026regi-2552257437","format":"[Gen 9] VGC 2026 Reg I","players":["bigbadbirdvgc","I\u2764\ufe0f\u5a1c\u7984forever"],"log":"|j|\u2606bigbadbirdvgc\n|j|\u2606I\u2764\ufe0f\u5a1c\u7984forever\n|t:|1772698005\n|gametype|doubles\n|player|p1|bigbadbirdvgc|266|1342\n|player|p2|I\u2764\ufe0f\u5a1c\u7984forever|youngcouple-gen4dp|1446\n|gen|9\n|tier|[Gen 9] VGC 2026 Reg I\n|rated|\n|rule|Species Clause: Limit one of each Pok\u00e9mon\n|rule|Item Clause: Limit 1 of each item\n|clearpoke\n|poke|p1|Kyogre, L50|\n|poke|p1|Farigiraf, L50, F|\n|poke|p1|Incineroar, L50, F|\n|poke|p1|Miraidon, L50|\n|poke|p1|Tornadus, L50, M|\n|poke|p1|Meowscarada, L50, M|\n|poke|p2|Groudon, L50|\n|poke|p2|Kyurem-White, L50|\n|poke|p2|Heatran, L50, M|\n|poke|p2|Whimsicott, L50, M|\n|poke|p2|Roaring Moon, L50|\n|poke|p2|Ditto, L50|\n|teampreview|4\n|\n|t:|1772698032\n|teamsize|p1|4\n|teamsize|p2|4\n|start\n|switch|p1a: Farigiraf|Farigiraf, L50, F|100/100\n|switch|p1b: Miraidon|Miraidon, L50|100/100\n|switch|p2a: Kyurem|Kyurem-White, L50|100/100\n|switch|p2b: Whimsicott|Whimsicott, L50, M|100/100\n|-fieldstart|move: Electric Terrain|[from] ability: Hadron Engine|[of] p1b: Miraidon\n|-enditem|p1a: Farigiraf|Electric Seed\n|-boost|p1a: Farigiraf|def|1|[from] item: Electric Seed\n|-ability|p2a: Kyurem|Turboblaze\n|turn|1\n|\n|t:|1772698054\n|-terastallize|p1b: Miraidon|Fairy\n|move|p2b: Whimsicott|Endeavor|p1a: Farigiraf\n|-damage|p1a: Farigiraf|54/100\n|move|p1b: Miraidon|Dazzling Gleam|p2b: Whimsicott|[spread] p2a,p2b\n|-supereffective|p2a: Kyurem\n|-damage|p2a: Kyurem|36/100\n|-damage|p2b: Whimsicott|20/100\n|move|p2a: Kyurem|Blizzard|p1a: Farigiraf|[spread] p1a\n|-miss|p2a: Kyurem|p1b: Miraidon\n|-enditem|p2a: Kyurem|Blunder Policy\n|-boost|p2a: Kyurem|spe|2\n|-damage|p1a: Farigiraf|12/100\n|-status|p1a: Farigiraf|frz\n|-curestatus|p1a: Farigiraf|frz|[msg]\n|move|p1a: Farigiraf|Psychic|p2b: Whimsicott\n|-damage|p2b: Whimsicott|0 fnt\n|faint|p2b: Whimsicott\n|\n|upkeep\n|\n|t:|1772698075\n|switch|p2b: Groudon|Groudon, L50|100/100\n|-weather|SunnyDay|[from] ability: Drought|[of] p2b: Groudon\n|turn|2\n|\n|t:|1772698095\n|move|p1a: Farigiraf|Protect|p1a: Farigiraf\n|-singleturn|p1a: Farigiraf|Protect\n|move|p2a: Kyurem|Blizzard|p1a: Farigiraf|[spread] p1b\n|-activate|p1a: Farigiraf|move: Protect\n|-damage|p1b: Miraidon|74/100\n|move|p1b: Miraidon|Dazzling Gleam|p2a: Kyurem|[spread] p2a,p2b\n|-supereffective|p2a: Kyurem\n|-damage|p2a: Kyurem|0 fnt\n|-damage|p2b: Groudon|77/100\n|faint|p2a: Kyurem\n|move|p2b: Groudon|Precipice Blades|p1b: Miraidon|[spread] \n|-activate|p1a: Farigiraf|move: Protect\n|-miss|p2b: Groudon|p1b: Miraidon\n|\n|-weather|SunnyDay|[upkeep]\n|upkeep\n|\n|t:|1772698111\n|switch|p2a: Ditto|Ditto, L50|100/100\n|-transform|p2a: Ditto|p1b: Miraidon|[from] ability: Imposter\n|-activate|p2a: Ditto|ability: Hadron Engine\n|-start|p2a: Ditto|typechange|Electric/Dragon|[silent]\n|turn|3\n|\n|t:|1772698127\n|switch|p1b: Tornadus|Tornadus, L50, M|100/100\n|move|p2a: Ditto|Electro Drift|p1b: Tornadus\n|-supereffective|p1b: Tornadus\n|-crit|p1b: Tornadus\n|-enditem|p1b: Tornadus|Focus Sash\n|-damage|p1b: Tornadus|1/100\n|move|p2b: Groudon|Precipice Blades|p1a: Farigiraf|[spread] p1a\n|-immune|p1b: Tornadus\n|-damage|p1a: Farigiraf|0 fnt\n|faint|p1a: Farigiraf\n|\n|-weather|SunnyDay|[upkeep]\n|upkeep\n|\n|t:|1772698144\n|switch|p1a: Miraidon|Miraidon, L50, tera:Fairy|74/100\n|-activate|p1a: Miraidon|ability: Hadron Engine\n|turn|4\n|\n|t:|1772698157\n|move|p1b: Tornadus|Tailwind|p1b: Tornadus\n|-sidestart|p1: bigbadbirdvgc|move: Tailwind\n|move|p1a: Miraidon|Dazzling Gleam|p2a: Ditto|[spread] p2a,p2b\n|-supereffective|p2a: Ditto\n|-damage|p2a: Ditto|23/100\n|-damage|p2b: Groudon|55/100\n|move|p2a: Ditto|Dazzling Gleam|p1a: Miraidon|[spread] p1a,p1b\n|-damage|p1a: Miraidon|60/100\n|-damage|p1b: Tornadus|0 fnt\n|faint|p1b: Tornadus\n|move|p2b: Groudon|Precipice Blades|p1a: Miraidon|[miss]\n|-miss|p2b: Groudon|p1a: Miraidon\n|\n|-weather|SunnyDay|[upkeep]\n|upkeep\n|\n|t:|1772698168\n|switch|p1b: Kyogre|Kyogre, L50|100/100\n|-weather|RainDance|[from] ability: Drizzle|[of] p1b: Kyogre\n|turn|5\n|\n|t:|1772698178\n|-terastallize|p2b: Groudon|Water\n|move|p1a: Miraidon|Dazzling Gleam|p2b: Groudon|[spread] p2a,p2b\n|-supereffective|p2a: Ditto\n|-damage|p2a: Ditto|0 fnt\n|-damage|p2b: Groudon|31/100\n|faint|p2a: Ditto\n|move|p1b: Kyogre|Ice Beam|p2b: Groudon\n|-resisted|p2b: Groudon\n|-damage|p2b: Groudon|22/100\n|move|p2b: Groudon|Iron Head|p1a: Miraidon\n|-supereffective|p1a: Miraidon\n|-damage|p1a: Miraidon|6/100\n|\n|-weather|RainDance|[upkeep]\n|-fieldend|move: Electric Terrain\n|upkeep\n|turn|6\n|\n|t:|1772698195\n|move|p1a: Miraidon|Electro Drift|p2b: Groudon\n|-supereffective|p2b: Groudon\n|-damage|p2b: Groudon|0 fnt\n|faint|p2b: Groudon\n|\n|win|bigbadbirdvgc\n|raw|bigbadbirdvgc's rating: 1342 &rarr; <strong>1368</strong><br />(+26 for winning)\n|raw|I\u2764\ufe0f\u5a1c\u7984forever's rating: 1446 &rarr; <strong>1420</strong><br />(-26 for losing)\n|l|\u2606I\u2764\ufe0f\u5a1c\u7984forever\n|player|p2|\n|l|\u2606bigbadbirdvgc\n|player|p1|\n","uploadtime":1772698343,"views":12,"formatid":"gen9vgc2026regi","rating":1368,"private":0,"password":null}