{"id":"gen9vgc2026regi-2555904094","format":"[Gen 9] VGC 2026 Reg I","players":["cqygfxgfst","ArisHazard"],"log":"|j|\u2606cqygfxgfst\n|j|\u2606ArisHazard\n|t:|1773150546\n|gametype|doubles\n|player|p1|cqygfxgfst|fisherman-gen4|1300\n|player|p2|ArisHazard|2|1424\n|gen|9\n|tier|[Gen 9] VGC 2026 Reg I\n|rated|\n|rule|Species Clause: Limit one of each Pok\u00e9mon\n|rule|Item Clause: Limit 1 of each item\n|clearpoke\n|poke|p1|Calyrex-Shadow, L50|\n|poke|p1|Hatterene, L50, F|\n|poke|p1|Ursaluna, L50, F|\n|poke|p1|Zamazenta-*, L50|\n|poke|p1|Indeedee-F, L50, F|\n|poke|p1|Torkoal, L50, F|\n|poke|p2|Calyrex-Ice, L50|\n|poke|p2|Urshifu-*, L50, M|\n|poke|p2|Miraidon, L50|\n|poke|p2|Tornadus, L50, M|\n|poke|p2|Sableye, L50, F|\n|poke|p2|Ting-Lu, L50|\n|teampreview|4\n|inactive|Battle timer is ON: inactive players will automatically lose when time's up. (requested by cqygfxgfst)\n|inactive|ArisHazard has 60 seconds left.\n|\n|t:|1773150600\n|teamsize|p1|4\n|teamsize|p2|4\n|start\n|switch|p1a: Calyrex|Calyrex-Shadow, L50|100/100\n|switch|p1b: Hatterene|Hatterene, L50, F, shiny|100/100\n|switch|p2a: Miraidon|Miraidon, L50|100/100\n|switch|p2b: Ting-Lu|Ting-Lu, L50|100/100\n|-ability|p1a: Calyrex|As One\n|-ability|p1a: Calyrex|Unnerve\n|-fieldstart|move: Electric Terrain|[from] ability: Hadron Engine|[of] p2a: Miraidon\n|-ability|p2b: Ting-Lu|Vessel of Ruin\n|turn|1\n|\n|t:|1773150616\n|move|p1a: Calyrex|Protect|p1a: Calyrex\n|-singleturn|p1a: Calyrex|Protect\n|move|p2a: Miraidon|Snarl|p1a: Calyrex|[spread] p1b\n|-activate|p1a: Calyrex|move: Protect\n|-damage|p1b: Hatterene|84/100\n|move|p2b: Ting-Lu|Sand Tomb|p1a: Calyrex\n|-activate|p1a: Calyrex|move: Protect\n|move|p1b: Hatterene|Trick Room|p1b: Hatterene\n|-fieldstart|move: Trick Room|[of] p1b: Hatterene\n|\n|upkeep\n|turn|2\n|\n|t:|1773150633\n|move|p1b: Hatterene|Magic Powder|p2b: Ting-Lu\n|-start|p2b: Ting-Lu|typechange|Psychic\n|move|p2b: Ting-Lu|Sand Tomb|p1a: Calyrex\n|-damage|p1a: Calyrex|92/100\n|-activate|p1a: Calyrex|move: Sand Tomb|[of] p2b: Ting-Lu\n|move|p1a: Calyrex|Astral Barrage|p2a: Miraidon|[spread] p2a,p2b\n|-supereffective|p2b: Ting-Lu\n|-damage|p2a: Miraidon|73/100\n|-damage|p2b: Ting-Lu|36/100\n|move|p2a: Miraidon|Snarl|p1b: Hatterene|[spread] p1a\n|-miss|p2a: Miraidon|p1b: Hatterene\n|-supereffective|p1a: Calyrex\n|-damage|p1a: Calyrex|38/100\n|-unboost|p1a: Calyrex|spa|1\n|\n|-damage|p1a: Calyrex|26/100|[from] move: Sand Tomb|[partiallytrapped]\n|upkeep\n|turn|3\n|inactive|ArisHazard has 30 seconds left.\n|\n|t:|1773150663\n|move|p2b: Ting-Lu|Protect|p2b: Ting-Lu\n|-singleturn|p2b: Ting-Lu|Protect\n|move|p1b: Hatterene|Dazzling Gleam|p2a: Miraidon|[spread] p2a\n|-activate|p2b: Ting-Lu|move: Protect\n|-supereffective|p2a: Miraidon\n|-damage|p2a: Miraidon|50/100\n|move|p1a: Calyrex|Astral Barrage|p2a: Miraidon|[spread] p2a\n|-activate|p2b: Ting-Lu|move: Protect\n|-damage|p2a: Miraidon|33/100\n|move|p2a: Miraidon|Electro Drift|p1b: Hatterene\n|-damage|p1b: Hatterene|9/100\n|\n|-damage|p1a: Calyrex|14/100|[from] move: Sand Tomb|[partiallytrapped]\n|upkeep\n|turn|4\n|inactive|ArisHazard has 30 seconds left.\n|inactive|ArisHazard has 20 seconds left.\n|\n|t:|1773150699\n|-terastallize|p2a: Miraidon|Electric\n|move|p2b: Ting-Lu|Protect||[still]\n|-fail|p2b: Ting-Lu\n|move|p1b: Hatterene|Dazzling Gleam|p2a: Miraidon|[spread] p2a,p2b\n|-damage|p2a: Miraidon|23/100\n|-damage|p2b: Ting-Lu|23/100\n|move|p1a: Calyrex|Astral Barrage|p2a: Miraidon|[spread] p2a,p2b\n|-supereffective|p2b: Ting-Lu\n|-damage|p2a: Miraidon|5/100\n|-damage|p2b: Ting-Lu|0 fnt\n|faint|p2b: Ting-Lu\n|-ability|p1a: Calyrex|Grim Neigh|boost\n|-boost|p1a: Calyrex|spa|1\n|move|p2a: Miraidon|Snarl|p1b: Hatterene|[spread] p1a\n|-miss|p2a: Miraidon|p1b: Hatterene\n|-supereffective|p1a: Calyrex\n|-damage|p1a: Calyrex|0 fnt\n|faint|p1a: Calyrex\n|\n|upkeep\n|\n|t:|1773150720\n|switch|p2b: Calyrex|Calyrex-Ice, L50|100/100\n|switch|p1a: Torkoal|Torkoal, L50, F, shiny|100/100\n|-ability|p2b: Calyrex|As One\n|-ability|p2b: Calyrex|Unnerve\n|-weather|SunnyDay|[from] ability: Drought|[of] p1a: Torkoal\n|turn|5\n|inactive|cqygfxgfst has 30 seconds left.\n|\n|t:|1773150749\n|switch|p1b: \u6708\u6708\u718a|Ursaluna, L50, F|100/100\n|move|p2b: Calyrex|Protect|p2b: Calyrex\n|-singleturn|p2b: Calyrex|Protect\n|move|p1a: Torkoal|Eruption|p2a: Miraidon|[spread] p2a\n|-activate|p2b: Calyrex|move: Protect\n|-damage|p2a: Miraidon|0 fnt\n|faint|p2a: Miraidon\n|\n|-weather|SunnyDay|[upkeep]\n|-fieldend|move: Trick Room\n|-fieldend|move: Electric Terrain\n|-status|p1b: \u6708\u6708\u718a|brn|[from] item: Flame Orb\n|upkeep\n|\n|t:|1773150762\n|switch|p2a: Sableye|Sableye, L50, F|100/100\n|turn|6\n|inactive|cqygfxgfst has 30 seconds left.\n|inactive|cqygfxgfst has 20 seconds left.\n|\n|t:|1773150801\n|-terastallize|p1a: Torkoal|Fire\n|move|p2a: Sableye|Disable|p1a: Torkoal\n|-start|p1a: Torkoal|Disable|Eruption\n|move|p2b: Calyrex|Glacial Lance|p1b: \u6708\u6708\u718a|[spread] p1a,p1b\n|-resisted|p1a: Torkoal\n|-supereffective|p1b: \u6708\u6708\u718a\n|-damage|p1a: Torkoal|80/100\n|-damage|p1b: \u6708\u6708\u718a|4/100 brn\n|move|p1b: \u6708\u6708\u718a|Facade|p2b: Calyrex\n|-damage|p2b: Calyrex|15/100\n|move|p1a: Torkoal|Weather Ball|p2a: Sableye\n|-damage|p2a: Sableye|0 fnt\n|faint|p2a: Sableye\n|\n|-weather|SunnyDay|[upkeep]\n|-damage|p1b: \u6708\u6708\u718a|0 fnt|[from] brn\n|faint|p1b: \u6708\u6708\u718a\n|upkeep\n|\n|t:|1773150817\n|switch|p1b: Hatterene|Hatterene, L50, F, shiny|9/100\n|turn|7\n|\n|t:|1773150831\n|move|p2b: Calyrex|Stomping Tantrum|p1a: Torkoal\n|-supereffective|p1a: Torkoal\n|-damage|p1a: Torkoal|29/100\n|move|p1b: Hatterene|Dazzling Gleam|p2b: Calyrex\n|-damage|p2b: Calyrex|0 fnt\n|faint|p2b: Calyrex\n|\n|win|cqygfxgfst\n|raw|cqygfxgfst's rating: 1300 &rarr; <strong>1334</strong><br />(+34 for winning)\n|raw|ArisHazard's rating: 1424 &rarr; <strong>1397</strong><br />(-27 for losing)\n|l|\u2606ArisHazard\n|player|p2|\n|l|\u2606cqygfxgfst\n|player|p1|\n","uploadtime":1773151097,"views":16,"formatid":"gen9vgc2026regi","rating":1334,"private":0,"password":null}