{"id":"gen9vgc2026regi-2561814769","format":"[Gen 9] VGC 2026 Reg I","players":["alzombie","ScribbleScribble"],"log":"|j|\u2606alzombie\n|j|\u2606ScribbleScribble\n|t:|1773846009\n|gametype|doubles\n|player|p1|alzombie|170|1468\n|player|p2|ScribbleScribble|mina-lgpe|1653\n|gen|9\n|tier|[Gen 9] VGC 2026 Reg I\n|rated|\n|rule|Species Clause: Limit one of each Pok\u00e9mon\n|rule|Item Clause: Limit 1 of each item\n|clearpoke\n|poke|p1|Lunala, L50|\n|poke|p1|Ursaluna, L50, M|\n|poke|p1|Urshifu-*, L50, F|\n|poke|p1|Miraidon, L50|\n|poke|p1|Grimmsnarl, L50, M|\n|poke|p1|Incineroar, L50, M|\n|poke|p2|Calyrex-Ice, L50|\n|poke|p2|Kyogre, L50|\n|poke|p2|Tornadus, L50, M|\n|poke|p2|Indeedee-F, L50, F|\n|poke|p2|Urshifu-*, L50, F|\n|poke|p2|Landorus, L50, M|\n|teampreview|4\n|inactive|Battle timer is ON: inactive players will automatically lose when time's up. (requested by ScribbleScribble)\n|j| Wolfspider33\n|l| Wolfspider33\n|\n|t:|1773846028\n|teamsize|p1|4\n|teamsize|p2|4\n|start\n|switch|p1a: Grimmsnarl|Grimmsnarl, L50, M|100/100\n|switch|p1b: Lunala|Lunala, L50|100/100\n|switch|p2a: Tornadus|Tornadus, L50, M|100/100\n|switch|p2b: Landorus|Landorus, L50, M|100/100\n|turn|1\n|\n|t:|1773846047\n|move|p2a: Tornadus|Taunt|p1b: Lunala\n|-start|p1b: Lunala|move: Taunt\n|move|p1a: Grimmsnarl|Light Screen|p1a: Grimmsnarl\n|-sidestart|p1: alzombie|move: Light Screen\n|move|p2b: Landorus|Sludge Bomb|p1a: Grimmsnarl\n|-supereffective|p1a: Grimmsnarl\n|-damage|p1a: Grimmsnarl|41/100\n|cant|p1b: Lunala|move: Taunt|Trick Room\n|\n|upkeep\n|turn|2\n|\n|t:|1773846063\n|move|p1a: Grimmsnarl|Taunt|p2a: Tornadus\n|-start|p2a: Tornadus|move: Taunt\n|move|p2a: Tornadus|Bleakwind Storm|p1a: Grimmsnarl|[spread] p1a,p1b\n|-damage|p1a: Grimmsnarl|20/100\n|-damage|p1b: Lunala|91/100\n|move|p2b: Landorus|Sandsear Storm|p1b: Lunala|[spread] p1a,p1b\n|-crit|p1b: Lunala\n|-damage|p1a: Grimmsnarl|0 fnt\n|-damage|p1b: Lunala|19/100\n|faint|p1a: Grimmsnarl\n|move|p1b: Lunala|Moongeist Beam|p2b: Landorus\n|-damage|p2b: Landorus|34/100\n|\n|upkeep\n|\n|t:|1773846079\n|switch|p1a: Urshifu|Urshifu-Rapid-Strike, L50, F|100/100\n|turn|3\n|\n|t:|1773846103\n|switch|p1b: Miraidon|Miraidon, L50|100/100\n|-fieldstart|move: Electric Terrain|[from] ability: Hadron Engine|[of] p1b: Miraidon\n|move|p1a: Urshifu|Aqua Jet|p2b: Landorus\n|-supereffective|p2b: Landorus\n|-damage|p2b: Landorus|0 fnt\n|faint|p2b: Landorus\n|move|p2a: Tornadus|Bleakwind Storm|p1a: Urshifu|[spread] p1a,p1b\n|-supereffective|p1a: Urshifu\n|-resisted|p1b: Miraidon\n|-damage|p1a: Urshifu|29/100\n|-damage|p1b: Miraidon|94/100\n|\n|upkeep\n|\n|t:|1773846108\n|switch|p2b: Calyrex|Calyrex-Ice, L50|100/100\n|-ability|p2b: Calyrex|As One\n|-ability|p2b: Calyrex|Unnerve\n|turn|4\n|\n|t:|1773846127\n|switch|p2a: Kyogre|Kyogre, L50|100/100\n|-weather|RainDance|[from] ability: Drizzle|[of] p2a: Kyogre\n|-terastallize|p2b: Calyrex|Grass\n|move|p1a: Urshifu|Aqua Jet|p2b: Calyrex\n|-resisted|p2b: Calyrex\n|-damage|p2b: Calyrex|84/100\n|move|p1b: Miraidon|Snarl|p2b: Calyrex|[spread] p2a,p2b\n|-damage|p2a: Kyogre|83/100\n|-damage|p2b: Calyrex|69/100\n|-unboost|p2a: Kyogre|spa|1\n|move|p2b: Calyrex|Glacial Lance|p1b: Miraidon|[spread] p1a,p1b\n|-resisted|p1a: Urshifu\n|-supereffective|p1b: Miraidon\n|-damage|p1a: Urshifu|3/100\n|-damage|p1b: Miraidon|1/100\n|\n|-weather|RainDance|[upkeep]\n|upkeep\n|turn|5\n|\n|t:|1773846150\n|move|p2a: Kyogre|Protect|p2a: Kyogre\n|-singleturn|p2a: Kyogre|Protect\n|move|p1a: Urshifu|Aqua Jet|p2b: Calyrex\n|-resisted|p2b: Calyrex\n|-damage|p2b: Calyrex|52/100\n|move|p1b: Miraidon|Draco Meteor|p2b: Calyrex\n|-damage|p2b: Calyrex|0 fnt\n|-unboost|p1b: Miraidon|spa|2\n|faint|p2b: Calyrex\n|\n|-weather|RainDance|[upkeep]\n|upkeep\n|\n|t:|1773846155\n|switch|p2b: Tornadus|Tornadus, L50, M|100/100\n|turn|6\n|\n|t:|1773846176\n|move|p2b: Tornadus|Tailwind|p2b: Tornadus\n|-sidestart|p2: ScribbleScribble|move: Tailwind\n|move|p1a: Urshifu|Aqua Jet|p2b: Tornadus\n|-damage|p2b: Tornadus|23/100\n|move|p2a: Kyogre|Water Spout|p1b: Miraidon|[spread] p1a,p1b\n|-resisted|p1a: Urshifu\n|-resisted|p1b: Miraidon\n|-damage|p1a: Urshifu|0 fnt\n|-damage|p1b: Miraidon|0 fnt\n|faint|p1a: Urshifu\n|faint|p1b: Miraidon\n|\n|-weather|RainDance|[upkeep]\n|upkeep\n|-message|alzombie forfeited.\n|\n|win|ScribbleScribble\n|raw|alzombie's rating: 1468 &rarr; <strong>1458</strong><br />(-10 for losing)\n|raw|ScribbleScribble's rating: 1653 &rarr; <strong>1663</strong><br />(+10 for winning)\n|l|\u2606alzombie\n|player|p1|\n|l|\u2606ScribbleScribble\n|player|p2|\n","uploadtime":1773846335,"views":26,"formatid":"gen9vgc2026regi","rating":1458,"private":0,"password":null}