{"id":"gen9vgc2026regi-2522463570","format":"[Gen 9] VGC 2026 Reg I","players":["blackred123","franrq"],"log":"|j|\u2606blackred123\n|j|\u2606franrq\n|t:|1768911687\n|gametype|doubles\n|player|p1|blackred123|iono-masters|1140\n|player|p2|franrq|hilda|1050\n|gen|9\n|tier|[Gen 9] VGC 2026 Reg I\n|rated|\n|rule|Species Clause: Limit one of each Pok\u00e9mon\n|rule|Item Clause: Limit 1 of each item\n|clearpoke\n|poke|p1|Calyrex-Shadow, L50|\n|poke|p1|Zamazenta-*, L50|\n|poke|p1|Incineroar, L50, F|\n|poke|p1|Rillaboom, L50, F|\n|poke|p1|Ogerpon-Cornerstone, L50, F|\n|poke|p1|Tornadus, L50, M|\n|poke|p2|Calyrex-Shadow, L50|\n|poke|p2|Indeedee-F, L50, F|\n|poke|p2|Scrafty, L50, M|\n|poke|p2|Kyurem-White, L50|\n|poke|p2|Whimsicott, L50, M|\n|poke|p2|Iron Bundle, L50|\n|teampreview|4\n|inactive|Battle timer is ON: inactive players will automatically lose when time's up. (requested by franrq)\n|inactive|blackred123 also wants the timer to be on.\n|\n|t:|1768911702\n|teamsize|p1|4\n|teamsize|p2|4\n|start\n|switch|p1a: \u54c7\u8884\uff08\u72d7\u53eb\u58f0\uff09|Zamazenta-Crowned, L50|100/100\n|switch|p1b: \u5e05otto\u5e05|Incineroar, L50, F|100/100\n|switch|p2a: Kyurem|Kyurem-White, L50|100/100\n|switch|p2b: Whimsicott|Whimsicott, L50, M|100/100\n|-ability|p1a: \u54c7\u8884\uff08\u72d7\u53eb\u58f0\uff09|Dauntless Shield|boost\n|-boost|p1a: \u54c7\u8884\uff08\u72d7\u53eb\u58f0\uff09|def|1\n|-ability|p2a: Kyurem|Turboblaze\n|-ability|p1b: \u5e05otto\u5e05|Intimidate|boost\n|-unboost|p2a: Kyurem|atk|1\n|-unboost|p2b: Whimsicott|atk|1\n|turn|1\n|inactive|franrq has 30 seconds left.\n|\n|t:|1768911729\n|move|p1b: \u5e05otto\u5e05|Fake Out|p2b: Whimsicott\n|-damage|p2b: Whimsicott|87/100\n|move|p2b: Whimsicott|Tailwind|p2b: Whimsicott\n|-sidestart|p2: franrq|move: Tailwind\n|move|p2a: Kyurem|Earth Power|p1b: \u5e05otto\u5e05\n|-supereffective|p1b: \u5e05otto\u5e05\n|-damage|p1b: \u5e05otto\u5e05|23/100\n|move|p1a: \u54c7\u8884\uff08\u72d7\u53eb\u58f0\uff09|Heavy Slam|p2b: Whimsicott\n|-supereffective|p2b: Whimsicott\n|-damage|p2b: Whimsicott|0 fnt\n|faint|p2b: Whimsicott\n|\n|upkeep\n|\n|t:|1768911741\n|switch|p2b: Indeedee|Indeedee-F, L50, F|100/100\n|-fieldstart|move: Psychic Terrain|[from] ability: Psychic Surge|[of] p2b: Indeedee\n|-enditem|p2b: Indeedee|Psychic Seed\n|-boost|p2b: Indeedee|spd|1|[from] item: Psychic Seed\n|turn|2\n|\n|t:|1768911761\n|switch|p1b: \u68cd\u7236|Tornadus, L50, M|100/100\n|move|p2b: Indeedee|Follow Me|p2b: Indeedee\n|-singleturn|p2b: Indeedee|move: Follow Me\n|move|p2a: Kyurem|Earth Power|p1a: \u54c7\u8884\uff08\u72d7\u53eb\u58f0\uff09\n|-supereffective|p1a: \u54c7\u8884\uff08\u72d7\u53eb\u58f0\uff09\n|-damage|p1a: \u54c7\u8884\uff08\u72d7\u53eb\u58f0\uff09|47/100\n|move|p1a: \u54c7\u8884\uff08\u72d7\u53eb\u58f0\uff09|Body Press|p2b: Indeedee\n|-damage|p2b: Indeedee|0 fnt\n|faint|p2b: Indeedee\n|\n|upkeep\n|\n|t:|1768911771\n|switch|p2b: Calyrex|Calyrex-Shadow, L50|100/100\n|-ability|p2b: Calyrex|As One\n|-ability|p2b: Calyrex|Unnerve\n|turn|3\n|\n|t:|1768911792\n|move|p1b: \u68cd\u7236|Tailwind|p1b: \u68cd\u7236\n|-sidestart|p1: blackred123|move: Tailwind\n|move|p2b: Calyrex|Astral Barrage|p1a: \u54c7\u8884\uff08\u72d7\u53eb\u58f0\uff09|[spread] p1a,p1b\n|-damage|p1a: \u54c7\u8884\uff08\u72d7\u53eb\u58f0\uff09|7/100\n|-damage|p1b: \u68cd\u7236|38/100\n|move|p1a: \u54c7\u8884\uff08\u72d7\u53eb\u58f0\uff09|Body Press|p2a: Kyurem\n|-supereffective|p2a: Kyurem\n|-damage|p2a: Kyurem|0 fnt\n|faint|p2a: Kyurem\n|\n|upkeep\n|turn|4\n|\n|t:|1768911815\n|move|p1b: \u68cd\u7236|Protect|p1b: \u68cd\u7236\n|-singleturn|p1b: \u68cd\u7236|Protect\n|move|p1a: \u54c7\u8884\uff08\u72d7\u53eb\u58f0\uff09|Protect|p1a: \u54c7\u8884\uff08\u72d7\u53eb\u58f0\uff09\n|-singleturn|p1a: \u54c7\u8884\uff08\u72d7\u53eb\u58f0\uff09|Protect\n|move|p2b: Calyrex|Astral Barrage|p1a: \u54c7\u8884\uff08\u72d7\u53eb\u58f0\uff09|[spread] \n|-activate|p1a: \u54c7\u8884\uff08\u72d7\u53eb\u58f0\uff09|move: Protect\n|-activate|p1b: \u68cd\u7236|move: Protect\n|\n|-sideend|p2: franrq|move: Tailwind\n|upkeep\n|turn|5\n|\n|t:|1768911828\n|-terastallize|p2b: Calyrex|Dark\n|move|p1b: \u68cd\u7236|Bleakwind Storm|p2b: Calyrex|[miss]\n|-miss|p1b: \u68cd\u7236|p2b: Calyrex\n|move|p1a: \u54c7\u8884\uff08\u72d7\u53eb\u58f0\uff09|Heavy Slam|p2b: Calyrex\n|-damage|p2b: Calyrex|42/100\n|move|p2b: Calyrex|Astral Barrage|p1a: \u54c7\u8884\uff08\u72d7\u53eb\u58f0\uff09|[spread] p1a,p1b\n|-damage|p1a: \u54c7\u8884\uff08\u72d7\u53eb\u58f0\uff09|0 fnt\n|-damage|p1b: \u68cd\u7236|0 fnt\n|faint|p1a: \u54c7\u8884\uff08\u72d7\u53eb\u58f0\uff09\n|faint|p1b: \u68cd\u7236\n|-ability|p2b: Calyrex|Grim Neigh|boost\n|-boost|p2b: Calyrex|spa|2\n|\n|upkeep\n|\n|t:|1768911836\n|switch|p1b: \u5e05otto\u5e05|Incineroar, L50, F|23/100\n|switch|p1a: \u5636\u9a6c\u51a0\u54e5|Calyrex-Shadow, L50|100/100\n|-ability|p1a: \u5636\u9a6c\u51a0\u54e5|As One\n|-ability|p1a: \u5636\u9a6c\u51a0\u54e5|Unnerve\n|-ability|p1b: \u5e05otto\u5e05|Intimidate|boost\n|-unboost|p2b: Calyrex|atk|1\n|turn|6\n|\n|t:|1768911850\n|-terastallize|p1a: \u5636\u9a6c\u51a0\u54e5|Dark\n|move|p1a: \u5636\u9a6c\u51a0\u54e5|Astral Barrage|p2b: Calyrex\n|-resisted|p2b: Calyrex\n|-damage|p2b: Calyrex|1/100\n|move|p2b: Calyrex|Imprison|p2b: Calyrex\n|-start|p2b: Calyrex|move: Imprison\n|move|p1b: \u5e05otto\u5e05|Knock Off|p2b: Calyrex\n|-resisted|p2b: Calyrex\n|-damage|p2b: Calyrex|0 fnt\n|-enditem|p2b: Calyrex|Focus Sash|[from] move: Knock Off|[of] p1b: \u5e05otto\u5e05\n|faint|p2b: Calyrex\n|\n|win|blackred123\n|raw|blackred123's rating: 1140 &rarr; <strong>1159</strong><br />(+19 for winning)\n|raw|franrq's rating: 1050 &rarr; <strong>1037</strong><br />(-13 for losing)\n|l|\u2606franrq\n|player|p2|\n","uploadtime":1768911866,"views":12,"formatid":"gen9vgc2026regi","rating":1037,"private":0,"password":null}