{"id":"gen9vgc2026regi-2573694846","format":"[Gen 9] VGC 2026 Reg I","players":["speedyturtle87","ScribbleScribble"],"log":"|j|\u2606speedyturtle87\n|j|\u2606ScribbleScribble\n|t:|1775157221\n|gametype|doubles\n|player|p1|speedyturtle87|canari|1521\n|player|p2|ScribbleScribble|mina-lgpe|1723\n|gen|9\n|tier|[Gen 9] VGC 2026 Reg I\n|rated|\n|rule|Species Clause: Limit one of each Pok\u00e9mon\n|rule|Item Clause: Limit 1 of each item\n|clearpoke\n|poke|p1|Volbeat, L50, M|\n|poke|p1|Kyogre, L50|\n|poke|p1|Calyrex-Ice, L50|\n|poke|p1|Landorus, L50, M|\n|poke|p1|Urshifu-*, L50, F|\n|poke|p1|Rillaboom, L50, M|\n|poke|p2|Calyrex-Ice, L50|\n|poke|p2|Kyogre, L50|\n|poke|p2|Tornadus, L50, M|\n|poke|p2|Indeedee-F, L50, F|\n|poke|p2|Landorus, L50, M|\n|poke|p2|Urshifu-*, L50, F|\n|teampreview|4\n|inactive|Battle timer is ON: inactive players will automatically lose when time's up. (requested by ScribbleScribble)\n|inactive|speedyturtle87 also wants the timer to be on.\n|inactive|speedyturtle87 has 60 seconds left.\n|\n|t:|1775157256\n|teamsize|p1|4\n|teamsize|p2|4\n|start\n|switch|p1a: Urshifu|Urshifu, L50, F|100/100\n|switch|p1b: Calyrex|Calyrex-Ice, L50|100/100\n|switch|p2a: Tornadus|Tornadus, L50, M|100/100\n|switch|p2b: Calyrex|Calyrex-Ice, L50|100/100\n|-ability|p2b: Calyrex|As One\n|-ability|p2b: Calyrex|Unnerve\n|-ability|p1b: Calyrex|As One\n|-ability|p1b: Calyrex|Unnerve\n|turn|1\n|\n|t:|1775157265\n|-terastallize|p1a: Urshifu|Dark\n|-terastallize|p2b: Calyrex|Grass\n|move|p2a: Tornadus|Bleakwind Storm|p1a: Urshifu|[spread] p1a,p1b\n|-damage|p1a: Urshifu|43/100\n|-damage|p1b: Calyrex|74/100\n|-unboost|p1a: Urshifu|spe|1\n|move|p2b: Calyrex|Imprison|p2b: Calyrex\n|-start|p2b: Calyrex|move: Imprison\n|move|p1a: Urshifu|Wicked Blow|p2b: Calyrex\n|-crit|p2b: Calyrex\n|-damage|p2b: Calyrex|36/100\n|move|p1b: Calyrex|High Horsepower|p2b: Calyrex\n|-resisted|p2b: Calyrex\n|-damage|p2b: Calyrex|23/100\n|\n|upkeep\n|turn|2\n|\n|t:|1775157287\n|move|p1a: Urshifu|Detect|p1a: Urshifu\n|-singleturn|p1a: Urshifu|Protect\n|move|p1b: Calyrex|Protect|p1b: Calyrex\n|-singleturn|p1b: Calyrex|Protect\n|move|p2a: Tornadus|Tailwind|p2a: Tornadus\n|-sidestart|p2: ScribbleScribble|move: Tailwind\n|move|p2b: Calyrex|Glacial Lance|p1b: Calyrex|[spread] \n|-activate|p1a: Urshifu|move: Protect\n|-activate|p1b: Calyrex|move: Protect\n|\n|upkeep\n|turn|3\n|\n|t:|1775157300\n|switch|p2a: Indeedee|Indeedee-F, L50, F, shiny|100/100\n|-fieldstart|move: Psychic Terrain|[from] ability: Psychic Surge|[of] p2a: Indeedee\n|-enditem|p2a: Indeedee|Psychic Seed\n|-boost|p2a: Indeedee|spd|1|[from] item: Psychic Seed\n|switch|p1b: Rillaboom|Rillaboom, L50, M|100/100\n|-fieldstart|move: Grassy Terrain|[from] ability: Grassy Surge|[of] p1b: Rillaboom\n|move|p1a: Urshifu|Sucker Punch|p2b: Calyrex\n|-damage|p2b: Calyrex|0 fnt\n|faint|p2b: Calyrex\n|\n|-heal|p1a: Urshifu|49/100|[from] Grassy Terrain\n|upkeep\n|\n|t:|1775157307\n|switch|p2b: Kyogre|Kyogre, L50|100/100\n|-weather|RainDance|[from] ability: Drizzle|[of] p2b: Kyogre\n|turn|4\n|\n|t:|1775157313\n|switch|p2a: Tornadus|Tornadus, L50, M|100/100\n|move|p1b: Rillaboom|Fake Out|p2b: Kyogre\n|-damage|p2b: Kyogre|87/100\n|cant|p2b: Kyogre|flinch\n|move|p1a: Urshifu|Wicked Blow|p2a: Tornadus\n|-crit|p2a: Tornadus\n|-enditem|p2a: Tornadus|Focus Sash\n|-damage|p2a: Tornadus|1/100\n|\n|-weather|RainDance|[upkeep]\n|-heal|p2b: Kyogre|93/100|[from] Grassy Terrain\n|-heal|p1a: Urshifu|55/100|[from] Grassy Terrain\n|upkeep\n|turn|5\n|\n|t:|1775157328\n|move|p1a: Urshifu|Detect|p1a: Urshifu\n|-singleturn|p1a: Urshifu|Protect\n|move|p2a: Tornadus|Bleakwind Storm|p1a: Urshifu|[spread] p1b\n|-activate|p1a: Urshifu|move: Protect\n|-supereffective|p1b: Rillaboom\n|-damage|p1b: Rillaboom|45/100\n|move|p2b: Kyogre|Water Spout|p1a: Urshifu|[spread] p1b\n|-activate|p1a: Urshifu|move: Protect\n|-resisted|p1b: Rillaboom\n|-damage|p1b: Rillaboom|11/100\n|move|p1b: Rillaboom|U-turn|p2a: Tornadus\n|-resisted|p2a: Tornadus\n|-damage|p2a: Tornadus|0 fnt\n|faint|p2a: Tornadus\n|\n|t:|1775157344\n|switch|p1b: Kyogre|Kyogre, L50|100/100|[from] U-turn\n|\n|-weather|RainDance|[upkeep]\n|-heal|p2b: Kyogre|99/100|[from] Grassy Terrain\n|-heal|p1a: Urshifu|61/100|[from] Grassy Terrain\n|-sideend|p2: ScribbleScribble|move: Tailwind\n|upkeep\n|\n|t:|1775157346\n|switch|p2a: Indeedee|Indeedee-F, L50, F, shiny|100/100\n|-fieldstart|move: Psychic Terrain|[from] ability: Psychic Surge|[of] p2a: Indeedee\n|turn|6\n|\n|t:|1775157357\n|switch|p1a: Rillaboom|Rillaboom, L50, M|11/100\n|-fieldstart|move: Grassy Terrain|[from] ability: Grassy Surge|[of] p1a: Rillaboom\n|move|p2a: Indeedee|Helping Hand|p2b: Kyogre\n|-singleturn|p2b: Kyogre|Helping Hand|[of] p2a: Indeedee\n|move|p2b: Kyogre|Water Spout|p1a: Rillaboom|[spread] p1a,p1b\n|-resisted|p1a: Rillaboom\n|-resisted|p1b: Kyogre\n|-damage|p1a: Rillaboom|0 fnt\n|-damage|p1b: Kyogre|49/100\n|faint|p1a: Rillaboom\n|move|p1b: Kyogre|Origin Pulse|p2b: Kyogre|[spread] p2a,p2b\n|-resisted|p2b: Kyogre\n|-damage|p2a: Indeedee|41/100\n|-damage|p2b: Kyogre|77/100\n|\n|-weather|RainDance|[upkeep]\n|-heal|p2b: Kyogre|83/100|[from] Grassy Terrain\n|-heal|p1b: Kyogre|55/100|[from] Grassy Terrain\n|-heal|p1b: Kyogre|60/100|[from] item: Leftovers\n|-heal|p2a: Indeedee|47/100|[from] Grassy Terrain\n|upkeep\n|\n|t:|1775157373\n|switch|p1a: Urshifu|Urshifu, L50, F, tera:Dark|61/100\n|turn|7\n|\n|t:|1775157380\n|move|p2a: Indeedee|Helping Hand|p2b: Kyogre\n|-singleturn|p2b: Kyogre|Helping Hand|[of] p2a: Indeedee\n|move|p2b: Kyogre|Thunder|p1b: Kyogre\n|-supereffective|p1b: Kyogre\n|-damage|p1b: Kyogre|0 fnt\n|faint|p1b: Kyogre\n|move|p1a: Urshifu|Wicked Blow|p2b: Kyogre\n|-crit|p2b: Kyogre\n|-damage|p2b: Kyogre|0 fnt\n|faint|p2b: Kyogre\n|\n|-weather|RainDance|[upkeep]\n|-heal|p1a: Urshifu|68/100|[from] Grassy Terrain\n|-heal|p2a: Indeedee|54/100|[from] Grassy Terrain\n|upkeep\n|-message|ScribbleScribble forfeited.\n|\n|win|speedyturtle87\n|raw|speedyturtle87's rating: 1521 &rarr; <strong>1552</strong><br />(+31 for winning)\n|raw|ScribbleScribble's rating: 1730 &rarr; <strong>1699</strong><br />(-31 for losing)\n|l|\u2606ScribbleScribble\n|player|p2|\n|l|\u2606speedyturtle87\n|player|p1|\n","uploadtime":1775157611,"views":20,"formatid":"gen9vgc2026regi","rating":1552,"private":0,"password":null}