{"id":"gen9vgc2026regi-2528286116","format":"[Gen 9] VGC 2026 Reg I","players":["AJOIII","i\u2764\u5a1c\u7984forever"],"log":"|j|\u2606AJOIII\n|j|\u2606i\u2764\u5a1c\u7984forever\n|t:|1769637812\n|gametype|doubles\n|player|p1|AJOIII|byron|1377\n|player|p2|i\u2764\u5a1c\u7984forever|youngcouple|1485\n|gen|9\n|tier|[Gen 9] VGC 2026 Reg I\n|rated|\n|rule|Species Clause: Limit one of each Pok\u00e9mon\n|rule|Item Clause: Limit 1 of each item\n|clearpoke\n|poke|p1|Kyurem-Black, L50|\n|poke|p1|Kyogre, L50|\n|poke|p1|Tornadus, L50, M|\n|poke|p1|Incineroar, L50, M|\n|poke|p1|Farigiraf, L50, M|\n|poke|p1|Raichu, L50, F|\n|poke|p2|Groudon, L50|\n|poke|p2|Kyurem-White, L50|\n|poke|p2|Heatran, L50, F|\n|poke|p2|Whimsicott, L50, M|\n|poke|p2|Roaring Moon, L50|\n|poke|p2|Ditto, L50|\n|teampreview|4\n|inactive|Battle timer is ON: inactive players will automatically lose when time's up. (requested by AJOIII)\n|\n|t:|1769637842\n|teamsize|p1|4\n|teamsize|p2|4\n|start\n|switch|p1a: Incineroar|Incineroar, L50, M|100/100\n|switch|p1b: Kyurem|Kyurem-Black, L50|100/100\n|switch|p2a: Whimsicott|Whimsicott, L50, M|100/100\n|switch|p2b: Kyurem|Kyurem-White, L50|100/100\n|-ability|p1b: Kyurem|Teravolt\n|-ability|p2b: Kyurem|Turboblaze\n|-ability|p1a: Incineroar|Intimidate|boost\n|-unboost|p2a: Whimsicott|atk|1\n|-unboost|p2b: Kyurem|atk|1\n|turn|1\n|inactive|i\u2764\u5a1c\u7984forever has 30 seconds left.\n|inactive|i\u2764\u5a1c\u7984forever has 20 seconds left.\n|\n|t:|1769637878\n|-terastallize|p1b: Kyurem|Fairy\n|-terastallize|p2b: Kyurem|Ghost\n|move|p2a: Whimsicott|Endeavor|p1b: Kyurem\n|-damage|p1b: Kyurem|59/100\n|move|p1b: Kyurem|Icicle Spear|p2a: Whimsicott\n|-supereffective|p2a: Whimsicott\n|-damage|p2a: Whimsicott|40/100\n|-supereffective|p2a: Whimsicott\n|-damage|p2a: Whimsicott|0 fnt\n|faint|p2a: Whimsicott\n|-hitcount|p2: Whimsicott|2\n|move|p2b: Kyurem|Blizzard|p1a: Incineroar|[spread] p1a,p1b\n|-resisted|p1a: Incineroar\n|-damage|p1a: Incineroar|81/100\n|-damage|p1b: Kyurem|3/100\n|move|p1a: Incineroar|Parting Shot|p2b: Kyurem\n|-unboost|p2b: Kyurem|atk|1\n|-unboost|p2b: Kyurem|spa|1\n|\n|t:|1769637897\n|switch|p1a: Tornadus|Tornadus, L50, M|100/100|[from] Parting Shot\n|\n|upkeep\n|\n|t:|1769637903\n|switch|p2a: Ditto|Ditto, L50|100/100\n|-transform|p2a: Ditto|p1b: Kyurem|[from] ability: Imposter\n|-ability|p2a: Ditto|Teravolt\n|-start|p2a: Ditto|typechange|Dragon/Ice|[silent]\n|turn|2\n|\n|t:|1769637919\n|move|p1a: Tornadus|Protect|p1a: Tornadus\n|-singleturn|p1a: Tornadus|Protect\n|move|p1b: Kyurem|Protect|p1b: Kyurem\n|-singleturn|p1b: Kyurem|Protect\n|move|p2a: Ditto|Icicle Spear|p1b: Kyurem\n|-activate|p1b: Kyurem|move: Protect\n|move|p2b: Kyurem|Blizzard|p1a: Tornadus|[spread] \n|-activate|p1a: Tornadus|move: Protect\n|-activate|p1b: Kyurem|move: Protect\n|\n|upkeep\n|turn|3\n|\n|t:|1769637929\n|move|p1a: Tornadus|Tailwind|p1a: Tornadus\n|-sidestart|p1: AJOIII|move: Tailwind\n|move|p1b: Kyurem|Scale Shot|p2a: Ditto\n|-supereffective|p2a: Ditto\n|-damage|p2a: Ditto|64/100\n|-supereffective|p2a: Ditto\n|-damage|p2a: Ditto|26/100\n|-supereffective|p2a: Ditto\n|-damage|p2a: Ditto|0 fnt\n|faint|p2a: Ditto\n|-hitcount|p2: Ditto|3\n|-unboost|p1b: Kyurem|def|1\n|-boost|p1b: Kyurem|spe|1\n|move|p2b: Kyurem|Blizzard|p1a: Tornadus|[spread] p1a\n|-miss|p2b: Kyurem|p1b: Kyurem\n|-enditem|p2b: Kyurem|Blunder Policy\n|-boost|p2b: Kyurem|spe|2\n|-supereffective|p1a: Tornadus\n|-enditem|p1a: Tornadus|Focus Sash\n|-damage|p1a: Tornadus|1/100\n|\n|upkeep\n|\n|t:|1769637947\n|switch|p2a: Groudon|Groudon, L50|100/100\n|-weather|SunnyDay|[from] ability: Drought|[of] p2a: Groudon\n|turn|4\n|\n|t:|1769637963\n|switch|p1a: Incineroar|Incineroar, L50, M|81/100\n|-ability|p1a: Incineroar|Intimidate|boost\n|-unboost|p2a: Groudon|atk|1\n|-unboost|p2b: Kyurem|atk|1\n|move|p1b: Kyurem|Icicle Spear|p2a: Groudon\n|-supereffective|p2a: Groudon\n|-damage|p2a: Groudon|79/100\n|-supereffective|p2a: Groudon\n|-damage|p2a: Groudon|56/100\n|-supereffective|p2a: Groudon\n|-damage|p2a: Groudon|36/100\n|-supereffective|p2a: Groudon\n|-damage|p2a: Groudon|15/100\n|-hitcount|p2a: Groudon|4\n|move|p2b: Kyurem|Blizzard|p1b: Kyurem|[spread] p1a,p1b\n|-resisted|p1a: Incineroar\n|-damage|p1a: Incineroar|67/100\n|-damage|p1b: Kyurem|0 fnt\n|faint|p1b: Kyurem\n|move|p2a: Groudon|Iron Head|p1a: Incineroar\n|-resisted|p1a: Incineroar\n|-damage|p1a: Incineroar|56/100\n|\n|-weather|SunnyDay|[upkeep]\n|upkeep\n|\n|t:|1769637979\n|switch|p1b: Kyogre|Kyogre, L50|100/100\n|-weather|RainDance|[from] ability: Drizzle|[of] p1b: Kyogre\n|turn|5\n|\n|t:|1769637985\n|move|p2b: Kyurem|Earth Power|p1a: Incineroar\n|-supereffective|p1a: Incineroar\n|-damage|p1a: Incineroar|12/100\n|move|p1b: Kyogre|Water Spout|p2a: Groudon|[spread] p2a,p2b\n|-supereffective|p2a: Groudon\n|-damage|p2a: Groudon|0 fnt\n|-damage|p2b: Kyurem|2/100\n|faint|p2a: Groudon\n|move|p1a: Incineroar|Knock Off|p2b: Kyurem\n|-supereffective|p2b: Kyurem\n|-damage|p2b: Kyurem|0 fnt\n|faint|p2b: Kyurem\n|\n|win|AJOIII\n|raw|AJOIII's rating: 1377 &rarr; <strong>1403</strong><br />(+26 for winning)\n|raw|i\u2764\u5a1c\u7984forever's rating: 1485 &rarr; <strong>1459</strong><br />(-26 for losing)\n|l|\u2606i\u2764\u5a1c\u7984forever\n|player|p2|\n|l|\u2606AJOIII\n|player|p1|\n","uploadtime":1769638230,"views":35,"formatid":"gen9vgc2026regi","rating":1403,"private":0,"password":null}