{"id":"gen9vgc2026regi-2537487800","format":"[Gen 9] VGC 2026 Reg I","players":["Avi 2007","blackred123"],"log":"|j|\u2606Avi 2007\n|j|\u2606blackred123\n|t:|1770820606\n|gametype|doubles\n|player|p1|Avi 2007|palmer|1417\n|player|p2|blackred123|iono-masters|1318\n|gen|9\n|tier|[Gen 9] VGC 2026 Reg I\n|rated|\n|rule|Species Clause: Limit one of each Pok\u00e9mon\n|rule|Item Clause: Limit 1 of each item\n|clearpoke\n|poke|p1|Miraidon, L50|\n|poke|p1|Dialga-Origin, L50|\n|poke|p1|Ursaluna, L50, F|\n|poke|p1|Farigiraf, L50, F|\n|poke|p1|Smeargle, L50, M|\n|poke|p1|Urshifu-*, L50, M|\n|poke|p2|Zacian-*, L50|\n|poke|p2|Kyogre, L50|\n|poke|p2|Amoonguss, L50, F|\n|poke|p2|Incineroar, L50, M|\n|poke|p2|Urshifu-*, L50, M|\n|poke|p2|Iron Jugulis, L50|\n|teampreview|4\n|inactive|Battle timer is ON: inactive players will automatically lose when time's up. (requested by blackred123)\n|inactive|Avi 2007 has 60 seconds left.\n|inactive|blackred123 has 60 seconds left.\n|\n|t:|1770820650\n|teamsize|p1|4\n|teamsize|p2|4\n|start\n|switch|p1a: Miraidon|Miraidon, L50, shiny|100/100\n|switch|p1b: Farigiraf|Farigiraf, L50, F|100/100\n|switch|p2a: \u4e3b\u4eba\ud83d\ude2d\ud83e\udd75|Incineroar, L50, M|100/100\n|switch|p2b: \u55f7\u545c\uff5e|Iron Jugulis, L50|100/100\n|-fieldstart|move: Electric Terrain|[from] ability: Hadron Engine|[of] p1a: Miraidon\n|-activate|p2b: \u55f7\u545c\uff5e|ability: Quark Drive\n|-start|p2b: \u55f7\u545c\uff5e|quarkdrivespe\n|-enditem|p1b: Farigiraf|Electric Seed\n|-boost|p1b: Farigiraf|def|1|[from] item: Electric Seed\n|-ability|p2a: \u4e3b\u4eba\ud83d\ude2d\ud83e\udd75|Intimidate|boost\n|-unboost|p1a: Miraidon|atk|1\n|-unboost|p1b: Farigiraf|atk|1\n|turn|1\n|\n|t:|1770820672\n|move|p2b: \u55f7\u545c\uff5e|Protect|p2b: \u55f7\u545c\uff5e\n|-singleturn|p2b: \u55f7\u545c\uff5e|Protect\n|move|p1a: Miraidon|Electro Drift|p2a: \u4e3b\u4eba\ud83d\ude2d\ud83e\udd75\n|-damage|p2a: \u4e3b\u4eba\ud83d\ude2d\ud83e\udd75|0 fnt\n|faint|p2a: \u4e3b\u4eba\ud83d\ude2d\ud83e\udd75\n|move|p1b: Farigiraf|Trick Room|p1b: Farigiraf\n|-fieldstart|move: Trick Room|[of] p1b: Farigiraf\n|\n|upkeep\n|\n|t:|1770820681\n|switch|p2a: \u9a6c\u5243\u5929\u7231\u661f|Kyogre, L50, shiny|100/100\n|-weather|RainDance|[from] ability: Drizzle|[of] p2a: \u9a6c\u5243\u5929\u7231\u661f\n|turn|2\n|\n|t:|1770820690\n|-terastallize|p2a: \u9a6c\u5243\u5929\u7231\u661f|Electric\n|move|p1b: Farigiraf|Psychic|p2a: \u9a6c\u5243\u5929\u7231\u661f\n|-damage|p2a: \u9a6c\u5243\u5929\u7231\u661f|85/100\n|move|p2a: \u9a6c\u5243\u5929\u7231\u661f|Water Spout|p1a: Miraidon|[spread] p1a,p1b\n|-resisted|p1a: Miraidon\n|-damage|p1a: Miraidon|66/100\n|-damage|p1b: Farigiraf|25/100\n|move|p1a: Miraidon|Electro Drift|p2b: \u55f7\u545c\uff5e\n|-supereffective|p2b: \u55f7\u545c\uff5e\n|-damage|p2b: \u55f7\u545c\uff5e|0 fnt\n|faint|p2b: \u55f7\u545c\uff5e\n|-end|p2b: \u55f7\u545c\uff5e|Quark Drive|[silent]\n|\n|-weather|RainDance|[upkeep]\n|upkeep\n|\n|t:|1770820702\n|switch|p2b: \u963f\u5c14\u6258\u8389\u96c5|Zacian-Crowned, L50, shiny|100/100\n|-ability|p2b: \u963f\u5c14\u6258\u8389\u96c5|Intrepid Sword|boost\n|-boost|p2b: \u963f\u5c14\u6258\u8389\u96c5|atk|1\n|turn|3\n|\n|t:|1770820721\n|move|p1b: Farigiraf|Psychic|p2a: \u9a6c\u5243\u5929\u7231\u661f\n|-damage|p2a: \u9a6c\u5243\u5929\u7231\u661f|70/100\n|move|p2a: \u9a6c\u5243\u5929\u7231\u661f|Ice Beam|p1a: Miraidon\n|-supereffective|p1a: Miraidon\n|-damage|p1a: Miraidon|7/100\n|move|p1a: Miraidon|Electro Drift|p2b: \u963f\u5c14\u6258\u8389\u96c5\n|-damage|p2b: \u963f\u5c14\u6258\u8389\u96c5|0 fnt\n|faint|p2b: \u963f\u5c14\u6258\u8389\u96c5\n|\n|-weather|RainDance|[upkeep]\n|upkeep\n|turn|4\n|\n|t:|1770820736\n|move|p1b: Farigiraf|Foul Play|p2a: \u9a6c\u5243\u5929\u7231\u661f\n|-damage|p2a: \u9a6c\u5243\u5929\u7231\u661f|54/100\n|move|p2a: \u9a6c\u5243\u5929\u7231\u661f|Water Spout|p1b: Farigiraf|[spread] p1a,p1b\n|-resisted|p1a: Miraidon\n|-damage|p1a: Miraidon|0 fnt\n|-damage|p1b: Farigiraf|0 fnt\n|faint|p1a: Miraidon\n|faint|p1b: Farigiraf\n|\n|-weather|RainDance|[upkeep]\n|upkeep\n|j| riyuezi\n|\n|t:|1770820742\n|switch|p1b: Ursaluna|Ursaluna, L50, F|100/100\n|switch|p1a: Dialga|Dialga-Origin, L50, shiny|100/100\n|turn|5\n|\n|t:|1770820753\n|move|p1b: Ursaluna|Headlong Rush|p2a: \u9a6c\u5243\u5929\u7231\u661f\n|-supereffective|p2a: \u9a6c\u5243\u5929\u7231\u661f\n|-damage|p2a: \u9a6c\u5243\u5929\u7231\u661f|0 fnt\n|-unboost|p1b: Ursaluna|def|1\n|-unboost|p1b: Ursaluna|spd|1\n|faint|p2a: \u9a6c\u5243\u5929\u7231\u661f\n|\n|win|Avi 2007\n|raw|Avi 2007's rating: 1417 &rarr; <strong>1431</strong><br />(+14 for winning)\n|raw|blackred123's rating: 1318 &rarr; <strong>1304</strong><br />(-14 for losing)\n|l|\u2606blackred123\n|player|p2|\n|l|\u2606Avi 2007\n|player|p1|\n|l| riyuezi\n","uploadtime":1770820906,"views":10,"formatid":"gen9vgc2026regi","rating":1304,"private":0,"password":null}