{"id":"gen9vgc2026regi-2562779025","format":"[Gen 9] VGC 2026 Reg I","players":["Yunobo7","JoeBro8"],"log":"|j|\u2606Yunobo7\n|j|\u2606JoeBro8\n|t:|1773949130\n|gametype|doubles\n|player|p1|Yunobo7|miku-ghost|1398\n|player|p2|JoeBro8|n|1372\n|gen|9\n|tier|[Gen 9] VGC 2026 Reg I\n|rated|\n|rule|Species Clause: Limit one of each Pok\u00e9mon\n|rule|Item Clause: Limit 1 of each item\n|clearpoke\n|poke|p1|Groudon, L50|\n|poke|p1|Chi-Yu, L50|\n|poke|p1|Flutter Mane, L50|\n|poke|p1|Raging Bolt, L50|\n|poke|p1|Calyrex-Ice, L50|\n|poke|p1|Incineroar, L50, F|\n|poke|p2|Koraidon, L50|\n|poke|p2|Flutter Mane, L50|\n|poke|p2|Chi-Yu, L50|\n|poke|p2|Lunala, L50|\n|poke|p2|Ursaluna, L50, M|\n|poke|p2|Brute Bonnet, L50|\n|teampreview|4\n|inactive|Battle timer is ON: inactive players will automatically lose when time's up. (requested by Yunobo7)\n|\n|t:|1773949143\n|teamsize|p1|4\n|teamsize|p2|4\n|start\n|switch|p1a: Incineroar|Incineroar, L50, F, shiny|100/100\n|switch|p1b: Flutter Mane|Flutter Mane, L50, shiny|100/100\n|switch|p2a: Chi-Yu|Chi-Yu, L50|100/100\n|switch|p2b: Lunala|Lunala, L50|100/100\n|-ability|p2a: Chi-Yu|Beads of Ruin\n|-ability|p1a: Incineroar|Intimidate|boost\n|-unboost|p2a: Chi-Yu|atk|1\n|-unboost|p2b: Lunala|atk|1\n|turn|1\n|\n|t:|1773949155\n|move|p1b: Flutter Mane|Protect|p1b: Flutter Mane\n|-singleturn|p1b: Flutter Mane|Protect\n|move|p2a: Chi-Yu|Snarl|p1a: Incineroar|[spread] p1a\n|-activate|p1b: Flutter Mane|move: Protect\n|-resisted|p1a: Incineroar\n|-damage|p1a: Incineroar|87/100\n|-unboost|p1a: Incineroar|spa|1\n|move|p2b: Lunala|Meteor Beam||[still]\n|-prepare|p2b: Lunala|Meteor Beam\n|-boost|p2b: Lunala|spa|1\n|-enditem|p2b: Lunala|Power Herb\n|-anim|p2b: Lunala|Meteor Beam|p1a: Incineroar\n|-supereffective|p1a: Incineroar\n|-damage|p1a: Incineroar|0 fnt\n|faint|p1a: Incineroar\n|\n|upkeep\n|\n|t:|1773949168\n|switch|p1a: Groudon|Groudon, L50, shiny|100/100\n|-weather|SunnyDay|[from] ability: Drought|[of] p1a: Groudon\n|-activate|p1b: Flutter Mane|ability: Protosynthesis\n|-start|p1b: Flutter Mane|protosynthesisspe\n|turn|2\n|\n|t:|1773949179\n|move|p2b: Lunala|Wide Guard|p2b: Lunala\n|-singleturn|p2b: Lunala|Wide Guard\n|move|p1b: Flutter Mane|Thunder Wave|p2b: Lunala\n|-status|p2b: Lunala|par\n|move|p2a: Chi-Yu|Snarl|p1a: Groudon|[spread] p1a,p1b\n|-damage|p1a: Groudon|80/100\n|-damage|p1b: Flutter Mane|76/100\n|-unboost|p1a: Groudon|spa|1\n|-unboost|p1b: Flutter Mane|spa|1\n|move|p1a: Groudon|High Horsepower|p2a: Chi-Yu\n|-supereffective|p2a: Chi-Yu\n|-damage|p2a: Chi-Yu|0 fnt\n|faint|p2a: Chi-Yu\n|\n|-weather|SunnyDay|[upkeep]\n|upkeep\n|\n|t:|1773949193\n|switch|p2a: Brute Bonnet|Brute Bonnet, L50|100/100\n|-activate|p2a: Brute Bonnet|ability: Protosynthesis\n|-start|p2a: Brute Bonnet|protosynthesisdef\n|turn|3\n|\n|t:|1773949206\n|move|p1b: Flutter Mane|Taunt|p2a: Brute Bonnet\n|-start|p2a: Brute Bonnet|move: Taunt\n|move|p1a: Groudon|Heat Crash|p2a: Brute Bonnet\n|-supereffective|p2a: Brute Bonnet\n|-damage|p2a: Brute Bonnet|25/100\n|-enditem|p2a: Brute Bonnet|Sitrus Berry|[eat]\n|-heal|p2a: Brute Bonnet|50/100|[from] item: Sitrus Berry\n|cant|p2a: Brute Bonnet|move: Taunt|Spore\n|cant|p2b: Lunala|par\n|\n|-weather|SunnyDay|[upkeep]\n|upkeep\n|turn|4\n|\n|t:|1773949230\n|move|p1b: Flutter Mane|Taunt|p2b: Lunala\n|-start|p2b: Lunala|move: Taunt\n|move|p1a: Groudon|Heat Crash|p2a: Brute Bonnet\n|-supereffective|p2a: Brute Bonnet\n|-damage|p2a: Brute Bonnet|0 fnt\n|faint|p2a: Brute Bonnet\n|-end|p2a: Brute Bonnet|Protosynthesis|[silent]\n|cant|p2b: Lunala|par\n|\n|-weather|SunnyDay|[upkeep]\n|upkeep\n|\n|t:|1773949237\n|switch|p2a: Koraidon|Koraidon, L50|100/100\n|-activate|p2a: Koraidon|ability: Orichalcum Pulse\n|turn|5\n|\n|t:|1773949245\n|move|p1b: Flutter Mane|Protect|p1b: Flutter Mane\n|-singleturn|p1b: Flutter Mane|Protect\n|move|p2a: Koraidon|Protect|p2a: Koraidon\n|-singleturn|p2a: Koraidon|Protect\n|move|p1a: Groudon|Precipice Blades|p2a: Koraidon|[spread] p2b\n|-activate|p2a: Koraidon|move: Protect\n|-damage|p2b: Lunala|80/100 par\n|cant|p2b: Lunala|par\n|\n|-weather|SunnyDay|[upkeep]\n|upkeep\n|turn|6\n|c|\u2606JoeBro8|are we deadass\n|inactive|JoeBro8 has 30 seconds left.\n|\n|t:|1773949277\n|-terastallize|p2a: Koraidon|Fire\n|move|p1b: Flutter Mane|Moonblast|p2a: Koraidon\n|-resisted|p2a: Koraidon\n|-damage|p2a: Koraidon|87/100\n|move|p2a: Koraidon|Flame Charge|p1b: Flutter Mane\n|-damage|p1b: Flutter Mane|0 fnt\n|-boost|p2a: Koraidon|spe|1\n|faint|p1b: Flutter Mane\n|-end|p1b: Flutter Mane|Protosynthesis|[silent]\n|-damage|p2a: Koraidon|77/100|[from] item: Life Orb\n|move|p1a: Groudon|High Horsepower|p2a: Koraidon\n|-supereffective|p2a: Koraidon\n|-damage|p2a: Koraidon|0 fnt\n|faint|p2a: Koraidon\n|cant|p2b: Lunala|par\n|\n|-weather|none\n|-end|p2b: Lunala|move: Taunt\n|upkeep\n|c|\u2606Yunobo7|On god\n|-message|JoeBro8 forfeited.\n|\n|win|Yunobo7\n|raw|Yunobo7's rating: 1398 &rarr; <strong>1417</strong><br />(+19 for winning)\n|raw|JoeBro8's rating: 1372 &rarr; <strong>1353</strong><br />(-19 for losing)\n|l|\u2606JoeBro8\n|player|p2|\n","uploadtime":1773949313,"views":56,"formatid":"gen9vgc2026regi","rating":1353,"private":0,"password":null}