{"id":"gen9vgc2026regi-2538469083","format":"[Gen 9] VGC 2026 Reg I","players":["Luca8","schisch"],"log":"|j|\u2606Luca8\n|j|\u2606schisch\n|t:|1770930571\n|gametype|doubles\n|player|p1|Luca8|flint|1381\n|player|p2|schisch|266|1386\n|gen|9\n|tier|[Gen 9] VGC 2026 Reg I\n|rated|\n|rule|Species Clause: Limit one of each Pok\u00e9mon\n|rule|Item Clause: Limit 1 of each item\n|clearpoke\n|poke|p1|Miraidon, L50|\n|poke|p1|Calyrex-Shadow, L50|\n|poke|p1|Whimsicott, L50, M|\n|poke|p1|Farigiraf, L50, M|\n|poke|p1|Incineroar, L50, M|\n|poke|p1|Urshifu-*, L50, F|\n|poke|p2|Dialga-Origin, L50|\n|poke|p2|Ursaluna, L50, F|\n|poke|p2|Ogerpon-Wellspring, L50, F|\n|poke|p2|Ho-Oh, L50|\n|poke|p2|Flutter Mane, L50|\n|poke|p2|Enamorus-Therian, L50, F|\n|teampreview|4\n|inactive|Battle timer is ON: inactive players will automatically lose when time's up. (requested by schisch)\n|\n|t:|1770930608\n|teamsize|p1|4\n|teamsize|p2|4\n|start\n|switch|p1a: Calyrex|Calyrex-Shadow, L50|100/100\n|switch|p1b: Farigiraf|Farigiraf, L50, M|100/100\n|switch|p2a: Ho-Oh|Ho-Oh, L50|100/100\n|switch|p2b: Flutter Mane|Flutter Mane, L50|100/100\n|-ability|p1a: Calyrex|As One\n|-ability|p1a: Calyrex|Unnerve\n|turn|1\n|inactive|Luca8 has 30 seconds left.\n|inactive|schisch has 30 seconds left.\n|inactive|schisch has 20 seconds left.\n|inactive|schisch has 15 seconds left.\n|inactive|schisch has 10 seconds left.\n|\n|t:|1770930655\n|-terastallize|p1a: Calyrex|Ground\n|move|p1a: Calyrex|Astral Barrage|p2a: Ho-Oh|[spread] p2a,p2b\n|-supereffective|p2b: Flutter Mane\n|-damage|p2a: Ho-Oh|44/100\n|-enditem|p2b: Flutter Mane|Focus Sash\n|-damage|p2b: Flutter Mane|1/100\n|move|p2b: Flutter Mane|Dazzling Gleam|p1a: Calyrex|[spread] p1a,p1b\n|-damage|p1a: Calyrex|71/100\n|-damage|p1b: Farigiraf|64/100\n|move|p2a: Ho-Oh|Tailwind|p2a: Ho-Oh\n|-sidestart|p2: schisch|move: Tailwind\n|move|p1b: Farigiraf|Expanding Force|p2b: Flutter Mane\n|-damage|p2b: Flutter Mane|0 fnt\n|faint|p2b: Flutter Mane\n|-end|p2b: Flutter Mane|Protosynthesis|[silent]\n|\n|upkeep\n|\n|t:|1770930675\n|switch|p2b: Ursaluna|Ursaluna, L50, F|100/100\n|turn|2\n|\n|t:|1770930690\n|switch|p2b: Dialga|Dialga-Origin, L50|100/100\n|move|p2a: Ho-Oh|Sacred Fire|p1a: Calyrex\n|-damage|p1a: Calyrex|0 fnt\n|faint|p1a: Calyrex\n|move|p1b: Farigiraf|Hyper Voice|p2b: Dialga|[spread] p2a,p2b\n|-resisted|p2b: Dialga\n|-damage|p2a: Ho-Oh|22/100\n|-damage|p2b: Dialga|90/100\n|-enditem|p1b: Farigiraf|Throat Spray\n|-boost|p1b: Farigiraf|spa|1|[from] item: Throat Spray\n|\n|upkeep\n|inactive|Luca8 has 30 seconds left.\n|\n|t:|1770930719\n|switch|p1a: Miraidon|Miraidon, L50|100/100\n|-fieldstart|move: Electric Terrain|[from] ability: Hadron Engine|[of] p1a: Miraidon\n|turn|3\n|\n|t:|1770930728\n|move|p2a: Ho-Oh|Sacred Fire|p1b: Farigiraf\n|-damage|p1b: Farigiraf|6/100\n|-status|p1b: Farigiraf|brn\n|move|p1a: Miraidon|Volt Switch|p2a: Ho-Oh\n|-supereffective|p2a: Ho-Oh\n|-damage|p2a: Ho-Oh|0 fnt\n|faint|p2a: Ho-Oh\n|\n|t:|1770930737\n|switch|p1a: Whimsicott|Whimsicott, L50, M|100/100|[from] Volt Switch\n|move|p2b: Dialga|Dragon Pulse|p1a: Whimsicott\n|-immune|p1a: Whimsicott\n|move|p1b: Farigiraf|Imprison|p1b: Farigiraf\n|-start|p1b: Farigiraf|move: Imprison\n|\n|-damage|p1b: Farigiraf|0 fnt|[from] brn\n|faint|p1b: Farigiraf\n|upkeep\n|\n|t:|1770930750\n|switch|p2a: Ursaluna|Ursaluna, L50, F|100/100\n|switch|p1b: Miraidon|Miraidon, L50|100/100\n|-activate|p1b: Miraidon|ability: Hadron Engine\n|turn|4\n|\n|t:|1770930766\n|-terastallize|p2b: Dialga|Fairy\n|move|p1b: Miraidon|Dazzling Gleam|p2b: Dialga|[spread] p2a,p2b\n|-damage|p2a: Ursaluna|71/100\n|-damage|p2b: Dialga|68/100\n|move|p2b: Dialga|Flash Cannon|p1a: Whimsicott\n|-supereffective|p1a: Whimsicott\n|-damage|p1a: Whimsicott|0 fnt\n|faint|p1a: Whimsicott\n|move|p2a: Ursaluna|Earthquake|p1b: Miraidon|[spread] p1b\n|-activate|p2b: Dialga|ability: Telepathy\n|-supereffective|p1b: Miraidon\n|-damage|p1b: Miraidon|28/100\n|\n|-sideend|p2: schisch|move: Tailwind\n|-status|p2a: Ursaluna|brn|[from] item: Flame Orb\n|upkeep\n|turn|5\n|-message|Luca8 forfeited.\n|\n|win|schisch\n|raw|Luca8's rating: 1381 &rarr; <strong>1361</strong><br />(-20 for losing)\n|raw|schisch's rating: 1386 &rarr; <strong>1406</strong><br />(+20 for winning)\n|l|\u2606Luca8\n|player|p1|\n|l|\u2606schisch\n|player|p2|\n","uploadtime":1770930985,"views":29,"formatid":"gen9vgc2026regi","rating":1361,"private":0,"password":null}