{"id":"gen9vgc2026regi-2562251509","format":"[Gen 9] VGC 2026 Reg I","players":["daniiivgc","b3testing"],"log":"|j|\u203ddaniiivgc\n|j|\u2606b3testing\n|t:|1773887475\n|gametype|doubles\n|player|p1|daniiivgc|giovanni|1483\n|player|p2|b3testing|265|1620\n|gen|9\n|tier|[Gen 9] VGC 2026 Reg I\n|rated|\n|rule|Species Clause: Limit one of each Pok\u00e9mon\n|rule|Item Clause: Limit 1 of each item\n|clearpoke\n|poke|p1|Infernape, L50, M|\n|poke|p1|Groudon, L50|\n|poke|p1|Walking Wake, L50|\n|poke|p1|Raging Bolt, L50|\n|poke|p1|Zacian-*, L50|\n|poke|p1|Annihilape, L50, M|\n|poke|p2|Terapagos, L50, M|\n|poke|p2|Calyrex-Shadow, L50|\n|poke|p2|Incineroar, L50, F|\n|poke|p2|Amoonguss, L50, F|\n|poke|p2|Tornadus, L50, M|\n|poke|p2|Smeargle, L50, M|\n|teampreview|4\n|inactive|Battle timer is ON: inactive players will automatically lose when time's up. (requested by b3testing)\n|\n|t:|1773887489\n|teamsize|p1|4\n|teamsize|p2|4\n|start\n|switch|p1a: Infernape|Infernape, L50, M|100/100\n|switch|p1b: Groudon|Groudon, L50|100/100\n|switch|p2a: Tornadus|Tornadus, L50, M|100/100\n|switch|p2b: Smeargle|Smeargle, L50, M|100/100\n|-weather|SunnyDay|[from] ability: Drought|[of] p1b: Groudon\n|turn|1\n|\n|t:|1773887505\n|switch|p2b: Calyrex|Calyrex-Shadow, L50|100/100\n|-ability|p2b: Calyrex|As One\n|-ability|p2b: Calyrex|Unnerve\n|move|p1a: Infernape|Fake Out|p2b: Calyrex\n|-immune|p2b: Calyrex\n|move|p2a: Tornadus|Bleakwind Storm|p1b: Groudon|[spread] p1a,p1b\n|-supereffective|p1a: Infernape\n|-enditem|p1a: Infernape|Focus Sash\n|-damage|p1a: Infernape|1/100\n|-damage|p1b: Groudon|79/100\n|move|p1b: Groudon|Heat Crash|p2a: Tornadus\n|-damage|p2a: Tornadus|27/100\n|\n|-weather|SunnyDay|[upkeep]\n|upkeep\n|turn|2\n|\n|t:|1773887528\n|move|p2a: Tornadus|Protect|p2a: Tornadus\n|-singleturn|p2a: Tornadus|Protect\n|move|p2b: Calyrex|Encore|p1a: Infernape\n|-start|p1a: Infernape|Encore\n|move|p1a: Infernape|Fake Out||[still]\n|-hint|Fake Out only works on your first turn out.\n|-fail|p1a: Infernape\n|move|p1b: Groudon|Crunch|p2b: Calyrex\n|-supereffective|p2b: Calyrex\n|-damage|p2b: Calyrex|0 fnt\n|faint|p2b: Calyrex\n|\n|-weather|SunnyDay|[upkeep]\n|upkeep\n|\n|t:|1773887536\n|switch|p2b: Smeargle|Smeargle, L50, M|100/100\n|turn|3\n|\n|t:|1773887549\n|switch|p1a: Zacian|Zacian-Crowned, L50|100/100\n|-ability|p1a: Zacian|Intrepid Sword|boost\n|-boost|p1a: Zacian|atk|1\n|switch|p2a: Terapagos|Terapagos, L50, M|100/100\n|-activate|p2a: Terapagos|ability: Tera Shift\n|detailschange|p2a: Terapagos|Terapagos-Terastal, L50, M\n|-heal|p2a: Terapagos|100/100|[silent]\n|move|p2b: Smeargle|Spore|p1b: Groudon\n|-status|p1b: Groudon|slp|[from] move: Spore\n|cant|p1b: Groudon|slp\n|\n|-weather|SunnyDay|[upkeep]\n|-ability|p2b: Smeargle|Moody|boost\n|-boost|p2b: Smeargle|spa|2\n|-unboost|p2b: Smeargle|spe|1\n|upkeep\n|turn|4\n|\n|t:|1773887571\n|move|p1a: Zacian|Protect|p1a: Zacian\n|-singleturn|p1a: Zacian|Protect\n|move|p2a: Terapagos|Calm Mind|p2a: Terapagos\n|-boost|p2a: Terapagos|spa|1\n|-boost|p2a: Terapagos|spd|1\n|cant|p1b: Groudon|slp\n|move|p2b: Smeargle|Spore|p1a: Zacian\n|-activate|p1a: Zacian|move: Protect\n|\n|-weather|SunnyDay|[upkeep]\n|-ability|p2b: Smeargle|Moody|boost\n|-boost|p2b: Smeargle|spa|2\n|-unboost|p2b: Smeargle|atk|1\n|upkeep\n|turn|5\n|\n|t:|1773887588\n|move|p1a: Zacian|Behemoth Blade|p2b: Smeargle\n|-enditem|p2b: Smeargle|Focus Sash\n|-damage|p2b: Smeargle|1/100\n|move|p2a: Terapagos|Tera Starstorm|p1b: Groudon\n|-damage|p1b: Groudon|29/100 slp\n|-curestatus|p1b: Groudon|slp|[msg]\n|move|p1b: Groudon|Precipice Blades|p2a: Terapagos|[spread] p2a,p2b\n|-activate|p2a: Terapagos|ability: Tera Shell\n|-resisted|p2a: Terapagos\n|-damage|p2a: Terapagos|77/100\n|-damage|p2b: Smeargle|0 fnt\n|faint|p2b: Smeargle\n|\n|-weather|none\n|upkeep\n|\n|t:|1773887591\n|switch|p2b: Tornadus|Tornadus, L50, M|27/100\n|turn|6\n|inactive|daniiivgc has 30 seconds left.\n|inactive|daniiivgc has 20 seconds left.\n|\n|t:|1773887630\n|-terastallize|p2a: Terapagos|Stellar\n|detailschange|p2a: Terapagos|Terapagos-Stellar, L50, M, tera:Stellar\n|-heal|p2a: Terapagos|83/100|[silent]\n|move|p2b: Tornadus|Tailwind|p2b: Tornadus\n|-sidestart|p2: b3testing|move: Tailwind\n|move|p2a: Terapagos|Tera Starstorm|p1b: Groudon|[spread] p1a,p1b\n|-damage|p1a: Zacian|42/100\n|-damage|p1b: Groudon|0 fnt\n|faint|p1b: Groudon\n|move|p1a: Zacian|Behemoth Blade|p2b: Tornadus\n|-damage|p2b: Tornadus|0 fnt\n|faint|p2b: Tornadus\n|\n|upkeep\n|\n|t:|1773887646\n|switch|p1b: Infernape|Infernape, L50, M|1/100\n|turn|7\n|\n|t:|1773887652\n|move|p1b: Infernape|Fake Out|p2a: Terapagos\n|-damage|p2a: Terapagos|78/100\n|move|p2a: Terapagos|Tera Starstorm|p1b: Infernape|[spread] p1a,p1b\n|-damage|p1a: Zacian|0 fnt\n|-damage|p1b: Infernape|0 fnt\n|faint|p1a: Zacian\n|faint|p1b: Infernape\n|\n|upkeep\n|\n|t:|1773887664\n|switch|p1b: Annihilape|Annihilape, L50, M|100/100\n|turn|8\n|\n|t:|1773887671\n|move|p1b: Annihilape|Close Combat|p2a: Terapagos\n|-supereffective|p2a: Terapagos\n|-damage|p2a: Terapagos|10/100\n|-unboost|p1b: Annihilape|def|1\n|-unboost|p1b: Annihilape|spd|1\n|move|p2a: Terapagos|Tera Starstorm|p1b: Annihilape\n|-damage|p1b: Annihilape|0 fnt\n|faint|p1b: Annihilape\n|\n|win|b3testing\n|raw|daniiivgc's rating: 1483 &rarr; <strong>1471</strong><br />(-12 for losing)\n|raw|b3testing's rating: 1620 &rarr; <strong>1632</strong><br />(+12 for winning)\n|l|\u203ddaniiivgc\n|player|p1|\n|l|\u2606b3testing\n|player|p2|\n","uploadtime":1773887681,"views":15,"formatid":"gen9vgc2026regi","rating":1471,"private":0,"password":null}