{"id":"gen9vgc2026regi-2577641792","format":"[Gen 9] VGC 2026 Reg I","players":["Coptar1","KaiMVGC"],"log":"|j|\u2606Coptar1\n|j|\u2606KaiMVGC\n|t:|1775592479\n|gametype|doubles\n|player|p1|Coptar1|169|1478\n|player|p2|KaiMVGC|boarder|1543\n|gen|9\n|tier|[Gen 9] VGC 2026 Reg I\n|rated|\n|rule|Species Clause: Limit one of each Pok\u00e9mon\n|rule|Item Clause: Limit 1 of each item\n|clearpoke\n|poke|p1|Lunala, L50|\n|poke|p1|Calyrex-Ice, L50|\n|poke|p1|Indeedee-F, L50, F|\n|poke|p1|Ursaluna, L50, F|\n|poke|p1|Urshifu-*, L50, F|\n|poke|p1|Torkoal, L50, F|\n|poke|p2|Calyrex-Shadow, L50|\n|poke|p2|Zamazenta-*, L50|\n|poke|p2|Rillaboom, L50, F|\n|poke|p2|Raging Bolt, L50|\n|poke|p2|Smeargle, L50, F|\n|poke|p2|Tornadus, L50, M|\n|teampreview|4\n|inactive|Battle timer is ON: inactive players will automatically lose when time's up. (requested by Coptar1)\n|\n|t:|1775592520\n|teamsize|p1|4\n|teamsize|p2|4\n|start\n|switch|p1a: Calyrex|Calyrex-Ice, L50|100/100\n|switch|p1b: Indeedee|Indeedee-F, L50, F|100/100\n|switch|p2a: Notorious CSR|Calyrex-Shadow, L50|100/100\n|switch|p2b: Dark Void X|Smeargle, L50, F|100/100\n|-ability|p2a: Notorious CSR|As One\n|-ability|p2a: Notorious CSR|Unnerve\n|-ability|p1a: Calyrex|As One\n|-ability|p1a: Calyrex|Unnerve\n|-fieldstart|move: Psychic Terrain|[from] ability: Psychic Surge|[of] p1b: Indeedee\n|turn|1\n|inactive|KaiMVGC has 30 seconds left.\n|\n|t:|1775592547\n|-terastallize|p1a: Calyrex|Grass\n|move|p2b: Dark Void X|Wide Guard|p2b: Dark Void X\n|-singleturn|p2b: Dark Void X|Wide Guard\n|move|p2a: Notorious CSR|Nasty Plot|p2a: Notorious CSR\n|-boost|p2a: Notorious CSR|spa|2\n|move|p1b: Indeedee|Psychic|p2b: Dark Void X\n|-enditem|p2b: Dark Void X|Focus Sash\n|-damage|p2b: Dark Void X|1/100\n|move|p1a: Calyrex|Trick Room|p1a: Calyrex\n|-fieldstart|move: Trick Room|[of] p1a: Calyrex\n|\n|-ability|p2b: Dark Void X|Moody|boost\n|-boost|p2b: Dark Void X|atk|2\n|-unboost|p2b: Dark Void X|spd|1\n|upkeep\n|turn|2\n|j| slimeslatt252\n|\n|t:|1775592565\n|move|p2b: Dark Void X|Wide Guard|p2b: Dark Void X\n|-singleturn|p2b: Dark Void X|Wide Guard\n|move|p1a: Calyrex|Seed Bomb|p2b: Dark Void X\n|-damage|p2b: Dark Void X|0 fnt\n|faint|p2b: Dark Void X\n|-ability|p1a: Calyrex|Chilling Neigh|boost\n|-boost|p1a: Calyrex|atk|1\n|move|p1b: Indeedee|Psychic|p2a: Notorious CSR\n|-resisted|p2a: Notorious CSR\n|-damage|p2a: Notorious CSR|82/100\n|-unboost|p2a: Notorious CSR|spd|1\n|move|p2a: Notorious CSR|Psychic|p1b: Indeedee\n|-resisted|p1b: Indeedee\n|-enditem|p1b: Indeedee|Focus Sash\n|-damage|p1b: Indeedee|1/100\n|-damage|p2a: Notorious CSR|72/100|[from] item: Life Orb\n|\n|upkeep\n|\n|t:|1775592579\n|switch|p2b: Metro Boomin|Rillaboom, L50, F|100/100\n|-fieldstart|move: Grassy Terrain|[from] ability: Grassy Surge|[of] p2b: Metro Boomin\n|turn|3\n|\n|t:|1775592592\n|move|p2b: Metro Boomin|Fake Out|p1a: Calyrex\n|-damage|p1a: Calyrex|93/100\n|move|p1b: Indeedee|Follow Me|p1b: Indeedee\n|-singleturn|p1b: Indeedee|move: Follow Me\n|cant|p1a: Calyrex|flinch\n|move|p2a: Notorious CSR|Astral Barrage|p1a: Calyrex|[spread] p1a\n|-immune|p1b: Indeedee\n|-damage|p1a: Calyrex|0 fnt\n|faint|p1a: Calyrex\n|-ability|p2a: Notorious CSR|Grim Neigh|boost\n|-boost|p2a: Notorious CSR|spa|1\n|-damage|p2a: Notorious CSR|63/100|[from] item: Life Orb\n|\n|-heal|p1b: Indeedee|7/100|[from] Grassy Terrain\n|-heal|p2a: Notorious CSR|69/100|[from] Grassy Terrain\n|upkeep\n|\n|t:|1775592605\n|switch|p1a: Urshifu|Urshifu-Rapid-Strike, L50, F|100/100\n|turn|4\n|c| slimeslatt252|well played\n|c|\u2606KaiMVGC|appreciate it\n|c|\u2606KaiMVGC|i just suspected that you didnt have protect bc seed bomb set\n|inactive|KaiMVGC has 30 seconds left.\n|\n|t:|1775592631\n|switch|p2a: 50 Zent|Zamazenta-Crowned, L50|100/100\n|-ability|p2a: 50 Zent|Dauntless Shield|boost\n|-boost|p2a: 50 Zent|def|1\n|move|p1b: Indeedee|Follow Me|p1b: Indeedee\n|-singleturn|p1b: Indeedee|move: Follow Me\n|move|p1a: Urshifu|Surging Strikes|p2a: 50 Zent\n|-crit|p2a: 50 Zent\n|-damage|p2a: 50 Zent|82/100\n|-crit|p2a: 50 Zent\n|-damage|p2a: 50 Zent|66/100\n|-crit|p2a: 50 Zent\n|-damage|p2a: 50 Zent|48/100\n|-hitcount|p2a: 50 Zent|3\n|move|p2b: Metro Boomin|U-turn|p1b: Indeedee\n|-supereffective|p1b: Indeedee\n|-damage|p1b: Indeedee|0 fnt\n|faint|p1b: Indeedee\n|\n|t:|1775592633\n|switch|p2b: Notorious CSR|Calyrex-Shadow, L50|69/100|[from] U-turn\n|-ability|p2b: Notorious CSR|As One\n|-ability|p2b: Notorious CSR|Unnerve\n|\n|-heal|p2a: 50 Zent|54/100|[from] Grassy Terrain\n|-heal|p2b: Notorious CSR|75/100|[from] Grassy Terrain\n|upkeep\n|\n|t:|1775592645\n|switch|p1b: Lunala|Lunala, L50|100/100\n|turn|5\n|c| slimeslatt252|iron ball ursh\n|c|\u2606KaiMVGC|nice\n|\n|t:|1775592656\n|switch|p2b: Metro Boomin|Rillaboom, L50, F|100/100\n|move|p1b: Lunala|Moongeist Beam|p2b: Metro Boomin\n|-damage|p2b: Metro Boomin|61/100\n|move|p1a: Urshifu|Surging Strikes|p2a: 50 Zent\n|-crit|p2a: 50 Zent\n|-damage|p2a: 50 Zent|38/100\n|-crit|p2a: 50 Zent\n|-damage|p2a: 50 Zent|21/100\n|-crit|p2a: 50 Zent\n|-damage|p2a: 50 Zent|3/100\n|-hitcount|p2a: 50 Zent|3\n|move|p2a: 50 Zent|Body Press|p1a: Urshifu\n|-damage|p1a: Urshifu|36/100\n|\n|-heal|p1a: Urshifu|42/100|[from] Grassy Terrain\n|-heal|p2b: Metro Boomin|67/100|[from] Grassy Terrain\n|-heal|p2a: 50 Zent|9/100|[from] Grassy Terrain\n|-fieldend|move: Trick Room\n|upkeep\n|turn|6\n|\n|t:|1775592670\n|move|p2a: 50 Zent|Heavy Slam|p1b: Lunala\n|-damage|p1b: Lunala|80/100\n|move|p2b: Metro Boomin|Wood Hammer|p1b: Lunala\n|-damage|p1b: Lunala|22/100\n|-damage|p2b: Metro Boomin|44/100|[from] Recoil\n|move|p1a: Urshifu|Surging Strikes|p2b: Metro Boomin\n|-resisted|p2b: Metro Boomin\n|-crit|p2b: Metro Boomin\n|-damage|p2b: Metro Boomin|30/100\n|-resisted|p2b: Metro Boomin\n|-crit|p2b: Metro Boomin\n|-damage|p2b: Metro Boomin|16/100\n|-resisted|p2b: Metro Boomin\n|-crit|p2b: Metro Boomin\n|-damage|p2b: Metro Boomin|2/100\n|-hitcount|p2b: Metro Boomin|3\n|move|p1b: Lunala|Trick Room|p1b: Lunala\n|-fieldstart|move: Trick Room|[of] p1b: Lunala\n|\n|-heal|p1b: Lunala|28/100|[from] Grassy Terrain\n|-heal|p1a: Urshifu|48/100|[from] Grassy Terrain\n|-heal|p2b: Metro Boomin|8/100|[from] Grassy Terrain\n|-heal|p2a: 50 Zent|15/100|[from] Grassy Terrain\n|upkeep\n|turn|7\n|inactive|Coptar1 has 30 seconds left.\n|\n|t:|1775592696\n|move|p2b: Metro Boomin|Grassy Glide|p1b: Lunala\n|-damage|p1b: Lunala|0 fnt\n|faint|p1b: Lunala\n|move|p1a: Urshifu|Surging Strikes|p2b: Metro Boomin\n|-resisted|p2b: Metro Boomin\n|-crit|p2b: Metro Boomin\n|-damage|p2b: Metro Boomin|0 fnt\n|faint|p2b: Metro Boomin\n|-hitcount|p2: Metro Boomin|1\n|move|p2a: 50 Zent|Heavy Slam|p1a: Urshifu\n|-resisted|p1a: Urshifu\n|-damage|p1a: Urshifu|25/100\n|\n|-heal|p1a: Urshifu|31/100|[from] Grassy Terrain\n|-heal|p2a: 50 Zent|21/100|[from] Grassy Terrain\n|-fieldend|move: Grassy Terrain\n|upkeep\n|\n|t:|1775592699\n|switch|p2b: Notorious CSR|Calyrex-Shadow, L50|75/100\n|-ability|p2b: Notorious CSR|As One\n|-ability|p2b: Notorious CSR|Unnerve\n|turn|8\n|\n|t:|1775592704\n|move|p1a: Urshifu|Surging Strikes|p2b: Notorious CSR\n|-crit|p2b: Notorious CSR\n|-damage|p2b: Notorious CSR|35/100\n|-crit|p2b: Notorious CSR\n|-damage|p2b: Notorious CSR|0 fnt\n|faint|p2b: Notorious CSR\n|-hitcount|p2: Notorious CSR|2\n|move|p2a: 50 Zent|Body Press|p1a: Urshifu\n|-damage|p1a: Urshifu|0 fnt\n|faint|p1a: Urshifu\n|\n|win|KaiMVGC\n|raw|Coptar1's rating: 1478 &rarr; <strong>1462</strong><br />(-16 for losing)\n|raw|KaiMVGC's rating: 1543 &rarr; <strong>1559</strong><br />(+16 for winning)\n|c|\u2606KaiMVGC|ggs\n|l|\u2606Coptar1\n|player|p1|\n|l| slimeslatt252\n","uploadtime":1775592842,"views":5,"formatid":"gen9vgc2026regi","rating":1462,"private":0,"password":null}