{"id":"gen9vgc2026regi-2561311241","format":"[Gen 9] VGC 2026 Reg I","players":["bennoo","bubblegumtree"],"log":"|j|\u2606bennoo\n|j|\u2606bubblegumtree\n|t:|1773782892\n|gametype|doubles\n|player|p1|bennoo|shadowtriad|\n|player|p2|bubblegumtree|blaine-lgpe|\n|gen|9\n|tier|[Gen 9] VGC 2026 Reg I\n|rated|Tournament battle\n|rule|Species Clause: Limit one of each Pok\u00e9mon\n|rule|Item Clause: Limit 1 of each item\n|raw|<div class=\"infobox\"><details class=\"readmore\" open><summary><strong>1 custom rule:</strong></summary> force open teamsheets</details></div>\n|clearpoke\n|poke|p1|Miraidon, L50|\n|poke|p1|Ho-Oh, L50|\n|poke|p1|Iron Treads, L50|\n|poke|p1|Farigiraf, L50, M|\n|poke|p1|Iron Bundle, L50|\n|poke|p1|Iron Hands, L50|\n|poke|p2|Brute Bonnet, L50|\n|poke|p2|Lunala, L50|\n|poke|p2|Ursaluna, L50, F|\n|poke|p2|Chi-Yu, L50|\n|poke|p2|Koraidon, L50|\n|poke|p2|Flutter Mane, L50|\n|teampreview|4\n|showteam|p1|Miraidon||ChoiceSpecs|HadronEngine|ElectroDrift,DracoMeteor,DazzlingGleam,VoltSwitch||||||50|,,,,,Fairy]Ho-Oh||ClearAmulet|Regenerator|SacredFire,BraveBird,Tailwind,Protect||||||50|,,,,,Grass]Iron Treads||LifeOrb|QuarkDrive|HighHorsepower,SteelRoller,Earthquake,KnockOff||||||50|,,,,,Ground]Farigiraf||ElectricSeed|ArmorTail|Psychic,FoulPlay,HelpingHand,TrickRoom|||M|||50|,,,,,Water]Iron Bundle||FocusSash|QuarkDrive|FreezeDry,IcyWind,Encore,Protect||||||50|,,,,,Ghost]Iron Hands||AssaultVest|QuarkDrive|LowKick,WildCharge,DrainPunch,FakeOut||||||50|,,,,,Water\n|showteam|p2|Brute Bonnet||SitrusBerry|Protosynthesis|SeedBomb,SuckerPunch,Spore,RagePowder||||||50|,,,,,Water]Lunala||PowerHerb|ShadowShield|MoongeistBeam,MeteorBeam,TrickRoom,WideGuard||||||50|,,,,,Water]Ursaluna||FlameOrb|Guts|HeadlongRush,Facade,Earthquake,Protect|||F|||50|,,,,,Ghost]Chi-Yu||ChoiceScarf|BeadsofRuin|HeatWave,Overheat,Snarl,DarkPulse||||||50|,,,,,Ghost]Koraidon||LifeOrb|OrichalcumPulse|CloseCombat,FlareBlitz,FlameCharge,Protect||||||50|,,,,,Fire]Flutter Mane||FocusSash|Protosynthesis|ShadowBall,Moonblast,IcyWind,Protect||||||50|,,,,,Stellar\n|inactive|Battle timer is ON: inactive players will automatically lose when time's up. (requested by bennoo)\n|inactive|bennoo has 60 seconds left.\n|inactive|bubblegumtree has 60 seconds left.\n|j| macrameee\n|inactive|bubblegumtree has 30 seconds left.\n|inactive|bubblegumtree has 20 seconds left.\n|inactive|bubblegumtree has 15 seconds left.\n|inactive|bubblegumtree has 10 seconds left.\n|\n|t:|1773782974\n|teamsize|p1|4\n|teamsize|p2|4\n|start\n|switch|p1a: Miraidon|Miraidon, L50|100/100\n|switch|p1b: Iron Bundle|Iron Bundle, L50|100/100\n|switch|p2a: Flutter Mane|Flutter Mane, L50|100/100\n|switch|p2b: Koraidon|Koraidon, L50|100/100\n|-weather|SunnyDay|[from] ability: Orichalcum Pulse|[of] p2b: Koraidon\n|-activate|p2a: Flutter Mane|ability: Protosynthesis\n|-start|p2a: Flutter Mane|protosynthesisspe\n|-activate|p2b: Koraidon|Orichalcum Pulse|[source]\n|-fieldstart|move: Electric Terrain|[from] ability: Hadron Engine|[of] p1a: Miraidon\n|-activate|p1b: Iron Bundle|ability: Quark Drive\n|-start|p1b: Iron Bundle|quarkdrivespe\n|turn|1\n|\n|t:|1773782998\n|move|p2b: Koraidon|Protect|p2b: Koraidon\n|-singleturn|p2b: Koraidon|Protect\n|move|p1b: Iron Bundle|Icy Wind|p2b: Koraidon|[spread] p2a\n|-activate|p2b: Koraidon|move: Protect\n|-damage|p2a: Flutter Mane|80/100\n|-unboost|p2a: Flutter Mane|spe|1\n|move|p1a: Miraidon|Electro Drift|p2b: Koraidon\n|-activate|p2b: Koraidon|move: Protect\n|move|p2a: Flutter Mane|Icy Wind|p1b: Iron Bundle|[spread] p1a,p1b\n|-supereffective|p1a: Miraidon\n|-resisted|p1b: Iron Bundle\n|-damage|p1a: Miraidon|74/100\n|-damage|p1b: Iron Bundle|94/100\n|-unboost|p1a: Miraidon|spe|1\n|-unboost|p1b: Iron Bundle|spe|1\n|\n|-weather|SunnyDay|[upkeep]\n|upkeep\n|turn|2\n|inactive|bubblegumtree has 30 seconds left.\n|\n|t:|1773783030\n|-terastallize|p1a: Miraidon|Fairy\n|move|p1b: Iron Bundle|Encore|p2b: Koraidon\n|-start|p2b: Koraidon|Encore\n|move|p2b: Koraidon|Protect||[still]\n|-fail|p2b: Koraidon\n|move|p2a: Flutter Mane|Moonblast|p1a: Miraidon\n|-damage|p1a: Miraidon|27/100\n|move|p1a: Miraidon|Electro Drift|p2a: Flutter Mane\n|-damage|p2a: Flutter Mane|0 fnt\n|faint|p2a: Flutter Mane\n|-end|p2a: Flutter Mane|Protosynthesis|[silent]\n|\n|-weather|SunnyDay|[upkeep]\n|upkeep\n|\n|t:|1773783043\n|switch|p2a: Chi-Yu|Chi-Yu, L50|100/100\n|-ability|p2a: Chi-Yu|Beads of Ruin\n|turn|3\n|inactive|bennoo has 30 seconds left.\n|\n|t:|1773783069\n|switch|p2b: Lunala|Lunala, L50|100/100\n|-end|p1b: Iron Bundle|Quark Drive|[silent]\n|switch|p1b: Iron Hands|Iron Hands, L50|100/100\n|-activate|p1b: Iron Hands|ability: Quark Drive\n|-start|p1b: Iron Hands|quarkdriveatk\n|switch|p1a: Ho-Oh|Ho-Oh, L50|100/100\n|move|p2a: Chi-Yu|Heat Wave|p1b: Iron Hands|[spread] p1a,p1b\n|-resisted|p1a: Ho-Oh\n|-damage|p1a: Ho-Oh|75/100\n|-damage|p1b: Iron Hands|63/100\n|\n|-weather|SunnyDay|[upkeep]\n|upkeep\n|turn|4\n|inactive|bubblegumtree has 30 seconds left.\n|inactive|bubblegumtree has 20 seconds left.\n|\n|t:|1773783104\n|switch|p2a: Koraidon|Koraidon, L50|100/100\n|-activate|p2a: Koraidon|ability: Orichalcum Pulse\n|move|p2b: Lunala|Meteor Beam||[still]\n|-prepare|p2b: Lunala|Meteor Beam\n|-boost|p2b: Lunala|spa|1\n|-enditem|p2b: Lunala|Power Herb\n|-anim|p2b: Lunala|Meteor Beam|p1a: Ho-Oh\n|-supereffective|p1a: Ho-Oh\n|-damage|p1a: Ho-Oh|0 fnt\n|faint|p1a: Ho-Oh\n|move|p1b: Iron Hands|Wild Charge|p2b: Lunala\n|-damage|p2b: Lunala|65/100\n|-damage|p1b: Iron Hands|54/100|[from] Recoil\n|\n|-weather|SunnyDay|[upkeep]\n|upkeep\n|\n|t:|1773783118\n|switch|p1a: Iron Bundle|Iron Bundle, L50|94/100\n|-activate|p1a: Iron Bundle|ability: Quark Drive\n|-start|p1a: Iron Bundle|quarkdrivespe\n|turn|5\n|j| JkShowdownguest\n|l| JkShowdownguest\n|j| Ursaqueen\n|\n|t:|1773783139\n|-terastallize|p2a: Koraidon|Fire\n|move|p2b: Lunala|Wide Guard|p2b: Lunala\n|-singleturn|p2b: Lunala|Wide Guard\n|move|p1a: Iron Bundle|Encore|p2b: Lunala\n|-start|p2b: Lunala|Encore\n|move|p2a: Koraidon|Flame Charge|p1a: Iron Bundle\n|-damage|p1a: Iron Bundle|0 fnt\n|-boost|p2a: Koraidon|spe|1\n|faint|p1a: Iron Bundle\n|-end|p1a: Iron Bundle|Quark Drive|[silent]\n|-damage|p2a: Koraidon|91/100|[from] item: Life Orb\n|move|p1b: Iron Hands|Low Kick|p2a: Koraidon\n|-damage|p2a: Koraidon|14/100\n|\n|-weather|none\n|-fieldend|move: Electric Terrain\n|-end|p1b: Iron Hands|Quark Drive\n|upkeep\n|\n|t:|1773783147\n|switch|p1a: Miraidon|Miraidon, L50, tera:Fairy|27/100\n|-fieldstart|move: Electric Terrain|[from] ability: Hadron Engine|[of] p1a: Miraidon\n|-activate|p1b: Iron Hands|ability: Quark Drive\n|-start|p1b: Iron Hands|quarkdriveatk\n|turn|6\n|\n|t:|1773783163\n|switch|p2b: Chi-Yu|Chi-Yu, L50|100/100\n|-ability|p2b: Chi-Yu|Beads of Ruin\n|move|p2a: Koraidon|Flame Charge|p1a: Miraidon\n|-damage|p1a: Miraidon|0 fnt\n|-boost|p2a: Koraidon|spe|1\n|faint|p1a: Miraidon\n|-damage|p2a: Koraidon|4/100|[from] item: Life Orb\n|move|p1b: Iron Hands|Drain Punch|p2a: Koraidon\n|-crit|p2a: Koraidon\n|-damage|p2a: Koraidon|0 fnt\n|-heal|p1b: Iron Hands|55/100|[from] drain|[of] p2a: Koraidon\n|faint|p2a: Koraidon\n|\n|upkeep\n|\n|t:|1773783174\n|switch|p2a: Lunala|Lunala, L50|65/100\n|turn|7\n|\n|t:|1773783181\n|move|p2b: Chi-Yu|Overheat|p1b: Iron Hands\n|-damage|p1b: Iron Hands|7/100\n|-unboost|p2b: Chi-Yu|spa|2\n|move|p2a: Lunala|Moongeist Beam|p1b: Iron Hands\n|-damage|p1b: Iron Hands|0 fnt\n|faint|p1b: Iron Hands\n|-end|p1b: Iron Hands|Quark Drive|[silent]\n|\n|win|bubblegumtree\n|n|\u2606bennoo|bennoo\n|n|\u2606bubblegumtree|bubblegumtree\n|n| macrameee|macrameee\n|n| Ursaqueen|ursaqueen\n","uploadtime":1773783185,"views":16,"formatid":"gen9vgc2026regi","rating":null,"private":0,"password":null}