{"id":"gen9vgc2026regi-2562397108","format":"[Gen 9] VGC 2026 Reg I","players":["CHR1SPHX","Reniculous3248"],"log":"|j|\u2606CHR1SPHX\n|j|\u2606Reniculous3248\n|t:|1773910772\n|gametype|doubles\n|player|p1|CHR1SPHX|hilbert|1184\n|player|p2|Reniculous3248|n-masters2|1155\n|gen|9\n|tier|[Gen 9] VGC 2026 Reg I\n|rated|\n|rule|Species Clause: Limit one of each Pok\u00e9mon\n|rule|Item Clause: Limit 1 of each item\n|clearpoke\n|poke|p1|Flutter Mane, L50|\n|poke|p1|Incineroar, L50, M|\n|poke|p1|Ursaluna-Bloodmoon, L50, M|\n|poke|p1|Amoonguss, L50, M|\n|poke|p1|Koraidon, L50|\n|poke|p1|Lunala, L50|\n|poke|p2|Breloom, L50, M|\n|poke|p2|Terapagos, L50, M|\n|poke|p2|Lunala, L50|\n|poke|p2|Tornadus, L50, M|\n|poke|p2|Incineroar, L50, F|\n|poke|p2|Amoonguss, L50, F|\n|teampreview|4\n|inactive|Battle timer is ON: inactive players will automatically lose when time's up. (requested by Reniculous3248)\n|inactive|CHR1SPHX also wants the timer to be on.\n|\n|t:|1773910800\n|teamsize|p1|4\n|teamsize|p2|4\n|start\n|switch|p1a: Lunala|Lunala, L50, shiny|100/100\n|switch|p1b: Incineroar|Incineroar, L50, M|100/100\n|switch|p2a: Breloom|Breloom, L50, M, shiny|100/100\n|switch|p2b: Tornadus|Tornadus, L50, M|100/100\n|-ability|p1b: Incineroar|Intimidate|boost\n|-unboost|p2a: Breloom|atk|1\n|-unboost|p2b: Tornadus|atk|1\n|turn|1\n|\n|t:|1773910820\n|switch|p1a: Amoonguss|Amoonguss, L50, M, shiny|100/100\n|switch|p2a: Lunala|Lunala, L50|100/100\n|move|p2b: Tornadus|Taunt|p1a: Amoonguss\n|-start|p1a: Amoonguss|move: Taunt\n|move|p1b: Incineroar|Taunt|p2b: Tornadus\n|-start|p2b: Tornadus|move: Taunt\n|\n|upkeep\n|turn|2\n|\n|t:|1773910841\n|switch|p2a: Breloom|Breloom, L50, M, shiny|100/100\n|switch|p1a: Lunala|Lunala, L50, shiny|100/100\n|move|p2b: Tornadus|Bleakwind Storm|p1b: Incineroar|[spread] p1a,p1b\n|-damage|p1a: Lunala|89/100\n|-damage|p1b: Incineroar|76/100\n|move|p1b: Incineroar|Knock Off|p2a: Breloom\n|-resisted|p2a: Breloom\n|-damage|p2a: Breloom|73/100\n|-enditem|p2a: Breloom|Loaded Dice|[from] move: Knock Off|[of] p1b: Incineroar\n|\n|upkeep\n|turn|3\n|\n|t:|1773910864\n|switch|p2b: Terapagos|Terapagos, L50, M|100/100\n|-activate|p2b: Terapagos|ability: Tera Shift\n|detailschange|p2b: Terapagos|Terapagos-Terastal, L50, M\n|-heal|p2b: Terapagos|100/100|[silent]\n|move|p2a: Breloom|Close Combat|p1b: Incineroar\n|-supereffective|p1b: Incineroar\n|-damage|p1b: Incineroar|0 fnt\n|-unboost|p2a: Breloom|def|1\n|-unboost|p2a: Breloom|spd|1\n|faint|p1b: Incineroar\n|move|p1a: Lunala|Trick Room|p1a: Lunala\n|-fieldstart|move: Trick Room|[of] p1a: Lunala\n|\n|upkeep\n|\n|t:|1773910873\n|switch|p1b: Amoonguss|Amoonguss, L50, M, shiny|100/100\n|turn|4\n|inactive|Reniculous3248 has 30 seconds left.\n|\n|t:|1773910899\n|move|p2b: Terapagos|Protect|p2b: Terapagos\n|-singleturn|p2b: Terapagos|Protect\n|move|p1b: Amoonguss|Spore|p2b: Terapagos\n|-activate|p2b: Terapagos|move: Protect\n|move|p2a: Breloom|Spore|p1a: Lunala\n|-status|p1a: Lunala|slp|[from] move: Spore\n|cant|p1a: Lunala|slp\n|\n|upkeep\n|turn|5\n|inactive|Reniculous3248 has 30 seconds left.\n|\n|t:|1773910930\n|switch|p2b: Lunala|Lunala, L50|100/100\n|move|p1b: Amoonguss|Spore|p2b: Lunala\n|-status|p2b: Lunala|slp|[from] move: Spore\n|move|p2a: Breloom|Bullet Seed|p1a: Lunala\n|-damage|p1a: Lunala|74/100 slp\n|-damage|p1a: Lunala|59/100 slp\n|-crit|p1a: Lunala\n|-damage|p1a: Lunala|38/100 slp\n|-hitcount|p1a: Lunala|3\n|-curestatus|p1a: Lunala|slp|[msg]\n|move|p1a: Lunala|Moonblast|p2a: Breloom\n|-supereffective|p2a: Breloom\n|-damage|p2a: Breloom|0 fnt\n|faint|p2a: Breloom\n|\n|upkeep\n|\n|t:|1773910944\n|switch|p2a: Tornadus|Tornadus, L50, M|100/100\n|turn|6\n|\n|t:|1773910960\n|-terastallize|p2b: Lunala|Grass\n|move|p2a: Tornadus|Taunt|p1b: Amoonguss\n|-start|p1b: Amoonguss|move: Taunt\n|move|p1b: Amoonguss|Pollen Puff|p1a: Lunala\n|-heal|p1a: Lunala|88/100\n|move|p1a: Lunala|Moongeist Beam|p2b: Lunala\n|-damage|p2b: Lunala|85/100 slp\n|cant|p2b: Lunala|slp\n|\n|upkeep\n|turn|7\n|inactive|Reniculous3248 has 30 seconds left.\n|\n|t:|1773910990\n|-terastallize|p1a: Lunala|Fairy\n|move|p1b: Amoonguss|Sludge Bomb|p2b: Lunala\n|-supereffective|p2b: Lunala\n|-damage|p2b: Lunala|52/100 slp\n|move|p1a: Lunala|Moonblast|p2a: Tornadus\n|-damage|p2a: Tornadus|35/100\n|cant|p2b: Lunala|slp\n|move|p2a: Tornadus|Bleakwind Storm|p1a: Lunala|[spread] p1a,p1b\n|-supereffective|p1b: Amoonguss\n|-damage|p1a: Lunala|64/100\n|-damage|p1b: Amoonguss|51/100\n|\n|-fieldend|move: Trick Room\n|upkeep\n|turn|8\n|\n|t:|1773911008\n|move|p2a: Tornadus|Taunt|p1a: Lunala\n|-start|p1a: Lunala|move: Taunt\n|-enditem|p1a: Lunala|Mental Herb\n|-end|p1a: Lunala|move: Taunt\n|move|p1a: Lunala|Moonblast|p2a: Tornadus\n|-damage|p2a: Tornadus|0 fnt\n|faint|p2a: Tornadus\n|-curestatus|p2b: Lunala|slp|[msg]\n|move|p2b: Lunala|Moongeist Beam|p1a: Lunala\n|-damage|p1a: Lunala|31/100\n|move|p1b: Amoonguss|Pollen Puff|p1a: Lunala\n|-heal|p1a: Lunala|81/100\n|\n|-end|p1b: Amoonguss|move: Taunt\n|upkeep\n|\n|t:|1773911017\n|switch|p2a: Terapagos|Terapagos-Terastal, L50, M|100/100\n|turn|9\n|\n|t:|1773911033\n|move|p1a: Lunala|Wide Guard|p1a: Lunala\n|-singleturn|p1a: Lunala|Wide Guard\n|move|p2a: Terapagos|Tera Starstorm|p1b: Amoonguss\n|-damage|p1b: Amoonguss|1/100\n|move|p2b: Lunala|Moongeist Beam|p1a: Lunala\n|-damage|p1a: Lunala|50/100\n|move|p1b: Amoonguss|Spore|p2a: Terapagos\n|-status|p2a: Terapagos|slp|[from] move: Spore\n|\n|upkeep\n|turn|10\n|-message|Reniculous3248 forfeited.\n|\n|win|CHR1SPHX\n|raw|CHR1SPHX's rating: 1184 &rarr; <strong>1207</strong><br />(+23 for winning)\n|raw|Reniculous3248's rating: 1155 &rarr; <strong>1132</strong><br />(-23 for losing)\n|l|\u2606Reniculous3248\n|player|p2|\n|l|\u2606CHR1SPHX\n|player|p1|\n","uploadtime":1773911414,"views":12,"formatid":"gen9vgc2026regi","rating":1132,"private":0,"password":null}