{"id":"gen9vgc2026regi-2534142600","format":"[Gen 9] VGC 2026 Reg I","players":["Luh_simoes-04","dthk1216"],"log":"|j|\u2606Luh_simoes-04\n|j|\u2606dthk1216\n|t:|1770391806\n|gametype|doubles\n|player|p1|Luh_simoes-04|drayden|1444\n|player|p2|dthk1216|dawn|1617\n|gen|9\n|tier|[Gen 9] VGC 2026 Reg I\n|rated|\n|rule|Species Clause: Limit one of each Pok\u00e9mon\n|rule|Item Clause: Limit 1 of each item\n|clearpoke\n|poke|p1|Lunala, L50|\n|poke|p1|Ogerpon-Cornerstone, L50, F|\n|poke|p1|Calyrex-Ice, L50|\n|poke|p1|Urshifu-*, L50, F|\n|poke|p1|Chi-Yu, L50|\n|poke|p1|Landorus, L50, M|\n|poke|p2|Calyrex-Ice, L50|\n|poke|p2|Kyogre, L50|\n|poke|p2|Urshifu-*, L50, M|\n|poke|p2|Rillaboom, L50, M|\n|poke|p2|Grimmsnarl, L50, M|\n|poke|p2|Amoonguss, L50, F|\n|teampreview|4\n|inactive|Battle timer is ON: inactive players will automatically lose when time's up. (requested by Luh_simoes-04)\n|\n|t:|1770391833\n|teamsize|p1|4\n|teamsize|p2|4\n|start\n|switch|p1a: Ogerpon|Ogerpon-Cornerstone, L50, F|100/100\n|switch|p1b: Lunala|Lunala, L50|100/100\n|switch|p2a: Grimmsnarl|Grimmsnarl, L50, M|100/100\n|switch|p2b: Calyrex|Calyrex-Ice, L50|100/100\n|-ability|p2b: Calyrex|As One\n|-ability|p2b: Calyrex|Unnerve\n|turn|1\n|\n|t:|1770391849\n|-terastallize|p2b: Calyrex|Grass\n|move|p2a: Grimmsnarl|Reflect|p2a: Grimmsnarl\n|-sidestart|p2: dthk1216|Reflect\n|move|p1a: Ogerpon|Ivy Cudgel|p2a: Grimmsnarl|[anim] Ivy Cudgel Rock\n|-crit|p2a: Grimmsnarl\n|-damage|p2a: Grimmsnarl|0 fnt\n|faint|p2a: Grimmsnarl\n|move|p1b: Lunala|Meteor Beam||[still]\n|-prepare|p1b: Lunala|Meteor Beam\n|-boost|p1b: Lunala|spa|1\n|-enditem|p1b: Lunala|Power Herb\n|-anim|p1b: Lunala|Meteor Beam|p2b: Calyrex\n|-damage|p2b: Calyrex|55/100\n|move|p2b: Calyrex|Leech Seed|p1b: Lunala|[miss]\n|-miss|p2b: Calyrex|p1b: Lunala\n|\n|-heal|p2b: Calyrex|60/100|[from] item: Leftovers\n|upkeep\n|\n|t:|1770391867\n|switch|p2a: Kyogre|Kyogre, L50|100/100\n|-weather|RainDance|[from] ability: Drizzle|[of] p2a: Kyogre\n|turn|2\n|\n|t:|1770391880\n|move|p1b: Lunala|Wide Guard|p1b: Lunala\n|-singleturn|p1b: Lunala|Wide Guard\n|move|p1a: Ogerpon|Wood Hammer|p2a: Kyogre\n|-supereffective|p2a: Kyogre\n|-damage|p2a: Kyogre|0 fnt\n|faint|p2a: Kyogre\n|-damage|p1a: Ogerpon|65/100|[from] Recoil\n|move|p2b: Calyrex|Leech Seed|p1b: Lunala\n|-start|p1b: Lunala|move: Leech Seed\n|\n|-weather|RainDance|[upkeep]\n|-heal|p2b: Calyrex|66/100|[from] item: Leftovers\n|-damage|p1b: Lunala|88/100|[from] Leech Seed|[of] p2b: Calyrex\n|-heal|p2b: Calyrex|81/100|[silent]\n|upkeep\n|\n|t:|1770391892\n|switch|p2a: Urshifu|Urshifu-Rapid-Strike, L50, M|100/100\n|turn|3\n|\n|t:|1770391903\n|move|p2a: Urshifu|Surging Strikes|p1a: Ogerpon\n|-crit|p1a: Ogerpon\n|-damage|p1a: Ogerpon|24/100\n|-crit|p1a: Ogerpon\n|-damage|p1a: Ogerpon|0 fnt\n|faint|p1a: Ogerpon\n|-hitcount|p1: Ogerpon|2\n|move|p2b: Calyrex|Glacial Lance|p1b: Lunala\n|-damage|p1b: Lunala|30/100\n|move|p1b: Lunala|Trick Room|p1b: Lunala\n|-fieldstart|move: Trick Room|[of] p1b: Lunala\n|\n|-weather|RainDance|[upkeep]\n|-heal|p2b: Calyrex|86/100|[from] item: Leftovers\n|-damage|p1b: Lunala|18/100|[from] Leech Seed|[of] p2b: Calyrex\n|-heal|p2b: Calyrex|100/100|[silent]\n|upkeep\n|\n|t:|1770391907\n|switch|p1a: Calyrex|Calyrex-Ice, L50|100/100\n|-ability|p1a: Calyrex|As One\n|-ability|p1a: Calyrex|Unnerve\n|turn|4\n|\n|t:|1770391925\n|switch|p1b: Urshifu|Urshifu, L50, F|100/100\n|-terastallize|p1a: Calyrex|Water\n|move|p1a: Calyrex|Glacial Lance|p2b: Calyrex|[spread] p2a,p2b\n|-resisted|p2a: Urshifu\n|-supereffective|p2b: Calyrex\n|-damage|p2a: Urshifu|82/100\n|-damage|p2b: Calyrex|58/100\n|move|p2b: Calyrex|Leech Seed|p1a: Calyrex\n|-start|p1a: Calyrex|move: Leech Seed\n|move|p2a: Urshifu|Surging Strikes|p1a: Calyrex\n|-resisted|p1a: Calyrex\n|-crit|p1a: Calyrex\n|-damage|p1a: Calyrex|90/100\n|-resisted|p1a: Calyrex\n|-crit|p1a: Calyrex\n|-damage|p1a: Calyrex|80/100\n|-resisted|p1a: Calyrex\n|-crit|p1a: Calyrex\n|-damage|p1a: Calyrex|70/100\n|-hitcount|p1a: Calyrex|3\n|\n|-weather|RainDance|[upkeep]\n|-heal|p1a: Calyrex|75/100|[from] item: Leftovers\n|-heal|p2b: Calyrex|64/100|[from] item: Leftovers\n|-damage|p1a: Calyrex|63/100|[from] Leech Seed|[of] p2b: Calyrex\n|-heal|p2b: Calyrex|76/100|[silent]\n|upkeep\n|turn|5\n|\n|t:|1770391947\n|move|p2b: Calyrex|Protect|p2b: Calyrex\n|-singleturn|p2b: Calyrex|Protect\n|move|p1b: Urshifu|Close Combat|p2a: Urshifu\n|-damage|p2a: Urshifu|35/100\n|-unboost|p1b: Urshifu|def|1\n|-unboost|p1b: Urshifu|spd|1\n|move|p1a: Calyrex|Glacial Lance|p2b: Calyrex|[spread] p2a\n|-activate|p2b: Calyrex|move: Protect\n|-resisted|p2a: Urshifu\n|-damage|p2a: Urshifu|16/100\n|move|p2a: Urshifu|Surging Strikes|p1b: Urshifu\n|-crit|p1b: Urshifu\n|-damage|p1b: Urshifu|50/100\n|-crit|p1b: Urshifu\n|-damage|p1b: Urshifu|3/100\n|-crit|p1b: Urshifu\n|-damage|p1b: Urshifu|0 fnt\n|faint|p1b: Urshifu\n|-hitcount|p1: Urshifu|3\n|\n|-weather|RainDance|[upkeep]\n|-heal|p1a: Calyrex|69/100|[from] item: Leftovers\n|-heal|p2b: Calyrex|82/100|[from] item: Leftovers\n|-damage|p1a: Calyrex|57/100|[from] Leech Seed|[of] p2b: Calyrex\n|-heal|p2b: Calyrex|94/100|[silent]\n|upkeep\n|\n|t:|1770391957\n|switch|p1b: Lunala|Lunala, L50|18/100\n|turn|6\n|c|\u2606dthk1216|very lucky of you\n|\n|t:|1770391975\n|move|p1a: Calyrex|Glacial Lance|p2a: Urshifu|[spread] p2a,p2b\n|-resisted|p2a: Urshifu\n|-supereffective|p2b: Calyrex\n|-damage|p2a: Urshifu|0 fnt\n|-damage|p2b: Calyrex|53/100\n|faint|p2a: Urshifu\n|-ability|p1a: Calyrex|Chilling Neigh|boost\n|-boost|p1a: Calyrex|atk|1\n|move|p2b: Calyrex|Glacial Lance|p1b: Lunala|[spread] p1a,p1b\n|-resisted|p1a: Calyrex\n|-damage|p1a: Calyrex|41/100\n|-damage|p1b: Lunala|0 fnt\n|faint|p1b: Lunala\n|-ability|p2b: Calyrex|Chilling Neigh|boost\n|-boost|p2b: Calyrex|atk|1\n|\n|-weather|none\n|-heal|p1a: Calyrex|46/100|[from] item: Leftovers\n|-heal|p2b: Calyrex|59/100|[from] item: Leftovers\n|-damage|p1a: Calyrex|34/100|[from] Leech Seed|[of] p2b: Calyrex\n|-heal|p2b: Calyrex|71/100|[silent]\n|upkeep\n|turn|7\n|\n|t:|1770391992\n|move|p2b: Calyrex|Protect|p2b: Calyrex\n|-singleturn|p2b: Calyrex|Protect\n|move|p1a: Calyrex|Glacial Lance|p2b: Calyrex\n|-activate|p2b: Calyrex|move: Protect\n|\n|-heal|p1a: Calyrex|40/100|[from] item: Leftovers\n|-heal|p2b: Calyrex|77/100|[from] item: Leftovers\n|-damage|p1a: Calyrex|28/100|[from] Leech Seed|[of] p2b: Calyrex\n|-heal|p2b: Calyrex|89/100|[silent]\n|-fieldend|move: Trick Room\n|upkeep\n|turn|8\n|\n|t:|1770392001\n|move|p2b: Calyrex|Glacial Lance|p1a: Calyrex\n|-resisted|p1a: Calyrex\n|-damage|p1a: Calyrex|0 fnt\n|faint|p1a: Calyrex\n|\n|win|dthk1216\n|raw|Luh_simoes-04's rating: 1444 &rarr; <strong>1433</strong><br />(-11 for losing)\n|raw|dthk1216's rating: 1617 &rarr; <strong>1628</strong><br />(+11 for winning)\n|l|\u2606Luh_simoes-04\n|player|p1|\n|c|\u2606dthk1216|but you are noob\n|l|\u2606dthk1216\n|player|p2|\n","uploadtime":1770392160,"views":18,"formatid":"gen9vgc2026regi","rating":1433,"private":0,"password":null}