{"id":"gen9vgc2026regi-2587481897","format":"[Gen 9] VGC 2026 Reg I","players":["angrybook","MadMozzy"],"log":"|j|\u2606angrybook\n|j|\u2606MadMozzy\n|t:|1776535514\n|gametype|doubles\n|player|p1|angrybook|pokemaniac|1643\n|player|p2|MadMozzy|nate|1440\n|gen|9\n|tier|[Gen 9] VGC 2026 Reg I\n|rated|\n|rule|Species Clause: Limit one of each Pok\u00e9mon\n|rule|Item Clause: Limit 1 of each item\n|clearpoke\n|poke|p1|Koraidon, L50|\n|poke|p1|Flutter Mane, L50|\n|poke|p1|Incineroar, L50, F|\n|poke|p1|Lunala, L50|\n|poke|p1|Ursaluna, L50, M|\n|poke|p1|Walking Wake, L50|\n|poke|p2|Calyrex-Ice, L50|\n|poke|p2|Kyogre, L50|\n|poke|p2|Iron Jugulis, L50|\n|poke|p2|Basculegion, L50, M|\n|poke|p2|Smeargle, L50, M|\n|poke|p2|Rillaboom, L50, F|\n|teampreview|4\nMadMozzy has agreed to open team sheets.\n|inactive|Battle timer is ON: inactive players will automatically lose when time's up. (requested by angrybook)\n|inactive|MadMozzy has 60 seconds left.\n|\n|t:|1776535565\n|teamsize|p1|4\n|teamsize|p2|4\n|start\n|switch|p1a: Walking Wake|Walking Wake, L50|100/100\n|switch|p1b: Koraidon|Koraidon, L50|100/100\n|switch|p2a: Kyogre|Kyogre, L50|100/100\n|switch|p2b: Iron Jugulis|Iron Jugulis, L50|100/100\n|-weather|SunnyDay|[from] ability: Orichalcum Pulse|[of] p1b: Koraidon\n|-activate|p1a: Walking Wake|ability: Protosynthesis\n|-start|p1a: Walking Wake|protosynthesisspe\n|-activate|p1b: Koraidon|Orichalcum Pulse|[source]\n|-weather|RainDance|[from] ability: Drizzle|[of] p2a: Kyogre\n|-end|p1a: Walking Wake|Protosynthesis\n|-enditem|p2b: Iron Jugulis|Booster Energy\n|-activate|p2b: Iron Jugulis|ability: Quark Drive|[fromitem]\n|-start|p2b: Iron Jugulis|quarkdrivespe\n|turn|1\n|\n|t:|1776535589\n|move|p1b: Koraidon|Protect|p1b: Koraidon\n|-singleturn|p1b: Koraidon|Protect\n|move|p2b: Iron Jugulis|Tailwind|p2b: Iron Jugulis\n|-sidestart|p2: MadMozzy|move: Tailwind\n|move|p2a: Kyogre|Water Spout|p1b: Koraidon|[spread] p1a\n|-activate|p1b: Koraidon|move: Protect\n|-resisted|p1a: Walking Wake\n|-damage|p1a: Walking Wake|77/100\n|move|p1a: Walking Wake|Snarl|p2a: Kyogre|[spread] p2a,p2b\n|-resisted|p2b: Iron Jugulis\n|-damage|p2a: Kyogre|92/100\n|-damage|p2b: Iron Jugulis|93/100\n|-unboost|p2a: Kyogre|spa|1\n|-unboost|p2b: Iron Jugulis|spa|1\n|\n|-weather|RainDance|[upkeep]\n|upkeep\n|turn|2\n|\n|t:|1776535617\n|switch|p1b: Lunala|Lunala, L50|100/100\n|move|p2b: Iron Jugulis|Snarl|p1b: Lunala|[spread] p1a,p1b\n|-crit|p1a: Walking Wake\n|-supereffective|p1b: Lunala\n|-damage|p1a: Walking Wake|59/100\n|-damage|p1b: Lunala|87/100\n|-unboost|p1a: Walking Wake|spa|1\n|move|p2a: Kyogre|Hydro Pump|p1b: Lunala\n|-damage|p1b: Lunala|39/100\n|move|p1a: Walking Wake|Hydro Steam|p2b: Iron Jugulis\n|-damage|p2b: Iron Jugulis|52/100\n|\n|-weather|RainDance|[upkeep]\n|upkeep\n|turn|3\n|\n|t:|1776535639\n|move|p1b: Lunala|Wide Guard|p1b: Lunala\n|-singleturn|p1b: Lunala|Wide Guard\n|move|p2b: Iron Jugulis|Snarl|p1b: Lunala|[spread] \n|-activate|p1a: Walking Wake|move: Wide Guard\n|-activate|p1b: Lunala|move: Wide Guard\n|move|p2a: Kyogre|Origin Pulse|p1b: Lunala|[spread] \n|-activate|p1a: Walking Wake|move: Wide Guard\n|-activate|p1b: Lunala|move: Wide Guard\n|move|p1a: Walking Wake|Hydro Steam|p2b: Iron Jugulis\n|-damage|p2b: Iron Jugulis|8/100\n|\n|-weather|RainDance|[upkeep]\n|upkeep\n|turn|4\n|\n|t:|1776535662\n|move|p2b: Iron Jugulis|Protect|p2b: Iron Jugulis\n|-singleturn|p2b: Iron Jugulis|Protect\n|move|p1a: Walking Wake|Aqua Jet|p2b: Iron Jugulis\n|-activate|p2b: Iron Jugulis|move: Protect\n|move|p2a: Kyogre|Hydro Pump|p1b: Lunala\n|-damage|p1b: Lunala|0 fnt\n|faint|p1b: Lunala\n|\n|-weather|RainDance|[upkeep]\n|-sideend|p2: MadMozzy|move: Tailwind\n|upkeep\n|\n|t:|1776535674\n|switch|p1b: Incineroar|Incineroar, L50, F|100/100\n|-ability|p1b: Incineroar|Intimidate|boost\n|-unboost|p2a: Kyogre|atk|1\n|-unboost|p2b: Iron Jugulis|atk|1\n|turn|5\n|\n|t:|1776535682\n|move|p1b: Incineroar|Fake Out|p2b: Iron Jugulis\n|-damage|p2b: Iron Jugulis|0 fnt\n|faint|p2b: Iron Jugulis\n|-end|p2b: Iron Jugulis|Quark Drive|[silent]\n|move|p1a: Walking Wake|Snarl|p2a: Kyogre\n|-damage|p2a: Kyogre|84/100\n|-unboost|p2a: Kyogre|spa|1\n|move|p2a: Kyogre|Hydro Pump|p1b: Incineroar\n|-supereffective|p1b: Incineroar\n|-damage|p1b: Incineroar|0 fnt\n|faint|p1b: Incineroar\n|\n|-weather|none\n|upkeep\n|\n|t:|1776535701\n|switch|p2b: Basculegion|Basculegion, L50, M|100/100\n|switch|p1b: Koraidon|Koraidon, L50|100/100\n|-weather|SunnyDay|[from] ability: Orichalcum Pulse|[of] p1b: Koraidon\n|-activate|p1a: Walking Wake|ability: Protosynthesis\n|-start|p1a: Walking Wake|protosynthesisspe\n|-activate|p1b: Koraidon|Orichalcum Pulse|[source]\n|turn|6\n|\n|t:|1776535718\n|switch|p2a: Calyrex|Calyrex-Ice, L50|100/100\n|-ability|p2a: Calyrex|As One\n|-ability|p2a: Calyrex|Unnerve\n|move|p2b: Basculegion|Protect|p2b: Basculegion\n|-singleturn|p2b: Basculegion|Protect\n|move|p1a: Walking Wake|Draco Meteor|p2b: Basculegion\n|-activate|p2b: Basculegion|move: Protect\n|move|p1b: Koraidon|Flare Blitz|p2a: Calyrex\n|-supereffective|p2a: Calyrex\n|-damage|p2a: Calyrex|0 fnt\n|faint|p2a: Calyrex\n|-damage|p1b: Koraidon|65/100|[from] Recoil\n|\n|-weather|SunnyDay|[upkeep]\n|upkeep\n|\n|t:|1776535731\n|switch|p2a: Kyogre|Kyogre, L50|84/100\n|-weather|RainDance|[from] ability: Drizzle|[of] p2a: Kyogre\n|-end|p1a: Walking Wake|Protosynthesis\n|turn|7\n|\n|t:|1776535744\n|move|p2b: Basculegion|Last Respects|p1a: Walking Wake\n|-damage|p1a: Walking Wake|0 fnt\n|faint|p1a: Walking Wake\n|-end|p1a: Walking Wake|Protosynthesis|[silent]\n|-damage|p2b: Basculegion|91/100|[from] item: Life Orb\n|move|p1b: Koraidon|Collision Course|p2a: Kyogre\n|-damage|p2a: Kyogre|24/100\n|move|p2a: Kyogre|Hydro Pump|p1b: Koraidon\n|-resisted|p1b: Koraidon\n|-damage|p1b: Koraidon|7/100\n|\n|-weather|RainDance|[upkeep]\n|upkeep\n|turn|8\n|c|\u2606angrybook|gg\n|-message|angrybook forfeited.\n|\n|win|MadMozzy\n|raw|angrybook's rating: 1643 &rarr; <strong>1612</strong><br />(-31 for losing)\n|raw|MadMozzy's rating: 1440 &rarr; <strong>1471</strong><br />(+31 for winning)\n|l|\u2606angrybook\n|player|p1|\n|l|\u2606MadMozzy\n|player|p2|\n","uploadtime":1776535992,"views":11,"formatid":"gen9vgc2026regi","rating":1471,"private":0,"password":null}