{"id":"gen9vgc2026regi-2561675631","format":"[Gen 9] VGC 2026 Reg I","players":["CHR1SPHX","ninjafrog666"],"log":"|j|\u2606CHR1SPHX\n|j|\u2606ninjafrog666\n|t:|1773831380\n|gametype|doubles\n|player|p1|CHR1SPHX|hilbert|1314\n|player|p2|ninjafrog666|266|1313\n|gen|9\n|tier|[Gen 9] VGC 2026 Reg I\n|rated|\n|rule|Species Clause: Limit one of each Pok\u00e9mon\n|rule|Item Clause: Limit 1 of each item\n|clearpoke\n|poke|p1|Flutter Mane, L50|\n|poke|p1|Incineroar, L50, M|\n|poke|p1|Ursaluna-Bloodmoon, L50, M|\n|poke|p1|Amoonguss, L50, M|\n|poke|p1|Koraidon, L50|\n|poke|p1|Lunala, L50|\n|poke|p2|Zamazenta-*, L50|\n|poke|p2|Calyrex-Shadow, L50|\n|poke|p2|Raging Bolt, L50|\n|poke|p2|Indeedee-F, L50, F|\n|poke|p2|Ursaluna, L50, M|\n|poke|p2|Volcarona, L50, F|\n|teampreview|4\n|\n|t:|1773831396\n|teamsize|p1|4\n|teamsize|p2|4\n|start\n|switch|p1a: Ursaluna|Ursaluna-Bloodmoon, L50, M|100/100\n|switch|p1b: Lunala|Lunala, L50, shiny|100/100\n|switch|p2a: Calyrex|Calyrex-Shadow, L50|100/100\n|switch|p2b: Volcarona|Volcarona, L50, F|100/100\n|-ability|p2a: Calyrex|As One\n|-ability|p2a: Calyrex|Unnerve\n|turn|1\n|inactive|Battle timer is ON: inactive players will automatically lose when time's up. (requested by ninjafrog666)\n|\n|t:|1773831426\n|-terastallize|p1b: Lunala|Fairy\n|move|p2b: Volcarona|Rage Powder|p2b: Volcarona\n|-singleturn|p2b: Volcarona|move: Rage Powder\n|move|p2a: Calyrex|Nasty Plot|p2a: Calyrex\n|-boost|p2a: Calyrex|spa|2\n|move|p1a: Ursaluna|Earth Power|p2b: Volcarona\n|-damage|p2b: Volcarona|39/100\n|-damage|p1a: Ursaluna|91/100|[from] item: Life Orb\n|move|p1b: Lunala|Trick Room|p1b: Lunala\n|-fieldstart|move: Trick Room|[of] p1b: Lunala\n|\n|-heal|p2b: Volcarona|45/100|[from] item: Leftovers\n|upkeep\n|turn|2\n|\n|t:|1773831454\n|-terastallize|p2a: Calyrex|Fairy\n|move|p2b: Volcarona|Rage Powder|p2b: Volcarona\n|-singleturn|p2b: Volcarona|move: Rage Powder\n|move|p1a: Ursaluna|Earth Power|p2b: Volcarona\n|-damage|p2b: Volcarona|0 fnt\n|faint|p2b: Volcarona\n|-damage|p1a: Ursaluna|81/100|[from] item: Life Orb\n|move|p1b: Lunala|Moongeist Beam|p2a: Calyrex\n|-damage|p2a: Calyrex|49/100\n|move|p2a: Calyrex|Draining Kiss|p1a: Ursaluna\n|-damage|p1a: Ursaluna|0 fnt\n|-heal|p2a: Calyrex|100/100|[from] drain|[of] p1a: Ursaluna\n|faint|p1a: Ursaluna\n|-ability|p2a: Calyrex|Grim Neigh|boost\n|-boost|p2a: Calyrex|spa|1\n|-damage|p2a: Calyrex|91/100|[from] item: Life Orb\n|\n|upkeep\n|\n|t:|1773831473\n|switch|p1a: Amoonguss|Amoonguss, L50, M, shiny|100/100\n|switch|p2b: Indeedee|Indeedee-F, L50, F|100/100\n|-fieldstart|move: Psychic Terrain|[from] ability: Psychic Surge|[of] p2b: Indeedee\n|turn|3\n|\n|t:|1773831483\n|move|p1b: Lunala|Wide Guard|p1b: Lunala\n|-singleturn|p1b: Lunala|Wide Guard\n|move|p2b: Indeedee|Follow Me|p2b: Indeedee\n|-singleturn|p2b: Indeedee|move: Follow Me\n|move|p1a: Amoonguss|Spore|p2b: Indeedee\n|-activate|p2b: Indeedee|item: Safety Goggles|Spore\n|move|p2a: Calyrex|Astral Barrage|p1a: Amoonguss|[spread] \n|-activate|p1a: Amoonguss|move: Wide Guard\n|-activate|p1b: Lunala|move: Wide Guard\n|\n|upkeep\n|turn|4\n|\n|t:|1773831498\n|move|p1b: Lunala|Wide Guard|p1b: Lunala\n|-singleturn|p1b: Lunala|Wide Guard\n|move|p2b: Indeedee|Follow Me|p2b: Indeedee\n|-singleturn|p2b: Indeedee|move: Follow Me\n|move|p1a: Amoonguss|Sludge Bomb|p2b: Indeedee\n|-damage|p2b: Indeedee|73/100\n|move|p2a: Calyrex|Draining Kiss|p1b: Lunala\n|-damage|p1b: Lunala|61/100\n|-heal|p2a: Calyrex|100/100|[from] drain|[of] p1b: Lunala\n|-damage|p2a: Calyrex|91/100|[from] item: Life Orb\n|\n|upkeep\n|turn|5\n|\n|t:|1773831516\n|move|p2b: Indeedee|Follow Me|p2b: Indeedee\n|-singleturn|p2b: Indeedee|move: Follow Me\n|move|p1a: Amoonguss|Pollen Puff|p2b: Indeedee\n|-supereffective|p2b: Indeedee\n|-damage|p2b: Indeedee|41/100\n|move|p1b: Lunala|Moonblast|p2b: Indeedee\n|-damage|p2b: Indeedee|0 fnt\n|faint|p2b: Indeedee\n|move|p2a: Calyrex|Draining Kiss|p1b: Lunala\n|-damage|p1b: Lunala|0 fnt\n|-heal|p2a: Calyrex|100/100|[from] drain|[of] p1b: Lunala\n|faint|p1b: Lunala\n|-ability|p2a: Calyrex|Grim Neigh|boost\n|-boost|p2a: Calyrex|spa|1\n|-damage|p2a: Calyrex|91/100|[from] item: Life Orb\n|\n|-fieldend|move: Trick Room\n|upkeep\n|\n|t:|1773831531\n|switch|p1b: Incineroar|Incineroar, L50, M|100/100\n|switch|p2b: Zamazenta|Zamazenta-Crowned, L50|100/100\n|-ability|p2b: Zamazenta|Dauntless Shield|boost\n|-boost|p2b: Zamazenta|def|1\n|-ability|p1b: Incineroar|Intimidate|boost\n|-unboost|p2a: Calyrex|atk|1\n|-unboost|p2b: Zamazenta|atk|1\n|turn|6\n|\n|t:|1773831549\n|move|p2a: Calyrex|Protect|p2a: Calyrex\n|-singleturn|p2a: Calyrex|Protect\n|move|p2b: Zamazenta|Body Press|p1b: Incineroar\n|-supereffective|p1b: Incineroar\n|-damage|p1b: Incineroar|0 fnt\n|faint|p1b: Incineroar\n|move|p1a: Amoonguss|Spore|p2a: Calyrex\n|-activate|p2a: Calyrex|move: Protect\n|\n|upkeep\n|turn|7\n|-message|CHR1SPHX forfeited.\n|\n|win|ninjafrog666\n|raw|CHR1SPHX's rating: 1314 &rarr; <strong>1294</strong><br />(-20 for losing)\n|raw|ninjafrog666's rating: 1313 &rarr; <strong>1333</strong><br />(+20 for winning)\n|l|\u2606CHR1SPHX\n|player|p1|\n|l|\u2606ninjafrog666\n|player|p2|\n","uploadtime":1773831756,"views":10,"formatid":"gen9vgc2026regi","rating":1294,"private":0,"password":null}