{"id":"gen9vgc2026regi-2590841271","format":"[Gen 9] VGC 2026 Reg I","players":["pupparelli","testhan92"],"log":"|j|\u2606pupparelli\n|j|\u2606testhan92\n|t:|1776853697\n|gametype|doubles\n|player|p1|pupparelli|unknown|1376\n|player|p2|testhan92|102|1540\n|gen|9\n|tier|[Gen 9] VGC 2026 Reg I\n|rated|\n|rule|Species Clause: Limit one of each Pok\u00e9mon\n|rule|Item Clause: Limit 1 of each item\n|clearpoke\n|poke|p1|Brute Bonnet, L50|\n|poke|p1|Lunala, L50|\n|poke|p1|Ursaluna, L50, M|\n|poke|p1|Chi-Yu, L50|\n|poke|p1|Koraidon, L50|\n|poke|p1|Flutter Mane, L50|\n|poke|p2|Koraidon, L50|\n|poke|p2|Calyrex-Ice, L50|\n|poke|p2|Rillaboom, L50, F|\n|poke|p2|Incineroar, L50, M|\n|poke|p2|Smeargle, L50, F|\n|poke|p2|Landorus, L50, M|\n|teampreview|4\n|inactive|Battle timer is ON: inactive players will automatically lose when time's up. (requested by pupparelli)\n|inactive|testhan92 has 60 seconds left.\n|\n|t:|1776853742\n|teamsize|p1|4\n|teamsize|p2|4\n|start\n|switch|p1a: Lunala|Lunala, L50|100/100\n|switch|p1b: Ursaluna|Ursaluna, L50, M|100/100\n|switch|p2a: Koraidon|Koraidon, L50|100/100\n|switch|p2b: Incineroar|Incineroar, L50, M|100/100\n|-weather|SunnyDay|[from] ability: Orichalcum Pulse|[of] p2a: Koraidon\n|-activate|p2a: Koraidon|Orichalcum Pulse|[source]\n|-ability|p2b: Incineroar|Intimidate|boost\n|-unboost|p1a: Lunala|atk|1\n|-unboost|p1b: Ursaluna|atk|1\n|turn|1\n|\n|t:|1776853762\n|-terastallize|p1a: Lunala|Water\n|move|p1b: Ursaluna|Protect|p1b: Ursaluna\n|-singleturn|p1b: Ursaluna|Protect\n|move|p2a: Koraidon|Flare Blitz|p1a: Lunala\n|-resisted|p1a: Lunala\n|-damage|p1a: Lunala|80/100\n|-damage|p2a: Koraidon|92/100|[from] Recoil\n|move|p2b: Incineroar|Knock Off|p1a: Lunala\n|-damage|p1a: Lunala|52/100\n|-enditem|p1a: Lunala|Power Herb|[from] move: Knock Off|[of] p2b: Incineroar\n|move|p1a: Lunala|Trick Room|p1a: Lunala\n|-fieldstart|move: Trick Room|[of] p1a: Lunala\n|\n|-weather|SunnyDay|[upkeep]\n|-status|p1b: Ursaluna|brn|[from] item: Flame Orb\n|upkeep\n|turn|2\n|\n|t:|1776853780\n|move|p2a: Koraidon|Protect|p2a: Koraidon\n|-singleturn|p2a: Koraidon|Protect\n|move|p1a: Lunala|Wide Guard|p1a: Lunala\n|-singleturn|p1a: Lunala|Wide Guard\n|move|p1b: Ursaluna|Earthquake|p2a: Koraidon|[spread] p2b\n|-activate|p1a: Lunala|move: Wide Guard\n|-activate|p2a: Koraidon|move: Protect\n|-supereffective|p2b: Incineroar\n|-damage|p2b: Incineroar|37/100\n|move|p2b: Incineroar|Parting Shot|p1b: Ursaluna\n|-unboost|p1b: Ursaluna|atk|1\n|-unboost|p1b: Ursaluna|spa|1\n|\n|t:|1776853793\n|switch|p2b: Rillaboom|Rillaboom, L50, F|100/100|[from] Parting Shot\n|-fieldstart|move: Grassy Terrain|[from] ability: Grassy Surge|[of] p2b: Rillaboom\n|\n|-weather|SunnyDay|[upkeep]\n|-heal|p1a: Lunala|58/100|[from] Grassy Terrain\n|-heal|p2a: Koraidon|98/100|[from] Grassy Terrain\n|-damage|p1b: Ursaluna|95/100 brn|[from] brn\n|upkeep\n|turn|3\n|\n|t:|1776853810\n|move|p1b: Ursaluna|Protect|p1b: Ursaluna\n|-singleturn|p1b: Ursaluna|Protect\n|move|p1a: Lunala|Meteor Beam||[still]\n|-prepare|p1a: Lunala|Meteor Beam\n|-boost|p1a: Lunala|spa|1\n|move|p2b: Rillaboom|Wood Hammer|p1a: Lunala\n|-supereffective|p1a: Lunala\n|-damage|p1a: Lunala|0 fnt\n|faint|p1a: Lunala\n|-damage|p2b: Rillaboom|77/100|[from] Recoil\n|move|p2a: Koraidon|Low Kick|p1b: Ursaluna\n|-activate|p1b: Ursaluna|move: Protect\n|\n|-weather|SunnyDay|[upkeep]\n|-heal|p1b: Ursaluna|100/100 brn|[from] Grassy Terrain\n|-heal|p2b: Rillaboom|83/100|[from] Grassy Terrain\n|-heal|p2a: Koraidon|100/100|[from] Grassy Terrain\n|-damage|p1b: Ursaluna|95/100 brn|[from] brn\n|upkeep\n|\n|t:|1776853820\n|switch|p1a: Brute Bonnet|Brute Bonnet, L50|100/100\n|-activate|p1a: Brute Bonnet|ability: Protosynthesis\n|-start|p1a: Brute Bonnet|protosynthesisdef\n|turn|4\n|\n|t:|1776853840\n|switch|p2a: Incineroar|Incineroar, L50, M|37/100\n|-ability|p2a: Incineroar|Intimidate|boost\n|-unboost|p1a: Brute Bonnet|atk|1\n|-unboost|p1b: Ursaluna|atk|1\n|move|p1a: Brute Bonnet|Rage Powder|p1a: Brute Bonnet\n|-singleturn|p1a: Brute Bonnet|move: Rage Powder\n|move|p1b: Ursaluna|Facade|p2a: Incineroar\n|-damage|p2a: Incineroar|0 fnt\n|faint|p2a: Incineroar\n|move|p2b: Rillaboom|Wood Hammer|p1b: Ursaluna\n|-supereffective|p1b: Ursaluna\n|-damage|p1b: Ursaluna|0 fnt\n|faint|p1b: Ursaluna\n|-damage|p2b: Rillaboom|45/100|[from] Recoil\n|\n|-weather|SunnyDay|[upkeep]\n|-heal|p2b: Rillaboom|51/100|[from] Grassy Terrain\n|upkeep\n|\n|t:|1776853863\n|switch|p1b: Koraidon|Koraidon, L50, shiny|100/100\n|switch|p2a: Calyrex|Calyrex-Ice, L50|100/100\n|-ability|p2a: Calyrex|As One\n|-ability|p2a: Calyrex|Unnerve\n|-activate|p1b: Koraidon|ability: Orichalcum Pulse\n|turn|5\n|\n|t:|1776853878\n|move|p2a: Calyrex|Protect|p2a: Calyrex\n|-singleturn|p2a: Calyrex|Protect\n|move|p1a: Brute Bonnet|Sucker Punch||[still]\n|-fail|p1a: Brute Bonnet\n|move|p2b: Rillaboom|U-turn|p1a: Brute Bonnet\n|-supereffective|p1a: Brute Bonnet\n|-damage|p1a: Brute Bonnet|60/100\n|\n|t:|1776853885\n|switch|p2b: Koraidon|Koraidon, L50|100/100|[from] U-turn\n|-activate|p2b: Koraidon|ability: Orichalcum Pulse\n|move|p1b: Koraidon|Flame Charge|p2b: Koraidon\n|-resisted|p2b: Koraidon\n|-crit|p2b: Koraidon\n|-damage|p2b: Koraidon|75/100\n|-boost|p1b: Koraidon|spe|1\n|-damage|p1b: Koraidon|91/100|[from] item: Life Orb\n|\n|-weather|none\n|-end|p1a: Brute Bonnet|Protosynthesis\n|-heal|p1a: Brute Bonnet|65/100|[from] Grassy Terrain\n|-heal|p2b: Koraidon|81/100|[from] Grassy Terrain\n|-heal|p1b: Koraidon|97/100|[from] Grassy Terrain\n|-fieldend|move: Trick Room\n|upkeep\n|turn|6\n|\n|t:|1776853906\n|-terastallize|p2a: Calyrex|Fairy\n|move|p1a: Brute Bonnet|Sucker Punch|p2a: Calyrex\n|-resisted|p2a: Calyrex\n|-damage|p2a: Calyrex|94/100\n|move|p1b: Koraidon|Flame Charge|p2a: Calyrex\n|-damage|p2a: Calyrex|78/100\n|-boost|p1b: Koraidon|spe|1\n|-damage|p1b: Koraidon|87/100|[from] item: Life Orb\n|move|p2b: Koraidon|Flare Blitz|p1a: Brute Bonnet\n|-supereffective|p1a: Brute Bonnet\n|-damage|p1a: Brute Bonnet|7/100\n|-damage|p2b: Koraidon|60/100|[from] Recoil\n|move|p2a: Calyrex|Glacial Lance|p1a: Brute Bonnet|[spread] p1a,p1b\n|-supereffective|p1a: Brute Bonnet\n|-supereffective|p1b: Koraidon\n|-damage|p1a: Brute Bonnet|0 fnt\n|-damage|p1b: Koraidon|0 fnt\n|faint|p1a: Brute Bonnet\n|-end|p1a: Brute Bonnet|Protosynthesis|[silent]\n|faint|p1b: Koraidon\n|\n|win|testhan92\n|raw|pupparelli's rating: 1376 &rarr; <strong>1365</strong><br />(-11 for losing)\n|raw|testhan92's rating: 1540 &rarr; <strong>1551</strong><br />(+11 for winning)\n|l|\u2606pupparelli\n|player|p1|\n","uploadtime":1776853936,"views":21,"formatid":"gen9vgc2026regi","rating":1365,"private":0,"password":null}