{"id":"gen9vgc2026regi-2569058735","format":"[Gen 9] VGC 2026 Reg I","players":["furretusedpunch","sunny_zong2"],"log":"|j|\u2606furretusedpunch\n|j|\u2606sunny_zong2\n|t:|1774644964\n|gametype|doubles\n|player|p1|furretusedpunch|2|1334\n|player|p2|sunny_zong2|265|1336\n|gen|9\n|tier|[Gen 9] VGC 2026 Reg I\n|rated|\n|rule|Species Clause: Limit one of each Pok\u00e9mon\n|rule|Item Clause: Limit 1 of each item\n|clearpoke\n|poke|p1|Zamazenta-*, L50|\n|poke|p1|Calyrex-Shadow, L50|\n|poke|p1|Raging Bolt, L50|\n|poke|p1|Amoonguss, L50, M|\n|poke|p1|Dragonite, L50, M|\n|poke|p1|Chien-Pao, L50|\n|poke|p2|Glimmora, L50, M|\n|poke|p2|Eternatus, L50|\n|poke|p2|Miraidon, L50|\n|poke|p2|Thundurus, L50, M|\n|poke|p2|Zapdos, L50|\n|poke|p2|Grimmsnarl, L50, M|\n|teampreview|4\n|inactive|Battle timer is ON: inactive players will automatically lose when time's up. (requested by sunny_zong2)\n|inactive|furretusedpunch has 60 seconds left.\n|inactive|sunny_zong2 has 60 seconds left.\n|\n|t:|1774645024\n|teamsize|p1|4\n|teamsize|p2|4\n|start\n|switch|p1a: Calyrex|Calyrex-Shadow, L50|100/100\n|switch|p1b: Chien-Pao|Chien-Pao, L50|100/100\n|switch|p2a: Grimmsnarl|Grimmsnarl, L50, M|100/100\n|switch|p2b: Miraidon|Miraidon, L50|100/100\n|-ability|p1a: Calyrex|As One\n|-ability|p1a: Calyrex|Unnerve\n|-fieldstart|move: Electric Terrain|[from] ability: Hadron Engine|[of] p2b: Miraidon\n|-ability|p1b: Chien-Pao|Sword of Ruin\n|turn|1\n|inactive|sunny_zong2 has 30 seconds left.\n|\n|t:|1774645051\n|-terastallize|p2b: Miraidon|Dark\n|move|p2a: Grimmsnarl|Reflect|p2a: Grimmsnarl\n|-sidestart|p2: sunny_zong2|Reflect\n|move|p1a: Calyrex|Astral Barrage|p2b: Miraidon|[spread] p2a,p2b\n|-resisted|p2a: Grimmsnarl\n|-resisted|p2b: Miraidon\n|-damage|p2a: Grimmsnarl|80/100\n|-damage|p2b: Miraidon|76/100\n|move|p2b: Miraidon|Snarl|p1a: Calyrex|[spread] p1a,p1b\n|-supereffective|p1a: Calyrex\n|-resisted|p1b: Chien-Pao\n|-enditem|p1a: Calyrex|Focus Sash\n|-damage|p1a: Calyrex|1/100\n|-damage|p1b: Chien-Pao|81/100\n|-unboost|p1a: Calyrex|spa|1\n|-unboost|p1b: Chien-Pao|spa|1\n|move|p1b: Chien-Pao|Ice Spinner|p2b: Miraidon\n|-damage|p2b: Miraidon|42/100\n|-fieldend|move: Electric Terrain\n|\n|upkeep\n|turn|2\n|inactive|furretusedpunch has 30 seconds left.\n|\n|t:|1774645083\n|switch|p1a: Zamazenta|Zamazenta-Crowned, L50|100/100\n|-ability|p1a: Zamazenta|Dauntless Shield|boost\n|-boost|p1a: Zamazenta|def|1\n|switch|p2b: Eternatus|Eternatus, L50|100/100\n|-ability|p2b: Eternatus|Pressure\n|move|p2a: Grimmsnarl|Light Screen|p2a: Grimmsnarl\n|-sidestart|p2: sunny_zong2|move: Light Screen\n|move|p1b: Chien-Pao|Icy Wind|p2a: Grimmsnarl|[spread] p2a,p2b\n|-supereffective|p2b: Eternatus\n|-damage|p2a: Grimmsnarl|75/100\n|-damage|p2b: Eternatus|94/100\n|-unboost|p2a: Grimmsnarl|spe|1\n|-unboost|p2b: Eternatus|spe|1\n|\n|-heal|p2b: Eternatus|99/100|[from] item: Leftovers\n|upkeep\n|turn|3\n|inactive|furretusedpunch has 30 seconds left.\n|\n|t:|1774645111\n|move|p2a: Grimmsnarl|Thunder Wave|p1a: Zamazenta\n|-status|p1a: Zamazenta|par\n|move|p1b: Chien-Pao|Ice Spinner|p2b: Eternatus\n|-supereffective|p2b: Eternatus\n|-damage|p2b: Eternatus|61/100\n|move|p2b: Eternatus|Cosmic Power|p2b: Eternatus\n|-boost|p2b: Eternatus|def|1\n|-boost|p2b: Eternatus|spd|1\n|move|p1a: Zamazenta|Heavy Slam|p2a: Grimmsnarl\n|-supereffective|p2a: Grimmsnarl\n|-damage|p2a: Grimmsnarl|0 fnt\n|faint|p2a: Grimmsnarl\n|\n|-heal|p2b: Eternatus|67/100|[from] item: Leftovers\n|upkeep\n|\n|t:|1774645122\n|switch|p2a: Miraidon|Miraidon, L50, tera:Dark|42/100\n|-fieldstart|move: Electric Terrain|[from] ability: Hadron Engine|[of] p2a: Miraidon\n|turn|4\n|\n|t:|1774645146\n|move|p1b: Chien-Pao|Icy Wind|p2b: Eternatus|[spread] p2a,p2b\n|-supereffective|p2b: Eternatus\n|-damage|p2a: Miraidon|37/100\n|-damage|p2b: Eternatus|62/100\n|-unboost|p2a: Miraidon|spe|1\n|-unboost|p2b: Eternatus|spe|1\n|move|p2a: Miraidon|Electro Drift|p1b: Chien-Pao\n|-damage|p1b: Chien-Pao|0 fnt\n|faint|p1b: Chien-Pao\n|move|p2b: Eternatus|Cosmic Power|p2b: Eternatus\n|-boost|p2b: Eternatus|def|1\n|-boost|p2b: Eternatus|spd|1\n|cant|p1a: Zamazenta|par\n|\n|-heal|p2b: Eternatus|68/100|[from] item: Leftovers\n|upkeep\n|\n|t:|1774645158\n|switch|p1b: Calyrex|Calyrex-Shadow, L50|1/100\n|-ability|p1b: Calyrex|As One\n|-ability|p1b: Calyrex|Unnerve\n|turn|5\n|\n|t:|1774645169\n|-terastallize|p1a: Zamazenta|Dragon\n|move|p1b: Calyrex|Encore|p2b: Eternatus\n|-start|p2b: Eternatus|Encore\n|move|p2a: Miraidon|Electro Drift|p1b: Calyrex\n|-damage|p1b: Calyrex|0 fnt\n|faint|p1b: Calyrex\n|move|p2b: Eternatus|Cosmic Power|p2b: Eternatus\n|-boost|p2b: Eternatus|def|1\n|-boost|p2b: Eternatus|spd|1\n|move|p1a: Zamazenta|Body Press|p2a: Miraidon\n|-supereffective|p2a: Miraidon\n|-damage|p2a: Miraidon|0 fnt\n|faint|p2a: Miraidon\n|\n|-heal|p2b: Eternatus|74/100|[from] item: Leftovers\n|upkeep\n|\n|t:|1774645175\n|switch|p1b: Dragonite|Dragonite, L50, M|100/100\n|switch|p2a: Thundurus|Thundurus, L50, M|100/100\n|turn|6\n|\n|t:|1774645191\n|move|p2a: Thundurus|Thunder Wave|p1b: Dragonite\n|-status|p1b: Dragonite|par\n|cant|p1a: Zamazenta|par\n|move|p2b: Eternatus|Cosmic Power|p2b: Eternatus\n|-boost|p2b: Eternatus|def|1\n|-boost|p2b: Eternatus|spd|1\n|move|p1b: Dragonite|Outrage|p2b: Eternatus\n|-supereffective|p2b: Eternatus\n|-damage|p2b: Eternatus|40/100\n|\n|-heal|p2b: Eternatus|46/100|[from] item: Leftovers\n|upkeep\n|turn|7\n|\n|t:|1774645200\n|move|p2a: Thundurus|Wildbolt Storm|p1b: Dragonite|[spread] p1a,p1b\n|-resisted|p1a: Zamazenta\n|-damage|p1a: Zamazenta|88/100 par\n|-damage|p1b: Dragonite|67/100 par\n|move|p2b: Eternatus|Cosmic Power|p2b: Eternatus\n|-boost|p2b: Eternatus|def|1\n|-boost|p2b: Eternatus|spd|1\n|cant|p1a: Zamazenta|par\n|move|p1b: Dragonite|Outrage|p2b: Eternatus|[from] lockedmove\n|-supereffective|p2b: Eternatus\n|-damage|p2b: Eternatus|22/100\n|-start|p1b: Dragonite|confusion|[fatigue]\n|\n|-heal|p2b: Eternatus|28/100|[from] item: Leftovers\n|-end|p2b: Eternatus|Encore\n|upkeep\n|turn|8\n|\n|t:|1774645220\n|move|p2a: Thundurus|Wildbolt Storm|p1b: Dragonite|[spread] p1a\n|-miss|p2a: Thundurus|p1b: Dragonite\n|-resisted|p1a: Zamazenta\n|-damage|p1a: Zamazenta|76/100 par\n|move|p1a: Zamazenta|Body Press|p2b: Eternatus\n|-resisted|p2b: Eternatus\n|-damage|p2b: Eternatus|23/100\n|move|p2b: Eternatus|Recover|p2b: Eternatus\n|-heal|p2b: Eternatus|73/100\n|-activate|p1b: Dragonite|confusion\n|-damage|p1b: Dragonite|53/100 par|[from] confusion\n|\n|-heal|p2b: Eternatus|79/100|[from] item: Leftovers\n|-sideend|p2: sunny_zong2|Reflect\n|-fieldend|move: Electric Terrain\n|upkeep\n|turn|9\n|\n|t:|1774645236\n|move|p2a: Thundurus|Wildbolt Storm|p1b: Dragonite|[spread] p1a,p1b\n|-resisted|p1a: Zamazenta\n|-damage|p1a: Zamazenta|64/100 par\n|-damage|p1b: Dragonite|20/100 par\n|move|p2b: Eternatus|Sludge Bomb|p1b: Dragonite\n|-damage|p1b: Dragonite|0 fnt\n|faint|p1b: Dragonite\n|move|p1a: Zamazenta|Body Press|p2a: Thundurus\n|-resisted|p2a: Thundurus\n|-damage|p2a: Thundurus|43/100\n|\n|-heal|p2b: Eternatus|86/100|[from] item: Leftovers\n|-sideend|p2: sunny_zong2|move: Light Screen\n|upkeep\n|turn|10\n|\n|t:|1774645244\n|move|p2a: Thundurus|Wildbolt Storm|p1a: Zamazenta\n|-resisted|p1a: Zamazenta\n|-damage|p1a: Zamazenta|49/100 par\n|move|p1a: Zamazenta|Body Press|p2a: Thundurus\n|-resisted|p2a: Thundurus\n|-damage|p2a: Thundurus|0 fnt\n|faint|p2a: Thundurus\n|move|p2b: Eternatus|Sludge Bomb|p1a: Zamazenta\n|-damage|p1a: Zamazenta|17/100 par\n|\n|-heal|p2b: Eternatus|92/100|[from] item: Leftovers\n|upkeep\n|turn|11\n|\n|t:|1774645252\n|move|p2b: Eternatus|Sludge Bomb|p1a: Zamazenta\n|-damage|p1a: Zamazenta|0 fnt\n|faint|p1a: Zamazenta\n|\n|win|sunny_zong2\n|raw|furretusedpunch's rating: 1334 &rarr; <strong>1314</strong><br />(-20 for losing)\n|raw|sunny_zong2's rating: 1336 &rarr; <strong>1356</strong><br />(+20 for winning)\n","uploadtime":1774645252,"views":11,"formatid":"gen9vgc2026regi","rating":1314,"private":0,"password":null}