{"id":"gen9vgc2026regi-2560225701","format":"[Gen 9] VGC 2026 Reg I","players":["sujisuji","Highkage2"],"log":"|j|\u2606sujisuji\n|j|\u203dHighkage2\n|t:|1773668183\n|gametype|doubles\n|player|p1|sujisuji|eusine|1292\n|player|p2|Highkage2|doubleteam|1359\n|gen|9\n|tier|[Gen 9] VGC 2026 Reg I\n|rated|\n|rule|Species Clause: Limit one of each Pok\u00e9mon\n|rule|Item Clause: Limit 1 of each item\n|clearpoke\n|poke|p1|Sableye, L50, F|\n|poke|p1|Calyrex-Shadow, L50|\n|poke|p1|Snorlax, L50, M|\n|poke|p1|Kyogre, L50|\n|poke|p1|Annihilape, L50, F|\n|poke|p1|Ting-Lu, L50|\n|poke|p2|Incineroar, L50, M|\n|poke|p2|Landorus, L50, M|\n|poke|p2|Calyrex-Ice, L50|\n|poke|p2|Miraidon, L50|\n|poke|p2|Farigiraf, L50, M|\n|poke|p2|Urshifu-*, L50, F|\n|teampreview|4\n|inactive|Battle timer is ON: inactive players will automatically lose when time's up. (requested by sujisuji)\nsujisuji rejected open team sheets.\n|inactive|sujisuji has 60 seconds left.\n|inactive|Highkage2 has 60 seconds left.\n|\n|t:|1773668239\n|teamsize|p1|4\n|teamsize|p2|4\n|start\n|switch|p1a: Annihilape|Annihilape, L50, F|100/100\n|switch|p1b: Calyrex|Calyrex-Shadow, L50|100/100\n|switch|p2a: Miraidon|Miraidon, L50|100/100\n|switch|p2b: Farigiraf|Farigiraf, L50, M|100/100\n|-ability|p1b: Calyrex|As One\n|-ability|p1b: Calyrex|Unnerve\n|-fieldstart|move: Electric Terrain|[from] ability: Hadron Engine|[of] p2a: Miraidon\n|-enditem|p2b: Farigiraf|Electric Seed\n|-boost|p2b: Farigiraf|def|1|[from] item: Electric Seed\n|turn|1\n|\n|t:|1773668253\n|switch|p2a: Incineroar|Incineroar, L50, M|100/100\n|-ability|p2a: Incineroar|Intimidate|boost\n|-unboost|p1a: Annihilape|atk|1\n|-ability|p1a: Annihilape|Defiant|boost\n|-boost|p1a: Annihilape|atk|2\n|-unboost|p1b: Calyrex|atk|1\n|move|p1b: Calyrex|Protect|p1b: Calyrex\n|-singleturn|p1b: Calyrex|Protect\n|move|p1a: Annihilape|Drain Punch|p2a: Incineroar\n|-supereffective|p2a: Incineroar\n|-damage|p2a: Incineroar|14/100\n|move|p2b: Farigiraf|Trick Room|p2b: Farigiraf\n|-fieldstart|move: Trick Room|[of] p2b: Farigiraf\n|\n|upkeep\n|turn|2\n|inactive|sujisuji has 30 seconds left.\n|inactive|sujisuji has 20 seconds left.\n|inactive|sujisuji has 15 seconds left.\n|\n|t:|1773668296\n|switch|p1b: Kyogre|Kyogre, L50|100/100\n|-weather|RainDance|[from] ability: Drizzle|[of] p1b: Kyogre\n|move|p2a: Incineroar|Knock Off|p1a: Annihilape\n|-damage|p1a: Annihilape|65/100\n|-enditem|p1a: Annihilape|Assault Vest|[from] move: Knock Off|[of] p2a: Incineroar\n|move|p2b: Farigiraf|Psychic|p1a: Annihilape\n|-supereffective|p1a: Annihilape\n|-damage|p1a: Annihilape|9/100\n|move|p1a: Annihilape|Drain Punch|p2a: Incineroar\n|-supereffective|p2a: Incineroar\n|-damage|p2a: Incineroar|0 fnt\n|-heal|p1a: Annihilape|16/100|[from] drain|[of] p2a: Incineroar\n|faint|p2a: Incineroar\n|\n|-weather|RainDance|[upkeep]\n|upkeep\n|\n|t:|1773668310\n|switch|p2a: Calyrex|Calyrex-Ice, L50|100/100\n|-ability|p2a: Calyrex|As One\n|-ability|p2a: Calyrex|Unnerve\n|turn|3\n|\n|t:|1773668327\n|-terastallize|p2b: Farigiraf|Water\n|move|p2a: Calyrex|Leech Seed|p1b: Kyogre\n|-start|p1b: Kyogre|move: Leech Seed\n|move|p2b: Farigiraf|Psychic|p1a: Annihilape\n|-supereffective|p1a: Annihilape\n|-damage|p1a: Annihilape|0 fnt\n|faint|p1a: Annihilape\n|move|p1b: Kyogre|Origin Pulse|p2a: Calyrex|[spread] p2a,p2b\n|-resisted|p2b: Farigiraf\n|-damage|p2a: Calyrex|56/100\n|-damage|p2b: Farigiraf|70/100\n|\n|-weather|RainDance|[upkeep]\n|-heal|p2a: Calyrex|61/100|[from] item: Leftovers\n|-damage|p1b: Kyogre|88/100|[from] Leech Seed|[of] p2a: Calyrex\n|-heal|p2a: Calyrex|73/100|[silent]\n|upkeep\n|\n|t:|1773668340\n|switch|p1a: Snorlax|Snorlax, L50, M|100/100\n|turn|4\n|\n|t:|1773668352\n|switch|p1b: Calyrex|Calyrex-Shadow, L50|100/100\n|-ability|p1b: Calyrex|As One\n|-ability|p1b: Calyrex|Unnerve\n|move|p1a: Snorlax|Yawn|p2b: Farigiraf\n|-activate|p2b: Farigiraf|move: Electric Terrain\n|move|p2a: Calyrex|Glacial Lance|p1b: Calyrex|[spread] p1a,p1b\n|-damage|p1a: Snorlax|75/100\n|-damage|p1b: Calyrex|35/100\n|move|p2b: Farigiraf|Foul Play|p1a: Snorlax\n|-damage|p1a: Snorlax|55/100\n|\n|-weather|RainDance|[upkeep]\n|-heal|p1a: Snorlax|61/100|[from] item: Leftovers\n|-heal|p2a: Calyrex|79/100|[from] item: Leftovers\n|upkeep\n|turn|5\n|inactive|sujisuji has 30 seconds left.\n|inactive|Highkage2 has 30 seconds left.\n|\n|t:|1773668381\n|move|p1b: Calyrex|Protect|p1b: Calyrex\n|-singleturn|p1b: Calyrex|Protect\n|move|p1a: Snorlax|Charm|p2a: Calyrex\n|-unboost|p2a: Calyrex|atk|2\n|move|p2a: Calyrex|Trick Room|p2a: Calyrex\n|-fieldend|move: Trick Room\n|move|p2b: Farigiraf|Trick Room|p2b: Farigiraf\n|-fieldstart|move: Trick Room|[of] p2b: Farigiraf\n|\n|-weather|RainDance|[upkeep]\n|-heal|p1a: Snorlax|67/100|[from] item: Leftovers\n|-heal|p2a: Calyrex|85/100|[from] item: Leftovers\n|-fieldend|move: Electric Terrain\n|upkeep\n|turn|6\n|inactive|sujisuji has 30 seconds left.\n|\n|t:|1773668407\n|switch|p1b: Kyogre|Kyogre, L50|88/100\n|move|p1a: Snorlax|Yawn|p2b: Farigiraf\n|-start|p2b: Farigiraf|move: Yawn|[of] p1a: Snorlax\n|move|p2a: Calyrex|Glacial Lance|p1a: Snorlax|[spread] p1a,p1b\n|-resisted|p1b: Kyogre\n|-damage|p1a: Snorlax|55/100\n|-damage|p1b: Kyogre|77/100\n|move|p2b: Farigiraf|Psychic|p1b: Kyogre\n|-damage|p1b: Kyogre|55/100\n|\n|-weather|none\n|-heal|p1a: Snorlax|61/100|[from] item: Leftovers\n|-heal|p2a: Calyrex|91/100|[from] item: Leftovers\n|upkeep\n|turn|7\n|inactive|sujisuji has 30 seconds left.\n|inactive|sujisuji has 20 seconds left.\n|inactive|sujisuji has 15 seconds left.\n|\n|t:|1773668448\n|switch|p2a: Miraidon|Miraidon, L50|100/100\n|-fieldstart|move: Electric Terrain|[from] ability: Hadron Engine|[of] p2a: Miraidon\n|move|p1a: Snorlax|Helping Hand|p1b: Kyogre\n|-singleturn|p1b: Kyogre|Helping Hand|[of] p1a: Snorlax\n|move|p2b: Farigiraf|Psychic|p1a: Snorlax\n|-damage|p1a: Snorlax|44/100\n|move|p1b: Kyogre|Origin Pulse|p2b: Farigiraf|[spread] p2b\n|-miss|p1b: Kyogre|p2a: Miraidon\n|-resisted|p2b: Farigiraf\n|-damage|p2b: Farigiraf|37/100\n|\n|-heal|p1a: Snorlax|50/100|[from] item: Leftovers\n|-end|p2b: Farigiraf|move: Yawn|[silent]\n|-activate|p2b: Farigiraf|move: Electric Terrain\n|upkeep\n|turn|8\n|inactive|sujisuji has 30 seconds left.\n|inactive|sujisuji has 20 seconds left.\n|inactive|sujisuji has 15 seconds left.\n|inactive|sujisuji has 10 seconds left.\n|\n|t:|1773668494\n|move|p1a: Snorlax|Helping Hand|p1b: Kyogre\n|-singleturn|p1b: Kyogre|Helping Hand|[of] p1a: Snorlax\n|move|p2b: Farigiraf|Psychic|p1a: Snorlax\n|-damage|p1a: Snorlax|36/100\n|move|p1b: Kyogre|Origin Pulse|p2a: Miraidon|[spread] p2a,p2b\n|-resisted|p2a: Miraidon\n|-resisted|p2b: Farigiraf\n|-damage|p2a: Miraidon|72/100\n|-damage|p2b: Farigiraf|8/100\n|move|p2a: Miraidon|Electro Drift|p1a: Snorlax\n|-damage|p1a: Snorlax|0 fnt\n|faint|p1a: Snorlax\n|\n|upkeep\n|\n|t:|1773668506\n|switch|p1a: Calyrex|Calyrex-Shadow, L50|35/100\n|-ability|p1a: Calyrex|As One\n|-ability|p1a: Calyrex|Unnerve\n|turn|9\n|\n|t:|1773668518\n|move|p1a: Calyrex|Protect|p1a: Calyrex\n|-singleturn|p1a: Calyrex|Protect\n|move|p2b: Farigiraf|Foul Play|p1a: Calyrex\n|-activate|p1a: Calyrex|move: Protect\n|move|p1b: Kyogre|Origin Pulse|p2b: Farigiraf|[spread] p2b\n|-miss|p1b: Kyogre|p2a: Miraidon\n|-resisted|p2b: Farigiraf\n|-damage|p2b: Farigiraf|0 fnt\n|faint|p2b: Farigiraf\n|move|p2a: Miraidon|Electro Drift|p1b: Kyogre\n|-supereffective|p1b: Kyogre\n|-damage|p1b: Kyogre|0 fnt\n|faint|p1b: Kyogre\n|\n|-fieldend|move: Trick Room\n|upkeep\n|\n|t:|1773668522\n|switch|p2b: Calyrex|Calyrex-Ice, L50|91/100\n|-ability|p2b: Calyrex|As One\n|-ability|p2b: Calyrex|Unnerve\n|turn|10\n|\n|t:|1773668539\n|move|p1a: Calyrex|Astral Barrage|p2b: Calyrex|[spread] p2a,p2b\n|-crit|p2a: Miraidon\n|-supereffective|p2b: Calyrex\n|-damage|p2a: Miraidon|0 fnt\n|-damage|p2b: Calyrex|11/100\n|faint|p2a: Miraidon\n|-ability|p1a: Calyrex|Grim Neigh|boost\n|-boost|p1a: Calyrex|spa|1\n|-damage|p1a: Calyrex|26/100|[from] item: Life Orb\n|move|p2b: Calyrex|Glacial Lance|p1a: Calyrex\n|-damage|p1a: Calyrex|0 fnt\n|faint|p1a: Calyrex\n|\n|win|Highkage2\n|raw|sujisuji's rating: 1292 &rarr; <strong>1272</strong><br />(-20 for losing)\n|raw|Highkage2's rating: 1359 &rarr; <strong>1375</strong><br />(+16 for winning)\n|c|\u2606sujisuji|\uff47\n|l|\u2606sujisuji\n|player|p1|\n","uploadtime":1773668721,"views":10,"formatid":"gen9vgc2026regi","rating":1272,"private":0,"password":null}