{"id":"gen9vgc2026regi-2559263353","format":"[Gen 9] VGC 2026 Reg I","players":["sheeshshane925","ashtonauts"],"log":"|j|\u2606sheeshshane925\n|j|\u2606ashtonauts\n|t:|1773539237\n|gametype|doubles\n|player|p1|sheeshshane925|crasherwake|1362\n|player|p2|ashtonauts|steven|1304\n|gen|9\n|tier|[Gen 9] VGC 2026 Reg I\n|rated|\n|rule|Species Clause: Limit one of each Pok\u00e9mon\n|rule|Item Clause: Limit 1 of each item\n|clearpoke\n|poke|p1|Calyrex-Ice, L50|\n|poke|p1|Miraidon, L50|\n|poke|p1|Farigiraf, L50, F|\n|poke|p1|Iron Hands, L50|\n|poke|p1|Scraggy, L50, M|\n|poke|p1|Iron Bundle, L50|\n|poke|p2|Calyrex-Shadow, L50|\n|poke|p2|Maushold-Four, L50|\n|poke|p2|Zacian-*, L50|\n|poke|p2|Indeedee-F, L50, F|\n|poke|p2|Armarouge, L50, F|\n|poke|p2|Flutter Mane, L50|\n|teampreview|4\nashtonauts has agreed to open team sheets.\n|inactive|Battle timer is ON: inactive players will automatically lose when time's up. (requested by sheeshshane925)\n|inactive|ashtonauts has 60 seconds left.\n|\n|t:|1773539285\n|teamsize|p1|4\n|teamsize|p2|4\n|start\n|switch|p1a: Miraidon|Miraidon, L50, shiny|100/100\n|switch|p1b: Iron Bundle|Iron Bundle, L50|100/100\n|switch|p2a: Zacian|Zacian-Crowned, L50|100/100\n|switch|p2b: Armarouge|Armarouge, L50, F|100/100\n|-ability|p2a: Zacian|Intrepid Sword|boost\n|-boost|p2a: Zacian|atk|1\n|-fieldstart|move: Electric Terrain|[from] ability: Hadron Engine|[of] p1a: Miraidon\n|-activate|p1b: Iron Bundle|ability: Quark Drive\n|-start|p1b: Iron Bundle|quarkdrivespe\n|turn|1\n|inactive|ashtonauts has 30 seconds left.\n|\n|t:|1773539312\n|move|p1b: Iron Bundle|Protect|p1b: Iron Bundle\n|-singleturn|p1b: Iron Bundle|Protect\n|move|p1a: Miraidon|Protect|p1a: Miraidon\n|-singleturn|p1a: Miraidon|Protect\n|move|p2b: Armarouge|Wide Guard|p2b: Armarouge\n|-singleturn|p2b: Armarouge|Wide Guard\n|move|p2a: Zacian|Play Rough|p1a: Miraidon\n|-activate|p1a: Miraidon|move: Protect\n|\n|upkeep\n|turn|2\n|\n|t:|1773539332\n|-terastallize|p1a: Miraidon|Fairy\n|move|p1b: Iron Bundle|Encore|p2b: Armarouge\n|-start|p2b: Armarouge|Encore\n|move|p2a: Zacian|Play Rough|p1a: Miraidon\n|-damage|p1a: Miraidon|25/100\n|move|p1a: Miraidon|Electro Drift|p2a: Zacian\n|-damage|p2a: Zacian|0 fnt\n|faint|p2a: Zacian\n|-damage|p1a: Miraidon|15/100|[from] item: Life Orb\n|move|p2b: Armarouge|Wide Guard||[still]\n|-fail|p2b: Armarouge\n|\n|upkeep\n|\n|t:|1773539346\n|switch|p2a: Flutter Mane|Flutter Mane, L50|100/100\n|-enditem|p2a: Flutter Mane|Booster Energy\n|-activate|p2a: Flutter Mane|ability: Protosynthesis|[fromitem]\n|-start|p2a: Flutter Mane|protosynthesisspe\n|turn|3\n|\n|t:|1773539371\n|switch|p1a: Scraggy|Scraggy, L50, M|100/100\n|-ability|p1a: Scraggy|Intimidate|boost\n|-unboost|p2a: Flutter Mane|atk|1\n|-unboost|p2b: Armarouge|atk|1\n|move|p2b: Armarouge|Wide Guard|p2b: Armarouge\n|-singleturn|p2b: Armarouge|Wide Guard\n|move|p1b: Iron Bundle|Freeze-Dry|p2a: Flutter Mane\n|-damage|p2a: Flutter Mane|64/100\n|move|p2a: Flutter Mane|Shadow Ball|p1a: Scraggy\n|-resisted|p1a: Scraggy\n|-damage|p1a: Scraggy|83/100\n|-unboost|p1a: Scraggy|spd|1\n|\n|upkeep\n|turn|4\n|inactive|sheeshshane925 has 30 seconds left.\n|\n|t:|1773539399\n|move|p2b: Armarouge|Wide Guard|p2b: Armarouge\n|-singleturn|p2b: Armarouge|Wide Guard\n|move|p1a: Scraggy|Fake Out|p2b: Armarouge\n|-damage|p2b: Armarouge|93/100\n|move|p1b: Iron Bundle|Icy Wind|p2b: Armarouge|[spread] \n|-activate|p2a: Flutter Mane|move: Wide Guard\n|-activate|p2b: Armarouge|move: Wide Guard\n|move|p2a: Flutter Mane|Moonblast|p1a: Scraggy\n|-supereffective|p1a: Scraggy\n|-damage|p1a: Scraggy|0 fnt\n|faint|p1a: Scraggy\n|\n|-end|p2b: Armarouge|Encore\n|upkeep\n|\n|t:|1773539407\n|switch|p1a: Calyrex|Calyrex-Ice, L50|100/100\n|-ability|p1a: Calyrex|As One\n|-ability|p1a: Calyrex|Unnerve\n|turn|5\n|\n|t:|1773539424\n|move|p1a: Calyrex|Protect|p1a: Calyrex\n|-singleturn|p1a: Calyrex|Protect\n|move|p2b: Armarouge|Wide Guard|p2b: Armarouge\n|-singleturn|p2b: Armarouge|Wide Guard\n|move|p1b: Iron Bundle|Icy Wind|p2a: Flutter Mane|[spread] \n|-activate|p2a: Flutter Mane|move: Wide Guard\n|-activate|p2b: Armarouge|move: Wide Guard\n|move|p2a: Flutter Mane|Shadow Ball|p1a: Calyrex\n|-activate|p1a: Calyrex|move: Protect\n|\n|-fieldend|move: Electric Terrain\n|-end|p1b: Iron Bundle|Quark Drive\n|upkeep\n|turn|6\n|\n|t:|1773539442\n|move|p2b: Armarouge|Wide Guard|p2b: Armarouge\n|-singleturn|p2b: Armarouge|Wide Guard\n|move|p2a: Flutter Mane|Shadow Ball|p1a: Calyrex\n|-supereffective|p1a: Calyrex\n|-damage|p1a: Calyrex|44/100\n|move|p1b: Iron Bundle|Freeze-Dry|p2a: Flutter Mane\n|-damage|p2a: Flutter Mane|27/100\n|move|p1a: Calyrex|Trick Room|p1a: Calyrex\n|-fieldstart|move: Trick Room|[of] p1a: Calyrex\n|\n|upkeep\n|turn|7\n|inactive|sheeshshane925 has 30 seconds left.\n|inactive|ashtonauts has 30 seconds left.\n|\n|t:|1773539473\n|move|p2a: Flutter Mane|Protect|p2a: Flutter Mane\n|-singleturn|p2a: Flutter Mane|Protect\n|move|p1a: Calyrex|High Horsepower|p2b: Armarouge\n|-supereffective|p2b: Armarouge\n|-damage|p2b: Armarouge|14/100\n|move|p2b: Armarouge|Armor Cannon|p1a: Calyrex\n|-supereffective|p1a: Calyrex\n|-damage|p1a: Calyrex|0 fnt\n|-unboost|p2b: Armarouge|def|1\n|-unboost|p2b: Armarouge|spd|1\n|faint|p1a: Calyrex\n|move|p1b: Iron Bundle|Freeze-Dry|p2a: Flutter Mane\n|-activate|p2a: Flutter Mane|move: Protect\n|\n|upkeep\n|\n|t:|1773539478\n|switch|p1a: Miraidon|Miraidon, L50, shiny, tera:Fairy|15/100\n|-fieldstart|move: Electric Terrain|[from] ability: Hadron Engine|[of] p1a: Miraidon\n|-activate|p1b: Iron Bundle|ability: Quark Drive\n|-start|p1b: Iron Bundle|quarkdrivespe\n|turn|8\n|inactive|ashtonauts has 30 seconds left.\n|\n|t:|1773539504\n|move|p1a: Miraidon|Protect|p1a: Miraidon\n|-singleturn|p1a: Miraidon|Protect\n|move|p2b: Armarouge|Armor Cannon|p1a: Miraidon\n|-activate|p1a: Miraidon|move: Protect\n|move|p2a: Flutter Mane|Shadow Ball|p1b: Iron Bundle\n|-damage|p1b: Iron Bundle|12/100\n|-unboost|p1b: Iron Bundle|spd|1\n|move|p1b: Iron Bundle|Freeze-Dry|p2b: Armarouge\n|-resisted|p2b: Armarouge\n|-damage|p2b: Armarouge|0 fnt\n|faint|p2b: Armarouge\n|\n|upkeep\n|\n|t:|1773539508\n|switch|p2b: Calyrex|Calyrex-Shadow, L50|100/100\n|-ability|p2b: Calyrex|As One\n|-ability|p2b: Calyrex|Unnerve\n|turn|9\n|inactive|sheeshshane925 has 30 seconds left.\n|inactive|ashtonauts has 30 seconds left.\n|inactive|sheeshshane925 has 20 seconds left.\n|\n|t:|1773539545\n|move|p1a: Miraidon|Dazzling Gleam|p2b: Calyrex|[spread] p2a,p2b\n|-crit|p2b: Calyrex\n|-damage|p2a: Flutter Mane|0 fnt\n|-damage|p2b: Calyrex|13/100\n|faint|p2a: Flutter Mane\n|-end|p2a: Flutter Mane|Protosynthesis|[silent]\n|-damage|p1a: Miraidon|5/100|[from] item: Life Orb\n|move|p2b: Calyrex|Astral Barrage|p1b: Iron Bundle|[spread] p1a,p1b\n|-damage|p1a: Miraidon|0 fnt\n|-damage|p1b: Iron Bundle|0 fnt\n|faint|p1a: Miraidon\n|faint|p1b: Iron Bundle\n|-end|p1b: Iron Bundle|Quark Drive|[silent]\n|\n|win|ashtonauts\n|raw|sheeshshane925's rating: 1362 &rarr; <strong>1339</strong><br />(-23 for losing)\n|raw|ashtonauts's rating: 1304 &rarr; <strong>1327</strong><br />(+23 for winning)\n|l|\u2606sheeshshane925\n|player|p1|\n|l|\u2606ashtonauts\n|player|p2|\n","uploadtime":1773539754,"views":12,"formatid":"gen9vgc2026regi","rating":1327,"private":0,"password":null}