{"id":"gen9vgc2026regi-2535359074","format":"[Gen 9] VGC 2026 Reg I","players":["zebraschinge","j0l0k0"],"log":"|j|\u2606zebraschinge\n|j|\u2606j0l0k0\n|t:|1770557847\n|gametype|doubles\n|player|p1|zebraschinge|1|1527\n|player|p2|j0l0k0|brycen|1471\n|gen|9\n|tier|[Gen 9] VGC 2026 Reg I\n|rated|\n|rule|Species Clause: Limit one of each Pok\u00e9mon\n|rule|Item Clause: Limit 1 of each item\n|clearpoke\n|poke|p1|Miraidon, L50|\n|poke|p1|Grimmsnarl, L50, M|\n|poke|p1|Calyrex-Ice, L50|\n|poke|p1|Farigiraf, L50, F|\n|poke|p1|Murkrow, L50, M|\n|poke|p1|Diglett, L50, M|\n|poke|p2|Calyrex-Ice, L50|\n|poke|p2|Kyogre, L50|\n|poke|p2|Indeedee-F, L50, F|\n|poke|p2|Urshifu-*, L50, F|\n|poke|p2|Amoonguss, L50, F|\n|poke|p2|Landorus, L50, M|\n|teampreview|4\n|inactive|Battle timer is ON: inactive players will automatically lose when time's up. (requested by j0l0k0)\n|inactive|zebraschinge also wants the timer to be on.\n|inactive|zebraschinge has 60 seconds left.\n|\n|t:|1770557894\n|teamsize|p1|4\n|teamsize|p2|4\n|start\n|switch|p1a: Olangaar|Grimmsnarl, L50, M|100/100\n|switch|p1b: Digda|Diglett, L50, M|100/100\n|switch|p2a: Kyogre|Kyogre, L50, shiny|100/100\n|switch|p2b: Landorus|Landorus, L50, M, shiny|100/100\n|-weather|RainDance|[from] ability: Drizzle|[of] p2a: Kyogre\n|-item|p2a: Kyogre|Assault Vest|[from] ability: Frisk|[of] p1a: Olangaar\n|-item|p2b: Landorus|Life Orb|[from] ability: Frisk|[of] p1a: Olangaar\n|turn|1\n|inactive|zebraschinge has 30 seconds left.\n|inactive|zebraschinge has 20 seconds left.\n|inactive|zebraschinge has 15 seconds left.\n|\n|t:|1770557936\n|move|p2b: Landorus|Protect|p2b: Landorus\n|-singleturn|p2b: Landorus|Protect\n|move|p1a: Olangaar|Fake Out|p2a: Kyogre\n|-damage|p2a: Kyogre|86/100\n|move|p1b: Digda|Endeavor|p2a: Kyogre\n|-damage|p2a: Kyogre|34/100\n|cant|p2a: Kyogre|flinch\n|\n|-weather|RainDance|[upkeep]\n|upkeep\n|turn|2\n|\n|t:|1770557953\n|move|p1a: Olangaar|Sucker Punch|p2a: Kyogre\n|-damage|p2a: Kyogre|2/100\n|move|p1b: Digda|Endeavor|p2b: Landorus\n|-damage|p2b: Landorus|36/100\n|move|p2a: Kyogre|Hydro Pump|p1b: Digda\n|-supereffective|p1b: Digda\n|-enditem|p1b: Digda|Focus Sash\n|-damage|p1b: Digda|2/100\n|move|p2b: Landorus|Sludge Bomb|p1a: Olangaar\n|-supereffective|p1a: Olangaar\n|-damage|p1a: Olangaar|22/100\n|\n|-weather|RainDance|[upkeep]\n|upkeep\n|turn|3\n|inactive|zebraschinge has 30 seconds left.\n|\n|t:|1770557982\n|move|p1a: Olangaar|Sucker Punch|p2b: Landorus\n|-damage|p2b: Landorus|1/100\n|move|p1b: Digda|Foul Play|p2a: Kyogre\n|-damage|p2a: Kyogre|0 fnt\n|faint|p2a: Kyogre\n|move|p2b: Landorus|Sandsear Storm|p1a: Olangaar|[spread] p1a,p1b\n|-damage|p1a: Olangaar|0 fnt\n|-damage|p1b: Digda|0 fnt\n|faint|p1a: Olangaar\n|faint|p1b: Digda\n|\n|-weather|RainDance|[upkeep]\n|upkeep\n|\n|t:|1770557995\n|switch|p1b: High Horsepow miss|Calyrex-Ice, L50|100/100\n|switch|p2a: Urshifu|Urshifu, L50, F|100/100\n|switch|p1a: Miraidon|Miraidon, L50|100/100\n|-ability|p1b: High Horsepow miss|As One\n|-ability|p1b: High Horsepow miss|Unnerve\n|-fieldstart|move: Electric Terrain|[from] ability: Hadron Engine|[of] p1a: Miraidon\n|turn|4\n|\n|t:|1770558017\n|-terastallize|p1b: High Horsepow miss|Water\n|move|p1a: Miraidon|Dragon Pulse|p2b: Landorus\n|-damage|p2b: Landorus|0 fnt\n|faint|p2b: Landorus\n|-damage|p1a: Miraidon|91/100|[from] item: Life Orb\n|move|p2a: Urshifu|Wicked Blow|p1b: High Horsepow miss\n|-crit|p1b: High Horsepow miss\n|-damage|p1b: High Horsepow miss|55/100\n|move|p1b: High Horsepow miss|Glacial Lance|p2a: Urshifu\n|-damage|p2a: Urshifu|15/100\n|\n|-weather|RainDance|[upkeep]\n|upkeep\n|\n|t:|1770558040\n|switch|p2b: Calyrex|Calyrex-Ice, L50|100/100\n|-ability|p2b: Calyrex|As One\n|-ability|p2b: Calyrex|Unnerve\n|turn|5\n|\n|t:|1770558058\n|move|p2a: Urshifu|Protect|p2a: Urshifu\n|-singleturn|p2a: Urshifu|Protect\n|move|p1a: Miraidon|Electro Drift|p2b: Calyrex\n|-damage|p2b: Calyrex|15/100\n|-damage|p1a: Miraidon|81/100|[from] item: Life Orb\n|move|p1b: High Horsepow miss|Glacial Lance|p2a: Urshifu|[spread] p2b\n|-activate|p2a: Urshifu|move: Protect\n|-resisted|p2b: Calyrex\n|-damage|p2b: Calyrex|0 fnt\n|faint|p2b: Calyrex\n|-ability|p1b: High Horsepow miss|Chilling Neigh|boost\n|-boost|p1b: High Horsepow miss|atk|1\n|\n|-weather|none\n|upkeep\n|turn|6\n|inactive|j0l0k0 has 30 seconds left.\n|inactive|j0l0k0 has 20 seconds left.\n|\n|t:|1770558095\n|move|p1a: Miraidon|Electro Drift|p2a: Urshifu\n|-damage|p2a: Urshifu|0 fnt\n|faint|p2a: Urshifu\n|-damage|p1a: Miraidon|72/100|[from] item: Life Orb\n|\n|win|zebraschinge\n|raw|zebraschinge's rating: 1527 &rarr; <strong>1544</strong><br />(+17 for winning)\n|raw|j0l0k0's rating: 1471 &rarr; <strong>1454</strong><br />(-17 for losing)\n|c|\u2606j0l0k0|ggwp\n|l|\u2606j0l0k0\n|player|p2|\n|l|\u2606zebraschinge\n|player|p1|\n","uploadtime":1770558246,"views":29,"formatid":"gen9vgc2026regi","rating":1454,"private":0,"password":null}