{"id":"gen9vgc2026regi-2571454663","format":"[Gen 9] VGC 2026 Reg I","players":["Kwiper","sheeshshane925"],"log":"|j|\u2606Kwiper\n|j|\u2606sheeshshane925\n|t:|1774920869\n|gametype|doubles\n|player|p1|Kwiper|sycamore|1539\n|player|p2|sheeshshane925|chuck|1624\n|gen|9\n|tier|[Gen 9] VGC 2026 Reg I\n|rated|\n|rule|Species Clause: Limit one of each Pok\u00e9mon\n|rule|Item Clause: Limit 1 of each item\n|clearpoke\n|poke|p1|Koraidon, L50|\n|poke|p1|Lunala, L50|\n|poke|p1|Indeedee-F, L50, F|\n|poke|p1|Flutter Mane, L50|\n|poke|p1|Volcarona, L50, M|\n|poke|p1|Ursaluna, L50, F|\n|poke|p2|Calyrex-Ice, L50|\n|poke|p2|Miraidon, L50|\n|poke|p2|Farigiraf, L50, F|\n|poke|p2|Iron Hands, L50|\n|poke|p2|Scraggy, L50, F|\n|poke|p2|Iron Bundle, L50|\n|teampreview|4\n|inactive|Battle timer is ON: inactive players will automatically lose when time's up. (requested by Kwiper)\n|\n|t:|1774920899\n|teamsize|p1|4\n|teamsize|p2|4\n|start\n|switch|p1a: Lunala|Lunala, L50, shiny|100/100\n|switch|p1b: Indeedee|Indeedee-F, L50, F|100/100\n|switch|p2a: Miraidon|Miraidon, L50, shiny|100/100\n|switch|p2b: Iron Bundle|Iron Bundle, L50, shiny|100/100\n|-fieldstart|move: Electric Terrain|[from] ability: Hadron Engine|[of] p2a: Miraidon\n|-activate|p2b: Iron Bundle|ability: Quark Drive\n|-start|p2b: Iron Bundle|quarkdrivespe\n|-fieldstart|move: Psychic Terrain|[from] ability: Psychic Surge|[of] p1b: Indeedee\n|-end|p2b: Iron Bundle|Quark Drive\n|turn|1\n|\n|t:|1774920921\n|move|p2b: Iron Bundle|Freeze-Dry|p1a: Lunala\n|-damage|p1a: Lunala|87/100\n|move|p2a: Miraidon|Electro Drift|p1a: Lunala\n|-damage|p1a: Lunala|38/100\n|-damage|p2a: Miraidon|91/100|[from] item: Life Orb\n|move|p1a: Lunala|Meteor Beam||[still]\n|-prepare|p1a: Lunala|Meteor Beam\n|-boost|p1a: Lunala|spa|1\n|-enditem|p1a: Lunala|Power Herb\n|-anim|p1a: Lunala|Meteor Beam|p2a: Miraidon\n|-damage|p2a: Miraidon|41/100\n|move|p1b: Indeedee|Trick Room|p1b: Indeedee\n|-fieldstart|move: Trick Room|[of] p1b: Indeedee\n|\n|upkeep\n|turn|2\n|\n|t:|1774920942\n|move|p2a: Miraidon|Protect|p2a: Miraidon\n|-singleturn|p2a: Miraidon|Protect\n|move|p1a: Lunala|Expanding Force|p2a: Miraidon|[spread] p2b\n|-activate|p2a: Miraidon|move: Protect\n|-enditem|p2b: Iron Bundle|Focus Sash\n|-damage|p2b: Iron Bundle|1/100\n|move|p2b: Iron Bundle|Freeze-Dry|p1a: Lunala\n|-damage|p1a: Lunala|12/100\n|move|p1b: Indeedee|Trick Room|p1b: Indeedee\n|-fieldend|move: Trick Room\n|\n|upkeep\n|turn|3\n|\n|t:|1774920962\n|move|p1b: Indeedee|Follow Me|p1b: Indeedee\n|-singleturn|p1b: Indeedee|move: Follow Me\n|move|p2b: Iron Bundle|Icy Wind|p1b: Indeedee|[spread] p1a,p1b\n|-damage|p1a: Lunala|0 fnt\n|-damage|p1b: Indeedee|82/100\n|-unboost|p1b: Indeedee|spe|1\n|faint|p1a: Lunala\n|move|p2a: Miraidon|Dazzling Gleam|p1b: Indeedee\n|-damage|p1b: Indeedee|42/100\n|-damage|p2a: Miraidon|31/100|[from] item: Life Orb\n|\n|upkeep\n|\n|t:|1774920966\n|switch|p1a: Koraidon|Koraidon, L50, shiny|100/100\n|-weather|SunnyDay|[from] ability: Orichalcum Pulse|[of] p1a: Koraidon\n|-activate|p1a: Koraidon|Orichalcum Pulse|[source]\n|turn|4\n|inactive|sheeshshane925 has 30 seconds left.\n|\n|t:|1774920991\n|switch|p1b: Ursaluna|Ursaluna, L50, F|100/100\n|-terastallize|p1a: Koraidon|Fire\n|move|p2b: Iron Bundle|Icy Wind|p1b: Ursaluna|[spread] p1a,p1b\n|-resisted|p1a: Koraidon\n|-supereffective|p1b: Ursaluna\n|-damage|p1a: Koraidon|91/100\n|-damage|p1b: Ursaluna|69/100\n|-unboost|p1a: Koraidon|spe|1\n|-unboost|p1b: Ursaluna|spe|1\n|move|p2a: Miraidon|Dazzling Gleam|p1b: Ursaluna|[spread] p1a,p1b\n|-resisted|p1a: Koraidon\n|-damage|p1a: Koraidon|76/100\n|-damage|p1b: Ursaluna|44/100\n|-damage|p2a: Miraidon|22/100|[from] item: Life Orb\n|move|p1a: Koraidon|Breaking Swipe|p2b: Iron Bundle|[spread] p2a,p2b\n|-supereffective|p2a: Miraidon\n|-damage|p2a: Miraidon|0 fnt\n|-damage|p2b: Iron Bundle|0 fnt\n|faint|p2a: Miraidon\n|faint|p2b: Iron Bundle\n|-end|p2b: Iron Bundle|Quark Drive|[silent]\n|-damage|p1a: Koraidon|66/100|[from] item: Life Orb\n|\n|-weather|SunnyDay|[upkeep]\n|-status|p1b: Ursaluna|brn|[from] item: Flame Orb\n|upkeep\n|\n|t:|1774921007\n|switch|p2b: Calyrex|Calyrex-Ice, L50|100/100\n|switch|p2a: Scraggy|Scraggy, L50, F|100/100\n|-ability|p2b: Calyrex|As One\n|-ability|p2b: Calyrex|Unnerve\n|-ability|p2a: Scraggy|Intimidate|boost\n|-unboost|p1a: Koraidon|atk|1\n|-unboost|p1b: Ursaluna|atk|1\n|turn|5\n|inactive|sheeshshane925 has 30 seconds left.\n|\n|t:|1774921038\n|-terastallize|p2b: Calyrex|Fire\n|move|p1a: Koraidon|Close Combat|p2a: Scraggy\n|-supereffective|p2a: Scraggy\n|-damage|p2a: Scraggy|0 fnt\n|-unboost|p1a: Koraidon|def|1\n|-unboost|p1a: Koraidon|spd|1\n|faint|p2a: Scraggy\n|-damage|p1a: Koraidon|56/100|[from] item: Life Orb\n|move|p1b: Ursaluna|Facade|p2b: Calyrex\n|-damage|p2b: Calyrex|56/100\n|move|p2b: Calyrex|Trick Room|p2b: Calyrex\n|-fieldstart|move: Trick Room|[of] p2b: Calyrex\n|\n|-weather|SunnyDay|[upkeep]\n|-damage|p1b: Ursaluna|38/100 brn|[from] brn\n|-fieldend|move: Psychic Terrain\n|upkeep\n|turn|6\n|\n|t:|1774921048\n|move|p1b: Ursaluna|Headlong Rush|p2b: Calyrex\n|-supereffective|p2b: Calyrex\n|-damage|p2b: Calyrex|0 fnt\n|-unboost|p1b: Ursaluna|def|1\n|-unboost|p1b: Ursaluna|spd|1\n|faint|p2b: Calyrex\n|\n|win|Kwiper\n|raw|Kwiper's rating: 1539 &rarr; <strong>1564</strong><br />(+25 for winning)\n|raw|sheeshshane925's rating: 1624 &rarr; <strong>1599</strong><br />(-25 for losing)\n","uploadtime":1774921048,"views":14,"formatid":"gen9vgc2026regi","rating":1564,"private":0,"password":null}