{"id":"gen9vgc2026regi-2563176982","format":"[Gen 9] VGC 2026 Reg I","players":["Jonen","BlackCatsBoyToy"],"log":"|j|\u2606Jonen\n|j|\u2606BlackCatsBoyToy\n|t:|1773998865\n|gametype|doubles\n|player|p1|Jonen|medium|1317\n|player|p2|BlackCatsBoyToy|102|1219\n|gen|9\n|tier|[Gen 9] VGC 2026 Reg I\n|rated|\n|rule|Species Clause: Limit one of each Pok\u00e9mon\n|rule|Item Clause: Limit 1 of each item\n|clearpoke\n|poke|p1|Groudon, L50|\n|poke|p1|Lunala, L50|\n|poke|p1|Sableye, L50, M|\n|poke|p1|Chi-Yu, L50|\n|poke|p1|Rillaboom, L50, M|\n|poke|p1|Jumpluff, L50, M|\n|poke|p2|Lunala, L50|\n|poke|p2|Koraidon, L50|\n|poke|p2|Flutter Mane, L50|\n|poke|p2|Amoonguss, L50, M|\n|poke|p2|Incineroar, L50, F|\n|poke|p2|Ursaluna, L50, F|\n|teampreview|4\n|inactive|Battle timer is ON: inactive players will automatically lose when time's up. (requested by BlackCatsBoyToy)\n|\n|t:|1773998892\n|teamsize|p1|4\n|teamsize|p2|4\n|start\n|switch|p1a: Groudon|Groudon, L50|100/100\n|switch|p1b: Jumpluff|Jumpluff, L50, M|100/100\n|switch|p2a: Incineroar|Incineroar, L50, F|100/100\n|switch|p2b: Lunala|Lunala, L50|100/100\n|-weather|SunnyDay|[from] ability: Drought|[of] p1a: Groudon\n|-ability|p2a: Incineroar|Intimidate|boost\n|-unboost|p1a: Groudon|atk|1\n|-unboost|p1b: Jumpluff|atk|1\n|turn|1\n|\n|t:|1773998904\n|move|p2a: Incineroar|Fake Out|p1a: Groudon\n|-damage|p1a: Groudon|92/100\n|move|p1b: Jumpluff|Sleep Powder|p2b: Lunala\n|-status|p2b: Lunala|slp|[from] move: Sleep Powder\n|cant|p1a: Groudon|flinch\n|cant|p2b: Lunala|slp\n|\n|-weather|SunnyDay|[upkeep]\n|upkeep\n|turn|2\n|\n|t:|1773998914\n|-terastallize|p2a: Incineroar|Ghost\n|cant|p2b: Lunala|slp\n|move|p1b: Jumpluff|Encore|p2a: Incineroar\n|-start|p2a: Incineroar|Encore\n|move|p1a: Groudon|Precipice Blades|p2b: Lunala|[spread] p2a,p2b\n|-damage|p2a: Incineroar|60/100\n|-damage|p2b: Lunala|81/100 slp\n|-damage|p1a: Groudon|82/100|[from] item: Life Orb\n|move|p2a: Incineroar|Fake Out||[still]\n|-hint|Fake Out only works on your first turn out.\n|-fail|p2a: Incineroar\n|\n|-weather|SunnyDay|[upkeep]\n|upkeep\n|turn|3\n|\n|t:|1773998934\n|switch|p2a: Ursaluna|Ursaluna, L50, F|100/100\n|move|p1b: Jumpluff|Sleep Powder|p2a: Ursaluna\n|-status|p2a: Ursaluna|slp|[from] move: Sleep Powder\n|move|p1a: Groudon|Heat Crash|p2b: Lunala\n|-crit|p2b: Lunala\n|-damage|p2b: Lunala|0 fnt\n|faint|p2b: Lunala\n|-damage|p1a: Groudon|72/100|[from] item: Life Orb\n|\n|-weather|SunnyDay|[upkeep]\n|upkeep\n|\n|t:|1773998943\n|switch|p2b: Incineroar|Incineroar, L50, F, tera:Ghost|60/100\n|-ability|p2b: Incineroar|Intimidate|boost\n|-unboost|p1a: Groudon|atk|1\n|-unboost|p1b: Jumpluff|atk|1\n|turn|4\n|\n|t:|1773998951\n|switch|p1a: Lunala|Lunala, L50|100/100\n|move|p1b: Jumpluff|Sleep Powder|p2b: Incineroar\n|-activate|p2b: Incineroar|item: Safety Goggles|Sleep Powder\n|move|p2b: Incineroar|Flare Blitz|p1b: Jumpluff\n|-supereffective|p1b: Jumpluff\n|-damage|p1b: Jumpluff|0 fnt\n|faint|p1b: Jumpluff\n|-damage|p2b: Incineroar|31/100|[from] Recoil\n|cant|p2a: Ursaluna|slp\n|\n|-weather|SunnyDay|[upkeep]\n|upkeep\n|\n|t:|1773998957\n|switch|p1b: Rillaboom|Rillaboom, L50, M|100/100\n|-fieldstart|move: Grassy Terrain|[from] ability: Grassy Surge|[of] p1b: Rillaboom\n|turn|5\n|\n|t:|1773998968\n|-curestatus|p2a: Ursaluna|slp|[msg]\n|move|p2a: Ursaluna|Protect|p2a: Ursaluna\n|-singleturn|p2a: Ursaluna|Protect\n|move|p1a: Lunala|Moongeist Beam|p2b: Incineroar\n|-supereffective|p2b: Incineroar\n|-damage|p2b: Incineroar|0 fnt\n|faint|p2b: Incineroar\n|move|p1b: Rillaboom|Wood Hammer|p2a: Ursaluna\n|-activate|p2a: Ursaluna|move: Protect\n|\n|-weather|none\n|-status|p2a: Ursaluna|brn|[from] item: Flame Orb\n|upkeep\n|\n|t:|1773998971\n|switch|p2b: Koraidon|Koraidon, L50|100/100\n|-weather|SunnyDay|[from] ability: Orichalcum Pulse|[of] p2b: Koraidon\n|-activate|p2b: Koraidon|Orichalcum Pulse|[source]\n|turn|6\n|\n|t:|1773998992\n|-terastallize|p1b: Rillaboom|Water\n|move|p2b: Koraidon|Flame Charge|p1b: Rillaboom\n|-resisted|p1b: Rillaboom\n|-damage|p1b: Rillaboom|80/100\n|-boost|p2b: Koraidon|spe|1\n|-damage|p2b: Koraidon|91/100|[from] item: Life Orb\n|move|p1a: Lunala|Moongeist Beam|p2b: Koraidon\n|-damage|p2b: Koraidon|38/100\n|move|p1b: Rillaboom|Wood Hammer|p2a: Ursaluna\n|-supereffective|p2a: Ursaluna\n|-damage|p2a: Ursaluna|0 fnt\n|faint|p2a: Ursaluna\n|-damage|p1b: Rillaboom|41/100|[from] Recoil\n|\n|-weather|SunnyDay|[upkeep]\n|-heal|p2b: Koraidon|44/100|[from] Grassy Terrain\n|-heal|p1b: Rillaboom|47/100|[from] Grassy Terrain\n|upkeep\n|turn|7\n|-message|BlackCatsBoyToy forfeited.\n|\n|win|Jonen\n|raw|Jonen's rating: 1317 &rarr; <strong>1332</strong><br />(+15 for winning)\n|raw|BlackCatsBoyToy's rating: 1219 &rarr; <strong>1201</strong><br />(-18 for losing)\n","uploadtime":1773998996,"views":10,"formatid":"gen9vgc2026regi","rating":1201,"private":0,"password":null}