{"id":"gen9vgc2026regi-2544196957","format":"[Gen 9] VGC 2026 Reg I","players":["BanKingambit69247","rainmanontheside"],"log":"|j|\u2606BanKingambit69247\n|j|\u2606rainmanontheside\n|t:|1771676247\n|gametype|doubles\n|player|p1|BanKingambit69247|102|1324\n|player|p2|rainmanontheside|burglar|1340\n|gen|9\n|tier|[Gen 9] VGC 2026 Reg I\n|rated|\n|rule|Species Clause: Limit one of each Pok\u00e9mon\n|rule|Item Clause: Limit 1 of each item\n|clearpoke\n|poke|p1|Calyrex-Shadow, L50|\n|poke|p1|Zamazenta-*, L50|\n|poke|p1|Chien-Pao, L50|\n|poke|p1|Dragonite, L50, F|\n|poke|p1|Rillaboom, L50, F|\n|poke|p1|Incineroar, L50, M|\n|poke|p2|Miraidon, L50|\n|poke|p2|Zamazenta-*, L50|\n|poke|p2|Whimsicott, L50, F|\n|poke|p2|Ogerpon-Cornerstone, L50, F|\n|poke|p2|Landorus, L50, M|\n|poke|p2|Farigiraf, L50, M|\n|teampreview|4\n|inactive|Battle timer is ON: inactive players will automatically lose when time's up. (requested by rainmanontheside)\n|\n|t:|1771676262\n|teamsize|p1|4\n|teamsize|p2|4\n|start\n|switch|p1a: \u8ba9\u4f60\u4eec\u770b\u770b\u672c\u79d1\u751f\u7684\u542b\u91d1\u91cf\ud83d\udc37\ud83d\udc37\ud83d\udc37|Chien-Pao, L50|100/100\n|switch|p1b: \u70ab\u70ab\u70ab\u70ab\u70ab\u70ab\u70ab\u70ab\ud83d\udc36\ud83d\udc36\ud83d\udc36|Zamazenta-Crowned, L50|100/100\n|switch|p2a: Ogerpon|Ogerpon-Cornerstone, L50, F|100/100\n|switch|p2b: Miraidon|Miraidon, L50|100/100\n|-ability|p1a: \u8ba9\u4f60\u4eec\u770b\u770b\u672c\u79d1\u751f\u7684\u542b\u91d1\u91cf\ud83d\udc37\ud83d\udc37\ud83d\udc37|Sword of Ruin\n|-fieldstart|move: Electric Terrain|[from] ability: Hadron Engine|[of] p2b: Miraidon\n|-ability|p1b: \u70ab\u70ab\u70ab\u70ab\u70ab\u70ab\u70ab\u70ab\ud83d\udc36\ud83d\udc36\ud83d\udc36|Dauntless Shield|boost\n|-boost|p1b: \u70ab\u70ab\u70ab\u70ab\u70ab\u70ab\u70ab\u70ab\ud83d\udc36\ud83d\udc36\ud83d\udc36|def|1\n|turn|1\n|inactive|BanKingambit69247 has 30 seconds left.\n|\n|t:|1771676291\n|-terastallize|p1a: \u8ba9\u4f60\u4eec\u770b\u770b\u672c\u79d1\u751f\u7684\u542b\u91d1\u91cf\ud83d\udc37\ud83d\udc37\ud83d\udc37|Grass\n|-terastallize|p2b: Miraidon|Fairy\n|move|p1a: \u8ba9\u4f60\u4eec\u770b\u770b\u672c\u79d1\u751f\u7684\u542b\u91d1\u91cf\ud83d\udc37\ud83d\udc37\ud83d\udc37|Icy Wind|p2a: Ogerpon|[spread] p2a,p2b\n|-supereffective|p2a: Ogerpon\n|-damage|p2a: Ogerpon|74/100\n|-damage|p2b: Miraidon|91/100\n|-unboost|p2a: Ogerpon|spe|1\n|-unboost|p2b: Miraidon|spe|1\n|move|p1b: \u70ab\u70ab\u70ab\u70ab\u70ab\u70ab\u70ab\u70ab\ud83d\udc36\ud83d\udc36\ud83d\udc36|Body Press|p2b: Miraidon\n|-resisted|p2b: Miraidon\n|-damage|p2b: Miraidon|48/100\n|move|p2b: Miraidon|Dazzling Gleam|p1a: \u8ba9\u4f60\u4eec\u770b\u770b\u672c\u79d1\u751f\u7684\u542b\u91d1\u91cf\ud83d\udc37\ud83d\udc37\ud83d\udc37|[spread] p1a,p1b\n|-damage|p1a: \u8ba9\u4f60\u4eec\u770b\u770b\u672c\u79d1\u751f\u7684\u542b\u91d1\u91cf\ud83d\udc37\ud83d\udc37\ud83d\udc37|12/100\n|-damage|p1b: \u70ab\u70ab\u70ab\u70ab\u70ab\u70ab\u70ab\u70ab\ud83d\udc36\ud83d\udc36\ud83d\udc36|53/100\n|move|p2a: Ogerpon|Ivy Cudgel|p1a: \u8ba9\u4f60\u4eec\u770b\u770b\u672c\u79d1\u751f\u7684\u542b\u91d1\u91cf\ud83d\udc37\ud83d\udc37\ud83d\udc37|[anim] Ivy Cudgel Rock\n|-damage|p1a: \u8ba9\u4f60\u4eec\u770b\u770b\u672c\u79d1\u751f\u7684\u542b\u91d1\u91cf\ud83d\udc37\ud83d\udc37\ud83d\udc37|0 fnt\n|faint|p1a: \u8ba9\u4f60\u4eec\u770b\u770b\u672c\u79d1\u751f\u7684\u542b\u91d1\u91cf\ud83d\udc37\ud83d\udc37\ud83d\udc37\n|\n|upkeep\n|\n|t:|1771676303\n|switch|p1a: \u90a3\u6211\u7f3a\u7684\u5636\u9e23\u8fd9\u4e00\u5757\u8c01\u7ed9\u6211\u8865\u554a\u267f\u267f\u267f|Calyrex-Shadow, L50|100/100\n|-ability|p1a: \u90a3\u6211\u7f3a\u7684\u5636\u9e23\u8fd9\u4e00\u5757\u8c01\u7ed9\u6211\u8865\u554a\u267f\u267f\u267f|As One\n|-ability|p1a: \u90a3\u6211\u7f3a\u7684\u5636\u9e23\u8fd9\u4e00\u5757\u8c01\u7ed9\u6211\u8865\u554a\u267f\u267f\u267f|Unnerve\n|turn|2\n|\n|t:|1771676307\n|switch|p2b: Farigiraf|Farigiraf, L50, M|100/100\n|-enditem|p2b: Farigiraf|Electric Seed\n|-boost|p2b: Farigiraf|def|1|[from] item: Electric Seed\n|move|p2a: Ogerpon|Spiky Shield|p2a: Ogerpon\n|-singleturn|p2a: Ogerpon|move: Protect\n|move|p1a: \u90a3\u6211\u7f3a\u7684\u5636\u9e23\u8fd9\u4e00\u5757\u8c01\u7ed9\u6211\u8865\u554a\u267f\u267f\u267f|Astral Barrage|p2a: Ogerpon|[spread] \n|-activate|p2a: Ogerpon|move: Protect\n|-immune|p2b: Farigiraf\n|move|p1b: \u70ab\u70ab\u70ab\u70ab\u70ab\u70ab\u70ab\u70ab\ud83d\udc36\ud83d\udc36\ud83d\udc36|Imprison|p1b: \u70ab\u70ab\u70ab\u70ab\u70ab\u70ab\u70ab\u70ab\ud83d\udc36\ud83d\udc36\ud83d\udc36\n|-start|p1b: \u70ab\u70ab\u70ab\u70ab\u70ab\u70ab\u70ab\u70ab\ud83d\udc36\ud83d\udc36\ud83d\udc36|move: Imprison\n|\n|upkeep\n|turn|3\n|inactive|rainmanontheside has 30 seconds left.\n|\n|t:|1771676333\n|move|p1a: \u90a3\u6211\u7f3a\u7684\u5636\u9e23\u8fd9\u4e00\u5757\u8c01\u7ed9\u6211\u8865\u554a\u267f\u267f\u267f|Psychic|p2a: Ogerpon\n|-damage|p2a: Ogerpon|8/100\n|move|p1b: \u70ab\u70ab\u70ab\u70ab\u70ab\u70ab\u70ab\u70ab\ud83d\udc36\ud83d\udc36\ud83d\udc36|Body Press|p2b: Farigiraf\n|-damage|p2b: Farigiraf|64/100\n|move|p2a: Ogerpon|Ivy Cudgel|p1a: \u90a3\u6211\u7f3a\u7684\u5636\u9e23\u8fd9\u4e00\u5757\u8c01\u7ed9\u6211\u8865\u554a\u267f\u267f\u267f|[anim] Ivy Cudgel Rock\n|-damage|p1a: \u90a3\u6211\u7f3a\u7684\u5636\u9e23\u8fd9\u4e00\u5757\u8c01\u7ed9\u6211\u8865\u554a\u267f\u267f\u267f|22/100\n|move|p2b: Farigiraf|Trick Room|p2b: Farigiraf\n|-fieldstart|move: Trick Room|[of] p2b: Farigiraf\n|\n|upkeep\n|turn|4\n|inactive|rainmanontheside has 30 seconds left.\n|\n|t:|1771676360\n|switch|p1a: \u9999\u2642\u8549\u541b|Rillaboom, L50, F|100/100\n|-fieldstart|move: Grassy Terrain|[from] ability: Grassy Surge|[of] p1a: \u9999\u2642\u8549\u541b\n|move|p2a: Ogerpon|Follow Me|p2a: Ogerpon\n|-singleturn|p2a: Ogerpon|move: Follow Me\n|move|p2b: Farigiraf|Foul Play|p1a: \u9999\u2642\u8549\u541b\n|-damage|p1a: \u9999\u2642\u8549\u541b|72/100\n|move|p1b: \u70ab\u70ab\u70ab\u70ab\u70ab\u70ab\u70ab\u70ab\ud83d\udc36\ud83d\udc36\ud83d\udc36|Body Press|p2a: Ogerpon\n|-supereffective|p2a: Ogerpon\n|-damage|p2a: Ogerpon|0 fnt\n|faint|p2a: Ogerpon\n|\n|-heal|p2b: Farigiraf|70/100|[from] Grassy Terrain\n|-heal|p1a: \u9999\u2642\u8549\u541b|78/100|[from] Grassy Terrain\n|-heal|p1b: \u70ab\u70ab\u70ab\u70ab\u70ab\u70ab\u70ab\u70ab\ud83d\udc36\ud83d\udc36\ud83d\udc36|58/100|[from] Grassy Terrain\n|upkeep\n|\n|t:|1771676363\n|switch|p2a: Miraidon|Miraidon, L50, tera:Fairy|48/100\n|-fieldstart|move: Electric Terrain|[from] ability: Hadron Engine|[of] p2a: Miraidon\n|turn|5\n|\n|t:|1771676379\n|move|p2b: Farigiraf|Foul Play|p1a: \u9999\u2642\u8549\u541b\n|-damage|p1a: \u9999\u2642\u8549\u541b|50/100\n|move|p1a: \u9999\u2642\u8549\u541b|U-turn|p2b: Farigiraf\n|-supereffective|p2b: Farigiraf\n|-damage|p2b: Farigiraf|48/100\n|\n|t:|1771676381\n|switch|p1a: \u90a3\u6211\u7f3a\u7684\u5636\u9e23\u8fd9\u4e00\u5757\u8c01\u7ed9\u6211\u8865\u554a\u267f\u267f\u267f|Calyrex-Shadow, L50|22/100|[from] U-turn\n|-ability|p1a: \u90a3\u6211\u7f3a\u7684\u5636\u9e23\u8fd9\u4e00\u5757\u8c01\u7ed9\u6211\u8865\u554a\u267f\u267f\u267f|As One\n|-ability|p1a: \u90a3\u6211\u7f3a\u7684\u5636\u9e23\u8fd9\u4e00\u5757\u8c01\u7ed9\u6211\u8865\u554a\u267f\u267f\u267f|Unnerve\n|move|p1b: \u70ab\u70ab\u70ab\u70ab\u70ab\u70ab\u70ab\u70ab\ud83d\udc36\ud83d\udc36\ud83d\udc36|Body Press|p2a: Miraidon\n|-resisted|p2a: Miraidon\n|-damage|p2a: Miraidon|16/100\n|move|p2a: Miraidon|Electro Drift|p1b: \u70ab\u70ab\u70ab\u70ab\u70ab\u70ab\u70ab\u70ab\ud83d\udc36\ud83d\udc36\ud83d\udc36\n|-damage|p1b: \u70ab\u70ab\u70ab\u70ab\u70ab\u70ab\u70ab\u70ab\ud83d\udc36\ud83d\udc36\ud83d\udc36|0 fnt\n|faint|p1b: \u70ab\u70ab\u70ab\u70ab\u70ab\u70ab\u70ab\u70ab\ud83d\udc36\ud83d\udc36\ud83d\udc36\n|\n|upkeep\n|\n|t:|1771676383\n|switch|p1b: \u9999\u2642\u8549\u541b|Rillaboom, L50, F|50/100\n|-fieldstart|move: Grassy Terrain|[from] ability: Grassy Surge|[of] p1b: \u9999\u2642\u8549\u541b\n|turn|6\n|\n|t:|1771676398\n|move|p1a: \u90a3\u6211\u7f3a\u7684\u5636\u9e23\u8fd9\u4e00\u5757\u8c01\u7ed9\u6211\u8865\u554a\u267f\u267f\u267f|Protect|p1a: \u90a3\u6211\u7f3a\u7684\u5636\u9e23\u8fd9\u4e00\u5757\u8c01\u7ed9\u6211\u8865\u554a\u267f\u267f\u267f\n|-singleturn|p1a: \u90a3\u6211\u7f3a\u7684\u5636\u9e23\u8fd9\u4e00\u5757\u8c01\u7ed9\u6211\u8865\u554a\u267f\u267f\u267f|Protect\n|move|p2b: Farigiraf|Foul Play|p1a: \u90a3\u6211\u7f3a\u7684\u5636\u9e23\u8fd9\u4e00\u5757\u8c01\u7ed9\u6211\u8865\u554a\u267f\u267f\u267f\n|-activate|p1a: \u90a3\u6211\u7f3a\u7684\u5636\u9e23\u8fd9\u4e00\u5757\u8c01\u7ed9\u6211\u8865\u554a\u267f\u267f\u267f|move: Protect\n|move|p1b: \u9999\u2642\u8549\u541b|Wood Hammer|p2a: Miraidon\n|-damage|p2a: Miraidon|0 fnt\n|faint|p2a: Miraidon\n|-damage|p1b: \u9999\u2642\u8549\u541b|45/100|[from] Recoil\n|\n|-heal|p2b: Farigiraf|54/100|[from] Grassy Terrain\n|-heal|p1b: \u9999\u2642\u8549\u541b|51/100|[from] Grassy Terrain\n|-heal|p1a: \u90a3\u6211\u7f3a\u7684\u5636\u9e23\u8fd9\u4e00\u5757\u8c01\u7ed9\u6211\u8865\u554a\u267f\u267f\u267f|28/100|[from] Grassy Terrain\n|upkeep\n|\n|t:|1771676400\n|switch|p2a: Zamazenta|Zamazenta-Crowned, L50, shiny|100/100\n|-ability|p2a: Zamazenta|Dauntless Shield|boost\n|-boost|p2a: Zamazenta|def|1\n|turn|7\n|\n|t:|1771676405\n|move|p1a: \u90a3\u6211\u7f3a\u7684\u5636\u9e23\u8fd9\u4e00\u5757\u8c01\u7ed9\u6211\u8865\u554a\u267f\u267f\u267f|Protect||[still]\n|-fail|p1a: \u90a3\u6211\u7f3a\u7684\u5636\u9e23\u8fd9\u4e00\u5757\u8c01\u7ed9\u6211\u8865\u554a\u267f\u267f\u267f\n|move|p2b: Farigiraf|Foul Play|p1a: \u90a3\u6211\u7f3a\u7684\u5636\u9e23\u8fd9\u4e00\u5757\u8c01\u7ed9\u6211\u8865\u554a\u267f\u267f\u267f\n|-supereffective|p1a: \u90a3\u6211\u7f3a\u7684\u5636\u9e23\u8fd9\u4e00\u5757\u8c01\u7ed9\u6211\u8865\u554a\u267f\u267f\u267f\n|-damage|p1a: \u90a3\u6211\u7f3a\u7684\u5636\u9e23\u8fd9\u4e00\u5757\u8c01\u7ed9\u6211\u8865\u554a\u267f\u267f\u267f|0 fnt\n|faint|p1a: \u90a3\u6211\u7f3a\u7684\u5636\u9e23\u8fd9\u4e00\u5757\u8c01\u7ed9\u6211\u8865\u554a\u267f\u267f\u267f\n|move|p1b: \u9999\u2642\u8549\u541b|Wood Hammer|p2b: Farigiraf\n|-damage|p2b: Farigiraf|18/100\n|-damage|p1b: \u9999\u2642\u8549\u541b|38/100|[from] Recoil\n|move|p2a: Zamazenta|Body Press|p1b: \u9999\u2642\u8549\u541b\n|-damage|p1b: \u9999\u2642\u8549\u541b|0 fnt\n|faint|p1b: \u9999\u2642\u8549\u541b\n|\n|win|rainmanontheside\n|raw|BanKingambit69247's rating: 1324 &rarr; <strong>1305</strong><br />(-19 for losing)\n|raw|rainmanontheside's rating: 1340 &rarr; <strong>1359</strong><br />(+19 for winning)\n|l|\u2606BanKingambit69247\n|player|p1|\n|l|\u2606rainmanontheside\n|player|p2|\n","uploadtime":1771676604,"views":12,"formatid":"gen9vgc2026regi","rating":1305,"private":0,"password":null}