{"id":"gen9vgc2026regi-2581823335","format":"[Gen 9] VGC 2026 Reg I","players":["Mister f1ster","yicz"],"log":"|j|\u2606Mister f1ster\n|j|\u2606yicz\n|t:|1776031308\n|gametype|doubles\n|player|p1|Mister f1ster|skyla|1419\n|player|p2|yicz|265|1528\n|gen|9\n|tier|[Gen 9] VGC 2026 Reg I\n|rated|\n|rule|Species Clause: Limit one of each Pok\u00e9mon\n|rule|Item Clause: Limit 1 of each item\n|clearpoke\n|poke|p1|Typhlosion-Hisui, L50, M|\n|poke|p1|Lilligant-Hisui, L50, F|\n|poke|p1|Groudon, L50|\n|poke|p1|Miraidon, L50|\n|poke|p1|Flutter Mane, L50|\n|poke|p1|Roaring Moon, L50|\n|poke|p2|Incineroar, L50, F|\n|poke|p2|Koraidon, L50|\n|poke|p2|Rillaboom, L50, M|\n|poke|p2|Calyrex-Ice, L50|\n|poke|p2|Smeargle, L50, F|\n|poke|p2|Landorus, L50, M|\n|teampreview|4\n|inactive|Battle timer is ON: inactive players will automatically lose when time's up. (requested by Mister f1ster)\n|\n|t:|1776031342\n|teamsize|p1|4\n|teamsize|p2|4\n|start\n|switch|p1a: G Spot Finder|Miraidon, L50|100/100\n|switch|p1b: Slutty Jane|Flutter Mane, L50|100/100\n|switch|p2a: Landorus|Landorus, L50, M|100/100\n|switch|p2b: Incineroar|Incineroar, L50, F|100/100\n|-fieldstart|move: Electric Terrain|[from] ability: Hadron Engine|[of] p1a: G Spot Finder\n|-ability|p2b: Incineroar|Intimidate|boost\n|-unboost|p1a: G Spot Finder|atk|1\n|-unboost|p1b: Slutty Jane|atk|1\n|turn|1\n|\n|t:|1776031365\n|switch|p1a: Nicos G Spot|Groudon, L50|100/100\n|-weather|SunnyDay|[from] ability: Drought|[of] p1a: Nicos G Spot\n|-activate|p1b: Slutty Jane|ability: Protosynthesis\n|-start|p1b: Slutty Jane|protosynthesisspe\n|move|p2a: Landorus|Protect|p2a: Landorus\n|-singleturn|p2a: Landorus|Protect\n|move|p2b: Incineroar|Fake Out|p1a: Nicos G Spot\n|-damage|p1a: Nicos G Spot|93/100\n|move|p1b: Slutty Jane|Icy Wind|p2b: Incineroar|[spread] \n|-activate|p2a: Landorus|move: Protect\n|-miss|p1b: Slutty Jane|p2b: Incineroar\n|\n|-weather|SunnyDay|[upkeep]\n|upkeep\n|turn|2\n|inactive|Mister f1ster has 30 seconds left.\n|inactive|yicz has 30 seconds left.\n|inactive|yicz has 20 seconds left.\n|inactive|yicz has 15 seconds left.\n|inactive|yicz has 10 seconds left.\n|inactive|yicz has 5 seconds left.\n|\n|t:|1776031418\n|switch|p2a: Calyrex|Calyrex-Ice, L50|100/100\n|-ability|p2a: Calyrex|As One\n|-ability|p2a: Calyrex|Unnerve\n|-terastallize|p2b: Incineroar|Water\n|move|p1b: Slutty Jane|Icy Wind|p2b: Incineroar|[spread] p2a,p2b\n|-resisted|p2a: Calyrex\n|-resisted|p2b: Incineroar\n|-damage|p2a: Calyrex|96/100\n|-damage|p2b: Incineroar|94/100\n|-unboost|p2a: Calyrex|spe|1\n|-unboost|p2b: Incineroar|spe|1\n|move|p1a: Nicos G Spot|High Horsepower|p2b: Incineroar|[miss]\n|-miss|p1a: Nicos G Spot|p2b: Incineroar\n|move|p2b: Incineroar|Parting Shot|p1b: Slutty Jane\n|-unboost|p1b: Slutty Jane|atk|1\n|-unboost|p1b: Slutty Jane|spa|1\n|inactive|yicz has 30 seconds left.\n|\n|t:|1776031443\n|switch|p2b: Landorus|Landorus, L50, M|100/100|[from] Parting Shot\n|\n|-weather|SunnyDay|[upkeep]\n|-heal|p2a: Calyrex|100/100|[from] item: Leftovers\n|upkeep\n|turn|3\n|\n|t:|1776031455\n|-terastallize|p1a: Nicos G Spot|Fire\n|move|p2b: Landorus|Protect|p2b: Landorus\n|-singleturn|p2b: Landorus|Protect\n|move|p1b: Slutty Jane|Icy Wind|p2b: Landorus|[spread] p2a\n|-activate|p2b: Landorus|move: Protect\n|-resisted|p2a: Calyrex\n|-damage|p2a: Calyrex|98/100\n|-unboost|p2a: Calyrex|spe|1\n|move|p1a: Nicos G Spot|Heat Crash|p2a: Calyrex\n|-supereffective|p2a: Calyrex\n|-damage|p2a: Calyrex|49/100\n|move|p2a: Calyrex|Trick Room|p2a: Calyrex\n|-fieldstart|move: Trick Room|[of] p2a: Calyrex\n|\n|-weather|SunnyDay|[upkeep]\n|-heal|p2a: Calyrex|55/100|[from] item: Leftovers\n|upkeep\n|turn|4\n|\n|t:|1776031479\n|move|p1a: Nicos G Spot|Protect|p1a: Nicos G Spot\n|-singleturn|p1a: Nicos G Spot|Protect\n|move|p2a: Calyrex|Glacial Lance|p1b: Slutty Jane|[spread] p1b\n|-activate|p1a: Nicos G Spot|move: Protect\n|-enditem|p1b: Slutty Jane|Focus Sash\n|-damage|p1b: Slutty Jane|1/100\n|move|p2b: Landorus|Earth Power|p1b: Slutty Jane\n|-damage|p1b: Slutty Jane|0 fnt\n|faint|p1b: Slutty Jane\n|-end|p1b: Slutty Jane|Protosynthesis|[silent]\n|\n|-weather|SunnyDay|[upkeep]\n|-heal|p2a: Calyrex|60/100|[from] item: Leftovers\n|upkeep\n|\n|t:|1776031494\n|switch|p1b: G Spot Finder|Miraidon, L50|100/100\n|-activate|p1b: G Spot Finder|ability: Hadron Engine\n|turn|5\n|\n|t:|1776031506\n|move|p2a: Calyrex|Glacial Lance|p1a: Nicos G Spot|[spread] p1a,p1b\n|-resisted|p1a: Nicos G Spot\n|-supereffective|p1b: G Spot Finder\n|-damage|p1a: Nicos G Spot|77/100\n|-damage|p1b: G Spot Finder|0 fnt\n|faint|p1b: G Spot Finder\n|-ability|p2a: Calyrex|Chilling Neigh|boost\n|-boost|p2a: Calyrex|atk|1\n|move|p1a: Nicos G Spot|Heat Crash|p2a: Calyrex\n|-supereffective|p2a: Calyrex\n|-damage|p2a: Calyrex|14/100\n|move|p2b: Landorus|Earth Power|p1a: Nicos G Spot\n|-supereffective|p1a: Nicos G Spot\n|-damage|p1a: Nicos G Spot|0 fnt\n|faint|p1a: Nicos G Spot\n|\n|-weather|none\n|-heal|p2a: Calyrex|20/100|[from] item: Leftovers\n|-fieldend|move: Electric Terrain\n|upkeep\n|\n|t:|1776031521\n|switch|p1b: Typhoid|Typhlosion-Hisui, L50, M|100/100\n|turn|6\n|\n|t:|1776031530\n|move|p2a: Calyrex|Leech Seed|p1b: Typhoid\n|-start|p1b: Typhoid|move: Leech Seed\n|move|p2b: Landorus|Earth Power|p1b: Typhoid\n|-supereffective|p1b: Typhoid\n|-damage|p1b: Typhoid|0 fnt\n|faint|p1b: Typhoid\n|\n|win|yicz\n|raw|Mister f1ster's rating: 1419 &rarr; <strong>1405</strong><br />(-14 for losing)\n|raw|yicz's rating: 1528 &rarr; <strong>1542</strong><br />(+14 for winning)\n|l|\u2606yicz\n|player|p2|\n|l|\u2606Mister f1ster\n|player|p1|\n","uploadtime":1776031763,"views":10,"formatid":"gen9vgc2026regi","rating":1405,"private":0,"password":null}