{"id":"gen9vgc2026regi-2573891497","format":"[Gen 9] VGC 2026 Reg I","players":["SnarkyShane","chappell murkroan"],"log":"|j|\u2606SnarkyShane\n|j|\u2606chappell murkroan\n|t:|1775175279\n|gametype|doubles\n|player|p1|SnarkyShane|gambler|1551\n|player|p2|chappell murkroan|caitlin|1597\n|gen|9\n|tier|[Gen 9] VGC 2026 Reg I\n|rated|\n|rule|Species Clause: Limit one of each Pok\u00e9mon\n|rule|Item Clause: Limit 1 of each item\n|clearpoke\n|poke|p1|Rayquaza, L50|\n|poke|p1|Calyrex-Shadow, L50|\n|poke|p1|Chien-Pao, L50|\n|poke|p1|Ting-Lu, L50|\n|poke|p1|Amoonguss, L50, M|\n|poke|p1|Avalugg-Hisui, L50, F|\n|poke|p2|Calyrex-Ice, L50|\n|poke|p2|Lunala, L50|\n|poke|p2|Smeargle, L50, M|\n|poke|p2|Urshifu-*, L50, M|\n|poke|p2|Torkoal, L50, M|\n|poke|p2|Indeedee-F, L50, F|\n|teampreview|4\n|inactive|Battle timer is ON: inactive players will automatically lose when time's up. (requested by chappell murkroan)\n|inactive|SnarkyShane also wants the timer to be on.\n|j| thundersnd77\n|inactive|SnarkyShane has 60 seconds left.\n|\n|t:|1775175311\n|teamsize|p1|4\n|teamsize|p2|4\n|start\n|switch|p1a: FesterinEquestrian|Calyrex-Shadow, L50|100/100\n|switch|p1b: Noodle Del Muerte|Rayquaza, L50|100/100\n|switch|p2a: Lunala|Lunala, L50|100/100\n|switch|p2b: Smeargle|Smeargle, L50, M, shiny|100/100\n|-ability|p1a: FesterinEquestrian|As One\n|-ability|p1a: FesterinEquestrian|Unnerve\n|-ability|p1b: Noodle Del Muerte|Air Lock\n|turn|1\n|\n|t:|1775175323\n|switch|p1b: Big Gulp|Ting-Lu, L50|100/100\n|-ability|p1b: Big Gulp|Vessel of Ruin\n|-terastallize|p2a: Lunala|Grass\n|move|p1a: FesterinEquestrian|Taunt|p2b: Smeargle\n|-start|p2b: Smeargle|move: Taunt\n|cant|p2b: Smeargle|move: Taunt|Spore\n|move|p2a: Lunala|Meteor Beam||[still]\n|-prepare|p2a: Lunala|Meteor Beam\n|-boost|p2a: Lunala|spa|1\n|-enditem|p2a: Lunala|Power Herb\n|-anim|p2a: Lunala|Meteor Beam|p1b: Big Gulp\n|-resisted|p1b: Big Gulp\n|-damage|p1b: Big Gulp|88/100\n|\n|upkeep\n|turn|2\n|inactive|SnarkyShane has 30 seconds left.\n|\n|t:|1775175351\n|switch|p2b: Indeedee|Indeedee-F, L50, F, shiny|100/100\n|-fieldstart|move: Psychic Terrain|[from] ability: Psychic Surge|[of] p2b: Indeedee\n|switch|p1b: Noodle Del Muerte|Rayquaza, L50|100/100\n|-ability|p1b: Noodle Del Muerte|Air Lock\n|-terastallize|p1a: FesterinEquestrian|Ghost\n|move|p1a: FesterinEquestrian|Astral Barrage|p2b: Indeedee|[spread] p2a\n|-immune|p2b: Indeedee\n|-damage|p2a: Lunala|75/100\n|move|p2a: Lunala|Moongeist Beam|p1a: FesterinEquestrian\n|-supereffective|p1a: FesterinEquestrian\n|-enditem|p1a: FesterinEquestrian|Focus Sash\n|-damage|p1a: FesterinEquestrian|1/100\n|\n|upkeep\n|turn|3\n|inactive|SnarkyShane has 30 seconds left.\n|\n|t:|1775175381\n|switch|p1a: Big Gulp|Ting-Lu, L50|88/100\n|-ability|p1a: Big Gulp|Vessel of Ruin\n|move|p2b: Indeedee|Follow Me|p2b: Indeedee\n|-singleturn|p2b: Indeedee|move: Follow Me\n|move|p2a: Lunala|Expanding Force|p1b: Noodle Del Muerte|[spread] p1b\n|-immune|p1a: Big Gulp\n|-damage|p1b: Noodle Del Muerte|31/100\n|move|p1b: Noodle Del Muerte|Swords Dance|p1b: Noodle Del Muerte\n|-boost|p1b: Noodle Del Muerte|atk|2\n|\n|upkeep\n|turn|4\n|\n|t:|1775175403\n|move|p1b: Noodle Del Muerte|Protect|p1b: Noodle Del Muerte\n|-singleturn|p1b: Noodle Del Muerte|Protect\n|move|p2b: Indeedee|Follow Me|p2b: Indeedee\n|-singleturn|p2b: Indeedee|move: Follow Me\n|move|p1a: Big Gulp|Throat Chop|p2b: Indeedee\n|-supereffective|p2b: Indeedee\n|-damage|p2b: Indeedee|26/100\n|-start|p2b: Indeedee|Throat Chop|[silent]\n|move|p2a: Lunala|Trick Room|p2a: Lunala\n|-fieldstart|move: Trick Room|[of] p2a: Lunala\n|\n|upkeep\n|turn|5\n|\n|t:|1775175420\n|move|p2b: Indeedee|Follow Me|p2b: Indeedee\n|-singleturn|p2b: Indeedee|move: Follow Me\n|move|p1a: Big Gulp|Throat Chop|p2b: Indeedee\n|-supereffective|p2b: Indeedee\n|-damage|p2b: Indeedee|0 fnt\n|faint|p2b: Indeedee\n|move|p1b: Noodle Del Muerte|Dragon Ascent|p2a: Lunala\n|-supereffective|p2a: Lunala\n|-damage|p2a: Lunala|0 fnt\n|-unboost|p1b: Noodle Del Muerte|def|1\n|-unboost|p1b: Noodle Del Muerte|spd|1\n|faint|p2a: Lunala\n|\n|upkeep\n|\n|t:|1775175425\n|switch|p2b: Calyrex|Calyrex-Ice, L50|100/100\n|switch|p2a: Smeargle|Smeargle, L50, M, shiny|100/100\n|-ability|p2b: Calyrex|As One\n|-ability|p2b: Calyrex|Unnerve\n|turn|6\n|\n|t:|1775175436\n|switch|p1a: Rock 'em Sock 'em|Avalugg-Hisui, L50, F|100/100\n|move|p1b: Noodle Del Muerte|Protect|p1b: Noodle Del Muerte\n|-singleturn|p1b: Noodle Del Muerte|Protect\n|move|p2b: Calyrex|Glacial Lance|p1b: Noodle Del Muerte|[spread] p1a\n|-activate|p1b: Noodle Del Muerte|move: Protect\n|-resisted|p1a: Rock 'em Sock 'em\n|-damage|p1a: Rock 'em Sock 'em|86/100\n|move|p2a: Smeargle|Decorate|p2b: Calyrex\n|-boost|p2b: Calyrex|atk|2\n|-boost|p2b: Calyrex|spa|2\n|\n|-fieldend|move: Psychic Terrain\n|upkeep\n|turn|7\n|\n|t:|1775175454\n|switch|p1b: Big Gulp|Ting-Lu, L50|88/100\n|-ability|p1b: Big Gulp|Vessel of Ruin\n|move|p1a: Rock 'em Sock 'em|Icicle Spear|p2a: Smeargle\n|-damage|p2a: Smeargle|74/100\n|-damage|p2a: Smeargle|43/100\n|-damage|p2a: Smeargle|14/100\n|-damage|p2a: Smeargle|0 fnt\n|faint|p2a: Smeargle\n|-hitcount|p2: Smeargle|4\n|move|p2b: Calyrex|High Horsepower|p1a: Rock 'em Sock 'em\n|-supereffective|p1a: Rock 'em Sock 'em\n|-damage|p1a: Rock 'em Sock 'em|0 fnt\n|faint|p1a: Rock 'em Sock 'em\n|-ability|p2b: Calyrex|Chilling Neigh|boost\n|-boost|p2b: Calyrex|atk|1\n|\n|upkeep\n|\n|t:|1775175472\n|switch|p1a: FesterinEquestrian|Calyrex-Shadow, L50, tera:Ghost|1/100\n|-ability|p1a: FesterinEquestrian|As One\n|-ability|p1a: FesterinEquestrian|Unnerve\n|turn|8\n|-message|chappell murkroan forfeited.\n|\n|win|SnarkyShane\n|raw|SnarkyShane's rating: 1551 &rarr; <strong>1574</strong><br />(+23 for winning)\n|raw|chappell murkroan's rating: 1597 &rarr; <strong>1574</strong><br />(-23 for losing)\n|l|\u2606chappell murkroan\n|player|p2|\n|l|\u2606SnarkyShane\n|player|p1|\n|l| thundersnd77\n","uploadtime":1775175651,"views":15,"formatid":"gen9vgc2026regi","rating":1574,"private":0,"password":null}