{"id":"gen9vgc2026regi-2539334327","format":"[Gen 9] VGC 2026 Reg I","players":["Funko.p0p","blackred123"],"log":"|j|\u2606Funko.p0p\n|j|\u2606blackred123\n|t:|1771039918\n|gametype|doubles\n|player|p1|Funko.p0p|unknownf|1163\n|player|p2|blackred123|iono-masters|1217\n|gen|9\n|tier|[Gen 9] VGC 2026 Reg I\n|rated|\n|rule|Species Clause: Limit one of each Pok\u00e9mon\n|rule|Item Clause: Limit 1 of each item\n|clearpoke\n|poke|p1|Kyogre, L50|\n|poke|p1|Tornadus, L50, M|\n|poke|p1|Archaludon, L50, F|\n|poke|p1|Calyrex-Ice, L50|\n|poke|p1|Amoonguss, L50, M|\n|poke|p1|Palafin, L50, M|\n|poke|p2|Calyrex-Shadow, L50|\n|poke|p2|Kyogre, L50|\n|poke|p2|Smeargle, L50, F|\n|poke|p2|Indeedee-F, L50, F|\n|poke|p2|Tornadus, L50, M|\n|poke|p2|Urshifu-*, L50, M|\n|teampreview|4\n|inactive|Battle timer is ON: inactive players will automatically lose when time's up. (requested by blackred123)\n|\n|t:|1771039946\n|teamsize|p1|4\n|teamsize|p2|4\n|start\n|switch|p1a: Calyrex|Calyrex-Ice, L50|100/100\n|switch|p1b: Amoonguss|Amoonguss, L50, M|100/100\n|switch|p2a: \u6b7b\u9a6c|Calyrex-Shadow, L50|100/100\n|switch|p2b: \u5c0f\u7b14\u7ea2\u80bf|Smeargle, L50, F, shiny|100/100\n|-ability|p2a: \u6b7b\u9a6c|As One\n|-ability|p2a: \u6b7b\u9a6c|Unnerve\n|-ability|p1a: Calyrex|As One\n|-ability|p1a: Calyrex|Unnerve\n|turn|1\n|inactive|Funko.p0p has 30 seconds left.\n|inactive|Funko.p0p has 20 seconds left.\n|inactive|Funko.p0p has 15 seconds left.\n|\n|t:|1771039988\n|-terastallize|p2a: \u6b7b\u9a6c|Ghost\n|-terastallize|p1a: Calyrex|Water\n|move|p2b: \u5c0f\u7b14\u7ea2\u80bf|Feint|p1a: Calyrex\n|-damage|p1a: Calyrex|94/100\n|move|p1b: Amoonguss|Rage Powder|p1b: Amoonguss\n|-singleturn|p1b: Amoonguss|move: Rage Powder\n|move|p2a: \u6b7b\u9a6c|Astral Barrage|p1b: Amoonguss|[spread] p1a,p1b\n|-damage|p1a: Calyrex|29/100\n|-damage|p1b: Amoonguss|7/100\n|move|p1a: Calyrex|Trick Room|p1a: Calyrex\n|-fieldstart|move: Trick Room|[of] p1a: Calyrex\n|\n|-heal|p1a: Calyrex|34/100|[from] item: Leftovers\n|upkeep\n|turn|2\n|\n|t:|1771040010\n|switch|p2a: kio\u54e5|Kyogre, L50|100/100\n|-weather|RainDance|[from] ability: Drizzle|[of] p2a: kio\u54e5\n|move|p2b: \u5c0f\u7b14\u7ea2\u80bf|Feint|p1b: Amoonguss\n|-damage|p1b: Amoonguss|0 fnt\n|faint|p1b: Amoonguss\n|move|p1a: Calyrex|Glacial Lance|p2b: \u5c0f\u7b14\u7ea2\u80bf|[spread] p2a,p2b\n|-resisted|p2a: kio\u54e5\n|-crit|p2a: kio\u54e5\n|-damage|p2a: kio\u54e5|58/100\n|-enditem|p2b: \u5c0f\u7b14\u7ea2\u80bf|Focus Sash\n|-damage|p2b: \u5c0f\u7b14\u7ea2\u80bf|1/100\n|\n|-weather|RainDance|[upkeep]\n|-heal|p1a: Calyrex|40/100|[from] item: Leftovers\n|upkeep\n|\n|t:|1771040020\n|switch|p1b: Archaludon|Archaludon, L50, F|100/100\n|turn|3\n|\n|t:|1771040031\n|move|p2b: \u5c0f\u7b14\u7ea2\u80bf|Wide Guard|p2b: \u5c0f\u7b14\u7ea2\u80bf\n|-singleturn|p2b: \u5c0f\u7b14\u7ea2\u80bf|Wide Guard\n|move|p1a: Calyrex|Glacial Lance|p2b: \u5c0f\u7b14\u7ea2\u80bf|[spread] \n|-activate|p2a: kio\u54e5|move: Wide Guard\n|-activate|p2b: \u5c0f\u7b14\u7ea2\u80bf|move: Wide Guard\n|move|p1b: Archaludon|Electro Shot||[still]\n|-prepare|p1b: Archaludon|Electro Shot\n|-boost|p1b: Archaludon|spa|1\n|-anim|p1b: Archaludon|Electro Shot|p2a: kio\u54e5\n|-supereffective|p2a: kio\u54e5\n|-damage|p2a: kio\u54e5|13/100\n|move|p2a: kio\u54e5|Thunder|p1a: Calyrex\n|-supereffective|p1a: Calyrex\n|-damage|p1a: Calyrex|0 fnt\n|faint|p1a: Calyrex\n|\n|-weather|RainDance|[upkeep]\n|upkeep\n|inactive|Funko.p0p has 30 seconds left.\n|inactive|Funko.p0p has 20 seconds left.\n|inactive|Funko.p0p has 15 seconds left.\n|\n|t:|1771040075\n|switch|p1a: Palafin|Palafin, L50, M|100/100\n|turn|4\n|\n|t:|1771040084\n|move|p2b: \u5c0f\u7b14\u7ea2\u80bf|Follow Me|p2b: \u5c0f\u7b14\u7ea2\u80bf\n|-singleturn|p2b: \u5c0f\u7b14\u7ea2\u80bf|move: Follow Me\n|move|p1a: Palafin|Jet Punch|p2b: \u5c0f\u7b14\u7ea2\u80bf\n|-damage|p2b: \u5c0f\u7b14\u7ea2\u80bf|0 fnt\n|faint|p2b: \u5c0f\u7b14\u7ea2\u80bf\n|-damage|p1a: Palafin|91/100|[from] item: Life Orb\n|move|p1b: Archaludon|Electro Shot||[still]\n|-prepare|p1b: Archaludon|Electro Shot\n|-boost|p1b: Archaludon|spa|1\n|-anim|p1b: Archaludon|Electro Shot|p2a: kio\u54e5\n|-supereffective|p2a: kio\u54e5\n|-damage|p2a: kio\u54e5|0 fnt\n|faint|p2a: kio\u54e5\n|\n|-weather|RainDance|[upkeep]\n|upkeep\n|\n|t:|1771040089\n|switch|p2a: \u6b7b\u9a6c|Calyrex-Shadow, L50, tera:Ghost|100/100\n|switch|p2b: \u7d2b\u5c3e\u723d\u98de|Tornadus, L50, M|100/100\n|-ability|p2a: \u6b7b\u9a6c|As One\n|-ability|p2a: \u6b7b\u9a6c|Unnerve\n|turn|5\n|l|\u2606blackred123\n|inactive|blackred123 disconnected and has a minute to reconnect!\n|player|p2|\n|\n|t:|1771040106\n|move|p2b: \u7d2b\u5c3e\u723d\u98de|Protect|p2b: \u7d2b\u5c3e\u723d\u98de\n|-singleturn|p2b: \u7d2b\u5c3e\u723d\u98de|Protect\n|move|p1a: Palafin|Jet Punch|p2a: \u6b7b\u9a6c\n|-damage|p2a: \u6b7b\u9a6c|53/100\n|-damage|p1a: Palafin|81/100|[from] item: Life Orb\n|move|p1b: Archaludon|Electro Shot||[still]\n|-prepare|p1b: Archaludon|Electro Shot\n|-boost|p1b: Archaludon|spa|1\n|-anim|p1b: Archaludon|Electro Shot|p2b: \u7d2b\u5c3e\u723d\u98de\n|-activate|p2b: \u7d2b\u5c3e\u723d\u98de|move: Protect\n|move|p2a: \u6b7b\u9a6c|Astral Barrage|p1b: Archaludon|[spread] p1a,p1b\n|-damage|p1a: Palafin|0 fnt\n|-damage|p1b: Archaludon|20/100\n|-ability|p1b: Archaludon|Stamina|boost\n|-boost|p1b: Archaludon|def|1\n|faint|p1a: Palafin\n|-ability|p2a: \u6b7b\u9a6c|Grim Neigh|boost\n|-boost|p2a: \u6b7b\u9a6c|spa|1\n|\n|-weather|RainDance|[upkeep]\n|-fieldend|move: Trick Room\n|upkeep\n|turn|6\n|-message|Funko.p0p forfeited.\n|\n|win|blackred123\n|raw|Funko.p0p's rating: 1163 &rarr; <strong>1142</strong><br />(-21 for losing)\n|raw|blackred123's rating: 1217 &rarr; <strong>1238</strong><br />(+21 for winning)\n|l|\u2606Funko.p0p\n|player|p1|\n","uploadtime":1771040284,"views":24,"formatid":"gen9vgc2026regi","rating":1142,"private":0,"password":null}