{"id":"gen9vgc2026regi-2579579116","format":"[Gen 9] VGC 2026 Reg I","players":["dwadsfaafsdfaswf","TheManOfSausage"],"log":"|j|\u2606dwadsfaafsdfaswf\n|j|\u2606TheManOfSausage\n|t:|1775800499\n|gametype|doubles\n|player|p1|dwadsfaafsdfaswf|2|1406\n|player|p2|TheManOfSausage|miku-water|1651\n|gen|9\n|tier|[Gen 9] VGC 2026 Reg I\n|rated|\n|rule|Species Clause: Limit one of each Pok\u00e9mon\n|rule|Item Clause: Limit 1 of each item\n|clearpoke\n|poke|p1|Calyrex-Ice, L50|\n|poke|p1|Scraggy, L50, M|\n|poke|p1|Miraidon, L50|\n|poke|p1|Farigiraf, L50, F|\n|poke|p1|Iron Treads, L50|\n|poke|p1|Iron Hands, L50|\n|poke|p2|Calyrex-Ice, L50|\n|poke|p2|Miraidon, L50|\n|poke|p2|Farigiraf, L50, F|\n|poke|p2|Urshifu-*, L50, M|\n|poke|p2|Volcarona, L50, M|\n|poke|p2|Iron Hands, L50|\n|teampreview|4\nTheManOfSausage has agreed to open team sheets.\n|\n|t:|1775800543\n|teamsize|p1|4\n|teamsize|p2|4\n|start\n|switch|p1a: Miraidon|Miraidon, L50|100/100\n|switch|p1b: Iron Treads|Iron Treads, L50|100/100\n|switch|p2a: Magical Mirai|Miraidon, L50|100/100\n|switch|p2b: Ogurin|Calyrex-Ice, L50|100/100\n|-ability|p2b: Ogurin|As One\n|-ability|p2b: Ogurin|Unnerve\n|-fieldstart|move: Electric Terrain|[from] ability: Hadron Engine|[of] p2a: Magical Mirai\n|-activate|p1b: Iron Treads|ability: Quark Drive\n|-start|p1b: Iron Treads|quarkdrivespe\n|-activate|p1a: Miraidon|ability: Hadron Engine\n|turn|1\n|\n|t:|1775800566\n|move|p2b: Ogurin|Protect|p2b: Ogurin\n|-singleturn|p2b: Ogurin|Protect\n|move|p2a: Magical Mirai|Draco Meteor|p1a: Miraidon|[miss]\n|-miss|p2a: Magical Mirai|p1a: Miraidon\n|move|p1b: Iron Treads|High Horsepower|p2a: Magical Mirai\n|-supereffective|p2a: Magical Mirai\n|-damage|p2a: Magical Mirai|0 fnt\n|faint|p2a: Magical Mirai\n|-damage|p1b: Iron Treads|91/100|[from] item: Life Orb\n|move|p1a: Miraidon|Electro Drift|p2b: Ogurin\n|-activate|p2b: Ogurin|move: Protect\n|\n|upkeep\n|\n|t:|1775800580\n|switch|p2a: Volcarona|Volcarona, L50, M, shiny|100/100\n|turn|2\n|\n|t:|1775800613\n|switch|p1a: Calyrex|Calyrex-Ice, L50|100/100\n|-ability|p1a: Calyrex|As One\n|-ability|p1a: Calyrex|Unnerve\n|-terastallize|p2a: Volcarona|Dragon\n|move|p1b: Iron Treads|Protect|p1b: Iron Treads\n|-singleturn|p1b: Iron Treads|Protect\n|move|p2a: Volcarona|Rage Powder|p2a: Volcarona\n|-singleturn|p2a: Volcarona|move: Rage Powder\n|move|p2b: Ogurin|Glacial Lance|p1b: Iron Treads|[spread] p1a\n|-activate|p1b: Iron Treads|move: Protect\n|-resisted|p1a: Calyrex\n|-damage|p1a: Calyrex|82/100\n|\n|upkeep\n|turn|3\n|\n|t:|1775800639\n|move|p2b: Ogurin|Protect|p2b: Ogurin\n|-singleturn|p2b: Ogurin|Protect\n|move|p1b: Iron Treads|Knock Off|p2b: Ogurin\n|-activate|p2b: Ogurin|move: Protect\n|move|p2a: Volcarona|Fiery Dance|p1a: Calyrex\n|-supereffective|p1a: Calyrex\n|-damage|p1a: Calyrex|23/100\n|-boost|p2a: Volcarona|spa|1\n|move|p1a: Calyrex|Glacial Lance|p2a: Volcarona|[spread] p2a\n|-activate|p2b: Ogurin|move: Protect\n|-supereffective|p2a: Volcarona\n|-damage|p2a: Volcarona|0 fnt\n|faint|p2a: Volcarona\n|-ability|p1a: Calyrex|Chilling Neigh|boost\n|-boost|p1a: Calyrex|atk|1\n|\n|upkeep\n|\n|t:|1775800641\n|switch|p2a: Brian|Iron Hands, L50, shiny|100/100\n|-activate|p2a: Brian|ability: Quark Drive\n|-start|p2a: Brian|quarkdriveatk\n|turn|4\n|\n|t:|1775800656\n|move|p1b: Iron Treads|Protect|p1b: Iron Treads\n|-singleturn|p1b: Iron Treads|Protect\n|move|p1a: Calyrex|Protect|p1a: Calyrex\n|-singleturn|p1a: Calyrex|Protect\n|move|p2a: Brian|Fake Out|p1b: Iron Treads\n|-activate|p1b: Iron Treads|move: Protect\n|move|p2b: Ogurin|Trick Room|p2b: Ogurin\n|-fieldstart|move: Trick Room|[of] p2b: Ogurin\n|\n|upkeep\n|turn|5\n|\n|t:|1775800683\n|move|p1a: Calyrex|Protect|p1a: Calyrex\n|-singleturn|p1a: Calyrex|Protect\n|move|p1b: Iron Treads|Protect||[still]\n|-fail|p1b: Iron Treads\n|move|p2b: Ogurin|Glacial Lance|p1a: Calyrex|[spread] p1b\n|-activate|p1a: Calyrex|move: Protect\n|-damage|p1b: Iron Treads|31/100\n|move|p2a: Brian|Drain Punch|p1a: Calyrex\n|-activate|p1a: Calyrex|move: Protect\n|\n|-fieldend|move: Electric Terrain\n|-end|p2a: Brian|Quark Drive\n|-end|p1b: Iron Treads|Quark Drive\n|upkeep\n|turn|6\n|\n|t:|1775800705\n|switch|p1a: Farigiraf|Farigiraf, L50, F|100/100\n|move|p1b: Iron Treads|Protect|p1b: Iron Treads\n|-singleturn|p1b: Iron Treads|Protect\n|move|p2a: Brian|Low Kick|p1a: Farigiraf\n|-damage|p1a: Farigiraf|51/100\n|move|p2b: Ogurin|Glacial Lance|p1b: Iron Treads|[spread] p1a\n|-activate|p1b: Iron Treads|move: Protect\n|-damage|p1a: Farigiraf|4/100\n|\n|upkeep\n|turn|7\n|\n|t:|1775800751\n|move|p1b: Iron Treads|Protect||[still]\n|-fail|p1b: Iron Treads\n|move|p2b: Ogurin|Glacial Lance|p1a: Farigiraf|[spread] p1a,p1b\n|-damage|p1a: Farigiraf|0 fnt\n|-damage|p1b: Iron Treads|0 fnt\n|faint|p1a: Farigiraf\n|faint|p1b: Iron Treads\n|-end|p1b: Iron Treads|Quark Drive|[silent]\n|-ability|p2b: Ogurin|Chilling Neigh|boost\n|-boost|p2b: Ogurin|atk|2\n|move|p2a: Brian|Low Kick|p1: Farigiraf|[notarget]\n|-fail|p2a: Brian\n|\n|upkeep\n|\n|t:|1775800756\n|switch|p1a: Miraidon|Miraidon, L50|100/100\n|switch|p1b: Calyrex|Calyrex-Ice, L50|23/100\n|-ability|p1b: Calyrex|As One\n|-ability|p1b: Calyrex|Unnerve\n|-fieldstart|move: Electric Terrain|[from] ability: Hadron Engine|[of] p1a: Miraidon\n|-activate|p2a: Brian|ability: Quark Drive\n|-start|p2a: Brian|quarkdriveatk\n|turn|8\n|\n|t:|1775800773\n|-terastallize|p1a: Miraidon|Fairy\n|move|p2b: Ogurin|Glacial Lance|p1a: Miraidon|[spread] p1a,p1b\n|-resisted|p1b: Calyrex\n|-crit|p1b: Calyrex\n|-damage|p1a: Miraidon|0 fnt\n|-damage|p1b: Calyrex|0 fnt\n|faint|p1a: Miraidon\n|faint|p1b: Calyrex\n|\n|win|TheManOfSausage\n|raw|dwadsfaafsdfaswf's rating: 1406 &rarr; <strong>1398</strong><br />(-8 for losing)\n|raw|TheManOfSausage's rating: 1651 &rarr; <strong>1659</strong><br />(+8 for winning)\n|l|\u2606dwadsfaafsdfaswf\n|player|p1|\n|c|\u2606TheManOfSausage|gg\n|l|\u2606TheManOfSausage\n|player|p2|\n","uploadtime":1775800941,"views":11,"formatid":"gen9vgc2026regi","rating":1398,"private":0,"password":null}