{"id":"gen9vgc2026regi-2537500854","format":"[Gen 9] VGC 2026 Reg I","players":["Lewissquire","j0l0k0"],"log":"|j|\u2606Lewissquire\n|j|\u2606j0l0k0\n|t:|1770821882\n|gametype|doubles\n|player|p1|Lewissquire|101|1336\n|player|p2|j0l0k0|brycen|1504\n|gen|9\n|tier|[Gen 9] VGC 2026 Reg I\n|rated|\n|rule|Species Clause: Limit one of each Pok\u00e9mon\n|rule|Item Clause: Limit 1 of each item\n|clearpoke\n|poke|p1|Miraidon, L50|\n|poke|p1|Calyrex-Ice, L50|\n|poke|p1|Incineroar, L50, M|\n|poke|p1|Urshifu-*, L50, F|\n|poke|p1|Amoonguss, L50, M|\n|poke|p1|Volcarona, L50, M|\n|poke|p2|Calyrex-Ice, L50|\n|poke|p2|Kyogre, L50|\n|poke|p2|Indeedee-F, L50, F|\n|poke|p2|Urshifu-*, L50, F|\n|poke|p2|Amoonguss, L50, F|\n|poke|p2|Landorus, L50, M|\n|teampreview|4\n|inactive|Battle timer is ON: inactive players will automatically lose when time's up. (requested by j0l0k0)\n|inactive|Lewissquire has 60 seconds left.\n|\n|t:|1770821920\n|teamsize|p1|4\n|teamsize|p2|4\n|start\n|switch|p1a: Miraidon|Miraidon, L50|100/100\n|switch|p1b: Volcarona|Volcarona, L50, M|100/100\n|switch|p2a: Kyogre|Kyogre, L50, shiny|100/100\n|switch|p2b: Landorus|Landorus, L50, M, shiny|100/100\n|-fieldstart|move: Electric Terrain|[from] ability: Hadron Engine|[of] p1a: Miraidon\n|-enditem|p1b: Volcarona|Electric Seed\n|-boost|p1b: Volcarona|def|1|[from] item: Electric Seed\n|-weather|RainDance|[from] ability: Drizzle|[of] p2a: Kyogre\n|turn|1\n|inactive|Lewissquire has 30 seconds left.\n|inactive|j0l0k0 has 30 seconds left.\n|inactive|Lewissquire has 20 seconds left.\n|\n|t:|1770821959\n|-terastallize|p2a: Kyogre|Grass\n|move|p1b: Volcarona|Protect|p1b: Volcarona\n|-singleturn|p1b: Volcarona|Protect\n|move|p1a: Miraidon|Snarl|p2a: Kyogre|[spread] p2a,p2b\n|-damage|p2a: Kyogre|92/100\n|-damage|p2b: Landorus|80/100\n|-unboost|p2a: Kyogre|spa|1\n|-unboost|p2b: Landorus|spa|1\n|move|p2b: Landorus|Sandsear Storm|p1a: Miraidon|[spread] p1a\n|-activate|p1b: Volcarona|move: Protect\n|-supereffective|p1a: Miraidon\n|-damage|p1a: Miraidon|25/100\n|move|p2a: Kyogre|Hydro Pump|p1b: Volcarona\n|-activate|p1b: Volcarona|move: Protect\n|\n|-weather|RainDance|[upkeep]\n|upkeep\n|turn|2\n|inactive|Lewissquire has 30 seconds left.\n|\n|t:|1770821989\n|-terastallize|p1b: Volcarona|Grass\n|move|p1a: Miraidon|Snarl|p2b: Landorus|[spread] p2a,p2b\n|-damage|p2a: Kyogre|83/100\n|-damage|p2b: Landorus|59/100\n|-unboost|p2a: Kyogre|spa|1\n|-unboost|p2b: Landorus|spa|1\n|move|p1b: Volcarona|Struggle Bug|p2a: Kyogre|[spread] p2a,p2b\n|-supereffective|p2a: Kyogre\n|-resisted|p2b: Landorus\n|-damage|p2a: Kyogre|68/100\n|-damage|p2b: Landorus|50/100\n|-unboost|p2a: Kyogre|spa|1\n|-unboost|p2b: Landorus|spa|1\n|move|p2b: Landorus|Sandsear Storm|p1b: Volcarona|[spread] p1a,p1b\n|-supereffective|p1a: Miraidon\n|-resisted|p1b: Volcarona\n|-damage|p1a: Miraidon|0 fnt\n|-damage|p1b: Volcarona|89/100\n|faint|p1a: Miraidon\n|move|p2a: Kyogre|Hydro Pump|p1b: Volcarona\n|-resisted|p1b: Volcarona\n|-damage|p1b: Volcarona|70/100\n|\n|-weather|RainDance|[upkeep]\n|upkeep\n|\n|t:|1770822004\n|switch|p1a: Calyrex|Calyrex-Ice, L50|100/100\n|-ability|p1a: Calyrex|As One\n|-ability|p1a: Calyrex|Unnerve\n|turn|3\n|\n|t:|1770822014\n|switch|p2b: Urshifu|Urshifu, L50, F|100/100\n|switch|p2a: Calyrex|Calyrex-Ice, L50|100/100\n|-ability|p2a: Calyrex|As One\n|-ability|p2a: Calyrex|Unnerve\n|move|p1b: Volcarona|Quiver Dance|p1b: Volcarona\n|-boost|p1b: Volcarona|spa|1\n|-boost|p1b: Volcarona|spd|1\n|-boost|p1b: Volcarona|spe|1\n|move|p1a: Calyrex|Glacial Lance|p2b: Urshifu|[spread] p2a,p2b\n|-resisted|p2a: Calyrex\n|-damage|p2a: Calyrex|84/100\n|-damage|p2b: Urshifu|42/100\n|\n|-weather|RainDance|[upkeep]\n|upkeep\n|turn|4\n|\n|t:|1770822033\n|move|p1b: Volcarona|Struggle Bug|p2b: Urshifu|[spread] p2a,p2b\n|-supereffective|p2a: Calyrex\n|-damage|p2a: Calyrex|49/100\n|-damage|p2b: Urshifu|4/100\n|-unboost|p2b: Urshifu|spa|1\n|move|p2b: Urshifu|Wicked Blow|p1a: Calyrex\n|-supereffective|p1a: Calyrex\n|-crit|p1a: Calyrex\n|-damage|p1a: Calyrex|19/100\n|move|p1a: Calyrex|Glacial Lance|p2a: Calyrex|[spread] p2a,p2b\n|-resisted|p2a: Calyrex\n|-damage|p2a: Calyrex|33/100\n|-damage|p2b: Urshifu|0 fnt\n|faint|p2b: Urshifu\n|-ability|p1a: Calyrex|Chilling Neigh|boost\n|-boost|p1a: Calyrex|atk|1\n|move|p2a: Calyrex|Glacial Lance|p1a: Calyrex|[spread] p1a,p1b\n|-resisted|p1a: Calyrex\n|-supereffective|p1b: Volcarona\n|-damage|p1a: Calyrex|2/100\n|-damage|p1b: Volcarona|0 fnt\n|faint|p1b: Volcarona\n|-ability|p2a: Calyrex|Chilling Neigh|boost\n|-boost|p2a: Calyrex|atk|1\n|\n|-weather|RainDance|[upkeep]\n|upkeep\n|\n|t:|1770822040\n|switch|p1b: Urshifu|Urshifu-Rapid-Strike, L50, F|100/100\n|switch|p2b: Landorus|Landorus, L50, M, shiny|50/100\n|turn|5\n|\n|t:|1770822061\n|move|p1a: Calyrex|Protect|p1a: Calyrex\n|-singleturn|p1a: Calyrex|Protect\n|move|p1b: Urshifu|Surging Strikes|p2b: Landorus\n|-supereffective|p2b: Landorus\n|-crit|p2b: Landorus\n|-damage|p2b: Landorus|0 fnt\n|faint|p2b: Landorus\n|-hitcount|p2: Landorus|1\n|move|p2a: Calyrex|Glacial Lance|p1b: Urshifu|[spread] p1b\n|-activate|p1a: Calyrex|move: Protect\n|-resisted|p1b: Urshifu\n|-damage|p1b: Urshifu|55/100\n|\n|-weather|none\n|-fieldend|move: Electric Terrain\n|upkeep\n|\n|t:|1770822067\n|switch|p2b: Kyogre|Kyogre, L50, shiny, tera:Grass|68/100\n|-weather|RainDance|[from] ability: Drizzle|[of] p2b: Kyogre\n|turn|6\n|\n|t:|1770822077\n|move|p1b: Urshifu|Surging Strikes|p2a: Calyrex\n|-crit|p2a: Calyrex\n|-damage|p2a: Calyrex|3/100\n|-crit|p2a: Calyrex\n|-damage|p2a: Calyrex|0 fnt\n|faint|p2a: Calyrex\n|-hitcount|p2: Calyrex|2\n|move|p2b: Kyogre|Thunder|p1b: Urshifu\n|-supereffective|p1b: Urshifu\n|-damage|p1b: Urshifu|0 fnt\n|faint|p1b: Urshifu\n|move|p1a: Calyrex|Glacial Lance|p2b: Kyogre\n|-supereffective|p2b: Kyogre\n|-damage|p2b: Kyogre|0 fnt\n|faint|p2b: Kyogre\n|\n|win|Lewissquire\n|raw|Lewissquire's rating: 1336 &rarr; <strong>1365</strong><br />(+29 for winning)\n|raw|j0l0k0's rating: 1504 &rarr; <strong>1475</strong><br />(-29 for losing)\n|l|\u2606j0l0k0\n|player|p2|\n|l|\u2606Lewissquire\n|player|p1|\n","uploadtime":1770822263,"views":11,"formatid":"gen9vgc2026regi","rating":1365,"private":0,"password":null}