{"id":"gen9vgc2026regi-2538805154","format":"[Gen 9] VGC 2026 Reg I","players":["Low Tier Goodra","huanyu0.0"],"log":"|j|\u2606Low Tier Goodra\n|j|\u2606huanyu0.0\n|t:|1770977771\n|gametype|doubles\n|player|p1|Low Tier Goodra|jasmine|1428\n|player|p2|huanyu0.0|170|1333\n|gen|9\n|tier|[Gen 9] VGC 2026 Reg I\n|rated|\n|rule|Species Clause: Limit one of each Pok\u00e9mon\n|rule|Item Clause: Limit 1 of each item\n|clearpoke\n|poke|p1|Calyrex-Ice, L50|\n|poke|p1|Kyogre, L50|\n|poke|p1|Sinistcha-Masterpiece, L50|\n|poke|p1|Rillaboom, L50, M|\n|poke|p1|Ursaluna, L50, M|\n|poke|p1|Incineroar, L50, M|\n|poke|p2|Calyrex-Shadow, L50|\n|poke|p2|Zamazenta-*, L50|\n|poke|p2|Ogerpon-Hearthflame, L50, F|\n|poke|p2|Rillaboom, L50, F|\n|poke|p2|Raging Bolt, L50|\n|poke|p2|Incineroar, L50, F|\n|teampreview|4\n|inactive|Battle timer is ON: inactive players will automatically lose when time's up. (requested by huanyu0.0)\n|inactive|huanyu0.0 has 60 seconds left.\n|\n|t:|1770977818\n|teamsize|p1|4\n|teamsize|p2|4\n|start\n|switch|p1a: Rillaboom|Rillaboom, L50, M|100/100\n|switch|p1b: Calyrex|Calyrex-Ice, L50|100/100\n|switch|p2a: Zamazenta|Zamazenta-Crowned, L50|100/100\n|switch|p2b: Calyrex|Calyrex-Shadow, L50|100/100\n|-ability|p2b: Calyrex|As One\n|-ability|p2b: Calyrex|Unnerve\n|-ability|p1b: Calyrex|As One\n|-ability|p1b: Calyrex|Unnerve\n|-ability|p2a: Zamazenta|Dauntless Shield|boost\n|-boost|p2a: Zamazenta|def|1\n|-fieldstart|move: Grassy Terrain|[from] ability: Grassy Surge|[of] p1a: Rillaboom\n|turn|1\n|inactive|Low Tier Goodra has 30 seconds left.\n|inactive|huanyu0.0 has 30 seconds left.\n|inactive|Low Tier Goodra has 20 seconds left.\n|\n|t:|1770977853\n|-terastallize|p1b: Calyrex|Water\n|move|p1a: Rillaboom|Fake Out|p2a: Zamazenta\n|-resisted|p2a: Zamazenta\n|-damage|p2a: Zamazenta|97/100\n|move|p2b: Calyrex|Astral Barrage|p1a: Rillaboom|[spread] p1a,p1b\n|-damage|p1a: Rillaboom|33/100\n|-damage|p1b: Calyrex|72/100\n|cant|p2a: Zamazenta|flinch\n|move|p1b: Calyrex|Trick Room|p1b: Calyrex\n|-fieldstart|move: Trick Room|[of] p1b: Calyrex\n|\n|-heal|p1b: Calyrex|77/100|[from] Grassy Terrain\n|-heal|p1a: Rillaboom|39/100|[from] Grassy Terrain\n|-heal|p2a: Zamazenta|100/100|[from] Grassy Terrain\n|upkeep\n|turn|2\n|inactive|huanyu0.0 has 30 seconds left.\n|\n|t:|1770977879\n|move|p2b: Calyrex|Protect|p2b: Calyrex\n|-singleturn|p2b: Calyrex|Protect\n|move|p1b: Calyrex|Leech Seed|p2a: Zamazenta\n|-start|p2a: Zamazenta|move: Leech Seed\n|move|p1a: Rillaboom|Taunt|p2a: Zamazenta\n|-start|p2a: Zamazenta|move: Taunt\n|move|p2a: Zamazenta|Body Press|p1a: Rillaboom\n|-crit|p1a: Rillaboom\n|-damage|p1a: Rillaboom|0 fnt\n|faint|p1a: Rillaboom\n|\n|-heal|p1b: Calyrex|83/100|[from] Grassy Terrain\n|-damage|p2a: Zamazenta|88/100|[from] Leech Seed|[of] p1b: Calyrex\n|-heal|p1b: Calyrex|95/100|[silent]\n|upkeep\n|inactive|Low Tier Goodra has 30 seconds left.\n|\n|t:|1770977912\n|switch|p1a: Sinistcha|Sinistcha-Masterpiece, L50|100/100\n|-enditem|p1a: Sinistcha|Grassy Seed\n|-boost|p1a: Sinistcha|def|1|[from] item: Grassy Seed\n|turn|3\n|\n|t:|1770977929\n|move|p1b: Calyrex|Glacial Lance|p2b: Calyrex|[spread] p2a,p2b\n|-resisted|p2a: Zamazenta\n|-damage|p2a: Zamazenta|80/100\n|-damage|p2b: Calyrex|46/100\n|move|p1a: Sinistcha|Shadow Ball|p2b: Calyrex\n|-supereffective|p2b: Calyrex\n|-damage|p2b: Calyrex|0 fnt\n|faint|p2b: Calyrex\n|move|p2a: Zamazenta|Body Press|p1b: Calyrex\n|-damage|p1b: Calyrex|54/100\n|\n|-heal|p1b: Calyrex|59/100|[from] Grassy Terrain\n|-heal|p2a: Zamazenta|86/100|[from] Grassy Terrain\n|-damage|p2a: Zamazenta|73/100|[from] Leech Seed|[of] p1b: Calyrex\n|-heal|p1b: Calyrex|71/100|[silent]\n|upkeep\n|\n|t:|1770977946\n|switch|p2b: Rillaboom|Rillaboom, L50, F|100/100\n|turn|4\n|inactive|huanyu0.0 has 30 seconds left.\n|\n|t:|1770977981\n|switch|p2a: Ogerpon|Ogerpon-Hearthflame, L50, F|100/100\n|-ability|p2a: Ogerpon|Mold Breaker\n|move|p1b: Calyrex|Protect|p1b: Calyrex\n|-singleturn|p1b: Calyrex|Protect\n|move|p1a: Sinistcha|Calm Mind|p1a: Sinistcha\n|-boost|p1a: Sinistcha|spa|1\n|-boost|p1a: Sinistcha|spd|1\n|move|p2b: Rillaboom|U-turn|p1a: Sinistcha\n|-damage|p1a: Sinistcha|85/100\n|\n|t:|1770977993\n|switch|p2b: Zamazenta|Zamazenta-Crowned, L50|73/100|[from] U-turn\n|\n|-heal|p1b: Calyrex|77/100|[from] Grassy Terrain\n|-heal|p1a: Sinistcha|92/100|[from] Grassy Terrain\n|-heal|p2b: Zamazenta|80/100|[from] Grassy Terrain\n|upkeep\n|turn|5\n|\n|t:|1770978018\n|switch|p1b: Kyogre|Kyogre, L50|100/100\n|-weather|RainDance|[from] ability: Drizzle|[of] p1b: Kyogre\n|-terastallize|p2a: Ogerpon|Fire\n|detailschange|p2a: Ogerpon|Ogerpon-Hearthflame-Tera, L50, F, tera:Fire\n|-ability|p2a: Ogerpon|Embody Aspect (Hearthflame)|boost\n|-boost|p2a: Ogerpon|atk|1\n|move|p1a: Sinistcha|Shadow Ball|p2a: Ogerpon\n|-damage|p2a: Ogerpon|27/100\n|move|p2a: Ogerpon|Ivy Cudgel|p1a: Sinistcha|[anim] Ivy Cudgel Fire\n|-supereffective|p1a: Sinistcha\n|-damage|p1a: Sinistcha|58/100\n|move|p2b: Zamazenta|Body Press|p1b: Kyogre\n|-damage|p1b: Kyogre|58/100\n|\n|-weather|RainDance|[upkeep]\n|-heal|p1b: Kyogre|64/100|[from] Grassy Terrain\n|-heal|p1a: Sinistcha|64/100|[from] Grassy Terrain\n|-heal|p2a: Ogerpon|33/100|[from] Grassy Terrain\n|-heal|p2b: Zamazenta|86/100|[from] Grassy Terrain\n|-fieldend|move: Trick Room\n|-fieldend|move: Grassy Terrain\n|upkeep\n|turn|6\n|inactive|Low Tier Goodra has 30 seconds left.\n|inactive|huanyu0.0 has 30 seconds left.\n|\n|t:|1770978046\n|switch|p2b: Rillaboom|Rillaboom, L50, F|100/100\n|-fieldstart|move: Grassy Terrain|[from] ability: Grassy Surge|[of] p2b: Rillaboom\n|move|p1b: Kyogre|Protect|p1b: Kyogre\n|-singleturn|p1b: Kyogre|Protect\n|move|p2a: Ogerpon|Grassy Glide|p1b: Kyogre\n|-activate|p1b: Kyogre|move: Protect\n|move|p1a: Sinistcha|Trick Room|p1a: Sinistcha\n|-fieldstart|move: Trick Room|[of] p1a: Sinistcha\n|\n|-weather|RainDance|[upkeep]\n|-heal|p1b: Kyogre|70/100|[from] Grassy Terrain\n|-heal|p1a: Sinistcha|70/100|[from] Grassy Terrain\n|-heal|p2a: Ogerpon|39/100|[from] Grassy Terrain\n|upkeep\n|turn|7\n|\n|t:|1770978068\n|move|p2a: Ogerpon|Spiky Shield|p2a: Ogerpon\n|-singleturn|p2a: Ogerpon|move: Protect\n|move|p1b: Kyogre|Origin Pulse|p2a: Ogerpon|[spread] p2b\n|-activate|p2a: Ogerpon|move: Protect\n|-resisted|p2b: Rillaboom\n|-crit|p2b: Rillaboom\n|-damage|p2b: Rillaboom|63/100\n|move|p1a: Sinistcha|Calm Mind|p1a: Sinistcha\n|-boost|p1a: Sinistcha|spa|1\n|-boost|p1a: Sinistcha|spd|1\n|move|p2b: Rillaboom|Wood Hammer|p1b: Kyogre\n|-supereffective|p1b: Kyogre\n|-damage|p1b: Kyogre|0 fnt\n|faint|p1b: Kyogre\n|-damage|p2b: Rillaboom|40/100|[from] Recoil\n|\n|-weather|RainDance|[upkeep]\n|-heal|p1a: Sinistcha|76/100|[from] Grassy Terrain\n|-heal|p2b: Rillaboom|45/100|[from] Grassy Terrain\n|-heal|p2a: Ogerpon|45/100|[from] Grassy Terrain\n|upkeep\n|\n|t:|1770978085\n|switch|p1b: Calyrex|Calyrex-Ice, L50, tera:Water|77/100\n|-ability|p1b: Calyrex|As One\n|-ability|p1b: Calyrex|Unnerve\n|turn|8\n|inactive|huanyu0.0 has 30 seconds left.\n|\n|t:|1770978113\n|switch|p2a: Zamazenta|Zamazenta-Crowned, L50|86/100\n|move|p1b: Calyrex|Protect|p1b: Calyrex\n|-singleturn|p1b: Calyrex|Protect\n|move|p1a: Sinistcha|Shadow Ball|p2a: Zamazenta\n|-damage|p2a: Zamazenta|25/100\n|move|p2b: Rillaboom|Wood Hammer|p1a: Sinistcha\n|-resisted|p1a: Sinistcha\n|-damage|p1a: Sinistcha|54/100\n|-damage|p2b: Rillaboom|39/100|[from] Recoil\n|\n|-weather|RainDance|[upkeep]\n|-heal|p1b: Calyrex|83/100|[from] Grassy Terrain\n|-heal|p1a: Sinistcha|61/100|[from] Grassy Terrain\n|-heal|p2b: Rillaboom|45/100|[from] Grassy Terrain\n|-heal|p2a: Zamazenta|31/100|[from] Grassy Terrain\n|upkeep\n|turn|9\n|inactive|Low Tier Goodra has 30 seconds left.\n|inactive|Low Tier Goodra has 20 seconds left.\n|inactive|Low Tier Goodra has 15 seconds left.\n|inactive|Low Tier Goodra has 10 seconds left.\n|\n|t:|1770978159\n|move|p2a: Zamazenta|Wide Guard|p2a: Zamazenta\n|-singleturn|p2a: Zamazenta|Wide Guard\n|move|p1b: Calyrex|Leech Seed|p2a: Zamazenta\n|-start|p2a: Zamazenta|move: Leech Seed\n|move|p1a: Sinistcha|Shadow Ball|p2b: Rillaboom\n|-damage|p2b: Rillaboom|0 fnt\n|faint|p2b: Rillaboom\n|\n|-weather|none\n|-heal|p1b: Calyrex|88/100|[from] Grassy Terrain\n|-heal|p1a: Sinistcha|67/100|[from] Grassy Terrain\n|-heal|p2a: Zamazenta|37/100|[from] Grassy Terrain\n|-damage|p2a: Zamazenta|25/100|[from] Leech Seed|[of] p1b: Calyrex\n|-heal|p1b: Calyrex|99/100|[silent]\n|upkeep\n|\n|t:|1770978173\n|switch|p2b: Ogerpon|Ogerpon-Hearthflame-Tera, L50, F, tera:Fire|45/100\n|-ability|p2b: Ogerpon|Embody Aspect (Hearthflame)|boost\n|-boost|p2b: Ogerpon|atk|1\n|turn|10\n|\n|t:|1770978196\n|move|p2b: Ogerpon|Spiky Shield|p2b: Ogerpon\n|-singleturn|p2b: Ogerpon|move: Protect\n|move|p2a: Zamazenta|Heavy Slam|p1a: Sinistcha\n|-crit|p1a: Sinistcha\n|-damage|p1a: Sinistcha|0 fnt\n|faint|p1a: Sinistcha\n|move|p1b: Calyrex|Trick Room|p1b: Calyrex\n|-fieldend|move: Trick Room\n|\n|-heal|p2a: Zamazenta|31/100|[from] Grassy Terrain\n|-heal|p2b: Ogerpon|52/100|[from] Grassy Terrain\n|-heal|p1b: Calyrex|100/100|[from] Grassy Terrain\n|-damage|p2a: Zamazenta|19/100|[from] Leech Seed|[of] p1b: Calyrex\n|-fieldend|move: Grassy Terrain\n|upkeep\n|turn|11\n|-message|Low Tier Goodra forfeited.\n|\n|win|huanyu0.0\n|raw|Low Tier Goodra's rating: 1428 &rarr; <strong>1403</strong><br />(-25 for losing)\n|raw|huanyu0.0's rating: 1333 &rarr; <strong>1358</strong><br />(+25 for winning)\n|l|\u2606Low Tier Goodra\n|player|p1|\n|l|\u2606huanyu0.0\n|player|p2|\n","uploadtime":1770978393,"views":29,"formatid":"gen9vgc2026regi","rating":1358,"private":0,"password":null}