{"id":"gen9vgc2026regi-2553036772","format":"[Gen 9] VGC 2026 Reg I","players":["avarussurava","lalo's pollos"],"log":"|j|\u2606avarussurava\n|j|\u2606lalo's pollos\n|t:|1772788937\n|gametype|doubles\n|player|p1|avarussurava|169|1389\n|player|p2|lalo's pollos|1|1472\n|gen|9\n|tier|[Gen 9] VGC 2026 Reg I\n|rated|\n|rule|Species Clause: Limit one of each Pok\u00e9mon\n|rule|Item Clause: Limit 1 of each item\n|clearpoke\n|poke|p1|Tyranitar, L50, F|\n|poke|p1|Kyogre, L50|\n|poke|p1|Zamazenta-*, L50|\n|poke|p1|Gastrodon, L50, F|\n|poke|p1|Sinistcha, L50|\n|poke|p1|Ceruledge, L50, M|\n|poke|p2|Miraidon, L50|\n|poke|p2|Landorus, L50, M|\n|poke|p2|Incineroar, L50, F|\n|poke|p2|Iron Bundle, L50|\n|poke|p2|Farigiraf, L50, M|\n|poke|p2|Calyrex-Ice, L50|\n|teampreview|4\n|\n|t:|1772788978\n|teamsize|p1|4\n|teamsize|p2|4\n|start\n|switch|p1a: Zamazenta|Zamazenta-Crowned, L50|100/100\n|switch|p1b: Ceruledge|Ceruledge, L50, M|100/100\n|switch|p2a: Co-Star|Miraidon, L50|100/100\n|switch|p2b: Landorus|Landorus, L50, M|100/100\n|-fieldstart|move: Electric Terrain|[from] ability: Hadron Engine|[of] p2a: Co-Star\n|-ability|p1a: Zamazenta|Dauntless Shield|boost\n|-boost|p1a: Zamazenta|def|1\n|turn|1\n|\n|t:|1772789006\n|switch|p1b: Tyranitar|Tyranitar, L50, F|100/100\n|-weather|Sandstorm|[from] ability: Sand Stream|[of] p1b: Tyranitar\n|-terastallize|p1a: Zamazenta|Ground\n|move|p2a: Co-Star|Volt Switch|p1a: Zamazenta\n|-immune|p1a: Zamazenta\n|move|p2b: Landorus|Earth Power|p1b: Tyranitar\n|-supereffective|p1b: Tyranitar\n|-damage|p1b: Tyranitar|32/100\n|move|p1a: Zamazenta|Body Press|p2a: Co-Star\n|-damage|p2a: Co-Star|20/100\n|\n|-weather|Sandstorm|[upkeep]\n|-damage|p2a: Co-Star|14/100|[from] Sandstorm\n|upkeep\n|turn|2\n|\n|t:|1772789025\n|move|p2a: Co-Star|Volt Switch|p1b: Tyranitar\n|-damage|p1b: Tyranitar|0 fnt\n|faint|p1b: Tyranitar\n|\n|t:|1772789029\n|switch|p2a: Incineroar|Incineroar, L50, F|100/100|[from] Volt Switch\n|-ability|p2a: Incineroar|Intimidate|boost\n|-unboost|p1a: Zamazenta|atk|1\n|move|p2b: Landorus|Earth Power|p1a: Zamazenta\n|-damage|p1a: Zamazenta|46/100\n|move|p1a: Zamazenta|Body Press|p2b: Landorus\n|-resisted|p2b: Landorus\n|-damage|p2b: Landorus|54/100\n|\n|-weather|Sandstorm|[upkeep]\n|-damage|p2a: Incineroar|95/100|[from] Sandstorm\n|upkeep\n|\n|t:|1772789040\n|switch|p1b: Sinistcha|Sinistcha, L50|100/100\n|-heal|p1a: Zamazenta|71/100|[from] ability: Hospitality|[of] p1b: Sinistcha\n|turn|3\n|\n|t:|1772789048\n|move|p2a: Incineroar|Fake Out|p1a: Zamazenta\n|-damage|p1a: Zamazenta|66/100\n|move|p2b: Landorus|Sludge Bomb|p1b: Sinistcha\n|-damage|p1b: Sinistcha|35/100\n|-enditem|p1b: Sinistcha|Sitrus Berry|[eat]\n|-heal|p1b: Sinistcha|60/100|[from] item: Sitrus Berry\n|cant|p1a: Zamazenta|flinch\n|move|p1b: Sinistcha|Shadow Ball|p2b: Landorus\n|-crit|p2b: Landorus\n|-damage|p2b: Landorus|0 fnt\n|faint|p2b: Landorus\n|\n|-weather|Sandstorm|[upkeep]\n|-damage|p1b: Sinistcha|54/100|[from] Sandstorm\n|-damage|p2a: Incineroar|89/100|[from] Sandstorm\n|upkeep\n|\n|t:|1772789061\n|switch|p2b: Co-Star|Miraidon, L50|14/100\n|-activate|p2b: Co-Star|ability: Hadron Engine\n|turn|4\n|\n|t:|1772789083\n|-terastallize|p2b: Co-Star|Fairy\n|move|p1b: Sinistcha|Rage Powder|p1b: Sinistcha\n|-singleturn|p1b: Sinistcha|move: Rage Powder\n|move|p2b: Co-Star|Dazzling Gleam|p1b: Sinistcha|[spread] p1a,p1b\n|-damage|p1a: Zamazenta|24/100\n|-damage|p1b: Sinistcha|0 fnt\n|faint|p1b: Sinistcha\n|move|p1a: Zamazenta|Body Press|p2a: Incineroar\n|-supereffective|p2a: Incineroar\n|-damage|p2a: Incineroar|0 fnt\n|faint|p2a: Incineroar\n|\n|-weather|Sandstorm|[upkeep]\n|-damage|p2b: Co-Star|8/100|[from] Sandstorm\n|upkeep\n|\n|t:|1772789094\n|switch|p1b: Ceruledge|Ceruledge, L50, M|100/100\n|switch|p2a: the Star|Iron Bundle, L50|100/100\n|-activate|p2a: the Star|ability: Quark Drive\n|-start|p2a: the Star|quarkdrivespe\n|turn|5\n|\n|t:|1772789103\n|move|p1a: Zamazenta|Wide Guard|p1a: Zamazenta\n|-singleturn|p1a: Zamazenta|Wide Guard\n|move|p1b: Ceruledge|Shadow Sneak|p2b: Co-Star\n|-damage|p2b: Co-Star|0 fnt\n|faint|p2b: Co-Star\n|move|p2a: the Star|Freeze-Dry|p1a: Zamazenta\n|-supereffective|p1a: Zamazenta\n|-damage|p1a: Zamazenta|0 fnt\n|faint|p1a: Zamazenta\n|\n|-weather|none\n|-fieldend|move: Electric Terrain\n|-end|p2a: the Star|Quark Drive\n|upkeep\n|turn|6\n|\n|t:|1772789120\n|move|p2a: the Star|Encore|p1b: Ceruledge\n|-start|p1b: Ceruledge|Encore\n|move|p1b: Ceruledge|Shadow Sneak|p2a: the Star\n|-damage|p2a: the Star|72/100\n|\n|upkeep\n|turn|7\n|\n|t:|1772789125\n|move|p1b: Ceruledge|Shadow Sneak|p2a: the Star\n|-damage|p2a: the Star|44/100\n|move|p2a: the Star|Freeze-Dry|p1b: Ceruledge\n|-resisted|p1b: Ceruledge\n|-damage|p1b: Ceruledge|82/100\n|\n|upkeep\n|turn|8\n|-message|lalo's pollos forfeited.\n|\n|win|avarussurava\n|raw|avarussurava's rating: 1389 &rarr; <strong>1414</strong><br />(+25 for winning)\n|raw|lalo&apos;s pollos's rating: 1472 &rarr; <strong>1447</strong><br />(-25 for losing)\n|l|\u2606lalo's pollos\n|player|p2|\n|l|\u2606avarussurava\n|player|p1|\n","uploadtime":1772789135,"views":17,"formatid":"gen9vgc2026regi","rating":1414,"private":0,"password":null}