{"id":"gen9vgc2026regi-2526732627","format":"[Gen 9] VGC 2026 Reg I","players":["indiecollin","i\u2764\u5a1c\u7984forever"],"log":"|j|\u2606indiecollin\n|j|\u2606i\u2764\u5a1c\u7984forever\n|t:|1769452469\n|gametype|doubles\n|player|p1|indiecollin|265|1215\n|player|p2|i\u2764\u5a1c\u7984forever|youngcouple-gen4dp|1217\n|gen|9\n|tier|[Gen 9] VGC 2026 Reg I\n|rated|\n|rule|Species Clause: Limit one of each Pok\u00e9mon\n|rule|Item Clause: Limit 1 of each item\n|clearpoke\n|poke|p1|Weezing, L50, M|\n|poke|p1|Toedscruel, L50, M|\n|poke|p1|Porygon2, L50|\n|poke|p1|Grimmsnarl, L50, M|\n|poke|p1|Calyrex-Shadow, L50|\n|poke|p1|Zamazenta-*, L50|\n|poke|p2|Groudon, L50|\n|poke|p2|Kyurem-White, L50|\n|poke|p2|Brute Bonnet, L50|\n|poke|p2|Heatran, L50, M|\n|poke|p2|Whimsicott, L50, M|\n|poke|p2|Farigiraf, L50, M|\n|teampreview|4\n|\n|t:|1769452498\n|teamsize|p1|4\n|teamsize|p2|4\n|start\n|switch|p1a: Weezing|Weezing, L50, M|100/100\n|switch|p1b: Porygon2|Porygon2, L50|100/100\n|switch|p2a: Heatran|Heatran, L50, M|100/100\n|switch|p2b: Whimsicott|Whimsicott, L50, M|100/100\n|-ability|p1a: Weezing|Neutralizing Gas\n|turn|1\n|\n|t:|1769452512\n|move|p1a: Weezing|Protect|p1a: Weezing\n|-singleturn|p1a: Weezing|Protect\n|move|p2b: Whimsicott|Endeavor|p1b: Porygon2\n|-damage|p1b: Porygon2|63/100\n|move|p2a: Heatran|Substitute|p2a: Heatran\n|-start|p2a: Heatran|Substitute\n|-damage|p2a: Heatran|76/100\n|move|p1b: Porygon2|Trick Room|p1b: Porygon2\n|-fieldstart|move: Trick Room|[of] p1b: Porygon2\n|\n|-heal|p2a: Heatran|82/100|[from] item: Leftovers\n|upkeep\n|turn|2\n|\n|t:|1769452529\n|move|p1b: Porygon2|Tera Blast|p2b: Whimsicott\n|-damage|p2b: Whimsicott|37/100\n|move|p1a: Weezing|Sludge Bomb|p2b: Whimsicott\n|-supereffective|p2b: Whimsicott\n|-damage|p2b: Whimsicott|0 fnt\n|faint|p2b: Whimsicott\n|move|p2a: Heatran|Heat Wave|p1a: Weezing|[spread] p1a,p1b\n|-damage|p1a: Weezing|57/100\n|-damage|p1b: Porygon2|40/100\n|-status|p1b: Porygon2|brn\n|\n|-heal|p1a: Weezing|63/100|[from] item: Leftovers\n|-heal|p2a: Heatran|88/100|[from] item: Leftovers\n|-damage|p1b: Porygon2|33/100 brn|[from] brn\n|upkeep\n|\n|t:|1769452535\n|switch|p2b: Groudon|Groudon, L50|100/100\n|turn|3\n|\n|t:|1769452548\n|move|p1b: Porygon2|Recover|p1b: Porygon2\n|-heal|p1b: Porygon2|83/100 brn\n|move|p1a: Weezing|Will-O-Wisp|p2b: Groudon|[miss]\n|-miss|p1a: Weezing|p2b: Groudon\n|move|p2a: Heatran|Heat Wave|p1b: Porygon2|[spread] p1a,p1b\n|-damage|p1a: Weezing|13/100\n|-damage|p1b: Porygon2|61/100 brn\n|move|p2b: Groudon|Precipice Blades|p1a: Weezing|[spread] p1a,p1b\n|-supereffective|p1a: Weezing\n|-damage|p1a: Weezing|0 fnt\n|-damage|p1b: Porygon2|33/100 brn\n|faint|p1a: Weezing\n|-end|p1a: Weezing|ability: Neutralizing Gas\n|-ability|p1b: Porygon2|Download|boost\n|-boost|p1b: Porygon2|spa|1\n|-weather|SunnyDay|[from] ability: Drought|[of] p2b: Groudon\n|\n|-weather|SunnyDay|[upkeep]\n|-heal|p2a: Heatran|94/100|[from] item: Leftovers\n|-damage|p1b: Porygon2|27/100 brn|[from] brn\n|upkeep\n|\n|t:|1769452554\n|switch|p1a: Zamazenta|Zamazenta-Crowned, L50|100/100\n|-ability|p1a: Zamazenta|Dauntless Shield|boost\n|-boost|p1a: Zamazenta|def|1\n|turn|4\n|\n|t:|1769452574\n|move|p1a: Zamazenta|Wide Guard|p1a: Zamazenta\n|-singleturn|p1a: Zamazenta|Wide Guard\n|move|p1b: Porygon2|Ice Beam|p2b: Groudon\n|-supereffective|p2b: Groudon\n|-damage|p2b: Groudon|55/100\n|move|p2a: Heatran|Earth Power|p1a: Zamazenta\n|-supereffective|p1a: Zamazenta\n|-damage|p1a: Zamazenta|57/100\n|move|p2b: Groudon|Heat Crash|p1b: Porygon2\n|-damage|p1b: Porygon2|0 fnt\n|faint|p1b: Porygon2\n|\n|-weather|SunnyDay|[upkeep]\n|-heal|p2a: Heatran|99/100|[from] item: Leftovers\n|upkeep\n|\n|t:|1769452587\n|switch|p1b: Calyrex|Calyrex-Shadow, L50|100/100\n|-ability|p1b: Calyrex|As One\n|-ability|p1b: Calyrex|Unnerve\n|turn|5\n|\n|t:|1769452603\n|move|p1b: Calyrex|Protect|p1b: Calyrex\n|-singleturn|p1b: Calyrex|Protect\n|move|p1a: Zamazenta|Wide Guard|p1a: Zamazenta\n|-singleturn|p1a: Zamazenta|Wide Guard\n|move|p2a: Heatran|Heat Wave|p1a: Zamazenta|[spread] \n|-activate|p1a: Zamazenta|move: Wide Guard\n|-activate|p1b: Calyrex|move: Wide Guard\n|move|p2b: Groudon|Heat Crash|p1a: Zamazenta\n|-supereffective|p1a: Zamazenta\n|-damage|p1a: Zamazenta|36/100\n|\n|-weather|SunnyDay|[upkeep]\n|-heal|p2a: Heatran|100/100|[from] item: Leftovers\n|-fieldend|move: Trick Room\n|upkeep\n|turn|6\n|\n|t:|1769452631\n|move|p1a: Zamazenta|Wide Guard|p1a: Zamazenta\n|-singleturn|p1a: Zamazenta|Wide Guard\n|move|p1b: Calyrex|Astral Barrage|p2b: Groudon|[spread] p2a,p2b\n|-end|p2a: Heatran|Substitute\n|-damage|p2b: Groudon|17/100\n|move|p2b: Groudon|Crunch|p1b: Calyrex\n|-supereffective|p1b: Calyrex\n|-damage|p1b: Calyrex|0 fnt\n|faint|p1b: Calyrex\n|move|p2a: Heatran|Heat Wave|p1a: Zamazenta\n|-activate|p1a: Zamazenta|move: Wide Guard\n|\n|-weather|SunnyDay|[upkeep]\n|upkeep\n|turn|7\n|\n|t:|1769452657\n|-terastallize|p1a: Zamazenta|Ghost\n|move|p1a: Zamazenta|Body Press|p2a: Heatran\n|-supereffective|p2a: Heatran\n|-damage|p2a: Heatran|0 fnt\n|-status|p1a: Zamazenta|brn|[from] ability: Flame Body|[of] p2a: Heatran\n|faint|p2a: Heatran\n|move|p2b: Groudon|Precipice Blades|p1a: Zamazenta\n|-damage|p1a: Zamazenta|5/100 brn\n|\n|-weather|none\n|-damage|p1a: Zamazenta|0 fnt|[from] brn\n|faint|p1a: Zamazenta\n|\n|win|i\u2764\u5a1c\u7984forever\n|raw|indiecollin's rating: 1215 &rarr; <strong>1190</strong><br />(-25 for losing)\n|raw|i\u2764\u5a1c\u7984forever's rating: 1217 &rarr; <strong>1242</strong><br />(+25 for winning)\n|l|\u2606i\u2764\u5a1c\u7984forever\n|player|p2|\n|l|\u2606indiecollin\n|player|p1|\n","uploadtime":1769452919,"views":11,"formatid":"gen9vgc2026regi","rating":1190,"private":0,"password":null}