{"id":"gen9vgc2026regi-2520068964","format":"[Gen 9] VGC 2026 Reg I","players":["Esty1012","jpto5"],"log":"|j|\u2606Esty1012\n|j|\u2606jpto5\n|t:|1768585288\n|gametype|doubles\n|player|p1|Esty1012|unknown|1255\n|player|p2|jpto5|2|1316\n|gen|9\n|tier|[Gen 9] VGC 2026 Reg I\n|rated|\n|rule|Species Clause: Limit one of each Pok\u00e9mon\n|rule|Item Clause: Limit 1 of each item\n|clearpoke\n|poke|p1|Calyrex-Ice, L50|\n|poke|p1|Miraidon, L50|\n|poke|p1|Grimmsnarl, L50, M|\n|poke|p1|Urshifu-*, L50, F|\n|poke|p1|Incineroar, L50, M|\n|poke|p1|Landorus, L50, M|\n|poke|p2|Tornadus, L50, M|\n|poke|p2|Kyogre, L50|\n|poke|p2|Zacian-*, L50|\n|poke|p2|Incineroar, L50, F|\n|poke|p2|Basculegion, L50, M|\n|poke|p2|Kilowattrel, L50, F|\n|teampreview|4\n|inactive|Battle timer is ON: inactive players will automatically lose when time's up. (requested by jpto5)\n|inactive|jpto5 has 60 seconds left.\n|\n|t:|1768585323\n|teamsize|p1|4\n|teamsize|p2|4\n|start\n|switch|p1a: Calyrex|Calyrex-Ice, L50|100/100\n|switch|p1b: Grimmsnarl|Grimmsnarl, L50, M|100/100\n|switch|p2a: Incineroar|Incineroar, L50, F|100/100\n|switch|p2b: Zacian|Zacian-Crowned, L50|100/100\n|-ability|p1a: Calyrex|As One\n|-ability|p1a: Calyrex|Unnerve\n|-ability|p2b: Zacian|Intrepid Sword|boost\n|-boost|p2b: Zacian|atk|1\n|-ability|p2a: Incineroar|Intimidate|boost\n|-unboost|p1a: Calyrex|atk|1\n|-unboost|p1b: Grimmsnarl|atk|1\n|turn|1\n|inactive|Esty1012 has 30 seconds left.\n|\n|t:|1768585350\n|switch|p1a: Urshifu|Urshifu-Rapid-Strike, L50, F|100/100\n|move|p2a: Incineroar|Fake Out|p1a: Urshifu\n|-damage|p1a: Urshifu|90/100\n|move|p1b: Grimmsnarl|Reflect|p1b: Grimmsnarl\n|-sidestart|p1: Esty1012|Reflect\n|move|p2b: Zacian|Behemoth Blade|p1b: Grimmsnarl\n|-supereffective|p1b: Grimmsnarl\n|-damage|p1b: Grimmsnarl|0 fnt\n|faint|p1b: Grimmsnarl\n|\n|upkeep\n|\n|t:|1768585358\n|switch|p1b: Calyrex|Calyrex-Ice, L50|100/100\n|-ability|p1b: Calyrex|As One\n|-ability|p1b: Calyrex|Unnerve\n|turn|2\n|\n|t:|1768585375\n|move|p2b: Zacian|Play Rough|p1a: Urshifu\n|-supereffective|p1a: Urshifu\n|-damage|p1a: Urshifu|0 fnt\n|faint|p1a: Urshifu\n|move|p2a: Incineroar|Knock Off|p1b: Calyrex\n|-supereffective|p1b: Calyrex\n|-damage|p1b: Calyrex|71/100\n|-enditem|p1b: Calyrex|Leftovers|[from] move: Knock Off|[of] p2a: Incineroar\n|move|p1b: Calyrex|Leech Seed|p2b: Zacian\n|-start|p2b: Zacian|move: Leech Seed\n|\n|-damage|p2b: Zacian|89/100|[from] Leech Seed|[of] p1b: Calyrex\n|-heal|p1b: Calyrex|81/100|[silent]\n|upkeep\n|\n|t:|1768585377\n|switch|p1a: Miraidon|Miraidon, L50|100/100\n|-fieldstart|move: Electric Terrain|[from] ability: Hadron Engine|[of] p1a: Miraidon\n|turn|3\n|\n|t:|1768585397\n|switch|p2b: Basculegion|Basculegion, L50, M|100/100\n|-terastallize|p1b: Calyrex|Water\n|move|p1a: Miraidon|Electro Drift|p2a: Incineroar\n|-damage|p2a: Incineroar|17/100\n|move|p2a: Incineroar|Parting Shot|p1a: Miraidon\n|-unboost|p1a: Miraidon|atk|1\n|-unboost|p1a: Miraidon|spa|1\n|\n|t:|1768585401\n|switch|p2a: Kyogre|Kyogre, L50|100/100|[from] Parting Shot\n|-weather|RainDance|[from] ability: Drizzle|[of] p2a: Kyogre\n|move|p1b: Calyrex|Trick Room|p1b: Calyrex\n|-fieldstart|move: Trick Room|[of] p1b: Calyrex\n|\n|-weather|RainDance|[upkeep]\n|upkeep\n|turn|4\n|\n|t:|1768585418\n|-terastallize|p2a: Kyogre|Ground\n|move|p2b: Basculegion|Protect|p2b: Basculegion\n|-singleturn|p2b: Basculegion|Protect\n|move|p1b: Calyrex|Glacial Lance|p2a: Kyogre|[spread] p2a\n|-activate|p2b: Basculegion|move: Protect\n|-supereffective|p2a: Kyogre\n|-damage|p2a: Kyogre|0 fnt\n|faint|p2a: Kyogre\n|-ability|p1b: Calyrex|Chilling Neigh|boost\n|-boost|p1b: Calyrex|atk|1\n|move|p1a: Miraidon|Electro Drift|p2b: Basculegion\n|-activate|p2b: Basculegion|move: Protect\n|\n|-weather|RainDance|[upkeep]\n|upkeep\n|\n|t:|1768585426\n|switch|p2a: Incineroar|Incineroar, L50, F|17/100\n|-ability|p2a: Incineroar|Intimidate|boost\n|-unboost|p1a: Miraidon|atk|1\n|-unboost|p1b: Calyrex|atk|1\n|turn|5\n|\n|t:|1768585441\n|move|p2a: Incineroar|Fake Out|p1b: Calyrex\n|-damage|p1b: Calyrex|76/100\n|cant|p1b: Calyrex|flinch\n|move|p1a: Miraidon|Electro Drift|p2b: Basculegion\n|-supereffective|p2b: Basculegion\n|-damage|p2b: Basculegion|0 fnt\n|faint|p2b: Basculegion\n|\n|-weather|RainDance|[upkeep]\n|upkeep\n|\n|t:|1768585448\n|switch|p2b: Zacian|Zacian-Crowned, L50|89/100\n|turn|6\n|\n|t:|1768585458\n|move|p1b: Calyrex|Glacial Lance|p2b: Zacian|[spread] p2a,p2b\n|-resisted|p2a: Incineroar\n|-resisted|p2b: Zacian\n|-damage|p2a: Incineroar|0 fnt\n|-damage|p2b: Zacian|65/100\n|faint|p2a: Incineroar\n|-ability|p1b: Calyrex|Chilling Neigh|boost\n|-boost|p1b: Calyrex|atk|1\n|move|p1a: Miraidon|Electro Drift|p2b: Zacian\n|-damage|p2b: Zacian|0 fnt\n|faint|p2b: Zacian\n|\n|win|Esty1012\n|raw|Esty1012's rating: 1255 &rarr; <strong>1284</strong><br />(+29 for winning)\n|raw|jpto5's rating: 1316 &rarr; <strong>1293</strong><br />(-23 for losing)\n|l|\u2606jpto5\n|player|p2|\n|l|\u2606Esty1012\n|player|p1|\n","uploadtime":1768585694,"views":16,"formatid":"gen9vgc2026regi","rating":1284,"private":0,"password":null}