{"id":"gen9vgc2026regi-2553300819","format":"[Gen 9] VGC 2026 Reg I","players":["Jiggidy","partigiano jonny"],"log":"|j|\u2606Jiggidy\n|j|\u2606partigiano jonny\n|t:|1772818458\n|gametype|doubles\n|player|p1|Jiggidy|170|1421\n|player|p2|partigiano jonny|volkner|1571\n|gen|9\n|tier|[Gen 9] VGC 2026 Reg I\n|rated|\n|rule|Species Clause: Limit one of each Pok\u00e9mon\n|rule|Item Clause: Limit 1 of each item\n|clearpoke\n|poke|p1|Ho-Oh, L50|\n|poke|p1|Urshifu-*, L50, F|\n|poke|p1|Toxapex, L50, F|\n|poke|p1|Miraidon, L50|\n|poke|p1|Rhyperior, L50, M|\n|poke|p1|Flutter Mane, L50|\n|poke|p2|Terapagos, L50, M|\n|poke|p2|Miraidon, L50|\n|poke|p2|Incineroar, L50, M|\n|poke|p2|Iron Treads, L50|\n|poke|p2|Sinistcha, L50|\n|poke|p2|Urshifu-*, L50, F|\n|teampreview|4\n|inactive|Battle timer is ON: inactive players will automatically lose when time's up. (requested by partigiano jonny)\n|\n|t:|1772818485\n|teamsize|p1|4\n|teamsize|p2|4\n|start\n|switch|p1a: Toxapex|Toxapex, L50, F, shiny|100/100\n|switch|p1b: Miraidon|Miraidon, L50, shiny|100/100\n|switch|p2a: Miraidon|Miraidon, L50|100/100\n|switch|p2b: Iron Treads|Iron Treads, L50|100/100\n|-fieldstart|move: Electric Terrain|[from] ability: Hadron Engine|[of] p1b: Miraidon\n|-activate|p2b: Iron Treads|ability: Quark Drive\n|-start|p2b: Iron Treads|quarkdrivespe\n|-activate|p2a: Miraidon|ability: Hadron Engine\n|turn|1\n|inactive|Jiggidy has 30 seconds left.\n|inactive|Jiggidy has 20 seconds left.\n|inactive|Jiggidy has 15 seconds left.\n|inactive|Jiggidy has 10 seconds left.\n|inactive|Jiggidy has 5 seconds left.\n|\n|t:|1772818537\n|-terastallize|p1b: Miraidon|Fairy\n|-terastallize|p2a: Miraidon|Electric\n|move|p1a: Toxapex|Wide Guard|p1a: Toxapex\n|-singleturn|p1a: Toxapex|Wide Guard\n|move|p1b: Miraidon|Draco Meteor|p2b: Iron Treads\n|-resisted|p2b: Iron Treads\n|-damage|p2b: Iron Treads|38/100\n|-unboost|p1b: Miraidon|spa|2\n|move|p2b: Iron Treads|High Horsepower|p1b: Miraidon\n|-damage|p1b: Miraidon|44/100\n|-damage|p2b: Iron Treads|29/100|[from] item: Life Orb\n|move|p2a: Miraidon|Volt Switch|p1b: Miraidon\n|-damage|p1b: Miraidon|0 fnt\n|faint|p1b: Miraidon\n|\n|t:|1772818557\n|switch|p2a: Urshifu|Urshifu-Rapid-Strike, L50, F|100/100|[from] Volt Switch\n|\n|upkeep\n|\n|t:|1772818573\n|switch|p1b: Urshifu|Urshifu, L50, F|100/100\n|turn|2\n|\n|t:|1772818592\n|move|p2b: Iron Treads|Steel Roller|p1b: Urshifu\n|-damage|p1b: Urshifu|12/100\n|-fieldend|move: Electric Terrain\n|-end|p2b: Iron Treads|Quark Drive\n|-damage|p2b: Iron Treads|19/100|[from] item: Life Orb\n|move|p1b: Urshifu|Close Combat|p2a: Urshifu\n|-damage|p2a: Urshifu|38/100\n|-unboost|p1b: Urshifu|def|1\n|-unboost|p1b: Urshifu|spd|1\n|move|p2a: Urshifu|Surging Strikes|p1b: Urshifu\n|-crit|p1b: Urshifu\n|-damage|p1b: Urshifu|0 fnt\n|faint|p1b: Urshifu\n|-hitcount|p1: Urshifu|1\n|move|p1a: Toxapex|Infestation|p2a: Urshifu\n|-resisted|p2a: Urshifu\n|-damage|p2a: Urshifu|36/100\n|-activate|p2a: Urshifu|move: Infestation|[of] p1a: Toxapex\n|\n|-damage|p2a: Urshifu|24/100|[from] move: Infestation|[partiallytrapped]\n|upkeep\n|\n|t:|1772818601\n|switch|p1b: Ho-Oh|Ho-Oh, L50|100/100\n|turn|3\n|\n|t:|1772818620\n|move|p1b: Ho-Oh|Protect|p1b: Ho-Oh\n|-singleturn|p1b: Ho-Oh|Protect\n|move|p2b: Iron Treads|Rock Tomb|p1b: Ho-Oh\n|-activate|p1b: Ho-Oh|move: Protect\n|move|p2a: Urshifu|Surging Strikes|p1b: Ho-Oh\n|-supereffective|p1b: Ho-Oh\n|-crit|p1b: Ho-Oh\n|-damage|p1b: Ho-Oh|63/100\n|-supereffective|p1b: Ho-Oh\n|-crit|p1b: Ho-Oh\n|-damage|p1b: Ho-Oh|24/100\n|-enditem|p1b: Ho-Oh|Sitrus Berry|[eat]\n|-heal|p1b: Ho-Oh|48/100|[from] item: Sitrus Berry\n|-supereffective|p1b: Ho-Oh\n|-crit|p1b: Ho-Oh\n|-damage|p1b: Ho-Oh|11/100\n|-hitcount|p1b: Ho-Oh|3\n|move|p1a: Toxapex|Infestation|p2b: Iron Treads\n|-resisted|p2b: Iron Treads\n|-damage|p2b: Iron Treads|17/100\n|-activate|p2b: Iron Treads|move: Infestation|[of] p1a: Toxapex\n|\n|-damage|p2b: Iron Treads|5/100|[from] move: Infestation|[partiallytrapped]\n|-damage|p2a: Urshifu|11/100|[from] move: Infestation|[partiallytrapped]\n|upkeep\n|turn|4\n|\n|t:|1772818643\n|move|p2a: Urshifu|Aqua Jet|p1b: Ho-Oh\n|-supereffective|p1b: Ho-Oh\n|-damage|p1b: Ho-Oh|0 fnt\n|faint|p1b: Ho-Oh\n|move|p2b: Iron Treads|High Horsepower|p1a: Toxapex|[miss]\n|-miss|p2b: Iron Treads|p1a: Toxapex\n|move|p1a: Toxapex|Toxic Spikes|p2b: Iron Treads\n|-sidestart|p2: partigiano jonny|move: Toxic Spikes\n|\n|-damage|p2b: Iron Treads|0 fnt|[from] move: Infestation|[partiallytrapped]\n|faint|p2b: Iron Treads\n|-end|p2b: Iron Treads|Quark Drive|[silent]\n|-damage|p2a: Urshifu|0 fnt|[from] move: Infestation|[partiallytrapped]\n|faint|p2a: Urshifu\n|upkeep\n|\n|t:|1772818647\n|switch|p2b: Sinistcha|Sinistcha, L50|100/100\n|switch|p2a: Miraidon|Miraidon, L50, tera:Electric|100/100\n|-status|p2a: Miraidon|psn\n|-fieldstart|move: Electric Terrain|[from] ability: Hadron Engine|[of] p2a: Miraidon\n|-status|p2b: Sinistcha|psn\n|turn|5\n|\n|t:|1772818671\n|move|p1a: Toxapex|Baneful Bunker|p1a: Toxapex\n|-singleturn|p1a: Toxapex|move: Protect\n|move|p2a: Miraidon|Electro Drift|p1a: Toxapex\n|-activate|p1a: Toxapex|move: Protect\n|move|p2b: Sinistcha|Shadow Ball|p1a: Toxapex\n|-activate|p1a: Toxapex|move: Protect\n|\n|-damage|p2a: Miraidon|88/100 psn|[from] psn\n|-damage|p2b: Sinistcha|88/100 psn|[from] psn\n|upkeep\n|turn|6\n|\n|t:|1772818678\n|move|p1a: Toxapex|Baneful Bunker||[still]\n|-fail|p1a: Toxapex\n|move|p2a: Miraidon|Electro Drift|p1a: Toxapex\n|-supereffective|p1a: Toxapex\n|-damage|p1a: Toxapex|0 fnt\n|faint|p1a: Toxapex\n|\n|win|partigiano jonny\n|raw|Jiggidy's rating: 1421 &rarr; <strong>1409</strong><br />(-12 for losing)\n|raw|partigiano jonny's rating: 1571 &rarr; <strong>1583</strong><br />(+12 for winning)\n|l|\u2606Jiggidy\n|player|p1|\n|l|\u2606partigiano jonny\n|player|p2|\n","uploadtime":1772818678,"views":15,"formatid":"gen9vgc2026regi","rating":1409,"private":0,"password":null}