{"id":"gen9vgc2026regi-2556720066","format":"[Gen 9] VGC 2026 Reg I","players":["drive stone","fogdocker"],"log":"|j|\u2606drive stone\n|j|\u2606fogdocker\n|t:|1773243023\n|gametype|doubles\n|player|p1|drive stone|cilan|1375\n|player|p2|fogdocker|101|1479\n|gen|9\n|tier|[Gen 9] VGC 2026 Reg I\n|rated|\n|rule|Species Clause: Limit one of each Pok\u00e9mon\n|rule|Item Clause: Limit 1 of each item\n|clearpoke\n|poke|p1|Calyrex-Ice, L50|\n|poke|p1|Ho-Oh, L50|\n|poke|p1|Overqwil, L50, M|\n|poke|p1|Rillaboom, L50, F|\n|poke|p1|Ting-Lu, L50|\n|poke|p1|Ogerpon-Wellspring, L50, F|\n|poke|p2|Calyrex-Ice, L50|\n|poke|p2|Koraidon, L50|\n|poke|p2|Flutter Mane, L50|\n|poke|p2|Incineroar, L50, M|\n|poke|p2|Rillaboom, L50, F|\n|poke|p2|Annihilape, L50, F|\n|teampreview|4\n|inactive|Battle timer is ON: inactive players will automatically lose when time's up. (requested by fogdocker)\n|\n|t:|1773243096\n|teamsize|p1|4\n|teamsize|p2|4\n|start\n|switch|p1a: Calyrex|Calyrex-Ice, L50|100/100\n|switch|p1b: Overqwil|Overqwil, L50, M|100/100\n|switch|p2a: Koraidon|Koraidon, L50|100/100\n|switch|p2b: Annihilape|Annihilape, L50, F|100/100\n|-ability|p1a: Calyrex|As One\n|-ability|p1a: Calyrex|Unnerve\n|-weather|SunnyDay|[from] ability: Orichalcum Pulse|[of] p2a: Koraidon\n|-activate|p2a: Koraidon|Orichalcum Pulse|[source]\n|-ability|p1b: Overqwil|Intimidate|boost\n|-unboost|p2a: Koraidon|atk|1\n|-unboost|p2b: Annihilape|atk|1\n|-ability|p2b: Annihilape|Defiant|boost\n|-boost|p2b: Annihilape|atk|2\n|turn|1\n|inactive|fogdocker has 30 seconds left.\n|inactive|fogdocker has 20 seconds left.\n|\n|t:|1773243131\n|move|p1a: Calyrex|Protect|p1a: Calyrex\n|-singleturn|p1a: Calyrex|Protect\n|move|p2b: Annihilape|Close Combat|p1b: Overqwil\n|-damage|p1b: Overqwil|36/100\n|-unboost|p2b: Annihilape|def|1\n|-unboost|p2b: Annihilape|spd|1\n|move|p2a: Koraidon|Close Combat|p1b: Overqwil\n|-damage|p1b: Overqwil|0 fnt\n|-unboost|p2a: Koraidon|def|1\n|-unboost|p2a: Koraidon|spd|1\n|faint|p1b: Overqwil\n|-damage|p2a: Koraidon|91/100|[from] item: Life Orb\n|\n|-weather|SunnyDay|[upkeep]\n|upkeep\n|\n|t:|1773243147\n|switch|p1b: Ho-Oh|Ho-Oh, L50|100/100\n|turn|2\n|\n|t:|1773243162\n|switch|p2b: Incineroar|Incineroar, L50, M|100/100\n|-ability|p2b: Incineroar|Intimidate|boost\n|-unboost|p1a: Calyrex|atk|1\n|-unboost|p1b: Ho-Oh|atk|1\n|-terastallize|p1a: Calyrex|Water\n|move|p2a: Koraidon|Protect|p2a: Koraidon\n|-singleturn|p2a: Koraidon|Protect\n|move|p1b: Ho-Oh|Sacred Fire|p2b: Incineroar\n|-resisted|p2b: Incineroar\n|-damage|p2b: Incineroar|85/100\n|move|p1a: Calyrex|Trick Room|p1a: Calyrex\n|-fieldstart|move: Trick Room|[of] p1a: Calyrex\n|\n|-weather|SunnyDay|[upkeep]\n|upkeep\n|turn|3\n|\n|t:|1773243179\n|switch|p1a: Ting-Lu|Ting-Lu, L50|100/100\n|-ability|p1a: Ting-Lu|Vessel of Ruin\n|switch|p2a: Calyrex|Calyrex-Ice, L50|100/100\n|-ability|p2a: Calyrex|As One\n|-ability|p2a: Calyrex|Unnerve\n|move|p2b: Incineroar|Fake Out|p1b: Ho-Oh\n|-damage|p1b: Ho-Oh|93/100\n|-damage|p2b: Incineroar|68/100|[from] item: Rocky Helmet|[of] p1b: Ho-Oh\n|cant|p1b: Ho-Oh|flinch\n|\n|-weather|SunnyDay|[upkeep]\n|upkeep\n|turn|4\n|\n|t:|1773243198\n|switch|p1a: Calyrex|Calyrex-Ice, L50, tera:Water|100/100\n|-ability|p1a: Calyrex|As One\n|-ability|p1a: Calyrex|Unnerve\n|-terastallize|p2a: Calyrex|Water\n|move|p2a: Calyrex|Glacial Lance|p1b: Ho-Oh|[spread] p1a,p1b\n|-resisted|p1a: Calyrex\n|-damage|p1a: Calyrex|88/100\n|-damage|p1b: Ho-Oh|62/100\n|move|p2b: Incineroar|Parting Shot|p1b: Ho-Oh\n|-unboost|p1b: Ho-Oh|atk|1\n|-unboost|p1b: Ho-Oh|spa|1\n|\n|t:|1773243212\n|switch|p2b: Koraidon|Koraidon, L50|91/100|[from] Parting Shot\n|-activate|p2b: Koraidon|ability: Orichalcum Pulse\n|move|p1b: Ho-Oh|Sacred Fire|p2a: Calyrex\n|-resisted|p2a: Calyrex\n|-damage|p2a: Calyrex|91/100\n|-status|p2a: Calyrex|brn\n|\n|-weather|SunnyDay|[upkeep]\n|-heal|p2a: Calyrex|97/100 brn|[from] item: Leftovers\n|-heal|p1a: Calyrex|94/100|[from] item: Leftovers\n|-damage|p2a: Calyrex|91/100 brn|[from] brn\n|upkeep\n|turn|5\n|\n|t:|1773243228\n|switch|p2b: Incineroar|Incineroar, L50, M|68/100\n|-ability|p2b: Incineroar|Intimidate|boost\n|-unboost|p1a: Calyrex|atk|1\n|-unboost|p1b: Ho-Oh|atk|1\n|move|p2a: Calyrex|Leech Seed|p1a: Calyrex\n|-start|p1a: Calyrex|move: Leech Seed\n|move|p1a: Calyrex|Leech Seed|p2a: Calyrex\n|-start|p2a: Calyrex|move: Leech Seed\n|move|p1b: Ho-Oh|Life Dew|p1b: Ho-Oh|[spread] p1a,p1b\n|-heal|p1a: Calyrex|100/100\n|-heal|p1b: Ho-Oh|87/100\n|\n|-weather|none\n|-heal|p2a: Calyrex|97/100 brn|[from] item: Leftovers\n|-damage|p2a: Calyrex|85/100 brn|[from] Leech Seed|[of] p1a: Calyrex\n|-damage|p1a: Calyrex|88/100|[from] Leech Seed|[of] p2a: Calyrex\n|-heal|p2a: Calyrex|97/100 brn|[silent]\n|-damage|p2a: Calyrex|91/100 brn|[from] brn\n|upkeep\n|turn|6\n|inactive|drive stone has 30 seconds left.\n|-message|drive stone forfeited.\n|\n|win|fogdocker\n|raw|drive stone's rating: 1375 &rarr; <strong>1361</strong><br />(-14 for losing)\n|raw|fogdocker's rating: 1479 &rarr; <strong>1493</strong><br />(+14 for winning)\n|l|\u2606drive stone\n|player|p1|\n|l|\u2606fogdocker\n|player|p2|\n","uploadtime":1773243468,"views":23,"formatid":"gen9vgc2026regi","rating":1361,"private":0,"password":null}