{"id":"gen9vgc2026regi-2589967886","format":"[Gen 9] VGC 2026 Reg I","players":["Hornses","testhan92"],"log":"|j|\u2606Hornses\n|j|\u2606testhan92\n|t:|1776778030\n|gametype|doubles\n|player|p1|Hornses|fisherman-gen4|1384\n|player|p2|testhan92|102|1449\n|gen|9\n|tier|[Gen 9] VGC 2026 Reg I\n|rated|\n|rule|Species Clause: Limit one of each Pok\u00e9mon\n|rule|Item Clause: Limit 1 of each item\n|clearpoke\n|poke|p1|Calyrex-Ice, L50|\n|poke|p1|Necrozma-Dawn-Wings, L50|\n|poke|p1|Incineroar, L50, F|\n|poke|p1|Tyranitar, L50, M|\n|poke|p1|Dragalge, L50, F|\n|poke|p1|Indeedee-F, L50, F|\n|poke|p2|Koraidon, L50|\n|poke|p2|Calyrex-Ice, L50|\n|poke|p2|Rillaboom, L50, M|\n|poke|p2|Incineroar, L50, M|\n|poke|p2|Smeargle, L50, F|\n|poke|p2|Landorus, L50, M|\n|teampreview|4\n|\n|t:|1776778096\n|teamsize|p1|4\n|teamsize|p2|4\n|start\n|switch|p1a: Indeedee|Indeedee-F, L50, F|100/100\n|switch|p1b: Necrozma|Necrozma-Dawn-Wings, L50|100/100\n|switch|p2a: Calyrex|Calyrex-Ice, L50|100/100\n|switch|p2b: Smeargle|Smeargle, L50, F|100/100\n|-ability|p2a: Calyrex|As One\n|-ability|p2a: Calyrex|Unnerve\n|-fieldstart|move: Psychic Terrain|[from] ability: Psychic Surge|[of] p1a: Indeedee\n|turn|1\n|\n|t:|1776778117\n|-terastallize|p2a: Calyrex|Fairy\n|move|p1a: Indeedee|Follow Me|p1a: Indeedee\n|-singleturn|p1a: Indeedee|move: Follow Me\n|move|p2b: Smeargle|Spore|p1a: Indeedee\n|-status|p1a: Indeedee|slp|[from] move: Spore\n|move|p2a: Calyrex|Leech Seed|p1a: Indeedee\n|-start|p1a: Indeedee|move: Leech Seed\n|move|p1b: Necrozma|Trick Room|p1b: Necrozma\n|-fieldstart|move: Trick Room|[of] p1b: Necrozma\n|\n|-damage|p1a: Indeedee|88/100 slp|[from] Leech Seed|[of] p2a: Calyrex\n|-ability|p2b: Smeargle|Moody|boost\n|-boost|p2b: Smeargle|def|2\n|-unboost|p2b: Smeargle|spd|1\n|upkeep\n|turn|2\n|\n|t:|1776778143\n|switch|p1a: Tyranitar|Tyranitar, L50, M|100/100\n|-weather|Sandstorm|[from] ability: Sand Stream|[of] p1a: Tyranitar\n|move|p1b: Necrozma|Protect|p1b: Necrozma\n|-singleturn|p1b: Necrozma|Protect\n|move|p2a: Calyrex|Leech Seed|p1b: Necrozma\n|-activate|p1b: Necrozma|move: Protect\n|move|p2b: Smeargle|Spore|p1b: Necrozma\n|-activate|p1b: Necrozma|move: Protect\n|\n|-weather|Sandstorm|[upkeep]\n|-damage|p2a: Calyrex|95/100|[from] Sandstorm\n|-damage|p1b: Necrozma|95/100|[from] Sandstorm\n|-damage|p2b: Smeargle|95/100|[from] Sandstorm\n|-heal|p2a: Calyrex|100/100|[from] item: Leftovers\n|-ability|p2b: Smeargle|Moody|boost\n|-boost|p2b: Smeargle|spe|2\n|-unboost|p2b: Smeargle|spd|1\n|upkeep\n|turn|3\n|\n|t:|1776778170\n|switch|p2b: Incineroar|Incineroar, L50, M|100/100\n|-ability|p2b: Incineroar|Intimidate|boost\n|-unboost|p1a: Tyranitar|atk|1\n|-unboost|p1b: Necrozma|atk|1\n|move|p1a: Tyranitar|Knock Off|p2a: Calyrex\n|-resisted|p2a: Calyrex\n|-damage|p2a: Calyrex|89/100\n|-enditem|p2a: Calyrex|Leftovers|[from] move: Knock Off|[of] p1a: Tyranitar\n|move|p2a: Calyrex|Leech Seed|p1a: Tyranitar\n|-start|p1a: Tyranitar|move: Leech Seed\n|move|p1b: Necrozma|Meteor Beam||[still]\n|-prepare|p1b: Necrozma|Meteor Beam\n|-boost|p1b: Necrozma|spa|1\n|-enditem|p1b: Necrozma|Power Herb\n|-anim|p1b: Necrozma|Meteor Beam|p2b: Incineroar\n|-supereffective|p2b: Incineroar\n|-damage|p2b: Incineroar|0 fnt\n|faint|p2b: Incineroar\n|\n|-weather|Sandstorm|[upkeep]\n|-damage|p2a: Calyrex|83/100|[from] Sandstorm\n|-damage|p1b: Necrozma|89/100|[from] Sandstorm\n|-damage|p1a: Tyranitar|88/100|[from] Leech Seed|[of] p2a: Calyrex\n|-heal|p2a: Calyrex|95/100|[silent]\n|upkeep\n|\n|t:|1776778187\n|switch|p2b: Landorus|Landorus, L50, M|100/100\n|turn|4\n|\n|t:|1776778220\n|move|p2b: Landorus|Protect|p2b: Landorus\n|-singleturn|p2b: Landorus|Protect\n|move|p1a: Tyranitar|Knock Off|p2b: Landorus\n|-activate|p2b: Landorus|move: Protect\n|move|p1b: Necrozma|Moongeist Beam|p2b: Landorus\n|-activate|p2b: Landorus|move: Protect\n|move|p2a: Calyrex|Trick Room|p2a: Calyrex\n|-fieldend|move: Trick Room\n|\n|-weather|Sandstorm|[upkeep]\n|-damage|p1b: Necrozma|83/100|[from] Sandstorm\n|-damage|p2a: Calyrex|89/100|[from] Sandstorm\n|-damage|p1a: Tyranitar|76/100|[from] Leech Seed|[of] p2a: Calyrex\n|-heal|p2a: Calyrex|100/100|[silent]\n|upkeep\n|turn|5\n|\n|t:|1776778242\n|switch|p1a: Indeedee|Indeedee-F, L50, F|88/100 slp\n|move|p1b: Necrozma|Protect|p1b: Necrozma\n|-singleturn|p1b: Necrozma|Protect\n|move|p2b: Landorus|Earth Power|p1b: Necrozma\n|-activate|p1b: Necrozma|move: Protect\n|move|p2a: Calyrex|Glacial Lance|p1b: Necrozma|[spread] p1a\n|-activate|p1b: Necrozma|move: Protect\n|-damage|p1a: Indeedee|10/100 slp\n|\n|-weather|Sandstorm|[upkeep]\n|-damage|p1a: Indeedee|4/100 slp|[from] Sandstorm\n|-damage|p1b: Necrozma|77/100|[from] Sandstorm\n|-damage|p2a: Calyrex|95/100|[from] Sandstorm\n|-fieldend|move: Psychic Terrain\n|upkeep\n|turn|6\n|\n|t:|1776778275\n|cant|p1a: Indeedee|slp\n|move|p2b: Landorus|Earth Power|p1b: Necrozma\n|-damage|p1b: Necrozma|25/100\n|move|p1b: Necrozma|Moongeist Beam|p2b: Landorus\n|-damage|p2b: Landorus|0 fnt\n|faint|p2b: Landorus\n|move|p2a: Calyrex|Glacial Lance|p1b: Necrozma|[spread] p1a,p1b\n|-damage|p1a: Indeedee|0 fnt\n|-damage|p1b: Necrozma|0 fnt\n|faint|p1a: Indeedee\n|faint|p1b: Necrozma\n|-ability|p2a: Calyrex|Chilling Neigh|boost\n|-boost|p2a: Calyrex|atk|2\n|\n|-weather|none\n|upkeep\n|\n|t:|1776778290\n|switch|p2b: Smeargle|Smeargle, L50, F|95/100\n|switch|p1a: Tyranitar|Tyranitar, L50, M|76/100\n|switch|p1b: my wrist|Calyrex-Ice, L50|100/100\n|-ability|p1b: my wrist|As One\n|-ability|p1b: my wrist|Unnerve\n|-weather|Sandstorm|[from] ability: Sand Stream|[of] p1a: Tyranitar\n|turn|7\n|\n|t:|1776778306\n|move|p1b: my wrist|Protect|p1b: my wrist\n|-singleturn|p1b: my wrist|Protect\n|move|p1a: Tyranitar|Protect|p1a: Tyranitar\n|-singleturn|p1a: Tyranitar|Protect\n|move|p2b: Smeargle|Spore|p1b: my wrist\n|-activate|p1b: my wrist|move: Protect\n|move|p2a: Calyrex|Glacial Lance|p1a: Tyranitar|[spread] \n|-activate|p1a: Tyranitar|move: Protect\n|-activate|p1b: my wrist|move: Protect\n|\n|-weather|Sandstorm|[upkeep]\n|-damage|p2b: Smeargle|89/100|[from] Sandstorm\n|-damage|p2a: Calyrex|89/100|[from] Sandstorm\n|-damage|p1b: my wrist|95/100|[from] Sandstorm\n|-ability|p2b: Smeargle|Moody|boost\n|-boost|p2b: Smeargle|def|2\n|-unboost|p2b: Smeargle|atk|1\n|upkeep\n|turn|8\n|inactive|Battle timer is ON: inactive players will automatically lose when time's up. (requested by testhan92)\n|\n|t:|1776778341\n|move|p2b: Smeargle|Spore|p1b: my wrist\n|-status|p1b: my wrist|slp|[from] move: Spore\n|move|p2a: Calyrex|Glacial Lance|p1a: Tyranitar|[spread] p1a,p1b\n|-resisted|p1b: my wrist\n|-damage|p1a: Tyranitar|0 fnt\n|-damage|p1b: my wrist|64/100 slp\n|faint|p1a: Tyranitar\n|-ability|p2a: Calyrex|Chilling Neigh|boost\n|-boost|p2a: Calyrex|atk|1\n|cant|p1b: my wrist|slp\n|\n|-weather|Sandstorm|[upkeep]\n|-damage|p2b: Smeargle|83/100|[from] Sandstorm\n|-damage|p2a: Calyrex|83/100|[from] Sandstorm\n|-damage|p1b: my wrist|58/100 slp|[from] Sandstorm\n|-ability|p2b: Smeargle|Moody|boost\n|-boost|p2b: Smeargle|atk|2\n|-unboost|p2b: Smeargle|spe|1\n|upkeep\n|turn|9\n|-message|Hornses forfeited.\n|\n|win|testhan92\n|raw|Hornses's rating: 1384 &rarr; <strong>1368</strong><br />(-16 for losing)\n|raw|testhan92's rating: 1449 &rarr; <strong>1465</strong><br />(+16 for winning)\n|l|\u2606Hornses\n|player|p1|\n|l|\u2606testhan92\n|player|p2|\n","uploadtime":1776778575,"views":9,"formatid":"gen9vgc2026regi","rating":1368,"private":0,"password":null}