{"id":"gen9vgc2026regi-2561121856","format":"[Gen 9] VGC 2026 Reg I","players":["whytaylorissocold","comfy n ez 2 wear"],"log":"|j|\u2606whytaylorissocold\n|j|\u2606comfy n ez 2 wear\n|html|<table width=\"100%\"><tr><td align=\"left\">whytaylorissocold</td><td align=\"right\">comfy n ez 2 wear</tr><tr><td align=\"left\"><i class=\"fa fa-circle\"></i> <i class=\"fa fa-circle-o\"></i> </td><td align=\"right\"><i class=\"fa fa-circle-o\"></i> <i class=\"fa fa-circle\"></i> </tr></table>\n|uhtml|bestof|<h2><strong>Game 3</strong> of <a href=\"/game-bestof3-gen9vgc2026regi-2561115092\">a best-of-3</a></h2>\n|t:|1773766478\n|gametype|doubles\n|player|p1|whytaylorissocold|ghetsis-gen5bw|\n|player|p2|comfy n ez 2 wear|265|\n|gen|9\n|tier|[Gen 9] VGC 2026 Reg I\n|rated|Tournament battle\n|rule|Species Clause: Limit one of each Pok\u00e9mon\n|rule|Item Clause: Limit 1 of each item\n|raw|<div class=\"infobox\"><details class=\"readmore\" open><summary><strong>4 custom rules:</strong></summary> Open Team Sheets, Force Open Team Sheets, !Open Team Sheets, Best of = 3</details></div>\n|clearpoke\n|poke|p1|Zamazenta-*, L50|\n|poke|p1|Calyrex-Shadow, L50|\n|poke|p1|Raging Bolt, L50|\n|poke|p1|Chien-Pao, L50|\n|poke|p1|Amoonguss, L50, F|\n|poke|p1|Urshifu-*, L50, M|\n|poke|p2|Ogerpon, L50, F|\n|poke|p2|Miraidon, L50|\n|poke|p2|Farigiraf, L50, M|\n|poke|p2|Groudon, L50|\n|poke|p2|Flutter Mane, L50|\n|poke|p2|Iron Hands, L50|\n|teampreview|4\n|showteam|p1|Zamazenta-Crowned||RustedShield|DauntlessShield|BodyPress,behemothbash,WideGuard,Protect||||||50|,,,,,Dragon]Calyrex-Shadow||FocusSash|AsOneSpectrier|AstralBarrage,Psychic,Encore,Protect||||||50|,,,,,Ghost]Raging Bolt||AssaultVest|Protosynthesis|Thunderclap,Electroweb,Snarl,DracoMeteor||||||50|,,,,,Fairy]Chien-Pao||LifeOrb|SwordofRuin|IceSpinner,SuckerPunch,ThroatChop,Protect||||||50|,,,,,Stellar]Amoonguss||RockyHelmet|Regenerator|SludgeBomb,Spore,RagePowder,Protect|||F|||50|,,,,,Water]Urshifu-Rapid-Strike||ChoiceScarf|UnseenFist|SurgingStrikes,CloseCombat,AquaJet,Uturn|||M|||50|,,,,,Water\n|showteam|p2|Ogerpon||LoadedDice|Defiant|BulletSeed,RockTomb,FollowMe,SpikyShield|||F|||50|,,,,,Grass]Miraidon||CovertCloak|HadronEngine|ParabolicCharge,DragonPulse,CalmMind,Protect||||||50|,,,,,Electric]Farigiraf||ElectricSeed|ArmorTail|FoulPlay,Psychic,HelpingHand,TrickRoom|||M|||50|,,,,,Water]Groudon||ClearAmulet|Drought|PrecipiceBlades,FirePunch,HighHorsepower,Protect||||||50|,,,,,Fire]Flutter Mane||FocusSash|Protosynthesis|Moonblast,IcyWind,Taunt,Protect||||||50|,,,,,Fairy]Iron Hands||AssaultVest|QuarkDrive|DrainPunch,LowKick,WildCharge,FakeOut||||||50|,,,,,Water\n|inactive|Battle timer is ON: inactive players will automatically lose when time's up. (requested by whytaylorissocold)\n|\n|t:|1773766494\n|teamsize|p1|4\n|teamsize|p2|4\n|start\n|switch|p1a: Zamazenta|Zamazenta-Crowned, L50|100/100\n|switch|p1b: Amoonguss|Amoonguss, L50, F|100/100\n|switch|p2a: Ogerpon|Ogerpon, L50, F|100/100\n|switch|p2b: Miraidon|Miraidon, L50|100/100\n|-ability|p1a: Zamazenta|Dauntless Shield|boost\n|-boost|p1a: Zamazenta|def|1\n|-fieldstart|move: Electric Terrain|[from] ability: Hadron Engine|[of] p2b: Miraidon\n|turn|1\n|inactive|comfy n ez 2 wear has 30 seconds left.\n|inactive|comfy n ez 2 wear has 20 seconds left.\n|\n|t:|1773766530\n|move|p2a: Ogerpon|Spiky Shield|p2a: Ogerpon\n|-singleturn|p2a: Ogerpon|move: Protect\n|move|p1a: Zamazenta|Body Press|p2b: Miraidon\n|-damage|p2b: Miraidon|46/100\n|move|p2b: Miraidon|Calm Mind|p2b: Miraidon\n|-boost|p2b: Miraidon|spa|1\n|-boost|p2b: Miraidon|spd|1\n|move|p1b: Amoonguss|Sludge Bomb|p2b: Miraidon\n|-damage|p2b: Miraidon|32/100\n|\n|upkeep\n|turn|2\n|j| Zio Silvio king\n|\n|t:|1773766550\n|move|p2a: Ogerpon|Follow Me|p2a: Ogerpon\n|-singleturn|p2a: Ogerpon|move: Follow Me\n|move|p1a: Zamazenta|Body Press|p2a: Ogerpon\n|-damage|p2a: Ogerpon|24/100\n|move|p2b: Miraidon|Parabolic Charge|p1a: Zamazenta|[spread] p2a,p1a,p1b\n|-resisted|p2a: Ogerpon\n|-resisted|p1b: Amoonguss\n|-damage|p2a: Ogerpon|0 fnt\n|-heal|p2b: Miraidon|42/100|[from] drain|[of] p2a: Ogerpon\n|-damage|p1a: Zamazenta|49/100\n|-heal|p2b: Miraidon|65/100|[from] drain|[of] p1a: Zamazenta\n|-damage|p1b: Amoonguss|70/100\n|-heal|p2b: Miraidon|81/100|[from] drain|[of] p1b: Amoonguss\n|faint|p2a: Ogerpon\n|move|p1b: Amoonguss|Sludge Bomb|p2b: Miraidon\n|-damage|p2b: Miraidon|65/100\n|\n|upkeep\n|inactive|comfy n ez 2 wear has 30 seconds left.\n|\n|t:|1773766584\n|switch|p2a: Groudon|Groudon, L50|100/100\n|-weather|SunnyDay|[from] ability: Drought|[of] p2a: Groudon\n|turn|3\n|inactive|comfy n ez 2 wear has 30 seconds left.\n|\n|t:|1773766612\n|move|p1a: Zamazenta|Protect|p1a: Zamazenta\n|-singleturn|p1a: Zamazenta|Protect\n|move|p2b: Miraidon|Parabolic Charge|p1b: Amoonguss|[spread] p1b\n|-activate|p1a: Zamazenta|move: Protect\n|-immune|p2a: Groudon\n|-resisted|p1b: Amoonguss\n|-damage|p1b: Amoonguss|41/100\n|-heal|p2b: Miraidon|80/100|[from] drain|[of] p1b: Amoonguss\n|move|p2a: Groudon|High Horsepower|p1a: Zamazenta\n|-activate|p1a: Zamazenta|move: Protect\n|move|p1b: Amoonguss|Sludge Bomb|p2a: Groudon\n|-resisted|p2a: Groudon\n|-damage|p2a: Groudon|87/100\n|-status|p2a: Groudon|psn\n|\n|-weather|SunnyDay|[upkeep]\n|-damage|p2a: Groudon|75/100 psn|[from] psn\n|upkeep\n|turn|4\n|\n|t:|1773766637\n|move|p1a: Zamazenta|Wide Guard|p1a: Zamazenta\n|-singleturn|p1a: Zamazenta|Wide Guard\n|move|p2b: Miraidon|Dragon Pulse|p1b: Amoonguss\n|-damage|p1b: Amoonguss|0 fnt\n|faint|p1b: Amoonguss\n|move|p2a: Groudon|High Horsepower|p1a: Zamazenta\n|-supereffective|p1a: Zamazenta\n|-damage|p1a: Zamazenta|2/100\n|\n|-weather|SunnyDay|[upkeep]\n|-damage|p2a: Groudon|63/100 psn|[from] psn\n|upkeep\n|\n|t:|1773766651\n|switch|p1b: Chien-Pao|Chien-Pao, L50|100/100\n|-ability|p1b: Chien-Pao|Sword of Ruin\n|turn|5\n|\n|t:|1773766672\n|-terastallize|p2b: Miraidon|Electric\n|move|p1b: Chien-Pao|Ice Spinner|p2b: Miraidon\n|-damage|p2b: Miraidon|23/100\n|-fieldend|move: Electric Terrain\n|-damage|p1b: Chien-Pao|91/100|[from] item: Life Orb\n|move|p1a: Zamazenta|Behemoth Bash|p2b: Miraidon\n|-resisted|p2b: Miraidon\n|-damage|p2b: Miraidon|0 fnt\n|faint|p2b: Miraidon\n|move|p2a: Groudon|Fire Punch|p1b: Chien-Pao\n|-supereffective|p1b: Chien-Pao\n|-damage|p1b: Chien-Pao|0 fnt\n|faint|p1b: Chien-Pao\n|\n|-weather|SunnyDay|[upkeep]\n|-damage|p2a: Groudon|50/100 psn|[from] psn\n|upkeep\n|\n|t:|1773766684\n|switch|p1b: Calyrex|Calyrex-Shadow, L50|100/100\n|switch|p2b: Flutter Mane|Flutter Mane, L50|100/100\n|-ability|p1b: Calyrex|As One\n|-ability|p1b: Calyrex|Unnerve\n|-activate|p2b: Flutter Mane|ability: Protosynthesis\n|-start|p2b: Flutter Mane|protosynthesisspe\n|turn|6\n|\n|t:|1773766698\n|-terastallize|p1b: Calyrex|Ghost\n|move|p1a: Zamazenta|Wide Guard|p1a: Zamazenta\n|-singleturn|p1a: Zamazenta|Wide Guard\n|move|p2b: Flutter Mane|Icy Wind|p1a: Zamazenta|[spread] \n|-activate|p1a: Zamazenta|move: Wide Guard\n|-activate|p1b: Calyrex|move: Wide Guard\n|move|p1b: Calyrex|Astral Barrage|p2a: Groudon|[spread] p2a,p2b\n|-supereffective|p2b: Flutter Mane\n|-damage|p2a: Groudon|0 fnt\n|-enditem|p2b: Flutter Mane|Focus Sash\n|-damage|p2b: Flutter Mane|1/100\n|faint|p2a: Groudon\n|-ability|p1b: Calyrex|Grim Neigh|boost\n|-boost|p1b: Calyrex|spa|1\n|\n|-weather|SunnyDay|[upkeep]\n|upkeep\n|turn|7\n|l| Zio Silvio king\n|\n|t:|1773766717\n|move|p1a: Zamazenta|Wide Guard|p1a: Zamazenta\n|-singleturn|p1a: Zamazenta|Wide Guard\n|move|p2b: Flutter Mane|Moonblast|p1a: Zamazenta\n|-damage|p1a: Zamazenta|0 fnt\n|faint|p1a: Zamazenta\n|move|p1b: Calyrex|Astral Barrage|p2b: Flutter Mane\n|-supereffective|p2b: Flutter Mane\n|-damage|p2b: Flutter Mane|0 fnt\n|faint|p2b: Flutter Mane\n|-end|p2b: Flutter Mane|Protosynthesis|[silent]\n|\n|win|whytaylorissocold\n","uploadtime":1773766717,"views":12,"formatid":"gen9vgc2026regi","rating":null,"private":0,"password":null}