{"id":"gen9vgc2026regi-2517781174","format":"[Gen 9] VGC 2026 Reg I","players":["Zhahi","blackred123\u6c38\u96cf\u5854\u83f2\u4fa0"],"log":"|j|\u2606Zhahi\n|j|\u2606blackred123\u6c38\u96cf\u5854\u83f2\u4fa0\n|t:|1768311748\n|gametype|doubles\n|player|p1|Zhahi|fisherman-gen4|1344\n|player|p2|blackred123\u6c38\u96cf\u5854\u83f2\u4fa0|iono-masters|1295\n|gen|9\n|tier|[Gen 9] VGC 2026 Reg I\n|rated|\n|rule|Species Clause: Limit one of each Pok\u00e9mon\n|rule|Item Clause: Limit 1 of each item\n|clearpoke\n|poke|p1|Miraidon, L50|\n|poke|p1|Urshifu-*, L50, M|\n|poke|p1|Sinistcha, L50|\n|poke|p1|Incineroar, L50, M|\n|poke|p1|Terapagos, L50, M|\n|poke|p1|Iron Treads, L50|\n|poke|p2|Calyrex-Ice, L50|\n|poke|p2|Kyogre, L50|\n|poke|p2|Smeargle, L50, M|\n|poke|p2|Rillaboom, L50, F|\n|poke|p2|Urshifu-*, L50, M|\n|poke|p2|Landorus, L50, M|\n|teampreview|4\n|inactive|Battle timer is ON: inactive players will automatically lose when time's up. (requested by blackred123\u6c38\u96cf\u5854\u83f2\u4fa0)\n|\n|t:|1768311772\n|teamsize|p1|4\n|teamsize|p2|4\n|start\n|switch|p1a: Terapagos|Terapagos, L50, M|100/100\n|switch|p1b: Miraidon|Miraidon, L50|100/100\n|switch|p2a: \u9e7f\u51a0\u738b|Calyrex-Ice, L50|100/100\n|switch|p2b: \u5c0f\u7b14\u7ea2\u80bf|Smeargle, L50, M, shiny|100/100\n|-activate|p1a: Terapagos|ability: Tera Shift\n|detailschange|p1a: Terapagos|Terapagos-Terastal, L50, M\n|-heal|p1a: Terapagos|100/100|[silent]\n|-ability|p2a: \u9e7f\u51a0\u738b|As One\n|-ability|p2a: \u9e7f\u51a0\u738b|Unnerve\n|-fieldstart|move: Electric Terrain|[from] ability: Hadron Engine|[of] p1b: Miraidon\n|-enditem|p1a: Terapagos|Electric Seed\n|-boost|p1a: Terapagos|def|1|[from] item: Electric Seed\n|turn|1\n|\n|t:|1768311789\n|move|p1a: Terapagos|Protect|p1a: Terapagos\n|-singleturn|p1a: Terapagos|Protect\n|move|p2b: \u5c0f\u7b14\u7ea2\u80bf|Fake Out|p1b: Miraidon\n|-damage|p1b: Miraidon|96/100\n|cant|p1b: Miraidon|flinch\n|move|p2a: \u9e7f\u51a0\u738b|Trick Room|p2a: \u9e7f\u51a0\u738b\n|-fieldstart|move: Trick Room|[of] p2a: \u9e7f\u51a0\u738b\n|\n|-ability|p2b: \u5c0f\u7b14\u7ea2\u80bf|Moody|boost\n|-boost|p2b: \u5c0f\u7b14\u7ea2\u80bf|spe|2\n|-unboost|p2b: \u5c0f\u7b14\u7ea2\u80bf|spd|1\n|upkeep\n|turn|2\n|\n|t:|1768311808\n|switch|p1b: Incineroar|Incineroar, L50, M|100/100\n|-ability|p1b: Incineroar|Intimidate|boost\n|-unboost|p2a: \u9e7f\u51a0\u738b|atk|1\n|-unboost|p2b: \u5c0f\u7b14\u7ea2\u80bf|atk|1\n|move|p2a: \u9e7f\u51a0\u738b|Leech Seed|p1a: Terapagos\n|-start|p1a: Terapagos|move: Leech Seed\n|move|p1a: Terapagos|Calm Mind|p1a: Terapagos\n|-boost|p1a: Terapagos|spa|1\n|-boost|p1a: Terapagos|spd|1\n|move|p2b: \u5c0f\u7b14\u7ea2\u80bf|Decorate|p2a: \u9e7f\u51a0\u738b\n|-boost|p2a: \u9e7f\u51a0\u738b|atk|2\n|-boost|p2a: \u9e7f\u51a0\u738b|spa|2\n|\n|-damage|p1a: Terapagos|88/100|[from] Leech Seed|[of] p2a: \u9e7f\u51a0\u738b\n|-ability|p2b: \u5c0f\u7b14\u7ea2\u80bf|Moody|boost\n|-boost|p2b: \u5c0f\u7b14\u7ea2\u80bf|spd|2\n|-unboost|p2b: \u5c0f\u7b14\u7ea2\u80bf|def|1\n|upkeep\n|turn|3\n|\n|t:|1768311826\n|-terastallize|p1a: Terapagos|Stellar\n|detailschange|p1a: Terapagos|Terapagos-Stellar, L50, M, tera:Stellar\n|-heal|p1a: Terapagos|91/100|[silent]\n|-ability|p1a: Terapagos|Teraform Zero\n|-fieldend|move: Electric Terrain\n|move|p2a: \u9e7f\u51a0\u738b|Protect|p2a: \u9e7f\u51a0\u738b\n|-singleturn|p2a: \u9e7f\u51a0\u738b|Protect\n|move|p1b: Incineroar|Fake Out|p2b: \u5c0f\u7b14\u7ea2\u80bf\n|-damage|p2b: \u5c0f\u7b14\u7ea2\u80bf|61/100\n|move|p1a: Terapagos|Tera Starstorm|p2a: \u9e7f\u51a0\u738b|[spread] p2b\n|-activate|p2a: \u9e7f\u51a0\u738b|move: Protect\n|-damage|p2b: \u5c0f\u7b14\u7ea2\u80bf|0 fnt\n|faint|p2b: \u5c0f\u7b14\u7ea2\u80bf\n|\n|-damage|p1a: Terapagos|79/100|[from] Leech Seed|[of] p2a: \u9e7f\u51a0\u738b\n|upkeep\n|\n|t:|1768311844\n|switch|p2b: \u662f\u76d6\u4e0d\u662fgay|Kyogre, L50|100/100\n|-weather|RainDance|[from] ability: Drizzle|[of] p2b: \u662f\u76d6\u4e0d\u662fgay\n|turn|4\n|inactive|Zhahi has 30 seconds left.\n|inactive|Zhahi has 20 seconds left.\n|inactive|Zhahi has 15 seconds left.\n|inactive|Zhahi has 10 seconds left.\n|\n|t:|1768311890\n|switch|p1b: Sinistcha|Sinistcha, L50|100/100\n|-heal|p1a: Terapagos|100/100|[from] ability: Hospitality|[of] p1b: Sinistcha\n|move|p2a: \u9e7f\u51a0\u738b|Glacial Lance|p1a: Terapagos|[spread] p1a,p1b\n|-supereffective|p1b: Sinistcha\n|-damage|p1a: Terapagos|72/100\n|-enditem|p1b: Sinistcha|Focus Sash\n|-damage|p1b: Sinistcha|1/100\n|move|p1a: Terapagos|Calm Mind|p1a: Terapagos\n|-boost|p1a: Terapagos|spa|1\n|-boost|p1a: Terapagos|spd|1\n|move|p2b: \u662f\u76d6\u4e0d\u662fgay|Water Spout|p1b: Sinistcha|[spread] p1a,p1b\n|-resisted|p1b: Sinistcha\n|-damage|p1a: Terapagos|24/100\n|-damage|p1b: Sinistcha|0 fnt\n|faint|p1b: Sinistcha\n|\n|-weather|RainDance|[upkeep]\n|-damage|p1a: Terapagos|12/100|[from] Leech Seed|[of] p2a: \u9e7f\u51a0\u738b\n|upkeep\n|\n|t:|1768311900\n|switch|p1b: Incineroar|Incineroar, L50, M|100/100\n|-ability|p1b: Incineroar|Intimidate|boost\n|-unboost|p2a: \u9e7f\u51a0\u738b|atk|1\n|-unboost|p2b: \u662f\u76d6\u4e0d\u662fgay|atk|1\n|turn|5\n|\n|t:|1768311918\n|move|p1a: Terapagos|Protect|p1a: Terapagos\n|-singleturn|p1a: Terapagos|Protect\n|move|p1b: Incineroar|Fake Out|p2b: \u662f\u76d6\u4e0d\u662fgay\n|-damage|p2b: \u662f\u76d6\u4e0d\u662fgay|89/100\n|move|p2a: \u9e7f\u51a0\u738b|Glacial Lance|p1a: Terapagos|[spread] p1b\n|-activate|p1a: Terapagos|move: Protect\n|-resisted|p1b: Incineroar\n|-damage|p1b: Incineroar|83/100\n|cant|p2b: \u662f\u76d6\u4e0d\u662fgay|flinch\n|\n|-weather|RainDance|[upkeep]\n|-damage|p1a: Terapagos|0 fnt|[from] Leech Seed|[of] p2a: \u9e7f\u51a0\u738b\n|faint|p1a: Terapagos\n|detailschange|p1: Terapagos|Terapagos, L50, M|[silent]\n|-fieldend|move: Trick Room\n|upkeep\n|\n|t:|1768311924\n|switch|p1a: Miraidon|Miraidon, L50|96/100\n|-fieldstart|move: Electric Terrain|[from] ability: Hadron Engine|[of] p1a: Miraidon\n|turn|6\n|\n|t:|1768311939\n|switch|p2b: \u63e1\u8349\u733f|Rillaboom, L50, F|100/100\n|-fieldstart|move: Grassy Terrain|[from] ability: Grassy Surge|[of] p2b: \u63e1\u8349\u733f\n|-terastallize|p2a: \u9e7f\u51a0\u738b|Grass\n|move|p1a: Miraidon|Electro Drift|p2b: \u63e1\u8349\u733f\n|-resisted|p2b: \u63e1\u8349\u733f\n|-damage|p2b: \u63e1\u8349\u733f|83/100\n|move|p1b: Incineroar|Flare Blitz|p2a: \u9e7f\u51a0\u738b\n|-supereffective|p2a: \u9e7f\u51a0\u738b\n|-damage|p2a: \u9e7f\u51a0\u738b|73/100\n|-damage|p1b: Incineroar|74/100|[from] Recoil\n|move|p2a: \u9e7f\u51a0\u738b|Glacial Lance|p1b: Incineroar|[spread] p1a,p1b\n|-supereffective|p1a: Miraidon\n|-resisted|p1b: Incineroar\n|-damage|p1a: Miraidon|8/100\n|-damage|p1b: Incineroar|53/100\n|\n|-weather|RainDance|[upkeep]\n|-heal|p1a: Miraidon|14/100|[from] Grassy Terrain\n|-heal|p2b: \u63e1\u8349\u733f|89/100|[from] Grassy Terrain\n|-heal|p1b: Incineroar|59/100|[from] Grassy Terrain\n|-heal|p2a: \u9e7f\u51a0\u738b|79/100|[from] Grassy Terrain\n|-heal|p2a: \u9e7f\u51a0\u738b|85/100|[from] item: Leftovers\n|upkeep\n|turn|7\n|inactive|blackred123\u6c38\u96cf\u5854\u83f2\u4fa0 has 30 seconds left.\n|\n|t:|1768311967\n|move|p2b: \u63e1\u8349\u733f|Fake Out|p1b: Incineroar\n|-damage|p1b: Incineroar|49/100\n|-damage|p2b: \u63e1\u8349\u733f|72/100|[from] item: Rocky Helmet|[of] p1b: Incineroar\n|move|p1a: Miraidon|Draco Meteor|p2a: \u9e7f\u51a0\u738b\n|-damage|p2a: \u9e7f\u51a0\u738b|43/100\n|-unboost|p1a: Miraidon|spa|2\n|cant|p1b: Incineroar|flinch\n|move|p2a: \u9e7f\u51a0\u738b|Glacial Lance|p1a: Miraidon|[spread] p1a,p1b\n|-supereffective|p1a: Miraidon\n|-resisted|p1b: Incineroar\n|-damage|p1a: Miraidon|0 fnt\n|-damage|p1b: Incineroar|28/100\n|faint|p1a: Miraidon\n|-ability|p2a: \u9e7f\u51a0\u738b|Chilling Neigh|boost\n|-boost|p2a: \u9e7f\u51a0\u738b|atk|1\n|\n|-weather|RainDance|[upkeep]\n|-heal|p2b: \u63e1\u8349\u733f|78/100|[from] Grassy Terrain\n|-heal|p1b: Incineroar|34/100|[from] Grassy Terrain\n|-heal|p2a: \u9e7f\u51a0\u738b|48/100|[from] Grassy Terrain\n|-heal|p2a: \u9e7f\u51a0\u738b|54/100|[from] item: Leftovers\n|upkeep\n|turn|8\n|\n|t:|1768311980\n|move|p2b: \u63e1\u8349\u733f|Wood Hammer|p1b: Incineroar\n|-resisted|p1b: Incineroar\n|-damage|p1b: Incineroar|7/100\n|-damage|p2b: \u63e1\u8349\u733f|62/100|[from] item: Rocky Helmet|[of] p1b: Incineroar\n|-damage|p2b: \u63e1\u8349\u733f|53/100|[from] Recoil\n|move|p1b: Incineroar|Knock Off|p2a: \u9e7f\u51a0\u738b\n|-damage|p2a: \u9e7f\u51a0\u738b|32/100\n|-enditem|p2a: \u9e7f\u51a0\u738b|Leftovers|[from] move: Knock Off|[of] p1b: Incineroar\n|move|p2a: \u9e7f\u51a0\u738b|Glacial Lance|p1b: Incineroar\n|-resisted|p1b: Incineroar\n|-damage|p1b: Incineroar|0 fnt\n|faint|p1b: Incineroar\n|\n|win|blackred123\u6c38\u96cf\u5854\u83f2\u4fa0\n|raw|Zhahi's rating: 1344 &rarr; <strong>1321</strong><br />(-23 for losing)\n|raw|blackred123\u6c38\u96cf\u5854\u83f2\u4fa0's rating: 1295 &rarr; <strong>1324</strong><br />(+29 for winning)\n|l|\u2606Zhahi\n|player|p1|\n","uploadtime":1768312233,"views":11,"formatid":"gen9vgc2026regi","rating":1321,"private":0,"password":null}