{"id":"gen9vgc2026regi-2562548582","format":"[Gen 9] VGC 2026 Reg I","players":["Sig.ra Sciagura","randomcatFFR"],"log":"|j|\u2606Sig.ra Sciagura\n|j|\u2606randomcatFFR\n|t:|1773929299\n|gametype|doubles\n|player|p1|Sig.ra Sciagura|madame|1344\n|player|p2|randomcatFFR|bugcatcher-gen4dp|1421\n|gen|9\n|tier|[Gen 9] VGC 2026 Reg I\n|rated|\n|rule|Species Clause: Limit one of each Pok\u00e9mon\n|rule|Item Clause: Limit 1 of each item\n|clearpoke\n|poke|p1|Koraidon, L50|\n|poke|p1|Flutter Mane, L50|\n|poke|p1|Ursaluna, L50, M|\n|poke|p1|Chi-Yu, L50|\n|poke|p1|Brute Bonnet, L50|\n|poke|p1|Lunala, L50|\n|poke|p2|Koraidon, L50|\n|poke|p2|Calyrex-Shadow, L50|\n|poke|p2|Weezing-Galar, L50, M|\n|poke|p2|Chi-Yu, L50|\n|poke|p2|Walking Wake, L50|\n|poke|p2|Brute Bonnet, L50|\n|teampreview|4\n|inactive|Battle timer is ON: inactive players will automatically lose when time's up. (requested by Sig.ra Sciagura)\n|\n|t:|1773929360\n|teamsize|p1|4\n|teamsize|p2|4\n|start\n|switch|p1a: Mascara|Chi-Yu, L50|100/100\n|switch|p1b: Addio|Ursaluna, L50, M|100/100\n|switch|p2a: Calyrex|Calyrex-Shadow, L50|100/100\n|switch|p2b: Weezing|Weezing-Galar, L50, M, shiny|100/100\n|-ability|p2b: Weezing|Neutralizing Gas\n|-ability|p2a: Calyrex|As One\n|-ability|p2a: Calyrex|Unnerve\n|turn|1\n|inactive|randomcatFFR has 30 seconds left.\n|inactive|randomcatFFR has 20 seconds left.\n|\n|t:|1773929398\n|move|p2a: Calyrex|Protect|p2a: Calyrex\n|-singleturn|p2a: Calyrex|Protect\n|move|p1a: Mascara|Snarl|p2a: Calyrex|[spread] p2b\n|-activate|p2a: Calyrex|move: Protect\n|-resisted|p2b: Weezing\n|-damage|p2b: Weezing|87/100\n|move|p2b: Weezing|Taunt|p1b: Addio\n|-start|p1b: Addio|move: Taunt\n|move|p1b: Addio|Headlong Rush|p2b: Weezing\n|-supereffective|p2b: Weezing\n|-damage|p2b: Weezing|0 fnt\n|-unboost|p1b: Addio|def|1\n|-unboost|p1b: Addio|spd|1\n|faint|p2b: Weezing\n|-end|p2b: Weezing|ability: Neutralizing Gas\n|-ability|p1a: Mascara|Beads of Ruin\n|\n|-status|p1b: Addio|brn|[from] item: Flame Orb\n|upkeep\n|\n|t:|1773929403\n|switch|p2b: Walking Wake|Walking Wake, L50|100/100\n|turn|2\n|inactive|Sig.ra Sciagura has 30 seconds left.\n|\n|t:|1773929430\n|switch|p2a: Chi-Yu|Chi-Yu, L50|100/100\n|-ability|p2a: Chi-Yu|Beads of Ruin\n|switch|p1b: Doppie Punte|Flutter Mane, L50|100/100\n|move|p1a: Mascara|Snarl|p2b: Walking Wake|[spread] p2a,p2b\n|-resisted|p2a: Chi-Yu\n|-damage|p2a: Chi-Yu|85/100\n|-damage|p2b: Walking Wake|59/100\n|-unboost|p2a: Chi-Yu|spa|1\n|-unboost|p2b: Walking Wake|spa|1\n|move|p2b: Walking Wake|Hydro Steam|p1b: Doppie Punte\n|-damage|p1b: Doppie Punte|52/100\n|-damage|p2b: Walking Wake|49/100|[from] item: Life Orb\n|\n|upkeep\n|turn|3\n|\n|t:|1773929452\n|move|p1b: Doppie Punte|Protect|p1b: Doppie Punte\n|-singleturn|p1b: Doppie Punte|Protect\n|move|p2a: Chi-Yu|Heat Wave|p1b: Doppie Punte|[spread] p1a\n|-activate|p1b: Doppie Punte|move: Protect\n|-resisted|p1a: Mascara\n|-damage|p1a: Mascara|85/100\n|move|p1a: Mascara|Snarl|p2b: Walking Wake|[spread] p2a,p2b\n|-resisted|p2a: Chi-Yu\n|-damage|p2a: Chi-Yu|73/100\n|-damage|p2b: Walking Wake|11/100\n|-unboost|p2a: Chi-Yu|spa|1\n|-unboost|p2b: Walking Wake|spa|1\n|move|p2b: Walking Wake|Hydro Steam|p1a: Mascara\n|-supereffective|p1a: Mascara\n|-damage|p1a: Mascara|26/100\n|-damage|p2b: Walking Wake|1/100|[from] item: Life Orb\n|\n|upkeep\n|turn|4\n|inactive|Sig.ra Sciagura has 30 seconds left.\n|inactive|randomcatFFR has 30 seconds left.\n|inactive|Sig.ra Sciagura has 20 seconds left.\n|inactive|Sig.ra Sciagura has 15 seconds left.\n|\n|t:|1773929499\n|switch|p1a: Mordicchio|Koraidon, L50|100/100\n|-weather|SunnyDay|[from] ability: Orichalcum Pulse|[of] p1a: Mordicchio\n|-activate|p1b: Doppie Punte|ability: Protosynthesis\n|-start|p1b: Doppie Punte|protosynthesisspe\n|-activate|p2b: Walking Wake|ability: Protosynthesis\n|-start|p2b: Walking Wake|protosynthesisspe\n|-activate|p1a: Mordicchio|Orichalcum Pulse|[source]\n|-terastallize|p1b: Doppie Punte|Stellar\n|move|p1b: Doppie Punte|Moonblast|p2a: Chi-Yu\n|-damage|p2a: Chi-Yu|0 fnt\n|faint|p2a: Chi-Yu\n|move|p2b: Walking Wake|Hydro Steam|p1b: Doppie Punte\n|-damage|p1b: Doppie Punte|13/100\n|-damage|p2b: Walking Wake|0 fnt|[from] item: Life Orb\n|faint|p2b: Walking Wake\n|-end|p2b: Walking Wake|Protosynthesis|[silent]\n|\n|-weather|SunnyDay|[upkeep]\n|upkeep\n|\n|t:|1773929512\n|switch|p2b: Calyrex|Calyrex-Shadow, L50|100/100\n|-ability|p2b: Calyrex|As One\n|-ability|p2b: Calyrex|Unnerve\n|turn|5\n|\n|t:|1773929525\n|switch|p1a: Addio|Ursaluna, L50, M|100/100 brn\n|move|p2b: Calyrex|Protect|p2b: Calyrex\n|-singleturn|p2b: Calyrex|Protect\n|move|p1b: Doppie Punte|Shadow Ball|p2b: Calyrex\n|-activate|p2b: Calyrex|move: Protect\n|\n|-weather|SunnyDay|[upkeep]\n|-damage|p1a: Addio|95/100 brn|[from] brn\n|upkeep\n|turn|6\n|-message|randomcatFFR forfeited.\n|\n|win|Sig.ra Sciagura\n|raw|Sig.ra Sciagura's rating: 1344 &rarr; <strong>1368</strong><br />(+24 for winning)\n|raw|randomcatFFR's rating: 1421 &rarr; <strong>1397</strong><br />(-24 for losing)\n|l|\u2606randomcatFFR\n|player|p2|\n|l|\u2606Sig.ra Sciagura\n|player|p1|\n","uploadtime":1773929701,"views":10,"formatid":"gen9vgc2026regi","rating":1368,"private":0,"password":null}