{"id":"gen9vgc2026regi-2577187450","format":"[Gen 9] VGC 2026 Reg I","players":["sjysjy","mtbsj"],"log":"|j|\u2606sjysjy\n|j|\u2606mtbsj\n|t:|1775550737\n|gametype|doubles\n|player|p1|sjysjy|169|1546\n|player|p2|mtbsj|blue|1661\n|gen|9\n|tier|[Gen 9] VGC 2026 Reg I\n|rated|\n|rule|Species Clause: Limit one of each Pok\u00e9mon\n|rule|Item Clause: Limit 1 of each item\n|clearpoke\n|poke|p1|Raging Bolt, L50|\n|poke|p1|Chien-Pao, L50|\n|poke|p1|Calyrex-Shadow, L50|\n|poke|p1|Rillaboom, L50, M|\n|poke|p1|Amoonguss, L50, M|\n|poke|p1|Zamazenta-*, L50|\n|poke|p2|Hitmontop, L50, M|\n|poke|p2|Terapagos, L50, M|\n|poke|p2|Calyrex-Shadow, L50|\n|poke|p2|Ogerpon-Cornerstone, L50, F|\n|poke|p2|Whimsicott, L50, F|\n|poke|p2|Indeedee-F, L50, F|\n|teampreview|4\n|inactive|Battle timer is ON: inactive players will automatically lose when time's up. (requested by mtbsj)\n|\n|t:|1775550758\n|teamsize|p1|4\n|teamsize|p2|4\n|start\n|switch|p1a: Calyrex|Calyrex-Shadow, L50|100/100\n|switch|p1b: Rillaboom|Rillaboom, L50, M|100/100\n|switch|p2a: Hitmontop|Hitmontop, L50, M|100/100\n|switch|p2b: Terapagos|Terapagos, L50, M|100/100\n|-activate|p2b: Terapagos|ability: Tera Shift\n|detailschange|p2b: Terapagos|Terapagos-Terastal, L50, M\n|-heal|p2b: Terapagos|100/100|[silent]\n|-ability|p1a: Calyrex|As One\n|-ability|p1a: Calyrex|Unnerve\n|-fieldstart|move: Grassy Terrain|[from] ability: Grassy Surge|[of] p1b: Rillaboom\n|-ability|p2a: Hitmontop|Intimidate|boost\n|-unboost|p1a: Calyrex|atk|1\n|-unboost|p1b: Rillaboom|atk|1\n|turn|1\n|inactive|mtbsj has 30 seconds left.\n|\n|t:|1775550785\n|switch|p2a: Indeedee|Indeedee-F, L50, F|100/100\n|-fieldstart|move: Psychic Terrain|[from] ability: Psychic Surge|[of] p2a: Indeedee\n|move|p1b: Rillaboom|Fake Out|p2b: Terapagos\n|-activate|p2b: Terapagos|move: Psychic Terrain\n|move|p1a: Calyrex|Psychic|p2a: Indeedee\n|-resisted|p2a: Indeedee\n|-damage|p2a: Indeedee|68/100\n|move|p2b: Terapagos|Rock Polish|p2b: Terapagos\n|-boost|p2b: Terapagos|spe|2\n|\n|upkeep\n|turn|2\n|\n|t:|1775550803\n|-terastallize|p2b: Terapagos|Stellar\n|detailschange|p2b: Terapagos|Terapagos-Stellar, L50, M, tera:Stellar\n|-heal|p2b: Terapagos|100/100|[silent]\n|-ability|p2b: Terapagos|Teraform Zero\n|-fieldend|move: Psychic Terrain\n|move|p1a: Calyrex|Protect|p1a: Calyrex\n|-singleturn|p1a: Calyrex|Protect\n|move|p2b: Terapagos|Tera Starstorm|p1b: Rillaboom|[spread] p1b\n|-activate|p1a: Calyrex|move: Protect\n|-damage|p1b: Rillaboom|74/100\n|move|p1b: Rillaboom|U-turn|p2b: Terapagos\n|-damage|p2b: Terapagos|90/100\n|\n|t:|1775550815\n|switch|p1b: Zamazenta|Zamazenta-Crowned, L50|100/100|[from] U-turn\n|-ability|p1b: Zamazenta|Dauntless Shield|boost\n|-boost|p1b: Zamazenta|def|1\n|move|p2a: Indeedee|Shadow Ball|p1a: Calyrex\n|-activate|p1a: Calyrex|move: Protect\n|\n|upkeep\n|turn|3\n|\n|t:|1775550836\n|switch|p1a: Amoonguss|Amoonguss, L50, M|100/100\n|move|p2a: Indeedee|Follow Me|p2a: Indeedee\n|-singleturn|p2a: Indeedee|move: Follow Me\n|move|p2b: Terapagos|Earth Power|p1b: Zamazenta\n|-supereffective|p1b: Zamazenta\n|-damage|p1b: Zamazenta|44/100\n|move|p1b: Zamazenta|Body Press|p2a: Indeedee\n|-damage|p2a: Indeedee|0 fnt\n|faint|p2a: Indeedee\n|\n|upkeep\n|\n|t:|1775550851\n|switch|p2a: Calyrex|Calyrex-Shadow, L50|100/100\n|-ability|p2a: Calyrex|As One\n|-ability|p2a: Calyrex|Unnerve\n|turn|4\n|j| ido1234567890\n|inactive|sjysjy has 30 seconds left.\n|\n|t:|1775550885\n|switch|p1b: Rillaboom|Rillaboom, L50, M|74/100\n|-fieldstart|move: Grassy Terrain|[from] ability: Grassy Surge|[of] p1b: Rillaboom\n|move|p1a: Amoonguss|Protect|p1a: Amoonguss\n|-singleturn|p1a: Amoonguss|Protect\n|move|p2b: Terapagos|Earth Power|p1b: Rillaboom\n|-resisted|p1b: Rillaboom\n|-damage|p1b: Rillaboom|61/100\n|move|p2a: Calyrex|Psychic|p1a: Amoonguss\n|-activate|p1a: Amoonguss|move: Protect\n|\n|-heal|p2b: Terapagos|97/100|[from] Grassy Terrain\n|-heal|p1b: Rillaboom|67/100|[from] Grassy Terrain\n|upkeep\n|turn|5\n|inactive|sjysjy has 30 seconds left.\n|inactive|sjysjy has 20 seconds left.\n|inactive|sjysjy has 15 seconds left.\n|inactive|sjysjy has 10 seconds left.\n|inactive|sjysjy has 5 seconds left.\n|\n|t:|1775550936\n|-terastallize|p1a: Amoonguss|Water\n|move|p2b: Terapagos|Tera Starstorm|p1a: Amoonguss|[spread] p1a,p1b\n|-supereffective|p1a: Amoonguss\n|-damage|p1a: Amoonguss|28/100\n|-damage|p1b: Rillaboom|42/100\n|move|p2a: Calyrex|Encore|p1a: Amoonguss\n|-start|p1a: Amoonguss|Encore\n|move|p1b: Rillaboom|U-turn|p2b: Terapagos\n|-damage|p2b: Terapagos|81/100\n|\n|t:|1775550949\n|switch|p1b: Zamazenta|Zamazenta-Crowned, L50|44/100|[from] U-turn\n|move|p1a: Amoonguss|Protect||[still]\n|-fail|p1a: Amoonguss\n|\n|-heal|p2b: Terapagos|87/100|[from] Grassy Terrain\n|-heal|p1b: Zamazenta|50/100|[from] Grassy Terrain\n|-heal|p1a: Amoonguss|34/100|[from] Grassy Terrain\n|upkeep\n|turn|6\n|\n|t:|1775550960\n|switch|p1a: Rillaboom|Rillaboom, L50, M|42/100\n|move|p1b: Zamazenta|Protect|p1b: Zamazenta\n|-singleturn|p1b: Zamazenta|Protect\n|move|p2b: Terapagos|Earth Power|p1b: Zamazenta\n|-activate|p1b: Zamazenta|move: Protect\n|move|p2a: Calyrex|Psychic|p1b: Zamazenta\n|-activate|p1b: Zamazenta|move: Protect\n|\n|-heal|p2b: Terapagos|93/100|[from] Grassy Terrain\n|-heal|p1b: Zamazenta|55/100|[from] Grassy Terrain\n|-heal|p1a: Rillaboom|48/100|[from] Grassy Terrain\n|upkeep\n|turn|7\n|\n|t:|1775550975\n|move|p1b: Zamazenta|Wide Guard|p1b: Zamazenta\n|-singleturn|p1b: Zamazenta|Wide Guard\n|move|p2b: Terapagos|Earth Power|p1a: Rillaboom\n|-resisted|p1a: Rillaboom\n|-damage|p1a: Rillaboom|35/100\n|move|p2a: Calyrex|Encore|p1b: Zamazenta\n|-start|p1b: Zamazenta|Encore\n|move|p1a: Rillaboom|Wood Hammer|p2a: Calyrex\n|-damage|p2a: Calyrex|11/100\n|-damage|p1a: Rillaboom|11/100|[from] Recoil\n|\n|-heal|p2b: Terapagos|99/100|[from] Grassy Terrain\n|-heal|p2a: Calyrex|17/100|[from] Grassy Terrain\n|-heal|p1b: Zamazenta|61/100|[from] Grassy Terrain\n|-heal|p1a: Rillaboom|16/100|[from] Grassy Terrain\n|upkeep\n|turn|8\n|\n|t:|1775550997\n|switch|p2a: Hitmontop|Hitmontop, L50, M|100/100\n|-ability|p2a: Hitmontop|Intimidate|boost\n|-unboost|p1a: Rillaboom|atk|1\n|-unboost|p1b: Zamazenta|atk|1\n|switch|p1b: Amoonguss|Amoonguss, L50, M, tera:Water|68/100\n|move|p1a: Rillaboom|Grassy Glide|p2a: Hitmontop\n|-damage|p2a: Hitmontop|69/100\n|-enditem|p2a: Hitmontop|Eject Button\n|\n|t:|1775551007\n|switch|p2a: Calyrex|Calyrex-Shadow, L50|17/100\n|-ability|p2a: Calyrex|As One\n|-ability|p2a: Calyrex|Unnerve\n|move|p2b: Terapagos|Earth Power|p1b: Amoonguss\n|-damage|p1b: Amoonguss|26/100\n|\n|-heal|p2b: Terapagos|100/100|[from] Grassy Terrain\n|-heal|p2a: Calyrex|23/100|[from] Grassy Terrain\n|-heal|p1a: Rillaboom|22/100|[from] Grassy Terrain\n|-heal|p1b: Amoonguss|32/100|[from] Grassy Terrain\n|-fieldend|move: Grassy Terrain\n|upkeep\n|turn|9\n|inactive|sjysjy has 30 seconds left.\n|\n|t:|1775551038\n|switch|p2a: Hitmontop|Hitmontop, L50, M|69/100\n|-ability|p2a: Hitmontop|Intimidate|boost\n|-unboost|p1a: Rillaboom|atk|1\n|-unboost|p1b: Amoonguss|atk|1\n|switch|p1a: Calyrex|Calyrex-Shadow, L50|100/100\n|-ability|p1a: Calyrex|As One\n|-ability|p1a: Calyrex|Unnerve\n|move|p1b: Amoonguss|Protect|p1b: Amoonguss\n|-singleturn|p1b: Amoonguss|Protect\n|move|p2b: Terapagos|Tera Starstorm|p1a: Calyrex|[spread] p1a\n|-activate|p1b: Amoonguss|move: Protect\n|-damage|p1a: Calyrex|60/100\n|\n|upkeep\n|turn|10\n|\n|t:|1775551060\n|switch|p1b: Zamazenta|Zamazenta-Crowned, L50|61/100\n|move|p2a: Hitmontop|Vacuum Wave|p2b: Terapagos\n|-supereffective|p2b: Terapagos\n|-damage|p2b: Terapagos|95/100\n|-enditem|p2b: Terapagos|Weakness Policy\n|-boost|p2b: Terapagos|atk|2|[from] item: Weakness Policy\n|-boost|p2b: Terapagos|spa|2|[from] item: Weakness Policy\n|move|p2b: Terapagos|Tera Starstorm|p1b: Zamazenta|[spread] p1a,p1b\n|-crit|p1a: Calyrex\n|-damage|p1a: Calyrex|0 fnt\n|-damage|p1b: Zamazenta|5/100\n|faint|p1a: Calyrex\n|\n|upkeep\n|\n|t:|1775551073\n|switch|p1a: Rillaboom|Rillaboom, L50, M|22/100\n|-fieldstart|move: Grassy Terrain|[from] ability: Grassy Surge|[of] p1a: Rillaboom\n|turn|11\n|\n|t:|1775551098\n|move|p2b: Terapagos|Protect|p2b: Terapagos\n|-singleturn|p2b: Terapagos|Protect\n|move|p1a: Rillaboom|Fake Out|p2b: Terapagos\n|-activate|p2b: Terapagos|move: Protect\n|move|p1b: Zamazenta|Body Press|p2b: Terapagos\n|-activate|p2b: Terapagos|move: Protect\n|move|p2a: Hitmontop|Brick Break|p1b: Zamazenta\n|-supereffective|p1b: Zamazenta\n|-damage|p1b: Zamazenta|0 fnt\n|faint|p1b: Zamazenta\n|\n|-heal|p2b: Terapagos|100/100|[from] Grassy Terrain\n|-heal|p1a: Rillaboom|28/100|[from] Grassy Terrain\n|-heal|p2a: Hitmontop|75/100|[from] Grassy Terrain\n|upkeep\n|\n|t:|1775551100\n|switch|p1b: Amoonguss|Amoonguss, L50, M, tera:Water|65/100\n|turn|12\n|-message|sjysjy forfeited.\n|\n|win|mtbsj\n|raw|sjysjy's rating: 1546 &rarr; <strong>1532</strong><br />(-14 for losing)\n|raw|mtbsj's rating: 1661 &rarr; <strong>1675</strong><br />(+14 for winning)\n|l|\u2606sjysjy\n|player|p1|\n","uploadtime":1775551124,"views":28,"formatid":"gen9vgc2026regi","rating":1532,"private":0,"password":null}