{"id":"gen9vgc2026regi-2530258615","format":"[Gen 9] VGC 2026 Reg I","players":["lalo's pollos","meh is good"],"log":"|j|\u2606lalo's pollos\n|j|\u2606meh is good\n|t:|1769894329\n|gametype|doubles\n|player|p1|lalo's pollos|1|1412\n|player|p2|meh is good|flannery|1313\n|gen|9\n|tier|[Gen 9] VGC 2026 Reg I\n|rated|\n|rule|Species Clause: Limit one of each Pok\u00e9mon\n|rule|Item Clause: Limit 1 of each item\n|clearpoke\n|poke|p1|Miraidon, L50|\n|poke|p1|Landorus, L50, M|\n|poke|p1|Incineroar, L50, F|\n|poke|p1|Iron Bundle, L50|\n|poke|p1|Farigiraf, L50, M|\n|poke|p1|Calyrex-Ice, L50|\n|poke|p2|Chien-Pao, L50|\n|poke|p2|Urshifu-*, L50, F|\n|poke|p2|Kyogre, L50|\n|poke|p2|Calyrex-Shadow, L50|\n|poke|p2|Clefairy, L50, F|\n|poke|p2|Tornadus, L50, M|\n|teampreview|4\n|inactive|Battle timer is ON: inactive players will automatically lose when time's up. (requested by meh is good)\n|inactive|meh is good has 60 seconds left.\n|\n|t:|1769894372\n|teamsize|p1|4\n|teamsize|p2|4\n|start\n|switch|p1a: Co-Star|Miraidon, L50|100/100\n|switch|p1b: the Star|Iron Bundle, L50|100/100\n|switch|p2a: Chien-Pao|Chien-Pao, L50, shiny|100/100\n|switch|p2b: Urshifu|Urshifu-Rapid-Strike, L50, F|100/100\n|-fieldstart|move: Electric Terrain|[from] ability: Hadron Engine|[of] p1a: Co-Star\n|-activate|p1b: the Star|ability: Quark Drive\n|-start|p1b: the Star|quarkdrivespe\n|-ability|p2a: Chien-Pao|Sword of Ruin\n|turn|1\n|\n|t:|1769894382\n|-terastallize|p2a: Chien-Pao|Dark\n|move|p2a: Chien-Pao|Sucker Punch|p1a: Co-Star\n|-damage|p1a: Co-Star|0 fnt\n|faint|p1a: Co-Star\n|move|p1b: the Star|Icy Wind|p2b: Urshifu|[spread] p2a,p2b\n|-resisted|p2b: Urshifu\n|-damage|p2a: Chien-Pao|68/100\n|-damage|p2b: Urshifu|86/100\n|-unboost|p2a: Chien-Pao|spe|1\n|-unboost|p2b: Urshifu|spe|1\n|move|p2b: Urshifu|Surging Strikes|p1b: the Star\n|-resisted|p1b: the Star\n|-crit|p1b: the Star\n|-damage|p1b: the Star|82/100\n|-resisted|p1b: the Star\n|-crit|p1b: the Star\n|-damage|p1b: the Star|64/100\n|-resisted|p1b: the Star\n|-crit|p1b: the Star\n|-damage|p1b: the Star|45/100\n|-hitcount|p1b: the Star|3\n|\n|upkeep\n|\n|t:|1769894392\n|switch|p1a: Landorus|Landorus, L50, M|100/100\n|turn|2\n|\n|t:|1769894408\n|-end|p1b: the Star|Quark Drive|[silent]\n|switch|p1b: the Manager|Farigiraf, L50, M|100/100\n|move|p2a: Chien-Pao|Sucker Punch||[still]\n|cant|p1b: the Manager|ability: Armor Tail|Sucker Punch|[of] p2a: Chien-Pao\n|move|p1a: Landorus|Sandsear Storm|p2b: Urshifu|[spread] p2a,p2b\n|-crit|p2a: Chien-Pao\n|-damage|p2a: Chien-Pao|0 fnt\n|-damage|p2b: Urshifu|0 fnt\n|faint|p2a: Chien-Pao\n|faint|p2b: Urshifu\n|\n|upkeep\n|\n|t:|1769894417\n|switch|p2a: Clefairy|Clefairy, L50, F|100/100\n|switch|p2b: Calyrex|Calyrex-Shadow, L50|100/100\n|-ability|p2b: Calyrex|As One\n|-ability|p2b: Calyrex|Unnerve\n|turn|3\n|\n|t:|1769894437\n|move|p1a: Landorus|Protect|p1a: Landorus\n|-singleturn|p1a: Landorus|Protect\n|move|p2a: Clefairy|Protect|p2a: Clefairy\n|-singleturn|p2a: Clefairy|Protect\n|move|p2b: Calyrex|Nasty Plot|p2b: Calyrex\n|-boost|p2b: Calyrex|spa|2\n|move|p1b: the Manager|Foul Play|p2b: Calyrex\n|-supereffective|p2b: Calyrex\n|-damage|p2b: Calyrex|54/100\n|\n|upkeep\n|turn|4\n|inactive|lalo's pollos has 30 seconds left.\n|\n|t:|1769894470\n|move|p1a: Landorus|Protect||[still]\n|-fail|p1a: Landorus\n|move|p2a: Clefairy|Follow Me|p2a: Clefairy\n|-singleturn|p2a: Clefairy|move: Follow Me\n|move|p2b: Calyrex|Astral Barrage|p1b: the Manager|[spread] p1a\n|-immune|p1b: the Manager\n|-damage|p1a: Landorus|0 fnt\n|faint|p1a: Landorus\n|-ability|p2b: Calyrex|Grim Neigh|boost\n|-boost|p2b: Calyrex|spa|1\n|-damage|p2b: Calyrex|45/100|[from] item: Life Orb\n|move|p1b: the Manager|Trick Room|p1b: the Manager\n|-fieldstart|move: Trick Room|[of] p1b: the Manager\n|\n|upkeep\n|\n|t:|1769894475\n|switch|p1a: the Star|Iron Bundle, L50|45/100\n|-activate|p1a: the Star|ability: Quark Drive\n|-start|p1a: the Star|quarkdrivespe\n|turn|5\n|inactive|meh is good has 30 seconds left.\n|\n|t:|1769894501\n|move|p1a: the Star|Protect|p1a: the Star\n|-singleturn|p1a: the Star|Protect\n|move|p2a: Clefairy|Heal Pulse|p2b: Calyrex\n|-heal|p2b: Calyrex|95/100\n|move|p1b: the Manager|Foul Play|p2b: Calyrex\n|-supereffective|p2b: Calyrex\n|-damage|p2b: Calyrex|44/100\n|move|p2b: Calyrex|Expanding Force|p1a: the Star\n|-activate|p1a: the Star|move: Protect\n|\n|-fieldend|move: Electric Terrain\n|-end|p1a: the Star|Quark Drive\n|upkeep\n|turn|6\n|\n|t:|1769894519\n|move|p2a: Clefairy|Follow Me|p2a: Clefairy\n|-singleturn|p2a: Clefairy|move: Follow Me\n|move|p1b: the Manager|Psychic|p2a: Clefairy\n|-damage|p2a: Clefairy|73/100\n|move|p1a: the Star|Freeze-Dry|p2a: Clefairy\n|-damage|p2a: Clefairy|44/100\n|move|p2b: Calyrex|Expanding Force|p1a: the Star\n|-damage|p1a: the Star|0 fnt\n|faint|p1a: the Star\n|-end|p1a: the Star|Quark Drive|[silent]\n|-ability|p2b: Calyrex|Grim Neigh|boost\n|-boost|p2b: Calyrex|spa|1\n|-damage|p2b: Calyrex|35/100|[from] item: Life Orb\n|\n|upkeep\n|turn|7\n|\n|t:|1769894531\n|move|p2a: Clefairy|Heal Pulse|p2b: Calyrex\n|-heal|p2b: Calyrex|85/100\n|move|p1b: the Manager|Psychic|p2a: Clefairy\n|-damage|p2a: Clefairy|13/100\n|move|p2b: Calyrex|Expanding Force|p1b: the Manager\n|-resisted|p1b: the Manager\n|-damage|p1b: the Manager|41/100\n|-damage|p2b: Calyrex|76/100|[from] item: Life Orb\n|\n|upkeep\n|turn|8\n|-message|lalo's pollos forfeited.\n|\n|win|meh is good\n|raw|lalo&apos;s pollos's rating: 1412 &rarr; <strong>1386</strong><br />(-26 for losing)\n|raw|meh is good's rating: 1313 &rarr; <strong>1339</strong><br />(+26 for winning)\n|l|\u2606lalo's pollos\n|player|p1|\n|l|\u2606meh is good\n|player|p2|\n","uploadtime":1769894730,"views":12,"formatid":"gen9vgc2026regi","rating":1339,"private":0,"password":null}