{"id":"gen9vgc2026regi-2535202067","format":"[Gen 9] VGC 2026 Reg I","players":["lalo's pollos","MarEQuinox"],"log":"|j|\u2606lalo's pollos\n|j|\u2606MarEQuinox\n|t:|1770527986\n|gametype|doubles\n|player|p1|lalo's pollos|2|1460\n|player|p2|MarEQuinox|cynthia-gen4|1471\n|gen|9\n|tier|[Gen 9] VGC 2026 Reg I\n|rated|\n|rule|Species Clause: Limit one of each Pok\u00e9mon\n|rule|Item Clause: Limit 1 of each item\n|clearpoke\n|poke|p1|Zamazenta-*, L50|\n|poke|p1|Lunala, L50|\n|poke|p1|Rillaboom, L50, F|\n|poke|p1|Incineroar, L50, F|\n|poke|p1|Urshifu-*, L50, F|\n|poke|p1|Tornadus, L50, M|\n|poke|p2|Miraidon, L50|\n|poke|p2|Calyrex-Ice, L50|\n|poke|p2|Dondozo, L50, M|\n|poke|p2|Tatsugiri, L50, M|\n|poke|p2|Chien-Pao, L50|\n|poke|p2|Dragonite, L50, F|\n|teampreview|4\n|inactive|Battle timer is ON: inactive players will automatically lose when time's up. (requested by lalo's pollos)\n|inactive|MarEQuinox has 60 seconds left.\n|inactive|MarEQuinox has 30 seconds left.\n|inactive|MarEQuinox has 20 seconds left.\n|\n|t:|1770528131\n|teamsize|p1|4\n|teamsize|p2|4\n|start\n|switch|p1a: Zamazenta|Zamazenta-Crowned, L50|100/100\n|switch|p1b: Tornadus|Tornadus, L50, M|100/100\n|switch|p2a: Miraidon|Miraidon, L50|100/100\n|switch|p2b: Dondozo|Dondozo, L50, M|100/100\n|-fieldstart|move: Electric Terrain|[from] ability: Hadron Engine|[of] p2a: Miraidon\n|-ability|p1a: Zamazenta|Dauntless Shield|boost\n|-boost|p1a: Zamazenta|def|1\n|turn|1\n|\n|t:|1770528155\n|move|p1a: Zamazenta|Protect|p1a: Zamazenta\n|-singleturn|p1a: Zamazenta|Protect\n|move|p2a: Miraidon|Volt Switch|p1b: Tornadus\n|-supereffective|p1b: Tornadus\n|-enditem|p1b: Tornadus|Focus Sash\n|-damage|p1b: Tornadus|1/100\n|\n|t:|1770528162\n|switch|p2a: Tatsugiri|Tatsugiri, L50, M|100/100|[from] Volt Switch\n|-activate|p2a: Tatsugiri|ability: Commander|[of] p2b: Dondozo\n|-boost|p2b: Dondozo|atk|2\n|-boost|p2b: Dondozo|spa|2\n|-boost|p2b: Dondozo|spe|2\n|-boost|p2b: Dondozo|def|2\n|-boost|p2b: Dondozo|spd|2\n|move|p1b: Tornadus|Bleakwind Storm|p2b: Dondozo|[spread] p2b\n|-miss|p1b: Tornadus|p2a: Tatsugiri\n|-damage|p2b: Dondozo|84/100\n|move|p2b: Dondozo|Order Up|p1b: Tornadus\n|-damage|p1b: Tornadus|0 fnt\n|faint|p1b: Tornadus\n|-boost|p2b: Dondozo|atk|1\n|\n|upkeep\n|\n|t:|1770528176\n|switch|p1b: Rillaboom|Rillaboom, L50, F|100/100\n|-fieldstart|move: Grassy Terrain|[from] ability: Grassy Surge|[of] p1b: Rillaboom\n|turn|2\n|\n|t:|1770528183\n|move|p1b: Rillaboom|Fake Out|p2b: Dondozo\n|-damage|p2b: Dondozo|80/100\n|move|p1a: Zamazenta|Body Press|p2b: Dondozo\n|-damage|p2b: Dondozo|57/100\n|move|p2b: Dondozo|Order Up|p1b: Rillaboom\n|-damage|p1b: Rillaboom|50/100\n|-boost|p2b: Dondozo|atk|1\n|\n|-heal|p1b: Rillaboom|56/100|[from] Grassy Terrain\n|-heal|p2b: Dondozo|63/100|[from] Grassy Terrain\n|upkeep\n|turn|3\n|\n|t:|1770528200\n|move|p1a: Zamazenta|Body Press|p2b: Dondozo\n|-damage|p2b: Dondozo|37/100\n|move|p1b: Rillaboom|Wood Hammer|p2b: Dondozo\n|-supereffective|p2b: Dondozo\n|-damage|p2b: Dondozo|0 fnt\n|faint|p2b: Dondozo\n|-damage|p1b: Rillaboom|43/100|[from] Recoil\n|\n|-heal|p1b: Rillaboom|49/100|[from] Grassy Terrain\n|upkeep\n|\n|t:|1770528223\n|switch|p2b: Miraidon|Miraidon, L50|100/100\n|-fieldstart|move: Electric Terrain|[from] ability: Hadron Engine|[of] p2b: Miraidon\n|turn|4\n|\n|t:|1770528238\n|-terastallize|p2b: Miraidon|Electric\n|move|p1a: Zamazenta|Protect|p1a: Zamazenta\n|-singleturn|p1a: Zamazenta|Protect\n|move|p2b: Miraidon|Electro Drift|p1b: Rillaboom\n|-resisted|p1b: Rillaboom\n|-damage|p1b: Rillaboom|0 fnt\n|faint|p1b: Rillaboom\n|move|p2a: Tatsugiri|Draco Meteor|p1a: Zamazenta\n|-activate|p1a: Zamazenta|move: Protect\n|\n|upkeep\n|\n|t:|1770528247\n|switch|p1b: Lunala|Lunala, L50|100/100\n|turn|5\n|\n|t:|1770528255\n|move|p2a: Tatsugiri|Helping Hand|p2b: Miraidon\n|-singleturn|p2b: Miraidon|Helping Hand|[of] p2a: Tatsugiri\n|move|p2b: Miraidon|Electro Drift|p1a: Zamazenta\n|-damage|p1a: Zamazenta|0 fnt\n|faint|p1a: Zamazenta\n|move|p1b: Lunala|Calm Mind|p1b: Lunala\n|-boost|p1b: Lunala|spa|1\n|-boost|p1b: Lunala|spd|1\n|\n|upkeep\n|turn|6\n|\n|t:|1770528265\n|move|p2a: Tatsugiri|Helping Hand|p2b: Miraidon\n|-singleturn|p2b: Miraidon|Helping Hand|[of] p2a: Tatsugiri\n|move|p1b: Lunala|Protect|p1b: Lunala\n|-singleturn|p1b: Lunala|Protect\n|move|p2b: Miraidon|Electro Drift|p1b: Lunala\n|-activate|p1b: Lunala|move: Protect\n|\n|upkeep\n|turn|7\n|\n|t:|1770528277\n|move|p2a: Tatsugiri|Helping Hand|p2b: Miraidon\n|-singleturn|p2b: Miraidon|Helping Hand|[of] p2a: Tatsugiri\n|move|p2b: Miraidon|Electro Drift|p1b: Lunala\n|-damage|p1b: Lunala|55/100\n|move|p1b: Lunala|Moongeist Beam|p2b: Miraidon\n|-damage|p2b: Miraidon|35/100\n|\n|-heal|p1b: Lunala|60/100|[from] item: Leftovers\n|upkeep\n|turn|8\n|\n|t:|1770528285\n|move|p2a: Tatsugiri|Helping Hand|p2b: Miraidon\n|-singleturn|p2b: Miraidon|Helping Hand|[of] p2a: Tatsugiri\n|move|p1b: Lunala|Protect|p1b: Lunala\n|-singleturn|p1b: Lunala|Protect\n|move|p2b: Miraidon|Electro Drift|p1b: Lunala\n|-activate|p1b: Lunala|move: Protect\n|\n|-heal|p1b: Lunala|66/100|[from] item: Leftovers\n|-fieldend|move: Electric Terrain\n|upkeep\n|turn|9\n|\n|t:|1770528305\n|move|p2b: Miraidon|Electro Drift|p1b: Lunala\n|-damage|p1b: Lunala|26/100\n|move|p1b: Lunala|Moongeist Beam|p2b: Miraidon\n|-damage|p2b: Miraidon|0 fnt\n|faint|p2b: Miraidon\n|move|p2a: Tatsugiri|Draco Meteor|p1b: Lunala\n|-damage|p1b: Lunala|0 fnt\n|-unboost|p2a: Tatsugiri|spa|2\n|faint|p1b: Lunala\n|\n|win|MarEQuinox\n|raw|lalo&apos;s pollos's rating: 1460 &rarr; <strong>1441</strong><br />(-19 for losing)\n|raw|MarEQuinox's rating: 1471 &rarr; <strong>1490</strong><br />(+19 for winning)\n|l|\u2606MarEQuinox\n|player|p2|\n","uploadtime":1770528575,"views":30,"formatid":"gen9vgc2026regi","rating":1441,"private":0,"password":null}