{"id":"gen9vgc2026regi-2576794159","format":"[Gen 9] VGC 2026 Reg I","players":["firefalls","Eadov"],"log":"|j|\u2606firefalls\n|j|\u2606Eadov\n|t:|1775506235\n|gametype|doubles\n|player|p1|firefalls|n|1319\n|player|p2|Eadov|red|1384\n|gen|9\n|tier|[Gen 9] VGC 2026 Reg I\n|rated|\n|rule|Species Clause: Limit one of each Pok\u00e9mon\n|rule|Item Clause: Limit 1 of each item\n|clearpoke\n|poke|p1|Walking Wake, L50|\n|poke|p1|Koraidon, L50|\n|poke|p1|Kingambit, L50, M|\n|poke|p1|Lunala, L50|\n|poke|p1|Brute Bonnet, L50|\n|poke|p1|Flutter Mane, L50|\n|poke|p2|Calyrex-Shadow, L50|\n|poke|p2|Zamazenta-*, L50|\n|poke|p2|Chien-Pao, L50|\n|poke|p2|Dragonite, L50, M|\n|poke|p2|Amoonguss, L50, F|\n|poke|p2|Ogerpon-Cornerstone, L50, F|\n|teampreview|4\n|inactive|Battle timer is ON: inactive players will automatically lose when time's up. (requested by Eadov)\nfirefalls has agreed to open team sheets.\n|inactive|firefalls has 60 seconds left.\n|\n|t:|1775506285\n|teamsize|p1|4\n|teamsize|p2|4\n|start\n|switch|p1a: Walking Wake|Walking Wake, L50|100/100\n|switch|p1b: Koraidon|Koraidon, L50|100/100\n|switch|p2a: Chien-Pao|Chien-Pao, L50|100/100\n|switch|p2b: Zamazenta|Zamazenta-Crowned, L50|100/100\n|-weather|SunnyDay|[from] ability: Orichalcum Pulse|[of] p1b: Koraidon\n|-activate|p1a: Walking Wake|ability: Protosynthesis\n|-start|p1a: Walking Wake|protosynthesisspe\n|-activate|p1b: Koraidon|Orichalcum Pulse|[source]\n|-ability|p2a: Chien-Pao|Sword of Ruin\n|-ability|p2b: Zamazenta|Dauntless Shield|boost\n|-boost|p2b: Zamazenta|def|1\n|turn|1\n|inactive|firefalls has 30 seconds left.\n|inactive|Eadov has 30 seconds left.\n|inactive|Eadov has 20 seconds left.\n|\n|t:|1775506321\n|move|p2b: Zamazenta|Protect|p2b: Zamazenta\n|-singleturn|p2b: Zamazenta|Protect\n|move|p1a: Walking Wake|Hydro Steam|p2b: Zamazenta\n|-activate|p2b: Zamazenta|move: Protect\n|move|p1b: Koraidon|Flame Charge|p2a: Chien-Pao\n|-supereffective|p2a: Chien-Pao\n|-damage|p2a: Chien-Pao|0 fnt\n|-boost|p1b: Koraidon|spe|1\n|faint|p2a: Chien-Pao\n|-damage|p1b: Koraidon|91/100|[from] item: Life Orb\n|\n|-weather|SunnyDay|[upkeep]\n|upkeep\n|\n|t:|1775506336\n|switch|p2a: Dragonite|Dragonite, L50, M|100/100\n|turn|2\n|inactive|firefalls has 30 seconds left.\n|\n|t:|1775506367\n|move|p1b: Koraidon|Protect|p1b: Koraidon\n|-singleturn|p1b: Koraidon|Protect\n|move|p1a: Walking Wake|Protect|p1a: Walking Wake\n|-singleturn|p1a: Walking Wake|Protect\n|move|p2b: Zamazenta|Body Press|p1a: Walking Wake\n|-activate|p1a: Walking Wake|move: Protect\n|move|p2a: Dragonite|Outrage|p1a: Walking Wake\n|-activate|p1a: Walking Wake|move: Protect\n|\n|-weather|SunnyDay|[upkeep]\n|upkeep\n|turn|3\n|\n|t:|1775506385\n|move|p1b: Koraidon|Close Combat|p2b: Zamazenta\n|-supereffective|p2b: Zamazenta\n|-damage|p2b: Zamazenta|20/100\n|-unboost|p1b: Koraidon|def|1\n|-unboost|p1b: Koraidon|spd|1\n|-damage|p1b: Koraidon|81/100|[from] item: Life Orb\n|move|p1a: Walking Wake|Draco Meteor|p2a: Dragonite\n|-supereffective|p2a: Dragonite\n|-damage|p2a: Dragonite|0 fnt\n|-unboost|p1a: Walking Wake|spa|2\n|faint|p2a: Dragonite\n|move|p2b: Zamazenta|Body Press|p1a: Walking Wake\n|-damage|p1a: Walking Wake|24/100\n|\n|-weather|SunnyDay|[upkeep]\n|upkeep\n|\n|t:|1775506395\n|switch|p2a: Calyrex|Calyrex-Shadow, L50|100/100\n|-ability|p2a: Calyrex|As One\n|-ability|p2a: Calyrex|Unnerve\n|turn|4\n|\n|t:|1775506416\n|move|p1b: Koraidon|Flare Blitz|p2a: Calyrex\n|-crit|p2a: Calyrex\n|-enditem|p2a: Calyrex|Focus Sash\n|-damage|p2a: Calyrex|1/100\n|-damage|p1b: Koraidon|48/100|[from] Recoil\n|-damage|p1b: Koraidon|39/100|[from] item: Life Orb\n|move|p1a: Walking Wake|Hydro Steam|p2b: Zamazenta\n|-damage|p2b: Zamazenta|0 fnt\n|faint|p2b: Zamazenta\n|move|p2a: Calyrex|Astral Barrage|p1a: Walking Wake|[spread] p1a,p1b\n|-damage|p1a: Walking Wake|0 fnt\n|-damage|p1b: Koraidon|0 fnt\n|faint|p1a: Walking Wake\n|-end|p1a: Walking Wake|Protosynthesis|[silent]\n|faint|p1b: Koraidon\n|-ability|p2a: Calyrex|Grim Neigh|boost\n|-boost|p2a: Calyrex|spa|2\n|\n|-weather|SunnyDay|[upkeep]\n|upkeep\n|\n|t:|1775506421\n|switch|p1b: Brute Bonnet|Brute Bonnet, L50|100/100\n|switch|p1a: Flutter Mane|Flutter Mane, L50|100/100\n|-activate|p1a: Flutter Mane|ability: Protosynthesis\n|-start|p1a: Flutter Mane|protosynthesisspe\n|-activate|p1b: Brute Bonnet|ability: Protosynthesis\n|-start|p1b: Brute Bonnet|protosynthesisdef\n|turn|5\n|\n|t:|1775506430\n|move|p2a: Calyrex|Protect|p2a: Calyrex\n|-singleturn|p2a: Calyrex|Protect\n|move|p1b: Brute Bonnet|Sucker Punch||[still]\n|-fail|p1b: Brute Bonnet\n|move|p1a: Flutter Mane|Moonblast|p2a: Calyrex\n|-activate|p2a: Calyrex|move: Protect\n|\n|-weather|none\n|-end|p1a: Flutter Mane|Protosynthesis\n|-end|p1b: Brute Bonnet|Protosynthesis\n|upkeep\n|turn|6\n|\n|t:|1775506439\n|move|p1b: Brute Bonnet|Sucker Punch|p2a: Calyrex\n|-supereffective|p2a: Calyrex\n|-crit|p2a: Calyrex\n|-damage|p2a: Calyrex|0 fnt\n|faint|p2a: Calyrex\n|\n|win|firefalls\n|raw|firefalls's rating: 1319 &rarr; <strong>1343</strong><br />(+24 for winning)\n|raw|Eadov's rating: 1384 &rarr; <strong>1360</strong><br />(-24 for losing)\n|l|\u2606Eadov\n|player|p2|\n|l|\u2606firefalls\n|player|p1|\n|j|\u2606Eadov\n|player|p2|Eadov|red|\n|l|\u2606Eadov\n|player|p2|\n","uploadtime":1775506449,"views":11,"formatid":"gen9vgc2026regi","rating":1343,"private":0,"password":null}