{"id":"gen9vgc2026regi-2567867433","format":"[Gen 9] VGC 2026 Reg I","players":["Jerald Jimes","kojimuranishi"],"log":"|j|\u2606Jerald Jimes\n|j|\u2606kojimuranishi\n|t:|1774528942\n|gametype|doubles\n|player|p1|Jerald Jimes|turo|1479\n|player|p2|kojimuranishi|1|1601\n|gen|9\n|tier|[Gen 9] VGC 2026 Reg I\n|rated|\n|rule|Species Clause: Limit one of each Pok\u00e9mon\n|rule|Item Clause: Limit 1 of each item\n|clearpoke\n|poke|p1|Chi-Yu, L50|\n|poke|p1|Calyrex-Shadow, L50|\n|poke|p1|Zamazenta-*, L50|\n|poke|p1|Whimsicott, L50, M|\n|poke|p1|Ogerpon-Cornerstone, L50, F|\n|poke|p1|Landorus, L50, M|\n|poke|p2|Whimsicott, L50, M|\n|poke|p2|Calyrex-Ice, L50|\n|poke|p2|Miraidon, L50|\n|poke|p2|Chi-Yu, L50|\n|poke|p2|Landorus, L50, M|\n|poke|p2|Farigiraf, L50, M|\n|teampreview|4\n|inactive|Battle timer is ON: inactive players will automatically lose when time's up. (requested by kojimuranishi)\n|inactive|Jerald Jimes has 60 seconds left.\n|\n|t:|1774528993\n|teamsize|p1|4\n|teamsize|p2|4\n|start\n|switch|p1a: Landorus|Landorus, L50, M|100/100\n|switch|p1b: Whimsicott|Whimsicott, L50, M|100/100\n|switch|p2a: Whimsicott|Whimsicott, L50, M|100/100\n|switch|p2b: Chi-Yu|Chi-Yu, L50|100/100\n|-ability|p2b: Chi-Yu|Beads of Ruin\n|turn|1\n|\n|t:|1774529012\n|-terastallize|p1a: Landorus|Water\n|move|p1b: Whimsicott|Tailwind|p1b: Whimsicott\n|-sidestart|p1: Jerald Jimes|move: Tailwind\n|move|p1a: Landorus|Sludge Bomb|p2a: Whimsicott\n|-supereffective|p2a: Whimsicott\n|-enditem|p2a: Whimsicott|Focus Sash\n|-damage|p2a: Whimsicott|1/100\n|move|p2b: Chi-Yu|Heat Wave|p1a: Landorus|[spread] p1a,p1b\n|-resisted|p1a: Landorus\n|-supereffective|p1b: Whimsicott\n|-damage|p1a: Landorus|55/100\n|-damage|p1b: Whimsicott|0 fnt\n|faint|p1b: Whimsicott\n|move|p2a: Whimsicott|Trick Room|p2a: Whimsicott\n|-fieldstart|move: Trick Room|[of] p2a: Whimsicott\n|\n|upkeep\n|inactive|Jerald Jimes has 30 seconds left.\n|\n|t:|1774529038\n|switch|p1b: Zamazenta|Zamazenta-Crowned, L50|100/100\n|-ability|p1b: Zamazenta|Dauntless Shield|boost\n|-boost|p1b: Zamazenta|def|1\n|turn|2\n|\n|t:|1774529059\n|switch|p2a: Calyrex|Calyrex-Ice, L50|100/100\n|-ability|p2a: Calyrex|As One\n|-ability|p2a: Calyrex|Unnerve\n|move|p1b: Zamazenta|Protect|p1b: Zamazenta\n|-singleturn|p1b: Zamazenta|Protect\n|move|p2b: Chi-Yu|Heat Wave|p1a: Landorus|[spread] p1a\n|-activate|p1b: Zamazenta|move: Protect\n|-resisted|p1a: Landorus\n|-damage|p1a: Landorus|9/100\n|move|p1a: Landorus|Sludge Bomb|p2a: Calyrex\n|-crit|p2a: Calyrex\n|-damage|p2a: Calyrex|19/100\n|\n|upkeep\n|turn|3\n|inactive|Jerald Jimes has 30 seconds left.\n|inactive|Jerald Jimes has 20 seconds left.\n|inactive|Jerald Jimes has 15 seconds left.\n|\n|t:|1774529101\n|move|p1a: Landorus|Protect|p1a: Landorus\n|-singleturn|p1a: Landorus|Protect\n|move|p1b: Zamazenta|Wide Guard|p1b: Zamazenta\n|-singleturn|p1b: Zamazenta|Wide Guard\n|move|p2a: Calyrex|High Horsepower|p1a: Landorus\n|-activate|p1a: Landorus|move: Protect\n|move|p2b: Chi-Yu|Heat Wave|p1b: Zamazenta|[spread] \n|-activate|p1a: Landorus|move: Wide Guard\n|-activate|p1b: Zamazenta|move: Wide Guard\n|\n|upkeep\n|turn|4\n|j| oldmanreturns\n|inactive|kojimuranishi has 30 seconds left.\n|\n|t:|1774529127\n|move|p1a: Landorus|Protect|p1a: Landorus\n|-singleturn|p1a: Landorus|Protect\n|move|p1b: Zamazenta|Wide Guard|p1b: Zamazenta\n|-singleturn|p1b: Zamazenta|Wide Guard\n|move|p2a: Calyrex|High Horsepower|p1a: Landorus\n|-activate|p1a: Landorus|move: Protect\n|move|p2b: Chi-Yu|Heat Wave|p1b: Zamazenta|[spread] \n|-activate|p1a: Landorus|move: Wide Guard\n|-activate|p1b: Zamazenta|move: Wide Guard\n|\n|-sideend|p1: Jerald Jimes|move: Tailwind\n|upkeep\n|turn|5\n|inactive|Jerald Jimes has 30 seconds left.\n|\n|t:|1774529156\n|switch|p2b: Whimsicott|Whimsicott, L50, M|1/100\n|move|p1a: Landorus|Protect||[still]\n|-fail|p1a: Landorus\n|move|p1b: Zamazenta|Wide Guard|p1b: Zamazenta\n|-singleturn|p1b: Zamazenta|Wide Guard\n|move|p2a: Calyrex|High Horsepower|p1a: Landorus\n|-damage|p1a: Landorus|0 fnt\n|faint|p1a: Landorus\n|-ability|p2a: Calyrex|Chilling Neigh|boost\n|-boost|p2a: Calyrex|atk|1\n|\n|-fieldend|move: Trick Room\n|upkeep\n|\n|t:|1774529159\n|switch|p1a: Calyrex|Calyrex-Shadow, L50|100/100\n|-ability|p1a: Calyrex|As One\n|-ability|p1a: Calyrex|Unnerve\n|turn|6\n|\n|t:|1774529178\n|move|p1b: Zamazenta|Wide Guard|p1b: Zamazenta\n|-singleturn|p1b: Zamazenta|Wide Guard\n|move|p2b: Whimsicott|Tailwind|p2b: Whimsicott\n|-sidestart|p2: kojimuranishi|move: Tailwind\n|move|p2a: Calyrex|High Horsepower|p1a: Calyrex|[miss]\n|-miss|p2a: Calyrex|p1a: Calyrex\n|move|p1a: Calyrex|Astral Barrage|p2a: Calyrex|[spread] p2a,p2b\n|-supereffective|p2a: Calyrex\n|-damage|p2a: Calyrex|0 fnt\n|-damage|p2b: Whimsicott|0 fnt\n|faint|p2a: Calyrex\n|faint|p2b: Whimsicott\n|-ability|p1a: Calyrex|Grim Neigh|boost\n|-boost|p1a: Calyrex|spa|2\n|\n|upkeep\n|\n|t:|1774529194\n|switch|p2b: Chi-Yu|Chi-Yu, L50|100/100\n|switch|p2a: Miraidon|Miraidon, L50|100/100\n|-fieldstart|move: Electric Terrain|[from] ability: Hadron Engine|[of] p2a: Miraidon\n|-ability|p2b: Chi-Yu|Beads of Ruin\n|turn|7\n|\n|t:|1774529219\n|-terastallize|p2a: Miraidon|Electric\n|move|p1a: Calyrex|Protect|p1a: Calyrex\n|-singleturn|p1a: Calyrex|Protect\n|move|p2a: Miraidon|Electro Drift|p1a: Calyrex\n|-activate|p1a: Calyrex|move: Protect\n|move|p2b: Chi-Yu|Overheat|p1a: Calyrex\n|-activate|p1a: Calyrex|move: Protect\n|move|p1b: Zamazenta|Body Press|p2b: Chi-Yu\n|-supereffective|p2b: Chi-Yu\n|-damage|p2b: Chi-Yu|0 fnt\n|faint|p2b: Chi-Yu\n|\n|upkeep\n|turn|8\n|\n|t:|1774529240\n|move|p2a: Miraidon|Electro Drift|p1a: Calyrex\n|-enditem|p1a: Calyrex|Focus Sash\n|-damage|p1a: Calyrex|1/100\n|move|p1a: Calyrex|Astral Barrage|p2a: Miraidon\n|-damage|p2a: Miraidon|0 fnt\n|faint|p2a: Miraidon\n|\n|win|Jerald Jimes\n|raw|Jerald Jimes's rating: 1479 &rarr; <strong>1506</strong><br />(+27 for winning)\n|raw|kojimuranishi's rating: 1601 &rarr; <strong>1574</strong><br />(-27 for losing)\n|l|\u2606kojimuranishi\n|player|p2|\n|l|\u2606Jerald Jimes\n|player|p1|\n|l| oldmanreturns\n","uploadtime":1774529427,"views":17,"formatid":"gen9vgc2026regi","rating":1506,"private":0,"password":null}