{"id":"gen9vgc2026regi-2567242931","format":"[Gen 9] VGC 2026 Reg I","players":["ghadi06","bishmii"],"log":"|j|\u2606ghadi06\n|j|\u2606bishmii\n|t:|1774460021\n|gametype|doubles\n|player|p1|ghadi06|170|1200\n|player|p2|bishmii|170|1148\n|gen|9\n|tier|[Gen 9] VGC 2026 Reg I\n|rated|\n|rule|Species Clause: Limit one of each Pok\u00e9mon\n|rule|Item Clause: Limit 1 of each item\n|clearpoke\n|poke|p1|Gholdengo, L50|\n|poke|p1|Calyrex-Ice, L50|\n|poke|p1|Miraidon, L50|\n|poke|p1|Whimsicott, L50, M|\n|poke|p1|Incineroar, L50, M|\n|poke|p1|Iron Hands, L50|\n|poke|p2|Incineroar, L50, F|\n|poke|p2|Calyrex-Shadow, L50|\n|poke|p2|Tornadus, L50, M|\n|poke|p2|Rillaboom, L50, M|\n|poke|p2|Sylveon, L50, F|\n|poke|p2|Zamazenta-*, L50|\n|teampreview|4\n|inactive|Battle timer is ON: inactive players will automatically lose when time's up. (requested by bishmii)\n|inactive|ghadi06 has 60 seconds left.\n|inactive|bishmii has 60 seconds left.\n|\n|t:|1774460052\n|teamsize|p1|4\n|teamsize|p2|4\n|start\n|switch|p1a: Incineroar|Incineroar, L50, M|100/100\n|switch|p1b: Whimsicott|Whimsicott, L50, M|100/100\n|switch|p2a: Sylveon|Sylveon, L50, F|100/100\n|switch|p2b: Incineroar|Incineroar, L50, F|100/100\n|-ability|p2b: Incineroar|Intimidate|boost\n|-unboost|p1a: Incineroar|atk|1\n|-unboost|p1b: Whimsicott|atk|1\n|-ability|p1a: Incineroar|Intimidate|boost\n|-unboost|p2a: Sylveon|atk|1\n|-unboost|p2b: Incineroar|atk|1\n|turn|1\n|inactive|ghadi06 has 30 seconds left.\n|\n|t:|1774460081\n|move|p1a: Incineroar|Fake Out|p2b: Incineroar\n|-damage|p2b: Incineroar|93/100\n|move|p1b: Whimsicott|Tailwind|p1b: Whimsicott\n|-sidestart|p1: ghadi06|move: Tailwind\n|cant|p2b: Incineroar|flinch\n|move|p2a: Sylveon|Calm Mind|p2a: Sylveon\n|-boost|p2a: Sylveon|spa|1\n|-boost|p2a: Sylveon|spd|1\n|\n|upkeep\n|turn|2\n|inactive|ghadi06 has 30 seconds left.\n|inactive|ghadi06 has 20 seconds left.\n|inactive|ghadi06 has 15 seconds left.\n|inactive|ghadi06 has 10 seconds left.\n|inactive|ghadi06 has 5 seconds left.\n|\n|t:|1774460133\n|switch|p1a: Miraidon|Miraidon, L50|100/100\n|-fieldstart|move: Electric Terrain|[from] ability: Hadron Engine|[of] p1a: Miraidon\n|move|p1b: Whimsicott|Encore|p2a: Sylveon\n|-start|p2a: Sylveon|Encore\n|move|p2b: Incineroar|Flare Blitz|p1b: Whimsicott\n|-supereffective|p1b: Whimsicott\n|-damage|p1b: Whimsicott|42/100\n|-damage|p2b: Incineroar|77/100|[from] Recoil\n|move|p2a: Sylveon|Calm Mind|p2a: Sylveon\n|-boost|p2a: Sylveon|spa|1\n|-boost|p2a: Sylveon|spd|1\n|\n|upkeep\n|turn|3\n|\n|t:|1774460152\n|switch|p2b: Rillaboom|Rillaboom, L50, M|100/100\n|-fieldstart|move: Grassy Terrain|[from] ability: Grassy Surge|[of] p2b: Rillaboom\n|-terastallize|p1a: Miraidon|Electric\n|move|p1b: Whimsicott|Protect|p1b: Whimsicott\n|-singleturn|p1b: Whimsicott|Protect\n|move|p1a: Miraidon|Electro Drift|p2a: Sylveon\n|-damage|p2a: Sylveon|64/100\n|move|p2a: Sylveon|Calm Mind|p2a: Sylveon\n|-boost|p2a: Sylveon|spa|1\n|-boost|p2a: Sylveon|spd|1\n|\n|-heal|p1b: Whimsicott|48/100|[from] Grassy Terrain\n|-heal|p2a: Sylveon|70/100|[from] Grassy Terrain\n|-heal|p2a: Sylveon|77/100|[from] item: Leftovers\n|upkeep\n|turn|4\n|\n|t:|1774460173\n|move|p1a: Miraidon|Electro Drift|p2a: Sylveon\n|-damage|p2a: Sylveon|44/100\n|move|p1b: Whimsicott|Dazzling Gleam|p2a: Sylveon|[spread] p2a,p2b\n|-crit|p2a: Sylveon\n|-damage|p2a: Sylveon|23/100\n|-damage|p2b: Rillaboom|90/100\n|move|p2b: Rillaboom|U-turn|p1b: Whimsicott\n|-damage|p1b: Whimsicott|27/100\n|\n|t:|1774460182\n|switch|p2b: Incineroar|Incineroar, L50, F|77/100|[from] U-turn\n|-ability|p2b: Incineroar|Intimidate|boost\n|-unboost|p1a: Miraidon|atk|1\n|-unboost|p1b: Whimsicott|atk|1\n|move|p2a: Sylveon|Calm Mind|p2a: Sylveon\n|-boost|p2a: Sylveon|spa|1\n|-boost|p2a: Sylveon|spd|1\n|\n|-heal|p1b: Whimsicott|33/100|[from] Grassy Terrain\n|-heal|p2b: Incineroar|83/100|[from] Grassy Terrain\n|-heal|p2a: Sylveon|29/100|[from] Grassy Terrain\n|-heal|p2a: Sylveon|35/100|[from] item: Leftovers\n|-end|p2a: Sylveon|Encore\n|-sideend|p1: ghadi06|move: Tailwind\n|upkeep\n|turn|5\n|inactive|ghadi06 has 30 seconds left.\n|\n|t:|1774460208\n|move|p1b: Whimsicott|Encore|p2b: Incineroar\n|-hint|Since gen 7, Dark is immune to Prankster moves.\n|-immune|p2b: Incineroar\n|move|p1a: Miraidon|Electro Drift|p2a: Sylveon\n|-damage|p2a: Sylveon|9/100\n|move|p2b: Incineroar|Flare Blitz|p1b: Whimsicott\n|-supereffective|p1b: Whimsicott\n|-damage|p1b: Whimsicott|0 fnt\n|faint|p1b: Whimsicott\n|-damage|p2b: Incineroar|74/100|[from] Recoil\n|move|p2a: Sylveon|Hyper Voice|p1a: Miraidon\n|-damage|p1a: Miraidon|0 fnt\n|faint|p1a: Miraidon\n|\n|-heal|p2b: Incineroar|80/100|[from] Grassy Terrain\n|-heal|p2a: Sylveon|16/100|[from] Grassy Terrain\n|-heal|p2a: Sylveon|22/100|[from] item: Leftovers\n|upkeep\n|\n|t:|1774460224\n|switch|p1a: Incineroar|Incineroar, L50, M|100/100\n|switch|p1b: Calyrex|Calyrex-Ice, L50|100/100\n|-ability|p1b: Calyrex|As One\n|-ability|p1b: Calyrex|Unnerve\n|-ability|p1a: Incineroar|Intimidate|boost\n|-unboost|p2a: Sylveon|atk|1\n|-unboost|p2b: Incineroar|atk|1\n|turn|6\n|\n|t:|1774460249\n|move|p2a: Sylveon|Protect|p2a: Sylveon\n|-singleturn|p2a: Sylveon|Protect\n|move|p1a: Incineroar|Fake Out|p2a: Sylveon\n|-activate|p2a: Sylveon|move: Protect\n|move|p2b: Incineroar|Knock Off|p1b: Calyrex\n|-supereffective|p1b: Calyrex\n|-damage|p1b: Calyrex|68/100\n|-enditem|p1b: Calyrex|Weakness Policy\n|-boost|p1b: Calyrex|atk|2|[from] item: Weakness Policy\n|-boost|p1b: Calyrex|spa|2|[from] item: Weakness Policy\n|move|p1b: Calyrex|Glacial Lance|p2b: Incineroar|[spread] p2b\n|-activate|p2a: Sylveon|move: Protect\n|-resisted|p2b: Incineroar\n|-damage|p2b: Incineroar|27/100\n|\n|-heal|p2b: Incineroar|33/100|[from] Grassy Terrain\n|-heal|p2a: Sylveon|28/100|[from] Grassy Terrain\n|-heal|p2a: Sylveon|34/100|[from] item: Leftovers\n|-heal|p1b: Calyrex|73/100|[from] Grassy Terrain\n|upkeep\n|turn|7\n|\n|t:|1774460273\n|-terastallize|p2a: Sylveon|Fire\n|move|p1a: Incineroar|Protect|p1a: Incineroar\n|-singleturn|p1a: Incineroar|Protect\n|move|p2b: Incineroar|Flare Blitz|p1b: Calyrex\n|-supereffective|p1b: Calyrex\n|-damage|p1b: Calyrex|35/100\n|-damage|p2b: Incineroar|20/100|[from] Recoil\n|move|p2a: Sylveon|Tera Blast|p1b: Calyrex|[anim] Tera Blast Fire\n|-supereffective|p1b: Calyrex\n|-damage|p1b: Calyrex|0 fnt\n|faint|p1b: Calyrex\n|\n|-heal|p2b: Incineroar|26/100|[from] Grassy Terrain\n|-heal|p2a: Sylveon|40/100|[from] Grassy Terrain\n|-heal|p2a: Sylveon|47/100|[from] item: Leftovers\n|-fieldend|move: Grassy Terrain\n|upkeep\n|turn|8\n|\n|t:|1774460290\n|move|p2b: Incineroar|Knock Off|p1a: Incineroar\n|-resisted|p1a: Incineroar\n|-crit|p1a: Incineroar\n|-damage|p1a: Incineroar|78/100\n|-enditem|p1a: Incineroar|Safety Goggles|[from] move: Knock Off|[of] p2b: Incineroar\n|move|p2a: Sylveon|Hyper Voice|p1a: Incineroar\n|-damage|p1a: Incineroar|0 fnt\n|faint|p1a: Incineroar\n|\n|win|bishmii\n|raw|ghadi06's rating: 1200 &rarr; <strong>1173</strong><br />(-27 for losing)\n|raw|bishmii's rating: 1166 &rarr; <strong>1193</strong><br />(+27 for winning)\n|l|\u2606ghadi06\n|player|p1|\n|l|\u2606bishmii\n|player|p2|\n","uploadtime":1774460478,"views":10,"formatid":"gen9vgc2026regi","rating":1173,"private":0,"password":null}