{"id":"gen9vgc2026regi-2567085737","format":"[Gen 9] VGC 2026 Reg I","players":["Abe1254","blackred123"],"log":"|badge|p1|silver|gen9doublesou|30-8\n|uhtml|medal-msg|<div class=\"broadcast-blue\">Curious what those medals under the avatar are? PS now has Ladder Seasons! For more information, check out the <a href=\"https://www.smogon.com/forums/threads/3740067/\">thread on Smogon.</a></div>\n|j|\u2606Abe1254\n|j|\u2606blackred123\n|t:|1774447901\n|gametype|doubles\n|player|p1|Abe1254|cheren-gen5bw2|1365\n|player|p2|blackred123|iono-masters|1435\n|gen|9\n|tier|[Gen 9] VGC 2026 Reg I\n|rated|\n|rule|Species Clause: Limit one of each Pok\u00e9mon\n|rule|Item Clause: Limit 1 of each item\n|clearpoke\n|poke|p1|Lunala, L50|\n|poke|p1|Kyurem-White, L50|\n|poke|p1|Ninetales-Alola, L50, F|\n|poke|p1|Incineroar, L50, F|\n|poke|p1|Farigiraf, L50, F|\n|poke|p1|Iron Hands, L50|\n|poke|p2|Amoonguss, L50, F|\n|poke|p2|Calyrex-Ice, L50|\n|poke|p2|Kyogre, L50|\n|poke|p2|Grimmsnarl, L50, M|\n|poke|p2|Flutter Mane, L50|\n|poke|p2|Basculegion, L50, M|\n|teampreview|4\n|inactive|Battle timer is ON: inactive players will automatically lose when time's up. (requested by blackred123)\n|\n|t:|1774447923\n|teamsize|p1|4\n|teamsize|p2|4\n|start\n|switch|p1a: Lunala|Lunala, L50|100/100\n|switch|p1b: Incineroar|Incineroar, L50, F|100/100\n|switch|p2a: Calyrex|Calyrex-Ice, L50|100/100\n|switch|p2b: Kyogre|Kyogre, L50|100/100\n|-ability|p2a: Calyrex|As One\n|-ability|p2a: Calyrex|Unnerve\n|-weather|RainDance|[from] ability: Drizzle|[of] p2b: Kyogre\n|-ability|p1b: Incineroar|Intimidate|boost\n|-unboost|p2a: Calyrex|atk|1\n|-unboost|p2b: Kyogre|atk|1\n|turn|1\n|inactive|Abe1254 has 30 seconds left.\n|\n|t:|1774447951\n|-terastallize|p2a: Calyrex|Fairy\n|move|p2b: Kyogre|Protect|p2b: Kyogre\n|-singleturn|p2b: Kyogre|Protect\n|move|p1b: Incineroar|Fake Out|p2b: Kyogre\n|-activate|p2b: Kyogre|move: Protect\n|move|p1a: Lunala|Meteor Beam||[still]\n|-prepare|p1a: Lunala|Meteor Beam\n|-boost|p1a: Lunala|spa|1\n|-enditem|p1a: Lunala|Power Herb\n|-anim|p1a: Lunala|Meteor Beam|p2b: Kyogre\n|-activate|p2b: Kyogre|move: Protect\n|move|p2a: Calyrex|Leech Seed|p1a: Lunala\n|-start|p1a: Lunala|move: Leech Seed\n|\n|-weather|RainDance|[upkeep]\n|-damage|p1a: Lunala|88/100|[from] Leech Seed|[of] p2a: Calyrex\n|upkeep\n|turn|2\n|inactive|blackred123 has 30 seconds left.\n|\n|t:|1774447979\n|move|p2b: Kyogre|Origin Pulse|p1a: Lunala|[spread] p1a,p1b\n|-supereffective|p1b: Incineroar\n|-damage|p1a: Lunala|26/100\n|-damage|p1b: Incineroar|0 fnt\n|faint|p1b: Incineroar\n|move|p1a: Lunala|Tailwind|p1a: Lunala\n|-sidestart|p1: Abe1254|move: Tailwind\n|move|p2a: Calyrex|Leech Seed||[still]\n|-fail|p2a: Calyrex\n|\n|-weather|RainDance|[upkeep]\n|-damage|p1a: Lunala|14/100|[from] Leech Seed|[of] p2a: Calyrex\n|upkeep\n|\n|t:|1774447991\n|switch|p1b: Kyurem|Kyurem-White, L50|100/100\n|-ability|p1b: Kyurem|Turboblaze\n|turn|3\n|\n|t:|1774448013\n|switch|p1a: Ninetales|Ninetales-Alola, L50, F|100/100\n|-weather|Snowscape|[from] ability: Snow Warning|[of] p1a: Ninetales\n|-terastallize|p1b: Kyurem|Ice\n|move|p2b: Kyogre|Protect|p2b: Kyogre\n|-singleturn|p2b: Kyogre|Protect\n|move|p1b: Kyurem|Freeze-Dry|p2b: Kyogre\n|-activate|p2b: Kyogre|move: Protect\n|move|p2a: Calyrex|Trick Room|p2a: Calyrex\n|-fieldstart|move: Trick Room|[of] p2a: Calyrex\n|\n|-weather|Snowscape|[upkeep]\n|upkeep\n|turn|4\n|\n|t:|1774448038\n|switch|p2b: Flutter Mane|Flutter Mane, L50|100/100\n|move|p2a: Calyrex|Leech Seed|p1a: Ninetales\n|-start|p1a: Ninetales|move: Leech Seed\n|move|p1b: Kyurem|Freeze-Dry|p2a: Calyrex\n|-damage|p2a: Calyrex|40/100\n|move|p1a: Ninetales|Aurora Veil|p1a: Ninetales\n|-sidestart|p1: Abe1254|move: Aurora Veil\n|\n|-weather|Snowscape|[upkeep]\n|-heal|p2a: Calyrex|45/100|[from] item: Leftovers\n|-damage|p1a: Ninetales|88/100|[from] Leech Seed|[of] p2a: Calyrex\n|-heal|p2a: Calyrex|54/100|[silent]\n|upkeep\n|turn|5\n|\n|t:|1774448060\n|move|p2a: Calyrex|Leech Seed|p1b: Kyurem\n|-start|p1b: Kyurem|move: Leech Seed\n|move|p2b: Flutter Mane|Moonblast|p1a: Ninetales\n|-damage|p1a: Ninetales|48/100\n|move|p1b: Kyurem|Freeze-Dry|p2a: Calyrex\n|-damage|p2a: Calyrex|0 fnt\n|faint|p2a: Calyrex\n|move|p1a: Ninetales|Moonblast|p2b: Flutter Mane\n|-damage|p2b: Flutter Mane|59/100\n|\n|-weather|Snowscape|[upkeep]\n|-sideend|p1: Abe1254|move: Tailwind\n|upkeep\n|\n|t:|1774448068\n|switch|p2a: Kyogre|Kyogre, L50|100/100\n|-weather|RainDance|[from] ability: Drizzle|[of] p2a: Kyogre\n|turn|6\n|\n|t:|1774448084\n|switch|p1a: Lunala|Lunala, L50|14/100\n|move|p1b: Kyurem|Freeze-Dry|p2b: Flutter Mane\n|-damage|p2b: Flutter Mane|0 fnt\n|faint|p2b: Flutter Mane\n|-end|p2b: Flutter Mane|Protosynthesis|[silent]\n|move|p2a: Kyogre|Water Spout|p1b: Kyurem|[spread] p1a,p1b\n|-damage|p1a: Lunala|0 fnt\n|-damage|p1b: Kyurem|36/100\n|faint|p1a: Lunala\n|\n|-weather|RainDance|[upkeep]\n|-damage|p1b: Kyurem|24/100|[from] Leech Seed|[of] p2a: Kyogre\n|upkeep\n|\n|t:|1774448089\n|switch|p1a: Ninetales|Ninetales-Alola, L50, F|48/100\n|switch|p2b: Basculegion|Basculegion, L50, M|100/100\n|-weather|Snowscape|[from] ability: Snow Warning|[of] p1a: Ninetales\n|turn|7\n|\n|t:|1774448101\n|move|p2b: Basculegion|Protect|p2b: Basculegion\n|-singleturn|p2b: Basculegion|Protect\n|move|p2a: Kyogre|Protect|p2a: Kyogre\n|-singleturn|p2a: Kyogre|Protect\n|move|p1b: Kyurem|Freeze-Dry|p2b: Basculegion\n|-activate|p2b: Basculegion|move: Protect\n|move|p1a: Ninetales|Icy Wind|p2a: Kyogre|[spread] \n|-activate|p2a: Kyogre|move: Protect\n|-activate|p2b: Basculegion|move: Protect\n|\n|-weather|Snowscape|[upkeep]\n|-damage|p1b: Kyurem|11/100|[from] Leech Seed|[of] p2a: Kyogre\n|-fieldend|move: Trick Room\n|upkeep\n|turn|8\n|\n|t:|1774448116\n|move|p2b: Basculegion|Aqua Jet|p1b: Kyurem\n|-damage|p1b: Kyurem|1/100\n|-damage|p2b: Basculegion|91/100|[from] item: Life Orb\n|move|p1a: Ninetales|Icy Wind|p2a: Kyogre|[spread] p2a,p2b\n|-resisted|p2a: Kyogre\n|-resisted|p2b: Basculegion\n|-damage|p2a: Kyogre|94/100\n|-damage|p2b: Basculegion|84/100\n|-unboost|p2a: Kyogre|spe|1\n|-unboost|p2b: Basculegion|spe|1\n|move|p1b: Kyurem|Freeze-Dry|p2a: Kyogre\n|-supereffective|p2a: Kyogre\n|-damage|p2a: Kyogre|0 fnt\n|faint|p2a: Kyogre\n|\n|-weather|Snowscape|[upkeep]\n|-sideend|p1: Abe1254|move: Aurora Veil\n|upkeep\n|turn|9\n|\n|t:|1774448127\n|move|p2b: Basculegion|Aqua Jet|p1b: Kyurem\n|-damage|p1b: Kyurem|0 fnt\n|faint|p1b: Kyurem\n|-damage|p2b: Basculegion|74/100|[from] item: Life Orb\n|move|p1a: Ninetales|Moonblast|p2b: Basculegion\n|-damage|p2b: Basculegion|36/100\n|\n|-weather|Snowscape|[upkeep]\n|upkeep\n|turn|10\n|\n|t:|1774448136\n|move|p1a: Ninetales|Moonblast|p2b: Basculegion\n|-damage|p2b: Basculegion|0 fnt\n|faint|p2b: Basculegion\n|\n|win|Abe1254\n|raw|Abe1254's rating: 1365 &rarr; <strong>1389</strong><br />(+24 for winning)\n|raw|blackred123's rating: 1435 &rarr; <strong>1411</strong><br />(-24 for losing)\n|l|\u2606Abe1254\n|player|p1|\n|l|\u2606blackred123\n|player|p2|\n","uploadtime":1774448280,"views":13,"formatid":"gen9vgc2026regi","rating":1389,"private":0,"password":null}