{"id":"gen9vgc2026regi-2553611670","format":"[Gen 9] VGC 2026 Reg I","players":["blazerZZZ","g0dGun"],"log":"|j|\u2606blazerZZZ\n|j|\u2606g0dGun\n|t:|1772850792\n|gametype|doubles\n|player|p1|blazerZZZ|2|1306\n|player|p2|g0dGun|blue|1416\n|gen|9\n|tier|[Gen 9] VGC 2026 Reg I\n|rated|\n|rule|Species Clause: Limit one of each Pok\u00e9mon\n|rule|Item Clause: Limit 1 of each item\n|clearpoke\n|poke|p1|Miraidon, L50|\n|poke|p1|Landorus, L50, M|\n|poke|p1|Tornadus, L50, M|\n|poke|p1|Terapagos, L50, M|\n|poke|p1|Iron Hands, L50|\n|poke|p1|Farigiraf, L50, M|\n|poke|p2|Hitmontop, L50, M|\n|poke|p2|Terapagos, L50, M|\n|poke|p2|Calyrex-Shadow, L50|\n|poke|p2|Ogerpon-Cornerstone, L50, F|\n|poke|p2|Urshifu-*, L50, F|\n|poke|p2|Whimsicott, L50, F|\n|teampreview|4\n|inactive|Battle timer is ON: inactive players will automatically lose when time's up. (requested by g0dGun)\n|\n|t:|1772850815\n|teamsize|p1|4\n|teamsize|p2|4\n|start\n|switch|p1a: Farigiraf|Farigiraf, L50, M|100/100\n|switch|p1b: Miraidon|Miraidon, L50|100/100\n|switch|p2a: Hitmontop|Hitmontop, L50, M|100/100\n|switch|p2b: Terapagos|Terapagos, L50, M|100/100\n|-activate|p2b: Terapagos|ability: Tera Shift\n|detailschange|p2b: Terapagos|Terapagos-Terastal, L50, M\n|-heal|p2b: Terapagos|100/100|[silent]\n|-fieldstart|move: Electric Terrain|[from] ability: Hadron Engine|[of] p1b: Miraidon\n|-ability|p2a: Hitmontop|Intimidate|boost\n|-unboost|p1a: Farigiraf|atk|1\n|-unboost|p1b: Miraidon|atk|1\n|turn|1\n|inactive|blazerZZZ has 30 seconds left.\n|\n|t:|1772850841\n|-terastallize|p2b: Terapagos|Stellar\n|detailschange|p2b: Terapagos|Terapagos-Stellar, L50, M, tera:Stellar\n|-heal|p2b: Terapagos|100/100|[silent]\n|-ability|p2b: Terapagos|Teraform Zero\n|-fieldend|move: Electric Terrain\n|move|p2a: Hitmontop|Vacuum Wave|p2b: Terapagos\n|-supereffective|p2b: Terapagos\n|-damage|p2b: Terapagos|95/100\n|-enditem|p2b: Terapagos|Weakness Policy\n|-boost|p2b: Terapagos|atk|2|[from] item: Weakness Policy\n|-boost|p2b: Terapagos|spa|2|[from] item: Weakness Policy\n|move|p1b: Miraidon|Volt Switch|p2a: Hitmontop\n|-damage|p2a: Hitmontop|60/100\n|-enditem|p2a: Hitmontop|Eject Button\n|\n|t:|1772850855\n|switch|p2a: Whimsicott|Whimsicott, L50, F|100/100\n|move|p2b: Terapagos|Tera Starstorm|p1a: Farigiraf|[spread] p1a,p1b\n|-crit|p1a: Farigiraf\n|-damage|p1a: Farigiraf|13/100\n|-damage|p1b: Miraidon|27/100\n|move|p1a: Farigiraf|Roar|p2b: Terapagos\n|drag|p2b: Calyrex|Calyrex-Shadow, L50|100/100\n|-ability|p2b: Calyrex|As One\n|-ability|p2b: Calyrex|Unnerve\n|\n|upkeep\n|turn|2\n|\n|t:|1772850877\n|switch|p1b: Iron Hands|Iron Hands, L50, shiny|100/100\n|switch|p1a: Terapagos|Terapagos, L50, M|100/100\n|-activate|p1a: Terapagos|ability: Tera Shift\n|detailschange|p1a: Terapagos|Terapagos-Terastal, L50, M\n|-heal|p1a: Terapagos|100/100|[silent]\n|move|p2b: Calyrex|Astral Barrage|p1a: Terapagos|[spread] p1b\n|-immune|p1a: Terapagos\n|-damage|p1b: Iron Hands|68/100\n|move|p2a: Whimsicott|Moonblast|p1a: Terapagos\n|-activate|p1a: Terapagos|ability: Tera Shell\n|-resisted|p1a: Terapagos\n|-crit|p1a: Terapagos\n|-damage|p1a: Terapagos|84/100\n|-unboost|p1a: Terapagos|spa|1\n|\n|-heal|p1a: Terapagos|90/100|[from] item: Leftovers\n|upkeep\n|turn|3\n|inactive|blazerZZZ has 30 seconds left.\n|inactive|g0dGun has 30 seconds left.\n|\n|t:|1772850904\n|move|p2b: Calyrex|Psychic|p1b: Iron Hands\n|-supereffective|p1b: Iron Hands\n|-damage|p1b: Iron Hands|7/100\n|move|p2a: Whimsicott|Moonblast|p1b: Iron Hands\n|-supereffective|p1b: Iron Hands\n|-damage|p1b: Iron Hands|0 fnt\n|faint|p1b: Iron Hands\n|-end|p1b: Iron Hands|Quark Drive|[silent]\n|move|p1a: Terapagos|Calm Mind|p1a: Terapagos\n|-boost|p1a: Terapagos|spa|1\n|-boost|p1a: Terapagos|spd|1\n|\n|-heal|p1a: Terapagos|96/100|[from] item: Leftovers\n|upkeep\n|\n|t:|1772850920\n|switch|p1b: Farigiraf|Farigiraf, L50, M|13/100\n|turn|4\n|\n|t:|1772850929\n|-terastallize|p1a: Terapagos|Stellar\n|detailschange|p1a: Terapagos|Terapagos-Stellar, L50, M, tera:Stellar\n|-heal|p1a: Terapagos|97/100|[silent]\n|move|p1b: Farigiraf|Helping Hand|p1a: Terapagos\n|-singleturn|p1a: Terapagos|Helping Hand|[of] p1b: Farigiraf\n|move|p2b: Calyrex|Encore|p1a: Terapagos\n|-start|p1a: Terapagos|Encore\n|move|p2a: Whimsicott|Moonblast|p1b: Farigiraf\n|-damage|p1b: Farigiraf|0 fnt\n|faint|p1b: Farigiraf\n|move|p1a: Terapagos|Calm Mind|p1a: Terapagos\n|-boost|p1a: Terapagos|spa|1\n|-boost|p1a: Terapagos|spd|1\n|\n|-heal|p1a: Terapagos|100/100|[from] item: Leftovers\n|upkeep\n|\n|t:|1772850947\n|switch|p1b: Miraidon|Miraidon, L50|27/100\n|-fieldstart|move: Electric Terrain|[from] ability: Hadron Engine|[of] p1b: Miraidon\n|turn|5\n|\n|t:|1772850969\n|move|p2a: Whimsicott|Tailwind|p2a: Whimsicott\n|-sidestart|p2: g0dGun|move: Tailwind\n|move|p2b: Calyrex|Astral Barrage|p1b: Miraidon|[spread] p1b\n|-immune|p1a: Terapagos\n|-damage|p1b: Miraidon|0 fnt\n|faint|p1b: Miraidon\n|-ability|p2b: Calyrex|Grim Neigh|boost\n|-boost|p2b: Calyrex|spa|1\n|move|p1a: Terapagos|Calm Mind|p1a: Terapagos\n|-boost|p1a: Terapagos|spa|1\n|-boost|p1a: Terapagos|spd|1\n|\n|upkeep\n|turn|6\n|\n|t:|1772850986\n|move|p2b: Calyrex|Psychic|p1a: Terapagos\n|-damage|p1a: Terapagos|79/100\n|move|p2a: Whimsicott|Moonblast|p1a: Terapagos\n|-crit|p1a: Terapagos\n|-damage|p1a: Terapagos|51/100\n|move|p1a: Terapagos|Calm Mind|p1a: Terapagos\n|-boost|p1a: Terapagos|spa|1\n|-boost|p1a: Terapagos|spd|1\n|\n|-heal|p1a: Terapagos|57/100|[from] item: Leftovers\n|-end|p1a: Terapagos|Encore\n|upkeep\n|turn|7\n|\n|t:|1772851001\n|move|p2a: Whimsicott|Encore|p1a: Terapagos\n|-start|p1a: Terapagos|Encore\n|move|p2b: Calyrex|Psychic|p1a: Terapagos\n|-damage|p1a: Terapagos|41/100\n|-unboost|p1a: Terapagos|spd|1\n|move|p1a: Terapagos|Calm Mind|p1a: Terapagos\n|-boost|p1a: Terapagos|spa|1\n|-boost|p1a: Terapagos|spd|1\n|\n|-heal|p1a: Terapagos|47/100|[from] item: Leftovers\n|upkeep\n|turn|8\n|-message|blazerZZZ forfeited.\n|\n|win|g0dGun\n|raw|blazerZZZ's rating: 1306 &rarr; <strong>1292</strong><br />(-14 for losing)\n|raw|g0dGun's rating: 1416 &rarr; <strong>1430</strong><br />(+14 for winning)\n|l|\u2606blazerZZZ\n|player|p1|\n","uploadtime":1772851038,"views":14,"formatid":"gen9vgc2026regi","rating":1292,"private":0,"password":null}