{"id":"gen9vgc2026regi-2562328969","format":"[Gen 9] VGC 2026 Reg I","players":["randomcatffr","tommytinkle"],"log":"|j|\u2606randomcatffr\n|j|\u2606tommytinkle\n|t:|1773898481\n|gametype|doubles\n|player|p1|randomcatffr|bugcatcher-gen4dp|1411\n|player|p2|tommytinkle|101|1425\n|gen|9\n|tier|[Gen 9] VGC 2026 Reg I\n|rated|\n|rule|Species Clause: Limit one of each Pok\u00e9mon\n|rule|Item Clause: Limit 1 of each item\n|clearpoke\n|poke|p1|Koraidon, L50|\n|poke|p1|Calyrex-Shadow, L50|\n|poke|p1|Weezing-Galar, L50, M|\n|poke|p1|Chi-Yu, L50|\n|poke|p1|Walking Wake, L50|\n|poke|p1|Brute Bonnet, L50|\n|poke|p2|Chien-Pao, L50|\n|poke|p2|Zacian-*, L50|\n|poke|p2|Urshifu-*, L50, M|\n|poke|p2|Lugia, L50|\n|poke|p2|Raichu, L50, M|\n|poke|p2|Dragonite, L50, F|\n|teampreview|4\n|inactive|Battle timer is ON: inactive players will automatically lose when time's up. (requested by tommytinkle)\nrandomcatffr has agreed to open team sheets.\n|inactive|randomcatffr has 60 seconds left.\n|inactive|tommytinkle has 60 seconds left.\n|inactive|randomcatffr has 30 seconds left.\n|inactive|tommytinkle has 30 seconds left.\n|\n|t:|1773898551\n|teamsize|p1|4\n|teamsize|p2|4\n|start\n|switch|p1a: Weezing|Weezing-Galar, L50, M, shiny|100/100\n|switch|p1b: Brute Bonnet|Brute Bonnet, L50, shiny|100/100\n|switch|p2a: Lugia|Lugia, L50|100/100\n|switch|p2b: Raichu|Raichu, L50, M|100/100\n|-ability|p1a: Weezing|Neutralizing Gas\n|turn|1\n|inactive|tommytinkle has 30 seconds left.\n|\n|t:|1773898578\n|move|p2b: Raichu|Fake Out|p1a: Weezing\n|-damage|p1a: Weezing|94/100\n|move|p2a: Lugia|Calm Mind|p2a: Lugia\n|-boost|p2a: Lugia|spa|1\n|-boost|p2a: Lugia|spd|1\n|move|p1a: Weezing|Taunt|p2a: Lugia\n|-start|p2a: Lugia|move: Taunt\n|move|p1b: Brute Bonnet|Spore|p2a: Lugia\n|-status|p2a: Lugia|slp|[from] move: Spore\n|\n|upkeep\n|turn|2\n|\n|t:|1773898598\n|-end|p1a: Weezing|ability: Neutralizing Gas\n|switch|p1a: Calyrex|Calyrex-Shadow, L50|100/100\n|-ability|p1a: Calyrex|As One\n|-ability|p1a: Calyrex|Unnerve\n|move|p1b: Brute Bonnet|Rage Powder|p1b: Brute Bonnet\n|-singleturn|p1b: Brute Bonnet|move: Rage Powder\n|move|p2b: Raichu|Nuzzle|p1b: Brute Bonnet\n|-resisted|p1b: Brute Bonnet\n|-damage|p1b: Brute Bonnet|99/100\n|-status|p1b: Brute Bonnet|par\n|-damage|p2b: Raichu|84/100|[from] item: Rocky Helmet|[of] p1b: Brute Bonnet\n|cant|p2a: Lugia|slp\n|\n|upkeep\n|turn|3\n|\n|t:|1773898622\n|-terastallize|p2a: Lugia|Water\n|move|p1b: Brute Bonnet|Rage Powder|p1b: Brute Bonnet\n|-singleturn|p1b: Brute Bonnet|move: Rage Powder\n|move|p1a: Calyrex|Astral Barrage|p2a: Lugia|[spread] p2a,p2b\n|-damage|p2a: Lugia|89/100 slp\n|-damage|p2b: Raichu|38/100\n|move|p2b: Raichu|Nuzzle|p1b: Brute Bonnet\n|-resisted|p1b: Brute Bonnet\n|-damage|p1b: Brute Bonnet|97/100 par\n|-damage|p2b: Raichu|22/100|[from] item: Rocky Helmet|[of] p1b: Brute Bonnet\n|cant|p2a: Lugia|slp\n|\n|-heal|p2a: Lugia|95/100 slp|[from] item: Leftovers\n|upkeep\n|turn|4\n|\n|t:|1773898638\n|move|p1a: Calyrex|Astral Barrage|p2b: Raichu|[spread] p2a,p2b\n|-damage|p2a: Lugia|75/100 slp\n|-damage|p2b: Raichu|0 fnt\n|faint|p2b: Raichu\n|-ability|p1a: Calyrex|Grim Neigh|boost\n|-boost|p1a: Calyrex|spa|1\n|-curestatus|p2a: Lugia|slp|[msg]\n|move|p2a: Lugia|Aeroblast|p1b: Brute Bonnet\n|-supereffective|p1b: Brute Bonnet\n|-damage|p1b: Brute Bonnet|22/100 par\n|move|p1b: Brute Bonnet|Spore|p2a: Lugia\n|-status|p2a: Lugia|slp|[from] move: Spore\n|\n|-heal|p2a: Lugia|81/100 slp|[from] item: Leftovers\n|-end|p2a: Lugia|move: Taunt\n|upkeep\n|inactive|tommytinkle has 30 seconds left.\n|\n|t:|1773898666\n|switch|p2b: Chien-Pao|Chien-Pao, L50|100/100\n|-ability|p2b: Chien-Pao|Sword of Ruin\n|turn|5\n|\n|t:|1773898692\n|-terastallize|p1a: Calyrex|Dark\n|move|p2b: Chien-Pao|Protect|p2b: Chien-Pao\n|-singleturn|p2b: Chien-Pao|Protect\n|move|p1a: Calyrex|Astral Barrage|p2b: Chien-Pao|[spread] p2a\n|-activate|p2b: Chien-Pao|move: Protect\n|-damage|p2a: Lugia|51/100 slp\n|cant|p2a: Lugia|slp\n|cant|p1b: Brute Bonnet|par\n|\n|-heal|p2a: Lugia|57/100 slp|[from] item: Leftovers\n|upkeep\n|turn|6\n|j| MADTAPPLAYER\n|inactive|randomcatffr has 30 seconds left.\n|inactive|tommytinkle has 30 seconds left.\n|\n|t:|1773898719\n|move|p1b: Brute Bonnet|Rage Powder|p1b: Brute Bonnet\n|-singleturn|p1b: Brute Bonnet|move: Rage Powder\n|move|p1a: Calyrex|Astral Barrage|p2a: Lugia|[spread] p2a,p2b\n|-resisted|p2b: Chien-Pao\n|-damage|p2a: Lugia|24/100 slp\n|-damage|p2b: Chien-Pao|29/100\n|move|p2b: Chien-Pao|Icicle Crash|p1b: Brute Bonnet\n|-supereffective|p1b: Brute Bonnet\n|-damage|p1b: Brute Bonnet|0 fnt\n|faint|p1b: Brute Bonnet\n|-end|p1b: Brute Bonnet|Protosynthesis|[silent]\n|cant|p2a: Lugia|slp\n|\n|-heal|p2a: Lugia|30/100 slp|[from] item: Leftovers\n|upkeep\n|j| morikitsu\n|\n|t:|1773898736\n|switch|p1b: Chi-Yu|Chi-Yu, L50|100/100\n|-ability|p1b: Chi-Yu|Beads of Ruin\n|turn|7\n|\n|t:|1773898747\n|move|p2b: Chien-Pao|Protect|p2b: Chien-Pao\n|-singleturn|p2b: Chien-Pao|Protect\n|move|p1b: Chi-Yu|Flamethrower|p2a: Lugia\n|-resisted|p2a: Lugia\n|-damage|p2a: Lugia|17/100 slp\n|move|p1a: Calyrex|Astral Barrage|p2a: Lugia|[spread] p2a\n|-activate|p2b: Chien-Pao|move: Protect\n|-damage|p2a: Lugia|0 fnt\n|faint|p2a: Lugia\n|-ability|p1a: Calyrex|Grim Neigh|boost\n|-boost|p1a: Calyrex|spa|1\n|\n|upkeep\n|\n|t:|1773898752\n|switch|p2a: Zacian|Zacian-Crowned, L50|100/100\n|-ability|p2a: Zacian|Intrepid Sword|boost\n|-boost|p2a: Zacian|atk|1\n|turn|8\n|\n|t:|1773898763\n|move|p2b: Chien-Pao|Sucker Punch|p1a: Calyrex\n|-resisted|p1a: Calyrex\n|-crit|p1a: Calyrex\n|-damage|p1a: Calyrex|60/100\n|move|p1b: Chi-Yu|Flamethrower|p2a: Zacian\n|-supereffective|p2a: Zacian\n|-damage|p2a: Zacian|0 fnt\n|faint|p2a: Zacian\n|move|p1a: Calyrex|Astral Barrage|p2b: Chien-Pao\n|-resisted|p2b: Chien-Pao\n|-damage|p2b: Chien-Pao|0 fnt\n|faint|p2b: Chien-Pao\n|\n|win|randomcatffr\n|raw|randomcatffr's rating: 1411 &rarr; <strong>1432</strong><br />(+21 for winning)\n|raw|tommytinkle's rating: 1425 &rarr; <strong>1404</strong><br />(-21 for losing)\n|l|\u2606randomcatffr\n|player|p1|\n|l|\u2606tommytinkle\n|player|p2|\n|l| MADTAPPLAYER\n","uploadtime":1773898969,"views":12,"formatid":"gen9vgc2026regi","rating":1404,"private":0,"password":null}