{"id":"gen9vgc2026regi-2555750914","format":"[Gen 9] VGC 2026 Reg I","players":["jun2014","drive stone"],"log":"|j|\u2606jun2014\n|j|\u2606drive stone\n|t:|1773130487\n|gametype|doubles\n|player|p1|jun2014|266|1564\n|player|p2|drive stone|cilan|1623\n|gen|9\n|tier|[Gen 9] VGC 2026 Reg I\n|rated|\n|rule|Species Clause: Limit one of each Pok\u00e9mon\n|rule|Item Clause: Limit 1 of each item\n|clearpoke\n|poke|p1|Flutter Mane, L50|\n|poke|p1|Indeedee-F, L50, F|\n|poke|p1|Groudon, L50|\n|poke|p1|Whimsicott, L50, F|\n|poke|p1|Lunala, L50|\n|poke|p1|Incineroar, L50, F|\n|poke|p2|Calyrex-Ice, L50|\n|poke|p2|Ho-Oh, L50|\n|poke|p2|Overqwil, L50, M|\n|poke|p2|Rillaboom, L50, M|\n|poke|p2|Ting-Lu, L50|\n|poke|p2|Ogerpon-Wellspring, L50, F|\n|teampreview|4\n|inactive|Battle timer is ON: inactive players will automatically lose when time's up. (requested by jun2014)\n|inactive|jun2014 has 60 seconds left.\n|inactive|drive stone has 60 seconds left.\n|inactive|jun2014 has 30 seconds left.\n|\n|t:|1773130551\n|teamsize|p1|4\n|teamsize|p2|4\n|start\n|switch|p1a: Lunala|Lunala, L50|100/100\n|switch|p1b: Whimsicott|Whimsicott, L50, F|100/100\n|switch|p2a: Calyrex|Calyrex-Ice, L50|100/100\n|switch|p2b: Overqwil|Overqwil, L50, M|100/100\n|-ability|p2a: Calyrex|As One\n|-ability|p2a: Calyrex|Unnerve\n|-ability|p2b: Overqwil|Intimidate|boost\n|-unboost|p1a: Lunala|atk|1\n|-unboost|p1b: Whimsicott|atk|1\n|turn|1\n|inactive|drive stone has 30 seconds left.\n|inactive|drive stone has 20 seconds left.\n|inactive|jun2014 has 30 seconds left.\n|\n|t:|1773130597\n|-terastallize|p2a: Calyrex|Water\n|move|p1b: Whimsicott|Taunt|p2b: Overqwil\n|-start|p2b: Overqwil|move: Taunt\n|move|p1a: Lunala|Meteor Beam||[still]\n|-prepare|p1a: Lunala|Meteor Beam\n|-boost|p1a: Lunala|spa|1\n|-enditem|p1a: Lunala|Power Herb\n|-anim|p1a: Lunala|Meteor Beam|p2a: Calyrex\n|-damage|p2a: Calyrex|58/100\n|cant|p2b: Overqwil|move: Taunt|Toxic Spikes\n|move|p2a: Calyrex|Glacial Lance|p1b: Whimsicott|[spread] p1a,p1b\n|-supereffective|p1b: Whimsicott\n|-damage|p1a: Lunala|81/100\n|-enditem|p1b: Whimsicott|Focus Sash\n|-damage|p1b: Whimsicott|1/100\n|\n|-heal|p2a: Calyrex|63/100|[from] item: Leftovers\n|upkeep\n|turn|2\n|inactive|jun2014 has 30 seconds left.\n|inactive|drive stone has 30 seconds left.\n|inactive|jun2014 has 20 seconds left.\n|inactive|drive stone has 20 seconds left.\n|c|\u2606drive stone|Is not prankester\n|inactive|jun2014 has 15 seconds left.\n|inactive|drive stone has 15 seconds left.\n|inactive|jun2014 has 10 seconds left.\n|inactive|drive stone has 10 seconds left.\n|\n|t:|1773130645\n|-terastallize|p1a: Lunala|Water\n|move|p2a: Calyrex|Protect|p2a: Calyrex\n|-singleturn|p2a: Calyrex|Protect\n|move|p1b: Whimsicott|Endeavor|p2b: Overqwil\n|-damage|p2b: Overqwil|1/100\n|move|p1a: Lunala|Moongeist Beam|p2a: Calyrex\n|-activate|p2a: Calyrex|move: Protect\n|move|p2b: Overqwil|Barb Barrage|p1b: Whimsicott\n|-supereffective|p1b: Whimsicott\n|-damage|p1b: Whimsicott|0 fnt\n|faint|p1b: Whimsicott\n|\n|-heal|p2b: Overqwil|7/100|[from] item: Black Sludge\n|-heal|p2a: Calyrex|69/100|[from] item: Leftovers\n|upkeep\n|\n|t:|1773130665\n|switch|p1b: Groudon|Groudon, L50|100/100\n|-weather|SunnyDay|[from] ability: Drought|[of] p1b: Groudon\n|turn|3\n|\n|t:|1773130680\n|switch|p2b: Ting-Lu|Ting-Lu, L50|100/100\n|-ability|p2b: Ting-Lu|Vessel of Ruin\n|move|p1a: Lunala|Moongeist Beam|p2a: Calyrex\n|-damage|p2a: Calyrex|34/100\n|move|p1b: Groudon|Precipice Blades|p2b: Ting-Lu|[spread] p2b\n|-miss|p1b: Groudon|p2a: Calyrex\n|-damage|p2b: Ting-Lu|53/100\n|move|p2a: Calyrex|Leech Seed|p1a: Lunala|[miss]\n|-miss|p2a: Calyrex|p1a: Lunala\n|\n|-weather|SunnyDay|[upkeep]\n|-heal|p2a: Calyrex|40/100|[from] item: Leftovers\n|upkeep\n|turn|4\n|inactive|jun2014 has 30 seconds left.\n|inactive|jun2014 has 20 seconds left.\n|\n|t:|1773130717\n|switch|p2a: Ho-Oh|Ho-Oh, L50|100/100\n|move|p1a: Lunala|Moongeist Beam|p2a: Ho-Oh\n|-damage|p2a: Ho-Oh|68/100\n|move|p1b: Groudon|Precipice Blades|p2a: Ho-Oh|[spread] p2b\n|-immune|p2a: Ho-Oh\n|-damage|p2b: Ting-Lu|5/100\n|move|p2b: Ting-Lu|Earthquake|p1b: Groudon|[spread] p1a,p1b\n|-immune|p2a: Ho-Oh\n|-damage|p1a: Lunala|33/100\n|-damage|p1b: Groudon|65/100\n|\n|-weather|SunnyDay|[upkeep]\n|upkeep\n|turn|5\n|inactive|jun2014 has 30 seconds left.\n|inactive|jun2014 has 20 seconds left.\n|\n|t:|1773130753\n|switch|p1b: Indeedee|Indeedee-F, L50, F|100/100\n|-fieldstart|move: Psychic Terrain|[from] ability: Psychic Surge|[of] p1b: Indeedee\n|move|p1a: Lunala|Moongeist Beam|p2b: Ting-Lu\n|-resisted|p2b: Ting-Lu\n|-damage|p2b: Ting-Lu|0 fnt\n|faint|p2b: Ting-Lu\n|move|p2a: Ho-Oh|Sacred Fire|p1b: Indeedee|[miss]\n|-miss|p2a: Ho-Oh|p1b: Indeedee\n|\n|-weather|SunnyDay|[upkeep]\n|upkeep\n|\n|t:|1773130767\n|switch|p2b: Calyrex|Calyrex-Ice, L50, tera:Water|40/100\n|-ability|p2b: Calyrex|As One\n|-ability|p2b: Calyrex|Unnerve\n|turn|6\n|\n|t:|1773130776\n|move|p1b: Indeedee|Helping Hand|p1a: Lunala\n|-singleturn|p1a: Lunala|Helping Hand|[of] p1b: Indeedee\n|move|p1a: Lunala|Expanding Force|p2a: Ho-Oh|[spread] p2a,p2b\n|-damage|p2a: Ho-Oh|0 fnt\n|-damage|p2b: Calyrex|0 fnt\n|faint|p2a: Ho-Oh\n|faint|p2b: Calyrex\n|\n|-weather|SunnyDay|[upkeep]\n|upkeep\n|-message|drive stone forfeited.\n|\n|win|jun2014\n|raw|jun2014's rating: 1564 &rarr; <strong>1587</strong><br />(+23 for winning)\n|raw|drive stone's rating: 1623 &rarr; <strong>1600</strong><br />(-23 for losing)\n|l|\u2606drive stone\n|player|p2|\n|l|\u2606jun2014\n|player|p1|\n","uploadtime":1773130986,"views":62,"formatid":"gen9vgc2026regi","rating":1587,"private":0,"password":null}