{"id":"gen9vgc2026regi-2556343859","format":"[Gen 9] VGC 2026 Reg I","players":["ChienWeavilePao","Cello L."],"log":"|j|\u2606ChienWeavilePao\n|j|\u2606Cello L.\n|t:|1773192554\n|gametype|doubles\n|player|p1|ChienWeavilePao|elesa-masters3|1313\n|player|p2|Cello L.|psychic-gen4|1410\n|gen|9\n|tier|[Gen 9] VGC 2026 Reg I\n|rated|\n|rule|Species Clause: Limit one of each Pok\u00e9mon\n|rule|Item Clause: Limit 1 of each item\n|clearpoke\n|poke|p1|Miraidon, L50|\n|poke|p1|Zamazenta-*, L50|\n|poke|p1|Iron Hands, L50|\n|poke|p1|Volcarona, L50, F|\n|poke|p1|Chien-Pao, L50|\n|poke|p1|Grimmsnarl, L50, M|\n|poke|p2|Calyrex-Shadow, L50|\n|poke|p2|Zamazenta-*, L50|\n|poke|p2|Raging Bolt, L50|\n|poke|p2|Ogerpon-Hearthflame, L50, F|\n|poke|p2|Rillaboom, L50, M|\n|poke|p2|Incineroar, L50, M|\n|teampreview|4\n|inactive|Battle timer is ON: inactive players will automatically lose when time's up. (requested by ChienWeavilePao)\n|inactive|ChienWeavilePao has 60 seconds left.\n|\n|t:|1773192604\n|teamsize|p1|4\n|teamsize|p2|4\n|start\n|switch|p1a: Volcarona|Volcarona, L50, F, shiny|100/100\n|switch|p1b: Chien-Pao|Chien-Pao, L50|100/100\n|switch|p2a: Calyrex|Calyrex-Shadow, L50|100/100\n|switch|p2b: Rillaboom|Rillaboom, L50, M|100/100\n|-ability|p2a: Calyrex|As One\n|-ability|p2a: Calyrex|Unnerve\n|-ability|p1b: Chien-Pao|Sword of Ruin\n|-fieldstart|move: Grassy Terrain|[from] ability: Grassy Surge|[of] p2b: Rillaboom\n|turn|1\n|\n|t:|1773192624\n|move|p1b: Chien-Pao|Protect|p1b: Chien-Pao\n|-singleturn|p1b: Chien-Pao|Protect\n|move|p2b: Rillaboom|Fake Out|p1b: Chien-Pao\n|-activate|p1b: Chien-Pao|move: Protect\n|move|p2a: Calyrex|Nasty Plot|p2a: Calyrex\n|-boost|p2a: Calyrex|spa|2\n|move|p1a: Volcarona|Quiver Dance|p1a: Volcarona\n|-boost|p1a: Volcarona|spa|1\n|-boost|p1a: Volcarona|spd|1\n|-boost|p1a: Volcarona|spe|1\n|\n|upkeep\n|turn|2\n|\n|t:|1773192639\n|switch|p2b: Ogerpon|Ogerpon-Hearthflame, L50, F|100/100\n|-ability|p2b: Ogerpon|Mold Breaker\n|move|p1a: Volcarona|Struggle Bug|p2a: Calyrex|[spread] p2a,p2b\n|-damage|p2a: Calyrex|77/100\n|-damage|p2b: Ogerpon|74/100\n|-unboost|p2a: Calyrex|spa|1\n|-unboost|p2b: Ogerpon|spa|1\n|move|p2a: Calyrex|Nasty Plot|p2a: Calyrex\n|-boost|p2a: Calyrex|spa|2\n|move|p1b: Chien-Pao|Icicle Crash|p2b: Ogerpon\n|-damage|p2b: Ogerpon|16/100\n|\n|-heal|p2a: Calyrex|83/100|[from] Grassy Terrain\n|-heal|p2b: Ogerpon|22/100|[from] Grassy Terrain\n|upkeep\n|turn|3\n|\n|t:|1773192658\n|move|p2b: Ogerpon|Follow Me|p2b: Ogerpon\n|-singleturn|p2b: Ogerpon|move: Follow Me\n|move|p1b: Chien-Pao|Sucker Punch||[still]\n|-fail|p1b: Chien-Pao\n|move|p1a: Volcarona|Struggle Bug|p2a: Calyrex|[spread] p2a,p2b\n|-crit|p2b: Ogerpon\n|-damage|p2a: Calyrex|57/100\n|-damage|p2b: Ogerpon|0 fnt\n|-unboost|p2a: Calyrex|spa|1\n|faint|p2b: Ogerpon\n|move|p2a: Calyrex|Astral Barrage|p1b: Chien-Pao|[spread] p1a,p1b\n|-resisted|p1b: Chien-Pao\n|-damage|p1a: Volcarona|29/100\n|-enditem|p1b: Chien-Pao|Focus Sash\n|-damage|p1b: Chien-Pao|1/100\n|-damage|p2a: Calyrex|48/100|[from] item: Life Orb\n|\n|-heal|p1a: Volcarona|35/100|[from] Grassy Terrain\n|-heal|p1a: Volcarona|41/100|[from] item: Leftovers\n|-heal|p2a: Calyrex|53/100|[from] Grassy Terrain\n|-heal|p1b: Chien-Pao|7/100|[from] Grassy Terrain\n|upkeep\n|\n|t:|1773192677\n|switch|p2b: Rillaboom|Rillaboom, L50, M|100/100\n|turn|4\n|inactive|Cello L. has 30 seconds left.\n|\n|t:|1773192702\n|switch|p2b: Zamazenta|Zamazenta-Crowned, L50|100/100\n|-ability|p2b: Zamazenta|Dauntless Shield|boost\n|-boost|p2b: Zamazenta|def|1\n|move|p1a: Volcarona|Protect|p1a: Volcarona\n|-singleturn|p1a: Volcarona|Protect\n|move|p1b: Chien-Pao|Protect|p1b: Chien-Pao\n|-singleturn|p1b: Chien-Pao|Protect\n|move|p2a: Calyrex|Nasty Plot|p2a: Calyrex\n|-boost|p2a: Calyrex|spa|2\n|\n|-heal|p1a: Volcarona|47/100|[from] Grassy Terrain\n|-heal|p1a: Volcarona|54/100|[from] item: Leftovers\n|-heal|p2a: Calyrex|59/100|[from] Grassy Terrain\n|-heal|p1b: Chien-Pao|13/100|[from] Grassy Terrain\n|upkeep\n|turn|5\n|inactive|Cello L. has 30 seconds left.\n|inactive|Cello L. has 20 seconds left.\n|\n|t:|1773192741\n|move|p2a: Calyrex|Protect|p2a: Calyrex\n|-singleturn|p2a: Calyrex|Protect\n|move|p1b: Chien-Pao|Sucker Punch||[still]\n|-fail|p1b: Chien-Pao\n|move|p1a: Volcarona|Fiery Dance|p2a: Calyrex\n|-activate|p2a: Calyrex|move: Protect\n|move|p2b: Zamazenta|Body Press|p1b: Chien-Pao\n|-supereffective|p1b: Chien-Pao\n|-damage|p1b: Chien-Pao|0 fnt\n|faint|p1b: Chien-Pao\n|\n|-heal|p1a: Volcarona|60/100|[from] Grassy Terrain\n|-heal|p1a: Volcarona|66/100|[from] item: Leftovers\n|-heal|p2a: Calyrex|65/100|[from] Grassy Terrain\n|-fieldend|move: Grassy Terrain\n|upkeep\n|\n|t:|1773192765\n|switch|p1b: Zamazenta|Zamazenta-Crowned, L50, shiny|100/100\n|-ability|p1b: Zamazenta|Dauntless Shield|boost\n|-boost|p1b: Zamazenta|def|1\n|turn|6\n|\n|t:|1773192789\n|-terastallize|p1b: Zamazenta|Water\n|move|p1a: Volcarona|Protect|p1a: Volcarona\n|-singleturn|p1a: Volcarona|Protect\n|move|p2a: Calyrex|Psychic|p1b: Zamazenta\n|-damage|p1b: Zamazenta|0 fnt\n|faint|p1b: Zamazenta\n|-ability|p2a: Calyrex|Grim Neigh|boost\n|-boost|p2a: Calyrex|spa|1\n|-damage|p2a: Calyrex|56/100|[from] item: Life Orb\n|move|p2b: Zamazenta|Body Press|p1a: Volcarona\n|-activate|p1a: Volcarona|move: Protect\n|\n|-heal|p1a: Volcarona|72/100|[from] item: Leftovers\n|upkeep\n|\n|t:|1773192794\n|switch|p1b: Miraidon|Miraidon, L50|100/100\n|-fieldstart|move: Electric Terrain|[from] ability: Hadron Engine|[of] p1b: Miraidon\n|turn|7\n|inactive|Cello L. has 30 seconds left.\n|inactive|Cello L. has 20 seconds left.\n|inactive|Cello L. has 15 seconds left.\n|inactive|Cello L. has 10 seconds left.\n|inactive|Cello L. has 5 seconds left.\n|\n|t:|1773192847\n|move|p1a: Volcarona|Fiery Dance|p2a: Calyrex\n|-damage|p2a: Calyrex|3/100\n|-boost|p1a: Volcarona|spa|1\n|move|p2a: Calyrex|Astral Barrage|p1a: Volcarona|[spread] p1a,p1b\n|-damage|p1a: Volcarona|0 fnt\n|-damage|p1b: Miraidon|0 fnt\n|faint|p1a: Volcarona\n|faint|p1b: Miraidon\n|-damage|p2a: Calyrex|0 fnt|[from] item: Life Orb\n|faint|p2a: Calyrex\n|\n|win|Cello L.\n|raw|ChienWeavilePao's rating: 1313 &rarr; <strong>1298</strong><br />(-15 for losing)\n|raw|Cello L.'s rating: 1410 &rarr; <strong>1425</strong><br />(+15 for winning)\n|l|\u2606ChienWeavilePao\n|player|p1|\n","uploadtime":1773193235,"views":17,"formatid":"gen9vgc2026regi","rating":1298,"private":0,"password":null}