{"id":"gen9vgc2026regi-2580008920","format":"[Gen 9] VGC 2026 Reg I","players":["liam.2025","datbishgames"],"log":"|j|\u2606liam.2025\n|j|\u2606datbishgames\n|t:|1775846108\n|gametype|doubles\n|player|p1|liam.2025|policeman|1464\n|player|p2|datbishgames|mira|1560\n|gen|9\n|tier|[Gen 9] VGC 2026 Reg I\n|rated|\n|rule|Species Clause: Limit one of each Pok\u00e9mon\n|rule|Item Clause: Limit 1 of each item\n|clearpoke\n|poke|p1|Murkrow, L50, M|\n|poke|p1|Weezing-Galar, L50, M|\n|poke|p1|Terapagos, L50, M|\n|poke|p1|Smeargle, L50, M|\n|poke|p1|Calyrex-Ice, L50|\n|poke|p1|Ursaluna, L50, M|\n|poke|p2|Dialga-Origin, L50|\n|poke|p2|Ho-Oh, L50|\n|poke|p2|Rotom-Wash, L50|\n|poke|p2|Amoonguss, L50, F|\n|poke|p2|Ursaluna, L50, M|\n|poke|p2|Zoroark-Hisui, L50, M|\n|teampreview|4\n|inactive|Battle timer is ON: inactive players will automatically lose when time's up. (requested by datbishgames)\n|inactive|liam.2025 has 60 seconds left.\n|inactive|datbishgames has 60 seconds left.\n|\n|t:|1775846156\n|teamsize|p1|4\n|teamsize|p2|4\n|start\n|switch|p1a: Murkrow|Murkrow, L50, M|100/100\n|switch|p1b: Calyrex|Calyrex-Ice, L50|100/100\n|switch|p2a: Dialga|Dialga-Origin, L50|100/100\n|switch|p2b: Rotom|Rotom-Wash, L50|100/100\n|-ability|p1b: Calyrex|As One\n|-ability|p1b: Calyrex|Unnerve\n|turn|1\n|inactive|liam.2025 has 30 seconds left.\n|\n|t:|1775846182\n|move|p2a: Dialga|Protect|p2a: Dialga\n|-singleturn|p2a: Dialga|Protect\n|move|p1a: Murkrow|Taunt|p2a: Dialga\n|-activate|p2a: Dialga|move: Protect\n|move|p1b: Calyrex|Glacial Lance|p2b: Rotom|[spread] p2b\n|-activate|p2a: Dialga|move: Protect\n|-resisted|p2b: Rotom\n|-damage|p2b: Rotom|82/100\n|move|p2b: Rotom|Foul Play|p1b: Calyrex\n|-supereffective|p1b: Calyrex\n|-damage|p1b: Calyrex|55/100\n|\n|upkeep\n|turn|2\n|\n|t:|1775846196\n|move|p1a: Murkrow|Taunt|p2a: Dialga\n|-start|p2a: Dialga|move: Taunt\n|move|p1b: Calyrex|Glacial Lance|p2b: Rotom|[spread] p2a,p2b\n|-resisted|p2b: Rotom\n|-damage|p2a: Dialga|67/100\n|-damage|p2b: Rotom|64/100\n|move|p2b: Rotom|Electroweb|p1b: Calyrex|[spread] p1a\n|-miss|p2b: Rotom|p1b: Calyrex\n|-supereffective|p1a: Murkrow\n|-damage|p1a: Murkrow|38/100\n|-unboost|p1a: Murkrow|spe|1\n|move|p2a: Dialga|Flash Cannon|p1b: Calyrex\n|-supereffective|p1b: Calyrex\n|-damage|p1b: Calyrex|0 fnt\n|faint|p1b: Calyrex\n|\n|upkeep\n|\n|t:|1775846210\n|switch|p1b: Terapagos|Terapagos, L50, M|100/100\n|-activate|p1b: Terapagos|ability: Tera Shift\n|detailschange|p1b: Terapagos|Terapagos-Terastal, L50, M\n|-heal|p1b: Terapagos|100/100|[silent]\n|turn|3\n|\n|t:|1775846232\n|switch|p2a: Ho-Oh|Ho-Oh, L50|100/100\n|-terastallize|p1b: Terapagos|Stellar\n|detailschange|p1b: Terapagos|Terapagos-Stellar, L50, M, tera:Stellar\n|-heal|p1b: Terapagos|100/100|[silent]\n|move|p1b: Terapagos|Tera Starstorm|p2b: Rotom|[spread] p2a,p2b\n|-damage|p2a: Ho-Oh|69/100\n|-damage|p2b: Rotom|24/100\n|move|p2b: Rotom|Electroweb|p1a: Murkrow|[spread] p1a,p1b\n|-supereffective|p1a: Murkrow\n|-damage|p1a: Murkrow|0 fnt\n|-damage|p1b: Terapagos|91/100\n|-unboost|p1b: Terapagos|spe|1\n|faint|p1a: Murkrow\n|\n|upkeep\n|\n|t:|1775846245\n|switch|p1a: Smeargle|Smeargle, L50, M|100/100\n|turn|4\n|\n|t:|1775846253\n|move|p1a: Smeargle|Decorate|p1b: Terapagos\n|-boost|p1b: Terapagos|atk|2\n|-boost|p1b: Terapagos|spa|2\n|move|p2a: Ho-Oh|Tailwind|p2a: Ho-Oh\n|-sidestart|p2: datbishgames|move: Tailwind\n|move|p2b: Rotom|Electroweb|p1b: Terapagos|[spread] p1a,p1b\n|-crit|p1b: Terapagos\n|-damage|p1a: Smeargle|63/100\n|-damage|p1b: Terapagos|74/100\n|-unboost|p1a: Smeargle|spe|1\n|-unboost|p1b: Terapagos|spe|1\n|move|p1b: Terapagos|Tera Starstorm|p2b: Rotom|[spread] p2a,p2b\n|-damage|p2a: Ho-Oh|2/100\n|-damage|p2b: Rotom|0 fnt\n|faint|p2b: Rotom\n|\n|upkeep\n|\n|t:|1775846264\n|switch|p2b: Ursaluna|Ursaluna, L50, M|100/100\n|turn|5\n|\n|t:|1775846270\n|move|p2b: Ursaluna|Protect|p2b: Ursaluna\n|-singleturn|p2b: Ursaluna|Protect\n|move|p1a: Smeargle|Follow Me|p1a: Smeargle\n|-singleturn|p1a: Smeargle|move: Follow Me\n|move|p2a: Ho-Oh|Brave Bird|p1a: Smeargle\n|-damage|p1a: Smeargle|0 fnt\n|faint|p1a: Smeargle\n|-damage|p2a: Ho-Oh|0 fnt|[from] Recoil\n|faint|p2a: Ho-Oh\n|move|p1b: Terapagos|Tera Starstorm|p2b: Ursaluna\n|-activate|p2b: Ursaluna|move: Protect\n|\n|-status|p2b: Ursaluna|brn|[from] item: Flame Orb\n|upkeep\n|\n|t:|1775846277\n|switch|p2a: Dialga|Dialga-Origin, L50|67/100\n|turn|6\n|\n|t:|1775846284\n|move|p2b: Ursaluna|Facade|p1b: Terapagos\n|-damage|p1b: Terapagos|7/100\n|move|p2a: Dialga|Draco Meteor|p1b: Terapagos\n|-damage|p1b: Terapagos|0 fnt\n|-unboost|p2a: Dialga|spa|2\n|faint|p1b: Terapagos\n|detailschange|p1: Terapagos|Terapagos, L50, M|[silent]\n|\n|win|datbishgames\n|raw|liam.2025's rating: 1464 &rarr; <strong>1449</strong><br />(-15 for losing)\n|raw|datbishgames's rating: 1560 &rarr; <strong>1575</strong><br />(+15 for winning)\n|l|\u2606liam.2025\n|player|p1|\n|l|\u2606datbishgames\n|player|p2|\n","uploadtime":1775846507,"views":11,"formatid":"gen9vgc2026regi","rating":1449,"private":0,"password":null}