{"id":"gen9vgc2026regi-2568415185","format":"[Gen 9] VGC 2026 Reg I","players":["Frannykidnappedme","RyanPowneysPlanB"],"log":"|j|\u2606Frannykidnappedme\n|j|\u2606RyanPowneysPlanB\n|t:|1774575917\n|gametype|doubles\n|player|p1|Frannykidnappedme|pokekid|\n|player|p2|RyanPowneysPlanB|ghetsis-gen5bw|\n|gen|9\n|tier|[Gen 9] VGC 2026 Reg I\n|rated|Tournament battle\n|rule|Species Clause: Limit one of each Pok\u00e9mon\n|rule|Item Clause: Limit 1 of each item\n|clearpoke\n|poke|p1|Miraidon, L50|\n|poke|p1|Lunala, L50|\n|poke|p1|Incineroar, L50, M|\n|poke|p1|Whimsicott, L50, F|\n|poke|p1|Ursaluna, L50, F|\n|poke|p1|Urshifu-*, L50, F|\n|poke|p2|Kyogre, L50|\n|poke|p2|Roaring Moon, L50|\n|poke|p2|Zacian-*, L50|\n|poke|p2|Iron Hands, L50|\n|poke|p2|Amoonguss, L50, M|\n|poke|p2|Urshifu-*, L50, M|\n|teampreview|4\n|inactive|Battle timer is ON: inactive players will automatically lose when time's up. (requested by Frannykidnappedme)\n|inactive|RyanPowneysPlanB also wants the timer to be on.\n|j| missouri mott\n|j| RadiatingShark\n|j| Joel_mon\n|\n|t:|1774575944\n|teamsize|p1|4\n|teamsize|p2|4\n|start\n|switch|p1a: Ursaluna|Ursaluna, L50, F|100/100\n|switch|p1b: Whimsicott|Whimsicott, L50, F, shiny|100/100\n|switch|p2a: Amoonguss|Amoonguss, L50, M|100/100\n|switch|p2b: Urshifu|Urshifu-Rapid-Strike, L50, M|100/100\n|turn|1\n|j| Gible's nibble\n|j| TimeforCHILLI\n|\n|t:|1774575967\n|move|p1b: Whimsicott|Light Screen|p1b: Whimsicott\n|-sidestart|p1: Frannykidnappedme|move: Light Screen\n|move|p2b: Urshifu|Taunt|p1a: Ursaluna\n|-start|p1a: Ursaluna|move: Taunt\n|move|p1a: Ursaluna|Facade|p1b: Whimsicott\n|-damage|p1b: Whimsicott|47/100\n|move|p2a: Amoonguss|Spore|p1b: Whimsicott\n|-immune|p1b: Whimsicott\n|\n|-status|p1a: Ursaluna|brn|[from] item: Flame Orb\n|upkeep\n|turn|2\n|j| drifterking40\n|j| speedyturtle87\n|inactive|Frannykidnappedme has 30 seconds left.\n|inactive|RyanPowneysPlanB has 30 seconds left.\n|inactive|Frannykidnappedme has 20 seconds left.\n|\n|t:|1774576006\n|move|p2b: Urshifu|Surging Strikes|p2a: Amoonguss\n|-resisted|p2a: Amoonguss\n|-crit|p2a: Amoonguss\n|-damage|p2a: Amoonguss|91/100\n|-damage|p2b: Urshifu|84/100|[from] item: Rocky Helmet|[of] p2a: Amoonguss\n|-resisted|p2a: Amoonguss\n|-crit|p2a: Amoonguss\n|-damage|p2a: Amoonguss|81/100\n|-damage|p2b: Urshifu|67/100|[from] item: Rocky Helmet|[of] p2a: Amoonguss\n|-resisted|p2a: Amoonguss\n|-crit|p2a: Amoonguss\n|-damage|p2a: Amoonguss|72/100\n|-damage|p2b: Urshifu|51/100|[from] item: Rocky Helmet|[of] p2a: Amoonguss\n|-hitcount|p2a: Amoonguss|3\n|move|p1b: Whimsicott|Moonblast|p2a: Amoonguss\n|-resisted|p2a: Amoonguss\n|-damage|p2a: Amoonguss|60/100\n|-unboost|p2a: Amoonguss|spa|1\n|move|p1a: Ursaluna|Headlong Rush|p1b: Whimsicott\n|-resisted|p1b: Whimsicott\n|-damage|p1b: Whimsicott|0 fnt\n|-unboost|p1a: Ursaluna|def|1\n|-unboost|p1a: Ursaluna|spd|1\n|faint|p1b: Whimsicott\n|move|p2a: Amoonguss|Pollen Puff|p1a: Ursaluna\n|-damage|p1a: Ursaluna|89/100 brn\n|\n|-damage|p1a: Ursaluna|83/100 brn|[from] brn\n|upkeep\n|l| Joel_mon\n|c| TimeforCHILLI|Wat is happening\n|\n|t:|1774576025\n|switch|p1b: Colliers gf|Incineroar, L50, M|100/100\n|-ability|p1b: Colliers gf|Intimidate|boost\n|-unboost|p2a: Amoonguss|atk|1\n|-unboost|p2b: Urshifu|atk|1\n|turn|3\n|j| Tindall64\n|inactive|RyanPowneysPlanB has 30 seconds left.\n|j| Invitado 1793701\n|inactive|RyanPowneysPlanB has 20 seconds left.\n|\n|t:|1774576061\n|-terastallize|p1a: Ursaluna|Ghost\n|move|p1b: Colliers gf|Fake Out|p1a: Ursaluna\n|-immune|p1a: Ursaluna\n|move|p2b: Urshifu|Taunt|p2a: Amoonguss\n|-start|p2a: Amoonguss|move: Taunt\n|move|p1a: Ursaluna|Earthquake|p2b: Urshifu|[spread] p1b,p2a,p2b\n|-supereffective|p1b: Colliers gf\n|-damage|p1b: Colliers gf|0 fnt\n|-damage|p2a: Amoonguss|4/100\n|-damage|p2b: Urshifu|0 fnt\n|faint|p1b: Colliers gf\n|faint|p2b: Urshifu\n|move|p2a: Amoonguss|Pollen Puff|p1a: Ursaluna\n|-resisted|p1a: Ursaluna\n|-damage|p1a: Ursaluna|78/100 brn\n|\n|-damage|p1a: Ursaluna|72/100 brn|[from] brn\n|-end|p1a: Ursaluna|move: Taunt\n|upkeep\n|j| Billlmads\n|\n|t:|1774576075\n|switch|p2b: Roaring Moon|Roaring Moon, L50|100/100\n|switch|p1b: Urshifu|Urshifu-Rapid-Strike, L50, F|100/100\n|-enditem|p2b: Roaring Moon|Booster Energy\n|-activate|p2b: Roaring Moon|ability: Protosynthesis|[fromitem]\n|-start|p2b: Roaring Moon|protosynthesisspe\n|turn|4\n|\n|t:|1774576091\n|-terastallize|p2b: Roaring Moon|Flying\n|move|p1a: Ursaluna|Protect|p1a: Ursaluna\n|-singleturn|p1a: Ursaluna|Protect\n|move|p2b: Roaring Moon|Acrobatics|p1b: Urshifu\n|-supereffective|p1b: Urshifu\n|-damage|p1b: Urshifu|0 fnt\n|faint|p1b: Urshifu\n|move|p2a: Amoonguss|Pollen Puff|p1a: Ursaluna\n|-activate|p1a: Ursaluna|move: Protect\n|\n|-damage|p1a: Ursaluna|66/100 brn|[from] brn\n|upkeep\n|turn|5\n|l| drifterking40\n|j| HardFreaQ\n|inactive|Frannykidnappedme has 30 seconds left.\n|inactive|Frannykidnappedme has 20 seconds left.\n|\n|t:|1774576130\n|switch|p2a: Iron Hands|Iron Hands, L50, shiny|100/100\n|move|p2b: Roaring Moon|Knock Off|p1a: Ursaluna\n|-supereffective|p1a: Ursaluna\n|-damage|p1a: Ursaluna|0 fnt\n|-enditem|p1a: Ursaluna|Flame Orb|[from] move: Knock Off|[of] p2b: Roaring Moon\n|faint|p1a: Ursaluna\n|\n|win|RyanPowneysPlanB\n|n|\u2606Frannykidnappedme|frannykidnappedme\n|n|\u2606RyanPowneysPlanB|ryanpowneysplanb\n|n| missouri mott|missourimott\n|n| RadiatingShark|radiatingshark\n|n| Gible's nibble|giblesnibble\n|n| TimeforCHILLI|timeforchilli\n|n| speedyturtle87|speedyturtle87\n|n| Tindall64|tindall64\n|n| Invitado 1793701|invitado1793701\n|n| Billlmads|billlmads\n|n| HardFreaQ|hardfreaq\n","uploadtime":1774576130,"views":101,"formatid":"gen9vgc2026regi","rating":null,"private":0,"password":null}