{"id":"gen9vgc2026regi-2560813048","format":"[Gen 9] VGC 2026 Reg I","players":["KaiMVGC","Uscorp"],"log":"|j|\u2606KaiMVGC\n|j|\u2606Uscorp\n|t:|1773731049\n|gametype|doubles\n|player|p1|KaiMVGC|boarder|1362\n|player|p2|Uscorp|102|1432\n|gen|9\n|tier|[Gen 9] VGC 2026 Reg I\n|rated|\n|rule|Species Clause: Limit one of each Pok\u00e9mon\n|rule|Item Clause: Limit 1 of each item\n|clearpoke\n|poke|p1|Calyrex-Shadow, L50|\n|poke|p1|Zamazenta-*, L50|\n|poke|p1|Incineroar, L50, F|\n|poke|p1|Rillaboom, L50, F|\n|poke|p1|Amoonguss, L50, F|\n|poke|p1|Urshifu-*, L50, M|\n|poke|p2|Calyrex-Shadow, L50|\n|poke|p2|Smeargle, L50, M|\n|poke|p2|Urshifu-*, L50, F|\n|poke|p2|Rillaboom, L50, M|\n|poke|p2|Zamazenta-*, L50|\n|poke|p2|Chi-Yu, L50|\n|teampreview|4\n|\n|t:|1773731079\n|teamsize|p1|4\n|teamsize|p2|4\n|start\n|switch|p1a: Incineroar|Incineroar, L50, F|100/100\n|switch|p1b: Amoonguss|Amoonguss, L50, F|100/100\n|switch|p2a: Calyrex|Calyrex-Shadow, L50|100/100\n|switch|p2b: YujiroHanma|Zamazenta-Crowned, L50|100/100\n|-ability|p2a: Calyrex|As One\n|-ability|p2a: Calyrex|Unnerve\n|-ability|p2b: YujiroHanma|Dauntless Shield|boost\n|-boost|p2b: YujiroHanma|def|1\n|-ability|p1a: Incineroar|Intimidate|boost\n|-unboost|p2a: Calyrex|atk|1\n|-unboost|p2b: YujiroHanma|atk|1\n|turn|1\n|\n|t:|1773731097\n|move|p2a: Calyrex|Protect|p2a: Calyrex\n|-singleturn|p2a: Calyrex|Protect\n|move|p2b: YujiroHanma|Protect|p2b: YujiroHanma\n|-singleturn|p2b: YujiroHanma|Protect\n|move|p1b: Amoonguss|Protect|p1b: Amoonguss\n|-singleturn|p1b: Amoonguss|Protect\n|move|p1a: Incineroar|Will-O-Wisp|p2b: YujiroHanma\n|-activate|p2b: YujiroHanma|move: Protect\n|\n|upkeep\n|turn|2\n|\n|t:|1773731125\n|-terastallize|p2a: Calyrex|Fairy\n|-terastallize|p1b: Amoonguss|Fire\n|move|p2a: Calyrex|Astral Barrage|p1b: Amoonguss|[spread] p1a,p1b\n|-resisted|p1a: Incineroar\n|-damage|p1a: Incineroar|71/100\n|-damage|p1b: Amoonguss|48/100\n|-damage|p2a: Calyrex|91/100|[from] item: Life Orb\n|move|p2b: YujiroHanma|Body Press|p1b: Amoonguss\n|-crit|p1b: Amoonguss\n|-damage|p1b: Amoonguss|0 fnt\n|faint|p1b: Amoonguss\n|move|p1a: Incineroar|Will-O-Wisp|p2b: YujiroHanma\n|-status|p2b: YujiroHanma|brn\n|\n|-damage|p2b: YujiroHanma|94/100 brn|[from] brn\n|upkeep\n|\n|t:|1773731136\n|switch|p1b: Zamazenta|Zamazenta-Crowned, L50|100/100\n|-ability|p1b: Zamazenta|Dauntless Shield|boost\n|-boost|p1b: Zamazenta|def|1\n|turn|3\n|\n|t:|1773731156\n|move|p2a: Calyrex|Protect|p2a: Calyrex\n|-singleturn|p2a: Calyrex|Protect\n|move|p1b: Zamazenta|Protect|p1b: Zamazenta\n|-singleturn|p1b: Zamazenta|Protect\n|move|p2b: YujiroHanma|Imprison|p2b: YujiroHanma\n|-start|p2b: YujiroHanma|move: Imprison\n|move|p1a: Incineroar|Knock Off|p2a: Calyrex\n|-activate|p2a: Calyrex|move: Protect\n|\n|-damage|p2b: YujiroHanma|88/100 brn|[from] brn\n|upkeep\n|turn|4\n|\n|t:|1773731193\n|move|p2a: Calyrex|Psychic|p1b: Zamazenta\n|-damage|p1b: Zamazenta|55/100\n|-damage|p2a: Calyrex|81/100|[from] item: Life Orb\n|move|p1b: Zamazenta|Heavy Slam|p2a: Calyrex\n|-supereffective|p2a: Calyrex\n|-damage|p2a: Calyrex|0 fnt\n|faint|p2a: Calyrex\n|move|p2b: YujiroHanma|Body Press|p1a: Incineroar\n|-supereffective|p1a: Incineroar\n|-enditem|p1a: Incineroar|Chople Berry|[eat]\n|-enditem|p1a: Incineroar|Chople Berry|[weaken]\n|-damage|p1a: Incineroar|42/100\n|move|p1a: Incineroar|Parting Shot|p2b: YujiroHanma\n|-unboost|p2b: YujiroHanma|atk|1\n|-unboost|p2b: YujiroHanma|spa|1\n|\n|t:|1773731205\n|switch|p1a: Calyrex|Calyrex-Shadow, L50|100/100|[from] Parting Shot\n|-ability|p1a: Calyrex|As One\n|-ability|p1a: Calyrex|Unnerve\n|\n|-damage|p2b: YujiroHanma|82/100 brn|[from] brn\n|upkeep\n|\n|t:|1773731218\n|switch|p2a: Chi-Yu|Chi-Yu, L50|100/100\n|-ability|p2a: Chi-Yu|Beads of Ruin\n|turn|5\n|\n|t:|1773731236\n|switch|p1b: Incineroar|Incineroar, L50, F|42/100\n|-ability|p1b: Incineroar|Intimidate|boost\n|-unboost|p2a: Chi-Yu|atk|1\n|-unboost|p2b: YujiroHanma|atk|1\n|move|p2b: YujiroHanma|Wide Guard|p2b: YujiroHanma\n|-singleturn|p2b: YujiroHanma|Wide Guard\n|move|p2a: Chi-Yu|Heat Wave|p1b: Incineroar|[spread] p1a,p1b\n|-crit|p1a: Calyrex\n|-resisted|p1b: Incineroar\n|-damage|p1a: Calyrex|12/100\n|-damage|p1b: Incineroar|19/100\n|move|p1a: Calyrex|Psychic|p2b: YujiroHanma\n|-damage|p2b: YujiroHanma|38/100 brn\n|-unboost|p2b: YujiroHanma|spd|1\n|\n|-damage|p2b: YujiroHanma|32/100 brn|[from] brn\n|upkeep\n|turn|6\n|\n|t:|1773731266\n|switch|p2a: Aresdelfuego|Rillaboom, L50, M|100/100\n|-fieldstart|move: Grassy Terrain|[from] ability: Grassy Surge|[of] p2a: Aresdelfuego\n|move|p2b: YujiroHanma|Protect||[still]\n|-fail|p2b: YujiroHanma\n|move|p1a: Calyrex|Astral Barrage|p2b: YujiroHanma|[spread] p2a,p2b\n|-damage|p2a: Aresdelfuego|63/100\n|-damage|p2b: YujiroHanma|0 fnt\n|faint|p2b: YujiroHanma\n|-ability|p1a: Calyrex|Grim Neigh|boost\n|-boost|p1a: Calyrex|spa|1\n|move|p1b: Incineroar|Knock Off|p2a: Aresdelfuego\n|-damage|p2a: Aresdelfuego|24/100\n|-enditem|p2a: Aresdelfuego|Assault Vest|[from] move: Knock Off|[of] p1b: Incineroar\n|\n|-heal|p1a: Calyrex|18/100|[from] Grassy Terrain\n|-heal|p2a: Aresdelfuego|30/100|[from] Grassy Terrain\n|-heal|p1b: Incineroar|25/100|[from] Grassy Terrain\n|upkeep\n|\n|t:|1773731286\n|switch|p2b: Chi-Yu|Chi-Yu, L50|100/100\n|-ability|p2b: Chi-Yu|Beads of Ruin\n|turn|7\n|\n|t:|1773731311\n|move|p1a: Calyrex|Protect|p1a: Calyrex\n|-singleturn|p1a: Calyrex|Protect\n|move|p2a: Aresdelfuego|Grassy Glide|p1b: Incineroar\n|-resisted|p1b: Incineroar\n|-crit|p1b: Incineroar\n|-damage|p1b: Incineroar|7/100\n|move|p2b: Chi-Yu|Heat Wave|p1a: Calyrex|[spread] p1b\n|-activate|p1a: Calyrex|move: Protect\n|-resisted|p1b: Incineroar\n|-damage|p1b: Incineroar|0 fnt\n|faint|p1b: Incineroar\n|\n|-heal|p1a: Calyrex|24/100|[from] Grassy Terrain\n|-heal|p2a: Aresdelfuego|36/100|[from] Grassy Terrain\n|upkeep\n|\n|t:|1773731318\n|switch|p1b: Zamazenta|Zamazenta-Crowned, L50|55/100\n|turn|8\n|\n|t:|1773731332\n|move|p1a: Calyrex|Protect||[still]\n|-fail|p1a: Calyrex\n|move|p2a: Aresdelfuego|Grassy Glide|p1a: Calyrex\n|-damage|p1a: Calyrex|0 fnt\n|faint|p1a: Calyrex\n|move|p2b: Chi-Yu|Heat Wave|p1b: Zamazenta\n|-supereffective|p1b: Zamazenta\n|-damage|p1b: Zamazenta|0 fnt\n|faint|p1b: Zamazenta\n|\n|win|Uscorp\n|raw|KaiMVGC's rating: 1362 &rarr; <strong>1346</strong><br />(-16 for losing)\n|raw|Uscorp's rating: 1432 &rarr; <strong>1448</strong><br />(+16 for winning)\n|l|\u2606KaiMVGC\n|player|p1|\n","uploadtime":1773731344,"views":24,"formatid":"gen9vgc2026regi","rating":1346,"private":0,"password":null}