{"id":"gen9vgc2026regi-2590824901","format":"[Gen 9] VGC 2026 Reg I","players":["Ceraida","marcxhenry"],"log":"|j|\u2606Ceraida\n|j|\u2606marcxhenry\n|t:|1776851813\n|gametype|doubles\n|player|p1|Ceraida|veteran|1580\n|player|p2|marcxhenry|hilbert-wonderlauncher|1553\n|gen|9\n|tier|[Gen 9] VGC 2026 Reg I\n|rated|\n|rule|Species Clause: Limit one of each Pok\u00e9mon\n|rule|Item Clause: Limit 1 of each item\n|clearpoke\n|poke|p1|Calyrex-Shadow, L50|\n|poke|p1|Koraidon, L50|\n|poke|p1|Indeedee-F, L50, F|\n|poke|p1|Brute Bonnet, L50|\n|poke|p1|Sneasler, L50, F|\n|poke|p1|Chi-Yu, L50|\n|poke|p2|Calyrex-Shadow, L50|\n|poke|p2|Urshifu-*, L50, M|\n|poke|p2|Roaring Moon, L50|\n|poke|p2|Kyogre, L50|\n|poke|p2|Tsareena, L50, F|\n|poke|p2|Kingambit, L50, M|\n|teampreview|4\n|\n|t:|1776851870\n|teamsize|p1|4\n|teamsize|p2|4\n|start\n|switch|p1a: Sneasler|Sneasler, L50, F|100/100\n|switch|p1b: Indeedee|Indeedee-F, L50, F|100/100\n|switch|p2a: Roter Baron|Roaring Moon, L50, shiny|100/100\n|switch|p2b: Ludwig|Calyrex-Shadow, L50|100/100\n|-ability|p2b: Ludwig|As One\n|-ability|p2b: Ludwig|Unnerve\n|-fieldstart|move: Psychic Terrain|[from] ability: Psychic Surge|[of] p1b: Indeedee\n|-enditem|p1a: Sneasler|Psychic Seed\n|-boost|p1a: Sneasler|spd|1|[from] item: Psychic Seed\n|-enditem|p2a: Roter Baron|Booster Energy\n|-activate|p2a: Roter Baron|ability: Protosynthesis|[fromitem]\n|-start|p2a: Roter Baron|protosynthesisspe\n|turn|1\n|inactive|Battle timer is ON: inactive players will automatically lose when time's up. (requested by Ceraida)\n|inactive|Ceraida has 60 seconds left.\n|\n|t:|1776851906\n|-terastallize|p1a: Sneasler|Dark\n|-terastallize|p2a: Roter Baron|Flying\n|move|p1a: Sneasler|Night Slash|p2b: Ludwig\n|-supereffective|p2b: Ludwig\n|-enditem|p2b: Ludwig|Focus Sash\n|-damage|p2b: Ludwig|1/100\n|move|p2a: Roter Baron|Knock Off|p1b: Indeedee\n|-supereffective|p1b: Indeedee\n|-damage|p1b: Indeedee|0 fnt\n|-damage|p2a: Roter Baron|84/100|[from] item: Rocky Helmet|[of] p1b: Indeedee\n|-enditem|p1b: Indeedee|Rocky Helmet|[from] move: Knock Off|[of] p2a: Roter Baron\n|faint|p1b: Indeedee\n|move|p2b: Ludwig|Psychic|p1a: Sneasler\n|-immune|p1a: Sneasler\n|\n|upkeep\n|\n|t:|1776851911\n|switch|p1b: Chi-Yu|Chi-Yu, L50|100/100\n|-ability|p1b: Chi-Yu|Beads of Ruin\n|turn|2\n|\n|t:|1776851924\n|move|p2b: Ludwig|Protect|p2b: Ludwig\n|-singleturn|p2b: Ludwig|Protect\n|move|p1a: Sneasler|Dire Claw|p2a: Roter Baron\n|-damage|p2a: Roter Baron|30/100\n|move|p2a: Roter Baron|Tailwind|p2a: Roter Baron\n|-sidestart|p2: marcxhenry|move: Tailwind\n|move|p1b: Chi-Yu|Heat Wave|p2a: Roter Baron|[spread] \n|-activate|p2b: Ludwig|move: Protect\n|-miss|p1b: Chi-Yu|p2a: Roter Baron\n|\n|upkeep\n|turn|3\n|\n|t:|1776851948\n|move|p1a: Sneasler|Protect|p1a: Sneasler\n|-singleturn|p1a: Sneasler|Protect\n|move|p2a: Roter Baron|Acrobatics|p1a: Sneasler\n|-activate|p1a: Sneasler|move: Protect\n|move|p2b: Ludwig|Astral Barrage|p1a: Sneasler|[spread] p1b\n|-activate|p1a: Sneasler|move: Protect\n|-resisted|p1b: Chi-Yu\n|-damage|p1b: Chi-Yu|71/100\n|move|p1b: Chi-Yu|Heat Wave|p2a: Roter Baron|[spread] p2a,p2b\n|-damage|p2a: Roter Baron|0 fnt\n|-damage|p2b: Ludwig|0 fnt\n|faint|p2a: Roter Baron\n|-end|p2a: Roter Baron|Protosynthesis|[silent]\n|faint|p2b: Ludwig\n|\n|upkeep\n|\n|t:|1776851962\n|switch|p2b: Hitmonshe|Tsareena, L50, F, shiny|100/100\n|switch|p2a: Tripitz|Kyogre, L50, shiny|100/100\n|-weather|RainDance|[from] ability: Drizzle|[of] p2a: Tripitz\n|turn|4\n|j| Nevaehkkkkkk\n|\n|t:|1776851976\n|switch|p1b: Koraidon|Koraidon, L50|100/100\n|-weather|SunnyDay|[from] ability: Orichalcum Pulse|[of] p1b: Koraidon\n|-activate|p1b: Koraidon|Orichalcum Pulse|[source]\n|move|p2a: Tripitz|Protect|p2a: Tripitz\n|-singleturn|p2a: Tripitz|Protect\n|move|p1a: Sneasler|Dire Claw|p2b: Hitmonshe\n|-supereffective|p2b: Hitmonshe\n|-damage|p2b: Hitmonshe|8/100\n|-status|p2b: Hitmonshe|slp\n|cant|p2b: Hitmonshe|slp\n|\n|-weather|SunnyDay|[upkeep]\n|upkeep\n|turn|5\n|-message|marcxhenry forfeited.\n|\n|win|Ceraida\n|raw|Ceraida's rating: 1580 &rarr; <strong>1598</strong><br />(+18 for winning)\n|raw|marcxhenry's rating: 1553 &rarr; <strong>1535</strong><br />(-18 for losing)\n|l|\u2606marcxhenry\n|player|p2|\n|l|\u2606Ceraida\n|player|p1|\n","uploadtime":1776852048,"views":18,"formatid":"gen9vgc2026regi","rating":1535,"private":0,"password":null}