{"id":"gen9vgc2026regi-2532747714","format":"[Gen 9] VGC 2026 Reg I","players":["none0279","bullgod4ever"],"log":"|j|\u2606none0279\n|j|\u2606bullgod4ever\n|t:|1770220820\n|gametype|doubles\n|player|p1|none0279|cynthia|1450\n|player|p2|bullgod4ever|102|1501\n|gen|9\n|tier|[Gen 9] VGC 2026 Reg I\n|rated|\n|rule|Species Clause: Limit one of each Pok\u00e9mon\n|rule|Item Clause: Limit 1 of each item\n|clearpoke\n|poke|p1|Indeedee-F, L50, F|\n|poke|p1|Urshifu-*, L50, F|\n|poke|p1|Raging Bolt, L50|\n|poke|p1|Calyrex-Ice, L50|\n|poke|p1|Necrozma-Dawn-Wings, L50|\n|poke|p1|Amoonguss, L50, F|\n|poke|p2|Calyrex-Shadow, L50|\n|poke|p2|Zamazenta-*, L50|\n|poke|p2|Chien-Pao, L50|\n|poke|p2|Dragonite, L50, M|\n|poke|p2|Amoonguss, L50, F|\n|poke|p2|Ogerpon-Cornerstone, L50, F|\n|teampreview|4\n|inactive|Battle timer is ON: inactive players will automatically lose when time's up. (requested by none0279)\n|inactive|bullgod4ever has 60 seconds left.\n|\n|t:|1770220873\n|teamsize|p1|4\n|teamsize|p2|4\n|start\n|switch|p1a: Calyrex|Calyrex-Ice, L50|100/100\n|switch|p1b: Indeedee|Indeedee-F, L50, F|100/100\n|switch|p2a: Chien-Pao|Chien-Pao, L50|100/100\n|switch|p2b: Dragonite|Dragonite, L50, M|100/100\n|-ability|p1a: Calyrex|As One\n|-ability|p1a: Calyrex|Unnerve\n|-ability|p2a: Chien-Pao|Sword of Ruin\n|-fieldstart|move: Psychic Terrain|[from] ability: Psychic Surge|[of] p1b: Indeedee\n|turn|1\n|inactive|bullgod4ever has 30 seconds left.\n|\n|t:|1770220899\n|-terastallize|p2b: Dragonite|Normal\n|move|p1b: Indeedee|Follow Me|p1b: Indeedee\n|-singleturn|p1b: Indeedee|move: Follow Me\n|move|p2a: Chien-Pao|Ice Spinner|p1b: Indeedee\n|-damage|p1b: Indeedee|62/100\n|-fieldend|move: Psychic Terrain\n|move|p2b: Dragonite|Outrage|p1b: Indeedee\n|-damage|p1b: Indeedee|0 fnt\n|faint|p1b: Indeedee\n|move|p1a: Calyrex|Trick Room|p1a: Calyrex\n|-fieldstart|move: Trick Room|[of] p1a: Calyrex\n|\n|upkeep\n|\n|t:|1770220908\n|switch|p1b: Amoonguss|Amoonguss, L50, F|100/100\n|turn|2\n|\n|t:|1770220925\n|-terastallize|p1a: Calyrex|Fire\n|move|p2a: Chien-Pao|Sucker Punch|p1a: Calyrex\n|-damage|p1a: Calyrex|79/100\n|move|p1b: Amoonguss|Spore|p2b: Dragonite\n|-status|p2b: Dragonite|slp|[from] move: Spore\n|move|p1a: Calyrex|Glacial Lance|p2b: Dragonite|[spread] p2a,p2b\n|-resisted|p2a: Chien-Pao\n|-damage|p2a: Chien-Pao|71/100\n|-damage|p2b: Dragonite|23/100 slp\n|cant|p2b: Dragonite|slp\n|\n|-start|p2b: Dragonite|confusion|[fatigue]\n|upkeep\n|turn|3\n|inactive|bullgod4ever has 30 seconds left.\n|\n|t:|1770220953\n|move|p2a: Chien-Pao|Ice Shard|p1b: Amoonguss\n|-supereffective|p1b: Amoonguss\n|-damage|p1b: Amoonguss|52/100\n|move|p1b: Amoonguss|Spore|p2a: Chien-Pao\n|-status|p2a: Chien-Pao|slp|[from] move: Spore\n|move|p1a: Calyrex|Glacial Lance|p2b: Dragonite|[spread] p2a,p2b\n|-resisted|p2a: Chien-Pao\n|-damage|p2a: Chien-Pao|37/100 slp\n|-damage|p2b: Dragonite|0 fnt\n|faint|p2b: Dragonite\n|-ability|p1a: Calyrex|Chilling Neigh|boost\n|-boost|p1a: Calyrex|atk|1\n|\n|upkeep\n|\n|t:|1770220969\n|switch|p2b: Zamazenta|Zamazenta-Crowned, L50|100/100\n|-ability|p2b: Zamazenta|Dauntless Shield|boost\n|-boost|p2b: Zamazenta|def|1\n|turn|4\n|\n|t:|1770220976\n|move|p2b: Zamazenta|Protect|p2b: Zamazenta\n|-singleturn|p2b: Zamazenta|Protect\n|cant|p2a: Chien-Pao|slp\n|move|p1b: Amoonguss|Spore|p2b: Zamazenta\n|-activate|p2b: Zamazenta|move: Protect\n|move|p1a: Calyrex|High Horsepower|p2a: Chien-Pao\n|-damage|p2a: Chien-Pao|0 fnt\n|faint|p2a: Chien-Pao\n|-ability|p1a: Calyrex|Chilling Neigh|boost\n|-boost|p1a: Calyrex|atk|1\n|\n|upkeep\n|\n|t:|1770220989\n|switch|p2a: Calyrex|Calyrex-Shadow, L50|100/100\n|-ability|p2a: Calyrex|As One\n|-ability|p2a: Calyrex|Unnerve\n|turn|5\n|\n|t:|1770221002\n|move|p2b: Zamazenta|Protect||[still]\n|-fail|p2b: Zamazenta\n|move|p2a: Calyrex|Protect|p2a: Calyrex\n|-singleturn|p2a: Calyrex|Protect\n|move|p1b: Amoonguss|Spore|p2a: Calyrex\n|-activate|p2a: Calyrex|move: Protect\n|move|p1a: Calyrex|High Horsepower|p2b: Zamazenta\n|-supereffective|p2b: Zamazenta\n|-damage|p2b: Zamazenta|34/100\n|\n|-fieldend|move: Trick Room\n|upkeep\n|turn|6\n|inactive|bullgod4ever has 30 seconds left.\n|inactive|bullgod4ever has 20 seconds left.\n|\n|t:|1770221039\n|move|p1b: Amoonguss|Rage Powder|p1b: Amoonguss\n|-singleturn|p1b: Amoonguss|move: Rage Powder\n|move|p2a: Calyrex|Psychic|p1b: Amoonguss\n|-supereffective|p1b: Amoonguss\n|-damage|p1b: Amoonguss|0 fnt\n|faint|p1b: Amoonguss\n|-ability|p2a: Calyrex|Grim Neigh|boost\n|-boost|p2a: Calyrex|spa|1\n|move|p2b: Zamazenta|Body Press|p1a: Calyrex\n|-damage|p1a: Calyrex|40/100\n|move|p1a: Calyrex|Trick Room|p1a: Calyrex\n|-fieldstart|move: Trick Room|[of] p1a: Calyrex\n|\n|upkeep\n|\n|t:|1770221043\n|switch|p1b: Necrozma|Necrozma-Dawn-Wings, L50|100/100\n|turn|7\n|\n|t:|1770221057\n|move|p2b: Zamazenta|Wide Guard|p2b: Zamazenta\n|-singleturn|p2b: Zamazenta|Wide Guard\n|move|p1a: Calyrex|High Horsepower|p2a: Calyrex\n|-damage|p2a: Calyrex|8/100\n|move|p1b: Necrozma|Moongeist Beam|p2a: Calyrex\n|-supereffective|p2a: Calyrex\n|-damage|p2a: Calyrex|0 fnt\n|faint|p2a: Calyrex\n|\n|upkeep\n|turn|8\n|-message|bullgod4ever forfeited.\n|\n|win|none0279\n|raw|none0279's rating: 1450 &rarr; <strong>1473</strong><br />(+23 for winning)\n|raw|bullgod4ever's rating: 1501 &rarr; <strong>1478</strong><br />(-23 for losing)\n|l|\u2606bullgod4ever\n|player|p2|\n|l|\u2606none0279\n|player|p1|\n","uploadtime":1770221241,"views":12,"formatid":"gen9vgc2026regi","rating":1473,"private":0,"password":null}