{"id":"gen9vgc2026regi-2544197929","format":"[Gen 9] VGC 2026 Reg I","players":["BanKingambit69247","Lewissquire"],"log":"|j|\u2606BanKingambit69247\n|j|\u2606Lewissquire\n|t:|1771676412\n|gametype|doubles\n|player|p1|BanKingambit69247|102|1305\n|player|p2|Lewissquire|101|1321\n|gen|9\n|tier|[Gen 9] VGC 2026 Reg I\n|rated|\n|rule|Species Clause: Limit one of each Pok\u00e9mon\n|rule|Item Clause: Limit 1 of each item\n|clearpoke\n|poke|p1|Calyrex-Shadow, L50|\n|poke|p1|Zamazenta-*, L50|\n|poke|p1|Chien-Pao, L50|\n|poke|p1|Dragonite, L50, F|\n|poke|p1|Rillaboom, L50, F|\n|poke|p1|Incineroar, L50, F|\n|poke|p2|Miraidon, L50|\n|poke|p2|Calyrex-Ice, L50|\n|poke|p2|Incineroar, L50, F|\n|poke|p2|Amoonguss, L50, M|\n|poke|p2|Volcarona, L50, M|\n|poke|p2|Urshifu-*, L50, M|\n|teampreview|4\n|inactive|Battle timer is ON: inactive players will automatically lose when time's up. (requested by BanKingambit69247)\n|\n|t:|1771676438\n|teamsize|p1|4\n|teamsize|p2|4\n|start\n|switch|p1a: \u8ba9\u4f60\u4eec\u770b\u770b\u672c\u79d1\u751f\u7684\u542b\u91d1\u91cf\ud83d\udc37\ud83d\udc37\ud83d\udc37|Chien-Pao, L50|100/100\n|switch|p1b: \u5976\u9f99\u6c34\u725b\u7b11.mp4|Dragonite, L50, F|100/100\n|switch|p2a: Miraidon|Miraidon, L50|100/100\n|switch|p2b: Calyrex|Calyrex-Ice, L50|100/100\n|-ability|p2b: Calyrex|As One\n|-ability|p2b: Calyrex|Unnerve\n|-fieldstart|move: Electric Terrain|[from] ability: Hadron Engine|[of] p2a: Miraidon\n|-ability|p1a: \u8ba9\u4f60\u4eec\u770b\u770b\u672c\u79d1\u751f\u7684\u542b\u91d1\u91cf\ud83d\udc37\ud83d\udc37\ud83d\udc37|Sword of Ruin\n|turn|1\n|inactive|BanKingambit69247 has 30 seconds left.\n|\n|t:|1771676473\n|switch|p2b: Incineroar|Incineroar, L50, F|100/100\n|-ability|p2b: Incineroar|Intimidate|boost\n|-unboost|p1a: \u8ba9\u4f60\u4eec\u770b\u770b\u672c\u79d1\u751f\u7684\u542b\u91d1\u91cf\ud83d\udc37\ud83d\udc37\ud83d\udc37|atk|1\n|-fail|p1b: \u5976\u9f99\u6c34\u725b\u7b11.mp4|unboost|Attack|[from] ability: Inner Focus|[of] p1b: \u5976\u9f99\u6c34\u725b\u7b11.mp4\n|-terastallize|p1b: \u5976\u9f99\u6c34\u725b\u7b11.mp4|Normal\n|move|p2a: Miraidon|Volt Switch|p1b: \u5976\u9f99\u6c34\u725b\u7b11.mp4\n|-damage|p1b: \u5976\u9f99\u6c34\u725b\u7b11.mp4|24/100\n|\n|t:|1771676484\n|switch|p2a: Calyrex|Calyrex-Ice, L50|100/100|[from] Volt Switch\n|-ability|p2a: Calyrex|As One\n|-ability|p2a: Calyrex|Unnerve\n|move|p1a: \u8ba9\u4f60\u4eec\u770b\u770b\u672c\u79d1\u751f\u7684\u542b\u91d1\u91cf\ud83d\udc37\ud83d\udc37\ud83d\udc37|Ruination|p2b: Incineroar\n|-damage|p2b: Incineroar|50/100\n|move|p1b: \u5976\u9f99\u6c34\u725b\u7b11.mp4|Low Kick|p2b: Incineroar\n|-supereffective|p2b: Incineroar\n|-crit|p2b: Incineroar\n|-damage|p2b: Incineroar|0 fnt\n|faint|p2b: Incineroar\n|\n|upkeep\n|\n|t:|1771676504\n|switch|p2b: Miraidon|Miraidon, L50|100/100\n|-activate|p2b: Miraidon|ability: Hadron Engine\n|turn|2\n|\n|t:|1771676525\n|switch|p1b: \u70ab\u70ab\u70ab\u70ab\u70ab\u70ab\u70ab\u70ab\ud83d\udc36\ud83d\udc36\ud83d\udc36|Zamazenta-Crowned, L50|100/100\n|-ability|p1b: \u70ab\u70ab\u70ab\u70ab\u70ab\u70ab\u70ab\u70ab\ud83d\udc36\ud83d\udc36\ud83d\udc36|Dauntless Shield|boost\n|-boost|p1b: \u70ab\u70ab\u70ab\u70ab\u70ab\u70ab\u70ab\u70ab\ud83d\udc36\ud83d\udc36\ud83d\udc36|def|1\n|-terastallize|p2a: Calyrex|Fire\n|move|p2b: Miraidon|Volt Switch|p1b: \u70ab\u70ab\u70ab\u70ab\u70ab\u70ab\u70ab\u70ab\ud83d\udc36\ud83d\udc36\ud83d\udc36\n|-damage|p1b: \u70ab\u70ab\u70ab\u70ab\u70ab\u70ab\u70ab\u70ab\ud83d\udc36\ud83d\udc36\ud83d\udc36|51/100\n|\n|t:|1771676533\n|switch|p2b: Urshifu|Urshifu, L50, M|100/100|[from] Volt Switch\n|move|p1a: \u8ba9\u4f60\u4eec\u770b\u770b\u672c\u79d1\u751f\u7684\u542b\u91d1\u91cf\ud83d\udc37\ud83d\udc37\ud83d\udc37|Icicle Crash|p2b: Urshifu\n|-damage|p2b: Urshifu|70/100\n|move|p2a: Calyrex|Trick Room|p2a: Calyrex\n|-fieldstart|move: Trick Room|[of] p2a: Calyrex\n|\n|upkeep\n|turn|3\n|\n|t:|1771676549\n|move|p2a: Calyrex|High Horsepower|p1b: \u70ab\u70ab\u70ab\u70ab\u70ab\u70ab\u70ab\u70ab\ud83d\udc36\ud83d\udc36\ud83d\udc36\n|-supereffective|p1b: \u70ab\u70ab\u70ab\u70ab\u70ab\u70ab\u70ab\u70ab\ud83d\udc36\ud83d\udc36\ud83d\udc36\n|-damage|p1b: \u70ab\u70ab\u70ab\u70ab\u70ab\u70ab\u70ab\u70ab\ud83d\udc36\ud83d\udc36\ud83d\udc36|13/100\n|move|p2b: Urshifu|Close Combat|p1a: \u8ba9\u4f60\u4eec\u770b\u770b\u672c\u79d1\u751f\u7684\u542b\u91d1\u91cf\ud83d\udc37\ud83d\udc37\ud83d\udc37\n|-supereffective|p1a: \u8ba9\u4f60\u4eec\u770b\u770b\u672c\u79d1\u751f\u7684\u542b\u91d1\u91cf\ud83d\udc37\ud83d\udc37\ud83d\udc37\n|-damage|p1a: \u8ba9\u4f60\u4eec\u770b\u770b\u672c\u79d1\u751f\u7684\u542b\u91d1\u91cf\ud83d\udc37\ud83d\udc37\ud83d\udc37|0 fnt\n|-unboost|p2b: Urshifu|def|1\n|-unboost|p2b: Urshifu|spd|1\n|faint|p1a: \u8ba9\u4f60\u4eec\u770b\u770b\u672c\u79d1\u751f\u7684\u542b\u91d1\u91cf\ud83d\udc37\ud83d\udc37\ud83d\udc37\n|move|p1b: \u70ab\u70ab\u70ab\u70ab\u70ab\u70ab\u70ab\u70ab\ud83d\udc36\ud83d\udc36\ud83d\udc36|Body Press|p2b: Urshifu\n|-supereffective|p2b: Urshifu\n|-damage|p2b: Urshifu|0 fnt\n|faint|p2b: Urshifu\n|\n|upkeep\n|\n|t:|1771676558\n|switch|p2b: Miraidon|Miraidon, L50|100/100\n|switch|p1a: \u90a3\u6211\u7f3a\u7684\u5636\u9e23\u8fd9\u4e00\u5757\u8c01\u7ed9\u6211\u8865\u554a\u267f\u267f\u267f|Calyrex-Shadow, L50|100/100\n|-ability|p1a: \u90a3\u6211\u7f3a\u7684\u5636\u9e23\u8fd9\u4e00\u5757\u8c01\u7ed9\u6211\u8865\u554a\u267f\u267f\u267f|As One\n|-ability|p1a: \u90a3\u6211\u7f3a\u7684\u5636\u9e23\u8fd9\u4e00\u5757\u8c01\u7ed9\u6211\u8865\u554a\u267f\u267f\u267f|Unnerve\n|-activate|p2b: Miraidon|ability: Hadron Engine\n|turn|4\n|\n|t:|1771676573\n|move|p2a: Calyrex|High Horsepower|p1b: \u70ab\u70ab\u70ab\u70ab\u70ab\u70ab\u70ab\u70ab\ud83d\udc36\ud83d\udc36\ud83d\udc36\n|-supereffective|p1b: \u70ab\u70ab\u70ab\u70ab\u70ab\u70ab\u70ab\u70ab\ud83d\udc36\ud83d\udc36\ud83d\udc36\n|-damage|p1b: \u70ab\u70ab\u70ab\u70ab\u70ab\u70ab\u70ab\u70ab\ud83d\udc36\ud83d\udc36\ud83d\udc36|0 fnt\n|faint|p1b: \u70ab\u70ab\u70ab\u70ab\u70ab\u70ab\u70ab\u70ab\ud83d\udc36\ud83d\udc36\ud83d\udc36\n|-ability|p2a: Calyrex|Chilling Neigh|boost\n|-boost|p2a: Calyrex|atk|1\n|move|p1a: \u90a3\u6211\u7f3a\u7684\u5636\u9e23\u8fd9\u4e00\u5757\u8c01\u7ed9\u6211\u8865\u554a\u267f\u267f\u267f|Astral Barrage|p2a: Calyrex|[spread] p2a,p2b\n|-damage|p2a: Calyrex|64/100\n|-damage|p2b: Miraidon|57/100\n|move|p2b: Miraidon|Snarl|p1a: \u90a3\u6211\u7f3a\u7684\u5636\u9e23\u8fd9\u4e00\u5757\u8c01\u7ed9\u6211\u8865\u554a\u267f\u267f\u267f\n|-supereffective|p1a: \u90a3\u6211\u7f3a\u7684\u5636\u9e23\u8fd9\u4e00\u5757\u8c01\u7ed9\u6211\u8865\u554a\u267f\u267f\u267f\n|-enditem|p1a: \u90a3\u6211\u7f3a\u7684\u5636\u9e23\u8fd9\u4e00\u5757\u8c01\u7ed9\u6211\u8865\u554a\u267f\u267f\u267f|Focus Sash\n|-damage|p1a: \u90a3\u6211\u7f3a\u7684\u5636\u9e23\u8fd9\u4e00\u5757\u8c01\u7ed9\u6211\u8865\u554a\u267f\u267f\u267f|1/100\n|-unboost|p1a: \u90a3\u6211\u7f3a\u7684\u5636\u9e23\u8fd9\u4e00\u5757\u8c01\u7ed9\u6211\u8865\u554a\u267f\u267f\u267f|spa|1\n|\n|upkeep\n|\n|t:|1771676575\n|switch|p1b: \u5976\u9f99\u6c34\u725b\u7b11.mp4|Dragonite, L50, F, tera:Normal|24/100\n|turn|5\n|-message|BanKingambit69247 forfeited.\n|\n|win|Lewissquire\n|raw|BanKingambit69247's rating: 1305 &rarr; <strong>1286</strong><br />(-19 for losing)\n|raw|Lewissquire's rating: 1321 &rarr; <strong>1340</strong><br />(+19 for winning)\n|l|\u2606BanKingambit69247\n|player|p1|\n|l|\u2606Lewissquire\n|player|p2|\n","uploadtime":1771676740,"views":18,"formatid":"gen9vgc2026regi","rating":1286,"private":0,"password":null}