{"id":"gen9vgc2026regi-2515061151","format":"[Gen 9] VGC 2026 Reg I","players":["larissabae","kojimuranishi"],"log":"|j|\u2606larissabae\n|j|\u2606kojimuranishi\n|t:|1767945568\n|gametype|doubles\n|player|p1|larissabae|102|1237\n|player|p2|kojimuranishi|265|1271\n|gen|9\n|tier|[Gen 9] VGC 2026 Reg I\n|rated|\n|rule|Species Clause: Limit one of each Pok\u00e9mon\n|rule|Item Clause: Limit 1 of each item\n|clearpoke\n|poke|p1|Thundurus, L50, M|\n|poke|p1|Rillaboom, L50, F|\n|poke|p1|Kyogre, L50|\n|poke|p1|Calyrex-Ice, L50|\n|poke|p1|Farigiraf, L50, M|\n|poke|p1|Amoonguss, L50, M|\n|poke|p2|Whimsicott, L50, F|\n|poke|p2|Calyrex-Ice, L50|\n|poke|p2|Miraidon, L50|\n|poke|p2|Chi-Yu, L50|\n|poke|p2|Landorus, L50, M|\n|poke|p2|Toxicroak, L50, F|\n|teampreview|4\n|inactive|Battle timer is ON: inactive players will automatically lose when time's up. (requested by larissabae)\n|\n|t:|1767945598\n|teamsize|p1|4\n|teamsize|p2|4\n|start\n|switch|p1a: Calyrex|Calyrex-Ice, L50|100/100\n|switch|p1b: Rillaboom|Rillaboom, L50, F|100/100\n|switch|p2a: Whimsicott|Whimsicott, L50, F|100/100\n|switch|p2b: Calyrex|Calyrex-Ice, L50|100/100\n|-ability|p2b: Calyrex|As One\n|-ability|p2b: Calyrex|Unnerve\n|-ability|p1a: Calyrex|As One\n|-ability|p1a: Calyrex|Unnerve\n|-fieldstart|move: Grassy Terrain|[from] ability: Grassy Surge|[of] p1b: Rillaboom\n|turn|1\n|\n|t:|1767945616\n|move|p1b: Rillaboom|Fake Out|p2b: Calyrex\n|-damage|p2b: Calyrex|90/100\n|move|p2a: Whimsicott|Moonblast|p1a: Calyrex\n|-damage|p1a: Calyrex|80/100\n|cant|p2b: Calyrex|flinch\n|move|p1a: Calyrex|Imprison|p1a: Calyrex\n|-start|p1a: Calyrex|move: Imprison\n|\n|-heal|p2b: Calyrex|97/100|[from] Grassy Terrain\n|-heal|p1a: Calyrex|86/100|[from] Grassy Terrain\n|-heal|p1a: Calyrex|91/100|[from] item: Leftovers\n|upkeep\n|turn|2\n|\n|t:|1767945633\n|switch|p1b: Farigiraf|Farigiraf, L50, M|100/100\n|move|p2a: Whimsicott|Encore||[still]\n|cant|p1b: Farigiraf|ability: Armor Tail|Encore|[of] p2a: Whimsicott\n|move|p2b: Calyrex|Icicle Crash|p1b: Farigiraf\n|-damage|p1b: Farigiraf|27/100\n|move|p1a: Calyrex|Trick Room|p1a: Calyrex\n|-fieldstart|move: Trick Room|[of] p1a: Calyrex\n|\n|-heal|p1a: Calyrex|97/100|[from] Grassy Terrain\n|-heal|p1a: Calyrex|100/100|[from] item: Leftovers\n|-heal|p1b: Farigiraf|34/100|[from] Grassy Terrain\n|-heal|p2b: Calyrex|100/100|[from] Grassy Terrain\n|upkeep\n|turn|3\n|\n|t:|1767945655\n|switch|p1b: Kyogre|Kyogre, L50|100/100\n|-weather|RainDance|[from] ability: Drizzle|[of] p1b: Kyogre\n|-terastallize|p2b: Calyrex|Ice\n|move|p1a: Calyrex|Glacial Lance|p2a: Whimsicott|[spread] p2a,p2b\n|-supereffective|p2a: Whimsicott\n|-resisted|p2b: Calyrex\n|-enditem|p2a: Whimsicott|Focus Sash\n|-damage|p2a: Whimsicott|1/100\n|-damage|p2b: Calyrex|83/100\n|move|p2b: Calyrex|Icicle Crash|p1b: Kyogre\n|-resisted|p1b: Kyogre\n|-damage|p1b: Kyogre|49/100\n|move|p2a: Whimsicott|Moonblast|p1a: Calyrex\n|-damage|p1a: Calyrex|79/100\n|\n|-weather|RainDance|[upkeep]\n|-heal|p1a: Calyrex|85/100|[from] Grassy Terrain\n|-heal|p1a: Calyrex|90/100|[from] item: Leftovers\n|-heal|p1b: Kyogre|56/100|[from] Grassy Terrain\n|-heal|p2b: Calyrex|90/100|[from] Grassy Terrain\n|-heal|p2a: Whimsicott|7/100|[from] Grassy Terrain\n|upkeep\n|turn|4\n|inactive|kojimuranishi has 30 seconds left.\n|\n|t:|1767945681\n|move|p1a: Calyrex|Leech Seed|p2b: Calyrex\n|-start|p2b: Calyrex|move: Leech Seed\n|move|p2b: Calyrex|Icicle Crash|p1b: Kyogre\n|-resisted|p1b: Kyogre\n|-damage|p1b: Kyogre|5/100\n|cant|p1b: Kyogre|flinch\n|move|p2a: Whimsicott|Moonblast|p1a: Calyrex\n|-damage|p1a: Calyrex|67/100\n|\n|-weather|RainDance|[upkeep]\n|-heal|p1a: Calyrex|72/100|[from] Grassy Terrain\n|-heal|p1a: Calyrex|78/100|[from] item: Leftovers\n|-heal|p1b: Kyogre|11/100|[from] Grassy Terrain\n|-heal|p2b: Calyrex|96/100|[from] Grassy Terrain\n|-heal|p2a: Whimsicott|13/100|[from] Grassy Terrain\n|-damage|p2b: Calyrex|83/100|[from] Leech Seed|[of] p1a: Calyrex\n|-heal|p1a: Calyrex|89/100|[silent]\n|upkeep\n|turn|5\n|\n|t:|1767945701\n|move|p1b: Kyogre|Protect|p1b: Kyogre\n|-singleturn|p1b: Kyogre|Protect\n|move|p2a: Whimsicott|Encore|p1a: Calyrex\n|-start|p1a: Calyrex|Encore\n|move|p1a: Calyrex|Leech Seed|p2b: Calyrex|[miss]\n|-miss|p1a: Calyrex|p2b: Calyrex\n|move|p2b: Calyrex|Icicle Crash|p1b: Kyogre\n|-activate|p1b: Kyogre|move: Protect\n|\n|-weather|RainDance|[upkeep]\n|-heal|p1a: Calyrex|95/100|[from] Grassy Terrain\n|-heal|p1a: Calyrex|100/100|[from] item: Leftovers\n|-heal|p1b: Kyogre|18/100|[from] Grassy Terrain\n|-heal|p2b: Calyrex|90/100|[from] Grassy Terrain\n|-heal|p2a: Whimsicott|19/100|[from] Grassy Terrain\n|-damage|p2b: Calyrex|77/100|[from] Leech Seed|[of] p1a: Calyrex\n|-fieldend|move: Grassy Terrain\n|upkeep\n|turn|6\n|inactive|larissabae has 30 seconds left.\n|inactive|larissabae has 20 seconds left.\n|inactive|larissabae has 15 seconds left.\n|inactive|larissabae has 10 seconds left.\n|\n|t:|1767945750\n|switch|p1b: Farigiraf|Farigiraf, L50, M|34/100\n|move|p1a: Calyrex|Leech Seed|p2b: Calyrex|[miss]\n|-miss|p1a: Calyrex|p2b: Calyrex\n|move|p2b: Calyrex|Icicle Crash|p1b: Farigiraf\n|-damage|p1b: Farigiraf|0 fnt\n|faint|p1b: Farigiraf\n|-ability|p2b: Calyrex|Chilling Neigh|boost\n|-boost|p2b: Calyrex|atk|1\n|move|p2a: Whimsicott|Moonblast|p1a: Calyrex\n|-damage|p1a: Calyrex|77/100\n|\n|-weather|RainDance|[upkeep]\n|-heal|p1a: Calyrex|83/100|[from] item: Leftovers\n|-damage|p2b: Calyrex|65/100|[from] Leech Seed|[of] p1a: Calyrex\n|-heal|p1a: Calyrex|94/100|[silent]\n|-fieldend|move: Trick Room\n|upkeep\n|\n|t:|1767945762\n|switch|p1b: Kyogre|Kyogre, L50|18/100\n|turn|7\n|\n|t:|1767945771\n|move|p2a: Whimsicott|Tailwind|p2a: Whimsicott\n|-sidestart|p2: kojimuranishi|move: Tailwind\n|move|p2b: Calyrex|Icicle Crash|p1b: Kyogre\n|-resisted|p1b: Kyogre\n|-damage|p1b: Kyogre|0 fnt\n|faint|p1b: Kyogre\n|-ability|p2b: Calyrex|Chilling Neigh|boost\n|-boost|p2b: Calyrex|atk|1\n|move|p1a: Calyrex|Leech Seed||[still]\n|-fail|p1a: Calyrex\n|\n|-weather|none\n|-heal|p1a: Calyrex|99/100|[from] item: Leftovers\n|-damage|p2b: Calyrex|52/100|[from] Leech Seed|[of] p1a: Calyrex\n|-heal|p1a: Calyrex|100/100|[silent]\n|-end|p1a: Calyrex|Encore\n|upkeep\n|\n|t:|1767945775\n|switch|p1b: Rillaboom|Rillaboom, L50, F|100/100\n|-fieldstart|move: Grassy Terrain|[from] ability: Grassy Surge|[of] p1b: Rillaboom\n|turn|8\n|inactive|kojimuranishi has 30 seconds left.\n|\n|t:|1767945807\n|-terastallize|p1b: Rillaboom|Fire\n|move|p1b: Rillaboom|Fake Out|p2a: Whimsicott\n|-damage|p2a: Whimsicott|0 fnt\n|faint|p2a: Whimsicott\n|move|p2b: Calyrex|Icicle Crash|p1b: Rillaboom\n|-resisted|p1b: Rillaboom\n|-damage|p1b: Rillaboom|0 fnt\n|faint|p1b: Rillaboom\n|-ability|p2b: Calyrex|Chilling Neigh|boost\n|-boost|p2b: Calyrex|atk|1\n|move|p1a: Calyrex|Trick Room|p1a: Calyrex\n|-fieldstart|move: Trick Room|[of] p1a: Calyrex\n|\n|-heal|p2b: Calyrex|58/100|[from] Grassy Terrain\n|-damage|p2b: Calyrex|46/100|[from] Leech Seed|[of] p1a: Calyrex\n|upkeep\n|\n|t:|1767945828\n|switch|p2a: Toxicroak|Toxicroak, L50, F|100/100\n|turn|9\n|\n|t:|1767945840\n|move|p2a: Toxicroak|Fake Out|p1a: Calyrex\n|-damage|p1a: Calyrex|93/100\n|cant|p1a: Calyrex|flinch\n|move|p2b: Calyrex|Icicle Crash|p1a: Calyrex\n|-resisted|p1a: Calyrex\n|-damage|p1a: Calyrex|13/100\n|\n|-heal|p1a: Calyrex|19/100|[from] Grassy Terrain\n|-heal|p1a: Calyrex|25/100|[from] item: Leftovers\n|-heal|p2b: Calyrex|52/100|[from] Grassy Terrain\n|-damage|p2b: Calyrex|40/100|[from] Leech Seed|[of] p1a: Calyrex\n|-heal|p1a: Calyrex|35/100|[silent]\n|upkeep\n|turn|10\n|inactive|kojimuranishi has 30 seconds left.\n|inactive|kojimuranishi has 20 seconds left.\n|inactive|kojimuranishi has 15 seconds left.\n|inactive|kojimuranishi has 10 seconds left.\n|\n|t:|1767945885\n|switch|p2a: Miraidon|Miraidon, L50|100/100\n|-fieldstart|move: Electric Terrain|[from] ability: Hadron Engine|[of] p2a: Miraidon\n|move|p1a: Calyrex|Glacial Lance|p2b: Calyrex|[spread] p2a,p2b\n|-supereffective|p2a: Miraidon\n|-resisted|p2b: Calyrex\n|-damage|p2a: Miraidon|4/100\n|-damage|p2b: Calyrex|24/100\n|move|p2b: Calyrex|Icicle Crash|p1a: Calyrex\n|-resisted|p1a: Calyrex\n|-damage|p1a: Calyrex|0 fnt\n|faint|p1a: Calyrex\n|\n|win|kojimuranishi\n|raw|larissabae's rating: 1237 &rarr; <strong>1214</strong><br />(-23 for losing)\n|raw|kojimuranishi's rating: 1271 &rarr; <strong>1294</strong><br />(+23 for winning)\n|l|\u2606larissabae\n|player|p1|\n|l|\u2606kojimuranishi\n|player|p2|\n","uploadtime":1767946058,"views":24,"formatid":"gen9vgc2026regi","rating":1214,"private":0,"password":null}