{"id":"gen9vgc2026regi-2525754427","format":"[Gen 9] VGC 2026 Reg I","players":["xiaoliyunVGC","Zin_yugami"],"log":"|j|\u2606xiaoliyunVGC\n|j|\u2606Zin_yugami\n|t:|1769320262\n|gametype|doubles\n|player|p1|xiaoliyunVGC|liko|1509\n|player|p2|Zin_yugami|265|1449\n|gen|9\n|tier|[Gen 9] VGC 2026 Reg I\n|rated|\n|rule|Species Clause: Limit one of each Pok\u00e9mon\n|rule|Item Clause: Limit 1 of each item\n|clearpoke\n|poke|p1|Zamazenta-*, L50|\n|poke|p1|Kyogre, L50|\n|poke|p1|Raichu, L50, M|\n|poke|p1|Flutter Mane, L50|\n|poke|p1|Tornadus, L50, M|\n|poke|p1|Kingambit, L50, M|\n|poke|p2|Iron Moth, L50|\n|poke|p2|Miraidon, L50|\n|poke|p2|Calyrex-Ice, L50|\n|poke|p2|Whimsicott, L50, M|\n|poke|p2|Tyranitar, L50, M|\n|teampreview|4\n|inactive|Battle timer is ON: inactive players will automatically lose when time's up. (requested by xiaoliyunVGC)\n|\n|t:|1769320291\n|teamsize|p1|4\n|teamsize|p2|4\n|start\n|switch|p1a: Kyogre|Kyogre, L50|100/100\n|switch|p1b: Raichu|Raichu, L50, M|100/100\n|switch|p2a: Whimsicott|Whimsicott, L50, M|100/100\n|switch|p2b: Miraidon|Miraidon, L50|100/100\n|-fieldstart|move: Electric Terrain|[from] ability: Hadron Engine|[of] p2b: Miraidon\n|-weather|RainDance|[from] ability: Drizzle|[of] p1a: Kyogre\n|turn|1\n|inactive|Zin_yugami has 30 seconds left.\n|\n|t:|1769320324\n|switch|p1a: Zamazenta|Zamazenta-Crowned, L50, shiny|100/100\n|-ability|p1a: Zamazenta|Dauntless Shield|boost\n|-boost|p1a: Zamazenta|def|1\n|-terastallize|p2b: Miraidon|Ghost\n|move|p2b: Miraidon|Draco Meteor|p1a: Zamazenta|[miss]\n|-miss|p2b: Miraidon|p1a: Zamazenta\n|move|p1b: Raichu|Nuzzle|p2a: Whimsicott\n|-resisted|p2a: Whimsicott\n|-damage|p2a: Whimsicott|97/100\n|-status|p2a: Whimsicott|par\n|-damage|p1b: Raichu|84/100|[from] item: Rocky Helmet|[of] p2a: Whimsicott\n|move|p2a: Whimsicott|Moonblast|p1a: Zamazenta\n|-damage|p1a: Zamazenta|85/100\n|\n|-weather|RainDance|[upkeep]\n|upkeep\n|turn|2\n|\n|t:|1769320347\n|switch|p1b: Kingambit|Kingambit, L50, M|100/100\n|move|p2a: Whimsicott|Light Screen|p2a: Whimsicott\n|-sidestart|p2: Zin_yugami|move: Light Screen\n|move|p2b: Miraidon|Draco Meteor|p1b: Kingambit\n|-resisted|p1b: Kingambit\n|-damage|p1b: Kingambit|56/100\n|-unboost|p2b: Miraidon|spa|2\n|move|p1a: Zamazenta|Behemoth Bash|p2a: Whimsicott\n|-supereffective|p2a: Whimsicott\n|-damage|p2a: Whimsicott|31/100 par\n|-damage|p1a: Zamazenta|69/100|[from] item: Rocky Helmet|[of] p2a: Whimsicott\n|\n|-weather|RainDance|[upkeep]\n|upkeep\n|turn|3\n|j| sid kagenow\n|\n|t:|1769320367\n|switch|p2b: Calyrex|Calyrex-Ice, L50|100/100\n|-ability|p2b: Calyrex|As One\n|-ability|p2b: Calyrex|Unnerve\n|-enditem|p2b: Calyrex|Electric Seed\n|-boost|p2b: Calyrex|def|1|[from] item: Electric Seed\n|move|p1a: Zamazenta|Behemoth Bash|p2a: Whimsicott\n|-supereffective|p2a: Whimsicott\n|-damage|p2a: Whimsicott|0 fnt\n|-damage|p1a: Zamazenta|52/100|[from] item: Rocky Helmet|[of] p2a: Whimsicott\n|faint|p2a: Whimsicott\n|move|p1b: Kingambit|Kowtow Cleave|p2b: Calyrex\n|-supereffective|p2b: Calyrex\n|-damage|p2b: Calyrex|57/100\n|\n|-weather|RainDance|[upkeep]\n|upkeep\n|\n|t:|1769320384\n|switch|p2a: Miraidon|Miraidon, L50, tera:Ghost|100/100\n|-activate|p2a: Miraidon|ability: Hadron Engine\n|turn|4\n|\n|t:|1769320393\n|switch|p1b: Raichu|Raichu, L50, M|84/100\n|move|p2a: Miraidon|Electro Drift|p1b: Raichu\n|-activate|p1b: Raichu|ability: Lightning Rod\n|-ability|p1b: Raichu|Lightning Rod|boost\n|-boost|p1b: Raichu|spa|1\n|move|p1a: Zamazenta|Behemoth Bash|p2b: Calyrex\n|-supereffective|p2b: Calyrex\n|-damage|p2b: Calyrex|28/100\n|move|p2b: Calyrex|Body Press|p1b: Raichu\n|-damage|p1b: Raichu|0 fnt\n|faint|p1b: Raichu\n|-ability|p2b: Calyrex|Chilling Neigh|boost\n|-boost|p2b: Calyrex|atk|1\n|\n|-weather|RainDance|[upkeep]\n|upkeep\n|\n|t:|1769320407\n|switch|p1b: Kingambit|Kingambit, L50, M|56/100\n|turn|5\n|inactive|xiaoliyunVGC has 30 seconds left.\n|inactive|Zin_yugami has 30 seconds left.\n|inactive|xiaoliyunVGC has 20 seconds left.\n|\n|t:|1769320444\n|-terastallize|p1b: Kingambit|Fairy\n|move|p1b: Kingambit|Sucker Punch|p2a: Miraidon\n|-supereffective|p2a: Miraidon\n|-damage|p2a: Miraidon|0 fnt\n|faint|p2a: Miraidon\n|move|p1a: Zamazenta|Behemoth Bash|p2b: Calyrex\n|-supereffective|p2b: Calyrex\n|-damage|p2b: Calyrex|1/100\n|move|p2b: Calyrex|Body Press|p1b: Kingambit\n|-resisted|p1b: Kingambit\n|-damage|p1b: Kingambit|36/100\n|\n|-weather|none\n|-fieldend|move: Electric Terrain\n|upkeep\n|-message|Zin_yugami forfeited.\n|\n|win|xiaoliyunVGC\n|raw|xiaoliyunVGC's rating: 1509 &rarr; <strong>1526</strong><br />(+17 for winning)\n|raw|Zin_yugami's rating: 1449 &rarr; <strong>1432</strong><br />(-17 for losing)\n|l|\u2606Zin_yugami\n|player|p2|\n|l| sid kagenow\n","uploadtime":1769320724,"views":23,"formatid":"gen9vgc2026regi","rating":1432,"private":0,"password":null}