{"id":"gen9vgc2026regi-2540003120","format":"[Gen 9] VGC 2026 Reg I","players":["SEITA","501JFW"],"log":"|j|\u2606SEITA\n|j|\u2606501JFW\n|t:|1771142402\n|gametype|doubles\n|player|p1|SEITA|lucas-gen4pt|1441\n|player|p2|501JFW|2|1505\n|gen|9\n|tier|[Gen 9] VGC 2026 Reg I\n|rated|\n|rule|Species Clause: Limit one of each Pok\u00e9mon\n|rule|Item Clause: Limit 1 of each item\n|clearpoke\n|poke|p1|Zamazenta-*, L50|\n|poke|p1|Kyogre, L50|\n|poke|p1|Wo-Chien, L50|\n|poke|p1|Grimmsnarl, L50, M|\n|poke|p1|Rhyperior, L50, M|\n|poke|p1|Ditto, L50|\n|poke|p2|Kyogre, L50|\n|poke|p2|Calyrex-Ice, L50|\n|poke|p2|Amoonguss, L50, F|\n|poke|p2|Flutter Mane, L50|\n|poke|p2|Grimmsnarl, L50, M|\n|poke|p2|Rillaboom, L50, F|\n|teampreview|4\n|inactive|Battle timer is ON: inactive players will automatically lose when time's up. (requested by 501JFW)\n|inactive|501JFW has 60 seconds left.\n|\n|t:|1771142441\n|teamsize|p1|4\n|teamsize|p2|4\n|start\n|switch|p1a: Grimmsnarl|Grimmsnarl, L50, M|100/100\n|switch|p1b: Zamazenta|Zamazenta-Crowned, L50|100/100\n|switch|p2a: Grimmsnarl|Grimmsnarl, L50, M, shiny|100/100\n|switch|p2b: Calyrex|Calyrex-Ice, L50|100/100\n|-ability|p2b: Calyrex|As One\n|-ability|p2b: Calyrex|Unnerve\n|-ability|p1b: Zamazenta|Dauntless Shield|boost\n|-boost|p1b: Zamazenta|def|1\n|turn|1\n|\n|t:|1771142455\n|-terastallize|p2b: Calyrex|Fairy\n|move|p2a: Grimmsnarl|Reflect|p2a: Grimmsnarl\n|-sidestart|p2: 501JFW|Reflect\n|move|p1a: Grimmsnarl|Reflect|p1a: Grimmsnarl\n|-sidestart|p1: SEITA|Reflect\n|move|p1b: Zamazenta|Iron Defense|p1b: Zamazenta\n|-boost|p1b: Zamazenta|def|2\n|move|p2b: Calyrex|Glacial Lance|p1b: Zamazenta|[spread] p1a,p1b\n|-resisted|p1b: Zamazenta\n|-damage|p1a: Grimmsnarl|69/100\n|-damage|p1b: Zamazenta|96/100\n|\n|upkeep\n|turn|2\n|\n|t:|1771142477\n|move|p2a: Grimmsnarl|Thunder Wave|p1b: Zamazenta\n|-status|p1b: Zamazenta|par\n|move|p1b: Zamazenta|Body Press|p2a: Grimmsnarl\n|-damage|p2a: Grimmsnarl|25/100\n|move|p1a: Grimmsnarl|Spirit Break|p2a: Grimmsnarl\n|-supereffective|p2a: Grimmsnarl\n|-damage|p2a: Grimmsnarl|0 fnt\n|faint|p2a: Grimmsnarl\n|move|p2b: Calyrex|Leech Seed|p1b: Zamazenta\n|-start|p1b: Zamazenta|move: Leech Seed\n|\n|-damage|p1b: Zamazenta|84/100 par|[from] Leech Seed|[of] p2b: Calyrex\n|upkeep\n|\n|t:|1771142501\n|switch|p2a: Amoonguss|Amoonguss, L50, F, shiny|100/100\n|turn|3\n|\n|t:|1771142523\n|move|p1a: Grimmsnarl|Parting Shot|p2b: Calyrex\n|-unboost|p2b: Calyrex|atk|1\n|-unboost|p2b: Calyrex|spa|1\n|\n|t:|1771142527\n|switch|p1a: Kyogre|Kyogre, L50|100/100|[from] Parting Shot\n|-weather|RainDance|[from] ability: Drizzle|[of] p1a: Kyogre\n|cant|p1b: Zamazenta|par\n|move|p2b: Calyrex|Glacial Lance|p1b: Zamazenta|[spread] p1a,p1b\n|-resisted|p1a: Kyogre\n|-resisted|p1b: Zamazenta\n|-damage|p1a: Kyogre|90/100\n|-damage|p1b: Zamazenta|81/100 par\n|move|p2a: Amoonguss|Spore|p1a: Kyogre\n|-status|p1a: Kyogre|slp|[from] move: Spore\n|\n|-weather|RainDance|[upkeep]\n|-heal|p1a: Kyogre|96/100 slp|[from] item: Leftovers\n|-damage|p1b: Zamazenta|69/100 par|[from] Leech Seed|[of] p2b: Calyrex\n|upkeep\n|turn|4\n|\n|t:|1771142548\n|switch|p2a: Kyogre|Kyogre, L50, shiny|100/100\n|cant|p1a: Kyogre|slp\n|cant|p1b: Zamazenta|par\n|move|p2b: Calyrex|Leech Seed|p1a: Kyogre\n|-start|p1a: Kyogre|move: Leech Seed\n|\n|-weather|RainDance|[upkeep]\n|-heal|p1a: Kyogre|100/100 slp|[from] item: Leftovers\n|-damage|p1a: Kyogre|88/100 slp|[from] Leech Seed|[of] p2b: Calyrex\n|-damage|p1b: Zamazenta|57/100 par|[from] Leech Seed|[of] p2b: Calyrex\n|upkeep\n|turn|5\n|\n|t:|1771142565\n|cant|p1b: Zamazenta|par\n|move|p2a: Kyogre|Water Spout|p1a: Kyogre|[spread] p1a,p1b\n|-resisted|p1a: Kyogre\n|-damage|p1a: Kyogre|55/100 slp\n|-damage|p1b: Zamazenta|0 fnt\n|faint|p1b: Zamazenta\n|cant|p1a: Kyogre|slp\n|move|p2b: Calyrex|Glacial Lance|p1a: Kyogre\n|-resisted|p1a: Kyogre\n|-damage|p1a: Kyogre|41/100 slp\n|\n|-weather|RainDance|[upkeep]\n|-heal|p1a: Kyogre|46/100 slp|[from] item: Leftovers\n|-damage|p1a: Kyogre|34/100 slp|[from] Leech Seed|[of] p2b: Calyrex\n|upkeep\n|-message|SEITA forfeited.\n|\n|win|501JFW\n|raw|SEITA's rating: 1441 &rarr; <strong>1425</strong><br />(-16 for losing)\n|raw|501JFW's rating: 1505 &rarr; <strong>1521</strong><br />(+16 for winning)\n|l|\u2606501JFW\n|player|p2|\n","uploadtime":1771142837,"views":32,"formatid":"gen9vgc2026regi","rating":1425,"private":0,"password":null}