{"id":"gen9vgc2026regi-2565265169","format":"[Gen 9] VGC 2026 Reg I","players":["Joltcia","SycrasisEU"],"log":"|j|\u2606Joltcia\n|j|\u2606SycrasisEU\n|t:|1774254275\n|gametype|doubles\n|player|p1|Joltcia|170|1154\n|player|p2|SycrasisEU|byron|1115\n|gen|9\n|tier|[Gen 9] VGC 2026 Reg I\n|rated|\n|rule|Species Clause: Limit one of each Pok\u00e9mon\n|rule|Item Clause: Limit 1 of each item\n|clearpoke\n|poke|p1|Urshifu-*, L50, M|\n|poke|p1|Indeedee-F, L50, F|\n|poke|p1|Terapagos, L50, M|\n|poke|p1|Lunala, L50|\n|poke|p1|Ninetales-Alola, L50, M|\n|poke|p1|Yanmega, L50, F|\n|poke|p2|Koraidon, L50|\n|poke|p2|Incineroar, L50, M|\n|poke|p2|Ho-Oh, L50|\n|poke|p2|Walking Wake, L50|\n|poke|p2|Ogerpon-Cornerstone, L50, F|\n|poke|p2|Toxapex, L50, F|\n|teampreview|4\nSycrasisEU has agreed to open team sheets.\nJoltcia has agreed to open team sheets.\n|showteam|p1|Urshifu-Rapid-Strike||MysticWater|UnseenFist|Detect,SurgingStrikes,CloseCombat,Taunt|||M|||50|,,,,,Water]Indeedee-F||RockyHelmet|PsychicSurge|HealPulse,TrickRoom,FollowMe,DazzlingGleam|||F|||50|,,,,,Fairy]Terapagos||Leftovers|TeraShift|TeraStarstorm,Substitute,CalmMind,Protect|||M|||50|,,,,,Stellar]Lunala||PowerHerb|ShadowShield|MeteorBeam,MoongeistBeam,WideGuard,ExpandingForce||||||50|,,,,,Psychic]Ninetales-Alola||ChoiceSpecs|SnowWarning|Blizzard,DazzlingGleam,Moonblast,FreezeDry|||M|||50|,,,,,Ice]Yanmega||FocusSash|SpeedBoost|Hypnosis,Tailwind,Protect,BugBuzz|||F|||50|,,,,,Bug\n|showteam|p2|Koraidon||ChoiceBand|OrichalcumPulse|FlareBlitz,CollisionCourse,Uturn,DragonClaw||||||50|,,,,,Fire]Incineroar||SafetyGoggles|Intimidate|FakeOut,KnockOff,FlareBlitz,PartingShot|||M|||50|,,,,,Grass]Ho-Oh||CovertCloak|Regenerator|Tailwind,Protect,SacredFire,BraveBird||||||50|,,,,,Ground]Walking Wake||LifeOrb|Protosynthesis|HydroSteam,Flamethrower,DragonPulse,Protect||||||50|,,,,,Fire]Ogerpon-Cornerstone||CornerstoneMask|Sturdy|IvyCudgel,HornLeech,FollowMe,SpikyShield|||F|||50|,,,,,Rock]Toxapex||Leftovers|Regenerator|IcyWind,BanefulBunker,WideGuard,Infestation|||F|||50|,,,,,Grass\n|inactive|Battle timer is ON: inactive players will automatically lose when time's up. (requested by SycrasisEU)\n|\n|t:|1774254362\n|teamsize|p1|4\n|teamsize|p2|4\n|start\n|switch|p1a: Lunala|Lunala, L50|100/100\n|switch|p1b: Yanmega|Yanmega, L50, F|100/100\n|switch|p2a: Incineroar|Incineroar, L50, M, shiny|100/100\n|switch|p2b: Toxapex|Toxapex, L50, F|100/100\n|-ability|p2a: Incineroar|Intimidate|boost\n|-unboost|p1a: Lunala|atk|1\n|-unboost|p1b: Yanmega|atk|1\n|turn|1\n|\n|t:|1774254384\n|move|p1b: Yanmega|Protect|p1b: Yanmega\n|-singleturn|p1b: Yanmega|Protect\n|move|p1a: Lunala|Expanding Force|p2b: Toxapex\n|-supereffective|p2b: Toxapex\n|-damage|p2b: Toxapex|38/100\n|move|p2a: Incineroar|Knock Off|p1a: Lunala\n|-supereffective|p1a: Lunala\n|-damage|p1a: Lunala|38/100\n|-enditem|p1a: Lunala|Power Herb|[from] move: Knock Off|[of] p2a: Incineroar\n|move|p2b: Toxapex|Icy Wind|p1b: Yanmega|[spread] p1a\n|-activate|p1b: Yanmega|move: Protect\n|-damage|p1a: Lunala|35/100\n|-unboost|p1a: Lunala|spe|1\n|\n|-heal|p2b: Toxapex|44/100|[from] item: Leftovers\n|-ability|p1b: Yanmega|Speed Boost|boost\n|-boost|p1b: Yanmega|spe|1\n|upkeep\n|turn|2\n|inactive|SycrasisEU has 30 seconds left.\n|inactive|SycrasisEU has 20 seconds left.\n|\n|t:|1774254423\n|-terastallize|p2b: Toxapex|Grass\n|move|p1b: Yanmega|Tailwind|p1b: Yanmega\n|-sidestart|p1: Joltcia|move: Tailwind\n|move|p1a: Lunala|Expanding Force|p2b: Toxapex\n|-damage|p2b: Toxapex|13/100\n|move|p2a: Incineroar|Flare Blitz|p1b: Yanmega\n|-supereffective|p1b: Yanmega\n|-enditem|p1b: Yanmega|Focus Sash\n|-damage|p1b: Yanmega|1/100\n|-damage|p2a: Incineroar|74/100|[from] Recoil\n|move|p2b: Toxapex|Icy Wind|p1a: Lunala|[spread] p1a,p1b\n|-supereffective|p1b: Yanmega\n|-damage|p1a: Lunala|30/100\n|-damage|p1b: Yanmega|0 fnt\n|-unboost|p1a: Lunala|spe|1\n|faint|p1b: Yanmega\n|\n|-heal|p2b: Toxapex|19/100|[from] item: Leftovers\n|upkeep\n|\n|t:|1774254430\n|switch|p1b: Ninetales|Ninetales-Alola, L50, M|100/100\n|-weather|Snowscape|[from] ability: Snow Warning|[of] p1b: Ninetales\n|turn|3\n|\n|t:|1774254449\n|switch|p1b: Terapagos|Terapagos, L50, M|100/100\n|-activate|p1b: Terapagos|ability: Tera Shift\n|detailschange|p1b: Terapagos|Terapagos-Terastal, L50, M\n|-heal|p1b: Terapagos|100/100|[silent]\n|switch|p2b: Koraidon|Koraidon, L50, shiny|100/100\n|-weather|SunnyDay|[from] ability: Orichalcum Pulse|[of] p2b: Koraidon\n|-activate|p2b: Koraidon|Orichalcum Pulse|[source]\n|move|p1a: Lunala|Moongeist Beam|p2b: Koraidon\n|-damage|p2b: Koraidon|42/100\n|move|p2a: Incineroar|Flare Blitz|p1b: Terapagos\n|-activate|p1b: Terapagos|ability: Tera Shell\n|-resisted|p1b: Terapagos\n|-damage|p1b: Terapagos|68/100\n|-damage|p2a: Incineroar|63/100|[from] Recoil\n|\n|-weather|SunnyDay|[upkeep]\n|-heal|p1b: Terapagos|74/100|[from] item: Leftovers\n|upkeep\n|turn|4\n|inactive|Joltcia has 30 seconds left.\n|inactive|SycrasisEU has 30 seconds left.\n|inactive|SycrasisEU has 20 seconds left.\n|\n|t:|1774254484\n|move|p1b: Terapagos|Protect|p1b: Terapagos\n|-singleturn|p1b: Terapagos|Protect\n|move|p2b: Koraidon|U-turn|p1a: Lunala\n|-damage|p1a: Lunala|0 fnt\n|faint|p1a: Lunala\n|\n|t:|1774254490\n|switch|p2b: Toxapex|Toxapex, L50, F, tera:Grass|52/100|[from] U-turn\n|move|p2a: Incineroar|Knock Off|p1b: Terapagos\n|-activate|p1b: Terapagos|move: Protect\n|\n|-weather|SunnyDay|[upkeep]\n|-heal|p1b: Terapagos|80/100|[from] item: Leftovers\n|-heal|p2b: Toxapex|58/100|[from] item: Leftovers\n|upkeep\n|\n|t:|1774254493\n|switch|p1a: Ninetales|Ninetales-Alola, L50, M|100/100\n|-weather|Snowscape|[from] ability: Snow Warning|[of] p1a: Ninetales\n|turn|5\n|inactive|SycrasisEU has 30 seconds left.\n|\n|t:|1774254525\n|move|p2b: Toxapex|Wide Guard|p2b: Toxapex\n|-singleturn|p2b: Toxapex|Wide Guard\n|move|p1a: Ninetales|Moonblast|p2b: Toxapex\n|-damage|p2b: Toxapex|23/100\n|-unboost|p2b: Toxapex|spa|1\n|move|p1b: Terapagos|Substitute|p1b: Terapagos\n|-start|p1b: Terapagos|Substitute\n|-damage|p1b: Terapagos|55/100\n|move|p2a: Incineroar|Knock Off|p1b: Terapagos\n|-end|p1b: Terapagos|Substitute\n|\n|-weather|Snowscape|[upkeep]\n|-heal|p1b: Terapagos|61/100|[from] item: Leftovers\n|-heal|p2b: Toxapex|29/100|[from] item: Leftovers\n|-sideend|p1: Joltcia|move: Tailwind\n|upkeep\n|turn|6\n|\n|t:|1774254547\n|move|p1b: Terapagos|Protect|p1b: Terapagos\n|-singleturn|p1b: Terapagos|Protect\n|move|p2b: Toxapex|Baneful Bunker||[still]\n|-fail|p2b: Toxapex\n|move|p1a: Ninetales|Moonblast|p2b: Toxapex\n|-damage|p2b: Toxapex|0 fnt\n|faint|p2b: Toxapex\n|move|p2a: Incineroar|Parting Shot|p1a: Ninetales\n|-unboost|p1a: Ninetales|atk|1\n|-unboost|p1a: Ninetales|spa|1\n|\n|t:|1774254558\n|switch|p2a: Koraidon|Koraidon, L50, shiny|42/100|[from] Parting Shot\n|-weather|SunnyDay|[from] ability: Orichalcum Pulse|[of] p2a: Koraidon\n|-activate|p2a: Koraidon|Orichalcum Pulse|[source]\n|\n|-weather|SunnyDay|[upkeep]\n|-heal|p1b: Terapagos|67/100|[from] item: Leftovers\n|upkeep\n|\n|t:|1774254564\n|switch|p2b: Incineroar|Incineroar, L50, M, shiny|63/100\n|-ability|p2b: Incineroar|Intimidate|boost\n|-unboost|p1a: Ninetales|atk|1\n|-unboost|p1b: Terapagos|atk|1\n|turn|7\n|\n|t:|1774254570\n|-terastallize|p1b: Terapagos|Stellar\n|detailschange|p1b: Terapagos|Terapagos-Stellar, L50, M, tera:Stellar\n|-heal|p1b: Terapagos|75/100|[silent]\n|-ability|p1b: Terapagos|Teraform Zero\n|-weather|none\n|move|p2b: Incineroar|Fake Out|p1a: Ninetales\n|-damage|p1a: Ninetales|82/100\n|move|p2a: Koraidon|Collision Course|p1b: Terapagos\n|-supereffective|p1b: Terapagos\n|-damage|p1b: Terapagos|0 fnt\n|faint|p1b: Terapagos\n|detailschange|p1: Terapagos|Terapagos, L50, M|[silent]\n|cant|p1a: Ninetales|flinch\n|\n|upkeep\n|turn|8\n|\n|t:|1774254588\n|move|p2a: Koraidon|Collision Course|p1a: Ninetales\n|-damage|p1a: Ninetales|0 fnt\n|faint|p1a: Ninetales\n|\n|win|SycrasisEU\n|raw|Joltcia's rating: 1154 &rarr; <strong>1126</strong><br />(-28 for losing)\n|raw|SycrasisEU's rating: 1115 &rarr; <strong>1143</strong><br />(+28 for winning)\n|l|\u2606SycrasisEU\n|player|p2|\n|l|\u2606Joltcia\n|player|p1|\n","uploadtime":1774254863,"views":12,"formatid":"gen9vgc2026regi","rating":1126,"private":0,"password":null}