{"id":"gen9vgc2026regi-2574399936","format":"[Gen 9] VGC 2026 Reg I","players":["dialgasucksnow","21Kieran"],"log":"|j|\u2606dialgasucksnow\n|j|\u260621Kieran\n|t:|1775236990\n|gametype|doubles\n|player|p1|dialgasucksnow|yancy|\n|player|p2|21Kieran|taunie|\n|gen|9\n|tier|[Gen 9] VGC 2026 Reg I\n|rated|Tournament battle\n|rule|Species Clause: Limit one of each Pok\u00e9mon\n|rule|Item Clause: Limit 1 of each item\n|raw|<div class=\"infobox\"><details class=\"readmore\" open><summary><strong>3 custom rules:</strong></summary> Open Team Sheets, Force Open Team Sheets, !Open Team Sheets</details></div>\n|clearpoke\n|poke|p1|Zamazenta-*, L50|\n|poke|p1|Calyrex-Shadow, L50|\n|poke|p1|Clefairy, L50, F|\n|poke|p1|Incineroar, L50, M|\n|poke|p1|Rillaboom, L50, M|\n|poke|p1|Grimmsnarl, L50, M|\n|poke|p2|Incineroar, L50, M|\n|poke|p2|Grimmsnarl, L50, M|\n|poke|p2|Calyrex-Shadow, L50|\n|poke|p2|Clefairy, L50, M|\n|poke|p2|Zamazenta-*, L50|\n|poke|p2|Rillaboom, L50, M|\n|teampreview|4\n|showteam|p1|Zamazenta-Crowned||RustedShield|DauntlessShield|BodyPress,HeavySlam,WideGuard,Protect||||||50|,,,,,Water]Calyrex-Shadow||LifeOrb|AsOneSpectrier|AstralBarrage,DrainingKiss,NastyPlot,Protect||||||50|,,,,,Fairy]Clefairy||Eviolite|FriendGuard|LifeDew,FollowMe,HelpingHand,Protect|||F|||50|,,,,,Grass]Incineroar||SafetyGoggles|Intimidate|KnockOff,FakeOut,Taunt,PartingShot|||M|||50|,,,,,Water]Rillaboom||AssaultVest|GrassySurge|WoodHammer,GrassyGlide,Uturn,FakeOut|||M|||50|,,,,,Fire]Grimmsnarl||LightClay|Prankster|SpiritBreak,ThunderWave,Reflect,LightScreen|||M|||50|,,,,,Ghost\n|showteam|p2|Incineroar||SafetyGoggles|Intimidate|KnockOff,FakeOut,Taunt,PartingShot|||M|||50|,,,,,Water]Grimmsnarl||LightClay|Prankster|SpiritBreak,ThunderWave,Reflect,LightScreen|||M|||50|,,,,,Ghost]Calyrex-Shadow||LifeOrb|AsOneSpectrier|AstralBarrage,DrainingKiss,NastyPlot,Protect||||||50|,,,,,Fairy]Clefairy||Eviolite|FriendGuard|LifeDew,FollowMe,HelpingHand,AfterYou|||M|||50|,,,,,Grass]Zamazenta-Crowned||RustedShield|DauntlessShield|BodyPress,behemothbash,WideGuard,Protect||||||50|,,,,,Water]Rillaboom||AssaultVest|GrassySurge|WoodHammer,GrassyGlide,Uturn,FakeOut|||M|||50|,,,,,Fire\n|inactive|Battle timer is ON: inactive players will automatically lose when time's up. (requested by 21Kieran)\n|c|\u2606dialgasucksnow|hmmm\n|c|\u2606dialgasucksnow|nice team\n|c|\u260621Kieran|nice team\n|c|\u260621Kieran|lmao\n|c|\u2606dialgasucksnow|lol\n|inactive|dialgasucksnow has 60 seconds left.\n|inactive|dialgasucksnow has 30 seconds left.\n|\n|t:|1775237052\n|teamsize|p1|4\n|teamsize|p2|4\n|start\n|switch|p1a: Calyrex|Calyrex-Shadow, L50|100/100\n|switch|p1b: Zamazenta|Zamazenta-Crowned, L50|100/100\n|switch|p2a: Calyrex|Calyrex-Shadow, L50|100/100\n|switch|p2b: Grimmsnarl|Grimmsnarl, L50, M|100/100\n|-ability|p1a: Calyrex|As One\n|-ability|p1a: Calyrex|Unnerve\n|-ability|p2a: Calyrex|As One\n|-ability|p2a: Calyrex|Unnerve\n|-ability|p1b: Zamazenta|Dauntless Shield|boost\n|-boost|p1b: Zamazenta|def|1\n|turn|1\n|\n|t:|1775237075\n|switch|p1a: Incineroar|Incineroar, L50, M|100/100\n|-ability|p1a: Incineroar|Intimidate|boost\n|-unboost|p2a: Calyrex|atk|1\n|-unboost|p2b: Grimmsnarl|atk|1\n|-terastallize|p2a: Calyrex|Fairy\n|move|p2b: Grimmsnarl|Reflect|p2b: Grimmsnarl\n|-sidestart|p2: 21Kieran|Reflect\n|move|p2a: Calyrex|Astral Barrage|p1a: Incineroar|[spread] p1a,p1b\n|-resisted|p1a: Incineroar\n|-damage|p1a: Incineroar|69/100\n|-damage|p1b: Zamazenta|45/100\n|-damage|p2a: Calyrex|91/100|[from] item: Life Orb\n|move|p1b: Zamazenta|Heavy Slam|p2b: Grimmsnarl\n|-supereffective|p2b: Grimmsnarl\n|-damage|p2b: Grimmsnarl|37/100\n|\n|upkeep\n|turn|2\n|j|@Therazer456\n|j|@Radio Free C-Side\n|inactive|dialgasucksnow has 30 seconds left.\n|inactive|dialgasucksnow has 20 seconds left.\n|\n|t:|1775237118\n|switch|p2b: Incineroar|Incineroar, L50, M|100/100\n|-ability|p2b: Incineroar|Intimidate|boost\n|-unboost|p1a: Incineroar|atk|1\n|-unboost|p1b: Zamazenta|atk|1\n|move|p1a: Incineroar|Fake Out|p2a: Calyrex\n|-damage|p2a: Calyrex|86/100\n|cant|p2a: Calyrex|flinch\n|move|p1b: Zamazenta|Body Press|p2b: Incineroar\n|-supereffective|p2b: Incineroar\n|-damage|p2b: Incineroar|33/100\n|\n|upkeep\n|turn|3\n|inactive|21Kieran has 30 seconds left.\n|\n|t:|1775237149\n|switch|p1a: Grimmsnarl|Grimmsnarl, L50, M|100/100\n|move|p1b: Zamazenta|Protect|p1b: Zamazenta\n|-singleturn|p1b: Zamazenta|Protect\n|move|p2b: Incineroar|Fake Out|p1b: Zamazenta\n|-activate|p1b: Zamazenta|move: Protect\n|move|p2a: Calyrex|Nasty Plot|p2a: Calyrex\n|-boost|p2a: Calyrex|spa|2\n|\n|upkeep\n|turn|4\n|\n|t:|1775237173\n|switch|p2b: Clefairy|Clefairy, L50, M, shiny|100/100\n|move|p1a: Grimmsnarl|Thunder Wave|p2a: Calyrex\n|-status|p2a: Calyrex|par\n|move|p1b: Zamazenta|Heavy Slam|p2a: Calyrex\n|-supereffective|p2a: Calyrex\n|-damage|p2a: Calyrex|56/100 par\n|cant|p2a: Calyrex|par\n|\n|upkeep\n|turn|5\n|c|\u2606dialgasucksnow|i love grimmsnarl\n|\n|t:|1775237197\n|move|p1a: Grimmsnarl|Light Screen|p1a: Grimmsnarl\n|-sidestart|p1: dialgasucksnow|move: Light Screen\n|move|p1b: Zamazenta|Heavy Slam|p2a: Calyrex\n|-supereffective|p2a: Calyrex\n|-damage|p2a: Calyrex|20/100 par\n|move|p2a: Calyrex|Draining Kiss|p1a: Grimmsnarl\n|-supereffective|p1a: Grimmsnarl\n|-damage|p1a: Grimmsnarl|0 fnt\n|-heal|p2a: Calyrex|100/100 par|[from] drain|[of] p1a: Grimmsnarl\n|faint|p1a: Grimmsnarl\n|-ability|p2a: Calyrex|Grim Neigh|boost\n|-boost|p2a: Calyrex|spa|1\n|-damage|p2a: Calyrex|91/100 par|[from] item: Life Orb\n|move|p2b: Clefairy|Life Dew||[still]|[spread] p2a,p2b\n|-heal|p2a: Calyrex|100/100 par\n|-fail|p2b: Clefairy|heal\n|\n|upkeep\n|c|\u260621Kieran|:(\n|j| liamvgc1\n|l| liamvgc1\n|\n|t:|1775237214\n|switch|p1a: Calyrex|Calyrex-Shadow, L50|100/100\n|-ability|p1a: Calyrex|As One\n|-ability|p1a: Calyrex|Unnerve\n|turn|6\n|c|\u260621Kieran|i was debating the parting into clefairy\n|\n|t:|1775237231\n|move|p2b: Clefairy|Follow Me|p2b: Clefairy\n|-singleturn|p2b: Clefairy|move: Follow Me\n|move|p1a: Calyrex|Nasty Plot|p1a: Calyrex\n|-boost|p1a: Calyrex|spa|2\n|move|p1b: Zamazenta|Heavy Slam|p2b: Clefairy\n|-supereffective|p2b: Clefairy\n|-damage|p2b: Clefairy|68/100\n|move|p2a: Calyrex|Astral Barrage|p1a: Calyrex|[spread] p1a,p1b\n|-supereffective|p1a: Calyrex\n|-damage|p1a: Calyrex|0 fnt\n|-damage|p1b: Zamazenta|0 fnt\n|faint|p1a: Calyrex\n|faint|p1b: Zamazenta\n|-ability|p2a: Calyrex|Grim Neigh|boost\n|-boost|p2a: Calyrex|spa|2\n|-damage|p2a: Calyrex|91/100 par|[from] item: Life Orb\n|\n|upkeep\n|\n|t:|1775237233\n|switch|p1b: Incineroar|Incineroar, L50, M|69/100\n|-ability|p1b: Incineroar|Intimidate|boost\n|-unboost|p2a: Calyrex|atk|1\n|-unboost|p2b: Clefairy|atk|1\n|turn|7\n|c|\u2606dialgasucksnow|greed\n|-message|dialgasucksnow forfeited.\n|\n|win|21Kieran\n|n|\u2606dialgasucksnow|dialgasucksnow\n|n|\u260621Kieran|21kieran\n|n| Therazer456|therazer456\n|n|+Radio Free C-Side|radiofreecside\n|l|+Radio Free C-Side\n|c|\u260621Kieran|astral barrage :>\n|c|\u2606dialgasucksnow|wide guard astral is just winning you should always draining kiss\n|c|\u260621Kieran|well i called you being greedy\n|c|\u260621Kieran|it's a 60/40\n","uploadtime":1775237295,"views":11,"formatid":"gen9vgc2026regi","rating":null,"private":0,"password":null}