{"id":"gen9vgc2026regi-2561313941","format":"[Gen 9] VGC 2026 Reg I","players":["siebeF","testhan92"],"log":"|j|\u2606siebeF\n|j|\u2606testhan92\n|t:|1773783159\n|gametype|doubles\n|player|p1|siebeF|pryce|1310\n|player|p2|testhan92|265|1376\n|gen|9\n|tier|[Gen 9] VGC 2026 Reg I\n|rated|\n|rule|Species Clause: Limit one of each Pok\u00e9mon\n|rule|Item Clause: Limit 1 of each item\n|clearpoke\n|poke|p1|Miraidon, L50|\n|poke|p1|Calyrex-Ice, L50|\n|poke|p1|Amoonguss, L50, M|\n|poke|p1|Incineroar, L50, M|\n|poke|p1|Urshifu-*, L50, M|\n|poke|p1|Landorus, L50, M|\n|poke|p2|Calyrex-Shadow, L50|\n|poke|p2|Koraidon, L50|\n|poke|p2|Clefairy, L50, F|\n|poke|p2|Flutter Mane, L50|\n|poke|p2|Rillaboom, L50, M|\n|poke|p2|Incineroar, L50, F|\n|teampreview|4\n|\n|t:|1773783277\n|teamsize|p1|4\n|teamsize|p2|4\n|start\n|switch|p1a: Calyrex|Calyrex-Ice, L50|100/100\n|switch|p1b: Incineroar|Incineroar, L50, M|100/100\n|switch|p2a: Calyrex|Calyrex-Shadow, L50|100/100\n|switch|p2b: Incineroar|Incineroar, L50, F|100/100\n|-ability|p2a: Calyrex|As One\n|-ability|p2a: Calyrex|Unnerve\n|-ability|p1a: Calyrex|As One\n|-ability|p1a: Calyrex|Unnerve\n|-ability|p1b: Incineroar|Intimidate|boost\n|-unboost|p2a: Calyrex|atk|1\n|-unboost|p2b: Incineroar|atk|1\n|-ability|p2b: Incineroar|Intimidate|boost\n|-fail|p1a: Calyrex|unboost|[from] item: Clear Amulet|[of] p1a: Calyrex\n|-unboost|p1b: Incineroar|atk|1\n|turn|1\n|\n|t:|1773783300\n|-terastallize|p1a: Calyrex|Fire\n|move|p2a: Calyrex|Protect|p2a: Calyrex\n|-singleturn|p2a: Calyrex|Protect\n|move|p1b: Incineroar|Fake Out|p2b: Incineroar\n|-damage|p2b: Incineroar|95/100\n|-damage|p1b: Incineroar|84/100|[from] item: Rocky Helmet|[of] p2b: Incineroar\n|cant|p2b: Incineroar|flinch\n|move|p1a: Calyrex|Trick Room|p1a: Calyrex\n|-fieldstart|move: Trick Room|[of] p1a: Calyrex\n|\n|upkeep\n|turn|2\n|\n|t:|1773783330\n|switch|p2a: Clefairy|Clefairy, L50, F|100/100\n|move|p2b: Incineroar|Knock Off|p1a: Calyrex\n|-damage|p1a: Calyrex|83/100\n|-enditem|p1a: Calyrex|Clear Amulet|[from] move: Knock Off|[of] p2b: Incineroar\n|move|p1a: Calyrex|Glacial Lance|p2b: Incineroar|[spread] p2a,p2b\n|-resisted|p2b: Incineroar\n|-damage|p2a: Clefairy|52/100\n|-damage|p2b: Incineroar|80/100\n|move|p1b: Incineroar|Knock Off|p2a: Clefairy\n|-resisted|p2a: Clefairy\n|-damage|p2a: Clefairy|40/100\n|-enditem|p2a: Clefairy|Eviolite|[from] move: Knock Off|[of] p1b: Incineroar\n|\n|upkeep\n|turn|3\n|j| Arkhept\n|l| Arkhept\n|\n|t:|1773783354\n|move|p2a: Clefairy|Protect|p2a: Clefairy\n|-singleturn|p2a: Clefairy|Protect\n|move|p2b: Incineroar|Knock Off|p1b: Incineroar\n|-resisted|p1b: Incineroar\n|-damage|p1b: Incineroar|72/100\n|-enditem|p1b: Incineroar|Assault Vest|[from] move: Knock Off|[of] p2b: Incineroar\n|move|p1a: Calyrex|Glacial Lance|p2a: Clefairy|[spread] p2b\n|-activate|p2a: Clefairy|move: Protect\n|-resisted|p2b: Incineroar\n|-damage|p2b: Incineroar|65/100\n|move|p1b: Incineroar|Knock Off|p2b: Incineroar\n|-resisted|p2b: Incineroar\n|-damage|p2b: Incineroar|57/100\n|-damage|p1b: Incineroar|55/100|[from] item: Rocky Helmet|[of] p2b: Incineroar\n|-enditem|p2b: Incineroar|Rocky Helmet|[from] move: Knock Off|[of] p1b: Incineroar\n|\n|upkeep\n|turn|4\n|\n|t:|1773783374\n|switch|p1b: Landorus|Landorus, L50, M|100/100\n|move|p2a: Clefairy|Follow Me|p2a: Clefairy\n|-singleturn|p2a: Clefairy|move: Follow Me\n|move|p2b: Incineroar|Parting Shot|p1a: Calyrex\n|-unboost|p1a: Calyrex|atk|1\n|-unboost|p1a: Calyrex|spa|1\n|\n|t:|1773783382\n|switch|p2b: Calyrex|Calyrex-Shadow, L50|100/100|[from] Parting Shot\n|-ability|p2b: Calyrex|As One\n|-ability|p2b: Calyrex|Unnerve\n|move|p1a: Calyrex|Glacial Lance|p2a: Clefairy|[spread] p2a,p2b\n|-damage|p2a: Clefairy|0 fnt\n|-damage|p2b: Calyrex|72/100\n|faint|p2a: Clefairy\n|-ability|p1a: Calyrex|Chilling Neigh|boost\n|-boost|p1a: Calyrex|atk|1\n|\n|upkeep\n|\n|t:|1773783388\n|switch|p2a: Incineroar|Incineroar, L50, F|57/100\n|-ability|p2a: Incineroar|Intimidate|boost\n|-unboost|p1a: Calyrex|atk|1\n|-unboost|p1b: Landorus|atk|1\n|turn|5\n|\n|t:|1773783399\n|move|p2a: Incineroar|Fake Out|p1b: Landorus\n|-damage|p1b: Landorus|91/100\n|move|p1a: Calyrex|Glacial Lance|p2b: Calyrex|[spread] p2a,p2b\n|-resisted|p2a: Incineroar\n|-damage|p2a: Incineroar|46/100\n|-damage|p2b: Calyrex|30/100\n|cant|p1b: Landorus|flinch\n|move|p2b: Calyrex|Nasty Plot|p2b: Calyrex\n|-boost|p2b: Calyrex|spa|2\n|\n|-fieldend|move: Trick Room\n|upkeep\n|turn|6\n|\n|t:|1773783425\n|move|p2b: Calyrex|Astral Barrage|p1a: Calyrex|[spread] p1a,p1b\n|-damage|p1a: Calyrex|3/100\n|-damage|p1b: Landorus|0 fnt\n|faint|p1b: Landorus\n|-ability|p2b: Calyrex|Grim Neigh|boost\n|-boost|p2b: Calyrex|spa|1\n|-damage|p2b: Calyrex|21/100|[from] item: Life Orb\n|move|p2a: Incineroar|Parting Shot|p1a: Calyrex\n|-unboost|p1a: Calyrex|atk|1\n|-unboost|p1a: Calyrex|spa|1\n|\n|t:|1773783431\n|switch|p2a: Rillaboom|Rillaboom, L50, M|100/100|[from] Parting Shot\n|-fieldstart|move: Grassy Terrain|[from] ability: Grassy Surge|[of] p2a: Rillaboom\n|move|p1a: Calyrex|Trick Room|p1a: Calyrex\n|-fieldstart|move: Trick Room|[of] p1a: Calyrex\n|\n|-heal|p1a: Calyrex|9/100|[from] Grassy Terrain\n|-heal|p2b: Calyrex|26/100|[from] Grassy Terrain\n|upkeep\n|\n|t:|1773783452\n|switch|p1b: Incineroar|Incineroar, L50, M|55/100\n|-ability|p1b: Incineroar|Intimidate|boost\n|-unboost|p2a: Rillaboom|atk|1\n|-unboost|p2b: Calyrex|atk|1\n|turn|7\n|j| Arkhept\n|l| Arkhept\n|\n|t:|1773783478\n|move|p2b: Calyrex|Protect|p2b: Calyrex\n|-singleturn|p2b: Calyrex|Protect\n|move|p1b: Incineroar|Fake Out|p2a: Rillaboom\n|-damage|p2a: Rillaboom|87/100\n|cant|p2a: Rillaboom|flinch\n|move|p1a: Calyrex|Glacial Lance|p2b: Calyrex|[spread] p2a\n|-activate|p2b: Calyrex|move: Protect\n|-supereffective|p2a: Rillaboom\n|-damage|p2a: Rillaboom|38/100\n|\n|-heal|p1a: Calyrex|15/100|[from] Grassy Terrain\n|-heal|p1b: Incineroar|61/100|[from] Grassy Terrain\n|-heal|p2a: Rillaboom|44/100|[from] Grassy Terrain\n|-heal|p2b: Calyrex|32/100|[from] Grassy Terrain\n|upkeep\n|turn|8\n|\n|t:|1773783506\n|switch|p1a: Amoonguss|Amoonguss, L50, M|100/100\n|switch|p2b: Incineroar|Incineroar, L50, F|46/100\n|-ability|p2b: Incineroar|Intimidate|boost\n|-unboost|p1a: Amoonguss|atk|1\n|-unboost|p1b: Incineroar|atk|1\n|-terastallize|p2a: Rillaboom|Water\n|move|p1b: Incineroar|Knock Off|p2b: Incineroar\n|-resisted|p2b: Incineroar\n|-damage|p2b: Incineroar|39/100\n|move|p2a: Rillaboom|Wood Hammer|p1a: Amoonguss\n|-resisted|p1a: Amoonguss\n|-damage|p1a: Amoonguss|91/100\n|-damage|p2a: Rillaboom|28/100|[from] item: Rocky Helmet|[of] p1a: Amoonguss\n|-damage|p2a: Rillaboom|24/100|[from] Recoil\n|\n|-heal|p1a: Amoonguss|97/100|[from] Grassy Terrain\n|-heal|p2b: Incineroar|45/100|[from] Grassy Terrain\n|-heal|p1b: Incineroar|67/100|[from] Grassy Terrain\n|-heal|p2a: Rillaboom|30/100|[from] Grassy Terrain\n|upkeep\n|turn|9\n|\n|t:|1773783531\n|move|p2b: Incineroar|Fake Out|p1a: Amoonguss\n|-damage|p1a: Amoonguss|89/100\n|-damage|p2b: Incineroar|28/100|[from] item: Rocky Helmet|[of] p1a: Amoonguss\n|cant|p1a: Amoonguss|flinch\n|move|p1b: Incineroar|Knock Off|p2a: Rillaboom\n|-damage|p2a: Rillaboom|0 fnt\n|-enditem|p2a: Rillaboom|Assault Vest|[from] move: Knock Off|[of] p1b: Incineroar\n|faint|p2a: Rillaboom\n|\n|-heal|p1a: Amoonguss|95/100|[from] Grassy Terrain\n|-heal|p2b: Incineroar|34/100|[from] Grassy Terrain\n|-heal|p1b: Incineroar|73/100|[from] Grassy Terrain\n|upkeep\n|\n|t:|1773783539\n|switch|p2a: Calyrex|Calyrex-Shadow, L50|32/100\n|-ability|p2a: Calyrex|As One\n|-ability|p2a: Calyrex|Unnerve\n|turn|10\n|\n|t:|1773783559\n|move|p2a: Calyrex|Protect|p2a: Calyrex\n|-singleturn|p2a: Calyrex|Protect\n|move|p1a: Amoonguss|Spore|p2b: Incineroar\n|-status|p2b: Incineroar|slp|[from] move: Spore\n|cant|p2b: Incineroar|slp\n|move|p1b: Incineroar|Knock Off|p2a: Calyrex\n|-activate|p2a: Calyrex|move: Protect\n|\n|-heal|p1a: Amoonguss|100/100|[from] Grassy Terrain\n|-heal|p2b: Incineroar|40/100 slp|[from] Grassy Terrain\n|-heal|p1b: Incineroar|79/100|[from] Grassy Terrain\n|-heal|p2a: Calyrex|38/100|[from] Grassy Terrain\n|-fieldend|move: Trick Room\n|-fieldend|move: Grassy Terrain\n|upkeep\n|turn|11\n|-message|testhan92 forfeited.\n|\n|win|siebeF\n|raw|siebeF's rating: 1310 &rarr; <strong>1334</strong><br />(+24 for winning)\n|raw|testhan92's rating: 1376 &rarr; <strong>1352</strong><br />(-24 for losing)\n","uploadtime":1773783584,"views":10,"formatid":"gen9vgc2026regi","rating":1334,"private":0,"password":null}