{"id":"gen9vgc2026regi-2542346953","format":"[Gen 9] VGC 2026 Reg I","players":["EllenJoe2026","Who Decided This"],"log":"|j|\u203dEllenJoe2026\n|j|\u2606Who Decided This\n|t:|1771440216\n|gametype|doubles\n|player|p1|EllenJoe2026|iono|1491\n|player|p2|Who Decided This|pokekid|1446\n|gen|9\n|tier|[Gen 9] VGC 2026 Reg I\n|rated|\n|rule|Species Clause: Limit one of each Pok\u00e9mon\n|rule|Item Clause: Limit 1 of each item\n|clearpoke\n|poke|p1|Calyrex-Ice, L50|\n|poke|p1|Miraidon, L50|\n|poke|p1|Tornadus, L50, M|\n|poke|p1|Urshifu-*, L50, F|\n|poke|p1|Grimmsnarl, L50, M|\n|poke|p1|Indeedee-F, L50, F|\n|poke|p2|Kyogre, L50|\n|poke|p2|Tornadus, L50, M|\n|poke|p2|Urshifu-*, L50, F|\n|poke|p2|Indeedee-F, L50, F|\n|poke|p2|Landorus, L50, M|\n|poke|p2|Calyrex-Ice, L50|\n|teampreview|4\n|inactive|Battle timer is ON: inactive players will automatically lose when time's up. (requested by EllenJoe2026)\n|inactive|EllenJoe2026 has 60 seconds left.\n|\n|t:|1771440260\n|teamsize|p1|4\n|teamsize|p2|4\n|start\n|switch|p1a: Calyrex|Calyrex-Ice, L50|100/100\n|switch|p1b: Tornadus|Tornadus, L50, M, shiny|100/100\n|switch|p2a: That darn horse|Calyrex-Ice, L50|100/100\n|switch|p2b: World Card|Indeedee-F, L50, F|100/100\n|-ability|p1a: Calyrex|As One\n|-ability|p1a: Calyrex|Unnerve\n|-ability|p2a: That darn horse|As One\n|-ability|p2a: That darn horse|Unnerve\n|-fieldstart|move: Psychic Terrain|[from] ability: Psychic Surge|[of] p2b: World Card\n|turn|1\n|\n|t:|1771440277\n|-terastallize|p1a: Calyrex|Grass\n|move|p1b: Tornadus|Tailwind|p1b: Tornadus\n|-sidestart|p1: EllenJoe2026|move: Tailwind\n|move|p1a: Calyrex|Imprison|p1a: Calyrex\n|-start|p1a: Calyrex|move: Imprison\n|move|p2b: World Card|Dazzling Gleam|p1a: Calyrex|[spread] p1a,p1b\n|-damage|p1a: Calyrex|92/100\n|-damage|p1b: Tornadus|82/100\n|cant|p2a: That darn horse|move: Imprison|Glacial Lance\n|\n|upkeep\n|turn|2\n|\n|t:|1771440298\n|switch|p1b: Miraidon|Miraidon, L50, shiny|100/100\n|-fieldstart|move: Electric Terrain|[from] ability: Hadron Engine|[of] p1b: Miraidon\n|move|p1a: Calyrex|Glacial Lance|p2b: World Card|[spread] p2a,p2b\n|-resisted|p2a: That darn horse\n|-damage|p2a: That darn horse|83/100\n|-damage|p2b: World Card|43/100\n|move|p2b: World Card|Dazzling Gleam|p1b: Miraidon|[spread] p1a,p1b\n|-supereffective|p1b: Miraidon\n|-damage|p1a: Calyrex|83/100\n|-damage|p1b: Miraidon|79/100\n|move|p2a: That darn horse|High Horsepower|p1a: Calyrex\n|-resisted|p1a: Calyrex\n|-damage|p1a: Calyrex|71/100\n|\n|upkeep\n|turn|3\n|\n|t:|1771440314\n|move|p2b: World Card|Follow Me|p2b: World Card\n|-singleturn|p2b: World Card|move: Follow Me\n|move|p1b: Miraidon|Volt Switch|p2b: World Card\n|-damage|p2b: World Card|0 fnt\n|faint|p2b: World Card\n|\n|t:|1771440321\n|switch|p1b: Tornadus|Tornadus, L50, M, shiny|82/100|[from] Volt Switch\n|move|p1a: Calyrex|Glacial Lance|p2a: That darn horse\n|-resisted|p2a: That darn horse\n|-damage|p2a: That darn horse|58/100\n|move|p2a: That darn horse|High Horsepower|p1b: Tornadus\n|-immune|p1b: Tornadus\n|\n|upkeep\n|\n|t:|1771440328\n|switch|p2b: Fair and Balanced|Urshifu-Rapid-Strike, L50, F|100/100\n|turn|4\n|\n|t:|1771440332\n|move|p2b: Fair and Balanced|Protect|p2b: Fair and Balanced\n|-singleturn|p2b: Fair and Balanced|Protect\n|move|p2a: That darn horse|Protect|p2a: That darn horse\n|-singleturn|p2a: That darn horse|Protect\n|move|p1b: Tornadus|Sunny Day|p1b: Tornadus\n|-weather|SunnyDay\n|move|p1a: Calyrex|Seed Bomb|p2b: Fair and Balanced\n|-activate|p2b: Fair and Balanced|move: Protect\n|\n|-weather|SunnyDay|[upkeep]\n|-sideend|p1: EllenJoe2026|move: Tailwind\n|upkeep\n|turn|5\n|\n|t:|1771440355\n|move|p1b: Tornadus|Tailwind|p1b: Tornadus\n|-sidestart|p1: EllenJoe2026|move: Tailwind\n|move|p1a: Calyrex|Seed Bomb|p2b: Fair and Balanced\n|-supereffective|p2b: Fair and Balanced\n|-damage|p2b: Fair and Balanced|8/100\n|move|p2b: Fair and Balanced|Taunt|p1b: Tornadus\n|-start|p1b: Tornadus|move: Taunt\n|move|p2a: That darn horse|High Horsepower|p1a: Calyrex\n|-resisted|p1a: Calyrex\n|-damage|p1a: Calyrex|58/100\n|\n|-weather|SunnyDay|[upkeep]\n|upkeep\n|turn|6\n|-message|Who Decided This forfeited.\n|\n|win|EllenJoe2026\n|raw|EllenJoe2026's rating: 1491 &rarr; <strong>1508</strong><br />(+17 for winning)\n|raw|Who Decided This's rating: 1446 &rarr; <strong>1429</strong><br />(-17 for losing)\n|l|\u2606Who Decided This\n|player|p2|\n|l|\u203dEllenJoe2026\n|player|p1|\n","uploadtime":1771440636,"views":14,"formatid":"gen9vgc2026regi","rating":1429,"private":0,"password":null}