{"id":"gen9vgc2026regi-2527975888","format":"[Gen 9] VGC 2026 Reg I","players":["i\u2764\u5a1c\u7984forever","vicentle6"],"log":"|j|\u2606i\u2764\u5a1c\u7984forever\n|j|\u2606vicentle6\n|t:|1769607755\n|gametype|doubles\n|player|p1|i\u2764\u5a1c\u7984forever|youngcouple-gen4dp|1369\n|player|p2|vicentle6|266|1368\n|gen|9\n|tier|[Gen 9] VGC 2026 Reg I\n|rated|\n|rule|Species Clause: Limit one of each Pok\u00e9mon\n|rule|Item Clause: Limit 1 of each item\n|clearpoke\n|poke|p1|Groudon, L50|\n|poke|p1|Kyurem-White, L50|\n|poke|p1|Heatran, L50, F|\n|poke|p1|Whimsicott, L50, M|\n|poke|p1|Roaring Moon, L50|\n|poke|p1|Ditto, L50|\n|poke|p2|Calyrex-Shadow, L50|\n|poke|p2|Zamazenta-*, L50|\n|poke|p2|Incineroar, L50, F|\n|poke|p2|Rillaboom, L50, M|\n|poke|p2|Amoonguss, L50, F|\n|poke|p2|Urshifu-*, L50, M|\n|teampreview|4\n|\n|t:|1769607817\n|teamsize|p1|4\n|teamsize|p2|4\n|start\n|switch|p1a: Whimsicott|Whimsicott, L50, M|100/100\n|switch|p1b: Kyurem|Kyurem-White, L50|100/100\n|switch|p2a: Incineroar|Incineroar, L50, F|100/100\n|switch|p2b: Zamazenta|Zamazenta-Crowned, L50|100/100\n|-ability|p2b: Zamazenta|Dauntless Shield|boost\n|-boost|p2b: Zamazenta|def|1\n|-ability|p1b: Kyurem|Turboblaze\n|-ability|p2a: Incineroar|Intimidate|boost\n|-unboost|p1a: Whimsicott|atk|1\n|-unboost|p1b: Kyurem|atk|1\n|turn|1\n|inactive|Battle timer is ON: inactive players will automatically lose when time's up. (requested by vicentle6)\n|\n|t:|1769607842\n|switch|p1a: Groudon|Groudon, L50|100/100\n|-weather|SunnyDay|[from] ability: Drought|[of] p1a: Groudon\n|-terastallize|p1b: Kyurem|Ghost\n|move|p2a: Incineroar|Fake Out|p1a: Groudon\n|-damage|p1a: Groudon|94/100\n|move|p2b: Zamazenta|Heavy Slam|p1a: Groudon\n|-damage|p1a: Groudon|84/100\n|move|p1b: Kyurem|Fusion Flare|p2b: Zamazenta\n|-supereffective|p2b: Zamazenta\n|-damage|p2b: Zamazenta|9/100\n|\n|-weather|SunnyDay|[upkeep]\n|upkeep\n|turn|2\n|inactive|vicentle6 has 30 seconds left.\n|\n|t:|1769607867\n|move|p2b: Zamazenta|Wide Guard|p2b: Zamazenta\n|-singleturn|p2b: Zamazenta|Wide Guard\n|move|p1b: Kyurem|Earth Power|p2a: Incineroar\n|-supereffective|p2a: Incineroar\n|-damage|p2a: Incineroar|24/100\n|move|p1a: Groudon|Heat Crash|p2b: Zamazenta\n|-supereffective|p2b: Zamazenta\n|-damage|p2b: Zamazenta|0 fnt\n|faint|p2b: Zamazenta\n|move|p2a: Incineroar|Will-O-Wisp|p1a: Groudon\n|-status|p1a: Groudon|brn\n|\n|-weather|SunnyDay|[upkeep]\n|-damage|p1a: Groudon|78/100 brn|[from] brn\n|upkeep\n|\n|t:|1769607880\n|switch|p2b: Urshifu|Urshifu, L50, M|100/100\n|turn|3\n|\n|t:|1769607897\n|switch|p1b: Ditto|Ditto, L50|100/100\n|-transform|p1b: Ditto|p2a: Incineroar|[from] ability: Imposter\n|-ability|p1b: Ditto|Intimidate|boost\n|-unboost|p2a: Incineroar|atk|1\n|-unboost|p2b: Urshifu|atk|1\n|move|p2b: Urshifu|Wicked Blow|p1b: Ditto\n|-resisted|p1b: Ditto\n|-crit|p1b: Ditto\n|-damage|p1b: Ditto|62/100\n|move|p1a: Groudon|Precipice Blades|p2a: Incineroar|[spread] p2a,p2b\n|-supereffective|p2a: Incineroar\n|-damage|p2a: Incineroar|0 fnt\n|-damage|p2b: Urshifu|74/100\n|faint|p2a: Incineroar\n|\n|-weather|SunnyDay|[upkeep]\n|-damage|p1a: Groudon|72/100 brn|[from] brn\n|upkeep\n|\n|t:|1769607911\n|switch|p2a: Calyrex|Calyrex-Shadow, L50|100/100\n|-ability|p2a: Calyrex|As One\n|-ability|p2a: Calyrex|Unnerve\n|turn|4\n|inactive|vicentle6 has 30 seconds left.\n|\n|t:|1769607940\n|switch|p1b: Whimsicott|Whimsicott, L50, M|100/100\n|move|p2a: Calyrex|Protect|p2a: Calyrex\n|-singleturn|p2a: Calyrex|Protect\n|move|p2b: Urshifu|Detect|p2b: Urshifu\n|-singleturn|p2b: Urshifu|Protect\n|move|p1a: Groudon|Crunch|p2a: Calyrex\n|-activate|p2a: Calyrex|move: Protect\n|\n|-weather|SunnyDay|[upkeep]\n|-damage|p1a: Groudon|66/100 brn|[from] brn\n|upkeep\n|turn|5\n|inactive|vicentle6 has 30 seconds left.\n|\n|t:|1769607969\n|-terastallize|p2a: Calyrex|Ghost\n|move|p1b: Whimsicott|Tailwind|p1b: Whimsicott\n|-sidestart|p1: i\u2764\u5a1c\u7984forever|move: Tailwind\n|move|p2b: Urshifu|Sucker Punch|p1a: Groudon\n|-damage|p1a: Groudon|44/100 brn\n|move|p1a: Groudon|Crunch|p2a: Calyrex\n|-supereffective|p2a: Calyrex\n|-damage|p2a: Calyrex|66/100\n|-unboost|p2a: Calyrex|def|1\n|move|p2a: Calyrex|Astral Barrage|p1b: Whimsicott|[spread] p1a,p1b\n|-damage|p1a: Groudon|5/100 brn\n|-enditem|p1b: Whimsicott|Focus Sash\n|-damage|p1b: Whimsicott|1/100\n|\n|-weather|none\n|-damage|p1a: Groudon|0 fnt|[from] brn\n|faint|p1a: Groudon\n|upkeep\n|\n|t:|1769607985\n|switch|p1a: Kyurem|Kyurem-White, L50, tera:Ghost|100/100\n|-ability|p1a: Kyurem|Turboblaze\n|turn|6\n|\n|t:|1769608003\n|move|p2a: Calyrex|Protect|p2a: Calyrex\n|-singleturn|p2a: Calyrex|Protect\n|move|p2b: Urshifu|Sucker Punch|p1a: Kyurem\n|-supereffective|p1a: Kyurem\n|-damage|p1a: Kyurem|49/100\n|move|p1b: Whimsicott|Endeavor|p2b: Urshifu\n|-damage|p2b: Urshifu|1/100\n|move|p1a: Kyurem|Blizzard|p2b: Urshifu|[spread] p2b\n|-activate|p2a: Calyrex|move: Protect\n|-damage|p2b: Urshifu|0 fnt\n|faint|p2b: Urshifu\n|\n|upkeep\n|turn|7\n|\n|t:|1769608021\n|move|p1b: Whimsicott|Energy Ball|p2a: Calyrex\n|-damage|p2a: Calyrex|27/100\n|move|p1a: Kyurem|Shadow Ball|p2a: Calyrex\n|-supereffective|p2a: Calyrex\n|-damage|p2a: Calyrex|0 fnt\n|faint|p2a: Calyrex\n|\n|win|i\u2764\u5a1c\u7984forever\n|raw|i\u2764\u5a1c\u7984forever's rating: 1369 &rarr; <strong>1389</strong><br />(+20 for winning)\n|raw|vicentle6's rating: 1368 &rarr; <strong>1348</strong><br />(-20 for losing)\n|l|\u2606i\u2764\u5a1c\u7984forever\n|player|p1|\n|l|\u2606vicentle6\n|player|p2|\n","uploadtime":1769608191,"views":14,"formatid":"gen9vgc2026regi","rating":1348,"private":0,"password":null}