{"id":"gen9vgc2026regi-2567403028","format":"[Gen 9] VGC 2026 Reg I","players":["Sig.ra Sciagura","D4RKEVA"],"log":"|j|\u2606Sig.ra Sciagura\n|j|\u2606D4RKEVA\n|t:|1774473037\n|gametype|doubles\n|player|p1|Sig.ra Sciagura|madame|1431\n|player|p2|D4RKEVA|1|1465\n|gen|9\n|tier|[Gen 9] VGC 2026 Reg I\n|rated|\n|rule|Species Clause: Limit one of each Pok\u00e9mon\n|rule|Item Clause: Limit 1 of each item\n|clearpoke\n|poke|p1|Koraidon, L50|\n|poke|p1|Flutter Mane, L50|\n|poke|p1|Ursaluna, L50, M|\n|poke|p1|Chi-Yu, L50|\n|poke|p1|Brute Bonnet, L50|\n|poke|p1|Lunala, L50|\n|poke|p2|Lunala, L50|\n|poke|p2|Koraidon, L50|\n|poke|p2|Flutter Mane, L50|\n|poke|p2|Brute Bonnet, L50|\n|poke|p2|Chi-Yu, L50|\n|poke|p2|Ursaluna, L50, F|\n|teampreview|4\n|inactive|Battle timer is ON: inactive players will automatically lose when time's up. (requested by D4RKEVA)\nD4RKEVA rejected open team sheets.\n|inactive|Sig.ra Sciagura has 60 seconds left.\n|\n|t:|1774473078\n|teamsize|p1|4\n|teamsize|p2|4\n|start\n|switch|p1a: Doppie Punte|Flutter Mane, L50|100/100\n|switch|p1b: Portobello|Brute Bonnet, L50|100/100\n|switch|p2a: Brute Bonnie|Brute Bonnet, L50|100/100\n|switch|p2b: Chi-Yu|Chi-Yu, L50|100/100\n|-ability|p2b: Chi-Yu|Beads of Ruin\n|turn|1\n|inactive|Sig.ra Sciagura has 30 seconds left.\n|\n|t:|1774473106\n|-terastallize|p2a: Brute Bonnie|Water\n|-terastallize|p1b: Portobello|Water\n|move|p2b: Chi-Yu|Heat Wave|p1b: Portobello|[spread] p1a,p1b\n|-resisted|p1b: Portobello\n|-damage|p1a: Doppie Punte|41/100\n|-damage|p1b: Portobello|79/100\n|move|p1a: Doppie Punte|Moonblast|p2a: Brute Bonnie\n|-damage|p2a: Brute Bonnie|46/100\n|-enditem|p2a: Brute Bonnie|Sitrus Berry|[eat]\n|-heal|p2a: Brute Bonnie|71/100|[from] item: Sitrus Berry\n|move|p2a: Brute Bonnie|Spore|p1b: Portobello\n|-status|p1b: Portobello|slp|[from] move: Spore\n|cant|p1b: Portobello|slp\n|\n|upkeep\n|turn|2\n|inactive|D4RKEVA has 30 seconds left.\n|inactive|Sig.ra Sciagura has 30 seconds left.\n|\n|t:|1774473137\n|switch|p2b: Clydeon|Koraidon, L50|100/100\n|-weather|SunnyDay|[from] ability: Orichalcum Pulse|[of] p2b: Clydeon\n|-activate|p1a: Doppie Punte|ability: Protosynthesis\n|-start|p1a: Doppie Punte|protosynthesisspe\n|-activate|p2a: Brute Bonnie|ability: Protosynthesis\n|-start|p2a: Brute Bonnie|protosynthesisdef\n|-activate|p1b: Portobello|ability: Protosynthesis\n|-start|p1b: Portobello|protosynthesisatk\n|-activate|p2b: Clydeon|Orichalcum Pulse|[source]\n|move|p1a: Doppie Punte|Protect|p1a: Doppie Punte\n|-singleturn|p1a: Doppie Punte|Protect\n|move|p2a: Brute Bonnie|Sucker Punch||[still]\n|-fail|p2a: Brute Bonnie\n|cant|p1b: Portobello|slp\n|\n|-weather|SunnyDay|[upkeep]\n|upkeep\n|turn|3\n|\n|t:|1774473159\n|-end|p1a: Doppie Punte|Protosynthesis|[silent]\n|switch|p1a: Mordicchio|Koraidon, L50|100/100\n|-activate|p1a: Mordicchio|ability: Orichalcum Pulse\n|move|p2a: Brute Bonnie|Rage Powder|p2a: Brute Bonnie\n|-singleturn|p2a: Brute Bonnie|move: Rage Powder\n|move|p2b: Clydeon|Flame Charge|p1a: Mordicchio\n|-resisted|p1a: Mordicchio\n|-damage|p1a: Mordicchio|80/100\n|-boost|p2b: Clydeon|spe|1\n|-damage|p2b: Clydeon|91/100|[from] item: Life Orb\n|cant|p1b: Portobello|slp\n|\n|-weather|SunnyDay|[upkeep]\n|upkeep\n|turn|4\n|\n|t:|1774473182\n|move|p1a: Mordicchio|Protect|p1a: Mordicchio\n|-singleturn|p1a: Mordicchio|Protect\n|move|p2a: Brute Bonnie|Rage Powder|p2a: Brute Bonnie\n|-singleturn|p2a: Brute Bonnie|move: Rage Powder\n|move|p2b: Clydeon|Close Combat|p1b: Portobello\n|-damage|p1b: Portobello|0 fnt\n|-unboost|p2b: Clydeon|def|1\n|-unboost|p2b: Clydeon|spd|1\n|faint|p1b: Portobello\n|-end|p1b: Portobello|Protosynthesis|[silent]\n|-damage|p2b: Clydeon|81/100|[from] item: Life Orb\n|\n|-weather|SunnyDay|[upkeep]\n|upkeep\n|\n|t:|1774473194\n|switch|p1b: Doppie Punte|Flutter Mane, L50|41/100\n|-activate|p1b: Doppie Punte|ability: Protosynthesis\n|-start|p1b: Doppie Punte|protosynthesisspe\n|turn|5\n|\n|t:|1774473202\n|move|p1b: Doppie Punte|Protect|p1b: Doppie Punte\n|-singleturn|p1b: Doppie Punte|Protect\n|move|p2a: Brute Bonnie|Sucker Punch||[still]\n|-fail|p2a: Brute Bonnie\n|move|p2b: Clydeon|Close Combat|p1a: Mordicchio\n|-crit|p1a: Mordicchio\n|-damage|p1a: Mordicchio|0 fnt\n|-unboost|p2b: Clydeon|def|1\n|-unboost|p2b: Clydeon|spd|1\n|faint|p1a: Mordicchio\n|-damage|p2b: Clydeon|72/100|[from] item: Life Orb\n|\n|-weather|SunnyDay|[upkeep]\n|upkeep\n|-message|Sig.ra Sciagura forfeited.\n|\n|win|D4RKEVA\n|raw|Sig.ra Sciagura's rating: 1431 &rarr; <strong>1413</strong><br />(-18 for losing)\n|raw|D4RKEVA's rating: 1465 &rarr; <strong>1483</strong><br />(+18 for winning)\n|l|\u2606Sig.ra Sciagura\n|player|p1|\n","uploadtime":1774473213,"views":355,"formatid":"gen9vgc2026regi","rating":1413,"private":0,"password":null}