{"id":"gen9vgc2026regi-2578941994","format":"[Gen 9] VGC 2026 Reg I","players":["bjrcjggjhvb","Slackermaru"],"log":"|j|\u2606bjrcjggjhvb\n|j|\u2606Slackermaru\n|t:|1775738847\n|gametype|doubles\n|player|p1|bjrcjggjhvb|265|1433\n|player|p2|Slackermaru|workerice|1537\n|gen|9\n|tier|[Gen 9] VGC 2026 Reg I\n|rated|\n|rule|Species Clause: Limit one of each Pok\u00e9mon\n|rule|Item Clause: Limit 1 of each item\n|clearpoke\n|poke|p1|Calyrex-Ice, L50|\n|poke|p1|Kyogre, L50|\n|poke|p1|Farigiraf, L50, M|\n|poke|p1|Carbink, L50|\n|poke|p1|Porygon2, L50|\n|poke|p1|Wooper-Paldea, L50, M|\n|poke|p2|Calyrex-Ice, L50|\n|poke|p2|Koraidon, L50|\n|poke|p2|Landorus, L50, M|\n|poke|p2|Rillaboom, L50, F|\n|poke|p2|Incineroar, L50, F|\n|poke|p2|Smeargle, L50, F|\n|teampreview|4\n|\n|t:|1775738869\n|teamsize|p1|4\n|teamsize|p2|4\n|start\n|switch|p1a: Farigiraf|Farigiraf, L50, M|100/100\n|switch|p1b: Calyrex|Calyrex-Ice, L50|100/100\n|switch|p2a: Calyrex|Calyrex-Ice, L50|100/100\n|switch|p2b: Rillaboom|Rillaboom, L50, F, shiny|100/100\n|-ability|p2a: Calyrex|As One\n|-ability|p2a: Calyrex|Unnerve\n|-ability|p1b: Calyrex|As One\n|-ability|p1b: Calyrex|Unnerve\n|-fieldstart|move: Grassy Terrain|[from] ability: Grassy Surge|[of] p2b: Rillaboom\n|turn|1\n|inactive|Battle timer is ON: inactive players will automatically lose when time's up. (requested by bjrcjggjhvb)\n|\n|t:|1775738889\n|move|p2b: Rillaboom|U-turn|p1a: Farigiraf\n|-supereffective|p1a: Farigiraf\n|-damage|p1a: Farigiraf|56/100\n|\n|t:|1775738891\n|switch|p2b: Incineroar|Incineroar, L50, F, shiny|100/100|[from] U-turn\n|-ability|p2b: Incineroar|Intimidate|boost\n|-unboost|p1a: Farigiraf|atk|1\n|-unboost|p1b: Calyrex|atk|1\n|move|p2a: Calyrex|Leech Seed|p1b: Calyrex\n|-start|p1b: Calyrex|move: Leech Seed\n|move|p1b: Calyrex|Glacial Lance|p2a: Calyrex|[spread] p2a,p2b\n|-resisted|p2a: Calyrex\n|-resisted|p2b: Incineroar\n|-damage|p2a: Calyrex|86/100\n|-damage|p2b: Incineroar|79/100\n|-damage|p1b: Calyrex|91/100|[from] item: Life Orb\n|move|p1a: Farigiraf|Trick Room|p1a: Farigiraf\n|-fieldstart|move: Trick Room|[of] p1a: Farigiraf\n|\n|-heal|p1b: Calyrex|97/100|[from] Grassy Terrain\n|-heal|p1a: Farigiraf|63/100|[from] Grassy Terrain\n|-heal|p2a: Calyrex|91/100|[from] Grassy Terrain\n|-heal|p2a: Calyrex|97/100|[from] item: Leftovers\n|-heal|p2b: Incineroar|85/100|[from] Grassy Terrain\n|-damage|p1b: Calyrex|85/100|[from] Leech Seed|[of] p2a: Calyrex\n|-heal|p2a: Calyrex|100/100|[silent]\n|upkeep\n|turn|2\n|\n|t:|1775738915\n|switch|p1b: Carbink|Carbink, L50|100/100\n|move|p1a: Farigiraf|Foul Play|p2a: Calyrex\n|-supereffective|p2a: Calyrex\n|-damage|p2a: Calyrex|51/100\n|move|p2a: Calyrex|Glacial Lance|p1a: Farigiraf|[spread] p1a,p1b\n|-damage|p1a: Farigiraf|9/100\n|-damage|p1b: Carbink|69/100\n|move|p2b: Incineroar|Knock Off|p1a: Farigiraf\n|-supereffective|p1a: Farigiraf\n|-damage|p1a: Farigiraf|0 fnt\n|-enditem|p1a: Farigiraf|Mental Herb|[from] move: Knock Off|[of] p2b: Incineroar\n|faint|p1a: Farigiraf\n|\n|-heal|p1b: Carbink|75/100|[from] Grassy Terrain\n|-heal|p1b: Carbink|81/100|[from] item: Leftovers\n|-heal|p2a: Calyrex|57/100|[from] Grassy Terrain\n|-heal|p2a: Calyrex|63/100|[from] item: Leftovers\n|-heal|p2b: Incineroar|91/100|[from] Grassy Terrain\n|upkeep\n|\n|t:|1775738925\n|switch|p1a: Kyogre|Kyogre, L50|100/100\n|-weather|RainDance|[from] ability: Drizzle|[of] p1a: Kyogre\n|turn|3\n|inactive|Slackermaru has 30 seconds left.\n|\n|t:|1775738953\n|switch|p2b: Koraidon|Koraidon, L50|100/100\n|-weather|SunnyDay|[from] ability: Orichalcum Pulse|[of] p2b: Koraidon\n|-activate|p2b: Koraidon|Orichalcum Pulse|[source]\n|move|p1a: Kyogre|Water Spout|p2a: Calyrex|[spread] p2a,p2b\n|-resisted|p2b: Koraidon\n|-damage|p2a: Calyrex|41/100\n|-damage|p2b: Koraidon|85/100\n|move|p1b: Carbink|Iron Defense|p1b: Carbink\n|-boost|p1b: Carbink|def|2\n|move|p2a: Calyrex|Glacial Lance|p1b: Carbink|[spread] p1a,p1b\n|-resisted|p1a: Kyogre\n|-damage|p1a: Kyogre|74/100\n|-damage|p1b: Carbink|64/100\n|\n|-weather|SunnyDay|[upkeep]\n|-heal|p1a: Kyogre|80/100|[from] Grassy Terrain\n|-heal|p1b: Carbink|69/100|[from] Grassy Terrain\n|-heal|p1b: Carbink|75/100|[from] item: Leftovers\n|-heal|p2a: Calyrex|47/100|[from] Grassy Terrain\n|-heal|p2a: Calyrex|53/100|[from] item: Leftovers\n|-heal|p2b: Koraidon|91/100|[from] Grassy Terrain\n|upkeep\n|turn|4\n|inactive|Slackermaru has 30 seconds left.\n|inactive|bjrcjggjhvb has 30 seconds left.\n|\n|t:|1775738983\n|move|p1a: Kyogre|Water Spout|p2a: Calyrex|[spread] p2a,p2b\n|-resisted|p2b: Koraidon\n|-damage|p2a: Calyrex|36/100\n|-damage|p2b: Koraidon|79/100\n|move|p1b: Carbink|Iron Defense|p1b: Carbink\n|-boost|p1b: Carbink|def|2\n|move|p2a: Calyrex|Leech Seed|p1b: Carbink\n|-start|p1b: Carbink|move: Leech Seed\n|move|p2b: Koraidon|Low Kick|p1a: Kyogre\n|-damage|p1a: Kyogre|2/100\n|\n|-weather|SunnyDay|[upkeep]\n|-heal|p1a: Kyogre|8/100|[from] Grassy Terrain\n|-heal|p1b: Carbink|81/100|[from] Grassy Terrain\n|-heal|p1b: Carbink|86/100|[from] item: Leftovers\n|-heal|p2a: Calyrex|42/100|[from] Grassy Terrain\n|-heal|p2a: Calyrex|48/100|[from] item: Leftovers\n|-heal|p2b: Koraidon|85/100|[from] Grassy Terrain\n|-damage|p1b: Carbink|74/100|[from] Leech Seed|[of] p2a: Calyrex\n|-heal|p2a: Calyrex|57/100|[silent]\n|upkeep\n|turn|5\n|inactive|bjrcjggjhvb has 30 seconds left.\n|inactive|Slackermaru has 30 seconds left.\n|\n|t:|1775739011\n|switch|p2b: Rillaboom|Rillaboom, L50, F, shiny|100/100\n|-terastallize|p2a: Calyrex|Fairy\n|move|p1a: Kyogre|Ice Beam|p2b: Rillaboom\n|-supereffective|p2b: Rillaboom\n|-damage|p2b: Rillaboom|48/100\n|move|p1b: Carbink|Body Press|p2a: Calyrex\n|-resisted|p2a: Calyrex\n|-damage|p2a: Calyrex|25/100\n|move|p2a: Calyrex|Glacial Lance|p1b: Carbink|[spread] p1a,p1b\n|-resisted|p1a: Kyogre\n|-damage|p1a: Kyogre|0 fnt\n|-damage|p1b: Carbink|63/100\n|faint|p1a: Kyogre\n|-ability|p2a: Calyrex|Chilling Neigh|boost\n|-boost|p2a: Calyrex|atk|1\n|\n|-weather|SunnyDay|[upkeep]\n|-heal|p1b: Carbink|69/100|[from] Grassy Terrain\n|-heal|p1b: Carbink|74/100|[from] item: Leftovers\n|-heal|p2a: Calyrex|31/100|[from] Grassy Terrain\n|-heal|p2a: Calyrex|37/100|[from] item: Leftovers\n|-heal|p2b: Rillaboom|54/100|[from] Grassy Terrain\n|-damage|p1b: Carbink|62/100|[from] Leech Seed|[of] p2a: Calyrex\n|-heal|p2a: Calyrex|46/100|[silent]\n|-fieldend|move: Trick Room\n|-fieldend|move: Grassy Terrain\n|upkeep\n|\n|t:|1775739019\n|switch|p1a: Calyrex|Calyrex-Ice, L50|85/100\n|-ability|p1a: Calyrex|As One\n|-ability|p1a: Calyrex|Unnerve\n|turn|6\n|inactive|Slackermaru has 30 seconds left.\n|\n|t:|1775739048\n|switch|p2b: Incineroar|Incineroar, L50, F, shiny|91/100\n|-ability|p2b: Incineroar|Intimidate|boost\n|-unboost|p1a: Calyrex|atk|1\n|-fail|p1b: Carbink|unboost|[from] ability: Clear Body|[of] p1b: Carbink\n|move|p2a: Calyrex|Leech Seed|p1a: Calyrex\n|-start|p1a: Calyrex|move: Leech Seed\n|move|p1a: Calyrex|Glacial Lance|p2a: Calyrex|[spread] p2a,p2b\n|-resisted|p2b: Incineroar\n|-damage|p2a: Calyrex|12/100\n|-damage|p2b: Incineroar|71/100\n|-damage|p1a: Calyrex|75/100|[from] item: Life Orb\n|move|p1b: Carbink|Body Press|p2b: Incineroar\n|-supereffective|p2b: Incineroar\n|-damage|p2b: Incineroar|0 fnt\n|faint|p2b: Incineroar\n|\n|-weather|SunnyDay|[upkeep]\n|-heal|p2a: Calyrex|18/100|[from] item: Leftovers\n|-heal|p1b: Carbink|68/100|[from] item: Leftovers\n|-damage|p1b: Carbink|56/100|[from] Leech Seed|[of] p2a: Calyrex\n|-heal|p2a: Calyrex|27/100|[silent]\n|-damage|p1a: Calyrex|63/100|[from] Leech Seed|[of] p2a: Calyrex\n|-heal|p2a: Calyrex|39/100|[silent]\n|upkeep\n|\n|t:|1775739069\n|switch|p2b: Rillaboom|Rillaboom, L50, F, shiny|54/100\n|-fieldstart|move: Grassy Terrain|[from] ability: Grassy Surge|[of] p2b: Rillaboom\n|turn|7\n|\n|t:|1775739076\n|move|p2b: Rillaboom|Wood Hammer|p1a: Calyrex\n|-damage|p1a: Calyrex|21/100\n|-damage|p2b: Rillaboom|39/100|[from] Recoil\n|move|p2a: Calyrex|Glacial Lance|p1a: Calyrex|[spread] p1a,p1b\n|-resisted|p1a: Calyrex\n|-damage|p1a: Calyrex|0 fnt\n|-damage|p1b: Carbink|39/100\n|faint|p1a: Calyrex\n|-ability|p2a: Calyrex|Chilling Neigh|boost\n|-boost|p2a: Calyrex|atk|1\n|move|p1b: Carbink|Body Press|p2b: Rillaboom\n|-damage|p2b: Rillaboom|0 fnt\n|faint|p2b: Rillaboom\n|\n|-weather|none\n|-heal|p2a: Calyrex|45/100|[from] Grassy Terrain\n|-heal|p2a: Calyrex|51/100|[from] item: Leftovers\n|-heal|p1b: Carbink|44/100|[from] Grassy Terrain\n|-heal|p1b: Carbink|50/100|[from] item: Leftovers\n|-damage|p1b: Carbink|38/100|[from] Leech Seed|[of] p2a: Calyrex\n|-heal|p2a: Calyrex|60/100|[silent]\n|upkeep\n|\n|t:|1775739096\n|switch|p2b: Koraidon|Koraidon, L50|85/100\n|-weather|SunnyDay|[from] ability: Orichalcum Pulse|[of] p2b: Koraidon\n|-activate|p2b: Koraidon|Orichalcum Pulse|[source]\n|turn|8\n|\n|t:|1775739103\n|move|p2b: Koraidon|Flare Blitz|p1b: Carbink\n|-resisted|p1b: Carbink\n|-damage|p1b: Carbink|29/100\n|-status|p1b: Carbink|brn\n|-damage|p2b: Koraidon|83/100|[from] Recoil\n|move|p2a: Calyrex|Glacial Lance|p1b: Carbink\n|-damage|p1b: Carbink|0 fnt\n|faint|p1b: Carbink\n|\n|win|Slackermaru\n|raw|bjrcjggjhvb's rating: 1433 &rarr; <strong>1419</strong><br />(-14 for losing)\n|raw|Slackermaru's rating: 1537 &rarr; <strong>1551</strong><br />(+14 for winning)\n|l|\u2606bjrcjggjhvb\n|player|p1|\n|l|\u2606Slackermaru\n|player|p2|\n","uploadtime":1775739269,"views":15,"formatid":"gen9vgc2026regi","rating":1419,"private":0,"password":null}