{"id":"gen9vgc2026regi-2565238164","format":"[Gen 9] VGC 2026 Reg I","players":["ScribbleScribble","Highjack #14"],"log":"|j|\u2606ScribbleScribble\n|j|\u2606Highjack #14\n|t:|1774249472\n|gametype|doubles\n|player|p1|ScribbleScribble|mina-lgpe|1573\n|player|p2|Highjack #14|169|1393\n|gen|9\n|tier|[Gen 9] VGC 2026 Reg I\n|rated|\n|rule|Species Clause: Limit one of each Pok\u00e9mon\n|rule|Item Clause: Limit 1 of each item\n|clearpoke\n|poke|p1|Calyrex-Ice, L50|\n|poke|p1|Kyogre, L50|\n|poke|p1|Tornadus, L50, M|\n|poke|p1|Indeedee-F, L50, F|\n|poke|p1|Urshifu-*, L50, F|\n|poke|p1|Landorus, L50, M|\n|poke|p2|Kleavor, L50, F|\n|poke|p2|Volcarona, L50, F|\n|poke|p2|Calyrex-Shadow, L50|\n|poke|p2|Zamazenta-*, L50|\n|poke|p2|Urshifu-*, L50, M|\n|poke|p2|Rillaboom, L50, F|\n|teampreview|4\n|inactive|Battle timer is ON: inactive players will automatically lose when time's up. (requested by ScribbleScribble)\nHighjack #14 has agreed to open team sheets.\n|inactive|ScribbleScribble has 60 seconds left.\n|inactive|ScribbleScribble has 30 seconds left.\n|\n|t:|1774249538\n|teamsize|p1|4\n|teamsize|p2|4\n|start\n|switch|p1a: Tornadus|Tornadus, L50, M|100/100\n|switch|p1b: Landorus|Landorus, L50, M|100/100\n|switch|p2a: Kleavor|Kleavor, L50, F|100/100\n|switch|p2b: Rillaboom|Rillaboom, L50, F|100/100\n|-fieldstart|move: Grassy Terrain|[from] ability: Grassy Surge|[of] p2b: Rillaboom\n|turn|1\n|\n|t:|1774249551\n|-terastallize|p1a: Tornadus|Ghost\n|move|p2b: Rillaboom|Fake Out|p1b: Landorus\n|-damage|p1b: Landorus|87/100\n|move|p1a: Tornadus|Tailwind|p1a: Tornadus\n|-sidestart|p1: ScribbleScribble|move: Tailwind\n|cant|p1b: Landorus|flinch\n|move|p2a: Kleavor|Stone Axe|p1a: Tornadus\n|-damage|p1a: Tornadus|15/100\n|-sidestart|p1: ScribbleScribble|move: Stealth Rock\n|\n|-heal|p1a: Tornadus|21/100|[from] Grassy Terrain\n|upkeep\n|turn|2\n|inactive|ScribbleScribble has 30 seconds left.\n|inactive|Highjack #14 has 30 seconds left.\n|\n|t:|1774249584\n|switch|p2b: Zamazenta|Zamazenta-Crowned, L50|100/100\n|-ability|p2b: Zamazenta|Dauntless Shield|boost\n|-boost|p2b: Zamazenta|def|1\n|move|p1a: Tornadus|Bleakwind Storm|p2a: Kleavor|[spread] p2a,p2b\n|-damage|p2a: Kleavor|38/100\n|-damage|p2b: Zamazenta|79/100\n|move|p1b: Landorus|Earth Power|p2a: Kleavor\n|-crit|p2a: Kleavor\n|-damage|p2a: Kleavor|0 fnt\n|faint|p2a: Kleavor\n|\n|-heal|p1a: Tornadus|27/100|[from] Grassy Terrain\n|-heal|p2b: Zamazenta|85/100|[from] Grassy Terrain\n|upkeep\n|\n|t:|1774249594\n|switch|p2a: Rillaboom|Rillaboom, L50, F|100/100\n|turn|3\n|inactive|ScribbleScribble has 30 seconds left.\n|\n|t:|1774249622\n|move|p1b: Landorus|Protect|p1b: Landorus\n|-singleturn|p1b: Landorus|Protect\n|move|p2a: Rillaboom|Fake Out|p1b: Landorus\n|-activate|p1b: Landorus|move: Protect\n|move|p1a: Tornadus|Taunt|p2b: Zamazenta\n|-start|p2b: Zamazenta|move: Taunt\n|move|p2b: Zamazenta|Heavy Slam|p1b: Landorus\n|-activate|p1b: Landorus|move: Protect\n|\n|-heal|p1a: Tornadus|33/100|[from] Grassy Terrain\n|-heal|p2b: Zamazenta|91/100|[from] Grassy Terrain\n|upkeep\n|turn|4\n|\n|t:|1774249633\n|move|p1a: Tornadus|Bleakwind Storm|p2a: Rillaboom|[spread] \n|-miss|p1a: Tornadus|p2a: Rillaboom\n|-miss|p1a: Tornadus|p2b: Zamazenta\n|move|p1b: Landorus|Earth Power|p2b: Zamazenta\n|-supereffective|p2b: Zamazenta\n|-damage|p2b: Zamazenta|0 fnt\n|faint|p2b: Zamazenta\n|move|p2a: Rillaboom|Wood Hammer|p1b: Landorus\n|-damage|p1b: Landorus|0 fnt\n|faint|p1b: Landorus\n|-damage|p2a: Rillaboom|73/100|[from] Recoil\n|\n|-heal|p1a: Tornadus|39/100|[from] Grassy Terrain\n|-heal|p2a: Rillaboom|80/100|[from] Grassy Terrain\n|-sideend|p1: ScribbleScribble|move: Tailwind\n|upkeep\n|\n|t:|1774249645\n|switch|p2b: Calyrex|Calyrex-Shadow, L50|100/100\n|switch|p1b: Calyrex|Calyrex-Ice, L50|100/100\n|-ability|p2b: Calyrex|As One\n|-ability|p2b: Calyrex|Unnerve\n|-ability|p1b: Calyrex|As One\n|-ability|p1b: Calyrex|Unnerve\n|-damage|p1b: Calyrex|76/100|[from] Stealth Rock\n|turn|5\n|\n|t:|1774249658\n|move|p1a: Tornadus|Tailwind|p1a: Tornadus\n|-sidestart|p1: ScribbleScribble|move: Tailwind\n|move|p2a: Rillaboom|Grassy Glide|p1a: Tornadus\n|-damage|p1a: Tornadus|0 fnt\n|faint|p1a: Tornadus\n|move|p1b: Calyrex|Glacial Lance|p2a: Rillaboom|[spread] p2a,p2b\n|-supereffective|p2a: Rillaboom\n|-damage|p2a: Rillaboom|0 fnt\n|-damage|p2b: Calyrex|39/100\n|faint|p2a: Rillaboom\n|-ability|p1b: Calyrex|Chilling Neigh|boost\n|-boost|p1b: Calyrex|atk|1\n|move|p2b: Calyrex|Astral Barrage|p1b: Calyrex\n|-supereffective|p1b: Calyrex\n|-damage|p1b: Calyrex|0 fnt\n|faint|p1b: Calyrex\n|-ability|p2b: Calyrex|Grim Neigh|boost\n|-boost|p2b: Calyrex|spa|1\n|-damage|p2b: Calyrex|29/100|[from] item: Life Orb\n|\n|-heal|p2b: Calyrex|35/100|[from] Grassy Terrain\n|-fieldend|move: Grassy Terrain\n|upkeep\n|\n|t:|1774249660\n|switch|p1b: Indeedee|Indeedee-F, L50, F, shiny|100/100\n|-damage|p1b: Indeedee|88/100|[from] Stealth Rock\n|-fieldstart|move: Psychic Terrain|[from] ability: Psychic Surge|[of] p1b: Indeedee\n|-enditem|p1b: Indeedee|Psychic Seed\n|-boost|p1b: Indeedee|spd|1|[from] item: Psychic Seed\n|turn|6\n|\n|t:|1774249665\n|move|p2b: Calyrex|Protect|p2b: Calyrex\n|-singleturn|p2b: Calyrex|Protect\n|move|p1b: Indeedee|Psychic|p2b: Calyrex\n|-activate|p2b: Calyrex|move: Protect\n|\n|upkeep\n|turn|7\n|\n|t:|1774249679\n|move|p2b: Calyrex|Psychic|p1b: Indeedee\n|-resisted|p1b: Indeedee\n|-damage|p1b: Indeedee|50/100\n|-damage|p2b: Calyrex|25/100|[from] item: Life Orb\n|move|p1b: Indeedee|Psychic|p2b: Calyrex\n|-resisted|p2b: Calyrex\n|-damage|p2b: Calyrex|8/100\n|\n|upkeep\n|turn|8\n|inactive|Highjack #14 has 30 seconds left.\n|inactive|Highjack #14 has 20 seconds left.\n|\n|t:|1774249715\n|move|p2b: Calyrex|Psychic|p1b: Indeedee\n|-resisted|p1b: Indeedee\n|-damage|p1b: Indeedee|11/100\n|-damage|p2b: Calyrex|0 fnt|[from] item: Life Orb\n|faint|p2b: Calyrex\n|\n|win|ScribbleScribble\n|raw|ScribbleScribble's rating: 1554 &rarr; <strong>1565</strong><br />(+11 for winning)\n|raw|Highjack #14's rating: 1393 &rarr; <strong>1382</strong><br />(-11 for losing)\n|l|\u2606Highjack #14\n|player|p2|\n|l|\u2606ScribbleScribble\n|player|p1|\n","uploadtime":1774249940,"views":12,"formatid":"gen9vgc2026regi","rating":1382,"private":0,"password":null}