{"id":"gen9vgc2026regi-2559448057","format":"[Gen 9] VGC 2026 Reg I","players":["navinsachump","itszachstone"],"log":"|j|\u2606navinsachump\n|j|\u2606itszachstone\n|t:|1773569199\n|gametype|doubles\n|player|p1|navinsachump|2|1540\n|player|p2|itszachstone|flannery|1429\n|gen|9\n|tier|[Gen 9] VGC 2026 Reg I\n|rated|\n|rule|Species Clause: Limit one of each Pok\u00e9mon\n|rule|Item Clause: Limit 1 of each item\n|clearpoke\n|poke|p1|Calyrex-Ice, L50|\n|poke|p1|Miraidon, L50|\n|poke|p1|Incineroar, L50, F|\n|poke|p1|Landorus, L50, M|\n|poke|p1|Whimsicott, L50, M|\n|poke|p1|Urshifu-*, L50, M|\n|poke|p2|Calyrex-Ice, L50|\n|poke|p2|Iron Bundle, L50|\n|poke|p2|Miraidon, L50|\n|poke|p2|Ogerpon-Hearthflame, L50, F|\n|poke|p2|Incineroar, L50, F|\n|poke|p2|Hitmonlee, L50, M|\n|teampreview|4\n|inactive|Battle timer is ON: inactive players will automatically lose when time's up. (requested by itszachstone)\n|inactive|itszachstone has 60 seconds left.\n|\n|t:|1773569242\n|teamsize|p1|4\n|teamsize|p2|4\n|start\n|switch|p1a: Calyrex|Calyrex-Ice, L50|100/100\n|switch|p1b: Incineroar|Incineroar, L50, F|100/100\n|switch|p2a: Hitmonlee|Hitmonlee, L50, M|100/100\n|switch|p2b: Miraidon|Miraidon, L50|100/100\n|-ability|p1a: Calyrex|As One\n|-ability|p1a: Calyrex|Unnerve\n|-fieldstart|move: Electric Terrain|[from] ability: Hadron Engine|[of] p2b: Miraidon\n|-enditem|p2a: Hitmonlee|Electric Seed\n|-boost|p2a: Hitmonlee|def|1|[from] item: Electric Seed\n|-ability|p1b: Incineroar|Intimidate|boost\n|-unboost|p2a: Hitmonlee|atk|1\n|-unboost|p2b: Miraidon|atk|1\n|turn|1\n|inactive|navinsachump has 30 seconds left.\n|\n|t:|1773569269\n|move|p1a: Calyrex|Protect|p1a: Calyrex\n|-singleturn|p1a: Calyrex|Protect\n|move|p2a: Hitmonlee|Fake Out|p1a: Calyrex\n|-activate|p1a: Calyrex|move: Protect\n|move|p2b: Miraidon|Volt Switch|p1b: Incineroar\n|-damage|p1b: Incineroar|52/100\n|\n|t:|1773569278\n|switch|p2b: Incineroar|Incineroar, L50, F|100/100|[from] Volt Switch\n|-ability|p2b: Incineroar|Intimidate|boost\n|-fail|p1a: Calyrex|unboost|[from] item: Clear Amulet|[of] p1a: Calyrex\n|-unboost|p1b: Incineroar|atk|1\n|move|p1b: Incineroar|Parting Shot|p2b: Incineroar\n|-unboost|p2b: Incineroar|atk|1\n|-unboost|p2b: Incineroar|spa|1\n|\n|t:|1773569292\n|switch|p1b: Urshifu|Urshifu-Rapid-Strike, L50, M|100/100|[from] Parting Shot\n|\n|upkeep\n|turn|2\n|\n|t:|1773569311\n|switch|p1a: Incineroar|Incineroar, L50, F|52/100\n|-ability|p1a: Incineroar|Intimidate|boost\n|-unboost|p2a: Hitmonlee|atk|1\n|-unboost|p2b: Incineroar|atk|1\n|move|p2b: Incineroar|Fake Out|p1b: Urshifu\n|-damage|p1b: Urshifu|95/100\n|move|p2a: Hitmonlee|Knock Off|p1a: Incineroar\n|-resisted|p1a: Incineroar\n|-damage|p1a: Incineroar|46/100\n|-damage|p2a: Hitmonlee|84/100|[from] item: Rocky Helmet|[of] p1a: Incineroar\n|-enditem|p1a: Incineroar|Rocky Helmet|[from] move: Knock Off|[of] p2a: Hitmonlee\n|cant|p1b: Urshifu|flinch\n|\n|upkeep\n|turn|3\n|inactive|itszachstone has 30 seconds left.\n|\n|t:|1773569341\n|switch|p2b: Miraidon|Miraidon, L50|100/100\n|-activate|p2b: Miraidon|ability: Hadron Engine\n|move|p2a: Hitmonlee|Knock Off|p1b: Urshifu\n|-resisted|p1b: Urshifu\n|-damage|p1b: Urshifu|87/100\n|-enditem|p1b: Urshifu|Mystic Water|[from] move: Knock Off|[of] p2a: Hitmonlee\n|move|p1b: Urshifu|Surging Strikes|p2a: Hitmonlee\n|-crit|p2a: Hitmonlee\n|-damage|p2a: Hitmonlee|43/100\n|-crit|p2a: Hitmonlee\n|-damage|p2a: Hitmonlee|5/100\n|-crit|p2a: Hitmonlee\n|-damage|p2a: Hitmonlee|0 fnt\n|faint|p2a: Hitmonlee\n|-hitcount|p2: Hitmonlee|3\n|move|p1a: Incineroar|Parting Shot|p2b: Miraidon\n|-unboost|p2b: Miraidon|atk|1\n|-unboost|p2b: Miraidon|spa|1\n|\n|t:|1773569363\n|switch|p1a: Calyrex|Calyrex-Ice, L50|100/100|[from] Parting Shot\n|-ability|p1a: Calyrex|As One\n|-ability|p1a: Calyrex|Unnerve\n|\n|upkeep\n|\n|t:|1773569367\n|switch|p2a: Calyrex|Calyrex-Ice, L50|100/100\n|-ability|p2a: Calyrex|As One\n|-ability|p2a: Calyrex|Unnerve\n|turn|4\n|\n|t:|1773569384\n|move|p1b: Urshifu|Detect|p1b: Urshifu\n|-singleturn|p1b: Urshifu|Protect\n|move|p2b: Miraidon|Volt Switch|p1a: Calyrex\n|-damage|p1a: Calyrex|70/100\n|\n|t:|1773569389\n|switch|p2b: Incineroar|Incineroar, L50, F|100/100|[from] Volt Switch\n|-ability|p2b: Incineroar|Intimidate|boost\n|-fail|p1a: Calyrex|unboost|[from] item: Clear Amulet|[of] p1a: Calyrex\n|-unboost|p1b: Urshifu|atk|1\n|move|p2a: Calyrex|Leech Seed|p1a: Calyrex\n|-start|p1a: Calyrex|move: Leech Seed\n|move|p1a: Calyrex|Glacial Lance|p2b: Incineroar|[spread] p2a,p2b\n|-resisted|p2a: Calyrex\n|-resisted|p2b: Incineroar\n|-damage|p2a: Calyrex|82/100\n|-damage|p2b: Incineroar|76/100\n|\n|-heal|p2a: Calyrex|87/100|[from] item: Leftovers\n|-damage|p1a: Calyrex|58/100|[from] Leech Seed|[of] p2a: Calyrex\n|-heal|p2a: Calyrex|99/100|[silent]\n|upkeep\n|turn|5\n|inactive|navinsachump has 30 seconds left.\n|\n|t:|1773569417\n|move|p2b: Incineroar|Fake Out|p1b: Urshifu\n|-damage|p1b: Urshifu|77/100\n|cant|p1b: Urshifu|flinch\n|move|p2a: Calyrex|Leech Seed|p1b: Urshifu\n|-start|p1b: Urshifu|move: Leech Seed\n|move|p1a: Calyrex|Leech Seed|p2a: Calyrex\n|-start|p2a: Calyrex|move: Leech Seed\n|\n|-heal|p2a: Calyrex|100/100|[from] item: Leftovers\n|-damage|p1b: Urshifu|65/100|[from] Leech Seed|[of] p2a: Calyrex\n|-damage|p2a: Calyrex|88/100|[from] Leech Seed|[of] p1a: Calyrex\n|-heal|p1a: Calyrex|70/100|[silent]\n|-damage|p1a: Calyrex|58/100|[from] Leech Seed|[of] p2a: Calyrex\n|-heal|p2a: Calyrex|100/100|[silent]\n|-fieldend|move: Electric Terrain\n|upkeep\n|turn|6\n|inactive|itszachstone has 30 seconds left.\n|inactive|itszachstone has 20 seconds left.\n|inactive|itszachstone has 15 seconds left.\n|\n|t:|1773569457\n|switch|p2b: Miraidon|Miraidon, L50|100/100\n|-fieldstart|move: Electric Terrain|[from] ability: Hadron Engine|[of] p2b: Miraidon\n|move|p1b: Urshifu|Surging Strikes|p2b: Miraidon\n|-resisted|p2b: Miraidon\n|-crit|p2b: Miraidon\n|-damage|p2b: Miraidon|90/100\n|-resisted|p2b: Miraidon\n|-crit|p2b: Miraidon\n|-damage|p2b: Miraidon|80/100\n|-resisted|p2b: Miraidon\n|-crit|p2b: Miraidon\n|-damage|p2b: Miraidon|70/100\n|-hitcount|p2b: Miraidon|3\n|move|p2a: Calyrex|Glacial Lance|p1a: Calyrex|[spread] p1a,p1b\n|-resisted|p1a: Calyrex\n|-resisted|p1b: Urshifu\n|-damage|p1a: Calyrex|45/100\n|-damage|p1b: Urshifu|43/100\n|move|p1a: Calyrex|Glacial Lance|p2a: Calyrex|[spread] p2a,p2b\n|-resisted|p2a: Calyrex\n|-supereffective|p2b: Miraidon\n|-damage|p2a: Calyrex|84/100\n|-damage|p2b: Miraidon|0 fnt\n|faint|p2b: Miraidon\n|-ability|p1a: Calyrex|Chilling Neigh|boost\n|-boost|p1a: Calyrex|atk|1\n|\n|-heal|p2a: Calyrex|89/100|[from] item: Leftovers\n|-damage|p1b: Urshifu|31/100|[from] Leech Seed|[of] p2a: Calyrex\n|-heal|p2a: Calyrex|100/100|[silent]\n|-damage|p2a: Calyrex|88/100|[from] Leech Seed|[of] p1a: Calyrex\n|-heal|p1a: Calyrex|57/100|[silent]\n|-damage|p1a: Calyrex|45/100|[from] Leech Seed|[of] p2a: Calyrex\n|-heal|p2a: Calyrex|100/100|[silent]\n|upkeep\n|\n|t:|1773569475\n|switch|p2b: Incineroar|Incineroar, L50, F|76/100\n|-ability|p2b: Incineroar|Intimidate|boost\n|-fail|p1a: Calyrex|unboost|[from] item: Clear Amulet|[of] p1a: Calyrex\n|-unboost|p1b: Urshifu|atk|1\n|turn|7\n|\n|t:|1773569492\n|switch|p1b: Incineroar|Incineroar, L50, F|46/100\n|-ability|p1b: Incineroar|Intimidate|boost\n|-unboost|p2a: Calyrex|atk|1\n|-unboost|p2b: Incineroar|atk|1\n|move|p1a: Calyrex|Protect|p1a: Calyrex\n|-singleturn|p1a: Calyrex|Protect\n|move|p2b: Incineroar|Fake Out|p1b: Incineroar\n|-damage|p1b: Incineroar|39/100\n|move|p2a: Calyrex|Glacial Lance|p1b: Incineroar|[spread] p1b\n|-activate|p1a: Calyrex|move: Protect\n|-resisted|p1b: Incineroar\n|-damage|p1b: Incineroar|24/100\n|\n|-damage|p2a: Calyrex|88/100|[from] Leech Seed|[of] p1a: Calyrex\n|-heal|p1a: Calyrex|57/100|[silent]\n|-damage|p1a: Calyrex|45/100|[from] Leech Seed|[of] p2a: Calyrex\n|-heal|p2a: Calyrex|100/100|[silent]\n|upkeep\n|turn|8\n|\n|t:|1773569513\n|switch|p1b: Urshifu|Urshifu-Rapid-Strike, L50, M|31/100\n|move|p2a: Calyrex|Leech Seed|p1b: Urshifu\n|-start|p1b: Urshifu|move: Leech Seed\n|move|p2b: Incineroar|Knock Off|p1a: Calyrex\n|-supereffective|p1a: Calyrex\n|-damage|p1a: Calyrex|15/100\n|-enditem|p1a: Calyrex|Clear Amulet|[from] move: Knock Off|[of] p2b: Incineroar\n|move|p1a: Calyrex|Leech Seed|p2b: Incineroar\n|-start|p2b: Incineroar|move: Leech Seed\n|\n|-damage|p1b: Urshifu|18/100|[from] Leech Seed|[of] p2a: Calyrex\n|-damage|p2a: Calyrex|88/100|[from] Leech Seed|[of] p1a: Calyrex\n|-heal|p1a: Calyrex|27/100|[silent]\n|-damage|p2b: Incineroar|64/100|[from] Leech Seed|[of] p1a: Calyrex\n|-heal|p1a: Calyrex|39/100|[silent]\n|-damage|p1a: Calyrex|27/100|[from] Leech Seed|[of] p2a: Calyrex\n|-heal|p2a: Calyrex|100/100|[silent]\n|upkeep\n|turn|9\n|inactive|itszachstone has 30 seconds left.\n|\n|t:|1773569544\n|-terastallize|p2a: Calyrex|Water\n|move|p1b: Urshifu|Surging Strikes|p2b: Incineroar\n|-supereffective|p2b: Incineroar\n|-crit|p2b: Incineroar\n|-damage|p2b: Incineroar|28/100\n|-supereffective|p2b: Incineroar\n|-crit|p2b: Incineroar\n|-damage|p2b: Incineroar|0 fnt\n|faint|p2b: Incineroar\n|-hitcount|p2: Incineroar|2\n|move|p2a: Calyrex|Glacial Lance|p1a: Calyrex|[spread] p1a,p1b\n|-resisted|p1a: Calyrex\n|-crit|p1a: Calyrex\n|-resisted|p1b: Urshifu\n|-damage|p1a: Calyrex|4/100\n|-damage|p1b: Urshifu|2/100\n|move|p1a: Calyrex|Glacial Lance|p2a: Calyrex\n|-resisted|p2a: Calyrex\n|-damage|p2a: Calyrex|67/100\n|\n|-heal|p2a: Calyrex|73/100|[from] item: Leftovers\n|-damage|p1b: Urshifu|0 fnt|[from] Leech Seed|[of] p2a: Calyrex\n|-heal|p2a: Calyrex|74/100|[silent]\n|faint|p1b: Urshifu\n|-damage|p2a: Calyrex|62/100|[from] Leech Seed|[of] p1a: Calyrex\n|-heal|p1a: Calyrex|16/100|[silent]\n|-damage|p1a: Calyrex|4/100|[from] Leech Seed|[of] p2a: Calyrex\n|-heal|p2a: Calyrex|74/100|[silent]\n|upkeep\n|\n|t:|1773569551\n|switch|p1b: Incineroar|Incineroar, L50, F|24/100\n|-ability|p1b: Incineroar|Intimidate|boost\n|-unboost|p2a: Calyrex|atk|1\n|turn|10\n|\n|t:|1773569561\n|switch|p1a: Miraidon|Miraidon, L50|100/100\n|-activate|p1a: Miraidon|ability: Hadron Engine\n|move|p2a: Calyrex|Protect|p2a: Calyrex\n|-singleturn|p2a: Calyrex|Protect\n|move|p1b: Incineroar|Fake Out|p2a: Calyrex\n|-activate|p2a: Calyrex|move: Protect\n|\n|-heal|p2a: Calyrex|80/100|[from] item: Leftovers\n|-damage|p2a: Calyrex|68/100|[from] Leech Seed|[of] p1a: Miraidon\n|-fieldend|move: Electric Terrain\n|upkeep\n|turn|11\n|\n|t:|1773569579\n|move|p1b: Incineroar|Helping Hand|p1a: Miraidon\n|-singleturn|p1a: Miraidon|Helping Hand|[of] p1b: Incineroar\n|move|p1a: Miraidon|Electro Drift|p2a: Calyrex\n|-supereffective|p2a: Calyrex\n|-damage|p2a: Calyrex|0 fnt\n|faint|p2a: Calyrex\n|\n|win|navinsachump\n|raw|navinsachump's rating: 1540 &rarr; <strong>1554</strong><br />(+14 for winning)\n|raw|itszachstone's rating: 1429 &rarr; <strong>1415</strong><br />(-14 for losing)\n|l|\u2606itszachstone\n|player|p2|\n|l|\u2606navinsachump\n|player|p1|\n","uploadtime":1773569730,"views":17,"formatid":"gen9vgc2026regi","rating":1415,"private":0,"password":null}