{"id":"gen9vgc2026regi-2549603432","format":"[Gen 9] VGC 2026 Reg I","players":["don juan dozo","cdogp3"],"log":"|j|\u2606don juan dozo\n|j|\u2606cdogp3\n|t:|1772388932\n|gametype|doubles\n|player|p1|don juan dozo|102|1383\n|player|p2|cdogp3|hoopster|1652\n|gen|9\n|tier|[Gen 9] VGC 2026 Reg I\n|rated|\n|rule|Species Clause: Limit one of each Pok\u00e9mon\n|rule|Item Clause: Limit 1 of each item\n|clearpoke\n|poke|p1|Calyrex-Shadow, L50|\n|poke|p1|Zamazenta-*, L50|\n|poke|p1|Ting-Lu, L50|\n|poke|p1|Dondozo, L50, M|\n|poke|p1|Chien-Pao, L50|\n|poke|p1|Ogerpon-Hearthflame, L50, F|\n|poke|p2|Sneasler, L50, M|\n|poke|p2|Ditto, L50|\n|poke|p2|Calyrex-Ice, L50|\n|poke|p2|Miraidon, L50|\n|poke|p2|Urshifu-*, L50, F|\n|poke|p2|Incineroar, L50, M|\n|teampreview|4\n|inactive|Battle timer is ON: inactive players will automatically lose when time's up. (requested by cdogp3)\n|\n|t:|1772388957\n|teamsize|p1|4\n|teamsize|p2|4\n|start\n|switch|p1a: 221 speed|Calyrex-Shadow, L50|100/100\n|switch|p1b: Chromakopia|Ogerpon-Hearthflame, L50, F|100/100\n|switch|p2a: Sneasler|Sneasler, L50, M|100/100\n|switch|p2b: Miraidon|Miraidon, L50|100/100\n|-ability|p1a: 221 speed|As One\n|-ability|p1a: 221 speed|Unnerve\n|-fieldstart|move: Electric Terrain|[from] ability: Hadron Engine|[of] p2b: Miraidon\n|-enditem|p2a: Sneasler|Electric Seed\n|-boost|p2a: Sneasler|def|1|[from] item: Electric Seed\n|-ability|p1b: Chromakopia|Mold Breaker\n|turn|1\n|j| globalfish39\n|inactive|don juan dozo has 30 seconds left.\n|inactive|don juan dozo has 20 seconds left.\n|inactive|don juan dozo has 15 seconds left.\n|\n|t:|1772389001\n|-terastallize|p2a: Sneasler|Dark\n|move|p1a: 221 speed|Protect|p1a: 221 speed\n|-singleturn|p1a: 221 speed|Protect\n|move|p1b: Chromakopia|Spiky Shield|p1b: Chromakopia\n|-singleturn|p1b: Chromakopia|move: Protect\n|move|p2a: Sneasler|Dire Claw|p1b: Chromakopia\n|-activate|p1b: Chromakopia|move: Protect\n|-damage|p2a: Sneasler|88/100|[from] Spiky Shield|[of] p1b: Chromakopia\n|move|p2b: Miraidon|Volt Switch|p1a: 221 speed\n|-activate|p1a: 221 speed|move: Protect\n|\n|upkeep\n|turn|2\n|inactive|don juan dozo has 30 seconds left.\n|\n|t:|1772389034\n|switch|p1a: Jordan 96/97|Ting-Lu, L50|100/100\n|-ability|p1a: Jordan 96/97|Vessel of Ruin\n|-terastallize|p1b: Chromakopia|Fire\n|detailschange|p1b: Chromakopia|Ogerpon-Hearthflame-Tera, L50, F, tera:Fire\n|-ability|p1b: Chromakopia|Embody Aspect (Hearthflame)|boost\n|-boost|p1b: Chromakopia|atk|1\n|move|p2a: Sneasler|Dire Claw|p1b: Chromakopia\n|-damage|p1b: Chromakopia|40/100\n|move|p2b: Miraidon|Volt Switch|p1a: Jordan 96/97\n|-immune|p1a: Jordan 96/97\n|move|p1b: Chromakopia|Ivy Cudgel|p2a: Sneasler|[anim] Ivy Cudgel Fire\n|-crit|p2a: Sneasler\n|-damage|p2a: Sneasler|0 fnt\n|faint|p2a: Sneasler\n|\n|upkeep\n|\n|t:|1772389046\n|switch|p2a: Calyrex|Calyrex-Ice, L50|100/100\n|-ability|p2a: Calyrex|As One\n|-ability|p2a: Calyrex|Unnerve\n|turn|3\n|\n|t:|1772389064\n|move|p1b: Chromakopia|Spiky Shield|p1b: Chromakopia\n|-singleturn|p1b: Chromakopia|move: Protect\n|move|p2b: Miraidon|Volt Switch|p1b: Chromakopia\n|-activate|p1b: Chromakopia|move: Protect\n|move|p2a: Calyrex|Glacial Lance|p1b: Chromakopia|[spread] p1a\n|-activate|p1b: Chromakopia|move: Protect\n|-supereffective|p1a: Jordan 96/97\n|-damage|p1a: Jordan 96/97|44/100\n|move|p1a: Jordan 96/97|Sand Tomb|p2b: Miraidon\n|-supereffective|p2b: Miraidon\n|-damage|p2b: Miraidon|73/100\n|-activate|p2b: Miraidon|move: Sand Tomb|[of] p1a: Jordan 96/97\n|\n|-damage|p2b: Miraidon|61/100|[from] move: Sand Tomb|[partiallytrapped]\n|upkeep\n|turn|4\n|\n|t:|1772389088\n|switch|p1b: Magnus Carlsen|Zamazenta-Crowned, L50|100/100\n|-ability|p1b: Magnus Carlsen|Dauntless Shield|boost\n|-boost|p1b: Magnus Carlsen|def|1\n|switch|p1a: 221 speed|Calyrex-Shadow, L50|100/100\n|-ability|p1a: 221 speed|As One\n|-ability|p1a: 221 speed|Unnerve\n|move|p2b: Miraidon|Volt Switch|p1b: Magnus Carlsen\n|-damage|p1b: Magnus Carlsen|30/100\n|-damage|p2b: Miraidon|51/100|[from] item: Life Orb\n|\n|t:|1772389093\n|switch|p2b: Urshifu|Urshifu-Rapid-Strike, L50, F|100/100|[from] Volt Switch\n|move|p2a: Calyrex|Trick Room|p2a: Calyrex\n|-fieldstart|move: Trick Room|[of] p2a: Calyrex\n|\n|upkeep\n|turn|5\n|-message|don juan dozo forfeited.\n|\n|win|cdogp3\n|raw|don juan dozo's rating: 1383 &rarr; <strong>1376</strong><br />(-7 for losing)\n|raw|cdogp3's rating: 1660 &rarr; <strong>1667</strong><br />(+7 for winning)\n|l|\u2606don juan dozo\n|player|p1|\n|l|\u2606cdogp3\n|player|p2|\n","uploadtime":1772389356,"views":12,"formatid":"gen9vgc2026regi","rating":1376,"private":0,"password":null}