{"id":"gen9vgc2026regi-2560060393","format":"[Gen 9] VGC 2026 Reg I","players":["anskj","clefci"],"log":"|j|\u2606anskj\n|j|\u2606clefci\n|t:|1773644670\n|gametype|doubles\n|player|p1|anskj|2|1135\n|player|p2|clefci|169|1146\n|gen|9\n|tier|[Gen 9] VGC 2026 Reg I\n|rated|\n|rule|Species Clause: Limit one of each Pok\u00e9mon\n|rule|Item Clause: Limit 1 of each item\n|clearpoke\n|poke|p1|Terapagos, L50, M|\n|poke|p1|Stonjourner, L50, M|\n|poke|p1|Ditto, L50|\n|poke|p1|Amoonguss, L50, M|\n|poke|p1|Calyrex-Ice, L50|\n|poke|p1|Indeedee-F, L50, F|\n|poke|p2|Terapagos, L50, M|\n|poke|p2|Miraidon, L50|\n|poke|p2|Incineroar, L50, M|\n|poke|p2|Sinistcha, L50|\n|poke|p2|Iron Valiant, L50|\n|poke|p2|Iron Leaves, L50|\n|teampreview|4\n|inactive|Battle timer is ON: inactive players will automatically lose when time's up. (requested by clefci)\n|inactive|clefci has 60 seconds left.\n|\n|t:|1773644710\n|teamsize|p1|4\n|teamsize|p2|4\n|start\n|switch|p1a: Terapagos|Terapagos, L50, M|100/100\n|switch|p1b: Stonjourner|Stonjourner, L50, M, shiny|100/100\n|switch|p2a: Terapagos|Terapagos, L50, M|100/100\n|switch|p2b: Incineroar|Incineroar, L50, M|100/100\n|-activate|p2a: Terapagos|ability: Tera Shift\n|detailschange|p2a: Terapagos|Terapagos-Terastal, L50, M\n|-heal|p2a: Terapagos|100/100|[silent]\n|-activate|p1a: Terapagos|ability: Tera Shift\n|detailschange|p1a: Terapagos|Terapagos-Terastal, L50, M\n|-heal|p1a: Terapagos|100/100|[silent]\n|turn|1\n|c|\u2606anskj|blaze on incin?\n|\n|t:|1773644735\n|-terastallize|p1a: Terapagos|Stellar\n|detailschange|p1a: Terapagos|Terapagos-Stellar, L50, M, tera:Stellar\n|-heal|p1a: Terapagos|100/100|[silent]\n|move|p1b: Stonjourner|Wide Guard|p1b: Stonjourner\n|-singleturn|p1b: Stonjourner|Wide Guard\n|move|p2b: Incineroar|Fake Out|p1a: Terapagos\n|-crit|p1a: Terapagos\n|-damage|p1a: Terapagos|90/100\n|move|p2a: Terapagos|Calm Mind|p2a: Terapagos\n|-boost|p2a: Terapagos|spa|1\n|-boost|p2a: Terapagos|spd|1\n|cant|p1a: Terapagos|flinch\n|\n|upkeep\n|turn|2\n|\n|t:|1773644751\n|move|p1b: Stonjourner|Wide Guard|p1b: Stonjourner\n|-singleturn|p1b: Stonjourner|Wide Guard\n|move|p2a: Terapagos|Earth Power|p1b: Stonjourner\n|-supereffective|p1b: Stonjourner\n|-enditem|p1b: Stonjourner|Focus Sash\n|-damage|p1b: Stonjourner|1/100\n|move|p1a: Terapagos|Tera Starstorm|p2a: Terapagos|[spread] p2a,p2b\n|-activate|p2a: Terapagos|ability: Tera Shell\n|-resisted|p2a: Terapagos\n|-damage|p2a: Terapagos|77/100\n|-damage|p2b: Incineroar|30/100\n|move|p2b: Incineroar|Knock Off|p1b: Stonjourner\n|-damage|p1b: Stonjourner|0 fnt\n|faint|p1b: Stonjourner\n|\n|upkeep\n|\n|t:|1773644764\n|switch|p1b: Calyrex|Calyrex-Ice, L50|100/100\n|-ability|p1b: Calyrex|As One\n|-ability|p1b: Calyrex|Unnerve\n|turn|3\n|\n|t:|1773644774\n|switch|p2b: Sinistcha|Sinistcha, L50|100/100\n|-heal|p2a: Terapagos|100/100|[from] ability: Hospitality|[of] p2b: Sinistcha\n|move|p2a: Terapagos|Tera Starstorm|p1b: Calyrex\n|-damage|p1b: Calyrex|51/100\n|move|p1a: Terapagos|Tera Starstorm|p2b: Sinistcha|[spread] p2a,p2b\n|-activate|p2a: Terapagos|ability: Tera Shell\n|-resisted|p2a: Terapagos\n|-crit|p2a: Terapagos\n|-damage|p2a: Terapagos|66/100\n|-damage|p2b: Sinistcha|42/100\n|move|p1b: Calyrex|Trick Room|p1b: Calyrex\n|-fieldstart|move: Trick Room|[of] p1b: Calyrex\n|\n|upkeep\n|turn|4\n|inactive|clefci has 30 seconds left.\n|inactive|clefci has 20 seconds left.\n|inactive|clefci has 15 seconds left.\n|\n|t:|1773644818\n|move|p2a: Terapagos|Protect|p2a: Terapagos\n|-singleturn|p2a: Terapagos|Protect\n|move|p1b: Calyrex|Glacial Lance|p2b: Sinistcha|[spread] p2b\n|-activate|p2a: Terapagos|move: Protect\n|-supereffective|p2b: Sinistcha\n|-damage|p2b: Sinistcha|0 fnt\n|faint|p2b: Sinistcha\n|-ability|p1b: Calyrex|Chilling Neigh|boost\n|-boost|p1b: Calyrex|atk|1\n|move|p1a: Terapagos|Tera Starstorm|p2a: Terapagos\n|-activate|p2a: Terapagos|move: Protect\n|\n|upkeep\n|\n|t:|1773644828\n|switch|p2b: Incineroar|Incineroar, L50, M|30/100\n|turn|5\n|\n|t:|1773644839\n|switch|p1a: Amoonguss|Amoonguss, L50, M|100/100\n|-terastallize|p2a: Terapagos|Stellar\n|detailschange|p2a: Terapagos|Terapagos-Stellar, L50, M, tera:Stellar\n|-heal|p2a: Terapagos|74/100|[silent]\n|move|p1b: Calyrex|Protect|p1b: Calyrex\n|-singleturn|p1b: Calyrex|Protect\n|move|p2b: Incineroar|Fake Out|p1a: Amoonguss\n|-damage|p1a: Amoonguss|91/100\n|-damage|p2b: Incineroar|13/100|[from] item: Rocky Helmet|[of] p1a: Amoonguss\n|move|p2a: Terapagos|Tera Starstorm|p1a: Amoonguss|[spread] p1a\n|-activate|p1b: Calyrex|move: Protect\n|-damage|p1a: Amoonguss|48/100\n|\n|upkeep\n|turn|6\n|inactive|clefci has 30 seconds left.\n|\n|t:|1773644870\n|switch|p2b: Miraidon|Miraidon, L50|100/100\n|-fieldstart|move: Electric Terrain|[from] ability: Hadron Engine|[of] p2b: Miraidon\n|move|p2a: Terapagos|Protect|p2a: Terapagos\n|-singleturn|p2a: Terapagos|Protect\n|move|p1a: Amoonguss|Spore|p2a: Terapagos\n|-activate|p2a: Terapagos|move: Protect\n|move|p1b: Calyrex|Glacial Lance|p2b: Miraidon|[spread] p2b\n|-activate|p2a: Terapagos|move: Protect\n|-supereffective|p2b: Miraidon\n|-damage|p2b: Miraidon|0 fnt\n|faint|p2b: Miraidon\n|-ability|p1b: Calyrex|Chilling Neigh|boost\n|-boost|p1b: Calyrex|atk|1\n|\n|upkeep\n|\n|t:|1773644881\n|switch|p2b: Incineroar|Incineroar, L50, M|13/100\n|turn|7\n|\n|t:|1773644884\n|move|p1b: Calyrex|Protect|p1b: Calyrex\n|-singleturn|p1b: Calyrex|Protect\n|move|p2b: Incineroar|Fake Out|p1b: Calyrex\n|-activate|p1b: Calyrex|move: Protect\n|move|p1a: Amoonguss|Spore|p2a: Terapagos\n|-activate|p2a: Terapagos|move: Electric Terrain\n|move|p2a: Terapagos|Tera Starstorm|p1a: Amoonguss|[spread] p1a\n|-activate|p1b: Calyrex|move: Protect\n|-damage|p1a: Amoonguss|6/100\n|\n|-fieldend|move: Trick Room\n|upkeep\n|turn|8\n|\n|t:|1773644909\n|move|p1a: Amoonguss|Protect|p1a: Amoonguss\n|-singleturn|p1a: Amoonguss|Protect\n|move|p2a: Terapagos|Tera Starstorm|p1a: Amoonguss|[spread] p1b\n|-activate|p1a: Amoonguss|move: Protect\n|-damage|p1b: Calyrex|16/100\n|move|p2b: Incineroar|Knock Off|p1b: Calyrex\n|-supereffective|p1b: Calyrex\n|-damage|p1b: Calyrex|0 fnt\n|-enditem|p1b: Calyrex|Clear Amulet|[from] move: Knock Off|[of] p2b: Incineroar\n|faint|p1b: Calyrex\n|\n|upkeep\n|\n|t:|1773644916\n|switch|p1b: Terapagos|Terapagos-Stellar, L50, M, tera:Stellar|90/100\n|turn|9\n|\n|t:|1773644921\n|move|p2a: Terapagos|Tera Starstorm|p1a: Amoonguss|[spread] p1a,p1b\n|-supereffective|p1b: Terapagos\n|-damage|p1a: Amoonguss|0 fnt\n|-damage|p1b: Terapagos|13/100\n|faint|p1a: Amoonguss\n|move|p1b: Terapagos|Tera Starstorm|p2a: Terapagos|[spread] p2a,p2b\n|-supereffective|p2a: Terapagos\n|-damage|p2a: Terapagos|24/100\n|-damage|p2b: Incineroar|0 fnt\n|faint|p2b: Incineroar\n|\n|upkeep\n|turn|10\n|\n|t:|1773644932\n|move|p2a: Terapagos|Tera Starstorm|p1b: Terapagos\n|-supereffective|p1b: Terapagos\n|-damage|p1b: Terapagos|0 fnt\n|faint|p1b: Terapagos\n|detailschange|p1: Terapagos|Terapagos, L50, M|[silent]\n|\n|win|clefci\n|raw|anskj's rating: 1135 &rarr; <strong>1111</strong><br />(-24 for losing)\n|raw|clefci's rating: 1146 &rarr; <strong>1170</strong><br />(+24 for winning)\n|l|\u2606anskj\n|player|p1|\n|l|\u2606clefci\n|player|p2|\n","uploadtime":1773645293,"views":10,"formatid":"gen9vgc2026regi","rating":1111,"private":0,"password":null}