{"id":"gen9vgc2026regi-2559984268","format":"[Gen 9] VGC 2026 Reg I","players":["It'sJustKen VGC","biscotti5"],"log":"|j|\u2606It'sJustKen VGC\n|j|\u2606biscotti5\n|t:|1773631781\n|gametype|doubles\n|player|p1|It'sJustKen VGC|102|1275\n|player|p2|biscotti5|veteranf|1287\n|gen|9\n|tier|[Gen 9] VGC 2026 Reg I\n|rated|\n|rule|Species Clause: Limit one of each Pok\u00e9mon\n|rule|Item Clause: Limit 1 of each item\n|clearpoke\n|poke|p1|Urshifu-*, L50, M|\n|poke|p1|Incineroar, L50, M|\n|poke|p1|Flutter Mane, L50|\n|poke|p1|Whimsicott, L50, F|\n|poke|p1|Miraidon, L50|\n|poke|p1|Calyrex-Ice, L50|\n|poke|p2|Lunala, L50|\n|poke|p2|Miraidon, L50|\n|poke|p2|Whimsicott, L50, M|\n|poke|p2|Incineroar, L50, M|\n|poke|p2|Ursaluna, L50, F|\n|poke|p2|Ogerpon-Wellspring, L50, F|\n|teampreview|4\n|inactive|Battle timer is ON: inactive players will automatically lose when time's up. (requested by biscotti5)\n|inactive|It'sJustKen VGC also wants the timer to be on.\n|inactive|biscotti5 has 60 seconds left.\n|\n|t:|1773631818\n|teamsize|p1|4\n|teamsize|p2|4\n|start\n|switch|p1a: Miraidon|Miraidon, L50|100/100\n|switch|p1b: Piastri|Flutter Mane, L50|100/100\n|switch|p2a: Elvira|Lunala, L50|100/100\n|switch|p2b: Miraidon|Miraidon, L50|100/100\n|-fieldstart|move: Electric Terrain|[from] ability: Hadron Engine|[of] p2b: Miraidon\n|-activate|p1a: Miraidon|ability: Hadron Engine\n|-enditem|p1b: Piastri|Booster Energy\n|-activate|p1b: Piastri|ability: Protosynthesis|[fromitem]\n|-start|p1b: Piastri|protosynthesisspa\n|turn|1\n|inactive|biscotti5 has 30 seconds left.\n|inactive|biscotti5 has 20 seconds left.\n|\n|t:|1773631853\n|-terastallize|p2b: Miraidon|Fairy\n|-terastallize|p1a: Miraidon|Electric\n|move|p2b: Miraidon|Dazzling Gleam|p1b: Piastri|[spread] p1a,p1b\n|-damage|p1a: Miraidon|48/100\n|-damage|p1b: Piastri|32/100\n|move|p1b: Piastri|Shadow Ball|p2a: Elvira\n|-supereffective|p2a: Elvira\n|-damage|p2a: Elvira|30/100\n|move|p1a: Miraidon|Volt Switch|p2a: Elvira\n|-damage|p2a: Elvira|0 fnt\n|faint|p2a: Elvira\n|\n|t:|1773631867\n|switch|p1a: Calyrex|Calyrex-Ice, L50|100/100|[from] Volt Switch\n|-ability|p1a: Calyrex|As One\n|-ability|p1a: Calyrex|Unnerve\n|\n|upkeep\n|\n|t:|1773631871\n|switch|p2a: Ogerpon|Ogerpon-Wellspring, L50, F|100/100\n|turn|2\n|\n|t:|1773631881\n|move|p1a: Calyrex|Protect|p1a: Calyrex\n|-singleturn|p1a: Calyrex|Protect\n|move|p2b: Miraidon|Dazzling Gleam|p1a: Calyrex|[spread] p1b\n|-activate|p1a: Calyrex|move: Protect\n|-damage|p1b: Piastri|0 fnt\n|faint|p1b: Piastri\n|-end|p1b: Piastri|Protosynthesis|[silent]\n|move|p2a: Ogerpon|Ivy Cudgel|p1a: Calyrex|[anim] Ivy Cudgel Water\n|-activate|p1a: Calyrex|move: Protect\n|\n|upkeep\n|\n|t:|1773631883\n|switch|p1b: Hamilton|Incineroar, L50, M|100/100\n|-ability|p1b: Hamilton|Intimidate|boost\n|-unboost|p2a: Ogerpon|atk|1\n|-unboost|p2b: Miraidon|atk|1\n|turn|3\n|\n|t:|1773631888\n|move|p1b: Hamilton|Fake Out|p2a: Ogerpon\n|-damage|p2a: Ogerpon|84/100\n|move|p2b: Miraidon|Dazzling Gleam|p1a: Calyrex|[spread] p1a,p1b\n|-damage|p1a: Calyrex|42/100\n|-damage|p1b: Hamilton|56/100\n|cant|p2a: Ogerpon|flinch\n|move|p1a: Calyrex|Trick Room|p1a: Calyrex\n|-fieldstart|move: Trick Room|[of] p1a: Calyrex\n|\n|upkeep\n|turn|4\n|\n|t:|1773631914\n|move|p1a: Calyrex|Protect|p1a: Calyrex\n|-singleturn|p1a: Calyrex|Protect\n|move|p1b: Hamilton|Flare Blitz|p2b: Miraidon\n|-damage|p2b: Miraidon|37/100\n|-damage|p1b: Hamilton|36/100|[from] Recoil\n|move|p2a: Ogerpon|Ivy Cudgel|p1a: Calyrex|[anim] Ivy Cudgel Water\n|-activate|p1a: Calyrex|move: Protect\n|move|p2b: Miraidon|Dazzling Gleam|p1b: Hamilton|[spread] p1b\n|-activate|p1a: Calyrex|move: Protect\n|-damage|p1b: Hamilton|0 fnt\n|faint|p1b: Hamilton\n|\n|upkeep\n|\n|t:|1773631917\n|switch|p1b: Miraidon|Miraidon, L50, tera:Electric|48/100\n|-activate|p1b: Miraidon|ability: Hadron Engine\n|turn|5\n|\n|t:|1773631924\n|switch|p2a: Grazer|Ursaluna, L50, F|100/100\n|move|p1a: Calyrex|Glacial Lance|p2b: Miraidon|[spread] p2a,p2b\n|-supereffective|p2a: Grazer\n|-crit|p2a: Grazer\n|-damage|p2a: Grazer|0 fnt\n|-damage|p2b: Miraidon|0 fnt\n|faint|p2a: Grazer\n|faint|p2b: Miraidon\n|-ability|p1a: Calyrex|Chilling Neigh|boost\n|-boost|p1a: Calyrex|atk|2\n|move|p1b: Miraidon|Electro Drift|p2: Grazer|[notarget]\n|-fail|p1b: Miraidon\n|\n|-fieldend|move: Electric Terrain\n|upkeep\n|\n|t:|1773631930\n|switch|p2a: Ogerpon|Ogerpon-Wellspring, L50, F|84/100\n|turn|6\n|\n|t:|1773631934\n|move|p1a: Calyrex|Glacial Lance|p2a: Ogerpon\n|-damage|p2a: Ogerpon|0 fnt\n|faint|p2a: Ogerpon\n|\n|win|It'sJustKen VGC\n|raw|It&apos;sJustKen VGC's rating: 1275 &rarr; <strong>1301</strong><br />(+26 for winning)\n|raw|biscotti5's rating: 1287 &rarr; <strong>1261</strong><br />(-26 for losing)\n|l|\u2606biscotti5\n|player|p2|\n","uploadtime":1773631939,"views":11,"formatid":"gen9vgc2026regi","rating":1261,"private":0,"password":null}