{"id":"gen9vgc2026regi-2579606307","format":"[Gen 9] VGC 2026 Reg I","players":["TheManOfSausage","pengwin694"],"log":"|j|\u2606TheManOfSausage\n|j|\u2606pengwin694\n|t:|1775804796\n|gametype|doubles\n|player|p1|TheManOfSausage|miku-water|1671\n|player|p2|pengwin694|2|1593\n|gen|9\n|tier|[Gen 9] VGC 2026 Reg I\n|rated|\n|rule|Species Clause: Limit one of each Pok\u00e9mon\n|rule|Item Clause: Limit 1 of each item\n|clearpoke\n|poke|p1|Calyrex-Ice, L50|\n|poke|p1|Miraidon, L50|\n|poke|p1|Farigiraf, L50, F|\n|poke|p1|Urshifu-*, L50, M|\n|poke|p1|Volcarona, L50, M|\n|poke|p1|Iron Hands, L50|\n|poke|p2|Miraidon, L50|\n|poke|p2|Calyrex-Ice, L50|\n|poke|p2|Amoonguss, L50, F|\n|poke|p2|Incineroar, L50, F|\n|poke|p2|Urshifu-*, L50, F|\n|poke|p2|Landorus, L50, M|\n|teampreview|4\nTheManOfSausage has agreed to open team sheets.\n|\n|t:|1775804835\n|teamsize|p1|4\n|teamsize|p2|4\n|start\n|switch|p1a: Magical Mirai|Miraidon, L50|100/100\n|switch|p1b: Ogurin|Calyrex-Ice, L50|100/100\n|switch|p2a: Miraidon|Miraidon, L50|100/100\n|switch|p2b: Incineroar|Incineroar, L50, F|100/100\n|-ability|p1b: Ogurin|As One\n|-ability|p1b: Ogurin|Unnerve\n|-fieldstart|move: Electric Terrain|[from] ability: Hadron Engine|[of] p1a: Magical Mirai\n|-activate|p2a: Miraidon|ability: Hadron Engine\n|-ability|p2b: Incineroar|Intimidate|boost\n|-unboost|p1a: Magical Mirai|atk|1\n|-fail|p1b: Ogurin|unboost|[from] item: Clear Amulet|[of] p1b: Ogurin\n|turn|1\n|\n|t:|1775804871\n|-terastallize|p2a: Miraidon|Electric\n|move|p1b: Ogurin|Protect|p1b: Ogurin\n|-singleturn|p1b: Ogurin|Protect\n|move|p1a: Magical Mirai|Volt Switch|p2b: Incineroar\n|-damage|p2b: Incineroar|58/100\n|\n|t:|1775804877\n|switch|p1a: Brian|Iron Hands, L50, shiny|100/100|[from] Volt Switch\n|-activate|p1a: Brian|ability: Quark Drive\n|-start|p1a: Brian|quarkdriveatk\n|move|p2a: Miraidon|Volt Switch|p1a: Brian\n|-resisted|p1a: Brian\n|-damage|p1a: Brian|70/100\n|\n|t:|1775804890\n|switch|p2a: Calyrex|Calyrex-Ice, L50|100/100|[from] Volt Switch\n|-ability|p2a: Calyrex|As One\n|-ability|p2a: Calyrex|Unnerve\n|move|p2b: Incineroar|Knock Off|p1a: Brian\n|-resisted|p1a: Brian\n|-damage|p1a: Brian|56/100\n|-enditem|p1a: Brian|Assault Vest|[from] move: Knock Off|[of] p2b: Incineroar\n|\n|upkeep\n|turn|2\n|\n|t:|1775804910\n|move|p1a: Brian|Fake Out|p2a: Calyrex\n|-crit|p2a: Calyrex\n|-damage|p2a: Calyrex|80/100\n|move|p2b: Incineroar|Knock Off|p1b: Ogurin\n|-supereffective|p1b: Ogurin\n|-damage|p1b: Ogurin|48/100\n|-enditem|p1b: Ogurin|Clear Amulet|[from] move: Knock Off|[of] p2b: Incineroar\n|cant|p2a: Calyrex|flinch\n|move|p1b: Ogurin|High Horsepower|p2b: Incineroar\n|-supereffective|p2b: Incineroar\n|-damage|p2b: Incineroar|0 fnt\n|faint|p2b: Incineroar\n|-ability|p1b: Ogurin|Chilling Neigh|boost\n|-boost|p1b: Ogurin|atk|1\n|\n|upkeep\n|\n|t:|1775804925\n|switch|p2b: Miraidon|Miraidon, L50, tera:Electric|100/100\n|-activate|p2b: Miraidon|ability: Hadron Engine\n|turn|3\n|\n|t:|1775804943\n|move|p1b: Ogurin|Protect|p1b: Ogurin\n|-singleturn|p1b: Ogurin|Protect\n|move|p2b: Miraidon|Volt Switch|p1b: Ogurin\n|-activate|p1b: Ogurin|move: Protect\n|move|p2a: Calyrex|High Horsepower|p1a: Brian\n|-supereffective|p1a: Brian\n|-damage|p1a: Brian|2/100\n|move|p1a: Brian|Low Kick|p2a: Calyrex\n|-damage|p2a: Calyrex|23/100\n|\n|upkeep\n|turn|4\n|\n|t:|1775804956\n|-end|p1a: Brian|Quark Drive|[silent]\n|switch|p1a: Volcarona|Volcarona, L50, M, shiny|100/100\n|move|p2b: Miraidon|Volt Switch|p1b: Ogurin\n|-damage|p1b: Ogurin|0 fnt\n|faint|p1b: Ogurin\n|\n|t:|1775804965\n|switch|p2b: Amoonguss|Amoonguss, L50, F|100/100|[from] Volt Switch\n|move|p2a: Calyrex|Glacial Lance|p1a: Volcarona\n|-resisted|p1a: Volcarona\n|-damage|p1a: Volcarona|52/100\n|\n|upkeep\n|\n|t:|1775804969\n|switch|p1b: Brian|Iron Hands, L50, shiny|2/100\n|-activate|p1b: Brian|ability: Quark Drive\n|-start|p1b: Brian|quarkdriveatk\n|turn|5\n|\n|t:|1775804995\n|move|p1b: Brian|Fake Out|p2a: Calyrex\n|-damage|p2a: Calyrex|10/100\n|move|p1a: Volcarona|Fiery Dance|p2b: Amoonguss\n|-supereffective|p2b: Amoonguss\n|-damage|p2b: Amoonguss|8/100\n|move|p2b: Amoonguss|Pollen Puff|p2a: Calyrex\n|-heal|p2a: Calyrex|60/100\n|cant|p2a: Calyrex|flinch\n|\n|-fieldend|move: Electric Terrain\n|-end|p1b: Brian|Quark Drive\n|upkeep\n|turn|6\n|\n|t:|1775805045\n|move|p1a: Volcarona|Fiery Dance|p2b: Amoonguss\n|-supereffective|p2b: Amoonguss\n|-damage|p2b: Amoonguss|0 fnt\n|-boost|p1a: Volcarona|spa|1\n|faint|p2b: Amoonguss\n|move|p2a: Calyrex|Glacial Lance|p1b: Brian|[spread] p1a,p1b\n|-resisted|p1a: Volcarona\n|-damage|p1a: Volcarona|14/100\n|-damage|p1b: Brian|0 fnt\n|faint|p1b: Brian\n|-end|p1b: Brian|Quark Drive|[silent]\n|-ability|p2a: Calyrex|Chilling Neigh|boost\n|-boost|p2a: Calyrex|atk|1\n|\n|upkeep\n|\n|t:|1775805050\n|switch|p1b: Magical Mirai|Miraidon, L50|100/100\n|switch|p2b: Miraidon|Miraidon, L50, tera:Electric|100/100\n|-fieldstart|move: Electric Terrain|[from] ability: Hadron Engine|[of] p1b: Magical Mirai\n|-activate|p2b: Miraidon|ability: Hadron Engine\n|turn|7\n|\n|t:|1775805086\n|-terastallize|p1b: Magical Mirai|Electric\n|move|p1a: Volcarona|Protect|p1a: Volcarona\n|-singleturn|p1a: Volcarona|Protect\n|move|p2a: Calyrex|Protect|p2a: Calyrex\n|-singleturn|p2a: Calyrex|Protect\n|move|p1b: Magical Mirai|Electro Drift|p2a: Calyrex\n|-activate|p2a: Calyrex|move: Protect\n|move|p2b: Miraidon|Snarl|p1b: Magical Mirai|[spread] p1b\n|-activate|p1a: Volcarona|move: Protect\n|-damage|p1b: Magical Mirai|83/100\n|-unboost|p1b: Magical Mirai|spa|1\n|\n|upkeep\n|turn|8\n|\n|t:|1775805108\n|move|p2a: Calyrex|Protect||[still]\n|-fail|p2a: Calyrex\n|move|p1b: Magical Mirai|Electro Drift|p2a: Calyrex\n|-damage|p2a: Calyrex|8/100\n|move|p2b: Miraidon|Snarl|p1b: Magical Mirai|[spread] p1a,p1b\n|-crit|p1b: Magical Mirai\n|-damage|p1a: Volcarona|0 fnt\n|-damage|p1b: Magical Mirai|54/100\n|-unboost|p1b: Magical Mirai|spa|1\n|faint|p1a: Volcarona\n|\n|upkeep\n|turn|9\n|\n|t:|1775805123\n|move|p2a: Calyrex|Protect|p2a: Calyrex\n|-singleturn|p2a: Calyrex|Protect\n|move|p1b: Magical Mirai|Electro Drift|p2b: Miraidon\n|-resisted|p2b: Miraidon\n|-damage|p2b: Miraidon|73/100\n|move|p2b: Miraidon|Snarl|p1b: Magical Mirai\n|-damage|p1b: Magical Mirai|30/100\n|-unboost|p1b: Magical Mirai|spa|1\n|\n|upkeep\n|turn|10\n|c|\u2606TheManOfSausage|gg\n|-message|TheManOfSausage forfeited.\n|\n|win|pengwin694\n|raw|TheManOfSausage's rating: 1671 &rarr; <strong>1647</strong><br />(-24 for losing)\n|raw|pengwin694's rating: 1593 &rarr; <strong>1617</strong><br />(+24 for winning)\n|l|\u2606TheManOfSausage\n|player|p1|\n|l|\u2606pengwin694\n|player|p2|\n","uploadtime":1775805282,"views":24,"formatid":"gen9vgc2026regi","rating":1617,"private":0,"password":null}