{"id":"gen9vgc2026regi-2532483183","format":"[Gen 9] VGC 2026 Reg I","players":["cervaster","VJ2511"],"log":"|j|\u2606cervaster\n|j|\u2606VJ2511\n|t:|1770183406\n|gametype|doubles\n|player|p1|cervaster|drayden|1278\n|player|p2|VJ2511|red-masters3|1394\n|gen|9\n|tier|[Gen 9] VGC 2026 Reg I\n|rated|\n|rule|Species Clause: Limit one of each Pok\u00e9mon\n|rule|Item Clause: Limit 1 of each item\n|clearpoke\n|poke|p1|Raging Bolt, L50|\n|poke|p1|Chien-Pao, L50|\n|poke|p1|Calyrex-Shadow, L50|\n|poke|p1|Rillaboom, L50, F|\n|poke|p1|Amoonguss, L50, F|\n|poke|p1|Zamazenta-*, L50|\n|poke|p2|Calyrex-Shadow, L50|\n|poke|p2|Zamazenta-*, L50|\n|poke|p2|Smeargle, L50, F|\n|poke|p2|Incineroar, L50, F|\n|poke|p2|Rillaboom, L50, F|\n|poke|p2|Raging Bolt, L50|\n|teampreview|4\n|inactive|Battle timer is ON: inactive players will automatically lose when time's up. (requested by cervaster)\n|\n|t:|1770183427\n|teamsize|p1|4\n|teamsize|p2|4\n|start\n|switch|p1a: Rillaboom|Rillaboom, L50, F|100/100\n|switch|p1b: Amoonguss|Amoonguss, L50, F|100/100\n|switch|p2a: Calyrex|Calyrex-Shadow, L50|100/100\n|switch|p2b: Smeargle|Smeargle, L50, F|100/100\n|-ability|p2a: Calyrex|As One\n|-ability|p2a: Calyrex|Unnerve\n|-fieldstart|move: Grassy Terrain|[from] ability: Grassy Surge|[of] p1a: Rillaboom\n|turn|1\n|\n|t:|1770183441\n|move|p2b: Smeargle|Fake Out|p1a: Rillaboom\n|-damage|p1a: Rillaboom|96/100\n|cant|p1a: Rillaboom|flinch\n|move|p2a: Calyrex|Psychic|p1b: Amoonguss\n|-supereffective|p1b: Amoonguss\n|-damage|p1b: Amoonguss|0 fnt\n|faint|p1b: Amoonguss\n|-ability|p2a: Calyrex|Grim Neigh|boost\n|-boost|p2a: Calyrex|spa|1\n|-damage|p2a: Calyrex|91/100|[from] item: Life Orb\n|\n|-heal|p2a: Calyrex|97/100|[from] Grassy Terrain\n|-heal|p1a: Rillaboom|100/100|[from] Grassy Terrain\n|-ability|p2b: Smeargle|Moody|boost\n|-boost|p2b: Smeargle|spa|2\n|-unboost|p2b: Smeargle|atk|1\n|upkeep\n|\n|t:|1770183456\n|switch|p1b: Calyrex|Calyrex-Shadow, L50|100/100\n|-ability|p1b: Calyrex|As One\n|-ability|p1b: Calyrex|Unnerve\n|turn|2\n|inactive|cervaster has 30 seconds left.\n|inactive|VJ2511 has 30 seconds left.\n|inactive|cervaster has 20 seconds left.\n|inactive|cervaster has 15 seconds left.\n|inactive|cervaster has 10 seconds left.\n|inactive|cervaster has 5 seconds left.\n|\n|t:|1770183508\n|-terastallize|p1b: Calyrex|Normal\n|-terastallize|p2a: Calyrex|Dark\n|move|p2b: Smeargle|Wide Guard|p2b: Smeargle\n|-singleturn|p2b: Smeargle|Wide Guard\n|move|p1a: Rillaboom|Grassy Glide|p2a: Calyrex\n|-crit|p2a: Calyrex\n|-damage|p2a: Calyrex|35/100\n|move|p1b: Calyrex|Astral Barrage|p2a: Calyrex|[spread] \n|-activate|p2a: Calyrex|move: Wide Guard\n|-activate|p2b: Smeargle|move: Wide Guard\n|move|p2a: Calyrex|Astral Barrage|p1b: Calyrex|[spread] p1a\n|-immune|p1b: Calyrex\n|-damage|p1a: Rillaboom|23/100\n|-damage|p2a: Calyrex|26/100|[from] item: Life Orb\n|\n|-heal|p2a: Calyrex|32/100|[from] Grassy Terrain\n|-heal|p1a: Rillaboom|29/100|[from] Grassy Terrain\n|-ability|p2b: Smeargle|Moody|boost\n|-boost|p2b: Smeargle|def|2\n|-unboost|p2b: Smeargle|atk|1\n|upkeep\n|turn|3\n|inactive|cervaster has 30 seconds left.\n|inactive|VJ2511 has 30 seconds left.\n|\n|t:|1770183542\n|switch|p2b: Incineroar|Incineroar, L50, F|100/100\n|-ability|p2b: Incineroar|Intimidate|boost\n|-unboost|p1a: Rillaboom|atk|1\n|-unboost|p1b: Calyrex|atk|1\n|move|p2a: Calyrex|Protect|p2a: Calyrex\n|-singleturn|p2a: Calyrex|Protect\n|move|p1a: Rillaboom|Grassy Glide|p2a: Calyrex\n|-activate|p2a: Calyrex|move: Protect\n|move|p1b: Calyrex|Psychic|p2b: Incineroar\n|-immune|p2b: Incineroar\n|\n|-heal|p2a: Calyrex|38/100|[from] Grassy Terrain\n|-heal|p1a: Rillaboom|35/100|[from] Grassy Terrain\n|upkeep\n|turn|4\n|\n|t:|1770183564\n|switch|p1b: Zamazenta|Zamazenta-Crowned, L50|100/100\n|-ability|p1b: Zamazenta|Dauntless Shield|boost\n|-boost|p1b: Zamazenta|def|1\n|move|p2b: Incineroar|Fake Out|p1a: Rillaboom\n|-damage|p1a: Rillaboom|25/100\n|move|p2a: Calyrex|Psychic|p1b: Zamazenta\n|-damage|p1b: Zamazenta|17/100\n|-damage|p2a: Calyrex|28/100|[from] item: Life Orb\n|cant|p1a: Rillaboom|flinch\n|\n|-heal|p2a: Calyrex|35/100|[from] Grassy Terrain\n|-heal|p1b: Zamazenta|22/100|[from] Grassy Terrain\n|-heal|p1a: Rillaboom|30/100|[from] Grassy Terrain\n|upkeep\n|turn|5\n|\n|t:|1770183587\n|switch|p2b: Smeargle|Smeargle, L50, F|100/100\n|move|p2a: Calyrex|Protect|p2a: Calyrex\n|-singleturn|p2a: Calyrex|Protect\n|move|p1a: Rillaboom|Grassy Glide|p2a: Calyrex\n|-activate|p2a: Calyrex|move: Protect\n|move|p1b: Zamazenta|Body Press|p2b: Smeargle\n|-supereffective|p2b: Smeargle\n|-enditem|p2b: Smeargle|Focus Sash\n|-damage|p2b: Smeargle|1/100\n|\n|-heal|p2a: Calyrex|41/100|[from] Grassy Terrain\n|-heal|p1b: Zamazenta|28/100|[from] Grassy Terrain\n|-heal|p2b: Smeargle|7/100|[from] Grassy Terrain\n|-heal|p1a: Rillaboom|36/100|[from] Grassy Terrain\n|-fieldend|move: Grassy Terrain\n|-ability|p2b: Smeargle|Moody|boost\n|-boost|p2b: Smeargle|spe|2\n|-unboost|p2b: Smeargle|spa|1\n|upkeep\n|turn|6\n|inactive|cervaster has 30 seconds left.\n|\n|t:|1770183618\n|switch|p1a: Calyrex|Calyrex-Shadow, L50, tera:Normal|100/100\n|-ability|p1a: Calyrex|As One\n|-ability|p1a: Calyrex|Unnerve\n|move|p1b: Zamazenta|Wide Guard|p1b: Zamazenta\n|-singleturn|p1b: Zamazenta|Wide Guard\n|move|p2b: Smeargle|Spore|p1b: Zamazenta\n|-status|p1b: Zamazenta|slp|[from] move: Spore\n|move|p2a: Calyrex|Psychic|p1a: Calyrex\n|-enditem|p1a: Calyrex|Focus Sash\n|-damage|p1a: Calyrex|1/100\n|-damage|p2a: Calyrex|31/100|[from] item: Life Orb\n|\n|-ability|p2b: Smeargle|Moody|boost\n|-boost|p2b: Smeargle|atk|2\n|-unboost|p2b: Smeargle|spa|1\n|upkeep\n|turn|7\n|inactive|cervaster has 30 seconds left.\n|inactive|cervaster has 20 seconds left.\n|\n|t:|1770183655\n|switch|p1b: Rillaboom|Rillaboom, L50, F|36/100\n|-fieldstart|move: Grassy Terrain|[from] ability: Grassy Surge|[of] p1b: Rillaboom\n|move|p1a: Calyrex|Protect|p1a: Calyrex\n|-singleturn|p1a: Calyrex|Protect\n|move|p2b: Smeargle|Spore|p1a: Calyrex\n|-activate|p1a: Calyrex|move: Protect\n|move|p2a: Calyrex|Psychic|p1b: Rillaboom\n|-damage|p1b: Rillaboom|0 fnt\n|faint|p1b: Rillaboom\n|-ability|p2a: Calyrex|Grim Neigh|boost\n|-boost|p2a: Calyrex|spa|1\n|-damage|p2a: Calyrex|22/100|[from] item: Life Orb\n|\n|-heal|p2b: Smeargle|13/100|[from] Grassy Terrain\n|-heal|p1a: Calyrex|7/100|[from] Grassy Terrain\n|-heal|p2a: Calyrex|28/100|[from] Grassy Terrain\n|-ability|p2b: Smeargle|Moody|boost\n|-boost|p2b: Smeargle|def|2\n|-unboost|p2b: Smeargle|atk|1\n|upkeep\n|c|\u2606VJ2511|gg\n|\n|t:|1770183673\n|switch|p1b: Zamazenta|Zamazenta-Crowned, L50|28/100 slp\n|turn|8\n|\n|t:|1770183685\n|move|p2b: Smeargle|Spore|p1a: Calyrex\n|-status|p1a: Calyrex|slp|[from] move: Spore\n|cant|p1a: Calyrex|slp\n|move|p2a: Calyrex|Psychic|p1b: Zamazenta\n|-damage|p1b: Zamazenta|0 fnt\n|faint|p1b: Zamazenta\n|-ability|p2a: Calyrex|Grim Neigh|boost\n|-boost|p2a: Calyrex|spa|1\n|-damage|p2a: Calyrex|18/100|[from] item: Life Orb\n|\n|-heal|p2b: Smeargle|20/100|[from] Grassy Terrain\n|-heal|p1a: Calyrex|14/100 slp|[from] Grassy Terrain\n|-heal|p2a: Calyrex|25/100|[from] Grassy Terrain\n|-ability|p2b: Smeargle|Moody|boost\n|-boost|p2b: Smeargle|spe|2\n|-unboost|p2b: Smeargle|atk|1\n|upkeep\n|turn|9\n|c|\u2606cervaster|gg\n|\n|t:|1770183704\n|move|p2b: Smeargle|Wide Guard|p2b: Smeargle\n|-singleturn|p2b: Smeargle|Wide Guard\n|-curestatus|p1a: Calyrex|slp|[msg]\n|move|p1a: Calyrex|Psychic|p2b: Smeargle\n|-damage|p2b: Smeargle|0 fnt\n|faint|p2b: Smeargle\n|-ability|p1a: Calyrex|Grim Neigh|boost\n|-boost|p1a: Calyrex|spa|1\n|move|p2a: Calyrex|Psychic|p1a: Calyrex\n|-damage|p1a: Calyrex|0 fnt\n|faint|p1a: Calyrex\n|-damage|p2a: Calyrex|15/100|[from] item: Life Orb\n|\n|win|VJ2511\n|raw|cervaster's rating: 1278 &rarr; <strong>1261</strong><br />(-17 for losing)\n|raw|VJ2511's rating: 1394 &rarr; <strong>1408</strong><br />(+14 for winning)\n","uploadtime":1770183713,"views":11,"formatid":"gen9vgc2026regi","rating":1261,"private":0,"password":null}