{"id":"gen9vgc2026regi-2561683669","format":"[Gen 9] VGC 2026 Reg I","players":["PATRIOTS_VG","ky123456"],"log":"|j|\u2606PATRIOTS_VG\n|j|\u2606ky123456\n|t:|1773832444\n|gametype|doubles\n|player|p1|PATRIOTS_VG|drayden|1624\n|player|p2|ky123456|cynthia-gen4|1594\n|gen|9\n|tier|[Gen 9] VGC 2026 Reg I\n|rated|\n|rule|Species Clause: Limit one of each Pok\u00e9mon\n|rule|Item Clause: Limit 1 of each item\n|clearpoke\n|poke|p1|Kyogre, L50|\n|poke|p1|Rillaboom, L50, M|\n|poke|p1|Urshifu-*, L50, M|\n|poke|p1|Flutter Mane, L50|\n|poke|p1|Calyrex-Ice, L50|\n|poke|p1|Amoonguss, L50, F|\n|poke|p2|Lunala, L50|\n|poke|p2|Miraidon, L50|\n|poke|p2|Whimsicott, L50, M|\n|poke|p2|Ursaluna, L50, M|\n|poke|p2|Urshifu-*, L50, M|\n|poke|p2|Incineroar, L50, M|\n|teampreview|4\n|inactive|Battle timer is ON: inactive players will automatically lose when time's up. (requested by PATRIOTS_VG)\n|\n|t:|1773832468\n|teamsize|p1|4\n|teamsize|p2|4\n|start\n|switch|p1a: Calyrex|Calyrex-Ice, L50|100/100\n|switch|p1b: Rillaboom|Rillaboom, L50, M|100/100\n|switch|p2a: Lunala|Lunala, L50|100/100\n|switch|p2b: Miraidon|Miraidon, L50|100/100\n|-ability|p1a: Calyrex|As One\n|-ability|p1a: Calyrex|Unnerve\n|-fieldstart|move: Electric Terrain|[from] ability: Hadron Engine|[of] p2b: Miraidon\n|-enditem|p2a: Lunala|Electric Seed\n|-boost|p2a: Lunala|def|1|[from] item: Electric Seed\n|-fieldstart|move: Grassy Terrain|[from] ability: Grassy Surge|[of] p1b: Rillaboom\n|turn|1\n|\n|t:|1773832487\n|switch|p2b: Incineroar|Incineroar, L50, M|100/100\n|-ability|p2b: Incineroar|Intimidate|boost\n|-unboost|p1a: Calyrex|atk|1\n|-unboost|p1b: Rillaboom|atk|1\n|move|p1b: Rillaboom|Fake Out|p2b: Incineroar\n|-damage|p2b: Incineroar|93/100\n|move|p2a: Lunala|Moongeist Beam|p1a: Calyrex\n|-supereffective|p1a: Calyrex\n|-damage|p1a: Calyrex|37/100\n|move|p1a: Calyrex|Trick Room|p1a: Calyrex\n|-fieldstart|move: Trick Room|[of] p1a: Calyrex\n|\n|-heal|p1a: Calyrex|43/100|[from] Grassy Terrain\n|-heal|p1a: Calyrex|48/100|[from] item: Leftovers\n|-heal|p2b: Incineroar|99/100|[from] Grassy Terrain\n|upkeep\n|turn|2\n|inactive|PATRIOTS_VG has 30 seconds left.\n|inactive|PATRIOTS_VG has 20 seconds left.\n|inactive|PATRIOTS_VG has 15 seconds left.\n|\n|t:|1773832528\n|move|p1a: Calyrex|Leech Seed|p2a: Lunala\n|-start|p2a: Lunala|move: Leech Seed\n|move|p2b: Incineroar|U-turn|p1b: Rillaboom\n|-supereffective|p1b: Rillaboom\n|-damage|p1b: Rillaboom|61/100\n|\n|t:|1773832533\n|switch|p2b: Ursaluna|Ursaluna, L50, M|100/100|[from] U-turn\n|move|p1b: Rillaboom|U-turn|p2b: Ursaluna\n|-damage|p2b: Ursaluna|89/100\n|\n|t:|1773832540\n|switch|p1b: Urshifu|Urshifu-Rapid-Strike, L50, M|100/100|[from] U-turn\n|move|p2a: Lunala|Moongeist Beam|p1a: Calyrex\n|-supereffective|p1a: Calyrex\n|-damage|p1a: Calyrex|0 fnt\n|faint|p1a: Calyrex\n|\n|-heal|p2b: Ursaluna|95/100|[from] Grassy Terrain\n|-status|p2b: Ursaluna|brn|[from] item: Flame Orb\n|upkeep\n|\n|t:|1773832556\n|switch|p1a: Rillaboom|Rillaboom, L50, M|61/100\n|turn|3\n|\n|t:|1773832563\n|switch|p2a: Incineroar|Incineroar, L50, M|99/100\n|-ability|p2a: Incineroar|Intimidate|boost\n|-unboost|p1a: Rillaboom|atk|1\n|-unboost|p1b: Urshifu|atk|1\n|-terastallize|p2b: Ursaluna|Ghost\n|-terastallize|p1b: Urshifu|Ghost\n|move|p1a: Rillaboom|Grassy Glide|p2a: Incineroar\n|-resisted|p2a: Incineroar\n|-damage|p2a: Incineroar|90/100\n|move|p2b: Ursaluna|Facade|p1b: Urshifu\n|-immune|p1b: Urshifu\n|move|p1b: Urshifu|Surging Strikes|p2b: Ursaluna\n|-crit|p2b: Ursaluna\n|-damage|p2b: Ursaluna|76/100 brn\n|-crit|p2b: Ursaluna\n|-damage|p2b: Ursaluna|59/100 brn\n|-crit|p2b: Ursaluna\n|-damage|p2b: Ursaluna|40/100 brn\n|-hitcount|p2b: Ursaluna|3\n|\n|-heal|p2b: Ursaluna|46/100 brn|[from] Grassy Terrain\n|-heal|p2a: Incineroar|96/100|[from] Grassy Terrain\n|-heal|p1a: Rillaboom|67/100|[from] Grassy Terrain\n|-damage|p2b: Ursaluna|40/100 brn|[from] brn\n|upkeep\n|turn|4\n|inactive|PATRIOTS_VG has 30 seconds left.\n|inactive|ky123456 has 30 seconds left.\n|inactive|PATRIOTS_VG has 20 seconds left.\n|inactive|PATRIOTS_VG has 15 seconds left.\n|\n|t:|1773832606\n|move|p1b: Urshifu|Detect|p1b: Urshifu\n|-singleturn|p1b: Urshifu|Protect\n|move|p1a: Rillaboom|Grassy Glide|p2b: Ursaluna\n|-damage|p2b: Ursaluna|23/100 brn\n|move|p2b: Ursaluna|Headlong Rush|p1b: Urshifu\n|-activate|p1b: Urshifu|move: Protect\n|move|p2a: Incineroar|Flare Blitz|p1b: Urshifu\n|-activate|p1b: Urshifu|move: Protect\n|\n|-heal|p2b: Ursaluna|29/100 brn|[from] Grassy Terrain\n|-heal|p2a: Incineroar|100/100|[from] Grassy Terrain\n|-heal|p1a: Rillaboom|72/100|[from] Grassy Terrain\n|-damage|p2b: Ursaluna|23/100 brn|[from] brn\n|upkeep\n|turn|5\n|\n|t:|1773832623\n|move|p1a: Rillaboom|Grassy Glide|p2b: Ursaluna\n|-damage|p2b: Ursaluna|7/100 brn\n|move|p1b: Urshifu|Aqua Jet|p2b: Ursaluna\n|-damage|p2b: Ursaluna|0 fnt\n|faint|p2b: Ursaluna\n|move|p2a: Incineroar|Flare Blitz|p1a: Rillaboom\n|-supereffective|p1a: Rillaboom\n|-damage|p1a: Rillaboom|0 fnt\n|faint|p1a: Rillaboom\n|-damage|p2a: Incineroar|76/100|[from] Recoil\n|\n|-heal|p2a: Incineroar|82/100|[from] Grassy Terrain\n|-fieldend|move: Trick Room\n|-fieldend|move: Grassy Terrain\n|upkeep\n|c|\u2606PATRIOTS_VG|Gg\n|-message|PATRIOTS_VG forfeited.\n|\n|win|ky123456\n|raw|PATRIOTS_VG's rating: 1624 &rarr; <strong>1602</strong><br />(-22 for losing)\n|raw|ky123456's rating: 1594 &rarr; <strong>1616</strong><br />(+22 for winning)\n|l|\u2606ky123456\n|player|p2|\n|l|\u2606PATRIOTS_VG\n|player|p1|\n|j|\u2606PATRIOTS_VG\n|player|p1|PATRIOTS_VG|drayden|\n|l|\u2606PATRIOTS_VG\n|player|p1|\n","uploadtime":1773832851,"views":54,"formatid":"gen9vgc2026regi","rating":1602,"private":0,"password":null}