{"id":"gen9vgc2026regi-2560349376","format":"[Gen 9] VGC 2026 Reg I","players":["musthaveamusty","Mirthinion"],"log":"|j|\u2606musthaveamusty\n|j|\u2606Mirthinion\n|t:|1773679490\n|gametype|doubles\n|player|p1|musthaveamusty|volkner|1243\n|player|p2|Mirthinion|janitor|1334\n|gen|9\n|tier|[Gen 9] VGC 2026 Reg I\n|rated|\n|rule|Species Clause: Limit one of each Pok\u00e9mon\n|rule|Item Clause: Limit 1 of each item\n|clearpoke\n|poke|p1|Miraidon, L50|\n|poke|p1|Calyrex-Shadow, L50|\n|poke|p1|Iron Hands, L50|\n|poke|p1|Ogerpon-Hearthflame, L50, F|\n|poke|p1|Urshifu-*, L50, M|\n|poke|p1|Grimmsnarl, L50, M|\n|poke|p2|Calyrex-Shadow, L50|\n|poke|p2|Zamazenta-*, L50|\n|poke|p2|Urshifu-*, L50, M|\n|poke|p2|Incineroar, L50, M|\n|poke|p2|Rillaboom, L50, M|\n|poke|p2|Tornadus, L50, M|\n|teampreview|4\n|inactive|Battle timer is ON: inactive players will automatically lose when time's up. (requested by Mirthinion)\nMirthinion rejected open team sheets.\n|inactive|Mirthinion has 60 seconds left.\n|inactive|Mirthinion has 30 seconds left.\n|inactive|Mirthinion has 20 seconds left.\n|inactive|Mirthinion has 15 seconds left.\n|inactive|Mirthinion has 10 seconds left.\n|inactive|Mirthinion has 5 seconds left.\n|\n|t:|1773679576\n|teamsize|p1|4\n|teamsize|p2|4\n|start\n|switch|p1a: Grimmsnarl|Grimmsnarl, L50, M|100/100\n|switch|p1b: Miraidon|Miraidon, L50|100/100\n|switch|p2a: Vangwe|Tornadus, L50, M|100/100\n|switch|p2b: Beowulf|Urshifu-Rapid-Strike, L50, M|100/100\n|-fieldstart|move: Electric Terrain|[from] ability: Hadron Engine|[of] p1b: Miraidon\n|turn|1\n|\n|t:|1773679597\n|switch|p2b: Hoplite|Rillaboom, L50, M|100/100\n|-fieldstart|move: Grassy Terrain|[from] ability: Grassy Surge|[of] p2b: Hoplite\n|move|p1a: Grimmsnarl|Fake Out|p2b: Hoplite\n|-damage|p2b: Hoplite|90/100\n|move|p2a: Vangwe|Tailwind|p2a: Vangwe\n|-sidestart|p2: Mirthinion|move: Tailwind\n|move|p1b: Miraidon|Electro Drift|p2a: Vangwe\n|-supereffective|p2a: Vangwe\n|-damage|p2a: Vangwe|0 fnt\n|faint|p2a: Vangwe\n|-damage|p1b: Miraidon|91/100|[from] item: Life Orb\n|\n|-heal|p2b: Hoplite|96/100|[from] Grassy Terrain\n|-heal|p1b: Miraidon|97/100|[from] Grassy Terrain\n|upkeep\n|\n|t:|1773679612\n|switch|p2a: Beowulf|Urshifu-Rapid-Strike, L50, M|100/100\n|turn|2\n|inactive|Mirthinion has 30 seconds left.\n|\n|t:|1773679642\n|move|p2b: Hoplite|Fake Out|p1a: Grimmsnarl\n|-damage|p1a: Grimmsnarl|88/100\n|move|p1a: Grimmsnarl|Thunder Wave|p2a: Beowulf\n|-status|p2a: Beowulf|par\n|move|p1b: Miraidon|Volt Switch|p2a: Beowulf\n|-supereffective|p2a: Beowulf\n|-damage|p2a: Beowulf|0 fnt\n|faint|p2a: Beowulf\n|-damage|p1b: Miraidon|87/100|[from] item: Life Orb\n|\n|t:|1773679654\n|switch|p1b: Calyrex|Calyrex-Shadow, L50|100/100|[from] Volt Switch\n|-ability|p1b: Calyrex|As One\n|-ability|p1b: Calyrex|Unnerve\n|\n|-heal|p2b: Hoplite|100/100|[from] Grassy Terrain\n|-heal|p1a: Grimmsnarl|94/100|[from] Grassy Terrain\n|upkeep\n|\n|t:|1773679663\n|switch|p2a: Mithrandir|Calyrex-Shadow, L50|100/100\n|-ability|p2a: Mithrandir|As One\n|-ability|p2a: Mithrandir|Unnerve\n|turn|3\n|\n|t:|1773679684\n|move|p2a: Mithrandir|Protect|p2a: Mithrandir\n|-singleturn|p2a: Mithrandir|Protect\n|move|p1b: Calyrex|Protect|p1b: Calyrex\n|-singleturn|p1b: Calyrex|Protect\n|move|p1a: Grimmsnarl|Thunder Wave|p2a: Mithrandir\n|-activate|p2a: Mithrandir|move: Protect\n|move|p2b: Hoplite|Wood Hammer|p1b: Calyrex\n|-activate|p1b: Calyrex|move: Protect\n|\n|-heal|p1a: Grimmsnarl|99/100|[from] Grassy Terrain\n|upkeep\n|turn|4\n|\n|t:|1773679705\n|move|p2b: Hoplite|Grassy Glide|p1b: Calyrex\n|-damage|p1b: Calyrex|56/100\n|move|p1a: Grimmsnarl|Thunder Wave|p2a: Mithrandir\n|-status|p2a: Mithrandir|par\n|move|p1b: Calyrex|Astral Barrage|p2a: Mithrandir|[spread] p2a,p2b\n|-supereffective|p2a: Mithrandir\n|-enditem|p2a: Mithrandir|Focus Sash\n|-damage|p2a: Mithrandir|1/100 par\n|-damage|p2b: Hoplite|61/100\n|cant|p2a: Mithrandir|par\n|\n|-heal|p1b: Calyrex|62/100|[from] Grassy Terrain\n|-heal|p2a: Mithrandir|7/100 par|[from] Grassy Terrain\n|-heal|p2b: Hoplite|67/100|[from] Grassy Terrain\n|-heal|p1a: Grimmsnarl|100/100|[from] Grassy Terrain\n|-sideend|p2: Mirthinion|move: Tailwind\n|upkeep\n|turn|5\n|\n|t:|1773679723\n|move|p2a: Mithrandir|Protect|p2a: Mithrandir\n|-singleturn|p2a: Mithrandir|Protect\n|move|p1a: Grimmsnarl|Thunder Wave|p2b: Hoplite\n|-status|p2b: Hoplite|par\n|move|p1b: Calyrex|Astral Barrage|p2a: Mithrandir|[spread] p2b\n|-activate|p2a: Mithrandir|move: Protect\n|-damage|p2b: Hoplite|29/100 par\n|move|p2b: Hoplite|Wood Hammer|p1b: Calyrex\n|-damage|p1b: Calyrex|0 fnt\n|faint|p1b: Calyrex\n|-damage|p2b: Hoplite|12/100 par|[from] Recoil\n|\n|-heal|p2a: Mithrandir|13/100 par|[from] Grassy Terrain\n|-heal|p2b: Hoplite|17/100 par|[from] Grassy Terrain\n|-fieldend|move: Grassy Terrain\n|upkeep\n|c|\u2606musthaveamusty|nice nicknames\n|\n|t:|1773679738\n|switch|p1b: Ogerpon|Ogerpon-Hearthflame, L50, F|100/100\n|-ability|p1b: Ogerpon|Mold Breaker\n|turn|6\n|c|\u2606Mirthinion|Ty. I commend your effective covert cloak. XD\n|c|\u2606musthaveamusty|haha thank you!\n|\n|t:|1773679756\n|-terastallize|p1b: Ogerpon|Fire\n|detailschange|p1b: Ogerpon|Ogerpon-Hearthflame-Tera, L50, F, tera:Fire\n|-ability|p1b: Ogerpon|Embody Aspect (Hearthflame)|boost\n|-boost|p1b: Ogerpon|atk|1\n|move|p1a: Grimmsnarl|Reflect|p1a: Grimmsnarl\n|-sidestart|p1: musthaveamusty|Reflect\n|move|p1b: Ogerpon|Ivy Cudgel|p2a: Mithrandir|[anim] Ivy Cudgel Fire\n|-damage|p2a: Mithrandir|0 fnt\n|faint|p2a: Mithrandir\n|move|p2b: Hoplite|Wood Hammer|p1a: Grimmsnarl\n|-damage|p1a: Grimmsnarl|57/100\n|-damage|p2b: Hoplite|3/100 par|[from] Recoil\n|\n|upkeep\n|turn|7\n|c|\u2606Mirthinion|gg\n|c|\u2606musthaveamusty|Nice to meet another friendly player here\n|c|\u2606Mirthinion|Indeed :)\n|c|\u2606musthaveamusty|so many people on here are toxic\n|inactive|musthaveamusty has 30 seconds left.\n|\n|t:|1773679785\n|move|p1b: Ogerpon|Ivy Cudgel|p2b: Hoplite|[anim] Ivy Cudgel Fire\n|-supereffective|p2b: Hoplite\n|-damage|p2b: Hoplite|0 fnt\n|faint|p2b: Hoplite\n|\n|win|musthaveamusty\n|raw|musthaveamusty's rating: 1243 &rarr; <strong>1274</strong><br />(+31 for winning)\n|raw|Mirthinion's rating: 1334 &rarr; <strong>1309</strong><br />(-25 for losing)\n|c|\u2606Mirthinion|Tell me about it.\n|c|\u2606musthaveamusty|ggwp!\n|c|\u2606Mirthinion|thanks, you too! Was good :)\n","uploadtime":1773679803,"views":99,"formatid":"gen9vgc2026regi","rating":1274,"private":0,"password":null}