{"id":"gen9vgc2026regi-2578830073","format":"[Gen 9] VGC 2026 Reg I","players":["SycrasisEU","Cleric234"],"log":"|j|\u2606SycrasisEU\n|j|\u2606Cleric234\n|t:|1775724521\n|gametype|doubles\n|player|p1|SycrasisEU|byron|1386\n|player|p2|Cleric234|169|1392\n|gen|9\n|tier|[Gen 9] VGC 2026 Reg I\n|rated|\n|rule|Species Clause: Limit one of each Pok\u00e9mon\n|rule|Item Clause: Limit 1 of each item\n|clearpoke\n|poke|p1|Terapagos, L50, M|\n|poke|p1|Rillaboom, L50, F|\n|poke|p1|Incineroar, L50, M|\n|poke|p1|Clefairy, L50, F|\n|poke|p1|Zamazenta-*, L50|\n|poke|p1|Sinistcha, L50|\n|poke|p2|Miraidon, L50|\n|poke|p2|Iron Valiant, L50|\n|poke|p2|Torkoal, L50, M|\n|poke|p2|Calyrex-Shadow, L50|\n|poke|p2|Roaring Moon, L50|\n|poke|p2|Whimsicott, L50, M|\n|teampreview|4\n|\n|t:|1775724560\n|teamsize|p1|4\n|teamsize|p2|4\n|start\n|switch|p1a: Terapagos|Terapagos, L50, M|100/100\n|switch|p1b: Rillaboom|Rillaboom, L50, F|100/100\n|switch|p2a: Calyrex|Calyrex-Shadow, L50|100/100\n|switch|p2b: Whimsicott|Whimsicott, L50, M|100/100\n|-activate|p1a: Terapagos|ability: Tera Shift\n|detailschange|p1a: Terapagos|Terapagos-Terastal, L50, M\n|-heal|p1a: Terapagos|100/100|[silent]\n|-ability|p2a: Calyrex|As One\n|-ability|p2a: Calyrex|Unnerve\n|-fieldstart|move: Grassy Terrain|[from] ability: Grassy Surge|[of] p1b: Rillaboom\n|turn|1\n|inactive|Battle timer is ON: inactive players will automatically lose when time's up. (requested by SycrasisEU)\n|\n|t:|1775724583\n|-terastallize|p2a: Calyrex|Fighting\n|move|p1b: Rillaboom|Fake Out|p2b: Whimsicott\n|-damage|p2b: Whimsicott|89/100\n|cant|p2b: Whimsicott|flinch\n|move|p2a: Calyrex|Tera Blast|p1a: Terapagos|[anim] Tera Blast Fighting\n|-activate|p1a: Terapagos|ability: Tera Shell\n|-resisted|p1a: Terapagos\n|-damage|p1a: Terapagos|82/100\n|move|p1a: Terapagos|Calm Mind|p1a: Terapagos\n|-boost|p1a: Terapagos|spa|1\n|-boost|p1a: Terapagos|spd|1\n|\n|-heal|p2b: Whimsicott|95/100|[from] Grassy Terrain\n|-heal|p1a: Terapagos|88/100|[from] Grassy Terrain\n|-heal|p1a: Terapagos|94/100|[from] item: Leftovers\n|upkeep\n|turn|2\n|inactive|Cleric234 has 30 seconds left.\n|\n|t:|1775724614\n|move|p1a: Terapagos|Protect|p1a: Terapagos\n|-singleturn|p1a: Terapagos|Protect\n|move|p2b: Whimsicott|Encore|p1a: Terapagos\n|-activate|p1a: Terapagos|move: Protect\n|move|p2a: Calyrex|Tera Blast|p1a: Terapagos|[anim] Tera Blast Fighting\n|-activate|p1a: Terapagos|move: Protect\n|move|p1b: Rillaboom|Wood Hammer|p2a: Calyrex\n|-enditem|p2a: Calyrex|Focus Sash\n|-damage|p2a: Calyrex|1/100\n|-damage|p1b: Rillaboom|72/100|[from] Recoil\n|\n|-heal|p2a: Calyrex|7/100|[from] Grassy Terrain\n|-heal|p2b: Whimsicott|100/100|[from] Grassy Terrain\n|-heal|p1a: Terapagos|99/100|[from] Grassy Terrain\n|-heal|p1b: Rillaboom|78/100|[from] Grassy Terrain\n|-heal|p1a: Terapagos|100/100|[from] item: Leftovers\n|upkeep\n|turn|3\n|\n|t:|1775724635\n|switch|p2a: Miraidon|Miraidon, L50|100/100\n|-fieldstart|move: Electric Terrain|[from] ability: Hadron Engine|[of] p2a: Miraidon\n|move|p2b: Whimsicott|Encore|p1a: Terapagos\n|-start|p1a: Terapagos|Encore\n|move|p1a: Terapagos|Protect||[still]\n|-fail|p1a: Terapagos\n|move|p1b: Rillaboom|Grassy Glide|p2a: Miraidon\n|-resisted|p2a: Miraidon\n|-damage|p2a: Miraidon|84/100\n|\n|upkeep\n|turn|4\n|inactive|Cleric234 has 30 seconds left.\n|\n|t:|1775724661\n|move|p1a: Terapagos|Protect|p1a: Terapagos\n|-singleturn|p1a: Terapagos|Protect\n|move|p2b: Whimsicott|Fake Tears|p1b: Rillaboom\n|-unboost|p1b: Rillaboom|spd|2\n|move|p2a: Miraidon|Electro Drift|p1b: Rillaboom\n|-resisted|p1b: Rillaboom\n|-damage|p1b: Rillaboom|16/100\n|move|p1b: Rillaboom|U-turn|p2b: Whimsicott\n|-damage|p2b: Whimsicott|80/100\n|\n|t:|1775724680\n|switch|p1b: Incineroar|Incineroar, L50, M, shiny|100/100|[from] U-turn\n|-ability|p1b: Incineroar|Intimidate|boost\n|-unboost|p2a: Miraidon|atk|1\n|-unboost|p2b: Whimsicott|atk|1\n|\n|upkeep\n|turn|5\n|\n|t:|1775724693\n|move|p1a: Terapagos|Protect||[still]\n|-fail|p1a: Terapagos\n|move|p2b: Whimsicott|Fake Tears|p1a: Terapagos\n|-unboost|p1a: Terapagos|spd|2\n|move|p2a: Miraidon|Electro Drift|p1a: Terapagos\n|-activate|p1a: Terapagos|ability: Tera Shell\n|-resisted|p1a: Terapagos\n|-damage|p1a: Terapagos|41/100\n|move|p1b: Incineroar|Flare Blitz|p2b: Whimsicott\n|-supereffective|p2b: Whimsicott\n|-damage|p2b: Whimsicott|0 fnt\n|faint|p2b: Whimsicott\n|-damage|p1b: Incineroar|79/100|[from] Recoil\n|\n|-heal|p1a: Terapagos|47/100|[from] item: Leftovers\n|-end|p1a: Terapagos|Encore\n|upkeep\n|\n|t:|1775724705\n|switch|p2b: Calyrex|Calyrex-Shadow, L50, tera:Fighting|7/100\n|-ability|p2b: Calyrex|As One\n|-ability|p2b: Calyrex|Unnerve\n|turn|6\n|\n|t:|1775724714\n|move|p1a: Terapagos|Protect|p1a: Terapagos\n|-singleturn|p1a: Terapagos|Protect\n|move|p2b: Calyrex|Tera Blast|p1b: Incineroar|[anim] Tera Blast Fighting\n|-supereffective|p1b: Incineroar\n|-crit|p1b: Incineroar\n|-damage|p1b: Incineroar|0 fnt\n|faint|p1b: Incineroar\n|-ability|p2b: Calyrex|Grim Neigh|boost\n|-boost|p2b: Calyrex|spa|1\n|move|p2a: Miraidon|Electro Drift|p1a: Terapagos\n|-activate|p1a: Terapagos|move: Protect\n|\n|-heal|p1a: Terapagos|53/100|[from] item: Leftovers\n|upkeep\n|\n|t:|1775724719\n|switch|p1b: Rillaboom|Rillaboom, L50, F|16/100\n|-fieldstart|move: Grassy Terrain|[from] ability: Grassy Surge|[of] p1b: Rillaboom\n|turn|7\n|\n|t:|1775724736\n|switch|p1a: Zamazenta|Zamazenta-Crowned, L50|100/100\n|-ability|p1a: Zamazenta|Dauntless Shield|boost\n|-boost|p1a: Zamazenta|def|1\n|move|p2b: Calyrex|Protect|p2b: Calyrex\n|-singleturn|p2b: Calyrex|Protect\n|move|p1b: Rillaboom|Grassy Glide|p2b: Calyrex\n|-activate|p2b: Calyrex|move: Protect\n|move|p2a: Miraidon|Electro Drift|p1a: Zamazenta\n|-damage|p1a: Zamazenta|63/100\n|\n|-heal|p2b: Calyrex|12/100|[from] Grassy Terrain\n|-heal|p2a: Miraidon|90/100|[from] Grassy Terrain\n|-heal|p1a: Zamazenta|69/100|[from] Grassy Terrain\n|-heal|p1b: Rillaboom|22/100|[from] Grassy Terrain\n|upkeep\n|turn|8\n|inactive|Cleric234 has 30 seconds left.\n|\n|t:|1775724766\n|switch|p2b: Iron Valiant|Iron Valiant, L50|100/100\n|-terastallize|p1a: Zamazenta|Dragon\n|move|p1b: Rillaboom|Grassy Glide|p2b: Iron Valiant\n|-damage|p2b: Iron Valiant|50/100\n|move|p2a: Miraidon|Volt Switch|p1a: Zamazenta\n|-resisted|p1a: Zamazenta\n|-damage|p1a: Zamazenta|57/100\n|\n|t:|1775724770\n|switch|p2a: Calyrex|Calyrex-Shadow, L50, tera:Fighting|12/100|[from] Volt Switch\n|-ability|p2a: Calyrex|As One\n|-ability|p2a: Calyrex|Unnerve\n|move|p1a: Zamazenta|Body Press|p2a: Calyrex\n|-crit|p2a: Calyrex\n|-damage|p2a: Calyrex|0 fnt\n|faint|p2a: Calyrex\n|\n|-heal|p2b: Iron Valiant|56/100|[from] Grassy Terrain\n|-heal|p1a: Zamazenta|63/100|[from] Grassy Terrain\n|-heal|p1b: Rillaboom|28/100|[from] Grassy Terrain\n|upkeep\n|\n|t:|1775724778\n|switch|p2a: Miraidon|Miraidon, L50|90/100\n|-fieldstart|move: Electric Terrain|[from] ability: Hadron Engine|[of] p2a: Miraidon\n|-activate|p2b: Iron Valiant|ability: Quark Drive\n|-start|p2b: Iron Valiant|quarkdrivespe\n|turn|9\n|\n|t:|1775724803\n|switch|p1b: Terapagos|Terapagos-Terastal, L50, M|53/100\n|move|p2b: Iron Valiant|Spirit Break|p1a: Zamazenta\n|-supereffective|p1a: Zamazenta\n|-damage|p1a: Zamazenta|29/100\n|-unboost|p1a: Zamazenta|spa|1\n|move|p2a: Miraidon|Electro Drift|p1b: Terapagos\n|-damage|p1b: Terapagos|0 fnt\n|faint|p1b: Terapagos\n|move|p1a: Zamazenta|Heavy Slam|p2b: Iron Valiant\n|-supereffective|p2b: Iron Valiant\n|-damage|p2b: Iron Valiant|0 fnt\n|faint|p2b: Iron Valiant\n|-end|p2b: Iron Valiant|Quark Drive|[silent]\n|\n|upkeep\n|\n|t:|1775724815\n|switch|p1b: Rillaboom|Rillaboom, L50, F|28/100\n|-fieldstart|move: Grassy Terrain|[from] ability: Grassy Surge|[of] p1b: Rillaboom\n|turn|10\n|\n|t:|1775724823\n|move|p1b: Rillaboom|Fake Out|p2a: Miraidon\n|-damage|p2a: Miraidon|75/100\n|move|p2a: Miraidon|Draco Meteor|p1a: Zamazenta\n|-supereffective|p1a: Zamazenta\n|-damage|p1a: Zamazenta|0 fnt\n|-unboost|p2a: Miraidon|spa|2\n|faint|p1a: Zamazenta\n|\n|-heal|p2a: Miraidon|81/100|[from] Grassy Terrain\n|-heal|p1b: Rillaboom|34/100|[from] Grassy Terrain\n|upkeep\n|turn|11\n|\n|t:|1775724839\n|move|p1b: Rillaboom|Grassy Glide|p2a: Miraidon\n|-resisted|p2a: Miraidon\n|-damage|p2a: Miraidon|59/100\n|move|p2a: Miraidon|Electro Drift|p1b: Rillaboom\n|-resisted|p1b: Rillaboom\n|-damage|p1b: Rillaboom|23/100\n|\n|-heal|p2a: Miraidon|65/100|[from] Grassy Terrain\n|-heal|p1b: Rillaboom|29/100|[from] Grassy Terrain\n|upkeep\n|turn|12\n|\n|t:|1775724852\n|move|p2a: Miraidon|Electro Drift|p1b: Rillaboom\n|-resisted|p1b: Rillaboom\n|-damage|p1b: Rillaboom|19/100\n|move|p1b: Rillaboom|U-turn|p2a: Miraidon\n|-damage|p2a: Miraidon|39/100\n|\n|-heal|p2a: Miraidon|44/100|[from] Grassy Terrain\n|-heal|p1b: Rillaboom|25/100|[from] Grassy Terrain\n|upkeep\n|turn|13\n|\n|t:|1775724867\n|move|p2a: Miraidon|Draco Meteor|p1b: Rillaboom\n|-damage|p1b: Rillaboom|0 fnt\n|-unboost|p2a: Miraidon|spa|2\n|faint|p1b: Rillaboom\n|\n|win|Cleric234\n|raw|SycrasisEU's rating: 1386 &rarr; <strong>1366</strong><br />(-20 for losing)\n|raw|Cleric234's rating: 1392 &rarr; <strong>1412</strong><br />(+20 for winning)\n|l|\u2606SycrasisEU\n|player|p1|\n|l|\u2606Cleric234\n|player|p2|\n","uploadtime":1775725041,"views":9,"formatid":"gen9vgc2026regi","rating":1366,"private":0,"password":null}