{"id":"gen9vgc2026regi-2524913693","format":"[Gen 9] VGC 2026 Reg I","players":["Brrn44","jpto5"],"log":"|j|\u2606Brrn44\n|j|\u2606jpto5\n|t:|1769205378\n|gametype|doubles\n|player|p1|Brrn44|red|1329\n|player|p2|jpto5|169|1259\n|gen|9\n|tier|[Gen 9] VGC 2026 Reg I\n|rated|\n|rule|Species Clause: Limit one of each Pok\u00e9mon\n|rule|Item Clause: Limit 1 of each item\n|clearpoke\n|poke|p1|Zamazenta-*, L50|\n|poke|p1|Lunala, L50|\n|poke|p1|Chien-Pao, L50|\n|poke|p1|Ting-Lu, L50|\n|poke|p1|Rillaboom, L50, F|\n|poke|p1|Tornadus, L50, M|\n|poke|p2|Tornadus, L50, M|\n|poke|p2|Kyogre, L50|\n|poke|p2|Zacian-*, L50|\n|poke|p2|Incineroar, L50, M|\n|poke|p2|Basculegion, L50, M|\n|poke|p2|Kilowattrel, L50, F|\n|teampreview|4\n|inactive|Battle timer is ON: inactive players will automatically lose when time's up. (requested by jpto5)\n|inactive|Brrn44 has 60 seconds left.\n|inactive|Brrn44 has 30 seconds left.\n|inactive|Brrn44 has 20 seconds left.\n|inactive|Brrn44 has 15 seconds left.\n|inactive|Brrn44 has 10 seconds left.\n|\n|t:|1769205462\n|teamsize|p1|4\n|teamsize|p2|4\n|start\n|switch|p1a: Gaucho|Chien-Pao, L50, shiny|100/100\n|switch|p1b: Jeramy|Lunala, L50, shiny|100/100\n|switch|p2a: Tornadus|Tornadus, L50, M|100/100\n|switch|p2b: Kyogre|Kyogre, L50|100/100\n|-ability|p1a: Gaucho|Sword of Ruin\n|-weather|RainDance|[from] ability: Drizzle|[of] p2b: Kyogre\n|turn|1\n|\n|t:|1769205482\n|move|p1b: Jeramy|Wide Guard|p1b: Jeramy\n|-singleturn|p1b: Jeramy|Wide Guard\n|move|p2a: Tornadus|Tailwind|p2a: Tornadus\n|-sidestart|p2: jpto5|move: Tailwind\n|move|p2b: Kyogre|Thunder|p1a: Gaucho\n|-damage|p1a: Gaucho|20/100\n|move|p1a: Gaucho|Ice Spinner|p2a: Tornadus\n|-supereffective|p2a: Tornadus\n|-enditem|p2a: Tornadus|Focus Sash\n|-damage|p2a: Tornadus|1/100\n|\n|-weather|RainDance|[upkeep]\n|upkeep\n|turn|2\n|inactive|Brrn44 has 30 seconds left.\n|inactive|jpto5 has 30 seconds left.\n|\n|t:|1769205508\n|move|p1a: Gaucho|Sucker Punch|p2a: Tornadus\n|-damage|p2a: Tornadus|0 fnt\n|faint|p2a: Tornadus\n|move|p2b: Kyogre|Thunder|p1b: Jeramy\n|-damage|p1b: Jeramy|86/100\n|move|p1b: Jeramy|Calm Mind|p1b: Jeramy\n|-boost|p1b: Jeramy|spa|1\n|-boost|p1b: Jeramy|spd|1\n|\n|-weather|RainDance|[upkeep]\n|-heal|p1b: Jeramy|92/100|[from] item: Leftovers\n|upkeep\n|\n|t:|1769205526\n|switch|p2a: Basculegion|Basculegion, L50, M|100/100\n|turn|3\n|\n|t:|1769205537\n|-terastallize|p1b: Jeramy|Fairy\n|move|p2a: Basculegion|Protect|p2a: Basculegion\n|-singleturn|p2a: Basculegion|Protect\n|move|p1a: Gaucho|Sucker Punch||[still]\n|-fail|p1a: Gaucho\n|move|p2b: Kyogre|Water Spout|p1a: Gaucho|[spread] p1a,p1b\n|-damage|p1a: Gaucho|0 fnt\n|-damage|p1b: Jeramy|41/100\n|faint|p1a: Gaucho\n|move|p1b: Jeramy|Calm Mind|p1b: Jeramy\n|-boost|p1b: Jeramy|spa|1\n|-boost|p1b: Jeramy|spd|1\n|\n|-weather|RainDance|[upkeep]\n|-heal|p1b: Jeramy|47/100|[from] item: Leftovers\n|upkeep\n|\n|t:|1769205549\n|switch|p1a: Frank the Tank|Rillaboom, L50, F, shiny|100/100\n|-fieldstart|move: Grassy Terrain|[from] ability: Grassy Surge|[of] p1a: Frank the Tank\n|turn|4\n|\n|t:|1769205567\n|move|p1b: Jeramy|Wide Guard|p1b: Jeramy\n|-singleturn|p1b: Jeramy|Wide Guard\n|move|p1a: Frank the Tank|Grassy Glide|p2a: Basculegion\n|-supereffective|p2a: Basculegion\n|-damage|p2a: Basculegion|5/100\n|move|p2a: Basculegion|Wave Crash|p1b: Jeramy\n|-damage|p1b: Jeramy|0 fnt\n|faint|p1b: Jeramy\n|-damage|p2a: Basculegion|0 fnt|[from] Recoil\n|faint|p2a: Basculegion\n|move|p2b: Kyogre|Ice Beam|p1a: Frank the Tank\n|-supereffective|p1a: Frank the Tank\n|-damage|p1a: Frank the Tank|0 fnt\n|faint|p1a: Frank the Tank\n|\n|-weather|RainDance|[upkeep]\n|-sideend|p2: jpto5|move: Tailwind\n|upkeep\n|\n|t:|1769205586\n|switch|p1a: Big Randy|Zamazenta-Crowned, L50, shiny|100/100\n|switch|p2a: Zacian|Zacian-Crowned, L50|100/100\n|-ability|p2a: Zacian|Intrepid Sword|boost\n|-boost|p2a: Zacian|atk|1\n|-ability|p1a: Big Randy|Dauntless Shield|boost\n|-boost|p1a: Big Randy|def|1\n|turn|5\n|\n|t:|1769205608\n|-terastallize|p2a: Zacian|Fighting\n|move|p1a: Big Randy|Protect|p1a: Big Randy\n|-singleturn|p1a: Big Randy|Protect\n|move|p2a: Zacian|Sacred Sword|p1a: Big Randy\n|-activate|p1a: Big Randy|move: Protect\n|move|p2b: Kyogre|Water Spout|p1a: Big Randy\n|-activate|p1a: Big Randy|move: Protect\n|\n|-weather|none\n|upkeep\n|turn|6\n|\n|t:|1769205626\n|move|p2a: Zacian|Sacred Sword|p1a: Big Randy\n|-supereffective|p1a: Big Randy\n|-damage|p1a: Big Randy|13/100\n|move|p1a: Big Randy|Body Press|p2b: Kyogre\n|-damage|p2b: Kyogre|24/100\n|move|p2b: Kyogre|Water Spout|p1a: Big Randy\n|-damage|p1a: Big Randy|0 fnt\n|faint|p1a: Big Randy\n|\n|win|jpto5\n|raw|Brrn44's rating: 1329 &rarr; <strong>1305</strong><br />(-24 for losing)\n|raw|jpto5's rating: 1259 &rarr; <strong>1289</strong><br />(+30 for winning)\n|l|\u2606jpto5\n|player|p2|\n|l|\u2606Brrn44\n|player|p1|\n","uploadtime":1769205799,"views":11,"formatid":"gen9vgc2026regi","rating":1289,"private":0,"password":null}