{"id":"gen9vgc2026regi-2548873473","format":"[Gen 9] VGC 2026 Reg I","players":["Unicorn222","xiaoliyunVGC"],"log":"|j|\u2606Unicorn222\n|j|\u2606xiaoliyunVGC\n|t:|1772274421\n|gametype|doubles\n|player|p1|Unicorn222|cynthia-gen4|1385\n|player|p2|xiaoliyunVGC|liko|1383\n|gen|9\n|tier|[Gen 9] VGC 2026 Reg I\n|rated|\n|rule|Species Clause: Limit one of each Pok\u00e9mon\n|rule|Item Clause: Limit 1 of each item\n|clearpoke\n|poke|p1|Muk-Alola, L50, F|\n|poke|p1|Smeargle, L50, F|\n|poke|p1|Calyrex-Shadow, L50|\n|poke|p1|Flamigo, L50, F|\n|poke|p1|Miraidon, L50|\n|poke|p1|Volcarona, L50, F|\n|poke|p2|Zamazenta-*, L50|\n|poke|p2|Kyogre, L50|\n|poke|p2|Raichu, L50, F|\n|poke|p2|Flutter Mane, L50|\n|poke|p2|Tornadus, L50, M|\n|poke|p2|Kingambit, L50, F|\n|teampreview|4\n|inactive|Battle timer is ON: inactive players will automatically lose when time's up. (requested by Unicorn222)\n|inactive|xiaoliyunVGC also wants the timer to be on.\n|inactive|Unicorn222 has 60 seconds left.\n|\n|t:|1772274453\n|teamsize|p1|4\n|teamsize|p2|4\n|start\n|switch|p1a: Smeargle|Smeargle, L50, F|100/100\n|switch|p1b: Muk|Muk-Alola, L50, F|100/100\n|switch|p2a: Raichu|Raichu, L50, F|100/100\n|switch|p2b: Flutter Mane|Flutter Mane, L50|100/100\n|-enditem|p2b: Flutter Mane|Booster Energy\n|-activate|p2b: Flutter Mane|ability: Protosynthesis|[fromitem]\n|-start|p2b: Flutter Mane|protosynthesisspe\n|turn|1\n|inactive|Unicorn222 has 30 seconds left.\n|\n|t:|1772274484\n|move|p2a: Raichu|Fake Out|p1b: Muk\n|-damage|p1b: Muk|94/100\n|move|p1a: Smeargle|Fake Out|p2a: Raichu\n|-damage|p2a: Raichu|91/100\n|move|p2b: Flutter Mane|Taunt|p1a: Smeargle\n|-start|p1a: Smeargle|move: Taunt\n|cant|p1b: Muk|flinch\n|\n|-heal|p1b: Muk|100/100|[from] item: Leftovers\n|-ability|p1a: Smeargle|Moody|boost\n|-boost|p1a: Smeargle|spa|2\n|-unboost|p1a: Smeargle|def|1\n|upkeep\n|turn|2\n|\n|t:|1772274499\n|switch|p2a: Kyogre|Kyogre, L50|100/100\n|-weather|RainDance|[from] ability: Drizzle|[of] p2a: Kyogre\n|move|p2b: Flutter Mane|Taunt|p1b: Muk\n|-start|p1b: Muk|move: Taunt\n|move|p1a: Smeargle|Salt Cure|p2b: Flutter Mane\n|-damage|p2b: Flutter Mane|94/100\n|-start|p2b: Flutter Mane|Salt Cure\n|cant|p1b: Muk|move: Taunt|Minimize\n|\n|-weather|RainDance|[upkeep]\n|-damage|p2b: Flutter Mane|82/100|[from] Salt Cure\n|-ability|p1a: Smeargle|Moody|boost\n|-boost|p1a: Smeargle|def|2\n|-unboost|p1a: Smeargle|spa|1\n|upkeep\n|turn|3\n|\n|t:|1772274515\n|-terastallize|p1b: Muk|Water\n|move|p2b: Flutter Mane|Icy Wind|p1a: Smeargle|[spread] p1a,p1b\n|-resisted|p1b: Muk\n|-damage|p1a: Smeargle|65/100\n|-damage|p1b: Muk|95/100\n|-unboost|p1a: Smeargle|spe|1\n|-unboost|p1b: Muk|spe|1\n|move|p2a: Kyogre|Water Spout|p1a: Smeargle|[spread] p1a,p1b\n|-crit|p1a: Smeargle\n|-resisted|p1b: Muk\n|-damage|p1a: Smeargle|0 fnt\n|-damage|p1b: Muk|54/100\n|faint|p1a: Smeargle\n|-ability|p1b: Muk|Moody|Power of Alchemy|[from] ability: Power of Alchemy|[of] p1a: Smeargle\n|move|p1b: Muk|Knock Off|p2a: Kyogre\n|-damage|p2a: Kyogre|59/100\n|-enditem|p2a: Kyogre|Choice Scarf|[from] move: Knock Off|[of] p1b: Muk\n|\n|-weather|RainDance|[upkeep]\n|-heal|p1b: Muk|60/100|[from] item: Leftovers\n|-damage|p2b: Flutter Mane|69/100|[from] Salt Cure\n|-ability|p1b: Muk|Moody|boost\n|-boost|p1b: Muk|atk|2\n|-unboost|p1b: Muk|spa|1\n|upkeep\n|\n|t:|1772274527\n|switch|p1a: Flamigo|Flamigo, L50, F|100/100\n|-copyboost|p1a: Flamigo|p1b: Muk|[from] ability: Costar\n|-enditem|p1a: Flamigo|White Herb\n|-clearnegativeboost|p1a: Flamigo|[silent]\n|turn|4\n|\n|t:|1772274540\n|switch|p2a: Zamazenta|Zamazenta-Crowned, L50, shiny|100/100\n|-ability|p2a: Zamazenta|Dauntless Shield|boost\n|-boost|p2a: Zamazenta|def|1\n|move|p1a: Flamigo|Wide Guard|p1a: Flamigo\n|-singleturn|p1a: Flamigo|Wide Guard\n|move|p2b: Flutter Mane|Moonblast|p1a: Flamigo\n|-supereffective|p1a: Flamigo\n|-damage|p1a: Flamigo|0 fnt\n|faint|p1a: Flamigo\n|move|p1b: Muk|Knock Off|p2b: Flutter Mane\n|-damage|p2b: Flutter Mane|0 fnt\n|faint|p2b: Flutter Mane\n|-end|p2b: Flutter Mane|Protosynthesis|[silent]\n|\n|-weather|RainDance|[upkeep]\n|-heal|p1b: Muk|67/100|[from] item: Leftovers\n|-end|p1b: Muk|move: Taunt\n|-ability|p1b: Muk|Moody|boost\n|-boost|p1b: Muk|spe|2\n|-unboost|p1b: Muk|def|1\n|upkeep\n|\n|t:|1772274559\n|switch|p2b: Kyogre|Kyogre, L50|59/100\n|switch|p1a: Calyrex|Calyrex-Shadow, L50|100/100\n|-ability|p1a: Calyrex|As One\n|-ability|p1a: Calyrex|Unnerve\n|turn|5\n|inactive|Unicorn222 has 30 seconds left.\n|inactive|Unicorn222 has 20 seconds left.\n|\n|t:|1772274598\n|move|p1a: Calyrex|Giga Drain|p2b: Kyogre\n|-supereffective|p2b: Kyogre\n|-damage|p2b: Kyogre|9/100\n|move|p2b: Kyogre|Thunder|p1b: Muk\n|-supereffective|p1b: Muk\n|-damage|p1b: Muk|0 fnt\n|faint|p1b: Muk\n|move|p2a: Zamazenta|Body Press|p1a: Calyrex\n|-immune|p1a: Calyrex\n|\n|-weather|RainDance|[upkeep]\n|upkeep\n|turn|6\n|\n|t:|1772274612\n|switch|p2b: Raichu|Raichu, L50, F|91/100\n|move|p1a: Calyrex|Astral Barrage|p2b: Raichu|[spread] p2a,p2b\n|-damage|p2a: Zamazenta|59/100\n|-damage|p2b: Raichu|3/100\n|move|p2a: Zamazenta|Behemoth Bash|p1a: Calyrex\n|-damage|p1a: Calyrex|49/100\n|\n|-weather|none\n|upkeep\n|turn|7\n|\n|t:|1772274634\n|move|p2b: Raichu|Helping Hand|p2a: Zamazenta\n|-singleturn|p2a: Zamazenta|Helping Hand|[of] p2b: Raichu\n|move|p1a: Calyrex|Astral Barrage|p2a: Zamazenta|[spread] p2a,p2b\n|-damage|p2a: Zamazenta|19/100\n|-damage|p2b: Raichu|0 fnt\n|faint|p2b: Raichu\n|-ability|p1a: Calyrex|Grim Neigh|boost\n|-boost|p1a: Calyrex|spa|1\n|move|p2a: Zamazenta|Behemoth Bash|p1a: Calyrex\n|-damage|p1a: Calyrex|0 fnt\n|faint|p1a: Calyrex\n|\n|win|xiaoliyunVGC\n|raw|Unicorn222's rating: 1385 &rarr; <strong>1365</strong><br />(-20 for losing)\n|raw|xiaoliyunVGC's rating: 1383 &rarr; <strong>1403</strong><br />(+20 for winning)\n|l|\u2606Unicorn222\n|player|p1|\n|l|\u2606xiaoliyunVGC\n|player|p2|\n","uploadtime":1772274844,"views":15,"formatid":"gen9vgc2026regi","rating":1365,"private":0,"password":null}