{"id":"gen9vgc2026regi-2590006823","format":"[Gen 9] VGC 2026 Reg I","players":["big_lenny99","stupid test7"],"log":"|j|\u2606big_lenny99\n|j|\u2606stupid test7\n|t:|1776780836\n|gametype|doubles\n|player|p1|big_lenny99|hilbert|1536\n|player|p2|stupid test7|265|1475\n|gen|9\n|tier|[Gen 9] VGC 2026 Reg I\n|rated|\n|rule|Species Clause: Limit one of each Pok\u00e9mon\n|rule|Item Clause: Limit 1 of each item\n|clearpoke\n|poke|p1|Groudon, L50|\n|poke|p1|Amoonguss, L50, M|\n|poke|p1|Volcarona, L50, F|\n|poke|p1|Lunala, L50|\n|poke|p1|Incineroar, L50, M|\n|poke|p1|Whimsicott, L50, F|\n|poke|p2|Kyogre, L50|\n|poke|p2|Indeedee-F, L50, F|\n|poke|p2|Ludicolo, L50, M|\n|poke|p2|Urshifu-*, L50, M|\n|poke|p2|Calyrex-Ice, L50|\n|poke|p2|Wyrdeer, L50, M|\n|teampreview|4\n|j| The_Mastodon\n|inactive|Battle timer is ON: inactive players will automatically lose when time's up. (requested by big_lenny99)\n|inactive|stupid test7 has 60 seconds left.\n|\n|t:|1776780872\n|teamsize|p1|4\n|teamsize|p2|4\n|start\n|switch|p1a: Groudon|Groudon, L50|100/100\n|switch|p1b: Whimsicott|Whimsicott, L50, F|100/100\n|switch|p2a: Indeedee|Indeedee-F, L50, F|100/100\n|switch|p2b: Wyrdeer|Wyrdeer, L50, M|100/100\n|-weather|SunnyDay|[from] ability: Drought|[of] p1a: Groudon\n|-fieldstart|move: Psychic Terrain|[from] ability: Psychic Surge|[of] p2a: Indeedee\n|-enditem|p2a: Indeedee|Psychic Seed\n|-boost|p2a: Indeedee|spd|1|[from] item: Psychic Seed\n|-ability|p2b: Wyrdeer|Intimidate|boost\n|-fail|p1a: Groudon|unboost|[from] item: Clear Amulet|[of] p1a: Groudon\n|-unboost|p1b: Whimsicott|atk|1\n|turn|1\n|\n|t:|1776780879\n|move|p1b: Whimsicott|Light Screen|p1b: Whimsicott\n|-sidestart|p1: big_lenny99|move: Light Screen\n|move|p1a: Groudon|Precipice Blades|p2a: Indeedee|[spread] p2a,p2b\n|-crit|p2a: Indeedee\n|-damage|p2a: Indeedee|27/100\n|-damage|p2b: Wyrdeer|44/100\n|move|p2b: Wyrdeer|Gravity|p2b: Wyrdeer\n|-fieldstart|move: Gravity\n|move|p2a: Indeedee|Trick Room|p2a: Indeedee\n|-fieldstart|move: Trick Room|[of] p2a: Indeedee\n|\n|-weather|SunnyDay|[upkeep]\n|upkeep\n|turn|2\n|\n|t:|1776780894\n|move|p2b: Wyrdeer|Hypnosis|p1a: Groudon\n|-status|p1a: Groudon|slp|[from] move: Hypnosis\n|move|p2a: Indeedee|Baton Pass|p2a: Indeedee\n|\n|t:|1776780897\n|switch|p2a: Calyrex|Calyrex-Ice, L50|100/100|[from] Baton Pass\n|-ability|p2a: Calyrex|As One\n|-ability|p2a: Calyrex|Unnerve\n|cant|p1a: Groudon|slp\n|move|p1b: Whimsicott|Moonblast|p2b: Wyrdeer\n|-damage|p2b: Wyrdeer|20/100\n|\n|-weather|SunnyDay|[upkeep]\n|upkeep\n|turn|3\n|\n|t:|1776780919\n|switch|p1a: Lunala|Lunala, L50|100/100\n|switch|p1b: Volcarona|Volcarona, L50, F|100/100\n|move|p2b: Wyrdeer|Hypnosis|p1b: Volcarona\n|-status|p1b: Volcarona|slp|[from] move: Hypnosis\n|move|p2a: Calyrex|Substitute|p2a: Calyrex\n|-start|p2a: Calyrex|Substitute\n|-damage|p2a: Calyrex|76/100\n|\n|-weather|SunnyDay|[upkeep]\n|-heal|p2a: Calyrex|82/100|[from] item: Leftovers\n|upkeep\n|turn|4\n|inactive|big_lenny99 has 30 seconds left.\n|\n|t:|1776780946\n|move|p1a: Lunala|Wide Guard|p1a: Lunala\n|-singleturn|p1a: Lunala|Wide Guard\n|move|p2b: Wyrdeer|Hypnosis|p1a: Lunala\n|-status|p1a: Lunala|slp|[from] move: Hypnosis\n|move|p2a: Calyrex|Leech Seed|p1a: Lunala\n|-start|p1a: Lunala|move: Leech Seed\n|cant|p1b: Volcarona|slp\n|\n|-weather|SunnyDay|[upkeep]\n|-heal|p2a: Calyrex|87/100|[from] item: Leftovers\n|-damage|p1a: Lunala|88/100 slp|[from] Leech Seed|[of] p2a: Calyrex\n|-heal|p2a: Calyrex|100/100|[silent]\n|upkeep\n|turn|5\n|\n|t:|1776780964\n|switch|p2b: Kyogre|Kyogre, L50|100/100\n|-weather|RainDance|[from] ability: Drizzle|[of] p2b: Kyogre\n|switch|p1a: Whimsicott|Whimsicott, L50, F|100/100\n|-terastallize|p2a: Calyrex|Fairy\n|move|p2a: Calyrex|Glacial Lance|p1b: Volcarona|[spread] p1a,p1b\n|-supereffective|p1a: Whimsicott\n|-resisted|p1b: Volcarona\n|-damage|p1a: Whimsicott|0 fnt\n|-damage|p1b: Volcarona|68/100 slp\n|faint|p1a: Whimsicott\n|-ability|p2a: Calyrex|Chilling Neigh|boost\n|-boost|p2a: Calyrex|atk|1\n|-curestatus|p1b: Volcarona|slp|[msg]\n|move|p1b: Volcarona|Fiery Dance|p2b: Kyogre\n|-resisted|p2b: Kyogre\n|-damage|p2b: Kyogre|94/100\n|-boost|p1b: Volcarona|spa|1\n|-heal|p1b: Volcarona|69/100|[from] item: Shell Bell|[of] p2b: Kyogre\n|\n|-weather|RainDance|[upkeep]\n|-sideend|p1: big_lenny99|move: Light Screen\n|-fieldend|move: Trick Room\n|-fieldend|move: Gravity\n|-fieldend|move: Psychic Terrain\n|upkeep\n|l| The_Mastodon\n|\n|t:|1776780977\n|switch|p1a: Groudon|Groudon, L50|100/100 slp\n|-weather|SunnyDay|[from] ability: Drought|[of] p1a: Groudon\n|turn|6\n|\n|t:|1776780999\n|switch|p2b: Indeedee|Indeedee-F, L50, F|27/100\n|-fieldstart|move: Psychic Terrain|[from] ability: Psychic Surge|[of] p2b: Indeedee\n|-terastallize|p1a: Groudon|Electric\n|move|p1b: Volcarona|Giga Drain|p2b: Indeedee\n|-damage|p2b: Indeedee|0 fnt\n|-heal|p1b: Volcarona|82/100|[from] drain|[of] p2b: Indeedee\n|faint|p2b: Indeedee\n|-heal|p1b: Volcarona|85/100|[from] item: Shell Bell|[of] p2: Indeedee\n|cant|p1a: Groudon|slp\n|move|p2a: Calyrex|Glacial Lance|p1b: Volcarona|[spread] p1a,p1b\n|-resisted|p1b: Volcarona\n|-damage|p1a: Groudon|52/100 slp\n|-damage|p1b: Volcarona|29/100\n|\n|-weather|SunnyDay|[upkeep]\n|upkeep\n|\n|t:|1776781013\n|switch|p2b: Kyogre|Kyogre, L50|94/100\n|-weather|RainDance|[from] ability: Drizzle|[of] p2b: Kyogre\n|turn|7\n|\n|t:|1776781016\n|switch|p1a: Lunala|Lunala, L50|88/100 slp\n|move|p2b: Kyogre|Water Spout|p1b: Volcarona|[spread] p1a,p1b\n|-supereffective|p1b: Volcarona\n|-damage|p1a: Lunala|31/100 slp\n|-damage|p1b: Volcarona|0 fnt\n|faint|p1b: Volcarona\n|move|p2a: Calyrex|Substitute|p2a: Calyrex\n|-fail|p2a: Calyrex|move: Substitute\n|\n|-weather|RainDance|[upkeep]\n|-heal|p1a: Lunala|37/100 slp|[from] item: Leftovers\n|upkeep\n|\n|t:|1776781021\n|switch|p1b: Groudon|Groudon, L50, tera:Electric|52/100 slp\n|-weather|SunnyDay|[from] ability: Drought|[of] p1b: Groudon\n|turn|8\n|\n|t:|1776781033\n|cant|p1a: Lunala|slp\n|move|p2b: Kyogre|Water Spout|p1a: Lunala|[spread] p1a,p1b\n|-damage|p1a: Lunala|17/100 slp\n|-damage|p1b: Groudon|27/100 slp\n|cant|p1b: Groudon|slp\n|move|p2a: Calyrex|Glacial Lance|p1b: Groudon|[spread] p1a,p1b\n|-damage|p1a: Lunala|0 fnt\n|-damage|p1b: Groudon|0 fnt\n|faint|p1a: Lunala\n|faint|p1b: Groudon\n|\n|win|stupid test7\n|raw|big_lenny99's rating: 1536 &rarr; <strong>1513</strong><br />(-23 for losing)\n|raw|stupid test7's rating: 1475 &rarr; <strong>1498</strong><br />(+23 for winning)\n|l|\u2606big_lenny99\n|player|p1|\n|l|\u2606stupid test7\n|player|p2|\n","uploadtime":1776781178,"views":10,"formatid":"gen9vgc2026regi","rating":1498,"private":0,"password":null}