{"id":"gen9vgc2026regi-2590079329","format":"[Gen 9] VGC 2026 Reg I","players":["liam.2025","darthray 25"],"log":"|j|\u2606liam.2025\n|j|\u2606darthray 25\n|t:|1776785619\n|gametype|doubles\n|player|p1|liam.2025|policeman|1529\n|player|p2|darthray 25|marshal|1551\n|gen|9\n|tier|[Gen 9] VGC 2026 Reg I\n|rated|\n|rule|Species Clause: Limit one of each Pok\u00e9mon\n|rule|Item Clause: Limit 1 of each item\n|clearpoke\n|poke|p1|Murkrow, L50, M|\n|poke|p1|Weezing-Galar, L50, F|\n|poke|p1|Terapagos, L50, M|\n|poke|p1|Smeargle, L50, M|\n|poke|p1|Calyrex-Ice, L50|\n|poke|p1|Ursaluna, L50, M|\n|poke|p2|Zamazenta-*, L50|\n|poke|p2|Indeedee-F, L50, F|\n|poke|p2|Ursaluna, L50, F|\n|poke|p2|Amoonguss, L50, M|\n|poke|p2|Calyrex-Shadow, L50|\n|poke|p2|Iron Hands, L50|\n|teampreview|4\n|inactive|Battle timer is ON: inactive players will automatically lose when time's up. (requested by liam.2025)\n|\n|t:|1776785631\n|teamsize|p1|4\n|teamsize|p2|4\n|start\n|switch|p1a: Murkrow|Murkrow, L50, M|100/100\n|switch|p1b: Weezing|Weezing-Galar, L50, F|100/100\n|switch|p2a: Zamazenta|Zamazenta-Crowned, L50|100/100\n|switch|p2b: Indeedee|Indeedee-F, L50, F|100/100\n|-ability|p1b: Weezing|Neutralizing Gas\n|-block|p1a: Murkrow|item: Ability Shield\n|turn|1\n|inactive|liam.2025 has 30 seconds left.\n|\n|t:|1776785656\n|move|p1b: Weezing|Protect|p1b: Weezing\n|-singleturn|p1b: Weezing|Protect\n|move|p1a: Murkrow|Taunt|p2b: Indeedee\n|-start|p2b: Indeedee|move: Taunt\n|move|p2a: Zamazenta|Behemoth Bash|p1b: Weezing\n|-activate|p1b: Weezing|move: Protect\n|move|p2b: Indeedee|Psychic|p1b: Weezing\n|-activate|p1b: Weezing|move: Protect\n|\n|upkeep\n|turn|2\n|\n|t:|1776785669\n|move|p1a: Murkrow|Tailwind|p1a: Murkrow\n|-sidestart|p1: liam.2025|move: Tailwind\n|move|p1b: Weezing|Misty Explosion|p2b: Indeedee|[spread] p1a,p2a,p2b\n|-supereffective|p1a: Murkrow\n|-damage|p1a: Murkrow|0 fnt\n|-damage|p2a: Zamazenta|72/100\n|-damage|p2b: Indeedee|63/100\n|faint|p1b: Weezing\n|-end|p1b: Weezing|ability: Neutralizing Gas\n|-ability|p2a: Zamazenta|Dauntless Shield|boost\n|-boost|p2a: Zamazenta|def|1\n|-fieldstart|move: Psychic Terrain|[from] ability: Psychic Surge|[of] p2b: Indeedee\n|faint|p1a: Murkrow\n|move|p2a: Zamazenta|Behemoth Bash|p1: Murkrow|[notarget]\n|-fail|p2a: Zamazenta\n|move|p2b: Indeedee|Psychic|p1: Murkrow|[notarget]\n|-fail|p2b: Indeedee\n|\n|upkeep\n|\n|t:|1776785683\n|switch|p1b: Smeargle|Smeargle, L50, M|100/100\n|switch|p1a: Terapagos|Terapagos, L50, M|100/100\n|-activate|p1a: Terapagos|ability: Tera Shift\n|detailschange|p1a: Terapagos|Terapagos-Terastal, L50, M\n|-heal|p1a: Terapagos|100/100|[silent]\n|turn|3\n|\n|t:|1776785699\n|-terastallize|p1a: Terapagos|Stellar\n|detailschange|p1a: Terapagos|Terapagos-Stellar, L50, M, tera:Stellar\n|-heal|p1a: Terapagos|100/100|[silent]\n|-ability|p1a: Terapagos|Teraform Zero\n|-fieldend|move: Psychic Terrain\n|move|p1b: Smeargle|Decorate|p1a: Terapagos\n|-boost|p1a: Terapagos|atk|2\n|-boost|p1a: Terapagos|spa|2\n|move|p1a: Terapagos|Tera Starstorm|p2b: Indeedee|[spread] p2a,p2b\n|-damage|p2a: Zamazenta|0 fnt\n|-damage|p2b: Indeedee|0 fnt\n|faint|p2a: Zamazenta\n|faint|p2b: Indeedee\n|\n|upkeep\n|\n|t:|1776785717\n|switch|p2a: Ursaluna|Ursaluna, L50, F|100/100\n|switch|p2b: Calyrex|Calyrex-Shadow, L50|100/100\n|-ability|p2b: Calyrex|As One\n|-ability|p2b: Calyrex|Unnerve\n|turn|4\n|\n|t:|1776785739\n|move|p2b: Calyrex|Protect|p2b: Calyrex\n|-singleturn|p2b: Calyrex|Protect\n|move|p2a: Ursaluna|Protect|p2a: Ursaluna\n|-singleturn|p2a: Ursaluna|Protect\n|move|p1b: Smeargle|Feint|p2a: Ursaluna\n|-activate|p2a: Ursaluna|move: Feint\n|-damage|p2a: Ursaluna|95/100\n|move|p1a: Terapagos|Tera Starstorm|p2a: Ursaluna|[spread] p2a\n|-activate|p2b: Calyrex|move: Protect\n|-damage|p2a: Ursaluna|0 fnt\n|faint|p2a: Ursaluna\n|\n|upkeep\n|turn|5\n|j| harugasumi\n|\n|t:|1776785759\n|-terastallize|p2b: Calyrex|Fairy\n|move|p1b: Smeargle|Decorate|p1a: Terapagos\n|-boost|p1a: Terapagos|atk|2\n|-boost|p1a: Terapagos|spa|2\n|move|p1a: Terapagos|Tera Starstorm|p2b: Calyrex\n|-supereffective|p2b: Calyrex\n|-enditem|p2b: Calyrex|Focus Sash\n|-damage|p2b: Calyrex|1/100\n|move|p2b: Calyrex|Draining Kiss|p1a: Terapagos\n|-damage|p1a: Terapagos|74/100\n|-heal|p2b: Calyrex|30/100|[from] drain|[of] p1a: Terapagos\n|\n|-sideend|p1: liam.2025|move: Tailwind\n|upkeep\n|turn|6\n|c|\u2606liam.2025|gg\n|\n|t:|1776785779\n|move|p1b: Smeargle|Feint|p2b: Calyrex\n|-damage|p2b: Calyrex|22/100\n|move|p2b: Calyrex|Draining Kiss|p1a: Terapagos\n|-damage|p1a: Terapagos|50/100\n|-heal|p2b: Calyrex|48/100|[from] drain|[of] p1a: Terapagos\n|move|p1a: Terapagos|Tera Starstorm|p2b: Calyrex\n|-supereffective|p2b: Calyrex\n|-damage|p2b: Calyrex|0 fnt\n|faint|p2b: Calyrex\n|\n|win|liam.2025\n|raw|liam.2025's rating: 1529 &rarr; <strong>1550</strong><br />(+21 for winning)\n|raw|darthray 25's rating: 1551 &rarr; <strong>1530</strong><br />(-21 for losing)\n|l|\u2606darthray 25\n|player|p2|\n|l| harugasumi\n","uploadtime":1776785975,"views":20,"formatid":"gen9vgc2026regi","rating":1530,"private":0,"password":null}