{"id":"gen9vgc2026regi-2561307341","format":"[Gen 9] VGC 2026 Reg I","players":["thacrow","bennoo"],"log":"|j|\u2606thacrow\n|j|\u2606bennoo\n|t:|1773782514\n|gametype|doubles\n|player|p1|thacrow|#thacrow|\n|player|p2|bennoo|shadowtriad|\n|gen|9\n|tier|[Gen 9] VGC 2026 Reg I\n|rated|Tournament battle\n|rule|Species Clause: Limit one of each Pok\u00e9mon\n|rule|Item Clause: Limit 1 of each item\n|raw|<div class=\"infobox\"><details class=\"readmore\" open><summary><strong>1 custom rule:</strong></summary> force open teamsheets</details></div>\n|clearpoke\n|poke|p1|Terapagos, L50, M|\n|poke|p1|Cresselia, L50, F|\n|poke|p1|Miraidon, L50|\n|poke|p1|Iron Bundle, L50|\n|poke|p1|Landorus, L50, M|\n|poke|p1|Clefairy, L50, M|\n|poke|p2|Miraidon, L50|\n|poke|p2|Ho-Oh, L50|\n|poke|p2|Iron Treads, L50|\n|poke|p2|Farigiraf, L50, M|\n|poke|p2|Iron Bundle, L50|\n|poke|p2|Iron Hands, L50|\n|teampreview|4\n|showteam|p1|Terapagos||CovertCloak|TeraShift|TeraStarstorm,EarthPower,CalmMind,Protect|||M|||50|,,,,,Stellar]Cresselia||ElectricSeed|Levitate|StoredPower,ThunderWave,LunarBlessing,CalmMind|||F|||50|,,,,,Electric]Miraidon||ChoiceSpecs|HadronEngine|ElectroDrift,VoltSwitch,Discharge,DracoMeteor||||||50|,,,,,Electric]Iron Bundle||FocusSash|QuarkDrive|IceBeam,IcyWind,Encore,Protect||||||50|,,,,,Ghost]Landorus||LifeOrb|SheerForce|EarthPower,SludgeBomb,SandsearStorm,Protect|||M|||50|,,,,,Fairy]Clefairy||Eviolite|FriendGuard|FollowMe,HelpingHand,ThunderWave,Protect|||M|||50|,,,,,Water\n|showteam|p2|Miraidon||ChoiceSpecs|HadronEngine|ElectroDrift,DracoMeteor,DazzlingGleam,VoltSwitch||||||50|,,,,,Fairy]Ho-Oh||ClearAmulet|Regenerator|SacredFire,BraveBird,Tailwind,Protect||||||50|,,,,,Grass]Iron Treads||LifeOrb|QuarkDrive|HighHorsepower,SteelRoller,Earthquake,KnockOff||||||50|,,,,,Ground]Farigiraf||ElectricSeed|ArmorTail|Psychic,FoulPlay,HelpingHand,TrickRoom|||M|||50|,,,,,Water]Iron Bundle||FocusSash|QuarkDrive|FreezeDry,IcyWind,Encore,Protect||||||50|,,,,,Ghost]Iron Hands||AssaultVest|QuarkDrive|LowKick,WildCharge,DrainPunch,FakeOut||||||50|,,,,,Water\n|inactive|Battle timer is ON: inactive players will automatically lose when time's up. (requested by bennoo)\n|j| Ursaqueen\n|j| thaduck\n|j| LanternComic\n|inactive|thacrow has 60 seconds left.\n|inactive|bennoo has 60 seconds left.\n|j| mysticmarshtomp\n|inactive|thacrow has 30 seconds left.\n|inactive|bennoo has 30 seconds left.\n|inactive|bennoo has 20 seconds left.\n|\n|t:|1773782587\n|teamsize|p1|4\n|teamsize|p2|4\n|start\n|switch|p1a: Iron Bundle|Iron Bundle, L50|100/100\n|switch|p1b: Miraidon|Miraidon, L50|100/100\n|switch|p2a: Iron Treads|Iron Treads, L50|100/100\n|switch|p2b: Ho-Oh|Ho-Oh, L50|100/100\n|-fieldstart|move: Electric Terrain|[from] ability: Hadron Engine|[of] p1b: Miraidon\n|-activate|p1a: Iron Bundle|ability: Quark Drive\n|-start|p1a: Iron Bundle|quarkdrivespe\n|-activate|p2a: Iron Treads|ability: Quark Drive\n|-start|p2a: Iron Treads|quarkdrivespe\n|turn|1\n|\n|t:|1773782602\n|-terastallize|p2b: Ho-Oh|Grass\n|move|p1a: Iron Bundle|Icy Wind|p2b: Ho-Oh|[spread] p2a,p2b\n|-supereffective|p2b: Ho-Oh\n|-damage|p2a: Iron Treads|69/100\n|-damage|p2b: Ho-Oh|77/100\n|-unboost|p2a: Iron Treads|spe|1\n|move|p1b: Miraidon|Draco Meteor|p2a: Iron Treads\n|-resisted|p2a: Iron Treads\n|-damage|p2a: Iron Treads|0 fnt\n|-unboost|p1b: Miraidon|spa|2\n|faint|p2a: Iron Treads\n|-end|p2a: Iron Treads|Quark Drive|[silent]\n|move|p2b: Ho-Oh|Tailwind|p2b: Ho-Oh\n|-sidestart|p2: bennoo|move: Tailwind\n|\n|upkeep\n|\n|t:|1773782613\n|switch|p2a: Miraidon|Miraidon, L50|100/100\n|-activate|p2a: Miraidon|ability: Hadron Engine\n|turn|2\n|j| The Yegorushhka\n|inactive|bennoo has 30 seconds left.\n|inactive|thacrow has 30 seconds left.\n|\n|t:|1773782646\n|move|p2a: Miraidon|Dazzling Gleam|p1b: Miraidon|[spread] p1a,p1b\n|-supereffective|p1b: Miraidon\n|-damage|p1a: Iron Bundle|10/100\n|-damage|p1b: Miraidon|23/100\n|move|p1a: Iron Bundle|Encore|p2b: Ho-Oh\n|-start|p2b: Ho-Oh|Encore\n|move|p2b: Ho-Oh|Tailwind||[still]\n|-fail|p2b: Ho-Oh\n|move|p1b: Miraidon|Draco Meteor|p2a: Miraidon|[miss]\n|-miss|p1b: Miraidon|p2a: Miraidon\n|\n|upkeep\n|turn|3\n|j| Shiori Oumi\n|\n|t:|1773782656\n|switch|p2b: Iron Hands|Iron Hands, L50|100/100\n|-activate|p2b: Iron Hands|ability: Quark Drive\n|-start|p2b: Iron Hands|quarkdriveatk\n|switch|p1b: Cresselia|Cresselia, L50, F|100/100\n|-enditem|p1b: Cresselia|Electric Seed\n|-boost|p1b: Cresselia|def|1|[from] item: Electric Seed\n|move|p1a: Iron Bundle|Protect|p1a: Iron Bundle\n|-singleturn|p1a: Iron Bundle|Protect\n|move|p2a: Miraidon|Dazzling Gleam|p1a: Iron Bundle|[spread] p1b\n|-activate|p1a: Iron Bundle|move: Protect\n|-damage|p1b: Cresselia|76/100\n|\n|upkeep\n|turn|4\n|\n|t:|1773782667\n|move|p2b: Iron Hands|Fake Out|p1b: Cresselia\n|-damage|p1b: Cresselia|67/100\n|move|p2a: Miraidon|Dazzling Gleam|p1b: Cresselia|[spread] p1a,p1b\n|-damage|p1a: Iron Bundle|0 fnt\n|-damage|p1b: Cresselia|43/100\n|faint|p1a: Iron Bundle\n|-end|p1a: Iron Bundle|Quark Drive|[silent]\n|cant|p1b: Cresselia|flinch\n|\n|-sideend|p2: bennoo|move: Tailwind\n|upkeep\n|\n|t:|1773782670\n|switch|p1a: Landorus|Landorus, L50, M|100/100\n|turn|5\n|c| The Yegorushhka|crow didnt you say pagos is mid in reg i\n|\n|t:|1773782677\n|switch|p2a: Ho-Oh|Ho-Oh, L50, tera:Grass|100/100\n|move|p1a: Landorus|Earth Power|p2a: Ho-Oh\n|-resisted|p2a: Ho-Oh\n|-damage|p2a: Ho-Oh|79/100\n|move|p1b: Cresselia|Lunar Blessing|p1b: Cresselia|[spread] p1a,p1b\n|-heal|p1b: Cresselia|68/100\n|move|p2b: Iron Hands|Wild Charge|p1b: Cresselia\n|-damage|p1b: Cresselia|29/100\n|-damage|p2b: Iron Hands|91/100|[from] Recoil\n|\n|-fieldend|move: Electric Terrain\n|-end|p2b: Iron Hands|Quark Drive\n|upkeep\n|turn|6\n|c|\u2606thacrow|it is\n|c|\u2606thacrow|I hate terapagos\n|\n|t:|1773782698\n|move|p1a: Landorus|Sludge Bomb|p2a: Ho-Oh\n|-supereffective|p2a: Ho-Oh\n|-damage|p2a: Ho-Oh|18/100\n|move|p2a: Ho-Oh|Tailwind|p2a: Ho-Oh\n|-sidestart|p2: bennoo|move: Tailwind\n|move|p1b: Cresselia|Thunder Wave|p2a: Ho-Oh\n|-status|p2a: Ho-Oh|par\n|move|p2b: Iron Hands|Wild Charge|p1b: Cresselia\n|-damage|p1b: Cresselia|5/100\n|-damage|p2b: Iron Hands|85/100|[from] Recoil\n|\n|upkeep\n|turn|7\n|c| Shiori Oumi|also hates volcarona considering that awful stone edge tech \ud83d\ude2d\n|j| Superpokeemoy756\n|l| Superpokeemoy756\n|inactive|bennoo has 30 seconds left.\n|inactive|thacrow has 30 seconds left.\n|\n|t:|1773782736\n|move|p1a: Landorus|Earth Power|p2b: Iron Hands\n|-supereffective|p2b: Iron Hands\n|-damage|p2b: Iron Hands|13/100\n|move|p2a: Ho-Oh|Brave Bird|p1a: Landorus\n|-damage|p1a: Landorus|34/100\n|-damage|p2a: Ho-Oh|0 fnt|[from] Recoil\n|faint|p2a: Ho-Oh\n|move|p1b: Cresselia|Lunar Blessing|p1b: Cresselia|[spread] p1a,p1b\n|-heal|p1a: Landorus|59/100\n|-heal|p1b: Cresselia|30/100\n|move|p2b: Iron Hands|Low Kick|p1a: Landorus\n|-resisted|p1a: Landorus\n|-damage|p1a: Landorus|36/100\n|\n|upkeep\n|\n|t:|1773782741\n|switch|p2a: Miraidon|Miraidon, L50|100/100\n|-fieldstart|move: Electric Terrain|[from] ability: Hadron Engine|[of] p2a: Miraidon\n|-activate|p2b: Iron Hands|ability: Quark Drive\n|-start|p2b: Iron Hands|quarkdriveatk\n|turn|8\n|j| JkShowdownguest\n|\n|t:|1773782761\n|move|p1a: Landorus|Protect|p1a: Landorus\n|-singleturn|p1a: Landorus|Protect\n|move|p2a: Miraidon|Dazzling Gleam|p1b: Cresselia|[spread] p1b\n|-activate|p1a: Landorus|move: Protect\n|-damage|p1b: Cresselia|6/100\n|move|p1b: Cresselia|Stored Power|p2b: Iron Hands\n|-supereffective|p2b: Iron Hands\n|-damage|p2b: Iron Hands|0 fnt\n|faint|p2b: Iron Hands\n|-end|p2b: Iron Hands|Quark Drive|[silent]\n|\n|upkeep\n|turn|9\n|l| The Yegorushhka\n|\n|t:|1773782770\n|move|p2a: Miraidon|Dazzling Gleam|p1a: Landorus|[spread] p1a,p1b\n|-damage|p1a: Landorus|0 fnt\n|-damage|p1b: Cresselia|0 fnt\n|faint|p1a: Landorus\n|faint|p1b: Cresselia\n|\n|-sideend|p2: bennoo|move: Tailwind\n|upkeep\n|\n|t:|1773782773\n|switch|p1b: Miraidon|Miraidon, L50|23/100\n|-activate|p1b: Miraidon|ability: Hadron Engine\n|turn|10\n|\n|t:|1773782775\n|move|p2a: Miraidon|Dazzling Gleam|p1b: Miraidon\n|-supereffective|p1b: Miraidon\n|-damage|p1b: Miraidon|0 fnt\n|faint|p1b: Miraidon\n|\n|win|bennoo\n|n|\u2606thacrow|thacrow\n|n|\u2606bennoo|bennoo\n|n| Ursaqueen|ursaqueen\n|n| thaduck|thaduck\n|n| LanternComic|lanterncomic\n|n| mysticmarshtomp|mysticmarshtomp\n|n| Shiori Oumi|shiorioumi\n|n| JkShowdownguest|jkshowdownguest\n","uploadtime":1773782776,"views":14,"formatid":"gen9vgc2026regi","rating":null,"private":0,"password":null}