{"id":"gen9vgc2026regi-2546373201","format":"[Gen 9] VGC 2026 Reg I","players":["rshawn","Schimmli"],"log":"|j|\u2606rshawn\n|j|\u2606Schimmli\n|t:|1771958791\n|gametype|doubles\n|player|p1|rshawn|265|1448\n|player|p2|Schimmli|265|1437\n|gen|9\n|tier|[Gen 9] VGC 2026 Reg I\n|rated|\n|rule|Species Clause: Limit one of each Pok\u00e9mon\n|rule|Item Clause: Limit 1 of each item\n|clearpoke\n|poke|p1|Alcremie, L50, F|\n|poke|p1|Calyrex-Ice, L50|\n|poke|p1|Kyogre, L50|\n|poke|p1|Rillaboom, L50, M|\n|poke|p1|Iron Jugulis, L50|\n|poke|p1|Basculegion, L50, M|\n|poke|p2|Terapagos, L50, M|\n|poke|p2|Calyrex-Shadow, L50|\n|poke|p2|Flutter Mane, L50|\n|poke|p2|Ogerpon-Cornerstone, L50, F|\n|poke|p2|Incineroar, L50, F|\n|poke|p2|Rillaboom, L50, F|\n|teampreview|4\n|\n|t:|1771958820\n|teamsize|p1|4\n|teamsize|p2|4\n|start\n|switch|p1a: Iron Jugulis|Iron Jugulis, L50|100/100\n|switch|p1b: Calyrex|Calyrex-Ice, L50|100/100\n|switch|p2a: Terapagos|Terapagos, L50, M|100/100\n|switch|p2b: Rillaboom|Rillaboom, L50, F|100/100\n|-activate|p2a: Terapagos|ability: Tera Shift\n|detailschange|p2a: Terapagos|Terapagos-Terastal, L50, M\n|-heal|p2a: Terapagos|100/100|[silent]\n|-ability|p1b: Calyrex|As One\n|-ability|p1b: Calyrex|Unnerve\n|-fieldstart|move: Grassy Terrain|[from] ability: Grassy Surge|[of] p2b: Rillaboom\n|-enditem|p1a: Iron Jugulis|Booster Energy\n|-activate|p1a: Iron Jugulis|ability: Quark Drive|[fromitem]\n|-start|p1a: Iron Jugulis|quarkdrivespe\n|turn|1\n|\n|t:|1771958843\n|move|p2b: Rillaboom|Fake Out|p1b: Calyrex\n|-damage|p1b: Calyrex|92/100\n|move|p1a: Iron Jugulis|Taunt|p2a: Terapagos\n|-start|p2a: Terapagos|move: Taunt\n|cant|p2a: Terapagos|move: Taunt|Calm Mind\n|cant|p1b: Calyrex|flinch\n|\n|-heal|p1b: Calyrex|98/100|[from] Grassy Terrain\n|-heal|p1b: Calyrex|100/100|[from] item: Leftovers\n|upkeep\n|turn|2\n|\n|t:|1771958871\n|switch|p2b: Incineroar|Incineroar, L50, F, shiny|100/100\n|-ability|p2b: Incineroar|Intimidate|boost\n|-unboost|p1a: Iron Jugulis|atk|1\n|-unboost|p1b: Calyrex|atk|1\n|move|p1a: Iron Jugulis|Tailwind|p1a: Iron Jugulis\n|-sidestart|p1: rshawn|move: Tailwind\n|move|p1b: Calyrex|Glacial Lance|p2a: Terapagos|[spread] p2a,p2b\n|-activate|p2a: Terapagos|ability: Tera Shell\n|-resisted|p2a: Terapagos\n|-resisted|p2b: Incineroar\n|-damage|p2a: Terapagos|89/100\n|-damage|p2b: Incineroar|88/100\n|move|p2a: Terapagos|Tera Starstorm|p1a: Iron Jugulis\n|-damage|p1a: Iron Jugulis|58/100\n|\n|-heal|p2a: Terapagos|95/100|[from] Grassy Terrain\n|-heal|p2a: Terapagos|100/100|[from] item: Leftovers\n|-heal|p2b: Incineroar|94/100|[from] Grassy Terrain\n|upkeep\n|turn|3\n|\n|t:|1771958898\n|switch|p1b: Kyogre|Kyogre, L50|100/100\n|-weather|RainDance|[from] ability: Drizzle|[of] p1b: Kyogre\n|move|p2b: Incineroar|Fake Out|p1a: Iron Jugulis\n|-damage|p1a: Iron Jugulis|48/100\n|cant|p1a: Iron Jugulis|flinch\n|move|p2a: Terapagos|Tera Starstorm|p1a: Iron Jugulis\n|-damage|p1a: Iron Jugulis|6/100\n|\n|-weather|RainDance|[upkeep]\n|-heal|p2b: Incineroar|99/100|[from] Grassy Terrain\n|-end|p2a: Terapagos|move: Taunt\n|upkeep\n|turn|4\n|\n|t:|1771958929\n|switch|p2b: Rillaboom|Rillaboom, L50, F|100/100\n|move|p2a: Terapagos|Protect|p2a: Terapagos\n|-singleturn|p2a: Terapagos|Protect\n|move|p1a: Iron Jugulis|Snarl|p2b: Rillaboom|[spread] p2b\n|-activate|p2a: Terapagos|move: Protect\n|-damage|p2b: Rillaboom|90/100\n|-unboost|p2b: Rillaboom|spa|1\n|move|p1b: Kyogre|Water Spout|p2b: Rillaboom|[spread] p2b\n|-activate|p2a: Terapagos|move: Protect\n|-resisted|p2b: Rillaboom\n|-damage|p2b: Rillaboom|56/100\n|\n|-weather|RainDance|[upkeep]\n|-heal|p2b: Rillaboom|61/100|[from] Grassy Terrain\n|upkeep\n|turn|5\n|\n|t:|1771958960\n|-end|p1a: Iron Jugulis|Quark Drive|[silent]\n|switch|p1a: Calyrex|Calyrex-Ice, L50|100/100\n|-ability|p1a: Calyrex|As One\n|-ability|p1a: Calyrex|Unnerve\n|move|p2b: Rillaboom|Fake Out|p1a: Calyrex\n|-damage|p1a: Calyrex|92/100\n|move|p1b: Kyogre|Water Spout|p2a: Terapagos|[spread] p2a,p2b\n|-activate|p2a: Terapagos|ability: Tera Shell\n|-resisted|p2a: Terapagos\n|-resisted|p2b: Rillaboom\n|-damage|p2a: Terapagos|46/100\n|-damage|p2b: Rillaboom|23/100\n|move|p2a: Terapagos|Calm Mind|p2a: Terapagos\n|-boost|p2a: Terapagos|spa|1\n|-boost|p2a: Terapagos|spd|1\n|\n|-weather|RainDance|[upkeep]\n|-heal|p1a: Calyrex|98/100|[from] Grassy Terrain\n|-heal|p1a: Calyrex|100/100|[from] item: Leftovers\n|-heal|p2a: Terapagos|53/100|[from] Grassy Terrain\n|-heal|p2a: Terapagos|59/100|[from] item: Leftovers\n|-heal|p2b: Rillaboom|29/100|[from] Grassy Terrain\n|-sideend|p1: rshawn|move: Tailwind\n|-fieldend|move: Grassy Terrain\n|upkeep\n|turn|6\n|\n|t:|1771959002\n|-terastallize|p2a: Terapagos|Stellar\n|detailschange|p2a: Terapagos|Terapagos-Stellar, L50, M, tera:Stellar\n|-heal|p2a: Terapagos|69/100|[silent]\n|-ability|p2a: Terapagos|Teraform Zero\n|-weather|none\n|move|p1b: Kyogre|Origin Pulse|p2a: Terapagos|[spread] p2a\n|-miss|p1b: Kyogre|p2b: Rillaboom\n|-damage|p2a: Terapagos|44/100\n|move|p2a: Terapagos|Tera Starstorm|p1a: Calyrex|[spread] p1a,p1b\n|-damage|p1a: Calyrex|72/100\n|-damage|p1b: Kyogre|70/100\n|move|p2b: Rillaboom|U-turn|p1a: Calyrex\n|-supereffective|p1a: Calyrex\n|-damage|p1a: Calyrex|43/100\n|\n|t:|1771959016\n|switch|p2b: Incineroar|Incineroar, L50, F, shiny|99/100|[from] U-turn\n|-ability|p2b: Incineroar|Intimidate|boost\n|-unboost|p1a: Calyrex|atk|1\n|-unboost|p1b: Kyogre|atk|1\n|move|p1a: Calyrex|Leech Seed|p2a: Terapagos\n|-start|p2a: Terapagos|move: Leech Seed\n|\n|-heal|p2a: Terapagos|50/100|[from] item: Leftovers\n|-heal|p1a: Calyrex|49/100|[from] item: Leftovers\n|-damage|p2a: Terapagos|37/100|[from] Leech Seed|[of] p1a: Calyrex\n|-heal|p1a: Calyrex|64/100|[silent]\n|upkeep\n|turn|7\n|\n|t:|1771959042\n|switch|p1b: Rillaboom|Rillaboom, L50, M|100/100\n|-fieldstart|move: Grassy Terrain|[from] ability: Grassy Surge|[of] p1b: Rillaboom\n|move|p1a: Calyrex|Protect|p1a: Calyrex\n|-singleturn|p1a: Calyrex|Protect\n|move|p2b: Incineroar|Fake Out|p1b: Rillaboom\n|-damage|p1b: Rillaboom|92/100\n|move|p2a: Terapagos|Tera Starstorm|p1b: Rillaboom|[spread] p1b\n|-activate|p1a: Calyrex|move: Protect\n|-damage|p1b: Rillaboom|58/100\n|\n|-heal|p2a: Terapagos|44/100|[from] Grassy Terrain\n|-heal|p2a: Terapagos|50/100|[from] item: Leftovers\n|-heal|p1b: Rillaboom|64/100|[from] Grassy Terrain\n|-heal|p2b: Incineroar|100/100|[from] Grassy Terrain\n|-heal|p1a: Calyrex|70/100|[from] Grassy Terrain\n|-heal|p1a: Calyrex|76/100|[from] item: Leftovers\n|-damage|p2a: Terapagos|37/100|[from] Leech Seed|[of] p1a: Calyrex\n|-heal|p1a: Calyrex|91/100|[silent]\n|upkeep\n|turn|8\n|\n|t:|1771959074\n|move|p2a: Terapagos|Protect|p2a: Terapagos\n|-singleturn|p2a: Terapagos|Protect\n|move|p1b: Rillaboom|Fake Out|p2b: Incineroar\n|-damage|p2b: Incineroar|91/100\n|-damage|p1b: Rillaboom|47/100|[from] item: Rocky Helmet|[of] p2b: Incineroar\n|cant|p2b: Incineroar|flinch\n|move|p1a: Calyrex|Leech Seed|p2b: Incineroar\n|-start|p2b: Incineroar|move: Leech Seed\n|\n|-heal|p2a: Terapagos|44/100|[from] Grassy Terrain\n|-heal|p2a: Terapagos|50/100|[from] item: Leftovers\n|-heal|p1b: Rillaboom|54/100|[from] Grassy Terrain\n|-heal|p2b: Incineroar|97/100|[from] Grassy Terrain\n|-heal|p1a: Calyrex|97/100|[from] Grassy Terrain\n|-heal|p1a: Calyrex|100/100|[from] item: Leftovers\n|-damage|p2a: Terapagos|37/100|[from] Leech Seed|[of] p1a: Calyrex\n|-damage|p2b: Incineroar|84/100|[from] Leech Seed|[of] p1a: Calyrex\n|upkeep\n|turn|9\n|\n|t:|1771959103\n|move|p2a: Terapagos|Calm Mind|p2a: Terapagos\n|-boost|p2a: Terapagos|spa|1\n|-boost|p2a: Terapagos|spd|1\n|move|p1b: Rillaboom|U-turn|p2a: Terapagos\n|-damage|p2a: Terapagos|27/100\n|\n|t:|1771959112\n|switch|p1b: Iron Jugulis|Iron Jugulis, L50|6/100|[from] U-turn\n|move|p2b: Incineroar|Knock Off|p1b: Iron Jugulis\n|-resisted|p1b: Iron Jugulis\n|-damage|p1b: Iron Jugulis|0 fnt\n|faint|p1b: Iron Jugulis\n|-end|p1b: Iron Jugulis|Quark Drive|[silent]\n|move|p1a: Calyrex|Glacial Lance|p2b: Incineroar|[spread] p2a,p2b\n|-resisted|p2b: Incineroar\n|-damage|p2a: Terapagos|8/100\n|-damage|p2b: Incineroar|72/100\n|\n|-heal|p2a: Terapagos|14/100|[from] Grassy Terrain\n|-heal|p2a: Terapagos|20/100|[from] item: Leftovers\n|-heal|p2b: Incineroar|78/100|[from] Grassy Terrain\n|-damage|p2a: Terapagos|8/100|[from] Leech Seed|[of] p1a: Calyrex\n|-damage|p2b: Incineroar|66/100|[from] Leech Seed|[of] p1a: Calyrex\n|upkeep\n|\n|t:|1771959132\n|switch|p1b: Rillaboom|Rillaboom, L50, M|54/100\n|turn|10\n|\n|t:|1771959156\n|switch|p1a: Kyogre|Kyogre, L50|70/100\n|-weather|RainDance|[from] ability: Drizzle|[of] p1a: Kyogre\n|move|p2a: Terapagos|Protect|p2a: Terapagos\n|-singleturn|p2a: Terapagos|Protect\n|move|p1b: Rillaboom|U-turn|p2a: Terapagos\n|-activate|p2a: Terapagos|move: Protect\n|move|p2b: Incineroar|Parting Shot|p1a: Kyogre\n|-unboost|p1a: Kyogre|atk|1\n|-unboost|p1a: Kyogre|spa|1\n|\n|t:|1771959169\n|switch|p2b: Rillaboom|Rillaboom, L50, F|29/100|[from] Parting Shot\n|\n|-weather|RainDance|[upkeep]\n|-heal|p1a: Kyogre|76/100|[from] Grassy Terrain\n|-heal|p2a: Terapagos|14/100|[from] Grassy Terrain\n|-heal|p2a: Terapagos|20/100|[from] item: Leftovers\n|-heal|p1b: Rillaboom|60/100|[from] Grassy Terrain\n|-heal|p2b: Rillaboom|35/100|[from] Grassy Terrain\n|-damage|p2a: Terapagos|8/100|[from] Leech Seed|[of] p1a: Kyogre\n|-heal|p1a: Kyogre|93/100|[silent]\n|upkeep\n|turn|11\n|\n|t:|1771959188\n|switch|p1b: Calyrex|Calyrex-Ice, L50|100/100\n|-ability|p1b: Calyrex|As One\n|-ability|p1b: Calyrex|Unnerve\n|move|p1a: Kyogre|Protect|p1a: Kyogre\n|-singleturn|p1a: Kyogre|Protect\n|move|p2b: Rillaboom|Fake Out|p1a: Kyogre\n|-activate|p1a: Kyogre|move: Protect\n|move|p2a: Terapagos|Tera Starstorm|p1b: Calyrex|[spread] p1b\n|-activate|p1a: Kyogre|move: Protect\n|-damage|p1b: Calyrex|60/100\n|\n|-weather|RainDance|[upkeep]\n|-heal|p1a: Kyogre|99/100|[from] Grassy Terrain\n|-heal|p2a: Terapagos|14/100|[from] Grassy Terrain\n|-heal|p2a: Terapagos|20/100|[from] item: Leftovers\n|-heal|p2b: Rillaboom|41/100|[from] Grassy Terrain\n|-heal|p1b: Calyrex|66/100|[from] Grassy Terrain\n|-heal|p1b: Calyrex|72/100|[from] item: Leftovers\n|-damage|p2a: Terapagos|8/100|[from] Leech Seed|[of] p1a: Kyogre\n|-heal|p1a: Kyogre|100/100|[silent]\n|-fieldend|move: Grassy Terrain\n|upkeep\n|turn|12\n|\n|t:|1771959224\n|move|p2a: Terapagos|Protect|p2a: Terapagos\n|-singleturn|p2a: Terapagos|Protect\n|move|p1a: Kyogre|Origin Pulse|p2a: Terapagos|[spread] p2b\n|-activate|p2a: Terapagos|move: Protect\n|-resisted|p2b: Rillaboom\n|-damage|p2b: Rillaboom|23/100\n|move|p2b: Rillaboom|U-turn|p1b: Calyrex\n|-supereffective|p1b: Calyrex\n|-damage|p1b: Calyrex|45/100\n|\n|t:|1771959232\n|switch|p2b: Incineroar|Incineroar, L50, F, shiny|66/100|[from] U-turn\n|-ability|p2b: Incineroar|Intimidate|boost\n|-unboost|p1a: Kyogre|atk|1\n|-unboost|p1b: Calyrex|atk|1\n|move|p1b: Calyrex|Leech Seed|p2b: Incineroar\n|-start|p2b: Incineroar|move: Leech Seed\n|\n|-weather|RainDance|[upkeep]\n|-heal|p2a: Terapagos|14/100|[from] item: Leftovers\n|-heal|p1b: Calyrex|51/100|[from] item: Leftovers\n|-damage|p2a: Terapagos|2/100|[from] Leech Seed|[of] p1a: Kyogre\n|-damage|p2b: Incineroar|53/100|[from] Leech Seed|[of] p1b: Calyrex\n|-heal|p1b: Calyrex|63/100|[silent]\n|upkeep\n|turn|13\n|\n|t:|1771959251\n|switch|p2b: Rillaboom|Rillaboom, L50, F|23/100\n|-fieldstart|move: Grassy Terrain|[from] ability: Grassy Surge|[of] p2b: Rillaboom\n|move|p1a: Kyogre|Protect|p1a: Kyogre\n|-singleturn|p1a: Kyogre|Protect\n|move|p1b: Calyrex|Protect|p1b: Calyrex\n|-singleturn|p1b: Calyrex|Protect\n|move|p2a: Terapagos|Tera Starstorm|p1a: Kyogre|[spread] \n|-activate|p1a: Kyogre|move: Protect\n|-activate|p1b: Calyrex|move: Protect\n|\n|-weather|RainDance|[upkeep]\n|-heal|p2a: Terapagos|8/100|[from] Grassy Terrain\n|-heal|p2a: Terapagos|14/100|[from] item: Leftovers\n|-heal|p2b: Rillaboom|29/100|[from] Grassy Terrain\n|-heal|p1b: Calyrex|69/100|[from] Grassy Terrain\n|-heal|p1b: Calyrex|74/100|[from] item: Leftovers\n|-damage|p2a: Terapagos|2/100|[from] Leech Seed|[of] p1a: Kyogre\n|upkeep\n|turn|14\n|\n|t:|1771959287\n|move|p2b: Rillaboom|Fake Out|p1a: Kyogre\n|-damage|p1a: Kyogre|89/100\n|cant|p1a: Kyogre|flinch\n|move|p2a: Terapagos|Tera Starstorm|p1a: Kyogre|[spread] p1a,p1b\n|-damage|p1a: Kyogre|43/100\n|-damage|p1b: Calyrex|37/100\n|move|p1b: Calyrex|Glacial Lance|p2a: Terapagos|[spread] p2a,p2b\n|-supereffective|p2b: Rillaboom\n|-damage|p2a: Terapagos|0 fnt\n|-damage|p2b: Rillaboom|0 fnt\n|faint|p2a: Terapagos\n|detailschange|p2: Terapagos|Terapagos, L50, M|[silent]\n|faint|p2b: Rillaboom\n|-ability|p1b: Calyrex|Chilling Neigh|boost\n|-boost|p1b: Calyrex|atk|2\n|\n|-weather|none\n|-heal|p1a: Kyogre|49/100|[from] Grassy Terrain\n|-heal|p1b: Calyrex|43/100|[from] Grassy Terrain\n|-heal|p1b: Calyrex|49/100|[from] item: Leftovers\n|upkeep\n|\n|t:|1771959297\n|switch|p2b: Calyrex|Calyrex-Shadow, L50|100/100\n|switch|p2a: Incineroar|Incineroar, L50, F, shiny|53/100\n|-ability|p2b: Calyrex|As One\n|-ability|p2b: Calyrex|Unnerve\n|-ability|p2a: Incineroar|Intimidate|boost\n|-unboost|p1a: Kyogre|atk|1\n|-unboost|p1b: Calyrex|atk|1\n|turn|15\n|\n|t:|1771959322\n|switch|p1a: Rillaboom|Rillaboom, L50, M|60/100\n|move|p1b: Calyrex|Protect|p1b: Calyrex\n|-singleturn|p1b: Calyrex|Protect\n|move|p2a: Incineroar|Fake Out|p1a: Rillaboom\n|-damage|p1a: Rillaboom|50/100\n|move|p2b: Calyrex|Astral Barrage|p1b: Calyrex|[spread] p1a\n|-activate|p1b: Calyrex|move: Protect\n|-damage|p1a: Rillaboom|9/100\n|\n|-heal|p1a: Rillaboom|16/100|[from] Grassy Terrain\n|-heal|p2a: Incineroar|59/100|[from] Grassy Terrain\n|-heal|p1b: Calyrex|55/100|[from] Grassy Terrain\n|-heal|p1b: Calyrex|60/100|[from] item: Leftovers\n|upkeep\n|turn|16\n|\n|t:|1771959344\n|-terastallize|p1b: Calyrex|Water\n|move|p1a: Rillaboom|Fake Out|p2a: Incineroar\n|-crit|p2a: Incineroar\n|-damage|p2a: Incineroar|43/100\n|-damage|p1a: Rillaboom|0 fnt|[from] item: Rocky Helmet|[of] p2a: Incineroar\n|faint|p1a: Rillaboom\n|move|p2b: Calyrex|Astral Barrage|p1b: Calyrex\n|-damage|p1b: Calyrex|18/100\n|cant|p2a: Incineroar|flinch\n|move|p1b: Calyrex|Trick Room|p1b: Calyrex\n|-fieldstart|move: Trick Room|[of] p1b: Calyrex\n|\n|-heal|p1b: Calyrex|24/100|[from] Grassy Terrain\n|-heal|p1b: Calyrex|30/100|[from] item: Leftovers\n|-heal|p2a: Incineroar|49/100|[from] Grassy Terrain\n|upkeep\n|\n|t:|1771959362\n|switch|p1a: Kyogre|Kyogre, L50|49/100\n|-weather|RainDance|[from] ability: Drizzle|[of] p1a: Kyogre\n|turn|17\n|\n|t:|1771959381\n|move|p2b: Calyrex|Protect|p2b: Calyrex\n|-singleturn|p2b: Calyrex|Protect\n|move|p1b: Calyrex|Glacial Lance|p2b: Calyrex|[spread] p2a\n|-activate|p2b: Calyrex|move: Protect\n|-resisted|p2a: Incineroar\n|-damage|p2a: Incineroar|29/100\n|move|p2a: Incineroar|Knock Off|p1b: Calyrex\n|-damage|p1b: Calyrex|5/100\n|-enditem|p1b: Calyrex|Leftovers|[from] move: Knock Off|[of] p2a: Incineroar\n|move|p1a: Kyogre|Origin Pulse|p2b: Calyrex|[spread] p2a\n|-activate|p2b: Calyrex|move: Protect\n|-supereffective|p2a: Incineroar\n|-damage|p2a: Incineroar|0 fnt\n|faint|p2a: Incineroar\n|\n|-weather|RainDance|[upkeep]\n|-heal|p1b: Calyrex|11/100|[from] Grassy Terrain\n|-heal|p1a: Kyogre|56/100|[from] Grassy Terrain\n|-fieldend|move: Grassy Terrain\n|upkeep\n|turn|18\n|\n|t:|1771959406\n|move|p1b: Calyrex|Glacial Lance|p2b: Calyrex\n|-damage|p2b: Calyrex|6/100\n|move|p1a: Kyogre|Origin Pulse|p2b: Calyrex\n|-damage|p2b: Calyrex|0 fnt\n|faint|p2b: Calyrex\n|\n|win|rshawn\n|raw|rshawn's rating: 1448 &rarr; <strong>1467</strong><br />(+19 for winning)\n|raw|Schimmli's rating: 1437 &rarr; <strong>1418</strong><br />(-19 for losing)\n|l|\u2606Schimmli\n|player|p2|\n|l|\u2606rshawn\n|player|p1|\n","uploadtime":1771959591,"views":23,"formatid":"gen9vgc2026regi","rating":1418,"private":0,"password":null}