{"id":"gen9vgc2026regi-2563492071","format":"[Gen 9] VGC 2026 Reg I","players":["Galact7adi","kfjtdhynd"],"log":"|j|\u2606Galact7adi\n|j|\u2606kfjtdhynd\n|t:|1774030927\n|gametype|doubles\n|player|p1|Galact7adi|266|1527\n|player|p2|kfjtdhynd|101|1571\n|gen|9\n|tier|[Gen 9] VGC 2026 Reg I\n|rated|\n|rule|Species Clause: Limit one of each Pok\u00e9mon\n|rule|Item Clause: Limit 1 of each item\n|clearpoke\n|poke|p1|Calyrex-Shadow, L50|\n|poke|p1|Zamazenta-*, L50|\n|poke|p1|Chien-Pao, L50|\n|poke|p1|Dragonite, L50, M|\n|poke|p1|Raging Bolt, L50|\n|poke|p1|Amoonguss, L50, M|\n|poke|p2|Lunala, L50|\n|poke|p2|Zacian-*, L50|\n|poke|p2|Urshifu-*, L50, M|\n|poke|p2|Rillaboom, L50, F|\n|poke|p2|Pelipper, L50, M|\n|poke|p2|Raging Bolt, L50|\n|teampreview|4\n|inactive|Battle timer is ON: inactive players will automatically lose when time's up. (requested by Galact7adi)\nkfjtdhynd rejected open team sheets.\n|inactive|Galact7adi has 60 seconds left.\n|inactive|kfjtdhynd has 60 seconds left.\n|\n|t:|1774030975\n|teamsize|p1|4\n|teamsize|p2|4\n|start\n|switch|p1a: Calyrex|Calyrex-Shadow, L50|100/100\n|switch|p1b: Amoonguss|Amoonguss, L50, M|100/100\n|switch|p2a: Raging Bolt|Raging Bolt, L50|100/100\n|switch|p2b: Lunala|Lunala, L50|100/100\n|-ability|p1a: Calyrex|As One\n|-ability|p1a: Calyrex|Unnerve\n|-enditem|p2a: Raging Bolt|Booster Energy\n|-activate|p2a: Raging Bolt|ability: Protosynthesis|[fromitem]\n|-start|p2a: Raging Bolt|protosynthesisspa\n|turn|1\n|inactive|kfjtdhynd has 30 seconds left.\n|\n|t:|1774031006\n|-terastallize|p1a: Calyrex|Ghost\n|-terastallize|p2b: Lunala|Fairy\n|move|p1b: Amoonguss|Rage Powder|p1b: Amoonguss\n|-singleturn|p1b: Amoonguss|move: Rage Powder\n|move|p1a: Calyrex|Astral Barrage|p2a: Raging Bolt|[spread] p2a,p2b\n|-damage|p2a: Raging Bolt|32/100\n|-damage|p2b: Lunala|74/100\n|move|p2b: Lunala|Moongeist Beam|p1b: Amoonguss\n|-damage|p1b: Amoonguss|54/100\n|move|p2a: Raging Bolt|Taunt|p1b: Amoonguss\n|-start|p1b: Amoonguss|move: Taunt\n|\n|-heal|p2b: Lunala|80/100|[from] item: Leftovers\n|upkeep\n|turn|2\n|inactive|Galact7adi has 30 seconds left.\n|\n|t:|1774031034\n|switch|p1a: Raging Bolt|Raging Bolt, L50|100/100\n|-enditem|p1a: Raging Bolt|Booster Energy\n|-activate|p1a: Raging Bolt|ability: Protosynthesis|[fromitem]\n|-start|p1a: Raging Bolt|protosynthesisspa\n|move|p2a: Raging Bolt|Thunderclap||[still]\n|-fail|p2a: Raging Bolt\n|move|p2b: Lunala|Moongeist Beam|p1b: Amoonguss\n|-damage|p1b: Amoonguss|7/100\n|move|p1b: Amoonguss|Sludge Bomb|p2b: Lunala\n|-supereffective|p2b: Lunala\n|-damage|p2b: Lunala|44/100\n|\n|-heal|p2b: Lunala|49/100|[from] item: Leftovers\n|upkeep\n|turn|3\n|inactive|Galact7adi has 30 seconds left.\n|\n|t:|1774031060\n|move|p2b: Lunala|Calm Mind|p2b: Lunala\n|-boost|p2b: Lunala|spa|1\n|-boost|p2b: Lunala|spd|1\n|move|p1a: Raging Bolt|Dragon Pulse|p2a: Raging Bolt\n|-supereffective|p2a: Raging Bolt\n|-damage|p2a: Raging Bolt|0 fnt\n|faint|p2a: Raging Bolt\n|-end|p2a: Raging Bolt|Protosynthesis|[silent]\n|move|p1b: Amoonguss|Sludge Bomb|p2b: Lunala\n|-supereffective|p2b: Lunala\n|-damage|p2b: Lunala|24/100\n|\n|-heal|p2b: Lunala|30/100|[from] item: Leftovers\n|upkeep\n|\n|t:|1774031065\n|switch|p2a: Zacian|Zacian-Crowned, L50|100/100\n|-ability|p2a: Zacian|Intrepid Sword|boost\n|-boost|p2a: Zacian|atk|1\n|turn|4\n|\n|t:|1774031075\n|move|p1a: Raging Bolt|Protect|p1a: Raging Bolt\n|-singleturn|p1a: Raging Bolt|Protect\n|move|p2a: Zacian|Play Rough|p1a: Raging Bolt\n|-activate|p1a: Raging Bolt|move: Protect\n|move|p2b: Lunala|Moongeist Beam|p1b: Amoonguss\n|-damage|p1b: Amoonguss|0 fnt\n|faint|p1b: Amoonguss\n|\n|-heal|p2b: Lunala|36/100|[from] item: Leftovers\n|upkeep\n|\n|t:|1774031082\n|switch|p1b: Calyrex|Calyrex-Shadow, L50, tera:Ghost|100/100\n|-ability|p1b: Calyrex|As One\n|-ability|p1b: Calyrex|Unnerve\n|turn|5\n|\n|t:|1774031101\n|move|p1a: Raging Bolt|Thunderclap|p2a: Zacian\n|-damage|p2a: Zacian|49/100\n|move|p1b: Calyrex|Astral Barrage|p2b: Lunala|[spread] p2a,p2b\n|-damage|p2a: Zacian|0 fnt\n|-damage|p2b: Lunala|3/100\n|faint|p2a: Zacian\n|-ability|p1b: Calyrex|Grim Neigh|boost\n|-boost|p1b: Calyrex|spa|1\n|move|p2b: Lunala|Moongeist Beam|p1b: Calyrex\n|-supereffective|p1b: Calyrex\n|-enditem|p1b: Calyrex|Focus Sash\n|-damage|p1b: Calyrex|1/100\n|\n|-heal|p2b: Lunala|8/100|[from] item: Leftovers\n|upkeep\n|\n|t:|1774031105\n|switch|p2a: Urshifu|Urshifu-Rapid-Strike, L50, M|100/100\n|turn|6\n|\n|t:|1774031124\n|move|p2a: Urshifu|Aqua Jet|p1b: Calyrex\n|-damage|p1b: Calyrex|0 fnt\n|faint|p1b: Calyrex\n|move|p1a: Raging Bolt|Thunderclap|p2b: Lunala\n|-damage|p2b: Lunala|0 fnt\n|faint|p2b: Lunala\n|\n|upkeep\n|\n|t:|1774031127\n|switch|p1b: Zamazenta|Zamazenta-Crowned, L50|100/100\n|-ability|p1b: Zamazenta|Dauntless Shield|boost\n|-boost|p1b: Zamazenta|def|1\n|turn|7\n|-message|kfjtdhynd forfeited.\n|\n|win|Galact7adi\n|raw|Galact7adi's rating: 1527 &rarr; <strong>1550</strong><br />(+23 for winning)\n|raw|kfjtdhynd's rating: 1571 &rarr; <strong>1548</strong><br />(-23 for losing)\n|l|\u2606kfjtdhynd\n|player|p2|\n|l|\u2606Galact7adi\n|player|p1|\n","uploadtime":1774031298,"views":16,"formatid":"gen9vgc2026regi","rating":1548,"private":0,"password":null}