{"id":"gen9vgc2026regi-2542505583","format":"[Gen 9] VGC 2026 Reg I","players":["ryo8989","iam confuced"],"log":"|j|\u2606ryo8989\n|j|\u2606iam confuced\n|t:|1771455761\n|gametype|doubles\n|player|p1|ryo8989|erika|1423\n|player|p2|iam confuced|caitlin|1419\n|gen|9\n|tier|[Gen 9] VGC 2026 Reg I\n|rated|\n|rule|Species Clause: Limit one of each Pok\u00e9mon\n|rule|Item Clause: Limit 1 of each item\n|clearpoke\n|poke|p1|Calyrex-Ice, L50|\n|poke|p1|Miraidon, L50|\n|poke|p1|Incineroar, L50, F|\n|poke|p1|Farigiraf, L50, F|\n|poke|p1|Urshifu-*, L50, F|\n|poke|p1|Whimsicott, L50, F|\n|poke|p2|Roaring Moon, L50|\n|poke|p2|Kyogre, L50|\n|poke|p2|Calyrex-Shadow, L50|\n|poke|p2|Wo-Chien, L50|\n|poke|p2|Landorus, L50, M|\n|poke|p2|Urshifu-*, L50, M|\n|teampreview|4\n|\n|t:|1771455790\n|teamsize|p1|4\n|teamsize|p2|4\n|start\n|switch|p1a: Miraidon|Miraidon, L50|100/100\n|switch|p1b: Whimsicott|Whimsicott, L50, F|100/100\n|switch|p2a: Kyogre|Kyogre, L50|100/100\n|switch|p2b: Wo-Chien|Wo-Chien, L50|100/100\n|-fieldstart|move: Electric Terrain|[from] ability: Hadron Engine|[of] p1a: Miraidon\n|-ability|p2b: Wo-Chien|Tablets of Ruin\n|-weather|RainDance|[from] ability: Drizzle|[of] p2a: Kyogre\n|turn|1\n|\n|t:|1771455808\n|-terastallize|p2a: Kyogre|Grass\n|move|p1b: Whimsicott|Moonblast|p2a: Kyogre\n|-damage|p2a: Kyogre|84/100\n|-unboost|p2a: Kyogre|spa|1\n|move|p1a: Miraidon|Volt Switch|p2a: Kyogre\n|-resisted|p2a: Kyogre\n|-damage|p2a: Kyogre|67/100\n|\n|t:|1771455817\n|switch|p1a: Urshifu|Urshifu-Rapid-Strike, L50, F|100/100|[from] Volt Switch\n|move|p2b: Wo-Chien|Pollen Puff|p2a: Kyogre\n|-heal|p2a: Kyogre|100/100\n|move|p2a: Kyogre|Water Spout|p1a: Urshifu|[spread] p1a,p1b\n|-resisted|p1a: Urshifu\n|-resisted|p1b: Whimsicott\n|-damage|p1a: Urshifu|56/100\n|-damage|p1b: Whimsicott|37/100\n|\n|-weather|RainDance|[upkeep]\n|upkeep\n|turn|2\n|\n|t:|1771455837\n|move|p1b: Whimsicott|Endeavor|p2a: Kyogre\n|-damage|p2a: Kyogre|22/100\n|move|p1a: Urshifu|U-turn|p2a: Kyogre\n|-supereffective|p2a: Kyogre\n|-damage|p2a: Kyogre|0 fnt\n|faint|p2a: Kyogre\n|\n|t:|1771455846\n|switch|p1a: Incineroar|Incineroar, L50, F|100/100|[from] U-turn\n|-ability|p1a: Incineroar|Intimidate|boost\n|-unboost|p2b: Wo-Chien|atk|1\n|move|p2b: Wo-Chien|Pollen Puff|p2: Kyogre|[notarget]\n|-fail|p2b: Wo-Chien\n|\n|-weather|RainDance|[upkeep]\n|upkeep\n|\n|t:|1771455850\n|switch|p2a: Urshifu|Urshifu-Rapid-Strike, L50, M|100/100\n|turn|3\n|\n|t:|1771455882\n|move|p1a: Incineroar|Fake Out|p2a: Urshifu\n|-damage|p2a: Urshifu|91/100\n|cant|p2a: Urshifu|flinch\n|move|p1b: Whimsicott|Endeavor|p2a: Urshifu\n|-damage|p2a: Urshifu|26/100\n|move|p2b: Wo-Chien|Leech Seed|p1a: Incineroar\n|-start|p1a: Incineroar|move: Leech Seed\n|\n|-weather|RainDance|[upkeep]\n|-damage|p1a: Incineroar|88/100|[from] Leech Seed|[of] p2b: Wo-Chien\n|upkeep\n|turn|4\n|\n|t:|1771455910\n|switch|p1a: Urshifu|Urshifu-Rapid-Strike, L50, F|56/100\n|move|p2a: Urshifu|Surging Strikes|p1b: Whimsicott\n|-resisted|p1b: Whimsicott\n|-crit|p1b: Whimsicott\n|-damage|p1b: Whimsicott|16/100\n|-resisted|p1b: Whimsicott\n|-crit|p1b: Whimsicott\n|-damage|p1b: Whimsicott|0 fnt\n|faint|p1b: Whimsicott\n|-hitcount|p1: Whimsicott|2\n|move|p2b: Wo-Chien|Pollen Puff|p2a: Urshifu\n|-heal|p2a: Urshifu|75/100\n|\n|-weather|RainDance|[upkeep]\n|upkeep\n|\n|t:|1771455926\n|switch|p1b: Miraidon|Miraidon, L50|100/100\n|-activate|p1b: Miraidon|ability: Hadron Engine\n|turn|5\n|\n|t:|1771455940\n|move|p2a: Urshifu|Surging Strikes|p1a: Urshifu\n|-resisted|p1a: Urshifu\n|-crit|p1a: Urshifu\n|-damage|p1a: Urshifu|45/100\n|-resisted|p1a: Urshifu\n|-crit|p1a: Urshifu\n|-damage|p1a: Urshifu|35/100\n|-resisted|p1a: Urshifu\n|-crit|p1a: Urshifu\n|-damage|p1a: Urshifu|24/100\n|-hitcount|p1a: Urshifu|3\n|move|p1b: Miraidon|Volt Switch|p2a: Urshifu\n|-supereffective|p2a: Urshifu\n|-damage|p2a: Urshifu|0 fnt\n|faint|p2a: Urshifu\n|\n|t:|1771455952\n|switch|p1b: Incineroar|Incineroar, L50, F|88/100|[from] Volt Switch\n|-ability|p1b: Incineroar|Intimidate|boost\n|-unboost|p2b: Wo-Chien|atk|1\n|move|p1a: Urshifu|U-turn|p2b: Wo-Chien\n|-supereffective|p2b: Wo-Chien\n|-damage|p2b: Wo-Chien|14/100\n|\n|t:|1771455960\n|switch|p1a: Miraidon|Miraidon, L50|100/100|[from] U-turn\n|-activate|p1a: Miraidon|ability: Hadron Engine\n|move|p2b: Wo-Chien|Snarl|p1b: Incineroar|[spread] p1a,p1b\n|-resisted|p1b: Incineroar\n|-damage|p1a: Miraidon|90/100\n|-damage|p1b: Incineroar|84/100\n|-unboost|p1a: Miraidon|spa|1\n|-unboost|p1b: Incineroar|spa|1\n|\n|-weather|none\n|-heal|p2b: Wo-Chien|20/100|[from] item: Leftovers\n|-fieldend|move: Electric Terrain\n|upkeep\n|\n|t:|1771455962\n|switch|p2a: Calyrex|Calyrex-Shadow, L50|100/100\n|-ability|p2a: Calyrex|As One\n|-ability|p2a: Calyrex|Unnerve\n|turn|6\n|\n|t:|1771455980\n|move|p2a: Calyrex|Protect|p2a: Calyrex\n|-singleturn|p2a: Calyrex|Protect\n|move|p1a: Miraidon|Volt Switch|p2b: Wo-Chien\n|-resisted|p2b: Wo-Chien\n|-damage|p2b: Wo-Chien|9/100\n|\n|t:|1771455986\n|switch|p1a: Urshifu|Urshifu-Rapid-Strike, L50, F|24/100|[from] Volt Switch\n|move|p2b: Wo-Chien|Leech Seed|p1b: Incineroar\n|-start|p1b: Incineroar|move: Leech Seed\n|move|p1b: Incineroar|Knock Off|p2a: Calyrex\n|-activate|p2a: Calyrex|move: Protect\n|\n|-heal|p2b: Wo-Chien|15/100|[from] item: Leftovers\n|-damage|p1b: Incineroar|72/100|[from] Leech Seed|[of] p2b: Wo-Chien\n|-heal|p2b: Wo-Chien|28/100|[silent]\n|upkeep\n|turn|7\n|\n|t:|1771456007\n|move|p1a: Urshifu|Aqua Jet|p2a: Calyrex\n|-damage|p2a: Calyrex|66/100\n|move|p2a: Calyrex|Astral Barrage|p1a: Urshifu|[spread] p1a,p1b\n|-resisted|p1b: Incineroar\n|-damage|p1a: Urshifu|0 fnt\n|-damage|p1b: Incineroar|54/100\n|faint|p1a: Urshifu\n|-ability|p2a: Calyrex|Grim Neigh|boost\n|-boost|p2a: Calyrex|spa|1\n|move|p2b: Wo-Chien|Pollen Puff|p1b: Incineroar\n|-damage|p1b: Incineroar|43/100\n|move|p1b: Incineroar|U-turn|p2b: Wo-Chien\n|-supereffective|p2b: Wo-Chien\n|-damage|p2b: Wo-Chien|0 fnt\n|faint|p2b: Wo-Chien\n|-message|iam confuced forfeited.\n|\n|win|ryo8989\n|raw|ryo8989's rating: 1423 &rarr; <strong>1443</strong><br />(+20 for winning)\n|raw|iam confuced's rating: 1419 &rarr; <strong>1399</strong><br />(-20 for losing)\n|l|\u2606iam confuced\n|player|p2|\n|l|\u2606ryo8989\n|player|p1|\n","uploadtime":1771456243,"views":13,"formatid":"gen9vgc2026regi","rating":1399,"private":0,"password":null}