{"id":"gen9vgc2026regi-2566223258","format":"[Gen 9] VGC 2026 Reg I","players":["farfromperfect","Mirthinion"],"log":"|j|\u2606farfromperfect\n|j|\u2606Mirthinion\n|t:|1774359360\n|gametype|doubles\n|player|p1|farfromperfect|102|1398\n|player|p2|Mirthinion|janitor|1335\n|gen|9\n|tier|[Gen 9] VGC 2026 Reg I\n|rated|\n|rule|Species Clause: Limit one of each Pok\u00e9mon\n|rule|Item Clause: Limit 1 of each item\n|clearpoke\n|poke|p1|Eternatus, L50|\n|poke|p1|Miraidon, L50|\n|poke|p1|Volcarona, L50, M|\n|poke|p1|Landorus-Therian, L50, M|\n|poke|p1|Urshifu-*, L50, M|\n|poke|p1|Ogerpon-Wellspring, L50, F|\n|poke|p2|Calyrex-Shadow, L50|\n|poke|p2|Zamazenta-*, L50|\n|poke|p2|Urshifu-*, L50, M|\n|poke|p2|Incineroar, L50, M|\n|poke|p2|Rillaboom, L50, M|\n|poke|p2|Tornadus, L50, M|\n|teampreview|4\n|inactive|Battle timer is ON: inactive players will automatically lose when time's up. (requested by Mirthinion)\nMirthinion rejected open team sheets.\n|inactive|farfromperfect has 60 seconds left.\n|inactive|Mirthinion has 60 seconds left.\n|inactive|farfromperfect has 30 seconds left.\n|inactive|farfromperfect has 20 seconds left.\n|inactive|farfromperfect has 15 seconds left.\n|\n|t:|1774359437\n|teamsize|p1|4\n|teamsize|p2|4\n|start\n|switch|p1a: Volcarona|Volcarona, L50, M, shiny|100/100\n|switch|p1b: Landorus|Landorus-Therian, L50, M, shiny|100/100\n|switch|p2a: Vangwe|Tornadus, L50, M|100/100\n|switch|p2b: Hoplite|Rillaboom, L50, M|100/100\n|-ability|p1b: Landorus|Intimidate|boost\n|-unboost|p2a: Vangwe|atk|1\n|-unboost|p2b: Hoplite|atk|1\n|-fieldstart|move: Grassy Terrain|[from] ability: Grassy Surge|[of] p2b: Hoplite\n|turn|1\n|\n|t:|1774359454\n|move|p2b: Hoplite|Fake Out|p1b: Landorus\n|-damage|p1b: Landorus|90/100\n|move|p2a: Vangwe|Taunt|p1a: Volcarona\n|-start|p1a: Volcarona|move: Taunt\n|cant|p1b: Landorus|flinch\n|move|p1a: Volcarona|Heat Wave|p2a: Vangwe|[spread] p2a,p2b\n|-supereffective|p2b: Hoplite\n|-damage|p2a: Vangwe|71/100\n|-damage|p2b: Hoplite|59/100\n|\n|-heal|p2b: Hoplite|65/100|[from] Grassy Terrain\n|upkeep\n|turn|2\n|\n|t:|1774359477\n|move|p2a: Vangwe|Rain Dance|p2a: Vangwe\n|-weather|RainDance\n|move|p1b: Landorus|U-turn|p2b: Hoplite\n|-supereffective|p2b: Hoplite\n|-damage|p2b: Hoplite|14/100\n|\n|t:|1774359484\n|switch|p1b: Eternatus|Eternatus, L50, shiny|100/100|[from] U-turn\n|-ability|p1b: Eternatus|Pressure\n|move|p1a: Volcarona|Heat Wave|p2b: Hoplite|[spread] p2a,p2b\n|-supereffective|p2b: Hoplite\n|-damage|p2a: Vangwe|55/100\n|-damage|p2b: Hoplite|0 fnt\n|faint|p2b: Hoplite\n|\n|-weather|RainDance|[upkeep]\n|upkeep\n|\n|t:|1774359493\n|switch|p2b: Mithrandir|Calyrex-Shadow, L50|100/100\n|-ability|p2b: Mithrandir|As One\n|-ability|p2b: Mithrandir|Unnerve\n|turn|3\n|\n|t:|1774359514\n|move|p2b: Mithrandir|Astral Barrage|p1b: Eternatus|[spread] p1a,p1b\n|-damage|p1a: Volcarona|58/100\n|-damage|p1b: Eternatus|60/100\n|move|p1b: Eternatus|Meteor Beam||[still]\n|-prepare|p1b: Eternatus|Meteor Beam\n|-boost|p1b: Eternatus|spa|1\n|-enditem|p1b: Eternatus|Power Herb\n|-anim|p1b: Eternatus|Meteor Beam|p2b: Mithrandir\n|-damage|p2b: Mithrandir|41/100\n|move|p2a: Vangwe|Bleakwind Storm|p1a: Volcarona|[spread] p1a,p1b\n|-supereffective|p1a: Volcarona\n|-damage|p1a: Volcarona|0 fnt\n|-damage|p1b: Eternatus|33/100\n|faint|p1a: Volcarona\n|\n|-weather|RainDance|[upkeep]\n|-heal|p2b: Mithrandir|47/100|[from] Grassy Terrain\n|-heal|p1b: Eternatus|39/100|[from] Grassy Terrain\n|upkeep\n|\n|t:|1774359528\n|switch|p1a: Landorus|Landorus-Therian, L50, M, shiny|90/100\n|-ability|p1a: Landorus|Intimidate|boost\n|-unboost|p2a: Vangwe|atk|1\n|-unboost|p2b: Mithrandir|atk|1\n|turn|4\n|\n|t:|1774359548\n|-terastallize|p2a: Vangwe|Steel\n|move|p2b: Mithrandir|Protect|p2b: Mithrandir\n|-singleturn|p2b: Mithrandir|Protect\n|move|p1b: Eternatus|Protect|p1b: Eternatus\n|-singleturn|p1b: Eternatus|Protect\n|move|p1a: Landorus|Crunch|p2b: Mithrandir\n|-activate|p2b: Mithrandir|move: Protect\n|move|p2a: Vangwe|Bleakwind Storm|p1b: Eternatus|[spread] p1a\n|-activate|p1b: Eternatus|move: Protect\n|-damage|p1a: Landorus|40/100\n|\n|-weather|RainDance|[upkeep]\n|-heal|p2b: Mithrandir|53/100|[from] Grassy Terrain\n|-heal|p1b: Eternatus|45/100|[from] Grassy Terrain\n|-heal|p2a: Vangwe|61/100|[from] Grassy Terrain\n|upkeep\n|turn|5\n|\n|t:|1774359567\n|move|p2a: Vangwe|Tailwind|p2a: Vangwe\n|-sidestart|p2: Mirthinion|move: Tailwind\n|move|p2b: Mithrandir|Astral Barrage|p1b: Eternatus|[spread] p1a,p1b\n|-damage|p1a: Landorus|0 fnt\n|-damage|p1b: Eternatus|10/100\n|faint|p1a: Landorus\n|-ability|p2b: Mithrandir|Grim Neigh|boost\n|-boost|p2b: Mithrandir|spa|1\n|move|p1b: Eternatus|Dynamax Cannon|p2b: Mithrandir\n|-damage|p2b: Mithrandir|0 fnt\n|faint|p2b: Mithrandir\n|\n|-weather|RainDance|[upkeep]\n|-heal|p2a: Vangwe|67/100|[from] Grassy Terrain\n|-heal|p1b: Eternatus|16/100|[from] Grassy Terrain\n|-fieldend|move: Grassy Terrain\n|upkeep\n|\n|t:|1774359581\n|switch|p2b: Drambor|Zamazenta-Crowned, L50|100/100\n|switch|p1a: Miraidon|Miraidon, L50, shiny|100/100\n|-ability|p2b: Drambor|Dauntless Shield|boost\n|-boost|p2b: Drambor|def|1\n|-fieldstart|move: Electric Terrain|[from] ability: Hadron Engine|[of] p1a: Miraidon\n|turn|6\n|inactive|farfromperfect has 30 seconds left.\n|\n|t:|1774359612\n|-terastallize|p1a: Miraidon|Electric\n|move|p2b: Drambor|Protect|p2b: Drambor\n|-singleturn|p2b: Drambor|Protect\n|move|p1b: Eternatus|Protect|p1b: Eternatus\n|-singleturn|p1b: Eternatus|Protect\n|move|p2a: Vangwe|Bleakwind Storm|p1a: Miraidon|[spread] p1a\n|-activate|p1b: Eternatus|move: Protect\n|-resisted|p1a: Miraidon\n|-damage|p1a: Miraidon|85/100\n|move|p1a: Miraidon|Electro Drift|p2b: Drambor\n|-activate|p2b: Drambor|move: Protect\n|\n|-weather|none\n|upkeep\n|turn|7\n|\n|t:|1774359628\n|move|p1a: Miraidon|Protect|p1a: Miraidon\n|-singleturn|p1a: Miraidon|Protect\n|move|p2b: Drambor|Body Press|p1a: Miraidon\n|-activate|p1a: Miraidon|move: Protect\n|move|p2a: Vangwe|Bleakwind Storm|p1b: Eternatus|[spread] p1b\n|-activate|p1a: Miraidon|move: Protect\n|-damage|p1b: Eternatus|0 fnt\n|faint|p1b: Eternatus\n|\n|upkeep\n|turn|8\n|\n|t:|1774359650\n|move|p2b: Drambor|Body Press|p1a: Miraidon\n|-damage|p1a: Miraidon|20/100\n|move|p2a: Vangwe|Bleakwind Storm|p1a: Miraidon\n|-resisted|p1a: Miraidon\n|-damage|p1a: Miraidon|0 fnt\n|faint|p1a: Miraidon\n|\n|win|Mirthinion\n|raw|farfromperfect's rating: 1398 &rarr; <strong>1374</strong><br />(-24 for losing)\n|raw|Mirthinion's rating: 1335 &rarr; <strong>1359</strong><br />(+24 for winning)\n|l|\u2606farfromperfect\n|player|p1|\n","uploadtime":1774359705,"views":61,"formatid":"gen9vgc2026regi","rating":1359,"private":0,"password":null}