{"id":"gen9vgc2026regi-2568205536","format":"[Gen 9] VGC 2026 Reg I","players":["soahmed","TheAndUrgeTheUrge"],"log":"|j|\u2606soahmed\n|j|\u2606TheAndUrgeTheUrge\n|t:|1774555749\n|gametype|doubles\n|player|p1|soahmed|backersf|1376\n|player|p2|TheAndUrgeTheUrge|1|1459\n|gen|9\n|tier|[Gen 9] VGC 2026 Reg I\n|rated|\n|rule|Species Clause: Limit one of each Pok\u00e9mon\n|rule|Item Clause: Limit 1 of each item\n|clearpoke\n|poke|p1|Calyrex-Shadow, L50|\n|poke|p1|Zamazenta-*, L50|\n|poke|p1|Chien-Pao, L50|\n|poke|p1|Dragonite, L50, M|\n|poke|p1|Amoonguss, L50, M|\n|poke|p1|Ogerpon-Cornerstone, L50, F|\n|poke|p2|Kyogre, L50|\n|poke|p2|Zamazenta-*, L50|\n|poke|p2|Incineroar, L50, F|\n|poke|p2|Rillaboom, L50, M|\n|poke|p2|Chien-Pao, L50|\n|poke|p2|Flutter Mane, L50|\n|teampreview|4\n|\n|t:|1774555775\n|teamsize|p1|4\n|teamsize|p2|4\n|start\n|switch|p1a: Zamazenta|Zamazenta-Crowned, L50|100/100\n|switch|p1b: Chien-Pao|Chien-Pao, L50|100/100\n|switch|p2a: Zamazenta|Zamazenta-Crowned, L50, shiny|100/100\n|switch|p2b: Incineroar|Incineroar, L50, F, shiny|100/100\n|-ability|p1b: Chien-Pao|Sword of Ruin\n|-ability|p1a: Zamazenta|Dauntless Shield|boost\n|-boost|p1a: Zamazenta|def|1\n|-ability|p2a: Zamazenta|Dauntless Shield|boost\n|-boost|p2a: Zamazenta|def|1\n|-ability|p2b: Incineroar|Intimidate|boost\n|-unboost|p1a: Zamazenta|atk|1\n|-unboost|p1b: Chien-Pao|atk|1\n|turn|1\n|inactive|Battle timer is ON: inactive players will automatically lose when time's up. (requested by soahmed)\n|\n|t:|1774555795\n|-terastallize|p1a: Zamazenta|Dragon\n|-terastallize|p2a: Zamazenta|Ghost\n|move|p2b: Incineroar|Fake Out|p1a: Zamazenta\n|-damage|p1a: Zamazenta|95/100\n|move|p1b: Chien-Pao|Ruination|p2a: Zamazenta\n|-damage|p2a: Zamazenta|50/100\n|cant|p1a: Zamazenta|flinch\n|move|p2a: Zamazenta|Iron Defense|p2a: Zamazenta\n|-boost|p2a: Zamazenta|def|2\n|\n|upkeep\n|turn|2\n|\n|t:|1774555811\n|switch|p2b: Flutter Mane|Flutter Mane, L50|100/100\n|-enditem|p2b: Flutter Mane|Booster Energy\n|-activate|p2b: Flutter Mane|ability: Protosynthesis|[fromitem]\n|-start|p2b: Flutter Mane|protosynthesisspe\n|move|p1b: Chien-Pao|Ruination|p2a: Zamazenta\n|-damage|p2a: Zamazenta|26/100\n|move|p1a: Zamazenta|Body Press|p2b: Flutter Mane\n|-immune|p2b: Flutter Mane\n|move|p2a: Zamazenta|Body Press|p1a: Zamazenta\n|-damage|p1a: Zamazenta|39/100\n|\n|upkeep\n|turn|3\n|inactive|soahmed has 30 seconds left.\n|\n|t:|1774555838\n|move|p1b: Chien-Pao|Sucker Punch|p2b: Flutter Mane\n|-damage|p2b: Flutter Mane|62/100\n|move|p2b: Flutter Mane|Icy Wind|p1b: Chien-Pao|[spread] p1a,p1b\n|-supereffective|p1a: Zamazenta\n|-resisted|p1b: Chien-Pao\n|-damage|p1a: Zamazenta|21/100\n|-damage|p1b: Chien-Pao|95/100\n|-unboost|p1a: Zamazenta|spe|1\n|-unboost|p1b: Chien-Pao|spe|1\n|move|p2a: Zamazenta|Body Press|p1a: Zamazenta\n|-damage|p1a: Zamazenta|0 fnt\n|faint|p1a: Zamazenta\n|\n|upkeep\n|\n|t:|1774555858\n|switch|p1a: Calyrex|Calyrex-Shadow, L50|100/100\n|-ability|p1a: Calyrex|As One\n|-ability|p1a: Calyrex|Unnerve\n|turn|4\n|\n|t:|1774555866\n|switch|p2a: Incineroar|Incineroar, L50, F, shiny|100/100\n|-ability|p2a: Incineroar|Intimidate|boost\n|-unboost|p1a: Calyrex|atk|1\n|-unboost|p1b: Chien-Pao|atk|1\n|switch|p1b: Ogerpon|Ogerpon-Cornerstone, L50, F|100/100\n|move|p2b: Flutter Mane|Protect|p2b: Flutter Mane\n|-singleturn|p2b: Flutter Mane|Protect\n|move|p1a: Calyrex|Protect||[still]\n|-fail|p1a: Calyrex\n|\n|upkeep\n|turn|5\n|inactive|TheAndUrgeTheUrge has 30 seconds left.\n|inactive|soahmed has 30 seconds left.\n|\n|t:|1774555901\n|move|p2b: Flutter Mane|Icy Wind|p1a: Calyrex|[spread] p1a,p1b\n|-supereffective|p1b: Ogerpon\n|-damage|p1a: Calyrex|87/100\n|-damage|p1b: Ogerpon|67/100\n|-unboost|p1a: Calyrex|spe|1\n|-unboost|p1b: Ogerpon|spe|1\n|move|p1a: Calyrex|Astral Barrage|p2b: Flutter Mane|[spread] p2a,p2b\n|-resisted|p2a: Incineroar\n|-supereffective|p2b: Flutter Mane\n|-damage|p2a: Incineroar|78/100\n|-damage|p2b: Flutter Mane|0 fnt\n|faint|p2b: Flutter Mane\n|-end|p2b: Flutter Mane|Protosynthesis|[silent]\n|-ability|p1a: Calyrex|Grim Neigh|boost\n|-boost|p1a: Calyrex|spa|1\n|move|p1b: Ogerpon|Ivy Cudgel|p2a: Incineroar|[anim] Ivy Cudgel Rock\n|-supereffective|p2a: Incineroar\n|-damage|p2a: Incineroar|0 fnt\n|faint|p2a: Incineroar\n|\n|upkeep\n|\n|t:|1774555917\n|switch|p2b: Chien-Pao|Chien-Pao, L50, shiny|100/100\n|switch|p2a: Zamazenta|Zamazenta-Crowned, L50, shiny, tera:Ghost|26/100\n|-ability|p2b: Chien-Pao|Sword of Ruin\n|turn|6\n|\n|t:|1774555938\n|move|p2a: Zamazenta|Protect|p2a: Zamazenta\n|-singleturn|p2a: Zamazenta|Protect\n|move|p1a: Calyrex|Protect|p1a: Calyrex\n|-singleturn|p1a: Calyrex|Protect\n|move|p1b: Ogerpon|Spiky Shield|p1b: Ogerpon\n|-singleturn|p1b: Ogerpon|move: Protect\n|move|p2b: Chien-Pao|Icicle Crash|p1b: Ogerpon\n|-activate|p1b: Ogerpon|move: Protect\n|\n|upkeep\n|turn|7\n|\n|t:|1774555955\n|move|p2a: Zamazenta|Protect||[still]\n|-fail|p2a: Zamazenta\n|move|p1b: Ogerpon|Follow Me|p1b: Ogerpon\n|-singleturn|p1b: Ogerpon|move: Follow Me\n|move|p2b: Chien-Pao|Icicle Crash|p1b: Ogerpon|[miss]\n|-miss|p2b: Chien-Pao|p1b: Ogerpon\n|move|p1a: Calyrex|Psychic|p2a: Zamazenta\n|-damage|p2a: Zamazenta|0 fnt\n|faint|p2a: Zamazenta\n|-ability|p1a: Calyrex|Grim Neigh|boost\n|-boost|p1a: Calyrex|spa|1\n|\n|upkeep\n|turn|8\n|-message|TheAndUrgeTheUrge forfeited.\n|\n|win|soahmed\n|raw|soahmed's rating: 1376 &rarr; <strong>1401</strong><br />(+25 for winning)\n|raw|TheAndUrgeTheUrge's rating: 1459 &rarr; <strong>1434</strong><br />(-25 for losing)\n|l|\u2606TheAndUrgeTheUrge\n|player|p2|\n|l|\u2606soahmed\n|player|p1|\n","uploadtime":1774556175,"views":14,"formatid":"gen9vgc2026regi","rating":1401,"private":0,"password":null}