{"id":"gen9vgc2026regi-2540312049","format":"[Gen 9] VGC 2026 Reg I","players":["oppepoiz","marcxhenry"],"log":"|j|\u2606oppepoiz\n|j|\u2606marcxhenry\n|t:|1771187495\n|gametype|doubles\n|player|p1|oppepoiz|unknown|1282\n|player|p2|marcxhenry|hilbert-wonderlauncher|1505\n|gen|9\n|tier|[Gen 9] VGC 2026 Reg I\n|rated|\n|rule|Species Clause: Limit one of each Pok\u00e9mon\n|rule|Item Clause: Limit 1 of each item\n|clearpoke\n|poke|p1|Groudon, L50|\n|poke|p1|Smeargle, L50, F|\n|poke|p1|Exeggutor, L50, F|\n|poke|p1|Indeedee-F, L50, F|\n|poke|p1|Calyrex-Ice, L50|\n|poke|p1|Annihilape, L50, F|\n|poke|p2|Calyrex-Shadow, L50|\n|poke|p2|Urshifu-*, L50, M|\n|poke|p2|Roaring Moon, L50|\n|poke|p2|Kyogre, L50|\n|poke|p2|Tsareena, L50, F|\n|poke|p2|Kingambit, L50, M|\n|teampreview|4\n|inactive|Battle timer is ON: inactive players will automatically lose when time's up. (requested by oppepoiz)\n|inactive|oppepoiz has 60 seconds left.\n|\n|t:|1771187540\n|teamsize|p1|4\n|teamsize|p2|4\n|start\n|switch|p1a: Exeggutor|Exeggutor, L50, F|100/100\n|switch|p1b: Indeedee|Indeedee-F, L50, F|100/100\n|switch|p2a: Rhein\u00fcbung|Urshifu-Rapid-Strike, L50, M|100/100\n|switch|p2b: Hitmonshe|Tsareena, L50, F, shiny|100/100\n|-fieldstart|move: Psychic Terrain|[from] ability: Psychic Surge|[of] p1b: Indeedee\n|-enditem|p1b: Indeedee|Psychic Seed\n|-boost|p1b: Indeedee|spd|1|[from] item: Psychic Seed\n|turn|1\n|\n|t:|1771187558\n|switch|p1b: Groudon|Groudon, L50|100/100\n|-weather|SunnyDay|[from] ability: Drought|[of] p1b: Groudon\n|move|p1a: Exeggutor|Expanding Force|p2b: Hitmonshe|[spread] p2a,p2b\n|-supereffective|p2a: Rhein\u00fcbung\n|-damage|p2a: Rhein\u00fcbung|0 fnt\n|-damage|p2b: Hitmonshe|18/100\n|faint|p2a: Rhein\u00fcbung\n|-damage|p1a: Exeggutor|91/100|[from] item: Life Orb\n|move|p2b: Hitmonshe|Taunt|p1b: Groudon\n|-start|p1b: Groudon|move: Taunt\n|\n|-weather|SunnyDay|[upkeep]\n|upkeep\n|\n|t:|1771187570\n|switch|p2a: Tripitz|Kyogre, L50, shiny|100/100\n|-weather|RainDance|[from] ability: Drizzle|[of] p2a: Tripitz\n|turn|2\n|\n|t:|1771187594\n|switch|p2a: Hermann|Kingambit, L50, M, shiny|100/100\n|switch|p1b: Indeedee|Indeedee-F, L50, F|100/100\n|move|p2b: Hitmonshe|Triple Axel|p1a: Exeggutor\n|-supereffective|p1a: Exeggutor\n|-damage|p1a: Exeggutor|73/100\n|-supereffective|p1a: Exeggutor\n|-damage|p1a: Exeggutor|36/100\n|-supereffective|p1a: Exeggutor\n|-damage|p1a: Exeggutor|0 fnt\n|faint|p1a: Exeggutor\n|-hitcount|p1: Exeggutor|3\n|\n|-weather|RainDance|[upkeep]\n|upkeep\n|\n|t:|1771187607\n|switch|p1a: Calyrex|Calyrex-Ice, L50|100/100\n|-ability|p1a: Calyrex|As One\n|-ability|p1a: Calyrex|Unnerve\n|turn|3\n|\n|t:|1771187625\n|move|p2b: Hitmonshe|Protect|p2b: Hitmonshe\n|-singleturn|p2b: Hitmonshe|Protect\n|move|p1b: Indeedee|Follow Me|p1b: Indeedee\n|-singleturn|p1b: Indeedee|move: Follow Me\n|move|p2a: Hermann|Kowtow Cleave|p1b: Indeedee\n|-supereffective|p1b: Indeedee\n|-damage|p1b: Indeedee|7/100\n|move|p1a: Calyrex|Trick Room|p1a: Calyrex\n|-fieldstart|move: Trick Room|[of] p1a: Calyrex\n|\n|-weather|RainDance|[upkeep]\n|upkeep\n|turn|4\n|\n|t:|1771187650\n|-terastallize|p1a: Calyrex|Water\n|-terastallize|p2b: Hitmonshe|Water\n|move|p1a: Calyrex|High Horsepower|p2a: Hermann\n|-supereffective|p2a: Hermann\n|-damage|p2a: Hermann|37/100\n|move|p2a: Hermann|Kowtow Cleave|p1a: Calyrex\n|-damage|p1a: Calyrex|70/100\n|move|p1b: Indeedee|Psychic|p2b: Hitmonshe\n|-damage|p2b: Hitmonshe|0 fnt\n|faint|p2b: Hitmonshe\n|\n|-weather|RainDance|[upkeep]\n|upkeep\n|\n|t:|1771187661\n|switch|p2b: Tripitz|Kyogre, L50, shiny|100/100\n|turn|5\n|\n|t:|1771187670\n|move|p1b: Indeedee|Helping Hand|p1a: Calyrex\n|-singleturn|p1a: Calyrex|Helping Hand|[of] p1b: Indeedee\n|move|p2a: Hermann|Kowtow Cleave|p1b: Indeedee\n|-supereffective|p1b: Indeedee\n|-damage|p1b: Indeedee|0 fnt\n|faint|p1b: Indeedee\n|move|p1a: Calyrex|Glacial Lance|p2a: Hermann|[spread] p2a,p2b\n|-resisted|p2a: Hermann\n|-resisted|p2b: Tripitz\n|-damage|p2a: Hermann|0 fnt\n|-damage|p2b: Tripitz|55/100\n|faint|p2a: Hermann\n|-ability|p1a: Calyrex|Chilling Neigh|boost\n|-boost|p1a: Calyrex|atk|1\n|move|p2b: Tripitz|Origin Pulse|p1a: Calyrex\n|-resisted|p1a: Calyrex\n|-damage|p1a: Calyrex|24/100\n|\n|-weather|RainDance|[upkeep]\n|-fieldend|move: Psychic Terrain\n|upkeep\n|-message|marcxhenry forfeited.\n|\n|win|oppepoiz\n|raw|oppepoiz's rating: 1282 &rarr; <strong>1321</strong><br />(+39 for winning)\n|raw|marcxhenry's rating: 1505 &rarr; <strong>1474</strong><br />(-31 for losing)\n|l|\u2606marcxhenry\n|player|p2|\n|l|\u2606oppepoiz\n|player|p1|\n","uploadtime":1771187905,"views":33,"formatid":"gen9vgc2026regi","rating":1321,"private":0,"password":null}