{"id":"gen9vgc2026regi-2577151108","format":"[Gen 9] VGC 2026 Reg I","players":["Snowsquall brute","Kwiper"],"log":"|j|\u2606Snowsquall brute\n|j|\u2606Kwiper\n|t:|1775545134\n|gametype|doubles\n|player|p1|Snowsquall brute|veteran|1726\n|player|p2|Kwiper|sycamore|1688\n|gen|9\n|tier|[Gen 9] VGC 2026 Reg I\n|rated|\n|rule|Species Clause: Limit one of each Pok\u00e9mon\n|rule|Item Clause: Limit 1 of each item\n|clearpoke\n|poke|p1|Miraidon, L50|\n|poke|p1|Landorus-Therian, L50, M|\n|poke|p1|Kingambit, L50, F|\n|poke|p1|Lunala, L50|\n|poke|p2|Koraidon, L50|\n|poke|p2|Lunala, L50|\n|poke|p2|Indeedee-F, L50, F|\n|poke|p2|Flutter Mane, L50|\n|poke|p2|Volcarona, L50, F|\n|poke|p2|Ursaluna, L50, M|\n|teampreview|4\n|inactive|Battle timer is ON: inactive players will automatically lose when time's up. (requested by Kwiper)\n|\n|t:|1775545143\n|teamsize|p1|4\n|teamsize|p2|4\n|start\n|switch|p1a: Landorus|Landorus-Therian, L50, M|100/100\n|switch|p1b: Lunala|Lunala, L50|100/100\n|switch|p2a: Lunala|Lunala, L50, shiny|100/100\n|switch|p2b: Indeedee|Indeedee-F, L50, F|100/100\n|-ability|p1a: Landorus|Intimidate|boost\n|-unboost|p2a: Lunala|atk|1\n|-unboost|p2b: Indeedee|atk|1\n|-fieldstart|move: Psychic Terrain|[from] ability: Psychic Surge|[of] p2b: Indeedee\n|turn|1\n|\n|t:|1775545160\n|-terastallize|p1b: Lunala|Water\n|move|p2b: Indeedee|Helping Hand|p2a: Lunala\n|-singleturn|p2a: Lunala|Helping Hand|[of] p2b: Indeedee\n|move|p1b: Lunala|Icy Wind|p2a: Lunala|[spread] p2a,p2b\n|-damage|p2a: Lunala|96/100\n|-damage|p2b: Indeedee|88/100\n|-unboost|p2a: Lunala|spe|1\n|-unboost|p2b: Indeedee|spe|1\n|move|p1a: Landorus|U-turn|p2b: Indeedee\n|-supereffective|p2b: Indeedee\n|-damage|p2b: Indeedee|39/100\n|\n|t:|1775545163\n|switch|p1a: Miraidon|Miraidon, L50|100/100|[from] U-turn\n|-fieldstart|move: Electric Terrain|[from] ability: Hadron Engine|[of] p1a: Miraidon\n|-enditem|p1a: Miraidon|Electric Seed\n|-boost|p1a: Miraidon|def|1|[from] item: Electric Seed\n|move|p2a: Lunala|Expanding Force|p1a: Miraidon\n|-damage|p1a: Miraidon|58/100\n|\n|upkeep\n|turn|2\n|\n|t:|1775545174\n|move|p2b: Indeedee|Follow Me|p2b: Indeedee\n|-singleturn|p2b: Indeedee|move: Follow Me\n|move|p1a: Miraidon|Parabolic Charge|p2b: Indeedee|[spread] p1b,p2a,p2b\n|-supereffective|p1b: Lunala\n|-damage|p1b: Lunala|75/100\n|-heal|p1a: Miraidon|73/100|[from] drain|[of] p1b: Lunala\n|-damage|p2a: Lunala|69/100\n|-heal|p1a: Miraidon|88/100|[from] drain|[of] p2a: Lunala\n|-damage|p2b: Indeedee|5/100\n|-heal|p1a: Miraidon|100/100|[from] drain|[of] p2b: Indeedee\n|move|p1b: Lunala|Moongeist Beam|p2b: Indeedee\n|-immune|p2b: Indeedee\n|move|p2a: Lunala|Meteor Beam||[still]\n|-prepare|p2a: Lunala|Meteor Beam\n|-boost|p2a: Lunala|spa|1\n|-enditem|p2a: Lunala|Power Herb\n|-anim|p2a: Lunala|Meteor Beam|p1a: Miraidon\n|-crit|p1a: Miraidon\n|-damage|p1a: Miraidon|39/100\n|\n|upkeep\n|turn|3\n|\n|t:|1775545180\n|switch|p2b: Ursaluna|Ursaluna, L50, M|100/100\n|move|p2a: Lunala|Wide Guard|p2a: Lunala\n|-singleturn|p2a: Lunala|Wide Guard\n|move|p1a: Miraidon|Dragon Pulse|p2b: Ursaluna\n|-damage|p2b: Ursaluna|62/100\n|move|p1b: Lunala|Moongeist Beam|p2a: Lunala\n|-supereffective|p2a: Lunala\n|-crit|p2a: Lunala\n|-damage|p2a: Lunala|0 fnt\n|faint|p2a: Lunala\n|\n|-status|p2b: Ursaluna|brn|[from] item: Flame Orb\n|upkeep\n|\n|t:|1775545182\n|switch|p2a: Koraidon|Koraidon, L50, shiny|100/100\n|-weather|SunnyDay|[from] ability: Orichalcum Pulse|[of] p2a: Koraidon\n|-activate|p2a: Koraidon|Orichalcum Pulse|[source]\n|turn|4\n|\n|t:|1775545192\n|switch|p1b: Landorus|Landorus-Therian, L50, M|100/100\n|-ability|p1b: Landorus|Intimidate|boost\n|-unboost|p2a: Koraidon|atk|1\n|-unboost|p2b: Ursaluna|atk|1\n|-terastallize|p2a: Koraidon|Fire\n|move|p2a: Koraidon|Breaking Swipe|p1a: Miraidon|[spread] p1a,p1b\n|-supereffective|p1a: Miraidon\n|-crit|p1b: Landorus\n|-damage|p1a: Miraidon|9/100\n|-damage|p1b: Landorus|41/100\n|-unboost|p1a: Miraidon|atk|1\n|-unboost|p1b: Landorus|atk|1\n|-damage|p2a: Koraidon|91/100|[from] item: Life Orb\n|move|p1a: Miraidon|Dragon Pulse|p2a: Koraidon\n|-damage|p2a: Koraidon|34/100\n|move|p2b: Ursaluna|Facade|p1b: Landorus\n|-damage|p1b: Landorus|0 fnt\n|faint|p1b: Landorus\n|\n|-weather|SunnyDay|[upkeep]\n|-damage|p2b: Ursaluna|56/100 brn|[from] brn\n|upkeep\n|\n|t:|1775545216\n|switch|p1b: Lunala|Lunala, L50, tera:Water|75/100\n|turn|5\n|\n|t:|1775545227\n|switch|p2a: Indeedee|Indeedee-F, L50, F|5/100\n|-fieldstart|move: Psychic Terrain|[from] ability: Psychic Surge|[of] p2a: Indeedee\n|move|p1a: Miraidon|Protect|p1a: Miraidon\n|-singleturn|p1a: Miraidon|Protect\n|move|p1b: Lunala|Icy Wind|p2a: Indeedee|[spread] p2a\n|-miss|p1b: Lunala|p2b: Ursaluna\n|-damage|p2a: Indeedee|0 fnt\n|faint|p2a: Indeedee\n|move|p2b: Ursaluna|Earthquake|p1b: Lunala|[spread] p1b\n|-activate|p1a: Miraidon|move: Protect\n|-damage|p1b: Lunala|45/100\n|-enditem|p1b: Lunala|Sitrus Berry|[eat]\n|-heal|p1b: Lunala|70/100|[from] item: Sitrus Berry\n|\n|-weather|SunnyDay|[upkeep]\n|-damage|p2b: Ursaluna|50/100 brn|[from] brn\n|upkeep\n|\n|t:|1775545232\n|switch|p2a: Koraidon|Koraidon, L50, shiny, tera:Fire|34/100\n|-activate|p2a: Koraidon|ability: Orichalcum Pulse\n|turn|6\n|\n|t:|1775545242\n|move|p2a: Koraidon|Close Combat|p1b: Lunala\n|-damage|p1b: Lunala|0 fnt\n|-unboost|p2a: Koraidon|def|1\n|-unboost|p2a: Koraidon|spd|1\n|faint|p1b: Lunala\n|-damage|p2a: Koraidon|24/100|[from] item: Life Orb\n|move|p1a: Miraidon|Dragon Pulse|p2b: Ursaluna\n|-damage|p2b: Ursaluna|17/100 brn\n|move|p2b: Ursaluna|Facade|p1a: Miraidon\n|-damage|p1a: Miraidon|0 fnt\n|faint|p1a: Miraidon\n|\n|-weather|SunnyDay|[upkeep]\n|-damage|p2b: Ursaluna|11/100 brn|[from] brn\n|upkeep\n|\n|t:|1775545246\n|switch|p1b: Kingambit|Kingambit, L50, F|100/100\n|turn|7\n|\n|t:|1775545249\n|move|p1b: Kingambit|Protect|p1b: Kingambit\n|-singleturn|p1b: Kingambit|Protect\n|move|p2a: Koraidon|Close Combat|p1b: Kingambit\n|-activate|p1b: Kingambit|move: Protect\n|move|p2b: Ursaluna|Headlong Rush|p1b: Kingambit\n|-activate|p1b: Kingambit|move: Protect\n|\n|-weather|SunnyDay|[upkeep]\n|-damage|p2b: Ursaluna|6/100 brn|[from] brn\n|upkeep\n|turn|8\n|\n|t:|1775545252\n|move|p1b: Kingambit|Protect||[still]\n|-fail|p1b: Kingambit\n|move|p2a: Koraidon|Close Combat|p1b: Kingambit\n|-supereffective|p1b: Kingambit\n|-damage|p1b: Kingambit|0 fnt\n|-unboost|p2a: Koraidon|def|1\n|-unboost|p2a: Koraidon|spd|1\n|faint|p1b: Kingambit\n|-damage|p2a: Koraidon|15/100|[from] item: Life Orb\n|\n|win|Kwiper\n|raw|Snowsquall brute's rating: 1726 &rarr; <strong>1704</strong><br />(-22 for losing)\n|raw|Kwiper's rating: 1688 &rarr; <strong>1710</strong><br />(+22 for winning)\n","uploadtime":1775545252,"views":116,"formatid":"gen9vgc2026regi","rating":1704,"private":0,"password":null}