{"id":"gen9vgc2026regi-2562136832","format":"[Gen 9] VGC 2026 Reg I","players":["Pyroclast brute","JoeBro8"],"log":"|j|\u2606Pyroclast brute\n|j|\u2606JoeBro8\n|t:|1773874775\n|gametype|doubles\n|player|p1|Pyroclast brute|veteran|1204\n|player|p2|JoeBro8|n|1229\n|gen|9\n|tier|[Gen 9] VGC 2026 Reg I\n|rated|\n|rule|Species Clause: Limit one of each Pok\u00e9mon\n|rule|Item Clause: Limit 1 of each item\n|clearpoke\n|poke|p1|Ting-Lu, L50|\n|poke|p1|Miraidon, L50|\n|poke|p1|Iron Crown, L50|\n|poke|p1|Ho-Oh, L50|\n|poke|p1|Ogerpon-Wellspring, L50, F|\n|poke|p2|Koraidon, L50|\n|poke|p2|Flutter Mane, L50|\n|poke|p2|Chi-Yu, L50|\n|poke|p2|Lunala, L50|\n|poke|p2|Ursaluna, L50, M|\n|poke|p2|Brute Bonnet, L50|\n|teampreview|4\n|\n|t:|1773874784\n|teamsize|p1|4\n|teamsize|p2|4\n|start\n|switch|p1a: Ting-Lu|Ting-Lu, L50|100/100\n|switch|p1b: Miraidon|Miraidon, L50|100/100\n|switch|p2a: Lunala|Lunala, L50|100/100\n|switch|p2b: Ursaluna|Ursaluna, L50, M|100/100\n|-fieldstart|move: Electric Terrain|[from] ability: Hadron Engine|[of] p1b: Miraidon\n|-enditem|p1a: Ting-Lu|Electric Seed\n|-boost|p1a: Ting-Lu|def|1|[from] item: Electric Seed\n|-ability|p1a: Ting-Lu|Vessel of Ruin\n|turn|1\n|\n|t:|1773874813\n|switch|p2a: Chi-Yu|Chi-Yu, L50|100/100\n|-ability|p2a: Chi-Yu|Beads of Ruin\n|move|p1b: Miraidon|Volt Switch|p2a: Chi-Yu\n|-damage|p2a: Chi-Yu|38/100\n|\n|t:|1773874819\n|switch|p1b: Ho-Oh|Ho-Oh, L50|100/100|[from] Volt Switch\n|move|p1a: Ting-Lu|Sand Tomb|p2b: Ursaluna\n|-damage|p2b: Ursaluna|92/100\n|-activate|p2b: Ursaluna|move: Sand Tomb|[of] p1a: Ting-Lu\n|move|p2b: Ursaluna|Headlong Rush|p1b: Ho-Oh\n|-immune|p1b: Ho-Oh\n|\n|-damage|p2b: Ursaluna|79/100|[from] move: Sand Tomb|[partiallytrapped]\n|-status|p2b: Ursaluna|brn|[from] item: Flame Orb\n|upkeep\n|turn|2\n|\n|t:|1773874829\n|move|p1b: Ho-Oh|Protect|p1b: Ho-Oh\n|-singleturn|p1b: Ho-Oh|Protect\n|move|p1a: Ting-Lu|Protect|p1a: Ting-Lu\n|-singleturn|p1a: Ting-Lu|Protect\n|move|p2a: Chi-Yu|Dark Pulse|p1b: Ho-Oh\n|-activate|p1b: Ho-Oh|move: Protect\n|move|p2b: Ursaluna|Facade|p1a: Ting-Lu\n|-activate|p1a: Ting-Lu|move: Protect\n|\n|-damage|p2b: Ursaluna|73/100 brn|[from] brn\n|-damage|p2b: Ursaluna|61/100 brn|[from] move: Sand Tomb|[partiallytrapped]\n|upkeep\n|turn|3\n|\n|t:|1773874838\n|switch|p1b: Miraidon|Miraidon, L50|100/100\n|-activate|p1b: Miraidon|ability: Hadron Engine\n|move|p2a: Chi-Yu|Dark Pulse|p1b: Miraidon\n|-damage|p1b: Miraidon|67/100\n|move|p1a: Ting-Lu|Body Press|p2b: Ursaluna\n|-supereffective|p2b: Ursaluna\n|-damage|p2b: Ursaluna|0 fnt\n|faint|p2b: Ursaluna\n|\n|upkeep\n|\n|t:|1773874846\n|switch|p2b: Lunala|Lunala, L50|100/100\n|turn|4\n|\n|t:|1773874866\n|move|p2a: Chi-Yu|Dark Pulse|p1b: Miraidon\n|-damage|p1b: Miraidon|33/100\n|cant|p1b: Miraidon|flinch\n|move|p2b: Lunala|Meteor Beam||[still]\n|-prepare|p2b: Lunala|Meteor Beam\n|-boost|p2b: Lunala|spa|1\n|-enditem|p2b: Lunala|Power Herb\n|-anim|p2b: Lunala|Meteor Beam|p1b: Miraidon\n|-damage|p1b: Miraidon|0 fnt\n|faint|p1b: Miraidon\n|move|p1a: Ting-Lu|Sand Tomb|p2b: Lunala\n|-damage|p2b: Lunala|95/100\n|-activate|p2b: Lunala|move: Sand Tomb|[of] p1a: Ting-Lu\n|\n|-damage|p2b: Lunala|83/100|[from] move: Sand Tomb|[partiallytrapped]\n|upkeep\n|\n|t:|1773874875\n|switch|p1b: Ho-Oh|Ho-Oh, L50|100/100\n|turn|5\n|\n|t:|1773874887\n|switch|p2a: Koraidon|Koraidon, L50|100/100\n|-weather|SunnyDay|[from] ability: Orichalcum Pulse|[of] p2a: Koraidon\n|-activate|p2a: Koraidon|Orichalcum Pulse|[source]\n|move|p1b: Ho-Oh|Protect|p1b: Ho-Oh\n|-singleturn|p1b: Ho-Oh|Protect\n|move|p2b: Lunala|Moongeist Beam|p1b: Ho-Oh\n|-activate|p1b: Ho-Oh|move: Protect\n|move|p1a: Ting-Lu|Sand Tomb|p2a: Koraidon\n|-damage|p2a: Koraidon|89/100\n|-activate|p2a: Koraidon|move: Sand Tomb|[of] p1a: Ting-Lu\n|\n|-weather|SunnyDay|[upkeep]\n|-damage|p2a: Koraidon|76/100|[from] move: Sand Tomb|[partiallytrapped]\n|-damage|p2b: Lunala|71/100|[from] move: Sand Tomb|[partiallytrapped]\n|-fieldend|move: Electric Terrain\n|upkeep\n|turn|6\n|\n|t:|1773874915\n|switch|p1b: Iron Crown|Iron Crown, L50|100/100\n|-terastallize|p1a: Ting-Lu|Water\n|move|p2a: Koraidon|Close Combat|p1a: Ting-Lu\n|-damage|p1a: Ting-Lu|65/100\n|-unboost|p2a: Koraidon|def|1\n|-unboost|p2a: Koraidon|spd|1\n|-damage|p2a: Koraidon|66/100|[from] item: Life Orb\n|move|p2b: Lunala|Moongeist Beam|p1b: Iron Crown\n|-supereffective|p1b: Iron Crown\n|-damage|p1b: Iron Crown|42/100\n|move|p1a: Ting-Lu|Body Press|p2a: Koraidon\n|-damage|p2a: Koraidon|8/100\n|\n|-weather|SunnyDay|[upkeep]\n|-damage|p2a: Koraidon|0 fnt|[from] move: Sand Tomb|[partiallytrapped]\n|faint|p2a: Koraidon\n|-damage|p2b: Lunala|58/100|[from] move: Sand Tomb|[partiallytrapped]\n|upkeep\n|\n|t:|1773874918\n|switch|p2a: Chi-Yu|Chi-Yu, L50|38/100\n|-ability|p2a: Chi-Yu|Beads of Ruin\n|turn|7\n|\n|t:|1773874939\n|move|p1a: Ting-Lu|Protect|p1a: Ting-Lu\n|-singleturn|p1a: Ting-Lu|Protect\n|move|p2a: Chi-Yu|Dark Pulse|p1a: Ting-Lu\n|-activate|p1a: Ting-Lu|move: Protect\n|move|p2b: Lunala|Moongeist Beam|p1a: Ting-Lu\n|-activate|p1a: Ting-Lu|move: Protect\n|move|p1b: Iron Crown|Focus Blast|p2a: Chi-Yu|[miss]\n|-miss|p1b: Iron Crown|p2a: Chi-Yu\n|\n|-weather|SunnyDay|[upkeep]\n|-damage|p2b: Lunala|46/100|[from] move: Sand Tomb|[partiallytrapped]\n|upkeep\n|turn|8\n|\n|t:|1773874960\n|-terastallize|p2a: Chi-Yu|Ghost\n|move|p2a: Chi-Yu|Dark Pulse|p1a: Ting-Lu\n|-crit|p1a: Ting-Lu\n|-damage|p1a: Ting-Lu|19/100\n|move|p1b: Iron Crown|Focus Blast|p2a: Chi-Yu\n|-immune|p2a: Chi-Yu\n|move|p2b: Lunala|Moongeist Beam|p1a: Ting-Lu\n|-damage|p1a: Ting-Lu|0 fnt\n|faint|p1a: Ting-Lu\n|\n|-weather|SunnyDay|[upkeep]\n|-end|p2b: Lunala|Sand Tomb|[partiallytrapped]\n|upkeep\n|\n|t:|1773874962\n|switch|p1a: Ho-Oh|Ho-Oh, L50|100/100\n|turn|9\n|\n|t:|1773874970\n|move|p2a: Chi-Yu|Dark Pulse|p1b: Iron Crown\n|-supereffective|p1b: Iron Crown\n|-damage|p1b: Iron Crown|0 fnt\n|faint|p1b: Iron Crown\n|-end|p1b: Iron Crown|Quark Drive|[silent]\n|move|p2b: Lunala|Meteor Beam||[still]\n|-prepare|p2b: Lunala|Meteor Beam\n|-boost|p2b: Lunala|spa|1\n|move|p1a: Ho-Oh|Sacred Fire|p2b: Lunala\n|-damage|p2b: Lunala|0 fnt\n|faint|p2b: Lunala\n|\n|-weather|none\n|upkeep\n|turn|10\n|\n|t:|1773874974\n|move|p2a: Chi-Yu|Dark Pulse|p1a: Ho-Oh\n|-damage|p1a: Ho-Oh|68/100\n|move|p1a: Ho-Oh|Sacred Fire|p2a: Chi-Yu\n|-damage|p2a: Chi-Yu|0 fnt\n|faint|p2a: Chi-Yu\n|\n|win|Pyroclast brute\n|raw|Pyroclast brute's rating: 1204 &rarr; <strong>1231</strong><br />(+27 for winning)\n|raw|JoeBro8's rating: 1229 &rarr; <strong>1202</strong><br />(-27 for losing)\n|l|\u2606JoeBro8\n|player|p2|\n|l|\u2606Pyroclast brute\n|player|p1|\n","uploadtime":1773875161,"views":10,"formatid":"gen9vgc2026regi","rating":1202,"private":0,"password":null}