{"id":"gen9vgc2026regi-2560608090","format":"[Gen 9] VGC 2026 Reg I","players":["It'sJustKen VGC","raparent3"],"log":"|j|\u2606It'sJustKen VGC\n|j|\u2606raparent3\n|t:|1773703990\n|gametype|doubles\n|player|p1|It'sJustKen VGC|2|1411\n|player|p2|raparent3|2|1387\n|gen|9\n|tier|[Gen 9] VGC 2026 Reg I\n|rated|\n|rule|Species Clause: Limit one of each Pok\u00e9mon\n|rule|Item Clause: Limit 1 of each item\n|clearpoke\n|poke|p1|Farigiraf, L50, F|\n|poke|p1|Incineroar, L50, F|\n|poke|p1|Torkoal, L50, F|\n|poke|p1|Calyrex-Shadow, L50|\n|poke|p1|Amoonguss, L50, M|\n|poke|p1|Zamazenta-*, L50|\n|poke|p2|Iron Treads, L50|\n|poke|p2|Kyogre, L50|\n|poke|p2|Amoonguss, L50, M|\n|poke|p2|Calyrex-Ice, L50|\n|poke|p2|Incineroar, L50, M|\n|poke|p2|Scream Tail, L50|\n|teampreview|4\n|inactive|Battle timer is ON: inactive players will automatically lose when time's up. (requested by raparent3)\n|inactive|It'sJustKen VGC also wants the timer to be on.\n|j| teddyster\n|inactive|raparent3 has 60 seconds left.\n|l| teddyster\n|\n|t:|1773704021\n|teamsize|p1|4\n|teamsize|p2|4\n|start\n|switch|p1a: Farigiraf|Farigiraf, L50, F|100/100\n|switch|p1b: Incineroar|Incineroar, L50, F|100/100\n|switch|p2a: Incineroar|Incineroar, L50, M|100/100\n|switch|p2b: Iron Treads|Iron Treads, L50|100/100\n|-ability|p2a: Incineroar|Intimidate|boost\n|-unboost|p1a: Farigiraf|atk|1\n|-fail|p1b: Incineroar|unboost|[from] item: Clear Amulet|[of] p1b: Incineroar\n|-ability|p1b: Incineroar|Intimidate|boost\n|-unboost|p2a: Incineroar|atk|1\n|-unboost|p2b: Iron Treads|atk|1\n|-enditem|p2b: Iron Treads|Booster Energy\n|-activate|p2b: Iron Treads|ability: Quark Drive|[fromitem]\n|-start|p2b: Iron Treads|quarkdrivespe\n|turn|1\n|\n|t:|1773704042\n|move|p1b: Incineroar|Fake Out|p2a: Incineroar\n|-damage|p2a: Incineroar|87/100\n|move|p2b: Iron Treads|High Horsepower|p1b: Incineroar\n|-supereffective|p1b: Incineroar\n|-damage|p1b: Incineroar|46/100\n|cant|p2a: Incineroar|flinch\n|move|p1a: Farigiraf|Trick Room|p1a: Farigiraf\n|-fieldstart|move: Trick Room|[of] p1a: Farigiraf\n|\n|upkeep\n|turn|2\n|\n|t:|1773704062\n|move|p1b: Incineroar|Close Combat|p2a: Incineroar\n|-supereffective|p2a: Incineroar\n|-damage|p2a: Incineroar|7/100\n|-unboost|p1b: Incineroar|def|1\n|-unboost|p1b: Incineroar|spd|1\n|move|p1a: Farigiraf|Hyper Voice|p2a: Incineroar|[spread] p2a,p2b\n|-resisted|p2b: Iron Treads\n|-damage|p2a: Incineroar|0 fnt\n|-damage|p2b: Iron Treads|84/100\n|faint|p2a: Incineroar\n|-enditem|p1a: Farigiraf|Throat Spray\n|-boost|p1a: Farigiraf|spa|1|[from] item: Throat Spray\n|move|p2b: Iron Treads|Knock Off|p1a: Farigiraf\n|-supereffective|p1a: Farigiraf\n|-damage|p1a: Farigiraf|76/100\n|\n|upkeep\n|\n|t:|1773704074\n|switch|p2a: Calyrex|Calyrex-Ice, L50|100/100\n|-ability|p2a: Calyrex|As One\n|-ability|p2a: Calyrex|Unnerve\n|turn|3\n|\n|t:|1773704095\n|-terastallize|p1a: Farigiraf|Water\n|move|p2a: Calyrex|Glacial Lance|p1a: Farigiraf|[spread] p1a,p1b\n|-resisted|p1a: Farigiraf\n|-crit|p1a: Farigiraf\n|-resisted|p1b: Incineroar\n|-damage|p1a: Farigiraf|33/100\n|-damage|p1b: Incineroar|3/100\n|move|p1b: Incineroar|Flare Blitz|p2a: Calyrex\n|-supereffective|p2a: Calyrex\n|-damage|p2a: Calyrex|28/100\n|-damage|p1b: Incineroar|0 fnt|[from] Recoil\n|faint|p1b: Incineroar\n|move|p1a: Farigiraf|Hyper Voice|p2a: Calyrex|[spread] p2a,p2b\n|-resisted|p2b: Iron Treads\n|-crit|p2b: Iron Treads\n|-damage|p2a: Calyrex|0 fnt\n|-damage|p2b: Iron Treads|41/100\n|faint|p2a: Calyrex\n|move|p2b: Iron Treads|Knock Off|p1a: Farigiraf\n|-damage|p1a: Farigiraf|20/100\n|\n|upkeep\n|inactive|It'sJustKen VGC has 30 seconds left.\n|\n|t:|1773704129\n|switch|p2a: Kyogre|Kyogre, L50|100/100\n|switch|p1b: Amoonguss|Amoonguss, L50, M|100/100\n|-weather|RainDance|[from] ability: Drizzle|[of] p2a: Kyogre\n|turn|4\n|\n|t:|1773704144\n|-terastallize|p2a: Kyogre|Grass\n|move|p1b: Amoonguss|Sludge Bomb|p2a: Kyogre\n|-supereffective|p2a: Kyogre\n|-damage|p2a: Kyogre|38/100\n|-enditem|p2a: Kyogre|Sitrus Berry|[eat]\n|-heal|p2a: Kyogre|63/100|[from] item: Sitrus Berry\n|-damage|p1b: Amoonguss|91/100|[from] item: Life Orb\n|move|p1a: Farigiraf|Hyper Voice|p2b: Iron Treads|[spread] p2a,p2b\n|-resisted|p2b: Iron Treads\n|-damage|p2a: Kyogre|32/100\n|-damage|p2b: Iron Treads|13/100\n|move|p2a: Kyogre|Water Spout|p1b: Amoonguss|[spread] p1a,p1b\n|-resisted|p1a: Farigiraf\n|-resisted|p1b: Amoonguss\n|-damage|p1a: Farigiraf|6/100\n|-damage|p1b: Amoonguss|73/100\n|move|p2b: Iron Treads|High Horsepower|p1a: Farigiraf\n|-damage|p1a: Farigiraf|0 fnt\n|faint|p1a: Farigiraf\n|\n|-weather|RainDance|[upkeep]\n|upkeep\n|\n|t:|1773704148\n|switch|p1a: Zamazenta|Zamazenta-Crowned, L50, shiny|100/100\n|-ability|p1a: Zamazenta|Dauntless Shield|boost\n|-boost|p1a: Zamazenta|def|1\n|turn|5\n|-message|raparent3 forfeited.\n|\n|win|It'sJustKen VGC\n|raw|It&apos;sJustKen VGC's rating: 1381 &rarr; <strong>1401</strong><br />(+20 for winning)\n|raw|raparent3's rating: 1387 &rarr; <strong>1367</strong><br />(-20 for losing)\n|l|\u2606raparent3\n|player|p2|\n","uploadtime":1773704187,"views":12,"formatid":"gen9vgc2026regi","rating":1367,"private":0,"password":null}