{"id":"gen9vgc2026regi-2527179869","format":"[Gen 9] VGC 2026 Reg I","players":["Fogdocker","dasabei\u53cc\u6253\u9053\u9986"],"log":"|j|\u2606Fogdocker\n|j|\u2606dasabei\u53cc\u6253\u9053\u9986\n|t:|1769508973\n|gametype|doubles\n|player|p1|Fogdocker|101|1436\n|player|p2|dasabei\u53cc\u6253\u9053\u9986|may-masters4|1449\n|gen|9\n|tier|[Gen 9] VGC 2026 Reg I\n|rated|\n|rule|Species Clause: Limit one of each Pok\u00e9mon\n|rule|Item Clause: Limit 1 of each item\n|clearpoke\n|poke|p1|Calyrex-Ice, L50|\n|poke|p1|Koraidon, L50|\n|poke|p1|Flutter Mane, L50|\n|poke|p1|Incineroar, L50, F|\n|poke|p1|Rillaboom, L50, M|\n|poke|p1|Amoonguss, L50, M|\n|poke|p2|Calyrex-Ice, L50|\n|poke|p2|Urshifu-*, L50, F|\n|poke|p2|Pelipper, L50, F|\n|poke|p2|Raging Bolt, L50|\n|poke|p2|Zamazenta-*, L50|\n|poke|p2|Amoonguss, L50, M|\n|teampreview|4\n|j| SaltyCore69\n|j| riyuezi\n|j| TTTAAATTT00\n|\n|t:|1769509020\n|teamsize|p1|4\n|teamsize|p2|4\n|start\n|switch|p1a: Calyrex|Calyrex-Ice, L50|100/100\n|switch|p1b: Incineroar|Incineroar, L50, F|100/100\n|switch|p2a: \u9e7f\u51a0\u738b|Calyrex-Ice, L50|100/100\n|switch|p2b: \u76d6\u9e25\u5361|Pelipper, L50, F|100/100\n|-ability|p2a: \u9e7f\u51a0\u738b|As One\n|-ability|p2a: \u9e7f\u51a0\u738b|Unnerve\n|-ability|p1a: Calyrex|As One\n|-ability|p1a: Calyrex|Unnerve\n|-weather|RainDance|[from] ability: Drizzle|[of] p2b: \u76d6\u9e25\u5361\n|-ability|p1b: Incineroar|Intimidate|boost\n|-fail|p2a: \u9e7f\u51a0\u738b|unboost|[from] item: Clear Amulet|[of] p2a: \u9e7f\u51a0\u738b\n|-unboost|p2b: \u76d6\u9e25\u5361|atk|1\n|turn|1\n|\n|t:|1769509040\n|-terastallize|p2a: \u9e7f\u51a0\u738b|Grass\n|move|p1b: Incineroar|Fake Out|p2b: \u76d6\u9e25\u5361\n|-damage|p2b: \u76d6\u9e25\u5361|86/100\n|cant|p2b: \u76d6\u9e25\u5361|flinch\n|move|p2a: \u9e7f\u51a0\u738b|Imprison|p2a: \u9e7f\u51a0\u738b\n|-start|p2a: \u9e7f\u51a0\u738b|move: Imprison\n|cant|p1a: Calyrex|move: Imprison|Leech Seed\n|\n|-weather|RainDance|[upkeep]\n|upkeep\n|turn|2\n|\n|t:|1769509076\n|switch|p2b: \u731b\u6076\u9f13|Raging Bolt, L50|100/100\n|switch|p1a: Amoonguss|Amoonguss, L50, M|100/100\n|-terastallize|p1b: Incineroar|Water\n|move|p1b: Incineroar|Knock Off|p2b: \u731b\u6076\u9f13\n|-damage|p2b: \u731b\u6076\u9f13|68/100\n|-enditem|p2b: \u731b\u6076\u9f13|Life Orb|[from] move: Knock Off|[of] p1b: Incineroar\n|move|p2a: \u9e7f\u51a0\u738b|Glacial Lance|p1a: Amoonguss|[spread] p1a,p1b\n|-supereffective|p1a: Amoonguss\n|-resisted|p1b: Incineroar\n|-damage|p1a: Amoonguss|20/100\n|-damage|p1b: Incineroar|80/100\n|\n|-weather|RainDance|[upkeep]\n|upkeep\n|turn|3\n|l| riyuezi\n|\n|t:|1769509100\n|move|p1a: Amoonguss|Rage Powder|p1a: Amoonguss\n|-singleturn|p1a: Amoonguss|move: Rage Powder\n|move|p2b: \u731b\u6076\u9f13|Thunderbolt|p1a: Amoonguss\n|-resisted|p1a: Amoonguss\n|-damage|p1a: Amoonguss|0 fnt\n|faint|p1a: Amoonguss\n|move|p1b: Incineroar|Parting Shot|p2b: \u731b\u6076\u9f13\n|-unboost|p2b: \u731b\u6076\u9f13|atk|1\n|-unboost|p2b: \u731b\u6076\u9f13|spa|1\n|\n|t:|1769509108\n|switch|p1b: Calyrex|Calyrex-Ice, L50|100/100|[from] Parting Shot\n|-ability|p1b: Calyrex|As One\n|-ability|p1b: Calyrex|Unnerve\n|move|p2a: \u9e7f\u51a0\u738b|Glacial Lance|p1b: Calyrex\n|-resisted|p1b: Calyrex\n|-damage|p1b: Calyrex|82/100\n|\n|-weather|RainDance|[upkeep]\n|-heal|p1b: Calyrex|87/100|[from] item: Leftovers\n|upkeep\n|\n|t:|1769509109\n|switch|p1a: Koraidon|Koraidon, L50|100/100\n|-weather|SunnyDay|[from] ability: Orichalcum Pulse|[of] p1a: Koraidon\n|-activate|p2b: \u731b\u6076\u9f13|ability: Protosynthesis\n|-start|p2b: \u731b\u6076\u9f13|protosynthesisspa\n|-activate|p1a: Koraidon|Orichalcum Pulse|[source]\n|turn|4\n|\n|t:|1769509124\n|switch|p1b: Incineroar|Incineroar, L50, F, tera:Water|80/100\n|-ability|p1b: Incineroar|Intimidate|boost\n|-fail|p2a: \u9e7f\u51a0\u738b|unboost|[from] item: Clear Amulet|[of] p2a: \u9e7f\u51a0\u738b\n|-unboost|p2b: \u731b\u6076\u9f13|atk|1\n|move|p2a: \u9e7f\u51a0\u738b|Protect|p2a: \u9e7f\u51a0\u738b\n|-singleturn|p2a: \u9e7f\u51a0\u738b|Protect\n|move|p1a: Koraidon|Close Combat|p2b: \u731b\u6076\u9f13\n|-damage|p2b: \u731b\u6076\u9f13|0 fnt\n|-unboost|p1a: Koraidon|def|1\n|-unboost|p1a: Koraidon|spd|1\n|faint|p2b: \u731b\u6076\u9f13\n|-end|p2b: \u731b\u6076\u9f13|Protosynthesis|[silent]\n|-damage|p1a: Koraidon|91/100|[from] item: Life Orb\n|\n|-weather|SunnyDay|[upkeep]\n|upkeep\n|\n|t:|1769509130\n|switch|p2b: \u76d6\u9e25\u5361|Pelipper, L50, F|86/100\n|-weather|RainDance|[from] ability: Drizzle|[of] p2b: \u76d6\u9e25\u5361\n|turn|5\n|l| TTTAAATTT00\n|j| TTTAAATTT00\n|inactive|Battle timer is ON: inactive players will automatically lose when time's up. (requested by dasabei\u53cc\u6253\u9053\u9986)\n|\n|t:|1769509193\n|switch|p1a: Calyrex|Calyrex-Ice, L50|87/100\n|-ability|p1a: Calyrex|As One\n|-ability|p1a: Calyrex|Unnerve\n|move|p2b: \u76d6\u9e25\u5361|Hurricane|p1a: Calyrex\n|-damage|p1a: Calyrex|56/100\n|move|p1b: Incineroar|Knock Off|p2a: \u9e7f\u51a0\u738b\n|-damage|p2a: \u9e7f\u51a0\u738b|77/100\n|-enditem|p2a: \u9e7f\u51a0\u738b|Clear Amulet|[from] move: Knock Off|[of] p1b: Incineroar\n|move|p2a: \u9e7f\u51a0\u738b|Glacial Lance|p1b: Incineroar|[spread] p1a,p1b\n|-resisted|p1a: Calyrex\n|-resisted|p1b: Incineroar\n|-damage|p1a: Calyrex|41/100\n|-damage|p1b: Incineroar|59/100\n|\n|-weather|RainDance|[upkeep]\n|-heal|p1a: Calyrex|46/100|[from] item: Leftovers\n|upkeep\n|turn|6\n|inactive|Fogdocker has 30 seconds left.\n|\n|t:|1769509226\n|move|p2a: \u9e7f\u51a0\u738b|Protect|p2a: \u9e7f\u51a0\u738b\n|-singleturn|p2a: \u9e7f\u51a0\u738b|Protect\n|move|p2b: \u76d6\u9e25\u5361|Hurricane|p1b: Incineroar\n|-damage|p1b: Incineroar|16/100\n|-start|p1b: Incineroar|confusion\n|-activate|p1b: Incineroar|confusion\n|-damage|p1b: Incineroar|7/100|[from] confusion\n|move|p1a: Calyrex|Trick Room|p1a: Calyrex\n|-fieldstart|move: Trick Room|[of] p1a: Calyrex\n|\n|-weather|RainDance|[upkeep]\n|-heal|p1a: Calyrex|52/100|[from] item: Leftovers\n|upkeep\n|turn|7\n|\n|t:|1769509234\n|move|p2a: \u9e7f\u51a0\u738b|Glacial Lance|p1b: Incineroar|[spread] p1a,p1b\n|-resisted|p1a: Calyrex\n|-resisted|p1b: Incineroar\n|-damage|p1a: Calyrex|39/100\n|-damage|p1b: Incineroar|0 fnt\n|faint|p1b: Incineroar\n|-ability|p2a: \u9e7f\u51a0\u738b|Chilling Neigh|boost\n|-boost|p2a: \u9e7f\u51a0\u738b|atk|1\n|move|p2b: \u76d6\u9e25\u5361|Weather Ball|p1a: Calyrex\n|-damage|p1a: Calyrex|0 fnt\n|faint|p1a: Calyrex\n|\n|-weather|RainDance|[upkeep]\n|upkeep\n|-message|Fogdocker forfeited.\n|\n|win|dasabei\u53cc\u6253\u9053\u9986\n|raw|Fogdocker's rating: 1436 &rarr; <strong>1417</strong><br />(-19 for losing)\n|raw|dasabei\u53cc\u6253\u9053\u9986's rating: 1449 &rarr; <strong>1468</strong><br />(+19 for winning)\n|l|\u2606Fogdocker\n|player|p1|\n|l|\u2606dasabei\u53cc\u6253\u9053\u9986\n|player|p2|\n|l| SaltyCore69\n","uploadtime":1769509491,"views":22,"formatid":"gen9vgc2026regi","rating":1417,"private":0,"password":null}