{"id":"gen9vgc2026regi-2558805446","format":"[Gen 9] VGC 2026 Reg I","players":["tester81800","blackred123"],"log":"|j|\u2606tester81800\n|j|\u2606blackred123\n|t:|1773486000\n|gametype|doubles\n|player|p1|tester81800|youngcouple-gen4dp|1278\n|player|p2|blackred123|iono-masters|1356\n|gen|9\n|tier|[Gen 9] VGC 2026 Reg I\n|rated|\n|rule|Species Clause: Limit one of each Pok\u00e9mon\n|rule|Item Clause: Limit 1 of each item\n|clearpoke\n|poke|p1|Calyrex-Ice, L50|\n|poke|p1|Miraidon, L50|\n|poke|p1|Indeedee-F, L50, F|\n|poke|p1|Torkoal, L50, M|\n|poke|p1|Ursaluna, L50, F|\n|poke|p1|Cresselia, L50, F|\n|poke|p2|Groudon, L50|\n|poke|p2|Volcarona, L50, M|\n|poke|p2|Incineroar, L50, M|\n|poke|p2|Miraidon, L50|\n|poke|p2|Flutter Mane, L50|\n|poke|p2|Chien-Pao, L50|\n|teampreview|4\n|inactive|Battle timer is ON: inactive players will automatically lose when time's up. (requested by blackred123)\n|inactive|tester81800 also wants the timer to be on.\n|inactive|tester81800 has 60 seconds left.\n|\n|t:|1773486042\n|teamsize|p1|4\n|teamsize|p2|4\n|start\n|switch|p1a: Calyrex|Calyrex-Ice, L50|100/100\n|switch|p1b: Cresselia|Cresselia, L50, F|100/100\n|switch|p2a: \u6c38\u96cf\u5854\u83f2|Groudon, L50|100/100\n|switch|p2b: \u829d\u58eb\u96ea\u8c79|Chien-Pao, L50|100/100\n|-ability|p1a: Calyrex|As One\n|-ability|p1a: Calyrex|Unnerve\n|-ability|p2b: \u829d\u58eb\u96ea\u8c79|Sword of Ruin\n|-weather|SunnyDay|[from] ability: Drought|[of] p2a: \u6c38\u96cf\u5854\u83f2\n|turn|1\n|inactive|tester81800 has 30 seconds left.\n|\n|t:|1773486073\n|-terastallize|p2a: \u6c38\u96cf\u5854\u83f2|Fire\n|-terastallize|p1b: Cresselia|Fairy\n|move|p1a: Calyrex|Protect|p1a: Calyrex\n|-singleturn|p1a: Calyrex|Protect\n|move|p2b: \u829d\u58eb\u96ea\u8c79|Crunch|p1b: Cresselia\n|-resisted|p1b: Cresselia\n|-damage|p1b: Cresselia|81/100\n|-damage|p2b: \u829d\u58eb\u96ea\u8c79|91/100|[from] item: Life Orb\n|move|p2a: \u6c38\u96cf\u5854\u83f2|Rock Slide|p1b: Cresselia|[spread] \n|-activate|p1a: Calyrex|move: Protect\n|-miss|p2a: \u6c38\u96cf\u5854\u83f2|p1b: Cresselia\n|move|p1b: Cresselia|Trick Room|p1b: Cresselia\n|-fieldstart|move: Trick Room|[of] p1b: Cresselia\n|\n|-weather|SunnyDay|[upkeep]\n|upkeep\n|turn|2\n|inactive|tester81800 has 30 seconds left.\n|inactive|tester81800 has 20 seconds left.\n|\n|t:|1773486111\n|move|p2b: \u829d\u58eb\u96ea\u8c79|Sucker Punch|p1a: Calyrex\n|-supereffective|p1a: Calyrex\n|-damage|p1a: Calyrex|33/100\n|-damage|p2b: \u829d\u58eb\u96ea\u8c79|81/100|[from] item: Life Orb\n|move|p1a: Calyrex|High Horsepower|p2a: \u6c38\u96cf\u5854\u83f2\n|-supereffective|p2a: \u6c38\u96cf\u5854\u83f2\n|-damage|p2a: \u6c38\u96cf\u5854\u83f2|22/100\n|move|p1b: Cresselia|Lunar Blessing|p1b: Cresselia|[spread] p1a,p1b\n|-heal|p1a: Calyrex|58/100\n|-heal|p1b: Cresselia|100/100\n|move|p2a: \u6c38\u96cf\u5854\u83f2|Precipice Blades|p1a: Calyrex|[spread] p1a\n|-immune|p1b: Cresselia|[from] ability: Levitate\n|-damage|p1a: Calyrex|11/100\n|\n|-weather|SunnyDay|[upkeep]\n|upkeep\n|turn|3\n|inactive|blackred123 has 30 seconds left.\n|\n|t:|1773486143\n|switch|p2a: \u629b\u4e0b\u864e\u54e5\u5578\u7a74|Incineroar, L50, M|100/100\n|-ability|p2a: \u629b\u4e0b\u864e\u54e5\u5578\u7a74|Intimidate|boost\n|-fail|p1a: Calyrex|unboost|[from] item: Clear Amulet|[of] p1a: Calyrex\n|-unboost|p1b: Cresselia|atk|1\n|move|p1b: Cresselia|Ally Switch|p1b: Cresselia\n|swap|p1b: Cresselia|0|[from] move: Ally Switch\n|move|p1b: Calyrex|High Horsepower|p2a: \u629b\u4e0b\u864e\u54e5\u5578\u7a74\n|-supereffective|p2a: \u629b\u4e0b\u864e\u54e5\u5578\u7a74\n|-damage|p2a: \u629b\u4e0b\u864e\u54e5\u5578\u7a74|14/100\n|-damage|p1b: Calyrex|0 fnt|[from] item: Rocky Helmet|[of] p2a: \u629b\u4e0b\u864e\u54e5\u5578\u7a74\n|faint|p1b: Calyrex\n|move|p2b: \u829d\u58eb\u96ea\u8c79|Crunch|p1a: Cresselia\n|-resisted|p1a: Cresselia\n|-damage|p1a: Cresselia|79/100\n|-damage|p2b: \u829d\u58eb\u96ea\u8c79|72/100|[from] item: Life Orb\n|\n|-weather|SunnyDay|[upkeep]\n|upkeep\n|\n|t:|1773486161\n|switch|p1b: Torkoal|Torkoal, L50, M|100/100\n|turn|4\n|\n|t:|1773486177\n|switch|p2a: \u6c38\u96cf\u5854\u83f2|Groudon, L50, tera:Fire|22/100\n|move|p2b: \u829d\u58eb\u96ea\u8c79|Protect|p2b: \u829d\u58eb\u96ea\u8c79\n|-singleturn|p2b: \u829d\u58eb\u96ea\u8c79|Protect\n|move|p1b: Torkoal|Eruption|p2a: \u6c38\u96cf\u5854\u83f2|[spread] p2a\n|-activate|p2b: \u829d\u58eb\u96ea\u8c79|move: Protect\n|-resisted|p2a: \u6c38\u96cf\u5854\u83f2\n|-damage|p2a: \u6c38\u96cf\u5854\u83f2|0 fnt\n|faint|p2a: \u6c38\u96cf\u5854\u83f2\n|-damage|p1b: Torkoal|91/100|[from] item: Life Orb\n|move|p1a: Cresselia|Dazzling Gleam|p2b: \u829d\u58eb\u96ea\u8c79\n|-activate|p2b: \u829d\u58eb\u96ea\u8c79|move: Protect\n|\n|-weather|SunnyDay|[upkeep]\n|upkeep\n|\n|t:|1773486193\n|switch|p2a: \u629b\u4e0b\u864e\u54e5\u5578\u7a74|Incineroar, L50, M|14/100\n|-ability|p2a: \u629b\u4e0b\u864e\u54e5\u5578\u7a74|Intimidate|boost\n|-unboost|p1a: Cresselia|atk|1\n|-unboost|p1b: Torkoal|atk|1\n|turn|5\n|inactive|tester81800 has 30 seconds left.\n|\n|t:|1773486222\n|switch|p1b: Ursaluna|Ursaluna, L50, F|100/100\n|switch|p2b: \u94f6\u91d1\u5996\u86c7|Miraidon, L50, shiny|100/100\n|-fieldstart|move: Electric Terrain|[from] ability: Hadron Engine|[of] p2b: \u94f6\u91d1\u5996\u86c7\n|move|p2a: \u629b\u4e0b\u864e\u54e5\u5578\u7a74|Fake Out|p1b: Ursaluna\n|-damage|p1b: Ursaluna|92/100\n|move|p1a: Cresselia|Dazzling Gleam|p2b: \u94f6\u91d1\u5996\u86c7|[spread] p2a,p2b\n|-supereffective|p2b: \u94f6\u91d1\u5996\u86c7\n|-damage|p2a: \u629b\u4e0b\u864e\u54e5\u5578\u7a74|0 fnt\n|-damage|p2b: \u94f6\u91d1\u5996\u86c7|74/100\n|faint|p2a: \u629b\u4e0b\u864e\u54e5\u5578\u7a74\n|\n|-weather|none\n|-fieldend|move: Trick Room\n|-status|p1b: Ursaluna|brn|[from] item: Flame Orb\n|upkeep\n|\n|t:|1773486225\n|switch|p2a: \u829d\u58eb\u96ea\u8c79|Chien-Pao, L50|72/100\n|-ability|p2a: \u829d\u58eb\u96ea\u8c79|Sword of Ruin\n|turn|6\n|\n|t:|1773486247\n|switch|p1b: Torkoal|Torkoal, L50, M|91/100\n|-weather|SunnyDay|[from] ability: Drought|[of] p1b: Torkoal\n|move|p2b: \u94f6\u91d1\u5996\u86c7|Electro Drift|p1a: Cresselia\n|-crit|p1a: Cresselia\n|-damage|p1a: Cresselia|0 fnt\n|faint|p1a: Cresselia\n|move|p2a: \u829d\u58eb\u96ea\u8c79|Ice Spinner|p1b: Torkoal\n|-resisted|p1b: Torkoal\n|-damage|p1b: Torkoal|64/100\n|-fieldend|move: Electric Terrain\n|-damage|p2a: \u829d\u58eb\u96ea\u8c79|62/100|[from] item: Life Orb\n|\n|-weather|SunnyDay|[upkeep]\n|upkeep\n|\n|t:|1773486257\n|switch|p1a: Ursaluna|Ursaluna, L50, F|92/100 brn\n|turn|7\n|\n|t:|1773486271\n|move|p1b: Torkoal|Protect|p1b: Torkoal\n|-singleturn|p1b: Torkoal|Protect\n|move|p2b: \u94f6\u91d1\u5996\u86c7|Electro Drift|p1b: Torkoal\n|-activate|p1b: Torkoal|move: Protect\n|move|p2a: \u829d\u58eb\u96ea\u8c79|Ice Spinner|p1a: Ursaluna\n|-supereffective|p1a: Ursaluna\n|-damage|p1a: Ursaluna|0 fnt\n|faint|p1a: Ursaluna\n|-damage|p2a: \u829d\u58eb\u96ea\u8c79|52/100|[from] item: Life Orb\n|\n|-weather|SunnyDay|[upkeep]\n|upkeep\n|turn|8\n|\n|t:|1773486283\n|move|p2b: \u94f6\u91d1\u5996\u86c7|Electro Drift|p1b: Torkoal\n|-damage|p1b: Torkoal|0 fnt\n|faint|p1b: Torkoal\n|\n|win|blackred123\n|raw|tester81800's rating: 1278 &rarr; <strong>1259</strong><br />(-19 for losing)\n|raw|blackred123's rating: 1356 &rarr; <strong>1372</strong><br />(+16 for winning)\n|l|\u2606tester81800\n|player|p1|\n|l|\u2606blackred123\n|player|p2|\n","uploadtime":1773486550,"views":14,"formatid":"gen9vgc2026regi","rating":1259,"private":0,"password":null}