{"id":"gen9vgc2026regi-2579599741","format":"[Gen 9] VGC 2026 Reg I","players":["chrisjhall11","Hazweioh"],"log":"|j|\u2606chrisjhall11\n|j|\u2606Hazweioh\n|t:|1775803794\n|gametype|doubles\n|player|p1|chrisjhall11|dawn|1467\n|player|p2|Hazweioh|169|1583\n|gen|9\n|tier|[Gen 9] VGC 2026 Reg I\n|rated|\n|rule|Species Clause: Limit one of each Pok\u00e9mon\n|rule|Item Clause: Limit 1 of each item\n|clearpoke\n|poke|p1|Miraidon, L50|\n|poke|p1|Zamazenta-*, L50|\n|poke|p1|Amoonguss, L50, F|\n|poke|p1|Incineroar, L50, F|\n|poke|p1|Chien-Pao, L50|\n|poke|p1|Landorus, L50, M|\n|poke|p2|Calyrex-Shadow, L50|\n|poke|p2|Zamazenta-*, L50|\n|poke|p2|Chien-Pao, L50|\n|poke|p2|Dragonite, L50, F|\n|poke|p2|Raging Bolt, L50|\n|poke|p2|Amoonguss, L50, F|\n|teampreview|4\n|\n|t:|1775803831\n|teamsize|p1|4\n|teamsize|p2|4\n|start\n|switch|p1a: Miraidon|Miraidon, L50|100/100\n|switch|p1b: Zamazenta|Zamazenta-Crowned, L50|100/100\n|switch|p2a: Arlie|Chien-Pao, L50|100/100\n|switch|p2b: Green Goober|Dragonite, L50, F, shiny|100/100\n|-fieldstart|move: Electric Terrain|[from] ability: Hadron Engine|[of] p1a: Miraidon\n|-ability|p2a: Arlie|Sword of Ruin\n|-ability|p1b: Zamazenta|Dauntless Shield|boost\n|-boost|p1b: Zamazenta|def|1\n|turn|1\n|\n|t:|1775803889\n|switch|p1a: Amoonguss|Amoonguss, L50, F|100/100\n|move|p2a: Arlie|Icy Wind|p1a: Amoonguss|[spread] p1a,p1b\n|-supereffective|p1a: Amoonguss\n|-resisted|p1b: Zamazenta\n|-damage|p1a: Amoonguss|83/100\n|-damage|p1b: Zamazenta|96/100\n|-unboost|p1a: Amoonguss|spe|1\n|-unboost|p1b: Zamazenta|spe|1\n|move|p1b: Zamazenta|Body Press|p2a: Arlie\n|-supereffective|p2a: Arlie\n|-damage|p2a: Arlie|0 fnt\n|faint|p2a: Arlie\n|move|p2b: Green Goober|Low Kick|p1b: Zamazenta\n|-supereffective|p1b: Zamazenta\n|-damage|p1b: Zamazenta|43/100\n|\n|upkeep\n|\n|t:|1775803912\n|switch|p2a: PinkPonyClub|Calyrex-Shadow, L50|100/100\n|-ability|p2a: PinkPonyClub|As One\n|-ability|p2a: PinkPonyClub|Unnerve\n|turn|2\n|\n|t:|1775803929\n|switch|p1a: Chien-Pao|Chien-Pao, L50|100/100\n|-ability|p1a: Chien-Pao|Sword of Ruin\n|move|p2a: PinkPonyClub|Protect|p2a: PinkPonyClub\n|-singleturn|p2a: PinkPonyClub|Protect\n|move|p1b: Zamazenta|Wide Guard|p1b: Zamazenta\n|-singleturn|p1b: Zamazenta|Wide Guard\n|move|p2b: Green Goober|Low Kick|p1b: Zamazenta\n|-supereffective|p1b: Zamazenta\n|-damage|p1b: Zamazenta|0 fnt\n|faint|p1b: Zamazenta\n|\n|upkeep\n|\n|t:|1775803944\n|switch|p1b: Miraidon|Miraidon, L50|100/100\n|-activate|p1b: Miraidon|ability: Hadron Engine\n|turn|3\n|\n|t:|1775803975\n|move|p1b: Miraidon|Snarl|p2b: Green Goober|[spread] p2a\n|-miss|p1b: Miraidon|p2b: Green Goober\n|-supereffective|p2a: PinkPonyClub\n|-damage|p2a: PinkPonyClub|14/100\n|-unboost|p2a: PinkPonyClub|spa|1\n|move|p2a: PinkPonyClub|Astral Barrage|p1a: Chien-Pao|[spread] p1a,p1b\n|-resisted|p1a: Chien-Pao\n|-damage|p1a: Chien-Pao|70/100\n|-damage|p1b: Miraidon|68/100\n|move|p1a: Chien-Pao|Icicle Crash|p2b: Green Goober\n|-supereffective|p2b: Green Goober\n|-damage|p2b: Green Goober|0 fnt\n|faint|p2b: Green Goober\n|\n|upkeep\n|\n|t:|1775803990\n|switch|p2b: protec|Zamazenta-Crowned, L50|100/100\n|-ability|p2b: protec|Dauntless Shield|boost\n|-boost|p2b: protec|def|1\n|turn|4\n|\n|t:|1775804014\n|switch|p1a: Amoonguss|Amoonguss, L50, F|100/100\n|move|p2b: protec|Wide Guard|p2b: protec\n|-singleturn|p2b: protec|Wide Guard\n|move|p1b: Miraidon|Snarl|p2a: PinkPonyClub|[spread] \n|-activate|p2a: PinkPonyClub|move: Wide Guard\n|-activate|p2b: protec|move: Wide Guard\n|move|p2a: PinkPonyClub|Encore||[still]\n|-fail|p2a: PinkPonyClub\n|\n|upkeep\n|turn|5\n|\n|t:|1775804044\n|-terastallize|p2a: PinkPonyClub|Ghost\n|move|p2b: protec|Wide Guard|p2b: protec\n|-singleturn|p2b: protec|Wide Guard\n|move|p1b: Miraidon|Snarl|p2a: PinkPonyClub|[spread] \n|-activate|p2a: PinkPonyClub|move: Wide Guard\n|-activate|p2b: protec|move: Wide Guard\n|move|p2a: PinkPonyClub|Astral Barrage|p1b: Miraidon|[spread] p1a,p1b\n|-damage|p1a: Amoonguss|62/100\n|-damage|p1b: Miraidon|25/100\n|move|p1a: Amoonguss|Pollen Puff|p2a: PinkPonyClub\n|-resisted|p2a: PinkPonyClub\n|-crit|p2a: PinkPonyClub\n|-damage|p2a: PinkPonyClub|0 fnt\n|faint|p2a: PinkPonyClub\n|\n|-fieldend|move: Electric Terrain\n|upkeep\n|turn|6\n|\n|t:|1775804066\n|switch|p1b: Chien-Pao|Chien-Pao, L50|70/100\n|-ability|p1b: Chien-Pao|Sword of Ruin\n|move|p2b: protec|Body Press|p1b: Chien-Pao\n|-supereffective|p1b: Chien-Pao\n|-damage|p1b: Chien-Pao|0 fnt\n|faint|p1b: Chien-Pao\n|move|p1a: Amoonguss|Spore|p2b: protec\n|-status|p2b: protec|slp|[from] move: Spore\n|\n|upkeep\n|\n|t:|1775804076\n|switch|p1b: Miraidon|Miraidon, L50|25/100\n|-fieldstart|move: Electric Terrain|[from] ability: Hadron Engine|[of] p1b: Miraidon\n|turn|7\n|\n|t:|1775804098\n|-terastallize|p1b: Miraidon|Electric\n|move|p1b: Miraidon|Electro Drift|p2b: protec\n|-damage|p2b: protec|8/100 slp\n|cant|p2b: protec|slp\n|move|p1a: Amoonguss|Pollen Puff|p1b: Miraidon\n|-heal|p1b: Miraidon|75/100\n|\n|upkeep\n|turn|8\n|l|\u2606Hazweioh\n|player|p2|\n|\n|t:|1775804111\n|move|p1a: Amoonguss|Rage Powder|p1a: Amoonguss\n|-singleturn|p1a: Amoonguss|move: Rage Powder\n|move|p1b: Miraidon|Electro Drift|p2b: protec\n|-damage|p2b: protec|0 fnt\n|faint|p2b: protec\n|\n|win|chrisjhall11\n|raw|chrisjhall11's rating: 1467 &rarr; <strong>1493</strong><br />(+26 for winning)\n|raw|Hazweioh's rating: 1583 &rarr; <strong>1557</strong><br />(-26 for losing)\n|l|\u2606chrisjhall11\n|player|p1|\n","uploadtime":1775804331,"views":13,"formatid":"gen9vgc2026regi","rating":1493,"private":0,"password":null}