{"id":"gen9vgc2026regi-2551416547","format":"[Gen 9] VGC 2026 Reg I","players":["dunkeyori","alexit93"],"log":"|j|\u2606dunkeyori\n|j|\u2606alexit93\n|t:|1772598455\n|gametype|doubles\n|player|p1|dunkeyori|n|1219\n|player|p2|alexit93|lucas-gen4pt|1324\n|gen|9\n|tier|[Gen 9] VGC 2026 Reg I\n|rated|\n|rule|Species Clause: Limit one of each Pok\u00e9mon\n|rule|Item Clause: Limit 1 of each item\n|clearpoke\n|poke|p1|Lugia, L50|\n|poke|p1|Calyrex-Ice, L50|\n|poke|p1|Rillaboom, L50, F|\n|poke|p1|Heatran, L50, M|\n|poke|p1|Grimmsnarl, L50, M|\n|poke|p1|Great Tusk, L50|\n|poke|p2|Zamazenta-*, L50|\n|poke|p2|Chien-Pao, L50|\n|poke|p2|Miraidon, L50|\n|poke|p2|Whimsicott, L50, F|\n|poke|p2|Farigiraf, L50, F|\n|poke|p2|Landorus, L50, M|\n|teampreview|4\n|inactive|Battle timer is ON: inactive players will automatically lose when time's up. (requested by dunkeyori)\n|inactive|dunkeyori has 60 seconds left.\n|inactive|dunkeyori has 30 seconds left.\n|inactive|dunkeyori has 20 seconds left.\n|inactive|dunkeyori has 15 seconds left.\n|inactive|dunkeyori has 10 seconds left.\n|\n|t:|1772598541\n|teamsize|p1|4\n|teamsize|p2|4\n|start\n|switch|p1a: Great Tusk|Great Tusk, L50|100/100\n|switch|p1b: Rillaboom|Rillaboom, L50, F|100/100\n|switch|p2a: Miraidon|Miraidon, L50, shiny|100/100\n|switch|p2b: Farigiraf|Farigiraf, L50, F|100/100\n|-fieldstart|move: Electric Terrain|[from] ability: Hadron Engine|[of] p2a: Miraidon\n|-enditem|p2b: Farigiraf|Electric Seed\n|-boost|p2b: Farigiraf|def|1|[from] item: Electric Seed\n|-fieldstart|move: Grassy Terrain|[from] ability: Grassy Surge|[of] p1b: Rillaboom\n|turn|1\n|\n|t:|1772598557\n|move|p1a: Great Tusk|Headlong Rush|p2a: Miraidon\n|-supereffective|p2a: Miraidon\n|-damage|p2a: Miraidon|0 fnt\n|-unboost|p1a: Great Tusk|def|1\n|-unboost|p1a: Great Tusk|spd|1\n|faint|p2a: Miraidon\n|move|p1b: Rillaboom|Knock Off|p2b: Farigiraf\n|-supereffective|p2b: Farigiraf\n|-damage|p2b: Farigiraf|73/100\n|move|p2b: Farigiraf|Psychic|p1a: Great Tusk\n|-supereffective|p1a: Great Tusk\n|-damage|p1a: Great Tusk|0 fnt\n|faint|p1a: Great Tusk\n|-end|p1a: Great Tusk|Protosynthesis|[silent]\n|\n|-heal|p2b: Farigiraf|79/100|[from] Grassy Terrain\n|upkeep\n|\n|t:|1772598581\n|switch|p2a: Zamazenta|Zamazenta-Crowned, L50, shiny|100/100\n|switch|p1a: Lugia|Lugia, L50|100/100\n|-ability|p2a: Zamazenta|Dauntless Shield|boost\n|-boost|p2a: Zamazenta|def|1\n|turn|2\n|\n|t:|1772598593\n|move|p2a: Zamazenta|Body Press|p1b: Rillaboom\n|-damage|p1b: Rillaboom|29/100\n|-enditem|p1b: Rillaboom|Sitrus Berry|[eat]\n|-heal|p1b: Rillaboom|54/100|[from] item: Sitrus Berry\n|move|p1a: Lugia|Calm Mind|p1a: Lugia\n|-boost|p1a: Lugia|spa|1\n|-boost|p1a: Lugia|spd|1\n|move|p1b: Rillaboom|U-turn|p2b: Farigiraf\n|-supereffective|p2b: Farigiraf\n|-damage|p2b: Farigiraf|50/100\n|\n|t:|1772598598\n|switch|p1b: Calyrex|Calyrex-Ice, L50|100/100|[from] U-turn\n|-ability|p1b: Calyrex|As One\n|-ability|p1b: Calyrex|Unnerve\n|move|p2b: Farigiraf|Foul Play|p1a: Lugia\n|-supereffective|p1a: Lugia\n|-damage|p1a: Lugia|91/100\n|\n|-heal|p1a: Lugia|97/100|[from] item: Leftovers\n|-heal|p2b: Farigiraf|56/100|[from] Grassy Terrain\n|upkeep\n|turn|3\n|inactive|dunkeyori has 30 seconds left.\n|inactive|dunkeyori has 20 seconds left.\n|inactive|dunkeyori has 15 seconds left.\n|inactive|dunkeyori has 10 seconds left.\n|inactive|dunkeyori has 5 seconds left.\n|\n|t:|1772598648\n|-terastallize|p1b: Calyrex|Water\n|move|p2a: Zamazenta|Body Press|p1b: Calyrex\n|-damage|p1b: Calyrex|56/100\n|move|p1a: Lugia|Calm Mind|p1a: Lugia\n|-boost|p1a: Lugia|spa|1\n|-boost|p1a: Lugia|spd|1\n|move|p1b: Calyrex|Leech Seed|p2a: Zamazenta\n|-start|p2a: Zamazenta|move: Leech Seed\n|move|p2b: Farigiraf|Foul Play|p1b: Calyrex\n|-damage|p1b: Calyrex|32/100\n|\n|-heal|p1a: Lugia|100/100|[from] item: Leftovers\n|-heal|p1b: Calyrex|38/100|[from] Grassy Terrain\n|-heal|p2b: Farigiraf|62/100|[from] Grassy Terrain\n|-damage|p2a: Zamazenta|89/100|[from] Leech Seed|[of] p1b: Calyrex\n|-heal|p1b: Calyrex|47/100|[silent]\n|upkeep\n|turn|4\n|inactive|dunkeyori has 30 seconds left.\n|inactive|dunkeyori has 20 seconds left.\n|inactive|dunkeyori has 15 seconds left.\n|\n|t:|1772598692\n|switch|p2a: Chien-Pao|Chien-Pao, L50|100/100\n|-ability|p2a: Chien-Pao|Sword of Ruin\n|move|p1b: Calyrex|Protect|p1b: Calyrex\n|-singleturn|p1b: Calyrex|Protect\n|move|p1a: Lugia|Aeroblast|p2b: Farigiraf\n|-crit|p2b: Farigiraf\n|-damage|p2b: Farigiraf|0 fnt\n|faint|p2b: Farigiraf\n|\n|-heal|p1b: Calyrex|53/100|[from] Grassy Terrain\n|upkeep\n|\n|t:|1772598696\n|switch|p2b: Zamazenta|Zamazenta-Crowned, L50, shiny|89/100\n|turn|5\n|\n|t:|1772598710\n|move|p2a: Chien-Pao|Crunch|p1a: Lugia\n|-supereffective|p1a: Lugia\n|-damage|p1a: Lugia|54/100\n|move|p2b: Zamazenta|Behemoth Bash|p1a: Lugia\n|-damage|p1a: Lugia|23/100\n|move|p1a: Lugia|Aeroblast|p2a: Chien-Pao\n|-crit|p2a: Chien-Pao\n|-damage|p2a: Chien-Pao|0 fnt\n|faint|p2a: Chien-Pao\n|move|p1b: Calyrex|Trick Room|p1b: Calyrex\n|-fieldstart|move: Trick Room|[of] p1b: Calyrex\n|\n|-heal|p1b: Calyrex|59/100|[from] Grassy Terrain\n|-heal|p1a: Lugia|30/100|[from] item: Leftovers\n|-heal|p2b: Zamazenta|95/100|[from] Grassy Terrain\n|-fieldend|move: Grassy Terrain\n|upkeep\n|turn|6\n|-message|alexit93 forfeited.\n|\n|win|dunkeyori\n|raw|dunkeyori's rating: 1219 &rarr; <strong>1251</strong><br />(+32 for winning)\n|raw|alexit93's rating: 1324 &rarr; <strong>1298</strong><br />(-26 for losing)\n|l|\u2606alexit93\n|player|p2|\n|l|\u2606dunkeyori\n|player|p1|\n","uploadtime":1772598898,"views":19,"formatid":"gen9vgc2026regi","rating":1251,"private":0,"password":null}