{"id":"gen9vgc2026regi-2588034489","format":"[Gen 9] VGC 2026 Reg I","players":["IbukiDoujin","pigduckeater"],"log":"|j|\u2606IbukiDoujin\n|j|\u2606pigduckeater\n|t:|1776595938\n|gametype|doubles\n|player|p1|IbukiDoujin|caitlin|1386\n|player|p2|pigduckeater|265|1439\n|gen|9\n|tier|[Gen 9] VGC 2026 Reg I\n|rated|\n|rule|Species Clause: Limit one of each Pok\u00e9mon\n|rule|Item Clause: Limit 1 of each item\n|clearpoke\n|poke|p1|Miraidon, L50|\n|poke|p1|Iron Hands, L50|\n|poke|p1|Farigiraf, L50, M|\n|poke|p1|Incineroar, L50, F|\n|poke|p1|Calyrex-Ice, L50|\n|poke|p1|Comfey, L50, M|\n|poke|p2|Miraidon, L50|\n|poke|p2|Calyrex-Shadow, L50|\n|poke|p2|Illumise, L50, F|\n|poke|p2|Tsareena, L50, F|\n|poke|p2|Urshifu-*, L50, F|\n|poke|p2|Incineroar, L50, M|\n|teampreview|4\n|\n|t:|1776595963\n|teamsize|p1|4\n|teamsize|p2|4\n|start\n|switch|p1a: Evil Horse|Calyrex-Ice, L50|100/100\n|switch|p1b: Hot Chip|Comfey, L50, M, shiny|100/100\n|switch|p2a: Miraidon|Miraidon, L50|100/100\n|switch|p2b: Illumise|Illumise, L50, F|100/100\n|-ability|p1a: Evil Horse|As One\n|-ability|p1a: Evil Horse|Unnerve\n|-fieldstart|move: Electric Terrain|[from] ability: Hadron Engine|[of] p2a: Miraidon\n|-enditem|p2b: Illumise|Electric Seed\n|-boost|p2b: Illumise|def|1|[from] item: Electric Seed\n|turn|1\n|\n|t:|1776595990\n|-terastallize|p2a: Miraidon|Electric\n|move|p1b: Hot Chip|Draining Kiss|p2a: Miraidon\n|-damage|p2a: Miraidon|83/100\n|move|p2a: Miraidon|Electro Drift|p1a: Evil Horse\n|-damage|p1a: Evil Horse|0 fnt\n|faint|p1a: Evil Horse\n|-damage|p2a: Miraidon|73/100|[from] item: Life Orb\n|move|p2b: Illumise|Struggle Bug|p1b: Hot Chip\n|-resisted|p1b: Hot Chip\n|-damage|p1b: Hot Chip|94/100\n|-unboost|p1b: Hot Chip|spa|1\n|\n|upkeep\n|\n|t:|1776596002\n|switch|p1a: Gaslight|Iron Hands, L50|100/100\n|-activate|p1a: Gaslight|ability: Quark Drive\n|-start|p1a: Gaslight|quarkdriveatk\n|turn|2\n|\n|t:|1776596009\n|switch|p2a: Tsareena|Tsareena, L50, F|100/100\n|move|p1b: Hot Chip|Draining Kiss||[still]\n|cant|p2a: Tsareena|ability: Queenly Majesty|Draining Kiss|[of] p1b: Hot Chip\n|move|p2b: Illumise|Baton Pass|p2b: Illumise\n|\n|t:|1776596014\n|switch|p2b: Miraidon|Miraidon, L50, tera:Electric|73/100|[from] Baton Pass\n|-activate|p2b: Miraidon|ability: Hadron Engine\n|move|p1a: Gaslight|Low Kick|p2a: Tsareena\n|-damage|p2a: Tsareena|74/100\n|\n|upkeep\n|turn|3\n|\n|t:|1776596024\n|move|p1b: Hot Chip|Helping Hand|p1a: Gaslight\n|-singleturn|p1a: Gaslight|Helping Hand|[of] p1b: Hot Chip\n|move|p2b: Miraidon|Parabolic Charge|p1b: Hot Chip|[spread] p2a,p1a,p1b\n|-resisted|p2a: Tsareena\n|-resisted|p1a: Gaslight\n|-damage|p2a: Tsareena|31/100\n|-heal|p2b: Miraidon|93/100|[from] drain|[of] p2a: Tsareena\n|-damage|p1a: Gaslight|79/100\n|-heal|p2b: Miraidon|100/100|[from] drain|[of] p1a: Gaslight\n|-damage|p1b: Hot Chip|5/100\n|-enditem|p1b: Hot Chip|Sitrus Berry|[eat]\n|-heal|p1b: Hot Chip|30/100|[from] item: Sitrus Berry\n|-damage|p2b: Miraidon|91/100|[from] item: Life Orb\n|move|p2a: Tsareena|Power Whip|p1b: Hot Chip\n|-damage|p1b: Hot Chip|0 fnt\n|faint|p1b: Hot Chip\n|move|p1a: Gaslight|Low Kick|p2b: Miraidon\n|-damage|p2b: Miraidon|20/100\n|\n|upkeep\n|\n|t:|1776596043\n|switch|p1b: Lesbian Couple|Miraidon, L50, shiny|100/100\n|-activate|p1b: Lesbian Couple|ability: Hadron Engine\n|turn|4\n|\n|t:|1776596051\n|move|p2b: Miraidon|Protect|p2b: Miraidon\n|-singleturn|p2b: Miraidon|Protect\n|move|p1b: Lesbian Couple|Dazzling Gleam|p2a: Tsareena|[spread] p2a\n|-activate|p2b: Miraidon|move: Protect\n|-damage|p2a: Tsareena|1/100\n|move|p2a: Tsareena|Triple Axel|p1b: Lesbian Couple\n|-supereffective|p1b: Lesbian Couple\n|-damage|p1b: Lesbian Couple|88/100\n|-supereffective|p1b: Lesbian Couple\n|-damage|p1b: Lesbian Couple|65/100\n|-supereffective|p1b: Lesbian Couple\n|-damage|p1b: Lesbian Couple|34/100\n|-hitcount|p1b: Lesbian Couple|3\n|move|p1a: Gaslight|Low Kick|p2a: Tsareena\n|-damage|p2a: Tsareena|0 fnt\n|faint|p2a: Tsareena\n|\n|upkeep\n|\n|t:|1776596065\n|switch|p2a: Illumise|Illumise, L50, F|100/100\n|turn|5\n|\n|t:|1776596080\n|-terastallize|p1b: Lesbian Couple|Poison\n|move|p2a: Illumise|Tailwind|p2a: Illumise\n|-sidestart|p2: pigduckeater|move: Tailwind\n|move|p2b: Miraidon|Electro Drift|p1b: Lesbian Couple\n|-damage|p1b: Lesbian Couple|0 fnt\n|faint|p1b: Lesbian Couple\n|-damage|p2b: Miraidon|10/100|[from] item: Life Orb\n|move|p1a: Gaslight|Wild Charge|p2a: Illumise\n|-damage|p2a: Illumise|7/100\n|-damage|p1a: Gaslight|63/100|[from] Recoil\n|\n|-fieldend|move: Electric Terrain\n|-end|p1a: Gaslight|Quark Drive\n|upkeep\n|turn|6\n|-message|IbukiDoujin forfeited.\n|\n|win|pigduckeater\n|raw|IbukiDoujin's rating: 1386 &rarr; <strong>1369</strong><br />(-17 for losing)\n|raw|pigduckeater's rating: 1439 &rarr; <strong>1456</strong><br />(+17 for winning)\n|l|\u2606IbukiDoujin\n|player|p1|\n|l|\u2606pigduckeater\n|player|p2|\n","uploadtime":1776596324,"views":12,"formatid":"gen9vgc2026regi","rating":1369,"private":0,"password":null}