{"id":"gen9vgc2026regi-2547892539","format":"[Gen 9] VGC 2026 Reg I","players":["Zorse Mentality","luckstat10"],"log":"|j|\u2606Zorse Mentality\n|j|\u2606luckstat10\n|t:|1772142116\n|gametype|doubles\n|player|p1|Zorse Mentality|265|1459\n|player|p2|luckstat10|265|1395\n|gen|9\n|tier|[Gen 9] VGC 2026 Reg I\n|rated|\n|rule|Species Clause: Limit one of each Pok\u00e9mon\n|rule|Item Clause: Limit 1 of each item\n|clearpoke\n|poke|p1|Calyrex-Shadow, L50|\n|poke|p1|Miraidon, L50|\n|poke|p1|Dondozo, L50, M|\n|poke|p1|Tatsugiri, L50, F|\n|poke|p1|Weezing-Galar, L50, M|\n|poke|p1|Raichu-Alola, L50, F|\n|poke|p2|Miraidon, L50|\n|poke|p2|Ursaluna, L50, F|\n|poke|p2|Grimmsnarl, L50, M|\n|poke|p2|Volcarona, L50, F|\n|poke|p2|Calyrex-Ice, L50|\n|poke|p2|Ogerpon-Cornerstone, L50, F|\n|teampreview|4\n|inactive|Battle timer is ON: inactive players will automatically lose when time's up. (requested by Zorse Mentality)\n|\n|t:|1772142163\n|teamsize|p1|4\n|teamsize|p2|4\n|start\n|switch|p1a: Calyrex|Calyrex-Shadow, L50|100/100\n|switch|p1b: Weezing|Weezing-Galar, L50, M|100/100\n|switch|p2a: Mothra|Volcarona, L50, F, shiny|100/100\n|switch|p2b: Zeus|Miraidon, L50|100/100\n|-ability|p1b: Weezing|Neutralizing Gas\n|-ability|p1a: Calyrex|As One\n|-ability|p1a: Calyrex|Unnerve\n|turn|1\n|inactive|Zorse Mentality has 30 seconds left.\n|inactive|Zorse Mentality has 20 seconds left.\n|\n|t:|1772142199\n|-terastallize|p1b: Weezing|Ground\n|move|p1a: Calyrex|Protect|p1a: Calyrex\n|-singleturn|p1a: Calyrex|Protect\n|move|p2b: Zeus|Snarl|p1b: Weezing|[spread] p1b\n|-activate|p1a: Calyrex|move: Protect\n|-damage|p1b: Weezing|85/100\n|-unboost|p1b: Weezing|spa|1\n|move|p2a: Mothra|Quiver Dance|p2a: Mothra\n|-boost|p2a: Mothra|spa|1\n|-boost|p2a: Mothra|spd|1\n|-boost|p2a: Mothra|spe|1\n|move|p1b: Weezing|Poison Gas|p2a: Mothra|[spread] p2a,p2b\n|-status|p2a: Mothra|psn\n|-status|p2b: Zeus|psn\n|\n|-heal|p1b: Weezing|91/100|[from] item: Leftovers\n|-damage|p2b: Zeus|88/100 psn|[from] psn\n|-damage|p2a: Mothra|88/100 psn|[from] psn\n|upkeep\n|turn|2\n|inactive|Zorse Mentality has 30 seconds left.\n|\n|t:|1772142229\n|switch|p1a: Tatsugiri|Tatsugiri, L50, F|100/100\n|-end|p1b: Weezing|ability: Neutralizing Gas\n|-fieldstart|move: Electric Terrain|[from] ability: Hadron Engine|[of] p2b: Zeus\n|-enditem|p2a: Mothra|Electric Seed\n|-boost|p2a: Mothra|def|1|[from] item: Electric Seed\n|switch|p1b: Dondozo|Dondozo, L50, M|100/100\n|-activate|p1a: Tatsugiri|ability: Commander|[of] p1b: Dondozo\n|-boost|p1b: Dondozo|atk|2\n|-boost|p1b: Dondozo|spa|2\n|-boost|p1b: Dondozo|spe|2\n|-boost|p1b: Dondozo|def|2\n|-boost|p1b: Dondozo|spd|2\n|move|p2b: Zeus|Snarl|p1b: Dondozo|[spread] p1b\n|-miss|p2b: Zeus|p1a: Tatsugiri\n|-damage|p1b: Dondozo|93/100\n|-unboost|p1b: Dondozo|spa|1\n|move|p2a: Mothra|Giga Drain|p1b: Dondozo\n|-supereffective|p1b: Dondozo\n|-damage|p1b: Dondozo|76/100\n|-heal|p2a: Mothra|100/100 psn|[from] drain|[of] p1b: Dondozo\n|\n|-damage|p2b: Zeus|76/100 psn|[from] psn\n|-damage|p2a: Mothra|88/100 psn|[from] psn\n|upkeep\n|turn|3\n|inactive|Zorse Mentality has 30 seconds left.\n|\n|t:|1772142255\n|switch|p2b: Ogerpon|Ogerpon-Cornerstone, L50, F|100/100\n|-terastallize|p2a: Mothra|Grass\n|move|p2a: Mothra|Quiver Dance|p2a: Mothra\n|-boost|p2a: Mothra|spa|1\n|-boost|p2a: Mothra|spd|1\n|-boost|p2a: Mothra|spe|1\n|move|p1b: Dondozo|Earthquake|p2a: Mothra|[spread] p2a,p2b\n|-miss|p1b: Dondozo|p1a: Tatsugiri\n|-resisted|p2a: Mothra\n|-damage|p2a: Mothra|67/100 psn\n|-damage|p2b: Ogerpon|51/100\n|\n|-damage|p2a: Mothra|55/100 psn|[from] psn\n|upkeep\n|turn|4\n|\n|t:|1772142274\n|move|p2a: Mothra|Giga Drain|p1b: Dondozo\n|-supereffective|p1b: Dondozo\n|-damage|p1b: Dondozo|50/100\n|-heal|p2a: Mothra|74/100 psn|[from] drain|[of] p1b: Dondozo\n|move|p2b: Ogerpon|Horn Leech|p1b: Dondozo\n|-supereffective|p1b: Dondozo\n|-damage|p1b: Dondozo|26/100\n|-heal|p2b: Ogerpon|71/100|[from] drain|[of] p1b: Dondozo\n|-damage|p2b: Ogerpon|55/100|[from] item: Rocky Helmet|[of] p1b: Dondozo\n|move|p1b: Dondozo|Earthquake|p2a: Mothra|[spread] p2a,p2b\n|-miss|p1b: Dondozo|p1a: Tatsugiri\n|-resisted|p2a: Mothra\n|-damage|p2a: Mothra|55/100 psn\n|-damage|p2b: Ogerpon|12/100\n|\n|-damage|p2a: Mothra|43/100 psn|[from] psn\n|upkeep\n|turn|5\n|\n|t:|1772142291\n|move|p2a: Mothra|Giga Drain|p1b: Dondozo\n|-supereffective|p1b: Dondozo\n|-damage|p1b: Dondozo|0 fnt\n|-heal|p2a: Mothra|62/100 psn|[from] drain|[of] p1b: Dondozo\n|faint|p1b: Dondozo\n|move|p2b: Ogerpon|Horn Leech|p1a: Tatsugiri\n|-damage|p1a: Tatsugiri|25/100\n|-heal|p2b: Ogerpon|48/100|[from] drain|[of] p1a: Tatsugiri\n|\n|-damage|p2a: Mothra|50/100 psn|[from] psn\n|upkeep\n|\n|t:|1772142307\n|switch|p1b: Calyrex|Calyrex-Shadow, L50|100/100\n|-ability|p1b: Calyrex|As One\n|-ability|p1b: Calyrex|Unnerve\n|turn|6\n|inactive|Zorse Mentality has 30 seconds left.\n|inactive|Zorse Mentality has 20 seconds left.\n|inactive|Zorse Mentality has 15 seconds left.\n|inactive|Zorse Mentality has 10 seconds left.\n|inactive|Zorse Mentality has 5 seconds left.\n|\n|t:|1772142360\n|move|p2a: Mothra|Giga Drain|p1b: Calyrex\n|-damage|p1b: Calyrex|30/100\n|-heal|p2a: Mothra|85/100 psn|[from] drain|[of] p1b: Calyrex\n|move|p1b: Calyrex|Astral Barrage|p2b: Ogerpon|[spread] p2a,p2b\n|-damage|p2a: Mothra|57/100 psn\n|-damage|p2b: Ogerpon|0 fnt\n|faint|p2b: Ogerpon\n|-ability|p1b: Calyrex|Grim Neigh|boost\n|-boost|p1b: Calyrex|spa|1\n|move|p1a: Tatsugiri|Icy Wind|p2a: Mothra|[miss]\n|-miss|p1a: Tatsugiri|p2a: Mothra\n|\n|-damage|p2a: Mothra|45/100 psn|[from] psn\n|-fieldend|move: Electric Terrain\n|upkeep\n|\n|t:|1772142371\n|switch|p2b: Zeus|Miraidon, L50|76/100 psn\n|-fieldstart|move: Electric Terrain|[from] ability: Hadron Engine|[of] p2b: Zeus\n|turn|7\n|\n|t:|1772142388\n|move|p1b: Calyrex|Protect|p1b: Calyrex\n|-singleturn|p1b: Calyrex|Protect\n|move|p2a: Mothra|Giga Drain|p1a: Tatsugiri\n|-damage|p1a: Tatsugiri|0 fnt\n|-heal|p2a: Mothra|55/100 psn|[from] drain|[of] p1a: Tatsugiri\n|faint|p1a: Tatsugiri\n|move|p2b: Zeus|Electro Drift|p1b: Calyrex\n|-activate|p1b: Calyrex|move: Protect\n|\n|-damage|p2a: Mothra|43/100 psn|[from] psn\n|-damage|p2b: Zeus|64/100 psn|[from] psn\n|upkeep\n|\n|t:|1772142401\n|switch|p1a: Weezing|Weezing-Galar, L50, M, tera:Ground|91/100\n|-ability|p1a: Weezing|Neutralizing Gas\n|turn|8\n|\n|t:|1772142419\n|move|p1a: Weezing|Protect|p1a: Weezing\n|-singleturn|p1a: Weezing|Protect\n|move|p2a: Mothra|Giga Drain|p1a: Weezing\n|-activate|p1a: Weezing|move: Protect\n|move|p2b: Zeus|Electro Drift|p1b: Calyrex\n|-damage|p1b: Calyrex|0 fnt\n|faint|p1b: Calyrex\n|\n|-heal|p1a: Weezing|96/100|[from] item: Leftovers\n|-damage|p2a: Mothra|31/100 psn|[from] psn\n|-damage|p2b: Zeus|52/100 psn|[from] psn\n|upkeep\n|turn|9\n|-message|Zorse Mentality forfeited.\n|\n|win|luckstat10\n|raw|Zorse Mentality's rating: 1459 &rarr; <strong>1435</strong><br />(-24 for losing)\n|raw|luckstat10's rating: 1395 &rarr; <strong>1419</strong><br />(+24 for winning)\n|l|\u2606Zorse Mentality\n|player|p1|\n|c|\u2606luckstat10|gg\n|l|\u2606luckstat10\n|player|p2|\n","uploadtime":1772142581,"views":10,"formatid":"gen9vgc2026regi","rating":1419,"private":0,"password":null}