{"id":"gen9vgc2026regi-2559503566","format":"[Gen 9] VGC 2026 Reg I","players":["araf zaman","navinsachump"],"log":"|j|\u2606araf zaman\n|j|\u2606navinsachump\n|t:|1773578782\n|gametype|doubles\n|player|p1|araf zaman|169|1444\n|player|p2|navinsachump|2|1601\n|gen|9\n|tier|[Gen 9] VGC 2026 Reg I\n|rated|\n|rule|Species Clause: Limit one of each Pok\u00e9mon\n|rule|Item Clause: Limit 1 of each item\n|clearpoke\n|poke|p1|Rillaboom, L50, F|\n|poke|p1|Terapagos, L50, M|\n|poke|p1|Calyrex-Shadow, L50|\n|poke|p1|Incineroar, L50, F|\n|poke|p1|Ogerpon-Cornerstone, L50, F|\n|poke|p1|Flutter Mane, L50|\n|poke|p2|Calyrex-Ice, L50|\n|poke|p2|Miraidon, L50|\n|poke|p2|Incineroar, L50, M|\n|poke|p2|Landorus, L50, M|\n|poke|p2|Whimsicott, L50, M|\n|poke|p2|Urshifu-*, L50, M|\n|teampreview|4\n|inactive|Battle timer is ON: inactive players will automatically lose when time's up. (requested by navinsachump)\n|\n|t:|1773578804\n|teamsize|p1|4\n|teamsize|p2|4\n|start\n|switch|p1a: Calyrex|Calyrex-Shadow, L50|100/100\n|switch|p1b: Rillaboom|Rillaboom, L50, F|100/100\n|switch|p2a: Calyrex|Calyrex-Ice, L50|100/100\n|switch|p2b: Miraidon|Miraidon, L50|100/100\n|-ability|p1a: Calyrex|As One\n|-ability|p1a: Calyrex|Unnerve\n|-ability|p2a: Calyrex|As One\n|-ability|p2a: Calyrex|Unnerve\n|-fieldstart|move: Electric Terrain|[from] ability: Hadron Engine|[of] p2b: Miraidon\n|-fieldstart|move: Grassy Terrain|[from] ability: Grassy Surge|[of] p1b: Rillaboom\n|turn|1\n|\n|t:|1773578818\n|-terastallize|p2a: Calyrex|Normal\n|move|p1b: Rillaboom|Fake Out|p2a: Calyrex\n|-damage|p2a: Calyrex|92/100\n|move|p1a: Calyrex|Astral Barrage|p2a: Calyrex|[spread] p2b\n|-immune|p2a: Calyrex\n|-damage|p2b: Miraidon|67/100\n|move|p2b: Miraidon|Volt Switch|p1a: Calyrex\n|-damage|p1a: Calyrex|61/100\n|\n|t:|1773578827\n|switch|p2b: Incineroar|Incineroar, L50, M|100/100|[from] Volt Switch\n|-ability|p2b: Incineroar|Intimidate|boost\n|-unboost|p1a: Calyrex|atk|1\n|-unboost|p1b: Rillaboom|atk|1\n|cant|p2a: Calyrex|flinch\n|\n|-heal|p1a: Calyrex|67/100|[from] Grassy Terrain\n|-heal|p2a: Calyrex|98/100|[from] Grassy Terrain\n|upkeep\n|turn|2\n|\n|t:|1773578837\n|switch|p1b: Incineroar|Incineroar, L50, F|100/100\n|-ability|p1b: Incineroar|Intimidate|boost\n|-fail|p2a: Calyrex|unboost|[from] item: Clear Amulet|[of] p2a: Calyrex\n|-unboost|p2b: Incineroar|atk|1\n|move|p1a: Calyrex|Will-O-Wisp|p2a: Calyrex\n|-status|p2a: Calyrex|brn\n|move|p2b: Incineroar|Parting Shot|p1a: Calyrex\n|-unboost|p1a: Calyrex|atk|1\n|-unboost|p1a: Calyrex|spa|1\n|\n|t:|1773578844\n|switch|p2b: Urshifu|Urshifu-Rapid-Strike, L50, M|100/100|[from] Parting Shot\n|move|p2a: Calyrex|Trick Room|p2a: Calyrex\n|-fieldstart|move: Trick Room|[of] p2a: Calyrex\n|\n|-heal|p2a: Calyrex|100/100 brn|[from] Grassy Terrain\n|-heal|p1a: Calyrex|73/100|[from] Grassy Terrain\n|-damage|p2a: Calyrex|95/100 brn|[from] brn\n|upkeep\n|turn|3\n|\n|t:|1773578863\n|move|p2b: Urshifu|Detect|p2b: Urshifu\n|-singleturn|p2b: Urshifu|Protect\n|move|p1b: Incineroar|Fake Out|p2b: Urshifu\n|-activate|p2b: Urshifu|move: Protect\n|move|p2a: Calyrex|Glacial Lance|p1a: Calyrex|[spread] p1a,p1b\n|-resisted|p1b: Incineroar\n|-crit|p1b: Incineroar\n|-damage|p1a: Calyrex|37/100\n|-damage|p1b: Incineroar|84/100\n|move|p1a: Calyrex|Astral Barrage|p2b: Urshifu|[spread] \n|-activate|p2b: Urshifu|move: Protect\n|-immune|p2a: Calyrex\n|\n|-heal|p2a: Calyrex|100/100 brn|[from] Grassy Terrain\n|-heal|p1b: Incineroar|90/100|[from] Grassy Terrain\n|-heal|p1a: Calyrex|44/100|[from] Grassy Terrain\n|-damage|p2a: Calyrex|95/100 brn|[from] brn\n|upkeep\n|turn|4\n|j| ashtonauts\n|\n|t:|1773578884\n|switch|p1a: Terapagos|Terapagos, L50, M|100/100\n|-activate|p1a: Terapagos|ability: Tera Shift\n|detailschange|p1a: Terapagos|Terapagos-Terastal, L50, M\n|-heal|p1a: Terapagos|100/100|[silent]\n|move|p2a: Calyrex|Glacial Lance|p1a: Terapagos|[spread] p1a,p1b\n|-activate|p1a: Terapagos|ability: Tera Shell\n|-resisted|p1a: Terapagos\n|-resisted|p1b: Incineroar\n|-damage|p1a: Terapagos|90/100\n|-damage|p1b: Incineroar|79/100\n|move|p1b: Incineroar|Parting Shot|p2b: Urshifu\n|-unboost|p2b: Urshifu|atk|1\n|-unboost|p2b: Urshifu|spa|1\n|\n|t:|1773578898\n|switch|p1b: Rillaboom|Rillaboom, L50, F|100/100|[from] Parting Shot\n|move|p2b: Urshifu|Surging Strikes|p1b: Rillaboom\n|-resisted|p1b: Rillaboom\n|-crit|p1b: Rillaboom\n|-damage|p1b: Rillaboom|87/100\n|-resisted|p1b: Rillaboom\n|-crit|p1b: Rillaboom\n|-damage|p1b: Rillaboom|76/100\n|-resisted|p1b: Rillaboom\n|-crit|p1b: Rillaboom\n|-damage|p1b: Rillaboom|65/100\n|-hitcount|p1b: Rillaboom|3\n|\n|-heal|p2a: Calyrex|100/100 brn|[from] Grassy Terrain\n|-heal|p1a: Terapagos|96/100|[from] Grassy Terrain\n|-heal|p1a: Terapagos|100/100|[from] item: Leftovers\n|-heal|p1b: Rillaboom|71/100|[from] Grassy Terrain\n|-damage|p2a: Calyrex|95/100 brn|[from] brn\n|upkeep\n|turn|5\n|\n|t:|1773578916\n|switch|p2b: Incineroar|Incineroar, L50, M|100/100\n|-ability|p2b: Incineroar|Intimidate|boost\n|-unboost|p1a: Terapagos|atk|1\n|-unboost|p1b: Rillaboom|atk|1\n|move|p2a: Calyrex|Protect|p2a: Calyrex\n|-singleturn|p2a: Calyrex|Protect\n|move|p1b: Rillaboom|Fake Out|p2a: Calyrex\n|-activate|p2a: Calyrex|move: Protect\n|move|p1a: Terapagos|Calm Mind|p1a: Terapagos\n|-boost|p1a: Terapagos|spa|1\n|-boost|p1a: Terapagos|spd|1\n|\n|-heal|p2a: Calyrex|100/100 brn|[from] Grassy Terrain\n|-heal|p1b: Rillaboom|76/100|[from] Grassy Terrain\n|-damage|p2a: Calyrex|95/100 brn|[from] brn\n|-fieldend|move: Grassy Terrain\n|upkeep\n|turn|6\n|\n|t:|1773578933\n|switch|p1b: Incineroar|Incineroar, L50, F|79/100\n|-ability|p1b: Incineroar|Intimidate|boost\n|-fail|p2a: Calyrex|unboost|[from] item: Clear Amulet|[of] p2a: Calyrex\n|-unboost|p2b: Incineroar|atk|1\n|move|p2a: Calyrex|Leech Seed|p1b: Incineroar\n|-start|p1b: Incineroar|move: Leech Seed\n|move|p2b: Incineroar|Parting Shot|p1b: Incineroar\n|-unboost|p1b: Incineroar|atk|1\n|-unboost|p1b: Incineroar|spa|1\n|\n|t:|1773578941\n|switch|p2b: Miraidon|Miraidon, L50|67/100|[from] Parting Shot\n|-fieldstart|move: Electric Terrain|[from] ability: Hadron Engine|[of] p2b: Miraidon\n|move|p1a: Terapagos|Calm Mind|p1a: Terapagos\n|-boost|p1a: Terapagos|spa|1\n|-boost|p1a: Terapagos|spd|1\n|\n|-damage|p1b: Incineroar|66/100|[from] Leech Seed|[of] p2a: Calyrex\n|-heal|p2a: Calyrex|100/100 brn|[silent]\n|-damage|p2a: Calyrex|95/100 brn|[from] brn\n|-fieldend|move: Trick Room\n|upkeep\n|turn|7\n|inactive|navinsachump has 30 seconds left.\n|\n|t:|1773578971\n|switch|p2b: Incineroar|Incineroar, L50, M|100/100\n|-ability|p2b: Incineroar|Intimidate|boost\n|-unboost|p1a: Terapagos|atk|1\n|-unboost|p1b: Incineroar|atk|1\n|-terastallize|p1a: Terapagos|Stellar\n|detailschange|p1a: Terapagos|Terapagos-Stellar, L50, M, tera:Stellar\n|-heal|p1a: Terapagos|100/100|[silent]\n|-ability|p1a: Terapagos|Teraform Zero\n|-fieldend|move: Electric Terrain\n|move|p2a: Calyrex|Protect|p2a: Calyrex\n|-singleturn|p2a: Calyrex|Protect\n|move|p1b: Incineroar|Fake Out|p2a: Calyrex\n|-activate|p2a: Calyrex|move: Protect\n|move|p1a: Terapagos|Tera Starstorm|p2b: Incineroar|[spread] p2b\n|-activate|p2a: Calyrex|move: Protect\n|-damage|p2b: Incineroar|41/100\n|\n|-damage|p1b: Incineroar|54/100|[from] Leech Seed|[of] p2a: Calyrex\n|-heal|p2a: Calyrex|100/100 brn|[silent]\n|-damage|p2a: Calyrex|95/100 brn|[from] brn\n|upkeep\n|turn|8\n|\n|t:|1773578987\n|move|p2b: Incineroar|Fake Out|p1a: Terapagos\n|-damage|p1a: Terapagos|95/100\n|cant|p1a: Terapagos|flinch\n|move|p1b: Incineroar|Knock Off|p2a: Calyrex\n|-damage|p2a: Calyrex|82/100 brn\n|-enditem|p2a: Calyrex|Clear Amulet|[from] move: Knock Off|[of] p1b: Incineroar\n|move|p2a: Calyrex|Trick Room|p2a: Calyrex\n|-fieldstart|move: Trick Room|[of] p2a: Calyrex\n|\n|-heal|p1a: Terapagos|100/100|[from] item: Leftovers\n|-damage|p1b: Incineroar|42/100|[from] Leech Seed|[of] p2a: Calyrex\n|-heal|p2a: Calyrex|94/100 brn|[silent]\n|-damage|p2a: Calyrex|88/100 brn|[from] brn\n|upkeep\n|turn|9\n|inactive|navinsachump has 30 seconds left.\n|inactive|navinsachump has 20 seconds left.\n|\n|t:|1773579022\n|move|p2a: Calyrex|Leech Seed|p1a: Terapagos\n|-start|p1a: Terapagos|move: Leech Seed\n|move|p1b: Incineroar|Taunt|p2b: Incineroar\n|-start|p2b: Incineroar|move: Taunt\n|move|p2b: Incineroar|Knock Off|p1a: Terapagos\n|-damage|p1a: Terapagos|78/100\n|-enditem|p1a: Terapagos|Leftovers|[from] move: Knock Off|[of] p2b: Incineroar\n|move|p1a: Terapagos|Tera Starstorm|p2a: Calyrex|[spread] p2a,p2b\n|-supereffective|p2a: Calyrex\n|-damage|p2a: Calyrex|0 fnt\n|-damage|p2b: Incineroar|0 fnt\n|faint|p2a: Calyrex\n|faint|p2b: Incineroar\n|\n|upkeep\n|\n|t:|1773579032\n|switch|p2a: Miraidon|Miraidon, L50|67/100\n|switch|p2b: Urshifu|Urshifu-Rapid-Strike, L50, M|100/100\n|-fieldstart|move: Electric Terrain|[from] ability: Hadron Engine|[of] p2a: Miraidon\n|turn|10\n|\n|t:|1773579046\n|move|p1b: Incineroar|Knock Off|p2a: Miraidon\n|-damage|p2a: Miraidon|50/100\n|-enditem|p2a: Miraidon|Assault Vest|[from] move: Knock Off|[of] p1b: Incineroar\n|move|p1a: Terapagos|Tera Starstorm|p2a: Miraidon|[spread] p2a,p2b\n|-damage|p2a: Miraidon|0 fnt\n|-damage|p2b: Urshifu|9/100\n|faint|p2a: Miraidon\n|move|p2b: Urshifu|Surging Strikes|p1a: Terapagos\n|-crit|p1a: Terapagos\n|-damage|p1a: Terapagos|65/100\n|-crit|p1a: Terapagos\n|-damage|p1a: Terapagos|50/100\n|-crit|p1a: Terapagos\n|-damage|p1a: Terapagos|35/100\n|-hitcount|p1a: Terapagos|3\n|\n|upkeep\n|turn|11\n|-message|navinsachump forfeited.\n|\n|win|araf zaman\n|raw|araf zaman's rating: 1444 &rarr; <strong>1472</strong><br />(+28 for winning)\n|raw|navinsachump's rating: 1601 &rarr; <strong>1573</strong><br />(-28 for losing)\n|l|\u2606navinsachump\n|player|p2|\n|c|\u2606araf zaman|Gg\n|l| ashtonauts\n","uploadtime":1773579064,"views":29,"formatid":"gen9vgc2026regi","rating":1472,"private":0,"password":null}