{"id":"gen9vgc2026regi-2580807454","format":"[Gen 9] VGC 2026 Reg I","players":["lil lasagne","JoeBro8"],"log":"|j|\u2606lil lasagne\n|j|\u2606JoeBro8\n|t:|1775934086\n|gametype|doubles\n|player|p1|lil lasagne|265|1439\n|player|p2|JoeBro8|n|1437\n|gen|9\n|tier|[Gen 9] VGC 2026 Reg I\n|rated|\n|rule|Species Clause: Limit one of each Pok\u00e9mon\n|rule|Item Clause: Limit 1 of each item\n|clearpoke\n|poke|p1|Tsareena, L50, F|\n|poke|p1|Kyogre, L50|\n|poke|p1|Amoonguss, L50, F|\n|poke|p1|Landorus, L50, M|\n|poke|p1|Calyrex-Ice, L50|\n|poke|p1|Rillaboom, L50, F|\n|poke|p2|Terapagos, L50, M|\n|poke|p2|Rillaboom, L50, M|\n|poke|p2|Incineroar, L50, M|\n|poke|p2|Ogerpon-Cornerstone, L50, F|\n|poke|p2|Calyrex-Shadow, L50|\n|poke|p2|Flutter Mane, L50|\n|teampreview|4\n|inactive|Battle timer is ON: inactive players will automatically lose when time's up. (requested by lil lasagne)\n|inactive|lil lasagne has 60 seconds left.\n|\n|t:|1775934129\n|teamsize|p1|4\n|teamsize|p2|4\n|start\n|switch|p1a: Tsareena|Tsareena, L50, F|100/100\n|switch|p1b: Calyrex|Calyrex-Ice, L50|100/100\n|switch|p2a: Terapagos|Terapagos, L50, M|100/100\n|switch|p2b: Incineroar|Incineroar, L50, M|100/100\n|-activate|p2a: Terapagos|ability: Tera Shift\n|detailschange|p2a: Terapagos|Terapagos-Terastal, L50, M\n|-heal|p2a: Terapagos|100/100|[silent]\n|-ability|p1b: Calyrex|As One\n|-ability|p1b: Calyrex|Unnerve\n|-ability|p2b: Incineroar|Intimidate|boost\n|-unboost|p1a: Tsareena|atk|1\n|-fail|p1b: Calyrex|unboost|[from] item: Clear Amulet|[of] p1b: Calyrex\n|turn|1\n|\n|t:|1775934148\n|move|p1a: Tsareena|Knock Off|p2a: Terapagos\n|-activate|p2a: Terapagos|ability: Tera Shell\n|-resisted|p2a: Terapagos\n|-damage|p2a: Terapagos|92/100\n|-enditem|p2a: Terapagos|Leftovers|[from] move: Knock Off|[of] p1a: Tsareena\n|move|p2a: Terapagos|Calm Mind|p2a: Terapagos\n|-boost|p2a: Terapagos|spa|1\n|-boost|p2a: Terapagos|spd|1\n|move|p2b: Incineroar|Will-O-Wisp|p1b: Calyrex\n|-status|p1b: Calyrex|brn\n|move|p1b: Calyrex|Trick Room|p1b: Calyrex\n|-fieldstart|move: Trick Room|[of] p1b: Calyrex\n|\n|-damage|p1b: Calyrex|95/100 brn|[from] brn\n|upkeep\n|turn|2\n|\n|t:|1775934172\n|move|p1b: Calyrex|Glacial Lance|p2b: Incineroar|[spread] p2a,p2b\n|-resisted|p2b: Incineroar\n|-damage|p2a: Terapagos|70/100\n|-damage|p2b: Incineroar|88/100\n|move|p2b: Incineroar|Will-O-Wisp|p1a: Tsareena\n|-status|p1a: Tsareena|brn\n|move|p2a: Terapagos|Calm Mind|p2a: Terapagos\n|-boost|p2a: Terapagos|spa|1\n|-boost|p2a: Terapagos|spd|1\n|move|p1a: Tsareena|High Jump Kick|p2a: Terapagos\n|-supereffective|p2a: Terapagos\n|-damage|p2a: Terapagos|48/100\n|\n|-damage|p1b: Calyrex|89/100 brn|[from] brn\n|-damage|p1a: Tsareena|94/100 brn|[from] brn\n|upkeep\n|turn|3\n|\n|t:|1775934191\n|move|p2a: Terapagos|Protect|p2a: Terapagos\n|-singleturn|p2a: Terapagos|Protect\n|move|p1b: Calyrex|Glacial Lance|p2a: Terapagos|[spread] p2b\n|-activate|p2a: Terapagos|move: Protect\n|-resisted|p2b: Incineroar\n|-damage|p2b: Incineroar|75/100\n|move|p2b: Incineroar|Knock Off|p1b: Calyrex\n|-supereffective|p1b: Calyrex\n|-damage|p1b: Calyrex|45/100 brn\n|-enditem|p1b: Calyrex|Clear Amulet|[from] move: Knock Off|[of] p2b: Incineroar\n|move|p1a: Tsareena|High Jump Kick|p2b: Incineroar\n|-supereffective|p2b: Incineroar\n|-damage|p2b: Incineroar|50/100\n|-damage|p1a: Tsareena|78/100 brn|[from] item: Rocky Helmet|[of] p2b: Incineroar\n|\n|-damage|p1b: Calyrex|40/100 brn|[from] brn\n|-damage|p1a: Tsareena|72/100 brn|[from] brn\n|upkeep\n|turn|4\n|\n|t:|1775934215\n|move|p1b: Calyrex|Glacial Lance|p2b: Incineroar|[spread] p2a,p2b\n|-resisted|p2b: Incineroar\n|-damage|p2a: Terapagos|26/100\n|-damage|p2b: Incineroar|38/100\n|move|p2b: Incineroar|Parting Shot|p1a: Tsareena\n|-unboost|p1a: Tsareena|atk|1\n|-unboost|p1a: Tsareena|spa|1\n|\n|t:|1775934217\n|switch|p2b: Ogerpon|Ogerpon-Cornerstone, L50, F|100/100|[from] Parting Shot\n|move|p2a: Terapagos|Tera Starstorm|p1b: Calyrex\n|-crit|p1b: Calyrex\n|-damage|p1b: Calyrex|0 fnt\n|faint|p1b: Calyrex\n|move|p1a: Tsareena|High Jump Kick|p2a: Terapagos\n|-supereffective|p2a: Terapagos\n|-damage|p2a: Terapagos|9/100\n|\n|-damage|p1a: Tsareena|66/100 brn|[from] brn\n|upkeep\n|\n|t:|1775934234\n|switch|p1b: Landorus|Landorus, L50, M|100/100\n|turn|5\n|\n|t:|1775934246\n|switch|p1a: Kyogre|Kyogre, L50|100/100\n|-weather|RainDance|[from] ability: Drizzle|[of] p1a: Kyogre\n|-terastallize|p2a: Terapagos|Stellar\n|detailschange|p2a: Terapagos|Terapagos-Stellar, L50, M, tera:Stellar\n|-heal|p2a: Terapagos|32/100|[silent]\n|-ability|p2a: Terapagos|Teraform Zero\n|-weather|none\n|move|p2b: Ogerpon|Follow Me|p2b: Ogerpon\n|-singleturn|p2b: Ogerpon|move: Follow Me\n|move|p2a: Terapagos|Tera Starstorm|p1b: Landorus|[spread] p1a,p1b\n|-damage|p1a: Kyogre|53/100\n|-damage|p1b: Landorus|23/100\n|move|p1b: Landorus|Sandsear Storm|p2a: Terapagos|[spread] p2a,p2b\n|-damage|p2a: Terapagos|10/100\n|-damage|p2b: Ogerpon|18/100\n|\n|-fieldend|move: Trick Room\n|upkeep\n|turn|6\n|\n|t:|1775934269\n|move|p2a: Terapagos|Protect|p2a: Terapagos\n|-singleturn|p2a: Terapagos|Protect\n|move|p2b: Ogerpon|Horn Leech|p1a: Kyogre\n|-supereffective|p1a: Kyogre\n|-damage|p1a: Kyogre|0 fnt\n|-heal|p2b: Ogerpon|53/100|[from] drain|[of] p1a: Kyogre\n|faint|p1a: Kyogre\n|move|p1b: Landorus|Sandsear Storm|p2a: Terapagos|[spread] p2b\n|-activate|p2a: Terapagos|move: Protect\n|-damage|p2b: Ogerpon|0 fnt\n|faint|p2b: Ogerpon\n|\n|upkeep\n|\n|t:|1775934283\n|switch|p2b: Calyrex|Calyrex-Shadow, L50|100/100\n|switch|p1a: Tsareena|Tsareena, L50, F|66/100 brn\n|-ability|p2b: Calyrex|As One\n|-ability|p2b: Calyrex|Unnerve\n|turn|7\n|\n|t:|1775934294\n|move|p2b: Calyrex|Astral Barrage|p1a: Tsareena|[spread] p1a,p1b\n|-damage|p1a: Tsareena|0 fnt\n|-damage|p1b: Landorus|0 fnt\n|faint|p1a: Tsareena\n|faint|p1b: Landorus\n|\n|win|JoeBro8\n|raw|lil lasagne's rating: 1439 &rarr; <strong>1419</strong><br />(-20 for losing)\n|raw|JoeBro8's rating: 1437 &rarr; <strong>1457</strong><br />(+20 for winning)\n|l|\u2606JoeBro8\n|player|p2|\n|l|\u2606lil lasagne\n|player|p1|\n","uploadtime":1775934542,"views":12,"formatid":"gen9vgc2026regi","rating":1419,"private":0,"password":null}