{"id":"gen9vgc2026regi-2573645218","format":"[Gen 9] VGC 2026 Reg I","players":["Snowsquall brute","dkelly1126"],"log":"|j|\u2606Snowsquall brute\n|j|\u2606dkelly1126\n|t:|1775153371\n|gametype|doubles\n|player|p1|Snowsquall brute|veteran|1425\n|player|p2|dkelly1126|1|1483\n|gen|9\n|tier|[Gen 9] VGC 2026 Reg I\n|rated|\n|rule|Species Clause: Limit one of each Pok\u00e9mon\n|rule|Item Clause: Limit 1 of each item\n|clearpoke\n|poke|p1|Miraidon, L50|\n|poke|p1|Landorus-Therian, L50, M|\n|poke|p1|Iron Crown, L50|\n|poke|p1|Urshifu-*, L50, M|\n|poke|p2|Miraidon, L50|\n|poke|p2|Zamazenta-*, L50|\n|poke|p2|Grimmsnarl, L50, M|\n|poke|p2|Chien-Pao, L50|\n|poke|p2|Volcarona, L50, M|\n|poke|p2|Iron Hands, L50|\n|teampreview|4\n|\n|t:|1775153402\n|teamsize|p1|4\n|teamsize|p2|4\n|start\n|switch|p1a: Miraidon|Miraidon, L50|100/100\n|switch|p1b: Landorus|Landorus-Therian, L50, M|100/100\n|switch|p2a: Iron Hands|Iron Hands, L50|100/100\n|switch|p2b: Miraidon|Miraidon, L50|100/100\n|-fieldstart|move: Electric Terrain|[from] ability: Hadron Engine|[of] p2b: Miraidon\n|-enditem|p1a: Miraidon|Electric Seed\n|-boost|p1a: Miraidon|def|1|[from] item: Electric Seed\n|-activate|p2a: Iron Hands|ability: Quark Drive\n|-start|p2a: Iron Hands|quarkdriveatk\n|-activate|p1a: Miraidon|ability: Hadron Engine\n|-ability|p1b: Landorus|Intimidate|boost\n|-unboost|p2a: Iron Hands|atk|1\n|-unboost|p2b: Miraidon|atk|1\n|turn|1\n|\n|t:|1775153422\n|-terastallize|p2b: Miraidon|Fairy\n|move|p1a: Miraidon|Protect|p1a: Miraidon\n|-singleturn|p1a: Miraidon|Protect\n|move|p2a: Iron Hands|Fake Out|p1a: Miraidon\n|-activate|p1a: Miraidon|move: Protect\n|move|p2b: Miraidon|Dazzling Gleam|p1b: Landorus|[spread] p1b\n|-activate|p1a: Miraidon|move: Protect\n|-damage|p1b: Landorus|63/100\n|move|p1b: Landorus|Earthquake|p2a: Iron Hands|[spread] p2a,p2b\n|-activate|p1a: Miraidon|move: Protect\n|-supereffective|p2a: Iron Hands\n|-damage|p2a: Iron Hands|45/100\n|-damage|p2b: Miraidon|54/100\n|\n|upkeep\n|turn|2\n|\n|t:|1775153450\n|-terastallize|p1a: Miraidon|Electric\n|move|p2b: Miraidon|Dazzling Gleam|p1a: Miraidon|[spread] p1a,p1b\n|-damage|p1a: Miraidon|60/100\n|-damage|p1b: Landorus|19/100\n|move|p1a: Miraidon|Parabolic Charge|p2a: Iron Hands|[spread] p2a,p2b\n|-immune|p1b: Landorus\n|-resisted|p2a: Iron Hands\n|-damage|p2a: Iron Hands|31/100\n|-heal|p1a: Miraidon|68/100|[from] drain|[of] p2a: Iron Hands\n|-damage|p2b: Miraidon|8/100\n|-heal|p1a: Miraidon|88/100|[from] drain|[of] p2b: Miraidon\n|move|p1b: Landorus|Stomping Tantrum|p2b: Miraidon\n|-damage|p2b: Miraidon|0 fnt\n|faint|p2b: Miraidon\n|move|p2a: Iron Hands|Wild Charge|p1a: Miraidon\n|-resisted|p1a: Miraidon\n|-damage|p1a: Miraidon|73/100\n|-damage|p2a: Iron Hands|27/100|[from] Recoil\n|\n|upkeep\n|\n|t:|1775153476\n|switch|p2b: Zamazenta|Zamazenta-Crowned, L50|100/100\n|-ability|p2b: Zamazenta|Dauntless Shield|boost\n|-boost|p2b: Zamazenta|def|1\n|turn|3\n|\n|t:|1775153482\n|move|p1a: Miraidon|Protect|p1a: Miraidon\n|-singleturn|p1a: Miraidon|Protect\n|move|p2b: Zamazenta|Body Press|p1a: Miraidon\n|-activate|p1a: Miraidon|move: Protect\n|move|p1b: Landorus|Earthquake|p2a: Iron Hands|[spread] p2a,p2b\n|-activate|p1a: Miraidon|move: Protect\n|-supereffective|p2a: Iron Hands\n|-supereffective|p2b: Zamazenta\n|-damage|p2a: Iron Hands|0 fnt\n|-damage|p2b: Zamazenta|70/100\n|faint|p2a: Iron Hands\n|-end|p2a: Iron Hands|Quark Drive|[silent]\n|\n|upkeep\n|\n|t:|1775153491\n|switch|p2a: Chien-Pao|Chien-Pao, L50|100/100\n|-ability|p2a: Chien-Pao|Sword of Ruin\n|turn|4\n|\n|t:|1775153510\n|move|p2a: Chien-Pao|Sucker Punch|p1b: Landorus\n|-damage|p1b: Landorus|0 fnt\n|faint|p1b: Landorus\n|move|p1a: Miraidon|Parabolic Charge|p2b: Zamazenta|[spread] p2a,p2b\n|-damage|p2a: Chien-Pao|11/100\n|-heal|p1a: Miraidon|100/100|[from] drain|[of] p2a: Chien-Pao\n|-damage|p2b: Zamazenta|36/100\n|move|p2b: Zamazenta|Body Press|p1a: Miraidon\n|-damage|p1a: Miraidon|52/100\n|\n|upkeep\n|\n|t:|1775153514\n|switch|p1b: Iron Crown|Iron Crown, L50|100/100\n|-activate|p1b: Iron Crown|ability: Quark Drive\n|-start|p1b: Iron Crown|quarkdrivespe\n|turn|5\n|\n|t:|1775153532\n|move|p2a: Chien-Pao|Sucker Punch|p1a: Miraidon\n|-damage|p1a: Miraidon|27/100\n|move|p1b: Iron Crown|Tachyon Cutter|p2a: Chien-Pao\n|-supereffective|p2a: Chien-Pao\n|-damage|p2a: Chien-Pao|0 fnt\n|faint|p2a: Chien-Pao\n|-hitcount|p2: Chien-Pao|1\n|move|p1a: Miraidon|Parabolic Charge|p2b: Zamazenta|[spread] p1b,p2b\n|-damage|p1b: Iron Crown|61/100\n|-heal|p1a: Miraidon|46/100|[from] drain|[of] p1b: Iron Crown\n|-damage|p2b: Zamazenta|4/100\n|-heal|p1a: Miraidon|61/100|[from] drain|[of] p2b: Zamazenta\n|move|p2b: Zamazenta|Body Press|p1a: Miraidon\n|-damage|p1a: Miraidon|26/100\n|\n|-fieldend|move: Electric Terrain\n|-end|p1b: Iron Crown|Quark Drive\n|upkeep\n|turn|6\n|\n|t:|1775153541\n|move|p1a: Miraidon|Parabolic Charge|p2b: Zamazenta|[spread] p1b,p2b\n|-damage|p1b: Iron Crown|37/100\n|-heal|p1a: Miraidon|37/100|[from] drain|[of] p1b: Iron Crown\n|-damage|p2b: Zamazenta|0 fnt\n|-heal|p1a: Miraidon|39/100|[from] drain|[of] p2b: Zamazenta\n|faint|p2b: Zamazenta\n|\n|win|Snowsquall brute\n|raw|Snowsquall brute's rating: 1425 &rarr; <strong>1448</strong><br />(+23 for winning)\n|raw|dkelly1126's rating: 1483 &rarr; <strong>1460</strong><br />(-23 for losing)\n|l|\u2606dkelly1126\n|player|p2|\n|l|\u2606Snowsquall brute\n|player|p1|\n","uploadtime":1775153745,"views":14,"formatid":"gen9vgc2026regi","rating":1448,"private":0,"password":null}