{"id":"gen9vgc2026regi-2581970822","format":"[Gen 9] VGC 2026 Reg I","players":["TheBlackBelt","Markingdra"],"log":"|j|\u2606TheBlackBelt\n|j|\u2606Markingdra\n|t:|1776044389\n|gametype|doubles\n|player|p1|TheBlackBelt|gloria-league|1412\n|player|p2|Markingdra|unknown|1538\n|gen|9\n|tier|[Gen 9] VGC 2026 Reg I\n|rated|\n|rule|Species Clause: Limit one of each Pok\u00e9mon\n|rule|Item Clause: Limit 1 of each item\n|clearpoke\n|poke|p1|Ogerpon-Wellspring, L50, F|\n|poke|p1|Palkia, L50|\n|poke|p1|Whimsicott, L50, F|\n|poke|p1|Kyogre, L50|\n|poke|p1|Raichu, L50, M|\n|poke|p1|Farigiraf, L50, F|\n|poke|p2|Koraidon, L50|\n|poke|p2|Calyrex-Shadow, L50|\n|poke|p2|Incineroar, L50, M|\n|poke|p2|Brute Bonnet, L50|\n|poke|p2|Raging Bolt, L50|\n|poke|p2|Ogerpon-Cornerstone, L50, F|\n|teampreview|4\n|inactive|Battle timer is ON: inactive players will automatically lose when time's up. (requested by TheBlackBelt)\n|\n|t:|1776044410\n|teamsize|p1|4\n|teamsize|p2|4\n|start\n|switch|p1a: Cotton Fairy|Whimsicott, L50, F, shiny|100/100\n|switch|p1b: It's a Me|Farigiraf, L50, F|100/100\n|switch|p2a: Brute Bonnet|Brute Bonnet, L50, shiny|100/100\n|switch|p2b: Koraidon|Koraidon, L50, shiny|100/100\n|-weather|SunnyDay|[from] ability: Orichalcum Pulse|[of] p2b: Koraidon\n|-activate|p2a: Brute Bonnet|ability: Protosynthesis\n|-start|p2a: Brute Bonnet|protosynthesisdef\n|-activate|p2b: Koraidon|Orichalcum Pulse|[source]\n|turn|1\n|\n|t:|1776044424\n|-terastallize|p2b: Koraidon|Fire\n|move|p1b: It's a Me|Ally Switch|p1b: It's a Me\n|swap|p1b: It's a Me|0|[from] move: Ally Switch\n|move|p2b: Koraidon|Flame Charge|p1a: It's a Me\n|-damage|p1a: It's a Me|56/100\n|-boost|p2b: Koraidon|spe|1\n|move|p1b: Cotton Fairy|Moonblast|p2b: Koraidon\n|-resisted|p2b: Koraidon\n|-damage|p2b: Koraidon|89/100\n|move|p2a: Brute Bonnet|Spore|p1b: Cotton Fairy\n|-immune|p1b: Cotton Fairy\n|\n|-weather|SunnyDay|[upkeep]\n|upkeep\n|turn|2\n|inactive|Markingdra has 30 seconds left.\n|inactive|Markingdra has 20 seconds left.\n|\n|t:|1776044464\n|move|p1b: Cotton Fairy|Encore|p2b: Koraidon\n|-start|p2b: Koraidon|Encore\n|move|p2b: Koraidon|Flame Charge|p1b: Cotton Fairy\n|-supereffective|p1b: Cotton Fairy\n|-damage|p1b: Cotton Fairy|0 fnt\n|-boost|p2b: Koraidon|spe|1\n|faint|p1b: Cotton Fairy\n|move|p2a: Brute Bonnet|Spore|p1a: It's a Me\n|-status|p1a: It's a Me|slp|[from] move: Spore\n|cant|p1a: It's a Me|slp\n|\n|-weather|SunnyDay|[upkeep]\n|upkeep\n|\n|t:|1776044473\n|switch|p1b: Ballena|Kyogre, L50|100/100\n|-weather|RainDance|[from] ability: Drizzle|[of] p1b: Ballena\n|-end|p2a: Brute Bonnet|Protosynthesis\n|turn|3\n|\n|t:|1776044484\n|switch|p2b: Ogerpon|Ogerpon-Cornerstone, L50, F|100/100\n|-terastallize|p1b: Ballena|Water\n|move|p1b: Ballena|Water Spout|p2a: Brute Bonnet|[spread] p2a,p2b\n|-resisted|p2a: Brute Bonnet\n|-damage|p2a: Brute Bonnet|38/100\n|-ability|p2b: Ogerpon|Sturdy\n|-damage|p2b: Ogerpon|1/100\n|move|p2a: Brute Bonnet|Spore|p1b: Ballena\n|-status|p1b: Ballena|slp|[from] move: Spore\n|-curestatus|p1a: It's a Me|slp|[msg]\n|move|p1a: It's a Me|Hyper Voice|p2a: Brute Bonnet|[spread] p2a,p2b\n|-resisted|p2b: Ogerpon\n|-damage|p2a: Brute Bonnet|15/100\n|-damage|p2b: Ogerpon|0 fnt\n|faint|p2b: Ogerpon\n|-enditem|p1a: It's a Me|Throat Spray\n|-boost|p1a: It's a Me|spa|1|[from] item: Throat Spray\n|\n|-weather|RainDance|[upkeep]\n|upkeep\n|\n|t:|1776044492\n|switch|p2b: Koraidon|Koraidon, L50, shiny, tera:Fire|89/100\n|-weather|SunnyDay|[from] ability: Orichalcum Pulse|[of] p2b: Koraidon\n|-activate|p2a: Brute Bonnet|ability: Protosynthesis\n|-start|p2a: Brute Bonnet|protosynthesisdef\n|-activate|p2b: Koraidon|Orichalcum Pulse|[source]\n|turn|4\n|\n|t:|1776044510\n|cant|p1b: Ballena|slp\n|move|p2b: Koraidon|Flare Blitz|p1a: It's a Me\n|-damage|p1a: It's a Me|0 fnt\n|faint|p1a: It's a Me\n|-damage|p2b: Koraidon|67/100|[from] Recoil\n|move|p2a: Brute Bonnet|Seed Bomb|p1b: Ballena\n|-supereffective|p1b: Ballena\n|-damage|p1b: Ballena|17/100 slp\n|\n|-weather|SunnyDay|[upkeep]\n|upkeep\n|\n|t:|1776044518\n|switch|p1a: Mouse Mania|Raichu, L50, M|100/100\n|turn|5\n|\n|t:|1776044535\n|cant|p1b: Ballena|slp\n|move|p2b: Koraidon|Collision Course|p1b: Ballena\n|-damage|p1b: Ballena|0 fnt\n|faint|p1b: Ballena\n|move|p1a: Mouse Mania|Play Rough|p2a: Brute Bonnet|[miss]\n|-miss|p1a: Mouse Mania|p2a: Brute Bonnet\n|move|p2a: Brute Bonnet|Seed Bomb|p1a: Mouse Mania\n|-crit|p1a: Mouse Mania\n|-enditem|p1a: Mouse Mania|Focus Sash\n|-damage|p1a: Mouse Mania|1/100\n|\n|-weather|SunnyDay|[upkeep]\n|upkeep\n|turn|6\n|\n|t:|1776044549\n|move|p2a: Brute Bonnet|Sucker Punch|p1a: Mouse Mania\n|-damage|p1a: Mouse Mania|0 fnt\n|faint|p1a: Mouse Mania\n|\n|win|Markingdra\n|raw|TheBlackBelt's rating: 1412 &rarr; <strong>1399</strong><br />(-13 for losing)\n|raw|Markingdra's rating: 1538 &rarr; <strong>1551</strong><br />(+13 for winning)\n|l|\u2606TheBlackBelt\n|player|p1|\n|l|\u2606Markingdra\n|player|p2|\n","uploadtime":1776044717,"views":10,"formatid":"gen9vgc2026regi","rating":1399,"private":0,"password":null}