{"id":"gen9vgc2026regi-2551881773","format":"[Gen 9] VGC 2026 Reg I","players":["Pokemonst3r","Cello L."],"log":"|j|\u2606Pokemonst3r\n|j|\u2606Cello L.\n|t:|1772653150\n|gametype|doubles\n|player|p1|Pokemonst3r|266|1472\n|player|p2|Cello L.|psychic-gen4|1519\n|gen|9\n|tier|[Gen 9] VGC 2026 Reg I\n|rated|\n|rule|Species Clause: Limit one of each Pok\u00e9mon\n|rule|Item Clause: Limit 1 of each item\n|clearpoke\n|poke|p1|Chien-Pao, L50|\n|poke|p1|Calyrex-Shadow, L50|\n|poke|p1|Dondozo, L50, F|\n|poke|p1|Zamazenta-*, L50|\n|poke|p1|Dragonite, L50, F|\n|poke|p1|Tatsugiri, L50, F|\n|poke|p2|Calyrex-Shadow, L50|\n|poke|p2|Zamazenta-*, L50|\n|poke|p2|Raging Bolt, L50|\n|poke|p2|Rillaboom, L50, F|\n|poke|p2|Incineroar, L50, M|\n|poke|p2|Amoonguss, L50, F|\n|teampreview|4\n|inactive|Battle timer is ON: inactive players will automatically lose when time's up. (requested by Pokemonst3r)\n|inactive|Pokemonst3r has 60 seconds left.\n|inactive|Cello L. has 60 seconds left.\n|\n|t:|1772653204\n|teamsize|p1|4\n|teamsize|p2|4\n|start\n|switch|p1a: Dondozo|Dondozo, L50, F|100/100\n|switch|p1b: Calyrex|Calyrex-Shadow, L50|100/100\n|switch|p2a: Calyrex|Calyrex-Shadow, L50|100/100\n|switch|p2b: Zamazenta|Zamazenta-Crowned, L50|100/100\n|-ability|p1b: Calyrex|As One\n|-ability|p1b: Calyrex|Unnerve\n|-ability|p2a: Calyrex|As One\n|-ability|p2a: Calyrex|Unnerve\n|-ability|p2b: Zamazenta|Dauntless Shield|boost\n|-boost|p2b: Zamazenta|def|1\n|turn|1\n|\n|t:|1772653220\n|switch|p1b: Tatsugiri|Tatsugiri, L50, F|100/100\n|-activate|p1b: Tatsugiri|ability: Commander|[of] p1a: Dondozo\n|-boost|p1a: Dondozo|atk|2\n|-boost|p1a: Dondozo|spa|2\n|-boost|p1a: Dondozo|spe|2\n|-boost|p1a: Dondozo|def|2\n|-boost|p1a: Dondozo|spd|2\n|move|p2a: Calyrex|Protect|p2a: Calyrex\n|-singleturn|p2a: Calyrex|Protect\n|move|p2b: Zamazenta|Protect|p2b: Zamazenta\n|-singleturn|p2b: Zamazenta|Protect\n|move|p1a: Dondozo|Earthquake|p2a: Calyrex|[spread] \n|-miss|p1a: Dondozo|p1b: Tatsugiri\n|-activate|p2a: Calyrex|move: Protect\n|-activate|p2b: Zamazenta|move: Protect\n|\n|upkeep\n|turn|2\n|\n|t:|1772653245\n|switch|p2a: Amoonguss|Amoonguss, L50, F|100/100\n|move|p2b: Zamazenta|Body Press|p1a: Dondozo\n|-damage|p1a: Dondozo|85/100\n|move|p1a: Dondozo|Order Up|p2a: Amoonguss\n|-damage|p2a: Amoonguss|62/100\n|-boost|p1a: Dondozo|atk|1\n|\n|-heal|p1a: Dondozo|92/100|[from] item: Leftovers\n|upkeep\n|turn|3\n|\n|t:|1772653270\n|move|p2a: Amoonguss|Protect|p2a: Amoonguss\n|-singleturn|p2a: Amoonguss|Protect\n|move|p2b: Zamazenta|Body Press|p1a: Dondozo\n|-damage|p1a: Dondozo|77/100\n|move|p1a: Dondozo|Substitute|p1a: Dondozo\n|-start|p1a: Dondozo|Substitute\n|-damage|p1a: Dondozo|52/100\n|\n|-heal|p1a: Dondozo|58/100|[from] item: Leftovers\n|upkeep\n|turn|4\n|\n|t:|1772653288\n|move|p2b: Zamazenta|Body Press|p1a: Dondozo\n|-activate|p1a: Dondozo|move: Substitute|[damage]\n|move|p1a: Dondozo|Order Up|p2a: Amoonguss\n|-damage|p2a: Amoonguss|17/100\n|-boost|p1a: Dondozo|atk|1\n|move|p2a: Amoonguss|Sludge Bomb|p1a: Dondozo\n|-end|p1a: Dondozo|Substitute\n|\n|-heal|p1a: Dondozo|65/100|[from] item: Leftovers\n|upkeep\n|turn|5\n|\n|t:|1772653306\n|move|p1a: Dondozo|Protect|p1a: Dondozo\n|-singleturn|p1a: Dondozo|Protect\n|move|p2b: Zamazenta|Body Press|p1a: Dondozo\n|-activate|p1a: Dondozo|move: Protect\n|move|p2a: Amoonguss|Sludge Bomb|p1a: Dondozo\n|-activate|p1a: Dondozo|move: Protect\n|\n|-heal|p1a: Dondozo|71/100|[from] item: Leftovers\n|upkeep\n|turn|6\n|inactive|Cello L. has 30 seconds left.\n|\n|t:|1772653337\n|move|p2b: Zamazenta|Body Press|p1a: Dondozo\n|-damage|p1a: Dondozo|54/100\n|move|p1a: Dondozo|Order Up|p2a: Amoonguss\n|-damage|p2a: Amoonguss|0 fnt\n|faint|p2a: Amoonguss\n|-boost|p1a: Dondozo|atk|1\n|\n|-heal|p1a: Dondozo|61/100|[from] item: Leftovers\n|upkeep\n|\n|t:|1772653345\n|switch|p2a: Calyrex|Calyrex-Shadow, L50|100/100\n|-ability|p2a: Calyrex|As One\n|-ability|p2a: Calyrex|Unnerve\n|turn|7\n|\n|t:|1772653363\n|move|p2a: Calyrex|Protect|p2a: Calyrex\n|-singleturn|p2a: Calyrex|Protect\n|move|p2b: Zamazenta|Body Press|p1a: Dondozo\n|-crit|p1a: Dondozo\n|-damage|p1a: Dondozo|15/100\n|move|p1a: Dondozo|Earthquake|p2b: Zamazenta|[spread] p2b\n|-miss|p1a: Dondozo|p1b: Tatsugiri\n|-activate|p2a: Calyrex|move: Protect\n|-supereffective|p2b: Zamazenta\n|-damage|p2b: Zamazenta|11/100\n|\n|-heal|p1a: Dondozo|21/100|[from] item: Leftovers\n|upkeep\n|turn|8\n|\n|t:|1772653386\n|move|p1a: Dondozo|Protect|p1a: Dondozo\n|-singleturn|p1a: Dondozo|Protect\n|move|p2a: Calyrex|Nasty Plot|p2a: Calyrex\n|-boost|p2a: Calyrex|spa|2\n|move|p2b: Zamazenta|Body Press|p1a: Dondozo\n|-activate|p1a: Dondozo|move: Protect\n|\n|-heal|p1a: Dondozo|27/100|[from] item: Leftovers\n|upkeep\n|turn|9\n|\n|t:|1772653396\n|move|p2a: Calyrex|Astral Barrage|p1b: Tatsugiri|[spread] p1a\n|-miss|p2a: Calyrex|p1b: Tatsugiri\n|-crit|p1a: Dondozo\n|-damage|p1a: Dondozo|0 fnt\n|faint|p1a: Dondozo\n|-ability|p2a: Calyrex|Grim Neigh|boost\n|-boost|p2a: Calyrex|spa|1\n|-damage|p2a: Calyrex|91/100|[from] item: Life Orb\n|move|p2b: Zamazenta|Body Press|p1b: Tatsugiri\n|-damage|p1b: Tatsugiri|0 fnt\n|faint|p1b: Tatsugiri\n|\n|upkeep\n|\n|t:|1772653409\n|switch|p1b: Calyrex|Calyrex-Shadow, L50|100/100\n|switch|p1a: Zamazenta|Zamazenta-Crowned, L50|100/100\n|-ability|p1b: Calyrex|As One\n|-ability|p1b: Calyrex|Unnerve\n|-ability|p1a: Zamazenta|Dauntless Shield|boost\n|-boost|p1a: Zamazenta|def|1\n|turn|10\n|\n|t:|1772653431\n|move|p2a: Calyrex|Protect|p2a: Calyrex\n|-singleturn|p2a: Calyrex|Protect\n|move|p2b: Zamazenta|Protect|p2b: Zamazenta\n|-singleturn|p2b: Zamazenta|Protect\n|move|p1a: Zamazenta|Wide Guard|p1a: Zamazenta\n|-singleturn|p1a: Zamazenta|Wide Guard\n|move|p1b: Calyrex|Shadow Ball|p2b: Zamazenta\n|-activate|p2b: Zamazenta|move: Protect\n|\n|upkeep\n|turn|11\n|inactive|Cello L. has 30 seconds left.\n|\n|t:|1772653466\n|-terastallize|p2a: Calyrex|Dark\n|move|p1a: Zamazenta|Wide Guard|p1a: Zamazenta\n|-singleturn|p1a: Zamazenta|Wide Guard\n|move|p1b: Calyrex|Shadow Ball|p2b: Zamazenta\n|-damage|p2b: Zamazenta|0 fnt\n|faint|p2b: Zamazenta\n|-ability|p1b: Calyrex|Grim Neigh|boost\n|-boost|p1b: Calyrex|spa|1\n|move|p2a: Calyrex|Psychic|p1a: Zamazenta\n|-damage|p1a: Zamazenta|0 fnt\n|faint|p1a: Zamazenta\n|-ability|p2a: Calyrex|Grim Neigh|boost\n|-boost|p2a: Calyrex|spa|1\n|-damage|p2a: Calyrex|81/100|[from] item: Life Orb\n|\n|upkeep\n|-message|Pokemonst3r forfeited.\n|\n|win|Cello L.\n|raw|Pokemonst3r's rating: 1472 &rarr; <strong>1455</strong><br />(-17 for losing)\n|raw|Cello L.'s rating: 1519 &rarr; <strong>1536</strong><br />(+17 for winning)\n|l|\u2606Pokemonst3r\n|player|p1|\n","uploadtime":1772653484,"views":15,"formatid":"gen9vgc2026regi","rating":1455,"private":0,"password":null}