{"id":"gen9vgc2026regi-2543515148","format":"[Gen 9] VGC 2026 Reg I","players":["kilothegreat","fogdocker"],"log":"|j|\u2606kilothegreat\n|j|\u2606fogdocker\n|t:|1771586825\n|gametype|doubles\n|player|p1|kilothegreat|265|1369\n|player|p2|fogdocker|1|1374\n|gen|9\n|tier|[Gen 9] VGC 2026 Reg I\n|rated|\n|rule|Species Clause: Limit one of each Pok\u00e9mon\n|rule|Item Clause: Limit 1 of each item\n|clearpoke\n|poke|p1|Koraidon, L50|\n|poke|p1|Flutter Mane, L50|\n|poke|p1|Incineroar, L50, F|\n|poke|p1|Amoonguss, L50, F|\n|poke|p1|Lunala, L50|\n|poke|p1|Ursaluna, L50, F|\n|poke|p2|Calyrex-Ice, L50|\n|poke|p2|Koraidon, L50|\n|poke|p2|Flutter Mane, L50|\n|poke|p2|Incineroar, L50, M|\n|poke|p2|Rillaboom, L50, F|\n|poke|p2|Volcarona, L50, F|\n|teampreview|4\n|l|\u2606fogdocker\n|player|p2|\n|inactive|Battle timer is ON: inactive players will automatically lose when time's up. (requested by kilothegreat)\n|j|\u2606fogdocker\n|inactive|fogdocker reconnected and has 90 seconds left.\n|player|p2|fogdocker|1|\n|\n|t:|1771586875\n|teamsize|p1|4\n|teamsize|p2|4\n|start\n|switch|p1a: Koraidon|Koraidon, L50|100/100\n|switch|p1b: Incineroar|Incineroar, L50, F|100/100\n|switch|p2a: Flutter Mane|Flutter Mane, L50|100/100\n|switch|p2b: Koraidon|Koraidon, L50|100/100\n|-weather|SunnyDay|[from] ability: Orichalcum Pulse|[of] p1a: Koraidon\n|-activate|p2a: Flutter Mane|ability: Protosynthesis\n|-start|p2a: Flutter Mane|protosynthesisspe\n|-activate|p1a: Koraidon|Orichalcum Pulse|[source]\n|-activate|p2b: Koraidon|ability: Orichalcum Pulse\n|-ability|p1b: Incineroar|Intimidate|boost\n|-unboost|p2a: Flutter Mane|atk|1\n|-unboost|p2b: Koraidon|atk|1\n|turn|1\n|\n|t:|1771586891\n|-end|p2a: Flutter Mane|Protosynthesis|[silent]\n|switch|p2a: Incineroar|Incineroar, L50, M|100/100\n|-ability|p2a: Incineroar|Intimidate|boost\n|-unboost|p1a: Koraidon|atk|1\n|-unboost|p1b: Incineroar|atk|1\n|switch|p1b: Lunala|Lunala, L50|100/100\n|-terastallize|p1a: Koraidon|Fire\n|move|p2b: Koraidon|Protect|p2b: Koraidon\n|-singleturn|p2b: Koraidon|Protect\n|move|p1a: Koraidon|Flame Charge|p2a: Incineroar\n|-resisted|p2a: Incineroar\n|-damage|p2a: Incineroar|79/100\n|-boost|p1a: Koraidon|spe|1\n|-damage|p1a: Koraidon|91/100|[from] item: Life Orb\n|\n|-weather|SunnyDay|[upkeep]\n|upkeep\n|turn|2\n|\n|t:|1771586912\n|switch|p1b: Incineroar|Incineroar, L50, F|100/100\n|-ability|p1b: Incineroar|Intimidate|boost\n|-unboost|p2a: Incineroar|atk|1\n|-unboost|p2b: Koraidon|atk|1\n|switch|p2a: Flutter Mane|Flutter Mane, L50|100/100\n|-activate|p2a: Flutter Mane|ability: Protosynthesis\n|-start|p2a: Flutter Mane|protosynthesisspe\n|move|p1a: Koraidon|Close Combat|p2a: Flutter Mane\n|-immune|p2a: Flutter Mane\n|move|p2b: Koraidon|Flare Blitz|p1b: Incineroar\n|-resisted|p1b: Incineroar\n|-damage|p1b: Incineroar|72/100\n|-damage|p2b: Koraidon|90/100|[from] Recoil\n|-damage|p2b: Koraidon|80/100|[from] item: Life Orb\n|\n|-weather|SunnyDay|[upkeep]\n|upkeep\n|turn|3\n|inactive|fogdocker has 30 seconds left.\n|\n|t:|1771586940\n|switch|p2b: Incineroar|Incineroar, L50, M|79/100\n|-ability|p2b: Incineroar|Intimidate|boost\n|-unboost|p1a: Koraidon|atk|1\n|-unboost|p1b: Incineroar|atk|1\n|move|p2a: Flutter Mane|Shadow Ball|p1a: Koraidon\n|-damage|p1a: Koraidon|50/100\n|move|p1a: Koraidon|Close Combat|p2a: Flutter Mane\n|-immune|p2a: Flutter Mane\n|move|p1b: Incineroar|Flare Blitz|p2a: Flutter Mane\n|-damage|p2a: Flutter Mane|1/100\n|-damage|p1b: Incineroar|50/100|[from] Recoil\n|\n|-weather|SunnyDay|[upkeep]\n|upkeep\n|turn|4\n|inactive|fogdocker has 30 seconds left.\n|inactive|fogdocker has 20 seconds left.\n|inactive|fogdocker has 15 seconds left.\n|\n|t:|1771586983\n|switch|p1a: Ursaluna|Ursaluna, L50, F|100/100\n|-end|p2a: Flutter Mane|Protosynthesis|[silent]\n|switch|p2a: Koraidon|Koraidon, L50|80/100\n|-activate|p2a: Koraidon|ability: Orichalcum Pulse\n|move|p1b: Incineroar|Parting Shot|p2b: Incineroar\n|-unboost|p2b: Incineroar|atk|1\n|-unboost|p2b: Incineroar|spa|1\n|\n|t:|1771586994\n|switch|p1b: Koraidon|Koraidon, L50, tera:Fire|50/100|[from] Parting Shot\n|-activate|p1b: Koraidon|ability: Orichalcum Pulse\n|move|p2b: Incineroar|Parting Shot|p1b: Koraidon\n|-unboost|p1b: Koraidon|atk|1\n|-unboost|p1b: Koraidon|spa|1\n|\n|t:|1771586999\n|switch|p2b: Calyrex|Calyrex-Ice, L50|100/100|[from] Parting Shot\n|-ability|p2b: Calyrex|As One\n|-ability|p2b: Calyrex|Unnerve\n|\n|-weather|SunnyDay|[upkeep]\n|-status|p1a: Ursaluna|brn|[from] item: Flame Orb\n|upkeep\n|turn|5\n|inactive|fogdocker has 30 seconds left.\n|\n|t:|1771587030\n|-terastallize|p2b: Calyrex|Water\n|move|p1a: Ursaluna|Protect|p1a: Ursaluna\n|-singleturn|p1a: Ursaluna|Protect\n|move|p2a: Koraidon|Close Combat|p1b: Koraidon\n|-damage|p1b: Koraidon|0 fnt\n|-unboost|p2a: Koraidon|def|1\n|-unboost|p2a: Koraidon|spd|1\n|faint|p1b: Koraidon\n|-damage|p2a: Koraidon|70/100|[from] item: Life Orb\n|move|p2b: Calyrex|Glacial Lance|p1a: Ursaluna\n|-activate|p1a: Ursaluna|move: Protect\n|\n|-weather|none\n|-damage|p1a: Ursaluna|95/100 brn|[from] brn\n|upkeep\n|\n|t:|1771587041\n|switch|p1b: Incineroar|Incineroar, L50, F|50/100\n|-ability|p1b: Incineroar|Intimidate|boost\n|-unboost|p2a: Koraidon|atk|1\n|-unboost|p2b: Calyrex|atk|1\n|turn|6\n|\n|t:|1771587055\n|switch|p2a: Incineroar|Incineroar, L50, M|79/100\n|-ability|p2a: Incineroar|Intimidate|boost\n|-unboost|p1a: Ursaluna|atk|1\n|-unboost|p1b: Incineroar|atk|1\n|move|p1b: Incineroar|Parting Shot|p2a: Incineroar\n|-unboost|p2a: Incineroar|atk|1\n|-unboost|p2a: Incineroar|spa|1\n|\n|t:|1771587059\n|switch|p1b: Lunala|Lunala, L50|100/100|[from] Parting Shot\n|move|p1a: Ursaluna|Facade|p2b: Calyrex\n|-damage|p2b: Calyrex|58/100\n|move|p2b: Calyrex|Glacial Lance|p1b: Lunala|[spread] p1a,p1b\n|-supereffective|p1a: Ursaluna\n|-damage|p1a: Ursaluna|47/100 brn\n|-damage|p1b: Lunala|89/100\n|\n|-heal|p2b: Calyrex|64/100|[from] item: Leftovers\n|-damage|p1a: Ursaluna|41/100 brn|[from] brn\n|upkeep\n|turn|7\n|-message|kilothegreat forfeited.\n|\n|win|fogdocker\n|raw|kilothegreat's rating: 1369 &rarr; <strong>1349</strong><br />(-20 for losing)\n|raw|fogdocker's rating: 1374 &rarr; <strong>1394</strong><br />(+20 for winning)\n|l|\u2606kilothegreat\n|player|p1|\n|l|\u2606fogdocker\n|player|p2|\n","uploadtime":1771587070,"views":13,"formatid":"gen9vgc2026regi","rating":1349,"private":0,"password":null}