{"id":"gen9vgc2026regi-2544573441","format":"[Gen 9] VGC 2026 Reg I","players":["gdhfdxjzdht","Cello L."],"log":"|j|\u2606gdhfdxjzdht\n|j|\u2606Cello L.\n|t:|1771723554\n|gametype|doubles\n|player|p1|gdhfdxjzdht|benga|\n|player|p2|Cello L.|psychic-gen4|\n|gen|9\n|tier|[Gen 9] VGC 2026 Reg I\n|rated|Tournament battle\n|rule|Species Clause: Limit one of each Pok\u00e9mon\n|rule|Item Clause: Limit 1 of each item\n|raw|<div class=\"infobox\"><details class=\"readmore\" open><summary><strong>1 custom rule:</strong></summary> Open Team Sheets</details></div>\n|clearpoke\n|poke|p1|Mudsdale, L50, M|\n|poke|p1|Grimmsnarl, L50, M|\n|poke|p1|Politoed, L50, F|\n|poke|p1|Venusaur, L50, F|\n|poke|p1|Azumarill, L50, M|\n|poke|p1|Charizard, L50, F|\n|poke|p2|Kyogre, L50|\n|poke|p2|Calyrex-Ice, L50|\n|poke|p2|Flutter Mane, L50|\n|poke|p2|Basculegion, L50, M|\n|poke|p2|Amoonguss, L50, F|\n|poke|p2|Grimmsnarl, L50, M|\n|teampreview|4\n|j| Carrielis\nCello L. has agreed to open team sheets.\ngdhfdxjzdht has agreed to open team sheets.\n|showteam|p1|Mudsdale||SafetyGoggles|OwnTempo|Earthquake,Protect,CloseCombat,BodySlam|||M|||50|,,,,,Ice]Grimmsnarl||Leftovers|Prankster|Swagger,FakeOut,PartingShot,SpiritBreak|||M|||50|,,,,,Steel]Politoed||DampRock|Drizzle|HelpingHand,HyperVoice,MuddyWater,WeatherBall|||F|||50|,,,,,Grass]Venusaur||RockyHelmet|Chlorophyll|WeatherBall,GigaDrain,SleepPowder,Toxic|||F|||50|,,,,,Water]Azumarill||MysticWater|HugePower|DrainingKiss,AquaJet,IceSpinner,Liquidation|||M|||50|,,,,,Steel]Charizard||ChoiceSpecs|SolarPower|WeatherBall,Flamethrower,TeraBlast,AirSlash|||F|||50|,,,,,Water\n|showteam|p2|Kyogre||MysticWater|Drizzle|WaterSpout,OriginPulse,HydroPump,Protect||||||50|,,,,,Grass]Calyrex-Ice||Leftovers|AsOneGlastrier|GlacialLance,LeechSeed,TrickRoom,Protect||||||50|,,,,,Fairy]Flutter Mane||FocusSash|Protosynthesis|Moonblast,ShadowBall,IcyWind,Taunt||||||50|,,,,,Fairy]Basculegion||LifeOrb|SwiftSwim|WaveCrash,LastRespects,AquaJet,Protect|||M|||50|,,,,,Ghost]Amoonguss||RockyHelmet|Regenerator|Spore,RagePowder,PollenPuff,Protect|||F|||50|,,,,,Dark]Grimmsnarl||LightClay|Prankster|SpiritBreak,ThunderWave,Reflect,LightScreen|||M|||50|,,,,,Ghost\n|c|\u2606gdhfdxjzdht|i thought s was reg f\n|\n|t:|1771723593\n|teamsize|p1|4\n|teamsize|p2|4\n|start\n|switch|p1a: Politoed|Politoed, L50, F, shiny|100/100\n|switch|p1b: Charizard|Charizard, L50, F, shiny|100/100\n|switch|p2a: Calyrex|Calyrex-Ice, L50|100/100\n|switch|p2b: Amoonguss|Amoonguss, L50, F|100/100\n|-ability|p2a: Calyrex|As One\n|-ability|p2a: Calyrex|Unnerve\n|-weather|RainDance|[from] ability: Drizzle|[of] p1a: Politoed\n|turn|1\n|\n|t:|1771723619\n|-terastallize|p1b: Charizard|Water\n|-terastallize|p2a: Calyrex|Fairy\n|move|p1b: Charizard|Weather Ball|p2a: Calyrex\n|-damage|p2a: Calyrex|36/100\n|move|p1a: Politoed|Weather Ball|p2b: Amoonguss\n|-resisted|p2b: Amoonguss\n|-damage|p2b: Amoonguss|80/100\n|move|p2a: Calyrex|Glacial Lance|p1b: Charizard|[spread] p1a,p1b\n|-resisted|p1a: Politoed\n|-resisted|p1b: Charizard\n|-damage|p1a: Politoed|71/100\n|-damage|p1b: Charizard|65/100\n|move|p2b: Amoonguss|Spore|p1a: Politoed\n|-status|p1a: Politoed|slp|[from] move: Spore\n|\n|-weather|RainDance|[upkeep]\n|-heal|p2a: Calyrex|42/100|[from] item: Leftovers\n|upkeep\n|turn|2\n|\n|t:|1771723639\n|move|p2b: Amoonguss|Rage Powder|p2b: Amoonguss\n|-singleturn|p2b: Amoonguss|move: Rage Powder\n|move|p1b: Charizard|Weather Ball|p2b: Amoonguss\n|-resisted|p2b: Amoonguss\n|-damage|p2b: Amoonguss|36/100\n|cant|p1a: Politoed|slp\n|move|p2a: Calyrex|Trick Room|p2a: Calyrex\n|-fieldstart|move: Trick Room|[of] p2a: Calyrex\n|\n|-weather|RainDance|[upkeep]\n|-heal|p2a: Calyrex|48/100|[from] item: Leftovers\n|upkeep\n|turn|3\n|\n|t:|1771723654\n|move|p2b: Amoonguss|Spore|p1b: Charizard\n|-status|p1b: Charizard|slp|[from] move: Spore\n|move|p2a: Calyrex|Glacial Lance|p1a: Politoed|[spread] p1a,p1b\n|-resisted|p1a: Politoed\n|-resisted|p1b: Charizard\n|-damage|p1a: Politoed|45/100 slp\n|-damage|p1b: Charizard|31/100 slp\n|-curestatus|p1a: Politoed|slp|[msg]\n|move|p1a: Politoed|Weather Ball|p2b: Amoonguss\n|-resisted|p2b: Amoonguss\n|-damage|p2b: Amoonguss|16/100\n|cant|p1b: Charizard|slp\n|\n|-weather|RainDance|[upkeep]\n|-heal|p2a: Calyrex|54/100|[from] item: Leftovers\n|upkeep\n|turn|4\n|\n|t:|1771723670\n|move|p2b: Amoonguss|Pollen Puff|p2a: Calyrex\n|-heal|p2a: Calyrex|100/100\n|move|p2a: Calyrex|Glacial Lance|p1a: Politoed|[spread] p1a,p1b\n|-resisted|p1a: Politoed\n|-resisted|p1b: Charizard\n|-crit|p1b: Charizard\n|-damage|p1a: Politoed|16/100\n|-damage|p1b: Charizard|0 fnt\n|faint|p1b: Charizard\n|-ability|p2a: Calyrex|Chilling Neigh|boost\n|-boost|p2a: Calyrex|atk|1\n|move|p1a: Politoed|Weather Ball|p2a: Calyrex\n|-damage|p2a: Calyrex|68/100\n|\n|-weather|RainDance|[upkeep]\n|-heal|p2a: Calyrex|74/100|[from] item: Leftovers\n|upkeep\n|\n|t:|1771723680\n|switch|p1b: Mudsdale|Mudsdale, L50, M, shiny|100/100\n|turn|5\n|\n|t:|1771723689\n|move|p2b: Amoonguss|Spore|p1b: Mudsdale\n|-activate|p1b: Mudsdale|item: Safety Goggles|Spore\n|move|p1b: Mudsdale|Earthquake|p2a: Calyrex|[spread] p1a,p2a,p2b\n|-crit|p2a: Calyrex\n|-damage|p1a: Politoed|0 fnt\n|-damage|p2a: Calyrex|43/100\n|-damage|p2b: Amoonguss|0 fnt\n|faint|p1a: Politoed\n|faint|p2b: Amoonguss\n|move|p2a: Calyrex|Glacial Lance|p1b: Mudsdale\n|-supereffective|p1b: Mudsdale\n|-damage|p1b: Mudsdale|0 fnt\n|faint|p1b: Mudsdale\n|-ability|p2a: Calyrex|Chilling Neigh|boost\n|-boost|p2a: Calyrex|atk|1\n|\n|-weather|RainDance|[upkeep]\n|-heal|p2a: Calyrex|49/100|[from] item: Leftovers\n|upkeep\n|\n|t:|1771723705\n|switch|p2b: Kyogre|Kyogre, L50|100/100\n|switch|p1a: Azumarill|Azumarill, L50, M, shiny|100/100\n|turn|6\n|\n|t:|1771723712\n|move|p1a: Azumarill|Ice Spinner|p2a: Calyrex\n|-damage|p2a: Calyrex|27/100\n|move|p2a: Calyrex|Glacial Lance|p1a: Azumarill\n|-resisted|p1a: Azumarill\n|-crit|p1a: Azumarill\n|-damage|p1a: Azumarill|0 fnt\n|faint|p1a: Azumarill\n|\n|win|Cello L.\n|n|\u2606gdhfdxjzdht|gdhfdxjzdht\n|n|\u2606Cello L.|cellol\n|n| Carrielis|carrielis\n|l|\u2606gdhfdxjzdht\n|player|p1|\n","uploadtime":1771723865,"views":10,"formatid":"gen9vgc2026regi","rating":null,"private":0,"password":null}