{"id":"gen9vgc2026regi-2522488374","format":"[Gen 9] VGC 2026 Reg I","players":["echinacea0109","1zha"],"log":"|j|\u2606echinacea0109\n|j|\u26061zha\n|t:|1768914964\n|gametype|doubles\n|player|p1|echinacea0109|dawn-gen4pt|1376\n|player|p2|1zha|170|1417\n|gen|9\n|tier|[Gen 9] VGC 2026 Reg I\n|rated|\n|rule|Species Clause: Limit one of each Pok\u00e9mon\n|rule|Item Clause: Limit 1 of each item\n|clearpoke\n|poke|p1|Ting-Lu, L50|\n|poke|p1|Calyrex-Ice, L50|\n|poke|p1|Sneasler, L50, F|\n|poke|p1|Miraidon, L50|\n|poke|p1|Incineroar, L50, F|\n|poke|p1|Ogerpon-Wellspring, L50, F|\n|poke|p2|Calyrex-Shadow, L50|\n|poke|p2|Zamazenta-*, L50|\n|poke|p2|Whimsicott, L50, F|\n|poke|p2|Maushold-Four, L50|\n|poke|p2|Chi-Yu, L50|\n|poke|p2|Amoonguss, L50, M|\n|teampreview|4\n|inactive|Battle timer is ON: inactive players will automatically lose when time's up. (requested by echinacea0109)\n|\n|t:|1768914975\n|teamsize|p1|4\n|teamsize|p2|4\n|start\n|switch|p1a: Sneasler|Sneasler, L50, F|100/100\n|switch|p1b: Miraidon|Miraidon, L50|100/100\n|switch|p2a: Whimsicott|Whimsicott, L50, F, shiny|100/100\n|switch|p2b: Chi-Yu|Chi-Yu, L50, shiny|100/100\n|-fieldstart|move: Electric Terrain|[from] ability: Hadron Engine|[of] p1b: Miraidon\n|-enditem|p1a: Sneasler|Electric Seed\n|-boost|p1a: Sneasler|def|1|[from] item: Electric Seed\n|-ability|p2b: Chi-Yu|Beads of Ruin\n|turn|1\n|\n|t:|1768914990\n|switch|p1a: Incineroar|Incineroar, L50, F|100/100\n|-ability|p1a: Incineroar|Intimidate|boost\n|-unboost|p2a: Whimsicott|atk|1\n|-unboost|p2b: Chi-Yu|atk|1\n|-terastallize|p2b: Chi-Yu|Ground\n|move|p2a: Whimsicott|Tailwind|p2a: Whimsicott\n|-sidestart|p2: 1zha|move: Tailwind\n|move|p1b: Miraidon|Volt Switch|p2b: Chi-Yu\n|-immune|p2b: Chi-Yu\n|move|p2b: Chi-Yu|Tera Blast|p1b: Miraidon|[anim] Tera Blast Ground\n|-supereffective|p1b: Miraidon\n|-damage|p1b: Miraidon|0 fnt\n|faint|p1b: Miraidon\n|\n|upkeep\n|\n|t:|1768914997\n|switch|p1b: Calyrex|Calyrex-Ice, L50|100/100\n|-ability|p1b: Calyrex|As One\n|-ability|p1b: Calyrex|Unnerve\n|turn|2\n|\n|t:|1768915008\n|move|p1a: Incineroar|Fake Out|p2a: Whimsicott\n|-damage|p2a: Whimsicott|84/100\n|cant|p2a: Whimsicott|flinch\n|move|p2b: Chi-Yu|Tera Blast|p1a: Incineroar|[anim] Tera Blast Ground\n|-supereffective|p1a: Incineroar\n|-damage|p1a: Incineroar|0 fnt\n|faint|p1a: Incineroar\n|move|p1b: Calyrex|Glacial Lance|p2a: Whimsicott|[spread] p2a,p2b\n|-supereffective|p2a: Whimsicott\n|-supereffective|p2b: Chi-Yu\n|-damage|p2a: Whimsicott|0 fnt\n|-damage|p2b: Chi-Yu|0 fnt\n|faint|p2a: Whimsicott\n|faint|p2b: Chi-Yu\n|-ability|p1b: Calyrex|Chilling Neigh|boost\n|-boost|p1b: Calyrex|atk|2\n|\n|upkeep\n|\n|t:|1768915014\n|switch|p2a: Calyrex|Calyrex-Shadow, L50|100/100\n|switch|p2b: Zamazenta|Zamazenta-Crowned, L50|100/100\n|switch|p1a: Sneasler|Sneasler, L50, F|100/100\n|-ability|p2a: Calyrex|As One\n|-ability|p2a: Calyrex|Unnerve\n|-ability|p2b: Zamazenta|Dauntless Shield|boost\n|-boost|p2b: Zamazenta|def|1\n|turn|3\n|inactive|echinacea0109 has 30 seconds left.\n|\n|t:|1768915043\n|-terastallize|p1b: Calyrex|Water\n|move|p2a: Calyrex|Astral Barrage|p1b: Calyrex|[spread] p1a,p1b\n|-damage|p1a: Sneasler|23/100\n|-damage|p1b: Calyrex|55/100\n|-damage|p2a: Calyrex|91/100|[from] item: Life Orb\n|move|p2b: Zamazenta|Body Press|p1b: Calyrex\n|-damage|p1b: Calyrex|18/100\n|move|p1a: Sneasler|Throat Chop|p2a: Calyrex\n|-supereffective|p2a: Calyrex\n|-damage|p2a: Calyrex|0 fnt\n|faint|p2a: Calyrex\n|move|p1b: Calyrex|Trick Room|p1b: Calyrex\n|-fieldstart|move: Trick Room|[of] p1b: Calyrex\n|\n|-heal|p1b: Calyrex|24/100|[from] item: Leftovers\n|upkeep\n|turn|4\n|\n|t:|1768915059\n|move|p1b: Calyrex|Protect|p1b: Calyrex\n|-singleturn|p1b: Calyrex|Protect\n|move|p1a: Sneasler|Coaching|p1b: Calyrex\n|-boost|p1b: Calyrex|atk|1\n|-boost|p1b: Calyrex|def|1\n|move|p2b: Zamazenta|Body Press|p1a: Sneasler\n|-resisted|p1a: Sneasler\n|-damage|p1a: Sneasler|0 fnt\n|faint|p1a: Sneasler\n|\n|-heal|p1b: Calyrex|29/100|[from] item: Leftovers\n|-sideend|p2: 1zha|move: Tailwind\n|upkeep\n|turn|5\n|\n|t:|1768915066\n|move|p1b: Calyrex|Leech Seed|p2b: Zamazenta\n|-start|p2b: Zamazenta|move: Leech Seed\n|move|p2b: Zamazenta|Body Press|p1b: Calyrex\n|-damage|p1b: Calyrex|6/100\n|\n|-heal|p1b: Calyrex|12/100|[from] item: Leftovers\n|-damage|p2b: Zamazenta|88/100|[from] Leech Seed|[of] p1b: Calyrex\n|-heal|p1b: Calyrex|23/100|[silent]\n|-fieldend|move: Electric Terrain\n|upkeep\n|turn|6\n|\n|t:|1768915075\n|move|p1b: Calyrex|Protect|p1b: Calyrex\n|-singleturn|p1b: Calyrex|Protect\n|move|p2b: Zamazenta|Body Press|p1b: Calyrex\n|-activate|p1b: Calyrex|move: Protect\n|\n|-heal|p1b: Calyrex|29/100|[from] item: Leftovers\n|-damage|p2b: Zamazenta|76/100|[from] Leech Seed|[of] p1b: Calyrex\n|-heal|p1b: Calyrex|41/100|[silent]\n|upkeep\n|turn|7\n|\n|t:|1768915081\n|move|p1b: Calyrex|Glacial Lance|p2b: Zamazenta\n|-resisted|p2b: Zamazenta\n|-damage|p2b: Zamazenta|48/100\n|move|p2b: Zamazenta|Body Press|p1b: Calyrex\n|-damage|p1b: Calyrex|17/100\n|\n|-heal|p1b: Calyrex|23/100|[from] item: Leftovers\n|-damage|p2b: Zamazenta|36/100|[from] Leech Seed|[of] p1b: Calyrex\n|-heal|p1b: Calyrex|34/100|[silent]\n|-fieldend|move: Trick Room\n|upkeep\n|turn|8\n|\n|t:|1768915089\n|move|p1b: Calyrex|Protect|p1b: Calyrex\n|-singleturn|p1b: Calyrex|Protect\n|move|p2b: Zamazenta|Body Press|p2: Calyrex|[notarget]\n|-fail|p2b: Zamazenta\n|\n|-heal|p1b: Calyrex|40/100|[from] item: Leftovers\n|-damage|p2b: Zamazenta|23/100|[from] Leech Seed|[of] p1b: Calyrex\n|-heal|p1b: Calyrex|52/100|[silent]\n|upkeep\n|turn|9\n|-message|1zha forfeited.\n|\n|win|echinacea0109\n|raw|echinacea0109's rating: 1376 &rarr; <strong>1398</strong><br />(+22 for winning)\n|raw|1zha's rating: 1417 &rarr; <strong>1395</strong><br />(-22 for losing)\n|l|\u26061zha\n|player|p2|\n|l|\u2606echinacea0109\n|player|p1|\n","uploadtime":1768915245,"views":27,"formatid":"gen9vgc2026regi","rating":1395,"private":0,"password":null}