{"id":"gen9vgc2026regi-2567273234","format":"[Gen 9] VGC 2026 Reg I","players":["MorangoTango","bullgod4ever"],"log":"|j|\u2606MorangoTango\n|j|\u2606bullgod4ever\n|t:|1774462280\n|gametype|doubles\n|player|p1|MorangoTango|colress|1428\n|player|p2|bullgod4ever|170|1505\n|gen|9\n|tier|[Gen 9] VGC 2026 Reg I\n|rated|\n|rule|Species Clause: Limit one of each Pok\u00e9mon\n|rule|Item Clause: Limit 1 of each item\n|clearpoke\n|poke|p1|Calyrex-Shadow, L50|\n|poke|p1|Zamazenta-*, L50|\n|poke|p1|Maushold-Four, L50|\n|poke|p1|Whimsicott, L50, M|\n|poke|p1|Ursaluna-Bloodmoon, L50, M|\n|poke|p1|Roaring Moon, L50|\n|poke|p2|Calyrex-Ice, L50|\n|poke|p2|Miraidon, L50|\n|poke|p2|Urshifu-*, L50, M|\n|poke|p2|Incineroar, L50, M|\n|poke|p2|Landorus, L50, M|\n|poke|p2|Whimsicott, L50, M|\n|teampreview|4\n|inactive|Battle timer is ON: inactive players will automatically lose when time's up. (requested by bullgod4ever)\n|\n|t:|1774462349\n|teamsize|p1|4\n|teamsize|p2|4\n|start\n|switch|p1a: Maushold|Maushold-Four, L50|100/100\n|switch|p1b: Calyrex|Calyrex-Shadow, L50|100/100\n|switch|p2a: Whimsicott|Whimsicott, L50, M|100/100\n|switch|p2b: Miraidon|Miraidon, L50|100/100\n|-ability|p1b: Calyrex|As One\n|-ability|p1b: Calyrex|Unnerve\n|-fieldstart|move: Electric Terrain|[from] ability: Hadron Engine|[of] p2b: Miraidon\n|turn|1\n|inactive|bullgod4ever has 30 seconds left.\n|\n|t:|1774462378\n|-terastallize|p2a: Whimsicott|Ghost\n|move|p1a: Maushold|Follow Me|p1a: Maushold\n|-singleturn|p1a: Maushold|move: Follow Me\n|move|p2a: Whimsicott|Tailwind|p2a: Whimsicott\n|-sidestart|p2: bullgod4ever|move: Tailwind\n|move|p2b: Miraidon|Volt Switch|p1a: Maushold\n|-enditem|p1a: Maushold|Focus Sash\n|-damage|p1a: Maushold|1/100\n|\n|t:|1774462392\n|switch|p2b: Landorus|Landorus, L50, M|100/100|[from] Volt Switch\n|move|p1b: Calyrex|Astral Barrage|p2a: Whimsicott|[spread] p2a,p2b\n|-supereffective|p2a: Whimsicott\n|-crit|p2a: Whimsicott\n|-enditem|p2a: Whimsicott|Focus Sash\n|-damage|p2a: Whimsicott|1/100\n|-damage|p2b: Landorus|18/100\n|\n|upkeep\n|turn|2\n|inactive|bullgod4ever has 30 seconds left.\n|inactive|bullgod4ever has 20 seconds left.\n|\n|t:|1774462431\n|move|p1a: Maushold|Follow Me|p1a: Maushold\n|-singleturn|p1a: Maushold|move: Follow Me\n|move|p2a: Whimsicott|Moonblast|p1a: Maushold\n|-damage|p1a: Maushold|0 fnt\n|faint|p1a: Maushold\n|move|p2b: Landorus|Earth Power|p1b: Calyrex\n|-damage|p1b: Calyrex|34/100\n|move|p1b: Calyrex|Astral Barrage|p2a: Whimsicott|[spread] p2a,p2b\n|-supereffective|p2a: Whimsicott\n|-damage|p2a: Whimsicott|0 fnt\n|-damage|p2b: Landorus|0 fnt\n|faint|p2a: Whimsicott\n|faint|p2b: Landorus\n|-ability|p1b: Calyrex|Grim Neigh|boost\n|-boost|p1b: Calyrex|spa|2\n|\n|upkeep\n|\n|t:|1774462448\n|switch|p2a: Urshifu|Urshifu-Rapid-Strike, L50, M|100/100\n|switch|p1a: Whimsicott|Whimsicott, L50, M|100/100\n|switch|p2b: Miraidon|Miraidon, L50|100/100\n|-activate|p2b: Miraidon|ability: Hadron Engine\n|turn|3\n|\n|t:|1774462467\n|move|p2a: Urshifu|Aqua Jet|p1b: Calyrex\n|-damage|p1b: Calyrex|0 fnt\n|faint|p1b: Calyrex\n|move|p1a: Whimsicott|Tailwind|p1a: Whimsicott\n|-sidestart|p1: MorangoTango|move: Tailwind\n|move|p2b: Miraidon|Electro Drift|p1a: Whimsicott\n|-resisted|p1a: Whimsicott\n|-damage|p1a: Whimsicott|27/100\n|\n|upkeep\n|\n|t:|1774462476\n|switch|p1b: Zamazenta|Zamazenta-Crowned, L50|100/100\n|-ability|p1b: Zamazenta|Dauntless Shield|boost\n|-boost|p1b: Zamazenta|def|1\n|turn|4\n|\n|t:|1774462490\n|move|p1a: Whimsicott|Encore|p2a: Urshifu\n|-start|p2a: Urshifu|Encore\n|move|p2a: Urshifu|Aqua Jet|p1a: Whimsicott\n|-resisted|p1a: Whimsicott\n|-damage|p1a: Whimsicott|7/100\n|move|p1b: Zamazenta|Body Press|p2b: Miraidon\n|-damage|p2b: Miraidon|51/100\n|move|p2b: Miraidon|Electro Drift|p1b: Zamazenta\n|-damage|p1b: Zamazenta|2/100\n|\n|-sideend|p2: bullgod4ever|move: Tailwind\n|upkeep\n|turn|5\n|\n|t:|1774462509\n|move|p2a: Urshifu|Aqua Jet|p1b: Zamazenta\n|-damage|p1b: Zamazenta|0 fnt\n|faint|p1b: Zamazenta\n|move|p1a: Whimsicott|Moonblast|p2b: Miraidon\n|-supereffective|p2b: Miraidon\n|-damage|p2b: Miraidon|10/100\n|move|p2b: Miraidon|Electro Drift|p1a: Whimsicott\n|-resisted|p1a: Whimsicott\n|-damage|p1a: Whimsicott|0 fnt\n|faint|p1a: Whimsicott\n|\n|win|bullgod4ever\n|raw|MorangoTango's rating: 1428 &rarr; <strong>1412</strong><br />(-16 for losing)\n|raw|bullgod4ever's rating: 1505 &rarr; <strong>1521</strong><br />(+16 for winning)\n|l|\u2606MorangoTango\n|player|p1|\n|l|\u2606bullgod4ever\n|player|p2|\n","uploadtime":1774462675,"views":11,"formatid":"gen9vgc2026regi","rating":1412,"private":0,"password":null}