{"id":"gen9vgc2026regi-2556655789","format":"[Gen 9] VGC 2026 Reg I","players":["Guzaguileraa","SycrasisEU"],"log":"|j|\u2606Guzaguileraa\n|j|\u2606SycrasisEU\n|t:|1773237168\n|gametype|doubles\n|player|p1|Guzaguileraa|rosa|1202\n|player|p2|SycrasisEU|pryce|1291\n|gen|9\n|tier|[Gen 9] VGC 2026 Reg I\n|rated|\n|rule|Species Clause: Limit one of each Pok\u00e9mon\n|rule|Item Clause: Limit 1 of each item\n|clearpoke\n|poke|p1|Ursaluna, L50, F|\n|poke|p1|Calyrex-Ice, L50|\n|poke|p1|Lunala, L50|\n|poke|p1|Incineroar, L50, F|\n|poke|p1|Brute Bonnet, L50|\n|poke|p1|Iron Hands, L50|\n|poke|p2|Incineroar, L50, M|\n|poke|p2|Koraidon, L50|\n|poke|p2|Flutter Mane, L50|\n|poke|p2|Whimsicott, L50, M|\n|poke|p2|Tinkaton, L50, F|\n|poke|p2|Solgaleo, L50|\n|teampreview|4\n|inactive|Battle timer is ON: inactive players will automatically lose when time's up. (requested by SycrasisEU)\n|inactive|SycrasisEU has 60 seconds left.\n|\n|t:|1773237246\n|teamsize|p1|4\n|teamsize|p2|4\n|start\n|switch|p1a: Calyrex|Calyrex-Ice, L50|100/100\n|switch|p1b: Incineroar|Incineroar, L50, F|100/100\n|switch|p2a: Koraidon|Koraidon, L50, shiny|100/100\n|switch|p2b: Incineroar|Incineroar, L50, M, shiny|100/100\n|-ability|p1a: Calyrex|As One\n|-ability|p1a: Calyrex|Unnerve\n|-weather|SunnyDay|[from] ability: Orichalcum Pulse|[of] p2a: Koraidon\n|-activate|p2a: Koraidon|Orichalcum Pulse|[source]\n|-ability|p2b: Incineroar|Intimidate|boost\n|-unboost|p1a: Calyrex|atk|1\n|-unboost|p1b: Incineroar|atk|1\n|-ability|p1b: Incineroar|Intimidate|boost\n|-fail|p2a: Koraidon|unboost|[from] item: Clear Amulet|[of] p2a: Koraidon\n|-unboost|p2b: Incineroar|atk|1\n|turn|1\n|inactive|Guzaguileraa has 30 seconds left.\n|\n|t:|1773237273\n|-terastallize|p1a: Calyrex|Water\n|move|p2b: Incineroar|Fake Out|p1a: Calyrex\n|-damage|p1a: Calyrex|95/100\n|move|p1b: Incineroar|Fake Out|p2a: Koraidon\n|-damage|p2a: Koraidon|94/100\n|cant|p2a: Koraidon|flinch\n|cant|p1a: Calyrex|flinch\n|\n|-weather|SunnyDay|[upkeep]\n|upkeep\n|turn|2\n|inactive|Guzaguileraa has 30 seconds left.\n|\n|t:|1773237306\n|-terastallize|p2a: Koraidon|Fire\n|move|p2a: Koraidon|Collision Course|p1a: Calyrex\n|-damage|p1a: Calyrex|53/100\n|move|p2b: Incineroar|Knock Off|p1a: Calyrex\n|-damage|p1a: Calyrex|35/100\n|-enditem|p1a: Calyrex|Life Orb|[from] move: Knock Off|[of] p2b: Incineroar\n|move|p1b: Incineroar|Parting Shot|p2a: Koraidon\n|-fail|p2a: Koraidon|unboost|[from] item: Clear Amulet|[of] p2a: Koraidon\n|move|p1a: Calyrex|Trick Room|p1a: Calyrex\n|-fieldstart|move: Trick Room|[of] p1a: Calyrex\n|\n|-weather|SunnyDay|[upkeep]\n|upkeep\n|turn|3\n|inactive|Guzaguileraa has 30 seconds left.\n|\n|t:|1773237333\n|move|p1a: Calyrex|Glacial Lance|p2b: Incineroar|[spread] p2a,p2b\n|-resisted|p2a: Koraidon\n|-resisted|p2b: Incineroar\n|-damage|p2a: Koraidon|75/100\n|-damage|p2b: Incineroar|84/100\n|move|p1b: Incineroar|Parting Shot|p2b: Incineroar\n|-unboost|p2b: Incineroar|atk|1\n|-unboost|p2b: Incineroar|spa|1\n|\n|t:|1773237343\n|switch|p1b: Lunala|Lunala, L50|100/100|[from] Parting Shot\n|move|p2b: Incineroar|Parting Shot|p1b: Lunala\n|-unboost|p1b: Lunala|atk|1\n|-unboost|p1b: Lunala|spa|1\n|\n|t:|1773237350\n|switch|p2b: Tinkaton|Tinkaton, L50, F|100/100|[from] Parting Shot\n|-ability|p2b: Tinkaton|Mold Breaker\n|move|p2a: Koraidon|Collision Course|p1a: Calyrex\n|-damage|p1a: Calyrex|0 fnt\n|faint|p1a: Calyrex\n|\n|-weather|SunnyDay|[upkeep]\n|upkeep\n|\n|t:|1773237360\n|switch|p1a: Brute Bonnet|Brute Bonnet, L50|100/100\n|-activate|p1a: Brute Bonnet|ability: Protosynthesis\n|-start|p1a: Brute Bonnet|protosynthesisspd\n|turn|4\n|inactive|SycrasisEU has 30 seconds left.\n|inactive|SycrasisEU has 20 seconds left.\n|inactive|SycrasisEU has 15 seconds left.\n|\n|t:|1773237403\n|switch|p2a: Incineroar|Incineroar, L50, M, shiny|84/100\n|-ability|p2a: Incineroar|Intimidate|boost\n|-unboost|p1a: Brute Bonnet|atk|1\n|-unboost|p1b: Lunala|atk|1\n|move|p1a: Brute Bonnet|Rage Powder|p1a: Brute Bonnet\n|-singleturn|p1a: Brute Bonnet|move: Rage Powder\n|move|p1b: Lunala|Meteor Beam||[still]\n|-prepare|p1b: Lunala|Meteor Beam\n|-boost|p1b: Lunala|spa|1\n|-enditem|p1b: Lunala|Power Herb\n|-anim|p1b: Lunala|Meteor Beam|p2a: Incineroar\n|-supereffective|p2a: Incineroar\n|-damage|p2a: Incineroar|9/100\n|move|p2b: Tinkaton|Knock Off|p1a: Brute Bonnet\n|-resisted|p1a: Brute Bonnet\n|-damage|p1a: Brute Bonnet|91/100\n|-enditem|p1a: Brute Bonnet|Sitrus Berry|[from] move: Knock Off|[of] p2b: Tinkaton\n|\n|-weather|SunnyDay|[upkeep]\n|upkeep\n|turn|5\n|\n|t:|1773237427\n|move|p2a: Incineroar|Fake Out|p1a: Brute Bonnet\n|-damage|p1a: Brute Bonnet|82/100\n|cant|p1a: Brute Bonnet|flinch\n|move|p1b: Lunala|Moongeist Beam|p2a: Incineroar\n|-resisted|p2a: Incineroar\n|-damage|p2a: Incineroar|0 fnt\n|faint|p2a: Incineroar\n|move|p2b: Tinkaton|Knock Off|p1b: Lunala\n|-supereffective|p1b: Lunala\n|-damage|p1b: Lunala|73/100\n|\n|-weather|none\n|-end|p1a: Brute Bonnet|Protosynthesis\n|upkeep\n|j| variuk\n|\n|t:|1773237441\n|switch|p2a: Koraidon|Koraidon, L50, shiny, tera:Fire|75/100\n|-weather|SunnyDay|[from] ability: Orichalcum Pulse|[of] p2a: Koraidon\n|-activate|p1a: Brute Bonnet|ability: Protosynthesis\n|-start|p1a: Brute Bonnet|protosynthesisspd\n|-activate|p2a: Koraidon|Orichalcum Pulse|[source]\n|turn|6\n|l| variuk\n|inactive|SycrasisEU has 30 seconds left.\n|\n|t:|1773237468\n|move|p2a: Koraidon|Protect|p2a: Koraidon\n|-singleturn|p2a: Koraidon|Protect\n|move|p1a: Brute Bonnet|Spore|p2a: Koraidon\n|-activate|p2a: Koraidon|move: Protect\n|move|p1b: Lunala|Moongeist Beam|p2b: Tinkaton\n|-damage|p2b: Tinkaton|61/100\n|move|p2b: Tinkaton|Gigaton Hammer|p1b: Lunala\n|-damage|p1b: Lunala|19/100\n|\n|-weather|SunnyDay|[upkeep]\n|-fieldend|move: Trick Room\n|upkeep\n|turn|7\n|\n|t:|1773237486\n|move|p1a: Brute Bonnet|Rage Powder|p1a: Brute Bonnet\n|-singleturn|p1a: Brute Bonnet|move: Rage Powder\n|move|p2a: Koraidon|Collision Course|p1a: Brute Bonnet\n|-supereffective|p1a: Brute Bonnet\n|-damage|p1a: Brute Bonnet|0 fnt\n|faint|p1a: Brute Bonnet\n|-end|p1a: Brute Bonnet|Protosynthesis|[silent]\n|move|p2b: Tinkaton|Knock Off|p1b: Lunala\n|-supereffective|p1b: Lunala\n|-damage|p1b: Lunala|0 fnt\n|faint|p1b: Lunala\n|\n|-weather|SunnyDay|[upkeep]\n|upkeep\n|-message|Guzaguileraa forfeited.\n|\n|win|SycrasisEU\n|raw|Guzaguileraa's rating: 1202 &rarr; <strong>1183</strong><br />(-19 for losing)\n|raw|SycrasisEU's rating: 1291 &rarr; <strong>1310</strong><br />(+19 for winning)\n|l|\u2606Guzaguileraa\n|player|p1|\n|l|\u2606SycrasisEU\n|player|p2|\n","uploadtime":1773237696,"views":12,"formatid":"gen9vgc2026regi","rating":1183,"private":0,"password":null}