{"id":"gen9vgc2026regi-2560160919","format":"[Gen 9] VGC 2026 Reg I","players":["jonen","000jakob"],"log":"|j|\u2606jonen\n|j|\u2606000jakob\n|t:|1773660740\n|gametype|doubles\n|player|p1|jonen|medium|1182\n|player|p2|000jakob|volkner|1127\n|gen|9\n|tier|[Gen 9] VGC 2026 Reg I\n|rated|\n|rule|Species Clause: Limit one of each Pok\u00e9mon\n|rule|Item Clause: Limit 1 of each item\n|clearpoke\n|poke|p1|Volcarona, L50, M|\n|poke|p1|Groudon, L50|\n|poke|p1|Incineroar, L50, F|\n|poke|p1|Flutter Mane, L50|\n|poke|p1|Grimmsnarl, L50, M|\n|poke|p1|Miraidon, L50|\n|poke|p2|Sableye, L50, M|\n|poke|p2|Lunala, L50|\n|poke|p2|Miraidon, L50|\n|poke|p2|Incineroar, L50, M|\n|poke|p2|Whimsicott, L50, M|\n|poke|p2|Iron Hands, L50|\n|teampreview|4\n|inactive|Battle timer is ON: inactive players will automatically lose when time's up. (requested by jonen)\n|\n|t:|1773660833\n|teamsize|p1|4\n|teamsize|p2|4\n|start\n|switch|p1a: Volcarona|Volcarona, L50, M|100/100\n|switch|p1b: Miraidon|Miraidon, L50|100/100\n|switch|p2a: Lunala|Lunala, L50|100/100\n|switch|p2b: Incineroar|Incineroar, L50, M|100/100\n|-fieldstart|move: Electric Terrain|[from] ability: Hadron Engine|[of] p1b: Miraidon\n|-enditem|p2a: Lunala|Electric Seed\n|-boost|p2a: Lunala|def|1|[from] item: Electric Seed\n|-ability|p2b: Incineroar|Intimidate|boost\n|-unboost|p1a: Volcarona|atk|1\n|-unboost|p1b: Miraidon|atk|1\n|turn|1\n|inactive|jonen has 30 seconds left.\n|\n|t:|1773660864\n|move|p2b: Incineroar|Fake Out|p1b: Miraidon\n|-damage|p1b: Miraidon|92/100\n|cant|p1b: Miraidon|flinch\n|move|p1a: Volcarona|Tailwind|p1a: Volcarona\n|-sidestart|p1: jonen|move: Tailwind\n|move|p2a: Lunala|Trick Room|p2a: Lunala\n|-fieldstart|move: Trick Room|[of] p2a: Lunala\n|\n|upkeep\n|turn|2\n|inactive|000jakob has 30 seconds left.\n|\n|t:|1773660897\n|move|p2b: Incineroar|Knock Off|p1b: Miraidon\n|-damage|p1b: Miraidon|60/100\n|-enditem|p1b: Miraidon|Assault Vest|[from] move: Knock Off|[of] p2b: Incineroar\n|move|p2a: Lunala|Moongeist Beam|p1b: Miraidon\n|-damage|p1b: Miraidon|16/100\n|move|p1a: Volcarona|Struggle Bug|p2b: Incineroar|[spread] p2a,p2b\n|-damage|p2a: Lunala|95/100\n|-damage|p2b: Incineroar|85/100\n|-unboost|p2a: Lunala|spa|1\n|-unboost|p2b: Incineroar|spa|1\n|move|p1b: Miraidon|Volt Switch|p2a: Lunala\n|-damage|p2a: Lunala|44/100\n|\n|t:|1773660912\n|switch|p1b: Incineroar|Incineroar, L50, F|100/100|[from] Volt Switch\n|-ability|p1b: Incineroar|Intimidate|boost\n|-unboost|p2a: Lunala|atk|1\n|-unboost|p2b: Incineroar|atk|1\n|\n|upkeep\n|turn|3\n|\n|t:|1773660927\n|switch|p2b: Sableye|Sableye, L50, M|100/100\n|move|p2a: Lunala|Wide Guard|p2a: Lunala\n|-singleturn|p2a: Lunala|Wide Guard\n|move|p1a: Volcarona|Rage Powder|p1a: Volcarona\n|-singleturn|p1a: Volcarona|move: Rage Powder\n|move|p1b: Incineroar|Parting Shot|p2b: Sableye\n|-unboost|p2b: Sableye|atk|1\n|-unboost|p2b: Sableye|spa|1\n|\n|t:|1773660936\n|switch|p1b: Groudon|Groudon, L50|100/100|[from] Parting Shot\n|-weather|SunnyDay|[from] ability: Drought|[of] p1b: Groudon\n|\n|-weather|SunnyDay|[upkeep]\n|upkeep\n|turn|4\n|\n|t:|1773660953\n|move|p2b: Sableye|Fake Out|p1b: Groudon\n|-damage|p1b: Groudon|97/100\n|move|p2a: Lunala|Moongeist Beam|p1b: Groudon\n|-damage|p1b: Groudon|62/100\n|cant|p1b: Groudon|flinch\n|move|p1a: Volcarona|Fiery Dance|p2a: Lunala\n|-damage|p2a: Lunala|4/100\n|-boost|p1a: Volcarona|spa|1\n|\n|-weather|SunnyDay|[upkeep]\n|-sideend|p1: jonen|move: Tailwind\n|upkeep\n|turn|5\n|inactive|jonen has 30 seconds left.\n|inactive|000jakob has 30 seconds left.\n|\n|t:|1773660981\n|move|p2b: Sableye|Disable|p1a: Volcarona\n|-start|p1a: Volcarona|Disable|Fiery Dance\n|move|p2a: Lunala|Moongeist Beam|p1b: Groudon\n|-damage|p1b: Groudon|27/100\n|move|p1b: Groudon|Bulk Up|p1b: Groudon\n|-boost|p1b: Groudon|atk|1\n|-boost|p1b: Groudon|def|1\n|move|p1a: Volcarona|Tailwind|p1a: Volcarona\n|-sidestart|p1: jonen|move: Tailwind\n|\n|-weather|SunnyDay|[upkeep]\n|-fieldend|move: Trick Room\n|-fieldend|move: Electric Terrain\n|upkeep\n|turn|6\n|inactive|000jakob has 30 seconds left.\n|\n|t:|1773661010\n|move|p2a: Lunala|Wide Guard|p2a: Lunala\n|-singleturn|p2a: Lunala|Wide Guard\n|move|p2b: Sableye|Will-O-Wisp|p1b: Groudon\n|-status|p1b: Groudon|brn\n|move|p1a: Volcarona|Struggle Bug|p2b: Sableye|[spread] \n|-activate|p2a: Lunala|move: Wide Guard\n|-activate|p2b: Sableye|move: Wide Guard\n|move|p1b: Groudon|Heat Crash|p2a: Lunala\n|-damage|p2a: Lunala|0 fnt\n|faint|p2a: Lunala\n|\n|-weather|SunnyDay|[upkeep]\n|-damage|p1b: Groudon|21/100 brn|[from] brn\n|upkeep\n|\n|t:|1773661024\n|switch|p2a: Incineroar|Incineroar, L50, M|85/100\n|-ability|p2a: Incineroar|Intimidate|boost\n|-unboost|p1a: Volcarona|atk|1\n|-fail|p1b: Groudon|unboost|[from] item: Clear Amulet|[of] p1b: Groudon\n|turn|7\n|\n|t:|1773661048\n|move|p2a: Incineroar|Fake Out|p1b: Groudon\n|-damage|p1b: Groudon|16/100 brn\n|move|p2b: Sableye|Will-O-Wisp|p1a: Volcarona\n|-immune|p1a: Volcarona\n|move|p1a: Volcarona|Struggle Bug|p2b: Sableye|[spread] p2a,p2b\n|-damage|p2a: Incineroar|64/100\n|-damage|p2b: Sableye|62/100\n|-unboost|p2a: Incineroar|spa|1\n|-unboost|p2b: Sableye|spa|1\n|cant|p1b: Groudon|flinch\n|\n|-weather|none\n|-damage|p1b: Groudon|11/100 brn|[from] brn\n|upkeep\n|turn|8\n|inactive|000jakob has 30 seconds left.\n|inactive|000jakob has 20 seconds left.\n|\n|t:|1773661084\n|move|p2b: Sableye|Disable|p1b: Groudon\n|-start|p1b: Groudon|Disable|Heat Crash\n|move|p1a: Volcarona|Struggle Bug|p2a: Incineroar|[spread] p2a,p2b\n|-damage|p2a: Incineroar|38/100\n|-damage|p2b: Sableye|23/100\n|-unboost|p2a: Incineroar|spa|1\n|-unboost|p2b: Sableye|spa|1\n|move|p1b: Groudon|Precipice Blades|p2b: Sableye|[spread] p2a,p2b\n|-supereffective|p2a: Incineroar\n|-damage|p2a: Incineroar|0 fnt\n|-damage|p2b: Sableye|0 fnt\n|faint|p2a: Incineroar\n|faint|p2b: Sableye\n|\n|-damage|p1b: Groudon|5/100 brn|[from] brn\n|-end|p1a: Volcarona|Disable\n|-sideend|p1: jonen|move: Tailwind\n|upkeep\n|\n|t:|1773661099\n|switch|p2b: Miraidon|Miraidon, L50|100/100\n|-fieldstart|move: Electric Terrain|[from] ability: Hadron Engine|[of] p2b: Miraidon\n|turn|9\n|\n|t:|1773661114\n|-terastallize|p2b: Miraidon|Fairy\n|move|p2b: Miraidon|Dazzling Gleam|p1b: Groudon|[spread] p1a,p1b\n|-resisted|p1a: Volcarona\n|-damage|p1a: Volcarona|75/100\n|-damage|p1b: Groudon|0 fnt\n|faint|p1b: Groudon\n|move|p1a: Volcarona|Tailwind|p1a: Volcarona\n|-sidestart|p1: jonen|move: Tailwind\n|\n|upkeep\n|\n|t:|1773661120\n|switch|p1b: Incineroar|Incineroar, L50, F|100/100\n|-ability|p1b: Incineroar|Intimidate|boost\n|-unboost|p2b: Miraidon|atk|1\n|turn|10\n|\n|t:|1773661125\n|move|p1b: Incineroar|Fake Out|p2b: Miraidon\n|-damage|p2b: Miraidon|89/100\n|move|p1a: Volcarona|Fiery Dance|p2b: Miraidon\n|-damage|p2b: Miraidon|39/100\n|cant|p2b: Miraidon|flinch\n|\n|upkeep\n|turn|11\n|\n|t:|1773661131\n|move|p1a: Volcarona|Fiery Dance|p2b: Miraidon\n|-damage|p2b: Miraidon|0 fnt\n|-boost|p1a: Volcarona|spa|1\n|faint|p2b: Miraidon\n|\n|win|jonen\n|raw|jonen's rating: 1182 &rarr; <strong>1203</strong><br />(+21 for winning)\n|raw|000jakob's rating: 1127 &rarr; <strong>1106</strong><br />(-21 for losing)\n","uploadtime":1773661131,"views":14,"formatid":"gen9vgc2026regi","rating":1106,"private":0,"password":null}