{"id":"gen9vgc2026regi-2580328415","format":"[Gen 9] VGC 2026 Reg I","players":["Coreydfgh","kan2999"],"log":"|j|\u2606Coreydfgh\n|j|\u2606kan2999\n|t:|1775881043\n|gametype|doubles\n|player|p1|Coreydfgh|169|1389\n|player|p2|kan2999|169|1349\n|gen|9\n|tier|[Gen 9] VGC 2026 Reg I\n|rated|\n|rule|Species Clause: Limit one of each Pok\u00e9mon\n|rule|Item Clause: Limit 1 of each item\n|clearpoke\n|poke|p1|Calyrex-Ice, L50|\n|poke|p1|Indeedee-F, L50, F|\n|poke|p1|Torkoal, L50, M|\n|poke|p1|Brute Bonnet, L50|\n|poke|p1|Lunala, L50|\n|poke|p1|Iron Hands, L50|\n|poke|p2|Kyogre, L50|\n|poke|p2|Wo-Chien, L50|\n|poke|p2|Ogerpon-Hearthflame, L50, F|\n|poke|p2|Whimsicott, L50, F|\n|poke|p2|Flutter Mane, L50|\n|poke|p2|Mienshao, L50, F|\n|teampreview|4\n|inactive|Battle timer is ON: inactive players will automatically lose when time's up. (requested by kan2999)\n|\n|t:|1775881092\n|teamsize|p1|4\n|teamsize|p2|4\n|start\n|switch|p1a: Calyrex|Calyrex-Ice, L50|100/100\n|switch|p1b: Brute Bonnet|Brute Bonnet, L50|100/100\n|switch|p2a: Kyogre|Kyogre, L50|100/100\n|switch|p2b: Wo-Chien|Wo-Chien, L50|100/100\n|-ability|p1a: Calyrex|As One\n|-ability|p1a: Calyrex|Unnerve\n|-ability|p2b: Wo-Chien|Tablets of Ruin\n|-weather|RainDance|[from] ability: Drizzle|[of] p2a: Kyogre\n|-enditem|p1b: Brute Bonnet|Booster Energy\n|-activate|p1b: Brute Bonnet|ability: Protosynthesis|[fromitem]\n|-start|p1b: Brute Bonnet|protosynthesisspd\n|turn|1\n|inactive|kan2999 has 30 seconds left.\n|\n|t:|1775881125\n|-terastallize|p2a: Kyogre|Grass\n|-terastallize|p1a: Calyrex|Water\n|move|p1b: Brute Bonnet|Sucker Punch|p2a: Kyogre\n|-damage|p2a: Kyogre|80/100\n|move|p2b: Wo-Chien|Pollen Puff|p2a: Kyogre\n|-heal|p2a: Kyogre|100/100\n|move|p2a: Kyogre|Water Spout|p1b: Brute Bonnet|[spread] p1a,p1b\n|-resisted|p1a: Calyrex\n|-resisted|p1b: Brute Bonnet\n|-damage|p1a: Calyrex|59/100\n|-damage|p1b: Brute Bonnet|66/100\n|move|p1a: Calyrex|Glacial Lance|p2b: Wo-Chien|[spread] p2a,p2b\n|-supereffective|p2a: Kyogre\n|-supereffective|p2b: Wo-Chien\n|-damage|p2a: Kyogre|13/100\n|-damage|p2b: Wo-Chien|35/100\n|\n|-weather|RainDance|[upkeep]\n|-heal|p2b: Wo-Chien|41/100|[from] item: Leftovers\n|upkeep\n|turn|2\n|inactive|kan2999 has 30 seconds left.\n|\n|t:|1775881151\n|move|p2b: Wo-Chien|Protect|p2b: Wo-Chien\n|-singleturn|p2b: Wo-Chien|Protect\n|move|p1b: Brute Bonnet|Sucker Punch|p2a: Kyogre\n|-damage|p2a: Kyogre|0 fnt\n|faint|p2a: Kyogre\n|move|p1a: Calyrex|Trick Room|p1a: Calyrex\n|-fieldstart|move: Trick Room|[of] p1a: Calyrex\n|\n|-weather|RainDance|[upkeep]\n|-heal|p2b: Wo-Chien|47/100|[from] item: Leftovers\n|upkeep\n|\n|t:|1775881162\n|switch|p2a: Mienshao|Mienshao, L50, F|100/100\n|turn|3\n|\n|t:|1775881171\n|move|p1a: Calyrex|Protect|p1a: Calyrex\n|-singleturn|p1a: Calyrex|Protect\n|move|p2a: Mienshao|Fake Out|p1a: Calyrex\n|-activate|p1a: Calyrex|move: Protect\n|move|p1b: Brute Bonnet|Spore|p2a: Mienshao\n|-status|p2a: Mienshao|slp|[from] move: Spore\n|move|p2b: Wo-Chien|Leech Seed|p1a: Calyrex\n|-activate|p1a: Calyrex|move: Protect\n|\n|-weather|RainDance|[upkeep]\n|-heal|p2b: Wo-Chien|53/100|[from] item: Leftovers\n|upkeep\n|turn|4\n|inactive|kan2999 has 30 seconds left.\n|inactive|kan2999 has 20 seconds left.\n|inactive|kan2999 has 15 seconds left.\n|inactive|kan2999 has 10 seconds left.\n|inactive|kan2999 has 5 seconds left.\n|\n|t:|1775881226\n|cant|p2a: Mienshao|slp\n|move|p1a: Calyrex|Glacial Lance|p2a: Mienshao|[spread] p2a,p2b\n|-supereffective|p2b: Wo-Chien\n|-damage|p2a: Mienshao|13/100 slp\n|-damage|p2b: Wo-Chien|0 fnt\n|faint|p2b: Wo-Chien\n|-ability|p1a: Calyrex|Chilling Neigh|boost\n|-boost|p1a: Calyrex|atk|1\n|move|p1b: Brute Bonnet|Seed Bomb|p2a: Mienshao\n|-damage|p2a: Mienshao|0 fnt\n|faint|p2a: Mienshao\n|\n|-weather|RainDance|[upkeep]\n|upkeep\n|inactive|kan2999 has 30 seconds left.\n|inactive|kan2999 has 20 seconds left.\n|inactive|kan2999 has 15 seconds left.\n|inactive|kan2999 has 10 seconds left.\n|inactive|kan2999 has 5 seconds left.\n|\n|t:|1775881281\n|switch|p2a: Flutter Mane|Flutter Mane, L50|100/100\n|-enditem|p2a: Flutter Mane|Booster Energy\n|-activate|p2a: Flutter Mane|ability: Protosynthesis|[fromitem]\n|-start|p2a: Flutter Mane|protosynthesisspa\n|turn|5\n|inactive|kan2999 has 30 seconds left.\n|inactive|kan2999 has 20 seconds left.\n|inactive|kan2999 has 15 seconds left.\n|inactive|kan2999 has 10 seconds left.\n|inactive|kan2999 has 5 seconds left.\n|\n|t:|1775881336\n|move|p1a: Calyrex|Glacial Lance|p2a: Flutter Mane\n|-damage|p2a: Flutter Mane|0 fnt\n|faint|p2a: Flutter Mane\n|-end|p2a: Flutter Mane|Protosynthesis|[silent]\n|\n|win|Coreydfgh\n|raw|Coreydfgh's rating: 1389 &rarr; <strong>1407</strong><br />(+18 for winning)\n|raw|kan2999's rating: 1349 &rarr; <strong>1331</strong><br />(-18 for losing)\n|l|\u2606Coreydfgh\n|player|p1|\n|l|\u2606kan2999\n|player|p2|\n","uploadtime":1775881519,"views":10,"formatid":"gen9vgc2026regi","rating":1331,"private":0,"password":null}