{"id":"gen9vgc2026regi-2555752752","format":"[Gen 9] VGC 2026 Reg I","players":["drive stone","whisperd"],"log":"|j|\u2606drive stone\n|j|\u2606whisperd\n|t:|1773130796\n|gametype|doubles\n|player|p1|drive stone|cilan|1600\n|player|p2|whisperd|266|1500\n|gen|9\n|tier|[Gen 9] VGC 2026 Reg I\n|rated|\n|rule|Species Clause: Limit one of each Pok\u00e9mon\n|rule|Item Clause: Limit 1 of each item\n|clearpoke\n|poke|p1|Calyrex-Ice, L50|\n|poke|p1|Ho-Oh, L50|\n|poke|p1|Overqwil, L50, F|\n|poke|p1|Rillaboom, L50, M|\n|poke|p1|Ting-Lu, L50|\n|poke|p1|Ogerpon-Wellspring, L50, F|\n|poke|p2|Groudon, L50|\n|poke|p2|Lunala, L50|\n|poke|p2|Walking Wake, L50|\n|poke|p2|Ogerpon-Hearthflame, L50, F|\n|poke|p2|Ursaluna, L50, M|\n|poke|p2|Raging Bolt, L50|\n|teampreview|4\n|\n|t:|1773130826\n|teamsize|p1|4\n|teamsize|p2|4\n|start\n|switch|p1a: Calyrex|Calyrex-Ice, L50|100/100\n|switch|p1b: Overqwil|Overqwil, L50, F|100/100\n|switch|p2a: Groudon|Groudon, L50|100/100\n|switch|p2b: Walking Wake|Walking Wake, L50|100/100\n|-ability|p1a: Calyrex|As One\n|-ability|p1a: Calyrex|Unnerve\n|-weather|SunnyDay|[from] ability: Drought|[of] p2a: Groudon\n|-activate|p2b: Walking Wake|ability: Protosynthesis\n|-start|p2b: Walking Wake|protosynthesisspa\n|-ability|p1b: Overqwil|Intimidate|boost\n|-unboost|p2a: Groudon|atk|1\n|-unboost|p2b: Walking Wake|atk|1\n|turn|1\n|inactive|Battle timer is ON: inactive players will automatically lose when time's up. (requested by whisperd)\n|inactive|drive stone has 60 seconds left.\n|\n|t:|1773130857\n|-terastallize|p1a: Calyrex|Water\n|move|p1b: Overqwil|Protect|p1b: Overqwil\n|-singleturn|p1b: Overqwil|Protect\n|move|p2b: Walking Wake|Draco Meteor|p1a: Calyrex\n|-damage|p1a: Calyrex|27/100\n|-unboost|p2b: Walking Wake|spa|2\n|-damage|p2b: Walking Wake|91/100|[from] item: Life Orb\n|move|p2a: Groudon|Precipice Blades|p1b: Overqwil|[spread] p1a\n|-activate|p1b: Overqwil|move: Protect\n|-damage|p1a: Calyrex|10/100\n|move|p1a: Calyrex|Trick Room|p1a: Calyrex\n|-fieldstart|move: Trick Room|[of] p1a: Calyrex\n|\n|-weather|SunnyDay|[upkeep]\n|-heal|p1a: Calyrex|16/100|[from] item: Leftovers\n|upkeep\n|turn|2\n|inactive|whisperd has 30 seconds left.\n|\n|t:|1773130889\n|switch|p1a: Ting-Lu|Ting-Lu, L50|100/100\n|-ability|p1a: Ting-Lu|Vessel of Ruin\n|-end|p2b: Walking Wake|Protosynthesis|[silent]\n|switch|p2b: Ogerpon|Ogerpon-Hearthflame, L50, F|100/100\n|-ability|p2b: Ogerpon|Mold Breaker\n|-terastallize|p2a: Groudon|Water\n|move|p1b: Overqwil|Toxic Spikes|p2a: Groudon\n|-sidestart|p2: whisperd|move: Toxic Spikes\n|move|p2a: Groudon|Thunder Punch|p1a: Ting-Lu\n|-immune|p1a: Ting-Lu\n|\n|-weather|SunnyDay|[upkeep]\n|upkeep\n|turn|3\n|inactive|drive stone has 30 seconds left.\n|inactive|whisperd has 30 seconds left.\n|\n|t:|1773130915\n|switch|p1b: Ho-Oh|Ho-Oh, L50|100/100\n|move|p2b: Ogerpon|Spiky Shield|p2b: Ogerpon\n|-singleturn|p2b: Ogerpon|move: Protect\n|move|p1a: Ting-Lu|Earthquake|p2b: Ogerpon|[spread] p2a\n|-activate|p2b: Ogerpon|move: Protect\n|-immune|p1b: Ho-Oh\n|-damage|p2a: Groudon|63/100\n|move|p2a: Groudon|Precipice Blades|p1b: Ho-Oh|[spread] p1a\n|-immune|p1b: Ho-Oh\n|-damage|p1a: Ting-Lu|81/100\n|\n|-weather|SunnyDay|[upkeep]\n|upkeep\n|turn|4\n|\n|t:|1773130935\n|move|p1a: Ting-Lu|Earthquake|p2b: Ogerpon|[spread] p2a,p2b\n|-immune|p1b: Ho-Oh\n|-damage|p2a: Groudon|25/100\n|-damage|p2b: Ogerpon|48/100\n|move|p1b: Ho-Oh|Sacred Fire|p2b: Ogerpon\n|-damage|p2b: Ogerpon|0 fnt\n|faint|p2b: Ogerpon\n|move|p2a: Groudon|Thunder Punch|p1b: Ho-Oh\n|-supereffective|p1b: Ho-Oh\n|-damage|p1b: Ho-Oh|76/100\n|-damage|p2a: Groudon|8/100|[from] item: Rocky Helmet|[of] p1b: Ho-Oh\n|\n|-weather|SunnyDay|[upkeep]\n|upkeep\n|\n|t:|1773130949\n|switch|p2b: Lunala|Lunala, L50|100/100\n|-status|p2b: Lunala|psn\n|turn|5\n|\n|t:|1773130965\n|move|p1a: Ting-Lu|Earthquake|p2a: Groudon|[spread] p2a,p2b\n|-immune|p1b: Ho-Oh\n|-damage|p2a: Groudon|0 fnt\n|-damage|p2b: Lunala|77/100 psn\n|faint|p2a: Groudon\n|move|p1b: Ho-Oh|Sacred Fire|p2b: Lunala\n|-damage|p2b: Lunala|24/100 psn\n|move|p2b: Lunala|Meteor Beam||[still]\n|-prepare|p2b: Lunala|Meteor Beam\n|-boost|p2b: Lunala|spa|1\n|-enditem|p2b: Lunala|Power Herb\n|-anim|p2b: Lunala|Meteor Beam|p1b: Ho-Oh\n|-supereffective|p1b: Ho-Oh\n|-damage|p1b: Ho-Oh|0 fnt\n|faint|p1b: Ho-Oh\n|\n|-weather|none\n|-damage|p2b: Lunala|12/100 psn|[from] psn\n|-fieldend|move: Trick Room\n|upkeep\n|\n|t:|1773130986\n|switch|p2a: Walking Wake|Walking Wake, L50|91/100\n|switch|p1b: Calyrex|Calyrex-Ice, L50, tera:Water|16/100\n|-ability|p1b: Calyrex|As One\n|-ability|p1b: Calyrex|Unnerve\n|-status|p2a: Walking Wake|psn\n|turn|6\n|\n|t:|1773130998\n|move|p1b: Calyrex|Protect|p1b: Calyrex\n|-singleturn|p1b: Calyrex|Protect\n|move|p2a: Walking Wake|Hydro Steam|p1a: Ting-Lu\n|-supereffective|p1a: Ting-Lu\n|-damage|p1a: Ting-Lu|21/100\n|-damage|p2a: Walking Wake|81/100 psn|[from] item: Life Orb\n|move|p2b: Lunala|Heat Wave|p1a: Ting-Lu|[spread] p1a\n|-activate|p1b: Calyrex|move: Protect\n|-damage|p1a: Ting-Lu|0 fnt\n|faint|p1a: Ting-Lu\n|\n|-heal|p1b: Calyrex|22/100|[from] item: Leftovers\n|-damage|p2a: Walking Wake|69/100 psn|[from] psn\n|-damage|p2b: Lunala|0 fnt|[from] psn\n|faint|p2b: Lunala\n|upkeep\n|\n|t:|1773131014\n|switch|p1a: Overqwil|Overqwil, L50, F|100/100\n|-ability|p1a: Overqwil|Intimidate|boost\n|-unboost|p2a: Walking Wake|atk|1\n|turn|7\n|\n|t:|1773131022\n|move|p2a: Walking Wake|Draco Meteor|p1b: Calyrex\n|-damage|p1b: Calyrex|0 fnt\n|-unboost|p2a: Walking Wake|spa|2\n|faint|p1b: Calyrex\n|-damage|p2a: Walking Wake|59/100 psn|[from] item: Life Orb\n|move|p1a: Overqwil|Barb Barrage|p2a: Walking Wake\n|-damage|p2a: Walking Wake|9/100 psn\n|\n|-damage|p2a: Walking Wake|0 fnt|[from] psn\n|faint|p2a: Walking Wake\n|-end|p2a: Walking Wake|Protosynthesis|[silent]\n|\n|win|drive stone\n|raw|drive stone's rating: 1600 &rarr; <strong>1614</strong><br />(+14 for winning)\n|raw|whisperd's rating: 1500 &rarr; <strong>1486</strong><br />(-14 for losing)\n|l|\u2606whisperd\n|player|p2|\n|l|\u2606drive stone\n|player|p1|\n","uploadtime":1773131261,"views":18,"formatid":"gen9vgc2026regi","rating":1486,"private":0,"password":null}