{"id":"gen9vgc2026regi-2558813975","format":"[Gen 9] VGC 2026 Reg I","players":["Gabriel_Vgc72","marcxhenry"],"log":"|j|\u2606Gabriel_Vgc72\n|j|\u2606marcxhenry\n|t:|1773487491\n|gametype|doubles\n|player|p1|Gabriel_Vgc72|265|1369\n|player|p2|marcxhenry|hilbert-wonderlauncher|1383\n|gen|9\n|tier|[Gen 9] VGC 2026 Reg I\n|rated|\n|rule|Species Clause: Limit one of each Pok\u00e9mon\n|rule|Item Clause: Limit 1 of each item\n|clearpoke\n|poke|p1|Miraidon, L50|\n|poke|p1|Volcarona, L50, M|\n|poke|p1|Zamazenta-*, L50|\n|poke|p1|Ogerpon, L50, F|\n|poke|p1|Incineroar, L50, M|\n|poke|p1|Rillaboom, L50, M|\n|poke|p2|Calyrex-Shadow, L50|\n|poke|p2|Urshifu-*, L50, M|\n|poke|p2|Roaring Moon, L50|\n|poke|p2|Kyogre, L50|\n|poke|p2|Tsareena, L50, F|\n|poke|p2|Kingambit, L50, M|\n|teampreview|4\n|\n|t:|1773487510\n|teamsize|p1|4\n|teamsize|p2|4\n|start\n|switch|p1a: Miraidon|Miraidon, L50|100/100\n|switch|p1b: Volcarona|Volcarona, L50, M|100/100\n|switch|p2a: Ludwig|Calyrex-Shadow, L50|100/100\n|switch|p2b: Roter Baron|Roaring Moon, L50, shiny|100/100\n|-ability|p2a: Ludwig|As One\n|-ability|p2a: Ludwig|Unnerve\n|-fieldstart|move: Electric Terrain|[from] ability: Hadron Engine|[of] p1a: Miraidon\n|-enditem|p1b: Volcarona|Electric Seed\n|-boost|p1b: Volcarona|def|1|[from] item: Electric Seed\n|-enditem|p2b: Roter Baron|Booster Energy\n|-activate|p2b: Roter Baron|ability: Protosynthesis|[fromitem]\n|-start|p2b: Roter Baron|protosynthesisspe\n|turn|1\n|\n|t:|1773487530\n|move|p2b: Roter Baron|Tailwind|p2b: Roter Baron\n|-sidestart|p2: marcxhenry|move: Tailwind\n|move|p2a: Ludwig|Astral Barrage|p1a: Miraidon|[spread] p1a,p1b\n|-damage|p1a: Miraidon|54/100\n|-damage|p1b: Volcarona|48/100\n|move|p1a: Miraidon|Snarl|p2a: Ludwig|[spread] p2a,p2b\n|-supereffective|p2a: Ludwig\n|-resisted|p2b: Roter Baron\n|-damage|p2a: Ludwig|18/100\n|-damage|p2b: Roter Baron|90/100\n|-unboost|p2a: Ludwig|spa|1\n|-unboost|p2b: Roter Baron|spa|1\n|move|p1b: Volcarona|Quiver Dance|p1b: Volcarona\n|-boost|p1b: Volcarona|spa|1\n|-boost|p1b: Volcarona|spd|1\n|-boost|p1b: Volcarona|spe|1\n|\n|upkeep\n|turn|2\n|\n|t:|1773487554\n|switch|p2a: Tripitz|Kyogre, L50, shiny|100/100\n|-weather|RainDance|[from] ability: Drizzle|[of] p2a: Tripitz\n|switch|p1a: Rillaboom|Rillaboom, L50, M|100/100\n|-fieldstart|move: Grassy Terrain|[from] ability: Grassy Surge|[of] p1a: Rillaboom\n|move|p2b: Roter Baron|Knock Off|p1a: Rillaboom\n|-damage|p1a: Rillaboom|51/100\n|-enditem|p1a: Rillaboom|Assault Vest|[from] move: Knock Off|[of] p2b: Roter Baron\n|move|p1b: Volcarona|Giga Drain|p2a: Tripitz\n|-supereffective|p2a: Tripitz\n|-damage|p2a: Tripitz|32/100\n|-heal|p1b: Volcarona|81/100|[from] drain|[of] p2a: Tripitz\n|\n|-weather|RainDance|[upkeep]\n|-heal|p2b: Roter Baron|96/100|[from] Grassy Terrain\n|-heal|p2a: Tripitz|39/100|[from] Grassy Terrain\n|-heal|p1b: Volcarona|87/100|[from] Grassy Terrain\n|-heal|p1a: Rillaboom|57/100|[from] Grassy Terrain\n|upkeep\n|turn|3\n|\n|t:|1773487576\n|switch|p2a: Hitmonshe|Tsareena, L50, F, shiny|100/100\n|-terastallize|p2b: Roter Baron|Flying\n|-terastallize|p1b: Volcarona|Grass\n|move|p2b: Roter Baron|Acrobatics|p1b: Volcarona\n|-supereffective|p1b: Volcarona\n|-damage|p1b: Volcarona|0 fnt\n|faint|p1b: Volcarona\n|move|p1a: Rillaboom|U-turn|p2b: Roter Baron\n|-resisted|p2b: Roter Baron\n|-damage|p2b: Roter Baron|84/100\n|\n|t:|1773487582\n|switch|p1a: Zamazenta|Zamazenta-Crowned, L50|100/100|[from] U-turn\n|-ability|p1a: Zamazenta|Dauntless Shield|boost\n|-boost|p1a: Zamazenta|def|1\n|\n|-weather|RainDance|[upkeep]\n|upkeep\n|\n|t:|1773487585\n|switch|p1b: Miraidon|Miraidon, L50|54/100\n|-fieldstart|move: Electric Terrain|[from] ability: Hadron Engine|[of] p1b: Miraidon\n|turn|4\n|\n|t:|1773487600\n|move|p2b: Roter Baron|Protect|p2b: Roter Baron\n|-singleturn|p2b: Roter Baron|Protect\n|move|p1b: Miraidon|Volt Switch|p2b: Roter Baron\n|-activate|p2b: Roter Baron|move: Protect\n|move|p2a: Hitmonshe|Taunt|p1a: Zamazenta\n|-start|p1a: Zamazenta|move: Taunt\n|move|p1a: Zamazenta|Body Press|p2a: Hitmonshe\n|-crit|p2a: Hitmonshe\n|-damage|p2a: Hitmonshe|0 fnt\n|faint|p2a: Hitmonshe\n|\n|-weather|RainDance|[upkeep]\n|-sideend|p2: marcxhenry|move: Tailwind\n|upkeep\n|\n|t:|1773487617\n|switch|p2a: Ludwig|Calyrex-Shadow, L50|18/100\n|-ability|p2a: Ludwig|As One\n|-ability|p2a: Ludwig|Unnerve\n|turn|5\n|\n|t:|1773487625\n|move|p2b: Roter Baron|Knock Off|p1b: Miraidon\n|-damage|p1b: Miraidon|7/100\n|-enditem|p1b: Miraidon|Choice Scarf|[from] move: Knock Off|[of] p2b: Roter Baron\n|move|p2a: Ludwig|Astral Barrage|p1a: Zamazenta|[spread] p1a,p1b\n|-damage|p1a: Zamazenta|60/100\n|-damage|p1b: Miraidon|0 fnt\n|faint|p1b: Miraidon\n|-ability|p2a: Ludwig|Grim Neigh|boost\n|-boost|p2a: Ludwig|spa|1\n|move|p1a: Zamazenta|Heavy Slam|p2a: Ludwig\n|-damage|p2a: Ludwig|0 fnt\n|faint|p2a: Ludwig\n|\n|-weather|RainDance|[upkeep]\n|upkeep\n|\n|t:|1773487643\n|switch|p2a: Tripitz|Kyogre, L50, shiny|39/100\n|switch|p1b: Rillaboom|Rillaboom, L50, M|57/100\n|-fieldstart|move: Grassy Terrain|[from] ability: Grassy Surge|[of] p1b: Rillaboom\n|turn|6\n|\n|t:|1773487655\n|move|p1b: Rillaboom|Grassy Glide|p2a: Tripitz\n|-supereffective|p2a: Tripitz\n|-crit|p2a: Tripitz\n|-damage|p2a: Tripitz|0 fnt\n|faint|p2a: Tripitz\n|move|p2b: Roter Baron|Acrobatics|p1b: Rillaboom\n|-supereffective|p1b: Rillaboom\n|-damage|p1b: Rillaboom|0 fnt\n|faint|p1b: Rillaboom\n|move|p1a: Zamazenta|Body Press|p2b: Roter Baron\n|-resisted|p2b: Roter Baron\n|-damage|p2b: Roter Baron|45/100\n|\n|-weather|none\n|-heal|p1a: Zamazenta|66/100|[from] Grassy Terrain\n|-end|p1a: Zamazenta|move: Taunt\n|upkeep\n|turn|7\n|\n|t:|1773487671\n|move|p2b: Roter Baron|Acrobatics|p1a: Zamazenta\n|-damage|p1a: Zamazenta|41/100\n|move|p1a: Zamazenta|Heavy Slam|p2b: Roter Baron\n|-damage|p2b: Roter Baron|13/100\n|\n|-heal|p1a: Zamazenta|47/100|[from] Grassy Terrain\n|upkeep\n|turn|8\n|\n|t:|1773487684\n|move|p2b: Roter Baron|Acrobatics|p1a: Zamazenta\n|-damage|p1a: Zamazenta|24/100\n|move|p1a: Zamazenta|Heavy Slam|p2b: Roter Baron\n|-damage|p2b: Roter Baron|0 fnt\n|faint|p2b: Roter Baron\n|-end|p2b: Roter Baron|Protosynthesis|[silent]\n|\n|win|Gabriel_Vgc72\n|raw|Gabriel_Vgc72's rating: 1369 &rarr; <strong>1390</strong><br />(+21 for winning)\n|raw|marcxhenry's rating: 1383 &rarr; <strong>1362</strong><br />(-21 for losing)\n|l|\u2606marcxhenry\n|player|p2|\n","uploadtime":1773487951,"views":15,"formatid":"gen9vgc2026regi","rating":1362,"private":0,"password":null}