{"id":"gen9vgc2026regi-2519791661","format":"[Gen 9] VGC 2026 Reg I","players":["Darieking","inb_178"],"log":"|j|\u2606Darieking\n|j|\u2606inb_178\n|t:|1768550789\n|gametype|doubles\n|player|p1|Darieking|102|1083\n|player|p2|inb_178|265|1088\n|gen|9\n|tier|[Gen 9] VGC 2026 Reg I\n|rated|\n|rule|Species Clause: Limit one of each Pok\u00e9mon\n|rule|Item Clause: Limit 1 of each item\n|clearpoke\n|poke|p1|Miraidon, L50|\n|poke|p1|Raichu-Alola, L50, M|\n|poke|p1|Lunala, L50|\n|poke|p1|Porygon2, L50|\n|poke|p1|Iron Valiant, L50|\n|poke|p1|Politoed, L50, F|\n|poke|p2|Miraidon, L50|\n|poke|p2|Zamazenta-*, L50|\n|poke|p2|Iron Bundle, L50|\n|poke|p2|Incineroar, L50, M|\n|poke|p2|Ting-Lu, L50|\n|poke|p2|Amoonguss, L50, M|\n|teampreview|4\n|j| avarussurava\n|\n|t:|1768550819\n|teamsize|p1|4\n|teamsize|p2|4\n|start\n|switch|p1a: Miraidon|Miraidon, L50|100/100\n|switch|p1b: Raichu|Raichu-Alola, L50, M|100/100\n|switch|p2a: Miraidon|Miraidon, L50|100/100\n|switch|p2b: Iron Bundle|Iron Bundle, L50|100/100\n|-fieldstart|move: Electric Terrain|[from] ability: Hadron Engine|[of] p2a: Miraidon\n|-activate|p2b: Iron Bundle|ability: Quark Drive\n|-start|p2b: Iron Bundle|quarkdrivespe\n|-activate|p1a: Miraidon|ability: Hadron Engine\n|turn|1\n|c|\u2606Darieking|coaching session?\n|\n|t:|1768550860\n|-terastallize|p1a: Miraidon|Electric\n|move|p1b: Raichu|Fake Tears|p2b: Iron Bundle\n|-unboost|p2b: Iron Bundle|spd|2\n|move|p2b: Iron Bundle|Icy Wind|p1a: Miraidon|[spread] p1a,p1b\n|-damage|p1a: Miraidon|82/100\n|-damage|p1b: Raichu|72/100\n|-unboost|p1a: Miraidon|spe|1\n|-unboost|p1b: Raichu|spe|1\n|-enditem|p1b: Raichu|Eject Button\n|\n|t:|1768550870\n|switch|p1b: Politoed|Politoed, L50, F|100/100\n|-weather|RainDance|[from] ability: Drizzle|[of] p1b: Politoed\n|-enditem|p1b: Politoed|Electric Seed\n|-boost|p1b: Politoed|def|1|[from] item: Electric Seed\n|move|p2a: Miraidon|Volt Switch|p1b: Politoed\n|-supereffective|p1b: Politoed\n|-damage|p1b: Politoed|0 fnt\n|faint|p1b: Politoed\n|c| avarussurava|uh oh\n|\n|t:|1768550888\n|switch|p2a: Amoonguss|Amoonguss, L50, M|100/100|[from] Volt Switch\n|move|p1a: Miraidon|Dazzling Gleam|p2b: Iron Bundle|[spread] p2a,p2b\n|-resisted|p2a: Amoonguss\n|-damage|p2a: Amoonguss|81/100\n|-enditem|p2b: Iron Bundle|Focus Sash\n|-damage|p2b: Iron Bundle|1/100\n|\n|-weather|RainDance|[upkeep]\n|upkeep\n|\n|t:|1768550895\n|switch|p1b: Raichu|Raichu-Alola, L50, M|72/100\n|turn|2\n|c|\u2606Darieking|nah i got this\n|\n|t:|1768550912\n|move|p2a: Amoonguss|Rage Powder|p2a: Amoonguss\n|-singleturn|p2a: Amoonguss|move: Rage Powder\n|move|p1b: Raichu|Electroweb|p2a: Amoonguss|[spread] p2a,p2b\n|-resisted|p2a: Amoonguss\n|-supereffective|p2b: Iron Bundle\n|-damage|p2a: Amoonguss|68/100\n|-damage|p2b: Iron Bundle|0 fnt\n|-unboost|p2a: Amoonguss|spe|1\n|faint|p2b: Iron Bundle\n|-end|p2b: Iron Bundle|Quark Drive|[silent]\n|move|p1a: Miraidon|Dazzling Gleam|p2a: Amoonguss\n|-resisted|p2a: Amoonguss\n|-damage|p2a: Amoonguss|39/100\n|\n|-weather|RainDance|[upkeep]\n|upkeep\n|c|\u2606Darieking|EASY\n|\n|t:|1768550925\n|switch|p2b: Miraidon|Miraidon, L50|100/100\n|-activate|p2b: Miraidon|ability: Hadron Engine\n|turn|3\n|\n|t:|1768550943\n|-terastallize|p2b: Miraidon|Electric\n|move|p2a: Amoonguss|Protect|p2a: Amoonguss\n|-singleturn|p2a: Amoonguss|Protect\n|move|p1b: Raichu|Electroweb|p2a: Amoonguss|[spread] p2b\n|-activate|p2a: Amoonguss|move: Protect\n|-resisted|p2b: Miraidon\n|-damage|p2b: Miraidon|90/100\n|-unboost|p2b: Miraidon|spe|1\n|move|p2b: Miraidon|Electro Drift|p1b: Raichu\n|-resisted|p1b: Raichu\n|-damage|p1b: Raichu|0 fnt\n|faint|p1b: Raichu\n|move|p1a: Miraidon|Dazzling Gleam|p2a: Amoonguss|[spread] p2b\n|-activate|p2a: Amoonguss|move: Protect\n|-damage|p2b: Miraidon|54/100\n|\n|-weather|RainDance|[upkeep]\n|upkeep\n|\n|t:|1768550959\n|switch|p1b: Lunala|Lunala, L50|100/100\n|turn|4\n|c|\u2606Darieking|oop\n|\n|t:|1768550968\n|move|p2b: Miraidon|Electro Drift|p1b: Lunala\n|-damage|p1b: Lunala|57/100\n|move|p1a: Miraidon|Dazzling Gleam|p2b: Miraidon|[spread] p2a,p2b\n|-resisted|p2a: Amoonguss\n|-damage|p2a: Amoonguss|20/100\n|-damage|p2b: Miraidon|17/100\n|move|p1b: Lunala|Meteor Beam||[still]\n|-prepare|p1b: Lunala|Meteor Beam\n|-boost|p1b: Lunala|spa|1\n|-enditem|p1b: Lunala|Power Herb\n|-anim|p1b: Lunala|Meteor Beam|p2a: Amoonguss\n|-damage|p2a: Amoonguss|0 fnt\n|faint|p2a: Amoonguss\n|\n|-weather|RainDance|[upkeep]\n|upkeep\n|c|\u2606Darieking|guys i lost gg\n|\n|t:|1768550984\n|switch|p2a: Zamazenta|Zamazenta-Crowned, L50|100/100\n|-ability|p2a: Zamazenta|Dauntless Shield|boost\n|-boost|p2a: Zamazenta|def|1\n|turn|5\n|c| avarussurava|T_T\n|\n|t:|1768550998\n|move|p2a: Zamazenta|Body Press|p1a: Miraidon\n|-damage|p1a: Miraidon|9/100\n|move|p2b: Miraidon|Electro Drift|p1b: Lunala\n|-damage|p1b: Lunala|0 fnt\n|faint|p1b: Lunala\n|move|p1a: Miraidon|Dazzling Gleam|p2a: Zamazenta|[spread] p2a,p2b\n|-damage|p2a: Zamazenta|69/100\n|-damage|p2b: Miraidon|0 fnt\n|faint|p2b: Miraidon\n|\n|-weather|none\n|-fieldend|move: Electric Terrain\n|upkeep\n|turn|6\n|c|\u2606Darieking|yepp\n|c|\u2606Darieking|gg\n|\n|t:|1768551013\n|move|p2a: Zamazenta|Body Press|p1a: Miraidon\n|-damage|p1a: Miraidon|0 fnt\n|faint|p1a: Miraidon\n|\n|win|inb_178\n|raw|Darieking's rating: 1083 &rarr; <strong>1061</strong><br />(-22 for losing)\n|raw|inb_178's rating: 1088 &rarr; <strong>1114</strong><br />(+26 for winning)\n|c| avarussurava|gg\n|l|\u2606inb_178\n|player|p2|\n|c|\u2606Darieking|missed play that since turn 3\n|l| avarussurava\n|l|\u2606Darieking\n|player|p1|\n","uploadtime":1768551417,"views":11,"formatid":"gen9vgc2026regi","rating":1061,"private":0,"password":null}