{"id":"gen9vgc2026regi-2516625248","format":"[Gen 9] VGC 2026 Reg I","players":["Orizor","j0l0k0"],"log":"|j|\u2606Orizor\n|j|\u2606j0l0k0\n|t:|1768162953\n|gametype|doubles\n|player|p1|Orizor|hilbert|1195\n|player|p2|j0l0k0|brycen|1381\n|gen|9\n|tier|[Gen 9] VGC 2026 Reg I\n|rated|\n|rule|Species Clause: Limit one of each Pok\u00e9mon\n|rule|Item Clause: Limit 1 of each item\n|clearpoke\n|poke|p1|Koraidon, L50|\n|poke|p1|Lunala, L50|\n|poke|p1|Incineroar, L50, F|\n|poke|p1|Ursaluna, L50, M|\n|poke|p1|Jumpluff, L50, M|\n|poke|p1|Ditto, L50|\n|poke|p2|Calyrex-Ice, L50|\n|poke|p2|Kyogre, L50|\n|poke|p2|Indeedee-F, L50, F|\n|poke|p2|Urshifu-*, L50, F|\n|poke|p2|Amoonguss, L50, F|\n|poke|p2|Landorus, L50, M|\n|teampreview|4\n|inactive|Battle timer is ON: inactive players will automatically lose when time's up. (requested by j0l0k0)\n|inactive|Orizor also wants the timer to be on.\n|inactive|Orizor has 60 seconds left.\n|\n|t:|1768162987\n|teamsize|p1|4\n|teamsize|p2|4\n|start\n|switch|p1a: Envy|Ditto, L50|100/100\n|switch|p1b: Pride|Lunala, L50|100/100\n|switch|p2a: Indeedee|Indeedee-F, L50, F, shiny|100/100\n|switch|p2b: Calyrex|Calyrex-Ice, L50|100/100\n|-ability|p2b: Calyrex|As One\n|-ability|p2b: Calyrex|Unnerve\n|-fieldstart|move: Psychic Terrain|[from] ability: Psychic Surge|[of] p2a: Indeedee\n|-transform|p1a: Envy|p2b: Calyrex|[from] ability: Imposter\n|-ability|p1a: Envy|As One\n|-ability|p1a: Envy|Unnerve\n|turn|1\n|inactive|Orizor has 30 seconds left.\n|inactive|j0l0k0 has 30 seconds left.\n|\n|t:|1768163021\n|-terastallize|p1b: Pride|Fairy\n|move|p2a: Indeedee|Helping Hand|p2b: Calyrex\n|-singleturn|p2b: Calyrex|Helping Hand|[of] p2a: Indeedee\n|move|p2b: Calyrex|Crunch|p1a: Envy\n|-supereffective|p1a: Envy\n|-damage|p1a: Envy|15/100\n|move|p1a: Envy|Crunch|p2a: Indeedee\n|-supereffective|p2a: Indeedee\n|-damage|p2a: Indeedee|20/100\n|move|p1b: Pride|Trick Room|p1b: Pride\n|-fieldstart|move: Trick Room|[of] p1b: Pride\n|\n|upkeep\n|turn|2\n|\n|t:|1768163044\n|switch|p1a: Edward|Jumpluff, L50, M|100/100\n|move|p2a: Indeedee|Follow Me|p2a: Indeedee\n|-singleturn|p2a: Indeedee|move: Follow Me\n|move|p2b: Calyrex|Crunch|p1a: Edward\n|-damage|p1a: Edward|61/100\n|move|p1b: Pride|Moongeist Beam|p2a: Indeedee\n|-immune|p2a: Indeedee\n|\n|upkeep\n|turn|3\n|\n|t:|1768163059\n|move|p1b: Pride|Wide Guard|p1b: Pride\n|-singleturn|p1b: Pride|Wide Guard\n|move|p2a: Indeedee|Follow Me|p2a: Indeedee\n|-singleturn|p2a: Indeedee|move: Follow Me\n|move|p2b: Calyrex|Glacial Lance|p1b: Pride|[spread] \n|-activate|p1a: Edward|move: Wide Guard\n|-activate|p1b: Pride|move: Wide Guard\n|move|p1a: Edward|Pollen Puff|p2a: Indeedee\n|-supereffective|p2a: Indeedee\n|-damage|p2a: Indeedee|0 fnt\n|faint|p2a: Indeedee\n|\n|upkeep\n|\n|t:|1768163071\n|switch|p2a: Kyogre|Kyogre, L50, shiny|100/100\n|-weather|RainDance|[from] ability: Drizzle|[of] p2a: Kyogre\n|turn|4\n|\n|t:|1768163094\n|move|p2b: Calyrex|Glacial Lance|p1a: Edward|[spread] p1a,p1b\n|-supereffective|p1a: Edward\n|-damage|p1a: Edward|0 fnt\n|-damage|p1b: Pride|79/100\n|faint|p1a: Edward\n|-ability|p2b: Calyrex|Chilling Neigh|boost\n|-boost|p2b: Calyrex|atk|1\n|move|p2a: Kyogre|Ice Beam|p1b: Pride\n|-damage|p1b: Pride|52/100\n|-status|p1b: Pride|frz\n|-curestatus|p1b: Pride|frz|[msg]\n|move|p1b: Pride|Moongeist Beam|p2a: Kyogre\n|-damage|p2a: Kyogre|77/100\n|\n|-weather|RainDance|[upkeep]\n|-heal|p1b: Pride|58/100|[from] item: Leftovers\n|upkeep\n|\n|t:|1768163104\n|switch|p1a: Envy|Ditto, L50|15/100\n|-transform|p1a: Envy|p2b: Calyrex|[from] ability: Imposter\n|-ability|p1a: Envy|As One\n|-ability|p1a: Envy|Unnerve\n|turn|5\n|\n|t:|1768163117\n|move|p1b: Pride|Wide Guard|p1b: Pride\n|-singleturn|p1b: Pride|Wide Guard\n|move|p2b: Calyrex|Crunch|p1a: Envy\n|-supereffective|p1a: Envy\n|-damage|p1a: Envy|0 fnt\n|faint|p1a: Envy\n|-ability|p2b: Calyrex|Chilling Neigh|boost\n|-boost|p2b: Calyrex|atk|1\n|move|p2a: Kyogre|Water Spout|p1b: Pride\n|-activate|p1b: Pride|move: Wide Guard\n|\n|-weather|RainDance|[upkeep]\n|-heal|p1b: Pride|64/100|[from] item: Leftovers\n|-fieldend|move: Trick Room\n|-fieldend|move: Psychic Terrain\n|upkeep\n|\n|t:|1768163122\n|switch|p1a: Greed|Koraidon, L50|100/100\n|-weather|SunnyDay|[from] ability: Orichalcum Pulse|[of] p1a: Greed\n|-activate|p1a: Greed|Orichalcum Pulse|[source]\n|turn|6\n|j| riyuezi\n|\n|t:|1768163142\n|-terastallize|p2b: Calyrex|Normal\n|move|p1a: Greed|Close Combat|p2b: Calyrex\n|-supereffective|p2b: Calyrex\n|-damage|p2b: Calyrex|0 fnt\n|-unboost|p1a: Greed|def|1\n|-unboost|p1a: Greed|spd|1\n|faint|p2b: Calyrex\n|-damage|p1a: Greed|91/100|[from] item: Life Orb\n|move|p1b: Pride|Moongeist Beam|p2a: Kyogre\n|-damage|p2a: Kyogre|51/100\n|move|p2a: Kyogre|Ice Beam|p1a: Greed\n|-supereffective|p1a: Greed\n|-damage|p1a: Greed|0 fnt\n|faint|p1a: Greed\n|\n|-weather|SunnyDay|[upkeep]\n|-heal|p1b: Pride|70/100|[from] item: Leftovers\n|upkeep\n|\n|t:|1768163159\n|switch|p2b: Urshifu|Urshifu, L50, F|100/100\n|turn|7\n|\n|t:|1768163167\n|move|p2b: Urshifu|Poison Jab|p1b: Pride\n|-supereffective|p1b: Pride\n|-damage|p1b: Pride|24/100\n|-status|p1b: Pride|psn\n|move|p1b: Pride|Moonblast|p2b: Urshifu\n|-supereffective|p2b: Urshifu\n|-enditem|p2b: Urshifu|Focus Sash\n|-damage|p2b: Urshifu|1/100\n|move|p2a: Kyogre|Ice Beam|p1b: Pride\n|-damage|p1b: Pride|0 fnt\n|faint|p1b: Pride\n|\n|win|j0l0k0\n|raw|Orizor's rating: 1195 &rarr; <strong>1182</strong><br />(-13 for losing)\n|raw|j0l0k0's rating: 1381 &rarr; <strong>1391</strong><br />(+10 for winning)\n|l| riyuezi\n","uploadtime":1768163171,"views":12,"formatid":"gen9vgc2026regi","rating":1182,"private":0,"password":null}