{"id":"gen9vgc2026regi-2570104572","format":"[Gen 9] VGC 2026 Reg I","players":["salvx","smartyff"],"log":"|j|\u2606salvx\n|j|\u2606smartyff\n|html|<table width=\"100%\"><tr><td align=\"left\">salvx</td><td align=\"right\">smartyff</tr><tr><td align=\"left\"><i class=\"fa fa-circle-o\"></i> <i class=\"fa fa-circle-o\"></i> </td><td align=\"right\"><i class=\"fa fa-circle-o\"></i> <i class=\"fa fa-circle-o\"></i> </tr></table>\n|uhtml|bestof|<h2><strong>Game 1</strong> of <a href=\"/game-bestof3-gen9vgc2026regi-2570104571\">a best-of-3</a></h2>\n|t:|1774771180\n|gametype|doubles\n|player|p1|salvx|shadowtriad|\n|player|p2|smartyff|266|\n|gen|9\n|tier|[Gen 9] VGC 2026 Reg I\n|rated|Tournament battle\n|rule|Species Clause: Limit one of each Pok\u00e9mon\n|rule|Item Clause: Limit 1 of each item\n|raw|<div class=\"infobox\"><details class=\"readmore\" open><summary><strong>4 custom rules:</strong></summary> Open Team Sheets, Force Open Team Sheets, !Open Team Sheets, Best of = 3</details></div>\n|clearpoke\n|poke|p1|Zamazenta-*, L50|\n|poke|p1|Flutter Mane, L50|\n|poke|p1|Tornadus, L50, M|\n|poke|p1|Amoonguss, L50, M|\n|poke|p1|Incineroar, L50, F|\n|poke|p1|Giratina-Origin, L50|\n|poke|p2|Calyrex-Ice, L50|\n|poke|p2|Amoonguss, L50, F|\n|poke|p2|Pelipper, L50, F|\n|poke|p2|Zamazenta-*, L50|\n|poke|p2|Flutter Mane, L50|\n|poke|p2|Landorus, L50, M|\n|teampreview|4\n|showteam|p1|Zamazenta-Crowned||RustedShield|DauntlessShield|Protect,Howl,BodyPress,behemothbash||||||50|,,,,,Water]Flutter Mane||ChoiceSpecs|Protosynthesis|Moonblast,DazzlingGleam,ShadowBall,IcyWind||||||50|,,,,,Fairy]Tornadus||CovertCloak|Prankster|Protect,Taunt,BleakwindStorm,Tailwind|||M|||50|,,,,,Dark]Amoonguss||RockyHelmet|Regenerator|Spore,RagePowder,PollenPuff,Protect|||M|||50|,,,,,Dark]Incineroar||SafetyGoggles|Intimidate|FakeOut,PartingShot,KnockOff,WillOWisp|||F|||50|,,,,,Ghost]Giratina-Origin||GriseousCore|Levitate|Poltergeist,DragonClaw,ShadowSneak,Protect||||||50|,,,,,Fire\n|showteam|p2|Calyrex-Ice||NeverMeltIce|AsOneGlastrier|TrickRoom,GlacialLance,HighHorsepower,Protect||||||50|,,,,,Fairy]Amoonguss||RockyHelmet|Regenerator|Spore,RagePowder,PollenPuff,Protect|||F|||50|,,,,,Water]Pelipper||FocusSash|Drizzle|WeatherBall,Hurricane,WideGuard,Protect|||F|||50|,,,,,Ghost]Zamazenta-Crowned||RustedShield|DauntlessShield|BodyPress,behemothbash,WideGuard,Protect||||||50|,,,,,Grass]Flutter Mane||BoosterEnergy|Protosynthesis|Moonblast,ShadowBall,IcyWind,Protect||||||50|,,,,,Normal]Landorus||LifeOrb|SheerForce|EarthPower,SludgeBomb,SandsearStorm,Protect|||M|||50|,,,,,Water\n|inactive|Battle timer is ON: inactive players will automatically lose when time's up. (requested by smartyff)\n|j| H4irashi\n|l| H4irashi\n|inactive|salvx has 60 seconds left.\n|inactive|smartyff has 60 seconds left.\n|inactive|smartyff has 30 seconds left.\n|\n|t:|1774771269\n|teamsize|p1|4\n|teamsize|p2|4\n|start\n|switch|p1a: Incineroar|Incineroar, L50, F|100/100\n|switch|p1b: Zamazenta|Zamazenta-Crowned, L50|100/100\n|switch|p2a: Zamazenta|Zamazenta-Crowned, L50, shiny|100/100\n|switch|p2b: Calyrex|Calyrex-Ice, L50|100/100\n|-ability|p2b: Calyrex|As One\n|-ability|p2b: Calyrex|Unnerve\n|-ability|p1b: Zamazenta|Dauntless Shield|boost\n|-boost|p1b: Zamazenta|def|1\n|-ability|p2a: Zamazenta|Dauntless Shield|boost\n|-boost|p2a: Zamazenta|def|1\n|-ability|p1a: Incineroar|Intimidate|boost\n|-unboost|p2a: Zamazenta|atk|1\n|-unboost|p2b: Calyrex|atk|1\n|turn|1\n|inactive|salvx has 30 seconds left.\n|\n|t:|1774771304\n|switch|p2b: Amoonguss|Amoonguss, L50, F, shiny|100/100\n|-terastallize|p1a: Incineroar|Ghost\n|move|p2a: Zamazenta|Protect|p2a: Zamazenta\n|-singleturn|p2a: Zamazenta|Protect\n|move|p1b: Zamazenta|Behemoth Bash|p2b: Amoonguss\n|-damage|p2b: Amoonguss|66/100\n|-damage|p1b: Zamazenta|84/100|[from] item: Rocky Helmet|[of] p2b: Amoonguss\n|move|p1a: Incineroar|Will-O-Wisp|p2a: Zamazenta\n|-activate|p2a: Zamazenta|move: Protect\n|\n|upkeep\n|turn|2\n|inactive|smartyff has 30 seconds left.\n|\n|t:|1774771335\n|move|p1b: Zamazenta|Protect|p1b: Zamazenta\n|-singleturn|p1b: Zamazenta|Protect\n|move|p2a: Zamazenta|Body Press|p1b: Zamazenta\n|-activate|p1b: Zamazenta|move: Protect\n|move|p1a: Incineroar|Will-O-Wisp|p2a: Zamazenta\n|-status|p2a: Zamazenta|brn\n|move|p2b: Amoonguss|Spore|p1b: Zamazenta\n|-activate|p1b: Zamazenta|move: Protect\n|\n|-damage|p2a: Zamazenta|94/100 brn|[from] brn\n|upkeep\n|turn|3\n|inactive|salvx has 30 seconds left.\n|\n|t:|1774771360\n|switch|p2a: Calyrex|Calyrex-Ice, L50|100/100\n|-ability|p2a: Calyrex|As One\n|-ability|p2a: Calyrex|Unnerve\n|move|p1b: Zamazenta|Howl|p1b: Zamazenta|[spread] p1a,p1b\n|-boost|p1a: Incineroar|atk|1\n|-boost|p1b: Zamazenta|atk|1\n|move|p1a: Incineroar|Will-O-Wisp|p2b: Amoonguss\n|-status|p2b: Amoonguss|brn\n|move|p2b: Amoonguss|Spore|p1b: Zamazenta\n|-status|p1b: Zamazenta|slp|[from] move: Spore\n|\n|-damage|p2b: Amoonguss|60/100 brn|[from] brn\n|upkeep\n|turn|4\n|inactive|salvx has 30 seconds left.\n|\n|t:|1774771388\n|switch|p2b: Flutter Mane|Flutter Mane, L50, shiny|100/100\n|-enditem|p2b: Flutter Mane|Booster Energy\n|-activate|p2b: Flutter Mane|ability: Protosynthesis|[fromitem]\n|-start|p2b: Flutter Mane|protosynthesisspe\n|-terastallize|p2a: Calyrex|Fairy\n|cant|p1b: Zamazenta|slp\n|move|p1a: Incineroar|Knock Off|p2a: Calyrex\n|-resisted|p2a: Calyrex\n|-damage|p2a: Calyrex|83/100\n|-enditem|p2a: Calyrex|Never-Melt Ice|[from] move: Knock Off|[of] p1a: Incineroar\n|move|p2a: Calyrex|Glacial Lance|p1a: Incineroar|[spread] p1a,p1b\n|-resisted|p1b: Zamazenta\n|-damage|p1a: Incineroar|43/100\n|-damage|p1b: Zamazenta|71/100 slp\n|\n|upkeep\n|turn|5\n|inactive|salvx has 30 seconds left.\n|\n|t:|1774771414\n|switch|p1a: Giratina|Giratina-Origin, L50|100/100\n|move|p2b: Flutter Mane|Icy Wind|p1b: Zamazenta|[spread] p1a,p1b\n|-supereffective|p1a: Giratina\n|-resisted|p1b: Zamazenta\n|-damage|p1a: Giratina|80/100\n|-damage|p1b: Zamazenta|67/100 slp\n|-unboost|p1a: Giratina|spe|1\n|-unboost|p1b: Zamazenta|spe|1\n|cant|p1b: Zamazenta|slp\n|move|p2a: Calyrex|Glacial Lance|p1b: Zamazenta|[spread] p1a,p1b\n|-supereffective|p1a: Giratina\n|-resisted|p1b: Zamazenta\n|-damage|p1a: Giratina|0 fnt\n|-damage|p1b: Zamazenta|54/100 slp\n|faint|p1a: Giratina\n|-ability|p2a: Calyrex|Chilling Neigh|boost\n|-boost|p2a: Calyrex|atk|1\n|\n|upkeep\n|\n|t:|1774771429\n|switch|p1a: Niyagi|Flutter Mane, L50|100/100\n|turn|6\n|\n|t:|1774771439\n|-end|p2b: Flutter Mane|Protosynthesis|[silent]\n|switch|p2b: Amoonguss|Amoonguss, L50, F, shiny|93/100 brn\n|move|p1a: Niyagi|Moonblast|p2b: Amoonguss\n|-resisted|p2b: Amoonguss\n|-crit|p2b: Amoonguss\n|-damage|p2b: Amoonguss|39/100 brn\n|cant|p1b: Zamazenta|slp\n|move|p2a: Calyrex|Trick Room|p2a: Calyrex\n|-fieldstart|move: Trick Room|[of] p2a: Calyrex\n|\n|-damage|p2b: Amoonguss|33/100 brn|[from] brn\n|upkeep\n|turn|7\n|\n|t:|1774771452\n|-end|p1a: Niyagi|Protosynthesis|[silent]\n|switch|p1a: Incineroar|Incineroar, L50, F, tera:Ghost|43/100\n|-ability|p1a: Incineroar|Intimidate|boost\n|-unboost|p2a: Calyrex|atk|1\n|-unboost|p2b: Amoonguss|atk|1\n|move|p2b: Amoonguss|Spore|p1a: Incineroar\n|-activate|p1a: Incineroar|item: Safety Goggles|Spore\n|move|p2a: Calyrex|Glacial Lance|p1b: Zamazenta|[spread] p1a,p1b\n|-resisted|p1b: Zamazenta\n|-damage|p1a: Incineroar|0 fnt\n|-damage|p1b: Zamazenta|41/100 slp\n|faint|p1a: Incineroar\n|-ability|p2a: Calyrex|Chilling Neigh|boost\n|-boost|p2a: Calyrex|atk|1\n|-curestatus|p1b: Zamazenta|slp|[msg]\n|move|p1b: Zamazenta|Behemoth Bash|p2a: Calyrex\n|-supereffective|p2a: Calyrex\n|-damage|p2a: Calyrex|7/100\n|\n|-damage|p2b: Amoonguss|27/100 brn|[from] brn\n|upkeep\n|\n|t:|1774771462\n|switch|p1a: Niyagi|Flutter Mane, L50|100/100\n|turn|8\n|\n|t:|1774771486\n|move|p1b: Zamazenta|Protect|p1b: Zamazenta\n|-singleturn|p1b: Zamazenta|Protect\n|move|p2b: Amoonguss|Pollen Puff|p2a: Calyrex\n|-heal|p2a: Calyrex|57/100\n|move|p2a: Calyrex|Glacial Lance|p1b: Zamazenta|[spread] p1a\n|-activate|p1b: Zamazenta|move: Protect\n|-damage|p1a: Niyagi|0 fnt\n|faint|p1a: Niyagi\n|-end|p1a: Niyagi|Protosynthesis|[silent]\n|-ability|p2a: Calyrex|Chilling Neigh|boost\n|-boost|p2a: Calyrex|atk|1\n|\n|-damage|p2b: Amoonguss|21/100 brn|[from] brn\n|upkeep\n|turn|9\n|\n|t:|1774771496\n|move|p2b: Amoonguss|Spore|p1b: Zamazenta\n|-status|p1b: Zamazenta|slp|[from] move: Spore\n|move|p2a: Calyrex|High Horsepower|p1b: Zamazenta\n|-supereffective|p1b: Zamazenta\n|-damage|p1b: Zamazenta|0 fnt\n|faint|p1b: Zamazenta\n|\n|win|smartyff\n|l|\u2606salvx\n|player|p1|\n|inactive|salvx has 30 seconds to confirm battle start!\n|inactive|smartyff has 30 seconds to confirm battle start!\n||salvx is ready for game 2.\n||smartyff is ready for game 2.\n|uhtml|next|Next: <a href=\"/battle-gen9vgc2026regi-2570106295\"><strong>Game 2 of 3</strong></a>\n|l|\u2606smartyff\n|player|p2|\n|j| aurora ltd\n","uploadtime":1774771719,"views":14,"formatid":"gen9vgc2026regi","rating":null,"private":0,"password":null}