{"id":"gen9vgc2026regi-2552007879","format":"[Gen 9] VGC 2026 Reg I","players":["blkolgl","Pokemonst3r"],"log":"|j|\u2606blkolgl\n|j|\u2606Pokemonst3r\n|t:|1772665007\n|gametype|doubles\n|player|p1|blkolgl|265|1509\n|player|p2|Pokemonst3r|169|1601\n|gen|9\n|tier|[Gen 9] VGC 2026 Reg I\n|rated|\n|rule|Species Clause: Limit one of each Pok\u00e9mon\n|rule|Item Clause: Limit 1 of each item\n|clearpoke\n|poke|p1|Koraidon, L50|\n|poke|p1|Calyrex-Ice, L50|\n|poke|p1|Flutter Mane, L50|\n|poke|p1|Raging Bolt, L50|\n|poke|p1|Incineroar, L50, F|\n|poke|p1|Chi-Yu, L50|\n|poke|p2|Chien-Pao, L50|\n|poke|p2|Calyrex-Shadow, L50|\n|poke|p2|Dondozo, L50, M|\n|poke|p2|Zamazenta-*, L50|\n|poke|p2|Dragonite, L50, F|\n|poke|p2|Tatsugiri, L50, M|\n|teampreview|4\n|inactive|Battle timer is ON: inactive players will automatically lose when time's up. (requested by Pokemonst3r)\n|inactive|blkolgl also wants the timer to be on.\n|\n|t:|1772665037\n|teamsize|p1|4\n|teamsize|p2|4\n|start\n|switch|p1a: Incineroar|Incineroar, L50, F|100/100\n|switch|p1b: Calyrex|Calyrex-Ice, L50|100/100\n|switch|p2a: Dondozo|Dondozo, L50, M|100/100\n|switch|p2b: Calyrex|Calyrex-Shadow, L50|100/100\n|-ability|p2b: Calyrex|As One\n|-ability|p2b: Calyrex|Unnerve\n|-ability|p1b: Calyrex|As One\n|-ability|p1b: Calyrex|Unnerve\n|-ability|p1a: Incineroar|Intimidate|boost\n|-unboost|p2a: Dondozo|atk|1\n|-unboost|p2b: Calyrex|atk|1\n|turn|1\n|\n|t:|1772665055\n|move|p1b: Calyrex|Protect|p1b: Calyrex\n|-singleturn|p1b: Calyrex|Protect\n|move|p2b: Calyrex|Trick|p1b: Calyrex\n|-activate|p1b: Calyrex|move: Protect\n|move|p1a: Incineroar|Knock Off|p2b: Calyrex\n|-supereffective|p2b: Calyrex\n|-damage|p2b: Calyrex|0 fnt\n|-enditem|p2b: Calyrex|Choice Scarf|[from] move: Knock Off|[of] p1a: Incineroar\n|faint|p2b: Calyrex\n|move|p2a: Dondozo|Substitute|p2a: Dondozo\n|-start|p2a: Dondozo|Substitute\n|-damage|p2a: Dondozo|75/100\n|\n|-heal|p2a: Dondozo|82/100|[from] item: Leftovers\n|upkeep\n|\n|t:|1772665067\n|switch|p2b: Tatsugiri|Tatsugiri, L50, M|100/100\n|-activate|p2b: Tatsugiri|ability: Commander|[of] p2a: Dondozo\n|-boost|p2a: Dondozo|atk|2\n|-boost|p2a: Dondozo|spa|2\n|-boost|p2a: Dondozo|spe|2\n|-boost|p2a: Dondozo|def|2\n|-boost|p2a: Dondozo|spd|2\n|turn|2\n|\n|t:|1772665075\n|-terastallize|p1a: Incineroar|Bug\n|move|p2a: Dondozo|Order Up|p1a: Incineroar\n|-damage|p1a: Incineroar|75/100\n|-boost|p2a: Dondozo|atk|1\n|move|p1a: Incineroar|U-turn|p2a: Dondozo\n|-activate|p2a: Dondozo|move: Substitute|[damage]\n|\n|t:|1772665082\n|switch|p1a: Raging Bolt|Raging Bolt, L50|100/100|[from] U-turn\n|move|p1b: Calyrex|Trick Room|p1b: Calyrex\n|-fieldstart|move: Trick Room|[of] p1b: Calyrex\n|\n|-heal|p2a: Dondozo|88/100|[from] item: Leftovers\n|upkeep\n|turn|3\n|\n|t:|1772665089\n|move|p2a: Dondozo|Protect|p2a: Dondozo\n|-singleturn|p2a: Dondozo|Protect\n|move|p1b: Calyrex|Glacial Lance|p2a: Dondozo|[spread] \n|-miss|p1b: Calyrex|p2b: Tatsugiri\n|-activate|p2a: Dondozo|move: Protect\n|move|p1a: Raging Bolt|Thunderbolt|p2a: Dondozo\n|-activate|p2a: Dondozo|move: Protect\n|\n|-heal|p2a: Dondozo|94/100|[from] item: Leftovers\n|upkeep\n|turn|4\n|\n|t:|1772665100\n|move|p1b: Calyrex|Glacial Lance|p2b: Tatsugiri|[spread] p2a\n|-miss|p1b: Calyrex|p2b: Tatsugiri\n|-resisted|p2a: Dondozo\n|-activate|p2a: Dondozo|move: Substitute|[damage]\n|move|p1a: Raging Bolt|Thunderbolt|p2a: Dondozo\n|-supereffective|p2a: Dondozo\n|-end|p2a: Dondozo|Substitute\n|-damage|p1a: Raging Bolt|91/100|[from] item: Life Orb\n|move|p2a: Dondozo|Substitute|p2a: Dondozo\n|-start|p2a: Dondozo|Substitute\n|-damage|p2a: Dondozo|69/100\n|\n|-heal|p2a: Dondozo|75/100|[from] item: Leftovers\n|upkeep\n|turn|5\n|\n|t:|1772665118\n|move|p1b: Calyrex|Glacial Lance|p2b: Tatsugiri|[spread] p2a\n|-miss|p1b: Calyrex|p2b: Tatsugiri\n|-resisted|p2a: Dondozo\n|-activate|p2a: Dondozo|move: Substitute|[damage]\n|move|p1a: Raging Bolt|Thunderbolt|p2a: Dondozo\n|-supereffective|p2a: Dondozo\n|-end|p2a: Dondozo|Substitute\n|-damage|p1a: Raging Bolt|81/100|[from] item: Life Orb\n|move|p2a: Dondozo|Order Up|p1a: Raging Bolt\n|-supereffective|p1a: Raging Bolt\n|-damage|p1a: Raging Bolt|8/100\n|-boost|p2a: Dondozo|atk|1\n|\n|-heal|p2a: Dondozo|82/100|[from] item: Leftovers\n|upkeep\n|turn|6\n|\n|t:|1772665137\n|-end|p1a: Raging Bolt|Protosynthesis|[silent]\n|switch|p1a: Incineroar|Incineroar, L50, F, tera:Bug|75/100\n|-ability|p1a: Incineroar|Intimidate|boost\n|-unboost|p2a: Dondozo|atk|1\n|-unboost|p2b: Tatsugiri|atk|1\n|move|p1b: Calyrex|Leech Seed|p2a: Dondozo\n|-start|p2a: Dondozo|move: Leech Seed\n|move|p2a: Dondozo|Earthquake|p1a: Incineroar|[spread] p1a,p1b\n|-miss|p2a: Dondozo|p2b: Tatsugiri\n|-resisted|p1a: Incineroar\n|-damage|p1a: Incineroar|59/100\n|-damage|p1b: Calyrex|73/100\n|\n|-heal|p1b: Calyrex|79/100|[from] item: Leftovers\n|-heal|p2a: Dondozo|88/100|[from] item: Leftovers\n|-damage|p2a: Dondozo|75/100|[from] Leech Seed|[of] p1b: Calyrex\n|-heal|p1b: Calyrex|94/100|[silent]\n|-fieldend|move: Trick Room\n|upkeep\n|turn|7\n|\n|t:|1772665151\n|move|p1a: Incineroar|Fake Out|p2a: Dondozo\n|-damage|p2a: Dondozo|72/100\n|cant|p2a: Dondozo|flinch\n|move|p1b: Calyrex|Trick Room|p1b: Calyrex\n|-fieldstart|move: Trick Room|[of] p1b: Calyrex\n|\n|-heal|p1b: Calyrex|99/100|[from] item: Leftovers\n|-heal|p2a: Dondozo|78/100|[from] item: Leftovers\n|-damage|p2a: Dondozo|66/100|[from] Leech Seed|[of] p1b: Calyrex\n|-heal|p1b: Calyrex|100/100|[silent]\n|upkeep\n|turn|8\n|\n|t:|1772665162\n|move|p2a: Dondozo|Protect|p2a: Dondozo\n|-singleturn|p2a: Dondozo|Protect\n|move|p1b: Calyrex|Glacial Lance|p2a: Dondozo|[spread] \n|-miss|p1b: Calyrex|p2b: Tatsugiri\n|-activate|p2a: Dondozo|move: Protect\n|move|p1a: Incineroar|Knock Off|p2a: Dondozo\n|-activate|p2a: Dondozo|move: Protect\n|\n|-heal|p2a: Dondozo|72/100|[from] item: Leftovers\n|-damage|p2a: Dondozo|59/100|[from] Leech Seed|[of] p1b: Calyrex\n|upkeep\n|turn|9\n|\n|t:|1772665174\n|move|p1b: Calyrex|Protect|p1b: Calyrex\n|-singleturn|p1b: Calyrex|Protect\n|move|p1a: Incineroar|Knock Off|p2a: Dondozo\n|-damage|p2a: Dondozo|47/100\n|-enditem|p2a: Dondozo|Leftovers|[from] move: Knock Off|[of] p1a: Incineroar\n|move|p2a: Dondozo|Order Up|p1a: Incineroar\n|-damage|p1a: Incineroar|25/100\n|-boost|p2a: Dondozo|atk|1\n|\n|-damage|p2a: Dondozo|35/100|[from] Leech Seed|[of] p1b: Calyrex\n|upkeep\n|turn|10\n|\n|t:|1772665185\n|move|p2a: Dondozo|Protect|p2a: Dondozo\n|-singleturn|p2a: Dondozo|Protect\n|move|p1b: Calyrex|Glacial Lance|p2b: Tatsugiri|[spread] \n|-miss|p1b: Calyrex|p2b: Tatsugiri\n|-activate|p2a: Dondozo|move: Protect\n|move|p1a: Incineroar|U-turn|p2a: Dondozo\n|-activate|p2a: Dondozo|move: Protect\n|\n|-damage|p2a: Dondozo|22/100|[from] Leech Seed|[of] p1b: Calyrex\n|upkeep\n|turn|11\n|\n|t:|1772665196\n|switch|p1a: Raging Bolt|Raging Bolt, L50|8/100\n|move|p1b: Calyrex|Protect|p1b: Calyrex\n|-singleturn|p1b: Calyrex|Protect\n|move|p2a: Dondozo|Earthquake|p1b: Calyrex|[spread] p1a\n|-miss|p2a: Dondozo|p2b: Tatsugiri\n|-activate|p1b: Calyrex|move: Protect\n|-supereffective|p1a: Raging Bolt\n|-damage|p1a: Raging Bolt|0 fnt\n|faint|p1a: Raging Bolt\n|-end|p1a: Raging Bolt|Protosynthesis|[silent]\n|\n|-damage|p2a: Dondozo|10/100|[from] Leech Seed|[of] p1b: Calyrex\n|-fieldend|move: Trick Room\n|upkeep\n|\n|t:|1772665198\n|switch|p1a: Incineroar|Incineroar, L50, F, tera:Bug|25/100\n|-ability|p1a: Incineroar|Intimidate|boost\n|-unboost|p2a: Dondozo|atk|1\n|-unboost|p2b: Tatsugiri|atk|1\n|turn|12\n|\n|t:|1772665212\n|move|p2a: Dondozo|Protect|p2a: Dondozo\n|-singleturn|p2a: Dondozo|Protect\n|move|p1a: Incineroar|Fake Out|p2a: Dondozo\n|-activate|p2a: Dondozo|move: Protect\n|move|p1b: Calyrex|Trick Room|p1b: Calyrex\n|-fieldstart|move: Trick Room|[of] p1b: Calyrex\n|\n|-damage|p2a: Dondozo|0 fnt|[from] Leech Seed|[of] p1b: Calyrex\n|faint|p2a: Dondozo\n|upkeep\n|\n|t:|1772665220\n|switch|p2a: Zamazenta|Zamazenta-Crowned, L50|100/100\n|-ability|p2a: Zamazenta|Dauntless Shield|boost\n|-boost|p2a: Zamazenta|def|1\n|turn|13\n|\n|t:|1772665238\n|move|p2a: Zamazenta|Protect|p2a: Zamazenta\n|-singleturn|p2a: Zamazenta|Protect\n|move|p1b: Calyrex|Leech Seed|p2a: Zamazenta\n|-activate|p2a: Zamazenta|move: Protect\n|move|p1a: Incineroar|Knock Off|p2b: Tatsugiri\n|-damage|p2b: Tatsugiri|25/100\n|-enditem|p2b: Tatsugiri|Assault Vest|[from] move: Knock Off|[of] p1a: Incineroar\n|move|p2b: Tatsugiri|Muddy Water|p1b: Calyrex|[spread] p1a\n|-miss|p2b: Tatsugiri|p1b: Calyrex\n|-damage|p1a: Incineroar|4/100\n|\n|upkeep\n|turn|14\n|\n|t:|1772665261\n|move|p1b: Calyrex|Leech Seed|p2a: Zamazenta\n|-start|p2a: Zamazenta|move: Leech Seed\n|move|p1a: Incineroar|Knock Off|p2b: Tatsugiri\n|-damage|p2b: Tatsugiri|0 fnt\n|faint|p2b: Tatsugiri\n|move|p2a: Zamazenta|Behemoth Bash|p1b: Calyrex\n|-supereffective|p1b: Calyrex\n|-damage|p1b: Calyrex|53/100\n|\n|-heal|p1b: Calyrex|59/100|[from] item: Leftovers\n|-damage|p2a: Zamazenta|88/100|[from] Leech Seed|[of] p1b: Calyrex\n|-heal|p1b: Calyrex|70/100|[silent]\n|upkeep\n|turn|15\n|\n|t:|1772665275\n|move|p1b: Calyrex|Protect|p1b: Calyrex\n|-singleturn|p1b: Calyrex|Protect\n|move|p1a: Incineroar|U-turn|p2a: Zamazenta\n|-resisted|p2a: Zamazenta\n|-damage|p2a: Zamazenta|85/100\n|\n|t:|1772665280\n|switch|p1a: Koraidon|Koraidon, L50|100/100|[from] U-turn\n|-weather|SunnyDay|[from] ability: Orichalcum Pulse|[of] p1a: Koraidon\n|-activate|p1a: Koraidon|Orichalcum Pulse|[source]\n|move|p2a: Zamazenta|Behemoth Bash|p1a: Koraidon\n|-damage|p1a: Koraidon|70/100\n|\n|-weather|SunnyDay|[upkeep]\n|-heal|p1b: Calyrex|75/100|[from] item: Leftovers\n|-damage|p2a: Zamazenta|73/100|[from] Leech Seed|[of] p1b: Calyrex\n|-heal|p1b: Calyrex|86/100|[silent]\n|upkeep\n|turn|16\n|-message|Pokemonst3r forfeited.\n|\n|win|blkolgl\n|raw|blkolgl's rating: 1509 &rarr; <strong>1534</strong><br />(+25 for winning)\n|raw|Pokemonst3r's rating: 1601 &rarr; <strong>1576</strong><br />(-25 for losing)\n|l|\u2606Pokemonst3r\n|player|p2|\n|l|\u2606blkolgl\n|player|p1|\n","uploadtime":1772665479,"views":24,"formatid":"gen9vgc2026regi","rating":1534,"private":0,"password":null}