{"id":"gen9vgc2026regi-2517226312","format":"[Gen 9] VGC 2026 Reg I","players":["Tepig_nNz_498","kojimuranishi"],"log":"|j|\u2606Tepig_nNz_498\n|j|\u2606kojimuranishi\n|t:|1768240978\n|gametype|doubles\n|player|p1|Tepig_nNz_498|266|1286\n|player|p2|kojimuranishi|102|1381\n|gen|9\n|tier|[Gen 9] VGC 2026 Reg I\n|rated|\n|rule|Species Clause: Limit one of each Pok\u00e9mon\n|rule|Item Clause: Limit 1 of each item\n|clearpoke\n|poke|p1|Ludicolo, L50, M|\n|poke|p1|Kyogre, L50|\n|poke|p1|Amoonguss, L50, M|\n|poke|p1|Tornadus, L50, M|\n|poke|p1|Zacian-*, L50|\n|poke|p1|Urshifu-*, L50, M|\n|poke|p2|Raging Bolt, L50|\n|poke|p2|Calyrex-Ice, L50|\n|poke|p2|Kyogre, L50|\n|poke|p2|Indeedee-F, L50, F|\n|poke|p2|Ursaluna, L50, F|\n|poke|p2|Urshifu-*, L50, F|\n|teampreview|4\n|inactive|Battle timer is ON: inactive players will automatically lose when time's up. (requested by kojimuranishi)\n|inactive|kojimuranishi has 60 seconds left.\n|\n|t:|1768241032\n|teamsize|p1|4\n|teamsize|p2|4\n|start\n|switch|p1a: Zacian|Zacian-Crowned, L50, shiny|100/100\n|switch|p1b: Ludicolo|Ludicolo, L50, M|100/100\n|switch|p2a: Raging Bolt|Raging Bolt, L50|100/100\n|switch|p2b: Calyrex|Calyrex-Ice, L50|100/100\n|-ability|p2b: Calyrex|As One\n|-ability|p2b: Calyrex|Unnerve\n|-ability|p1a: Zacian|Intrepid Sword|boost\n|-boost|p1a: Zacian|atk|1\n|-enditem|p2a: Raging Bolt|Booster Energy\n|-activate|p2a: Raging Bolt|ability: Protosynthesis|[fromitem]\n|-start|p2a: Raging Bolt|protosynthesisspa\n|turn|1\n|inactive|kojimuranishi has 30 seconds left.\n|\n|t:|1768241060\n|move|p2b: Calyrex|Protect|p2b: Calyrex\n|-singleturn|p2b: Calyrex|Protect\n|move|p1b: Ludicolo|Fake Out|p2b: Calyrex\n|-activate|p2b: Calyrex|move: Protect\n|move|p1a: Zacian|Play Rough|p2a: Raging Bolt\n|-supereffective|p2a: Raging Bolt\n|-damage|p2a: Raging Bolt|0 fnt\n|faint|p2a: Raging Bolt\n|-end|p2a: Raging Bolt|Protosynthesis|[silent]\n|\n|upkeep\n|\n|t:|1768241072\n|switch|p2a: Kyogre|Kyogre, L50|100/100\n|-weather|RainDance|[from] ability: Drizzle|[of] p2a: Kyogre\n|turn|2\n|\n|t:|1768241079\n|-terastallize|p2a: Kyogre|Water\n|move|p1b: Ludicolo|Energy Ball|p2a: Kyogre\n|-supereffective|p2a: Kyogre\n|-damage|p2a: Kyogre|32/100\n|move|p2a: Kyogre|Water Spout|p1a: Zacian|[spread] p1a,p1b\n|-resisted|p1b: Ludicolo\n|-damage|p1a: Zacian|65/100\n|-damage|p1b: Ludicolo|93/100\n|move|p1a: Zacian|Behemoth Blade|p2b: Calyrex\n|-supereffective|p2b: Calyrex\n|-damage|p2b: Calyrex|4/100\n|move|p2b: Calyrex|Glacial Lance|p1b: Ludicolo|[spread] p1a,p1b\n|-resisted|p1a: Zacian\n|-crit|p1b: Ludicolo\n|-damage|p1a: Zacian|43/100\n|-damage|p1b: Ludicolo|0 fnt\n|faint|p1b: Ludicolo\n|-ability|p2b: Calyrex|Chilling Neigh|boost\n|-boost|p2b: Calyrex|atk|1\n|\n|-weather|RainDance|[upkeep]\n|-heal|p2b: Calyrex|10/100|[from] item: Leftovers\n|upkeep\n|inactive|Tepig_nNz_498 has 30 seconds left.\n|\n|t:|1768241108\n|switch|p1b: Amoonguss|Amoonguss, L50, M|100/100\n|turn|3\n|\n|t:|1768241124\n|switch|p2a: Ursaluna|Ursaluna, L50, F|100/100\n|move|p2b: Calyrex|Protect|p2b: Calyrex\n|-singleturn|p2b: Calyrex|Protect\n|move|p1a: Zacian|Play Rough|p2b: Calyrex\n|-activate|p2b: Calyrex|move: Protect\n|move|p1b: Amoonguss|Pollen Puff|p1a: Zacian\n|-heal|p1a: Zacian|93/100\n|\n|-weather|RainDance|[upkeep]\n|-heal|p2b: Calyrex|15/100|[from] item: Leftovers\n|-status|p2a: Ursaluna|brn|[from] item: Flame Orb\n|upkeep\n|turn|4\n|inactive|kojimuranishi has 30 seconds left.\n|\n|t:|1768241152\n|move|p1b: Amoonguss|Rage Powder|p1b: Amoonguss\n|-singleturn|p1b: Amoonguss|move: Rage Powder\n|move|p1a: Zacian|Behemoth Blade|p2b: Calyrex\n|-supereffective|p2b: Calyrex\n|-damage|p2b: Calyrex|0 fnt\n|faint|p2b: Calyrex\n|move|p2a: Ursaluna|Facade|p1b: Amoonguss\n|-damage|p1b: Amoonguss|0 fnt\n|-damage|p2a: Ursaluna|84/100 brn|[from] item: Rocky Helmet|[of] p1b: Amoonguss\n|faint|p1b: Amoonguss\n|\n|-weather|RainDance|[upkeep]\n|-damage|p2a: Ursaluna|78/100 brn|[from] brn\n|upkeep\n|\n|t:|1768241166\n|switch|p2b: Kyogre|Kyogre, L50, tera:Water|32/100\n|switch|p1b: Kyogre|Kyogre, L50|100/100\n|turn|5\n|\n|t:|1768241179\n|-terastallize|p1b: Kyogre|Grass\n|move|p2a: Ursaluna|Protect|p2a: Ursaluna\n|-singleturn|p2a: Ursaluna|Protect\n|move|p2b: Kyogre|Origin Pulse|p1a: Zacian|[spread] p1b\n|-miss|p2b: Kyogre|p1a: Zacian\n|-resisted|p1b: Kyogre\n|-damage|p1b: Kyogre|67/100\n|move|p1a: Zacian|Play Rough|p2b: Kyogre\n|-damage|p2b: Kyogre|0 fnt\n|faint|p2b: Kyogre\n|move|p1b: Kyogre|Origin Pulse|p2a: Ursaluna\n|-activate|p2a: Ursaluna|move: Protect\n|\n|-weather|RainDance|[upkeep]\n|-damage|p2a: Ursaluna|72/100 brn|[from] brn\n|upkeep\n|turn|6\n|-message|kojimuranishi forfeited.\n|\n|win|Tepig_nNz_498\n|raw|Tepig_nNz_498's rating: 1286 &rarr; <strong>1318</strong><br />(+32 for winning)\n|raw|kojimuranishi's rating: 1381 &rarr; <strong>1356</strong><br />(-25 for losing)\n|l|\u2606kojimuranishi\n|player|p2|\n|l|\u2606Tepig_nNz_498\n|player|p1|\n","uploadtime":1768241460,"views":15,"formatid":"gen9vgc2026regi","rating":1318,"private":0,"password":null}