{"id":"gen9vgc2026regi-2578324457","format":"[Gen 9] VGC 2026 Reg I","players":["buggybrain","Gameplaya"],"log":"|j|\u2606buggybrain\n|j|\u2606Gameplaya\n|t:|1775668540\n|gametype|doubles\n|player|p1|buggybrain|hiker-gen4|1592\n|player|p2|Gameplaya|teamrocket|1459\n|gen|9\n|tier|[Gen 9] VGC 2026 Reg I\n|rated|\n|rule|Species Clause: Limit one of each Pok\u00e9mon\n|rule|Item Clause: Limit 1 of each item\n|clearpoke\n|poke|p1|Chien-Pao, L50|\n|poke|p1|Zacian-*, L50|\n|poke|p1|Kyogre, L50|\n|poke|p1|Urshifu-*, L50, M|\n|poke|p1|Roaring Moon, L50|\n|poke|p1|Amoonguss, L50, M|\n|poke|p2|Miraidon, L50|\n|poke|p2|Calyrex-Ice, L50|\n|poke|p2|Weezing-Galar, L50, F|\n|poke|p2|Regigigas, L50|\n|poke|p2|Iron Hands, L50|\n|poke|p2|Flutter Mane, L50|\n|teampreview|4\n|inactive|Battle timer is ON: inactive players will automatically lose when time's up. (requested by Gameplaya)\n|inactive|buggybrain has 60 seconds left.\n|inactive|Gameplaya has 60 seconds left.\n|\n|t:|1775668592\n|teamsize|p1|4\n|teamsize|p2|4\n|start\n|switch|p1a: Prince|Zacian-Crowned, L50, shiny|100/100\n|switch|p1b: Frostbite|Chien-Pao, L50|100/100\n|switch|p2a: Weezing|Weezing-Galar, L50, F|100/100\n|switch|p2b: Calyrex|Calyrex-Ice, L50|100/100\n|-ability|p2a: Weezing|Neutralizing Gas\n|-ability|p2b: Calyrex|As One\n|-ability|p2b: Calyrex|Unnerve\n|turn|1\n|inactive|buggybrain has 30 seconds left.\n|\n|t:|1775668624\n|-terastallize|p2b: Calyrex|Fire\n|move|p2a: Weezing|Protect|p2a: Weezing\n|-singleturn|p2a: Weezing|Protect\n|move|p1a: Prince|Behemoth Blade|p2b: Calyrex\n|-resisted|p2b: Calyrex\n|-damage|p2b: Calyrex|83/100\n|move|p1b: Frostbite|Icicle Crash|p2a: Weezing\n|-activate|p2a: Weezing|move: Protect\n|move|p2b: Calyrex|Trick Room|p2b: Calyrex\n|-fieldstart|move: Trick Room|[of] p2b: Calyrex\n|\n|-heal|p2b: Calyrex|88/100|[from] item: Leftovers\n|upkeep\n|turn|2\n|\n|t:|1775668643\n|move|p1b: Frostbite|Protect|p1b: Frostbite\n|-singleturn|p1b: Frostbite|Protect\n|move|p2b: Calyrex|Glacial Lance|p1a: Prince|[spread] p1a\n|-activate|p1b: Frostbite|move: Protect\n|-resisted|p1a: Prince\n|-damage|p1a: Prince|73/100\n|move|p2a: Weezing|Will-O-Wisp|p1a: Prince\n|-status|p1a: Prince|brn\n|move|p1a: Prince|Behemoth Blade|p2a: Weezing\n|-supereffective|p2a: Weezing\n|-damage|p2a: Weezing|53/100\n|\n|-heal|p2b: Calyrex|94/100|[from] item: Leftovers\n|-damage|p1a: Prince|67/100 brn|[from] brn\n|upkeep\n|turn|3\n|inactive|buggybrain has 30 seconds left.\n|\n|t:|1775668675\n|switch|p1b: Runaway|Kyogre, L50, shiny|100/100\n|move|p2b: Calyrex|Glacial Lance|p1b: Runaway|[spread] p1a,p1b\n|-resisted|p1a: Prince\n|-resisted|p1b: Runaway\n|-damage|p1a: Prince|42/100 brn\n|-damage|p1b: Runaway|71/100\n|move|p2a: Weezing|Strange Steam|p1b: Runaway|[miss]\n|-miss|p2a: Weezing|p1b: Runaway\n|move|p1a: Prince|Swords Dance|p1a: Prince\n|-boost|p1a: Prince|atk|2\n|\n|-heal|p2b: Calyrex|99/100|[from] item: Leftovers\n|-damage|p1a: Prince|36/100 brn|[from] brn\n|upkeep\n|turn|4\n|inactive|Gameplaya has 30 seconds left.\n|\n|t:|1775668706\n|move|p2b: Calyrex|Protect|p2b: Calyrex\n|-singleturn|p2b: Calyrex|Protect\n|move|p1a: Prince|Protect|p1a: Prince\n|-singleturn|p1a: Prince|Protect\n|move|p2a: Weezing|Strange Steam|p1b: Runaway\n|-damage|p1b: Runaway|51/100\n|move|p1b: Runaway|Origin Pulse|p2b: Calyrex|[spread] p2a\n|-activate|p2b: Calyrex|move: Protect\n|-damage|p2a: Weezing|0 fnt\n|faint|p2a: Weezing\n|-end|p2a: Weezing|ability: Neutralizing Gas\n|-weather|RainDance|[from] ability: Drizzle|[of] p1b: Runaway\n|-ability|p1a: Prince|Intrepid Sword|boost\n|-boost|p1a: Prince|atk|1\n|\n|-weather|RainDance|[upkeep]\n|-heal|p2b: Calyrex|100/100|[from] item: Leftovers\n|-damage|p1a: Prince|30/100 brn|[from] brn\n|upkeep\n|\n|t:|1775668718\n|switch|p2a: Iron Hands|Iron Hands, L50|100/100\n|turn|5\n|\n|t:|1775668735\n|move|p2a: Iron Hands|Fake Out|p1b: Runaway\n|-damage|p1b: Runaway|37/100\n|move|p2b: Calyrex|Glacial Lance|p1b: Runaway|[spread] p1a,p1b\n|-resisted|p1a: Prince\n|-resisted|p1b: Runaway\n|-damage|p1a: Prince|4/100 brn\n|-damage|p1b: Runaway|9/100\n|cant|p1b: Runaway|flinch\n|move|p1a: Prince|Play Rough|p2a: Iron Hands\n|-supereffective|p2a: Iron Hands\n|-damage|p2a: Iron Hands|18/100\n|\n|-weather|RainDance|[upkeep]\n|-damage|p1a: Prince|0 fnt|[from] brn\n|faint|p1a: Prince\n|-fieldend|move: Trick Room\n|upkeep\n|\n|t:|1775668757\n|switch|p1a: METAVISION|Amoonguss, L50, M, shiny|100/100\n|turn|6\n|\n|t:|1775668764\n|move|p2b: Calyrex|Protect|p2b: Calyrex\n|-singleturn|p2b: Calyrex|Protect\n|move|p1b: Runaway|Origin Pulse|p2b: Calyrex|[spread] p2a\n|-activate|p2b: Calyrex|move: Protect\n|-damage|p2a: Iron Hands|0 fnt\n|faint|p2a: Iron Hands\n|-end|p2a: Iron Hands|Quark Drive|[silent]\n|move|p1a: METAVISION|Pollen Puff|p1b: Runaway\n|-heal|p1b: Runaway|59/100\n|\n|-weather|RainDance|[upkeep]\n|upkeep\n|\n|t:|1775668774\n|switch|p2a: Regigigas|Regigigas, L50|100/100\n|-start|p2a: Regigigas|ability: Slow Start\n|turn|7\n|\n|t:|1775668788\n|-terastallize|p1a: METAVISION|Water\n|move|p2a: Regigigas|Wide Guard|p2a: Regigigas\n|-singleturn|p2a: Regigigas|Wide Guard\n|move|p1a: METAVISION|Rage Powder|p1a: METAVISION\n|-singleturn|p1a: METAVISION|move: Rage Powder\n|move|p1b: Runaway|Origin Pulse|p2b: Calyrex|[spread] \n|-activate|p2a: Regigigas|move: Wide Guard\n|-activate|p2b: Calyrex|move: Wide Guard\n|move|p2b: Calyrex|Glacial Lance|p1a: METAVISION|[spread] p1a,p1b\n|-resisted|p1a: METAVISION\n|-resisted|p1b: Runaway\n|-damage|p1a: METAVISION|78/100\n|-damage|p1b: Runaway|31/100\n|\n|-weather|RainDance|[upkeep]\n|upkeep\n|turn|8\n|\n|t:|1775668804\n|move|p2b: Calyrex|Protect|p2b: Calyrex\n|-singleturn|p2b: Calyrex|Protect\n|move|p1b: Runaway|Origin Pulse|p2b: Calyrex|[spread] p2a\n|-activate|p2b: Calyrex|move: Protect\n|-damage|p2a: Regigigas|30/100\n|move|p2a: Regigigas|Knock Off|p1b: Runaway\n|-damage|p1b: Runaway|10/100\n|-enditem|p1b: Runaway|Splash Plate|[from] move: Knock Off|[of] p2a: Regigigas\n|move|p1a: METAVISION|Spore|p2b: Calyrex\n|-activate|p2b: Calyrex|move: Protect\n|\n|-weather|none\n|upkeep\n|turn|9\n|\n|t:|1775668817\n|move|p1b: Runaway|Protect|p1b: Runaway\n|-singleturn|p1b: Runaway|Protect\n|move|p2a: Regigigas|Wide Guard|p2a: Regigigas\n|-singleturn|p2a: Regigigas|Wide Guard\n|move|p2b: Calyrex|Glacial Lance|p1b: Runaway|[spread] p1a\n|-activate|p1b: Runaway|move: Protect\n|-resisted|p1a: METAVISION\n|-damage|p1a: METAVISION|55/100\n|move|p1a: METAVISION|Spore|p2b: Calyrex\n|-status|p2b: Calyrex|slp|[from] move: Spore\n|\n|upkeep\n|turn|10\n|\n|t:|1775668832\n|move|p2a: Regigigas|Wide Guard|p2a: Regigigas\n|-singleturn|p2a: Regigigas|Wide Guard\n|move|p1b: Runaway|Origin Pulse|p2a: Regigigas|[spread] \n|-activate|p2a: Regigigas|move: Wide Guard\n|-activate|p2b: Calyrex|move: Wide Guard\n|cant|p2b: Calyrex|slp\n|move|p1a: METAVISION|Pollen Puff|p1b: Runaway\n|-heal|p1b: Runaway|60/100\n|\n|upkeep\n|turn|11\n|\n|t:|1775668848\n|move|p2a: Regigigas|Wide Guard|p2a: Regigigas\n|-singleturn|p2a: Regigigas|Wide Guard\n|move|p1b: Runaway|Hydro Pump|p2b: Calyrex\n|-supereffective|p2b: Calyrex\n|-damage|p2b: Calyrex|13/100 slp\n|cant|p2b: Calyrex|slp\n|move|p1a: METAVISION|Pollen Puff|p1b: Runaway\n|-heal|p1b: Runaway|100/100\n|\n|-heal|p2b: Calyrex|18/100 slp|[from] item: Leftovers\n|-end|p2a: Regigigas|Slow Start\n|upkeep\n|turn|12\n|\n|t:|1775668870\n|-curestatus|p2b: Calyrex|slp|[msg]\n|move|p2b: Calyrex|Protect|p2b: Calyrex\n|-singleturn|p2b: Calyrex|Protect\n|move|p1b: Runaway|Hydro Pump|p2b: Calyrex\n|-activate|p2b: Calyrex|move: Protect\n|move|p2a: Regigigas|Crush Grip|p1b: Runaway\n|-damage|p1b: Runaway|12/100\n|move|p1a: METAVISION|Spore|p2a: Regigigas\n|-status|p2a: Regigigas|slp|[from] move: Spore\n|\n|-heal|p2b: Calyrex|24/100|[from] item: Leftovers\n|upkeep\n|turn|13\n|\n|t:|1775668886\n|move|p1b: Runaway|Origin Pulse|p2b: Calyrex|[spread] p2a\n|-miss|p1b: Runaway|p2b: Calyrex\n|-damage|p2a: Regigigas|0 fnt\n|faint|p2a: Regigigas\n|-end|p2a: Regigigas|Slow Start|[silent]\n|move|p2b: Calyrex|Glacial Lance|p1b: Runaway|[spread] p1a,p1b\n|-resisted|p1a: METAVISION\n|-resisted|p1b: Runaway\n|-damage|p1a: METAVISION|30/100\n|-damage|p1b: Runaway|0 fnt\n|faint|p1b: Runaway\n|-ability|p2b: Calyrex|Chilling Neigh|boost\n|-boost|p2b: Calyrex|atk|1\n|move|p1a: METAVISION|Spore|p2b: Calyrex\n|-status|p2b: Calyrex|slp|[from] move: Spore\n|\n|-heal|p2b: Calyrex|30/100 slp|[from] item: Leftovers\n|upkeep\n|\n|t:|1775668890\n|switch|p1b: Frostbite|Chien-Pao, L50|100/100\n|-ability|p1b: Frostbite|Sword of Ruin\n|turn|14\n|\n|t:|1775668896\n|move|p1b: Frostbite|Sacred Sword|p2b: Calyrex\n|-damage|p2b: Calyrex|2/100 slp\n|cant|p2b: Calyrex|slp\n|move|p1a: METAVISION|Pollen Puff|p2b: Calyrex\n|-resisted|p2b: Calyrex\n|-damage|p2b: Calyrex|0 fnt\n|faint|p2b: Calyrex\n|\n|win|buggybrain\n|raw|buggybrain's rating: 1592 &rarr; <strong>1605</strong><br />(+13 for winning)\n|raw|Gameplaya's rating: 1459 &rarr; <strong>1446</strong><br />(-13 for losing)\n|l|\u2606Gameplaya\n|player|p2|\n|l|\u2606buggybrain\n|player|p1|\n","uploadtime":1775669104,"views":12,"formatid":"gen9vgc2026regi","rating":1446,"private":0,"password":null}