{"id":"gen9vgc2026regi-2560324798","format":"[Gen 9] VGC 2026 Reg I","players":["jonen","mousepad burglar"],"log":"|j|\u2606jonen\n|j|\u2606mousepad burglar\n|t:|1773677373\n|gametype|doubles\n|player|p1|jonen|medium|1134\n|player|p2|mousepad burglar|266|1184\n|gen|9\n|tier|[Gen 9] VGC 2026 Reg I\n|rated|\n|rule|Species Clause: Limit one of each Pok\u00e9mon\n|rule|Item Clause: Limit 1 of each item\n|clearpoke\n|poke|p1|Sneasler, L50, F|\n|poke|p1|Ditto, L50|\n|poke|p1|Calyrex-Ice, L50|\n|poke|p1|Miraidon, L50|\n|poke|p1|Urshifu-*, L50, F|\n|poke|p1|Incineroar, L50, F|\n|poke|p2|Miraidon, L50|\n|poke|p2|Ogerpon-Wellspring, L50, F|\n|poke|p2|Incineroar, L50, F|\n|poke|p2|Flutter Mane, L50|\n|poke|p2|Calyrex-Ice, L50|\n|poke|p2|Farigiraf, L50, M|\n|teampreview|4\n|\n|t:|1773677433\n|teamsize|p1|4\n|teamsize|p2|4\n|start\n|switch|p1a: Miraidon|Miraidon, L50|100/100\n|switch|p1b: Incineroar|Incineroar, L50, F|100/100\n|switch|p2a: Farigiraf|Farigiraf, L50, M|100/100\n|switch|p2b: Incineroar|Incineroar, L50, F|100/100\n|-fieldstart|move: Electric Terrain|[from] ability: Hadron Engine|[of] p1a: Miraidon\n|-enditem|p2a: Farigiraf|Electric Seed\n|-boost|p2a: Farigiraf|def|1|[from] item: Electric Seed\n|-ability|p2b: Incineroar|Intimidate|boost\n|-unboost|p1a: Miraidon|atk|1\n|-unboost|p1b: Incineroar|atk|1\n|-ability|p1b: Incineroar|Intimidate|boost\n|-unboost|p2a: Farigiraf|atk|1\n|-unboost|p2b: Incineroar|atk|1\n|turn|1\n|\n|t:|1773677459\n|switch|p1b: Ditto|Ditto, L50|100/100\n|-transform|p1b: Ditto|p2a: Farigiraf|[from] ability: Imposter\n|move|p2b: Incineroar|Fake Out||[still]\n|cant|p1b: Ditto|ability: Armor Tail|Fake Out|[of] p2b: Incineroar\n|move|p1a: Miraidon|Volt Switch|p2b: Incineroar\n|-damage|p2b: Incineroar|56/100\n|-damage|p1a: Miraidon|91/100|[from] item: Life Orb\n|\n|t:|1773677495\n|switch|p1a: Calyrex|Calyrex-Ice, L50|100/100|[from] Volt Switch\n|-ability|p1a: Calyrex|As One\n|-ability|p1a: Calyrex|Unnerve\n|move|p2a: Farigiraf|Trick Room|p2a: Farigiraf\n|-fieldstart|move: Trick Room|[of] p2a: Farigiraf\n|\n|upkeep\n|turn|2\n|\n|t:|1773677514\n|switch|p1b: Miraidon|Miraidon, L50|91/100\n|-activate|p1b: Miraidon|ability: Hadron Engine\n|move|p1a: Calyrex|Close Combat|p2b: Incineroar\n|-supereffective|p2b: Incineroar\n|-damage|p2b: Incineroar|0 fnt\n|-unboost|p1a: Calyrex|def|1\n|-unboost|p1a: Calyrex|spd|1\n|faint|p2b: Incineroar\n|-ability|p1a: Calyrex|Chilling Neigh|boost\n|-boost|p1a: Calyrex|atk|1\n|move|p2a: Farigiraf|Trick Room|p2a: Farigiraf\n|-fieldend|move: Trick Room\n|\n|upkeep\n|\n|t:|1773677523\n|switch|p2b: Miraidon|Miraidon, L50|100/100\n|-activate|p2b: Miraidon|ability: Hadron Engine\n|turn|3\n|\n|t:|1773677558\n|switch|p1a: Incineroar|Incineroar, L50, F|100/100\n|-ability|p1a: Incineroar|Intimidate|boost\n|-unboost|p2a: Farigiraf|atk|1\n|-unboost|p2b: Miraidon|atk|1\n|-terastallize|p2b: Miraidon|Fairy\n|move|p2a: Farigiraf|Helping Hand|p2b: Miraidon\n|-singleturn|p2b: Miraidon|Helping Hand|[of] p2a: Farigiraf\n|move|p1b: Miraidon|Electro Drift|p2a: Farigiraf\n|-damage|p2a: Farigiraf|0 fnt\n|faint|p2a: Farigiraf\n|-damage|p1b: Miraidon|81/100|[from] item: Life Orb\n|move|p2b: Miraidon|Dazzling Gleam|p1a: Incineroar|[spread] p1a,p1b\n|-supereffective|p1b: Miraidon\n|-damage|p1a: Incineroar|40/100\n|-damage|p1b: Miraidon|0 fnt\n|faint|p1b: Miraidon\n|\n|upkeep\n|\n|t:|1773677583\n|switch|p1b: Calyrex|Calyrex-Ice, L50|100/100\n|switch|p2a: Calyrex|Calyrex-Ice, L50|100/100\n|-ability|p2a: Calyrex|As One\n|-ability|p2a: Calyrex|Unnerve\n|-ability|p1b: Calyrex|As One\n|-ability|p1b: Calyrex|Unnerve\n|turn|4\n|\n|t:|1773677600\n|move|p1a: Incineroar|Fake Out|p2a: Calyrex\n|-damage|p2a: Calyrex|94/100\n|move|p2b: Miraidon|Dazzling Gleam|p1b: Calyrex|[spread] p1a,p1b\n|-damage|p1a: Incineroar|0 fnt\n|-damage|p1b: Calyrex|55/100\n|faint|p1a: Incineroar\n|move|p1b: Calyrex|Glacial Lance|p2a: Calyrex|[spread] p2a,p2b\n|-resisted|p2a: Calyrex\n|-damage|p2a: Calyrex|75/100\n|-damage|p2b: Miraidon|42/100\n|cant|p2a: Calyrex|flinch\n|\n|upkeep\n|\n|t:|1773677605\n|switch|p1a: Ditto|Ditto, L50|100/100\n|-transform|p1a: Ditto|p2b: Miraidon|[from] ability: Imposter\n|-activate|p1a: Ditto|ability: Hadron Engine\n|-start|p1a: Ditto|typechange|Electric/Dragon|[silent]\n|turn|5\n|\n|t:|1773677626\n|-terastallize|p1a: Ditto|Ghost\n|move|p1a: Ditto|Electro Drift|p2b: Miraidon\n|-damage|p2b: Miraidon|0 fnt\n|faint|p2b: Miraidon\n|move|p2a: Calyrex|Glacial Lance|p1b: Calyrex|[spread] p1a,p1b\n|-resisted|p1b: Calyrex\n|-damage|p1a: Ditto|24/100\n|-damage|p1b: Calyrex|36/100\n|move|p1b: Calyrex|High Horsepower|p2a: Calyrex\n|-damage|p2a: Calyrex|51/100\n|\n|-fieldend|move: Electric Terrain\n|upkeep\n|turn|6\n|\n|t:|1773677648\n|move|p2a: Calyrex|Protect|p2a: Calyrex\n|-singleturn|p2a: Calyrex|Protect\n|move|p1a: Ditto|Electro Drift|p2a: Calyrex\n|-activate|p2a: Calyrex|move: Protect\n|move|p1b: Calyrex|High Horsepower|p2a: Calyrex\n|-activate|p2a: Calyrex|move: Protect\n|\n|upkeep\n|turn|7\n|\n|t:|1773677675\n|move|p1a: Ditto|Electro Drift|p2a: Calyrex\n|-damage|p2a: Calyrex|13/100\n|move|p1b: Calyrex|Close Combat|p2a: Calyrex\n|-damage|p2a: Calyrex|0 fnt\n|-unboost|p1b: Calyrex|def|1\n|-unboost|p1b: Calyrex|spd|1\n|faint|p2a: Calyrex\n|\n|win|jonen\n|raw|jonen's rating: 1134 &rarr; <strong>1163</strong><br />(+29 for winning)\n|raw|mousepad burglar's rating: 1184 &rarr; <strong>1155</strong><br />(-29 for losing)\n","uploadtime":1773677676,"views":11,"formatid":"gen9vgc2026regi","rating":1155,"private":0,"password":null}