{"id":"gen9vgc2026regi-2579072458","format":"[Gen 9] VGC 2026 Reg I","players":["sunny_zong4","L0rdVladek"],"log":"|j|\u2606sunny_zong4\n|j|\u2606L0rdVladek\n|t:|1775749908\n|gametype|doubles\n|player|p1|sunny_zong4|2|1198\n|player|p2|L0rdVladek|blackbelt-gen4dp|1278\n|gen|9\n|tier|[Gen 9] VGC 2026 Reg I\n|rated|\n|rule|Species Clause: Limit one of each Pok\u00e9mon\n|rule|Item Clause: Limit 1 of each item\n|clearpoke\n|poke|p1|Typhlosion-Hisui, L50, F|\n|poke|p1|Miraidon, L50|\n|poke|p1|Calyrex-Shadow, L50|\n|poke|p1|Scizor, L50, F|\n|poke|p1|Rillaboom, L50, M|\n|poke|p1|Urshifu-*, L50, F|\n|poke|p2|Miraidon, L50|\n|poke|p2|Calyrex-Ice, L50|\n|poke|p2|Whimsicott, L50, F|\n|poke|p2|Urshifu-*, L50, M|\n|poke|p2|Farigiraf, L50, M|\n|poke|p2|Iron Hands, L50|\n|teampreview|4\n|inactive|Battle timer is ON: inactive players will automatically lose when time's up. (requested by sunny_zong4)\n|inactive|sunny_zong4 has 60 seconds left.\n|inactive|L0rdVladek has 60 seconds left.\n|\n|t:|1775749952\n|teamsize|p1|4\n|teamsize|p2|4\n|start\n|switch|p1a: Scizor|Scizor, L50, F|100/100\n|switch|p1b: Miraidon|Miraidon, L50|100/100\n|switch|p2a: Calyrex|Calyrex-Ice, L50|100/100\n|switch|p2b: Farigiraf|Farigiraf, L50, M|100/100\n|-ability|p2a: Calyrex|As One\n|-ability|p2a: Calyrex|Unnerve\n|-fieldstart|move: Electric Terrain|[from] ability: Hadron Engine|[of] p1b: Miraidon\n|-enditem|p2b: Farigiraf|Electric Seed\n|-boost|p2b: Farigiraf|def|1|[from] item: Electric Seed\n|turn|1\n|\n|t:|1775749975\n|-terastallize|p1b: Miraidon|Fairy\n|move|p2a: Calyrex|Protect|p2a: Calyrex\n|-singleturn|p2a: Calyrex|Protect\n|move|p1b: Miraidon|Dazzling Gleam|p2a: Calyrex|[spread] p2b\n|-activate|p2a: Calyrex|move: Protect\n|-damage|p2b: Farigiraf|49/100\n|move|p1a: Scizor|Bug Bite|p2b: Farigiraf\n|-supereffective|p2b: Farigiraf\n|-damage|p2b: Farigiraf|0 fnt\n|faint|p2b: Farigiraf\n|\n|upkeep\n|\n|t:|1775749988\n|switch|p2b: Iron Hands|Iron Hands, L50|100/100\n|-activate|p2b: Iron Hands|ability: Quark Drive\n|-start|p2b: Iron Hands|quarkdriveatk\n|turn|2\n|\n|t:|1775750000\n|switch|p1b: Rillaboom|Rillaboom, L50, M|100/100\n|-fieldstart|move: Grassy Terrain|[from] ability: Grassy Surge|[of] p1b: Rillaboom\n|-end|p2b: Iron Hands|Quark Drive\n|move|p2b: Iron Hands|Fake Out|p1a: Scizor\n|-resisted|p1a: Scizor\n|-damage|p1a: Scizor|93/100\n|cant|p1a: Scizor|flinch\n|move|p2a: Calyrex|Glacial Lance|p1a: Scizor|[spread] p1a,p1b\n|-resisted|p1a: Scizor\n|-supereffective|p1b: Rillaboom\n|-damage|p1a: Scizor|62/100\n|-damage|p1b: Rillaboom|0 fnt\n|faint|p1b: Rillaboom\n|-ability|p2a: Calyrex|Chilling Neigh|boost\n|-boost|p2a: Calyrex|atk|1\n|\n|-heal|p1a: Scizor|68/100|[from] Grassy Terrain\n|-heal|p1a: Scizor|75/100|[from] item: Leftovers\n|upkeep\n|\n|t:|1775750007\n|switch|p1b: Calyrex|Calyrex-Shadow, L50|100/100\n|-ability|p1b: Calyrex|As One\n|-ability|p1b: Calyrex|Unnerve\n|turn|3\n|\n|t:|1775750028\n|move|p1b: Calyrex|Disable|p2a: Calyrex\n|-start|p2a: Calyrex|Disable|Glacial Lance\n|move|p1a: Scizor|Aerial Ace|p2b: Iron Hands\n|-damage|p2b: Iron Hands|78/100\n|move|p2b: Iron Hands|Drain Punch|p1a: Scizor\n|-damage|p1a: Scizor|30/100\n|-heal|p2b: Iron Hands|96/100|[from] drain|[of] p1a: Scizor\n|move|p2a: Calyrex|Trick Room|p2a: Calyrex\n|-fieldstart|move: Trick Room|[of] p2a: Calyrex\n|\n|-heal|p2b: Iron Hands|100/100|[from] Grassy Terrain\n|-heal|p1a: Scizor|36/100|[from] Grassy Terrain\n|-heal|p1a: Scizor|42/100|[from] item: Leftovers\n|upkeep\n|turn|4\n|inactive|L0rdVladek has 30 seconds left.\n|\n|t:|1775750060\n|move|p1a: Scizor|Feint|p2a: Calyrex\n|-damage|p2a: Calyrex|89/100\n|move|p2b: Iron Hands|Drain Punch|p1a: Scizor\n|-damage|p1a: Scizor|0 fnt\n|faint|p1a: Scizor\n|move|p2a: Calyrex|Leech Seed|p1b: Calyrex\n|-start|p1b: Calyrex|move: Leech Seed\n|move|p1b: Calyrex|Astral Barrage|p2b: Iron Hands|[spread] p2a,p2b\n|-supereffective|p2a: Calyrex\n|-damage|p2a: Calyrex|0 fnt\n|-damage|p2b: Iron Hands|59/100\n|faint|p2a: Calyrex\n|-ability|p1b: Calyrex|Grim Neigh|boost\n|-boost|p1b: Calyrex|spa|1\n|-damage|p1b: Calyrex|91/100|[from] item: Life Orb\n|\n|-heal|p2b: Iron Hands|65/100|[from] Grassy Terrain\n|-heal|p1b: Calyrex|96/100|[from] Grassy Terrain\n|upkeep\n|\n|t:|1775750066\n|switch|p2a: Miraidon|Miraidon, L50|100/100\n|switch|p1a: Miraidon|Miraidon, L50, tera:Fairy|100/100\n|-fieldstart|move: Electric Terrain|[from] ability: Hadron Engine|[of] p2a: Miraidon\n|-activate|p2b: Iron Hands|ability: Quark Drive\n|-start|p2b: Iron Hands|quarkdriveatk\n|-activate|p1a: Miraidon|ability: Hadron Engine\n|turn|5\n|inactive|L0rdVladek has 30 seconds left.\n|\n|t:|1775750092\n|move|p2b: Iron Hands|Heavy Slam|p1b: Calyrex\n|-crit|p1b: Calyrex\n|-damage|p1b: Calyrex|0 fnt\n|faint|p1b: Calyrex\n|move|p2a: Miraidon|Electro Drift|p1a: Miraidon\n|-damage|p1a: Miraidon|0 fnt\n|faint|p1a: Miraidon\n|-damage|p2a: Miraidon|91/100|[from] item: Life Orb\n|\n|win|L0rdVladek\n|raw|sunny_zong4's rating: 1198 &rarr; <strong>1179</strong><br />(-19 for losing)\n|raw|L0rdVladek's rating: 1278 &rarr; <strong>1297</strong><br />(+19 for winning)\n|l|\u2606sunny_zong4\n|player|p1|\n","uploadtime":1775750104,"views":11,"formatid":"gen9vgc2026regi","rating":1179,"private":0,"password":null}