{"id":"gen9vgc2026regi-2580085177","format":"[Gen 9] VGC 2026 Reg I","players":["st123gt","Harry Koekenpan"],"log":"|j|\u2606st123gt\n|j|\u2606Harry Koekenpan\n|t:|1775852752\n|gametype|doubles\n|player|p1|st123gt|170|1368\n|player|p2|Harry Koekenpan|2|1313\n|gen|9\n|tier|[Gen 9] VGC 2026 Reg I\n|rated|\n|rule|Species Clause: Limit one of each Pok\u00e9mon\n|rule|Item Clause: Limit 1 of each item\n|clearpoke\n|poke|p1|Koraidon, L50|\n|poke|p1|Scovillain, L50, F|\n|poke|p1|Miraidon, L50|\n|poke|p1|Chesnaught, L50, F|\n|poke|p1|Clefairy, L50, M|\n|poke|p1|Indeedee-F, L50, F|\n|poke|p2|Weezing-Galar, L50, M|\n|poke|p2|Calyrex-Shadow, L50|\n|poke|p2|Regigigas, L50|\n|poke|p2|Koraidon, L50|\n|poke|p2|Chi-Yu, L50|\n|poke|p2|Jumpluff, L50, M|\n|teampreview|4\n|inactive|Battle timer is ON: inactive players will automatically lose when time's up. (requested by Harry Koekenpan)\n|\n|t:|1775852781\n|teamsize|p1|4\n|teamsize|p2|4\n|start\n|switch|p1a: Koraidon|Koraidon, L50|100/100\n|switch|p1b: Miraidon|Miraidon, L50|100/100\n|switch|p2a: Koraidon|Koraidon, L50|100/100\n|switch|p2b: Jumpluff|Jumpluff, L50, M|100/100\n|-fieldstart|move: Electric Terrain|[from] ability: Hadron Engine|[of] p1b: Miraidon\n|-weather|SunnyDay|[from] ability: Orichalcum Pulse|[of] p2a: Koraidon\n|-activate|p2a: Koraidon|Orichalcum Pulse|[source]\n|-activate|p1a: Koraidon|ability: Orichalcum Pulse\n|turn|1\n|inactive|Harry Koekenpan has 30 seconds left.\n|inactive|Harry Koekenpan has 20 seconds left.\n|\n|t:|1775852817\n|-terastallize|p2a: Koraidon|Fire\n|move|p2b: Jumpluff|Tailwind|p2b: Jumpluff\n|-sidestart|p2: Harry Koekenpan|move: Tailwind\n|move|p2a: Koraidon|Flare Blitz|p1b: Miraidon\n|-resisted|p1b: Miraidon\n|-damage|p1b: Miraidon|34/100\n|-damage|p2a: Koraidon|78/100|[from] Recoil\n|move|p1b: Miraidon|Draco Meteor|p2a: Koraidon\n|-damage|p2a: Koraidon|0 fnt\n|-unboost|p1b: Miraidon|spa|2\n|faint|p2a: Koraidon\n|move|p1a: Koraidon|Flame Charge|p2b: Jumpluff\n|-supereffective|p2b: Jumpluff\n|-damage|p2b: Jumpluff|0 fnt\n|-boost|p1a: Koraidon|spe|1\n|faint|p2b: Jumpluff\n|\n|-weather|SunnyDay|[upkeep]\n|upkeep\n|\n|t:|1775852833\n|switch|p2a: Calyrex|Calyrex-Shadow, L50|100/100\n|switch|p2b: Chi-Yu|Chi-Yu, L50|100/100\n|-ability|p2a: Calyrex|As One\n|-ability|p2a: Calyrex|Unnerve\n|-ability|p2b: Chi-Yu|Beads of Ruin\n|turn|2\n|\n|t:|1775852848\n|move|p1a: Koraidon|Protect|p1a: Koraidon\n|-singleturn|p1a: Koraidon|Protect\n|move|p2a: Calyrex|Astral Barrage|p1b: Miraidon|[spread] p1b\n|-activate|p1a: Koraidon|move: Protect\n|-damage|p1b: Miraidon|0 fnt\n|faint|p1b: Miraidon\n|-ability|p2a: Calyrex|Grim Neigh|boost\n|-boost|p2a: Calyrex|spa|1\n|-damage|p2a: Calyrex|91/100|[from] item: Life Orb\n|move|p2b: Chi-Yu|Heat Wave|p1a: Koraidon\n|-activate|p1a: Koraidon|move: Protect\n|\n|-weather|SunnyDay|[upkeep]\n|upkeep\n|\n|t:|1775852867\n|switch|p1b: Indeedee|Indeedee-F, L50, F|100/100\n|-fieldstart|move: Psychic Terrain|[from] ability: Psychic Surge|[of] p1b: Indeedee\n|-enditem|p1b: Indeedee|Psychic Seed\n|-boost|p1b: Indeedee|spd|1|[from] item: Psychic Seed\n|turn|3\n|\n|t:|1775852882\n|move|p2a: Calyrex|Astral Barrage|p1a: Koraidon|[spread] p1a\n|-immune|p1b: Indeedee\n|-damage|p1a: Koraidon|0 fnt\n|faint|p1a: Koraidon\n|-ability|p2a: Calyrex|Grim Neigh|boost\n|-boost|p2a: Calyrex|spa|1\n|-damage|p2a: Calyrex|81/100|[from] item: Life Orb\n|move|p2b: Chi-Yu|Snarl|p1b: Indeedee\n|-supereffective|p1b: Indeedee\n|-damage|p1b: Indeedee|50/100\n|-unboost|p1b: Indeedee|spa|1\n|move|p1b: Indeedee|Psychic|p2a: Calyrex\n|-resisted|p2a: Calyrex\n|-damage|p2a: Calyrex|64/100\n|\n|-weather|SunnyDay|[upkeep]\n|upkeep\n|\n|t:|1775852893\n|switch|p1a: Scovillain|Scovillain, L50, F|100/100\n|turn|4\n|\n|t:|1775852907\n|move|p1a: Scovillain|Protect|p1a: Scovillain\n|-singleturn|p1a: Scovillain|Protect\n|move|p1b: Indeedee|Protect|p1b: Indeedee\n|-singleturn|p1b: Indeedee|Protect\n|move|p2a: Calyrex|Astral Barrage|p1b: Indeedee|[spread] \n|-activate|p1a: Scovillain|move: Protect\n|-activate|p1b: Indeedee|move: Protect\n|move|p2b: Chi-Yu|Heat Wave|p1b: Indeedee|[spread] \n|-activate|p1a: Scovillain|move: Protect\n|-activate|p1b: Indeedee|move: Protect\n|\n|-weather|SunnyDay|[upkeep]\n|-sideend|p2: Harry Koekenpan|move: Tailwind\n|upkeep\n|turn|5\n|inactive|st123gt has 30 seconds left.\n|inactive|st123gt has 20 seconds left.\n|inactive|st123gt has 15 seconds left.\n|\n|t:|1775852947\n|move|p1b: Indeedee|Protect||[still]\n|-fail|p1b: Indeedee\n|move|p1a: Scovillain|Overheat|p2a: Calyrex\n|-damage|p2a: Calyrex|0 fnt\n|-unboost|p1a: Scovillain|spa|2\n|faint|p2a: Calyrex\n|move|p2b: Chi-Yu|Snarl|p1b: Indeedee|[spread] p1a,p1b\n|-supereffective|p1b: Indeedee\n|-damage|p1a: Scovillain|38/100\n|-damage|p1b: Indeedee|8/100\n|-unboost|p1a: Scovillain|spa|1\n|-unboost|p1b: Indeedee|spa|1\n|\n|-weather|none\n|upkeep\n|turn|6\n|inactive|st123gt has 30 seconds left.\n|\n|t:|1775852973\n|move|p1b: Indeedee|Helping Hand|p1a: Scovillain\n|-singleturn|p1a: Scovillain|Helping Hand|[of] p1b: Indeedee\n|move|p2b: Chi-Yu|Snarl|p1b: Indeedee|[spread] p1a,p1b\n|-supereffective|p1b: Indeedee\n|-damage|p1a: Scovillain|0 fnt\n|-damage|p1b: Indeedee|0 fnt\n|faint|p1a: Scovillain\n|faint|p1b: Indeedee\n|\n|win|Harry Koekenpan\n|raw|st123gt's rating: 1368 &rarr; <strong>1345</strong><br />(-23 for losing)\n|raw|Harry Koekenpan's rating: 1313 &rarr; <strong>1336</strong><br />(+23 for winning)\n|l|\u2606st123gt\n|player|p1|\n|l|\u2606Harry Koekenpan\n|player|p2|\n","uploadtime":1775852982,"views":16,"formatid":"gen9vgc2026regi","rating":1336,"private":0,"password":null}