{"id":"gen9vgc2026regi-2558442932","format":"[Gen 9] VGC 2026 Reg I","players":["FortuneMC","ArisHazard"],"log":"|j|\u2606FortuneMC\n|j|\u2606ArisHazard\n|t:|1773434984\n|gametype|doubles\n|player|p1|FortuneMC|veteran|1437\n|player|p2|ArisHazard|1|1460\n|gen|9\n|tier|[Gen 9] VGC 2026 Reg I\n|rated|\n|rule|Species Clause: Limit one of each Pok\u00e9mon\n|rule|Item Clause: Limit 1 of each item\n|clearpoke\n|poke|p1|Calyrex-Ice, L50|\n|poke|p1|Miraidon, L50|\n|poke|p1|Urshifu-*, L50, F|\n|poke|p1|Incineroar, L50, M|\n|poke|p1|Amoonguss, L50, F|\n|poke|p1|Landorus, L50, M|\n|poke|p2|Calyrex-Ice, L50|\n|poke|p2|Hitmontop, L50, M|\n|poke|p2|Miraidon, L50|\n|poke|p2|Sableye, L50, M|\n|poke|p2|Ting-Lu, L50|\n|poke|p2|Iron Valiant, L50|\n|teampreview|4\n|inactive|Battle timer is ON: inactive players will automatically lose when time's up. (requested by ArisHazard)\n|j| aojo\n|\n|t:|1773435008\n|teamsize|p1|4\n|teamsize|p2|4\n|start\n|switch|p1a: Urshifu|Urshifu-Rapid-Strike, L50, F|100/100\n|switch|p1b: Amoonguss|Amoonguss, L50, F|100/100\n|switch|p2a: Calyrex|Calyrex-Ice, L50|100/100\n|switch|p2b: Sableye|Sableye, L50, M|100/100\n|-ability|p2a: Calyrex|As One\n|-ability|p2a: Calyrex|Unnerve\n|turn|1\n|\n|t:|1773435025\n|switch|p2b: Miraidon|Miraidon, L50|100/100\n|-fieldstart|move: Electric Terrain|[from] ability: Hadron Engine|[of] p2b: Miraidon\n|move|p1a: Urshifu|U-turn|p2a: Calyrex\n|-supereffective|p2a: Calyrex\n|-damage|p2a: Calyrex|55/100\n|\n|t:|1773435028\n|switch|p1a: Incineroar|Incineroar, L50, M|100/100|[from] U-turn\n|-ability|p1a: Incineroar|Intimidate|boost\n|-fail|p2a: Calyrex|unboost|[from] item: Clear Amulet|[of] p2a: Calyrex\n|-unboost|p2b: Miraidon|atk|1\n|move|p2a: Calyrex|Glacial Lance|p1a: Incineroar|[spread] p1a,p1b\n|-resisted|p1a: Incineroar\n|-supereffective|p1b: Amoonguss\n|-damage|p1a: Incineroar|74/100\n|-damage|p1b: Amoonguss|0 fnt\n|faint|p1b: Amoonguss\n|-ability|p2a: Calyrex|Chilling Neigh|boost\n|-boost|p2a: Calyrex|atk|1\n|\n|upkeep\n|\n|t:|1773435032\n|switch|p1b: Urshifu|Urshifu-Rapid-Strike, L50, F|100/100\n|turn|2\n|\n|t:|1773435052\n|switch|p2a: Hitmontop|Hitmontop, L50, M|100/100\n|-ability|p2a: Hitmontop|Intimidate|boost\n|-unboost|p1a: Incineroar|atk|1\n|-unboost|p1b: Urshifu|atk|1\n|move|p1a: Incineroar|Fake Out|p2b: Miraidon\n|-damage|p2b: Miraidon|95/100\n|cant|p2b: Miraidon|flinch\n|move|p1b: Urshifu|Surging Strikes|p2a: Hitmontop\n|-crit|p2a: Hitmontop\n|-damage|p2a: Hitmontop|68/100\n|-crit|p2a: Hitmontop\n|-damage|p2a: Hitmontop|39/100\n|-crit|p2a: Hitmontop\n|-damage|p2a: Hitmontop|6/100\n|-hitcount|p2a: Hitmontop|3\n|\n|upkeep\n|turn|3\n|inactive|ArisHazard has 30 seconds left.\n|\n|t:|1773435077\n|switch|p1b: Miraidon|Miraidon, L50|100/100\n|-activate|p1b: Miraidon|ability: Hadron Engine\n|-terastallize|p2b: Miraidon|Electric\n|move|p2a: Hitmontop|Fake Out|p1b: Miraidon\n|-damage|p1b: Miraidon|92/100\n|move|p2b: Miraidon|Electro Drift|p1b: Miraidon\n|-resisted|p1b: Miraidon\n|-damage|p1b: Miraidon|74/100\n|move|p1a: Incineroar|Parting Shot|p2b: Miraidon\n|-unboost|p2b: Miraidon|atk|1\n|-unboost|p2b: Miraidon|spa|1\n|\n|t:|1773435090\n|switch|p1a: Urshifu|Urshifu-Rapid-Strike, L50, F|100/100|[from] Parting Shot\n|\n|upkeep\n|turn|4\n|\n|t:|1773435107\n|switch|p1a: Incineroar|Incineroar, L50, M|74/100\n|-ability|p1a: Incineroar|Intimidate|boost\n|-unboost|p2a: Hitmontop|atk|1\n|-unboost|p2b: Miraidon|atk|1\n|-terastallize|p1b: Miraidon|Fairy\n|move|p2a: Hitmontop|Wide Guard|p2a: Hitmontop\n|-singleturn|p2a: Hitmontop|Wide Guard\n|move|p2b: Miraidon|Volt Switch|p1a: Incineroar\n|-damage|p1a: Incineroar|28/100\n|-enditem|p1a: Incineroar|Sitrus Berry|[eat]\n|-heal|p1a: Incineroar|53/100|[from] item: Sitrus Berry\n|\n|t:|1773435121\n|switch|p2b: Sableye|Sableye, L50, M|100/100|[from] Volt Switch\n|move|p1b: Miraidon|Dazzling Gleam|p2a: Hitmontop|[spread] \n|-activate|p2a: Hitmontop|move: Wide Guard\n|-activate|p2b: Sableye|move: Wide Guard\n|\n|upkeep\n|turn|5\n|\n|t:|1773435133\n|switch|p2a: Miraidon|Miraidon, L50, tera:Electric|95/100\n|-activate|p2a: Miraidon|ability: Hadron Engine\n|move|p2b: Sableye|Disable|p1b: Miraidon\n|-start|p1b: Miraidon|Disable|Dazzling Gleam\n|cant|p1b: Miraidon|Disable|Dazzling Gleam\n|move|p1a: Incineroar|Knock Off|p2b: Sableye\n|-damage|p2b: Sableye|58/100\n|-enditem|p2b: Sableye|Sitrus Berry|[from] move: Knock Off|[of] p1a: Incineroar\n|\n|-fieldend|move: Electric Terrain\n|upkeep\n|turn|6\n|\n|t:|1773435152\n|move|p2a: Miraidon|Electro Drift|p1b: Miraidon\n|-damage|p1b: Miraidon|35/100\n|move|p1b: Miraidon|Draco Meteor|p2a: Miraidon\n|-damage|p2a: Miraidon|51/100\n|-unboost|p1b: Miraidon|spa|2\n|move|p2b: Sableye|Foul Play|p1b: Miraidon\n|-resisted|p1b: Miraidon\n|-damage|p1b: Miraidon|25/100\n|move|p1a: Incineroar|Knock Off|p2a: Miraidon\n|-damage|p2a: Miraidon|19/100\n|-enditem|p2a: Miraidon|Assault Vest|[from] move: Knock Off|[of] p1a: Incineroar\n|\n|upkeep\n|turn|7\n|\n|t:|1773435170\n|switch|p2b: Hitmontop|Hitmontop, L50, M|6/100\n|-ability|p2b: Hitmontop|Intimidate|boost\n|-unboost|p1a: Incineroar|atk|1\n|-unboost|p1b: Miraidon|atk|1\n|move|p2a: Miraidon|Volt Switch|p1b: Miraidon\n|-damage|p1b: Miraidon|0 fnt\n|faint|p1b: Miraidon\n|\n|t:|1773435179\n|switch|p2a: Calyrex|Calyrex-Ice, L50|55/100|[from] Volt Switch\n|-ability|p2a: Calyrex|As One\n|-ability|p2a: Calyrex|Unnerve\n|move|p1a: Incineroar|Parting Shot|p2a: Calyrex\n|-fail|p2a: Calyrex|unboost|[from] item: Clear Amulet|[of] p2a: Calyrex\n|\n|upkeep\n|\n|t:|1773435182\n|switch|p1b: Urshifu|Urshifu-Rapid-Strike, L50, F|100/100\n|turn|8\n|\n|t:|1773435196\n|move|p2b: Hitmontop|Fake Out|p1b: Urshifu\n|-damage|p1b: Urshifu|91/100\n|cant|p1b: Urshifu|flinch\n|move|p1a: Incineroar|Will-O-Wisp|p2a: Calyrex\n|-status|p2a: Calyrex|brn\n|move|p2a: Calyrex|Stomping Tantrum|p1a: Incineroar\n|-supereffective|p1a: Incineroar\n|-damage|p1a: Incineroar|22/100\n|\n|-damage|p2a: Calyrex|49/100 brn|[from] brn\n|upkeep\n|turn|9\n|\n|t:|1773435212\n|move|p1b: Urshifu|Surging Strikes|p2b: Hitmontop\n|-crit|p2b: Hitmontop\n|-damage|p2b: Hitmontop|0 fnt\n|faint|p2b: Hitmontop\n|-hitcount|p2: Hitmontop|1\n|move|p1a: Incineroar|Knock Off|p2a: Calyrex\n|-supereffective|p2a: Calyrex\n|-damage|p2a: Calyrex|13/100 brn\n|-enditem|p2a: Calyrex|Clear Amulet|[from] move: Knock Off|[of] p1a: Incineroar\n|move|p2a: Calyrex|Stomping Tantrum|p1a: Incineroar\n|-supereffective|p1a: Incineroar\n|-damage|p1a: Incineroar|0 fnt\n|faint|p1a: Incineroar\n|-ability|p2a: Calyrex|Chilling Neigh|boost\n|-boost|p2a: Calyrex|atk|1\n|\n|-damage|p2a: Calyrex|7/100 brn|[from] brn\n|upkeep\n|\n|t:|1773435229\n|switch|p2b: Sableye|Sableye, L50, M|58/100\n|turn|10\n|\n|t:|1773435233\n|switch|p2a: Miraidon|Miraidon, L50, tera:Electric|19/100\n|-fieldstart|move: Electric Terrain|[from] ability: Hadron Engine|[of] p2a: Miraidon\n|move|p2b: Sableye|Disable|p1b: Urshifu\n|-start|p1b: Urshifu|Disable|Surging Strikes\n|cant|p1b: Urshifu|Disable|Surging Strikes\n|\n|upkeep\n|turn|11\n|\n|t:|1773435243\n|move|p2b: Sableye|Encore|p1b: Urshifu\n|-start|p1b: Urshifu|Encore\n|move|p2a: Miraidon|Electro Drift|p1b: Urshifu\n|-supereffective|p1b: Urshifu\n|-damage|p1b: Urshifu|0 fnt\n|faint|p1b: Urshifu\n|\n|win|ArisHazard\n|raw|FortuneMC's rating: 1437 &rarr; <strong>1418</strong><br />(-19 for losing)\n|raw|ArisHazard's rating: 1460 &rarr; <strong>1479</strong><br />(+19 for winning)\n|l|\u2606FortuneMC\n|player|p1|\n|l| aojo\n|l|\u2606ArisHazard\n|player|p2|\n","uploadtime":1773435465,"views":14,"formatid":"gen9vgc2026regi","rating":1418,"private":0,"password":null}