{"id":"gen9vgc2026regi-2526690392","format":"[Gen 9] VGC 2026 Reg I","players":["marcxhenry","bianxiaoshuli"],"log":"|j|\u2606marcxhenry\n|j|\u2606bianxiaoshuli\n|t:|1769448481\n|gametype|doubles\n|player|p1|marcxhenry|hilbert-wonderlauncher|1516\n|player|p2|bianxiaoshuli|2|1506\n|gen|9\n|tier|[Gen 9] VGC 2026 Reg I\n|rated|\n|rule|Species Clause: Limit one of each Pok\u00e9mon\n|rule|Item Clause: Limit 1 of each item\n|clearpoke\n|poke|p1|Calyrex-Shadow, L50|\n|poke|p1|Urshifu-*, L50, M|\n|poke|p1|Roaring Moon, L50|\n|poke|p1|Kyogre, L50|\n|poke|p1|Tsareena, L50, F|\n|poke|p1|Kingambit, L50, M|\n|poke|p2|Calyrex-Ice, L50|\n|poke|p2|Groudon, L50|\n|poke|p2|Flutter Mane, L50|\n|poke|p2|Chi-Yu, L50|\n|poke|p2|Raging Bolt, L50|\n|poke|p2|Lilligant-Hisui, L50, F|\n|teampreview|4\n|\n|t:|1769448509\n|teamsize|p1|4\n|teamsize|p2|4\n|start\n|switch|p1a: Ludwig|Calyrex-Shadow, L50|100/100\n|switch|p1b: Tripitz|Kyogre, L50, shiny|100/100\n|switch|p2a: Flutter Mane|Flutter Mane, L50|100/100\n|switch|p2b: Raging Bolt|Raging Bolt, L50|100/100\n|-ability|p1a: Ludwig|As One\n|-ability|p1a: Ludwig|Unnerve\n|-weather|RainDance|[from] ability: Drizzle|[of] p1b: Tripitz\n|turn|1\n|\n|t:|1769448523\n|-end|p2a: Flutter Mane|Protosynthesis|[silent]\n|switch|p2a: Groudon|Groudon, L50|100/100\n|-weather|SunnyDay|[from] ability: Drought|[of] p2a: Groudon\n|-activate|p2b: Raging Bolt|ability: Protosynthesis\n|-start|p2b: Raging Bolt|protosynthesisspa\n|switch|p1b: Hermann|Kingambit, L50, M, shiny|100/100\n|-terastallize|p1a: Ludwig|Normal\n|move|p2b: Raging Bolt|Thunderbolt|p1a: Ludwig\n|-damage|p1a: Ludwig|2/100\n|-damage|p2b: Raging Bolt|91/100|[from] item: Life Orb\n|move|p1a: Ludwig|Trick Room|p1a: Ludwig\n|-fieldstart|move: Trick Room|[of] p1a: Ludwig\n|\n|-weather|SunnyDay|[upkeep]\n|upkeep\n|turn|2\n|\n|t:|1769448551\n|switch|p1a: Eva|Tsareena, L50, F, shiny|100/100\n|move|p1b: Hermann|Iron Head|p2a: Groudon\n|-damage|p2a: Groudon|70/100\n|move|p2b: Raging Bolt|Thunderbolt|p1b: Hermann\n|-crit|p1b: Hermann\n|-damage|p1b: Hermann|11/100\n|-damage|p2b: Raging Bolt|81/100|[from] item: Life Orb\n|move|p2a: Groudon|Precipice Blades|p1b: Hermann|[spread] p1a,p1b\n|-resisted|p1a: Eva\n|-supereffective|p1b: Hermann\n|-damage|p1a: Eva|70/100\n|-damage|p1b: Hermann|0 fnt\n|faint|p1b: Hermann\n|\n|-weather|SunnyDay|[upkeep]\n|upkeep\n|\n|t:|1769448565\n|switch|p1b: Tripitz|Kyogre, L50, shiny|100/100\n|-weather|RainDance|[from] ability: Drizzle|[of] p1b: Tripitz\n|-end|p2b: Raging Bolt|Protosynthesis\n|turn|3\n|\n|t:|1769448581\n|switch|p2a: Calyrex|Calyrex-Ice, L50|100/100\n|-ability|p2a: Calyrex|As One\n|-ability|p2a: Calyrex|Unnerve\n|move|p2b: Raging Bolt|Protect|p2b: Raging Bolt\n|-singleturn|p2b: Raging Bolt|Protect\n|move|p1a: Eva|Triple Axel|p2b: Raging Bolt\n|-activate|p2b: Raging Bolt|move: Protect\n|move|p1b: Tripitz|Origin Pulse|p2b: Raging Bolt|[spread] p2a\n|-activate|p2b: Raging Bolt|move: Protect\n|-damage|p2a: Calyrex|36/100\n|\n|-weather|RainDance|[upkeep]\n|-heal|p2a: Calyrex|42/100|[from] item: Leftovers\n|upkeep\n|turn|4\n|\n|t:|1769448598\n|-end|p2b: Raging Bolt|Protosynthesis|[silent]\n|switch|p2b: Groudon|Groudon, L50|70/100\n|-weather|SunnyDay|[from] ability: Drought|[of] p2b: Groudon\n|move|p1a: Eva|Protect|p1a: Eva\n|-singleturn|p1a: Eva|Protect\n|move|p2a: Calyrex|Glacial Lance|p1b: Tripitz|[spread] p1b\n|-activate|p1a: Eva|move: Protect\n|-resisted|p1b: Tripitz\n|-crit|p1b: Tripitz\n|-damage|p1b: Tripitz|51/100\n|move|p1b: Tripitz|Origin Pulse|p2a: Calyrex|[spread] p2a,p2b\n|-supereffective|p2b: Groudon\n|-damage|p2a: Calyrex|20/100\n|-damage|p2b: Groudon|15/100\n|\n|-weather|SunnyDay|[upkeep]\n|-heal|p2a: Calyrex|26/100|[from] item: Leftovers\n|upkeep\n|turn|5\n|\n|t:|1769448613\n|move|p1a: Eva|Protect|p1a: Eva\n|-singleturn|p1a: Eva|Protect\n|move|p1b: Tripitz|Protect|p1b: Tripitz\n|-singleturn|p1b: Tripitz|Protect\n|move|p2a: Calyrex|Glacial Lance|p1b: Tripitz|[spread] \n|-activate|p1a: Eva|move: Protect\n|-activate|p1b: Tripitz|move: Protect\n|move|p2b: Groudon|Precipice Blades|p1b: Tripitz|[spread] \n|-activate|p1a: Eva|move: Protect\n|-activate|p1b: Tripitz|move: Protect\n|\n|-weather|SunnyDay|[upkeep]\n|-heal|p2a: Calyrex|32/100|[from] item: Leftovers\n|-fieldend|move: Trick Room\n|upkeep\n|turn|6\n|\n|t:|1769448628\n|move|p1b: Tripitz|Origin Pulse|p2a: Calyrex|[spread] p2a\n|-miss|p1b: Tripitz|p2b: Groudon\n|-damage|p2a: Calyrex|11/100\n|move|p2b: Groudon|Precipice Blades|p1b: Tripitz|[spread] p1a,p1b\n|-resisted|p1a: Eva\n|-damage|p1a: Eva|40/100\n|-damage|p1b: Tripitz|0 fnt\n|faint|p1b: Tripitz\n|move|p1a: Eva|Power Whip|p2a: Calyrex\n|-damage|p2a: Calyrex|0 fnt\n|faint|p2a: Calyrex\n|\n|-weather|SunnyDay|[upkeep]\n|upkeep\n|\n|t:|1769448640\n|switch|p1b: Ludwig|Calyrex-Shadow, L50, tera:Normal|2/100\n|switch|p2a: Flutter Mane|Flutter Mane, L50|100/100\n|-ability|p1b: Ludwig|As One\n|-ability|p1b: Ludwig|Unnerve\n|-activate|p2a: Flutter Mane|ability: Protosynthesis\n|-start|p2a: Flutter Mane|protosynthesisspe\n|turn|7\n|\n|t:|1769448654\n|move|p1b: Ludwig|Protect|p1b: Ludwig\n|-singleturn|p1b: Ludwig|Protect\n|move|p2a: Flutter Mane|Moonblast|p1b: Ludwig\n|-activate|p1b: Ludwig|move: Protect\n|move|p1a: Eva|Power Whip|p2a: Flutter Mane\n|-enditem|p2a: Flutter Mane|Focus Sash\n|-damage|p2a: Flutter Mane|1/100\n|move|p2b: Groudon|Heat Crash|p1a: Eva\n|-supereffective|p1a: Eva\n|-damage|p1a: Eva|0 fnt\n|faint|p1a: Eva\n|\n|-weather|SunnyDay|[upkeep]\n|upkeep\n|turn|8\n|\n|t:|1769448669\n|switch|p2b: Raging Bolt|Raging Bolt, L50|81/100\n|-activate|p2b: Raging Bolt|ability: Protosynthesis\n|-start|p2b: Raging Bolt|protosynthesisspa\n|move|p1b: Ludwig|Protect||[still]\n|-fail|p1b: Ludwig\n|move|p2a: Flutter Mane|Moonblast|p1b: Ludwig\n|-damage|p1b: Ludwig|0 fnt\n|faint|p1b: Ludwig\n|\n|win|bianxiaoshuli\n|raw|marcxhenry's rating: 1516 &rarr; <strong>1495</strong><br />(-21 for losing)\n|raw|bianxiaoshuli's rating: 1506 &rarr; <strong>1527</strong><br />(+21 for winning)\n|l|\u2606marcxhenry\n|player|p1|\n|l|\u2606bianxiaoshuli\n|player|p2|\n","uploadtime":1769448850,"views":42,"formatid":"gen9vgc2026regi","rating":1495,"private":0,"password":null}