{"id":"gen9vgc2026regi-2572189689","format":"[Gen 9] VGC 2026 Reg I","players":["Bman311","501JFW"],"log":"|j|\u2606Bman311\n|j|\u2606501JFW\n|t:|1774995852\n|gametype|doubles\n|player|p1|Bman311|2|1497\n|player|p2|501JFW|102|1459\n|gen|9\n|tier|[Gen 9] VGC 2026 Reg I\n|rated|\n|rule|Species Clause: Limit one of each Pok\u00e9mon\n|rule|Item Clause: Limit 1 of each item\n|clearpoke\n|poke|p1|Koraidon, L50|\n|poke|p1|Calyrex-Ice, L50|\n|poke|p1|Incineroar, L50, M|\n|poke|p1|Brute Bonnet, L50|\n|poke|p1|Flutter Mane, L50|\n|poke|p1|Gouging Fire, L50|\n|poke|p2|Lunala, L50|\n|poke|p2|Koraidon, L50|\n|poke|p2|Jumpluff, L50, M|\n|poke|p2|Ogerpon-Cornerstone, L50, F|\n|poke|p2|Raging Bolt, L50|\n|poke|p2|Ursaluna, L50, F|\n|teampreview|4\n|inactive|Battle timer is ON: inactive players will automatically lose when time's up. (requested by Bman311)\nBman311 has agreed to open team sheets.\n|inactive|Bman311 has 60 seconds left.\n|\n|t:|1774995889\n|teamsize|p1|4\n|teamsize|p2|4\n|start\n|switch|p1a: Flutter Mane|Flutter Mane, L50|100/100\n|switch|p1b: Koraidon|Koraidon, L50|100/100\n|switch|p2a: Lunala|Lunala, L50, shiny|100/100\n|switch|p2b: Koraidon|Koraidon, L50, shiny|100/100\n|-weather|SunnyDay|[from] ability: Orichalcum Pulse|[of] p2b: Koraidon\n|-activate|p1a: Flutter Mane|ability: Protosynthesis\n|-start|p1a: Flutter Mane|protosynthesisspe\n|-activate|p2b: Koraidon|Orichalcum Pulse|[source]\n|-activate|p1b: Koraidon|ability: Orichalcum Pulse\n|turn|1\n|\n|t:|1774995902\n|-terastallize|p2a: Lunala|Fire\n|move|p1a: Flutter Mane|Taunt|p2a: Lunala\n|-start|p2a: Lunala|move: Taunt\n|move|p1b: Koraidon|Close Combat|p2b: Koraidon\n|-enditem|p2b: Koraidon|Focus Sash\n|-damage|p2b: Koraidon|1/100\n|-unboost|p1b: Koraidon|def|1\n|-unboost|p1b: Koraidon|spd|1\n|-damage|p1b: Koraidon|91/100|[from] item: Life Orb\n|move|p2b: Koraidon|Close Combat|p1b: Koraidon\n|-crit|p1b: Koraidon\n|-damage|p1b: Koraidon|0 fnt\n|-unboost|p2b: Koraidon|def|1\n|-unboost|p2b: Koraidon|spd|1\n|faint|p1b: Koraidon\n|move|p2a: Lunala|Moongeist Beam|p1a: Flutter Mane\n|-supereffective|p1a: Flutter Mane\n|-enditem|p1a: Flutter Mane|Focus Sash\n|-damage|p1a: Flutter Mane|1/100\n|\n|-weather|SunnyDay|[upkeep]\n|upkeep\n|\n|t:|1774995911\n|switch|p1b: Brute Bonnet|Brute Bonnet, L50|100/100\n|-activate|p1b: Brute Bonnet|ability: Protosynthesis\n|-start|p1b: Brute Bonnet|protosynthesisdef\n|turn|2\n|\n|t:|1774995918\n|move|p2b: Koraidon|Protect|p2b: Koraidon\n|-singleturn|p2b: Koraidon|Protect\n|move|p1a: Flutter Mane|Icy Wind|p2a: Lunala|[spread] p2a\n|-activate|p2b: Koraidon|move: Protect\n|-resisted|p2a: Lunala\n|-damage|p2a: Lunala|98/100\n|-unboost|p2a: Lunala|spe|1\n|move|p2a: Lunala|Heat Wave|p1a: Flutter Mane|[spread] p1a\n|-miss|p2a: Lunala|p1b: Brute Bonnet\n|-damage|p1a: Flutter Mane|0 fnt\n|faint|p1a: Flutter Mane\n|-end|p1a: Flutter Mane|Protosynthesis|[silent]\n|move|p1b: Brute Bonnet|Spore|p2a: Lunala\n|-status|p2a: Lunala|slp|[from] move: Spore\n|\n|-weather|SunnyDay|[upkeep]\n|upkeep\n|\n|t:|1774995922\n|switch|p1a: Calyrex|Calyrex-Ice, L50|100/100\n|-ability|p1a: Calyrex|As One\n|-ability|p1a: Calyrex|Unnerve\n|turn|3\n|inactive|501JFW has 30 seconds left.\n|inactive|501JFW has 20 seconds left.\n|\n|t:|1774995958\n|-terastallize|p1a: Calyrex|Water\n|move|p1b: Brute Bonnet|Sucker Punch|p2b: Koraidon\n|-resisted|p2b: Koraidon\n|-damage|p2b: Koraidon|0 fnt\n|faint|p2b: Koraidon\n|cant|p2a: Lunala|slp\n|move|p1a: Calyrex|High Horsepower|p2a: Lunala\n|-supereffective|p2a: Lunala\n|-damage|p2a: Lunala|18/100 slp\n|\n|-weather|SunnyDay|[upkeep]\n|-end|p2a: Lunala|move: Taunt\n|upkeep\n|inactive|501JFW has 30 seconds left.\n|\n|t:|1774995986\n|switch|p2b: Ogerpon|Ogerpon-Cornerstone, L50, F|100/100\n|turn|4\n|\n|t:|1774996010\n|cant|p2a: Lunala|slp\n|move|p2b: Ogerpon|Power Whip|p1a: Calyrex|[miss]\n|-miss|p2b: Ogerpon|p1a: Calyrex\n|move|p1b: Brute Bonnet|Seed Bomb|p2b: Ogerpon\n|-damage|p2b: Ogerpon|68/100\n|move|p1a: Calyrex|Trick Room|p1a: Calyrex\n|-fieldstart|move: Trick Room|[of] p1a: Calyrex\n|\n|-weather|SunnyDay|[upkeep]\n|upkeep\n|turn|5\n|-message|501JFW forfeited.\n|\n|win|Bman311\n|raw|Bman311's rating: 1497 &rarr; <strong>1515</strong><br />(+18 for winning)\n|raw|501JFW's rating: 1459 &rarr; <strong>1441</strong><br />(-18 for losing)\n|l|\u2606501JFW\n|player|p2|\n","uploadtime":1774996018,"views":19,"formatid":"gen9vgc2026regi","rating":1441,"private":0,"password":null}