{"id":"gen9vgc2026regi-2564952954","format":"[Gen 9] VGC 2026 Reg I","players":["Matte23","pigs2fly"],"log":"|j|\u2606Matte23\n|j|\u2606pigs2fly\n|t:|1774213764\n|gametype|doubles\n|player|p1|Matte23|265|1401\n|player|p2|pigs2fly|dexio|1487\n|gen|9\n|tier|[Gen 9] VGC 2026 Reg I\n|rated|\n|rule|Species Clause: Limit one of each Pok\u00e9mon\n|rule|Item Clause: Limit 1 of each item\n|clearpoke\n|poke|p1|Calyrex-Ice, L50|\n|poke|p1|Miraidon, L50|\n|poke|p1|Grimmsnarl, L50, M|\n|poke|p1|Urshifu-*, L50, F|\n|poke|p1|Incineroar, L50, M|\n|poke|p1|Landorus, L50, M|\n|poke|p2|Annihilape, L50, M|\n|poke|p2|Tornadus, L50, M|\n|poke|p2|Dondozo, L50, M|\n|poke|p2|Tatsugiri-Droopy, L50, M|\n|poke|p2|Zacian-*, L50|\n|poke|p2|Kyogre, L50|\n|teampreview|4\n|\n|t:|1774213789\n|teamsize|p1|4\n|teamsize|p2|4\n|start\n|switch|p1a: Grimmsnarl|Grimmsnarl, L50, M|100/100\n|switch|p1b: Urshifu|Urshifu-Rapid-Strike, L50, F|100/100\n|switch|p2a: Zacian|Zacian-Crowned, L50, shiny|100/100\n|switch|p2b: Annihilape|Annihilape, L50, M|100/100\n|-ability|p2a: Zacian|Intrepid Sword|boost\n|-boost|p2a: Zacian|atk|1\n|turn|1\n|\n|t:|1774213807\n|-terastallize|p1b: Urshifu|Ghost\n|move|p1a: Grimmsnarl|Reflect|p1a: Grimmsnarl\n|-sidestart|p1: Matte23|Reflect\n|move|p2b: Annihilape|Coaching|p2a: Zacian\n|-boost|p2a: Zacian|atk|1\n|-boost|p2a: Zacian|def|1\n|move|p2a: Zacian|Behemoth Blade|p1a: Grimmsnarl\n|-supereffective|p1a: Grimmsnarl\n|-damage|p1a: Grimmsnarl|0 fnt\n|faint|p1a: Grimmsnarl\n|move|p1b: Urshifu|Surging Strikes|p2a: Zacian\n|-crit|p2a: Zacian\n|-damage|p2a: Zacian|77/100\n|-crit|p2a: Zacian\n|-damage|p2a: Zacian|51/100\n|-crit|p2a: Zacian\n|-damage|p2a: Zacian|24/100\n|-hitcount|p2a: Zacian|3\n|\n|upkeep\n|\n|t:|1774213827\n|switch|p1a: Miraidon|Miraidon, L50|100/100\n|-fieldstart|move: Electric Terrain|[from] ability: Hadron Engine|[of] p1a: Miraidon\n|turn|2\n|\n|t:|1774213845\n|switch|p2b: Dondozo|Dondozo, L50, M|100/100\n|switch|p1a: Calyrex|Calyrex-Ice, L50|100/100\n|-ability|p1a: Calyrex|As One\n|-ability|p1a: Calyrex|Unnerve\n|move|p2a: Zacian|Play Rough|p1a: Calyrex\n|-damage|p1a: Calyrex|57/100\n|move|p1b: Urshifu|Surging Strikes|p2a: Zacian\n|-crit|p2a: Zacian\n|-damage|p2a: Zacian|0 fnt\n|faint|p2a: Zacian\n|-hitcount|p2: Zacian|1\n|\n|-heal|p1a: Calyrex|62/100|[from] item: Leftovers\n|upkeep\n|\n|t:|1774213850\n|switch|p2a: Tatsugiri|Tatsugiri-Droopy, L50, M|100/100\n|-activate|p2a: Tatsugiri|ability: Commander|[of] p2b: Dondozo\n|-boost|p2b: Dondozo|atk|2\n|-boost|p2b: Dondozo|spa|2\n|-boost|p2b: Dondozo|spe|2\n|-boost|p2b: Dondozo|def|2\n|-boost|p2b: Dondozo|spd|2\n|turn|3\n|\n|t:|1774213867\n|move|p2b: Dondozo|Order Up|p1a: Calyrex\n|-damage|p1a: Calyrex|48/100\n|-boost|p2b: Dondozo|def|1\n|move|p1b: Urshifu|Surging Strikes|p2b: Dondozo\n|-resisted|p2b: Dondozo\n|-crit|p2b: Dondozo\n|-damage|p2b: Dondozo|93/100\n|-resisted|p2b: Dondozo\n|-crit|p2b: Dondozo\n|-damage|p2b: Dondozo|85/100\n|-resisted|p2b: Dondozo\n|-crit|p2b: Dondozo\n|-damage|p2b: Dondozo|76/100\n|-hitcount|p2b: Dondozo|3\n|move|p1a: Calyrex|Leech Seed|p2b: Dondozo\n|-start|p2b: Dondozo|move: Leech Seed\n|\n|-heal|p2b: Dondozo|82/100|[from] item: Leftovers\n|-heal|p1a: Calyrex|54/100|[from] item: Leftovers\n|-damage|p2b: Dondozo|70/100|[from] Leech Seed|[of] p1a: Calyrex\n|-heal|p1a: Calyrex|68/100|[silent]\n|upkeep\n|turn|4\n|\n|t:|1774213886\n|move|p2b: Dondozo|Order Up|p1b: Urshifu\n|-damage|p1b: Urshifu|78/100\n|-boost|p2b: Dondozo|def|1\n|move|p1b: Urshifu|Surging Strikes|p2b: Dondozo\n|-resisted|p2b: Dondozo\n|-crit|p2b: Dondozo\n|-damage|p2b: Dondozo|62/100\n|-resisted|p2b: Dondozo\n|-crit|p2b: Dondozo\n|-damage|p2b: Dondozo|54/100\n|-resisted|p2b: Dondozo\n|-crit|p2b: Dondozo\n|-damage|p2b: Dondozo|45/100\n|-hitcount|p2b: Dondozo|3\n|move|p1a: Calyrex|Glacial Lance|p2b: Dondozo|[spread] p2b\n|-miss|p1a: Calyrex|p2a: Tatsugiri\n|-resisted|p2b: Dondozo\n|-crit|p2b: Dondozo\n|-damage|p2b: Dondozo|26/100\n|\n|-heal|p2b: Dondozo|32/100|[from] item: Leftovers\n|-heal|p1a: Calyrex|74/100|[from] item: Leftovers\n|-damage|p2b: Dondozo|20/100|[from] Leech Seed|[of] p1a: Calyrex\n|-heal|p1a: Calyrex|88/100|[silent]\n|upkeep\n|turn|5\n|\n|t:|1774213908\n|move|p2b: Dondozo|Earthquake|p1a: Calyrex|[spread] p1a,p1b\n|-miss|p2b: Dondozo|p2a: Tatsugiri\n|-damage|p1a: Calyrex|73/100\n|-damage|p1b: Urshifu|54/100\n|move|p1b: Urshifu|Surging Strikes|p2b: Dondozo\n|-resisted|p2b: Dondozo\n|-crit|p2b: Dondozo\n|-damage|p2b: Dondozo|11/100\n|-resisted|p2b: Dondozo\n|-crit|p2b: Dondozo\n|-damage|p2b: Dondozo|3/100\n|-resisted|p2b: Dondozo\n|-crit|p2b: Dondozo\n|-damage|p2b: Dondozo|0 fnt\n|faint|p2b: Dondozo\n|-hitcount|p2: Dondozo|3\n|move|p1a: Calyrex|Trick Room|p1a: Calyrex\n|-fieldstart|move: Trick Room|[of] p1a: Calyrex\n|\n|-heal|p1a: Calyrex|79/100|[from] item: Leftovers\n|upkeep\n|\n|t:|1774213912\n|switch|p2b: Annihilape|Annihilape, L50, M|100/100\n|turn|6\n|\n|t:|1774213931\n|-terastallize|p2a: Tatsugiri|Stellar\n|move|p1a: Calyrex|Glacial Lance|p2a: Tatsugiri|[spread] p2a,p2b\n|-damage|p2a: Tatsugiri|6/100\n|-damage|p2b: Annihilape|42/100\n|move|p1b: Urshifu|Surging Strikes|p2b: Annihilape\n|-crit|p2b: Annihilape\n|-damage|p2b: Annihilape|9/100\n|-crit|p2b: Annihilape\n|-damage|p2b: Annihilape|0 fnt\n|faint|p2b: Annihilape\n|-hitcount|p2: Annihilape|2\n|move|p2a: Tatsugiri|Muddy Water|p1b: Urshifu|[spread] p1a,p1b\n|-damage|p1a: Calyrex|51/100\n|-damage|p1b: Urshifu|2/100\n|-unboost|p1a: Calyrex|accuracy|1\n|\n|-heal|p1a: Calyrex|57/100|[from] item: Leftovers\n|-fieldend|move: Electric Terrain\n|upkeep\n|turn|7\n|-message|pigs2fly forfeited.\n|\n|win|Matte23\n|raw|Matte23's rating: 1401 &rarr; <strong>1426</strong><br />(+25 for winning)\n|raw|pigs2fly's rating: 1487 &rarr; <strong>1462</strong><br />(-25 for losing)\n|l|\u2606pigs2fly\n|player|p2|\n|l|\u2606Matte23\n|player|p1|\n","uploadtime":1774214210,"views":12,"formatid":"gen9vgc2026regi","rating":1426,"private":0,"password":null}