{"id":"gen9vgc2026regi-2578034535","format":"[Gen 9] VGC 2026 Reg I","players":["Danny3over","asroarri"],"log":"|j|\u2606Danny3over\n|j|\u2606asroarri\n|t:|1775638756\n|gametype|doubles\n|player|p1|Danny3over|twins-gen4dp|1589\n|player|p2|asroarri|dawn|1455\n|gen|9\n|tier|[Gen 9] VGC 2026 Reg I\n|rated|\n|rule|Species Clause: Limit one of each Pok\u00e9mon\n|rule|Item Clause: Limit 1 of each item\n|clearpoke\n|poke|p1|Calyrex-Ice, L50|\n|poke|p1|Miraidon, L50|\n|poke|p1|Grimmsnarl, L50, M|\n|poke|p1|Urshifu-*, L50, F|\n|poke|p1|Incineroar, L50, F|\n|poke|p1|Landorus, L50, M|\n|poke|p2|Calyrex-Ice, L50|\n|poke|p2|Miraidon, L50|\n|poke|p2|Iron Hands, L50|\n|poke|p2|Farigiraf, L50, F|\n|poke|p2|Ursaluna-Bloodmoon, L50, M|\n|poke|p2|Torkoal, L50, F|\n|teampreview|4\n|inactive|Battle timer is ON: inactive players will automatically lose when time's up. (requested by asroarri)\n|inactive|Danny3over has 60 seconds left.\n|\n|t:|1775638791\n|teamsize|p1|4\n|teamsize|p2|4\n|start\n|switch|p1a: Grimmsnarl|Grimmsnarl, L50, M|100/100\n|switch|p1b: Miraidon|Miraidon, L50|100/100\n|switch|p2a: Calyrex|Calyrex-Ice, L50|100/100\n|switch|p2b: Miraidon|Miraidon, L50|100/100\n|-ability|p2a: Calyrex|As One\n|-ability|p2a: Calyrex|Unnerve\n|-fieldstart|move: Electric Terrain|[from] ability: Hadron Engine|[of] p2b: Miraidon\n|-activate|p1b: Miraidon|ability: Hadron Engine\n|turn|1\n|inactive|Danny3over has 30 seconds left.\n|inactive|Danny3over has 20 seconds left.\n|\n|t:|1775638828\n|-terastallize|p1b: Miraidon|Fairy\n|move|p1a: Grimmsnarl|Reflect|p1a: Grimmsnarl\n|-sidestart|p1: Danny3over|Reflect\n|move|p2b: Miraidon|Volt Switch|p1b: Miraidon\n|-damage|p1b: Miraidon|49/100\n|\n|t:|1775638833\n|switch|p2b: Iron Hands|Iron Hands, L50|100/100|[from] Volt Switch\n|-activate|p2b: Iron Hands|ability: Quark Drive\n|-start|p2b: Iron Hands|quarkdriveatk\n|move|p1b: Miraidon|Draco Meteor|p2b: Iron Hands\n|-damage|p2b: Iron Hands|28/100\n|-unboost|p1b: Miraidon|spa|2\n|move|p2a: Calyrex|Trick Room|p2a: Calyrex\n|-fieldstart|move: Trick Room|[of] p2a: Calyrex\n|\n|upkeep\n|turn|2\n|inactive|Danny3over has 30 seconds left.\n|\n|t:|1775638859\n|switch|p1b: Calyrex|Calyrex-Ice, L50|100/100\n|-ability|p1b: Calyrex|As One\n|-ability|p1b: Calyrex|Unnerve\n|move|p2b: Iron Hands|Drain Punch|p1a: Grimmsnarl\n|-damage|p1a: Grimmsnarl|60/100\n|-heal|p2b: Iron Hands|44/100|[from] drain|[of] p1a: Grimmsnarl\n|move|p2a: Calyrex|Glacial Lance|p1b: Calyrex|[spread] p1a,p1b\n|-resisted|p1b: Calyrex\n|-damage|p1a: Grimmsnarl|19/100\n|-damage|p1b: Calyrex|88/100\n|move|p1a: Grimmsnarl|Spirit Break|p2b: Iron Hands\n|-supereffective|p2b: Iron Hands\n|-damage|p2b: Iron Hands|5/100\n|-unboost|p2b: Iron Hands|spa|1\n|\n|-heal|p1b: Calyrex|94/100|[from] item: Leftovers\n|upkeep\n|turn|3\n|\n|t:|1775638881\n|move|p1a: Grimmsnarl|Light Screen|p1a: Grimmsnarl\n|-sidestart|p1: Danny3over|move: Light Screen\n|move|p2b: Iron Hands|Low Kick|p1b: Calyrex\n|-damage|p1b: Calyrex|58/100\n|move|p1b: Calyrex|Leech Seed|p2a: Calyrex\n|-start|p2a: Calyrex|move: Leech Seed\n|move|p2a: Calyrex|Glacial Lance|p1b: Calyrex|[spread] p1a,p1b\n|-crit|p1a: Grimmsnarl\n|-resisted|p1b: Calyrex\n|-damage|p1a: Grimmsnarl|0 fnt\n|-damage|p1b: Calyrex|46/100\n|faint|p1a: Grimmsnarl\n|-ability|p2a: Calyrex|Chilling Neigh|boost\n|-boost|p2a: Calyrex|atk|1\n|\n|-heal|p1b: Calyrex|52/100|[from] item: Leftovers\n|-damage|p2a: Calyrex|88/100|[from] Leech Seed|[of] p1b: Calyrex\n|-heal|p1b: Calyrex|64/100|[silent]\n|upkeep\n|\n|t:|1775638895\n|switch|p1a: Landorus|Landorus, L50, M|100/100\n|turn|4\n|\n|t:|1775638901\n|move|p1a: Landorus|Protect|p1a: Landorus\n|-singleturn|p1a: Landorus|Protect\n|move|p2b: Iron Hands|Low Kick|p1b: Calyrex\n|-damage|p1b: Calyrex|24/100\n|move|p2a: Calyrex|Glacial Lance|p1b: Calyrex|[spread] p1b\n|-activate|p1a: Landorus|move: Protect\n|-resisted|p1b: Calyrex\n|-damage|p1b: Calyrex|5/100\n|move|p1b: Calyrex|Trick Room|p1b: Calyrex\n|-fieldend|move: Trick Room\n|\n|-heal|p1b: Calyrex|11/100|[from] item: Leftovers\n|-damage|p2a: Calyrex|76/100|[from] Leech Seed|[of] p1b: Calyrex\n|-heal|p1b: Calyrex|23/100|[silent]\n|upkeep\n|turn|5\n|inactive|asroarri has 30 seconds left.\n|\n|t:|1775638928\n|move|p1a: Landorus|Earth Power|p2a: Calyrex\n|-damage|p2a: Calyrex|27/100\n|move|p2a: Calyrex|Glacial Lance|p1a: Landorus|[spread] p1a,p1b\n|-supereffective|p1a: Landorus\n|-resisted|p1b: Calyrex\n|-damage|p1a: Landorus|0 fnt\n|-damage|p1b: Calyrex|4/100\n|faint|p1a: Landorus\n|-ability|p2a: Calyrex|Chilling Neigh|boost\n|-boost|p2a: Calyrex|atk|1\n|move|p1b: Calyrex|Glacial Lance|p2a: Calyrex|[spread] p2a,p2b\n|-resisted|p2a: Calyrex\n|-damage|p2a: Calyrex|10/100\n|-damage|p2b: Iron Hands|0 fnt\n|faint|p2b: Iron Hands\n|-end|p2b: Iron Hands|Quark Drive|[silent]\n|-ability|p1b: Calyrex|Chilling Neigh|boost\n|-boost|p1b: Calyrex|atk|1\n|\n|-heal|p1b: Calyrex|10/100|[from] item: Leftovers\n|-damage|p2a: Calyrex|0 fnt|[from] Leech Seed|[of] p1b: Calyrex\n|-heal|p1b: Calyrex|19/100|[silent]\n|faint|p2a: Calyrex\n|-fieldend|move: Electric Terrain\n|upkeep\n|\n|t:|1775638942\n|switch|p1a: Miraidon|Miraidon, L50, tera:Fairy|49/100\n|switch|p2a: Miraidon|Miraidon, L50|100/100\n|switch|p2b: Torkoal|Torkoal, L50, F|100/100\n|-fieldstart|move: Electric Terrain|[from] ability: Hadron Engine|[of] p2a: Miraidon\n|-activate|p1a: Miraidon|ability: Hadron Engine\n|-weather|SunnyDay|[from] ability: Drought|[of] p2b: Torkoal\n|turn|6\n|\n|t:|1775638958\n|-terastallize|p2a: Miraidon|Electric\n|move|p2a: Miraidon|Electro Drift|p1a: Miraidon\n|-damage|p1a: Miraidon|0 fnt\n|faint|p1a: Miraidon\n|move|p1b: Calyrex|Glacial Lance|p2b: Torkoal|[spread] p2a,p2b\n|-resisted|p2b: Torkoal\n|-damage|p2a: Miraidon|22/100\n|-damage|p2b: Torkoal|68/100\n|move|p2b: Torkoal|Weather Ball|p1b: Calyrex\n|-supereffective|p1b: Calyrex\n|-damage|p1b: Calyrex|0 fnt\n|faint|p1b: Calyrex\n|\n|win|asroarri\n|raw|Danny3over's rating: 1589 &rarr; <strong>1562</strong><br />(-27 for losing)\n|raw|asroarri's rating: 1455 &rarr; <strong>1482</strong><br />(+27 for winning)\n|l|\u2606Danny3over\n|player|p1|\n|l|\u2606asroarri\n|player|p2|\n","uploadtime":1775639142,"views":7,"formatid":"gen9vgc2026regi","rating":1482,"private":0,"password":null}