{"id":"gen9vgc2026regi-2581751064","format":"[Gen 9] VGC 2026 Reg I","players":["Praguesheevp","kob137"],"log":"|j|\u2606Praguesheevp\n|j|\u2606kob137\n|t:|1776025581\n|gametype|doubles\n|player|p1|Praguesheevp|170|1457\n|player|p2|kob137|pokemaniac|1425\n|gen|9\n|tier|[Gen 9] VGC 2026 Reg I\n|rated|\n|rule|Species Clause: Limit one of each Pok\u00e9mon\n|rule|Item Clause: Limit 1 of each item\n|clearpoke\n|poke|p1|Calyrex-Ice, L50|\n|poke|p1|Kyogre, L50|\n|poke|p1|Smeargle, L50, F|\n|poke|p1|Roaring Moon, L50|\n|poke|p1|Landorus, L50, M|\n|poke|p1|Ogerpon-Cornerstone, L50, F|\n|poke|p2|Calyrex-Ice, L50|\n|poke|p2|Araquanid, L50, F|\n|poke|p2|Kyogre, L50|\n|poke|p2|Tornadus, L50, M|\n|poke|p2|Rillaboom, L50, F|\n|poke|p2|Urshifu-*, L50, F|\n|teampreview|4\nkob137 rejected open team sheets.\n|\n|t:|1776025615\n|teamsize|p1|4\n|teamsize|p2|4\n|start\n|switch|p1a: Smeargle|Smeargle, L50, F|100/100\n|switch|p1b: Ogerpon|Ogerpon-Cornerstone, L50, F|100/100\n|switch|p2a: Calyrex|Calyrex-Ice, L50|100/100\n|switch|p2b: Rillaboom|Rillaboom, L50, F|100/100\n|-ability|p2a: Calyrex|As One\n|-ability|p2a: Calyrex|Unnerve\n|-fieldstart|move: Grassy Terrain|[from] ability: Grassy Surge|[of] p2b: Rillaboom\n|turn|1\n|\n|t:|1776025639\n|move|p2a: Calyrex|Protect|p2a: Calyrex\n|-singleturn|p2a: Calyrex|Protect\n|move|p1a: Smeargle|Fake Out|p2b: Rillaboom\n|-damage|p2b: Rillaboom|93/100\n|move|p1b: Ogerpon|Ivy Cudgel|p2a: Calyrex|[anim] Ivy Cudgel Rock\n|-activate|p2a: Calyrex|move: Protect\n|cant|p2b: Rillaboom|flinch\n|\n|-heal|p2b: Rillaboom|99/100|[from] Grassy Terrain\n|upkeep\n|turn|2\n|\n|t:|1776025672\n|-terastallize|p2a: Calyrex|Fairy\n|move|p1b: Ogerpon|Ivy Cudgel|p2a: Calyrex|[anim] Ivy Cudgel Rock\n|-damage|p2a: Calyrex|68/100\n|move|p1a: Smeargle|Decorate|p1b: Ogerpon\n|-boost|p1b: Ogerpon|atk|2\n|-boost|p1b: Ogerpon|spa|2\n|move|p2b: Rillaboom|Wood Hammer|p1a: Smeargle\n|-enditem|p1a: Smeargle|Focus Sash\n|-damage|p1a: Smeargle|1/100\n|-damage|p2b: Rillaboom|77/100|[from] Recoil\n|move|p2a: Calyrex|Glacial Lance|p1b: Ogerpon|[spread] p1a,p1b\n|-supereffective|p1b: Ogerpon\n|-damage|p1a: Smeargle|0 fnt\n|-ability|p1b: Ogerpon|Sturdy\n|-damage|p1b: Ogerpon|1/100\n|faint|p1a: Smeargle\n|-ability|p2a: Calyrex|Chilling Neigh|boost\n|-boost|p2a: Calyrex|atk|1\n|\n|-heal|p1b: Ogerpon|7/100|[from] Grassy Terrain\n|-heal|p2b: Rillaboom|83/100|[from] Grassy Terrain\n|-heal|p2a: Calyrex|74/100|[from] Grassy Terrain\n|-heal|p2a: Calyrex|80/100|[from] item: Leftovers\n|upkeep\n|\n|t:|1776025684\n|switch|p1a: Calyrex|Calyrex-Ice, L50|100/100\n|-ability|p1a: Calyrex|As One\n|-ability|p1a: Calyrex|Unnerve\n|turn|3\n|\n|t:|1776025724\n|move|p1b: Ogerpon|Ivy Cudgel|p2a: Calyrex|[anim] Ivy Cudgel Rock\n|-damage|p2a: Calyrex|10/100\n|move|p2b: Rillaboom|U-turn|p1b: Ogerpon\n|-supereffective|p1b: Ogerpon\n|-damage|p1b: Ogerpon|0 fnt\n|faint|p1b: Ogerpon\n|\n|t:|1776025731\n|switch|p2b: Kyogre|Kyogre, L50|100/100|[from] U-turn\n|-weather|RainDance|[from] ability: Drizzle|[of] p2b: Kyogre\n|move|p1a: Calyrex|Glacial Lance|p2a: Calyrex|[spread] p2a,p2b\n|-resisted|p2b: Kyogre\n|-damage|p2a: Calyrex|0 fnt\n|-damage|p2b: Kyogre|76/100\n|faint|p2a: Calyrex\n|-ability|p1a: Calyrex|Chilling Neigh|boost\n|-boost|p1a: Calyrex|atk|1\n|\n|-weather|RainDance|[upkeep]\n|-heal|p2b: Kyogre|82/100|[from] Grassy Terrain\n|upkeep\n|\n|t:|1776025743\n|switch|p1b: Kyogre|Kyogre, L50|100/100\n|switch|p2a: Araquanid|Araquanid, L50, F|100/100\n|turn|4\n|\n|t:|1776025755\n|-terastallize|p1b: Kyogre|Grass\n|move|p2a: Araquanid|Wide Guard|p2a: Araquanid\n|-singleturn|p2a: Araquanid|Wide Guard\n|move|p2b: Kyogre|Water Spout|p1a: Calyrex|[spread] p1a,p1b\n|-resisted|p1b: Kyogre\n|-damage|p1a: Calyrex|43/100\n|-damage|p1b: Kyogre|65/100\n|move|p1b: Kyogre|Hydro Pump|p2b: Kyogre\n|-resisted|p2b: Kyogre\n|-damage|p2b: Kyogre|41/100\n|move|p1a: Calyrex|Leech Seed|p2b: Kyogre\n|-start|p2b: Kyogre|move: Leech Seed\n|\n|-weather|RainDance|[upkeep]\n|-heal|p1b: Kyogre|71/100|[from] Grassy Terrain\n|-heal|p2b: Kyogre|47/100|[from] Grassy Terrain\n|-heal|p1a: Calyrex|49/100|[from] Grassy Terrain\n|-heal|p1a: Calyrex|55/100|[from] item: Leftovers\n|-damage|p2b: Kyogre|35/100|[from] Leech Seed|[of] p1a: Calyrex\n|-heal|p1a: Calyrex|67/100|[silent]\n|upkeep\n|turn|5\n|\n|t:|1776025778\n|move|p1b: Kyogre|Protect|p1b: Kyogre\n|-singleturn|p1b: Kyogre|Protect\n|move|p1a: Calyrex|Protect|p1a: Calyrex\n|-singleturn|p1a: Calyrex|Protect\n|move|p2b: Kyogre|Origin Pulse|p1a: Calyrex|[spread] \n|-activate|p1a: Calyrex|move: Protect\n|-activate|p1b: Kyogre|move: Protect\n|move|p2a: Araquanid|Liquidation|p1a: Calyrex\n|-activate|p1a: Calyrex|move: Protect\n|\n|-weather|RainDance|[upkeep]\n|-heal|p1b: Kyogre|77/100|[from] Grassy Terrain\n|-heal|p2b: Kyogre|41/100|[from] Grassy Terrain\n|-heal|p1a: Calyrex|73/100|[from] Grassy Terrain\n|-heal|p1a: Calyrex|79/100|[from] item: Leftovers\n|-damage|p2b: Kyogre|29/100|[from] Leech Seed|[of] p1a: Calyrex\n|-heal|p1a: Calyrex|91/100|[silent]\n|-fieldend|move: Grassy Terrain\n|upkeep\n|turn|6\n|\n|t:|1776025800\n|move|p1b: Kyogre|Origin Pulse|p2a: Araquanid|[spread] p2b\n|-miss|p1b: Kyogre|p2a: Araquanid\n|-resisted|p2b: Kyogre\n|-damage|p2b: Kyogre|0 fnt\n|faint|p2b: Kyogre\n|move|p1a: Calyrex|Glacial Lance|p2a: Araquanid\n|-resisted|p2a: Araquanid\n|-damage|p2a: Araquanid|42/100\n|move|p2a: Araquanid|Liquidation|p1a: Calyrex\n|-damage|p1a: Calyrex|33/100\n|\n|-weather|RainDance|[upkeep]\n|-heal|p1a: Calyrex|39/100|[from] item: Leftovers\n|upkeep\n|\n|t:|1776025812\n|switch|p2b: Rillaboom|Rillaboom, L50, F|83/100\n|-fieldstart|move: Grassy Terrain|[from] ability: Grassy Surge|[of] p2b: Rillaboom\n|turn|7\n|\n|t:|1776025818\n|move|p1a: Calyrex|Protect|p1a: Calyrex\n|-singleturn|p1a: Calyrex|Protect\n|move|p2a: Araquanid|Wide Guard|p2a: Araquanid\n|-singleturn|p2a: Araquanid|Wide Guard\n|move|p1b: Kyogre|Hydro Pump|p2a: Araquanid\n|-resisted|p2a: Araquanid\n|-damage|p2a: Araquanid|0 fnt\n|faint|p2a: Araquanid\n|move|p2b: Rillaboom|Wood Hammer|p1a: Calyrex\n|-activate|p1a: Calyrex|move: Protect\n|\n|-weather|none\n|-heal|p1b: Kyogre|83/100|[from] Grassy Terrain\n|-heal|p2b: Rillaboom|89/100|[from] Grassy Terrain\n|-heal|p1a: Calyrex|44/100|[from] Grassy Terrain\n|-heal|p1a: Calyrex|50/100|[from] item: Leftovers\n|upkeep\n|turn|8\n|\n|t:|1776025834\n|move|p1b: Kyogre|Water Spout|p2b: Rillaboom\n|-resisted|p2b: Rillaboom\n|-damage|p2b: Rillaboom|60/100\n|move|p2b: Rillaboom|Wood Hammer|p1a: Calyrex\n|-damage|p1a: Calyrex|5/100\n|-damage|p2b: Rillaboom|44/100|[from] Recoil\n|move|p1a: Calyrex|Glacial Lance|p2b: Rillaboom\n|-supereffective|p2b: Rillaboom\n|-damage|p2b: Rillaboom|0 fnt\n|faint|p2b: Rillaboom\n|\n|win|Praguesheevp\n|raw|Praguesheevp's rating: 1457 &rarr; <strong>1475</strong><br />(+18 for winning)\n|raw|kob137's rating: 1425 &rarr; <strong>1407</strong><br />(-18 for losing)\n|l|\u2606kob137\n|player|p2|\n|l|\u2606Praguesheevp\n|player|p1|\n","uploadtime":1776025979,"views":11,"formatid":"gen9vgc2026regi","rating":1407,"private":0,"password":null}