{"id":"gen9vgc2026regi-2560599776","format":"[Gen 9] VGC 2026 Reg I","players":["lambjun","It'sJustKen VGC"],"log":"|j|\u2606lambjun\n|j|\u2606It'sJustKen VGC\n|t:|1773703128\n|gametype|doubles\n|player|p1|lambjun|dawn-gen4pt|1305\n|player|p2|It'sJustKen VGC|2|1410\n|gen|9\n|tier|[Gen 9] VGC 2026 Reg I\n|rated|\n|rule|Species Clause: Limit one of each Pok\u00e9mon\n|rule|Item Clause: Limit 1 of each item\n|clearpoke\n|poke|p1|Kyurem-White, L50|\n|poke|p1|Zekrom, L50|\n|poke|p1|Incineroar, L50, M|\n|poke|p1|Iron Crown, L50|\n|poke|p1|Indeedee-F, L50, F|\n|poke|p1|Urshifu-*, L50, M|\n|poke|p2|Farigiraf, L50, M|\n|poke|p2|Incineroar, L50, M|\n|poke|p2|Torkoal, L50, F|\n|poke|p2|Calyrex-Shadow, L50|\n|poke|p2|Amoonguss, L50, F|\n|poke|p2|Zamazenta-*, L50|\n|teampreview|4\n|inactive|Battle timer is ON: inactive players will automatically lose when time's up. (requested by It'sJustKen VGC)\n|inactive|It'sJustKen VGC has 60 seconds left.\n|inactive|It'sJustKen VGC has 30 seconds left.\n|\n|t:|1773703192\n|teamsize|p1|4\n|teamsize|p2|4\n|start\n|switch|p1a: \u5c0f\u5fc3\u5ee3\u9632|Iron Crown, L50|100/100\n|switch|p1b: \u7cbe\u795e\u5834\u5730\u4e0d\u80fd\u64ca\u638c|Incineroar, L50, M|100/100\n|switch|p2a: Farigiraf|Farigiraf, L50, M|100/100\n|switch|p2b: Incineroar|Incineroar, L50, M|100/100\n|-ability|p1b: \u7cbe\u795e\u5834\u5730\u4e0d\u80fd\u64ca\u638c|Intimidate|boost\n|-unboost|p2a: Farigiraf|atk|1\n|-fail|p2b: Incineroar|unboost|[from] item: Clear Amulet|[of] p2b: Incineroar\n|-ability|p2b: Incineroar|Intimidate|boost\n|-unboost|p1a: \u5c0f\u5fc3\u5ee3\u9632|atk|1\n|-unboost|p1b: \u7cbe\u795e\u5834\u5730\u4e0d\u80fd\u64ca\u638c|atk|1\n|-enditem|p1a: \u5c0f\u5fc3\u5ee3\u9632|Booster Energy\n|-activate|p1a: \u5c0f\u5fc3\u5ee3\u9632|ability: Quark Drive|[fromitem]\n|-start|p1a: \u5c0f\u5fc3\u5ee3\u9632|quarkdrivespe\n|turn|1\n|inactive|lambjun has 30 seconds left.\n|\n|t:|1773703221\n|-end|p1a: \u5c0f\u5fc3\u5ee3\u9632|Quark Drive|[silent]\n|switch|p1a: \u5c0f\u5fc3\u51f9\u51f8\u982d\u76d4|Urshifu-Rapid-Strike, L50, M|100/100\n|move|p2b: Incineroar|Fake Out|p1b: \u7cbe\u795e\u5834\u5730\u4e0d\u80fd\u64ca\u638c\n|-damage|p1b: \u7cbe\u795e\u5834\u5730\u4e0d\u80fd\u64ca\u638c|88/100\n|cant|p1b: \u7cbe\u795e\u5834\u5730\u4e0d\u80fd\u64ca\u638c|flinch\n|move|p2a: Farigiraf|Trick Room|p2a: Farigiraf\n|-fieldstart|move: Trick Room|[of] p2a: Farigiraf\n|\n|upkeep\n|turn|2\n|\n|t:|1773703237\n|-terastallize|p2a: Farigiraf|Water\n|move|p2b: Incineroar|Close Combat|p1b: \u7cbe\u795e\u5834\u5730\u4e0d\u80fd\u64ca\u638c\n|-supereffective|p1b: \u7cbe\u795e\u5834\u5730\u4e0d\u80fd\u64ca\u638c\n|-damage|p1b: \u7cbe\u795e\u5834\u5730\u4e0d\u80fd\u64ca\u638c|17/100\n|-unboost|p2b: Incineroar|def|1\n|-unboost|p2b: Incineroar|spd|1\n|move|p2a: Farigiraf|Hyper Voice|p1a: \u5c0f\u5fc3\u51f9\u51f8\u982d\u76d4|[spread] p1a,p1b\n|-damage|p1a: \u5c0f\u5fc3\u51f9\u51f8\u982d\u76d4|56/100\n|-damage|p1b: \u7cbe\u795e\u5834\u5730\u4e0d\u80fd\u64ca\u638c|0 fnt\n|faint|p1b: \u7cbe\u795e\u5834\u5730\u4e0d\u80fd\u64ca\u638c\n|-enditem|p2a: Farigiraf|Throat Spray\n|-boost|p2a: Farigiraf|spa|1|[from] item: Throat Spray\n|move|p1a: \u5c0f\u5fc3\u51f9\u51f8\u982d\u76d4|Surging Strikes|p2b: Incineroar\n|-supereffective|p2b: Incineroar\n|-crit|p2b: Incineroar\n|-damage|p2b: Incineroar|47/100\n|-supereffective|p2b: Incineroar\n|-crit|p2b: Incineroar\n|-damage|p2b: Incineroar|0 fnt\n|faint|p2b: Incineroar\n|-hitcount|p2: Incineroar|2\n|\n|upkeep\n|inactive|lambjun has 30 seconds left.\n|inactive|It'sJustKen VGC has 30 seconds left.\n|inactive|It'sJustKen VGC has 20 seconds left.\n|inactive|It'sJustKen VGC has 15 seconds left.\n|inactive|It'sJustKen VGC has 10 seconds left.\n|\n|t:|1773703286\n|switch|p2b: Torkoal|Torkoal, L50, F|100/100\n|switch|p1b: \u9670|Zekrom, L50|100/100\n|-weather|SunnyDay|[from] ability: Drought|[of] p2b: Torkoal\n|-ability|p1b: \u9670|Teravolt\n|turn|3\n|\n|t:|1773703307\n|switch|p1a: \u5c0f\u5fc3\u5ee3\u9632|Iron Crown, L50|100/100\n|move|p2b: Torkoal|Earth Power|p1b: \u9670\n|-supereffective|p1b: \u9670\n|-damage|p1b: \u9670|34/100\n|move|p2a: Farigiraf|Hyper Voice|p1a: \u5c0f\u5fc3\u5ee3\u9632|[spread] p1a,p1b\n|-resisted|p1a: \u5c0f\u5fc3\u5ee3\u9632\n|-damage|p1a: \u5c0f\u5fc3\u5ee3\u9632|77/100\n|-damage|p1b: \u9670|0 fnt\n|faint|p1b: \u9670\n|\n|-weather|SunnyDay|[upkeep]\n|upkeep\n|\n|t:|1773703320\n|switch|p1b: \u5c0f\u5fc3\u51f9\u51f8\u982d\u76d4|Urshifu-Rapid-Strike, L50, M|56/100\n|turn|4\n|\n|t:|1773703344\n|move|p1a: \u5c0f\u5fc3\u5ee3\u9632|Protect|p1a: \u5c0f\u5fc3\u5ee3\u9632\n|-singleturn|p1a: \u5c0f\u5fc3\u5ee3\u9632|Protect\n|move|p2b: Torkoal|Earth Power|p1a: \u5c0f\u5fc3\u5ee3\u9632\n|-activate|p1a: \u5c0f\u5fc3\u5ee3\u9632|move: Protect\n|move|p2a: Farigiraf|Psychic|p1b: \u5c0f\u5fc3\u51f9\u51f8\u982d\u76d4\n|-supereffective|p1b: \u5c0f\u5fc3\u51f9\u51f8\u982d\u76d4\n|-damage|p1b: \u5c0f\u5fc3\u51f9\u51f8\u982d\u76d4|0 fnt\n|faint|p1b: \u5c0f\u5fc3\u51f9\u51f8\u982d\u76d4\n|\n|-weather|SunnyDay|[upkeep]\n|upkeep\n|turn|5\n|\n|t:|1773703356\n|move|p2b: Torkoal|Earth Power|p1a: \u5c0f\u5fc3\u5ee3\u9632\n|-supereffective|p1a: \u5c0f\u5fc3\u5ee3\u9632\n|-damage|p1a: \u5c0f\u5fc3\u5ee3\u9632|9/100\n|-unboost|p1a: \u5c0f\u5fc3\u5ee3\u9632|spd|1\n|move|p2a: Farigiraf|Hyper Voice|p1a: \u5c0f\u5fc3\u5ee3\u9632\n|-resisted|p1a: \u5c0f\u5fc3\u5ee3\u9632\n|-damage|p1a: \u5c0f\u5fc3\u5ee3\u9632|0 fnt\n|faint|p1a: \u5c0f\u5fc3\u5ee3\u9632\n|-end|p1a: \u5c0f\u5fc3\u5ee3\u9632|Quark Drive|[silent]\n|\n|win|It'sJustKen VGC\n|raw|lambjun's rating: 1305 &rarr; <strong>1290</strong><br />(-15 for losing)\n|raw|It&apos;sJustKen VGC's rating: 1390 &rarr; <strong>1405</strong><br />(+15 for winning)\n|l|\u2606lambjun\n|player|p1|\n|l|\u2606It'sJustKen VGC\n|player|p2|\n","uploadtime":1773703548,"views":15,"formatid":"gen9vgc2026regi","rating":1290,"private":0,"password":null}