{"id":"gen9vgc2026regi-2562964217","format":"[Gen 9] VGC 2026 Reg I","players":["loadbruno","TheManOfSausage"],"log":"|j|\u2606loadbruno\n|j|\u2606TheManOfSausage\n|t:|1773967588\n|gametype|doubles\n|player|p1|loadbruno|worker|1403\n|player|p2|TheManOfSausage|102|1558\n|gen|9\n|tier|[Gen 9] VGC 2026 Reg I\n|rated|\n|rule|Species Clause: Limit one of each Pok\u00e9mon\n|rule|Item Clause: Limit 1 of each item\n|clearpoke\n|poke|p1|Rillaboom, L50, F|\n|poke|p1|Miraidon, L50|\n|poke|p1|Chien-Pao, L50|\n|poke|p1|Zacian-*, L50|\n|poke|p1|Incineroar, L50, M|\n|poke|p1|Sneasler, L50, M|\n|poke|p2|Calyrex-Shadow, L50|\n|poke|p2|Miraidon, L50|\n|poke|p2|Clefairy, L50, M|\n|poke|p2|Rillaboom, L50, M|\n|poke|p2|Incineroar, L50, M|\n|poke|p2|Iron Bundle, L50|\n|teampreview|4\n|inactive|Battle timer is ON: inactive players will automatically lose when time's up. (requested by loadbruno)\n|inactive|loadbruno has 60 seconds left.\n|inactive|TheManOfSausage has 60 seconds left.\n|\n|t:|1773967642\n|teamsize|p1|4\n|teamsize|p2|4\n|start\n|switch|p1a: Miraidon|Miraidon, L50|100/100\n|switch|p1b: Sneasler|Sneasler, L50, M|100/100\n|switch|p2a: Magical Mirai|Miraidon, L50|100/100\n|switch|p2b: Rice Shower|Calyrex-Shadow, L50|100/100\n|-ability|p2b: Rice Shower|As One\n|-ability|p2b: Rice Shower|Unnerve\n|-fieldstart|move: Electric Terrain|[from] ability: Hadron Engine|[of] p2a: Magical Mirai\n|-enditem|p1b: Sneasler|Electric Seed\n|-boost|p1b: Sneasler|def|1|[from] item: Electric Seed\n|-activate|p1a: Miraidon|ability: Hadron Engine\n|turn|1\n|\n|t:|1773967666\n|move|p1b: Sneasler|Fake Out|p2a: Magical Mirai\n|-damage|p2a: Magical Mirai|85/100\n|cant|p2a: Magical Mirai|flinch\n|move|p2b: Rice Shower|Nasty Plot|p2b: Rice Shower\n|-boost|p2b: Rice Shower|spa|2\n|move|p1a: Miraidon|Dazzling Gleam|p2b: Rice Shower|[spread] p2a,p2b\n|-supereffective|p2a: Magical Mirai\n|-damage|p2a: Magical Mirai|19/100\n|-damage|p2b: Rice Shower|62/100\n|\n|upkeep\n|turn|2\n|\n|t:|1773967687\n|switch|p2a: Incineroar|Incineroar, L50, M, shiny|100/100\n|-ability|p2a: Incineroar|Intimidate|boost\n|-unboost|p1a: Miraidon|atk|1\n|-unboost|p1b: Sneasler|atk|1\n|-terastallize|p1a: Miraidon|Normal\n|move|p2b: Rice Shower|Protect|p2b: Rice Shower\n|-singleturn|p2b: Rice Shower|Protect\n|move|p1b: Sneasler|Dire Claw|p2b: Rice Shower\n|-activate|p2b: Rice Shower|move: Protect\n|move|p1a: Miraidon|Dazzling Gleam|p2b: Rice Shower|[spread] p2a\n|-activate|p2b: Rice Shower|move: Protect\n|-damage|p2a: Incineroar|62/100\n|\n|upkeep\n|turn|3\n|\n|t:|1773967705\n|move|p1b: Sneasler|Upper Hand|p2a: Incineroar\n|-supereffective|p2a: Incineroar\n|-damage|p2a: Incineroar|25/100\n|-damage|p1b: Sneasler|84/100|[from] item: Rocky Helmet|[of] p2a: Incineroar\n|cant|p2a: Incineroar|flinch\n|move|p2b: Rice Shower|Astral Barrage|p1b: Sneasler|[spread] p1b\n|-immune|p1a: Miraidon\n|-damage|p1b: Sneasler|0 fnt\n|faint|p1b: Sneasler\n|-ability|p2b: Rice Shower|Grim Neigh|boost\n|-boost|p2b: Rice Shower|spa|1\n|move|p1a: Miraidon|Dazzling Gleam|p2b: Rice Shower|[spread] p2a,p2b\n|-crit|p2b: Rice Shower\n|-damage|p2a: Incineroar|0 fnt\n|-damage|p2b: Rice Shower|5/100\n|faint|p2a: Incineroar\n|\n|upkeep\n|\n|t:|1773967723\n|switch|p1b: Chien-Pao|Chien-Pao, L50|100/100\n|switch|p2a: Magical Mirai|Miraidon, L50|19/100\n|-ability|p1b: Chien-Pao|Sword of Ruin\n|-activate|p2a: Magical Mirai|ability: Hadron Engine\n|turn|4\n|inactive|loadbruno has 30 seconds left.\n|\n|t:|1773967749\n|move|p2b: Rice Shower|Protect|p2b: Rice Shower\n|-singleturn|p2b: Rice Shower|Protect\n|move|p1b: Chien-Pao|Ice Spinner|p2b: Rice Shower\n|-activate|p2b: Rice Shower|move: Protect\n|move|p2a: Magical Mirai|Snarl|p1a: Miraidon|[spread] p1a,p1b\n|-resisted|p1b: Chien-Pao\n|-damage|p1a: Miraidon|79/100\n|-damage|p1b: Chien-Pao|84/100\n|-unboost|p1a: Miraidon|spa|1\n|-unboost|p1b: Chien-Pao|spa|1\n|move|p1a: Miraidon|Dazzling Gleam|p2a: Magical Mirai|[spread] p2a\n|-activate|p2b: Rice Shower|move: Protect\n|-supereffective|p2a: Magical Mirai\n|-damage|p2a: Magical Mirai|0 fnt\n|faint|p2a: Magical Mirai\n|\n|upkeep\n|\n|t:|1773967751\n|switch|p2a: Iron Bundle|Iron Bundle, L50|100/100\n|-activate|p2a: Iron Bundle|ability: Quark Drive\n|-start|p2a: Iron Bundle|quarkdrivespe\n|turn|5\n|\n|t:|1773967771\n|-terastallize|p2b: Rice Shower|Fairy\n|move|p2a: Iron Bundle|Freeze-Dry|p1a: Miraidon\n|-damage|p1a: Miraidon|47/100\n|move|p1b: Chien-Pao|Ice Spinner|p2b: Rice Shower\n|-crit|p2b: Rice Shower\n|-damage|p2b: Rice Shower|0 fnt\n|-fieldend|move: Electric Terrain\n|-end|p2a: Iron Bundle|Quark Drive\n|faint|p2b: Rice Shower\n|move|p1a: Miraidon|Dazzling Gleam|p2a: Iron Bundle\n|-damage|p2a: Iron Bundle|41/100\n|\n|upkeep\n|turn|6\n|j| CatGirlReiuji\n|c|\u2606TheManOfSausage|gg\n|-message|TheManOfSausage forfeited.\n|\n|win|loadbruno\n|raw|loadbruno's rating: 1403 &rarr; <strong>1431</strong><br />(+28 for winning)\n|raw|TheManOfSausage's rating: 1558 &rarr; <strong>1530</strong><br />(-28 for losing)\n|l|\u2606TheManOfSausage\n|player|p2|\n|l|\u2606loadbruno\n|player|p1|\n|l| CatGirlReiuji\n","uploadtime":1773968056,"views":12,"formatid":"gen9vgc2026regi","rating":1431,"private":0,"password":null}