{"id":"gen9vgc2026regi-2537233567","format":"[Gen 9] VGC 2026 Reg I","players":["Shelmett","huanyu0.0"],"log":"|j|\u2606Shelmett\n|j|\u2606huanyu0.0\n|t:|1770782461\n|gametype|doubles\n|player|p1|Shelmett|lysandre-masters|1153\n|player|p2|huanyu0.0|102|1301\n|gen|9\n|tier|[Gen 9] VGC 2026 Reg I\n|rated|\n|rule|Species Clause: Limit one of each Pok\u00e9mon\n|rule|Item Clause: Limit 1 of each item\n|clearpoke\n|poke|p1|Tatsugiri-Droopy, L50, F|\n|poke|p1|Dondozo, L50, M|\n|poke|p1|Ogerpon, L50, F|\n|poke|p1|Calyrex-Shadow, L50|\n|poke|p1|Incineroar, L50, M|\n|poke|p1|Indeedee-F, L50, F|\n|poke|p2|Miraidon, L50|\n|poke|p2|Incineroar, L50, F|\n|poke|p2|Urshifu-*, L50, F|\n|poke|p2|Whimsicott, L50, F|\n|poke|p2|Lunala, L50|\n|poke|p2|Ursaluna, L50, F|\n|teampreview|4\n|inactive|Battle timer is ON: inactive players will automatically lose when time's up. (requested by huanyu0.0)\n|inactive|Shelmett has 60 seconds left.\n|inactive|huanyu0.0 has 60 seconds left.\n|\n|t:|1770782519\n|teamsize|p1|4\n|teamsize|p2|4\n|start\n|switch|p1a: Calyrex|Calyrex-Shadow, L50|100/100\n|switch|p1b: Indeedee|Indeedee-F, L50, F|100/100\n|switch|p2a: Miraidon|Miraidon, L50|100/100\n|switch|p2b: Lunala|Lunala, L50|100/100\n|-ability|p1a: Calyrex|As One\n|-ability|p1a: Calyrex|Unnerve\n|-fieldstart|move: Electric Terrain|[from] ability: Hadron Engine|[of] p2a: Miraidon\n|-enditem|p2b: Lunala|Electric Seed\n|-boost|p2b: Lunala|def|1|[from] item: Electric Seed\n|-fieldstart|move: Psychic Terrain|[from] ability: Psychic Surge|[of] p1b: Indeedee\n|turn|1\n|inactive|Shelmett has 30 seconds left.\n|inactive|Shelmett has 20 seconds left.\n|\n|t:|1770782554\n|-terastallize|p1a: Calyrex|Dark\n|move|p2b: Lunala|Wide Guard|p2b: Lunala\n|-singleturn|p2b: Lunala|Wide Guard\n|move|p1b: Indeedee|Follow Me|p1b: Indeedee\n|-singleturn|p1b: Indeedee|move: Follow Me\n|move|p1a: Calyrex|Astral Barrage|p2a: Miraidon|[spread] \n|-activate|p2a: Miraidon|move: Wide Guard\n|-activate|p2b: Lunala|move: Wide Guard\n|move|p2a: Miraidon|Volt Switch|p1b: Indeedee\n|-damage|p1b: Indeedee|65/100\n|-damage|p2a: Miraidon|91/100|[from] item: Life Orb\n|\n|t:|1770782569\n|switch|p2a: Ursaluna|Ursaluna, L50, F|100/100|[from] Volt Switch\n|\n|-status|p2a: Ursaluna|brn|[from] item: Flame Orb\n|upkeep\n|turn|2\n|inactive|Shelmett has 30 seconds left.\n|inactive|Shelmett has 20 seconds left.\n|inactive|Shelmett has 15 seconds left.\n|\n|t:|1770782613\n|move|p2b: Lunala|Wide Guard|p2b: Lunala\n|-singleturn|p2b: Lunala|Wide Guard\n|move|p1a: Calyrex|Expanding Force|p2b: Lunala|[spread] \n|-activate|p2a: Ursaluna|move: Wide Guard\n|-activate|p2b: Lunala|move: Wide Guard\n|move|p1b: Indeedee|Psyshock|p2a: Ursaluna\n|-damage|p2a: Ursaluna|74/100 brn\n|move|p2a: Ursaluna|Earthquake|p1b: Indeedee|[spread] p1a,p1b\n|-activate|p2b: Lunala|move: Wide Guard\n|-damage|p1a: Calyrex|15/100\n|-damage|p1b: Indeedee|0 fnt\n|faint|p1b: Indeedee\n|\n|-damage|p2a: Ursaluna|68/100 brn|[from] brn\n|upkeep\n|\n|t:|1770782632\n|switch|p1b: Dondozo|Dondozo, L50, M|100/100\n|turn|3\n|inactive|Shelmett has 30 seconds left.\n|\n|t:|1770782658\n|switch|p1a: Tatsugiri|Tatsugiri-Droopy, L50, F|100/100\n|-activate|p1a: Tatsugiri|ability: Commander|[of] p1b: Dondozo\n|-boost|p1b: Dondozo|atk|2\n|-boost|p1b: Dondozo|spa|2\n|-boost|p1b: Dondozo|spe|2\n|-boost|p1b: Dondozo|def|2\n|-boost|p1b: Dondozo|spd|2\n|-terastallize|p2a: Ursaluna|Ghost\n|move|p2b: Lunala|Wide Guard|p2b: Lunala\n|-singleturn|p2b: Lunala|Wide Guard\n|move|p1b: Dondozo|Order Up|p2b: Lunala\n|-damage|p2b: Lunala|85/100\n|-boost|p1b: Dondozo|def|1\n|move|p2a: Ursaluna|Facade|p1b: Dondozo\n|-damage|p1b: Dondozo|71/100\n|\n|-heal|p1b: Dondozo|78/100|[from] item: Leftovers\n|-damage|p2a: Ursaluna|62/100 brn|[from] brn\n|upkeep\n|turn|4\n|\n|t:|1770782682\n|move|p2b: Lunala|Moongeist Beam|p1b: Dondozo\n|-damage|p1b: Dondozo|60/100\n|move|p1b: Dondozo|Order Up|p2b: Lunala\n|-damage|p2b: Lunala|54/100\n|-boost|p1b: Dondozo|def|1\n|move|p2a: Ursaluna|Facade|p1b: Dondozo\n|-damage|p1b: Dondozo|36/100\n|\n|-heal|p1b: Dondozo|42/100|[from] item: Leftovers\n|-damage|p2a: Ursaluna|56/100 brn|[from] brn\n|upkeep\n|turn|5\n|\n|t:|1770782702\n|move|p1b: Dondozo|Rest|p1b: Dondozo\n|-status|p1b: Dondozo|slp|[from] move: Rest\n|-heal|p1b: Dondozo|100/100 slp|[silent]\n|move|p2a: Ursaluna|Facade|p1b: Dondozo\n|-damage|p1b: Dondozo|77/100 slp\n|move|p2b: Lunala|Trick Room|p2b: Lunala\n|-fieldstart|move: Trick Room|[of] p2b: Lunala\n|\n|-heal|p1b: Dondozo|83/100 slp|[from] item: Leftovers\n|-damage|p2a: Ursaluna|50/100 brn|[from] brn\n|-fieldend|move: Psychic Terrain\n|upkeep\n|turn|6\n|\n|t:|1770782717\n|move|p2a: Ursaluna|Facade|p1b: Dondozo\n|-damage|p1b: Dondozo|57/100 slp\n|cant|p1b: Dondozo|slp\n|move|p2b: Lunala|Moongeist Beam|p1b: Dondozo\n|-damage|p1b: Dondozo|36/100 slp\n|\n|-heal|p1b: Dondozo|42/100 slp|[from] item: Leftovers\n|-damage|p2a: Ursaluna|44/100 brn|[from] brn\n|upkeep\n|turn|7\n|\n|t:|1770782732\n|move|p2a: Ursaluna|Facade|p1b: Dondozo\n|-damage|p1b: Dondozo|17/100 slp\n|cant|p1b: Dondozo|slp\n|move|p2b: Lunala|Moongeist Beam|p1b: Dondozo\n|-damage|p1b: Dondozo|0 fnt\n|faint|p1b: Dondozo\n|\n|-damage|p2a: Ursaluna|39/100 brn|[from] brn\n|upkeep\n|\n|t:|1770782736\n|switch|p1b: Calyrex|Calyrex-Shadow, L50, tera:Dark|15/100\n|-ability|p1b: Calyrex|As One\n|-ability|p1b: Calyrex|Unnerve\n|turn|8\n|\n|t:|1770782752\n|move|p2b: Lunala|Wide Guard|p2b: Lunala\n|-singleturn|p2b: Lunala|Wide Guard\n|move|p2a: Ursaluna|Earthquake|p1b: Calyrex|[spread] p1a,p1b\n|-activate|p2b: Lunala|move: Wide Guard\n|-damage|p1a: Tatsugiri|0 fnt\n|-damage|p1b: Calyrex|0 fnt\n|faint|p1a: Tatsugiri\n|faint|p1b: Calyrex\n|\n|win|huanyu0.0\n|raw|Shelmett's rating: 1153 &rarr; <strong>1138</strong><br />(-15 for losing)\n|raw|huanyu0.0's rating: 1301 &rarr; <strong>1313</strong><br />(+12 for winning)\n|l|\u2606Shelmett\n|player|p1|\n|l|\u2606huanyu0.0\n|player|p2|\n","uploadtime":1770783111,"views":15,"formatid":"gen9vgc2026regi","rating":1138,"private":0,"password":null}