{"id":"gen9vgc2026regi-2586783398","format":"[Gen 9] VGC 2026 Reg I","players":["sjknjhlhf","Pitecus"],"log":"|j|\u2606sjknjhlhf\n|j|\u2606Pitecus\n|t:|1776459568\n|gametype|doubles\n|player|p1|sjknjhlhf|266|1353\n|player|p2|Pitecus|steven|1329\n|gen|9\n|tier|[Gen 9] VGC 2026 Reg I\n|rated|\n|rule|Species Clause: Limit one of each Pok\u00e9mon\n|rule|Item Clause: Limit 1 of each item\n|clearpoke\n|poke|p1|Amoonguss, L50, F|\n|poke|p1|Calyrex-Ice, L50|\n|poke|p1|Kyogre, L50|\n|poke|p1|Grimmsnarl, L50, M|\n|poke|p1|Basculegion, L50, M|\n|poke|p1|Archaludon, L50, M|\n|poke|p2|Incineroar, L50, M|\n|poke|p2|Kyogre, L50|\n|poke|p2|Tornadus, L50, M|\n|poke|p2|Basculegion, L50, M|\n|poke|p2|Tatsugiri, L50, F|\n|poke|p2|Dondozo, L50, F|\n|teampreview|4\n|inactive|Battle timer is ON: inactive players will automatically lose when time's up. (requested by sjknjhlhf)\n|\n|t:|1776459596\n|teamsize|p1|4\n|teamsize|p2|4\n|start\n|switch|p1a: Calyrex|Calyrex-Ice, L50|100/100\n|switch|p1b: Kyogre|Kyogre, L50|100/100\n|switch|p2a: Tornadus|Tornadus, L50, M|100/100\n|switch|p2b: Kyogre|Kyogre, L50|100/100\n|-ability|p1a: Calyrex|As One\n|-ability|p1a: Calyrex|Unnerve\n|-weather|RainDance|[from] ability: Drizzle|[of] p2b: Kyogre\n|turn|1\n|inactive|Pitecus has 30 seconds left.\n|\n|t:|1776459624\n|-terastallize|p1a: Calyrex|Grass\n|move|p1b: Kyogre|Protect|p1b: Kyogre\n|-singleturn|p1b: Kyogre|Protect\n|move|p2a: Tornadus|Taunt|p1a: Calyrex\n|-start|p1a: Calyrex|move: Taunt\n|-enditem|p1a: Calyrex|Mental Herb\n|-end|p1a: Calyrex|move: Taunt\n|move|p2b: Kyogre|Thunder|p1b: Kyogre\n|-activate|p1b: Kyogre|move: Protect\n|move|p1a: Calyrex|Trick Room|p1a: Calyrex\n|-fieldstart|move: Trick Room|[of] p1a: Calyrex\n|\n|-weather|RainDance|[upkeep]\n|upkeep\n|turn|2\n|\n|t:|1776459646\n|move|p1a: Calyrex|Glacial Lance|p2b: Kyogre|[spread] p2a,p2b\n|-supereffective|p2a: Tornadus\n|-resisted|p2b: Kyogre\n|-damage|p2a: Tornadus|0 fnt\n|-damage|p2b: Kyogre|74/100\n|faint|p2a: Tornadus\n|-ability|p1a: Calyrex|Chilling Neigh|boost\n|-boost|p1a: Calyrex|atk|1\n|move|p1b: Kyogre|Water Spout|p2b: Kyogre\n|-resisted|p2b: Kyogre\n|-damage|p2b: Kyogre|28/100\n|move|p2b: Kyogre|Thunder|p1b: Kyogre\n|-supereffective|p1b: Kyogre\n|-damage|p1b: Kyogre|49/100\n|\n|-weather|RainDance|[upkeep]\n|upkeep\n|\n|t:|1776459670\n|switch|p2a: Tatsugiri|Tatsugiri, L50, F, shiny|100/100\n|turn|3\n|\n|t:|1776459684\n|switch|p1b: Archaludon|Archaludon, L50, M|100/100\n|move|p1a: Calyrex|Leech Seed|p2b: Kyogre\n|-start|p2b: Kyogre|move: Leech Seed\n|move|p2a: Tatsugiri|Nasty Plot|p2a: Tatsugiri\n|-boost|p2a: Tatsugiri|spa|2\n|move|p2b: Kyogre|Thunder|p1b: Archaludon\n|-resisted|p1b: Archaludon\n|-damage|p1b: Archaludon|82/100\n|\n|-weather|RainDance|[upkeep]\n|-damage|p2b: Kyogre|16/100|[from] Leech Seed|[of] p1a: Calyrex\n|-status|p2a: Tatsugiri|tox|[from] item: Toxic Orb\n|upkeep\n|turn|4\n|\n|t:|1776459708\n|switch|p2b: Dondozo|Dondozo, L50, F, shiny|100/100\n|-activate|p2a: Tatsugiri|ability: Commander|[of] p2b: Dondozo\n|-boost|p2b: Dondozo|atk|2\n|-boost|p2b: Dondozo|spa|2\n|-boost|p2b: Dondozo|spe|2\n|-boost|p2b: Dondozo|def|2\n|-boost|p2b: Dondozo|spd|2\n|move|p1a: Calyrex|Glacial Lance|p2b: Dondozo|[spread] p2b\n|-miss|p1a: Calyrex|p2a: Tatsugiri\n|-resisted|p2b: Dondozo\n|-damage|p2b: Dondozo|94/100\n|move|p1b: Archaludon|Electro Shot||[still]\n|-prepare|p1b: Archaludon|Electro Shot\n|-boost|p1b: Archaludon|spa|1\n|-anim|p1b: Archaludon|Electro Shot|p2a: Tatsugiri|[miss]\n|-miss|p1b: Archaludon|p2a: Tatsugiri\n|\n|-weather|RainDance|[upkeep]\n|-heal|p2b: Dondozo|100/100|[from] item: Leftovers\n|-damage|p2a: Tatsugiri|95/100 tox|[from] psn\n|upkeep\n|turn|5\n|inactive|Pitecus has 30 seconds left.\n|\n|t:|1776459738\n|move|p1a: Calyrex|Leech Seed|p2b: Dondozo\n|-start|p2b: Dondozo|move: Leech Seed\n|move|p1b: Archaludon|Electro Shot||[still]\n|-prepare|p1b: Archaludon|Electro Shot\n|-boost|p1b: Archaludon|spa|1\n|-anim|p1b: Archaludon|Electro Shot|p2b: Dondozo\n|-supereffective|p2b: Dondozo\n|-damage|p2b: Dondozo|49/100\n|move|p2b: Dondozo|Order Up|p1a: Calyrex\n|-damage|p1a: Calyrex|77/100\n|-boost|p2b: Dondozo|atk|1\n|\n|-weather|none\n|-heal|p2b: Dondozo|55/100|[from] item: Leftovers\n|-damage|p2b: Dondozo|43/100|[from] Leech Seed|[of] p1a: Calyrex\n|-heal|p1a: Calyrex|91/100|[silent]\n|-damage|p2a: Tatsugiri|84/100 tox|[from] psn\n|-fieldend|move: Trick Room\n|upkeep\n|turn|6\n|\n|t:|1776459755\n|move|p2b: Dondozo|Order Up|p1a: Calyrex\n|-damage|p1a: Calyrex|58/100\n|-boost|p2b: Dondozo|atk|1\n|move|p1b: Archaludon|Electro Shot||[still]\n|-prepare|p1b: Archaludon|Electro Shot\n|-boost|p1b: Archaludon|spa|1\n|move|p1a: Calyrex|Trick Room|p1a: Calyrex\n|-fieldstart|move: Trick Room|[of] p1a: Calyrex\n|\n|-heal|p2b: Dondozo|49/100|[from] item: Leftovers\n|-damage|p2b: Dondozo|37/100|[from] Leech Seed|[of] p1a: Calyrex\n|-heal|p1a: Calyrex|72/100|[silent]\n|-damage|p2a: Tatsugiri|67/100 tox|[from] psn\n|upkeep\n|turn|7\n|\n|t:|1776459771\n|move|p1a: Calyrex|Protect|p1a: Calyrex\n|-singleturn|p1a: Calyrex|Protect\n|move|p1b: Archaludon|Electro Shot|p2b: Dondozo|[from] lockedmove\n|-supereffective|p2b: Dondozo\n|-damage|p2b: Dondozo|0 fnt\n|faint|p2b: Dondozo\n|\n|-damage|p2a: Tatsugiri|45/100 tox|[from] psn\n|upkeep\n|\n|t:|1776459774\n|switch|p2b: Kyogre|Kyogre, L50|16/100\n|-weather|RainDance|[from] ability: Drizzle|[of] p2b: Kyogre\n|turn|8\n|-message|Pitecus forfeited.\n|\n|win|sjknjhlhf\n|raw|sjknjhlhf's rating: 1353 &rarr; <strong>1372</strong><br />(+19 for winning)\n|raw|Pitecus's rating: 1329 &rarr; <strong>1310</strong><br />(-19 for losing)\n|l|\u2606Pitecus\n|player|p2|\n|l|\u2606sjknjhlhf\n|player|p1|\n","uploadtime":1776460023,"views":14,"formatid":"gen9vgc2026regi","rating":1310,"private":0,"password":null}