{"id":"gen9vgc2026regi-2565342550","format":"[Gen 9] VGC 2026 Reg I","players":["thenaughtyboysclub","Sunny_zong1"],"log":"|j|\u2606thenaughtyboysclub\n|j|\u2606Sunny_zong1\n|t:|1774265533\n|gametype|doubles\n|player|p1|thenaughtyboysclub|102|1202\n|player|p2|Sunny_zong1|169|1193\n|gen|9\n|tier|[Gen 9] VGC 2026 Reg I\n|rated|\n|rule|Species Clause: Limit one of each Pok\u00e9mon\n|rule|Item Clause: Limit 1 of each item\n|clearpoke\n|poke|p1|Koraidon, L50|\n|poke|p1|Calyrex-Shadow, L50|\n|poke|p1|Walking Wake, L50|\n|poke|p1|Incineroar, L50, M|\n|poke|p1|Weezing-Galar, L50, M|\n|poke|p1|Chi-Yu, L50|\n|poke|p2|Lugia, L50|\n|poke|p2|Flamigo, L50, M|\n|poke|p2|Muk-Alola, L50, F|\n|poke|p2|Calyrex-Shadow, L50|\n|poke|p2|Indeedee, L50, M|\n|poke|p2|Glalie, L50, M|\n|teampreview|4\n|\n|t:|1774265578\n|teamsize|p1|4\n|teamsize|p2|4\n|start\n|switch|p1a: Koraidon|Koraidon, L50|100/100\n|switch|p1b: Incineroar|Incineroar, L50, M|100/100\n|switch|p2a: Calyrex|Calyrex-Shadow, L50|100/100\n|switch|p2b: Indeedee|Indeedee, L50, M|100/100\n|-ability|p2a: Calyrex|As One\n|-ability|p2a: Calyrex|Unnerve\n|-fieldstart|move: Psychic Terrain|[from] ability: Psychic Surge|[of] p2b: Indeedee\n|-weather|SunnyDay|[from] ability: Orichalcum Pulse|[of] p1a: Koraidon\n|-activate|p1a: Koraidon|Orichalcum Pulse|[source]\n|-ability|p1b: Incineroar|Intimidate|boost\n|-unboost|p2a: Calyrex|atk|1\n|-unboost|p2b: Indeedee|atk|1\n|turn|1\n|\n|t:|1774265612\n|-terastallize|p2a: Calyrex|Fighting\n|move|p1a: Koraidon|Protect|p1a: Koraidon\n|-singleturn|p1a: Koraidon|Protect\n|move|p2a: Calyrex|Tera Blast|p1b: Incineroar|[anim] Tera Blast Fighting\n|-supereffective|p1b: Incineroar\n|-damage|p1b: Incineroar|0 fnt\n|faint|p1b: Incineroar\n|-ability|p2a: Calyrex|Grim Neigh|boost\n|-boost|p2a: Calyrex|spa|1\n|move|p2b: Indeedee|Expanding Force|p1a: Koraidon\n|-activate|p1a: Koraidon|move: Protect\n|\n|-weather|SunnyDay|[upkeep]\n|upkeep\n|\n|t:|1774265624\n|switch|p1b: Calyrex|Calyrex-Shadow, L50|100/100\n|-ability|p1b: Calyrex|As One\n|-ability|p1b: Calyrex|Unnerve\n|turn|2\n|\n|t:|1774265642\n|switch|p2a: Muk|Muk-Alola, L50, F|100/100\n|-terastallize|p1a: Koraidon|Fire\n|move|p1b: Calyrex|Psychic|p2a: Muk\n|-immune|p2a: Muk\n|move|p2b: Indeedee|Expanding Force|p1b: Calyrex|[spread] p1a,p1b\n|-resisted|p1b: Calyrex\n|-damage|p1a: Koraidon|49/100\n|-damage|p1b: Calyrex|69/100\n|move|p1a: Koraidon|Flame Charge|p2b: Indeedee\n|-damage|p2b: Indeedee|0 fnt\n|-boost|p1a: Koraidon|spe|1\n|faint|p2b: Indeedee\n|-ability|p2a: Muk|Psychic Surge|Power of Alchemy|[from] ability: Power of Alchemy|[of] p2b: Indeedee\n|\n|-weather|SunnyDay|[upkeep]\n|upkeep\n|\n|t:|1774265685\n|switch|p2b: Calyrex|Calyrex-Shadow, L50, tera:Fighting|100/100\n|-ability|p2b: Calyrex|As One\n|-ability|p2b: Calyrex|Unnerve\n|turn|3\n|\n|t:|1774265709\n|switch|p1b: Weezing|Weezing-Galar, L50, M|100/100\n|-ability|p1b: Weezing|Neutralizing Gas\n|-block|p1a: Koraidon|item: Ability Shield\n|move|p1a: Koraidon|Protect|p1a: Koraidon\n|-singleturn|p1a: Koraidon|Protect\n|move|p2b: Calyrex|Astral Barrage|p1a: Koraidon|[spread] p1b\n|-activate|p1a: Koraidon|move: Protect\n|-damage|p1b: Weezing|0 fnt\n|faint|p1b: Weezing\n|-end|p1b: Weezing|ability: Neutralizing Gas\n|-ability|p2b: Calyrex|Grim Neigh|boost\n|-boost|p2b: Calyrex|spa|1\n|move|p2a: Muk|Minimize|p2a: Muk\n|-boost|p2a: Muk|evasion|2\n|\n|-weather|SunnyDay|[upkeep]\n|upkeep\n|\n|t:|1774265723\n|switch|p1b: Calyrex|Calyrex-Shadow, L50|69/100\n|-ability|p1b: Calyrex|As One\n|-ability|p1b: Calyrex|Unnerve\n|turn|4\n|\n|t:|1774265734\n|switch|p2b: Lugia|Lugia, L50|100/100\n|-ability|p2b: Lugia|Pressure\n|move|p1a: Koraidon|Flare Blitz|p2a: Muk|[miss]\n|-miss|p1a: Koraidon|p2a: Muk\n|move|p1b: Calyrex|Psychic|p2b: Lugia\n|-resisted|p2b: Lugia\n|-damage|p2b: Lugia|81/100\n|move|p2a: Muk|Minimize|p2a: Muk\n|-boost|p2a: Muk|evasion|2\n|\n|-weather|SunnyDay|[upkeep]\n|-heal|p2b: Lugia|87/100|[from] item: Leftovers\n|upkeep\n|turn|5\n|\n|t:|1774265762\n|move|p1a: Koraidon|Flare Blitz|p2b: Lugia\n|-damage|p2b: Lugia|19/100\n|-damage|p1a: Koraidon|24/100|[from] Recoil\n|move|p1b: Calyrex|Astral Barrage|p2a: Muk|[spread] p2a,p2b\n|-resisted|p2a: Muk\n|-supereffective|p2b: Lugia\n|-damage|p2a: Muk|81/100\n|-damage|p2b: Lugia|0 fnt\n|faint|p2b: Lugia\n|-ability|p1b: Calyrex|Grim Neigh|boost\n|-boost|p1b: Calyrex|spa|1\n|move|p2a: Muk|Poison Jab|p1a: Koraidon\n|-damage|p1a: Koraidon|0 fnt\n|faint|p1a: Koraidon\n|\n|-weather|none\n|-heal|p2a: Muk|87/100|[from] item: Black Sludge\n|-fieldend|move: Psychic Terrain\n|upkeep\n|\n|t:|1774265768\n|switch|p2b: Calyrex|Calyrex-Shadow, L50, tera:Fighting|100/100\n|-ability|p2b: Calyrex|As One\n|-ability|p2b: Calyrex|Unnerve\n|turn|6\n|\n|t:|1774265782\n|move|p1b: Calyrex|Psychic|p2b: Calyrex\n|-supereffective|p2b: Calyrex\n|-damage|p2b: Calyrex|0 fnt\n|faint|p2b: Calyrex\n|-ability|p1b: Calyrex|Grim Neigh|boost\n|-boost|p1b: Calyrex|spa|1\n|move|p2a: Muk|Poison Jab|p1b: Calyrex\n|-resisted|p1b: Calyrex\n|-damage|p1b: Calyrex|52/100\n|\n|-heal|p2a: Muk|93/100|[from] item: Black Sludge\n|upkeep\n|turn|7\n|\n|t:|1774265797\n|move|p1b: Calyrex|Protect|p1b: Calyrex\n|-singleturn|p1b: Calyrex|Protect\n|move|p2a: Muk|Protect||[still]\n|-fail|p2a: Muk\n|\n|-heal|p2a: Muk|99/100|[from] item: Black Sludge\n|upkeep\n|turn|8\n|\n|t:|1774265811\n|move|p1b: Calyrex|Encore|p2a: Muk\n|-start|p2a: Muk|Encore\n|move|p2a: Muk|Protect||[still]\n|-fail|p2a: Muk\n|\n|-heal|p2a: Muk|100/100|[from] item: Black Sludge\n|upkeep\n|turn|9\n|\n|t:|1774265817\n|move|p1b: Calyrex|Protect|p1b: Calyrex\n|-singleturn|p1b: Calyrex|Protect\n|move|p2a: Muk|Protect||[still]\n|-fail|p2a: Muk\n|\n|upkeep\n|turn|10\n|\n|t:|1774265823\n|move|p2a: Muk|Protect|p2a: Muk\n|-singleturn|p2a: Muk|Protect\n|move|p1b: Calyrex|Psychic|p2a: Muk\n|-activate|p2a: Muk|move: Protect\n|\n|-end|p2a: Muk|Encore\n|upkeep\n|turn|11\n|\n|t:|1774265827\n|move|p1b: Calyrex|Encore|p2a: Muk|[miss]\n|-miss|p1b: Calyrex|p2a: Muk\n|move|p2a: Muk|Minimize|p2a: Muk\n|-boost|p2a: Muk|evasion|2\n|\n|upkeep\n|turn|12\n|\n|t:|1774265834\n|move|p1b: Calyrex|Astral Barrage|p2a: Muk|[miss]\n|-miss|p1b: Calyrex|p2a: Muk\n|move|p2a: Muk|Poison Jab|p1b: Calyrex\n|-resisted|p1b: Calyrex\n|-damage|p1b: Calyrex|34/100\n|\n|upkeep\n|turn|13\n|\n|t:|1774265837\n|move|p1b: Calyrex|Astral Barrage|p2a: Muk\n|-resisted|p2a: Muk\n|-damage|p2a: Muk|41/100\n|move|p2a: Muk|Poison Jab|p1b: Calyrex\n|-resisted|p1b: Calyrex\n|-damage|p1b: Calyrex|16/100\n|\n|-heal|p2a: Muk|47/100|[from] item: Black Sludge\n|upkeep\n|turn|14\n|\n|t:|1774265846\n|move|p2a: Muk|Protect|p2a: Muk\n|-singleturn|p2a: Muk|Protect\n|move|p1b: Calyrex|Astral Barrage|p2a: Muk\n|-activate|p2a: Muk|move: Protect\n|\n|-heal|p2a: Muk|53/100|[from] item: Black Sludge\n|upkeep\n|turn|15\n|\n|t:|1774265852\n|move|p1b: Calyrex|Astral Barrage|p2a: Muk|[miss]\n|-miss|p1b: Calyrex|p2a: Muk\n|move|p2a: Muk|Poison Jab|p1b: Calyrex\n|-resisted|p1b: Calyrex\n|-damage|p1b: Calyrex|0 fnt\n|faint|p1b: Calyrex\n|\n|win|Sunny_zong1\n|raw|thenaughtyboysclub's rating: 1202 &rarr; <strong>1176</strong><br />(-26 for losing)\n|raw|Sunny_zong1's rating: 1193 &rarr; <strong>1219</strong><br />(+26 for winning)\n|l|\u2606Sunny_zong1\n|player|p2|\n|l|\u2606thenaughtyboysclub\n|player|p1|\n","uploadtime":1774266113,"views":15,"formatid":"gen9vgc2026regi","rating":1176,"private":0,"password":null}