{"id":"gen9vgc2026regi-2544745386","format":"[Gen 9] VGC 2026 Reg I","players":["cpinalli4","Schimmli"],"log":"|j|\u2606cpinalli4\n|j|\u2606Schimmli\n|t:|1771751120\n|gametype|doubles\n|player|p1|cpinalli4|elesa|1566\n|player|p2|Schimmli|266|1601\n|gen|9\n|tier|[Gen 9] VGC 2026 Reg I\n|rated|\n|rule|Species Clause: Limit one of each Pok\u00e9mon\n|rule|Item Clause: Limit 1 of each item\n|clearpoke\n|poke|p1|Kyogre, L50|\n|poke|p1|Flutter Mane, L50|\n|poke|p1|Urshifu-*, L50, F|\n|poke|p1|Landorus, L50, M|\n|poke|p1|Smeargle, L50, F|\n|poke|p1|Calyrex-Ice, L50|\n|poke|p2|Terapagos, L50, M|\n|poke|p2|Calyrex-Shadow, L50|\n|poke|p2|Flutter Mane, L50|\n|poke|p2|Ogerpon-Cornerstone, L50, F|\n|poke|p2|Incineroar, L50, M|\n|poke|p2|Rillaboom, L50, M|\n|teampreview|4\n|c|\u2606cpinalli4|you again\n|c|\u2606cpinalli4|lol\n|c|\u2606Schimmli|oh hi haha\n|c|\u2606Schimmli|glhf\n|\n|t:|1771751171\n|teamsize|p1|4\n|teamsize|p2|4\n|start\n|switch|p1a: Smeargle|Smeargle, L50, F|100/100\n|switch|p1b: Calyrex|Calyrex-Ice, L50|100/100\n|switch|p2a: Terapagos|Terapagos, L50, M|100/100\n|switch|p2b: Rillaboom|Rillaboom, L50, M|100/100\n|-activate|p2a: Terapagos|ability: Tera Shift\n|detailschange|p2a: Terapagos|Terapagos-Terastal, L50, M\n|-heal|p2a: Terapagos|100/100|[silent]\n|-ability|p1b: Calyrex|As One\n|-ability|p1b: Calyrex|Unnerve\n|-fieldstart|move: Grassy Terrain|[from] ability: Grassy Surge|[of] p2b: Rillaboom\n|turn|1\n|c|\u2606cpinalli4|if possible can i have the pokepaste please\n|c|\u2606Schimmli|after the game :)\n|c|\u2606cpinalli4|ok thx\n|\n|t:|1771751206\n|switch|p2b: Incineroar|Incineroar, L50, M, shiny|100/100\n|-ability|p2b: Incineroar|Intimidate|boost\n|-unboost|p1a: Smeargle|atk|1\n|-fail|p1b: Calyrex|unboost|[from] item: Clear Amulet|[of] p1b: Calyrex\n|-enditem|p1a: Smeargle|Eject Pack\n|\n|t:|1771751213\n|switch|p1a: alex|Kyogre, L50|100/100\n|-weather|RainDance|[from] ability: Drizzle|[of] p1a: alex\n|move|p2a: Terapagos|Calm Mind|p2a: Terapagos\n|-boost|p2a: Terapagos|spa|1\n|-boost|p2a: Terapagos|spd|1\n|move|p1b: Calyrex|Trick Room|p1b: Calyrex\n|-fieldstart|move: Trick Room|[of] p1b: Calyrex\n|\n|-weather|RainDance|[upkeep]\n|upkeep\n|turn|2\n|\n|t:|1771751227\n|move|p2b: Incineroar|Fake Out|p1a: alex\n|-damage|p1a: alex|91/100\n|cant|p1a: alex|flinch\n|move|p1b: Calyrex|Glacial Lance|p2b: Incineroar|[spread] p2a,p2b\n|-activate|p2a: Terapagos|ability: Tera Shell\n|-resisted|p2a: Terapagos\n|-resisted|p2b: Incineroar\n|-damage|p2a: Terapagos|79/100\n|-damage|p2b: Incineroar|80/100\n|move|p2a: Terapagos|Tera Starstorm|p1a: alex\n|-damage|p1a: alex|44/100\n|\n|-weather|RainDance|[upkeep]\n|-heal|p1a: alex|50/100|[from] Grassy Terrain\n|-heal|p2b: Incineroar|86/100|[from] Grassy Terrain\n|-heal|p2a: Terapagos|85/100|[from] Grassy Terrain\n|-heal|p2a: Terapagos|92/100|[from] item: Leftovers\n|upkeep\n|turn|3\n|\n|t:|1771751256\n|-terastallize|p2a: Terapagos|Stellar\n|detailschange|p2a: Terapagos|Terapagos-Stellar, L50, M, tera:Stellar\n|-heal|p2a: Terapagos|94/100|[silent]\n|-ability|p2a: Terapagos|Teraform Zero\n|-weather|none\n|-fieldend|move: Grassy Terrain\n|move|p1a: alex|Origin Pulse|p2b: Incineroar|[spread] p2a,p2b\n|-supereffective|p2b: Incineroar\n|-crit|p2b: Incineroar\n|-damage|p2a: Terapagos|73/100\n|-damage|p2b: Incineroar|0 fnt\n|faint|p2b: Incineroar\n|move|p1b: Calyrex|Glacial Lance|p2a: Terapagos\n|-damage|p2a: Terapagos|30/100\n|move|p2a: Terapagos|Tera Starstorm|p1b: Calyrex|[spread] p1a,p1b\n|-damage|p1a: alex|21/100\n|-damage|p1b: Calyrex|66/100\n|\n|-heal|p2a: Terapagos|37/100|[from] item: Leftovers\n|upkeep\n|\n|t:|1771751273\n|switch|p2b: Rillaboom|Rillaboom, L50, M|100/100\n|-fieldstart|move: Grassy Terrain|[from] ability: Grassy Surge|[of] p2b: Rillaboom\n|turn|4\n|\n|t:|1771751281\n|switch|p1a: Smeargle|Smeargle, L50, F|100/100\n|move|p2b: Rillaboom|Fake Out|p1b: Calyrex\n|-crit|p1b: Calyrex\n|-damage|p1b: Calyrex|53/100\n|cant|p1b: Calyrex|flinch\n|move|p2a: Terapagos|Tera Starstorm|p1b: Calyrex|[spread] p1a,p1b\n|-damage|p1a: Smeargle|18/100\n|-damage|p1b: Calyrex|19/100\n|\n|-heal|p1b: Calyrex|25/100|[from] Grassy Terrain\n|-heal|p2a: Terapagos|43/100|[from] Grassy Terrain\n|-heal|p2a: Terapagos|49/100|[from] item: Leftovers\n|-heal|p1a: Smeargle|24/100|[from] Grassy Terrain\n|-ability|p1a: Smeargle|Moody|boost\n|-boost|p1a: Smeargle|def|2\n|-unboost|p1a: Smeargle|atk|1\n|upkeep\n|turn|5\n|\n|t:|1771751307\n|move|p1a: Smeargle|Fake Out|p2b: Rillaboom\n|-damage|p2b: Rillaboom|97/100\n|cant|p2b: Rillaboom|flinch\n|move|p1b: Calyrex|Glacial Lance|p2a: Terapagos|[spread] p2a,p2b\n|-supereffective|p2b: Rillaboom\n|-damage|p2a: Terapagos|20/100\n|-damage|p2b: Rillaboom|0 fnt\n|faint|p2b: Rillaboom\n|-ability|p1b: Calyrex|Chilling Neigh|boost\n|-boost|p1b: Calyrex|atk|1\n|move|p2a: Terapagos|Tera Starstorm|p1a: Smeargle|[spread] p1a,p1b\n|-damage|p1a: Smeargle|0 fnt\n|-damage|p1b: Calyrex|0 fnt\n|faint|p1a: Smeargle\n|faint|p1b: Calyrex\n|\n|-heal|p2a: Terapagos|26/100|[from] Grassy Terrain\n|-heal|p2a: Terapagos|32/100|[from] item: Leftovers\n|-fieldend|move: Trick Room\n|upkeep\n|\n|t:|1771751324\n|switch|p1a: Landorus|Landorus, L50, M|100/100\n|switch|p2b: Calyrex|Calyrex-Shadow, L50|100/100\n|switch|p1b: alex|Kyogre, L50|21/100\n|-ability|p2b: Calyrex|As One\n|-ability|p2b: Calyrex|Unnerve\n|-weather|RainDance|[from] ability: Drizzle|[of] p1b: alex\n|turn|6\n|\n|t:|1771751341\n|move|p2b: Calyrex|Astral Barrage|p1a: Landorus|[spread] p1a,p1b\n|-damage|p1a: Landorus|32/100\n|-damage|p1b: alex|0 fnt\n|faint|p1b: alex\n|-ability|p2b: Calyrex|Grim Neigh|boost\n|-boost|p2b: Calyrex|spa|1\n|move|p1a: Landorus|Earth Power|p2b: Calyrex\n|-damage|p2b: Calyrex|16/100\n|move|p2a: Terapagos|Tera Starstorm|p1a: Landorus\n|-damage|p1a: Landorus|0 fnt\n|faint|p1a: Landorus\n|\n|win|Schimmli\n|raw|cpinalli4's rating: 1566 &rarr; <strong>1548</strong><br />(-18 for losing)\n|raw|Schimmli's rating: 1601 &rarr; <strong>1619</strong><br />(+18 for winning)\n|c|\u2606Schimmli|how can i send the paste?\n|c|\u2606Schimmli|its a very old reg I team\n|c|\u2606Schimmli|https://docs.google.com/spreadsheets/d/1axlwmzPA49rYkqXh7zHvAtSP-TKbM0ijGYBPRflLSWw/edit?gid=972834435#gid=972834435\n|c|\u2606Schimmli|you find it here\n|c|\u2606cpinalli4|ok\n|c|\u2606cpinalli4|why no protect terapagos on that last turn of t room\n|c|\u2606Schimmli|good question\n|c|\u2606Schimmli|i wasnt sure if smeargle has wide guard\n|c|\u2606cpinalli4|fair\n","uploadtime":1771751497,"views":21,"formatid":"gen9vgc2026regi","rating":1548,"private":0,"password":null}