{"id":"gen9vgc2026regi-2585599684","format":"[Gen 9] VGC 2026 Reg I","players":["bai77","BleachyBoi_426"],"log":"|j|\u2606bai77\n|j|\u2606BleachyBoi_426\n|t:|1776358060\n|gametype|doubles\n|player|p1|bai77|unknown|1388\n|player|p2|BleachyBoi_426|n|1511\n|gen|9\n|tier|[Gen 9] VGC 2026 Reg I\n|rated|\n|rule|Species Clause: Limit one of each Pok\u00e9mon\n|rule|Item Clause: Limit 1 of each item\n|clearpoke\n|poke|p1|Miraidon, L50|\n|poke|p1|Calyrex-Shadow, L50|\n|poke|p1|Ogerpon-Cornerstone, L50, F|\n|poke|p1|Incineroar, L50, M|\n|poke|p1|Rillaboom, L50, M|\n|poke|p1|Urshifu-*, L50, M|\n|poke|p2|Tornadus, L50, M|\n|poke|p2|Kyogre, L50|\n|poke|p2|Zacian-*, L50|\n|poke|p2|Grimmsnarl, L50, M|\n|poke|p2|Urshifu-*, L50, M|\n|poke|p2|Brute Bonnet, L50|\n|teampreview|4\n|\n|t:|1776358089\n|teamsize|p1|4\n|teamsize|p2|4\n|start\n|switch|p1a: Calyrex|Calyrex-Shadow, L50|100/100\n|switch|p1b: Rillaboom|Rillaboom, L50, M, shiny|100/100\n|switch|p2a: Honey Kiss|Urshifu-Rapid-Strike, L50, M|100/100\n|switch|p2b: Karamari|Grimmsnarl, L50, M|100/100\n|-ability|p1a: Calyrex|As One\n|-ability|p1a: Calyrex|Unnerve\n|-fieldstart|move: Grassy Terrain|[from] ability: Grassy Surge|[of] p1b: Rillaboom\n|turn|1\n|\n|t:|1776358109\n|switch|p2a: Royal|Kyogre, L50|100/100\n|-weather|RainDance|[from] ability: Drizzle|[of] p2a: Royal\n|move|p1b: Rillaboom|Fake Out|p2b: Karamari\n|-damage|p2b: Karamari|88/100\n|cant|p2b: Karamari|flinch\n|move|p1a: Calyrex|Psychic|p2a: Royal\n|-damage|p2a: Royal|75/100\n|-unboost|p2a: Royal|spd|1\n|\n|-weather|RainDance|[upkeep]\n|-heal|p2a: Royal|81/100|[from] Grassy Terrain\n|-heal|p2b: Karamari|94/100|[from] Grassy Terrain\n|upkeep\n|turn|2\n|\n|t:|1776358129\n|switch|p2a: Sawyer|Zacian-Crowned, L50|100/100\n|-ability|p2a: Sawyer|Intrepid Sword|boost\n|-boost|p2a: Sawyer|atk|1\n|move|p1b: Rillaboom|Grassy Glide|p2a: Sawyer\n|-resisted|p2a: Sawyer\n|-damage|p2a: Sawyer|84/100\n|move|p2b: Karamari|Light Screen|p2b: Karamari\n|-sidestart|p2: BleachyBoi_426|move: Light Screen\n|move|p1a: Calyrex|Astral Barrage|p2b: Karamari|[spread] p2a,p2b\n|-resisted|p2b: Karamari\n|-damage|p2a: Sawyer|50/100\n|-damage|p2b: Karamari|77/100\n|\n|-weather|RainDance|[upkeep]\n|-heal|p2a: Sawyer|57/100|[from] Grassy Terrain\n|-heal|p2b: Karamari|83/100|[from] Grassy Terrain\n|upkeep\n|turn|3\n|\n|t:|1776358155\n|move|p2a: Sawyer|Protect|p2a: Sawyer\n|-singleturn|p2a: Sawyer|Protect\n|move|p1a: Calyrex|Astral Barrage|p2a: Sawyer|[spread] p2b\n|-activate|p2a: Sawyer|move: Protect\n|-resisted|p2b: Karamari\n|-damage|p2b: Karamari|66/100\n|move|p1b: Rillaboom|Wood Hammer|p2b: Karamari\n|-damage|p2b: Karamari|0 fnt\n|faint|p2b: Karamari\n|-damage|p1b: Rillaboom|78/100|[from] Recoil\n|\n|-weather|RainDance|[upkeep]\n|-heal|p2a: Sawyer|63/100|[from] Grassy Terrain\n|-heal|p1b: Rillaboom|84/100|[from] Grassy Terrain\n|upkeep\n|\n|t:|1776358168\n|switch|p2b: Honey Kiss|Urshifu-Rapid-Strike, L50, M|100/100\n|turn|4\n|\n|t:|1776358181\n|move|p2b: Honey Kiss|Surging Strikes|p1a: Calyrex\n|-crit|p1a: Calyrex\n|-damage|p1a: Calyrex|55/100\n|-crit|p1a: Calyrex\n|-damage|p1a: Calyrex|14/100\n|-crit|p1a: Calyrex\n|-damage|p1a: Calyrex|0 fnt\n|faint|p1a: Calyrex\n|-hitcount|p1: Calyrex|3\n|move|p2a: Sawyer|Behemoth Blade|p1b: Rillaboom\n|-damage|p1b: Rillaboom|9/100\n|move|p1b: Rillaboom|Wood Hammer|p2b: Honey Kiss\n|-supereffective|p2b: Honey Kiss\n|-damage|p2b: Honey Kiss|0 fnt\n|faint|p2b: Honey Kiss\n|-damage|p1b: Rillaboom|0 fnt|[from] Recoil\n|faint|p1b: Rillaboom\n|\n|-weather|RainDance|[upkeep]\n|-heal|p2a: Sawyer|69/100|[from] Grassy Terrain\n|upkeep\n|\n|t:|1776358200\n|switch|p1a: Incineroar|Incineroar, L50, M, shiny|100/100\n|switch|p2b: Royal|Kyogre, L50|81/100\n|switch|p1b: Miraidon|Miraidon, L50|100/100\n|-fieldstart|move: Electric Terrain|[from] ability: Hadron Engine|[of] p1b: Miraidon\n|-ability|p1a: Incineroar|Intimidate|boost\n|-unboost|p2a: Sawyer|atk|1\n|-unboost|p2b: Royal|atk|1\n|turn|5\n|\n|t:|1776358229\n|-terastallize|p2b: Royal|Electric\n|move|p2a: Sawyer|Protect|p2a: Sawyer\n|-singleturn|p2a: Sawyer|Protect\n|move|p1a: Incineroar|Fake Out|p2b: Royal\n|-damage|p2b: Royal|71/100\n|move|p1b: Miraidon|Electro Drift|p2b: Royal\n|-resisted|p2b: Royal\n|-damage|p2b: Royal|55/100\n|cant|p2b: Royal|flinch\n|\n|-weather|none\n|upkeep\n|turn|6\n|\n|t:|1776358261\n|-terastallize|p1a: Incineroar|Water\n|move|p1b: Miraidon|Electro Drift|p2b: Royal\n|-resisted|p2b: Royal\n|-damage|p2b: Royal|40/100\n|move|p2a: Sawyer|Play Rough|p1b: Miraidon\n|-supereffective|p1b: Miraidon\n|-damage|p1b: Miraidon|0 fnt\n|faint|p1b: Miraidon\n|move|p2b: Royal|Origin Pulse|p1a: Incineroar\n|-resisted|p1a: Incineroar\n|-crit|p1a: Incineroar\n|-damage|p1a: Incineroar|54/100\n|move|p1a: Incineroar|Flare Blitz|p2a: Sawyer\n|-supereffective|p2a: Sawyer\n|-damage|p2a: Sawyer|0 fnt\n|faint|p2a: Sawyer\n|-damage|p1a: Incineroar|34/100|[from] Recoil\n|\n|upkeep\n|turn|7\n|\n|t:|1776358289\n|move|p2b: Royal|Thunder|p1a: Incineroar|[miss]\n|-miss|p2b: Royal|p1a: Incineroar\n|move|p1a: Incineroar|Knock Off|p2b: Royal\n|-damage|p2b: Royal|8/100\n|-enditem|p2b: Royal|Assault Vest|[from] move: Knock Off|[of] p1a: Incineroar\n|\n|upkeep\n|turn|8\n|\n|t:|1776358299\n|move|p2b: Royal|Thunder|p1a: Incineroar\n|-supereffective|p1a: Incineroar\n|-damage|p1a: Incineroar|0 fnt\n|faint|p1a: Incineroar\n|\n|win|BleachyBoi_426\n|raw|bai77's rating: 1388 &rarr; <strong>1375</strong><br />(-13 for losing)\n|raw|BleachyBoi_426's rating: 1511 &rarr; <strong>1524</strong><br />(+13 for winning)\n|c|\u2606BleachyBoi_426|gg\n|l|\u2606bai77\n|player|p1|\n","uploadtime":1776358309,"views":21,"formatid":"gen9vgc2026regi","rating":1375,"private":0,"password":null}