{"id":"gen9vgc2026regi-2565980135","format":"[Gen 9] VGC 2026 Reg I","players":["iifwm","terafireflareblitz"],"log":"|j|\u2606iifwm\n|j|\u2606terafireflareblitz\n|t:|1774325331\n|gametype|doubles\n|player|p1|iifwm|candice|1512\n|player|p2|terafireflareblitz|sycamore|1686\n|gen|9\n|tier|[Gen 9] VGC 2026 Reg I\n|rated|\n|rule|Species Clause: Limit one of each Pok\u00e9mon\n|rule|Item Clause: Limit 1 of each item\n|clearpoke\n|poke|p1|Terapagos, L50, M|\n|poke|p1|Incineroar, L50, F|\n|poke|p1|Calyrex-Shadow, L50|\n|poke|p1|Flutter Mane, L50|\n|poke|p1|Ogerpon-Cornerstone, L50, F|\n|poke|p1|Rillaboom, L50, F|\n|poke|p2|Koraidon, L50|\n|poke|p2|Lunala, L50|\n|poke|p2|Indeedee-F, L50, F|\n|poke|p2|Flutter Mane, L50|\n|poke|p2|Volcarona, L50, F|\n|poke|p2|Ursaluna, L50, M|\n|teampreview|4\n|inactive|Battle timer is ON: inactive players will automatically lose when time's up. (requested by terafireflareblitz)\n|inactive|iifwm has 60 seconds left.\n|inactive|terafireflareblitz has 60 seconds left.\n|j| roger_leo1000\n|inactive|terafireflareblitz has 30 seconds left.\n|inactive|terafireflareblitz has 20 seconds left.\n|inactive|terafireflareblitz has 15 seconds left.\n|inactive|terafireflareblitz has 10 seconds left.\n|inactive|terafireflareblitz has 5 seconds left.\n|\n|t:|1774325422\n|teamsize|p1|4\n|teamsize|p2|4\n|start\n|switch|p1a: Terapagos|Terapagos, L50, M|100/100\n|switch|p1b: Flutter Mane|Flutter Mane, L50, shiny|100/100\n|switch|p2a: Koraidon|Koraidon, L50, shiny|100/100\n|switch|p2b: Lunala|Lunala, L50, shiny|100/100\n|-activate|p1a: Terapagos|ability: Tera Shift\n|detailschange|p1a: Terapagos|Terapagos-Terastal, L50, M\n|-heal|p1a: Terapagos|100/100|[silent]\n|-weather|SunnyDay|[from] ability: Orichalcum Pulse|[of] p2a: Koraidon\n|-activate|p1b: Flutter Mane|ability: Protosynthesis\n|-start|p1b: Flutter Mane|protosynthesisspe\n|-activate|p2a: Koraidon|Orichalcum Pulse|[source]\n|turn|1\n|\n|t:|1774325435\n|switch|p2a: Indeedee|Indeedee-F, L50, F|100/100\n|-fieldstart|move: Psychic Terrain|[from] ability: Psychic Surge|[of] p2a: Indeedee\n|move|p1b: Flutter Mane|Moonblast|p2a: Indeedee\n|-damage|p2a: Indeedee|63/100\n|move|p2b: Lunala|Expanding Force|p1b: Flutter Mane|[spread] p1a,p1b\n|-activate|p1a: Terapagos|ability: Tera Shell\n|-resisted|p1a: Terapagos\n|-damage|p1a: Terapagos|74/100\n|-damage|p1b: Flutter Mane|36/100\n|move|p1a: Terapagos|Calm Mind|p1a: Terapagos\n|-boost|p1a: Terapagos|spa|1\n|-boost|p1a: Terapagos|spd|1\n|\n|-weather|SunnyDay|[upkeep]\n|-heal|p1a: Terapagos|80/100|[from] item: Leftovers\n|upkeep\n|turn|2\n|inactive|iifwm has 30 seconds left.\n|\n|t:|1774325469\n|-end|p1b: Flutter Mane|Protosynthesis|[silent]\n|switch|p1b: Ogerpon|Ogerpon-Cornerstone, L50, F|100/100\n|-terastallize|p1a: Terapagos|Stellar\n|detailschange|p1a: Terapagos|Terapagos-Stellar, L50, M, tera:Stellar\n|-heal|p1a: Terapagos|85/100|[silent]\n|-ability|p1a: Terapagos|Teraform Zero\n|-weather|none\n|-fieldend|move: Psychic Terrain\n|move|p2a: Indeedee|Follow Me|p2a: Indeedee\n|-singleturn|p2a: Indeedee|move: Follow Me\n|move|p2b: Lunala|Expanding Force|p1b: Ogerpon\n|-damage|p1b: Ogerpon|46/100\n|move|p1a: Terapagos|Tera Starstorm|p2b: Lunala|[spread] p2a,p2b\n|-crit|p2a: Indeedee\n|-damage|p2a: Indeedee|0 fnt\n|-damage|p2b: Lunala|84/100\n|faint|p2a: Indeedee\n|\n|-heal|p1a: Terapagos|92/100|[from] item: Leftovers\n|upkeep\n|\n|t:|1774325477\n|switch|p2a: Flutter Mane|Flutter Mane, L50|100/100\n|turn|3\n|\n|t:|1774325493\n|move|p1b: Ogerpon|Spiky Shield|p1b: Ogerpon\n|-singleturn|p1b: Ogerpon|move: Protect\n|move|p2b: Lunala|Wide Guard|p2b: Lunala\n|-singleturn|p2b: Lunala|Wide Guard\n|move|p2a: Flutter Mane|Moonblast|p1b: Ogerpon\n|-activate|p1b: Ogerpon|move: Protect\n|move|p1a: Terapagos|Tera Starstorm|p2a: Flutter Mane|[spread] \n|-activate|p2a: Flutter Mane|move: Wide Guard\n|-activate|p2b: Lunala|move: Wide Guard\n|\n|-heal|p1a: Terapagos|98/100|[from] item: Leftovers\n|upkeep\n|turn|4\n|\n|t:|1774325518\n|move|p2a: Flutter Mane|Moonblast|p1b: Ogerpon\n|-damage|p1b: Ogerpon|0 fnt\n|faint|p1b: Ogerpon\n|move|p2b: Lunala|Meteor Beam||[still]\n|-prepare|p2b: Lunala|Meteor Beam\n|-boost|p2b: Lunala|spa|1\n|-enditem|p2b: Lunala|Power Herb\n|-anim|p2b: Lunala|Meteor Beam|p1a: Terapagos\n|-damage|p1a: Terapagos|68/100\n|move|p1a: Terapagos|Earth Power|p2a: Flutter Mane\n|-crit|p2a: Flutter Mane\n|-damage|p2a: Flutter Mane|17/100\n|\n|-heal|p1a: Terapagos|74/100|[from] item: Leftovers\n|upkeep\n|\n|t:|1774325532\n|switch|p1b: Calyrex|Calyrex-Shadow, L50|100/100\n|-ability|p1b: Calyrex|As One\n|-ability|p1b: Calyrex|Unnerve\n|turn|5\n|\n|t:|1774325543\n|-terastallize|p2a: Flutter Mane|Normal\n|move|p2b: Lunala|Wide Guard|p2b: Lunala\n|-singleturn|p2b: Lunala|Wide Guard\n|move|p1b: Calyrex|Astral Barrage|p2b: Lunala|[spread] \n|-activate|p2a: Flutter Mane|move: Wide Guard\n|-activate|p2b: Lunala|move: Wide Guard\n|move|p2a: Flutter Mane|Icy Wind|p1b: Calyrex|[spread] p1a,p1b\n|-damage|p1a: Terapagos|68/100\n|-damage|p1b: Calyrex|85/100\n|-unboost|p1a: Terapagos|spe|1\n|-unboost|p1b: Calyrex|spe|1\n|move|p1a: Terapagos|Earth Power|p2a: Flutter Mane\n|-damage|p2a: Flutter Mane|0 fnt\n|faint|p2a: Flutter Mane\n|-end|p2a: Flutter Mane|Protosynthesis|[silent]\n|\n|-heal|p1a: Terapagos|74/100|[from] item: Leftovers\n|upkeep\n|\n|t:|1774325546\n|switch|p2a: Koraidon|Koraidon, L50, shiny|100/100\n|-weather|SunnyDay|[from] ability: Orichalcum Pulse|[of] p2a: Koraidon\n|-activate|p2a: Koraidon|Orichalcum Pulse|[source]\n|turn|6\n|inactive|iifwm has 30 seconds left.\n|\n|t:|1774325571\n|move|p1a: Terapagos|Protect|p1a: Terapagos\n|-singleturn|p1a: Terapagos|Protect\n|move|p2a: Koraidon|Flare Blitz|p1b: Calyrex\n|-damage|p1b: Calyrex|0 fnt\n|faint|p1b: Calyrex\n|-damage|p2a: Koraidon|71/100|[from] Recoil\n|-damage|p2a: Koraidon|61/100|[from] item: Life Orb\n|move|p2b: Lunala|Expanding Force|p1a: Terapagos\n|-activate|p1a: Terapagos|move: Protect\n|\n|-weather|SunnyDay|[upkeep]\n|-heal|p1a: Terapagos|81/100|[from] item: Leftovers\n|upkeep\n|\n|t:|1774325579\n|switch|p1b: Flutter Mane|Flutter Mane, L50, shiny|36/100\n|-activate|p1b: Flutter Mane|ability: Protosynthesis\n|-start|p1b: Flutter Mane|protosynthesisspe\n|turn|7\n|\n|t:|1774325593\n|move|p1b: Flutter Mane|Moonblast|p2a: Koraidon\n|-supereffective|p2a: Koraidon\n|-damage|p2a: Koraidon|0 fnt\n|faint|p2a: Koraidon\n|move|p2b: Lunala|Moongeist Beam|p1b: Flutter Mane\n|-supereffective|p1b: Flutter Mane\n|-damage|p1b: Flutter Mane|0 fnt\n|faint|p1b: Flutter Mane\n|-end|p1b: Flutter Mane|Protosynthesis|[silent]\n|move|p1a: Terapagos|Earth Power|p2b: Lunala\n|-damage|p2b: Lunala|49/100\n|\n|-weather|SunnyDay|[upkeep]\n|-heal|p1a: Terapagos|87/100|[from] item: Leftovers\n|upkeep\n|turn|8\n|-message|terafireflareblitz forfeited.\n|\n|win|iifwm\n|raw|iifwm's rating: 1512 &rarr; <strong>1541</strong><br />(+29 for winning)\n|raw|terafireflareblitz's rating: 1686 &rarr; <strong>1657</strong><br />(-29 for losing)\n|l|\u2606terafireflareblitz\n|player|p2|\n|l|\u2606iifwm\n|player|p1|\n|l| roger_leo1000\n","uploadtime":1774325598,"views":26,"formatid":"gen9vgc2026regi","rating":1541,"private":0,"password":null}