{"id":"gen9vgc2026regi-2552952452","format":"[Gen 9] VGC 2026 Reg I","players":["Rillabossman","lior97h"],"log":"|j|\u203dRillabossman\n|j|\u2606lior97h\n|t:|1772774447\n|gametype|doubles\n|player|p1|Rillabossman|2|1336\n|player|p2|lior97h|lucas|1380\n|gen|9\n|tier|[Gen 9] VGC 2026 Reg I\n|rated|\n|rule|Species Clause: Limit one of each Pok\u00e9mon\n|rule|Item Clause: Limit 1 of each item\n|clearpoke\n|poke|p1|Miraidon, L50|\n|poke|p1|Calyrex-Ice, L50|\n|poke|p1|Incineroar, L50, M|\n|poke|p1|Urshifu-*, L50, F|\n|poke|p1|Landorus, L50, M|\n|poke|p1|Ogerpon, L50, F|\n|poke|p2|Zamazenta-*, L50|\n|poke|p2|Gengar, L50, M|\n|poke|p2|Whimsicott, L50, F|\n|poke|p2|Calyrex-Shadow, L50|\n|poke|p2|Sableye, L50, M|\n|poke|p2|Smeargle, L50, M|\n|teampreview|4\n|inactive|Battle timer is ON: inactive players will automatically lose when time's up. (requested by lior97h)\n|\n|t:|1772774477\n|teamsize|p1|4\n|teamsize|p2|4\n|start\n|switch|p1a: Calyrex|Calyrex-Ice, L50|100/100\n|switch|p1b: Incineroar|Incineroar, L50, M|100/100\n|switch|p2a: Sableye|Sableye, L50, M|100/100\n|switch|p2b: Zamazenta|Zamazenta-Crowned, L50|100/100\n|-ability|p1a: Calyrex|As One\n|-ability|p1a: Calyrex|Unnerve\n|-ability|p2b: Zamazenta|Dauntless Shield|boost\n|-boost|p2b: Zamazenta|def|1\n|-ability|p1b: Incineroar|Intimidate|boost\n|-unboost|p2a: Sableye|atk|1\n|-unboost|p2b: Zamazenta|atk|1\n|turn|1\n|inactive|Rillabossman has 30 seconds left.\n|inactive|Rillabossman has 20 seconds left.\n|inactive|Rillabossman has 15 seconds left.\n|\n|t:|1772774521\n|move|p1b: Incineroar|Fake Out|p2b: Zamazenta\n|-resisted|p2b: Zamazenta\n|-damage|p2b: Zamazenta|98/100\n|move|p2a: Sableye|Fake Out|p1b: Incineroar\n|-damage|p1b: Incineroar|95/100\n|cant|p2b: Zamazenta|flinch\n|move|p1a: Calyrex|Glacial Lance|p2b: Zamazenta|[spread] p2a,p2b\n|-resisted|p2b: Zamazenta\n|-damage|p2a: Sableye|51/100\n|-damage|p2b: Zamazenta|89/100\n|-enditem|p2a: Sableye|Eject Button\n|\n|t:|1772774541\n|switch|p2a: Whimsicott|Whimsicott, L50, F|100/100\n|\n|upkeep\n|turn|2\n|\n|t:|1772774558\n|-terastallize|p2b: Zamazenta|Fighting\n|-terastallize|p1b: Incineroar|Fairy\n|move|p2a: Whimsicott|Taunt|p1a: Calyrex\n|-start|p1a: Calyrex|move: Taunt\n|move|p2b: Zamazenta|Body Press|p1a: Calyrex\n|-damage|p1a: Calyrex|48/100\n|move|p1b: Incineroar|Flare Blitz|p2b: Zamazenta\n|-damage|p2b: Zamazenta|64/100\n|-damage|p1b: Incineroar|88/100|[from] Recoil\n|cant|p1a: Calyrex|move: Taunt|Trick Room\n|\n|-heal|p1a: Calyrex|54/100|[from] item: Leftovers\n|upkeep\n|turn|3\n|inactive|Rillabossman has 30 seconds left.\n|inactive|Rillabossman has 20 seconds left.\n|inactive|lior97h has 30 seconds left.\n|\n|t:|1772774596\n|move|p2a: Whimsicott|Moonblast|p1a: Calyrex\n|-damage|p1a: Calyrex|40/100\n|-unboost|p1a: Calyrex|spa|1\n|move|p2b: Zamazenta|Body Press|p1a: Calyrex\n|-damage|p1a: Calyrex|0 fnt\n|faint|p1a: Calyrex\n|move|p1b: Incineroar|Flare Blitz|p2a: Whimsicott\n|-supereffective|p2a: Whimsicott\n|-damage|p2a: Whimsicott|0 fnt\n|faint|p2a: Whimsicott\n|-damage|p1b: Incineroar|65/100|[from] Recoil\n|\n|upkeep\n|\n|t:|1772774620\n|switch|p2a: Sableye|Sableye, L50, M|51/100\n|switch|p1a: Miraidon|Miraidon, L50|100/100\n|-fieldstart|move: Electric Terrain|[from] ability: Hadron Engine|[of] p1a: Miraidon\n|turn|4\n|\n|t:|1772774637\n|move|p2a: Sableye|Fake Out|p1a: Miraidon\n|-damage|p1a: Miraidon|95/100\n|cant|p1a: Miraidon|flinch\n|move|p2b: Zamazenta|Body Press|p1a: Miraidon\n|-damage|p1a: Miraidon|26/100\n|move|p1b: Incineroar|U-turn|p2a: Sableye\n|-crit|p2a: Sableye\n|-damage|p2a: Sableye|9/100\n|\n|t:|1772774654\n|switch|p1b: Urshifu|Urshifu-Rapid-Strike, L50, F|100/100|[from] U-turn\n|\n|upkeep\n|turn|5\n|\n|t:|1772774676\n|move|p2b: Zamazenta|Protect|p2b: Zamazenta\n|-singleturn|p2b: Zamazenta|Protect\n|move|p2a: Sableye|Disable||[still]\n|-fail|p2a: Sableye\n|move|p1a: Miraidon|Electro Drift|p2b: Zamazenta\n|-activate|p2b: Zamazenta|move: Protect\n|move|p1b: Urshifu|Surging Strikes|p2a: Sableye\n|-crit|p2a: Sableye\n|-damage|p2a: Sableye|0 fnt\n|faint|p2a: Sableye\n|-hitcount|p2: Sableye|1\n|\n|upkeep\n|\n|t:|1772774690\n|switch|p2a: Calyrex|Calyrex-Shadow, L50|100/100\n|-ability|p2a: Calyrex|As One\n|-ability|p2a: Calyrex|Unnerve\n|turn|6\n|\n|t:|1772774712\n|switch|p1a: Incineroar|Incineroar, L50, M, tera:Fairy|65/100\n|-ability|p1a: Incineroar|Intimidate|boost\n|-unboost|p2a: Calyrex|atk|1\n|-unboost|p2b: Zamazenta|atk|1\n|move|p1b: Urshifu|Detect|p1b: Urshifu\n|-singleturn|p1b: Urshifu|Protect\n|move|p2a: Calyrex|Astral Barrage|p1b: Urshifu|[spread] p1a\n|-activate|p1b: Urshifu|move: Protect\n|-damage|p1a: Incineroar|32/100\n|move|p2b: Zamazenta|Body Press|p1b: Urshifu\n|-activate|p1b: Urshifu|move: Protect\n|\n|upkeep\n|turn|7\n|inactive|Rillabossman has 30 seconds left.\n|\n|t:|1772774739\n|move|p1a: Incineroar|Fake Out|p2b: Zamazenta\n|-damage|p2b: Zamazenta|57/100\n|move|p2a: Calyrex|Astral Barrage|p1b: Urshifu|[spread] p1a,p1b\n|-damage|p1a: Incineroar|2/100\n|-damage|p1b: Urshifu|17/100\n|cant|p2b: Zamazenta|flinch\n|move|p1b: Urshifu|Surging Strikes|p2a: Calyrex\n|-crit|p2a: Calyrex\n|-damage|p2a: Calyrex|73/100\n|-crit|p2a: Calyrex\n|-damage|p2a: Calyrex|48/100\n|-crit|p2a: Calyrex\n|-damage|p2a: Calyrex|24/100\n|-hitcount|p2a: Calyrex|3\n|\n|upkeep\n|turn|8\n|inactive|Rillabossman has 30 seconds left.\n|-message|Rillabossman forfeited.\n|\n|win|lior97h\n|raw|Rillabossman's rating: 1336 &rarr; <strong>1319</strong><br />(-17 for losing)\n|raw|lior97h's rating: 1380 &rarr; <strong>1397</strong><br />(+17 for winning)\n|l|\u203dRillabossman\n|player|p1|\n","uploadtime":1772774992,"views":15,"formatid":"gen9vgc2026regi","rating":1319,"private":0,"password":null}