{"id":"gen9vgc2026regi-2573886931","format":"[Gen 9] VGC 2026 Reg I","players":["boneitis","Bman311"],"log":"|j|\u2606boneitis\n|j|\u2606Bman311\n|t:|1775174797\n|gametype|doubles\n|player|p1|boneitis|fisherman-gen1|1500\n|player|p2|Bman311|1|1569\n|gen|9\n|tier|[Gen 9] VGC 2026 Reg I\n|rated|\n|rule|Species Clause: Limit one of each Pok\u00e9mon\n|rule|Item Clause: Limit 1 of each item\n|clearpoke\n|poke|p1|Poliwag, L50, M|\n|poke|p1|Kyogre, L50|\n|poke|p1|Tsareena, L50, F|\n|poke|p1|Zacian-*, L50|\n|poke|p1|Incineroar, L50, F|\n|poke|p1|Raichu, L50, M|\n|poke|p2|Koraidon, L50|\n|poke|p2|Calyrex-Ice, L50|\n|poke|p2|Incineroar, L50, F|\n|poke|p2|Brute Bonnet, L50|\n|poke|p2|Flutter Mane, L50|\n|poke|p2|Gouging Fire, L50|\n|teampreview|4\n|inactive|Battle timer is ON: inactive players will automatically lose when time's up. (requested by Bman311)\nBman311 has agreed to open team sheets.\n|inactive|boneitis has 60 seconds left.\n|\n|t:|1775174828\n|teamsize|p1|4\n|teamsize|p2|4\n|start\n|switch|p1a: Tsareena|Tsareena, L50, F|100/100\n|switch|p1b: Zacian|Zacian-Crowned, L50|100/100\n|switch|p2a: Calyrex|Calyrex-Ice, L50|100/100\n|switch|p2b: Brute Bonnet|Brute Bonnet, L50|100/100\n|-ability|p2a: Calyrex|As One\n|-ability|p2a: Calyrex|Unnerve\n|-ability|p1b: Zacian|Intrepid Sword|boost\n|-boost|p1b: Zacian|atk|1\n|turn|1\n|inactive|boneitis has 30 seconds left.\n|j| PancakeHead1\n|\n|t:|1775174857\n|-terastallize|p1a: Tsareena|Fire\n|-terastallize|p2a: Calyrex|Water\n|move|p1b: Zacian|Protect|p1b: Zacian\n|-singleturn|p1b: Zacian|Protect\n|move|p1a: Tsareena|Taunt|p2b: Brute Bonnet\n|-start|p2b: Brute Bonnet|move: Taunt\n|cant|p2b: Brute Bonnet|move: Taunt|Spore\n|move|p2a: Calyrex|Glacial Lance|p1a: Tsareena|[spread] p1a\n|-activate|p1b: Zacian|move: Protect\n|-resisted|p1a: Tsareena\n|-damage|p1a: Tsareena|70/100\n|\n|upkeep\n|turn|2\n|\n|t:|1775174867\n|-end|p2b: Brute Bonnet|Protosynthesis|[silent]\n|switch|p2b: Incineroar|Incineroar, L50, F|100/100\n|-ability|p2b: Incineroar|Intimidate|boost\n|-unboost|p1a: Tsareena|atk|1\n|-unboost|p1b: Zacian|atk|1\n|move|p1b: Zacian|Play Rough|p2a: Calyrex|[miss]\n|-miss|p1b: Zacian|p2a: Calyrex\n|move|p1a: Tsareena|Bullet Seed|p2a: Calyrex\n|-supereffective|p2a: Calyrex\n|-damage|p2a: Calyrex|89/100\n|-supereffective|p2a: Calyrex\n|-damage|p2a: Calyrex|77/100\n|-supereffective|p2a: Calyrex\n|-damage|p2a: Calyrex|65/100\n|-supereffective|p2a: Calyrex\n|-damage|p2a: Calyrex|55/100\n|-hitcount|p2a: Calyrex|4\n|move|p2a: Calyrex|Glacial Lance|p1b: Zacian|[spread] p1a,p1b\n|-resisted|p1a: Tsareena\n|-resisted|p1b: Zacian\n|-damage|p1a: Tsareena|42/100\n|-damage|p1b: Zacian|75/100\n|\n|upkeep\n|turn|3\n|inactive|boneitis has 30 seconds left.\n|\n|t:|1775174894\n|move|p1b: Zacian|Protect|p1b: Zacian\n|-singleturn|p1b: Zacian|Protect\n|move|p1a: Tsareena|Bullet Seed|p2a: Calyrex\n|-supereffective|p2a: Calyrex\n|-damage|p2a: Calyrex|43/100\n|-supereffective|p2a: Calyrex\n|-damage|p2a: Calyrex|32/100\n|-supereffective|p2a: Calyrex\n|-damage|p2a: Calyrex|20/100\n|-supereffective|p2a: Calyrex\n|-damage|p2a: Calyrex|9/100\n|-supereffective|p2a: Calyrex\n|-damage|p2a: Calyrex|0 fnt\n|faint|p2a: Calyrex\n|-hitcount|p2: Calyrex|5\n|move|p2b: Incineroar|Flare Blitz|p1b: Zacian\n|-activate|p1b: Zacian|move: Protect\n|\n|upkeep\n|\n|t:|1775174898\n|switch|p2a: Koraidon|Koraidon, L50|100/100\n|-weather|SunnyDay|[from] ability: Orichalcum Pulse|[of] p2a: Koraidon\n|-activate|p2a: Koraidon|Orichalcum Pulse|[source]\n|turn|4\n|\n|t:|1775174906\n|switch|p2a: Brute Bonnet|Brute Bonnet, L50|100/100\n|-activate|p2a: Brute Bonnet|ability: Protosynthesis\n|-start|p2a: Brute Bonnet|protosynthesisdef\n|switch|p1a: Kyogre|Kyogre, L50|100/100\n|-weather|RainDance|[from] ability: Drizzle|[of] p1a: Kyogre\n|-end|p2a: Brute Bonnet|Protosynthesis\n|move|p1b: Zacian|Play Rough|p2a: Brute Bonnet\n|-supereffective|p2a: Brute Bonnet\n|-damage|p2a: Brute Bonnet|39/100\n|move|p2b: Incineroar|U-turn|p1a: Kyogre\n|-damage|p1a: Kyogre|79/100\n|\n|t:|1775174912\n|switch|p2b: Koraidon|Koraidon, L50|100/100|[from] U-turn\n|-weather|SunnyDay|[from] ability: Orichalcum Pulse|[of] p2b: Koraidon\n|-activate|p2a: Brute Bonnet|ability: Protosynthesis\n|-start|p2a: Brute Bonnet|protosynthesisdef\n|-activate|p2b: Koraidon|Orichalcum Pulse|[source]\n|\n|-weather|SunnyDay|[upkeep]\n|upkeep\n|turn|5\n|\n|t:|1775174922\n|move|p1a: Kyogre|Ice Beam|p2a: Brute Bonnet\n|-supereffective|p2a: Brute Bonnet\n|-damage|p2a: Brute Bonnet|0 fnt\n|faint|p2a: Brute Bonnet\n|-end|p2a: Brute Bonnet|Protosynthesis|[silent]\n|move|p1b: Zacian|Play Rough|p2b: Koraidon\n|-supereffective|p2b: Koraidon\n|-damage|p2b: Koraidon|0 fnt\n|faint|p2b: Koraidon\n|\n|-weather|SunnyDay|[upkeep]\n|upkeep\n|-message|Bman311 forfeited.\n|\n|win|boneitis\n|raw|boneitis's rating: 1500 &rarr; <strong>1524</strong><br />(+24 for winning)\n|raw|Bman311's rating: 1569 &rarr; <strong>1545</strong><br />(-24 for losing)\n|l|\u2606Bman311\n|player|p2|\n|l|\u2606boneitis\n|player|p1|\n|l| PancakeHead1\n","uploadtime":1775175101,"views":14,"formatid":"gen9vgc2026regi","rating":1524,"private":0,"password":null}