{"id":"gen9vgc2026regi-2513943767","format":"[Gen 9] VGC 2026 Reg I","players":["MSANTOSE","kojimuranishi"],"log":"|j|\u2606MSANTOSE\n|j|\u2606kojimuranishi\n|t:|1767802583\n|gametype|doubles\n|player|p1|MSANTOSE|drayden|1183\n|player|p2|kojimuranishi|170|1322\n|gen|9\n|tier|[Gen 9] VGC 2026 Reg I\n|rated|\n|rule|Species Clause: Limit one of each Pok\u00e9mon\n|rule|Item Clause: Limit 1 of each item\n|clearpoke\n|poke|p1|Necrozma-Dusk-Mane, L50|\n|poke|p1|Incineroar, L50, F|\n|poke|p1|Rillaboom, L50, M|\n|poke|p1|Calyrex-Shadow, L50|\n|poke|p1|Pelipper, L50, M|\n|poke|p1|Landorus, L50, M|\n|poke|p2|Zamazenta-*, L50|\n|poke|p2|Lunala, L50|\n|poke|p2|Chien-Pao, L50|\n|poke|p2|Dragonite, L50, F|\n|poke|p2|Chi-Yu, L50|\n|poke|p2|Urshifu-*, L50, F|\n|teampreview|4\n|inactive|Battle timer is ON: inactive players will automatically lose when time's up. (requested by kojimuranishi)\n|\n|t:|1767802612\n|teamsize|p1|4\n|teamsize|p2|4\n|start\n|switch|p1a: Necrozma|Necrozma-Dusk-Mane, L50, shiny|100/100\n|switch|p1b: Incineroar|Incineroar, L50, F, shiny|100/100\n|switch|p2a: Zamazenta|Zamazenta-Crowned, L50|100/100\n|switch|p2b: Lunala|Lunala, L50|100/100\n|-ability|p2a: Zamazenta|Dauntless Shield|boost\n|-boost|p2a: Zamazenta|def|1\n|-ability|p1b: Incineroar|Intimidate|boost\n|-unboost|p2a: Zamazenta|atk|1\n|-unboost|p2b: Lunala|atk|1\n|turn|1\n|\n|t:|1767802629\n|move|p2a: Zamazenta|Iron Defense|p2a: Zamazenta\n|-boost|p2a: Zamazenta|def|2\n|move|p2b: Lunala|Meteor Beam||[still]\n|-prepare|p2b: Lunala|Meteor Beam\n|-boost|p2b: Lunala|spa|1\n|-enditem|p2b: Lunala|Power Herb\n|-anim|p2b: Lunala|Meteor Beam|p1b: Incineroar\n|-supereffective|p1b: Incineroar\n|-damage|p1b: Incineroar|0 fnt\n|faint|p1b: Incineroar\n|move|p1a: Necrozma|Sunsteel Strike|p2b: Lunala\n|-damage|p2b: Lunala|81/100\n|\n|upkeep\n|\n|t:|1767802643\n|switch|p1b: Landorus|Landorus, L50, M|100/100\n|turn|2\n|\n|t:|1767802654\n|-terastallize|p2a: Zamazenta|Dragon\n|move|p1b: Landorus|Sandsear Storm|p2a: Zamazenta|[spread] p2a,p2b\n|-damage|p2a: Zamazenta|68/100\n|-damage|p2b: Lunala|51/100\n|move|p2a: Zamazenta|Body Press|p1a: Necrozma\n|-damage|p1a: Necrozma|31/100\n|move|p2b: Lunala|Moongeist Beam|p1b: Landorus\n|-damage|p1b: Landorus|1/100\n|move|p1a: Necrozma|Earthquake|p2b: Lunala|[spread] p2a,p2b\n|-immune|p1b: Landorus\n|-damage|p2a: Zamazenta|63/100\n|-damage|p2b: Lunala|29/100\n|\n|upkeep\n|turn|3\n|\n|t:|1767802675\n|move|p1b: Landorus|Sandsear Storm|p2a: Zamazenta|[spread] p2b\n|-miss|p1b: Landorus|p2a: Zamazenta\n|-damage|p2b: Lunala|0 fnt\n|faint|p2b: Lunala\n|move|p2a: Zamazenta|Body Press|p1a: Necrozma\n|-damage|p1a: Necrozma|0 fnt\n|faint|p1a: Necrozma\n|\n|upkeep\n|\n|t:|1767802686\n|switch|p2b: Urshifu|Urshifu-Rapid-Strike, L50, F|100/100\n|switch|p1a: Calyrex|Calyrex-Shadow, L50|100/100\n|-ability|p1a: Calyrex|As One\n|-ability|p1a: Calyrex|Unnerve\n|turn|4\n|\n|t:|1767802702\n|-terastallize|p1a: Calyrex|Fairy\n|move|p2a: Zamazenta|Wide Guard|p2a: Zamazenta\n|-singleturn|p2a: Zamazenta|Wide Guard\n|move|p2b: Urshifu|Aqua Jet|p1b: Landorus\n|-supereffective|p1b: Landorus\n|-damage|p1b: Landorus|0 fnt\n|faint|p1b: Landorus\n|move|p1a: Calyrex|Draining Kiss|p2a: Zamazenta\n|-supereffective|p2a: Zamazenta\n|-damage|p2a: Zamazenta|0 fnt\n|faint|p2a: Zamazenta\n|-ability|p1a: Calyrex|Grim Neigh|boost\n|-boost|p1a: Calyrex|spa|1\n|-damage|p1a: Calyrex|91/100|[from] item: Life Orb\n|\n|upkeep\n|j| shihevixe3\n|l| shihevixe3\n|\n|t:|1767802717\n|switch|p2a: Chien-Pao|Chien-Pao, L50|100/100\n|-ability|p2a: Chien-Pao|Sword of Ruin\n|turn|5\n|\n|t:|1767802723\n|move|p2a: Chien-Pao|Protect|p2a: Chien-Pao\n|-singleturn|p2a: Chien-Pao|Protect\n|move|p1a: Calyrex|Draining Kiss|p2a: Chien-Pao\n|-activate|p2a: Chien-Pao|move: Protect\n|move|p2b: Urshifu|Surging Strikes|p1a: Calyrex\n|-crit|p1a: Calyrex\n|-damage|p1a: Calyrex|52/100\n|-crit|p1a: Calyrex\n|-damage|p1a: Calyrex|15/100\n|-crit|p1a: Calyrex\n|-damage|p1a: Calyrex|0 fnt\n|faint|p1a: Calyrex\n|-hitcount|p1: Calyrex|3\n|\n|win|kojimuranishi\n|raw|MSANTOSE's rating: 1183 &rarr; <strong>1168</strong><br />(-15 for losing)\n|raw|kojimuranishi's rating: 1322 &rarr; <strong>1334</strong><br />(+12 for winning)\n|l|\u2606MSANTOSE\n|player|p1|\n|l|\u2606kojimuranishi\n|player|p2|\n","uploadtime":1767802969,"views":17,"formatid":"gen9vgc2026regi","rating":1168,"private":0,"password":null}