{"id":"gen9vgc2026regi-2518532125","format":"[Gen 9] VGC 2026 Reg I","players":["Geodude3138","dasabe\u76d6\u6b27\u5361\u4fa0"],"log":"|j|\u2606Geodude3138\n|j|\u2606dasabe\u76d6\u6b27\u5361\u4fa0\n|t:|1768401882\n|gametype|doubles\n|player|p1|Geodude3138|lady-gen4|1350\n|player|p2|dasabe\u76d6\u6b27\u5361\u4fa0|may-masters4|1453\n|gen|9\n|tier|[Gen 9] VGC 2026 Reg I\n|rated|\n|rule|Species Clause: Limit one of each Pok\u00e9mon\n|rule|Item Clause: Limit 1 of each item\n|clearpoke\n|poke|p1|Lunala, L50|\n|poke|p1|Koraidon, L50|\n|poke|p1|Chi-Yu, L50|\n|poke|p1|Flutter Mane, L50|\n|poke|p1|Brute Bonnet, L50|\n|poke|p1|Ursaluna, L50, F|\n|poke|p2|Groudon, L50|\n|poke|p2|Chi-Yu, L50|\n|poke|p2|Flutter Mane, L50|\n|poke|p2|Jumpluff, L50, F|\n|poke|p2|Lunala, L50|\n|poke|p2|Indeedee-F, L50, F|\n|teampreview|4\n|j| blackred123\u6c38\u96cf\u5854\u83f2\u4fa0\n|j| TTTAAATTT00\n|\n|t:|1768401938\n|teamsize|p1|4\n|teamsize|p2|4\n|start\n|switch|p1a: Flutter Mane|Flutter Mane, L50|100/100\n|switch|p1b: \u4e0d\u7a7a\u6d41\u884c\u5149\u675f|Lunala, L50, shiny|100/100\n|switch|p2a: P\u56fa\u771f\u5927|Groudon, L50|100/100\n|switch|p2b: \u5f3a\u6bfd\u5c0f\u5b50|Jumpluff, L50, F, shiny|100/100\n|-weather|SunnyDay|[from] ability: Drought|[of] p2a: P\u56fa\u771f\u5927\n|-activate|p1a: Flutter Mane|ability: Protosynthesis\n|-start|p1a: Flutter Mane|protosynthesisspe\n|turn|1\n|\n|t:|1768401975\n|move|p2b: \u5f3a\u6bfd\u5c0f\u5b50|Sleep Powder|p1b: \u4e0d\u7a7a\u6d41\u884c\u5149\u675f\n|-status|p1b: \u4e0d\u7a7a\u6d41\u884c\u5149\u675f|slp|[from] move: Sleep Powder\n|move|p1a: Flutter Mane|Moonblast|p2b: \u5f3a\u6bfd\u5c0f\u5b50\n|-damage|p2b: \u5f3a\u6bfd\u5c0f\u5b50|44/100\n|move|p2a: P\u56fa\u771f\u5927|Precipice Blades|p1a: Flutter Mane|[spread] p1a,p1b\n|-enditem|p1a: Flutter Mane|Focus Sash\n|-damage|p1a: Flutter Mane|1/100\n|-damage|p1b: \u4e0d\u7a7a\u6d41\u884c\u5149\u675f|66/100 slp\n|cant|p1b: \u4e0d\u7a7a\u6d41\u884c\u5149\u675f|slp\n|\n|-weather|SunnyDay|[upkeep]\n|upkeep\n|turn|2\n|\n|t:|1768402005\n|-end|p1a: Flutter Mane|Protosynthesis|[silent]\n|switch|p1a: Brute Bonnet|Brute Bonnet, L50, shiny|100/100\n|-activate|p1a: Brute Bonnet|ability: Protosynthesis\n|-start|p1a: Brute Bonnet|protosynthesisdef\n|move|p2b: \u5f3a\u6bfd\u5c0f\u5b50|Sleep Powder|p1a: Brute Bonnet\n|-immune|p1a: Brute Bonnet\n|move|p2a: P\u56fa\u771f\u5927|Precipice Blades|p1a: Brute Bonnet|[spread] p1a,p1b\n|-resisted|p1a: Brute Bonnet\n|-damage|p1a: Brute Bonnet|80/100\n|-damage|p1b: \u4e0d\u7a7a\u6d41\u884c\u5149\u675f|0 fnt\n|faint|p1b: \u4e0d\u7a7a\u6d41\u884c\u5149\u675f\n|\n|-weather|SunnyDay|[upkeep]\n|upkeep\n|\n|t:|1768402023\n|switch|p1b: Ursaluna|Ursaluna, L50, F, shiny|100/100\n|turn|3\n|\n|t:|1768402029\n|move|p1b: Ursaluna|Protect|p1b: Ursaluna\n|-singleturn|p1b: Ursaluna|Protect\n|move|p2b: \u5f3a\u6bfd\u5c0f\u5b50|Pollen Puff|p1a: Brute Bonnet\n|-supereffective|p1a: Brute Bonnet\n|-damage|p1a: Brute Bonnet|38/100\n|-enditem|p1a: Brute Bonnet|Sitrus Berry|[eat]\n|-heal|p1a: Brute Bonnet|63/100|[from] item: Sitrus Berry\n|move|p2a: P\u56fa\u771f\u5927|Precipice Blades|p1b: Ursaluna|[spread] p1a\n|-activate|p1b: Ursaluna|move: Protect\n|-resisted|p1a: Brute Bonnet\n|-damage|p1a: Brute Bonnet|42/100\n|move|p1a: Brute Bonnet|Spore|p2a: P\u56fa\u771f\u5927\n|-status|p2a: P\u56fa\u771f\u5927|slp|[from] move: Spore\n|\n|-weather|SunnyDay|[upkeep]\n|-status|p1b: Ursaluna|brn|[from] item: Flame Orb\n|upkeep\n|turn|4\n|\n|t:|1768402081\n|-terastallize|p1a: Brute Bonnet|Water\n|move|p1a: Brute Bonnet|Sucker Punch||[still]\n|-fail|p1a: Brute Bonnet\n|move|p2b: \u5f3a\u6bfd\u5c0f\u5b50|Tailwind|p2b: \u5f3a\u6bfd\u5c0f\u5b50\n|-sidestart|p2: dasabe\u76d6\u6b27\u5361\u4fa0|move: Tailwind\n|cant|p2a: P\u56fa\u771f\u5927|slp\n|move|p1b: Ursaluna|Facade|p2a: P\u56fa\u771f\u5927\n|-damage|p2a: P\u56fa\u771f\u5927|9/100 slp\n|\n|-weather|SunnyDay|[upkeep]\n|-damage|p1b: Ursaluna|95/100 brn|[from] brn\n|upkeep\n|turn|5\n|\n|t:|1768402099\n|move|p1a: Brute Bonnet|Sucker Punch|p2a: P\u56fa\u771f\u5927\n|-damage|p2a: P\u56fa\u771f\u5927|0 fnt\n|faint|p2a: P\u56fa\u771f\u5927\n|move|p2b: \u5f3a\u6bfd\u5c0f\u5b50|Sleep Powder|p1a: Brute Bonnet\n|-status|p1a: Brute Bonnet|slp|[from] move: Sleep Powder\n|move|p1b: Ursaluna|Facade|p2b: \u5f3a\u6bfd\u5c0f\u5b50\n|-damage|p2b: \u5f3a\u6bfd\u5c0f\u5b50|0 fnt\n|faint|p2b: \u5f3a\u6bfd\u5c0f\u5b50\n|\n|-weather|none\n|-end|p1a: Brute Bonnet|Protosynthesis\n|-damage|p1b: Ursaluna|89/100 brn|[from] brn\n|upkeep\n|\n|t:|1768402108\n|switch|p2b: \u6211\u6709\u7389\u9c7c\u75c7|Chi-Yu, L50|100/100\n|switch|p2a: \u9646\u7ffc\u53d1|Flutter Mane, L50|100/100\n|-ability|p2b: \u6211\u6709\u7389\u9c7c\u75c7|Beads of Ruin\n|turn|6\n|\n|t:|1768402129\n|-terastallize|p2a: \u9646\u7ffc\u53d1|Fairy\n|move|p1b: Ursaluna|Protect|p1b: Ursaluna\n|-singleturn|p1b: Ursaluna|Protect\n|move|p2b: \u6211\u6709\u7389\u9c7c\u75c7|Heat Wave|p1b: Ursaluna|[spread] p1a\n|-activate|p1b: Ursaluna|move: Protect\n|-resisted|p1a: Brute Bonnet\n|-damage|p1a: Brute Bonnet|22/100 slp\n|move|p2a: \u9646\u7ffc\u53d1|Dazzling Gleam|p1b: Ursaluna|[spread] p1a\n|-activate|p1b: Ursaluna|move: Protect\n|-damage|p1a: Brute Bonnet|0 fnt\n|faint|p1a: Brute Bonnet\n|-end|p1a: Brute Bonnet|Protosynthesis|[silent]\n|\n|-damage|p1b: Ursaluna|83/100 brn|[from] brn\n|upkeep\n|\n|t:|1768402145\n|switch|p1a: Flutter Mane|Flutter Mane, L50|1/100\n|turn|7\n|\n|t:|1768402163\n|move|p1a: Flutter Mane|Protect|p1a: Flutter Mane\n|-singleturn|p1a: Flutter Mane|Protect\n|move|p2b: \u6211\u6709\u7389\u9c7c\u75c7|Heat Wave|p1a: Flutter Mane|[spread] p1b\n|-activate|p1a: Flutter Mane|move: Protect\n|-damage|p1b: Ursaluna|31/100 brn\n|move|p2a: \u9646\u7ffc\u53d1|Dazzling Gleam|p1b: Ursaluna|[spread] p1b\n|-activate|p1a: Flutter Mane|move: Protect\n|-damage|p1b: Ursaluna|0 fnt\n|faint|p1b: Ursaluna\n|\n|-sideend|p2: dasabe\u76d6\u6b27\u5361\u4fa0|move: Tailwind\n|upkeep\n|turn|8\n|l| TTTAAATTT00\n|-message|Geodude3138 forfeited.\n|\n|win|dasabe\u76d6\u6b27\u5361\u4fa0\n|raw|Geodude3138's rating: 1350 &rarr; <strong>1336</strong><br />(-14 for losing)\n|raw|dasabe\u76d6\u6b27\u5361\u4fa0's rating: 1453 &rarr; <strong>1467</strong><br />(+14 for winning)\n|l|\u2606Geodude3138\n|player|p1|\n|l|\u2606dasabe\u76d6\u6b27\u5361\u4fa0\n|player|p2|\n|j|\u2606dasabe\u76d6\u6b27\u5361\u4fa0\n|player|p2|dasabe\u76d6\u6b27\u5361\u4fa0|may-masters4|\n|l|\u2606dasabe\u76d6\u6b27\u5361\u4fa0\n|player|p2|\n","uploadtime":1768402316,"views":12,"formatid":"gen9vgc2026regi","rating":1336,"private":0,"password":null}