{"id":"gen9vgc2026regi-2579115303","format":"[Gen 9] VGC 2026 Reg I","players":["Woe Be Upon Ye","Sheevp"],"log":"|j|\u203dWoe Be Upon Ye\n|j|\u2606Sheevp\n|t:|1775753323\n|gametype|doubles\n|player|p1|Woe Be Upon Ye|102|1328\n|player|p2|Sheevp|1|1394\n|gen|9\n|tier|[Gen 9] VGC 2026 Reg I\n|rated|\n|rule|Species Clause: Limit one of each Pok\u00e9mon\n|rule|Item Clause: Limit 1 of each item\n|clearpoke\n|poke|p1|Weezing-Galar, L50, M|\n|poke|p1|Calyrex-Shadow, L50|\n|poke|p1|Incineroar, L50, F|\n|poke|p1|Iron Valiant, L50|\n|poke|p1|Zamazenta-*, L50|\n|poke|p1|Rillaboom, L50, M|\n|poke|p2|Calyrex-Ice, L50|\n|poke|p2|Kyogre, L50|\n|poke|p2|Iron Jugulis, L50|\n|poke|p2|Smeargle, L50, M|\n|poke|p2|Rillaboom, L50, F|\n|poke|p2|Overqwil, L50, M|\n|teampreview|4\n|inactive|Battle timer is ON: inactive players will automatically lose when time's up. (requested by Woe Be Upon Ye)\n|inactive|Woe Be Upon Ye has 60 seconds left.\n|\n|t:|1775753359\n|teamsize|p1|4\n|teamsize|p2|4\n|start\n|switch|p1a: Weezing|Weezing-Galar, L50, M|100/100\n|switch|p1b: Calyrex|Calyrex-Shadow, L50|100/100\n|switch|p2a: Smeargle|Smeargle, L50, M|100/100\n|switch|p2b: Iron Jugulis|Iron Jugulis, L50|100/100\n|-ability|p1a: Weezing|Neutralizing Gas\n|-ability|p1b: Calyrex|As One\n|-ability|p1b: Calyrex|Unnerve\n|turn|1\n|inactive|Woe Be Upon Ye has 30 seconds left.\n|\n|t:|1775753385\n|move|p1b: Calyrex|Protect|p1b: Calyrex\n|-singleturn|p1b: Calyrex|Protect\n|move|p2b: Iron Jugulis|Tailwind|p2b: Iron Jugulis\n|-sidestart|p2: Sheevp|move: Tailwind\n|move|p2a: Smeargle|Spore|p1a: Weezing\n|-status|p1a: Weezing|slp|[from] move: Spore\n|cant|p1a: Weezing|slp\n|\n|upkeep\n|turn|2\n|\n|t:|1775753395\n|switch|p1b: Zamazenta|Zamazenta-Crowned, L50|100/100\n|move|p2b: Iron Jugulis|Snarl|p1b: Zamazenta|[spread] p1a,p1b\n|-resisted|p1a: Weezing\n|-resisted|p1b: Zamazenta\n|-damage|p1a: Weezing|92/100 slp\n|-damage|p1b: Zamazenta|94/100\n|-unboost|p1b: Zamazenta|spa|1\n|move|p2a: Smeargle|Spore|p1b: Zamazenta\n|-status|p1b: Zamazenta|slp|[from] move: Spore\n|cant|p1a: Weezing|slp\n|\n|upkeep\n|turn|3\n|\n|t:|1775753409\n|-end|p2b: Iron Jugulis|Quark Drive|[silent]\n|switch|p2b: Kyogre|Kyogre, L50|100/100\n|cant|p1b: Zamazenta|slp\n|move|p2a: Smeargle|Decorate|p2b: Kyogre\n|-boost|p2b: Kyogre|atk|2\n|-boost|p2b: Kyogre|spa|2\n|cant|p1a: Weezing|slp\n|\n|upkeep\n|turn|4\n|\n|t:|1775753428\n|-curestatus|p1a: Weezing|slp|[msg]\n|move|p1a: Weezing|Protect|p1a: Weezing\n|-singleturn|p1a: Weezing|Protect\n|cant|p1b: Zamazenta|slp\n|move|p2a: Smeargle|Follow Me|p2a: Smeargle\n|-singleturn|p2a: Smeargle|move: Follow Me\n|move|p2b: Kyogre|Water Spout|p1b: Zamazenta|[spread] p1b\n|-activate|p1a: Weezing|move: Protect\n|-damage|p1b: Zamazenta|0 fnt\n|faint|p1b: Zamazenta\n|\n|-sideend|p2: Sheevp|move: Tailwind\n|upkeep\n|\n|t:|1775753436\n|switch|p1b: Iron Valiant|Iron Valiant, L50|100/100\n|turn|5\n|\n|t:|1775753445\n|move|p2b: Kyogre|Protect|p2b: Kyogre\n|-singleturn|p2b: Kyogre|Protect\n|move|p1b: Iron Valiant|Wide Guard|p1b: Iron Valiant\n|-singleturn|p1b: Iron Valiant|Wide Guard\n|move|p1a: Weezing|Strange Steam|p2a: Smeargle\n|-damage|p2a: Smeargle|50/100\n|-start|p2a: Smeargle|confusion\n|-activate|p2a: Smeargle|confusion\n|-damage|p2a: Smeargle|45/100|[from] confusion\n|\n|upkeep\n|turn|6\n|\n|t:|1775753462\n|-terastallize|p1a: Weezing|Water\n|-activate|p2a: Smeargle|confusion\n|move|p2a: Smeargle|Follow Me|p2a: Smeargle\n|-singleturn|p2a: Smeargle|move: Follow Me\n|move|p1b: Iron Valiant|Spirit Break|p2a: Smeargle\n|-damage|p2a: Smeargle|0 fnt\n|faint|p2a: Smeargle\n|move|p2b: Kyogre|Hydro Pump|p1a: Weezing\n|-resisted|p1a: Weezing\n|-damage|p1a: Weezing|0 fnt\n|faint|p1a: Weezing\n|-end|p1a: Weezing|ability: Neutralizing Gas\n|-weather|RainDance|[from] ability: Drizzle|[of] p2b: Kyogre\n|-enditem|p1b: Iron Valiant|Booster Energy\n|-activate|p1b: Iron Valiant|ability: Quark Drive|[fromitem]\n|-start|p1b: Iron Valiant|quarkdrivespe\n|\n|-weather|RainDance|[upkeep]\n|upkeep\n|\n|t:|1775753479\n|switch|p1a: Calyrex|Calyrex-Shadow, L50|100/100\n|switch|p2a: Calyrex|Calyrex-Ice, L50|100/100\n|-ability|p1a: Calyrex|As One\n|-ability|p1a: Calyrex|Unnerve\n|-ability|p2a: Calyrex|As One\n|-ability|p2a: Calyrex|Unnerve\n|turn|7\n|\n|t:|1775753493\n|-terastallize|p2a: Calyrex|Fairy\n|move|p1a: Calyrex|Astral Barrage|p2b: Kyogre|[spread] p2a,p2b\n|-crit|p2a: Calyrex\n|-damage|p2a: Calyrex|45/100\n|-damage|p2b: Kyogre|62/100\n|move|p1b: Iron Valiant|Close Combat|p2a: Calyrex\n|-resisted|p2a: Calyrex\n|-damage|p2a: Calyrex|29/100\n|-unboost|p1b: Iron Valiant|def|1\n|-unboost|p1b: Iron Valiant|spd|1\n|move|p2b: Kyogre|Hydro Pump|p1b: Iron Valiant\n|-damage|p1b: Iron Valiant|0 fnt\n|faint|p1b: Iron Valiant\n|-end|p1b: Iron Valiant|Quark Drive|[silent]\n|move|p2a: Calyrex|Trick Room|p2a: Calyrex\n|-fieldstart|move: Trick Room|[of] p2a: Calyrex\n|\n|-weather|RainDance|[upkeep]\n|-heal|p2a: Calyrex|35/100|[from] item: Leftovers\n|upkeep\n|turn|8\n|-message|Woe Be Upon Ye forfeited.\n|\n|win|Sheevp\n|raw|Woe Be Upon Ye's rating: 1328 &rarr; <strong>1312</strong><br />(-16 for losing)\n|raw|Sheevp's rating: 1394 &rarr; <strong>1410</strong><br />(+16 for winning)\n|l|\u203dWoe Be Upon Ye\n|player|p1|\n|l|\u2606Sheevp\n|player|p2|\n","uploadtime":1775753736,"views":10,"formatid":"gen9vgc2026regi","rating":1312,"private":0,"password":null}