{"id":"gen9vgc2026regi-2560539723","format":"[Gen 9] VGC 2026 Reg I","players":["Dyorfeorge","Mirthinion"],"log":"|j|\u2606Dyorfeorge\n|j|\u2606Mirthinion\n|t:|1773697243\n|gametype|doubles\n|player|p1|Dyorfeorge|brawly-gen6|1294\n|player|p2|Mirthinion|janitor|1338\n|gen|9\n|tier|[Gen 9] VGC 2026 Reg I\n|rated|\n|rule|Species Clause: Limit one of each Pok\u00e9mon\n|rule|Item Clause: Limit 1 of each item\n|clearpoke\n|poke|p1|Chien-Pao, L50|\n|poke|p1|Zacian-*, L50|\n|poke|p1|Kyogre, L50|\n|poke|p1|Urshifu-*, L50, M|\n|poke|p1|Roaring Moon, L50|\n|poke|p1|Amoonguss, L50, F|\n|poke|p2|Calyrex-Shadow, L50|\n|poke|p2|Zamazenta-*, L50|\n|poke|p2|Urshifu-*, L50, M|\n|poke|p2|Incineroar, L50, M|\n|poke|p2|Rillaboom, L50, M|\n|poke|p2|Tornadus, L50, M|\n|teampreview|4\n|inactive|Battle timer is ON: inactive players will automatically lose when time's up. (requested by Mirthinion)\n|inactive|Dyorfeorge also wants the timer to be on.\nMirthinion rejected open team sheets.\n|inactive|Dyorfeorge has 60 seconds left.\n|inactive|Mirthinion has 60 seconds left.\n|\n|t:|1773697285\n|teamsize|p1|4\n|teamsize|p2|4\n|start\n|switch|p1a: Roaring Moon|Roaring Moon, L50|100/100\n|switch|p1b: Kyogre|Kyogre, L50|100/100\n|switch|p2a: Vangwe|Tornadus, L50, M|100/100\n|switch|p2b: Beowulf|Urshifu-Rapid-Strike, L50, M|100/100\n|-weather|RainDance|[from] ability: Drizzle|[of] p1b: Kyogre\n|-enditem|p1a: Roaring Moon|Booster Energy\n|-activate|p1a: Roaring Moon|ability: Protosynthesis|[fromitem]\n|-start|p1a: Roaring Moon|protosynthesisspe\n|turn|1\n|\n|t:|1773697303\n|move|p2a: Vangwe|Tailwind|p2a: Vangwe\n|-sidestart|p2: Mirthinion|move: Tailwind\n|move|p2b: Beowulf|Close Combat|p1a: Roaring Moon\n|-supereffective|p1a: Roaring Moon\n|-damage|p1a: Roaring Moon|0 fnt\n|-unboost|p2b: Beowulf|def|1\n|-unboost|p2b: Beowulf|spd|1\n|faint|p1a: Roaring Moon\n|-end|p1a: Roaring Moon|Protosynthesis|[silent]\n|move|p1b: Kyogre|Water Spout|p2a: Vangwe|[spread] p2a,p2b\n|-resisted|p2b: Beowulf\n|-damage|p2a: Vangwe|0 fnt\n|-damage|p2b: Beowulf|0 fnt\n|faint|p2a: Vangwe\n|faint|p2b: Beowulf\n|\n|-weather|RainDance|[upkeep]\n|upkeep\n|\n|t:|1773697317\n|switch|p1a: Chien-Pao|Chien-Pao, L50|100/100\n|switch|p2b: Mithrandir|Calyrex-Shadow, L50|100/100\n|switch|p2a: Drambor|Zamazenta-Crowned, L50|100/100\n|-ability|p2b: Mithrandir|As One\n|-ability|p2b: Mithrandir|Unnerve\n|-ability|p2a: Drambor|Dauntless Shield|boost\n|-boost|p2a: Drambor|def|1\n|-ability|p1a: Chien-Pao|Sword of Ruin\n|turn|2\n|inactive|Dyorfeorge has 30 seconds left.\n|\n|t:|1773697349\n|-terastallize|p2a: Drambor|Grass\n|move|p2b: Mithrandir|Protect|p2b: Mithrandir\n|-singleturn|p2b: Mithrandir|Protect\n|move|p1a: Chien-Pao|Sucker Punch||[still]\n|-fail|p1a: Chien-Pao\n|move|p2a: Drambor|Behemoth Bash|p1a: Chien-Pao\n|-supereffective|p1a: Chien-Pao\n|-enditem|p1a: Chien-Pao|Focus Sash\n|-damage|p1a: Chien-Pao|1/100\n|move|p1b: Kyogre|Water Spout|p2a: Drambor|[spread] p2a\n|-activate|p2b: Mithrandir|move: Protect\n|-resisted|p2a: Drambor\n|-damage|p2a: Drambor|53/100\n|\n|-weather|RainDance|[upkeep]\n|upkeep\n|turn|3\n|\n|t:|1773697369\n|move|p1a: Chien-Pao|Protect|p1a: Chien-Pao\n|-singleturn|p1a: Chien-Pao|Protect\n|move|p2b: Mithrandir|Astral Barrage|p1a: Chien-Pao|[spread] p1b\n|-activate|p1a: Chien-Pao|move: Protect\n|-damage|p1b: Kyogre|64/100\n|move|p2a: Drambor|Body Press|p1b: Kyogre\n|-damage|p1b: Kyogre|0 fnt\n|faint|p1b: Kyogre\n|\n|-weather|RainDance|[upkeep]\n|upkeep\n|\n|t:|1773697378\n|switch|p1b: Zacian|Zacian-Crowned, L50|100/100\n|-ability|p1b: Zacian|Intrepid Sword|boost\n|-boost|p1b: Zacian|atk|1\n|turn|4\n|\n|t:|1773697399\n|-terastallize|p1b: Zacian|Fairy\n|move|p1a: Chien-Pao|Sucker Punch||[still]\n|-fail|p1a: Chien-Pao\n|move|p2b: Mithrandir|Nasty Plot|p2b: Mithrandir\n|-boost|p2b: Mithrandir|spa|2\n|move|p2a: Drambor|Behemoth Bash|p1a: Chien-Pao\n|-supereffective|p1a: Chien-Pao\n|-damage|p1a: Chien-Pao|0 fnt\n|faint|p1a: Chien-Pao\n|move|p1b: Zacian|Play Rough|p2a: Drambor\n|-damage|p2a: Drambor|7/100\n|\n|-weather|RainDance|[upkeep]\n|-sideend|p2: Mirthinion|move: Tailwind\n|upkeep\n|turn|5\n|\n|t:|1773697419\n|move|p2b: Mithrandir|Astral Barrage|p1b: Zacian\n|-damage|p1b: Zacian|0 fnt\n|faint|p1b: Zacian\n|\n|win|Mirthinion\n|raw|Dyorfeorge's rating: 1294 &rarr; <strong>1272</strong><br />(-22 for losing)\n|raw|Mirthinion's rating: 1338 &rarr; <strong>1355</strong><br />(+17 for winning)\n|l|\u2606Dyorfeorge\n|player|p1|\n|c|\u2606Mirthinion|gg\n","uploadtime":1773697428,"views":97,"formatid":"gen9vgc2026regi","rating":1272,"private":0,"password":null}