{"id":"gen9vgc2026regi-2589916197","format":"[Gen 9] VGC 2026 Reg I","players":["igrisgoogoodolls","perruquer"],"log":"|j|\u2606igrisgoogoodolls\n|j|\u2606perruquer\n|t:|1776773746\n|gametype|doubles\n|player|p1|igrisgoogoodolls|170|1414\n|player|p2|perruquer|265|1514\n|gen|9\n|tier|[Gen 9] VGC 2026 Reg I\n|rated|\n|rule|Species Clause: Limit one of each Pok\u00e9mon\n|rule|Item Clause: Limit 1 of each item\n|clearpoke\n|poke|p1|Koraidon, L50|\n|poke|p1|Calyrex-Shadow, L50|\n|poke|p1|Murkrow, L50, F|\n|poke|p1|Raichu, L50, F|\n|poke|p1|Torkoal, L50, F|\n|poke|p1|Typhlosion-Hisui, L50, M|\n|poke|p2|Calyrex-Ice, L50|\n|poke|p2|Kyogre, L50|\n|poke|p2|Incineroar, L50, F|\n|poke|p2|Flutter Mane, L50|\n|poke|p2|Amoonguss, L50, F|\n|poke|p2|Smeargle, L50, M|\n|teampreview|4\n|\n|t:|1776773772\n|teamsize|p1|4\n|teamsize|p2|4\n|start\n|switch|p1a: Koraidon|Koraidon, L50|100/100\n|switch|p1b: Typhlosion|Typhlosion-Hisui, L50, M|100/100\n|switch|p2a: Incineroar|Incineroar, L50, F|100/100\n|switch|p2b: Flutter Mane|Flutter Mane, L50|100/100\n|-item|p2a: Incineroar|Assault Vest|[from] ability: Frisk|[of] p1b: Typhlosion\n|-item|p2b: Flutter Mane|Choice Specs|[from] ability: Frisk|[of] p1b: Typhlosion\n|-weather|SunnyDay|[from] ability: Orichalcum Pulse|[of] p1a: Koraidon\n|-activate|p2b: Flutter Mane|ability: Protosynthesis\n|-start|p2b: Flutter Mane|protosynthesisspe\n|-activate|p1a: Koraidon|Orichalcum Pulse|[source]\n|-ability|p2a: Incineroar|Intimidate|boost\n|-unboost|p1a: Koraidon|atk|1\n|-unboost|p1b: Typhlosion|atk|1\n|turn|1\n|\n|t:|1776773783\n|move|p2a: Incineroar|Fake Out|p1a: Koraidon\n|-damage|p1a: Koraidon|91/100\n|move|p2b: Flutter Mane|Shadow Ball|p1b: Typhlosion\n|-supereffective|p1b: Typhlosion\n|-damage|p1b: Typhlosion|0 fnt\n|faint|p1b: Typhlosion\n|cant|p1a: Koraidon|flinch\n|\n|-weather|SunnyDay|[upkeep]\n|upkeep\n|\n|t:|1776773796\n|switch|p1b: Calyrex|Calyrex-Shadow, L50|100/100\n|-ability|p1b: Calyrex|As One\n|-ability|p1b: Calyrex|Unnerve\n|turn|2\n|\n|t:|1776773808\n|-terastallize|p1b: Calyrex|Normal\n|move|p2b: Flutter Mane|Shadow Ball|p1b: Calyrex\n|-immune|p1b: Calyrex\n|move|p1b: Calyrex|Astral Barrage|p2a: Incineroar|[spread] p2a,p2b\n|-resisted|p2a: Incineroar\n|-supereffective|p2b: Flutter Mane\n|-damage|p2a: Incineroar|79/100\n|-damage|p2b: Flutter Mane|0 fnt\n|faint|p2b: Flutter Mane\n|-end|p2b: Flutter Mane|Protosynthesis|[silent]\n|-ability|p1b: Calyrex|Grim Neigh|boost\n|-boost|p1b: Calyrex|spa|1\n|move|p1a: Koraidon|Close Combat|p2a: Incineroar\n|-supereffective|p2a: Incineroar\n|-damage|p2a: Incineroar|0 fnt\n|-unboost|p1a: Koraidon|def|1\n|-unboost|p1a: Koraidon|spd|1\n|faint|p2a: Incineroar\n|-damage|p1a: Koraidon|81/100|[from] item: Life Orb\n|\n|-weather|SunnyDay|[upkeep]\n|upkeep\n|\n|t:|1776773823\n|switch|p2b: Kyogre|Kyogre, L50|100/100\n|switch|p2a: Smeargle|Smeargle, L50, M|100/100\n|-weather|RainDance|[from] ability: Drizzle|[of] p2b: Kyogre\n|turn|3\n|\n|t:|1776773833\n|move|p2b: Kyogre|Protect|p2b: Kyogre\n|-singleturn|p2b: Kyogre|Protect\n|move|p1b: Calyrex|Astral Barrage|p2a: Smeargle|[spread] \n|-activate|p2b: Kyogre|move: Protect\n|-immune|p2a: Smeargle\n|move|p1a: Koraidon|Close Combat|p2b: Kyogre\n|-activate|p2b: Kyogre|move: Protect\n|move|p2a: Smeargle|Spore|p1b: Calyrex\n|-status|p1b: Calyrex|slp|[from] move: Spore\n|\n|-weather|RainDance|[upkeep]\n|-ability|p2a: Smeargle|Moody|boost\n|-boost|p2a: Smeargle|def|2\n|-unboost|p2a: Smeargle|spa|1\n|upkeep\n|turn|4\n|\n|t:|1776773855\n|switch|p1a: Torkoal|Torkoal, L50, F|100/100\n|-weather|SunnyDay|[from] ability: Drought|[of] p1a: Torkoal\n|move|p2a: Smeargle|Follow Me|p2a: Smeargle\n|-singleturn|p2a: Smeargle|move: Follow Me\n|cant|p1b: Calyrex|slp\n|move|p2b: Kyogre|Water Spout|p1b: Calyrex|[spread] p1a,p1b\n|-supereffective|p1a: Torkoal\n|-damage|p1a: Torkoal|0 fnt\n|-damage|p1b: Calyrex|61/100 slp\n|faint|p1a: Torkoal\n|\n|-weather|SunnyDay|[upkeep]\n|-ability|p2a: Smeargle|Moody|boost\n|-boost|p2a: Smeargle|spa|2\n|-unboost|p2a: Smeargle|spd|1\n|upkeep\n|\n|t:|1776773869\n|switch|p1a: Koraidon|Koraidon, L50|81/100\n|-activate|p1a: Koraidon|ability: Orichalcum Pulse\n|turn|5\n|\n|t:|1776773881\n|cant|p1b: Calyrex|slp\n|move|p1a: Koraidon|Close Combat|p2b: Kyogre\n|-damage|p2b: Kyogre|0 fnt\n|-unboost|p1a: Koraidon|def|1\n|-unboost|p1a: Koraidon|spd|1\n|faint|p2b: Kyogre\n|-damage|p1a: Koraidon|72/100|[from] item: Life Orb\n|move|p2a: Smeargle|Spore|p1a: Koraidon\n|-status|p1a: Koraidon|slp|[from] move: Spore\n|\n|-weather|SunnyDay|[upkeep]\n|-ability|p2a: Smeargle|Moody|boost\n|-boost|p2a: Smeargle|atk|2\n|-unboost|p2a: Smeargle|spd|1\n|upkeep\n|turn|6\n|-message|perruquer forfeited.\n|\n|win|igrisgoogoodolls\n|raw|igrisgoogoodolls's rating: 1414 &rarr; <strong>1440</strong><br />(+26 for winning)\n|raw|perruquer's rating: 1514 &rarr; <strong>1488</strong><br />(-26 for losing)\n|l|\u2606igrisgoogoodolls\n|player|p1|\n","uploadtime":1776774055,"views":9,"formatid":"gen9vgc2026regi","rating":1440,"private":0,"password":null}