{"id":"gen9vgc2026regi-2568310037","format":"[Gen 9] VGC 2026 Reg I","players":["fwoompie","D4RKEVA"],"log":"|j|\u2606fwoompie\n|j|\u2606D4RKEVA\n|t:|1774565126\n|gametype|doubles\n|player|p1|fwoompie|hiker-gen4|1435\n|player|p2|D4RKEVA|102|1474\n|gen|9\n|tier|[Gen 9] VGC 2026 Reg I\n|rated|\n|rule|Species Clause: Limit one of each Pok\u00e9mon\n|rule|Item Clause: Limit 1 of each item\n|clearpoke\n|poke|p1|Eternatus, L50|\n|poke|p1|Grimmsnarl, L50, M|\n|poke|p1|Iron Hands, L50|\n|poke|p1|Flutter Mane, L50|\n|poke|p1|Chi-Yu, L50|\n|poke|p1|Terapagos, L50, M|\n|poke|p2|Lunala, L50|\n|poke|p2|Koraidon, L50|\n|poke|p2|Flutter Mane, L50|\n|poke|p2|Brute Bonnet, L50|\n|poke|p2|Chi-Yu, L50|\n|poke|p2|Ursaluna, L50, F|\n|teampreview|4\n|inactive|Battle timer is ON: inactive players will automatically lose when time's up. (requested by fwoompie)\nD4RKEVA rejected open team sheets.\n|c|\u2606fwoompie|Good luck\n|\n|t:|1774565149\n|teamsize|p1|4\n|teamsize|p2|4\n|start\n|switch|p1a: Balanced mon|Flutter Mane, L50|100/100\n|switch|p1b: TeraPoggers|Terapagos, L50, M|100/100\n|switch|p2a: MoonMoon|Lunala, L50|100/100\n|switch|p2b: Brute Bonnie|Brute Bonnet, L50|100/100\n|-activate|p1b: TeraPoggers|ability: Tera Shift\n|detailschange|p1b: TeraPoggers|Terapagos-Terastal, L50, M\n|-heal|p1b: TeraPoggers|100/100|[silent]\n|-enditem|p1a: Balanced mon|Booster Energy\n|-activate|p1a: Balanced mon|ability: Protosynthesis|[fromitem]\n|-start|p1a: Balanced mon|protosynthesisspe\n|turn|1\n|\n|t:|1774565164\n|-terastallize|p2b: Brute Bonnie|Water\n|move|p2b: Brute Bonnie|Rage Powder|p2b: Brute Bonnie\n|-singleturn|p2b: Brute Bonnie|move: Rage Powder\n|move|p1a: Balanced mon|Moonblast|p2b: Brute Bonnie\n|-damage|p2b: Brute Bonnie|59/100\n|-unboost|p2b: Brute Bonnie|spa|1\n|move|p1b: TeraPoggers|Tera Starstorm|p2b: Brute Bonnie\n|-damage|p2b: Brute Bonnie|0 fnt\n|faint|p2b: Brute Bonnie\n|-end|p2b: Brute Bonnie|Protosynthesis|[silent]\n|move|p2a: MoonMoon|Trick Room|p2a: MoonMoon\n|-fieldstart|move: Trick Room|[of] p2a: MoonMoon\n|\n|upkeep\n|\n|t:|1774565181\n|switch|p2b: Girl Math|Ursaluna, L50, F|100/100\n|turn|2\n|\n|t:|1774565189\n|-terastallize|p1b: TeraPoggers|Stellar\n|detailschange|p1b: TeraPoggers|Terapagos-Stellar, L50, M, tera:Stellar\n|-heal|p1b: TeraPoggers|100/100|[silent]\n|move|p2b: Girl Math|Earthquake|p1a: Balanced mon|[spread] p2a,p1a,p1b\n|-damage|p2a: MoonMoon|83/100\n|-damage|p1a: Balanced mon|0 fnt\n|-damage|p1b: TeraPoggers|66/100\n|faint|p1a: Balanced mon\n|-end|p1a: Balanced mon|Protosynthesis|[silent]\n|move|p1b: TeraPoggers|Tera Starstorm|p2b: Girl Math|[spread] p2a,p2b\n|-damage|p2a: MoonMoon|34/100\n|-damage|p2b: Girl Math|47/100\n|move|p2a: MoonMoon|Moongeist Beam|p1b: TeraPoggers\n|-immune|p1b: TeraPoggers\n|\n|-status|p2b: Girl Math|brn|[from] item: Flame Orb\n|upkeep\n|\n|t:|1774565196\n|switch|p1a: High five!|Iron Hands, L50|100/100\n|turn|3\n|\n|t:|1774565203\n|move|p2a: MoonMoon|Wide Guard|p2a: MoonMoon\n|-singleturn|p2a: MoonMoon|Wide Guard\n|move|p2b: Girl Math|Headlong Rush|p1a: High five!\n|-supereffective|p1a: High five!\n|-damage|p1a: High five!|0 fnt\n|-unboost|p2b: Girl Math|def|1\n|-unboost|p2b: Girl Math|spd|1\n|faint|p1a: High five!\n|-end|p1a: High five!|Quark Drive|[silent]\n|move|p1b: TeraPoggers|Tera Starstorm|p2b: Girl Math|[spread] \n|-activate|p2a: MoonMoon|move: Wide Guard\n|-activate|p2b: Girl Math|move: Wide Guard\n|\n|-damage|p2b: Girl Math|41/100 brn|[from] brn\n|upkeep\n|\n|t:|1774565207\n|switch|p1a: Mr Deeth|Chi-Yu, L50|100/100\n|-ability|p1a: Mr Deeth|Beads of Ruin\n|turn|4\n|\n|t:|1774565212\n|move|p2a: MoonMoon|Wide Guard|p2a: MoonMoon\n|-singleturn|p2a: MoonMoon|Wide Guard\n|move|p2b: Girl Math|Headlong Rush|p1a: Mr Deeth\n|-supereffective|p1a: Mr Deeth\n|-damage|p1a: Mr Deeth|0 fnt\n|-unboost|p2b: Girl Math|def|1\n|-unboost|p2b: Girl Math|spd|1\n|faint|p1a: Mr Deeth\n|move|p1b: TeraPoggers|Tera Starstorm|p2b: Girl Math|[spread] \n|-activate|p2a: MoonMoon|move: Wide Guard\n|-activate|p2b: Girl Math|move: Wide Guard\n|\n|-damage|p2b: Girl Math|35/100 brn|[from] brn\n|upkeep\n|turn|5\n|c|\u2606fwoompie|Gg\n|\n|t:|1774565216\n|move|p2a: MoonMoon|Wide Guard|p2a: MoonMoon\n|-singleturn|p2a: MoonMoon|Wide Guard\n|move|p2b: Girl Math|Facade|p1b: TeraPoggers\n|-damage|p1b: TeraPoggers|0 fnt\n|faint|p1b: TeraPoggers\n|detailschange|p1: TeraPoggers|Terapagos, L50, M|[silent]\n|\n|win|D4RKEVA\n|raw|fwoompie's rating: 1435 &rarr; <strong>1417</strong><br />(-18 for losing)\n|raw|D4RKEVA's rating: 1474 &rarr; <strong>1492</strong><br />(+18 for winning)\n|l|\u2606fwoompie\n|player|p1|\n|c|\u2606D4RKEVA|gg\n","uploadtime":1774565222,"views":261,"formatid":"gen9vgc2026regi","rating":1417,"private":0,"password":null}