{"id":"gen9vgc2026regi-2564396164","format":"[Gen 9] VGC 2026 Reg I","players":["BanKingambit69247","posh14"],"log":"|j|\u2606BanKingambit69247\n|j|\u2606posh14\n|t:|1774140715\n|gametype|doubles\n|player|p1|BanKingambit69247|lucas|1469\n|player|p2|posh14|170|1378\n|gen|9\n|tier|[Gen 9] VGC 2026 Reg I\n|rated|\n|rule|Species Clause: Limit one of each Pok\u00e9mon\n|rule|Item Clause: Limit 1 of each item\n|clearpoke\n|poke|p1|Calyrex-Shadow, L50|\n|poke|p1|Zamazenta-*, L50|\n|poke|p1|Chien-Pao, L50|\n|poke|p1|Dragonite, L50, F|\n|poke|p1|Ogerpon-Wellspring, L50, F|\n|poke|p1|Smeargle, L50, M|\n|poke|p2|Moltres-Galar, L50|\n|poke|p2|Calyrex-Ice, L50|\n|poke|p2|Miraidon, L50|\n|poke|p2|Incineroar, L50, M|\n|poke|p2|Farigiraf, L50, M|\n|poke|p2|Ogerpon-Cornerstone, L50, F|\n|teampreview|4\n|inactive|Battle timer is ON: inactive players will automatically lose when time's up. (requested by posh14)\n|inactive|posh14 has 60 seconds left.\n|inactive|BanKingambit69247 has 60 seconds left.\n|\n|t:|1774140757\n|teamsize|p1|4\n|teamsize|p2|4\n|start\n|switch|p1a: \u60f3\u51ff\u5384\u8be1\u692a(\u76f4\u7403)|Ogerpon-Wellspring, L50, F|100/100\n|switch|p1b: \u8bf6\u4f60\u600e\u4e48\u6b7b\u4e86?\u267f\u267f\u267f|Calyrex-Shadow, L50|100/100\n|switch|p2a: Moltres|Moltres-Galar, L50|100/100\n|switch|p2b: Farigiraf|Farigiraf, L50, M|100/100\n|-ability|p1b: \u8bf6\u4f60\u600e\u4e48\u6b7b\u4e86?\u267f\u267f\u267f|As One\n|-ability|p1b: \u8bf6\u4f60\u600e\u4e48\u6b7b\u4e86?\u267f\u267f\u267f|Unnerve\n|turn|1\n|\n|t:|1774140769\n|switch|p1b: \u6211\u7684\u5de8\u517d\u5f39\u56de\u6765\u5566!\ud83d\udc37\ud83d\udc37\ud83d\udc37|Chien-Pao, L50|100/100\n|-ability|p1b: \u6211\u7684\u5de8\u517d\u5f39\u56de\u6765\u5566!\ud83d\udc37\ud83d\udc37\ud83d\udc37|Sword of Ruin\n|move|p2b: Farigiraf|Helping Hand|p2a: Moltres\n|-singleturn|p2a: Moltres|Helping Hand|[of] p2b: Farigiraf\n|move|p2a: Moltres|Fiery Wrath|p1a: \u60f3\u51ff\u5384\u8be1\u692a(\u76f4\u7403)|[spread] p1a,p1b\n|-resisted|p1b: \u6211\u7684\u5de8\u517d\u5f39\u56de\u6765\u5566!\ud83d\udc37\ud83d\udc37\ud83d\udc37\n|-damage|p1a: \u60f3\u51ff\u5384\u8be1\u692a(\u76f4\u7403)|65/100\n|-damage|p1b: \u6211\u7684\u5de8\u517d\u5f39\u56de\u6765\u5566!\ud83d\udc37\ud83d\udc37\ud83d\udc37|83/100\n|cant|p1a: \u60f3\u51ff\u5384\u8be1\u692a(\u76f4\u7403)|flinch\n|\n|upkeep\n|turn|2\n|\n|t:|1774140785\n|switch|p2a: Calyrex|Calyrex-Ice, L50|100/100\n|-ability|p2a: Calyrex|As One\n|-ability|p2a: Calyrex|Unnerve\n|move|p1b: \u6211\u7684\u5de8\u517d\u5f39\u56de\u6765\u5566!\ud83d\udc37\ud83d\udc37\ud83d\udc37|Ice Spinner|p2b: Farigiraf\n|-damage|p2b: Farigiraf|71/100\n|-damage|p1b: \u6211\u7684\u5de8\u517d\u5f39\u56de\u6765\u5566!\ud83d\udc37\ud83d\udc37\ud83d\udc37|66/100|[from] item: Rocky Helmet|[of] p2b: Farigiraf\n|move|p1a: \u60f3\u51ff\u5384\u8be1\u692a(\u76f4\u7403)|Ivy Cudgel|p2b: Farigiraf|[anim] Ivy Cudgel Water\n|-crit|p2b: Farigiraf\n|-damage|p2b: Farigiraf|3/100\n|move|p2b: Farigiraf|Trick Room|p2b: Farigiraf\n|-fieldstart|move: Trick Room|[of] p2b: Farigiraf\n|\n|upkeep\n|turn|3\n|\n|t:|1774140804\n|move|p1a: \u60f3\u51ff\u5384\u8be1\u692a(\u76f4\u7403)|Spiky Shield|p1a: \u60f3\u51ff\u5384\u8be1\u692a(\u76f4\u7403)\n|-singleturn|p1a: \u60f3\u51ff\u5384\u8be1\u692a(\u76f4\u7403)|move: Protect\n|move|p2a: Calyrex|Glacial Lance|p1b: \u6211\u7684\u5de8\u517d\u5f39\u56de\u6765\u5566!\ud83d\udc37\ud83d\udc37\ud83d\udc37|[spread] p1b\n|-activate|p1a: \u60f3\u51ff\u5384\u8be1\u692a(\u76f4\u7403)|move: Protect\n|-resisted|p1b: \u6211\u7684\u5de8\u517d\u5f39\u56de\u6765\u5566!\ud83d\udc37\ud83d\udc37\ud83d\udc37\n|-damage|p1b: \u6211\u7684\u5de8\u517d\u5f39\u56de\u6765\u5566!\ud83d\udc37\ud83d\udc37\ud83d\udc37|28/100\n|move|p2b: Farigiraf|Dazzling Gleam|p1a: \u60f3\u51ff\u5384\u8be1\u692a(\u76f4\u7403)|[spread] p1b\n|-activate|p1a: \u60f3\u51ff\u5384\u8be1\u692a(\u76f4\u7403)|move: Protect\n|-supereffective|p1b: \u6211\u7684\u5de8\u517d\u5f39\u56de\u6765\u5566!\ud83d\udc37\ud83d\udc37\ud83d\udc37\n|-damage|p1b: \u6211\u7684\u5de8\u517d\u5f39\u56de\u6765\u5566!\ud83d\udc37\ud83d\udc37\ud83d\udc37|1/100\n|move|p1b: \u6211\u7684\u5de8\u517d\u5f39\u56de\u6765\u5566!\ud83d\udc37\ud83d\udc37\ud83d\udc37|Ice Spinner|p2b: Farigiraf\n|-damage|p2b: Farigiraf|0 fnt\n|-damage|p1b: \u6211\u7684\u5de8\u517d\u5f39\u56de\u6765\u5566!\ud83d\udc37\ud83d\udc37\ud83d\udc37|0 fnt|[from] item: Rocky Helmet|[of] p2b: Farigiraf\n|faint|p2b: Farigiraf\n|faint|p1b: \u6211\u7684\u5de8\u517d\u5f39\u56de\u6765\u5566!\ud83d\udc37\ud83d\udc37\ud83d\udc37\n|\n|upkeep\n|\n|t:|1774140809\n|switch|p2b: Miraidon|Miraidon, L50|100/100\n|switch|p1b: \u5f3a\u8005\u5c31\u662f\u8981\u7f9e\u8fb1\u5f31\u8005\ud83d\udc36\ud83d\udc36\ud83d\udc36|Zamazenta-Crowned, L50|100/100\n|-ability|p1b: \u5f3a\u8005\u5c31\u662f\u8981\u7f9e\u8fb1\u5f31\u8005\ud83d\udc36\ud83d\udc36\ud83d\udc36|Dauntless Shield|boost\n|-boost|p1b: \u5f3a\u8005\u5c31\u662f\u8981\u7f9e\u8fb1\u5f31\u8005\ud83d\udc36\ud83d\udc36\ud83d\udc36|def|1\n|-fieldstart|move: Electric Terrain|[from] ability: Hadron Engine|[of] p2b: Miraidon\n|turn|4\n|\n|t:|1774140827\n|-terastallize|p2b: Miraidon|Electric\n|-terastallize|p1b: \u5f3a\u8005\u5c31\u662f\u8981\u7f9e\u8fb1\u5f31\u8005\ud83d\udc36\ud83d\udc36\ud83d\udc36|Grass\n|move|p1b: \u5f3a\u8005\u5c31\u662f\u8981\u7f9e\u8fb1\u5f31\u8005\ud83d\udc36\ud83d\udc36\ud83d\udc36|Wide Guard|p1b: \u5f3a\u8005\u5c31\u662f\u8981\u7f9e\u8fb1\u5f31\u8005\ud83d\udc36\ud83d\udc36\ud83d\udc36\n|-singleturn|p1b: \u5f3a\u8005\u5c31\u662f\u8981\u7f9e\u8fb1\u5f31\u8005\ud83d\udc36\ud83d\udc36\ud83d\udc36|Wide Guard\n|move|p2a: Calyrex|Glacial Lance|p1b: \u5f3a\u8005\u5c31\u662f\u8981\u7f9e\u8fb1\u5f31\u8005\ud83d\udc36\ud83d\udc36\ud83d\udc36|[spread] \n|-activate|p1a: \u60f3\u51ff\u5384\u8be1\u692a(\u76f4\u7403)|move: Wide Guard\n|-activate|p1b: \u5f3a\u8005\u5c31\u662f\u8981\u7f9e\u8fb1\u5f31\u8005\ud83d\udc36\ud83d\udc36\ud83d\udc36|move: Wide Guard\n|move|p1a: \u60f3\u51ff\u5384\u8be1\u692a(\u76f4\u7403)|Ivy Cudgel|p2a: Calyrex|[anim] Ivy Cudgel Water\n|-damage|p2a: Calyrex|67/100\n|move|p2b: Miraidon|Electro Drift|p1b: \u5f3a\u8005\u5c31\u662f\u8981\u7f9e\u8fb1\u5f31\u8005\ud83d\udc36\ud83d\udc36\ud83d\udc36\n|-resisted|p1b: \u5f3a\u8005\u5c31\u662f\u8981\u7f9e\u8fb1\u5f31\u8005\ud83d\udc36\ud83d\udc36\ud83d\udc36\n|-damage|p1b: \u5f3a\u8005\u5c31\u662f\u8981\u7f9e\u8fb1\u5f31\u8005\ud83d\udc36\ud83d\udc36\ud83d\udc36|46/100\n|-damage|p2b: Miraidon|91/100|[from] item: Life Orb\n|\n|upkeep\n|turn|5\n|inactive|BanKingambit69247 has 30 seconds left.\n|\n|t:|1774140856\n|move|p1a: \u60f3\u51ff\u5384\u8be1\u692a(\u76f4\u7403)|Spiky Shield|p1a: \u60f3\u51ff\u5384\u8be1\u692a(\u76f4\u7403)\n|-singleturn|p1a: \u60f3\u51ff\u5384\u8be1\u692a(\u76f4\u7403)|move: Protect\n|move|p1b: \u5f3a\u8005\u5c31\u662f\u8981\u7f9e\u8fb1\u5f31\u8005\ud83d\udc36\ud83d\udc36\ud83d\udc36|Wide Guard|p1b: \u5f3a\u8005\u5c31\u662f\u8981\u7f9e\u8fb1\u5f31\u8005\ud83d\udc36\ud83d\udc36\ud83d\udc36\n|-singleturn|p1b: \u5f3a\u8005\u5c31\u662f\u8981\u7f9e\u8fb1\u5f31\u8005\ud83d\udc36\ud83d\udc36\ud83d\udc36|Wide Guard\n|move|p2a: Calyrex|Glacial Lance|p1a: \u60f3\u51ff\u5384\u8be1\u692a(\u76f4\u7403)|[spread] \n|-activate|p1a: \u60f3\u51ff\u5384\u8be1\u692a(\u76f4\u7403)|move: Wide Guard\n|-activate|p1b: \u5f3a\u8005\u5c31\u662f\u8981\u7f9e\u8fb1\u5f31\u8005\ud83d\udc36\ud83d\udc36\ud83d\udc36|move: Wide Guard\n|move|p2b: Miraidon|Electro Drift|p1b: \u5f3a\u8005\u5c31\u662f\u8981\u7f9e\u8fb1\u5f31\u8005\ud83d\udc36\ud83d\udc36\ud83d\udc36\n|-resisted|p1b: \u5f3a\u8005\u5c31\u662f\u8981\u7f9e\u8fb1\u5f31\u8005\ud83d\udc36\ud83d\udc36\ud83d\udc36\n|-damage|p1b: \u5f3a\u8005\u5c31\u662f\u8981\u7f9e\u8fb1\u5f31\u8005\ud83d\udc36\ud83d\udc36\ud83d\udc36|0 fnt\n|faint|p1b: \u5f3a\u8005\u5c31\u662f\u8981\u7f9e\u8fb1\u5f31\u8005\ud83d\udc36\ud83d\udc36\ud83d\udc36\n|-damage|p2b: Miraidon|81/100|[from] item: Life Orb\n|\n|upkeep\n|\n|t:|1774140858\n|switch|p1b: \u8bf6\u4f60\u600e\u4e48\u6b7b\u4e86?\u267f\u267f\u267f|Calyrex-Shadow, L50|100/100\n|-ability|p1b: \u8bf6\u4f60\u600e\u4e48\u6b7b\u4e86?\u267f\u267f\u267f|As One\n|-ability|p1b: \u8bf6\u4f60\u600e\u4e48\u6b7b\u4e86?\u267f\u267f\u267f|Unnerve\n|turn|6\n|\n|t:|1774140869\n|move|p1a: \u60f3\u51ff\u5384\u8be1\u692a(\u76f4\u7403)|Follow Me|p1a: \u60f3\u51ff\u5384\u8be1\u692a(\u76f4\u7403)\n|-singleturn|p1a: \u60f3\u51ff\u5384\u8be1\u692a(\u76f4\u7403)|move: Follow Me\n|move|p2a: Calyrex|Glacial Lance|p1a: \u60f3\u51ff\u5384\u8be1\u692a(\u76f4\u7403)|[spread] p1a,p1b\n|-damage|p1a: \u60f3\u51ff\u5384\u8be1\u692a(\u76f4\u7403)|7/100\n|-damage|p1b: \u8bf6\u4f60\u600e\u4e48\u6b7b\u4e86?\u267f\u267f\u267f|29/100\n|move|p2b: Miraidon|Electro Drift|p1a: \u60f3\u51ff\u5384\u8be1\u692a(\u76f4\u7403)\n|-damage|p1a: \u60f3\u51ff\u5384\u8be1\u692a(\u76f4\u7403)|0 fnt\n|faint|p1a: \u60f3\u51ff\u5384\u8be1\u692a(\u76f4\u7403)\n|-damage|p2b: Miraidon|72/100|[from] item: Life Orb\n|move|p1b: \u8bf6\u4f60\u600e\u4e48\u6b7b\u4e86?\u267f\u267f\u267f|Astral Barrage|p2a: Calyrex|[spread] p2a,p2b\n|-supereffective|p2a: Calyrex\n|-damage|p2a: Calyrex|0 fnt\n|-damage|p2b: Miraidon|0 fnt\n|faint|p2a: Calyrex\n|faint|p2b: Miraidon\n|-ability|p1b: \u8bf6\u4f60\u600e\u4e48\u6b7b\u4e86?\u267f\u267f\u267f|Grim Neigh|boost\n|-boost|p1b: \u8bf6\u4f60\u600e\u4e48\u6b7b\u4e86?\u267f\u267f\u267f|spa|2\n|\n|-fieldend|move: Trick Room\n|upkeep\n|\n|t:|1774140875\n|switch|p2b: Moltres|Moltres-Galar, L50|100/100\n|turn|7\n|\n|t:|1774140879\n|move|p2b: Moltres|Fiery Wrath|p1b: \u8bf6\u4f60\u600e\u4e48\u6b7b\u4e86?\u267f\u267f\u267f\n|-supereffective|p1b: \u8bf6\u4f60\u600e\u4e48\u6b7b\u4e86?\u267f\u267f\u267f\n|-damage|p1b: \u8bf6\u4f60\u600e\u4e48\u6b7b\u4e86?\u267f\u267f\u267f|0 fnt\n|faint|p1b: \u8bf6\u4f60\u600e\u4e48\u6b7b\u4e86?\u267f\u267f\u267f\n|\n|win|posh14\n|raw|BanKingambit69247's rating: 1469 &rarr; <strong>1444</strong><br />(-25 for losing)\n|raw|posh14's rating: 1378 &rarr; <strong>1403</strong><br />(+25 for winning)\n|l|\u2606BanKingambit69247\n|player|p1|\n|l|\u2606posh14\n|player|p2|\n","uploadtime":1774141048,"views":12,"formatid":"gen9vgc2026regi","rating":1403,"private":0,"password":null}