{"id":"gen9vgc2026regi-2553908974","format":"[Gen 9] VGC 2026 Reg I","players":["ihatecalyrexes","xiaoliyunVGC"],"log":"|j|\u2606ihatecalyrexes\n|j|\u2606xiaoliyunVGC\n|t:|1772898570\n|gametype|doubles\n|player|p1|ihatecalyrexes|hilbert|1395\n|player|p2|xiaoliyunVGC|liko|1543\n|gen|9\n|tier|[Gen 9] VGC 2026 Reg I\n|rated|\n|rule|Species Clause: Limit one of each Pok\u00e9mon\n|rule|Item Clause: Limit 1 of each item\n|clearpoke\n|poke|p1|Brute Bonnet, L50|\n|poke|p1|Lunala, L50|\n|poke|p1|Ursaluna, L50, M|\n|poke|p1|Chi-Yu, L50|\n|poke|p1|Koraidon, L50|\n|poke|p1|Flutter Mane, L50|\n|poke|p2|Zamazenta-*, L50|\n|poke|p2|Kyogre, L50|\n|poke|p2|Raichu, L50, F|\n|poke|p2|Flutter Mane, L50|\n|poke|p2|Tornadus, L50, M|\n|poke|p2|Urshifu-*, L50, F|\n|teampreview|4\n|inactive|Battle timer is ON: inactive players will automatically lose when time's up. (requested by xiaoliyunVGC)\n|\n|t:|1772898594\n|teamsize|p1|4\n|teamsize|p2|4\n|start\n|switch|p1a: BLACK REAPER|Lunala, L50, shiny|100/100\n|switch|p1b: Edgy boi|Brute Bonnet, L50|100/100\n|switch|p2a: Urshifu|Urshifu, L50, F|100/100\n|switch|p2b: Raichu|Raichu, L50, F, shiny|100/100\n|turn|1\n|inactive|ihatecalyrexes has 30 seconds left.\n|inactive|xiaoliyunVGC has 30 seconds left.\n|inactive|ihatecalyrexes has 20 seconds left.\n|\n|t:|1772898630\n|-terastallize|p1a: BLACK REAPER|Water\n|move|p1b: Edgy boi|Rage Powder|p1b: Edgy boi\n|-singleturn|p1b: Edgy boi|move: Rage Powder\n|move|p2b: Raichu|Nuzzle|p1b: Edgy boi\n|-resisted|p1b: Edgy boi\n|-damage|p1b: Edgy boi|98/100\n|-status|p1b: Edgy boi|par\n|move|p2a: Urshifu|Close Combat|p1b: Edgy boi\n|-supereffective|p1b: Edgy boi\n|-damage|p1b: Edgy boi|0 fnt\n|-unboost|p2a: Urshifu|def|1\n|-unboost|p2a: Urshifu|spd|1\n|faint|p1b: Edgy boi\n|-end|p1b: Edgy boi|Protosynthesis|[silent]\n|move|p1a: BLACK REAPER|Meteor Beam||[still]\n|-prepare|p1a: BLACK REAPER|Meteor Beam\n|-boost|p1a: BLACK REAPER|spa|1\n|-enditem|p1a: BLACK REAPER|Power Herb\n|-anim|p1a: BLACK REAPER|Meteor Beam|p2b: Raichu\n|-damage|p2b: Raichu|10/100\n|\n|upkeep\n|\n|t:|1772898649\n|switch|p1b: NIMURA FURUTA|Chi-Yu, L50|100/100\n|-ability|p1b: NIMURA FURUTA|Beads of Ruin\n|turn|2\n|\n|t:|1772898668\n|switch|p2b: Kyogre|Kyogre, L50, shiny|100/100\n|-weather|RainDance|[from] ability: Drizzle|[of] p2b: Kyogre\n|move|p1b: NIMURA FURUTA|Heat Wave|p2a: Urshifu|[spread] p2a,p2b\n|-resisted|p2b: Kyogre\n|-damage|p2a: Urshifu|41/100\n|-damage|p2b: Kyogre|91/100\n|move|p2a: Urshifu|Close Combat|p1b: NIMURA FURUTA\n|-supereffective|p1b: NIMURA FURUTA\n|-damage|p1b: NIMURA FURUTA|0 fnt\n|-unboost|p2a: Urshifu|def|1\n|-unboost|p2a: Urshifu|spd|1\n|faint|p1b: NIMURA FURUTA\n|move|p1a: BLACK REAPER|Moongeist Beam|p2a: Urshifu\n|-resisted|p2a: Urshifu\n|-damage|p2a: Urshifu|0 fnt\n|faint|p2a: Urshifu\n|\n|-weather|RainDance|[upkeep]\n|upkeep\n|\n|t:|1772898685\n|switch|p1b: SHU TSUKIYAMA|Koraidon, L50|100/100\n|switch|p2a: Zamazenta|Zamazenta-Crowned, L50, shiny|100/100\n|-weather|SunnyDay|[from] ability: Orichalcum Pulse|[of] p1b: SHU TSUKIYAMA\n|-activate|p1b: SHU TSUKIYAMA|Orichalcum Pulse|[source]\n|-ability|p2a: Zamazenta|Dauntless Shield|boost\n|-boost|p2a: Zamazenta|def|1\n|turn|3\n|inactive|ihatecalyrexes has 30 seconds left.\n|\n|t:|1772898711\n|switch|p2b: Raichu|Raichu, L50, F, shiny|10/100\n|move|p2a: Zamazenta|Protect|p2a: Zamazenta\n|-singleturn|p2a: Zamazenta|Protect\n|move|p1b: SHU TSUKIYAMA|Close Combat|p2a: Zamazenta\n|-activate|p2a: Zamazenta|move: Protect\n|move|p1a: BLACK REAPER|Moongeist Beam|p2b: Raichu\n|-damage|p2b: Raichu|0 fnt\n|faint|p2b: Raichu\n|\n|-weather|SunnyDay|[upkeep]\n|upkeep\n|\n|t:|1772898723\n|switch|p2b: Kyogre|Kyogre, L50, shiny|91/100\n|-weather|RainDance|[from] ability: Drizzle|[of] p2b: Kyogre\n|turn|4\n|inactive|xiaoliyunVGC has 30 seconds left.\n|\n|t:|1772898750\n|-terastallize|p2a: Zamazenta|Fighting\n|move|p1a: BLACK REAPER|Wide Guard|p1a: BLACK REAPER\n|-singleturn|p1a: BLACK REAPER|Wide Guard\n|move|p2b: Kyogre|Thunder|p1a: BLACK REAPER\n|-supereffective|p1a: BLACK REAPER\n|-damage|p1a: BLACK REAPER|74/100\n|-status|p1a: BLACK REAPER|par\n|move|p1b: SHU TSUKIYAMA|Close Combat|p2a: Zamazenta\n|-damage|p2a: Zamazenta|70/100\n|-unboost|p1b: SHU TSUKIYAMA|def|1\n|-unboost|p1b: SHU TSUKIYAMA|spd|1\n|-damage|p1b: SHU TSUKIYAMA|91/100|[from] item: Life Orb\n|move|p2a: Zamazenta|Body Press|p1a: BLACK REAPER\n|-damage|p1a: BLACK REAPER|3/100 par\n|\n|-weather|RainDance|[upkeep]\n|upkeep\n|turn|5\n|\n|t:|1772898771\n|move|p2b: Kyogre|Thunder|p1a: BLACK REAPER\n|-supereffective|p1a: BLACK REAPER\n|-damage|p1a: BLACK REAPER|0 fnt\n|faint|p1a: BLACK REAPER\n|move|p1b: SHU TSUKIYAMA|Close Combat|p2a: Zamazenta\n|-damage|p2a: Zamazenta|37/100\n|-unboost|p1b: SHU TSUKIYAMA|def|1\n|-unboost|p1b: SHU TSUKIYAMA|spd|1\n|-damage|p1b: SHU TSUKIYAMA|81/100|[from] item: Life Orb\n|move|p2a: Zamazenta|Body Press|p1b: SHU TSUKIYAMA\n|-damage|p1b: SHU TSUKIYAMA|0 fnt\n|faint|p1b: SHU TSUKIYAMA\n|\n|win|xiaoliyunVGC\n|raw|ihatecalyrexes's rating: 1395 &rarr; <strong>1383</strong><br />(-12 for losing)\n|raw|xiaoliyunVGC's rating: 1543 &rarr; <strong>1555</strong><br />(+12 for winning)\n|l|\u2606ihatecalyrexes\n|player|p1|\n","uploadtime":1772898945,"views":13,"formatid":"gen9vgc2026regi","rating":1383,"private":0,"password":null}