{"id":"gen9vgc2026regi-2545928902","format":"[Gen 9] VGC 2026 Reg I","players":["dasabe\u76d6\u6b27\u5361\u4fa0","ConnerTEP"],"log":"|j|\u2606dasabe\u76d6\u6b27\u5361\u4fa0\n|j|\u2606ConnerTEP\n|t:|1771901653\n|gametype|doubles\n|player|p1|dasabe\u76d6\u6b27\u5361\u4fa0|may-masters4|1548\n|player|p2|ConnerTEP|acerola-masters2|1623\n|gen|9\n|tier|[Gen 9] VGC 2026 Reg I\n|rated|\n|rule|Species Clause: Limit one of each Pok\u00e9mon\n|rule|Item Clause: Limit 1 of each item\n|clearpoke\n|poke|p1|Ho-Oh, L50|\n|poke|p1|Incineroar, L50, M|\n|poke|p1|Gothitelle, L50, F|\n|poke|p1|Koraidon, L50|\n|poke|p1|Scream Tail, L50|\n|poke|p1|Flutter Mane, L50|\n|poke|p2|Groudon, L50|\n|poke|p2|Miraidon, L50|\n|poke|p2|Farigiraf, L50, M|\n|poke|p2|Walking Wake, L50|\n|poke|p2|Iron Hands, L50|\n|poke|p2|Ogerpon-Hearthflame, L50, F|\n|teampreview|4\n|inactive|Battle timer is ON: inactive players will automatically lose when time's up. (requested by ConnerTEP)\n|j| Yancy0721\u56fe\u56fe\u72ac\u4fa0\n|\n|t:|1771901674\n|teamsize|p1|4\n|teamsize|p2|4\n|start\n|switch|p1a: \u6545\u5927\u5305\u52d2|Koraidon, L50|100/100\n|switch|p1b: \u9646\u7ffc\u53d1|Flutter Mane, L50, shiny|100/100\n|switch|p2a: Miraidon|Miraidon, L50|100/100\n|switch|p2b: Farigiraf|Farigiraf, L50, M|100/100\n|-fieldstart|move: Electric Terrain|[from] ability: Hadron Engine|[of] p2a: Miraidon\n|-enditem|p2b: Farigiraf|Electric Seed\n|-boost|p2b: Farigiraf|def|1|[from] item: Electric Seed\n|-weather|SunnyDay|[from] ability: Orichalcum Pulse|[of] p1a: \u6545\u5927\u5305\u52d2\n|-activate|p1b: \u9646\u7ffc\u53d1|ability: Protosynthesis\n|-start|p1b: \u9646\u7ffc\u53d1|protosynthesisspe\n|-activate|p1a: \u6545\u5927\u5305\u52d2|Orichalcum Pulse|[source]\n|turn|1\n|inactive|ConnerTEP has 30 seconds left.\n|\n|t:|1771901700\n|-terastallize|p2a: Miraidon|Electric\n|move|p1b: \u9646\u7ffc\u53d1|Moonblast|p2b: Farigiraf\n|-damage|p2b: Farigiraf|52/100\n|move|p2a: Miraidon|Volt Switch|p1b: \u9646\u7ffc\u53d1\n|-damage|p1b: \u9646\u7ffc\u53d1|10/100\n|\n|t:|1771901706\n|switch|p2a: Groudon|Groudon, L50|100/100|[from] Volt Switch\n|move|p1a: \u6545\u5927\u5305\u52d2|Close Combat|p2b: Farigiraf\n|-damage|p2b: Farigiraf|0 fnt\n|-unboost|p1a: \u6545\u5927\u5305\u52d2|def|1\n|-unboost|p1a: \u6545\u5927\u5305\u52d2|spd|1\n|faint|p2b: Farigiraf\n|-damage|p1a: \u6545\u5927\u5305\u52d2|91/100|[from] item: Life Orb\n|\n|-weather|SunnyDay|[upkeep]\n|upkeep\n|\n|t:|1771901710\n|switch|p2b: Miraidon|Miraidon, L50, tera:Electric|100/100\n|-activate|p2b: Miraidon|ability: Hadron Engine\n|turn|2\n|inactive|ConnerTEP has 30 seconds left.\n|inactive|ConnerTEP has 20 seconds left.\n|inactive|ConnerTEP has 15 seconds left.\n|inactive|ConnerTEP has 10 seconds left.\n|inactive|ConnerTEP has 5 seconds left.\n|\n|t:|1771901760\n|move|p1b: \u9646\u7ffc\u53d1|Icy Wind|p2b: Miraidon|[spread] p2a,p2b\n|-supereffective|p2a: Groudon\n|-damage|p2a: Groudon|75/100\n|-damage|p2b: Miraidon|89/100\n|-unboost|p2a: Groudon|spe|1\n|-unboost|p2b: Miraidon|spe|1\n|move|p1a: \u6545\u5927\u5305\u52d2|Close Combat|p2b: Miraidon\n|-crit|p2b: Miraidon\n|-damage|p2b: Miraidon|0 fnt\n|-unboost|p1a: \u6545\u5927\u5305\u52d2|def|1\n|-unboost|p1a: \u6545\u5927\u5305\u52d2|spd|1\n|faint|p2b: Miraidon\n|-damage|p1a: \u6545\u5927\u5305\u52d2|81/100|[from] item: Life Orb\n|move|p2a: Groudon|Precipice Blades|p1a: \u6545\u5927\u5305\u52d2|[spread] p1b\n|-miss|p2a: Groudon|p1a: \u6545\u5927\u5305\u52d2\n|-damage|p1b: \u9646\u7ffc\u53d1|0 fnt\n|faint|p1b: \u9646\u7ffc\u53d1\n|-end|p1b: \u9646\u7ffc\u53d1|Protosynthesis|[silent]\n|\n|-weather|SunnyDay|[upkeep]\n|-heal|p2a: Groudon|82/100|[from] item: Leftovers\n|upkeep\n|\n|t:|1771901772\n|switch|p1b: \u7d2b\u5c3e|Scream Tail, L50, shiny|100/100\n|switch|p2b: Iron Hands|Iron Hands, L50|100/100\n|-activate|p1b: \u7d2b\u5c3e|ability: Protosynthesis\n|-start|p1b: \u7d2b\u5c3e|protosynthesisspe\n|-activate|p2b: Iron Hands|ability: Quark Drive\n|-start|p2b: Iron Hands|quarkdriveatk\n|turn|3\n|\n|t:|1771901781\n|move|p1b: \u7d2b\u5c3e|Protect|p1b: \u7d2b\u5c3e\n|-singleturn|p1b: \u7d2b\u5c3e|Protect\n|move|p1a: \u6545\u5927\u5305\u52d2|Protect|p1a: \u6545\u5927\u5305\u52d2\n|-singleturn|p1a: \u6545\u5927\u5305\u52d2|Protect\n|move|p2a: Groudon|Precipice Blades|p1a: \u6545\u5927\u5305\u52d2|[spread] \n|-activate|p1a: \u6545\u5927\u5305\u52d2|move: Protect\n|-activate|p1b: \u7d2b\u5c3e|move: Protect\n|move|p2b: Iron Hands|Wild Charge|p1b: \u7d2b\u5c3e\n|-activate|p1b: \u7d2b\u5c3e|move: Protect\n|\n|-weather|SunnyDay|[upkeep]\n|-heal|p2a: Groudon|88/100|[from] item: Leftovers\n|upkeep\n|turn|4\n|\n|t:|1771901797\n|move|p1b: \u7d2b\u5c3e|Disable|p2a: Groudon\n|-start|p2a: Groudon|Disable|Precipice Blades\n|move|p1a: \u6545\u5927\u5305\u52d2|Close Combat|p2b: Iron Hands\n|-damage|p2b: Iron Hands|20/100\n|-unboost|p1a: \u6545\u5927\u5305\u52d2|def|1\n|-unboost|p1a: \u6545\u5927\u5305\u52d2|spd|1\n|-damage|p1a: \u6545\u5927\u5305\u52d2|72/100|[from] item: Life Orb\n|move|p2a: Groudon|Heat Crash|p1b: \u7d2b\u5c3e\n|-damage|p1b: \u7d2b\u5c3e|51/100\n|move|p2b: Iron Hands|Low Kick|p1a: \u6545\u5927\u5305\u52d2\n|-damage|p1a: \u6545\u5927\u5305\u52d2|0 fnt\n|faint|p1a: \u6545\u5927\u5305\u52d2\n|\n|-weather|SunnyDay|[upkeep]\n|-heal|p2a: Groudon|94/100|[from] item: Leftovers\n|upkeep\n|\n|t:|1771901800\n|switch|p1a: \u54e5\u7684\u5c0f\u5934|Gothitelle, L50, F|100/100\n|turn|5\n|l| Yancy0721\u56fe\u56fe\u72ac\u4fa0\n|\n|t:|1771901818\n|-terastallize|p1a: \u54e5\u7684\u5c0f\u5934|Water\n|move|p1b: \u7d2b\u5c3e|Perish Song|p1b: \u7d2b\u5c3e\n|-start|p1a: \u54e5\u7684\u5c0f\u5934|perish3|[silent]\n|-start|p1b: \u7d2b\u5c3e|perish3|[silent]\n|-start|p2a: Groudon|perish3|[silent]\n|-start|p2b: Iron Hands|perish3|[silent]\n|-fieldactivate|move: Perish Song\n|move|p1a: \u54e5\u7684\u5c0f\u5934|Psychic|p2b: Iron Hands\n|-supereffective|p2b: Iron Hands\n|-damage|p2b: Iron Hands|0 fnt\n|faint|p2b: Iron Hands\n|-end|p2b: Iron Hands|Quark Drive|[silent]\n|move|p2a: Groudon|Heat Crash|p1b: \u7d2b\u5c3e\n|-damage|p1b: \u7d2b\u5c3e|0 fnt\n|faint|p1b: \u7d2b\u5c3e\n|-end|p1b: \u7d2b\u5c3e|Protosynthesis|[silent]\n|\n|-weather|none\n|-heal|p2a: Groudon|100/100|[from] item: Leftovers\n|-start|p1a: \u54e5\u7684\u5c0f\u5934|perish3\n|-start|p2a: Groudon|perish3\n|-fieldend|move: Electric Terrain\n|upkeep\n|turn|6\n|j| Yancy0721\u56fe\u56fe\u72ac\u4fa0\n|\n|t:|1771901834\n|move|p1a: \u54e5\u7684\u5c0f\u5934|Psychic|p2a: Groudon\n|-damage|p2a: Groudon|74/100\n|move|p2a: Groudon|Bulk Up|p2a: Groudon\n|-boost|p2a: Groudon|atk|1\n|-boost|p2a: Groudon|def|1\n|\n|-heal|p2a: Groudon|80/100|[from] item: Leftovers\n|-start|p1a: \u54e5\u7684\u5c0f\u5934|perish2\n|-start|p2a: Groudon|perish2\n|upkeep\n|turn|7\n|inactive|dasabe\u76d6\u6b27\u5361\u4fa0 has 30 seconds left.\n|inactive|dasabe\u76d6\u6b27\u5361\u4fa0 has 20 seconds left.\n|inactive|dasabe\u76d6\u6b27\u5361\u4fa0 has 15 seconds left.\n|\n|t:|1771901876\n|move|p1a: \u54e5\u7684\u5c0f\u5934|Taunt|p2a: Groudon\n|-start|p2a: Groudon|move: Taunt\n|move|p2a: Groudon|Heat Crash|p1a: \u54e5\u7684\u5c0f\u5934\n|-resisted|p1a: \u54e5\u7684\u5c0f\u5934\n|-damage|p1a: \u54e5\u7684\u5c0f\u5934|74/100\n|\n|-heal|p1a: \u54e5\u7684\u5c0f\u5934|80/100|[from] item: Leftovers\n|-heal|p2a: Groudon|86/100|[from] item: Leftovers\n|-end|p2a: Groudon|Disable\n|-start|p1a: \u54e5\u7684\u5c0f\u5934|perish1\n|-start|p2a: Groudon|perish1\n|upkeep\n|turn|8\n|\n|t:|1771901883\n|move|p1a: \u54e5\u7684\u5c0f\u5934|Protect|p1a: \u54e5\u7684\u5c0f\u5934\n|-singleturn|p1a: \u54e5\u7684\u5c0f\u5934|Protect\n|move|p2a: Groudon|Precipice Blades|p1a: \u54e5\u7684\u5c0f\u5934\n|-activate|p1a: \u54e5\u7684\u5c0f\u5934|move: Protect\n|\n|-heal|p1a: \u54e5\u7684\u5c0f\u5934|86/100|[from] item: Leftovers\n|-heal|p2a: Groudon|93/100|[from] item: Leftovers\n|-start|p1a: \u54e5\u7684\u5c0f\u5934|perish0\n|-start|p2a: Groudon|perish0\n|faint|p1a: \u54e5\u7684\u5c0f\u5934\n|faint|p2a: Groudon\n|\n|win|ConnerTEP\n|raw|dasabe\u76d6\u6b27\u5361\u4fa0's rating: 1548 &rarr; <strong>1532</strong><br />(-16 for losing)\n|raw|ConnerTEP's rating: 1623 &rarr; <strong>1639</strong><br />(+16 for winning)\n|c|\u2606ConnerTEP|gg\n|l|\u2606dasabe\u76d6\u6b27\u5361\u4fa0\n|player|p1|\n|l| Yancy0721\u56fe\u56fe\u72ac\u4fa0\n","uploadtime":1771901935,"views":86,"formatid":"gen9vgc2026regi","rating":1532,"private":0,"password":null}