{"id":"gen9vgc2026regi-2558618565","format":"[Gen 9] VGC 2026 Reg I","players":["Nato Watom","sleemo2"],"log":"|j|\u2606Nato Watom\n|j|\u2606sleemo2\n|t:|1773454571\n|gametype|doubles\n|player|p1|Nato Watom|petrel|1136\n|player|p2|sleemo2|acetrainerf|1182\n|gen|9\n|tier|[Gen 9] VGC 2026 Reg I\n|rated|\n|rule|Species Clause: Limit one of each Pok\u00e9mon\n|rule|Item Clause: Limit 1 of each item\n|clearpoke\n|poke|p1|Zacian-*, L50|\n|poke|p1|Calyrex-Shadow, L50|\n|poke|p1|Gouging Fire, L50|\n|poke|p1|Hariyama, L50, M|\n|poke|p1|Ribombee, L50, M|\n|poke|p1|Indeedee, L50, M|\n|poke|p2|Calyrex-Shadow, L50|\n|poke|p2|Zamazenta-*, L50|\n|poke|p2|Whimsicott, L50, M|\n|poke|p2|Ogerpon-Cornerstone, L50, F|\n|poke|p2|Chien-Pao, L50|\n|poke|p2|Incineroar, L50, F|\n|teampreview|4\n|inactive|Battle timer is ON: inactive players will automatically lose when time's up. (requested by Nato Watom)\n|inactive|Nato Watom has 60 seconds left.\n|\n|t:|1773454633\n|teamsize|p1|4\n|teamsize|p2|4\n|start\n|switch|p1a: Calyrex|Calyrex-Shadow, L50|100/100\n|switch|p1b: Ribombee|Ribombee, L50, M, shiny|100/100\n|switch|p2a: Chien-Pao|Chien-Pao, L50|100/100\n|switch|p2b: Zamazenta|Zamazenta-Crowned, L50|100/100\n|-ability|p1a: Calyrex|As One\n|-ability|p1a: Calyrex|Unnerve\n|-ability|p2a: Chien-Pao|Sword of Ruin\n|-ability|p2b: Zamazenta|Dauntless Shield|boost\n|-boost|p2b: Zamazenta|def|1\n|turn|1\n|\n|t:|1773454648\n|move|p1a: Calyrex|Protect|p1a: Calyrex\n|-singleturn|p1a: Calyrex|Protect\n|move|p1b: Ribombee|Protect|p1b: Ribombee\n|-singleturn|p1b: Ribombee|Protect\n|move|p2a: Chien-Pao|Icy Wind|p1a: Calyrex|[spread] \n|-activate|p1a: Calyrex|move: Protect\n|-activate|p1b: Ribombee|move: Protect\n|move|p2b: Zamazenta|Heavy Slam|p1a: Calyrex\n|-activate|p1a: Calyrex|move: Protect\n|\n|upkeep\n|turn|2\n|inactive|Nato Watom has 30 seconds left.\n|\n|t:|1773454678\n|switch|p1a: Hariyama|Hariyama, L50, M|100/100\n|move|p2a: Chien-Pao|Icy Wind|p1a: Hariyama|[spread] p1a,p1b\n|-damage|p1a: Hariyama|94/100\n|-damage|p1b: Ribombee|84/100\n|move|p1b: Ribombee|Tailwind|p1b: Ribombee\n|-sidestart|p1: Nato Watom|move: Tailwind\n|move|p2b: Zamazenta|Heavy Slam|p1a: Hariyama\n|-damage|p1a: Hariyama|59/100\n|\n|upkeep\n|turn|3\n|inactive|sleemo2 has 30 seconds left.\n|\n|t:|1773454706\n|switch|p2a: Whimsicott|Whimsicott, L50, M|100/100\n|move|p1a: Hariyama|Fake Out|p2a: Whimsicott\n|-damage|p2a: Whimsicott|87/100\n|move|p1b: Ribombee|Pollen Puff|p2a: Whimsicott\n|-damage|p2a: Whimsicott|54/100\n|move|p2b: Zamazenta|Body Press|p1a: Hariyama\n|-damage|p1a: Hariyama|0 fnt\n|faint|p1a: Hariyama\n|\n|upkeep\n|\n|t:|1773454715\n|switch|p1a: Zacian|Zacian-Crowned, L50, shiny|100/100\n|-ability|p1a: Zacian|Intrepid Sword|boost\n|-boost|p1a: Zacian|atk|1\n|turn|4\n|\n|t:|1773454728\n|move|p1b: Ribombee|Helping Hand|p1a: Zacian\n|-singleturn|p1a: Zacian|Helping Hand|[of] p1b: Ribombee\n|move|p2a: Whimsicott|Tailwind|p2a: Whimsicott\n|-sidestart|p2: sleemo2|move: Tailwind\n|move|p1a: Zacian|Sacred Sword|p2b: Zamazenta\n|-supereffective|p2b: Zamazenta\n|-damage|p2b: Zamazenta|13/100\n|move|p2b: Zamazenta|Body Press|p1a: Zacian\n|-damage|p1a: Zacian|36/100\n|\n|upkeep\n|turn|5\n|\n|t:|1773454751\n|move|p2b: Zamazenta|Protect|p2b: Zamazenta\n|-singleturn|p2b: Zamazenta|Protect\n|move|p1a: Zacian|Sacred Sword|p2b: Zamazenta\n|-activate|p2b: Zamazenta|move: Protect\n|move|p1b: Ribombee|Pollen Puff|p1a: Zacian\n|-heal|p1a: Zacian|86/100\n|move|p2a: Whimsicott|Moonblast|p1b: Ribombee\n|-damage|p1b: Ribombee|47/100\n|\n|-sideend|p1: Nato Watom|move: Tailwind\n|upkeep\n|turn|6\n|inactive|Nato Watom has 30 seconds left.\n|\n|t:|1773454781\n|move|p1a: Zacian|Protect|p1a: Zacian\n|-singleturn|p1a: Zacian|Protect\n|move|p1b: Ribombee|Protect|p1b: Ribombee\n|-singleturn|p1b: Ribombee|Protect\n|move|p2b: Zamazenta|Heavy Slam|p1b: Ribombee\n|-activate|p1b: Ribombee|move: Protect\n|move|p2a: Whimsicott|Moonblast|p1a: Zacian\n|-activate|p1a: Zacian|move: Protect\n|\n|upkeep\n|turn|7\n|\n|t:|1773454801\n|switch|p1a: Calyrex|Calyrex-Shadow, L50|100/100\n|-ability|p1a: Calyrex|As One\n|-ability|p1a: Calyrex|Unnerve\n|-terastallize|p1b: Ribombee|Water\n|move|p2a: Whimsicott|Helping Hand|p2b: Zamazenta\n|-singleturn|p2b: Zamazenta|Helping Hand|[of] p2a: Whimsicott\n|move|p2b: Zamazenta|Body Press|p1a: Calyrex\n|-immune|p1a: Calyrex\n|move|p1b: Ribombee|Tailwind|p1b: Ribombee\n|-sidestart|p1: Nato Watom|move: Tailwind\n|\n|-sideend|p2: sleemo2|move: Tailwind\n|upkeep\n|turn|8\n|inactive|Nato Watom has 30 seconds left.\n|\n|t:|1773454831\n|move|p2b: Zamazenta|Protect|p2b: Zamazenta\n|-singleturn|p2b: Zamazenta|Protect\n|move|p2a: Whimsicott|Tailwind|p2a: Whimsicott\n|-sidestart|p2: sleemo2|move: Tailwind\n|move|p1a: Calyrex|Encore|p2b: Zamazenta\n|-activate|p2b: Zamazenta|move: Protect\n|move|p1b: Ribombee|Pollen Puff|p2a: Whimsicott\n|-damage|p2a: Whimsicott|17/100\n|\n|upkeep\n|turn|9\n|\n|t:|1773454848\n|move|p1a: Calyrex|Encore|p2b: Zamazenta\n|-start|p2b: Zamazenta|Encore\n|move|p1b: Ribombee|Pollen Puff|p2a: Whimsicott\n|-crit|p2a: Whimsicott\n|-damage|p2a: Whimsicott|0 fnt\n|faint|p2a: Whimsicott\n|move|p2b: Zamazenta|Protect||[still]\n|-fail|p2b: Zamazenta\n|\n|upkeep\n|\n|t:|1773454853\n|switch|p2a: Calyrex|Calyrex-Shadow, L50|100/100\n|-ability|p2a: Calyrex|As One\n|-ability|p2a: Calyrex|Unnerve\n|turn|10\n|\n|t:|1773454861\n|-terastallize|p2a: Calyrex|Ghost\n|move|p1b: Ribombee|Helping Hand|p1a: Calyrex\n|-singleturn|p1a: Calyrex|Helping Hand|[of] p1b: Ribombee\n|move|p2b: Zamazenta|Protect|p2b: Zamazenta\n|-singleturn|p2b: Zamazenta|Protect\n|move|p2a: Calyrex|Astral Barrage|p1a: Calyrex|[spread] p1a,p1b\n|-supereffective|p1a: Calyrex\n|-enditem|p1a: Calyrex|Focus Sash\n|-damage|p1a: Calyrex|1/100\n|-damage|p1b: Ribombee|0 fnt\n|faint|p1b: Ribombee\n|-ability|p2a: Calyrex|Grim Neigh|boost\n|-boost|p2a: Calyrex|spa|1\n|move|p1a: Calyrex|Astral Barrage|p2a: Calyrex|[spread] p2a\n|-activate|p2b: Zamazenta|move: Protect\n|-supereffective|p2a: Calyrex\n|-enditem|p2a: Calyrex|Focus Sash\n|-damage|p2a: Calyrex|1/100\n|\n|-sideend|p1: Nato Watom|move: Tailwind\n|upkeep\n|\n|t:|1773454871\n|switch|p1b: Zacian|Zacian-Crowned, L50, shiny|86/100\n|turn|11\n|\n|t:|1773454876\n|move|p2b: Zamazenta|Protect|p2b: Zamazenta\n|-singleturn|p2b: Zamazenta|Protect\n|move|p1a: Calyrex|Protect|p1a: Calyrex\n|-singleturn|p1a: Calyrex|Protect\n|move|p1b: Zacian|Protect|p1b: Zacian\n|-singleturn|p1b: Zacian|Protect\n|move|p2a: Calyrex|Astral Barrage|p1b: Zacian|[spread] \n|-activate|p1a: Calyrex|move: Protect\n|-activate|p1b: Zacian|move: Protect\n|\n|-end|p2b: Zamazenta|Encore\n|-sideend|p2: sleemo2|move: Tailwind\n|upkeep\n|turn|12\n|\n|t:|1773454895\n|move|p2b: Zamazenta|Wide Guard|p2b: Zamazenta\n|-singleturn|p2b: Zamazenta|Wide Guard\n|move|p1a: Calyrex|Expanding Force|p2a: Calyrex\n|-damage|p2a: Calyrex|0 fnt\n|faint|p2a: Calyrex\n|-ability|p1a: Calyrex|Grim Neigh|boost\n|-boost|p1a: Calyrex|spa|1\n|move|p1b: Zacian|Sacred Sword|p2b: Zamazenta\n|-supereffective|p2b: Zamazenta\n|-damage|p2b: Zamazenta|0 fnt\n|faint|p2b: Zamazenta\n|\n|upkeep\n|\n|t:|1773454902\n|switch|p2a: Chien-Pao|Chien-Pao, L50|100/100\n|-ability|p2a: Chien-Pao|Sword of Ruin\n|turn|13\n|c|\u2606sleemo2|speed tie crazy\n|\n|t:|1773454915\n|move|p2a: Chien-Pao|Icy Wind|p1a: Calyrex|[spread] p1a,p1b\n|-resisted|p1b: Zacian\n|-damage|p1a: Calyrex|0 fnt\n|-damage|p1b: Zacian|80/100\n|-unboost|p1b: Zacian|spe|1\n|faint|p1a: Calyrex\n|move|p1b: Zacian|Sacred Sword|p2a: Chien-Pao\n|-supereffective|p2a: Chien-Pao\n|-damage|p2a: Chien-Pao|0 fnt\n|faint|p2a: Chien-Pao\n|\n|win|Nato Watom\n|raw|Nato Watom's rating: 1136 &rarr; <strong>1164</strong><br />(+28 for winning)\n|raw|sleemo2's rating: 1182 &rarr; <strong>1154</strong><br />(-28 for losing)\n|l|\u2606Nato Watom\n|player|p1|\n|l|\u2606sleemo2\n|player|p2|\n","uploadtime":1773454915,"views":13,"formatid":"gen9vgc2026regi","rating":1154,"private":0,"password":null}