{"id":"gen9vgc2026regi-2562406711","format":"[Gen 9] VGC 2026 Reg I","players":["Curemenso","KaiMVGC"],"log":"|j|\u2606Curemenso\n|j|\u2606KaiMVGC\n|t:|1773912338\n|gametype|doubles\n|player|p1|Curemenso|ethan|1177\n|player|p2|KaiMVGC|boarder|1138\n|gen|9\n|tier|[Gen 9] VGC 2026 Reg I\n|rated|\n|rule|Species Clause: Limit one of each Pok\u00e9mon\n|rule|Item Clause: Limit 1 of each item\n|clearpoke\n|poke|p1|Decidueye, L50, F|\n|poke|p1|Ho-Oh, L50|\n|poke|p1|Calyrex-Ice, L50|\n|poke|p1|Ursaluna, L50, M|\n|poke|p1|Flutter Mane, L50|\n|poke|p1|Rotom-Wash, L50|\n|poke|p2|Calyrex-Shadow, L50|\n|poke|p2|Incineroar, L50, M|\n|poke|p2|Rillaboom, L50, M|\n|poke|p2|Amoonguss, L50, M|\n|teampreview|4\n|inactive|Battle timer is ON: inactive players will automatically lose when time's up. (requested by Curemenso)\n|inactive|Curemenso has 60 seconds left.\n|inactive|KaiMVGC has 60 seconds left.\n|\n|t:|1773912375\n|teamsize|p1|4\n|teamsize|p2|4\n|start\n|switch|p1a: Decidueye|Decidueye, L50, F, shiny|100/100\n|switch|p1b: Calyrex|Calyrex-Ice, L50|100/100\n|switch|p2a: Incineroar|Incineroar, L50, M|100/100\n|switch|p2b: Amoonguss|Amoonguss, L50, M|100/100\n|-ability|p1b: Calyrex|As One\n|-ability|p1b: Calyrex|Unnerve\n|-ability|p2a: Incineroar|Intimidate|boost\n|-unboost|p1a: Decidueye|atk|1\n|-fail|p1b: Calyrex|unboost|[from] item: Clear Amulet|[of] p1b: Calyrex\n|turn|1\n|\n|t:|1773912396\n|-terastallize|p1a: Decidueye|Flying\n|move|p1b: Calyrex|Protect|p1b: Calyrex\n|-singleturn|p1b: Calyrex|Protect\n|move|p2b: Amoonguss|Protect|p2b: Amoonguss\n|-singleturn|p2b: Amoonguss|Protect\n|move|p1a: Decidueye|Brave Bird|p2b: Amoonguss\n|-activate|p2b: Amoonguss|move: Protect\n|move|p2a: Incineroar|Knock Off|p1a: Decidueye\n|-damage|p1a: Decidueye|56/100\n|-enditem|p1a: Decidueye|Choice Band|[from] move: Knock Off|[of] p2a: Incineroar\n|\n|upkeep\n|turn|2\n|inactive|Curemenso has 30 seconds left.\n|\n|t:|1773912425\n|-terastallize|p2b: Amoonguss|Fire\n|move|p1a: Decidueye|Leaf Blade|p2b: Amoonguss\n|-resisted|p2b: Amoonguss\n|-damage|p2b: Amoonguss|86/100\n|move|p1b: Calyrex|Glacial Lance|p2b: Amoonguss|[spread] p2a,p2b\n|-resisted|p2a: Incineroar\n|-resisted|p2b: Amoonguss\n|-damage|p2a: Incineroar|81/100\n|-damage|p2b: Amoonguss|60/100\n|move|p2a: Incineroar|Will-O-Wisp|p1b: Calyrex\n|-status|p1b: Calyrex|brn\n|move|p2b: Amoonguss|Spore|p1a: Decidueye\n|-status|p1a: Decidueye|slp|[from] move: Spore\n|\n|-damage|p1b: Calyrex|95/100 brn|[from] brn\n|upkeep\n|turn|3\n|inactive|Curemenso has 30 seconds left.\n|\n|t:|1773912456\n|switch|p2b: Calyrex|Calyrex-Shadow, L50|100/100\n|-ability|p2b: Calyrex|As One\n|-ability|p2b: Calyrex|Unnerve\n|cant|p1a: Decidueye|slp\n|move|p1b: Calyrex|High Horsepower|p2a: Incineroar\n|-supereffective|p2a: Incineroar\n|-damage|p2a: Incineroar|53/100\n|move|p2a: Incineroar|Knock Off|p1b: Calyrex\n|-supereffective|p1b: Calyrex\n|-damage|p1b: Calyrex|47/100 brn\n|-enditem|p1b: Calyrex|Clear Amulet|[from] move: Knock Off|[of] p2a: Incineroar\n|\n|-damage|p1b: Calyrex|42/100 brn|[from] brn\n|upkeep\n|turn|4\n|\n|t:|1773912479\n|switch|p1b: Ursaluna|Ursaluna, L50, M|100/100\n|switch|p2a: Amoonguss|Amoonguss, L50, M, tera:Fire|93/100\n|cant|p1a: Decidueye|slp\n|move|p2b: Calyrex|Astral Barrage|p1a: Decidueye|[spread] p1a\n|-immune|p1b: Ursaluna\n|-damage|p1a: Decidueye|10/100 slp\n|\n|-status|p1b: Ursaluna|brn|[from] item: Flame Orb\n|upkeep\n|turn|5\n|\n|t:|1773912497\n|move|p2a: Amoonguss|Rage Powder|p2a: Amoonguss\n|-singleturn|p2a: Amoonguss|move: Rage Powder\n|cant|p1a: Decidueye|slp\n|move|p2b: Calyrex|Nasty Plot|p2b: Calyrex\n|-boost|p2b: Calyrex|spa|2\n|move|p1b: Ursaluna|Earthquake|p2b: Calyrex|[spread] p2a,p2b\n|-immune|p1a: Decidueye\n|-supereffective|p2a: Amoonguss\n|-damage|p2a: Amoonguss|0 fnt\n|-damage|p2b: Calyrex|32/100\n|faint|p2a: Amoonguss\n|\n|-damage|p1b: Ursaluna|95/100 brn|[from] brn\n|upkeep\n|\n|t:|1773912499\n|switch|p2a: Rillaboom|Rillaboom, L50, M|100/100\n|-fieldstart|move: Grassy Terrain|[from] ability: Grassy Surge|[of] p2a: Rillaboom\n|turn|6\n|\n|t:|1773912520\n|move|p1b: Ursaluna|Protect|p1b: Ursaluna\n|-singleturn|p1b: Ursaluna|Protect\n|-curestatus|p1a: Decidueye|slp|[msg]\n|move|p1a: Decidueye|Shadow Sneak|p2b: Calyrex\n|-supereffective|p2b: Calyrex\n|-damage|p2b: Calyrex|0 fnt\n|faint|p2b: Calyrex\n|move|p2a: Rillaboom|Wood Hammer|p1b: Ursaluna\n|-activate|p1b: Ursaluna|move: Protect\n|\n|-heal|p1b: Ursaluna|100/100 brn|[from] Grassy Terrain\n|-damage|p1b: Ursaluna|95/100 brn|[from] brn\n|upkeep\n|-message|KaiMVGC forfeited.\n|\n|win|Curemenso\n|raw|Curemenso's rating: 1177 &rarr; <strong>1199</strong><br />(+22 for winning)\n|raw|KaiMVGC's rating: 1138 &rarr; <strong>1116</strong><br />(-22 for losing)\n|l|\u2606KaiMVGC\n|player|p2|\n|l|\u2606Curemenso\n|player|p1|\n","uploadtime":1773912817,"views":10,"formatid":"gen9vgc2026regi","rating":1116,"private":0,"password":null}