{"id":"gen9vgc2026regi-2562212986","format":"[Gen 9] VGC 2026 Reg I","players":["It'sJustKen VGC","TimeforCHILLI"],"log":"|j|\u2606It'sJustKen VGC\n|j|\u2606TimeforCHILLI\n|t:|1773883063\n|gametype|doubles\n|player|p1|It'sJustKen VGC|265|\n|player|p2|TimeforCHILLI|caitlin|\n|gen|9\n|tier|[Gen 9] VGC 2026 Reg I\n|rated|Tournament battle\n|rule|Species Clause: Limit one of each Pok\u00e9mon\n|rule|Item Clause: Limit 1 of each item\n|raw|<div class=\"infobox\"><details class=\"readmore\" open><summary><strong>3 custom rules:</strong></summary> Open Team Sheets, Force Open Team Sheets, !Open Team Sheets</details></div>\n|clearpoke\n|poke|p1|Iron Hands, L50|\n|poke|p1|Incineroar, L50, M|\n|poke|p1|Calyrex-Shadow, L50|\n|poke|p1|Whimsicott, L50, M|\n|poke|p1|Farigiraf, L50, F|\n|poke|p1|Miraidon, L50|\n|poke|p2|Groudon, L50|\n|poke|p2|Kyogre, L50|\n|poke|p2|Flutter Mane, L50|\n|poke|p2|Wo-Chien, L50|\n|poke|p2|Raging Bolt, L50|\n|poke|p2|Slither Wing, L50|\n|teampreview|4\n|showteam|p1|Iron Hands||AssaultVest|QuarkDrive|FakeOut,DrainPunch,WildCharge,LowKick||||||50|,,,,,Water]Incineroar||RockyHelmet|Intimidate|FakeOut,Uturn,KnockOff,FlareBlitz|||M|||50|,,,,,Bug]Calyrex-Shadow||FocusSash|AsOneSpectrier|Protect,AstralBarrage,Psychic,Imprison||||||50|,,,,,Ghost]Whimsicott||CovertCloak|Prankster|Tailwind,Encore,Moonblast,LightScreen|||M|||50|,,,,,Fire]Farigiraf||ElectricSeed|ArmorTail|TrickRoom,Roar,Psychic,HelpingHand|||F|||50|,,,,,Water]Miraidon||ChoiceSpecs|HadronEngine|ElectroDrift,VoltSwitch,DracoMeteor,DazzlingGleam||||||50|,,,,,Fairy\n|showteam|p2|Groudon||WideLens|Drought|PrecipiceBlades,HeatCrash,WillOWisp,ThunderWave||||||50|,,,,,Fire]Kyogre||AssaultVest|Drizzle|WaterSpout,OriginPulse,Thunder,IceBeam||||||50|,,,,,Electric]Flutter Mane||FocusSash|Protosynthesis|Moonblast,IcyWind,Taunt,Protect||||||50|,,,,,Normal]Wo-Chien||Leftovers|TabletsofRuin|PollenPuff,Ruination,LeechSeed,Protect||||||50|,,,,,Fairy]Raging Bolt||CovertCloak|Protosynthesis|Thunderbolt,Thunderclap,WeatherBall,Protect||||||50|,,,,,Fire]Slither Wing||LifeOrb|Protosynthesis|FirstImpression,CloseCombat,Uturn,Protect||||||50|,,,,,Bug\n|inactive|Battle timer is ON: inactive players will automatically lose when time's up. (requested by It'sJustKen VGC)\n|inactive|It'sJustKen VGC has 60 seconds left.\n|inactive|TimeforCHILLI has 60 seconds left.\n|\n|t:|1773883113\n|teamsize|p1|4\n|teamsize|p2|4\n|start\n|switch|p1a: Farigiraf|Farigiraf, L50, F|100/100\n|switch|p1b: Miraidon|Miraidon, L50, shiny|100/100\n|switch|p2a: \u3056\u3053|Kyogre, L50|100/100\n|switch|p2b: \u30ad\u30e3\u30f3\u30c7\u30a3\u30af\u30c3\u30ad\u30fc\u30c1\u30e7\u30b3\u30ec\u30c3\u30c8~\u2661|Flutter Mane, L50|100/100\n|-fieldstart|move: Electric Terrain|[from] ability: Hadron Engine|[of] p1b: Miraidon\n|-enditem|p1a: Farigiraf|Electric Seed\n|-boost|p1a: Farigiraf|def|1|[from] item: Electric Seed\n|-weather|RainDance|[from] ability: Drizzle|[of] p2a: \u3056\u3053\n|turn|1\n|inactive|It'sJustKen VGC has 30 seconds left.\n|inactive|TimeforCHILLI has 30 seconds left.\n|inactive|It'sJustKen VGC has 20 seconds left.\n|inactive|TimeforCHILLI has 20 seconds left.\n|inactive|It'sJustKen VGC has 15 seconds left.\n|inactive|TimeforCHILLI has 15 seconds left.\n|inactive|TimeforCHILLI has 10 seconds left.\n|\n|t:|1773883160\n|-terastallize|p2a: \u3056\u3053|Electric\n|move|p2b: \u30ad\u30e3\u30f3\u30c7\u30a3\u30af\u30c3\u30ad\u30fc\u30c1\u30e7\u30b3\u30ec\u30c3\u30c8~\u2661|Moonblast|p1b: Miraidon\n|-supereffective|p1b: Miraidon\n|-damage|p1b: Miraidon|27/100\n|move|p1b: Miraidon|Volt Switch|p2b: \u30ad\u30e3\u30f3\u30c7\u30a3\u30af\u30c3\u30ad\u30fc\u30c1\u30e7\u30b3\u30ec\u30c3\u30c8~\u2661\n|-enditem|p2b: \u30ad\u30e3\u30f3\u30c7\u30a3\u30af\u30c3\u30ad\u30fc\u30c1\u30e7\u30b3\u30ec\u30c3\u30c8~\u2661|Focus Sash\n|-damage|p2b: \u30ad\u30e3\u30f3\u30c7\u30a3\u30af\u30c3\u30ad\u30fc\u30c1\u30e7\u30b3\u30ec\u30c3\u30c8~\u2661|1/100\n|\n|t:|1773883176\n|switch|p1b: Iron Hands|Iron Hands, L50|100/100|[from] Volt Switch\n|-activate|p1b: Iron Hands|ability: Quark Drive\n|-start|p1b: Iron Hands|quarkdriveatk\n|move|p2a: \u3056\u3053|Water Spout|p1b: Iron Hands|[spread] p1a,p1b\n|-damage|p1a: Farigiraf|18/100\n|-damage|p1b: Iron Hands|55/100\n|move|p1a: Farigiraf|Psychic|p2b: \u30ad\u30e3\u30f3\u30c7\u30a3\u30af\u30c3\u30ad\u30fc\u30c1\u30e7\u30b3\u30ec\u30c3\u30c8~\u2661\n|-damage|p2b: \u30ad\u30e3\u30f3\u30c7\u30a3\u30af\u30c3\u30ad\u30fc\u30c1\u30e7\u30b3\u30ec\u30c3\u30c8~\u2661|0 fnt\n|faint|p2b: \u30ad\u30e3\u30f3\u30c7\u30a3\u30af\u30c3\u30ad\u30fc\u30c1\u30e7\u30b3\u30ec\u30c3\u30c8~\u2661\n|-end|p2b: \u30ad\u30e3\u30f3\u30c7\u30a3\u30af\u30c3\u30ad\u30fc\u30c1\u30e7\u30b3\u30ec\u30c3\u30c8~\u2661|Protosynthesis|[silent]\n|\n|-weather|RainDance|[upkeep]\n|upkeep\n|\n|t:|1773883195\n|switch|p2b: GROUND\u30de\u30cb\u30a2|Groudon, L50|100/100\n|-weather|SunnyDay|[from] ability: Drought|[of] p2b: GROUND\u30de\u30cb\u30a2\n|turn|2\n|inactive|It'sJustKen VGC has 30 seconds left.\n|inactive|It'sJustKen VGC has 20 seconds left.\n|inactive|It'sJustKen VGC has 15 seconds left.\n|\n|t:|1773883238\n|switch|p2a: \u30aa\u30fc\u30d0\u30fc\u30e9\u30a4\u30c9|Raging Bolt, L50|100/100\n|-activate|p2a: \u30aa\u30fc\u30d0\u30fc\u30e9\u30a4\u30c9|ability: Protosynthesis\n|-start|p2a: \u30aa\u30fc\u30d0\u30fc\u30e9\u30a4\u30c9|protosynthesisspa\n|switch|p1a: Incineroar|Incineroar, L50, M|100/100\n|-ability|p1a: Incineroar|Intimidate|boost\n|-unboost|p2a: \u30aa\u30fc\u30d0\u30fc\u30e9\u30a4\u30c9|atk|1\n|-unboost|p2b: GROUND\u30de\u30cb\u30a2|atk|1\n|-terastallize|p1b: Iron Hands|Water\n|move|p1b: Iron Hands|Fake Out|p2a: \u30aa\u30fc\u30d0\u30fc\u30e9\u30a4\u30c9\n|-damage|p2a: \u30aa\u30fc\u30d0\u30fc\u30e9\u30a4\u30c9|82/100\n|move|p2b: GROUND\u30de\u30cb\u30a2|Precipice Blades|p1b: Iron Hands|[spread] p1a,p1b\n|-supereffective|p1a: Incineroar\n|-crit|p1a: Incineroar\n|-damage|p1a: Incineroar|11/100\n|-damage|p1b: Iron Hands|37/100\n|\n|-weather|SunnyDay|[upkeep]\n|upkeep\n|turn|3\n|inactive|TimeforCHILLI has 30 seconds left.\n|inactive|TimeforCHILLI has 20 seconds left.\n|\n|t:|1773883274\n|-end|p1b: Iron Hands|Quark Drive|[silent]\n|switch|p1b: Miraidon|Miraidon, L50, shiny|27/100\n|-activate|p1b: Miraidon|ability: Hadron Engine\n|move|p1a: Incineroar|Fake Out|p2b: GROUND\u30de\u30cb\u30a2\n|-damage|p2b: GROUND\u30de\u30cb\u30a2|93/100\n|move|p2a: \u30aa\u30fc\u30d0\u30fc\u30e9\u30a4\u30c9|Thunderbolt|p1b: Miraidon\n|-resisted|p1b: Miraidon\n|-damage|p1b: Miraidon|11/100\n|cant|p2b: GROUND\u30de\u30cb\u30a2|flinch\n|\n|-weather|SunnyDay|[upkeep]\n|upkeep\n|turn|4\n|\n|t:|1773883298\n|switch|p1a: Farigiraf|Farigiraf, L50, F|18/100\n|move|p2a: \u30aa\u30fc\u30d0\u30fc\u30e9\u30a4\u30c9|Thunderclap||[still]\n|cant|p1a: Farigiraf|ability: Armor Tail|Thunderclap|[of] p2a: \u30aa\u30fc\u30d0\u30fc\u30e9\u30a4\u30c9\n|move|p1b: Miraidon|Draco Meteor|p2b: GROUND\u30de\u30cb\u30a2\n|-damage|p2b: GROUND\u30de\u30cb\u30a2|0 fnt\n|-unboost|p1b: Miraidon|spa|2\n|faint|p2b: GROUND\u30de\u30cb\u30a2\n|\n|-weather|SunnyDay|[upkeep]\n|upkeep\n|\n|t:|1773883311\n|switch|p2b: \u3056\u3053|Kyogre, L50, tera:Electric|100/100\n|-weather|RainDance|[from] ability: Drizzle|[of] p2b: \u3056\u3053\n|-end|p2a: \u30aa\u30fc\u30d0\u30fc\u30e9\u30a4\u30c9|Protosynthesis\n|turn|5\n|j| H4irashi\n|\n|t:|1773883331\n|move|p1a: Farigiraf|Helping Hand|p1b: Miraidon\n|-singleturn|p1b: Miraidon|Helping Hand|[of] p1a: Farigiraf\n|move|p1b: Miraidon|Draco Meteor|p2a: \u30aa\u30fc\u30d0\u30fc\u30e9\u30a4\u30c9\n|-supereffective|p2a: \u30aa\u30fc\u30d0\u30fc\u30e9\u30a4\u30c9\n|-damage|p2a: \u30aa\u30fc\u30d0\u30fc\u30e9\u30a4\u30c9|0 fnt\n|-unboost|p1b: Miraidon|spa|2\n|faint|p2a: \u30aa\u30fc\u30d0\u30fc\u30e9\u30a4\u30c9\n|-end|p2a: \u30aa\u30fc\u30d0\u30fc\u30e9\u30a4\u30c9|Protosynthesis|[silent]\n|move|p2b: \u3056\u3053|Water Spout|p1a: Farigiraf|[spread] p1a,p1b\n|-resisted|p1b: Miraidon\n|-damage|p1a: Farigiraf|0 fnt\n|-damage|p1b: Miraidon|0 fnt\n|faint|p1a: Farigiraf\n|faint|p1b: Miraidon\n|\n|-weather|RainDance|[upkeep]\n|-fieldend|move: Electric Terrain\n|upkeep\n|\n|t:|1773883336\n|switch|p1b: Incineroar|Incineroar, L50, M|11/100\n|switch|p1a: Iron Hands|Iron Hands, L50, tera:Water|37/100\n|-ability|p1b: Incineroar|Intimidate|boost\n|-unboost|p2b: \u3056\u3053|atk|1\n|turn|6\n|\n|t:|1773883355\n|move|p1b: Incineroar|Fake Out|p2b: \u3056\u3053\n|-damage|p2b: \u3056\u3053|92/100\n|move|p1a: Iron Hands|Fake Out|p2b: \u3056\u3053\n|-damage|p2b: \u3056\u3053|78/100\n|cant|p2b: \u3056\u3053|flinch\n|\n|-weather|RainDance|[upkeep]\n|upkeep\n|turn|7\n|c|\u2606It'sJustKen VGC|NOOOOO\n|c|\u2606It'sJustKen VGC|I missclicked!\n|\n|t:|1773883371\n|move|p2b: \u3056\u3053|Thunder|p1a: Iron Hands\n|-supereffective|p1a: Iron Hands\n|-damage|p1a: Iron Hands|0 fnt\n|faint|p1a: Iron Hands\n|-end|p1a: Iron Hands|Quark Drive|[silent]\n|move|p1b: Incineroar|Knock Off|p2b: \u3056\u3053\n|-damage|p2b: \u3056\u3053|46/100\n|-enditem|p2b: \u3056\u3053|Assault Vest|[from] move: Knock Off|[of] p1b: Incineroar\n|\n|-weather|RainDance|[upkeep]\n|upkeep\n|turn|8\n|\n|t:|1773883382\n|move|p2b: \u3056\u3053|Water Spout|p1b: Incineroar\n|-supereffective|p1b: Incineroar\n|-crit|p1b: Incineroar\n|-damage|p1b: Incineroar|0 fnt\n|faint|p1b: Incineroar\n|\n|win|TimeforCHILLI\n|n|\u2606It'sJustKen VGC|itsjustkenvgc\n|n|\u2606TimeforCHILLI|timeforchilli\n|n| H4irashi|h4irashi\n|c|\u2606It'sJustKen VGC|gg\n","uploadtime":1773883388,"views":9,"formatid":"gen9vgc2026regi","rating":null,"private":0,"password":null}