{"id":"gen9vgc2026regi-2559220930","format":"[Gen 9] VGC 2026 Reg I","players":["itastelikeiron","gato_can"],"log":"|j|\u2606itastelikeiron\n|j|\u2606gato_can\n|t:|1773534199\n|gametype|doubles\n|player|p1|itastelikeiron|266|1204\n|player|p2|gato_can|170|1251\n|gen|9\n|tier|[Gen 9] VGC 2026 Reg I\n|rated|\n|rule|Species Clause: Limit one of each Pok\u00e9mon\n|rule|Item Clause: Limit 1 of each item\n|clearpoke\n|poke|p1|Tsareena, L50, F|\n|poke|p1|Kyogre, L50|\n|poke|p1|Grimmsnarl, L50, M|\n|poke|p1|Tornadus, L50, M|\n|poke|p1|Incineroar, L50, F|\n|poke|p1|Zacian-*, L50|\n|poke|p2|Tornadus, L50, M|\n|poke|p2|Incineroar, L50, M|\n|poke|p2|Flutter Mane, L50|\n|poke|p2|Groudon, L50|\n|poke|p2|Rillaboom, L50, F|\n|poke|p2|Calyrex-Ice, L50|\n|teampreview|4\n|inactive|Battle timer is ON: inactive players will automatically lose when time's up. (requested by gato_can)\n|\n|t:|1773534223\n|teamsize|p1|4\n|teamsize|p2|4\n|start\n|switch|p1a: Incineroar|Incineroar, L50, F|100/100\n|switch|p1b: Grimmsnarl|Grimmsnarl, L50, M|100/100\n|switch|p2a: Tornadus|Tornadus, L50, M|100/100\n|switch|p2b: Flutter Mane|Flutter Mane, L50|100/100\n|-ability|p1a: Incineroar|Intimidate|boost\n|-unboost|p2a: Tornadus|atk|1\n|-unboost|p2b: Flutter Mane|atk|1\n|turn|1\n|inactive|itastelikeiron has 30 seconds left.\n|\n|t:|1773534249\n|-terastallize|p1b: Grimmsnarl|Ghost\n|move|p2a: Tornadus|Tailwind|p2a: Tornadus\n|-sidestart|p2: gato_can|move: Tailwind\n|move|p2b: Flutter Mane|Dazzling Gleam|p1a: Incineroar|[spread] p1a,p1b\n|-damage|p1a: Incineroar|76/100\n|-damage|p1b: Grimmsnarl|62/100\n|move|p1a: Incineroar|Knock Off|p2a: Tornadus\n|-damage|p2a: Tornadus|47/100\n|-enditem|p2a: Tornadus|Mental Herb|[from] move: Knock Off|[of] p1a: Incineroar\n|move|p1b: Grimmsnarl|Spirit Break|p2b: Flutter Mane\n|-damage|p2b: Flutter Mane|35/100\n|-unboost|p2b: Flutter Mane|spa|1\n|\n|upkeep\n|turn|2\n|\n|t:|1773534268\n|-end|p2b: Flutter Mane|Protosynthesis|[silent]\n|switch|p2b: Calyrex|Calyrex-Ice, L50|100/100\n|-ability|p2b: Calyrex|As One\n|-ability|p2b: Calyrex|Unnerve\n|move|p1b: Grimmsnarl|Light Screen|p1b: Grimmsnarl\n|-sidestart|p1: itastelikeiron|move: Light Screen\n|move|p2a: Tornadus|Bleakwind Storm|p1a: Incineroar|[spread] p1a,p1b\n|-damage|p1a: Incineroar|65/100\n|-damage|p1b: Grimmsnarl|43/100\n|-unboost|p1b: Grimmsnarl|spe|1\n|move|p1a: Incineroar|Knock Off|p2b: Calyrex\n|-supereffective|p2b: Calyrex\n|-damage|p2b: Calyrex|57/100\n|-enditem|p2b: Calyrex|Leftovers|[from] move: Knock Off|[of] p1a: Incineroar\n|\n|upkeep\n|turn|3\n|\n|t:|1773534294\n|switch|p2a: Flutter Mane|Flutter Mane, L50|35/100\n|move|p1b: Grimmsnarl|Reflect|p1b: Grimmsnarl\n|-sidestart|p1: itastelikeiron|Reflect\n|move|p2b: Calyrex|High Horsepower|p1a: Incineroar\n|-supereffective|p1a: Incineroar\n|-damage|p1a: Incineroar|20/100\n|move|p1a: Incineroar|U-turn|p2a: Flutter Mane\n|-resisted|p2a: Flutter Mane\n|-damage|p2a: Flutter Mane|25/100\n|\n|t:|1773534304\n|switch|p1a: Zacian|Zacian-Crowned, L50|100/100|[from] U-turn\n|-ability|p1a: Zacian|Intrepid Sword|boost\n|-boost|p1a: Zacian|atk|1\n|\n|upkeep\n|turn|4\n|\n|t:|1773534327\n|move|p2b: Calyrex|Protect|p2b: Calyrex\n|-singleturn|p2b: Calyrex|Protect\n|move|p1b: Grimmsnarl|Thunder Wave|p2a: Flutter Mane\n|-status|p2a: Flutter Mane|par\n|move|p1a: Zacian|Behemoth Blade|p2b: Calyrex\n|-activate|p2b: Calyrex|move: Protect\n|cant|p2a: Flutter Mane|par\n|\n|-sideend|p2: gato_can|move: Tailwind\n|upkeep\n|turn|5\n|\n|t:|1773534348\n|-terastallize|p2b: Calyrex|Water\n|move|p1b: Grimmsnarl|Thunder Wave|p2b: Calyrex\n|-status|p2b: Calyrex|par\n|move|p1a: Zacian|Behemoth Blade|p2a: Flutter Mane\n|-supereffective|p2a: Flutter Mane\n|-damage|p2a: Flutter Mane|0 fnt\n|faint|p2a: Flutter Mane\n|-end|p2a: Flutter Mane|Protosynthesis|[silent]\n|move|p2b: Calyrex|Leech Seed|p1a: Zacian\n|-start|p1a: Zacian|move: Leech Seed\n|\n|-damage|p1a: Zacian|88/100|[from] Leech Seed|[of] p2b: Calyrex\n|-heal|p2b: Calyrex|68/100 par|[silent]\n|upkeep\n|\n|t:|1773534360\n|switch|p2a: Rillaboom|Rillaboom, L50, F|100/100\n|-fieldstart|move: Grassy Terrain|[from] ability: Grassy Surge|[of] p2a: Rillaboom\n|turn|6\n|\n|t:|1773534376\n|switch|p1b: Incineroar|Incineroar, L50, F|20/100\n|-ability|p1b: Incineroar|Intimidate|boost\n|-unboost|p2a: Rillaboom|atk|1\n|-unboost|p2b: Calyrex|atk|1\n|move|p1a: Zacian|Behemoth Blade|p2a: Rillaboom\n|-damage|p2a: Rillaboom|18/100\n|move|p2a: Rillaboom|High Horsepower|p1a: Zacian\n|-supereffective|p1a: Zacian\n|-damage|p1a: Zacian|64/100\n|cant|p2b: Calyrex|par\n|\n|-heal|p1a: Zacian|70/100|[from] Grassy Terrain\n|-heal|p2a: Rillaboom|23/100|[from] Grassy Terrain\n|-heal|p1b: Incineroar|26/100|[from] Grassy Terrain\n|-heal|p2b: Calyrex|74/100 par|[from] Grassy Terrain\n|-damage|p1a: Zacian|57/100|[from] Leech Seed|[of] p2b: Calyrex\n|-heal|p2b: Calyrex|85/100 par|[silent]\n|upkeep\n|turn|7\n|\n|t:|1773534399\n|move|p1b: Incineroar|Fake Out|p2b: Calyrex\n|-damage|p2b: Calyrex|79/100 par\n|move|p2a: Rillaboom|Grassy Glide|p1a: Zacian\n|-resisted|p1a: Zacian\n|-damage|p1a: Zacian|50/100\n|move|p1a: Zacian|Behemoth Blade|p2a: Rillaboom\n|-damage|p2a: Rillaboom|0 fnt\n|faint|p2a: Rillaboom\n|cant|p2b: Calyrex|flinch\n|\n|-heal|p1a: Zacian|56/100|[from] Grassy Terrain\n|-heal|p1b: Incineroar|32/100|[from] Grassy Terrain\n|-heal|p2b: Calyrex|85/100 par|[from] Grassy Terrain\n|-damage|p1a: Zacian|44/100|[from] Leech Seed|[of] p2b: Calyrex\n|-heal|p2b: Calyrex|96/100 par|[silent]\n|upkeep\n|\n|t:|1773534417\n|switch|p2a: Tornadus|Tornadus, L50, M|47/100\n|turn|8\n|\n|t:|1773534432\n|move|p1a: Zacian|Behemoth Blade|p2a: Tornadus\n|-damage|p2a: Tornadus|0 fnt\n|faint|p2a: Tornadus\n|move|p1b: Incineroar|U-turn|p2b: Calyrex\n|-damage|p2b: Calyrex|86/100 par\n|\n|t:|1773534441\n|switch|p1b: Kyogre|Kyogre, L50|100/100|[from] U-turn\n|-weather|RainDance|[from] ability: Drizzle|[of] p1b: Kyogre\n|move|p2b: Calyrex|Leech Seed|p1b: Kyogre\n|-start|p1b: Kyogre|move: Leech Seed\n|\n|-weather|RainDance|[upkeep]\n|-heal|p1a: Zacian|49/100|[from] Grassy Terrain\n|-heal|p2b: Calyrex|92/100 par|[from] Grassy Terrain\n|-damage|p1b: Kyogre|88/100|[from] Leech Seed|[of] p2b: Calyrex\n|-heal|p2b: Calyrex|100/100 par|[silent]\n|-damage|p1a: Zacian|37/100|[from] Leech Seed|[of] p2b: Calyrex\n|upkeep\n|turn|9\n|\n|t:|1773534459\n|switch|p1b: Grimmsnarl|Grimmsnarl, L50, M, tera:Ghost|43/100\n|switch|p1a: Incineroar|Incineroar, L50, F|32/100\n|-ability|p1a: Incineroar|Intimidate|boost\n|-unboost|p2b: Calyrex|atk|1\n|move|p2b: Calyrex|High Horsepower|p1a: Incineroar\n|-supereffective|p1a: Incineroar\n|-damage|p1a: Incineroar|9/100\n|\n|-weather|RainDance|[upkeep]\n|-heal|p1a: Incineroar|15/100|[from] Grassy Terrain\n|-heal|p1b: Grimmsnarl|49/100|[from] Grassy Terrain\n|-sideend|p1: itastelikeiron|move: Light Screen\n|upkeep\n|turn|10\n|\n|t:|1773534474\n|switch|p1b: Kyogre|Kyogre, L50|88/100\n|move|p1a: Incineroar|Fake Out|p2b: Calyrex\n|-damage|p2b: Calyrex|95/100 par\n|cant|p2b: Calyrex|flinch\n|\n|-weather|RainDance|[upkeep]\n|-heal|p1b: Kyogre|94/100|[from] Grassy Terrain\n|-heal|p1a: Incineroar|21/100|[from] Grassy Terrain\n|-heal|p2b: Calyrex|100/100 par|[from] Grassy Terrain\n|-sideend|p1: itastelikeiron|Reflect\n|-fieldend|move: Grassy Terrain\n|upkeep\n|turn|11\n|\n|t:|1773534485\n|move|p1b: Kyogre|Water Spout|p2b: Calyrex\n|-resisted|p2b: Calyrex\n|-damage|p2b: Calyrex|59/100 par\n|move|p1a: Incineroar|U-turn|p2b: Calyrex\n|-damage|p2b: Calyrex|51/100 par\n|\n|t:|1773534490\n|switch|p1a: Zacian|Zacian-Crowned, L50|37/100|[from] U-turn\n|move|p2b: Calyrex|Leech Seed|p1b: Kyogre\n|-start|p1b: Kyogre|move: Leech Seed\n|\n|-weather|RainDance|[upkeep]\n|-damage|p1b: Kyogre|82/100|[from] Leech Seed|[of] p2b: Calyrex\n|-heal|p2b: Calyrex|61/100 par|[silent]\n|upkeep\n|turn|12\n|\n|t:|1773534500\n|switch|p1b: Incineroar|Incineroar, L50, F|21/100\n|-ability|p1b: Incineroar|Intimidate|boost\n|-unboost|p2b: Calyrex|atk|1\n|move|p1a: Zacian|Sacred Sword|p2b: Calyrex\n|-damage|p2b: Calyrex|44/100 par\n|move|p2b: Calyrex|Leech Seed|p1a: Zacian\n|-start|p1a: Zacian|move: Leech Seed\n|\n|-weather|none\n|-damage|p1a: Zacian|25/100|[from] Leech Seed|[of] p2b: Calyrex\n|-heal|p2b: Calyrex|55/100 par|[silent]\n|upkeep\n|turn|13\n|\n|t:|1773534517\n|switch|p1a: Kyogre|Kyogre, L50|82/100\n|-weather|RainDance|[from] ability: Drizzle|[of] p1a: Kyogre\n|move|p1b: Incineroar|Fake Out|p2b: Calyrex\n|-damage|p2b: Calyrex|49/100 par\n|cant|p2b: Calyrex|flinch\n|\n|-weather|RainDance|[upkeep]\n|upkeep\n|turn|14\n|\n|t:|1773534527\n|move|p1a: Kyogre|Water Spout|p2b: Calyrex\n|-resisted|p2b: Calyrex\n|-damage|p2b: Calyrex|11/100 par\n|move|p1b: Incineroar|U-turn|p2b: Calyrex\n|-damage|p2b: Calyrex|1/100 par\n|\n|t:|1773534532\n|switch|p1b: Zacian|Zacian-Crowned, L50|25/100|[from] U-turn\n|move|p2b: Calyrex|Leech Seed|p1a: Kyogre\n|-start|p1a: Kyogre|move: Leech Seed\n|\n|-weather|RainDance|[upkeep]\n|-damage|p1a: Kyogre|70/100|[from] Leech Seed|[of] p2b: Calyrex\n|-heal|p2b: Calyrex|12/100 par|[silent]\n|upkeep\n|turn|15\n|\n|t:|1773534540\n|switch|p1a: Incineroar|Incineroar, L50, F|21/100\n|-ability|p1a: Incineroar|Intimidate|boost\n|-unboost|p2b: Calyrex|atk|1\n|move|p2b: Calyrex|Protect|p2b: Calyrex\n|-singleturn|p2b: Calyrex|Protect\n|move|p1b: Zacian|Sacred Sword|p2b: Calyrex\n|-activate|p2b: Calyrex|move: Protect\n|\n|-weather|RainDance|[upkeep]\n|upkeep\n|turn|16\n|-message|gato_can forfeited.\n|\n|win|itastelikeiron\n|raw|itastelikeiron's rating: 1204 &rarr; <strong>1232</strong><br />(+28 for winning)\n|raw|gato_can's rating: 1251 &rarr; <strong>1223</strong><br />(-28 for losing)\n|l|\u2606gato_can\n|player|p2|\n","uploadtime":1773534547,"views":21,"formatid":"gen9vgc2026regi","rating":1223,"private":0,"password":null}