{"id":"gen9vgc2026regi-2588981830","format":"[Gen 9] VGC 2026 Reg I","players":["pumpkinflame","edu cunha76"],"log":"|j|\u2606pumpkinflame\n|j|\u2606edu cunha76\n|t:|1776691416\n|gametype|doubles\n|player|p1|pumpkinflame|adaman-masters|1432\n|player|p2|edu cunha76|265|1432\n|gen|9\n|tier|[Gen 9] VGC 2026 Reg I\n|rated|\n|rule|Species Clause: Limit one of each Pok\u00e9mon\n|rule|Item Clause: Limit 1 of each item\n|clearpoke\n|poke|p1|Kyogre, L50|\n|poke|p1|Archaludon, L50, F|\n|poke|p1|Rillaboom, L50, F|\n|poke|p1|Roaring Moon, L50|\n|poke|p1|Calyrex-Ice, L50|\n|poke|p1|Incineroar, L50, F|\n|poke|p2|Miraidon, L50|\n|poke|p2|Calyrex-Ice, L50|\n|poke|p2|Volbeat, L50, M|\n|poke|p2|Ditto, L50|\n|poke|p2|Incineroar, L50, M|\n|poke|p2|Urshifu-*, L50, M|\n|teampreview|4\n|\n|t:|1776691473\n|teamsize|p1|4\n|teamsize|p2|4\n|start\n|switch|p1a: Chilly and Willy|Calyrex-Ice, L50|100/100\n|switch|p1b: K.O|Kyogre, L50|100/100\n|switch|p2a: Calyrex|Calyrex-Ice, L50|100/100\n|switch|p2b: Volbeat|Volbeat, L50, M|100/100\n|-ability|p2a: Calyrex|As One\n|-ability|p2a: Calyrex|Unnerve\n|-ability|p1a: Chilly and Willy|As One\n|-ability|p1a: Chilly and Willy|Unnerve\n|-weather|RainDance|[from] ability: Drizzle|[of] p1b: K.O\n|turn|1\n|\n|t:|1776691494\n|move|p2a: Calyrex|Protect|p2a: Calyrex\n|-singleturn|p2a: Calyrex|Protect\n|move|p2b: Volbeat|Light Screen|p2b: Volbeat\n|-sidestart|p2: edu cunha76|move: Light Screen\n|move|p1b: K.O|Water Spout|p2a: Calyrex|[spread] p2b\n|-activate|p2a: Calyrex|move: Protect\n|-damage|p2b: Volbeat|21/100\n|move|p1a: Chilly and Willy|Trick Room|p1a: Chilly and Willy\n|-fieldstart|move: Trick Room|[of] p1a: Chilly and Willy\n|\n|-weather|RainDance|[upkeep]\n|upkeep\n|turn|2\n|\n|t:|1776691510\n|switch|p1b: Miraidon 2|Archaludon, L50, F|100/100\n|move|p2b: Volbeat|Helping Hand|p2a: Calyrex\n|-singleturn|p2a: Calyrex|Helping Hand|[of] p2b: Volbeat\n|move|p1a: Chilly and Willy|Glacial Lance|p2b: Volbeat|[spread] p2a,p2b\n|-resisted|p2a: Calyrex\n|-damage|p2a: Calyrex|85/100\n|-damage|p2b: Volbeat|0 fnt\n|faint|p2b: Volbeat\n|-ability|p1a: Chilly and Willy|Chilling Neigh|boost\n|-boost|p1a: Chilly and Willy|atk|1\n|move|p2a: Calyrex|Glacial Lance|p1b: Miraidon 2|[spread] p1a,p1b\n|-resisted|p1a: Chilly and Willy\n|-damage|p1a: Chilly and Willy|76/100\n|-damage|p1b: Miraidon 2|42/100\n|-ability|p1b: Miraidon 2|Stamina|boost\n|-boost|p1b: Miraidon 2|def|1\n|\n|-weather|RainDance|[upkeep]\n|-heal|p1a: Chilly and Willy|82/100|[from] item: Leftovers\n|upkeep\n|\n|t:|1776691519\n|switch|p2b: Ditto|Ditto, L50|100/100\n|-transform|p2b: Ditto|p1a: Chilly and Willy|[from] ability: Imposter\n|-ability|p2b: Ditto|As One\n|-ability|p2b: Ditto|Unnerve\n|-enditem|p2b: Ditto|Room Service\n|-unboost|p2b: Ditto|spe|1|[from] item: Room Service\n|turn|3\n|\n|t:|1776691536\n|move|p2b: Ditto|Glacial Lance|p1b: Miraidon 2|[spread] p1a,p1b\n|-resisted|p1a: Chilly and Willy\n|-damage|p1a: Chilly and Willy|60/100\n|-damage|p1b: Miraidon 2|4/100\n|-ability|p1b: Miraidon 2|Stamina|boost\n|-boost|p1b: Miraidon 2|def|1\n|move|p1a: Chilly and Willy|Leech Seed|p2a: Calyrex\n|-start|p2a: Calyrex|move: Leech Seed\n|move|p2a: Calyrex|Glacial Lance|p1b: Miraidon 2|[spread] p1a,p1b\n|-resisted|p1a: Chilly and Willy\n|-damage|p1a: Chilly and Willy|44/100\n|-damage|p1b: Miraidon 2|0 fnt\n|faint|p1b: Miraidon 2\n|-ability|p2a: Calyrex|Chilling Neigh|boost\n|-boost|p2a: Calyrex|atk|1\n|\n|-weather|RainDance|[upkeep]\n|-heal|p1a: Chilly and Willy|50/100|[from] item: Leftovers\n|-damage|p2a: Calyrex|72/100|[from] Leech Seed|[of] p1a: Chilly and Willy\n|-heal|p1a: Chilly and Willy|62/100|[silent]\n|upkeep\n|\n|t:|1776691548\n|switch|p1b: K.O|Kyogre, L50|100/100\n|turn|4\n|\n|t:|1776691561\n|move|p2b: Ditto|Glacial Lance|p1b: K.O|[spread] p1a,p1b\n|-resisted|p1a: Chilly and Willy\n|-resisted|p1b: K.O\n|-damage|p1a: Chilly and Willy|41/100\n|-damage|p1b: K.O|69/100\n|move|p1a: Chilly and Willy|Leech Seed|p2b: Ditto\n|-start|p2b: Ditto|move: Leech Seed\n|move|p2a: Calyrex|Glacial Lance|p1b: K.O|[spread] p1a,p1b\n|-resisted|p1a: Chilly and Willy\n|-crit|p1a: Chilly and Willy\n|-resisted|p1b: K.O\n|-damage|p1a: Chilly and Willy|7/100\n|-damage|p1b: K.O|34/100\n|move|p1b: K.O|Origin Pulse|p2b: Ditto|[spread] p2a,p2b\n|-damage|p2a: Calyrex|35/100\n|-damage|p2b: Ditto|53/100\n|\n|-weather|RainDance|[upkeep]\n|-heal|p1a: Chilly and Willy|13/100|[from] item: Leftovers\n|-damage|p2b: Ditto|41/100|[from] Leech Seed|[of] p1a: Chilly and Willy\n|-heal|p1a: Chilly and Willy|22/100|[silent]\n|-damage|p2a: Calyrex|23/100|[from] Leech Seed|[of] p1a: Chilly and Willy\n|-heal|p1a: Chilly and Willy|34/100|[silent]\n|upkeep\n|turn|5\n|\n|t:|1776691592\n|move|p1a: Chilly and Willy|Protect|p1a: Chilly and Willy\n|-singleturn|p1a: Chilly and Willy|Protect\n|move|p1b: K.O|Protect|p1b: K.O\n|-singleturn|p1b: K.O|Protect\n|move|p2b: Ditto|Glacial Lance|p1b: K.O|[spread] \n|-activate|p1a: Chilly and Willy|move: Protect\n|-activate|p1b: K.O|move: Protect\n|move|p2a: Calyrex|Glacial Lance|p1a: Chilly and Willy|[spread] \n|-activate|p1a: Chilly and Willy|move: Protect\n|-activate|p1b: K.O|move: Protect\n|\n|-weather|none\n|-heal|p1a: Chilly and Willy|40/100|[from] item: Leftovers\n|-damage|p2b: Ditto|29/100|[from] Leech Seed|[of] p1a: Chilly and Willy\n|-heal|p1a: Chilly and Willy|49/100|[silent]\n|-damage|p2a: Calyrex|11/100|[from] Leech Seed|[of] p1a: Chilly and Willy\n|-heal|p1a: Chilly and Willy|61/100|[silent]\n|-sideend|p2: edu cunha76|move: Light Screen\n|-fieldend|move: Trick Room\n|upkeep\n|turn|6\n|\n|t:|1776691620\n|move|p2b: Ditto|Protect|p2b: Ditto\n|-singleturn|p2b: Ditto|Protect\n|move|p1b: K.O|Origin Pulse|p2a: Calyrex|[spread] p2a\n|-activate|p2b: Ditto|move: Protect\n|-damage|p2a: Calyrex|0 fnt\n|faint|p2a: Calyrex\n|move|p1a: Chilly and Willy|Glacial Lance|p2b: Ditto\n|-activate|p2b: Ditto|move: Protect\n|\n|-heal|p1a: Chilly and Willy|67/100|[from] item: Leftovers\n|-damage|p2b: Ditto|17/100|[from] Leech Seed|[of] p1a: Chilly and Willy\n|-heal|p1a: Chilly and Willy|76/100|[silent]\n|upkeep\n|\n|t:|1776691625\n|switch|p2a: Miraidon|Miraidon, L50|100/100\n|-fieldstart|move: Electric Terrain|[from] ability: Hadron Engine|[of] p2a: Miraidon\n|turn|7\n|\n|t:|1776691650\n|switch|p1b: Mrs. Dreads|Rillaboom, L50, F, shiny|100/100\n|-fieldstart|move: Grassy Terrain|[from] ability: Grassy Surge|[of] p1b: Mrs. Dreads\n|-terastallize|p2a: Miraidon|Stellar\n|move|p2a: Miraidon|Draco Meteor|p1a: Chilly and Willy\n|-crit|p1a: Chilly and Willy\n|-damage|p1a: Chilly and Willy|5/100\n|-unboost|p2a: Miraidon|spa|2\n|move|p1a: Chilly and Willy|Glacial Lance|p2a: Miraidon|[spread] p2a,p2b\n|-supereffective|p2a: Miraidon\n|-resisted|p2b: Ditto\n|-enditem|p2a: Miraidon|Focus Sash\n|-damage|p2a: Miraidon|1/100\n|-damage|p2b: Ditto|0 fnt\n|faint|p2b: Ditto\n|-ability|p1a: Chilly and Willy|Chilling Neigh|boost\n|-boost|p1a: Chilly and Willy|atk|1\n|\n|-heal|p2a: Miraidon|7/100|[from] Grassy Terrain\n|-heal|p1a: Chilly and Willy|11/100|[from] Grassy Terrain\n|-heal|p1a: Chilly and Willy|16/100|[from] item: Leftovers\n|upkeep\n|turn|8\n|-message|edu cunha76 forfeited.\n|\n|win|pumpkinflame\n|raw|pumpkinflame's rating: 1432 &rarr; <strong>1452</strong><br />(+20 for winning)\n|raw|edu cunha76's rating: 1432 &rarr; <strong>1412</strong><br />(-20 for losing)\n|l|\u2606edu cunha76\n|player|p2|\n|l|\u2606pumpkinflame\n|player|p1|\n","uploadtime":1776691899,"views":6,"formatid":"gen9vgc2026regi","rating":1412,"private":0,"password":null}