{"id":"gen9vgc2026regi-2568325653","format":"[Gen 9] VGC 2026 Reg I","players":["Cellpab1","D4RKEVA"],"log":"|j|\u2606Cellpab1\n|j|\u2606D4RKEVA\n|t:|1774566621\n|gametype|doubles\n|player|p1|Cellpab1|170|1584\n|player|p2|D4RKEVA|102|1485\n|gen|9\n|tier|[Gen 9] VGC 2026 Reg I\n|rated|\n|rule|Species Clause: Limit one of each Pok\u00e9mon\n|rule|Item Clause: Limit 1 of each item\n|clearpoke\n|poke|p1|Calyrex-Ice, L50|\n|poke|p1|Miraidon, L50|\n|poke|p1|Iron Hands, L50|\n|poke|p1|Landorus, L50, M|\n|poke|p1|Farigiraf, L50, M|\n|poke|p1|Incineroar, L50, F|\n|poke|p2|Lunala, L50|\n|poke|p2|Koraidon, L50|\n|poke|p2|Flutter Mane, L50|\n|poke|p2|Brute Bonnet, L50|\n|poke|p2|Chi-Yu, L50|\n|poke|p2|Ursaluna, L50, F|\n|teampreview|4\n|inactive|Battle timer is ON: inactive players will automatically lose when time's up. (requested by Cellpab1)\n|inactive|D4RKEVA also wants the timer to be on.\nD4RKEVA rejected open team sheets.\n|inactive|Cellpab1 has 60 seconds left.\n|inactive|D4RKEVA has 60 seconds left.\n|\n|t:|1774566665\n|teamsize|p1|4\n|teamsize|p2|4\n|start\n|switch|p1a: Miraidon|Miraidon, L50|100/100\n|switch|p1b: Iron Hands|Iron Hands, L50|100/100\n|switch|p2a: MoonMoon|Lunala, L50|100/100\n|switch|p2b: Brute Bonnie|Brute Bonnet, L50|100/100\n|-fieldstart|move: Electric Terrain|[from] ability: Hadron Engine|[of] p1a: Miraidon\n|-activate|p1b: Iron Hands|ability: Quark Drive\n|-start|p1b: Iron Hands|quarkdriveatk\n|turn|1\n|inactive|Cellpab1 has 30 seconds left.\n|inactive|D4RKEVA has 30 seconds left.\n|inactive|Cellpab1 has 20 seconds left.\n|\n|t:|1774566702\n|move|p1a: Miraidon|Protect|p1a: Miraidon\n|-singleturn|p1a: Miraidon|Protect\n|move|p2b: Brute Bonnie|Rage Powder|p2b: Brute Bonnie\n|-singleturn|p2b: Brute Bonnie|move: Rage Powder\n|move|p1b: Iron Hands|Heavy Slam|p2b: Brute Bonnie\n|-damage|p2b: Brute Bonnie|60/100\n|move|p2a: MoonMoon|Trick Room|p2a: MoonMoon\n|-fieldstart|move: Trick Room|[of] p2a: MoonMoon\n|\n|upkeep\n|turn|2\n|inactive|Cellpab1 has 30 seconds left.\n|inactive|D4RKEVA has 30 seconds left.\n|inactive|D4RKEVA has 20 seconds left.\n|inactive|D4RKEVA has 15 seconds left.\n|\n|t:|1774566745\n|switch|p2a: Girl Math|Ursaluna, L50, F|100/100\n|switch|p1a: Incineroar|Incineroar, L50, F|100/100\n|-ability|p1a: Incineroar|Intimidate|boost\n|-unboost|p2a: Girl Math|atk|1\n|-unboost|p2b: Brute Bonnie|atk|1\n|move|p2b: Brute Bonnie|Rage Powder|p2b: Brute Bonnie\n|-singleturn|p2b: Brute Bonnie|move: Rage Powder\n|move|p1b: Iron Hands|Heavy Slam|p2b: Brute Bonnie\n|-damage|p2b: Brute Bonnie|16/100\n|-enditem|p2b: Brute Bonnie|Sitrus Berry|[eat]\n|-heal|p2b: Brute Bonnie|41/100|[from] item: Sitrus Berry\n|\n|-status|p2a: Girl Math|brn|[from] item: Flame Orb\n|upkeep\n|turn|3\n|inactive|Cellpab1 has 30 seconds left.\n|inactive|Cellpab1 has 20 seconds left.\n|\n|t:|1774566784\n|-terastallize|p2a: Girl Math|Ghost\n|move|p2b: Brute Bonnie|Rage Powder|p2b: Brute Bonnie\n|-singleturn|p2b: Brute Bonnie|move: Rage Powder\n|move|p2a: Girl Math|Earthquake|p1b: Iron Hands|[spread] p2b,p1a,p1b\n|-resisted|p2b: Brute Bonnie\n|-supereffective|p1a: Incineroar\n|-supereffective|p1b: Iron Hands\n|-damage|p2b: Brute Bonnie|26/100\n|-damage|p1a: Incineroar|40/100\n|-damage|p1b: Iron Hands|39/100\n|move|p1b: Iron Hands|Heavy Slam|p2b: Brute Bonnie\n|-damage|p2b: Brute Bonnie|0 fnt\n|faint|p2b: Brute Bonnie\n|-end|p2b: Brute Bonnie|Protosynthesis|[silent]\n|move|p1a: Incineroar|U-turn|p2a: Girl Math\n|-resisted|p2a: Girl Math\n|-damage|p2a: Girl Math|95/100 brn\n|\n|t:|1774566802\n|switch|p1a: Miraidon|Miraidon, L50|100/100|[from] U-turn\n|-activate|p1a: Miraidon|ability: Hadron Engine\n|\n|-damage|p2a: Girl Math|89/100 brn|[from] brn\n|upkeep\n|\n|t:|1774566811\n|switch|p2b: MoonMoon|Lunala, L50|100/100\n|turn|4\n|\n|t:|1774566821\n|-end|p1b: Iron Hands|Quark Drive|[silent]\n|switch|p1b: Incineroar|Incineroar, L50, F|40/100\n|-ability|p1b: Incineroar|Intimidate|boost\n|-unboost|p2a: Girl Math|atk|1\n|-unboost|p2b: MoonMoon|atk|1\n|switch|p1a: Landorus|Landorus, L50, M|100/100\n|move|p2a: Girl Math|Earthquake|p1b: Incineroar|[spread] p2b,p1b\n|-immune|p1a: Landorus\n|-supereffective|p1b: Incineroar\n|-damage|p2b: MoonMoon|88/100\n|-damage|p1b: Incineroar|0 fnt\n|faint|p1b: Incineroar\n|move|p2b: MoonMoon|Meteor Beam||[still]\n|-prepare|p2b: MoonMoon|Meteor Beam\n|-boost|p2b: MoonMoon|spa|1\n|-enditem|p2b: MoonMoon|Power Herb\n|-anim|p2b: MoonMoon|Meteor Beam|p1a: Landorus\n|-damage|p1a: Landorus|10/100\n|\n|-damage|p2a: Girl Math|83/100 brn|[from] brn\n|upkeep\n|\n|t:|1774566844\n|switch|p1b: Miraidon|Miraidon, L50|100/100\n|-activate|p1b: Miraidon|ability: Hadron Engine\n|turn|5\n|inactive|Cellpab1 has 30 seconds left.\n|inactive|Cellpab1 has 20 seconds left.\n|\n|t:|1774566882\n|switch|p2a: Clydeon|Koraidon, L50|100/100\n|-weather|SunnyDay|[from] ability: Orichalcum Pulse|[of] p2a: Clydeon\n|-activate|p2a: Clydeon|Orichalcum Pulse|[source]\n|-terastallize|p1b: Miraidon|Electric\n|move|p2b: MoonMoon|Moongeist Beam|p1a: Landorus\n|-damage|p1a: Landorus|0 fnt\n|faint|p1a: Landorus\n|move|p1b: Miraidon|Volt Switch|p2b: MoonMoon\n|-damage|p2b: MoonMoon|2/100\n|-damage|p1b: Miraidon|91/100|[from] item: Life Orb\n|inactive|Cellpab1 has 30 seconds left.\n|inactive|Cellpab1 has 20 seconds left.\n|inactive|Cellpab1 has 15 seconds left.\n|inactive|Cellpab1 has 10 seconds left.\n|inactive|Cellpab1 has 5 seconds left.\n|\n|t:|1774566937\n|switch|p1b: Iron Hands|Iron Hands, L50|39/100|[from] Volt Switch\n|-activate|p1b: Iron Hands|ability: Quark Drive\n|-start|p1b: Iron Hands|quarkdriveatk\n|\n|-weather|SunnyDay|[upkeep]\n|-fieldend|move: Trick Room\n|-fieldend|move: Electric Terrain\n|-end|p1b: Iron Hands|Quark Drive\n|upkeep\n|inactive|Cellpab1 has 30 seconds left.\n|inactive|Cellpab1 has 20 seconds left.\n|inactive|Cellpab1 has 15 seconds left.\n|inactive|Cellpab1 has 10 seconds left.\n|inactive|Cellpab1 has 5 seconds left.\n|\n|t:|1774566992\n|switch|p1a: Miraidon|Miraidon, L50, tera:Electric|91/100\n|-fieldstart|move: Electric Terrain|[from] ability: Hadron Engine|[of] p1a: Miraidon\n|-activate|p1b: Iron Hands|ability: Quark Drive\n|-start|p1b: Iron Hands|quarkdriveatk\n|turn|6\n|inactive|Cellpab1 has 30 seconds left.\n|\n|t:|1774567019\n|move|p1b: Iron Hands|Fake Out|p2a: Clydeon\n|-damage|p2a: Clydeon|81/100\n|cant|p2a: Clydeon|flinch\n|move|p1a: Miraidon|Electro Drift|p2b: MoonMoon\n|-damage|p2b: MoonMoon|0 fnt\n|faint|p2b: MoonMoon\n|-damage|p1a: Miraidon|81/100|[from] item: Life Orb\n|\n|-weather|SunnyDay|[upkeep]\n|upkeep\n|\n|t:|1774567024\n|switch|p2b: Girl Math|Ursaluna, L50, F, tera:Ghost|83/100 brn\n|turn|7\n|inactive|Cellpab1 has 30 seconds left.\n|\n|t:|1774567054\n|move|p2a: Clydeon|Close Combat|p1b: Iron Hands\n|-damage|p1b: Iron Hands|0 fnt\n|-unboost|p2a: Clydeon|def|1\n|-unboost|p2a: Clydeon|spd|1\n|faint|p1b: Iron Hands\n|-end|p1b: Iron Hands|Quark Drive|[silent]\n|-damage|p2a: Clydeon|72/100|[from] item: Life Orb\n|move|p1a: Miraidon|Draco Meteor|p2a: Clydeon\n|-supereffective|p2a: Clydeon\n|-crit|p2a: Clydeon\n|-damage|p2a: Clydeon|0 fnt\n|-unboost|p1a: Miraidon|spa|2\n|faint|p2a: Clydeon\n|-damage|p1a: Miraidon|71/100|[from] item: Life Orb\n|move|p2b: Girl Math|Earthquake|p1a: Miraidon\n|-supereffective|p1a: Miraidon\n|-damage|p1a: Miraidon|0 fnt\n|faint|p1a: Miraidon\n|\n|win|D4RKEVA\n|raw|Cellpab1's rating: 1584 &rarr; <strong>1558</strong><br />(-26 for losing)\n|raw|D4RKEVA's rating: 1485 &rarr; <strong>1511</strong><br />(+26 for winning)\n|l|\u2606D4RKEVA\n|player|p2|\n|l|\u2606Cellpab1\n|player|p1|\n","uploadtime":1774567061,"views":265,"formatid":"gen9vgc2026regi","rating":1511,"private":0,"password":null}