{"id":"gen9vgc2026regi-2590847908","format":"[Gen 9] VGC 2026 Reg I","players":["testhan92","billyandersen24"],"log":"|j|\u2606testhan92\n|j|\u2606billyandersen24\n|t:|1776854449\n|gametype|doubles\n|player|p1|testhan92|102|1537\n|player|p2|billyandersen24|picnicker|1375\n|gen|9\n|tier|[Gen 9] VGC 2026 Reg I\n|rated|\n|rule|Species Clause: Limit one of each Pok\u00e9mon\n|rule|Item Clause: Limit 1 of each item\n|clearpoke\n|poke|p1|Koraidon, L50|\n|poke|p1|Calyrex-Ice, L50|\n|poke|p1|Rillaboom, L50, M|\n|poke|p1|Incineroar, L50, M|\n|poke|p1|Smeargle, L50, M|\n|poke|p1|Landorus, L50, M|\n|poke|p2|Zamazenta-*, L50|\n|poke|p2|Calyrex-Shadow, L50|\n|poke|p2|Clefairy, L50, M|\n|poke|p2|Incineroar, L50, F|\n|poke|p2|Rillaboom, L50, F|\n|poke|p2|Grimmsnarl, L50, M|\n|teampreview|4\n|inactive|Battle timer is ON: inactive players will automatically lose when time's up. (requested by billyandersen24)\n|inactive|testhan92 has 60 seconds left.\n|\n|t:|1776854483\n|teamsize|p1|4\n|teamsize|p2|4\n|start\n|switch|p1a: Calyrex|Calyrex-Ice, L50|100/100\n|switch|p1b: Incineroar|Incineroar, L50, M|100/100\n|switch|p2a: Incineroar|Incineroar, L50, F|100/100\n|switch|p2b: Rillaboom|Rillaboom, L50, F|100/100\n|-ability|p1a: Calyrex|As One\n|-ability|p1a: Calyrex|Unnerve\n|-fieldstart|move: Grassy Terrain|[from] ability: Grassy Surge|[of] p2b: Rillaboom\n|-ability|p2a: Incineroar|Intimidate|boost\n|-unboost|p1a: Calyrex|atk|1\n|-unboost|p1b: Incineroar|atk|1\n|-ability|p1b: Incineroar|Intimidate|boost\n|-unboost|p2a: Incineroar|atk|1\n|-unboost|p2b: Rillaboom|atk|1\n|turn|1\n|\n|t:|1776854504\n|move|p1a: Calyrex|Protect|p1a: Calyrex\n|-singleturn|p1a: Calyrex|Protect\n|move|p2b: Rillaboom|U-turn|p1b: Incineroar\n|-crit|p1b: Incineroar\n|-damage|p1b: Incineroar|75/100\n|\n|t:|1776854511\n|switch|p2b: Zamazenta|Zamazenta-Crowned, L50|100/100|[from] U-turn\n|-ability|p2b: Zamazenta|Dauntless Shield|boost\n|-boost|p2b: Zamazenta|def|1\n|move|p2a: Incineroar|Knock Off|p1a: Calyrex\n|-activate|p1a: Calyrex|move: Protect\n|move|p1b: Incineroar|Parting Shot|p2a: Incineroar\n|-unboost|p2a: Incineroar|atk|1\n|-unboost|p2a: Incineroar|spa|1\n|\n|t:|1776854523\n|switch|p1b: Landorus|Landorus, L50, M|100/100|[from] Parting Shot\n|\n|upkeep\n|turn|2\n|\n|t:|1776854543\n|-terastallize|p2b: Zamazenta|Water\n|-terastallize|p1a: Calyrex|Fairy\n|move|p2b: Zamazenta|Heavy Slam|p1a: Calyrex\n|-supereffective|p1a: Calyrex\n|-damage|p1a: Calyrex|79/100\n|move|p1b: Landorus|Earth Power|p2a: Incineroar\n|-supereffective|p2a: Incineroar\n|-damage|p2a: Incineroar|0 fnt\n|faint|p2a: Incineroar\n|move|p1a: Calyrex|Leech Seed|p2b: Zamazenta\n|-start|p2b: Zamazenta|move: Leech Seed\n|\n|-heal|p1a: Calyrex|85/100|[from] Grassy Terrain\n|-heal|p1a: Calyrex|91/100|[from] item: Leftovers\n|-damage|p2b: Zamazenta|88/100|[from] Leech Seed|[of] p1a: Calyrex\n|-heal|p1a: Calyrex|100/100|[silent]\n|upkeep\n|\n|t:|1776854555\n|switch|p2a: Calyrex|Calyrex-Shadow, L50|100/100\n|-ability|p2a: Calyrex|As One\n|-ability|p2a: Calyrex|Unnerve\n|turn|3\n|\n|t:|1776854576\n|switch|p1b: Smeargle|Smeargle, L50, M|100/100\n|move|p2a: Calyrex|Astral Barrage|p1a: Calyrex|[spread] p1a\n|-immune|p1b: Smeargle\n|-damage|p1a: Calyrex|62/100\n|-damage|p2a: Calyrex|91/100|[from] item: Life Orb\n|move|p2b: Zamazenta|Body Press|p1b: Smeargle\n|-supereffective|p1b: Smeargle\n|-enditem|p1b: Smeargle|Focus Sash\n|-damage|p1b: Smeargle|1/100\n|move|p1a: Calyrex|Trick Room|p1a: Calyrex\n|-fieldstart|move: Trick Room|[of] p1a: Calyrex\n|\n|-heal|p1a: Calyrex|68/100|[from] Grassy Terrain\n|-heal|p1a: Calyrex|74/100|[from] item: Leftovers\n|-heal|p1b: Smeargle|7/100|[from] Grassy Terrain\n|-heal|p2b: Zamazenta|94/100|[from] Grassy Terrain\n|-heal|p2a: Calyrex|97/100|[from] Grassy Terrain\n|-damage|p2b: Zamazenta|82/100|[from] Leech Seed|[of] p1a: Calyrex\n|-heal|p1a: Calyrex|85/100|[silent]\n|-ability|p1b: Smeargle|Moody|boost\n|-boost|p1b: Smeargle|spa|2\n|-unboost|p1b: Smeargle|spe|1\n|upkeep\n|turn|4\n|inactive|testhan92 has 30 seconds left.\n|\n|t:|1776854607\n|switch|p2a: Rillaboom|Rillaboom, L50, F|100/100\n|move|p2b: Zamazenta|Wide Guard|p2b: Zamazenta\n|-singleturn|p2b: Zamazenta|Wide Guard\n|move|p1a: Calyrex|Glacial Lance|p2b: Zamazenta|[spread] \n|-activate|p2a: Rillaboom|move: Wide Guard\n|-activate|p2b: Zamazenta|move: Wide Guard\n|move|p1b: Smeargle|Spore|p2a: Rillaboom\n|-immune|p2a: Rillaboom\n|\n|-heal|p1a: Calyrex|91/100|[from] Grassy Terrain\n|-heal|p1a: Calyrex|97/100|[from] item: Leftovers\n|-heal|p1b: Smeargle|13/100|[from] Grassy Terrain\n|-heal|p2b: Zamazenta|88/100|[from] Grassy Terrain\n|-damage|p2b: Zamazenta|76/100|[from] Leech Seed|[of] p1a: Calyrex\n|-heal|p1a: Calyrex|100/100|[silent]\n|-ability|p1b: Smeargle|Moody|boost\n|-boost|p1b: Smeargle|spd|2\n|-unboost|p1b: Smeargle|atk|1\n|upkeep\n|turn|5\n|\n|t:|1776854630\n|switch|p1b: Incineroar|Incineroar, L50, M|75/100\n|-ability|p1b: Incineroar|Intimidate|boost\n|-unboost|p2a: Rillaboom|atk|1\n|-unboost|p2b: Zamazenta|atk|1\n|move|p1a: Calyrex|Glacial Lance|p2a: Rillaboom|[spread] p2a,p2b\n|-supereffective|p2a: Rillaboom\n|-resisted|p2b: Zamazenta\n|-damage|p2a: Rillaboom|28/100\n|-damage|p2b: Zamazenta|69/100\n|move|p2a: Rillaboom|U-turn|p1a: Calyrex\n|-resisted|p1a: Calyrex\n|-damage|p1a: Calyrex|96/100\n|\n|t:|1776854641\n|switch|p2a: Calyrex|Calyrex-Shadow, L50|97/100|[from] U-turn\n|-ability|p2a: Calyrex|As One\n|-ability|p2a: Calyrex|Unnerve\n|move|p2b: Zamazenta|Body Press|p1b: Incineroar\n|-supereffective|p1b: Incineroar\n|-damage|p1b: Incineroar|0 fnt\n|faint|p1b: Incineroar\n|\n|-heal|p1a: Calyrex|100/100|[from] Grassy Terrain\n|-heal|p2b: Zamazenta|75/100|[from] Grassy Terrain\n|-heal|p2a: Calyrex|100/100|[from] Grassy Terrain\n|-damage|p2b: Zamazenta|63/100|[from] Leech Seed|[of] p1a: Calyrex\n|-fieldend|move: Grassy Terrain\n|upkeep\n|\n|t:|1776854657\n|switch|p1b: Smeargle|Smeargle, L50, M|13/100\n|turn|6\n|\n|t:|1776854667\n|switch|p2a: Rillaboom|Rillaboom, L50, F|28/100\n|-fieldstart|move: Grassy Terrain|[from] ability: Grassy Surge|[of] p2a: Rillaboom\n|move|p2b: Zamazenta|Wide Guard|p2b: Zamazenta\n|-singleturn|p2b: Zamazenta|Wide Guard\n|move|p1a: Calyrex|Glacial Lance|p2b: Zamazenta|[spread] \n|-activate|p2a: Rillaboom|move: Wide Guard\n|-activate|p2b: Zamazenta|move: Wide Guard\n|move|p1b: Smeargle|Spore|p2b: Zamazenta\n|-status|p2b: Zamazenta|slp|[from] move: Spore\n|\n|-heal|p1b: Smeargle|19/100|[from] Grassy Terrain\n|-heal|p2a: Rillaboom|34/100|[from] Grassy Terrain\n|-heal|p2b: Zamazenta|69/100 slp|[from] Grassy Terrain\n|-damage|p2b: Zamazenta|56/100 slp|[from] Leech Seed|[of] p1a: Calyrex\n|-ability|p1b: Smeargle|Moody|boost\n|-boost|p1b: Smeargle|spd|2\n|-unboost|p1b: Smeargle|spe|1\n|upkeep\n|turn|7\n|\n|t:|1776854694\n|move|p2a: Rillaboom|Grassy Glide|p1b: Smeargle\n|-damage|p1b: Smeargle|0 fnt\n|faint|p1b: Smeargle\n|move|p1a: Calyrex|Glacial Lance|p2a: Rillaboom|[spread] p2a,p2b\n|-supereffective|p2a: Rillaboom\n|-resisted|p2b: Zamazenta\n|-damage|p2a: Rillaboom|0 fnt\n|-damage|p2b: Zamazenta|50/100 slp\n|faint|p2a: Rillaboom\n|-ability|p1a: Calyrex|Chilling Neigh|boost\n|-boost|p1a: Calyrex|atk|1\n|cant|p2b: Zamazenta|slp\n|\n|-heal|p2b: Zamazenta|56/100 slp|[from] Grassy Terrain\n|-damage|p2b: Zamazenta|44/100 slp|[from] Leech Seed|[of] p1a: Calyrex\n|-fieldend|move: Trick Room\n|upkeep\n|\n|t:|1776854710\n|switch|p2a: Calyrex|Calyrex-Shadow, L50|100/100\n|switch|p1b: Landorus|Landorus, L50, M|100/100\n|-ability|p2a: Calyrex|As One\n|-ability|p2a: Calyrex|Unnerve\n|turn|8\n|\n|t:|1776854719\n|move|p2a: Calyrex|Astral Barrage|p1b: Landorus|[spread] p1a,p1b\n|-damage|p1a: Calyrex|62/100\n|-damage|p1b: Landorus|36/100\n|-damage|p2a: Calyrex|91/100|[from] item: Life Orb\n|-curestatus|p2b: Zamazenta|slp|[msg]\n|move|p2b: Zamazenta|Body Press|p1b: Landorus\n|-resisted|p1b: Landorus\n|-damage|p1b: Landorus|6/100\n|move|p1b: Landorus|Earth Power|p2b: Zamazenta\n|-damage|p2b: Zamazenta|0 fnt\n|faint|p2b: Zamazenta\n|move|p1a: Calyrex|Trick Room|p1a: Calyrex\n|-fieldstart|move: Trick Room|[of] p1a: Calyrex\n|\n|-heal|p1a: Calyrex|68/100|[from] Grassy Terrain\n|-heal|p1a: Calyrex|74/100|[from] item: Leftovers\n|-heal|p2a: Calyrex|97/100|[from] Grassy Terrain\n|upkeep\n|turn|9\n|-message|billyandersen24 forfeited.\n|\n|win|testhan92\n|raw|testhan92's rating: 1537 &rarr; <strong>1548</strong><br />(+11 for winning)\n|raw|billyandersen24's rating: 1375 &rarr; <strong>1364</strong><br />(-11 for losing)\n|l|\u2606billyandersen24\n|player|p2|\n","uploadtime":1776854746,"views":16,"formatid":"gen9vgc2026regi","rating":1364,"private":0,"password":null}