{"id":"gen9vgc2026regi-2570217694","format":"[Gen 9] VGC 2026 Reg I","players":["PsychoLotus","JakeNBake3D"],"log":"|j|\u2606PsychoLotus\n|j|\u2606JakeNBake3D\n|t:|1774789952\n|gametype|doubles\n|player|p1|PsychoLotus|266|1268\n|player|p2|JakeNBake3D|1|1241\n|gen|9\n|tier|[Gen 9] VGC 2026 Reg I\n|rated|\n|rule|Species Clause: Limit one of each Pok\u00e9mon\n|rule|Item Clause: Limit 1 of each item\n|clearpoke\n|poke|p1|Dondozo, L50, F|\n|poke|p1|Tatsugiri, L50, M|\n|poke|p1|Glimmora, L50, F|\n|poke|p1|Calyrex-Shadow, L50|\n|poke|p1|Whimsicott, L50, M|\n|poke|p1|Miraidon, L50|\n|poke|p2|Calyrex-Ice, L50|\n|poke|p2|Lunala, L50|\n|poke|p2|Ursaluna, L50, M|\n|poke|p2|Indeedee-F, L50, F|\n|poke|p2|Urshifu-*, L50, F|\n|poke|p2|Amoonguss, L50, F|\n|teampreview|4\n|inactive|Battle timer is ON: inactive players will automatically lose when time's up. (requested by PsychoLotus)\n|inactive|JakeNBake3D has 60 seconds left.\n|\n|t:|1774790004\n|teamsize|p1|4\n|teamsize|p2|4\n|start\n|switch|p1a: Miraidon|Miraidon, L50|100/100\n|switch|p1b: Dondozo|Dondozo, L50, F|100/100\n|switch|p2a: Indeedee|Indeedee-F, L50, F|100/100\n|switch|p2b: Calyrex|Calyrex-Ice, L50|100/100\n|-ability|p2b: Calyrex|As One\n|-ability|p2b: Calyrex|Unnerve\n|-fieldstart|move: Electric Terrain|[from] ability: Hadron Engine|[of] p1a: Miraidon\n|-fieldstart|move: Psychic Terrain|[from] ability: Psychic Surge|[of] p2a: Indeedee\n|turn|1\n|\n|t:|1774790021\n|-terastallize|p2a: Indeedee|Ground\n|move|p2a: Indeedee|Follow Me|p2a: Indeedee\n|-singleturn|p2a: Indeedee|move: Follow Me\n|move|p1a: Miraidon|Volt Switch|p2a: Indeedee\n|-immune|p2a: Indeedee\n|move|p1b: Dondozo|Earthquake|p2b: Calyrex|[spread] p1a,p2a,p2b\n|-supereffective|p1a: Miraidon\n|-damage|p1a: Miraidon|60/100\n|-damage|p2a: Indeedee|78/100\n|-damage|p2b: Calyrex|86/100\n|move|p2b: Calyrex|Trick Room|p2b: Calyrex\n|-fieldstart|move: Trick Room|[of] p2b: Calyrex\n|\n|upkeep\n|turn|2\n|inactive|JakeNBake3D has 30 seconds left.\n|inactive|JakeNBake3D has 20 seconds left.\n|inactive|JakeNBake3D has 15 seconds left.\n|\n|t:|1774790065\n|switch|p1a: Tatsugiri|Tatsugiri, L50, M|100/100\n|-activate|p1a: Tatsugiri|ability: Commander|[of] p1b: Dondozo\n|-boost|p1b: Dondozo|atk|2\n|-boost|p1b: Dondozo|spa|2\n|-boost|p1b: Dondozo|spe|2\n|-boost|p1b: Dondozo|def|2\n|-boost|p1b: Dondozo|spd|2\n|move|p2a: Indeedee|Follow Me|p2a: Indeedee\n|-singleturn|p2a: Indeedee|move: Follow Me\n|move|p2b: Calyrex|Glacial Lance|p1a: Tatsugiri|[spread] p1b\n|-miss|p2b: Calyrex|p1a: Tatsugiri\n|-resisted|p1b: Dondozo\n|-damage|p1b: Dondozo|92/100\n|move|p1b: Dondozo|Substitute|p1b: Dondozo\n|-start|p1b: Dondozo|Substitute\n|-damage|p1b: Dondozo|67/100\n|\n|-heal|p1b: Dondozo|74/100|[from] item: Leftovers\n|upkeep\n|turn|3\n|inactive|JakeNBake3D has 30 seconds left.\n|inactive|JakeNBake3D has 20 seconds left.\n|\n|t:|1774790102\n|move|p1b: Dondozo|Protect|p1b: Dondozo\n|-singleturn|p1b: Dondozo|Protect\n|move|p2b: Calyrex|Body Press|p1b: Dondozo\n|-activate|p1b: Dondozo|move: Protect\n|move|p2a: Indeedee|Psychic|p1b: Dondozo\n|-activate|p1b: Dondozo|move: Protect\n|\n|-heal|p1b: Dondozo|80/100|[from] item: Leftovers\n|upkeep\n|turn|4\n|\n|t:|1774790127\n|move|p2b: Calyrex|Body Press|p1b: Dondozo\n|-activate|p1b: Dondozo|move: Substitute|[damage]\n|move|p2a: Indeedee|Psychic|p1b: Dondozo\n|-activate|p1b: Dondozo|move: Substitute|[damage]\n|move|p1b: Dondozo|Order Up|p2b: Calyrex\n|-damage|p2b: Calyrex|59/100\n|-boost|p1b: Dondozo|atk|1\n|\n|-heal|p1b: Dondozo|86/100|[from] item: Leftovers\n|upkeep\n|turn|5\n|inactive|JakeNBake3D has 30 seconds left.\n|\n|t:|1774790153\n|switch|p2a: Urshifu|Urshifu, L50, F|100/100\n|move|p1b: Dondozo|Protect|p1b: Dondozo\n|-singleturn|p1b: Dondozo|Protect\n|move|p2b: Calyrex|Body Press|p1b: Dondozo\n|-activate|p1b: Dondozo|move: Protect\n|\n|-heal|p1b: Dondozo|92/100|[from] item: Leftovers\n|-fieldend|move: Trick Room\n|-fieldend|move: Psychic Terrain\n|upkeep\n|turn|6\n|inactive|JakeNBake3D has 30 seconds left.\n|\n|t:|1774790182\n|switch|p2b: Ursaluna|Ursaluna, L50, M|100/100\n|move|p2a: Urshifu|Wicked Blow|p1b: Dondozo\n|-crit|p1b: Dondozo\n|-end|p1b: Dondozo|Substitute\n|move|p1b: Dondozo|Earthquake|p2b: Ursaluna|[spread] p2a,p2b\n|-miss|p1b: Dondozo|p1a: Tatsugiri\n|-damage|p2a: Urshifu|49/100\n|-damage|p2b: Ursaluna|61/100\n|\n|-heal|p1b: Dondozo|99/100|[from] item: Leftovers\n|-status|p2b: Ursaluna|brn|[from] item: Flame Orb\n|upkeep\n|turn|7\n|\n|t:|1774790206\n|move|p2a: Urshifu|Wicked Blow|p1b: Dondozo\n|-crit|p1b: Dondozo\n|-damage|p1b: Dondozo|36/100\n|move|p1b: Dondozo|Earthquake|p2a: Urshifu|[spread] p2a,p2b\n|-miss|p1b: Dondozo|p1a: Tatsugiri\n|-damage|p2a: Urshifu|0 fnt\n|-damage|p2b: Ursaluna|19/100 brn\n|faint|p2a: Urshifu\n|move|p2b: Ursaluna|Facade|p1b: Dondozo\n|-damage|p1b: Dondozo|0 fnt\n|faint|p1b: Dondozo\n|\n|-damage|p2b: Ursaluna|13/100 brn|[from] brn\n|upkeep\n|\n|t:|1774790227\n|switch|p2a: Calyrex|Calyrex-Ice, L50|59/100\n|switch|p1b: Calyrex|Calyrex-Shadow, L50|100/100\n|-ability|p1b: Calyrex|As One\n|-ability|p1b: Calyrex|Unnerve\n|-ability|p2a: Calyrex|As One\n|-ability|p2a: Calyrex|Unnerve\n|turn|8\n|inactive|JakeNBake3D has 30 seconds left.\n|inactive|JakeNBake3D has 20 seconds left.\n|\n|t:|1774790263\n|switch|p2a: Indeedee|Indeedee-F, L50, F, tera:Ground|78/100\n|-fieldstart|move: Psychic Terrain|[from] ability: Psychic Surge|[of] p2a: Indeedee\n|move|p2b: Ursaluna|Protect|p2b: Ursaluna\n|-singleturn|p2b: Ursaluna|Protect\n|move|p1b: Calyrex|Astral Barrage|p2a: Indeedee|[spread] p2a\n|-activate|p2b: Ursaluna|move: Protect\n|-damage|p2a: Indeedee|29/100\n|move|p1a: Tatsugiri|Icy Wind|p2b: Ursaluna|[spread] p2a\n|-activate|p2b: Ursaluna|move: Protect\n|-supereffective|p2a: Indeedee\n|-damage|p2a: Indeedee|0 fnt\n|faint|p2a: Indeedee\n|\n|-damage|p2b: Ursaluna|7/100 brn|[from] brn\n|upkeep\n|\n|t:|1774790282\n|switch|p2a: Calyrex|Calyrex-Ice, L50|59/100\n|-ability|p2a: Calyrex|As One\n|-ability|p2a: Calyrex|Unnerve\n|turn|9\n|\n|t:|1774790299\n|move|p1b: Calyrex|Astral Barrage|p2b: Ursaluna|[spread] p2a\n|-immune|p2b: Ursaluna\n|-supereffective|p2a: Calyrex\n|-damage|p2a: Calyrex|0 fnt\n|faint|p2a: Calyrex\n|-ability|p1b: Calyrex|Grim Neigh|boost\n|-boost|p1b: Calyrex|spa|1\n|move|p1a: Tatsugiri|Icy Wind|p2b: Ursaluna\n|-supereffective|p2b: Ursaluna\n|-damage|p2b: Ursaluna|0 fnt\n|faint|p2b: Ursaluna\n|\n|win|PsychoLotus\n|raw|PsychoLotus's rating: 1268 &rarr; <strong>1291</strong><br />(+23 for winning)\n|raw|JakeNBake3D's rating: 1241 &rarr; <strong>1218</strong><br />(-23 for losing)\n","uploadtime":1774790306,"views":12,"formatid":"gen9vgc2026regi","rating":1218,"private":0,"password":null}