{"id":"gen9vgc2026regi-2590304482","format":"[Gen 9] VGC 2026 Reg I","players":["stoobidasian","Sunny_zong1"],"log":"|j|\u2606stoobidasian\n|j|\u2606Sunny_zong1\n|t:|1776799890\n|gametype|doubles\n|player|p1|stoobidasian|n|1538\n|player|p2|Sunny_zong1|bugsy|1461\n|gen|9\n|tier|[Gen 9] VGC 2026 Reg I\n|rated|\n|rule|Species Clause: Limit one of each Pok\u00e9mon\n|rule|Item Clause: Limit 1 of each item\n|clearpoke\n|poke|p1|Flutter Mane, L50|\n|poke|p1|Incineroar, L50, F|\n|poke|p1|Koraidon, L50|\n|poke|p1|Brute Bonnet, L50|\n|poke|p1|Raging Bolt, L50|\n|poke|p1|Ho-Oh, L50|\n|poke|p2|Annihilape, L50, F|\n|poke|p2|Miraidon, L50|\n|poke|p2|Calyrex-Shadow, L50|\n|poke|p2|Wo-Chien, L50|\n|poke|p2|Grimmsnarl, L50, M|\n|poke|p2|Indeedee, L50, M|\n|teampreview|4\n|inactive|Battle timer is ON: inactive players will automatically lose when time's up. (requested by Sunny_zong1)\n|inactive|stoobidasian has 60 seconds left.\n|inactive|Sunny_zong1 has 60 seconds left.\n|\n|t:|1776799941\n|teamsize|p1|4\n|teamsize|p2|4\n|start\n|switch|p1a: Koraidon|Koraidon, L50, shiny|100/100\n|switch|p1b: Flutter Mane|Flutter Mane, L50, shiny|100/100\n|switch|p2a: Grimmsnarl|Grimmsnarl, L50, M|100/100\n|switch|p2b: Calyrex|Calyrex-Shadow, L50|100/100\n|-ability|p2b: Calyrex|As One\n|-ability|p2b: Calyrex|Unnerve\n|-weather|SunnyDay|[from] ability: Orichalcum Pulse|[of] p1a: Koraidon\n|-activate|p1b: Flutter Mane|ability: Protosynthesis\n|-start|p1b: Flutter Mane|protosynthesisspe\n|-activate|p1a: Koraidon|Orichalcum Pulse|[source]\n|turn|1\n|\n|t:|1776799961\n|switch|p2b: Indeedee|Indeedee, L50, M|100/100\n|-fieldstart|move: Psychic Terrain|[from] ability: Psychic Surge|[of] p2b: Indeedee\n|-enditem|p2b: Indeedee|Psychic Seed\n|-boost|p2b: Indeedee|spd|1|[from] item: Psychic Seed\n|-terastallize|p1b: Flutter Mane|Normal\n|move|p1a: Koraidon|Protect|p1a: Koraidon\n|-singleturn|p1a: Koraidon|Protect\n|move|p2a: Grimmsnarl|Light Screen|p2a: Grimmsnarl\n|-sidestart|p2: Sunny_zong1|move: Light Screen\n|move|p1b: Flutter Mane|Taunt|p2a: Grimmsnarl\n|-start|p2a: Grimmsnarl|move: Taunt\n|\n|-weather|SunnyDay|[upkeep]\n|upkeep\n|turn|2\n|\n|t:|1776799984\n|switch|p1a: Incineroar|Incineroar, L50, F|100/100\n|-ability|p1a: Incineroar|Intimidate|boost\n|-unboost|p2a: Grimmsnarl|atk|1\n|-unboost|p2b: Indeedee|atk|1\n|move|p1b: Flutter Mane|Moonblast|p2a: Grimmsnarl\n|-supereffective|p2a: Grimmsnarl\n|-damage|p2a: Grimmsnarl|49/100\n|-unboost|p2a: Grimmsnarl|spa|1\n|move|p2b: Indeedee|Dazzling Gleam|p1a: Incineroar|[spread] p1a,p1b\n|-damage|p1a: Incineroar|86/100\n|-damage|p1b: Flutter Mane|81/100\n|move|p2a: Grimmsnarl|Foul Play|p1a: Incineroar\n|-resisted|p1a: Incineroar\n|-damage|p1a: Incineroar|69/100\n|\n|-weather|SunnyDay|[upkeep]\n|upkeep\n|turn|3\n|inactive|stoobidasian has 30 seconds left.\n|\n|t:|1776800015\n|switch|p2a: Miraidon|Miraidon, L50|100/100\n|-fieldstart|move: Electric Terrain|[from] ability: Hadron Engine|[of] p2a: Miraidon\n|move|p1b: Flutter Mane|Moonblast|p2a: Miraidon\n|-supereffective|p2a: Miraidon\n|-damage|p2a: Miraidon|34/100\n|move|p2b: Indeedee|Hyper Voice|p1b: Flutter Mane|[spread] p1a,p1b\n|-damage|p1a: Incineroar|41/100\n|-damage|p1b: Flutter Mane|51/100\n|move|p1a: Incineroar|Flare Blitz|p2b: Indeedee\n|-damage|p2b: Indeedee|0 fnt\n|faint|p2b: Indeedee\n|-damage|p1a: Incineroar|17/100|[from] Recoil\n|\n|-weather|SunnyDay|[upkeep]\n|upkeep\n|\n|t:|1776800019\n|switch|p2b: Grimmsnarl|Grimmsnarl, L50, M|49/100\n|turn|4\n|inactive|stoobidasian has 30 seconds left.\n|inactive|Sunny_zong1 has 30 seconds left.\n|\n|t:|1776800045\n|move|p2b: Grimmsnarl|Thunder Wave|p1b: Flutter Mane\n|-status|p1b: Flutter Mane|par\n|move|p2a: Miraidon|Parabolic Charge|p1a: Incineroar|[spread] p2b,p1a,p1b\n|-damage|p2b: Grimmsnarl|22/100\n|-heal|p2a: Miraidon|50/100|[from] drain|[of] p2b: Grimmsnarl\n|-damage|p1a: Incineroar|0 fnt\n|-heal|p2a: Miraidon|59/100|[from] drain|[of] p1a: Incineroar\n|-damage|p1b: Flutter Mane|0 fnt\n|-heal|p2a: Miraidon|78/100|[from] drain|[of] p1b: Flutter Mane\n|faint|p1a: Incineroar\n|faint|p1b: Flutter Mane\n|-end|p1b: Flutter Mane|Protosynthesis|[silent]\n|-damage|p2a: Miraidon|68/100|[from] item: Life Orb\n|\n|-weather|SunnyDay|[upkeep]\n|upkeep\n|\n|t:|1776800057\n|switch|p1b: Ho-Oh|Ho-Oh, L50|100/100\n|switch|p1a: Koraidon|Koraidon, L50, shiny|100/100\n|-activate|p1a: Koraidon|ability: Orichalcum Pulse\n|turn|5\n|\n|t:|1776800072\n|move|p1a: Koraidon|Protect|p1a: Koraidon\n|-singleturn|p1a: Koraidon|Protect\n|move|p2b: Grimmsnarl|Reflect|p2b: Grimmsnarl\n|-sidestart|p2: Sunny_zong1|Reflect\n|move|p2a: Miraidon|Dazzling Gleam|p1b: Ho-Oh|[spread] p1b\n|-activate|p1a: Koraidon|move: Protect\n|-resisted|p1b: Ho-Oh\n|-damage|p1b: Ho-Oh|91/100\n|-damage|p2a: Miraidon|59/100|[from] item: Life Orb\n|move|p1b: Ho-Oh|Tailwind|p1b: Ho-Oh\n|-sidestart|p1: stoobidasian|move: Tailwind\n|\n|-weather|none\n|-heal|p1b: Ho-Oh|98/100|[from] item: Leftovers\n|upkeep\n|turn|6\n|\n|t:|1776800087\n|move|p2b: Grimmsnarl|Thunder Wave|p1a: Koraidon\n|-status|p1a: Koraidon|par\n|move|p1b: Ho-Oh|Brave Bird|p2b: Grimmsnarl\n|-damage|p2b: Grimmsnarl|0 fnt\n|faint|p2b: Grimmsnarl\n|-damage|p1b: Ho-Oh|91/100|[from] Recoil\n|move|p2a: Miraidon|Electro Drift|p1b: Ho-Oh\n|-supereffective|p1b: Ho-Oh\n|-damage|p1b: Ho-Oh|0 fnt\n|faint|p1b: Ho-Oh\n|-damage|p2a: Miraidon|49/100|[from] item: Life Orb\n|cant|p1a: Koraidon|par\n|\n|upkeep\n|\n|t:|1776800089\n|switch|p2b: Calyrex|Calyrex-Shadow, L50|100/100\n|-ability|p2b: Calyrex|As One\n|-ability|p2b: Calyrex|Unnerve\n|turn|7\n|-message|stoobidasian forfeited.\n|\n|win|Sunny_zong1\n|raw|stoobidasian's rating: 1538 &rarr; <strong>1514</strong><br />(-24 for losing)\n|raw|Sunny_zong1's rating: 1461 &rarr; <strong>1485</strong><br />(+24 for winning)\n|l|\u2606stoobidasian\n|player|p1|\n|l|\u2606Sunny_zong1\n|player|p2|\n","uploadtime":1776800298,"views":9,"formatid":"gen9vgc2026regi","rating":1485,"private":0,"password":null}