{"id":"gen9vgc2026regi-2587530181","format":"[Gen 9] VGC 2026 Reg I","players":["CappaCobblemon","pumpkinflame"],"log":"|j|\u2606CappaCobblemon\n|j|\u2606pumpkinflame\n|t:|1776539709\n|gametype|doubles\n|player|p1|CappaCobblemon|102|1353\n|player|p2|pumpkinflame|adaman-masters|1357\n|gen|9\n|tier|[Gen 9] VGC 2026 Reg I\n|rated|\n|rule|Species Clause: Limit one of each Pok\u00e9mon\n|rule|Item Clause: Limit 1 of each item\n|clearpoke\n|poke|p1|Calyrex-Shadow, L50|\n|poke|p1|Zamazenta-*, L50|\n|poke|p1|Farigiraf, L50, M|\n|poke|p1|Incineroar, L50, F|\n|poke|p1|Rillaboom, L50, F|\n|poke|p1|Amoonguss, L50, F|\n|poke|p2|Kyogre, L50|\n|poke|p2|Archaludon, L50, F|\n|poke|p2|Rillaboom, L50, F|\n|poke|p2|Roaring Moon, L50|\n|poke|p2|Calyrex-Ice, L50|\n|poke|p2|Incineroar, L50, F|\n|teampreview|4\n|\n|t:|1776539735\n|teamsize|p1|4\n|teamsize|p2|4\n|start\n|switch|p1a: Calyrex|Calyrex-Shadow, L50|100/100\n|switch|p1b: Zamazenta|Zamazenta-Crowned, L50|100/100\n|switch|p2a: K.O|Kyogre, L50|100/100\n|switch|p2b: Salamence Megav2|Roaring Moon, L50|100/100\n|-ability|p1a: Calyrex|As One\n|-ability|p1a: Calyrex|Unnerve\n|-ability|p1b: Zamazenta|Dauntless Shield|boost\n|-boost|p1b: Zamazenta|def|1\n|-weather|RainDance|[from] ability: Drizzle|[of] p2a: K.O\n|-enditem|p2b: Salamence Megav2|Booster Energy\n|-activate|p2b: Salamence Megav2|ability: Protosynthesis|[fromitem]\n|-start|p2b: Salamence Megav2|protosynthesisspe\n|turn|1\n|\n|t:|1776539758\n|-terastallize|p1a: Calyrex|Fairy\n|move|p1b: Zamazenta|Wide Guard|p1b: Zamazenta\n|-singleturn|p1b: Zamazenta|Wide Guard\n|move|p2b: Salamence Megav2|Tailwind|p2b: Salamence Megav2\n|-sidestart|p2: pumpkinflame|move: Tailwind\n|move|p2a: K.O|Ice Beam|p1a: Calyrex\n|-damage|p1a: Calyrex|63/100\n|move|p1a: Calyrex|Draining Kiss|p2b: Salamence Megav2\n|-supereffective|p2b: Salamence Megav2\n|-damage|p2b: Salamence Megav2|0 fnt\n|-heal|p1a: Calyrex|100/100|[from] drain|[of] p2b: Salamence Megav2\n|faint|p2b: Salamence Megav2\n|-end|p2b: Salamence Megav2|Protosynthesis|[silent]\n|-ability|p1a: Calyrex|Grim Neigh|boost\n|-boost|p1a: Calyrex|spa|1\n|\n|-weather|RainDance|[upkeep]\n|upkeep\n|\n|t:|1776539769\n|switch|p2b: Miraidon 2|Archaludon, L50, F|100/100\n|turn|2\n|\n|t:|1776539786\n|move|p2a: K.O|Water Spout|p1a: Calyrex|[spread] p1a,p1b\n|-enditem|p1a: Calyrex|Focus Sash\n|-damage|p1a: Calyrex|1/100\n|-damage|p1b: Zamazenta|24/100\n|move|p1a: Calyrex|Astral Barrage|p2b: Miraidon 2|[spread] p2a,p2b\n|-damage|p2a: K.O|43/100\n|-damage|p2b: Miraidon 2|36/100\n|-ability|p2b: Miraidon 2|Stamina|boost\n|-boost|p2b: Miraidon 2|def|1\n|move|p2b: Miraidon 2|Electro Shot||[still]\n|-prepare|p2b: Miraidon 2|Electro Shot\n|-boost|p2b: Miraidon 2|spa|1\n|-anim|p2b: Miraidon 2|Electro Shot|p1a: Calyrex\n|-damage|p1a: Calyrex|0 fnt\n|faint|p1a: Calyrex\n|move|p1b: Zamazenta|Body Press|p2b: Miraidon 2\n|-supereffective|p2b: Miraidon 2\n|-damage|p2b: Miraidon 2|0 fnt\n|faint|p2b: Miraidon 2\n|\n|-weather|RainDance|[upkeep]\n|upkeep\n|\n|t:|1776539806\n|switch|p1a: Farigiraf|Farigiraf, L50, M|100/100\n|switch|p2b: Chilly and Willy|Calyrex-Ice, L50|100/100\n|-ability|p2b: Chilly and Willy|As One\n|-ability|p2b: Chilly and Willy|Unnerve\n|turn|3\n|\n|t:|1776539831\n|move|p1b: Zamazenta|Wide Guard|p1b: Zamazenta\n|-singleturn|p1b: Zamazenta|Wide Guard\n|move|p2a: K.O|Origin Pulse|p1a: Farigiraf|[spread] \n|-activate|p1a: Farigiraf|move: Wide Guard\n|-activate|p1b: Zamazenta|move: Wide Guard\n|move|p2b: Chilly and Willy|Leech Seed|p1b: Zamazenta\n|-start|p1b: Zamazenta|move: Leech Seed\n|move|p1a: Farigiraf|Foul Play|p2b: Chilly and Willy\n|-supereffective|p2b: Chilly and Willy\n|-damage|p2b: Chilly and Willy|60/100\n|\n|-weather|RainDance|[upkeep]\n|-heal|p2b: Chilly and Willy|66/100|[from] item: Leftovers\n|-damage|p1b: Zamazenta|12/100|[from] Leech Seed|[of] p2b: Chilly and Willy\n|-heal|p2b: Chilly and Willy|77/100|[silent]\n|upkeep\n|turn|4\n|\n|t:|1776539857\n|switch|p1b: Amoonguss|Amoonguss, L50, F|100/100\n|move|p2a: K.O|Origin Pulse|p1a: Farigiraf|[spread] p1a,p1b\n|-resisted|p1b: Amoonguss\n|-damage|p1a: Farigiraf|18/100\n|-damage|p1b: Amoonguss|59/100\n|move|p2b: Chilly and Willy|Trick Room|p2b: Chilly and Willy\n|-fieldstart|move: Trick Room|[of] p2b: Chilly and Willy\n|move|p1a: Farigiraf|Trick Room|p1a: Farigiraf\n|-fieldend|move: Trick Room\n|\n|-weather|RainDance|[upkeep]\n|-heal|p2b: Chilly and Willy|83/100|[from] item: Leftovers\n|-sideend|p2: pumpkinflame|move: Tailwind\n|upkeep\n|turn|5\n|\n|t:|1776539878\n|move|p2a: K.O|Origin Pulse|p1a: Farigiraf|[spread] p1a\n|-miss|p2a: K.O|p1b: Amoonguss\n|-damage|p1a: Farigiraf|0 fnt\n|faint|p1a: Farigiraf\n|move|p2b: Chilly and Willy|Glacial Lance|p1b: Amoonguss\n|-supereffective|p1b: Amoonguss\n|-damage|p1b: Amoonguss|0 fnt\n|faint|p1b: Amoonguss\n|-ability|p2b: Chilly and Willy|Chilling Neigh|boost\n|-boost|p2b: Chilly and Willy|atk|1\n|\n|-weather|none\n|-heal|p2b: Chilly and Willy|89/100|[from] item: Leftovers\n|upkeep\n|-message|CappaCobblemon forfeited.\n|\n|win|pumpkinflame\n|raw|CappaCobblemon's rating: 1353 &rarr; <strong>1333</strong><br />(-20 for losing)\n|raw|pumpkinflame's rating: 1357 &rarr; <strong>1377</strong><br />(+20 for winning)\n|l|\u2606CappaCobblemon\n|player|p1|\n","uploadtime":1776540120,"views":15,"formatid":"gen9vgc2026regi","rating":1333,"private":0,"password":null}