{"id":"gen9vgc2026regi-2578744357","format":"[Gen 9] VGC 2026 Reg I","players":["Serbias","navinsachump"],"log":"|j|\u2606Serbias\n|j|\u2606navinsachump\n|t:|1775711421\n|gametype|doubles\n|player|p1|Serbias|falkner|1485\n|player|p2|navinsachump|smasher|1394\n|gen|9\n|tier|[Gen 9] VGC 2026 Reg I\n|rated|\n|rule|Species Clause: Limit one of each Pok\u00e9mon\n|rule|Item Clause: Limit 1 of each item\n|clearpoke\n|poke|p1|Calyrex-Shadow, L50|\n|poke|p1|Zamazenta-*, L50|\n|poke|p1|Grimmsnarl, L50, M|\n|poke|p1|Dondozo, L50, F|\n|poke|p1|Tatsugiri, L50, F|\n|poke|p1|Pawmot, L50, F|\n|poke|p2|Calyrex-Shadow, L50|\n|poke|p2|Koraidon, L50|\n|poke|p2|Raging Bolt, L50|\n|poke|p2|Brute Bonnet, L50|\n|poke|p2|Landorus, L50, M|\n|poke|p2|Incineroar, L50, M|\n|teampreview|4\n|inactive|Battle timer is ON: inactive players will automatically lose when time's up. (requested by Serbias)\n|\n|t:|1775711445\n|teamsize|p1|4\n|teamsize|p2|4\n|start\n|switch|p1a: Calyrex|Calyrex-Shadow, L50|100/100\n|switch|p1b: Dondozo|Dondozo, L50, F|100/100\n|switch|p2a: Calyrex|Calyrex-Shadow, L50|100/100\n|switch|p2b: Koraidon|Koraidon, L50|100/100\n|-ability|p1a: Calyrex|As One\n|-ability|p1a: Calyrex|Unnerve\n|-ability|p2a: Calyrex|As One\n|-ability|p2a: Calyrex|Unnerve\n|-weather|SunnyDay|[from] ability: Orichalcum Pulse|[of] p2b: Koraidon\n|-activate|p2b: Koraidon|Orichalcum Pulse|[source]\n|turn|1\n|inactive|Serbias has 30 seconds left.\n|\n|t:|1775711479\n|move|p1a: Calyrex|Protect|p1a: Calyrex\n|-singleturn|p1a: Calyrex|Protect\n|move|p2a: Calyrex|Protect|p2a: Calyrex\n|-singleturn|p2a: Calyrex|Protect\n|move|p2b: Koraidon|Protect|p2b: Koraidon\n|-singleturn|p2b: Koraidon|Protect\n|move|p1b: Dondozo|Protect||[still]\n|-fail|p1b: Dondozo\n|\n|-weather|SunnyDay|[upkeep]\n|upkeep\n|turn|2\n|inactive|Serbias has 30 seconds left.\n|\n|t:|1775711505\n|switch|p2b: Brute Bonnet|Brute Bonnet, L50|100/100\n|-activate|p2b: Brute Bonnet|ability: Protosynthesis\n|-start|p2b: Brute Bonnet|protosynthesisdef\n|-terastallize|p1a: Calyrex|Dark\n|move|p1b: Dondozo|Protect|p1b: Dondozo\n|-singleturn|p1b: Dondozo|Protect\n|move|p2a: Calyrex|Astral Barrage|p1b: Dondozo|[spread] p1a\n|-activate|p1b: Dondozo|move: Protect\n|-resisted|p1a: Calyrex\n|-damage|p1a: Calyrex|70/100\n|move|p1a: Calyrex|Encore||[still]\n|-fail|p1a: Calyrex\n|\n|-weather|SunnyDay|[upkeep]\n|upkeep\n|turn|3\n|inactive|navinsachump has 30 seconds left.\n|\n|t:|1775711540\n|move|p2a: Calyrex|Protect|p2a: Calyrex\n|-singleturn|p2a: Calyrex|Protect\n|move|p1a: Calyrex|Astral Barrage|p2a: Calyrex|[spread] p2b\n|-activate|p2a: Calyrex|move: Protect\n|-resisted|p2b: Brute Bonnet\n|-damage|p2b: Brute Bonnet|72/100\n|-damage|p1a: Calyrex|60/100|[from] item: Life Orb\n|move|p2b: Brute Bonnet|Spore|p1b: Dondozo\n|-status|p1b: Dondozo|slp|[from] move: Spore\n|cant|p1b: Dondozo|slp\n|\n|-weather|SunnyDay|[upkeep]\n|upkeep\n|turn|4\n|\n|t:|1775711563\n|cant|p1b: Dondozo|slp\n|move|p1a: Calyrex|Astral Barrage|p2a: Calyrex|[spread] p2a,p2b\n|-supereffective|p2a: Calyrex\n|-resisted|p2b: Brute Bonnet\n|-enditem|p2a: Calyrex|Focus Sash\n|-damage|p2a: Calyrex|1/100\n|-damage|p2b: Brute Bonnet|41/100\n|-damage|p1a: Calyrex|50/100|[from] item: Life Orb\n|move|p2a: Calyrex|Astral Barrage|p1b: Dondozo|[spread] p1a,p1b\n|-resisted|p1a: Calyrex\n|-damage|p1a: Calyrex|24/100\n|-damage|p1b: Dondozo|65/100 slp\n|move|p2b: Brute Bonnet|Seed Bomb|p1b: Dondozo\n|-supereffective|p1b: Dondozo\n|-damage|p1b: Dondozo|26/100 slp\n|\n|-weather|SunnyDay|[upkeep]\n|upkeep\n|turn|5\n|\n|t:|1775711578\n|move|p2a: Calyrex|Protect|p2a: Calyrex\n|-singleturn|p2a: Calyrex|Protect\n|cant|p1b: Dondozo|slp\n|move|p1a: Calyrex|Astral Barrage|p2a: Calyrex|[spread] p2b\n|-activate|p2a: Calyrex|move: Protect\n|-resisted|p2b: Brute Bonnet\n|-damage|p2b: Brute Bonnet|7/100\n|-damage|p1a: Calyrex|15/100|[from] item: Life Orb\n|move|p2b: Brute Bonnet|Spore|p1a: Calyrex\n|-status|p1a: Calyrex|slp|[from] move: Spore\n|\n|-weather|none\n|-end|p2b: Brute Bonnet|Protosynthesis\n|upkeep\n|turn|6\n|\n|t:|1775711594\n|switch|p1a: Tatsugiri|Tatsugiri, L50, F|100/100\n|-activate|p1a: Tatsugiri|ability: Commander|[of] p1b: Dondozo\n|-boost|p1b: Dondozo|atk|2\n|-boost|p1b: Dondozo|spa|2\n|-boost|p1b: Dondozo|spe|2\n|-boost|p1b: Dondozo|def|2\n|-boost|p1b: Dondozo|spd|2\n|-end|p2b: Brute Bonnet|Protosynthesis|[silent]\n|switch|p2b: Koraidon|Koraidon, L50|100/100\n|-weather|SunnyDay|[from] ability: Orichalcum Pulse|[of] p2b: Koraidon\n|-activate|p2b: Koraidon|Orichalcum Pulse|[source]\n|move|p2a: Calyrex|Astral Barrage|p1a: Tatsugiri|[spread] p1b\n|-miss|p2a: Calyrex|p1a: Tatsugiri\n|-damage|p1b: Dondozo|8/100 slp\n|-curestatus|p1b: Dondozo|slp|[msg]\n|move|p1b: Dondozo|Earthquake|p2a: Calyrex|[spread] p2a,p2b\n|-miss|p1b: Dondozo|p1a: Tatsugiri\n|-damage|p2a: Calyrex|0 fnt\n|-damage|p2b: Koraidon|74/100\n|faint|p2a: Calyrex\n|\n|-weather|SunnyDay|[upkeep]\n|upkeep\n|\n|t:|1775711601\n|switch|p2a: Incineroar|Incineroar, L50, M|100/100\n|-ability|p2a: Incineroar|Intimidate|boost\n|-unboost|p1a: Tatsugiri|atk|1\n|-unboost|p1b: Dondozo|atk|1\n|turn|7\n|\n|t:|1775711619\n|-terastallize|p2b: Koraidon|Fire\n|move|p2a: Incineroar|Fake Out|p1b: Dondozo\n|-damage|p1b: Dondozo|5/100\n|move|p2b: Koraidon|Flame Charge|p1b: Dondozo\n|-resisted|p1b: Dondozo\n|-damage|p1b: Dondozo|0 fnt\n|-boost|p2b: Koraidon|spe|1\n|faint|p1b: Dondozo\n|\n|-weather|SunnyDay|[upkeep]\n|upkeep\n|\n|t:|1775711627\n|switch|p1b: Pawmot|Pawmot, L50, F|100/100\n|turn|8\n|\n|t:|1775711635\n|switch|p1a: Calyrex|Calyrex-Shadow, L50, tera:Dark|15/100 slp\n|-ability|p1a: Calyrex|As One\n|-ability|p1a: Calyrex|Unnerve\n|move|p2b: Koraidon|Protect|p2b: Koraidon\n|-singleturn|p2b: Koraidon|Protect\n|move|p1b: Pawmot|Revival Blessing|p1b: Pawmot\n|\n|t:|1775711644\n|-heal|p1: Dondozo|50/100|[from] move: Revival Blessing\n|move|p2a: Incineroar|Parting Shot|p1a: Calyrex\n|-unboost|p1a: Calyrex|atk|1\n|-unboost|p1a: Calyrex|spa|1\n|\n|t:|1775711650\n|switch|p2a: Brute Bonnet|Brute Bonnet, L50|7/100|[from] Parting Shot\n|-activate|p2a: Brute Bonnet|ability: Protosynthesis\n|-start|p2a: Brute Bonnet|protosynthesisdef\n|\n|-weather|SunnyDay|[upkeep]\n|upkeep\n|turn|9\n|\n|t:|1775711665\n|move|p2a: Brute Bonnet|Sucker Punch|p1b: Pawmot\n|-resisted|p1b: Pawmot\n|-damage|p1b: Pawmot|74/100\n|move|p2b: Koraidon|Collision Course|p1b: Pawmot\n|-damage|p1b: Pawmot|0 fnt\n|faint|p1b: Pawmot\n|cant|p1a: Calyrex|slp\n|\n|-weather|SunnyDay|[upkeep]\n|upkeep\n|\n|t:|1775711671\n|switch|p1b: Dondozo|Dondozo, L50, F|50/100\n|turn|10\n|\n|t:|1775711697\n|switch|p1a: Tatsugiri|Tatsugiri, L50, F|100/100\n|-activate|p1a: Tatsugiri|ability: Commander|[of] p1b: Dondozo\n|-boost|p1b: Dondozo|atk|2\n|-boost|p1b: Dondozo|spa|2\n|-boost|p1b: Dondozo|spe|2\n|-boost|p1b: Dondozo|def|2\n|-boost|p1b: Dondozo|spd|2\n|-end|p2a: Brute Bonnet|Protosynthesis|[silent]\n|switch|p2a: Incineroar|Incineroar, L50, M|100/100\n|-ability|p2a: Incineroar|Intimidate|boost\n|-unboost|p1a: Tatsugiri|atk|1\n|-unboost|p1b: Dondozo|atk|1\n|move|p2b: Koraidon|Collision Course|p1b: Dondozo\n|-damage|p1b: Dondozo|29/100\n|move|p1b: Dondozo|Earthquake|p2a: Incineroar|[spread] p2a,p2b\n|-miss|p1b: Dondozo|p1a: Tatsugiri\n|-supereffective|p2a: Incineroar\n|-supereffective|p2b: Koraidon\n|-damage|p2a: Incineroar|63/100\n|-damage|p2b: Koraidon|31/100\n|\n|-weather|none\n|upkeep\n|turn|11\n|\n|t:|1775711716\n|switch|p2b: Brute Bonnet|Brute Bonnet, L50|7/100\n|move|p1b: Dondozo|Protect|p1b: Dondozo\n|-singleturn|p1b: Dondozo|Protect\n|move|p2a: Incineroar|Parting Shot|p1b: Dondozo\n|-activate|p1b: Dondozo|move: Protect\n|\n|upkeep\n|turn|12\n|\n|t:|1775711730\n|move|p2b: Brute Bonnet|Sucker Punch|p1b: Dondozo\n|-damage|p1b: Dondozo|18/100\n|move|p1b: Dondozo|Wave Crash|p2a: Incineroar\n|-supereffective|p2a: Incineroar\n|-damage|p2a: Incineroar|0 fnt\n|-damage|p1b: Dondozo|2/100|[from] item: Rocky Helmet|[of] p2a: Incineroar\n|faint|p2a: Incineroar\n|-damage|p1b: Dondozo|0 fnt|[from] Recoil\n|faint|p1b: Dondozo\n|\n|upkeep\n|\n|t:|1775711735\n|switch|p2a: Koraidon|Koraidon, L50, tera:Fire|31/100\n|switch|p1b: Calyrex|Calyrex-Shadow, L50, tera:Dark|15/100 slp\n|-ability|p1b: Calyrex|As One\n|-ability|p1b: Calyrex|Unnerve\n|-weather|SunnyDay|[from] ability: Orichalcum Pulse|[of] p2a: Koraidon\n|-activate|p2b: Brute Bonnet|ability: Protosynthesis\n|-start|p2b: Brute Bonnet|protosynthesisdef\n|-activate|p2a: Koraidon|Orichalcum Pulse|[source]\n|turn|13\n|\n|t:|1775711752\n|move|p2b: Brute Bonnet|Sucker Punch|p1a: Tatsugiri\n|-damage|p1a: Tatsugiri|47/100\n|cant|p1b: Calyrex|slp\n|move|p1a: Tatsugiri|Muddy Water|p2b: Brute Bonnet|[spread] p2a,p2b\n|-supereffective|p2a: Koraidon\n|-resisted|p2b: Brute Bonnet\n|-damage|p2a: Koraidon|3/100\n|-damage|p2b: Brute Bonnet|1/100\n|move|p2a: Koraidon|Collision Course|p1a: Tatsugiri\n|-damage|p1a: Tatsugiri|0 fnt\n|faint|p1a: Tatsugiri\n|\n|-weather|SunnyDay|[upkeep]\n|upkeep\n|turn|14\n|\n|t:|1775711767\n|move|p2b: Brute Bonnet|Sucker Punch|p1b: Calyrex\n|-resisted|p1b: Calyrex\n|-crit|p1b: Calyrex\n|-damage|p1b: Calyrex|0 fnt\n|faint|p1b: Calyrex\n|\n|win|navinsachump\n|raw|Serbias's rating: 1485 &rarr; <strong>1460</strong><br />(-25 for losing)\n|raw|navinsachump's rating: 1394 &rarr; <strong>1419</strong><br />(+25 for winning)\n|l|\u2606navinsachump\n|player|p2|\n|l|\u2606Serbias\n|player|p1|\n","uploadtime":1775712020,"views":7,"formatid":"gen9vgc2026regi","rating":1419,"private":0,"password":null}