{"id":"gen9vgc2026regi-2539994433","format":"[Gen 9] VGC 2026 Reg I","players":["DangAnhVuNguyenVGC","blackred123"],"log":"|j|\u2606DangAnhVuNguyenVGC\n|j|\u2606blackred123\n|t:|1771140504\n|gametype|doubles\n|player|p1|DangAnhVuNguyenVGC|n|1222\n|player|p2|blackred123|iono-masters|1361\n|gen|9\n|tier|[Gen 9] VGC 2026 Reg I\n|rated|\n|rule|Species Clause: Limit one of each Pok\u00e9mon\n|rule|Item Clause: Limit 1 of each item\n|clearpoke\n|poke|p1|Rayquaza, L50|\n|poke|p1|Zamazenta-*, L50|\n|poke|p1|Chien-Pao, L50|\n|poke|p1|Volcarona, L50, M|\n|poke|p1|Urshifu-*, L50, M|\n|poke|p1|Thwackey, L50, M|\n|poke|p2|Zacian-*, L50|\n|poke|p2|Kyogre, L50|\n|poke|p2|Amoonguss, L50, F|\n|poke|p2|Incineroar, L50, F|\n|poke|p2|Urshifu-*, L50, M|\n|poke|p2|Iron Jugulis, L50|\n|teampreview|4\n|inactive|Battle timer is ON: inactive players will automatically lose when time's up. (requested by DangAnhVuNguyenVGC)\n|inactive|blackred123 also wants the timer to be on.\n|inactive|DangAnhVuNguyenVGC has 60 seconds left.\n|\n|t:|1771140536\n|teamsize|p1|4\n|teamsize|p2|4\n|start\n|switch|p1a: Thwackey|Thwackey, L50, M, shiny|100/100\n|switch|p1b: Slifer The Sky Dra|Rayquaza, L50, shiny|100/100\n|switch|p2a: \u963f\u5c14\u6258\u8389\u96c5|Zacian-Crowned, L50, shiny|100/100\n|switch|p2b: \u4e3b\u4eba\ud83d\ude2d\ud83e\udd75|Incineroar, L50, F|100/100\n|-ability|p2a: \u963f\u5c14\u6258\u8389\u96c5|Intrepid Sword|boost\n|-boost|p2a: \u963f\u5c14\u6258\u8389\u96c5|atk|1\n|-ability|p1b: Slifer The Sky Dra|Air Lock\n|-fieldstart|move: Grassy Terrain|[from] ability: Grassy Surge|[of] p1a: Thwackey\n|-ability|p2b: \u4e3b\u4eba\ud83d\ude2d\ud83e\udd75|Intimidate|boost\n|-unboost|p1a: Thwackey|atk|1\n|-fail|p1b: Slifer The Sky Dra|unboost|[from] item: Clear Amulet|[of] p1b: Slifer The Sky Dra\n|turn|1\n|\n|t:|1771140552\n|-terastallize|p1b: Slifer The Sky Dra|Normal\n|move|p1a: Thwackey|Fake Out|p2b: \u4e3b\u4eba\ud83d\ude2d\ud83e\udd75\n|-damage|p2b: \u4e3b\u4eba\ud83d\ude2d\ud83e\udd75|93/100\n|cant|p2b: \u4e3b\u4eba\ud83d\ude2d\ud83e\udd75|flinch\n|move|p2a: \u963f\u5c14\u6258\u8389\u96c5|Play Rough|p1b: Slifer The Sky Dra\n|-damage|p1b: Slifer The Sky Dra|21/100\n|move|p1b: Slifer The Sky Dra|Swords Dance|p1b: Slifer The Sky Dra\n|-boost|p1b: Slifer The Sky Dra|atk|2\n|\n|-heal|p1b: Slifer The Sky Dra|27/100|[from] Grassy Terrain\n|-heal|p2b: \u4e3b\u4eba\ud83d\ude2d\ud83e\udd75|99/100|[from] Grassy Terrain\n|upkeep\n|turn|2\n|\n|t:|1771140570\n|move|p1b: Slifer The Sky Dra|Protect|p1b: Slifer The Sky Dra\n|-singleturn|p1b: Slifer The Sky Dra|Protect\n|move|p2a: \u963f\u5c14\u6258\u8389\u96c5|Behemoth Blade|p1a: Thwackey\n|-damage|p1a: Thwackey|9/100\n|move|p1a: Thwackey|U-turn|p2b: \u4e3b\u4eba\ud83d\ude2d\ud83e\udd75\n|-damage|p2b: \u4e3b\u4eba\ud83d\ude2d\ud83e\udd75|87/100\n|\n|t:|1771140581\n|switch|p1a: Zamazenta|Zamazenta-Crowned, L50, shiny|100/100|[from] U-turn\n|-ability|p1a: Zamazenta|Dauntless Shield|boost\n|-boost|p1a: Zamazenta|def|1\n|move|p2b: \u4e3b\u4eba\ud83d\ude2d\ud83e\udd75|Will-O-Wisp|p1b: Slifer The Sky Dra\n|-activate|p1b: Slifer The Sky Dra|move: Protect\n|\n|-heal|p1b: Slifer The Sky Dra|33/100|[from] Grassy Terrain\n|-heal|p2b: \u4e3b\u4eba\ud83d\ude2d\ud83e\udd75|93/100|[from] Grassy Terrain\n|upkeep\n|turn|3\n|\n|t:|1771140590\n|move|p1b: Slifer The Sky Dra|Extreme Speed|p2a: \u963f\u5c14\u6258\u8389\u96c5\n|-resisted|p2a: \u963f\u5c14\u6258\u8389\u96c5\n|-damage|p2a: \u963f\u5c14\u6258\u8389\u96c5|57/100\n|move|p2a: \u963f\u5c14\u6258\u8389\u96c5|Behemoth Blade|p1b: Slifer The Sky Dra\n|-damage|p1b: Slifer The Sky Dra|0 fnt\n|faint|p1b: Slifer The Sky Dra\n|move|p1a: Zamazenta|Body Press|p2b: \u4e3b\u4eba\ud83d\ude2d\ud83e\udd75\n|-supereffective|p2b: \u4e3b\u4eba\ud83d\ude2d\ud83e\udd75\n|-damage|p2b: \u4e3b\u4eba\ud83d\ude2d\ud83e\udd75|0 fnt\n|faint|p2b: \u4e3b\u4eba\ud83d\ude2d\ud83e\udd75\n|\n|-heal|p2a: \u963f\u5c14\u6258\u8389\u96c5|64/100|[from] Grassy Terrain\n|upkeep\n|\n|t:|1771140607\n|switch|p1b: Thwackey|Thwackey, L50, M, shiny|9/100\n|switch|p2b: \u53eb\u6211\u4e3b\u4eba\ud83d\ude21|Urshifu-Rapid-Strike, L50, M|100/100\n|turn|4\n|\n|t:|1771140622\n|-terastallize|p2b: \u53eb\u6211\u4e3b\u4eba\ud83d\ude21|Ghost\n|move|p1b: Thwackey|Fake Out|p2b: \u53eb\u6211\u4e3b\u4eba\ud83d\ude21\n|-immune|p2b: \u53eb\u6211\u4e3b\u4eba\ud83d\ude21\n|move|p2b: \u53eb\u6211\u4e3b\u4eba\ud83d\ude21|Surging Strikes|p1a: Zamazenta\n|-crit|p1a: Zamazenta\n|-damage|p1a: Zamazenta|86/100\n|-crit|p1a: Zamazenta\n|-damage|p1a: Zamazenta|72/100\n|-crit|p1a: Zamazenta\n|-damage|p1a: Zamazenta|59/100\n|-hitcount|p1a: Zamazenta|3\n|move|p2a: \u963f\u5c14\u6258\u8389\u96c5|Sacred Sword|p1a: Zamazenta\n|-supereffective|p1a: Zamazenta\n|-damage|p1a: Zamazenta|0 fnt\n|faint|p1a: Zamazenta\n|\n|-heal|p2a: \u963f\u5c14\u6258\u8389\u96c5|70/100|[from] Grassy Terrain\n|-heal|p1b: Thwackey|16/100|[from] Grassy Terrain\n|upkeep\n|\n|t:|1771140636\n|switch|p1a: Kungfu Panda|Urshifu-Rapid-Strike, L50, M|100/100\n|turn|5\n|\n|t:|1771140644\n|move|p1b: Thwackey|Grassy Glide|p2b: \u53eb\u6211\u4e3b\u4eba\ud83d\ude21\n|-damage|p2b: \u53eb\u6211\u4e3b\u4eba\ud83d\ude21|71/100\n|move|p2b: \u53eb\u6211\u4e3b\u4eba\ud83d\ude21|Surging Strikes|p1a: Kungfu Panda\n|-resisted|p1a: Kungfu Panda\n|-crit|p1a: Kungfu Panda\n|-damage|p1a: Kungfu Panda|90/100\n|-resisted|p1a: Kungfu Panda\n|-crit|p1a: Kungfu Panda\n|-damage|p1a: Kungfu Panda|79/100\n|-resisted|p1a: Kungfu Panda\n|-crit|p1a: Kungfu Panda\n|-damage|p1a: Kungfu Panda|69/100\n|-hitcount|p1a: Kungfu Panda|3\n|move|p2a: \u963f\u5c14\u6258\u8389\u96c5|Play Rough|p1a: Kungfu Panda\n|-supereffective|p1a: Kungfu Panda\n|-damage|p1a: Kungfu Panda|0 fnt\n|faint|p1a: Kungfu Panda\n|\n|-heal|p2b: \u53eb\u6211\u4e3b\u4eba\ud83d\ude21|77/100|[from] Grassy Terrain\n|-heal|p2a: \u963f\u5c14\u6258\u8389\u96c5|76/100|[from] Grassy Terrain\n|-heal|p1b: Thwackey|22/100|[from] Grassy Terrain\n|-fieldend|move: Grassy Terrain\n|upkeep\n|turn|6\n|\n|t:|1771140659\n|move|p2b: \u53eb\u6211\u4e3b\u4eba\ud83d\ude21|Surging Strikes|p1b: Thwackey\n|-resisted|p1b: Thwackey\n|-crit|p1b: Thwackey\n|-damage|p1b: Thwackey|10/100\n|-resisted|p1b: Thwackey\n|-crit|p1b: Thwackey\n|-damage|p1b: Thwackey|0 fnt\n|faint|p1b: Thwackey\n|-hitcount|p1: Thwackey|2\n|\n|win|blackred123\n|raw|DangAnhVuNguyenVGC's rating: 1222 &rarr; <strong>1207</strong><br />(-15 for losing)\n|raw|blackred123's rating: 1361 &rarr; <strong>1373</strong><br />(+12 for winning)\n|l|\u2606DangAnhVuNguyenVGC\n|player|p1|\n|j| drunk fly\n|l| drunk fly\n|j| gumihou\n|j| Zeraoracalledwatty\n|j| Esiolamond\n|l| Esiolamond\n|l| Zeraoracalledwatty\n|l| gumihou\n","uploadtime":1771140667,"views":30,"formatid":"gen9vgc2026regi","rating":1207,"private":0,"password":null}