{"id":"gen9vgc2026regi-2563197303","format":"[Gen 9] VGC 2026 Reg I","players":["HutilAlon","Jonen"],"log":"|j|\u2606HutilAlon\n|j|\u2606Jonen\n|t:|1774001878\n|gametype|doubles\n|player|p1|HutilAlon|266|1332\n|player|p2|Jonen|medium|1376\n|gen|9\n|tier|[Gen 9] VGC 2026 Reg I\n|rated|\n|rule|Species Clause: Limit one of each Pok\u00e9mon\n|rule|Item Clause: Limit 1 of each item\n|clearpoke\n|poke|p1|Miraidon, L50|\n|poke|p1|Zamazenta-*, L50|\n|poke|p1|Incineroar, L50, F|\n|poke|p1|Whimsicott, L50, M|\n|poke|p1|Urshifu-*, L50, F|\n|poke|p1|Latios, L50, M|\n|poke|p2|Groudon, L50|\n|poke|p2|Lunala, L50|\n|poke|p2|Sableye, L50, F|\n|poke|p2|Chi-Yu, L50|\n|poke|p2|Rillaboom, L50, M|\n|poke|p2|Jumpluff, L50, M|\n|teampreview|4\n|inactive|Battle timer is ON: inactive players will automatically lose when time's up. (requested by HutilAlon)\n|inactive|HutilAlon has 60 seconds left.\n|inactive|Jonen has 60 seconds left.\n|\n|t:|1774001925\n|teamsize|p1|4\n|teamsize|p2|4\n|start\n|switch|p1a: Latios|Latios, L50, M|100/100\n|switch|p1b: Zamazenta|Zamazenta-Crowned, L50|100/100\n|switch|p2a: Groudon|Groudon, L50|100/100\n|switch|p2b: Sableye|Sableye, L50, F|100/100\n|-ability|p1b: Zamazenta|Dauntless Shield|boost\n|-boost|p1b: Zamazenta|def|1\n|-weather|SunnyDay|[from] ability: Drought|[of] p2a: Groudon\n|turn|1\n|inactive|HutilAlon has 30 seconds left.\n|inactive|Jonen has 30 seconds left.\n|\n|t:|1774001951\n|move|p2a: Groudon|Protect|p2a: Groudon\n|-singleturn|p2a: Groudon|Protect\n|move|p2b: Sableye|Gravity|p2b: Sableye\n|-fieldstart|move: Gravity\n|move|p1b: Zamazenta|Body Press|p2a: Groudon\n|-activate|p2a: Groudon|move: Protect\n|move|p1a: Latios|Luster Purge|p2a: Groudon\n|-activate|p2a: Groudon|move: Protect\n|\n|-weather|SunnyDay|[upkeep]\n|upkeep\n|turn|2\n|\n|t:|1774001960\n|move|p2b: Sableye|Disable|p1b: Zamazenta\n|-start|p1b: Zamazenta|Disable|Body Press\n|cant|p1b: Zamazenta|Disable|Body Press\n|move|p1a: Latios|Luster Purge|p2a: Groudon\n|-damage|p2a: Groudon|31/100\n|-unboost|p2a: Groudon|spd|1\n|move|p2a: Groudon|Precipice Blades|p1a: Latios|[spread] p1a,p1b\n|-supereffective|p1b: Zamazenta\n|-damage|p1a: Latios|2/100\n|-damage|p1b: Zamazenta|27/100\n|-damage|p2a: Groudon|22/100|[from] item: Life Orb\n|\n|-weather|SunnyDay|[upkeep]\n|upkeep\n|turn|3\n|\n|t:|1774001984\n|move|p2b: Sableye|Quash|p1a: Latios\n|-activate|p1a: Latios|move: Quash\n|move|p1b: Zamazenta|Heavy Slam|p2b: Sableye\n|-damage|p2b: Sableye|49/100\n|move|p2a: Groudon|Heat Crash|p1a: Latios\n|-resisted|p1a: Latios\n|-damage|p1a: Latios|0 fnt\n|faint|p1a: Latios\n|-damage|p2a: Groudon|12/100|[from] item: Life Orb\n|\n|-weather|SunnyDay|[upkeep]\n|upkeep\n|\n|t:|1774002007\n|switch|p1a: Whimsicott|Whimsicott, L50, M|100/100\n|turn|4\n|\n|t:|1774002022\n|switch|p2a: Lunala|Lunala, L50|100/100\n|move|p1b: Zamazenta|Protect|p1b: Zamazenta\n|-singleturn|p1b: Zamazenta|Protect\n|move|p1a: Whimsicott|Moonblast|p2a: Lunala\n|-damage|p2a: Lunala|89/100\n|move|p2b: Sableye|Foul Play|p1a: Whimsicott\n|-resisted|p1a: Whimsicott\n|-damage|p1a: Whimsicott|90/100\n|\n|-weather|SunnyDay|[upkeep]\n|upkeep\n|turn|5\n|\n|t:|1774002043\n|move|p2b: Sableye|Disable|p1a: Whimsicott\n|-start|p1a: Whimsicott|Disable|Moonblast\n|move|p1b: Zamazenta|Heavy Slam|p2a: Lunala\n|-damage|p2a: Lunala|43/100\n|cant|p1a: Whimsicott|Disable|Moonblast\n|move|p2a: Lunala|Moongeist Beam|p1b: Zamazenta\n|-damage|p1b: Zamazenta|0 fnt\n|faint|p1b: Zamazenta\n|\n|-weather|none\n|-fieldend|move: Gravity\n|upkeep\n|\n|t:|1774002061\n|switch|p1b: Miraidon|Miraidon, L50, shiny|100/100\n|-fieldstart|move: Electric Terrain|[from] ability: Hadron Engine|[of] p1b: Miraidon\n|turn|6\n|inactive|Jonen has 30 seconds left.\n|\n|t:|1774002089\n|switch|p2b: Groudon|Groudon, L50|12/100\n|-weather|SunnyDay|[from] ability: Drought|[of] p2b: Groudon\n|-terastallize|p1b: Miraidon|Fairy\n|move|p1a: Whimsicott|Light Screen|p1a: Whimsicott\n|-sidestart|p1: HutilAlon|move: Light Screen\n|move|p1b: Miraidon|Dazzling Gleam|p2b: Groudon|[spread] p2a,p2b\n|-damage|p2a: Lunala|0 fnt\n|-damage|p2b: Groudon|0 fnt\n|faint|p2a: Lunala\n|faint|p2b: Groudon\n|\n|-weather|SunnyDay|[upkeep]\n|upkeep\n|\n|t:|1774002097\n|switch|p2a: Sableye|Sableye, L50, F|49/100\n|switch|p2b: Chi-Yu|Chi-Yu, L50|100/100\n|-ability|p2b: Chi-Yu|Beads of Ruin\n|turn|7\n|\n|t:|1774002112\n|move|p1a: Whimsicott|Tailwind|p1a: Whimsicott\n|-sidestart|p1: HutilAlon|move: Tailwind\n|move|p2a: Sableye|Disable|p1b: Miraidon\n|-start|p1b: Miraidon|Disable|Dazzling Gleam\n|cant|p1b: Miraidon|Disable|Dazzling Gleam\n|move|p2b: Chi-Yu|Heat Wave|p1b: Miraidon|[spread] p1a,p1b\n|-supereffective|p1a: Whimsicott\n|-damage|p1a: Whimsicott|0 fnt\n|-damage|p1b: Miraidon|55/100\n|-status|p1b: Miraidon|brn\n|faint|p1a: Whimsicott\n|\n|-weather|SunnyDay|[upkeep]\n|-damage|p1b: Miraidon|49/100 brn|[from] brn\n|upkeep\n|turn|8\n|-message|HutilAlon forfeited.\n|\n|win|Jonen\n|raw|HutilAlon's rating: 1332 &rarr; <strong>1315</strong><br />(-17 for losing)\n|raw|Jonen's rating: 1376 &rarr; <strong>1393</strong><br />(+17 for winning)\n|l|\u2606HutilAlon\n|player|p1|\n|l|\u2606Jonen\n|player|p2|\n","uploadtime":1774002122,"views":10,"formatid":"gen9vgc2026regi","rating":1315,"private":0,"password":null}