{"id":"gen9vgc2026regi-2549397898","format":"[Gen 9] VGC 2026 Reg I","players":["don juan dozo","dasabe\u76d6\u6b27\u5361\u4fa0"],"log":"|j|\u2606don juan dozo\n|j|\u2606dasabe\u76d6\u6b27\u5361\u4fa0\n|t:|1772359636\n|gametype|doubles\n|player|p1|don juan dozo|101|1419\n|player|p2|dasabe\u76d6\u6b27\u5361\u4fa0|may-masters4|1525\n|gen|9\n|tier|[Gen 9] VGC 2026 Reg I\n|rated|\n|rule|Species Clause: Limit one of each Pok\u00e9mon\n|rule|Item Clause: Limit 1 of each item\n|clearpoke\n|poke|p1|Calyrex-Shadow, L50|\n|poke|p1|Zamazenta-*, L50|\n|poke|p1|Ting-Lu, L50|\n|poke|p1|Dondozo, L50, F|\n|poke|p1|Chien-Pao, L50|\n|poke|p1|Ogerpon-Hearthflame, L50, F|\n|poke|p2|Kyogre, L50|\n|poke|p2|Miraidon, L50|\n|poke|p2|Whimsicott, L50, F|\n|poke|p2|Iron Hands, L50|\n|poke|p2|Farigiraf, L50, F|\n|poke|p2|Urshifu-*, L50, M|\n|teampreview|4\n|j| globalfish39\n|\n|t:|1772359661\n|teamsize|p1|4\n|teamsize|p2|4\n|start\n|switch|p1a: Emergency Button|Chien-Pao, L50|100/100\n|switch|p1b: Magnus Carlsen|Zamazenta-Crowned, L50|100/100\n|switch|p2a: \u5996\u820d\u7cbe\u62c9|Whimsicott, L50, F, shiny|100/100\n|switch|p2b: \u6210\u90fd\u8001\u76d6|Kyogre, L50, shiny|100/100\n|-ability|p1a: Emergency Button|Sword of Ruin\n|-ability|p1b: Magnus Carlsen|Dauntless Shield|boost\n|-boost|p1b: Magnus Carlsen|def|1\n|-weather|RainDance|[from] ability: Drizzle|[of] p2b: \u6210\u90fd\u8001\u76d6\n|turn|1\n|\n|t:|1772359682\n|-terastallize|p1a: Emergency Button|Stellar\n|move|p1a: Emergency Button|Ice Shard|p2a: \u5996\u820d\u7cbe\u62c9\n|-supereffective|p2a: \u5996\u820d\u7cbe\u62c9\n|-enditem|p2a: \u5996\u820d\u7cbe\u62c9|Focus Sash\n|-damage|p2a: \u5996\u820d\u7cbe\u62c9|1/100\n|-damage|p1a: Emergency Button|91/100|[from] item: Life Orb\n|move|p2a: \u5996\u820d\u7cbe\u62c9|Tailwind|p2a: \u5996\u820d\u7cbe\u62c9\n|-sidestart|p2: dasabe\u76d6\u6b27\u5361\u4fa0|move: Tailwind\n|move|p2b: \u6210\u90fd\u8001\u76d6|Hydro Pump|p1a: Emergency Button\n|-damage|p1a: Emergency Button|0 fnt\n|faint|p1a: Emergency Button\n|move|p1b: Magnus Carlsen|Body Press|p2a: \u5996\u820d\u7cbe\u62c9\n|-resisted|p2a: \u5996\u820d\u7cbe\u62c9\n|-crit|p2a: \u5996\u820d\u7cbe\u62c9\n|-damage|p2a: \u5996\u820d\u7cbe\u62c9|0 fnt\n|faint|p2a: \u5996\u820d\u7cbe\u62c9\n|\n|-weather|RainDance|[upkeep]\n|upkeep\n|\n|t:|1772359691\n|switch|p1a: 221 speed|Calyrex-Shadow, L50|100/100\n|switch|p2a: \u94f6\u91d1\u5996\u86c7|Miraidon, L50, shiny|100/100\n|-ability|p1a: 221 speed|As One\n|-ability|p1a: 221 speed|Unnerve\n|-fieldstart|move: Electric Terrain|[from] ability: Hadron Engine|[of] p2a: \u94f6\u91d1\u5996\u86c7\n|turn|2\n|\n|t:|1772359722\n|move|p2a: \u94f6\u91d1\u5996\u86c7|Protect|p2a: \u94f6\u91d1\u5996\u86c7\n|-singleturn|p2a: \u94f6\u91d1\u5996\u86c7|Protect\n|move|p1a: 221 speed|Protect|p1a: 221 speed\n|-singleturn|p1a: 221 speed|Protect\n|move|p1b: Magnus Carlsen|Protect|p1b: Magnus Carlsen\n|-singleturn|p1b: Magnus Carlsen|Protect\n|move|p2b: \u6210\u90fd\u8001\u76d6|Hydro Pump|p1b: Magnus Carlsen\n|-activate|p1b: Magnus Carlsen|move: Protect\n|\n|-weather|RainDance|[upkeep]\n|upkeep\n|turn|3\n|\n|t:|1772359733\n|move|p2a: \u94f6\u91d1\u5996\u86c7|Dazzling Gleam|p1b: Magnus Carlsen|[spread] p1a,p1b\n|-damage|p1a: 221 speed|59/100\n|-damage|p1b: Magnus Carlsen|72/100\n|-damage|p2a: \u94f6\u91d1\u5996\u86c7|91/100|[from] item: Life Orb\n|move|p2b: \u6210\u90fd\u8001\u76d6|Hydro Pump|p1a: 221 speed\n|-damage|p1a: 221 speed|0 fnt\n|faint|p1a: 221 speed\n|move|p1b: Magnus Carlsen|Body Press|p2a: \u94f6\u91d1\u5996\u86c7\n|-damage|p2a: \u94f6\u91d1\u5996\u86c7|25/100\n|\n|-weather|RainDance|[upkeep]\n|upkeep\n|\n|t:|1772359771\n|switch|p1a: Chromakopia|Ogerpon-Hearthflame, L50, F|100/100\n|-ability|p1a: Chromakopia|Mold Breaker\n|turn|4\n|\n|t:|1772359784\n|switch|p2b: \u5c0f\u5934\u63a7\u5927\u5934|Farigiraf, L50, F, shiny|100/100\n|-enditem|p2b: \u5c0f\u5934\u63a7\u5927\u5934|Electric Seed\n|-boost|p2b: \u5c0f\u5934\u63a7\u5927\u5934|def|1|[from] item: Electric Seed\n|move|p1b: Magnus Carlsen|Protect|p1b: Magnus Carlsen\n|-singleturn|p1b: Magnus Carlsen|Protect\n|move|p1a: Chromakopia|Spiky Shield|p1a: Chromakopia\n|-singleturn|p1a: Chromakopia|move: Protect\n|move|p2a: \u94f6\u91d1\u5996\u86c7|Electro Drift|p1b: Magnus Carlsen\n|-activate|p1b: Magnus Carlsen|move: Protect\n|\n|-weather|RainDance|[upkeep]\n|-sideend|p2: dasabe\u76d6\u6b27\u5361\u4fa0|move: Tailwind\n|upkeep\n|turn|5\n|\n|t:|1772359811\n|move|p1a: Chromakopia|Follow Me|p1a: Chromakopia\n|-singleturn|p1a: Chromakopia|move: Follow Me\n|move|p1b: Magnus Carlsen|Body Press|p2a: \u94f6\u91d1\u5996\u86c7\n|-damage|p2a: \u94f6\u91d1\u5996\u86c7|0 fnt\n|faint|p2a: \u94f6\u91d1\u5996\u86c7\n|move|p2b: \u5c0f\u5934\u63a7\u5927\u5934|Trick Room|p2b: \u5c0f\u5934\u63a7\u5927\u5934\n|-fieldstart|move: Trick Room|[of] p2b: \u5c0f\u5934\u63a7\u5927\u5934\n|\n|-weather|none\n|upkeep\n|l| globalfish39\n|\n|t:|1772359819\n|switch|p2a: \u6210\u90fd\u8001\u76d6|Kyogre, L50, shiny|100/100\n|-weather|RainDance|[from] ability: Drizzle|[of] p2a: \u6210\u90fd\u8001\u76d6\n|turn|6\n|\n|t:|1772359830\n|-terastallize|p2a: \u6210\u90fd\u8001\u76d6|Water\n|move|p1a: Chromakopia|Spiky Shield|p1a: Chromakopia\n|-singleturn|p1a: Chromakopia|move: Protect\n|move|p1b: Magnus Carlsen|Protect|p1b: Magnus Carlsen\n|-singleturn|p1b: Magnus Carlsen|Protect\n|move|p2b: \u5c0f\u5934\u63a7\u5927\u5934|Psychic|p1b: Magnus Carlsen\n|-activate|p1b: Magnus Carlsen|move: Protect\n|move|p2a: \u6210\u90fd\u8001\u76d6|Hydro Pump|p1a: Chromakopia\n|-activate|p1a: Chromakopia|move: Protect\n|\n|-weather|RainDance|[upkeep]\n|-fieldend|move: Electric Terrain\n|upkeep\n|turn|7\n|\n|t:|1772359844\n|move|p2b: \u5c0f\u5934\u63a7\u5927\u5934|Psychic|p1b: Magnus Carlsen\n|-damage|p1b: Magnus Carlsen|45/100\n|move|p2a: \u6210\u90fd\u8001\u76d6|Hydro Pump|p1a: Chromakopia\n|-damage|p1a: Chromakopia|0 fnt\n|faint|p1a: Chromakopia\n|move|p1b: Magnus Carlsen|Body Press|p2a: \u6210\u90fd\u8001\u76d6\n|-damage|p2a: \u6210\u90fd\u8001\u76d6|20/100\n|\n|-weather|RainDance|[upkeep]\n|upkeep\n|turn|8\n|c|\u2606don juan dozo|gg wp\n|\n|t:|1772359862\n|move|p1b: Magnus Carlsen|Protect|p1b: Magnus Carlsen\n|-singleturn|p1b: Magnus Carlsen|Protect\n|move|p2b: \u5c0f\u5934\u63a7\u5927\u5934|Psychic|p1b: Magnus Carlsen\n|-activate|p1b: Magnus Carlsen|move: Protect\n|move|p2a: \u6210\u90fd\u8001\u76d6|Hydro Pump|p1b: Magnus Carlsen\n|-activate|p1b: Magnus Carlsen|move: Protect\n|\n|-weather|RainDance|[upkeep]\n|upkeep\n|turn|9\n|\n|t:|1772359877\n|move|p2b: \u5c0f\u5934\u63a7\u5927\u5934|Psychic|p1b: Magnus Carlsen\n|-damage|p1b: Magnus Carlsen|22/100\n|move|p2a: \u6210\u90fd\u8001\u76d6|Hydro Pump|p1b: Magnus Carlsen\n|-damage|p1b: Magnus Carlsen|0 fnt\n|faint|p1b: Magnus Carlsen\n|\n|win|dasabe\u76d6\u6b27\u5361\u4fa0\n|raw|don juan dozo's rating: 1406 &rarr; <strong>1393</strong><br />(-13 for losing)\n|raw|dasabe\u76d6\u6b27\u5361\u4fa0's rating: 1525 &rarr; <strong>1538</strong><br />(+13 for winning)\n|l|\u2606don juan dozo\n|player|p1|\n|l|\u2606dasabe\u76d6\u6b27\u5361\u4fa0\n|player|p2|\n","uploadtime":1772360131,"views":16,"formatid":"gen9vgc2026regi","rating":1393,"private":0,"password":null}