{"id":"gen9vgc2026regi-2515885658","format":"[Gen 9] VGC 2026 Reg I","players":["blackred123\u6c38\u96cf\u5854\u83f2\u4fa0","lianyunbai"],"log":"|j|\u2606blackred123\u6c38\u96cf\u5854\u83f2\u4fa0\n|j|\u2606lianyunbai\n|t:|1768056171\n|gametype|doubles\n|player|p1|blackred123\u6c38\u96cf\u5854\u83f2\u4fa0|iono-masters|1370\n|player|p2|lianyunbai|266|1407\n|gen|9\n|tier|[Gen 9] VGC 2026 Reg I\n|rated|\n|rule|Species Clause: Limit one of each Pok\u00e9mon\n|rule|Item Clause: Limit 1 of each item\n|clearpoke\n|poke|p1|Calyrex-Shadow, L50|\n|poke|p1|Koraidon, L50|\n|poke|p1|Brute Bonnet, L50|\n|poke|p1|Landorus, L50, M|\n|poke|p1|Raging Bolt, L50|\n|poke|p1|Incineroar, L50, F|\n|poke|p2|Calyrex-Shadow, L50|\n|poke|p2|Zamazenta-*, L50|\n|poke|p2|Chien-Pao, L50|\n|poke|p2|Raging Bolt, L50|\n|poke|p2|Whimsicott, L50, F|\n|poke|p2|Incineroar, L50, M|\n|teampreview|4\n|inactive|Battle timer is ON: inactive players will automatically lose when time's up. (requested by blackred123\u6c38\u96cf\u5854\u83f2\u4fa0)\n|inactive|lianyunbai also wants the timer to be on.\n|\n|t:|1768056197\n|teamsize|p1|4\n|teamsize|p2|4\n|start\n|switch|p1a: Koraidon|Koraidon, L50|100/100\n|switch|p1b: Brute Bonnet|Brute Bonnet, L50, shiny|100/100\n|switch|p2a: \u53ef\u7231\u591a|Whimsicott, L50, F, shiny|100/100\n|switch|p2b: Calyrex|Calyrex-Shadow, L50|100/100\n|-ability|p2b: Calyrex|As One\n|-ability|p2b: Calyrex|Unnerve\n|-weather|SunnyDay|[from] ability: Orichalcum Pulse|[of] p1a: Koraidon\n|-activate|p1b: Brute Bonnet|ability: Protosynthesis\n|-start|p1b: Brute Bonnet|protosynthesisdef\n|-activate|p1a: Koraidon|Orichalcum Pulse|[source]\n|turn|1\n|inactive|blackred123\u6c38\u96cf\u5854\u83f2\u4fa0 has 30 seconds left.\n|inactive|lianyunbai has 30 seconds left.\n|\n|t:|1768056232\n|-terastallize|p2b: Calyrex|Dark\n|-terastallize|p1a: Koraidon|Fire\n|move|p2a: \u53ef\u7231\u591a|Tailwind|p2a: \u53ef\u7231\u591a\n|-sidestart|p2: lianyunbai|move: Tailwind\n|move|p2b: Calyrex|Astral Barrage|p1b: Brute Bonnet|[spread] p1a,p1b\n|-resisted|p1b: Brute Bonnet\n|-damage|p1a: Koraidon|50/100\n|-damage|p1b: Brute Bonnet|75/100\n|move|p1a: Koraidon|Flame Charge|p2a: \u53ef\u7231\u591a\n|-supereffective|p2a: \u53ef\u7231\u591a\n|-damage|p2a: \u53ef\u7231\u591a|0 fnt\n|-boost|p1a: Koraidon|spe|1\n|faint|p2a: \u53ef\u7231\u591a\n|move|p1b: Brute Bonnet|Seed Bomb|p2b: Calyrex\n|-damage|p2b: Calyrex|59/100\n|\n|-weather|SunnyDay|[upkeep]\n|upkeep\n|\n|t:|1768056247\n|switch|p2a: Chien-Pao|Chien-Pao, L50|100/100\n|-ability|p2a: Chien-Pao|Sword of Ruin\n|turn|2\n|\n|t:|1768056264\n|move|p1a: Koraidon|Protect|p1a: Koraidon\n|-singleturn|p1a: Koraidon|Protect\n|move|p2b: Calyrex|Astral Barrage|p1b: Brute Bonnet|[spread] p1b\n|-activate|p1a: Koraidon|move: Protect\n|-resisted|p1b: Brute Bonnet\n|-damage|p1b: Brute Bonnet|46/100\n|move|p2a: Chien-Pao|Ice Spinner|p1b: Brute Bonnet\n|-supereffective|p1b: Brute Bonnet\n|-damage|p1b: Brute Bonnet|0 fnt\n|faint|p1b: Brute Bonnet\n|-end|p1b: Brute Bonnet|Protosynthesis|[silent]\n|\n|-weather|SunnyDay|[upkeep]\n|upkeep\n|\n|t:|1768056275\n|switch|p1b: \u5146\u7ea7\u7535\u538b|Raging Bolt, L50|100/100\n|-activate|p1b: \u5146\u7ea7\u7535\u538b|ability: Protosynthesis\n|-start|p1b: \u5146\u7ea7\u7535\u538b|protosynthesisspa\n|turn|3\n|\n|t:|1768056285\n|move|p1b: \u5146\u7ea7\u7535\u538b|Thunderclap||[still]\n|-fail|p1b: \u5146\u7ea7\u7535\u538b\n|move|p2b: Calyrex|Substitute|p2b: Calyrex\n|-start|p2b: Calyrex|Substitute\n|-damage|p2b: Calyrex|35/100\n|move|p2a: Chien-Pao|Ice Spinner|p1b: \u5146\u7ea7\u7535\u538b\n|-supereffective|p1b: \u5146\u7ea7\u7535\u538b\n|-damage|p1b: \u5146\u7ea7\u7535\u538b|18/100\n|move|p1a: Koraidon|Flame Charge|p2a: Chien-Pao\n|-supereffective|p2a: Chien-Pao\n|-enditem|p2a: Chien-Pao|Focus Sash\n|-damage|p2a: Chien-Pao|1/100\n|-boost|p1a: Koraidon|spe|1\n|\n|-weather|SunnyDay|[upkeep]\n|upkeep\n|turn|4\n|\n|t:|1768056301\n|move|p1a: Koraidon|Protect|p1a: Koraidon\n|-singleturn|p1a: Koraidon|Protect\n|move|p2a: Chien-Pao|Sucker Punch||[still]\n|-fail|p2a: Chien-Pao\n|move|p1b: \u5146\u7ea7\u7535\u538b|Thunderclap||[still]\n|-fail|p1b: \u5146\u7ea7\u7535\u538b\n|move|p2b: Calyrex|Astral Barrage|p1b: \u5146\u7ea7\u7535\u538b|[spread] p1b\n|-activate|p1a: Koraidon|move: Protect\n|-damage|p1b: \u5146\u7ea7\u7535\u538b|0 fnt\n|faint|p1b: \u5146\u7ea7\u7535\u538b\n|-end|p1b: \u5146\u7ea7\u7535\u538b|Protosynthesis|[silent]\n|-ability|p2b: Calyrex|Grim Neigh|boost\n|-boost|p2b: Calyrex|spa|1\n|\n|-weather|SunnyDay|[upkeep]\n|-sideend|p2: lianyunbai|move: Tailwind\n|upkeep\n|\n|t:|1768056310\n|switch|p1b: Calyrex|Calyrex-Shadow, L50|100/100\n|-ability|p1b: Calyrex|As One\n|-ability|p1b: Calyrex|Unnerve\n|turn|5\n|j| QAQeee\u5609\u7136\u4fa0\n|\n|t:|1768056319\n|move|p2a: Chien-Pao|Sucker Punch|p1b: Calyrex\n|-supereffective|p1b: Calyrex\n|-enditem|p1b: Calyrex|Focus Sash\n|-damage|p1b: Calyrex|1/100\n|move|p1a: Koraidon|Flame Charge|p2b: Calyrex\n|-end|p2b: Calyrex|Substitute\n|-boost|p1a: Koraidon|spe|1\n|move|p1b: Calyrex|Astral Barrage|p2a: Chien-Pao|[spread] p2a,p2b\n|-resisted|p2a: Chien-Pao\n|-resisted|p2b: Calyrex\n|-damage|p2a: Chien-Pao|0 fnt\n|-damage|p2b: Calyrex|8/100\n|faint|p2a: Chien-Pao\n|-ability|p1b: Calyrex|Grim Neigh|boost\n|-boost|p1b: Calyrex|spa|1\n|move|p2b: Calyrex|Astral Barrage|p1b: Calyrex|[spread] p1a,p1b\n|-supereffective|p1b: Calyrex\n|-damage|p1a: Koraidon|0 fnt\n|-damage|p1b: Calyrex|0 fnt\n|faint|p1a: Koraidon\n|faint|p1b: Calyrex\n|\n|win|lianyunbai\n|raw|blackred123\u6c38\u96cf\u5854\u83f2\u4fa0's rating: 1370 &rarr; <strong>1352</strong><br />(-18 for losing)\n|raw|lianyunbai's rating: 1407 &rarr; <strong>1425</strong><br />(+18 for winning)\n|l|\u2606lianyunbai\n|player|p2|\n|l| QAQeee\u5609\u7136\u4fa0\n|j| QAQeee\u5609\u7136\u4fa0\n|l| QAQeee\u5609\u7136\u4fa0\n","uploadtime":1768056589,"views":18,"formatid":"gen9vgc2026regi","rating":1352,"private":0,"password":null}