{"id":"gen9vgc2026regi-2521656525","format":"[Gen 9] VGC 2026 Reg I","players":["jpto5","takenoko111715"],"log":"|j|\u2606jpto5\n|j|\u203dtakenoko111715\n|t:|1768802461\n|gametype|doubles\n|player|p1|jpto5|169|1373\n|player|p2|takenoko111715|ethan|1373\n|gen|9\n|tier|[Gen 9] VGC 2026 Reg I\n|rated|\n|rule|Species Clause: Limit one of each Pok\u00e9mon\n|rule|Item Clause: Limit 1 of each item\n|clearpoke\n|poke|p1|Tornadus, L50, M|\n|poke|p1|Kyogre, L50|\n|poke|p1|Zacian-*, L50|\n|poke|p1|Incineroar, L50, F|\n|poke|p1|Basculegion, L50, M|\n|poke|p1|Kilowattrel, L50, F|\n|poke|p2|Calyrex-Shadow, L50|\n|poke|p2|Ho-Oh, L50|\n|poke|p2|Rillaboom, L50, M|\n|poke|p2|Toxapex, L50, F|\n|poke|p2|Incineroar, L50, F|\n|poke|p2|Ting-Lu, L50|\n|teampreview|4\n|inactive|Battle timer is ON: inactive players will automatically lose when time's up. (requested by jpto5)\n|\n|t:|1768802485\n|teamsize|p1|4\n|teamsize|p2|4\n|start\n|switch|p1a: Kilowattrel|Kilowattrel, L50, F, shiny|100/100\n|switch|p1b: Incineroar|Incineroar, L50, F|100/100\n|switch|p2a: Toxapex|Toxapex, L50, F|100/100\n|switch|p2b: Incineroar|Incineroar, L50, F|100/100\n|-ability|p1b: Incineroar|Intimidate|boost\n|-unboost|p2a: Toxapex|atk|1\n|-unboost|p2b: Incineroar|atk|1\n|-ability|p2b: Incineroar|Intimidate|boost\n|-unboost|p1a: Kilowattrel|atk|1\n|-ability|p1a: Kilowattrel|Competitive|boost\n|-boost|p1a: Kilowattrel|spa|2\n|-enditem|p1a: Kilowattrel|Adrenaline Orb\n|-boost|p1a: Kilowattrel|spe|1|[from] item: Adrenaline Orb\n|-unboost|p1b: Incineroar|atk|1\n|-enditem|p1b: Incineroar|Eject Pack\n|\n|t:|1768802494\n|switch|p1b: Zacian|Zacian-Crowned, L50|100/100\n|-ability|p1b: Zacian|Intrepid Sword|boost\n|-boost|p1b: Zacian|atk|1\n|turn|1\n|\n|t:|1768802514\n|move|p1b: Zacian|Quick Guard|p1b: Zacian\n|-singleturn|p1b: Zacian|Quick Guard\n|move|p2b: Incineroar|Fake Out|p1a: Kilowattrel\n|-activate|p1a: Kilowattrel|move: Quick Guard\n|move|p1a: Kilowattrel|Thunder|p2a: Toxapex\n|-supereffective|p2a: Toxapex\n|-damage|p2a: Toxapex|0 fnt\n|faint|p2a: Toxapex\n|\n|upkeep\n|\n|t:|1768802525\n|switch|p2a: Ho-Oh|Ho-Oh, L50|100/100\n|turn|2\n|\n|t:|1768802534\n|switch|p1b: Kyogre|Kyogre, L50|100/100\n|-weather|RainDance|[from] ability: Drizzle|[of] p1b: Kyogre\n|-terastallize|p2a: Ho-Oh|Grass\n|move|p1a: Kilowattrel|Thunder|p2a: Ho-Oh\n|-resisted|p2a: Ho-Oh\n|-damage|p2a: Ho-Oh|72/100\n|-enditem|p2a: Ho-Oh|Red Card|[of] p1a: Kilowattrel\n|drag|p1a: Zacian|Zacian-Crowned, L50|100/100\n|move|p2a: Ho-Oh|Sacred Fire|p1b: Kyogre\n|-resisted|p1b: Kyogre\n|-damage|p1b: Kyogre|89/100\n|-status|p1b: Kyogre|brn\n|move|p2b: Incineroar|Parting Shot|p1b: Kyogre\n|-unboost|p1b: Kyogre|atk|1\n|-unboost|p1b: Kyogre|spa|1\n|\n|t:|1768802550\n|switch|p2b: Rillaboom|Rillaboom, L50, M|100/100|[from] Parting Shot\n|-fieldstart|move: Grassy Terrain|[from] ability: Grassy Surge|[of] p2b: Rillaboom\n|\n|-weather|RainDance|[upkeep]\n|-heal|p1b: Kyogre|95/100 brn|[from] Grassy Terrain\n|-heal|p2a: Ho-Oh|78/100|[from] Grassy Terrain\n|-damage|p1b: Kyogre|89/100 brn|[from] brn\n|upkeep\n|turn|3\n|\n|t:|1768802572\n|switch|p1b: Incineroar|Incineroar, L50, F|100/100\n|-ability|p1b: Incineroar|Intimidate|boost\n|-unboost|p2a: Ho-Oh|atk|1\n|-unboost|p2b: Rillaboom|atk|1\n|move|p2b: Rillaboom|Fake Out|p1b: Incineroar\n|-damage|p1b: Incineroar|93/100\n|move|p1a: Zacian|Behemoth Blade|p2b: Rillaboom\n|-damage|p2b: Rillaboom|45/100\n|move|p2a: Ho-Oh|Sacred Fire|p1a: Zacian\n|-supereffective|p1a: Zacian\n|-damage|p1a: Zacian|71/100\n|\n|-weather|RainDance|[upkeep]\n|-heal|p1a: Zacian|77/100|[from] Grassy Terrain\n|-heal|p2a: Ho-Oh|84/100|[from] Grassy Terrain\n|-heal|p2b: Rillaboom|51/100|[from] Grassy Terrain\n|-heal|p1b: Incineroar|99/100|[from] Grassy Terrain\n|upkeep\n|turn|4\n|inactive|jpto5 has 30 seconds left.\n|\n|t:|1768802602\n|switch|p2b: Incineroar|Incineroar, L50, F|100/100\n|-ability|p2b: Incineroar|Intimidate|boost\n|-unboost|p1a: Zacian|atk|1\n|-unboost|p1b: Incineroar|atk|1\n|move|p2a: Ho-Oh|Protect|p2a: Ho-Oh\n|-singleturn|p2a: Ho-Oh|Protect\n|move|p1b: Incineroar|Fake Out|p2a: Ho-Oh\n|-activate|p2a: Ho-Oh|move: Protect\n|move|p1a: Zacian|Sacred Sword|p2b: Incineroar\n|-supereffective|p2b: Incineroar\n|-damage|p2b: Incineroar|53/100\n|-damage|p1a: Zacian|60/100|[from] item: Rocky Helmet|[of] p2b: Incineroar\n|\n|-weather|RainDance|[upkeep]\n|-heal|p1a: Zacian|66/100|[from] Grassy Terrain\n|-heal|p2a: Ho-Oh|90/100|[from] Grassy Terrain\n|-heal|p1b: Incineroar|100/100|[from] Grassy Terrain\n|-heal|p2b: Incineroar|59/100|[from] Grassy Terrain\n|upkeep\n|turn|5\n|inactive|jpto5 has 30 seconds left.\n|inactive|takenoko111715 has 30 seconds left.\n|\n|t:|1768802629\n|switch|p1a: Kyogre|Kyogre, L50|89/100 brn\n|move|p2b: Incineroar|Fake Out|p1b: Incineroar\n|-damage|p1b: Incineroar|91/100\n|move|p2a: Ho-Oh|Sacred Fire|p1a: Kyogre\n|-resisted|p1a: Kyogre\n|-damage|p1a: Kyogre|80/100 brn\n|cant|p1b: Incineroar|flinch\n|\n|-weather|RainDance|[upkeep]\n|-heal|p1a: Kyogre|86/100 brn|[from] Grassy Terrain\n|-heal|p2a: Ho-Oh|96/100|[from] Grassy Terrain\n|-heal|p2b: Incineroar|65/100|[from] Grassy Terrain\n|-heal|p1b: Incineroar|97/100|[from] Grassy Terrain\n|-damage|p1a: Kyogre|80/100 brn|[from] brn\n|upkeep\n|turn|6\n|inactive|jpto5 has 30 seconds left.\n|\n|t:|1768802656\n|move|p2b: Incineroar|Protect|p2b: Incineroar\n|-singleturn|p2b: Incineroar|Protect\n|move|p1a: Kyogre|Water Spout|p2b: Incineroar|[spread] p2a\n|-activate|p2b: Incineroar|move: Protect\n|-resisted|p2a: Ho-Oh\n|-damage|p2a: Ho-Oh|70/100\n|move|p2a: Ho-Oh|Life Dew|p2a: Ho-Oh|[spread] p2a,p2b\n|-heal|p2a: Ho-Oh|94/100\n|-heal|p2b: Incineroar|90/100\n|move|p1b: Incineroar|Parting Shot|p2b: Incineroar\n|-activate|p2b: Incineroar|move: Protect\n|\n|-weather|none\n|-heal|p1a: Kyogre|86/100 brn|[from] Grassy Terrain\n|-heal|p2a: Ho-Oh|100/100|[from] Grassy Terrain\n|-heal|p2b: Incineroar|96/100|[from] Grassy Terrain\n|-heal|p1b: Incineroar|100/100|[from] Grassy Terrain\n|-damage|p1a: Kyogre|80/100 brn|[from] brn\n|-fieldend|move: Grassy Terrain\n|upkeep\n|turn|7\n|inactive|takenoko111715 has 30 seconds left.\n|\n|t:|1768802685\n|switch|p1a: Zacian|Zacian-Crowned, L50|66/100\n|switch|p2b: Rillaboom|Rillaboom, L50, M|51/100\n|-fieldstart|move: Grassy Terrain|[from] ability: Grassy Surge|[of] p2b: Rillaboom\n|move|p1b: Incineroar|Parting Shot|p2b: Rillaboom\n|-unboost|p2b: Rillaboom|atk|1\n|-unboost|p2b: Rillaboom|spa|1\n|\n|t:|1768802708\n|switch|p1b: Kilowattrel|Kilowattrel, L50, F, shiny|100/100|[from] Parting Shot\n|move|p2a: Ho-Oh|Whirlwind|p1b: Kilowattrel\n|drag|p1b: Incineroar|Incineroar, L50, F|100/100\n|-ability|p1b: Incineroar|Intimidate|boost\n|-unboost|p2a: Ho-Oh|atk|1\n|-unboost|p2b: Rillaboom|atk|1\n|\n|-heal|p1a: Zacian|72/100|[from] Grassy Terrain\n|-heal|p2b: Rillaboom|57/100|[from] Grassy Terrain\n|upkeep\n|turn|8\n|inactive|jpto5 has 30 seconds left.\n|\n|t:|1768802741\n|move|p1a: Zacian|Quick Guard|p1a: Zacian\n|-singleturn|p1a: Zacian|Quick Guard\n|move|p2b: Rillaboom|Fake Out|p1b: Incineroar\n|-activate|p1b: Incineroar|move: Quick Guard\n|move|p1b: Incineroar|Fake Out|p2a: Ho-Oh\n|-damage|p2a: Ho-Oh|94/100\n|cant|p2a: Ho-Oh|flinch\n|\n|-heal|p1a: Zacian|78/100|[from] Grassy Terrain\n|-heal|p2a: Ho-Oh|99/100|[from] Grassy Terrain\n|-heal|p2b: Rillaboom|63/100|[from] Grassy Terrain\n|upkeep\n|turn|9\n|\n|t:|1768802761\n|switch|p1a: Kyogre|Kyogre, L50|80/100 brn\n|-weather|RainDance|[from] ability: Drizzle|[of] p1a: Kyogre\n|move|p2a: Ho-Oh|Sacred Fire|p1a: Kyogre|[miss]\n|-miss|p2a: Ho-Oh|p1a: Kyogre\n|move|p2b: Rillaboom|Wood Hammer|p1a: Kyogre\n|-supereffective|p1a: Kyogre\n|-damage|p1a: Kyogre|0 fnt\n|faint|p1a: Kyogre\n|-damage|p2b: Rillaboom|41/100|[from] Recoil\n|move|p1b: Incineroar|Parting Shot|p2a: Ho-Oh\n|-unboost|p2a: Ho-Oh|atk|1\n|-unboost|p2a: Ho-Oh|spa|1\n|\n|t:|1768802780\n|switch|p1b: Kilowattrel|Kilowattrel, L50, F, shiny|100/100|[from] Parting Shot\n|\n|-weather|RainDance|[upkeep]\n|-heal|p2a: Ho-Oh|100/100|[from] Grassy Terrain\n|-heal|p2b: Rillaboom|46/100|[from] Grassy Terrain\n|upkeep\n|\n|t:|1768802783\n|switch|p1a: Incineroar|Incineroar, L50, F|100/100\n|-ability|p1a: Incineroar|Intimidate|boost\n|-unboost|p2a: Ho-Oh|atk|1\n|-unboost|p2b: Rillaboom|atk|1\n|turn|10\n|\n|t:|1768802798\n|move|p1a: Incineroar|Fake Out|p2a: Ho-Oh\n|-damage|p2a: Ho-Oh|94/100\n|move|p1b: Kilowattrel|Hurricane|p2b: Rillaboom\n|-supereffective|p2b: Rillaboom\n|-damage|p2b: Rillaboom|0 fnt\n|faint|p2b: Rillaboom\n|cant|p2a: Ho-Oh|flinch\n|\n|-weather|RainDance|[upkeep]\n|-heal|p2a: Ho-Oh|99/100|[from] Grassy Terrain\n|upkeep\n|\n|t:|1768802804\n|switch|p2b: Incineroar|Incineroar, L50, F|96/100\n|-ability|p2b: Incineroar|Intimidate|boost\n|-unboost|p1a: Incineroar|atk|1\n|-unboost|p1b: Kilowattrel|atk|1\n|-ability|p1b: Kilowattrel|Competitive|boost\n|-boost|p1b: Kilowattrel|spa|2\n|turn|11\n|\n|t:|1768802820\n|move|p1b: Kilowattrel|Protect|p1b: Kilowattrel\n|-singleturn|p1b: Kilowattrel|Protect\n|move|p2b: Incineroar|Fake Out|p1b: Kilowattrel\n|-activate|p1b: Kilowattrel|move: Protect\n|move|p1a: Incineroar|Knock Off|p2a: Ho-Oh\n|-damage|p2a: Ho-Oh|88/100\n|move|p2a: Ho-Oh|Whirlwind|p1b: Kilowattrel\n|drag|p1b: Zacian|Zacian-Crowned, L50|78/100\n|\n|-weather|RainDance|[upkeep]\n|-heal|p1b: Zacian|84/100|[from] Grassy Terrain\n|-heal|p2a: Ho-Oh|94/100|[from] Grassy Terrain\n|-heal|p2b: Incineroar|100/100|[from] Grassy Terrain\n|-fieldend|move: Grassy Terrain\n|upkeep\n|turn|12\n|inactive|jpto5 has 30 seconds left.\n|\n|t:|1768802849\n|move|p1b: Zacian|Sacred Sword|p2b: Incineroar\n|-supereffective|p2b: Incineroar\n|-damage|p2b: Incineroar|34/100\n|-damage|p1b: Zacian|68/100|[from] item: Rocky Helmet|[of] p2b: Incineroar\n|move|p2a: Ho-Oh|Sacred Fire|p1b: Zacian\n|-supereffective|p1b: Zacian\n|-damage|p1b: Zacian|54/100\n|move|p2b: Incineroar|Parting Shot|p1a: Incineroar\n|-unboost|p1a: Incineroar|atk|1\n|-unboost|p1a: Incineroar|spa|1\n|move|p1a: Incineroar|Parting Shot|p2b: Incineroar\n|-unboost|p2b: Incineroar|atk|1\n|-unboost|p2b: Incineroar|spa|1\n|\n|t:|1768802863\n|switch|p1a: Kilowattrel|Kilowattrel, L50, F, shiny|100/100|[from] Parting Shot\n|\n|-weather|RainDance|[upkeep]\n|upkeep\n|turn|13\n|\n|t:|1768802890\n|move|p2a: Ho-Oh|Protect|p2a: Ho-Oh\n|-singleturn|p2a: Ho-Oh|Protect\n|move|p2b: Incineroar|Protect|p2b: Incineroar\n|-singleturn|p2b: Incineroar|Protect\n|move|p1b: Zacian|Sacred Sword|p2b: Incineroar\n|-activate|p2b: Incineroar|move: Protect\n|move|p1a: Kilowattrel|Hurricane|p2a: Ho-Oh\n|-activate|p2a: Ho-Oh|move: Protect\n|\n|-weather|none\n|upkeep\n|turn|14\n|\n|t:|1768802911\n|switch|p1b: Incineroar|Incineroar, L50, F|100/100\n|-ability|p1b: Incineroar|Intimidate|boost\n|-unboost|p2a: Ho-Oh|atk|1\n|-unboost|p2b: Incineroar|atk|1\n|move|p2b: Incineroar|Protect||[still]\n|-fail|p2b: Incineroar\n|move|p1a: Kilowattrel|Thunder|p2b: Incineroar\n|-damage|p2b: Incineroar|0 fnt\n|faint|p2b: Incineroar\n|move|p2a: Ho-Oh|Sacred Fire|p1b: Incineroar\n|-resisted|p1b: Incineroar\n|-damage|p1b: Incineroar|95/100\n|\n|upkeep\n|turn|15\n|-message|takenoko111715 forfeited.\n|\n|win|jpto5\n|raw|jpto5's rating: 1373 &rarr; <strong>1393</strong><br />(+20 for winning)\n|raw|takenoko111715's rating: 1373 &rarr; <strong>1353</strong><br />(-20 for losing)\n|l|\u203dtakenoko111715\n|player|p2|\n|l|\u2606jpto5\n|player|p1|\n|j|\u2606jpto5\n|player|p1|jpto5|169|\n|l|\u2606jpto5\n|player|p1|\n","uploadtime":1768803074,"views":22,"formatid":"gen9vgc2026regi","rating":1353,"private":0,"password":null}