{"id":"gen9vgc2026regi-2552473399","format":"[Gen 9] VGC 2026 Reg I","players":["grimlock852x","marcxhenry"],"log":"|j|\u2606grimlock852x\n|j|\u2606marcxhenry\n|t:|1772724995\n|gametype|doubles\n|player|p1|grimlock852x|2|1248\n|player|p2|marcxhenry|hilbert-wonderlauncher|1417\n|gen|9\n|tier|[Gen 9] VGC 2026 Reg I\n|rated|\n|rule|Species Clause: Limit one of each Pok\u00e9mon\n|rule|Item Clause: Limit 1 of each item\n|clearpoke\n|poke|p1|Amoonguss, L50, F|\n|poke|p1|Calyrex-Ice, L50|\n|poke|p1|Kyogre, L50|\n|poke|p1|Grimmsnarl, L50, M|\n|poke|p1|Flutter Mane, L50|\n|poke|p1|Basculegion, L50, M|\n|poke|p2|Calyrex-Shadow, L50|\n|poke|p2|Urshifu-*, L50, M|\n|poke|p2|Roaring Moon, L50|\n|poke|p2|Kyogre, L50|\n|poke|p2|Tsareena, L50, F|\n|poke|p2|Kingambit, L50, M|\n|teampreview|4\n|\n|t:|1772725042\n|teamsize|p1|4\n|teamsize|p2|4\n|start\n|switch|p1a: Grimmsnarl|Grimmsnarl, L50, M|100/100\n|switch|p1b: Flutter Mane|Flutter Mane, L50|100/100\n|switch|p2a: Tripitz|Kyogre, L50, shiny|100/100\n|switch|p2b: Hitmonshe|Tsareena, L50, F, shiny|100/100\n|-weather|RainDance|[from] ability: Drizzle|[of] p2a: Tripitz\n|turn|1\n|\n|t:|1772725063\n|move|p2a: Tripitz|Protect|p2a: Tripitz\n|-singleturn|p2a: Tripitz|Protect\n|move|p1a: Grimmsnarl|Light Screen|p1a: Grimmsnarl\n|-sidestart|p1: grimlock852x|move: Light Screen\n|move|p1b: Flutter Mane|Icy Wind|p2b: Hitmonshe|[spread] \n|-activate|p2a: Tripitz|move: Protect\n|-miss|p1b: Flutter Mane|p2b: Hitmonshe\n|move|p2b: Hitmonshe|Power Whip|p1b: Flutter Mane\n|-enditem|p1b: Flutter Mane|Focus Sash\n|-damage|p1b: Flutter Mane|1/100\n|\n|-weather|RainDance|[upkeep]\n|upkeep\n|turn|2\n|\n|t:|1772725082\n|switch|p2b: Hermann|Kingambit, L50, M, shiny|100/100\n|move|p1b: Flutter Mane|Icy Wind|p2a: Tripitz|[spread] p2b\n|-miss|p1b: Flutter Mane|p2a: Tripitz\n|-resisted|p2b: Hermann\n|-damage|p2b: Hermann|96/100\n|-unboost|p2b: Hermann|spe|1\n|-ability|p2b: Hermann|Defiant|boost\n|-boost|p2b: Hermann|atk|2\n|move|p2a: Tripitz|Water Spout|p1a: Grimmsnarl|[spread] p1a,p1b\n|-damage|p1a: Grimmsnarl|29/100\n|-damage|p1b: Flutter Mane|0 fnt\n|faint|p1b: Flutter Mane\n|-end|p1b: Flutter Mane|Protosynthesis|[silent]\n|move|p1a: Grimmsnarl|Spirit Break|p2a: Tripitz\n|-damage|p2a: Tripitz|69/100\n|-unboost|p2a: Tripitz|spa|1\n|\n|-weather|RainDance|[upkeep]\n|upkeep\n|l|\u2606grimlock852x\n|player|p1|\n|j|\u2606grimlock852x\n|player|p1|grimlock852x|2|\n|\n|t:|1772725133\n|switch|p1b: Basculegion|Basculegion, L50, M|100/100\n|turn|3\n|\n|t:|1772725150\n|switch|p2a: Hitmonshe|Tsareena, L50, F, shiny|100/100\n|-terastallize|p1b: Basculegion|Ghost\n|move|p1a: Grimmsnarl|Reflect|p1a: Grimmsnarl\n|-sidestart|p1: grimlock852x|Reflect\n|move|p2b: Hermann|Sucker Punch|p1b: Basculegion\n|-supereffective|p1b: Basculegion\n|-damage|p1b: Basculegion|0 fnt\n|faint|p1b: Basculegion\n|\n|-weather|RainDance|[upkeep]\n|upkeep\n|\n|t:|1772725159\n|switch|p1b: Kyogre|Kyogre, L50|100/100\n|turn|4\n|\n|t:|1772725167\n|-terastallize|p2b: Hermann|Grass\n|move|p2a: Hitmonshe|Protect|p2a: Hitmonshe\n|-singleturn|p2a: Hitmonshe|Protect\n|move|p2b: Hermann|Sucker Punch|p1b: Kyogre\n|-damage|p1b: Kyogre|40/100\n|move|p1b: Kyogre|Water Spout|p2b: Hermann|[spread] p2b\n|-activate|p2a: Hitmonshe|move: Protect\n|-resisted|p2b: Hermann\n|-damage|p2b: Hermann|78/100\n|move|p1a: Grimmsnarl|Spirit Break|p2a: Hitmonshe\n|-activate|p2a: Hitmonshe|move: Protect\n|\n|-weather|RainDance|[upkeep]\n|upkeep\n|turn|5\n|-message|grimlock852x forfeited.\n|\n|win|marcxhenry\n|raw|grimlock852x's rating: 1248 &rarr; <strong>1234</strong><br />(-14 for losing)\n|raw|marcxhenry's rating: 1417 &rarr; <strong>1428</strong><br />(+11 for winning)\n|l|\u2606grimlock852x\n|player|p1|\n|l|\u2606marcxhenry\n|player|p2|\n","uploadtime":1772725360,"views":12,"formatid":"gen9vgc2026regi","rating":1234,"private":0,"password":null}