{"id":"gen9vgc2026regi-2564510451","format":"[Gen 9] VGC 2026 Reg I","players":["happidoodledoo","Unusualmandog"],"log":"|j|\u2606happidoodledoo\n|j|\u2606Unusualmandog\n|t:|1774155125\n|gametype|doubles\n|player|p1|happidoodledoo|1|1350\n|player|p2|Unusualmandog|169|1260\n|gen|9\n|tier|[Gen 9] VGC 2026 Reg I\n|rated|\n|rule|Species Clause: Limit one of each Pok\u00e9mon\n|rule|Item Clause: Limit 1 of each item\n|clearpoke\n|poke|p1|Calyrex-Shadow, L50|\n|poke|p1|Weezing-Galar, L50, F|\n|poke|p1|Dondozo, L50, F|\n|poke|p1|Tatsugiri-Droopy, L50, F|\n|poke|p1|Brute Bonnet, L50|\n|poke|p1|Koraidon, L50|\n|poke|p2|Indeedee-F, L50, F|\n|poke|p2|Lunala, L50|\n|poke|p2|Ursaluna-Bloodmoon, L50, M|\n|poke|p2|Calyrex-Ice, L50|\n|poke|p2|Smeargle, L50, M|\n|poke|p2|Regidrago, L50|\n|teampreview|4\n|\n|t:|1774155163\n|teamsize|p1|4\n|teamsize|p2|4\n|start\n|switch|p1a: Brute Bonnet|Brute Bonnet, L50|100/100\n|switch|p1b: Calyrex|Calyrex-Shadow, L50|100/100\n|switch|p2a: Indeedee|Indeedee-F, L50, F|100/100\n|switch|p2b: Lunala|Lunala, L50|100/100\n|-ability|p1b: Calyrex|As One\n|-ability|p1b: Calyrex|Unnerve\n|-fieldstart|move: Psychic Terrain|[from] ability: Psychic Surge|[of] p2a: Indeedee\n|turn|1\n|\n|t:|1774155218\n|-terastallize|p1b: Calyrex|Normal\n|-terastallize|p2b: Lunala|Dark\n|move|p2a: Indeedee|Follow Me|p2a: Indeedee\n|-singleturn|p2a: Indeedee|move: Follow Me\n|move|p1b: Calyrex|Nasty Plot|p1b: Calyrex\n|-boost|p1b: Calyrex|spa|2\n|move|p2b: Lunala|Moongeist Beam|p1b: Calyrex\n|-immune|p1b: Calyrex\n|move|p1a: Brute Bonnet|Spore|p2a: Indeedee\n|-activate|p2a: Indeedee|item: Safety Goggles|Spore\n|\n|upkeep\n|turn|2\n|\n|t:|1774155246\n|move|p2a: Indeedee|Follow Me|p2a: Indeedee\n|-singleturn|p2a: Indeedee|move: Follow Me\n|move|p1b: Calyrex|Psychic|p2a: Indeedee\n|-resisted|p2a: Indeedee\n|-damage|p2a: Indeedee|19/100\n|-damage|p1b: Calyrex|91/100|[from] item: Life Orb\n|move|p1a: Brute Bonnet|Spore|p2a: Indeedee\n|-activate|p2a: Indeedee|item: Safety Goggles|Spore\n|move|p2b: Lunala|Trick Room|p2b: Lunala\n|-fieldstart|move: Trick Room|[of] p2b: Lunala\n|\n|upkeep\n|turn|3\n|\n|t:|1774155268\n|move|p1b: Calyrex|Protect|p1b: Calyrex\n|-singleturn|p1b: Calyrex|Protect\n|move|p2a: Indeedee|Follow Me|p2a: Indeedee\n|-singleturn|p2a: Indeedee|move: Follow Me\n|move|p1a: Brute Bonnet|Seed Bomb|p2a: Indeedee\n|-damage|p2a: Indeedee|0 fnt\n|faint|p2a: Indeedee\n|move|p2b: Lunala|Expanding Force|p1a: Brute Bonnet|[spread] \n|-activate|p1b: Calyrex|move: Protect\n|-immune|p1a: Brute Bonnet\n|\n|upkeep\n|\n|t:|1774155278\n|switch|p2a: Calyrex|Calyrex-Ice, L50|100/100\n|-ability|p2a: Calyrex|As One\n|-ability|p2a: Calyrex|Unnerve\n|turn|4\n|inactive|Battle timer is ON: inactive players will automatically lose when time's up. (requested by Unusualmandog)\n|\n|t:|1774155303\n|move|p2a: Calyrex|Glacial Lance|p1b: Calyrex|[spread] p1a,p1b\n|-supereffective|p1a: Brute Bonnet\n|-damage|p1a: Brute Bonnet|15/100\n|-damage|p1b: Calyrex|16/100\n|move|p1a: Brute Bonnet|Spore|p2b: Lunala\n|-status|p2b: Lunala|slp|[from] move: Spore\n|cant|p2b: Lunala|slp\n|move|p1b: Calyrex|Astral Barrage|p2a: Calyrex|[spread] p2a,p2b\n|-supereffective|p2a: Calyrex\n|-resisted|p2b: Lunala\n|-damage|p2a: Calyrex|0 fnt\n|-damage|p2b: Lunala|77/100 slp\n|faint|p2a: Calyrex\n|-ability|p1b: Calyrex|Grim Neigh|boost\n|-boost|p1b: Calyrex|spa|1\n|-damage|p1b: Calyrex|7/100|[from] item: Life Orb\n|\n|upkeep\n|\n|t:|1774155320\n|switch|p2a: Ursaluna|Ursaluna-Bloodmoon, L50, M|100/100\n|turn|5\n|\n|t:|1774155343\n|move|p1b: Calyrex|Protect|p1b: Calyrex\n|-singleturn|p1b: Calyrex|Protect\n|move|p2a: Ursaluna|Hyper Voice|p1b: Calyrex|[spread] p1a\n|-activate|p1b: Calyrex|move: Protect\n|-damage|p1a: Brute Bonnet|0 fnt\n|faint|p1a: Brute Bonnet\n|-end|p1a: Brute Bonnet|Protosynthesis|[silent]\n|-damage|p2a: Ursaluna|90/100|[from] item: Life Orb\n|cant|p2b: Lunala|slp\n|\n|-fieldend|move: Psychic Terrain\n|upkeep\n|\n|t:|1774155348\n|switch|p1a: Dondozo|Dondozo, L50, F|100/100\n|turn|6\n|inactive|Unusualmandog has 30 seconds left.\n|\n|t:|1774155375\n|switch|p1b: Tatsugiri|Tatsugiri-Droopy, L50, F|100/100\n|-activate|p1b: Tatsugiri|ability: Commander|[of] p1a: Dondozo\n|-boost|p1a: Dondozo|atk|2\n|-boost|p1a: Dondozo|spa|2\n|-boost|p1a: Dondozo|spe|2\n|-boost|p1a: Dondozo|def|2\n|-boost|p1a: Dondozo|spd|2\n|move|p2a: Ursaluna|Hyper Voice|p1b: Tatsugiri|[spread] p1a\n|-miss|p2a: Ursaluna|p1b: Tatsugiri\n|-damage|p1a: Dondozo|81/100\n|-damage|p2a: Ursaluna|80/100|[from] item: Life Orb\n|-curestatus|p2b: Lunala|slp|[msg]\n|move|p2b: Lunala|Moongeist Beam|p1a: Dondozo\n|-damage|p1a: Dondozo|61/100\n|move|p1a: Dondozo|Body Press|p2b: Lunala\n|-supereffective|p2b: Lunala\n|-damage|p2b: Lunala|13/100\n|\n|-heal|p1a: Dondozo|67/100|[from] item: Leftovers\n|-fieldend|move: Trick Room\n|upkeep\n|turn|7\n|inactive|Unusualmandog has 30 seconds left.\n|\n|t:|1774155410\n|move|p1a: Dondozo|Body Press|p2b: Lunala\n|-supereffective|p2b: Lunala\n|-damage|p2b: Lunala|0 fnt\n|faint|p2b: Lunala\n|move|p2a: Ursaluna|Blood Moon|p1a: Dondozo\n|-damage|p1a: Dondozo|31/100\n|-damage|p2a: Ursaluna|70/100|[from] item: Life Orb\n|\n|-heal|p1a: Dondozo|37/100|[from] item: Leftovers\n|upkeep\n|turn|8\n|-message|Unusualmandog forfeited.\n|\n|win|happidoodledoo\n|raw|happidoodledoo's rating: 1333 &rarr; <strong>1349</strong><br />(+16 for winning)\n|raw|Unusualmandog's rating: 1260 &rarr; <strong>1240</strong><br />(-20 for losing)\n|l|\u2606Unusualmandog\n|player|p2|\n|l|\u2606happidoodledoo\n|player|p1|\n","uploadtime":1774155646,"views":29,"formatid":"gen9vgc2026regi","rating":1240,"private":0,"password":null}