{"id":"gen9vgc2026regi-2557398064","format":"[Gen 9] VGC 2026 Reg I","players":["korean noob","ArisHazard"],"log":"|j|\u2606korean noob\n|j|\u2606ArisHazard\n|t:|1773322186\n|gametype|doubles\n|player|p1|korean noob|266|1413\n|player|p2|ArisHazard|169|1352\n|gen|9\n|tier|[Gen 9] VGC 2026 Reg I\n|rated|\n|rule|Species Clause: Limit one of each Pok\u00e9mon\n|rule|Item Clause: Limit 1 of each item\n|clearpoke\n|poke|p1|Calyrex-Shadow, L50|\n|poke|p1|Smeargle, L50, F|\n|poke|p1|Muk-Alola, L50, F|\n|poke|p1|Flamigo, L50, F|\n|poke|p1|Carbink, L50|\n|poke|p1|Kyogre, L50|\n|poke|p2|Calyrex-Ice, L50|\n|poke|p2|Hitmontop, L50, M|\n|poke|p2|Miraidon, L50|\n|poke|p2|Sableye, L50, F|\n|poke|p2|Ting-Lu, L50|\n|poke|p2|Iron Valiant, L50|\n|teampreview|4\n|inactive|Battle timer is ON: inactive players will automatically lose when time's up. (requested by korean noob)\n|l|\u2606korean noob\n|inactive|korean noob disconnected and has a minute to reconnect!\n|player|p1|\n|inactive|ArisHazard has 60 seconds left.\n|j|\u2606korean noob\n|inactive|korean noob reconnected and has 60 seconds left.\n|player|p1|korean noob|266|\n|inactive|korean noob has 30 seconds left.\n|inactive|korean noob has 20 seconds left.\n|inactive|korean noob has 15 seconds left.\n|inactive|korean noob has 10 seconds left.\n|inactive|korean noob has 5 seconds left.\n|\n|t:|1773322281\n|teamsize|p1|4\n|teamsize|p2|4\n|start\n|switch|p1a: Calyrex|Calyrex-Shadow, L50|100/100\n|switch|p1b: Smeargle|Smeargle, L50, F|100/100\n|switch|p2a: Miraidon|Miraidon, L50|100/100\n|switch|p2b: Hitmontop|Hitmontop, L50, M|100/100\n|-ability|p1a: Calyrex|As One\n|-ability|p1a: Calyrex|Unnerve\n|-fieldstart|move: Electric Terrain|[from] ability: Hadron Engine|[of] p2a: Miraidon\n|-ability|p2b: Hitmontop|Intimidate|boost\n|-unboost|p1a: Calyrex|atk|1\n|-unboost|p1b: Smeargle|atk|1\n|turn|1\n|\n|t:|1773322307\n|move|p2b: Hitmontop|Wide Guard|p2b: Hitmontop\n|-singleturn|p2b: Hitmontop|Wide Guard\n|move|p1b: Smeargle|Follow Me|p1b: Smeargle\n|-singleturn|p1b: Smeargle|move: Follow Me\n|move|p2a: Miraidon|Electro Drift|p1b: Smeargle\n|-damage|p1b: Smeargle|0 fnt\n|faint|p1b: Smeargle\n|move|p1a: Calyrex|Trick Room|p1a: Calyrex\n|-fieldstart|move: Trick Room|[of] p1a: Calyrex\n|\n|upkeep\n|\n|t:|1773322318\n|switch|p1b: Flamigo|Flamigo, L50, F|100/100\n|turn|2\n|\n|t:|1773322328\n|move|p2b: Hitmontop|Wide Guard|p2b: Hitmontop\n|-singleturn|p2b: Hitmontop|Wide Guard\n|move|p1b: Flamigo|Feint|p2b: Hitmontop\n|-activate|p2b: Hitmontop|move: Feint\n|-damage|p2b: Hitmontop|89/100\n|move|p1a: Calyrex|Astral Barrage|p2a: Miraidon|[spread] p2a,p2b\n|-damage|p2a: Miraidon|63/100\n|-damage|p2b: Hitmontop|41/100\n|move|p2a: Miraidon|Snarl|p1a: Calyrex|[spread] p1a,p1b\n|-supereffective|p1a: Calyrex\n|-resisted|p1b: Flamigo\n|-damage|p1a: Calyrex|25/100\n|-damage|p1b: Flamigo|84/100\n|-unboost|p1a: Calyrex|spa|1\n|-unboost|p1b: Flamigo|spa|1\n|\n|upkeep\n|turn|3\n|inactive|ArisHazard has 30 seconds left.\n|\n|t:|1773322355\n|move|p2b: Hitmontop|Wide Guard|p2b: Hitmontop\n|-singleturn|p2b: Hitmontop|Wide Guard\n|move|p1b: Flamigo|Feint|p2b: Hitmontop\n|-activate|p2b: Hitmontop|move: Feint\n|-damage|p2b: Hitmontop|30/100\n|move|p1a: Calyrex|Astral Barrage|p2b: Hitmontop|[spread] p2a,p2b\n|-damage|p2a: Miraidon|41/100\n|-damage|p2b: Hitmontop|0 fnt\n|faint|p2b: Hitmontop\n|-ability|p1a: Calyrex|Grim Neigh|boost\n|-boost|p1a: Calyrex|spa|1\n|move|p2a: Miraidon|Snarl|p1a: Calyrex|[spread] p1a,p1b\n|-supereffective|p1a: Calyrex\n|-resisted|p1b: Flamigo\n|-damage|p1a: Calyrex|0 fnt\n|-damage|p1b: Flamigo|67/100\n|-unboost|p1b: Flamigo|spa|1\n|faint|p1a: Calyrex\n|\n|upkeep\n|\n|t:|1773322375\n|switch|p2b: Calyrex|Calyrex-Ice, L50|100/100\n|switch|p1a: Muk|Muk-Alola, L50, F|100/100\n|-ability|p2b: Calyrex|As One\n|-ability|p2b: Calyrex|Unnerve\n|turn|4\n|\n|t:|1773322390\n|-terastallize|p2b: Calyrex|Fire\n|-terastallize|p1a: Muk|Dark\n|move|p2b: Calyrex|Stomping Tantrum|p1a: Muk\n|-damage|p1a: Muk|68/100\n|move|p1a: Muk|Knock Off|p2b: Calyrex\n|-damage|p2b: Calyrex|36/100\n|-enditem|p2b: Calyrex|Clear Amulet|[from] move: Knock Off|[of] p1a: Muk\n|move|p1b: Flamigo|Close Combat|p2a: Miraidon\n|-damage|p2a: Miraidon|0 fnt\n|-unboost|p1b: Flamigo|def|1\n|-unboost|p1b: Flamigo|spd|1\n|faint|p2a: Miraidon\n|\n|upkeep\n|\n|t:|1773322407\n|switch|p2a: Sableye|Sableye, L50, F|100/100\n|turn|5\n|\n|t:|1773322414\n|move|p2b: Calyrex|Protect|p2b: Calyrex\n|-singleturn|p2b: Calyrex|Protect\n|move|p1b: Flamigo|Feint|p2b: Calyrex\n|-activate|p2b: Calyrex|move: Feint\n|-damage|p2b: Calyrex|30/100\n|move|p2a: Sableye|Foul Play|p1b: Flamigo\n|-resisted|p1b: Flamigo\n|-damage|p1b: Flamigo|18/100\n|move|p1a: Muk|Knock Off|p2b: Calyrex\n|-damage|p2b: Calyrex|0 fnt\n|faint|p2b: Calyrex\n|\n|-fieldend|move: Trick Room\n|-fieldend|move: Electric Terrain\n|upkeep\n|turn|6\n|-message|ArisHazard forfeited.\n|\n|win|korean noob\n|raw|korean noob's rating: 1413 &rarr; <strong>1430</strong><br />(+17 for winning)\n|raw|ArisHazard's rating: 1352 &rarr; <strong>1335</strong><br />(-17 for losing)\n|l|\u2606ArisHazard\n|player|p2|\n|l|\u2606korean noob\n|player|p1|\n","uploadtime":1773322584,"views":12,"formatid":"gen9vgc2026regi","rating":1335,"private":0,"password":null}