{"id":"gen9vgc2026regi-2569430545","format":"[Gen 9] VGC 2026 Reg I","players":["Hobbit","Boundyn"],"log":"|j|\u2606Hobbit\n|j|\u2606Boundyn\n|html|<table width=\"100%\"><tr><td align=\"left\">Hobbit</td><td align=\"right\">Boundyn</tr><tr><td align=\"left\"><i class=\"fa fa-circle\"></i> <i class=\"fa fa-circle-o\"></i> </td><td align=\"right\"><i class=\"fa fa-circle-o\"></i> <i class=\"fa fa-circle\"></i> </tr></table>\n|uhtml|bestof|<h2><strong>Game 3</strong> of <a href=\"/game-bestof3-gen9vgc2026regi-2569427925\">a best-of-3</a></h2>\n|t:|1774693891\n|gametype|doubles\n|player|p1|Hobbit|#smogonxnpa2025winner|\n|player|p2|Boundyn|brycenman|\n|gen|9\n|tier|[Gen 9] VGC 2026 Reg I\n|rated|Tournament battle\n|rule|Species Clause: Limit one of each Pok\u00e9mon\n|rule|Item Clause: Limit 1 of each item\n|raw|<div class=\"infobox\"><details class=\"readmore\" open><summary><strong>4 custom rules:</strong></summary> Open Team Sheets, Force Open Team Sheets, !Open Team Sheets, Best of = 3</details></div>\n|clearpoke\n|poke|p1|Kyogre, L50|\n|poke|p1|Volcarona, L50, F|\n|poke|p1|Rillaboom, L50, M|\n|poke|p1|Whimsicott, L50, F|\n|poke|p1|Chien-Pao, L50|\n|poke|p1|Giratina-Origin, L50|\n|poke|p2|Ho-Oh, L50|\n|poke|p2|Dialga-Origin, L50|\n|poke|p2|Ogerpon-Wellspring, L50, F|\n|poke|p2|Ursaluna, L50, F|\n|poke|p2|Incineroar, L50, F|\n|poke|p2|Grimmsnarl, L50, M|\n|teampreview|4\n|showteam|p1|Kyogre||MysticWater|Drizzle|WaterSpout,HydroPump,OriginPulse,Protect||||||50|,,,,,Grass]Volcarona||SafetyGoggles|FlameBody|StruggleBug,RagePowder,WillOWisp,Protect|||F|||50|,,,,,Water]Rillaboom||AssaultVest|GrassySurge|WoodHammer,GrassyGlide,Uturn,FakeOut|||M|||50|,,,,,Fire]Whimsicott||CovertCloak|Prankster|Moonblast,Tailwind,Encore,LightScreen|||F|||50|,,,,,Fire]Chien-Pao||FocusSash|SwordofRuin|IcicleCrash,ThroatChop,SuckerPunch,Protect||||||50|,,,,,Stellar]Giratina-Origin||GriseousCore|Levitate|ShadowSneak,Poltergeist,DracoMeteor,Protect||||||50|,,,,,Fire\n|showteam|p2|Ho-Oh||ClearAmulet|Regenerator|SacredFire,BraveBird,Tailwind,Protect||||||50|,,,,,Grass]Dialga-Origin||AdamantCrystal|Telepathy|DracoMeteor,FlashCannon,EarthPower,TrickRoom||||||50|,,,,,Fairy]Ogerpon-Wellspring||WellspringMask|WaterAbsorb|IvyCudgel,FollowMe,SpikyShield,HornLeech|||F|||50|,,,,,Water]Ursaluna||FlameOrb|Guts|Facade,HeadlongRush,Earthquake,Protect|||F|||50|,,,,,Ghost]Incineroar||AssaultVest|Intimidate|FakeOut,FlareBlitz,Uturn,KnockOff|||F|||50|,,,,,Grass]Grimmsnarl||LightClay|Prankster|SpiritBreak,SuckerPunch,LightScreen,Reflect|||M|||50|,,,,,Ghost\n|inactive|Battle timer is ON: inactive players will automatically lose when time's up. (requested by Boundyn)\n|\n|t:|1774693913\n|teamsize|p1|4\n|teamsize|p2|4\n|start\n|switch|p1a: Chien-Pao|Chien-Pao, L50|100/100\n|switch|p1b: Giratina|Giratina-Origin, L50|100/100\n|switch|p2a: Ho-Oh|Ho-Oh, L50|100/100\n|switch|p2b: Dialga|Dialga-Origin, L50|100/100\n|-ability|p1a: Chien-Pao|Sword of Ruin\n|turn|1\n|\n|t:|1774693932\n|-terastallize|p1a: Chien-Pao|Stellar\n|move|p1a: Chien-Pao|Icicle Crash|p2b: Dialga\n|-damage|p2b: Dialga|42/100\n|move|p2a: Ho-Oh|Sacred Fire|p1a: Chien-Pao\n|-supereffective|p1a: Chien-Pao\n|-enditem|p1a: Chien-Pao|Focus Sash\n|-damage|p1a: Chien-Pao|1/100\n|move|p2b: Dialga|Draco Meteor|p1b: Giratina\n|-supereffective|p1b: Giratina\n|-damage|p1b: Giratina|0 fnt\n|-unboost|p2b: Dialga|spa|2\n|faint|p1b: Giratina\n|\n|upkeep\n|j| tiny torchic\n|\n|t:|1774693943\n|switch|p1b: Kyogre|Kyogre, L50|100/100\n|-weather|RainDance|[from] ability: Drizzle|[of] p1b: Kyogre\n|turn|2\n|\n|t:|1774693955\n|switch|p2b: Ogerpon|Ogerpon-Wellspring, L50, F|100/100\n|move|p2a: Ho-Oh|Protect|p2a: Ho-Oh\n|-singleturn|p2a: Ho-Oh|Protect\n|move|p1a: Chien-Pao|Icicle Crash|p2a: Ho-Oh\n|-activate|p2a: Ho-Oh|move: Protect\n|move|p1b: Kyogre|Water Spout|p2b: Ogerpon|[spread] \n|-activate|p2a: Ho-Oh|move: Protect\n|-immune|p2b: Ogerpon|[from] ability: Water Absorb\n|\n|-weather|RainDance|[upkeep]\n|upkeep\n|turn|3\n|\n|t:|1774693967\n|-terastallize|p2a: Ho-Oh|Grass\n|move|p2b: Ogerpon|Follow Me|p2b: Ogerpon\n|-singleturn|p2b: Ogerpon|move: Follow Me\n|move|p1a: Chien-Pao|Icicle Crash|p2b: Ogerpon|[miss]\n|-miss|p1a: Chien-Pao|p2b: Ogerpon\n|move|p1b: Kyogre|Water Spout|p2b: Ogerpon|[spread] p2a\n|-immune|p2b: Ogerpon|[from] ability: Water Absorb\n|-resisted|p2a: Ho-Oh\n|-damage|p2a: Ho-Oh|67/100\n|move|p2a: Ho-Oh|Tailwind|p2a: Ho-Oh\n|-sidestart|p2: Boundyn|move: Tailwind\n|\n|-weather|RainDance|[upkeep]\n|upkeep\n|turn|4\n|c|\u2606Hobbit|I cannot land attacks haha\n|c|\u2606Boundyn|unfortunate dude\n|inactive|Hobbit has 30 seconds left.\n|\n|t:|1774693995\n|switch|p2a: Dialga|Dialga-Origin, L50|42/100\n|switch|p1b: Rillaboom|Rillaboom, L50, M|100/100\n|-fieldstart|move: Grassy Terrain|[from] ability: Grassy Surge|[of] p1b: Rillaboom\n|move|p1a: Chien-Pao|Protect|p1a: Chien-Pao\n|-singleturn|p1a: Chien-Pao|Protect\n|move|p2b: Ogerpon|Ivy Cudgel|p1a: Chien-Pao|[anim] Ivy Cudgel Water\n|-activate|p1a: Chien-Pao|move: Protect\n|\n|-weather|RainDance|[upkeep]\n|-heal|p2a: Dialga|47/100|[from] Grassy Terrain\n|-heal|p1a: Chien-Pao|7/100|[from] Grassy Terrain\n|upkeep\n|turn|5\n|\n|t:|1774694011\n|move|p1b: Rillaboom|Fake Out|p2b: Ogerpon\n|-damage|p2b: Ogerpon|87/100\n|move|p1a: Chien-Pao|Sucker Punch|p2a: Dialga\n|-damage|p2a: Dialga|0 fnt\n|faint|p2a: Dialga\n|cant|p2b: Ogerpon|flinch\n|\n|-weather|RainDance|[upkeep]\n|-heal|p2b: Ogerpon|93/100|[from] Grassy Terrain\n|-heal|p1a: Chien-Pao|13/100|[from] Grassy Terrain\n|upkeep\n|\n|t:|1774694016\n|switch|p2a: Ho-Oh|Ho-Oh, L50, tera:Grass|100/100\n|turn|6\n|j| don juan dozo\n|inactive|Hobbit has 30 seconds left.\n|inactive|Hobbit has 20 seconds left.\n|inactive|Hobbit has 15 seconds left.\n|inactive|Hobbit has 10 seconds left.\n|\n|t:|1774694066\n|switch|p1b: Kyogre|Kyogre, L50|100/100\n|move|p1a: Chien-Pao|Protect|p1a: Chien-Pao\n|-singleturn|p1a: Chien-Pao|Protect\n|move|p2b: Ogerpon|Ivy Cudgel|p1a: Chien-Pao|[anim] Ivy Cudgel Water\n|-activate|p1a: Chien-Pao|move: Protect\n|move|p2a: Ho-Oh|Brave Bird|p1b: Kyogre\n|-damage|p1b: Kyogre|18/100\n|-damage|p2a: Ho-Oh|75/100|[from] Recoil\n|\n|-weather|none\n|-heal|p2b: Ogerpon|99/100|[from] Grassy Terrain\n|-heal|p2a: Ho-Oh|81/100|[from] Grassy Terrain\n|-heal|p1a: Chien-Pao|19/100|[from] Grassy Terrain\n|-heal|p1b: Kyogre|24/100|[from] Grassy Terrain\n|-sideend|p2: Boundyn|move: Tailwind\n|upkeep\n|turn|7\n|l| don juan dozo\n|inactive|Hobbit has 30 seconds left.\n|\n|t:|1774694096\n|switch|p1b: Rillaboom|Rillaboom, L50, M|100/100\n|move|p2b: Ogerpon|Follow Me|p2b: Ogerpon\n|-singleturn|p2b: Ogerpon|move: Follow Me\n|move|p1a: Chien-Pao|Icicle Crash|p2b: Ogerpon\n|-damage|p2b: Ogerpon|52/100\n|move|p2a: Ho-Oh|Tailwind|p2a: Ho-Oh\n|-sidestart|p2: Boundyn|move: Tailwind\n|\n|-heal|p2b: Ogerpon|58/100|[from] Grassy Terrain\n|-heal|p2a: Ho-Oh|86/100|[from] Grassy Terrain\n|-heal|p1a: Chien-Pao|24/100|[from] Grassy Terrain\n|upkeep\n|turn|8\n|j| the main flutter\n|\n|t:|1774694118\n|move|p2a: Ho-Oh|Protect|p2a: Ho-Oh\n|-singleturn|p2a: Ho-Oh|Protect\n|move|p1b: Rillaboom|Fake Out|p2a: Ho-Oh\n|-activate|p2a: Ho-Oh|move: Protect\n|move|p2b: Ogerpon|Ivy Cudgel|p1a: Chien-Pao|[anim] Ivy Cudgel Water\n|-damage|p1a: Chien-Pao|0 fnt\n|faint|p1a: Chien-Pao\n|\n|-heal|p2b: Ogerpon|64/100|[from] Grassy Terrain\n|-heal|p2a: Ho-Oh|92/100|[from] Grassy Terrain\n|-fieldend|move: Grassy Terrain\n|upkeep\n|\n|t:|1774694122\n|switch|p1a: Kyogre|Kyogre, L50|24/100\n|-weather|RainDance|[from] ability: Drizzle|[of] p1a: Kyogre\n|turn|9\n|\n|t:|1774694135\n|move|p1a: Kyogre|Protect|p1a: Kyogre\n|-singleturn|p1a: Kyogre|Protect\n|move|p2b: Ogerpon|Horn Leech|p1a: Kyogre\n|-activate|p1a: Kyogre|move: Protect\n|move|p2a: Ho-Oh|Brave Bird|p1b: Rillaboom\n|-supereffective|p1b: Rillaboom\n|-damage|p1b: Rillaboom|0 fnt\n|faint|p1b: Rillaboom\n|-damage|p2a: Ho-Oh|60/100|[from] Recoil\n|\n|-weather|RainDance|[upkeep]\n|upkeep\n|turn|10\n|j| don juan dozo\n|\n|t:|1774694143\n|move|p1a: Kyogre|Protect||[still]\n|-fail|p1a: Kyogre\n|move|p2b: Ogerpon|Horn Leech|p1a: Kyogre\n|-supereffective|p1a: Kyogre\n|-damage|p1a: Kyogre|0 fnt\n|-heal|p2b: Ogerpon|76/100|[from] drain|[of] p1a: Kyogre\n|faint|p1a: Kyogre\n|\n|win|Boundyn\n|c|\u2606Boundyn|gg\n|c|\u2606Hobbit|gg\n|l| the main flutter\n|l|\u2606Hobbit\n|player|p1|\n|l|\u2606Boundyn\n|player|p2|\n|l| don juan dozo\n","uploadtime":1774693942,"views":29,"formatid":"gen9vgc2026regi","rating":null,"private":0,"password":null}