{"id":"gen9vgc2026regi-2538597877","format":"[Gen 9] VGC 2026 Reg I","players":["blackred123","kenneththeg"],"log":"|j|\u2606blackred123\n|j|\u2606kenneththeg\n|t:|1770945228\n|gametype|doubles\n|player|p1|blackred123|iono-masters|1452\n|player|p2|kenneththeg|koga|1488\n|gen|9\n|tier|[Gen 9] VGC 2026 Reg I\n|rated|\n|rule|Species Clause: Limit one of each Pok\u00e9mon\n|rule|Item Clause: Limit 1 of each item\n|clearpoke\n|poke|p1|Calyrex-Shadow, L50|\n|poke|p1|Zamazenta-*, L50|\n|poke|p1|Roaring Moon, L50|\n|poke|p1|Maushold-Four, L50|\n|poke|p1|Weezing, L50, F|\n|poke|p1|Amoonguss, L50, F|\n|poke|p2|Koraidon, L50|\n|poke|p2|Lunala, L50|\n|poke|p2|Incineroar, L50, F|\n|poke|p2|Brute Bonnet, L50|\n|poke|p2|Ursaluna, L50, F|\n|poke|p2|Flutter Mane, L50|\n|teampreview|4\n|inactive|Battle timer is ON: inactive players will automatically lose when time's up. (requested by blackred123)\n|inactive|kenneththeg has 60 seconds left.\n|\n|t:|1770945272\n|teamsize|p1|4\n|teamsize|p2|4\n|start\n|switch|p1a: Zamazenta|Zamazenta-Crowned, L50|100/100\n|switch|p1b: Roaring Moon|Roaring Moon, L50, shiny|100/100\n|switch|p2a: Lunala|Lunala, L50|100/100\n|switch|p2b: Flutter Mane|Flutter Mane, L50|100/100\n|-ability|p1a: Zamazenta|Dauntless Shield|boost\n|-boost|p1a: Zamazenta|def|1\n|-enditem|p1b: Roaring Moon|Booster Energy\n|-activate|p1b: Roaring Moon|ability: Protosynthesis|[fromitem]\n|-start|p1b: Roaring Moon|protosynthesisspe\n|turn|1\n|\n|t:|1770945296\n|-end|p2b: Flutter Mane|Protosynthesis|[silent]\n|switch|p2b: Ursaluna|Ursaluna, L50, F|100/100\n|move|p1b: Roaring Moon|Knock Off|p2a: Lunala\n|-supereffective|p2a: Lunala\n|-damage|p2a: Lunala|19/100\n|-enditem|p2a: Lunala|Power Herb|[from] move: Knock Off|[of] p1b: Roaring Moon\n|move|p1a: Zamazenta|Heavy Slam|p2a: Lunala\n|-damage|p2a: Lunala|0 fnt\n|faint|p2a: Lunala\n|\n|-status|p2b: Ursaluna|brn|[from] item: Flame Orb\n|upkeep\n|\n|t:|1770945310\n|switch|p2a: Flutter Mane|Flutter Mane, L50|100/100\n|turn|2\n|\n|t:|1770945325\n|-terastallize|p1b: Roaring Moon|Poison\n|move|p2a: Flutter Mane|Protect|p2a: Flutter Mane\n|-singleturn|p2a: Flutter Mane|Protect\n|move|p1b: Roaring Moon|Knock Off|p2a: Flutter Mane\n|-activate|p2a: Flutter Mane|move: Protect\n|move|p1a: Zamazenta|Heavy Slam|p2a: Flutter Mane\n|-activate|p2a: Flutter Mane|move: Protect\n|move|p2b: Ursaluna|Earthquake|p1a: Zamazenta|[spread] p1a,p1b\n|-activate|p2a: Flutter Mane|move: Protect\n|-supereffective|p1a: Zamazenta\n|-supereffective|p1b: Roaring Moon\n|-damage|p1a: Zamazenta|54/100\n|-damage|p1b: Roaring Moon|0 fnt\n|faint|p1b: Roaring Moon\n|-end|p1b: Roaring Moon|Protosynthesis|[silent]\n|\n|-damage|p2b: Ursaluna|95/100 brn|[from] brn\n|upkeep\n|\n|t:|1770945330\n|switch|p1b: Maushold|Maushold-Four, L50|100/100\n|turn|3\n|inactive|kenneththeg has 30 seconds left.\n|inactive|kenneththeg has 20 seconds left.\n|\n|t:|1770945367\n|-terastallize|p2b: Ursaluna|Ghost\n|move|p1b: Maushold|Follow Me|p1b: Maushold\n|-singleturn|p1b: Maushold|move: Follow Me\n|move|p2a: Flutter Mane|Moonblast|p1b: Maushold\n|-damage|p1b: Maushold|45/100\n|move|p1a: Zamazenta|Heavy Slam|p2a: Flutter Mane\n|-supereffective|p2a: Flutter Mane\n|-enditem|p2a: Flutter Mane|Focus Sash\n|-damage|p2a: Flutter Mane|1/100\n|move|p2b: Ursaluna|Earthquake|p1b: Maushold|[spread] p2a,p1a,p1b\n|-supereffective|p1a: Zamazenta\n|-damage|p2a: Flutter Mane|0 fnt\n|-damage|p1a: Zamazenta|17/100\n|-damage|p1b: Maushold|0 fnt\n|faint|p2a: Flutter Mane\n|-end|p2a: Flutter Mane|Protosynthesis|[silent]\n|faint|p1b: Maushold\n|\n|-damage|p2b: Ursaluna|89/100 brn|[from] brn\n|upkeep\n|\n|t:|1770945380\n|switch|p2a: Brute Bonnet|Brute Bonnet, L50|100/100\n|switch|p1b: Calyrex|Calyrex-Shadow, L50|100/100\n|-ability|p1b: Calyrex|As One\n|-ability|p1b: Calyrex|Unnerve\n|turn|4\n|inactive|kenneththeg has 30 seconds left.\n|\n|t:|1770945410\n|move|p2b: Ursaluna|Protect|p2b: Ursaluna\n|-singleturn|p2b: Ursaluna|Protect\n|move|p1b: Calyrex|Astral Barrage|p2b: Ursaluna|[spread] p2a\n|-activate|p2b: Ursaluna|move: Protect\n|-resisted|p2a: Brute Bonnet\n|-damage|p2a: Brute Bonnet|69/100\n|move|p1a: Zamazenta|Heavy Slam|p2b: Ursaluna\n|-activate|p2b: Ursaluna|move: Protect\n|move|p2a: Brute Bonnet|Spore|p1b: Calyrex\n|-status|p1b: Calyrex|slp|[from] move: Spore\n|\n|-damage|p2b: Ursaluna|83/100 brn|[from] brn\n|upkeep\n|turn|5\n|\n|t:|1770945423\n|move|p2a: Brute Bonnet|Sucker Punch|p1b: Calyrex\n|-supereffective|p1b: Calyrex\n|-damage|p1b: Calyrex|0 fnt\n|faint|p1b: Calyrex\n|move|p1a: Zamazenta|Heavy Slam|p2b: Ursaluna\n|-damage|p2b: Ursaluna|65/100 brn\n|move|p2b: Ursaluna|Earthquake|p1a: Zamazenta|[spread] p2a,p1a\n|-resisted|p2a: Brute Bonnet\n|-supereffective|p1a: Zamazenta\n|-damage|p2a: Brute Bonnet|48/100\n|-damage|p1a: Zamazenta|0 fnt\n|-enditem|p2a: Brute Bonnet|Sitrus Berry|[eat]\n|-heal|p2a: Brute Bonnet|73/100|[from] item: Sitrus Berry\n|faint|p1a: Zamazenta\n|\n|win|kenneththeg\n|raw|blackred123's rating: 1452 &rarr; <strong>1434</strong><br />(-18 for losing)\n|raw|kenneththeg's rating: 1488 &rarr; <strong>1506</strong><br />(+18 for winning)\n|l|\u2606kenneththeg\n|player|p2|\n","uploadtime":1770945664,"views":24,"formatid":"gen9vgc2026regi","rating":1434,"private":0,"password":null}