{"id":"gen9vgc2026regi-2550446804","format":"[Gen 9] VGC 2026 Reg I","players":["Pokemonst3r","meep1203"],"log":"|j|\u2606Pokemonst3r\n|j|\u2606meep1203\n|t:|1772488116\n|gametype|doubles\n|player|p1|Pokemonst3r|2|1143\n|player|p2|meep1203|medium|1215\n|gen|9\n|tier|[Gen 9] VGC 2026 Reg I\n|rated|\n|rule|Species Clause: Limit one of each Pok\u00e9mon\n|rule|Item Clause: Limit 1 of each item\n|clearpoke\n|poke|p1|Zamazenta-*, L50|\n|poke|p1|Whimsicott, L50, M|\n|poke|p1|Indeedee-F, L50, F|\n|poke|p1|Urshifu-*, L50, M|\n|poke|p1|Calyrex-Shadow, L50|\n|poke|p1|Chi-Yu, L50|\n|poke|p2|Miraidon, L50|\n|poke|p2|Kyogre, L50|\n|poke|p2|Inteleon, L50, F|\n|poke|p2|Lumineon, L50, F|\n|poke|p2|Raichu, L50, F|\n|poke|p2|Farigiraf, L50, F|\n|teampreview|4\n|inactive|Battle timer is ON: inactive players will automatically lose when time's up. (requested by meep1203)\n|inactive|Pokemonst3r also wants the timer to be on.\n|\n|t:|1772488125\n|teamsize|p1|4\n|teamsize|p2|4\n|start\n|switch|p1a: Whimsicott|Whimsicott, L50, M|100/100\n|switch|p1b: Urshifu|Urshifu-Rapid-Strike, L50, M|100/100\n|switch|p2a: Kyogre|Kyogre, L50|100/100\n|switch|p2b: Lumineon|Lumineon, L50, F|100/100\n|-weather|RainDance|[from] ability: Drizzle|[of] p2a: Kyogre\n|turn|1\n|\n|t:|1772488144\n|-terastallize|p1b: Urshifu|Stellar\n|move|p1a: Whimsicott|Tailwind|p1a: Whimsicott\n|-sidestart|p1: Pokemonst3r|move: Tailwind\n|move|p1b: Urshifu|Close Combat|p2a: Kyogre\n|-damage|p2a: Kyogre|8/100\n|-unboost|p1b: Urshifu|def|1\n|-unboost|p1b: Urshifu|spd|1\n|-enditem|p2a: Kyogre|Eject Button\n|\n|t:|1772488154\n|switch|p2a: Microwave|Miraidon, L50|100/100\n|-fieldstart|move: Electric Terrain|[from] ability: Hadron Engine|[of] p2a: Microwave\n|move|p2b: Lumineon|Tailwind|p2b: Lumineon\n|-sidestart|p2: meep1203|move: Tailwind\n|\n|-weather|RainDance|[upkeep]\n|upkeep\n|turn|2\n|\n|t:|1772488169\n|-terastallize|p2b: Lumineon|Ground\n|move|p1a: Whimsicott|Encore|p2b: Lumineon\n|-start|p2b: Lumineon|Encore\n|move|p2b: Lumineon|Tailwind||[still]\n|-fail|p2b: Lumineon\n|move|p2a: Microwave|Discharge|p1b: Urshifu|[spread] p1a,p1b\n|-immune|p2b: Lumineon\n|-resisted|p1a: Whimsicott\n|-supereffective|p1b: Urshifu\n|-damage|p1a: Whimsicott|35/100\n|-enditem|p1b: Urshifu|Focus Sash\n|-damage|p1b: Urshifu|1/100\n|move|p1b: Urshifu|Close Combat|p2a: Microwave\n|-damage|p2a: Microwave|35/100\n|-unboost|p1b: Urshifu|def|1\n|-unboost|p1b: Urshifu|spd|1\n|\n|-weather|RainDance|[upkeep]\n|upkeep\n|turn|3\n|inactive|meep1203 has 30 seconds left.\n|\n|t:|1772488198\n|move|p1b: Urshifu|Protect|p1b: Urshifu\n|-singleturn|p1b: Urshifu|Protect\n|move|p1a: Whimsicott|Fake Tears|p2b: Lumineon\n|-unboost|p2b: Lumineon|spd|2\n|move|p2b: Lumineon|Tailwind||[still]\n|-fail|p2b: Lumineon\n|move|p2a: Microwave|Discharge|p1a: Whimsicott|[spread] p1a\n|-activate|p1b: Urshifu|move: Protect\n|-immune|p2b: Lumineon\n|-resisted|p1a: Whimsicott\n|-damage|p1a: Whimsicott|0 fnt\n|faint|p1a: Whimsicott\n|\n|-weather|RainDance|[upkeep]\n|upkeep\n|\n|t:|1772488211\n|switch|p1a: Calyrex|Calyrex-Shadow, L50|100/100\n|-ability|p1a: Calyrex|As One\n|-ability|p1a: Calyrex|Unnerve\n|turn|4\n|\n|t:|1772488219\n|switch|p2b: Inteleon|Inteleon, L50, F, shiny|100/100\n|switch|p2a: Kyogre|Kyogre, L50|8/100\n|move|p1a: Calyrex|Astral Barrage|p2b: Inteleon|[spread] p2a,p2b\n|-crit|p2b: Inteleon\n|-damage|p2a: Kyogre|0 fnt\n|-damage|p2b: Inteleon|0 fnt\n|faint|p2a: Kyogre\n|faint|p2b: Inteleon\n|-ability|p1a: Calyrex|Grim Neigh|boost\n|-boost|p1a: Calyrex|spa|2\n|-damage|p1a: Calyrex|91/100|[from] item: Life Orb\n|move|p1b: Urshifu|Close Combat|p2: Kyogre|[notarget]\n|-fail|p1b: Urshifu\n|\n|-weather|RainDance|[upkeep]\n|-sideend|p1: Pokemonst3r|move: Tailwind\n|-sideend|p2: meep1203|move: Tailwind\n|upkeep\n|\n|t:|1772488235\n|switch|p2b: Lumineon|Lumineon, L50, F, tera:Ground|100/100\n|switch|p2a: Microwave|Miraidon, L50|35/100\n|-activate|p2a: Microwave|ability: Hadron Engine\n|turn|5\n|\n|t:|1772488244\n|move|p2b: Lumineon|Tailwind|p2b: Lumineon\n|-sidestart|p2: meep1203|move: Tailwind\n|move|p2a: Microwave|Discharge|p1b: Urshifu|[spread] p1a,p1b\n|-immune|p2b: Lumineon\n|-supereffective|p1b: Urshifu\n|-crit|p1b: Urshifu\n|-damage|p1a: Calyrex|0 fnt\n|-damage|p1b: Urshifu|0 fnt\n|faint|p1a: Calyrex\n|faint|p1b: Urshifu\n|\n|-weather|none\n|-fieldend|move: Electric Terrain\n|upkeep\n|-message|Pokemonst3r forfeited.\n|\n|win|meep1203\n|raw|Pokemonst3r's rating: 1143 &rarr; <strong>1123</strong><br />(-20 for losing)\n|raw|meep1203's rating: 1215 &rarr; <strong>1235</strong><br />(+20 for winning)\n|l|\u2606Pokemonst3r\n|player|p1|\n|l|\u2606meep1203\n|player|p2|\n","uploadtime":1772488512,"views":12,"formatid":"gen9vgc2026regi","rating":1123,"private":0,"password":null}