{"id":"gen9vgc2026regi-2577804260","format":"[Gen 9] VGC 2026 Reg I","players":["uhh daneooo","San gerger"],"log":"|j|\u2606uhh daneooo\n|j|\u2606San gerger\n|t:|1775607633\n|gametype|doubles\n|player|p1|uhh daneooo|2|1369\n|player|p2|San gerger|2|1438\n|gen|9\n|tier|[Gen 9] VGC 2026 Reg I\n|rated|\n|rule|Species Clause: Limit one of each Pok\u00e9mon\n|rule|Item Clause: Limit 1 of each item\n|clearpoke\n|poke|p1|Grafaiai, L50, F|\n|poke|p1|Miraidon, L50|\n|poke|p1|Tornadus, L50, M|\n|poke|p1|Kyogre, L50|\n|poke|p1|Iron Treads, L50|\n|poke|p1|Flutter Mane, L50|\n|poke|p2|Calyrex-Shadow, L50|\n|poke|p2|Zamazenta-*, L50|\n|poke|p2|Tornadus, L50, M|\n|poke|p2|Rillaboom, L50, M|\n|poke|p2|Ogerpon-Hearthflame, L50, F|\n|poke|p2|Raging Bolt, L50|\n|teampreview|4\n|inactive|Battle timer is ON: inactive players will automatically lose when time's up. (requested by uhh daneooo)\n|inactive|San gerger also wants the timer to be on.\n|inactive|uhh daneooo has 60 seconds left.\n|\n|t:|1775607680\n|teamsize|p1|4\n|teamsize|p2|4\n|start\n|switch|p1a: Grafaiai|Grafaiai, L50, F|100/100\n|switch|p1b: Miraidon|Miraidon, L50|100/100\n|switch|p2a: Zamazenta|Zamazenta-Crowned, L50|100/100\n|switch|p2b: Tornadus|Tornadus, L50, M|100/100\n|-fieldstart|move: Electric Terrain|[from] ability: Hadron Engine|[of] p1b: Miraidon\n|-enditem|p1a: Grafaiai|Electric Seed\n|-boost|p1a: Grafaiai|def|1|[from] item: Electric Seed\n|-ability|p2a: Zamazenta|Dauntless Shield|boost\n|-boost|p2a: Zamazenta|def|1\n|turn|1\n|inactive|uhh daneooo has 30 seconds left.\n|inactive|San gerger has 30 seconds left.\n|\n|t:|1775607712\n|-terastallize|p2b: Tornadus|Electric\n|move|p2b: Tornadus|Tailwind|p2b: Tornadus\n|-sidestart|p2: San gerger|move: Tailwind\n|move|p2a: Zamazenta|Body Press|p1b: Miraidon\n|-damage|p1b: Miraidon|43/100\n|move|p1a: Grafaiai|Scary Face|p2a: Zamazenta\n|-unboost|p2a: Zamazenta|spe|2\n|move|p1b: Miraidon|Electro Drift|p2a: Zamazenta\n|-damage|p2a: Zamazenta|30/100\n|\n|upkeep\n|turn|2\n|\n|t:|1775607733\n|move|p1b: Miraidon|Protect|p1b: Miraidon\n|-singleturn|p1b: Miraidon|Protect\n|move|p1a: Grafaiai|Gunk Shot|p2b: Tornadus\n|-damage|p2b: Tornadus|58/100\n|move|p2b: Tornadus|Bleakwind Storm|p1b: Miraidon|[spread] p1a\n|-activate|p1b: Miraidon|move: Protect\n|-damage|p1a: Grafaiai|45/100\n|move|p2a: Zamazenta|Body Press|p1b: Miraidon\n|-activate|p1b: Miraidon|move: Protect\n|\n|upkeep\n|turn|3\n|inactive|uhh daneooo has 30 seconds left.\n|inactive|San gerger has 30 seconds left.\n|\n|t:|1775607759\n|move|p1a: Grafaiai|Scary Face|p2b: Tornadus\n|-unboost|p2b: Tornadus|spe|2\n|move|p1b: Miraidon|Electro Drift|p2a: Zamazenta\n|-damage|p2a: Zamazenta|0 fnt\n|faint|p2a: Zamazenta\n|move|p2b: Tornadus|Bleakwind Storm|p1b: Miraidon|[spread] p1a,p1b\n|-resisted|p1b: Miraidon\n|-damage|p1a: Grafaiai|0 fnt\n|-damage|p1b: Miraidon|26/100\n|faint|p1a: Grafaiai\n|\n|upkeep\n|\n|t:|1775607772\n|switch|p2a: Calyrex|Calyrex-Shadow, L50|100/100\n|switch|p1a: Flutter Mane|Flutter Mane, L50|100/100\n|-ability|p2a: Calyrex|As One\n|-ability|p2a: Calyrex|Unnerve\n|-enditem|p1a: Flutter Mane|Booster Energy\n|-activate|p1a: Flutter Mane|ability: Protosynthesis|[fromitem]\n|-start|p1a: Flutter Mane|protosynthesisspe\n|turn|4\n|\n|t:|1775607792\n|-terastallize|p1a: Flutter Mane|Fairy\n|move|p2a: Calyrex|Astral Barrage|p1b: Miraidon|[spread] p1a,p1b\n|-crit|p1a: Flutter Mane\n|-damage|p1a: Flutter Mane|18/100\n|-damage|p1b: Miraidon|0 fnt\n|faint|p1b: Miraidon\n|-ability|p2a: Calyrex|Grim Neigh|boost\n|-boost|p2a: Calyrex|spa|1\n|-damage|p2a: Calyrex|91/100|[from] item: Life Orb\n|move|p1a: Flutter Mane|Shadow Ball|p2a: Calyrex\n|-supereffective|p2a: Calyrex\n|-damage|p2a: Calyrex|0 fnt\n|faint|p2a: Calyrex\n|move|p2b: Tornadus|Bleakwind Storm|p1a: Flutter Mane\n|-damage|p1a: Flutter Mane|0 fnt\n|faint|p1a: Flutter Mane\n|-end|p1a: Flutter Mane|Protosynthesis|[silent]\n|\n|-sideend|p2: San gerger|move: Tailwind\n|upkeep\n|\n|t:|1775607811\n|switch|p2a: Raging Bolt|Raging Bolt, L50|100/100\n|switch|p1b: Kyogre|Kyogre, L50|100/100\n|-weather|RainDance|[from] ability: Drizzle|[of] p1b: Kyogre\n|turn|5\n|c|\u2606uhh daneooo|fuck\n|\n|t:|1775607826\n|move|p2b: Tornadus|Sunny Day|p2b: Tornadus\n|-weather|SunnyDay\n|-activate|p2a: Raging Bolt|ability: Protosynthesis\n|-start|p2a: Raging Bolt|protosynthesisspa\n|move|p2a: Raging Bolt|Thunderbolt|p1b: Kyogre\n|-supereffective|p1b: Kyogre\n|-damage|p1b: Kyogre|0 fnt\n|faint|p1b: Kyogre\n|\n|win|San gerger\n|raw|uhh daneooo's rating: 1369 &rarr; <strong>1353</strong><br />(-16 for losing)\n|raw|San gerger's rating: 1438 &rarr; <strong>1454</strong><br />(+16 for winning)\n|l|\u2606uhh daneooo\n|player|p1|\n|l|\u2606San gerger\n|player|p2|\n","uploadtime":1775608056,"views":12,"formatid":"gen9vgc2026regi","rating":1353,"private":0,"password":null}