{"id":"gen9vgc2026regi-2588042480","format":"[Gen 9] VGC 2026 Reg I","players":["pigduckeater","HelloPathfinder"],"log":"|j|\u2606pigduckeater\n|j|\u2606HelloPathfinder\n|t:|1776597073\n|gametype|doubles\n|player|p1|pigduckeater|265|1486\n|player|p2|HelloPathfinder|170|1395\n|gen|9\n|tier|[Gen 9] VGC 2026 Reg I\n|rated|\n|rule|Species Clause: Limit one of each Pok\u00e9mon\n|rule|Item Clause: Limit 1 of each item\n|clearpoke\n|poke|p1|Miraidon, L50|\n|poke|p1|Calyrex-Shadow, L50|\n|poke|p1|Illumise, L50, F|\n|poke|p1|Tsareena, L50, F|\n|poke|p1|Urshifu-*, L50, M|\n|poke|p1|Incineroar, L50, F|\n|poke|p2|Koraidon, L50|\n|poke|p2|Flutter Mane, L50|\n|poke|p2|Incineroar, L50, F|\n|poke|p2|Whimsicott, L50, M|\n|poke|p2|Amoonguss, L50, M|\n|poke|p2|Zamazenta-*, L50|\n|teampreview|4\n|inactive|Battle timer is ON: inactive players will automatically lose when time's up. (requested by HelloPathfinder)\n|\n|t:|1776597094\n|teamsize|p1|4\n|teamsize|p2|4\n|start\n|switch|p1a: Illumise|Illumise, L50, F|100/100\n|switch|p1b: Miraidon|Miraidon, L50|100/100\n|switch|p2a: Koraidon|Koraidon, L50|100/100\n|switch|p2b: Flutter Mane|Flutter Mane, L50|100/100\n|-weather|SunnyDay|[from] ability: Orichalcum Pulse|[of] p2a: Koraidon\n|-activate|p2b: Flutter Mane|ability: Protosynthesis\n|-start|p2b: Flutter Mane|protosynthesisspe\n|-activate|p2a: Koraidon|Orichalcum Pulse|[source]\n|-fieldstart|move: Electric Terrain|[from] ability: Hadron Engine|[of] p1b: Miraidon\n|-enditem|p1a: Illumise|Electric Seed\n|-boost|p1a: Illumise|def|1|[from] item: Electric Seed\n|turn|1\n|inactive|HelloPathfinder has 30 seconds left.\n|inactive|HelloPathfinder has 20 seconds left.\n|inactive|HelloPathfinder has 15 seconds left.\n|\n|t:|1776597135\n|switch|p2a: Incineroar|Incineroar, L50, F|100/100\n|-ability|p2a: Incineroar|Intimidate|boost\n|-unboost|p1a: Illumise|atk|1\n|-unboost|p1b: Miraidon|atk|1\n|move|p1b: Miraidon|Protect|p1b: Miraidon\n|-singleturn|p1b: Miraidon|Protect\n|move|p1a: Illumise|Tailwind|p1a: Illumise\n|-sidestart|p1: pigduckeater|move: Tailwind\n|move|p2b: Flutter Mane|Icy Wind|p1b: Miraidon|[spread] p1a\n|-activate|p1b: Miraidon|move: Protect\n|-damage|p1a: Illumise|85/100\n|-unboost|p1a: Illumise|spe|1\n|\n|-weather|SunnyDay|[upkeep]\n|upkeep\n|turn|2\n|\n|t:|1776597156\n|switch|p1b: Tsareena|Tsareena, L50, F|100/100\n|move|p2a: Incineroar|Fake Out||[still]\n|cant|p1b: Tsareena|ability: Queenly Majesty|Fake Out|[of] p2a: Incineroar\n|move|p1a: Illumise|Light Screen|p1a: Illumise\n|-sidestart|p1: pigduckeater|move: Light Screen\n|move|p2b: Flutter Mane|Moonblast|p1b: Tsareena\n|-damage|p1b: Tsareena|63/100\n|\n|-weather|SunnyDay|[upkeep]\n|upkeep\n|turn|3\n|\n|t:|1776597170\n|move|p1a: Illumise|Baton Pass|p1a: Illumise\n|\n|t:|1776597172\n|switch|p1a: Miraidon|Miraidon, L50|100/100|[from] Baton Pass\n|-activate|p1a: Miraidon|ability: Hadron Engine\n|move|p2b: Flutter Mane|Moonblast|p1b: Tsareena\n|-damage|p1b: Tsareena|23/100\n|move|p1b: Tsareena|Aromatic Mist|p1a: Miraidon\n|-boost|p1a: Miraidon|spd|1\n|move|p2a: Incineroar|Flare Blitz|p1a: Miraidon\n|-resisted|p1a: Miraidon\n|-damage|p1a: Miraidon|82/100\n|-damage|p2a: Incineroar|94/100|[from] Recoil\n|\n|-weather|SunnyDay|[upkeep]\n|upkeep\n|turn|4\n|inactive|HelloPathfinder has 30 seconds left.\n|\n|t:|1776597204\n|-terastallize|p1a: Miraidon|Electric\n|-terastallize|p2a: Incineroar|Grass\n|move|p2b: Flutter Mane|Protect|p2b: Flutter Mane\n|-singleturn|p2b: Flutter Mane|Protect\n|move|p1b: Tsareena|Protect|p1b: Tsareena\n|-singleturn|p1b: Tsareena|Protect\n|move|p1a: Miraidon|Parabolic Charge|p2b: Flutter Mane|[spread] p2a\n|-activate|p1b: Tsareena|move: Protect\n|-activate|p2b: Flutter Mane|move: Protect\n|-resisted|p2a: Incineroar\n|-damage|p2a: Incineroar|73/100\n|-heal|p1a: Miraidon|93/100|[from] drain|[of] p2a: Incineroar\n|-damage|p1a: Miraidon|83/100|[from] item: Life Orb\n|move|p2a: Incineroar|U-turn|p1b: Tsareena\n|-activate|p1b: Tsareena|move: Protect\n|\n|-weather|SunnyDay|[upkeep]\n|-sideend|p1: pigduckeater|move: Tailwind\n|upkeep\n|turn|5\n|inactive|pigduckeater has 30 seconds left.\n|\n|t:|1776597232\n|move|p2b: Flutter Mane|Icy Wind|p1b: Tsareena|[spread] p1a,p1b\n|-supereffective|p1b: Tsareena\n|-damage|p1a: Miraidon|77/100\n|-damage|p1b: Tsareena|0 fnt\n|-unboost|p1a: Miraidon|spe|1\n|faint|p1b: Tsareena\n|move|p2a: Incineroar|Knock Off|p1a: Miraidon\n|-damage|p1a: Miraidon|58/100\n|-enditem|p1a: Miraidon|Life Orb|[from] move: Knock Off|[of] p2a: Incineroar\n|move|p1a: Miraidon|Dragon Pulse|p2a: Incineroar\n|-damage|p2a: Incineroar|43/100\n|\n|-weather|none\n|-end|p2b: Flutter Mane|Protosynthesis\n|-fieldend|move: Electric Terrain\n|upkeep\n|\n|t:|1776597239\n|switch|p1b: Illumise|Illumise, L50, F|85/100\n|turn|6\n|\n|t:|1776597247\n|move|p1b: Illumise|Tailwind|p1b: Illumise\n|-sidestart|p1: pigduckeater|move: Tailwind\n|move|p2b: Flutter Mane|Icy Wind|p1b: Illumise|[spread] p1a,p1b\n|-damage|p1a: Miraidon|52/100\n|-damage|p1b: Illumise|74/100\n|-unboost|p1a: Miraidon|spe|1\n|-unboost|p1b: Illumise|spe|1\n|move|p1a: Miraidon|Parabolic Charge|p2b: Flutter Mane|[spread] p1b,p2a,p2b\n|-resisted|p2a: Incineroar\n|-damage|p1b: Illumise|51/100\n|-heal|p1a: Miraidon|63/100|[from] drain|[of] p1b: Illumise\n|-damage|p2a: Incineroar|34/100\n|-heal|p1a: Miraidon|67/100|[from] drain|[of] p2a: Incineroar\n|-damage|p2b: Flutter Mane|62/100\n|-heal|p1a: Miraidon|80/100|[from] drain|[of] p2b: Flutter Mane\n|move|p2a: Incineroar|U-turn|p1b: Illumise\n|-damage|p1b: Illumise|32/100\n|\n|t:|1776597266\n|switch|p2a: Zamazenta|Zamazenta-Crowned, L50|100/100|[from] U-turn\n|-ability|p2a: Zamazenta|Dauntless Shield|boost\n|-boost|p2a: Zamazenta|def|1\n|\n|-sideend|p1: pigduckeater|move: Light Screen\n|upkeep\n|turn|7\n|\n|t:|1776597275\n|move|p2a: Zamazenta|Wide Guard|p2a: Zamazenta\n|-singleturn|p2a: Zamazenta|Wide Guard\n|move|p1b: Illumise|Light Screen|p1b: Illumise\n|-sidestart|p1: pigduckeater|move: Light Screen\n|move|p2b: Flutter Mane|Moonblast|p1a: Miraidon\n|-damage|p1a: Miraidon|61/100\n|move|p1a: Miraidon|Electro Drift|p2a: Zamazenta\n|-damage|p2a: Zamazenta|51/100\n|\n|upkeep\n|turn|8\n|inactive|HelloPathfinder has 30 seconds left.\n|\n|t:|1776597301\n|move|p2a: Zamazenta|Wide Guard|p2a: Zamazenta\n|-singleturn|p2a: Zamazenta|Wide Guard\n|move|p2b: Flutter Mane|Moonblast|p1a: Miraidon\n|-damage|p1a: Miraidon|40/100\n|-unboost|p1a: Miraidon|spa|1\n|move|p1b: Illumise|Struggle Bug|p2b: Flutter Mane|[spread] \n|-activate|p2a: Zamazenta|move: Wide Guard\n|-activate|p2b: Flutter Mane|move: Wide Guard\n|move|p1a: Miraidon|Parabolic Charge|p2a: Zamazenta|[spread] p1b\n|-activate|p2a: Zamazenta|move: Wide Guard\n|-activate|p2b: Flutter Mane|move: Wide Guard\n|-damage|p1b: Illumise|17/100\n|-heal|p1a: Miraidon|47/100|[from] drain|[of] p1b: Illumise\n|\n|upkeep\n|turn|9\n|-message|pigduckeater forfeited.\n|\n|win|HelloPathfinder\n|raw|pigduckeater's rating: 1486 &rarr; <strong>1461</strong><br />(-25 for losing)\n|raw|HelloPathfinder's rating: 1395 &rarr; <strong>1420</strong><br />(+25 for winning)\n|l|\u2606pigduckeater\n|player|p1|\n|l|\u2606HelloPathfinder\n|player|p2|\n","uploadtime":1776597561,"views":7,"formatid":"gen9vgc2026regi","rating":1420,"private":0,"password":null}