{"id":"gen9vgc2026regi-2521019144","format":"[Gen 9] VGC 2026 Reg I","players":["dasabe\u76d6\u6b27\u5361\u4fa0","vincent's life"],"log":"|j|\u2606dasabe\u76d6\u6b27\u5361\u4fa0\n|j|\u2606vincent's life\n|t:|1768712739\n|gametype|doubles\n|player|p1|dasabe\u76d6\u6b27\u5361\u4fa0|may-masters4|1533\n|player|p2|vincent's life|102|1426\n|gen|9\n|tier|[Gen 9] VGC 2026 Reg I\n|rated|\n|rule|Species Clause: Limit one of each Pok\u00e9mon\n|rule|Item Clause: Limit 1 of each item\n|clearpoke\n|poke|p1|Kyogre, L50|\n|poke|p1|Miraidon, L50|\n|poke|p1|Whimsicott, L50, F|\n|poke|p1|Iron Hands, L50|\n|poke|p1|Farigiraf, L50, F|\n|poke|p1|Urshifu-*, L50, M|\n|poke|p2|Miraidon, L50|\n|poke|p2|Landorus, L50, M|\n|poke|p2|Incineroar, L50, M|\n|poke|p2|Iron Bundle, L50|\n|poke|p2|Farigiraf, L50, F|\n|poke|p2|Calyrex-Ice, L50|\n|teampreview|4\n|\n|t:|1768712770\n|teamsize|p1|4\n|teamsize|p2|4\n|start\n|switch|p1a: \u624b\u94f6|Iron Hands, L50, shiny|100/100\n|switch|p1b: \u5c0f\u5934\u63a7\u5927\u5934|Farigiraf, L50, F, shiny|100/100\n|switch|p2a: Co-Star|Miraidon, L50|100/100\n|switch|p2b: Incineroar|Incineroar, L50, M|100/100\n|-fieldstart|move: Electric Terrain|[from] ability: Hadron Engine|[of] p2a: Co-Star\n|-enditem|p1b: \u5c0f\u5934\u63a7\u5927\u5934|Electric Seed\n|-boost|p1b: \u5c0f\u5934\u63a7\u5927\u5934|def|1|[from] item: Electric Seed\n|-activate|p1a: \u624b\u94f6|ability: Quark Drive\n|-start|p1a: \u624b\u94f6|quarkdriveatk\n|-ability|p2b: Incineroar|Intimidate|boost\n|-unboost|p1a: \u624b\u94f6|atk|1\n|-unboost|p1b: \u5c0f\u5934\u63a7\u5927\u5934|atk|1\n|turn|1\n|\n|t:|1768712787\n|switch|p2b: the Manager|Farigiraf, L50, F|100/100\n|move|p1b: \u5c0f\u5934\u63a7\u5927\u5934|Helping Hand|p1a: \u624b\u94f6\n|-singleturn|p1a: \u624b\u94f6|Helping Hand|[of] p1b: \u5c0f\u5934\u63a7\u5927\u5934\n|move|p2a: Co-Star|Electro Drift|p1b: \u5c0f\u5934\u63a7\u5927\u5934\n|-damage|p1b: \u5c0f\u5934\u63a7\u5927\u5934|0 fnt\n|faint|p1b: \u5c0f\u5934\u63a7\u5927\u5934\n|move|p1a: \u624b\u94f6|Low Kick|p2b: the Manager\n|-damage|p2b: the Manager|26/100\n|\n|upkeep\n|\n|t:|1768712799\n|switch|p1b: \u94f6\u91d1\u5996\u86c7|Miraidon, L50, shiny|100/100\n|-activate|p1b: \u94f6\u91d1\u5996\u86c7|ability: Hadron Engine\n|turn|2\n|\n|t:|1768712807\n|switch|p2a: Incineroar|Incineroar, L50, M|100/100\n|-ability|p2a: Incineroar|Intimidate|boost\n|-unboost|p1a: \u624b\u94f6|atk|1\n|-unboost|p1b: \u94f6\u91d1\u5996\u86c7|atk|1\n|move|p1b: \u94f6\u91d1\u5996\u86c7|Protect|p1b: \u94f6\u91d1\u5996\u86c7\n|-singleturn|p1b: \u94f6\u91d1\u5996\u86c7|Protect\n|move|p2b: the Manager|Psychic|p1a: \u624b\u94f6\n|-supereffective|p1a: \u624b\u94f6\n|-damage|p1a: \u624b\u94f6|65/100\n|move|p1a: \u624b\u94f6|Low Kick|p2a: Incineroar\n|-supereffective|p2a: Incineroar\n|-damage|p2a: Incineroar|55/100\n|\n|upkeep\n|turn|3\n|\n|t:|1768712824\n|-end|p1a: \u624b\u94f6|Quark Drive|[silent]\n|switch|p1a: \u6210\u90fd\u8001\u76d6|Kyogre, L50, shiny|100/100\n|-weather|RainDance|[from] ability: Drizzle|[of] p1a: \u6210\u90fd\u8001\u76d6\n|move|p2a: Incineroar|Fake Out|p1a: \u6210\u90fd\u8001\u76d6\n|-damage|p1a: \u6210\u90fd\u8001\u76d6|87/100\n|move|p1b: \u94f6\u91d1\u5996\u86c7|Electro Drift|p2b: the Manager\n|-damage|p2b: the Manager|0 fnt\n|faint|p2b: the Manager\n|-damage|p1b: \u94f6\u91d1\u5996\u86c7|91/100|[from] item: Life Orb\n|\n|-weather|RainDance|[upkeep]\n|upkeep\n|\n|t:|1768712838\n|switch|p2b: Co-Star|Miraidon, L50|100/100\n|-activate|p2b: Co-Star|ability: Hadron Engine\n|turn|4\n|\n|t:|1768712852\n|switch|p1a: \u624b\u94f6|Iron Hands, L50, shiny|65/100\n|-activate|p1a: \u624b\u94f6|ability: Quark Drive\n|-start|p1a: \u624b\u94f6|quarkdriveatk\n|-terastallize|p1b: \u94f6\u91d1\u5996\u86c7|Fairy\n|move|p2b: Co-Star|Dazzling Gleam|p1a: \u624b\u94f6|[spread] p1a,p1b\n|-supereffective|p1a: \u624b\u94f6\n|-damage|p1a: \u624b\u94f6|24/100\n|-damage|p1b: \u94f6\u91d1\u5996\u86c7|58/100\n|move|p1b: \u94f6\u91d1\u5996\u86c7|Dazzling Gleam|p2b: Co-Star|[spread] p2a,p2b\n|-supereffective|p2b: Co-Star\n|-damage|p2a: Incineroar|20/100\n|-damage|p2b: Co-Star|0 fnt\n|faint|p2b: Co-Star\n|-damage|p1b: \u94f6\u91d1\u5996\u86c7|48/100|[from] item: Life Orb\n|move|p2a: Incineroar|U-turn|p1b: \u94f6\u91d1\u5996\u86c7\n|-resisted|p1b: \u94f6\u91d1\u5996\u86c7\n|-damage|p1b: \u94f6\u91d1\u5996\u86c7|38/100\n|\n|t:|1768712862\n|switch|p2a: the Star|Iron Bundle, L50|100/100|[from] U-turn\n|-activate|p2a: the Star|ability: Quark Drive\n|-start|p2a: the Star|quarkdrivespe\n|\n|-weather|RainDance|[upkeep]\n|upkeep\n|\n|t:|1768712863\n|switch|p2b: Incineroar|Incineroar, L50, M|20/100\n|-ability|p2b: Incineroar|Intimidate|boost\n|-unboost|p1a: \u624b\u94f6|atk|1\n|-unboost|p1b: \u94f6\u91d1\u5996\u86c7|atk|1\n|turn|5\n|\n|t:|1768712879\n|-end|p1a: \u624b\u94f6|Quark Drive|[silent]\n|switch|p1a: \u6210\u90fd\u8001\u76d6|Kyogre, L50, shiny|87/100\n|move|p2b: Incineroar|Fake Out|p1a: \u6210\u90fd\u8001\u76d6\n|-damage|p1a: \u6210\u90fd\u8001\u76d6|75/100\n|move|p2a: the Star|Freeze-Dry|p1a: \u6210\u90fd\u8001\u76d6\n|-supereffective|p1a: \u6210\u90fd\u8001\u76d6\n|-damage|p1a: \u6210\u90fd\u8001\u76d6|17/100\n|move|p1b: \u94f6\u91d1\u5996\u86c7|Dazzling Gleam|p2a: the Star|[spread] p2a,p2b\n|-enditem|p2a: the Star|Focus Sash\n|-damage|p2a: the Star|1/100\n|-damage|p2b: Incineroar|0 fnt\n|faint|p2b: Incineroar\n|-damage|p1b: \u94f6\u91d1\u5996\u86c7|28/100|[from] item: Life Orb\n|\n|-weather|RainDance|[upkeep]\n|-fieldend|move: Electric Terrain\n|-end|p2a: the Star|Quark Drive\n|upkeep\n|turn|6\n|\n|t:|1768712892\n|move|p1b: \u94f6\u91d1\u5996\u86c7|Protect|p1b: \u94f6\u91d1\u5996\u86c7\n|-singleturn|p1b: \u94f6\u91d1\u5996\u86c7|Protect\n|move|p2a: the Star|Icy Wind|p1a: \u6210\u90fd\u8001\u76d6|[spread] p1a\n|-activate|p1b: \u94f6\u91d1\u5996\u86c7|move: Protect\n|-resisted|p1a: \u6210\u90fd\u8001\u76d6\n|-damage|p1a: \u6210\u90fd\u8001\u76d6|9/100\n|-unboost|p1a: \u6210\u90fd\u8001\u76d6|spe|1\n|move|p1a: \u6210\u90fd\u8001\u76d6|Origin Pulse|p2a: the Star\n|-resisted|p2a: the Star\n|-crit|p2a: the Star\n|-damage|p2a: the Star|0 fnt\n|faint|p2a: the Star\n|-end|p2a: the Star|Quark Drive|[silent]\n|\n|win|dasabe\u76d6\u6b27\u5361\u4fa0\n|raw|dasabe\u76d6\u6b27\u5361\u4fa0's rating: 1533 &rarr; <strong>1547</strong><br />(+14 for winning)\n|raw|vincent&apos;s life's rating: 1426 &rarr; <strong>1412</strong><br />(-14 for losing)\n|l|\u2606dasabe\u76d6\u6b27\u5361\u4fa0\n|player|p1|\n","uploadtime":1768713099,"views":22,"formatid":"gen9vgc2026regi","rating":1412,"private":0,"password":null}