{"id":"gen9vgc2026regi-2570024719","format":"[Gen 9] VGC 2026 Reg I","players":["pigs2fly","soten soten"],"log":"|j|\u2606pigs2fly\n|j|\u2606soten soten\n|t:|1774758141\n|gametype|doubles\n|player|p1|pigs2fly|dexio|1651\n|player|p2|soten soten|hilbert|1609\n|gen|9\n|tier|[Gen 9] VGC 2026 Reg I\n|rated|\n|rule|Species Clause: Limit one of each Pok\u00e9mon\n|rule|Item Clause: Limit 1 of each item\n|clearpoke\n|poke|p1|Annihilape, L50, M|\n|poke|p1|Tornadus, L50, M|\n|poke|p1|Dondozo, L50, M|\n|poke|p1|Tatsugiri, L50, F|\n|poke|p1|Zacian-*, L50|\n|poke|p1|Kyogre, L50|\n|poke|p2|Ho-Oh, L50|\n|poke|p2|Eternatus, L50|\n|poke|p2|Incineroar, L50, F|\n|poke|p2|Rillaboom, L50, F|\n|poke|p2|Toxapex, L50, F|\n|poke|p2|Ting-Lu, L50|\n|teampreview|4\n|inactive|Battle timer is ON: inactive players will automatically lose when time's up. (requested by soten soten)\n|\n|t:|1774758163\n|teamsize|p1|4\n|teamsize|p2|4\n|start\n|switch|p1a: Zacian|Zacian-Crowned, L50, shiny|100/100\n|switch|p1b: Annihilape|Annihilape, L50, M|100/100\n|switch|p2a: Eternatus|Eternatus, L50|100/100\n|switch|p2b: Toxapex|Toxapex, L50, F|100/100\n|-ability|p1a: Zacian|Intrepid Sword|boost\n|-boost|p1a: Zacian|atk|1\n|-ability|p2a: Eternatus|Pressure\n|turn|1\n|\n|t:|1774758176\n|move|p2a: Eternatus|Protect|p2a: Eternatus\n|-singleturn|p2a: Eternatus|Protect\n|move|p1b: Annihilape|Final Gambit|p2b: Toxapex\n|-damage|p2b: Toxapex|0 fnt\n|faint|p1b: Annihilape\n|faint|p2b: Toxapex\n|move|p1a: Zacian|Behemoth Blade|p2a: Eternatus\n|-activate|p2a: Eternatus|move: Protect\n|\n|upkeep\n|\n|t:|1774758178\n|switch|p1b: Dondozo|Dondozo, L50, M|100/100\n|switch|p2b: Incineroar|Incineroar, L50, F|100/100\n|-ability|p2b: Incineroar|Intimidate|boost\n|-unboost|p1a: Zacian|atk|1\n|-unboost|p1b: Dondozo|atk|1\n|turn|2\n|\n|t:|1774758192\n|switch|p2b: Ho-Oh|Ho-Oh, L50|100/100\n|move|p1b: Dondozo|Protect|p1b: Dondozo\n|-singleturn|p1b: Dondozo|Protect\n|move|p1a: Zacian|Play Rough|p2b: Ho-Oh\n|-resisted|p2b: Ho-Oh\n|-crit|p2b: Ho-Oh\n|-damage|p2b: Ho-Oh|72/100\n|-damage|p1a: Zacian|84/100|[from] item: Rocky Helmet|[of] p2b: Ho-Oh\n|move|p2a: Eternatus|Substitute|p2a: Eternatus\n|-start|p2a: Eternatus|Substitute\n|-damage|p2a: Eternatus|76/100\n|\n|-heal|p2a: Eternatus|82/100|[from] item: Black Sludge\n|upkeep\n|turn|3\n|\n|t:|1774758207\n|switch|p1a: Tatsugiri|Tatsugiri, L50, F|100/100\n|-activate|p1a: Tatsugiri|ability: Commander|[of] p1b: Dondozo\n|-boost|p1b: Dondozo|atk|2\n|-boost|p1b: Dondozo|spa|2\n|-boost|p1b: Dondozo|spe|2\n|-boost|p1b: Dondozo|def|2\n|-boost|p1b: Dondozo|spd|2\n|switch|p2b: Incineroar|Incineroar, L50, F|100/100\n|-ability|p2b: Incineroar|Intimidate|boost\n|-unboost|p1a: Tatsugiri|atk|1\n|-unboost|p1b: Dondozo|atk|1\n|move|p2a: Eternatus|Toxic|p1b: Dondozo\n|-status|p1b: Dondozo|tox\n|move|p1b: Dondozo|Order Up|p2b: Incineroar\n|-damage|p2b: Incineroar|80/100\n|-boost|p1b: Dondozo|atk|1\n|\n|-heal|p2a: Eternatus|88/100|[from] item: Black Sludge\n|-damage|p1b: Dondozo|94/100 tox|[from] psn\n|upkeep\n|turn|4\n|\n|t:|1774758221\n|switch|p2b: Ho-Oh|Ho-Oh, L50|100/100\n|move|p2a: Eternatus|Substitute|p2a: Eternatus\n|-fail|p2a: Eternatus|move: Substitute\n|move|p1b: Dondozo|Earthquake|p2a: Eternatus|[spread] p2a\n|-miss|p1b: Dondozo|p1a: Tatsugiri\n|-immune|p2b: Ho-Oh\n|-supereffective|p2a: Eternatus\n|-end|p2a: Eternatus|Substitute\n|\n|-heal|p2a: Eternatus|94/100|[from] item: Black Sludge\n|-heal|p1b: Dondozo|100/100 tox|[from] item: Leftovers\n|-damage|p1b: Dondozo|88/100 tox|[from] psn\n|upkeep\n|turn|5\n|\n|t:|1774758237\n|move|p2b: Ho-Oh|Protect|p2b: Ho-Oh\n|-singleturn|p2b: Ho-Oh|Protect\n|move|p2a: Eternatus|Substitute|p2a: Eternatus\n|-start|p2a: Eternatus|Substitute\n|-damage|p2a: Eternatus|69/100\n|move|p1b: Dondozo|Earthquake|p2b: Ho-Oh|[spread] p2a\n|-miss|p1b: Dondozo|p1a: Tatsugiri\n|-activate|p2b: Ho-Oh|move: Protect\n|-supereffective|p2a: Eternatus\n|-end|p2a: Eternatus|Substitute\n|\n|-heal|p2a: Eternatus|75/100|[from] item: Black Sludge\n|-heal|p1b: Dondozo|94/100 tox|[from] item: Leftovers\n|-damage|p1b: Dondozo|75/100 tox|[from] psn\n|upkeep\n|turn|6\n|\n|t:|1774758246\n|switch|p2a: Incineroar|Incineroar, L50, F|80/100\n|-ability|p2a: Incineroar|Intimidate|boost\n|-unboost|p1a: Tatsugiri|atk|1\n|-unboost|p1b: Dondozo|atk|1\n|move|p1b: Dondozo|Order Up|p2a: Incineroar\n|-damage|p2a: Incineroar|61/100\n|-boost|p1b: Dondozo|atk|1\n|move|p2b: Ho-Oh|Life Dew||[still]|[spread] p2a,p2b\n|-heal|p2a: Incineroar|86/100\n|-fail|p2b: Ho-Oh|heal\n|\n|-heal|p1b: Dondozo|82/100 tox|[from] item: Leftovers\n|-damage|p1b: Dondozo|57/100 tox|[from] psn\n|upkeep\n|turn|7\n|\n|t:|1774758251\n|switch|p2b: Eternatus|Eternatus, L50|75/100\n|-ability|p2b: Eternatus|Pressure\n|move|p2a: Incineroar|Fake Out|p1b: Dondozo\n|-damage|p1b: Dondozo|53/100 tox\n|cant|p1b: Dondozo|flinch\n|\n|-heal|p2b: Eternatus|81/100|[from] item: Black Sludge\n|-heal|p1b: Dondozo|60/100 tox|[from] item: Leftovers\n|-damage|p1b: Dondozo|28/100 tox|[from] psn\n|upkeep\n|turn|8\n|\n|t:|1774758257\n|switch|p2a: Ho-Oh|Ho-Oh, L50|100/100\n|move|p2b: Eternatus|Substitute|p2b: Eternatus\n|-start|p2b: Eternatus|Substitute\n|-damage|p2b: Eternatus|57/100\n|move|p1b: Dondozo|Earthquake|p2b: Eternatus|[spread] p2b\n|-miss|p1b: Dondozo|p1a: Tatsugiri\n|-immune|p2a: Ho-Oh\n|-supereffective|p2b: Eternatus\n|-end|p2b: Eternatus|Substitute\n|\n|-heal|p2b: Eternatus|63/100|[from] item: Black Sludge\n|-heal|p1b: Dondozo|35/100 tox|[from] item: Leftovers\n|-damage|p1b: Dondozo|0 fnt|[from] psn\n|faint|p1b: Dondozo\n|upkeep\n|\n|t:|1774758259\n|switch|p1b: Zacian|Zacian-Crowned, L50, shiny|84/100\n|turn|9\n|\n|t:|1774758279\n|switch|p2a: Incineroar|Incineroar, L50, F|86/100\n|-ability|p2a: Incineroar|Intimidate|boost\n|-unboost|p1a: Tatsugiri|atk|1\n|-unboost|p1b: Zacian|atk|1\n|-terastallize|p1b: Zacian|Fairy\n|move|p1b: Zacian|Play Rough|p2b: Eternatus|[miss]\n|-miss|p1b: Zacian|p2b: Eternatus\n|move|p2b: Eternatus|Dynamax Cannon|p1a: Tatsugiri\n|-supereffective|p1a: Tatsugiri\n|-enditem|p1a: Tatsugiri|Focus Sash\n|-damage|p1a: Tatsugiri|1/100\n|move|p1a: Tatsugiri|Muddy Water|p2a: Incineroar|[spread] \n|-miss|p1a: Tatsugiri|p2a: Incineroar\n|-miss|p1a: Tatsugiri|p2b: Eternatus\n|\n|-heal|p2b: Eternatus|69/100|[from] item: Black Sludge\n|upkeep\n|turn|10\n|\n|t:|1774758289\n|move|p1a: Tatsugiri|Protect|p1a: Tatsugiri\n|-singleturn|p1a: Tatsugiri|Protect\n|move|p2a: Incineroar|Fake Out|p1a: Tatsugiri\n|-activate|p1a: Tatsugiri|move: Protect\n|move|p1b: Zacian|Behemoth Blade|p2b: Eternatus\n|-damage|p2b: Eternatus|45/100\n|move|p2b: Eternatus|Toxic|p1b: Zacian\n|-status|p1b: Zacian|tox\n|\n|-heal|p2b: Eternatus|51/100|[from] item: Black Sludge\n|-damage|p1b: Zacian|78/100 tox|[from] psn\n|upkeep\n|turn|11\n|\n|t:|1774758302\n|move|p1b: Zacian|Behemoth Blade|p2b: Eternatus\n|-damage|p2b: Eternatus|27/100\n|move|p2b: Eternatus|Dynamax Cannon|p1a: Tatsugiri\n|-supereffective|p1a: Tatsugiri\n|-damage|p1a: Tatsugiri|0 fnt\n|faint|p1a: Tatsugiri\n|move|p2a: Incineroar|Parting Shot|p1b: Zacian\n|-unboost|p1b: Zacian|atk|1\n|-unboost|p1b: Zacian|spa|1\n|\n|t:|1774758304\n|switch|p2a: Ho-Oh|Ho-Oh, L50|100/100|[from] Parting Shot\n|\n|-heal|p2b: Eternatus|33/100|[from] item: Black Sludge\n|-damage|p1b: Zacian|66/100 tox|[from] psn\n|upkeep\n|turn|12\n|-message|pigs2fly forfeited.\n|\n|win|soten soten\n|raw|pigs2fly's rating: 1651 &rarr; <strong>1629</strong><br />(-22 for losing)\n|raw|soten soten's rating: 1609 &rarr; <strong>1631</strong><br />(+22 for winning)\n|l|\u2606pigs2fly\n|player|p1|\n|l|\u2606soten soten\n|player|p2|\n","uploadtime":1774758464,"views":68,"formatid":"gen9vgc2026regi","rating":1629,"private":0,"password":null}