{"id":"gen9vgc2026regi-2562527778","format":"[Gen 9] VGC 2026 Reg I","players":["SycrasisEU","flutermaneenjoyer$"],"log":"|j|\u2606SycrasisEU\n|j|\u2606flutermaneenjoyer$\n|t:|1773927355\n|gametype|doubles\n|player|p1|SycrasisEU|pryce|1284\n|player|p2|flutermaneenjoyer$|cynthia-gen4|1305\n|gen|9\n|tier|[Gen 9] VGC 2026 Reg I\n|rated|\n|rule|Species Clause: Limit one of each Pok\u00e9mon\n|rule|Item Clause: Limit 1 of each item\n|clearpoke\n|poke|p1|Koraidon, L50|\n|poke|p1|Incineroar, L50, M|\n|poke|p1|Miraidon, L50|\n|poke|p1|Sneasler, L50, F|\n|poke|p1|Whimsicott, L50, M|\n|poke|p1|Flutter Mane, L50|\n|poke|p2|Kyurem-White, L50|\n|poke|p2|Zamazenta-*, L50|\n|poke|p2|Urshifu-*, L50, M|\n|poke|p2|Chien-Pao, L50|\n|poke|p2|Whimsicott, L50, F|\n|poke|p2|Arcanine-Hisui, L50, F|\n|teampreview|4\n|inactive|Battle timer is ON: inactive players will automatically lose when time's up. (requested by flutermaneenjoyer$)\nSycrasisEU has agreed to open team sheets.\n|inactive|SycrasisEU has 60 seconds left.\n|inactive|flutermaneenjoyer$ has 60 seconds left.\n|\n|t:|1773927402\n|teamsize|p1|4\n|teamsize|p2|4\n|start\n|switch|p1a: Flutter Mane|Flutter Mane, L50|100/100\n|switch|p1b: Koraidon|Koraidon, L50|100/100\n|switch|p2a: Whimsicott|Whimsicott, L50, F|100/100\n|switch|p2b: Kyurem|Kyurem-White, L50|100/100\n|-ability|p2b: Kyurem|Turboblaze\n|-weather|SunnyDay|[from] ability: Orichalcum Pulse|[of] p1b: Koraidon\n|-activate|p1a: Flutter Mane|ability: Protosynthesis\n|-start|p1a: Flutter Mane|protosynthesisspe\n|-activate|p1b: Koraidon|Orichalcum Pulse|[source]\n|turn|1\n|inactive|SycrasisEU has 30 seconds left.\n|inactive|SycrasisEU has 20 seconds left.\n|inactive|SycrasisEU has 15 seconds left.\n|inactive|SycrasisEU has 10 seconds left.\n|inactive|SycrasisEU has 5 seconds left.\n|\n|t:|1773927455\n|-terastallize|p2b: Kyurem|Fire\n|-terastallize|p1b: Koraidon|Fire\n|move|p2a: Whimsicott|Tailwind|p2a: Whimsicott\n|-sidestart|p2: flutermaneenjoyer$|move: Tailwind\n|move|p2b: Kyurem|Ice Beam|p1b: Koraidon\n|-resisted|p1b: Koraidon\n|-damage|p1b: Koraidon|72/100\n|move|p1a: Flutter Mane|Dazzling Gleam|p2b: Kyurem|[spread] p2a,p2b\n|-resisted|p2b: Kyurem\n|-damage|p2a: Whimsicott|60/100\n|-damage|p2b: Kyurem|85/100\n|move|p1b: Koraidon|Flare Blitz|p2a: Whimsicott\n|-supereffective|p2a: Whimsicott\n|-damage|p2a: Whimsicott|0 fnt\n|-damage|p1b: Koraidon|55/100|[from] item: Rocky Helmet|[of] p2a: Whimsicott\n|faint|p2a: Whimsicott\n|-damage|p1b: Koraidon|36/100|[from] Recoil\n|\n|-weather|SunnyDay|[upkeep]\n|upkeep\n|\n|t:|1773927473\n|switch|p2a: Chien-Pao|Chien-Pao, L50|100/100\n|-ability|p2a: Chien-Pao|Sword of Ruin\n|turn|2\n|\n|t:|1773927484\n|switch|p1b: Miraidon|Miraidon, L50|100/100\n|-fieldstart|move: Electric Terrain|[from] ability: Hadron Engine|[of] p1b: Miraidon\n|move|p2b: Kyurem|Ice Beam|p1a: Flutter Mane\n|-damage|p1a: Flutter Mane|37/100\n|move|p2a: Chien-Pao|Crunch|p1b: Miraidon\n|-damage|p1b: Miraidon|47/100\n|move|p1a: Flutter Mane|Dazzling Gleam|p2a: Chien-Pao|[spread] p2a,p2b\n|-supereffective|p2a: Chien-Pao\n|-resisted|p2b: Kyurem\n|-enditem|p2a: Chien-Pao|Focus Sash\n|-damage|p2a: Chien-Pao|1/100\n|-damage|p2b: Kyurem|71/100\n|\n|-weather|SunnyDay|[upkeep]\n|upkeep\n|turn|3\n|inactive|SycrasisEU has 30 seconds left.\n|\n|t:|1773927514\n|move|p1a: Flutter Mane|Protect|p1a: Flutter Mane\n|-singleturn|p1a: Flutter Mane|Protect\n|move|p2b: Kyurem|Ice Beam|p1a: Flutter Mane\n|-activate|p1a: Flutter Mane|move: Protect\n|move|p2a: Chien-Pao|Icicle Crash|p1b: Miraidon\n|-supereffective|p1b: Miraidon\n|-crit|p1b: Miraidon\n|-damage|p1b: Miraidon|0 fnt\n|faint|p1b: Miraidon\n|\n|-weather|SunnyDay|[upkeep]\n|upkeep\n|\n|t:|1773927519\n|switch|p1b: Sneasler|Sneasler, L50, F|100/100\n|-enditem|p1b: Sneasler|Electric Seed\n|-boost|p1b: Sneasler|def|1|[from] item: Electric Seed\n|turn|4\n|inactive|SycrasisEU has 30 seconds left.\n|inactive|SycrasisEU has 20 seconds left.\n|inactive|SycrasisEU has 15 seconds left.\n|inactive|SycrasisEU has 10 seconds left.\n|inactive|SycrasisEU has 5 seconds left.\n|\n|t:|1773927574\n|move|p2b: Kyurem|Ice Beam|p1b: Sneasler\n|-damage|p1b: Sneasler|23/100\n|move|p2a: Chien-Pao|Icicle Crash|p1a: Flutter Mane\n|-damage|p1a: Flutter Mane|0 fnt\n|faint|p1a: Flutter Mane\n|-end|p1a: Flutter Mane|Protosynthesis|[silent]\n|move|p1b: Sneasler|Throat Chop|p2b: Kyurem\n|-damage|p2b: Kyurem|30/100\n|-start|p2b: Kyurem|Throat Chop|[silent]\n|\n|-weather|SunnyDay|[upkeep]\n|-sideend|p2: flutermaneenjoyer$|move: Tailwind\n|upkeep\n|inactive|SycrasisEU has 30 seconds left.\n|inactive|SycrasisEU has 20 seconds left.\n|inactive|SycrasisEU has 15 seconds left.\n|inactive|SycrasisEU has 10 seconds left.\n|inactive|SycrasisEU has 5 seconds left.\n|\n|t:|1773927629\n|switch|p1a: Koraidon|Koraidon, L50, tera:Fire|36/100\n|-activate|p1a: Koraidon|ability: Orichalcum Pulse\n|turn|5\n|inactive|SycrasisEU has 30 seconds left.\n|inactive|SycrasisEU has 20 seconds left.\n|inactive|SycrasisEU has 15 seconds left.\n|inactive|SycrasisEU has 10 seconds left.\n|inactive|SycrasisEU has 5 seconds left.\n|\n|t:|1773927684\n|switch|p2b: Zamazenta|Zamazenta-Crowned, L50|100/100\n|-ability|p2b: Zamazenta|Dauntless Shield|boost\n|-boost|p2b: Zamazenta|def|1\n|move|p1b: Sneasler|Throat Chop|p2b: Zamazenta\n|-resisted|p2b: Zamazenta\n|-damage|p2b: Zamazenta|92/100\n|-start|p2b: Zamazenta|Throat Chop|[silent]\n|move|p2a: Chien-Pao|Crunch|p1a: Koraidon\n|-damage|p1a: Koraidon|0 fnt\n|faint|p1a: Koraidon\n|\n|-weather|none\n|upkeep\n|turn|6\n|-message|SycrasisEU forfeited.\n|\n|win|flutermaneenjoyer$\n|raw|SycrasisEU's rating: 1284 &rarr; <strong>1261</strong><br />(-23 for losing)\n|raw|flutermaneenjoyer$'s rating: 1305 &rarr; <strong>1324</strong><br />(+19 for winning)\n|l|\u2606SycrasisEU\n|player|p1|\n|l|\u2606flutermaneenjoyer$\n|player|p2|\n","uploadtime":1773927916,"views":10,"formatid":"gen9vgc2026regi","rating":1261,"private":0,"password":null}