{"id":"gen9vgc2026regi-2569364704","format":"[Gen 9] VGC 2026 Reg I","players":["testhan92","13579HXM"],"log":"|j|\u2606testhan92\n|j|\u260613579HXM\n|t:|1774681306\n|gametype|doubles\n|player|p1|testhan92|2|1432\n|player|p2|13579HXM|dawn|1442\n|gen|9\n|tier|[Gen 9] VGC 2026 Reg I\n|rated|\n|rule|Species Clause: Limit one of each Pok\u00e9mon\n|rule|Item Clause: Limit 1 of each item\n|clearpoke\n|poke|p1|Lunala, L50|\n|poke|p1|Incineroar, L50, F|\n|poke|p1|Amoonguss, L50, F|\n|poke|p1|Ursaluna, L50, M|\n|poke|p1|Flutter Mane, L50|\n|poke|p1|Koraidon, L50|\n|poke|p2|Incineroar, L50, F|\n|poke|p2|Miraidon, L50|\n|poke|p2|Urshifu-*, L50, F|\n|poke|p2|Lunala, L50|\n|poke|p2|Whimsicott, L50, F|\n|poke|p2|Ursaluna, L50, F|\n|teampreview|4\n|\n|t:|1774681345\n|teamsize|p1|4\n|teamsize|p2|4\n|start\n|switch|p1a: Incineroar|Incineroar, L50, F|100/100\n|switch|p1b: Koraidon|Koraidon, L50|100/100\n|switch|p2a: Miraidon|Miraidon, L50|100/100\n|switch|p2b: Lunala|Lunala, L50|100/100\n|-weather|SunnyDay|[from] ability: Orichalcum Pulse|[of] p1b: Koraidon\n|-activate|p1b: Koraidon|Orichalcum Pulse|[source]\n|-fieldstart|move: Electric Terrain|[from] ability: Hadron Engine|[of] p2a: Miraidon\n|-enditem|p2b: Lunala|Electric Seed\n|-boost|p2b: Lunala|def|1|[from] item: Electric Seed\n|-ability|p1a: Incineroar|Intimidate|boost\n|-unboost|p2a: Miraidon|atk|1\n|-unboost|p2b: Lunala|atk|1\n|turn|1\n|inactive|Battle timer is ON: inactive players will automatically lose when time's up. (requested by testhan92)\n|\n|t:|1774681369\n|-terastallize|p1b: Koraidon|Fire\n|move|p2a: Miraidon|Protect|p2a: Miraidon\n|-singleturn|p2a: Miraidon|Protect\n|move|p1a: Incineroar|Fake Out|p2a: Miraidon\n|-activate|p2a: Miraidon|move: Protect\n|move|p1b: Koraidon|Close Combat|p2a: Miraidon\n|-activate|p2a: Miraidon|move: Protect\n|move|p2b: Lunala|Moongeist Beam|p1b: Koraidon\n|-damage|p1b: Koraidon|44/100\n|\n|-weather|SunnyDay|[upkeep]\n|upkeep\n|turn|2\n|inactive|13579HXM has 30 seconds left.\n|\n|t:|1774681396\n|switch|p2b: Incineroar|Incineroar, L50, F|100/100\n|-ability|p2b: Incineroar|Intimidate|boost\n|-unboost|p1a: Incineroar|atk|1\n|-unboost|p1b: Koraidon|atk|1\n|move|p1b: Koraidon|Close Combat|p2a: Miraidon\n|-damage|p2a: Miraidon|23/100\n|-unboost|p1b: Koraidon|def|1\n|-unboost|p1b: Koraidon|spd|1\n|-damage|p1b: Koraidon|35/100|[from] item: Life Orb\n|move|p2a: Miraidon|Volt Switch|p1b: Koraidon\n|-damage|p1b: Koraidon|0 fnt\n|faint|p1b: Koraidon\n|-damage|p2a: Miraidon|13/100|[from] item: Life Orb\n|\n|t:|1774681415\n|switch|p2a: Urshifu|Urshifu, L50, F|100/100|[from] Volt Switch\n|move|p1a: Incineroar|Parting Shot|p2a: Urshifu\n|-unboost|p2a: Urshifu|atk|1\n|-unboost|p2a: Urshifu|spa|1\n|\n|t:|1774681423\n|switch|p1a: Flutter Mane|Flutter Mane, L50|100/100|[from] Parting Shot\n|-activate|p1a: Flutter Mane|ability: Protosynthesis\n|-start|p1a: Flutter Mane|protosynthesisspe\n|\n|-weather|SunnyDay|[upkeep]\n|upkeep\n|\n|t:|1774681430\n|switch|p1b: Incineroar|Incineroar, L50, F|100/100\n|-ability|p1b: Incineroar|Intimidate|boost\n|-unboost|p2a: Urshifu|atk|1\n|-unboost|p2b: Incineroar|atk|1\n|turn|3\n|inactive|13579HXM has 30 seconds left.\n|\n|t:|1774681461\n|switch|p2a: Lunala|Lunala, L50|100/100\n|move|p2b: Incineroar|Fake Out|p1b: Incineroar\n|-damage|p1b: Incineroar|94/100\n|cant|p1b: Incineroar|flinch\n|move|p1a: Flutter Mane|Moonblast|p2a: Lunala\n|-damage|p2a: Lunala|85/100\n|-unboost|p2a: Lunala|spa|1\n|\n|-weather|SunnyDay|[upkeep]\n|upkeep\n|turn|4\n|inactive|testhan92 has 30 seconds left.\n|\n|t:|1774681487\n|-terastallize|p2a: Lunala|Fairy\n|move|p1a: Flutter Mane|Protect|p1a: Flutter Mane\n|-singleturn|p1a: Flutter Mane|Protect\n|move|p2a: Lunala|Moongeist Beam|p1a: Flutter Mane\n|-activate|p1a: Flutter Mane|move: Protect\n|move|p2b: Incineroar|Knock Off|p1a: Flutter Mane\n|-activate|p1a: Flutter Mane|move: Protect\n|move|p1b: Incineroar|Flare Blitz|p2a: Lunala\n|-damage|p2a: Lunala|34/100\n|-status|p2a: Lunala|brn\n|-damage|p1b: Incineroar|74/100|[from] Recoil\n|\n|-weather|SunnyDay|[upkeep]\n|-damage|p2a: Lunala|28/100 brn|[from] brn\n|upkeep\n|turn|5\n|inactive|testhan92 has 30 seconds left.\n|inactive|13579HXM has 30 seconds left.\n|inactive|13579HXM has 20 seconds left.\n|\n|t:|1774681524\n|move|p1a: Flutter Mane|Moonblast|p2a: Lunala\n|-damage|p2a: Lunala|0 fnt\n|faint|p2a: Lunala\n|move|p2b: Incineroar|Knock Off|p1a: Flutter Mane\n|-damage|p1a: Flutter Mane|47/100\n|-enditem|p1a: Flutter Mane|Focus Sash|[from] move: Knock Off|[of] p2b: Incineroar\n|move|p1b: Incineroar|Parting Shot|p2b: Incineroar\n|-unboost|p2b: Incineroar|atk|1\n|-unboost|p2b: Incineroar|spa|1\n|\n|t:|1774681534\n|switch|p1b: Lunala|Lunala, L50|100/100|[from] Parting Shot\n|\n|-weather|none\n|-end|p1a: Flutter Mane|Protosynthesis\n|-fieldend|move: Electric Terrain\n|upkeep\n|\n|t:|1774681554\n|switch|p2a: Miraidon|Miraidon, L50|13/100\n|-fieldstart|move: Electric Terrain|[from] ability: Hadron Engine|[of] p2a: Miraidon\n|turn|6\n|inactive|testhan92 has 30 seconds left.\n|\n|t:|1774681587\n|switch|p1b: Incineroar|Incineroar, L50, F|74/100\n|-ability|p1b: Incineroar|Intimidate|boost\n|-unboost|p2a: Miraidon|atk|1\n|-unboost|p2b: Incineroar|atk|1\n|move|p2a: Miraidon|Protect|p2a: Miraidon\n|-singleturn|p2a: Miraidon|Protect\n|move|p1a: Flutter Mane|Moonblast|p2a: Miraidon\n|-activate|p2a: Miraidon|move: Protect\n|move|p2b: Incineroar|U-turn|p1b: Incineroar\n|-damage|p1b: Incineroar|67/100\n|\n|t:|1774681603\n|switch|p2b: Urshifu|Urshifu, L50, F|100/100|[from] U-turn\n|\n|upkeep\n|turn|7\n|\n|t:|1774681624\n|move|p1b: Incineroar|Fake Out|p2b: Urshifu\n|-damage|p2b: Urshifu|90/100\n|cant|p2b: Urshifu|flinch\n|move|p1a: Flutter Mane|Moonblast|p2a: Miraidon\n|-supereffective|p2a: Miraidon\n|-damage|p2a: Miraidon|0 fnt\n|faint|p2a: Miraidon\n|\n|upkeep\n|\n|t:|1774681634\n|switch|p2a: Incineroar|Incineroar, L50, F|100/100\n|-ability|p2a: Incineroar|Intimidate|boost\n|-unboost|p1a: Flutter Mane|atk|1\n|-unboost|p1b: Incineroar|atk|1\n|turn|8\n|\n|t:|1774681655\n|switch|p1b: Lunala|Lunala, L50|100/100\n|move|p1a: Flutter Mane|Protect|p1a: Flutter Mane\n|-singleturn|p1a: Flutter Mane|Protect\n|move|p2a: Incineroar|Fake Out|p1b: Lunala\n|-immune|p1b: Lunala\n|move|p2b: Urshifu|Wicked Blow|p1a: Flutter Mane\n|-crit|p1a: Flutter Mane\n|-damage|p1a: Flutter Mane|0 fnt\n|faint|p1a: Flutter Mane\n|-end|p1a: Flutter Mane|Protosynthesis|[silent]\n|\n|upkeep\n|\n|t:|1774681668\n|switch|p1a: Incineroar|Incineroar, L50, F|67/100\n|-ability|p1a: Incineroar|Intimidate|boost\n|-unboost|p2a: Incineroar|atk|1\n|-unboost|p2b: Urshifu|atk|1\n|turn|9\n|inactive|13579HXM has 30 seconds left.\n|\n|t:|1774681701\n|move|p1a: Incineroar|Fake Out|p2b: Urshifu\n|-damage|p2b: Urshifu|81/100\n|cant|p2b: Urshifu|flinch\n|move|p1b: Lunala|Moonblast|p2b: Urshifu\n|-supereffective|p2b: Urshifu\n|-damage|p2b: Urshifu|0 fnt\n|faint|p2b: Urshifu\n|move|p2a: Incineroar|Knock Off|p1a: Incineroar\n|-resisted|p1a: Incineroar\n|-damage|p1a: Incineroar|54/100\n|-enditem|p1a: Incineroar|Safety Goggles|[from] move: Knock Off|[of] p2a: Incineroar\n|\n|upkeep\n|turn|10\n|\n|t:|1774681719\n|move|p1b: Lunala|Moonblast|p2a: Incineroar\n|-damage|p2a: Incineroar|82/100\n|move|p2a: Incineroar|Knock Off|p1b: Lunala\n|-supereffective|p1b: Lunala\n|-damage|p1b: Lunala|57/100\n|-enditem|p1b: Lunala|Covert Cloak|[from] move: Knock Off|[of] p2a: Incineroar\n|move|p1a: Incineroar|Parting Shot|p2a: Incineroar\n|-unboost|p2a: Incineroar|atk|1\n|-unboost|p2a: Incineroar|spa|1\n|\n|-fieldend|move: Electric Terrain\n|upkeep\n|turn|11\n|\n|t:|1774681734\n|move|p1b: Lunala|Moonblast|p2a: Incineroar\n|-damage|p2a: Incineroar|64/100\n|move|p2a: Incineroar|Knock Off|p1b: Lunala\n|-supereffective|p1b: Lunala\n|-damage|p1b: Lunala|15/100\n|move|p1a: Incineroar|Flare Blitz|p2a: Incineroar\n|-resisted|p2a: Incineroar\n|-crit|p2a: Incineroar\n|-damage|p2a: Incineroar|35/100\n|-damage|p1a: Incineroar|45/100|[from] Recoil\n|\n|upkeep\n|turn|12\n|-message|13579HXM forfeited.\n|\n|win|testhan92\n|raw|testhan92's rating: 1432 &rarr; <strong>1453</strong><br />(+21 for winning)\n|raw|13579HXM's rating: 1442 &rarr; <strong>1421</strong><br />(-21 for losing)\n|l|\u260613579HXM\n|player|p2|\n","uploadtime":1774681757,"views":22,"formatid":"gen9vgc2026regi","rating":1421,"private":0,"password":null}