{"id":"gen9vgc2026regi-2582526458","format":"[Gen 9] VGC 2026 Reg I","players":["Wakandius_PMSD","nhannhb92"],"log":"|badge|p1|silver|gen9randombattle|30-9\n|uhtml|medal-msg|<div class=\"broadcast-blue\">Curious what those medals under the avatar are? PS now has Ladder Seasons! For more information, check out the <a href=\"https://www.smogon.com/forums/threads/3740067/\">thread on Smogon.</a></div>\n|j|\u2606Wakandius_PMSD\n|j|\u2606nhannhb92\n|t:|1776097308\n|gametype|doubles\n|player|p1|Wakandius_PMSD|266|1445\n|player|p2|nhannhb92|101|1303\n|gen|9\n|tier|[Gen 9] VGC 2026 Reg I\n|rated|\n|rule|Species Clause: Limit one of each Pok\u00e9mon\n|rule|Item Clause: Limit 1 of each item\n|clearpoke\n|poke|p1|Calyrex-Ice, L50|\n|poke|p1|Miraidon, L50|\n|poke|p1|Ursaluna, L50, F|\n|poke|p1|Volcarona, L50, F|\n|poke|p1|Grimmsnarl, L50, M|\n|poke|p1|Iron Hands, L50|\n|poke|p2|Solgaleo, L50|\n|poke|p2|Kyogre, L50|\n|poke|p2|Salamence, L50, M|\n|poke|p2|Flutter Mane, L50|\n|poke|p2|Chien-Pao, L50|\n|poke|p2|Rillaboom, L50, M|\n|teampreview|4\n|inactive|Battle timer is ON: inactive players will automatically lose when time's up. (requested by nhannhb92)\n|\n|t:|1776097337\n|teamsize|p1|4\n|teamsize|p2|4\n|start\n|switch|p1a: Grimmsnarl|Grimmsnarl, L50, M|100/100\n|switch|p1b: Miraidon|Miraidon, L50|100/100\n|switch|p2a: Chien-Pao|Chien-Pao, L50|100/100\n|switch|p2b: Solgaleo|Solgaleo, L50, shiny|100/100\n|-ability|p2a: Chien-Pao|Sword of Ruin\n|-fieldstart|move: Electric Terrain|[from] ability: Hadron Engine|[of] p1b: Miraidon\n|turn|1\n|\n|t:|1776097361\n|switch|p2b: Rillaboom|Rillaboom, L50, M|100/100\n|-fieldstart|move: Grassy Terrain|[from] ability: Grassy Surge|[of] p2b: Rillaboom\n|move|p1a: Grimmsnarl|Reflect|p1a: Grimmsnarl\n|-sidestart|p1: Wakandius_PMSD|Reflect\n|move|p2a: Chien-Pao|Icicle Crash|p1b: Miraidon\n|-supereffective|p1b: Miraidon\n|-damage|p1b: Miraidon|22/100\n|-damage|p2a: Chien-Pao|91/100|[from] item: Life Orb\n|move|p1b: Miraidon|Volt Switch|p2b: Rillaboom\n|-resisted|p2b: Rillaboom\n|-damage|p2b: Rillaboom|77/100\n|\n|t:|1776097379\n|switch|p1b: Iron Hands|Iron Hands, L50|100/100|[from] Volt Switch\n|\n|-heal|p2a: Chien-Pao|97/100|[from] Grassy Terrain\n|-heal|p2b: Rillaboom|83/100|[from] Grassy Terrain\n|upkeep\n|turn|2\n|\n|t:|1776097390\n|move|p2a: Chien-Pao|Protect|p2a: Chien-Pao\n|-singleturn|p2a: Chien-Pao|Protect\n|move|p2b: Rillaboom|Wood Hammer|p1a: Grimmsnarl\n|-damage|p1a: Grimmsnarl|22/100\n|-damage|p2b: Rillaboom|58/100|[from] Recoil\n|move|p1a: Grimmsnarl|Spirit Break|p2a: Chien-Pao\n|-activate|p2a: Chien-Pao|move: Protect\n|move|p1b: Iron Hands|Low Kick|p2a: Chien-Pao\n|-activate|p2a: Chien-Pao|move: Protect\n|\n|-heal|p2a: Chien-Pao|100/100|[from] Grassy Terrain\n|-heal|p2b: Rillaboom|64/100|[from] Grassy Terrain\n|-heal|p1a: Grimmsnarl|28/100|[from] Grassy Terrain\n|upkeep\n|turn|3\n|inactive|nhannhb92 has 30 seconds left.\n|\n|t:|1776097422\n|switch|p2a: Salamence|Salamence, L50, M|100/100\n|-ability|p2a: Salamence|Intimidate|boost\n|-unboost|p1a: Grimmsnarl|atk|1\n|-unboost|p1b: Iron Hands|atk|1\n|move|p2b: Rillaboom|Grassy Glide|p1a: Grimmsnarl\n|-damage|p1a: Grimmsnarl|2/100\n|move|p1a: Grimmsnarl|Light Screen|p1a: Grimmsnarl\n|-sidestart|p1: Wakandius_PMSD|move: Light Screen\n|move|p1b: Iron Hands|Wild Charge|p2a: Salamence\n|-crit|p2a: Salamence\n|-damage|p2a: Salamence|40/100\n|-damage|p1b: Iron Hands|87/100|[from] Recoil\n|\n|-heal|p2b: Rillaboom|70/100|[from] Grassy Terrain\n|-heal|p1a: Grimmsnarl|8/100|[from] Grassy Terrain\n|-heal|p1b: Iron Hands|93/100|[from] Grassy Terrain\n|upkeep\n|turn|4\n|inactive|Wakandius_PMSD has 30 seconds left.\n|\n|t:|1776097450\n|-end|p1b: Iron Hands|Quark Drive|[silent]\n|switch|p1b: Calyrex|Calyrex-Ice, L50|100/100\n|-ability|p1b: Calyrex|As One\n|-ability|p1b: Calyrex|Unnerve\n|move|p1a: Grimmsnarl|Thunder Wave|p2a: Salamence\n|-status|p2a: Salamence|par\n|move|p2b: Rillaboom|U-turn|p1b: Calyrex\n|-supereffective|p1b: Calyrex\n|-damage|p1b: Calyrex|82/100\n|inactive|nhannhb92 has 30 seconds left.\n|l|\u2606nhannhb92\n|inactive|nhannhb92 disconnected and has a minute to reconnect!\n|player|p2|\n|inactive|nhannhb92 has 20 seconds left.\n|j|\u2606nhannhb92\n|inactive|nhannhb92 reconnected and has 20 seconds left.\n|player|p2|nhannhb92|101|\n|inactive|nhannhb92 has 15 seconds left.\n|inactive|nhannhb92 has 10 seconds left.\n|inactive|nhannhb92 has 5 seconds left.\n|\n|t:|1776097501\n|switch|p2b: Solgaleo|Solgaleo, L50, shiny|100/100|[from] U-turn\n|move|p2a: Salamence|Tailwind|p2a: Salamence\n|-sidestart|p2: nhannhb92|move: Tailwind\n|\n|-heal|p1a: Grimmsnarl|14/100|[from] Grassy Terrain\n|-heal|p1b: Calyrex|88/100|[from] Grassy Terrain\n|-heal|p1b: Calyrex|94/100|[from] item: Leftovers\n|upkeep\n|turn|5\n|\n|t:|1776097532\n|switch|p2a: Chien-Pao|Chien-Pao, L50|100/100\n|-ability|p2a: Chien-Pao|Sword of Ruin\n|-terastallize|p1b: Calyrex|Water\n|move|p1a: Grimmsnarl|Thunder Wave|p2b: Solgaleo\n|-status|p2b: Solgaleo|par\n|cant|p2b: Solgaleo|par\n|move|p1b: Calyrex|Trick Room|p1b: Calyrex\n|-fieldstart|move: Trick Room|[of] p1b: Calyrex\n|\n|-heal|p1b: Calyrex|99/100|[from] Grassy Terrain\n|-heal|p1b: Calyrex|100/100|[from] item: Leftovers\n|-heal|p1a: Grimmsnarl|20/100|[from] Grassy Terrain\n|-fieldend|move: Grassy Terrain\n|upkeep\n|turn|6\n|\n|t:|1776097550\n|move|p2a: Chien-Pao|Sucker Punch||[still]\n|-fail|p2a: Chien-Pao\n|move|p1b: Calyrex|Leech Seed|p2b: Solgaleo\n|-start|p2b: Solgaleo|move: Leech Seed\n|move|p1a: Grimmsnarl|Spirit Break|p2a: Chien-Pao\n|-supereffective|p2a: Chien-Pao\n|-damage|p2a: Chien-Pao|46/100\n|-unboost|p2a: Chien-Pao|spa|1\n|move|p2b: Solgaleo|Psychic Fangs|p1b: Calyrex\n|-sideend|p1: Wakandius_PMSD|Reflect\n|-sideend|p1: Wakandius_PMSD|move: Light Screen\n|-damage|p1b: Calyrex|62/100\n|\n|-heal|p1b: Calyrex|68/100|[from] item: Leftovers\n|-damage|p2b: Solgaleo|88/100 par|[from] Leech Seed|[of] p1b: Calyrex\n|-heal|p1b: Calyrex|82/100|[silent]\n|upkeep\n|turn|7\n|inactive|nhannhb92 has 30 seconds left.\n|\n|t:|1776097577\n|move|p1b: Calyrex|Protect|p1b: Calyrex\n|-singleturn|p1b: Calyrex|Protect\n|move|p2b: Solgaleo|Protect|p2b: Solgaleo\n|-singleturn|p2b: Solgaleo|Protect\n|move|p2a: Chien-Pao|Protect|p2a: Chien-Pao\n|-singleturn|p2a: Chien-Pao|Protect\n|move|p1a: Grimmsnarl|Reflect|p1a: Grimmsnarl\n|-sidestart|p1: Wakandius_PMSD|Reflect\n|\n|-heal|p1b: Calyrex|88/100|[from] item: Leftovers\n|-damage|p2b: Solgaleo|76/100 par|[from] Leech Seed|[of] p1b: Calyrex\n|-heal|p1b: Calyrex|100/100|[silent]\n|-sideend|p2: nhannhb92|move: Tailwind\n|upkeep\n|turn|8\n|inactive|nhannhb92 has 30 seconds left.\n|\n|t:|1776097607\n|move|p2a: Chien-Pao|Sucker Punch|p1a: Grimmsnarl\n|-resisted|p1a: Grimmsnarl\n|-damage|p1a: Grimmsnarl|11/100\n|-damage|p2a: Chien-Pao|37/100|[from] item: Life Orb\n|move|p2b: Solgaleo|Psychic Fangs|p1b: Calyrex\n|-sideend|p1: Wakandius_PMSD|Reflect\n|-damage|p1b: Calyrex|62/100\n|move|p1b: Calyrex|Glacial Lance|p2b: Solgaleo|[spread] p2a,p2b\n|-resisted|p2a: Chien-Pao\n|-resisted|p2b: Solgaleo\n|-damage|p2a: Chien-Pao|0 fnt\n|-damage|p2b: Solgaleo|53/100 par\n|faint|p2a: Chien-Pao\n|-ability|p1b: Calyrex|Chilling Neigh|boost\n|-boost|p1b: Calyrex|atk|1\n|move|p1a: Grimmsnarl|Spirit Break|p2b: Solgaleo\n|-resisted|p2b: Solgaleo\n|-damage|p2b: Solgaleo|46/100 par\n|\n|-heal|p1b: Calyrex|68/100|[from] item: Leftovers\n|-damage|p2b: Solgaleo|34/100 par|[from] Leech Seed|[of] p1b: Calyrex\n|-heal|p1b: Calyrex|82/100|[silent]\n|upkeep\n|\n|t:|1776097618\n|switch|p2a: Salamence|Salamence, L50, M|40/100 par\n|-ability|p2a: Salamence|Intimidate|boost\n|-unboost|p1a: Grimmsnarl|atk|1\n|-unboost|p1b: Calyrex|atk|1\n|turn|9\n|\n|t:|1776097631\n|move|p2b: Solgaleo|Wide Guard|p2b: Solgaleo\n|-singleturn|p2b: Solgaleo|Wide Guard\n|move|p1a: Grimmsnarl|Reflect|p1a: Grimmsnarl\n|-sidestart|p1: Wakandius_PMSD|Reflect\n|move|p2a: Salamence|Hurricane|p1b: Calyrex\n|-damage|p1b: Calyrex|59/100\n|move|p1b: Calyrex|Glacial Lance|p2b: Solgaleo|[spread] \n|-activate|p2a: Salamence|move: Wide Guard\n|-activate|p2b: Solgaleo|move: Wide Guard\n|\n|-heal|p1b: Calyrex|65/100|[from] item: Leftovers\n|-damage|p2b: Solgaleo|21/100 par|[from] Leech Seed|[of] p1b: Calyrex\n|-heal|p1b: Calyrex|80/100|[silent]\n|-fieldend|move: Trick Room\n|upkeep\n|turn|10\n|\n|t:|1776097649\n|move|p1a: Grimmsnarl|Light Screen|p1a: Grimmsnarl\n|-sidestart|p1: Wakandius_PMSD|move: Light Screen\n|move|p1b: Calyrex|Glacial Lance|p2b: Solgaleo|[spread] p2a,p2b\n|-supereffective|p2a: Salamence\n|-resisted|p2b: Solgaleo\n|-damage|p2a: Salamence|0 fnt\n|-damage|p2b: Solgaleo|1/100 par\n|faint|p2a: Salamence\n|-ability|p1b: Calyrex|Chilling Neigh|boost\n|-boost|p1b: Calyrex|atk|1\n|cant|p2b: Solgaleo|par\n|\n|-heal|p1b: Calyrex|85/100|[from] item: Leftovers\n|-damage|p2b: Solgaleo|0 fnt|[from] Leech Seed|[of] p1b: Calyrex\n|-heal|p1b: Calyrex|86/100|[silent]\n|faint|p2b: Solgaleo\n|upkeep\n|-message|nhannhb92 forfeited.\n|\n|win|Wakandius_PMSD\n|raw|Wakandius_PMSD's rating: 1445 &rarr; <strong>1457</strong><br />(+12 for winning)\n|raw|nhannhb92's rating: 1303 &rarr; <strong>1291</strong><br />(-12 for losing)\n|l|\u2606nhannhb92\n|player|p2|\n|l|\u2606Wakandius_PMSD\n|player|p1|\n","uploadtime":1776097841,"views":8,"formatid":"gen9vgc2026regi","rating":1291,"private":0,"password":null}