{"id":"gen9vgc2026regi-2564765028","format":"[Gen 9] VGC 2026 Reg I","players":["MatsumochiTest","sheeshshane925"],"log":"|j|\u2606MatsumochiTest\n|j|\u2606sheeshshane925\n|t:|1774195337\n|gametype|doubles\n|player|p1|MatsumochiTest|falkner|1320\n|player|p2|sheeshshane925|chuck|1556\n|gen|9\n|tier|[Gen 9] VGC 2026 Reg I\n|rated|\n|rule|Species Clause: Limit one of each Pok\u00e9mon\n|rule|Item Clause: Limit 1 of each item\n|clearpoke\n|poke|p1|Calyrex-Ice, L50|\n|poke|p1|Zacian-*, L50|\n|poke|p1|Ursaluna, L50, F|\n|poke|p1|Umbreon, L50, M|\n|poke|p1|Incineroar, L50, F|\n|poke|p1|Urshifu-*, L50, M|\n|poke|p2|Calyrex-Ice, L50|\n|poke|p2|Miraidon, L50|\n|poke|p2|Farigiraf, L50, M|\n|poke|p2|Iron Hands, L50|\n|poke|p2|Scraggy, L50, M|\n|poke|p2|Iron Bundle, L50|\n|teampreview|4\n|inactive|Battle timer is ON: inactive players will automatically lose when time's up. (requested by MatsumochiTest)\n|\n|t:|1774195368\n|teamsize|p1|4\n|teamsize|p2|4\n|start\n|switch|p1a: Zacian|Zacian-Crowned, L50|100/100\n|switch|p1b: Umbreon|Umbreon, L50, M, shiny|100/100\n|switch|p2a: Miraidon|Miraidon, L50, shiny|100/100\n|switch|p2b: Iron Bundle|Iron Bundle, L50|100/100\n|-ability|p1a: Zacian|Intrepid Sword|boost\n|-boost|p1a: Zacian|atk|1\n|-fieldstart|move: Electric Terrain|[from] ability: Hadron Engine|[of] p2a: Miraidon\n|-activate|p2b: Iron Bundle|ability: Quark Drive\n|-start|p2b: Iron Bundle|quarkdrivespe\n|turn|1\n|\n|t:|1774195381\n|move|p1a: Zacian|Protect|p1a: Zacian\n|-singleturn|p1a: Zacian|Protect\n|move|p2b: Iron Bundle|Icy Wind|p1b: Umbreon|[spread] p1b\n|-activate|p1a: Zacian|move: Protect\n|-damage|p1b: Umbreon|90/100\n|-unboost|p1b: Umbreon|spe|1\n|move|p2a: Miraidon|Electro Drift|p1a: Zacian\n|-activate|p1a: Zacian|move: Protect\n|move|p1b: Umbreon|Snarl|p2b: Iron Bundle|[spread] p2a,p2b\n|-crit|p2b: Iron Bundle\n|-damage|p2a: Miraidon|93/100\n|-damage|p2b: Iron Bundle|70/100\n|-unboost|p2a: Miraidon|spa|1\n|-unboost|p2b: Iron Bundle|spa|1\n|\n|-heal|p1b: Umbreon|96/100|[from] item: Leftovers\n|upkeep\n|turn|2\n|\n|t:|1774195395\n|move|p2b: Iron Bundle|Encore|p1a: Zacian\n|-start|p1a: Zacian|Encore\n|move|p1a: Zacian|Protect||[still]\n|-fail|p1a: Zacian\n|move|p2a: Miraidon|Electro Drift|p1a: Zacian\n|-damage|p1a: Zacian|28/100\n|-damage|p2a: Miraidon|84/100|[from] item: Life Orb\n|move|p1b: Umbreon|Snarl|p2a: Miraidon|[spread] p2a,p2b\n|-damage|p2a: Miraidon|76/100\n|-damage|p2b: Iron Bundle|52/100\n|-unboost|p2a: Miraidon|spa|1\n|-unboost|p2b: Iron Bundle|spa|1\n|\n|-heal|p1b: Umbreon|100/100|[from] item: Leftovers\n|upkeep\n|turn|3\n|inactive|sheeshshane925 has 30 seconds left.\n|\n|t:|1774195421\n|move|p1a: Zacian|Protect|p1a: Zacian\n|-singleturn|p1a: Zacian|Protect\n|move|p2b: Iron Bundle|Freeze-Dry|p1b: Umbreon\n|-damage|p1b: Umbreon|89/100\n|move|p2a: Miraidon|Volt Switch|p1b: Umbreon\n|-damage|p1b: Umbreon|63/100\n|-damage|p2a: Miraidon|66/100|[from] item: Life Orb\n|\n|t:|1774195434\n|switch|p2a: Calyrex|Calyrex-Ice, L50|100/100|[from] Volt Switch\n|-ability|p2a: Calyrex|As One\n|-ability|p2a: Calyrex|Unnerve\n|move|p1b: Umbreon|Snarl|p2a: Calyrex|[spread] p2a,p2b\n|-supereffective|p2a: Calyrex\n|-damage|p2a: Calyrex|88/100\n|-damage|p2b: Iron Bundle|33/100\n|-unboost|p2b: Iron Bundle|spa|1\n|\n|-heal|p1b: Umbreon|69/100|[from] item: Leftovers\n|upkeep\n|turn|4\n|\n|t:|1774195447\n|-end|p2b: Iron Bundle|Quark Drive|[silent]\n|switch|p2b: Scraggy|Scraggy, L50, M|100/100\n|-ability|p2b: Scraggy|Intimidate|boost\n|-unboost|p1a: Zacian|atk|1\n|-fail|p1b: Umbreon|unboost|Attack|[from] ability: Inner Focus|[of] p1b: Umbreon\n|switch|p1a: Calyrex|Calyrex-Ice, L50|100/100\n|-ability|p1a: Calyrex|As One\n|-ability|p1a: Calyrex|Unnerve\n|-terastallize|p2a: Calyrex|Fire\n|move|p1b: Umbreon|Foul Play|p2a: Calyrex\n|-damage|p2a: Calyrex|50/100\n|move|p2a: Calyrex|Trick Room|p2a: Calyrex\n|-fieldstart|move: Trick Room|[of] p2a: Calyrex\n|\n|-heal|p1b: Umbreon|75/100|[from] item: Leftovers\n|upkeep\n|turn|5\n|inactive|MatsumochiTest has 30 seconds left.\n|\n|t:|1774195474\n|move|p2a: Calyrex|Protect|p2a: Calyrex\n|-singleturn|p2a: Calyrex|Protect\n|move|p2b: Scraggy|Coaching|p2a: Calyrex\n|-boost|p2a: Calyrex|atk|1\n|-boost|p2a: Calyrex|def|1\n|move|p1a: Calyrex|High Horsepower|p2a: Calyrex\n|-activate|p2a: Calyrex|move: Protect\n|move|p1b: Umbreon|Taunt|p2b: Scraggy\n|-start|p2b: Scraggy|move: Taunt\n|\n|-heal|p1b: Umbreon|81/100|[from] item: Leftovers\n|-fieldend|move: Electric Terrain\n|upkeep\n|turn|6\n|\n|t:|1774195494\n|move|p1a: Calyrex|Protect|p1a: Calyrex\n|-singleturn|p1a: Calyrex|Protect\n|move|p2b: Scraggy|Foul Play|p1a: Calyrex\n|-activate|p1a: Calyrex|move: Protect\n|move|p2a: Calyrex|Glacial Lance|p1b: Umbreon|[spread] p1b\n|-activate|p1a: Calyrex|move: Protect\n|-damage|p1b: Umbreon|12/100\n|move|p1b: Umbreon|Foul Play|p2a: Calyrex\n|-crit|p2a: Calyrex\n|-damage|p2a: Calyrex|0 fnt\n|faint|p2a: Calyrex\n|\n|-heal|p1b: Umbreon|18/100|[from] item: Leftovers\n|upkeep\n|\n|t:|1774195500\n|switch|p2a: Miraidon|Miraidon, L50, shiny|66/100\n|-fieldstart|move: Electric Terrain|[from] ability: Hadron Engine|[of] p2a: Miraidon\n|turn|7\n|\n|t:|1774195513\n|-terastallize|p1a: Calyrex|Dragon\n|move|p2a: Miraidon|Protect|p2a: Miraidon\n|-singleturn|p2a: Miraidon|Protect\n|move|p2b: Scraggy|Foul Play|p1a: Calyrex\n|-damage|p1a: Calyrex|64/100\n|move|p1a: Calyrex|Glacial Lance|p2b: Scraggy|[spread] p2b\n|-activate|p2a: Miraidon|move: Protect\n|-damage|p2b: Scraggy|46/100\n|move|p1b: Umbreon|Snarl|p2b: Scraggy|[spread] p2b\n|-activate|p2a: Miraidon|move: Protect\n|-resisted|p2b: Scraggy\n|-damage|p2b: Scraggy|44/100\n|-unboost|p2b: Scraggy|spa|1\n|\n|-heal|p1b: Umbreon|24/100|[from] item: Leftovers\n|upkeep\n|turn|8\n|inactive|sheeshshane925 has 30 seconds left.\n|\n|t:|1774195538\n|switch|p1b: Zacian|Zacian-Crowned, L50|28/100\n|move|p2a: Miraidon|Protect|p2a: Miraidon\n|-singleturn|p2a: Miraidon|Protect\n|move|p2b: Scraggy|Endeavor|p1a: Calyrex\n|-damage|p1a: Calyrex|27/100\n|move|p1a: Calyrex|Glacial Lance|p2a: Miraidon|[spread] p2b\n|-activate|p2a: Miraidon|move: Protect\n|-damage|p2b: Scraggy|0 fnt\n|faint|p2b: Scraggy\n|-ability|p1a: Calyrex|Chilling Neigh|boost\n|-boost|p1a: Calyrex|atk|1\n|\n|-fieldend|move: Trick Room\n|upkeep\n|\n|t:|1774195545\n|switch|p2b: Iron Bundle|Iron Bundle, L50|33/100\n|-activate|p2b: Iron Bundle|ability: Quark Drive\n|-start|p2b: Iron Bundle|quarkdrivespe\n|turn|9\n|\n|t:|1774195556\n|move|p2b: Iron Bundle|Icy Wind|p1a: Calyrex|[spread] p1a,p1b\n|-supereffective|p1a: Calyrex\n|-resisted|p1b: Zacian\n|-damage|p1a: Calyrex|1/100\n|-damage|p1b: Zacian|19/100\n|-unboost|p1b: Zacian|spe|1\n|move|p2a: Miraidon|Dazzling Gleam|p1a: Calyrex|[spread] p1a,p1b\n|-supereffective|p1a: Calyrex\n|-resisted|p1b: Zacian\n|-damage|p1a: Calyrex|0 fnt\n|-damage|p1b: Zacian|0 fnt\n|faint|p1a: Calyrex\n|faint|p1b: Zacian\n|-damage|p2a: Miraidon|57/100|[from] item: Life Orb\n|\n|upkeep\n|\n|t:|1774195563\n|switch|p1b: Umbreon|Umbreon, L50, M, shiny|24/100\n|switch|p1a: Ursaluna|Ursaluna, L50, F|100/100\n|turn|10\n|\n|t:|1774195576\n|move|p1b: Umbreon|Detect|p1b: Umbreon\n|-singleturn|p1b: Umbreon|Protect\n|move|p1a: Ursaluna|Protect|p1a: Ursaluna\n|-singleturn|p1a: Ursaluna|Protect\n|move|p2b: Iron Bundle|Freeze-Dry|p1a: Ursaluna\n|-activate|p1a: Ursaluna|move: Protect\n|move|p2a: Miraidon|Dazzling Gleam|p1b: Umbreon|[spread] \n|-activate|p1a: Ursaluna|move: Protect\n|-activate|p1b: Umbreon|move: Protect\n|\n|-heal|p1b: Umbreon|30/100|[from] item: Leftovers\n|-status|p1a: Ursaluna|brn|[from] item: Flame Orb\n|upkeep\n|turn|11\n|\n|t:|1774195590\n|move|p2b: Iron Bundle|Encore|p1a: Ursaluna\n|-start|p1a: Ursaluna|Encore\n|move|p2a: Miraidon|Dazzling Gleam|p1a: Ursaluna|[spread] p1a,p1b\n|-supereffective|p1b: Umbreon\n|-damage|p1a: Ursaluna|62/100 brn\n|-damage|p1b: Umbreon|0 fnt\n|faint|p1b: Umbreon\n|-damage|p2a: Miraidon|47/100|[from] item: Life Orb\n|move|p1a: Ursaluna|Protect||[still]\n|-fail|p1a: Ursaluna\n|\n|-damage|p1a: Ursaluna|56/100 brn|[from] brn\n|-fieldend|move: Electric Terrain\n|-end|p2b: Iron Bundle|Quark Drive\n|upkeep\n|turn|12\n|-message|MatsumochiTest forfeited.\n|\n|win|sheeshshane925\n|raw|MatsumochiTest's rating: 1320 &rarr; <strong>1312</strong><br />(-8 for losing)\n|raw|sheeshshane925's rating: 1556 &rarr; <strong>1564</strong><br />(+8 for winning)\n|l|\u2606MatsumochiTest\n|player|p1|\n|l|\u2606sheeshshane925\n|player|p2|\n","uploadtime":1774195757,"views":19,"formatid":"gen9vgc2026regi","rating":1312,"private":0,"password":null}