{"id":"gen9vgc2026regi-2586746798","format":"[Gen 9] VGC 2026 Reg I","players":["JayP_won","Sheeshshane925"],"log":"|j|\u2606JayP_won\n|j|\u2606Sheeshshane925\n|t:|1776456697\n|gametype|doubles\n|player|p1|JayP_won|1|1415\n|player|p2|Sheeshshane925|chuck|1584\n|gen|9\n|tier|[Gen 9] VGC 2026 Reg I\n|rated|\n|rule|Species Clause: Limit one of each Pok\u00e9mon\n|rule|Item Clause: Limit 1 of each item\n|clearpoke\n|poke|p1|Kyogre, L50|\n|poke|p1|Miraidon, L50|\n|poke|p1|Iron Valiant, L50|\n|poke|p1|Whimsicott, L50, M|\n|poke|p1|Iron Bundle, L50|\n|poke|p1|Basculegion, L50, M|\n|poke|p2|Calyrex-Ice, L50|\n|poke|p2|Miraidon, L50|\n|poke|p2|Farigiraf, L50, M|\n|poke|p2|Iron Hands, L50|\n|poke|p2|Scraggy, L50, M|\n|poke|p2|Iron Bundle, L50|\n|teampreview|4\n|inactive|Battle timer is ON: inactive players will automatically lose when time's up. (requested by Sheeshshane925)\n|\n|t:|1776456725\n|teamsize|p1|4\n|teamsize|p2|4\n|start\n|switch|p1a: Miraidon|Miraidon, L50|100/100\n|switch|p1b: Iron Valiant|Iron Valiant, L50|100/100\n|switch|p2a: Miraidon|Miraidon, L50, shiny|100/100\n|switch|p2b: Iron Bundle|Iron Bundle, L50, shiny|100/100\n|-fieldstart|move: Electric Terrain|[from] ability: Hadron Engine|[of] p1a: Miraidon\n|-activate|p2b: Iron Bundle|ability: Quark Drive\n|-start|p2b: Iron Bundle|quarkdrivespe\n|-activate|p1b: Iron Valiant|ability: Quark Drive\n|-start|p1b: Iron Valiant|quarkdrivespa\n|-activate|p2a: Miraidon|ability: Hadron Engine\n|turn|1\n|inactive|JayP_won has 30 seconds left.\n|\n|t:|1776456755\n|-terastallize|p2a: Miraidon|Fairy\n|move|p1b: Iron Valiant|Wide Guard|p1b: Iron Valiant\n|-singleturn|p1b: Iron Valiant|Wide Guard\n|move|p2b: Iron Bundle|Icy Wind|p1b: Iron Valiant|[spread] \n|-activate|p1a: Miraidon|move: Wide Guard\n|-activate|p1b: Iron Valiant|move: Wide Guard\n|move|p1a: Miraidon|Draco Meteor|p2a: Miraidon\n|-immune|p2a: Miraidon\n|move|p2a: Miraidon|Electro Drift|p1b: Iron Valiant\n|-enditem|p1b: Iron Valiant|Focus Sash\n|-damage|p1b: Iron Valiant|1/100\n|-damage|p2a: Miraidon|91/100|[from] item: Life Orb\n|\n|upkeep\n|turn|2\n|inactive|JayP_won has 30 seconds left.\n|inactive|JayP_won has 20 seconds left.\n|\n|t:|1776456791\n|-terastallize|p1a: Miraidon|Fairy\n|move|p2a: Miraidon|Protect|p2a: Miraidon\n|-singleturn|p2a: Miraidon|Protect\n|move|p2b: Iron Bundle|Freeze-Dry|p1b: Iron Valiant\n|-damage|p1b: Iron Valiant|0 fnt\n|faint|p1b: Iron Valiant\n|-end|p1b: Iron Valiant|Quark Drive|[silent]\n|move|p1a: Miraidon|Draco Meteor|p2b: Iron Bundle\n|-crit|p2b: Iron Bundle\n|-enditem|p2b: Iron Bundle|Focus Sash\n|-damage|p2b: Iron Bundle|1/100\n|-unboost|p1a: Miraidon|spa|2\n|\n|upkeep\n|\n|t:|1776456807\n|switch|p1b: Basculegion|Basculegion, L50, M|100/100\n|turn|3\n|inactive|JayP_won has 30 seconds left.\n|\n|t:|1776456834\n|switch|p1b: Kyogre|Kyogre, L50|100/100\n|-weather|RainDance|[from] ability: Drizzle|[of] p1b: Kyogre\n|move|p2b: Iron Bundle|Freeze-Dry|p1b: Kyogre\n|-supereffective|p1b: Kyogre\n|-damage|p1b: Kyogre|44/100\n|move|p1a: Miraidon|Draco Meteor|p2b: Iron Bundle\n|-damage|p2b: Iron Bundle|0 fnt\n|-unboost|p1a: Miraidon|spa|2\n|faint|p2b: Iron Bundle\n|-end|p2b: Iron Bundle|Quark Drive|[silent]\n|move|p2a: Miraidon|Electro Drift|p1a: Miraidon\n|-damage|p1a: Miraidon|0 fnt\n|faint|p1a: Miraidon\n|-damage|p2a: Miraidon|81/100|[from] item: Life Orb\n|\n|-weather|RainDance|[upkeep]\n|upkeep\n|\n|t:|1776456853\n|switch|p2b: Calyrex|Calyrex-Ice, L50|100/100\n|switch|p1a: Basculegion|Basculegion, L50, M|100/100\n|-ability|p2b: Calyrex|As One\n|-ability|p2b: Calyrex|Unnerve\n|turn|4\n|\n|t:|1776456868\n|move|p2b: Calyrex|Protect|p2b: Calyrex\n|-singleturn|p2b: Calyrex|Protect\n|move|p1a: Basculegion|Wave Crash|p2b: Calyrex\n|-activate|p2b: Calyrex|move: Protect\n|move|p1b: Kyogre|Thunder|p2a: Miraidon\n|-damage|p2a: Miraidon|36/100\n|-status|p2a: Miraidon|par\n|move|p2a: Miraidon|Electro Drift|p1b: Kyogre\n|-supereffective|p1b: Kyogre\n|-damage|p1b: Kyogre|0 fnt\n|faint|p1b: Kyogre\n|-damage|p2a: Miraidon|26/100 par|[from] item: Life Orb\n|\n|-weather|RainDance|[upkeep]\n|upkeep\n|turn|5\n|-message|JayP_won forfeited.\n|\n|win|Sheeshshane925\n|raw|JayP_won's rating: 1415 &rarr; <strong>1404</strong><br />(-11 for losing)\n|raw|Sheeshshane925's rating: 1584 &rarr; <strong>1595</strong><br />(+11 for winning)\n|l|\u2606JayP_won\n|player|p1|\n|l|\u2606Sheeshshane925\n|player|p2|\n","uploadtime":1776457115,"views":11,"formatid":"gen9vgc2026regi","rating":1404,"private":0,"password":null}