{"id":"gen9vgc2026regi-2544174564","format":"[Gen 9] VGC 2026 Reg I","players":["fogdocker","carrotvg"],"log":"|j|\u2606fogdocker\n|j|\u2606carrotvg\n|t:|1771672048\n|gametype|doubles\n|player|p1|fogdocker|101|1340\n|player|p2|carrotvg|lucas|1414\n|gen|9\n|tier|[Gen 9] VGC 2026 Reg I\n|rated|\n|rule|Species Clause: Limit one of each Pok\u00e9mon\n|rule|Item Clause: Limit 1 of each item\n|clearpoke\n|poke|p1|Calyrex-Ice, L50|\n|poke|p1|Koraidon, L50|\n|poke|p1|Flutter Mane, L50|\n|poke|p1|Incineroar, L50, F|\n|poke|p1|Rillaboom, L50, M|\n|poke|p1|Volcarona, L50, F|\n|poke|p2|Dondozo, L50, M|\n|poke|p2|Tatsugiri-Droopy, L50, M|\n|poke|p2|Miraidon, L50|\n|poke|p2|Chi-Yu, L50|\n|poke|p2|Calyrex-Shadow, L50|\n|poke|p2|Sneasler, L50, F|\n|teampreview|4\n|\n|t:|1771672061\n|teamsize|p1|4\n|teamsize|p2|4\n|start\n|switch|p1a: Koraidon|Koraidon, L50|100/100\n|switch|p1b: Flutter Mane|Flutter Mane, L50|100/100\n|switch|p2a: Miraidon|Miraidon, L50|100/100\n|switch|p2b: Sneasler|Sneasler, L50, F|100/100\n|-weather|SunnyDay|[from] ability: Orichalcum Pulse|[of] p1a: Koraidon\n|-activate|p1b: Flutter Mane|ability: Protosynthesis\n|-start|p1b: Flutter Mane|protosynthesisspe\n|-activate|p1a: Koraidon|Orichalcum Pulse|[source]\n|-fieldstart|move: Electric Terrain|[from] ability: Hadron Engine|[of] p2a: Miraidon\n|-enditem|p2b: Sneasler|Electric Seed\n|-boost|p2b: Sneasler|def|1|[from] item: Electric Seed\n|turn|1\n|\n|t:|1771672075\n|move|p1a: Koraidon|Protect|p1a: Koraidon\n|-singleturn|p1a: Koraidon|Protect\n|move|p2b: Sneasler|Fake Out|p1a: Koraidon\n|-activate|p1a: Koraidon|move: Protect\n|move|p1b: Flutter Mane|Moonblast|p2a: Miraidon\n|-supereffective|p2a: Miraidon\n|-damage|p2a: Miraidon|48/100\n|-unboost|p2a: Miraidon|spa|1\n|move|p2a: Miraidon|Dazzling Gleam|p1b: Flutter Mane|[spread] p1b\n|-activate|p1a: Koraidon|move: Protect\n|-damage|p1b: Flutter Mane|77/100\n|\n|-weather|SunnyDay|[upkeep]\n|upkeep\n|turn|2\n|\n|t:|1771672106\n|switch|p1a: Rillaboom|Rillaboom, L50, M|100/100\n|-fieldstart|move: Grassy Terrain|[from] ability: Grassy Surge|[of] p1a: Rillaboom\n|move|p2b: Sneasler|Dire Claw|p1b: Flutter Mane\n|-damage|p1b: Flutter Mane|0 fnt\n|faint|p1b: Flutter Mane\n|-end|p1b: Flutter Mane|Protosynthesis|[silent]\n|move|p2a: Miraidon|Draco Meteor|p1a: Rillaboom\n|-damage|p1a: Rillaboom|71/100\n|-unboost|p2a: Miraidon|spa|2\n|\n|-weather|SunnyDay|[upkeep]\n|-heal|p2a: Miraidon|54/100|[from] Grassy Terrain\n|-heal|p1a: Rillaboom|77/100|[from] Grassy Terrain\n|upkeep\n|\n|t:|1771672120\n|switch|p1b: Calyrex|Calyrex-Ice, L50|100/100\n|-ability|p1b: Calyrex|As One\n|-ability|p1b: Calyrex|Unnerve\n|turn|3\n|\n|t:|1771672130\n|move|p1a: Rillaboom|Fake Out|p2b: Sneasler\n|-damage|p2b: Sneasler|86/100\n|cant|p2b: Sneasler|flinch\n|move|p2a: Miraidon|Volt Switch|p1a: Rillaboom\n|-resisted|p1a: Rillaboom\n|-damage|p1a: Rillaboom|72/100\n|\n|t:|1771672133\n|switch|p2a: Dondozo|Dondozo, L50, M|100/100|[from] Volt Switch\n|move|p1b: Calyrex|Glacial Lance|p2b: Sneasler|[spread] p2a,p2b\n|-resisted|p2a: Dondozo\n|-crit|p2b: Sneasler\n|-damage|p2a: Dondozo|88/100\n|-damage|p2b: Sneasler|0 fnt\n|faint|p2b: Sneasler\n|-ability|p1b: Calyrex|Chilling Neigh|boost\n|-boost|p1b: Calyrex|atk|1\n|\n|-weather|SunnyDay|[upkeep]\n|-heal|p1a: Rillaboom|78/100|[from] Grassy Terrain\n|-heal|p2a: Dondozo|94/100|[from] Grassy Terrain\n|-heal|p2a: Dondozo|100/100|[from] item: Leftovers\n|upkeep\n|\n|t:|1771672139\n|switch|p2b: Tatsugiri|Tatsugiri-Droopy, L50, M|100/100\n|-activate|p2b: Tatsugiri|ability: Commander|[of] p2a: Dondozo\n|-boost|p2a: Dondozo|atk|2\n|-boost|p2a: Dondozo|spa|2\n|-boost|p2a: Dondozo|spe|2\n|-boost|p2a: Dondozo|def|2\n|-boost|p2a: Dondozo|spd|2\n|turn|4\n|\n|t:|1771672153\n|move|p2a: Dondozo|Order Up|p1a: Rillaboom\n|-damage|p1a: Rillaboom|43/100\n|-boost|p2a: Dondozo|def|1\n|move|p1a: Rillaboom|U-turn|p2a: Dondozo\n|-damage|p2a: Dondozo|95/100\n|\n|t:|1771672159\n|switch|p1a: Koraidon|Koraidon, L50|100/100|[from] U-turn\n|-activate|p1a: Koraidon|ability: Orichalcum Pulse\n|move|p1b: Calyrex|Leech Seed|p2a: Dondozo\n|-start|p2a: Dondozo|move: Leech Seed\n|\n|-weather|SunnyDay|[upkeep]\n|-heal|p2a: Dondozo|100/100|[from] Grassy Terrain\n|-damage|p2a: Dondozo|88/100|[from] Leech Seed|[of] p1b: Calyrex\n|upkeep\n|turn|5\n|\n|t:|1771672177\n|move|p1a: Koraidon|Protect|p1a: Koraidon\n|-singleturn|p1a: Koraidon|Protect\n|move|p2a: Dondozo|Order Up|p1a: Koraidon\n|-activate|p1a: Koraidon|move: Protect\n|move|p1b: Calyrex|Glacial Lance|p2a: Dondozo|[spread] p2a\n|-miss|p1b: Calyrex|p2b: Tatsugiri\n|-resisted|p2a: Dondozo\n|-damage|p2a: Dondozo|83/100\n|\n|-weather|none\n|-heal|p2a: Dondozo|89/100|[from] Grassy Terrain\n|-heal|p2a: Dondozo|95/100|[from] item: Leftovers\n|-damage|p2a: Dondozo|83/100|[from] Leech Seed|[of] p1b: Calyrex\n|upkeep\n|turn|6\n|\n|t:|1771672187\n|switch|p1a: Rillaboom|Rillaboom, L50, M|43/100\n|move|p2a: Dondozo|Order Up|p1a: Rillaboom\n|-damage|p1a: Rillaboom|7/100\n|-boost|p2a: Dondozo|def|1\n|move|p1b: Calyrex|Glacial Lance|p2a: Dondozo|[spread] p2a\n|-miss|p1b: Calyrex|p2b: Tatsugiri\n|-resisted|p2a: Dondozo\n|-damage|p2a: Dondozo|78/100\n|\n|-heal|p2a: Dondozo|84/100|[from] Grassy Terrain\n|-heal|p2a: Dondozo|91/100|[from] item: Leftovers\n|-heal|p1a: Rillaboom|13/100|[from] Grassy Terrain\n|-damage|p2a: Dondozo|78/100|[from] Leech Seed|[of] p1b: Calyrex\n|-fieldend|move: Grassy Terrain\n|upkeep\n|turn|7\n|\n|t:|1771672199\n|move|p2a: Dondozo|Protect|p2a: Dondozo\n|-singleturn|p2a: Dondozo|Protect\n|move|p1a: Rillaboom|Fake Out|p2a: Dondozo\n|-activate|p2a: Dondozo|move: Protect\n|move|p1b: Calyrex|Glacial Lance|p2a: Dondozo|[spread] \n|-miss|p1b: Calyrex|p2b: Tatsugiri\n|-activate|p2a: Dondozo|move: Protect\n|\n|-heal|p2a: Dondozo|84/100|[from] item: Leftovers\n|-damage|p2a: Dondozo|72/100|[from] Leech Seed|[of] p1b: Calyrex\n|upkeep\n|turn|8\n|\n|t:|1771672214\n|move|p2a: Dondozo|Order Up|p1a: Rillaboom\n|-damage|p1a: Rillaboom|0 fnt\n|faint|p1a: Rillaboom\n|-boost|p2a: Dondozo|def|1\n|move|p1b: Calyrex|Glacial Lance|p2b: Tatsugiri|[spread] p2a\n|-miss|p1b: Calyrex|p2b: Tatsugiri\n|-resisted|p2a: Dondozo\n|-damage|p2a: Dondozo|68/100\n|\n|-heal|p2a: Dondozo|75/100|[from] item: Leftovers\n|-damage|p2a: Dondozo|62/100|[from] Leech Seed|[of] p1b: Calyrex\n|upkeep\n|\n|t:|1771672217\n|switch|p1a: Koraidon|Koraidon, L50|100/100\n|-weather|SunnyDay|[from] ability: Orichalcum Pulse|[of] p1a: Koraidon\n|-activate|p1a: Koraidon|Orichalcum Pulse|[source]\n|turn|9\n|\n|t:|1771672226\n|move|p1a: Koraidon|Protect|p1a: Koraidon\n|-singleturn|p1a: Koraidon|Protect\n|move|p1b: Calyrex|Protect|p1b: Calyrex\n|-singleturn|p1b: Calyrex|Protect\n|move|p2a: Dondozo|Body Press|p1b: Calyrex\n|-activate|p1b: Calyrex|move: Protect\n|\n|-weather|SunnyDay|[upkeep]\n|-heal|p2a: Dondozo|68/100|[from] item: Leftovers\n|-damage|p2a: Dondozo|56/100|[from] Leech Seed|[of] p1b: Calyrex\n|upkeep\n|turn|10\n|\n|t:|1771672237\n|-terastallize|p1a: Koraidon|Fire\n|move|p1a: Koraidon|Close Combat|p2a: Dondozo\n|-damage|p2a: Dondozo|36/100\n|-unboost|p1a: Koraidon|def|1\n|-unboost|p1a: Koraidon|spd|1\n|-damage|p1a: Koraidon|91/100|[from] item: Life Orb\n|move|p2a: Dondozo|Body Press|p1a: Koraidon\n|-damage|p1a: Koraidon|20/100\n|move|p1b: Calyrex|Glacial Lance|p2b: Tatsugiri|[spread] p2a\n|-miss|p1b: Calyrex|p2b: Tatsugiri\n|-resisted|p2a: Dondozo\n|-damage|p2a: Dondozo|32/100\n|\n|-weather|SunnyDay|[upkeep]\n|-heal|p2a: Dondozo|38/100|[from] item: Leftovers\n|-damage|p2a: Dondozo|26/100|[from] Leech Seed|[of] p1b: Calyrex\n|upkeep\n|turn|11\n|\n|t:|1771672274\n|move|p1a: Koraidon|Protect|p1a: Koraidon\n|-singleturn|p1a: Koraidon|Protect\n|move|p1b: Calyrex|Protect|p1b: Calyrex\n|-singleturn|p1b: Calyrex|Protect\n|move|p2a: Dondozo|Earthquake|p1a: Koraidon|[spread] \n|-miss|p2a: Dondozo|p2b: Tatsugiri\n|-activate|p1a: Koraidon|move: Protect\n|-activate|p1b: Calyrex|move: Protect\n|\n|-weather|SunnyDay|[upkeep]\n|-heal|p2a: Dondozo|32/100|[from] item: Leftovers\n|-damage|p2a: Dondozo|20/100|[from] Leech Seed|[of] p1b: Calyrex\n|upkeep\n|turn|12\n|\n|t:|1771672290\n|move|p1a: Koraidon|Close Combat|p2a: Dondozo\n|-damage|p2a: Dondozo|2/100\n|-unboost|p1a: Koraidon|def|1\n|-unboost|p1a: Koraidon|spd|1\n|-damage|p1a: Koraidon|10/100|[from] item: Life Orb\n|move|p2a: Dondozo|Earthquake|p1b: Calyrex|[spread] p1a,p1b\n|-miss|p2a: Dondozo|p2b: Tatsugiri\n|-supereffective|p1a: Koraidon\n|-damage|p1a: Koraidon|0 fnt\n|-damage|p1b: Calyrex|83/100\n|faint|p1a: Koraidon\n|move|p1b: Calyrex|Trick Room|p1b: Calyrex\n|-fieldstart|move: Trick Room|[of] p1b: Calyrex\n|\n|-weather|SunnyDay|[upkeep]\n|-heal|p1b: Calyrex|89/100|[from] item: Leftovers\n|-heal|p2a: Dondozo|9/100|[from] item: Leftovers\n|-damage|p2a: Dondozo|0 fnt|[from] Leech Seed|[of] p1b: Calyrex\n|-heal|p1b: Calyrex|99/100|[silent]\n|faint|p2a: Dondozo\n|upkeep\n|\n|t:|1771672293\n|switch|p2a: Miraidon|Miraidon, L50|54/100\n|-fieldstart|move: Electric Terrain|[from] ability: Hadron Engine|[of] p2a: Miraidon\n|turn|13\n|-message|carrotvg forfeited.\n|\n|win|fogdocker\n|raw|fogdocker's rating: 1340 &rarr; <strong>1365</strong><br />(+25 for winning)\n|raw|carrotvg's rating: 1438 &rarr; <strong>1413</strong><br />(-25 for losing)\n|l|\u2606carrotvg\n|player|p2|\n|l|\u2606fogdocker\n|player|p1|\n","uploadtime":1771672539,"views":18,"formatid":"gen9vgc2026regi","rating":1365,"private":0,"password":null}