{"id":"gen9vgc2026regi-2528188138","format":"[Gen 9] VGC 2026 Reg I","players":["Northgdh","j0l0k0"],"log":"|j|\u2606Northgdh\n|j|\u2606j0l0k0\n|t:|1769628306\n|gametype|doubles\n|player|p1|Northgdh|pokemonranger-gen4|1380\n|player|p2|j0l0k0|brycen|1547\n|gen|9\n|tier|[Gen 9] VGC 2026 Reg I\n|rated|\n|rule|Species Clause: Limit one of each Pok\u00e9mon\n|rule|Item Clause: Limit 1 of each item\n|clearpoke\n|poke|p1|Kyogre, L50|\n|poke|p1|Amoonguss, L50, F|\n|poke|p1|Tornadus, L50, M|\n|poke|p1|Landorus, L50, M|\n|poke|p1|Chien-Pao, L50|\n|poke|p1|Zacian-*, L50|\n|poke|p2|Calyrex-Ice, L50|\n|poke|p2|Kyogre, L50|\n|poke|p2|Indeedee-F, L50, F|\n|poke|p2|Urshifu-*, L50, F|\n|poke|p2|Amoonguss, L50, F|\n|poke|p2|Landorus, L50, M|\n|teampreview|4\n|inactive|Battle timer is ON: inactive players will automatically lose when time's up. (requested by j0l0k0)\n|inactive|Northgdh has 60 seconds left.\n|inactive|j0l0k0 has 60 seconds left.\n|\n|t:|1769628353\n|teamsize|p1|4\n|teamsize|p2|4\n|start\n|switch|p1a: Tornadus|Tornadus, L50, M|100/100\n|switch|p1b: Landorus|Landorus, L50, M|100/100\n|switch|p2a: Kyogre|Kyogre, L50, shiny|100/100\n|switch|p2b: Indeedee|Indeedee-F, L50, F, shiny|100/100\n|-fieldstart|move: Psychic Terrain|[from] ability: Psychic Surge|[of] p2b: Indeedee\n|-weather|RainDance|[from] ability: Drizzle|[of] p2a: Kyogre\n|turn|1\n|\n|t:|1769628365\n|-terastallize|p1b: Landorus|Water\n|move|p1a: Tornadus|Bleakwind Storm|p2b: Indeedee|[spread] p2a,p2b\n|-damage|p2a: Kyogre|81/100\n|-damage|p2b: Indeedee|56/100\n|-unboost|p2a: Kyogre|spe|1\n|move|p1b: Landorus|Sandsear Storm|p2a: Kyogre|[spread] p2a,p2b\n|-damage|p2a: Kyogre|56/100\n|-damage|p2b: Indeedee|6/100\n|move|p2a: Kyogre|Water Spout|p1a: Tornadus|[spread] p1a,p1b\n|-resisted|p1b: Landorus\n|-crit|p1b: Landorus\n|-damage|p1a: Tornadus|19/100\n|-damage|p1b: Landorus|58/100\n|move|p2b: Indeedee|Trick Room|p2b: Indeedee\n|-fieldstart|move: Trick Room|[of] p2b: Indeedee\n|\n|-weather|RainDance|[upkeep]\n|upkeep\n|turn|2\n|c|\u2606Northgdh|Huge speed drop\n|c|\u2606Northgdh|rip\n|c|\u2606Northgdh|ggwp\n|inactive|Northgdh has 30 seconds left.\n|\n|t:|1769628395\n|switch|p1a: Amoonguss|Amoonguss, L50, F, shiny|100/100\n|move|p2b: Indeedee|Helping Hand|p2a: Kyogre\n|-singleturn|p2a: Kyogre|Helping Hand|[of] p2b: Indeedee\n|move|p2a: Kyogre|Water Spout|p1b: Landorus|[spread] p1a,p1b\n|-resisted|p1a: Amoonguss\n|-resisted|p1b: Landorus\n|-damage|p1a: Amoonguss|65/100\n|-damage|p1b: Landorus|16/100\n|move|p1b: Landorus|Sandsear Storm|p2b: Indeedee|[spread] p2a,p2b\n|-damage|p2a: Kyogre|31/100\n|-damage|p2b: Indeedee|0 fnt\n|faint|p2b: Indeedee\n|\n|-weather|RainDance|[upkeep]\n|upkeep\n|c|\u2606j0l0k0|it doesn't matter\n|\n|t:|1769628408\n|switch|p2b: Calyrex|Calyrex-Ice, L50|100/100\n|-ability|p2b: Calyrex|As One\n|-ability|p2b: Calyrex|Unnerve\n|turn|3\n|\n|t:|1769628424\n|-terastallize|p2a: Kyogre|Grass\n|move|p1b: Landorus|Protect|p1b: Landorus\n|-singleturn|p1b: Landorus|Protect\n|move|p1a: Amoonguss|Spore|p2b: Calyrex\n|-status|p2b: Calyrex|slp|[from] move: Spore\n|cant|p2b: Calyrex|slp\n|move|p2a: Kyogre|Ice Beam|p1a: Amoonguss\n|-supereffective|p1a: Amoonguss\n|-damage|p1a: Amoonguss|12/100\n|\n|-weather|RainDance|[upkeep]\n|upkeep\n|turn|4\n|inactive|j0l0k0 has 30 seconds left.\n|\n|t:|1769628453\n|switch|p1a: Kyogre|Kyogre, L50|100/100\n|cant|p2b: Calyrex|slp\n|move|p2a: Kyogre|Water Spout|p1b: Landorus|[spread] p1a,p1b\n|-resisted|p1a: Kyogre\n|-resisted|p1b: Landorus\n|-damage|p1a: Kyogre|93/100\n|-damage|p1b: Landorus|0 fnt\n|faint|p1b: Landorus\n|\n|-weather|RainDance|[upkeep]\n|upkeep\n|\n|t:|1769628460\n|switch|p1b: Amoonguss|Amoonguss, L50, F, shiny|45/100\n|turn|5\n|inactive|Northgdh has 30 seconds left.\n|\n|t:|1769628492\n|move|p1b: Amoonguss|Protect|p1b: Amoonguss\n|-singleturn|p1b: Amoonguss|Protect\n|-curestatus|p2b: Calyrex|slp|[msg]\n|move|p2b: Calyrex|Glacial Lance|p1b: Amoonguss|[spread] p1a\n|-activate|p1b: Amoonguss|move: Protect\n|-resisted|p1a: Kyogre\n|-damage|p1a: Kyogre|71/100\n|move|p2a: Kyogre|Thunder|p1a: Kyogre\n|-supereffective|p1a: Kyogre\n|-damage|p1a: Kyogre|27/100\n|move|p1a: Kyogre|Ice Beam|p2a: Kyogre\n|-supereffective|p2a: Kyogre\n|-damage|p2a: Kyogre|0 fnt\n|faint|p2a: Kyogre\n|\n|-weather|none\n|-fieldend|move: Trick Room\n|-fieldend|move: Psychic Terrain\n|upkeep\n|\n|t:|1769628507\n|switch|p2a: Urshifu|Urshifu, L50, F|100/100\n|turn|6\n|l|\u2606j0l0k0\n|inactive|j0l0k0 disconnected and has a minute to reconnect!\n|player|p2|\n|j|\u2606j0l0k0\n|inactive|j0l0k0 reconnected and has 40 seconds left.\n|player|p2|j0l0k0|brycen|\n|inactive|j0l0k0 has 30 seconds left.\n|l|\u2606j0l0k0\n|inactive|j0l0k0 disconnected and has a minute to reconnect!\n|player|p2|\n|j|\u2606j0l0k0\n|inactive|j0l0k0 reconnected and has 25 seconds left.\n|player|p2|j0l0k0|brycen|\n|inactive|j0l0k0 has 20 seconds left.\n|inactive|j0l0k0 has 15 seconds left.\n|\n|t:|1769628549\n|move|p1b: Amoonguss|Rage Powder|p1b: Amoonguss\n|-singleturn|p1b: Amoonguss|move: Rage Powder\n|move|p2a: Urshifu|Wicked Blow|p1b: Amoonguss\n|-crit|p1b: Amoonguss\n|-damage|p1b: Amoonguss|0 fnt\n|-damage|p2a: Urshifu|84/100|[from] item: Rocky Helmet|[of] p1b: Amoonguss\n|faint|p1b: Amoonguss\n|move|p1a: Kyogre|Origin Pulse|p2b: Calyrex|[spread] p2a,p2b\n|-damage|p2a: Urshifu|18/100\n|-damage|p2b: Calyrex|68/100\n|move|p2b: Calyrex|Glacial Lance|p1a: Kyogre\n|-resisted|p1a: Kyogre\n|-damage|p1a: Kyogre|0 fnt\n|faint|p1a: Kyogre\n|-ability|p2b: Calyrex|Chilling Neigh|boost\n|-boost|p2b: Calyrex|atk|1\n|\n|upkeep\n|\n|t:|1769628559\n|switch|p1a: Tornadus|Tornadus, L50, M|19/100\n|turn|7\n|\n|t:|1769628569\n|move|p1a: Tornadus|Protect|p1a: Tornadus\n|-singleturn|p1a: Tornadus|Protect\n|move|p2a: Urshifu|Wicked Blow|p1a: Tornadus\n|-crit|p1a: Tornadus\n|-damage|p1a: Tornadus|0 fnt\n|faint|p1a: Tornadus\n|\n|win|j0l0k0\n|raw|Northgdh's rating: 1380 &rarr; <strong>1369</strong><br />(-11 for losing)\n|raw|j0l0k0's rating: 1547 &rarr; <strong>1558</strong><br />(+11 for winning)\n|l|\u2606j0l0k0\n|player|p2|\n|l|\u2606Northgdh\n|player|p1|\n","uploadtime":1769628711,"views":13,"formatid":"gen9vgc2026regi","rating":1369,"private":0,"password":null}