{"id":"gen9vgc2026regi-2568244652","format":"[Gen 9] VGC 2026 Reg I","players":["Nahro1001","saddeq"],"log":"|j|\u2606Nahro1001\n|j|\u2606saddeq\n|t:|1774559119\n|gametype|doubles\n|player|p1|Nahro1001|266|1316\n|player|p2|saddeq|marshal|1359\n|gen|9\n|tier|[Gen 9] VGC 2026 Reg I\n|rated|\n|rule|Species Clause: Limit one of each Pok\u00e9mon\n|rule|Item Clause: Limit 1 of each item\n|clearpoke\n|poke|p1|Zamazenta-*, L50|\n|poke|p1|Chien-Pao, L50|\n|poke|p1|Miraidon, L50|\n|poke|p1|Whimsicott, L50, F|\n|poke|p1|Iron Hands, L50|\n|poke|p1|Volcarona, L50, F|\n|poke|p2|Grimmsnarl, L50, M|\n|poke|p2|Zamazenta-*, L50|\n|poke|p2|Rillaboom, L50, F|\n|poke|p2|Ogerpon-Hearthflame, L50, F|\n|poke|p2|Raging Bolt, L50|\n|poke|p2|Kyogre, L50|\n|teampreview|4\n|\n|t:|1774559161\n|teamsize|p1|4\n|teamsize|p2|4\n|start\n|switch|p1a: Zamazenta|Zamazenta-Crowned, L50, shiny|100/100\n|switch|p1b: Miraidon|Miraidon, L50, shiny|100/100\n|switch|p2a: Rillaboom|Rillaboom, L50, F|100/100\n|switch|p2b: Ogerpon|Ogerpon-Hearthflame, L50, F|100/100\n|-fieldstart|move: Electric Terrain|[from] ability: Hadron Engine|[of] p1b: Miraidon\n|-ability|p2b: Ogerpon|Mold Breaker\n|-ability|p1a: Zamazenta|Dauntless Shield|boost\n|-boost|p1a: Zamazenta|def|1\n|-fieldstart|move: Grassy Terrain|[from] ability: Grassy Surge|[of] p2a: Rillaboom\n|turn|1\n|inactive|Battle timer is ON: inactive players will automatically lose when time's up. (requested by Nahro1001)\n|inactive|Nahro1001 has 60 seconds left.\n|\n|t:|1774559197\n|switch|p1b: Iron Hands|Iron Hands, L50, shiny|100/100\n|-terastallize|p2b: Ogerpon|Fire\n|detailschange|p2b: Ogerpon|Ogerpon-Hearthflame-Tera, L50, F, tera:Fire\n|-ability|p2b: Ogerpon|Embody Aspect (Hearthflame)|boost\n|-boost|p2b: Ogerpon|atk|1\n|move|p1a: Zamazenta|Protect|p1a: Zamazenta\n|-singleturn|p1a: Zamazenta|Protect\n|move|p2a: Rillaboom|Fake Out|p1b: Iron Hands\n|-damage|p1b: Iron Hands|91/100\n|move|p2b: Ogerpon|Ivy Cudgel|p1a: Zamazenta|[anim] Ivy Cudgel Fire\n|-activate|p1a: Zamazenta|move: Protect\n|\n|-heal|p1b: Iron Hands|98/100|[from] Grassy Terrain\n|upkeep\n|turn|2\n|inactive|Nahro1001 has 30 seconds left.\n|\n|t:|1774559225\n|-terastallize|p1a: Zamazenta|Water\n|move|p2b: Ogerpon|Ivy Cudgel|p1a: Zamazenta|[anim] Ivy Cudgel Fire\n|-resisted|p1a: Zamazenta\n|-damage|p1a: Zamazenta|80/100\n|move|p1a: Zamazenta|Body Press|p2a: Rillaboom\n|-damage|p2a: Rillaboom|34/100\n|move|p2a: Rillaboom|High Horsepower|p1b: Iron Hands\n|-supereffective|p1b: Iron Hands\n|-damage|p1b: Iron Hands|54/100\n|move|p1b: Iron Hands|Ice Punch|p2a: Rillaboom\n|-supereffective|p2a: Rillaboom\n|-damage|p2a: Rillaboom|0 fnt\n|faint|p2a: Rillaboom\n|\n|-heal|p1a: Zamazenta|86/100|[from] Grassy Terrain\n|-heal|p1b: Iron Hands|60/100|[from] Grassy Terrain\n|upkeep\n|\n|t:|1774559232\n|switch|p2a: Kyogre|Kyogre, L50|100/100\n|-weather|RainDance|[from] ability: Drizzle|[of] p2a: Kyogre\n|turn|3\n|inactive|Nahro1001 has 30 seconds left.\n|\n|t:|1774559261\n|move|p1a: Zamazenta|Wide Guard|p1a: Zamazenta\n|-singleturn|p1a: Zamazenta|Wide Guard\n|move|p2b: Ogerpon|Grassy Glide|p1a: Zamazenta\n|-supereffective|p1a: Zamazenta\n|-damage|p1a: Zamazenta|35/100\n|move|p2a: Kyogre|Water Spout|p1b: Iron Hands|[spread] \n|-activate|p1a: Zamazenta|move: Wide Guard\n|-activate|p1b: Iron Hands|move: Wide Guard\n|move|p1b: Iron Hands|Wild Charge|p2a: Kyogre\n|-supereffective|p2a: Kyogre\n|-damage|p2a: Kyogre|0 fnt\n|faint|p2a: Kyogre\n|-damage|p1b: Iron Hands|42/100|[from] Recoil\n|\n|-weather|RainDance|[upkeep]\n|-heal|p1a: Zamazenta|41/100|[from] Grassy Terrain\n|-heal|p1b: Iron Hands|48/100|[from] Grassy Terrain\n|upkeep\n|\n|t:|1774559264\n|switch|p2a: Raging Bolt|Raging Bolt, L50|100/100\n|turn|4\n|inactive|Nahro1001 has 30 seconds left.\n|\n|t:|1774559296\n|move|p1a: Zamazenta|Protect||[still]\n|-fail|p1a: Zamazenta\n|move|p2b: Ogerpon|Swords Dance|p2b: Ogerpon\n|-boost|p2b: Ogerpon|atk|2\n|move|p2a: Raging Bolt|Thunder|p1a: Zamazenta\n|-supereffective|p1a: Zamazenta\n|-damage|p1a: Zamazenta|0 fnt\n|faint|p1a: Zamazenta\n|move|p1b: Iron Hands|Low Kick|p2a: Raging Bolt\n|-damage|p2a: Raging Bolt|41/100\n|\n|-weather|RainDance|[upkeep]\n|-heal|p2a: Raging Bolt|47/100|[from] Grassy Terrain\n|-heal|p2a: Raging Bolt|53/100|[from] item: Leftovers\n|-heal|p1b: Iron Hands|54/100|[from] Grassy Terrain\n|upkeep\n|\n|t:|1774559314\n|switch|p1a: Miraidon|Miraidon, L50, shiny|100/100\n|-fieldstart|move: Electric Terrain|[from] ability: Hadron Engine|[of] p1a: Miraidon\n|-activate|p1b: Iron Hands|ability: Quark Drive\n|-start|p1b: Iron Hands|quarkdriveatk\n|turn|5\n|\n|t:|1774559331\n|move|p1a: Miraidon|Electro Drift|p2b: Ogerpon\n|-damage|p2b: Ogerpon|0 fnt\n|faint|p2b: Ogerpon\n|detailschange|p2: Ogerpon|Ogerpon-Hearthflame, L50, F|[silent]\n|move|p2a: Raging Bolt|Draco Meteor|p1a: Miraidon\n|-supereffective|p1a: Miraidon\n|-damage|p1a: Miraidon|0 fnt\n|-unboost|p2a: Raging Bolt|spa|2\n|faint|p1a: Miraidon\n|move|p1b: Iron Hands|Ice Punch|p2a: Raging Bolt\n|-supereffective|p2a: Raging Bolt\n|-damage|p2a: Raging Bolt|0 fnt\n|faint|p2a: Raging Bolt\n|-end|p2a: Raging Bolt|Protosynthesis|[silent]\n|\n|win|Nahro1001\n|raw|Nahro1001's rating: 1316 &rarr; <strong>1338</strong><br />(+22 for winning)\n|raw|saddeq's rating: 1359 &rarr; <strong>1337</strong><br />(-22 for losing)\n|l|\u2606saddeq\n|player|p2|\n|l|\u2606Nahro1001\n|player|p1|\n","uploadtime":1774559477,"views":11,"formatid":"gen9vgc2026regi","rating":1337,"private":0,"password":null}