{"id":"gen9vgc2026regi-2585418138","format":"[Gen 9] VGC 2026 Reg I","players":["YinYangM00n","KCLord"],"log":"|j|\u2606YinYangM00n\n|j|\u2606KCLord\n|t:|1776345892\n|gametype|doubles\n|player|p1|YinYangM00n|psychic-gen4|1430\n|player|p2|KCLord|265|1406\n|gen|9\n|tier|[Gen 9] VGC 2026 Reg I\n|rated|\n|rule|Species Clause: Limit one of each Pok\u00e9mon\n|rule|Item Clause: Limit 1 of each item\n|clearpoke\n|poke|p1|Calyrex-Shadow, L50|\n|poke|p1|Zamazenta-*, L50|\n|poke|p1|Whimsicott, L50, F|\n|poke|p1|Landorus, L50, M|\n|poke|p1|Farigiraf, L50, M|\n|poke|p1|Urshifu-*, L50, M|\n|poke|p2|Calyrex-Shadow, L50|\n|poke|p2|Zamazenta-*, L50|\n|poke|p2|Chien-Pao, L50|\n|poke|p2|Dragonite, L50, F|\n|poke|p2|Raging Bolt, L50|\n|poke|p2|Ogerpon-Cornerstone, L50, F|\n|teampreview|4\n|inactive|Battle timer is ON: inactive players will automatically lose when time's up. (requested by YinYangM00n)\n|inactive|KCLord has 60 seconds left.\n|\n|t:|1776345928\n|teamsize|p1|4\n|teamsize|p2|4\n|start\n|switch|p1a: Landorus|Landorus, L50, M|100/100\n|switch|p1b: Farigiraf|Farigiraf, L50, M|100/100\n|switch|p2a: Ogerpon|Ogerpon-Cornerstone, L50, F|100/100\n|switch|p2b: PinkPonyClub|Calyrex-Shadow, L50|100/100\n|-ability|p2b: PinkPonyClub|As One\n|-ability|p2b: PinkPonyClub|Unnerve\n|turn|1\n|inactive|KCLord has 30 seconds left.\n|inactive|KCLord has 20 seconds left.\n|l|\u2606KCLord\n|inactive|KCLord disconnected and has a minute to reconnect!\n|player|p2|\n|inactive|KCLord has 15 seconds left.\n|j|\u2606KCLord\n|inactive|KCLord reconnected and has 15 seconds left.\n|player|p2|KCLord|265|\n|inactive|KCLord has 10 seconds left.\n|\n|t:|1776345977\n|move|p2b: PinkPonyClub|Protect|p2b: PinkPonyClub\n|-singleturn|p2b: PinkPonyClub|Protect\n|move|p1a: Landorus|Protect|p1a: Landorus\n|-singleturn|p1a: Landorus|Protect\n|move|p2a: Ogerpon|Ivy Cudgel|p1a: Landorus|[anim] Ivy Cudgel Rock\n|-activate|p1a: Landorus|move: Protect\n|move|p1b: Farigiraf|Trick Room|p1b: Farigiraf\n|-fieldstart|move: Trick Room|[of] p1b: Farigiraf\n|\n|upkeep\n|turn|2\n|\n|t:|1776345990\n|move|p2a: Ogerpon|Follow Me|p2a: Ogerpon\n|-singleturn|p2a: Ogerpon|move: Follow Me\n|move|p1b: Farigiraf|Foul Play|p2a: Ogerpon\n|-damage|p2a: Ogerpon|57/100\n|move|p1a: Landorus|Earth Power|p2a: Ogerpon\n|-damage|p2a: Ogerpon|0 fnt\n|faint|p2a: Ogerpon\n|move|p2b: PinkPonyClub|Astral Barrage|p1a: Landorus|[spread] p1a\n|-immune|p1b: Farigiraf\n|-damage|p1a: Landorus|34/100\n|\n|upkeep\n|\n|t:|1776346005\n|switch|p2a: Arlie|Chien-Pao, L50|100/100\n|-ability|p2a: Arlie|Sword of Ruin\n|turn|3\n|\n|t:|1776346019\n|-terastallize|p1b: Farigiraf|Water\n|move|p2b: PinkPonyClub|Protect|p2b: PinkPonyClub\n|-singleturn|p2b: PinkPonyClub|Protect\n|move|p1b: Farigiraf|Foul Play|p2b: PinkPonyClub\n|-activate|p2b: PinkPonyClub|move: Protect\n|move|p1a: Landorus|Earth Power|p2b: PinkPonyClub\n|-activate|p2b: PinkPonyClub|move: Protect\n|move|p2a: Arlie|Icy Wind|p1b: Farigiraf|[spread] p1a,p1b\n|-supereffective|p1a: Landorus\n|-resisted|p1b: Farigiraf\n|-damage|p1a: Landorus|0 fnt\n|-damage|p1b: Farigiraf|95/100\n|-unboost|p1b: Farigiraf|spe|1\n|faint|p1a: Landorus\n|\n|upkeep\n|\n|t:|1776346025\n|switch|p1a: Calyrex|Calyrex-Shadow, L50|100/100\n|-ability|p1a: Calyrex|As One\n|-ability|p1a: Calyrex|Unnerve\n|turn|4\n|\n|t:|1776346044\n|switch|p2b: Zamazenta|Zamazenta-Crowned, L50|100/100\n|-ability|p2b: Zamazenta|Dauntless Shield|boost\n|-boost|p2b: Zamazenta|def|1\n|move|p1b: Farigiraf|Foul Play|p2b: Zamazenta\n|-resisted|p2b: Zamazenta\n|-damage|p2b: Zamazenta|94/100\n|move|p2a: Arlie|Ice Spinner|p1a: Calyrex\n|-damage|p1a: Calyrex|47/100\n|move|p1a: Calyrex|Astral Barrage|p2b: Zamazenta|[spread] p2a,p2b\n|-resisted|p2a: Arlie\n|-damage|p2a: Arlie|76/100\n|-damage|p2b: Zamazenta|59/100\n|\n|upkeep\n|turn|5\n|inactive|KCLord has 30 seconds left.\n|\n|t:|1776346070\n|switch|p1a: Zamazenta|Zamazenta-Crowned, L50|100/100\n|-ability|p1a: Zamazenta|Dauntless Shield|boost\n|-boost|p1a: Zamazenta|def|1\n|move|p1b: Farigiraf|Foul Play|p2a: Arlie\n|-resisted|p2a: Arlie\n|-damage|p2a: Arlie|58/100\n|move|p2b: Zamazenta|Body Press|p1a: Zamazenta\n|-supereffective|p1a: Zamazenta\n|-damage|p1a: Zamazenta|27/100\n|move|p2a: Arlie|Ruination|p1b: Farigiraf\n|-damage|p1b: Farigiraf|48/100\n|\n|-fieldend|move: Trick Room\n|upkeep\n|turn|6\n|inactive|KCLord has 30 seconds left.\n|inactive|KCLord has 20 seconds left.\n|inactive|KCLord has 15 seconds left.\n|inactive|KCLord has 10 seconds left.\n|\n|t:|1776346117\n|-terastallize|p2b: Zamazenta|Dragon\n|move|p1b: Farigiraf|Protect|p1b: Farigiraf\n|-singleturn|p1b: Farigiraf|Protect\n|move|p2a: Arlie|Ice Spinner|p1b: Farigiraf\n|-activate|p1b: Farigiraf|move: Protect\n|move|p1a: Zamazenta|Body Press|p2a: Arlie\n|-supereffective|p2a: Arlie\n|-damage|p2a: Arlie|0 fnt\n|faint|p2a: Arlie\n|move|p2b: Zamazenta|Body Press|p1a: Zamazenta\n|-supereffective|p1a: Zamazenta\n|-damage|p1a: Zamazenta|0 fnt\n|faint|p1a: Zamazenta\n|\n|upkeep\n|\n|t:|1776346126\n|switch|p2a: PinkPonyClub|Calyrex-Shadow, L50|100/100\n|switch|p1a: Calyrex|Calyrex-Shadow, L50|47/100\n|-ability|p2a: PinkPonyClub|As One\n|-ability|p2a: PinkPonyClub|Unnerve\n|-ability|p1a: Calyrex|As One\n|-ability|p1a: Calyrex|Unnerve\n|turn|7\n|\n|t:|1776346131\n|move|p1a: Calyrex|Protect|p1a: Calyrex\n|-singleturn|p1a: Calyrex|Protect\n|move|p2b: Zamazenta|Wide Guard|p2b: Zamazenta\n|-singleturn|p2b: Zamazenta|Wide Guard\n|move|p2a: PinkPonyClub|Astral Barrage|p1b: Farigiraf|[spread] p1b\n|-activate|p1a: Calyrex|move: Protect\n|-damage|p1b: Farigiraf|0 fnt\n|faint|p1b: Farigiraf\n|-ability|p2a: PinkPonyClub|Grim Neigh|boost\n|-boost|p2a: PinkPonyClub|spa|1\n|\n|upkeep\n|turn|8\n|\n|t:|1776346147\n|move|p2b: Zamazenta|Wide Guard|p2b: Zamazenta\n|-singleturn|p2b: Zamazenta|Wide Guard\n|move|p2a: PinkPonyClub|Astral Barrage|p1a: Calyrex\n|-supereffective|p1a: Calyrex\n|-damage|p1a: Calyrex|0 fnt\n|faint|p1a: Calyrex\n|\n|win|KCLord\n|raw|YinYangM00n's rating: 1430 &rarr; <strong>1409</strong><br />(-21 for losing)\n|raw|KCLord's rating: 1406 &rarr; <strong>1427</strong><br />(+21 for winning)\n|l|\u2606YinYangM00n\n|player|p1|\n|c|\u2606KCLord|gg\n","uploadtime":1776346171,"views":16,"formatid":"gen9vgc2026regi","rating":1409,"private":0,"password":null}