{"id":"gen9vgc2026regi-2513370894","format":"[Gen 9] VGC 2026 Reg I","players":["Skwovetboi","Schimmli"],"log":"|j|\u2606Skwovetboi\n|j|\u2606Schimmli\n|t:|1767727133\n|gametype|doubles\n|player|p1|Skwovetboi|turo-ai|1150\n|player|p2|Schimmli|170|1221\n|gen|9\n|tier|[Gen 9] VGC 2026 Reg I\n|rated|\n|rule|Species Clause: Limit one of each Pok\u00e9mon\n|rule|Item Clause: Limit 1 of each item\n|clearpoke\n|poke|p1|Koraidon, L50|\n|poke|p1|Chandelure, L50, M|\n|poke|p1|Flutter Mane, L50|\n|poke|p1|Brute Bonnet, L50|\n|poke|p1|Terapagos, L50, M|\n|poke|p1|Indeedee, L50, M|\n|poke|p2|Farigiraf, L50, F|\n|poke|p2|Miraidon, L50|\n|poke|p2|Rayquaza, L50|\n|poke|p2|Chien-Pao, L50|\n|poke|p2|Iron Hands, L50|\n|poke|p2|Volcarona, L50, F|\n|teampreview|4\n|inactive|Battle timer is ON: inactive players will automatically lose when time's up. (requested by Schimmli)\n|\n|t:|1767727211\n|teamsize|p1|4\n|teamsize|p2|4\n|start\n|switch|p1a: Terapagos|Terapagos, L50, M|100/100\n|switch|p1b: Brute Bonnet|Brute Bonnet, L50|100/100\n|switch|p2a: Miraidon|Miraidon, L50|100/100\n|switch|p2b: Farigiraf|Farigiraf, L50, F|100/100\n|-activate|p1a: Terapagos|ability: Tera Shift\n|detailschange|p1a: Terapagos|Terapagos-Terastal, L50, M\n|-heal|p1a: Terapagos|100/100|[silent]\n|-fieldstart|move: Electric Terrain|[from] ability: Hadron Engine|[of] p2a: Miraidon\n|-enditem|p2b: Farigiraf|Electric Seed\n|-boost|p2b: Farigiraf|def|1|[from] item: Electric Seed\n|turn|1\n|\n|t:|1767727234\n|-terastallize|p1a: Terapagos|Stellar\n|detailschange|p1a: Terapagos|Terapagos-Stellar, L50, M, tera:Stellar\n|-heal|p1a: Terapagos|100/100|[silent]\n|-ability|p1a: Terapagos|Teraform Zero\n|-fieldend|move: Electric Terrain\n|move|p2a: Miraidon|Snarl|p1a: Terapagos|[spread] p1a,p1b\n|-resisted|p1b: Brute Bonnet\n|-damage|p1a: Terapagos|90/100\n|-damage|p1b: Brute Bonnet|95/100\n|-unboost|p1a: Terapagos|spa|1\n|move|p1a: Terapagos|Meteor Beam||[still]\n|-prepare|p1a: Terapagos|Meteor Beam\n|-boost|p1a: Terapagos|spa|1\n|-enditem|p1a: Terapagos|Power Herb\n|-anim|p1a: Terapagos|Meteor Beam|p2a: Miraidon\n|-damage|p2a: Miraidon|58/100\n|move|p2b: Farigiraf|Psychic Noise|p1a: Terapagos\n|-damage|p1a: Terapagos|71/100\n|-start|p1a: Terapagos|move: Heal Block\n|move|p1b: Brute Bonnet|Spore|p2a: Miraidon\n|-status|p2a: Miraidon|slp|[from] move: Spore\n|\n|upkeep\n|turn|2\n|inactive|Skwovetboi has 30 seconds left.\n|inactive|Schimmli has 30 seconds left.\n|\n|t:|1767727262\n|switch|p2a: Iron Hands|Iron Hands, L50|100/100\n|move|p1a: Terapagos|Tera Starstorm|p2b: Farigiraf|[spread] p2a,p2b\n|-damage|p2a: Iron Hands|76/100\n|-damage|p2b: Farigiraf|57/100\n|move|p1b: Brute Bonnet|Spore|p2a: Iron Hands\n|-status|p2a: Iron Hands|slp|[from] move: Spore\n|move|p2b: Farigiraf|Trick Room|p2b: Farigiraf\n|-fieldstart|move: Trick Room|[of] p2b: Farigiraf\n|\n|-end|p1a: Terapagos|move: Heal Block\n|upkeep\n|turn|3\n|\n|t:|1767727282\n|switch|p2b: Miraidon|Miraidon, L50|58/100 slp\n|-fieldstart|move: Electric Terrain|[from] ability: Hadron Engine|[of] p2b: Miraidon\n|-activate|p2a: Iron Hands|ability: Quark Drive\n|-start|p2a: Iron Hands|quarkdriveatk\n|cant|p2a: Iron Hands|slp\n|move|p1b: Brute Bonnet|Seed Bomb|p2a: Iron Hands\n|-damage|p2a: Iron Hands|54/100 slp\n|move|p1a: Terapagos|Earth Power|p2a: Iron Hands\n|-supereffective|p2a: Iron Hands\n|-damage|p2a: Iron Hands|4/100 slp\n|\n|upkeep\n|turn|4\n|inactive|Schimmli has 30 seconds left.\n|l|\u2606Schimmli\n|inactive|Schimmli disconnected and has a minute to reconnect!\n|player|p2|\n|inactive|Schimmli has 20 seconds left.\n|inactive|Skwovetboi has 30 seconds left.\n|inactive|Schimmli has 15 seconds left.\n|inactive|Schimmli has 10 seconds left.\n|inactive|Schimmli has 5 seconds left.\n|j|\u2606Schimmli\n|inactive|Schimmli reconnected and has 5 seconds left.\n|player|p2|Schimmli|170|\n|\n|t:|1767727337\n|move|p1b: Brute Bonnet|Sucker Punch|p2a: Iron Hands\n|-resisted|p2a: Iron Hands\n|-damage|p2a: Iron Hands|0 fnt\n|faint|p2a: Iron Hands\n|-end|p2a: Iron Hands|Quark Drive|[silent]\n|move|p1a: Terapagos|Tera Starstorm|p2b: Miraidon\n|-damage|p2b: Miraidon|18/100 slp\n|cant|p2b: Miraidon|slp\n|\n|upkeep\n|l|\u2606Schimmli\n|inactive|Schimmli disconnected and has a minute to reconnect!\n|player|p2|\n|j|\u2606Schimmli\n|inactive|Schimmli reconnected and has 40 seconds left.\n|player|p2|Schimmli|170|\n|\n|t:|1767727360\n|switch|p2a: Rayquaza|Rayquaza, L50|100/100\n|-ability|p2a: Rayquaza|Air Lock\n|turn|5\n|\n|t:|1767727371\n|move|p2a: Rayquaza|Protect|p2a: Rayquaza\n|-singleturn|p2a: Rayquaza|Protect\n|move|p1b: Brute Bonnet|Spore|p2a: Rayquaza\n|-activate|p2a: Rayquaza|move: Protect\n|move|p1a: Terapagos|Tera Starstorm|p2b: Miraidon|[spread] p2b\n|-activate|p2a: Rayquaza|move: Protect\n|-damage|p2b: Miraidon|0 fnt\n|faint|p2b: Miraidon\n|\n|upkeep\n|\n|t:|1767727379\n|switch|p2b: Farigiraf|Farigiraf, L50, F|57/100\n|turn|6\n|\n|t:|1767727385\n|-terastallize|p2a: Rayquaza|Normal\n|move|p2b: Farigiraf|Helping Hand|p2a: Rayquaza\n|-singleturn|p2a: Rayquaza|Helping Hand|[of] p2b: Farigiraf\n|move|p1b: Brute Bonnet|Spore|p2a: Rayquaza\n|-activate|p2a: Rayquaza|move: Electric Terrain\n|move|p1a: Terapagos|Tera Starstorm|p2a: Rayquaza|[spread] p2a,p2b\n|-supereffective|p2a: Rayquaza\n|-crit|p2a: Rayquaza\n|-damage|p2a: Rayquaza|0 fnt\n|-damage|p2b: Farigiraf|19/100\n|faint|p2a: Rayquaza\n|\n|-fieldend|move: Trick Room\n|upkeep\n|turn|7\n|-message|Schimmli forfeited.\n|\n|win|Skwovetboi\n|raw|Skwovetboi's rating: 1150 &rarr; <strong>1180</strong><br />(+30 for winning)\n|raw|Schimmli's rating: 1221 &rarr; <strong>1191</strong><br />(-30 for losing)\n|l|\u2606Schimmli\n|player|p2|\n","uploadtime":1767727398,"views":19,"formatid":"gen9vgc2026regi","rating":1180,"private":0,"password":null}