{"id":"gen9vgc2026regi-2587214705","format":"[Gen 9] VGC 2026 Reg I","players":["mxzsxxj","Novikuh"],"log":"|j|\u2606mxzsxxj\n|j|\u2606Novikuh\n|t:|1776509969\n|gametype|doubles\n|player|p1|mxzsxxj|dawn-gen4pt|1419\n|player|p2|Novikuh|102|1524\n|gen|9\n|tier|[Gen 9] VGC 2026 Reg I\n|rated|\n|rule|Species Clause: Limit one of each Pok\u00e9mon\n|rule|Item Clause: Limit 1 of each item\n|clearpoke\n|poke|p1|Calyrex-Ice, L50|\n|poke|p1|Kyogre, L50|\n|poke|p1|Indeedee-F, L50, F|\n|poke|p1|Urshifu-*, L50, M|\n|poke|p1|Smeargle, L50, M|\n|poke|p1|Landorus, L50, M|\n|poke|p2|Miraidon, L50|\n|poke|p2|Calyrex-Ice, L50|\n|poke|p2|Urshifu-*, L50, F|\n|poke|p2|Pelipper, L50, F|\n|poke|p2|Iron Hands, L50|\n|poke|p2|Amoonguss, L50, F|\n|teampreview|4\n|inactive|Battle timer is ON: inactive players will automatically lose when time's up. (requested by mxzsxxj)\n|inactive|Novikuh has 60 seconds left.\n|\n|t:|1776510009\n|teamsize|p1|4\n|teamsize|p2|4\n|start\n|switch|p1a: Calyrex|Calyrex-Ice, L50|100/100\n|switch|p1b: Indeedee|Indeedee-F, L50, F|100/100\n|switch|p2a: Miraidon|Miraidon, L50|100/100\n|switch|p2b: Amoonguss|Amoonguss, L50, F|100/100\n|-ability|p1a: Calyrex|As One\n|-ability|p1a: Calyrex|Unnerve\n|-fieldstart|move: Electric Terrain|[from] ability: Hadron Engine|[of] p2a: Miraidon\n|-fieldstart|move: Psychic Terrain|[from] ability: Psychic Surge|[of] p1b: Indeedee\n|turn|1\n|inactive|Novikuh has 30 seconds left.\n|inactive|Novikuh has 20 seconds left.\n|inactive|Novikuh has 15 seconds left.\n|\n|t:|1776510052\n|-terastallize|p1a: Calyrex|Grass\n|-terastallize|p2b: Amoonguss|Water\n|move|p2a: Miraidon|Volt Switch|p1a: Calyrex\n|-resisted|p1a: Calyrex\n|-damage|p1a: Calyrex|78/100\n|\n|t:|1776510060\n|switch|p2a: Iron Hands|Iron Hands, L50|100/100|[from] Volt Switch\n|move|p1a: Calyrex|Glacial Lance|p2a: Iron Hands|[spread] p2a,p2b\n|-resisted|p2b: Amoonguss\n|-damage|p2a: Iron Hands|56/100\n|-damage|p2b: Amoonguss|78/100\n|move|p2b: Amoonguss|Pollen Puff|p2a: Iron Hands\n|-heal|p2a: Iron Hands|100/100\n|move|p1b: Indeedee|Trick Room|p1b: Indeedee\n|-fieldstart|move: Trick Room|[of] p1b: Indeedee\n|\n|upkeep\n|turn|2\n|\n|t:|1776510084\n|switch|p2b: Miraidon|Miraidon, L50|100/100\n|-fieldstart|move: Electric Terrain|[from] ability: Hadron Engine|[of] p2b: Miraidon\n|-activate|p2a: Iron Hands|ability: Quark Drive\n|-start|p2a: Iron Hands|quarkdriveatk\n|move|p1b: Indeedee|Helping Hand|p1a: Calyrex\n|-singleturn|p1a: Calyrex|Helping Hand|[of] p1b: Indeedee\n|move|p2a: Iron Hands|Fake Out|p1a: Calyrex\n|-damage|p1a: Calyrex|66/100\n|cant|p1a: Calyrex|flinch\n|\n|upkeep\n|turn|3\n|inactive|Novikuh has 30 seconds left.\n|\n|t:|1776510115\n|switch|p1b: Urshifu|Urshifu-Rapid-Strike, L50, M|100/100\n|switch|p2b: Amoonguss|Amoonguss, L50, F, tera:Water|100/100\n|move|p1a: Calyrex|Glacial Lance|p2a: Iron Hands|[spread] p2a,p2b\n|-resisted|p2b: Amoonguss\n|-damage|p2a: Iron Hands|58/100\n|-damage|p2b: Amoonguss|79/100\n|move|p2a: Iron Hands|Drain Punch|p1b: Urshifu\n|-damage|p1b: Urshifu|44/100\n|-heal|p2a: Iron Hands|80/100|[from] drain|[of] p1b: Urshifu\n|\n|upkeep\n|turn|4\n|inactive|Novikuh has 30 seconds left.\n|inactive|Novikuh has 20 seconds left.\n|\n|t:|1776510153\n|switch|p1b: Indeedee|Indeedee-F, L50, F|100/100\n|-fieldstart|move: Psychic Terrain|[from] ability: Psychic Surge|[of] p1b: Indeedee\n|-end|p2a: Iron Hands|Quark Drive\n|move|p2b: Amoonguss|Pollen Puff|p2a: Iron Hands\n|-heal|p2a: Iron Hands|100/100\n|move|p1a: Calyrex|Glacial Lance|p2a: Iron Hands|[spread] p2a,p2b\n|-resisted|p2b: Amoonguss\n|-damage|p2a: Iron Hands|58/100\n|-damage|p2b: Amoonguss|58/100\n|move|p2a: Iron Hands|Drain Punch|p1b: Indeedee\n|-damage|p1b: Indeedee|60/100\n|-heal|p2a: Iron Hands|73/100|[from] drain|[of] p1b: Indeedee\n|\n|upkeep\n|turn|5\n|inactive|Novikuh has 30 seconds left.\n|\n|t:|1776510187\n|move|p2b: Amoonguss|Pollen Puff|p2a: Iron Hands\n|-heal|p2a: Iron Hands|100/100\n|move|p2a: Iron Hands|Drain Punch|p1a: Calyrex\n|-damage|p1a: Calyrex|39/100\n|move|p1a: Calyrex|Trick Room|p1a: Calyrex\n|-fieldend|move: Trick Room\n|move|p1b: Indeedee|Trick Room|p1b: Indeedee\n|-fieldstart|move: Trick Room|[of] p1b: Indeedee\n|\n|upkeep\n|turn|6\n|inactive|Novikuh has 30 seconds left.\n|inactive|Novikuh has 20 seconds left.\n|\n|t:|1776510226\n|switch|p2b: Urshifu|Urshifu-Rapid-Strike, L50, F|100/100\n|switch|p1b: Kyogre|Kyogre, L50|100/100\n|-weather|RainDance|[from] ability: Drizzle|[of] p1b: Kyogre\n|move|p2a: Iron Hands|Drain Punch|p1b: Kyogre\n|-damage|p1b: Kyogre|63/100\n|move|p1a: Calyrex|Glacial Lance|p2b: Urshifu|[spread] p2a,p2b\n|-resisted|p2b: Urshifu\n|-damage|p2a: Iron Hands|56/100\n|-damage|p2b: Urshifu|74/100\n|\n|-weather|RainDance|[upkeep]\n|upkeep\n|turn|7\n|inactive|Novikuh has 30 seconds left.\n|\n|t:|1776510253\n|move|p1b: Kyogre|Water Spout|p2a: Iron Hands|[spread] p2a,p2b\n|-resisted|p2b: Urshifu\n|-damage|p2a: Iron Hands|20/100\n|-damage|p2b: Urshifu|26/100\n|move|p2a: Iron Hands|Wild Charge|p1b: Kyogre\n|-supereffective|p1b: Kyogre\n|-damage|p1b: Kyogre|0 fnt\n|faint|p1b: Kyogre\n|-damage|p2a: Iron Hands|7/100|[from] Recoil\n|move|p1a: Calyrex|Glacial Lance|p2b: Urshifu|[spread] p2a,p2b\n|-resisted|p2b: Urshifu\n|-damage|p2a: Iron Hands|0 fnt\n|-damage|p2b: Urshifu|0 fnt\n|faint|p2a: Iron Hands\n|-end|p2a: Iron Hands|Quark Drive|[silent]\n|faint|p2b: Urshifu\n|-ability|p1a: Calyrex|Chilling Neigh|boost\n|-boost|p1a: Calyrex|atk|2\n|\n|-weather|RainDance|[upkeep]\n|upkeep\n|\n|t:|1776510269\n|switch|p2a: Amoonguss|Amoonguss, L50, F, tera:Water|91/100\n|switch|p1b: Urshifu|Urshifu-Rapid-Strike, L50, M|44/100\n|switch|p2b: Miraidon|Miraidon, L50|100/100\n|-fieldstart|move: Electric Terrain|[from] ability: Hadron Engine|[of] p2b: Miraidon\n|turn|8\n|-message|Novikuh forfeited.\n|\n|win|mxzsxxj\n|raw|mxzsxxj's rating: 1419 &rarr; <strong>1445</strong><br />(+26 for winning)\n|raw|Novikuh's rating: 1524 &rarr; <strong>1498</strong><br />(-26 for losing)\n|l|\u2606Novikuh\n|player|p2|\n|l|\u2606mxzsxxj\n|player|p1|\n","uploadtime":1776510469,"views":9,"formatid":"gen9vgc2026regi","rating":1445,"private":0,"password":null}