{"id":"gen9vgc2026regi-2530803017","format":"[Gen 9] VGC 2026 Reg I","players":["marcxhenry","afdragonite"],"log":"|j|\u2606marcxhenry\n|j|\u2606afdragonite\n|t:|1769974286\n|gametype|doubles\n|player|p1|marcxhenry|hilbert-wonderlauncher|1563\n|player|p2|afdragonite|169|1508\n|gen|9\n|tier|[Gen 9] VGC 2026 Reg I\n|rated|\n|rule|Species Clause: Limit one of each Pok\u00e9mon\n|rule|Item Clause: Limit 1 of each item\n|clearpoke\n|poke|p1|Calyrex-Shadow, L50|\n|poke|p1|Urshifu-*, L50, M|\n|poke|p1|Roaring Moon, L50|\n|poke|p1|Kyogre, L50|\n|poke|p1|Tsareena, L50, F|\n|poke|p1|Kingambit, L50, M|\n|poke|p2|Mimikyu, L50, F|\n|poke|p2|Calyrex-Ice, L50|\n|poke|p2|Torkoal, L50, M|\n|poke|p2|Zoroark-Hisui, L50, M|\n|poke|p2|Kyogre, L50|\n|poke|p2|Annihilape, L50, M|\n|teampreview|4\n|inactive|Battle timer is ON: inactive players will automatically lose when time's up. (requested by afdragonite)\n|\n|t:|1769974314\n|teamsize|p1|4\n|teamsize|p2|4\n|start\n|switch|p1a: Roter Baron|Roaring Moon, L50, shiny|100/100\n|switch|p1b: Tripitz|Kyogre, L50, shiny|100/100\n|switch|p2a: Annihilape|Annihilape, L50, M, shiny|100/100\n|switch|p2b: Hisuan Zoroark|Mimikyu, L50, F, shiny|100/100\n|-weather|RainDance|[from] ability: Drizzle|[of] p1b: Tripitz\n|-enditem|p1a: Roter Baron|Booster Energy\n|-activate|p1a: Roter Baron|ability: Protosynthesis|[fromitem]\n|-start|p1a: Roter Baron|protosynthesisspe\n|turn|1\n|\n|t:|1769974336\n|-terastallize|p2b: Hisuan Zoroark|Grass\n|move|p1a: Roter Baron|Tailwind|p1a: Roter Baron\n|-sidestart|p1: marcxhenry|move: Tailwind\n|move|p1b: Tripitz|Water Spout|p2b: Hisuan Zoroark|[spread] p2a,p2b\n|-damage|p2a: Annihilape|0 fnt\n|-activate|p2b: Hisuan Zoroark|ability: Disguise\n|-damage|p2b: Hisuan Zoroark|100/100\n|detailschange|p2b: Hisuan Zoroark|Mimikyu-Busted, L50, F, shiny, tera:Grass\n|-damage|p2b: Hisuan Zoroark|88/100|[from] pokemon: Mimikyu-Busted\n|faint|p2a: Annihilape\n|move|p2b: Hisuan Zoroark|Trick Room|p2b: Hisuan Zoroark\n|-fieldstart|move: Trick Room|[of] p2b: Hisuan Zoroark\n|\n|-weather|RainDance|[upkeep]\n|upkeep\n|\n|t:|1769974346\n|switch|p2a: Calyrex|Calyrex-Ice, L50|100/100\n|-ability|p2a: Calyrex|As One\n|-ability|p2a: Calyrex|Unnerve\n|turn|2\n|\n|t:|1769974357\n|move|p1a: Roter Baron|Protect|p1a: Roter Baron\n|-singleturn|p1a: Roter Baron|Protect\n|move|p2a: Calyrex|Glacial Lance|p1a: Roter Baron|[spread] p1b\n|-activate|p1a: Roter Baron|move: Protect\n|-resisted|p1b: Tripitz\n|-damage|p1b: Tripitz|70/100\n|move|p2b: Hisuan Zoroark|Wood Hammer|p1b: Tripitz\n|-supereffective|p1b: Tripitz\n|-damage|p1b: Tripitz|0 fnt\n|faint|p1b: Tripitz\n|-damage|p2b: Hisuan Zoroark|63/100|[from] Recoil\n|\n|-weather|RainDance|[upkeep]\n|upkeep\n|\n|t:|1769974370\n|switch|p1b: Hermann|Kingambit, L50, M, shiny|100/100\n|turn|3\n|\n|t:|1769974391\n|switch|p2b: Kyogre|Kyogre, L50|100/100\n|-end|p1a: Roter Baron|Protosynthesis|[silent]\n|switch|p1a: Rhein\u00fcbung|Urshifu-Rapid-Strike, L50, M|100/100\n|move|p2a: Calyrex|Glacial Lance|p1a: Rhein\u00fcbung|[spread] p1a,p1b\n|-resisted|p1a: Rhein\u00fcbung\n|-resisted|p1b: Hermann\n|-damage|p1a: Rhein\u00fcbung|70/100\n|-damage|p1b: Hermann|80/100\n|move|p1b: Hermann|Kowtow Cleave|p2a: Calyrex\n|-supereffective|p2a: Calyrex\n|-crit|p2a: Calyrex\n|-damage|p2a: Calyrex|0 fnt\n|faint|p2a: Calyrex\n|\n|-weather|RainDance|[upkeep]\n|upkeep\n|c|\u2606afdragonite|BRO CRIT\n|c|\u2606marcxhenry|sty\n|\n|t:|1769974406\n|switch|p2a: Hisuan Zoroark|Mimikyu-Busted, L50, F, shiny, tera:Grass|63/100\n|turn|4\n|c|\u2606marcxhenry|sry\n|\n|t:|1769974424\n|switch|p1a: Roter Baron|Roaring Moon, L50, shiny|100/100\n|-terastallize|p1b: Hermann|Grass\n|move|p1b: Hermann|Sucker Punch|p2b: Kyogre\n|-damage|p2b: Kyogre|64/100\n|move|p2b: Kyogre|Origin Pulse|p1a: Roter Baron|[spread] p1a,p1b\n|-resisted|p1a: Roter Baron\n|-resisted|p1b: Hermann\n|-damage|p1a: Roter Baron|65/100\n|-damage|p1b: Hermann|53/100\n|move|p2a: Hisuan Zoroark|Wood Hammer|p1a: Roter Baron\n|-resisted|p1a: Roter Baron\n|-damage|p1a: Roter Baron|31/100\n|-damage|p2a: Hisuan Zoroark|50/100|[from] Recoil\n|\n|-weather|RainDance|[upkeep]\n|-sideend|p1: marcxhenry|move: Tailwind\n|upkeep\n|turn|5\n|\n|t:|1769974445\n|move|p2b: Kyogre|Origin Pulse|p1a: Roter Baron|[spread] p1a\n|-miss|p2b: Kyogre|p1b: Hermann\n|-resisted|p1a: Roter Baron\n|-damage|p1a: Roter Baron|0 fnt\n|faint|p1a: Roter Baron\n|-end|p1a: Roter Baron|Protosynthesis|[silent]\n|move|p1b: Hermann|Kowtow Cleave|p2b: Kyogre\n|-damage|p2b: Kyogre|19/100\n|move|p2a: Hisuan Zoroark|Wood Hammer|p1b: Hermann\n|-resisted|p1b: Hermann\n|-damage|p1b: Hermann|32/100\n|-damage|p2a: Hisuan Zoroark|42/100|[from] Recoil\n|\n|-weather|none\n|-fieldend|move: Trick Room\n|upkeep\n|\n|t:|1769974458\n|switch|p1a: Rhein\u00fcbung|Urshifu-Rapid-Strike, L50, M|70/100\n|turn|6\n|\n|t:|1769974468\n|move|p1b: Hermann|Sucker Punch|p2a: Hisuan Zoroark\n|-damage|p2a: Hisuan Zoroark|0 fnt\n|faint|p2a: Hisuan Zoroark\n|move|p1a: Rhein\u00fcbung|Surging Strikes|p2b: Kyogre\n|-resisted|p2b: Kyogre\n|-crit|p2b: Kyogre\n|-damage|p2b: Kyogre|7/100\n|-resisted|p2b: Kyogre\n|-crit|p2b: Kyogre\n|-damage|p2b: Kyogre|0 fnt\n|faint|p2b: Kyogre\n|-hitcount|p2: Kyogre|2\n|\n|win|marcxhenry\n|raw|marcxhenry's rating: 1563 &rarr; <strong>1580</strong><br />(+17 for winning)\n|raw|afdragonite's rating: 1508 &rarr; <strong>1491</strong><br />(-17 for losing)\n|l|\u2606afdragonite\n|player|p2|\n|l|\u2606marcxhenry\n|player|p1|\n","uploadtime":1769974705,"views":26,"formatid":"gen9vgc2026regi","rating":1491,"private":0,"password":null}