{"id":"gen9vgc2026regi-2556046310","format":"[Gen 9] VGC 2026 Reg I","players":["diegopf","ArisHazard"],"log":"|j|\u2606diegopf\n|j|\u2606ArisHazard\n|t:|1773163067\n|gametype|doubles\n|player|p1|diegopf|dawn-gen4pt|1316\n|player|p2|ArisHazard|266|1393\n|gen|9\n|tier|[Gen 9] VGC 2026 Reg I\n|rated|\n|rule|Species Clause: Limit one of each Pok\u00e9mon\n|rule|Item Clause: Limit 1 of each item\n|clearpoke\n|poke|p1|Koraidon, L50|\n|poke|p1|Lunala, L50|\n|poke|p1|Ursaluna, L50, M|\n|poke|p1|Whimsicott, L50, M|\n|poke|p1|Urshifu-*, L50, M|\n|poke|p1|Kingambit, L50, M|\n|poke|p2|Calyrex-Ice, L50|\n|poke|p2|Urshifu-*, L50, M|\n|poke|p2|Miraidon, L50|\n|poke|p2|Tornadus, L50, M|\n|poke|p2|Sableye, L50, F|\n|poke|p2|Ting-Lu, L50|\n|teampreview|4\n|inactive|Battle timer is ON: inactive players will automatically lose when time's up. (requested by diegopf)\n|\n|t:|1773163092\n|teamsize|p1|4\n|teamsize|p2|4\n|start\n|switch|p1a: Kingambit|Kingambit, L50, M|100/100\n|switch|p1b: Lunala|Lunala, L50|100/100\n|switch|p2a: Calyrex|Calyrex-Ice, L50|100/100\n|switch|p2b: Urshifu|Urshifu-Rapid-Strike, L50, M|100/100\n|-ability|p2a: Calyrex|As One\n|-ability|p2a: Calyrex|Unnerve\n|turn|1\n|inactive|diegopf has 30 seconds left.\n|inactive|diegopf has 20 seconds left.\n|\n|t:|1773163128\n|move|p2a: Calyrex|Protect|p2a: Calyrex\n|-singleturn|p2a: Calyrex|Protect\n|move|p2b: Urshifu|Coaching|p2a: Calyrex\n|-boost|p2a: Calyrex|atk|1\n|-boost|p2a: Calyrex|def|1\n|move|p1b: Lunala|Moonblast|p2b: Urshifu\n|-supereffective|p2b: Urshifu\n|-damage|p2b: Urshifu|9/100\n|move|p1a: Kingambit|Kowtow Cleave|p2a: Calyrex\n|-activate|p2a: Calyrex|move: Protect\n|\n|upkeep\n|turn|2\n|\n|t:|1773163148\n|switch|p2b: Miraidon|Miraidon, L50|100/100\n|-fieldstart|move: Electric Terrain|[from] ability: Hadron Engine|[of] p2b: Miraidon\n|-terastallize|p2a: Calyrex|Fire\n|move|p1a: Kingambit|Sucker Punch|p2a: Calyrex\n|-damage|p2a: Calyrex|83/100\n|move|p1b: Lunala|Moongeist Beam|p2a: Calyrex\n|-damage|p2a: Calyrex|46/100\n|move|p2a: Calyrex|Stomping Tantrum|p1a: Kingambit\n|-supereffective|p1a: Kingambit\n|-damage|p1a: Kingambit|31/100\n|\n|upkeep\n|turn|3\n|\n|t:|1773163167\n|move|p2a: Calyrex|Protect|p2a: Calyrex\n|-singleturn|p2a: Calyrex|Protect\n|move|p1a: Kingambit|Sucker Punch|p2b: Miraidon\n|-damage|p2b: Miraidon|64/100\n|move|p2b: Miraidon|Snarl|p1b: Lunala|[spread] p1a,p1b\n|-resisted|p1a: Kingambit\n|-supereffective|p1b: Lunala\n|-damage|p1a: Kingambit|22/100\n|-damage|p1b: Lunala|73/100\n|-unboost|p1a: Kingambit|spa|1\n|-ability|p1a: Kingambit|Defiant|boost\n|-boost|p1a: Kingambit|atk|2\n|-unboost|p1b: Lunala|spa|1\n|move|p1b: Lunala|Moonblast|p2b: Miraidon\n|-supereffective|p2b: Miraidon\n|-damage|p2b: Miraidon|33/100\n|\n|upkeep\n|turn|4\n|\n|t:|1773163190\n|move|p1a: Kingambit|Sucker Punch|p2a: Calyrex\n|-damage|p2a: Calyrex|11/100\n|move|p2b: Miraidon|Electro Drift|p1a: Kingambit\n|-damage|p1a: Kingambit|0 fnt\n|faint|p1a: Kingambit\n|move|p1b: Lunala|Moonblast|p2b: Miraidon\n|-supereffective|p2b: Miraidon\n|-damage|p2b: Miraidon|4/100\n|-unboost|p2b: Miraidon|spa|1\n|move|p2a: Calyrex|Glacial Lance|p1b: Lunala\n|-damage|p1b: Lunala|0 fnt\n|faint|p1b: Lunala\n|-ability|p2a: Calyrex|Chilling Neigh|boost\n|-boost|p2a: Calyrex|atk|1\n|\n|upkeep\n|\n|t:|1773163206\n|switch|p1b: Koraidon|Koraidon, L50|100/100\n|switch|p1a: Ursaluna|Ursaluna, L50, M|100/100\n|-weather|SunnyDay|[from] ability: Orichalcum Pulse|[of] p1b: Koraidon\n|-activate|p1b: Koraidon|Orichalcum Pulse|[source]\n|turn|5\n|\n|t:|1773163220\n|switch|p2b: Urshifu|Urshifu-Rapid-Strike, L50, M|9/100\n|-terastallize|p1b: Koraidon|Fire\n|move|p1a: Ursaluna|Protect|p1a: Ursaluna\n|-singleturn|p1a: Ursaluna|Protect\n|move|p1b: Koraidon|Flame Charge|p2b: Urshifu\n|-resisted|p2b: Urshifu\n|-damage|p2b: Urshifu|0 fnt\n|-boost|p1b: Koraidon|spe|1\n|faint|p2b: Urshifu\n|move|p2a: Calyrex|Glacial Lance|p1b: Koraidon|[spread] p1b\n|-activate|p1a: Ursaluna|move: Protect\n|-resisted|p1b: Koraidon\n|-damage|p1b: Koraidon|58/100\n|\n|-weather|SunnyDay|[upkeep]\n|-status|p1a: Ursaluna|brn|[from] item: Flame Orb\n|upkeep\n|\n|t:|1773163239\n|switch|p2b: Sableye|Sableye, L50, F|100/100\n|turn|6\n|\n|t:|1773163255\n|move|p2b: Sableye|Encore|p1a: Ursaluna\n|-start|p1a: Ursaluna|Encore\n|move|p1b: Koraidon|Collision Course|p2a: Calyrex\n|-damage|p2a: Calyrex|0 fnt\n|faint|p2a: Calyrex\n|move|p1a: Ursaluna|Protect||[still]\n|-fail|p1a: Ursaluna\n|\n|-weather|SunnyDay|[upkeep]\n|-damage|p1a: Ursaluna|95/100 brn|[from] brn\n|-fieldend|move: Electric Terrain\n|upkeep\n|\n|t:|1773163268\n|switch|p2a: Miraidon|Miraidon, L50|4/100\n|-fieldstart|move: Electric Terrain|[from] ability: Hadron Engine|[of] p2a: Miraidon\n|turn|7\n|\n|t:|1773163276\n|move|p1a: Ursaluna|Protect|p1a: Ursaluna\n|-singleturn|p1a: Ursaluna|Protect\n|move|p2b: Sableye|Encore|p1b: Koraidon\n|-start|p1b: Koraidon|Encore\n|move|p1b: Koraidon|Collision Course|p2a: Miraidon\n|-damage|p2a: Miraidon|0 fnt\n|faint|p2a: Miraidon\n|\n|-weather|SunnyDay|[upkeep]\n|-damage|p1a: Ursaluna|89/100 brn|[from] brn\n|upkeep\n|turn|8\n|\n|t:|1773163289\n|move|p1a: Ursaluna|Protect||[still]\n|-fail|p1a: Ursaluna\n|move|p1b: Koraidon|Collision Course|p2b: Sableye\n|-immune|p2b: Sableye\n|move|p2b: Sableye|Foul Play|p1b: Koraidon\n|-damage|p1b: Koraidon|14/100\n|\n|-weather|SunnyDay|[upkeep]\n|-damage|p1a: Ursaluna|83/100 brn|[from] brn\n|-end|p1a: Ursaluna|Encore\n|upkeep\n|turn|9\n|\n|t:|1773163304\n|move|p1a: Ursaluna|Protect|p1a: Ursaluna\n|-singleturn|p1a: Ursaluna|Protect\n|move|p2b: Sableye|Encore|p1a: Ursaluna\n|-activate|p1a: Ursaluna|move: Protect\n|move|p1b: Koraidon|Collision Course|p2b: Sableye\n|-immune|p2b: Sableye\n|\n|-weather|none\n|-damage|p1a: Ursaluna|77/100 brn|[from] brn\n|-end|p1b: Koraidon|Encore\n|upkeep\n|turn|10\n|\n|t:|1773163322\n|move|p2b: Sableye|Encore|p1a: Ursaluna\n|-start|p1a: Ursaluna|Encore\n|move|p1b: Koraidon|Flare Blitz|p2b: Sableye\n|-damage|p2b: Sableye|13/100\n|-enditem|p2b: Sableye|Sitrus Berry|[eat]\n|-heal|p2b: Sableye|37/100|[from] item: Sitrus Berry\n|-damage|p1b: Koraidon|0 fnt|[from] Recoil\n|faint|p1b: Koraidon\n|move|p1a: Ursaluna|Protect||[still]\n|-fail|p1a: Ursaluna\n|\n|-damage|p1a: Ursaluna|71/100 brn|[from] brn\n|upkeep\n|turn|11\n|-message|diegopf forfeited.\n|\n|win|ArisHazard\n|raw|diegopf's rating: 1316 &rarr; <strong>1300</strong><br />(-16 for losing)\n|raw|ArisHazard's rating: 1393 &rarr; <strong>1409</strong><br />(+16 for winning)\n|l|\u2606diegopf\n|player|p1|\n|l|\u2606ArisHazard\n|player|p2|\n","uploadtime":1773163532,"views":13,"formatid":"gen9vgc2026regi","rating":1300,"private":0,"password":null}