{"id":"gen9vgc2026regi-2563146832","format":"[Gen 9] VGC 2026 Reg I","players":["Bman311","palHunter"],"log":"|j|\u2606Bman311\n|j|\u2606palHunter\n|t:|1773994019\n|gametype|doubles\n|player|p1|Bman311|cynthia-gen7|1451\n|player|p2|palHunter|dawn|1525\n|gen|9\n|tier|[Gen 9] VGC 2026 Reg I\n|rated|\n|rule|Species Clause: Limit one of each Pok\u00e9mon\n|rule|Item Clause: Limit 1 of each item\n|clearpoke\n|poke|p1|Koraidon, L50|\n|poke|p1|Calyrex-Ice, L50|\n|poke|p1|Incineroar, L50, M|\n|poke|p1|Brute Bonnet, L50|\n|poke|p1|Flutter Mane, L50|\n|poke|p1|Ursaluna, L50, M|\n|poke|p2|Calyrex-Shadow, L50|\n|poke|p2|Miraidon, L50|\n|poke|p2|Incineroar, L50, M|\n|poke|p2|Clefairy, L50, F|\n|poke|p2|Grimmsnarl, L50, M|\n|poke|p2|Urshifu-*, L50, F|\n|teampreview|4\n|inactive|Battle timer is ON: inactive players will automatically lose when time's up. (requested by Bman311)\n|inactive|palHunter has 60 seconds left.\nBman311 has agreed to open team sheets.\n|inactive|palHunter has 30 seconds left.\n|\n|t:|1773994083\n|teamsize|p1|4\n|teamsize|p2|4\n|start\n|switch|p1a: Koraidon|Koraidon, L50|100/100\n|switch|p1b: Flutter Mane|Flutter Mane, L50|100/100\n|switch|p2a: Calyrex|Calyrex-Shadow, L50|100/100\n|switch|p2b: Grimmsnarl|Grimmsnarl, L50, M|100/100\n|-ability|p2a: Calyrex|As One\n|-ability|p2a: Calyrex|Unnerve\n|-weather|SunnyDay|[from] ability: Orichalcum Pulse|[of] p1a: Koraidon\n|-activate|p1b: Flutter Mane|ability: Protosynthesis\n|-start|p1b: Flutter Mane|protosynthesisspe\n|-activate|p1a: Koraidon|Orichalcum Pulse|[source]\n|turn|1\n|\n|t:|1773994108\n|-terastallize|p1a: Koraidon|Fire\n|move|p2b: Grimmsnarl|Light Screen|p2b: Grimmsnarl\n|-sidestart|p2: palHunter|move: Light Screen\n|move|p1b: Flutter Mane|Icy Wind|p2a: Calyrex|[spread] p2b\n|-miss|p1b: Flutter Mane|p2a: Calyrex\n|-crit|p2b: Grimmsnarl\n|-damage|p2b: Grimmsnarl|77/100\n|-unboost|p2b: Grimmsnarl|spe|1\n|move|p2a: Calyrex|Astral Barrage|p1a: Koraidon|[spread] p1a,p1b\n|-supereffective|p1b: Flutter Mane\n|-damage|p1a: Koraidon|44/100\n|-enditem|p1b: Flutter Mane|Focus Sash\n|-damage|p1b: Flutter Mane|1/100\n|move|p1a: Koraidon|Flame Charge|p2a: Calyrex\n|-damage|p2a: Calyrex|1/100\n|-boost|p1a: Koraidon|spe|1\n|-damage|p1a: Koraidon|34/100|[from] item: Life Orb\n|\n|-weather|SunnyDay|[upkeep]\n|upkeep\n|turn|2\n|inactive|palHunter has 30 seconds left.\n|\n|t:|1773994133\n|move|p2a: Calyrex|Protect|p2a: Calyrex\n|-singleturn|p2a: Calyrex|Protect\n|move|p2b: Grimmsnarl|Thunder Wave|p1a: Koraidon\n|-status|p1a: Koraidon|par\n|move|p1b: Flutter Mane|Icy Wind|p2a: Calyrex|[spread] p2b\n|-activate|p2a: Calyrex|move: Protect\n|-damage|p2b: Grimmsnarl|67/100\n|-unboost|p2b: Grimmsnarl|spe|1\n|move|p1a: Koraidon|Flare Blitz|p2a: Calyrex\n|-activate|p2a: Calyrex|move: Protect\n|\n|-weather|SunnyDay|[upkeep]\n|upkeep\n|turn|3\n|\n|t:|1773994156\n|switch|p1a: Ursaluna|Ursaluna, L50, M|100/100\n|move|p1b: Flutter Mane|Protect|p1b: Flutter Mane\n|-singleturn|p1b: Flutter Mane|Protect\n|move|p2b: Grimmsnarl|Thunder Wave|p1b: Flutter Mane\n|-activate|p1b: Flutter Mane|move: Protect\n|move|p2a: Calyrex|Astral Barrage|p1b: Flutter Mane|[spread] \n|-activate|p1b: Flutter Mane|move: Protect\n|-immune|p1a: Ursaluna\n|\n|-weather|SunnyDay|[upkeep]\n|-status|p1a: Ursaluna|brn|[from] item: Flame Orb\n|upkeep\n|turn|4\n|\n|t:|1773994175\n|move|p2a: Calyrex|Protect|p2a: Calyrex\n|-singleturn|p2a: Calyrex|Protect\n|move|p2b: Grimmsnarl|Reflect|p2b: Grimmsnarl\n|-sidestart|p2: palHunter|Reflect\n|move|p1b: Flutter Mane|Moonblast|p2b: Grimmsnarl\n|-supereffective|p2b: Grimmsnarl\n|-damage|p2b: Grimmsnarl|0 fnt\n|faint|p2b: Grimmsnarl\n|move|p1a: Ursaluna|Earthquake|p2a: Calyrex|[spread] p1b\n|-activate|p2a: Calyrex|move: Protect\n|-damage|p1b: Flutter Mane|0 fnt\n|faint|p1b: Flutter Mane\n|-end|p1b: Flutter Mane|Protosynthesis|[silent]\n|\n|-weather|SunnyDay|[upkeep]\n|-damage|p1a: Ursaluna|95/100 brn|[from] brn\n|upkeep\n|inactive|palHunter has 30 seconds left.\n|\n|t:|1773994209\n|switch|p1b: Koraidon|Koraidon, L50, tera:Fire|34/100 par\n|switch|p2b: Incineroar|Incineroar, L50, M|100/100\n|-activate|p1b: Koraidon|ability: Orichalcum Pulse\n|-ability|p2b: Incineroar|Intimidate|boost\n|-unboost|p1a: Ursaluna|atk|1\n|-unboost|p1b: Koraidon|atk|1\n|turn|5\n|\n|t:|1773994222\n|move|p1b: Koraidon|Protect|p1b: Koraidon\n|-singleturn|p1b: Koraidon|Protect\n|move|p1a: Ursaluna|Protect|p1a: Ursaluna\n|-singleturn|p1a: Ursaluna|Protect\n|move|p2b: Incineroar|Fake Out|p1a: Ursaluna\n|-activate|p1a: Ursaluna|move: Protect\n|move|p2a: Calyrex|Psychic|p1a: Ursaluna\n|-activate|p1a: Ursaluna|move: Protect\n|\n|-weather|none\n|-damage|p1a: Ursaluna|89/100 brn|[from] brn\n|upkeep\n|turn|6\n|inactive|palHunter has 30 seconds left.\n|inactive|palHunter has 20 seconds left.\n|inactive|palHunter has 15 seconds left.\n|inactive|palHunter has 10 seconds left.\n|\n|t:|1773994269\n|move|p2a: Calyrex|Psychic|p1b: Koraidon\n|-damage|p1b: Koraidon|0 fnt\n|faint|p1b: Koraidon\n|-ability|p2a: Calyrex|Grim Neigh|boost\n|-boost|p2a: Calyrex|spa|1\n|move|p2b: Incineroar|Parting Shot|p1a: Ursaluna\n|-unboost|p1a: Ursaluna|atk|1\n|-unboost|p1a: Ursaluna|spa|1\n|\n|t:|1773994277\n|switch|p2b: Miraidon|Miraidon, L50|100/100|[from] Parting Shot\n|-fieldstart|move: Electric Terrain|[from] ability: Hadron Engine|[of] p2b: Miraidon\n|move|p1a: Ursaluna|Earthquake|p2b: Miraidon|[spread] p2a,p2b\n|-supereffective|p2b: Miraidon\n|-damage|p2a: Calyrex|0 fnt\n|-damage|p2b: Miraidon|67/100\n|faint|p2a: Calyrex\n|\n|-damage|p1a: Ursaluna|83/100 brn|[from] brn\n|upkeep\n|\n|t:|1773994289\n|switch|p2a: Incineroar|Incineroar, L50, M|100/100\n|switch|p1b: Calyrex|Calyrex-Ice, L50|100/100\n|-ability|p1b: Calyrex|As One\n|-ability|p1b: Calyrex|Unnerve\n|-ability|p2a: Incineroar|Intimidate|boost\n|-unboost|p1a: Ursaluna|atk|1\n|-fail|p1b: Calyrex|unboost|[from] item: Clear Amulet|[of] p1b: Calyrex\n|turn|7\n|inactive|palHunter has 30 seconds left.\n|\n|t:|1773994320\n|move|p1b: Calyrex|Protect|p1b: Calyrex\n|-singleturn|p1b: Calyrex|Protect\n|move|p2a: Incineroar|Fake Out|p1b: Calyrex\n|-activate|p1b: Calyrex|move: Protect\n|move|p2b: Miraidon|Calm Mind|p2b: Miraidon\n|-boost|p2b: Miraidon|spa|1\n|-boost|p2b: Miraidon|spd|1\n|move|p1a: Ursaluna|Earthquake|p2b: Miraidon|[spread] p2a,p2b\n|-activate|p1b: Calyrex|move: Protect\n|-supereffective|p2a: Incineroar\n|-supereffective|p2b: Miraidon\n|-damage|p2a: Incineroar|74/100\n|-damage|p2b: Miraidon|41/100\n|\n|-damage|p1a: Ursaluna|77/100 brn|[from] brn\n|upkeep\n|turn|8\n|j| 801344244a\n|\n|t:|1773994340\n|-terastallize|p2b: Miraidon|Electric\n|move|p2b: Miraidon|Parabolic Charge|p1b: Calyrex|[spread] p2a,p1b\n|-immune|p1a: Ursaluna\n|-damage|p2a: Incineroar|29/100\n|-heal|p2b: Miraidon|64/100|[from] drain|[of] p2a: Incineroar\n|-damage|p1b: Calyrex|48/100\n|-heal|p2b: Miraidon|90/100|[from] drain|[of] p1b: Calyrex\n|move|p2a: Incineroar|Knock Off|p1b: Calyrex\n|-supereffective|p1b: Calyrex\n|-damage|p1b: Calyrex|5/100\n|-enditem|p1b: Calyrex|Clear Amulet|[from] move: Knock Off|[of] p2a: Incineroar\n|move|p1b: Calyrex|Glacial Lance|p2b: Miraidon|[spread] p2a,p2b\n|-resisted|p2a: Incineroar\n|-damage|p2a: Incineroar|13/100\n|-damage|p2b: Miraidon|59/100\n|move|p1a: Ursaluna|Earthquake|p2b: Miraidon|[spread] p1b,p2a,p2b\n|-supereffective|p2a: Incineroar\n|-supereffective|p2b: Miraidon\n|-damage|p1b: Calyrex|0 fnt\n|-damage|p2a: Incineroar|0 fnt\n|-damage|p2b: Miraidon|32/100\n|faint|p1b: Calyrex\n|faint|p2a: Incineroar\n|\n|-damage|p1a: Ursaluna|71/100 brn|[from] brn\n|-sideend|p2: palHunter|move: Light Screen\n|upkeep\n|turn|9\n|j| Janusch147\n|inactive|palHunter has 30 seconds left.\n|\n|t:|1773994365\n|move|p2b: Miraidon|Dragon Pulse|p1a: Ursaluna\n|-damage|p1a: Ursaluna|0 fnt\n|faint|p1a: Ursaluna\n|\n|win|palHunter\n|raw|Bman311's rating: 1451 &rarr; <strong>1435</strong><br />(-16 for losing)\n|raw|palHunter's rating: 1525 &rarr; <strong>1541</strong><br />(+16 for winning)\n|l|\u2606Bman311\n|player|p1|\n|l|\u2606palHunter\n|player|p2|\n|l| Janusch147\n|l| 801344244a\n","uploadtime":1773994571,"views":11,"formatid":"gen9vgc2026regi","rating":1435,"private":0,"password":null}