{"id":"gen9vgc2026regi-2533472992","format":"[Gen 9] VGC 2026 Reg I","players":["wtacrv","i\u2764\u5a1c\u7984forever"],"log":"|j|\u2606wtacrv\n|j|\u2606i\u2764\u5a1c\u7984forever\n|t:|1770308945\n|gametype|doubles\n|player|p1|wtacrv|biker-gen4|1335\n|player|p2|i\u2764\u5a1c\u7984forever|youngcouple|1524\n|gen|9\n|tier|[Gen 9] VGC 2026 Reg I\n|rated|\n|rule|Species Clause: Limit one of each Pok\u00e9mon\n|rule|Item Clause: Limit 1 of each item\n|clearpoke\n|poke|p1|Calyrex-Ice, L50|\n|poke|p1|Excadrill, L50, F|\n|poke|p1|Miraidon, L50|\n|poke|p1|Chi-Yu, L50|\n|poke|p1|Indeedee-F, L50, F|\n|poke|p1|Tyranitar, L50, M|\n|poke|p2|Groudon, L50|\n|poke|p2|Kyurem-White, L50|\n|poke|p2|Heatran, L50, M|\n|poke|p2|Whimsicott, L50, F|\n|poke|p2|Roaring Moon, L50|\n|poke|p2|Ditto, L50|\n|teampreview|4\n|inactive|Battle timer is ON: inactive players will automatically lose when time's up. (requested by wtacrv)\n|\n|t:|1770308973\n|teamsize|p1|4\n|teamsize|p2|4\n|start\n|switch|p1a: Calyrex|Calyrex-Ice, L50|100/100\n|switch|p1b: Indeedee|Indeedee-F, L50, F|100/100\n|switch|p2a: Kyurem|Kyurem-White, L50|100/100\n|switch|p2b: Roaring Moon|Roaring Moon, L50|100/100\n|-ability|p1a: Calyrex|As One\n|-ability|p1a: Calyrex|Unnerve\n|-ability|p2a: Kyurem|Turboblaze\n|-fieldstart|move: Psychic Terrain|[from] ability: Psychic Surge|[of] p1b: Indeedee\n|-enditem|p1a: Calyrex|Psychic Seed\n|-boost|p1a: Calyrex|spd|1|[from] item: Psychic Seed\n|turn|1\n|\n|t:|1770308991\n|move|p1b: Indeedee|Follow Me|p1b: Indeedee\n|-singleturn|p1b: Indeedee|move: Follow Me\n|move|p2b: Roaring Moon|Knock Off|p1b: Indeedee\n|-supereffective|p1b: Indeedee\n|-damage|p1b: Indeedee|0 fnt\n|-damage|p2b: Roaring Moon|84/100|[from] item: Rocky Helmet|[of] p1b: Indeedee\n|-enditem|p1b: Indeedee|Rocky Helmet|[from] move: Knock Off|[of] p2b: Roaring Moon\n|faint|p1b: Indeedee\n|move|p2a: Kyurem|Blizzard|p1a: Calyrex\n|-resisted|p1a: Calyrex\n|-damage|p1a: Calyrex|83/100\n|move|p1a: Calyrex|Glacial Lance|p2a: Kyurem|[spread] p2a,p2b\n|-supereffective|p2b: Roaring Moon\n|-damage|p2a: Kyurem|47/100\n|-damage|p2b: Roaring Moon|0 fnt\n|faint|p2b: Roaring Moon\n|-end|p2b: Roaring Moon|Protosynthesis|[silent]\n|-ability|p1a: Calyrex|Chilling Neigh|boost\n|-boost|p1a: Calyrex|atk|1\n|\n|upkeep\n|\n|t:|1770309008\n|switch|p2b: Ditto|Ditto, L50|100/100\n|switch|p1b: Tyranitar|Tyranitar, L50, M|100/100\n|-transform|p2b: Ditto|p1a: Calyrex|[from] ability: Imposter\n|-ability|p2b: Ditto|As One\n|-ability|p2b: Ditto|Unnerve\n|-weather|Sandstorm|[from] ability: Sand Stream|[of] p1b: Tyranitar\n|turn|2\n|\n|t:|1770309030\n|-terastallize|p1a: Calyrex|Water\n|move|p1b: Tyranitar|Protect|p1b: Tyranitar\n|-singleturn|p1b: Tyranitar|Protect\n|move|p2b: Ditto|Protect|p2b: Ditto\n|-singleturn|p2b: Ditto|Protect\n|move|p2a: Kyurem|Fusion Flare|p1a: Calyrex\n|-resisted|p1a: Calyrex\n|-damage|p1a: Calyrex|73/100\n|move|p1a: Calyrex|Glacial Lance|p2b: Ditto|[spread] p2a\n|-activate|p2b: Ditto|move: Protect\n|-damage|p2a: Kyurem|0 fnt\n|faint|p2a: Kyurem\n|-ability|p1a: Calyrex|Chilling Neigh|boost\n|-boost|p1a: Calyrex|atk|1\n|\n|-weather|Sandstorm|[upkeep]\n|-damage|p2b: Ditto|95/100|[from] Sandstorm\n|-damage|p1a: Calyrex|67/100|[from] Sandstorm\n|upkeep\n|\n|t:|1770309044\n|switch|p2a: Groudon|Groudon, L50|100/100\n|-weather|SunnyDay|[from] ability: Drought|[of] p2a: Groudon\n|turn|3\n|\n|t:|1770309054\n|switch|p1b: Excadrill|Excadrill, L50, F|100/100\n|move|p2a: Groudon|Precipice Blades|p1b: Excadrill|[spread] p1b\n|-miss|p2a: Groudon|p1a: Calyrex\n|-supereffective|p1b: Excadrill\n|-crit|p1b: Excadrill\n|-damage|p1b: Excadrill|0 fnt\n|faint|p1b: Excadrill\n|move|p2b: Ditto|High Horsepower|p1a: Calyrex\n|-damage|p1a: Calyrex|24/100\n|move|p1a: Calyrex|Glacial Lance|p2a: Groudon|[spread] p2a\n|-miss|p1a: Calyrex|p2b: Ditto\n|-supereffective|p2a: Groudon\n|-damage|p2a: Groudon|0 fnt\n|faint|p2a: Groudon\n|-ability|p1a: Calyrex|Chilling Neigh|boost\n|-boost|p1a: Calyrex|atk|1\n|\n|-weather|SunnyDay|[upkeep]\n|upkeep\n|\n|t:|1770309072\n|switch|p1b: Tyranitar|Tyranitar, L50, M|100/100\n|-weather|Sandstorm|[from] ability: Sand Stream|[of] p1b: Tyranitar\n|turn|4\n|inactive|wtacrv has 30 seconds left.\n|c|\u2606wtacrv|hey how did ditto avoid my attack?\n|c|\u2606wtacrv|confused rn\n|inactive|wtacrv has 20 seconds left.\n|\n|t:|1770309112\n|-terastallize|p2b: Ditto|Dark\n|move|p1b: Tyranitar|Knock Off|p2b: Ditto\n|-resisted|p2b: Ditto\n|-damage|p2b: Ditto|73/100\n|-enditem|p2b: Ditto|Bright Powder|[from] move: Knock Off|[of] p1b: Tyranitar\n|move|p1a: Calyrex|High Horsepower|p2b: Ditto|[miss]\n|-miss|p1a: Calyrex|p2b: Ditto\n|move|p2b: Ditto|Glacial Lance|p1a: Calyrex|[spread] p1a,p1b\n|-resisted|p1a: Calyrex\n|-damage|p1a: Calyrex|0 fnt\n|-damage|p1b: Tyranitar|28/100\n|faint|p1a: Calyrex\n|-ability|p2b: Ditto|Chilling Neigh|boost\n|-boost|p2b: Ditto|atk|1\n|\n|-weather|Sandstorm|[upkeep]\n|-damage|p2b: Ditto|68/100|[from] Sandstorm\n|upkeep\n|turn|5\n|\n|t:|1770309127\n|move|p1b: Tyranitar|Rock Slide|p2b: Ditto\n|-damage|p2b: Ditto|33/100\n|move|p2b: Ditto|Glacial Lance|p1b: Tyranitar\n|-damage|p1b: Tyranitar|0 fnt\n|faint|p1b: Tyranitar\n|\n|win|i\u2764\u5a1c\u7984forever\n|raw|wtacrv's rating: 1335 &rarr; <strong>1325</strong><br />(-10 for losing)\n|raw|i\u2764\u5a1c\u7984forever's rating: 1524 &rarr; <strong>1534</strong><br />(+10 for winning)\n","uploadtime":1770309288,"views":16,"formatid":"gen9vgc2026regi","rating":1325,"private":0,"password":null}