{"id":"gen9vgc2026regi-2589430011","format":"[Gen 9] VGC 2026 Reg I","players":["Yung Nuggets","Shagrathisbeast"],"log":"|j|\u2606Yung Nuggets\n|j|\u2606Shagrathisbeast\n|t:|1776722270\n|gametype|doubles\n|player|p1|Yung Nuggets|ghetsis-gen5bw|1399\n|player|p2|Shagrathisbeast|266|1491\n|gen|9\n|tier|[Gen 9] VGC 2026 Reg I\n|rated|\n|rule|Species Clause: Limit one of each Pok\u00e9mon\n|rule|Item Clause: Limit 1 of each item\n|clearpoke\n|poke|p1|Terapagos, L50, M|\n|poke|p1|Miraidon, L50|\n|poke|p1|Iron Treads, L50|\n|poke|p1|Incineroar, L50, M|\n|poke|p1|Alcremie, L50, F|\n|poke|p1|Sinistcha, L50|\n|poke|p2|Terapagos, L50, M|\n|poke|p2|Clefairy, L50, M|\n|poke|p2|Ogerpon-Hearthflame, L50, F|\n|poke|p2|Calyrex-Shadow, L50|\n|poke|p2|Grimmsnarl, L50, M|\n|poke|p2|Rillaboom, L50, F|\n|teampreview|4\n|inactive|Battle timer is ON: inactive players will automatically lose when time's up. (requested by Yung Nuggets)\n|inactive|Yung Nuggets has 60 seconds left.\n|inactive|Shagrathisbeast has 60 seconds left.\n|inactive|Yung Nuggets has 30 seconds left.\n|\n|t:|1776722343\n|teamsize|p1|4\n|teamsize|p2|4\n|start\n|switch|p1a: Terapagos|Terapagos, L50, M|100/100\n|switch|p1b: Alcremie|Alcremie, L50, F, shiny|100/100\n|switch|p2a: Grimmsnarl|Grimmsnarl, L50, M, shiny|100/100\n|switch|p2b: Terapagos|Terapagos, L50, M|100/100\n|-activate|p2b: Terapagos|ability: Tera Shift\n|detailschange|p2b: Terapagos|Terapagos-Terastal, L50, M\n|-heal|p2b: Terapagos|100/100|[silent]\n|-activate|p1a: Terapagos|ability: Tera Shift\n|detailschange|p1a: Terapagos|Terapagos-Terastal, L50, M\n|-heal|p1a: Terapagos|100/100|[silent]\n|turn|1\n|\n|t:|1776722360\n|move|p2a: Grimmsnarl|Thunder Wave|p1a: Terapagos\n|-status|p1a: Terapagos|par\n|move|p2b: Terapagos|Calm Mind|p2b: Terapagos\n|-boost|p2b: Terapagos|spa|1\n|-boost|p2b: Terapagos|spd|1\n|move|p1b: Alcremie|Decorate|p1a: Terapagos\n|-boost|p1a: Terapagos|atk|2\n|-boost|p1a: Terapagos|spa|2\n|move|p1a: Terapagos|Calm Mind|p1a: Terapagos\n|-boost|p1a: Terapagos|spa|1\n|-boost|p1a: Terapagos|spd|1\n|\n|upkeep\n|turn|2\n|\n|t:|1776722372\n|move|p2a: Grimmsnarl|Light Screen|p2a: Grimmsnarl\n|-sidestart|p2: Shagrathisbeast|move: Light Screen\n|move|p2b: Terapagos|Calm Mind|p2b: Terapagos\n|-boost|p2b: Terapagos|spa|1\n|-boost|p2b: Terapagos|spd|1\n|move|p1b: Alcremie|Decorate|p1a: Terapagos\n|-boost|p1a: Terapagos|atk|2\n|-boost|p1a: Terapagos|spa|2\n|move|p1a: Terapagos|Calm Mind|p1a: Terapagos\n|-boost|p1a: Terapagos|spa|1\n|-boost|p1a: Terapagos|spd|1\n|\n|upkeep\n|turn|3\n|\n|t:|1776722385\n|-terastallize|p1a: Terapagos|Stellar\n|detailschange|p1a: Terapagos|Terapagos-Stellar, L50, M, tera:Stellar\n|-heal|p1a: Terapagos|100/100 par|[silent]\n|move|p1b: Alcremie|Helping Hand|p1a: Terapagos\n|-singleturn|p1a: Terapagos|Helping Hand|[of] p1b: Alcremie\n|move|p2a: Grimmsnarl|Thunder Wave|p1b: Alcremie\n|-status|p1b: Alcremie|par\n|move|p2b: Terapagos|Calm Mind|p2b: Terapagos\n|-boost|p2b: Terapagos|spa|1\n|-boost|p2b: Terapagos|spd|1\n|move|p1a: Terapagos|Tera Starstorm|p2b: Terapagos|[spread] p2a,p2b\n|-activate|p2b: Terapagos|ability: Tera Shell\n|-resisted|p2b: Terapagos\n|-damage|p2a: Grimmsnarl|0 fnt\n|-damage|p2b: Terapagos|72/100\n|faint|p2a: Grimmsnarl\n|\n|-heal|p2b: Terapagos|78/100|[from] item: Leftovers\n|upkeep\n|\n|t:|1776722400\n|switch|p2a: Rillaboom|Rillaboom, L50, F, shiny|100/100\n|-fieldstart|move: Grassy Terrain|[from] ability: Grassy Surge|[of] p2a: Rillaboom\n|turn|4\n|\n|t:|1776722410\n|move|p1b: Alcremie|Helping Hand|p1a: Terapagos\n|-singleturn|p1a: Terapagos|Helping Hand|[of] p1b: Alcremie\n|move|p2a: Rillaboom|Fake Out|p1a: Terapagos\n|-damage|p1a: Terapagos|92/100 par\n|move|p2b: Terapagos|Calm Mind|p2b: Terapagos\n|-boost|p2b: Terapagos|spa|1\n|-boost|p2b: Terapagos|spd|1\n|cant|p1a: Terapagos|flinch\n|\n|-heal|p2b: Terapagos|84/100|[from] Grassy Terrain\n|-heal|p2b: Terapagos|90/100|[from] item: Leftovers\n|-heal|p1a: Terapagos|98/100 par|[from] Grassy Terrain\n|-heal|p1a: Terapagos|100/100 par|[from] item: Leftovers\n|upkeep\n|turn|5\n|\n|t:|1776722426\n|switch|p2a: Calyrex|Calyrex-Shadow, L50|100/100\n|-ability|p2a: Calyrex|As One\n|-ability|p2a: Calyrex|Unnerve\n|cant|p1b: Alcremie|par\n|move|p2b: Terapagos|Calm Mind|p2b: Terapagos\n|-boost|p2b: Terapagos|spa|1\n|-boost|p2b: Terapagos|spd|1\n|move|p1a: Terapagos|Tera Starstorm|p2b: Terapagos|[spread] p2a,p2b\n|-enditem|p2a: Calyrex|Focus Sash\n|-damage|p2a: Calyrex|1/100\n|-damage|p2b: Terapagos|63/100\n|\n|-heal|p2a: Calyrex|7/100|[from] Grassy Terrain\n|-heal|p2b: Terapagos|69/100|[from] Grassy Terrain\n|-heal|p2b: Terapagos|75/100|[from] item: Leftovers\n|upkeep\n|turn|6\n|\n|t:|1776722440\n|cant|p1b: Alcremie|par\n|move|p2a: Calyrex|Protect|p2a: Calyrex\n|-singleturn|p2a: Calyrex|Protect\n|move|p2b: Terapagos|Calm Mind|p2b: Terapagos\n|-boost|p2b: Terapagos|spa|1\n|-boost|p2b: Terapagos|spd|1\n|cant|p1a: Terapagos|par\n|\n|-heal|p2a: Calyrex|12/100|[from] Grassy Terrain\n|-heal|p2b: Terapagos|81/100|[from] Grassy Terrain\n|-heal|p2b: Terapagos|87/100|[from] item: Leftovers\n|upkeep\n|turn|7\n|\n|t:|1776722454\n|-terastallize|p2b: Terapagos|Stellar\n|detailschange|p2b: Terapagos|Terapagos-Stellar, L50, M, tera:Stellar\n|-heal|p2b: Terapagos|91/100|[silent]\n|-ability|p2b: Terapagos|Teraform Zero\n|-fieldend|move: Grassy Terrain\n|move|p1b: Alcremie|Helping Hand|p1a: Terapagos\n|-singleturn|p1a: Terapagos|Helping Hand|[of] p1b: Alcremie\n|move|p2a: Calyrex|Astral Barrage|p1b: Alcremie|[spread] p1b\n|-immune|p1a: Terapagos\n|-damage|p1b: Alcremie|66/100 par\n|move|p2b: Terapagos|Tera Starstorm|p1b: Alcremie|[spread] p1a,p1b\n|-supereffective|p1a: Terapagos\n|-damage|p1a: Terapagos|0 fnt\n|-damage|p1b: Alcremie|0 fnt\n|faint|p1a: Terapagos\n|detailschange|p1: Terapagos|Terapagos, L50, M|[silent]\n|faint|p1b: Alcremie\n|\n|-heal|p2b: Terapagos|97/100|[from] item: Leftovers\n|upkeep\n|\n|t:|1776722471\n|switch|p1b: Sinistcha|Sinistcha, L50|100/100\n|switch|p1a: Miraidon|Miraidon, L50|100/100\n|-fieldstart|move: Electric Terrain|[from] ability: Hadron Engine|[of] p1a: Miraidon\n|turn|8\n|\n|t:|1776722481\n|switch|p2a: Rillaboom|Rillaboom, L50, F, shiny|100/100\n|-fieldstart|move: Grassy Terrain|[from] ability: Grassy Surge|[of] p2a: Rillaboom\n|move|p2b: Terapagos|Protect|p2b: Terapagos\n|-singleturn|p2b: Terapagos|Protect\n|move|p1a: Miraidon|Electro Drift|p2b: Terapagos\n|-activate|p2b: Terapagos|move: Protect\n|move|p1b: Sinistcha|Matcha Gotcha|p2b: Terapagos|[spread] p2a\n|-activate|p2b: Terapagos|move: Protect\n|-resisted|p2a: Rillaboom\n|-damage|p2a: Rillaboom|92/100\n|\n|-heal|p2a: Rillaboom|98/100|[from] Grassy Terrain\n|-heal|p2b: Terapagos|100/100|[from] Grassy Terrain\n|upkeep\n|turn|9\n|\n|t:|1776722487\n|move|p2a: Rillaboom|Fake Out|p1a: Miraidon\n|-crit|p1a: Miraidon\n|-damage|p1a: Miraidon|77/100\n|cant|p1a: Miraidon|flinch\n|move|p2b: Terapagos|Tera Starstorm|p1b: Sinistcha|[spread] p1a,p1b\n|-damage|p1a: Miraidon|0 fnt\n|-enditem|p1b: Sinistcha|Focus Sash\n|-damage|p1b: Sinistcha|1/100\n|faint|p1a: Miraidon\n|move|p1b: Sinistcha|Matcha Gotcha|p2b: Terapagos|[spread] p2a,p2b\n|-resisted|p2a: Rillaboom\n|-damage|p2a: Rillaboom|90/100\n|-heal|p1b: Sinistcha|6/100|[from] drain|[of] p2a: Rillaboom\n|-damage|p2b: Terapagos|97/100\n|-heal|p1b: Sinistcha|8/100|[from] drain|[of] p2b: Terapagos\n|\n|-heal|p2a: Rillaboom|96/100|[from] Grassy Terrain\n|-heal|p2b: Terapagos|100/100|[from] Grassy Terrain\n|-heal|p1b: Sinistcha|15/100|[from] Grassy Terrain\n|-sideend|p2: Shagrathisbeast|move: Light Screen\n|upkeep\n|turn|10\n|-message|Yung Nuggets forfeited.\n|\n|win|Shagrathisbeast\n|raw|Yung Nuggets's rating: 1399 &rarr; <strong>1384</strong><br />(-15 for losing)\n|raw|Shagrathisbeast's rating: 1491 &rarr; <strong>1506</strong><br />(+15 for winning)\n|l|\u2606Yung Nuggets\n|player|p1|\n|c|\u2606Shagrathisbeast|lol ggs\n|l|\u2606Shagrathisbeast\n|player|p2|\n","uploadtime":1776722508,"views":11,"formatid":"gen9vgc2026regi","rating":1384,"private":0,"password":null}