{"id":"gen9vgc2026regi-2590389274","format":"[Gen 9] VGC 2026 Reg I","players":["unzksakdk","TheAndUrgeTheUrge"],"log":"|j|\u2606unzksakdk\n|j|\u2606TheAndUrgeTheUrge\n|t:|1776805877\n|gametype|doubles\n|player|p1|unzksakdk|170|1552\n|player|p2|TheAndUrgeTheUrge|265|1670\n|gen|9\n|tier|[Gen 9] VGC 2026 Reg I\n|rated|\n|rule|Species Clause: Limit one of each Pok\u00e9mon\n|rule|Item Clause: Limit 1 of each item\n|clearpoke\n|poke|p1|Groudon, L50|\n|poke|p1|Jumpluff, L50, F|\n|poke|p1|Miraidon, L50|\n|poke|p1|Farigiraf, L50, F|\n|poke|p1|Incineroar, L50, M|\n|poke|p1|Grimmsnarl, L50, M|\n|poke|p2|Miraidon, L50|\n|poke|p2|Zamazenta-*, L50|\n|poke|p2|Incineroar, L50, F|\n|poke|p2|Rillaboom, L50, F|\n|poke|p2|Chien-Pao, L50|\n|poke|p2|Tornadus, L50, M|\n|teampreview|4\n|\n|t:|1776805908\n|teamsize|p1|4\n|teamsize|p2|4\n|start\n|switch|p1a: Groudon|Groudon, L50|100/100\n|switch|p1b: Jumpluff|Jumpluff, L50, F|100/100\n|switch|p2a: Zamazenta|Zamazenta-Crowned, L50, shiny|100/100\n|switch|p2b: Miraidon|Miraidon, L50|100/100\n|-fieldstart|move: Electric Terrain|[from] ability: Hadron Engine|[of] p2b: Miraidon\n|-ability|p2a: Zamazenta|Dauntless Shield|boost\n|-boost|p2a: Zamazenta|def|1\n|-weather|SunnyDay|[from] ability: Drought|[of] p1a: Groudon\n|turn|1\n|\n|t:|1776805939\n|move|p2a: Zamazenta|Protect|p2a: Zamazenta\n|-singleturn|p2a: Zamazenta|Protect\n|move|p1a: Groudon|Protect|p1a: Groudon\n|-singleturn|p1a: Groudon|Protect\n|move|p1b: Jumpluff|Tailwind|p1b: Jumpluff\n|-sidestart|p1: unzksakdk|move: Tailwind\n|move|p2b: Miraidon|Volt Switch|p1b: Jumpluff\n|-damage|p1b: Jumpluff|10/100\n|-damage|p2b: Miraidon|91/100|[from] item: Life Orb\n|\n|t:|1776805949\n|switch|p2b: Incineroar|Incineroar, L50, F, shiny|100/100|[from] Volt Switch\n|-ability|p2b: Incineroar|Intimidate|boost\n|-fail|p1a: Groudon|unboost|[from] item: Clear Amulet|[of] p1a: Groudon\n|-unboost|p1b: Jumpluff|atk|1\n|\n|-weather|SunnyDay|[upkeep]\n|upkeep\n|turn|2\n|\n|t:|1776805968\n|switch|p1a: Farigiraf|Farigiraf, L50, F|100/100\n|-enditem|p1a: Farigiraf|Electric Seed\n|-boost|p1a: Farigiraf|def|1|[from] item: Electric Seed\n|move|p2b: Incineroar|Fake Out||[still]\n|cant|p1a: Farigiraf|ability: Armor Tail|Fake Out|[of] p2b: Incineroar\n|move|p1b: Jumpluff|Endeavor|p2a: Zamazenta\n|-damage|p2a: Zamazenta|10/100\n|move|p2a: Zamazenta|Iron Defense|p2a: Zamazenta\n|-boost|p2a: Zamazenta|def|2\n|\n|-weather|SunnyDay|[upkeep]\n|upkeep\n|turn|3\n|\n|t:|1776805995\n|move|p2a: Zamazenta|Protect|p2a: Zamazenta\n|-singleturn|p2a: Zamazenta|Protect\n|move|p1b: Jumpluff|Endeavor|p2b: Incineroar\n|-damage|p2b: Incineroar|9/100\n|move|p1a: Farigiraf|Psychic|p2a: Zamazenta\n|-activate|p2a: Zamazenta|move: Protect\n|move|p2b: Incineroar|Parting Shot|p1b: Jumpluff\n|-unboost|p1b: Jumpluff|atk|1\n|-unboost|p1b: Jumpluff|spa|1\n|\n|t:|1776806006\n|switch|p2b: Tornadus|Tornadus, L50, M|100/100|[from] Parting Shot\n|\n|-weather|SunnyDay|[upkeep]\n|upkeep\n|turn|4\n|\n|t:|1776806017\n|-terastallize|p2a: Zamazenta|Ghost\n|move|p1b: Jumpluff|Endeavor|p2b: Tornadus\n|-damage|p2b: Tornadus|10/100\n|-damage|p1b: Jumpluff|0 fnt|[from] item: Rocky Helmet|[of] p2b: Tornadus\n|faint|p1b: Jumpluff\n|move|p2a: Zamazenta|Body Press|p1a: Farigiraf\n|-damage|p1a: Farigiraf|29/100\n|move|p1a: Farigiraf|Psychic|p2a: Zamazenta\n|-damage|p2a: Zamazenta|0 fnt\n|faint|p2a: Zamazenta\n|move|p2b: Tornadus|Bleakwind Storm|p1a: Farigiraf\n|-damage|p1a: Farigiraf|0 fnt\n|faint|p1a: Farigiraf\n|\n|-weather|SunnyDay|[upkeep]\n|-sideend|p1: unzksakdk|move: Tailwind\n|upkeep\n|\n|t:|1776806039\n|switch|p1b: Groudon|Groudon, L50|100/100\n|switch|p2a: Miraidon|Miraidon, L50|91/100\n|switch|p1a: Miraidon|Miraidon, L50|100/100\n|-activate|p1a: Miraidon|ability: Hadron Engine\n|-activate|p2a: Miraidon|ability: Hadron Engine\n|turn|5\n|\n|t:|1776806084\n|-terastallize|p1a: Miraidon|Fairy\n|move|p2b: Tornadus|Tailwind|p2b: Tornadus\n|-sidestart|p2: TheAndUrgeTheUrge|move: Tailwind\n|move|p2a: Miraidon|Draco Meteor|p1b: Groudon|[miss]\n|-miss|p2a: Miraidon|p1b: Groudon\n|move|p1a: Miraidon|Dazzling Gleam|p2b: Tornadus|[spread] p2a,p2b\n|-supereffective|p2a: Miraidon\n|-damage|p2a: Miraidon|0 fnt\n|-damage|p2b: Tornadus|0 fnt\n|faint|p2a: Miraidon\n|faint|p2b: Tornadus\n|move|p1b: Groudon|Heat Crash|p2: Miraidon|[notarget]\n|-fail|p1b: Groudon\n|\n|-weather|none\n|-fieldend|move: Electric Terrain\n|upkeep\n|-message|TheAndUrgeTheUrge forfeited.\n|\n|win|unzksakdk\n|raw|unzksakdk's rating: 1552 &rarr; <strong>1579</strong><br />(+27 for winning)\n|raw|TheAndUrgeTheUrge's rating: 1670 &rarr; <strong>1643</strong><br />(-27 for losing)\n|l|\u2606TheAndUrgeTheUrge\n|player|p2|\n","uploadtime":1776806275,"views":13,"formatid":"gen9vgc2026regi","rating":1579,"private":0,"password":null}