{"id":"gen9vgc2026regi-2548273645","format":"[Gen 9] VGC 2026 Reg I","players":["partigiano jonny","Crawsomeness"],"log":"|j|\u2606partigiano jonny\n|j|\u2606Crawsomeness\n|t:|1772197321\n|gametype|doubles\n|player|p1|partigiano jonny|volkner|1200\n|player|p2|Crawsomeness|hiker-gen4|1413\n|gen|9\n|tier|[Gen 9] VGC 2026 Reg I\n|rated|\n|rule|Species Clause: Limit one of each Pok\u00e9mon\n|rule|Item Clause: Limit 1 of each item\n|clearpoke\n|poke|p1|Miraidon, L50|\n|poke|p1|Lunala, L50|\n|poke|p1|Incineroar, L50, M|\n|poke|p1|Ursaluna, L50, F|\n|poke|p1|Urshifu-*, L50, F|\n|poke|p1|Whimsicott, L50, F|\n|poke|p2|Terapagos, L50, M|\n|poke|p2|Incineroar, L50, M|\n|poke|p2|Groudon, L50|\n|poke|p2|Sableye, L50, F|\n|poke|p2|Flutter Mane, L50|\n|poke|p2|Walking Wake, L50|\n|teampreview|4\n|\n|t:|1772197347\n|teamsize|p1|4\n|teamsize|p2|4\n|start\n|switch|p1a: Miraidon|Miraidon, L50|100/100\n|switch|p1b: Lunala|Lunala, L50|100/100\n|switch|p2a: Groudon|Groudon, L50|100/100\n|switch|p2b: Sableye|Sableye, L50, F|100/100\n|-fieldstart|move: Electric Terrain|[from] ability: Hadron Engine|[of] p1a: Miraidon\n|-enditem|p1b: Lunala|Electric Seed\n|-boost|p1b: Lunala|def|1|[from] item: Electric Seed\n|-weather|SunnyDay|[from] ability: Drought|[of] p2a: Groudon\n|turn|1\n|inactive|Battle timer is ON: inactive players will automatically lose when time's up. (requested by partigiano jonny)\n|\n|t:|1772197360\n|switch|p1a: Whimsicott|Whimsicott, L50, F|100/100\n|move|p2b: Sableye|Thunder Wave|p1b: Lunala|[miss]\n|-miss|p2b: Sableye|p1b: Lunala\n|move|p2a: Groudon|High Horsepower|p1a: Whimsicott|[miss]\n|-miss|p2a: Groudon|p1a: Whimsicott\n|move|p1b: Lunala|Moongeist Beam|p2a: Groudon\n|-damage|p2a: Groudon|65/100\n|\n|-weather|SunnyDay|[upkeep]\n|upkeep\n|turn|2\n|\n|t:|1772197377\n|move|p1a: Whimsicott|Encore|p2a: Groudon\n|-start|p2a: Groudon|Encore\n|move|p2b: Sableye|Thunder Wave|p1b: Lunala\n|-status|p1b: Lunala|par\n|move|p2a: Groudon|High Horsepower|p1b: Lunala\n|-damage|p1b: Lunala|84/100 par\n|move|p1b: Lunala|Moonblast|p2b: Sableye\n|-supereffective|p2b: Sableye\n|-damage|p2b: Sableye|21/100\n|-enditem|p2b: Sableye|Eject Button\n|\n|t:|1772197389\n|switch|p2b: Walking Wake|Walking Wake, L50|100/100\n|-activate|p2b: Walking Wake|ability: Protosynthesis\n|-start|p2b: Walking Wake|protosynthesisspe\n|\n|-weather|SunnyDay|[upkeep]\n|upkeep\n|turn|3\n|\n|t:|1772197400\n|move|p1a: Whimsicott|Tailwind|p1a: Whimsicott\n|-sidestart|p1: partigiano jonny|move: Tailwind\n|move|p2b: Walking Wake|Hydro Steam|p1b: Lunala\n|-damage|p1b: Lunala|35/100 par\n|-damage|p2b: Walking Wake|91/100|[from] item: Life Orb\n|move|p2a: Groudon|High Horsepower|p1b: Lunala\n|-crit|p1b: Lunala\n|-damage|p1b: Lunala|0 fnt\n|faint|p1b: Lunala\n|\n|-weather|SunnyDay|[upkeep]\n|upkeep\n|\n|t:|1772197413\n|switch|p1b: Miraidon|Miraidon, L50|100/100\n|-activate|p1b: Miraidon|ability: Hadron Engine\n|turn|4\n|\n|t:|1772197437\n|-terastallize|p1b: Miraidon|Fairy\n|move|p2b: Walking Wake|Protect|p2b: Walking Wake\n|-singleturn|p2b: Walking Wake|Protect\n|move|p1a: Whimsicott|Light Screen|p1a: Whimsicott\n|-sidestart|p1: partigiano jonny|move: Light Screen\n|move|p1b: Miraidon|Draco Meteor|p2a: Groudon|[miss]\n|-miss|p1b: Miraidon|p2a: Groudon\n|move|p2a: Groudon|High Horsepower|p1b: Miraidon\n|-damage|p1b: Miraidon|40/100\n|\n|-weather|SunnyDay|[upkeep]\n|-end|p2a: Groudon|Encore\n|upkeep\n|turn|5\n|inactive|Crawsomeness has 30 seconds left.\n|\n|t:|1772197463\n|-end|p2b: Walking Wake|Protosynthesis|[silent]\n|switch|p2b: Sableye|Sableye, L50, F|21/100\n|move|p1a: Whimsicott|Encore|p2b: Sableye\n|-hint|Since gen 7, Dark is immune to Prankster moves.\n|-immune|p2b: Sableye\n|move|p1b: Miraidon|Draco Meteor|p2a: Groudon\n|-damage|p2a: Groudon|0 fnt\n|-unboost|p1b: Miraidon|spa|2\n|faint|p2a: Groudon\n|\n|-weather|none\n|-fieldend|move: Electric Terrain\n|upkeep\n|\n|t:|1772197470\n|switch|p2a: Terapagos|Terapagos, L50, M|100/100\n|-activate|p2a: Terapagos|ability: Tera Shift\n|detailschange|p2a: Terapagos|Terapagos-Terastal, L50, M\n|-heal|p2a: Terapagos|100/100|[silent]\n|turn|6\n|\n|t:|1772197479\n|switch|p1b: Urshifu|Urshifu-Rapid-Strike, L50, F|100/100\n|-terastallize|p2a: Terapagos|Stellar\n|detailschange|p2a: Terapagos|Terapagos-Stellar, L50, M, tera:Stellar\n|-heal|p2a: Terapagos|100/100|[silent]\n|move|p2b: Sableye|Thunder Wave|p1a: Whimsicott\n|-status|p1a: Whimsicott|par\n|move|p1a: Whimsicott|Moonblast|p2b: Sableye\n|-supereffective|p2b: Sableye\n|-damage|p2b: Sableye|0 fnt\n|faint|p2b: Sableye\n|move|p2a: Terapagos|Tera Starstorm|p1b: Urshifu|[spread] p1a,p1b\n|-damage|p1a: Whimsicott|60/100 par\n|-damage|p1b: Urshifu|56/100\n|\n|-sideend|p1: partigiano jonny|move: Tailwind\n|upkeep\n|\n|t:|1772197488\n|switch|p2b: Walking Wake|Walking Wake, L50|91/100\n|turn|7\n|\n|t:|1772197496\n|move|p1a: Whimsicott|Tailwind|p1a: Whimsicott\n|-sidestart|p1: partigiano jonny|move: Tailwind\n|move|p1b: Urshifu|Close Combat|p2a: Terapagos\n|-supereffective|p2a: Terapagos\n|-damage|p2a: Terapagos|0 fnt\n|-unboost|p1b: Urshifu|def|1\n|-unboost|p1b: Urshifu|spd|1\n|faint|p2a: Terapagos\n|detailschange|p2: Terapagos|Terapagos, L50, M|[silent]\n|move|p2b: Walking Wake|Dragon Pulse|p1b: Urshifu\n|-damage|p1b: Urshifu|0 fnt\n|faint|p1b: Urshifu\n|-damage|p2b: Walking Wake|81/100|[from] item: Life Orb\n|\n|upkeep\n|\n|t:|1772197501\n|switch|p1b: Miraidon|Miraidon, L50, tera:Fairy|40/100\n|-fieldstart|move: Electric Terrain|[from] ability: Hadron Engine|[of] p1b: Miraidon\n|turn|8\n|\n|t:|1772197519\n|move|p1b: Miraidon|Dazzling Gleam|p2b: Walking Wake\n|-supereffective|p2b: Walking Wake\n|-damage|p2b: Walking Wake|0 fnt\n|faint|p2b: Walking Wake\n|-end|p2b: Walking Wake|Protosynthesis|[silent]\n|\n|win|partigiano jonny\n|raw|partigiano jonny's rating: 1200 &rarr; <strong>1239</strong><br />(+39 for winning)\n|raw|Crawsomeness's rating: 1413 &rarr; <strong>1382</strong><br />(-31 for losing)\n","uploadtime":1772197519,"views":12,"formatid":"gen9vgc2026regi","rating":1239,"private":0,"password":null}