{"id":"gen9vgc2026regi-2579042892","format":"[Gen 9] VGC 2026 Reg I","players":["LeafStoned","Justiceforgreninja"],"log":"|j|\u2606LeafStoned\n|j|\u2606Justiceforgreninja\n|t:|1775747566\n|gametype|doubles\n|player|p1|LeafStoned|1|1375\n|player|p2|Justiceforgreninja|266|1512\n|gen|9\n|tier|[Gen 9] VGC 2026 Reg I\n|rated|\n|rule|Species Clause: Limit one of each Pok\u00e9mon\n|rule|Item Clause: Limit 1 of each item\n|clearpoke\n|poke|p1|Groudon, L50|\n|poke|p1|Chi-Yu, L50|\n|poke|p1|Flutter Mane, L50|\n|poke|p1|Raging Bolt, L50|\n|poke|p1|Calyrex-Ice, L50|\n|poke|p1|Jumpluff, L50, M|\n|poke|p2|Calyrex-Ice, L50|\n|poke|p2|Miraidon, L50|\n|poke|p2|Ogerpon-Hearthflame, L50, F|\n|poke|p2|Farigiraf, L50, M|\n|poke|p2|Urshifu-*, L50, M|\n|poke|p2|Golem-Alola, L50, F|\n|teampreview|4\n|\n|t:|1775747637\n|teamsize|p1|4\n|teamsize|p2|4\n|start\n|switch|p1a: Calyrex|Calyrex-Ice, L50|100/100\n|switch|p1b: Groudon|Groudon, L50|100/100\n|switch|p2a: Calyrex|Calyrex-Ice, L50|100/100\n|switch|p2b: Ogerpon|Ogerpon-Hearthflame, L50, F|100/100\n|-ability|p1a: Calyrex|As One\n|-ability|p1a: Calyrex|Unnerve\n|-ability|p2a: Calyrex|As One\n|-ability|p2a: Calyrex|Unnerve\n|-ability|p2b: Ogerpon|Mold Breaker\n|-weather|SunnyDay|[from] ability: Drought|[of] p1b: Groudon\n|turn|1\n|\n|t:|1775747665\n|-terastallize|p1a: Calyrex|Water\n|move|p2b: Ogerpon|Spiky Shield|p2b: Ogerpon\n|-singleturn|p2b: Ogerpon|move: Protect\n|move|p2a: Calyrex|Protect|p2a: Calyrex\n|-singleturn|p2a: Calyrex|Protect\n|move|p1b: Groudon|Precipice Blades|p2a: Calyrex|[spread] \n|-activate|p2a: Calyrex|move: Protect\n|-activate|p2b: Ogerpon|move: Protect\n|move|p1a: Calyrex|Imprison|p1a: Calyrex\n|-start|p1a: Calyrex|move: Imprison\n|\n|-weather|SunnyDay|[upkeep]\n|upkeep\n|turn|2\n|\n|t:|1775747678\n|-terastallize|p2b: Ogerpon|Fire\n|detailschange|p2b: Ogerpon|Ogerpon-Hearthflame-Tera, L50, F, tera:Fire\n|-ability|p2b: Ogerpon|Embody Aspect (Hearthflame)|boost\n|-boost|p2b: Ogerpon|atk|1\n|move|p2b: Ogerpon|Wood Hammer|p1b: Groudon\n|-supereffective|p1b: Groudon\n|-damage|p1b: Groudon|0 fnt\n|faint|p1b: Groudon\n|-damage|p2b: Ogerpon|65/100|[from] Recoil\n|move|p1a: Calyrex|Leech Seed|p2a: Calyrex\n|-start|p2a: Calyrex|move: Leech Seed\n|move|p2a: Calyrex|High Horsepower|p1a: Calyrex\n|-damage|p1a: Calyrex|77/100\n|\n|-weather|SunnyDay|[upkeep]\n|-damage|p2a: Calyrex|88/100|[from] Leech Seed|[of] p1a: Calyrex\n|-heal|p1a: Calyrex|89/100|[silent]\n|upkeep\n|\n|t:|1775747710\n|switch|p1b: Chi-Yu|Chi-Yu, L50|100/100\n|-ability|p1b: Chi-Yu|Beads of Ruin\n|turn|3\n|\n|t:|1775747730\n|move|p1b: Chi-Yu|Heat Wave|p2b: Ogerpon|[spread] p2a\n|-miss|p1b: Chi-Yu|p2b: Ogerpon\n|-supereffective|p2a: Calyrex\n|-damage|p2a: Calyrex|0 fnt\n|faint|p2a: Calyrex\n|move|p2b: Ogerpon|Wood Hammer|p1a: Calyrex\n|-supereffective|p1a: Calyrex\n|-damage|p1a: Calyrex|0 fnt\n|faint|p1a: Calyrex\n|-damage|p2b: Ogerpon|32/100|[from] Recoil\n|\n|-weather|SunnyDay|[upkeep]\n|upkeep\n|\n|t:|1775747738\n|switch|p1a: Raging Bolt|Raging Bolt, L50|100/100\n|switch|p2a: Golem|Golem-Alola, L50, F|100/100\n|-activate|p1a: Raging Bolt|ability: Protosynthesis\n|-start|p1a: Raging Bolt|protosynthesisspa\n|turn|4\n|\n|t:|1775747754\n|move|p2a: Golem|Wide Guard|p2a: Golem\n|-singleturn|p2a: Golem|Wide Guard\n|move|p1b: Chi-Yu|Heat Wave|p2a: Golem|[spread] \n|-activate|p2a: Golem|move: Wide Guard\n|-activate|p2b: Ogerpon|move: Wide Guard\n|move|p2b: Ogerpon|Ivy Cudgel|p1b: Chi-Yu|[anim] Ivy Cudgel Fire\n|-resisted|p1b: Chi-Yu\n|-damage|p1b: Chi-Yu|0 fnt\n|faint|p1b: Chi-Yu\n|move|p1a: Raging Bolt|Draco Meteor|p2a: Golem|[miss]\n|-miss|p1a: Raging Bolt|p2a: Golem\n|\n|-weather|SunnyDay|[upkeep]\n|upkeep\n|turn|5\n|\n|t:|1775747771\n|move|p2b: Ogerpon|Spiky Shield|p2b: Ogerpon\n|-singleturn|p2b: Ogerpon|move: Protect\n|move|p1a: Raging Bolt|Thunderclap||[still]\n|-fail|p1a: Raging Bolt\n|move|p2a: Golem|Rock Slide|p1a: Raging Bolt\n|-damage|p1a: Raging Bolt|59/100\n|\n|-weather|none\n|-end|p1a: Raging Bolt|Protosynthesis\n|upkeep\n|turn|6\n|\n|t:|1775747786\n|move|p2b: Ogerpon|Follow Me|p2b: Ogerpon\n|-singleturn|p2b: Ogerpon|move: Follow Me\n|move|p1a: Raging Bolt|Thunderclap||[still]\n|-fail|p1a: Raging Bolt\n|move|p2a: Golem|Rock Slide|p1a: Raging Bolt\n|-damage|p1a: Raging Bolt|19/100\n|\n|upkeep\n|turn|7\n|inactive|Battle timer is ON: inactive players will automatically lose when time's up. (requested by LeafStoned)\n|-message|LeafStoned forfeited.\n|\n|win|Justiceforgreninja\n|raw|LeafStoned's rating: 1375 &rarr; <strong>1363</strong><br />(-12 for losing)\n|raw|Justiceforgreninja's rating: 1512 &rarr; <strong>1524</strong><br />(+12 for winning)\n|l|\u2606LeafStoned\n|player|p1|\n|l|\u2606Justiceforgreninja\n|player|p2|\n","uploadtime":1775747966,"views":11,"formatid":"gen9vgc2026regi","rating":1363,"private":0,"password":null}