{"id":"gen9vgc2026regi-2519570115","format":"[Gen 9] VGC 2026 Reg I","players":["random 5yr old","plantscience"],"log":"|j|\u2606random 5yr old\n|j|\u2606plantscience\n|t:|1768518970\n|gametype|doubles\n|player|p1|random 5yr old|lusamine-nihilego|1278\n|player|p2|plantscience|266|1245\n|gen|9\n|tier|[Gen 9] VGC 2026 Reg I\n|rated|\n|rule|Species Clause: Limit one of each Pok\u00e9mon\n|rule|Item Clause: Limit 1 of each item\n|clearpoke\n|poke|p1|Ho-Oh, L50|\n|poke|p1|Eternatus, L50|\n|poke|p1|Quagsire, L50, F|\n|poke|p1|Grimmsnarl, L50, M|\n|poke|p1|Ting-Lu, L50|\n|poke|p1|Rhydon, L50, F|\n|poke|p2|Miraidon, L50|\n|poke|p2|Ho-Oh, L50|\n|poke|p2|Amoonguss, L50, F|\n|poke|p2|Urshifu-*, L50, M|\n|poke|p2|Incineroar, L50, F|\n|poke|p2|Ting-Lu, L50|\n|teampreview|4\n|inactive|Battle timer is ON: inactive players will automatically lose when time's up. (requested by plantscience)\n|\n|t:|1768519005\n|teamsize|p1|4\n|teamsize|p2|4\n|start\n|switch|p1a: Ting-Lu|Ting-Lu, L50|100/100\n|switch|p1b: Quagsire|Quagsire, L50, F|100/100\n|switch|p2a: Ho-Oh|Ho-Oh, L50|100/100\n|switch|p2b: Urshifu|Urshifu-Rapid-Strike, L50, M|100/100\n|-ability|p1a: Ting-Lu|Vessel of Ruin\n|turn|1\n|\n|t:|1768519027\n|move|p2b: Urshifu|Protect|p2b: Urshifu\n|-singleturn|p2b: Urshifu|Protect\n|move|p2a: Ho-Oh|Sacred Fire|p1a: Ting-Lu\n|-damage|p1a: Ting-Lu|75/100\n|move|p1a: Ting-Lu|Sand Tomb|p2b: Urshifu\n|-activate|p2b: Urshifu|move: Protect\n|move|p1b: Quagsire|Toxic|p2a: Ho-Oh\n|-status|p2a: Ho-Oh|tox\n|\n|-damage|p2a: Ho-Oh|94/100 tox|[from] psn\n|upkeep\n|turn|2\n|\n|t:|1768519052\n|switch|p1b: Eternatus|Eternatus, L50|100/100\n|-ability|p1b: Eternatus|Pressure\n|move|p2b: Urshifu|Close Combat|p1a: Ting-Lu\n|-supereffective|p1a: Ting-Lu\n|-damage|p1a: Ting-Lu|0 fnt\n|-unboost|p2b: Urshifu|def|1\n|-unboost|p2b: Urshifu|spd|1\n|faint|p1a: Ting-Lu\n|move|p2a: Ho-Oh|Sacred Fire|p1b: Eternatus\n|-resisted|p1b: Eternatus\n|-damage|p1b: Eternatus|86/100\n|\n|-heal|p2a: Ho-Oh|100/100 tox|[from] item: Leftovers\n|-damage|p2a: Ho-Oh|88/100 tox|[from] psn\n|upkeep\n|\n|t:|1768519064\n|switch|p1a: Quagsire|Quagsire, L50, F|100/100\n|turn|3\n|\n|t:|1768519082\n|switch|p2a: Amoonguss|Amoonguss, L50, F|100/100\n|move|p2b: Urshifu|Protect|p2b: Urshifu\n|-singleturn|p2b: Urshifu|Protect\n|move|p1b: Eternatus|Cosmic Power|p1b: Eternatus\n|-boost|p1b: Eternatus|def|1\n|-boost|p1b: Eternatus|spd|1\n|move|p1a: Quagsire|Toxic|p2b: Urshifu\n|-activate|p2b: Urshifu|move: Protect\n|\n|upkeep\n|turn|4\n|\n|t:|1768519101\n|switch|p2b: Ting-Lu|Ting-Lu, L50|100/100\n|-ability|p2b: Ting-Lu|Vessel of Ruin\n|move|p1a: Quagsire|Protect|p1a: Quagsire\n|-singleturn|p1a: Quagsire|Protect\n|move|p1b: Eternatus|Fire Spin|p2a: Amoonguss\n|-supereffective|p2a: Amoonguss\n|-crit|p2a: Amoonguss\n|-damage|p2a: Amoonguss|81/100\n|-activate|p2a: Amoonguss|move: Fire Spin|[of] p1b: Eternatus\n|move|p2a: Amoonguss|Spore|p1a: Quagsire\n|-activate|p1a: Quagsire|move: Protect\n|\n|-damage|p2a: Amoonguss|68/100|[from] move: Fire Spin|[partiallytrapped]\n|upkeep\n|turn|5\n|inactive|random 5yr old has 30 seconds left.\n|\n|t:|1768519127\n|-terastallize|p2b: Ting-Lu|Poison\n|move|p2a: Amoonguss|Protect|p2a: Amoonguss\n|-singleturn|p2a: Amoonguss|Protect\n|move|p1b: Eternatus|Fire Spin|p2b: Ting-Lu\n|-damage|p2b: Ting-Lu|94/100\n|-activate|p2b: Ting-Lu|move: Fire Spin|[of] p1b: Eternatus\n|move|p2b: Ting-Lu|Ruination|p1b: Eternatus\n|-damage|p1b: Eternatus|43/100\n|move|p1a: Quagsire|Toxic|p2b: Ting-Lu\n|-immune|p2b: Ting-Lu\n|\n|-damage|p2b: Ting-Lu|82/100|[from] move: Fire Spin|[partiallytrapped]\n|-damage|p2a: Amoonguss|56/100|[from] move: Fire Spin|[partiallytrapped]\n|upkeep\n|turn|6\n|\n|t:|1768519150\n|move|p1a: Quagsire|Protect|p1a: Quagsire\n|-singleturn|p1a: Quagsire|Protect\n|move|p1b: Eternatus|Recover|p1b: Eternatus\n|-heal|p1b: Eternatus|93/100\n|move|p2b: Ting-Lu|Ruination|p1a: Quagsire\n|-activate|p1a: Quagsire|move: Protect\n|move|p2a: Amoonguss|Spore|p1b: Eternatus\n|-activate|p1b: Eternatus|item: Safety Goggles|Spore\n|\n|-damage|p2b: Ting-Lu|70/100|[from] move: Fire Spin|[partiallytrapped]\n|-damage|p2a: Amoonguss|44/100|[from] move: Fire Spin|[partiallytrapped]\n|upkeep\n|turn|7\n|-message|plantscience forfeited.\n|\n|win|random 5yr old\n|raw|random 5yr old's rating: 1278 &rarr; <strong>1301</strong><br />(+23 for winning)\n|raw|plantscience's rating: 1245 &rarr; <strong>1222</strong><br />(-23 for losing)\n|l|\u2606plantscience\n|player|p2|\n|l|\u2606random 5yr old\n|player|p1|\n","uploadtime":1768519346,"views":19,"formatid":"gen9vgc2026regi","rating":1222,"private":0,"password":null}