{"id":"gen9vgc2026regi-2578220994","format":"[Gen 9] VGC 2026 Reg I","players":["tibo2904","bullgod4ever"],"log":"|j|\u2606tibo2904\n|j|\u2606bullgod4ever\n|t:|1775660014\n|gametype|doubles\n|player|p1|tibo2904|102|1486\n|player|p2|bullgod4ever|265|1608\n|gen|9\n|tier|[Gen 9] VGC 2026 Reg I\n|rated|\n|rule|Species Clause: Limit one of each Pok\u00e9mon\n|rule|Item Clause: Limit 1 of each item\n|clearpoke\n|poke|p1|Rayquaza, L50|\n|poke|p1|Chien-Pao, L50|\n|poke|p1|Miraidon, L50|\n|poke|p1|Okidogi, L50, M|\n|poke|p1|Volcarona, L50, F|\n|poke|p1|Sableye, L50, M|\n|poke|p2|Calyrex-Shadow, L50|\n|poke|p2|Zamazenta-*, L50|\n|poke|p2|Chien-Pao, L50|\n|poke|p2|Dragonite, L50, M|\n|poke|p2|Amoonguss, L50, M|\n|poke|p2|Ogerpon-Cornerstone, L50, F|\n|teampreview|4\n|inactive|Battle timer is ON: inactive players will automatically lose when time's up. (requested by tibo2904)\n|inactive|bullgod4ever has 60 seconds left.\n|j| margival\n|inactive|bullgod4ever has 30 seconds left.\n|\n|t:|1775660081\n|teamsize|p1|4\n|teamsize|p2|4\n|start\n|switch|p1a: Miraidon|Miraidon, L50|100/100\n|switch|p1b: Okidogi|Okidogi, L50, M|100/100\n|switch|p2a: Calyrex|Calyrex-Shadow, L50|100/100\n|switch|p2b: Zamazenta|Zamazenta-Crowned, L50|100/100\n|-ability|p2a: Calyrex|As One\n|-ability|p2a: Calyrex|Unnerve\n|-fieldstart|move: Electric Terrain|[from] ability: Hadron Engine|[of] p1a: Miraidon\n|-ability|p2b: Zamazenta|Dauntless Shield|boost\n|-boost|p2b: Zamazenta|def|1\n|turn|1\n|inactive|bullgod4ever has 30 seconds left.\n|\n|t:|1775660106\n|-terastallize|p2b: Zamazenta|Dragon\n|-terastallize|p1b: Okidogi|Dark\n|move|p1a: Miraidon|Electro Drift|p2a: Calyrex\n|-enditem|p2a: Calyrex|Focus Sash\n|-damage|p2a: Calyrex|1/100\n|move|p2a: Calyrex|Psychic|p1b: Okidogi\n|-immune|p1b: Okidogi\n|move|p2b: Zamazenta|Body Press|p1a: Miraidon\n|-damage|p1a: Miraidon|34/100\n|move|p1b: Okidogi|Knock Off|p2a: Calyrex\n|-supereffective|p2a: Calyrex\n|-damage|p2a: Calyrex|0 fnt\n|faint|p2a: Calyrex\n|\n|upkeep\n|\n|t:|1775660126\n|switch|p2a: Dragonite|Dragonite, L50, M|100/100\n|turn|2\n|inactive|tibo2904 has 30 seconds left.\n|\n|t:|1775660157\n|move|p1b: Okidogi|Upper Hand|p2a: Dragonite\n|-resisted|p2a: Dragonite\n|-damage|p2a: Dragonite|86/100\n|move|p2a: Dragonite|Extreme Speed|p1a: Miraidon\n|-damage|p1a: Miraidon|0 fnt\n|faint|p1a: Miraidon\n|move|p2b: Zamazenta|Body Press|p1b: Okidogi\n|-supereffective|p1b: Okidogi\n|-damage|p1b: Okidogi|0 fnt\n|faint|p1b: Okidogi\n|\n|upkeep\n|\n|t:|1775660167\n|switch|p1a: Volcarona|Volcarona, L50, F|100/100\n|switch|p1b: Rayquaza|Rayquaza, L50|100/100\n|-ability|p1b: Rayquaza|Air Lock\n|turn|3\n|\n|t:|1775660191\n|move|p2b: Zamazenta|Protect|p2b: Zamazenta\n|-singleturn|p2b: Zamazenta|Protect\n|move|p2a: Dragonite|Extreme Speed|p1b: Rayquaza\n|-damage|p1b: Rayquaza|55/100\n|move|p1a: Volcarona|Rage Powder|p1a: Volcarona\n|-singleturn|p1a: Volcarona|move: Rage Powder\n|move|p1b: Rayquaza|Swords Dance|p1b: Rayquaza\n|-boost|p1b: Rayquaza|atk|2\n|\n|upkeep\n|turn|4\n|inactive|bullgod4ever has 30 seconds left.\n|\n|t:|1775660223\n|switch|p2b: Ogerpon|Ogerpon-Cornerstone, L50, F|100/100\n|move|p1b: Rayquaza|Extreme Speed|p2a: Dragonite\n|-damage|p2a: Dragonite|0 fnt\n|faint|p2a: Dragonite\n|-damage|p1b: Rayquaza|45/100|[from] item: Life Orb\n|move|p1a: Volcarona|Flamethrower|p2b: Ogerpon\n|-damage|p2b: Ogerpon|51/100\n|\n|upkeep\n|\n|t:|1775660234\n|switch|p2a: Zamazenta|Zamazenta-Crowned, L50, tera:Dragon|100/100\n|turn|5\n|inactive|tibo2904 has 30 seconds left.\n|\n|t:|1775660261\n|move|p2b: Ogerpon|Spiky Shield|p2b: Ogerpon\n|-singleturn|p2b: Ogerpon|move: Protect\n|move|p1b: Rayquaza|Protect|p1b: Rayquaza\n|-singleturn|p1b: Rayquaza|Protect\n|move|p2a: Zamazenta|Body Press|p1b: Rayquaza\n|-activate|p1b: Rayquaza|move: Protect\n|move|p1a: Volcarona|Flamethrower|p2b: Ogerpon\n|-activate|p2b: Ogerpon|move: Protect\n|\n|-fieldend|move: Electric Terrain\n|upkeep\n|turn|6\n|\n|t:|1775660277\n|move|p1b: Rayquaza|Extreme Speed|p2b: Ogerpon\n|-resisted|p2b: Ogerpon\n|-damage|p2b: Ogerpon|4/100\n|-damage|p1b: Rayquaza|35/100|[from] item: Life Orb\n|move|p1a: Volcarona|Rage Powder|p1a: Volcarona\n|-singleturn|p1a: Volcarona|move: Rage Powder\n|move|p2a: Zamazenta|Behemoth Bash|p1a: Volcarona\n|-resisted|p1a: Volcarona\n|-damage|p1a: Volcarona|82/100\n|-damage|p2a: Zamazenta|84/100|[from] item: Rocky Helmet|[of] p1a: Volcarona\n|move|p2b: Ogerpon|Ivy Cudgel|p1a: Volcarona|[anim] Ivy Cudgel Rock\n|-supereffective|p1a: Volcarona\n|-damage|p1a: Volcarona|0 fnt\n|faint|p1a: Volcarona\n|\n|upkeep\n|turn|7\n|\n|t:|1775660296\n|move|p2a: Zamazenta|Behemoth Bash|p1b: Rayquaza\n|-damage|p1b: Rayquaza|0 fnt\n|faint|p1b: Rayquaza\n|\n|win|bullgod4ever\n|raw|tibo2904's rating: 1486 &rarr; <strong>1473</strong><br />(-13 for losing)\n|raw|bullgod4ever's rating: 1608 &rarr; <strong>1621</strong><br />(+13 for winning)\n|l|\u2606tibo2904\n|player|p1|\n|l|\u2606bullgod4ever\n|player|p2|\n|l| margival\n","uploadtime":1775660556,"views":8,"formatid":"gen9vgc2026regi","rating":1473,"private":0,"password":null}