{"id":"gen9vgc2026regi-2543363649","format":"[Gen 9] VGC 2026 Reg I","players":["bullgod4ever","SEITA"],"log":"|j|\u2606bullgod4ever\n|j|\u2606SEITA\n|t:|1771560596\n|gametype|doubles\n|player|p1|bullgod4ever|102|1541\n|player|p2|SEITA|lucas-gen4pt|1691\n|gen|9\n|tier|[Gen 9] VGC 2026 Reg I\n|rated|\n|rule|Species Clause: Limit one of each Pok\u00e9mon\n|rule|Item Clause: Limit 1 of each item\n|clearpoke\n|poke|p1|Calyrex-Shadow, L50|\n|poke|p1|Zamazenta-*, L50|\n|poke|p1|Chien-Pao, L50|\n|poke|p1|Dragonite, L50, M|\n|poke|p1|Amoonguss, L50, F|\n|poke|p1|Ogerpon-Cornerstone, L50, F|\n|poke|p2|Zacian-*, L50|\n|poke|p2|Kyogre, L50|\n|poke|p2|Tornadus, L50, M|\n|poke|p2|Raging Bolt, L50|\n|poke|p2|Landorus, L50, M|\n|poke|p2|Chien-Pao, L50|\n|teampreview|4\n|\n|t:|1771560624\n|teamsize|p1|4\n|teamsize|p2|4\n|start\n|switch|p1a: Chien-Pao|Chien-Pao, L50|100/100\n|switch|p1b: Dragonite|Dragonite, L50, M|100/100\n|switch|p2a: Tornadus|Tornadus, L50, M|100/100\n|switch|p2b: Zacian|Zacian-Crowned, L50|100/100\n|-ability|p2b: Zacian|Intrepid Sword|boost\n|-boost|p2b: Zacian|atk|1\n|-ability|p1a: Chien-Pao|Sword of Ruin\n|turn|1\n|\n|t:|1771560644\n|move|p2a: Tornadus|Protect|p2a: Tornadus\n|-singleturn|p2a: Tornadus|Protect\n|move|p1b: Dragonite|Extreme Speed|p2a: Tornadus\n|-activate|p2a: Tornadus|move: Protect\n|move|p1a: Chien-Pao|Ice Shard|p2a: Tornadus\n|-activate|p2a: Tornadus|move: Protect\n|move|p2b: Zacian|Play Rough|p1b: Dragonite\n|-supereffective|p1b: Dragonite\n|-damage|p1b: Dragonite|0 fnt\n|faint|p1b: Dragonite\n|\n|upkeep\n|\n|t:|1771560661\n|switch|p1b: Calyrex|Calyrex-Shadow, L50|100/100\n|-ability|p1b: Calyrex|As One\n|-ability|p1b: Calyrex|Unnerve\n|turn|2\n|\n|t:|1771560679\n|-terastallize|p1b: Calyrex|Ghost\n|-terastallize|p2a: Tornadus|Normal\n|move|p1a: Chien-Pao|Ice Shard|p2a: Tornadus\n|-damage|p2a: Tornadus|74/100\n|move|p2a: Tornadus|Tailwind|p2a: Tornadus\n|-sidestart|p2: SEITA|move: Tailwind\n|move|p2b: Zacian|Behemoth Blade|p1a: Chien-Pao\n|-supereffective|p1a: Chien-Pao\n|-damage|p1a: Chien-Pao|0 fnt\n|faint|p1a: Chien-Pao\n|move|p1b: Calyrex|Astral Barrage|p2a: Tornadus|[spread] p2b\n|-immune|p2a: Tornadus\n|-damage|p2b: Zacian|34/100\n|\n|upkeep\n|\n|t:|1771560698\n|switch|p1a: Zamazenta|Zamazenta-Crowned, L50|100/100\n|-ability|p1a: Zamazenta|Dauntless Shield|boost\n|-boost|p1a: Zamazenta|def|1\n|turn|3\n|\n|t:|1771560720\n|move|p1b: Calyrex|Protect|p1b: Calyrex\n|-singleturn|p1b: Calyrex|Protect\n|move|p2b: Zacian|Sacred Sword|p1a: Zamazenta\n|-supereffective|p1a: Zamazenta\n|-damage|p1a: Zamazenta|32/100\n|move|p2a: Tornadus|Bleakwind Storm|p1a: Zamazenta|[spread] p1a\n|-activate|p1b: Calyrex|move: Protect\n|-damage|p1a: Zamazenta|3/100\n|move|p1a: Zamazenta|Body Press|p2a: Tornadus\n|-supereffective|p2a: Tornadus\n|-crit|p2a: Tornadus\n|-damage|p2a: Tornadus|0 fnt\n|faint|p2a: Tornadus\n|\n|upkeep\n|\n|t:|1771560740\n|switch|p2a: Raging Bolt|Raging Bolt, L50|100/100\n|-enditem|p2a: Raging Bolt|Booster Energy\n|-activate|p2a: Raging Bolt|ability: Protosynthesis|[fromitem]\n|-start|p2a: Raging Bolt|protosynthesisspa\n|turn|4\n|\n|t:|1771560775\n|move|p1a: Zamazenta|Protect|p1a: Zamazenta\n|-singleturn|p1a: Zamazenta|Protect\n|move|p2b: Zacian|Behemoth Blade|p1b: Calyrex\n|-enditem|p1b: Calyrex|Focus Sash\n|-damage|p1b: Calyrex|1/100\n|move|p2a: Raging Bolt|Thunderbolt|p1b: Calyrex\n|-crit|p1b: Calyrex\n|-damage|p1b: Calyrex|0 fnt\n|faint|p1b: Calyrex\n|\n|upkeep\n|turn|5\n|-message|bullgod4ever forfeited.\n|\n|win|SEITA\n|raw|bullgod4ever's rating: 1541 &rarr; <strong>1529</strong><br />(-12 for losing)\n|raw|SEITA's rating: 1691 &rarr; <strong>1703</strong><br />(+12 for winning)\n|l|\u2606bullgod4ever\n|player|p1|\n|l|\u2606SEITA\n|player|p2|\n","uploadtime":1771561007,"views":72,"formatid":"gen9vgc2026regi","rating":1529,"private":0,"password":null}