{"id":"gen9vgc2026regi-2518038918","format":"[Gen 9] VGC 2026 Reg I","players":["ScribbleScribble","jkool99"],"log":"|j|\u2606ScribbleScribble\n|j|\u2606jkool99\n|t:|1768336053\n|gametype|doubles\n|player|p1|ScribbleScribble|mina-lgpe|1183\n|player|p2|jkool99|2|1297\n|gen|9\n|tier|[Gen 9] VGC 2026 Reg I\n|rated|\n|rule|Species Clause: Limit one of each Pok\u00e9mon\n|rule|Item Clause: Limit 1 of each item\n|clearpoke\n|poke|p1|Calyrex-Ice, L50|\n|poke|p1|Kyogre, L50|\n|poke|p1|Tornadus, L50, M|\n|poke|p1|Indeedee-F, L50, F|\n|poke|p1|Landorus, L50, M|\n|poke|p1|Urshifu-*, L50, F|\n|poke|p2|Calyrex-Shadow, L50|\n|poke|p2|Zamazenta-*, L50|\n|poke|p2|Incineroar, L50, M|\n|poke|p2|Gengar, L50, F|\n|poke|p2|Rillaboom, L50, F|\n|poke|p2|Tornadus, L50, M|\n|teampreview|4\n|inactive|Battle timer is ON: inactive players will automatically lose when time's up. (requested by jkool99)\n|inactive|ScribbleScribble also wants the timer to be on.\n|inactive|jkool99 has 60 seconds left.\n|inactive|jkool99 has 30 seconds left.\n|inactive|jkool99 has 20 seconds left.\n|inactive|jkool99 has 15 seconds left.\n|inactive|jkool99 has 10 seconds left.\n|inactive|jkool99 has 5 seconds left.\n|\n|t:|1768336144\n|teamsize|p1|4\n|teamsize|p2|4\n|start\n|switch|p1a: Tornadus|Tornadus, L50, M|100/100\n|switch|p1b: Landorus|Landorus, L50, M|100/100\n|switch|p2a: Calyrex|Calyrex-Shadow, L50|100/100\n|switch|p2b: Zamazenta|Zamazenta-Crowned, L50|100/100\n|-ability|p2a: Calyrex|As One\n|-ability|p2a: Calyrex|Unnerve\n|-ability|p2b: Zamazenta|Dauntless Shield|boost\n|-boost|p2b: Zamazenta|def|1\n|turn|1\n|inactive|jkool99 has 30 seconds left.\n|inactive|jkool99 has 20 seconds left.\n|inactive|jkool99 has 15 seconds left.\n|inactive|jkool99 has 10 seconds left.\n|inactive|jkool99 has 5 seconds left.\n|\n|t:|1768336199\n|move|p1a: Tornadus|Tailwind|p1a: Tornadus\n|-sidestart|p1: ScribbleScribble|move: Tailwind\n|move|p1b: Landorus|Sandsear Storm|p2b: Zamazenta|[spread] p2a,p2b\n|-supereffective|p2b: Zamazenta\n|-damage|p2a: Calyrex|36/100\n|-damage|p2b: Zamazenta|22/100\n|move|p2a: Calyrex|Astral Barrage|p1a: Tornadus|[spread] p1a,p1b\n|-enditem|p1a: Tornadus|Focus Sash\n|-damage|p1a: Tornadus|1/100\n|-damage|p1b: Landorus|5/100\n|move|p2b: Zamazenta|Body Press|p1b: Landorus\n|-resisted|p1b: Landorus\n|-damage|p1b: Landorus|0 fnt\n|faint|p1b: Landorus\n|\n|upkeep\n|\n|t:|1768336206\n|switch|p1b: Calyrex|Calyrex-Ice, L50|100/100\n|-ability|p1b: Calyrex|As One\n|-ability|p1b: Calyrex|Unnerve\n|turn|2\n|inactive|jkool99 has 30 seconds left.\n|inactive|jkool99 has 20 seconds left.\n|inactive|jkool99 has 15 seconds left.\n|inactive|jkool99 has 10 seconds left.\n|inactive|jkool99 has 5 seconds left.\n|\n|t:|1768336261\n|-terastallize|p1b: Calyrex|Grass\n|move|p1a: Tornadus|Taunt|p2b: Zamazenta\n|-start|p2b: Zamazenta|move: Taunt\n|move|p1b: Calyrex|Seed Bomb|p2a: Calyrex\n|-damage|p2a: Calyrex|0 fnt\n|faint|p2a: Calyrex\n|-ability|p1b: Calyrex|Chilling Neigh|boost\n|-boost|p1b: Calyrex|atk|1\n|move|p2b: Zamazenta|Body Press|p1a: Tornadus\n|-resisted|p1a: Tornadus\n|-damage|p1a: Tornadus|0 fnt\n|faint|p1a: Tornadus\n|\n|upkeep\n|inactive|jkool99 has 30 seconds left.\n|inactive|jkool99 has 20 seconds left.\n|inactive|jkool99 has 15 seconds left.\n|inactive|jkool99 has 10 seconds left.\n|inactive|jkool99 has 5 seconds left.\n|\n|t:|1768336316\n|switch|p2a: Incineroar|Incineroar, L50, M|100/100\n|switch|p1a: Indeedee|Indeedee-F, L50, F, shiny|100/100\n|-fieldstart|move: Psychic Terrain|[from] ability: Psychic Surge|[of] p1a: Indeedee\n|-enditem|p1a: Indeedee|Psychic Seed\n|-boost|p1a: Indeedee|spd|1|[from] item: Psychic Seed\n|-ability|p2a: Incineroar|Intimidate|boost\n|-unboost|p1a: Indeedee|atk|1\n|-fail|p1b: Calyrex|unboost|[from] item: Clear Amulet|[of] p1b: Calyrex\n|turn|3\n|inactive|jkool99 has 30 seconds left.\n|inactive|jkool99 has 20 seconds left.\n|inactive|jkool99 has 15 seconds left.\n|inactive|jkool99 has 10 seconds left.\n|inactive|jkool99 has 5 seconds left.\n|\n|t:|1768336371\n|move|p1a: Indeedee|Helping Hand|p1b: Calyrex\n|-singleturn|p1b: Calyrex|Helping Hand|[of] p1a: Indeedee\n|move|p2a: Incineroar|Fake Out|p1b: Calyrex\n|-activate|p1b: Calyrex|move: Psychic Terrain\n|move|p1b: Calyrex|Glacial Lance|p2b: Zamazenta|[spread] p2a,p2b\n|-resisted|p2a: Incineroar\n|-crit|p2a: Incineroar\n|-resisted|p2b: Zamazenta\n|-damage|p2a: Incineroar|27/100\n|-damage|p2b: Zamazenta|3/100\n|move|p2b: Zamazenta|Body Press|p1a: Indeedee\n|-damage|p1a: Indeedee|33/100\n|\n|upkeep\n|turn|4\n|inactive|jkool99 has 30 seconds left.\n|inactive|jkool99 has 20 seconds left.\n|inactive|jkool99 has 15 seconds left.\n|inactive|jkool99 has 10 seconds left.\n|inactive|jkool99 has 5 seconds left.\n|\n|t:|1768336426\n|move|p1a: Indeedee|Helping Hand|p1b: Calyrex\n|-singleturn|p1b: Calyrex|Helping Hand|[of] p1a: Indeedee\n|move|p2a: Incineroar|Fake Out||[still]\n|-hint|Fake Out only works on your first turn out.\n|-fail|p2a: Incineroar\n|move|p1b: Calyrex|Glacial Lance|p2a: Incineroar|[spread] p2a,p2b\n|-resisted|p2a: Incineroar\n|-resisted|p2b: Zamazenta\n|-damage|p2a: Incineroar|0 fnt\n|-damage|p2b: Zamazenta|0 fnt\n|faint|p2a: Incineroar\n|faint|p2b: Zamazenta\n|-ability|p1b: Calyrex|Chilling Neigh|boost\n|-boost|p1b: Calyrex|atk|2\n|\n|-sideend|p1: ScribbleScribble|move: Tailwind\n|upkeep\n|inactive|jkool99 has 30 seconds left.\n|inactive|jkool99 has 20 seconds left.\n|inactive|jkool99 has 15 seconds left.\n|inactive|jkool99 has 10 seconds left.\n|inactive|jkool99 has 5 seconds left.\n|\n|t:|1768336481\n|switch|p2a: Gengar|Gengar, L50, F, shiny|100/100\n|turn|5\n|inactive|jkool99 has 30 seconds left.\n|inactive|jkool99 has 20 seconds left.\n|inactive|jkool99 has 15 seconds left.\n|inactive|jkool99 has 10 seconds left.\n|inactive|jkool99 has 5 seconds left.\n|\n|t:|1768336536\n|move|p2a: Gengar|Shadow Ball|p1b: Calyrex\n|-damage|p1b: Calyrex|70/100\n|move|p1b: Calyrex|Glacial Lance|p2a: Gengar\n|-enditem|p2a: Gengar|Focus Sash\n|-damage|p2a: Gengar|1/100\n|move|p1a: Indeedee|Psychic|p2a: Gengar\n|-supereffective|p2a: Gengar\n|-damage|p2a: Gengar|0 fnt\n|faint|p2a: Gengar\n|\n|win|ScribbleScribble\n|raw|ScribbleScribble's rating: 1183 &rarr; <strong>1216</strong><br />(+33 for winning)\n|raw|jkool99's rating: 1297 &rarr; <strong>1264</strong><br />(-33 for losing)\n|l|\u2606ScribbleScribble\n|player|p1|\n","uploadtime":1768336766,"views":18,"formatid":"gen9vgc2026regi","rating":1216,"private":0,"password":null}