{"id":"gen9vgc2026regi-2587226746","format":"[Gen 9] VGC 2026 Reg I","players":["mk.2094","yubanmeiqin"],"log":"|j|\u2606mk.2094\n|j|\u2606yubanmeiqin\n|t:|1776511533\n|gametype|doubles\n|player|p1|mk.2094|170|1294\n|player|p2|yubanmeiqin|lillie-masters2|1598\n|gen|9\n|tier|[Gen 9] VGC 2026 Reg I\n|rated|\n|rule|Species Clause: Limit one of each Pok\u00e9mon\n|rule|Item Clause: Limit 1 of each item\n|clearpoke\n|poke|p1|Tyranitar, L50, F|\n|poke|p1|Excadrill, L50, M|\n|poke|p1|Zacian-*, L50|\n|poke|p1|Miraidon, L50|\n|poke|p1|Kingambit, L50, M|\n|poke|p1|Hitmontop, L50, M|\n|poke|p2|Miraidon, L50|\n|poke|p2|Kyogre, L50|\n|poke|p2|Whimsicott, L50, F|\n|poke|p2|Iron Hands, L50|\n|poke|p2|Farigiraf, L50, M|\n|poke|p2|Urshifu-*, L50, M|\n|teampreview|4\n|\n|t:|1776511563\n|teamsize|p1|4\n|teamsize|p2|4\n|start\n|switch|p1a: Hitmontop|Hitmontop, L50, M|100/100\n|switch|p1b: King Of AG|Miraidon, L50|100/100\n|switch|p2a: 770|Farigiraf, L50, M|100/100\n|switch|p2b: \u624b\u94f6|Iron Hands, L50|100/100\n|-fieldstart|move: Electric Terrain|[from] ability: Hadron Engine|[of] p1b: King Of AG\n|-enditem|p2a: 770|Electric Seed\n|-boost|p2a: 770|def|1|[from] item: Electric Seed\n|-activate|p2b: \u624b\u94f6|ability: Quark Drive\n|-start|p2b: \u624b\u94f6|quarkdriveatk\n|-ability|p1a: Hitmontop|Intimidate|boost\n|-unboost|p2a: 770|atk|1\n|-unboost|p2b: \u624b\u94f6|atk|1\n|turn|1\n|\n|t:|1776511576\n|switch|p1a: Husband|Tyranitar, L50, F|100/100\n|-weather|Sandstorm|[from] ability: Sand Stream|[of] p1a: Husband\n|move|p2b: \u624b\u94f6|Fake Out|p1b: King Of AG\n|-damage|p1b: King Of AG|86/100\n|cant|p1b: King Of AG|flinch\n|move|p2a: 770|Trick Room|p2a: 770\n|-fieldstart|move: Trick Room|[of] p2a: 770\n|\n|-weather|Sandstorm|[upkeep]\n|-damage|p2b: \u624b\u94f6|95/100|[from] Sandstorm\n|-damage|p2a: 770|95/100|[from] Sandstorm\n|-damage|p1b: King Of AG|80/100|[from] Sandstorm\n|upkeep\n|turn|2\n|\n|t:|1776511595\n|move|p2b: \u624b\u94f6|Volt Switch|p1b: King Of AG\n|-resisted|p1b: King Of AG\n|-damage|p1b: King Of AG|76/100\n|\n|t:|1776511603\n|-end|p2b: \u624b\u94f6|Quark Drive|[silent]\n|switch|p2b: \u7d2b\u8272\u5fc3\u60c5|Miraidon, L50, shiny|100/100|[from] Volt Switch\n|-activate|p2b: \u7d2b\u8272\u5fc3\u60c5|ability: Hadron Engine\n|move|p1a: Husband|Knock Off|p2a: 770\n|-supereffective|p2a: 770\n|-damage|p2a: 770|29/100\n|move|p2a: 770|Foul Play|p1b: King Of AG\n|-damage|p1b: King Of AG|58/100\n|move|p1b: King Of AG|Dazzling Gleam|p2a: 770|[spread] p2a,p2b\n|-supereffective|p2b: \u7d2b\u8272\u5fc3\u60c5\n|-damage|p2a: 770|0 fnt\n|-damage|p2b: \u7d2b\u8272\u5fc3\u60c5|30/100\n|faint|p2a: 770\n|\n|-weather|Sandstorm|[upkeep]\n|-damage|p2b: \u7d2b\u8272\u5fc3\u60c5|25/100|[from] Sandstorm\n|-damage|p1b: King Of AG|52/100|[from] Sandstorm\n|upkeep\n|\n|t:|1776511614\n|switch|p2a: \u624b\u94f6|Iron Hands, L50|95/100\n|-activate|p2a: \u624b\u94f6|ability: Quark Drive\n|-start|p2a: \u624b\u94f6|quarkdriveatk\n|turn|3\n|\n|t:|1776511622\n|switch|p1b: Hitmontop|Hitmontop, L50, M|100/100\n|-ability|p1b: Hitmontop|Intimidate|boost\n|-unboost|p2a: \u624b\u94f6|atk|1\n|-unboost|p2b: \u7d2b\u8272\u5fc3\u60c5|atk|1\n|move|p2a: \u624b\u94f6|Low Kick|p1a: Husband\n|-supereffective|p1a: Husband\n|-damage|p1a: Husband|0 fnt\n|faint|p1a: Husband\n|move|p2b: \u7d2b\u8272\u5fc3\u60c5|Dazzling Gleam|p1b: Hitmontop\n|-supereffective|p1b: Hitmontop\n|-damage|p1b: Hitmontop|0 fnt\n|faint|p1b: Hitmontop\n|-damage|p2b: \u7d2b\u8272\u5fc3\u60c5|15/100|[from] item: Life Orb\n|\n|-weather|Sandstorm|[upkeep]\n|-damage|p2a: \u624b\u94f6|89/100|[from] Sandstorm\n|-damage|p2b: \u7d2b\u8272\u5fc3\u60c5|9/100|[from] Sandstorm\n|upkeep\n|\n|t:|1776511628\n|switch|p1a: King Of AG|Miraidon, L50|52/100\n|switch|p1b: The Strongest|Zacian-Crowned, L50, shiny|100/100\n|-activate|p1a: King Of AG|ability: Hadron Engine\n|-ability|p1b: The Strongest|Intrepid Sword|boost\n|-boost|p1b: The Strongest|atk|1\n|turn|4\n|\n|t:|1776511637\n|-terastallize|p2a: \u624b\u94f6|Water\n|move|p2a: \u624b\u94f6|Low Kick|p1a: King Of AG\n|-damage|p1a: King Of AG|0 fnt\n|faint|p1a: King Of AG\n|move|p2b: \u7d2b\u8272\u5fc3\u60c5|Dazzling Gleam|p1b: The Strongest\n|-resisted|p1b: The Strongest\n|-damage|p1b: The Strongest|77/100\n|-damage|p2b: \u7d2b\u8272\u5fc3\u60c5|0 fnt|[from] item: Life Orb\n|faint|p2b: \u7d2b\u8272\u5fc3\u60c5\n|move|p1b: The Strongest|Play Rough|p2a: \u624b\u94f6\n|-damage|p2a: \u624b\u94f6|31/100\n|\n|-weather|Sandstorm|[upkeep]\n|-damage|p2a: \u624b\u94f6|25/100|[from] Sandstorm\n|upkeep\n|\n|t:|1776511642\n|switch|p2b: \u7d2b\u9c7c\u5b66\u59d0|Kyogre, L50, shiny|100/100\n|-weather|RainDance|[from] ability: Drizzle|[of] p2b: \u7d2b\u9c7c\u5b66\u59d0\n|turn|5\n|\n|t:|1776511654\n|move|p1b: The Strongest|Protect|p1b: The Strongest\n|-singleturn|p1b: The Strongest|Protect\n|move|p2a: \u624b\u94f6|Wild Charge|p1b: The Strongest\n|-activate|p1b: The Strongest|move: Protect\n|move|p2b: \u7d2b\u9c7c\u5b66\u59d0|Origin Pulse|p1b: The Strongest\n|-activate|p1b: The Strongest|move: Protect\n|\n|-weather|RainDance|[upkeep]\n|-fieldend|move: Trick Room\n|-fieldend|move: Electric Terrain\n|-end|p2a: \u624b\u94f6|Quark Drive\n|upkeep\n|turn|6\n|\n|t:|1776511657\n|move|p1b: The Strongest|Play Rough|p2b: \u7d2b\u9c7c\u5b66\u59d0\n|-damage|p2b: \u7d2b\u9c7c\u5b66\u59d0|11/100\n|move|p2b: \u7d2b\u9c7c\u5b66\u59d0|Origin Pulse|p1b: The Strongest\n|-crit|p1b: The Strongest\n|-damage|p1b: The Strongest|0 fnt\n|faint|p1b: The Strongest\n|\n|win|yubanmeiqin\n|raw|mk.2094's rating: 1294 &rarr; <strong>1287</strong><br />(-7 for losing)\n|raw|yubanmeiqin's rating: 1598 &rarr; <strong>1604</strong><br />(+6 for winning)\n|l|\u2606yubanmeiqin\n|player|p2|\n|l|\u2606mk.2094\n|player|p1|\n","uploadtime":1776511843,"views":10,"formatid":"gen9vgc2026regi","rating":1287,"private":0,"password":null}