{"id":"gen9vgc2026regi-2516536708","format":"[Gen 9] VGC 2026 Reg I","players":["endershovel","dasabe\u76d6\u6b27\u5361\u4fa0"],"log":"|j|\u2606endershovel\n|j|\u2606dasabe\u76d6\u6b27\u5361\u4fa0\n|t:|1768153243\n|gametype|doubles\n|player|p1|endershovel|ethan|1277\n|player|p2|dasabe\u76d6\u6b27\u5361\u4fa0|may-masters4|1451\n|gen|9\n|tier|[Gen 9] VGC 2026 Reg I\n|rated|\n|rule|Species Clause: Limit one of each Pok\u00e9mon\n|rule|Item Clause: Limit 1 of each item\n|clearpoke\n|poke|p1|Koraidon, L50|\n|poke|p1|Dialga-Origin, L50|\n|poke|p1|Ursaluna, L50, F|\n|poke|p1|Brute Bonnet, L50|\n|poke|p1|Chi-Yu, L50|\n|poke|p1|Hitmontop, L50, M|\n|poke|p2|Kyogre, L50|\n|poke|p2|Miraidon, L50|\n|poke|p2|Whimsicott, L50, F|\n|poke|p2|Iron Hands, L50|\n|poke|p2|Farigiraf, L50, F|\n|poke|p2|Urshifu-*, L50, M|\n|teampreview|4\n|\n|t:|1768153255\n|teamsize|p1|4\n|teamsize|p2|4\n|start\n|switch|p1a: Dialga|Dialga-Origin, L50|100/100\n|switch|p1b: Hitmontop|Hitmontop, L50, M|100/100\n|switch|p2a: \u94f6\u91d1\u5996\u86c7|Miraidon, L50, shiny|100/100\n|switch|p2b: \u5996\u820d\u7cbe\u62c9|Whimsicott, L50, F, shiny|100/100\n|-fieldstart|move: Electric Terrain|[from] ability: Hadron Engine|[of] p2a: \u94f6\u91d1\u5996\u86c7\n|turn|1\n|\n|t:|1768153267\n|switch|p2b: \u5c0f\u5934\u63a7\u5927\u5934|Farigiraf, L50, F, shiny|100/100\n|-enditem|p2b: \u5c0f\u5934\u63a7\u5927\u5934|Electric Seed\n|-boost|p2b: \u5c0f\u5934\u63a7\u5927\u5934|def|1|[from] item: Electric Seed\n|-terastallize|p1b: Hitmontop|Ice\n|move|p2a: \u94f6\u91d1\u5996\u86c7|Draco Meteor|p1a: Dialga\n|-damage|p1a: Dialga|17/100\n|-unboost|p2a: \u94f6\u91d1\u5996\u86c7|spa|2\n|-damage|p2a: \u94f6\u91d1\u5996\u86c7|91/100|[from] item: Life Orb\n|move|p1b: Hitmontop|Triple Axel|p2a: \u94f6\u91d1\u5996\u86c7\n|-supereffective|p2a: \u94f6\u91d1\u5996\u86c7\n|-damage|p2a: \u94f6\u91d1\u5996\u86c7|69/100\n|-hitcount|p2a: \u94f6\u91d1\u5996\u86c7|1\n|move|p1a: Dialga|Trick Room|p1a: Dialga\n|-fieldstart|move: Trick Room|[of] p1a: Dialga\n|\n|upkeep\n|turn|2\n|\n|t:|1768153285\n|switch|p1a: Ursaluna|Ursaluna, L50, F|100/100\n|move|p2a: \u94f6\u91d1\u5996\u86c7|Protect|p2a: \u94f6\u91d1\u5996\u86c7\n|-singleturn|p2a: \u94f6\u91d1\u5996\u86c7|Protect\n|move|p1b: Hitmontop|Triple Axel|p2a: \u94f6\u91d1\u5996\u86c7\n|-activate|p2a: \u94f6\u91d1\u5996\u86c7|move: Protect\n|move|p2b: \u5c0f\u5934\u63a7\u5927\u5934|Trick Room|p2b: \u5c0f\u5934\u63a7\u5927\u5934\n|-fieldend|move: Trick Room\n|\n|-status|p1a: Ursaluna|brn|[from] item: Flame Orb\n|upkeep\n|turn|3\n|c|\u2606dasabe\u76d6\u6b27\u5361\u4fa0|1 time\ud83e\udd23\n|\n|t:|1768153299\n|move|p2b: \u5c0f\u5934\u63a7\u5927\u5934|Helping Hand|p2a: \u94f6\u91d1\u5996\u86c7\n|-singleturn|p2a: \u94f6\u91d1\u5996\u86c7|Helping Hand|[of] p2b: \u5c0f\u5934\u63a7\u5927\u5934\n|move|p2a: \u94f6\u91d1\u5996\u86c7|Electro Drift|p1b: Hitmontop\n|-damage|p1b: Hitmontop|14/100\n|-enditem|p1b: Hitmontop|Eject Button\n|-damage|p2a: \u94f6\u91d1\u5996\u86c7|59/100|[from] item: Life Orb\n|\n|t:|1768153309\n|switch|p1b: Dialga|Dialga-Origin, L50|17/100\n|move|p1a: Ursaluna|Facade|p2b: \u5c0f\u5934\u63a7\u5927\u5934\n|-damage|p2b: \u5c0f\u5934\u63a7\u5927\u5934|31/100\n|\n|-damage|p1a: Ursaluna|95/100 brn|[from] brn\n|upkeep\n|turn|4\n|\n|t:|1768153317\n|move|p2a: \u94f6\u91d1\u5996\u86c7|Dazzling Gleam|p1b: Dialga|[spread] p1a,p1b\n|-damage|p1a: Ursaluna|77/100 brn\n|-damage|p1b: Dialga|3/100\n|-damage|p2a: \u94f6\u91d1\u5996\u86c7|49/100|[from] item: Life Orb\n|move|p2b: \u5c0f\u5934\u63a7\u5927\u5934|Imprison|p2b: \u5c0f\u5934\u63a7\u5927\u5934\n|-start|p2b: \u5c0f\u5934\u63a7\u5927\u5934|move: Imprison\n|move|p1a: Ursaluna|Earthquake|p2a: \u94f6\u91d1\u5996\u86c7|[spread] p2a,p2b\n|-activate|p1b: Dialga|ability: Telepathy\n|-supereffective|p2a: \u94f6\u91d1\u5996\u86c7\n|-damage|p2a: \u94f6\u91d1\u5996\u86c7|0 fnt\n|-damage|p2b: \u5c0f\u5934\u63a7\u5927\u5934|0 fnt\n|faint|p2a: \u94f6\u91d1\u5996\u86c7\n|faint|p2b: \u5c0f\u5934\u63a7\u5927\u5934\n|move|p1b: Dialga|Trick Room|p1b: Dialga\n|-fieldstart|move: Trick Room|[of] p1b: Dialga\n|\n|-damage|p1a: Ursaluna|71/100 brn|[from] brn\n|upkeep\n|\n|t:|1768153321\n|switch|p2b: \u6210\u90fd\u8001\u76d6|Kyogre, L50, shiny|100/100\n|switch|p2a: \u5996\u820d\u7cbe\u62c9|Whimsicott, L50, F, shiny|100/100\n|-weather|RainDance|[from] ability: Drizzle|[of] p2b: \u6210\u90fd\u8001\u76d6\n|turn|5\n|-message|dasabe\u76d6\u6b27\u5361\u4fa0 forfeited.\n|\n|win|endershovel\n|raw|endershovel's rating: 1277 &rarr; <strong>1314</strong><br />(+37 for winning)\n|raw|dasabe\u76d6\u6b27\u5361\u4fa0's rating: 1451 &rarr; <strong>1422</strong><br />(-29 for losing)\n|l|\u2606dasabe\u76d6\u6b27\u5361\u4fa0\n|player|p2|\n|l|\u2606endershovel\n|player|p1|\n","uploadtime":1768153599,"views":12,"formatid":"gen9vgc2026regi","rating":1314,"private":0,"password":null}