{"id":"gen9vgc2026regi-2556969595","format":"[Gen 9] VGC 2026 Reg I","players":["Simon0123","zizoudz"],"log":"|j|\u2606Simon0123\n|j|\u2606zizoudz\n|t:|1773265292\n|gametype|doubles\n|player|p1|Simon0123|benga|1325\n|player|p2|zizoudz|zinnia|1298\n|gen|9\n|tier|[Gen 9] VGC 2026 Reg I\n|rated|\n|rule|Species Clause: Limit one of each Pok\u00e9mon\n|rule|Item Clause: Limit 1 of each item\n|clearpoke\n|poke|p1|Miraidon, L50|\n|poke|p1|Calyrex-Shadow, L50|\n|poke|p1|Iron Hands, L50|\n|poke|p1|Tornadus, L50, M|\n|poke|p1|Urshifu-*, L50, F|\n|poke|p1|Amoonguss, L50, M|\n|poke|p2|Calyrex-Ice, L50|\n|poke|p2|Indeedee-F, L50, F|\n|poke|p2|Lunala, L50|\n|poke|p2|Torkoal, L50, F|\n|poke|p2|Raging Bolt, L50|\n|poke|p2|Smeargle, L50, F|\n|teampreview|4\n|inactive|Battle timer is ON: inactive players will automatically lose when time's up. (requested by Simon0123)\n|inactive|zizoudz also wants the timer to be on.\n|inactive|Simon0123 has 60 seconds left.\n|\n|t:|1773265333\n|teamsize|p1|4\n|teamsize|p2|4\n|start\n|switch|p1a: Urshifu|Urshifu-Rapid-Strike, L50, F|100/100\n|switch|p1b: Iron Hands|Iron Hands, L50, shiny|100/100\n|switch|p2a: Indeedee|Indeedee-F, L50, F|100/100\n|switch|p2b: Lunala|Lunala, L50|100/100\n|-fieldstart|move: Psychic Terrain|[from] ability: Psychic Surge|[of] p2a: Indeedee\n|turn|1\n|inactive|zizoudz has 30 seconds left.\n|\n|t:|1773265365\n|move|p1a: Urshifu|Surging Strikes|p2b: Lunala\n|-crit|p2b: Lunala\n|-damage|p2b: Lunala|92/100\n|-crit|p2b: Lunala\n|-damage|p2b: Lunala|73/100\n|-crit|p2b: Lunala\n|-damage|p2b: Lunala|53/100\n|-hitcount|p2b: Lunala|3\n|move|p2b: Lunala|Expanding Force|p1b: Iron Hands|[spread] p1a,p1b\n|-supereffective|p1a: Urshifu\n|-supereffective|p1b: Iron Hands\n|-damage|p1a: Urshifu|0 fnt\n|-damage|p1b: Iron Hands|32/100\n|faint|p1a: Urshifu\n|move|p2a: Indeedee|Psychic|p1b: Iron Hands\n|-supereffective|p1b: Iron Hands\n|-damage|p1b: Iron Hands|0 fnt\n|faint|p1b: Iron Hands\n|-end|p1b: Iron Hands|Quark Drive|[silent]\n|\n|upkeep\n|\n|t:|1773265381\n|switch|p1a: Miraidon|Miraidon, L50, shiny|100/100\n|switch|p1b: Calyrex|Calyrex-Shadow, L50|100/100\n|-ability|p1b: Calyrex|As One\n|-ability|p1b: Calyrex|Unnerve\n|-fieldstart|move: Electric Terrain|[from] ability: Hadron Engine|[of] p1a: Miraidon\n|turn|2\n|inactive|zizoudz has 30 seconds left.\n|inactive|zizoudz has 20 seconds left.\n|\n|t:|1773265419\n|switch|p2a: Torkoal|Torkoal, L50, F|100/100\n|-weather|SunnyDay|[from] ability: Drought|[of] p2a: Torkoal\n|move|p1b: Calyrex|Nasty Plot|p1b: Calyrex\n|-boost|p1b: Calyrex|spa|2\n|move|p1a: Miraidon|Electro Drift|p2b: Lunala\n|-damage|p2b: Lunala|0 fnt\n|faint|p2b: Lunala\n|\n|-weather|SunnyDay|[upkeep]\n|upkeep\n|\n|t:|1773265436\n|switch|p2b: Indeedee|Indeedee-F, L50, F|100/100\n|-fieldstart|move: Psychic Terrain|[from] ability: Psychic Surge|[of] p2b: Indeedee\n|turn|3\n|\n|t:|1773265461\n|move|p2a: Torkoal|Protect|p2a: Torkoal\n|-singleturn|p2a: Torkoal|Protect\n|move|p1b: Calyrex|Astral Barrage|p2a: Torkoal|[spread] \n|-activate|p2a: Torkoal|move: Protect\n|-immune|p2b: Indeedee\n|move|p1a: Miraidon|Electro Drift|p2b: Indeedee\n|-damage|p2b: Indeedee|27/100\n|move|p2b: Indeedee|Trick Room|p2b: Indeedee\n|-fieldstart|move: Trick Room|[of] p2b: Indeedee\n|\n|-weather|SunnyDay|[upkeep]\n|upkeep\n|turn|4\n|\n|t:|1773265479\n|move|p2a: Torkoal|Eruption|p1a: Miraidon|[spread] p1a,p1b\n|-resisted|p1a: Miraidon\n|-damage|p1a: Miraidon|58/100\n|-damage|p1b: Calyrex|15/100\n|move|p2b: Indeedee|Psychic|p1a: Miraidon\n|-damage|p1a: Miraidon|23/100\n|move|p1a: Miraidon|Electro Drift|p2b: Indeedee\n|-damage|p2b: Indeedee|0 fnt\n|faint|p2b: Indeedee\n|move|p1b: Calyrex|Astral Barrage|p2a: Torkoal\n|-damage|p2a: Torkoal|0 fnt\n|faint|p2a: Torkoal\n|-ability|p1b: Calyrex|Grim Neigh|boost\n|-boost|p1b: Calyrex|spa|1\n|\n|-weather|SunnyDay|[upkeep]\n|upkeep\n|\n|t:|1773265496\n|switch|p2a: Calyrex|Calyrex-Ice, L50|100/100\n|-ability|p2a: Calyrex|As One\n|-ability|p2a: Calyrex|Unnerve\n|turn|5\n|-message|Simon0123 forfeited.\n|\n|win|zizoudz\n|raw|Simon0123's rating: 1325 &rarr; <strong>1303</strong><br />(-22 for losing)\n|raw|zizoudz's rating: 1298 &rarr; <strong>1325</strong><br />(+27 for winning)\n|l|\u2606Simon0123\n|player|p1|\n|l|\u2606zizoudz\n|player|p2|\n","uploadtime":1773265737,"views":10,"formatid":"gen9vgc2026regi","rating":1303,"private":0,"password":null}