{"id":"gen9vgc2026regi-2547580534","format":"[Gen 9] VGC 2026 Reg I","players":["Javike","Zorse Mentality"],"log":"|j|\u2606Javike\n|j|\u2606Zorse Mentality\n|t:|1772111452\n|gametype|doubles\n|player|p1|Javike|crasherwake|1385\n|player|p2|Zorse Mentality|1|1422\n|gen|9\n|tier|[Gen 9] VGC 2026 Reg I\n|rated|\n|rule|Species Clause: Limit one of each Pok\u00e9mon\n|rule|Item Clause: Limit 1 of each item\n|clearpoke\n|poke|p1|Kyogre, L50|\n|poke|p1|Miraidon, L50|\n|poke|p1|Farigiraf, L50, F|\n|poke|p1|Whimsicott, L50, M|\n|poke|p1|Gastrodon, L50, M|\n|poke|p1|Sneasler, L50, M|\n|poke|p2|Calyrex-Shadow, L50|\n|poke|p2|Miraidon, L50|\n|poke|p2|Dondozo, L50, F|\n|poke|p2|Tatsugiri, L50, M|\n|poke|p2|Weezing-Galar, L50, F|\n|poke|p2|Raichu-Alola, L50, F|\n|teampreview|4\n|inactive|Battle timer is ON: inactive players will automatically lose when time's up. (requested by Javike)\n|l|\u2606Javike\n|inactive|Javike disconnected and has a minute to reconnect!\n|player|p1|\n|j|\u2606Javike\n|inactive|Javike reconnected and has 60 seconds left.\n|player|p1|Javike|crasherwake|\n|\n|t:|1772111502\n|teamsize|p1|4\n|teamsize|p2|4\n|start\n|switch|p1a: Sneasler|Sneasler, L50, M|100/100\n|switch|p1b: Miraidon|Miraidon, L50|100/100\n|switch|p2a: Raichu|Raichu-Alola, L50, F|100/100\n|switch|p2b: Miraidon|Miraidon, L50|100/100\n|-fieldstart|move: Electric Terrain|[from] ability: Hadron Engine|[of] p1b: Miraidon\n|-activate|p2b: Miraidon|ability: Hadron Engine\n|turn|1\n|inactive|Zorse Mentality has 30 seconds left.\n|inactive|Zorse Mentality has 20 seconds left.\n|inactive|Zorse Mentality has 15 seconds left.\n|\n|t:|1772111546\n|-terastallize|p1b: Miraidon|Fairy\n|move|p2a: Raichu|Fake Out|p1b: Miraidon\n|-damage|p1b: Miraidon|93/100\n|move|p1a: Sneasler|Fake Out|p2b: Miraidon\n|-enditem|p1a: Sneasler|Normal Gem|[from] gem\n|-damage|p2b: Miraidon|79/100\n|cant|p2b: Miraidon|flinch\n|cant|p1b: Miraidon|flinch\n|\n|upkeep\n|turn|2\n|inactive|Zorse Mentality has 30 seconds left.\n|inactive|Zorse Mentality has 20 seconds left.\n|inactive|Zorse Mentality has 15 seconds left.\n|\n|t:|1772111587\n|-terastallize|p2b: Miraidon|Electric\n|move|p2a: Raichu|Nuzzle|p1a: Sneasler\n|-damage|p1a: Sneasler|90/100\n|-status|p1a: Sneasler|par\n|move|p1b: Miraidon|Dazzling Gleam|p2a: Raichu|[spread] p2a,p2b\n|-damage|p2a: Raichu|45/100\n|-damage|p2b: Miraidon|21/100\n|move|p2b: Miraidon|Parabolic Charge|p1b: Miraidon|[spread] p2a,p1a,p1b\n|-resisted|p2a: Raichu\n|-damage|p2a: Raichu|13/100\n|-heal|p2b: Miraidon|35/100|[from] drain|[of] p2a: Raichu\n|-damage|p1a: Sneasler|0 fnt\n|-heal|p2b: Miraidon|81/100|[from] drain|[of] p1a: Sneasler\n|-damage|p1b: Miraidon|18/100\n|-heal|p2b: Miraidon|100/100|[from] drain|[of] p1b: Miraidon\n|faint|p1a: Sneasler\n|-damage|p2b: Miraidon|91/100|[from] item: Life Orb\n|\n|upkeep\n|\n|t:|1772111609\n|switch|p1a: Gastrodon|Gastrodon, L50, M|100/100\n|turn|3\n|\n|t:|1772111617\n|switch|p2a: Dondozo|Dondozo, L50, F|100/100\n|switch|p2b: Tatsugiri|Tatsugiri, L50, M|100/100\n|-activate|p2b: Tatsugiri|ability: Commander|[of] p2a: Dondozo\n|-boost|p2a: Dondozo|atk|2\n|-boost|p2a: Dondozo|spa|2\n|-boost|p2a: Dondozo|spe|2\n|-boost|p2a: Dondozo|def|2\n|-boost|p2a: Dondozo|spd|2\n|move|p1b: Miraidon|Dazzling Gleam|p2a: Dondozo|[spread] p2a\n|-miss|p1b: Miraidon|p2b: Tatsugiri\n|-damage|p2a: Dondozo|78/100\n|move|p1a: Gastrodon|Muddy Water|p2a: Dondozo|[spread] p2a\n|-miss|p1a: Gastrodon|p2b: Tatsugiri\n|-resisted|p2a: Dondozo\n|-damage|p2a: Dondozo|74/100\n|-unboost|p2a: Dondozo|accuracy|1\n|\n|upkeep\n|turn|4\n|\n|t:|1772111641\n|switch|p1b: Kyogre|Kyogre, L50|100/100\n|-weather|RainDance|[from] ability: Drizzle|[of] p1b: Kyogre\n|move|p2a: Dondozo|Earthquake|p1b: Kyogre|[spread] p1a,p1b\n|-miss|p2a: Dondozo|p2b: Tatsugiri\n|-damage|p1a: Gastrodon|66/100\n|-damage|p1b: Kyogre|64/100\n|move|p1a: Gastrodon|Sludge Bomb|p2a: Dondozo\n|-damage|p2a: Dondozo|67/100\n|\n|-weather|RainDance|[upkeep]\n|-heal|p1a: Gastrodon|71/100|[from] item: Leftovers\n|upkeep\n|turn|5\n|\n|t:|1772111664\n|move|p1b: Kyogre|Thunder|p2a: Dondozo\n|-supereffective|p2a: Dondozo\n|-damage|p2a: Dondozo|31/100\n|move|p2a: Dondozo|Earthquake|p1b: Kyogre|[spread] p1a,p1b\n|-miss|p2a: Dondozo|p2b: Tatsugiri\n|-damage|p1a: Gastrodon|39/100\n|-damage|p1b: Kyogre|28/100\n|move|p1a: Gastrodon|Muddy Water|p2a: Dondozo|[spread] p2a\n|-miss|p1a: Gastrodon|p2b: Tatsugiri\n|-resisted|p2a: Dondozo\n|-damage|p2a: Dondozo|24/100\n|-unboost|p2a: Dondozo|accuracy|1\n|\n|-weather|RainDance|[upkeep]\n|-heal|p1a: Gastrodon|45/100|[from] item: Leftovers\n|-fieldend|move: Electric Terrain\n|upkeep\n|turn|6\n|\n|t:|1772111682\n|move|p1a: Gastrodon|Protect|p1a: Gastrodon\n|-singleturn|p1a: Gastrodon|Protect\n|move|p1b: Kyogre|Thunder|p2a: Dondozo\n|-supereffective|p2a: Dondozo\n|-damage|p2a: Dondozo|0 fnt\n|faint|p2a: Dondozo\n|\n|-weather|RainDance|[upkeep]\n|-heal|p1a: Gastrodon|51/100|[from] item: Leftovers\n|upkeep\n|\n|t:|1772111695\n|switch|p2a: Miraidon|Miraidon, L50, tera:Electric|91/100\n|-fieldstart|move: Electric Terrain|[from] ability: Hadron Engine|[of] p2a: Miraidon\n|turn|7\n|\n|t:|1772111705\n|move|p2a: Miraidon|Protect|p2a: Miraidon\n|-singleturn|p2a: Miraidon|Protect\n|move|p1b: Kyogre|Thunder|p2b: Tatsugiri\n|-damage|p2b: Tatsugiri|29/100\n|-status|p2b: Tatsugiri|par\n|move|p2b: Tatsugiri|Icy Wind|p1a: Gastrodon|[spread] p1a,p1b\n|-resisted|p1b: Kyogre\n|-damage|p1a: Gastrodon|38/100\n|-damage|p1b: Kyogre|23/100\n|-unboost|p1a: Gastrodon|spe|1\n|-unboost|p1b: Kyogre|spe|1\n|move|p1a: Gastrodon|Earth Power|p2a: Miraidon\n|-activate|p2a: Miraidon|move: Protect\n|\n|-weather|RainDance|[upkeep]\n|-heal|p1a: Gastrodon|44/100|[from] item: Leftovers\n|upkeep\n|turn|8\n|\n|t:|1772111728\n|move|p1a: Gastrodon|Protect|p1a: Gastrodon\n|-singleturn|p1a: Gastrodon|Protect\n|move|p2a: Miraidon|Parabolic Charge|p1a: Gastrodon|[spread] p2b,p1b\n|-activate|p1a: Gastrodon|move: Protect\n|-supereffective|p1b: Kyogre\n|-damage|p2b: Tatsugiri|0 fnt\n|-heal|p2a: Miraidon|100/100|[from] drain|[of] p2b: Tatsugiri\n|-damage|p1b: Kyogre|0 fnt\n|faint|p2b: Tatsugiri\n|faint|p1b: Kyogre\n|-damage|p2a: Miraidon|91/100|[from] item: Life Orb\n|\n|-weather|none\n|-heal|p1a: Gastrodon|50/100|[from] item: Leftovers\n|upkeep\n|\n|t:|1772111743\n|switch|p1b: Miraidon|Miraidon, L50, tera:Fairy|18/100\n|switch|p2b: Raichu|Raichu-Alola, L50, F|13/100\n|-activate|p1b: Miraidon|ability: Hadron Engine\n|turn|9\n|\n|t:|1772111758\n|move|p2b: Raichu|Fake Out|p1b: Miraidon\n|-damage|p1b: Miraidon|10/100\n|move|p2a: Miraidon|Draco Meteor|p1a: Gastrodon\n|-damage|p1a: Gastrodon|0 fnt\n|-unboost|p2a: Miraidon|spa|2\n|faint|p1a: Gastrodon\n|-damage|p2a: Miraidon|81/100|[from] item: Life Orb\n|cant|p1b: Miraidon|flinch\n|\n|upkeep\n|turn|10\n|-message|Javike forfeited.\n|\n|win|Zorse Mentality\n|raw|Javike's rating: 1385 &rarr; <strong>1367</strong><br />(-18 for losing)\n|raw|Zorse Mentality's rating: 1422 &rarr; <strong>1440</strong><br />(+18 for winning)\n|l|\u2606Javike\n|player|p1|\n|l|\u2606Zorse Mentality\n|player|p2|\n","uploadtime":1772112042,"views":12,"formatid":"gen9vgc2026regi","rating":1367,"private":0,"password":null}