{"id":"gen9vgc2026regi-2561341464","format":"[Gen 9] VGC 2026 Reg I","players":["terafireflareblitz","renlovgc"],"log":"|j|\u2606terafireflareblitz\n|j|\u2606renlovgc\n|t:|1773785856\n|gametype|doubles\n|player|p1|terafireflareblitz|sycamore|1489\n|player|p2|renlovgc|265|1398\n|gen|9\n|tier|[Gen 9] VGC 2026 Reg I\n|rated|\n|rule|Species Clause: Limit one of each Pok\u00e9mon\n|rule|Item Clause: Limit 1 of each item\n|clearpoke\n|poke|p1|Koraidon, L50|\n|poke|p1|Lunala, L50|\n|poke|p1|Indeedee-F, L50, F|\n|poke|p1|Flutter Mane, L50|\n|poke|p1|Volcarona, L50, F|\n|poke|p1|Ursaluna, L50, F|\n|poke|p2|Miraidon, L50|\n|poke|p2|Lunala, L50|\n|poke|p2|Whimsicott, L50, M|\n|poke|p2|Urshifu-*, L50, F|\n|poke|p2|Ursaluna, L50, F|\n|poke|p2|Incineroar, L50, F|\n|teampreview|4\n|inactive|Battle timer is ON: inactive players will automatically lose when time's up. (requested by renlovgc)\n|inactive|terafireflareblitz also wants the timer to be on.\nrenlovgc has agreed to open team sheets.\n|inactive|renlovgc has 60 seconds left.\n|\n|t:|1773785913\n|teamsize|p1|4\n|teamsize|p2|4\n|start\n|switch|p1a: Lunala|Lunala, L50, shiny|100/100\n|switch|p1b: Indeedee|Indeedee-F, L50, F|100/100\n|switch|p2a: Incineroar|Incineroar, L50, F|100/100\n|switch|p2b: Miraidon|Miraidon, L50|100/100\n|-fieldstart|move: Electric Terrain|[from] ability: Hadron Engine|[of] p2b: Miraidon\n|-fieldstart|move: Psychic Terrain|[from] ability: Psychic Surge|[of] p1b: Indeedee\n|-ability|p2a: Incineroar|Intimidate|boost\n|-unboost|p1a: Lunala|atk|1\n|-unboost|p1b: Indeedee|atk|1\n|turn|1\n|inactive|terafireflareblitz has 30 seconds left.\n|\n|t:|1773785939\n|switch|p1b: Ursaluna|Ursaluna, L50, F|100/100\n|move|p2b: Miraidon|Volt Switch|p1b: Ursaluna\n|-immune|p1b: Ursaluna\n|move|p1a: Lunala|Meteor Beam||[still]\n|-prepare|p1a: Lunala|Meteor Beam\n|-boost|p1a: Lunala|spa|1\n|-enditem|p1a: Lunala|Power Herb\n|-anim|p1a: Lunala|Meteor Beam|p2a: Incineroar\n|-supereffective|p2a: Incineroar\n|-damage|p2a: Incineroar|11/100\n|move|p2a: Incineroar|U-turn|p1b: Ursaluna\n|-damage|p1b: Ursaluna|87/100\n|\n|t:|1773785952\n|switch|p2a: Ursaluna|Ursaluna, L50, F|100/100|[from] U-turn\n|\n|-status|p1b: Ursaluna|brn|[from] item: Flame Orb\n|-status|p2a: Ursaluna|brn|[from] item: Flame Orb\n|upkeep\n|turn|2\n|inactive|terafireflareblitz has 30 seconds left.\n|\n|t:|1773785977\n|move|p2b: Miraidon|Volt Switch|p1a: Lunala\n|-damage|p1a: Lunala|79/100\n|\n|t:|1773785980\n|switch|p2b: Incineroar|Incineroar, L50, F|11/100|[from] Volt Switch\n|-ability|p2b: Incineroar|Intimidate|boost\n|-unboost|p1a: Lunala|atk|1\n|-unboost|p1b: Ursaluna|atk|1\n|move|p1a: Lunala|Expanding Force|p2b: Incineroar|[spread] p2a\n|-immune|p2b: Incineroar\n|-damage|p2a: Ursaluna|3/100 brn\n|move|p1b: Ursaluna|Facade|p2a: Ursaluna\n|-damage|p2a: Ursaluna|0 fnt\n|faint|p2a: Ursaluna\n|\n|-damage|p1b: Ursaluna|81/100 brn|[from] brn\n|upkeep\n|\n|t:|1773785999\n|switch|p2a: Miraidon|Miraidon, L50|100/100\n|-fieldstart|move: Electric Terrain|[from] ability: Hadron Engine|[of] p2a: Miraidon\n|turn|3\n|inactive|terafireflareblitz has 30 seconds left.\n|\n|t:|1773786024\n|switch|p1b: Indeedee|Indeedee-F, L50, F|100/100\n|-fieldstart|move: Psychic Terrain|[from] ability: Psychic Surge|[of] p1b: Indeedee\n|-terastallize|p2a: Miraidon|Fairy\n|move|p2a: Miraidon|Electro Drift|p1a: Lunala\n|-damage|p1a: Lunala|15/100\n|move|p1a: Lunala|Expanding Force|p2a: Miraidon|[spread] p2a\n|-immune|p2b: Incineroar\n|-damage|p2a: Miraidon|20/100\n|move|p2b: Incineroar|U-turn|p1b: Indeedee\n|-supereffective|p1b: Indeedee\n|-damage|p1b: Indeedee|64/100\n|\n|t:|1773786040\n|switch|p2b: Lunala|Lunala, L50|100/100|[from] U-turn\n|\n|upkeep\n|turn|4\n|\n|t:|1773786055\n|move|p1b: Indeedee|Follow Me|p1b: Indeedee\n|-singleturn|p1b: Indeedee|move: Follow Me\n|move|p2a: Miraidon|Electro Drift|p1b: Indeedee\n|-damage|p1b: Indeedee|0 fnt\n|faint|p1b: Indeedee\n|move|p1a: Lunala|Moongeist Beam|p2b: Lunala\n|-supereffective|p2b: Lunala\n|-damage|p2b: Lunala|0 fnt\n|faint|p2b: Lunala\n|\n|upkeep\n|\n|t:|1773786064\n|switch|p2b: Incineroar|Incineroar, L50, F|11/100\n|switch|p1b: Ursaluna|Ursaluna, L50, F|81/100 brn\n|-ability|p2b: Incineroar|Intimidate|boost\n|-unboost|p1a: Lunala|atk|1\n|-unboost|p1b: Ursaluna|atk|1\n|turn|5\n|\n|t:|1773786078\n|move|p1a: Lunala|Wide Guard|p1a: Lunala\n|-singleturn|p1a: Lunala|Wide Guard\n|move|p2a: Miraidon|Electro Drift|p1a: Lunala\n|-damage|p1a: Lunala|0 fnt\n|faint|p1a: Lunala\n|move|p2b: Incineroar|Knock Off|p1b: Ursaluna\n|-damage|p1b: Ursaluna|52/100 brn\n|-enditem|p1b: Ursaluna|Flame Orb|[from] move: Knock Off|[of] p2b: Incineroar\n|move|p1b: Ursaluna|Earthquake|p2b: Incineroar|[spread] p2a,p2b\n|-supereffective|p2b: Incineroar\n|-damage|p2a: Miraidon|0 fnt\n|-damage|p2b: Incineroar|0 fnt\n|faint|p2a: Miraidon\n|faint|p2b: Incineroar\n|\n|win|terafireflareblitz\n|raw|terafireflareblitz's rating: 1489 &rarr; <strong>1504</strong><br />(+15 for winning)\n|raw|renlovgc's rating: 1398 &rarr; <strong>1383</strong><br />(-15 for losing)\n","uploadtime":1773786079,"views":10,"formatid":"gen9vgc2026regi","rating":1383,"private":0,"password":null}