{"id":"gen9vgc2026regi-2539236159","format":"[Gen 9] VGC 2026 Reg I","players":["vinzzent","alexit93"],"log":"|j|\u2606vinzzent\n|j|\u2606alexit93\n|t:|1771026655\n|gametype|doubles\n|player|p1|vinzzent|2|1173\n|player|p2|alexit93|lucas-gen4pt|1386\n|gen|9\n|tier|[Gen 9] VGC 2026 Reg I\n|rated|\n|rule|Species Clause: Limit one of each Pok\u00e9mon\n|rule|Item Clause: Limit 1 of each item\n|clearpoke\n|poke|p1|Regieleki, L50|\n|poke|p1|Kyurem-White, L50|\n|poke|p1|Ninetales-Alola, L50, F|\n|poke|p1|Amoonguss, L50, F|\n|poke|p1|Miraidon, L50|\n|poke|p1|Incineroar, L50, M|\n|poke|p2|Zamazenta-*, L50|\n|poke|p2|Riolu, L50, F|\n|poke|p2|Calyrex-Ice, L50|\n|poke|p2|Rillaboom, L50, M|\n|poke|p2|Incineroar, L50, F|\n|poke|p2|Urshifu-*, L50, F|\n|teampreview|4\n|\n|t:|1771026688\n|teamsize|p1|4\n|teamsize|p2|4\n|start\n|switch|p1a: Ninetales|Ninetales-Alola, L50, F, shiny|100/100\n|switch|p1b: Incineroar|Incineroar, L50, M, shiny|100/100\n|switch|p2a: Calyrex|Calyrex-Ice, L50|100/100\n|switch|p2b: Riolu|Riolu, L50, F|100/100\n|-ability|p2a: Calyrex|As One\n|-ability|p2a: Calyrex|Unnerve\n|-weather|Snowscape|[from] ability: Snow Warning|[of] p1a: Ninetales\n|-ability|p1b: Incineroar|Intimidate|boost\n|-fail|p2a: Calyrex|unboost|[from] item: Clear Amulet|[of] p2a: Calyrex\n|-unboost|p2b: Riolu|atk|1\n|turn|1\n|\n|t:|1771026710\n|move|p2a: Calyrex|Protect|p2a: Calyrex\n|-singleturn|p2a: Calyrex|Protect\n|move|p1b: Incineroar|Fake Out|p2b: Riolu\n|-damage|p2b: Riolu|81/100\n|cant|p2b: Riolu|flinch\n|move|p1a: Ninetales|Aurora Veil|p1a: Ninetales\n|-sidestart|p1: vinzzent|move: Aurora Veil\n|\n|-weather|Snowscape|[upkeep]\n|upkeep\n|turn|2\n|\n|t:|1771026732\n|move|p2b: Riolu|Coaching|p2a: Calyrex\n|-boost|p2a: Calyrex|atk|1\n|-boost|p2a: Calyrex|def|1\n|move|p1a: Ninetales|Dazzling Gleam|p2a: Calyrex|[spread] p2a,p2b\n|-supereffective|p2b: Riolu\n|-damage|p2a: Calyrex|84/100\n|-damage|p2b: Riolu|27/100\n|move|p1b: Incineroar|Knock Off|p2a: Calyrex\n|-supereffective|p2a: Calyrex\n|-damage|p2a: Calyrex|56/100\n|-enditem|p2a: Calyrex|Clear Amulet|[from] move: Knock Off|[of] p1b: Incineroar\n|move|p2a: Calyrex|Trick Room|p2a: Calyrex\n|-fieldstart|move: Trick Room|[of] p2a: Calyrex\n|\n|-weather|Snowscape|[upkeep]\n|upkeep\n|turn|3\n|\n|t:|1771026763\n|move|p2b: Riolu|Coaching|p2a: Calyrex\n|-boost|p2a: Calyrex|atk|1\n|-boost|p2a: Calyrex|def|1\n|move|p2a: Calyrex|High Horsepower|p1b: Incineroar\n|-supereffective|p1b: Incineroar\n|-damage|p1b: Incineroar|0 fnt\n|faint|p1b: Incineroar\n|-ability|p2a: Calyrex|Chilling Neigh|boost\n|-boost|p2a: Calyrex|atk|1\n|move|p1a: Ninetales|Dazzling Gleam|p2b: Riolu|[spread] p2a,p2b\n|-supereffective|p2b: Riolu\n|-damage|p2a: Calyrex|37/100\n|-damage|p2b: Riolu|0 fnt\n|faint|p2b: Riolu\n|\n|-weather|Snowscape|[upkeep]\n|upkeep\n|\n|t:|1771026785\n|switch|p2b: Zamazenta|Zamazenta-Crowned, L50, shiny|100/100\n|switch|p1b: Amoonguss|Amoonguss, L50, F, shiny|100/100\n|-ability|p2b: Zamazenta|Dauntless Shield|boost\n|-boost|p2b: Zamazenta|def|1\n|turn|4\n|\n|t:|1771026801\n|move|p2a: Calyrex|Protect|p2a: Calyrex\n|-singleturn|p2a: Calyrex|Protect\n|move|p1b: Amoonguss|Spore|p2a: Calyrex\n|-activate|p2a: Calyrex|move: Protect\n|move|p1a: Ninetales|Dazzling Gleam|p2a: Calyrex|[spread] p2b\n|-activate|p2a: Calyrex|move: Protect\n|-damage|p2b: Zamazenta|80/100\n|move|p2b: Zamazenta|Behemoth Bash|p1a: Ninetales\n|-supereffective|p1a: Ninetales\n|-damage|p1a: Ninetales|0 fnt\n|faint|p1a: Ninetales\n|\n|-weather|Snowscape|[upkeep]\n|upkeep\n|\n|t:|1771026819\n|switch|p1a: Miraidon|Miraidon, L50, shiny|100/100\n|-fieldstart|move: Electric Terrain|[from] ability: Hadron Engine|[of] p1a: Miraidon\n|turn|5\n|\n|t:|1771026838\n|-terastallize|p2a: Calyrex|Ground\n|move|p2a: Calyrex|Glacial Lance|p1b: Amoonguss|[spread] p1a,p1b\n|-supereffective|p1a: Miraidon\n|-supereffective|p1b: Amoonguss\n|-damage|p1a: Miraidon|0 fnt\n|-damage|p1b: Amoonguss|0 fnt\n|faint|p1a: Miraidon\n|faint|p1b: Amoonguss\n|\n|win|alexit93\n|raw|vinzzent's rating: 1173 &rarr; <strong>1162</strong><br />(-11 for losing)\n|raw|alexit93's rating: 1386 &rarr; <strong>1395</strong><br />(+9 for winning)\n|l|\u2606alexit93\n|player|p2|\n","uploadtime":1771027016,"views":27,"formatid":"gen9vgc2026regi","rating":1162,"private":0,"password":null}