{"id":"gen9vgc2026regi-2579274836","format":"[Gen 9] VGC 2026 Reg I","players":["FRESHmustard","Metatitan"],"log":"|j|\u2606FRESHmustard\n|j|\u2606Metatitan\n|t:|1775766171\n|gametype|doubles\n|player|p1|FRESHmustard|clair|1393\n|player|p2|Metatitan|cynthia-gen4|1397\n|gen|9\n|tier|[Gen 9] VGC 2026 Reg I\n|rated|\n|rule|Species Clause: Limit one of each Pok\u00e9mon\n|rule|Item Clause: Limit 1 of each item\n|clearpoke\n|poke|p1|Lunala, L50|\n|poke|p1|Ursaluna, L50, F|\n|poke|p1|Urshifu-*, L50, M|\n|poke|p1|Miraidon, L50|\n|poke|p1|Grimmsnarl, L50, M|\n|poke|p1|Incineroar, L50, F|\n|poke|p2|Rayquaza, L50|\n|poke|p2|Rhydon, L50, M|\n|poke|p2|Kyogre, L50|\n|poke|p2|Chien-Pao, L50|\n|poke|p2|Urshifu-*, L50, F|\n|poke|p2|Tornadus, L50, M|\n|teampreview|4\n|inactive|Battle timer is ON: inactive players will automatically lose when time's up. (requested by FRESHmustard)\n|\n|t:|1775766198\n|teamsize|p1|4\n|teamsize|p2|4\n|start\n|switch|p1a: Miraidon|Miraidon, L50|100/100\n|switch|p1b: Lunala|Lunala, L50|100/100\n|switch|p2a: Kyogre|Kyogre, L50|100/100\n|switch|p2b: Tornadus|Tornadus, L50, M|100/100\n|-fieldstart|move: Electric Terrain|[from] ability: Hadron Engine|[of] p1a: Miraidon\n|-enditem|p1b: Lunala|Electric Seed\n|-boost|p1b: Lunala|def|1|[from] item: Electric Seed\n|-weather|RainDance|[from] ability: Drizzle|[of] p2a: Kyogre\n|turn|1\n|\n|t:|1775766215\n|switch|p2b: Rhydon|Rhydon, L50, M|100/100\n|move|p1b: Lunala|Wide Guard|p1b: Lunala\n|-singleturn|p1b: Lunala|Wide Guard\n|move|p1a: Miraidon|Volt Switch|p2b: Rhydon\n|-ability|p2b: Rhydon|Lightning Rod|boost\n|-boost|p2b: Rhydon|spa|1\n|move|p2a: Kyogre|Ice Beam|p1a: Miraidon\n|-supereffective|p1a: Miraidon\n|-damage|p1a: Miraidon|61/100\n|\n|-weather|RainDance|[upkeep]\n|upkeep\n|turn|2\n|\n|t:|1775766233\n|switch|p1a: Ursaluna|Ursaluna, L50, F|100/100\n|move|p2a: Kyogre|Ice Beam|p1a: Ursaluna\n|-supereffective|p1a: Ursaluna\n|-damage|p1a: Ursaluna|36/100\n|move|p2b: Rhydon|Rock Slide|p1a: Ursaluna|[spread] p1a,p1b\n|-resisted|p1a: Ursaluna\n|-damage|p1a: Ursaluna|24/100\n|-damage|p1b: Lunala|93/100\n|move|p1b: Lunala|Trick Room|p1b: Lunala\n|-fieldstart|move: Trick Room|[of] p1b: Lunala\n|\n|-weather|RainDance|[upkeep]\n|-status|p1a: Ursaluna|brn|[from] item: Flame Orb\n|upkeep\n|turn|3\n|inactive|FRESHmustard has 30 seconds left.\n|\n|t:|1775766263\n|switch|p2a: Tornadus|Tornadus, L50, M|100/100\n|-terastallize|p2b: Rhydon|Fairy\n|move|p2b: Rhydon|Earthquake|p1b: Lunala|[spread] p1a,p1b\n|-immune|p2a: Tornadus\n|-damage|p1a: Ursaluna|0 fnt\n|-damage|p1b: Lunala|72/100\n|faint|p1a: Ursaluna\n|move|p1b: Lunala|Moongeist Beam|p2a: Tornadus\n|-damage|p2a: Tornadus|19/100\n|\n|-weather|RainDance|[upkeep]\n|upkeep\n|\n|t:|1775766274\n|switch|p1a: Urshifu|Urshifu-Rapid-Strike, L50, M|100/100\n|turn|4\n|\n|t:|1775766288\n|move|p1a: Urshifu|Aqua Jet|p2a: Tornadus\n|-damage|p2a: Tornadus|0 fnt\n|faint|p2a: Tornadus\n|move|p2b: Rhydon|Tera Blast|p1a: Urshifu|[anim] Tera Blast Fairy\n|-supereffective|p1a: Urshifu\n|-damage|p1a: Urshifu|7/100\n|move|p1b: Lunala|Moongeist Beam|p2b: Rhydon\n|-damage|p2b: Rhydon|40/100\n|\n|-weather|RainDance|[upkeep]\n|upkeep\n|\n|t:|1775766298\n|switch|p2a: Kyogre|Kyogre, L50|100/100\n|turn|5\n|\n|t:|1775766304\n|move|p2a: Kyogre|Protect|p2a: Kyogre\n|-singleturn|p2a: Kyogre|Protect\n|move|p1a: Urshifu|Aqua Jet|p2b: Rhydon\n|-damage|p2b: Rhydon|13/100\n|move|p2b: Rhydon|Earthquake|p1a: Urshifu|[spread] p1a,p1b\n|-activate|p2a: Kyogre|move: Protect\n|-crit|p1a: Urshifu\n|-damage|p1a: Urshifu|0 fnt\n|-damage|p1b: Lunala|50/100\n|faint|p1a: Urshifu\n|move|p1b: Lunala|Moongeist Beam|p2a: Kyogre\n|-activate|p2a: Kyogre|move: Protect\n|\n|-weather|none\n|-fieldend|move: Electric Terrain\n|upkeep\n|\n|t:|1775766310\n|switch|p1a: Miraidon|Miraidon, L50|61/100\n|-fieldstart|move: Electric Terrain|[from] ability: Hadron Engine|[of] p1a: Miraidon\n|turn|6\n|\n|t:|1775766324\n|move|p2b: Rhydon|Tera Blast|p1a: Miraidon|[anim] Tera Blast Fairy\n|-supereffective|p1a: Miraidon\n|-damage|p1a: Miraidon|0 fnt\n|faint|p1a: Miraidon\n|move|p1b: Lunala|Moongeist Beam|p2b: Rhydon\n|-damage|p2b: Rhydon|0 fnt\n|faint|p2b: Rhydon\n|move|p2a: Kyogre|Water Spout|p1b: Lunala\n|-damage|p1b: Lunala|0 fnt\n|faint|p1b: Lunala\n|\n|win|Metatitan\n|raw|FRESHmustard's rating: 1393 &rarr; <strong>1373</strong><br />(-20 for losing)\n|raw|Metatitan's rating: 1397 &rarr; <strong>1417</strong><br />(+20 for winning)\n|l|\u2606FRESHmustard\n|player|p1|\n|c|\u2606Metatitan|GG\n|l|\u2606Metatitan\n|player|p2|\n","uploadtime":1775766471,"views":8,"formatid":"gen9vgc2026regi","rating":1373,"private":0,"password":null}