{"id":"gen9vgc2026regi-2568303714","format":"[Gen 9] VGC 2026 Reg I","players":["rainbowpillar","Cellpab1"],"log":"|j|\u2606rainbowpillar\n|j|\u2606Cellpab1\n|t:|1774564527\n|gametype|doubles\n|player|p1|rainbowpillar|dawn|1482\n|player|p2|Cellpab1|170|1622\n|gen|9\n|tier|[Gen 9] VGC 2026 Reg I\n|rated|\n|rule|Species Clause: Limit one of each Pok\u00e9mon\n|rule|Item Clause: Limit 1 of each item\n|clearpoke\n|poke|p1|Lunala, L50|\n|poke|p1|Koraidon, L50|\n|poke|p1|Landorus-Therian, L50, M|\n|poke|p1|Kingambit, L50, F|\n|poke|p1|Indeedee-F, L50, F|\n|poke|p1|Venusaur, L50, M|\n|poke|p2|Calyrex-Ice, L50|\n|poke|p2|Miraidon, L50|\n|poke|p2|Iron Hands, L50|\n|poke|p2|Landorus, L50, M|\n|poke|p2|Farigiraf, L50, F|\n|poke|p2|Incineroar, L50, M|\n|teampreview|4\n|inactive|Battle timer is ON: inactive players will automatically lose when time's up. (requested by Cellpab1)\n|inactive|Cellpab1 has 60 seconds left.\n|\n|t:|1774564590\n|teamsize|p1|4\n|teamsize|p2|4\n|start\n|switch|p1a: Kingambit|Kingambit, L50, F|100/100\n|switch|p1b: Lunala|Lunala, L50|100/100\n|switch|p2a: Calyrex|Calyrex-Ice, L50|100/100\n|switch|p2b: Landorus|Landorus, L50, M|100/100\n|-ability|p2a: Calyrex|As One\n|-ability|p2a: Calyrex|Unnerve\n|turn|1\n|inactive|rainbowpillar has 30 seconds left.\n|inactive|Cellpab1 has 30 seconds left.\n|inactive|rainbowpillar has 20 seconds left.\n|inactive|Cellpab1 has 20 seconds left.\n|inactive|rainbowpillar has 15 seconds left.\n|inactive|rainbowpillar has 10 seconds left.\n|inactive|rainbowpillar has 5 seconds left.\n|\n|t:|1774564645\n|move|p2a: Calyrex|Protect|p2a: Calyrex\n|-singleturn|p2a: Calyrex|Protect\n|move|p2b: Landorus|Earth Power|p1b: Lunala\n|-damage|p1b: Lunala|78/100\n|move|p1b: Lunala|Meteor Beam||[still]\n|-prepare|p1b: Lunala|Meteor Beam\n|-boost|p1b: Lunala|spa|1\n|-enditem|p1b: Lunala|Power Herb\n|-anim|p1b: Lunala|Meteor Beam|p2a: Calyrex\n|-activate|p2a: Calyrex|move: Protect\n|move|p1a: Kingambit|Iron Head|p2a: Calyrex\n|-activate|p2a: Calyrex|move: Protect\n|\n|upkeep\n|turn|2\n|inactive|Cellpab1 has 30 seconds left.\n|inactive|Cellpab1 has 20 seconds left.\n|inactive|Cellpab1 has 15 seconds left.\n|inactive|Cellpab1 has 10 seconds left.\n|inactive|Cellpab1 has 5 seconds left.\n|\n|t:|1774564699\n|switch|p2a: Incineroar|Incineroar, L50, M|100/100\n|-ability|p2a: Incineroar|Intimidate|boost\n|-unboost|p1a: Kingambit|atk|1\n|-ability|p1a: Kingambit|Defiant|boost\n|-boost|p1a: Kingambit|atk|2\n|-unboost|p1b: Lunala|atk|1\n|move|p2b: Landorus|Earth Power|p1a: Kingambit\n|-supereffective|p1a: Kingambit\n|-damage|p1a: Kingambit|27/100\n|move|p1b: Lunala|Moongeist Beam|p2a: Incineroar\n|-resisted|p2a: Incineroar\n|-damage|p2a: Incineroar|66/100\n|move|p1a: Kingambit|Kowtow Cleave|p2a: Incineroar\n|-resisted|p2a: Incineroar\n|-damage|p2a: Incineroar|40/100\n|-damage|p1a: Kingambit|11/100|[from] item: Rocky Helmet|[of] p2a: Incineroar\n|\n|upkeep\n|turn|3\n|inactive|Cellpab1 has 30 seconds left.\n|inactive|Cellpab1 has 20 seconds left.\n|inactive|Cellpab1 has 15 seconds left.\n|\n|t:|1774564740\n|move|p1b: Lunala|Protect|p1b: Lunala\n|-singleturn|p1b: Lunala|Protect\n|move|p2a: Incineroar|Fake Out|p1a: Kingambit\n|-resisted|p1a: Kingambit\n|-damage|p1a: Kingambit|8/100\n|cant|p1a: Kingambit|flinch\n|move|p2b: Landorus|Earth Power|p1a: Kingambit\n|-supereffective|p1a: Kingambit\n|-damage|p1a: Kingambit|0 fnt\n|faint|p1a: Kingambit\n|\n|upkeep\n|\n|t:|1774564746\n|switch|p1a: Landorus|Landorus-Therian, L50, M|100/100\n|-ability|p1a: Landorus|Intimidate|boost\n|-unboost|p2a: Incineroar|atk|1\n|-unboost|p2b: Landorus|atk|1\n|turn|4\n|inactive|Cellpab1 has 30 seconds left.\n|inactive|Cellpab1 has 20 seconds left.\n|inactive|Cellpab1 has 15 seconds left.\n|\n|t:|1774564791\n|switch|p2a: Calyrex|Calyrex-Ice, L50|100/100\n|-ability|p2a: Calyrex|As One\n|-ability|p2a: Calyrex|Unnerve\n|move|p2b: Landorus|Earth Power|p1b: Lunala\n|-damage|p1b: Lunala|37/100\n|move|p1a: Landorus|Stomping Tantrum|p2a: Calyrex\n|-damage|p2a: Calyrex|72/100\n|move|p1b: Lunala|Moongeist Beam|p2a: Calyrex\n|-supereffective|p2a: Calyrex\n|-damage|p2a: Calyrex|0 fnt\n|faint|p2a: Calyrex\n|\n|upkeep\n|\n|t:|1774564810\n|switch|p2a: Incineroar|Incineroar, L50, M|40/100\n|-ability|p2a: Incineroar|Intimidate|boost\n|-unboost|p1a: Landorus|atk|1\n|-unboost|p1b: Lunala|atk|1\n|turn|5\n|\n|t:|1774564818\n|switch|p1a: Koraidon|Koraidon, L50, shiny|100/100\n|-weather|SunnyDay|[from] ability: Orichalcum Pulse|[of] p1a: Koraidon\n|-activate|p1a: Koraidon|Orichalcum Pulse|[source]\n|move|p1b: Lunala|Protect|p1b: Lunala\n|-singleturn|p1b: Lunala|Protect\n|move|p2a: Incineroar|Fake Out|p1a: Koraidon\n|-damage|p1a: Koraidon|92/100\n|move|p2b: Landorus|Earth Power|p1b: Lunala\n|-activate|p1b: Lunala|move: Protect\n|\n|-weather|SunnyDay|[upkeep]\n|upkeep\n|turn|6\n|inactive|Cellpab1 has 30 seconds left.\n|\n|t:|1774564851\n|switch|p1b: Landorus|Landorus-Therian, L50, M|100/100\n|-ability|p1b: Landorus|Intimidate|boost\n|-unboost|p2a: Incineroar|atk|1\n|-unboost|p2b: Landorus|atk|1\n|move|p2b: Landorus|Earth Power|p1a: Koraidon\n|-damage|p1a: Koraidon|31/100\n|move|p1a: Koraidon|Flare Blitz|p2b: Landorus\n|-damage|p2b: Landorus|0 fnt\n|faint|p2b: Landorus\n|-damage|p1a: Koraidon|0 fnt|[from] Recoil\n|faint|p1a: Koraidon\n|move|p2a: Incineroar|Will-O-Wisp|p1b: Landorus\n|-status|p1b: Landorus|brn\n|\n|-weather|SunnyDay|[upkeep]\n|-damage|p1b: Landorus|95/100 brn|[from] brn\n|upkeep\n|\n|t:|1774564866\n|switch|p1a: Lunala|Lunala, L50|37/100\n|switch|p2b: Miraidon|Miraidon, L50|100/100\n|-fieldstart|move: Electric Terrain|[from] ability: Hadron Engine|[of] p2b: Miraidon\n|turn|7\n|inactive|Cellpab1 has 30 seconds left.\n|inactive|Cellpab1 has 20 seconds left.\n|\n|t:|1774564904\n|-terastallize|p2a: Incineroar|Bug\n|move|p2b: Miraidon|Protect|p2b: Miraidon\n|-singleturn|p2b: Miraidon|Protect\n|move|p1a: Lunala|Protect|p1a: Lunala\n|-singleturn|p1a: Lunala|Protect\n|move|p1b: Landorus|Stomping Tantrum|p2a: Incineroar\n|-resisted|p2a: Incineroar\n|-damage|p2a: Incineroar|32/100\n|-damage|p1b: Landorus|78/100 brn|[from] item: Rocky Helmet|[of] p2a: Incineroar\n|move|p2a: Incineroar|Knock Off|p1a: Lunala\n|-activate|p1a: Lunala|move: Protect\n|\n|-weather|SunnyDay|[upkeep]\n|-damage|p1b: Landorus|72/100 brn|[from] brn\n|upkeep\n|turn|8\n|\n|t:|1774564921\n|move|p1b: Landorus|Stomping Tantrum|p2b: Miraidon\n|-supereffective|p2b: Miraidon\n|-damage|p2b: Miraidon|54/100\n|move|p2b: Miraidon|Electro Drift|p1a: Lunala\n|-damage|p1a: Lunala|0 fnt\n|faint|p1a: Lunala\n|-damage|p2b: Miraidon|44/100|[from] item: Life Orb\n|move|p2a: Incineroar|Knock Off|p1b: Landorus\n|-damage|p1b: Landorus|44/100 brn\n|-enditem|p1b: Landorus|Choice Scarf|[from] move: Knock Off|[of] p2a: Incineroar\n|\n|-weather|SunnyDay|[upkeep]\n|-damage|p1b: Landorus|38/100 brn|[from] brn\n|upkeep\n|turn|9\n|-message|rainbowpillar forfeited.\n|\n|win|Cellpab1\n|raw|rainbowpillar's rating: 1482 &rarr; <strong>1470</strong><br />(-12 for losing)\n|raw|Cellpab1's rating: 1622 &rarr; <strong>1634</strong><br />(+12 for winning)\n|l|\u2606rainbowpillar\n|player|p1|\n|l|\u2606Cellpab1\n|player|p2|\n","uploadtime":1774565122,"views":14,"formatid":"gen9vgc2026regi","rating":1470,"private":0,"password":null}