{"id":"gen9vgc2026regi-2578171369","format":"[Gen 9] VGC 2026 Reg I","players":["yubanmeiqin","Wan Wood"],"log":"|j|\u2606yubanmeiqin\n|j|\u2606Wan Wood\n|t:|1775655774\n|gametype|doubles\n|player|p1|yubanmeiqin|iono-masters|1603\n|player|p2|Wan Wood|102|1493\n|gen|9\n|tier|[Gen 9] VGC 2026 Reg I\n|rated|\n|rule|Species Clause: Limit one of each Pok\u00e9mon\n|rule|Item Clause: Limit 1 of each item\n|clearpoke\n|poke|p1|Koraidon, L50|\n|poke|p1|Lunala, L50|\n|poke|p1|Tornadus, L50, M|\n|poke|p1|Raging Bolt, L50|\n|poke|p1|Rillaboom, L50, F|\n|poke|p1|Incineroar, L50, F|\n|poke|p2|Rayquaza, L50|\n|poke|p2|Chien-Pao, L50|\n|poke|p2|Rillaboom, L50, F|\n|poke|p2|Volcarona, L50, F|\n|poke|p2|Urshifu-*, L50, M|\n|poke|p2|Solgaleo, L50|\n|teampreview|4\n|inactive|Battle timer is ON: inactive players will automatically lose when time's up. (requested by Wan Wood)\n|\n|t:|1775655797\n|teamsize|p1|4\n|teamsize|p2|4\n|start\n|switch|p1a: \u85e4\u59d0|Incineroar, L50, F|100/100\n|switch|p1b: \u4f24\u75db\u4e4b\u8d64|Koraidon, L50, shiny|100/100\n|switch|p2a: Chien-Pao|Chien-Pao, L50|100/100\n|switch|p2b: Solgaleo|Solgaleo, L50|100/100\n|-ability|p2a: Chien-Pao|Sword of Ruin\n|-weather|SunnyDay|[from] ability: Orichalcum Pulse|[of] p1b: \u4f24\u75db\u4e4b\u8d64\n|-activate|p1b: \u4f24\u75db\u4e4b\u8d64|Orichalcum Pulse|[source]\n|-ability|p1a: \u85e4\u59d0|Intimidate|boost\n|-unboost|p2a: Chien-Pao|atk|1\n|-fail|p2b: Solgaleo|unboost|[from] ability: Full Metal Body|[of] p2b: Solgaleo\n|turn|1\n|\n|t:|1775655809\n|-terastallize|p1b: \u4f24\u75db\u4e4b\u8d64|Fire\n|-terastallize|p2b: Solgaleo|Ground\n|move|p2a: Chien-Pao|Protect|p2a: Chien-Pao\n|-singleturn|p2a: Chien-Pao|Protect\n|move|p1a: \u85e4\u59d0|Fake Out|p2b: Solgaleo\n|-damage|p2b: Solgaleo|89/100\n|move|p1b: \u4f24\u75db\u4e4b\u8d64|Flame Charge|p2a: Chien-Pao\n|-activate|p2a: Chien-Pao|move: Protect\n|cant|p2b: Solgaleo|flinch\n|\n|-weather|SunnyDay|[upkeep]\n|upkeep\n|turn|2\n|\n|t:|1775655826\n|switch|p2a: Rayquaza|Rayquaza, L50|100/100\n|-ability|p2a: Rayquaza|Air Lock\n|move|p1b: \u4f24\u75db\u4e4b\u8d64|Protect|p1b: \u4f24\u75db\u4e4b\u8d64\n|-singleturn|p1b: \u4f24\u75db\u4e4b\u8d64|Protect\n|move|p2b: Solgaleo|Earthquake|p1b: \u4f24\u75db\u4e4b\u8d64|[spread] p1a\n|-activate|p1b: \u4f24\u75db\u4e4b\u8d64|move: Protect\n|-immune|p2a: Rayquaza\n|-supereffective|p1a: \u85e4\u59d0\n|-damage|p1a: \u85e4\u59d0|27/100\n|-damage|p2b: Solgaleo|79/100|[from] item: Life Orb\n|move|p1a: \u85e4\u59d0|U-turn|p2b: Solgaleo\n|-damage|p2b: Solgaleo|65/100\n|\n|t:|1775655831\n|switch|p1a: \u82cd\u5d0e\u9752\u5b50|Lunala, L50|100/100|[from] U-turn\n|\n|-weather|SunnyDay|[upkeep]\n|upkeep\n|turn|3\n|j| Trickyleg\n|inactive|Wan Wood has 30 seconds left.\n|\n|t:|1775655859\n|switch|p1b: \u85e4\u59d0|Incineroar, L50, F|27/100\n|-ability|p1b: \u85e4\u59d0|Intimidate|boost\n|-fail|p2a: Rayquaza|unboost|[from] item: Clear Amulet|[of] p2a: Rayquaza\n|-fail|p2b: Solgaleo|unboost|[from] ability: Full Metal Body|[of] p2b: Solgaleo\n|switch|p2b: Urshifu|Urshifu-Rapid-Strike, L50, M|100/100\n|move|p1a: \u82cd\u5d0e\u9752\u5b50|Moonblast|p2a: Rayquaza\n|-supereffective|p2a: Rayquaza\n|-damage|p2a: Rayquaza|33/100\n|move|p2a: Rayquaza|Swords Dance|p2a: Rayquaza\n|-boost|p2a: Rayquaza|atk|2\n|\n|-weather|SunnyDay|[upkeep]\n|upkeep\n|turn|4\n|\n|t:|1775655875\n|move|p2a: Rayquaza|Protect|p2a: Rayquaza\n|-singleturn|p2a: Rayquaza|Protect\n|move|p1b: \u85e4\u59d0|Fake Out|p2b: Urshifu\n|-damage|p2b: Urshifu|90/100\n|cant|p2b: Urshifu|flinch\n|move|p1a: \u82cd\u5d0e\u9752\u5b50|Moonblast|p2b: Urshifu\n|-supereffective|p2b: Urshifu\n|-damage|p2b: Urshifu|0 fnt\n|faint|p2b: Urshifu\n|\n|-weather|SunnyDay|[upkeep]\n|upkeep\n|\n|t:|1775655881\n|switch|p2b: Chien-Pao|Chien-Pao, L50|100/100\n|-ability|p2b: Chien-Pao|Sword of Ruin\n|turn|5\n|\n|t:|1775655900\n|move|p1a: \u82cd\u5d0e\u9752\u5b50|Wide Guard|p1a: \u82cd\u5d0e\u9752\u5b50\n|-singleturn|p1a: \u82cd\u5d0e\u9752\u5b50|Wide Guard\n|move|p2a: Rayquaza|Extreme Speed|p1b: \u85e4\u59d0\n|-damage|p1b: \u85e4\u59d0|0 fnt\n|faint|p1b: \u85e4\u59d0\n|move|p2b: Chien-Pao|Sucker Punch||[still]\n|-fail|p2b: Chien-Pao\n|\n|-weather|none\n|upkeep\n|\n|t:|1775655906\n|switch|p1b: \u4f24\u75db\u4e4b\u8d64|Koraidon, L50, shiny, tera:Fire|100/100\n|-weather|SunnyDay|[from] ability: Orichalcum Pulse|[of] p1b: \u4f24\u75db\u4e4b\u8d64\n|-activate|p1b: \u4f24\u75db\u4e4b\u8d64|Orichalcum Pulse|[source]\n|turn|6\n|\n|t:|1775655921\n|switch|p1a: \u6d45\u4e0a\u85e4\u4e43|Raging Bolt, L50|100/100\n|move|p2a: Rayquaza|Extreme Speed|p1b: \u4f24\u75db\u4e4b\u8d64\n|-damage|p1b: \u4f24\u75db\u4e4b\u8d64|26/100\n|move|p2b: Chien-Pao|Sucker Punch||[still]\n|-fail|p2b: Chien-Pao\n|move|p1b: \u4f24\u75db\u4e4b\u8d64|Flare Blitz|p2a: Rayquaza\n|-resisted|p2a: Rayquaza\n|-damage|p2a: Rayquaza|0 fnt\n|faint|p2a: Rayquaza\n|-activate|p1a: \u6d45\u4e0a\u85e4\u4e43|ability: Protosynthesis\n|-start|p1a: \u6d45\u4e0a\u85e4\u4e43|protosynthesisspa\n|-damage|p1b: \u4f24\u75db\u4e4b\u8d64|16/100|[from] Recoil\n|\n|-weather|SunnyDay|[upkeep]\n|upkeep\n|\n|t:|1775655926\n|switch|p2a: Solgaleo|Solgaleo, L50, tera:Ground|65/100\n|turn|7\n|\n|t:|1775655940\n|move|p2b: Chien-Pao|Protect|p2b: Chien-Pao\n|-singleturn|p2b: Chien-Pao|Protect\n|move|p1a: \u6d45\u4e0a\u85e4\u4e43|Protect|p1a: \u6d45\u4e0a\u85e4\u4e43\n|-singleturn|p1a: \u6d45\u4e0a\u85e4\u4e43|Protect\n|move|p1b: \u4f24\u75db\u4e4b\u8d64|Flame Charge|p2a: Solgaleo\n|-crit|p2a: Solgaleo\n|-damage|p2a: Solgaleo|0 fnt\n|-boost|p1b: \u4f24\u75db\u4e4b\u8d64|spe|1\n|faint|p2a: Solgaleo\n|\n|-weather|SunnyDay|[upkeep]\n|upkeep\n|turn|8\n|\n|t:|1775655948\n|move|p2b: Chien-Pao|Sucker Punch|p1b: \u4f24\u75db\u4e4b\u8d64\n|-damage|p1b: \u4f24\u75db\u4e4b\u8d64|0 fnt\n|faint|p1b: \u4f24\u75db\u4e4b\u8d64\n|move|p1a: \u6d45\u4e0a\u85e4\u4e43|Thunderclap||[still]\n|-fail|p1a: \u6d45\u4e0a\u85e4\u4e43\n|\n|-weather|SunnyDay|[upkeep]\n|upkeep\n|\n|t:|1775655950\n|switch|p1b: \u82cd\u5d0e\u9752\u5b50|Lunala, L50|100/100\n|turn|9\n|\n|t:|1775655959\n|move|p2b: Chien-Pao|Ice Spinner|p1a: \u6d45\u4e0a\u85e4\u4e43\n|-supereffective|p1a: \u6d45\u4e0a\u85e4\u4e43\n|-damage|p1a: \u6d45\u4e0a\u85e4\u4e43|0 fnt\n|faint|p1a: \u6d45\u4e0a\u85e4\u4e43\n|-end|p1a: \u6d45\u4e0a\u85e4\u4e43|Protosynthesis|[silent]\n|move|p1b: \u82cd\u5d0e\u9752\u5b50|Moonblast|p2b: Chien-Pao\n|-supereffective|p2b: Chien-Pao\n|-enditem|p2b: Chien-Pao|Focus Sash\n|-damage|p2b: Chien-Pao|1/100\n|\n|-weather|SunnyDay|[upkeep]\n|upkeep\n|turn|10\n|\n|t:|1775655963\n|move|p2b: Chien-Pao|Sucker Punch|p1b: \u82cd\u5d0e\u9752\u5b50\n|-supereffective|p1b: \u82cd\u5d0e\u9752\u5b50\n|-damage|p1b: \u82cd\u5d0e\u9752\u5b50|18/100\n|move|p1b: \u82cd\u5d0e\u9752\u5b50|Moonblast|p2b: Chien-Pao\n|-supereffective|p2b: Chien-Pao\n|-crit|p2b: Chien-Pao\n|-damage|p2b: Chien-Pao|0 fnt\n|faint|p2b: Chien-Pao\n|\n|win|yubanmeiqin\n|raw|yubanmeiqin's rating: 1603 &rarr; <strong>1617</strong><br />(+14 for winning)\n|raw|Wan Wood's rating: 1493 &rarr; <strong>1479</strong><br />(-14 for losing)\n|l|\u2606Wan Wood\n|player|p2|\n|l| Trickyleg\n|l|\u2606yubanmeiqin\n|player|p1|\n","uploadtime":1775656201,"views":11,"formatid":"gen9vgc2026regi","rating":1479,"private":0,"password":null}