{"id":"gen9vgc2026regi-2568765387","format":"[Gen 9] VGC 2026 Reg I","players":["qingyunyunyun","pzyxhic"],"log":"|j|\u2606qingyunyunyun\n|j|\u2606pzyxhic\n|t:|1774621177\n|gametype|doubles\n|player|p1|qingyunyunyun|169|1376\n|player|p2|pzyxhic|169|1318\n|gen|9\n|tier|[Gen 9] VGC 2026 Reg I\n|rated|\n|rule|Species Clause: Limit one of each Pok\u00e9mon\n|rule|Item Clause: Limit 1 of each item\n|clearpoke\n|poke|p1|Kyogre, L50|\n|poke|p1|Whimsicott, L50, M|\n|poke|p1|Regieleki, L50|\n|poke|p1|Urshifu-*, L50, F|\n|poke|p1|Zacian-*, L50|\n|poke|p1|Farigiraf, L50, M|\n|poke|p2|Calyrex-Ice, L50|\n|poke|p2|Miraidon, L50|\n|poke|p2|Sinistcha-Masterpiece, L50|\n|poke|p2|Incineroar, L50, F|\n|poke|p2|Urshifu-*, L50, F|\n|poke|p2|Grimmsnarl, L50, M|\n|teampreview|4\n|inactive|Battle timer is ON: inactive players will automatically lose when time's up. (requested by qingyunyunyun)\n|j| ttvaxapanos\n|c| ttvaxapanos|hello\n|inactive|qingyunyunyun has 60 seconds left.\n|\n|t:|1774621210\n|teamsize|p1|4\n|teamsize|p2|4\n|start\n|switch|p1a: Kyogre|Kyogre, L50, shiny|100/100\n|switch|p1b: Whimsicott|Whimsicott, L50, M|100/100\n|switch|p2a: Miraidon|Miraidon, L50|100/100\n|switch|p2b: Grimmsnarl|Grimmsnarl, L50, M|100/100\n|-fieldstart|move: Electric Terrain|[from] ability: Hadron Engine|[of] p2a: Miraidon\n|-weather|RainDance|[from] ability: Drizzle|[of] p1a: Kyogre\n|turn|1\n|\n|t:|1774621227\n|-terastallize|p1a: Kyogre|Ghost\n|move|p1b: Whimsicott|Tailwind|p1b: Whimsicott\n|-sidestart|p1: qingyunyunyun|move: Tailwind\n|move|p2b: Grimmsnarl|Light Screen|p2b: Grimmsnarl\n|-sidestart|p2: pzyxhic|move: Light Screen\n|move|p1a: Kyogre|Water Spout|p2b: Grimmsnarl|[spread] p2a,p2b\n|-resisted|p2a: Miraidon\n|-damage|p2a: Miraidon|74/100\n|-damage|p2b: Grimmsnarl|22/100\n|move|p2a: Miraidon|Snarl|p1b: Whimsicott|[spread] p1a,p1b\n|-supereffective|p1a: Kyogre\n|-resisted|p1b: Whimsicott\n|-damage|p1a: Kyogre|67/100\n|-damage|p1b: Whimsicott|81/100\n|-unboost|p1a: Kyogre|spa|1\n|-unboost|p1b: Whimsicott|spa|1\n|\n|-weather|RainDance|[upkeep]\n|upkeep\n|turn|2\n|\n|t:|1774621250\n|switch|p1a: Zacian|Zacian-Crowned, L50|100/100\n|-ability|p1a: Zacian|Intrepid Sword|boost\n|-boost|p1a: Zacian|atk|1\n|move|p1b: Whimsicott|Encore|p2a: Miraidon\n|-start|p2a: Miraidon|Encore\n|move|p2b: Grimmsnarl|Thunder Wave|p1a: Zacian\n|-status|p1a: Zacian|par\n|move|p2a: Miraidon|Snarl|p1b: Whimsicott|[spread] p1a,p1b\n|-resisted|p1a: Zacian\n|-resisted|p1b: Whimsicott\n|-damage|p1a: Zacian|92/100 par\n|-damage|p1b: Whimsicott|61/100\n|-unboost|p1a: Zacian|spa|1\n|-unboost|p1b: Whimsicott|spa|1\n|\n|-weather|RainDance|[upkeep]\n|upkeep\n|turn|3\n|l| ttvaxapanos\n|\n|t:|1774621273\n|switch|p2a: Incineroar|Incineroar, L50, F|100/100\n|-ability|p2a: Incineroar|Intimidate|boost\n|-unboost|p1a: Zacian|atk|1\n|-unboost|p1b: Whimsicott|atk|1\n|move|p1b: Whimsicott|Misty Terrain|p1b: Whimsicott\n|-fieldstart|move: Misty Terrain\n|move|p2b: Grimmsnarl|Reflect|p2b: Grimmsnarl\n|-sidestart|p2: pzyxhic|Reflect\n|move|p1a: Zacian|Play Rough|p2a: Incineroar\n|-damage|p2a: Incineroar|69/100\n|\n|-weather|RainDance|[upkeep]\n|upkeep\n|turn|4\n|\n|t:|1774621298\n|switch|p1a: Kyogre|Kyogre, L50, shiny, tera:Ghost|67/100\n|switch|p2b: Sinistcha|Sinistcha-Masterpiece, L50|100/100\n|-heal|p2a: Incineroar|93/100|[from] ability: Hospitality|[of] p2b: Sinistcha\n|move|p1b: Whimsicott|Endeavor|p2a: Incineroar\n|-damage|p2a: Incineroar|37/100\n|move|p2a: Incineroar|Parting Shot|p1a: Kyogre\n|-unboost|p1a: Kyogre|atk|1\n|-unboost|p1a: Kyogre|spa|1\n|\n|t:|1774621312\n|switch|p2a: Miraidon|Miraidon, L50|74/100|[from] Parting Shot\n|-fieldstart|move: Electric Terrain|[from] ability: Hadron Engine|[of] p2a: Miraidon\n|\n|-weather|RainDance|[upkeep]\n|-sideend|p1: qingyunyunyun|move: Tailwind\n|upkeep\n|turn|5\n|inactive|qingyunyunyun has 30 seconds left.\n|inactive|pzyxhic has 30 seconds left.\n|inactive|qingyunyunyun has 20 seconds left.\n|\n|t:|1774621351\n|move|p1b: Whimsicott|Tailwind|p1b: Whimsicott\n|-sidestart|p1: qingyunyunyun|move: Tailwind\n|move|p1a: Kyogre|Water Spout|p2b: Sinistcha|[spread] p2a,p2b\n|-resisted|p2a: Miraidon\n|-resisted|p2b: Sinistcha\n|-damage|p2a: Miraidon|62/100\n|-damage|p2b: Sinistcha|77/100\n|move|p2a: Miraidon|Electro Drift|p1b: Whimsicott\n|-resisted|p1b: Whimsicott\n|-damage|p1b: Whimsicott|0 fnt\n|faint|p1b: Whimsicott\n|move|p2b: Sinistcha|Life Dew|p2b: Sinistcha|[spread] p2a,p2b\n|-heal|p2a: Miraidon|87/100\n|-heal|p2b: Sinistcha|100/100\n|\n|-weather|none\n|-sideend|p2: pzyxhic|move: Light Screen\n|upkeep\n|\n|t:|1774621362\n|switch|p1b: Zacian|Zacian-Crowned, L50|92/100 par\n|turn|6\n|inactive|qingyunyunyun has 30 seconds left.\n|inactive|pzyxhic has 30 seconds left.\n|\n|t:|1774621397\n|switch|p2a: Incineroar|Incineroar, L50, F|37/100\n|-ability|p2a: Incineroar|Intimidate|boost\n|-unboost|p1a: Kyogre|atk|1\n|-unboost|p1b: Zacian|atk|1\n|cant|p1b: Zacian|par\n|move|p1a: Kyogre|Water Spout|p2a: Incineroar|[spread] p2a,p2b\n|-supereffective|p2a: Incineroar\n|-resisted|p2b: Sinistcha\n|-damage|p2a: Incineroar|0 fnt\n|-damage|p2b: Sinistcha|75/100\n|faint|p2a: Incineroar\n|move|p2b: Sinistcha|Matcha Gotcha|p1b: Zacian|[spread] p1a,p1b\n|-resisted|p1b: Zacian\n|-damage|p1a: Kyogre|48/100\n|-heal|p2b: Sinistcha|85/100|[from] drain|[of] p1a: Kyogre\n|-damage|p1b: Zacian|81/100 par\n|-heal|p2b: Sinistcha|90/100|[from] drain|[of] p1b: Zacian\n|\n|upkeep\n|\n|t:|1774621420\n|switch|p2a: Grimmsnarl|Grimmsnarl, L50, M|22/100\n|turn|7\n|inactive|pzyxhic has 30 seconds left.\n|\n|t:|1774621449\n|switch|p1a: Regieleki|Regieleki, L50|100/100\n|move|p2a: Grimmsnarl|Thunder Wave|p1a: Regieleki\n|-immune|p1a: Regieleki\n|move|p1b: Zacian|Behemoth Blade|p2b: Sinistcha\n|-crit|p2b: Sinistcha\n|-damage|p2b: Sinistcha|30/100\n|-damage|p1b: Zacian|64/100 par|[from] item: Rocky Helmet|[of] p2b: Sinistcha\n|move|p2b: Sinistcha|Strength Sap|p1b: Zacian\n|-unboost|p1b: Zacian|atk|1\n|-heal|p2b: Sinistcha|100/100\n|\n|-sideend|p2: pzyxhic|Reflect\n|upkeep\n|turn|8\n|inactive|pzyxhic has 30 seconds left.\n|inactive|pzyxhic has 20 seconds left.\n|inactive|qingyunyunyun has 30 seconds left.\n|inactive|pzyxhic has 15 seconds left.\n|\n|t:|1774621492\n|move|p2a: Grimmsnarl|Light Screen|p2a: Grimmsnarl\n|-sidestart|p2: pzyxhic|move: Light Screen\n|move|p1a: Regieleki|Thunder|p2b: Sinistcha\n|-resisted|p2b: Sinistcha\n|-damage|p2b: Sinistcha|55/100\n|-damage|p1a: Regieleki|91/100|[from] item: Life Orb\n|move|p1b: Zacian|Behemoth Blade|p2b: Sinistcha\n|-damage|p2b: Sinistcha|33/100\n|-damage|p1b: Zacian|48/100 par|[from] item: Rocky Helmet|[of] p2b: Sinistcha\n|move|p2b: Sinistcha|Matcha Gotcha|p1a: Regieleki|[spread] p1a,p1b\n|-resisted|p1b: Zacian\n|-damage|p1a: Regieleki|53/100\n|-heal|p2b: Sinistcha|52/100|[from] drain|[of] p1a: Regieleki\n|-damage|p1b: Zacian|38/100 par\n|-heal|p2b: Sinistcha|57/100|[from] drain|[of] p1b: Zacian\n|-status|p1a: Regieleki|brn\n|\n|-damage|p1a: Regieleki|47/100 brn|[from] brn\n|-sideend|p1: qingyunyunyun|move: Tailwind\n|-fieldend|move: Electric Terrain\n|upkeep\n|turn|9\n|inactive|qingyunyunyun has 30 seconds left.\n|inactive|pzyxhic has 30 seconds left.\n|inactive|pzyxhic has 20 seconds left.\n|inactive|pzyxhic has 15 seconds left.\n|inactive|pzyxhic has 10 seconds left.\n|inactive|pzyxhic has 5 seconds left.\n|\n|t:|1774621547\n|move|p1a: Regieleki|Thunder|p2b: Sinistcha\n|-resisted|p2b: Sinistcha\n|-damage|p2b: Sinistcha|22/100\n|-status|p2b: Sinistcha|par\n|-damage|p1a: Regieleki|37/100 brn|[from] item: Life Orb\n|move|p1b: Zacian|Behemoth Blade|p2b: Sinistcha\n|-damage|p2b: Sinistcha|2/100 par\n|-damage|p1b: Zacian|21/100 par|[from] item: Rocky Helmet|[of] p2b: Sinistcha\n|move|p2a: Grimmsnarl|Spirit Break|p1b: Zacian\n|-resisted|p1b: Zacian\n|-damage|p1b: Zacian|8/100 par\n|-unboost|p1b: Zacian|spa|1\n|move|p2b: Sinistcha|Matcha Gotcha|p1b: Zacian|[spread] p1a,p1b\n|-resisted|p1b: Zacian\n|-damage|p1a: Regieleki|0 fnt\n|-heal|p2b: Sinistcha|20/100 par|[from] drain|[of] p1a: Regieleki\n|-damage|p1b: Zacian|0 fnt\n|-heal|p2b: Sinistcha|24/100 par|[from] drain|[of] p1b: Zacian\n|faint|p1a: Regieleki\n|faint|p1b: Zacian\n|\n|upkeep\n|-message|qingyunyunyun forfeited.\n|\n|win|pzyxhic\n|raw|qingyunyunyun's rating: 1376 &rarr; <strong>1353</strong><br />(-23 for losing)\n|raw|pzyxhic's rating: 1318 &rarr; <strong>1341</strong><br />(+23 for winning)\n|l|\u2606qingyunyunyun\n|player|p1|\n|l|\u2606pzyxhic\n|player|p2|\n","uploadtime":1774621815,"views":12,"formatid":"gen9vgc2026regi","rating":1341,"private":0,"password":null}