{"id":"gen9vgc2026regi-2518477960","format":"[Gen 9] VGC 2026 Reg I","players":["VJ2511","kojimuranishi"],"log":"|j|\u2606VJ2511\n|j|\u2606kojimuranishi\n|t:|1768395669\n|gametype|doubles\n|player|p1|VJ2511|red-masters3|1339\n|player|p2|kojimuranishi|1|1544\n|gen|9\n|tier|[Gen 9] VGC 2026 Reg I\n|rated|\n|rule|Species Clause: Limit one of each Pok\u00e9mon\n|rule|Item Clause: Limit 1 of each item\n|clearpoke\n|poke|p1|Calyrex-Shadow, L50|\n|poke|p1|Koraidon, L50|\n|poke|p1|Incineroar, L50, M|\n|poke|p1|Landorus, L50, M|\n|poke|p1|Brute Bonnet, L50|\n|poke|p1|Raging Bolt, L50|\n|poke|p2|Zamazenta-*, L50|\n|poke|p2|Lunala, L50|\n|poke|p2|Chien-Pao, L50|\n|poke|p2|Dragonite, L50, M|\n|poke|p2|Chi-Yu, L50|\n|poke|p2|Urshifu-*, L50, F|\n|teampreview|4\n|inactive|Battle timer is ON: inactive players will automatically lose when time's up. (requested by VJ2511)\n|inactive|kojimuranishi has 60 seconds left.\n|\n|t:|1768395707\n|teamsize|p1|4\n|teamsize|p2|4\n|start\n|switch|p1a: Koraidon|Koraidon, L50|100/100\n|switch|p1b: Raging Bolt|Raging Bolt, L50|100/100\n|switch|p2a: Zamazenta|Zamazenta-Crowned, L50|100/100\n|switch|p2b: Lunala|Lunala, L50|100/100\n|-weather|SunnyDay|[from] ability: Orichalcum Pulse|[of] p1a: Koraidon\n|-activate|p1b: Raging Bolt|ability: Protosynthesis\n|-start|p1b: Raging Bolt|protosynthesisspa\n|-activate|p1a: Koraidon|Orichalcum Pulse|[source]\n|-ability|p2a: Zamazenta|Dauntless Shield|boost\n|-boost|p2a: Zamazenta|def|1\n|turn|1\n|j| Rege1\n|l| Rege1\n|inactive|kojimuranishi has 30 seconds left.\n|\n|t:|1768395734\n|-terastallize|p2a: Zamazenta|Water\n|move|p1a: Koraidon|Flare Blitz|p2b: Lunala\n|-damage|p2b: Lunala|68/100\n|-damage|p1a: Koraidon|87/100|[from] Recoil\n|move|p2a: Zamazenta|Body Press|p1b: Raging Bolt\n|-damage|p1b: Raging Bolt|54/100\n|move|p2b: Lunala|Meteor Beam||[still]\n|-prepare|p2b: Lunala|Meteor Beam\n|-boost|p2b: Lunala|spa|1\n|-enditem|p2b: Lunala|Power Herb\n|-anim|p2b: Lunala|Meteor Beam|p1b: Raging Bolt\n|-damage|p1b: Raging Bolt|14/100\n|move|p1b: Raging Bolt|Volt Switch|p2a: Zamazenta\n|-supereffective|p2a: Zamazenta\n|-damage|p2a: Zamazenta|34/100\n|\n|t:|1768395750\n|-end|p1b: Raging Bolt|Protosynthesis|[silent]\n|switch|p1b: Brute Bonnet|Brute Bonnet, L50|100/100|[from] Volt Switch\n|-activate|p1b: Brute Bonnet|ability: Protosynthesis\n|-start|p1b: Brute Bonnet|protosynthesisdef\n|\n|-weather|SunnyDay|[upkeep]\n|upkeep\n|turn|2\n|\n|t:|1768395767\n|-terastallize|p1b: Brute Bonnet|Water\n|move|p1b: Brute Bonnet|Rage Powder|p1b: Brute Bonnet\n|-singleturn|p1b: Brute Bonnet|move: Rage Powder\n|move|p1a: Koraidon|Collision Course|p2a: Zamazenta\n|-damage|p2a: Zamazenta|8/100\n|move|p2a: Zamazenta|Body Press|p1b: Brute Bonnet\n|-damage|p1b: Brute Bonnet|65/100\n|move|p2b: Lunala|Moonblast|p1b: Brute Bonnet\n|-damage|p1b: Brute Bonnet|17/100\n|\n|-weather|SunnyDay|[upkeep]\n|upkeep\n|turn|3\n|\n|t:|1768395788\n|move|p1b: Brute Bonnet|Sucker Punch|p2b: Lunala\n|-supereffective|p2b: Lunala\n|-damage|p2b: Lunala|0 fnt\n|faint|p2b: Lunala\n|move|p1a: Koraidon|Collision Course|p2a: Zamazenta\n|-damage|p2a: Zamazenta|0 fnt\n|faint|p2a: Zamazenta\n|\n|-weather|SunnyDay|[upkeep]\n|upkeep\n|\n|t:|1768395798\n|switch|p2a: Dragonite|Dragonite, L50, M|100/100\n|switch|p2b: Chien-Pao|Chien-Pao, L50|100/100\n|-ability|p2b: Chien-Pao|Sword of Ruin\n|turn|4\n|\n|t:|1768395809\n|move|p2a: Dragonite|Extreme Speed|p1b: Brute Bonnet\n|-damage|p1b: Brute Bonnet|0 fnt\n|faint|p1b: Brute Bonnet\n|-end|p1b: Brute Bonnet|Protosynthesis|[silent]\n|move|p2b: Chien-Pao|Ice Spinner|p1a: Koraidon\n|-supereffective|p1a: Koraidon\n|-crit|p1a: Koraidon\n|-damage|p1a: Koraidon|0 fnt\n|faint|p1a: Koraidon\n|-damage|p2b: Chien-Pao|91/100|[from] item: Life Orb\n|\n|-weather|SunnyDay|[upkeep]\n|upkeep\n|\n|t:|1768395812\n|switch|p1a: Raging Bolt|Raging Bolt, L50|14/100\n|switch|p1b: Calyrex|Calyrex-Shadow, L50|100/100\n|-ability|p1b: Calyrex|As One\n|-ability|p1b: Calyrex|Unnerve\n|-activate|p1a: Raging Bolt|ability: Protosynthesis\n|-start|p1a: Raging Bolt|protosynthesisspa\n|turn|5\n|\n|t:|1768395831\n|move|p2a: Dragonite|Extreme Speed|p1a: Raging Bolt\n|-damage|p1a: Raging Bolt|0 fnt\n|faint|p1a: Raging Bolt\n|-end|p1a: Raging Bolt|Protosynthesis|[silent]\n|move|p2b: Chien-Pao|Sucker Punch|p1b: Calyrex\n|-supereffective|p1b: Calyrex\n|-enditem|p1b: Calyrex|Focus Sash\n|-damage|p1b: Calyrex|1/100\n|-damage|p2b: Chien-Pao|81/100|[from] item: Life Orb\n|move|p1b: Calyrex|Astral Barrage|p2a: Dragonite|[spread] p2a,p2b\n|-resisted|p2b: Chien-Pao\n|-damage|p2a: Dragonite|76/100\n|-damage|p2b: Chien-Pao|36/100\n|\n|-weather|none\n|upkeep\n|turn|6\n|\n|t:|1768395853\n|move|p2a: Dragonite|Extreme Speed|p1b: Calyrex\n|-immune|p1b: Calyrex\n|move|p2b: Chien-Pao|Sucker Punch||[still]\n|-fail|p2b: Chien-Pao\n|move|p1b: Calyrex|Encore|p2b: Chien-Pao\n|-start|p2b: Chien-Pao|Encore\n|\n|upkeep\n|turn|7\n|\n|t:|1768395872\n|move|p2a: Dragonite|Extreme Speed|p1b: Calyrex\n|-immune|p1b: Calyrex\n|move|p2b: Chien-Pao|Sucker Punch||[still]\n|-fail|p2b: Chien-Pao\n|move|p1b: Calyrex|Encore|p2a: Dragonite\n|-start|p2a: Dragonite|Encore\n|\n|upkeep\n|turn|8\n|\n|t:|1768395884\n|move|p1b: Calyrex|Protect|p1b: Calyrex\n|-singleturn|p1b: Calyrex|Protect\n|move|p2a: Dragonite|Extreme Speed|p1b: Calyrex\n|-activate|p1b: Calyrex|move: Protect\n|move|p2b: Chien-Pao|Sucker Punch||[still]\n|-fail|p2b: Chien-Pao\n|\n|upkeep\n|turn|9\n|\n|t:|1768395895\n|move|p1b: Calyrex|Protect|p1b: Calyrex\n|-singleturn|p1b: Calyrex|Protect\n|move|p2a: Dragonite|Extreme Speed|p1b: Calyrex\n|-activate|p1b: Calyrex|move: Protect\n|move|p2b: Chien-Pao|Sucker Punch||[still]\n|-fail|p2b: Chien-Pao\n|\n|-end|p2b: Chien-Pao|Encore\n|upkeep\n|turn|10\n|\n|t:|1768395909\n|move|p2b: Chien-Pao|Protect|p2b: Chien-Pao\n|-singleturn|p2b: Chien-Pao|Protect\n|move|p2a: Dragonite|Extreme Speed|p1b: Calyrex\n|-immune|p1b: Calyrex\n|move|p1b: Calyrex|Encore|p2b: Chien-Pao\n|-activate|p2b: Chien-Pao|move: Protect\n|\n|-end|p2a: Dragonite|Encore\n|upkeep\n|turn|11\n|\n|t:|1768395922\n|move|p2a: Dragonite|Extreme Speed|p1b: Calyrex\n|-immune|p1b: Calyrex\n|move|p2b: Chien-Pao|Sucker Punch||[still]\n|-fail|p2b: Chien-Pao\n|move|p1b: Calyrex|Encore|p2b: Chien-Pao\n|-start|p2b: Chien-Pao|Encore\n|\n|upkeep\n|turn|12\n|\n|t:|1768395932\n|move|p1b: Calyrex|Protect|p1b: Calyrex\n|-singleturn|p1b: Calyrex|Protect\n|move|p2b: Chien-Pao|Sucker Punch||[still]\n|-fail|p2b: Chien-Pao\n|-activate|p2a: Dragonite|move: Struggle\n|move|p2a: Dragonite|Struggle|p1b: Calyrex\n|-activate|p1b: Calyrex|move: Protect\n|\n|upkeep\n|turn|13\n|inactive|VJ2511 has 30 seconds left.\n|\n|t:|1768395957\n|move|p1b: Calyrex|Protect||[still]\n|-fail|p1b: Calyrex\n|move|p2b: Chien-Pao|Sucker Punch||[still]\n|-fail|p2b: Chien-Pao\n|-activate|p2a: Dragonite|move: Struggle\n|move|p2a: Dragonite|Struggle|p1b: Calyrex\n|-damage|p1b: Calyrex|0 fnt\n|faint|p1b: Calyrex\n|-damage|p2a: Dragonite|51/100|[from] recoil\n|\n|win|kojimuranishi\n|raw|VJ2511's rating: 1339 &rarr; <strong>1330</strong><br />(-9 for losing)\n|raw|kojimuranishi's rating: 1544 &rarr; <strong>1553</strong><br />(+9 for winning)\n|l|\u2606kojimuranishi\n|player|p2|\n|l|\u2606VJ2511\n|player|p1|\n","uploadtime":1768396161,"views":12,"formatid":"gen9vgc2026regi","rating":1330,"private":0,"password":null}