{"id":"gen9vgc2026regi-2568805644","format":"[Gen 9] VGC 2026 Reg I","players":["sunny_zong2","MinatoSeviser"],"log":"|j|\u2606sunny_zong2\n|j|\u2606MinatoSeviser\n|t:|1774624425\n|gametype|doubles\n|player|p1|sunny_zong2|170|1337\n|player|p2|MinatoSeviser|kukui|1379\n|gen|9\n|tier|[Gen 9] VGC 2026 Reg I\n|rated|\n|rule|Species Clause: Limit one of each Pok\u00e9mon\n|rule|Item Clause: Limit 1 of each item\n|clearpoke\n|poke|p1|Glimmora, L50, M|\n|poke|p1|Eternatus, L50|\n|poke|p1|Miraidon, L50|\n|poke|p1|Regidrago, L50|\n|poke|p1|Farigiraf, L50, M|\n|poke|p1|Grimmsnarl, L50, M|\n|poke|p2|Tornadus, L50, M|\n|poke|p2|Calyrex-Shadow, L50|\n|poke|p2|Rillaboom, L50, F|\n|poke|p2|Dragonite, L50, F|\n|poke|p2|Palkia, L50|\n|poke|p2|Cramorant, L50, F|\n|teampreview|4\n|inactive|Battle timer is ON: inactive players will automatically lose when time's up. (requested by sunny_zong2)\nMinatoSeviser has agreed to open team sheets.\n|\n|t:|1774624439\n|teamsize|p1|4\n|teamsize|p2|4\n|start\n|switch|p1a: Grimmsnarl|Grimmsnarl, L50, M|100/100\n|switch|p1b: Glimmora|Glimmora, L50, M|100/100\n|switch|p2a: Leti\u0161t\u011b|Tornadus, L50, M|100/100\n|switch|p2b: Kedluben na Koni|Calyrex-Shadow, L50|100/100\n|-ability|p2b: Kedluben na Koni|As One\n|-ability|p2b: Kedluben na Koni|Unnerve\n|turn|1\n|\n|t:|1774624455\n|move|p2a: Leti\u0161t\u011b|Tailwind|p2a: Leti\u0161t\u011b\n|-sidestart|p2: MinatoSeviser|move: Tailwind\n|move|p1a: Grimmsnarl|Light Screen|p1a: Grimmsnarl\n|-sidestart|p1: sunny_zong2|move: Light Screen\n|move|p2b: Kedluben na Koni|Psychic|p1b: Glimmora\n|-supereffective|p1b: Glimmora\n|-enditem|p1b: Glimmora|Focus Sash\n|-damage|p1b: Glimmora|1/100\n|-damage|p2b: Kedluben na Koni|91/100|[from] item: Life Orb\n|move|p1b: Glimmora|Mortal Spin|p2b: Kedluben na Koni|[spread] p2a,p2b\n|-resisted|p2b: Kedluben na Koni\n|-damage|p2a: Leti\u0161t\u011b|93/100\n|-damage|p2b: Kedluben na Koni|88/100\n|-status|p2a: Leti\u0161t\u011b|psn\n|-status|p2b: Kedluben na Koni|psn\n|\n|-damage|p2b: Kedluben na Koni|76/100 psn|[from] psn\n|-damage|p2a: Leti\u0161t\u011b|80/100 psn|[from] psn\n|upkeep\n|turn|2\n|\n|t:|1774624479\n|switch|p2b: Motor\u00e1\u010dek|Dragonite, L50, F|100/100\n|move|p2a: Leti\u0161t\u011b|Bleakwind Storm|p1a: Grimmsnarl|[spread] p1a,p1b\n|-resisted|p1b: Glimmora\n|-damage|p1a: Grimmsnarl|82/100\n|-damage|p1b: Glimmora|0 fnt\n|faint|p1b: Glimmora\n|move|p1a: Grimmsnarl|Foul Play|p2b: Motor\u00e1\u010dek\n|-damage|p2b: Motor\u00e1\u010dek|41/100\n|\n|-damage|p2a: Leti\u0161t\u011b|68/100 psn|[from] psn\n|upkeep\n|\n|t:|1774624493\n|switch|p1b: Eternatus|Eternatus, L50|100/100\n|-ability|p1b: Eternatus|Pressure\n|turn|3\n|\n|t:|1774624509\n|-terastallize|p2b: Motor\u00e1\u010dek|Normal\n|move|p2b: Motor\u00e1\u010dek|Extreme Speed|p1a: Grimmsnarl\n|-damage|p1a: Grimmsnarl|1/100\n|move|p2a: Leti\u0161t\u011b|Taunt|p1b: Eternatus\n|-start|p1b: Eternatus|move: Taunt\n|move|p1a: Grimmsnarl|Reflect|p1a: Grimmsnarl\n|-sidestart|p1: sunny_zong2|Reflect\n|cant|p1b: Eternatus|move: Taunt|Cosmic Power\n|\n|-damage|p2a: Leti\u0161t\u011b|56/100 psn|[from] psn\n|upkeep\n|turn|4\n|\n|t:|1774624524\n|move|p2b: Motor\u00e1\u010dek|Extreme Speed|p1b: Eternatus\n|-damage|p1b: Eternatus|72/100\n|move|p2a: Leti\u0161t\u011b|Bleakwind Storm|p1a: Grimmsnarl|[spread] p1b\n|-miss|p2a: Leti\u0161t\u011b|p1a: Grimmsnarl\n|-damage|p1b: Eternatus|54/100\n|-unboost|p1b: Eternatus|spe|1\n|move|p1b: Eternatus|Sludge Bomb|p2b: Motor\u00e1\u010dek\n|-damage|p2b: Motor\u00e1\u010dek|0 fnt\n|faint|p2b: Motor\u00e1\u010dek\n|move|p1a: Grimmsnarl|Foul Play|p2a: Leti\u0161t\u011b\n|-damage|p2a: Leti\u0161t\u011b|7/100 psn\n|\n|-heal|p1b: Eternatus|60/100|[from] item: Leftovers\n|-damage|p2a: Leti\u0161t\u011b|0 fnt|[from] psn\n|faint|p2a: Leti\u0161t\u011b\n|-sideend|p2: MinatoSeviser|move: Tailwind\n|upkeep\n|\n|t:|1774624535\n|switch|p2a: Kedluben na Koni|Calyrex-Shadow, L50|76/100 psn\n|switch|p2b: \u017debrovn\u00edk Waltl\u016fv|Palkia, L50|100/100\n|-ability|p2a: Kedluben na Koni|As One\n|-ability|p2a: Kedluben na Koni|Unnerve\n|-ability|p2b: \u017debrovn\u00edk Waltl\u016fv|Pressure\n|turn|5\n|\n|t:|1774624543\n|switch|p1b: Miraidon|Miraidon, L50|100/100\n|-fieldstart|move: Electric Terrain|[from] ability: Hadron Engine|[of] p1b: Miraidon\n|move|p1a: Grimmsnarl|Thunder Wave|p2b: \u017debrovn\u00edk Waltl\u016fv\n|-status|p2b: \u017debrovn\u00edk Waltl\u016fv|par\n|move|p2a: Kedluben na Koni|Astral Barrage|p1b: Miraidon|[spread] p1a,p1b\n|-resisted|p1a: Grimmsnarl\n|-damage|p1a: Grimmsnarl|0 fnt\n|-damage|p1b: Miraidon|54/100\n|faint|p1a: Grimmsnarl\n|-ability|p2a: Kedluben na Koni|Grim Neigh|boost\n|-boost|p2a: Kedluben na Koni|spa|1\n|-damage|p2a: Kedluben na Koni|66/100 psn|[from] item: Life Orb\n|move|p2b: \u017debrovn\u00edk Waltl\u016fv|Spacial Rend|p1b: Miraidon\n|-supereffective|p1b: Miraidon\n|-crit|p1b: Miraidon\n|-damage|p1b: Miraidon|0 fnt\n|faint|p1b: Miraidon\n|\n|-damage|p2a: Kedluben na Koni|54/100 psn|[from] psn\n|upkeep\n|\n|t:|1774624547\n|switch|p1b: Eternatus|Eternatus, L50|60/100\n|-ability|p1b: Eternatus|Pressure\n|turn|6\n|\n|t:|1774624567\n|-terastallize|p1b: Eternatus|Grass\n|move|p2a: Kedluben na Koni|Psychic|p1b: Eternatus\n|-damage|p1b: Eternatus|9/100\n|-damage|p2a: Kedluben na Koni|44/100 psn|[from] item: Life Orb\n|move|p1b: Eternatus|Recover|p1b: Eternatus\n|-heal|p1b: Eternatus|59/100\n|cant|p2b: \u017debrovn\u00edk Waltl\u016fv|par\n|\n|-heal|p1b: Eternatus|65/100|[from] item: Leftovers\n|-damage|p2a: Kedluben na Koni|32/100 psn|[from] psn\n|upkeep\n|turn|7\n|c|\u2606MinatoSeviser|dang\n|\n|t:|1774624584\n|move|p2a: Kedluben na Koni|Astral Barrage|p1b: Eternatus\n|-damage|p1b: Eternatus|4/100\n|-damage|p2a: Kedluben na Koni|23/100 psn|[from] item: Life Orb\n|move|p1b: Eternatus|Recover|p1b: Eternatus\n|-heal|p1b: Eternatus|54/100\n|cant|p2b: \u017debrovn\u00edk Waltl\u016fv|par\n|\n|-heal|p1b: Eternatus|60/100|[from] item: Leftovers\n|-damage|p2a: Kedluben na Koni|11/100 psn|[from] psn\n|upkeep\n|turn|8\n|c|\u2606MinatoSeviser|oh well\n|\n|t:|1774624607\n|move|p1b: Eternatus|Protect|p1b: Eternatus\n|-singleturn|p1b: Eternatus|Protect\n|move|p2a: Kedluben na Koni|Dark Pulse|p1b: Eternatus\n|-activate|p1b: Eternatus|move: Protect\n|cant|p2b: \u017debrovn\u00edk Waltl\u016fv|par\n|\n|-heal|p1b: Eternatus|66/100|[from] item: Leftovers\n|-damage|p2a: Kedluben na Koni|0 fnt|[from] psn\n|faint|p2a: Kedluben na Koni\n|-sideend|p1: sunny_zong2|move: Light Screen\n|upkeep\n|turn|9\n|\n|t:|1774624619\n|move|p1b: Eternatus|Recover|p1b: Eternatus\n|-heal|p1b: Eternatus|100/100\n|move|p2b: \u017debrovn\u00edk Waltl\u016fv|Thunder|p1b: Eternatus\n|-resisted|p1b: Eternatus\n|-crit|p1b: Eternatus\n|-damage|p1b: Eternatus|72/100\n|\n|-heal|p1b: Eternatus|78/100|[from] item: Leftovers\n|-fieldend|move: Electric Terrain\n|upkeep\n|turn|10\n|\n|t:|1774624632\n|move|p1b: Eternatus|Protect|p1b: Eternatus\n|-singleturn|p1b: Eternatus|Protect\n|move|p2b: \u017debrovn\u00edk Waltl\u016fv|Thunder|p1b: Eternatus\n|-activate|p1b: Eternatus|move: Protect\n|\n|-heal|p1b: Eternatus|84/100|[from] item: Leftovers\n|-sideend|p1: sunny_zong2|Reflect\n|upkeep\n|turn|11\n|\n|t:|1774624635\n|move|p1b: Eternatus|Cosmic Power|p1b: Eternatus\n|-boost|p1b: Eternatus|def|1\n|-boost|p1b: Eternatus|spd|1\n|move|p2b: \u017debrovn\u00edk Waltl\u016fv|Thunder|p1b: Eternatus|[miss]\n|-miss|p2b: \u017debrovn\u00edk Waltl\u016fv|p1b: Eternatus\n|\n|-heal|p1b: Eternatus|90/100|[from] item: Leftovers\n|upkeep\n|turn|12\n|\n|t:|1774624642\n|move|p1b: Eternatus|Cosmic Power|p1b: Eternatus\n|-boost|p1b: Eternatus|def|1\n|-boost|p1b: Eternatus|spd|1\n|move|p2b: \u017debrovn\u00edk Waltl\u016fv|Thunder|p1b: Eternatus\n|-resisted|p1b: Eternatus\n|-damage|p1b: Eternatus|83/100\n|\n|-heal|p1b: Eternatus|90/100|[from] item: Leftovers\n|upkeep\n|turn|13\n|\n|t:|1774624646\n|move|p1b: Eternatus|Cosmic Power|p1b: Eternatus\n|-boost|p1b: Eternatus|def|1\n|-boost|p1b: Eternatus|spd|1\n|cant|p2b: \u017debrovn\u00edk Waltl\u016fv|par\n|\n|-heal|p1b: Eternatus|96/100|[from] item: Leftovers\n|upkeep\n|turn|14\n|\n|t:|1774624650\n|move|p1b: Eternatus|Cosmic Power|p1b: Eternatus\n|-boost|p1b: Eternatus|def|1\n|-boost|p1b: Eternatus|spd|1\n|move|p2b: \u017debrovn\u00edk Waltl\u016fv|Thunder|p1b: Eternatus|[miss]\n|-miss|p2b: \u017debrovn\u00edk Waltl\u016fv|p1b: Eternatus\n|\n|-heal|p1b: Eternatus|100/100|[from] item: Leftovers\n|upkeep\n|turn|15\n|\n|t:|1774624654\n|move|p1b: Eternatus|Cosmic Power|p1b: Eternatus\n|-boost|p1b: Eternatus|def|1\n|-boost|p1b: Eternatus|spd|1\n|move|p2b: \u017debrovn\u00edk Waltl\u016fv|Thunder|p1b: Eternatus|[miss]\n|-miss|p2b: \u017debrovn\u00edk Waltl\u016fv|p1b: Eternatus\n|\n|upkeep\n|turn|16\n|\n|t:|1774624657\n|move|p1b: Eternatus|Cosmic Power|p1b: Eternatus\n|-boost|p1b: Eternatus|def|1\n|-boost|p1b: Eternatus|spd|1\n|cant|p2b: \u017debrovn\u00edk Waltl\u016fv|par\n|\n|upkeep\n|turn|17\n|c|\u2606MinatoSeviser|\u017debrovn\u00edk pls\n|\n|t:|1774624665\n|move|p1b: Eternatus|Sludge Bomb|p2b: \u017debrovn\u00edk Waltl\u016fv\n|-damage|p2b: \u017debrovn\u00edk Waltl\u016fv|78/100 par\n|cant|p2b: \u017debrovn\u00edk Waltl\u016fv|par\n|\n|upkeep\n|turn|18\n|\n|t:|1774624670\n|move|p1b: Eternatus|Sludge Bomb|p2b: \u017debrovn\u00edk Waltl\u016fv\n|-damage|p2b: \u017debrovn\u00edk Waltl\u016fv|54/100 par\n|move|p2b: \u017debrovn\u00edk Waltl\u016fv|Thunder|p1b: Eternatus\n|-resisted|p1b: Eternatus\n|-damage|p1b: Eternatus|97/100\n|\n|-heal|p1b: Eternatus|100/100|[from] item: Leftovers\n|upkeep\n|turn|19\n|c|\u2606sunny_zong2|gg\n|\n|t:|1774624674\n|move|p1b: Eternatus|Sludge Bomb|p2b: \u017debrovn\u00edk Waltl\u016fv\n|-damage|p2b: \u017debrovn\u00edk Waltl\u016fv|33/100 par\n|move|p2b: \u017debrovn\u00edk Waltl\u016fv|Thunder|p1b: Eternatus\n|-resisted|p1b: Eternatus\n|-damage|p1b: Eternatus|97/100\n|\n|-heal|p1b: Eternatus|100/100|[from] item: Leftovers\n|upkeep\n|turn|20\n|c|\u2606MinatoSeviser|what a sad game\n|\n|t:|1774624685\n|move|p1b: Eternatus|Sludge Bomb|p2b: \u017debrovn\u00edk Waltl\u016fv\n|-damage|p2b: \u017debrovn\u00edk Waltl\u016fv|11/100 par\n|cant|p2b: \u017debrovn\u00edk Waltl\u016fv|par\n|\n|upkeep\n|turn|21\n|\n|t:|1774624689\n|move|p1b: Eternatus|Sludge Bomb|p2b: \u017debrovn\u00edk Waltl\u016fv\n|-damage|p2b: \u017debrovn\u00edk Waltl\u016fv|0 fnt\n|faint|p2b: \u017debrovn\u00edk Waltl\u016fv\n|\n|win|sunny_zong2\n|raw|sunny_zong2's rating: 1337 &rarr; <strong>1359</strong><br />(+22 for winning)\n|raw|MinatoSeviser's rating: 1379 &rarr; <strong>1357</strong><br />(-22 for losing)\n|c|\u2606sunny_zong2|haha\n|c|\u2606MinatoSeviser|gg\n","uploadtime":1774624696,"views":12,"formatid":"gen9vgc2026regi","rating":1357,"private":0,"password":null}