{"id":"gen9vgc2026regi-2528592266","format":"[Gen 9] VGC 2026 Reg I","players":["mosca9876","ky123456"],"log":"|j|\u2606mosca9876\n|j|\u2606ky123456\n|t:|1769682575\n|gametype|doubles\n|player|p1|mosca9876|101|1356\n|player|p2|ky123456|cynthia-gen4|1527\n|gen|9\n|tier|[Gen 9] VGC 2026 Reg I\n|rated|\n|rule|Species Clause: Limit one of each Pok\u00e9mon\n|rule|Item Clause: Limit 1 of each item\n|clearpoke\n|poke|p1|Calyrex-Shadow, L50|\n|poke|p1|Terapagos, L50, M|\n|poke|p1|Iron Hands, L50|\n|poke|p1|Chi-Yu, L50|\n|poke|p1|Smeargle, L50, M|\n|poke|p1|Whimsicott, L50, F|\n|poke|p2|Kyogre, L50|\n|poke|p2|Calyrex-Ice, L50|\n|poke|p2|Grimmsnarl, L50, M|\n|poke|p2|Rillaboom, L50, F|\n|poke|p2|Landorus, L50, M|\n|poke|p2|Urshifu-*, L50, F|\n|teampreview|4\n|\n|t:|1769682608\n|teamsize|p1|4\n|teamsize|p2|4\n|start\n|switch|p1a: DontStartNow|Whimsicott, L50, F|100/100\n|switch|p1b: BreakMyHeart|Chi-Yu, L50|100/100\n|switch|p2a: Kyogre|Kyogre, L50|100/100\n|switch|p2b: Urshifu|Urshifu-Rapid-Strike, L50, F|100/100\n|-ability|p1b: BreakMyHeart|Beads of Ruin\n|-weather|RainDance|[from] ability: Drizzle|[of] p2a: Kyogre\n|turn|1\n|\n|t:|1769682631\n|-terastallize|p1b: BreakMyHeart|Water\n|move|p1a: DontStartNow|Tailwind|p1a: DontStartNow\n|-sidestart|p1: mosca9876|move: Tailwind\n|move|p1b: BreakMyHeart|Snarl|p2b: Urshifu|[spread] p2a,p2b\n|-resisted|p2b: Urshifu\n|-damage|p2a: Kyogre|87/100\n|-damage|p2b: Urshifu|77/100\n|-unboost|p2a: Kyogre|spa|1\n|-unboost|p2b: Urshifu|spa|1\n|move|p2b: Urshifu|Surging Strikes|p1a: DontStartNow\n|-resisted|p1a: DontStartNow\n|-crit|p1a: DontStartNow\n|-damage|p1a: DontStartNow|78/100\n|-resisted|p1a: DontStartNow\n|-crit|p1a: DontStartNow\n|-damage|p1a: DontStartNow|55/100\n|-resisted|p1a: DontStartNow\n|-crit|p1a: DontStartNow\n|-damage|p1a: DontStartNow|33/100\n|-hitcount|p1a: DontStartNow|3\n|move|p2a: Kyogre|Origin Pulse|p1a: DontStartNow|[spread] \n|-miss|p2a: Kyogre|p1a: DontStartNow\n|-miss|p2a: Kyogre|p1b: BreakMyHeart\n|\n|-weather|RainDance|[upkeep]\n|upkeep\n|turn|2\n|\n|t:|1769682647\n|switch|p2a: Grimmsnarl|Grimmsnarl, L50, M|100/100\n|move|p1b: BreakMyHeart|Snarl|p2b: Urshifu|[spread] p2a,p2b\n|-resisted|p2a: Grimmsnarl\n|-resisted|p2b: Urshifu\n|-damage|p2a: Grimmsnarl|93/100\n|-damage|p2b: Urshifu|54/100\n|-unboost|p2a: Grimmsnarl|spa|1\n|-unboost|p2b: Urshifu|spa|1\n|move|p1a: DontStartNow|Moonblast|p2b: Urshifu\n|-supereffective|p2b: Urshifu\n|-damage|p2b: Urshifu|0 fnt\n|faint|p2b: Urshifu\n|\n|-weather|RainDance|[upkeep]\n|upkeep\n|\n|t:|1769682654\n|switch|p2b: Calyrex|Calyrex-Ice, L50|100/100\n|-ability|p2b: Calyrex|As One\n|-ability|p2b: Calyrex|Unnerve\n|turn|3\n|\n|t:|1769682677\n|switch|p1b: Hallucinate|Terapagos, L50, M|100/100\n|-activate|p1b: Hallucinate|ability: Tera Shift\n|detailschange|p1b: Hallucinate|Terapagos-Terastal, L50, M\n|-heal|p1b: Hallucinate|100/100|[silent]\n|switch|p1a: PrettyPlease|Smeargle, L50, M|100/100\n|move|p2a: Grimmsnarl|Light Screen|p2a: Grimmsnarl\n|-sidestart|p2: ky123456|move: Light Screen\n|move|p2b: Calyrex|Glacial Lance|p1b: Hallucinate|[spread] p1a,p1b\n|-activate|p1b: Hallucinate|ability: Tera Shell\n|-resisted|p1b: Hallucinate\n|-damage|p1a: PrettyPlease|2/100\n|-damage|p1b: Hallucinate|73/100\n|\n|-weather|RainDance|[upkeep]\n|-ability|p1a: PrettyPlease|Moody|boost\n|-boost|p1a: PrettyPlease|spd|2\n|-unboost|p1a: PrettyPlease|atk|1\n|upkeep\n|turn|4\n|\n|t:|1769682706\n|move|p2b: Calyrex|Protect|p2b: Calyrex\n|-singleturn|p2b: Calyrex|Protect\n|move|p2a: Grimmsnarl|Thunder Wave|p1a: PrettyPlease\n|-status|p1a: PrettyPlease|par\n|move|p1b: Hallucinate|Dark Pulse|p2b: Calyrex\n|-activate|p2b: Calyrex|move: Protect\n|move|p1a: PrettyPlease|Spore|p2b: Calyrex\n|-activate|p2b: Calyrex|move: Protect\n|\n|-weather|RainDance|[upkeep]\n|-sideend|p1: mosca9876|move: Tailwind\n|-ability|p1a: PrettyPlease|Moody|boost\n|-boost|p1a: PrettyPlease|atk|2\n|-unboost|p1a: PrettyPlease|spa|1\n|upkeep\n|turn|5\n|\n|t:|1769682722\n|move|p1b: Hallucinate|Dark Pulse|p2b: Calyrex\n|-supereffective|p2b: Calyrex\n|-damage|p2b: Calyrex|69/100\n|move|p2a: Grimmsnarl|Foul Play|p1a: PrettyPlease\n|-damage|p1a: PrettyPlease|0 fnt\n|faint|p1a: PrettyPlease\n|move|p2b: Calyrex|Leech Seed|p1b: Hallucinate\n|-start|p1b: Hallucinate|move: Leech Seed\n|\n|-weather|none\n|-heal|p2b: Calyrex|75/100|[from] item: Leftovers\n|-damage|p1b: Hallucinate|61/100|[from] Leech Seed|[of] p2b: Calyrex\n|-heal|p2b: Calyrex|85/100|[silent]\n|upkeep\n|\n|t:|1769682731\n|switch|p1a: BreakMyHeart|Chi-Yu, L50, tera:Water|100/100\n|-ability|p1a: BreakMyHeart|Beads of Ruin\n|turn|6\n|\n|t:|1769682755\n|-terastallize|p2b: Calyrex|Fairy\n|move|p2a: Grimmsnarl|Thunder Wave|p1a: BreakMyHeart\n|-status|p1a: BreakMyHeart|par\n|move|p1b: Hallucinate|Dark Pulse|p2b: Calyrex\n|-resisted|p2b: Calyrex\n|-damage|p2b: Calyrex|75/100\n|move|p1a: BreakMyHeart|Overheat|p2b: Calyrex|[miss]\n|-miss|p1a: BreakMyHeart|p2b: Calyrex\n|move|p2b: Calyrex|Glacial Lance|p1b: Hallucinate|[spread] p1a,p1b\n|-resisted|p1a: BreakMyHeart\n|-damage|p1a: BreakMyHeart|60/100 par\n|-damage|p1b: Hallucinate|6/100\n|\n|-heal|p2b: Calyrex|81/100|[from] item: Leftovers\n|-damage|p1b: Hallucinate|0 fnt|[from] Leech Seed|[of] p2b: Calyrex\n|-heal|p2b: Calyrex|86/100|[silent]\n|faint|p1b: Hallucinate\n|upkeep\n|\n|t:|1769682764\n|switch|p1b: DontStartNow|Whimsicott, L50, F|33/100\n|turn|7\n|\n|t:|1769682776\n|move|p1b: DontStartNow|Fake Tears|p2b: Calyrex\n|-unboost|p2b: Calyrex|spd|2\n|cant|p1a: BreakMyHeart|par\n|move|p2a: Grimmsnarl|Foul Play|p1a: BreakMyHeart\n|-damage|p1a: BreakMyHeart|23/100 par\n|move|p2b: Calyrex|Glacial Lance|p1a: BreakMyHeart|[spread] p1a,p1b\n|-resisted|p1a: BreakMyHeart\n|-supereffective|p1b: DontStartNow\n|-damage|p1a: BreakMyHeart|0 fnt\n|-damage|p1b: DontStartNow|0 fnt\n|faint|p1a: BreakMyHeart\n|faint|p1b: DontStartNow\n|\n|win|ky123456\n|raw|mosca9876's rating: 1356 &rarr; <strong>1345</strong><br />(-11 for losing)\n|raw|ky123456's rating: 1527 &rarr; <strong>1538</strong><br />(+11 for winning)\n|l|\u2606mosca9876\n|player|p1|\n|l|\u2606ky123456\n|player|p2|\n","uploadtime":1769682969,"views":18,"formatid":"gen9vgc2026regi","rating":1345,"private":0,"password":null}