{"id":"gen9vgc2026regi-2575961085","format":"[Gen 9] VGC 2026 Reg I","players":["Bman311","don juan dozo"],"log":"|j|\u2606Bman311\n|j|\u2606don juan dozo\n|t:|1775416806\n|gametype|doubles\n|player|p1|Bman311|101|1543\n|player|p2|don juan dozo|169|1545\n|gen|9\n|tier|[Gen 9] VGC 2026 Reg I\n|rated|\n|rule|Species Clause: Limit one of each Pok\u00e9mon\n|rule|Item Clause: Limit 1 of each item\n|clearpoke\n|poke|p1|Koraidon, L50|\n|poke|p1|Calyrex-Ice, L50|\n|poke|p1|Incineroar, L50, M|\n|poke|p1|Brute Bonnet, L50|\n|poke|p1|Flutter Mane, L50|\n|poke|p1|Raging Bolt, L50|\n|poke|p2|Calyrex-Shadow, L50|\n|poke|p2|Zamazenta-*, L50|\n|poke|p2|Ting-Lu, L50|\n|poke|p2|Dondozo, L50, F|\n|poke|p2|Chien-Pao, L50|\n|poke|p2|Ogerpon-Hearthflame, L50, F|\n|teampreview|4\n|inactive|Battle timer is ON: inactive players will automatically lose when time's up. (requested by Bman311)\n|inactive|don juan dozo has 60 seconds left.\n|\n|t:|1775416838\n|teamsize|p1|4\n|teamsize|p2|4\n|start\n|switch|p1a: Koraidon|Koraidon, L50|100/100\n|switch|p1b: Brute Bonnet|Brute Bonnet, L50|100/100\n|switch|p2a: 221 speed|Calyrex-Shadow, L50|100/100\n|switch|p2b: Chromakopia|Ogerpon-Hearthflame, L50, F|100/100\n|-ability|p2a: 221 speed|As One\n|-ability|p2a: 221 speed|Unnerve\n|-weather|SunnyDay|[from] ability: Orichalcum Pulse|[of] p1a: Koraidon\n|-activate|p1b: Brute Bonnet|ability: Protosynthesis\n|-start|p1b: Brute Bonnet|protosynthesisdef\n|-activate|p1a: Koraidon|Orichalcum Pulse|[source]\n|-ability|p2b: Chromakopia|Mold Breaker\n|turn|1\n|\n|t:|1775416845\n|-terastallize|p1a: Koraidon|Fire\n|move|p2a: 221 speed|Astral Barrage|p1a: Koraidon|[spread] p1a,p1b\n|-resisted|p1b: Brute Bonnet\n|-damage|p1a: Koraidon|47/100\n|-damage|p1b: Brute Bonnet|79/100\n|move|p1a: Koraidon|Close Combat|p2b: Chromakopia\n|-damage|p2b: Chromakopia|0 fnt\n|-unboost|p1a: Koraidon|def|1\n|-unboost|p1a: Koraidon|spd|1\n|faint|p2b: Chromakopia\n|-damage|p1a: Koraidon|37/100|[from] item: Life Orb\n|move|p1b: Brute Bonnet|Spore|p2a: 221 speed\n|-status|p2a: 221 speed|slp|[from] move: Spore\n|\n|-weather|SunnyDay|[upkeep]\n|upkeep\n|inactive|don juan dozo has 30 seconds left.\n|\n|t:|1775416872\n|switch|p2b: Emergency Button|Chien-Pao, L50|100/100\n|-ability|p2b: Emergency Button|Sword of Ruin\n|turn|2\n|\n|t:|1775416877\n|switch|p1a: Incineroar|Incineroar, L50, M|100/100\n|-ability|p1a: Incineroar|Intimidate|boost\n|-unboost|p2a: 221 speed|atk|1\n|-unboost|p2b: Emergency Button|atk|1\n|move|p2b: Emergency Button|Sucker Punch||[still]\n|-fail|p2b: Emergency Button\n|cant|p2a: 221 speed|slp\n|move|p1b: Brute Bonnet|Spore|p2a: 221 speed\n|-fail|p2a: 221 speed|slp\n|\n|-weather|SunnyDay|[upkeep]\n|upkeep\n|turn|3\n|\n|t:|1775416883\n|switch|p2b: Magnus Carlsen|Zamazenta-Crowned, L50|100/100\n|-ability|p2b: Magnus Carlsen|Dauntless Shield|boost\n|-boost|p2b: Magnus Carlsen|def|1\n|cant|p2a: 221 speed|slp\n|move|p1a: Incineroar|Knock Off|p2a: 221 speed\n|-supereffective|p2a: 221 speed\n|-enditem|p2a: 221 speed|Focus Sash\n|-damage|p2a: 221 speed|1/100 slp\n|move|p1b: Brute Bonnet|Seed Bomb|p2a: 221 speed\n|-damage|p2a: 221 speed|0 fnt\n|faint|p2a: 221 speed\n|\n|-weather|SunnyDay|[upkeep]\n|upkeep\n|\n|t:|1775416886\n|switch|p2a: Emergency Button|Chien-Pao, L50|100/100\n|-ability|p2a: Emergency Button|Sword of Ruin\n|turn|4\n|\n|t:|1775416895\n|switch|p1a: Flutter Mane|Flutter Mane, L50|100/100\n|-activate|p1a: Flutter Mane|ability: Protosynthesis\n|-start|p1a: Flutter Mane|protosynthesisspe\n|move|p2a: Emergency Button|Ice Spinner|p1b: Brute Bonnet\n|-supereffective|p1b: Brute Bonnet\n|-damage|p1b: Brute Bonnet|3/100\n|-damage|p2a: Emergency Button|91/100|[from] item: Life Orb\n|move|p2b: Magnus Carlsen|Body Press|p1a: Flutter Mane\n|-immune|p1a: Flutter Mane\n|move|p1b: Brute Bonnet|Spore|p2b: Magnus Carlsen\n|-status|p2b: Magnus Carlsen|slp|[from] move: Spore\n|\n|-weather|SunnyDay|[upkeep]\n|upkeep\n|turn|5\n|\n|t:|1775416911\n|-end|p1b: Brute Bonnet|Protosynthesis|[silent]\n|switch|p1b: Koraidon|Koraidon, L50, tera:Fire|37/100\n|-activate|p1b: Koraidon|ability: Orichalcum Pulse\n|move|p2a: Emergency Button|Ice Shard|p1b: Koraidon\n|-resisted|p1b: Koraidon\n|-damage|p1b: Koraidon|21/100\n|-damage|p2a: Emergency Button|81/100|[from] item: Life Orb\n|move|p1a: Flutter Mane|Moonblast|p2a: Emergency Button\n|-supereffective|p2a: Emergency Button\n|-damage|p2a: Emergency Button|0 fnt\n|faint|p2a: Emergency Button\n|cant|p2b: Magnus Carlsen|slp\n|\n|-weather|none\n|-end|p1a: Flutter Mane|Protosynthesis\n|upkeep\n|turn|6\n|\n|t:|1775416929\n|switch|p1b: Incineroar|Incineroar, L50, M|100/100\n|-ability|p1b: Incineroar|Intimidate|boost\n|-unboost|p2b: Magnus Carlsen|atk|1\n|move|p1a: Flutter Mane|Moonblast|p2b: Magnus Carlsen\n|-damage|p2b: Magnus Carlsen|65/100 slp\n|cant|p2b: Magnus Carlsen|slp\n|\n|upkeep\n|turn|7\n|\n|t:|1775416946\n|move|p1b: Incineroar|Fake Out|p2b: Magnus Carlsen\n|-resisted|p2b: Magnus Carlsen\n|-damage|p2b: Magnus Carlsen|63/100 slp\n|move|p1a: Flutter Mane|Moonblast|p2b: Magnus Carlsen\n|-damage|p2b: Magnus Carlsen|23/100 slp\n|-curestatus|p2b: Magnus Carlsen|slp|[msg]\n|cant|p2b: Magnus Carlsen|flinch\n|\n|upkeep\n|turn|8\n|\n|t:|1775416954\n|switch|p1b: Koraidon|Koraidon, L50, tera:Fire|21/100\n|-weather|SunnyDay|[from] ability: Orichalcum Pulse|[of] p1b: Koraidon\n|-activate|p1a: Flutter Mane|ability: Protosynthesis\n|-start|p1a: Flutter Mane|protosynthesisspe\n|-activate|p1b: Koraidon|Orichalcum Pulse|[source]\n|move|p1a: Flutter Mane|Moonblast|p2b: Magnus Carlsen\n|-damage|p2b: Magnus Carlsen|0 fnt\n|faint|p2b: Magnus Carlsen\n|\n|win|Bman311\n|raw|Bman311's rating: 1543 &rarr; <strong>1565</strong><br />(+22 for winning)\n|raw|don juan dozo's rating: 1571 &rarr; <strong>1549</strong><br />(-22 for losing)\n|l|\u2606don juan dozo\n|player|p2|\n","uploadtime":1775416967,"views":25,"formatid":"gen9vgc2026regi","rating":1549,"private":0,"password":null}