{"id":"gen9vgc2026regi-2531327609","format":"[Gen 9] VGC 2026 Reg I","players":["afdragonite","CHR1SPHX"],"log":"|j|\u2606afdragonite\n|j|\u2606CHR1SPHX\n|t:|1770046853\n|gametype|doubles\n|player|p1|afdragonite|2|1518\n|player|p2|CHR1SPHX|hilbert-wonderlauncher|1356\n|gen|9\n|tier|[Gen 9] VGC 2026 Reg I\n|rated|\n|rule|Species Clause: Limit one of each Pok\u00e9mon\n|rule|Item Clause: Limit 1 of each item\n|clearpoke\n|poke|p1|Mimikyu, L50, M|\n|poke|p1|Calyrex-Ice, L50|\n|poke|p1|Torkoal, L50, F|\n|poke|p1|Urshifu-*, L50, F|\n|poke|p1|Kyogre, L50|\n|poke|p1|Annihilape, L50, M|\n|poke|p2|Incineroar, L50, M|\n|poke|p2|Koraidon, L50|\n|poke|p2|Flutter Mane, L50|\n|poke|p2|Brute Bonnet, L50|\n|poke|p2|Indeedee-F, L50, F|\n|poke|p2|Calyrex-Ice, L50|\n|teampreview|4\n|inactive|Battle timer is ON: inactive players will automatically lose when time's up. (requested by CHR1SPHX)\n|inactive|afdragonite also wants the timer to be on.\n|inactive|CHR1SPHX has 60 seconds left.\n|\n|t:|1770046893\n|teamsize|p1|4\n|teamsize|p2|4\n|start\n|switch|p1a: Annihilape|Annihilape, L50, M, shiny|100/100\n|switch|p1b: Hisuan Zoroark|Mimikyu, L50, M, shiny|100/100\n|switch|p2a: Calyrex|Calyrex-Ice, L50|100/100\n|switch|p2b: Brute Bonnet|Brute Bonnet, L50, shiny|100/100\n|-ability|p2a: Calyrex|As One\n|-ability|p2a: Calyrex|Unnerve\n|turn|1\n|\n|t:|1770046902\n|-terastallize|p1b: Hisuan Zoroark|Grass\n|move|p2a: Calyrex|Protect|p2a: Calyrex\n|-singleturn|p2a: Calyrex|Protect\n|move|p1a: Annihilape|Final Gambit|p2a: Calyrex\n|-activate|p2a: Calyrex|move: Protect\n|move|p2b: Brute Bonnet|Spore|p1a: Annihilape\n|-immune|p1a: Annihilape|[from] ability: Vital Spirit\n|move|p1b: Hisuan Zoroark|Trick Room|p1b: Hisuan Zoroark\n|-fieldstart|move: Trick Room|[of] p1b: Hisuan Zoroark\n|\n|upkeep\n|turn|2\n|\n|t:|1770046925\n|move|p2b: Brute Bonnet|Rage Powder|p2b: Brute Bonnet\n|-singleturn|p2b: Brute Bonnet|move: Rage Powder\n|move|p2a: Calyrex|Glacial Lance|p1b: Hisuan Zoroark|[spread] p1a,p1b\n|-damage|p1a: Annihilape|25/100\n|-activate|p1b: Hisuan Zoroark|ability: Disguise\n|-damage|p1b: Hisuan Zoroark|100/100\n|detailschange|p1b: Hisuan Zoroark|Mimikyu-Busted, L50, M, shiny, tera:Grass\n|-damage|p1b: Hisuan Zoroark|88/100|[from] pokemon: Mimikyu-Busted\n|move|p1b: Hisuan Zoroark|Taunt|p2a: Calyrex\n|-start|p2a: Calyrex|move: Taunt\n|move|p1a: Annihilape|Final Gambit|p2b: Brute Bonnet\n|-damage|p2b: Brute Bonnet|76/100\n|faint|p1a: Annihilape\n|\n|upkeep\n|\n|t:|1770046941\n|switch|p1a: Calyrex|Calyrex-Ice, L50|100/100\n|-ability|p1a: Calyrex|As One\n|-ability|p1a: Calyrex|Unnerve\n|turn|3\n|\n|t:|1770046965\n|-terastallize|p2b: Brute Bonnet|Water\n|move|p1b: Hisuan Zoroark|Shadow Sneak|p1a: Calyrex\n|-supereffective|p1a: Calyrex\n|-crit|p1a: Calyrex\n|-damage|p1a: Calyrex|63/100\n|-enditem|p1a: Calyrex|Weakness Policy\n|-boost|p1a: Calyrex|atk|2|[from] item: Weakness Policy\n|-boost|p1a: Calyrex|spa|2|[from] item: Weakness Policy\n|move|p1a: Calyrex|Glacial Lance|p2a: Calyrex|[spread] p2a,p2b\n|-resisted|p2a: Calyrex\n|-resisted|p2b: Brute Bonnet\n|-damage|p2a: Calyrex|64/100\n|-damage|p2b: Brute Bonnet|41/100\n|move|p2a: Calyrex|Glacial Lance|p1a: Calyrex|[spread] p1a,p1b\n|-resisted|p1a: Calyrex\n|-supereffective|p1b: Hisuan Zoroark\n|-damage|p1a: Calyrex|47/100\n|-damage|p1b: Hisuan Zoroark|0 fnt\n|faint|p1b: Hisuan Zoroark\n|-ability|p2a: Calyrex|Chilling Neigh|boost\n|-boost|p2a: Calyrex|atk|1\n|move|p2b: Brute Bonnet|Spore|p1a: Calyrex\n|-status|p1a: Calyrex|slp|[from] move: Spore\n|\n|upkeep\n|\n|t:|1770046978\n|switch|p1b: Kyogre|Kyogre, L50|100/100\n|-weather|RainDance|[from] ability: Drizzle|[of] p1b: Kyogre\n|turn|4\n|\n|t:|1770046987\n|move|p1b: Kyogre|Water Spout|p2a: Calyrex|[spread] p2a,p2b\n|-resisted|p2b: Brute Bonnet\n|-damage|p2a: Calyrex|3/100\n|-damage|p2b: Brute Bonnet|0 fnt\n|faint|p2b: Brute Bonnet\n|-end|p2b: Brute Bonnet|Protosynthesis|[silent]\n|cant|p1a: Calyrex|slp\n|move|p2a: Calyrex|Glacial Lance|p1b: Kyogre|[spread] p1a,p1b\n|-resisted|p1a: Calyrex\n|-resisted|p1b: Kyogre\n|-damage|p1a: Calyrex|24/100 slp\n|-damage|p1b: Kyogre|59/100\n|\n|-weather|RainDance|[upkeep]\n|upkeep\n|\n|t:|1770047003\n|switch|p2b: Flutter Mane|Flutter Mane, L50|100/100\n|turn|5\n|\n|t:|1770047008\n|move|p2b: Flutter Mane|Protect|p2b: Flutter Mane\n|-singleturn|p2b: Flutter Mane|Protect\n|move|p1b: Kyogre|Water Spout|p2b: Flutter Mane|[spread] p2a\n|-activate|p2b: Flutter Mane|move: Protect\n|-damage|p2a: Calyrex|0 fnt\n|faint|p2a: Calyrex\n|cant|p1a: Calyrex|slp\n|\n|-weather|RainDance|[upkeep]\n|-fieldend|move: Trick Room\n|upkeep\n|\n|t:|1770047012\n|switch|p2a: Koraidon|Koraidon, L50|100/100\n|-weather|SunnyDay|[from] ability: Orichalcum Pulse|[of] p2a: Koraidon\n|-activate|p2b: Flutter Mane|ability: Protosynthesis\n|-start|p2b: Flutter Mane|protosynthesisspe\n|-activate|p2a: Koraidon|Orichalcum Pulse|[source]\n|turn|6\n|\n|t:|1770047019\n|move|p2b: Flutter Mane|Shadow Ball|p1b: Kyogre\n|-damage|p1b: Kyogre|29/100\n|move|p2a: Koraidon|Flame Charge|p1a: Calyrex\n|-supereffective|p1a: Calyrex\n|-damage|p1a: Calyrex|0 fnt\n|-boost|p2a: Koraidon|spe|1\n|faint|p1a: Calyrex\n|move|p1b: Kyogre|Origin Pulse|p2b: Flutter Mane|[spread] p2a,p2b\n|-resisted|p2a: Koraidon\n|-damage|p2a: Koraidon|93/100\n|-damage|p2b: Flutter Mane|73/100\n|\n|-weather|SunnyDay|[upkeep]\n|upkeep\n|turn|7\n|c|\u2606CHR1SPHX|gg\n|-message|afdragonite forfeited.\n|\n|win|CHR1SPHX\n|raw|afdragonite's rating: 1518 &rarr; <strong>1489</strong><br />(-29 for losing)\n|raw|CHR1SPHX's rating: 1356 &rarr; <strong>1385</strong><br />(+29 for winning)\n|l|\u2606afdragonite\n|player|p1|\n|l|\u2606CHR1SPHX\n|player|p2|\n","uploadtime":1770047253,"views":14,"formatid":"gen9vgc2026regi","rating":1385,"private":0,"password":null}