{"id":"gen9vgc2026regi-2560006854","format":"[Gen 9] VGC 2026 Reg I","players":["chumba03mmm","It'sJustKen VGC"],"log":"|j|\u2606chumba03mmm\n|j|\u2606It'sJustKen VGC\n|t:|1773634970\n|gametype|doubles\n|player|p1|chumba03mmm|yellow|\n|player|p2|It'sJustKen VGC|102|\n|gen|9\n|tier|[Gen 9] VGC 2026 Reg I\n|rated|Tournament battle\n|rule|Species Clause: Limit one of each Pok\u00e9mon\n|rule|Item Clause: Limit 1 of each item\n|raw|<div class=\"infobox\"><details class=\"readmore\" open><summary><strong>3 custom rules:</strong></summary> Open Team Sheets, Force Open Team Sheets, !Open Team Sheets</details></div>\n|clearpoke\n|poke|p1|Calyrex-Shadow, L50|\n|poke|p1|Koraidon, L50|\n|poke|p1|Brute Bonnet, L50|\n|poke|p1|Incineroar, L50, M|\n|poke|p1|Whimsicott, L50, M|\n|poke|p1|Iron Hands, L50|\n|poke|p2|Landorus, L50, M|\n|poke|p2|Amoonguss, L50, F|\n|poke|p2|Calyrex-Ice, L50|\n|poke|p2|Incineroar, L50, F|\n|poke|p2|Urshifu-*, L50, M|\n|poke|p2|Miraidon, L50|\n|teampreview|4\n|showteam|p1|Calyrex-Shadow||FocusSash|AsOneSpectrier|AstralBarrage,Disable,Psychic,Protect||||||50|,,,,,Ghost]Koraidon||LifeOrb|OrichalcumPulse|CloseCombat,FlameCharge,FlareBlitz,Protect||||||50|,,,,,Fire]Brute Bonnet||RockyHelmet|Protosynthesis|Spore,SuckerPunch,RagePowder,SeedBomb||||||50|,,,,,Water]Incineroar||SafetyGoggles|Intimidate|FlareBlitz,WillOWisp,PartingShot,FakeOut|||M|||50|,,,,,Ghost]Whimsicott||CovertCloak|Prankster|Tailwind,SunnyDay,Moonblast,Protect|||M|||50|,,,,,Dark]Iron Hands||AssaultVest|QuarkDrive|FakeOut,LowKick,HeavySlam,WildCharge||||||50|,,,,,Water\n|showteam|p2|Landorus||LifeOrb|SheerForce|Protect,EarthPower,SludgeBomb,SandsearStorm|||M|||50|,,,,,Ground]Amoonguss||SitrusBerry|Regenerator|Protect,PollenPuff,Spore,RagePowder|||F|||50|,,,,,Water]Calyrex-Ice||ClearAmulet|AsOneGlastrier|Protect,GlacialLance,HighHorsepower,TrickRoom||||||50|,,,,,Fire]Incineroar||AssaultVest|Intimidate|FakeOut,Uturn,KnockOff,FlareBlitz|||F|||50|,,,,,Grass]Urshifu-Rapid-Strike||FocusSash|UnseenFist|Detect,SurgingStrikes,CloseCombat,AquaJet|||M|||50|,,,,,Stellar]Miraidon||ChoiceScarf|HadronEngine|ElectroDrift,Snarl,VoltSwitch,DracoMeteor||||||50|,,,,,Electric\n|inactive|Battle timer is ON: inactive players will automatically lose when time's up. (requested by chumba03mmm)\n|inactive|It'sJustKen VGC also wants the timer to be on.\n|inactive|chumba03mmm has 60 seconds left.\n|\n|t:|1773635021\n|teamsize|p1|4\n|teamsize|p2|4\n|start\n|switch|p1a: Koraidon|Koraidon, L50|100/100\n|switch|p1b: Brute Bonnet|Brute Bonnet, L50|100/100\n|switch|p2a: Russel|Calyrex-Ice, L50|100/100\n|switch|p2b: Piastri|Amoonguss, L50, F|100/100\n|-ability|p2a: Russel|As One\n|-ability|p2a: Russel|Unnerve\n|-weather|SunnyDay|[from] ability: Orichalcum Pulse|[of] p1a: Koraidon\n|-activate|p1b: Brute Bonnet|ability: Protosynthesis\n|-start|p1b: Brute Bonnet|protosynthesisdef\n|-activate|p1a: Koraidon|Orichalcum Pulse|[source]\n|turn|1\n|\n|t:|1773635041\n|switch|p2b: Hamilton|Incineroar, L50, F|100/100\n|-ability|p2b: Hamilton|Intimidate|boost\n|-unboost|p1a: Koraidon|atk|1\n|-unboost|p1b: Brute Bonnet|atk|1\n|move|p2a: Russel|Protect|p2a: Russel\n|-singleturn|p2a: Russel|Protect\n|move|p1a: Koraidon|Flare Blitz|p2a: Russel\n|-activate|p2a: Russel|move: Protect\n|move|p1b: Brute Bonnet|Spore|p2b: Hamilton\n|-status|p2b: Hamilton|slp|[from] move: Spore\n|\n|-weather|SunnyDay|[upkeep]\n|upkeep\n|turn|2\n|j|@Radio Free C-Side\n|\n|t:|1773635056\n|switch|p1a: Iron Hands|Iron Hands, L50|100/100\n|-terastallize|p1b: Brute Bonnet|Water\n|-terastallize|p2a: Russel|Fire\n|cant|p2b: Hamilton|slp\n|move|p1b: Brute Bonnet|Spore|p2a: Russel\n|-status|p2a: Russel|slp|[from] move: Spore\n|cant|p2a: Russel|slp\n|\n|-weather|SunnyDay|[upkeep]\n|upkeep\n|turn|3\n|inactive|chumba03mmm has 30 seconds left.\n|\n|t:|1773635088\n|-end|p1b: Brute Bonnet|Protosynthesis|[silent]\n|switch|p1b: Koraidon|Koraidon, L50|100/100\n|-activate|p1b: Koraidon|ability: Orichalcum Pulse\n|switch|p2b: Piastri|Amoonguss, L50, F|100/100\n|move|p1a: Iron Hands|Low Kick|p2a: Russel\n|-damage|p2a: Russel|58/100 slp\n|cant|p2a: Russel|slp\n|\n|-weather|SunnyDay|[upkeep]\n|upkeep\n|turn|4\n|inactive|It'sJustKen VGC has 30 seconds left.\n|\n|t:|1773635118\n|switch|p2a: Leclerc|Landorus, L50, M|100/100\n|move|p2b: Piastri|Protect|p2b: Piastri\n|-singleturn|p2b: Piastri|Protect\n|move|p1b: Koraidon|Flare Blitz|p2b: Piastri\n|-activate|p2b: Piastri|move: Protect\n|move|p1a: Iron Hands|Wild Charge|p2a: Leclerc\n|-immune|p2a: Leclerc\n|\n|-weather|SunnyDay|[upkeep]\n|upkeep\n|turn|5\n|inactive|chumba03mmm has 30 seconds left.\n|\n|t:|1773635145\n|switch|p2b: Hamilton|Incineroar, L50, F|100/100 slp\n|-ability|p2b: Hamilton|Intimidate|boost\n|-unboost|p1a: Iron Hands|atk|1\n|-unboost|p1b: Koraidon|atk|1\n|move|p1b: Koraidon|Flare Blitz|p2b: Hamilton\n|-resisted|p2b: Hamilton\n|-damage|p2b: Hamilton|70/100 slp\n|-damage|p1b: Koraidon|89/100|[from] Recoil\n|-damage|p1b: Koraidon|79/100|[from] item: Life Orb\n|move|p2a: Leclerc|Sandsear Storm|p1b: Koraidon|[spread] p1a\n|-miss|p2a: Leclerc|p1b: Koraidon\n|-supereffective|p1a: Iron Hands\n|-damage|p1a: Iron Hands|26/100\n|move|p1a: Iron Hands|Heavy Slam|p2a: Leclerc\n|-damage|p2a: Leclerc|60/100\n|\n|-weather|none\n|upkeep\n|turn|6\n|\n|t:|1773635169\n|cant|p2b: Hamilton|slp\n|move|p1b: Koraidon|Flare Blitz|p2a: Leclerc\n|-damage|p2a: Leclerc|15/100\n|-damage|p1b: Koraidon|65/100|[from] Recoil\n|-damage|p1b: Koraidon|56/100|[from] item: Life Orb\n|move|p2a: Leclerc|Sandsear Storm|p1b: Koraidon|[spread] p1a,p1b\n|-supereffective|p1a: Iron Hands\n|-damage|p1a: Iron Hands|0 fnt\n|-damage|p1b: Koraidon|0 fnt\n|faint|p1a: Iron Hands\n|-end|p1a: Iron Hands|Quark Drive|[silent]\n|faint|p1b: Koraidon\n|\n|upkeep\n|\n|t:|1773635176\n|switch|p1b: Brute Bonnet|Brute Bonnet, L50, tera:Water|100/100\n|switch|p1a: Calyrex|Calyrex-Shadow, L50|100/100\n|-ability|p1a: Calyrex|As One\n|-ability|p1a: Calyrex|Unnerve\n|turn|7\n|\n|t:|1773635183\n|move|p1a: Calyrex|Protect|p1a: Calyrex\n|-singleturn|p1a: Calyrex|Protect\n|move|p2a: Leclerc|Protect|p2a: Leclerc\n|-singleturn|p2a: Leclerc|Protect\n|move|p1b: Brute Bonnet|Spore|p2b: Hamilton\n|-fail|p2b: Hamilton|slp\n|-curestatus|p2b: Hamilton|slp|[msg]\n|move|p2b: Hamilton|U-turn|p1a: Calyrex\n|-activate|p1a: Calyrex|move: Protect\n|\n|upkeep\n|turn|8\n|\n|t:|1773635194\n|switch|p2a: Piastri|Amoonguss, L50, F|100/100\n|move|p1a: Calyrex|Astral Barrage|p2b: Hamilton|[spread] p2a,p2b\n|-resisted|p2b: Hamilton\n|-damage|p2a: Piastri|52/100\n|-damage|p2b: Hamilton|52/100\n|move|p1b: Brute Bonnet|Spore|p2b: Hamilton\n|-status|p2b: Hamilton|slp|[from] move: Spore\n|cant|p2b: Hamilton|slp\n|\n|upkeep\n|turn|9\n|\n|t:|1773635213\n|move|p2a: Piastri|Protect|p2a: Piastri\n|-singleturn|p2a: Piastri|Protect\n|move|p1a: Calyrex|Astral Barrage|p2b: Hamilton|[spread] p2b\n|-activate|p2a: Piastri|move: Protect\n|-resisted|p2b: Hamilton\n|-damage|p2b: Hamilton|35/100 slp\n|move|p1b: Brute Bonnet|Seed Bomb|p2a: Piastri\n|-activate|p2a: Piastri|move: Protect\n|cant|p2b: Hamilton|slp\n|\n|upkeep\n|turn|10\n|j| missouri mott\n|\n|t:|1773635233\n|move|p1b: Brute Bonnet|Rage Powder|p1b: Brute Bonnet\n|-singleturn|p1b: Brute Bonnet|move: Rage Powder\n|move|p1a: Calyrex|Psychic|p2a: Piastri\n|-supereffective|p2a: Piastri\n|-crit|p2a: Piastri\n|-damage|p2a: Piastri|0 fnt\n|faint|p2a: Piastri\n|-ability|p1a: Calyrex|Grim Neigh|boost\n|-boost|p1a: Calyrex|spa|1\n|cant|p2b: Hamilton|slp\n|\n|upkeep\n|c|\u2606It'sJustKen VGC|sigh\n|\n|t:|1773635240\n|switch|p2a: Russel|Calyrex-Ice, L50, tera:Fire|58/100 slp\n|-ability|p2a: Russel|As One\n|-ability|p2a: Russel|Unnerve\n|turn|11\n|c|\u2606chumba03mmm|it happens\n|c|\u2606chumba03mmm|just happened to me while draft league prepping\n|inactive|chumba03mmm has 30 seconds left.\n|inactive|chumba03mmm has 20 seconds left.\n|inactive|chumba03mmm has 15 seconds left.\n|\n|t:|1773635281\n|move|p1a: Calyrex|Astral Barrage|p2a: Russel|[spread] p2a,p2b\n|-resisted|p2b: Hamilton\n|-damage|p2a: Russel|6/100 slp\n|-damage|p2b: Hamilton|6/100 slp\n|move|p1b: Brute Bonnet|Spore|p2b: Hamilton\n|-fail|p2b: Hamilton|slp\n|-curestatus|p2b: Hamilton|slp|[msg]\n|move|p2b: Hamilton|U-turn|p1a: Calyrex\n|-damage|p1a: Calyrex|74/100\n|\n|t:|1773635306\n|switch|p2b: Leclerc|Landorus, L50, M|15/100|[from] U-turn\n|cant|p2a: Russel|slp\n|\n|upkeep\n|turn|12\n|c|\u2606It'sJustKen VGC|gg wp\n|c|\u2606chumba03mmm|ggwp\n|\n|t:|1773635321\n|move|p1a: Calyrex|Astral Barrage|p2a: Russel|[spread] p2a,p2b\n|-damage|p2a: Russel|0 fnt\n|-damage|p2b: Leclerc|0 fnt\n|faint|p2a: Russel\n|faint|p2b: Leclerc\n|-ability|p1a: Calyrex|Grim Neigh|boost\n|-boost|p1a: Calyrex|spa|2\n|move|p1b: Brute Bonnet|Seed Bomb|p2: Russel|[notarget]\n|-fail|p1b: Brute Bonnet\n|\n|upkeep\n|\n|t:|1773635327\n|switch|p2a: Hamilton|Incineroar, L50, F|6/100\n|-ability|p2a: Hamilton|Intimidate|boost\n|-unboost|p1a: Calyrex|atk|1\n|-unboost|p1b: Brute Bonnet|atk|1\n|turn|13\n|c|\u2606chumba03mmm|you outplayed me. just rng\n|\n|t:|1773635335\n|move|p1a: Calyrex|Protect|p1a: Calyrex\n|-singleturn|p1a: Calyrex|Protect\n|move|p2a: Hamilton|Fake Out|p2: Leclerc|[notarget]\n|-fail|p2a: Hamilton\n|move|p1b: Brute Bonnet|Spore|p2a: Hamilton\n|-status|p2a: Hamilton|slp|[from] move: Spore\n|\n|upkeep\n|turn|14\n|c|\u2606It'sJustKen VGC|ah well\n|c|\u2606It'sJustKen VGC|its fine\n|c|\u2606chumba03mmm|one more for the road\n|\n|t:|1773635347\n|move|p1b: Brute Bonnet|Sucker Punch|p2a: Hamilton\n|-resisted|p2a: Hamilton\n|-damage|p2a: Hamilton|0 fnt\n|faint|p2a: Hamilton\n|\n|win|chumba03mmm\n|n|\u2606chumba03mmm|chumba03mmm\n|n|\u2606It'sJustKen VGC|itsjustkenvgc\n|n|+Radio Free C-Side|radiofreecside\n|n| missouri mott|missourimott\n","uploadtime":1773635365,"views":10,"formatid":"gen9vgc2026regi","rating":null,"private":0,"password":null}