{"id":"gen9vgc2026regi-2568592440","format":"[Gen 9] VGC 2026 Reg I","players":["netbeanswag","g0dGun"],"log":"|j|\u2606netbeanswag\n|j|\u2606g0dGun\n|t:|1774601761\n|gametype|doubles\n|player|p1|netbeanswag|clerkf|1409\n|player|p2|g0dGun|blue|1566\n|gen|9\n|tier|[Gen 9] VGC 2026 Reg I\n|rated|\n|rule|Species Clause: Limit one of each Pok\u00e9mon\n|rule|Item Clause: Limit 1 of each item\n|clearpoke\n|poke|p1|Eternatus, L50|\n|poke|p1|Ting-Lu, L50|\n|poke|p1|Terapagos, L50, M|\n|poke|p1|Incineroar, L50, M|\n|poke|p1|Ninetales-Alola, L50, M|\n|poke|p1|Tornadus, L50, M|\n|poke|p2|Hitmontop, L50, M|\n|poke|p2|Terapagos, L50, M|\n|poke|p2|Calyrex-Shadow, L50|\n|poke|p2|Ogerpon-Cornerstone, L50, F|\n|poke|p2|Whimsicott, L50, F|\n|poke|p2|Indeedee-F, L50, F|\n|teampreview|4\n|inactive|Battle timer is ON: inactive players will automatically lose when time's up. (requested by netbeanswag)\n|inactive|g0dGun also wants the timer to be on.\n|\n|t:|1774601780\n|teamsize|p1|4\n|teamsize|p2|4\n|start\n|switch|p1a: Eternatus|Eternatus, L50|100/100\n|switch|p1b: Ninetales|Ninetales-Alola, L50, M|100/100\n|switch|p2a: Hitmontop|Hitmontop, L50, M|100/100\n|switch|p2b: Terapagos|Terapagos, L50, M|100/100\n|-activate|p2b: Terapagos|ability: Tera Shift\n|detailschange|p2b: Terapagos|Terapagos-Terastal, L50, M\n|-heal|p2b: Terapagos|100/100|[silent]\n|-weather|Snowscape|[from] ability: Snow Warning|[of] p1b: Ninetales\n|-ability|p1a: Eternatus|Pressure\n|-ability|p2a: Hitmontop|Intimidate|boost\n|-unboost|p1a: Eternatus|atk|1\n|-unboost|p1b: Ninetales|atk|1\n|turn|1\n|\n|t:|1774601800\n|switch|p1a: Ting-Lu|Ting-Lu, L50|100/100\n|-ability|p1a: Ting-Lu|Vessel of Ruin\n|move|p1b: Ninetales|Protect|p1b: Ninetales\n|-singleturn|p1b: Ninetales|Protect\n|move|p2a: Hitmontop|Fake Out|p1b: Ninetales\n|-activate|p1b: Ninetales|move: Protect\n|move|p2b: Terapagos|Rock Polish|p2b: Terapagos\n|-boost|p2b: Terapagos|spe|2\n|\n|-weather|Snowscape|[upkeep]\n|upkeep\n|turn|2\n|\n|t:|1774601821\n|-terastallize|p2b: Terapagos|Stellar\n|detailschange|p2b: Terapagos|Terapagos-Stellar, L50, M, tera:Stellar\n|-heal|p2b: Terapagos|100/100|[silent]\n|-ability|p2b: Terapagos|Teraform Zero\n|-weather|none\n|move|p2a: Hitmontop|Vacuum Wave|p2b: Terapagos\n|-supereffective|p2b: Terapagos\n|-damage|p2b: Terapagos|96/100\n|-enditem|p2b: Terapagos|Weakness Policy\n|-boost|p2b: Terapagos|atk|2|[from] item: Weakness Policy\n|-boost|p2b: Terapagos|spa|2|[from] item: Weakness Policy\n|move|p2b: Terapagos|Tera Starstorm|p1b: Ninetales|[spread] p1a,p1b\n|-damage|p1a: Ting-Lu|57/100\n|-damage|p1b: Ninetales|36/100\n|move|p1b: Ninetales|Aurora Veil||[still]\n|-fail|p1b: Ninetales\n|move|p1a: Ting-Lu|Snarl|p2a: Hitmontop|[spread] p2b\n|-miss|p1a: Ting-Lu|p2a: Hitmontop\n|-damage|p2b: Terapagos|91/100\n|-unboost|p2b: Terapagos|spa|1\n|\n|upkeep\n|turn|3\n|\n|t:|1774601844\n|switch|p1b: Eternatus|Eternatus, L50|100/100\n|-ability|p1b: Eternatus|Pressure\n|move|p2a: Hitmontop|Wide Guard|p2a: Hitmontop\n|-singleturn|p2a: Hitmontop|Wide Guard\n|move|p2b: Terapagos|Tera Starstorm|p1b: Eternatus|[spread] p1a,p1b\n|-crit|p1b: Eternatus\n|-damage|p1a: Ting-Lu|23/100\n|-damage|p1b: Eternatus|53/100\n|-enditem|p1a: Ting-Lu|Sitrus Berry|[eat]\n|-heal|p1a: Ting-Lu|47/100|[from] item: Sitrus Berry\n|move|p1a: Ting-Lu|Snarl|p2b: Terapagos|[spread] \n|-activate|p2a: Hitmontop|move: Wide Guard\n|-activate|p2b: Terapagos|move: Wide Guard\n|\n|-heal|p1b: Eternatus|59/100|[from] item: Leftovers\n|upkeep\n|turn|4\n|\n|t:|1774601866\n|move|p2a: Hitmontop|Wide Guard|p2a: Hitmontop\n|-singleturn|p2a: Hitmontop|Wide Guard\n|move|p2b: Terapagos|Tera Starstorm|p1b: Eternatus|[spread] p1a,p1b\n|-damage|p1a: Ting-Lu|17/100\n|-damage|p1b: Eternatus|30/100\n|move|p1b: Eternatus|Recover|p1b: Eternatus\n|-heal|p1b: Eternatus|81/100\n|move|p1a: Ting-Lu|Stealth Rock|p2b: Terapagos\n|-sidestart|p2: g0dGun|move: Stealth Rock\n|\n|-heal|p1b: Eternatus|87/100|[from] item: Leftovers\n|upkeep\n|turn|5\n|\n|t:|1774601888\n|switch|p2a: Whimsicott|Whimsicott, L50, F|100/100\n|-damage|p2a: Whimsicott|89/100|[from] Stealth Rock\n|move|p2b: Terapagos|Tera Starstorm|p1a: Ting-Lu|[spread] p1a,p1b\n|-damage|p1a: Ting-Lu|0 fnt\n|-damage|p1b: Eternatus|58/100\n|faint|p1a: Ting-Lu\n|move|p1b: Eternatus|Cosmic Power|p1b: Eternatus\n|-boost|p1b: Eternatus|def|1\n|-boost|p1b: Eternatus|spd|1\n|\n|-heal|p1b: Eternatus|64/100|[from] item: Leftovers\n|upkeep\n|\n|t:|1774601896\n|switch|p1a: Ninetales|Ninetales-Alola, L50, M|36/100\n|-weather|Snowscape|[from] ability: Snow Warning|[of] p1a: Ninetales\n|turn|6\n|\n|t:|1774601908\n|move|p1a: Ninetales|Protect|p1a: Ninetales\n|-singleturn|p1a: Ninetales|Protect\n|move|p2a: Whimsicott|Encore|p1b: Eternatus\n|-start|p1b: Eternatus|Encore\n|move|p2b: Terapagos|Tera Starstorm|p1b: Eternatus|[spread] p1b\n|-activate|p1a: Ninetales|move: Protect\n|-damage|p1b: Eternatus|35/100\n|move|p1b: Eternatus|Cosmic Power|p1b: Eternatus\n|-boost|p1b: Eternatus|def|1\n|-boost|p1b: Eternatus|spd|1\n|\n|-weather|Snowscape|[upkeep]\n|-heal|p1b: Eternatus|41/100|[from] item: Leftovers\n|upkeep\n|turn|7\n|\n|t:|1774601931\n|-terastallize|p1a: Ninetales|Dark\n|move|p2b: Terapagos|Earth Power|p1a: Ninetales\n|-damage|p1a: Ninetales|0 fnt\n|faint|p1a: Ninetales\n|move|p2a: Whimsicott|Moonblast|p1b: Eternatus\n|-damage|p1b: Eternatus|32/100\n|-unboost|p1b: Eternatus|spa|1\n|move|p1b: Eternatus|Cosmic Power|p1b: Eternatus\n|-boost|p1b: Eternatus|def|1\n|-boost|p1b: Eternatus|spd|1\n|\n|-weather|Snowscape|[upkeep]\n|-heal|p1b: Eternatus|39/100|[from] item: Leftovers\n|upkeep\n|\n|t:|1774601936\n|switch|p1a: Terapagos|Terapagos, L50, M|100/100\n|-activate|p1a: Terapagos|ability: Tera Shift\n|detailschange|p1a: Terapagos|Terapagos-Terastal, L50, M\n|-heal|p1a: Terapagos|100/100|[silent]\n|turn|8\n|\n|t:|1774601954\n|move|p2b: Terapagos|Earth Power|p1b: Eternatus\n|-supereffective|p1b: Eternatus\n|-damage|p1b: Eternatus|4/100\n|move|p2a: Whimsicott|Moonblast|p1b: Eternatus\n|-damage|p1b: Eternatus|0 fnt\n|faint|p1b: Eternatus\n|move|p1a: Terapagos|Tera Starstorm|p2a: Whimsicott\n|-damage|p2a: Whimsicott|0 fnt\n|faint|p2a: Whimsicott\n|\n|-weather|Snowscape|[upkeep]\n|upkeep\n|\n|t:|1774601967\n|switch|p2a: Hitmontop|Hitmontop, L50, M|100/100\n|-damage|p2a: Hitmontop|95/100|[from] Stealth Rock\n|-ability|p2a: Hitmontop|Intimidate|boost\n|-unboost|p1a: Terapagos|atk|1\n|turn|9\n|\n|t:|1774601975\n|move|p2a: Hitmontop|Fake Out|p1a: Terapagos\n|-activate|p1a: Terapagos|ability: Tera Shell\n|-resisted|p1a: Terapagos\n|-damage|p1a: Terapagos|96/100\n|move|p2b: Terapagos|Earth Power|p1a: Terapagos\n|-damage|p1a: Terapagos|31/100\n|cant|p1a: Terapagos|flinch\n|\n|-weather|Snowscape|[upkeep]\n|upkeep\n|turn|10\n|-message|netbeanswag forfeited.\n|\n|win|g0dGun\n|raw|netbeanswag's rating: 1409 &rarr; <strong>1397</strong><br />(-12 for losing)\n|raw|g0dGun's rating: 1566 &rarr; <strong>1578</strong><br />(+12 for winning)\n|l|\u2606netbeanswag\n|player|p1|\n","uploadtime":1774601993,"views":18,"formatid":"gen9vgc2026regi","rating":1397,"private":0,"password":null}