{"id":"gen9vgc2026regi-2570795676","format":"[Gen 9] VGC 2026 Reg I","players":["nerd159","Kwiper"],"log":"|j|\u2606nerd159\n|j|\u2606Kwiper\n|t:|1774849991\n|gametype|doubles\n|player|p1|nerd159|266|1666\n|player|p2|Kwiper|sycamore|1632\n|gen|9\n|tier|[Gen 9] VGC 2026 Reg I\n|rated|\n|rule|Species Clause: Limit one of each Pok\u00e9mon\n|rule|Item Clause: Limit 1 of each item\n|clearpoke\n|poke|p1|Zamazenta-*, L50|\n|poke|p1|Calyrex-Shadow, L50|\n|poke|p1|Excadrill, L50, F|\n|poke|p1|Tyranitar, L50, M|\n|poke|p1|Ogerpon-Wellspring, L50, F|\n|poke|p1|Farigiraf, L50, F|\n|poke|p2|Koraidon, L50|\n|poke|p2|Lunala, L50|\n|poke|p2|Indeedee-F, L50, F|\n|poke|p2|Flutter Mane, L50|\n|poke|p2|Volcarona, L50, M|\n|poke|p2|Ursaluna, L50, M|\n|teampreview|4\n|inactive|Battle timer is ON: inactive players will automatically lose when time's up. (requested by Kwiper)\n|\n|t:|1774850013\n|teamsize|p1|4\n|teamsize|p2|4\n|start\n|switch|p1a: Calyrex|Calyrex-Shadow, L50|100/100\n|switch|p1b: Zamazenta|Zamazenta-Crowned, L50|100/100\n|switch|p2a: Lunala|Lunala, L50, shiny|100/100\n|switch|p2b: Indeedee|Indeedee-F, L50, F|100/100\n|-ability|p1a: Calyrex|As One\n|-ability|p1a: Calyrex|Unnerve\n|-ability|p1b: Zamazenta|Dauntless Shield|boost\n|-boost|p1b: Zamazenta|def|1\n|-fieldstart|move: Psychic Terrain|[from] ability: Psychic Surge|[of] p2b: Indeedee\n|turn|1\n|\n|t:|1774850020\n|switch|p1a: Tyranitar|Tyranitar, L50, M|100/100\n|-weather|Sandstorm|[from] ability: Sand Stream|[of] p1a: Tyranitar\n|move|p1b: Zamazenta|Heavy Slam|p2a: Lunala\n|-damage|p2a: Lunala|79/100\n|move|p2a: Lunala|Moongeist Beam|p1a: Tyranitar\n|-resisted|p1a: Tyranitar\n|-damage|p1a: Tyranitar|90/100\n|move|p2b: Indeedee|Alluring Voice|p1b: Zamazenta\n|-damage|p1b: Zamazenta|87/100\n|-start|p1b: Zamazenta|confusion\n|\n|-weather|Sandstorm|[upkeep]\n|-damage|p2a: Lunala|73/100|[from] Sandstorm\n|upkeep\n|turn|2\n|\n|t:|1774850036\n|-terastallize|p2a: Lunala|Water\n|-activate|p1b: Zamazenta|confusion\n|-damage|p1b: Zamazenta|82/100|[from] confusion\n|move|p2a: Lunala|Expanding Force|p1a: Tyranitar|[spread] p1b\n|-immune|p1a: Tyranitar\n|-damage|p1b: Zamazenta|27/100\n|move|p2b: Indeedee|Alluring Voice|p1a: Tyranitar\n|-supereffective|p1a: Tyranitar\n|-damage|p1a: Tyranitar|78/100\n|move|p1a: Tyranitar|Rock Slide|p2a: Lunala|[spread] p2a,p2b\n|-damage|p2a: Lunala|50/100\n|-damage|p2b: Indeedee|73/100\n|\n|-weather|Sandstorm|[upkeep]\n|-damage|p2a: Lunala|44/100|[from] Sandstorm\n|upkeep\n|turn|3\n|\n|t:|1774850051\n|switch|p2b: Volcarona|Volcarona, L50, M|100/100\n|move|p2a: Lunala|Wide Guard|p2a: Lunala\n|-singleturn|p2a: Lunala|Wide Guard\n|-activate|p1b: Zamazenta|confusion\n|move|p1b: Zamazenta|Body Press|p2a: Lunala\n|-damage|p2a: Lunala|0 fnt\n|faint|p2a: Lunala\n|move|p1a: Tyranitar|Rock Slide|p2b: Volcarona\n|-activate|p2b: Volcarona|move: Wide Guard\n|\n|-weather|Sandstorm|[upkeep]\n|-damage|p2b: Volcarona|94/100|[from] Sandstorm\n|upkeep\n|\n|t:|1774850054\n|switch|p2a: Koraidon|Koraidon, L50, shiny|100/100\n|-weather|SunnyDay|[from] ability: Orichalcum Pulse|[of] p2a: Koraidon\n|-activate|p2a: Koraidon|Orichalcum Pulse|[source]\n|turn|4\n|\n|t:|1774850070\n|switch|p1a: Calyrex|Calyrex-Shadow, L50|100/100\n|-ability|p1a: Calyrex|As One\n|-ability|p1a: Calyrex|Unnerve\n|move|p2a: Koraidon|Flare Blitz|p1a: Calyrex\n|-damage|p1a: Calyrex|0 fnt\n|faint|p1a: Calyrex\n|-damage|p2a: Koraidon|67/100|[from] Recoil\n|-damage|p2a: Koraidon|58/100|[from] item: Life Orb\n|-activate|p1b: Zamazenta|confusion\n|move|p1b: Zamazenta|Body Press|p2a: Koraidon\n|-damage|p2a: Koraidon|0 fnt\n|faint|p2a: Koraidon\n|move|p2b: Volcarona|Tailwind|p2b: Volcarona\n|-sidestart|p2: Kwiper|move: Tailwind\n|\n|-weather|SunnyDay|[upkeep]\n|upkeep\n|\n|t:|1774850077\n|switch|p1a: Tyranitar|Tyranitar, L50, M|78/100\n|switch|p2a: Indeedee|Indeedee-F, L50, F|73/100\n|-weather|Sandstorm|[from] ability: Sand Stream|[of] p1a: Tyranitar\n|turn|5\n|-message|Kwiper forfeited.\n|\n|win|nerd159\n|raw|nerd159's rating: 1666 &rarr; <strong>1684</strong><br />(+18 for winning)\n|raw|Kwiper's rating: 1632 &rarr; <strong>1614</strong><br />(-18 for losing)\n","uploadtime":1774850084,"views":26,"formatid":"gen9vgc2026regi","rating":1614,"private":0,"password":null}