{"id":"gen9vgc2026regi-2571552842","format":"[Gen 9] VGC 2026 Reg I","players":["HEDGEHOGMEOW","Bman311"],"log":"|j|\u2606HEDGEHOGMEOW\n|j|\u2606Bman311\n|t:|1774932128\n|gametype|doubles\n|player|p1|HEDGEHOGMEOW|1|1192\n|player|p2|Bman311|266|1311\n|gen|9\n|tier|[Gen 9] VGC 2026 Reg I\n|rated|\n|rule|Species Clause: Limit one of each Pok\u00e9mon\n|rule|Item Clause: Limit 1 of each item\n|clearpoke\n|poke|p1|Brute Bonnet, L50|\n|poke|p1|Lunala, L50|\n|poke|p1|Ursaluna, L50, M|\n|poke|p1|Chi-Yu, L50|\n|poke|p1|Koraidon, L50|\n|poke|p1|Flutter Mane, L50|\n|poke|p2|Kyogre, L50|\n|poke|p2|Zacian-*, L50|\n|poke|p2|Tornadus, L50, M|\n|poke|p2|Amoonguss, L50, F|\n|poke|p2|Chien-Pao, L50|\n|poke|p2|Urshifu-*, L50, M|\n|teampreview|4\n|inactive|Battle timer is ON: inactive players will automatically lose when time's up. (requested by Bman311)\nBman311 has agreed to open team sheets.\n|inactive|HEDGEHOGMEOW has 60 seconds left.\n|\n|t:|1774932163\n|teamsize|p1|4\n|teamsize|p2|4\n|start\n|switch|p1a: Lunala|Lunala, L50|100/100\n|switch|p1b: Brute Bonnet|Brute Bonnet, L50|100/100\n|switch|p2a: Tornadus|Tornadus, L50, M|100/100\n|switch|p2b: Urshifu|Urshifu-Rapid-Strike, L50, M|100/100\n|turn|1\n|inactive|HEDGEHOGMEOW has 30 seconds left.\n|\n|t:|1774932191\n|-terastallize|p1a: Lunala|Water\n|move|p2a: Tornadus|Taunt|p1a: Lunala\n|-start|p1a: Lunala|move: Taunt\n|move|p2b: Urshifu|U-turn|p1b: Brute Bonnet\n|-supereffective|p1b: Brute Bonnet\n|-damage|p1b: Brute Bonnet|32/100\n|-enditem|p1b: Brute Bonnet|Sitrus Berry|[eat]\n|-heal|p1b: Brute Bonnet|57/100|[from] item: Sitrus Berry\n|\n|t:|1774932196\n|switch|p2b: Amoonguss|Amoonguss, L50, F|100/100|[from] U-turn\n|move|p1a: Lunala|Meteor Beam||[still]\n|-prepare|p1a: Lunala|Meteor Beam\n|-boost|p1a: Lunala|spa|1\n|-enditem|p1a: Lunala|Power Herb\n|-anim|p1a: Lunala|Meteor Beam|p2a: Tornadus\n|-supereffective|p2a: Tornadus\n|-damage|p2a: Tornadus|0 fnt\n|faint|p2a: Tornadus\n|move|p1b: Brute Bonnet|Spore|p2b: Amoonguss\n|-immune|p2b: Amoonguss\n|\n|upkeep\n|\n|t:|1774932202\n|switch|p2a: Urshifu|Urshifu-Rapid-Strike, L50, M|100/100\n|turn|2\n|inactive|HEDGEHOGMEOW has 30 seconds left.\n|inactive|HEDGEHOGMEOW has 20 seconds left.\n|inactive|HEDGEHOGMEOW has 15 seconds left.\n|inactive|HEDGEHOGMEOW has 10 seconds left.\n|\n|t:|1774932248\n|move|p2a: Urshifu|U-turn|p1b: Brute Bonnet\n|-supereffective|p1b: Brute Bonnet\n|-damage|p1b: Brute Bonnet|0 fnt\n|faint|p1b: Brute Bonnet\n|-end|p1b: Brute Bonnet|Protosynthesis|[silent]\n|\n|t:|1774932252\n|switch|p2a: Zacian|Zacian-Crowned, L50|100/100|[from] U-turn\n|-ability|p2a: Zacian|Intrepid Sword|boost\n|-boost|p2a: Zacian|atk|1\n|move|p1a: Lunala|Moongeist Beam|p2b: Amoonguss\n|-damage|p2b: Amoonguss|37/100\n|move|p2b: Amoonguss|Spore|p1a: Lunala\n|-status|p1a: Lunala|slp|[from] move: Spore\n|\n|upkeep\n|\n|t:|1774932268\n|switch|p1b: Ursaluna|Ursaluna, L50, M|100/100\n|turn|3\n|\n|t:|1774932283\n|switch|p2b: Urshifu|Urshifu-Rapid-Strike, L50, M|100/100\n|-terastallize|p2a: Zacian|Dragon\n|move|p1b: Ursaluna|Protect|p1b: Ursaluna\n|-singleturn|p1b: Ursaluna|Protect\n|move|p2a: Zacian|Play Rough|p1a: Lunala\n|-damage|p1a: Lunala|68/100 slp\n|cant|p1a: Lunala|slp\n|\n|-end|p1a: Lunala|move: Taunt\n|-status|p1b: Ursaluna|brn|[from] item: Flame Orb\n|upkeep\n|turn|4\n|inactive|HEDGEHOGMEOW has 30 seconds left.\n|\n|t:|1774932314\n|switch|p1b: Koraidon|Koraidon, L50|100/100\n|-weather|SunnyDay|[from] ability: Orichalcum Pulse|[of] p1b: Koraidon\n|-activate|p1b: Koraidon|Orichalcum Pulse|[source]\n|move|p2b: Urshifu|Close Combat|p1b: Koraidon\n|-damage|p1b: Koraidon|39/100\n|-unboost|p2b: Urshifu|def|1\n|-unboost|p2b: Urshifu|spd|1\n|move|p2a: Zacian|Play Rough|p1a: Lunala\n|-damage|p1a: Lunala|3/100 slp\n|cant|p1a: Lunala|slp\n|\n|-weather|SunnyDay|[upkeep]\n|upkeep\n|turn|5\n|inactive|HEDGEHOGMEOW has 30 seconds left.\n|-message|HEDGEHOGMEOW forfeited.\n|\n|win|Bman311\n|raw|HEDGEHOGMEOW's rating: 1192 &rarr; <strong>1175</strong><br />(-17 for losing)\n|raw|Bman311's rating: 1311 &rarr; <strong>1324</strong><br />(+13 for winning)\n|l|\u2606HEDGEHOGMEOW\n|player|p1|\n","uploadtime":1774932351,"views":12,"formatid":"gen9vgc2026regi","rating":1175,"private":0,"password":null}