{"id":"gen9vgc2026regi-2560023816","format":"[Gen 9] VGC 2026 Reg I","players":["It'sJustKen VGC","TheManOfSausage"],"log":"|j|\u2606It'sJustKen VGC\n|j|\u2606TheManOfSausage\n|t:|1773637739\n|gametype|doubles\n|player|p1|It'sJustKen VGC|102|1420\n|player|p2|TheManOfSausage|miku-water|1374\n|gen|9\n|tier|[Gen 9] VGC 2026 Reg I\n|rated|\n|rule|Species Clause: Limit one of each Pok\u00e9mon\n|rule|Item Clause: Limit 1 of each item\n|clearpoke\n|poke|p1|Landorus, L50, M|\n|poke|p1|Amoonguss, L50, M|\n|poke|p1|Calyrex-Ice, L50|\n|poke|p1|Incineroar, L50, F|\n|poke|p1|Urshifu-*, L50, M|\n|poke|p1|Miraidon, L50|\n|poke|p2|Calyrex-Shadow, L50|\n|poke|p2|Zamazenta-*, L50|\n|poke|p2|Rillaboom, L50, M|\n|poke|p2|Smeargle, L50, M|\n|poke|p2|Urshifu-*, L50, M|\n|poke|p2|Tornadus, L50, M|\n|teampreview|4\n|inactive|Battle timer is ON: inactive players will automatically lose when time's up. (requested by It'sJustKen VGC)\nTheManOfSausage has agreed to open team sheets.\n|\n|t:|1773637756\n|teamsize|p1|4\n|teamsize|p2|4\n|start\n|switch|p1a: Antonelli|Miraidon, L50|100/100\n|switch|p1b: Russel|Calyrex-Ice, L50|100/100\n|switch|p2a: Smeargle|Smeargle, L50, M|100/100\n|switch|p2b: Rice Shower|Calyrex-Shadow, L50|100/100\n|-ability|p2b: Rice Shower|As One\n|-ability|p2b: Rice Shower|Unnerve\n|-ability|p1b: Russel|As One\n|-ability|p1b: Russel|Unnerve\n|-fieldstart|move: Electric Terrain|[from] ability: Hadron Engine|[of] p1a: Antonelli\n|turn|1\n|\n|t:|1773637765\n|switch|p2b: Rillaboom|Rillaboom, L50, M|100/100\n|-fieldstart|move: Grassy Terrain|[from] ability: Grassy Surge|[of] p2b: Rillaboom\n|-terastallize|p1b: Russel|Fire\n|move|p1a: Antonelli|Snarl|p2a: Smeargle|[spread] p2a,p2b\n|-damage|p2a: Smeargle|59/100\n|-damage|p2b: Rillaboom|90/100\n|-unboost|p2a: Smeargle|spa|1\n|-unboost|p2b: Rillaboom|spa|1\n|move|p2a: Smeargle|Spore|p1b: Russel\n|-status|p1b: Russel|slp|[from] move: Spore\n|cant|p1b: Russel|slp\n|\n|-heal|p2a: Smeargle|65/100|[from] Grassy Terrain\n|-heal|p2b: Rillaboom|96/100|[from] Grassy Terrain\n|-ability|p2a: Smeargle|Moody|boost\n|-boost|p2a: Smeargle|def|2\n|-unboost|p2a: Smeargle|spd|1\n|upkeep\n|turn|2\n|\n|t:|1773637774\n|move|p1a: Antonelli|Snarl|p2a: Smeargle|[spread] p2a,p2b\n|-damage|p2a: Smeargle|7/100\n|-damage|p2b: Rillaboom|87/100\n|-unboost|p2a: Smeargle|spa|1\n|-unboost|p2b: Rillaboom|spa|1\n|move|p2a: Smeargle|Spore|p1a: Antonelli\n|-status|p1a: Antonelli|slp|[from] move: Spore\n|move|p2b: Rillaboom|U-turn|p1a: Antonelli\n|-damage|p1a: Antonelli|81/100 slp\n|\n|t:|1773637777\n|switch|p2b: Rice Shower|Calyrex-Shadow, L50|100/100|[from] U-turn\n|-ability|p2b: Rice Shower|As One\n|-ability|p2b: Rice Shower|Unnerve\n|-curestatus|p1b: Russel|slp|[msg]\n|move|p1b: Russel|Trick Room|p1b: Russel\n|-fieldstart|move: Trick Room|[of] p1b: Russel\n|\n|-heal|p2a: Smeargle|13/100|[from] Grassy Terrain\n|-heal|p1a: Antonelli|87/100 slp|[from] Grassy Terrain\n|-ability|p2a: Smeargle|Moody|boost\n|-boost|p2a: Smeargle|spa|2\n|-unboost|p2a: Smeargle|spd|1\n|upkeep\n|turn|3\n|\n|t:|1773637786\n|switch|p2a: Zamazenta|Zamazenta-Crowned, L50|100/100\n|-ability|p2a: Zamazenta|Dauntless Shield|boost\n|-boost|p2a: Zamazenta|def|1\n|move|p1b: Russel|Glacial Lance|p2a: Zamazenta|[spread] p2a,p2b\n|-resisted|p2a: Zamazenta\n|-damage|p2a: Zamazenta|89/100\n|-damage|p2b: Rice Shower|27/100\n|move|p2b: Rice Shower|Nasty Plot|p2b: Rice Shower\n|-boost|p2b: Rice Shower|spa|2\n|cant|p1a: Antonelli|slp\n|\n|-heal|p2a: Zamazenta|95/100|[from] Grassy Terrain\n|-heal|p2b: Rice Shower|33/100|[from] Grassy Terrain\n|-heal|p1a: Antonelli|93/100 slp|[from] Grassy Terrain\n|upkeep\n|turn|4\n|\n|t:|1773637803\n|switch|p1a: Piastri|Amoonguss, L50, M|100/100\n|move|p2b: Rice Shower|Protect|p2b: Rice Shower\n|-singleturn|p2b: Rice Shower|Protect\n|move|p1b: Russel|High Horsepower|p2b: Rice Shower\n|-activate|p2b: Rice Shower|move: Protect\n|move|p2a: Zamazenta|Body Press|p1a: Piastri\n|-resisted|p1a: Piastri\n|-damage|p1a: Piastri|71/100\n|\n|-heal|p1a: Piastri|77/100|[from] Grassy Terrain\n|-heal|p2a: Zamazenta|100/100|[from] Grassy Terrain\n|-heal|p2b: Rice Shower|40/100|[from] Grassy Terrain\n|upkeep\n|turn|5\n|\n|t:|1773637816\n|move|p1a: Piastri|Spore|p2b: Rice Shower\n|-status|p2b: Rice Shower|slp|[from] move: Spore\n|move|p1b: Russel|Glacial Lance|p2b: Rice Shower|[spread] p2a,p2b\n|-resisted|p2a: Zamazenta\n|-damage|p2a: Zamazenta|87/100\n|-damage|p2b: Rice Shower|0 fnt\n|faint|p2b: Rice Shower\n|-ability|p1b: Russel|Chilling Neigh|boost\n|-boost|p1b: Russel|atk|1\n|move|p2a: Zamazenta|Body Press|p1b: Russel\n|-damage|p1b: Russel|57/100\n|\n|-heal|p1a: Piastri|83/100|[from] Grassy Terrain\n|-heal|p1b: Russel|63/100|[from] Grassy Terrain\n|-heal|p2a: Zamazenta|94/100|[from] Grassy Terrain\n|-fieldend|move: Grassy Terrain\n|upkeep\n|\n|t:|1773637821\n|switch|p2b: Rillaboom|Rillaboom, L50, M|87/100\n|-fieldstart|move: Grassy Terrain|[from] ability: Grassy Surge|[of] p2b: Rillaboom\n|turn|6\n|\n|t:|1773637830\n|move|p2a: Zamazenta|Protect|p2a: Zamazenta\n|-singleturn|p2a: Zamazenta|Protect\n|move|p2b: Rillaboom|Fake Out|p1b: Russel\n|-damage|p1b: Russel|55/100\n|move|p1a: Piastri|Spore|p2a: Zamazenta\n|-activate|p2a: Zamazenta|move: Protect\n|cant|p1b: Russel|flinch\n|\n|-heal|p1a: Piastri|89/100|[from] Grassy Terrain\n|-heal|p1b: Russel|61/100|[from] Grassy Terrain\n|-heal|p2b: Rillaboom|93/100|[from] Grassy Terrain\n|-heal|p2a: Zamazenta|99/100|[from] Grassy Terrain\n|-fieldend|move: Trick Room\n|upkeep\n|turn|7\n|\n|t:|1773637838\n|move|p2a: Zamazenta|Heavy Slam|p1a: Piastri\n|-damage|p1a: Piastri|53/100\n|move|p2b: Rillaboom|U-turn|p1a: Piastri\n|-damage|p1a: Piastri|37/100\n|-enditem|p1a: Piastri|Sitrus Berry|[eat]\n|-heal|p1a: Piastri|62/100|[from] item: Sitrus Berry\n|\n|t:|1773637840\n|switch|p2b: Smeargle|Smeargle, L50, M|13/100|[from] U-turn\n|move|p1a: Piastri|Spore|p2a: Zamazenta\n|-status|p2a: Zamazenta|slp|[from] move: Spore\n|move|p1b: Russel|Trick Room|p1b: Russel\n|-fieldstart|move: Trick Room|[of] p1b: Russel\n|\n|-heal|p1a: Piastri|67/100|[from] Grassy Terrain\n|-heal|p1b: Russel|67/100|[from] Grassy Terrain\n|-heal|p2b: Smeargle|19/100|[from] Grassy Terrain\n|-heal|p2a: Zamazenta|100/100 slp|[from] Grassy Terrain\n|-ability|p2b: Smeargle|Moody|boost\n|-boost|p2b: Smeargle|spa|2\n|-unboost|p2b: Smeargle|atk|1\n|upkeep\n|turn|8\n|-message|TheManOfSausage forfeited.\n|\n|win|It'sJustKen VGC\n|raw|It&apos;sJustKen VGC's rating: 1420 &rarr; <strong>1437</strong><br />(+17 for winning)\n|raw|TheManOfSausage's rating: 1374 &rarr; <strong>1357</strong><br />(-17 for losing)\n|l|\u2606TheManOfSausage\n|player|p2|\n","uploadtime":1773637846,"views":12,"formatid":"gen9vgc2026regi","rating":1357,"private":0,"password":null}