{"id":"gen9vgc2026regi-2519333214","format":"[Gen 9] VGC 2026 Reg I","players":["1zha","kojimuranishi"],"log":"|j|\u26061zha\n|j|\u2606kojimuranishi\n|t:|1768496596\n|gametype|doubles\n|player|p1|1zha|battlegirl-gen4|1328\n|player|p2|kojimuranishi|265|1456\n|gen|9\n|tier|[Gen 9] VGC 2026 Reg I\n|rated|\n|rule|Species Clause: Limit one of each Pok\u00e9mon\n|rule|Item Clause: Limit 1 of each item\n|clearpoke\n|poke|p1|Grimmsnarl, L50, M|\n|poke|p1|Miraidon, L50|\n|poke|p1|Iron Hands, L50|\n|poke|p1|Ditto, L50|\n|poke|p1|Urshifu-*, L50, F|\n|poke|p1|Ho-Oh, L50|\n|poke|p2|Zamazenta-*, L50|\n|poke|p2|Lunala, L50|\n|poke|p2|Chien-Pao, L50|\n|poke|p2|Dragonite, L50, F|\n|poke|p2|Chi-Yu, L50|\n|poke|p2|Urshifu-*, L50, M|\n|teampreview|4\n|inactive|Battle timer is ON: inactive players will automatically lose when time's up. (requested by kojimuranishi)\n|\n|t:|1768496609\n|teamsize|p1|4\n|teamsize|p2|4\n|start\n|switch|p1a: Miraidon|Miraidon, L50|100/100\n|switch|p1b: Ditto|Ditto, L50|100/100\n|switch|p2a: Dragonite|Dragonite, L50, F|100/100\n|switch|p2b: Chien-Pao|Chien-Pao, L50|100/100\n|-ability|p2b: Chien-Pao|Sword of Ruin\n|-fieldstart|move: Electric Terrain|[from] ability: Hadron Engine|[of] p1a: Miraidon\n|-transform|p1b: Ditto|p2a: Dragonite|[from] ability: Imposter\n|turn|1\n|inactive|1zha has 30 seconds left.\n|j| Rxu\n|inactive|1zha has 20 seconds left.\n|\n|t:|1768496645\n|-terastallize|p1b: Ditto|Ghost\n|-terastallize|p2a: Dragonite|Normal\n|move|p1a: Miraidon|Protect|p1a: Miraidon\n|-singleturn|p1a: Miraidon|Protect\n|move|p1b: Ditto|Extreme Speed|p2b: Chien-Pao\n|-damage|p2b: Chien-Pao|58/100\n|move|p2a: Dragonite|Extreme Speed|p1a: Miraidon\n|-activate|p1a: Miraidon|move: Protect\n|move|p2b: Chien-Pao|Ice Spinner|p1b: Ditto\n|-damage|p1b: Ditto|62/100\n|-fieldend|move: Electric Terrain\n|-damage|p2b: Chien-Pao|49/100|[from] item: Life Orb\n|\n|upkeep\n|turn|2\n|inactive|1zha has 30 seconds left.\n|inactive|kojimuranishi has 30 seconds left.\n|inactive|1zha has 20 seconds left.\n|\n|t:|1768496683\n|switch|p1a: Urshifu|Urshifu-Rapid-Strike, L50, F|100/100\n|move|p2b: Chien-Pao|Protect|p2b: Chien-Pao\n|-singleturn|p2b: Chien-Pao|Protect\n|move|p1b: Ditto|Extreme Speed|p2a: Dragonite\n|-damage|p2a: Dragonite|78/100\n|move|p2a: Dragonite|Extreme Speed|p1a: Urshifu\n|-damage|p1a: Urshifu|10/100\n|\n|upkeep\n|turn|3\n|inactive|kojimuranishi has 30 seconds left.\n|inactive|kojimuranishi has 20 seconds left.\n|inactive|kojimuranishi has 15 seconds left.\n|\n|t:|1768496726\n|switch|p2b: Zamazenta|Zamazenta-Crowned, L50|100/100\n|-ability|p2b: Zamazenta|Dauntless Shield|boost\n|-boost|p2b: Zamazenta|def|1\n|move|p1b: Ditto|Extreme Speed|p2b: Zamazenta\n|-resisted|p2b: Zamazenta\n|-damage|p2b: Zamazenta|94/100\n|move|p2a: Dragonite|Extreme Speed|p1a: Urshifu\n|-damage|p1a: Urshifu|0 fnt\n|faint|p1a: Urshifu\n|\n|upkeep\n|\n|t:|1768496735\n|switch|p1a: Ho-Oh|Ho-Oh, L50|100/100\n|turn|4\n|\n|t:|1768496750\n|switch|p1b: Miraidon|Miraidon, L50|100/100\n|-fieldstart|move: Electric Terrain|[from] ability: Hadron Engine|[of] p1b: Miraidon\n|move|p2a: Dragonite|Extreme Speed|p1a: Ho-Oh\n|-damage|p1a: Ho-Oh|48/100\n|-damage|p2a: Dragonite|62/100|[from] item: Rocky Helmet|[of] p1a: Ho-Oh\n|move|p2b: Zamazenta|Body Press|p1a: Ho-Oh\n|-resisted|p1a: Ho-Oh\n|-damage|p1a: Ho-Oh|21/100\n|-damage|p2b: Zamazenta|78/100|[from] item: Rocky Helmet|[of] p1a: Ho-Oh\n|move|p1a: Ho-Oh|Sacred Fire|p2a: Dragonite\n|-damage|p2a: Dragonite|10/100\n|-status|p2a: Dragonite|brn\n|\n|-damage|p2a: Dragonite|4/100 brn|[from] brn\n|upkeep\n|turn|5\n|\n|t:|1768496773\n|switch|p1a: Ditto|Ditto, L50, tera:Ghost|62/100\n|-transform|p1a: Ditto|p2b: Zamazenta|[from] ability: Imposter\n|-ability|p1a: Ditto|Dauntless Shield|boost\n|-boost|p1a: Ditto|def|1\n|move|p2a: Dragonite|Extreme Speed|p1a: Ditto\n|-immune|p1a: Ditto\n|move|p1b: Miraidon|Electro Drift|p2b: Zamazenta\n|-damage|p2b: Zamazenta|5/100\n|-damage|p1b: Miraidon|91/100|[from] item: Life Orb\n|move|p2b: Zamazenta|Body Press|p1b: Miraidon\n|-damage|p1b: Miraidon|27/100\n|\n|-damage|p2a: Dragonite|0 fnt|[from] brn\n|faint|p2a: Dragonite\n|upkeep\n|inactive|kojimuranishi has 30 seconds left.\n|\n|t:|1768496806\n|switch|p2a: Lunala|Lunala, L50|100/100\n|turn|6\n|\n|t:|1768496830\n|move|p1a: Ditto|Body Press|p2b: Zamazenta\n|-supereffective|p2b: Zamazenta\n|-damage|p2b: Zamazenta|0 fnt\n|faint|p2b: Zamazenta\n|move|p1b: Miraidon|Draco Meteor|p2a: Lunala\n|-damage|p2a: Lunala|62/100\n|-unboost|p1b: Miraidon|spa|2\n|-damage|p1b: Miraidon|18/100|[from] item: Life Orb\n|move|p2a: Lunala|Moongeist Beam|p1a: Ditto\n|-supereffective|p1a: Ditto\n|-damage|p1a: Ditto|0 fnt\n|faint|p1a: Ditto\n|\n|upkeep\n|\n|t:|1768496846\n|switch|p2b: Chien-Pao|Chien-Pao, L50|49/100\n|switch|p1a: Ho-Oh|Ho-Oh, L50|54/100\n|-ability|p2b: Chien-Pao|Sword of Ruin\n|turn|7\n|\n|t:|1768496863\n|move|p1b: Miraidon|Protect|p1b: Miraidon\n|-singleturn|p1b: Miraidon|Protect\n|move|p2b: Chien-Pao|Sucker Punch||[still]\n|-fail|p2b: Chien-Pao\n|move|p2a: Lunala|Meteor Beam||[still]\n|-prepare|p2a: Lunala|Meteor Beam\n|-boost|p2a: Lunala|spa|1\n|-enditem|p2a: Lunala|Power Herb\n|-anim|p2a: Lunala|Meteor Beam|p1a: Ho-Oh\n|-supereffective|p1a: Ho-Oh\n|-damage|p1a: Ho-Oh|0 fnt\n|faint|p1a: Ho-Oh\n|\n|upkeep\n|turn|8\n|-message|1zha forfeited.\n|\n|win|kojimuranishi\n|raw|1zha's rating: 1328 &rarr; <strong>1315</strong><br />(-13 for losing)\n|raw|kojimuranishi's rating: 1456 &rarr; <strong>1469</strong><br />(+13 for winning)\n|l|\u26061zha\n|player|p1|\n|l|\u2606kojimuranishi\n|player|p2|\n|l| Rxu\n","uploadtime":1768497107,"views":16,"formatid":"gen9vgc2026regi","rating":1315,"private":0,"password":null}