{"id":"gen9vgc2026regi-2562364006","format":"[Gen 9] VGC 2026 Reg I","players":["swordsdanceurshifu","Alitiantian"],"log":"|j|\u2606swordsdanceurshifu\n|j|\u2606Alitiantian\n|t:|1773905022\n|gametype|doubles\n|player|p1|swordsdanceurshifu|169|1284\n|player|p2|Alitiantian|102|1342\n|gen|9\n|tier|[Gen 9] VGC 2026 Reg I\n|rated|\n|rule|Species Clause: Limit one of each Pok\u00e9mon\n|rule|Item Clause: Limit 1 of each item\n|clearpoke\n|poke|p1|Koraidon, L50|\n|poke|p1|Miraidon, L50|\n|poke|p1|Incineroar, L50, F|\n|poke|p1|Iron Bundle, L50|\n|poke|p1|Toxapex, L50, F|\n|poke|p1|Landorus, L50, M|\n|poke|p2|Rayquaza, L50|\n|poke|p2|Calyrex-Shadow, L50|\n|poke|p2|Smeargle, L50, M|\n|poke|p2|Tornadus, L50, M|\n|poke|p2|Clefairy, L50, F|\n|poke|p2|Urshifu-*, L50, M|\n|teampreview|4\n|inactive|Battle timer is ON: inactive players will automatically lose when time's up. (requested by swordsdanceurshifu)\n|inactive|swordsdanceurshifu has 60 seconds left.\n|inactive|Alitiantian has 60 seconds left.\n|\n|t:|1773905068\n|teamsize|p1|4\n|teamsize|p2|4\n|start\n|switch|p1a: Miraidon|Miraidon, L50|100/100\n|switch|p1b: Iron Bundle|Iron Bundle, L50|100/100\n|switch|p2a: Calyrex|Calyrex-Shadow, L50|100/100\n|switch|p2b: Tornadus|Tornadus, L50, M|100/100\n|-ability|p2a: Calyrex|As One\n|-ability|p2a: Calyrex|Unnerve\n|-fieldstart|move: Electric Terrain|[from] ability: Hadron Engine|[of] p1a: Miraidon\n|-activate|p1b: Iron Bundle|ability: Quark Drive\n|-start|p1b: Iron Bundle|quarkdrivespe\n|turn|1\n|inactive|Alitiantian has 30 seconds left.\n|\n|t:|1773905094\n|move|p2b: Tornadus|Tailwind|p2b: Tornadus\n|-sidestart|p2: Alitiantian|move: Tailwind\n|move|p2a: Calyrex|Astral Barrage|p1b: Iron Bundle|[spread] p1a,p1b\n|-damage|p1a: Miraidon|31/100\n|-enditem|p1b: Iron Bundle|Focus Sash\n|-damage|p1b: Iron Bundle|1/100\n|-damage|p2a: Calyrex|91/100|[from] item: Life Orb\n|move|p1b: Iron Bundle|Icy Wind|p2a: Calyrex|[spread] p2a,p2b\n|-supereffective|p2b: Tornadus\n|-damage|p2a: Calyrex|72/100\n|-damage|p2b: Tornadus|48/100\n|-unboost|p2a: Calyrex|spe|1\n|-unboost|p2b: Tornadus|spe|1\n|move|p1a: Miraidon|Electro Drift|p2a: Calyrex\n|-damage|p2a: Calyrex|0 fnt\n|faint|p2a: Calyrex\n|-damage|p1a: Miraidon|22/100|[from] item: Life Orb\n|\n|upkeep\n|inactive|Alitiantian has 30 seconds left.\n|\n|t:|1773905128\n|switch|p2a: Rayquaza|Rayquaza, L50|100/100\n|-ability|p2a: Rayquaza|Air Lock\n|turn|2\n|inactive|Alitiantian has 30 seconds left.\n|inactive|Alitiantian has 20 seconds left.\n|inactive|Alitiantian has 15 seconds left.\n|\n|t:|1773905172\n|switch|p1a: Incineroar|Incineroar, L50, F|100/100\n|-ability|p1a: Incineroar|Intimidate|boost\n|-fail|p2a: Rayquaza|unboost|[from] item: Clear Amulet|[of] p2a: Rayquaza\n|-unboost|p2b: Tornadus|atk|1\n|-terastallize|p1b: Iron Bundle|Ghost\n|move|p2a: Rayquaza|Extreme Speed|p1a: Incineroar\n|-damage|p1a: Incineroar|71/100\n|move|p1b: Iron Bundle|Icy Wind|p2b: Tornadus|[spread] p2a,p2b\n|-supereffective|p2a: Rayquaza\n|-supereffective|p2b: Tornadus\n|-damage|p2a: Rayquaza|20/100\n|-damage|p2b: Tornadus|3/100\n|-unboost|p2b: Tornadus|spe|1\n|move|p2b: Tornadus|Bleakwind Storm|p1b: Iron Bundle|[spread] p1a,p1b\n|-damage|p1a: Incineroar|39/100\n|-damage|p1b: Iron Bundle|0 fnt\n|-unboost|p1a: Incineroar|spe|1\n|faint|p1b: Iron Bundle\n|-end|p1b: Iron Bundle|Quark Drive|[silent]\n|\n|upkeep\n|\n|t:|1773905190\n|switch|p1b: Miraidon|Miraidon, L50|22/100\n|-activate|p1b: Miraidon|ability: Hadron Engine\n|turn|3\n|inactive|swordsdanceurshifu has 30 seconds left.\n|inactive|swordsdanceurshifu has 20 seconds left.\n|inactive|swordsdanceurshifu has 15 seconds left.\n|\n|t:|1773905230\n|move|p2b: Tornadus|Protect|p2b: Tornadus\n|-singleturn|p2b: Tornadus|Protect\n|move|p2a: Rayquaza|Protect|p2a: Rayquaza\n|-singleturn|p2a: Rayquaza|Protect\n|move|p1a: Incineroar|Fake Out|p2a: Rayquaza\n|-activate|p2a: Rayquaza|move: Protect\n|move|p1b: Miraidon|Volt Switch|p2b: Tornadus\n|-activate|p2b: Tornadus|move: Protect\n|\n|upkeep\n|turn|4\n|inactive|swordsdanceurshifu has 30 seconds left.\n|inactive|Alitiantian has 30 seconds left.\n|\n|t:|1773905262\n|switch|p1b: Toxapex|Toxapex, L50, F|100/100\n|move|p2a: Rayquaza|Extreme Speed|p1b: Toxapex\n|-damage|p1b: Toxapex|76/100\n|-damage|p2a: Rayquaza|4/100|[from] item: Rocky Helmet|[of] p1b: Toxapex\n|move|p2b: Tornadus|Bleakwind Storm|p1b: Toxapex|[spread] p1b\n|-miss|p2b: Tornadus|p1a: Incineroar\n|-damage|p1b: Toxapex|40/100\n|-unboost|p1b: Toxapex|spe|1\n|move|p1a: Incineroar|U-turn|p2b: Tornadus\n|-resisted|p2b: Tornadus\n|-damage|p2b: Tornadus|0 fnt\n|faint|p2b: Tornadus\n|\n|t:|1773905276\n|switch|p1a: Miraidon|Miraidon, L50|22/100|[from] U-turn\n|-activate|p1a: Miraidon|ability: Hadron Engine\n|\n|-sideend|p2: Alitiantian|move: Tailwind\n|upkeep\n|\n|t:|1773905279\n|switch|p2b: Urshifu|Urshifu-Rapid-Strike, L50, M|100/100\n|turn|5\n|\n|t:|1773905288\n|switch|p1a: Incineroar|Incineroar, L50, F|39/100\n|-ability|p1a: Incineroar|Intimidate|boost\n|-fail|p2a: Rayquaza|unboost|[from] item: Clear Amulet|[of] p2a: Rayquaza\n|-unboost|p2b: Urshifu|atk|1\n|-terastallize|p2b: Urshifu|Water\n|move|p2b: Urshifu|Surging Strikes|p1a: Incineroar\n|-supereffective|p1a: Incineroar\n|-crit|p1a: Incineroar\n|-damage|p1a: Incineroar|0 fnt\n|faint|p1a: Incineroar\n|-hitcount|p1: Incineroar|1\n|move|p2a: Rayquaza|Dragon Ascent|p1b: Toxapex\n|-damage|p1b: Toxapex|0 fnt\n|-unboost|p2a: Rayquaza|def|1\n|-unboost|p2a: Rayquaza|spd|1\n|-damage|p2a: Rayquaza|0 fnt|[from] item: Rocky Helmet|[of] p1b: Toxapex\n|faint|p1b: Toxapex\n|faint|p2a: Rayquaza\n|\n|-fieldend|move: Electric Terrain\n|upkeep\n|\n|t:|1773905301\n|switch|p1b: Miraidon|Miraidon, L50|22/100\n|-fieldstart|move: Electric Terrain|[from] ability: Hadron Engine|[of] p1b: Miraidon\n|turn|6\n|\n|t:|1773905305\n|move|p2b: Urshifu|Surging Strikes|p1b: Miraidon\n|-resisted|p1b: Miraidon\n|-crit|p1b: Miraidon\n|-damage|p1b: Miraidon|6/100\n|-resisted|p1b: Miraidon\n|-crit|p1b: Miraidon\n|-damage|p1b: Miraidon|0 fnt\n|faint|p1b: Miraidon\n|-hitcount|p1: Miraidon|2\n|\n|win|Alitiantian\n|raw|swordsdanceurshifu's rating: 1284 &rarr; <strong>1263</strong><br />(-21 for losing)\n|raw|Alitiantian's rating: 1342 &rarr; <strong>1359</strong><br />(+17 for winning)\n|l|\u2606swordsdanceurshifu\n|player|p1|\n|l|\u2606Alitiantian\n|player|p2|\n","uploadtime":1773905556,"views":12,"formatid":"gen9vgc2026regi","rating":1263,"private":0,"password":null}