{"id":"gen9vgc2026regi-2590046401","format":"[Gen 9] VGC 2026 Reg I","players":["d'oh12","quietluigi22"],"log":"|j|\u2606d'oh12\n|j|\u2606quietluigi22\n|t:|1776783476\n|gametype|doubles\n|player|p1|d'oh12|fantina|1383\n|player|p2|quietluigi22|elesa|1340\n|gen|9\n|tier|[Gen 9] VGC 2026 Reg I\n|rated|\n|rule|Species Clause: Limit one of each Pok\u00e9mon\n|rule|Item Clause: Limit 1 of each item\n|clearpoke\n|poke|p1|Lunala, L50|\n|poke|p1|Groudon, L50|\n|poke|p1|Rillaboom, L50, M|\n|poke|p1|Chi-Yu, L50|\n|poke|p1|Tornadus, L50, M|\n|poke|p1|Flutter Mane, L50|\n|poke|p2|Koraidon, L50|\n|poke|p2|Scream Tail, L50|\n|poke|p2|Gothitelle, L50, F|\n|poke|p2|Ho-Oh, L50|\n|poke|p2|Brute Bonnet, L50|\n|poke|p2|Walking Wake, L50|\n|teampreview|4\n|inactive|Battle timer is ON: inactive players will automatically lose when time's up. (requested by quietluigi22)\nd'oh12 has agreed to open team sheets.\nquietluigi22 has agreed to open team sheets.\n|showteam|p1|Lunala||PowerHerb|ShadowShield|MeteorBeam,MoongeistBeam,WideGuard,TrickRoom||||||50|,,,,,Fairy]Groudon||ClearAmulet|Drought|PrecipiceBlades,FirePunch,Protect,HighHorsepower||||||50|,,,,,Fire]Rillaboom||AssaultVest|GrassySurge|FakeOut,GrassyGlide,WoodHammer,Uturn|||M|||50|,,,,,Fire]Chi-Yu||ChoiceScarf|BeadsofRuin|HeatWave,DarkPulse,Overheat,Protect||||||50|,,,,,Ghost]Tornadus||CovertCloak|Prankster|BleakwindStorm,Taunt,Tailwind,SunnyDay|||M|||50|,,,,,Dark]Flutter Mane||FocusSash|Protosynthesis|IcyWind,Protect,Moonblast,Taunt||||||50|,,,,,Fairy\n|showteam|p2|Koraidon||LifeOrb|OrichalcumPulse|Protect,CloseCombat,FlareBlitz,FlameCharge||||||50|,,,,,Fire]Scream Tail||BoosterEnergy|Protosynthesis|Protect,Encore,Disable,PerishSong||||||50|,,,,,Dark]Gothitelle||SitrusBerry|ShadowTag|Protect,FakeOut,TrickRoom,FoulPlay|||F|||50|,,,,,Water]Ho-Oh||EjectButton|Regenerator|Protect,SacredFire,Tailwind,BraveBird||||||50|,,,,,Grass]Brute Bonnet||RoomService|Protosynthesis|SuckerPunch,Spore,RagePowder,Protect||||||50|,,,,,Poison]Walking Wake||ChoiceScarf|Protosynthesis|HydroSteam,WeatherBall,DracoMeteor,Snarl||||||50|,,,,,Fire\n|\n|t:|1776783506\n|teamsize|p1|4\n|teamsize|p2|4\n|start\n|switch|p1a: Flutter Mane|Flutter Mane, L50|100/100\n|switch|p1b: Chi-Yu|Chi-Yu, L50, shiny|100/100\n|switch|p2a: Koraidon|Koraidon, L50, shiny|100/100\n|switch|p2b: Walking Wake|Walking Wake, L50|100/100\n|-ability|p1b: Chi-Yu|Beads of Ruin\n|-weather|SunnyDay|[from] ability: Orichalcum Pulse|[of] p2a: Koraidon\n|-activate|p2b: Walking Wake|ability: Protosynthesis\n|-start|p2b: Walking Wake|protosynthesisspa\n|-activate|p1a: Flutter Mane|ability: Protosynthesis\n|-start|p1a: Flutter Mane|protosynthesisspe\n|-activate|p2a: Koraidon|Orichalcum Pulse|[source]\n|turn|1\n|\n|t:|1776783526\n|-terastallize|p2a: Koraidon|Fire\n|move|p1a: Flutter Mane|Icy Wind|p2a: Koraidon|[spread] p2a,p2b\n|-resisted|p2a: Koraidon\n|-damage|p2a: Koraidon|90/100\n|-damage|p2b: Walking Wake|78/100\n|-unboost|p2a: Koraidon|spe|1\n|-unboost|p2b: Walking Wake|spe|1\n|move|p1b: Chi-Yu|Overheat|p2a: Koraidon\n|-resisted|p2a: Koraidon\n|-damage|p2a: Koraidon|16/100\n|-unboost|p1b: Chi-Yu|spa|2\n|move|p2b: Walking Wake|Hydro Steam|p1b: Chi-Yu\n|-supereffective|p1b: Chi-Yu\n|-damage|p1b: Chi-Yu|0 fnt\n|faint|p1b: Chi-Yu\n|move|p2a: Koraidon|Flame Charge|p1a: Flutter Mane\n|-crit|p1a: Flutter Mane\n|-enditem|p1a: Flutter Mane|Focus Sash\n|-damage|p1a: Flutter Mane|1/100\n|-boost|p2a: Koraidon|spe|1\n|-damage|p2a: Koraidon|7/100|[from] item: Life Orb\n|\n|-weather|SunnyDay|[upkeep]\n|upkeep\n|\n|t:|1776783544\n|switch|p1b: Groudon|Groudon, L50, shiny|100/100\n|turn|2\n|inactive|quietluigi22 has 30 seconds left.\n|\n|t:|1776783572\n|switch|p2a: Brute Bonnet|Brute Bonnet, L50|100/100\n|-activate|p2a: Brute Bonnet|ability: Protosynthesis\n|-start|p2a: Brute Bonnet|protosynthesisdef\n|-end|p2b: Walking Wake|Protosynthesis|[silent]\n|switch|p2b: Ho-Oh|Ho-Oh, L50, shiny|100/100\n|move|p1a: Flutter Mane|Icy Wind|p2b: Ho-Oh|[spread] p2a,p2b\n|-supereffective|p2a: Brute Bonnet\n|-damage|p2a: Brute Bonnet|78/100\n|-damage|p2b: Ho-Oh|93/100\n|-unboost|p2a: Brute Bonnet|spe|1\n|-unboost|p2b: Ho-Oh|spe|1\n|-enditem|p2b: Ho-Oh|Eject Button\n|\n|t:|1776783586\n|switch|p2b: Walking Wake|Walking Wake, L50|78/100\n|-activate|p2b: Walking Wake|ability: Protosynthesis\n|-start|p2b: Walking Wake|protosynthesisspa\n|move|p1b: Groudon|High Horsepower|p2b: Walking Wake\n|-damage|p2b: Walking Wake|16/100\n|\n|-weather|SunnyDay|[upkeep]\n|upkeep\n|turn|3\n|\n|t:|1776783601\n|move|p1b: Groudon|Protect|p1b: Groudon\n|-singleturn|p1b: Groudon|Protect\n|move|p2a: Brute Bonnet|Sucker Punch||[still]\n|-fail|p2a: Brute Bonnet\n|move|p1a: Flutter Mane|Taunt|p2a: Brute Bonnet\n|-start|p2a: Brute Bonnet|move: Taunt\n|move|p2b: Walking Wake|Hydro Steam|p1b: Groudon\n|-activate|p1b: Groudon|move: Protect\n|\n|-weather|SunnyDay|[upkeep]\n|upkeep\n|turn|4\n|\n|t:|1776783615\n|switch|p1b: Lunala|Lunala, L50, shiny|100/100\n|move|p1a: Flutter Mane|Protect|p1a: Flutter Mane\n|-singleturn|p1a: Flutter Mane|Protect\n|move|p2a: Brute Bonnet|Sucker Punch||[still]\n|-fail|p2a: Brute Bonnet\n|move|p2b: Walking Wake|Hydro Steam|p1b: Lunala\n|-damage|p1b: Lunala|71/100\n|\n|-weather|SunnyDay|[upkeep]\n|upkeep\n|turn|5\n|\n|t:|1776783636\n|-terastallize|p1b: Lunala|Fairy\n|move|p2a: Brute Bonnet|Sucker Punch|p1a: Flutter Mane\n|-damage|p1a: Flutter Mane|0 fnt\n|faint|p1a: Flutter Mane\n|-end|p1a: Flutter Mane|Protosynthesis|[silent]\n|move|p2b: Walking Wake|Hydro Steam|p1b: Lunala\n|-damage|p1b: Lunala|14/100\n|move|p1b: Lunala|Trick Room|p1b: Lunala\n|-fieldstart|move: Trick Room|[of] p1b: Lunala\n|-enditem|p2a: Brute Bonnet|Room Service\n|-unboost|p2a: Brute Bonnet|spe|1|[from] item: Room Service\n|\n|-weather|none\n|-end|p2a: Brute Bonnet|Protosynthesis\n|-end|p2b: Walking Wake|Protosynthesis\n|upkeep\n|\n|t:|1776783642\n|switch|p1a: Groudon|Groudon, L50, shiny|100/100\n|-weather|SunnyDay|[from] ability: Drought|[of] p1a: Groudon\n|-activate|p2a: Brute Bonnet|ability: Protosynthesis\n|-start|p2a: Brute Bonnet|protosynthesisdef\n|-activate|p2b: Walking Wake|ability: Protosynthesis\n|-start|p2b: Walking Wake|protosynthesisspa\n|turn|6\n|-message|d'oh12 forfeited.\n|\n|win|quietluigi22\n|raw|d&apos;oh12's rating: 1383 &rarr; <strong>1361</strong><br />(-22 for losing)\n|raw|quietluigi22's rating: 1340 &rarr; <strong>1362</strong><br />(+22 for winning)\n|l|\u2606d'oh12\n|player|p1|\n|l|\u2606quietluigi22\n|player|p2|\n","uploadtime":1776783919,"views":7,"formatid":"gen9vgc2026regi","rating":1361,"private":0,"password":null}