{"id":"gen9vgc2026regi-2590000304","format":"[Gen 9] VGC 2026 Reg I","players":["kokosthegreek","JakeNBake3D"],"log":"|j|\u2606kokosthegreek\n|j|\u2606JakeNBake3D\n|t:|1776780386\n|gametype|doubles\n|player|p1|kokosthegreek|lucas|1427\n|player|p2|JakeNBake3D|2|1502\n|gen|9\n|tier|[Gen 9] VGC 2026 Reg I\n|rated|\n|rule|Species Clause: Limit one of each Pok\u00e9mon\n|rule|Item Clause: Limit 1 of each item\n|clearpoke\n|poke|p1|Calyrex-Shadow, L50|\n|poke|p1|Urshifu-*, L50, F|\n|poke|p1|Smeargle, L50, F|\n|poke|p1|Dondozo, L50, M|\n|poke|p1|Tatsugiri-Droopy, L50, F|\n|poke|p1|Miraidon, L50|\n|poke|p2|Miraidon, L50|\n|poke|p2|Lunala, L50|\n|poke|p2|Incineroar, L50, M|\n|poke|p2|Urshifu-*, L50, M|\n|poke|p2|Grimmsnarl, L50, M|\n|poke|p2|Ursaluna, L50, F|\n|teampreview|4\n|inactive|Battle timer is ON: inactive players will automatically lose when time's up. (requested by kokosthegreek)\n|\n|t:|1776780410\n|teamsize|p1|4\n|teamsize|p2|4\n|start\n|switch|p1a: Smeargle|Smeargle, L50, F|100/100\n|switch|p1b: Miraidon|Miraidon, L50|100/100\n|switch|p2a: Miraidon|Miraidon, L50|100/100\n|switch|p2b: Grimmsnarl|Grimmsnarl, L50, M, shiny|100/100\n|-fieldstart|move: Electric Terrain|[from] ability: Hadron Engine|[of] p1b: Miraidon\n|-item|p1b: Miraidon|Air Balloon\n|-activate|p2a: Miraidon|ability: Hadron Engine\n|turn|1\n|\n|t:|1776780424\n|-terastallize|p1b: Miraidon|Fairy\n|-terastallize|p2a: Miraidon|Electric\n|move|p1a: Smeargle|Fake Out|p2a: Miraidon\n|-damage|p2a: Miraidon|96/100\n|move|p2b: Grimmsnarl|Light Screen|p2b: Grimmsnarl\n|-sidestart|p2: JakeNBake3D|move: Light Screen\n|move|p1b: Miraidon|Dazzling Gleam|p2b: Grimmsnarl|[spread] p2a,p2b\n|-supereffective|p2b: Grimmsnarl\n|-damage|p2a: Miraidon|81/100\n|-damage|p2b: Grimmsnarl|40/100\n|cant|p2a: Miraidon|flinch\n|\n|-ability|p1a: Smeargle|Moody|boost\n|-boost|p1a: Smeargle|spa|2\n|-unboost|p1a: Smeargle|spd|1\n|upkeep\n|turn|2\n|inactive|JakeNBake3D has 30 seconds left.\n|inactive|JakeNBake3D has 20 seconds left.\n|inactive|JakeNBake3D has 15 seconds left.\n|\n|t:|1776780465\n|move|p2b: Grimmsnarl|Reflect|p2b: Grimmsnarl\n|-sidestart|p2: JakeNBake3D|Reflect\n|move|p1b: Miraidon|Dazzling Gleam|p2a: Miraidon|[spread] p2a,p2b\n|-supereffective|p2b: Grimmsnarl\n|-damage|p2a: Miraidon|66/100\n|-damage|p2b: Grimmsnarl|0 fnt\n|faint|p2b: Grimmsnarl\n|move|p2a: Miraidon|Snarl|p1b: Miraidon|[spread] p1a,p1b\n|-resisted|p1b: Miraidon\n|-damage|p1a: Smeargle|33/100\n|-damage|p1b: Miraidon|91/100\n|-unboost|p1a: Smeargle|spa|1\n|-unboost|p1b: Miraidon|spa|1\n|-enditem|p1b: Miraidon|Air Balloon\n|move|p1a: Smeargle|Minimize|p1a: Smeargle\n|-boost|p1a: Smeargle|evasion|2\n|\n|-ability|p1a: Smeargle|Moody|boost\n|-boost|p1a: Smeargle|spd|2\n|-unboost|p1a: Smeargle|def|1\n|upkeep\n|\n|t:|1776780485\n|switch|p2b: Lunala|Lunala, L50, shiny|100/100\n|-enditem|p2b: Lunala|Electric Seed\n|-boost|p2b: Lunala|def|1|[from] item: Electric Seed\n|turn|3\n|\n|t:|1776780499\n|move|p1b: Miraidon|Electro Drift|p2a: Miraidon\n|-resisted|p2a: Miraidon\n|-damage|p2a: Miraidon|55/100\n|move|p2a: Miraidon|Snarl|p1a: Smeargle|[spread] p1a,p1b\n|-resisted|p1b: Miraidon\n|-damage|p1a: Smeargle|6/100\n|-damage|p1b: Miraidon|80/100\n|-unboost|p1a: Smeargle|spa|1\n|-unboost|p1b: Miraidon|spa|1\n|move|p1a: Smeargle|Minimize|p1a: Smeargle\n|-boost|p1a: Smeargle|evasion|2\n|move|p2b: Lunala|Trick Room|p2b: Lunala\n|-fieldstart|move: Trick Room|[of] p2b: Lunala\n|\n|-ability|p1a: Smeargle|Moody|boost\n|-boost|p1a: Smeargle|def|2\n|-unboost|p1a: Smeargle|spa|1\n|upkeep\n|turn|4\n|inactive|JakeNBake3D has 30 seconds left.\n|inactive|JakeNBake3D has 20 seconds left.\n|\n|t:|1776780535\n|move|p1b: Miraidon|Protect|p1b: Miraidon\n|-singleturn|p1b: Miraidon|Protect\n|move|p2b: Lunala|Moonblast|p1a: Smeargle|[miss]\n|-miss|p2b: Lunala|p1a: Smeargle\n|move|p1a: Smeargle|Minimize|p1a: Smeargle\n|-boost|p1a: Smeargle|evasion|2\n|move|p2a: Miraidon|Snarl|p1b: Miraidon|[spread] \n|-activate|p1b: Miraidon|move: Protect\n|-miss|p2a: Miraidon|p1a: Smeargle\n|\n|-ability|p1a: Smeargle|Moody|boost\n|-boost|p1a: Smeargle|atk|2\n|-unboost|p1a: Smeargle|spd|1\n|upkeep\n|turn|5\n|inactive|kokosthegreek has 30 seconds left.\n|inactive|JakeNBake3D has 30 seconds left.\n|\n|t:|1776780568\n|switch|p1b: Tatsugiri|Tatsugiri-Droopy, L50, F|100/100\n|move|p2b: Lunala|Wide Guard|p2b: Lunala\n|-singleturn|p2b: Lunala|Wide Guard\n|move|p1a: Smeargle|Baton Pass|p1a: Smeargle\n|\n|t:|1776780574\n|switch|p1a: Dondozo|Dondozo, L50, M|100/100|[from] Baton Pass\n|-activate|p1b: Tatsugiri|ability: Commander|[of] p1a: Dondozo\n|-boost|p1a: Dondozo|atk|2\n|-boost|p1a: Dondozo|spa|2\n|-boost|p1a: Dondozo|spe|2\n|-boost|p1a: Dondozo|def|2\n|-boost|p1a: Dondozo|spd|2\n|move|p2a: Miraidon|Snarl|p1a: Dondozo|[spread] \n|-miss|p2a: Miraidon|p1b: Tatsugiri\n|-miss|p2a: Miraidon|p1a: Dondozo\n|\n|-fieldend|move: Electric Terrain\n|upkeep\n|turn|6\n|inactive|JakeNBake3D has 30 seconds left.\n|\n|t:|1776780608\n|move|p1a: Dondozo|Order Up|p2a: Miraidon\n|-damage|p2a: Miraidon|25/100\n|-boost|p1a: Dondozo|def|1\n|move|p2b: Lunala|Moongeist Beam|p1a: Dondozo\n|-damage|p1a: Dondozo|72/100\n|move|p2a: Miraidon|Electro Drift|p1a: Dondozo|[miss]\n|-miss|p2a: Miraidon|p1a: Dondozo\n|\n|-heal|p1a: Dondozo|78/100|[from] item: Leftovers\n|upkeep\n|turn|7\n|inactive|JakeNBake3D has 30 seconds left.\n|inactive|JakeNBake3D has 20 seconds left.\n|\n|t:|1776780644\n|move|p1a: Dondozo|Order Up|p2a: Miraidon\n|-damage|p2a: Miraidon|0 fnt\n|faint|p2a: Miraidon\n|-boost|p1a: Dondozo|def|1\n|move|p2b: Lunala|Moongeist Beam|p1a: Dondozo|[miss]\n|-miss|p2b: Lunala|p1a: Dondozo\n|\n|-heal|p1a: Dondozo|85/100|[from] item: Leftovers\n|-fieldend|move: Trick Room\n|upkeep\n|\n|t:|1776780656\n|switch|p2a: Ursaluna|Ursaluna, L50, F, shiny|100/100\n|turn|8\n|\n|t:|1776780664\n|move|p2a: Ursaluna|Protect|p2a: Ursaluna\n|-singleturn|p2a: Ursaluna|Protect\n|move|p2b: Lunala|Moongeist Beam|p1a: Dondozo|[miss]\n|-miss|p2b: Lunala|p1a: Dondozo\n|move|p1a: Dondozo|Order Up|p2b: Lunala\n|-damage|p2b: Lunala|88/100\n|-boost|p1a: Dondozo|def|1\n|\n|-heal|p1a: Dondozo|91/100|[from] item: Leftovers\n|-sideend|p2: JakeNBake3D|move: Light Screen\n|-status|p2a: Ursaluna|brn|[from] item: Flame Orb\n|upkeep\n|turn|9\n|\n|t:|1776780687\n|move|p1a: Dondozo|Protect|p1a: Dondozo\n|-singleturn|p1a: Dondozo|Protect\n|move|p2b: Lunala|Moongeist Beam|p1a: Dondozo\n|-activate|p1a: Dondozo|move: Protect\n|move|p2a: Ursaluna|Facade|p1a: Dondozo\n|-activate|p1a: Dondozo|move: Protect\n|\n|-heal|p1a: Dondozo|97/100|[from] item: Leftovers\n|-damage|p2a: Ursaluna|95/100 brn|[from] brn\n|-sideend|p2: JakeNBake3D|Reflect\n|upkeep\n|turn|10\n|\n|t:|1776780699\n|move|p2b: Lunala|Moongeist Beam|p1a: Dondozo\n|-damage|p1a: Dondozo|70/100\n|move|p1a: Dondozo|Body Press|p2a: Ursaluna\n|-supereffective|p2a: Ursaluna\n|-damage|p2a: Ursaluna|0 fnt\n|faint|p2a: Ursaluna\n|\n|-heal|p1a: Dondozo|76/100|[from] item: Leftovers\n|upkeep\n|turn|11\n|-message|JakeNBake3D forfeited.\n|\n|win|kokosthegreek\n|raw|kokosthegreek's rating: 1427 &rarr; <strong>1451</strong><br />(+24 for winning)\n|raw|JakeNBake3D's rating: 1502 &rarr; <strong>1478</strong><br />(-24 for losing)\n|l|\u2606JakeNBake3D\n|player|p2|\n|l|\u2606kokosthegreek\n|player|p1|\n","uploadtime":1776780904,"views":6,"formatid":"gen9vgc2026regi","rating":1451,"private":0,"password":null}