{"id":"gen9vgc2026regi-2548915455","format":"[Gen 9] VGC 2026 Reg I","players":["eebgm","dasabe\u76d6\u6b27\u5361\u4fa0"],"log":"|j|\u2606eebgm\n|j|\u2606dasabe\u76d6\u6b27\u5361\u4fa0\n|t:|1772282409\n|gametype|doubles\n|player|p1|eebgm|lady|1458\n|player|p2|dasabe\u76d6\u6b27\u5361\u4fa0|may-masters4|1500\n|gen|9\n|tier|[Gen 9] VGC 2026 Reg I\n|rated|\n|rule|Species Clause: Limit one of each Pok\u00e9mon\n|rule|Item Clause: Limit 1 of each item\n|clearpoke\n|poke|p1|Zamazenta-*, L50|\n|poke|p1|Giratina-Origin, L50|\n|poke|p1|Chien-Pao, L50|\n|poke|p1|Entei, L50|\n|poke|p1|Rillaboom, L50, M|\n|poke|p1|Landorus-Therian, L50, M|\n|poke|p2|Kyogre, L50|\n|poke|p2|Miraidon, L50|\n|poke|p2|Whimsicott, L50, F|\n|poke|p2|Iron Hands, L50|\n|poke|p2|Farigiraf, L50, F|\n|poke|p2|Urshifu-*, L50, M|\n|teampreview|4\n|inactive|Battle timer is ON: inactive players will automatically lose when time's up. (requested by eebgm)\n|\n|t:|1772282428\n|teamsize|p1|4\n|teamsize|p2|4\n|start\n|switch|p1a: Rillaboom|Rillaboom, L50, M|100/100\n|switch|p1b: Chien-Pao|Chien-Pao, L50|100/100\n|switch|p2a: \u5996\u820d\u7cbe\u62c9|Whimsicott, L50, F, shiny|100/100\n|switch|p2b: \u6210\u90fd\u8001\u76d6|Kyogre, L50, shiny|100/100\n|-ability|p1b: Chien-Pao|Sword of Ruin\n|-weather|RainDance|[from] ability: Drizzle|[of] p2b: \u6210\u90fd\u8001\u76d6\n|-fieldstart|move: Grassy Terrain|[from] ability: Grassy Surge|[of] p1a: Rillaboom\n|turn|1\n|\n|t:|1772282442\n|switch|p2a: \u5c0f\u5934\u63a7\u5927\u5934|Farigiraf, L50, F, shiny|100/100\n|move|p1b: Chien-Pao|Crunch|p2a: \u5c0f\u5934\u63a7\u5927\u5934\n|-supereffective|p2a: \u5c0f\u5934\u63a7\u5927\u5934\n|-damage|p2a: \u5c0f\u5934\u63a7\u5927\u5934|13/100\n|-unboost|p2a: \u5c0f\u5934\u63a7\u5927\u5934|def|1\n|move|p2b: \u6210\u90fd\u8001\u76d6|Origin Pulse|p1a: Rillaboom|[spread] p1a,p1b\n|-resisted|p1a: Rillaboom\n|-damage|p1a: Rillaboom|60/100\n|-enditem|p1b: Chien-Pao|Focus Sash\n|-damage|p1b: Chien-Pao|1/100\n|move|p1a: Rillaboom|U-turn|p2a: \u5c0f\u5934\u63a7\u5927\u5934\n|-supereffective|p2a: \u5c0f\u5934\u63a7\u5927\u5934\n|-damage|p2a: \u5c0f\u5934\u63a7\u5927\u5934|0 fnt\n|faint|p2a: \u5c0f\u5934\u63a7\u5927\u5934\n|\n|t:|1772282450\n|switch|p1a: Giratina|Giratina-Origin, L50|100/100|[from] U-turn\n|\n|-weather|RainDance|[upkeep]\n|-heal|p1b: Chien-Pao|7/100|[from] Grassy Terrain\n|upkeep\n|\n|t:|1772282454\n|switch|p2a: \u5996\u820d\u7cbe\u62c9|Whimsicott, L50, F, shiny|100/100\n|turn|2\n|j| globalfish39\n|\n|t:|1772282478\n|move|p1b: Chien-Pao|Protect|p1b: Chien-Pao\n|-singleturn|p1b: Chien-Pao|Protect\n|move|p2a: \u5996\u820d\u7cbe\u62c9|Tailwind|p2a: \u5996\u820d\u7cbe\u62c9\n|-sidestart|p2: dasabe\u76d6\u6b27\u5361\u4fa0|move: Tailwind\n|move|p2b: \u6210\u90fd\u8001\u76d6|Origin Pulse|p1a: Giratina|[spread] p1a\n|-activate|p1b: Chien-Pao|move: Protect\n|-resisted|p1a: Giratina\n|-damage|p1a: Giratina|61/100\n|move|p1a: Giratina|Poltergeist|p2b: \u6210\u90fd\u8001\u76d6\n|-activate|p2b: \u6210\u90fd\u8001\u76d6|move: Poltergeist|Choice Specs\n|-damage|p2b: \u6210\u90fd\u8001\u76d6|10/100\n|\n|-weather|RainDance|[upkeep]\n|-heal|p2b: \u6210\u90fd\u8001\u76d6|15/100|[from] Grassy Terrain\n|-heal|p1b: Chien-Pao|13/100|[from] Grassy Terrain\n|upkeep\n|turn|3\n|inactive|eebgm has 30 seconds left.\n|inactive|dasabe\u76d6\u6b27\u5361\u4fa0 has 30 seconds left.\n|inactive|dasabe\u76d6\u6b27\u5361\u4fa0 has 20 seconds left.\n|\n|t:|1772282515\n|switch|p2b: \u94f6\u91d1\u5996\u86c7|Miraidon, L50, shiny|100/100\n|-fieldstart|move: Electric Terrain|[from] ability: Hadron Engine|[of] p2b: \u94f6\u91d1\u5996\u86c7\n|switch|p1b: Rillaboom|Rillaboom, L50, M|60/100\n|-fieldstart|move: Grassy Terrain|[from] ability: Grassy Surge|[of] p1b: Rillaboom\n|move|p1a: Giratina|Shadow Sneak|p2b: \u94f6\u91d1\u5996\u86c7\n|-damage|p2b: \u94f6\u91d1\u5996\u86c7|78/100\n|move|p2a: \u5996\u820d\u7cbe\u62c9|Moonblast|p1b: Rillaboom\n|-damage|p1b: Rillaboom|33/100\n|\n|-weather|RainDance|[upkeep]\n|-heal|p2b: \u94f6\u91d1\u5996\u86c7|84/100|[from] Grassy Terrain\n|-heal|p1b: Rillaboom|39/100|[from] Grassy Terrain\n|upkeep\n|turn|4\n|inactive|dasabe\u76d6\u6b27\u5361\u4fa0 has 30 seconds left.\n|\n|t:|1772282541\n|move|p2b: \u94f6\u91d1\u5996\u86c7|Protect|p2b: \u94f6\u91d1\u5996\u86c7\n|-singleturn|p2b: \u94f6\u91d1\u5996\u86c7|Protect\n|move|p1b: Rillaboom|Fake Out|p2b: \u94f6\u91d1\u5996\u86c7\n|-activate|p2b: \u94f6\u91d1\u5996\u86c7|move: Protect\n|move|p2a: \u5996\u820d\u7cbe\u62c9|Encore|p1a: Giratina\n|-start|p1a: Giratina|Encore\n|move|p1a: Giratina|Shadow Sneak|p2b: \u94f6\u91d1\u5996\u86c7\n|-activate|p2b: \u94f6\u91d1\u5996\u86c7|move: Protect\n|\n|-weather|RainDance|[upkeep]\n|-heal|p2b: \u94f6\u91d1\u5996\u86c7|90/100|[from] Grassy Terrain\n|-heal|p1b: Rillaboom|45/100|[from] Grassy Terrain\n|upkeep\n|turn|5\n|inactive|dasabe\u76d6\u6b27\u5361\u4fa0 has 30 seconds left.\n|\n|t:|1772282575\n|-terastallize|p2b: \u94f6\u91d1\u5996\u86c7|Fairy\n|move|p1a: Giratina|Shadow Sneak|p2a: \u5996\u820d\u7cbe\u62c9\n|-damage|p2a: \u5996\u820d\u7cbe\u62c9|57/100\n|move|p2a: \u5996\u820d\u7cbe\u62c9|Moonblast|p1b: Rillaboom\n|-damage|p1b: Rillaboom|21/100\n|move|p2b: \u94f6\u91d1\u5996\u86c7|Dazzling Gleam|p1b: Rillaboom|[spread] p1a,p1b\n|-supereffective|p1a: Giratina\n|-damage|p1a: Giratina|0 fnt\n|-damage|p1b: Rillaboom|0 fnt\n|faint|p1a: Giratina\n|faint|p1b: Rillaboom\n|-damage|p2b: \u94f6\u91d1\u5996\u86c7|80/100|[from] item: Life Orb\n|\n|-weather|none\n|-heal|p2a: \u5996\u820d\u7cbe\u62c9|63/100|[from] Grassy Terrain\n|-heal|p2b: \u94f6\u91d1\u5996\u86c7|85/100|[from] Grassy Terrain\n|-sideend|p2: dasabe\u76d6\u6b27\u5361\u4fa0|move: Tailwind\n|upkeep\n|\n|t:|1772282586\n|switch|p1b: Zamazenta|Zamazenta-Crowned, L50|100/100\n|switch|p1a: Chien-Pao|Chien-Pao, L50|13/100\n|-ability|p1a: Chien-Pao|Sword of Ruin\n|-ability|p1b: Zamazenta|Dauntless Shield|boost\n|-boost|p1b: Zamazenta|def|1\n|turn|6\n|\n|t:|1772282609\n|switch|p2b: \u6210\u90fd\u8001\u76d6|Kyogre, L50, shiny|15/100\n|-weather|RainDance|[from] ability: Drizzle|[of] p2b: \u6210\u90fd\u8001\u76d6\n|move|p1a: Chien-Pao|Protect|p1a: Chien-Pao\n|-singleturn|p1a: Chien-Pao|Protect\n|move|p2a: \u5996\u820d\u7cbe\u62c9|Tailwind|p2a: \u5996\u820d\u7cbe\u62c9\n|-sidestart|p2: dasabe\u76d6\u6b27\u5361\u4fa0|move: Tailwind\n|move|p1b: Zamazenta|Heavy Slam|p2b: \u6210\u90fd\u8001\u76d6\n|-resisted|p2b: \u6210\u90fd\u8001\u76d6\n|-damage|p2b: \u6210\u90fd\u8001\u76d6|0 fnt\n|faint|p2b: \u6210\u90fd\u8001\u76d6\n|\n|-weather|RainDance|[upkeep]\n|-heal|p2a: \u5996\u820d\u7cbe\u62c9|69/100|[from] Grassy Terrain\n|-heal|p1a: Chien-Pao|18/100|[from] Grassy Terrain\n|upkeep\n|\n|t:|1772282611\n|switch|p2b: \u94f6\u91d1\u5996\u86c7|Miraidon, L50, shiny, tera:Fairy|85/100\n|-fieldstart|move: Electric Terrain|[from] ability: Hadron Engine|[of] p2b: \u94f6\u91d1\u5996\u86c7\n|turn|7\n|\n|t:|1772282622\n|move|p1b: Zamazenta|Wide Guard|p1b: Zamazenta\n|-singleturn|p1b: Zamazenta|Wide Guard\n|move|p2a: \u5996\u820d\u7cbe\u62c9|Endeavor|p1b: Zamazenta\n|-damage|p1b: Zamazenta|46/100\n|move|p2b: \u94f6\u91d1\u5996\u86c7|Electro Drift|p1b: Zamazenta\n|-damage|p1b: Zamazenta|0 fnt\n|faint|p1b: Zamazenta\n|-damage|p2b: \u94f6\u91d1\u5996\u86c7|75/100|[from] item: Life Orb\n|move|p1a: Chien-Pao|Icicle Crash|p2a: \u5996\u820d\u7cbe\u62c9\n|-supereffective|p2a: \u5996\u820d\u7cbe\u62c9\n|-damage|p2a: \u5996\u820d\u7cbe\u62c9|0 fnt\n|faint|p2a: \u5996\u820d\u7cbe\u62c9\n|\n|-weather|RainDance|[upkeep]\n|upkeep\n|turn|8\n|\n|t:|1772282645\n|move|p1a: Chien-Pao|Protect|p1a: Chien-Pao\n|-singleturn|p1a: Chien-Pao|Protect\n|move|p2b: \u94f6\u91d1\u5996\u86c7|Electro Drift|p1a: Chien-Pao\n|-activate|p1a: Chien-Pao|move: Protect\n|\n|-weather|RainDance|[upkeep]\n|upkeep\n|turn|9\n|\n|t:|1772282647\n|move|p1a: Chien-Pao|Protect||[still]\n|-fail|p1a: Chien-Pao\n|move|p2b: \u94f6\u91d1\u5996\u86c7|Electro Drift|p1a: Chien-Pao\n|-damage|p1a: Chien-Pao|0 fnt\n|faint|p1a: Chien-Pao\n|-damage|p2b: \u94f6\u91d1\u5996\u86c7|65/100|[from] item: Life Orb\n|\n|win|dasabe\u76d6\u6b27\u5361\u4fa0\n|raw|eebgm's rating: 1458 &rarr; <strong>1440</strong><br />(-18 for losing)\n|raw|dasabe\u76d6\u6b27\u5361\u4fa0's rating: 1500 &rarr; <strong>1518</strong><br />(+18 for winning)\n|l|\u2606eebgm\n|player|p1|\n","uploadtime":1772282664,"views":15,"formatid":"gen9vgc2026regi","rating":1440,"private":0,"password":null}