{"id":"gen9vgc2026regi-2569917889","format":"[Gen 9] VGC 2026 Reg I","players":["Boneitis","newlifecicle"],"log":"|j|\u2606Boneitis\n|j|\u2606newlifecicle\n|t:|1774745902\n|gametype|doubles\n|player|p1|Boneitis|266|1438\n|player|p2|newlifecicle|veteran|1574\n|gen|9\n|tier|[Gen 9] VGC 2026 Reg I\n|rated|\n|rule|Species Clause: Limit one of each Pok\u00e9mon\n|rule|Item Clause: Limit 1 of each item\n|clearpoke\n|poke|p1|Poliwag, L50, M|\n|poke|p1|Kyogre, L50|\n|poke|p1|Tsareena, L50, F|\n|poke|p1|Zacian-*, L50|\n|poke|p1|Incineroar, L50, M|\n|poke|p1|Rhydon, L50, M|\n|poke|p2|Calyrex-Shadow, L50|\n|poke|p2|Zamazenta-*, L50|\n|poke|p2|Chien-Pao, L50|\n|poke|p2|Dragonite, L50, F|\n|poke|p2|Raging Bolt, L50|\n|poke|p2|Amoonguss, L50, F|\n|teampreview|4\n|inactive|Battle timer is ON: inactive players will automatically lose when time's up. (requested by newlifecicle)\n|inactive|newlifecicle has 60 seconds left.\n|\n|t:|1774745936\n|teamsize|p1|4\n|teamsize|p2|4\n|start\n|switch|p1a: Poliwag|Poliwag, L50, M|100/100\n|switch|p1b: Kyogre|Kyogre, L50|100/100\n|switch|p2a: PinkPonyClub|Calyrex-Shadow, L50|100/100\n|switch|p2b: protec|Zamazenta-Crowned, L50|100/100\n|-ability|p2a: PinkPonyClub|As One\n|-ability|p2a: PinkPonyClub|Unnerve\n|-weather|RainDance|[from] ability: Drizzle|[of] p1b: Kyogre\n|-ability|p2b: protec|Dauntless Shield|boost\n|-boost|p2b: protec|def|1\n|turn|1\n|inactive|Boneitis has 30 seconds left.\n|\n|t:|1774745965\n|-terastallize|p1b: Kyogre|Water\n|move|p2a: PinkPonyClub|Protect|p2a: PinkPonyClub\n|-singleturn|p2a: PinkPonyClub|Protect\n|move|p2b: protec|Protect|p2b: protec\n|-singleturn|p2b: protec|Protect\n|move|p1a: Poliwag|Endeavor|p2b: protec\n|-activate|p2b: protec|move: Protect\n|move|p1b: Kyogre|Tera Blast|p2b: protec|[anim] Tera Blast Water\n|-activate|p2b: protec|move: Protect\n|\n|-weather|RainDance|[upkeep]\n|upkeep\n|turn|2\n|\n|t:|1774745988\n|-terastallize|p2a: PinkPonyClub|Ghost\n|move|p1a: Poliwag|Icy Wind|p2b: protec|[spread] p2a,p2b\n|-resisted|p2b: protec\n|-damage|p2a: PinkPonyClub|93/100\n|-damage|p2b: protec|98/100\n|-unboost|p2a: PinkPonyClub|spe|1\n|-unboost|p2b: protec|spe|1\n|move|p1b: Kyogre|Tera Blast|p2a: PinkPonyClub|[anim] Tera Blast Water\n|-damage|p2a: PinkPonyClub|2/100\n|move|p2a: PinkPonyClub|Astral Barrage|p1b: Kyogre|[spread] p1a,p1b\n|-enditem|p1a: Poliwag|Focus Sash\n|-damage|p1a: Poliwag|1/100\n|-damage|p1b: Kyogre|43/100\n|move|p2b: protec|Body Press|p1a: Poliwag\n|-damage|p1a: Poliwag|0 fnt\n|faint|p1a: Poliwag\n|\n|-weather|RainDance|[upkeep]\n|upkeep\n|c|\u2606Boneitis|wow really?\n|c|\u2606Boneitis|the hell are yu feeding that thing\n|\n|t:|1774746004\n|switch|p1a: Zacian|Zacian-Crowned, L50|100/100\n|-ability|p1a: Zacian|Intrepid Sword|boost\n|-boost|p1a: Zacian|atk|1\n|turn|3\n|\n|t:|1774746011\n|switch|p2a: Verizon|Amoonguss, L50, F|100/100\n|move|p1b: Kyogre|Tera Blast|p2b: protec|[anim] Tera Blast Water\n|-damage|p2b: protec|36/100\n|move|p1a: Zacian|Play Rough|p2b: protec\n|-damage|p2b: protec|9/100\n|move|p2b: protec|Body Press|p1b: Kyogre\n|-damage|p1b: Kyogre|0 fnt\n|faint|p1b: Kyogre\n|\n|-weather|RainDance|[upkeep]\n|upkeep\n|\n|t:|1774746018\n|switch|p1b: Tsareena|Tsareena, L50, F|100/100\n|turn|4\n|inactive|newlifecicle has 30 seconds left.\n|\n|t:|1774746043\n|move|p1a: Zacian|Protect|p1a: Zacian\n|-singleturn|p1a: Zacian|Protect\n|move|p1b: Tsareena|Taunt|p2a: Verizon\n|-start|p2a: Verizon|move: Taunt\n|move|p2b: protec|Body Press|p1b: Tsareena\n|-damage|p1b: Tsareena|28/100\n|cant|p2a: Verizon|move: Taunt|Spore\n|\n|-weather|RainDance|[upkeep]\n|upkeep\n|turn|5\n|\n|t:|1774746058\n|move|p1a: Zacian|Play Rough|p2b: protec\n|-damage|p2b: protec|0 fnt\n|faint|p2b: protec\n|move|p1b: Tsareena|Triple Axel|p2a: Verizon|[miss]\n|-miss|p1b: Tsareena|p2a: Verizon\n|move|p2a: Verizon|Sludge Bomb|p1b: Tsareena\n|-supereffective|p1b: Tsareena\n|-damage|p1b: Tsareena|0 fnt\n|faint|p1b: Tsareena\n|\n|-weather|none\n|upkeep\n|\n|t:|1774746063\n|switch|p2b: PinkPonyClub|Calyrex-Shadow, L50, tera:Ghost|2/100\n|-ability|p2b: PinkPonyClub|As One\n|-ability|p2b: PinkPonyClub|Unnerve\n|turn|6\n|\n|t:|1774746074\n|switch|p2a: Arlie|Chien-Pao, L50|100/100\n|-ability|p2a: Arlie|Sword of Ruin\n|move|p2b: PinkPonyClub|Astral Barrage|p1a: Zacian\n|-damage|p1a: Zacian|9/100\n|move|p1a: Zacian|Behemoth Blade|p2b: PinkPonyClub\n|-damage|p2b: PinkPonyClub|0 fnt\n|faint|p2b: PinkPonyClub\n|\n|upkeep\n|-message|Boneitis forfeited.\n|\n|win|newlifecicle\n|raw|Boneitis's rating: 1438 &rarr; <strong>1425</strong><br />(-13 for losing)\n|raw|newlifecicle's rating: 1574 &rarr; <strong>1587</strong><br />(+13 for winning)\n|l|\u2606Boneitis\n|player|p1|\n|l|\u2606newlifecicle\n|player|p2|\n","uploadtime":1774746269,"views":16,"formatid":"gen9vgc2026regi","rating":1425,"private":0,"password":null}