{"id":"gen9vgc2026regi-2586802829","format":"[Gen 9] VGC 2026 Reg I","players":["sjknjhlhf","BigBusted"],"log":"|j|\u2606sjknjhlhf\n|j|\u2606BigBusted\n|t:|1776461135\n|gametype|doubles\n|player|p1|sjknjhlhf|266|1442\n|player|p2|BigBusted|unknown|1312\n|gen|9\n|tier|[Gen 9] VGC 2026 Reg I\n|rated|\n|rule|Species Clause: Limit one of each Pok\u00e9mon\n|rule|Item Clause: Limit 1 of each item\n|clearpoke\n|poke|p1|Amoonguss, L50, F|\n|poke|p1|Calyrex-Ice, L50|\n|poke|p1|Kyogre, L50|\n|poke|p1|Grimmsnarl, L50, M|\n|poke|p1|Basculegion, L50, M|\n|poke|p1|Archaludon, L50, M|\n|poke|p2|Iron Hands, L50|\n|poke|p2|Farigiraf, L50, F|\n|poke|p2|Miraidon, L50|\n|poke|p2|Incineroar, L50, F|\n|poke|p2|Wo-Chien, L50|\n|poke|p2|Garchomp, L50, M|\n|teampreview|4\n|l|\u2606sjknjhlhf\n|player|p1|\n|j|\u2606sjknjhlhf\n|player|p1|sjknjhlhf|266|\n|inactive|Battle timer is ON: inactive players will automatically lose when time's up. (requested by sjknjhlhf)\n|inactive|BigBusted has 60 seconds left.\n|inactive|sjknjhlhf has 60 seconds left.\n|inactive|BigBusted has 30 seconds left.\n|inactive|BigBusted has 20 seconds left.\n|inactive|BigBusted has 15 seconds left.\n|inactive|BigBusted has 10 seconds left.\n|\n|t:|1776461245\n|teamsize|p1|4\n|teamsize|p2|4\n|start\n|switch|p1a: Calyrex|Calyrex-Ice, L50|100/100\n|switch|p1b: Kyogre|Kyogre, L50|100/100\n|switch|p2a: Miraidon|Miraidon, L50, shiny|100/100\n|switch|p2b: Garchomp|Garchomp, L50, M, shiny|100/100\n|-ability|p1a: Calyrex|As One\n|-ability|p1a: Calyrex|Unnerve\n|-fieldstart|move: Electric Terrain|[from] ability: Hadron Engine|[of] p2a: Miraidon\n|-weather|RainDance|[from] ability: Drizzle|[of] p1b: Kyogre\n|turn|1\n|inactive|sjknjhlhf has 30 seconds left.\n|inactive|BigBusted has 30 seconds left.\n|inactive|sjknjhlhf has 20 seconds left.\n|inactive|BigBusted has 20 seconds left.\n|\n|t:|1776461283\n|-terastallize|p1a: Calyrex|Grass\n|move|p1b: Kyogre|Protect|p1b: Kyogre\n|-singleturn|p1b: Kyogre|Protect\n|move|p2b: Garchomp|Rock Slide|p1b: Kyogre|[spread] p1a\n|-activate|p1b: Kyogre|move: Protect\n|-damage|p1a: Calyrex|89/100\n|move|p2a: Miraidon|Discharge|p1b: Kyogre|[spread] p1a\n|-activate|p1b: Kyogre|move: Protect\n|-immune|p2b: Garchomp\n|-resisted|p1a: Calyrex\n|-damage|p1a: Calyrex|62/100\n|cant|p1a: Calyrex|flinch\n|\n|-weather|RainDance|[upkeep]\n|upkeep\n|turn|2\n|\n|t:|1776461307\n|switch|p1b: Amoonguss|Amoonguss, L50, F|100/100\n|move|p2b: Garchomp|Rock Slide|p1a: Calyrex|[spread] p1a,p1b\n|-damage|p1a: Calyrex|51/100\n|-damage|p1b: Amoonguss|80/100\n|move|p2a: Miraidon|Discharge|p1a: Calyrex|[spread] p1a,p1b\n|-immune|p2b: Garchomp\n|-resisted|p1a: Calyrex\n|-resisted|p1b: Amoonguss\n|-damage|p1a: Calyrex|28/100\n|-damage|p1b: Amoonguss|48/100\n|-status|p1a: Calyrex|par\n|move|p1a: Calyrex|Trick Room|p1a: Calyrex\n|-fieldstart|move: Trick Room|[of] p1a: Calyrex\n|\n|-weather|RainDance|[upkeep]\n|upkeep\n|turn|3\n|c|\u2606sjknjhlhf|really\uff1f\n|inactive|sjknjhlhf has 30 seconds left.\n|\n|t:|1776461334\n|move|p1a: Calyrex|Glacial Lance|p2b: Garchomp|[spread] p2a,p2b\n|-supereffective|p2a: Miraidon\n|-supereffective|p2b: Garchomp\n|-damage|p2a: Miraidon|4/100\n|-damage|p2b: Garchomp|0 fnt\n|faint|p2b: Garchomp\n|-ability|p1a: Calyrex|Chilling Neigh|boost\n|-boost|p1a: Calyrex|atk|1\n|move|p1b: Amoonguss|Pollen Puff|p1a: Calyrex\n|-heal|p1a: Calyrex|77/100 par\n|move|p2a: Miraidon|Discharge|p1a: Calyrex|[spread] p1a,p1b\n|-resisted|p1a: Calyrex\n|-resisted|p1b: Amoonguss\n|-damage|p1a: Calyrex|54/100 par\n|-damage|p1b: Amoonguss|11/100\n|\n|-weather|RainDance|[upkeep]\n|upkeep\n|\n|t:|1776461357\n|switch|p2b: Incineroar|Incineroar, L50, F|100/100\n|-ability|p2b: Incineroar|Intimidate|boost\n|-unboost|p1a: Calyrex|atk|1\n|-unboost|p1b: Amoonguss|atk|1\n|turn|4\n|\n|t:|1776461373\n|switch|p2a: Wo-Chien|Wo-Chien, L50|100/100\n|-ability|p2a: Wo-Chien|Tablets of Ruin\n|cant|p1a: Calyrex|par\n|move|p2b: Incineroar|Fake Out|p1a: Calyrex\n|-damage|p1a: Calyrex|49/100 par\n|move|p1b: Amoonguss|Pollen Puff|p2a: Wo-Chien\n|-supereffective|p2a: Wo-Chien\n|-damage|p2a: Wo-Chien|53/100\n|\n|-weather|RainDance|[upkeep]\n|-heal|p2a: Wo-Chien|59/100|[from] item: Leftovers\n|upkeep\n|turn|5\n|inactive|BigBusted has 30 seconds left.\n|\n|t:|1776461401\n|cant|p1a: Calyrex|par\n|move|p1b: Amoonguss|Pollen Puff|p1a: Calyrex\n|-heal|p1a: Calyrex|99/100 par\n|move|p2b: Incineroar|Flare Blitz|p1a: Calyrex\n|-supereffective|p1a: Calyrex\n|-damage|p1a: Calyrex|80/100 par\n|-damage|p2b: Incineroar|94/100|[from] Recoil\n|move|p2a: Wo-Chien|Pollen Puff|p1a: Calyrex\n|-supereffective|p1a: Calyrex\n|-damage|p1a: Calyrex|54/100 par\n|\n|-weather|none\n|-heal|p2a: Wo-Chien|65/100|[from] item: Leftovers\n|-fieldend|move: Electric Terrain\n|upkeep\n|turn|6\n|\n|t:|1776461423\n|switch|p2b: Miraidon|Miraidon, L50, shiny|4/100\n|-fieldstart|move: Electric Terrain|[from] ability: Hadron Engine|[of] p2b: Miraidon\n|cant|p1a: Calyrex|par\n|move|p1b: Amoonguss|Spore|p2b: Miraidon\n|-activate|p2b: Miraidon|move: Electric Terrain\n|move|p2a: Wo-Chien|Pollen Puff|p1b: Amoonguss\n|-damage|p1b: Amoonguss|0 fnt\n|faint|p1b: Amoonguss\n|\n|-heal|p2a: Wo-Chien|71/100|[from] item: Leftovers\n|-fieldend|move: Trick Room\n|upkeep\n|c|\u2606sjknjhlhf|lol\n|\n|t:|1776461447\n|switch|p1b: Archaludon|Archaludon, L50, M|100/100\n|turn|7\n|\n|t:|1776461470\n|move|p2a: Wo-Chien|Protect|p2a: Wo-Chien\n|-singleturn|p2a: Wo-Chien|Protect\n|move|p2b: Miraidon|Draco Meteor|p1a: Calyrex\n|-damage|p1a: Calyrex|0 fnt\n|-unboost|p2b: Miraidon|spa|2\n|faint|p1a: Calyrex\n|move|p1b: Archaludon|Aura Sphere|p2b: Miraidon\n|-damage|p2b: Miraidon|0 fnt\n|faint|p2b: Miraidon\n|\n|-heal|p2a: Wo-Chien|78/100|[from] item: Leftovers\n|upkeep\n|\n|t:|1776461481\n|switch|p2b: Incineroar|Incineroar, L50, F|94/100\n|switch|p1a: Kyogre|Kyogre, L50|100/100\n|-weather|RainDance|[from] ability: Drizzle|[of] p1a: Kyogre\n|-ability|p2b: Incineroar|Intimidate|boost\n|-unboost|p1a: Kyogre|atk|1\n|-unboost|p1b: Archaludon|atk|1\n|turn|8\n|\n|t:|1776461498\n|move|p1a: Kyogre|Protect|p1a: Kyogre\n|-singleturn|p1a: Kyogre|Protect\n|move|p2b: Incineroar|Fake Out|p1a: Kyogre\n|-activate|p1a: Kyogre|move: Protect\n|move|p2a: Wo-Chien|Leech Seed|p1b: Archaludon\n|-start|p1b: Archaludon|move: Leech Seed\n|move|p1b: Archaludon|Electro Shot||[still]\n|-prepare|p1b: Archaludon|Electro Shot\n|-boost|p1b: Archaludon|spa|1\n|-anim|p1b: Archaludon|Electro Shot|p2b: Incineroar\n|-damage|p2b: Incineroar|44/100\n|\n|-weather|RainDance|[upkeep]\n|-heal|p2a: Wo-Chien|84/100|[from] item: Leftovers\n|-damage|p1b: Archaludon|88/100|[from] Leech Seed|[of] p2a: Wo-Chien\n|-heal|p2a: Wo-Chien|96/100|[silent]\n|upkeep\n|turn|9\n|\n|t:|1776461515\n|-terastallize|p2b: Incineroar|Grass\n|move|p2a: Wo-Chien|Leech Seed|p1a: Kyogre\n|-start|p1a: Kyogre|move: Leech Seed\n|move|p1a: Kyogre|Water Spout|p2a: Wo-Chien|[spread] p2a,p2b\n|-resisted|p2a: Wo-Chien\n|-crit|p2a: Wo-Chien\n|-resisted|p2b: Incineroar\n|-damage|p2a: Wo-Chien|34/100\n|-damage|p2b: Incineroar|5/100\n|move|p1b: Archaludon|Aura Sphere|p2a: Wo-Chien\n|-supereffective|p2a: Wo-Chien\n|-damage|p2a: Wo-Chien|0 fnt\n|faint|p2a: Wo-Chien\n|move|p2b: Incineroar|Snarl|p1b: Archaludon|[spread] p1a,p1b\n|-damage|p1a: Kyogre|94/100\n|-damage|p1b: Archaludon|80/100\n|-unboost|p1a: Kyogre|spa|1\n|-unboost|p1b: Archaludon|spa|1\n|\n|-weather|RainDance|[upkeep]\n|upkeep\n|turn|10\n|c|\u2606sjknjhlhf|so bad\n|c|\u2606sjknjhlhf|still cant win with that luck\n|inactive|sjknjhlhf has 30 seconds left.\n|inactive|BigBusted has 30 seconds left.\n|inactive|BigBusted has 20 seconds left.\n|c|\u2606BigBusted|im not even paying attention chill with ur rental team\n|inactive|BigBusted has 15 seconds left.\n|-message|BigBusted forfeited.\n|\n|win|sjknjhlhf\n|raw|sjknjhlhf's rating: 1442 &rarr; <strong>1455</strong><br />(+13 for winning)\n|raw|BigBusted's rating: 1312 &rarr; <strong>1299</strong><br />(-13 for losing)\n|l|\u2606BigBusted\n|player|p2|\n|c|\u2606sjknjhlhf|lol\n|l|\u2606sjknjhlhf\n|player|p1|\n","uploadtime":1776461817,"views":10,"formatid":"gen9vgc2026regi","rating":1299,"private":0,"password":null}