{"id":"gen9vgc2026regi-2550596584","format":"[Gen 9] VGC 2026 Reg I","players":["Cello L.","Timthyeet"],"log":"|j|\u2606Cello L.\n|j|\u2606Timthyeet\n|t:|1772504679\n|gametype|doubles\n|player|p1|Cello L.|psychic-gen4|1467\n|player|p2|Timthyeet|2|1413\n|gen|9\n|tier|[Gen 9] VGC 2026 Reg I\n|rated|\n|rule|Species Clause: Limit one of each Pok\u00e9mon\n|rule|Item Clause: Limit 1 of each item\n|clearpoke\n|poke|p1|Kyogre, L50|\n|poke|p1|Calyrex-Ice, L50|\n|poke|p1|Flutter Mane, L50|\n|poke|p1|Basculegion, L50, M|\n|poke|p1|Amoonguss, L50, M|\n|poke|p1|Grimmsnarl, L50, M|\n|poke|p2|Kyogre, L50|\n|poke|p2|Ogerpon-Wellspring, L50, F|\n|poke|p2|Tornadus, L50, M|\n|poke|p2|Indeedee-F, L50, F|\n|poke|p2|Calyrex-Ice, L50|\n|poke|p2|Golem-Alola, L50, M|\n|teampreview|4\n|j| Mulock\n|\n|t:|1772504730\n|teamsize|p1|4\n|teamsize|p2|4\n|start\n|switch|p1a: Calyrex|Calyrex-Ice, L50|100/100\n|switch|p1b: Grimmsnarl|Grimmsnarl, L50, M|100/100\n|switch|p2a: Calyrex|Calyrex-Ice, L50|100/100\n|switch|p2b: Indeedee|Indeedee-F, L50, F|100/100\n|-ability|p1a: Calyrex|As One\n|-ability|p1a: Calyrex|Unnerve\n|-ability|p2a: Calyrex|As One\n|-ability|p2a: Calyrex|Unnerve\n|-fieldstart|move: Psychic Terrain|[from] ability: Psychic Surge|[of] p2b: Indeedee\n|turn|1\n|\n|t:|1772504746\n|move|p1b: Grimmsnarl|Reflect|p1b: Grimmsnarl\n|-sidestart|p1: Cello L.|Reflect\n|move|p1a: Calyrex|Glacial Lance|p2b: Indeedee|[spread] p2a,p2b\n|-resisted|p2a: Calyrex\n|-damage|p2a: Calyrex|83/100\n|-damage|p2b: Indeedee|30/100\n|move|p2a: Calyrex|Swords Dance|p2a: Calyrex\n|-boost|p2a: Calyrex|atk|2\n|move|p2b: Indeedee|Trick Room|p2b: Indeedee\n|-fieldstart|move: Trick Room|[of] p2b: Indeedee\n|\n|upkeep\n|turn|2\n|\n|t:|1772504780\n|switch|p1b: Kyogre|Kyogre, L50|100/100\n|-weather|RainDance|[from] ability: Drizzle|[of] p1b: Kyogre\n|move|p2b: Indeedee|Follow Me|p2b: Indeedee\n|-singleturn|p2b: Indeedee|move: Follow Me\n|move|p2a: Calyrex|Glacial Lance|p1b: Kyogre|[spread] p1a,p1b\n|-resisted|p1a: Calyrex\n|-resisted|p1b: Kyogre\n|-damage|p1a: Calyrex|75/100\n|-damage|p1b: Kyogre|61/100\n|move|p1a: Calyrex|Glacial Lance|p2b: Indeedee|[spread] p2a,p2b\n|-resisted|p2a: Calyrex\n|-damage|p2a: Calyrex|69/100\n|-damage|p2b: Indeedee|0 fnt\n|faint|p2b: Indeedee\n|-ability|p1a: Calyrex|Chilling Neigh|boost\n|-boost|p1a: Calyrex|atk|1\n|\n|-weather|RainDance|[upkeep]\n|-heal|p1a: Calyrex|81/100|[from] item: Leftovers\n|upkeep\n|\n|t:|1772504784\n|switch|p2b: Golem|Golem-Alola, L50, M|100/100\n|turn|3\n|\n|t:|1772504815\n|move|p1a: Calyrex|Protect|p1a: Calyrex\n|-singleturn|p1a: Calyrex|Protect\n|move|p1b: Kyogre|Protect|p1b: Kyogre\n|-singleturn|p1b: Kyogre|Protect\n|move|p2b: Golem|Double-Edge|p1b: Kyogre\n|-activate|p1b: Kyogre|move: Protect\n|move|p2a: Calyrex|High Horsepower|p1a: Calyrex\n|-activate|p1a: Calyrex|move: Protect\n|\n|-weather|RainDance|[upkeep]\n|-heal|p1a: Calyrex|86/100|[from] item: Leftovers\n|upkeep\n|turn|4\n|\n|t:|1772504830\n|switch|p1b: Grimmsnarl|Grimmsnarl, L50, M|100/100\n|move|p2b: Golem|Double-Edge|p1b: Grimmsnarl\n|-damage|p1b: Grimmsnarl|35/100\n|-damage|p2b: Golem|77/100|[from] Recoil\n|move|p2a: Calyrex|High Horsepower|p1a: Calyrex|[miss]\n|-miss|p2a: Calyrex|p1a: Calyrex\n|move|p1a: Calyrex|Glacial Lance|p2a: Calyrex|[spread] p2a,p2b\n|-resisted|p2a: Calyrex\n|-damage|p2a: Calyrex|43/100\n|-damage|p2b: Golem|19/100\n|\n|-weather|RainDance|[upkeep]\n|-heal|p1a: Calyrex|92/100|[from] item: Leftovers\n|upkeep\n|turn|5\n|\n|t:|1772504850\n|move|p2a: Calyrex|Protect|p2a: Calyrex\n|-singleturn|p2a: Calyrex|Protect\n|move|p1a: Calyrex|Protect|p1a: Calyrex\n|-singleturn|p1a: Calyrex|Protect\n|move|p1b: Grimmsnarl|Light Screen|p1b: Grimmsnarl\n|-sidestart|p1: Cello L.|move: Light Screen\n|move|p2b: Golem|Explosion|p1b: Grimmsnarl|[spread] p1b\n|-activate|p2a: Calyrex|move: Protect\n|-activate|p1a: Calyrex|move: Protect\n|-damage|p1b: Grimmsnarl|0 fnt\n|faint|p2b: Golem\n|faint|p1b: Grimmsnarl\n|\n|-weather|RainDance|[upkeep]\n|-heal|p1a: Calyrex|98/100|[from] item: Leftovers\n|-fieldend|move: Trick Room\n|-fieldend|move: Psychic Terrain\n|upkeep\n|\n|t:|1772504864\n|switch|p1b: Kyogre|Kyogre, L50|61/100\n|switch|p2b: Kyogre|Kyogre, L50|100/100\n|turn|6\n|\n|t:|1772504889\n|move|p1b: Kyogre|Water Spout|p2b: Kyogre|[spread] p2a,p2b\n|-resisted|p2b: Kyogre\n|-damage|p2a: Calyrex|0 fnt\n|-damage|p2b: Kyogre|77/100\n|faint|p2a: Calyrex\n|move|p2b: Kyogre|Thunder|p1b: Kyogre\n|-supereffective|p1b: Kyogre\n|-damage|p1b: Kyogre|0 fnt\n|faint|p1b: Kyogre\n|-damage|p2b: Kyogre|67/100|[from] item: Life Orb\n|move|p1a: Calyrex|Leech Seed|p2b: Kyogre\n|-start|p2b: Kyogre|move: Leech Seed\n|\n|-weather|none\n|-heal|p1a: Calyrex|100/100|[from] item: Leftovers\n|-damage|p2b: Kyogre|55/100|[from] Leech Seed|[of] p1a: Calyrex\n|upkeep\n|\n|t:|1772504902\n|switch|p1b: Basculegion|Basculegion, L50, M|100/100\n|turn|7\n|\n|t:|1772504909\n|move|p2b: Kyogre|Thunder|p1b: Basculegion\n|-supereffective|p1b: Basculegion\n|-damage|p1b: Basculegion|11/100\n|-status|p1b: Basculegion|par\n|-damage|p2b: Kyogre|45/100|[from] item: Life Orb\n|move|p1a: Calyrex|Glacial Lance|p2b: Kyogre\n|-resisted|p2b: Kyogre\n|-damage|p2b: Kyogre|0 fnt\n|faint|p2b: Kyogre\n|\n|win|Cello L.\n|raw|Cello L.'s rating: 1467 &rarr; <strong>1484</strong><br />(+17 for winning)\n|raw|Timthyeet's rating: 1413 &rarr; <strong>1396</strong><br />(-17 for losing)\n|l|\u2606Timthyeet\n|player|p2|\n|l| Mulock\n","uploadtime":1772504918,"views":13,"formatid":"gen9vgc2026regi","rating":1396,"private":0,"password":null}