{"id":"gen9vgc2026regi-2573234571","format":"[Gen 9] VGC 2026 Reg I","players":["Peppersalt1","TheManOfSausage"],"log":"|j|\u2606Peppersalt1\n|j|\u2606TheManOfSausage\n|t:|1775106804\n|gametype|doubles\n|player|p1|Peppersalt1|teamrocket|1414\n|player|p2|TheManOfSausage|miku-water|1534\n|gen|9\n|tier|[Gen 9] VGC 2026 Reg I\n|rated|\n|rule|Species Clause: Limit one of each Pok\u00e9mon\n|rule|Item Clause: Limit 1 of each item\n|clearpoke\n|poke|p1|Groudon, L50|\n|poke|p1|Miraidon, L50|\n|poke|p1|Volcarona, L50, M|\n|poke|p1|Flutter Mane, L50|\n|poke|p1|Incineroar, L50, F|\n|poke|p1|Grimmsnarl, L50, M|\n|poke|p2|Calyrex-Shadow, L50|\n|poke|p2|Miraidon, L50|\n|poke|p2|Clefairy, L50, M|\n|poke|p2|Rillaboom, L50, M|\n|poke|p2|Incineroar, L50, M|\n|poke|p2|Flamigo, L50, M|\n|teampreview|4\n|inactive|Battle timer is ON: inactive players will automatically lose when time's up. (requested by Peppersalt1)\nTheManOfSausage has agreed to open team sheets.\n|\n|t:|1775106828\n|teamsize|p1|4\n|teamsize|p2|4\n|start\n|switch|p1a: Groudon|Groudon, L50|100/100\n|switch|p1b: Miraidon|Miraidon, L50|100/100\n|switch|p2a: Rice Shower|Calyrex-Shadow, L50|100/100\n|switch|p2b: Magical Mirai|Miraidon, L50|100/100\n|-ability|p2a: Rice Shower|As One\n|-ability|p2a: Rice Shower|Unnerve\n|-fieldstart|move: Electric Terrain|[from] ability: Hadron Engine|[of] p2b: Magical Mirai\n|-activate|p1b: Miraidon|ability: Hadron Engine\n|-weather|SunnyDay|[from] ability: Drought|[of] p1a: Groudon\n|turn|1\n|\n|t:|1775106844\n|switch|p1b: Incineroar|Incineroar, L50, F|100/100\n|-ability|p1b: Incineroar|Intimidate|boost\n|-unboost|p2a: Rice Shower|atk|1\n|-unboost|p2b: Magical Mirai|atk|1\n|move|p2b: Magical Mirai|Volt Switch|p1b: Incineroar\n|-damage|p1b: Incineroar|35/100\n|\n|t:|1775106847\n|switch|p2b: Incineroar|Incineroar, L50, M, shiny|100/100|[from] Volt Switch\n|-ability|p2b: Incineroar|Intimidate|boost\n|-unboost|p1a: Groudon|atk|1\n|-unboost|p1b: Incineroar|atk|1\n|move|p2a: Rice Shower|Nasty Plot|p2a: Rice Shower\n|-boost|p2a: Rice Shower|spa|2\n|move|p1a: Groudon|Precipice Blades|p2b: Incineroar|[spread] p2a,p2b\n|-supereffective|p2b: Incineroar\n|-damage|p2a: Rice Shower|61/100\n|-damage|p2b: Incineroar|50/100\n|\n|-weather|SunnyDay|[upkeep]\n|upkeep\n|turn|2\n|\n|t:|1775106863\n|move|p2b: Incineroar|Fake Out|p1b: Incineroar\n|-damage|p1b: Incineroar|26/100\n|cant|p1b: Incineroar|flinch\n|move|p2a: Rice Shower|Nasty Plot|p2a: Rice Shower\n|-boost|p2a: Rice Shower|spa|2\n|move|p1a: Groudon|Heat Crash|p2a: Rice Shower\n|-damage|p2a: Rice Shower|15/100\n|\n|-weather|SunnyDay|[upkeep]\n|upkeep\n|turn|3\n|\n|t:|1775106875\n|switch|p2b: Rillaboom|Rillaboom, L50, M|100/100\n|-fieldstart|move: Grassy Terrain|[from] ability: Grassy Surge|[of] p2b: Rillaboom\n|move|p2a: Rice Shower|Astral Barrage|p1a: Groudon|[spread] p1a,p1b\n|-resisted|p1b: Incineroar\n|-damage|p1a: Groudon|0 fnt\n|-damage|p1b: Incineroar|0 fnt\n|faint|p1a: Groudon\n|faint|p1b: Incineroar\n|-ability|p2a: Rice Shower|Grim Neigh|boost\n|-boost|p2a: Rice Shower|spa|2\n|\n|-weather|SunnyDay|[upkeep]\n|-heal|p2a: Rice Shower|21/100|[from] Grassy Terrain\n|upkeep\n|\n|t:|1775106883\n|switch|p1a: Miraidon|Miraidon, L50|100/100\n|switch|p1b: Flutter Mane|Flutter Mane, L50|100/100\n|-fieldstart|move: Electric Terrain|[from] ability: Hadron Engine|[of] p1a: Miraidon\n|-activate|p1b: Flutter Mane|ability: Protosynthesis\n|-start|p1b: Flutter Mane|protosynthesisspe\n|turn|4\n|\n|t:|1775106892\n|-terastallize|p1a: Miraidon|Electric\n|move|p2a: Rice Shower|Protect|p2a: Rice Shower\n|-singleturn|p2a: Rice Shower|Protect\n|move|p1b: Flutter Mane|Icy Wind|p2a: Rice Shower|[spread] p2b\n|-activate|p2a: Rice Shower|move: Protect\n|-supereffective|p2b: Rillaboom\n|-damage|p2b: Rillaboom|83/100\n|-unboost|p2b: Rillaboom|spe|1\n|move|p1a: Miraidon|Parabolic Charge|p2b: Rillaboom|[spread] p1b,p2b\n|-activate|p2a: Rice Shower|move: Protect\n|-resisted|p2b: Rillaboom\n|-damage|p1b: Flutter Mane|27/100\n|-damage|p2b: Rillaboom|63/100\n|move|p2b: Rillaboom|U-turn|p1b: Flutter Mane\n|-resisted|p1b: Flutter Mane\n|-damage|p1b: Flutter Mane|14/100\n|\n|t:|1775106903\n|switch|p2b: Incineroar|Incineroar, L50, M, shiny|50/100|[from] U-turn\n|-ability|p2b: Incineroar|Intimidate|boost\n|-unboost|p1a: Miraidon|atk|1\n|-unboost|p1b: Flutter Mane|atk|1\n|\n|-weather|SunnyDay|[upkeep]\n|upkeep\n|turn|5\n|\n|t:|1775106909\n|move|p2b: Incineroar|Fake Out|p1a: Miraidon\n|-damage|p1a: Miraidon|90/100\n|move|p1b: Flutter Mane|Moonblast|p2a: Rice Shower\n|-crit|p2a: Rice Shower\n|-damage|p2a: Rice Shower|0 fnt\n|faint|p2a: Rice Shower\n|cant|p1a: Miraidon|flinch\n|\n|-weather|none\n|-end|p1b: Flutter Mane|Protosynthesis\n|upkeep\n|\n|t:|1775106915\n|switch|p2a: Magical Mirai|Miraidon, L50|100/100\n|-activate|p2a: Magical Mirai|ability: Hadron Engine\n|turn|6\n|\n|t:|1775106931\n|move|p2a: Magical Mirai|Draco Meteor|p1a: Miraidon\n|-damage|p1a: Miraidon|35/100\n|-unboost|p2a: Magical Mirai|spa|2\n|move|p1b: Flutter Mane|Icy Wind|p2a: Magical Mirai|[spread] p2a,p2b\n|-supereffective|p2a: Magical Mirai\n|-resisted|p2b: Incineroar\n|-damage|p2a: Magical Mirai|75/100\n|-damage|p2b: Incineroar|43/100\n|-unboost|p2a: Magical Mirai|spe|1\n|-unboost|p2b: Incineroar|spe|1\n|move|p1a: Miraidon|Draco Meteor|p2a: Magical Mirai\n|-supereffective|p2a: Magical Mirai\n|-damage|p2a: Magical Mirai|0 fnt\n|-unboost|p1a: Miraidon|spa|2\n|faint|p2a: Magical Mirai\n|move|p2b: Incineroar|Knock Off|p1b: Flutter Mane\n|-damage|p1b: Flutter Mane|0 fnt\n|-enditem|p1b: Flutter Mane|Focus Sash|[from] move: Knock Off|[of] p2b: Incineroar\n|faint|p1b: Flutter Mane\n|-end|p1b: Flutter Mane|Protosynthesis|[silent]\n|\n|upkeep\n|\n|t:|1775106934\n|switch|p2a: Rillaboom|Rillaboom, L50, M|63/100\n|-fieldstart|move: Grassy Terrain|[from] ability: Grassy Surge|[of] p2a: Rillaboom\n|turn|7\n|\n|t:|1775106939\n|move|p2a: Rillaboom|Fake Out|p1a: Miraidon\n|-damage|p1a: Miraidon|22/100\n|cant|p1a: Miraidon|flinch\n|move|p2b: Incineroar|Knock Off|p1a: Miraidon\n|-damage|p1a: Miraidon|0 fnt\n|-enditem|p1a: Miraidon|Assault Vest|[from] move: Knock Off|[of] p2b: Incineroar\n|faint|p1a: Miraidon\n|\n|win|TheManOfSausage\n|raw|Peppersalt1's rating: 1414 &rarr; <strong>1401</strong><br />(-13 for losing)\n|raw|TheManOfSausage's rating: 1534 &rarr; <strong>1547</strong><br />(+13 for winning)\n|l|\u2606Peppersalt1\n|player|p1|\n|c|\u2606TheManOfSausage|gg\n|l|\u2606TheManOfSausage\n|player|p2|\n","uploadtime":1775107167,"views":13,"formatid":"gen9vgc2026regi","rating":1401,"private":0,"password":null}