{"id":"gen9vgc2026regi-2568994485","format":"[Gen 9] VGC 2026 Reg I","players":["pigs2fly","pskire"],"log":"|j|\u2606pigs2fly\n|j|\u2606pskire\n|t:|1774639350\n|gametype|doubles\n|player|p1|pigs2fly|dexio|1567\n|player|p2|pskire|cynthia-masters4|1458\n|gen|9\n|tier|[Gen 9] VGC 2026 Reg I\n|rated|\n|rule|Species Clause: Limit one of each Pok\u00e9mon\n|rule|Item Clause: Limit 1 of each item\n|clearpoke\n|poke|p1|Annihilape, L50, M|\n|poke|p1|Tornadus, L50, M|\n|poke|p1|Dondozo, L50, M|\n|poke|p1|Tatsugiri, L50, F|\n|poke|p1|Zacian-*, L50|\n|poke|p1|Kyogre, L50|\n|poke|p2|Calyrex-Shadow, L50|\n|poke|p2|Koraidon, L50|\n|poke|p2|Rillaboom, L50, M|\n|poke|p2|Incineroar, L50, F|\n|poke|p2|Volcarona, L50, F|\n|poke|p2|Regieleki, L50|\n|teampreview|4\n|\n|t:|1774639364\n|teamsize|p1|4\n|teamsize|p2|4\n|start\n|switch|p1a: Dondozo|Dondozo, L50, M|100/100\n|switch|p1b: Kyogre|Kyogre, L50|100/100\n|switch|p2a: Calyrex|Calyrex-Shadow, L50|100/100\n|switch|p2b: Regieleki|Regieleki, L50|100/100\n|-ability|p2a: Calyrex|As One\n|-ability|p2a: Calyrex|Unnerve\n|-weather|RainDance|[from] ability: Drizzle|[of] p1b: Kyogre\n|turn|1\n|\n|t:|1774639380\n|move|p1a: Dondozo|Protect|p1a: Dondozo\n|-singleturn|p1a: Dondozo|Protect\n|move|p2b: Regieleki|Electroweb|p1a: Dondozo|[spread] p1b\n|-activate|p1a: Dondozo|move: Protect\n|-supereffective|p1b: Kyogre\n|-damage|p1b: Kyogre|77/100\n|-unboost|p1b: Kyogre|spe|1\n|move|p2a: Calyrex|Astral Barrage|p1b: Kyogre|[spread] p1b\n|-activate|p1a: Dondozo|move: Protect\n|-damage|p1b: Kyogre|46/100\n|-damage|p2a: Calyrex|91/100|[from] item: Life Orb\n|move|p1b: Kyogre|Origin Pulse|p2b: Regieleki|[spread] p2a,p2b\n|-crit|p2a: Calyrex\n|-damage|p2a: Calyrex|0 fnt\n|-enditem|p2b: Regieleki|Focus Sash\n|-damage|p2b: Regieleki|1/100\n|faint|p2a: Calyrex\n|\n|-weather|RainDance|[upkeep]\n|upkeep\n|\n|t:|1774639391\n|switch|p2a: Rillaboom|Rillaboom, L50, M|100/100\n|-fieldstart|move: Grassy Terrain|[from] ability: Grassy Surge|[of] p2a: Rillaboom\n|turn|2\n|\n|t:|1774639397\n|-terastallize|p1a: Dondozo|Grass\n|move|p2a: Rillaboom|Fake Out|p1a: Dondozo\n|-damage|p1a: Dondozo|91/100\n|move|p2b: Regieleki|Volt Switch|p1a: Dondozo\n|-resisted|p1a: Dondozo\n|-damage|p1a: Dondozo|73/100\n|\n|t:|1774639400\n|switch|p2b: Koraidon|Koraidon, L50|100/100|[from] Volt Switch\n|-weather|SunnyDay|[from] ability: Orichalcum Pulse|[of] p2b: Koraidon\n|-activate|p2b: Koraidon|Orichalcum Pulse|[source]\n|move|p1b: Kyogre|Origin Pulse|p2b: Koraidon|[spread] p2a,p2b\n|-resisted|p2a: Rillaboom\n|-resisted|p2b: Koraidon\n|-damage|p2a: Rillaboom|93/100\n|-damage|p2b: Koraidon|89/100\n|cant|p1a: Dondozo|flinch\n|\n|-weather|SunnyDay|[upkeep]\n|-heal|p2b: Koraidon|95/100|[from] Grassy Terrain\n|-heal|p2a: Rillaboom|99/100|[from] Grassy Terrain\n|-heal|p1b: Kyogre|52/100|[from] Grassy Terrain\n|-heal|p1a: Dondozo|80/100|[from] Grassy Terrain\n|-heal|p1a: Dondozo|86/100|[from] item: Leftovers\n|upkeep\n|turn|3\n|\n|t:|1774639418\n|switch|p1b: Tatsugiri|Tatsugiri, L50, F|100/100\n|-activate|p1b: Tatsugiri|ability: Commander|[of] p1a: Dondozo\n|-boost|p1a: Dondozo|atk|2\n|-boost|p1a: Dondozo|spa|2\n|-boost|p1a: Dondozo|spe|2\n|-boost|p1a: Dondozo|def|2\n|-boost|p1a: Dondozo|spd|2\n|-terastallize|p2b: Koraidon|Fire\n|move|p1a: Dondozo|Protect|p1a: Dondozo\n|-singleturn|p1a: Dondozo|Protect\n|move|p2b: Koraidon|Flare Blitz|p1a: Dondozo\n|-activate|p1a: Dondozo|move: Protect\n|move|p2a: Rillaboom|Wood Hammer|p1b: Tatsugiri|[miss]\n|-miss|p2a: Rillaboom|p1b: Tatsugiri\n|\n|-weather|SunnyDay|[upkeep]\n|-heal|p2b: Koraidon|100/100|[from] Grassy Terrain\n|-heal|p1a: Dondozo|92/100|[from] Grassy Terrain\n|-heal|p1a: Dondozo|98/100|[from] item: Leftovers\n|-heal|p2a: Rillaboom|100/100|[from] Grassy Terrain\n|upkeep\n|turn|4\n|\n|t:|1774639443\n|move|p2b: Koraidon|Protect|p2b: Koraidon\n|-singleturn|p2b: Koraidon|Protect\n|move|p1a: Dondozo|Order Up|p2b: Koraidon\n|-activate|p2b: Koraidon|move: Protect\n|move|p2a: Rillaboom|U-turn|p1a: Dondozo\n|-supereffective|p1a: Dondozo\n|-damage|p1a: Dondozo|83/100\n|\n|t:|1774639449\n|switch|p2a: Regieleki|Regieleki, L50|1/100|[from] U-turn\n|\n|-weather|SunnyDay|[upkeep]\n|-heal|p2a: Regieleki|7/100|[from] Grassy Terrain\n|-heal|p1a: Dondozo|90/100|[from] Grassy Terrain\n|-heal|p1a: Dondozo|96/100|[from] item: Leftovers\n|upkeep\n|turn|5\n|\n|t:|1774639457\n|move|p2a: Regieleki|Volt Switch|p1a: Dondozo\n|-resisted|p1a: Dondozo\n|-damage|p1a: Dondozo|87/100\n|\n|t:|1774639459\n|switch|p2a: Rillaboom|Rillaboom, L50, M|100/100|[from] Volt Switch\n|move|p2b: Koraidon|Flare Blitz|p1a: Dondozo\n|-supereffective|p1a: Dondozo\n|-damage|p1a: Dondozo|4/100\n|-damage|p2b: Koraidon|69/100|[from] Recoil\n|move|p1a: Dondozo|Earthquake|p2a: Rillaboom|[spread] p2a,p2b\n|-miss|p1a: Dondozo|p1b: Tatsugiri\n|-resisted|p2a: Rillaboom\n|-supereffective|p2b: Koraidon\n|-damage|p2a: Rillaboom|90/100\n|-damage|p2b: Koraidon|37/100\n|\n|-weather|SunnyDay|[upkeep]\n|-heal|p2b: Koraidon|43/100|[from] Grassy Terrain\n|-heal|p1a: Dondozo|10/100|[from] Grassy Terrain\n|-heal|p1a: Dondozo|17/100|[from] item: Leftovers\n|-heal|p2a: Rillaboom|96/100|[from] Grassy Terrain\n|upkeep\n|turn|6\n|\n|t:|1774639473\n|move|p1a: Dondozo|Protect|p1a: Dondozo\n|-singleturn|p1a: Dondozo|Protect\n|move|p2a: Rillaboom|Fake Out|p1a: Dondozo\n|-activate|p1a: Dondozo|move: Protect\n|move|p2b: Koraidon|Collision Course|p1a: Dondozo\n|-activate|p1a: Dondozo|move: Protect\n|\n|-weather|none\n|-heal|p2b: Koraidon|49/100|[from] Grassy Terrain\n|-heal|p1a: Dondozo|23/100|[from] Grassy Terrain\n|-heal|p1a: Dondozo|29/100|[from] item: Leftovers\n|-heal|p2a: Rillaboom|100/100|[from] Grassy Terrain\n|-fieldend|move: Grassy Terrain\n|upkeep\n|turn|7\n|\n|t:|1774639487\n|move|p2b: Koraidon|Protect|p2b: Koraidon\n|-singleturn|p2b: Koraidon|Protect\n|move|p1a: Dondozo|Earthquake|p2b: Koraidon|[spread] p2a\n|-miss|p1a: Dondozo|p1b: Tatsugiri\n|-activate|p2b: Koraidon|move: Protect\n|-resisted|p2a: Rillaboom\n|-damage|p2a: Rillaboom|79/100\n|move|p2a: Rillaboom|U-turn|p1a: Dondozo\n|-supereffective|p1a: Dondozo\n|-crit|p1a: Dondozo\n|-damage|p1a: Dondozo|0 fnt\n|faint|p1a: Dondozo\n|\n|t:|1774639497\n|switch|p2a: Regieleki|Regieleki, L50|7/100|[from] U-turn\n|\n|upkeep\n|\n|t:|1774639500\n|switch|p1a: Kyogre|Kyogre, L50|52/100\n|-weather|RainDance|[from] ability: Drizzle|[of] p1a: Kyogre\n|turn|8\n|\n|t:|1774639510\n|switch|p2b: Rillaboom|Rillaboom, L50, M|79/100\n|-fieldstart|move: Grassy Terrain|[from] ability: Grassy Surge|[of] p2b: Rillaboom\n|move|p2a: Regieleki|Volt Switch|p1a: Kyogre\n|-supereffective|p1a: Kyogre\n|-damage|p1a: Kyogre|12/100\n|\n|t:|1774639516\n|switch|p2a: Koraidon|Koraidon, L50, tera:Fire|49/100|[from] Volt Switch\n|-weather|SunnyDay|[from] ability: Orichalcum Pulse|[of] p2a: Koraidon\n|-activate|p2a: Koraidon|Orichalcum Pulse|[source]\n|move|p1b: Tatsugiri|Muddy Water|p2b: Rillaboom|[spread] p2a\n|-miss|p1b: Tatsugiri|p2b: Rillaboom\n|-supereffective|p2a: Koraidon\n|-damage|p2a: Koraidon|23/100\n|move|p1a: Kyogre|Origin Pulse|p2a: Koraidon|[spread] p2a,p2b\n|-supereffective|p2a: Koraidon\n|-resisted|p2b: Rillaboom\n|-damage|p2a: Koraidon|0 fnt\n|-damage|p2b: Rillaboom|72/100\n|faint|p2a: Koraidon\n|\n|-weather|SunnyDay|[upkeep]\n|-heal|p1a: Kyogre|18/100|[from] Grassy Terrain\n|-heal|p2b: Rillaboom|78/100|[from] Grassy Terrain\n|upkeep\n|\n|t:|1774639526\n|switch|p2a: Regieleki|Regieleki, L50|7/100\n|turn|9\n|\n|t:|1774639529\n|move|p1b: Tatsugiri|Protect|p1b: Tatsugiri\n|-singleturn|p1b: Tatsugiri|Protect\n|move|p2a: Regieleki|Electroweb|p1b: Tatsugiri|[spread] p1a\n|-activate|p1b: Tatsugiri|move: Protect\n|-supereffective|p1a: Kyogre\n|-damage|p1a: Kyogre|0 fnt\n|faint|p1a: Kyogre\n|move|p2b: Rillaboom|Wood Hammer|p1b: Tatsugiri\n|-activate|p1b: Tatsugiri|move: Protect\n|\n|-weather|SunnyDay|[upkeep]\n|-heal|p2a: Regieleki|13/100|[from] Grassy Terrain\n|-heal|p2b: Rillaboom|84/100|[from] Grassy Terrain\n|upkeep\n|\n|t:|1774639531\n|switch|p1a: Zacian|Zacian-Crowned, L50, shiny|100/100\n|-ability|p1a: Zacian|Intrepid Sword|boost\n|-boost|p1a: Zacian|atk|1\n|turn|10\n|\n|t:|1774639541\n|move|p2a: Regieleki|Protect|p2a: Regieleki\n|-singleturn|p2a: Regieleki|Protect\n|move|p1a: Zacian|Behemoth Blade|p2b: Rillaboom\n|-damage|p2b: Rillaboom|0 fnt\n|faint|p2b: Rillaboom\n|move|p1b: Tatsugiri|Dragon Pulse|p2a: Regieleki\n|-activate|p2a: Regieleki|move: Protect\n|\n|-weather|SunnyDay|[upkeep]\n|-heal|p2a: Regieleki|19/100|[from] Grassy Terrain\n|upkeep\n|turn|11\n|-message|pskire forfeited.\n|\n|win|pigs2fly\n|raw|pigs2fly's rating: 1567 &rarr; <strong>1581</strong><br />(+14 for winning)\n|raw|pskire's rating: 1458 &rarr; <strong>1444</strong><br />(-14 for losing)\n|l|\u2606pskire\n|player|p2|\n|l|\u2606pigs2fly\n|player|p1|\n","uploadtime":1774639550,"views":15,"formatid":"gen9vgc2026regi","rating":1444,"private":0,"password":null}