{"id":"gen9vgc2026regi-2580779699","format":"[Gen 9] VGC 2026 Reg I","players":["JoeBro8","mroreo328"],"log":"|j|\u2606JoeBro8\n|j|\u2606mroreo328\n|t:|1775931838\n|gametype|doubles\n|player|p1|JoeBro8|n|1452\n|player|p2|mroreo328|youngster-gen4dp|1541\n|gen|9\n|tier|[Gen 9] VGC 2026 Reg I\n|rated|\n|rule|Species Clause: Limit one of each Pok\u00e9mon\n|rule|Item Clause: Limit 1 of each item\n|clearpoke\n|poke|p1|Miraidon, L50|\n|poke|p1|Whimsicott, L50, F|\n|poke|p1|Zamazenta-*, L50|\n|poke|p1|Chien-Pao, L50|\n|poke|p1|Volcarona, L50, F|\n|poke|p1|Iron Hands, L50|\n|poke|p2|Miraidon, L50|\n|poke|p2|Indeedee-F, L50, F|\n|poke|p2|Brute Bonnet, L50|\n|poke|p2|Calyrex-Ice, L50|\n|poke|p2|Enamorus-Therian, L50, F|\n|poke|p2|Urshifu-*, L50, M|\n|teampreview|4\n|inactive|Battle timer is ON: inactive players will automatically lose when time's up. (requested by mroreo328)\n|inactive|JoeBro8 has 60 seconds left.\n|\n|t:|1775931879\n|teamsize|p1|4\n|teamsize|p2|4\n|start\n|switch|p1a: King of Spades|Zamazenta-Crowned, L50|100/100\n|switch|p1b: Queen of Diamonds|Volcarona, L50, F|100/100\n|switch|p2a: Indeedee|Indeedee-F, L50, F|100/100\n|switch|p2b: Calyrex|Calyrex-Ice, L50|100/100\n|-ability|p2b: Calyrex|As One\n|-ability|p2b: Calyrex|Unnerve\n|-ability|p1a: King of Spades|Dauntless Shield|boost\n|-boost|p1a: King of Spades|def|1\n|-fieldstart|move: Psychic Terrain|[from] ability: Psychic Surge|[of] p2a: Indeedee\n|-enditem|p2b: Calyrex|Psychic Seed\n|-boost|p2b: Calyrex|spd|1|[from] item: Psychic Seed\n|turn|1\n|\n|t:|1775931893\n|-terastallize|p2b: Calyrex|Water\n|move|p1a: King of Spades|Body Press|p2b: Calyrex\n|-damage|p2b: Calyrex|66/100\n|move|p1b: Queen of Diamonds|Fiery Dance|p2a: Indeedee\n|-damage|p2a: Indeedee|68/100\n|-boost|p1b: Queen of Diamonds|spa|1\n|move|p2b: Calyrex|Leech Seed|p1a: King of Spades\n|-start|p1a: King of Spades|move: Leech Seed\n|move|p2a: Indeedee|Trick Room|p2a: Indeedee\n|-fieldstart|move: Trick Room|[of] p2a: Indeedee\n|\n|-damage|p1a: King of Spades|88/100|[from] Leech Seed|[of] p2b: Calyrex\n|-heal|p2b: Calyrex|76/100|[silent]\n|upkeep\n|turn|2\n|\n|t:|1775931907\n|move|p1b: Queen of Diamonds|Protect|p1b: Queen of Diamonds\n|-singleturn|p1b: Queen of Diamonds|Protect\n|move|p2a: Indeedee|Follow Me|p2a: Indeedee\n|-singleturn|p2a: Indeedee|move: Follow Me\n|move|p2b: Calyrex|Curse|p2b: Calyrex\n|-unboost|p2b: Calyrex|spe|1\n|-boost|p2b: Calyrex|atk|1\n|-boost|p2b: Calyrex|def|1\n|move|p1a: King of Spades|Body Press|p2a: Indeedee\n|-damage|p2a: Indeedee|2/100\n|\n|-damage|p1a: King of Spades|76/100|[from] Leech Seed|[of] p2b: Calyrex\n|-heal|p2b: Calyrex|87/100|[silent]\n|upkeep\n|turn|3\n|\n|t:|1775931923\n|switch|p1a: Jack of Spades|Iron Hands, L50|100/100\n|move|p2a: Indeedee|Follow Me|p2a: Indeedee\n|-singleturn|p2a: Indeedee|move: Follow Me\n|move|p2b: Calyrex|Leech Seed|p1b: Queen of Diamonds\n|-start|p1b: Queen of Diamonds|move: Leech Seed\n|move|p1b: Queen of Diamonds|Struggle Bug|p2a: Indeedee|[spread] p2a,p2b\n|-supereffective|p2a: Indeedee\n|-damage|p2a: Indeedee|0 fnt\n|-damage|p2b: Calyrex|75/100\n|-unboost|p2b: Calyrex|spa|1\n|faint|p2a: Indeedee\n|\n|-damage|p1b: Queen of Diamonds|88/100|[from] Leech Seed|[of] p2b: Calyrex\n|-heal|p2b: Calyrex|87/100|[silent]\n|upkeep\n|\n|t:|1775931927\n|switch|p2a: Enamorus|Enamorus-Therian, L50, F|100/100\n|turn|4\n|inactive|JoeBro8 has 30 seconds left.\n|\n|t:|1775931956\n|switch|p1b: Ace of Spades|Miraidon, L50|100/100\n|-fieldstart|move: Electric Terrain|[from] ability: Hadron Engine|[of] p1b: Ace of Spades\n|-activate|p1a: Jack of Spades|ability: Quark Drive\n|-start|p1a: Jack of Spades|quarkdriveatk\n|move|p1a: Jack of Spades|Fake Out|p2a: Enamorus\n|-damage|p2a: Enamorus|80/100\n|move|p2b: Calyrex|Glacial Lance|p1b: Ace of Spades|[spread] p1a,p1b\n|-supereffective|p1b: Ace of Spades\n|-damage|p1a: Jack of Spades|54/100\n|-damage|p1b: Ace of Spades|0 fnt\n|faint|p1b: Ace of Spades\n|-ability|p2b: Calyrex|Chilling Neigh|boost\n|-boost|p2b: Calyrex|atk|1\n|cant|p2a: Enamorus|flinch\n|\n|upkeep\n|\n|t:|1775931960\n|switch|p1b: Queen of Diamonds|Volcarona, L50, F|88/100\n|-enditem|p1b: Queen of Diamonds|Electric Seed\n|-boost|p1b: Queen of Diamonds|def|1|[from] item: Electric Seed\n|turn|5\n|\n|t:|1775931978\n|move|p1b: Queen of Diamonds|Protect|p1b: Queen of Diamonds\n|-singleturn|p1b: Queen of Diamonds|Protect\n|move|p2b: Calyrex|Glacial Lance|p1b: Queen of Diamonds|[spread] p1a\n|-activate|p1b: Queen of Diamonds|move: Protect\n|-damage|p1a: Jack of Spades|0 fnt\n|faint|p1a: Jack of Spades\n|-end|p1a: Jack of Spades|Quark Drive|[silent]\n|-ability|p2b: Calyrex|Chilling Neigh|boost\n|-boost|p2b: Calyrex|atk|1\n|move|p2a: Enamorus|Moonblast|p1b: Queen of Diamonds\n|-activate|p1b: Queen of Diamonds|move: Protect\n|\n|-fieldend|move: Trick Room\n|upkeep\n|\n|t:|1775931984\n|switch|p1a: King of Spades|Zamazenta-Crowned, L50|76/100\n|turn|6\n|\n|t:|1775931998\n|move|p2a: Enamorus|Protect|p2a: Enamorus\n|-singleturn|p2a: Enamorus|Protect\n|move|p1a: King of Spades|Wide Guard|p1a: King of Spades\n|-singleturn|p1a: King of Spades|Wide Guard\n|move|p1b: Queen of Diamonds|Struggle Bug|p2b: Calyrex|[spread] p2b\n|-activate|p2a: Enamorus|move: Protect\n|-damage|p2b: Calyrex|79/100\n|-unboost|p2b: Calyrex|spa|1\n|move|p2b: Calyrex|Trick Room|p2b: Calyrex\n|-fieldstart|move: Trick Room|[of] p2b: Calyrex\n|\n|upkeep\n|turn|7\n|\n|t:|1775932006\n|move|p2b: Calyrex|Leech Seed|p1b: Queen of Diamonds\n|-start|p1b: Queen of Diamonds|move: Leech Seed\n|move|p2a: Enamorus|Earth Power|p1a: King of Spades\n|-supereffective|p1a: King of Spades\n|-damage|p1a: King of Spades|5/100\n|-damage|p2a: Enamorus|70/100|[from] item: Life Orb\n|move|p1b: Queen of Diamonds|Struggle Bug|p2a: Enamorus|[spread] p2a,p2b\n|-resisted|p2a: Enamorus\n|-damage|p2a: Enamorus|66/100\n|-damage|p2b: Calyrex|71/100\n|-unboost|p2a: Enamorus|spa|1\n|-unboost|p2b: Calyrex|spa|1\n|move|p1a: King of Spades|Body Press|p2b: Calyrex\n|-damage|p2b: Calyrex|55/100\n|\n|-damage|p1b: Queen of Diamonds|75/100|[from] Leech Seed|[of] p2b: Calyrex\n|-heal|p2b: Calyrex|66/100|[silent]\n|upkeep\n|turn|8\n|\n|t:|1775932015\n|move|p1a: King of Spades|Wide Guard|p1a: King of Spades\n|-singleturn|p1a: King of Spades|Wide Guard\n|move|p2b: Calyrex|Glacial Lance|p1a: King of Spades|[spread] \n|-activate|p1a: King of Spades|move: Wide Guard\n|-activate|p1b: Queen of Diamonds|move: Wide Guard\n|move|p2a: Enamorus|Moonblast|p1b: Queen of Diamonds\n|-resisted|p1b: Queen of Diamonds\n|-damage|p1b: Queen of Diamonds|55/100\n|-damage|p2a: Enamorus|56/100|[from] item: Life Orb\n|move|p1b: Queen of Diamonds|Fiery Dance|p2a: Enamorus\n|-damage|p2a: Enamorus|24/100\n|-boost|p1b: Queen of Diamonds|spa|1\n|\n|-damage|p1b: Queen of Diamonds|43/100|[from] Leech Seed|[of] p2b: Calyrex\n|-heal|p2b: Calyrex|78/100|[silent]\n|-fieldend|move: Electric Terrain\n|upkeep\n|turn|9\n|-message|JoeBro8 forfeited.\n|\n|win|mroreo328\n|raw|JoeBro8's rating: 1452 &rarr; <strong>1437</strong><br />(-15 for losing)\n|raw|mroreo328's rating: 1541 &rarr; <strong>1556</strong><br />(+15 for winning)\n|l|\u2606JoeBro8\n|player|p1|\n|l|\u2606mroreo328\n|player|p2|\n","uploadtime":1775932223,"views":11,"formatid":"gen9vgc2026regi","rating":1437,"private":0,"password":null}