{"id":"gen9vgc2026regi-2564009537","format":"[Gen 9] VGC 2026 Reg I","players":["I\u2764\ufe0f\u5a1c\u7984Forever","angrybook"],"log":"|j|\u2606I\u2764\ufe0f\u5a1c\u7984Forever\n|j|\u2606angrybook\n|t:|1774099414\n|gametype|doubles\n|player|p1|I\u2764\ufe0f\u5a1c\u7984Forever|youngcouple-gen4dp|1399\n|player|p2|angrybook|pokemaniac|1397\n|gen|9\n|tier|[Gen 9] VGC 2026 Reg I\n|rated|\n|rule|Species Clause: Limit one of each Pok\u00e9mon\n|rule|Item Clause: Limit 1 of each item\n|clearpoke\n|poke|p1|Groudon, L50|\n|poke|p1|Kyurem-White, L50|\n|poke|p1|Heatran, L50, M|\n|poke|p1|Whimsicott, L50, M|\n|poke|p1|Ditto, L50|\n|poke|p1|Flutter Mane, L50|\n|poke|p2|Calyrex-Shadow, L50|\n|poke|p2|Zacian-*, L50|\n|poke|p2|Rillaboom, L50, M|\n|poke|p2|Incineroar, L50, M|\n|poke|p2|Urshifu-*, L50, F|\n|poke|p2|Chi-Yu, L50|\n|teampreview|4\n|inactive|Battle timer is ON: inactive players will automatically lose when time's up. (requested by angrybook)\nangrybook rejected open team sheets.\n|inactive|I\u2764\ufe0f\u5a1c\u7984Forever has 60 seconds left.\n|inactive|angrybook has 60 seconds left.\n|inactive|angrybook has 30 seconds left.\n|inactive|angrybook has 20 seconds left.\n|inactive|angrybook has 15 seconds left.\n|\n|t:|1774099493\n|teamsize|p1|4\n|teamsize|p2|4\n|start\n|switch|p1a: Whimsicott|Whimsicott, L50, M|100/100\n|switch|p1b: Kyurem|Kyurem-White, L50|100/100\n|switch|p2a: Rillaboom|Rillaboom, L50, M|100/100\n|switch|p2b: Urshifu|Urshifu-Rapid-Strike, L50, F|100/100\n|-ability|p1b: Kyurem|Turboblaze\n|-fieldstart|move: Grassy Terrain|[from] ability: Grassy Surge|[of] p2a: Rillaboom\n|turn|1\n|\n|t:|1774099512\n|move|p2a: Rillaboom|Fake Out|p1b: Kyurem\n|-damage|p1b: Kyurem|90/100\n|move|p1a: Whimsicott|Energy Ball|p2b: Urshifu\n|-supereffective|p2b: Urshifu\n|-enditem|p2b: Urshifu|Focus Sash\n|-damage|p2b: Urshifu|1/100\n|move|p2b: Urshifu|Close Combat|p1b: Kyurem\n|-supereffective|p1b: Kyurem\n|-damage|p1b: Kyurem|0 fnt\n|-unboost|p2b: Urshifu|def|1\n|-unboost|p2b: Urshifu|spd|1\n|faint|p1b: Kyurem\n|\n|-heal|p2b: Urshifu|7/100|[from] Grassy Terrain\n|upkeep\n|\n|t:|1774099526\n|switch|p1b: Groudon|Groudon, L50|100/100\n|-weather|SunnyDay|[from] ability: Drought|[of] p1b: Groudon\n|turn|2\n|\n|t:|1774099547\n|move|p2a: Rillaboom|Grassy Glide|p1b: Groudon\n|-supereffective|p1b: Groudon\n|-damage|p1b: Groudon|60/100\n|move|p1a: Whimsicott|Energy Ball|p2b: Urshifu\n|-supereffective|p2b: Urshifu\n|-damage|p2b: Urshifu|0 fnt\n|faint|p2b: Urshifu\n|move|p1b: Groudon|Heat Crash|p2a: Rillaboom\n|-supereffective|p2a: Rillaboom\n|-damage|p2a: Rillaboom|0 fnt\n|faint|p2a: Rillaboom\n|\n|-weather|SunnyDay|[upkeep]\n|-heal|p1b: Groudon|66/100|[from] Grassy Terrain\n|upkeep\n|\n|t:|1774099551\n|switch|p2b: Zacian|Zacian-Crowned, L50|100/100\n|switch|p2a: Calyrex|Calyrex-Shadow, L50|100/100\n|-ability|p2a: Calyrex|As One\n|-ability|p2a: Calyrex|Unnerve\n|-ability|p2b: Zacian|Intrepid Sword|boost\n|-boost|p2b: Zacian|atk|1\n|turn|3\n|\n|t:|1774099565\n|-terastallize|p2b: Zacian|Fighting\n|move|p1a: Whimsicott|Tailwind|p1a: Whimsicott\n|-sidestart|p1: I\u2764\ufe0f\u5a1c\u7984Forever|move: Tailwind\n|move|p1b: Groudon|Precipice Blades|p2b: Zacian|[spread] p2a,p2b\n|-damage|p2a: Calyrex|45/100\n|-damage|p2b: Zacian|52/100\n|move|p2a: Calyrex|Astral Barrage|p1a: Whimsicott|[spread] p1a,p1b\n|-damage|p1a: Whimsicott|5/100\n|-damage|p1b: Groudon|38/100\n|move|p2b: Zacian|Behemoth Blade|p1a: Whimsicott\n|-supereffective|p1a: Whimsicott\n|-crit|p1a: Whimsicott\n|-damage|p1a: Whimsicott|0 fnt\n|faint|p1a: Whimsicott\n|\n|-weather|SunnyDay|[upkeep]\n|-heal|p1b: Groudon|43/100|[from] Grassy Terrain\n|-heal|p2a: Calyrex|51/100|[from] Grassy Terrain\n|-heal|p2b: Zacian|58/100|[from] Grassy Terrain\n|upkeep\n|\n|t:|1774099579\n|switch|p1a: Ditto|Ditto, L50|100/100\n|-transform|p1a: Ditto|p2b: Zacian|[from] ability: Imposter\n|-ability|p1a: Ditto|Intrepid Sword|boost\n|-boost|p1a: Ditto|atk|1\n|-start|p1a: Ditto|typechange|Fairy/Steel|[silent]\n|turn|4\n|\n|t:|1774099601\n|move|p2b: Zacian|Protect|p2b: Zacian\n|-singleturn|p2b: Zacian|Protect\n|move|p1a: Ditto|Behemoth Blade|p2b: Zacian\n|-activate|p2b: Zacian|move: Protect\n|move|p1b: Groudon|Crunch|p2a: Calyrex\n|-supereffective|p2a: Calyrex\n|-damage|p2a: Calyrex|0 fnt\n|faint|p2a: Calyrex\n|\n|-weather|SunnyDay|[upkeep]\n|-heal|p1b: Groudon|49/100|[from] Grassy Terrain\n|-heal|p2b: Zacian|64/100|[from] Grassy Terrain\n|upkeep\n|turn|5\n|\n|t:|1774099616\n|move|p1a: Ditto|Behemoth Blade|p2b: Zacian\n|-damage|p2b: Zacian|0 fnt\n|faint|p2b: Zacian\n|\n|win|I\u2764\ufe0f\u5a1c\u7984Forever\n|raw|I\u2764\ufe0f\u5a1c\u7984Forever's rating: 1399 &rarr; <strong>1419</strong><br />(+20 for winning)\n|raw|angrybook's rating: 1397 &rarr; <strong>1377</strong><br />(-20 for losing)\n|c|\u2606angrybook|gg\n|l|\u2606angrybook\n|player|p2|\n|l|\u2606I\u2764\ufe0f\u5a1c\u7984Forever\n|player|p1|\n","uploadtime":1774099881,"views":33,"formatid":"gen9vgc2026regi","rating":1377,"private":0,"password":null}