{"id":"gen9vgc2026regi-2568955041","format":"[Gen 9] VGC 2026 Reg I","players":["Hikawari3","DaevEV"],"log":"|badge|p2|bronze|gen9doublesou|100-8\n|uhtml|medal-msg|<div class=\"broadcast-blue\">Curious what those medals under the avatar are? PS now has Ladder Seasons! For more information, check out the <a href=\"https://www.smogon.com/forums/threads/3740067/\">thread on Smogon.</a></div>\n|j|\u2606Hikawari3\n|j|\u2606DaevEV\n|t:|1774636103\n|gametype|doubles\n|player|p1|Hikawari3|n|1413\n|player|p2|DaevEV|drayden|1373\n|gen|9\n|tier|[Gen 9] VGC 2026 Reg I\n|rated|\n|rule|Species Clause: Limit one of each Pok\u00e9mon\n|rule|Item Clause: Limit 1 of each item\n|clearpoke\n|poke|p1|Ogerpon-Cornerstone, L50, F|\n|poke|p1|Whimsicott, L50, M|\n|poke|p1|Calyrex-Shadow, L50|\n|poke|p1|Indeedee-F, L50, F|\n|poke|p1|Zamazenta-*, L50|\n|poke|p1|Urshifu-*, L50, F|\n|poke|p2|Kyogre, L50|\n|poke|p2|Moltres-Galar, L50|\n|poke|p2|Grimmsnarl, L50, M|\n|poke|p2|Chandelure, L50, F|\n|poke|p2|Koraidon, L50|\n|poke|p2|Rhyperior, L50, M|\n|teampreview|4\n|inactive|Battle timer is ON: inactive players will automatically lose when time's up. (requested by Hikawari3)\n|\n|t:|1774636124\n|teamsize|p1|4\n|teamsize|p2|4\n|start\n|switch|p1a: Whimsicott|Whimsicott, L50, M|100/100\n|switch|p1b: Calyrex|Calyrex-Shadow, L50|100/100\n|switch|p2a: Grimmsnarl|Grimmsnarl, L50, M, shiny|100/100\n|switch|p2b: Chandelure|Chandelure, L50, F, shiny|100/100\n|-ability|p1b: Calyrex|As One\n|-ability|p1b: Calyrex|Unnerve\n|turn|1\n|\n|t:|1774636142\n|-terastallize|p2b: Chandelure|Normal\n|move|p1a: Whimsicott|Fake Tears|p2b: Chandelure\n|-unboost|p2b: Chandelure|spd|2\n|move|p1b: Calyrex|Astral Barrage|p2a: Grimmsnarl|[spread] p2a\n|-immune|p2b: Chandelure\n|-resisted|p2a: Grimmsnarl\n|-damage|p2a: Grimmsnarl|59/100\n|-damage|p1b: Calyrex|91/100|[from] item: Life Orb\n|move|p2a: Grimmsnarl|Spirit Break|p1b: Calyrex\n|-damage|p1b: Calyrex|47/100\n|-unboost|p1b: Calyrex|spa|1\n|move|p2b: Chandelure|Trick Room|p2b: Chandelure\n|-fieldstart|move: Trick Room|[of] p2b: Chandelure\n|\n|upkeep\n|turn|2\n|\n|t:|1774636160\n|switch|p2b: Kyogre|Kyogre, L50|100/100\n|-weather|RainDance|[from] ability: Drizzle|[of] p2b: Kyogre\n|move|p1b: Calyrex|Protect|p1b: Calyrex\n|-singleturn|p1b: Calyrex|Protect\n|move|p1a: Whimsicott|Encore||[still]\n|-fail|p1a: Whimsicott\n|move|p2a: Grimmsnarl|Spirit Break|p1a: Whimsicott\n|-damage|p1a: Whimsicott|57/100\n|\n|-weather|RainDance|[upkeep]\n|upkeep\n|turn|3\n|\n|t:|1774636169\n|move|p2a: Grimmsnarl|Spirit Break|p1b: Calyrex\n|-damage|p1b: Calyrex|8/100\n|-unboost|p1b: Calyrex|spa|1\n|move|p1a: Whimsicott|Dazzling Gleam|p2a: Grimmsnarl|[spread] p2a,p2b\n|-supereffective|p2a: Grimmsnarl\n|-crit|p2b: Kyogre\n|-damage|p2a: Grimmsnarl|20/100\n|-damage|p2b: Kyogre|81/100\n|move|p2b: Kyogre|Ice Beam|p1a: Whimsicott\n|-supereffective|p1a: Whimsicott\n|-damage|p1a: Whimsicott|0 fnt\n|faint|p1a: Whimsicott\n|move|p1b: Calyrex|Astral Barrage|p2a: Grimmsnarl|[spread] p2a,p2b\n|-resisted|p2a: Grimmsnarl\n|-damage|p2a: Grimmsnarl|0 fnt\n|-damage|p2b: Kyogre|48/100\n|faint|p2a: Grimmsnarl\n|-ability|p1b: Calyrex|Grim Neigh|boost\n|-boost|p1b: Calyrex|spa|1\n|-damage|p1b: Calyrex|0 fnt|[from] item: Life Orb\n|faint|p1b: Calyrex\n|\n|-weather|RainDance|[upkeep]\n|upkeep\n|\n|t:|1774636181\n|switch|p2a: Chandelure|Chandelure, L50, F, shiny, tera:Normal|100/100\n|switch|p1a: Urshifu|Urshifu-Rapid-Strike, L50, F|100/100\n|switch|p1b: Ogerpon|Ogerpon-Cornerstone, L50, F|100/100\n|turn|4\n|\n|t:|1774636197\n|move|p2a: Chandelure|Shadow Ball|p1a: Urshifu\n|-damage|p1a: Urshifu|30/100\n|move|p2b: Kyogre|Origin Pulse|p1a: Urshifu|[spread] p1b\n|-miss|p2b: Kyogre|p1a: Urshifu\n|-ability|p1b: Ogerpon|Sturdy\n|-damage|p1b: Ogerpon|1/100\n|move|p1a: Urshifu|Close Combat|p2a: Chandelure\n|-supereffective|p2a: Chandelure\n|-enditem|p2a: Chandelure|Focus Sash\n|-damage|p2a: Chandelure|1/100\n|-unboost|p1a: Urshifu|def|1\n|-unboost|p1a: Urshifu|spd|1\n|move|p1b: Ogerpon|Ivy Cudgel|p2b: Kyogre|[anim] Ivy Cudgel Rock\n|-damage|p2b: Kyogre|0 fnt\n|faint|p2b: Kyogre\n|\n|-weather|RainDance|[upkeep]\n|upkeep\n|\n|t:|1774636205\n|switch|p2b: Koraidon|Koraidon, L50, shiny|100/100\n|-weather|SunnyDay|[from] ability: Orichalcum Pulse|[of] p2b: Koraidon\n|-activate|p2b: Koraidon|Orichalcum Pulse|[source]\n|turn|5\n|\n|t:|1774636216\n|-terastallize|p1b: Ogerpon|Rock\n|detailschange|p1b: Ogerpon|Ogerpon-Cornerstone-Tera, L50, F, tera:Rock\n|-ability|p1b: Ogerpon|Embody Aspect (Cornerstone)|boost\n|-boost|p1b: Ogerpon|def|1\n|move|p1a: Urshifu|Aqua Jet|p2a: Chandelure\n|-damage|p2a: Chandelure|0 fnt\n|faint|p2a: Chandelure\n|move|p1b: Ogerpon|Ivy Cudgel|p2b: Koraidon|[anim] Ivy Cudgel Rock\n|-resisted|p2b: Koraidon\n|-damage|p2b: Koraidon|63/100\n|move|p2b: Koraidon|Collision Course|p1a: Urshifu\n|-damage|p1a: Urshifu|0 fnt\n|faint|p1a: Urshifu\n|\n|-weather|SunnyDay|[upkeep]\n|-fieldend|move: Trick Room\n|upkeep\n|turn|6\n|\n|t:|1774636230\n|move|p2b: Koraidon|Collision Course|p1b: Ogerpon\n|-supereffective|p1b: Ogerpon\n|-damage|p1b: Ogerpon|0 fnt\n|faint|p1b: Ogerpon\n|detailschange|p1: Ogerpon|Ogerpon-Cornerstone, L50, F|[silent]\n|\n|win|DaevEV\n|raw|Hikawari3's rating: 1413 &rarr; <strong>1391</strong><br />(-22 for losing)\n|raw|DaevEV's rating: 1373 &rarr; <strong>1395</strong><br />(+22 for winning)\n|l|\u2606Hikawari3\n|player|p1|\n|l|\u2606DaevEV\n|player|p2|\n","uploadtime":1774636429,"views":12,"formatid":"gen9vgc2026regi","rating":1391,"private":0,"password":null}