{"id":"gen9vgc2026regi-2561352806","format":"[Gen 9] VGC 2026 Reg I","players":["sgcactus","terafireflareblitz"],"log":"|j|\u2606sgcactus\n|j|\u2606terafireflareblitz\n|t:|1773786999\n|gametype|doubles\n|player|p1|sgcactus|2|1402\n|player|p2|terafireflareblitz|sycamore|1516\n|gen|9\n|tier|[Gen 9] VGC 2026 Reg I\n|rated|\n|rule|Species Clause: Limit one of each Pok\u00e9mon\n|rule|Item Clause: Limit 1 of each item\n|clearpoke\n|poke|p1|Calyrex-Ice, L50|\n|poke|p1|Miraidon, L50|\n|poke|p1|Flutter Mane, L50|\n|poke|p1|Ceruledge, L50, F|\n|poke|p1|Ting-Lu, L50|\n|poke|p1|Indeedee-F, L50, F|\n|poke|p2|Koraidon, L50|\n|poke|p2|Lunala, L50|\n|poke|p2|Indeedee-F, L50, F|\n|poke|p2|Flutter Mane, L50|\n|poke|p2|Volcarona, L50, F|\n|poke|p2|Ursaluna, L50, F|\n|teampreview|4\n|inactive|Battle timer is ON: inactive players will automatically lose when time's up. (requested by terafireflareblitz)\n|\n|t:|1773787021\n|teamsize|p1|4\n|teamsize|p2|4\n|start\n|switch|p1a: Calyrex|Calyrex-Ice, L50|100/100\n|switch|p1b: Ceruledge|Ceruledge, L50, F|100/100\n|switch|p2a: Lunala|Lunala, L50, shiny|100/100\n|switch|p2b: Indeedee|Indeedee-F, L50, F|100/100\n|-ability|p1a: Calyrex|As One\n|-ability|p1a: Calyrex|Unnerve\n|-fieldstart|move: Psychic Terrain|[from] ability: Psychic Surge|[of] p2b: Indeedee\n|turn|1\n|\n|t:|1773787040\n|-terastallize|p1a: Calyrex|Fire\n|move|p2b: Indeedee|Follow Me|p2b: Indeedee\n|-singleturn|p2b: Indeedee|move: Follow Me\n|move|p1b: Ceruledge|Bitter Blade|p2b: Indeedee\n|-damage|p2b: Indeedee|51/100\n|move|p2a: Lunala|Meteor Beam||[still]\n|-prepare|p2a: Lunala|Meteor Beam\n|-boost|p2a: Lunala|spa|1\n|-enditem|p2a: Lunala|Power Herb\n|-anim|p2a: Lunala|Meteor Beam|p1b: Ceruledge\n|-supereffective|p1b: Ceruledge\n|-enditem|p1b: Ceruledge|Focus Sash\n|-damage|p1b: Ceruledge|1/100\n|move|p1a: Calyrex|Glacial Lance|p2a: Lunala|[spread] p2a,p2b\n|-damage|p2a: Lunala|76/100\n|-damage|p2b: Indeedee|0 fnt\n|faint|p2b: Indeedee\n|-ability|p1a: Calyrex|Chilling Neigh|boost\n|-boost|p1a: Calyrex|atk|1\n|\n|upkeep\n|\n|t:|1773787047\n|switch|p2b: Koraidon|Koraidon, L50, shiny|100/100\n|-weather|SunnyDay|[from] ability: Orichalcum Pulse|[of] p2b: Koraidon\n|-activate|p2b: Koraidon|Orichalcum Pulse|[source]\n|turn|2\n|\n|t:|1773787062\n|move|p2a: Lunala|Wide Guard|p2a: Lunala\n|-singleturn|p2a: Lunala|Wide Guard\n|move|p1b: Ceruledge|Ally Switch|p1b: Ceruledge\n|swap|p1b: Ceruledge|0|[from] move: Ally Switch\n|move|p2b: Koraidon|Breaking Swipe|p1b: Calyrex|[spread] p1a,p1b\n|-damage|p1a: Ceruledge|0 fnt\n|-damage|p1b: Calyrex|74/100\n|faint|p1a: Ceruledge\n|-damage|p2b: Koraidon|91/100|[from] item: Life Orb\n|move|p1b: Calyrex|Glacial Lance|p2a: Lunala|[spread] \n|-activate|p2a: Lunala|move: Wide Guard\n|-activate|p2b: Koraidon|move: Wide Guard\n|\n|-weather|SunnyDay|[upkeep]\n|upkeep\n|\n|t:|1773787074\n|switch|p1a: Indeedee|Indeedee-F, L50, F|100/100\n|turn|3\n|\n|t:|1773787082\n|move|p1a: Indeedee|Follow Me|p1a: Indeedee\n|-singleturn|p1a: Indeedee|move: Follow Me\n|move|p2b: Koraidon|Breaking Swipe|p1a: Indeedee|[spread] p1a,p1b\n|-damage|p1a: Indeedee|60/100\n|-damage|p1b: Calyrex|47/100\n|-unboost|p1a: Indeedee|atk|1\n|-damage|p2b: Koraidon|74/100|[from] item: Rocky Helmet|[of] p1a: Indeedee\n|-damage|p2b: Koraidon|64/100|[from] item: Life Orb\n|move|p2a: Lunala|Expanding Force|p1a: Indeedee|[spread] p1a,p1b\n|-resisted|p1a: Indeedee\n|-damage|p1a: Indeedee|12/100\n|-damage|p1b: Calyrex|0 fnt\n|faint|p1b: Calyrex\n|\n|-weather|SunnyDay|[upkeep]\n|upkeep\n|\n|t:|1773787094\n|switch|p1b: Miraidon|Miraidon, L50|100/100\n|-fieldstart|move: Electric Terrain|[from] ability: Hadron Engine|[of] p1b: Miraidon\n|turn|4\n|\n|t:|1773787101\n|switch|p2b: Ursaluna|Ursaluna, L50, F|100/100\n|move|p1a: Indeedee|Helping Hand|p1b: Miraidon\n|-singleturn|p1b: Miraidon|Helping Hand|[of] p1a: Indeedee\n|move|p1b: Miraidon|Electro Drift|p2b: Ursaluna\n|-immune|p2b: Ursaluna\n|move|p2a: Lunala|Expanding Force|p1a: Indeedee\n|-resisted|p1a: Indeedee\n|-damage|p1a: Indeedee|0 fnt\n|faint|p1a: Indeedee\n|\n|-weather|SunnyDay|[upkeep]\n|-status|p2b: Ursaluna|brn|[from] item: Flame Orb\n|upkeep\n|turn|5\n|-message|sgcactus forfeited.\n|\n|win|terafireflareblitz\n|raw|sgcactus's rating: 1402 &rarr; <strong>1388</strong><br />(-14 for losing)\n|raw|terafireflareblitz's rating: 1516 &rarr; <strong>1530</strong><br />(+14 for winning)\n|l|\u2606sgcactus\n|player|p1|\n|l|\u2606terafireflareblitz\n|player|p2|\n","uploadtime":1773787105,"views":10,"formatid":"gen9vgc2026regi","rating":1388,"private":0,"password":null}