{"id":"gen9vgc2026regi-2560951987","format":"[Gen 9] VGC 2026 Reg I","players":["Jonen","sleemo2"],"log":"|j|\u2606Jonen\n|j|\u2606sleemo2\n|t:|1773751169\n|gametype|doubles\n|player|p1|Jonen|hiker-gen4|1379\n|player|p2|sleemo2|1|1486\n|gen|9\n|tier|[Gen 9] VGC 2026 Reg I\n|rated|\n|rule|Species Clause: Limit one of each Pok\u00e9mon\n|rule|Item Clause: Limit 1 of each item\n|clearpoke\n|poke|p1|Groudon, L50|\n|poke|p1|Lunala, L50|\n|poke|p1|Sableye, L50, F|\n|poke|p1|Chi-Yu, L50|\n|poke|p1|Rillaboom, L50, F|\n|poke|p1|Jumpluff, L50, M|\n|poke|p2|Koraidon, L50|\n|poke|p2|Lunala, L50|\n|poke|p2|Flutter Mane, L50|\n|poke|p2|Chi-Yu, L50|\n|poke|p2|Ursaluna, L50, F|\n|poke|p2|Brute Bonnet, L50|\n|teampreview|4\n|\n|t:|1773751209\n|teamsize|p1|4\n|teamsize|p2|4\n|start\n|switch|p1a: Lunala|Lunala, L50|100/100\n|switch|p1b: Sableye|Sableye, L50, F|100/100\n|switch|p2a: Flutter Mane|Flutter Mane, L50|100/100\n|switch|p2b: prince|Koraidon, L50|100/100\n|-weather|SunnyDay|[from] ability: Orichalcum Pulse|[of] p2b: prince\n|-activate|p2a: Flutter Mane|ability: Protosynthesis\n|-start|p2a: Flutter Mane|protosynthesisspe\n|-activate|p2b: prince|Orichalcum Pulse|[source]\n|turn|1\n|\n|t:|1773751230\n|switch|p2b: the moon|Lunala, L50|100/100\n|move|p1a: Lunala|Protect|p1a: Lunala\n|-singleturn|p1a: Lunala|Protect\n|move|p1b: Sableye|Gravity|p1b: Sableye\n|-fieldstart|move: Gravity\n|move|p2a: Flutter Mane|Shadow Ball|p1a: Lunala\n|-activate|p1a: Lunala|move: Protect\n|\n|-weather|SunnyDay|[upkeep]\n|upkeep\n|turn|2\n|\n|t:|1773751243\n|-terastallize|p2b: the moon|Water\n|move|p1b: Sableye|Disable|p2a: Flutter Mane\n|-start|p2a: Flutter Mane|Disable|Shadow Ball\n|cant|p2a: Flutter Mane|Disable|Shadow Ball\n|move|p1a: Lunala|Hypnosis|p2b: the moon\n|-status|p2b: the moon|slp|[from] move: Hypnosis\n|cant|p2b: the moon|slp\n|\n|-weather|SunnyDay|[upkeep]\n|upkeep\n|turn|3\n|\n|t:|1773751270\n|switch|p1b: Groudon|Groudon, L50|100/100\n|move|p2a: Flutter Mane|Moonblast|p1a: Lunala\n|-damage|p1a: Lunala|80/100\n|move|p1a: Lunala|Meteor Beam||[still]\n|-prepare|p1a: Lunala|Meteor Beam\n|-boost|p1a: Lunala|spa|1\n|-enditem|p1a: Lunala|Power Herb\n|-anim|p1a: Lunala|Meteor Beam|p2b: the moon\n|-damage|p2b: the moon|81/100 slp\n|cant|p2b: the moon|slp\n|\n|-weather|SunnyDay|[upkeep]\n|upkeep\n|turn|4\n|\n|t:|1773751292\n|move|p2a: Flutter Mane|Protect|p2a: Flutter Mane\n|-singleturn|p2a: Flutter Mane|Protect\n|move|p1a: Lunala|Moongeist Beam|p2a: Flutter Mane\n|-activate|p2a: Flutter Mane|move: Protect\n|move|p1b: Groudon|Precipice Blades|p2a: Flutter Mane|[spread] p2b\n|-activate|p2a: Flutter Mane|move: Protect\n|-damage|p2b: the moon|20/100 slp\n|-damage|p1b: Groudon|91/100|[from] item: Life Orb\n|cant|p2b: the moon|slp\n|\n|-weather|SunnyDay|[upkeep]\n|upkeep\n|turn|5\n|\n|t:|1773751309\n|move|p2a: Flutter Mane|Icy Wind|p1b: Groudon|[spread] p1a,p1b\n|-supereffective|p1b: Groudon\n|-damage|p1a: Lunala|69/100\n|-damage|p1b: Groudon|56/100\n|-unboost|p1a: Lunala|spe|1\n|-unboost|p1b: Groudon|spe|1\n|-curestatus|p2b: the moon|slp|[msg]\n|move|p2b: the moon|Moongeist Beam|p1a: Lunala\n|-supereffective|p1a: Lunala\n|-damage|p1a: Lunala|0 fnt\n|faint|p1a: Lunala\n|move|p1b: Groudon|Heat Crash|p2a: Flutter Mane\n|-enditem|p2a: Flutter Mane|Focus Sash\n|-damage|p2a: Flutter Mane|1/100\n|-damage|p1b: Groudon|47/100|[from] item: Life Orb\n|\n|-weather|none\n|-end|p2a: Flutter Mane|Protosynthesis\n|-end|p2a: Flutter Mane|Disable\n|-fieldend|move: Gravity\n|upkeep\n|\n|t:|1773751314\n|switch|p1a: Chi-Yu|Chi-Yu, L50|100/100\n|-ability|p1a: Chi-Yu|Beads of Ruin\n|turn|6\n|\n|t:|1773751350\n|switch|p1b: Sableye|Sableye, L50, F|100/100\n|move|p2a: Flutter Mane|Protect|p2a: Flutter Mane\n|-singleturn|p2a: Flutter Mane|Protect\n|move|p1a: Chi-Yu|Heat Wave|p2b: the moon|[spread] \n|-activate|p2a: Flutter Mane|move: Protect\n|-miss|p1a: Chi-Yu|p2b: the moon\n|move|p2b: the moon|Meteor Beam||[still]\n|-prepare|p2b: the moon|Meteor Beam\n|-boost|p2b: the moon|spa|1\n|-enditem|p2b: the moon|Power Herb\n|-anim|p2b: the moon|Meteor Beam|p1a: Chi-Yu\n|-supereffective|p1a: Chi-Yu\n|-damage|p1a: Chi-Yu|0 fnt\n|faint|p1a: Chi-Yu\n|\n|upkeep\n|\n|t:|1773751364\n|switch|p1a: Groudon|Groudon, L50|47/100\n|-weather|SunnyDay|[from] ability: Drought|[of] p1a: Groudon\n|-activate|p2a: Flutter Mane|ability: Protosynthesis\n|-start|p2a: Flutter Mane|protosynthesisspe\n|turn|7\n|\n|t:|1773751382\n|move|p1b: Sableye|Quash|p2b: the moon\n|-activate|p2b: the moon|move: Quash\n|move|p2a: Flutter Mane|Moonblast|p1a: Groudon\n|-damage|p1a: Groudon|0 fnt\n|faint|p1a: Groudon\n|move|p2b: the moon|Moongeist Beam|p1b: Sableye\n|-enditem|p1b: Sableye|Focus Sash\n|-damage|p1b: Sableye|1/100\n|\n|-weather|SunnyDay|[upkeep]\n|upkeep\n|turn|8\n|c|\u2606Jonen|gg\n|\n|t:|1773751392\n|move|p2a: Flutter Mane|Moonblast|p1b: Sableye\n|-supereffective|p1b: Sableye\n|-damage|p1b: Sableye|0 fnt\n|faint|p1b: Sableye\n|\n|win|sleemo2\n|raw|Jonen's rating: 1379 &rarr; <strong>1365</strong><br />(-14 for losing)\n|raw|sleemo2's rating: 1486 &rarr; <strong>1500</strong><br />(+14 for winning)\n","uploadtime":1773751392,"views":11,"formatid":"gen9vgc2026regi","rating":1365,"private":0,"password":null}