{"id":"gen9vgc2026regi-2582657106","format":"[Gen 9] VGC 2026 Reg I","players":["Sunny_zong3","dwsdws"],"log":"|j|\u2606Sunny_zong3\n|j|\u2606dwsdws\n|t:|1776105383\n|gametype|doubles\n|player|p1|Sunny_zong3|bugsy|1431\n|player|p2|dwsdws|hilbert|1433\n|gen|9\n|tier|[Gen 9] VGC 2026 Reg I\n|rated|\n|rule|Species Clause: Limit one of each Pok\u00e9mon\n|rule|Item Clause: Limit 1 of each item\n|clearpoke\n|poke|p1|Muk-Alola, L50, M|\n|poke|p1|Flamigo, L50, F|\n|poke|p1|Miraidon, L50|\n|poke|p1|Calyrex-Shadow, L50|\n|poke|p1|Indeedee, L50, M|\n|poke|p1|Smeargle, L50, F|\n|poke|p2|Ho-Oh, L50|\n|poke|p2|Miraidon, L50|\n|poke|p2|Iron Treads, L50|\n|poke|p2|Iron Bundle, L50|\n|poke|p2|Urshifu-*, L50, M|\n|poke|p2|Farigiraf, L50, F|\n|teampreview|4\n|inactive|Battle timer is ON: inactive players will automatically lose when time's up. (requested by Sunny_zong3)\n|inactive|Sunny_zong3 has 60 seconds left.\n|inactive|dwsdws has 60 seconds left.\n|\n|t:|1776105438\n|teamsize|p1|4\n|teamsize|p2|4\n|start\n|switch|p1a: Smeargle|Smeargle, L50, F|100/100\n|switch|p1b: Calyrex|Calyrex-Shadow, L50|100/100\n|switch|p2a: Ho-Oh|Ho-Oh, L50|100/100\n|switch|p2b: Miraidon|Miraidon, L50|100/100\n|-ability|p1b: Calyrex|As One\n|-ability|p1b: Calyrex|Unnerve\n|-fieldstart|move: Electric Terrain|[from] ability: Hadron Engine|[of] p2b: Miraidon\n|turn|1\n|\n|t:|1776105456\n|move|p2a: Ho-Oh|Protect|p2a: Ho-Oh\n|-singleturn|p2a: Ho-Oh|Protect\n|move|p1b: Calyrex|Astral Barrage|p2a: Ho-Oh|[spread] p2b\n|-activate|p2a: Ho-Oh|move: Protect\n|-damage|p2b: Miraidon|49/100\n|move|p2b: Miraidon|Volt Switch|p1b: Calyrex\n|-damage|p1b: Calyrex|0 fnt\n|faint|p1b: Calyrex\n|\n|t:|1776105470\n|switch|p2b: Urshifu|Urshifu, L50, M|100/100|[from] Volt Switch\n|move|p1a: Smeargle|Minimize|p1a: Smeargle\n|-boost|p1a: Smeargle|evasion|2\n|\n|-ability|p1a: Smeargle|Moody|boost\n|-boost|p1a: Smeargle|spd|2\n|-unboost|p1a: Smeargle|spe|1\n|upkeep\n|\n|t:|1776105473\n|switch|p1b: Miraidon|Miraidon, L50|100/100\n|-activate|p1b: Miraidon|ability: Hadron Engine\n|turn|2\n|inactive|dwsdws has 30 seconds left.\n|\n|t:|1776105499\n|switch|p2b: Iron Treads|Iron Treads, L50|100/100\n|-activate|p2b: Iron Treads|ability: Quark Drive\n|-start|p2b: Iron Treads|quarkdrivespe\n|-terastallize|p1b: Miraidon|Fairy\n|-terastallize|p2a: Ho-Oh|Grass\n|move|p1b: Miraidon|Dazzling Gleam|p2a: Ho-Oh|[spread] p2a,p2b\n|-resisted|p2b: Iron Treads\n|-damage|p2a: Ho-Oh|65/100\n|-damage|p2b: Iron Treads|60/100\n|-damage|p1b: Miraidon|91/100|[from] item: Life Orb\n|move|p2a: Ho-Oh|Tailwind|p2a: Ho-Oh\n|-sidestart|p2: dwsdws|move: Tailwind\n|move|p1a: Smeargle|Minimize|p1a: Smeargle\n|-boost|p1a: Smeargle|evasion|2\n|\n|-ability|p1a: Smeargle|Moody|boost\n|-boost|p1a: Smeargle|spa|2\n|-unboost|p1a: Smeargle|spe|1\n|upkeep\n|turn|3\n|inactive|Sunny_zong3 has 30 seconds left.\n|inactive|dwsdws has 30 seconds left.\n|\n|t:|1776105530\n|move|p1b: Miraidon|Protect|p1b: Miraidon\n|-singleturn|p1b: Miraidon|Protect\n|move|p2b: Iron Treads|Iron Head|p1b: Miraidon\n|-activate|p1b: Miraidon|move: Protect\n|move|p2a: Ho-Oh|Sacred Fire|p1b: Miraidon\n|-activate|p1b: Miraidon|move: Protect\n|move|p1a: Smeargle|Minimize|p1a: Smeargle\n|-boost|p1a: Smeargle|evasion|2\n|\n|-ability|p1a: Smeargle|Moody|boost\n|-boost|p1a: Smeargle|spe|2\n|-unboost|p1a: Smeargle|atk|1\n|upkeep\n|turn|4\n|j| goosse1\n|inactive|Sunny_zong3 has 30 seconds left.\n|\n|t:|1776105558\n|switch|p1b: Flamigo|Flamigo, L50, F|100/100\n|-copyboost|p1b: Flamigo|p1a: Smeargle|[from] ability: Costar\n|-enditem|p1b: Flamigo|White Herb\n|-clearnegativeboost|p1b: Flamigo|[silent]\n|move|p1a: Smeargle|Wide Guard|p1a: Smeargle\n|-singleturn|p1a: Smeargle|Wide Guard\n|move|p2b: Iron Treads|Iron Head|p1b: Flamigo|[miss]\n|-miss|p2b: Iron Treads|p1b: Flamigo\n|move|p2a: Ho-Oh|Sacred Fire|p1b: Flamigo|[miss]\n|-miss|p2a: Ho-Oh|p1b: Flamigo\n|\n|-ability|p1a: Smeargle|Moody|boost\n|-boost|p1a: Smeargle|spa|2\n|-unboost|p1a: Smeargle|spe|1\n|upkeep\n|turn|5\n|inactive|dwsdws has 30 seconds left.\n|\n|t:|1776105592\n|move|p2b: Iron Treads|Protect|p2b: Iron Treads\n|-singleturn|p2b: Iron Treads|Protect\n|move|p1a: Smeargle|Follow Me|p1a: Smeargle\n|-singleturn|p1a: Smeargle|move: Follow Me\n|move|p2a: Ho-Oh|Brave Bird|p1a: Smeargle\n|-enditem|p1a: Smeargle|Focus Sash\n|-damage|p1a: Smeargle|1/100\n|-damage|p2a: Ho-Oh|42/100|[from] Recoil\n|move|p1b: Flamigo|Substitute|p1b: Flamigo\n|-start|p1b: Flamigo|Substitute\n|-damage|p1b: Flamigo|76/100\n|\n|-sideend|p2: dwsdws|move: Tailwind\n|-fieldend|move: Electric Terrain\n|-end|p2b: Iron Treads|Quark Drive\n|-ability|p1a: Smeargle|Moody|boost\n|-boost|p1a: Smeargle|spa|2\n|-unboost|p1a: Smeargle|spd|1\n|upkeep\n|turn|6\n|inactive|dwsdws has 30 seconds left.\n|\n|t:|1776105622\n|switch|p2a: Miraidon|Miraidon, L50|49/100\n|-fieldstart|move: Electric Terrain|[from] ability: Hadron Engine|[of] p2a: Miraidon\n|-activate|p2b: Iron Treads|ability: Quark Drive\n|-start|p2b: Iron Treads|quarkdrivespe\n|move|p2b: Iron Treads|Iron Head|p1a: Smeargle|[miss]\n|-miss|p2b: Iron Treads|p1a: Smeargle\n|move|p1b: Flamigo|Brave Bird|p2a: Miraidon\n|-resisted|p2a: Miraidon\n|-damage|p2a: Miraidon|20/100\n|-damage|p1b: Flamigo|65/100|[from] Recoil\n|move|p1a: Smeargle|Spore|p2b: Iron Treads\n|-activate|p2b: Iron Treads|move: Electric Terrain\n|\n|-ability|p1a: Smeargle|Moody|boost\n|-boost|p1a: Smeargle|def|2\n|-unboost|p1a: Smeargle|spd|1\n|upkeep\n|turn|7\n|\n|t:|1776105644\n|move|p1a: Smeargle|Follow Me|p1a: Smeargle\n|-singleturn|p1a: Smeargle|move: Follow Me\n|move|p2b: Iron Treads|Iron Head|p1a: Smeargle|[miss]\n|-miss|p2b: Iron Treads|p1a: Smeargle\n|move|p2a: Miraidon|Dazzling Gleam|p1a: Smeargle|[spread] p1b\n|-miss|p2a: Miraidon|p1a: Smeargle\n|-supereffective|p1b: Flamigo\n|-end|p1b: Flamigo|Substitute\n|move|p1b: Flamigo|Close Combat|p2b: Iron Treads\n|-supereffective|p2b: Iron Treads\n|-damage|p2b: Iron Treads|0 fnt\n|-unboost|p1b: Flamigo|def|1\n|-unboost|p1b: Flamigo|spd|1\n|faint|p2b: Iron Treads\n|-end|p2b: Iron Treads|Quark Drive|[silent]\n|\n|-ability|p1a: Smeargle|Moody|boost\n|-boost|p1a: Smeargle|spd|2\n|-unboost|p1a: Smeargle|spa|1\n|upkeep\n|\n|t:|1776105662\n|switch|p2b: Urshifu|Urshifu, L50, M|100/100\n|turn|8\n|\n|t:|1776105680\n|move|p1a: Smeargle|Wide Guard|p1a: Smeargle\n|-singleturn|p1a: Smeargle|Wide Guard\n|move|p2a: Miraidon|Dazzling Gleam|p1b: Flamigo|[spread] \n|-activate|p1a: Smeargle|move: Wide Guard\n|-activate|p1b: Flamigo|move: Wide Guard\n|move|p1b: Flamigo|Substitute|p1b: Flamigo\n|-start|p1b: Flamigo|Substitute\n|-damage|p1b: Flamigo|40/100\n|move|p2b: Urshifu|Wicked Blow|p1b: Flamigo|[miss]\n|-miss|p2b: Urshifu|p1b: Flamigo\n|\n|-ability|p1a: Smeargle|Moody|boost\n|-boost|p1a: Smeargle|atk|2\n|-unboost|p1a: Smeargle|def|1\n|upkeep\n|turn|9\n|\n|t:|1776105700\n|move|p1a: Smeargle|Wide Guard|p1a: Smeargle\n|-singleturn|p1a: Smeargle|Wide Guard\n|move|p2a: Miraidon|Dazzling Gleam|p1a: Smeargle|[spread] \n|-activate|p1a: Smeargle|move: Wide Guard\n|-activate|p1b: Flamigo|move: Wide Guard\n|move|p1b: Flamigo|Close Combat|p2b: Urshifu\n|-supereffective|p2b: Urshifu\n|-damage|p2b: Urshifu|0 fnt\n|-unboost|p1b: Flamigo|def|1\n|-unboost|p1b: Flamigo|spd|1\n|faint|p2b: Urshifu\n|\n|-ability|p1a: Smeargle|Moody|boost\n|-boost|p1a: Smeargle|atk|2\n|-unboost|p1a: Smeargle|spe|1\n|upkeep\n|\n|t:|1776105712\n|switch|p2b: Ho-Oh|Ho-Oh, L50, tera:Grass|75/100\n|turn|10\n|-message|dwsdws forfeited.\n|\n|win|Sunny_zong3\n|raw|Sunny_zong3's rating: 1431 &rarr; <strong>1451</strong><br />(+20 for winning)\n|raw|dwsdws's rating: 1433 &rarr; <strong>1413</strong><br />(-20 for losing)\n|l|\u2606dwsdws\n|player|p2|\n|l|\u2606Sunny_zong3\n|player|p1|\n","uploadtime":1776105875,"views":9,"formatid":"gen9vgc2026regi","rating":1413,"private":0,"password":null}