{"id":"gen9vgc2026regi-2523329543","format":"[Gen 9] VGC 2026 Reg I","players":["j0l0k0","sakuramachi"],"log":"|j|\u2606j0l0k0\n|j|\u2606sakuramachi\n|t:|1769015585\n|gametype|doubles\n|player|p1|j0l0k0|brycen|1370\n|player|p2|sakuramachi|rosa|1415\n|gen|9\n|tier|[Gen 9] VGC 2026 Reg I\n|rated|\n|rule|Species Clause: Limit one of each Pok\u00e9mon\n|rule|Item Clause: Limit 1 of each item\n|clearpoke\n|poke|p1|Calyrex-Ice, L50|\n|poke|p1|Kyogre, L50|\n|poke|p1|Indeedee-F, L50, F|\n|poke|p1|Urshifu-*, L50, F|\n|poke|p1|Amoonguss, L50, F|\n|poke|p1|Landorus, L50, M|\n|poke|p2|Koraidon, L50|\n|poke|p2|Flutter Mane, L50|\n|poke|p2|Brute Bonnet, L50|\n|poke|p2|Calyrex-Ice, L50|\n|poke|p2|Raging Bolt, L50|\n|poke|p2|Incineroar, L50, F|\n|teampreview|4\n|inactive|Battle timer is ON: inactive players will automatically lose when time's up. (requested by j0l0k0)\n|inactive|sakuramachi has 60 seconds left.\n|\n|t:|1769015642\n|teamsize|p1|4\n|teamsize|p2|4\n|start\n|switch|p1a: Kyogre|Kyogre, L50, shiny|100/100\n|switch|p1b: Landorus|Landorus, L50, M, shiny|100/100\n|switch|p2a: Raging Bolt|Raging Bolt, L50|100/100\n|switch|p2b: Calyrex|Calyrex-Ice, L50|100/100\n|-ability|p2b: Calyrex|As One\n|-ability|p2b: Calyrex|Unnerve\n|-weather|RainDance|[from] ability: Drizzle|[of] p1a: Kyogre\n|turn|1\n|\n|t:|1769015664\n|switch|p2b: Koraidon|Koraidon, L50|100/100\n|-weather|SunnyDay|[from] ability: Orichalcum Pulse|[of] p2b: Koraidon\n|-activate|p2a: Raging Bolt|ability: Protosynthesis\n|-start|p2a: Raging Bolt|protosynthesisspa\n|-activate|p2b: Koraidon|Orichalcum Pulse|[source]\n|-terastallize|p2a: Raging Bolt|Water\n|-terastallize|p1a: Kyogre|Grass\n|move|p2a: Raging Bolt|Snarl|p1a: Kyogre|[spread] p1a,p1b\n|-damage|p1a: Kyogre|93/100\n|-damage|p1b: Landorus|80/100\n|-unboost|p1a: Kyogre|spa|1\n|-unboost|p1b: Landorus|spa|1\n|move|p1b: Landorus|Sandsear Storm|p2a: Raging Bolt|[spread] p2a,p2b\n|-damage|p2a: Raging Bolt|73/100\n|-damage|p2b: Koraidon|61/100\n|move|p1a: Kyogre|Water Spout|p2b: Koraidon|[spread] p2a,p2b\n|-resisted|p2a: Raging Bolt\n|-resisted|p2b: Koraidon\n|-crit|p2b: Koraidon\n|-damage|p2a: Raging Bolt|67/100\n|-damage|p2b: Koraidon|38/100\n|\n|-weather|SunnyDay|[upkeep]\n|upkeep\n|turn|2\n|inactive|j0l0k0 has 30 seconds left.\n|\n|t:|1769015690\n|switch|p2b: Calyrex|Calyrex-Ice, L50|100/100\n|-ability|p2b: Calyrex|As One\n|-ability|p2b: Calyrex|Unnerve\n|switch|p1a: Urshifu|Urshifu, L50, F|100/100\n|move|p2a: Raging Bolt|Dragon Pulse|p1b: Landorus\n|-damage|p1b: Landorus|12/100\n|move|p1b: Landorus|Sandsear Storm|p2a: Raging Bolt|[spread] p2a,p2b\n|-crit|p2b: Calyrex\n|-damage|p2a: Raging Bolt|43/100\n|-damage|p2b: Calyrex|36/100\n|\n|-weather|SunnyDay|[upkeep]\n|-heal|p2b: Calyrex|42/100|[from] item: Leftovers\n|upkeep\n|turn|3\n|\n|t:|1769015712\n|move|p2a: Raging Bolt|Thunderclap|p1a: Urshifu\n|-damage|p1a: Urshifu|24/100\n|move|p1a: Urshifu|Wicked Blow|p2a: Raging Bolt\n|-crit|p2a: Raging Bolt\n|-damage|p2a: Raging Bolt|0 fnt\n|faint|p2a: Raging Bolt\n|-end|p2a: Raging Bolt|Protosynthesis|[silent]\n|move|p1b: Landorus|Sandsear Storm|p2b: Calyrex\n|-damage|p2b: Calyrex|5/100\n|move|p2b: Calyrex|Glacial Lance|p1b: Landorus|[spread] p1a,p1b\n|-supereffective|p1b: Landorus\n|-damage|p1a: Urshifu|0 fnt\n|-damage|p1b: Landorus|0 fnt\n|faint|p1a: Urshifu\n|faint|p1b: Landorus\n|-ability|p2b: Calyrex|Chilling Neigh|boost\n|-boost|p2b: Calyrex|atk|2\n|\n|-weather|SunnyDay|[upkeep]\n|-heal|p2b: Calyrex|11/100|[from] item: Leftovers\n|upkeep\n|\n|t:|1769015728\n|switch|p1a: Calyrex|Calyrex-Ice, L50|100/100\n|switch|p2a: Flutter Mane|Flutter Mane, L50|100/100\n|switch|p1b: Kyogre|Kyogre, L50, shiny, tera:Grass|93/100\n|-ability|p1a: Calyrex|As One\n|-ability|p1a: Calyrex|Unnerve\n|-weather|RainDance|[from] ability: Drizzle|[of] p1b: Kyogre\n|turn|4\n|inactive|sakuramachi has 30 seconds left.\n|\n|t:|1769015754\n|move|p2a: Flutter Mane|Icy Wind|p1a: Calyrex|[spread] p1a,p1b\n|-resisted|p1a: Calyrex\n|-supereffective|p1b: Kyogre\n|-damage|p1a: Calyrex|95/100\n|-damage|p1b: Kyogre|80/100\n|-unboost|p1b: Kyogre|spe|1\n|move|p2b: Calyrex|Glacial Lance|p1b: Kyogre|[spread] p1a,p1b\n|-resisted|p1a: Calyrex\n|-supereffective|p1b: Kyogre\n|-damage|p1a: Calyrex|63/100\n|-damage|p1b: Kyogre|0 fnt\n|faint|p1b: Kyogre\n|-ability|p2b: Calyrex|Chilling Neigh|boost\n|-boost|p2b: Calyrex|atk|1\n|move|p1a: Calyrex|Trick Room|p1a: Calyrex\n|-fieldstart|move: Trick Room|[of] p1a: Calyrex\n|\n|-weather|RainDance|[upkeep]\n|-heal|p2b: Calyrex|17/100|[from] item: Leftovers\n|upkeep\n|turn|5\n|\n|t:|1769015769\n|move|p2b: Calyrex|Protect|p2b: Calyrex\n|-singleturn|p2b: Calyrex|Protect\n|move|p1a: Calyrex|Glacial Lance|p2b: Calyrex|[spread] p2a\n|-activate|p2b: Calyrex|move: Protect\n|-enditem|p2a: Flutter Mane|Focus Sash\n|-damage|p2a: Flutter Mane|1/100\n|move|p2a: Flutter Mane|Shadow Ball|p1a: Calyrex\n|-supereffective|p1a: Calyrex\n|-damage|p1a: Calyrex|8/100\n|\n|-weather|RainDance|[upkeep]\n|-heal|p2b: Calyrex|23/100|[from] item: Leftovers\n|upkeep\n|turn|6\n|inactive|sakuramachi has 30 seconds left.\n|inactive|sakuramachi has 20 seconds left.\n|inactive|sakuramachi has 15 seconds left.\n|\n|t:|1769015811\n|-end|p2a: Flutter Mane|Protosynthesis|[silent]\n|switch|p2a: Koraidon|Koraidon, L50|38/100\n|-weather|SunnyDay|[from] ability: Orichalcum Pulse|[of] p2a: Koraidon\n|-activate|p2a: Koraidon|Orichalcum Pulse|[source]\n|move|p1a: Calyrex|Glacial Lance|p2b: Calyrex|[spread] p2a,p2b\n|-supereffective|p2a: Koraidon\n|-resisted|p2b: Calyrex\n|-damage|p2a: Koraidon|0 fnt\n|-damage|p2b: Calyrex|4/100\n|faint|p2a: Koraidon\n|-ability|p1a: Calyrex|Chilling Neigh|boost\n|-boost|p1a: Calyrex|atk|1\n|move|p2b: Calyrex|Glacial Lance|p1a: Calyrex\n|-resisted|p1a: Calyrex\n|-damage|p1a: Calyrex|0 fnt\n|faint|p1a: Calyrex\n|\n|win|sakuramachi\n|raw|j0l0k0's rating: 1370 &rarr; <strong>1353</strong><br />(-17 for losing)\n|raw|sakuramachi's rating: 1415 &rarr; <strong>1432</strong><br />(+17 for winning)\n|l|\u2606j0l0k0\n|player|p1|\n|l|\u2606sakuramachi\n|player|p2|\n","uploadtime":1769015950,"views":14,"formatid":"gen9vgc2026regi","rating":1353,"private":0,"password":null}