{"id":"gen9vgc2026regi-2578080286","format":"[Gen 9] VGC 2026 Reg I","players":["Glaceon_1740","eru_kh"],"log":"|j|\u2606Glaceon_1740\n|j|\u2606eru_kh\n|t:|1775645463\n|gametype|doubles\n|player|p1|Glaceon_1740|dawn-gen4pt|1457\n|player|p2|eru_kh|2|1456\n|gen|9\n|tier|[Gen 9] VGC 2026 Reg I\n|rated|\n|rule|Species Clause: Limit one of each Pok\u00e9mon\n|rule|Item Clause: Limit 1 of each item\n|clearpoke\n|poke|p1|Meowscarada, L50, F|\n|poke|p1|Murkrow, L50, M|\n|poke|p1|Kyogre, L50|\n|poke|p1|Zacian-*, L50|\n|poke|p1|Incineroar, L50, F|\n|poke|p1|Rillaboom, L50, F|\n|poke|p2|Terapagos, L50, M|\n|poke|p2|Calyrex-Shadow, L50|\n|poke|p2|Incineroar, L50, M|\n|poke|p2|Rillaboom, L50, F|\n|poke|p2|Ogerpon-Hearthflame, L50, F|\n|poke|p2|Raging Bolt, L50|\n|teampreview|4\n|inactive|Battle timer is ON: inactive players will automatically lose when time's up. (requested by Glaceon_1740)\n|inactive|eru_kh has 60 seconds left.\n|inactive|Glaceon_1740 has 60 seconds left.\n|\n|t:|1775645516\n|teamsize|p1|4\n|teamsize|p2|4\n|start\n|switch|p1a: Murkrow|Murkrow, L50, M, shiny|100/100\n|switch|p1b: Kyogre|Kyogre, L50|100/100\n|switch|p2a: Terapagos|Terapagos, L50, M|100/100\n|switch|p2b: Raging Bolt|Raging Bolt, L50|100/100\n|-activate|p2a: Terapagos|ability: Tera Shift\n|detailschange|p2a: Terapagos|Terapagos-Terastal, L50, M\n|-heal|p2a: Terapagos|100/100|[silent]\n|-weather|RainDance|[from] ability: Drizzle|[of] p1b: Kyogre\n|-enditem|p2b: Raging Bolt|Booster Energy\n|-activate|p2b: Raging Bolt|ability: Protosynthesis|[fromitem]\n|-start|p2b: Raging Bolt|protosynthesisspa\n|turn|1\n|inactive|Glaceon_1740 has 30 seconds left.\n|\n|t:|1775645545\n|move|p1b: Kyogre|Protect|p1b: Kyogre\n|-singleturn|p1b: Kyogre|Protect\n|move|p1a: Murkrow|Tailwind|p1a: Murkrow\n|-sidestart|p1: Glaceon_1740|move: Tailwind\n|move|p2a: Terapagos|Meteor Beam||[still]\n|-prepare|p2a: Terapagos|Meteor Beam\n|-boost|p2a: Terapagos|spa|1\n|-enditem|p2a: Terapagos|Power Herb\n|-anim|p2a: Terapagos|Meteor Beam|p1a: Murkrow\n|-supereffective|p1a: Murkrow\n|-damage|p1a: Murkrow|0 fnt\n|faint|p1a: Murkrow\n|move|p2b: Raging Bolt|Thunderbolt|p1b: Kyogre\n|-activate|p1b: Kyogre|move: Protect\n|\n|-weather|RainDance|[upkeep]\n|upkeep\n|\n|t:|1775645564\n|switch|p1a: Zacian|Zacian-Crowned, L50|100/100\n|-ability|p1a: Zacian|Intrepid Sword|boost\n|-boost|p1a: Zacian|atk|1\n|turn|2\n|\n|t:|1775645578\n|-terastallize|p1b: Kyogre|Grass\n|move|p2a: Terapagos|Protect|p2a: Terapagos\n|-singleturn|p2a: Terapagos|Protect\n|move|p2b: Raging Bolt|Thunderclap|p1b: Kyogre\n|-resisted|p1b: Kyogre\n|-damage|p1b: Kyogre|84/100\n|move|p1a: Zacian|Swords Dance|p1a: Zacian\n|-boost|p1a: Zacian|atk|2\n|move|p1b: Kyogre|Water Spout|p2a: Terapagos|[spread] p2b\n|-activate|p2a: Terapagos|move: Protect\n|-resisted|p2b: Raging Bolt\n|-damage|p2b: Raging Bolt|66/100\n|\n|-weather|RainDance|[upkeep]\n|upkeep\n|turn|3\n|\n|t:|1775645601\n|move|p2b: Raging Bolt|Thunderclap|p1a: Zacian\n|-damage|p1a: Zacian|62/100\n|move|p1a: Zacian|Behemoth Blade|p2a: Terapagos\n|-activate|p2a: Terapagos|ability: Tera Shell\n|-resisted|p2a: Terapagos\n|-damage|p2a: Terapagos|39/100\n|move|p1b: Kyogre|Water Spout|p2b: Raging Bolt|[spread] p2a,p2b\n|-resisted|p2b: Raging Bolt\n|-damage|p2a: Terapagos|0 fnt\n|-damage|p2b: Raging Bolt|25/100\n|faint|p2a: Terapagos\n|\n|-weather|RainDance|[upkeep]\n|upkeep\n|\n|t:|1775645617\n|switch|p2a: Rillaboom|Rillaboom, L50, F, shiny|100/100\n|-fieldstart|move: Grassy Terrain|[from] ability: Grassy Surge|[of] p2a: Rillaboom\n|turn|4\n|\n|t:|1775645638\n|move|p1a: Zacian|Protect|p1a: Zacian\n|-singleturn|p1a: Zacian|Protect\n|move|p1b: Kyogre|Protect|p1b: Kyogre\n|-singleturn|p1b: Kyogre|Protect\n|move|p2a: Rillaboom|Fake Out|p1a: Zacian\n|-activate|p1a: Zacian|move: Protect\n|move|p2b: Raging Bolt|Draco Meteor|p1b: Kyogre\n|-activate|p1b: Kyogre|move: Protect\n|\n|-weather|RainDance|[upkeep]\n|-heal|p1a: Zacian|68/100|[from] Grassy Terrain\n|-heal|p1b: Kyogre|90/100|[from] Grassy Terrain\n|-heal|p2b: Raging Bolt|32/100|[from] Grassy Terrain\n|-sideend|p1: Glaceon_1740|move: Tailwind\n|upkeep\n|turn|5\n|inactive|Glaceon_1740 has 30 seconds left.\n|\n|t:|1775645669\n|-terastallize|p2a: Rillaboom|Water\n|move|p2b: Raging Bolt|Thunderclap|p1a: Zacian\n|-damage|p1a: Zacian|30/100\n|move|p1a: Zacian|Behemoth Blade|p2a: Rillaboom\n|-resisted|p2a: Rillaboom\n|-damage|p2a: Rillaboom|27/100\n|move|p1b: Kyogre|Water Spout|p2b: Raging Bolt|[spread] p2a,p2b\n|-resisted|p2a: Rillaboom\n|-resisted|p2b: Raging Bolt\n|-damage|p2a: Rillaboom|0 fnt\n|-damage|p2b: Raging Bolt|0 fnt\n|faint|p2a: Rillaboom\n|faint|p2b: Raging Bolt\n|-end|p2b: Raging Bolt|Protosynthesis|[silent]\n|\n|-weather|none\n|-heal|p1a: Zacian|36/100|[from] Grassy Terrain\n|-heal|p1b: Kyogre|96/100|[from] Grassy Terrain\n|upkeep\n|\n|t:|1775645681\n|switch|p2b: Calyrex|Calyrex-Shadow, L50|100/100\n|-ability|p2b: Calyrex|As One\n|-ability|p2b: Calyrex|Unnerve\n|turn|6\n|inactive|Glaceon_1740 has 30 seconds left.\n|inactive|Glaceon_1740 has 20 seconds left.\n|inactive|Glaceon_1740 has 15 seconds left.\n|\n|t:|1775645724\n|move|p1a: Zacian|Protect|p1a: Zacian\n|-singleturn|p1a: Zacian|Protect\n|move|p2b: Calyrex|Astral Barrage|p1b: Kyogre|[spread] p1b\n|-activate|p1a: Zacian|move: Protect\n|-crit|p1b: Kyogre\n|-damage|p1b: Kyogre|40/100\n|move|p1b: Kyogre|Origin Pulse|p2b: Calyrex\n|-crit|p2b: Calyrex\n|-enditem|p2b: Calyrex|Focus Sash\n|-damage|p2b: Calyrex|1/100\n|\n|-heal|p2b: Calyrex|7/100|[from] Grassy Terrain\n|-heal|p1a: Zacian|42/100|[from] Grassy Terrain\n|-heal|p1b: Kyogre|46/100|[from] Grassy Terrain\n|upkeep\n|turn|7\n|inactive|Glaceon_1740 has 30 seconds left.\n|\n|t:|1775645758\n|switch|p1a: Incineroar|Incineroar, L50, F, shiny|100/100\n|-ability|p1a: Incineroar|Intimidate|boost\n|-unboost|p2b: Calyrex|atk|1\n|move|p1b: Kyogre|Protect|p1b: Kyogre\n|-singleturn|p1b: Kyogre|Protect\n|move|p2b: Calyrex|Astral Barrage|p1a: Incineroar|[spread] p1a\n|-activate|p1b: Kyogre|move: Protect\n|-resisted|p1a: Incineroar\n|-damage|p1a: Incineroar|81/100\n|\n|-heal|p2b: Calyrex|12/100|[from] Grassy Terrain\n|-heal|p1b: Kyogre|52/100|[from] Grassy Terrain\n|-heal|p1a: Incineroar|87/100|[from] Grassy Terrain\n|upkeep\n|turn|8\n|-message|eru_kh forfeited.\n|\n|win|Glaceon_1740\n|raw|Glaceon_1740's rating: 1457 &rarr; <strong>1477</strong><br />(+20 for winning)\n|raw|eru_kh's rating: 1456 &rarr; <strong>1436</strong><br />(-20 for losing)\n|l|\u2606eru_kh\n|player|p2|\n|l|\u2606Glaceon_1740\n|player|p1|\n","uploadtime":1775646038,"views":9,"formatid":"gen9vgc2026regi","rating":1436,"private":0,"password":null}