{"id":"gen9vgc2026regi-2580174237","format":"[Gen 9] VGC 2026 Reg I","players":["SnibSnapSnab","datbishgames"],"log":"|j|\u2606SnibSnapSnab\n|j|\u2606datbishgames\n|t:|1775861563\n|gametype|doubles\n|player|p1|SnibSnapSnab|266|1524\n|player|p2|datbishgames|mira|1493\n|gen|9\n|tier|[Gen 9] VGC 2026 Reg I\n|rated|\n|rule|Species Clause: Limit one of each Pok\u00e9mon\n|rule|Item Clause: Limit 1 of each item\n|clearpoke\n|poke|p1|Lunala, L50|\n|poke|p1|Terapagos, L50, M|\n|poke|p1|Incineroar, L50, F|\n|poke|p1|Amoonguss, L50, M|\n|poke|p1|Rillaboom, L50, F|\n|poke|p1|Chi-Yu, L50|\n|poke|p2|Dialga-Origin, L50|\n|poke|p2|Ho-Oh, L50|\n|poke|p2|Rotom-Wash, L50|\n|poke|p2|Amoonguss, L50, F|\n|poke|p2|Ursaluna, L50, M|\n|poke|p2|Zoroark-Hisui, L50, F|\n|teampreview|4\n|inactive|Battle timer is ON: inactive players will automatically lose when time's up. (requested by datbishgames)\n|inactive|SnibSnapSnab has 60 seconds left.\n|inactive|datbishgames has 60 seconds left.\n|\n|t:|1775861610\n|teamsize|p1|4\n|teamsize|p2|4\n|start\n|switch|p1a: Terapagos|Terapagos, L50, M|100/100\n|switch|p1b: Rillaboom|Rillaboom, L50, F|100/100\n|switch|p2a: Ursaluna|Ursaluna, L50, M|100/100\n|switch|p2b: Ho-Oh|Ho-Oh, L50|100/100\n|-activate|p1a: Terapagos|ability: Tera Shift\n|detailschange|p1a: Terapagos|Terapagos-Terastal, L50, M\n|-heal|p1a: Terapagos|100/100|[silent]\n|-fieldstart|move: Grassy Terrain|[from] ability: Grassy Surge|[of] p1b: Rillaboom\n|turn|1\n|\n|t:|1775861637\n|move|p2a: Ursaluna|Protect|p2a: Ursaluna\n|-singleturn|p2a: Ursaluna|Protect\n|move|p1b: Rillaboom|Fake Out|p2b: Ho-Oh\n|-damage|p2b: Ho-Oh|88/100\n|move|p2b: Ho-Oh|Sacred Fire|p1b: Rillaboom\n|-supereffective|p1b: Rillaboom\n|-damage|p1b: Rillaboom|0 fnt\n|faint|p1b: Rillaboom\n|move|p1a: Terapagos|Meteor Beam||[still]\n|-prepare|p1a: Terapagos|Meteor Beam\n|-boost|p1a: Terapagos|spa|1\n|-enditem|p1a: Terapagos|Power Herb\n|-anim|p1a: Terapagos|Meteor Beam|p2b: Ho-Oh|[miss]\n|-miss|p1a: Terapagos|p2b: Ho-Oh\n|\n|-status|p2a: Ursaluna|brn|[from] item: Flame Orb\n|upkeep\n|\n|t:|1775861653\n|switch|p1b: Chi-Yu|Chi-Yu, L50|100/100\n|-ability|p1b: Chi-Yu|Beads of Ruin\n|turn|2\n|\n|t:|1775861667\n|move|p1b: Chi-Yu|Heat Wave|p2a: Ursaluna|[spread] p2a,p2b\n|-resisted|p2b: Ho-Oh\n|-damage|p2a: Ursaluna|55/100 brn\n|-damage|p2b: Ho-Oh|72/100\n|move|p2b: Ho-Oh|Tailwind|p2b: Ho-Oh\n|-sidestart|p2: datbishgames|move: Tailwind\n|move|p2a: Ursaluna|Earthquake|p1b: Chi-Yu|[spread] p1a,p1b\n|-immune|p2b: Ho-Oh\n|-activate|p1a: Terapagos|ability: Tera Shell\n|-resisted|p1a: Terapagos\n|-supereffective|p1b: Chi-Yu\n|-damage|p1a: Terapagos|89/100\n|-damage|p1b: Chi-Yu|15/100\n|move|p1a: Terapagos|Tera Starstorm|p2b: Ho-Oh\n|-damage|p2b: Ho-Oh|2/100\n|\n|-heal|p2a: Ursaluna|61/100 brn|[from] Grassy Terrain\n|-heal|p1b: Chi-Yu|21/100|[from] Grassy Terrain\n|-heal|p1a: Terapagos|95/100|[from] Grassy Terrain\n|-damage|p2a: Ursaluna|55/100 brn|[from] brn\n|upkeep\n|turn|3\n|inactive|SnibSnapSnab has 30 seconds left.\n|\n|t:|1775861701\n|move|p2a: Ursaluna|Protect|p2a: Ursaluna\n|-singleturn|p2a: Ursaluna|Protect\n|move|p2b: Ho-Oh|Life Dew|p2b: Ho-Oh|[spread] p2a,p2b\n|-heal|p2a: Ursaluna|81/100 brn\n|-heal|p2b: Ho-Oh|27/100\n|move|p1b: Chi-Yu|Heat Wave|p2b: Ho-Oh|[spread] p2b\n|-activate|p2a: Ursaluna|move: Protect\n|-resisted|p2b: Ho-Oh\n|-damage|p2b: Ho-Oh|11/100\n|move|p1a: Terapagos|Tera Starstorm|p2a: Ursaluna\n|-activate|p2a: Ursaluna|move: Protect\n|\n|-heal|p2a: Ursaluna|87/100 brn|[from] Grassy Terrain\n|-heal|p1b: Chi-Yu|27/100|[from] Grassy Terrain\n|-heal|p1a: Terapagos|100/100|[from] Grassy Terrain\n|-damage|p2a: Ursaluna|81/100 brn|[from] brn\n|upkeep\n|turn|4\n|\n|t:|1775861722\n|switch|p1b: Incineroar|Incineroar, L50, F|100/100\n|-ability|p1b: Incineroar|Intimidate|boost\n|-unboost|p2a: Ursaluna|atk|1\n|-unboost|p2b: Ho-Oh|atk|1\n|move|p2b: Ho-Oh|Brave Bird|p1a: Terapagos\n|-activate|p1a: Terapagos|ability: Tera Shell\n|-resisted|p1a: Terapagos\n|-damage|p1a: Terapagos|83/100\n|-damage|p2b: Ho-Oh|5/100|[from] Recoil\n|move|p2a: Ursaluna|Earthquake|p1a: Terapagos|[spread] p1a,p1b\n|-immune|p2b: Ho-Oh\n|-supereffective|p1b: Incineroar\n|-damage|p1a: Terapagos|67/100\n|-damage|p1b: Incineroar|73/100\n|move|p1a: Terapagos|Tera Starstorm|p2a: Ursaluna\n|-damage|p2a: Ursaluna|2/100 brn\n|\n|-heal|p2a: Ursaluna|8/100 brn|[from] Grassy Terrain\n|-heal|p1a: Terapagos|73/100|[from] Grassy Terrain\n|-heal|p1b: Incineroar|79/100|[from] Grassy Terrain\n|-damage|p2a: Ursaluna|2/100 brn|[from] brn\n|upkeep\n|turn|5\n|inactive|SnibSnapSnab has 30 seconds left.\n|\n|t:|1775861757\n|-terastallize|p2a: Ursaluna|Ghost\n|move|p1b: Incineroar|Fake Out|p2b: Ho-Oh\n|-damage|p2b: Ho-Oh|0 fnt\n|faint|p2b: Ho-Oh\n|move|p2a: Ursaluna|Facade|p1a: Terapagos\n|-damage|p1a: Terapagos|20/100\n|move|p1a: Terapagos|Tera Starstorm|p2a: Ursaluna\n|-immune|p2a: Ursaluna\n|\n|-heal|p2a: Ursaluna|8/100 brn|[from] Grassy Terrain\n|-heal|p1a: Terapagos|26/100|[from] Grassy Terrain\n|-heal|p1b: Incineroar|85/100|[from] Grassy Terrain\n|-damage|p2a: Ursaluna|2/100 brn|[from] brn\n|-sideend|p2: datbishgames|move: Tailwind\n|-fieldend|move: Grassy Terrain\n|upkeep\n|\n|t:|1775861770\n|switch|p2b: Rotom|Rotom-Wash, L50|100/100\n|turn|6\n|-message|SnibSnapSnab forfeited.\n|\n|win|datbishgames\n|raw|SnibSnapSnab's rating: 1524 &rarr; <strong>1502</strong><br />(-22 for losing)\n|raw|datbishgames's rating: 1493 &rarr; <strong>1515</strong><br />(+22 for winning)\n|l|\u2606SnibSnapSnab\n|player|p1|\n|l|\u2606datbishgames\n|player|p2|\n","uploadtime":1775861910,"views":14,"formatid":"gen9vgc2026regi","rating":1502,"private":0,"password":null}