{"id":"gen9vgc2026regi-2556754050","format":"[Gen 9] VGC 2026 Reg I","players":["xiaoliyunVGC","BrodaxVGC"],"log":"|j|\u2606xiaoliyunVGC\n|j|\u2606BrodaxVGC\n|t:|1773245968\n|gametype|doubles\n|player|p1|xiaoliyunVGC|liko|1368\n|player|p2|BrodaxVGC|102|1320\n|gen|9\n|tier|[Gen 9] VGC 2026 Reg I\n|rated|\n|rule|Species Clause: Limit one of each Pok\u00e9mon\n|rule|Item Clause: Limit 1 of each item\n|clearpoke\n|poke|p1|Zamazenta-*, L50|\n|poke|p1|Kyogre, L50|\n|poke|p1|Raichu, L50, F|\n|poke|p1|Flutter Mane, L50|\n|poke|p1|Tornadus, L50, M|\n|poke|p1|Urshifu-*, L50, M|\n|poke|p2|Miraidon, L50|\n|poke|p2|Whimsicott, L50, M|\n|poke|p2|Lunala, L50|\n|poke|p2|Chi-Yu, L50|\n|poke|p2|Iron Hands, L50|\n|poke|p2|Ogerpon-Wellspring, L50, F|\n|teampreview|4\n|inactive|Battle timer is ON: inactive players will automatically lose when time's up. (requested by xiaoliyunVGC)\n|\n|t:|1773245997\n|teamsize|p1|4\n|teamsize|p2|4\n|start\n|switch|p1a: Zamazenta|Zamazenta-Crowned, L50, shiny|100/100\n|switch|p1b: Flutter Mane|Flutter Mane, L50, shiny|100/100\n|switch|p2a: Whimsicott|Whimsicott, L50, M|100/100\n|switch|p2b: Lunala|Lunala, L50|100/100\n|-ability|p1a: Zamazenta|Dauntless Shield|boost\n|-boost|p1a: Zamazenta|def|1\n|-enditem|p1b: Flutter Mane|Booster Energy\n|-activate|p1b: Flutter Mane|ability: Protosynthesis|[fromitem]\n|-start|p1b: Flutter Mane|protosynthesisspe\n|turn|1\n|\n|t:|1773246011\n|move|p2a: Whimsicott|Tailwind|p2a: Whimsicott\n|-sidestart|p2: BrodaxVGC|move: Tailwind\n|move|p1b: Flutter Mane|Taunt|p2b: Lunala\n|-start|p2b: Lunala|move: Taunt\n|move|p2b: Lunala|Meteor Beam||[still]\n|-prepare|p2b: Lunala|Meteor Beam\n|-boost|p2b: Lunala|spa|1\n|-enditem|p2b: Lunala|Power Herb\n|-anim|p2b: Lunala|Meteor Beam|p1b: Flutter Mane\n|-damage|p1b: Flutter Mane|33/100\n|move|p1a: Zamazenta|Behemoth Bash|p2a: Whimsicott\n|-supereffective|p2a: Whimsicott\n|-enditem|p2a: Whimsicott|Focus Sash\n|-damage|p2a: Whimsicott|1/100\n|\n|upkeep\n|turn|2\n|inactive|BrodaxVGC has 30 seconds left.\n|\n|t:|1773246037\n|move|p1a: Zamazenta|Protect|p1a: Zamazenta\n|-singleturn|p1a: Zamazenta|Protect\n|move|p2a: Whimsicott|Encore|p1b: Flutter Mane\n|-start|p1b: Flutter Mane|Encore\n|move|p1b: Flutter Mane|Taunt||[still]\n|-fail|p1b: Flutter Mane\n|move|p2b: Lunala|Psychic|p1a: Zamazenta\n|-activate|p1a: Zamazenta|move: Protect\n|\n|upkeep\n|turn|3\n|\n|t:|1773246051\n|move|p1a: Zamazenta|Protect|p1a: Zamazenta\n|-singleturn|p1a: Zamazenta|Protect\n|move|p2a: Whimsicott|Encore|p1a: Zamazenta\n|-activate|p1a: Zamazenta|move: Protect\n|move|p1b: Flutter Mane|Taunt|p2a: Whimsicott\n|-start|p2a: Whimsicott|move: Taunt\n|move|p2b: Lunala|Moongeist Beam|p1b: Flutter Mane\n|-supereffective|p1b: Flutter Mane\n|-damage|p1b: Flutter Mane|0 fnt\n|faint|p1b: Flutter Mane\n|-end|p1b: Flutter Mane|Protosynthesis|[silent]\n|\n|-end|p2b: Lunala|move: Taunt\n|upkeep\n|\n|t:|1773246061\n|switch|p1b: Raichu|Raichu, L50, F, shiny|100/100\n|turn|4\n|\n|t:|1773246075\n|switch|p2a: Miraidon|Miraidon, L50|100/100\n|-fieldstart|move: Electric Terrain|[from] ability: Hadron Engine|[of] p2a: Miraidon\n|move|p2b: Lunala|Moongeist Beam|p1b: Raichu\n|-enditem|p1b: Raichu|Focus Sash\n|-damage|p1b: Raichu|1/100\n|move|p1b: Raichu|Nuzzle|p2b: Lunala\n|-damage|p2b: Lunala|97/100\n|-status|p2b: Lunala|par\n|move|p1a: Zamazenta|Behemoth Bash|p2b: Lunala\n|-damage|p2b: Lunala|63/100 par\n|\n|-sideend|p2: BrodaxVGC|move: Tailwind\n|upkeep\n|turn|5\n|inactive|xiaoliyunVGC has 30 seconds left.\n|\n|t:|1773246104\n|-terastallize|p1a: Zamazenta|Fighting\n|move|p1b: Raichu|Helping Hand|p1a: Zamazenta\n|-singleturn|p1a: Zamazenta|Helping Hand|[of] p1b: Raichu\n|move|p2a: Miraidon|Dazzling Gleam|p1a: Zamazenta|[spread] p1a,p1b\n|-supereffective|p1a: Zamazenta\n|-crit|p1a: Zamazenta\n|-damage|p1a: Zamazenta|10/100\n|-damage|p1b: Raichu|0 fnt\n|faint|p1b: Raichu\n|move|p1a: Zamazenta|Body Press|p2a: Miraidon\n|-damage|p2a: Miraidon|0 fnt\n|faint|p2a: Miraidon\n|cant|p2b: Lunala|par\n|\n|upkeep\n|\n|t:|1773246119\n|switch|p2a: Whimsicott|Whimsicott, L50, M|1/100\n|switch|p1b: Kyogre|Kyogre, L50, shiny|100/100\n|-weather|RainDance|[from] ability: Drizzle|[of] p1b: Kyogre\n|turn|6\n|inactive|BrodaxVGC has 30 seconds left.\n|\n|t:|1773246146\n|move|p2b: Lunala|Wide Guard|p2b: Lunala\n|-singleturn|p2b: Lunala|Wide Guard\n|move|p2a: Whimsicott|Tailwind|p2a: Whimsicott\n|-sidestart|p2: BrodaxVGC|move: Tailwind\n|move|p1b: Kyogre|Water Spout|p2a: Whimsicott|[spread] \n|-activate|p2a: Whimsicott|move: Wide Guard\n|-activate|p2b: Lunala|move: Wide Guard\n|move|p1a: Zamazenta|Behemoth Bash|p2b: Lunala\n|-damage|p2b: Lunala|31/100 par\n|\n|-weather|RainDance|[upkeep]\n|upkeep\n|turn|7\n|\n|t:|1773246170\n|move|p1a: Zamazenta|Protect|p1a: Zamazenta\n|-singleturn|p1a: Zamazenta|Protect\n|move|p2a: Whimsicott|Moonblast|p1a: Zamazenta\n|-activate|p1a: Zamazenta|move: Protect\n|move|p1b: Kyogre|Water Spout|p2a: Whimsicott|[spread] p2a,p2b\n|-resisted|p2a: Whimsicott\n|-damage|p2a: Whimsicott|0 fnt\n|-damage|p2b: Lunala|0 fnt\n|faint|p2a: Whimsicott\n|faint|p2b: Lunala\n|\n|-weather|RainDance|[upkeep]\n|upkeep\n|\n|t:|1773246173\n|switch|p2b: Ogerpon|Ogerpon-Wellspring, L50, F|100/100\n|turn|8\n|-message|xiaoliyunVGC forfeited.\n|\n|win|BrodaxVGC\n|raw|xiaoliyunVGC's rating: 1368 &rarr; <strong>1345</strong><br />(-23 for losing)\n|raw|BrodaxVGC's rating: 1320 &rarr; <strong>1343</strong><br />(+23 for winning)\n|l|\u2606xiaoliyunVGC\n|player|p1|\n|l|\u2606BrodaxVGC\n|player|p2|\n","uploadtime":1773246347,"views":12,"formatid":"gen9vgc2026regi","rating":1343,"private":0,"password":null}