{"id":"gen9vgc2026regi-2547889633","format":"[Gen 9] VGC 2026 Reg I","players":["Zorse Mentality","cdogp3"],"log":"|j|\u2606Zorse Mentality\n|j|\u2606cdogp3\n|t:|1772141815\n|gametype|doubles\n|player|p1|Zorse Mentality|265|1469\n|player|p2|cdogp3|hoopster|1652\n|gen|9\n|tier|[Gen 9] VGC 2026 Reg I\n|rated|\n|rule|Species Clause: Limit one of each Pok\u00e9mon\n|rule|Item Clause: Limit 1 of each item\n|clearpoke\n|poke|p1|Calyrex-Shadow, L50|\n|poke|p1|Miraidon, L50|\n|poke|p1|Dondozo, L50, F|\n|poke|p1|Tatsugiri, L50, F|\n|poke|p1|Weezing-Galar, L50, M|\n|poke|p1|Raichu-Alola, L50, M|\n|poke|p2|Sneasler, L50, F|\n|poke|p2|Ditto, L50|\n|poke|p2|Calyrex-Ice, L50|\n|poke|p2|Miraidon, L50|\n|poke|p2|Urshifu-*, L50, F|\n|poke|p2|Incineroar, L50, F|\n|teampreview|4\n|inactive|Battle timer is ON: inactive players will automatically lose when time's up. (requested by cdogp3)\n|\n|t:|1772141835\n|teamsize|p1|4\n|teamsize|p2|4\n|start\n|switch|p1a: Weezing|Weezing-Galar, L50, M|100/100\n|switch|p1b: Calyrex|Calyrex-Shadow, L50|100/100\n|switch|p2a: Calyrex|Calyrex-Ice, L50|100/100\n|switch|p2b: Incineroar|Incineroar, L50, F|100/100\n|-ability|p1a: Weezing|Neutralizing Gas\n|-ability|p1b: Calyrex|As One\n|-ability|p1b: Calyrex|Unnerve\n|-ability|p2a: Calyrex|As One\n|-ability|p2a: Calyrex|Unnerve\n|turn|1\n|\n|t:|1772141860\n|move|p1b: Calyrex|Protect|p1b: Calyrex\n|-singleturn|p1b: Calyrex|Protect\n|move|p2a: Calyrex|Protect|p2a: Calyrex\n|-singleturn|p2a: Calyrex|Protect\n|move|p2b: Incineroar|Knock Off|p1b: Calyrex\n|-activate|p1b: Calyrex|move: Protect\n|move|p1a: Weezing|Poison Gas|p2b: Incineroar|[spread] p2b\n|-activate|p2a: Calyrex|move: Protect\n|-status|p2b: Incineroar|psn\n|\n|-damage|p2b: Incineroar|88/100 psn|[from] psn\n|upkeep\n|turn|2\n|inactive|Zorse Mentality has 30 seconds left.\n|inactive|Zorse Mentality has 20 seconds left.\n|\n|t:|1772141900\n|switch|p1b: Tatsugiri|Tatsugiri, L50, F|100/100\n|-end|p1a: Weezing|ability: Neutralizing Gas\n|-ability|p2b: Incineroar|Intimidate|boost\n|-unboost|p1a: Weezing|atk|1\n|-unboost|p1b: Tatsugiri|atk|1\n|switch|p1a: Dondozo|Dondozo, L50, F|100/100\n|-activate|p1b: Tatsugiri|ability: Commander|[of] p1a: Dondozo\n|-boost|p1a: Dondozo|atk|2\n|-boost|p1a: Dondozo|spa|2\n|-boost|p1a: Dondozo|spe|2\n|-boost|p1a: Dondozo|def|2\n|-boost|p1a: Dondozo|spd|2\n|-terastallize|p2a: Calyrex|Water\n|move|p2b: Incineroar|Knock Off|p1b: Tatsugiri|[miss]\n|-miss|p2b: Incineroar|p1b: Tatsugiri\n|move|p2a: Calyrex|Glacial Lance|p1b: Tatsugiri|[spread] p1a\n|-miss|p2a: Calyrex|p1b: Tatsugiri\n|-resisted|p1a: Dondozo\n|-damage|p1a: Dondozo|92/100\n|\n|-damage|p2b: Incineroar|76/100 psn|[from] psn\n|upkeep\n|turn|3\n|inactive|Zorse Mentality has 30 seconds left.\n|inactive|Zorse Mentality has 20 seconds left.\n|\n|t:|1772141936\n|move|p1a: Dondozo|Earthquake|p2b: Incineroar|[spread] p2a,p2b\n|-miss|p1a: Dondozo|p1b: Tatsugiri\n|-supereffective|p2b: Incineroar\n|-damage|p2a: Calyrex|79/100\n|-damage|p2b: Incineroar|17/100 psn\n|move|p2b: Incineroar|U-turn|p1a: Dondozo\n|-damage|p1a: Dondozo|85/100\n|-damage|p2b: Incineroar|1/100 psn|[from] item: Rocky Helmet|[of] p1a: Dondozo\n|\n|t:|1772141945\n|switch|p2b: Miraidon|Miraidon, L50|100/100|[from] U-turn\n|-fieldstart|move: Electric Terrain|[from] ability: Hadron Engine|[of] p2b: Miraidon\n|move|p2a: Calyrex|Glacial Lance|p1b: Tatsugiri|[spread] p1a\n|-miss|p2a: Calyrex|p1b: Tatsugiri\n|-resisted|p1a: Dondozo\n|-damage|p1a: Dondozo|77/100\n|\n|upkeep\n|turn|4\n|inactive|Zorse Mentality has 30 seconds left.\n|inactive|Zorse Mentality has 20 seconds left.\n|\n|t:|1772141984\n|-terastallize|p1a: Dondozo|Grass\n|move|p2b: Miraidon|Volt Switch|p1a: Dondozo\n|-resisted|p1a: Dondozo\n|-damage|p1a: Dondozo|60/100\n|-damage|p2b: Miraidon|91/100|[from] item: Life Orb\n|\n|t:|1772141988\n|switch|p2b: Incineroar|Incineroar, L50, F|1/100 psn|[from] Volt Switch\n|-ability|p2b: Incineroar|Intimidate|boost\n|-unboost|p1a: Dondozo|atk|1\n|-unboost|p1b: Tatsugiri|atk|1\n|move|p1a: Dondozo|Earthquake|p2a: Calyrex|[spread] p2a,p2b\n|-miss|p1a: Dondozo|p1b: Tatsugiri\n|-supereffective|p2b: Incineroar\n|-damage|p2a: Calyrex|62/100\n|-damage|p2b: Incineroar|0 fnt\n|faint|p2b: Incineroar\n|move|p2a: Calyrex|Glacial Lance|p1b: Tatsugiri|[spread] p1a\n|-miss|p2a: Calyrex|p1b: Tatsugiri\n|-supereffective|p1a: Dondozo\n|-damage|p1a: Dondozo|27/100\n|\n|upkeep\n|\n|t:|1772141991\n|switch|p2b: Urshifu|Urshifu-Rapid-Strike, L50, F|100/100\n|turn|5\n|\n|t:|1772142009\n|move|p2b: Urshifu|Close Combat|p1a: Dondozo\n|-damage|p1a: Dondozo|6/100\n|-unboost|p2b: Urshifu|def|1\n|-unboost|p2b: Urshifu|spd|1\n|-damage|p2b: Urshifu|84/100|[from] item: Rocky Helmet|[of] p1a: Dondozo\n|move|p1a: Dondozo|Earthquake|p2b: Urshifu|[spread] p2a,p2b\n|-miss|p1a: Dondozo|p1b: Tatsugiri\n|-crit|p2a: Calyrex\n|-damage|p2a: Calyrex|40/100\n|-damage|p2b: Urshifu|60/100\n|move|p2a: Calyrex|Trick Room|p2a: Calyrex\n|-fieldstart|move: Trick Room|[of] p2a: Calyrex\n|\n|upkeep\n|turn|6\n|\n|t:|1772142028\n|move|p2a: Calyrex|Glacial Lance|p1b: Tatsugiri|[spread] p1a\n|-miss|p2a: Calyrex|p1b: Tatsugiri\n|-supereffective|p1a: Dondozo\n|-damage|p1a: Dondozo|0 fnt\n|faint|p1a: Dondozo\n|-ability|p2a: Calyrex|Chilling Neigh|boost\n|-boost|p2a: Calyrex|atk|1\n|move|p2b: Urshifu|Close Combat|p1b: Tatsugiri\n|-damage|p1b: Tatsugiri|0 fnt\n|-unboost|p2b: Urshifu|def|1\n|-unboost|p2b: Urshifu|spd|1\n|faint|p1b: Tatsugiri\n|\n|upkeep\n|\n|t:|1772142043\n|switch|p1a: Weezing|Weezing-Galar, L50, M|100/100\n|switch|p1b: Calyrex|Calyrex-Shadow, L50|100/100\n|-ability|p1a: Weezing|Neutralizing Gas\n|-ability|p1b: Calyrex|As One\n|-ability|p1b: Calyrex|Unnerve\n|turn|7\n|\n|t:|1772142057\n|move|p1b: Calyrex|Protect|p1b: Calyrex\n|-singleturn|p1b: Calyrex|Protect\n|move|p2b: Urshifu|Aqua Jet|p1b: Calyrex\n|-activate|p1b: Calyrex|move: Protect\n|move|p2a: Calyrex|Glacial Lance|p1b: Calyrex|[spread] p1a\n|-activate|p1b: Calyrex|move: Protect\n|-damage|p1a: Weezing|27/100\n|move|p1a: Weezing|Strange Steam|p2b: Urshifu\n|-supereffective|p2b: Urshifu\n|-damage|p2b: Urshifu|0 fnt\n|faint|p2b: Urshifu\n|\n|-heal|p1a: Weezing|32/100|[from] item: Leftovers\n|-fieldend|move: Electric Terrain\n|upkeep\n|\n|t:|1772142066\n|switch|p2b: Miraidon|Miraidon, L50|91/100\n|turn|8\n|\n|t:|1772142090\n|move|p1a: Weezing|Protect|p1a: Weezing\n|-singleturn|p1a: Weezing|Protect\n|move|p2a: Calyrex|Glacial Lance|p1a: Weezing|[spread] p1b\n|-activate|p1a: Weezing|move: Protect\n|-enditem|p1b: Calyrex|Focus Sash\n|-damage|p1b: Calyrex|1/100\n|move|p2b: Miraidon|Electro Drift|p1b: Calyrex\n|-damage|p1b: Calyrex|0 fnt\n|faint|p1b: Calyrex\n|-damage|p2b: Miraidon|81/100|[from] item: Life Orb\n|\n|-heal|p1a: Weezing|38/100|[from] item: Leftovers\n|upkeep\n|turn|9\n|-message|Zorse Mentality forfeited.\n|\n|win|cdogp3\n|raw|Zorse Mentality's rating: 1469 &rarr; <strong>1459</strong><br />(-10 for losing)\n|raw|cdogp3's rating: 1652 &rarr; <strong>1662</strong><br />(+10 for winning)\n|l|\u2606Zorse Mentality\n|player|p1|\n|l|\u2606cdogp3\n|player|p2|\n","uploadtime":1772142299,"views":18,"formatid":"gen9vgc2026regi","rating":1459,"private":0,"password":null}