{"id":"gen9vgc2026regi-2567181711","format":"[Gen 9] VGC 2026 Reg I","players":["jair bolsonaro pr.","biludbiludbilud"],"log":"|j|\u2606jair bolsonaro pr.\n|j|\u2606biludbiludbilud\n|t:|1774455362\n|gametype|doubles\n|player|p1|jair bolsonaro pr.|102|1491\n|player|p2|biludbiludbilud|lucas|1487\n|gen|9\n|tier|[Gen 9] VGC 2026 Reg I\n|rated|\n|rule|Species Clause: Limit one of each Pok\u00e9mon\n|rule|Item Clause: Limit 1 of each item\n|clearpoke\n|poke|p1|Zamazenta-*, L50|\n|poke|p1|Calyrex-Shadow, L50|\n|poke|p1|Chien-Pao, L50|\n|poke|p1|Dragonite, L50, M|\n|poke|p1|Ogerpon-Cornerstone, L50, F|\n|poke|p1|Amoonguss, L50, F|\n|poke|p2|Kyogre, L50|\n|poke|p2|Zamazenta-*, L50|\n|poke|p2|Chien-Pao, L50|\n|poke|p2|Tornadus, L50, M|\n|poke|p2|Rillaboom, L50, F|\n|poke|p2|Landorus, L50, M|\n|teampreview|4\n|inactive|Battle timer is ON: inactive players will automatically lose when time's up. (requested by biludbiludbilud)\n|\n|t:|1774455382\n|teamsize|p1|4\n|teamsize|p2|4\n|start\n|switch|p1a: Ogerpon|Ogerpon-Cornerstone, L50, F|100/100\n|switch|p1b: Calyrex|Calyrex-Shadow, L50|100/100\n|switch|p2a: Zamazenta|Zamazenta-Crowned, L50|100/100\n|switch|p2b: Chien-Pao|Chien-Pao, L50|100/100\n|-ability|p1b: Calyrex|As One\n|-ability|p1b: Calyrex|Unnerve\n|-ability|p2b: Chien-Pao|Sword of Ruin\n|-ability|p2a: Zamazenta|Dauntless Shield|boost\n|-boost|p2a: Zamazenta|def|1\n|turn|1\n|inactive|biludbiludbilud has 30 seconds left.\n|\n|t:|1774455411\n|move|p1b: Calyrex|Protect|p1b: Calyrex\n|-singleturn|p1b: Calyrex|Protect\n|move|p1a: Ogerpon|Spiky Shield|p1a: Ogerpon\n|-singleturn|p1a: Ogerpon|move: Protect\n|move|p2b: Chien-Pao|Ice Spinner|p1b: Calyrex\n|-activate|p1b: Calyrex|move: Protect\n|move|p2a: Zamazenta|Body Press|p1a: Ogerpon\n|-activate|p1a: Ogerpon|move: Protect\n|-damage|p2a: Zamazenta|88/100|[from] Spiky Shield|[of] p1a: Ogerpon\n|\n|upkeep\n|turn|2\n|\n|t:|1774455425\n|move|p1b: Calyrex|Astral Barrage|p2b: Chien-Pao|[spread] p2a,p2b\n|-resisted|p2b: Chien-Pao\n|-damage|p2a: Zamazenta|52/100\n|-damage|p2b: Chien-Pao|55/100\n|move|p2b: Chien-Pao|Ice Spinner|p1b: Calyrex\n|-damage|p1b: Calyrex|42/100\n|move|p1a: Ogerpon|Ivy Cudgel|p2b: Chien-Pao|[anim] Ivy Cudgel Rock\n|-supereffective|p2b: Chien-Pao\n|-damage|p2b: Chien-Pao|0 fnt\n|faint|p2b: Chien-Pao\n|move|p2a: Zamazenta|Heavy Slam|p1b: Calyrex\n|-damage|p1b: Calyrex|0 fnt\n|faint|p1b: Calyrex\n|\n|upkeep\n|inactive|biludbiludbilud has 30 seconds left.\n|\n|t:|1774455452\n|switch|p1b: Zamazenta|Zamazenta-Crowned, L50, shiny|100/100\n|switch|p2b: Kyogre|Kyogre, L50|100/100\n|-ability|p1b: Zamazenta|Dauntless Shield|boost\n|-boost|p1b: Zamazenta|def|1\n|-weather|RainDance|[from] ability: Drizzle|[of] p2b: Kyogre\n|turn|3\n|\n|t:|1774455473\n|-terastallize|p2b: Kyogre|Grass\n|move|p1a: Ogerpon|Spiky Shield|p1a: Ogerpon\n|-singleturn|p1a: Ogerpon|move: Protect\n|move|p1b: Zamazenta|Protect|p1b: Zamazenta\n|-singleturn|p1b: Zamazenta|Protect\n|move|p2a: Zamazenta|Body Press|p1b: Zamazenta\n|-activate|p1b: Zamazenta|move: Protect\n|move|p2b: Kyogre|Origin Pulse|p1b: Zamazenta|[spread] \n|-activate|p1a: Ogerpon|move: Protect\n|-activate|p1b: Zamazenta|move: Protect\n|\n|-weather|RainDance|[upkeep]\n|upkeep\n|turn|4\n|inactive|biludbiludbilud has 30 seconds left.\n|\n|t:|1774455500\n|move|p1a: Ogerpon|Ivy Cudgel|p2b: Kyogre|[anim] Ivy Cudgel Rock\n|-crit|p2b: Kyogre\n|-damage|p2b: Kyogre|7/100\n|move|p1b: Zamazenta|Body Press|p2a: Zamazenta\n|-supereffective|p2a: Zamazenta\n|-damage|p2a: Zamazenta|2/100\n|move|p2a: Zamazenta|Body Press|p1b: Zamazenta\n|-supereffective|p1b: Zamazenta\n|-damage|p1b: Zamazenta|48/100\n|move|p2b: Kyogre|Origin Pulse|p1a: Ogerpon|[spread] p1b\n|-miss|p2b: Kyogre|p1a: Ogerpon\n|-damage|p1b: Zamazenta|0 fnt\n|faint|p1b: Zamazenta\n|\n|-weather|RainDance|[upkeep]\n|upkeep\n|\n|t:|1774455509\n|switch|p1b: Dragonite|Dragonite, L50, M, shiny|100/100\n|turn|5\n|\n|t:|1774455521\n|move|p1b: Dragonite|Extreme Speed|p2b: Kyogre\n|-damage|p2b: Kyogre|0 fnt\n|faint|p2b: Kyogre\n|move|p1a: Ogerpon|Ivy Cudgel|p2a: Zamazenta|[anim] Ivy Cudgel Rock\n|-resisted|p2a: Zamazenta\n|-damage|p2a: Zamazenta|0 fnt\n|faint|p2a: Zamazenta\n|\n|-weather|RainDance|[upkeep]\n|upkeep\n|-message|biludbiludbilud forfeited.\n|\n|win|jair bolsonaro pr.\n|raw|jair bolsonaro pr.'s rating: 1491 &rarr; <strong>1511</strong><br />(+20 for winning)\n|raw|biludbiludbilud's rating: 1487 &rarr; <strong>1467</strong><br />(-20 for losing)\n|l|\u2606jair bolsonaro pr.\n|player|p1|\n|l|\u2606biludbiludbilud\n|player|p2|\n","uploadtime":1774455793,"views":15,"formatid":"gen9vgc2026regi","rating":1467,"private":0,"password":null}