{"id":"gen9vgc2026regi-2541781289","format":"[Gen 9] VGC 2026 Reg I","players":["Luh_simoes-04","kojimuranishi"],"log":"|j|\u2606Luh_simoes-04\n|j|\u2606kojimuranishi\n|t:|1771368523\n|gametype|doubles\n|player|p1|Luh_simoes-04|drayden|1542\n|player|p2|kojimuranishi|265|1504\n|gen|9\n|tier|[Gen 9] VGC 2026 Reg I\n|rated|\n|rule|Species Clause: Limit one of each Pok\u00e9mon\n|rule|Item Clause: Limit 1 of each item\n|clearpoke\n|poke|p1|Lunala, L50|\n|poke|p1|Ogerpon-Cornerstone, L50, F|\n|poke|p1|Calyrex-Ice, L50|\n|poke|p1|Urshifu-*, L50, M|\n|poke|p1|Chi-Yu, L50|\n|poke|p1|Landorus, L50, M|\n|poke|p2|Calyrex-Ice, L50|\n|poke|p2|Indeedee-F, L50, F|\n|poke|p2|Kyogre, L50|\n|poke|p2|Pincurchin, L50, M|\n|poke|p2|Iron Jugulis, L50|\n|poke|p2|Urshifu-*, L50, M|\n|teampreview|4\n|inactive|Battle timer is ON: inactive players will automatically lose when time's up. (requested by Luh_simoes-04)\n|inactive|kojimuranishi has 60 seconds left.\n|\n|t:|1771368555\n|teamsize|p1|4\n|teamsize|p2|4\n|start\n|switch|p1a: Ogerpon|Ogerpon-Cornerstone, L50, F|100/100\n|switch|p1b: Lunala|Lunala, L50|100/100\n|switch|p2a: Kyogre|Kyogre, L50|100/100\n|switch|p2b: Urshifu|Urshifu-Rapid-Strike, L50, M|100/100\n|-weather|RainDance|[from] ability: Drizzle|[of] p2a: Kyogre\n|turn|1\n|\n|t:|1771368569\n|move|p1a: Ogerpon|Follow Me|p1a: Ogerpon\n|-singleturn|p1a: Ogerpon|move: Follow Me\n|move|p2b: Urshifu|Surging Strikes|p1a: Ogerpon\n|-crit|p1a: Ogerpon\n|-damage|p1a: Ogerpon|65/100\n|-crit|p1a: Ogerpon\n|-damage|p1a: Ogerpon|24/100\n|-crit|p1a: Ogerpon\n|-damage|p1a: Ogerpon|0 fnt\n|faint|p1a: Ogerpon\n|-hitcount|p1: Ogerpon|3\n|move|p2a: Kyogre|Water Spout|p1b: Lunala\n|-damage|p1b: Lunala|43/100\n|move|p1b: Lunala|Trick Room|p1b: Lunala\n|-fieldstart|move: Trick Room|[of] p1b: Lunala\n|\n|-weather|RainDance|[upkeep]\n|upkeep\n|\n|t:|1771368577\n|switch|p1a: Calyrex|Calyrex-Ice, L50|100/100\n|-ability|p1a: Calyrex|As One\n|-ability|p1a: Calyrex|Unnerve\n|turn|2\n|\n|t:|1771368592\n|-terastallize|p1a: Calyrex|Water\n|move|p2a: Kyogre|Protect|p2a: Kyogre\n|-singleturn|p2a: Kyogre|Protect\n|move|p1a: Calyrex|Leech Seed|p2a: Kyogre\n|-activate|p2a: Kyogre|move: Protect\n|move|p1b: Lunala|Meteor Beam||[still]\n|-prepare|p1b: Lunala|Meteor Beam\n|-boost|p1b: Lunala|spa|1\n|-enditem|p1b: Lunala|Power Herb\n|-anim|p1b: Lunala|Meteor Beam|p2b: Urshifu\n|-resisted|p2b: Urshifu\n|-damage|p2b: Urshifu|45/100\n|move|p2b: Urshifu|Surging Strikes|p1a: Calyrex\n|-resisted|p1a: Calyrex\n|-crit|p1a: Calyrex\n|-damage|p1a: Calyrex|90/100\n|-resisted|p1a: Calyrex\n|-crit|p1a: Calyrex\n|-damage|p1a: Calyrex|80/100\n|-resisted|p1a: Calyrex\n|-crit|p1a: Calyrex\n|-damage|p1a: Calyrex|71/100\n|-hitcount|p1a: Calyrex|3\n|\n|-weather|RainDance|[upkeep]\n|-heal|p1a: Calyrex|77/100|[from] item: Leftovers\n|upkeep\n|turn|3\n|inactive|kojimuranishi has 30 seconds left.\n|\n|t:|1771368625\n|move|p1a: Calyrex|Leech Seed|p2a: Kyogre\n|-start|p2a: Kyogre|move: Leech Seed\n|move|p1b: Lunala|Moongeist Beam|p2b: Urshifu\n|-damage|p2b: Urshifu|0 fnt\n|faint|p2b: Urshifu\n|move|p2a: Kyogre|Water Spout|p1a: Calyrex|[spread] p1a,p1b\n|-resisted|p1a: Calyrex\n|-damage|p1a: Calyrex|40/100\n|-damage|p1b: Lunala|0 fnt\n|faint|p1b: Lunala\n|\n|-weather|RainDance|[upkeep]\n|-heal|p1a: Calyrex|46/100|[from] item: Leftovers\n|-damage|p2a: Kyogre|88/100|[from] Leech Seed|[of] p1a: Calyrex\n|-heal|p1a: Calyrex|58/100|[silent]\n|upkeep\n|\n|t:|1771368650\n|switch|p1b: Urshifu|Urshifu, L50, M|100/100\n|switch|p2b: Indeedee|Indeedee-F, L50, F|100/100\n|-fieldstart|move: Psychic Terrain|[from] ability: Psychic Surge|[of] p2b: Indeedee\n|turn|4\n|\n|t:|1771368674\n|-terastallize|p2a: Kyogre|Fairy\n|move|p1b: Urshifu|Detect|p1b: Urshifu\n|-singleturn|p1b: Urshifu|Protect\n|move|p1a: Calyrex|Glacial Lance|p2a: Kyogre|[spread] p2a,p2b\n|-damage|p2a: Kyogre|35/100\n|-damage|p2b: Indeedee|52/100\n|move|p2b: Indeedee|Heal Pulse|p2a: Kyogre\n|-heal|p2a: Kyogre|85/100\n|move|p2a: Kyogre|Water Spout|p1a: Calyrex|[spread] p1a\n|-activate|p1b: Urshifu|move: Protect\n|-resisted|p1a: Calyrex\n|-damage|p1a: Calyrex|25/100\n|\n|-weather|RainDance|[upkeep]\n|-heal|p1a: Calyrex|31/100|[from] item: Leftovers\n|-damage|p2a: Kyogre|72/100|[from] Leech Seed|[of] p1a: Calyrex\n|-heal|p1a: Calyrex|43/100|[silent]\n|upkeep\n|turn|5\n|inactive|kojimuranishi has 30 seconds left.\n|\n|t:|1771368701\n|move|p1b: Urshifu|Wicked Blow|p2b: Indeedee\n|-supereffective|p2b: Indeedee\n|-crit|p2b: Indeedee\n|-damage|p2b: Indeedee|0 fnt\n|faint|p2b: Indeedee\n|move|p1a: Calyrex|Glacial Lance|p2a: Kyogre\n|-damage|p2a: Kyogre|1/100\n|move|p2a: Kyogre|Water Spout|p1b: Urshifu|[spread] p1a,p1b\n|-resisted|p1a: Calyrex\n|-damage|p1a: Calyrex|43/100\n|-damage|p1b: Urshifu|99/100\n|\n|-weather|none\n|-heal|p1a: Calyrex|48/100|[from] item: Leftovers\n|-damage|p2a: Kyogre|0 fnt|[from] Leech Seed|[of] p1a: Calyrex\n|-heal|p1a: Calyrex|49/100|[silent]\n|faint|p2a: Kyogre\n|-fieldend|move: Trick Room\n|upkeep\n|-message|kojimuranishi forfeited.\n|\n|win|Luh_simoes-04\n|raw|Luh_simoes-04's rating: 1542 &rarr; <strong>1560</strong><br />(+18 for winning)\n|raw|kojimuranishi's rating: 1504 &rarr; <strong>1486</strong><br />(-18 for losing)\n|l|\u2606kojimuranishi\n|player|p2|\n|j|\u2606kojimuranishi\n|player|p2|kojimuranishi|265|\n|l|\u2606Luh_simoes-04\n|player|p1|\n|l|\u2606kojimuranishi\n|player|p2|\n","uploadtime":1771368871,"views":22,"formatid":"gen9vgc2026regi","rating":1486,"private":0,"password":null}