{"id":"gen9vgc2026regi-2542972033","format":"[Gen 9] VGC 2026 Reg I","players":["kaiSSTX","SEITA"],"log":"|j|\u2606kaiSSTX\n|j|\u2606SEITA\n|t:|1771518766\n|gametype|doubles\n|player|p1|kaiSSTX|cynthia|1409\n|player|p2|SEITA|lucas-gen4pt|1672\n|gen|9\n|tier|[Gen 9] VGC 2026 Reg I\n|rated|\n|rule|Species Clause: Limit one of each Pok\u00e9mon\n|rule|Item Clause: Limit 1 of each item\n|clearpoke\n|poke|p1|Ho-Oh, L50|\n|poke|p1|Miraidon, L50|\n|poke|p1|Iron Treads, L50|\n|poke|p1|Iron Bundle, L50|\n|poke|p1|Urshifu-*, L50, M|\n|poke|p1|Farigiraf, L50, F|\n|poke|p2|Zacian-*, L50|\n|poke|p2|Kyogre, L50|\n|poke|p2|Tornadus, L50, M|\n|poke|p2|Raging Bolt, L50|\n|poke|p2|Landorus, L50, M|\n|poke|p2|Chien-Pao, L50|\n|teampreview|4\n|j| lunala fairy ghost\n|\n|t:|1771518817\n|teamsize|p1|4\n|teamsize|p2|4\n|start\n|switch|p1a: Iron Bundle|Iron Bundle, L50|100/100\n|switch|p1b: Miraidon|Miraidon, L50|100/100\n|switch|p2a: Tornadus|Tornadus, L50, M|100/100\n|switch|p2b: Zacian|Zacian-Crowned, L50|100/100\n|-ability|p2b: Zacian|Intrepid Sword|boost\n|-boost|p2b: Zacian|atk|1\n|-fieldstart|move: Electric Terrain|[from] ability: Hadron Engine|[of] p1b: Miraidon\n|-activate|p1a: Iron Bundle|ability: Quark Drive\n|-start|p1a: Iron Bundle|quarkdrivespe\n|turn|1\n|\n|t:|1771518875\n|switch|p1b: Ho-Oh|Ho-Oh, L50|100/100\n|move|p2b: Zacian|Protect|p2b: Zacian\n|-singleturn|p2b: Zacian|Protect\n|move|p2a: Tornadus|Tailwind|p2a: Tornadus\n|-sidestart|p2: SEITA|move: Tailwind\n|move|p1a: Iron Bundle|Icy Wind|p2a: Tornadus|[spread] p2a\n|-activate|p2b: Zacian|move: Protect\n|-supereffective|p2a: Tornadus\n|-damage|p2a: Tornadus|54/100\n|-unboost|p2a: Tornadus|spe|1\n|\n|upkeep\n|turn|2\n|l| lunala fairy ghost\n|j| lunala fairy ghost\n|l| lunala fairy ghost\n|\n|t:|1771518954\n|move|p1a: Iron Bundle|Protect|p1a: Iron Bundle\n|-singleturn|p1a: Iron Bundle|Protect\n|move|p2a: Tornadus|Rain Dance|p2a: Tornadus\n|-weather|RainDance\n|move|p2b: Zacian|Sacred Sword|p1a: Iron Bundle\n|-activate|p1a: Iron Bundle|move: Protect\n|move|p1b: Ho-Oh|Tailwind|p1b: Ho-Oh\n|-sidestart|p1: kaiSSTX|move: Tailwind\n|\n|-weather|RainDance|[upkeep]\n|upkeep\n|turn|3\n|\n|t:|1771518983\n|-terastallize|p2a: Tornadus|Normal\n|move|p1a: Iron Bundle|Freeze-Dry|p2a: Tornadus\n|-damage|p2a: Tornadus|13/100\n|move|p2b: Zacian|Play Rough|p1a: Iron Bundle\n|-damage|p1a: Iron Bundle|4/100\n|-unboost|p1a: Iron Bundle|atk|1\n|move|p1b: Ho-Oh|Sacred Fire|p2b: Zacian\n|-supereffective|p2b: Zacian\n|-damage|p2b: Zacian|51/100\n|move|p2a: Tornadus|Bleakwind Storm|p1b: Ho-Oh|[spread] p1a,p1b\n|-damage|p1a: Iron Bundle|0 fnt\n|-damage|p1b: Ho-Oh|76/100\n|-unboost|p1b: Ho-Oh|spe|1\n|faint|p1a: Iron Bundle\n|-end|p1a: Iron Bundle|Quark Drive|[silent]\n|\n|-weather|RainDance|[upkeep]\n|upkeep\n|\n|t:|1771519002\n|switch|p1a: Iron Treads|Iron Treads, L50|100/100\n|-activate|p1a: Iron Treads|ability: Quark Drive\n|-start|p1a: Iron Treads|quarkdrivespe\n|turn|4\n|\n|t:|1771519018\n|move|p2a: Tornadus|Protect|p2a: Tornadus\n|-singleturn|p2a: Tornadus|Protect\n|move|p2b: Zacian|Protect|p2b: Zacian\n|-singleturn|p2b: Zacian|Protect\n|move|p1a: Iron Treads|High Horsepower|p2b: Zacian\n|-activate|p2b: Zacian|move: Protect\n|move|p1b: Ho-Oh|Brave Bird|p2a: Tornadus\n|-activate|p2a: Tornadus|move: Protect\n|\n|-weather|RainDance|[upkeep]\n|-sideend|p2: SEITA|move: Tailwind\n|upkeep\n|turn|5\n|\n|t:|1771519062\n|switch|p2b: Chien-Pao|Chien-Pao, L50|100/100\n|-ability|p2b: Chien-Pao|Sword of Ruin\n|move|p2a: Tornadus|Tailwind|p2a: Tornadus\n|-sidestart|p2: SEITA|move: Tailwind\n|move|p1a: Iron Treads|High Horsepower|p2b: Chien-Pao\n|-damage|p2b: Chien-Pao|22/100\n|-damage|p1a: Iron Treads|90/100|[from] item: Life Orb\n|move|p1b: Ho-Oh|Brave Bird|p2a: Tornadus\n|-damage|p2a: Tornadus|0 fnt\n|faint|p2a: Tornadus\n|-damage|p1b: Ho-Oh|72/100|[from] Recoil\n|\n|-weather|RainDance|[upkeep]\n|-sideend|p1: kaiSSTX|move: Tailwind\n|-fieldend|move: Electric Terrain\n|-end|p1a: Iron Treads|Quark Drive\n|upkeep\n|\n|t:|1771519089\n|switch|p2a: Zacian|Zacian-Crowned, L50|51/100\n|turn|6\n|\n|t:|1771519126\n|move|p2a: Zacian|Behemoth Blade|p1b: Ho-Oh\n|-resisted|p1b: Ho-Oh\n|-damage|p1b: Ho-Oh|34/100\n|-damage|p2a: Zacian|34/100|[from] item: Rocky Helmet|[of] p1b: Ho-Oh\n|move|p2b: Chien-Pao|Ice Spinner|p1b: Ho-Oh\n|-damage|p1b: Ho-Oh|0 fnt\n|-damage|p2b: Chien-Pao|6/100|[from] item: Rocky Helmet|[of] p1b: Ho-Oh\n|faint|p1b: Ho-Oh\n|move|p1a: Iron Treads|High Horsepower|p2a: Zacian\n|-supereffective|p2a: Zacian\n|-damage|p2a: Zacian|0 fnt\n|faint|p2a: Zacian\n|-damage|p1a: Iron Treads|80/100|[from] item: Life Orb\n|\n|-weather|none\n|upkeep\n|\n|t:|1771519143\n|switch|p2a: Raging Bolt|Raging Bolt, L50|100/100\n|switch|p1b: Miraidon|Miraidon, L50|100/100\n|-fieldstart|move: Electric Terrain|[from] ability: Hadron Engine|[of] p1b: Miraidon\n|-activate|p1a: Iron Treads|ability: Quark Drive\n|-start|p1a: Iron Treads|quarkdrivespe\n|-enditem|p2a: Raging Bolt|Booster Energy\n|-activate|p2a: Raging Bolt|ability: Protosynthesis|[fromitem]\n|-start|p2a: Raging Bolt|protosynthesisspa\n|turn|7\n|\n|t:|1771519167\n|-terastallize|p1b: Miraidon|Fairy\n|move|p2b: Chien-Pao|Ice Spinner|p1a: Iron Treads\n|-damage|p1a: Iron Treads|29/100\n|-fieldend|move: Electric Terrain\n|-end|p1a: Iron Treads|Quark Drive\n|move|p2a: Raging Bolt|Draco Meteor|p1a: Iron Treads\n|-resisted|p1a: Iron Treads\n|-damage|p1a: Iron Treads|0 fnt\n|-unboost|p2a: Raging Bolt|spa|2\n|faint|p1a: Iron Treads\n|-end|p1a: Iron Treads|Quark Drive|[silent]\n|move|p1b: Miraidon|Dazzling Gleam|p2b: Chien-Pao|[spread] p2a,p2b\n|-supereffective|p2a: Raging Bolt\n|-supereffective|p2b: Chien-Pao\n|-damage|p2a: Raging Bolt|2/100\n|-damage|p2b: Chien-Pao|0 fnt\n|faint|p2b: Chien-Pao\n|\n|upkeep\n|turn|8\n|\n|t:|1771519185\n|move|p2a: Raging Bolt|Thunderbolt|p1b: Miraidon\n|-crit|p1b: Miraidon\n|-damage|p1b: Miraidon|11/100\n|move|p1b: Miraidon|Dazzling Gleam|p2a: Raging Bolt\n|-supereffective|p2a: Raging Bolt\n|-damage|p2a: Raging Bolt|0 fnt\n|faint|p2a: Raging Bolt\n|-end|p2a: Raging Bolt|Protosynthesis|[silent]\n|\n|win|kaiSSTX\n|raw|kaiSSTX's rating: 1409 &rarr; <strong>1442</strong><br />(+33 for winning)\n|raw|SEITA's rating: 1672 &rarr; <strong>1639</strong><br />(-33 for losing)\n|c|\u2606kaiSSTX|gg\n|l|\u2606SEITA\n|player|p2|\n","uploadtime":1771519323,"views":44,"formatid":"gen9vgc2026regi","rating":1442,"private":0,"password":null}