{"id":"gen9vgc2026regi-2590260265","format":"[Gen 9] VGC 2026 Reg I","players":["Samueldonner1","testhan92"],"log":"|j|\u2606Samueldonner1\n|j|\u2606testhan92\n|t:|1776796994\n|gametype|doubles\n|player|p1|Samueldonner1|1|1332\n|player|p2|testhan92|169|1482\n|gen|9\n|tier|[Gen 9] VGC 2026 Reg I\n|rated|\n|rule|Species Clause: Limit one of each Pok\u00e9mon\n|rule|Item Clause: Limit 1 of each item\n|clearpoke\n|poke|p1|Indeedee-F, L50, F|\n|poke|p1|Calyrex-Shadow, L50|\n|poke|p1|Registeel, L50|\n|poke|p1|Amoonguss, L50, M|\n|poke|p1|Tornadus, L50, M|\n|poke|p1|Groudon, L50|\n|poke|p2|Koraidon, L50|\n|poke|p2|Calyrex-Ice, L50|\n|poke|p2|Rillaboom, L50, F|\n|poke|p2|Incineroar, L50, M|\n|poke|p2|Smeargle, L50, F|\n|poke|p2|Landorus, L50, M|\n|teampreview|4\n|inactive|Battle timer is ON: inactive players will automatically lose when time's up. (requested by Samueldonner1)\n|\n|t:|1776797053\n|teamsize|p1|4\n|teamsize|p2|4\n|start\n|switch|p1a: Indeedee|Indeedee-F, L50, F|100/100\n|switch|p1b: Calyrex|Calyrex-Shadow, L50|100/100\n|switch|p2a: Calyrex|Calyrex-Ice, L50|100/100\n|switch|p2b: Incineroar|Incineroar, L50, M|100/100\n|-ability|p1b: Calyrex|As One\n|-ability|p1b: Calyrex|Unnerve\n|-ability|p2a: Calyrex|As One\n|-ability|p2a: Calyrex|Unnerve\n|-fieldstart|move: Psychic Terrain|[from] ability: Psychic Surge|[of] p1a: Indeedee\n|-ability|p2b: Incineroar|Intimidate|boost\n|-unboost|p1a: Indeedee|atk|1\n|-unboost|p1b: Calyrex|atk|1\n|turn|1\n|inactive|Samueldonner1 has 30 seconds left.\n|\n|t:|1776797078\n|-terastallize|p2a: Calyrex|Fairy\n|move|p1a: Indeedee|Follow Me|p1a: Indeedee\n|-singleturn|p1a: Indeedee|move: Follow Me\n|move|p1b: Calyrex|Nasty Plot|p1b: Calyrex\n|-boost|p1b: Calyrex|spa|2\n|move|p2a: Calyrex|Glacial Lance|p1a: Indeedee|[spread] p1a,p1b\n|-crit|p1a: Indeedee\n|-damage|p1a: Indeedee|7/100\n|-damage|p1b: Calyrex|31/100\n|move|p2b: Incineroar|Knock Off|p1a: Indeedee\n|-supereffective|p1a: Indeedee\n|-damage|p1a: Indeedee|0 fnt\n|-damage|p2b: Incineroar|84/100|[from] item: Rocky Helmet|[of] p1a: Indeedee\n|-enditem|p1a: Indeedee|Rocky Helmet|[from] move: Knock Off|[of] p2b: Incineroar\n|faint|p1a: Indeedee\n|\n|upkeep\n|\n|t:|1776797102\n|switch|p1a: Registeel|Registeel, L50|100/100\n|turn|2\n|\n|t:|1776797126\n|move|p1b: Calyrex|Protect|p1b: Calyrex\n|-singleturn|p1b: Calyrex|Protect\n|move|p2a: Calyrex|Protect|p2a: Calyrex\n|-singleturn|p2a: Calyrex|Protect\n|move|p2b: Incineroar|Flare Blitz|p1b: Calyrex\n|-activate|p1b: Calyrex|move: Protect\n|move|p1a: Registeel|Iron Defense|p1a: Registeel\n|-boost|p1a: Registeel|def|2\n|\n|upkeep\n|turn|3\n|\n|t:|1776797144\n|switch|p2a: Smeargle|Smeargle, L50, F|100/100\n|-terastallize|p1b: Calyrex|Ghost\n|move|p1b: Calyrex|Astral Barrage|p2a: Smeargle|[spread] p2b\n|-immune|p2a: Smeargle\n|-resisted|p2b: Incineroar\n|-damage|p2b: Incineroar|23/100\n|move|p2b: Incineroar|Knock Off|p1b: Calyrex\n|-supereffective|p1b: Calyrex\n|-damage|p1b: Calyrex|0 fnt\n|-enditem|p1b: Calyrex|Focus Sash|[from] move: Knock Off|[of] p2b: Incineroar\n|faint|p1b: Calyrex\n|move|p1a: Registeel|Body Press|p2b: Incineroar\n|-supereffective|p2b: Incineroar\n|-crit|p2b: Incineroar\n|-damage|p2b: Incineroar|0 fnt\n|faint|p2b: Incineroar\n|\n|-ability|p2a: Smeargle|Moody|boost\n|-boost|p2a: Smeargle|atk|2\n|-unboost|p2a: Smeargle|def|1\n|upkeep\n|\n|t:|1776797162\n|switch|p1b: Tornadus|Tornadus, L50, M|100/100\n|switch|p2b: Calyrex|Calyrex-Ice, L50, tera:Fairy|100/100\n|-ability|p2b: Calyrex|As One\n|-ability|p2b: Calyrex|Unnerve\n|turn|4\n|\n|t:|1776797174\n|move|p1b: Tornadus|Protect|p1b: Tornadus\n|-singleturn|p1b: Tornadus|Protect\n|move|p2a: Smeargle|Spore|p1a: Registeel\n|-status|p1a: Registeel|slp|[from] move: Spore\n|move|p2b: Calyrex|Leech Seed|p1a: Registeel|[miss]\n|-miss|p2b: Calyrex|p1a: Registeel\n|cant|p1a: Registeel|slp\n|\n|-ability|p2a: Smeargle|Moody|boost\n|-boost|p2a: Smeargle|atk|2\n|-unboost|p2a: Smeargle|spa|1\n|upkeep\n|turn|5\n|\n|t:|1776797198\n|move|p2a: Smeargle|Ruination|p1b: Tornadus|[miss]\n|-miss|p2a: Smeargle|p1b: Tornadus\n|move|p1b: Tornadus|Bleakwind Storm|p2a: Smeargle|[spread] p2a,p2b\n|-damage|p2a: Smeargle|15/100\n|-damage|p2b: Calyrex|75/100\n|move|p2b: Calyrex|Glacial Lance|p1a: Registeel|[spread] p1a,p1b\n|-resisted|p1a: Registeel\n|-supereffective|p1b: Tornadus\n|-damage|p1a: Registeel|92/100 slp\n|-damage|p1b: Tornadus|0 fnt\n|faint|p1b: Tornadus\n|-ability|p2b: Calyrex|Chilling Neigh|boost\n|-boost|p2b: Calyrex|atk|1\n|-curestatus|p1a: Registeel|slp|[msg]\n|move|p1a: Registeel|Body Press|p2a: Smeargle\n|-supereffective|p2a: Smeargle\n|-damage|p2a: Smeargle|0 fnt\n|faint|p2a: Smeargle\n|\n|-heal|p2b: Calyrex|81/100|[from] item: Leftovers\n|-fieldend|move: Psychic Terrain\n|upkeep\n|\n|t:|1776797210\n|switch|p2a: Landorus|Landorus, L50, M|100/100\n|turn|6\n|\n|t:|1776797223\n|move|p2a: Landorus|Earth Power|p1a: Registeel\n|-supereffective|p1a: Registeel\n|-damage|p1a: Registeel|0 fnt\n|faint|p1a: Registeel\n|\n|win|testhan92\n|raw|Samueldonner1's rating: 1332 &rarr; <strong>1320</strong><br />(-12 for losing)\n|raw|testhan92's rating: 1482 &rarr; <strong>1494</strong><br />(+12 for winning)\n|l|\u2606Samueldonner1\n|player|p1|\n|l|\u2606testhan92\n|player|p2|\n","uploadtime":1776797482,"views":12,"formatid":"gen9vgc2026regi","rating":1320,"private":0,"password":null}