{"id":"gen9vgc2026regi-2556981052","format":"[Gen 9] VGC 2026 Reg I","players":["kinderlew","Cello L."],"log":"|j|\u2606kinderlew\n|j|\u2606Cello L.\n|t:|1773266467\n|gametype|doubles\n|player|p1|kinderlew|265|1417\n|player|p2|Cello L.|2|1484\n|gen|9\n|tier|[Gen 9] VGC 2026 Reg I\n|rated|\n|rule|Species Clause: Limit one of each Pok\u00e9mon\n|rule|Item Clause: Limit 1 of each item\n|clearpoke\n|poke|p1|Calyrex-Shadow, L50|\n|poke|p1|Smeargle, L50, M|\n|poke|p1|Koraidon, L50|\n|poke|p1|Tornadus, L50, M|\n|poke|p1|Volcarona, L50, M|\n|poke|p1|Iron Hands, L50|\n|poke|p2|Calyrex-Shadow, L50|\n|poke|p2|Zamazenta-*, L50|\n|poke|p2|Raging Bolt, L50|\n|poke|p2|Ogerpon-Hearthflame, L50, F|\n|poke|p2|Rillaboom, L50, M|\n|poke|p2|Incineroar, L50, M|\n|teampreview|4\n|inactive|Battle timer is ON: inactive players will automatically lose when time's up. (requested by kinderlew)\n|\n|t:|1773266500\n|teamsize|p1|4\n|teamsize|p2|4\n|start\n|switch|p1a: Calyrex|Calyrex-Shadow, L50|100/100\n|switch|p1b: Smeargle|Smeargle, L50, M|100/100\n|switch|p2a: Raging Bolt|Raging Bolt, L50|100/100\n|switch|p2b: Incineroar|Incineroar, L50, M|100/100\n|-ability|p1a: Calyrex|As One\n|-ability|p1a: Calyrex|Unnerve\n|-ability|p2b: Incineroar|Intimidate|boost\n|-unboost|p1a: Calyrex|atk|1\n|-fail|p1b: Smeargle|unboost|Attack|[from] ability: Own Tempo|[of] p1b: Smeargle\n|-enditem|p2a: Raging Bolt|Booster Energy\n|-activate|p2a: Raging Bolt|ability: Protosynthesis|[fromitem]\n|-start|p2a: Raging Bolt|protosynthesisspa\n|turn|1\n|inactive|kinderlew has 30 seconds left.\n|inactive|Cello L. has 30 seconds left.\n|inactive|Cello L. has 20 seconds left.\n|inactive|Cello L. has 15 seconds left.\n|\n|t:|1773266544\n|-terastallize|p1a: Calyrex|Ghost\n|move|p2b: Incineroar|Fake Out|p1b: Smeargle\n|-damage|p1b: Smeargle|73/100\n|cant|p1b: Smeargle|flinch\n|move|p1a: Calyrex|Astral Barrage|p2a: Raging Bolt|[spread] p2a,p2b\n|-resisted|p2b: Incineroar\n|-damage|p2a: Raging Bolt|2/100\n|-damage|p2b: Incineroar|45/100\n|move|p2a: Raging Bolt|Thunderbolt|p1b: Smeargle\n|-damage|p1b: Smeargle|0 fnt\n|faint|p1b: Smeargle\n|\n|upkeep\n|\n|t:|1773266569\n|switch|p1b: Koraidon|Koraidon, L50|100/100\n|-weather|SunnyDay|[from] ability: Orichalcum Pulse|[of] p1b: Koraidon\n|-activate|p1b: Koraidon|Orichalcum Pulse|[source]\n|turn|2\n|inactive|Cello L. has 30 seconds left.\n|inactive|Cello L. has 20 seconds left.\n|\n|t:|1773266605\n|move|p2a: Raging Bolt|Thunderclap|p1a: Calyrex\n|-damage|p1a: Calyrex|42/100\n|move|p1a: Calyrex|Astral Barrage|p2a: Raging Bolt|[spread] p2a,p2b\n|-resisted|p2b: Incineroar\n|-damage|p2a: Raging Bolt|0 fnt\n|-damage|p2b: Incineroar|0 fnt\n|faint|p2a: Raging Bolt\n|-end|p2a: Raging Bolt|Protosynthesis|[silent]\n|faint|p2b: Incineroar\n|-ability|p1a: Calyrex|Grim Neigh|boost\n|-boost|p1a: Calyrex|spa|2\n|move|p1b: Koraidon|Flame Charge|p1a: Calyrex\n|-damage|p1a: Calyrex|0 fnt\n|-boost|p1b: Koraidon|spe|1\n|faint|p1a: Calyrex\n|-damage|p1b: Koraidon|91/100|[from] item: Life Orb\n|\n|-weather|SunnyDay|[upkeep]\n|upkeep\n|\n|t:|1773266628\n|switch|p1a: Tornadus|Tornadus, L50, M|100/100\n|switch|p2a: Calyrex|Calyrex-Shadow, L50|100/100\n|switch|p2b: Zamazenta|Zamazenta-Crowned, L50|100/100\n|-ability|p2a: Calyrex|As One\n|-ability|p2a: Calyrex|Unnerve\n|-ability|p2b: Zamazenta|Dauntless Shield|boost\n|-boost|p2b: Zamazenta|def|1\n|turn|3\n|inactive|Cello L. has 30 seconds left.\n|\n|t:|1773266655\n|-terastallize|p2b: Zamazenta|Water\n|move|p1b: Koraidon|Flare Blitz|p2a: Calyrex\n|-damage|p2a: Calyrex|0 fnt\n|faint|p2a: Calyrex\n|-damage|p1b: Koraidon|58/100|[from] Recoil\n|-damage|p1b: Koraidon|49/100|[from] item: Life Orb\n|move|p2b: Zamazenta|Body Press|p1b: Koraidon\n|-damage|p1b: Koraidon|0 fnt\n|faint|p1b: Koraidon\n|move|p1a: Tornadus|Bleakwind Storm|p2b: Zamazenta\n|-damage|p2b: Zamazenta|66/100\n|-unboost|p2b: Zamazenta|spe|1\n|\n|-weather|SunnyDay|[upkeep]\n|upkeep\n|turn|4\n|\n|t:|1773266672\n|move|p1a: Tornadus|Bleakwind Storm|p2b: Zamazenta\n|-damage|p2b: Zamazenta|33/100\n|move|p2b: Zamazenta|Heavy Slam|p1a: Tornadus\n|-damage|p1a: Tornadus|39/100\n|\n|-weather|SunnyDay|[upkeep]\n|upkeep\n|turn|5\n|\n|t:|1773266680\n|move|p1a: Tornadus|Bleakwind Storm|p2b: Zamazenta\n|-damage|p2b: Zamazenta|0 fnt\n|faint|p2b: Zamazenta\n|\n|win|kinderlew\n|raw|kinderlew's rating: 1417 &rarr; <strong>1441</strong><br />(+24 for winning)\n|raw|Cello L.'s rating: 1484 &rarr; <strong>1460</strong><br />(-24 for losing)\n|l|\u2606kinderlew\n|player|p1|\n","uploadtime":1773266685,"views":11,"formatid":"gen9vgc2026regi","rating":1441,"private":0,"password":null}