{"id":"gen9vgc2026regi-2561656241","format":"[Gen 9] VGC 2026 Reg I","players":["godpb","jd8erh"],"log":"|j|\u2606godpb\n|j|\u2606jd8erh\n|t:|1773828728\n|gametype|doubles\n|player|p1|godpb|1|1355\n|player|p2|jd8erh|2|1395\n|gen|9\n|tier|[Gen 9] VGC 2026 Reg I\n|rated|\n|rule|Species Clause: Limit one of each Pok\u00e9mon\n|rule|Item Clause: Limit 1 of each item\n|clearpoke\n|poke|p1|Rayquaza, L50|\n|poke|p1|Calyrex-Shadow, L50|\n|poke|p1|Rillaboom, L50, M|\n|poke|p1|Incineroar, L50, M|\n|poke|p1|Chien-Pao, L50|\n|poke|p1|Urshifu-*, L50, M|\n|poke|p2|Miraidon, L50|\n|poke|p2|Lunala, L50|\n|poke|p2|Incineroar, L50, F|\n|poke|p2|Wo-Chien, L50|\n|poke|p2|Urshifu-*, L50, F|\n|poke|p2|Ursaluna-Bloodmoon, L50, M|\n|teampreview|4\n|inactive|Battle timer is ON: inactive players will automatically lose when time's up. (requested by jd8erh)\n|\n|t:|1773828753\n|teamsize|p1|4\n|teamsize|p2|4\n|start\n|switch|p1a: Rayquaza|Rayquaza, L50|100/100\n|switch|p1b: Rillaboom|Rillaboom, L50, M|100/100\n|switch|p2a: Lunala|Lunala, L50|100/100\n|switch|p2b: Incineroar|Incineroar, L50, F|100/100\n|-ability|p1a: Rayquaza|Air Lock\n|-fieldstart|move: Grassy Terrain|[from] ability: Grassy Surge|[of] p1b: Rillaboom\n|-ability|p2b: Incineroar|Intimidate|boost\n|-fail|p1a: Rayquaza|unboost|[from] item: Clear Amulet|[of] p1a: Rayquaza\n|-unboost|p1b: Rillaboom|atk|1\n|turn|1\n|\n|t:|1773828764\n|-terastallize|p1a: Rayquaza|Normal\n|move|p1b: Rillaboom|Fake Out|p2b: Incineroar\n|-damage|p2b: Incineroar|91/100\n|-damage|p1b: Rillaboom|84/100|[from] item: Rocky Helmet|[of] p2b: Incineroar\n|cant|p2b: Incineroar|flinch\n|move|p1a: Rayquaza|Swords Dance|p1a: Rayquaza\n|-boost|p1a: Rayquaza|atk|2\n|move|p2a: Lunala|Trick Room|p2a: Lunala\n|-fieldstart|move: Trick Room|[of] p2a: Lunala\n|\n|-heal|p2b: Incineroar|97/100|[from] Grassy Terrain\n|-heal|p1b: Rillaboom|90/100|[from] Grassy Terrain\n|upkeep\n|turn|2\n|\n|t:|1773828789\n|move|p1a: Rayquaza|Extreme Speed|p2b: Incineroar\n|-damage|p2b: Incineroar|10/100\n|-damage|p1a: Rayquaza|84/100|[from] item: Rocky Helmet|[of] p2b: Incineroar\n|move|p1b: Rillaboom|Grassy Glide|p2a: Lunala\n|-damage|p2a: Lunala|90/100\n|move|p2b: Incineroar|Knock Off|p1a: Rayquaza\n|-crit|p1a: Rayquaza\n|-damage|p1a: Rayquaza|27/100\n|-enditem|p1a: Rayquaza|Clear Amulet|[from] move: Knock Off|[of] p2b: Incineroar\n|move|p2a: Lunala|Moonblast|p1a: Rayquaza\n|-damage|p1a: Rayquaza|0 fnt\n|faint|p1a: Rayquaza\n|\n|-heal|p2b: Incineroar|16/100|[from] Grassy Terrain\n|-heal|p1b: Rillaboom|96/100|[from] Grassy Terrain\n|-heal|p2a: Lunala|96/100|[from] Grassy Terrain\n|upkeep\n|\n|t:|1773828805\n|switch|p1a: Chien-Pao|Chien-Pao, L50|100/100\n|-ability|p1a: Chien-Pao|Sword of Ruin\n|turn|3\n|\n|t:|1773828814\n|move|p2a: Lunala|Protect|p2a: Lunala\n|-singleturn|p2a: Lunala|Protect\n|move|p1b: Rillaboom|Grassy Glide|p2b: Incineroar\n|-resisted|p2b: Incineroar\n|-damage|p2b: Incineroar|0 fnt\n|-damage|p1b: Rillaboom|79/100|[from] item: Rocky Helmet|[of] p2b: Incineroar\n|faint|p2b: Incineroar\n|move|p1a: Chien-Pao|Sucker Punch||[still]\n|-fail|p1a: Chien-Pao\n|\n|-heal|p1b: Rillaboom|85/100|[from] Grassy Terrain\n|-heal|p2a: Lunala|100/100|[from] Grassy Terrain\n|upkeep\n|\n|t:|1773828815\n|switch|p2b: Ursaluna|Ursaluna-Bloodmoon, L50, M|100/100\n|turn|4\n|\n|t:|1773828831\n|-terastallize|p2a: Lunala|Fairy\n|move|p1a: Chien-Pao|Protect|p1a: Chien-Pao\n|-singleturn|p1a: Chien-Pao|Protect\n|move|p1b: Rillaboom|Grassy Glide|p2b: Ursaluna\n|-supereffective|p2b: Ursaluna\n|-damage|p2b: Ursaluna|54/100\n|move|p2b: Ursaluna|Hyper Voice|p1a: Chien-Pao|[spread] p1b\n|-activate|p1a: Chien-Pao|move: Protect\n|-damage|p1b: Rillaboom|47/100\n|-damage|p2b: Ursaluna|44/100|[from] item: Life Orb\n|move|p2a: Lunala|Moonblast|p1a: Chien-Pao\n|-activate|p1a: Chien-Pao|move: Protect\n|\n|-heal|p2b: Ursaluna|50/100|[from] Grassy Terrain\n|-heal|p1b: Rillaboom|53/100|[from] Grassy Terrain\n|upkeep\n|turn|5\n|\n|t:|1773828859\n|switch|p2a: Miraidon|Miraidon, L50|100/100\n|-fieldstart|move: Electric Terrain|[from] ability: Hadron Engine|[of] p2a: Miraidon\n|move|p1a: Chien-Pao|Sucker Punch|p2b: Ursaluna\n|-damage|p2b: Ursaluna|16/100\n|move|p2b: Ursaluna|Blood Moon|p1b: Rillaboom\n|-damage|p1b: Rillaboom|0 fnt\n|faint|p1b: Rillaboom\n|-damage|p2b: Ursaluna|6/100|[from] item: Life Orb\n|\n|-fieldend|move: Trick Room\n|upkeep\n|\n|t:|1773828869\n|switch|p1b: Calyrex|Calyrex-Shadow, L50|100/100\n|-ability|p1b: Calyrex|As One\n|-ability|p1b: Calyrex|Unnerve\n|turn|6\n|\n|t:|1773828883\n|move|p1b: Calyrex|Protect|p1b: Calyrex\n|-singleturn|p1b: Calyrex|Protect\n|move|p1a: Chien-Pao|Ice Spinner|p2a: Miraidon\n|-supereffective|p2a: Miraidon\n|-damage|p2a: Miraidon|2/100\n|-fieldend|move: Electric Terrain\n|move|p2a: Miraidon|Snarl|p1b: Calyrex|[spread] p1a\n|-activate|p1b: Calyrex|move: Protect\n|-resisted|p1a: Chien-Pao\n|-damage|p1a: Chien-Pao|89/100\n|-unboost|p1a: Chien-Pao|spa|1\n|move|p2b: Ursaluna|Hyper Voice|p1a: Chien-Pao|[spread] p1a\n|-activate|p1b: Calyrex|move: Protect\n|-damage|p1a: Chien-Pao|6/100\n|-damage|p2b: Ursaluna|0 fnt|[from] item: Life Orb\n|faint|p2b: Ursaluna\n|\n|upkeep\n|\n|t:|1773828885\n|switch|p2b: Lunala|Lunala, L50, tera:Fairy|100/100\n|turn|7\n|\n|t:|1773828895\n|move|p1b: Calyrex|Astral Barrage|p2b: Lunala|[spread] p2a,p2b\n|-damage|p2a: Miraidon|0 fnt\n|-damage|p2b: Lunala|78/100\n|faint|p2a: Miraidon\n|-ability|p1b: Calyrex|Grim Neigh|boost\n|-boost|p1b: Calyrex|spa|1\n|-damage|p1b: Calyrex|91/100|[from] item: Life Orb\n|move|p1a: Chien-Pao|Ice Spinner|p2b: Lunala\n|-damage|p2b: Lunala|35/100\n|move|p2b: Lunala|Trick Room|p2b: Lunala\n|-fieldstart|move: Trick Room|[of] p2b: Lunala\n|\n|upkeep\n|turn|8\n|\n|t:|1773828913\n|move|p1a: Chien-Pao|Sucker Punch|p2b: Lunala\n|-resisted|p2b: Lunala\n|-damage|p2b: Lunala|19/100\n|move|p2b: Lunala|Moongeist Beam|p1b: Calyrex\n|-supereffective|p1b: Calyrex\n|-damage|p1b: Calyrex|0 fnt\n|faint|p1b: Calyrex\n|\n|upkeep\n|turn|9\n|\n|t:|1773828920\n|move|p1a: Chien-Pao|Protect|p1a: Chien-Pao\n|-singleturn|p1a: Chien-Pao|Protect\n|move|p2b: Lunala|Moonblast|p1a: Chien-Pao\n|-activate|p1a: Chien-Pao|move: Protect\n|\n|upkeep\n|turn|10\n|\n|t:|1773828923\n|move|p1a: Chien-Pao|Sucker Punch|p2b: Lunala\n|-resisted|p2b: Lunala\n|-damage|p2b: Lunala|3/100\n|move|p2b: Lunala|Moonblast|p1a: Chien-Pao\n|-supereffective|p1a: Chien-Pao\n|-damage|p1a: Chien-Pao|0 fnt\n|faint|p1a: Chien-Pao\n|\n|win|jd8erh\n|raw|godpb's rating: 1355 &rarr; <strong>1337</strong><br />(-18 for losing)\n|raw|jd8erh's rating: 1395 &rarr; <strong>1413</strong><br />(+18 for winning)\n|l|\u2606godpb\n|player|p1|\n|l|\u2606jd8erh\n|player|p2|\n","uploadtime":1773829156,"views":11,"formatid":"gen9vgc2026regi","rating":1337,"private":0,"password":null}