{"id":"gen9vgc2026regi-2525765001","format":"[Gen 9] VGC 2026 Reg I","players":["xiaoliyunVGC","no1.pokemon"],"log":"|j|\u2606xiaoliyunVGC\n|j|\u2606no1.pokemon\n|t:|1769322046\n|gametype|doubles\n|player|p1|xiaoliyunVGC|liko|1456\n|player|p2|no1.pokemon|n-masters|1418\n|gen|9\n|tier|[Gen 9] VGC 2026 Reg I\n|rated|\n|rule|Species Clause: Limit one of each Pok\u00e9mon\n|rule|Item Clause: Limit 1 of each item\n|clearpoke\n|poke|p1|Zamazenta-*, L50|\n|poke|p1|Kyogre, L50|\n|poke|p1|Raichu, L50, F|\n|poke|p1|Flutter Mane, L50|\n|poke|p1|Tornadus, L50, M|\n|poke|p1|Kingambit, L50, F|\n|poke|p2|Koraidon, L50|\n|poke|p2|Whimsicott, L50, F|\n|poke|p2|Calyrex-Shadow, L50|\n|poke|p2|Indeedee-F, L50, F|\n|poke|p2|Smeargle, L50, M|\n|poke|p2|Rillaboom, L50, F|\n|teampreview|4\n|inactive|Battle timer is ON: inactive players will automatically lose when time's up. (requested by no1.pokemon)\n|inactive|xiaoliyunVGC also wants the timer to be on.\n|\n|t:|1769322074\n|teamsize|p1|4\n|teamsize|p2|4\n|start\n|switch|p1a: Tornadus|Tornadus, L50, M, shiny|100/100\n|switch|p1b: Flutter Mane|Flutter Mane, L50|100/100\n|switch|p2a: Koraidon|Koraidon, L50, shiny|100/100\n|switch|p2b: Whimsicott|Whimsicott, L50, F, shiny|100/100\n|-weather|SunnyDay|[from] ability: Orichalcum Pulse|[of] p2a: Koraidon\n|-activate|p1b: Flutter Mane|ability: Protosynthesis\n|-start|p1b: Flutter Mane|protosynthesisspe\n|-activate|p2a: Koraidon|Orichalcum Pulse|[source]\n|turn|1\n|inactive|xiaoliyunVGC has 30 seconds left.\n|\n|t:|1769322109\n|-terastallize|p2a: Koraidon|Fire\n|move|p2b: Whimsicott|Tailwind|p2b: Whimsicott\n|-sidestart|p2: no1.pokemon|move: Tailwind\n|move|p1a: Tornadus|Rain Dance|p1a: Tornadus\n|-weather|RainDance\n|-end|p1b: Flutter Mane|Protosynthesis\n|-enditem|p1b: Flutter Mane|Booster Energy\n|-activate|p1b: Flutter Mane|ability: Protosynthesis|[fromitem]\n|-start|p1b: Flutter Mane|protosynthesisspe\n|move|p2a: Koraidon|Flame Charge|p1b: Flutter Mane\n|-damage|p1b: Flutter Mane|63/100\n|-boost|p2a: Koraidon|spe|1\n|move|p1b: Flutter Mane|Moonblast|p2a: Koraidon\n|-resisted|p2a: Koraidon\n|-damage|p2a: Koraidon|81/100\n|\n|-weather|RainDance|[upkeep]\n|upkeep\n|turn|2\n|\n|t:|1769322131\n|move|p2b: Whimsicott|Encore|p1a: Tornadus\n|-start|p1a: Tornadus|Encore\n|move|p2a: Koraidon|Flare Blitz|p1b: Flutter Mane\n|-damage|p1b: Flutter Mane|0 fnt\n|faint|p1b: Flutter Mane\n|-end|p1b: Flutter Mane|Protosynthesis|[silent]\n|-damage|p2a: Koraidon|67/100|[from] Recoil\n|move|p1a: Tornadus|Rain Dance||[still]\n|-fail|p1a: Tornadus\n|\n|-weather|RainDance|[upkeep]\n|upkeep\n|\n|t:|1769322139\n|switch|p1b: Zamazenta|Zamazenta-Crowned, L50, shiny|100/100\n|-ability|p1b: Zamazenta|Dauntless Shield|boost\n|-boost|p1b: Zamazenta|def|1\n|turn|3\n|\n|t:|1769322157\n|switch|p2a: Calyrex|Calyrex-Shadow, L50|100/100\n|-ability|p2a: Calyrex|As One\n|-ability|p2a: Calyrex|Unnerve\n|switch|p1a: Kyogre|Kyogre, L50|100/100\n|move|p2b: Whimsicott|Moonblast|p1b: Zamazenta\n|-damage|p1b: Zamazenta|83/100\n|move|p1b: Zamazenta|Behemoth Bash|p2b: Whimsicott\n|-supereffective|p2b: Whimsicott\n|-damage|p2b: Whimsicott|3/100\n|\n|-weather|RainDance|[upkeep]\n|upkeep\n|turn|4\n|inactive|xiaoliyunVGC has 30 seconds left.\n|inactive|no1.pokemon has 30 seconds left.\n|inactive|xiaoliyunVGC has 20 seconds left.\n|inactive|no1.pokemon has 20 seconds left.\n|\n|t:|1769322196\n|move|p2b: Whimsicott|Encore|p1b: Zamazenta\n|-start|p1b: Zamazenta|Encore\n|move|p2a: Calyrex|Shadow Ball|p1a: Kyogre\n|-damage|p1a: Kyogre|44/100\n|move|p1a: Kyogre|Origin Pulse|p2b: Whimsicott|[spread] p2a,p2b\n|-resisted|p2b: Whimsicott\n|-damage|p2a: Calyrex|24/100\n|-damage|p2b: Whimsicott|0 fnt\n|faint|p2b: Whimsicott\n|move|p1b: Zamazenta|Behemoth Bash|p2a: Calyrex\n|-damage|p2a: Calyrex|0 fnt\n|faint|p2a: Calyrex\n|\n|-weather|RainDance|[upkeep]\n|-sideend|p2: no1.pokemon|move: Tailwind\n|upkeep\n|\n|t:|1769322198\n|switch|p2a: Rillaboom|Rillaboom, L50, F|100/100\n|switch|p2b: Koraidon|Koraidon, L50, shiny, tera:Fire|67/100\n|-weather|SunnyDay|[from] ability: Orichalcum Pulse|[of] p2b: Koraidon\n|-activate|p2b: Koraidon|Orichalcum Pulse|[source]\n|-fieldstart|move: Grassy Terrain|[from] ability: Grassy Surge|[of] p2a: Rillaboom\n|turn|5\n|\n|t:|1769322223\n|switch|p1a: Tornadus|Tornadus, L50, M, shiny|100/100\n|-terastallize|p1b: Zamazenta|Fighting\n|move|p2a: Rillaboom|Grassy Glide|p1a: Tornadus\n|-resisted|p1a: Tornadus\n|-damage|p1a: Tornadus|69/100\n|move|p2b: Koraidon|Flare Blitz|p1b: Zamazenta\n|-damage|p1b: Zamazenta|36/100\n|-status|p1b: Zamazenta|brn\n|-damage|p2b: Koraidon|52/100|[from] Recoil\n|move|p1b: Zamazenta|Behemoth Bash|p2b: Koraidon\n|-resisted|p2b: Koraidon\n|-crit|p2b: Koraidon\n|-damage|p2b: Koraidon|40/100\n|\n|-weather|SunnyDay|[upkeep]\n|-heal|p2b: Koraidon|46/100|[from] Grassy Terrain\n|-heal|p1b: Zamazenta|42/100 brn|[from] Grassy Terrain\n|-damage|p1b: Zamazenta|36/100 brn|[from] brn\n|upkeep\n|turn|6\n|\n|t:|1769322247\n|switch|p1b: Kyogre|Kyogre, L50|44/100\n|-weather|RainDance|[from] ability: Drizzle|[of] p1b: Kyogre\n|move|p2b: Koraidon|Dragon Claw|p1a: Tornadus\n|-damage|p1a: Tornadus|5/100\n|move|p1a: Tornadus|Hurricane|p2b: Koraidon\n|-damage|p2b: Koraidon|7/100\n|move|p2a: Rillaboom|Wood Hammer|p1b: Kyogre\n|-supereffective|p1b: Kyogre\n|-damage|p1b: Kyogre|0 fnt\n|faint|p1b: Kyogre\n|-damage|p2a: Rillaboom|88/100|[from] Recoil\n|\n|-weather|RainDance|[upkeep]\n|-heal|p2b: Koraidon|13/100|[from] Grassy Terrain\n|-heal|p2a: Rillaboom|94/100|[from] Grassy Terrain\n|upkeep\n|\n|t:|1769322261\n|switch|p1b: Zamazenta|Zamazenta-Crowned, L50, shiny, tera:Fighting|36/100 brn\n|turn|7\n|\n|t:|1769322270\n|move|p1a: Tornadus|Tailwind|p1a: Tornadus\n|-sidestart|p1: xiaoliyunVGC|move: Tailwind\n|move|p2a: Rillaboom|Grassy Glide|p1a: Tornadus\n|-resisted|p1a: Tornadus\n|-damage|p1a: Tornadus|0 fnt\n|faint|p1a: Tornadus\n|move|p1b: Zamazenta|Body Press|p2b: Koraidon\n|-damage|p2b: Koraidon|0 fnt\n|faint|p2b: Koraidon\n|\n|-weather|RainDance|[upkeep]\n|-heal|p1b: Zamazenta|42/100 brn|[from] Grassy Terrain\n|-heal|p2a: Rillaboom|99/100|[from] Grassy Terrain\n|-damage|p1b: Zamazenta|36/100 brn|[from] brn\n|upkeep\n|turn|8\n|\n|t:|1769322281\n|move|p1b: Zamazenta|Body Press|p2a: Rillaboom\n|-damage|p2a: Rillaboom|71/100\n|move|p2a: Rillaboom|Wood Hammer|p1b: Zamazenta\n|-damage|p1b: Zamazenta|0 fnt\n|faint|p1b: Zamazenta\n|-damage|p2a: Rillaboom|60/100|[from] Recoil\n|\n|win|no1.pokemon\n|raw|xiaoliyunVGC's rating: 1456 &rarr; <strong>1432</strong><br />(-24 for losing)\n|raw|no1.pokemon's rating: 1393 &rarr; <strong>1417</strong><br />(+24 for winning)\n|j| cech2012\n|l|\u2606xiaoliyunVGC\n|player|p1|\n","uploadtime":1769322479,"views":14,"formatid":"gen9vgc2026regi","rating":1417,"private":0,"password":null}