{"id":"gen9vgc2026regi-2567046289","format":"[Gen 9] VGC 2026 Reg I","players":["victor219","Realfrytki"],"log":"|j|\u2606victor219\n|j|\u2606Realfrytki\n|t:|1774444573\n|gametype|doubles\n|player|p1|victor219|2|1463\n|player|p2|Realfrytki|veteranf|1519\n|gen|9\n|tier|[Gen 9] VGC 2026 Reg I\n|rated|\n|rule|Species Clause: Limit one of each Pok\u00e9mon\n|rule|Item Clause: Limit 1 of each item\n|clearpoke\n|poke|p1|Miraidon, L50|\n|poke|p1|Ursaluna, L50, F|\n|poke|p1|Lunala, L50|\n|poke|p1|Urshifu-*, L50, M|\n|poke|p1|Whimsicott, L50, F|\n|poke|p1|Incineroar, L50, M|\n|poke|p2|Terapagos, L50, M|\n|poke|p2|Grimmsnarl, L50, M|\n|poke|p2|Volcarona, L50, M|\n|poke|p2|Miraidon, L50|\n|poke|p2|Iron Hands, L50|\n|poke|p2|Amoonguss, L50, F|\n|teampreview|4\n|inactive|Battle timer is ON: inactive players will automatically lose when time's up. (requested by victor219)\n|\n|t:|1774444593\n|teamsize|p1|4\n|teamsize|p2|4\n|start\n|switch|p1a: Lunala|Lunala, L50|100/100\n|switch|p1b: Urshifu|Urshifu, L50, M|100/100\n|switch|p2a: Grimmsnarl|Grimmsnarl, L50, M|100/100\n|switch|p2b: Terapagos|Terapagos, L50, M|100/100\n|-activate|p2b: Terapagos|ability: Tera Shift\n|detailschange|p2b: Terapagos|Terapagos-Terastal, L50, M\n|-heal|p2b: Terapagos|100/100|[silent]\n|turn|1\n|\n|t:|1774444614\n|move|p2a: Grimmsnarl|Fake Out|p1b: Urshifu\n|-damage|p1b: Urshifu|90/100\n|cant|p1b: Urshifu|flinch\n|move|p1a: Lunala|Meteor Beam||[still]\n|-prepare|p1a: Lunala|Meteor Beam\n|-boost|p1a: Lunala|spa|1\n|-enditem|p1a: Lunala|Power Herb\n|-anim|p1a: Lunala|Meteor Beam|p2a: Grimmsnarl\n|-damage|p2a: Grimmsnarl|46/100\n|move|p2b: Terapagos|Tera Starstorm|p1b: Urshifu\n|-damage|p1b: Urshifu|0 fnt\n|faint|p1b: Urshifu\n|\n|upkeep\n|inactive|victor219 has 30 seconds left.\n|\n|t:|1774444639\n|switch|p1b: Miraidon|Miraidon, L50|100/100\n|-fieldstart|move: Electric Terrain|[from] ability: Hadron Engine|[of] p1b: Miraidon\n|turn|2\n|\n|t:|1774444659\n|switch|p2a: Iron Hands|Iron Hands, L50|100/100\n|-activate|p2a: Iron Hands|ability: Quark Drive\n|-start|p2a: Iron Hands|quarkdriveatk\n|-terastallize|p2b: Terapagos|Stellar\n|detailschange|p2b: Terapagos|Terapagos-Stellar, L50, M, tera:Stellar\n|-heal|p2b: Terapagos|100/100|[silent]\n|-ability|p2b: Terapagos|Teraform Zero\n|-fieldend|move: Electric Terrain\n|-end|p2a: Iron Hands|Quark Drive\n|move|p1b: Miraidon|Dazzling Gleam|p2b: Terapagos|[spread] p2a,p2b\n|-supereffective|p2a: Iron Hands\n|-damage|p2a: Iron Hands|63/100\n|-damage|p2b: Terapagos|78/100\n|move|p1a: Lunala|Moonblast|p2b: Terapagos\n|-damage|p2b: Terapagos|41/100\n|move|p2b: Terapagos|Tera Starstorm|p1a: Lunala|[spread] p1a,p1b\n|-damage|p1a: Lunala|78/100\n|-damage|p1b: Miraidon|46/100\n|\n|upkeep\n|turn|3\n|inactive|victor219 has 30 seconds left.\n|inactive|Realfrytki has 30 seconds left.\n|\n|t:|1774444689\n|switch|p1b: Ursaluna|Ursaluna, L50, F|100/100\n|move|p1a: Lunala|Wide Guard|p1a: Lunala\n|-singleturn|p1a: Lunala|Wide Guard\n|move|p2b: Terapagos|Tera Starstorm|p1b: Ursaluna|[spread] \n|-activate|p1a: Lunala|move: Wide Guard\n|-activate|p1b: Ursaluna|move: Wide Guard\n|move|p2a: Iron Hands|Low Kick|p1b: Ursaluna\n|-supereffective|p1b: Ursaluna\n|-damage|p1b: Ursaluna|1/100\n|\n|-status|p1b: Ursaluna|brn|[from] item: Flame Orb\n|upkeep\n|turn|4\n|inactive|victor219 has 30 seconds left.\n|\n|t:|1774444721\n|switch|p2b: Grimmsnarl|Grimmsnarl, L50, M|46/100\n|move|p1a: Lunala|Moonblast|p2a: Iron Hands\n|-supereffective|p2a: Iron Hands\n|-damage|p2a: Iron Hands|5/100\n|move|p2a: Iron Hands|Wild Charge|p1a: Lunala\n|-damage|p1a: Lunala|29/100\n|-damage|p2a: Iron Hands|0 fnt|[from] Recoil\n|faint|p2a: Iron Hands\n|-end|p2a: Iron Hands|Quark Drive|[silent]\n|move|p1b: Ursaluna|Facade|p2b: Grimmsnarl\n|-damage|p2b: Grimmsnarl|0 fnt\n|faint|p2b: Grimmsnarl\n|\n|-damage|p1b: Ursaluna|0 fnt|[from] brn\n|faint|p1b: Ursaluna\n|upkeep\n|inactive|victor219 has 30 seconds left.\n|inactive|victor219 has 20 seconds left.\n|inactive|victor219 has 15 seconds left.\n|inactive|victor219 has 10 seconds left.\n|inactive|victor219 has 5 seconds left.\n|\n|t:|1774444776\n|switch|p2b: Terapagos|Terapagos-Stellar, L50, M, tera:Stellar|41/100\n|switch|p2a: Miraidon|Miraidon, L50|100/100\n|switch|p1b: Miraidon|Miraidon, L50|46/100\n|-fieldstart|move: Electric Terrain|[from] ability: Hadron Engine|[of] p1b: Miraidon\n|-activate|p2a: Miraidon|ability: Hadron Engine\n|turn|5\n|\n|t:|1774444792\n|move|p2a: Miraidon|Protect|p2a: Miraidon\n|-singleturn|p2a: Miraidon|Protect\n|move|p1b: Miraidon|Draco Meteor|p2b: Terapagos\n|-damage|p2b: Terapagos|0 fnt\n|-unboost|p1b: Miraidon|spa|2\n|faint|p2b: Terapagos\n|detailschange|p2: Terapagos|Terapagos, L50, M|[silent]\n|move|p1a: Lunala|Moonblast|p2a: Miraidon\n|-activate|p2a: Miraidon|move: Protect\n|\n|upkeep\n|turn|6\n|inactive|victor219 has 30 seconds left.\n|\n|t:|1774444823\n|move|p1a: Lunala|Wide Guard|p1a: Lunala\n|-singleturn|p1a: Lunala|Wide Guard\n|move|p2a: Miraidon|Electro Drift|p1a: Lunala\n|-crit|p1a: Lunala\n|-damage|p1a: Lunala|0 fnt\n|faint|p1a: Lunala\n|-damage|p2a: Miraidon|90/100|[from] item: Life Orb\n|move|p1b: Miraidon|Draco Meteor|p2a: Miraidon|[miss]\n|-miss|p1b: Miraidon|p2a: Miraidon\n|\n|upkeep\n|turn|7\n|\n|t:|1774444838\n|move|p2a: Miraidon|Draco Meteor|p1b: Miraidon\n|-supereffective|p1b: Miraidon\n|-damage|p1b: Miraidon|0 fnt\n|-unboost|p2a: Miraidon|spa|2\n|faint|p1b: Miraidon\n|-damage|p2a: Miraidon|80/100|[from] item: Life Orb\n|\n|win|Realfrytki\n|raw|victor219's rating: 1463 &rarr; <strong>1446</strong><br />(-17 for losing)\n|raw|Realfrytki's rating: 1519 &rarr; <strong>1536</strong><br />(+17 for winning)\n|l|\u2606Realfrytki\n|player|p2|\n","uploadtime":1774445054,"views":12,"formatid":"gen9vgc2026regi","rating":1446,"private":0,"password":null}