{"id":"gen9vgc2026regi-2544881778","format":"[Gen 9] VGC 2026 Reg I","players":["Zin_yugami","Bef6"],"log":"|j|\u2606Zin_yugami\n|j|\u2606Bef6\n|t:|1771774722\n|gametype|doubles\n|player|p1|Zin_yugami|170|1446\n|player|p2|Bef6|102|1621\n|gen|9\n|tier|[Gen 9] VGC 2026 Reg I\n|rated|\n|rule|Species Clause: Limit one of each Pok\u00e9mon\n|rule|Item Clause: Limit 1 of each item\n|clearpoke\n|poke|p1|Iron Moth, L50|\n|poke|p1|Miraidon, L50|\n|poke|p1|Calyrex-Ice, L50|\n|poke|p1|Wo-Chien, L50|\n|poke|p1|Tornadus, L50, M|\n|poke|p2|Ho-Oh, L50|\n|poke|p2|Koraidon, L50|\n|poke|p2|Flutter Mane, L50|\n|poke|p2|Incineroar, L50, M|\n|poke|p2|Raging Bolt, L50|\n|poke|p2|Rhydon, L50, M|\n|teampreview|4\n|\n|t:|1771774755\n|teamsize|p1|4\n|teamsize|p2|4\n|start\n|switch|p1a: Miraidon|Miraidon, L50|100/100\n|switch|p1b: Calyrex|Calyrex-Ice, L50|100/100\n|switch|p2a: Raging Bolt|Raging Bolt, L50|100/100\n|switch|p2b: Koraidon|Koraidon, L50|100/100\n|-ability|p1b: Calyrex|As One\n|-ability|p1b: Calyrex|Unnerve\n|-fieldstart|move: Electric Terrain|[from] ability: Hadron Engine|[of] p1a: Miraidon\n|-enditem|p1b: Calyrex|Electric Seed\n|-boost|p1b: Calyrex|def|1|[from] item: Electric Seed\n|-weather|SunnyDay|[from] ability: Orichalcum Pulse|[of] p2b: Koraidon\n|-activate|p2a: Raging Bolt|ability: Protosynthesis\n|-start|p2a: Raging Bolt|protosynthesisspa\n|-activate|p2b: Koraidon|Orichalcum Pulse|[source]\n|turn|1\n|inactive|Battle timer is ON: inactive players will automatically lose when time's up. (requested by Zin_yugami)\n|\n|t:|1771774777\n|switch|p2b: Incineroar|Incineroar, L50, M|100/100\n|-ability|p2b: Incineroar|Intimidate|boost\n|-unboost|p1a: Miraidon|atk|1\n|-unboost|p1b: Calyrex|atk|1\n|-terastallize|p2a: Raging Bolt|Electric\n|move|p1b: Calyrex|Protect|p1b: Calyrex\n|-singleturn|p1b: Calyrex|Protect\n|move|p1a: Miraidon|Volt Switch|p2b: Incineroar\n|-damage|p2b: Incineroar|42/100\n|\n|t:|1771774789\n|switch|p1a: Tornadus|Tornadus, L50, M|100/100|[from] Volt Switch\n|move|p2a: Raging Bolt|Draco Meteor|p1a: Tornadus\n|-damage|p1a: Tornadus|15/100\n|-unboost|p2a: Raging Bolt|spa|2\n|\n|-weather|SunnyDay|[upkeep]\n|upkeep\n|turn|2\n|\n|t:|1771774813\n|-end|p2a: Raging Bolt|Protosynthesis|[silent]\n|switch|p2a: Ho-Oh|Ho-Oh, L50|100/100\n|-terastallize|p1b: Calyrex|Electric\n|move|p2b: Incineroar|Fake Out|p1b: Calyrex\n|-damage|p1b: Calyrex|96/100\n|move|p1a: Tornadus|Snowscape|p1a: Tornadus\n|-weather|Snowscape\n|cant|p1b: Calyrex|flinch\n|\n|-weather|Snowscape|[upkeep]\n|upkeep\n|turn|3\n|\n|t:|1771774833\n|switch|p1a: Miraidon|Miraidon, L50|100/100\n|-activate|p1a: Miraidon|ability: Hadron Engine\n|move|p2a: Ho-Oh|Sacred Fire|p1b: Calyrex|[miss]\n|-miss|p2a: Ho-Oh|p1b: Calyrex\n|move|p1b: Calyrex|Leech Seed|p2a: Ho-Oh\n|-start|p2a: Ho-Oh|move: Leech Seed\n|move|p2b: Incineroar|Parting Shot|p1a: Miraidon\n|-unboost|p1a: Miraidon|atk|1\n|-unboost|p1a: Miraidon|spa|1\n|\n|t:|1771774851\n|switch|p2b: Raging Bolt|Raging Bolt, L50, tera:Electric|100/100|[from] Parting Shot\n|\n|-weather|Snowscape|[upkeep]\n|-damage|p2a: Ho-Oh|88/100|[from] Leech Seed|[of] p1b: Calyrex\n|-heal|p1b: Calyrex|100/100|[silent]\n|upkeep\n|turn|4\n|\n|t:|1771774863\n|switch|p2a: Incineroar|Incineroar, L50, M|42/100\n|-ability|p2a: Incineroar|Intimidate|boost\n|-unboost|p1a: Miraidon|atk|1\n|-unboost|p1b: Calyrex|atk|1\n|move|p1a: Miraidon|Volt Switch|p2a: Incineroar\n|-damage|p2a: Incineroar|2/100\n|\n|t:|1771774870\n|switch|p1a: Wo-Chien|Wo-Chien, L50|100/100|[from] Volt Switch\n|-ability|p1a: Wo-Chien|Tablets of Ruin\n|move|p2b: Raging Bolt|Thunderbolt|p1a: Wo-Chien\n|-resisted|p1a: Wo-Chien\n|-damage|p1a: Wo-Chien|73/100\n|move|p1b: Calyrex|Body Press|p2b: Raging Bolt\n|-damage|p2b: Raging Bolt|68/100\n|\n|-weather|Snowscape|[upkeep]\n|-heal|p1a: Wo-Chien|80/100|[from] item: Leftovers\n|upkeep\n|turn|5\n|inactive|Bef6 has 30 seconds left.\n|\n|t:|1771774905\n|-end|p2b: Raging Bolt|Protosynthesis|[silent]\n|switch|p2b: Koraidon|Koraidon, L50|100/100\n|-weather|SunnyDay|[from] ability: Orichalcum Pulse|[of] p2b: Koraidon\n|-activate|p2b: Koraidon|Orichalcum Pulse|[source]\n|move|p2a: Incineroar|Fake Out|p1b: Calyrex\n|-damage|p1b: Calyrex|97/100\n|move|p1a: Wo-Chien|Snarl|p2a: Incineroar|[spread] p2a,p2b\n|-resisted|p2a: Incineroar\n|-resisted|p2b: Koraidon\n|-damage|p2a: Incineroar|0 fnt\n|-damage|p2b: Koraidon|94/100\n|-unboost|p2b: Koraidon|spa|1\n|faint|p2a: Incineroar\n|cant|p1b: Calyrex|flinch\n|\n|-weather|SunnyDay|[upkeep]\n|-heal|p1a: Wo-Chien|86/100|[from] item: Leftovers\n|-fieldend|move: Electric Terrain\n|upkeep\n|\n|t:|1771774916\n|switch|p2a: Ho-Oh|Ho-Oh, L50|100/100\n|turn|6\n|\n|t:|1771774929\n|move|p2b: Koraidon|Protect|p2b: Koraidon\n|-singleturn|p2b: Koraidon|Protect\n|move|p1b: Calyrex|Protect|p1b: Calyrex\n|-singleturn|p1b: Calyrex|Protect\n|move|p2a: Ho-Oh|Sacred Fire|p1b: Calyrex\n|-activate|p1b: Calyrex|move: Protect\n|move|p1a: Wo-Chien|Foul Play|p2a: Ho-Oh\n|-damage|p2a: Ho-Oh|64/100\n|\n|-weather|SunnyDay|[upkeep]\n|-heal|p1a: Wo-Chien|92/100|[from] item: Leftovers\n|upkeep\n|turn|7\n|\n|t:|1771774950\n|move|p2b: Koraidon|Close Combat|p1a: Wo-Chien\n|-supereffective|p1a: Wo-Chien\n|-damage|p1a: Wo-Chien|0 fnt\n|-unboost|p2b: Koraidon|def|1\n|-unboost|p2b: Koraidon|spd|1\n|faint|p1a: Wo-Chien\n|-damage|p2b: Koraidon|84/100|[from] item: Life Orb\n|move|p2a: Ho-Oh|Sacred Fire|p1b: Calyrex\n|-damage|p1b: Calyrex|71/100\n|move|p1b: Calyrex|Leech Seed|p2a: Ho-Oh\n|-start|p2a: Ho-Oh|move: Leech Seed\n|\n|-weather|SunnyDay|[upkeep]\n|-damage|p2a: Ho-Oh|52/100|[from] Leech Seed|[of] p1b: Calyrex\n|-heal|p1b: Calyrex|84/100|[silent]\n|upkeep\n|\n|t:|1771774966\n|switch|p1a: Miraidon|Miraidon, L50|100/100\n|-fieldstart|move: Electric Terrain|[from] ability: Hadron Engine|[of] p1a: Miraidon\n|turn|8\n|\n|t:|1771774976\n|switch|p2a: Raging Bolt|Raging Bolt, L50, tera:Electric|68/100\n|-activate|p2a: Raging Bolt|ability: Protosynthesis\n|-start|p2a: Raging Bolt|protosynthesisspa\n|move|p2b: Koraidon|Protect|p2b: Koraidon\n|-singleturn|p2b: Koraidon|Protect\n|move|p1a: Miraidon|Volt Switch|p2a: Raging Bolt\n|-resisted|p2a: Raging Bolt\n|-damage|p2a: Raging Bolt|52/100\n|\n|t:|1771774986\n|switch|p1a: Tornadus|Tornadus, L50, M|15/100|[from] Volt Switch\n|move|p1b: Calyrex|Body Press|p2b: Koraidon\n|-activate|p2b: Koraidon|move: Protect\n|\n|-weather|SunnyDay|[upkeep]\n|upkeep\n|turn|9\n|\n|t:|1771774998\n|switch|p2b: Ho-Oh|Ho-Oh, L50|85/100\n|move|p1a: Tornadus|Snowscape|p1a: Tornadus\n|-weather|Snowscape\n|-end|p2a: Raging Bolt|Protosynthesis\n|move|p2a: Raging Bolt|Snarl|p1b: Calyrex|[spread] p1a,p1b\n|-damage|p1a: Tornadus|1/100\n|-damage|p1b: Calyrex|73/100\n|-unboost|p1a: Tornadus|spa|1\n|-unboost|p1b: Calyrex|spa|1\n|move|p1b: Calyrex|Body Press|p2a: Raging Bolt\n|-damage|p2a: Raging Bolt|10/100\n|\n|-weather|Snowscape|[upkeep]\n|upkeep\n|turn|10\n|inactive|Zin_yugami has 30 seconds left.\n|inactive|Bef6 has 30 seconds left.\n|\n|t:|1771775025\n|switch|p1a: Miraidon|Miraidon, L50|100/100\n|-activate|p1a: Miraidon|ability: Hadron Engine\n|-end|p2a: Raging Bolt|Protosynthesis|[silent]\n|switch|p2a: Koraidon|Koraidon, L50|84/100\n|-weather|SunnyDay|[from] ability: Orichalcum Pulse|[of] p2a: Koraidon\n|-activate|p2a: Koraidon|Orichalcum Pulse|[source]\n|move|p2b: Ho-Oh|Sacred Fire|p1b: Calyrex\n|-damage|p1b: Calyrex|49/100\n|-status|p1b: Calyrex|brn\n|move|p1b: Calyrex|Body Press|p2a: Koraidon\n|-damage|p2a: Koraidon|59/100\n|\n|-weather|SunnyDay|[upkeep]\n|-damage|p1b: Calyrex|43/100 brn|[from] brn\n|upkeep\n|turn|11\n|inactive|Bef6 has 30 seconds left.\n|\n|t:|1771775059\n|move|p1a: Miraidon|Draco Meteor|p2a: Koraidon\n|-supereffective|p2a: Koraidon\n|-damage|p2a: Koraidon|0 fnt\n|-unboost|p1a: Miraidon|spa|2\n|faint|p2a: Koraidon\n|move|p2b: Ho-Oh|Sacred Fire|p1a: Miraidon\n|-resisted|p1a: Miraidon\n|-damage|p1a: Miraidon|65/100\n|-status|p1a: Miraidon|brn\n|move|p1b: Calyrex|Leech Seed|p2b: Ho-Oh\n|-start|p2b: Ho-Oh|move: Leech Seed\n|\n|-weather|SunnyDay|[upkeep]\n|-damage|p2b: Ho-Oh|73/100|[from] Leech Seed|[of] p1b: Calyrex\n|-heal|p1b: Calyrex|57/100 brn|[silent]\n|-damage|p1a: Miraidon|59/100 brn|[from] brn\n|-damage|p1b: Calyrex|51/100 brn|[from] brn\n|upkeep\n|\n|t:|1771775062\n|switch|p2a: Raging Bolt|Raging Bolt, L50, tera:Electric|10/100\n|-activate|p2a: Raging Bolt|ability: Protosynthesis\n|-start|p2a: Raging Bolt|protosynthesisspa\n|turn|12\n|\n|t:|1771775081\n|switch|p1a: Tornadus|Tornadus, L50, M|1/100\n|move|p2b: Ho-Oh|Sacred Fire|p1b: Calyrex|[miss]\n|-miss|p2b: Ho-Oh|p1b: Calyrex\n|move|p2a: Raging Bolt|Draco Meteor|p1b: Calyrex\n|-damage|p1b: Calyrex|0 fnt\n|-unboost|p2a: Raging Bolt|spa|2\n|faint|p1b: Calyrex\n|\n|-weather|SunnyDay|[upkeep]\n|-fieldend|move: Electric Terrain\n|upkeep\n|\n|t:|1771775095\n|switch|p1b: Miraidon|Miraidon, L50|59/100 brn\n|-fieldstart|move: Electric Terrain|[from] ability: Hadron Engine|[of] p1b: Miraidon\n|turn|13\n|\n|t:|1771775105\n|move|p1a: Tornadus|Snowscape|p1a: Tornadus\n|-weather|Snowscape\n|-end|p2a: Raging Bolt|Protosynthesis\n|move|p1b: Miraidon|Electro Drift|p2a: Raging Bolt\n|-resisted|p2a: Raging Bolt\n|-damage|p2a: Raging Bolt|0 fnt\n|faint|p2a: Raging Bolt\n|-end|p2a: Raging Bolt|Protosynthesis|[silent]\n|move|p2b: Ho-Oh|Sacred Fire|p1a: Tornadus\n|-damage|p1a: Tornadus|0 fnt\n|faint|p1a: Tornadus\n|\n|-weather|Snowscape|[upkeep]\n|-damage|p2b: Ho-Oh|60/100|[from] Leech Seed|[of] p1b: Miraidon\n|-heal|p1b: Miraidon|73/100 brn|[silent]\n|-damage|p1b: Miraidon|67/100 brn|[from] brn\n|upkeep\n|turn|14\n|-message|Bef6 forfeited.\n|\n|win|Zin_yugami\n|raw|Zin_yugami's rating: 1446 &rarr; <strong>1475</strong><br />(+29 for winning)\n|raw|Bef6's rating: 1621 &rarr; <strong>1592</strong><br />(-29 for losing)\n|l|\u2606Bef6\n|player|p2|\n|l|\u2606Zin_yugami\n|player|p1|\n","uploadtime":1771775273,"views":62,"formatid":"gen9vgc2026regi","rating":1475,"private":0,"password":null}