{"id":"gen9vgc2026regi-2568175489","format":"[Gen 9] VGC 2026 Reg I","players":["sevaag","ray_on_1248_"],"log":"|j|\u2606sevaag\n|j|\u2606ray_on_1248_\n|t:|1774553282\n|gametype|doubles\n|player|p1|sevaag|clerkf|1411\n|player|p2|ray_on_1248_|266|1366\n|gen|9\n|tier|[Gen 9] VGC 2026 Reg I\n|rated|\n|rule|Species Clause: Limit one of each Pok\u00e9mon\n|rule|Item Clause: Limit 1 of each item\n|clearpoke\n|poke|p1|Urshifu-*, L50, M|\n|poke|p1|Ursaluna, L50, M|\n|poke|p1|Lunala, L50|\n|poke|p1|Incineroar, L50, M|\n|poke|p1|Miraidon, L50|\n|poke|p1|Whimsicott, L50, F|\n|poke|p2|Kyogre, L50|\n|poke|p2|Zacian-*, L50|\n|poke|p2|Wo-Chien, L50|\n|poke|p2|Grimmsnarl, L50, M|\n|poke|p2|Tornadus, L50, M|\n|poke|p2|Urshifu-*, L50, M|\n|teampreview|4\n|\n|t:|1774553333\n|teamsize|p1|4\n|teamsize|p2|4\n|start\n|switch|p1a: Incineroar|Incineroar, L50, M|100/100\n|switch|p1b: Miraidon|Miraidon, L50|100/100\n|switch|p2a: Grimmsnarl|Grimmsnarl, L50, M|100/100\n|switch|p2b: Wo-Chien|Wo-Chien, L50, shiny|100/100\n|-fieldstart|move: Electric Terrain|[from] ability: Hadron Engine|[of] p1b: Miraidon\n|-ability|p2b: Wo-Chien|Tablets of Ruin\n|-ability|p1a: Incineroar|Intimidate|boost\n|-unboost|p2a: Grimmsnarl|atk|1\n|-unboost|p2b: Wo-Chien|atk|1\n|turn|1\n|\n|t:|1774553348\n|-terastallize|p1b: Miraidon|Fairy\n|move|p2a: Grimmsnarl|Light Screen|p2a: Grimmsnarl\n|-sidestart|p2: ray_on_1248_|move: Light Screen\n|move|p1b: Miraidon|Dazzling Gleam|p2b: Wo-Chien|[spread] p2a,p2b\n|-supereffective|p2a: Grimmsnarl\n|-supereffective|p2b: Wo-Chien\n|-damage|p2a: Grimmsnarl|13/100\n|-damage|p2b: Wo-Chien|35/100\n|move|p2b: Wo-Chien|Ruination|p1b: Miraidon\n|-damage|p1b: Miraidon|50/100\n|move|p1a: Incineroar|Flare Blitz|p2b: Wo-Chien\n|-supereffective|p2b: Wo-Chien\n|-crit|p2b: Wo-Chien\n|-damage|p2b: Wo-Chien|0 fnt\n|faint|p2b: Wo-Chien\n|-damage|p1a: Incineroar|89/100|[from] Recoil\n|\n|upkeep\n|\n|t:|1774553363\n|switch|p2b: Zacian|Zacian-Crowned, L50, shiny|100/100\n|-ability|p2b: Zacian|Intrepid Sword|boost\n|-boost|p2b: Zacian|atk|1\n|turn|2\n|\n|t:|1774553383\n|switch|p1a: Lunala|Lunala, L50|100/100\n|-enditem|p1a: Lunala|Electric Seed\n|-boost|p1a: Lunala|def|1|[from] item: Electric Seed\n|move|p2a: Grimmsnarl|Reflect|p2a: Grimmsnarl\n|-sidestart|p2: ray_on_1248_|Reflect\n|move|p2b: Zacian|Behemoth Blade|p1b: Miraidon\n|-supereffective|p1b: Miraidon\n|-damage|p1b: Miraidon|0 fnt\n|faint|p1b: Miraidon\n|\n|upkeep\n|\n|t:|1774553389\n|switch|p1b: Incineroar|Incineroar, L50, M|89/100\n|-ability|p1b: Incineroar|Intimidate|boost\n|-unboost|p2a: Grimmsnarl|atk|1\n|-unboost|p2b: Zacian|atk|1\n|turn|3\n|\n|t:|1774553410\n|move|p2b: Zacian|Protect|p2b: Zacian\n|-singleturn|p2b: Zacian|Protect\n|move|p2a: Grimmsnarl|Thunder Wave|p1a: Lunala\n|-status|p1a: Lunala|par\n|move|p1b: Incineroar|Flare Blitz|p2a: Grimmsnarl\n|-damage|p2a: Grimmsnarl|0 fnt\n|faint|p2a: Grimmsnarl\n|-damage|p1b: Incineroar|85/100|[from] Recoil\n|move|p1a: Lunala|Trick Room|p1a: Lunala\n|-fieldstart|move: Trick Room|[of] p1a: Lunala\n|\n|upkeep\n|\n|t:|1774553418\n|switch|p2a: Kyogre|Kyogre, L50, shiny|100/100\n|-weather|RainDance|[from] ability: Drizzle|[of] p2a: Kyogre\n|turn|4\n|\n|t:|1774553433\n|-terastallize|p2b: Zacian|Fire\n|move|p2a: Kyogre|Protect|p2a: Kyogre\n|-singleturn|p2a: Kyogre|Protect\n|move|p1a: Lunala|Wide Guard|p1a: Lunala\n|-singleturn|p1a: Lunala|Wide Guard\n|move|p1b: Incineroar|Knock Off|p2a: Kyogre\n|-activate|p2a: Kyogre|move: Protect\n|move|p2b: Zacian|Behemoth Blade|p1a: Lunala\n|-damage|p1a: Lunala|87/100 par\n|\n|-weather|RainDance|[upkeep]\n|upkeep\n|turn|5\n|\n|t:|1774553452\n|cant|p1a: Lunala|par\n|move|p1b: Incineroar|Knock Off|p2b: Zacian\n|-damage|p2b: Zacian|81/100\n|move|p2a: Kyogre|Water Spout|p1b: Incineroar|[spread] p1a,p1b\n|-supereffective|p1b: Incineroar\n|-damage|p1a: Lunala|12/100 par\n|-damage|p1b: Incineroar|0 fnt\n|faint|p1b: Incineroar\n|move|p2b: Zacian|Behemoth Blade|p1a: Lunala\n|-crit|p1a: Lunala\n|-damage|p1a: Lunala|0 fnt\n|faint|p1a: Lunala\n|\n|-weather|RainDance|[upkeep]\n|-fieldend|move: Electric Terrain\n|upkeep\n|\n|t:|1774553455\n|switch|p1b: Whimsicott|Whimsicott, L50, F|100/100\n|turn|6\n|-message|sevaag forfeited.\n|\n|win|ray_on_1248_\n|raw|sevaag's rating: 1411 &rarr; <strong>1388</strong><br />(-23 for losing)\n|raw|ray_on_1248_'s rating: 1366 &rarr; <strong>1389</strong><br />(+23 for winning)\n|c|\u2606ray_on_1248_|Parahax my believe\n|c|\u2606sevaag|nah\n","uploadtime":1774553480,"views":25,"formatid":"gen9vgc2026regi","rating":1388,"private":0,"password":null}