{"id":"gen9vgc2026regi-2560934085","format":"[Gen 9] VGC 2026 Reg I","players":["hovertical","Jonen"],"log":"|j|\u2606hovertical\n|j|\u2606Jonen\n|t:|1773749201\n|gametype|doubles\n|player|p1|hovertical|101|1154\n|player|p2|Jonen|hiker-gen4|1304\n|gen|9\n|tier|[Gen 9] VGC 2026 Reg I\n|rated|\n|rule|Species Clause: Limit one of each Pok\u00e9mon\n|rule|Item Clause: Limit 1 of each item\n|clearpoke\n|poke|p1|Landorus-Therian, L50, M|\n|poke|p1|Miraidon, L50|\n|poke|p1|Iron Hands, L50|\n|poke|p1|Ho-Oh, L50|\n|poke|p1|Farigiraf, L50, M|\n|poke|p1|Grimmsnarl, L50, M|\n|poke|p2|Groudon, L50|\n|poke|p2|Lunala, L50|\n|poke|p2|Sableye, L50, F|\n|poke|p2|Chi-Yu, L50|\n|poke|p2|Rillaboom, L50, F|\n|poke|p2|Jumpluff, L50, M|\n|teampreview|4\n|\n|t:|1773749227\n|teamsize|p1|4\n|teamsize|p2|4\n|start\n|switch|p1a: Ho-Oh|Ho-Oh, L50|100/100\n|switch|p1b: Grimmsnarl|Grimmsnarl, L50, M|100/100\n|switch|p2a: Groudon|Groudon, L50|100/100\n|switch|p2b: Sableye|Sableye, L50, F|100/100\n|-weather|SunnyDay|[from] ability: Drought|[of] p2a: Groudon\n|turn|1\n|inactive|Battle timer is ON: inactive players will automatically lose when time's up. (requested by hovertical)\n|\n|t:|1773749251\n|-terastallize|p2a: Groudon|Fire\n|move|p1b: Grimmsnarl|Reflect|p1b: Grimmsnarl\n|-sidestart|p1: hovertical|Reflect\n|move|p2b: Sableye|Gravity|p2b: Sableye\n|-fieldstart|move: Gravity\n|move|p2a: Groudon|Precipice Blades|p1a: Ho-Oh|[spread] p1a,p1b\n|-supereffective|p1a: Ho-Oh\n|-damage|p1a: Ho-Oh|20/100\n|-damage|p1b: Grimmsnarl|44/100\n|-damage|p2a: Groudon|91/100|[from] item: Life Orb\n|move|p1a: Ho-Oh|Tailwind|p1a: Ho-Oh\n|-sidestart|p1: hovertical|move: Tailwind\n|\n|-weather|SunnyDay|[upkeep]\n|-heal|p1a: Ho-Oh|26/100|[from] item: Leftovers\n|upkeep\n|turn|2\n|inactive|hovertical has 30 seconds left.\n|\n|t:|1773749279\n|move|p1a: Ho-Oh|Protect|p1a: Ho-Oh\n|-singleturn|p1a: Ho-Oh|Protect\n|move|p1b: Grimmsnarl|Parting Shot|p2a: Groudon\n|-unboost|p2a: Groudon|atk|1\n|-unboost|p2a: Groudon|spa|1\n|\n|t:|1773749287\n|switch|p1b: Farigiraf|Farigiraf, L50, M|100/100|[from] Parting Shot\n|move|p2b: Sableye|Quash||[still]\n|cant|p1b: Farigiraf|ability: Armor Tail|Quash|[of] p2b: Sableye\n|move|p2a: Groudon|Precipice Blades|p1a: Ho-Oh|[spread] p1b\n|-activate|p1a: Ho-Oh|move: Protect\n|-damage|p1b: Farigiraf|70/100\n|-damage|p2a: Groudon|81/100|[from] item: Life Orb\n|\n|-weather|SunnyDay|[upkeep]\n|-heal|p1a: Ho-Oh|32/100|[from] item: Leftovers\n|upkeep\n|turn|3\n|inactive|hovertical has 30 seconds left.\n|\n|t:|1773749315\n|-terastallize|p1a: Ho-Oh|Grass\n|move|p1a: Ho-Oh|Sacred Fire|p2a: Groudon\n|-resisted|p2a: Groudon\n|-damage|p2a: Groudon|54/100\n|move|p1b: Farigiraf|Foul Play|p2a: Groudon\n|-damage|p2a: Groudon|34/100\n|move|p2a: Groudon|Precipice Blades|p1b: Farigiraf|[spread] p1a,p1b\n|-resisted|p1a: Ho-Oh\n|-crit|p1a: Ho-Oh\n|-damage|p1a: Ho-Oh|0 fnt\n|-damage|p1b: Farigiraf|43/100\n|faint|p1a: Ho-Oh\n|-damage|p2a: Groudon|24/100|[from] item: Life Orb\n|move|p2b: Sableye|Foul Play|p1b: Farigiraf\n|-supereffective|p1b: Farigiraf\n|-damage|p1b: Farigiraf|18/100\n|\n|-weather|SunnyDay|[upkeep]\n|upkeep\n|\n|t:|1773749334\n|switch|p1a: Miraidon|Miraidon, L50|100/100\n|-fieldstart|move: Electric Terrain|[from] ability: Hadron Engine|[of] p1a: Miraidon\n|-enditem|p1b: Farigiraf|Electric Seed\n|-boost|p1b: Farigiraf|def|1|[from] item: Electric Seed\n|turn|4\n|\n|t:|1773749352\n|switch|p1b: Grimmsnarl|Grimmsnarl, L50, M|44/100\n|switch|p2a: Lunala|Lunala, L50|100/100\n|move|p1a: Miraidon|Dazzling Gleam|p2a: Lunala|[spread] p2a,p2b\n|-supereffective|p2b: Sableye\n|-damage|p2a: Lunala|86/100\n|-enditem|p2b: Sableye|Focus Sash\n|-damage|p2b: Sableye|1/100\n|move|p2b: Sableye|Foul Play|p1b: Grimmsnarl\n|-resisted|p1b: Grimmsnarl\n|-damage|p1b: Grimmsnarl|38/100\n|\n|-weather|SunnyDay|[upkeep]\n|-sideend|p1: hovertical|move: Tailwind\n|upkeep\n|turn|5\n|inactive|hovertical has 30 seconds left.\n|\n|t:|1773749381\n|move|p1b: Grimmsnarl|Parting Shot|p2a: Lunala\n|-unboost|p2a: Lunala|atk|1\n|-unboost|p2a: Lunala|spa|1\n|\n|t:|1773749385\n|switch|p1b: Farigiraf|Farigiraf, L50, M|18/100|[from] Parting Shot\n|move|p2b: Sableye|Disable||[still]\n|cant|p1b: Farigiraf|ability: Armor Tail|Disable|[of] p2b: Sableye\n|move|p2a: Lunala|Meteor Beam||[still]\n|-prepare|p2a: Lunala|Meteor Beam\n|-boost|p2a: Lunala|spa|1\n|-enditem|p2a: Lunala|Power Herb\n|-anim|p2a: Lunala|Meteor Beam|p1b: Farigiraf\n|-damage|p1b: Farigiraf|0 fnt\n|faint|p1b: Farigiraf\n|move|p1a: Miraidon|Dazzling Gleam|p2b: Sableye|[spread] p2a,p2b\n|-supereffective|p2b: Sableye\n|-damage|p2a: Lunala|55/100\n|-damage|p2b: Sableye|0 fnt\n|faint|p2b: Sableye\n|\n|-weather|none\n|-fieldend|move: Gravity\n|upkeep\n|\n|t:|1773749404\n|switch|p1b: Grimmsnarl|Grimmsnarl, L50, M|38/100\n|switch|p2b: Rillaboom|Rillaboom, L50, F|100/100\n|-fieldstart|move: Grassy Terrain|[from] ability: Grassy Surge|[of] p2b: Rillaboom\n|turn|6\n|\n|t:|1773749418\n|move|p2a: Lunala|Protect|p2a: Lunala\n|-singleturn|p2a: Lunala|Protect\n|move|p1a: Miraidon|Dazzling Gleam|p2b: Rillaboom|[spread] p2b\n|-activate|p2a: Lunala|move: Protect\n|-damage|p2b: Rillaboom|84/100\n|move|p2b: Rillaboom|Wood Hammer|p1b: Grimmsnarl\n|-damage|p1b: Grimmsnarl|0 fnt\n|faint|p1b: Grimmsnarl\n|-damage|p2b: Rillaboom|72/100|[from] Recoil\n|\n|-heal|p2a: Lunala|61/100|[from] Grassy Terrain\n|-heal|p2b: Rillaboom|78/100|[from] Grassy Terrain\n|upkeep\n|turn|7\n|\n|t:|1773749435\n|move|p2a: Lunala|Moongeist Beam|p1a: Miraidon\n|-damage|p1a: Miraidon|67/100\n|move|p1a: Miraidon|Dazzling Gleam|p2b: Rillaboom|[spread] p2a,p2b\n|-damage|p2a: Lunala|35/100\n|-damage|p2b: Rillaboom|62/100\n|move|p2b: Rillaboom|U-turn|p1a: Miraidon\n|-damage|p1a: Miraidon|55/100\n|\n|t:|1773749441\n|switch|p2b: Groudon|Groudon, L50, tera:Fire|24/100|[from] U-turn\n|-weather|SunnyDay|[from] ability: Drought|[of] p2b: Groudon\n|\n|-weather|SunnyDay|[upkeep]\n|-heal|p2a: Lunala|42/100|[from] Grassy Terrain\n|-heal|p1a: Miraidon|61/100|[from] Grassy Terrain\n|-heal|p2b: Groudon|30/100|[from] Grassy Terrain\n|upkeep\n|turn|8\n|\n|t:|1773749452\n|move|p2b: Groudon|Protect|p2b: Groudon\n|-singleturn|p2b: Groudon|Protect\n|move|p2a: Lunala|Moongeist Beam|p1a: Miraidon\n|-damage|p1a: Miraidon|27/100\n|move|p1a: Miraidon|Dazzling Gleam|p2b: Groudon|[spread] p2a\n|-activate|p2b: Groudon|move: Protect\n|-damage|p2a: Lunala|17/100\n|\n|-weather|SunnyDay|[upkeep]\n|-heal|p2a: Lunala|24/100|[from] Grassy Terrain\n|-heal|p1a: Miraidon|33/100|[from] Grassy Terrain\n|-heal|p2b: Groudon|35/100|[from] Grassy Terrain\n|-sideend|p1: hovertical|Reflect\n|upkeep\n|turn|9\n|\n|t:|1773749466\n|switch|p2b: Rillaboom|Rillaboom, L50, F|62/100\n|move|p2a: Lunala|Moongeist Beam|p1a: Miraidon\n|-damage|p1a: Miraidon|0 fnt\n|faint|p1a: Miraidon\n|\n|win|Jonen\n|raw|hovertical's rating: 1154 &rarr; <strong>1139</strong><br />(-15 for losing)\n|raw|Jonen's rating: 1304 &rarr; <strong>1316</strong><br />(+12 for winning)\n","uploadtime":1773749466,"views":10,"formatid":"gen9vgc2026regi","rating":1139,"private":0,"password":null}