{"id":"gen9vgc2026regi-2579596955","format":"[Gen 9] VGC 2026 Reg I","players":["Galact7adi","LinkXSwords"],"log":"|j|\u2606Galact7adi\n|j|\u2606LinkXSwords\n|t:|1775803354\n|gametype|doubles\n|player|p1|Galact7adi|hilbert|1537\n|player|p2|LinkXSwords|zinnia|1541\n|gen|9\n|tier|[Gen 9] VGC 2026 Reg I\n|rated|\n|rule|Species Clause: Limit one of each Pok\u00e9mon\n|rule|Item Clause: Limit 1 of each item\n|clearpoke\n|poke|p1|Lunala, L50|\n|poke|p1|Groudon, L50|\n|poke|p1|Hitmontop, L50, M|\n|poke|p1|Incineroar, L50, F|\n|poke|p1|Rillaboom, L50, F|\n|poke|p1|Flutter Mane, L50|\n|poke|p2|Calyrex-Ice, L50|\n|poke|p2|Miraidon, L50|\n|poke|p2|Iron Hands, L50|\n|poke|p2|Farigiraf, L50, M|\n|poke|p2|Ogerpon-Hearthflame, L50, F|\n|poke|p2|Urshifu-*, L50, M|\n|teampreview|4\n|inactive|Battle timer is ON: inactive players will automatically lose when time's up. (requested by Galact7adi)\nLinkXSwords rejected open team sheets.\n|\n|t:|1775803370\n|teamsize|p1|4\n|teamsize|p2|4\n|start\n|switch|p1a: Lunala|Lunala, L50|100/100\n|switch|p1b: Rillaboom|Rillaboom, L50, F|100/100\n|switch|p2a: Belmonda|Miraidon, L50|100/100\n|switch|p2b: Rafa|Farigiraf, L50, M, shiny|100/100\n|-fieldstart|move: Electric Terrain|[from] ability: Hadron Engine|[of] p2a: Belmonda\n|-fieldstart|move: Grassy Terrain|[from] ability: Grassy Surge|[of] p1b: Rillaboom\n|turn|1\n|\n|t:|1775803382\n|-terastallize|p1a: Lunala|Fairy\n|move|p2a: Belmonda|Electro Drift|p1a: Lunala\n|-damage|p1a: Lunala|72/100\n|move|p1a: Lunala|Calm Mind|p1a: Lunala\n|-boost|p1a: Lunala|spa|1\n|-boost|p1a: Lunala|spd|1\n|move|p1b: Rillaboom|U-turn|p2b: Rafa\n|-supereffective|p2b: Rafa\n|-damage|p2b: Rafa|67/100\n|\n|t:|1775803394\n|switch|p1b: Groudon|Groudon, L50|100/100|[from] U-turn\n|-weather|SunnyDay|[from] ability: Drought|[of] p1b: Groudon\n|move|p2b: Rafa|Foul Play|p1a: Lunala\n|-resisted|p1a: Lunala\n|-damage|p1a: Lunala|65/100\n|\n|-weather|SunnyDay|[upkeep]\n|-heal|p1a: Lunala|71/100|[from] Grassy Terrain\n|-heal|p1a: Lunala|77/100|[from] item: Leftovers\n|-heal|p2b: Rafa|73/100|[from] Grassy Terrain\n|upkeep\n|turn|2\n|\n|t:|1775803404\n|-terastallize|p2a: Belmonda|Fairy\n|move|p2a: Belmonda|Electro Drift|p1a: Lunala\n|-damage|p1a: Lunala|36/100\n|move|p1a: Lunala|Moonblast|p2b: Rafa\n|-damage|p2b: Rafa|11/100\n|move|p1b: Groudon|Precipice Blades|p2a: Belmonda|[spread] p2a,p2b\n|-damage|p2a: Belmonda|42/100\n|-damage|p2b: Rafa|0 fnt\n|faint|p2b: Rafa\n|\n|-weather|SunnyDay|[upkeep]\n|-heal|p2a: Belmonda|48/100|[from] Grassy Terrain\n|-heal|p1a: Lunala|42/100|[from] Grassy Terrain\n|-heal|p1a: Lunala|48/100|[from] item: Leftovers\n|upkeep\n|\n|t:|1775803424\n|switch|p2b: Cabez\u00f3n|Calyrex-Ice, L50|100/100\n|-ability|p2b: Cabez\u00f3n|As One\n|-ability|p2b: Cabez\u00f3n|Unnerve\n|turn|3\n|\n|t:|1775803428\n|move|p1a: Lunala|Protect|p1a: Lunala\n|-singleturn|p1a: Lunala|Protect\n|move|p2b: Cabez\u00f3n|Protect|p2b: Cabez\u00f3n\n|-singleturn|p2b: Cabez\u00f3n|Protect\n|move|p2a: Belmonda|Electro Drift|p1a: Lunala\n|-activate|p1a: Lunala|move: Protect\n|move|p1b: Groudon|Precipice Blades|p2b: Cabez\u00f3n|[spread] p2a\n|-activate|p2b: Cabez\u00f3n|move: Protect\n|-damage|p2a: Belmonda|0 fnt\n|faint|p2a: Belmonda\n|\n|-weather|SunnyDay|[upkeep]\n|-heal|p1a: Lunala|54/100|[from] Grassy Terrain\n|-heal|p1a: Lunala|60/100|[from] item: Leftovers\n|upkeep\n|\n|t:|1775803431\n|switch|p2a: Ibai|Iron Hands, L50|100/100\n|turn|4\n|\n|t:|1775803440\n|switch|p1b: Hitmontop|Hitmontop, L50, M|100/100\n|-ability|p1b: Hitmontop|Intimidate|boost\n|-unboost|p2a: Ibai|atk|1\n|-fail|p2b: Cabez\u00f3n|unboost|[from] item: Clear Amulet|[of] p2b: Cabez\u00f3n\n|move|p2a: Ibai|Fake Out|p1a: Lunala\n|-damage|p1a: Lunala|52/100\n|cant|p1a: Lunala|flinch\n|move|p2b: Cabez\u00f3n|Trick Room|p2b: Cabez\u00f3n\n|-fieldstart|move: Trick Room|[of] p2b: Cabez\u00f3n\n|\n|-weather|SunnyDay|[upkeep]\n|-heal|p1a: Lunala|58/100|[from] Grassy Terrain\n|-heal|p1a: Lunala|64/100|[from] item: Leftovers\n|upkeep\n|turn|5\n|\n|t:|1775803454\n|move|p1b: Hitmontop|Fake Out|p2b: Cabez\u00f3n\n|-crit|p2b: Cabez\u00f3n\n|-damage|p2b: Cabez\u00f3n|90/100\n|cant|p2b: Cabez\u00f3n|flinch\n|move|p2a: Ibai|Wild Charge|p1a: Lunala\n|-damage|p1a: Lunala|42/100\n|-damage|p2a: Ibai|95/100|[from] Recoil\n|move|p1a: Lunala|Moonblast|p2a: Ibai\n|-supereffective|p2a: Ibai\n|-damage|p2a: Ibai|29/100\n|\n|-weather|none\n|-heal|p2b: Cabez\u00f3n|96/100|[from] Grassy Terrain\n|-heal|p2a: Ibai|35/100|[from] Grassy Terrain\n|-heal|p1a: Lunala|48/100|[from] Grassy Terrain\n|-heal|p1a: Lunala|54/100|[from] item: Leftovers\n|-fieldend|move: Grassy Terrain\n|upkeep\n|turn|6\n|\n|t:|1775803466\n|move|p1b: Hitmontop|Wide Guard|p1b: Hitmontop\n|-singleturn|p1b: Hitmontop|Wide Guard\n|move|p2b: Cabez\u00f3n|Glacial Lance|p1a: Lunala|[spread] \n|-activate|p1a: Lunala|move: Wide Guard\n|-activate|p1b: Hitmontop|move: Wide Guard\n|move|p2a: Ibai|Wild Charge|p1a: Lunala\n|-damage|p1a: Lunala|30/100\n|-damage|p2a: Ibai|29/100|[from] Recoil\n|move|p1a: Lunala|Moonblast|p2a: Ibai\n|-supereffective|p2a: Ibai\n|-damage|p2a: Ibai|0 fnt\n|faint|p2a: Ibai\n|-end|p2a: Ibai|Quark Drive|[silent]\n|\n|-heal|p1a: Lunala|36/100|[from] item: Leftovers\n|upkeep\n|turn|7\n|-message|LinkXSwords forfeited.\n|\n|win|Galact7adi\n|raw|Galact7adi's rating: 1537 &rarr; <strong>1557</strong><br />(+20 for winning)\n|raw|LinkXSwords's rating: 1541 &rarr; <strong>1521</strong><br />(-20 for losing)\n|l|\u2606LinkXSwords\n|player|p2|\n|l|\u2606Galact7adi\n|player|p1|\n","uploadtime":1775803653,"views":13,"formatid":"gen9vgc2026regi","rating":1521,"private":0,"password":null}