{"id":"gen9vgc2026regi-2531273147","format":"[Gen 9] VGC 2026 Reg I","players":["CHR1SPHX","LinkDF"],"log":"|j|\u2606CHR1SPHX\n|j|\u2606LinkDF\n|t:|1770040898\n|gametype|doubles\n|player|p1|CHR1SPHX|265|1377\n|player|p2|LinkDF|lucas|1245\n|gen|9\n|tier|[Gen 9] VGC 2026 Reg I\n|rated|\n|rule|Species Clause: Limit one of each Pok\u00e9mon\n|rule|Item Clause: Limit 1 of each item\n|clearpoke\n|poke|p1|Incineroar, L50, M|\n|poke|p1|Koraidon, L50|\n|poke|p1|Flutter Mane, L50|\n|poke|p1|Brute Bonnet, L50|\n|poke|p1|Indeedee-F, L50, F|\n|poke|p1|Calyrex-Ice, L50|\n|poke|p2|Zapdos-Galar, L50|\n|poke|p2|Calyrex-Ice, L50|\n|poke|p2|Palkia, L50|\n|poke|p2|Farigiraf, L50, F|\n|poke|p2|Torkoal, L50, M|\n|poke|p2|Rillaboom, L50, F|\n|teampreview|4\n|inactive|Battle timer is ON: inactive players will automatically lose when time's up. (requested by CHR1SPHX)\n|\n|t:|1770040927\n|teamsize|p1|4\n|teamsize|p2|4\n|start\n|switch|p1a: Koraidon|Koraidon, L50|100/100\n|switch|p1b: Flutter Mane|Flutter Mane, L50|100/100\n|switch|p2a: Zapdos|Zapdos-Galar, L50|100/100\n|switch|p2b: Palkia|Palkia, L50|100/100\n|-weather|SunnyDay|[from] ability: Orichalcum Pulse|[of] p1a: Koraidon\n|-activate|p1b: Flutter Mane|ability: Protosynthesis\n|-start|p1b: Flutter Mane|protosynthesisspe\n|-activate|p1a: Koraidon|Orichalcum Pulse|[source]\n|-ability|p2b: Palkia|Pressure\n|turn|1\n|\n|t:|1770040951\n|move|p1b: Flutter Mane|Dazzling Gleam|p2b: Palkia|[spread] p2a,p2b\n|-supereffective|p2a: Zapdos\n|-supereffective|p2b: Palkia\n|-damage|p2a: Zapdos|40/100\n|-damage|p2b: Palkia|57/100\n|move|p1a: Koraidon|Breaking Swipe|p2b: Palkia|[spread] p2a,p2b\n|-supereffective|p2b: Palkia\n|-damage|p2a: Zapdos|13/100\n|-damage|p2b: Palkia|2/100\n|-unboost|p2a: Zapdos|atk|1\n|-ability|p2a: Zapdos|Defiant|boost\n|-boost|p2a: Zapdos|atk|2\n|move|p2a: Zapdos|Brave Bird|p1a: Koraidon\n|-supereffective|p1a: Koraidon\n|-damage|p1a: Koraidon|0 fnt\n|faint|p1a: Koraidon\n|-damage|p2a: Zapdos|0 fnt|[from] Recoil\n|faint|p2a: Zapdos\n|move|p2b: Palkia|Trick Room|p2b: Palkia\n|-fieldstart|move: Trick Room|[of] p2b: Palkia\n|\n|-weather|SunnyDay|[upkeep]\n|upkeep\n|\n|t:|1770040969\n|switch|p2a: Torkoal|Torkoal, L50, M|100/100\n|switch|p1a: Calyrex|Calyrex-Ice, L50|100/100\n|-ability|p1a: Calyrex|As One\n|-ability|p1a: Calyrex|Unnerve\n|turn|2\n|inactive|LinkDF has 30 seconds left.\n|\n|t:|1770040996\n|switch|p2b: Calyrex|Calyrex-Ice, L50|100/100\n|-ability|p2b: Calyrex|As One\n|-ability|p2b: Calyrex|Unnerve\n|-terastallize|p1a: Calyrex|Ground\n|move|p1b: Flutter Mane|Protect|p1b: Flutter Mane\n|-singleturn|p1b: Flutter Mane|Protect\n|move|p2a: Torkoal|Eruption|p1a: Calyrex|[spread] p1a\n|-activate|p1b: Flutter Mane|move: Protect\n|-damage|p1a: Calyrex|52/100\n|move|p1a: Calyrex|High Horsepower|p2a: Torkoal\n|-supereffective|p2a: Torkoal\n|-damage|p2a: Torkoal|11/100\n|\n|-weather|SunnyDay|[upkeep]\n|upkeep\n|turn|3\n|\n|t:|1770041018\n|-end|p1b: Flutter Mane|Protosynthesis|[silent]\n|switch|p1b: Incineroar|Incineroar, L50, M|100/100\n|-ability|p1b: Incineroar|Intimidate|boost\n|-unboost|p2a: Torkoal|atk|1\n|-unboost|p2b: Calyrex|atk|1\n|move|p1a: Calyrex|Protect|p1a: Calyrex\n|-singleturn|p1a: Calyrex|Protect\n|move|p2a: Torkoal|Heat Wave|p1a: Calyrex|[spread] p1b\n|-activate|p1a: Calyrex|move: Protect\n|-resisted|p1b: Incineroar\n|-damage|p1b: Incineroar|75/100\n|move|p2b: Calyrex|Glacial Lance|p1b: Incineroar|[spread] p1b\n|-activate|p1a: Calyrex|move: Protect\n|-resisted|p1b: Incineroar\n|-damage|p1b: Incineroar|59/100\n|\n|-weather|SunnyDay|[upkeep]\n|upkeep\n|turn|4\n|\n|t:|1770041039\n|move|p1b: Incineroar|Fake Out|p2b: Calyrex\n|-damage|p2b: Calyrex|92/100\n|move|p2a: Torkoal|Solar Beam||[still]\n|-prepare|p2a: Torkoal|Solar Beam\n|-anim|p2a: Torkoal|Solar Beam|p1a: Calyrex\n|-supereffective|p1a: Calyrex\n|-damage|p1a: Calyrex|11/100\n|cant|p2b: Calyrex|flinch\n|move|p1a: Calyrex|High Horsepower|p2a: Torkoal\n|-supereffective|p2a: Torkoal\n|-damage|p2a: Torkoal|0 fnt\n|faint|p2a: Torkoal\n|-ability|p1a: Calyrex|Chilling Neigh|boost\n|-boost|p1a: Calyrex|atk|1\n|\n|-weather|SunnyDay|[upkeep]\n|-heal|p2b: Calyrex|98/100|[from] item: Leftovers\n|upkeep\n|\n|t:|1770041054\n|switch|p2a: Palkia|Palkia, L50|2/100\n|-ability|p2a: Palkia|Pressure\n|turn|5\n|\n|t:|1770041076\n|-terastallize|p2b: Calyrex|Grass\n|move|p1a: Calyrex|Protect|p1a: Calyrex\n|-singleturn|p1a: Calyrex|Protect\n|move|p2b: Calyrex|Glacial Lance|p1a: Calyrex|[spread] p1b\n|-activate|p1a: Calyrex|move: Protect\n|-resisted|p1b: Incineroar\n|-damage|p1b: Incineroar|43/100\n|move|p1b: Incineroar|Parting Shot|p2b: Calyrex\n|-unboost|p2b: Calyrex|atk|1\n|-unboost|p2b: Calyrex|spa|1\n|\n|t:|1770041087\n|switch|p1b: Flutter Mane|Flutter Mane, L50|100/100|[from] Parting Shot\n|-activate|p1b: Flutter Mane|ability: Protosynthesis\n|-start|p1b: Flutter Mane|protosynthesisspe\n|move|p2a: Palkia|Earth Power|p1b: Flutter Mane\n|-damage|p1b: Flutter Mane|66/100\n|-unboost|p1b: Flutter Mane|spd|1\n|\n|-weather|none\n|-end|p1b: Flutter Mane|Protosynthesis\n|-heal|p2b: Calyrex|100/100|[from] item: Leftovers\n|-fieldend|move: Trick Room\n|upkeep\n|turn|6\n|\n|t:|1770041106\n|switch|p1a: Incineroar|Incineroar, L50, M|43/100\n|-ability|p1a: Incineroar|Intimidate|boost\n|-unboost|p2a: Palkia|atk|1\n|-unboost|p2b: Calyrex|atk|1\n|move|p1b: Flutter Mane|Dazzling Gleam|p2b: Calyrex|[spread] p2a,p2b\n|-supereffective|p2a: Palkia\n|-damage|p2a: Palkia|0 fnt\n|-damage|p2b: Calyrex|79/100\n|faint|p2a: Palkia\n|move|p2b: Calyrex|Leech Seed|p1a: Incineroar\n|-start|p1a: Incineroar|move: Leech Seed\n|\n|-heal|p2b: Calyrex|85/100|[from] item: Leftovers\n|-damage|p1a: Incineroar|31/100|[from] Leech Seed|[of] p2b: Calyrex\n|-heal|p2b: Calyrex|97/100|[silent]\n|upkeep\n|turn|7\n|\n|t:|1770041121\n|move|p2b: Calyrex|Protect|p2b: Calyrex\n|-singleturn|p2b: Calyrex|Protect\n|move|p1a: Incineroar|Fake Out|p2b: Calyrex\n|-activate|p2b: Calyrex|move: Protect\n|move|p1b: Flutter Mane|Shadow Ball|p2b: Calyrex\n|-activate|p2b: Calyrex|move: Protect\n|\n|-heal|p2b: Calyrex|100/100|[from] item: Leftovers\n|-damage|p1a: Incineroar|18/100|[from] Leech Seed|[of] p2b: Calyrex\n|upkeep\n|turn|8\n|\n|t:|1770041133\n|move|p1b: Flutter Mane|Shadow Ball|p2b: Calyrex\n|-damage|p2b: Calyrex|76/100\n|move|p1a: Incineroar|Flare Blitz|p2b: Calyrex\n|-supereffective|p2b: Calyrex\n|-damage|p2b: Calyrex|14/100\n|-damage|p1a: Incineroar|0 fnt|[from] Recoil\n|faint|p1a: Incineroar\n|move|p2b: Calyrex|Glacial Lance|p1b: Flutter Mane\n|-damage|p1b: Flutter Mane|4/100\n|\n|-heal|p2b: Calyrex|20/100|[from] item: Leftovers\n|upkeep\n|\n|t:|1770041139\n|switch|p1a: Calyrex|Calyrex-Ice, L50, tera:Ground|11/100\n|-ability|p1a: Calyrex|As One\n|-ability|p1a: Calyrex|Unnerve\n|turn|9\n|\n|t:|1770041149\n|move|p1b: Flutter Mane|Shadow Ball|p2b: Calyrex\n|-damage|p2b: Calyrex|0 fnt\n|faint|p2b: Calyrex\n|\n|win|CHR1SPHX\n|raw|CHR1SPHX's rating: 1377 &rarr; <strong>1390</strong><br />(+13 for winning)\n|raw|LinkDF's rating: 1245 &rarr; <strong>1229</strong><br />(-16 for losing)\n|l|\u2606LinkDF\n|player|p2|\n|l|\u2606CHR1SPHX\n|player|p1|\n","uploadtime":1770041350,"views":13,"formatid":"gen9vgc2026regi","rating":1229,"private":0,"password":null}