{"id":"gen9vgc2026regi-2549437653","format":"[Gen 9] VGC 2026 Reg I","players":["BundleMySon","Simon0123"],"log":"|j|\u2606BundleMySon\n|j|\u2606Simon0123\n|t:|1772367268\n|gametype|doubles\n|player|p1|BundleMySon|101|1200\n|player|p2|Simon0123|shadowtriad|1267\n|gen|9\n|tier|[Gen 9] VGC 2026 Reg I\n|rated|\n|rule|Species Clause: Limit one of each Pok\u00e9mon\n|rule|Item Clause: Limit 1 of each item\n|clearpoke\n|poke|p1|Miraidon, L50|\n|poke|p1|Ho-Oh, L50|\n|poke|p1|Grimmsnarl, L50, M|\n|poke|p1|Farigiraf, L50, F|\n|poke|p1|Landorus, L50, M|\n|poke|p1|Iron Hands, L50|\n|poke|p2|Terapagos, L50, M|\n|poke|p2|Calyrex-Ice, L50|\n|poke|p2|Amoonguss, L50, F|\n|poke|p2|Farigiraf, L50, M|\n|poke|p2|Incineroar, L50, M|\n|poke|p2|Urshifu-*, L50, F|\n|teampreview|4\n|inactive|Battle timer is ON: inactive players will automatically lose when time's up. (requested by Simon0123)\n|inactive|BundleMySon also wants the timer to be on.\n|inactive|Simon0123 has 60 seconds left.\n|\n|t:|1772367314\n|teamsize|p1|4\n|teamsize|p2|4\n|start\n|switch|p1a: Miraidon|Miraidon, L50|100/100\n|switch|p1b: Grimmsnarl|Grimmsnarl, L50, M|100/100\n|switch|p2a: Calyrex|Calyrex-Ice, L50|100/100\n|switch|p2b: Farigiraf|Farigiraf, L50, M|100/100\n|-ability|p2a: Calyrex|As One\n|-ability|p2a: Calyrex|Unnerve\n|-fieldstart|move: Electric Terrain|[from] ability: Hadron Engine|[of] p1a: Miraidon\n|turn|1\n|\n|t:|1772367328\n|move|p2a: Calyrex|Protect|p2a: Calyrex\n|-singleturn|p2a: Calyrex|Protect\n|move|p1b: Grimmsnarl|Reflect|p1b: Grimmsnarl\n|-sidestart|p1: BundleMySon|Reflect\n|move|p1a: Miraidon|Volt Switch|p2b: Farigiraf\n|-damage|p2b: Farigiraf|46/100\n|\n|t:|1772367334\n|switch|p1a: Ho-Oh|Ho-Oh, L50|100/100|[from] Volt Switch\n|move|p2b: Farigiraf|Trick Room|p2b: Farigiraf\n|-fieldstart|move: Trick Room|[of] p2b: Farigiraf\n|\n|upkeep\n|turn|2\n|\n|t:|1772367350\n|-terastallize|p2a: Calyrex|Water\n|move|p2b: Farigiraf|Helping Hand|p2a: Calyrex\n|-singleturn|p2a: Calyrex|Helping Hand|[of] p2b: Farigiraf\n|move|p2a: Calyrex|Glacial Lance|p1a: Ho-Oh|[spread] p1a,p1b\n|-damage|p1a: Ho-Oh|55/100\n|-damage|p1b: Grimmsnarl|40/100\n|move|p1b: Grimmsnarl|Spirit Break|p2b: Farigiraf\n|-damage|p2b: Farigiraf|18/100\n|-unboost|p2b: Farigiraf|spa|1\n|move|p1a: Ho-Oh|Sacred Fire|p2a: Calyrex\n|-resisted|p2a: Calyrex\n|-damage|p2a: Calyrex|84/100\n|-status|p2a: Calyrex|brn\n|\n|-damage|p2a: Calyrex|78/100 brn|[from] brn\n|upkeep\n|turn|3\n|\n|t:|1772367373\n|move|p2b: Farigiraf|Helping Hand|p2a: Calyrex\n|-singleturn|p2a: Calyrex|Helping Hand|[of] p2b: Farigiraf\n|move|p1a: Ho-Oh|Protect|p1a: Ho-Oh\n|-singleturn|p1a: Ho-Oh|Protect\n|move|p2a: Calyrex|Glacial Lance|p1a: Ho-Oh|[spread] p1b\n|-activate|p1a: Ho-Oh|move: Protect\n|-damage|p1b: Grimmsnarl|5/100\n|move|p1b: Grimmsnarl|Spirit Break|p2b: Farigiraf\n|-damage|p2b: Farigiraf|0 fnt\n|faint|p2b: Farigiraf\n|\n|-damage|p2a: Calyrex|72/100 brn|[from] brn\n|upkeep\n|\n|t:|1772367386\n|switch|p2b: Urshifu|Urshifu-Rapid-Strike, L50, F|100/100\n|turn|4\n|\n|t:|1772367400\n|move|p1b: Grimmsnarl|Parting Shot|p2b: Urshifu\n|-unboost|p2b: Urshifu|atk|1\n|-unboost|p2b: Urshifu|spa|1\n|\n|t:|1772367403\n|switch|p1b: Farigiraf|Farigiraf, L50, F|100/100|[from] Parting Shot\n|-enditem|p1b: Farigiraf|Electric Seed\n|-boost|p1b: Farigiraf|def|1|[from] item: Electric Seed\n|move|p2a: Calyrex|Glacial Lance|p1a: Ho-Oh|[spread] p1a,p1b\n|-damage|p1a: Ho-Oh|40/100\n|-damage|p1b: Farigiraf|90/100\n|move|p1a: Ho-Oh|Brave Bird|p2b: Urshifu\n|-supereffective|p2b: Urshifu\n|-damage|p2b: Urshifu|0 fnt\n|faint|p2b: Urshifu\n|-damage|p1a: Ho-Oh|11/100|[from] Recoil\n|\n|-damage|p2a: Calyrex|66/100 brn|[from] brn\n|upkeep\n|\n|t:|1772367417\n|switch|p2b: Amoonguss|Amoonguss, L50, F|100/100\n|turn|5\n|\n|t:|1772367429\n|switch|p1a: Grimmsnarl|Grimmsnarl, L50, M|5/100\n|move|p2b: Amoonguss|Protect|p2b: Amoonguss\n|-singleturn|p2b: Amoonguss|Protect\n|move|p2a: Calyrex|Glacial Lance|p1a: Grimmsnarl|[spread] p1a,p1b\n|-damage|p1a: Grimmsnarl|0 fnt\n|-damage|p1b: Farigiraf|79/100\n|faint|p1a: Grimmsnarl\n|-ability|p2a: Calyrex|Chilling Neigh|boost\n|-boost|p2a: Calyrex|atk|1\n|move|p1b: Farigiraf|Baton Pass|p1b: Farigiraf\n|\n|t:|1772367439\n|switch|p1b: Ho-Oh|Ho-Oh, L50|44/100|[from] Baton Pass\n|\n|-damage|p2a: Calyrex|60/100 brn|[from] brn\n|-fieldend|move: Trick Room\n|-fieldend|move: Electric Terrain\n|upkeep\n|\n|t:|1772367441\n|switch|p1a: Miraidon|Miraidon, L50|100/100\n|-fieldstart|move: Electric Terrain|[from] ability: Hadron Engine|[of] p1a: Miraidon\n|turn|6\n|c|\u2606Simon0123|ggwp\n|c|\u2606Simon0123|u contered it so hard\n|inactive|Simon0123 has 30 seconds left.\n|inactive|Simon0123 has 20 seconds left.\n|c|\u2606BundleMySon|Gg\n|\n|t:|1772367478\n|-terastallize|p1a: Miraidon|Electric\n|move|p1a: Miraidon|Draco Meteor|p2b: Amoonguss\n|-damage|p2b: Amoonguss|23/100\n|-unboost|p1a: Miraidon|spa|2\n|move|p1b: Ho-Oh|Sacred Fire|p2b: Amoonguss\n|-supereffective|p2b: Amoonguss\n|-damage|p2b: Amoonguss|0 fnt\n|faint|p2b: Amoonguss\n|move|p2a: Calyrex|Trick Room|p2a: Calyrex\n|-fieldstart|move: Trick Room|[of] p2a: Calyrex\n|\n|-damage|p2a: Calyrex|55/100 brn|[from] brn\n|upkeep\n|turn|7\n|\n|t:|1772367489\n|switch|p1b: Farigiraf|Farigiraf, L50, F|79/100\n|move|p2a: Calyrex|Glacial Lance|p1a: Miraidon|[spread] p1a,p1b\n|-damage|p1a: Miraidon|74/100\n|-damage|p1b: Farigiraf|54/100\n|move|p1a: Miraidon|Volt Switch|p2a: Calyrex\n|-supereffective|p2a: Calyrex\n|-damage|p2a: Calyrex|0 fnt\n|faint|p2a: Calyrex\n|\n|win|BundleMySon\n|raw|BundleMySon's rating: 1200 &rarr; <strong>1230</strong><br />(+30 for winning)\n|raw|Simon0123's rating: 1267 &rarr; <strong>1237</strong><br />(-30 for losing)\n","uploadtime":1772367494,"views":26,"formatid":"gen9vgc2026regi","rating":1230,"private":0,"password":null}