{"id":"gen9vgc2026regi-2534104901","format":"[Gen 9] VGC 2026 Reg I","players":["mohammed mo7trf","fogdocker"],"log":"|j|\u2606mohammed mo7trf\n|j|\u2606fogdocker\n|t:|1770388090\n|gametype|doubles\n|player|p1|mohammed mo7trf|nate|1366\n|player|p2|fogdocker|102|1473\n|gen|9\n|tier|[Gen 9] VGC 2026 Reg I\n|rated|\n|rule|Species Clause: Limit one of each Pok\u00e9mon\n|rule|Item Clause: Limit 1 of each item\n|clearpoke\n|poke|p1|Calyrex-Ice, L50|\n|poke|p1|Lunala, L50|\n|poke|p1|Smeargle, L50, M|\n|poke|p1|Iron Hands, L50|\n|poke|p1|Torkoal, L50, M|\n|poke|p1|Ursaluna, L50, M|\n|poke|p2|Koraidon, L50|\n|poke|p2|Flutter Mane, L50|\n|poke|p2|Calyrex-Ice, L50|\n|poke|p2|Incineroar, L50, F|\n|poke|p2|Rillaboom, L50, F|\n|poke|p2|Amoonguss, L50, F|\n|teampreview|4\n|inactive|Battle timer is ON: inactive players will automatically lose when time's up. (requested by mohammed mo7trf)\n|j| bigblue068\n|inactive|fogdocker has 60 seconds left.\n|\n|t:|1770388164\n|teamsize|p1|4\n|teamsize|p2|4\n|start\n|switch|p1a: Calyrex|Calyrex-Ice, L50|100/100\n|switch|p1b: \u0631\u0633\u0627\u0645|Smeargle, L50, M|100/100\n|switch|p2a: Koraidon|Koraidon, L50|100/100\n|switch|p2b: Incineroar|Incineroar, L50, F|100/100\n|-ability|p1a: Calyrex|As One\n|-ability|p1a: Calyrex|Unnerve\n|-weather|SunnyDay|[from] ability: Orichalcum Pulse|[of] p2a: Koraidon\n|-activate|p2a: Koraidon|Orichalcum Pulse|[source]\n|-ability|p2b: Incineroar|Intimidate|boost\n|-fail|p1a: Calyrex|unboost|[from] item: Clear Amulet|[of] p1a: Calyrex\n|-unboost|p1b: \u0631\u0633\u0627\u0645|atk|1\n|turn|1\n|inactive|mohammed mo7trf has 30 seconds left.\n|inactive|fogdocker has 30 seconds left.\n|inactive|mohammed mo7trf has 20 seconds left.\n|\n|t:|1770388201\n|-terastallize|p1b: \u0631\u0633\u0627\u0645|Ghost\n|move|p1a: Calyrex|Protect|p1a: Calyrex\n|-singleturn|p1a: Calyrex|Protect\n|move|p2b: Incineroar|Fake Out|p1a: Calyrex\n|-activate|p1a: Calyrex|move: Protect\n|move|p2a: Koraidon|Flare Blitz|p1a: Calyrex\n|-activate|p1a: Calyrex|move: Protect\n|move|p1b: \u0631\u0633\u0627\u0645|Spore|p2a: Koraidon\n|-status|p2a: Koraidon|slp|[from] move: Spore\n|\n|-weather|SunnyDay|[upkeep]\n|-ability|p1b: \u0631\u0633\u0627\u0645|Moody|boost\n|-boost|p1b: \u0631\u0633\u0627\u0645|spe|2\n|-unboost|p1b: \u0631\u0633\u0627\u0645|def|1\n|upkeep\n|turn|2\n|\n|t:|1770388221\n|switch|p2a: Calyrex|Calyrex-Ice, L50|100/100\n|-ability|p2a: Calyrex|As One\n|-ability|p2a: Calyrex|Unnerve\n|move|p1b: \u0631\u0633\u0627\u0645|Follow Me|p1b: \u0631\u0633\u0627\u0645\n|-singleturn|p1b: \u0631\u0633\u0627\u0645|move: Follow Me\n|move|p2b: Incineroar|Knock Off|p1b: \u0631\u0633\u0627\u0645\n|-supereffective|p1b: \u0631\u0633\u0627\u0645\n|-enditem|p1b: \u0631\u0633\u0627\u0645|Focus Sash\n|-damage|p1b: \u0631\u0633\u0627\u0645|1/100\n|move|p1a: Calyrex|Trick Room|p1a: Calyrex\n|-fieldstart|move: Trick Room|[of] p1a: Calyrex\n|\n|-weather|SunnyDay|[upkeep]\n|-ability|p1b: \u0631\u0633\u0627\u0645|Moody|boost\n|-boost|p1b: \u0631\u0633\u0627\u0645|spd|2\n|-unboost|p1b: \u0631\u0633\u0627\u0645|spa|1\n|upkeep\n|turn|3\n|\n|t:|1770388229\n|switch|p1b: Lunala|Lunala, L50, shiny|100/100\n|move|p2a: Calyrex|Glacial Lance|p1a: Calyrex|[spread] p1a,p1b\n|-resisted|p1a: Calyrex\n|-damage|p1a: Calyrex|84/100\n|-damage|p1b: Lunala|81/100\n|move|p1a: Calyrex|High Horsepower|p2b: Incineroar\n|-supereffective|p2b: Incineroar\n|-crit|p2b: Incineroar\n|-damage|p2b: Incineroar|0 fnt\n|faint|p2b: Incineroar\n|-ability|p1a: Calyrex|Chilling Neigh|boost\n|-boost|p1a: Calyrex|atk|1\n|\n|-weather|SunnyDay|[upkeep]\n|-heal|p1b: Lunala|87/100|[from] item: Leftovers\n|upkeep\n|\n|t:|1770388245\n|switch|p2b: Rillaboom|Rillaboom, L50, F|100/100\n|-fieldstart|move: Grassy Terrain|[from] ability: Grassy Surge|[of] p2b: Rillaboom\n|turn|4\n|\n|t:|1770388251\n|-terastallize|p2a: Calyrex|Water\n|move|p1a: Calyrex|Protect|p1a: Calyrex\n|-singleturn|p1a: Calyrex|Protect\n|move|p2b: Rillaboom|Fake Out|p1a: Calyrex\n|-activate|p1a: Calyrex|move: Protect\n|move|p2a: Calyrex|Glacial Lance|p1a: Calyrex|[spread] p1b\n|-activate|p1a: Calyrex|move: Protect\n|-damage|p1b: Lunala|51/100\n|move|p1b: Lunala|Moongeist Beam|p2a: Calyrex\n|-damage|p2a: Calyrex|68/100\n|\n|-weather|SunnyDay|[upkeep]\n|-heal|p1a: Calyrex|90/100|[from] Grassy Terrain\n|-heal|p2a: Calyrex|74/100|[from] Grassy Terrain\n|-heal|p2a: Calyrex|80/100|[from] item: Leftovers\n|-heal|p1b: Lunala|57/100|[from] Grassy Terrain\n|-heal|p1b: Lunala|64/100|[from] item: Leftovers\n|upkeep\n|turn|5\n|\n|t:|1770388269\n|move|p1b: Lunala|Wide Guard|p1b: Lunala\n|-singleturn|p1b: Lunala|Wide Guard\n|move|p2a: Calyrex|Leech Seed|p1a: Calyrex\n|-start|p1a: Calyrex|move: Leech Seed\n|move|p1a: Calyrex|Glacial Lance|p2a: Calyrex|[spread] p2a,p2b\n|-resisted|p2a: Calyrex\n|-supereffective|p2b: Rillaboom\n|-damage|p2a: Calyrex|54/100\n|-damage|p2b: Rillaboom|0 fnt\n|faint|p2b: Rillaboom\n|-ability|p1a: Calyrex|Chilling Neigh|boost\n|-boost|p1a: Calyrex|atk|1\n|\n|-weather|none\n|-heal|p2a: Calyrex|59/100|[from] Grassy Terrain\n|-heal|p1a: Calyrex|96/100|[from] Grassy Terrain\n|-heal|p2a: Calyrex|65/100|[from] item: Leftovers\n|-heal|p1b: Lunala|70/100|[from] Grassy Terrain\n|-heal|p1b: Lunala|76/100|[from] item: Leftovers\n|-damage|p1a: Calyrex|84/100|[from] Leech Seed|[of] p2a: Calyrex\n|-heal|p2a: Calyrex|77/100|[silent]\n|upkeep\n|l| bigblue068\n|\n|t:|1770388277\n|switch|p2b: Koraidon|Koraidon, L50|100/100 slp\n|-weather|SunnyDay|[from] ability: Orichalcum Pulse|[of] p2b: Koraidon\n|-activate|p2b: Koraidon|Orichalcum Pulse|[source]\n|turn|6\n|\n|t:|1770388291\n|cant|p2b: Koraidon|slp\n|move|p1a: Calyrex|Glacial Lance|p2b: Koraidon|[spread] p2a,p2b\n|-resisted|p2a: Calyrex\n|-supereffective|p2b: Koraidon\n|-damage|p2a: Calyrex|43/100\n|-damage|p2b: Koraidon|0 fnt\n|faint|p2b: Koraidon\n|-ability|p1a: Calyrex|Chilling Neigh|boost\n|-boost|p1a: Calyrex|atk|1\n|move|p2a: Calyrex|Glacial Lance|p1b: Lunala|[spread] p1a,p1b\n|-resisted|p1a: Calyrex\n|-damage|p1a: Calyrex|67/100\n|-damage|p1b: Lunala|38/100\n|move|p1b: Lunala|Moongeist Beam|p2a: Calyrex\n|-damage|p2a: Calyrex|13/100\n|\n|-weather|SunnyDay|[upkeep]\n|-heal|p1a: Calyrex|73/100|[from] Grassy Terrain\n|-heal|p2a: Calyrex|18/100|[from] Grassy Terrain\n|-heal|p2a: Calyrex|24/100|[from] item: Leftovers\n|-heal|p1b: Lunala|44/100|[from] Grassy Terrain\n|-heal|p1b: Lunala|50/100|[from] item: Leftovers\n|-damage|p1a: Calyrex|61/100|[from] Leech Seed|[of] p2a: Calyrex\n|-heal|p2a: Calyrex|36/100|[silent]\n|-fieldend|move: Trick Room\n|upkeep\n|turn|7\n|\n|t:|1770388299\n|move|p1b: Lunala|Moongeist Beam|p2a: Calyrex\n|-damage|p2a: Calyrex|1/100\n|move|p2a: Calyrex|Glacial Lance|p1a: Calyrex|[spread] p1a,p1b\n|-resisted|p1a: Calyrex\n|-damage|p1a: Calyrex|43/100\n|-damage|p1b: Lunala|8/100\n|move|p1a: Calyrex|Glacial Lance|p2a: Calyrex\n|-resisted|p2a: Calyrex\n|-damage|p2a: Calyrex|0 fnt\n|faint|p2a: Calyrex\n|\n|win|mohammed mo7trf\n|raw|mohammed mo7trf's rating: 1366 &rarr; <strong>1392</strong><br />(+26 for winning)\n|raw|fogdocker's rating: 1473 &rarr; <strong>1447</strong><br />(-26 for losing)\n","uploadtime":1770388447,"views":13,"formatid":"gen9vgc2026regi","rating":1392,"private":0,"password":null}