{"id":"gen9vgc2026regi-2538466925","format":"[Gen 9] VGC 2026 Reg I","players":["Johten","yamato-tak"],"log":"|j|\u2606Johten\n|j|\u2606yamato-tak\n|t:|1770930362\n|gametype|doubles\n|player|p1|Johten|veteran|1253\n|player|p2|yamato-tak|265|1382\n|gen|9\n|tier|[Gen 9] VGC 2026 Reg I\n|rated|\n|rule|Species Clause: Limit one of each Pok\u00e9mon\n|rule|Item Clause: Limit 1 of each item\n|clearpoke\n|poke|p1|Rayquaza, L50|\n|poke|p1|Terapagos, L50, M|\n|poke|p1|Volcarona, L50, M|\n|poke|p1|Rillaboom, L50, F|\n|poke|p1|Urshifu-*, L50, M|\n|poke|p1|Grimmsnarl, L50, M|\n|poke|p2|Miraidon, L50|\n|poke|p2|Calyrex-Ice, L50|\n|poke|p2|Volcarona, L50, M|\n|poke|p2|Araquanid, L50, M|\n|poke|p2|Grimmsnarl, L50, M|\n|poke|p2|Rillaboom, L50, F|\n|teampreview|4\n|inactive|Battle timer is ON: inactive players will automatically lose when time's up. (requested by yamato-tak)\n|\n|t:|1770930380\n|teamsize|p1|4\n|teamsize|p2|4\n|start\n|switch|p1a: Grimmsnarl|Grimmsnarl, L50, M|100/100\n|switch|p1b: Terapagos|Terapagos, L50, M|100/100\n|switch|p2a: Calyrex|Calyrex-Ice, L50|100/100\n|switch|p2b: Grimmsnarl|Grimmsnarl, L50, M, shiny|100/100\n|-activate|p1b: Terapagos|ability: Tera Shift\n|detailschange|p1b: Terapagos|Terapagos-Terastal, L50, M\n|-heal|p1b: Terapagos|100/100|[silent]\n|-ability|p2a: Calyrex|As One\n|-ability|p2a: Calyrex|Unnerve\n|turn|1\n|\n|t:|1770930396\n|switch|p1b: Volcarona|Volcarona, L50, M|100/100\n|move|p2b: Grimmsnarl|Fake Out|p1a: Grimmsnarl\n|-damage|p1a: Grimmsnarl|90/100\n|move|p1a: Grimmsnarl|Foul Play|p2a: Calyrex\n|-supereffective|p2a: Calyrex\n|-damage|p2a: Calyrex|34/100\n|move|p2a: Calyrex|Leech Seed|p1b: Volcarona\n|-start|p1b: Volcarona|move: Leech Seed\n|\n|-damage|p1b: Volcarona|88/100|[from] Leech Seed|[of] p2a: Calyrex\n|-heal|p2a: Calyrex|45/100|[silent]\n|upkeep\n|turn|2\n|\n|t:|1770930414\n|switch|p1b: Terapagos|Terapagos-Terastal, L50, M|100/100\n|switch|p2a: Volcarona|Volcarona, L50, M, shiny|100/100\n|move|p2b: Grimmsnarl|Light Screen|p2b: Grimmsnarl\n|-sidestart|p2: yamato-tak|move: Light Screen\n|move|p1a: Grimmsnarl|Reflect|p1a: Grimmsnarl\n|-sidestart|p1: Johten|Reflect\n|\n|upkeep\n|turn|3\n|\n|t:|1770930432\n|move|p2b: Grimmsnarl|Reflect|p2b: Grimmsnarl\n|-sidestart|p2: yamato-tak|Reflect\n|move|p1a: Grimmsnarl|Light Screen|p1a: Grimmsnarl\n|-sidestart|p1: Johten|move: Light Screen\n|move|p2a: Volcarona|Quiver Dance|p2a: Volcarona\n|-boost|p2a: Volcarona|spa|1\n|-boost|p2a: Volcarona|spd|1\n|-boost|p2a: Volcarona|spe|1\n|move|p1b: Terapagos|Calm Mind|p1b: Terapagos\n|-boost|p1b: Terapagos|spa|1\n|-boost|p1b: Terapagos|spd|1\n|\n|upkeep\n|turn|4\n|\n|t:|1770930446\n|move|p2b: Grimmsnarl|Parting Shot|p1b: Terapagos\n|-unboost|p1b: Terapagos|atk|1\n|-unboost|p1b: Terapagos|spa|1\n|\n|t:|1770930450\n|switch|p2b: Miraidon|Miraidon, L50, shiny|100/100|[from] Parting Shot\n|-fieldstart|move: Electric Terrain|[from] ability: Hadron Engine|[of] p2b: Miraidon\n|move|p1a: Grimmsnarl|Parting Shot|p2a: Volcarona\n|-unboost|p2a: Volcarona|atk|1\n|-unboost|p2a: Volcarona|spa|1\n|\n|t:|1770930461\n|switch|p1a: Volcarona|Volcarona, L50, M|88/100|[from] Parting Shot\n|move|p2a: Volcarona|Quiver Dance|p2a: Volcarona\n|-boost|p2a: Volcarona|spa|1\n|-boost|p2a: Volcarona|spd|1\n|-boost|p2a: Volcarona|spe|1\n|move|p1b: Terapagos|Tera Starstorm|p2a: Volcarona\n|-damage|p2a: Volcarona|83/100\n|\n|-heal|p2a: Volcarona|89/100|[from] item: Leftovers\n|upkeep\n|turn|5\n|\n|t:|1770930480\n|-terastallize|p1b: Terapagos|Stellar\n|detailschange|p1b: Terapagos|Terapagos-Stellar, L50, M, tera:Stellar\n|-heal|p1b: Terapagos|100/100|[silent]\n|-ability|p1b: Terapagos|Teraform Zero\n|-fieldend|move: Electric Terrain\n|move|p1a: Volcarona|Protect|p1a: Volcarona\n|-singleturn|p1a: Volcarona|Protect\n|move|p2a: Volcarona|Quiver Dance|p2a: Volcarona\n|-boost|p2a: Volcarona|spa|1\n|-boost|p2a: Volcarona|spd|1\n|-boost|p2a: Volcarona|spe|1\n|move|p2b: Miraidon|Calm Mind|p2b: Miraidon\n|-boost|p2b: Miraidon|spa|1\n|-boost|p2b: Miraidon|spd|1\n|move|p1b: Terapagos|Calm Mind|p1b: Terapagos\n|-boost|p1b: Terapagos|spa|1\n|-boost|p1b: Terapagos|spd|1\n|\n|-heal|p2a: Volcarona|95/100|[from] item: Leftovers\n|upkeep\n|turn|6\n|\n|t:|1770930498\n|move|p2a: Volcarona|Quiver Dance|p2a: Volcarona\n|-boost|p2a: Volcarona|spa|1\n|-boost|p2a: Volcarona|spd|1\n|-boost|p2a: Volcarona|spe|1\n|move|p2b: Miraidon|Calm Mind|p2b: Miraidon\n|-boost|p2b: Miraidon|spa|1\n|-boost|p2b: Miraidon|spd|1\n|move|p1a: Volcarona|Struggle Bug|p2b: Miraidon|[spread] p2a,p2b\n|-resisted|p2a: Volcarona\n|-damage|p2a: Volcarona|94/100\n|-damage|p2b: Miraidon|96/100\n|-unboost|p2a: Volcarona|spa|1\n|move|p1b: Terapagos|Tera Starstorm|p2b: Miraidon|[spread] p2a,p2b\n|-damage|p2a: Volcarona|81/100\n|-damage|p2b: Miraidon|82/100\n|\n|-heal|p2a: Volcarona|87/100|[from] item: Leftovers\n|-sideend|p1: Johten|Reflect\n|upkeep\n|turn|7\n|\n|t:|1770930515\n|move|p2a: Volcarona|Quiver Dance|p2a: Volcarona\n|-boost|p2a: Volcarona|spa|1\n|-boost|p2a: Volcarona|spd|1\n|-boost|p2a: Volcarona|spe|1\n|move|p2b: Miraidon|Calm Mind|p2b: Miraidon\n|-boost|p2b: Miraidon|spa|1\n|-boost|p2b: Miraidon|spd|1\n|move|p1a: Volcarona|Struggle Bug|p2b: Miraidon|[spread] p2a,p2b\n|-resisted|p2a: Volcarona\n|-damage|p2a: Volcarona|85/100\n|-damage|p2b: Miraidon|79/100\n|-unboost|p2a: Volcarona|spa|1\n|move|p1b: Terapagos|Tera Starstorm|p2b: Miraidon|[spread] p2a,p2b\n|-damage|p2a: Volcarona|74/100\n|-damage|p2b: Miraidon|67/100\n|\n|-heal|p2a: Volcarona|80/100|[from] item: Leftovers\n|-sideend|p1: Johten|move: Light Screen\n|upkeep\n|turn|8\n|\n|t:|1770930536\n|move|p2a: Volcarona|Quiver Dance|p2a: Volcarona\n|-boost|p2a: Volcarona|spa|1\n|-boost|p2a: Volcarona|spd|1\n|-boost|p2a: Volcarona|spe|1\n|move|p2b: Miraidon|Calm Mind|p2b: Miraidon\n|-boost|p2b: Miraidon|spa|1\n|-boost|p2b: Miraidon|spd|1\n|move|p1a: Volcarona|Struggle Bug|p2b: Miraidon|[spread] p2a,p2b\n|-resisted|p2a: Volcarona\n|-damage|p2a: Volcarona|79/100\n|-damage|p2b: Miraidon|64/100\n|-unboost|p2a: Volcarona|spa|1\n|move|p1b: Terapagos|Tera Starstorm|p2b: Miraidon|[spread] p2a,p2b\n|-damage|p2a: Volcarona|69/100\n|-damage|p2b: Miraidon|53/100\n|\n|-heal|p2a: Volcarona|76/100|[from] item: Leftovers\n|upkeep\n|turn|9\n|inactive|yamato-tak has 30 seconds left.\n|\n|t:|1770930566\n|move|p2a: Volcarona|Fiery Dance|p1b: Terapagos\n|-damage|p1b: Terapagos|77/100\n|move|p2b: Miraidon|Calm Mind|p2b: Miraidon\n|-boost|p2b: Miraidon|spa|1\n|-boost|p2b: Miraidon|spd|1\n|move|p1a: Volcarona|Struggle Bug|p2a: Volcarona|[spread] p2a,p2b\n|-resisted|p2a: Volcarona\n|-damage|p2a: Volcarona|75/100\n|-damage|p2b: Miraidon|50/100\n|-unboost|p2a: Volcarona|spa|1\n|move|p1b: Terapagos|Tera Starstorm|p2b: Miraidon|[spread] p2a,p2b\n|-damage|p2a: Volcarona|65/100\n|-damage|p2b: Miraidon|41/100\n|\n|-heal|p2a: Volcarona|71/100|[from] item: Leftovers\n|-heal|p1b: Terapagos|83/100|[from] item: Leftovers\n|-sideend|p2: yamato-tak|move: Light Screen\n|upkeep\n|turn|10\n|\n|t:|1770930589\n|move|p2a: Volcarona|Protect|p2a: Volcarona\n|-singleturn|p2a: Volcarona|Protect\n|move|p1a: Volcarona|Rage Powder|p1a: Volcarona\n|-singleturn|p1a: Volcarona|move: Rage Powder\n|move|p2b: Miraidon|Parabolic Charge|p1b: Terapagos|[spread] p1a,p1b\n|-activate|p2a: Volcarona|move: Protect\n|-damage|p1a: Volcarona|27/100\n|-heal|p2b: Miraidon|70/100|[from] drain|[of] p1a: Volcarona\n|-damage|p1b: Terapagos|57/100\n|-heal|p2b: Miraidon|86/100|[from] drain|[of] p1b: Terapagos\n|move|p1b: Terapagos|Tera Starstorm|p2a: Volcarona|[spread] p2b\n|-activate|p2a: Volcarona|move: Protect\n|-damage|p2b: Miraidon|74/100\n|\n|-heal|p2a: Volcarona|77/100|[from] item: Leftovers\n|-heal|p1b: Terapagos|64/100|[from] item: Leftovers\n|-sideend|p2: yamato-tak|Reflect\n|upkeep\n|turn|11\n|\n|t:|1770930611\n|move|p1b: Terapagos|Protect|p1b: Terapagos\n|-singleturn|p1b: Terapagos|Protect\n|move|p2a: Volcarona|Fiery Dance|p1a: Volcarona\n|-damage|p1a: Volcarona|0 fnt\n|-boost|p2a: Volcarona|spa|1\n|faint|p1a: Volcarona\n|move|p2b: Miraidon|Electro Drift|p1b: Terapagos\n|-activate|p1b: Terapagos|move: Protect\n|\n|-heal|p2a: Volcarona|84/100|[from] item: Leftovers\n|-heal|p1b: Terapagos|70/100|[from] item: Leftovers\n|upkeep\n|\n|t:|1770930623\n|switch|p1a: Grimmsnarl|Grimmsnarl, L50, M|90/100\n|turn|12\n|\n|t:|1770930635\n|move|p1a: Grimmsnarl|Light Screen|p1a: Grimmsnarl\n|-sidestart|p1: Johten|move: Light Screen\n|move|p2a: Volcarona|Quiver Dance|p2a: Volcarona\n|-boost|p2a: Volcarona|spa|1\n|-boost|p2a: Volcarona|spd|0\n|-boost|p2a: Volcarona|spe|0\n|move|p2b: Miraidon|Calm Mind|p2b: Miraidon\n|-boost|p2b: Miraidon|spa|1\n|-boost|p2b: Miraidon|spd|1\n|move|p1b: Terapagos|Tera Starstorm|p2a: Volcarona|[spread] p2a,p2b\n|-damage|p2a: Volcarona|69/100\n|-damage|p2b: Miraidon|62/100\n|\n|-heal|p2a: Volcarona|75/100|[from] item: Leftovers\n|-heal|p1b: Terapagos|76/100|[from] item: Leftovers\n|upkeep\n|turn|13\n|\n|t:|1770930653\n|move|p2a: Volcarona|Protect|p2a: Volcarona\n|-singleturn|p2a: Volcarona|Protect\n|move|p2b: Miraidon|Parabolic Charge|p1a: Grimmsnarl|[spread] p1a,p1b\n|-activate|p2a: Volcarona|move: Protect\n|-damage|p1a: Grimmsnarl|32/100\n|-heal|p2b: Miraidon|90/100|[from] drain|[of] p1a: Grimmsnarl\n|-damage|p1b: Terapagos|58/100\n|-heal|p2b: Miraidon|100/100|[from] drain|[of] p1b: Terapagos\n|move|p1b: Terapagos|Tera Starstorm|p2b: Miraidon|[spread] p2b\n|-activate|p2a: Volcarona|move: Protect\n|-damage|p2b: Miraidon|89/100\n|move|p1a: Grimmsnarl|Foul Play|p2b: Miraidon\n|-damage|p2b: Miraidon|67/100\n|\n|-heal|p2a: Volcarona|81/100|[from] item: Leftovers\n|-heal|p1b: Terapagos|64/100|[from] item: Leftovers\n|upkeep\n|turn|14\n|\n|t:|1770930678\n|move|p2a: Volcarona|Fiery Dance|p1a: Grimmsnarl\n|-damage|p1a: Grimmsnarl|0 fnt\n|faint|p1a: Grimmsnarl\n|move|p2b: Miraidon|Electro Drift|p1b: Terapagos\n|-damage|p1b: Terapagos|27/100\n|move|p1b: Terapagos|Dark Pulse|p2b: Miraidon\n|-damage|p2b: Miraidon|56/100\n|\n|-heal|p2a: Volcarona|88/100|[from] item: Leftovers\n|-heal|p1b: Terapagos|34/100|[from] item: Leftovers\n|upkeep\n|c|\u2606Johten|crits are a myth\n|\n|t:|1770930692\n|switch|p1a: Urshifu|Urshifu-Rapid-Strike, L50, M|100/100\n|turn|15\n|\n|t:|1770930711\n|move|p2a: Volcarona|Protect|p2a: Volcarona\n|-singleturn|p2a: Volcarona|Protect\n|move|p2b: Miraidon|Parabolic Charge|p1a: Urshifu|[spread] p1a,p1b\n|-activate|p2a: Volcarona|move: Protect\n|-supereffective|p1a: Urshifu\n|-crit|p1b: Terapagos\n|-enditem|p1a: Urshifu|Focus Sash\n|-damage|p1a: Urshifu|1/100\n|-heal|p2b: Miraidon|99/100|[from] drain|[of] p1a: Urshifu\n|-damage|p1b: Terapagos|0 fnt\n|-heal|p2b: Miraidon|100/100|[from] drain|[of] p1b: Terapagos\n|faint|p1b: Terapagos\n|detailschange|p1: Terapagos|Terapagos, L50, M|[silent]\n|move|p1a: Urshifu|Ice Spinner|p2b: Miraidon\n|-supereffective|p2b: Miraidon\n|-damage|p2b: Miraidon|53/100\n|\n|-heal|p2a: Volcarona|94/100|[from] item: Leftovers\n|upkeep\n|turn|16\n|\n|t:|1770930726\n|move|p2a: Volcarona|Giga Drain|p1a: Urshifu\n|-supereffective|p1a: Urshifu\n|-damage|p1a: Urshifu|0 fnt\n|-heal|p2a: Volcarona|94/100|[from] drain|[of] p1a: Urshifu\n|faint|p1a: Urshifu\n|\n|win|yamato-tak\n|raw|Johten's rating: 1253 &rarr; <strong>1237</strong><br />(-16 for losing)\n|raw|yamato-tak's rating: 1382 &rarr; <strong>1395</strong><br />(+13 for winning)\n","uploadtime":1770930732,"views":26,"formatid":"gen9vgc2026regi","rating":1237,"private":0,"password":null}