{"id":"gen9vgc2026regi-2557229255","format":"[Gen 9] VGC 2026 Reg I","players":["Maphoo","itsxaver"],"log":"|j|\u2606Maphoo\n|j|\u2606itsxaver\n|t:|1773298673\n|gametype|doubles\n|player|p1|Maphoo|266|1484\n|player|p2|itsxaver|265|1469\n|gen|9\n|tier|[Gen 9] VGC 2026 Reg I\n|rated|\n|rule|Species Clause: Limit one of each Pok\u00e9mon\n|rule|Item Clause: Limit 1 of each item\n|clearpoke\n|poke|p1|Zamazenta-*, L50|\n|poke|p1|Lunala, L50|\n|poke|p1|Indeedee-F, L50, F|\n|poke|p1|Chi-Yu, L50|\n|poke|p1|Tornadus, L50, M|\n|poke|p1|Urshifu-*, L50, F|\n|poke|p2|Miraidon, L50|\n|poke|p2|Groudon, L50|\n|poke|p2|Flutter Mane, L50|\n|poke|p2|Dragonite, L50, M|\n|poke|p2|Chien-Pao, L50|\n|poke|p2|Entei, L50|\n|teampreview|4\n|\n|t:|1773298694\n|teamsize|p1|4\n|teamsize|p2|4\n|start\n|switch|p1a: Lunala|Lunala, L50, shiny|100/100\n|switch|p1b: Indeedee|Indeedee-F, L50, F, shiny|100/100\n|switch|p2a: Groudon|Groudon, L50|100/100\n|switch|p2b: Flutter Mane|Flutter Mane, L50|100/100\n|-weather|SunnyDay|[from] ability: Drought|[of] p2a: Groudon\n|-activate|p2b: Flutter Mane|ability: Protosynthesis\n|-start|p2b: Flutter Mane|protosynthesisspe\n|-fieldstart|move: Psychic Terrain|[from] ability: Psychic Surge|[of] p1b: Indeedee\n|-enditem|p1b: Indeedee|Psychic Seed\n|-boost|p1b: Indeedee|spd|1|[from] item: Psychic Seed\n|turn|1\n|\n|t:|1773298727\n|move|p1b: Indeedee|Helping Hand|p1a: Lunala\n|-singleturn|p1a: Lunala|Helping Hand|[of] p1b: Indeedee\n|move|p2b: Flutter Mane|Dazzling Gleam|p1a: Lunala|[spread] p1a,p1b\n|-damage|p1a: Lunala|84/100\n|-damage|p1b: Indeedee|72/100\n|move|p2a: Groudon|Precipice Blades|p1a: Lunala|[spread] p1a,p1b\n|-damage|p1a: Lunala|49/100\n|-damage|p1b: Indeedee|25/100\n|move|p1a: Lunala|Expanding Force|p2b: Flutter Mane|[spread] p2a,p2b\n|-damage|p2a: Groudon|16/100\n|-damage|p2b: Flutter Mane|0 fnt\n|faint|p2b: Flutter Mane\n|-end|p2b: Flutter Mane|Protosynthesis|[silent]\n|\n|-weather|SunnyDay|[upkeep]\n|upkeep\n|\n|t:|1773298739\n|switch|p2b: Miraidon|Miraidon, L50|100/100\n|-fieldstart|move: Electric Terrain|[from] ability: Hadron Engine|[of] p2b: Miraidon\n|turn|2\n|\n|t:|1773298762\n|-terastallize|p2b: Miraidon|Electric\n|move|p1a: Lunala|Protect|p1a: Lunala\n|-singleturn|p1a: Lunala|Protect\n|move|p2b: Miraidon|Discharge|p1a: Lunala|[spread] p1b\n|-activate|p1a: Lunala|move: Protect\n|-immune|p2a: Groudon\n|-damage|p1b: Indeedee|0 fnt\n|faint|p1b: Indeedee\n|move|p2a: Groudon|Crunch|p1a: Lunala\n|-activate|p1a: Lunala|move: Protect\n|\n|-weather|SunnyDay|[upkeep]\n|upkeep\n|\n|t:|1773298777\n|switch|p1b: Zamazenta|Zamazenta-Crowned, L50, shiny|100/100\n|-ability|p1b: Zamazenta|Dauntless Shield|boost\n|-boost|p1b: Zamazenta|def|1\n|turn|3\n|\n|t:|1773298785\n|-terastallize|p1a: Lunala|Fairy\n|move|p2a: Groudon|Helping Hand|p2b: Miraidon\n|-singleturn|p2b: Miraidon|Helping Hand|[of] p2a: Groudon\n|move|p1b: Zamazenta|Wide Guard|p1b: Zamazenta\n|-singleturn|p1b: Zamazenta|Wide Guard\n|move|p2b: Miraidon|Electro Drift|p1b: Zamazenta\n|-damage|p1b: Zamazenta|0 fnt\n|faint|p1b: Zamazenta\n|move|p1a: Lunala|Moongeist Beam|p2a: Groudon\n|-damage|p2a: Groudon|0 fnt\n|faint|p2a: Groudon\n|\n|-weather|SunnyDay|[upkeep]\n|upkeep\n|\n|t:|1773298803\n|switch|p1b: Urshifu|Urshifu-Rapid-Strike, L50, F|100/100\n|switch|p2a: Entei|Entei, L50|100/100\n|turn|4\n|\n|t:|1773298830\n|move|p1b: Urshifu|Detect|p1b: Urshifu\n|-singleturn|p1b: Urshifu|Protect\n|move|p2a: Entei|Extreme Speed|p1b: Urshifu\n|-activate|p1b: Urshifu|move: Protect\n|move|p2b: Miraidon|Electro Drift|p1a: Lunala\n|-damage|p1a: Lunala|0 fnt\n|faint|p1a: Lunala\n|\n|-weather|SunnyDay|[upkeep]\n|upkeep\n|turn|5\n|-message|Maphoo forfeited.\n|\n|win|itsxaver\n|raw|Maphoo's rating: 1484 &rarr; <strong>1463</strong><br />(-21 for losing)\n|raw|itsxaver's rating: 1469 &rarr; <strong>1490</strong><br />(+21 for winning)\n|l|\u2606Maphoo\n|player|p1|\n|l|\u2606itsxaver\n|player|p2|\n","uploadtime":1773299091,"views":20,"formatid":"gen9vgc2026regi","rating":1463,"private":0,"password":null}