{"id":"gen9vgc2026regi-2518489229","format":"[Gen 9] VGC 2026 Reg I","players":["Indeedee Follow","kojimuranishi"],"log":"|j|\u2606Indeedee Follow\n|j|\u2606kojimuranishi\n|t:|1768397085\n|gametype|doubles\n|player|p1|Indeedee Follow|101|1378\n|player|p2|kojimuranishi|1|1506\n|gen|9\n|tier|[Gen 9] VGC 2026 Reg I\n|rated|\n|rule|Species Clause: Limit one of each Pok\u00e9mon\n|rule|Item Clause: Limit 1 of each item\n|clearpoke\n|poke|p1|Smeargle, L50, M|\n|poke|p1|Muk-Alola, L50, F|\n|poke|p1|Flamigo, L50, F|\n|poke|p1|Indeedee-F, L50, F|\n|poke|p1|Koraidon, L50|\n|poke|p1|Calyrex-Shadow, L50|\n|poke|p2|Zamazenta-*, L50|\n|poke|p2|Lunala, L50|\n|poke|p2|Chien-Pao, L50|\n|poke|p2|Dragonite, L50, M|\n|poke|p2|Chi-Yu, L50|\n|poke|p2|Urshifu-*, L50, M|\n|teampreview|4\n|inactive|Battle timer is ON: inactive players will automatically lose when time's up. (requested by Indeedee Follow)\n|inactive|kojimuranishi has 60 seconds left.\n|\n|t:|1768397126\n|teamsize|p1|4\n|teamsize|p2|4\n|start\n|switch|p1a: Flamigo|Flamigo, L50, F, shiny|100/100\n|switch|p1b: Calyrex|Calyrex-Shadow, L50|100/100\n|switch|p2a: Zamazenta|Zamazenta-Crowned, L50|100/100\n|switch|p2b: Lunala|Lunala, L50|100/100\n|-ability|p1b: Calyrex|As One\n|-ability|p1b: Calyrex|Unnerve\n|-ability|p2a: Zamazenta|Dauntless Shield|boost\n|-boost|p2a: Zamazenta|def|1\n|turn|1\n|\n|t:|1768397149\n|-terastallize|p1b: Calyrex|Ghost\n|-terastallize|p2b: Lunala|Normal\n|move|p1a: Flamigo|Feint|p2b: Lunala\n|-damage|p2b: Lunala|96/100\n|move|p1b: Calyrex|Astral Barrage|p2a: Zamazenta|[spread] p2a\n|-immune|p2b: Lunala\n|-damage|p2a: Zamazenta|32/100\n|move|p2a: Zamazenta|Behemoth Bash|p1b: Calyrex\n|-damage|p1b: Calyrex|54/100\n|move|p2b: Lunala|Trick Room|p2b: Lunala\n|-fieldstart|move: Trick Room|[of] p2b: Lunala\n|\n|upkeep\n|turn|2\n|inactive|kojimuranishi has 30 seconds left.\n|\n|t:|1768397180\n|switch|p1b: Smeargle|Smeargle, L50, M, shiny|100/100\n|move|p2b: Lunala|Meteor Beam||[still]\n|-prepare|p2b: Lunala|Meteor Beam\n|-boost|p2b: Lunala|spa|1\n|-enditem|p2b: Lunala|Power Herb\n|-anim|p2b: Lunala|Meteor Beam|p1b: Smeargle\n|-enditem|p1b: Smeargle|Focus Sash\n|-damage|p1b: Smeargle|1/100\n|move|p1a: Flamigo|Close Combat|p2b: Lunala\n|-supereffective|p2b: Lunala\n|-damage|p2b: Lunala|0 fnt\n|-unboost|p1a: Flamigo|def|1\n|-unboost|p1a: Flamigo|spd|1\n|faint|p2b: Lunala\n|move|p2a: Zamazenta|Body Press|p1a: Flamigo\n|-resisted|p1a: Flamigo\n|-damage|p1a: Flamigo|30/100\n|\n|upkeep\n|\n|t:|1768397203\n|switch|p2b: Dragonite|Dragonite, L50, M|100/100\n|turn|3\n|\n|t:|1768397224\n|move|p1b: Smeargle|Fake Out|p2a: Zamazenta\n|-resisted|p2a: Zamazenta\n|-damage|p2a: Zamazenta|30/100\n|move|p1a: Flamigo|Upper Hand||[still]\n|-fail|p1a: Flamigo\n|move|p2b: Dragonite|Rock Slide|p1b: Smeargle|[spread] p1a,p1b\n|-damage|p1a: Flamigo|0 fnt\n|-damage|p1b: Smeargle|0 fnt\n|faint|p1a: Flamigo\n|faint|p1b: Smeargle\n|cant|p2a: Zamazenta|flinch\n|\n|upkeep\n|\n|t:|1768397234\n|switch|p1b: Koraidon|Koraidon, L50, shiny|100/100\n|switch|p1a: Calyrex|Calyrex-Shadow, L50, tera:Ghost|54/100\n|-ability|p1a: Calyrex|As One\n|-ability|p1a: Calyrex|Unnerve\n|-weather|SunnyDay|[from] ability: Orichalcum Pulse|[of] p1b: Koraidon\n|-activate|p1b: Koraidon|Orichalcum Pulse|[source]\n|turn|4\n|\n|t:|1768397248\n|move|p2b: Dragonite|Rock Slide|p1b: Koraidon|[spread] p1a,p1b\n|-resisted|p1b: Koraidon\n|-damage|p1a: Calyrex|12/100\n|-damage|p1b: Koraidon|88/100\n|move|p2a: Zamazenta|Behemoth Bash|p1a: Calyrex\n|-damage|p1a: Calyrex|0 fnt\n|faint|p1a: Calyrex\n|cant|p1b: Koraidon|flinch\n|\n|-weather|SunnyDay|[upkeep]\n|upkeep\n|turn|5\n|\n|t:|1768397262\n|move|p2b: Dragonite|Rock Slide|p1b: Koraidon\n|-resisted|p1b: Koraidon\n|-damage|p1b: Koraidon|70/100\n|move|p2a: Zamazenta|Body Press|p1b: Koraidon\n|-damage|p1b: Koraidon|14/100\n|cant|p1b: Koraidon|flinch\n|\n|-weather|SunnyDay|[upkeep]\n|-fieldend|move: Trick Room\n|upkeep\n|turn|6\n|-message|Indeedee Follow forfeited.\n|\n|win|kojimuranishi\n|raw|Indeedee Follow's rating: 1378 &rarr; <strong>1365</strong><br />(-13 for losing)\n|raw|kojimuranishi's rating: 1506 &rarr; <strong>1519</strong><br />(+13 for winning)\n|l|\u2606Indeedee Follow\n|player|p1|\n|l|\u2606kojimuranishi\n|player|p2|\n","uploadtime":1768397420,"views":17,"formatid":"gen9vgc2026regi","rating":1365,"private":0,"password":null}