{"id":"gen9vgc2026regi-2551765465","format":"[Gen 9] VGC 2026 Reg I","players":["Lewissquire","j0l0k0"],"log":"|j|\u2606Lewissquire\n|j|\u2606j0l0k0\n|t:|1772643355\n|gametype|doubles\n|player|p1|Lewissquire|102|1353\n|player|p2|j0l0k0|brycen|1507\n|gen|9\n|tier|[Gen 9] VGC 2026 Reg I\n|rated|\n|rule|Species Clause: Limit one of each Pok\u00e9mon\n|rule|Item Clause: Limit 1 of each item\n|clearpoke\n|poke|p1|Miraidon, L50|\n|poke|p1|Calyrex-Ice, L50|\n|poke|p1|Incineroar, L50, F|\n|poke|p1|Urshifu-*, L50, F|\n|poke|p1|Amoonguss, L50, F|\n|poke|p1|Walking Wake, L50|\n|poke|p2|Calyrex-Ice, L50|\n|poke|p2|Kyogre, L50|\n|poke|p2|Indeedee-F, L50, F|\n|poke|p2|Urshifu-*, L50, F|\n|poke|p2|Amoonguss, L50, F|\n|poke|p2|Landorus, L50, M|\n|teampreview|4\n|inactive|Battle timer is ON: inactive players will automatically lose when time's up. (requested by j0l0k0)\n|inactive|Lewissquire has 60 seconds left.\n|\n|t:|1772643391\n|teamsize|p1|4\n|teamsize|p2|4\n|start\n|switch|p1a: Walking Wake|Walking Wake, L50|100/100\n|switch|p1b: Calyrex|Calyrex-Ice, L50|100/100\n|switch|p2a: Kyogre|Kyogre, L50, shiny|100/100\n|switch|p2b: Landorus|Landorus, L50, M, shiny|100/100\n|-ability|p1b: Calyrex|As One\n|-ability|p1b: Calyrex|Unnerve\n|-weather|RainDance|[from] ability: Drizzle|[of] p2a: Kyogre\n|-enditem|p1a: Walking Wake|Booster Energy\n|-activate|p1a: Walking Wake|ability: Protosynthesis|[fromitem]\n|-start|p1a: Walking Wake|protosynthesisspe\n|turn|1\n|inactive|Lewissquire has 30 seconds left.\n|\n|t:|1772643416\n|-terastallize|p2b: Landorus|Steel\n|move|p1b: Calyrex|Protect|p1b: Calyrex\n|-singleturn|p1b: Calyrex|Protect\n|move|p1a: Walking Wake|Snarl|p2b: Landorus|[spread] p2a,p2b\n|-crit|p2a: Kyogre\n|-damage|p2a: Kyogre|91/100\n|-damage|p2b: Landorus|85/100\n|-unboost|p2a: Kyogre|spa|1\n|-unboost|p2b: Landorus|spa|1\n|move|p2b: Landorus|Sandsear Storm|p1a: Walking Wake|[spread] p1a\n|-activate|p1b: Calyrex|move: Protect\n|-damage|p1a: Walking Wake|49/100\n|move|p2a: Kyogre|Water Spout|p1b: Calyrex|[spread] p1a\n|-activate|p1b: Calyrex|move: Protect\n|-resisted|p1a: Walking Wake\n|-damage|p1a: Walking Wake|31/100\n|\n|-weather|RainDance|[upkeep]\n|upkeep\n|turn|2\n|\n|t:|1772643439\n|move|p1a: Walking Wake|Snarl|p2b: Landorus|[spread] p2a,p2b\n|-damage|p2a: Kyogre|85/100\n|-damage|p2b: Landorus|68/100\n|-unboost|p2a: Kyogre|spa|1\n|-unboost|p2b: Landorus|spa|1\n|move|p2b: Landorus|Sandsear Storm|p1a: Walking Wake|[spread] p1a,p1b\n|-damage|p1a: Walking Wake|0 fnt\n|-damage|p1b: Calyrex|81/100\n|faint|p1a: Walking Wake\n|-end|p1a: Walking Wake|Protosynthesis|[silent]\n|move|p2a: Kyogre|Water Spout|p1b: Calyrex\n|-damage|p1b: Calyrex|42/100\n|move|p1b: Calyrex|High Horsepower|p2b: Landorus\n|-supereffective|p2b: Landorus\n|-damage|p2b: Landorus|0 fnt\n|faint|p2b: Landorus\n|-ability|p1b: Calyrex|Chilling Neigh|boost\n|-boost|p1b: Calyrex|atk|1\n|\n|-weather|RainDance|[upkeep]\n|upkeep\n|\n|t:|1772643461\n|switch|p1a: Urshifu|Urshifu, L50, F|100/100\n|switch|p2b: Urshifu|Urshifu, L50, F|100/100\n|turn|3\n|\n|t:|1772643484\n|switch|p1b: Miraidon|Miraidon, L50|100/100\n|-fieldstart|move: Electric Terrain|[from] ability: Hadron Engine|[of] p1b: Miraidon\n|-terastallize|p1a: Urshifu|Poison\n|move|p2b: Urshifu|Wicked Blow|p1b: Miraidon\n|-crit|p1b: Miraidon\n|-damage|p1b: Miraidon|48/100\n|move|p1a: Urshifu|Close Combat|p2b: Urshifu\n|-supereffective|p2b: Urshifu\n|-enditem|p2b: Urshifu|Focus Sash\n|-damage|p2b: Urshifu|1/100\n|-unboost|p1a: Urshifu|def|1\n|-unboost|p1a: Urshifu|spd|1\n|move|p2a: Kyogre|Hydro Pump|p1a: Urshifu\n|-damage|p1a: Urshifu|1/100\n|\n|-weather|RainDance|[upkeep]\n|upkeep\n|turn|4\n|inactive|j0l0k0 has 30 seconds left.\n|\n|t:|1772643514\n|switch|p1a: Calyrex|Calyrex-Ice, L50|42/100\n|-ability|p1a: Calyrex|As One\n|-ability|p1a: Calyrex|Unnerve\n|move|p1b: Miraidon|Snarl|p2b: Urshifu|[spread] p2a,p2b\n|-resisted|p2b: Urshifu\n|-damage|p2a: Kyogre|75/100\n|-damage|p2b: Urshifu|0 fnt\n|-unboost|p2a: Kyogre|spa|1\n|faint|p2b: Urshifu\n|move|p2a: Kyogre|Thunder|p1a: Calyrex\n|-damage|p1a: Calyrex|26/100\n|\n|-weather|RainDance|[upkeep]\n|upkeep\n|\n|t:|1772643523\n|switch|p2b: Calyrex|Calyrex-Ice, L50|100/100\n|-ability|p2b: Calyrex|As One\n|-ability|p2b: Calyrex|Unnerve\n|turn|5\n|inactive|Lewissquire has 30 seconds left.\n|inactive|j0l0k0 has 30 seconds left.\n|\n|t:|1772643557\n|move|p1b: Miraidon|Snarl|p2a: Kyogre|[spread] p2a,p2b\n|-supereffective|p2b: Calyrex\n|-damage|p2a: Kyogre|66/100\n|-damage|p2b: Calyrex|69/100\n|-unboost|p2a: Kyogre|spa|1\n|move|p2a: Kyogre|Ice Beam|p1b: Miraidon\n|-supereffective|p1b: Miraidon\n|-damage|p1b: Miraidon|25/100\n|move|p1a: Calyrex|Glacial Lance|p2b: Calyrex|[spread] p2a,p2b\n|-resisted|p2a: Kyogre\n|-resisted|p2b: Calyrex\n|-damage|p2a: Kyogre|41/100\n|-damage|p2b: Calyrex|50/100\n|move|p2b: Calyrex|Trick Room|p2b: Calyrex\n|-fieldstart|move: Trick Room|[of] p2b: Calyrex\n|\n|-weather|none\n|upkeep\n|turn|6\n|\n|t:|1772643571\n|move|p1a: Calyrex|Glacial Lance|p2b: Calyrex|[spread] p2a,p2b\n|-resisted|p2a: Kyogre\n|-resisted|p2b: Calyrex\n|-damage|p2a: Kyogre|16/100\n|-damage|p2b: Calyrex|33/100\n|move|p2b: Calyrex|Glacial Lance|p1b: Miraidon|[spread] p1a,p1b\n|-resisted|p1a: Calyrex\n|-supereffective|p1b: Miraidon\n|-damage|p1a: Calyrex|9/100\n|-damage|p1b: Miraidon|0 fnt\n|faint|p1b: Miraidon\n|-ability|p2b: Calyrex|Chilling Neigh|boost\n|-boost|p2b: Calyrex|atk|1\n|move|p2a: Kyogre|Ice Beam|p1a: Calyrex\n|-resisted|p1a: Calyrex\n|-damage|p1a: Calyrex|5/100\n|\n|upkeep\n|j| fukan123\n|\n|t:|1772643575\n|switch|p1b: Urshifu|Urshifu, L50, F, tera:Poison|1/100\n|turn|7\n|\n|t:|1772643589\n|move|p1b: Urshifu|Sucker Punch|p2b: Calyrex\n|-supereffective|p2b: Calyrex\n|-damage|p2b: Calyrex|0 fnt\n|faint|p2b: Calyrex\n|move|p1a: Calyrex|Glacial Lance|p2a: Kyogre\n|-resisted|p2a: Kyogre\n|-damage|p2a: Kyogre|0 fnt\n|faint|p2a: Kyogre\n|\n|win|Lewissquire\n|raw|Lewissquire's rating: 1353 &rarr; <strong>1381</strong><br />(+28 for winning)\n|raw|j0l0k0's rating: 1507 &rarr; <strong>1479</strong><br />(-28 for losing)\n|l|\u2606j0l0k0\n|player|p2|\n","uploadtime":1772643619,"views":13,"formatid":"gen9vgc2026regi","rating":1381,"private":0,"password":null}