{"id":"gen9vgc2026regi-2573616067","format":"[Gen 9] VGC 2026 Reg I","players":["EllenJoe2026","qingyunyunyun"],"log":"|j|\u2606EllenJoe2026\n|j|\u2606qingyunyunyun\n|t:|1775151116\n|gametype|doubles\n|player|p1|EllenJoe2026|elesa|1450\n|player|p2|qingyunyunyun|ghetsis|1442\n|gen|9\n|tier|[Gen 9] VGC 2026 Reg I\n|rated|\n|rule|Species Clause: Limit one of each Pok\u00e9mon\n|rule|Item Clause: Limit 1 of each item\n|clearpoke\n|poke|p1|Calyrex-Shadow, L50|\n|poke|p1|Zamazenta-*, L50|\n|poke|p1|Incineroar, L50, F|\n|poke|p1|Rillaboom, L50, F|\n|poke|p1|Ogerpon-Cornerstone, L50, F|\n|poke|p1|Tornadus, L50, M|\n|poke|p2|Calyrex-Ice, L50|\n|poke|p2|Smeargle, L50, M|\n|poke|p2|Indeedee-F, L50, F|\n|poke|p2|Miraidon, L50|\n|poke|p2|Iron Valiant, L50|\n|poke|p2|Ninetales-Alola, L50, F|\n|teampreview|4\n|inactive|Battle timer is ON: inactive players will automatically lose when time's up. (requested by EllenJoe2026)\n|inactive|qingyunyunyun also wants the timer to be on.\n|inactive|qingyunyunyun has 60 seconds left.\n|\n|t:|1775151148\n|teamsize|p1|4\n|teamsize|p2|4\n|start\n|switch|p1a: Incineroar|Incineroar, L50, F, shiny|100/100\n|switch|p1b: Calyrex|Calyrex-Shadow, L50|100/100\n|switch|p2a: Calyrex|Calyrex-Ice, L50|100/100\n|switch|p2b: Miraidon|Miraidon, L50|100/100\n|-ability|p1b: Calyrex|As One\n|-ability|p1b: Calyrex|Unnerve\n|-ability|p2a: Calyrex|As One\n|-ability|p2a: Calyrex|Unnerve\n|-fieldstart|move: Electric Terrain|[from] ability: Hadron Engine|[of] p2b: Miraidon\n|-ability|p1a: Incineroar|Intimidate|boost\n|-unboost|p2a: Calyrex|atk|1\n|-unboost|p2b: Miraidon|atk|1\n|turn|1\n|inactive|EllenJoe2026 has 30 seconds left.\n|inactive|EllenJoe2026 has 20 seconds left.\n|\n|t:|1775151186\n|-terastallize|p2a: Calyrex|Ice\n|move|p1a: Incineroar|Fake Out|p2b: Miraidon\n|-damage|p2b: Miraidon|90/100\n|cant|p2b: Miraidon|flinch\n|move|p1b: Calyrex|Nasty Plot|p1b: Calyrex\n|-boost|p1b: Calyrex|spa|2\n|move|p2a: Calyrex|Glacial Lance|p1a: Incineroar|[spread] p1a,p1b\n|-resisted|p1a: Incineroar\n|-damage|p1a: Incineroar|86/100\n|-damage|p1b: Calyrex|54/100\n|\n|upkeep\n|turn|2\n|inactive|qingyunyunyun has 30 seconds left.\n|inactive|qingyunyunyun has 20 seconds left.\n|inactive|qingyunyunyun has 15 seconds left.\n|inactive|qingyunyunyun has 10 seconds left.\n|inactive|qingyunyunyun has 5 seconds left.\n|\n|t:|1775151241\n|move|p1b: Calyrex|Protect|p1b: Calyrex\n|-singleturn|p1b: Calyrex|Protect\n|move|p2b: Miraidon|Draco Meteor|p1b: Calyrex\n|-activate|p1b: Calyrex|move: Protect\n|move|p1a: Incineroar|Parting Shot|p2a: Calyrex\n|-unboost|p2a: Calyrex|atk|1\n|-unboost|p2a: Calyrex|spa|1\n|l|\u2606qingyunyunyun\n|inactive|qingyunyunyun disconnected and has a minute to reconnect!\n|player|p2|\n|\n|t:|1775151255\n|switch|p1a: Rillaboom|Rillaboom, L50, F, shiny|100/100|[from] Parting Shot\n|-fieldstart|move: Grassy Terrain|[from] ability: Grassy Surge|[of] p1a: Rillaboom\n|move|p2a: Calyrex|Glacial Lance|p1a: Rillaboom|[spread] p1a\n|-activate|p1b: Calyrex|move: Protect\n|-supereffective|p1a: Rillaboom\n|-damage|p1a: Rillaboom|40/100\n|\n|-heal|p2b: Miraidon|96/100|[from] Grassy Terrain\n|-heal|p1b: Calyrex|60/100|[from] Grassy Terrain\n|-heal|p1a: Rillaboom|46/100|[from] Grassy Terrain\n|upkeep\n|turn|3\n|j|\u2606qingyunyunyun\n|inactive|qingyunyunyun reconnected and has 50 seconds left.\n|player|p2|qingyunyunyun|ghetsis|\n|\n|t:|1775151274\n|move|p1a: Rillaboom|Fake Out|p2b: Miraidon\n|-damage|p2b: Miraidon|83/100\n|cant|p2b: Miraidon|flinch\n|move|p1b: Calyrex|Astral Barrage|p2a: Calyrex|[spread] p2a,p2b\n|-damage|p2a: Calyrex|43/100\n|-damage|p2b: Miraidon|0 fnt\n|faint|p2b: Miraidon\n|-ability|p1b: Calyrex|Grim Neigh|boost\n|-boost|p1b: Calyrex|spa|1\n|-damage|p1b: Calyrex|50/100|[from] item: Life Orb\n|move|p2a: Calyrex|Glacial Lance|p1a: Rillaboom|[spread] p1a,p1b\n|-supereffective|p1a: Rillaboom\n|-damage|p1a: Rillaboom|0 fnt\n|-damage|p1b: Calyrex|19/100\n|faint|p1a: Rillaboom\n|-ability|p2a: Calyrex|Chilling Neigh|boost\n|-boost|p2a: Calyrex|atk|1\n|\n|-heal|p1b: Calyrex|25/100|[from] Grassy Terrain\n|-heal|p2a: Calyrex|49/100|[from] Grassy Terrain\n|upkeep\n|l|\u2606EllenJoe2026\n|inactive|EllenJoe2026 disconnected and has a minute to reconnect!\n|player|p1|\n|inactive|EllenJoe2026 has 30 seconds left.\n|inactive|EllenJoe2026 has 20 seconds left.\n|j|\u2606EllenJoe2026\n|inactive|EllenJoe2026 reconnected and has 20 seconds left.\n|player|p1|EllenJoe2026|elesa|\n|inactive|EllenJoe2026 has 15 seconds left.\n|\n|t:|1775151318\n|switch|p2b: Iron Valiant|Iron Valiant, L50|100/100\n|switch|p1a: Incineroar|Incineroar, L50, F, shiny|86/100\n|-ability|p1a: Incineroar|Intimidate|boost\n|-unboost|p2a: Calyrex|atk|1\n|-unboost|p2b: Iron Valiant|atk|1\n|-enditem|p2b: Iron Valiant|Booster Energy\n|-activate|p2b: Iron Valiant|ability: Quark Drive|[fromitem]\n|-start|p2b: Iron Valiant|quarkdrivespe\n|turn|4\n|\n|t:|1775151330\n|switch|p2a: Ninetales|Ninetales-Alola, L50, F|100/100\n|-weather|Snowscape|[from] ability: Snow Warning|[of] p2a: Ninetales\n|move|p2b: Iron Valiant|Protect|p2b: Iron Valiant\n|-singleturn|p2b: Iron Valiant|Protect\n|move|p1b: Calyrex|Protect|p1b: Calyrex\n|-singleturn|p1b: Calyrex|Protect\n|move|p1a: Incineroar|Taunt|p2b: Iron Valiant\n|-activate|p2b: Iron Valiant|move: Protect\n|\n|-weather|Snowscape|[upkeep]\n|-heal|p1b: Calyrex|31/100|[from] Grassy Terrain\n|-heal|p1a: Incineroar|92/100|[from] Grassy Terrain\n|upkeep\n|turn|5\n|inactive|qingyunyunyun has 30 seconds left.\n|\n|t:|1775151358\n|switch|p1b: Zamazenta|Zamazenta-Crowned, L50, shiny|100/100\n|-ability|p1b: Zamazenta|Dauntless Shield|boost\n|-boost|p1b: Zamazenta|def|1\n|move|p2b: Iron Valiant|Encore||[still]\n|-fail|p2b: Iron Valiant\n|move|p2a: Ninetales|Encore|p1a: Incineroar\n|-start|p1a: Incineroar|Encore\n|move|p1a: Incineroar|Taunt|p2b: Iron Valiant\n|-start|p2b: Iron Valiant|move: Taunt\n|\n|-weather|Snowscape|[upkeep]\n|-heal|p1a: Incineroar|98/100|[from] Grassy Terrain\n|upkeep\n|turn|6\n|\n|t:|1775151390\n|-end|p2b: Iron Valiant|Quark Drive|[silent]\n|switch|p2b: Calyrex|Calyrex-Ice, L50, tera:Ice|49/100\n|-ability|p2b: Calyrex|As One\n|-ability|p2b: Calyrex|Unnerve\n|move|p2a: Ninetales|Tail Whip|p1a: Incineroar|[spread] p1a,p1b\n|-unboost|p1a: Incineroar|def|1\n|-unboost|p1b: Zamazenta|def|1\n|move|p1b: Zamazenta|Heavy Slam|p2b: Calyrex\n|-supereffective|p2b: Calyrex\n|-damage|p2b: Calyrex|37/100\n|move|p1a: Incineroar|Taunt|p2a: Ninetales\n|-start|p2a: Ninetales|move: Taunt\n|\n|-weather|Snowscape|[upkeep]\n|-heal|p1a: Incineroar|100/100|[from] Grassy Terrain\n|-heal|p2b: Calyrex|43/100|[from] Grassy Terrain\n|-fieldend|move: Grassy Terrain\n|upkeep\n|turn|7\n|j| iamanewbie2\n|inactive|qingyunyunyun has 30 seconds left.\n|\n|t:|1775151417\n|switch|p2b: Iron Valiant|Iron Valiant, L50|100/100\n|move|p2a: Ninetales|Moonblast|p1b: Zamazenta\n|-damage|p1b: Zamazenta|83/100\n|move|p1b: Zamazenta|Heavy Slam|p2a: Ninetales\n|-supereffective|p2a: Ninetales\n|-damage|p2a: Ninetales|0 fnt\n|faint|p2a: Ninetales\n|move|p1a: Incineroar|Taunt|p2b: Iron Valiant\n|-start|p2b: Iron Valiant|move: Taunt\n|\n|-weather|Snowscape|[upkeep]\n|-end|p1a: Incineroar|Encore\n|upkeep\n|\n|t:|1775151426\n|switch|p2a: Calyrex|Calyrex-Ice, L50, tera:Ice|43/100\n|-ability|p2a: Calyrex|As One\n|-ability|p2a: Calyrex|Unnerve\n|turn|8\n|-message|qingyunyunyun forfeited.\n|\n|win|EllenJoe2026\n|raw|EllenJoe2026's rating: 1450 &rarr; <strong>1470</strong><br />(+20 for winning)\n|raw|qingyunyunyun's rating: 1442 &rarr; <strong>1422</strong><br />(-20 for losing)\n|l|\u2606qingyunyunyun\n|player|p2|\n|l|\u2606EllenJoe2026\n|player|p1|\n|l| iamanewbie2\n","uploadtime":1775151677,"views":12,"formatid":"gen9vgc2026regi","rating":1422,"private":0,"password":null}