{"id":"gen9vgc2026regi-2563103078","format":"[Gen 9] VGC 2026 Reg I","players":["theminesoftagawa","TheManOfSausage"],"log":"|j|\u2606theminesoftagawa\n|j|\u2606TheManOfSausage\n|t:|1773986058\n|gametype|doubles\n|player|p1|theminesoftagawa|169|1400\n|player|p2|TheManOfSausage|miku-water|1496\n|gen|9\n|tier|[Gen 9] VGC 2026 Reg I\n|rated|\n|rule|Species Clause: Limit one of each Pok\u00e9mon\n|rule|Item Clause: Limit 1 of each item\n|clearpoke\n|poke|p1|Koraidon, L50|\n|poke|p1|Lunala, L50|\n|poke|p1|Flutter Mane, L50|\n|poke|p1|Brute Bonnet, L50|\n|poke|p1|Chi-Yu, L50|\n|poke|p1|Ursaluna, L50, F|\n|poke|p2|Calyrex-Ice, L50|\n|poke|p2|Miraidon, L50|\n|poke|p2|Ogerpon-Cornerstone, L50, F|\n|poke|p2|Volcarona, L50, M|\n|poke|p2|Urshifu-*, L50, M|\n|poke|p2|Grimmsnarl, L50, M|\n|teampreview|4\n|inactive|Battle timer is ON: inactive players will automatically lose when time's up. (requested by theminesoftagawa)\nTheManOfSausage has agreed to open team sheets.\n|\n|t:|1773986086\n|teamsize|p1|4\n|teamsize|p2|4\n|start\n|switch|p1a: Lunala|Lunala, L50, shiny|100/100\n|switch|p1b: Flutter Mane|Flutter Mane, L50, shiny|100/100\n|switch|p2a: Magical Mirai|Miraidon, L50|100/100\n|switch|p2b: Grimmsnarl|Grimmsnarl, L50, M, shiny|100/100\n|-fieldstart|move: Electric Terrain|[from] ability: Hadron Engine|[of] p2a: Magical Mirai\n|turn|1\n|\n|t:|1773986106\n|move|p2b: Grimmsnarl|Light Screen|p2b: Grimmsnarl\n|-sidestart|p2: TheManOfSausage|move: Light Screen\n|move|p1b: Flutter Mane|Shadow Ball|p2a: Magical Mirai\n|-crit|p2a: Magical Mirai\n|-damage|p2a: Magical Mirai|48/100\n|move|p2a: Magical Mirai|Volt Switch|p1a: Lunala\n|-damage|p1a: Lunala|67/100\n|\n|t:|1773986112\n|switch|p2a: Ogurin|Calyrex-Ice, L50|100/100|[from] Volt Switch\n|-ability|p2a: Ogurin|As One\n|-ability|p2a: Ogurin|Unnerve\n|move|p1a: Lunala|Meteor Beam||[still]\n|-prepare|p1a: Lunala|Meteor Beam\n|-boost|p1a: Lunala|spa|1\n|-enditem|p1a: Lunala|Power Herb\n|-anim|p1a: Lunala|Meteor Beam|p2a: Ogurin\n|-supereffective|p2a: Ogurin\n|-damage|p2a: Ogurin|39/100\n|\n|upkeep\n|turn|2\n|inactive|theminesoftagawa has 30 seconds left.\n|\n|t:|1773986138\n|move|p2a: Ogurin|Protect|p2a: Ogurin\n|-singleturn|p2a: Ogurin|Protect\n|move|p1b: Flutter Mane|Shadow Ball|p2a: Ogurin\n|-activate|p2a: Ogurin|move: Protect\n|move|p1a: Lunala|Moongeist Beam|p2a: Ogurin\n|-activate|p2a: Ogurin|move: Protect\n|move|p2b: Grimmsnarl|Spirit Break|p1b: Flutter Mane\n|-damage|p1b: Flutter Mane|37/100\n|-unboost|p1b: Flutter Mane|spa|1\n|\n|upkeep\n|turn|3\n|\n|t:|1773986146\n|switch|p2a: Volcarona|Volcarona, L50, M|100/100\n|-enditem|p2a: Volcarona|Electric Seed\n|-boost|p2a: Volcarona|def|1|[from] item: Electric Seed\n|move|p1b: Flutter Mane|Moonblast|p2b: Grimmsnarl\n|-supereffective|p2b: Grimmsnarl\n|-crit|p2b: Grimmsnarl\n|-damage|p2b: Grimmsnarl|0 fnt\n|faint|p2b: Grimmsnarl\n|move|p1a: Lunala|Moongeist Beam|p2a: Volcarona\n|-damage|p2a: Volcarona|48/100\n|\n|upkeep\n|\n|t:|1773986157\n|switch|p2b: Magical Mirai|Miraidon, L50|48/100\n|-activate|p2b: Magical Mirai|ability: Hadron Engine\n|turn|4\n|\n|t:|1773986173\n|move|p1b: Flutter Mane|Moonblast|p2b: Magical Mirai\n|-supereffective|p2b: Magical Mirai\n|-damage|p2b: Magical Mirai|10/100\n|-unboost|p2b: Magical Mirai|spa|1\n|move|p2b: Magical Mirai|Volt Switch|p1a: Lunala\n|-damage|p1a: Lunala|22/100\n|\n|t:|1773986176\n|switch|p2b: Ogurin|Calyrex-Ice, L50|39/100|[from] Volt Switch\n|-ability|p2b: Ogurin|As One\n|-ability|p2b: Ogurin|Unnerve\n|move|p2a: Volcarona|Quiver Dance|p2a: Volcarona\n|-boost|p2a: Volcarona|spa|1\n|-boost|p2a: Volcarona|spd|1\n|-boost|p2a: Volcarona|spe|1\n|move|p1a: Lunala|Trick Room|p1a: Lunala\n|-fieldstart|move: Trick Room|[of] p1a: Lunala\n|\n|upkeep\n|turn|5\n|\n|t:|1773986192\n|move|p1a: Lunala|Wide Guard|p1a: Lunala\n|-singleturn|p1a: Lunala|Wide Guard\n|move|p2b: Ogurin|High Horsepower|p1a: Lunala\n|-damage|p1a: Lunala|0 fnt\n|faint|p1a: Lunala\n|-ability|p2b: Ogurin|Chilling Neigh|boost\n|-boost|p2b: Ogurin|atk|1\n|move|p1b: Flutter Mane|Shadow Ball|p2b: Ogurin\n|-supereffective|p2b: Ogurin\n|-damage|p2b: Ogurin|15/100\n|move|p2a: Volcarona|Fiery Dance|p1b: Flutter Mane\n|-damage|p1b: Flutter Mane|0 fnt\n|-boost|p2a: Volcarona|spa|1\n|faint|p1b: Flutter Mane\n|-end|p1b: Flutter Mane|Protosynthesis|[silent]\n|\n|-fieldend|move: Electric Terrain\n|upkeep\n|\n|t:|1773986197\n|switch|p1a: Brute Bonnet|Brute Bonnet, L50, shiny|100/100\n|switch|p1b: Ursaluna|Ursaluna, L50, F, shiny|100/100\n|-enditem|p1a: Brute Bonnet|Booster Energy\n|-activate|p1a: Brute Bonnet|ability: Protosynthesis|[fromitem]\n|-start|p1a: Brute Bonnet|protosynthesisdef\n|turn|6\n|inactive|theminesoftagawa has 30 seconds left.\n|inactive|TheManOfSausage has 30 seconds left.\n|\n|t:|1773986231\n|-terastallize|p1a: Brute Bonnet|Water\n|-terastallize|p2a: Volcarona|Grass\n|move|p1b: Ursaluna|Protect|p1b: Ursaluna\n|-singleturn|p1b: Ursaluna|Protect\n|move|p1a: Brute Bonnet|Sucker Punch|p2b: Ogurin\n|-supereffective|p2b: Ogurin\n|-damage|p2b: Ogurin|0 fnt\n|faint|p2b: Ogurin\n|move|p2a: Volcarona|Fiery Dance|p1a: Brute Bonnet\n|-resisted|p1a: Brute Bonnet\n|-damage|p1a: Brute Bonnet|64/100\n|-boost|p2a: Volcarona|spa|1\n|\n|-status|p1b: Ursaluna|brn|[from] item: Flame Orb\n|upkeep\n|\n|t:|1773986236\n|switch|p2b: Magical Mirai|Miraidon, L50|10/100\n|-fieldstart|move: Electric Terrain|[from] ability: Hadron Engine|[of] p2b: Magical Mirai\n|turn|7\n|\n|t:|1773986250\n|move|p1a: Brute Bonnet|Sucker Punch|p2b: Magical Mirai\n|-damage|p2b: Magical Mirai|0 fnt\n|faint|p2b: Magical Mirai\n|move|p1b: Ursaluna|Facade|p2a: Volcarona\n|-damage|p2a: Volcarona|0 fnt\n|faint|p2a: Volcarona\n|\n|win|theminesoftagawa\n|raw|theminesoftagawa's rating: 1400 &rarr; <strong>1425</strong><br />(+25 for winning)\n|raw|TheManOfSausage's rating: 1496 &rarr; <strong>1471</strong><br />(-25 for losing)\n|c|\u2606TheManOfSausage|gg\n|l|\u2606TheManOfSausage\n|player|p2|\n|l|\u2606theminesoftagawa\n|player|p1|\n","uploadtime":1773986494,"views":15,"formatid":"gen9vgc2026regi","rating":1425,"private":0,"password":null}