{"id":"gen9vgc2026regi-2562773308","format":"[Gen 9] VGC 2026 Reg I","players":["orudbeck","JoeBro8"],"log":"|j|\u2606orudbeck\n|j|\u2606JoeBro8\n|t:|1773948635\n|gametype|doubles\n|player|p1|orudbeck|170|1273\n|player|p2|JoeBro8|n|1339\n|gen|9\n|tier|[Gen 9] VGC 2026 Reg I\n|rated|\n|rule|Species Clause: Limit one of each Pok\u00e9mon\n|rule|Item Clause: Limit 1 of each item\n|clearpoke\n|poke|p1|Chi-Yu, L50|\n|poke|p1|Kyurem-White, L50|\n|poke|p1|Ninetales-Alola, L50, M|\n|poke|p1|Zacian-*, L50|\n|poke|p1|Farigiraf, L50, F|\n|poke|p1|Landorus, L50, M|\n|poke|p2|Koraidon, L50|\n|poke|p2|Flutter Mane, L50|\n|poke|p2|Chi-Yu, L50|\n|poke|p2|Lunala, L50|\n|poke|p2|Ursaluna, L50, M|\n|poke|p2|Brute Bonnet, L50|\n|teampreview|4\n|\n|t:|1773948670\n|teamsize|p1|4\n|teamsize|p2|4\n|start\n|switch|p1a: Zacian|Zacian-Crowned, L50|100/100\n|switch|p1b: Chi-Yu|Chi-Yu, L50|100/100\n|switch|p2a: Flutter Mane|Flutter Mane, L50|100/100\n|switch|p2b: Chi-Yu|Chi-Yu, L50|100/100\n|-ability|p1b: Chi-Yu|Beads of Ruin\n|-ability|p2b: Chi-Yu|Beads of Ruin\n|-ability|p1a: Zacian|Intrepid Sword|boost\n|-boost|p1a: Zacian|atk|1\n|turn|1\n|\n|t:|1773948705\n|-terastallize|p1a: Zacian|Fairy\n|move|p1b: Chi-Yu|Heat Wave|p2a: Flutter Mane|[spread] p2a,p2b\n|-resisted|p2b: Chi-Yu\n|-damage|p2a: Flutter Mane|42/100\n|-damage|p2b: Chi-Yu|77/100\n|move|p2b: Chi-Yu|Heat Wave|p1b: Chi-Yu|[spread] p1a,p1b\n|-resisted|p1b: Chi-Yu\n|-damage|p1a: Zacian|54/100\n|-damage|p1b: Chi-Yu|77/100\n|-status|p1a: Zacian|brn\n|move|p1a: Zacian|Close Combat|p2b: Chi-Yu\n|-supereffective|p2b: Chi-Yu\n|-damage|p2b: Chi-Yu|0 fnt\n|-unboost|p1a: Zacian|def|1\n|-unboost|p1a: Zacian|spd|1\n|faint|p2b: Chi-Yu\n|move|p2a: Flutter Mane|Icy Wind|p1b: Chi-Yu|[spread] p1a,p1b\n|-resisted|p1b: Chi-Yu\n|-damage|p1a: Zacian|24/100 brn\n|-damage|p1b: Chi-Yu|68/100\n|-unboost|p1a: Zacian|spe|1\n|-unboost|p1b: Chi-Yu|spe|1\n|\n|-damage|p1a: Zacian|18/100 brn|[from] brn\n|upkeep\n|\n|t:|1773948730\n|switch|p2b: Lunala|Lunala, L50|100/100\n|turn|2\n|\n|t:|1773948745\n|move|p2b: Lunala|Wide Guard|p2b: Lunala\n|-singleturn|p2b: Lunala|Wide Guard\n|move|p2a: Flutter Mane|Moonblast|p1a: Zacian\n|-damage|p1a: Zacian|0 fnt\n|faint|p1a: Zacian\n|move|p1b: Chi-Yu|Heat Wave|p2b: Lunala|[spread] \n|-activate|p2a: Flutter Mane|move: Wide Guard\n|-activate|p2b: Lunala|move: Wide Guard\n|\n|upkeep\n|\n|t:|1773948752\n|switch|p1a: Ninetales|Ninetales-Alola, L50, M|100/100\n|-weather|Snowscape|[from] ability: Snow Warning|[of] p1a: Ninetales\n|turn|3\n|\n|t:|1773948764\n|move|p2a: Flutter Mane|Taunt|p1a: Ninetales\n|-start|p1a: Ninetales|move: Taunt\n|move|p1a: Ninetales|Moonblast|p2a: Flutter Mane\n|-damage|p2a: Flutter Mane|0 fnt\n|faint|p2a: Flutter Mane\n|-end|p2a: Flutter Mane|Protosynthesis|[silent]\n|move|p1b: Chi-Yu|Heat Wave|p2b: Lunala\n|-damage|p2b: Lunala|77/100\n|-status|p2b: Lunala|brn\n|move|p2b: Lunala|Meteor Beam||[still]\n|-prepare|p2b: Lunala|Meteor Beam\n|-boost|p2b: Lunala|spa|1\n|-enditem|p2b: Lunala|Power Herb\n|-anim|p2b: Lunala|Meteor Beam|p1b: Chi-Yu\n|-supereffective|p1b: Chi-Yu\n|-damage|p1b: Chi-Yu|0 fnt\n|faint|p1b: Chi-Yu\n|\n|-weather|Snowscape|[upkeep]\n|-damage|p2b: Lunala|71/100 brn|[from] brn\n|upkeep\n|\n|t:|1773948772\n|switch|p2a: Koraidon|Koraidon, L50|100/100\n|switch|p1b: Kyurem|Kyurem-White, L50|100/100\n|-weather|SunnyDay|[from] ability: Orichalcum Pulse|[of] p2a: Koraidon\n|-activate|p2a: Koraidon|Orichalcum Pulse|[source]\n|-ability|p1b: Kyurem|Turboblaze\n|turn|4\n|\n|t:|1773948802\n|-terastallize|p2a: Koraidon|Fire\n|move|p2a: Koraidon|Close Combat|p1b: Kyurem\n|-supereffective|p1b: Kyurem\n|-damage|p1b: Kyurem|0 fnt\n|-unboost|p2a: Koraidon|def|1\n|-unboost|p2a: Koraidon|spd|1\n|faint|p1b: Kyurem\n|-damage|p2a: Koraidon|91/100|[from] item: Life Orb\n|move|p1a: Ninetales|Moonblast|p2b: Lunala\n|-damage|p2b: Lunala|47/100 brn\n|-unboost|p2b: Lunala|spa|1\n|move|p2b: Lunala|Moongeist Beam|p1a: Ninetales\n|-damage|p1a: Ninetales|33/100\n|\n|-weather|SunnyDay|[upkeep]\n|-damage|p2b: Lunala|41/100 brn|[from] brn\n|upkeep\n|turn|5\n|-message|orudbeck forfeited.\n|\n|win|JoeBro8\n|raw|orudbeck's rating: 1273 &rarr; <strong>1253</strong><br />(-20 for losing)\n|raw|JoeBro8's rating: 1339 &rarr; <strong>1355</strong><br />(+16 for winning)\n|l|\u2606orudbeck\n|player|p1|\n","uploadtime":1773948809,"views":10,"formatid":"gen9vgc2026regi","rating":1253,"private":0,"password":null}