{"id":"gen9vgc2026regi-2540072494","format":"[Gen 9] VGC 2026 Reg I","players":["dymanacks","SEITA"],"log":"|j|\u2606dymanacks\n|j|\u2606SEITA\n|t:|1771156908\n|gametype|doubles\n|player|p1|dymanacks|ninjaboy|1356\n|player|p2|SEITA|lucas-gen4pt|1507\n|gen|9\n|tier|[Gen 9] VGC 2026 Reg I\n|rated|\n|rule|Species Clause: Limit one of each Pok\u00e9mon\n|rule|Item Clause: Limit 1 of each item\n|clearpoke\n|poke|p1|Koraidon, L50|\n|poke|p1|Calyrex-Ice, L50|\n|poke|p1|Regieleki, L50|\n|poke|p1|Arboliva, L50, F|\n|poke|p1|Incineroar, L50, F|\n|poke|p1|Urshifu-*, L50, F|\n|poke|p2|Zamazenta-*, L50|\n|poke|p2|Kyogre, L50|\n|poke|p2|Wo-Chien, L50|\n|poke|p2|Grimmsnarl, L50, M|\n|poke|p2|Rhyperior, L50, M|\n|poke|p2|Ditto, L50|\n|teampreview|4\n|j| westtail_VGC\n|\n|t:|1771156933\n|teamsize|p1|4\n|teamsize|p2|4\n|start\n|switch|p1a: Calyrex|Calyrex-Ice, L50|100/100\n|switch|p1b: Urshifu|Urshifu-Rapid-Strike, L50, F|100/100\n|switch|p2a: Grimmsnarl|Grimmsnarl, L50, M|100/100\n|switch|p2b: Zamazenta|Zamazenta-Crowned, L50|100/100\n|-ability|p1a: Calyrex|As One\n|-ability|p1a: Calyrex|Unnerve\n|-ability|p2b: Zamazenta|Dauntless Shield|boost\n|-boost|p2b: Zamazenta|def|1\n|turn|1\n|\n|t:|1771156952\n|-terastallize|p1a: Calyrex|Water\n|move|p2a: Grimmsnarl|Reflect|p2a: Grimmsnarl\n|-sidestart|p2: SEITA|Reflect\n|move|p1b: Urshifu|Coaching|p1a: Calyrex\n|-boost|p1a: Calyrex|atk|1\n|-boost|p1a: Calyrex|def|1\n|move|p2b: Zamazenta|Body Press|p1b: Urshifu\n|-damage|p1b: Urshifu|35/100\n|move|p1a: Calyrex|Trick Room|p1a: Calyrex\n|-fieldstart|move: Trick Room|[of] p1a: Calyrex\n|\n|upkeep\n|turn|2\n|\n|t:|1771156972\n|move|p1a: Calyrex|Leech Seed|p2b: Zamazenta\n|-start|p2b: Zamazenta|move: Leech Seed\n|move|p2a: Grimmsnarl|Spirit Break|p1b: Urshifu\n|-supereffective|p1b: Urshifu\n|-damage|p1b: Urshifu|0 fnt\n|faint|p1b: Urshifu\n|move|p2b: Zamazenta|Iron Defense|p2b: Zamazenta\n|-boost|p2b: Zamazenta|def|2\n|\n|-damage|p2b: Zamazenta|88/100|[from] Leech Seed|[of] p1a: Calyrex\n|upkeep\n|\n|t:|1771156980\n|switch|p1b: Arboliva|Arboliva, L50, F|100/100\n|turn|3\n|\n|t:|1771156995\n|move|p2a: Grimmsnarl|Light Screen|p2a: Grimmsnarl\n|-sidestart|p2: SEITA|move: Light Screen\n|move|p1b: Arboliva|Earth Power|p2b: Zamazenta\n|-supereffective|p2b: Zamazenta\n|-damage|p2b: Zamazenta|56/100\n|move|p1a: Calyrex|Glacial Lance|p2b: Zamazenta|[spread] p2a,p2b\n|-resisted|p2b: Zamazenta\n|-damage|p2a: Grimmsnarl|55/100\n|-damage|p2b: Zamazenta|49/100\n|move|p2b: Zamazenta|Iron Defense|p2b: Zamazenta\n|-boost|p2b: Zamazenta|def|2\n|\n|-damage|p2b: Zamazenta|37/100|[from] Leech Seed|[of] p1a: Calyrex\n|upkeep\n|turn|4\n|\n|t:|1771157019\n|move|p2a: Grimmsnarl|Parting Shot|p1b: Arboliva\n|-unboost|p1b: Arboliva|atk|1\n|-unboost|p1b: Arboliva|spa|1\n|\n|t:|1771157023\n|switch|p2a: Kyogre|Kyogre, L50|100/100|[from] Parting Shot\n|-weather|RainDance|[from] ability: Drizzle|[of] p2a: Kyogre\n|move|p1b: Arboliva|Earth Power|p2b: Zamazenta\n|-supereffective|p2b: Zamazenta\n|-damage|p2b: Zamazenta|16/100\n|move|p1a: Calyrex|Glacial Lance|p2a: Kyogre|[spread] p2a,p2b\n|-resisted|p2a: Kyogre\n|-resisted|p2b: Zamazenta\n|-damage|p2a: Kyogre|79/100\n|-damage|p2b: Zamazenta|11/100\n|move|p2b: Zamazenta|Body Press|p1a: Calyrex\n|-damage|p1a: Calyrex|38/100\n|\n|-weather|RainDance|[upkeep]\n|-heal|p2a: Kyogre|85/100|[from] item: Leftovers\n|-damage|p2b: Zamazenta|0 fnt|[from] Leech Seed|[of] p1a: Calyrex\n|-heal|p1a: Calyrex|49/100|[silent]\n|faint|p2b: Zamazenta\n|upkeep\n|\n|t:|1771157045\n|switch|p2b: Wo-Chien|Wo-Chien, L50|100/100\n|-ability|p2b: Wo-Chien|Tablets of Ruin\n|turn|5\n|\n|t:|1771157054\n|switch|p1b: Koraidon|Koraidon, L50|100/100\n|-weather|SunnyDay|[from] ability: Orichalcum Pulse|[of] p1b: Koraidon\n|-activate|p1b: Koraidon|Orichalcum Pulse|[source]\n|move|p2a: Kyogre|Protect|p2a: Kyogre\n|-singleturn|p2a: Kyogre|Protect\n|move|p2b: Wo-Chien|Protect|p2b: Wo-Chien\n|-singleturn|p2b: Wo-Chien|Protect\n|move|p1a: Calyrex|Leech Seed|p2a: Kyogre\n|-activate|p2a: Kyogre|move: Protect\n|\n|-weather|SunnyDay|[upkeep]\n|-heal|p2a: Kyogre|90/100|[from] item: Leftovers\n|-fieldend|move: Trick Room\n|upkeep\n|turn|6\n|\n|t:|1771157075\n|-terastallize|p2b: Wo-Chien|Poison\n|move|p1b: Koraidon|Protect|p1b: Koraidon\n|-singleturn|p1b: Koraidon|Protect\n|move|p2b: Wo-Chien|Leech Seed|p1b: Koraidon\n|-activate|p1b: Koraidon|move: Protect\n|move|p2a: Kyogre|Thunder|p1a: Calyrex\n|-supereffective|p1a: Calyrex\n|-damage|p1a: Calyrex|0 fnt\n|faint|p1a: Calyrex\n|\n|-weather|SunnyDay|[upkeep]\n|-heal|p2a: Kyogre|96/100|[from] item: Leftovers\n|upkeep\n|\n|t:|1771157085\n|switch|p1a: Arboliva|Arboliva, L50, F|100/100\n|turn|7\n|\n|t:|1771157096\n|switch|p2a: Grimmsnarl|Grimmsnarl, L50, M|55/100\n|move|p1b: Koraidon|Flare Blitz|p2b: Wo-Chien\n|-damage|p2b: Wo-Chien|58/100\n|-damage|p1b: Koraidon|85/100|[from] Recoil\n|-damage|p1b: Koraidon|75/100|[from] item: Life Orb\n|move|p2b: Wo-Chien|Leech Seed|p1b: Koraidon\n|-start|p1b: Koraidon|move: Leech Seed\n|move|p1a: Arboliva|Giga Drain|p2a: Grimmsnarl\n|-damage|p2a: Grimmsnarl|26/100\n|\n|-weather|SunnyDay|[upkeep]\n|-damage|p1b: Koraidon|63/100|[from] Leech Seed|[of] p2b: Wo-Chien\n|-heal|p2b: Wo-Chien|72/100|[silent]\n|upkeep\n|turn|8\n|\n|t:|1771157116\n|move|p2b: Wo-Chien|Protect|p2b: Wo-Chien\n|-singleturn|p2b: Wo-Chien|Protect\n|move|p2a: Grimmsnarl|Parting Shot|p1a: Arboliva\n|-unboost|p1a: Arboliva|atk|1\n|-unboost|p1a: Arboliva|spa|1\n|\n|t:|1771157122\n|switch|p2a: Kyogre|Kyogre, L50|96/100|[from] Parting Shot\n|-weather|RainDance|[from] ability: Drizzle|[of] p2a: Kyogre\n|move|p1b: Koraidon|Flare Blitz|p2a: Kyogre\n|-resisted|p2a: Kyogre\n|-damage|p2a: Kyogre|91/100\n|-damage|p1b: Koraidon|61/100|[from] Recoil\n|-damage|p1b: Koraidon|51/100|[from] item: Life Orb\n|move|p1a: Arboliva|Pollen Puff|p1b: Koraidon\n|-heal|p1b: Koraidon|100/100\n|\n|-weather|RainDance|[upkeep]\n|-heal|p2a: Kyogre|97/100|[from] item: Leftovers\n|-damage|p1b: Koraidon|88/100|[from] Leech Seed|[of] p2b: Wo-Chien\n|-heal|p2b: Wo-Chien|86/100|[silent]\n|-sideend|p2: SEITA|Reflect\n|upkeep\n|turn|9\n|\n|t:|1771157143\n|move|p1b: Koraidon|Close Combat|p2a: Kyogre\n|-damage|p2a: Kyogre|51/100\n|-unboost|p1b: Koraidon|def|1\n|-unboost|p1b: Koraidon|spd|1\n|-damage|p1b: Koraidon|79/100|[from] item: Life Orb\n|move|p2b: Wo-Chien|Pollen Puff|p1a: Arboliva\n|-supereffective|p1a: Arboliva\n|-damage|p1a: Arboliva|75/100\n|-fieldstart|move: Grassy Terrain|[from] ability: Seed Sower|[of] p1a: Arboliva\n|move|p2a: Kyogre|Ice Beam|p1a: Arboliva\n|-supereffective|p1a: Arboliva\n|-damage|p1a: Arboliva|30/100\n|move|p1a: Arboliva|Giga Drain|p2a: Kyogre\n|-supereffective|p2a: Kyogre\n|-damage|p2a: Kyogre|17/100\n|-heal|p1a: Arboliva|49/100|[from] drain|[of] p2a: Kyogre\n|\n|-weather|RainDance|[upkeep]\n|-heal|p1b: Koraidon|84/100|[from] Grassy Terrain\n|-heal|p2b: Wo-Chien|92/100|[from] Grassy Terrain\n|-heal|p2a: Kyogre|23/100|[from] Grassy Terrain\n|-heal|p2a: Kyogre|29/100|[from] item: Leftovers\n|-heal|p1a: Arboliva|55/100|[from] Grassy Terrain\n|-damage|p1b: Koraidon|72/100|[from] Leech Seed|[of] p2b: Wo-Chien\n|-heal|p2b: Wo-Chien|100/100|[silent]\n|upkeep\n|turn|10\n|\n|t:|1771157183\n|move|p1b: Koraidon|Close Combat|p2a: Kyogre\n|-damage|p2a: Kyogre|0 fnt\n|-unboost|p1b: Koraidon|def|1\n|-unboost|p1b: Koraidon|spd|1\n|faint|p2a: Kyogre\n|-damage|p1b: Koraidon|63/100|[from] item: Life Orb\n|move|p2b: Wo-Chien|Pollen Puff|p1a: Arboliva\n|-supereffective|p1a: Arboliva\n|-damage|p1a: Arboliva|29/100\n|move|p1a: Arboliva|Earth Power|p2b: Wo-Chien\n|-supereffective|p2b: Wo-Chien\n|-damage|p2b: Wo-Chien|79/100\n|\n|-weather|RainDance|[upkeep]\n|-heal|p1b: Koraidon|68/100|[from] Grassy Terrain\n|-heal|p2b: Wo-Chien|85/100|[from] Grassy Terrain\n|-heal|p1a: Arboliva|35/100|[from] Grassy Terrain\n|-damage|p1b: Koraidon|56/100|[from] Leech Seed|[of] p2b: Wo-Chien\n|-heal|p2b: Wo-Chien|99/100|[silent]\n|-sideend|p2: SEITA|move: Light Screen\n|upkeep\n|\n|t:|1771157202\n|switch|p2a: Grimmsnarl|Grimmsnarl, L50, M|26/100\n|turn|11\n|\n|t:|1771157218\n|move|p2a: Grimmsnarl|Reflect|p2a: Grimmsnarl\n|-sidestart|p2: SEITA|Reflect\n|move|p1b: Koraidon|Close Combat|p2a: Grimmsnarl\n|-damage|p2a: Grimmsnarl|0 fnt\n|-unboost|p1b: Koraidon|def|1\n|-unboost|p1b: Koraidon|spd|1\n|faint|p2a: Grimmsnarl\n|-damage|p1b: Koraidon|47/100|[from] item: Life Orb\n|move|p2b: Wo-Chien|Pollen Puff|p1a: Arboliva\n|-supereffective|p1a: Arboliva\n|-damage|p1a: Arboliva|9/100\n|move|p1a: Arboliva|Earth Power|p2b: Wo-Chien\n|-supereffective|p2b: Wo-Chien\n|-damage|p2b: Wo-Chien|65/100\n|-unboost|p2b: Wo-Chien|spd|1\n|\n|-weather|RainDance|[upkeep]\n|-heal|p1b: Koraidon|52/100|[from] Grassy Terrain\n|-heal|p2b: Wo-Chien|71/100|[from] Grassy Terrain\n|-heal|p1a: Arboliva|15/100|[from] Grassy Terrain\n|-damage|p1b: Koraidon|40/100|[from] Leech Seed|[of] p2b: Wo-Chien\n|-heal|p2b: Wo-Chien|85/100|[silent]\n|upkeep\n|turn|12\n|-message|dymanacks forfeited.\n|\n|win|SEITA\n|raw|dymanacks's rating: 1356 &rarr; <strong>1344</strong><br />(-12 for losing)\n|raw|SEITA's rating: 1507 &rarr; <strong>1519</strong><br />(+12 for winning)\n|l|\u2606dymanacks\n|player|p1|\n|l|\u2606SEITA\n|player|p2|\n","uploadtime":1771157514,"views":45,"formatid":"gen9vgc2026regi","rating":1344,"private":0,"password":null}