{"id":"gen9vgc2026regi-2584874670","format":"[Gen 9] VGC 2026 Reg I","players":["labubumechanics","yuri1910"],"log":"|j|\u2606labubumechanics\n|j|\u2606yuri1910\n|t:|1776290580\n|gametype|doubles\n|player|p1|labubumechanics|hiker-gen4|1473\n|player|p2|yuri1910|linebacker|1604\n|gen|9\n|tier|[Gen 9] VGC 2026 Reg I\n|rated|\n|rule|Species Clause: Limit one of each Pok\u00e9mon\n|rule|Item Clause: Limit 1 of each item\n|clearpoke\n|poke|p1|Sinistcha, L50|\n|poke|p1|Urshifu-*, L50, M|\n|poke|p1|Terapagos, L50, M|\n|poke|p1|Miraidon, L50|\n|poke|p1|Incineroar, L50, M|\n|poke|p1|Iron Treads, L50|\n|poke|p2|Calyrex-Ice, L50|\n|poke|p2|Kyogre, L50|\n|poke|p2|Grimmsnarl, L50, M|\n|poke|p2|Rillaboom, L50, M|\n|poke|p2|Urshifu-*, L50, F|\n|poke|p2|Landorus, L50, M|\n|teampreview|4\n|\n|t:|1776290603\n|teamsize|p1|4\n|teamsize|p2|4\n|start\n|switch|p1a: Terapagos|Terapagos, L50, M|100/100\n|switch|p1b: Miraidon|Miraidon, L50, shiny|100/100\n|switch|p2a: Grimmsnarl|Grimmsnarl, L50, M|100/100\n|switch|p2b: Rillaboom|Rillaboom, L50, M|100/100\n|-activate|p1a: Terapagos|ability: Tera Shift\n|detailschange|p1a: Terapagos|Terapagos-Terastal, L50, M\n|-heal|p1a: Terapagos|100/100|[silent]\n|-fieldstart|move: Electric Terrain|[from] ability: Hadron Engine|[of] p1b: Miraidon\n|-enditem|p1a: Terapagos|Electric Seed\n|-boost|p1a: Terapagos|def|1|[from] item: Electric Seed\n|-fieldstart|move: Grassy Terrain|[from] ability: Grassy Surge|[of] p2b: Rillaboom\n|turn|1\n|\n|t:|1776290612\n|move|p2a: Grimmsnarl|Light Screen|p2a: Grimmsnarl\n|-sidestart|p2: yuri1910|move: Light Screen\n|move|p1b: Miraidon|Volt Switch|p2a: Grimmsnarl\n|-damage|p2a: Grimmsnarl|76/100\n|\n|t:|1776290620\n|switch|p1b: Sinistcha|Sinistcha, L50|100/100|[from] Volt Switch\n|move|p1a: Terapagos|Calm Mind|p1a: Terapagos\n|-boost|p1a: Terapagos|spa|1\n|-boost|p1a: Terapagos|spd|1\n|move|p2b: Rillaboom|U-turn|p1a: Terapagos\n|-activate|p1a: Terapagos|ability: Tera Shell\n|-resisted|p1a: Terapagos\n|-damage|p1a: Terapagos|96/100\n|\n|t:|1776290629\n|switch|p2b: Calyrex|Calyrex-Ice, L50|100/100|[from] U-turn\n|-ability|p2b: Calyrex|As One\n|-ability|p2b: Calyrex|Unnerve\n|\n|-heal|p1a: Terapagos|100/100|[from] Grassy Terrain\n|-heal|p2a: Grimmsnarl|82/100|[from] Grassy Terrain\n|upkeep\n|turn|2\n|\n|t:|1776290646\n|move|p1a: Terapagos|Calm Mind|p1a: Terapagos\n|-boost|p1a: Terapagos|spa|1\n|-boost|p1a: Terapagos|spd|1\n|move|p1b: Sinistcha|Matcha Gotcha|p2a: Grimmsnarl|[spread] p2a,p2b\n|-damage|p2a: Grimmsnarl|63/100\n|-damage|p2b: Calyrex|89/100\n|move|p2a: Grimmsnarl|Spirit Break|p1b: Sinistcha\n|-damage|p1b: Sinistcha|78/100\n|-unboost|p1b: Sinistcha|spa|1\n|-enditem|p1b: Sinistcha|Eject Button\n|\n|t:|1776290659\n|switch|p1b: Urshifu|Urshifu-Rapid-Strike, L50, M|100/100\n|move|p2b: Calyrex|Glacial Lance|p1a: Terapagos|[spread] p1a,p1b\n|-activate|p1a: Terapagos|ability: Tera Shell\n|-resisted|p1a: Terapagos\n|-resisted|p1b: Urshifu\n|-damage|p1a: Terapagos|88/100\n|-damage|p1b: Urshifu|75/100\n|\n|-heal|p1b: Urshifu|81/100|[from] Grassy Terrain\n|-heal|p1a: Terapagos|94/100|[from] Grassy Terrain\n|-heal|p2a: Grimmsnarl|69/100|[from] Grassy Terrain\n|-heal|p2b: Calyrex|95/100|[from] Grassy Terrain\n|-heal|p2b: Calyrex|100/100|[from] item: Leftovers\n|upkeep\n|turn|3\n|\n|t:|1776290676\n|move|p1b: Urshifu|Surging Strikes|p2a: Grimmsnarl\n|-crit|p2a: Grimmsnarl\n|-damage|p2a: Grimmsnarl|48/100\n|-crit|p2a: Grimmsnarl\n|-damage|p2a: Grimmsnarl|24/100\n|-crit|p2a: Grimmsnarl\n|-damage|p2a: Grimmsnarl|2/100\n|-hitcount|p2a: Grimmsnarl|3\n|move|p1a: Terapagos|Calm Mind|p1a: Terapagos\n|-boost|p1a: Terapagos|spa|1\n|-boost|p1a: Terapagos|spd|1\n|move|p2a: Grimmsnarl|Spirit Break|p1b: Urshifu\n|-supereffective|p1b: Urshifu\n|-damage|p1b: Urshifu|23/100\n|-unboost|p1b: Urshifu|spa|1\n|move|p2b: Calyrex|Leech Seed|p1a: Terapagos\n|-start|p1a: Terapagos|move: Leech Seed\n|\n|-heal|p1b: Urshifu|29/100|[from] Grassy Terrain\n|-heal|p1a: Terapagos|100/100|[from] Grassy Terrain\n|-heal|p2a: Grimmsnarl|8/100|[from] Grassy Terrain\n|-damage|p1a: Terapagos|88/100|[from] Leech Seed|[of] p2b: Calyrex\n|upkeep\n|turn|4\n|\n|t:|1776290697\n|move|p1b: Urshifu|Aqua Jet|p2a: Grimmsnarl\n|-damage|p2a: Grimmsnarl|0 fnt\n|faint|p2a: Grimmsnarl\n|move|p1a: Terapagos|Calm Mind|p1a: Terapagos\n|-boost|p1a: Terapagos|spa|1\n|-boost|p1a: Terapagos|spd|1\n|move|p2b: Calyrex|Glacial Lance|p1b: Urshifu|[spread] p1a,p1b\n|-resisted|p1b: Urshifu\n|-damage|p1a: Terapagos|65/100\n|-damage|p1b: Urshifu|3/100\n|\n|-heal|p1b: Urshifu|9/100|[from] Grassy Terrain\n|-heal|p1a: Terapagos|71/100|[from] Grassy Terrain\n|-damage|p1a: Terapagos|58/100|[from] Leech Seed|[of] p2b: Calyrex\n|upkeep\n|\n|t:|1776290718\n|switch|p2a: Rillaboom|Rillaboom, L50, M|100/100\n|turn|5\n|\n|t:|1776290725\n|switch|p1b: Sinistcha|Sinistcha, L50|78/100\n|-heal|p1a: Terapagos|83/100|[from] ability: Hospitality|[of] p1b: Sinistcha\n|-terastallize|p1a: Terapagos|Stellar\n|detailschange|p1a: Terapagos|Terapagos-Stellar, L50, M, tera:Stellar\n|-heal|p1a: Terapagos|88/100|[silent]\n|-ability|p1a: Terapagos|Teraform Zero\n|-fieldend|move: Grassy Terrain\n|move|p1a: Terapagos|Tera Starstorm|p2b: Calyrex|[spread] p2a,p2b\n|-damage|p2a: Rillaboom|43/100\n|-damage|p2b: Calyrex|59/100\n|move|p2a: Rillaboom|U-turn|p1a: Terapagos\n|-damage|p1a: Terapagos|80/100\n|\n|t:|1776290740\n|switch|p2a: Kyogre|Kyogre, L50|100/100|[from] U-turn\n|-weather|RainDance|[from] ability: Drizzle|[of] p2a: Kyogre\n|move|p2b: Calyrex|Glacial Lance|p1a: Terapagos|[spread] p1a,p1b\n|-supereffective|p1b: Sinistcha\n|-damage|p1a: Terapagos|62/100\n|-damage|p1b: Sinistcha|0 fnt\n|faint|p1b: Sinistcha\n|-ability|p2b: Calyrex|Chilling Neigh|boost\n|-boost|p2b: Calyrex|atk|1\n|\n|-weather|RainDance|[upkeep]\n|-heal|p2b: Calyrex|65/100|[from] item: Leftovers\n|-damage|p1a: Terapagos|50/100|[from] Leech Seed|[of] p2b: Calyrex\n|-heal|p2b: Calyrex|81/100|[silent]\n|upkeep\n|\n|t:|1776290745\n|switch|p1b: Urshifu|Urshifu-Rapid-Strike, L50, M|9/100\n|turn|6\n|inactive|Battle timer is ON: inactive players will automatically lose when time's up. (requested by labubumechanics)\n|\n|t:|1776290788\n|-terastallize|p2b: Calyrex|Grass\n|move|p2b: Calyrex|Protect|p2b: Calyrex\n|-singleturn|p2b: Calyrex|Protect\n|move|p1b: Urshifu|Close Combat|p2b: Calyrex\n|-damage|p2b: Calyrex|38/100\n|-unboost|p1b: Urshifu|def|1\n|-unboost|p1b: Urshifu|spd|1\n|move|p2a: Kyogre|Water Spout|p1b: Urshifu|[spread] p1a,p1b\n|-resisted|p1b: Urshifu\n|-damage|p1a: Terapagos|29/100\n|-damage|p1b: Urshifu|0 fnt\n|faint|p1b: Urshifu\n|move|p1a: Terapagos|Tera Starstorm|p2a: Kyogre|[spread] p2a\n|-activate|p2b: Calyrex|move: Protect\n|-damage|p2a: Kyogre|75/100\n|\n|-weather|RainDance|[upkeep]\n|-heal|p2b: Calyrex|44/100|[from] item: Leftovers\n|-damage|p1a: Terapagos|16/100|[from] Leech Seed|[of] p2b: Calyrex\n|-heal|p2b: Calyrex|59/100|[silent]\n|upkeep\n|\n|t:|1776290797\n|switch|p1b: Miraidon|Miraidon, L50, shiny|100/100\n|-fieldstart|move: Electric Terrain|[from] ability: Hadron Engine|[of] p1b: Miraidon\n|turn|7\n|\n|t:|1776290812\n|switch|p2a: Rillaboom|Rillaboom, L50, M|43/100\n|-fieldstart|move: Grassy Terrain|[from] ability: Grassy Surge|[of] p2a: Rillaboom\n|move|p1b: Miraidon|Draco Meteor|p2b: Calyrex\n|-damage|p2b: Calyrex|29/100\n|-unboost|p1b: Miraidon|spa|2\n|move|p1a: Terapagos|Tera Starstorm|p2a: Rillaboom|[spread] p2a,p2b\n|-supereffective|p2b: Calyrex\n|-damage|p2a: Rillaboom|0 fnt\n|-damage|p2b: Calyrex|0 fnt\n|faint|p2a: Rillaboom\n|faint|p2b: Calyrex\n|\n|-weather|RainDance|[upkeep]\n|-heal|p1a: Terapagos|23/100|[from] Grassy Terrain\n|upkeep\n|\n|t:|1776290824\n|switch|p2a: Kyogre|Kyogre, L50|75/100\n|turn|8\n|\n|t:|1776290830\n|move|p1b: Miraidon|Draco Meteor|p2a: Kyogre\n|-damage|p2a: Kyogre|64/100\n|-unboost|p1b: Miraidon|spa|2\n|move|p2a: Kyogre|Origin Pulse|p1b: Miraidon|[spread] p1a,p1b\n|-resisted|p1b: Miraidon\n|-damage|p1a: Terapagos|5/100\n|-damage|p1b: Miraidon|68/100\n|move|p1a: Terapagos|Tera Starstorm|p2a: Kyogre\n|-damage|p2a: Kyogre|27/100\n|\n|-weather|RainDance|[upkeep]\n|-heal|p1b: Miraidon|73/100|[from] Grassy Terrain\n|-heal|p2a: Kyogre|32/100|[from] Grassy Terrain\n|-heal|p1a: Terapagos|11/100|[from] Grassy Terrain\n|-sideend|p2: yuri1910|move: Light Screen\n|upkeep\n|turn|9\n|\n|t:|1776290841\n|move|p1b: Miraidon|Draco Meteor|p2a: Kyogre\n|-damage|p2a: Kyogre|21/100\n|-unboost|p1b: Miraidon|spa|2\n|move|p2a: Kyogre|Origin Pulse|p1a: Terapagos|[spread] p1a\n|-miss|p2a: Kyogre|p1b: Miraidon\n|-damage|p1a: Terapagos|0 fnt\n|faint|p1a: Terapagos\n|detailschange|p1: Terapagos|Terapagos, L50, M|[silent]\n|\n|-weather|none\n|-heal|p1b: Miraidon|79/100|[from] Grassy Terrain\n|-heal|p2a: Kyogre|27/100|[from] Grassy Terrain\n|upkeep\n|turn|10\n|\n|t:|1776290853\n|move|p1b: Miraidon|Draco Meteor|p2a: Kyogre\n|-damage|p2a: Kyogre|19/100\n|move|p2a: Kyogre|Origin Pulse|p1b: Miraidon\n|-resisted|p1b: Miraidon\n|-damage|p1b: Miraidon|49/100\n|\n|-heal|p1b: Miraidon|55/100|[from] Grassy Terrain\n|-heal|p2a: Kyogre|25/100|[from] Grassy Terrain\n|upkeep\n|turn|11\n|\n|t:|1776290866\n|move|p1b: Miraidon|Draco Meteor|p2a: Kyogre\n|-damage|p2a: Kyogre|17/100\n|move|p2a: Kyogre|Origin Pulse|p1b: Miraidon\n|-resisted|p1b: Miraidon\n|-damage|p1b: Miraidon|28/100\n|\n|-heal|p1b: Miraidon|33/100|[from] Grassy Terrain\n|-heal|p2a: Kyogre|23/100|[from] Grassy Terrain\n|-fieldend|move: Grassy Terrain\n|upkeep\n|turn|12\n|\n|t:|1776290881\n|move|p1b: Miraidon|Draco Meteor|p2a: Kyogre\n|-damage|p2a: Kyogre|15/100\n|move|p2a: Kyogre|Origin Pulse|p1b: Miraidon\n|-resisted|p1b: Miraidon\n|-damage|p1b: Miraidon|8/100\n|\n|upkeep\n|turn|13\n|\n|t:|1776290890\n|move|p1b: Miraidon|Draco Meteor|p2a: Kyogre\n|-crit|p2a: Kyogre\n|-damage|p2a: Kyogre|0 fnt\n|faint|p2a: Kyogre\n|\n|win|labubumechanics\n|raw|labubumechanics's rating: 1473 &rarr; <strong>1500</strong><br />(+27 for winning)\n|raw|yuri1910's rating: 1604 &rarr; <strong>1577</strong><br />(-27 for losing)\n","uploadtime":1776290900,"views":26,"formatid":"gen9vgc2026regi","rating":1500,"private":0,"password":null}