{"id":"gen9vgc2026regi-2560017439","format":"[Gen 9] VGC 2026 Reg I","players":["Fireswhoosh","It'sJustKen VGC"],"log":"|j|\u2606Fireswhoosh\n|j|\u2606It'sJustKen VGC\n|t:|1773636647\n|gametype|doubles\n|player|p1|Fireswhoosh|265|1316\n|player|p2|It'sJustKen VGC|102|1416\n|gen|9\n|tier|[Gen 9] VGC 2026 Reg I\n|rated|\n|rule|Species Clause: Limit one of each Pok\u00e9mon\n|rule|Item Clause: Limit 1 of each item\n|clearpoke\n|poke|p1|Terapagos, L50, M|\n|poke|p1|Slowking-Galar, L50, F|\n|poke|p1|Calyrex-Ice, L50|\n|poke|p1|Indeedee-F, L50, F|\n|poke|p1|Avalugg-Hisui, L50, F|\n|poke|p1|Sinistcha, L50|\n|poke|p2|Landorus, L50, M|\n|poke|p2|Amoonguss, L50, M|\n|poke|p2|Calyrex-Ice, L50|\n|poke|p2|Incineroar, L50, F|\n|poke|p2|Urshifu-*, L50, F|\n|poke|p2|Miraidon, L50|\n|teampreview|4\n|inactive|Battle timer is ON: inactive players will automatically lose when time's up. (requested by Fireswhoosh)\n|inactive|It'sJustKen VGC also wants the timer to be on.\n|\n|t:|1773636675\n|teamsize|p1|4\n|teamsize|p2|4\n|start\n|switch|p1a: Terapagos|Terapagos, L50, M|100/100\n|switch|p1b: Indeedee|Indeedee-F, L50, F|100/100\n|switch|p2a: Russel|Calyrex-Ice, L50|100/100\n|switch|p2b: Antonelli|Miraidon, L50|100/100\n|-activate|p1a: Terapagos|ability: Tera Shift\n|detailschange|p1a: Terapagos|Terapagos-Terastal, L50, M\n|-heal|p1a: Terapagos|100/100|[silent]\n|-ability|p2a: Russel|As One\n|-ability|p2a: Russel|Unnerve\n|-fieldstart|move: Electric Terrain|[from] ability: Hadron Engine|[of] p2b: Antonelli\n|-fieldstart|move: Psychic Terrain|[from] ability: Psychic Surge|[of] p1b: Indeedee\n|turn|1\n|\n|t:|1773636687\n|move|p2b: Antonelli|Snarl|p1a: Terapagos|[spread] p1a,p1b\n|-activate|p1a: Terapagos|ability: Tera Shell\n|-resisted|p1a: Terapagos\n|-supereffective|p1b: Indeedee\n|-damage|p1a: Terapagos|94/100\n|-damage|p1b: Indeedee|71/100\n|-unboost|p1a: Terapagos|spa|1\n|-unboost|p1b: Indeedee|spa|1\n|move|p1a: Terapagos|Calm Mind|p1a: Terapagos\n|-boost|p1a: Terapagos|spa|1\n|-boost|p1a: Terapagos|spd|1\n|move|p2a: Russel|Glacial Lance|p1b: Indeedee|[spread] p1a,p1b\n|-damage|p1a: Terapagos|55/100\n|-damage|p1b: Indeedee|10/100\n|move|p1b: Indeedee|Trick Room|p1b: Indeedee\n|-fieldstart|move: Trick Room|[of] p1b: Indeedee\n|\n|-heal|p1a: Terapagos|61/100|[from] item: Leftovers\n|upkeep\n|turn|2\n|inactive|Fireswhoosh has 30 seconds left.\n|inactive|Fireswhoosh has 20 seconds left.\n|inactive|Fireswhoosh has 15 seconds left.\n|inactive|Fireswhoosh has 10 seconds left.\n|\n|t:|1773636734\n|switch|p2b: Piastri|Amoonguss, L50, M|100/100\n|-terastallize|p1a: Terapagos|Stellar\n|detailschange|p1a: Terapagos|Terapagos-Stellar, L50, M, tera:Stellar\n|-heal|p1a: Terapagos|70/100|[silent]\n|-ability|p1a: Terapagos|Teraform Zero\n|-fieldend|move: Psychic Terrain\n|move|p1b: Indeedee|Helping Hand|p1a: Terapagos\n|-singleturn|p1a: Terapagos|Helping Hand|[of] p1b: Indeedee\n|move|p2a: Russel|Glacial Lance|p1a: Terapagos|[spread] p1a,p1b\n|-damage|p1a: Terapagos|38/100\n|-damage|p1b: Indeedee|0 fnt\n|faint|p1b: Indeedee\n|-ability|p2a: Russel|Chilling Neigh|boost\n|-boost|p2a: Russel|atk|1\n|move|p1a: Terapagos|Tera Starstorm|p2a: Russel|[spread] p2a,p2b\n|-damage|p2a: Russel|66/100\n|-damage|p2b: Piastri|50/100\n|-enditem|p2b: Piastri|Sitrus Berry|[eat]\n|-heal|p2b: Piastri|75/100|[from] item: Sitrus Berry\n|\n|-heal|p1a: Terapagos|44/100|[from] item: Leftovers\n|upkeep\n|\n|t:|1773636758\n|switch|p1b: Sinistcha|Sinistcha, L50|100/100\n|-heal|p1a: Terapagos|69/100|[from] ability: Hospitality|[of] p1b: Sinistcha\n|turn|3\n|inactive|It'sJustKen VGC has 30 seconds left.\n|inactive|It'sJustKen VGC has 20 seconds left.\n|inactive|It'sJustKen VGC has 15 seconds left.\n|inactive|It'sJustKen VGC has 10 seconds left.\n|inactive|It'sJustKen VGC has 5 seconds left.\n|\n|t:|1773636813\n|switch|p1b: Calyrex|Calyrex-Ice, L50|100/100\n|-ability|p1b: Calyrex|As One\n|-ability|p1b: Calyrex|Unnerve\n|move|p2b: Piastri|Protect|p2b: Piastri\n|-singleturn|p2b: Piastri|Protect\n|move|p2a: Russel|Protect|p2a: Russel\n|-singleturn|p2a: Russel|Protect\n|move|p1a: Terapagos|Protect||[still]\n|-fail|p1a: Terapagos\n|\n|-heal|p1a: Terapagos|75/100|[from] item: Leftovers\n|upkeep\n|turn|4\n|inactive|It'sJustKen VGC has 30 seconds left.\n|inactive|It'sJustKen VGC has 20 seconds left.\n|inactive|It'sJustKen VGC has 15 seconds left.\n|inactive|It'sJustKen VGC has 10 seconds left.\n|inactive|It'sJustKen VGC has 5 seconds left.\n|\n|t:|1773636869\n|move|p2b: Piastri|Protect||[still]\n|-fail|p2b: Piastri\n|move|p2a: Russel|Protect|p2a: Russel\n|-singleturn|p2a: Russel|Protect\n|move|p1b: Calyrex|Glacial Lance|p2b: Piastri|[spread] p2b\n|-activate|p2a: Russel|move: Protect\n|-supereffective|p2b: Piastri\n|-damage|p2b: Piastri|0 fnt\n|faint|p2b: Piastri\n|-ability|p1b: Calyrex|Chilling Neigh|boost\n|-boost|p1b: Calyrex|atk|1\n|move|p1a: Terapagos|Tera Starstorm|p2a: Russel\n|-activate|p2a: Russel|move: Protect\n|\n|-heal|p1a: Terapagos|81/100|[from] item: Leftovers\n|upkeep\n|\n|t:|1773636873\n|switch|p2b: Verstappen|Urshifu-Rapid-Strike, L50, F|100/100\n|turn|5\n|inactive|Fireswhoosh has 30 seconds left.\n|inactive|Fireswhoosh has 20 seconds left.\n|\n|t:|1773636912\n|move|p2b: Verstappen|Detect|p2b: Verstappen\n|-singleturn|p2b: Verstappen|Protect\n|move|p2a: Russel|Glacial Lance|p1a: Terapagos|[spread] p1a,p1b\n|-resisted|p1b: Calyrex\n|-damage|p1a: Terapagos|30/100\n|-damage|p1b: Calyrex|73/100\n|move|p1b: Calyrex|Throat Chop|p2a: Russel\n|-supereffective|p2a: Russel\n|-damage|p2a: Russel|0 fnt\n|faint|p2a: Russel\n|-ability|p1b: Calyrex|Chilling Neigh|boost\n|-boost|p1b: Calyrex|atk|1\n|move|p1a: Terapagos|Tera Starstorm|p2b: Verstappen\n|-activate|p2b: Verstappen|move: Protect\n|\n|-heal|p1a: Terapagos|36/100|[from] item: Leftovers\n|-fieldend|move: Trick Room\n|upkeep\n|\n|t:|1773636937\n|switch|p2a: Antonelli|Miraidon, L50|100/100\n|-fieldstart|move: Electric Terrain|[from] ability: Hadron Engine|[of] p2a: Antonelli\n|turn|6\n|\n|t:|1773636958\n|-terastallize|p2a: Antonelli|Electric\n|move|p2a: Antonelli|Electro Drift|p1b: Calyrex\n|-damage|p1b: Calyrex|0 fnt\n|faint|p1b: Calyrex\n|move|p2b: Verstappen|Close Combat|p1a: Terapagos\n|-supereffective|p1a: Terapagos\n|-crit|p1a: Terapagos\n|-damage|p1a: Terapagos|0 fnt\n|-unboost|p2b: Verstappen|def|1\n|-unboost|p2b: Verstappen|spd|1\n|faint|p1a: Terapagos\n|detailschange|p1: Terapagos|Terapagos, L50, M|[silent]\n|\n|upkeep\n|\n|t:|1773636970\n|switch|p1b: Sinistcha|Sinistcha, L50|100/100\n|turn|7\n|\n|t:|1773636976\n|move|p2a: Antonelli|Electro Drift|p1b: Sinistcha\n|-resisted|p1b: Sinistcha\n|-damage|p1b: Sinistcha|36/100\n|-enditem|p1b: Sinistcha|Sitrus Berry|[eat]\n|-heal|p1b: Sinistcha|61/100|[from] item: Sitrus Berry\n|move|p2b: Verstappen|Surging Strikes|p1b: Sinistcha\n|-resisted|p1b: Sinistcha\n|-crit|p1b: Sinistcha\n|-damage|p1b: Sinistcha|52/100\n|-resisted|p1b: Sinistcha\n|-crit|p1b: Sinistcha\n|-damage|p1b: Sinistcha|44/100\n|-resisted|p1b: Sinistcha\n|-crit|p1b: Sinistcha\n|-damage|p1b: Sinistcha|35/100\n|-hitcount|p1b: Sinistcha|3\n|move|p1b: Sinistcha|Matcha Gotcha|p2a: Antonelli|[spread] p2b\n|-miss|p1b: Sinistcha|p2a: Antonelli\n|-supereffective|p2b: Verstappen\n|-enditem|p2b: Verstappen|Focus Sash\n|-damage|p2b: Verstappen|1/100\n|-heal|p1b: Sinistcha|85/100|[from] drain|[of] p2b: Verstappen\n|\n|upkeep\n|turn|8\n|\n|t:|1773636998\n|move|p2a: Antonelli|Electro Drift|p1b: Sinistcha\n|-resisted|p1b: Sinistcha\n|-damage|p1b: Sinistcha|21/100\n|move|p2b: Verstappen|Surging Strikes|p1b: Sinistcha\n|-resisted|p1b: Sinistcha\n|-crit|p1b: Sinistcha\n|-damage|p1b: Sinistcha|12/100\n|-resisted|p1b: Sinistcha\n|-crit|p1b: Sinistcha\n|-damage|p1b: Sinistcha|2/100\n|-resisted|p1b: Sinistcha\n|-crit|p1b: Sinistcha\n|-damage|p1b: Sinistcha|0 fnt\n|faint|p1b: Sinistcha\n|-hitcount|p1: Sinistcha|3\n|\n|win|It'sJustKen VGC\n|raw|Fireswhoosh's rating: 1316 &rarr; <strong>1302</strong><br />(-14 for losing)\n|raw|It&apos;sJustKen VGC's rating: 1432 &rarr; <strong>1446</strong><br />(+14 for winning)\n","uploadtime":1773637003,"views":12,"formatid":"gen9vgc2026regi","rating":1302,"private":0,"password":null}