{"id":"gen9vgc2026regi-2563217122","format":"[Gen 9] VGC 2026 Reg I","players":["UtterlyIncapable","clefci"],"log":"|j|\u2606UtterlyIncapable\n|j|\u2606clefci\n|t:|1774004623\n|gametype|doubles\n|player|p1|UtterlyIncapable|firebreather|1201\n|player|p2|clefci|266|1213\n|gen|9\n|tier|[Gen 9] VGC 2026 Reg I\n|rated|\n|rule|Species Clause: Limit one of each Pok\u00e9mon\n|rule|Item Clause: Limit 1 of each item\n|clearpoke\n|poke|p1|Zoroark-Hisui, L50, F|\n|poke|p1|Landorus, L50, M|\n|poke|p1|Kyogre, L50|\n|poke|p1|Lunala, L50|\n|poke|p1|Incineroar, L50, F|\n|poke|p1|Whimsicott, L50, F|\n|poke|p2|Solgaleo, L50|\n|poke|p2|Koraidon, L50|\n|poke|p2|Armarouge, L50, F|\n|poke|p2|Indeedee-F, L50, F|\n|poke|p2|Grimmsnarl, L50, M|\n|poke|p2|Flutter Mane, L50|\n|teampreview|4\n|inactive|Battle timer is ON: inactive players will automatically lose when time's up. (requested by clefci)\n|\n|t:|1774004649\n|teamsize|p1|4\n|teamsize|p2|4\n|start\n|switch|p1a: The World|Kyogre, L50|100/100\n|switch|p1b: The Devil|Whimsicott, L50, F|100/100\n|switch|p2a: Solgaleo|Solgaleo, L50|100/100\n|switch|p2b: Grimmsnarl|Grimmsnarl, L50, M|100/100\n|-weather|RainDance|[from] ability: Drizzle|[of] p1a: The World\n|turn|1\n|\n|t:|1774004661\n|move|p2b: Grimmsnarl|Fake Out|p1a: The World\n|-damage|p1a: The World|89/100\n|move|p1b: The Devil|Fake Tears|p2a: Solgaleo\n|-fail|p2a: Solgaleo|unboost|[from] ability: Full Metal Body|[of] p2a: Solgaleo\n|cant|p1a: The World|flinch\n|move|p2a: Solgaleo|Calm Mind|p2a: Solgaleo\n|-boost|p2a: Solgaleo|spa|1\n|-boost|p2a: Solgaleo|spd|1\n|\n|-weather|RainDance|[upkeep]\n|upkeep\n|turn|2\n|\n|t:|1774004685\n|move|p2a: Solgaleo|Protect|p2a: Solgaleo\n|-singleturn|p2a: Solgaleo|Protect\n|move|p1b: The Devil|Encore|p2a: Solgaleo\n|-activate|p2a: Solgaleo|move: Protect\n|move|p2b: Grimmsnarl|Light Screen|p2b: Grimmsnarl\n|-sidestart|p2: clefci|move: Light Screen\n|move|p1a: The World|Water Spout|p2b: Grimmsnarl|[spread] p2b\n|-activate|p2a: Solgaleo|move: Protect\n|-damage|p2b: Grimmsnarl|39/100\n|\n|-weather|RainDance|[upkeep]\n|upkeep\n|turn|3\n|\n|t:|1774004699\n|switch|p2b: Indeedee|Indeedee-F, L50, F|100/100\n|-fieldstart|move: Psychic Terrain|[from] ability: Psychic Surge|[of] p2b: Indeedee\n|-enditem|p2a: Solgaleo|Psychic Seed\n|-boost|p2a: Solgaleo|spd|1|[from] item: Psychic Seed\n|move|p1b: The Devil|Encore|p2a: Solgaleo\n|-activate|p2a: Solgaleo|move: Psychic Terrain\n|move|p1a: The World|Water Spout|p2b: Indeedee|[spread] p2a,p2b\n|-damage|p2a: Solgaleo|73/100\n|-damage|p2b: Indeedee|37/100\n|move|p2a: Solgaleo|Expanding Force|p1a: The World|[spread] p1a,p1b\n|-damage|p1a: The World|17/100\n|-damage|p1b: The Devil|0 fnt\n|faint|p1b: The Devil\n|\n|-weather|RainDance|[upkeep]\n|upkeep\n|\n|t:|1774004708\n|switch|p1b: The Tower|Lunala, L50|100/100\n|turn|4\n|\n|t:|1774004727\n|switch|p2b: Koraidon|Koraidon, L50|100/100\n|-weather|SunnyDay|[from] ability: Orichalcum Pulse|[of] p2b: Koraidon\n|-activate|p2b: Koraidon|Orichalcum Pulse|[source]\n|move|p2a: Solgaleo|Protect|p2a: Solgaleo\n|-singleturn|p2a: Solgaleo|Protect\n|move|p1b: The Tower|Taunt|p2a: Solgaleo\n|-activate|p2a: Solgaleo|move: Protect\n|move|p1a: The World|Origin Pulse|p2a: Solgaleo|[spread] p2b\n|-activate|p2a: Solgaleo|move: Protect\n|-resisted|p2b: Koraidon\n|-damage|p2b: Koraidon|92/100\n|\n|-weather|SunnyDay|[upkeep]\n|upkeep\n|turn|5\n|\n|t:|1774004752\n|move|p1a: The World|Protect|p1a: The World\n|-singleturn|p1a: The World|Protect\n|move|p2b: Koraidon|U-turn|p1b: The Tower\n|-resisted|p1b: The Tower\n|-damage|p1b: The Tower|64/100\n|replace|p1b: The Fool|Zoroark-Hisui, L50, F\n|-end|p1b: The Fool|Illusion\n|-message|UtterlyIncapable forfeited.\n|\n|win|clefci\n|raw|UtterlyIncapable's rating: 1201 &rarr; <strong>1177</strong><br />(-24 for losing)\n|raw|clefci's rating: 1213 &rarr; <strong>1237</strong><br />(+24 for winning)\n|l|\u2606UtterlyIncapable\n|player|p1|\n|l|\u2606clefci\n|player|p2|\n","uploadtime":1774004998,"views":12,"formatid":"gen9vgc2026regi","rating":1177,"private":0,"password":null}