{"id":"gen9vgc2026regi-2559444716","format":"[Gen 9] VGC 2026 Reg I","players":["Jonen","multi-filter"],"log":"|j|\u2606Jonen\n|j|\u2606multi-filter\n|t:|1773568542\n|gametype|doubles\n|player|p1|Jonen|hiker-gen4|1250\n|player|p2|multi-filter|102|1470\n|gen|9\n|tier|[Gen 9] VGC 2026 Reg I\n|rated|\n|rule|Species Clause: Limit one of each Pok\u00e9mon\n|rule|Item Clause: Limit 1 of each item\n|clearpoke\n|poke|p1|Groudon, L50|\n|poke|p1|Lunala, L50|\n|poke|p1|Sableye, L50, F|\n|poke|p1|Chi-Yu, L50|\n|poke|p1|Rillaboom, L50, M|\n|poke|p1|Jumpluff, L50, M|\n|poke|p2|Lunala, L50|\n|poke|p2|Koraidon, L50|\n|poke|p2|Brute Bonnet, L50|\n|poke|p2|Indeedee-F, L50, F|\n|poke|p2|Flutter Mane, L50|\n|poke|p2|Ogerpon-Cornerstone, L50, F|\n|teampreview|4\n|\n|t:|1773568582\n|teamsize|p1|4\n|teamsize|p2|4\n|start\n|switch|p1a: Groudon|Groudon, L50|100/100\n|switch|p1b: Sableye|Sableye, L50, F|100/100\n|switch|p2a: Lunala|Lunala, L50|100/100\n|switch|p2b: \u5168\u6751\u6700\u5feb\u7684\u83c7|Brute Bonnet, L50, shiny|100/100\n|-weather|SunnyDay|[from] ability: Drought|[of] p1a: Groudon\n|-activate|p2b: \u5168\u6751\u6700\u5feb\u7684\u83c7|ability: Protosynthesis\n|-start|p2b: \u5168\u6751\u6700\u5feb\u7684\u83c7|protosynthesisatk\n|turn|1\n|\n|t:|1773568604\n|-terastallize|p2b: \u5168\u6751\u6700\u5feb\u7684\u83c7|Water\n|move|p1a: Groudon|Heat Crash|p2b: \u5168\u6751\u6700\u5feb\u7684\u83c7\n|-resisted|p2b: \u5168\u6751\u6700\u5feb\u7684\u83c7\n|-damage|p2b: \u5168\u6751\u6700\u5feb\u7684\u83c7|61/100\n|move|p2a: Lunala|Heat Wave|p1a: Groudon|[spread] p1a,p1b\n|-damage|p1a: Groudon|54/100\n|-damage|p1b: Sableye|32/100\n|move|p2b: \u5168\u6751\u6700\u5feb\u7684\u83c7|Trailblaze|p1a: Groudon\n|-supereffective|p1a: Groudon\n|-damage|p1a: Groudon|6/100\n|-boost|p2b: \u5168\u6751\u6700\u5feb\u7684\u83c7|spe|1\n|move|p1b: Sableye|Foul Play|p2a: Lunala\n|-supereffective|p2a: Lunala\n|-damage|p2a: Lunala|49/100\n|\n|-weather|SunnyDay|[upkeep]\n|upkeep\n|turn|2\n|\n|t:|1773568628\n|move|p1b: Sableye|Quash|p2b: \u5168\u6751\u6700\u5feb\u7684\u83c7\n|-activate|p2b: \u5168\u6751\u6700\u5feb\u7684\u83c7|move: Quash\n|move|p1a: Groudon|Heat Crash|p2a: Lunala\n|-crit|p2a: Lunala\n|-damage|p2a: Lunala|0 fnt\n|faint|p2a: Lunala\n|move|p2b: \u5168\u6751\u6700\u5feb\u7684\u83c7|Spore|p1b: Sableye\n|-status|p1b: Sableye|slp|[from] move: Spore\n|\n|-weather|SunnyDay|[upkeep]\n|upkeep\n|\n|t:|1773568640\n|switch|p2a: Koraidon|Koraidon, L50|100/100\n|-activate|p2a: Koraidon|ability: Orichalcum Pulse\n|turn|3\n|\n|t:|1773568654\n|switch|p1a: Lunala|Lunala, L50|100/100\n|cant|p1b: Sableye|slp\n|move|p2a: Koraidon|U-turn|p1a: Lunala\n|-damage|p1a: Lunala|82/100\n|\n|t:|1773568660\n|switch|p2a: Flutter Mane|Flutter Mane, L50|100/100|[from] U-turn\n|-activate|p2a: Flutter Mane|ability: Protosynthesis\n|-start|p2a: Flutter Mane|protosynthesisspe\n|move|p2b: \u5168\u6751\u6700\u5feb\u7684\u83c7|Trailblaze|p1b: Sableye\n|-damage|p1b: Sableye|2/100 slp\n|-boost|p2b: \u5168\u6751\u6700\u5feb\u7684\u83c7|spe|1\n|\n|-weather|SunnyDay|[upkeep]\n|upkeep\n|turn|4\n|\n|t:|1773568683\n|-terastallize|p1b: Sableye|Normal\n|move|p1a: Lunala|Protect|p1a: Lunala\n|-singleturn|p1a: Lunala|Protect\n|-curestatus|p1b: Sableye|slp|[msg]\n|move|p1b: Sableye|Gravity|p1b: Sableye\n|-fieldstart|move: Gravity\n|move|p2a: Flutter Mane|Dazzling Gleam|p1b: Sableye|[spread] p1b\n|-activate|p1a: Lunala|move: Protect\n|-damage|p1b: Sableye|0 fnt\n|faint|p1b: Sableye\n|move|p2b: \u5168\u6751\u6700\u5feb\u7684\u83c7|Spore|p1a: Lunala\n|-activate|p1a: Lunala|move: Protect\n|\n|-weather|SunnyDay|[upkeep]\n|upkeep\n|\n|t:|1773568696\n|switch|p1b: Jumpluff|Jumpluff, L50, M|100/100\n|turn|5\n|\n|t:|1773568716\n|move|p1b: Jumpluff|Tailwind|p1b: Jumpluff\n|-sidestart|p1: Jonen|move: Tailwind\n|move|p1a: Lunala|Hypnosis|p2b: \u5168\u6751\u6700\u5feb\u7684\u83c7\n|-status|p2b: \u5168\u6751\u6700\u5feb\u7684\u83c7|slp|[from] move: Hypnosis\n|move|p2a: Flutter Mane|Shadow Ball|p1a: Lunala\n|-supereffective|p1a: Lunala\n|-damage|p1a: Lunala|0 fnt\n|faint|p1a: Lunala\n|cant|p2b: \u5168\u6751\u6700\u5feb\u7684\u83c7|slp\n|\n|-weather|none\n|-end|p2a: Flutter Mane|Protosynthesis\n|-end|p2b: \u5168\u6751\u6700\u5feb\u7684\u83c7|Protosynthesis\n|upkeep\n|\n|t:|1773568722\n|switch|p1a: Groudon|Groudon, L50|6/100\n|-weather|SunnyDay|[from] ability: Drought|[of] p1a: Groudon\n|-activate|p2a: Flutter Mane|ability: Protosynthesis\n|-start|p2a: Flutter Mane|protosynthesisspe\n|-activate|p2b: \u5168\u6751\u6700\u5feb\u7684\u83c7|ability: Protosynthesis\n|-start|p2b: \u5168\u6751\u6700\u5feb\u7684\u83c7|protosynthesisspe\n|turn|6\n|\n|t:|1773568758\n|move|p1b: Jumpluff|Sleep Powder|p2a: Flutter Mane\n|-status|p2a: Flutter Mane|slp|[from] move: Sleep Powder\n|-curestatus|p2b: \u5168\u6751\u6700\u5feb\u7684\u83c7|slp|[msg]\n|move|p2b: \u5168\u6751\u6700\u5feb\u7684\u83c7|Trailblaze|p1a: Groudon\n|-supereffective|p1a: Groudon\n|-damage|p1a: Groudon|0 fnt\n|-boost|p2b: \u5168\u6751\u6700\u5feb\u7684\u83c7|spe|1\n|faint|p1a: Groudon\n|cant|p2a: Flutter Mane|slp\n|\n|-weather|SunnyDay|[upkeep]\n|upkeep\n|turn|7\n|c|\u2606Jonen|gg\n|-message|Jonen forfeited.\n|\n|win|multi-filter\n|raw|Jonen's rating: 1250 &rarr; <strong>1239</strong><br />(-11 for losing)\n|raw|multi-filter's rating: 1470 &rarr; <strong>1479</strong><br />(+9 for winning)\n","uploadtime":1773568772,"views":15,"formatid":"gen9vgc2026regi","rating":1239,"private":0,"password":null}