{"id":"gen9vgc2026regi-2551996066","format":"[Gen 9] VGC 2026 Reg I","players":["lalo's pollos","ConnerTEP"],"log":"|j|\u2606lalo's pollos\n|j|\u2606ConnerTEP\n|t:|1772663815\n|gametype|doubles\n|player|p1|lalo's pollos|266|1472\n|player|p2|ConnerTEP|acerola-masters2|1456\n|gen|9\n|tier|[Gen 9] VGC 2026 Reg I\n|rated|\n|rule|Species Clause: Limit one of each Pok\u00e9mon\n|rule|Item Clause: Limit 1 of each item\n|clearpoke\n|poke|p1|Zamazenta-*, L50|\n|poke|p1|Lunala, L50|\n|poke|p1|Rillaboom, L50, M|\n|poke|p1|Incineroar, L50, M|\n|poke|p1|Urshifu-*, L50, M|\n|poke|p1|Tornadus, L50, M|\n|poke|p2|Groudon, L50|\n|poke|p2|Zacian-*, L50|\n|poke|p2|Roaring Moon, L50|\n|poke|p2|Volcarona, L50, M|\n|poke|p2|Raging Bolt, L50|\n|poke|p2|Ogerpon-Hearthflame, L50, F|\n|teampreview|4\n|inactive|Battle timer is ON: inactive players will automatically lose when time's up. (requested by ConnerTEP)\n|inactive|ConnerTEP has 60 seconds left.\n|\n|t:|1772663869\n|teamsize|p1|4\n|teamsize|p2|4\n|start\n|switch|p1a: Tornadus|Tornadus, L50, M|100/100\n|switch|p1b: Urshifu|Urshifu-Rapid-Strike, L50, M|100/100\n|switch|p2a: Groudon|Groudon, L50|100/100\n|switch|p2b: Volcarona|Volcarona, L50, M|100/100\n|-weather|SunnyDay|[from] ability: Drought|[of] p2a: Groudon\n|turn|1\n|\n|t:|1772663890\n|-terastallize|p2b: Volcarona|Water\n|move|p2b: Volcarona|Rage Powder|p2b: Volcarona\n|-singleturn|p2b: Volcarona|move: Rage Powder\n|move|p1a: Tornadus|Rain Dance|p1a: Tornadus\n|-weather|RainDance\n|move|p1b: Urshifu|Surging Strikes|p2b: Volcarona\n|-resisted|p2b: Volcarona\n|-crit|p2b: Volcarona\n|-damage|p2b: Volcarona|82/100\n|-damage|p1b: Urshifu|84/100|[from] item: Rocky Helmet|[of] p2b: Volcarona\n|-status|p1b: Urshifu|brn|[from] ability: Flame Body|[of] p2b: Volcarona\n|-resisted|p2b: Volcarona\n|-crit|p2b: Volcarona\n|-damage|p2b: Volcarona|74/100\n|-damage|p1b: Urshifu|67/100 brn|[from] item: Rocky Helmet|[of] p2b: Volcarona\n|-resisted|p2b: Volcarona\n|-crit|p2b: Volcarona\n|-damage|p2b: Volcarona|64/100\n|-damage|p1b: Urshifu|51/100 brn|[from] item: Rocky Helmet|[of] p2b: Volcarona\n|-hitcount|p2b: Volcarona|3\n|move|p2a: Groudon|High Horsepower|p1b: Urshifu\n|-damage|p1b: Urshifu|0 fnt\n|faint|p1b: Urshifu\n|\n|-weather|RainDance|[upkeep]\n|upkeep\n|\n|t:|1772663903\n|switch|p1b: Lunala|Lunala, L50|100/100\n|turn|2\n|\n|t:|1772663921\n|move|p2a: Groudon|Protect|p2a: Groudon\n|-singleturn|p2a: Groudon|Protect\n|move|p1a: Tornadus|Bleakwind Storm|p2b: Volcarona|[spread] p2b\n|-activate|p2a: Groudon|move: Protect\n|-damage|p2b: Volcarona|30/100\n|-unboost|p2b: Volcarona|spe|1\n|move|p1b: Lunala|Moongeist Beam|p2b: Volcarona\n|-damage|p2b: Volcarona|0 fnt\n|faint|p2b: Volcarona\n|\n|-weather|RainDance|[upkeep]\n|upkeep\n|\n|t:|1772663931\n|switch|p2b: Zacian|Zacian-Crowned, L50|100/100\n|-ability|p2b: Zacian|Intrepid Sword|boost\n|-boost|p2b: Zacian|atk|1\n|turn|3\n|\n|t:|1772663942\n|move|p1b: Lunala|Protect|p1b: Lunala\n|-singleturn|p1b: Lunala|Protect\n|move|p1a: Tornadus|Tailwind|p1a: Tornadus\n|-sidestart|p1: lalo's pollos|move: Tailwind\n|move|p2b: Zacian|Behemoth Blade|p1a: Tornadus\n|-enditem|p1a: Tornadus|Focus Sash\n|-damage|p1a: Tornadus|1/100\n|move|p2a: Groudon|Heat Crash|p1a: Tornadus\n|-damage|p1a: Tornadus|0 fnt\n|faint|p1a: Tornadus\n|\n|-weather|RainDance|[upkeep]\n|upkeep\n|\n|t:|1772663950\n|switch|p1a: Zamazenta|Zamazenta-Crowned, L50|100/100\n|-ability|p1a: Zamazenta|Dauntless Shield|boost\n|-boost|p1a: Zamazenta|def|1\n|turn|4\n|\n|t:|1772663961\n|switch|p2a: Ogerpon|Ogerpon-Hearthflame, L50, F|100/100\n|-ability|p2a: Ogerpon|Mold Breaker\n|-terastallize|p1a: Zamazenta|Water\n|move|p2b: Zacian|Protect|p2b: Zacian\n|-singleturn|p2b: Zacian|Protect\n|move|p1a: Zamazenta|Body Press|p2a: Ogerpon\n|-damage|p2a: Ogerpon|13/100\n|move|p1b: Lunala|Moongeist Beam|p2a: Ogerpon\n|-damage|p2a: Ogerpon|0 fnt\n|faint|p2a: Ogerpon\n|\n|-weather|RainDance|[upkeep]\n|upkeep\n|\n|t:|1772663963\n|switch|p2a: Groudon|Groudon, L50|100/100\n|-weather|SunnyDay|[from] ability: Drought|[of] p2a: Groudon\n|turn|5\n|\n|t:|1772663976\n|move|p1a: Zamazenta|Body Press|p2b: Zacian\n|-damage|p2b: Zacian|38/100\n|move|p1b: Lunala|Moongeist Beam|p2b: Zacian\n|-damage|p2b: Zacian|0 fnt\n|faint|p2b: Zacian\n|move|p2a: Groudon|Precipice Blades|p1b: Lunala|[spread] p1b\n|-miss|p2a: Groudon|p1a: Zamazenta\n|-damage|p1b: Lunala|80/100\n|\n|-weather|SunnyDay|[upkeep]\n|-heal|p1b: Lunala|86/100|[from] item: Leftovers\n|upkeep\n|turn|6\n|-message|ConnerTEP forfeited.\n|\n|win|lalo's pollos\n|raw|lalo&apos;s pollos's rating: 1472 &rarr; <strong>1491</strong><br />(+19 for winning)\n|raw|ConnerTEP's rating: 1456 &rarr; <strong>1437</strong><br />(-19 for losing)\n|l|\u2606ConnerTEP\n|player|p2|\n","uploadtime":1772664121,"views":16,"formatid":"gen9vgc2026regi","rating":1437,"private":0,"password":null}