{"id":"gen9vgc2026regi-2518177049","format":"[Gen 9] VGC 2026 Reg I","players":["infinitygroudon","alexit93"],"log":"|j|\u2606infinitygroudon\n|j|\u2606alexit93\n|t:|1768350825\n|gametype|doubles\n|player|p1|infinitygroudon|1|1201\n|player|p2|alexit93|lucas-gen4pt|1247\n|gen|9\n|tier|[Gen 9] VGC 2026 Reg I\n|rated|\n|rule|Species Clause: Limit one of each Pok\u00e9mon\n|rule|Item Clause: Limit 1 of each item\n|clearpoke\n|poke|p1|Kyogre, L50|\n|poke|p1|Palkia-Origin, L50|\n|poke|p1|Farigiraf, L50, M|\n|poke|p1|Archaludon, L50, M|\n|poke|p1|Iron Jugulis, L50|\n|poke|p1|Raging Bolt, L50|\n|poke|p2|Zamazenta-*, L50|\n|poke|p2|Riolu, L50, F|\n|poke|p2|Calyrex-Ice, L50|\n|poke|p2|Rillaboom, L50, F|\n|poke|p2|Incineroar, L50, M|\n|poke|p2|Urshifu-*, L50, M|\n|teampreview|4\n|\n|t:|1768350865\n|teamsize|p1|4\n|teamsize|p2|4\n|start\n|switch|p1a: Piratebeard|Kyogre, L50|100/100\n|switch|p1b: Archibald|Archaludon, L50, M, shiny|100/100\n|switch|p2a: Zamazenta|Zamazenta-Crowned, L50, shiny|100/100\n|switch|p2b: Riolu|Riolu, L50, F|100/100\n|-weather|RainDance|[from] ability: Drizzle|[of] p1a: Piratebeard\n|-ability|p2a: Zamazenta|Dauntless Shield|boost\n|-boost|p2a: Zamazenta|def|1\n|turn|1\n|\n|t:|1768350883\n|move|p2b: Riolu|Coaching|p2a: Zamazenta\n|-boost|p2a: Zamazenta|atk|1\n|-boost|p2a: Zamazenta|def|1\n|move|p1a: Piratebeard|Hydro Pump|p2a: Zamazenta\n|-damage|p2a: Zamazenta|17/100\n|move|p2a: Zamazenta|Body Press|p1a: Piratebeard\n|-damage|p1a: Piratebeard|0 fnt\n|faint|p1a: Piratebeard\n|move|p1b: Archibald|Electro Shot||[still]\n|-prepare|p1b: Archibald|Electro Shot\n|-boost|p1b: Archibald|spa|1\n|-anim|p1b: Archibald|Electro Shot|p2a: Zamazenta\n|-damage|p2a: Zamazenta|0 fnt\n|faint|p2a: Zamazenta\n|\n|-weather|RainDance|[upkeep]\n|upkeep\n|\n|t:|1768350897\n|switch|p2a: Urshifu|Urshifu-Rapid-Strike, L50, M|100/100\n|switch|p1a: Secretariat|Palkia-Origin, L50|100/100\n|-ability|p1a: Secretariat|Pressure\n|turn|2\n|\n|t:|1768350906\n|-terastallize|p2a: Urshifu|Water\n|-terastallize|p1b: Archibald|Fairy\n|move|p2b: Riolu|Coaching|p2a: Urshifu\n|-boost|p2a: Urshifu|atk|1\n|-boost|p2a: Urshifu|def|1\n|move|p2a: Urshifu|Surging Strikes|p1b: Archibald\n|-crit|p1b: Archibald\n|-damage|p1b: Archibald|62/100\n|-ability|p1b: Archibald|Stamina|boost\n|-boost|p1b: Archibald|def|1\n|-crit|p1b: Archibald\n|-damage|p1b: Archibald|24/100\n|-ability|p1b: Archibald|Stamina|boost\n|-boost|p1b: Archibald|def|1\n|-crit|p1b: Archibald\n|-damage|p1b: Archibald|0 fnt\n|faint|p1b: Archibald\n|-hitcount|p1: Archibald|3\n|move|p1a: Secretariat|Icy Wind|p2a: Urshifu|[spread] p2a,p2b\n|-resisted|p2a: Urshifu\n|-damage|p2a: Urshifu|90/100\n|-damage|p2b: Riolu|83/100\n|-unboost|p2a: Urshifu|spe|1\n|-unboost|p2b: Riolu|spe|1\n|\n|-weather|RainDance|[upkeep]\n|upkeep\n|\n|t:|1768350913\n|switch|p1b: Jorris|Iron Jugulis, L50|100/100\n|-enditem|p1b: Jorris|Booster Energy\n|-activate|p1b: Jorris|ability: Quark Drive|[fromitem]\n|-start|p1b: Jorris|quarkdrivespe\n|turn|3\n|\n|t:|1768350929\n|switch|p2b: Rillaboom|Rillaboom, L50, F|100/100\n|-fieldstart|move: Grassy Terrain|[from] ability: Grassy Surge|[of] p2b: Rillaboom\n|move|p1b: Jorris|Dragon Cheer|p1a: Secretariat\n|-start|p1a: Secretariat|move: Dragon Cheer\n|move|p2a: Urshifu|Surging Strikes|p1b: Jorris\n|-crit|p1b: Jorris\n|-damage|p1b: Jorris|50/100\n|-crit|p1b: Jorris\n|-damage|p1b: Jorris|0 fnt\n|faint|p1b: Jorris\n|-end|p1b: Jorris|Quark Drive|[silent]\n|-hitcount|p1: Jorris|2\n|move|p1a: Secretariat|Spacial Rend|p2a: Urshifu\n|-crit|p2a: Urshifu\n|-damage|p2a: Urshifu|0 fnt\n|faint|p2a: Urshifu\n|\n|-weather|RainDance|[upkeep]\n|upkeep\n|\n|t:|1768350934\n|switch|p2a: Riolu|Riolu, L50, F|83/100\n|turn|4\n|\n|t:|1768350939\n|move|p1a: Secretariat|Protect|p1a: Secretariat\n|-singleturn|p1a: Secretariat|Protect\n|move|p2b: Rillaboom|Fake Out|p1a: Secretariat\n|-activate|p1a: Secretariat|move: Protect\n|move|p2a: Riolu|Coaching|p2b: Rillaboom\n|-boost|p2b: Rillaboom|atk|1\n|-boost|p2b: Rillaboom|def|1\n|\n|-weather|RainDance|[upkeep]\n|-heal|p2a: Riolu|90/100|[from] Grassy Terrain\n|upkeep\n|turn|5\n|\n|t:|1768350946\n|move|p2a: Riolu|Coaching|p2b: Rillaboom\n|-boost|p2b: Rillaboom|atk|1\n|-boost|p2b: Rillaboom|def|1\n|move|p1a: Secretariat|Spacial Rend|p2b: Rillaboom\n|-crit|p2b: Rillaboom\n|-damage|p2b: Rillaboom|31/100\n|move|p2b: Rillaboom|Wood Hammer|p1a: Secretariat\n|-damage|p1a: Secretariat|0 fnt\n|faint|p1a: Secretariat\n|-damage|p2b: Rillaboom|0 fnt|[from] Recoil\n|faint|p2b: Rillaboom\n|\n|win|alexit93\n|raw|infinitygroudon's rating: 1222 &rarr; <strong>1199</strong><br />(-23 for losing)\n|raw|alexit93's rating: 1247 &rarr; <strong>1270</strong><br />(+23 for winning)\n|l|\u2606infinitygroudon\n|player|p1|\n|l|\u2606alexit93\n|player|p2|\n","uploadtime":1768351203,"views":14,"formatid":"gen9vgc2026regi","rating":1199,"private":0,"password":null}