{"id":"gen9vgc2026regi-2527112727","format":"[Gen 9] VGC 2026 Reg I","players":["Fogdocker","parramanmatt"],"log":"|j|\u2606Fogdocker\n|j|\u2606parramanmatt\n|t:|1769496899\n|gametype|doubles\n|player|p1|Fogdocker|170|1454\n|player|p2|parramanmatt|chuck|1294\n|gen|9\n|tier|[Gen 9] VGC 2026 Reg I\n|rated|\n|rule|Species Clause: Limit one of each Pok\u00e9mon\n|rule|Item Clause: Limit 1 of each item\n|clearpoke\n|poke|p1|Koraidon, L50|\n|poke|p1|Flutter Mane, L50|\n|poke|p1|Calyrex-Ice, L50|\n|poke|p1|Incineroar, L50, M|\n|poke|p1|Rillaboom, L50, M|\n|poke|p1|Amoonguss, L50, M|\n|poke|p2|Zamazenta-*, L50|\n|poke|p2|Chien-Pao, L50|\n|poke|p2|Miraidon, L50|\n|poke|p2|Chi-Yu, L50|\n|poke|p2|Landorus-Therian, L50, M|\n|poke|p2|Farigiraf, L50, F|\n|teampreview|4\n|inactive|Battle timer is ON: inactive players will automatically lose when time's up. (requested by parramanmatt)\n|inactive|Fogdocker has 60 seconds left.\n|\n|t:|1769496959\n|teamsize|p1|4\n|teamsize|p2|4\n|start\n|switch|p1a: Koraidon|Koraidon, L50|100/100\n|switch|p1b: Flutter Mane|Flutter Mane, L50|100/100\n|switch|p2a: Zamazenta|Zamazenta-Crowned, L50|100/100\n|switch|p2b: Chien-Pao|Chien-Pao, L50|100/100\n|-ability|p2b: Chien-Pao|Sword of Ruin\n|-weather|SunnyDay|[from] ability: Orichalcum Pulse|[of] p1a: Koraidon\n|-activate|p1b: Flutter Mane|ability: Protosynthesis\n|-start|p1b: Flutter Mane|protosynthesisspe\n|-activate|p1a: Koraidon|Orichalcum Pulse|[source]\n|-ability|p2a: Zamazenta|Dauntless Shield|boost\n|-boost|p2a: Zamazenta|def|1\n|turn|1\n|inactive|parramanmatt has 30 seconds left.\n|inactive|parramanmatt has 20 seconds left.\n|\n|t:|1769496994\n|-terastallize|p2a: Zamazenta|Water\n|move|p1a: Koraidon|Protect|p1a: Koraidon\n|-singleturn|p1a: Koraidon|Protect\n|move|p1b: Flutter Mane|Moonblast|p2b: Chien-Pao\n|-supereffective|p2b: Chien-Pao\n|-enditem|p2b: Chien-Pao|Focus Sash\n|-damage|p2b: Chien-Pao|1/100\n|move|p2b: Chien-Pao|Icicle Crash|p1a: Koraidon\n|-activate|p1a: Koraidon|move: Protect\n|move|p2a: Zamazenta|Heavy Slam|p1b: Flutter Mane\n|-supereffective|p1b: Flutter Mane\n|-enditem|p1b: Flutter Mane|Focus Sash\n|-damage|p1b: Flutter Mane|1/100\n|\n|-weather|SunnyDay|[upkeep]\n|upkeep\n|turn|2\n|inactive|Fogdocker has 30 seconds left.\n|\n|t:|1769497032\n|-end|p1b: Flutter Mane|Protosynthesis|[silent]\n|switch|p1b: Rillaboom|Rillaboom, L50, M|100/100\n|-fieldstart|move: Grassy Terrain|[from] ability: Grassy Surge|[of] p1b: Rillaboom\n|move|p2b: Chien-Pao|Protect|p2b: Chien-Pao\n|-singleturn|p2b: Chien-Pao|Protect\n|move|p1a: Koraidon|Close Combat|p2a: Zamazenta\n|-damage|p2a: Zamazenta|42/100\n|-unboost|p1a: Koraidon|def|1\n|-unboost|p1a: Koraidon|spd|1\n|-damage|p1a: Koraidon|91/100|[from] item: Life Orb\n|move|p2a: Zamazenta|Heavy Slam|p1b: Rillaboom\n|-damage|p1b: Rillaboom|43/100\n|\n|-weather|SunnyDay|[upkeep]\n|-heal|p2b: Chien-Pao|7/100|[from] Grassy Terrain\n|-heal|p1a: Koraidon|96/100|[from] Grassy Terrain\n|-heal|p2a: Zamazenta|48/100|[from] Grassy Terrain\n|-heal|p1b: Rillaboom|49/100|[from] Grassy Terrain\n|upkeep\n|turn|3\n|\n|t:|1769497055\n|move|p2a: Zamazenta|Protect|p2a: Zamazenta\n|-singleturn|p2a: Zamazenta|Protect\n|move|p1b: Rillaboom|Fake Out|p2b: Chien-Pao\n|-damage|p2b: Chien-Pao|0 fnt\n|faint|p2b: Chien-Pao\n|move|p1a: Koraidon|Close Combat|p2a: Zamazenta\n|-activate|p2a: Zamazenta|move: Protect\n|\n|-weather|SunnyDay|[upkeep]\n|-heal|p1a: Koraidon|100/100|[from] Grassy Terrain\n|-heal|p2a: Zamazenta|54/100|[from] Grassy Terrain\n|-heal|p1b: Rillaboom|55/100|[from] Grassy Terrain\n|upkeep\n|\n|t:|1769497065\n|switch|p2b: Chi-Yu|Chi-Yu, L50|100/100\n|-ability|p2b: Chi-Yu|Beads of Ruin\n|turn|4\n|\n|t:|1769497081\n|move|p1b: Rillaboom|Grassy Glide|p2a: Zamazenta\n|-supereffective|p2a: Zamazenta\n|-damage|p2a: Zamazenta|24/100\n|move|p2b: Chi-Yu|Heat Wave|p1a: Koraidon|[spread] p1a,p1b\n|-resisted|p1a: Koraidon\n|-supereffective|p1b: Rillaboom\n|-damage|p1a: Koraidon|31/100\n|-damage|p1b: Rillaboom|0 fnt\n|faint|p1b: Rillaboom\n|move|p1a: Koraidon|Close Combat|p2b: Chi-Yu\n|-supereffective|p2b: Chi-Yu\n|-damage|p2b: Chi-Yu|0 fnt\n|-unboost|p1a: Koraidon|def|1\n|-unboost|p1a: Koraidon|spd|1\n|faint|p2b: Chi-Yu\n|-damage|p1a: Koraidon|22/100|[from] item: Life Orb\n|move|p2a: Zamazenta|Body Press|p1a: Koraidon\n|-damage|p1a: Koraidon|0 fnt\n|faint|p1a: Koraidon\n|\n|-weather|SunnyDay|[upkeep]\n|-heal|p2a: Zamazenta|30/100|[from] Grassy Terrain\n|upkeep\n|\n|t:|1769497100\n|switch|p1a: Calyrex|Calyrex-Ice, L50|100/100\n|switch|p2b: Farigiraf|Farigiraf, L50, F|100/100\n|switch|p1b: Flutter Mane|Flutter Mane, L50|1/100\n|-ability|p1a: Calyrex|As One\n|-ability|p1a: Calyrex|Unnerve\n|-activate|p1b: Flutter Mane|ability: Protosynthesis\n|-start|p1b: Flutter Mane|protosynthesisspe\n|turn|5\n|inactive|parramanmatt has 30 seconds left.\n|l|\u2606Fogdocker\n|inactive|Fogdocker disconnected and has a minute to reconnect!\n|player|p1|\n|\n|t:|1769497134\n|-terastallize|p1a: Calyrex|Water\n|move|p2a: Zamazenta|Protect|p2a: Zamazenta\n|-singleturn|p2a: Zamazenta|Protect\n|move|p1b: Flutter Mane|Moonblast|p2a: Zamazenta\n|-activate|p2a: Zamazenta|move: Protect\n|move|p2b: Farigiraf|Night Shade|p1b: Flutter Mane\n|-damage|p1b: Flutter Mane|0 fnt\n|faint|p1b: Flutter Mane\n|-end|p1b: Flutter Mane|Protosynthesis|[silent]\n|move|p1a: Calyrex|Leech Seed|p2b: Farigiraf\n|-start|p2b: Farigiraf|move: Leech Seed\n|\n|-weather|none\n|-heal|p2a: Zamazenta|37/100|[from] Grassy Terrain\n|-damage|p2b: Farigiraf|88/100|[from] Leech Seed|[of] p1a: Calyrex\n|upkeep\n|turn|6\n|j|\u2606Fogdocker\n|inactive|Fogdocker reconnected and has 50 seconds left.\n|player|p1|Fogdocker|170|\n|\n|t:|1769497153\n|move|p2a: Zamazenta|Body Press|p1a: Calyrex\n|-damage|p1a: Calyrex|61/100\n|move|p2b: Farigiraf|Night Shade|p1a: Calyrex\n|-damage|p1a: Calyrex|37/100\n|move|p1a: Calyrex|Leech Seed|p2a: Zamazenta|[miss]\n|-miss|p1a: Calyrex|p2a: Zamazenta\n|\n|-heal|p2a: Zamazenta|43/100|[from] Grassy Terrain\n|-heal|p2b: Farigiraf|94/100|[from] Grassy Terrain\n|-heal|p1a: Calyrex|43/100|[from] Grassy Terrain\n|-heal|p1a: Calyrex|49/100|[from] item: Leftovers\n|-damage|p2b: Farigiraf|82/100|[from] Leech Seed|[of] p1a: Calyrex\n|-heal|p1a: Calyrex|62/100|[silent]\n|-fieldend|move: Grassy Terrain\n|upkeep\n|turn|7\n|\n|t:|1769497167\n|move|p1a: Calyrex|Protect|p1a: Calyrex\n|-singleturn|p1a: Calyrex|Protect\n|move|p2a: Zamazenta|Body Press|p1a: Calyrex\n|-activate|p1a: Calyrex|move: Protect\n|move|p2b: Farigiraf|Night Shade|p1a: Calyrex\n|-activate|p1a: Calyrex|move: Protect\n|\n|-heal|p1a: Calyrex|68/100|[from] item: Leftovers\n|-damage|p2b: Farigiraf|69/100|[from] Leech Seed|[of] p1a: Calyrex\n|-heal|p1a: Calyrex|82/100|[silent]\n|upkeep\n|turn|8\n|\n|t:|1769497178\n|move|p2a: Zamazenta|Body Press|p1a: Calyrex\n|-damage|p1a: Calyrex|42/100\n|move|p2b: Farigiraf|Night Shade|p1a: Calyrex\n|-damage|p1a: Calyrex|18/100\n|move|p1a: Calyrex|Leech Seed|p2a: Zamazenta\n|-start|p2a: Zamazenta|move: Leech Seed\n|\n|-heal|p1a: Calyrex|24/100|[from] item: Leftovers\n|-damage|p2a: Zamazenta|30/100|[from] Leech Seed|[of] p1a: Calyrex\n|-heal|p1a: Calyrex|34/100|[silent]\n|-damage|p2b: Farigiraf|57/100|[from] Leech Seed|[of] p1a: Calyrex\n|-heal|p1a: Calyrex|48/100|[silent]\n|upkeep\n|turn|9\n|\n|t:|1769497186\n|move|p1a: Calyrex|Protect|p1a: Calyrex\n|-singleturn|p1a: Calyrex|Protect\n|move|p2a: Zamazenta|Body Press|p1a: Calyrex\n|-activate|p1a: Calyrex|move: Protect\n|move|p2b: Farigiraf|Night Shade|p1a: Calyrex\n|-activate|p1a: Calyrex|move: Protect\n|\n|-heal|p1a: Calyrex|54/100|[from] item: Leftovers\n|-damage|p2a: Zamazenta|18/100|[from] Leech Seed|[of] p1a: Calyrex\n|-heal|p1a: Calyrex|64/100|[silent]\n|-damage|p2b: Farigiraf|44/100|[from] Leech Seed|[of] p1a: Calyrex\n|-heal|p1a: Calyrex|78/100|[silent]\n|upkeep\n|turn|10\n|\n|t:|1769497202\n|move|p2a: Zamazenta|Body Press|p1a: Calyrex\n|-damage|p1a: Calyrex|33/100\n|move|p2b: Farigiraf|Night Shade|p1a: Calyrex\n|-damage|p1a: Calyrex|9/100\n|move|p1a: Calyrex|Trick Room|p1a: Calyrex\n|-fieldstart|move: Trick Room|[of] p1a: Calyrex\n|\n|-heal|p1a: Calyrex|15/100|[from] item: Leftovers\n|-damage|p2b: Farigiraf|32/100|[from] Leech Seed|[of] p1a: Calyrex\n|-heal|p1a: Calyrex|28/100|[silent]\n|-damage|p2a: Zamazenta|6/100|[from] Leech Seed|[of] p1a: Calyrex\n|-heal|p1a: Calyrex|39/100|[silent]\n|upkeep\n|turn|11\n|\n|t:|1769497216\n|move|p1a: Calyrex|Protect|p1a: Calyrex\n|-singleturn|p1a: Calyrex|Protect\n|move|p2a: Zamazenta|Wide Guard|p2a: Zamazenta\n|-singleturn|p2a: Zamazenta|Wide Guard\n|move|p2b: Farigiraf|Trick Room|p2b: Farigiraf\n|-fieldend|move: Trick Room\n|\n|-heal|p1a: Calyrex|44/100|[from] item: Leftovers\n|-damage|p2a: Zamazenta|0 fnt|[from] Leech Seed|[of] p1a: Calyrex\n|-heal|p1a: Calyrex|49/100|[silent]\n|faint|p2a: Zamazenta\n|-damage|p2b: Farigiraf|19/100|[from] Leech Seed|[of] p1a: Calyrex\n|-heal|p1a: Calyrex|63/100|[silent]\n|upkeep\n|turn|12\n|-message|parramanmatt forfeited.\n|\n|win|Fogdocker\n|raw|Fogdocker's rating: 1454 &rarr; <strong>1465</strong><br />(+11 for winning)\n|raw|parramanmatt's rating: 1294 &rarr; <strong>1280</strong><br />(-14 for losing)\n|l|\u2606parramanmatt\n|player|p2|\n|l|\u2606Fogdocker\n|player|p1|\n","uploadtime":1769497430,"views":11,"formatid":"gen9vgc2026regi","rating":1280,"private":0,"password":null}