{"id":"gen9vgc2026regi-2564259722","format":"[Gen 9] VGC 2026 Reg I","players":["terafireflareblitz","Pitecus"],"log":"|j|\u2606terafireflareblitz\n|j|\u2606Pitecus\n|t:|1774125957\n|gametype|doubles\n|player|p1|terafireflareblitz|sycamore|1388\n|player|p2|Pitecus|steven|1352\n|gen|9\n|tier|[Gen 9] VGC 2026 Reg I\n|rated|\n|rule|Species Clause: Limit one of each Pok\u00e9mon\n|rule|Item Clause: Limit 1 of each item\n|clearpoke\n|poke|p1|Koraidon, L50|\n|poke|p1|Lunala, L50|\n|poke|p1|Indeedee-F, L50, F|\n|poke|p1|Flutter Mane, L50|\n|poke|p1|Volcarona, L50, M|\n|poke|p1|Ursaluna, L50, F|\n|poke|p2|Zamazenta-*, L50|\n|poke|p2|Rillaboom, L50, M|\n|poke|p2|Calyrex-Shadow, L50|\n|poke|p2|Chi-Yu, L50|\n|poke|p2|Ogerpon-Cornerstone, L50, F|\n|poke|p2|Whimsicott, L50, M|\n|teampreview|4\n|inactive|Battle timer is ON: inactive players will automatically lose when time's up. (requested by terafireflareblitz)\n|\n|t:|1774125974\n|teamsize|p1|4\n|teamsize|p2|4\n|start\n|switch|p1a: Lunala|Lunala, L50, shiny|100/100\n|switch|p1b: Indeedee|Indeedee-F, L50, F|100/100\n|switch|p2a: Rillaboom|Rillaboom, L50, M|100/100\n|switch|p2b: Zamazenta|Zamazenta, L50|100/100\n|-ability|p2b: Zamazenta|Dauntless Shield|boost\n|-boost|p2b: Zamazenta|def|1\n|-fieldstart|move: Psychic Terrain|[from] ability: Psychic Surge|[of] p1b: Indeedee\n|-fieldstart|move: Grassy Terrain|[from] ability: Grassy Surge|[of] p2a: Rillaboom\n|-enditem|p2b: Zamazenta|Grassy Seed\n|-boost|p2b: Zamazenta|def|1|[from] item: Grassy Seed\n|turn|1\n|\n|t:|1774125999\n|switch|p1b: Volcarona|Volcarona, L50, M|100/100\n|-terastallize|p2a: Rillaboom|Dark\n|move|p2b: Zamazenta|Body Press|p1b: Volcarona\n|-resisted|p1b: Volcarona\n|-damage|p1b: Volcarona|63/100\n|-damage|p2b: Zamazenta|84/100|[from] item: Rocky Helmet|[of] p1b: Volcarona\n|-status|p2b: Zamazenta|brn|[from] ability: Flame Body|[of] p1b: Volcarona\n|move|p1a: Lunala|Expanding Force|p2b: Zamazenta\n|-supereffective|p2b: Zamazenta\n|-damage|p2b: Zamazenta|0 fnt\n|faint|p2b: Zamazenta\n|move|p2a: Rillaboom|Knock Off|p1a: Lunala\n|-supereffective|p1a: Lunala\n|-damage|p1a: Lunala|17/100\n|-enditem|p1a: Lunala|Power Herb|[from] move: Knock Off|[of] p2a: Rillaboom\n|\n|-heal|p1a: Lunala|23/100|[from] Grassy Terrain\n|-heal|p1b: Volcarona|69/100|[from] Grassy Terrain\n|upkeep\n|\n|t:|1774126014\n|switch|p2b: Calyrex|Calyrex-Shadow, L50|100/100\n|-ability|p2b: Calyrex|As One\n|-ability|p2b: Calyrex|Unnerve\n|turn|2\n|\n|t:|1774126028\n|move|p1a: Lunala|Wide Guard|p1a: Lunala\n|-singleturn|p1a: Lunala|Wide Guard\n|move|p2b: Calyrex|Astral Barrage|p1b: Volcarona|[spread] \n|-activate|p1a: Lunala|move: Wide Guard\n|-activate|p1b: Volcarona|move: Wide Guard\n|move|p1b: Volcarona|Tailwind|p1b: Volcarona\n|-sidestart|p1: terafireflareblitz|move: Tailwind\n|move|p2a: Rillaboom|Knock Off|p1b: Volcarona\n|-damage|p1b: Volcarona|19/100\n|-damage|p2a: Rillaboom|84/100|[from] item: Rocky Helmet|[of] p1b: Volcarona\n|-enditem|p1b: Volcarona|Rocky Helmet|[from] move: Knock Off|[of] p2a: Rillaboom\n|\n|-heal|p1a: Lunala|29/100|[from] Grassy Terrain\n|-heal|p1b: Volcarona|25/100|[from] Grassy Terrain\n|-heal|p2a: Rillaboom|90/100|[from] Grassy Terrain\n|upkeep\n|turn|3\n|\n|t:|1774126039\n|switch|p1a: Indeedee|Indeedee-F, L50, F|100/100\n|-fieldstart|move: Psychic Terrain|[from] ability: Psychic Surge|[of] p1a: Indeedee\n|move|p1b: Volcarona|Struggle Bug|p2b: Calyrex|[spread] p2a,p2b\n|-supereffective|p2a: Rillaboom\n|-damage|p2a: Rillaboom|52/100\n|-damage|p2b: Calyrex|83/100\n|-unboost|p2b: Calyrex|spa|1\n|move|p2b: Calyrex|Shadow Ball|p1b: Volcarona\n|-damage|p1b: Volcarona|0 fnt\n|faint|p1b: Volcarona\n|-ability|p2b: Calyrex|Grim Neigh|boost\n|-boost|p2b: Calyrex|spa|1\n|move|p2a: Rillaboom|Grassy Glide|p1a: Indeedee\n|-damage|p1a: Indeedee|73/100\n|\n|upkeep\n|\n|t:|1774126051\n|switch|p1b: Lunala|Lunala, L50, shiny|29/100\n|turn|4\n|\n|t:|1774126070\n|move|p1a: Indeedee|Follow Me|p1a: Indeedee\n|-singleturn|p1a: Indeedee|move: Follow Me\n|move|p1b: Lunala|Moongeist Beam|p2b: Calyrex\n|-supereffective|p2b: Calyrex\n|-damage|p2b: Calyrex|0 fnt\n|faint|p2b: Calyrex\n|move|p2a: Rillaboom|Knock Off|p1a: Indeedee\n|-supereffective|p1a: Indeedee\n|-damage|p1a: Indeedee|0 fnt\n|-enditem|p1a: Indeedee|Safety Goggles|[from] move: Knock Off|[of] p2a: Rillaboom\n|faint|p1a: Indeedee\n|\n|upkeep\n|\n|t:|1774126082\n|switch|p2b: Chi-Yu|Chi-Yu, L50|100/100\n|switch|p1a: Koraidon|Koraidon, L50, shiny|100/100\n|-weather|SunnyDay|[from] ability: Orichalcum Pulse|[of] p1a: Koraidon\n|-activate|p1a: Koraidon|Orichalcum Pulse|[source]\n|-ability|p2b: Chi-Yu|Beads of Ruin\n|turn|5\n|\n|t:|1774126106\n|move|p1a: Koraidon|Breaking Swipe|p2a: Rillaboom|[spread] p2a,p2b\n|-damage|p2a: Rillaboom|9/100\n|-damage|p2b: Chi-Yu|36/100\n|-unboost|p2b: Chi-Yu|atk|1\n|-damage|p1a: Koraidon|91/100|[from] item: Life Orb\n|move|p1b: Lunala|Meteor Beam||[still]\n|-prepare|p1b: Lunala|Meteor Beam\n|-boost|p1b: Lunala|spa|1\n|move|p2b: Chi-Yu|Fire Blast|p1a: Koraidon\n|-resisted|p1a: Koraidon\n|-crit|p1a: Koraidon\n|-damage|p1a: Koraidon|0 fnt\n|faint|p1a: Koraidon\n|move|p2a: Rillaboom|Knock Off|p1b: Lunala\n|-supereffective|p1b: Lunala\n|-damage|p1b: Lunala|0 fnt\n|faint|p1b: Lunala\n|\n|win|Pitecus\n|raw|terafireflareblitz's rating: 1388 &rarr; <strong>1366</strong><br />(-22 for losing)\n|raw|Pitecus's rating: 1352 &rarr; <strong>1374</strong><br />(+22 for winning)\n","uploadtime":1774126106,"views":11,"formatid":"gen9vgc2026regi","rating":1366,"private":0,"password":null}