{"id":"gen9vgc2026regi-2516673492","format":"[Gen 9] VGC 2026 Reg I","players":["Cello L.","sille rovert"],"log":"|j|\u2606Cello L.\n|j|\u2606sille rovert\n|t:|1768168303\n|gametype|doubles\n|player|p1|Cello L.|cynthia-gen4|1452\n|player|p2|sille rovert|trevor|1359\n|gen|9\n|tier|[Gen 9] VGC 2026 Reg I\n|rated|\n|rule|Species Clause: Limit one of each Pok\u00e9mon\n|rule|Item Clause: Limit 1 of each item\n|clearpoke\n|poke|p1|Calyrex-Shadow, L50|\n|poke|p1|Zamazenta-*, L50|\n|poke|p1|Chien-Pao, L50|\n|poke|p1|Dragonite, L50, F|\n|poke|p1|Raging Bolt, L50|\n|poke|p1|Amoonguss, L50, M|\n|poke|p2|Smeargle, L50, M|\n|poke|p2|Terapagos, L50, M|\n|poke|p2|Koraidon, L50|\n|poke|p2|Tornadus, L50, M|\n|poke|p2|Raging Bolt, L50|\n|poke|p2|Incineroar, L50, F|\n|teampreview|4\n|\n|t:|1768168363\n|teamsize|p1|4\n|teamsize|p2|4\n|start\n|switch|p1a: Zamazenta|Zamazenta-Crowned, L50|100/100\n|switch|p1b: Chien-Pao|Chien-Pao, L50|100/100\n|switch|p2a: Smeargle|Smeargle, L50, M|100/100\n|switch|p2b: Tornadus|Tornadus, L50, M|100/100\n|-ability|p1b: Chien-Pao|Sword of Ruin\n|-ability|p1a: Zamazenta|Dauntless Shield|boost\n|-boost|p1a: Zamazenta|def|1\n|turn|1\n|inactive|Battle timer is ON: inactive players will automatically lose when time's up. (requested by sille rovert)\n|\n|t:|1768168381\n|move|p2b: Tornadus|Tailwind|p2b: Tornadus\n|-sidestart|p2: sille rovert|move: Tailwind\n|move|p2a: Smeargle|Spore|p1b: Chien-Pao\n|-status|p1b: Chien-Pao|slp|[from] move: Spore\n|cant|p1b: Chien-Pao|slp\n|move|p1a: Zamazenta|Body Press|p2a: Smeargle\n|-supereffective|p2a: Smeargle\n|-enditem|p2a: Smeargle|Focus Sash\n|-damage|p2a: Smeargle|1/100\n|\n|-ability|p2a: Smeargle|Moody|boost\n|-boost|p2a: Smeargle|spe|2\n|-unboost|p2a: Smeargle|atk|1\n|upkeep\n|turn|2\n|\n|t:|1768168396\n|move|p2a: Smeargle|Decorate|p2b: Tornadus\n|-boost|p2b: Tornadus|atk|2\n|-boost|p2b: Tornadus|spa|2\n|move|p2b: Tornadus|Bleakwind Storm|p1a: Zamazenta|[spread] p1a\n|-miss|p2b: Tornadus|p1b: Chien-Pao\n|-damage|p1a: Zamazenta|45/100\n|-unboost|p1a: Zamazenta|spe|1\n|cant|p1b: Chien-Pao|slp\n|move|p1a: Zamazenta|Body Press|p2a: Smeargle\n|-supereffective|p2a: Smeargle\n|-damage|p2a: Smeargle|0 fnt\n|faint|p2a: Smeargle\n|\n|upkeep\n|\n|t:|1768168417\n|switch|p2a: Koraidon|Koraidon, L50|100/100\n|-weather|SunnyDay|[from] ability: Orichalcum Pulse|[of] p2a: Koraidon\n|-activate|p2a: Koraidon|Orichalcum Pulse|[source]\n|turn|3\n|\n|t:|1768168435\n|switch|p1b: Dragonite|Dragonite, L50, F|100/100\n|move|p1a: Zamazenta|Wide Guard|p1a: Zamazenta\n|-singleturn|p1a: Zamazenta|Wide Guard\n|move|p2a: Koraidon|Flame Charge|p1b: Dragonite\n|-resisted|p1b: Dragonite\n|-damage|p1b: Dragonite|82/100\n|-boost|p2a: Koraidon|spe|1\n|move|p2b: Tornadus|Bleakwind Storm|p1a: Zamazenta|[spread] \n|-activate|p1a: Zamazenta|move: Wide Guard\n|-activate|p1b: Dragonite|move: Wide Guard\n|\n|-weather|SunnyDay|[upkeep]\n|upkeep\n|turn|4\n|j| Therazer456\n|\n|t:|1768168458\n|move|p2b: Tornadus|Protect|p2b: Tornadus\n|-singleturn|p2b: Tornadus|Protect\n|move|p1b: Dragonite|Extreme Speed|p2b: Tornadus\n|-activate|p2b: Tornadus|move: Protect\n|move|p2a: Koraidon|Flare Blitz|p1a: Zamazenta\n|-supereffective|p1a: Zamazenta\n|-damage|p1a: Zamazenta|0 fnt\n|faint|p1a: Zamazenta\n|-damage|p2a: Koraidon|84/100|[from] Recoil\n|\n|-weather|SunnyDay|[upkeep]\n|-sideend|p2: sille rovert|move: Tailwind\n|upkeep\n|\n|t:|1768168472\n|switch|p1a: Calyrex|Calyrex-Shadow, L50|100/100\n|-ability|p1a: Calyrex|As One\n|-ability|p1a: Calyrex|Unnerve\n|turn|5\n|\n|t:|1768168480\n|move|p1b: Dragonite|Extreme Speed|p2a: Koraidon\n|-damage|p2a: Koraidon|40/100\n|move|p2b: Tornadus|Tailwind|p2b: Tornadus\n|-sidestart|p2: sille rovert|move: Tailwind\n|move|p2a: Koraidon|Flare Blitz|p1a: Calyrex\n|-enditem|p1a: Calyrex|Focus Sash\n|-damage|p1a: Calyrex|1/100\n|-damage|p2a: Koraidon|7/100|[from] Recoil\n|move|p1a: Calyrex|Encore|p2b: Tornadus\n|-start|p2b: Tornadus|Encore\n|\n|-weather|SunnyDay|[upkeep]\n|upkeep\n|turn|6\n|\n|t:|1768168502\n|switch|p2b: Terapagos|Terapagos, L50, M|100/100\n|-activate|p2b: Terapagos|ability: Tera Shift\n|detailschange|p2b: Terapagos|Terapagos-Terastal, L50, M\n|-heal|p2b: Terapagos|100/100|[silent]\n|move|p1b: Dragonite|Extreme Speed|p2a: Koraidon\n|-damage|p2a: Koraidon|0 fnt\n|faint|p2a: Koraidon\n|move|p1a: Calyrex|Astral Barrage|p2b: Terapagos\n|-immune|p2b: Terapagos\n|\n|-weather|SunnyDay|[upkeep]\n|upkeep\n|\n|t:|1768168514\n|switch|p2a: Tornadus|Tornadus, L50, M|100/100\n|turn|7\n|\n|t:|1768168535\n|switch|p1a: Chien-Pao|Chien-Pao, L50|100/100 slp\n|-ability|p1a: Chien-Pao|Sword of Ruin\n|move|p1b: Dragonite|Extreme Speed|p2a: Tornadus\n|-damage|p2a: Tornadus|28/100\n|move|p2a: Tornadus|Bleakwind Storm|p1b: Dragonite|[spread] p1a,p1b\n|-damage|p1a: Chien-Pao|62/100 slp\n|-damage|p1b: Dragonite|37/100\n|move|p2b: Terapagos|Tera Starstorm|p1b: Dragonite\n|-damage|p1b: Dragonite|0 fnt\n|faint|p1b: Dragonite\n|\n|-weather|none\n|upkeep\n|\n|t:|1768168549\n|switch|p1b: Calyrex|Calyrex-Shadow, L50|1/100\n|-ability|p1b: Calyrex|As One\n|-ability|p1b: Calyrex|Unnerve\n|turn|8\n|\n|t:|1768168575\n|-terastallize|p2b: Terapagos|Stellar\n|detailschange|p2b: Terapagos|Terapagos-Stellar, L50, M, tera:Stellar\n|-heal|p2b: Terapagos|100/100|[silent]\n|move|p2a: Tornadus|Protect|p2a: Tornadus\n|-singleturn|p2a: Tornadus|Protect\n|move|p1b: Calyrex|Protect|p1b: Calyrex\n|-singleturn|p1b: Calyrex|Protect\n|cant|p1a: Chien-Pao|slp\n|move|p2b: Terapagos|Tera Starstorm|p1a: Chien-Pao|[spread] p1a\n|-activate|p1b: Calyrex|move: Protect\n|-damage|p1a: Chien-Pao|6/100 slp\n|\n|-sideend|p2: sille rovert|move: Tailwind\n|upkeep\n|turn|9\n|\n|t:|1768168596\n|move|p2a: Tornadus|Taunt|p1b: Calyrex\n|-start|p1b: Calyrex|move: Taunt\n|move|p1b: Calyrex|Psychic|p2b: Terapagos\n|-damage|p2b: Terapagos|62/100\n|-curestatus|p1a: Chien-Pao|slp|[msg]\n|move|p1a: Chien-Pao|Ice Spinner|p2b: Terapagos\n|-damage|p2b: Terapagos|30/100\n|move|p2b: Terapagos|Tera Starstorm|p1a: Chien-Pao|[spread] p1a,p1b\n|-damage|p1a: Chien-Pao|0 fnt\n|-damage|p1b: Calyrex|0 fnt\n|faint|p1a: Chien-Pao\n|faint|p1b: Calyrex\n|\n|win|sille rovert\n|raw|Cello L.'s rating: 1452 &rarr; <strong>1427</strong><br />(-25 for losing)\n|raw|sille rovert's rating: 1359 &rarr; <strong>1384</strong><br />(+25 for winning)\n|l|\u2606Cello L.\n|player|p1|\n|l|\u2606sille rovert\n|player|p2|\n","uploadtime":1768168788,"views":16,"formatid":"gen9vgc2026regi","rating":1384,"private":0,"password":null}