{"id":"gen9vgc2026regi-2547875684","format":"[Gen 9] VGC 2026 Reg I","players":["ItsgoodSteve","Zorse Mentality"],"log":"|j|\u2606ItsgoodSteve\n|j|\u2606Zorse Mentality\n|t:|1772140408\n|gametype|doubles\n|player|p1|ItsgoodSteve|101|1347\n|player|p2|Zorse Mentality|265|1408\n|gen|9\n|tier|[Gen 9] VGC 2026 Reg I\n|rated|\n|rule|Species Clause: Limit one of each Pok\u00e9mon\n|rule|Item Clause: Limit 1 of each item\n|clearpoke\n|poke|p1|Calyrex-Ice, L50|\n|poke|p1|Smeargle, L50, F|\n|poke|p1|Whimsicott, L50, M|\n|poke|p1|Miraidon, L50|\n|poke|p1|Incineroar, L50, M|\n|poke|p1|Ursaluna, L50, M|\n|poke|p2|Calyrex-Shadow, L50|\n|poke|p2|Miraidon, L50|\n|poke|p2|Dondozo, L50, M|\n|poke|p2|Tatsugiri, L50, F|\n|poke|p2|Weezing-Galar, L50, F|\n|poke|p2|Raichu-Alola, L50, M|\n|teampreview|4\n|\n|t:|1772140436\n|teamsize|p1|4\n|teamsize|p2|4\n|start\n|switch|p1a: Smeargle|Smeargle, L50, F|100/100\n|switch|p1b: Calyrex|Calyrex-Ice, L50|100/100\n|switch|p2a: Calyrex|Calyrex-Shadow, L50|100/100\n|switch|p2b: Weezing|Weezing-Galar, L50, F|100/100\n|-ability|p2b: Weezing|Neutralizing Gas\n|-ability|p2a: Calyrex|As One\n|-ability|p2a: Calyrex|Unnerve\n|-ability|p1b: Calyrex|As One\n|-ability|p1b: Calyrex|Unnerve\n|turn|1\n|inactive|Battle timer is ON: inactive players will automatically lose when time's up. (requested by Zorse Mentality)\n|inactive|Zorse Mentality has 60 seconds left.\n|inactive|Zorse Mentality has 30 seconds left.\n|\n|t:|1772140503\n|move|p1a: Smeargle|Wide Guard|p1a: Smeargle\n|-singleturn|p1a: Smeargle|Wide Guard\n|move|p2a: Calyrex|Astral Barrage|p1b: Calyrex|[spread] \n|-activate|p1a: Smeargle|move: Wide Guard\n|-activate|p1b: Calyrex|move: Wide Guard\n|move|p2b: Weezing|Poison Gas|p1b: Calyrex|[spread] \n|-activate|p1a: Smeargle|move: Wide Guard\n|-activate|p1b: Calyrex|move: Wide Guard\n|move|p1b: Calyrex|Glacial Lance|p2b: Weezing|[spread] p2a,p2b\n|-damage|p2a: Calyrex|29/100\n|-damage|p2b: Weezing|53/100\n|\n|-heal|p2b: Weezing|59/100|[from] item: Leftovers\n|upkeep\n|turn|2\n|inactive|Zorse Mentality has 30 seconds left.\n|inactive|Zorse Mentality has 20 seconds left.\n|inactive|Zorse Mentality has 15 seconds left.\n|inactive|Zorse Mentality has 10 seconds left.\n|\n|t:|1772140553\n|move|p2a: Calyrex|Protect|p2a: Calyrex\n|-singleturn|p2a: Calyrex|Protect\n|move|p1a: Smeargle|Wide Guard|p1a: Smeargle\n|-singleturn|p1a: Smeargle|Wide Guard\n|move|p2b: Weezing|Taunt|p1a: Smeargle\n|-start|p1a: Smeargle|move: Taunt\n|move|p1b: Calyrex|High Horsepower|p2b: Weezing\n|-supereffective|p2b: Weezing\n|-damage|p2b: Weezing|0 fnt\n|faint|p2b: Weezing\n|-end|p2b: Weezing|ability: Neutralizing Gas\n|-ability|p1b: Calyrex|Chilling Neigh|boost\n|-boost|p1b: Calyrex|atk|1\n|\n|-ability|p1a: Smeargle|Moody|boost\n|-boost|p1a: Smeargle|atk|2\n|-unboost|p1a: Smeargle|spa|1\n|upkeep\n|\n|t:|1772140571\n|switch|p2b: Dondozo|Dondozo, L50, M|100/100\n|turn|3\n|\n|t:|1772140583\n|switch|p2a: Tatsugiri|Tatsugiri, L50, F|100/100\n|-activate|p2a: Tatsugiri|ability: Commander|[of] p2b: Dondozo\n|-boost|p2b: Dondozo|atk|2\n|-boost|p2b: Dondozo|spa|2\n|-boost|p2b: Dondozo|spe|2\n|-boost|p2b: Dondozo|def|2\n|-boost|p2b: Dondozo|spd|2\n|switch|p1a: Whimsicott|Whimsicott, L50, M|100/100\n|-terastallize|p1b: Calyrex|Fire\n|move|p2b: Dondozo|Earthquake|p1a: Whimsicott|[spread] p1a,p1b\n|-miss|p2b: Dondozo|p2a: Tatsugiri\n|-resisted|p1a: Whimsicott\n|-supereffective|p1b: Calyrex\n|-damage|p1a: Whimsicott|81/100\n|-damage|p1b: Calyrex|55/100\n|move|p1b: Calyrex|Glacial Lance|p2b: Dondozo|[spread] p2b\n|-miss|p1b: Calyrex|p2a: Tatsugiri\n|-resisted|p2b: Dondozo\n|-damage|p2b: Dondozo|92/100\n|\n|upkeep\n|turn|4\n|inactive|ItsgoodSteve has 30 seconds left.\n|inactive|ItsgoodSteve has 20 seconds left.\n|inactive|ItsgoodSteve has 15 seconds left.\n|inactive|ItsgoodSteve has 10 seconds left.\n|inactive|ItsgoodSteve has 5 seconds left.\n|\n|t:|1772140636\n|move|p1a: Whimsicott|Tailwind|p1a: Whimsicott\n|-sidestart|p1: ItsgoodSteve|move: Tailwind\n|move|p1b: Calyrex|Glacial Lance|p2b: Dondozo|[spread] p2b\n|-miss|p1b: Calyrex|p2a: Tatsugiri\n|-resisted|p2b: Dondozo\n|-damage|p2b: Dondozo|83/100\n|move|p2b: Dondozo|Earthquake|p1a: Whimsicott|[spread] p1a,p1b\n|-miss|p2b: Dondozo|p2a: Tatsugiri\n|-resisted|p1a: Whimsicott\n|-supereffective|p1b: Calyrex\n|-damage|p1a: Whimsicott|60/100\n|-damage|p1b: Calyrex|15/100\n|\n|upkeep\n|turn|5\n|-message|ItsgoodSteve forfeited.\n|\n|win|Zorse Mentality\n|raw|ItsgoodSteve's rating: 1347 &rarr; <strong>1330</strong><br />(-17 for losing)\n|raw|Zorse Mentality's rating: 1408 &rarr; <strong>1425</strong><br />(+17 for winning)\n|l|\u2606ItsgoodSteve\n|player|p1|\n|l|\u2606Zorse Mentality\n|player|p2|\n","uploadtime":1772140885,"views":11,"formatid":"gen9vgc2026regi","rating":1330,"private":0,"password":null}