{"id":"gen9vgc2026regi-2552309779","format":"[Gen 9] VGC 2026 Reg I","players":["Iron Bouldering","drive stone"],"log":"|j|\u2606Iron Bouldering\n|j|\u2606drive stone\n|t:|1772706145\n|gametype|doubles\n|player|p1|Iron Bouldering|170|1416\n|player|p2|drive stone|cilan|1482\n|gen|9\n|tier|[Gen 9] VGC 2026 Reg I\n|rated|\n|rule|Species Clause: Limit one of each Pok\u00e9mon\n|rule|Item Clause: Limit 1 of each item\n|clearpoke\n|poke|p1|Calyrex-Ice, L50|\n|poke|p1|Flutter Mane, L50|\n|poke|p1|Chi-Yu, L50|\n|poke|p1|Incineroar, L50, M|\n|poke|p1|Koraidon, L50|\n|poke|p1|Raging Bolt, L50|\n|poke|p2|Calyrex-Ice, L50|\n|poke|p2|Farigiraf, L50, F|\n|poke|p2|Scraggy, L50, F|\n|poke|p2|Iron Treads, L50|\n|poke|p2|Iron Hands, L50|\n|poke|p2|Miraidon, L50|\n|teampreview|4\n|inactive|Battle timer is ON: inactive players will automatically lose when time's up. (requested by Iron Bouldering)\n|inactive|Iron Bouldering has 60 seconds left.\n|\n|t:|1772706184\n|teamsize|p1|4\n|teamsize|p2|4\n|start\n|switch|p1a: Flutter Mane|Flutter Mane, L50|100/100\n|switch|p1b: Chi-Yu|Chi-Yu, L50|100/100\n|switch|p2a: Iron Treads|Iron Treads, L50|100/100\n|switch|p2b: Miraidon|Miraidon, L50|100/100\n|-ability|p1b: Chi-Yu|Beads of Ruin\n|-fieldstart|move: Electric Terrain|[from] ability: Hadron Engine|[of] p2b: Miraidon\n|-activate|p2a: Iron Treads|ability: Quark Drive\n|-start|p2a: Iron Treads|quarkdrivespe\n|turn|1\n|inactive|drive stone has 30 seconds left.\n|inactive|Iron Bouldering has 30 seconds left.\n|inactive|drive stone has 20 seconds left.\n|inactive|Iron Bouldering has 20 seconds left.\n|inactive|Iron Bouldering has 15 seconds left.\n|inactive|Iron Bouldering has 10 seconds left.\n|\n|t:|1772706240\n|switch|p1b: Calyrex|Calyrex-Ice, L50|100/100\n|-ability|p1b: Calyrex|As One\n|-ability|p1b: Calyrex|Unnerve\n|move|p2a: Iron Treads|High Horsepower|p1b: Calyrex|[miss]\n|-miss|p2a: Iron Treads|p1b: Calyrex\n|move|p1a: Flutter Mane|Moonblast|p2b: Miraidon\n|-supereffective|p2b: Miraidon\n|-damage|p2b: Miraidon|19/100\n|move|p2b: Miraidon|Volt Switch|p1a: Flutter Mane\n|-enditem|p1a: Flutter Mane|Focus Sash\n|-damage|p1a: Flutter Mane|1/100\n|\n|t:|1772706260\n|switch|p2b: Scraggy|Scraggy, L50, F|100/100|[from] Volt Switch\n|-ability|p2b: Scraggy|Intimidate|boost\n|-unboost|p1a: Flutter Mane|atk|1\n|-unboost|p1b: Calyrex|atk|1\n|\n|upkeep\n|turn|2\n|\n|t:|1772706284\n|switch|p1b: Koraidon|Koraidon, L50|100/100\n|-weather|SunnyDay|[from] ability: Orichalcum Pulse|[of] p1b: Koraidon\n|-activate|p1a: Flutter Mane|ability: Protosynthesis\n|-start|p1a: Flutter Mane|protosynthesisspe\n|-activate|p1b: Koraidon|Orichalcum Pulse|[source]\n|move|p2b: Scraggy|Fake Out|p1b: Koraidon\n|-damage|p1b: Koraidon|93/100\n|move|p1a: Flutter Mane|Moonblast|p2b: Scraggy\n|-supereffective|p2b: Scraggy\n|-damage|p2b: Scraggy|0 fnt\n|faint|p2b: Scraggy\n|move|p2a: Iron Treads|High Horsepower|p1a: Flutter Mane\n|-damage|p1a: Flutter Mane|0 fnt\n|faint|p1a: Flutter Mane\n|-end|p1a: Flutter Mane|Protosynthesis|[silent]\n|-damage|p2a: Iron Treads|91/100|[from] item: Life Orb\n|\n|-weather|SunnyDay|[upkeep]\n|upkeep\n|\n|t:|1772706303\n|switch|p1a: Chi-Yu|Chi-Yu, L50|100/100\n|switch|p2b: Calyrex|Calyrex-Ice, L50|100/100\n|-ability|p2b: Calyrex|As One\n|-ability|p2b: Calyrex|Unnerve\n|-ability|p1a: Chi-Yu|Beads of Ruin\n|turn|3\n|inactive|Iron Bouldering has 30 seconds left.\n|\n|t:|1772706334\n|switch|p1b: Calyrex|Calyrex-Ice, L50|100/100\n|-ability|p1b: Calyrex|As One\n|-ability|p1b: Calyrex|Unnerve\n|-terastallize|p1a: Chi-Yu|Ghost\n|move|p2a: Iron Treads|Protect|p2a: Iron Treads\n|-singleturn|p2a: Iron Treads|Protect\n|move|p2b: Calyrex|Protect|p2b: Calyrex\n|-singleturn|p2b: Calyrex|Protect\n|move|p1a: Chi-Yu|Heat Wave|p2b: Calyrex|[spread] \n|-activate|p2a: Iron Treads|move: Protect\n|-activate|p2b: Calyrex|move: Protect\n|\n|-weather|SunnyDay|[upkeep]\n|upkeep\n|turn|4\n|inactive|Iron Bouldering has 30 seconds left.\n|inactive|Iron Bouldering has 20 seconds left.\n|\n|t:|1772706373\n|-terastallize|p2b: Calyrex|Fire\n|move|p2a: Iron Treads|Knock Off|p1a: Chi-Yu\n|-supereffective|p1a: Chi-Yu\n|-damage|p1a: Chi-Yu|0 fnt\n|-enditem|p1a: Chi-Yu|Choice Scarf|[from] move: Knock Off|[of] p2a: Iron Treads\n|faint|p1a: Chi-Yu\n|-damage|p2a: Iron Treads|81/100|[from] item: Life Orb\n|move|p1b: Calyrex|Leech Seed|p2b: Calyrex\n|-start|p2b: Calyrex|move: Leech Seed\n|move|p2b: Calyrex|Glacial Lance|p1b: Calyrex\n|-resisted|p1b: Calyrex\n|-damage|p1b: Calyrex|77/100\n|\n|-weather|SunnyDay|[upkeep]\n|-heal|p1b: Calyrex|83/100|[from] item: Leftovers\n|-damage|p2b: Calyrex|88/100|[from] Leech Seed|[of] p1b: Calyrex\n|-heal|p1b: Calyrex|95/100|[silent]\n|upkeep\n|\n|t:|1772706378\n|switch|p1a: Koraidon|Koraidon, L50|93/100\n|-activate|p1a: Koraidon|ability: Orichalcum Pulse\n|turn|5\n|inactive|drive stone has 30 seconds left.\n|\n|t:|1772706408\n|move|p2a: Iron Treads|Protect|p2a: Iron Treads\n|-singleturn|p2a: Iron Treads|Protect\n|move|p2b: Calyrex|Protect|p2b: Calyrex\n|-singleturn|p2b: Calyrex|Protect\n|move|p1a: Koraidon|Low Kick|p2b: Calyrex\n|-activate|p2b: Calyrex|move: Protect\n|move|p1b: Calyrex|Glacial Lance|p2b: Calyrex|[spread] \n|-activate|p2a: Iron Treads|move: Protect\n|-activate|p2b: Calyrex|move: Protect\n|\n|-weather|SunnyDay|[upkeep]\n|-heal|p1b: Calyrex|100/100|[from] item: Leftovers\n|-damage|p2b: Calyrex|76/100|[from] Leech Seed|[of] p1b: Calyrex\n|-fieldend|move: Electric Terrain\n|-end|p2a: Iron Treads|Quark Drive\n|upkeep\n|turn|6\n|\n|t:|1772706429\n|move|p1a: Koraidon|Low Kick|p2b: Calyrex\n|-damage|p2b: Calyrex|20/100\n|move|p2a: Iron Treads|Knock Off|p1a: Koraidon\n|-resisted|p1a: Koraidon\n|-damage|p1a: Koraidon|76/100\n|-enditem|p1a: Koraidon|Clear Amulet|[from] move: Knock Off|[of] p2a: Iron Treads\n|-damage|p2a: Iron Treads|72/100|[from] item: Life Orb\n|move|p1b: Calyrex|Glacial Lance|p2b: Calyrex|[spread] p2a,p2b\n|-resisted|p2b: Calyrex\n|-damage|p2a: Iron Treads|20/100\n|-damage|p2b: Calyrex|3/100\n|move|p2b: Calyrex|Glacial Lance|p1a: Koraidon|[spread] p1a,p1b\n|-supereffective|p1a: Koraidon\n|-resisted|p1b: Calyrex\n|-damage|p1a: Koraidon|0 fnt\n|-damage|p1b: Calyrex|81/100\n|faint|p1a: Koraidon\n|-ability|p2b: Calyrex|Chilling Neigh|boost\n|-boost|p2b: Calyrex|atk|1\n|\n|-weather|none\n|-heal|p1b: Calyrex|86/100|[from] item: Leftovers\n|-damage|p2b: Calyrex|0 fnt|[from] Leech Seed|[of] p1b: Calyrex\n|-heal|p1b: Calyrex|89/100|[silent]\n|faint|p2b: Calyrex\n|upkeep\n|\n|t:|1772706452\n|switch|p2b: Miraidon|Miraidon, L50|19/100\n|-fieldstart|move: Electric Terrain|[from] ability: Hadron Engine|[of] p2b: Miraidon\n|-activate|p2a: Iron Treads|ability: Quark Drive\n|-start|p2a: Iron Treads|quarkdrivespe\n|turn|7\n|\n|t:|1772706462\n|move|p2a: Iron Treads|Iron Head|p1b: Calyrex\n|-supereffective|p1b: Calyrex\n|-damage|p1b: Calyrex|24/100\n|-damage|p2a: Iron Treads|11/100|[from] item: Life Orb\n|move|p2b: Miraidon|Electro Drift|p1b: Calyrex\n|-damage|p1b: Calyrex|0 fnt\n|faint|p1b: Calyrex\n|\n|win|drive stone\n|raw|Iron Bouldering's rating: 1416 &rarr; <strong>1400</strong><br />(-16 for losing)\n|raw|drive stone's rating: 1482 &rarr; <strong>1498</strong><br />(+16 for winning)\n|l|\u2606Iron Bouldering\n|player|p1|\n|l|\u2606drive stone\n|player|p2|\n","uploadtime":1772706629,"views":13,"formatid":"gen9vgc2026regi","rating":1400,"private":0,"password":null}