{"id":"gen9vgc2026regi-2528637287","format":"[Gen 9] VGC 2026 Reg I","players":["i\u2764\u5a1c\u7984forever","we all hate ursf"],"log":"|j|\u2606i\u2764\u5a1c\u7984forever\n|j|\u2606we all hate ursf\n|t:|1769689520\n|gametype|doubles\n|player|p1|i\u2764\u5a1c\u7984forever|youngcouple-gen4dp|1500\n|player|p2|we all hate ursf|shadowtriad|1476\n|gen|9\n|tier|[Gen 9] VGC 2026 Reg I\n|rated|\n|rule|Species Clause: Limit one of each Pok\u00e9mon\n|rule|Item Clause: Limit 1 of each item\n|clearpoke\n|poke|p1|Groudon, L50|\n|poke|p1|Kyurem-White, L50|\n|poke|p1|Heatran, L50, F|\n|poke|p1|Whimsicott, L50, F|\n|poke|p1|Roaring Moon, L50|\n|poke|p1|Ditto, L50|\n|poke|p2|Calyrex-Ice, L50|\n|poke|p2|Lunala, L50|\n|poke|p2|Indeedee-F, L50, F|\n|poke|p2|Smeargle, L50, F|\n|poke|p2|Torkoal, L50, M|\n|poke|p2|Urshifu-*, L50, F|\n|teampreview|4\n|inactive|Battle timer is ON: inactive players will automatically lose when time's up. (requested by we all hate ursf)\n|j| dasabe\u76d6\u6b27\u5361\u4fa0\n|\n|t:|1769689541\n|teamsize|p1|4\n|teamsize|p2|4\n|start\n|switch|p1a: Heatran|Heatran, L50, F|100/100\n|switch|p1b: Kyurem|Kyurem-White, L50|100/100\n|switch|p2a: Calyrex|Calyrex-Ice, L50|100/100\n|switch|p2b: Smeargle|Smeargle, L50, F|100/100\n|-ability|p2a: Calyrex|As One\n|-ability|p2a: Calyrex|Unnerve\n|-ability|p1b: Kyurem|Turboblaze\n|turn|1\n|\n|t:|1769689556\n|move|p2b: Smeargle|Fake Out|p1a: Heatran\n|-resisted|p1a: Heatran\n|-damage|p1a: Heatran|98/100\n|-status|p2b: Smeargle|brn|[from] ability: Flame Body|[of] p1a: Heatran\n|move|p1b: Kyurem|Blizzard|p2b: Smeargle|[spread] p2a,p2b\n|-resisted|p2a: Calyrex\n|-damage|p2a: Calyrex|79/100\n|-enditem|p2b: Smeargle|Focus Sash\n|-damage|p2b: Smeargle|1/100 brn\n|cant|p1a: Heatran|flinch\n|move|p2a: Calyrex|Trick Room|p2a: Calyrex\n|-fieldstart|move: Trick Room|[of] p2a: Calyrex\n|\n|-heal|p1a: Heatran|100/100|[from] item: Leftovers\n|-damage|p2b: Smeargle|0 fnt|[from] brn\n|faint|p2b: Smeargle\n|upkeep\n|\n|t:|1769689568\n|switch|p2b: Lunala|Lunala, L50|100/100\n|turn|2\n|\n|t:|1769689590\n|-terastallize|p2a: Calyrex|Fire\n|move|p2a: Calyrex|Close Combat|p1a: Heatran\n|-supereffective|p1a: Heatran\n|-damage|p1a: Heatran|10/100\n|-unboost|p2a: Calyrex|def|1\n|-unboost|p2a: Calyrex|spd|1\n|move|p2b: Lunala|Meteor Beam||[still]\n|-prepare|p2b: Lunala|Meteor Beam\n|-boost|p2b: Lunala|spa|1\n|-enditem|p2b: Lunala|Power Herb\n|-anim|p2b: Lunala|Meteor Beam|p1b: Kyurem\n|-supereffective|p1b: Kyurem\n|-damage|p1b: Kyurem|0 fnt\n|faint|p1b: Kyurem\n|move|p1a: Heatran|Substitute|p1a: Heatran\n|-fail|p1a: Heatran|move: Substitute|[weak]\n|\n|-heal|p1a: Heatran|16/100|[from] item: Leftovers\n|upkeep\n|\n|t:|1769689607\n|switch|p1b: Groudon|Groudon, L50|100/100\n|-weather|SunnyDay|[from] ability: Drought|[of] p1b: Groudon\n|turn|3\n|\n|t:|1769689614\n|move|p1a: Heatran|Protect|p1a: Heatran\n|-singleturn|p1a: Heatran|Protect\n|move|p2a: Calyrex|Glacial Lance|p1a: Heatran|[spread] p1b\n|-activate|p1a: Heatran|move: Protect\n|-supereffective|p1b: Groudon\n|-damage|p1b: Groudon|25/100\n|move|p2b: Lunala|Moongeist Beam|p1b: Groudon\n|-damage|p1b: Groudon|0 fnt\n|faint|p1b: Groudon\n|\n|-weather|SunnyDay|[upkeep]\n|-heal|p1a: Heatran|22/100|[from] item: Leftovers\n|upkeep\n|\n|t:|1769689624\n|switch|p1b: Ditto|Ditto, L50|100/100\n|-transform|p1b: Ditto|p2a: Calyrex|[from] ability: Imposter\n|-ability|p1b: Ditto|As One\n|-ability|p1b: Ditto|Unnerve\n|-start|p1b: Ditto|typechange|Psychic/Ice|[silent]\n|turn|4\n|\n|t:|1769689632\n|move|p2a: Calyrex|Glacial Lance|p1b: Ditto|[spread] p1a\n|-miss|p2a: Calyrex|p1b: Ditto\n|-resisted|p1a: Heatran\n|-damage|p1a: Heatran|10/100\n|move|p1b: Ditto|Glacial Lance|p2a: Calyrex|[spread] p2a,p2b\n|-resisted|p2a: Calyrex\n|-damage|p2a: Calyrex|55/100\n|-damage|p2b: Lunala|76/100\n|move|p2b: Lunala|Moongeist Beam|p1b: Ditto|[miss]\n|-miss|p2b: Lunala|p1b: Ditto\n|move|p1a: Heatran|Substitute|p1a: Heatran\n|-fail|p1a: Heatran|move: Substitute|[weak]\n|\n|-weather|SunnyDay|[upkeep]\n|-heal|p1a: Heatran|16/100|[from] item: Leftovers\n|upkeep\n|turn|5\n|inactive|i\u2764\u5a1c\u7984forever has 30 seconds left.\n|\n|t:|1769689661\n|move|p1b: Ditto|Glacial Lance|p2b: Lunala|[spread] p2a,p2b\n|-resisted|p2a: Calyrex\n|-damage|p2a: Calyrex|31/100\n|-damage|p2b: Lunala|32/100\n|move|p2a: Calyrex|Close Combat|p1a: Heatran\n|-supereffective|p1a: Heatran\n|-damage|p1a: Heatran|0 fnt\n|-unboost|p2a: Calyrex|def|1\n|-unboost|p2a: Calyrex|spd|1\n|faint|p1a: Heatran\n|-ability|p2a: Calyrex|Chilling Neigh|boost\n|-boost|p2a: Calyrex|atk|1\n|move|p2b: Lunala|Moongeist Beam|p1b: Ditto|[miss]\n|-miss|p2b: Lunala|p1b: Ditto\n|\n|-weather|SunnyDay|[upkeep]\n|-fieldend|move: Trick Room\n|upkeep\n|turn|6\n|\n|t:|1769689686\n|-terastallize|p1b: Ditto|Dark\n|move|p2b: Lunala|Moongeist Beam|p1b: Ditto\n|-resisted|p1b: Ditto\n|-damage|p1b: Ditto|34/100\n|move|p1b: Ditto|Glacial Lance|p2a: Calyrex|[spread] p2a,p2b\n|-resisted|p2a: Calyrex\n|-damage|p2a: Calyrex|0 fnt\n|-damage|p2b: Lunala|0 fnt\n|faint|p2a: Calyrex\n|faint|p2b: Lunala\n|-ability|p1b: Ditto|Chilling Neigh|boost\n|-boost|p1b: Ditto|atk|2\n|\n|-weather|SunnyDay|[upkeep]\n|upkeep\n|-message|we all hate ursf forfeited.\n|\n|win|i\u2764\u5a1c\u7984forever\n|raw|i\u2764\u5a1c\u7984forever's rating: 1500 &rarr; <strong>1519</strong><br />(+19 for winning)\n|raw|we all hate ursf's rating: 1476 &rarr; <strong>1457</strong><br />(-19 for losing)\n|l|\u2606we all hate ursf\n|player|p2|\n|l|\u2606i\u2764\u5a1c\u7984forever\n|player|p1|\n|l| dasabe\u76d6\u6b27\u5361\u4fa0\n","uploadtime":1769689964,"views":60,"formatid":"gen9vgc2026regi","rating":1457,"private":0,"password":null}