{"id":"gen9vgc2026regi-2590019889","format":"[Gen 9] VGC 2026 Reg I","players":["buggybrain","stupid test7"],"log":"|j|\u2606buggybrain\n|j|\u2606stupid test7\n|t:|1776781717\n|gametype|doubles\n|player|p1|buggybrain|hiker-gen4|1561\n|player|p2|stupid test7|265|1513\n|gen|9\n|tier|[Gen 9] VGC 2026 Reg I\n|rated|\n|rule|Species Clause: Limit one of each Pok\u00e9mon\n|rule|Item Clause: Limit 1 of each item\n|clearpoke\n|poke|p1|Zacian-*, L50|\n|poke|p1|Regidrago, L50|\n|poke|p1|Smeargle, L50, M|\n|poke|p1|Tornadus, L50, M|\n|poke|p1|Groudon, L50|\n|poke|p1|Ditto, L50|\n|poke|p2|Kyogre, L50|\n|poke|p2|Indeedee-F, L50, F|\n|poke|p2|Ludicolo, L50, F|\n|poke|p2|Urshifu-*, L50, F|\n|poke|p2|Calyrex-Ice, L50|\n|poke|p2|Wyrdeer, L50, F|\n|teampreview|4\n|inactive|Battle timer is ON: inactive players will automatically lose when time's up. (requested by buggybrain)\n|\n|t:|1776781748\n|teamsize|p1|4\n|teamsize|p2|4\n|start\n|switch|p1a: Regidrago|Regidrago, L50|100/100\n|switch|p1b: Tornadus|Tornadus, L50, M|100/100\n|switch|p2a: Indeedee|Indeedee-F, L50, F|100/100\n|switch|p2b: Wyrdeer|Wyrdeer, L50, F|100/100\n|-fieldstart|move: Psychic Terrain|[from] ability: Psychic Surge|[of] p2a: Indeedee\n|-enditem|p2a: Indeedee|Psychic Seed\n|-boost|p2a: Indeedee|spd|1|[from] item: Psychic Seed\n|-ability|p2b: Wyrdeer|Intimidate|boost\n|-unboost|p1a: Regidrago|atk|1\n|-unboost|p1b: Tornadus|atk|1\n|turn|1\n|\n|t:|1776781776\n|move|p1b: Tornadus|Bleakwind Storm|p2b: Wyrdeer|[spread] p2a,p2b\n|-damage|p2a: Indeedee|71/100\n|-damage|p2b: Wyrdeer|66/100\n|-unboost|p2b: Wyrdeer|spe|1\n|move|p1a: Regidrago|Dragon Energy|p2a: Indeedee|[spread] p2a,p2b\n|-damage|p2a: Indeedee|15/100\n|-damage|p2b: Wyrdeer|0 fnt\n|faint|p2b: Wyrdeer\n|move|p2a: Indeedee|Baton Pass|p2a: Indeedee\n|\n|t:|1776781779\n|switch|p2a: Calyrex|Calyrex-Ice, L50|100/100|[from] Baton Pass\n|-ability|p2a: Calyrex|As One\n|-ability|p2a: Calyrex|Unnerve\n|\n|upkeep\n|\n|t:|1776781784\n|switch|p2b: Kyogre|Kyogre, L50|100/100\n|-weather|RainDance|[from] ability: Drizzle|[of] p2b: Kyogre\n|turn|2\n|\n|t:|1776781800\n|-terastallize|p1b: Tornadus|Steel\n|-terastallize|p2a: Calyrex|Fairy\n|move|p1b: Tornadus|Sunny Day|p1b: Tornadus\n|-weather|SunnyDay\n|move|p2b: Kyogre|Icy Wind|p1a: Regidrago|[spread] p1a,p1b\n|-supereffective|p1a: Regidrago\n|-resisted|p1b: Tornadus\n|-damage|p1a: Regidrago|63/100\n|-damage|p1b: Tornadus|92/100\n|-unboost|p1a: Regidrago|spe|1\n|-unboost|p1b: Tornadus|spe|1\n|move|p2a: Calyrex|Substitute|p2a: Calyrex\n|-start|p2a: Calyrex|Substitute\n|-damage|p2a: Calyrex|76/100\n|move|p1a: Regidrago|Dragon Energy|p2a: Calyrex|[spread] p2b\n|-immune|p2a: Calyrex\n|-damage|p2b: Kyogre|56/100\n|\n|-weather|SunnyDay|[upkeep]\n|-heal|p2a: Calyrex|82/100|[from] item: Leftovers\n|upkeep\n|turn|3\n|inactive|buggybrain has 30 seconds left.\n|inactive|stupid test7 has 30 seconds left.\n|\n|t:|1776781829\n|move|p2b: Kyogre|Icy Wind|p1a: Regidrago|[spread] p1a,p1b\n|-supereffective|p1a: Regidrago\n|-resisted|p1b: Tornadus\n|-damage|p1a: Regidrago|29/100\n|-damage|p1b: Tornadus|84/100\n|-unboost|p1a: Regidrago|spe|1\n|-unboost|p1b: Tornadus|spe|1\n|move|p2a: Calyrex|Glacial Lance|p1a: Regidrago|[spread] p1a,p1b\n|-supereffective|p1a: Regidrago\n|-resisted|p1b: Tornadus\n|-damage|p1a: Regidrago|0 fnt\n|-damage|p1b: Tornadus|57/100\n|faint|p1a: Regidrago\n|-ability|p2a: Calyrex|Chilling Neigh|boost\n|-boost|p2a: Calyrex|atk|1\n|move|p1b: Tornadus|Bleakwind Storm|p2a: Calyrex|[spread] p2a,p2b\n|-activate|p2a: Calyrex|move: Substitute|[damage]\n|-damage|p2b: Kyogre|22/100\n|\n|-weather|SunnyDay|[upkeep]\n|-heal|p2a: Calyrex|87/100|[from] item: Leftovers\n|upkeep\n|inactive|buggybrain has 30 seconds left.\n|\n|t:|1776781855\n|switch|p1a: Zacian|Zacian-Crowned, L50|100/100\n|-ability|p1a: Zacian|Intrepid Sword|boost\n|-boost|p1a: Zacian|atk|1\n|turn|4\n|\n|t:|1776781876\n|move|p2b: Kyogre|Icy Wind|p1a: Zacian|[spread] p1a,p1b\n|-resisted|p1a: Zacian\n|-resisted|p1b: Tornadus\n|-damage|p1a: Zacian|93/100\n|-damage|p1b: Tornadus|48/100\n|-unboost|p1a: Zacian|spe|1\n|-unboost|p1b: Tornadus|spe|1\n|move|p1a: Zacian|Behemoth Blade|p2b: Kyogre\n|-resisted|p2b: Kyogre\n|-damage|p2b: Kyogre|0 fnt\n|faint|p2b: Kyogre\n|move|p2a: Calyrex|Glacial Lance|p1b: Tornadus|[spread] p1a,p1b\n|-resisted|p1a: Zacian\n|-crit|p1a: Zacian\n|-resisted|p1b: Tornadus\n|-damage|p1a: Zacian|41/100\n|-damage|p1b: Tornadus|9/100\n|move|p1b: Tornadus|Bleakwind Storm|p2a: Calyrex\n|-end|p2a: Calyrex|Substitute\n|\n|-weather|SunnyDay|[upkeep]\n|-heal|p2a: Calyrex|93/100|[from] item: Leftovers\n|upkeep\n|\n|t:|1776781893\n|switch|p2b: Indeedee|Indeedee-F, L50, F|15/100\n|turn|5\n|inactive|buggybrain has 30 seconds left.\n|inactive|stupid test7 has 30 seconds left.\n|inactive|stupid test7 has 20 seconds left.\n|inactive|buggybrain has 20 seconds left.\n|inactive|stupid test7 has 15 seconds left.\n|inactive|buggybrain has 15 seconds left.\n|inactive|buggybrain has 10 seconds left.\n|inactive|buggybrain has 5 seconds left.\n|\n|t:|1776781952\n|move|p1a: Zacian|Protect|p1a: Zacian\n|-singleturn|p1a: Zacian|Protect\n|move|p2a: Calyrex|Substitute|p2a: Calyrex\n|-start|p2a: Calyrex|Substitute\n|-damage|p2a: Calyrex|69/100\n|move|p1b: Tornadus|Bleakwind Storm|p2b: Indeedee|[spread] p2a,p2b\n|-activate|p2a: Calyrex|move: Substitute|[damage]\n|-damage|p2b: Indeedee|0 fnt\n|faint|p2b: Indeedee\n|\n|-weather|SunnyDay|[upkeep]\n|-heal|p2a: Calyrex|74/100|[from] item: Leftovers\n|-fieldend|move: Psychic Terrain\n|upkeep\n|turn|6\n|inactive|buggybrain has 30 seconds left.\n|\n|t:|1776781978\n|move|p1b: Tornadus|Protect|p1b: Tornadus\n|-singleturn|p1b: Tornadus|Protect\n|move|p2a: Calyrex|Protect|p2a: Calyrex\n|-singleturn|p2a: Calyrex|Protect\n|move|p1a: Zacian|Behemoth Blade|p2a: Calyrex\n|-activate|p2a: Calyrex|move: Protect\n|\n|-weather|none\n|-heal|p2a: Calyrex|80/100|[from] item: Leftovers\n|upkeep\n|turn|7\n|\n|t:|1776781999\n|move|p1b: Tornadus|Tailwind|p1b: Tornadus\n|-sidestart|p1: buggybrain|move: Tailwind\n|move|p1a: Zacian|Behemoth Blade|p2a: Calyrex\n|-supereffective|p2a: Calyrex\n|-end|p2a: Calyrex|Substitute\n|move|p2a: Calyrex|Substitute|p2a: Calyrex\n|-start|p2a: Calyrex|Substitute\n|-damage|p2a: Calyrex|56/100\n|\n|-heal|p2a: Calyrex|61/100|[from] item: Leftovers\n|upkeep\n|turn|8\n|\n|t:|1776782011\n|move|p2a: Calyrex|Protect|p2a: Calyrex\n|-singleturn|p2a: Calyrex|Protect\n|move|p1a: Zacian|Behemoth Blade|p2a: Calyrex\n|-activate|p2a: Calyrex|move: Protect\n|move|p1b: Tornadus|Bleakwind Storm|p2a: Calyrex\n|-activate|p2a: Calyrex|move: Protect\n|\n|-heal|p2a: Calyrex|67/100|[from] item: Leftovers\n|upkeep\n|turn|9\n|\n|t:|1776782018\n|move|p1a: Zacian|Behemoth Blade|p2a: Calyrex\n|-supereffective|p2a: Calyrex\n|-end|p2a: Calyrex|Substitute\n|move|p1b: Tornadus|Bleakwind Storm|p2a: Calyrex\n|-damage|p2a: Calyrex|43/100\n|move|p2a: Calyrex|Substitute|p2a: Calyrex\n|-start|p2a: Calyrex|Substitute\n|-damage|p2a: Calyrex|19/100\n|\n|-heal|p2a: Calyrex|25/100|[from] item: Leftovers\n|upkeep\n|turn|10\n|inactive|buggybrain has 30 seconds left.\n|\n|t:|1776782044\n|switch|p1b: Groudon|Groudon, L50|100/100\n|-weather|SunnyDay|[from] ability: Drought|[of] p1b: Groudon\n|move|p2a: Calyrex|Protect|p2a: Calyrex\n|-singleturn|p2a: Calyrex|Protect\n|move|p1a: Zacian|Behemoth Blade|p2a: Calyrex\n|-activate|p2a: Calyrex|move: Protect\n|\n|-weather|SunnyDay|[upkeep]\n|-heal|p2a: Calyrex|30/100|[from] item: Leftovers\n|-sideend|p1: buggybrain|move: Tailwind\n|upkeep\n|turn|11\n|\n|t:|1776782055\n|move|p1a: Zacian|Behemoth Blade|p2a: Calyrex\n|-supereffective|p2a: Calyrex\n|-end|p2a: Calyrex|Substitute\n|move|p1b: Groudon|High Horsepower|p2a: Calyrex\n|-damage|p2a: Calyrex|0 fnt\n|faint|p2a: Calyrex\n|\n|win|buggybrain\n|raw|buggybrain's rating: 1561 &rarr; <strong>1578</strong><br />(+17 for winning)\n|raw|stupid test7's rating: 1513 &rarr; <strong>1496</strong><br />(-17 for losing)\n|l|\u2606stupid test7\n|player|p2|\n|l|\u2606buggybrain\n|player|p1|\n","uploadtime":1776782275,"views":11,"formatid":"gen9vgc2026regi","rating":1496,"private":0,"password":null}