{"id":"gen9vgc2026regi-2548327082","format":"[Gen 9] VGC 2026 Reg I","players":["Crawsomeness","alexit93"],"log":"|j|\u2606Crawsomeness\n|j|\u2606alexit93\n|t:|1772203829\n|gametype|doubles\n|player|p1|Crawsomeness|hiker-gen4|1349\n|player|p2|alexit93|lucas-gen4pt|1390\n|gen|9\n|tier|[Gen 9] VGC 2026 Reg I\n|rated|\n|rule|Species Clause: Limit one of each Pok\u00e9mon\n|rule|Item Clause: Limit 1 of each item\n|clearpoke\n|poke|p1|Terapagos, L50, M|\n|poke|p1|Incineroar, L50, F|\n|poke|p1|Groudon, L50|\n|poke|p1|Sableye, L50, F|\n|poke|p1|Flutter Mane, L50|\n|poke|p1|Iron Hands, L50|\n|poke|p2|Zamazenta-*, L50|\n|poke|p2|Chien-Pao, L50|\n|poke|p2|Miraidon, L50|\n|poke|p2|Iron Jugulis, L50|\n|poke|p2|Farigiraf, L50, F|\n|poke|p2|Landorus, L50, M|\n|teampreview|4\n|\n|t:|1772203857\n|teamsize|p1|4\n|teamsize|p2|4\n|start\n|switch|p1a: Groudon|Groudon, L50|100/100\n|switch|p1b: Flutter Mane|Flutter Mane, L50|100/100\n|switch|p2a: Miraidon|Miraidon, L50, shiny|100/100\n|switch|p2b: Iron Jugulis|Iron Jugulis, L50|100/100\n|-fieldstart|move: Electric Terrain|[from] ability: Hadron Engine|[of] p2a: Miraidon\n|-activate|p2b: Iron Jugulis|ability: Quark Drive\n|-start|p2b: Iron Jugulis|quarkdrivespe\n|-weather|SunnyDay|[from] ability: Drought|[of] p1a: Groudon\n|-activate|p1b: Flutter Mane|ability: Protosynthesis\n|-start|p1b: Flutter Mane|protosynthesisspe\n|turn|1\n|\n|t:|1772203891\n|-terastallize|p2b: Iron Jugulis|Grass\n|move|p1b: Flutter Mane|Moonblast|p2a: Miraidon\n|-supereffective|p2a: Miraidon\n|-damage|p2a: Miraidon|15/100\n|-unboost|p2a: Miraidon|spa|1\n|move|p2b: Iron Jugulis|Tailwind|p2b: Iron Jugulis\n|-sidestart|p2: alexit93|move: Tailwind\n|move|p2a: Miraidon|Volt Switch|p1b: Flutter Mane\n|-damage|p1b: Flutter Mane|30/100\n|\n|t:|1772203900\n|switch|p2a: Farigiraf|Farigiraf, L50, F|100/100|[from] Volt Switch\n|-enditem|p2a: Farigiraf|Electric Seed\n|-boost|p2a: Farigiraf|def|1|[from] item: Electric Seed\n|move|p1a: Groudon|Heat Crash|p2b: Iron Jugulis\n|-supereffective|p2b: Iron Jugulis\n|-damage|p2b: Iron Jugulis|0 fnt\n|faint|p2b: Iron Jugulis\n|-end|p2b: Iron Jugulis|Quark Drive|[silent]\n|\n|-weather|SunnyDay|[upkeep]\n|upkeep\n|\n|t:|1772203912\n|switch|p2b: Zamazenta|Zamazenta-Crowned, L50, shiny|100/100\n|-ability|p2b: Zamazenta|Dauntless Shield|boost\n|-boost|p2b: Zamazenta|def|1\n|turn|2\n|\n|t:|1772203919\n|-end|p1b: Flutter Mane|Protosynthesis|[silent]\n|switch|p1b: Incineroar|Incineroar, L50, F|100/100\n|-ability|p1b: Incineroar|Intimidate|boost\n|-unboost|p2a: Farigiraf|atk|1\n|-unboost|p2b: Zamazenta|atk|1\n|move|p2a: Farigiraf|Helping Hand|p2b: Zamazenta\n|-singleturn|p2b: Zamazenta|Helping Hand|[of] p2a: Farigiraf\n|move|p2b: Zamazenta|Body Press|p1a: Groudon\n|-damage|p1a: Groudon|27/100\n|move|p1a: Groudon|Precipice Blades|p2b: Zamazenta|[spread] p2a,p2b\n|-supereffective|p2b: Zamazenta\n|-damage|p2a: Farigiraf|68/100\n|-damage|p2b: Zamazenta|60/100\n|\n|-weather|SunnyDay|[upkeep]\n|upkeep\n|turn|3\n|\n|t:|1772203948\n|move|p2b: Zamazenta|Body Press|p1b: Incineroar\n|-supereffective|p1b: Incineroar\n|-damage|p1b: Incineroar|0 fnt\n|-damage|p2b: Zamazenta|44/100|[from] item: Rocky Helmet|[of] p1b: Incineroar\n|faint|p1b: Incineroar\n|move|p1a: Groudon|Precipice Blades|p2b: Zamazenta|[spread] p2a\n|-miss|p1a: Groudon|p2b: Zamazenta\n|-damage|p2a: Farigiraf|33/100\n|move|p2a: Farigiraf|Foul Play|p1a: Groudon\n|-damage|p1a: Groudon|2/100\n|\n|-weather|SunnyDay|[upkeep]\n|upkeep\n|\n|t:|1772203960\n|switch|p1b: Flutter Mane|Flutter Mane, L50|30/100\n|-activate|p1b: Flutter Mane|ability: Protosynthesis\n|-start|p1b: Flutter Mane|protosynthesisspe\n|turn|4\n|\n|t:|1772203972\n|move|p2b: Zamazenta|Protect|p2b: Zamazenta\n|-singleturn|p2b: Zamazenta|Protect\n|move|p1b: Flutter Mane|Icy Wind|p2b: Zamazenta|[spread] p2a\n|-activate|p2b: Zamazenta|move: Protect\n|-damage|p2a: Farigiraf|21/100\n|-unboost|p2a: Farigiraf|spe|1\n|move|p1a: Groudon|Precipice Blades|p2a: Farigiraf|[spread] p2a\n|-activate|p2b: Zamazenta|move: Protect\n|-damage|p2a: Farigiraf|0 fnt\n|faint|p2a: Farigiraf\n|\n|-weather|SunnyDay|[upkeep]\n|-sideend|p2: alexit93|move: Tailwind\n|upkeep\n|\n|t:|1772203975\n|switch|p2a: Miraidon|Miraidon, L50, shiny|15/100\n|-activate|p2a: Miraidon|ability: Hadron Engine\n|turn|5\n|\n|t:|1772203990\n|move|p2b: Zamazenta|Wide Guard|p2b: Zamazenta\n|-singleturn|p2b: Zamazenta|Wide Guard\n|move|p1b: Flutter Mane|Icy Wind|p2b: Zamazenta|[spread] \n|-activate|p2a: Miraidon|move: Wide Guard\n|-activate|p2b: Zamazenta|move: Wide Guard\n|move|p2a: Miraidon|Electro Drift|p1b: Flutter Mane\n|-damage|p1b: Flutter Mane|0 fnt\n|faint|p1b: Flutter Mane\n|-end|p1b: Flutter Mane|Protosynthesis|[silent]\n|move|p1a: Groudon|Precipice Blades|p2a: Miraidon|[spread] \n|-activate|p2a: Miraidon|move: Wide Guard\n|-activate|p2b: Zamazenta|move: Wide Guard\n|\n|-weather|none\n|-fieldend|move: Electric Terrain\n|upkeep\n|\n|t:|1772203992\n|switch|p1b: Terapagos|Terapagos, L50, M|100/100\n|-activate|p1b: Terapagos|ability: Tera Shift\n|detailschange|p1b: Terapagos|Terapagos-Terastal, L50, M\n|-heal|p1b: Terapagos|100/100|[silent]\n|turn|6\n|\n|t:|1772204010\n|-terastallize|p1b: Terapagos|Stellar\n|detailschange|p1b: Terapagos|Terapagos-Stellar, L50, M, tera:Stellar\n|-heal|p1b: Terapagos|100/100|[silent]\n|move|p2a: Miraidon|Electro Drift|p1b: Terapagos\n|-damage|p1b: Terapagos|50/100\n|move|p2b: Zamazenta|Body Press|p1b: Terapagos\n|-supereffective|p1b: Terapagos\n|-damage|p1b: Terapagos|0 fnt\n|faint|p1b: Terapagos\n|detailschange|p1: Terapagos|Terapagos, L50, M|[silent]\n|move|p1a: Groudon|High Horsepower|p2b: Zamazenta\n|-supereffective|p2b: Zamazenta\n|-damage|p2b: Zamazenta|0 fnt\n|faint|p2b: Zamazenta\n|\n|upkeep\n|turn|7\n|c|\u2606Crawsomeness|is this gg or ru not specs\n|c|\u2606alexit93|gg\n|c|\u2606Crawsomeness|ggwp\n|c|\u2606alexit93|specs\n|c|\u2606Crawsomeness|ahh ic\n|\n|t:|1772204038\n|move|p2a: Miraidon|Electro Drift|p1a: Groudon\n|-immune|p1a: Groudon\n|move|p1a: Groudon|High Horsepower|p2a: Miraidon\n|-supereffective|p2a: Miraidon\n|-damage|p2a: Miraidon|0 fnt\n|faint|p2a: Miraidon\n|\n|win|Crawsomeness\n|raw|Crawsomeness's rating: 1349 &rarr; <strong>1371</strong><br />(+22 for winning)\n|raw|alexit93's rating: 1390 &rarr; <strong>1368</strong><br />(-22 for losing)\n|c|\u2606Crawsomeness|volt switch did so little so iwasnt sure\n|c|\u2606alexit93|its timid\n|c|\u2606Crawsomeness|ohhh ok\n|c|\u2606Crawsomeness|i love groudon theres so many miraidon it gets to bully\n|c|\u2606alexit93|ii love zamazenta\n|c|\u2606Crawsomeness|zamazenta lowk cooked tht match\n|c|\u2606Crawsomeness|not so much miraidon\n|c|\u2606Crawsomeness|yk i was scared of landorus\n|c|\u2606Crawsomeness|landorus is rlly hard for my team to handle\n|c|\u2606alexit93|if i were u, u should do assult vest groundon with coaching prankster riolu\n|c|\u2606Crawsomeness|it is AV and i used riolu but it became a liability\n|c|\u2606Crawsomeness|imo i like sableye with t wave better\n|c|\u2606alexit93|well gg\n|c|\u2606Crawsomeness|ggwp\n|l|\u2606alexit93\n|player|p2|\n|l|\u2606Crawsomeness\n|player|p1|\n","uploadtime":1772204207,"views":11,"formatid":"gen9vgc2026regi","rating":1368,"private":0,"password":null}