{"id":"gen9vgc2026regi-2515903152","format":"[Gen 9] VGC 2026 Reg I","players":["crazykoraidon","Galact7adi"],"log":"|j|\u2606crazykoraidon\n|j|\u2606Galact7adi\n|t:|1768058457\n|gametype|doubles\n|player|p1|crazykoraidon|pokemaniac|1100\n|player|p2|Galact7adi|2|1195\n|gen|9\n|tier|[Gen 9] VGC 2026 Reg I\n|rated|\n|rule|Species Clause: Limit one of each Pok\u00e9mon\n|rule|Item Clause: Limit 1 of each item\n|clearpoke\n|poke|p1|Meowscarada, L50, M|\n|poke|p1|Scovillain, L50, M|\n|poke|p1|Koraidon, L50|\n|poke|p1|Greninja-*, L50, M|\n|poke|p1|Skeledirge, L50, M|\n|poke|p1|Goodra-Hisui, L50, M|\n|poke|p2|Brute Bonnet, L50|\n|poke|p2|Lunala, L50|\n|poke|p2|Ursaluna, L50, F|\n|poke|p2|Chi-Yu, L50|\n|poke|p2|Koraidon, L50|\n|poke|p2|Flutter Mane, L50|\n|teampreview|4\n|inactive|Battle timer is ON: inactive players will automatically lose when time's up. (requested by crazykoraidon)\n|inactive|Galact7adi also wants the timer to be on.\n|inactive|crazykoraidon has 60 seconds left.\n|inactive|Galact7adi has 60 seconds left.\n|\n|t:|1768058503\n|teamsize|p1|4\n|teamsize|p2|4\n|start\n|switch|p1a: Koraidon|Koraidon, L50, shiny|100/100\n|switch|p1b: scovii|Scovillain, L50, M|100/100\n|switch|p2a: Chi-Yu|Chi-Yu, L50|100/100\n|switch|p2b: Flutter Mane|Flutter Mane, L50, shiny|100/100\n|-ability|p2a: Chi-Yu|Beads of Ruin\n|-weather|SunnyDay|[from] ability: Orichalcum Pulse|[of] p1a: Koraidon\n|-activate|p2b: Flutter Mane|ability: Protosynthesis\n|-start|p2b: Flutter Mane|protosynthesisspe\n|-activate|p1a: Koraidon|Orichalcum Pulse|[source]\n|turn|1\n|c|\u2606crazykoraidon|why is there so many of there teams?\n|inactive|Galact7adi has 30 seconds left.\n|inactive|Galact7adi has 20 seconds left.\n|\n|t:|1768058539\n|-terastallize|p1a: Koraidon|Fire\n|move|p1b: scovii|Rage Powder|p1b: scovii\n|-singleturn|p1b: scovii|move: Rage Powder\n|move|p2b: Flutter Mane|Shadow Ball|p1b: scovii\n|-damage|p1b: scovii|21/100\n|move|p2a: Chi-Yu|Overheat|p1b: scovii\n|-damage|p1b: scovii|0 fnt\n|-unboost|p2a: Chi-Yu|spa|2\n|faint|p1b: scovii\n|move|p1a: Koraidon|Flame Charge|p2b: Flutter Mane\n|-crit|p2b: Flutter Mane\n|-enditem|p2b: Flutter Mane|Focus Sash\n|-damage|p2b: Flutter Mane|1/100\n|-boost|p1a: Koraidon|spe|1\n|\n|-weather|SunnyDay|[upkeep]\n|upkeep\n|\n|t:|1768058558\n|switch|p1b: ivynx|Meowscarada, L50, M|100/100\n|turn|2\n|c|\u2606Galact7adi|This was the world's winning team\n|\n|t:|1768058580\n|move|p2b: Flutter Mane|Protect|p2b: Flutter Mane\n|-singleturn|p2b: Flutter Mane|Protect\n|move|p1a: Koraidon|Flame Charge|p2b: Flutter Mane\n|-activate|p2b: Flutter Mane|move: Protect\n|move|p2a: Chi-Yu|Overheat|p1b: ivynx|[miss]\n|-miss|p2a: Chi-Yu|p1b: ivynx\n|move|p1b: ivynx|Thunder Punch|p2a: Chi-Yu\n|-start|p1b: ivynx|typechange|Electric|[from] ability: Protean\n|-damage|p2a: Chi-Yu|21/100\n|-damage|p1b: ivynx|91/100|[from] item: Life Orb\n|\n|-weather|SunnyDay|[upkeep]\n|upkeep\n|turn|3\n|inactive|crazykoraidon has 30 seconds left.\n|\n|t:|1768058606\n|move|p1b: ivynx|Protect|p1b: ivynx\n|-singleturn|p1b: ivynx|Protect\n|move|p2b: Flutter Mane|Icy Wind|p1b: ivynx|[spread] p1a\n|-activate|p1b: ivynx|move: Protect\n|-resisted|p1a: Koraidon\n|-damage|p1a: Koraidon|90/100\n|move|p1a: Koraidon|Flame Charge|p2b: Flutter Mane\n|-damage|p2b: Flutter Mane|0 fnt\n|-boost|p1a: Koraidon|spe|1\n|faint|p2b: Flutter Mane\n|-end|p2b: Flutter Mane|Protosynthesis|[silent]\n|move|p2a: Chi-Yu|Overheat|p1b: ivynx\n|-activate|p1b: ivynx|move: Protect\n|\n|-weather|SunnyDay|[upkeep]\n|upkeep\n|\n|t:|1768058616\n|switch|p2b: Koraidon|Koraidon, L50|100/100\n|-activate|p2b: Koraidon|ability: Orichalcum Pulse\n|turn|4\n|\n|t:|1768058624\n|switch|p2a: Lunala|Lunala, L50, shiny|100/100\n|move|p1a: Koraidon|Flame Charge|p2a: Lunala\n|-damage|p2a: Lunala|77/100\n|-boost|p1a: Koraidon|spe|1\n|move|p2b: Koraidon|Close Combat|p1a: Koraidon\n|-damage|p1a: Koraidon|0 fnt\n|-unboost|p2b: Koraidon|def|1\n|-unboost|p2b: Koraidon|spd|1\n|faint|p1a: Koraidon\n|-damage|p2b: Koraidon|91/100|[from] item: Life Orb\n|move|p1b: ivynx|Triple Axel|p2b: Koraidon\n|-supereffective|p2b: Koraidon\n|-damage|p2b: Koraidon|67/100\n|-supereffective|p2b: Koraidon\n|-damage|p2b: Koraidon|25/100\n|-supereffective|p2b: Koraidon\n|-damage|p2b: Koraidon|0 fnt\n|faint|p2b: Koraidon\n|-hitcount|p2: Koraidon|3\n|-damage|p1b: ivynx|81/100|[from] item: Life Orb\n|\n|-weather|SunnyDay|[upkeep]\n|upkeep\n|\n|t:|1768058633\n|switch|p2b: Chi-Yu|Chi-Yu, L50|21/100\n|switch|p1a: Skeledirge|Skeledirge, L50, M|100/100\n|-ability|p2b: Chi-Yu|Beads of Ruin\n|turn|5\n|\n|t:|1768058657\n|-terastallize|p2a: Lunala|Water\n|move|p1b: ivynx|Protect|p1b: ivynx\n|-singleturn|p1b: ivynx|Protect\n|move|p2b: Chi-Yu|Overheat|p1b: ivynx\n|-activate|p1b: ivynx|move: Protect\n|move|p2a: Lunala|Meteor Beam||[still]\n|-prepare|p2a: Lunala|Meteor Beam\n|-boost|p2a: Lunala|spa|1\n|-enditem|p2a: Lunala|Power Herb\n|-anim|p2a: Lunala|Meteor Beam|p1a: Skeledirge\n|-supereffective|p1a: Skeledirge\n|-damage|p1a: Skeledirge|0 fnt\n|faint|p1a: Skeledirge\n|\n|-weather|none\n|upkeep\n|turn|6\n|c|\u2606crazykoraidon|gg\n|\n|t:|1768058675\n|move|p2b: Chi-Yu|Overheat|p1b: ivynx\n|-damage|p1b: ivynx|0 fnt\n|-unboost|p2b: Chi-Yu|spa|2\n|faint|p1b: ivynx\n|\n|win|Galact7adi\n|raw|crazykoraidon's rating: 1100 &rarr; <strong>1082</strong><br />(-18 for losing)\n|raw|Galact7adi's rating: 1195 &rarr; <strong>1213</strong><br />(+18 for winning)\n|c|\u2606Galact7adi|Gg wp\n|l|\u2606crazykoraidon\n|player|p1|\n|l|\u2606Galact7adi\n|player|p2|\n","uploadtime":1768059076,"views":18,"formatid":"gen9vgc2026regi","rating":1082,"private":0,"password":null}