{"id":"gen9vgc2026regi-2560596732","format":"[Gen 9] VGC 2026 Reg I","players":["It'sJustKen VGC","PATRIOTS_VG"],"log":"|j|\u2606It'sJustKen VGC\n|j|\u2606PATRIOTS_VG\n|t:|1773702822\n|gametype|doubles\n|player|p1|It'sJustKen VGC|2|1405\n|player|p2|PATRIOTS_VG|drayden|1470\n|gen|9\n|tier|[Gen 9] VGC 2026 Reg I\n|rated|\n|rule|Species Clause: Limit one of each Pok\u00e9mon\n|rule|Item Clause: Limit 1 of each item\n|clearpoke\n|poke|p1|Farigiraf, L50, F|\n|poke|p1|Incineroar, L50, M|\n|poke|p1|Torkoal, L50, M|\n|poke|p1|Calyrex-Shadow, L50|\n|poke|p1|Amoonguss, L50, M|\n|poke|p1|Zamazenta-*, L50|\n|poke|p2|Incineroar, L50, F|\n|poke|p2|Sinistcha-Masterpiece, L50|\n|poke|p2|Miraidon, L50|\n|poke|p2|Terapagos, L50, M|\n|poke|p2|Iron Treads, L50|\n|poke|p2|Iron Hands, L50|\n|teampreview|4\n|inactive|Battle timer is ON: inactive players will automatically lose when time's up. (requested by It'sJustKen VGC)\n|inactive|It'sJustKen VGC has 60 seconds left.\n|inactive|PATRIOTS_VG has 60 seconds left.\n|inactive|PATRIOTS_VG has 30 seconds left.\n|\n|t:|1773702892\n|teamsize|p1|4\n|teamsize|p2|4\n|start\n|switch|p1a: Farigiraf|Farigiraf, L50, F|100/100\n|switch|p1b: Incineroar|Incineroar, L50, M|100/100\n|switch|p2a: Terapagos|Terapagos, L50, M|100/100\n|switch|p2b: Miraidon|Miraidon, L50|100/100\n|-activate|p2a: Terapagos|ability: Tera Shift\n|detailschange|p2a: Terapagos|Terapagos-Terastal, L50, M\n|-heal|p2a: Terapagos|100/100|[silent]\n|-fieldstart|move: Electric Terrain|[from] ability: Hadron Engine|[of] p2b: Miraidon\n|-enditem|p2a: Terapagos|Electric Seed\n|-boost|p2a: Terapagos|def|1|[from] item: Electric Seed\n|-ability|p1b: Incineroar|Intimidate|boost\n|-unboost|p2a: Terapagos|atk|1\n|-unboost|p2b: Miraidon|atk|1\n|turn|1\n|\n|t:|1773702908\n|move|p1b: Incineroar|Fake Out|p2b: Miraidon\n|-damage|p2b: Miraidon|90/100\n|cant|p2b: Miraidon|flinch\n|move|p2a: Terapagos|Calm Mind|p2a: Terapagos\n|-boost|p2a: Terapagos|spa|1\n|-boost|p2a: Terapagos|spd|1\n|move|p1a: Farigiraf|Trick Room|p1a: Farigiraf\n|-fieldstart|move: Trick Room|[of] p1a: Farigiraf\n|\n|upkeep\n|turn|2\n|\n|t:|1773702919\n|move|p1b: Incineroar|Knock Off|p2b: Miraidon\n|-damage|p2b: Miraidon|46/100\n|-enditem|p2b: Miraidon|Choice Scarf|[from] move: Knock Off|[of] p1b: Incineroar\n|move|p1a: Farigiraf|Hyper Voice|p2a: Terapagos|[spread] p2a,p2b\n|-activate|p2a: Terapagos|ability: Tera Shell\n|-resisted|p2a: Terapagos\n|-damage|p2a: Terapagos|92/100\n|-damage|p2b: Miraidon|20/100\n|-enditem|p1a: Farigiraf|Throat Spray\n|-boost|p1a: Farigiraf|spa|1|[from] item: Throat Spray\n|move|p2a: Terapagos|Calm Mind|p2a: Terapagos\n|-boost|p2a: Terapagos|spa|1\n|-boost|p2a: Terapagos|spd|1\n|move|p2b: Miraidon|Electro Drift|p1b: Incineroar\n|-damage|p1b: Incineroar|11/100\n|\n|upkeep\n|turn|3\n|inactive|It'sJustKen VGC has 30 seconds left.\n|inactive|PATRIOTS_VG has 30 seconds left.\n|\n|t:|1773702945\n|switch|p2b: Iron Hands|Iron Hands, L50|100/100\n|-activate|p2b: Iron Hands|ability: Quark Drive\n|-start|p2b: Iron Hands|quarkdriveatk\n|move|p1b: Incineroar|Close Combat|p2a: Terapagos\n|-supereffective|p2a: Terapagos\n|-damage|p2a: Terapagos|55/100\n|-unboost|p1b: Incineroar|def|1\n|-unboost|p1b: Incineroar|spd|1\n|move|p1a: Farigiraf|Hyper Voice|p2b: Iron Hands|[spread] p2a,p2b\n|-crit|p2b: Iron Hands\n|-damage|p2a: Terapagos|36/100\n|-damage|p2b: Iron Hands|58/100\n|move|p2a: Terapagos|Tera Starstorm|p1a: Farigiraf\n|-damage|p1a: Farigiraf|6/100\n|\n|upkeep\n|turn|4\n|inactive|It'sJustKen VGC has 30 seconds left.\n|inactive|PATRIOTS_VG has 30 seconds left.\n|\n|t:|1773702973\n|move|p2a: Terapagos|Protect|p2a: Terapagos\n|-singleturn|p2a: Terapagos|Protect\n|move|p1b: Incineroar|Close Combat|p2a: Terapagos\n|-activate|p2a: Terapagos|move: Protect\n|move|p1a: Farigiraf|Psychic|p2b: Iron Hands\n|-supereffective|p2b: Iron Hands\n|-damage|p2b: Iron Hands|0 fnt\n|faint|p2b: Iron Hands\n|-end|p2b: Iron Hands|Quark Drive|[silent]\n|\n|upkeep\n|\n|t:|1773702981\n|switch|p2b: Sinistcha|Sinistcha-Masterpiece, L50|100/100\n|-heal|p2a: Terapagos|61/100|[from] ability: Hospitality|[of] p2b: Sinistcha\n|turn|5\n|\n|t:|1773702996\n|-terastallize|p1b: Incineroar|Grass\n|-terastallize|p2a: Terapagos|Stellar\n|detailschange|p2a: Terapagos|Terapagos-Stellar, L50, M, tera:Stellar\n|-heal|p2a: Terapagos|71/100|[silent]\n|-ability|p2a: Terapagos|Teraform Zero\n|-fieldend|move: Electric Terrain\n|move|p2b: Sinistcha|Rage Powder|p2b: Sinistcha\n|-singleturn|p2b: Sinistcha|move: Rage Powder\n|move|p1b: Incineroar|Close Combat|p2a: Terapagos\n|-supereffective|p2a: Terapagos\n|-damage|p2a: Terapagos|43/100\n|-unboost|p1b: Incineroar|def|1\n|-unboost|p1b: Incineroar|spd|1\n|move|p1a: Farigiraf|Hyper Voice|p2a: Terapagos|[spread] p2a\n|-immune|p2b: Sinistcha\n|-damage|p2a: Terapagos|27/100\n|move|p2a: Terapagos|Tera Starstorm|p1a: Farigiraf|[spread] p1a,p1b\n|-supereffective|p1b: Incineroar\n|-damage|p1a: Farigiraf|0 fnt\n|-damage|p1b: Incineroar|0 fnt\n|faint|p1a: Farigiraf\n|faint|p1b: Incineroar\n|\n|-fieldend|move: Trick Room\n|upkeep\n|\n|t:|1773703000\n|switch|p1a: Torkoal|Torkoal, L50, M|100/100\n|switch|p1b: Zamazenta|Zamazenta-Crowned, L50, shiny|100/100\n|-ability|p1b: Zamazenta|Dauntless Shield|boost\n|-boost|p1b: Zamazenta|def|1\n|-weather|SunnyDay|[from] ability: Drought|[of] p1a: Torkoal\n|turn|6\n|\n|t:|1773703017\n|move|p1b: Zamazenta|Wide Guard|p1b: Zamazenta\n|-singleturn|p1b: Zamazenta|Wide Guard\n|move|p2b: Sinistcha|Rage Powder|p2b: Sinistcha\n|-singleturn|p2b: Sinistcha|move: Rage Powder\n|move|p2a: Terapagos|Earth Power|p1a: Torkoal\n|-supereffective|p1a: Torkoal\n|-damage|p1a: Torkoal|0 fnt\n|faint|p1a: Torkoal\n|\n|-weather|SunnyDay|[upkeep]\n|upkeep\n|turn|7\n|\n|t:|1773703020\n|move|p2b: Sinistcha|Rage Powder|p2b: Sinistcha\n|-singleturn|p2b: Sinistcha|move: Rage Powder\n|move|p1b: Zamazenta|Body Press|p2b: Sinistcha\n|-immune|p2b: Sinistcha\n|move|p2a: Terapagos|Earth Power|p1b: Zamazenta\n|-supereffective|p1b: Zamazenta\n|-damage|p1b: Zamazenta|0 fnt\n|faint|p1b: Zamazenta\n|\n|win|PATRIOTS_VG\n|raw|It&apos;sJustKen VGC's rating: 1428 &rarr; <strong>1410</strong><br />(-18 for losing)\n|raw|PATRIOTS_VG's rating: 1470 &rarr; <strong>1488</strong><br />(+18 for winning)\n|l|\u2606It'sJustKen VGC\n|player|p1|\n|l|\u2606PATRIOTS_VG\n|player|p2|\n","uploadtime":1773703023,"views":21,"formatid":"gen9vgc2026regi","rating":1410,"private":0,"password":null}