{"id":"gen9vgc2026regi-2542302020","format":"[Gen 9] VGC 2026 Reg I","players":["Schimmli","Indeedee Follow"],"log":"|j|\u2606Schimmli\n|j|\u2606Indeedee Follow\n|t:|1771436214\n|gametype|doubles\n|player|p1|Schimmli|102|1548\n|player|p2|Indeedee Follow|caitlin|1475\n|gen|9\n|tier|[Gen 9] VGC 2026 Reg I\n|rated|\n|rule|Species Clause: Limit one of each Pok\u00e9mon\n|rule|Item Clause: Limit 1 of each item\n|clearpoke\n|poke|p1|Terapagos, L50, M|\n|poke|p1|Calyrex-Shadow, L50|\n|poke|p1|Flutter Mane, L50|\n|poke|p1|Ogerpon-Cornerstone, L50, F|\n|poke|p1|Incineroar, L50, F|\n|poke|p1|Rillaboom, L50, F|\n|poke|p2|Groudon, L50|\n|poke|p2|Terapagos, L50, M|\n|poke|p2|Tornadus, L50, M|\n|poke|p2|Urshifu-*, L50, F|\n|poke|p2|Raging Bolt, L50|\n|poke|p2|Flutter Mane, L50|\n|teampreview|4\n|inactive|Battle timer is ON: inactive players will automatically lose when time's up. (requested by Indeedee Follow)\n|inactive|Indeedee Follow has 60 seconds left.\n|\n|t:|1771436257\n|teamsize|p1|4\n|teamsize|p2|4\n|start\n|switch|p1a: Terapagos|Terapagos, L50, M|100/100\n|switch|p1b: Incineroar|Incineroar, L50, F, shiny|100/100\n|switch|p2a: Tornadus|Tornadus, L50, M, shiny|100/100\n|switch|p2b: Groudon|Groudon, L50, shiny|100/100\n|-activate|p1a: Terapagos|ability: Tera Shift\n|detailschange|p1a: Terapagos|Terapagos-Terastal, L50, M\n|-heal|p1a: Terapagos|100/100|[silent]\n|-weather|SunnyDay|[from] ability: Drought|[of] p2b: Groudon\n|-ability|p1b: Incineroar|Intimidate|boost\n|-unboost|p2a: Tornadus|atk|1\n|-unboost|p2b: Groudon|atk|1\n|turn|1\n|\n|t:|1771436279\n|move|p1b: Incineroar|Fake Out|p2b: Groudon\n|-damage|p2b: Groudon|93/100\n|move|p2a: Tornadus|Taunt|p1a: Terapagos\n|-start|p1a: Terapagos|move: Taunt\n|move|p2b: Groudon|Precipice Blades|p1b: Incineroar|[spread] p1a\n|-miss|p2b: Groudon|p1b: Incineroar\n|-activate|p1a: Terapagos|ability: Tera Shell\n|-resisted|p1a: Terapagos\n|-damage|p1a: Terapagos|88/100\n|cant|p1a: Terapagos|move: Taunt|Calm Mind\n|\n|-weather|SunnyDay|[upkeep]\n|-heal|p1a: Terapagos|94/100|[from] item: Leftovers\n|upkeep\n|turn|2\n|inactive|Indeedee Follow has 30 seconds left.\n|\n|t:|1771436305\n|move|p2a: Tornadus|Tailwind|p2a: Tornadus\n|-sidestart|p2: Indeedee Follow|move: Tailwind\n|move|p2b: Groudon|Precipice Blades|p1a: Terapagos|[spread] p1a,p1b\n|-supereffective|p1b: Incineroar\n|-damage|p1a: Terapagos|72/100\n|-damage|p1b: Incineroar|44/100\n|move|p1a: Terapagos|Tera Starstorm|p2a: Tornadus\n|-damage|p2a: Tornadus|47/100\n|move|p1b: Incineroar|Knock Off|p2a: Tornadus\n|-damage|p2a: Tornadus|3/100\n|-enditem|p2a: Tornadus|Utility Umbrella|[from] move: Knock Off|[of] p1b: Incineroar\n|\n|-weather|SunnyDay|[upkeep]\n|-heal|p1a: Terapagos|79/100|[from] item: Leftovers\n|upkeep\n|turn|3\n|\n|t:|1771436329\n|switch|p1b: Rillaboom|Rillaboom, L50, F|100/100\n|-fieldstart|move: Grassy Terrain|[from] ability: Grassy Surge|[of] p1b: Rillaboom\n|move|p2a: Tornadus|Bleakwind Storm|p1a: Terapagos|[spread] p1b\n|-miss|p2a: Tornadus|p1a: Terapagos\n|-supereffective|p1b: Rillaboom\n|-damage|p1b: Rillaboom|56/100\n|move|p2b: Groudon|Precipice Blades|p1a: Terapagos|[spread] p1a,p1b\n|-resisted|p1b: Rillaboom\n|-damage|p1a: Terapagos|57/100\n|-damage|p1b: Rillaboom|39/100\n|move|p1a: Terapagos|Tera Starstorm|p2b: Groudon\n|-damage|p2b: Groudon|52/100\n|\n|-weather|SunnyDay|[upkeep]\n|-heal|p2b: Groudon|58/100|[from] Grassy Terrain\n|-heal|p1a: Terapagos|63/100|[from] Grassy Terrain\n|-heal|p1a: Terapagos|69/100|[from] item: Leftovers\n|-heal|p1b: Rillaboom|45/100|[from] Grassy Terrain\n|-end|p1a: Terapagos|move: Taunt\n|upkeep\n|turn|4\n|inactive|Schimmli has 30 seconds left.\n|\n|t:|1771436363\n|move|p1b: Rillaboom|Fake Out|p2a: Tornadus\n|-damage|p2a: Tornadus|0 fnt\n|faint|p2a: Tornadus\n|move|p2b: Groudon|Heat Crash|p1b: Rillaboom\n|-supereffective|p1b: Rillaboom\n|-damage|p1b: Rillaboom|0 fnt\n|faint|p1b: Rillaboom\n|move|p1a: Terapagos|Calm Mind|p1a: Terapagos\n|-boost|p1a: Terapagos|spa|1\n|-boost|p1a: Terapagos|spd|1\n|\n|-weather|SunnyDay|[upkeep]\n|-heal|p2b: Groudon|64/100|[from] Grassy Terrain\n|-heal|p1a: Terapagos|75/100|[from] Grassy Terrain\n|-heal|p1a: Terapagos|82/100|[from] item: Leftovers\n|upkeep\n|\n|t:|1771436375\n|switch|p2a: Urshifu|Urshifu, L50, F|100/100\n|switch|p1b: Incineroar|Incineroar, L50, F, shiny|44/100\n|-ability|p1b: Incineroar|Intimidate|boost\n|-unboost|p2a: Urshifu|atk|1\n|-unboost|p2b: Groudon|atk|1\n|turn|5\n|\n|t:|1771436399\n|-terastallize|p2a: Urshifu|Ghost\n|-terastallize|p1a: Terapagos|Stellar\n|detailschange|p1a: Terapagos|Terapagos-Stellar, L50, M, tera:Stellar\n|-heal|p1a: Terapagos|86/100|[silent]\n|-ability|p1a: Terapagos|Teraform Zero\n|-weather|none\n|-fieldend|move: Grassy Terrain\n|move|p1b: Incineroar|Fake Out|p2a: Urshifu\n|-immune|p2a: Urshifu\n|move|p2a: Urshifu|Close Combat|p1a: Terapagos\n|-supereffective|p1a: Terapagos\n|-damage|p1a: Terapagos|29/100\n|-unboost|p2a: Urshifu|def|1\n|-unboost|p2a: Urshifu|spd|1\n|-damage|p2a: Urshifu|91/100|[from] item: Life Orb\n|move|p2b: Groudon|Precipice Blades|p1a: Terapagos|[spread] p1a,p1b\n|-supereffective|p1b: Incineroar\n|-damage|p1a: Terapagos|16/100\n|-damage|p1b: Incineroar|0 fnt\n|faint|p1b: Incineroar\n|move|p1a: Terapagos|Tera Starstorm|p2b: Groudon|[spread] p2a,p2b\n|-supereffective|p2a: Urshifu\n|-damage|p2a: Urshifu|0 fnt\n|-damage|p2b: Groudon|18/100\n|faint|p2a: Urshifu\n|\n|-heal|p1a: Terapagos|22/100|[from] item: Leftovers\n|-sideend|p2: Indeedee Follow|move: Tailwind\n|upkeep\n|\n|t:|1771436425\n|switch|p2a: Terapagos|Terapagos, L50, M|100/100\n|switch|p1b: Calyrex|Calyrex-Shadow, L50|100/100\n|-activate|p2a: Terapagos|ability: Tera Shift\n|detailschange|p2a: Terapagos|Terapagos-Terastal, L50, M\n|-heal|p2a: Terapagos|100/100|[silent]\n|-ability|p1b: Calyrex|As One\n|-ability|p1b: Calyrex|Unnerve\n|turn|6\n|\n|t:|1771436449\n|move|p2b: Groudon|Protect|p2b: Groudon\n|-singleturn|p2b: Groudon|Protect\n|move|p1a: Terapagos|Protect|p1a: Terapagos\n|-singleturn|p1a: Terapagos|Protect\n|move|p1b: Calyrex|Astral Barrage|p2a: Terapagos|[spread] \n|-activate|p2b: Groudon|move: Protect\n|-immune|p2a: Terapagos\n|move|p2a: Terapagos|Dark Pulse|p1b: Calyrex\n|-supereffective|p1b: Calyrex\n|-enditem|p1b: Calyrex|Focus Sash\n|-damage|p1b: Calyrex|1/100\n|\n|-heal|p1a: Terapagos|29/100|[from] item: Leftovers\n|upkeep\n|turn|7\n|\n|t:|1771436469\n|move|p1b: Calyrex|Disable|p2a: Terapagos\n|-start|p2a: Terapagos|Disable|Dark Pulse\n|move|p1a: Terapagos|Tera Starstorm|p2b: Groudon|[spread] p2a,p2b\n|-activate|p2a: Terapagos|ability: Tera Shell\n|-resisted|p2a: Terapagos\n|-damage|p2a: Terapagos|78/100\n|-damage|p2b: Groudon|0 fnt\n|faint|p2b: Groudon\n|cant|p2a: Terapagos|Disable|Dark Pulse\n|\n|-heal|p1a: Terapagos|35/100|[from] item: Leftovers\n|upkeep\n|turn|8\n|-message|Indeedee Follow forfeited.\n|\n|win|Schimmli\n|raw|Schimmli's rating: 1548 &rarr; <strong>1564</strong><br />(+16 for winning)\n|raw|Indeedee Follow's rating: 1475 &rarr; <strong>1459</strong><br />(-16 for losing)\n|l|\u2606Indeedee Follow\n|player|p2|\n|l|\u2606Schimmli\n|player|p1|\n","uploadtime":1771436635,"views":21,"formatid":"gen9vgc2026regi","rating":1459,"private":0,"password":null}