{"id":"gen9vgc2026regi-2523359390","format":"[Gen 9] VGC 2026 Reg I","players":["mosca9876","liam.2025"],"log":"|j|\u2606mosca9876\n|j|\u2606liam.2025\n|t:|1769018330\n|gametype|doubles\n|player|p1|mosca9876|170|1235\n|player|p2|liam.2025|policeman|1407\n|gen|9\n|tier|[Gen 9] VGC 2026 Reg I\n|rated|\n|rule|Species Clause: Limit one of each Pok\u00e9mon\n|rule|Item Clause: Limit 1 of each item\n|clearpoke\n|poke|p1|Miraidon, L50|\n|poke|p1|Calyrex-Ice, L50|\n|poke|p1|Grimmsnarl, L50, M|\n|poke|p1|Sneasler, L50, F|\n|poke|p1|Farigiraf, L50, M|\n|poke|p1|Iron Hands, L50|\n|poke|p2|Murkrow, L50, F|\n|poke|p2|Weezing-Galar, L50, M|\n|poke|p2|Terapagos, L50, M|\n|poke|p2|Smeargle, L50, M|\n|poke|p2|Calyrex-Ice, L50|\n|poke|p2|Ursaluna, L50, F|\n|teampreview|4\n|inactive|Battle timer is ON: inactive players will automatically lose when time's up. (requested by mosca9876)\n|\n|t:|1769018408\n|teamsize|p1|4\n|teamsize|p2|4\n|start\n|switch|p1a: Calyrex|Calyrex-Ice, L50|100/100\n|switch|p1b: Farigiraf|Farigiraf, L50, M|100/100\n|switch|p2a: Murkrow|Murkrow, L50, F|100/100\n|switch|p2b: Weezing|Weezing-Galar, L50, M|100/100\n|-ability|p2b: Weezing|Neutralizing Gas\n|-block|p2a: Murkrow|item: Ability Shield\n|-ability|p1a: Calyrex|As One\n|-ability|p1a: Calyrex|Unnerve\n|turn|1\n|\n|t:|1769018426\n|move|p2a: Murkrow|Taunt|p1b: Farigiraf\n|-start|p1b: Farigiraf|move: Taunt\n|move|p2b: Weezing|Taunt|p1a: Calyrex\n|-start|p1a: Calyrex|move: Taunt\n|move|p1a: Calyrex|Glacial Lance|p2b: Weezing|[spread] p2a,p2b\n|-supereffective|p2a: Murkrow\n|-crit|p2a: Murkrow\n|-damage|p2a: Murkrow|0 fnt\n|-damage|p2b: Weezing|44/100\n|faint|p2a: Murkrow\n|-ability|p1a: Calyrex|Chilling Neigh|boost\n|-boost|p1a: Calyrex|atk|1\n|move|p1b: Farigiraf|Hyper Voice|p2b: Weezing\n|-damage|p2b: Weezing|0 fnt\n|faint|p2b: Weezing\n|-end|p2b: Weezing|ability: Neutralizing Gas\n|\n|upkeep\n|\n|t:|1769018441\n|switch|p2b: Smeargle|Smeargle, L50, M|100/100\n|switch|p2a: Terapagos|Terapagos, L50, M|100/100\n|-activate|p2a: Terapagos|ability: Tera Shift\n|detailschange|p2a: Terapagos|Terapagos-Terastal, L50, M\n|-heal|p2a: Terapagos|100/100|[silent]\n|turn|2\n|\n|t:|1769018453\n|-terastallize|p2a: Terapagos|Stellar\n|detailschange|p2a: Terapagos|Terapagos-Stellar, L50, M, tera:Stellar\n|-heal|p2a: Terapagos|100/100|[silent]\n|move|p2b: Smeargle|Decorate|p2a: Terapagos\n|-boost|p2a: Terapagos|atk|2\n|-boost|p2a: Terapagos|spa|2\n|move|p2a: Terapagos|Tera Starstorm|p1a: Calyrex|[spread] p1a,p1b\n|-damage|p1a: Calyrex|9/100\n|-damage|p1b: Farigiraf|0 fnt\n|faint|p1b: Farigiraf\n|move|p1a: Calyrex|Glacial Lance|p2b: Smeargle|[spread] p2a,p2b\n|-damage|p2a: Terapagos|51/100\n|-enditem|p2b: Smeargle|Focus Sash\n|-damage|p2b: Smeargle|1/100\n|\n|upkeep\n|\n|t:|1769018464\n|switch|p1b: Grimmsnarl|Grimmsnarl, L50, M|100/100\n|turn|3\n|\n|t:|1769018472\n|move|p2b: Smeargle|Quick Guard|p2b: Smeargle\n|-singleturn|p2b: Smeargle|Quick Guard\n|move|p1b: Grimmsnarl|Fake Out|p2a: Terapagos\n|-activate|p2a: Terapagos|move: Quick Guard\n|move|p2a: Terapagos|Tera Starstorm|p1b: Grimmsnarl|[spread] p1a,p1b\n|-damage|p1a: Calyrex|0 fnt\n|-damage|p1b: Grimmsnarl|0 fnt\n|faint|p1a: Calyrex\n|faint|p1b: Grimmsnarl\n|\n|upkeep\n|\n|t:|1769018476\n|switch|p1b: Iron Hands|Iron Hands, L50|100/100\n|turn|4\n|c|\u2606liam.2025|gg\n|\n|t:|1769018489\n|move|p2b: Smeargle|Follow Me|p2b: Smeargle\n|-singleturn|p2b: Smeargle|move: Follow Me\n|move|p2a: Terapagos|Tera Starstorm|p1b: Iron Hands\n|-damage|p1b: Iron Hands|11/100\n|move|p1b: Iron Hands|Drain Punch|p2b: Smeargle\n|-supereffective|p2b: Smeargle\n|-damage|p2b: Smeargle|0 fnt\n|-heal|p1b: Iron Hands|12/100|[from] drain|[of] p2b: Smeargle\n|faint|p2b: Smeargle\n|\n|upkeep\n|turn|5\n|\n|t:|1769018499\n|move|p2a: Terapagos|Tera Starstorm|p1b: Iron Hands\n|-damage|p1b: Iron Hands|0 fnt\n|faint|p1b: Iron Hands\n|-end|p1b: Iron Hands|Quark Drive|[silent]\n|\n|win|liam.2025\n|raw|mosca9876's rating: 1235 &rarr; <strong>1221</strong><br />(-14 for losing)\n|raw|liam.2025's rating: 1407 &rarr; <strong>1418</strong><br />(+11 for winning)\n","uploadtime":1769018695,"views":11,"formatid":"gen9vgc2026regi","rating":1221,"private":0,"password":null}