{"id":"gen9vgc2026regi-2523777373","format":"[Gen 9] VGC 2026 Reg I","players":["bobovgc121","Schimmli"],"log":"|j|\u2606bobovgc121\n|j|\u2606Schimmli\n|t:|1769068966\n|gametype|doubles\n|player|p1|bobovgc121|rocketgruntf|1325\n|player|p2|Schimmli|170|1392\n|gen|9\n|tier|[Gen 9] VGC 2026 Reg I\n|rated|\n|rule|Species Clause: Limit one of each Pok\u00e9mon\n|rule|Item Clause: Limit 1 of each item\n|clearpoke\n|poke|p1|Calyrex-Ice, L50|\n|poke|p1|Miraidon, L50|\n|poke|p1|Rillaboom, L50, F|\n|poke|p1|Smeargle, L50, F|\n|poke|p1|Incineroar, L50, M|\n|poke|p1|Iron Moth, L50|\n|poke|p2|Farigiraf, L50, F|\n|poke|p2|Miraidon, L50|\n|poke|p2|Rayquaza, L50|\n|poke|p2|Chien-Pao, L50|\n|poke|p2|Iron Hands, L50|\n|poke|p2|Volcarona, L50, M|\n|teampreview|4\n|\n|t:|1769069013\n|teamsize|p1|4\n|teamsize|p2|4\n|start\n|switch|p1a: Calyrex|Calyrex-Ice, L50|100/100\n|switch|p1b: Smeargle|Smeargle, L50, F|100/100\n|switch|p2a: Miraidon|Miraidon, L50|100/100\n|switch|p2b: Farigiraf|Farigiraf, L50, F|100/100\n|-ability|p1a: Calyrex|As One\n|-ability|p1a: Calyrex|Unnerve\n|-fieldstart|move: Electric Terrain|[from] ability: Hadron Engine|[of] p2a: Miraidon\n|-enditem|p2b: Farigiraf|Electric Seed\n|-boost|p2b: Farigiraf|def|1|[from] item: Electric Seed\n|turn|1\n|\n|t:|1769069035\n|move|p1a: Calyrex|Protect|p1a: Calyrex\n|-singleturn|p1a: Calyrex|Protect\n|move|p2a: Miraidon|Volt Switch|p1b: Smeargle\n|-enditem|p1b: Smeargle|Focus Sash\n|-damage|p1b: Smeargle|1/100\n|\n|t:|1769069041\n|switch|p2a: Iron Hands|Iron Hands, L50|100/100|[from] Volt Switch\n|-activate|p2a: Iron Hands|ability: Quark Drive\n|-start|p2a: Iron Hands|quarkdriveatk\n|move|p1b: Smeargle|Decorate|p1a: Calyrex\n|-boost|p1a: Calyrex|atk|2\n|-boost|p1a: Calyrex|spa|2\n|move|p2b: Farigiraf|Psychic Noise|p1b: Smeargle\n|-damage|p1b: Smeargle|0 fnt\n|faint|p1b: Smeargle\n|\n|upkeep\n|\n|t:|1769069068\n|switch|p1b: Miraidon|Miraidon, L50|100/100\n|-activate|p1b: Miraidon|ability: Hadron Engine\n|turn|2\n|\n|t:|1769069076\n|-terastallize|p1a: Calyrex|Fire\n|move|p2a: Iron Hands|Fake Out|p1a: Calyrex\n|-damage|p1a: Calyrex|88/100\n|move|p1b: Miraidon|Draco Meteor|p2a: Iron Hands|[miss]\n|-miss|p1b: Miraidon|p2a: Iron Hands\n|move|p2b: Farigiraf|Foul Play|p1a: Calyrex\n|-crit|p1a: Calyrex\n|-damage|p1a: Calyrex|23/100\n|cant|p1a: Calyrex|flinch\n|\n|-heal|p1a: Calyrex|29/100|[from] item: Leftovers\n|upkeep\n|turn|3\n|\n|t:|1769069102\n|move|p1b: Miraidon|Draco Meteor|p2b: Farigiraf\n|-damage|p2b: Farigiraf|0 fnt\n|-unboost|p1b: Miraidon|spa|2\n|faint|p2b: Farigiraf\n|-damage|p1b: Miraidon|91/100|[from] item: Life Orb\n|move|p1a: Calyrex|Leech Seed|p2a: Iron Hands\n|-start|p2a: Iron Hands|move: Leech Seed\n|move|p2a: Iron Hands|Low Kick|p1b: Miraidon\n|-damage|p1b: Miraidon|0 fnt\n|faint|p1b: Miraidon\n|\n|-heal|p1a: Calyrex|35/100|[from] item: Leftovers\n|-damage|p2a: Iron Hands|88/100|[from] Leech Seed|[of] p1a: Calyrex\n|-heal|p1a: Calyrex|49/100|[silent]\n|upkeep\n|\n|t:|1769069131\n|switch|p1b: Iron Moth|Iron Moth, L50|100/100\n|switch|p2b: Miraidon|Miraidon, L50|100/100\n|-activate|p2b: Miraidon|ability: Hadron Engine\n|-activate|p1b: Iron Moth|ability: Quark Drive\n|-start|p1b: Iron Moth|quarkdrivespe\n|turn|4\n|\n|t:|1769069144\n|move|p1a: Calyrex|Protect|p1a: Calyrex\n|-singleturn|p1a: Calyrex|Protect\n|move|p1b: Iron Moth|Struggle Bug|p2a: Iron Hands|[spread] p2a,p2b\n|-resisted|p2a: Iron Hands\n|-damage|p2a: Iron Hands|85/100\n|-damage|p2b: Miraidon|92/100\n|-unboost|p2a: Iron Hands|spa|1\n|-unboost|p2b: Miraidon|spa|1\n|move|p2b: Miraidon|Electro Drift|p1a: Calyrex\n|-activate|p1a: Calyrex|move: Protect\n|move|p2a: Iron Hands|Wild Charge|p1b: Iron Moth\n|-damage|p1b: Iron Moth|0 fnt\n|faint|p1b: Iron Moth\n|-end|p1b: Iron Moth|Quark Drive|[silent]\n|-damage|p2a: Iron Hands|66/100|[from] Recoil\n|\n|-heal|p1a: Calyrex|55/100|[from] item: Leftovers\n|-damage|p2a: Iron Hands|53/100|[from] Leech Seed|[of] p1a: Calyrex\n|-heal|p1a: Calyrex|70/100|[silent]\n|upkeep\n|turn|5\n|\n|t:|1769069165\n|-terastallize|p2b: Miraidon|Electric\n|move|p2b: Miraidon|Electro Drift|p1a: Calyrex\n|-damage|p1a: Calyrex|16/100\n|move|p1a: Calyrex|Glacial Lance|p2b: Miraidon|[spread] p2a,p2b\n|-damage|p2a: Iron Hands|0 fnt\n|-damage|p2b: Miraidon|0 fnt\n|faint|p2a: Iron Hands\n|-end|p2a: Iron Hands|Quark Drive|[silent]\n|faint|p2b: Miraidon\n|-ability|p1a: Calyrex|Chilling Neigh|boost\n|-boost|p1a: Calyrex|atk|2\n|\n|-heal|p1a: Calyrex|22/100|[from] item: Leftovers\n|-fieldend|move: Electric Terrain\n|upkeep\n|\n|t:|1769069176\n|switch|p2b: Volcarona|Volcarona, L50, M|100/100\n|turn|6\n|\n|t:|1769069186\n|move|p1a: Calyrex|Protect|p1a: Calyrex\n|-singleturn|p1a: Calyrex|Protect\n|move|p2b: Volcarona|Flamethrower|p1a: Calyrex\n|-activate|p1a: Calyrex|move: Protect\n|\n|-heal|p1a: Calyrex|28/100|[from] item: Leftovers\n|upkeep\n|turn|7\n|\n|t:|1769069194\n|move|p2b: Volcarona|Flamethrower|p1a: Calyrex\n|-resisted|p1a: Calyrex\n|-damage|p1a: Calyrex|16/100\n|move|p1a: Calyrex|Glacial Lance|p2b: Volcarona\n|-resisted|p2b: Volcarona\n|-damage|p2b: Volcarona|9/100\n|\n|-heal|p1a: Calyrex|22/100|[from] item: Leftovers\n|upkeep\n|turn|8\n|\n|t:|1769069203\n|move|p2b: Volcarona|Flamethrower|p1a: Calyrex\n|-resisted|p1a: Calyrex\n|-damage|p1a: Calyrex|9/100\n|move|p1a: Calyrex|Glacial Lance|p2b: Volcarona\n|-resisted|p2b: Volcarona\n|-damage|p2b: Volcarona|0 fnt\n|faint|p2b: Volcarona\n|\n|win|bobovgc121\n|raw|bobovgc121's rating: 1325 &rarr; <strong>1349</strong><br />(+24 for winning)\n|raw|Schimmli's rating: 1392 &rarr; <strong>1368</strong><br />(-24 for losing)\n|l|\u2606Schimmli\n|player|p2|\n|l|\u2606bobovgc121\n|player|p1|\n","uploadtime":1769069213,"views":19,"formatid":"gen9vgc2026regi","rating":1349,"private":0,"password":null}