{"id":"gen9vgc2026regi-2567692369","format":"[Gen 9] VGC 2026 Reg I","players":["momentaueita","TheManOfSausage"],"log":"|j|\u2606momentaueita\n|j|\u2606TheManOfSausage\n|t:|1774504859\n|gametype|doubles\n|player|p1|momentaueita|flint|1426\n|player|p2|TheManOfSausage|170|1489\n|gen|9\n|tier|[Gen 9] VGC 2026 Reg I\n|rated|\n|rule|Species Clause: Limit one of each Pok\u00e9mon\n|rule|Item Clause: Limit 1 of each item\n|clearpoke\n|poke|p1|Incineroar, L50, F|\n|poke|p1|Thundurus, L50, M|\n|poke|p1|Kyogre, L50|\n|poke|p1|Calyrex-Ice, L50|\n|poke|p1|Farigiraf, L50, F|\n|poke|p1|Ursaluna-Bloodmoon, L50, M|\n|poke|p2|Calyrex-Shadow, L50|\n|poke|p2|Koraidon, L50|\n|poke|p2|Weezing-Galar, L50, M|\n|poke|p2|Brute Bonnet, L50|\n|poke|p2|Chi-Yu, L50|\n|poke|p2|Raging Bolt, L50|\n|teampreview|4\n|inactive|Battle timer is ON: inactive players will automatically lose when time's up. (requested by momentaueita)\n|inactive|momentaueita has 60 seconds left.\n|inactive|TheManOfSausage has 60 seconds left.\n|inactive|momentaueita has 30 seconds left.\n|\n|t:|1774504929\n|teamsize|p1|4\n|teamsize|p2|4\n|start\n|switch|p1a: Kyogre|Kyogre, L50|100/100\n|switch|p1b: Thundurus|Thundurus, L50, M|100/100\n|switch|p2a: Koraidon|Koraidon, L50|100/100\n|switch|p2b: Weezing|Weezing-Galar, L50, M|100/100\n|-ability|p2b: Weezing|Neutralizing Gas\n|-block|p2a: Koraidon|item: Ability Shield\n|-weather|SunnyDay|[from] ability: Orichalcum Pulse|[of] p2a: Koraidon\n|-activate|p2a: Koraidon|Orichalcum Pulse|[source]\n|turn|1\n|\n|t:|1774504946\n|move|p1a: Kyogre|Ice Beam|p2a: Koraidon\n|-supereffective|p2a: Koraidon\n|-damage|p2a: Koraidon|33/100\n|move|p2a: Koraidon|Flare Blitz|p1b: Thundurus\n|-enditem|p1b: Thundurus|Focus Sash\n|-damage|p1b: Thundurus|1/100\n|-damage|p2a: Koraidon|5/100|[from] Recoil\n|move|p1b: Thundurus|Wildbolt Storm|p2b: Weezing|[spread] p2a,p2b\n|-resisted|p2a: Koraidon\n|-damage|p2a: Koraidon|0 fnt\n|-damage|p2b: Weezing|45/100\n|faint|p2a: Koraidon\n|move|p2b: Weezing|Sludge Bomb|p1b: Thundurus\n|-damage|p1b: Thundurus|0 fnt\n|faint|p1b: Thundurus\n|\n|-weather|SunnyDay|[upkeep]\n|upkeep\n|\n|t:|1774504959\n|switch|p2a: Rice Shower|Calyrex-Shadow, L50|100/100\n|switch|p1b: Calyrex|Calyrex-Ice, L50|100/100\n|-ability|p2a: Rice Shower|As One\n|-ability|p2a: Rice Shower|Unnerve\n|-ability|p1b: Calyrex|As One\n|-ability|p1b: Calyrex|Unnerve\n|turn|2\n|\n|t:|1774504972\n|-terastallize|p2a: Rice Shower|Ghost\n|-terastallize|p1b: Calyrex|Grass\n|move|p1a: Kyogre|Ice Beam|p2b: Weezing\n|-damage|p2b: Weezing|0 fnt\n|faint|p2b: Weezing\n|-end|p2b: Weezing|ability: Neutralizing Gas\n|-weather|RainDance|[from] ability: Drizzle|[of] p1a: Kyogre\n|move|p2a: Rice Shower|Astral Barrage|p1a: Kyogre|[spread] p1a,p1b\n|-damage|p1a: Kyogre|43/100\n|-damage|p1b: Calyrex|44/100\n|move|p1b: Calyrex|Trick Room|p1b: Calyrex\n|-fieldstart|move: Trick Room|[of] p1b: Calyrex\n|\n|-weather|RainDance|[upkeep]\n|upkeep\n|\n|t:|1774504979\n|switch|p2b: Brute Bonnet|Brute Bonnet, L50|100/100\n|turn|3\n|\n|t:|1774504987\n|move|p1b: Calyrex|Glacial Lance|p2b: Brute Bonnet|[spread] p2a,p2b\n|-supereffective|p2b: Brute Bonnet\n|-damage|p2a: Rice Shower|30/100\n|-damage|p2b: Brute Bonnet|34/100\n|move|p2b: Brute Bonnet|Seed Bomb|p1a: Kyogre\n|-supereffective|p1a: Kyogre\n|-damage|p1a: Kyogre|0 fnt\n|faint|p1a: Kyogre\n|move|p2a: Rice Shower|Astral Barrage|p1b: Calyrex\n|-damage|p1b: Calyrex|0 fnt\n|faint|p1b: Calyrex\n|-ability|p2a: Rice Shower|Grim Neigh|boost\n|-boost|p2a: Rice Shower|spa|1\n|\n|-weather|RainDance|[upkeep]\n|upkeep\n|\n|t:|1774504993\n|switch|p1b: Ursaluna|Ursaluna-Bloodmoon, L50, M|100/100\n|turn|4\n|\n|t:|1774504998\n|move|p2a: Rice Shower|Protect|p2a: Rice Shower\n|-singleturn|p2a: Rice Shower|Protect\n|move|p1b: Ursaluna|Hyper Voice|p2a: Rice Shower|[spread] p2b\n|-activate|p2a: Rice Shower|move: Protect\n|-damage|p2b: Brute Bonnet|0 fnt\n|faint|p2b: Brute Bonnet\n|-end|p2b: Brute Bonnet|Protosynthesis|[silent]\n|-damage|p1b: Ursaluna|91/100|[from] item: Life Orb\n|\n|-weather|RainDance|[upkeep]\n|upkeep\n|turn|5\n|\n|t:|1774505001\n|move|p2a: Rice Shower|Protect||[still]\n|-fail|p2a: Rice Shower\n|move|p1b: Ursaluna|Blood Moon|p2a: Rice Shower\n|-crit|p2a: Rice Shower\n|-damage|p2a: Rice Shower|0 fnt\n|faint|p2a: Rice Shower\n|-damage|p1b: Ursaluna|81/100|[from] item: Life Orb\n|\n|win|momentaueita\n|raw|momentaueita's rating: 1426 &rarr; <strong>1450</strong><br />(+24 for winning)\n|raw|TheManOfSausage's rating: 1489 &rarr; <strong>1465</strong><br />(-24 for losing)\n|c|\u2606TheManOfSausage|gg\n|l|\u2606TheManOfSausage\n|player|p2|\n|l|\u2606momentaueita\n|player|p1|\n","uploadtime":1774505177,"views":12,"formatid":"gen9vgc2026regi","rating":1450,"private":0,"password":null}