{"id":"gen9vgc2026regi-2568602635","format":"[Gen 9] VGC 2026 Reg I","players":["Highkage2","yeniu"],"log":"|j|\u203dHighkage2\n|j|\u2606yeniu\n|t:|1774603322\n|gametype|doubles\n|player|p1|Highkage2|doubleteam|1540\n|player|p2|yeniu|swimmerf-gen4dp|1467\n|gen|9\n|tier|[Gen 9] VGC 2026 Reg I\n|rated|\n|rule|Species Clause: Limit one of each Pok\u00e9mon\n|rule|Item Clause: Limit 1 of each item\n|clearpoke\n|poke|p1|Incineroar, L50, M|\n|poke|p1|Calyrex-Ice, L50|\n|poke|p1|Miraidon, L50|\n|poke|p1|Iron Treads, L50|\n|poke|p1|Volcarona, L50, F|\n|poke|p1|Farigiraf, L50, M|\n|poke|p2|Calyrex-Ice, L50|\n|poke|p2|Miraidon, L50|\n|poke|p2|Grimmsnarl, L50, M|\n|poke|p2|Urshifu-*, L50, M|\n|poke|p2|Incineroar, L50, M|\n|poke|p2|Landorus, L50, M|\n|teampreview|4\n|inactive|Battle timer is ON: inactive players will automatically lose when time's up. (requested by Highkage2)\n|\n|t:|1774603356\n|teamsize|p1|4\n|teamsize|p2|4\n|start\n|switch|p1a: Miraidon|Miraidon, L50|100/100\n|switch|p1b: Incineroar|Incineroar, L50, M|100/100\n|switch|p2a: Miraidon|Miraidon, L50|100/100\n|switch|p2b: Incineroar|Incineroar, L50, M|100/100\n|-fieldstart|move: Electric Terrain|[from] ability: Hadron Engine|[of] p1a: Miraidon\n|-activate|p2a: Miraidon|ability: Hadron Engine\n|-ability|p2b: Incineroar|Intimidate|boost\n|-unboost|p1a: Miraidon|atk|1\n|-unboost|p1b: Incineroar|atk|1\n|-ability|p1b: Incineroar|Intimidate|boost\n|-unboost|p2a: Miraidon|atk|1\n|-unboost|p2b: Incineroar|atk|1\n|turn|1\n|\n|t:|1774603378\n|move|p2b: Incineroar|Fake Out|p1a: Miraidon\n|-damage|p1a: Miraidon|93/100\n|move|p1b: Incineroar|Fake Out|p2a: Miraidon\n|-damage|p2a: Miraidon|94/100\n|cant|p1a: Miraidon|flinch\n|cant|p2a: Miraidon|flinch\n|\n|upkeep\n|turn|2\n|\n|t:|1774603400\n|switch|p2b: Landorus|Landorus, L50, M|100/100\n|-terastallize|p2a: Miraidon|Fairy\n|move|p1a: Miraidon|Volt Switch|p2b: Landorus\n|-immune|p2b: Landorus\n|move|p2a: Miraidon|Dazzling Gleam|p1a: Miraidon|[spread] p1a,p1b\n|-supereffective|p1a: Miraidon\n|-crit|p1a: Miraidon\n|-damage|p1a: Miraidon|0 fnt\n|-damage|p1b: Incineroar|68/100\n|faint|p1a: Miraidon\n|move|p1b: Incineroar|U-turn|p2b: Landorus\n|-resisted|p2b: Landorus\n|-damage|p2b: Landorus|94/100\n|\n|t:|1774603405\n|switch|p1b: Iron Treads|Iron Treads, L50|100/100|[from] U-turn\n|-activate|p1b: Iron Treads|ability: Quark Drive\n|-start|p1b: Iron Treads|quarkdrivespe\n|\n|upkeep\n|\n|t:|1774603407\n|switch|p1a: Calyrex|Calyrex-Ice, L50|100/100\n|-ability|p1a: Calyrex|As One\n|-ability|p1a: Calyrex|Unnerve\n|turn|3\n|inactive|yeniu has 30 seconds left.\n|inactive|yeniu has 20 seconds left.\n|inactive|yeniu has 15 seconds left.\n|\n|t:|1774603447\n|-end|p1b: Iron Treads|Quark Drive|[silent]\n|switch|p1b: Incineroar|Incineroar, L50, M|68/100\n|-ability|p1b: Incineroar|Intimidate|boost\n|-unboost|p2a: Miraidon|atk|1\n|-unboost|p2b: Landorus|atk|1\n|switch|p2a: Incineroar|Incineroar, L50, M|100/100\n|-ability|p2a: Incineroar|Intimidate|boost\n|-unboost|p1a: Calyrex|atk|1\n|-unboost|p1b: Incineroar|atk|1\n|move|p2b: Landorus|Protect|p2b: Landorus\n|-singleturn|p2b: Landorus|Protect\n|move|p1a: Calyrex|Glacial Lance|p2b: Landorus|[spread] p2a\n|-activate|p2b: Landorus|move: Protect\n|-resisted|p2a: Incineroar\n|-damage|p2a: Incineroar|82/100\n|\n|upkeep\n|turn|4\n|inactive|Highkage2 has 30 seconds left.\n|\n|t:|1774603482\n|move|p2a: Incineroar|Fake Out|p1a: Calyrex\n|-crit|p1a: Calyrex\n|-damage|p1a: Calyrex|90/100\n|move|p2b: Landorus|Sandsear Storm|p1b: Incineroar|[spread] p1a\n|-miss|p2b: Landorus|p1b: Incineroar\n|-damage|p1a: Calyrex|55/100\n|move|p1b: Incineroar|U-turn|p2b: Landorus\n|-resisted|p2b: Landorus\n|-damage|p2b: Landorus|89/100\n|\n|t:|1774603486\n|switch|p1b: Iron Treads|Iron Treads, L50|100/100|[from] U-turn\n|-activate|p1b: Iron Treads|ability: Quark Drive\n|-start|p1b: Iron Treads|quarkdrivespe\n|cant|p1a: Calyrex|flinch\n|\n|-heal|p1a: Calyrex|60/100|[from] item: Leftovers\n|upkeep\n|turn|5\n|\n|t:|1774603507\n|switch|p2a: Calyrex|Calyrex-Ice, L50|100/100\n|-ability|p2a: Calyrex|As One\n|-ability|p2a: Calyrex|Unnerve\n|move|p2b: Landorus|Protect|p2b: Landorus\n|-singleturn|p2b: Landorus|Protect\n|move|p1b: Iron Treads|High Horsepower|p2a: Calyrex\n|-damage|p2a: Calyrex|59/100\n|move|p1a: Calyrex|Trick Room|p1a: Calyrex\n|-fieldstart|move: Trick Room|[of] p1a: Calyrex\n|\n|-heal|p1a: Calyrex|66/100|[from] item: Leftovers\n|-heal|p2a: Calyrex|65/100|[from] item: Leftovers\n|-fieldend|move: Electric Terrain\n|-end|p1b: Iron Treads|Quark Drive\n|upkeep\n|turn|6\n|inactive|yeniu has 30 seconds left.\n|\n|t:|1774603539\n|switch|p2b: Incineroar|Incineroar, L50, M|82/100\n|-ability|p2b: Incineroar|Intimidate|boost\n|-unboost|p1a: Calyrex|atk|1\n|-unboost|p1b: Iron Treads|atk|1\n|move|p1a: Calyrex|Glacial Lance|p2a: Calyrex|[spread] p2a,p2b\n|-resisted|p2a: Calyrex\n|-resisted|p2b: Incineroar\n|-damage|p2a: Calyrex|58/100\n|-damage|p2b: Incineroar|70/100\n|move|p2a: Calyrex|Leech Seed|p1a: Calyrex\n|-start|p1a: Calyrex|move: Leech Seed\n|move|p1b: Iron Treads|High Horsepower|p2b: Incineroar|[miss]\n|-miss|p1b: Iron Treads|p2b: Incineroar\n|\n|-heal|p1a: Calyrex|72/100|[from] item: Leftovers\n|-heal|p2a: Calyrex|64/100|[from] item: Leftovers\n|-damage|p1a: Calyrex|60/100|[from] Leech Seed|[of] p2a: Calyrex\n|-heal|p2a: Calyrex|76/100|[silent]\n|upkeep\n|turn|7\n|inactive|Highkage2 has 30 seconds left.\n|\n|t:|1774603573\n|switch|p1a: Incineroar|Incineroar, L50, M|68/100\n|-ability|p1a: Incineroar|Intimidate|boost\n|-unboost|p2a: Calyrex|atk|1\n|-unboost|p2b: Incineroar|atk|1\n|move|p2a: Calyrex|Leech Seed|p1b: Iron Treads\n|-start|p1b: Iron Treads|move: Leech Seed\n|move|p2b: Incineroar|Knock Off|p1b: Iron Treads\n|-damage|p1b: Iron Treads|78/100\n|-enditem|p1b: Iron Treads|Choice Band|[from] move: Knock Off|[of] p2b: Incineroar\n|move|p1b: Iron Treads|High Horsepower|p2b: Incineroar\n|-supereffective|p2b: Incineroar\n|-damage|p2b: Incineroar|11/100\n|\n|-heal|p2a: Calyrex|82/100|[from] item: Leftovers\n|-damage|p1b: Iron Treads|66/100|[from] Leech Seed|[of] p2a: Calyrex\n|-heal|p2a: Calyrex|91/100|[silent]\n|upkeep\n|turn|8\n|\n|t:|1774603589\n|switch|p2b: Landorus|Landorus, L50, M|89/100\n|-end|p1b: Iron Treads|Quark Drive|[silent]\n|switch|p1b: Calyrex|Calyrex-Ice, L50|60/100\n|-ability|p1b: Calyrex|As One\n|-ability|p1b: Calyrex|Unnerve\n|move|p2a: Calyrex|Protect|p2a: Calyrex\n|-singleturn|p2a: Calyrex|Protect\n|move|p1a: Incineroar|U-turn|p2b: Landorus\n|-resisted|p2b: Landorus\n|-damage|p2b: Landorus|80/100\n|\n|t:|1774603593\n|switch|p1a: Iron Treads|Iron Treads, L50|66/100|[from] U-turn\n|\n|-heal|p1b: Calyrex|66/100|[from] item: Leftovers\n|-heal|p2a: Calyrex|97/100|[from] item: Leftovers\n|upkeep\n|turn|9\n|\n|t:|1774603608\n|move|p2b: Landorus|Protect|p2b: Landorus\n|-singleturn|p2b: Landorus|Protect\n|move|p1b: Calyrex|Glacial Lance|p2a: Calyrex|[spread] p2a\n|-activate|p2b: Landorus|move: Protect\n|-resisted|p2a: Calyrex\n|-damage|p2a: Calyrex|80/100\n|move|p2a: Calyrex|Glacial Lance|p1b: Calyrex|[spread] p1a,p1b\n|-resisted|p1b: Calyrex\n|-damage|p1a: Iron Treads|35/100\n|-damage|p1b: Calyrex|55/100\n|move|p1a: Iron Treads|Iron Head|p2a: Calyrex\n|-supereffective|p2a: Calyrex\n|-damage|p2a: Calyrex|35/100\n|\n|-heal|p1b: Calyrex|61/100|[from] item: Leftovers\n|-heal|p2a: Calyrex|41/100|[from] item: Leftovers\n|-fieldend|move: Trick Room\n|upkeep\n|turn|10\n|\n|t:|1774603628\n|-end|p1a: Iron Treads|Quark Drive|[silent]\n|switch|p1a: Incineroar|Incineroar, L50, M|68/100\n|-ability|p1a: Incineroar|Intimidate|boost\n|-unboost|p2a: Calyrex|atk|1\n|-unboost|p2b: Landorus|atk|1\n|move|p2a: Calyrex|Protect|p2a: Calyrex\n|-singleturn|p2a: Calyrex|Protect\n|move|p2b: Landorus|Sandsear Storm|p1b: Calyrex|[spread] p1a,p1b\n|-supereffective|p1a: Incineroar\n|-damage|p1a: Incineroar|0 fnt\n|-damage|p1b: Calyrex|27/100\n|faint|p1a: Incineroar\n|move|p1b: Calyrex|Glacial Lance|p2a: Calyrex|[spread] p2b\n|-activate|p2a: Calyrex|move: Protect\n|-supereffective|p2b: Landorus\n|-damage|p2b: Landorus|0 fnt\n|faint|p2b: Landorus\n|-ability|p1b: Calyrex|Chilling Neigh|boost\n|-boost|p1b: Calyrex|atk|1\n|\n|-heal|p2a: Calyrex|47/100|[from] item: Leftovers\n|-heal|p1b: Calyrex|32/100|[from] item: Leftovers\n|upkeep\n|\n|t:|1774603640\n|switch|p2b: Incineroar|Incineroar, L50, M|11/100\n|switch|p1a: Iron Treads|Iron Treads, L50|35/100\n|-ability|p2b: Incineroar|Intimidate|boost\n|-unboost|p1a: Iron Treads|atk|1\n|-unboost|p1b: Calyrex|atk|1\n|turn|11\n|inactive|yeniu has 30 seconds left.\n|\n|t:|1774603673\n|-terastallize|p1a: Iron Treads|Ghost\n|move|p2b: Incineroar|Fake Out|p1b: Calyrex\n|-damage|p1b: Calyrex|26/100\n|move|p1a: Iron Treads|Iron Head|p2a: Calyrex\n|-supereffective|p2a: Calyrex\n|-damage|p2a: Calyrex|14/100\n|cant|p1b: Calyrex|flinch\n|move|p2a: Calyrex|Trick Room|p2a: Calyrex\n|-fieldstart|move: Trick Room|[of] p2a: Calyrex\n|\n|-heal|p1b: Calyrex|31/100|[from] item: Leftovers\n|-heal|p2a: Calyrex|20/100|[from] item: Leftovers\n|upkeep\n|turn|12\n|\n|t:|1774603692\n|move|p2a: Calyrex|Protect|p2a: Calyrex\n|-singleturn|p2a: Calyrex|Protect\n|move|p1b: Calyrex|Glacial Lance|p2b: Incineroar|[spread] p2b\n|-activate|p2a: Calyrex|move: Protect\n|-resisted|p2b: Incineroar\n|-damage|p2b: Incineroar|0 fnt\n|faint|p2b: Incineroar\n|-ability|p1b: Calyrex|Chilling Neigh|boost\n|-boost|p1b: Calyrex|atk|1\n|move|p1a: Iron Treads|Iron Head|p2a: Calyrex\n|-activate|p2a: Calyrex|move: Protect\n|\n|-heal|p1b: Calyrex|37/100|[from] item: Leftovers\n|-heal|p2a: Calyrex|26/100|[from] item: Leftovers\n|upkeep\n|\n|t:|1774603697\n|switch|p2b: Miraidon|Miraidon, L50, tera:Fairy|94/100\n|-fieldstart|move: Electric Terrain|[from] ability: Hadron Engine|[of] p2b: Miraidon\n|-activate|p1a: Iron Treads|ability: Quark Drive\n|-start|p1a: Iron Treads|quarkdrivespe\n|turn|13\n|\n|t:|1774603710\n|move|p1b: Calyrex|Glacial Lance|p2a: Calyrex|[spread] p2a,p2b\n|-resisted|p2a: Calyrex\n|-damage|p2a: Calyrex|2/100\n|-damage|p2b: Miraidon|30/100\n|move|p2a: Calyrex|Leech Seed|p1b: Calyrex\n|-start|p1b: Calyrex|move: Leech Seed\n|move|p2b: Miraidon|Dazzling Gleam|p1a: Iron Treads|[spread] p1a,p1b\n|-damage|p1a: Iron Treads|0 fnt\n|-damage|p1b: Calyrex|5/100\n|faint|p1a: Iron Treads\n|-end|p1a: Iron Treads|Quark Drive|[silent]\n|\n|-heal|p1b: Calyrex|11/100|[from] item: Leftovers\n|-heal|p2a: Calyrex|8/100|[from] item: Leftovers\n|-damage|p1b: Calyrex|0 fnt|[from] Leech Seed|[of] p2a: Calyrex\n|-heal|p2a: Calyrex|18/100|[silent]\n|faint|p1b: Calyrex\n|\n|win|yeniu\n|raw|Highkage2's rating: 1540 &rarr; <strong>1516</strong><br />(-24 for losing)\n|raw|yeniu's rating: 1467 &rarr; <strong>1491</strong><br />(+24 for winning)\n|l|\u203dHighkage2\n|player|p1|\n|l|\u2606yeniu\n|player|p2|\n","uploadtime":1774603945,"views":19,"formatid":"gen9vgc2026regi","rating":1491,"private":0,"password":null}