{"id":"gen9vgc2026regi-2573662413","format":"[Gen 9] VGC 2026 Reg I","players":["EllenJoe2026","mlbd1"],"log":"|j|\u2606EllenJoe2026\n|j|\u2606mlbd1\n|t:|1775154698\n|gametype|doubles\n|player|p1|EllenJoe2026|elesa|1561\n|player|p2|mlbd1|101|1603\n|gen|9\n|tier|[Gen 9] VGC 2026 Reg I\n|rated|\n|rule|Species Clause: Limit one of each Pok\u00e9mon\n|rule|Item Clause: Limit 1 of each item\n|clearpoke\n|poke|p1|Calyrex-Ice, L50|\n|poke|p1|Miraidon, L50|\n|poke|p1|Tornadus, L50, M|\n|poke|p1|Urshifu-*, L50, F|\n|poke|p1|Volcarona, L50, F|\n|poke|p1|Indeedee-F, L50, F|\n|poke|p2|Miraidon, L50|\n|poke|p2|Farigiraf, L50, F|\n|poke|p2|Calyrex-Ice, L50|\n|poke|p2|Urshifu-*, L50, M|\n|poke|p2|Ogerpon-Cornerstone, L50, F|\n|poke|p2|Volcarona, L50, M|\n|teampreview|4\n|inactive|Battle timer is ON: inactive players will automatically lose when time's up. (requested by mlbd1)\n|inactive|EllenJoe2026 also wants the timer to be on.\n|\n|t:|1775154718\n|teamsize|p1|4\n|teamsize|p2|4\n|start\n|switch|p1a: Calyrex|Calyrex-Ice, L50|100/100\n|switch|p1b: Indeedee|Indeedee-F, L50, F, shiny|100/100\n|switch|p2a: Miraidon|Miraidon, L50|100/100\n|switch|p2b: Ogerpon|Ogerpon-Cornerstone, L50, F|100/100\n|-ability|p1a: Calyrex|As One\n|-ability|p1a: Calyrex|Unnerve\n|-fieldstart|move: Electric Terrain|[from] ability: Hadron Engine|[of] p2a: Miraidon\n|-fieldstart|move: Psychic Terrain|[from] ability: Psychic Surge|[of] p1b: Indeedee\n|turn|1\n|\n|t:|1775154731\n|-terastallize|p1a: Calyrex|Grass\n|move|p1b: Indeedee|Follow Me|p1b: Indeedee\n|-singleturn|p1b: Indeedee|move: Follow Me\n|move|p2a: Miraidon|Volt Switch|p1b: Indeedee\n|-damage|p1b: Indeedee|63/100\n|-enditem|p1b: Indeedee|Eject Button\n|\n|t:|1775154740\n|switch|p1b: Urshifu|Urshifu-Rapid-Strike, L50, F|100/100\n|move|p2b: Ogerpon|Ivy Cudgel|p1a: Calyrex|[anim] Ivy Cudgel Rock\n|-damage|p1a: Calyrex|61/100\n|move|p1a: Calyrex|Glacial Lance|p2a: Miraidon|[spread] p2a,p2b\n|-supereffective|p2a: Miraidon\n|-supereffective|p2b: Ogerpon\n|-damage|p2a: Miraidon|11/100\n|-ability|p2b: Ogerpon|Sturdy\n|-damage|p2b: Ogerpon|1/100\n|\n|upkeep\n|turn|2\n|\n|t:|1775154762\n|-terastallize|p2b: Ogerpon|Rock\n|detailschange|p2b: Ogerpon|Ogerpon-Cornerstone-Tera, L50, F, tera:Rock\n|-ability|p2b: Ogerpon|Embody Aspect (Cornerstone)|boost\n|-boost|p2b: Ogerpon|def|1\n|move|p2a: Miraidon|Volt Switch|p1a: Calyrex\n|-resisted|p1a: Calyrex\n|-damage|p1a: Calyrex|45/100\n|\n|t:|1775154767\n|switch|p2a: Urshifu|Urshifu-Rapid-Strike, L50, M|100/100|[from] Volt Switch\n|move|p1b: Urshifu|U-turn|p2b: Ogerpon\n|-damage|p2b: Ogerpon|0 fnt\n|faint|p2b: Ogerpon\n|detailschange|p2: Ogerpon|Ogerpon-Cornerstone, L50, F|[silent]\n|\n|t:|1775154778\n|switch|p1b: Miraidon|Miraidon, L50, shiny|100/100|[from] U-turn\n|-fieldstart|move: Electric Terrain|[from] ability: Hadron Engine|[of] p1b: Miraidon\n|move|p1a: Calyrex|Glacial Lance|p2a: Urshifu\n|-resisted|p2a: Urshifu\n|-damage|p2a: Urshifu|63/100\n|\n|upkeep\n|\n|t:|1775154781\n|switch|p2b: Miraidon|Miraidon, L50|11/100\n|-activate|p2b: Miraidon|ability: Hadron Engine\n|turn|3\n|\n|t:|1775154790\n|switch|p1b: Indeedee|Indeedee-F, L50, F, shiny|63/100\n|-fieldstart|move: Psychic Terrain|[from] ability: Psychic Surge|[of] p1b: Indeedee\n|move|p2b: Miraidon|Draco Meteor|p1b: Indeedee\n|-damage|p1b: Indeedee|0 fnt\n|-unboost|p2b: Miraidon|spa|2\n|faint|p1b: Indeedee\n|move|p2a: Urshifu|Close Combat|p1a: Calyrex\n|-damage|p1a: Calyrex|0 fnt\n|-unboost|p2a: Urshifu|def|1\n|-unboost|p2a: Urshifu|spd|1\n|faint|p1a: Calyrex\n|\n|upkeep\n|\n|t:|1775154809\n|switch|p1a: Urshifu|Urshifu-Rapid-Strike, L50, F|100/100\n|switch|p1b: Miraidon|Miraidon, L50, shiny|100/100\n|-fieldstart|move: Electric Terrain|[from] ability: Hadron Engine|[of] p1b: Miraidon\n|turn|4\n|\n|t:|1775154824\n|move|p2a: Urshifu|Aqua Jet|p1b: Miraidon\n|-resisted|p1b: Miraidon\n|-damage|p1b: Miraidon|89/100\n|move|p2b: Miraidon|Draco Meteor|p1b: Miraidon|[miss]\n|-miss|p2b: Miraidon|p1b: Miraidon\n|move|p1a: Urshifu|Surging Strikes|p2b: Miraidon\n|-resisted|p2b: Miraidon\n|-crit|p2b: Miraidon\n|-damage|p2b: Miraidon|0 fnt\n|faint|p2b: Miraidon\n|-hitcount|p2: Miraidon|1\n|move|p1b: Miraidon|Electro Drift|p2a: Urshifu\n|-supereffective|p2a: Urshifu\n|-damage|p2a: Urshifu|0 fnt\n|faint|p2a: Urshifu\n|\n|upkeep\n|\n|t:|1775154833\n|switch|p2b: Calyrex|Calyrex-Ice, L50|100/100\n|-ability|p2b: Calyrex|As One\n|-ability|p2b: Calyrex|Unnerve\n|turn|5\n|\n|t:|1775154839\n|move|p1a: Urshifu|Surging Strikes|p2b: Calyrex\n|-crit|p2b: Calyrex\n|-damage|p2b: Calyrex|87/100\n|-crit|p2b: Calyrex\n|-damage|p2b: Calyrex|74/100\n|-crit|p2b: Calyrex\n|-damage|p2b: Calyrex|59/100\n|-hitcount|p2b: Calyrex|3\n|move|p1b: Miraidon|Electro Drift|p2b: Calyrex\n|-damage|p2b: Calyrex|0 fnt\n|faint|p2b: Calyrex\n|\n|win|EllenJoe2026\n|raw|EllenJoe2026's rating: 1561 &rarr; <strong>1583</strong><br />(+22 for winning)\n|raw|mlbd1's rating: 1603 &rarr; <strong>1581</strong><br />(-22 for losing)\n|l|\u2606mlbd1\n|player|p2|\n|l|\u2606EllenJoe2026\n|player|p1|\n","uploadtime":1775154991,"views":19,"formatid":"gen9vgc2026regi","rating":1581,"private":0,"password":null}