{"id":"gen9vgc2026regi-2528381303","format":"[Gen 9] VGC 2026 Reg I","players":["GAPDHC","timburr fan"],"log":"|j|\u2606GAPDHC\n|j|\u2606timburr fan\n|t:|1769649025\n|gametype|doubles\n|player|p1|GAPDHC|ruinmaniac|1298\n|player|p2|timburr fan|1|1418\n|gen|9\n|tier|[Gen 9] VGC 2026 Reg I\n|rated|\n|rule|Species Clause: Limit one of each Pok\u00e9mon\n|rule|Item Clause: Limit 1 of each item\n|clearpoke\n|poke|p1|Calyrex-Shadow, L50|\n|poke|p1|Eternatus, L50|\n|poke|p1|Grimmsnarl, L50, M|\n|poke|p1|Rillaboom, L50, F|\n|poke|p1|Dondozo, L50, M|\n|poke|p1|Tatsugiri-Droopy, L50, M|\n|poke|p2|Terapagos, L50, M|\n|poke|p2|Koraidon, L50|\n|poke|p2|Flutter Mane, L50|\n|poke|p2|Smeargle, L50, F|\n|poke|p2|Rillaboom, L50, M|\n|poke|p2|Sinistcha-Masterpiece, L50|\n|teampreview|4\n|\n|t:|1769649050\n|teamsize|p1|4\n|teamsize|p2|4\n|start\n|switch|p1a: Grimmsnarl|Grimmsnarl, L50, M|100/100\n|switch|p1b: Eternatus|Eternatus, L50|100/100\n|switch|p2a: Terapagos|Terapagos, L50, M|100/100\n|switch|p2b: Smeargle|Smeargle, L50, F|100/100\n|-activate|p2a: Terapagos|ability: Tera Shift\n|detailschange|p2a: Terapagos|Terapagos-Terastal, L50, M\n|-heal|p2a: Terapagos|100/100|[silent]\n|-ability|p1b: Eternatus|Pressure\n|turn|1\n|\n|t:|1769649077\n|move|p1b: Eternatus|Toxic|p2a: Terapagos\n|-status|p2a: Terapagos|tox\n|move|p2b: Smeargle|Spore|p1a: Grimmsnarl\n|-status|p1a: Grimmsnarl|slp|[from] move: Spore\n|move|p2a: Terapagos|Calm Mind|p2a: Terapagos\n|-boost|p2a: Terapagos|spa|1\n|-boost|p2a: Terapagos|spd|1\n|cant|p1a: Grimmsnarl|slp\n|\n|-damage|p2a: Terapagos|95/100 tox|[from] psn\n|-ability|p2b: Smeargle|Moody|boost\n|-boost|p2b: Smeargle|atk|2\n|-unboost|p2b: Smeargle|spe|1\n|upkeep\n|turn|2\n|j| seyuel\n|\n|t:|1769649104\n|move|p1b: Eternatus|Dynamax Cannon|p2b: Smeargle\n|-enditem|p2b: Smeargle|Focus Sash\n|-damage|p2b: Smeargle|1/100\n|move|p2a: Terapagos|Calm Mind|p2a: Terapagos\n|-boost|p2a: Terapagos|spa|1\n|-boost|p2a: Terapagos|spd|1\n|move|p2b: Smeargle|Spore|p1b: Eternatus\n|-status|p1b: Eternatus|slp|[from] move: Spore\n|cant|p1a: Grimmsnarl|slp\n|\n|-heal|p2a: Terapagos|100/100 tox|[from] item: Leftovers\n|-damage|p2a: Terapagos|89/100 tox|[from] psn\n|-ability|p2b: Smeargle|Moody|boost\n|-boost|p2b: Smeargle|atk|2\n|-unboost|p2b: Smeargle|spe|1\n|upkeep\n|turn|3\n|\n|t:|1769649138\n|-terastallize|p2a: Terapagos|Stellar\n|detailschange|p2a: Terapagos|Terapagos-Stellar, L50, M, tera:Stellar\n|-heal|p2a: Terapagos|92/100 tox|[silent]\n|cant|p1b: Eternatus|slp\n|move|p2a: Terapagos|Tera Starstorm|p1b: Eternatus|[spread] p1a,p1b\n|-damage|p1a: Grimmsnarl|14/100 slp\n|-damage|p1b: Eternatus|53/100 slp\n|cant|p1a: Grimmsnarl|slp\n|move|p2b: Smeargle|Tailwind|p2b: Smeargle\n|-sidestart|p2: timburr fan|move: Tailwind\n|\n|-heal|p2a: Terapagos|98/100 tox|[from] item: Leftovers\n|-damage|p2a: Terapagos|80/100 tox|[from] psn\n|-ability|p2b: Smeargle|Moody|boost\n|-boost|p2b: Smeargle|spd|2\n|-unboost|p2b: Smeargle|spa|1\n|upkeep\n|turn|4\n|\n|t:|1769649159\n|-curestatus|p1a: Grimmsnarl|slp|[msg]\n|move|p1a: Grimmsnarl|Reflect|p1a: Grimmsnarl\n|-sidestart|p1: GAPDHC|Reflect\n|move|p2a: Terapagos|Tera Starstorm|p1a: Grimmsnarl|[spread] p1a,p1b\n|-damage|p1a: Grimmsnarl|0 fnt\n|-damage|p1b: Eternatus|0 fnt\n|faint|p1a: Grimmsnarl\n|faint|p1b: Eternatus\n|move|p2b: Smeargle|Decorate|p2a: Terapagos\n|-boost|p2a: Terapagos|atk|2\n|-boost|p2a: Terapagos|spa|2\n|\n|-heal|p2a: Terapagos|86/100 tox|[from] item: Leftovers\n|-damage|p2a: Terapagos|62/100 tox|[from] psn\n|-ability|p2b: Smeargle|Moody|boost\n|-boost|p2b: Smeargle|spe|2\n|-unboost|p2b: Smeargle|atk|1\n|upkeep\n|\n|t:|1769649164\n|switch|p1b: Dondozo|Dondozo, L50, M|100/100\n|switch|p1a: Tatsugiri|Tatsugiri-Droopy, L50, M|100/100\n|-activate|p1a: Tatsugiri|ability: Commander|[of] p1b: Dondozo\n|-boost|p1b: Dondozo|atk|2\n|-boost|p1b: Dondozo|spa|2\n|-boost|p1b: Dondozo|spe|2\n|-boost|p1b: Dondozo|def|2\n|-boost|p1b: Dondozo|spd|2\n|turn|5\n|\n|t:|1769649189\n|move|p1b: Dondozo|Protect|p1b: Dondozo\n|-singleturn|p1b: Dondozo|Protect\n|move|p2b: Smeargle|Spore|p1b: Dondozo\n|-activate|p1b: Dondozo|move: Protect\n|move|p2a: Terapagos|Tera Starstorm|p1b: Dondozo|[spread] \n|-miss|p2a: Terapagos|p1a: Tatsugiri\n|-activate|p1b: Dondozo|move: Protect\n|\n|-heal|p2a: Terapagos|68/100 tox|[from] item: Leftovers\n|-damage|p2a: Terapagos|38/100 tox|[from] psn\n|-ability|p2b: Smeargle|Moody|boost\n|-boost|p2b: Smeargle|def|2\n|-unboost|p2b: Smeargle|spa|1\n|upkeep\n|turn|6\n|\n|t:|1769649218\n|switch|p2a: Koraidon|Koraidon, L50|100/100\n|-weather|SunnyDay|[from] ability: Orichalcum Pulse|[of] p2a: Koraidon\n|-activate|p2a: Koraidon|Orichalcum Pulse|[source]\n|move|p2b: Smeargle|Spore|p1b: Dondozo\n|-status|p1b: Dondozo|slp|[from] move: Spore\n|cant|p1b: Dondozo|slp\n|\n|-weather|SunnyDay|[upkeep]\n|-sideend|p2: timburr fan|move: Tailwind\n|-ability|p2b: Smeargle|Moody|boost\n|-boost|p2b: Smeargle|spa|2\n|-unboost|p2b: Smeargle|spe|1\n|upkeep\n|turn|7\n|l| seyuel\n|\n|t:|1769649253\n|switch|p2b: Sinistcha|Sinistcha-Masterpiece, L50|100/100\n|move|p2a: Koraidon|Close Combat|p1b: Dondozo\n|-damage|p1b: Dondozo|81/100 slp\n|-unboost|p2a: Koraidon|def|1\n|-unboost|p2a: Koraidon|spd|1\n|cant|p1b: Dondozo|slp\n|\n|-weather|SunnyDay|[upkeep]\n|-heal|p1b: Dondozo|87/100 slp|[from] item: Leftovers\n|upkeep\n|turn|8\n|\n|t:|1769649272\n|move|p2a: Koraidon|Close Combat|p1b: Dondozo\n|-damage|p1b: Dondozo|64/100 slp\n|-unboost|p2a: Koraidon|def|1\n|-unboost|p2a: Koraidon|spd|1\n|cant|p1b: Dondozo|slp\n|move|p2b: Sinistcha|Matcha Gotcha|p1a: Tatsugiri|[spread] p1b\n|-miss|p2b: Sinistcha|p1a: Tatsugiri\n|-supereffective|p1b: Dondozo\n|-crit|p1b: Dondozo\n|-damage|p1b: Dondozo|0 fnt\n|faint|p1b: Dondozo\n|\n|-weather|SunnyDay|[upkeep]\n|upkeep\n|turn|9\n|-message|GAPDHC forfeited.\n|\n|win|timburr fan\n|raw|GAPDHC's rating: 1298 &rarr; <strong>1281</strong><br />(-17 for losing)\n|raw|timburr fan's rating: 1418 &rarr; <strong>1431</strong><br />(+13 for winning)\n|l|\u2606GAPDHC\n|player|p1|\n|l|\u2606timburr fan\n|player|p2|\n","uploadtime":1769649504,"views":12,"formatid":"gen9vgc2026regi","rating":1281,"private":0,"password":null}