{"id":"gen9vgc2026regi-2563318683","format":"[Gen 9] VGC 2026 Reg I","players":["777skills","Mirthinion"],"log":"|j|\u2606777skills\n|j|\u2606Mirthinion\n|t:|1774015891\n|gametype|doubles\n|player|p1|777skills|1|1315\n|player|p2|Mirthinion|janitor|1399\n|gen|9\n|tier|[Gen 9] VGC 2026 Reg I\n|rated|\n|rule|Species Clause: Limit one of each Pok\u00e9mon\n|rule|Item Clause: Limit 1 of each item\n|clearpoke\n|poke|p1|Calyrex-Shadow, L50|\n|poke|p1|Tornadus, L50, M|\n|poke|p1|Clodsire, L50, F|\n|poke|p1|Appletun, L50, M|\n|poke|p1|Clefairy, L50, F|\n|poke|p1|Kyogre, L50|\n|poke|p2|Calyrex-Shadow, L50|\n|poke|p2|Zamazenta-*, L50|\n|poke|p2|Urshifu-*, L50, M|\n|poke|p2|Incineroar, L50, M|\n|poke|p2|Rillaboom, L50, M|\n|poke|p2|Tornadus, L50, M|\n|teampreview|4\n|inactive|Battle timer is ON: inactive players will automatically lose when time's up. (requested by Mirthinion)\nMirthinion rejected open team sheets.\n|inactive|777skills has 60 seconds left.\n|inactive|Mirthinion has 60 seconds left.\n|inactive|777skills has 30 seconds left.\n|inactive|Mirthinion has 30 seconds left.\n|inactive|Mirthinion has 20 seconds left.\n|inactive|777skills has 20 seconds left.\n|inactive|Mirthinion has 15 seconds left.\n|inactive|777skills has 15 seconds left.\n|inactive|777skills has 10 seconds left.\n|inactive|777skills has 5 seconds left.\n|\n|t:|1774015983\n|teamsize|p1|4\n|teamsize|p2|4\n|start\n|switch|p1a: Tornadus|Tornadus, L50, M|100/100\n|switch|p1b: Clodsire|Clodsire, L50, F|100/100\n|switch|p2a: Vangwe|Tornadus, L50, M|100/100\n|switch|p2b: Hoplite|Rillaboom, L50, M|100/100\n|-fieldstart|move: Grassy Terrain|[from] ability: Grassy Surge|[of] p2b: Hoplite\n|turn|1\n|\n|t:|1774016003\n|move|p1a: Tornadus|Protect|p1a: Tornadus\n|-singleturn|p1a: Tornadus|Protect\n|move|p2a: Vangwe|Taunt|p1b: Clodsire\n|-start|p1b: Clodsire|move: Taunt\n|move|p2b: Hoplite|High Horsepower|p1b: Clodsire\n|-supereffective|p1b: Clodsire\n|-damage|p1b: Clodsire|46/100\n|cant|p1b: Clodsire|move: Taunt|Toxic\n|\n|-heal|p1b: Clodsire|52/100|[from] Grassy Terrain\n|-heal|p1b: Clodsire|57/100|[from] item: Leftovers\n|upkeep\n|turn|2\n|inactive|Mirthinion has 30 seconds left.\n|\n|t:|1774016031\n|switch|p2b: Drambor|Zamazenta-Crowned, L50|100/100\n|-ability|p2b: Drambor|Dauntless Shield|boost\n|-boost|p2b: Drambor|def|1\n|move|p1a: Tornadus|Tailwind|p1a: Tornadus\n|-sidestart|p1: 777skills|move: Tailwind\n|move|p2a: Vangwe|Bleakwind Storm|p1b: Clodsire|[spread] p1a,p1b\n|-damage|p1a: Tornadus|60/100\n|-damage|p1b: Clodsire|33/100\n|move|p1b: Clodsire|Bulldoze|p2a: Vangwe|[spread] p2b\n|-immune|p1a: Tornadus\n|-immune|p2a: Vangwe\n|-supereffective|p2b: Drambor\n|-damage|p2b: Drambor|96/100\n|-unboost|p2b: Drambor|spe|1\n|\n|-heal|p2b: Drambor|100/100|[from] Grassy Terrain\n|-heal|p1b: Clodsire|39/100|[from] Grassy Terrain\n|-heal|p1b: Clodsire|45/100|[from] item: Leftovers\n|upkeep\n|turn|3\n|\n|t:|1774016055\n|move|p2b: Drambor|Wide Guard|p2b: Drambor\n|-singleturn|p2b: Drambor|Wide Guard\n|move|p2a: Vangwe|Tailwind|p2a: Vangwe\n|-sidestart|p2: Mirthinion|move: Tailwind\n|move|p1a: Tornadus|Bleakwind Storm|p2a: Vangwe|[spread] \n|-activate|p2a: Vangwe|move: Wide Guard\n|-activate|p2b: Drambor|move: Wide Guard\n|move|p1b: Clodsire|Bulldoze|p2a: Vangwe|[spread] \n|-activate|p2a: Vangwe|move: Wide Guard\n|-activate|p2b: Drambor|move: Wide Guard\n|-immune|p1a: Tornadus\n|\n|-heal|p1b: Clodsire|51/100|[from] Grassy Terrain\n|-heal|p1b: Clodsire|57/100|[from] item: Leftovers\n|-end|p1b: Clodsire|move: Taunt\n|upkeep\n|turn|4\n|\n|t:|1774016077\n|switch|p1a: Kyogre|Kyogre, L50|100/100\n|-weather|RainDance|[from] ability: Drizzle|[of] p1a: Kyogre\n|move|p2a: Vangwe|Bleakwind Storm|p1b: Clodsire|[spread] p1a,p1b\n|-damage|p1a: Kyogre|71/100\n|-damage|p1b: Clodsire|33/100\n|-unboost|p1a: Kyogre|spe|1\n|move|p2b: Drambor|Behemoth Bash|p1a: Kyogre\n|-resisted|p1a: Kyogre\n|-damage|p1a: Kyogre|48/100\n|move|p1b: Clodsire|Toxic|p2a: Vangwe\n|-status|p2a: Vangwe|tox\n|\n|-weather|RainDance|[upkeep]\n|-heal|p1a: Kyogre|54/100|[from] Grassy Terrain\n|-heal|p1b: Clodsire|38/100|[from] Grassy Terrain\n|-heal|p1b: Clodsire|44/100|[from] item: Leftovers\n|-damage|p2a: Vangwe|95/100 tox|[from] psn\n|upkeep\n|turn|5\n|\n|t:|1774016097\n|move|p2a: Vangwe|Tailwind||[still]\n|-fail|p2a: Vangwe\n|move|p1a: Kyogre|Thunder|p2a: Vangwe\n|-supereffective|p2a: Vangwe\n|-damage|p2a: Vangwe|5/100 tox\n|move|p2b: Drambor|Body Press|p1a: Kyogre\n|-damage|p1a: Kyogre|0 fnt\n|faint|p1a: Kyogre\n|move|p1b: Clodsire|Recover|p1b: Clodsire\n|-heal|p1b: Clodsire|95/100\n|\n|-weather|RainDance|[upkeep]\n|-heal|p1b: Clodsire|100/100|[from] Grassy Terrain\n|-damage|p2a: Vangwe|0 fnt|[from] psn\n|faint|p2a: Vangwe\n|-sideend|p1: 777skills|move: Tailwind\n|-fieldend|move: Grassy Terrain\n|upkeep\n|\n|t:|1774016116\n|switch|p1a: Calyrex|Calyrex-Shadow, L50|100/100\n|switch|p2a: Mithrandir|Calyrex-Shadow, L50|100/100\n|-ability|p2a: Mithrandir|As One\n|-ability|p2a: Mithrandir|Unnerve\n|-ability|p1a: Calyrex|As One\n|-ability|p1a: Calyrex|Unnerve\n|turn|6\n|inactive|777skills has 30 seconds left.\n|inactive|777skills has 20 seconds left.\n|\n|t:|1774016153\n|switch|p1a: Tornadus|Tornadus, L50, M|60/100\n|move|p2b: Drambor|Wide Guard|p2b: Drambor\n|-singleturn|p2b: Drambor|Wide Guard\n|move|p2a: Mithrandir|Nasty Plot|p2a: Mithrandir\n|-boost|p2a: Mithrandir|spa|2\n|move|p1b: Clodsire|Bulldoze|p2b: Drambor|[spread] \n|-activate|p2a: Mithrandir|move: Wide Guard\n|-activate|p2b: Drambor|move: Wide Guard\n|-immune|p1a: Tornadus\n|\n|-weather|RainDance|[upkeep]\n|-sideend|p2: Mirthinion|move: Tailwind\n|upkeep\n|turn|7\n|\n|t:|1774016170\n|move|p2b: Drambor|Wide Guard|p2b: Drambor\n|-singleturn|p2b: Drambor|Wide Guard\n|move|p1a: Tornadus|Tailwind|p1a: Tornadus\n|-sidestart|p1: 777skills|move: Tailwind\n|move|p2a: Mithrandir|Astral Barrage|p1b: Clodsire|[spread] p1a,p1b\n|-damage|p1a: Tornadus|0 fnt\n|-damage|p1b: Clodsire|29/100\n|faint|p1a: Tornadus\n|-ability|p2a: Mithrandir|Grim Neigh|boost\n|-boost|p2a: Mithrandir|spa|1\n|move|p1b: Clodsire|Toxic|p2a: Mithrandir\n|-status|p2a: Mithrandir|tox\n|\n|-weather|RainDance|[upkeep]\n|-heal|p1b: Clodsire|35/100|[from] item: Leftovers\n|-damage|p2a: Mithrandir|95/100 tox|[from] psn\n|upkeep\n|\n|t:|1774016177\n|switch|p1a: Calyrex|Calyrex-Shadow, L50|100/100\n|-ability|p1a: Calyrex|As One\n|-ability|p1a: Calyrex|Unnerve\n|turn|8\n|\n|t:|1774016194\n|move|p2b: Drambor|Wide Guard|p2b: Drambor\n|-singleturn|p2b: Drambor|Wide Guard\n|move|p1a: Calyrex|Shadow Ball|p2a: Mithrandir\n|-supereffective|p2a: Mithrandir\n|-damage|p2a: Mithrandir|0 fnt\n|faint|p2a: Mithrandir\n|-ability|p1a: Calyrex|Grim Neigh|boost\n|-boost|p1a: Calyrex|spa|1\n|move|p1b: Clodsire|Recover|p1b: Clodsire\n|-heal|p1b: Clodsire|85/100\n|\n|-weather|none\n|-heal|p1b: Clodsire|91/100|[from] item: Leftovers\n|upkeep\n|\n|t:|1774016205\n|switch|p2a: Hoplite|Rillaboom, L50, M|100/100\n|-fieldstart|move: Grassy Terrain|[from] ability: Grassy Surge|[of] p2a: Hoplite\n|turn|9\n|inactive|777skills has 30 seconds left.\n|inactive|777skills has 20 seconds left.\n|inactive|777skills has 15 seconds left.\n|\n|t:|1774016247\n|-terastallize|p1a: Calyrex|Ghost\n|move|p2a: Hoplite|Grassy Glide|p1a: Calyrex\n|-damage|p1a: Calyrex|57/100\n|move|p1a: Calyrex|Shadow Ball|p2a: Hoplite\n|-damage|p2a: Hoplite|0 fnt\n|faint|p2a: Hoplite\n|-ability|p1a: Calyrex|Grim Neigh|boost\n|-boost|p1a: Calyrex|spa|1\n|move|p2b: Drambor|Behemoth Bash|p1a: Calyrex\n|-damage|p1a: Calyrex|11/100\n|move|p1b: Clodsire|Toxic|p2b: Drambor\n|-immune|p2b: Drambor\n|\n|-heal|p1a: Calyrex|17/100|[from] Grassy Terrain\n|-heal|p1b: Clodsire|97/100|[from] Grassy Terrain\n|-heal|p1b: Clodsire|100/100|[from] item: Leftovers\n|upkeep\n|turn|10\n|inactive|777skills has 30 seconds left.\n|\n|t:|1774016273\n|move|p1a: Calyrex|Shadow Ball|p2b: Drambor\n|-damage|p2b: Drambor|0 fnt\n|faint|p2b: Drambor\n|\n|win|777skills\n|raw|777skills's rating: 1315 &rarr; <strong>1340</strong><br />(+25 for winning)\n|raw|Mirthinion's rating: 1399 &rarr; <strong>1374</strong><br />(-25 for losing)\n|l|\u2606Mirthinion\n|player|p2|\n","uploadtime":1774016291,"views":73,"formatid":"gen9vgc2026regi","rating":1340,"private":0,"password":null}