{"id":"gen9vgc2026regi-2543547446","format":"[Gen 9] VGC 2026 Reg I","players":["ryo8989","blackred123"],"log":"|j|\u2606ryo8989\n|j|\u2606blackred123\n|t:|1771591536\n|gametype|doubles\n|player|p1|ryo8989|erika|1433\n|player|p2|blackred123|iono-masters|1367\n|gen|9\n|tier|[Gen 9] VGC 2026 Reg I\n|rated|\n|rule|Species Clause: Limit one of each Pok\u00e9mon\n|rule|Item Clause: Limit 1 of each item\n|clearpoke\n|poke|p1|Calyrex-Shadow, L50|\n|poke|p1|Zamazenta-*, L50|\n|poke|p1|Raging Bolt, L50|\n|poke|p1|Tornadus, L50, M|\n|poke|p1|Urshifu-*, L50, M|\n|poke|p1|Indeedee-F, L50, F|\n|poke|p2|Miraidon, L50|\n|poke|p2|Calyrex-Ice, L50|\n|poke|p2|Incineroar, L50, F|\n|poke|p2|Grimmsnarl, L50, M|\n|poke|p2|Urshifu-*, L50, F|\n|poke|p2|Ursaluna-Bloodmoon, L50, M|\n|teampreview|4\n|inactive|Battle timer is ON: inactive players will automatically lose when time's up. (requested by blackred123)\n|\n|t:|1771591562\n|teamsize|p1|4\n|teamsize|p2|4\n|start\n|switch|p1a: Zamazenta|Zamazenta-Crowned, L50, shiny|100/100\n|switch|p1b: Urshifu|Urshifu-Rapid-Strike, L50, M|100/100\n|switch|p2a: \u94f6\u91d1\u7535\u86c7|Miraidon, L50, shiny|100/100\n|switch|p2b: \u5de8\u6839\u7537\u6a21|Grimmsnarl, L50, M|100/100\n|-fieldstart|move: Electric Terrain|[from] ability: Hadron Engine|[of] p2a: \u94f6\u91d1\u7535\u86c7\n|-ability|p1a: Zamazenta|Dauntless Shield|boost\n|-boost|p1a: Zamazenta|def|1\n|turn|1\n|j| Azevedo2705\n|\n|t:|1771591581\n|switch|p1b: Indeedee|Indeedee-F, L50, F|100/100\n|-fieldstart|move: Psychic Terrain|[from] ability: Psychic Surge|[of] p1b: Indeedee\n|move|p2b: \u5de8\u6839\u7537\u6a21|Reflect|p2b: \u5de8\u6839\u7537\u6a21\n|-sidestart|p2: blackred123|Reflect\n|move|p2a: \u94f6\u91d1\u7535\u86c7|Volt Switch|p1b: Indeedee\n|-damage|p1b: Indeedee|56/100\n|\n|t:|1771591593\n|switch|p2a: \u629b\u4e0b\u864e\u54e5\u5578\u7a74|Incineroar, L50, F|100/100|[from] Volt Switch\n|-ability|p2a: \u629b\u4e0b\u864e\u54e5\u5578\u7a74|Intimidate|boost\n|-unboost|p1a: Zamazenta|atk|1\n|-unboost|p1b: Indeedee|atk|1\n|move|p1a: Zamazenta|Heavy Slam|p2b: \u5de8\u6839\u7537\u6a21\n|-supereffective|p2b: \u5de8\u6839\u7537\u6a21\n|-damage|p2b: \u5de8\u6839\u7537\u6a21|61/100\n|\n|upkeep\n|turn|2\n|l| Azevedo2705\n|\n|t:|1771591616\n|move|p1b: Indeedee|Helping Hand|p1a: Zamazenta\n|-singleturn|p1a: Zamazenta|Helping Hand|[of] p1b: Indeedee\n|move|p2b: \u5de8\u6839\u7537\u6a21|Light Screen|p2b: \u5de8\u6839\u7537\u6a21\n|-sidestart|p2: blackred123|move: Light Screen\n|move|p1a: Zamazenta|Body Press|p2a: \u629b\u4e0b\u864e\u54e5\u5578\u7a74\n|-supereffective|p2a: \u629b\u4e0b\u864e\u54e5\u5578\u7a74\n|-damage|p2a: \u629b\u4e0b\u864e\u54e5\u5578\u7a74|0 fnt\n|faint|p2a: \u629b\u4e0b\u864e\u54e5\u5578\u7a74\n|\n|upkeep\n|\n|t:|1771591625\n|switch|p2a: \u94f6\u91d1\u7535\u86c7|Miraidon, L50, shiny|100/100\n|-fieldstart|move: Electric Terrain|[from] ability: Hadron Engine|[of] p2a: \u94f6\u91d1\u7535\u86c7\n|turn|3\n|\n|t:|1771591638\n|switch|p1b: Urshifu|Urshifu-Rapid-Strike, L50, M|100/100\n|move|p1a: Zamazenta|Protect|p1a: Zamazenta\n|-singleturn|p1a: Zamazenta|Protect\n|move|p2b: \u5de8\u6839\u7537\u6a21|Thunder Wave|p1a: Zamazenta\n|-activate|p1a: Zamazenta|move: Protect\n|move|p2a: \u94f6\u91d1\u7535\u86c7|Volt Switch|p1b: Urshifu\n|-supereffective|p1b: Urshifu\n|-damage|p1b: Urshifu|0 fnt\n|faint|p1b: Urshifu\n|\n|t:|1771591648\n|switch|p2a: \u5996\u64b8\u51a0\u4e86|Calyrex-Ice, L50|100/100|[from] Volt Switch\n|-ability|p2a: \u5996\u64b8\u51a0\u4e86|As One\n|-ability|p2a: \u5996\u64b8\u51a0\u4e86|Unnerve\n|\n|upkeep\n|\n|t:|1771591656\n|switch|p1b: Indeedee|Indeedee-F, L50, F|56/100\n|-fieldstart|move: Psychic Terrain|[from] ability: Psychic Surge|[of] p1b: Indeedee\n|turn|4\n|inactive|blackred123 has 30 seconds left.\n|inactive|blackred123 has 20 seconds left.\n|inactive|blackred123 has 15 seconds left.\n|inactive|blackred123 has 10 seconds left.\n|inactive|blackred123 has 5 seconds left.\n|\n|t:|1771591711\n|move|p1b: Indeedee|Helping Hand|p1a: Zamazenta\n|-singleturn|p1a: Zamazenta|Helping Hand|[of] p1b: Indeedee\n|move|p2b: \u5de8\u6839\u7537\u6a21|Light Screen||[still]\n|-fail|p2b: \u5de8\u6839\u7537\u6a21\n|move|p1a: Zamazenta|Heavy Slam|p2b: \u5de8\u6839\u7537\u6a21\n|-supereffective|p2b: \u5de8\u6839\u7537\u6a21\n|-damage|p2b: \u5de8\u6839\u7537\u6a21|0 fnt\n|faint|p2b: \u5de8\u6839\u7537\u6a21\n|move|p2a: \u5996\u64b8\u51a0\u4e86|Glacial Lance|p1b: Indeedee|[spread] p1a,p1b\n|-resisted|p1a: Zamazenta\n|-damage|p1a: Zamazenta|90/100\n|-damage|p1b: Indeedee|3/100\n|\n|upkeep\n|\n|t:|1771591719\n|switch|p2b: \u94f6\u91d1\u7535\u86c7|Miraidon, L50, shiny|100/100\n|-fieldstart|move: Electric Terrain|[from] ability: Hadron Engine|[of] p2b: \u94f6\u91d1\u7535\u86c7\n|turn|5\n|\n|t:|1771591737\n|-terastallize|p2a: \u5996\u64b8\u51a0\u4e86|Fairy\n|move|p1a: Zamazenta|Protect|p1a: Zamazenta\n|-singleturn|p1a: Zamazenta|Protect\n|move|p1b: Indeedee|Follow Me|p1b: Indeedee\n|-singleturn|p1b: Indeedee|move: Follow Me\n|move|p2b: \u94f6\u91d1\u7535\u86c7|Electro Drift|p1b: Indeedee\n|-damage|p1b: Indeedee|0 fnt\n|faint|p1b: Indeedee\n|move|p2a: \u5996\u64b8\u51a0\u4e86|Leech Seed|p1a: Zamazenta\n|-activate|p1a: Zamazenta|move: Protect\n|\n|upkeep\n|\n|t:|1771591750\n|switch|p1b: Calyrex|Calyrex-Shadow, L50|100/100\n|-ability|p1b: Calyrex|As One\n|-ability|p1b: Calyrex|Unnerve\n|turn|6\n|\n|t:|1771591762\n|-terastallize|p1a: Zamazenta|Dragon\n|move|p1b: Calyrex|Astral Barrage|p2b: \u94f6\u91d1\u7535\u86c7|[spread] p2a,p2b\n|-damage|p2a: \u5996\u64b8\u51a0\u4e86|80/100\n|-damage|p2b: \u94f6\u91d1\u7535\u86c7|71/100\n|move|p2b: \u94f6\u91d1\u7535\u86c7|Electro Drift|p1b: Calyrex\n|-enditem|p1b: Calyrex|Focus Sash\n|-damage|p1b: Calyrex|1/100\n|move|p1a: Zamazenta|Body Press|p2b: \u94f6\u91d1\u7535\u86c7\n|-damage|p2b: \u94f6\u91d1\u7535\u86c7|31/100\n|move|p2a: \u5996\u64b8\u51a0\u4e86|Leech Seed|p1a: Zamazenta\n|-start|p1a: Zamazenta|move: Leech Seed\n|\n|-heal|p2a: \u5996\u64b8\u51a0\u4e86|86/100|[from] item: Leftovers\n|-damage|p1a: Zamazenta|78/100|[from] Leech Seed|[of] p2a: \u5996\u64b8\u51a0\u4e86\n|-heal|p2a: \u5996\u64b8\u51a0\u4e86|97/100|[silent]\n|upkeep\n|turn|7\n|inactive|blackred123 has 30 seconds left.\n|\n|t:|1771591794\n|move|p1b: Calyrex|Protect|p1b: Calyrex\n|-singleturn|p1b: Calyrex|Protect\n|move|p2b: \u94f6\u91d1\u7535\u86c7|Electro Drift|p1a: Zamazenta\n|-resisted|p1a: Zamazenta\n|-damage|p1a: Zamazenta|37/100\n|move|p1a: Zamazenta|Body Press|p2b: \u94f6\u91d1\u7535\u86c7\n|-damage|p2b: \u94f6\u91d1\u7535\u86c7|0 fnt\n|faint|p2b: \u94f6\u91d1\u7535\u86c7\n|move|p2a: \u5996\u64b8\u51a0\u4e86|Leech Seed|p1b: Calyrex\n|-activate|p1b: Calyrex|move: Protect\n|\n|-heal|p2a: \u5996\u64b8\u51a0\u4e86|100/100|[from] item: Leftovers\n|-damage|p1a: Zamazenta|25/100|[from] Leech Seed|[of] p2a: \u5996\u64b8\u51a0\u4e86\n|upkeep\n|turn|8\n|\n|t:|1771591815\n|move|p1a: Zamazenta|Wide Guard|p1a: Zamazenta\n|-singleturn|p1a: Zamazenta|Wide Guard\n|move|p1b: Calyrex|Astral Barrage|p2a: \u5996\u64b8\u51a0\u4e86\n|-damage|p2a: \u5996\u64b8\u51a0\u4e86|70/100\n|move|p2a: \u5996\u64b8\u51a0\u4e86|Leech Seed|p1b: Calyrex\n|-start|p1b: Calyrex|move: Leech Seed\n|\n|-heal|p2a: \u5996\u64b8\u51a0\u4e86|76/100|[from] item: Leftovers\n|-damage|p1b: Calyrex|0 fnt|[from] Leech Seed|[of] p2a: \u5996\u64b8\u51a0\u4e86\n|-heal|p2a: \u5996\u64b8\u51a0\u4e86|76/100|[silent]\n|faint|p1b: Calyrex\n|-damage|p1a: Zamazenta|13/100|[from] Leech Seed|[of] p2a: \u5996\u64b8\u51a0\u4e86\n|-heal|p2a: \u5996\u64b8\u51a0\u4e86|88/100|[silent]\n|-sideend|p2: blackred123|Reflect\n|upkeep\n|turn|9\n|-message|ryo8989 forfeited.\n|\n|win|blackred123\n|raw|ryo8989's rating: 1433 &rarr; <strong>1409</strong><br />(-24 for losing)\n|raw|blackred123's rating: 1367 &rarr; <strong>1391</strong><br />(+24 for winning)\n|l|\u2606ryo8989\n|player|p1|\n|j| dumbpenguin\n","uploadtime":1771591894,"views":21,"formatid":"gen9vgc2026regi","rating":1391,"private":0,"password":null}