{"id":"gen9vgc2026regi-2532471589","format":"[Gen 9] VGC 2026 Reg I","players":["RandomcatFFR","wabofit"],"log":"|j|\u2606RandomcatFFR\n|j|\u2606wabofit\n|t:|1770181504\n|gametype|doubles\n|player|p1|RandomcatFFR|artist-gen4|1123\n|player|p2|wabofit|101|1191\n|gen|9\n|tier|[Gen 9] VGC 2026 Reg I\n|rated|\n|rule|Species Clause: Limit one of each Pok\u00e9mon\n|rule|Item Clause: Limit 1 of each item\n|clearpoke\n|poke|p1|Calyrex-Shadow, L50|\n|poke|p1|Zamazenta-*, L50|\n|poke|p1|Ogerpon-Hearthflame, L50, F|\n|poke|p1|Incineroar, L50, M|\n|poke|p1|Rillaboom, L50, M|\n|poke|p1|Raging Bolt, L50|\n|poke|p2|Calyrex-Ice, L50|\n|poke|p2|Rillaboom, L50, F|\n|poke|p2|Farigiraf, L50, M|\n|poke|p2|Eternatus, L50|\n|poke|p2|Incineroar, L50, M|\n|poke|p2|Iron Hands, L50|\n|teampreview|4\n|inactive|Battle timer is ON: inactive players will automatically lose when time's up. (requested by wabofit)\n|\n|t:|1770181582\n|teamsize|p1|4\n|teamsize|p2|4\n|start\n|switch|p1a: Incineroar|Incineroar, L50, M, shiny|100/100\n|switch|p1b: Calyrex|Calyrex-Shadow, L50|100/100\n|switch|p2a: Farigiraf|Farigiraf, L50, M|100/100\n|switch|p2b: Calyrex|Calyrex-Ice, L50|100/100\n|-ability|p1b: Calyrex|As One\n|-ability|p1b: Calyrex|Unnerve\n|-ability|p2b: Calyrex|As One\n|-ability|p2b: Calyrex|Unnerve\n|-ability|p1a: Incineroar|Intimidate|boost\n|-unboost|p2a: Farigiraf|atk|1\n|-unboost|p2b: Calyrex|atk|1\n|turn|1\n|inactive|RandomcatFFR has 30 seconds left.\n|inactive|wabofit has 30 seconds left.\n|inactive|RandomcatFFR has 20 seconds left.\n|inactive|RandomcatFFR has 15 seconds left.\n|\n|t:|1770181624\n|-terastallize|p2b: Calyrex|Ground\n|move|p1b: Calyrex|Astral Barrage|p2a: Farigiraf|[spread] p2b\n|-immune|p2a: Farigiraf\n|-damage|p2b: Calyrex|52/100\n|-damage|p1b: Calyrex|91/100|[from] item: Life Orb\n|move|p1a: Incineroar|Parting Shot|p2b: Calyrex\n|-unboost|p2b: Calyrex|atk|1\n|-unboost|p2b: Calyrex|spa|1\n|\n|t:|1770181643\n|switch|p1a: Zamazenta|Zamazenta-Crowned, L50, shiny|100/100|[from] Parting Shot\n|-ability|p1a: Zamazenta|Dauntless Shield|boost\n|-boost|p1a: Zamazenta|def|1\n|move|p2b: Calyrex|Swords Dance|p2b: Calyrex\n|-boost|p2b: Calyrex|atk|2\n|move|p2a: Farigiraf|Trick Room|p2a: Farigiraf\n|-fieldstart|move: Trick Room|[of] p2a: Farigiraf\n|\n|upkeep\n|turn|2\n|\n|t:|1770181662\n|switch|p1b: Incineroar|Incineroar, L50, M, shiny|100/100\n|-ability|p1b: Incineroar|Intimidate|boost\n|-unboost|p2a: Farigiraf|atk|1\n|-unboost|p2b: Calyrex|atk|1\n|-terastallize|p1a: Zamazenta|Fighting\n|move|p2a: Farigiraf|Ally Switch|p2a: Farigiraf\n|swap|p2a: Farigiraf|1|[from] move: Ally Switch\n|move|p2a: Calyrex|High Horsepower|p1a: Zamazenta\n|-damage|p1a: Zamazenta|81/100\n|-damage|p2a: Calyrex|42/100|[from] item: Life Orb\n|move|p1a: Zamazenta|Body Press|p2b: Farigiraf\n|-damage|p2b: Farigiraf|16/100\n|\n|upkeep\n|turn|3\n|inactive|RandomcatFFR has 30 seconds left.\n|\n|t:|1770181693\n|switch|p1b: Rillaboom|Rillaboom, L50, M, shiny|100/100\n|-fieldstart|move: Grassy Terrain|[from] ability: Grassy Surge|[of] p1b: Rillaboom\n|move|p1a: Zamazenta|Protect|p1a: Zamazenta\n|-singleturn|p1a: Zamazenta|Protect\n|move|p2a: Calyrex|Swords Dance|p2a: Calyrex\n|-boost|p2a: Calyrex|atk|2\n|move|p2b: Farigiraf|Hyper Voice|p1a: Zamazenta|[spread] p1b\n|-activate|p1a: Zamazenta|move: Protect\n|-damage|p1b: Rillaboom|81/100\n|-enditem|p2b: Farigiraf|Throat Spray\n|-boost|p2b: Farigiraf|spa|1|[from] item: Throat Spray\n|\n|-heal|p2a: Calyrex|48/100|[from] Grassy Terrain\n|-heal|p2b: Farigiraf|22/100|[from] Grassy Terrain\n|-heal|p1b: Rillaboom|87/100|[from] Grassy Terrain\n|-heal|p1a: Zamazenta|87/100|[from] Grassy Terrain\n|upkeep\n|turn|4\n|\n|t:|1770181717\n|move|p1a: Zamazenta|Wide Guard|p1a: Zamazenta\n|-singleturn|p1a: Zamazenta|Wide Guard\n|move|p2b: Farigiraf|Ally Switch|p2b: Farigiraf\n|swap|p2b: Farigiraf|0|[from] move: Ally Switch\n|move|p2b: Calyrex|Glacial Lance|p1b: Rillaboom|[spread] \n|-activate|p1a: Zamazenta|move: Wide Guard\n|-activate|p1b: Rillaboom|move: Wide Guard\n|move|p1b: Rillaboom|U-turn|p2b: Calyrex\n|-crit|p2b: Calyrex\n|-damage|p2b: Calyrex|29/100\n|\n|t:|1770181726\n|switch|p1b: Incineroar|Incineroar, L50, M, shiny|100/100|[from] U-turn\n|-ability|p1b: Incineroar|Intimidate|boost\n|-unboost|p2a: Farigiraf|atk|1\n|-unboost|p2b: Calyrex|atk|1\n|\n|-heal|p2b: Calyrex|34/100|[from] Grassy Terrain\n|-heal|p2a: Farigiraf|28/100|[from] Grassy Terrain\n|-heal|p1a: Zamazenta|93/100|[from] Grassy Terrain\n|upkeep\n|turn|5\n|c|\u2606wabofit|you're good\n|inactive|wabofit has 30 seconds left.\n|c|\u2606wabofit|to good to bevdown here\n|c|\u2606RandomcatFFR|yea\n|inactive|wabofit has 20 seconds left.\n|\n|t:|1770181765\n|switch|p2b: Iron Hands|Iron Hands, L50|100/100\n|-enditem|p2b: Iron Hands|Booster Energy\n|-activate|p2b: Iron Hands|ability: Quark Drive|[fromitem]\n|-start|p2b: Iron Hands|quarkdriveatk\n|move|p2a: Farigiraf|Hyper Voice|p1a: Zamazenta|[spread] p1a,p1b\n|-damage|p1a: Zamazenta|59/100\n|-damage|p1b: Incineroar|54/100\n|move|p1b: Incineroar|Knock Off|p2a: Farigiraf\n|-supereffective|p2a: Farigiraf\n|-damage|p2a: Farigiraf|0 fnt\n|faint|p2a: Farigiraf\n|move|p1a: Zamazenta|Body Press|p2b: Iron Hands\n|-damage|p2b: Iron Hands|34/100\n|\n|-heal|p2b: Iron Hands|40/100|[from] Grassy Terrain\n|-heal|p1b: Incineroar|60/100|[from] Grassy Terrain\n|-heal|p1a: Zamazenta|65/100|[from] Grassy Terrain\n|-fieldend|move: Trick Room\n|upkeep\n|c|\u2606RandomcatFFR|i didnt know reg i was back\n|\n|t:|1770181783\n|switch|p2a: Eternatus|Eternatus, L50|100/100\n|-ability|p2a: Eternatus|Pressure\n|turn|6\n|inactive|RandomcatFFR has 30 seconds left.\n|inactive|wabofit has 30 seconds left.\n|inactive|RandomcatFFR has 20 seconds left.\n|\n|t:|1770181823\n|move|p1a: Zamazenta|Protect|p1a: Zamazenta\n|-singleturn|p1a: Zamazenta|Protect\n|move|p2b: Iron Hands|Fake Out|p1a: Zamazenta\n|-activate|p1a: Zamazenta|move: Protect\n|move|p2a: Eternatus|Dynamax Cannon|p1b: Incineroar\n|-damage|p1b: Incineroar|8/100\n|move|p1b: Incineroar|Parting Shot|p2a: Eternatus\n|-unboost|p2a: Eternatus|atk|1\n|-unboost|p2a: Eternatus|spa|1\n|\n|t:|1770181831\n|switch|p1b: Calyrex|Calyrex-Shadow, L50|91/100|[from] Parting Shot\n|-ability|p1b: Calyrex|As One\n|-ability|p1b: Calyrex|Unnerve\n|\n|-heal|p1b: Calyrex|97/100|[from] Grassy Terrain\n|-heal|p1a: Zamazenta|71/100|[from] Grassy Terrain\n|-heal|p2b: Iron Hands|46/100|[from] Grassy Terrain\n|upkeep\n|turn|7\n|\n|t:|1770181849\n|move|p2b: Iron Hands|Protect|p2b: Iron Hands\n|-singleturn|p2b: Iron Hands|Protect\n|move|p1b: Calyrex|Psychic|p2a: Eternatus\n|-supereffective|p2a: Eternatus\n|-damage|p2a: Eternatus|20/100\n|-damage|p1b: Calyrex|88/100|[from] item: Life Orb\n|move|p2a: Eternatus|Dynamax Cannon|p1a: Zamazenta\n|-damage|p1a: Zamazenta|46/100\n|move|p1a: Zamazenta|Body Press|p2b: Iron Hands\n|-activate|p2b: Iron Hands|move: Protect\n|\n|-heal|p1b: Calyrex|94/100|[from] Grassy Terrain\n|-heal|p2a: Eternatus|26/100|[from] Grassy Terrain\n|-heal|p1a: Zamazenta|52/100|[from] Grassy Terrain\n|-heal|p2b: Iron Hands|52/100|[from] Grassy Terrain\n|-fieldend|move: Grassy Terrain\n|upkeep\n|turn|8\n|\n|t:|1770181868\n|switch|p2a: Calyrex|Calyrex-Ice, L50, tera:Ground|34/100\n|-ability|p2a: Calyrex|As One\n|-ability|p2a: Calyrex|Unnerve\n|move|p1b: Calyrex|Astral Barrage|p2b: Iron Hands|[spread] p2a,p2b\n|-damage|p2a: Calyrex|0 fnt\n|-damage|p2b: Iron Hands|0 fnt\n|faint|p2a: Calyrex\n|faint|p2b: Iron Hands\n|-end|p2b: Iron Hands|Quark Drive|[silent]\n|-ability|p1b: Calyrex|Grim Neigh|boost\n|-boost|p1b: Calyrex|spa|2\n|-damage|p1b: Calyrex|84/100|[from] item: Life Orb\n|move|p1a: Zamazenta|Body Press|p2: Calyrex|[notarget]\n|-fail|p1a: Zamazenta\n|\n|upkeep\n|c|\u2606RandomcatFFR|gg\n|c|\u2606wabofit|gg\n|\n|t:|1770181889\n|switch|p2b: Eternatus|Eternatus, L50|26/100\n|-ability|p2b: Eternatus|Pressure\n|turn|9\n|\n|t:|1770181894\n|move|p1b: Calyrex|Astral Barrage|p2b: Eternatus\n|-crit|p2b: Eternatus\n|-damage|p2b: Eternatus|0 fnt\n|faint|p2b: Eternatus\n|-damage|p1b: Calyrex|75/100|[from] item: Life Orb\n|\n|win|RandomcatFFR\n|raw|RandomcatFFR's rating: 1123 &rarr; <strong>1153</strong><br />(+30 for winning)\n|raw|wabofit's rating: 1191 &rarr; <strong>1161</strong><br />(-30 for losing)\n|l|\u2606wabofit\n|player|p2|\n|l|\u2606RandomcatFFR\n|player|p1|\n","uploadtime":1770182167,"views":12,"formatid":"gen9vgc2026regi","rating":1153,"private":0,"password":null}