{"id":"gen9vgc2026regi-2566951145","format":"[Gen 9] VGC 2026 Reg I","players":["Hoanglatao","Jonen"],"log":"|j|\u2606Hoanglatao\n|j|\u2606Jonen\n|t:|1774434081\n|gametype|doubles\n|player|p1|Hoanglatao|266|1410\n|player|p2|Jonen|medium|1515\n|gen|9\n|tier|[Gen 9] VGC 2026 Reg I\n|rated|\n|rule|Species Clause: Limit one of each Pok\u00e9mon\n|rule|Item Clause: Limit 1 of each item\n|clearpoke\n|poke|p1|Chi-Yu, L50|\n|poke|p1|Weezing-Galar, L50, M|\n|poke|p1|Walking Wake, L50|\n|poke|p1|Calyrex-Shadow, L50|\n|poke|p1|Brute Bonnet, L50|\n|poke|p1|Koraidon, L50|\n|poke|p2|Groudon, L50|\n|poke|p2|Lunala, L50|\n|poke|p2|Sableye, L50, M|\n|poke|p2|Chi-Yu, L50|\n|poke|p2|Rillaboom, L50, F|\n|poke|p2|Jumpluff, L50, F|\n|teampreview|4\n|inactive|Battle timer is ON: inactive players will automatically lose when time's up. (requested by Hoanglatao)\n|\n|t:|1774434117\n|teamsize|p1|4\n|teamsize|p2|4\n|start\n|switch|p1a: Brute Bonnet|Brute Bonnet, L50|100/100\n|switch|p1b: Koraidon|Koraidon, L50|100/100\n|switch|p2a: Groudon|Groudon, L50|100/100\n|switch|p2b: Jumpluff|Jumpluff, L50, F|100/100\n|-weather|SunnyDay|[from] ability: Orichalcum Pulse|[of] p1b: Koraidon\n|-activate|p1a: Brute Bonnet|ability: Protosynthesis\n|-start|p1a: Brute Bonnet|protosynthesisdef\n|-activate|p1b: Koraidon|Orichalcum Pulse|[source]\n|turn|1\n|\n|t:|1774434129\n|-end|p1a: Brute Bonnet|Protosynthesis|[silent]\n|switch|p1a: Weezing|Weezing-Galar, L50, M|100/100\n|-ability|p1a: Weezing|Neutralizing Gas\n|-block|p1b: Koraidon|item: Ability Shield\n|move|p1b: Koraidon|Flame Charge|p2b: Jumpluff\n|-supereffective|p2b: Jumpluff\n|-damage|p2b: Jumpluff|22/100\n|-boost|p1b: Koraidon|spe|1\n|move|p2b: Jumpluff|Sleep Powder|p1b: Koraidon\n|-status|p1b: Koraidon|slp|[from] move: Sleep Powder\n|move|p2a: Groudon|Substitute|p2a: Groudon\n|-start|p2a: Groudon|Substitute\n|-damage|p2a: Groudon|76/100\n|\n|-weather|SunnyDay|[upkeep]\n|upkeep\n|turn|2\n|\n|t:|1774434149\n|cant|p1b: Koraidon|slp\n|move|p2b: Jumpluff|Tailwind|p2b: Jumpluff\n|-sidestart|p2: Jonen|move: Tailwind\n|move|p2a: Groudon|Precipice Blades|p1a: Weezing|[spread] p1b\n|-miss|p2a: Groudon|p1a: Weezing\n|-damage|p1b: Koraidon|42/100 slp\n|-damage|p2a: Groudon|66/100|[from] item: Life Orb\n|move|p1a: Weezing|Taunt|p2a: Groudon\n|-start|p2a: Groudon|move: Taunt\n|\n|-weather|SunnyDay|[upkeep]\n|upkeep\n|turn|3\n|\n|t:|1774434163\n|cant|p1b: Koraidon|slp\n|move|p2b: Jumpluff|Encore|p1a: Weezing\n|-start|p1a: Weezing|Encore\n|move|p2a: Groudon|Precipice Blades|p1a: Weezing|[spread] p1b\n|-miss|p2a: Groudon|p1a: Weezing\n|-damage|p1b: Koraidon|0 fnt\n|faint|p1b: Koraidon\n|-damage|p2a: Groudon|56/100|[from] item: Life Orb\n|move|p1a: Weezing|Taunt||[still]\n|-fail|p1a: Weezing\n|\n|-weather|SunnyDay|[upkeep]\n|upkeep\n|\n|t:|1774434170\n|switch|p1b: Walking Wake|Walking Wake, L50|100/100\n|turn|4\n|\n|t:|1774434178\n|move|p2b: Jumpluff|Pollen Puff|p2a: Groudon\n|-heal|p2a: Groudon|100/100\n|move|p2a: Groudon|Precipice Blades|p1a: Weezing|[spread] p1a\n|-miss|p2a: Groudon|p1b: Walking Wake\n|-supereffective|p1a: Weezing\n|-damage|p1a: Weezing|0 fnt\n|faint|p1a: Weezing\n|-end|p1a: Weezing|ability: Neutralizing Gas\n|-activate|p1b: Walking Wake|ability: Protosynthesis\n|-start|p1b: Walking Wake|protosynthesisspe\n|-damage|p2a: Groudon|91/100|[from] item: Life Orb\n|move|p1b: Walking Wake|Hydro Steam|p2a: Groudon\n|-supereffective|p2a: Groudon\n|-end|p2a: Groudon|Substitute\n|\n|-weather|SunnyDay|[upkeep]\n|upkeep\n|\n|t:|1774434181\n|switch|p1a: Brute Bonnet|Brute Bonnet, L50|100/100\n|-activate|p1a: Brute Bonnet|ability: Protosynthesis\n|-start|p1a: Brute Bonnet|protosynthesisdef\n|turn|5\n|\n|t:|1774434200\n|move|p2b: Jumpluff|Sleep Powder|p1b: Walking Wake\n|-status|p1b: Walking Wake|slp|[from] move: Sleep Powder\n|move|p2a: Groudon|Precipice Blades|p1a: Brute Bonnet|[spread] \n|-miss|p2a: Groudon|p1a: Brute Bonnet\n|-miss|p2a: Groudon|p1b: Walking Wake\n|cant|p1b: Walking Wake|slp\n|move|p1a: Brute Bonnet|Spore|p2a: Groudon\n|-status|p2a: Groudon|slp|[from] move: Spore\n|\n|-weather|none\n|-end|p1b: Walking Wake|Protosynthesis\n|-end|p1a: Brute Bonnet|Protosynthesis\n|-end|p2a: Groudon|move: Taunt\n|-sideend|p2: Jonen|move: Tailwind\n|upkeep\n|turn|6\n|\n|t:|1774434216\n|cant|p1b: Walking Wake|slp\n|move|p2b: Jumpluff|Encore|p1b: Walking Wake\n|-start|p1b: Walking Wake|Encore\n|cant|p2a: Groudon|slp\n|move|p1a: Brute Bonnet|Seed Bomb|p2a: Groudon\n|-supereffective|p2a: Groudon\n|-damage|p2a: Groudon|36/100 slp\n|\n|upkeep\n|turn|7\n|\n|t:|1774434244\n|move|p1a: Brute Bonnet|Sucker Punch|p2a: Groudon\n|-damage|p2a: Groudon|15/100 slp\n|cant|p1b: Walking Wake|slp\n|move|p2b: Jumpluff|Pollen Puff|p2a: Groudon\n|-heal|p2a: Groudon|65/100 slp\n|cant|p2a: Groudon|slp\n|\n|upkeep\n|turn|8\n|\n|t:|1774434256\n|-curestatus|p2a: Groudon|slp|[msg]\n|move|p2a: Groudon|Protect|p2a: Groudon\n|-singleturn|p2a: Groudon|Protect\n|-curestatus|p1b: Walking Wake|slp|[msg]\n|move|p1b: Walking Wake|Hydro Steam|p2a: Groudon\n|-activate|p2a: Groudon|move: Protect\n|move|p2b: Jumpluff|Tailwind|p2b: Jumpluff\n|-sidestart|p2: Jonen|move: Tailwind\n|move|p1a: Brute Bonnet|Seed Bomb|p2a: Groudon\n|-activate|p2a: Groudon|move: Protect\n|\n|upkeep\n|turn|9\n|\n|t:|1774434271\n|-terastallize|p2a: Groudon|Fire\n|move|p2b: Jumpluff|Sleep Powder|p1b: Walking Wake\n|-status|p1b: Walking Wake|slp|[from] move: Sleep Powder\n|move|p2a: Groudon|Heat Crash|p1a: Brute Bonnet\n|-supereffective|p1a: Brute Bonnet\n|-damage|p1a: Brute Bonnet|0 fnt\n|faint|p1a: Brute Bonnet\n|-end|p1a: Brute Bonnet|Protosynthesis|[silent]\n|-damage|p2a: Groudon|55/100|[from] item: Life Orb\n|cant|p1b: Walking Wake|slp\n|\n|-end|p1b: Walking Wake|Encore\n|upkeep\n|turn|10\n|\n|t:|1774434285\n|move|p2b: Jumpluff|Pollen Puff|p2a: Groudon\n|-heal|p2a: Groudon|100/100\n|move|p2a: Groudon|Substitute|p2a: Groudon\n|-start|p2a: Groudon|Substitute\n|-damage|p2a: Groudon|76/100\n|cant|p1b: Walking Wake|slp\n|\n|upkeep\n|turn|11\n|\n|t:|1774434296\n|move|p2b: Jumpluff|Pollen Puff|p2a: Groudon\n|-heal|p2a: Groudon|100/100\n|move|p2a: Groudon|Precipice Blades|p1b: Walking Wake|[miss]\n|-miss|p2a: Groudon|p1b: Walking Wake\n|-curestatus|p1b: Walking Wake|slp|[msg]\n|move|p1b: Walking Wake|Hydro Steam|p2a: Groudon\n|-supereffective|p2a: Groudon\n|-end|p2a: Groudon|Substitute\n|\n|-sideend|p2: Jonen|move: Tailwind\n|upkeep\n|turn|12\n|\n|t:|1774434305\n|move|p1b: Walking Wake|Hydro Steam|p2a: Groudon\n|-supereffective|p2a: Groudon\n|-damage|p2a: Groudon|14/100\n|move|p2b: Jumpluff|Sleep Powder|p1b: Walking Wake|[miss]\n|-miss|p2b: Jumpluff|p1b: Walking Wake\n|move|p2a: Groudon|Precipice Blades|p1b: Walking Wake\n|-damage|p1b: Walking Wake|7/100\n|-damage|p2a: Groudon|4/100|[from] item: Life Orb\n|\n|upkeep\n|turn|13\n|\n|t:|1774434313\n|move|p1b: Walking Wake|Snarl|p2b: Jumpluff|[spread] p2a,p2b\n|-damage|p2a: Groudon|0 fnt\n|-damage|p2b: Jumpluff|8/100\n|faint|p2a: Groudon\n|move|p2b: Jumpluff|Pollen Puff|p1b: Walking Wake\n|-damage|p1b: Walking Wake|0 fnt\n|faint|p1b: Walking Wake\n|-end|p1b: Walking Wake|Protosynthesis|[silent]\n|\n|win|Jonen\n|raw|Hoanglatao's rating: 1410 &rarr; <strong>1396</strong><br />(-14 for losing)\n|raw|Jonen's rating: 1515 &rarr; <strong>1529</strong><br />(+14 for winning)\n|l|\u2606Hoanglatao\n|player|p1|\n|l|\u2606Jonen\n|player|p2|\n","uploadtime":1774434314,"views":17,"formatid":"gen9vgc2026regi","rating":1396,"private":0,"password":null}