{"id":"gen9vgc2026regi-2591048068","format":"[Gen 9] VGC 2026 Reg I","players":["Mars002","Sunny_zong2"],"log":"|j|\u2606Mars002\n|j|\u2606Sunny_zong2\n|t:|1776870835\n|gametype|doubles\n|player|p1|Mars002|169|1569\n|player|p2|Sunny_zong2|bugsy|1501\n|gen|9\n|tier|[Gen 9] VGC 2026 Reg I\n|rated|\n|rule|Species Clause: Limit one of each Pok\u00e9mon\n|rule|Item Clause: Limit 1 of each item\n|clearpoke\n|poke|p1|Groudon, L50|\n|poke|p1|Calyrex-Ice, L50|\n|poke|p1|Rillaboom, L50, F|\n|poke|p1|Annihilape, L50, F|\n|poke|p1|Walking Wake, L50|\n|poke|p1|Comfey, L50, M|\n|poke|p2|Glimmora, L50, M|\n|poke|p2|Eternatus, L50|\n|poke|p2|Miraidon, L50|\n|poke|p2|Annihilape, L50, F|\n|poke|p2|Wo-Chien, L50|\n|poke|p2|Grimmsnarl, L50, M|\n|teampreview|4\n|inactive|Battle timer is ON: inactive players will automatically lose when time's up. (requested by Sunny_zong2)\n|inactive|Mars002 also wants the timer to be on.\n|inactive|Sunny_zong2 has 60 seconds left.\n|\n|t:|1776870874\n|teamsize|p1|4\n|teamsize|p2|4\n|start\n|switch|p1a: Annihilape|Annihilape, L50, F|100/100\n|switch|p1b: Walking Wake|Walking Wake, L50|100/100\n|switch|p2a: Grimmsnarl|Grimmsnarl, L50, M|100/100\n|switch|p2b: Wo-Chien|Wo-Chien, L50|100/100\n|-ability|p2b: Wo-Chien|Tablets of Ruin\n|turn|1\n|\n|t:|1776870899\n|move|p2b: Wo-Chien|Protect|p2b: Wo-Chien\n|-singleturn|p2b: Wo-Chien|Protect\n|move|p2a: Grimmsnarl|Reflect|p2a: Grimmsnarl\n|-sidestart|p2: Sunny_zong2|Reflect\n|move|p1a: Annihilape|U-turn|p2b: Wo-Chien\n|-activate|p2b: Wo-Chien|move: Protect\n|move|p1b: Walking Wake|Hydro Steam|p2b: Wo-Chien\n|-activate|p2b: Wo-Chien|move: Protect\n|\n|upkeep\n|turn|2\n|\n|t:|1776870921\n|-terastallize|p2b: Wo-Chien|Water\n|move|p2a: Grimmsnarl|Light Screen|p2a: Grimmsnarl\n|-sidestart|p2: Sunny_zong2|move: Light Screen\n|move|p1a: Annihilape|U-turn|p2b: Wo-Chien\n|-damage|p2b: Wo-Chien|92/100\n|-damage|p1a: Annihilape|84/100|[from] item: Rocky Helmet|[of] p2b: Wo-Chien\n|\n|t:|1776870928\n|switch|p1a: Groudon|Groudon, L50|100/100|[from] U-turn\n|-weather|SunnyDay|[from] ability: Drought|[of] p1a: Groudon\n|-activate|p1b: Walking Wake|ability: Protosynthesis\n|-start|p1b: Walking Wake|protosynthesisspe\n|move|p1b: Walking Wake|Hydro Steam|p2b: Wo-Chien\n|-resisted|p2b: Wo-Chien\n|-damage|p2b: Wo-Chien|75/100\n|move|p2b: Wo-Chien|Leech Seed|p1b: Walking Wake\n|-start|p1b: Walking Wake|move: Leech Seed\n|\n|-weather|SunnyDay|[upkeep]\n|-damage|p1b: Walking Wake|88/100|[from] Leech Seed|[of] p2b: Wo-Chien\n|-heal|p2b: Wo-Chien|87/100|[silent]\n|upkeep\n|turn|3\n|\n|t:|1776870946\n|-end|p1b: Walking Wake|Protosynthesis|[silent]\n|switch|p1b: Annihilape|Annihilape, L50, F|84/100\n|move|p2a: Grimmsnarl|Thunder Wave|p1b: Annihilape|[miss]\n|-miss|p2a: Grimmsnarl|p1b: Annihilape\n|move|p1a: Groudon|Precipice Blades|p2a: Grimmsnarl|[spread] p2a,p2b\n|-damage|p2a: Grimmsnarl|67/100\n|-damage|p2b: Wo-Chien|60/100\n|move|p2b: Wo-Chien|Leech Seed|p1a: Groudon\n|-start|p1a: Groudon|move: Leech Seed\n|\n|-weather|SunnyDay|[upkeep]\n|-damage|p1a: Groudon|88/100|[from] Leech Seed|[of] p2b: Wo-Chien\n|-heal|p2b: Wo-Chien|73/100|[silent]\n|upkeep\n|turn|4\n|\n|t:|1776870963\n|move|p2b: Wo-Chien|Protect|p2b: Wo-Chien\n|-singleturn|p2b: Wo-Chien|Protect\n|move|p2a: Grimmsnarl|Thunder Wave|p1b: Annihilape\n|-status|p1b: Annihilape|par\n|move|p1b: Annihilape|Final Gambit|p2b: Wo-Chien\n|-activate|p2b: Wo-Chien|move: Protect\n|move|p1a: Groudon|Precipice Blades|p2a: Grimmsnarl|[spread] \n|-activate|p2b: Wo-Chien|move: Protect\n|-miss|p1a: Groudon|p2a: Grimmsnarl\n|\n|-weather|SunnyDay|[upkeep]\n|-damage|p1a: Groudon|76/100|[from] Leech Seed|[of] p2b: Wo-Chien\n|-heal|p2b: Wo-Chien|86/100|[silent]\n|upkeep\n|turn|5\n|\n|t:|1776870985\n|move|p1b: Annihilape|Final Gambit|p2b: Wo-Chien\n|-damage|p2b: Wo-Chien|0 fnt\n|faint|p1b: Annihilape\n|faint|p2b: Wo-Chien\n|move|p1a: Groudon|Precipice Blades|p2a: Grimmsnarl|[miss]\n|-miss|p1a: Groudon|p2a: Grimmsnarl\n|move|p2a: Grimmsnarl|Foul Play|p1a: Groudon\n|-damage|p1a: Groudon|37/100\n|\n|-weather|SunnyDay|[upkeep]\n|upkeep\n|\n|t:|1776870997\n|switch|p1b: Comfey|Comfey, L50, M|100/100\n|switch|p2b: Miraidon|Miraidon, L50|100/100\n|-fieldstart|move: Electric Terrain|[from] ability: Hadron Engine|[of] p2b: Miraidon\n|turn|6\n|\n|t:|1776871009\n|move|p1b: Comfey|Floral Healing|p1a: Groudon\n|-heal|p1a: Groudon|87/100\n|move|p2a: Grimmsnarl|Thunder Wave|p1b: Comfey\n|-status|p1b: Comfey|par\n|move|p2b: Miraidon|Electro Drift|p1b: Comfey\n|-damage|p1b: Comfey|0 fnt\n|-damage|p2b: Miraidon|84/100|[from] item: Rocky Helmet|[of] p1b: Comfey\n|faint|p1b: Comfey\n|move|p1a: Groudon|Precipice Blades|p2a: Grimmsnarl|[spread] p2b\n|-miss|p1a: Groudon|p2a: Grimmsnarl\n|-supereffective|p2b: Miraidon\n|-damage|p2b: Miraidon|6/100\n|\n|-weather|none\n|-damage|p1a: Groudon|75/100|[from] Leech Seed|[of] p2b: Miraidon\n|-heal|p2b: Miraidon|20/100|[silent]\n|upkeep\n|\n|t:|1776871028\n|switch|p1b: Walking Wake|Walking Wake, L50|88/100\n|turn|7\n|\n|t:|1776871040\n|move|p2a: Grimmsnarl|Thunder Wave|p1b: Walking Wake\n|-status|p1b: Walking Wake|par\n|move|p2b: Miraidon|Electro Drift|p1b: Walking Wake\n|-damage|p1b: Walking Wake|0 fnt\n|faint|p1b: Walking Wake\n|-end|p1b: Walking Wake|Protosynthesis|[silent]\n|move|p1a: Groudon|Precipice Blades|p2b: Miraidon|[spread] p2a,p2b\n|-crit|p2a: Grimmsnarl\n|-supereffective|p2b: Miraidon\n|-damage|p2a: Grimmsnarl|0 fnt\n|-damage|p2b: Miraidon|0 fnt\n|faint|p2a: Grimmsnarl\n|faint|p2b: Miraidon\n|\n|upkeep\n|\n|t:|1776871043\n|switch|p2b: Eternatus|Eternatus, L50|100/100\n|-ability|p2b: Eternatus|Pressure\n|turn|8\n|\n|t:|1776871061\n|move|p2b: Eternatus|Cosmic Power|p2b: Eternatus\n|-boost|p2b: Eternatus|def|1\n|-boost|p2b: Eternatus|spd|1\n|move|p1a: Groudon|Precipice Blades|p2b: Eternatus\n|-supereffective|p2b: Eternatus\n|-damage|p2b: Eternatus|54/100\n|\n|-heal|p2b: Eternatus|60/100|[from] item: Leftovers\n|-damage|p1a: Groudon|63/100|[from] Leech Seed|[of] p2b: Eternatus\n|-heal|p2b: Eternatus|70/100|[silent]\n|-sideend|p2: Sunny_zong2|Reflect\n|upkeep\n|turn|9\n|\n|t:|1776871071\n|move|p2b: Eternatus|Protect|p2b: Eternatus\n|-singleturn|p2b: Eternatus|Protect\n|move|p1a: Groudon|Precipice Blades|p2b: Eternatus\n|-activate|p2b: Eternatus|move: Protect\n|\n|-heal|p2b: Eternatus|76/100|[from] item: Leftovers\n|-damage|p1a: Groudon|51/100|[from] Leech Seed|[of] p2b: Eternatus\n|-heal|p2b: Eternatus|86/100|[silent]\n|-sideend|p2: Sunny_zong2|move: Light Screen\n|upkeep\n|turn|10\n|\n|t:|1776871083\n|move|p2b: Eternatus|Cosmic Power|p2b: Eternatus\n|-boost|p2b: Eternatus|def|1\n|-boost|p2b: Eternatus|spd|1\n|move|p1a: Groudon|Precipice Blades|p2b: Eternatus\n|-supereffective|p2b: Eternatus\n|-damage|p2b: Eternatus|34/100\n|\n|-heal|p2b: Eternatus|40/100|[from] item: Leftovers\n|-damage|p1a: Groudon|39/100|[from] Leech Seed|[of] p2b: Eternatus\n|-heal|p2b: Eternatus|50/100|[silent]\n|-fieldend|move: Electric Terrain\n|upkeep\n|turn|11\n|\n|t:|1776871093\n|move|p2b: Eternatus|Protect|p2b: Eternatus\n|-singleturn|p2b: Eternatus|Protect\n|move|p1a: Groudon|Precipice Blades|p2b: Eternatus\n|-activate|p2b: Eternatus|move: Protect\n|\n|-heal|p2b: Eternatus|56/100|[from] item: Leftovers\n|-damage|p1a: Groudon|27/100|[from] Leech Seed|[of] p2b: Eternatus\n|-heal|p2b: Eternatus|66/100|[silent]\n|upkeep\n|turn|12\n|\n|t:|1776871103\n|move|p2b: Eternatus|Recover|p2b: Eternatus\n|-heal|p2b: Eternatus|100/100\n|move|p1a: Groudon|Precipice Blades|p2b: Eternatus\n|-supereffective|p2b: Eternatus\n|-damage|p2b: Eternatus|47/100\n|\n|-heal|p2b: Eternatus|53/100|[from] item: Leftovers\n|-damage|p1a: Groudon|15/100|[from] Leech Seed|[of] p2b: Eternatus\n|-heal|p2b: Eternatus|63/100|[silent]\n|upkeep\n|turn|13\n|-message|Mars002 forfeited.\n|\n|win|Sunny_zong2\n|raw|Mars002's rating: 1569 &rarr; <strong>1545</strong><br />(-24 for losing)\n|raw|Sunny_zong2's rating: 1501 &rarr; <strong>1525</strong><br />(+24 for winning)\n|l|\u2606Mars002\n|player|p1|\n|l|\u2606Sunny_zong2\n|player|p2|\n","uploadtime":1776871292,"views":15,"formatid":"gen9vgc2026regi","rating":1525,"private":0,"password":null}