{"id":"gen9vgc2026regi-2529524602","format":"[Gen 9] VGC 2026 Reg I","players":["CHR1SPHX","pokemon fan 281747"],"log":"|j|\u2606CHR1SPHX\n|j|\u2606pokemon fan 281747\n|t:|1769795597\n|gametype|doubles\n|player|p1|CHR1SPHX|hilbert-wonderlauncher|1304\n|player|p2|pokemon fan 281747|mable|1356\n|gen|9\n|tier|[Gen 9] VGC 2026 Reg I\n|rated|\n|rule|Species Clause: Limit one of each Pok\u00e9mon\n|rule|Item Clause: Limit 1 of each item\n|clearpoke\n|poke|p1|Incineroar, L50, M|\n|poke|p1|Koraidon, L50|\n|poke|p1|Flutter Mane, L50|\n|poke|p1|Brute Bonnet, L50|\n|poke|p1|Indeedee-F, L50, F|\n|poke|p1|Calyrex-Ice, L50|\n|poke|p2|Miraidon, L50|\n|poke|p2|Chi-Yu, L50|\n|poke|p2|Farigiraf, L50, M|\n|poke|p2|Iron Hands, L50|\n|poke|p2|Calyrex-Ice, L50|\n|poke|p2|Ditto, L50|\n|teampreview|4\n|inactive|Battle timer is ON: inactive players will automatically lose when time's up. (requested by pokemon fan 281747)\n|inactive|CHR1SPHX also wants the timer to be on.\n|\n|t:|1769795621\n|teamsize|p1|4\n|teamsize|p2|4\n|start\n|switch|p1a: Brute Bonnet|Brute Bonnet, L50, shiny|100/100\n|switch|p1b: Calyrex|Calyrex-Ice, L50|100/100\n|switch|p2a: Chi-Yu|Chi-Yu, L50|100/100\n|switch|p2b: Calyrex|Calyrex-Ice, L50|100/100\n|-ability|p2b: Calyrex|As One\n|-ability|p2b: Calyrex|Unnerve\n|-ability|p1b: Calyrex|As One\n|-ability|p1b: Calyrex|Unnerve\n|-ability|p2a: Chi-Yu|Beads of Ruin\n|turn|1\n|inactive|CHR1SPHX has 30 seconds left.\n|\n|t:|1769795648\n|switch|p2b: Miraidon|Miraidon, L50|100/100\n|-fieldstart|move: Electric Terrain|[from] ability: Hadron Engine|[of] p2b: Miraidon\n|-terastallize|p1a: Brute Bonnet|Water\n|move|p1b: Calyrex|Protect|p1b: Calyrex\n|-singleturn|p1b: Calyrex|Protect\n|move|p2a: Chi-Yu|Heat Wave|p1a: Brute Bonnet|[spread] p1a\n|-activate|p1b: Calyrex|move: Protect\n|-resisted|p1a: Brute Bonnet\n|-damage|p1a: Brute Bonnet|83/100\n|move|p1a: Brute Bonnet|Lash Out|p2a: Chi-Yu\n|-resisted|p2a: Chi-Yu\n|-damage|p2a: Chi-Yu|74/100\n|\n|upkeep\n|turn|2\n|inactive|CHR1SPHX has 30 seconds left.\n|inactive|pokemon fan 281747 has 30 seconds left.\n|\n|t:|1769795682\n|-end|p1a: Brute Bonnet|Protosynthesis|[silent]\n|switch|p1a: Indeedee|Indeedee-F, L50, F|100/100\n|-fieldstart|move: Psychic Terrain|[from] ability: Psychic Surge|[of] p1a: Indeedee\n|move|p2a: Chi-Yu|Heat Wave|p1a: Indeedee|[spread] p1a,p1b\n|-supereffective|p1b: Calyrex\n|-damage|p1a: Indeedee|51/100\n|-damage|p1b: Calyrex|43/100\n|-status|p1b: Calyrex|brn\n|move|p2b: Miraidon|Volt Switch|p1b: Calyrex\n|-damage|p1b: Calyrex|0 fnt\n|faint|p1b: Calyrex\n|\n|t:|1769795694\n|switch|p2b: Iron Hands|Iron Hands, L50, shiny|100/100|[from] Volt Switch\n|\n|upkeep\n|\n|t:|1769795702\n|switch|p1b: Brute Bonnet|Brute Bonnet, L50, shiny, tera:Water|83/100\n|turn|3\n|\n|t:|1769795713\n|switch|p2a: Miraidon|Miraidon, L50|100/100\n|-fieldstart|move: Electric Terrain|[from] ability: Hadron Engine|[of] p2a: Miraidon\n|-activate|p2b: Iron Hands|ability: Quark Drive\n|-start|p2b: Iron Hands|quarkdriveatk\n|move|p2b: Iron Hands|Fake Out|p1a: Indeedee\n|-damage|p1a: Indeedee|31/100\n|move|p1b: Brute Bonnet|Lash Out|p2a: Miraidon\n|-damage|p2a: Miraidon|68/100\n|cant|p1a: Indeedee|flinch\n|\n|upkeep\n|turn|4\n|\n|t:|1769795728\n|move|p1b: Brute Bonnet|Rage Powder|p1b: Brute Bonnet\n|-singleturn|p1b: Brute Bonnet|move: Rage Powder\n|move|p2a: Miraidon|Dazzling Gleam|p1a: Indeedee|[spread] p1a,p1b\n|-damage|p1a: Indeedee|0 fnt\n|-damage|p1b: Brute Bonnet|51/100\n|faint|p1a: Indeedee\n|move|p2b: Iron Hands|Wild Charge|p1b: Brute Bonnet\n|-supereffective|p1b: Brute Bonnet\n|-damage|p1b: Brute Bonnet|0 fnt\n|faint|p1b: Brute Bonnet\n|-end|p1b: Brute Bonnet|Protosynthesis|[silent]\n|-damage|p2b: Iron Hands|89/100|[from] Recoil\n|\n|upkeep\n|\n|t:|1769795734\n|switch|p1b: Flutter Mane|Flutter Mane, L50|100/100\n|turn|5\n|\n|t:|1769795742\n|-terastallize|p2a: Miraidon|Fairy\n|move|p2a: Miraidon|Dazzling Gleam|p1b: Flutter Mane\n|-damage|p1b: Flutter Mane|17/100\n|move|p1b: Flutter Mane|Dazzling Gleam|p2a: Miraidon|[spread] p2a,p2b\n|-supereffective|p2b: Iron Hands\n|-damage|p2a: Miraidon|36/100\n|-damage|p2b: Iron Hands|55/100\n|move|p2b: Iron Hands|Wild Charge|p1b: Flutter Mane\n|-damage|p1b: Flutter Mane|0 fnt\n|faint|p1b: Flutter Mane\n|-end|p1b: Flutter Mane|Protosynthesis|[silent]\n|-damage|p2b: Iron Hands|52/100|[from] Recoil\n|\n|win|pokemon fan 281747\n|raw|CHR1SPHX's rating: 1304 &rarr; <strong>1287</strong><br />(-17 for losing)\n|raw|pokemon fan 281747's rating: 1356 &rarr; <strong>1373</strong><br />(+17 for winning)\n|l|\u2606CHR1SPHX\n|player|p1|\n|l|\u2606pokemon fan 281747\n|player|p2|\n","uploadtime":1769795999,"views":11,"formatid":"gen9vgc2026regi","rating":1287,"private":0,"password":null}