{"id":"gen9vgc2026regi-2564502043","format":"[Gen 9] VGC 2026 Reg I","players":["itastelikeiron","iifwm"],"log":"|j|\u2606itastelikeiron\n|j|\u2606iifwm\n|t:|1774153891\n|gametype|doubles\n|player|p1|itastelikeiron|infielder|1400\n|player|p2|iifwm|170|1378\n|gen|9\n|tier|[Gen 9] VGC 2026 Reg I\n|rated|\n|rule|Species Clause: Limit one of each Pok\u00e9mon\n|rule|Item Clause: Limit 1 of each item\n|clearpoke\n|poke|p1|Ting-Lu, L50|\n|poke|p1|Ogerpon-Hearthflame, L50, F|\n|poke|p1|Calyrex-Shadow, L50|\n|poke|p1|Koraidon, L50|\n|poke|p1|Dondozo, L50, F|\n|poke|p1|Raging Bolt, L50|\n|poke|p2|Miraidon, L50|\n|poke|p2|Lunala, L50|\n|poke|p2|Whimsicott, L50, M|\n|poke|p2|Urshifu-*, L50, M|\n|poke|p2|Incineroar, L50, F|\n|poke|p2|Ursaluna, L50, F|\n|teampreview|4\n|\n|t:|1774153912\n|teamsize|p1|4\n|teamsize|p2|4\n|start\n|switch|p1a: Ogerpon|Ogerpon-Hearthflame, L50, F|100/100\n|switch|p1b: Ting-Lu|Ting-Lu, L50|100/100\n|switch|p2a: Lunala|Lunala, L50|100/100\n|switch|p2b: Miraidon|Miraidon, L50|100/100\n|-fieldstart|move: Electric Terrain|[from] ability: Hadron Engine|[of] p2b: Miraidon\n|-enditem|p2a: Lunala|Electric Seed\n|-boost|p2a: Lunala|def|1|[from] item: Electric Seed\n|-ability|p1a: Ogerpon|Mold Breaker\n|-ability|p1b: Ting-Lu|Vessel of Ruin\n|turn|1\n|\n|t:|1774153922\n|move|p2b: Miraidon|Volt Switch|p1a: Ogerpon\n|-resisted|p1a: Ogerpon\n|-damage|p1a: Ogerpon|68/100\n|-damage|p2b: Miraidon|91/100|[from] item: Life Orb\n|\n|t:|1774153926\n|switch|p2b: Incineroar|Incineroar, L50, F|100/100|[from] Volt Switch\n|-ability|p2b: Incineroar|Intimidate|boost\n|-unboost|p1a: Ogerpon|atk|1\n|-unboost|p1b: Ting-Lu|atk|1\n|move|p1a: Ogerpon|Taunt|p2a: Lunala\n|-start|p2a: Lunala|move: Taunt\n|move|p2a: Lunala|Moonblast|p1b: Ting-Lu\n|-supereffective|p1b: Ting-Lu\n|-damage|p1b: Ting-Lu|65/100\n|move|p1b: Ting-Lu|Ruination|p2a: Lunala\n|-damage|p2a: Lunala|50/100\n|\n|upkeep\n|turn|2\n|\n|t:|1774153956\n|move|p1a: Ogerpon|Ivy Cudgel|p2a: Lunala|[anim] Ivy Cudgel Fire\n|-damage|p2a: Lunala|31/100\n|move|p2a: Lunala|Moonblast|p1b: Ting-Lu\n|-supereffective|p1b: Ting-Lu\n|-damage|p1b: Ting-Lu|31/100\n|-unboost|p1b: Ting-Lu|spa|1\n|move|p2b: Incineroar|U-turn|p1b: Ting-Lu\n|-supereffective|p1b: Ting-Lu\n|-damage|p1b: Ting-Lu|12/100\n|-damage|p2b: Incineroar|84/100|[from] item: Rocky Helmet|[of] p1b: Ting-Lu\n|\n|t:|1774153966\n|switch|p2b: Ursaluna|Ursaluna, L50, F|100/100|[from] U-turn\n|move|p1b: Ting-Lu|Sand Tomb|p2a: Lunala\n|-damage|p2a: Lunala|26/100\n|-activate|p2a: Lunala|move: Sand Tomb|[of] p1b: Ting-Lu\n|\n|-damage|p2a: Lunala|14/100|[from] move: Sand Tomb|[partiallytrapped]\n|-status|p2b: Ursaluna|brn|[from] item: Flame Orb\n|upkeep\n|turn|3\n|\n|t:|1774153982\n|switch|p2b: Incineroar|Incineroar, L50, F|84/100\n|-ability|p2b: Incineroar|Intimidate|boost\n|-unboost|p1a: Ogerpon|atk|1\n|-unboost|p1b: Ting-Lu|atk|1\n|move|p1a: Ogerpon|Spiky Shield|p1a: Ogerpon\n|-singleturn|p1a: Ogerpon|move: Protect\n|move|p1b: Ting-Lu|Protect|p1b: Ting-Lu\n|-singleturn|p1b: Ting-Lu|Protect\n|move|p2a: Lunala|Moonblast|p1b: Ting-Lu\n|-activate|p1b: Ting-Lu|move: Protect\n|\n|-damage|p2a: Lunala|1/100|[from] move: Sand Tomb|[partiallytrapped]\n|-end|p2a: Lunala|move: Taunt\n|upkeep\n|turn|4\n|\n|t:|1774154001\n|move|p2b: Incineroar|Fake Out|p1a: Ogerpon\n|-damage|p1a: Ogerpon|55/100\n|cant|p1a: Ogerpon|flinch\n|move|p1b: Ting-Lu|Stealth Rock|p2a: Lunala\n|-sidestart|p2: iifwm|move: Stealth Rock\n|move|p2a: Lunala|Trick Room|p2a: Lunala\n|-fieldstart|move: Trick Room|[of] p2a: Lunala\n|\n|-damage|p2a: Lunala|0 fnt|[from] move: Sand Tomb|[partiallytrapped]\n|faint|p2a: Lunala\n|upkeep\n|\n|t:|1774154009\n|switch|p2a: Ursaluna|Ursaluna, L50, F|100/100 brn\n|-damage|p2a: Ursaluna|94/100 brn|[from] Stealth Rock\n|turn|5\n|\n|t:|1774154020\n|move|p1b: Ting-Lu|Protect|p1b: Ting-Lu\n|-singleturn|p1b: Ting-Lu|Protect\n|move|p1a: Ogerpon|Spiky Shield|p1a: Ogerpon\n|-singleturn|p1a: Ogerpon|move: Protect\n|move|p2a: Ursaluna|Facade|p1a: Ogerpon\n|-activate|p1a: Ogerpon|move: Protect\n|-damage|p2a: Ursaluna|82/100 brn|[from] Spiky Shield|[of] p1a: Ogerpon\n|move|p2b: Incineroar|U-turn|p1b: Ting-Lu\n|-activate|p1b: Ting-Lu|move: Protect\n|\n|-damage|p2a: Ursaluna|76/100 brn|[from] brn\n|-fieldend|move: Electric Terrain\n|upkeep\n|turn|6\n|\n|t:|1774154050\n|switch|p1a: Calyrex|Calyrex-Shadow, L50|100/100\n|-ability|p1a: Calyrex|As One\n|-ability|p1a: Calyrex|Unnerve\n|move|p1b: Ting-Lu|Ruination|p2a: Ursaluna\n|-damage|p2a: Ursaluna|38/100 brn\n|move|p2a: Ursaluna|Facade|p1a: Calyrex\n|-immune|p1a: Calyrex\n|move|p2b: Incineroar|U-turn|p1b: Ting-Lu\n|-supereffective|p1b: Ting-Lu\n|-damage|p1b: Ting-Lu|0 fnt\n|-damage|p2b: Incineroar|68/100|[from] item: Rocky Helmet|[of] p1b: Ting-Lu\n|faint|p1b: Ting-Lu\n|\n|t:|1774154057\n|switch|p2b: Miraidon|Miraidon, L50|91/100|[from] U-turn\n|-damage|p2b: Miraidon|79/100|[from] Stealth Rock\n|-fieldstart|move: Electric Terrain|[from] ability: Hadron Engine|[of] p2b: Miraidon\n|\n|-damage|p2a: Ursaluna|32/100 brn|[from] brn\n|upkeep\n|\n|t:|1774154071\n|switch|p1b: Ogerpon|Ogerpon-Hearthflame, L50, F|55/100\n|-ability|p1b: Ogerpon|Mold Breaker\n|turn|7\n|\n|t:|1774154079\n|move|p1b: Ogerpon|Spiky Shield|p1b: Ogerpon\n|-singleturn|p1b: Ogerpon|move: Protect\n|move|p1a: Calyrex|Protect|p1a: Calyrex\n|-singleturn|p1a: Calyrex|Protect\n|move|p2a: Ursaluna|Facade|p1b: Ogerpon\n|-activate|p1b: Ogerpon|move: Protect\n|-damage|p2a: Ursaluna|20/100 brn|[from] Spiky Shield|[of] p1b: Ogerpon\n|move|p2b: Miraidon|Electro Drift|p1a: Calyrex\n|-activate|p1a: Calyrex|move: Protect\n|\n|-damage|p2a: Ursaluna|14/100 brn|[from] brn\n|upkeep\n|turn|8\n|\n|t:|1774154096\n|move|p1b: Ogerpon|Follow Me|p1b: Ogerpon\n|-singleturn|p1b: Ogerpon|move: Follow Me\n|move|p2a: Ursaluna|Facade|p1b: Ogerpon\n|-damage|p1b: Ogerpon|0 fnt\n|faint|p1b: Ogerpon\n|move|p2b: Miraidon|Electro Drift|p1a: Calyrex\n|-enditem|p1a: Calyrex|Focus Sash\n|-damage|p1a: Calyrex|1/100\n|-damage|p2b: Miraidon|69/100|[from] item: Life Orb\n|move|p1a: Calyrex|Astral Barrage|p2a: Ursaluna|[spread] p2b\n|-immune|p2a: Ursaluna\n|-damage|p2b: Miraidon|23/100\n|\n|-damage|p2a: Ursaluna|8/100 brn|[from] brn\n|-fieldend|move: Trick Room\n|upkeep\n|-message|iifwm forfeited.\n|\n|win|itastelikeiron\n|raw|itastelikeiron's rating: 1400 &rarr; <strong>1419</strong><br />(+19 for winning)\n|raw|iifwm's rating: 1378 &rarr; <strong>1359</strong><br />(-19 for losing)\n|l|\u2606iifwm\n|player|p2|\n|l|\u2606itastelikeiron\n|player|p1|\n","uploadtime":1774154385,"views":11,"formatid":"gen9vgc2026regi","rating":1359,"private":0,"password":null}