{"id":"gen9vgc2026regi-2568223692","format":"[Gen 9] VGC 2026 Reg I","players":["Sheevp","ChazzItUp4200"],"log":"|j|\u2606Sheevp\n|j|\u2606ChazzItUp4200\n|t:|1774557307\n|gametype|doubles\n|player|p1|Sheevp|2|1445\n|player|p2|ChazzItUp4200|cheren-gen5bw2|1336\n|gen|9\n|tier|[Gen 9] VGC 2026 Reg I\n|rated|\n|rule|Species Clause: Limit one of each Pok\u00e9mon\n|rule|Item Clause: Limit 1 of each item\n|clearpoke\n|poke|p1|Incineroar, L50, M|\n|poke|p1|Rillaboom, L50, M|\n|poke|p1|Landorus, L50, M|\n|poke|p1|Smeargle, L50, F|\n|poke|p1|Koraidon, L50|\n|poke|p1|Calyrex-Ice, L50|\n|poke|p2|Miraidon, L50|\n|poke|p2|Chesnaught, L50, F|\n|poke|p2|Clefairy, L50, F|\n|poke|p2|Rayquaza, L50|\n|poke|p2|Chien-Pao, L50|\n|poke|p2|Farigiraf, L50, M|\n|teampreview|4\n|inactive|Battle timer is ON: inactive players will automatically lose when time's up. (requested by ChazzItUp4200)\n|\n|t:|1774557336\n|teamsize|p1|4\n|teamsize|p2|4\n|start\n|switch|p1a: Calyrex|Calyrex-Ice, L50|100/100\n|switch|p1b: Incineroar|Incineroar, L50, M|100/100\n|switch|p2a: Wattson|Miraidon, L50|100/100\n|switch|p2b: Gibraltar|Chesnaught, L50, F|100/100\n|-ability|p1a: Calyrex|As One\n|-ability|p1a: Calyrex|Unnerve\n|-fieldstart|move: Electric Terrain|[from] ability: Hadron Engine|[of] p2a: Wattson\n|-enditem|p2b: Gibraltar|Electric Seed\n|-boost|p2b: Gibraltar|def|1|[from] item: Electric Seed\n|-ability|p1b: Incineroar|Intimidate|boost\n|-unboost|p2a: Wattson|atk|1\n|-unboost|p2b: Gibraltar|atk|1\n|turn|1\n|l|\u2606Sheevp\n|inactive|Sheevp disconnected and has a minute to reconnect!\n|player|p1|\n|j|\u2606Sheevp\n|inactive|Sheevp reconnected and has 40 seconds left.\n|player|p1|Sheevp|2|\n|inactive|Sheevp has 30 seconds left.\n|\n|t:|1774557370\n|move|p2a: Wattson|Volt Switch|p1b: Incineroar\n|-damage|p1b: Incineroar|41/100\n|\n|t:|1774557374\n|switch|p2a: Lifeline|Clefairy, L50, F|100/100|[from] Volt Switch\n|move|p2b: Gibraltar|Body Press|p1b: Incineroar\n|-supereffective|p1b: Incineroar\n|-damage|p1b: Incineroar|0 fnt\n|faint|p1b: Incineroar\n|move|p1a: Calyrex|Leech Seed|p2a: Lifeline\n|-start|p2a: Lifeline|move: Leech Seed\n|\n|-damage|p2a: Lifeline|88/100|[from] Leech Seed|[of] p1a: Calyrex\n|upkeep\n|\n|t:|1774557381\n|switch|p1b: Koraidon|Koraidon, L50|100/100\n|-weather|SunnyDay|[from] ability: Orichalcum Pulse|[of] p1b: Koraidon\n|-activate|p1b: Koraidon|Orichalcum Pulse|[source]\n|turn|2\n|\n|t:|1774557404\n|-terastallize|p1b: Koraidon|Fire\n|move|p2a: Lifeline|Follow Me|p2a: Lifeline\n|-singleturn|p2a: Lifeline|move: Follow Me\n|move|p1b: Koraidon|Flame Charge|p2a: Lifeline\n|-damage|p2a: Lifeline|32/100\n|-boost|p1b: Koraidon|spe|1\n|move|p2b: Gibraltar|Leech Seed|p1a: Calyrex\n|-start|p1a: Calyrex|move: Leech Seed\n|move|p1a: Calyrex|Glacial Lance|p2b: Gibraltar|[spread] p2a,p2b\n|-supereffective|p2b: Gibraltar\n|-damage|p2a: Lifeline|0 fnt\n|-damage|p2b: Gibraltar|68/100\n|faint|p2a: Lifeline\n|-ability|p1a: Calyrex|Chilling Neigh|boost\n|-boost|p1a: Calyrex|atk|1\n|\n|-weather|SunnyDay|[upkeep]\n|-damage|p1a: Calyrex|88/100|[from] Leech Seed|[of] p2b: Gibraltar\n|-heal|p2b: Gibraltar|81/100|[silent]\n|upkeep\n|l|\u2606Sheevp\n|inactive|Sheevp disconnected and has a minute to reconnect!\n|player|p1|\n|j|\u2606Sheevp\n|inactive|Sheevp reconnected.\n|player|p1|Sheevp|2|\n|\n|t:|1774557424\n|switch|p2a: Wattson|Miraidon, L50|100/100\n|-activate|p2a: Wattson|ability: Hadron Engine\n|turn|3\n|\n|t:|1774557437\n|move|p2b: Gibraltar|Wide Guard|p2b: Gibraltar\n|-singleturn|p2b: Gibraltar|Wide Guard\n|move|p2a: Wattson|Volt Switch|p1b: Koraidon\n|-damage|p1b: Koraidon|41/100\n|\n|t:|1774557442\n|switch|p2a: Wraith|Rayquaza, L50|100/100|[from] Volt Switch\n|-ability|p2a: Wraith|Air Lock\n|move|p1b: Koraidon|Flare Blitz|p2a: Wraith\n|-resisted|p2a: Wraith\n|-damage|p2a: Wraith|71/100\n|-damage|p1b: Koraidon|30/100|[from] Recoil\n|move|p1a: Calyrex|Glacial Lance|p2a: Wraith|[spread] \n|-activate|p2a: Wraith|move: Wide Guard\n|-activate|p2b: Gibraltar|move: Wide Guard\n|\n|-weather|SunnyDay|[upkeep]\n|-heal|p1a: Calyrex|94/100|[from] item: Leftovers\n|-damage|p1a: Calyrex|82/100|[from] Leech Seed|[of] p2b: Gibraltar\n|-heal|p2b: Gibraltar|94/100|[silent]\n|upkeep\n|turn|4\n|inactive|ChazzItUp4200 has 30 seconds left.\n|\n|t:|1774557470\n|move|p2b: Gibraltar|Wide Guard|p2b: Gibraltar\n|-singleturn|p2b: Gibraltar|Wide Guard\n|move|p1b: Koraidon|Flare Blitz|p2b: Gibraltar\n|-supereffective|p2b: Gibraltar\n|-damage|p2b: Gibraltar|40/100\n|-damage|p1b: Koraidon|13/100|[from] Recoil\n|move|p2a: Wraith|Swords Dance|p2a: Wraith\n|-boost|p2a: Wraith|atk|2\n|move|p1a: Calyrex|Leech Seed|p2a: Wraith\n|-start|p2a: Wraith|move: Leech Seed\n|\n|-weather|SunnyDay|[upkeep]\n|-heal|p1a: Calyrex|88/100|[from] item: Leftovers\n|-damage|p2a: Wraith|59/100|[from] Leech Seed|[of] p1a: Calyrex\n|-heal|p1a: Calyrex|100/100|[silent]\n|-damage|p1a: Calyrex|88/100|[from] Leech Seed|[of] p2b: Gibraltar\n|-heal|p2b: Gibraltar|53/100|[silent]\n|upkeep\n|turn|5\n|inactive|Sheevp has 30 seconds left.\n|inactive|ChazzItUp4200 has 30 seconds left.\n|\n|t:|1774557498\n|switch|p1b: Rillaboom|Rillaboom, L50, M|100/100\n|-fieldstart|move: Grassy Terrain|[from] ability: Grassy Surge|[of] p1b: Rillaboom\n|move|p1a: Calyrex|Protect|p1a: Calyrex\n|-singleturn|p1a: Calyrex|Protect\n|move|p2a: Wraith|Dragon Ascent|p1a: Calyrex\n|-activate|p1a: Calyrex|move: Protect\n|move|p2b: Gibraltar|Body Press|p1b: Rillaboom\n|-damage|p1b: Rillaboom|34/100\n|\n|-weather|SunnyDay|[upkeep]\n|-heal|p1b: Rillaboom|40/100|[from] Grassy Terrain\n|-heal|p2b: Gibraltar|59/100|[from] Grassy Terrain\n|-heal|p1a: Calyrex|94/100|[from] Grassy Terrain\n|-heal|p1a: Calyrex|99/100|[from] item: Leftovers\n|-damage|p2a: Wraith|46/100|[from] Leech Seed|[of] p1a: Calyrex\n|-heal|p1a: Calyrex|100/100|[silent]\n|-damage|p1a: Calyrex|88/100|[from] Leech Seed|[of] p2b: Gibraltar\n|-heal|p2b: Gibraltar|72/100|[silent]\n|upkeep\n|turn|6\n|inactive|ChazzItUp4200 has 30 seconds left.\n|\n|t:|1774557532\n|move|p2a: Wraith|Protect|p2a: Wraith\n|-singleturn|p2a: Wraith|Protect\n|move|p2b: Gibraltar|Spiky Shield|p2b: Gibraltar\n|-singleturn|p2b: Gibraltar|move: Protect\n|move|p1b: Rillaboom|Fake Out|p2b: Gibraltar\n|-activate|p2b: Gibraltar|move: Protect\n|-damage|p1b: Rillaboom|28/100|[from] Spiky Shield|[of] p2b: Gibraltar\n|move|p1a: Calyrex|Glacial Lance|p2b: Gibraltar|[spread] \n|-activate|p2a: Wraith|move: Protect\n|-activate|p2b: Gibraltar|move: Protect\n|\n|-weather|none\n|-heal|p1b: Rillaboom|34/100|[from] Grassy Terrain\n|-heal|p2b: Gibraltar|78/100|[from] Grassy Terrain\n|-heal|p1a: Calyrex|94/100|[from] Grassy Terrain\n|-heal|p1a: Calyrex|99/100|[from] item: Leftovers\n|-damage|p2a: Wraith|34/100|[from] Leech Seed|[of] p1a: Calyrex\n|-heal|p1a: Calyrex|100/100|[silent]\n|-damage|p1a: Calyrex|88/100|[from] Leech Seed|[of] p2b: Gibraltar\n|-heal|p2b: Gibraltar|91/100|[silent]\n|upkeep\n|turn|7\n|l|\u2606Sheevp\n|inactive|Sheevp disconnected and has a minute to reconnect!\n|player|p1|\n|j|\u2606Sheevp\n|inactive|Sheevp reconnected and has 45 seconds left.\n|player|p1|Sheevp|2|\n|\n|t:|1774557557\n|move|p1b: Rillaboom|U-turn|p2b: Gibraltar\n|-damage|p2b: Gibraltar|83/100\n|\n|t:|1774557560\n|switch|p1b: Koraidon|Koraidon, L50, tera:Fire|13/100|[from] U-turn\n|-weather|SunnyDay|[from] ability: Orichalcum Pulse|[of] p1b: Koraidon\n|-activate|p1b: Koraidon|Orichalcum Pulse|[source]\n|move|p2a: Wraith|Dragon Ascent|p1a: Calyrex\n|-damage|p1a: Calyrex|3/100\n|-unboost|p2a: Wraith|def|1\n|-unboost|p2a: Wraith|spd|1\n|move|p2b: Gibraltar|Body Press|p1a: Calyrex\n|-damage|p1a: Calyrex|0 fnt\n|faint|p1a: Calyrex\n|\n|-weather|SunnyDay|[upkeep]\n|-heal|p1b: Koraidon|19/100|[from] Grassy Terrain\n|-heal|p2b: Gibraltar|89/100|[from] Grassy Terrain\n|upkeep\n|-message|Sheevp forfeited.\n|\n|win|ChazzItUp4200\n|raw|Sheevp's rating: 1445 &rarr; <strong>1419</strong><br />(-26 for losing)\n|raw|ChazzItUp4200's rating: 1336 &rarr; <strong>1362</strong><br />(+26 for winning)\n|l|\u2606Sheevp\n|player|p1|\n|l|\u2606ChazzItUp4200\n|player|p2|\n","uploadtime":1774557657,"views":13,"formatid":"gen9vgc2026regi","rating":1362,"private":0,"password":null}