{"id":"gen9vgc2026regi-2551434283","format":"[Gen 9] VGC 2026 Reg I","players":["BHeast42","ryo8989"],"log":"|j|\u2606BHeast42\n|j|\u2606ryo8989\n|t:|1772601082\n|gametype|doubles\n|player|p1|BHeast42|1|1463\n|player|p2|ryo8989|erika|1452\n|gen|9\n|tier|[Gen 9] VGC 2026 Reg I\n|rated|\n|rule|Species Clause: Limit one of each Pok\u00e9mon\n|rule|Item Clause: Limit 1 of each item\n|clearpoke\n|poke|p1|Koraidon, L50|\n|poke|p1|Entei, L50|\n|poke|p1|Rillaboom, L50, F|\n|poke|p1|Raging Bolt, L50|\n|poke|p1|Calyrex-Shadow, L50|\n|poke|p1|Walking Wake, L50|\n|poke|p2|Calyrex-Shadow, L50|\n|poke|p2|Zamazenta-*, L50|\n|poke|p2|Rillaboom, L50, F|\n|poke|p2|Incineroar, L50, M|\n|poke|p2|Raging Bolt, L50|\n|poke|p2|Tornadus, L50, M|\n|teampreview|4\n|inactive|Battle timer is ON: inactive players will automatically lose when time's up. (requested by BHeast42)\n|inactive|BHeast42 has 60 seconds left.\n|\n|t:|1772601120\n|teamsize|p1|4\n|teamsize|p2|4\n|start\n|switch|p1a: Koraidon|Koraidon, L50|100/100\n|switch|p1b: Entei|Entei, L50|100/100\n|switch|p2a: Calyrex|Calyrex-Shadow, L50|100/100\n|switch|p2b: Tornadus|Tornadus, L50, M|100/100\n|-ability|p2a: Calyrex|As One\n|-ability|p2a: Calyrex|Unnerve\n|-weather|SunnyDay|[from] ability: Orichalcum Pulse|[of] p1a: Koraidon\n|-activate|p1a: Koraidon|Orichalcum Pulse|[source]\n|turn|1\n|inactive|BHeast42 has 30 seconds left.\n|\n|t:|1772601148\n|-terastallize|p2a: Calyrex|Dark\n|move|p2b: Tornadus|Rain Dance|p2b: Tornadus\n|-weather|RainDance\n|move|p2a: Calyrex|Astral Barrage|p1a: Koraidon|[spread] p1a,p1b\n|-damage|p1a: Koraidon|28/100\n|-damage|p1b: Entei|51/100\n|-damage|p2a: Calyrex|91/100|[from] item: Life Orb\n|move|p1a: Koraidon|Flame Charge|p2b: Tornadus\n|-damage|p2b: Tornadus|87/100\n|-boost|p1a: Koraidon|spe|1\n|move|p1b: Entei|Snarl|p2a: Calyrex|[spread] p2a,p2b\n|-resisted|p2a: Calyrex\n|-damage|p2a: Calyrex|87/100\n|-damage|p2b: Tornadus|78/100\n|-unboost|p2a: Calyrex|spa|1\n|\n|-weather|RainDance|[upkeep]\n|upkeep\n|turn|2\n|inactive|BHeast42 has 30 seconds left.\n|\n|t:|1772601178\n|-terastallize|p1b: Entei|Normal\n|move|p1a: Koraidon|Protect|p1a: Koraidon\n|-singleturn|p1a: Koraidon|Protect\n|move|p1b: Entei|Extreme Speed|p2b: Tornadus\n|-damage|p2b: Tornadus|19/100\n|move|p2b: Tornadus|Tailwind|p2b: Tornadus\n|-sidestart|p2: ryo8989|move: Tailwind\n|move|p2a: Calyrex|Astral Barrage|p1a: Koraidon|[spread] \n|-activate|p1a: Koraidon|move: Protect\n|-immune|p1b: Entei\n|\n|-weather|RainDance|[upkeep]\n|upkeep\n|turn|3\n|\n|t:|1772601202\n|switch|p2b: Zamazenta|Zamazenta-Crowned, L50|100/100\n|-ability|p2b: Zamazenta|Dauntless Shield|boost\n|-boost|p2b: Zamazenta|def|1\n|switch|p1a: Walking Wake|Walking Wake, L50|100/100\n|move|p1b: Entei|Extreme Speed|p2a: Calyrex\n|-damage|p2a: Calyrex|42/100\n|move|p2a: Calyrex|Astral Barrage|p1b: Entei|[spread] p1a\n|-immune|p1b: Entei\n|-damage|p1a: Walking Wake|44/100\n|-damage|p2a: Calyrex|32/100|[from] item: Life Orb\n|\n|-weather|RainDance|[upkeep]\n|upkeep\n|turn|4\n|inactive|BHeast42 has 30 seconds left.\n|\n|t:|1772601231\n|switch|p1b: Koraidon|Koraidon, L50|28/100\n|-weather|SunnyDay|[from] ability: Orichalcum Pulse|[of] p1b: Koraidon\n|-activate|p1a: Walking Wake|ability: Protosynthesis\n|-start|p1a: Walking Wake|protosynthesisspe\n|-activate|p1b: Koraidon|Orichalcum Pulse|[source]\n|move|p2a: Calyrex|Protect|p2a: Calyrex\n|-singleturn|p2a: Calyrex|Protect\n|move|p2b: Zamazenta|Body Press|p1b: Koraidon\n|-damage|p1b: Koraidon|0 fnt\n|faint|p1b: Koraidon\n|move|p1a: Walking Wake|Weather Ball|p2b: Zamazenta\n|-supereffective|p2b: Zamazenta\n|-damage|p2b: Zamazenta|0 fnt\n|faint|p2b: Zamazenta\n|\n|-weather|SunnyDay|[upkeep]\n|upkeep\n|\n|t:|1772601252\n|switch|p2b: Tornadus|Tornadus, L50, M|19/100\n|switch|p1b: Entei|Entei, L50, tera:Normal|51/100\n|turn|5\n|\n|t:|1772601261\n|switch|p2a: Incineroar|Incineroar, L50, M|100/100\n|-ability|p2a: Incineroar|Intimidate|boost\n|-unboost|p1a: Walking Wake|atk|1\n|-fail|p1b: Entei|unboost|Attack|[from] ability: Inner Focus|[of] p1b: Entei\n|move|p1b: Entei|Extreme Speed|p2a: Incineroar\n|-damage|p2a: Incineroar|69/100\n|move|p2b: Tornadus|Rain Dance|p2b: Tornadus\n|-weather|RainDance\n|-end|p1a: Walking Wake|Protosynthesis\n|move|p1a: Walking Wake|Weather Ball|p2b: Tornadus\n|-damage|p2b: Tornadus|0 fnt\n|faint|p2b: Tornadus\n|\n|-weather|RainDance|[upkeep]\n|-sideend|p2: ryo8989|move: Tailwind\n|upkeep\n|\n|t:|1772601278\n|switch|p2b: Calyrex|Calyrex-Shadow, L50, tera:Dark|32/100\n|-ability|p2b: Calyrex|As One\n|-ability|p2b: Calyrex|Unnerve\n|turn|6\n|-message|ryo8989 forfeited.\n|\n|win|BHeast42\n|raw|BHeast42's rating: 1463 &rarr; <strong>1482</strong><br />(+19 for winning)\n|raw|ryo8989's rating: 1452 &rarr; <strong>1433</strong><br />(-19 for losing)\n|l|\u2606ryo8989\n|player|p2|\n","uploadtime":1772601495,"views":20,"formatid":"gen9vgc2026regi","rating":1433,"private":0,"password":null}