{"id":"gen9vgc2026regi-2546274894","format":"[Gen 9] VGC 2026 Reg I","players":["drive stone","Kaboll"],"log":"|j|\u2606drive stone\n|j|\u2606Kaboll\n|t:|1771949720\n|gametype|doubles\n|player|p1|drive stone|cilan|1075\n|player|p2|Kaboll|102|1070\n|gen|9\n|tier|[Gen 9] VGC 2026 Reg I\n|rated|\n|rule|Species Clause: Limit one of each Pok\u00e9mon\n|rule|Item Clause: Limit 1 of each item\n|clearpoke\n|poke|p1|Calyrex-Ice, L50|\n|poke|p1|Ho-Oh, L50|\n|poke|p1|Overqwil, L50, M|\n|poke|p1|Rillaboom, L50, F|\n|poke|p1|Ting-Lu, L50|\n|poke|p1|Ogerpon-Wellspring, L50, F|\n|poke|p2|Smeargle, L50, F|\n|poke|p2|Urshifu-*, L50, F|\n|poke|p2|Terapagos, L50, M|\n|poke|p2|Whimsicott, L50, M|\n|poke|p2|Incineroar, L50, F|\n|poke|p2|Ditto, L50|\n|teampreview|4\n|inactive|Battle timer is ON: inactive players will automatically lose when time's up. (requested by Kaboll)\n|\n|t:|1771949773\n|teamsize|p1|4\n|teamsize|p2|4\n|start\n|switch|p1a: Ho-Oh|Ho-Oh, L50|100/100\n|switch|p1b: Ogerpon|Ogerpon-Wellspring, L50, F|100/100\n|switch|p2a: Smeargle|Smeargle, L50, F|100/100\n|switch|p2b: Terapagos|Terapagos, L50, M|100/100\n|-activate|p2b: Terapagos|ability: Tera Shift\n|detailschange|p2b: Terapagos|Terapagos-Terastal, L50, M\n|-heal|p2b: Terapagos|100/100|[silent]\n|turn|1\n|\n|t:|1771949797\n|-terastallize|p2b: Terapagos|Stellar\n|detailschange|p2b: Terapagos|Terapagos-Stellar, L50, M, tera:Stellar\n|-heal|p2b: Terapagos|100/100|[silent]\n|move|p2a: Smeargle|Fake Out|p1b: Ogerpon\n|-damage|p1b: Ogerpon|95/100\n|cant|p1b: Ogerpon|flinch\n|move|p2b: Terapagos|Tera Starstorm|p1b: Ogerpon|[spread] p1a,p1b\n|-damage|p1a: Ho-Oh|64/100\n|-damage|p1b: Ogerpon|41/100\n|move|p1a: Ho-Oh|Sacred Fire|p2a: Smeargle\n|-enditem|p2a: Smeargle|Focus Sash\n|-damage|p2a: Smeargle|1/100\n|\n|-ability|p2a: Smeargle|Moody|boost\n|-boost|p2a: Smeargle|def|2\n|-unboost|p2a: Smeargle|spa|1\n|upkeep\n|turn|2\n|inactive|drive stone has 30 seconds left.\n|inactive|Kaboll has 30 seconds left.\n|inactive|drive stone has 20 seconds left.\n|inactive|drive stone has 15 seconds left.\n|\n|t:|1771949838\n|move|p1b: Ogerpon|Follow Me|p1b: Ogerpon\n|-singleturn|p1b: Ogerpon|move: Follow Me\n|move|p2a: Smeargle|Decorate|p1b: Ogerpon\n|-boost|p1b: Ogerpon|atk|2\n|-boost|p1b: Ogerpon|spa|2\n|move|p2b: Terapagos|Tera Starstorm|p1a: Ho-Oh|[spread] p1a,p1b\n|-damage|p1a: Ho-Oh|28/100\n|-damage|p1b: Ogerpon|0 fnt\n|faint|p1b: Ogerpon\n|move|p1a: Ho-Oh|Sacred Fire|p2a: Smeargle\n|-damage|p2a: Smeargle|0 fnt\n|faint|p2a: Smeargle\n|\n|upkeep\n|\n|t:|1771949858\n|switch|p2a: Incineroar|Incineroar, L50, F|100/100\n|switch|p1b: Overqwil|Overqwil, L50, M|100/100\n|-ability|p2a: Incineroar|Intimidate|boost\n|-unboost|p1a: Ho-Oh|atk|1\n|-unboost|p1b: Overqwil|atk|1\n|-ability|p1b: Overqwil|Intimidate|boost\n|-unboost|p2a: Incineroar|atk|1\n|-unboost|p2b: Terapagos|atk|1\n|turn|3\n|\n|t:|1771949868\n|switch|p1a: Calyrex|Calyrex-Ice, L50|100/100\n|-ability|p1a: Calyrex|As One\n|-ability|p1a: Calyrex|Unnerve\n|move|p1b: Overqwil|Protect|p1b: Overqwil\n|-singleturn|p1b: Overqwil|Protect\n|move|p2a: Incineroar|Fake Out|p1b: Overqwil\n|-activate|p1b: Overqwil|move: Protect\n|move|p2b: Terapagos|Tera Starstorm|p1b: Overqwil|[spread] p1a\n|-activate|p1b: Overqwil|move: Protect\n|-damage|p1a: Calyrex|64/100\n|\n|-heal|p1a: Calyrex|70/100|[from] item: Leftovers\n|upkeep\n|turn|4\n|\n|t:|1771949889\n|move|p1a: Calyrex|Protect|p1a: Calyrex\n|-singleturn|p1a: Calyrex|Protect\n|move|p2b: Terapagos|Tera Starstorm|p1a: Calyrex|[spread] p1b\n|-activate|p1a: Calyrex|move: Protect\n|-damage|p1b: Overqwil|48/100\n|move|p2a: Incineroar|Knock Off|p1a: Calyrex\n|-activate|p1a: Calyrex|move: Protect\n|move|p1b: Overqwil|Barb Barrage|p2b: Terapagos\n|-damage|p2b: Terapagos|90/100\n|-status|p2b: Terapagos|psn\n|\n|-heal|p1b: Overqwil|54/100|[from] item: Black Sludge\n|-heal|p1a: Calyrex|75/100|[from] item: Leftovers\n|-damage|p2b: Terapagos|78/100 psn|[from] psn\n|upkeep\n|turn|5\n|inactive|drive stone has 30 seconds left.\n|inactive|Kaboll has 30 seconds left.\n|inactive|drive stone has 20 seconds left.\n|\n|t:|1771949928\n|move|p1b: Overqwil|Protect|p1b: Overqwil\n|-singleturn|p1b: Overqwil|Protect\n|move|p2b: Terapagos|Tera Starstorm|p1b: Overqwil|[spread] p1a\n|-activate|p1b: Overqwil|move: Protect\n|-damage|p1a: Calyrex|34/100\n|move|p2a: Incineroar|Parting Shot|p1a: Calyrex\n|-unboost|p1a: Calyrex|atk|1\n|-unboost|p1a: Calyrex|spa|1\n|\n|t:|1771949941\n|switch|p2a: Ditto|Ditto, L50|100/100|[from] Parting Shot\n|-transform|p2a: Ditto|p1b: Overqwil|[from] ability: Imposter\n|-ability|p2a: Ditto|Intimidate|boost\n|-unboost|p1a: Calyrex|atk|1\n|-unboost|p1b: Overqwil|atk|1\n|move|p1a: Calyrex|Leech Seed|p2b: Terapagos\n|-start|p2b: Terapagos|move: Leech Seed\n|\n|-heal|p1b: Overqwil|60/100|[from] item: Black Sludge\n|-heal|p1a: Calyrex|40/100|[from] item: Leftovers\n|-damage|p2b: Terapagos|65/100 psn|[from] Leech Seed|[of] p1a: Calyrex\n|-heal|p1a: Calyrex|54/100|[silent]\n|-damage|p2b: Terapagos|53/100 psn|[from] psn\n|upkeep\n|turn|6\n|inactive|Kaboll has 30 seconds left.\n|\n|t:|1771949968\n|move|p1a: Calyrex|Protect|p1a: Calyrex\n|-singleturn|p1a: Calyrex|Protect\n|move|p2a: Ditto|Throat Chop|p1a: Calyrex\n|-activate|p1a: Calyrex|move: Protect\n|move|p2b: Terapagos|Tera Starstorm|p1a: Calyrex|[spread] p1b\n|-activate|p1a: Calyrex|move: Protect\n|-damage|p1b: Overqwil|7/100\n|move|p1b: Overqwil|Toxic Spikes|p2a: Ditto\n|-sidestart|p2: Kaboll|move: Toxic Spikes\n|\n|-heal|p1b: Overqwil|14/100|[from] item: Black Sludge\n|-heal|p1a: Calyrex|60/100|[from] item: Leftovers\n|-damage|p2b: Terapagos|40/100 psn|[from] Leech Seed|[of] p1a: Calyrex\n|-heal|p1a: Calyrex|74/100|[silent]\n|-damage|p2b: Terapagos|28/100 psn|[from] psn\n|upkeep\n|turn|7\n|inactive|Kaboll has 30 seconds left.\n|\n|t:|1771949995\n|switch|p1b: Ho-Oh|Ho-Oh, L50|62/100\n|move|p2a: Ditto|Throat Chop|p1a: Calyrex\n|-supereffective|p1a: Calyrex\n|-damage|p1a: Calyrex|54/100\n|-start|p1a: Calyrex|Throat Chop|[silent]\n|move|p2b: Terapagos|Tera Starstorm|p1a: Calyrex|[spread] p1a,p1b\n|-damage|p1a: Calyrex|18/100\n|-damage|p1b: Ho-Oh|29/100\n|move|p1a: Calyrex|Glacial Lance|p2b: Terapagos|[spread] p2a,p2b\n|-damage|p2a: Ditto|63/100\n|-damage|p2b: Terapagos|13/100 psn\n|\n|-heal|p1a: Calyrex|24/100|[from] item: Leftovers\n|-damage|p2b: Terapagos|0 fnt|[from] Leech Seed|[of] p1a: Calyrex\n|-heal|p1a: Calyrex|38/100|[silent]\n|faint|p2b: Terapagos\n|detailschange|p2: Terapagos|Terapagos, L50, M|[silent]\n|upkeep\n|\n|t:|1771950009\n|switch|p2b: Incineroar|Incineroar, L50, F|100/100\n|-status|p2b: Incineroar|psn\n|-ability|p2b: Incineroar|Intimidate|boost\n|-unboost|p1a: Calyrex|atk|1\n|-unboost|p1b: Ho-Oh|atk|1\n|turn|8\n|\n|t:|1771950020\n|switch|p1a: Overqwil|Overqwil, L50, M|14/100\n|-ability|p1a: Overqwil|Intimidate|boost\n|-unboost|p2a: Ditto|atk|1\n|-unboost|p2b: Incineroar|atk|1\n|move|p1b: Ho-Oh|Protect|p1b: Ho-Oh\n|-singleturn|p1b: Ho-Oh|Protect\n|move|p2b: Incineroar|Fake Out|p1b: Ho-Oh\n|-activate|p1b: Ho-Oh|move: Protect\n|move|p2a: Ditto|Throat Chop|p1a: Overqwil\n|-resisted|p1a: Overqwil\n|-damage|p1a: Overqwil|7/100\n|-start|p1a: Overqwil|Throat Chop|[silent]\n|\n|-heal|p1a: Overqwil|13/100|[from] item: Black Sludge\n|-damage|p2b: Incineroar|88/100 psn|[from] psn\n|upkeep\n|turn|9\n|-message|Kaboll forfeited.\n|\n|win|drive stone\n|raw|drive stone's rating: 1075 &rarr; <strong>1103</strong><br />(+28 for winning)\n|raw|Kaboll's rating: 1070 &rarr; <strong>1050</strong><br />(-20 for losing)\n|l|\u2606Kaboll\n|player|p2|\n|l|\u2606drive stone\n|player|p1|\n","uploadtime":1771950214,"views":13,"formatid":"gen9vgc2026regi","rating":1050,"private":0,"password":null}