{"id":"gen9vgc2026regi-2578940846","format":"[Gen 9] VGC 2026 Reg I","players":["inferno_on_top","TheNamesBetty"],"log":"|j|\u2606inferno_on_top\n|j|\u2606TheNamesBetty\n|t:|1775738736\n|gametype|doubles\n|player|p1|inferno_on_top|gentleman-gen4|1304\n|player|p2|TheNamesBetty|koga|1395\n|gen|9\n|tier|[Gen 9] VGC 2026 Reg I\n|rated|\n|rule|Species Clause: Limit one of each Pok\u00e9mon\n|rule|Item Clause: Limit 1 of each item\n|clearpoke\n|poke|p1|Pachirisu, L50, F|\n|poke|p1|Incineroar, L50, M|\n|poke|p1|Calyrex-Ice, L50|\n|poke|p1|Phantump, L50, M|\n|poke|p1|Miraidon, L50|\n|poke|p1|Dragonite, L50, M|\n|poke|p2|Koraidon, L50|\n|poke|p2|Calyrex-Shadow, L50|\n|poke|p2|Tornadus, L50, M|\n|poke|p2|Urshifu-*, L50, F|\n|poke|p2|Dewgong, L50, M|\n|poke|p2|Electabuzz, L50, M|\n|teampreview|4\n|inactive|Battle timer is ON: inactive players will automatically lose when time's up. (requested by inferno_on_top)\n|c|\u2606TheNamesBetty|I'm scared\nTheNamesBetty has agreed to open team sheets.\n|inactive|TheNamesBetty has 60 seconds left.\n|\n|t:|1775738775\n|teamsize|p1|4\n|teamsize|p2|4\n|start\n|switch|p1a: Chipa|Pachirisu, L50, F|100/100\n|switch|p1b: Miraidon|Miraidon, L50|100/100\n|switch|p2a: Kedluben|Calyrex-Shadow, L50|100/100\n|switch|p2b: Bleblebl\u00e1k|Electabuzz, L50, M|100/100\n|-ability|p2a: Kedluben|As One\n|-ability|p2a: Kedluben|Unnerve\n|-fieldstart|move: Electric Terrain|[from] ability: Hadron Engine|[of] p1b: Miraidon\n|turn|1\n|c|\u2606TheNamesBetty|Hi Chipa\n|\n|t:|1775738792\n|move|p1a: Chipa|Helping Hand|p1b: Miraidon\n|-singleturn|p1b: Miraidon|Helping Hand|[of] p1a: Chipa\n|move|p2b: Bleblebl\u00e1k|Follow Me|p2b: Bleblebl\u00e1k\n|-singleturn|p2b: Bleblebl\u00e1k|move: Follow Me\n|move|p2a: Kedluben|Astral Barrage|p1a: Chipa|[spread] p1a,p1b\n|-damage|p1a: Chipa|30/100\n|-damage|p1b: Miraidon|31/100\n|-damage|p2a: Kedluben|91/100|[from] item: Life Orb\n|move|p1b: Miraidon|Discharge|p2a: Kedluben|[spread] p2a,p2b\n|-heal|p1a: Chipa|55/100|[from] ability: Volt Absorb|[of] p1b: Miraidon\n|-resisted|p2b: Bleblebl\u00e1k\n|-damage|p2a: Kedluben|0 fnt\n|-damage|p2b: Bleblebl\u00e1k|64/100\n|faint|p2a: Kedluben\n|\n|upkeep\n|\n|t:|1775738811\n|switch|p2a: Jan\u017di\u017ekaZTrocnova|Koraidon, L50|100/100\n|-weather|SunnyDay|[from] ability: Orichalcum Pulse|[of] p2a: Jan\u017di\u017ekaZTrocnova\n|-activate|p2a: Jan\u017di\u017ekaZTrocnova|Orichalcum Pulse|[source]\n|turn|2\n|\n|t:|1775738832\n|move|p1a: Chipa|Follow Me|p1a: Chipa\n|-singleturn|p1a: Chipa|move: Follow Me\n|move|p2b: Bleblebl\u00e1k|Follow Me|p2b: Bleblebl\u00e1k\n|-singleturn|p2b: Bleblebl\u00e1k|move: Follow Me\n|move|p1b: Miraidon|Discharge|p2b: Bleblebl\u00e1k|[spread] p2a,p2b\n|-heal|p1a: Chipa|80/100|[from] ability: Volt Absorb|[of] p1b: Miraidon\n|-resisted|p2a: Jan\u017di\u017ekaZTrocnova\n|-resisted|p2b: Bleblebl\u00e1k\n|-damage|p2a: Jan\u017di\u017ekaZTrocnova|63/100\n|-damage|p2b: Bleblebl\u00e1k|39/100\n|move|p2a: Jan\u017di\u017ekaZTrocnova|Flame Charge|p1a: Chipa\n|-damage|p1a: Chipa|37/100\n|-boost|p2a: Jan\u017di\u017ekaZTrocnova|spe|1\n|\n|-weather|SunnyDay|[upkeep]\n|upkeep\n|turn|3\n|inactive|TheNamesBetty has 30 seconds left.\n|\n|t:|1775738862\n|move|p1a: Chipa|Follow Me|p1a: Chipa\n|-singleturn|p1a: Chipa|move: Follow Me\n|move|p2a: Jan\u017di\u017ekaZTrocnova|Collision Course|p1a: Chipa\n|-damage|p1a: Chipa|0 fnt\n|faint|p1a: Chipa\n|move|p1b: Miraidon|Discharge|p2a: Jan\u017di\u017ekaZTrocnova|[spread] p2a,p2b\n|-resisted|p2a: Jan\u017di\u017ekaZTrocnova\n|-resisted|p2b: Bleblebl\u00e1k\n|-damage|p2a: Jan\u017di\u017ekaZTrocnova|29/100\n|-damage|p2b: Bleblebl\u00e1k|18/100\n|move|p2b: Bleblebl\u00e1k|Electroweb|p1b: Miraidon\n|-resisted|p1b: Miraidon\n|-damage|p1b: Miraidon|26/100\n|-unboost|p1b: Miraidon|spe|1\n|\n|-weather|SunnyDay|[upkeep]\n|upkeep\n|\n|t:|1775738878\n|switch|p1a: Caly|Calyrex-Ice, L50|100/100\n|-ability|p1a: Caly|As One\n|-ability|p1a: Caly|Unnerve\n|turn|4\n|inactive|TheNamesBetty has 30 seconds left.\n|\n|t:|1775738909\n|-terastallize|p2a: Jan\u017di\u017ekaZTrocnova|Fire\n|move|p1a: Caly|Protect|p1a: Caly\n|-singleturn|p1a: Caly|Protect\n|move|p2b: Bleblebl\u00e1k|Follow Me|p2b: Bleblebl\u00e1k\n|-singleturn|p2b: Bleblebl\u00e1k|move: Follow Me\n|move|p2a: Jan\u017di\u017ekaZTrocnova|Collision Course|p1b: Miraidon\n|-damage|p1b: Miraidon|0 fnt\n|faint|p1b: Miraidon\n|\n|-weather|SunnyDay|[upkeep]\n|upkeep\n|\n|t:|1775738917\n|switch|p1b: Dragonite|Dragonite, L50, M|100/100\n|turn|5\n|inactive|inferno_on_top has 30 seconds left.\n|inactive|TheNamesBetty has 30 seconds left.\n|inactive|TheNamesBetty has 20 seconds left.\n|inactive|inferno_on_top has 20 seconds left.\n|\n|t:|1775738960\n|switch|p2a: DDDMaxVerstappen|Dewgong, L50, M|100/100\n|move|p1b: Dragonite|Extreme Speed|p2a: DDDMaxVerstappen\n|-damage|p2a: DDDMaxVerstappen|53/100\n|move|p2b: Bleblebl\u00e1k|Taunt|p1a: Caly\n|-start|p1a: Caly|move: Taunt\n|move|p1a: Caly|Glacial Lance|p2b: Bleblebl\u00e1k|[spread] p2a,p2b\n|-resisted|p2a: DDDMaxVerstappen\n|-damage|p2a: DDDMaxVerstappen|44/100\n|-damage|p2b: Bleblebl\u00e1k|0 fnt\n|faint|p2b: Bleblebl\u00e1k\n|-ability|p1a: Caly|Chilling Neigh|boost\n|-boost|p1a: Caly|atk|1\n|\n|-weather|SunnyDay|[upkeep]\n|-fieldend|move: Electric Terrain\n|upkeep\n|\n|t:|1775738971\n|switch|p2b: Jan\u017di\u017ekaZTrocnova|Koraidon, L50, tera:Fire|29/100\n|-activate|p2b: Jan\u017di\u017ekaZTrocnova|ability: Orichalcum Pulse\n|turn|6\n|\n|t:|1775738979\n|move|p2b: Jan\u017di\u017ekaZTrocnova|Protect|p2b: Jan\u017di\u017ekaZTrocnova\n|-singleturn|p2b: Jan\u017di\u017ekaZTrocnova|Protect\n|move|p1b: Dragonite|Extreme Speed|p2b: Jan\u017di\u017ekaZTrocnova\n|-activate|p2b: Jan\u017di\u017ekaZTrocnova|move: Protect\n|move|p2a: DDDMaxVerstappen|Perish Song|p2a: DDDMaxVerstappen\n|-start|p1a: Caly|perish3|[silent]\n|-start|p1b: Dragonite|perish3|[silent]\n|-start|p2a: DDDMaxVerstappen|perish3|[silent]\n|-start|p2b: Jan\u017di\u017ekaZTrocnova|perish3|[silent]\n|-fieldactivate|move: Perish Song\n|move|p1a: Caly|Close Combat|p2a: DDDMaxVerstappen\n|-supereffective|p2a: DDDMaxVerstappen\n|-damage|p2a: DDDMaxVerstappen|0 fnt\n|-unboost|p1a: Caly|def|1\n|-unboost|p1a: Caly|spd|1\n|faint|p2a: DDDMaxVerstappen\n|-ability|p1a: Caly|Chilling Neigh|boost\n|-boost|p1a: Caly|atk|1\n|\n|-weather|none\n|-start|p2b: Jan\u017di\u017ekaZTrocnova|perish3\n|-start|p1b: Dragonite|perish3\n|-start|p1a: Caly|perish3\n|upkeep\n|turn|7\n|\n|t:|1775738990\n|move|p1b: Dragonite|Extreme Speed|p2b: Jan\u017di\u017ekaZTrocnova\n|-damage|p2b: Jan\u017di\u017ekaZTrocnova|0 fnt\n|faint|p2b: Jan\u017di\u017ekaZTrocnova\n|\n|win|inferno_on_top\n|raw|inferno_on_top's rating: 1304 &rarr; <strong>1329</strong><br />(+25 for winning)\n|raw|TheNamesBetty's rating: 1395 &rarr; <strong>1370</strong><br />(-25 for losing)\n|c|\u2606inferno_on_top|Gg\n","uploadtime":1775739134,"views":12,"formatid":"gen9vgc2026regi","rating":1329,"private":0,"password":null}