{"id":"gen9vgc2026regi-2541179651","format":"[Gen 9] VGC 2026 Reg I","players":["klanes1209","EllenJoe2026"],"log":"|j|\u2606klanes1209\n|j|\u2606EllenJoe2026\n|t:|1771295025\n|gametype|doubles\n|player|p1|klanes1209|102|1420\n|player|p2|EllenJoe2026|iono|1530\n|gen|9\n|tier|[Gen 9] VGC 2026 Reg I\n|rated|\n|rule|Species Clause: Limit one of each Pok\u00e9mon\n|rule|Item Clause: Limit 1 of each item\n|clearpoke\n|poke|p1|Koraidon, L50|\n|poke|p1|Lunala, L50|\n|poke|p1|Chi-Yu, L50|\n|poke|p1|Jumpluff, L50, F|\n|poke|p1|Indeedee-F, L50, F|\n|poke|p1|Flutter Mane, L50|\n|poke|p2|Calyrex-Ice, L50|\n|poke|p2|Miraidon, L50|\n|poke|p2|Tornadus, L50, M|\n|poke|p2|Urshifu-*, L50, F|\n|poke|p2|Incineroar, L50, M|\n|poke|p2|Iron Hands, L50|\n|teampreview|4\n|inactive|Battle timer is ON: inactive players will automatically lose when time's up. (requested by EllenJoe2026)\n|inactive|EllenJoe2026 has 60 seconds left.\n|\n|t:|1771295072\n|teamsize|p1|4\n|teamsize|p2|4\n|start\n|switch|p1a: Koraidon|Koraidon, L50|100/100\n|switch|p1b: Flutter Mane|Flutter Mane, L50|100/100\n|switch|p2a: Calyrex|Calyrex-Ice, L50|100/100\n|switch|p2b: Tornadus|Tornadus, L50, M, shiny|100/100\n|-ability|p2a: Calyrex|As One\n|-ability|p2a: Calyrex|Unnerve\n|-weather|SunnyDay|[from] ability: Orichalcum Pulse|[of] p1a: Koraidon\n|-activate|p1b: Flutter Mane|ability: Protosynthesis\n|-start|p1b: Flutter Mane|protosynthesisspa\n|-activate|p1a: Koraidon|Orichalcum Pulse|[source]\n|turn|1\n|inactive|klanes1209 has 30 seconds left.\n|\n|t:|1771295099\n|-terastallize|p1a: Koraidon|Fire\n|-terastallize|p2a: Calyrex|Grass\n|move|p2b: Tornadus|Rain Dance|p2b: Tornadus\n|-weather|RainDance\n|-end|p1b: Flutter Mane|Protosynthesis\n|move|p1b: Flutter Mane|Dazzling Gleam|p2b: Tornadus|[spread] p2a,p2b\n|-damage|p2a: Calyrex|71/100\n|-damage|p2b: Tornadus|57/100\n|move|p1a: Koraidon|Flare Blitz|p2a: Calyrex\n|-supereffective|p2a: Calyrex\n|-damage|p2a: Calyrex|33/100\n|-damage|p1a: Koraidon|88/100|[from] Recoil\n|move|p2a: Calyrex|Glacial Lance|p1a: Koraidon|[spread] p1a,p1b\n|-resisted|p1a: Koraidon\n|-damage|p1a: Koraidon|66/100\n|-damage|p1b: Flutter Mane|0 fnt\n|faint|p1b: Flutter Mane\n|-end|p1b: Flutter Mane|Protosynthesis|[silent]\n|-ability|p2a: Calyrex|Chilling Neigh|boost\n|-boost|p2a: Calyrex|atk|1\n|\n|-weather|RainDance|[upkeep]\n|upkeep\n|\n|t:|1771295116\n|switch|p1b: Lunala|Lunala, L50|100/100\n|turn|2\n|\n|t:|1771295133\n|switch|p1a: Indeedee|Indeedee-F, L50, F|100/100\n|-fieldstart|move: Psychic Terrain|[from] ability: Psychic Surge|[of] p1a: Indeedee\n|move|p2b: Tornadus|Tailwind|p2b: Tornadus\n|-sidestart|p2: EllenJoe2026|move: Tailwind\n|move|p2a: Calyrex|Seed Bomb|p1b: Lunala\n|-damage|p1b: Lunala|73/100\n|move|p1b: Lunala|Expanding Force|p2a: Calyrex|[spread] p2a,p2b\n|-damage|p2a: Calyrex|0 fnt\n|-damage|p2b: Tornadus|0 fnt\n|faint|p2a: Calyrex\n|faint|p2b: Tornadus\n|\n|-weather|RainDance|[upkeep]\n|upkeep\n|\n|t:|1771295143\n|switch|p2b: Miraidon|Miraidon, L50, shiny|100/100\n|switch|p2a: Urshifu|Urshifu-Rapid-Strike, L50, F|100/100\n|-fieldstart|move: Electric Terrain|[from] ability: Hadron Engine|[of] p2b: Miraidon\n|turn|3\n|inactive|klanes1209 has 30 seconds left.\n|inactive|klanes1209 has 20 seconds left.\n|inactive|klanes1209 has 15 seconds left.\n|\n|t:|1771295190\n|switch|p1a: Koraidon|Koraidon, L50, tera:Fire|66/100\n|-weather|SunnyDay|[from] ability: Orichalcum Pulse|[of] p1a: Koraidon\n|-activate|p1a: Koraidon|Orichalcum Pulse|[source]\n|move|p2b: Miraidon|Electro Drift|p1a: Koraidon\n|-damage|p1a: Koraidon|0 fnt\n|faint|p1a: Koraidon\n|move|p2a: Urshifu|Surging Strikes|p1b: Lunala\n|-crit|p1b: Lunala\n|-damage|p1b: Lunala|62/100\n|-crit|p1b: Lunala\n|-damage|p1b: Lunala|51/100\n|-crit|p1b: Lunala\n|-damage|p1b: Lunala|40/100\n|-hitcount|p1b: Lunala|3\n|move|p1b: Lunala|Trick Room|p1b: Lunala\n|-fieldstart|move: Trick Room|[of] p1b: Lunala\n|\n|-weather|SunnyDay|[upkeep]\n|upkeep\n|\n|t:|1771295199\n|switch|p1a: Indeedee|Indeedee-F, L50, F|100/100\n|-fieldstart|move: Psychic Terrain|[from] ability: Psychic Surge|[of] p1a: Indeedee\n|turn|4\n|\n|t:|1771295209\n|move|p1a: Indeedee|Follow Me|p1a: Indeedee\n|-singleturn|p1a: Indeedee|move: Follow Me\n|move|p1b: Lunala|Expanding Force|p2b: Miraidon|[spread] p2a,p2b\n|-supereffective|p2a: Urshifu\n|-damage|p2a: Urshifu|0 fnt\n|-damage|p2b: Miraidon|47/100\n|faint|p2a: Urshifu\n|move|p2b: Miraidon|Electro Drift|p1a: Indeedee\n|-damage|p1a: Indeedee|23/100\n|\n|-weather|SunnyDay|[upkeep]\n|upkeep\n|turn|5\n|-message|EllenJoe2026 forfeited.\n|\n|win|klanes1209\n|raw|klanes1209's rating: 1420 &rarr; <strong>1446</strong><br />(+26 for winning)\n|raw|EllenJoe2026's rating: 1530 &rarr; <strong>1504</strong><br />(-26 for losing)\n|l|\u2606EllenJoe2026\n|player|p2|\n|l|\u2606klanes1209\n|player|p1|\n|j| jiuhaili\n","uploadtime":1771295428,"views":32,"formatid":"gen9vgc2026regi","rating":1446,"private":0,"password":null}