{"id":"gen9vgc2026regi-2555738706","format":"[Gen 9] VGC 2026 Reg I","players":["n dfdcn","wasaad5"],"log":"|j|\u2606n dfdcn\n|j|\u2606wasaad5\n|t:|1773128281\n|gametype|doubles\n|player|p1|n dfdcn|hilbert|1243\n|player|p2|wasaad5|blue|1231\n|gen|9\n|tier|[Gen 9] VGC 2026 Reg I\n|rated|\n|rule|Species Clause: Limit one of each Pok\u00e9mon\n|rule|Item Clause: Limit 1 of each item\n|clearpoke\n|poke|p1|Brute Bonnet, L50|\n|poke|p1|Lunala, L50|\n|poke|p1|Ursaluna, L50, M|\n|poke|p1|Chi-Yu, L50|\n|poke|p1|Koraidon, L50|\n|poke|p1|Flutter Mane, L50|\n|poke|p2|Kyurem-White, L50|\n|poke|p2|Zacian-*, L50|\n|poke|p2|Sableye, L50, F|\n|poke|p2|Urshifu-*, L50, M|\n|poke|p2|Amoonguss, L50, M|\n|poke|p2|Incineroar, L50, M|\n|teampreview|4\n|\n|t:|1773128317\n|teamsize|p1|4\n|teamsize|p2|4\n|start\n|switch|p1a: NIMURA FURUTA|Chi-Yu, L50|100/100\n|switch|p1b: SHU TSUKIYAMA|Koraidon, L50|100/100\n|switch|p2a: Sableye|Sableye, L50, F|100/100\n|switch|p2b: Urshifu|Urshifu-Rapid-Strike, L50, M|100/100\n|-ability|p1a: NIMURA FURUTA|Beads of Ruin\n|-weather|SunnyDay|[from] ability: Orichalcum Pulse|[of] p1b: SHU TSUKIYAMA\n|-activate|p1b: SHU TSUKIYAMA|Orichalcum Pulse|[source]\n|turn|1\n|\n|t:|1773128333\n|switch|p1a: KANAE VON ROSWALD|Flutter Mane, L50|100/100\n|-activate|p1a: KANAE VON ROSWALD|ability: Protosynthesis\n|-start|p1a: KANAE VON ROSWALD|protosynthesisspe\n|move|p1b: SHU TSUKIYAMA|Protect|p1b: SHU TSUKIYAMA\n|-singleturn|p1b: SHU TSUKIYAMA|Protect\n|move|p2a: Sableye|Rain Dance|p2a: Sableye\n|-weather|RainDance\n|-end|p1a: KANAE VON ROSWALD|Protosynthesis\n|move|p2b: Urshifu|Surging Strikes|p1a: KANAE VON ROSWALD\n|-crit|p1a: KANAE VON ROSWALD\n|-damage|p1a: KANAE VON ROSWALD|33/100\n|-crit|p1a: KANAE VON ROSWALD\n|-damage|p1a: KANAE VON ROSWALD|0 fnt\n|faint|p1a: KANAE VON ROSWALD\n|-end|p1a: KANAE VON ROSWALD|Protosynthesis|[silent]\n|-hitcount|p1: KANAE VON ROSWALD|2\n|\n|-weather|RainDance|[upkeep]\n|upkeep\n|\n|t:|1773128343\n|switch|p1a: Edgy boi|Brute Bonnet, L50|100/100\n|turn|2\n|\n|t:|1773128371\n|switch|p2b: Zacian|Zacian-Crowned, L50|100/100\n|-ability|p2b: Zacian|Intrepid Sword|boost\n|-boost|p2b: Zacian|atk|1\n|-terastallize|p1a: Edgy boi|Water\n|move|p2a: Sableye|Disable||[still]\n|-fail|p2a: Sableye\n|move|p1b: SHU TSUKIYAMA|Close Combat|p2b: Zacian\n|-damage|p2b: Zacian|21/100\n|-unboost|p1b: SHU TSUKIYAMA|def|1\n|-unboost|p1b: SHU TSUKIYAMA|spd|1\n|-damage|p1b: SHU TSUKIYAMA|91/100|[from] item: Life Orb\n|move|p1a: Edgy boi|Seed Bomb|p2b: Zacian\n|-resisted|p2b: Zacian\n|-damage|p2b: Zacian|3/100\n|\n|-weather|RainDance|[upkeep]\n|upkeep\n|turn|3\n|\n|t:|1773128391\n|switch|p1b: NIMURA FURUTA|Chi-Yu, L50|100/100\n|-ability|p1b: NIMURA FURUTA|Beads of Ruin\n|move|p2b: Zacian|Protect|p2b: Zacian\n|-singleturn|p2b: Zacian|Protect\n|move|p1a: Edgy boi|Sucker Punch||[still]\n|-fail|p1a: Edgy boi\n|move|p2a: Sableye|Disable|p1a: Edgy boi\n|-start|p1a: Edgy boi|Disable|Sucker Punch\n|\n|-weather|RainDance|[upkeep]\n|upkeep\n|turn|4\n|\n|t:|1773128420\n|switch|p2b: Kyurem|Kyurem-White, L50, shiny|100/100\n|-ability|p2b: Kyurem|Turboblaze\n|move|p2a: Sableye|Rain Dance||[still]\n|-fail|p2a: Sableye\n|move|p1b: NIMURA FURUTA|Heat Wave|p2b: Kyurem|[spread] p2a,p2b\n|-damage|p2a: Sableye|54/100\n|-damage|p2b: Kyurem|86/100\n|move|p1a: Edgy boi|Spore|p2a: Sableye\n|-status|p2a: Sableye|slp|[from] move: Spore\n|\n|-weather|RainDance|[upkeep]\n|upkeep\n|turn|5\n|\n|t:|1773128433\n|-end|p1a: Edgy boi|Protosynthesis|[silent]\n|switch|p1a: SHU TSUKIYAMA|Koraidon, L50|91/100\n|-weather|SunnyDay|[from] ability: Orichalcum Pulse|[of] p1a: SHU TSUKIYAMA\n|-activate|p1a: SHU TSUKIYAMA|Orichalcum Pulse|[source]\n|cant|p2a: Sableye|slp\n|move|p1b: NIMURA FURUTA|Heat Wave|p2a: Sableye|[spread] p2a,p2b\n|-damage|p2a: Sableye|0 fnt\n|-damage|p2b: Kyurem|44/100\n|faint|p2a: Sableye\n|move|p2b: Kyurem|Freeze-Dry|p1a: SHU TSUKIYAMA\n|-supereffective|p1a: SHU TSUKIYAMA\n|-damage|p1a: SHU TSUKIYAMA|0 fnt\n|faint|p1a: SHU TSUKIYAMA\n|\n|-weather|SunnyDay|[upkeep]\n|upkeep\n|\n|t:|1773128447\n|switch|p1a: Edgy boi|Brute Bonnet, L50, tera:Water|100/100\n|switch|p2a: Urshifu|Urshifu-Rapid-Strike, L50, M|100/100\n|-activate|p1a: Edgy boi|ability: Protosynthesis\n|-start|p1a: Edgy boi|protosynthesisdef\n|turn|6\n|\n|t:|1773128463\n|-terastallize|p2a: Urshifu|Water\n|move|p1a: Edgy boi|Rage Powder|p1a: Edgy boi\n|-singleturn|p1a: Edgy boi|move: Rage Powder\n|move|p1b: NIMURA FURUTA|Heat Wave|p2b: Kyurem|[spread] p2b\n|-miss|p1b: NIMURA FURUTA|p2a: Urshifu\n|-damage|p2b: Kyurem|3/100\n|-status|p2b: Kyurem|brn\n|move|p2a: Urshifu|Surging Strikes|p1a: Edgy boi\n|-resisted|p1a: Edgy boi\n|-crit|p1a: Edgy boi\n|-damage|p1a: Edgy boi|97/100\n|-resisted|p1a: Edgy boi\n|-crit|p1a: Edgy boi\n|-damage|p1a: Edgy boi|93/100\n|-resisted|p1a: Edgy boi\n|-crit|p1a: Edgy boi\n|-damage|p1a: Edgy boi|89/100\n|-hitcount|p1a: Edgy boi|3\n|move|p2b: Kyurem|Freeze-Dry|p1a: Edgy boi\n|-supereffective|p1a: Edgy boi\n|-damage|p1a: Edgy boi|6/100\n|-enditem|p1a: Edgy boi|Sitrus Berry|[eat]\n|-heal|p1a: Edgy boi|31/100|[from] item: Sitrus Berry\n|\n|-weather|SunnyDay|[upkeep]\n|-damage|p2b: Kyurem|0 fnt|[from] brn\n|faint|p2b: Kyurem\n|upkeep\n|\n|t:|1773128472\n|switch|p2b: Zacian|Zacian-Crowned, L50|3/100\n|turn|7\n|\n|t:|1773128495\n|move|p2b: Zacian|Protect|p2b: Zacian\n|-singleturn|p2b: Zacian|Protect\n|move|p1b: NIMURA FURUTA|Heat Wave|p2b: Zacian|[spread] p2a\n|-activate|p2b: Zacian|move: Protect\n|-resisted|p2a: Urshifu\n|-damage|p2a: Urshifu|35/100\n|move|p2a: Urshifu|Surging Strikes|p1b: NIMURA FURUTA\n|-supereffective|p1b: NIMURA FURUTA\n|-crit|p1b: NIMURA FURUTA\n|-damage|p1b: NIMURA FURUTA|55/100\n|-supereffective|p1b: NIMURA FURUTA\n|-crit|p1b: NIMURA FURUTA\n|-damage|p1b: NIMURA FURUTA|13/100\n|-supereffective|p1b: NIMURA FURUTA\n|-crit|p1b: NIMURA FURUTA\n|-damage|p1b: NIMURA FURUTA|0 fnt\n|faint|p1b: NIMURA FURUTA\n|-hitcount|p1: NIMURA FURUTA|3\n|move|p1a: Edgy boi|Seed Bomb|p2a: Urshifu\n|-supereffective|p2a: Urshifu\n|-damage|p2a: Urshifu|0 fnt\n|faint|p2a: Urshifu\n|\n|-weather|SunnyDay|[upkeep]\n|upkeep\n|turn|8\n|\n|t:|1773128507\n|move|p2b: Zacian|Protect||[still]\n|-fail|p2b: Zacian\n|move|p1a: Edgy boi|Sucker Punch||[still]\n|-fail|p1a: Edgy boi\n|\n|-weather|SunnyDay|[upkeep]\n|upkeep\n|turn|9\n|\n|t:|1773128510\n|move|p2b: Zacian|Protect|p2b: Zacian\n|-singleturn|p2b: Zacian|Protect\n|move|p1a: Edgy boi|Sucker Punch||[still]\n|-fail|p1a: Edgy boi\n|\n|-weather|none\n|-end|p1a: Edgy boi|Protosynthesis\n|upkeep\n|turn|10\n|\n|t:|1773128515\n|move|p1a: Edgy boi|Sucker Punch|p2b: Zacian\n|-resisted|p2b: Zacian\n|-damage|p2b: Zacian|0 fnt\n|faint|p2b: Zacian\n|\n|win|n dfdcn\n|raw|n dfdcn's rating: 1243 &rarr; <strong>1267</strong><br />(+24 for winning)\n|raw|wasaad5's rating: 1231 &rarr; <strong>1207</strong><br />(-24 for losing)\n|l|\u2606wasaad5\n|player|p2|\n","uploadtime":1773128522,"views":16,"formatid":"gen9vgc2026regi","rating":1207,"private":0,"password":null}