{"id":"gen9vgc2026regi-2545439960","format":"[Gen 9] VGC 2026 Reg I","players":["kojimuranishi","snorlaxpikachu1"],"log":"|j|\u2606kojimuranishi\n|j|\u2606snorlaxpikachu1\n|t:|1771849648\n|gametype|doubles\n|player|p1|kojimuranishi|170|1486\n|player|p2|snorlaxpikachu1|palmer|1484\n|gen|9\n|tier|[Gen 9] VGC 2026 Reg I\n|rated|\n|rule|Species Clause: Limit one of each Pok\u00e9mon\n|rule|Item Clause: Limit 1 of each item\n|clearpoke\n|poke|p1|Whimsicott, L50, M|\n|poke|p1|Calyrex-Ice, L50|\n|poke|p1|Miraidon, L50|\n|poke|p1|Chi-Yu, L50|\n|poke|p1|Landorus, L50, M|\n|poke|p1|Farigiraf, L50, F|\n|poke|p2|Lunala, L50|\n|poke|p2|Zamazenta-*, L50|\n|poke|p2|Rillaboom, L50, M|\n|poke|p2|Incineroar, L50, M|\n|poke|p2|Ogerpon-Hearthflame, L50, F|\n|poke|p2|Chien-Pao, L50|\n|teampreview|4\n|inactive|Battle timer is ON: inactive players will automatically lose when time's up. (requested by kojimuranishi)\n|\n|t:|1771849676\n|teamsize|p1|4\n|teamsize|p2|4\n|start\n|switch|p1a: Whimsicott|Whimsicott, L50, M|100/100\n|switch|p1b: Chi-Yu|Chi-Yu, L50|100/100\n|switch|p2a: Chien-Pao|Chien-Pao, L50|100/100\n|switch|p2b: Zamazenta|Zamazenta-Crowned, L50|100/100\n|-ability|p2a: Chien-Pao|Sword of Ruin\n|-ability|p2b: Zamazenta|Dauntless Shield|boost\n|-boost|p2b: Zamazenta|def|1\n|-ability|p1b: Chi-Yu|Beads of Ruin\n|turn|1\n|inactive|kojimuranishi has 30 seconds left.\n|\n|t:|1771849707\n|-terastallize|p2b: Zamazenta|Dark\n|move|p1a: Whimsicott|Tailwind|p1a: Whimsicott\n|-sidestart|p1: kojimuranishi|move: Tailwind\n|move|p1b: Chi-Yu|Heat Wave|p2b: Zamazenta|[spread] p2a,p2b\n|-supereffective|p2a: Chien-Pao\n|-enditem|p2a: Chien-Pao|Focus Sash\n|-damage|p2a: Chien-Pao|1/100\n|-damage|p2b: Zamazenta|36/100\n|move|p2a: Chien-Pao|Icicle Crash|p1a: Whimsicott|[miss]\n|-miss|p2a: Chien-Pao|p1a: Whimsicott\n|move|p2b: Zamazenta|Body Press|p1b: Chi-Yu\n|-supereffective|p1b: Chi-Yu\n|-crit|p1b: Chi-Yu\n|-damage|p1b: Chi-Yu|0 fnt\n|faint|p1b: Chi-Yu\n|\n|upkeep\n|\n|t:|1771849726\n|switch|p1b: Landorus|Landorus, L50, M|100/100\n|turn|2\n|\n|t:|1771849740\n|move|p2a: Chien-Pao|Protect|p2a: Chien-Pao\n|-singleturn|p2a: Chien-Pao|Protect\n|move|p1a: Whimsicott|Moonblast|p2a: Chien-Pao\n|-activate|p2a: Chien-Pao|move: Protect\n|move|p1b: Landorus|Earth Power|p2b: Zamazenta\n|-damage|p2b: Zamazenta|0 fnt\n|faint|p2b: Zamazenta\n|\n|upkeep\n|\n|t:|1771849752\n|switch|p2b: Lunala|Lunala, L50|100/100\n|turn|3\n|inactive|kojimuranishi has 30 seconds left.\n|\n|t:|1771849778\n|move|p2a: Chien-Pao|Sucker Punch|p1b: Landorus\n|-damage|p1b: Landorus|42/100\n|move|p1a: Whimsicott|Moonblast|p2b: Lunala\n|-damage|p2b: Lunala|87/100\n|move|p1b: Landorus|Earth Power|p2a: Chien-Pao\n|-damage|p2a: Chien-Pao|0 fnt\n|faint|p2a: Chien-Pao\n|move|p2b: Lunala|Moongeist Beam|p1b: Landorus\n|-damage|p1b: Landorus|0 fnt\n|faint|p1b: Landorus\n|\n|-heal|p2b: Lunala|93/100|[from] item: Leftovers\n|upkeep\n|\n|t:|1771849794\n|switch|p2a: Rillaboom|Rillaboom, L50, M|100/100\n|switch|p1b: Miraidon|Miraidon, L50|100/100\n|-fieldstart|move: Electric Terrain|[from] ability: Hadron Engine|[of] p1b: Miraidon\n|-fieldstart|move: Grassy Terrain|[from] ability: Grassy Surge|[of] p2a: Rillaboom\n|turn|4\n|\n|t:|1771849811\n|move|p2a: Rillaboom|Fake Out|p1b: Miraidon\n|-damage|p1b: Miraidon|88/100\n|cant|p1b: Miraidon|flinch\n|move|p1a: Whimsicott|Moonblast|p2b: Lunala\n|-damage|p2b: Lunala|68/100\n|move|p2b: Lunala|Moongeist Beam|p1a: Whimsicott\n|-damage|p1a: Whimsicott|12/100\n|\n|-heal|p1b: Miraidon|94/100|[from] Grassy Terrain\n|-heal|p1a: Whimsicott|18/100|[from] Grassy Terrain\n|-heal|p2b: Lunala|74/100|[from] Grassy Terrain\n|-heal|p2b: Lunala|80/100|[from] item: Leftovers\n|-sideend|p1: kojimuranishi|move: Tailwind\n|upkeep\n|turn|5\n|\n|t:|1771849836\n|-terastallize|p1b: Miraidon|Electric\n|move|p1a: Whimsicott|Encore|p2a: Rillaboom\n|-start|p2a: Rillaboom|Encore\n|move|p2a: Rillaboom|Fake Out||[still]\n|-hint|Fake Out only works on your first turn out.\n|-fail|p2a: Rillaboom\n|move|p1b: Miraidon|Electro Drift|p2b: Lunala\n|-damage|p2b: Lunala|26/100\n|move|p2b: Lunala|Moongeist Beam|p1a: Whimsicott\n|-damage|p1a: Whimsicott|0 fnt\n|faint|p1a: Whimsicott\n|\n|-heal|p1b: Miraidon|100/100|[from] Grassy Terrain\n|-heal|p2b: Lunala|33/100|[from] Grassy Terrain\n|-heal|p2b: Lunala|39/100|[from] item: Leftovers\n|upkeep\n|turn|6\n|\n|t:|1771849856\n|move|p2b: Lunala|Protect|p2b: Lunala\n|-singleturn|p2b: Lunala|Protect\n|move|p2a: Rillaboom|Fake Out||[still]\n|-hint|Fake Out only works on your first turn out.\n|-fail|p2a: Rillaboom\n|move|p1b: Miraidon|Electro Drift|p2b: Lunala\n|-activate|p2b: Lunala|move: Protect\n|\n|-heal|p2b: Lunala|45/100|[from] Grassy Terrain\n|-heal|p2b: Lunala|51/100|[from] item: Leftovers\n|upkeep\n|turn|7\n|\n|t:|1771849870\n|move|p2b: Lunala|Protect||[still]\n|-fail|p2b: Lunala\n|move|p2a: Rillaboom|Fake Out||[still]\n|-hint|Fake Out only works on your first turn out.\n|-fail|p2a: Rillaboom\n|move|p1b: Miraidon|Electro Drift|p2b: Lunala\n|-damage|p2b: Lunala|1/100\n|\n|-heal|p2b: Lunala|8/100|[from] Grassy Terrain\n|-heal|p2b: Lunala|14/100|[from] item: Leftovers\n|-end|p2a: Rillaboom|Encore\n|upkeep\n|turn|8\n|\n|t:|1771849883\n|move|p2b: Lunala|Protect|p2b: Lunala\n|-singleturn|p2b: Lunala|Protect\n|move|p1b: Miraidon|Electro Drift|p2a: Rillaboom\n|-resisted|p2a: Rillaboom\n|-damage|p2a: Rillaboom|80/100\n|move|p2a: Rillaboom|Wood Hammer|p1b: Miraidon\n|-damage|p1b: Miraidon|30/100\n|-damage|p2a: Rillaboom|60/100|[from] Recoil\n|\n|-heal|p1b: Miraidon|36/100|[from] Grassy Terrain\n|-heal|p2b: Lunala|20/100|[from] Grassy Terrain\n|-heal|p2b: Lunala|26/100|[from] item: Leftovers\n|-heal|p2a: Rillaboom|66/100|[from] Grassy Terrain\n|-fieldend|move: Grassy Terrain\n|upkeep\n|turn|9\n|\n|t:|1771849900\n|move|p1b: Miraidon|Electro Drift|p2b: Lunala\n|-damage|p2b: Lunala|0 fnt\n|faint|p2b: Lunala\n|move|p2a: Rillaboom|Wood Hammer|p1b: Miraidon\n|-damage|p1b: Miraidon|0 fnt\n|faint|p1b: Miraidon\n|-damage|p2a: Rillaboom|55/100|[from] Recoil\n|\n|win|snorlaxpikachu1\n|raw|kojimuranishi's rating: 1486 &rarr; <strong>1466</strong><br />(-20 for losing)\n|raw|snorlaxpikachu1's rating: 1484 &rarr; <strong>1504</strong><br />(+20 for winning)\n|l|\u2606kojimuranishi\n|player|p1|\n|l|\u2606snorlaxpikachu1\n|player|p2|\n","uploadtime":1771850090,"views":23,"formatid":"gen9vgc2026regi","rating":1466,"private":0,"password":null}