{"id":"gen9vgc2026regi-2577718652","format":"[Gen 9] VGC 2026 Reg I","players":["FRESHmustard","ThirstinHowlThe3rd"],"log":"|j|\u2606FRESHmustard\n|j|\u2606ThirstinHowlThe3rd\n|t:|1775599105\n|gametype|doubles\n|player|p1|FRESHmustard|clair|1199\n|player|p2|ThirstinHowlThe3rd|rood|1258\n|gen|9\n|tier|[Gen 9] VGC 2026 Reg I\n|rated|\n|rule|Species Clause: Limit one of each Pok\u00e9mon\n|rule|Item Clause: Limit 1 of each item\n|clearpoke\n|poke|p1|Lunala, L50|\n|poke|p1|Ursaluna, L50, M|\n|poke|p1|Urshifu-*, L50, F|\n|poke|p1|Miraidon, L50|\n|poke|p1|Grimmsnarl, L50, M|\n|poke|p1|Incineroar, L50, F|\n|poke|p2|Ditto, L50|\n|poke|p2|Miraidon, L50|\n|poke|p2|Kyurem-Black, L50|\n|poke|p2|Whimsicott, L50, M|\n|poke|p2|Gothitelle, L50, M|\n|poke|p2|Volcarona, L50, M|\n|teampreview|4\n|\n|t:|1775599113\n|teamsize|p1|4\n|teamsize|p2|4\n|start\n|switch|p1a: Lunala|Lunala, L50|100/100\n|switch|p1b: Miraidon|Miraidon, L50|100/100\n|switch|p2a: Gothitelle|Gothitelle, L50, M|100/100\n|switch|p2b: Kyurem|Kyurem-Black, L50|100/100\n|-fieldstart|move: Electric Terrain|[from] ability: Hadron Engine|[of] p1b: Miraidon\n|-enditem|p1a: Lunala|Electric Seed\n|-boost|p1a: Lunala|def|1|[from] item: Electric Seed\n|-ability|p2b: Kyurem|Teravolt\n|turn|1\n|inactive|Battle timer is ON: inactive players will automatically lose when time's up. (requested by ThirstinHowlThe3rd)\n|\n|t:|1775599140\n|move|p2a: Gothitelle|Fake Out|p1b: Miraidon\n|-damage|p1b: Miraidon|95/100\n|cant|p1b: Miraidon|flinch\n|move|p2b: Kyurem|Icicle Spear|p1b: Miraidon\n|-supereffective|p1b: Miraidon\n|-damage|p1b: Miraidon|66/100\n|-supereffective|p1b: Miraidon\n|-crit|p1b: Miraidon\n|-damage|p1b: Miraidon|19/100\n|-supereffective|p1b: Miraidon\n|-damage|p1b: Miraidon|0 fnt\n|faint|p1b: Miraidon\n|-hitcount|p1: Miraidon|3\n|move|p1a: Lunala|Trick Room|p1a: Lunala\n|-fieldstart|move: Trick Room|[of] p1a: Lunala\n|\n|upkeep\n|\n|t:|1775599147\n|switch|p1b: Ursaluna|Ursaluna, L50, M|100/100\n|turn|2\n|\n|t:|1775599161\n|-terastallize|p1a: Lunala|Fairy\n|move|p1b: Ursaluna|Protect|p1b: Ursaluna\n|-singleturn|p1b: Ursaluna|Protect\n|move|p2a: Gothitelle|Foul Play|p1a: Lunala\n|-resisted|p1a: Lunala\n|-damage|p1a: Lunala|98/100\n|move|p1a: Lunala|Moonblast|p2b: Kyurem\n|-supereffective|p2b: Kyurem\n|-damage|p2b: Kyurem|0 fnt\n|faint|p2b: Kyurem\n|\n|-status|p1b: Ursaluna|brn|[from] item: Flame Orb\n|upkeep\n|\n|t:|1775599174\n|switch|p2b: Ditto|Ditto, L50|100/100\n|-transform|p2b: Ditto|p1a: Lunala|[from] ability: Imposter\n|-start|p2b: Ditto|typechange|Psychic/Ghost|[silent]\n|turn|3\n|inactive|ThirstinHowlThe3rd has 30 seconds left.\n|inactive|ThirstinHowlThe3rd has 20 seconds left.\n|inactive|ThirstinHowlThe3rd has 15 seconds left.\n|inactive|ThirstinHowlThe3rd has 10 seconds left.\n|inactive|ThirstinHowlThe3rd has 5 seconds left.\n|\n|t:|1775599229\n|move|p1b: Ursaluna|Earthquake|p2a: Gothitelle|[spread] p1a,p2a,p2b\n|-damage|p1a: Lunala|66/100\n|-damage|p2a: Gothitelle|41/100\n|-damage|p2b: Ditto|77/100\n|move|p2a: Gothitelle|Taunt|p1b: Ursaluna\n|-start|p1b: Ursaluna|move: Taunt\n|move|p2b: Ditto|Moongeist Beam|p1a: Lunala\n|-damage|p1a: Lunala|26/100\n|move|p1a: Lunala|Moongeist Beam|p2b: Ditto\n|-supereffective|p2b: Ditto\n|-damage|p2b: Ditto|0 fnt\n|faint|p2b: Ditto\n|\n|-damage|p1b: Ursaluna|95/100 brn|[from] brn\n|upkeep\n|\n|t:|1775599234\n|switch|p2b: Miraidon|Miraidon, L50|100/100\n|-activate|p2b: Miraidon|ability: Hadron Engine\n|turn|4\n|c|\u2606FRESHmustard|gg cuh\n|inactive|ThirstinHowlThe3rd has 30 seconds left.\n|\n|t:|1775599260\n|-terastallize|p2b: Miraidon|Fairy\n|move|p2a: Gothitelle|Helping Hand|p2b: Miraidon\n|-singleturn|p2b: Miraidon|Helping Hand|[of] p2a: Gothitelle\n|move|p1b: Ursaluna|Facade|p2a: Gothitelle\n|-damage|p2a: Gothitelle|0 fnt\n|faint|p2a: Gothitelle\n|move|p1a: Lunala|Moonblast|p2b: Miraidon\n|-damage|p2b: Miraidon|52/100\n|-unboost|p2b: Miraidon|spa|1\n|move|p2b: Miraidon|Dazzling Gleam|p1b: Ursaluna|[spread] p1a,p1b\n|-damage|p1a: Lunala|0 fnt\n|-damage|p1b: Ursaluna|29/100 brn\n|faint|p1a: Lunala\n|\n|-damage|p1b: Ursaluna|23/100 brn|[from] brn\n|upkeep\n|\n|t:|1775599272\n|switch|p1a: Urshifu|Urshifu-Rapid-Strike, L50, F|100/100\n|turn|5\n|\n|t:|1775599280\n|move|p1b: Ursaluna|Facade|p2b: Miraidon\n|-crit|p2b: Miraidon\n|-damage|p2b: Miraidon|0 fnt\n|faint|p2b: Miraidon\n|\n|win|FRESHmustard\n|raw|FRESHmustard's rating: 1199 &rarr; <strong>1228</strong><br />(+29 for winning)\n|raw|ThirstinHowlThe3rd's rating: 1258 &rarr; <strong>1229</strong><br />(-29 for losing)\n|l|\u2606ThirstinHowlThe3rd\n|player|p2|\n|l|\u2606FRESHmustard\n|player|p1|\n","uploadtime":1775599458,"views":7,"formatid":"gen9vgc2026regi","rating":1228,"private":0,"password":null}