{"id":"gen9vgc2026regi-2569141310","format":"[Gen 9] VGC 2026 Reg I","players":["regiregirockrock","Shagrathisbeast"],"log":"|j|\u2606regiregirockrock\n|j|\u2606Shagrathisbeast\n|t:|1774652881\n|gametype|doubles\n|player|p1|regiregirockrock|1|1389\n|player|p2|Shagrathisbeast|102|1441\n|gen|9\n|tier|[Gen 9] VGC 2026 Reg I\n|rated|\n|rule|Species Clause: Limit one of each Pok\u00e9mon\n|rule|Item Clause: Limit 1 of each item\n|clearpoke\n|poke|p1|Miraidon, L50|\n|poke|p1|Amoonguss, L50, F|\n|poke|p1|Zamazenta-*, L50|\n|poke|p1|Volcarona, L50, F|\n|poke|p1|Incineroar, L50, M|\n|poke|p1|Chien-Pao, L50|\n|poke|p2|Kyogre, L50|\n|poke|p2|Iron Hands, L50|\n|poke|p2|Ogerpon-Cornerstone, L50, F|\n|poke|p2|Volcarona, L50, F|\n|poke|p2|Calyrex-Ice, L50|\n|poke|p2|Landorus, L50, M|\n|teampreview|4\nShagrathisbeast has agreed to open team sheets.\nregiregirockrock has agreed to open team sheets.\n|showteam|p1|Miraidon||ChoiceScarf|HadronEngine|ElectroDrift,DracoMeteor,VoltSwitch,Snarl||||||50|,,,,,Electric]Amoonguss||RockyHelmet|Regenerator|Spore,RagePowder,PollenPuff,Protect|||F|||50|,,,,,Fairy]Zamazenta-Crowned||RustedShield|DauntlessShield|BodyPress,HeavySlam,WideGuard,Protect||||||50|,,,,,Dragon]Volcarona||ElectricSeed|FlameBody|Flamethrower,StruggleBug,QuiverDance,Protect|||F|||50|,,,,,Fire]Incineroar||AssaultVest|Intimidate|FlareBlitz,KnockOff,Uturn,FakeOut|||M|||50|,,,,,Bug]Chien-Pao||FocusSash|SwordofRuin|IceSpinner,SuckerPunch,Ruination,Protect||||||50|,,,,,Ghost\n|showteam|p2|Kyogre||MysticWater|Drizzle|Protect,WaterSpout,OriginPulse,IceBeam||||||50|,,,,,Grass]Iron Hands||AssaultVest|QuarkDrive|FakeOut,LowKick,DrainPunch,WildCharge||||||50|,,,,,Grass]Ogerpon-Cornerstone||CornerstoneMask|Sturdy|SpikyShield,IvyCudgel,HornLeech,FollowMe|||F|||50|,,,,,Rock]Volcarona||RockyHelmet|FlameBody|FieryDance,WillOWisp,RagePowder,Tailwind|||F|||50|,,,,,Dragon]Calyrex-Ice||ClearAmulet|AsOneGlastrier|Protect,GlacialLance,HighHorsepower,TrickRoom||||||50|,,,,,Fairy]Landorus||LifeOrb|SheerForce|Protect,EarthPower,SludgeBomb,Substitute|||M|||50|,,,,,Poison\n|\n|t:|1774653017\n|teamsize|p1|4\n|teamsize|p2|4\n|start\n|switch|p1a: Miraidon|Miraidon, L50|100/100\n|switch|p1b: Zamazenta|Zamazenta-Crowned, L50|100/100\n|switch|p2a: Ogerpon|Ogerpon-Cornerstone, L50, F|100/100\n|switch|p2b: Calyrex|Calyrex-Ice, L50|100/100\n|-ability|p2b: Calyrex|As One\n|-ability|p2b: Calyrex|Unnerve\n|-fieldstart|move: Electric Terrain|[from] ability: Hadron Engine|[of] p1a: Miraidon\n|-ability|p1b: Zamazenta|Dauntless Shield|boost\n|-boost|p1b: Zamazenta|def|1\n|turn|1\n|\n|t:|1774653038\n|move|p2a: Ogerpon|Spiky Shield|p2a: Ogerpon\n|-singleturn|p2a: Ogerpon|move: Protect\n|move|p2b: Calyrex|Protect|p2b: Calyrex\n|-singleturn|p2b: Calyrex|Protect\n|move|p1a: Miraidon|Volt Switch|p2b: Calyrex\n|-activate|p2b: Calyrex|move: Protect\n|move|p1b: Zamazenta|Body Press|p2a: Ogerpon\n|-activate|p2a: Ogerpon|move: Protect\n|-damage|p1b: Zamazenta|88/100|[from] Spiky Shield|[of] p2a: Ogerpon\n|\n|upkeep\n|turn|2\n|\n|t:|1774653060\n|move|p2a: Ogerpon|Follow Me|p2a: Ogerpon\n|-singleturn|p2a: Ogerpon|move: Follow Me\n|move|p1a: Miraidon|Volt Switch|p2a: Ogerpon\n|-resisted|p2a: Ogerpon\n|-damage|p2a: Ogerpon|62/100\n|\n|t:|1774653067\n|switch|p1a: Volcarona|Volcarona, L50, F|100/100|[from] Volt Switch\n|-enditem|p1a: Volcarona|Electric Seed\n|-boost|p1a: Volcarona|def|1|[from] item: Electric Seed\n|move|p1b: Zamazenta|Body Press|p2a: Ogerpon\n|-supereffective|p2a: Ogerpon\n|-damage|p2a: Ogerpon|0 fnt\n|faint|p2a: Ogerpon\n|move|p2b: Calyrex|Glacial Lance|p1a: Volcarona|[spread] p1a,p1b\n|-resisted|p1a: Volcarona\n|-resisted|p1b: Zamazenta\n|-damage|p1a: Volcarona|77/100\n|-damage|p1b: Zamazenta|78/100\n|\n|upkeep\n|\n|t:|1774653077\n|switch|p2a: Kyogre|Kyogre, L50, shiny|100/100\n|-weather|RainDance|[from] ability: Drizzle|[of] p2a: Kyogre\n|turn|3\n|\n|t:|1774653126\n|switch|p2a: Iron Hands|Iron Hands, L50, shiny|100/100\n|-activate|p2a: Iron Hands|ability: Quark Drive\n|-start|p2a: Iron Hands|quarkdriveatk\n|-terastallize|p2b: Calyrex|Fairy\n|move|p1b: Zamazenta|Wide Guard|p1b: Zamazenta\n|-singleturn|p1b: Zamazenta|Wide Guard\n|move|p1a: Volcarona|Quiver Dance|p1a: Volcarona\n|-boost|p1a: Volcarona|spa|1\n|-boost|p1a: Volcarona|spd|1\n|-boost|p1a: Volcarona|spe|1\n|move|p2b: Calyrex|Trick Room|p2b: Calyrex\n|-fieldstart|move: Trick Room|[of] p2b: Calyrex\n|\n|-weather|RainDance|[upkeep]\n|upkeep\n|turn|4\n|\n|t:|1774653162\n|move|p2a: Iron Hands|Low Kick|p1b: Zamazenta\n|-supereffective|p1b: Zamazenta\n|-damage|p1b: Zamazenta|15/100\n|move|p2b: Calyrex|High Horsepower|p1b: Zamazenta\n|-supereffective|p1b: Zamazenta\n|-damage|p1b: Zamazenta|0 fnt\n|faint|p1b: Zamazenta\n|-ability|p2b: Calyrex|Chilling Neigh|boost\n|-boost|p2b: Calyrex|atk|1\n|move|p1a: Volcarona|Flamethrower|p2a: Iron Hands\n|-damage|p2a: Iron Hands|85/100\n|\n|-weather|RainDance|[upkeep]\n|upkeep\n|\n|t:|1774653178\n|switch|p1b: Amoonguss|Amoonguss, L50, F|100/100\n|turn|5\n|\n|t:|1774653204\n|move|p1b: Amoonguss|Pollen Puff|p1a: Volcarona\n|-heal|p1a: Volcarona|100/100\n|move|p2a: Iron Hands|Wild Charge|p1a: Volcarona\n|-damage|p1a: Volcarona|33/100\n|-damage|p2a: Iron Hands|72/100|[from] Recoil\n|move|p1a: Volcarona|Quiver Dance|p1a: Volcarona\n|-boost|p1a: Volcarona|spa|1\n|-boost|p1a: Volcarona|spd|1\n|-boost|p1a: Volcarona|spe|1\n|move|p2b: Calyrex|Trick Room|p2b: Calyrex\n|-fieldend|move: Trick Room\n|\n|-weather|RainDance|[upkeep]\n|-fieldend|move: Electric Terrain\n|-end|p2a: Iron Hands|Quark Drive\n|upkeep\n|turn|6\n|\n|t:|1774653256\n|-end|p2a: Iron Hands|Quark Drive|[silent]\n|switch|p2a: Kyogre|Kyogre, L50, shiny|100/100\n|-terastallize|p1b: Amoonguss|Fairy\n|move|p1a: Volcarona|Flamethrower|p2b: Calyrex\n|-damage|p2b: Calyrex|75/100\n|move|p2b: Calyrex|Glacial Lance|p1a: Volcarona|[spread] p1a,p1b\n|-resisted|p1a: Volcarona\n|-damage|p1a: Volcarona|0 fnt\n|-damage|p1b: Amoonguss|26/100\n|faint|p1a: Volcarona\n|-ability|p2b: Calyrex|Chilling Neigh|boost\n|-boost|p2b: Calyrex|atk|1\n|move|p1b: Amoonguss|Spore|p2b: Calyrex\n|-status|p2b: Calyrex|slp|[from] move: Spore\n|\n|-weather|RainDance|[upkeep]\n|upkeep\n|\n|t:|1774653267\n|switch|p1a: Miraidon|Miraidon, L50|100/100\n|-fieldstart|move: Electric Terrain|[from] ability: Hadron Engine|[of] p1a: Miraidon\n|turn|7\n|\n|t:|1774653314\n|move|p1b: Amoonguss|Rage Powder|p1b: Amoonguss\n|-singleturn|p1b: Amoonguss|move: Rage Powder\n|move|p1a: Miraidon|Electro Drift|p2a: Kyogre\n|-supereffective|p2a: Kyogre\n|-damage|p2a: Kyogre|0 fnt\n|faint|p2a: Kyogre\n|cant|p2b: Calyrex|slp\n|\n|-weather|none\n|upkeep\n|\n|t:|1774653321\n|switch|p2a: Iron Hands|Iron Hands, L50, shiny|72/100\n|-activate|p2a: Iron Hands|ability: Quark Drive\n|-start|p2a: Iron Hands|quarkdriveatk\n|turn|8\n|\n|t:|1774653329\n|move|p2a: Iron Hands|Fake Out|p1a: Miraidon\n|-damage|p1a: Miraidon|83/100\n|cant|p1a: Miraidon|flinch\n|cant|p2b: Calyrex|slp\n|move|p1b: Amoonguss|Pollen Puff|p1a: Miraidon\n|-heal|p1a: Miraidon|100/100\n|\n|upkeep\n|turn|9\n|\n|t:|1774653346\n|cant|p2b: Calyrex|slp\n|move|p1b: Amoonguss|Rage Powder|p1b: Amoonguss\n|-singleturn|p1b: Amoonguss|move: Rage Powder\n|move|p1a: Miraidon|Electro Drift|p2b: Calyrex\n|-damage|p2b: Calyrex|18/100 slp\n|move|p2a: Iron Hands|Low Kick|p1b: Amoonguss\n|-resisted|p1b: Amoonguss\n|-damage|p1b: Amoonguss|12/100\n|-damage|p2a: Iron Hands|56/100|[from] item: Rocky Helmet|[of] p1b: Amoonguss\n|\n|upkeep\n|turn|10\n|\n|t:|1774653365\n|-curestatus|p2b: Calyrex|slp|[msg]\n|move|p2b: Calyrex|Protect|p2b: Calyrex\n|-singleturn|p2b: Calyrex|Protect\n|move|p1b: Amoonguss|Rage Powder|p1b: Amoonguss\n|-singleturn|p1b: Amoonguss|move: Rage Powder\n|move|p1a: Miraidon|Electro Drift|p2a: Iron Hands\n|-resisted|p2a: Iron Hands\n|-damage|p2a: Iron Hands|30/100\n|move|p2a: Iron Hands|Low Kick|p1b: Amoonguss\n|-resisted|p1b: Amoonguss\n|-damage|p1b: Amoonguss|0 fnt\n|-damage|p2a: Iron Hands|14/100|[from] item: Rocky Helmet|[of] p1b: Amoonguss\n|faint|p1b: Amoonguss\n|\n|upkeep\n|turn|11\n|\n|t:|1774653378\n|move|p1a: Miraidon|Electro Drift|p2b: Calyrex\n|-damage|p2b: Calyrex|0 fnt\n|faint|p2b: Calyrex\n|move|p2a: Iron Hands|Drain Punch|p1a: Miraidon\n|-damage|p1a: Miraidon|47/100\n|-heal|p2a: Iron Hands|35/100|[from] drain|[of] p1a: Miraidon\n|\n|-fieldend|move: Electric Terrain\n|-end|p2a: Iron Hands|Quark Drive\n|upkeep\n|turn|12\n|\n|t:|1774653387\n|move|p1a: Miraidon|Electro Drift|p2a: Iron Hands\n|-resisted|p2a: Iron Hands\n|-damage|p2a: Iron Hands|20/100\n|move|p2a: Iron Hands|Drain Punch|p1a: Miraidon\n|-damage|p1a: Miraidon|6/100\n|-heal|p2a: Iron Hands|36/100|[from] drain|[of] p1a: Miraidon\n|\n|upkeep\n|turn|13\n|\n|t:|1774653395\n|move|p1a: Miraidon|Electro Drift|p2a: Iron Hands\n|-resisted|p2a: Iron Hands\n|-damage|p2a: Iron Hands|24/100\n|move|p2a: Iron Hands|Drain Punch|p1a: Miraidon\n|-damage|p1a: Miraidon|0 fnt\n|-heal|p2a: Iron Hands|26/100|[from] drain|[of] p1a: Miraidon\n|faint|p1a: Miraidon\n|\n|win|Shagrathisbeast\n|raw|regiregirockrock's rating: 1389 &rarr; <strong>1372</strong><br />(-17 for losing)\n|raw|Shagrathisbeast's rating: 1441 &rarr; <strong>1458</strong><br />(+17 for winning)\n|c|\u2606Shagrathisbeast|ggwp man\n|c|\u2606Shagrathisbeast|I shouldn't have switched the kyogre in, in case you tera'd\n|l|\u2606regiregirockrock\n|player|p1|\n","uploadtime":1774653444,"views":10,"formatid":"gen9vgc2026regi","rating":1372,"private":0,"password":null}