{"id":"gen9vgc2026regi-2587540550","format":"[Gen 9] VGC 2026 Reg I","players":["Harry Koekenpan","ak90"],"log":"|j|\u2606Harry Koekenpan\n|j|\u2606ak90\n|t:|1776540607\n|gametype|doubles\n|player|p1|Harry Koekenpan|2|1401\n|player|p2|ak90|riley|1286\n|gen|9\n|tier|[Gen 9] VGC 2026 Reg I\n|rated|\n|rule|Species Clause: Limit one of each Pok\u00e9mon\n|rule|Item Clause: Limit 1 of each item\n|clearpoke\n|poke|p1|Weezing-Galar, L50, F|\n|poke|p1|Calyrex-Shadow, L50|\n|poke|p1|Regigigas, L50|\n|poke|p1|Koraidon, L50|\n|poke|p1|Chi-Yu, L50|\n|poke|p1|Brute Bonnet, L50|\n|poke|p2|Charizard, L50, F|\n|poke|p2|Incineroar, L50, F|\n|poke|p2|Tornadus, L50, M|\n|poke|p2|Raging Bolt, L50|\n|poke|p2|Groudon, L50|\n|poke|p2|Zamazenta-*, L50|\n|teampreview|4\n|inactive|Battle timer is ON: inactive players will automatically lose when time's up. (requested by Harry Koekenpan)\n|inactive|Harry Koekenpan has 60 seconds left.\n|inactive|Harry Koekenpan has 30 seconds left.\n|\n|t:|1776540673\n|teamsize|p1|4\n|teamsize|p2|4\n|start\n|switch|p1a: Weezing|Weezing-Galar, L50, F|100/100\n|switch|p1b: Regigigas|Regigigas, L50|100/100\n|switch|p2a: Parede|Zamazenta-Crowned, L50|100/100\n|switch|p2b: Lagartixa|Groudon, L50|100/100\n|-ability|p1a: Weezing|Neutralizing Gas\n|turn|1\n|\n|t:|1776540693\n|move|p1b: Regigigas|Knock Off|p2b: Lagartixa\n|-damage|p2b: Lagartixa|70/100\n|-enditem|p2b: Lagartixa|Leftovers|[from] move: Knock Off|[of] p1b: Regigigas\n|move|p2a: Parede|Iron Defense|p2a: Parede\n|-boost|p2a: Parede|def|2\n|move|p2b: Lagartixa|Heat Crash|p1a: Weezing\n|-damage|p1a: Weezing|60/100\n|move|p1a: Weezing|Toxic Spikes|p2a: Parede\n|-sidestart|p2: ak90|move: Toxic Spikes\n|\n|upkeep\n|turn|2\n|\n|t:|1776540717\n|move|p1b: Regigigas|Knock Off|p2b: Lagartixa\n|-damage|p2b: Lagartixa|49/100\n|move|p2a: Parede|Behemoth Bash|p1a: Weezing\n|-supereffective|p1a: Weezing\n|-damage|p1a: Weezing|0 fnt\n|faint|p1a: Weezing\n|-end|p1a: Weezing|ability: Neutralizing Gas\n|-start|p1b: Regigigas|ability: Slow Start\n|-ability|p2a: Parede|Dauntless Shield|boost\n|-boost|p2a: Parede|def|1\n|-weather|SunnyDay|[from] ability: Drought|[of] p2b: Lagartixa\n|move|p2b: Lagartixa|Stone Edge|p1b: Regigigas|[miss]\n|-miss|p2b: Lagartixa|p1b: Regigigas\n|\n|-weather|SunnyDay|[upkeep]\n|upkeep\n|\n|t:|1776540733\n|switch|p1a: Koraidon|Koraidon, L50|100/100\n|-activate|p1a: Koraidon|ability: Orichalcum Pulse\n|turn|3\n|\n|t:|1776540749\n|-terastallize|p1a: Koraidon|Fire\n|-terastallize|p2a: Parede|Fighting\n|move|p1a: Koraidon|Flare Blitz|p2a: Parede\n|-damage|p2a: Parede|62/100\n|-damage|p1a: Koraidon|86/100|[from] Recoil\n|move|p2a: Parede|Body Press|p1b: Regigigas\n|-supereffective|p1b: Regigigas\n|-damage|p1b: Regigigas|0 fnt\n|faint|p1b: Regigigas\n|-end|p1b: Regigigas|Slow Start|[silent]\n|move|p2b: Lagartixa|Earthquake|p1a: Koraidon|[spread] p2a,p1a\n|-supereffective|p1a: Koraidon\n|-damage|p2a: Parede|52/100\n|-damage|p1a: Koraidon|15/100\n|\n|-weather|SunnyDay|[upkeep]\n|upkeep\n|\n|t:|1776540764\n|switch|p1b: Chi-Yu|Chi-Yu, L50|100/100\n|-ability|p1b: Chi-Yu|Beads of Ruin\n|turn|4\n|\n|t:|1776540772\n|move|p1a: Koraidon|Protect|p1a: Koraidon\n|-singleturn|p1a: Koraidon|Protect\n|move|p1b: Chi-Yu|Heat Wave|p2b: Lagartixa|[spread] p2a,p2b\n|-damage|p2a: Parede|8/100\n|-damage|p2b: Lagartixa|0 fnt\n|faint|p2b: Lagartixa\n|move|p2a: Parede|Body Press|p1b: Chi-Yu\n|-supereffective|p1b: Chi-Yu\n|-enditem|p1b: Chi-Yu|Focus Sash\n|-damage|p1b: Chi-Yu|1/100\n|\n|-weather|SunnyDay|[upkeep]\n|upkeep\n|\n|t:|1776540788\n|switch|p2b: Inci|Incineroar, L50, F, shiny|100/100\n|-status|p2b: Inci|psn\n|-ability|p2b: Inci|Intimidate|boost\n|-unboost|p1a: Koraidon|atk|1\n|-unboost|p1b: Chi-Yu|atk|1\n|turn|5\n|\n|t:|1776540799\n|move|p1b: Chi-Yu|Protect|p1b: Chi-Yu\n|-singleturn|p1b: Chi-Yu|Protect\n|move|p2a: Parede|Wide Guard|p2a: Parede\n|-singleturn|p2a: Parede|Wide Guard\n|move|p2b: Inci|Fake Out|p1a: Koraidon\n|-damage|p1a: Koraidon|3/100\n|cant|p1a: Koraidon|flinch\n|\n|-weather|SunnyDay|[upkeep]\n|-damage|p2b: Inci|88/100 psn|[from] psn\n|upkeep\n|turn|6\n|\n|t:|1776540822\n|move|p2a: Parede|Wide Guard|p2a: Parede\n|-singleturn|p2a: Parede|Wide Guard\n|move|p1a: Koraidon|Collision Course|p2b: Inci\n|-supereffective|p2b: Inci\n|-damage|p2b: Inci|0 fnt\n|faint|p2b: Inci\n|move|p1b: Chi-Yu|Heat Wave|p2a: Parede\n|-activate|p2a: Parede|move: Wide Guard\n|\n|-weather|none\n|upkeep\n|\n|t:|1776540828\n|switch|p2b: Black nova|Charizard, L50, F, shiny|100/100\n|turn|7\n|inactive|Harry Koekenpan has 30 seconds left.\n|\n|t:|1776540856\n|move|p1a: Koraidon|Flare Blitz|p2b: Black nova\n|-resisted|p2b: Black nova\n|-damage|p2b: Black nova|67/100\n|-damage|p1a: Koraidon|0 fnt|[from] Recoil\n|faint|p1a: Koraidon\n|move|p1b: Chi-Yu|Overheat|p2a: Parede\n|-damage|p2a: Parede|0 fnt\n|-unboost|p1b: Chi-Yu|spa|2\n|faint|p2a: Parede\n|move|p2b: Black nova|Heat Wave|p1b: Chi-Yu\n|-resisted|p1b: Chi-Yu\n|-damage|p1b: Chi-Yu|0 fnt\n|faint|p1b: Chi-Yu\n|-damage|p2b: Black nova|57/100|[from] item: Life Orb\n|\n|win|ak90\n|raw|Harry Koekenpan's rating: 1401 &rarr; <strong>1375</strong><br />(-26 for losing)\n|raw|ak90's rating: 1286 &rarr; <strong>1319</strong><br />(+33 for winning)\n|l|\u2606ak90\n|player|p2|\n","uploadtime":1776541083,"views":9,"formatid":"gen9vgc2026regi","rating":1319,"private":0,"password":null}