{"id":"gen9vgc2026regi-2546915173","format":"[Gen 9] VGC 2026 Reg I","players":["JOJOJEJEJA","Zorse Mentality"],"log":"|j|\u2606JOJOJEJEJA\n|j|\u2606Zorse Mentality\n|t:|1772029263\n|gametype|doubles\n|player|p1|JOJOJEJEJA|1|1346\n|player|p2|Zorse Mentality|265|1402\n|gen|9\n|tier|[Gen 9] VGC 2026 Reg I\n|rated|\n|rule|Species Clause: Limit one of each Pok\u00e9mon\n|rule|Item Clause: Limit 1 of each item\n|clearpoke\n|poke|p1|Dondozo, L50, F|\n|poke|p1|Tatsugiri, L50, F|\n|poke|p1|Calyrex-Shadow, L50|\n|poke|p1|Kyogre, L50|\n|poke|p1|Rillaboom, L50, F|\n|poke|p1|Raichu, L50, F|\n|poke|p2|Calyrex-Ice, L50|\n|poke|p2|Kyogre, L50|\n|poke|p2|Tornadus, L50, M|\n|poke|p2|Urshifu-*, L50, F|\n|poke|p2|Indeedee-F, L50, F|\n|poke|p2|Torkoal, L50, F|\n|teampreview|4\n|inactive|Battle timer is ON: inactive players will automatically lose when time's up. (requested by JOJOJEJEJA)\n|\n|t:|1772029293\n|teamsize|p1|4\n|teamsize|p2|4\n|start\n|switch|p1a: Dondozo|Dondozo, L50, F|100/100\n|switch|p1b: Kyogre|Kyogre, L50|100/100\n|switch|p2a: Tornadus|Tornadus, L50, M|100/100\n|switch|p2b: Kyogre|Kyogre, L50|100/100\n|-weather|RainDance|[from] ability: Drizzle|[of] p1b: Kyogre\n|turn|1\n|\n|t:|1772029312\n|move|p2a: Tornadus|Protect|p2a: Tornadus\n|-singleturn|p2a: Tornadus|Protect\n|move|p2b: Kyogre|Protect|p2b: Kyogre\n|-singleturn|p2b: Kyogre|Protect\n|move|p1a: Dondozo|Protect|p1a: Dondozo\n|-singleturn|p1a: Dondozo|Protect\n|move|p1b: Kyogre|Thunder|p2a: Tornadus\n|-activate|p2a: Tornadus|move: Protect\n|\n|-weather|RainDance|[upkeep]\n|upkeep\n|turn|2\n|\n|t:|1772029329\n|switch|p1a: Rillaboom|Rillaboom, L50, F|100/100\n|-fieldstart|move: Grassy Terrain|[from] ability: Grassy Surge|[of] p1a: Rillaboom\n|-terastallize|p2b: Kyogre|Electric\n|move|p2a: Tornadus|Tailwind|p2a: Tornadus\n|-sidestart|p2: Zorse Mentality|move: Tailwind\n|move|p2b: Kyogre|Thunder|p1a: Rillaboom\n|-resisted|p1a: Rillaboom\n|-damage|p1a: Rillaboom|61/100\n|move|p1b: Kyogre|Thunder|p2a: Tornadus\n|-supereffective|p2a: Tornadus\n|-enditem|p2a: Tornadus|Focus Sash\n|-damage|p2a: Tornadus|1/100\n|-status|p2a: Tornadus|par\n|\n|-weather|RainDance|[upkeep]\n|-heal|p1a: Rillaboom|67/100|[from] Grassy Terrain\n|upkeep\n|turn|3\n|inactive|JOJOJEJEJA has 30 seconds left.\n|\n|t:|1772029360\n|-terastallize|p1a: Rillaboom|Grass\n|move|p2b: Kyogre|Thunder|p1b: Kyogre\n|-supereffective|p1b: Kyogre\n|-damage|p1b: Kyogre|0 fnt\n|faint|p1b: Kyogre\n|cant|p2a: Tornadus|par\n|move|p1a: Rillaboom|Wood Hammer|p2b: Kyogre\n|-damage|p2b: Kyogre|0 fnt\n|faint|p2b: Kyogre\n|-damage|p1a: Rillaboom|39/100|[from] Recoil\n|\n|-weather|RainDance|[upkeep]\n|-heal|p1a: Rillaboom|45/100|[from] Grassy Terrain\n|upkeep\n|\n|t:|1772029378\n|switch|p2b: Urshifu|Urshifu, L50, F|100/100\n|switch|p1b: Dondozo|Dondozo, L50, F|100/100\n|turn|4\n|\n|t:|1772029387\n|switch|p1a: Tatsugiri|Tatsugiri, L50, F|100/100\n|-activate|p1a: Tatsugiri|ability: Commander|[of] p1b: Dondozo\n|-boost|p1b: Dondozo|atk|2\n|-boost|p1b: Dondozo|spa|2\n|-boost|p1b: Dondozo|spe|2\n|-boost|p1b: Dondozo|def|2\n|-boost|p1b: Dondozo|spd|2\n|move|p2b: Urshifu|Wicked Blow|p1b: Dondozo\n|-crit|p1b: Dondozo\n|-damage|p1b: Dondozo|38/100\n|move|p2a: Tornadus|Bleakwind Storm|p1b: Dondozo|[spread] p1b\n|-miss|p2a: Tornadus|p1a: Tatsugiri\n|-damage|p1b: Dondozo|20/100\n|-unboost|p1b: Dondozo|spe|1\n|move|p1b: Dondozo|Surf|p2a: Tornadus|[spread] p2a,p2b\n|-miss|p1b: Dondozo|p1a: Tatsugiri\n|-damage|p2a: Tornadus|0 fnt\n|-damage|p2b: Urshifu|21/100\n|faint|p2a: Tornadus\n|\n|-weather|RainDance|[upkeep]\n|-heal|p2b: Urshifu|27/100|[from] Grassy Terrain\n|-heal|p1b: Dondozo|27/100|[from] Grassy Terrain\n|-heal|p1b: Dondozo|33/100|[from] item: Leftovers\n|upkeep\n|\n|t:|1772029411\n|switch|p2a: Calyrex|Calyrex-Ice, L50|100/100\n|-ability|p2a: Calyrex|As One\n|-ability|p2a: Calyrex|Unnerve\n|turn|5\n|\n|t:|1772029423\n|move|p1b: Dondozo|Protect|p1b: Dondozo\n|-singleturn|p1b: Dondozo|Protect\n|move|p2a: Calyrex|Glacial Lance|p1b: Dondozo|[spread] \n|-miss|p2a: Calyrex|p1a: Tatsugiri\n|-activate|p1b: Dondozo|move: Protect\n|move|p2b: Urshifu|Wicked Blow|p1b: Dondozo\n|-crit|p1b: Dondozo\n|-damage|p1b: Dondozo|0 fnt\n|faint|p1b: Dondozo\n|\n|-weather|none\n|-heal|p2b: Urshifu|33/100|[from] Grassy Terrain\n|-sideend|p2: Zorse Mentality|move: Tailwind\n|upkeep\n|\n|t:|1772029434\n|switch|p1b: Rillaboom|Rillaboom, L50, F, tera:Grass|45/100\n|turn|6\n|\n|t:|1772029446\n|move|p1a: Tatsugiri|Dragon Pulse|p2b: Urshifu\n|-damage|p2b: Urshifu|0 fnt\n|faint|p2b: Urshifu\n|move|p2a: Calyrex|Glacial Lance|p1b: Rillaboom|[spread] p1a,p1b\n|-supereffective|p1b: Rillaboom\n|-enditem|p1a: Tatsugiri|Focus Sash\n|-damage|p1a: Tatsugiri|1/100\n|-damage|p1b: Rillaboom|0 fnt\n|faint|p1b: Rillaboom\n|-ability|p2a: Calyrex|Chilling Neigh|boost\n|-boost|p2a: Calyrex|atk|1\n|-damage|p2a: Calyrex|91/100|[from] item: Life Orb\n|\n|-heal|p1a: Tatsugiri|7/100|[from] Grassy Terrain\n|-heal|p2a: Calyrex|97/100|[from] Grassy Terrain\n|-fieldend|move: Grassy Terrain\n|upkeep\n|turn|7\n|\n|t:|1772029461\n|move|p1a: Tatsugiri|Muddy Water|p2a: Calyrex\n|-damage|p2a: Calyrex|61/100\n|move|p2a: Calyrex|Lash Out|p1a: Tatsugiri\n|-damage|p1a: Tatsugiri|0 fnt\n|faint|p1a: Tatsugiri\n|-damage|p2a: Calyrex|51/100|[from] item: Life Orb\n|\n|win|Zorse Mentality\n|raw|JOJOJEJEJA's rating: 1346 &rarr; <strong>1329</strong><br />(-17 for losing)\n|raw|Zorse Mentality's rating: 1402 &rarr; <strong>1419</strong><br />(+17 for winning)\n|l|\u2606JOJOJEJEJA\n|player|p1|\n|l|\u2606Zorse Mentality\n|player|p2|\n","uploadtime":1772029637,"views":12,"formatid":"gen9vgc2026regi","rating":1329,"private":0,"password":null}