{"id":"gen9vgc2026regi-2550480658","format":"[Gen 9] VGC 2026 Reg I","players":["Pokemonst3r","Moncholo55"],"log":"|j|\u2606Pokemonst3r\n|j|\u2606Moncholo55\n|t:|1772491510\n|gametype|doubles\n|player|p1|Pokemonst3r|2|1252\n|player|p2|Moncholo55|mira|1152\n|gen|9\n|tier|[Gen 9] VGC 2026 Reg I\n|rated|\n|rule|Species Clause: Limit one of each Pok\u00e9mon\n|rule|Item Clause: Limit 1 of each item\n|clearpoke\n|poke|p1|Zamazenta-*, L50|\n|poke|p1|Whimsicott, L50, M|\n|poke|p1|Indeedee-F, L50, F|\n|poke|p1|Urshifu-*, L50, M|\n|poke|p1|Calyrex-Shadow, L50|\n|poke|p1|Chi-Yu, L50|\n|poke|p2|Ting-Lu, L50|\n|poke|p2|Gallade, L50, M|\n|poke|p2|Zamazenta-*, L50|\n|poke|p2|Sinistcha, L50|\n|poke|p2|Grimmsnarl, L50, M|\n|poke|p2|Gouging Fire, L50|\n|teampreview|4\n|inactive|Battle timer is ON: inactive players will automatically lose when time's up. (requested by Pokemonst3r)\n|j| amendoleaa\n|inactive|Pokemonst3r has 60 seconds left.\n|\n|t:|1772491568\n|teamsize|p1|4\n|teamsize|p2|4\n|start\n|switch|p1a: Indeedee|Indeedee-F, L50, F|100/100\n|switch|p1b: Urshifu|Urshifu-Rapid-Strike, L50, M|100/100\n|switch|p2a: Grimmsnarl|Grimmsnarl, L50, M, shiny|100/100\n|switch|p2b: Godlade|Gallade, L50, M|100/100\n|-fieldstart|move: Psychic Terrain|[from] ability: Psychic Surge|[of] p1a: Indeedee\n|turn|1\n|inactive|Moncholo55 has 30 seconds left.\n|\n|t:|1772491602\n|-terastallize|p1b: Urshifu|Stellar\n|-terastallize|p2b: Godlade|Grass\n|move|p1a: Indeedee|Helping Hand|p1b: Urshifu\n|-singleturn|p1b: Urshifu|Helping Hand|[of] p1a: Indeedee\n|move|p1b: Urshifu|Surging Strikes|p2b: Godlade\n|-resisted|p2b: Godlade\n|-crit|p2b: Godlade\n|-damage|p2b: Godlade|68/100\n|-resisted|p2b: Godlade\n|-crit|p2b: Godlade\n|-damage|p2b: Godlade|35/100\n|-resisted|p2b: Godlade\n|-crit|p2b: Godlade\n|-damage|p2b: Godlade|0 fnt\n|faint|p2b: Godlade\n|-hitcount|p2: Godlade|3\n|move|p2a: Grimmsnarl|Spirit Break|p1b: Urshifu\n|-supereffective|p1b: Urshifu\n|-damage|p1b: Urshifu|39/100\n|-unboost|p1b: Urshifu|spa|1\n|\n|upkeep\n|\n|t:|1772491622\n|switch|p2b: Gouging Fire|Gouging Fire, L50|100/100\n|-enditem|p2b: Gouging Fire|Booster Energy\n|-activate|p2b: Gouging Fire|ability: Protosynthesis|[fromitem]\n|-start|p2b: Gouging Fire|protosynthesisspe\n|turn|2\n|inactive|Moncholo55 has 30 seconds left.\n|\n|t:|1772491660\n|move|p1a: Indeedee|Follow Me|p1a: Indeedee\n|-singleturn|p1a: Indeedee|move: Follow Me\n|move|p2b: Gouging Fire|Flare Blitz|p1a: Indeedee\n|-damage|p1a: Indeedee|38/100\n|-damage|p2b: Gouging Fire|84/100|[from] item: Rocky Helmet|[of] p1a: Indeedee\n|-damage|p2b: Gouging Fire|64/100|[from] Recoil\n|move|p1b: Urshifu|Surging Strikes|p2a: Grimmsnarl\n|-crit|p2a: Grimmsnarl\n|-damage|p2a: Grimmsnarl|79/100\n|-crit|p2a: Grimmsnarl\n|-damage|p2a: Grimmsnarl|58/100\n|-crit|p2a: Grimmsnarl\n|-damage|p2a: Grimmsnarl|38/100\n|-enditem|p2a: Grimmsnarl|Sitrus Berry|[eat]\n|-heal|p2a: Grimmsnarl|63/100|[from] item: Sitrus Berry\n|-hitcount|p2a: Grimmsnarl|3\n|move|p2a: Grimmsnarl|Spirit Break|p1a: Indeedee\n|-damage|p1a: Indeedee|2/100\n|-unboost|p1a: Indeedee|spa|1\n|-damage|p2a: Grimmsnarl|46/100|[from] item: Rocky Helmet|[of] p1a: Indeedee\n|\n|upkeep\n|turn|3\n|inactive|Pokemonst3r has 30 seconds left.\n|\n|t:|1772491690\n|move|p1a: Indeedee|Follow Me|p1a: Indeedee\n|-singleturn|p1a: Indeedee|move: Follow Me\n|move|p2b: Gouging Fire|Breaking Swipe|p1a: Indeedee|[spread] p1a,p1b\n|-damage|p1a: Indeedee|0 fnt\n|-damage|p1b: Urshifu|21/100\n|-unboost|p1b: Urshifu|atk|1\n|-damage|p2b: Gouging Fire|48/100|[from] item: Rocky Helmet|[of] p1a: Indeedee\n|faint|p1a: Indeedee\n|move|p1b: Urshifu|Close Combat|p2b: Gouging Fire\n|-damage|p2b: Gouging Fire|5/100\n|-unboost|p1b: Urshifu|def|1\n|-unboost|p1b: Urshifu|spd|1\n|move|p2a: Grimmsnarl|Spirit Break|p1b: Urshifu\n|-supereffective|p1b: Urshifu\n|-damage|p1b: Urshifu|0 fnt\n|faint|p1b: Urshifu\n|\n|upkeep\n|\n|t:|1772491706\n|switch|p1b: Zamazenta|Zamazenta-Crowned, L50|100/100\n|switch|p1a: Calyrex|Calyrex-Shadow, L50|100/100\n|-ability|p1a: Calyrex|As One\n|-ability|p1a: Calyrex|Unnerve\n|-ability|p1b: Zamazenta|Dauntless Shield|boost\n|-boost|p1b: Zamazenta|def|1\n|turn|4\n|\n|t:|1772491728\n|move|p2b: Gouging Fire|Flare Blitz|p1a: Calyrex\n|-damage|p1a: Calyrex|40/100\n|-damage|p2b: Gouging Fire|0 fnt|[from] Recoil\n|faint|p2b: Gouging Fire\n|-end|p2b: Gouging Fire|Protosynthesis|[silent]\n|move|p1a: Calyrex|Astral Barrage|p2a: Grimmsnarl\n|-resisted|p2a: Grimmsnarl\n|-damage|p2a: Grimmsnarl|5/100\n|-damage|p1a: Calyrex|30/100|[from] item: Life Orb\n|move|p1b: Zamazenta|Behemoth Bash|p2a: Grimmsnarl\n|-supereffective|p2a: Grimmsnarl\n|-crit|p2a: Grimmsnarl\n|-damage|p2a: Grimmsnarl|0 fnt\n|faint|p2a: Grimmsnarl\n|\n|upkeep\n|\n|t:|1772491743\n|switch|p2a: Ting-Lu|Ting-Lu, L50|100/100\n|-ability|p2a: Ting-Lu|Vessel of Ruin\n|turn|5\n|\n|t:|1772491760\n|move|p1a: Calyrex|Draining Kiss|p2a: Ting-Lu\n|-supereffective|p2a: Ting-Lu\n|-crit|p2a: Ting-Lu\n|-damage|p2a: Ting-Lu|70/100\n|-heal|p1a: Calyrex|60/100|[from] drain|[of] p2a: Ting-Lu\n|-damage|p1a: Calyrex|51/100|[from] item: Life Orb\n|move|p1b: Zamazenta|Body Press|p2a: Ting-Lu\n|-supereffective|p2a: Ting-Lu\n|-damage|p2a: Ting-Lu|0 fnt\n|faint|p2a: Ting-Lu\n|\n|win|Pokemonst3r\n|raw|Pokemonst3r's rating: 1252 &rarr; <strong>1270</strong><br />(+18 for winning)\n|raw|Moncholo55's rating: 1152 &rarr; <strong>1134</strong><br />(-18 for losing)\n|l| amendoleaa\n|l|\u2606Pokemonst3r\n|player|p1|\n|l|\u2606Moncholo55\n|player|p2|\n","uploadtime":1772491956,"views":12,"formatid":"gen9vgc2026regi","rating":1134,"private":0,"password":null}