{"id":"gen9vgc2026regi-2566917572","format":"[Gen 9] VGC 2026 Reg I","players":["inb_178","Zori53"],"log":"|j|\u2606inb_178\n|j|\u2606Zori53\n|t:|1774429471\n|gametype|doubles\n|player|p1|inb_178|2|1554\n|player|p2|Zori53|169|1452\n|gen|9\n|tier|[Gen 9] VGC 2026 Reg I\n|rated|\n|rule|Species Clause: Limit one of each Pok\u00e9mon\n|rule|Item Clause: Limit 1 of each item\n|clearpoke\n|poke|p1|Miraidon, L50|\n|poke|p1|Zamazenta-*, L50|\n|poke|p1|Incineroar, L50, M|\n|poke|p1|Iron Bundle, L50|\n|poke|p1|Urshifu-*, L50, F|\n|poke|p1|Sneasler, L50, F|\n|poke|p2|Calyrex-Shadow, L50|\n|poke|p2|Terapagos, L50, M|\n|poke|p2|Weezing-Galar, L50, M|\n|poke|p2|Tornadus, L50, M|\n|poke|p2|Ditto, L50|\n|poke|p2|Farigiraf, L50, F|\n|teampreview|4\n|inactive|Battle timer is ON: inactive players will automatically lose when time's up. (requested by Zori53)\n|\n|t:|1774429497\n|teamsize|p1|4\n|teamsize|p2|4\n|start\n|switch|p1a: Miraidon|Miraidon, L50|100/100\n|switch|p1b: Urshifu|Urshifu, L50, F|100/100\n|switch|p2a: Calyrex|Calyrex-Shadow, L50|100/100\n|switch|p2b: Weezing|Weezing-Galar, L50, M|100/100\n|-ability|p2b: Weezing|Neutralizing Gas\n|-ability|p2a: Calyrex|As One\n|-ability|p2a: Calyrex|Unnerve\n|turn|1\n|\n|t:|1774429517\n|move|p2a: Calyrex|Protect|p2a: Calyrex\n|-singleturn|p2a: Calyrex|Protect\n|move|p1a: Miraidon|Electro Drift|p2b: Weezing\n|-damage|p2b: Weezing|27/100\n|move|p1b: Urshifu|Wicked Blow|p2a: Calyrex\n|-activate|p2a: Calyrex|move: Protect\n|move|p2b: Weezing|Poison Gas|p1a: Miraidon|[spread] p1a,p1b\n|-status|p1a: Miraidon|psn\n|-status|p1b: Urshifu|psn\n|\n|-damage|p1a: Miraidon|88/100 psn|[from] psn\n|-damage|p1b: Urshifu|88/100 psn|[from] psn\n|upkeep\n|turn|2\n|inactive|Zori53 has 30 seconds left.\n|inactive|Zori53 has 20 seconds left.\n|inactive|Zori53 has 15 seconds left.\n|inactive|Zori53 has 10 seconds left.\n|\n|t:|1774429564\n|move|p2a: Calyrex|Disable|p1a: Miraidon\n|-start|p1a: Miraidon|Disable|Electro Drift\n|move|p1a: Miraidon|Volt Switch|p2b: Weezing\n|-damage|p2b: Weezing|0 fnt\n|faint|p2b: Weezing\n|-end|p2b: Weezing|ability: Neutralizing Gas\n|-fieldstart|move: Electric Terrain|[from] ability: Hadron Engine|[of] p1a: Miraidon\n|\n|t:|1774429573\n|switch|p1a: Zamazenta|Zamazenta-Crowned, L50|100/100|[from] Volt Switch\n|-ability|p1a: Zamazenta|Dauntless Shield|boost\n|-boost|p1a: Zamazenta|def|1\n|move|p1b: Urshifu|Wicked Blow|p2a: Calyrex\n|-supereffective|p2a: Calyrex\n|-crit|p2a: Calyrex\n|-enditem|p2a: Calyrex|Focus Sash\n|-damage|p2a: Calyrex|1/100\n|\n|-damage|p1b: Urshifu|76/100 psn|[from] psn\n|upkeep\n|\n|t:|1774429589\n|switch|p2b: Ditto|Ditto, L50|100/100\n|-transform|p2b: Ditto|p1a: Zamazenta|[from] ability: Imposter\n|-ability|p2b: Ditto|Dauntless Shield|boost\n|-boost|p2b: Ditto|def|1\n|turn|3\n|\n|t:|1774429612\n|switch|p1b: Sneasler|Sneasler, L50, F|100/100\n|-enditem|p1b: Sneasler|Electric Seed\n|-boost|p1b: Sneasler|def|1|[from] item: Electric Seed\n|-terastallize|p1a: Zamazenta|Grass\n|move|p2a: Calyrex|Protect|p2a: Calyrex\n|-singleturn|p2a: Calyrex|Protect\n|move|p2b: Ditto|Body Press|p1b: Sneasler\n|-resisted|p1b: Sneasler\n|-damage|p1b: Sneasler|60/100\n|move|p1a: Zamazenta|Behemoth Bash|p2a: Calyrex\n|-activate|p2a: Calyrex|move: Protect\n|\n|upkeep\n|turn|4\n|\n|t:|1774429633\n|move|p1b: Sneasler|Dire Claw|p2a: Calyrex\n|-resisted|p2a: Calyrex\n|-damage|p2a: Calyrex|0 fnt\n|faint|p2a: Calyrex\n|move|p2b: Ditto|Body Press|p1b: Sneasler\n|-resisted|p1b: Sneasler\n|-damage|p1b: Sneasler|20/100\n|move|p1a: Zamazenta|Body Press|p2b: Ditto\n|-supereffective|p2b: Ditto\n|-damage|p2b: Ditto|49/100\n|\n|upkeep\n|\n|t:|1774429636\n|switch|p2a: Terapagos|Terapagos, L50, M|100/100\n|-activate|p2a: Terapagos|ability: Tera Shift\n|detailschange|p2a: Terapagos|Terapagos-Terastal, L50, M\n|-heal|p2a: Terapagos|100/100|[silent]\n|turn|5\n|\n|t:|1774429652\n|move|p1b: Sneasler|Protect|p1b: Sneasler\n|-singleturn|p1b: Sneasler|Protect\n|move|p2b: Ditto|Body Press|p1b: Sneasler\n|-activate|p1b: Sneasler|move: Protect\n|move|p1a: Zamazenta|Body Press|p2a: Terapagos\n|-activate|p2a: Terapagos|ability: Tera Shell\n|-resisted|p2a: Terapagos\n|-damage|p2a: Terapagos|70/100\n|move|p2a: Terapagos|Rock Polish|p2a: Terapagos\n|-boost|p2a: Terapagos|spe|2\n|\n|upkeep\n|turn|6\n|\n|t:|1774429675\n|-terastallize|p2a: Terapagos|Stellar\n|detailschange|p2a: Terapagos|Terapagos-Stellar, L50, M, tera:Stellar\n|-heal|p2a: Terapagos|78/100|[silent]\n|-ability|p2a: Terapagos|Teraform Zero\n|-fieldend|move: Electric Terrain\n|move|p1b: Sneasler|Low Kick|p2b: Ditto\n|-supereffective|p2b: Ditto\n|-crit|p2b: Ditto\n|-damage|p2b: Ditto|0 fnt\n|faint|p2b: Ditto\n|move|p2a: Terapagos|Tera Starstorm|p1a: Zamazenta|[spread] p1a,p1b\n|-supereffective|p1a: Zamazenta\n|-damage|p1a: Zamazenta|51/100\n|-damage|p1b: Sneasler|0 fnt\n|faint|p1b: Sneasler\n|move|p1a: Zamazenta|Body Press|p2a: Terapagos\n|-supereffective|p2a: Terapagos\n|-damage|p2a: Terapagos|0 fnt\n|faint|p2a: Terapagos\n|detailschange|p2: Terapagos|Terapagos, L50, M|[silent]\n|\n|win|inb_178\n|raw|inb_178's rating: 1554 &rarr; <strong>1568</strong><br />(+14 for winning)\n|raw|Zori53's rating: 1452 &rarr; <strong>1438</strong><br />(-14 for losing)\n|l|\u2606Zori53\n|player|p2|\n|l|\u2606inb_178\n|player|p1|\n","uploadtime":1774429876,"views":12,"formatid":"gen9vgc2026regi","rating":1438,"private":0,"password":null}