{"id":"gen9vgc2026regi-2536527671","format":"[Gen 9] VGC 2026 Reg I","players":["OakmanBro","EllenJoe2026"],"log":"|j|\u2606OakmanBro\n|j|\u2606EllenJoe2026\n|t:|1770699917\n|gametype|doubles\n|player|p1|OakmanBro|2|1192\n|player|p2|EllenJoe2026|iono|1361\n|gen|9\n|tier|[Gen 9] VGC 2026 Reg I\n|rated|\n|rule|Species Clause: Limit one of each Pok\u00e9mon\n|rule|Item Clause: Limit 1 of each item\n|clearpoke\n|poke|p1|Giratina-Origin, L50|\n|poke|p1|Sneasler, L50, F|\n|poke|p1|Indeedee, L50, M|\n|poke|p1|Calyrex-Ice, L50|\n|poke|p1|Tornadus, L50, M|\n|poke|p1|Flutter Mane, L50|\n|poke|p2|Calyrex-Ice, L50|\n|poke|p2|Kyogre, L50|\n|poke|p2|Tornadus, L50, M|\n|poke|p2|Urshifu-*, L50, F|\n|poke|p2|Indeedee-F, L50, F|\n|poke|p2|Smeargle, L50, F|\n|teampreview|4\n|inactive|Battle timer is ON: inactive players will automatically lose when time's up. (requested by EllenJoe2026)\n|inactive|EllenJoe2026 has 60 seconds left.\n|\n|t:|1770699961\n|teamsize|p1|4\n|teamsize|p2|4\n|start\n|switch|p1a: Sneasler|Sneasler, L50, F|100/100\n|switch|p1b: Indeedee|Indeedee, L50, M|100/100\n|switch|p2a: Calyrex|Calyrex-Ice, L50|100/100\n|switch|p2b: Smeargle|Smeargle, L50, F, shiny|100/100\n|-ability|p2a: Calyrex|As One\n|-ability|p2a: Calyrex|Unnerve\n|-fieldstart|move: Psychic Terrain|[from] ability: Psychic Surge|[of] p1b: Indeedee\n|-enditem|p1a: Sneasler|Psychic Seed\n|-boost|p1a: Sneasler|spd|1|[from] item: Psychic Seed\n|turn|1\n|\n|t:|1770699985\n|move|p2b: Smeargle|Follow Me|p2b: Smeargle\n|-singleturn|p2b: Smeargle|move: Follow Me\n|move|p1a: Sneasler|Dire Claw|p2b: Smeargle\n|-enditem|p2b: Smeargle|Focus Sash\n|-damage|p2b: Smeargle|1/100\n|move|p1b: Indeedee|Expanding Force|p2a: Calyrex|[spread] p2a,p2b\n|-resisted|p2a: Calyrex\n|-damage|p2a: Calyrex|82/100\n|-damage|p2b: Smeargle|0 fnt\n|faint|p2b: Smeargle\n|move|p2a: Calyrex|Glacial Lance|p1b: Indeedee|[spread] p1a,p1b\n|-damage|p1a: Sneasler|0 fnt\n|-damage|p1b: Indeedee|0 fnt\n|faint|p1a: Sneasler\n|faint|p1b: Indeedee\n|-ability|p2a: Calyrex|Chilling Neigh|boost\n|-boost|p2a: Calyrex|atk|2\n|\n|upkeep\n|\n|t:|1770700007\n|switch|p1a: Calyrex|Calyrex-Ice, L50|100/100\n|switch|p1b: Giratina|Giratina-Origin, L50|100/100\n|switch|p2b: Indeedee|Indeedee-F, L50, F, shiny|100/100\n|-ability|p1a: Calyrex|As One\n|-ability|p1a: Calyrex|Unnerve\n|turn|2\n|\n|t:|1770700023\n|-terastallize|p2a: Calyrex|Grass\n|move|p1b: Giratina|Will-O-Wisp|p2a: Calyrex\n|-status|p2a: Calyrex|brn\n|move|p2b: Indeedee|Heal Pulse|p2a: Calyrex\n|-heal|p2a: Calyrex|100/100 brn\n|move|p2a: Calyrex|Imprison|p2a: Calyrex\n|-start|p2a: Calyrex|move: Imprison\n|move|p1a: Calyrex|Leech Seed|p2a: Calyrex\n|-immune|p2a: Calyrex\n|\n|-damage|p2a: Calyrex|95/100 brn|[from] brn\n|upkeep\n|turn|3\n|inactive|OakmanBro has 30 seconds left.\n|\n|t:|1770700051\n|move|p1b: Giratina|Thunder Wave|p2b: Indeedee\n|-status|p2b: Indeedee|par\n|move|p2a: Calyrex|Glacial Lance|p1b: Giratina|[spread] p1a,p1b\n|-resisted|p1a: Calyrex\n|-supereffective|p1b: Giratina\n|-damage|p1a: Calyrex|84/100\n|-damage|p1b: Giratina|39/100\n|move|p1a: Calyrex|High Horsepower|p2a: Calyrex|[miss]\n|-miss|p1a: Calyrex|p2a: Calyrex\n|move|p2b: Indeedee|Heal Pulse|p2a: Calyrex\n|-heal|p2a: Calyrex|100/100 brn\n|\n|-damage|p2a: Calyrex|95/100 brn|[from] brn\n|upkeep\n|turn|4\n|\n|t:|1770700070\n|move|p2b: Indeedee|Helping Hand|p2a: Calyrex\n|-singleturn|p2a: Calyrex|Helping Hand|[of] p2b: Indeedee\n|move|p1b: Giratina|Phantom Force||[still]\n|-prepare|p1b: Giratina|Phantom Force\n|move|p2a: Calyrex|Glacial Lance|p1a: Calyrex|[spread] p1a\n|-miss|p2a: Calyrex|p1b: Giratina\n|-resisted|p1a: Calyrex\n|-crit|p1a: Calyrex\n|-damage|p1a: Calyrex|43/100\n|move|p1a: Calyrex|Leech Seed|p2b: Indeedee\n|-start|p2b: Indeedee|move: Leech Seed\n|\n|-damage|p2b: Indeedee|88/100 par|[from] Leech Seed|[of] p1a: Calyrex\n|-heal|p1a: Calyrex|54/100|[silent]\n|-damage|p2a: Calyrex|89/100 brn|[from] brn\n|upkeep\n|turn|5\n|\n|t:|1770700086\n|move|p2b: Indeedee|Follow Me|p2b: Indeedee\n|-singleturn|p2b: Indeedee|move: Follow Me\n|move|p1b: Giratina|Phantom Force|p2b: Indeedee|[from] lockedmove\n|-immune|p2b: Indeedee\n|move|p2a: Calyrex|Glacial Lance|p1a: Calyrex|[spread] p1a,p1b\n|-resisted|p1a: Calyrex\n|-supereffective|p1b: Giratina\n|-damage|p1a: Calyrex|38/100\n|-damage|p1b: Giratina|0 fnt\n|faint|p1b: Giratina\n|-ability|p2a: Calyrex|Chilling Neigh|boost\n|-boost|p2a: Calyrex|atk|1\n|move|p1a: Calyrex|High Horsepower|p2b: Indeedee\n|-damage|p2b: Indeedee|48/100 par\n|-enditem|p2b: Indeedee|Eject Button\n|-message|OakmanBro forfeited.\n|\n|win|EllenJoe2026\n|raw|OakmanBro's rating: 1192 &rarr; <strong>1178</strong><br />(-14 for losing)\n|raw|EllenJoe2026's rating: 1361 &rarr; <strong>1372</strong><br />(+11 for winning)\n|l|\u2606OakmanBro\n|player|p1|\n|l|\u2606EllenJoe2026\n|player|p2|\n","uploadtime":1770700294,"views":11,"formatid":"gen9vgc2026regi","rating":1178,"private":0,"password":null}