{"id":"gen9vgc2026regi-2553823789","format":"[Gen 9] VGC 2026 Reg I","players":["CHR1SPHX","rash 0210"],"log":"|j|\u2606CHR1SPHX\n|j|\u2606rash 0210\n|t:|1772886960\n|gametype|doubles\n|player|p1|CHR1SPHX|hilbert-wonderlauncher|1296\n|player|p2|rash 0210|ninjaboy|1200\n|gen|9\n|tier|[Gen 9] VGC 2026 Reg I\n|rated|\n|rule|Species Clause: Limit one of each Pok\u00e9mon\n|rule|Item Clause: Limit 1 of each item\n|clearpoke\n|poke|p1|Lunala, L50|\n|poke|p1|Amoonguss, L50, M|\n|poke|p1|Ursaluna-Bloodmoon, L50, M|\n|poke|p1|Incineroar, L50, M|\n|poke|p1|Koraidon, L50|\n|poke|p1|Flutter Mane, L50|\n|poke|p2|Miraidon, L50|\n|poke|p2|Zekrom, L50|\n|poke|p2|Charjabug, L50, F|\n|poke|p2|Raging Bolt, L50|\n|poke|p2|Ogerpon-Hearthflame, L50, F|\n|poke|p2|Thundurus, L50, M|\n|teampreview|4\n|inactive|Battle timer is ON: inactive players will automatically lose when time's up. (requested by CHR1SPHX)\n|inactive|rash 0210 has 60 seconds left.\n|\n|t:|1772886994\n|teamsize|p1|4\n|teamsize|p2|4\n|start\n|switch|p1a: Lunala|Lunala, L50, shiny|100/100\n|switch|p1b: Amoonguss|Amoonguss, L50, M, shiny|100/100\n|switch|p2a: Charjabug|Charjabug, L50, F|100/100\n|switch|p2b: Ogerpon|Ogerpon-Hearthflame, L50, F|100/100\n|-ability|p2b: Ogerpon|Mold Breaker\n|turn|1\n|inactive|CHR1SPHX has 30 seconds left.\n|inactive|CHR1SPHX has 20 seconds left.\n|inactive|CHR1SPHX has 15 seconds left.\n|inactive|CHR1SPHX has 10 seconds left.\n|inactive|CHR1SPHX has 5 seconds left.\n|\n|t:|1772887044\n|switch|p1b: Incineroar|Incineroar, L50, M|100/100\n|-ability|p1b: Incineroar|Intimidate|boost\n|-unboost|p2a: Charjabug|atk|1\n|-unboost|p2b: Ogerpon|atk|1\n|-terastallize|p1a: Lunala|Fairy\n|move|p2b: Ogerpon|Spiky Shield|p2b: Ogerpon\n|-singleturn|p2b: Ogerpon|move: Protect\n|move|p2a: Charjabug|Thunder Wave|p1a: Lunala\n|-status|p1a: Lunala|par\n|move|p1a: Lunala|Trick Room|p1a: Lunala\n|-fieldstart|move: Trick Room|[of] p1a: Lunala\n|\n|upkeep\n|turn|2\n|\n|t:|1772887068\n|move|p2a: Charjabug|Protect|p2a: Charjabug\n|-singleturn|p2a: Charjabug|Protect\n|move|p1b: Incineroar|Fake Out|p2b: Ogerpon\n|-crit|p2b: Ogerpon\n|-damage|p2b: Ogerpon|79/100\n|move|p1a: Lunala|Moongeist Beam|p2b: Ogerpon\n|-damage|p2b: Ogerpon|11/100\n|cant|p2b: Ogerpon|flinch\n|\n|upkeep\n|turn|3\n|\n|t:|1772887085\n|move|p2a: Charjabug|Thunder Wave|p1b: Incineroar\n|-status|p1b: Incineroar|par\n|cant|p1b: Incineroar|par\n|move|p1a: Lunala|Moonblast|p2a: Charjabug\n|-damage|p2a: Charjabug|57/100\n|-unboost|p2a: Charjabug|spa|1\n|move|p2b: Ogerpon|Ivy Cudgel|p1a: Lunala|[anim] Ivy Cudgel Fire\n|-damage|p1a: Lunala|84/100 par\n|\n|upkeep\n|turn|4\n|\n|t:|1772887102\n|move|p2b: Ogerpon|Spiky Shield|p2b: Ogerpon\n|-singleturn|p2b: Ogerpon|move: Protect\n|cant|p1b: Incineroar|par\n|move|p2a: Charjabug|Lunge|p1b: Incineroar\n|-damage|p1b: Incineroar|85/100 par\n|-unboost|p1b: Incineroar|atk|1\n|move|p1a: Lunala|Moonblast|p2a: Charjabug\n|-damage|p2a: Charjabug|12/100\n|\n|upkeep\n|turn|5\n|\n|t:|1772887119\n|cant|p1b: Incineroar|par\n|move|p2a: Charjabug|Light Screen|p2a: Charjabug\n|-sidestart|p2: rash 0210|move: Light Screen\n|cant|p1a: Lunala|par\n|move|p2b: Ogerpon|Ivy Cudgel|p1a: Lunala|[anim] Ivy Cudgel Fire\n|-damage|p1a: Lunala|51/100 par\n|\n|-fieldend|move: Trick Room\n|upkeep\n|turn|6\n|\n|t:|1772887140\n|switch|p1a: Ursaluna|Ursaluna-Bloodmoon, L50, M|100/100\n|move|p2a: Charjabug|Protect|p2a: Charjabug\n|-singleturn|p2a: Charjabug|Protect\n|move|p2b: Ogerpon|Ivy Cudgel|p1a: Ursaluna|[anim] Ivy Cudgel Fire\n|-damage|p1a: Ursaluna|70/100\n|move|p1b: Incineroar|Knock Off|p2b: Ogerpon\n|-damage|p2b: Ogerpon|0 fnt\n|faint|p2b: Ogerpon\n|\n|upkeep\n|\n|t:|1772887154\n|switch|p2b: Miraidon|Miraidon, L50|100/100\n|-fieldstart|move: Electric Terrain|[from] ability: Hadron Engine|[of] p2b: Miraidon\n|-enditem|p2b: Miraidon|Electric Seed\n|-boost|p2b: Miraidon|def|1|[from] item: Electric Seed\n|turn|7\n|\n|t:|1772887175\n|-terastallize|p2b: Miraidon|Fairy\n|move|p1a: Ursaluna|Protect|p1a: Ursaluna\n|-singleturn|p1a: Ursaluna|Protect\n|move|p2b: Miraidon|Dazzling Gleam|p1b: Incineroar|[spread] p1b\n|-activate|p1a: Ursaluna|move: Protect\n|-damage|p1b: Incineroar|42/100 par\n|move|p2a: Charjabug|Lunge|p1b: Incineroar\n|-damage|p1b: Incineroar|27/100 par\n|-unboost|p1b: Incineroar|atk|1\n|move|p1b: Incineroar|Parting Shot|p2b: Miraidon\n|-unboost|p2b: Miraidon|atk|1\n|-unboost|p2b: Miraidon|spa|1\n|\n|t:|1772887187\n|switch|p1b: Lunala|Lunala, L50, shiny, tera:Fairy|51/100 par|[from] Parting Shot\n|\n|upkeep\n|turn|8\n|\n|t:|1772887204\n|move|p2b: Miraidon|Protect|p2b: Miraidon\n|-singleturn|p2b: Miraidon|Protect\n|move|p2a: Charjabug|Protect|p2a: Charjabug\n|-singleturn|p2a: Charjabug|Protect\n|cant|p1b: Lunala|par\n|move|p1a: Ursaluna|Hyper Voice|p2b: Miraidon|[spread] \n|-activate|p2a: Charjabug|move: Protect\n|-activate|p2b: Miraidon|move: Protect\n|\n|upkeep\n|turn|9\n|inactive|rash 0210 has 30 seconds left.\n|\n|t:|1772887230\n|switch|p2b: Raging Bolt|Raging Bolt, L50|100/100\n|-enditem|p2b: Raging Bolt|Booster Energy\n|-activate|p2b: Raging Bolt|ability: Protosynthesis|[fromitem]\n|-start|p2b: Raging Bolt|protosynthesisspa\n|move|p1b: Lunala|Wide Guard|p1b: Lunala\n|-singleturn|p1b: Lunala|Wide Guard\n|move|p2a: Charjabug|Lunge|p1b: Lunala\n|-resisted|p1b: Lunala\n|-damage|p1b: Lunala|45/100 par\n|-unboost|p1b: Lunala|atk|1\n|move|p1a: Ursaluna|Hyper Voice|p2b: Raging Bolt|[spread] p2a,p2b\n|-damage|p2a: Charjabug|0 fnt\n|-damage|p2b: Raging Bolt|69/100\n|faint|p2a: Charjabug\n|-damage|p1a: Ursaluna|61/100|[from] item: Life Orb\n|\n|-sideend|p2: rash 0210|move: Light Screen\n|upkeep\n|\n|t:|1772887248\n|switch|p2a: Miraidon|Miraidon, L50, tera:Fairy|100/100\n|-activate|p2a: Miraidon|ability: Hadron Engine\n|turn|10\n|\n|t:|1772887265\n|move|p1a: Ursaluna|Protect|p1a: Ursaluna\n|-singleturn|p1a: Ursaluna|Protect\n|move|p2a: Miraidon|Dazzling Gleam|p1a: Ursaluna|[spread] p1b\n|-activate|p1a: Ursaluna|move: Protect\n|-damage|p1b: Lunala|14/100 par\n|move|p2b: Raging Bolt|Draco Meteor|p1a: Ursaluna\n|-activate|p1a: Ursaluna|move: Protect\n|move|p1b: Lunala|Trick Room|p1b: Lunala\n|-fieldstart|move: Trick Room|[of] p1b: Lunala\n|\n|upkeep\n|turn|11\n|inactive|CHR1SPHX has 30 seconds left.\n|\n|t:|1772887290\n|switch|p1a: Amoonguss|Amoonguss, L50, M, shiny|100/100\n|move|p2a: Miraidon|Protect|p2a: Miraidon\n|-singleturn|p2a: Miraidon|Protect\n|move|p2b: Raging Bolt|Thunderclap|p1b: Lunala\n|-damage|p1b: Lunala|0 fnt\n|faint|p1b: Lunala\n|\n|-fieldend|move: Electric Terrain\n|upkeep\n|\n|t:|1772887300\n|switch|p1b: Ursaluna|Ursaluna-Bloodmoon, L50, M|61/100\n|turn|12\n|\n|t:|1772887312\n|move|p1a: Amoonguss|Spore|p2a: Miraidon\n|-status|p2a: Miraidon|slp|[from] move: Spore\n|move|p1b: Ursaluna|Earth Power|p2b: Raging Bolt\n|-supereffective|p2b: Raging Bolt\n|-damage|p2b: Raging Bolt|0 fnt\n|faint|p2b: Raging Bolt\n|-end|p2b: Raging Bolt|Protosynthesis|[silent]\n|-damage|p1b: Ursaluna|51/100|[from] item: Life Orb\n|cant|p2a: Miraidon|slp\n|\n|upkeep\n|turn|13\n|\n|t:|1772887324\n|-curestatus|p2a: Miraidon|slp|[msg]\n|move|p2a: Miraidon|Protect|p2a: Miraidon\n|-singleturn|p2a: Miraidon|Protect\n|move|p1a: Amoonguss|Pollen Puff|p1b: Ursaluna\n|-heal|p1b: Ursaluna|100/100\n|move|p1b: Ursaluna|Blood Moon|p2a: Miraidon\n|-activate|p2a: Miraidon|move: Protect\n|\n|upkeep\n|turn|14\n|\n|t:|1772887338\n|move|p1a: Amoonguss|Spore|p2a: Miraidon\n|-status|p2a: Miraidon|slp|[from] move: Spore\n|move|p1b: Ursaluna|Earth Power|p2a: Miraidon\n|-damage|p2a: Miraidon|49/100 slp\n|-damage|p1b: Ursaluna|91/100|[from] item: Life Orb\n|cant|p2a: Miraidon|slp\n|\n|-fieldend|move: Trick Room\n|upkeep\n|turn|15\n|-message|rash 0210 forfeited.\n|\n|win|CHR1SPHX\n|raw|CHR1SPHX's rating: 1296 &rarr; <strong>1314</strong><br />(+18 for winning)\n|raw|rash 0210's rating: 1200 &rarr; <strong>1182</strong><br />(-18 for losing)\n|l|\u2606rash 0210\n|player|p2|\n","uploadtime":1772887349,"views":25,"formatid":"gen9vgc2026regi","rating":1182,"private":0,"password":null}