{"id":"gen9vgc2026regi-2565738661","format":"[Gen 9] VGC 2026 Reg I","players":["Mirthinion","sheeshshane925"],"log":"|j|\u2606Mirthinion\n|j|\u2606sheeshshane925\n|t:|1774299829\n|gametype|doubles\n|player|p1|Mirthinion|janitor|1391\n|player|p2|sheeshshane925|chuck|1494\n|gen|9\n|tier|[Gen 9] VGC 2026 Reg I\n|rated|\n|rule|Species Clause: Limit one of each Pok\u00e9mon\n|rule|Item Clause: Limit 1 of each item\n|clearpoke\n|poke|p1|Calyrex-Shadow, L50|\n|poke|p1|Zamazenta-*, L50|\n|poke|p1|Urshifu-*, L50, M|\n|poke|p1|Incineroar, L50, M|\n|poke|p1|Rillaboom, L50, M|\n|poke|p1|Tornadus, L50, M|\n|poke|p2|Calyrex-Ice, L50|\n|poke|p2|Miraidon, L50|\n|poke|p2|Farigiraf, L50, M|\n|poke|p2|Iron Hands, L50|\n|poke|p2|Scraggy, L50, F|\n|poke|p2|Iron Bundle, L50|\n|teampreview|4\n|inactive|Battle timer is ON: inactive players will automatically lose when time's up. (requested by Mirthinion)\nMirthinion rejected open team sheets.\n|inactive|Mirthinion has 60 seconds left.\n|\n|t:|1774299867\n|teamsize|p1|4\n|teamsize|p2|4\n|start\n|switch|p1a: Drambor|Zamazenta-Crowned, L50|100/100\n|switch|p1b: Mithrandir|Calyrex-Shadow, L50|100/100\n|switch|p2a: Calyrex|Calyrex-Ice, L50|100/100\n|switch|p2b: Farigiraf|Farigiraf, L50, M, shiny|100/100\n|-ability|p1b: Mithrandir|As One\n|-ability|p1b: Mithrandir|Unnerve\n|-ability|p2a: Calyrex|As One\n|-ability|p2a: Calyrex|Unnerve\n|-ability|p1a: Drambor|Dauntless Shield|boost\n|-boost|p1a: Drambor|def|1\n|turn|1\n|inactive|Mirthinion has 30 seconds left.\n|inactive|sheeshshane925 has 30 seconds left.\n|\n|t:|1774299894\n|-terastallize|p2a: Calyrex|Fire\n|move|p1b: Mithrandir|Nasty Plot|p1b: Mithrandir\n|-boost|p1b: Mithrandir|spa|2\n|move|p1a: Drambor|Body Press|p2a: Calyrex\n|-damage|p2a: Calyrex|58/100\n|move|p2a: Calyrex|Glacial Lance|p1b: Mithrandir|[spread] p1a,p1b\n|-resisted|p1a: Drambor\n|-damage|p1a: Drambor|89/100\n|-damage|p1b: Mithrandir|38/100\n|move|p2b: Farigiraf|Trick Room|p2b: Farigiraf\n|-fieldstart|move: Trick Room|[of] p2b: Farigiraf\n|\n|upkeep\n|turn|2\n|\n|t:|1774299912\n|move|p1b: Mithrandir|Protect|p1b: Mithrandir\n|-singleturn|p1b: Mithrandir|Protect\n|move|p2a: Calyrex|High Horsepower|p1a: Drambor\n|-supereffective|p1a: Drambor\n|-damage|p1a: Drambor|50/100\n|move|p2b: Farigiraf|Foul Play|p1b: Mithrandir\n|-activate|p1b: Mithrandir|move: Protect\n|move|p1a: Drambor|Body Press|p2a: Calyrex\n|-damage|p2a: Calyrex|15/100\n|\n|upkeep\n|turn|3\n|\n|t:|1774299937\n|-terastallize|p1b: Mithrandir|Bug\n|move|p2b: Farigiraf|Helping Hand|p2a: Calyrex\n|-singleturn|p2a: Calyrex|Helping Hand|[of] p2b: Farigiraf\n|move|p1a: Drambor|Wide Guard|p1a: Drambor\n|-singleturn|p1a: Drambor|Wide Guard\n|move|p2a: Calyrex|High Horsepower|p1a: Drambor\n|-supereffective|p1a: Drambor\n|-damage|p1a: Drambor|0 fnt\n|faint|p1a: Drambor\n|-ability|p2a: Calyrex|Chilling Neigh|boost\n|-boost|p2a: Calyrex|atk|1\n|move|p1b: Mithrandir|Pollen Puff|p2b: Farigiraf\n|-supereffective|p2b: Farigiraf\n|-damage|p2b: Farigiraf|0 fnt\n|faint|p2b: Farigiraf\n|-ability|p1b: Mithrandir|Grim Neigh|boost\n|-boost|p1b: Mithrandir|spa|1\n|\n|upkeep\n|\n|t:|1774299955\n|switch|p2b: Iron Hands|Iron Hands, L50|100/100\n|switch|p1a: Beowulf|Urshifu-Rapid-Strike, L50, M|100/100\n|turn|4\n|inactive|Mirthinion has 30 seconds left.\n|\n|t:|1774299981\n|switch|p2a: Miraidon|Miraidon, L50, shiny|100/100\n|-fieldstart|move: Electric Terrain|[from] ability: Hadron Engine|[of] p2a: Miraidon\n|-activate|p2b: Iron Hands|ability: Quark Drive\n|-start|p2b: Iron Hands|quarkdriveatk\n|move|p1a: Beowulf|Aqua Jet|p2a: Miraidon\n|-resisted|p2a: Miraidon\n|-damage|p2a: Miraidon|87/100\n|move|p2b: Iron Hands|Wild Charge|p1b: Mithrandir\n|-damage|p1b: Mithrandir|0 fnt\n|faint|p1b: Mithrandir\n|-damage|p2b: Iron Hands|93/100|[from] Recoil\n|\n|upkeep\n|\n|t:|1774299994\n|switch|p1b: Hoplite|Rillaboom, L50, M|100/100\n|-fieldstart|move: Grassy Terrain|[from] ability: Grassy Surge|[of] p1b: Hoplite\n|-end|p2b: Iron Hands|Quark Drive\n|turn|5\n|inactive|Mirthinion has 30 seconds left.\n|\n|t:|1774300023\n|move|p1a: Beowulf|Aqua Jet|p2b: Iron Hands\n|-damage|p2b: Iron Hands|73/100\n|move|p2b: Iron Hands|Wild Charge|p1a: Beowulf\n|-supereffective|p1a: Beowulf\n|-damage|p1a: Beowulf|0 fnt\n|faint|p1a: Beowulf\n|-damage|p2b: Iron Hands|54/100|[from] Recoil\n|move|p1b: Hoplite|High Horsepower|p2b: Iron Hands\n|-supereffective|p2b: Iron Hands\n|-damage|p2b: Iron Hands|12/100\n|move|p2a: Miraidon|Electro Drift|p1b: Hoplite\n|-resisted|p1b: Hoplite\n|-damage|p1b: Hoplite|72/100\n|-damage|p2a: Miraidon|78/100|[from] item: Life Orb\n|\n|-heal|p2b: Iron Hands|18/100|[from] Grassy Terrain\n|-heal|p1b: Hoplite|78/100|[from] Grassy Terrain\n|-heal|p2a: Miraidon|84/100|[from] Grassy Terrain\n|-fieldend|move: Trick Room\n|upkeep\n|turn|6\n|\n|t:|1774300042\n|-end|p2b: Iron Hands|Quark Drive|[silent]\n|switch|p2b: Calyrex|Calyrex-Ice, L50, tera:Fire|15/100\n|-ability|p2b: Calyrex|As One\n|-ability|p2b: Calyrex|Unnerve\n|move|p2a: Miraidon|Volt Switch|p1b: Hoplite\n|-resisted|p1b: Hoplite\n|-damage|p1b: Hoplite|58/100\n|-damage|p2a: Miraidon|74/100|[from] item: Life Orb\n|\n|t:|1774300052\n|switch|p2a: Iron Hands|Iron Hands, L50|18/100|[from] Volt Switch\n|move|p1b: Hoplite|High Horsepower|p2b: Calyrex\n|-supereffective|p2b: Calyrex\n|-damage|p2b: Calyrex|0 fnt\n|faint|p2b: Calyrex\n|\n|-heal|p1b: Hoplite|64/100|[from] Grassy Terrain\n|-heal|p2a: Iron Hands|24/100|[from] Grassy Terrain\n|upkeep\n|\n|t:|1774300058\n|switch|p2b: Miraidon|Miraidon, L50, shiny|74/100\n|-fieldstart|move: Electric Terrain|[from] ability: Hadron Engine|[of] p2b: Miraidon\n|-activate|p2a: Iron Hands|ability: Quark Drive\n|-start|p2a: Iron Hands|quarkdriveatk\n|turn|7\n|\n|t:|1774300067\n|move|p2a: Iron Hands|Fake Out|p1b: Hoplite\n|-damage|p1b: Hoplite|46/100\n|move|p2b: Miraidon|Dazzling Gleam|p1b: Hoplite\n|-damage|p1b: Hoplite|6/100\n|-damage|p2b: Miraidon|64/100|[from] item: Life Orb\n|cant|p1b: Hoplite|flinch\n|\n|upkeep\n|turn|8\n|\n|t:|1774300080\n|move|p2b: Miraidon|Dazzling Gleam|p1b: Hoplite\n|-damage|p1b: Hoplite|0 fnt\n|faint|p1b: Hoplite\n|-damage|p2b: Miraidon|55/100|[from] item: Life Orb\n|\n|win|sheeshshane925\n|raw|Mirthinion's rating: 1391 &rarr; <strong>1377</strong><br />(-14 for losing)\n|raw|sheeshshane925's rating: 1494 &rarr; <strong>1508</strong><br />(+14 for winning)\n|l|\u2606sheeshshane925\n|player|p2|\n","uploadtime":1774300116,"views":62,"formatid":"gen9vgc2026regi","rating":1377,"private":0,"password":null}