{"id":"gen9vgc2026regi-2562629489","format":"[Gen 9] VGC 2026 Reg I","players":["magoromon","billbond"],"log":"|j|\u2606magoromon\n|j|\u2606billbond\n|t:|1773936163\n|gametype|doubles\n|player|p1|magoromon|lance|1219\n|player|p2|billbond|1|1203\n|gen|9\n|tier|[Gen 9] VGC 2026 Reg I\n|rated|\n|rule|Species Clause: Limit one of each Pok\u00e9mon\n|rule|Item Clause: Limit 1 of each item\n|clearpoke\n|poke|p1|Kyogre, L50|\n|poke|p1|Calyrex-Ice, L50|\n|poke|p1|Rillaboom, L50, M|\n|poke|p1|Urshifu-*, L50, F|\n|poke|p1|Flutter Mane, L50|\n|poke|p1|Amoonguss, L50, M|\n|poke|p2|Zamazenta-*, L50|\n|poke|p2|Calyrex-Shadow, L50|\n|poke|p2|Zoroark-Hisui, L50, M|\n|poke|p2|Incineroar, L50, F|\n|poke|p2|Tornadus, L50, M|\n|poke|p2|Glimmora, L50, M|\n|teampreview|4\n|\n|t:|1773936248\n|teamsize|p1|4\n|teamsize|p2|4\n|start\n|switch|p1a: Calyrex|Calyrex-Ice, L50|100/100\n|switch|p1b: Amoonguss|Amoonguss, L50, M|100/100\n|switch|p2a: Zamazenta|Zamazenta-Crowned, L50|100/100\n|switch|p2b: Glimmora|Glimmora, L50, M|100/100\n|-ability|p1a: Calyrex|As One\n|-ability|p1a: Calyrex|Unnerve\n|-ability|p2a: Zamazenta|Dauntless Shield|boost\n|-boost|p2a: Zamazenta|def|1\n|turn|1\n|\n|t:|1773936268\n|move|p2a: Zamazenta|Body Press|p1b: Amoonguss\n|-resisted|p1b: Amoonguss\n|-damage|p1b: Amoonguss|73/100\n|-damage|p2a: Zamazenta|84/100|[from] item: Rocky Helmet|[of] p1b: Amoonguss\n|move|p2b: Glimmora|Will-O-Wisp|p1a: Calyrex\n|-status|p1a: Calyrex|brn\n|move|p1b: Amoonguss|Spore|p2a: Zamazenta\n|-status|p2a: Zamazenta|slp|[from] move: Spore\n|move|p1a: Calyrex|Trick Room|p1a: Calyrex\n|-fieldstart|move: Trick Room|[of] p1a: Calyrex\n|\n|-damage|p1a: Calyrex|95/100 brn|[from] brn\n|upkeep\n|turn|2\n|\n|t:|1773936285\n|move|p1b: Amoonguss|Spore|p2b: Glimmora\n|-status|p2b: Glimmora|slp|[from] move: Spore\n|move|p1a: Calyrex|Leech Seed|p2a: Zamazenta\n|-start|p2a: Zamazenta|move: Leech Seed\n|cant|p2b: Glimmora|slp\n|cant|p2a: Zamazenta|slp\n|\n|-heal|p1a: Calyrex|100/100 brn|[from] item: Leftovers\n|-damage|p2a: Zamazenta|72/100 slp|[from] Leech Seed|[of] p1a: Calyrex\n|-damage|p1a: Calyrex|95/100 brn|[from] brn\n|upkeep\n|turn|3\n|\n|t:|1773936321\n|switch|p1b: Kyogre|Kyogre, L50|100/100\n|-weather|RainDance|[from] ability: Drizzle|[of] p1b: Kyogre\n|move|p1a: Calyrex|Leech Seed|p2b: Glimmora\n|-start|p2b: Glimmora|move: Leech Seed\n|-curestatus|p2b: Glimmora|slp|[msg]\n|move|p2b: Glimmora|Hex|p1b: Kyogre\n|-damage|p1b: Kyogre|76/100\n|-curestatus|p2a: Zamazenta|slp|[msg]\n|move|p2a: Zamazenta|Body Press|p1b: Kyogre\n|-damage|p1b: Kyogre|17/100\n|\n|-weather|RainDance|[upkeep]\n|-heal|p1a: Calyrex|100/100 brn|[from] item: Leftovers\n|-damage|p2b: Glimmora|88/100|[from] Leech Seed|[of] p1a: Calyrex\n|-damage|p2a: Zamazenta|60/100|[from] Leech Seed|[of] p1a: Calyrex\n|-damage|p1a: Calyrex|95/100 brn|[from] brn\n|upkeep\n|turn|4\n|\n|t:|1773936349\n|move|p2b: Glimmora|Shadow Sneak|p1b: Kyogre\n|-damage|p1b: Kyogre|0 fnt\n|faint|p1b: Kyogre\n|move|p1a: Calyrex|Glacial Lance|p2b: Glimmora|[spread] p2a,p2b\n|-resisted|p2a: Zamazenta\n|-damage|p2a: Zamazenta|55/100\n|-damage|p2b: Glimmora|37/100\n|replace|p2b: Zoroark|Zoroark-Hisui, L50, M\n|-end|p2b: Zoroark|Illusion\n|move|p2a: Zamazenta|Body Press|p1a: Calyrex\n|-damage|p1a: Calyrex|66/100 brn\n|\n|-weather|RainDance|[upkeep]\n|-heal|p1a: Calyrex|72/100 brn|[from] item: Leftovers\n|-damage|p2b: Zoroark|25/100|[from] Leech Seed|[of] p1a: Calyrex\n|-heal|p1a: Calyrex|79/100 brn|[silent]\n|-damage|p2a: Zamazenta|43/100|[from] Leech Seed|[of] p1a: Calyrex\n|-heal|p1a: Calyrex|89/100 brn|[silent]\n|-damage|p1a: Calyrex|83/100 brn|[from] brn\n|upkeep\n|\n|t:|1773936363\n|switch|p1b: Amoonguss|Amoonguss, L50, M|100/100\n|turn|5\n|\n|t:|1773936378\n|move|p2a: Zamazenta|Wide Guard|p2a: Zamazenta\n|-singleturn|p2a: Zamazenta|Wide Guard\n|move|p1b: Amoonguss|Spore|p2b: Zoroark\n|-status|p2b: Zoroark|slp|[from] move: Spore\n|move|p1a: Calyrex|Glacial Lance|p2a: Zamazenta|[spread] \n|-activate|p2a: Zamazenta|move: Wide Guard\n|-activate|p2b: Zoroark|move: Wide Guard\n|cant|p2b: Zoroark|slp\n|\n|-weather|RainDance|[upkeep]\n|-heal|p1a: Calyrex|89/100 brn|[from] item: Leftovers\n|-damage|p2b: Zoroark|13/100 slp|[from] Leech Seed|[of] p1a: Calyrex\n|-heal|p1a: Calyrex|97/100 brn|[silent]\n|-damage|p2a: Zamazenta|31/100|[from] Leech Seed|[of] p1a: Calyrex\n|-heal|p1a: Calyrex|100/100 brn|[silent]\n|-damage|p1a: Calyrex|95/100 brn|[from] brn\n|-fieldend|move: Trick Room\n|upkeep\n|turn|6\n|\n|t:|1773936394\n|move|p2a: Zamazenta|Body Press|p1a: Calyrex\n|-damage|p1a: Calyrex|60/100 brn\n|cant|p2b: Zoroark|slp\n|move|p1b: Amoonguss|Spore|p2a: Zamazenta\n|-status|p2a: Zamazenta|slp|[from] move: Spore\n|move|p1a: Calyrex|Trick Room|p1a: Calyrex\n|-fieldstart|move: Trick Room|[of] p1a: Calyrex\n|\n|-weather|RainDance|[upkeep]\n|-heal|p1a: Calyrex|66/100 brn|[from] item: Leftovers\n|-damage|p2b: Zoroark|0 fnt|[from] Leech Seed|[of] p1a: Calyrex\n|-heal|p1a: Calyrex|73/100 brn|[silent]\n|faint|p2b: Zoroark\n|-damage|p2a: Zamazenta|19/100 slp|[from] Leech Seed|[of] p1a: Calyrex\n|-heal|p1a: Calyrex|83/100 brn|[silent]\n|-damage|p1a: Calyrex|77/100 brn|[from] brn\n|upkeep\n|\n|t:|1773936400\n|switch|p2b: Glimmora|Glimmora, L50, M|100/100\n|turn|7\n|\n|t:|1773936419\n|move|p2b: Glimmora|Spiky Shield|p2b: Glimmora\n|-singleturn|p2b: Glimmora|move: Protect\n|move|p1b: Amoonguss|Spore|p2b: Glimmora\n|-activate|p2b: Glimmora|move: Protect\n|move|p1a: Calyrex|Leech Seed|p2b: Glimmora\n|-activate|p2b: Glimmora|move: Protect\n|cant|p2a: Zamazenta|slp\n|\n|-weather|none\n|-heal|p1a: Calyrex|83/100 brn|[from] item: Leftovers\n|-damage|p2a: Zamazenta|7/100 slp|[from] Leech Seed|[of] p1a: Calyrex\n|-heal|p1a: Calyrex|93/100 brn|[silent]\n|-damage|p1a: Calyrex|87/100 brn|[from] brn\n|upkeep\n|turn|8\n|\n|t:|1773936430\n|move|p1b: Amoonguss|Spore|p2b: Glimmora\n|-status|p2b: Glimmora|slp|[from] move: Spore\n|move|p1a: Calyrex|Glacial Lance|p2b: Glimmora|[spread] p2a,p2b\n|-resisted|p2a: Zamazenta\n|-damage|p2a: Zamazenta|2/100 slp\n|-damage|p2b: Glimmora|72/100 slp\n|-activate|p2b: Glimmora|ability: Toxic Debris\n|-sidestart|p1: magoromon|move: Toxic Spikes\n|cant|p2b: Glimmora|slp\n|cant|p2a: Zamazenta|slp\n|\n|-heal|p1a: Calyrex|93/100 brn|[from] item: Leftovers\n|-damage|p2a: Zamazenta|0 fnt|[from] Leech Seed|[of] p1a: Calyrex\n|-heal|p1a: Calyrex|94/100 brn|[silent]\n|faint|p2a: Zamazenta\n|-damage|p1a: Calyrex|88/100 brn|[from] brn\n|upkeep\n|\n|t:|1773936432\n|switch|p2a: Calyrex|Calyrex-Shadow, L50|100/100\n|-ability|p2a: Calyrex|As One\n|-ability|p2a: Calyrex|Unnerve\n|turn|9\n|\n|t:|1773936449\n|move|p2a: Calyrex|Protect|p2a: Calyrex\n|-singleturn|p2a: Calyrex|Protect\n|move|p1b: Amoonguss|Spore|p2a: Calyrex\n|-activate|p2a: Calyrex|move: Protect\n|move|p1a: Calyrex|Leech Seed|p2a: Calyrex\n|-activate|p2a: Calyrex|move: Protect\n|-curestatus|p2b: Glimmora|slp|[msg]\n|move|p2b: Glimmora|Meteor Beam||[still]\n|-prepare|p2b: Glimmora|Meteor Beam\n|-boost|p2b: Glimmora|spa|1\n|-enditem|p2b: Glimmora|Power Herb\n|-anim|p2b: Glimmora|Meteor Beam|p1a: Calyrex\n|-supereffective|p1a: Calyrex\n|-crit|p1a: Calyrex\n|-damage|p1a: Calyrex|0 fnt\n|faint|p1a: Calyrex\n|\n|upkeep\n|\n|t:|1773936454\n|switch|p1a: Flutter Mane|Flutter Mane, L50|100/100\n|-status|p1a: Flutter Mane|psn\n|turn|10\n|\n|t:|1773936483\n|-terastallize|p1a: Flutter Mane|Stellar\n|move|p2a: Calyrex|Protect|p2a: Calyrex\n|-singleturn|p2a: Calyrex|Protect\n|move|p1b: Amoonguss|Spore|p2a: Calyrex\n|-activate|p2a: Calyrex|move: Protect\n|move|p2b: Glimmora|Sludge Bomb|p1a: Flutter Mane\n|-damage|p1a: Flutter Mane|24/100 psn\n|move|p1a: Flutter Mane|Shadow Ball|p2a: Calyrex\n|-activate|p2a: Calyrex|move: Protect\n|\n|-damage|p1a: Flutter Mane|12/100 psn|[from] psn\n|-fieldend|move: Trick Room\n|upkeep\n|turn|11\n|\n|t:|1773936500\n|move|p2a: Calyrex|Astral Barrage|p1a: Flutter Mane|[spread] p1a,p1b\n|-supereffective|p1a: Flutter Mane\n|-damage|p1a: Flutter Mane|0 fnt\n|-damage|p1b: Amoonguss|45/100\n|faint|p1a: Flutter Mane\n|-end|p1a: Flutter Mane|Protosynthesis|[silent]\n|-ability|p2a: Calyrex|Grim Neigh|boost\n|-boost|p2a: Calyrex|spa|1\n|-damage|p2a: Calyrex|91/100|[from] item: Life Orb\n|move|p2b: Glimmora|Sludge Bomb|p1b: Amoonguss\n|-damage|p1b: Amoonguss|0 fnt\n|faint|p1b: Amoonguss\n|\n|win|billbond\n|raw|magoromon's rating: 1219 &rarr; <strong>1193</strong><br />(-26 for losing)\n|raw|billbond's rating: 1203 &rarr; <strong>1229</strong><br />(+26 for winning)\n|l|\u2606magoromon\n|player|p1|\n|l|\u2606billbond\n|player|p2|\n","uploadtime":1773936693,"views":14,"formatid":"gen9vgc2026regi","rating":1193,"private":0,"password":null}