{"id":"gen9vgc2026regi-2562142908","format":"[Gen 9] VGC 2026 Reg I","players":["It'sJustKen VGC","ArisHazard"],"log":"|j|\u2606It'sJustKen VGC\n|j|\u2606ArisHazard\n|t:|1773875403\n|gametype|doubles\n|player|p1|It'sJustKen VGC|265|1557\n|player|p2|ArisHazard|169|1491\n|gen|9\n|tier|[Gen 9] VGC 2026 Reg I\n|rated|\n|rule|Species Clause: Limit one of each Pok\u00e9mon\n|rule|Item Clause: Limit 1 of each item\n|clearpoke\n|poke|p1|Iron Hands, L50|\n|poke|p1|Incineroar, L50, M|\n|poke|p1|Calyrex-Shadow, L50|\n|poke|p1|Whimsicott, L50, F|\n|poke|p1|Farigiraf, L50, F|\n|poke|p1|Miraidon, L50|\n|poke|p2|Calyrex-Ice, L50|\n|poke|p2|Hitmontop, L50, M|\n|poke|p2|Miraidon, L50|\n|poke|p2|Sableye, L50, M|\n|poke|p2|Ting-Lu, L50|\n|poke|p2|Iron Valiant, L50|\n|teampreview|4\n|inactive|Battle timer is ON: inactive players will automatically lose when time's up. (requested by It'sJustKen VGC)\n|inactive|It'sJustKen VGC has 60 seconds left.\n|\n|t:|1773875444\n|teamsize|p1|4\n|teamsize|p2|4\n|start\n|switch|p1a: Farigiraf|Farigiraf, L50, F|100/100\n|switch|p1b: Miraidon|Miraidon, L50, shiny|100/100\n|switch|p2a: Calyrex|Calyrex-Ice, L50|100/100\n|switch|p2b: Hitmontop|Hitmontop, L50, M|100/100\n|-ability|p2a: Calyrex|As One\n|-ability|p2a: Calyrex|Unnerve\n|-fieldstart|move: Electric Terrain|[from] ability: Hadron Engine|[of] p1b: Miraidon\n|-enditem|p1a: Farigiraf|Electric Seed\n|-boost|p1a: Farigiraf|def|1|[from] item: Electric Seed\n|-ability|p2b: Hitmontop|Intimidate|boost\n|-unboost|p1a: Farigiraf|atk|1\n|-unboost|p1b: Miraidon|atk|1\n|turn|1\n|inactive|ArisHazard has 30 seconds left.\n|\n|t:|1773875472\n|switch|p2b: Ting-Lu|Ting-Lu, L50|100/100\n|-ability|p2b: Ting-Lu|Vessel of Ruin\n|move|p2a: Calyrex|Protect|p2a: Calyrex\n|-singleturn|p2a: Calyrex|Protect\n|move|p1b: Miraidon|Draco Meteor|p2a: Calyrex\n|-activate|p2a: Calyrex|move: Protect\n|move|p1a: Farigiraf|Roar|p1b: Miraidon\n|drag|p1b: Iron Hands|Iron Hands, L50|100/100\n|-activate|p1b: Iron Hands|ability: Quark Drive\n|-start|p1b: Iron Hands|quarkdriveatk\n|\n|upkeep\n|turn|2\n|inactive|It'sJustKen VGC has 30 seconds left.\n|\n|t:|1773875497\n|switch|p2a: Hitmontop|Hitmontop, L50, M|100/100\n|-ability|p2a: Hitmontop|Intimidate|boost\n|-unboost|p1a: Farigiraf|atk|1\n|-unboost|p1b: Iron Hands|atk|1\n|move|p2b: Ting-Lu|Protect|p2b: Ting-Lu\n|-singleturn|p2b: Ting-Lu|Protect\n|move|p1b: Iron Hands|Low Kick|p2b: Ting-Lu\n|-activate|p2b: Ting-Lu|move: Protect\n|move|p1a: Farigiraf|Trick Room|p1a: Farigiraf\n|-fieldstart|move: Trick Room|[of] p1a: Farigiraf\n|\n|upkeep\n|turn|3\n|\n|t:|1773875514\n|-end|p1b: Iron Hands|Quark Drive|[silent]\n|switch|p1b: Incineroar|Incineroar, L50, M|100/100\n|-ability|p1b: Incineroar|Intimidate|boost\n|-unboost|p2a: Hitmontop|atk|1\n|-unboost|p2b: Ting-Lu|atk|1\n|switch|p2b: Calyrex|Calyrex-Ice, L50|100/100\n|-ability|p2b: Calyrex|As One\n|-ability|p2b: Calyrex|Unnerve\n|move|p1a: Farigiraf|Psychic|p2a: Hitmontop\n|-supereffective|p2a: Hitmontop\n|-damage|p2a: Hitmontop|36/100\n|move|p2a: Hitmontop|Coaching|p2b: Calyrex\n|-boost|p2b: Calyrex|atk|1\n|-boost|p2b: Calyrex|def|1\n|\n|upkeep\n|turn|4\n|\n|t:|1773875534\n|switch|p2a: Ting-Lu|Ting-Lu, L50|100/100\n|-ability|p2a: Ting-Lu|Vessel of Ruin\n|move|p2b: Calyrex|Protect|p2b: Calyrex\n|-singleturn|p2b: Calyrex|Protect\n|move|p1b: Incineroar|Fake Out|p2b: Calyrex\n|-activate|p2b: Calyrex|move: Protect\n|move|p1a: Farigiraf|Roar|p2b: Calyrex\n|drag|p2b: Hitmontop|Hitmontop, L50, M|36/100\n|-ability|p2b: Hitmontop|Intimidate|boost\n|-unboost|p1a: Farigiraf|atk|1\n|-unboost|p1b: Incineroar|atk|1\n|\n|upkeep\n|turn|5\n|\n|t:|1773875551\n|move|p1b: Incineroar|Knock Off|p2a: Ting-Lu\n|-resisted|p2a: Ting-Lu\n|-damage|p2a: Ting-Lu|94/100\n|-damage|p1b: Incineroar|84/100|[from] item: Rocky Helmet|[of] p2a: Ting-Lu\n|-enditem|p2a: Ting-Lu|Rocky Helmet|[from] move: Knock Off|[of] p1b: Incineroar\n|move|p2a: Ting-Lu|Sand Tomb|p1a: Farigiraf\n|-damage|p1a: Farigiraf|92/100\n|-activate|p1a: Farigiraf|move: Sand Tomb|[of] p2a: Ting-Lu\n|move|p1a: Farigiraf|Psychic|p2b: Hitmontop\n|-supereffective|p2b: Hitmontop\n|-damage|p2b: Hitmontop|0 fnt\n|faint|p2b: Hitmontop\n|\n|-damage|p1a: Farigiraf|80/100|[from] move: Sand Tomb|[partiallytrapped]\n|-fieldend|move: Electric Terrain\n|upkeep\n|\n|t:|1773875567\n|switch|p2b: Miraidon|Miraidon, L50|100/100\n|-fieldstart|move: Electric Terrain|[from] ability: Hadron Engine|[of] p2b: Miraidon\n|turn|6\n|\n|t:|1773875582\n|-terastallize|p2b: Miraidon|Electric\n|move|p1b: Incineroar|U-turn|p2b: Miraidon\n|-damage|p2b: Miraidon|91/100\n|\n|t:|1773875586\n|switch|p1b: Miraidon|Miraidon, L50, shiny|100/100|[from] U-turn\n|-activate|p1b: Miraidon|ability: Hadron Engine\n|move|p2a: Ting-Lu|Sand Tomb|p1b: Miraidon\n|-supereffective|p1b: Miraidon\n|-damage|p1b: Miraidon|76/100\n|-activate|p1b: Miraidon|move: Sand Tomb|[of] p2a: Ting-Lu\n|move|p2b: Miraidon|Electro Drift|p1a: Farigiraf\n|-damage|p1a: Farigiraf|0 fnt\n|faint|p1a: Farigiraf\n|\n|-damage|p1b: Miraidon|64/100|[from] move: Sand Tomb|[partiallytrapped]\n|-fieldend|move: Trick Room\n|upkeep\n|\n|t:|1773875592\n|switch|p1a: Iron Hands|Iron Hands, L50|100/100\n|-activate|p1a: Iron Hands|ability: Quark Drive\n|-start|p1a: Iron Hands|quarkdriveatk\n|turn|7\n|\n|t:|1773875607\n|move|p2a: Ting-Lu|Protect|p2a: Ting-Lu\n|-singleturn|p2a: Ting-Lu|Protect\n|move|p1a: Iron Hands|Fake Out|p2b: Miraidon\n|-damage|p2b: Miraidon|73/100\n|move|p1b: Miraidon|Volt Switch|p2b: Miraidon\n|-resisted|p2b: Miraidon\n|-damage|p2b: Miraidon|50/100\n|\n|t:|1773875619\n|switch|p1b: Incineroar|Incineroar, L50, M|84/100|[from] Volt Switch\n|-ability|p1b: Incineroar|Intimidate|boost\n|-unboost|p2a: Ting-Lu|atk|1\n|-unboost|p2b: Miraidon|atk|1\n|cant|p2b: Miraidon|flinch\n|\n|upkeep\n|turn|8\n|\n|t:|1773875634\n|switch|p2a: Calyrex|Calyrex-Ice, L50|100/100\n|-ability|p2a: Calyrex|As One\n|-ability|p2a: Calyrex|Unnerve\n|move|p1b: Incineroar|Fake Out|p2b: Miraidon\n|-damage|p2b: Miraidon|41/100\n|cant|p2b: Miraidon|flinch\n|move|p1a: Iron Hands|Low Kick|p2b: Miraidon\n|-damage|p2b: Miraidon|0 fnt\n|faint|p2b: Miraidon\n|\n|upkeep\n|\n|t:|1773875648\n|switch|p2b: Ting-Lu|Ting-Lu, L50|94/100\n|-ability|p2b: Ting-Lu|Vessel of Ruin\n|turn|9\n|\n|t:|1773875654\n|-terastallize|p1a: Iron Hands|Water\n|move|p2b: Ting-Lu|Stomping Tantrum|p1b: Incineroar\n|-supereffective|p1b: Incineroar\n|-damage|p1b: Incineroar|42/100\n|-damage|p2b: Ting-Lu|77/100|[from] item: Rocky Helmet|[of] p1b: Incineroar\n|move|p2a: Calyrex|Stomping Tantrum|p1b: Incineroar\n|-supereffective|p1b: Incineroar\n|-damage|p1b: Incineroar|0 fnt\n|-damage|p2a: Calyrex|84/100|[from] item: Rocky Helmet|[of] p1b: Incineroar\n|faint|p1b: Incineroar\n|-ability|p2a: Calyrex|Chilling Neigh|boost\n|-boost|p2a: Calyrex|atk|1\n|move|p1a: Iron Hands|Low Kick|p2b: Ting-Lu\n|-supereffective|p2b: Ting-Lu\n|-damage|p2b: Ting-Lu|0 fnt\n|faint|p2b: Ting-Lu\n|\n|upkeep\n|\n|t:|1773875663\n|switch|p1b: Miraidon|Miraidon, L50, shiny|64/100\n|-activate|p1b: Miraidon|ability: Hadron Engine\n|turn|10\n|\n|t:|1773875676\n|move|p2a: Calyrex|Protect|p2a: Calyrex\n|-singleturn|p2a: Calyrex|Protect\n|move|p1b: Miraidon|Electro Drift|p2a: Calyrex\n|-activate|p2a: Calyrex|move: Protect\n|move|p1a: Iron Hands|Low Kick|p2a: Calyrex\n|-activate|p2a: Calyrex|move: Protect\n|\n|-fieldend|move: Electric Terrain\n|-end|p1a: Iron Hands|Quark Drive\n|upkeep\n|turn|11\n|inactive|It'sJustKen VGC has 30 seconds left.\n|inactive|It'sJustKen VGC has 20 seconds left.\n|inactive|It'sJustKen VGC has 15 seconds left.\n|j| trajan29\n|inactive|It'sJustKen VGC has 10 seconds left.\n|inactive|It'sJustKen VGC has 5 seconds left.\n|\n|t:|1773875731\n|move|p1a: Iron Hands|Fake Out||[still]\n|-hint|Fake Out only works on your first turn out.\n|-fail|p1a: Iron Hands\n|move|p1b: Miraidon|Electro Drift|p2a: Calyrex\n|-damage|p2a: Calyrex|23/100\n|move|p2a: Calyrex|Glacial Lance|p1b: Miraidon|[spread] p1a,p1b\n|-resisted|p1a: Iron Hands\n|-supereffective|p1b: Miraidon\n|-damage|p1a: Iron Hands|72/100\n|-damage|p1b: Miraidon|0 fnt\n|faint|p1b: Miraidon\n|-ability|p2a: Calyrex|Chilling Neigh|boost\n|-boost|p2a: Calyrex|atk|1\n|\n|upkeep\n|turn|12\n|\n|t:|1773875745\n|move|p2a: Calyrex|Glacial Lance|p1a: Iron Hands\n|-resisted|p1a: Iron Hands\n|-damage|p1a: Iron Hands|17/100\n|move|p1a: Iron Hands|Low Kick|p2a: Calyrex\n|-damage|p2a: Calyrex|0 fnt\n|faint|p2a: Calyrex\n|\n|win|It'sJustKen VGC\n|raw|It&apos;sJustKen VGC's rating: 1557 &rarr; <strong>1573</strong><br />(+16 for winning)\n|raw|ArisHazard's rating: 1491 &rarr; <strong>1475</strong><br />(-16 for losing)\n|l|\u2606ArisHazard\n|player|p2|\n|l|\u2606It'sJustKen VGC\n|player|p1|\n|l| trajan29\n","uploadtime":1773875751,"views":15,"formatid":"gen9vgc2026regi","rating":1475,"private":0,"password":null}