{"id":"gen9vgc2026regi-2540142630","format":"[Gen 9] VGC 2026 Reg I","players":["Sakuraa2004","marcxhenry"],"log":"|j|\u2606Sakuraa2004\n|j|\u2606marcxhenry\n|t:|1771167917\n|gametype|doubles\n|player|p1|Sakuraa2004|norman|1313\n|player|p2|marcxhenry|hilbert-wonderlauncher|1445\n|gen|9\n|tier|[Gen 9] VGC 2026 Reg I\n|rated|\n|rule|Species Clause: Limit one of each Pok\u00e9mon\n|rule|Item Clause: Limit 1 of each item\n|clearpoke\n|poke|p1|Miraidon, L50|\n|poke|p1|Lunala, L50|\n|poke|p1|Whimsicott, L50, M|\n|poke|p1|Urshifu-*, L50, F|\n|poke|p1|Incineroar, L50, M|\n|poke|p1|Ursaluna, L50, F|\n|poke|p2|Calyrex-Shadow, L50|\n|poke|p2|Urshifu-*, L50, M|\n|poke|p2|Roaring Moon, L50|\n|poke|p2|Kyogre, L50|\n|poke|p2|Tsareena, L50, F|\n|poke|p2|Kingambit, L50, M|\n|teampreview|4\n|\n|t:|1771167935\n|teamsize|p1|4\n|teamsize|p2|4\n|start\n|switch|p1a: Miraidon|Miraidon, L50|100/100\n|switch|p1b: Urshifu|Urshifu-Rapid-Strike, L50, F|100/100\n|switch|p2a: Ludwig|Calyrex-Shadow, L50|100/100\n|switch|p2b: Roter Baron|Roaring Moon, L50, shiny|100/100\n|-ability|p2a: Ludwig|As One\n|-ability|p2a: Ludwig|Unnerve\n|-fieldstart|move: Electric Terrain|[from] ability: Hadron Engine|[of] p1a: Miraidon\n|-enditem|p2b: Roter Baron|Booster Energy\n|-activate|p2b: Roter Baron|ability: Protosynthesis|[fromitem]\n|-start|p2b: Roter Baron|protosynthesisspe\n|turn|1\n|inactive|Battle timer is ON: inactive players will automatically lose when time's up. (requested by Sakuraa2004)\n|\n|t:|1771167961\n|-terastallize|p2b: Roter Baron|Flying\n|move|p2b: Roter Baron|Knock Off|p1b: Urshifu\n|-resisted|p1b: Urshifu\n|-damage|p1b: Urshifu|78/100\n|-enditem|p1b: Urshifu|Choice Band|[from] move: Knock Off|[of] p2b: Roter Baron\n|move|p2a: Ludwig|Astral Barrage|p1b: Urshifu|[spread] p1a,p1b\n|-damage|p1a: Miraidon|53/100\n|-damage|p1b: Urshifu|0 fnt\n|faint|p1b: Urshifu\n|-ability|p2a: Ludwig|Grim Neigh|boost\n|-boost|p2a: Ludwig|spa|1\n|move|p1a: Miraidon|Volt Switch|p2b: Roter Baron\n|-supereffective|p2b: Roter Baron\n|-damage|p2b: Roter Baron|0 fnt\n|faint|p2b: Roter Baron\n|-end|p2b: Roter Baron|Protosynthesis|[silent]\n|-damage|p1a: Miraidon|44/100|[from] item: Life Orb\n|\n|t:|1771167984\n|switch|p1a: Whimsicott|Whimsicott, L50, M|100/100|[from] Volt Switch\n|\n|upkeep\n|\n|t:|1771167993\n|switch|p2b: Tripitz|Kyogre, L50, shiny|100/100\n|switch|p1b: Miraidon|Miraidon, L50|44/100\n|-activate|p1b: Miraidon|ability: Hadron Engine\n|-weather|RainDance|[from] ability: Drizzle|[of] p2b: Tripitz\n|turn|2\n|\n|t:|1771168002\n|-terastallize|p1b: Miraidon|Electric\n|move|p2b: Tripitz|Protect|p2b: Tripitz\n|-singleturn|p2b: Tripitz|Protect\n|move|p1a: Whimsicott|Tailwind|p1a: Whimsicott\n|-sidestart|p1: Sakuraa2004|move: Tailwind\n|move|p1b: Miraidon|Electro Drift|p2a: Ludwig\n|-enditem|p2a: Ludwig|Focus Sash\n|-damage|p2a: Ludwig|1/100\n|-damage|p1b: Miraidon|34/100|[from] item: Life Orb\n|move|p2a: Ludwig|Trick Room|p2a: Ludwig\n|-fieldstart|move: Trick Room|[of] p2a: Ludwig\n|\n|-weather|RainDance|[upkeep]\n|upkeep\n|turn|3\n|\n|t:|1771168022\n|switch|p2b: Hitmonshe|Tsareena, L50, F, shiny|100/100\n|move|p1a: Whimsicott|Light Screen|p1a: Whimsicott\n|-sidestart|p1: Sakuraa2004|move: Light Screen\n|move|p2a: Ludwig|Astral Barrage|p1a: Whimsicott|[spread] p1a,p1b\n|-damage|p1a: Whimsicott|48/100\n|-damage|p1b: Miraidon|0 fnt\n|faint|p1b: Miraidon\n|-ability|p2a: Ludwig|Grim Neigh|boost\n|-boost|p2a: Ludwig|spa|1\n|\n|-weather|RainDance|[upkeep]\n|upkeep\n|\n|t:|1771168028\n|switch|p1b: Lunala|Lunala, L50|100/100\n|-enditem|p1b: Lunala|Electric Seed\n|-boost|p1b: Lunala|def|1|[from] item: Electric Seed\n|turn|4\n|\n|t:|1771168044\n|move|p2a: Ludwig|Protect|p2a: Ludwig\n|-singleturn|p2a: Ludwig|Protect\n|move|p2b: Hitmonshe|Power Whip|p1b: Lunala\n|-damage|p1b: Lunala|84/100\n|move|p1b: Lunala|Moongeist Beam|p2b: Hitmonshe\n|-damage|p2b: Hitmonshe|37/100\n|move|p1a: Whimsicott|Moonblast|p2b: Hitmonshe\n|-damage|p2b: Hitmonshe|6/100\n|\n|-weather|RainDance|[upkeep]\n|upkeep\n|turn|5\n|\n|t:|1771168064\n|move|p1b: Lunala|Wide Guard|p1b: Lunala\n|-singleturn|p1b: Lunala|Wide Guard\n|move|p2b: Hitmonshe|Triple Axel|p1a: Whimsicott\n|-supereffective|p1a: Whimsicott\n|-crit|p1a: Whimsicott\n|-damage|p1a: Whimsicott|18/100\n|-supereffective|p1a: Whimsicott\n|-damage|p1a: Whimsicott|0 fnt\n|faint|p1a: Whimsicott\n|-hitcount|p1: Whimsicott|2\n|move|p2a: Ludwig|Astral Barrage|p1b: Lunala\n|-activate|p1b: Lunala|move: Wide Guard\n|\n|-weather|RainDance|[upkeep]\n|-sideend|p1: Sakuraa2004|move: Tailwind\n|-fieldend|move: Electric Terrain\n|upkeep\n|turn|6\n|\n|t:|1771168078\n|move|p2a: Ludwig|Protect|p2a: Ludwig\n|-singleturn|p2a: Ludwig|Protect\n|move|p2b: Hitmonshe|Taunt|p1b: Lunala\n|-start|p1b: Lunala|move: Taunt\n|move|p1b: Lunala|Moongeist Beam|p2b: Hitmonshe\n|-damage|p2b: Hitmonshe|0 fnt\n|faint|p2b: Hitmonshe\n|\n|-weather|none\n|-fieldend|move: Trick Room\n|upkeep\n|\n|t:|1771168088\n|switch|p2b: Tripitz|Kyogre, L50, shiny|100/100\n|-weather|RainDance|[from] ability: Drizzle|[of] p2b: Tripitz\n|turn|7\n|\n|t:|1771168093\n|move|p2a: Ludwig|Astral Barrage|p1b: Lunala\n|-supereffective|p1b: Lunala\n|-damage|p1b: Lunala|0 fnt\n|faint|p1b: Lunala\n|\n|win|marcxhenry\n|raw|Sakuraa2004's rating: 1313 &rarr; <strong>1300</strong><br />(-13 for losing)\n|raw|marcxhenry's rating: 1445 &rarr; <strong>1458</strong><br />(+13 for winning)\n|l|\u2606Sakuraa2004\n|player|p1|\n|l|\u2606marcxhenry\n|player|p2|\n","uploadtime":1771168242,"views":29,"formatid":"gen9vgc2026regi","rating":1300,"private":0,"password":null}