{"id":"gen9vgc2026regi-2518553751","format":"[Gen 9] VGC 2026 Reg I","players":["Zvikprep","kojimuranishi"],"log":"|j|\u2606Zvikprep\n|j|\u2606kojimuranishi\n|t:|1768404072\n|gametype|doubles\n|player|p1|Zvikprep|265|1267\n|player|p2|kojimuranishi|1|1483\n|gen|9\n|tier|[Gen 9] VGC 2026 Reg I\n|rated|\n|rule|Species Clause: Limit one of each Pok\u00e9mon\n|rule|Item Clause: Limit 1 of each item\n|clearpoke\n|poke|p1|Calyrex-Shadow, L50|\n|poke|p1|Miraidon, L50|\n|poke|p1|Whimsicott, L50, M|\n|poke|p1|Chien-Pao, L50|\n|poke|p1|Heatran, L50, F|\n|poke|p1|Ogerpon-Wellspring, L50, F|\n|poke|p2|Zamazenta-*, L50|\n|poke|p2|Lunala, L50|\n|poke|p2|Chien-Pao, L50|\n|poke|p2|Dragonite, L50, F|\n|poke|p2|Chi-Yu, L50|\n|poke|p2|Urshifu-*, L50, M|\n|teampreview|4\n|inactive|Battle timer is ON: inactive players will automatically lose when time's up. (requested by kojimuranishi)\n|inactive|Zvikprep has 60 seconds left.\n|inactive|kojimuranishi has 60 seconds left.\n|\n|t:|1768404108\n|teamsize|p1|4\n|teamsize|p2|4\n|start\n|switch|p1a: Calyrex|Calyrex-Shadow, L50|100/100\n|switch|p1b: Whimsicott|Whimsicott, L50, M|100/100\n|switch|p2a: Urshifu|Urshifu-Rapid-Strike, L50, M|100/100\n|switch|p2b: Lunala|Lunala, L50|100/100\n|-ability|p1a: Calyrex|As One\n|-ability|p1a: Calyrex|Unnerve\n|turn|1\n|inactive|Zvikprep has 30 seconds left.\n|\n|t:|1768404140\n|switch|p1a: Miraidon|Miraidon, L50|100/100\n|-fieldstart|move: Electric Terrain|[from] ability: Hadron Engine|[of] p1a: Miraidon\n|-terastallize|p2b: Lunala|Normal\n|move|p1b: Whimsicott|Moonblast|p2a: Urshifu\n|-supereffective|p2a: Urshifu\n|-damage|p2a: Urshifu|12/100\n|move|p2a: Urshifu|Surging Strikes|p1a: Miraidon\n|-resisted|p1a: Miraidon\n|-crit|p1a: Miraidon\n|-damage|p1a: Miraidon|89/100\n|-resisted|p1a: Miraidon\n|-crit|p1a: Miraidon\n|-damage|p1a: Miraidon|76/100\n|-resisted|p1a: Miraidon\n|-crit|p1a: Miraidon\n|-damage|p1a: Miraidon|66/100\n|-hitcount|p1a: Miraidon|3\n|move|p2b: Lunala|Trick Room|p2b: Lunala\n|-fieldstart|move: Trick Room|[of] p2b: Lunala\n|\n|upkeep\n|turn|2\n|inactive|Zvikprep has 30 seconds left.\n|inactive|Zvikprep has 20 seconds left.\n|\n|t:|1768404180\n|switch|p2b: Chien-Pao|Chien-Pao, L50|100/100\n|-ability|p2b: Chien-Pao|Sword of Ruin\n|-terastallize|p1a: Miraidon|Fairy\n|move|p1b: Whimsicott|Encore|p2b: Chien-Pao\n|-hint|Since gen 7, Dark is immune to Prankster moves.\n|-immune|p2b: Chien-Pao\n|move|p2a: Urshifu|Close Combat|p1a: Miraidon\n|-resisted|p1a: Miraidon\n|-damage|p1a: Miraidon|19/100\n|-unboost|p2a: Urshifu|def|1\n|-unboost|p2a: Urshifu|spd|1\n|move|p1a: Miraidon|Dazzling Gleam|p2b: Chien-Pao|[spread] p2a,p2b\n|-supereffective|p2a: Urshifu\n|-supereffective|p2b: Chien-Pao\n|-damage|p2a: Urshifu|0 fnt\n|-damage|p2b: Chien-Pao|0 fnt\n|faint|p2a: Urshifu\n|faint|p2b: Chien-Pao\n|\n|upkeep\n|\n|t:|1768404203\n|switch|p2a: Lunala|Lunala, L50, tera:Normal|100/100\n|switch|p2b: Dragonite|Dragonite, L50, F|100/100\n|turn|3\n|\n|t:|1768404228\n|move|p1b: Whimsicott|Fake Tears|p2a: Lunala\n|-unboost|p2a: Lunala|spd|2\n|move|p2b: Dragonite|Rock Slide|p1b: Whimsicott|[spread] p1a,p1b\n|-damage|p1a: Miraidon|0 fnt\n|-damage|p1b: Whimsicott|65/100\n|faint|p1a: Miraidon\n|move|p2a: Lunala|Meteor Beam||[still]\n|-prepare|p2a: Lunala|Meteor Beam\n|-boost|p2a: Lunala|spa|1\n|-enditem|p2a: Lunala|Power Herb\n|-anim|p2a: Lunala|Meteor Beam|p1b: Whimsicott\n|-damage|p1b: Whimsicott|0 fnt\n|faint|p1b: Whimsicott\n|\n|upkeep\n|\n|t:|1768404242\n|switch|p1b: Heatran|Heatran, L50, F|100/100\n|switch|p1a: Calyrex|Calyrex-Shadow, L50|100/100\n|-ability|p1a: Calyrex|As One\n|-ability|p1a: Calyrex|Unnerve\n|-item|p1b: Heatran|Air Balloon\n|turn|4\n|\n|t:|1768404258\n|move|p1b: Heatran|Protect|p1b: Heatran\n|-singleturn|p1b: Heatran|Protect\n|move|p1a: Calyrex|Protect|p1a: Calyrex\n|-singleturn|p1a: Calyrex|Protect\n|move|p2b: Dragonite|Rock Slide|p1b: Heatran|[spread] \n|-activate|p1a: Calyrex|move: Protect\n|-activate|p1b: Heatran|move: Protect\n|move|p2a: Lunala|Moongeist Beam|p1b: Heatran\n|-activate|p1b: Heatran|move: Protect\n|\n|upkeep\n|turn|5\n|inactive|Zvikprep has 30 seconds left.\n|inactive|Zvikprep has 20 seconds left.\n|\n|t:|1768404294\n|move|p1b: Heatran|Flamethrower|p2a: Lunala\n|-damage|p2a: Lunala|71/100\n|move|p2b: Dragonite|Rock Slide|p1b: Heatran|[spread] p1a,p1b\n|-damage|p1a: Calyrex|63/100\n|-damage|p1b: Heatran|71/100\n|-enditem|p1b: Heatran|Air Balloon\n|move|p2a: Lunala|Moongeist Beam|p1a: Calyrex\n|-supereffective|p1a: Calyrex\n|-damage|p1a: Calyrex|0 fnt\n|faint|p1a: Calyrex\n|\n|-fieldend|move: Trick Room\n|-fieldend|move: Electric Terrain\n|upkeep\n|turn|6\n|\n|t:|1768404315\n|move|p2a: Lunala|Moongeist Beam|p1b: Heatran\n|-damage|p1b: Heatran|3/100\n|move|p2b: Dragonite|Rock Slide|p1b: Heatran\n|-damage|p1b: Heatran|0 fnt\n|faint|p1b: Heatran\n|\n|win|kojimuranishi\n|raw|Zvikprep's rating: 1267 &rarr; <strong>1256</strong><br />(-11 for losing)\n|raw|kojimuranishi's rating: 1483 &rarr; <strong>1492</strong><br />(+9 for winning)\n|l|\u2606Zvikprep\n|player|p1|\n|l|\u2606kojimuranishi\n|player|p2|\n","uploadtime":1768404555,"views":13,"formatid":"gen9vgc2026regi","rating":1256,"private":0,"password":null}