{"id":"gen9vgc2026regi-2522899623","format":"[Gen 9] VGC 2026 Reg I","players":["benni299","Fogdocker"],"log":"|j|\u2606benni299\n|j|\u2606Fogdocker\n|t:|1768956750\n|gametype|doubles\n|player|p1|benni299|2|1245\n|player|p2|Fogdocker|1|1493\n|gen|9\n|tier|[Gen 9] VGC 2026 Reg I\n|rated|\n|rule|Species Clause: Limit one of each Pok\u00e9mon\n|rule|Item Clause: Limit 1 of each item\n|clearpoke\n|poke|p1|Miraidon, L50|\n|poke|p1|Lunala, L50|\n|poke|p1|Whimsicott, L50, F|\n|poke|p1|Urshifu-*, L50, M|\n|poke|p1|Incineroar, L50, M|\n|poke|p1|Ursaluna, L50, F|\n|poke|p2|Calyrex-Ice, L50|\n|poke|p2|Kyogre, L50|\n|poke|p2|Urshifu-*, L50, F|\n|poke|p2|Rillaboom, L50, F|\n|poke|p2|Landorus, L50, M|\n|poke|p2|Tornadus, L50, M|\n|teampreview|4\n|inactive|Battle timer is ON: inactive players will automatically lose when time's up. (requested by benni299)\n|inactive|benni299 has 60 seconds left.\n|inactive|Fogdocker has 60 seconds left.\n|inactive|Fogdocker has 30 seconds left.\n|inactive|Fogdocker has 20 seconds left.\n|\n|t:|1768956823\n|teamsize|p1|4\n|teamsize|p2|4\n|start\n|switch|p1a: Miraidon|Miraidon, L50|100/100\n|switch|p1b: Whimsicott|Whimsicott, L50, F|100/100\n|switch|p2a: Landorus|Landorus, L50, M|100/100\n|switch|p2b: Tornadus|Tornadus, L50, M|100/100\n|-fieldstart|move: Electric Terrain|[from] ability: Hadron Engine|[of] p1a: Miraidon\n|turn|1\n|\n|t:|1768956845\n|switch|p2b: Rillaboom|Rillaboom, L50, F|100/100\n|-fieldstart|move: Grassy Terrain|[from] ability: Grassy Surge|[of] p2b: Rillaboom\n|move|p1b: Whimsicott|Tailwind|p1b: Whimsicott\n|-sidestart|p1: benni299|move: Tailwind\n|move|p1a: Miraidon|Draco Meteor|p2a: Landorus\n|-damage|p2a: Landorus|0 fnt\n|-unboost|p1a: Miraidon|spa|2\n|faint|p2a: Landorus\n|-damage|p1a: Miraidon|91/100|[from] item: Life Orb\n|\n|-heal|p1a: Miraidon|97/100|[from] Grassy Terrain\n|upkeep\n|\n|t:|1768956854\n|switch|p2a: Calyrex|Calyrex-Ice, L50|100/100\n|-ability|p2a: Calyrex|As One\n|-ability|p2a: Calyrex|Unnerve\n|turn|2\n|\n|t:|1768956873\n|switch|p1a: Lunala|Lunala, L50|100/100\n|switch|p1b: Urshifu|Urshifu-Rapid-Strike, L50, M|100/100\n|move|p2b: Rillaboom|U-turn|p1b: Urshifu\n|-resisted|p1b: Urshifu\n|-damage|p1b: Urshifu|89/100\n|\n|t:|1768956879\n|switch|p2b: Tornadus|Tornadus, L50, M|100/100|[from] U-turn\n|move|p2a: Calyrex|Trick Room|p2a: Calyrex\n|-fieldstart|move: Trick Room|[of] p2a: Calyrex\n|\n|-heal|p1b: Urshifu|95/100|[from] Grassy Terrain\n|upkeep\n|turn|3\n|inactive|benni299 has 30 seconds left.\n|inactive|Fogdocker has 30 seconds left.\n|\n|t:|1768956909\n|move|p1a: Lunala|Wide Guard|p1a: Lunala\n|-singleturn|p1a: Lunala|Wide Guard\n|move|p2b: Tornadus|Taunt|p1a: Lunala\n|-start|p1a: Lunala|move: Taunt\n|move|p2a: Calyrex|Leech Seed|p1b: Urshifu\n|-start|p1b: Urshifu|move: Leech Seed\n|move|p1b: Urshifu|Close Combat|p2a: Calyrex\n|-damage|p2a: Calyrex|43/100\n|-unboost|p1b: Urshifu|def|1\n|-unboost|p1b: Urshifu|spd|1\n|\n|-heal|p2a: Calyrex|49/100|[from] Grassy Terrain\n|-heal|p2a: Calyrex|55/100|[from] item: Leftovers\n|-heal|p1b: Urshifu|100/100|[from] Grassy Terrain\n|-damage|p1b: Urshifu|88/100|[from] Leech Seed|[of] p2a: Calyrex\n|-heal|p2a: Calyrex|66/100|[silent]\n|upkeep\n|turn|4\n|\n|t:|1768956925\n|switch|p1b: Whimsicott|Whimsicott, L50, F|100/100\n|-terastallize|p2a: Calyrex|Water\n|move|p2a: Calyrex|Glacial Lance|p1b: Whimsicott|[spread] p1a,p1b\n|-supereffective|p1b: Whimsicott\n|-damage|p1a: Lunala|78/100\n|-damage|p1b: Whimsicott|0 fnt\n|faint|p1b: Whimsicott\n|-ability|p2a: Calyrex|Chilling Neigh|boost\n|-boost|p2a: Calyrex|atk|1\n|move|p2b: Tornadus|Bleakwind Storm|p1a: Lunala\n|-damage|p1a: Lunala|43/100\n|move|p1a: Lunala|Moongeist Beam|p2a: Calyrex\n|-damage|p2a: Calyrex|31/100\n|\n|-heal|p2a: Calyrex|37/100|[from] Grassy Terrain\n|-heal|p2a: Calyrex|43/100|[from] item: Leftovers\n|-heal|p1a: Lunala|49/100|[from] Grassy Terrain\n|-sideend|p1: benni299|move: Tailwind\n|upkeep\n|inactive|benni299 has 30 seconds left.\n|\n|t:|1768956955\n|switch|p1b: Miraidon|Miraidon, L50|97/100\n|-fieldstart|move: Electric Terrain|[from] ability: Hadron Engine|[of] p1b: Miraidon\n|-enditem|p1a: Lunala|Electric Seed\n|-boost|p1a: Lunala|def|1|[from] item: Electric Seed\n|turn|5\n|\n|t:|1768956973\n|-terastallize|p1b: Miraidon|Electric\n|move|p2a: Calyrex|Glacial Lance|p1b: Miraidon|[spread] p1a,p1b\n|-damage|p1a: Lunala|6/100\n|-damage|p1b: Miraidon|21/100\n|move|p1a: Lunala|Moongeist Beam|p2b: Tornadus\n|-damage|p2b: Tornadus|38/100\n|move|p2b: Tornadus|Bleakwind Storm|p1b: Miraidon|[spread] p1a,p1b\n|-resisted|p1b: Miraidon\n|-damage|p1a: Lunala|0 fnt\n|-damage|p1b: Miraidon|4/100\n|faint|p1a: Lunala\n|move|p1b: Miraidon|Volt Switch|p2b: Tornadus\n|-supereffective|p2b: Tornadus\n|-damage|p2b: Tornadus|0 fnt\n|faint|p2b: Tornadus\n|-damage|p1b: Miraidon|0 fnt|[from] item: Life Orb\n|faint|p1b: Miraidon\n|\n|-heal|p2a: Calyrex|49/100|[from] item: Leftovers\n|upkeep\n|\n|t:|1768956989\n|switch|p2b: Rillaboom|Rillaboom, L50, F|100/100\n|switch|p1b: Urshifu|Urshifu-Rapid-Strike, L50, M|88/100\n|-fieldstart|move: Grassy Terrain|[from] ability: Grassy Surge|[of] p2b: Rillaboom\n|turn|6\n|\n|t:|1768956996\n|move|p2b: Rillaboom|Fake Out|p1b: Urshifu\n|-damage|p1b: Urshifu|75/100\n|move|p2a: Calyrex|Glacial Lance|p1b: Urshifu\n|-resisted|p1b: Urshifu\n|-damage|p1b: Urshifu|23/100\n|cant|p1b: Urshifu|flinch\n|\n|-heal|p2a: Calyrex|55/100|[from] Grassy Terrain\n|-heal|p2a: Calyrex|60/100|[from] item: Leftovers\n|-heal|p1b: Urshifu|29/100|[from] Grassy Terrain\n|-fieldend|move: Trick Room\n|upkeep\n|turn|7\n|-message|benni299 forfeited.\n|\n|win|Fogdocker\n|raw|benni299's rating: 1245 &rarr; <strong>1235</strong><br />(-10 for losing)\n|raw|Fogdocker's rating: 1493 &rarr; <strong>1501</strong><br />(+8 for winning)\n|l|\u2606benni299\n|player|p1|\n","uploadtime":1768957001,"views":12,"formatid":"gen9vgc2026regi","rating":1235,"private":0,"password":null}