{"id":"gen9vgc2026regi-2573391549","format":"[Gen 9] VGC 2026 Reg I","players":["chenxiangruxie","ReReReTryAgain"],"log":"|j|\u2606chenxiangruxie\n|j|\u2606ReReReTryAgain\n|t:|1775131809\n|gametype|doubles\n|player|p1|chenxiangruxie|dawn-gen4pt|1612\n|player|p2|ReReReTryAgain|102|1603\n|gen|9\n|tier|[Gen 9] VGC 2026 Reg I\n|rated|\n|rule|Species Clause: Limit one of each Pok\u00e9mon\n|rule|Item Clause: Limit 1 of each item\n|clearpoke\n|poke|p1|Tornadus, L50, M|\n|poke|p1|Miraidon, L50|\n|poke|p1|Iron Moth, L50|\n|poke|p1|Urshifu-*, L50, F|\n|poke|p1|Calyrex-Ice, L50|\n|poke|p1|Landorus, L50, M|\n|poke|p2|Zacian-*, L50|\n|poke|p2|Iron Valiant, L50|\n|poke|p2|Tyranitar, L50, M|\n|poke|p2|Zamazenta-*, L50|\n|poke|p2|Landorus, L50, M|\n|poke|p2|Tornadus, L50, M|\n|teampreview|4\nchenxiangruxie rejected open team sheets.\n|inactive|Battle timer is ON: inactive players will automatically lose when time's up. (requested by chenxiangruxie)\n|\n|t:|1775131870\n|teamsize|p1|4\n|teamsize|p2|4\n|start\n|switch|p1a: Tornadus|Tornadus, L50, M|100/100\n|switch|p1b: Miraidon|Miraidon, L50|100/100\n|switch|p2a: Zacian|Zacian-Crowned, L50|100/100\n|switch|p2b: Tornadus|Tornadus, L50, M|100/100\n|-fieldstart|move: Electric Terrain|[from] ability: Hadron Engine|[of] p1b: Miraidon\n|-ability|p2a: Zacian|Intrepid Sword|boost\n|-boost|p2a: Zacian|atk|1\n|turn|1\n|\n|t:|1775131890\n|move|p1a: Tornadus|Tailwind|p1a: Tornadus\n|-sidestart|p1: chenxiangruxie|move: Tailwind\n|move|p2b: Tornadus|Tailwind|p2b: Tornadus\n|-sidestart|p2: ReReReTryAgain|move: Tailwind\n|move|p1b: Miraidon|Volt Switch|p2a: Zacian\n|-damage|p2a: Zacian|37/100\n|\n|t:|1775131896\n|switch|p1b: Iron Moth|Iron Moth, L50|100/100|[from] Volt Switch\n|-activate|p1b: Iron Moth|ability: Quark Drive\n|-start|p1b: Iron Moth|quarkdrivespe\n|move|p2a: Zacian|Play Rough|p1b: Iron Moth\n|-resisted|p1b: Iron Moth\n|-damage|p1b: Iron Moth|76/100\n|\n|upkeep\n|turn|2\n|\n|t:|1775131914\n|move|p2a: Zacian|Protect|p2a: Zacian\n|-singleturn|p2a: Zacian|Protect\n|move|p1b: Iron Moth|Meteor Beam||[still]\n|-prepare|p1b: Iron Moth|Meteor Beam\n|-boost|p1b: Iron Moth|spa|1\n|-enditem|p1b: Iron Moth|Power Herb\n|-anim|p1b: Iron Moth|Meteor Beam|p2b: Tornadus\n|-supereffective|p2b: Tornadus\n|-damage|p2b: Tornadus|0 fnt\n|faint|p2b: Tornadus\n|move|p1a: Tornadus|Bleakwind Storm|p2a: Zacian\n|-activate|p2a: Zacian|move: Protect\n|\n|upkeep\n|\n|t:|1775131926\n|switch|p2b: Iron Valiant|Iron Valiant, L50|100/100\n|-activate|p2b: Iron Valiant|ability: Quark Drive\n|-start|p2b: Iron Valiant|quarkdrivespe\n|turn|3\n|\n|t:|1775131938\n|-terastallize|p2a: Zacian|Ground\n|move|p2b: Iron Valiant|Wide Guard|p2b: Iron Valiant\n|-singleturn|p2b: Iron Valiant|Wide Guard\n|move|p1b: Iron Moth|Heat Wave|p2a: Zacian|[spread] \n|-activate|p2a: Zacian|move: Wide Guard\n|-activate|p2b: Iron Valiant|move: Wide Guard\n|move|p2a: Zacian|Tera Blast|p1b: Iron Moth|[anim] Tera Blast Ground\n|-supereffective|p1b: Iron Moth\n|-damage|p1b: Iron Moth|0 fnt\n|faint|p1b: Iron Moth\n|-end|p1b: Iron Moth|Quark Drive|[silent]\n|move|p1a: Tornadus|Bleakwind Storm|p2b: Iron Valiant|[spread] \n|-activate|p2a: Zacian|move: Wide Guard\n|-activate|p2b: Iron Valiant|move: Wide Guard\n|\n|upkeep\n|\n|t:|1775131958\n|switch|p1b: Miraidon|Miraidon, L50|100/100\n|-activate|p1b: Miraidon|ability: Hadron Engine\n|turn|4\n|\n|t:|1775131970\n|move|p2a: Zacian|Protect|p2a: Zacian\n|-singleturn|p2a: Zacian|Protect\n|move|p1b: Miraidon|Volt Switch|p2b: Iron Valiant\n|-damage|p2b: Iron Valiant|0 fnt\n|faint|p2b: Iron Valiant\n|-end|p2b: Iron Valiant|Quark Drive|[silent]\n|\n|t:|1775131975\n|switch|p1b: Landorus|Landorus, L50, M|100/100|[from] Volt Switch\n|move|p1a: Tornadus|Bleakwind Storm|p2a: Zacian\n|-activate|p2a: Zacian|move: Protect\n|\n|-sideend|p1: chenxiangruxie|move: Tailwind\n|-sideend|p2: ReReReTryAgain|move: Tailwind\n|upkeep\n|\n|t:|1775131979\n|switch|p2b: Landorus|Landorus, L50, M|100/100\n|turn|5\n|\n|t:|1775131986\n|move|p1a: Tornadus|Tailwind|p1a: Tornadus\n|-sidestart|p1: chenxiangruxie|move: Tailwind\n|move|p1b: Landorus|Earth Power|p2a: Zacian\n|-damage|p2a: Zacian|0 fnt\n|faint|p2a: Zacian\n|move|p2b: Landorus|Sludge Bomb|p1a: Tornadus\n|-damage|p1a: Tornadus|35/100\n|\n|-fieldend|move: Electric Terrain\n|upkeep\n|turn|6\n|-message|ReReReTryAgain forfeited.\n|\n|win|chenxiangruxie\n|raw|chenxiangruxie's rating: 1612 &rarr; <strong>1631</strong><br />(+19 for winning)\n|raw|ReReReTryAgain's rating: 1603 &rarr; <strong>1584</strong><br />(-19 for losing)\n|l|\u2606ReReReTryAgain\n|player|p2|\n|l|\u2606chenxiangruxie\n|player|p1|\n","uploadtime":1775132159,"views":19,"formatid":"gen9vgc2026regi","rating":1584,"private":0,"password":null}