{"id":"gen9vgc2026regi-2577678437","format":"[Gen 9] VGC 2026 Reg I","players":["CortadoEnjoyer","datbishgames"],"log":"|j|\u2606CortadoEnjoyer\n|j|\u2606datbishgames\n|t:|1775595547\n|gametype|doubles\n|player|p1|CortadoEnjoyer|juggler|1189\n|player|p2|datbishgames|mira|1236\n|gen|9\n|tier|[Gen 9] VGC 2026 Reg I\n|rated|\n|rule|Species Clause: Limit one of each Pok\u00e9mon\n|rule|Item Clause: Limit 1 of each item\n|clearpoke\n|poke|p1|Murkrow, L50, M|\n|poke|p1|Venusaur, L50, M|\n|poke|p1|Flutter Mane, L50|\n|poke|p1|Koraidon, L50|\n|poke|p1|Raichu, L50, F|\n|poke|p1|Sandy Shocks, L50|\n|poke|p2|Dialga-Origin, L50|\n|poke|p2|Ho-Oh, L50|\n|poke|p2|Rotom-Wash, L50|\n|poke|p2|Amoonguss, L50, M|\n|poke|p2|Ursaluna, L50, M|\n|poke|p2|Zoroark-Hisui, L50, F|\n|teampreview|4\n|inactive|Battle timer is ON: inactive players will automatically lose when time's up. (requested by datbishgames)\n|inactive|CortadoEnjoyer has 60 seconds left.\n|inactive|CortadoEnjoyer has 30 seconds left.\n|inactive|CortadoEnjoyer has 20 seconds left.\n|inactive|CortadoEnjoyer has 15 seconds left.\n|inactive|CortadoEnjoyer has 10 seconds left.\n|\n|t:|1775595630\n|teamsize|p1|4\n|teamsize|p2|4\n|start\n|switch|p1a: Koraidon|Koraidon, L50|100/100\n|switch|p1b: Venusaur|Venusaur, L50, M|100/100\n|switch|p2a: Dialga|Dialga-Origin, L50|100/100\n|switch|p2b: Ho-Oh|Ho-Oh, L50|100/100\n|-weather|SunnyDay|[from] ability: Orichalcum Pulse|[of] p1a: Koraidon\n|-activate|p1a: Koraidon|Orichalcum Pulse|[source]\n|turn|1\n|inactive|CortadoEnjoyer has 30 seconds left.\n|\n|t:|1775595656\n|-terastallize|p1a: Koraidon|Fire\n|move|p1a: Koraidon|Close Combat|p2a: Dialga\n|-immune|p2a: Dialga\n|move|p1b: Venusaur|Sleep Powder|p2b: Ho-Oh|[miss]\n|-miss|p1b: Venusaur|p2b: Ho-Oh\n|move|p2a: Dialga|Bitter Malice|p1a: Koraidon\n|-damage|p1a: Koraidon|60/100\n|-unboost|p1a: Koraidon|atk|1\n|move|p2b: Ho-Oh|Tailwind|p2b: Ho-Oh\n|-sidestart|p2: datbishgames|move: Tailwind\n|\n|-weather|SunnyDay|[upkeep]\n|upkeep\n|turn|2\n|\n|t:|1775595680\n|switch|p1a: Raichu|Raichu, L50, F|100/100\n|move|p2a: Dialga|Icy Wind|p1b: Venusaur|[spread] p1a,p1b\n|-supereffective|p1b: Venusaur\n|-damage|p1a: Raichu|83/100\n|-damage|p1b: Venusaur|75/100\n|-unboost|p1a: Raichu|spe|1\n|-unboost|p1b: Venusaur|spe|1\n|move|p2b: Ho-Oh|Brave Bird|p1b: Venusaur\n|-supereffective|p1b: Venusaur\n|-damage|p1b: Venusaur|0 fnt\n|faint|p1b: Venusaur\n|-damage|p2b: Ho-Oh|79/100|[from] Recoil\n|\n|-weather|SunnyDay|[upkeep]\n|upkeep\n|\n|t:|1775595696\n|switch|p1b: Koraidon|Koraidon, L50, tera:Fire|60/100\n|-activate|p1b: Koraidon|ability: Orichalcum Pulse\n|turn|3\n|\n|t:|1775595711\n|move|p1a: Raichu|Fake Out|p2b: Ho-Oh\n|-damage|p2b: Ho-Oh|73/100\n|move|p2a: Dialga|Bitter Malice|p1b: Koraidon\n|-damage|p1b: Koraidon|24/100\n|-unboost|p1b: Koraidon|atk|1\n|move|p1b: Koraidon|Flame Charge|p2a: Dialga\n|-damage|p2a: Dialga|6/100\n|-boost|p1b: Koraidon|spe|1\n|replace|p2a: Zoroark|Zoroark-Hisui, L50, F\n|-end|p2a: Zoroark|Illusion\n|move|p2b: Ho-Oh|Sacred Fire|p1a: Raichu\n|-damage|p1a: Raichu|0 fnt\n|faint|p1a: Raichu\n|\n|-weather|SunnyDay|[upkeep]\n|upkeep\n|\n|t:|1775595730\n|switch|p1a: Flutter Mane|Flutter Mane, L50|100/100\n|-activate|p1a: Flutter Mane|ability: Protosynthesis\n|-start|p1a: Flutter Mane|protosynthesisspe\n|turn|4\n|\n|t:|1775595739\n|move|p1b: Koraidon|Flame Charge|p2b: Ho-Oh\n|-resisted|p2b: Ho-Oh\n|-damage|p2b: Ho-Oh|56/100\n|-boost|p1b: Koraidon|spe|1\n|move|p2a: Zoroark|Icy Wind|p1b: Koraidon|[spread] p1a,p1b\n|-resisted|p1b: Koraidon\n|-damage|p1a: Flutter Mane|86/100\n|-damage|p1b: Koraidon|17/100\n|-unboost|p1a: Flutter Mane|spe|1\n|-unboost|p1b: Koraidon|spe|1\n|move|p2b: Ho-Oh|Brave Bird|p1a: Flutter Mane\n|-damage|p1a: Flutter Mane|0 fnt\n|faint|p1a: Flutter Mane\n|-end|p1a: Flutter Mane|Protosynthesis|[silent]\n|-damage|p2b: Ho-Oh|39/100|[from] Recoil\n|\n|-weather|SunnyDay|[upkeep]\n|-sideend|p2: datbishgames|move: Tailwind\n|upkeep\n|turn|5\n|\n|t:|1775595758\n|move|p1b: Koraidon|Flame Charge|p2a: Zoroark\n|-damage|p2a: Zoroark|0 fnt\n|-boost|p1b: Koraidon|spe|1\n|faint|p2a: Zoroark\n|move|p2b: Ho-Oh|Tailwind|p2b: Ho-Oh\n|-sidestart|p2: datbishgames|move: Tailwind\n|\n|-weather|none\n|upkeep\n|\n|t:|1775595763\n|switch|p2a: Ursaluna|Ursaluna, L50, M|100/100\n|turn|6\n|\n|t:|1775595769\n|-terastallize|p2a: Ursaluna|Ghost\n|move|p1b: Koraidon|Flame Charge|p2b: Ho-Oh\n|-resisted|p2b: Ho-Oh\n|-crit|p2b: Ho-Oh\n|-damage|p2b: Ho-Oh|17/100\n|-boost|p1b: Koraidon|spe|1\n|move|p2b: Ho-Oh|Life Dew||[still]|[spread] p2a,p2b\n|-fail|p2a: Ursaluna|heal\n|-heal|p2b: Ho-Oh|42/100\n|move|p2a: Ursaluna|Earthquake|p1b: Koraidon|[spread] p1b\n|-immune|p2b: Ho-Oh\n|-supereffective|p1b: Koraidon\n|-damage|p1b: Koraidon|0 fnt\n|faint|p1b: Koraidon\n|\n|win|datbishgames\n|raw|CortadoEnjoyer's rating: 1189 &rarr; <strong>1167</strong><br />(-22 for losing)\n|raw|datbishgames's rating: 1236 &rarr; <strong>1258</strong><br />(+22 for winning)\n|l|\u2606CortadoEnjoyer\n|player|p1|\n|l|\u2606datbishgames\n|player|p2|\n","uploadtime":1775596016,"views":11,"formatid":"gen9vgc2026regi","rating":1167,"private":0,"password":null}