{"id":"gen9vgc2026regi-2581780362","format":"[Gen 9] VGC 2026 Reg I","players":["Manifust","Lil Tic"],"log":"|j|\u2606Manifust\n|j|\u2606Lil Tic\n|t:|1776027834\n|gametype|doubles\n|player|p1|Manifust|1|1364\n|player|p2|Lil Tic|170|1391\n|gen|9\n|tier|[Gen 9] VGC 2026 Reg I\n|rated|\n|rule|Species Clause: Limit one of each Pok\u00e9mon\n|rule|Item Clause: Limit 1 of each item\n|clearpoke\n|poke|p1|Zamazenta-*, L50|\n|poke|p1|Urshifu-*, L50, M|\n|poke|p1|Farigiraf, L50, F|\n|poke|p1|Gholdengo, L50|\n|poke|p1|Calyrex-Ice, L50|\n|poke|p1|Rillaboom, L50, M|\n|poke|p2|Koraidon, L50|\n|poke|p2|Flutter Mane, L50|\n|poke|p2|Ho-Oh, L50|\n|poke|p2|Incineroar, L50, F|\n|poke|p2|Amoonguss, L50, F|\n|poke|p2|Ting-Lu, L50|\n|teampreview|4\n|inactive|Battle timer is ON: inactive players will automatically lose when time's up. (requested by Manifust)\nManifust has agreed to open team sheets.\n|inactive|Manifust has 60 seconds left.\n|\n|t:|1776027873\n|teamsize|p1|4\n|teamsize|p2|4\n|start\n|switch|p1a: Zamazenta|Zamazenta-Crowned, L50|100/100\n|switch|p1b: Farigiraf|Farigiraf, L50, F|100/100\n|switch|p2a: Ho-Oh|Ho-Oh, L50|100/100\n|switch|p2b: Incineroar|Incineroar, L50, F|100/100\n|-ability|p1a: Zamazenta|Dauntless Shield|boost\n|-boost|p1a: Zamazenta|def|1\n|-ability|p2b: Incineroar|Intimidate|boost\n|-unboost|p1a: Zamazenta|atk|1\n|-unboost|p1b: Farigiraf|atk|1\n|turn|1\n|\n|t:|1776027894\n|switch|p2b: Amoonguss|Amoonguss, L50, F|100/100\n|-terastallize|p1a: Zamazenta|Fighting\n|move|p2a: Ho-Oh|Sacred Fire|p1a: Zamazenta\n|-damage|p1a: Zamazenta|80/100\n|move|p1a: Zamazenta|Iron Defense|p1a: Zamazenta\n|-boost|p1a: Zamazenta|def|2\n|move|p1b: Farigiraf|Hyper Voice|p2b: Amoonguss|[spread] p2a,p2b\n|-damage|p2a: Ho-Oh|87/100\n|-damage|p2b: Amoonguss|81/100\n|\n|upkeep\n|turn|2\n|\n|t:|1776027922\n|move|p2a: Ho-Oh|Sacred Fire|p1a: Zamazenta\n|-damage|p1a: Zamazenta|65/100\n|move|p1a: Zamazenta|Body Press|p2b: Amoonguss\n|-resisted|p2b: Amoonguss\n|-damage|p2b: Amoonguss|23/100\n|-damage|p1a: Zamazenta|49/100|[from] item: Rocky Helmet|[of] p2b: Amoonguss\n|move|p1b: Farigiraf|Psychic|p2b: Amoonguss\n|-supereffective|p2b: Amoonguss\n|-damage|p2b: Amoonguss|0 fnt\n|faint|p2b: Amoonguss\n|\n|upkeep\n|\n|t:|1776027931\n|switch|p2b: Koraidon|Koraidon, L50|100/100\n|-weather|SunnyDay|[from] ability: Orichalcum Pulse|[of] p2b: Koraidon\n|-activate|p2b: Koraidon|Orichalcum Pulse|[source]\n|turn|3\n|\n|t:|1776027950\n|-terastallize|p2b: Koraidon|Fire\n|move|p2b: Koraidon|Flare Blitz|p1b: Farigiraf\n|-damage|p1b: Farigiraf|0 fnt\n|faint|p1b: Farigiraf\n|-damage|p2b: Koraidon|58/100|[from] Recoil\n|-damage|p2b: Koraidon|48/100|[from] item: Life Orb\n|move|p2a: Ho-Oh|Brave Bird|p1a: Zamazenta\n|-supereffective|p1a: Zamazenta\n|-damage|p1a: Zamazenta|18/100\n|-damage|p2a: Ho-Oh|77/100|[from] Recoil\n|move|p1a: Zamazenta|Body Press|p2b: Koraidon\n|-damage|p2b: Koraidon|0 fnt\n|faint|p2b: Koraidon\n|\n|-weather|SunnyDay|[upkeep]\n|upkeep\n|\n|t:|1776027962\n|switch|p2b: Incineroar|Incineroar, L50, F|100/100\n|switch|p1b: Calyrex|Calyrex-Ice, L50|100/100\n|-ability|p1b: Calyrex|As One\n|-ability|p1b: Calyrex|Unnerve\n|-ability|p2b: Incineroar|Intimidate|boost\n|-unboost|p1a: Zamazenta|atk|1\n|-fail|p1b: Calyrex|unboost|[from] item: Clear Amulet|[of] p1b: Calyrex\n|turn|4\n|j| Jdca\n|\n|t:|1776027973\n|move|p2b: Incineroar|Fake Out|p1b: Calyrex\n|-damage|p1b: Calyrex|93/100\n|move|p2a: Ho-Oh|Brave Bird|p1a: Zamazenta\n|-supereffective|p1a: Zamazenta\n|-damage|p1a: Zamazenta|0 fnt\n|faint|p1a: Zamazenta\n|-damage|p2a: Ho-Oh|72/100|[from] Recoil\n|cant|p1b: Calyrex|flinch\n|\n|-weather|SunnyDay|[upkeep]\n|upkeep\n|\n|t:|1776027978\n|switch|p1a: Gholdengo|Gholdengo, L50|100/100\n|turn|5\n|\n|t:|1776027986\n|move|p1a: Gholdengo|Protect|p1a: Gholdengo\n|-singleturn|p1a: Gholdengo|Protect\n|move|p2a: Ho-Oh|Sacred Fire|p1b: Calyrex\n|-supereffective|p1b: Calyrex\n|-damage|p1b: Calyrex|0 fnt\n|faint|p1b: Calyrex\n|move|p2b: Incineroar|Flare Blitz|p1a: Gholdengo\n|-activate|p1a: Gholdengo|move: Protect\n|\n|-weather|SunnyDay|[upkeep]\n|upkeep\n|turn|6\n|-message|Manifust forfeited.\n|\n|win|Lil Tic\n|raw|Manifust's rating: 1364 &rarr; <strong>1346</strong><br />(-18 for losing)\n|raw|Lil Tic's rating: 1391 &rarr; <strong>1409</strong><br />(+18 for winning)\n|l|\u2606Manifust\n|player|p1|\n|l|\u2606Lil Tic\n|player|p2|\n|l| Jdca\n","uploadtime":1776028237,"views":8,"formatid":"gen9vgc2026regi","rating":1346,"private":0,"password":null}