{"id":"gen9vgc2026regi-2542506418","format":"[Gen 9] VGC 2026 Reg I","players":["EllenJoe2026","Dangarzam"],"log":"|j|\u2606EllenJoe2026\n|j|\u2606Dangarzam\n|t:|1771455852\n|gametype|doubles\n|player|p1|EllenJoe2026|iono|1329\n|player|p2|Dangarzam|170|1241\n|gen|9\n|tier|[Gen 9] VGC 2026 Reg I\n|rated|\n|rule|Species Clause: Limit one of each Pok\u00e9mon\n|rule|Item Clause: Limit 1 of each item\n|clearpoke\n|poke|p1|Calyrex-Ice, L50|\n|poke|p1|Miraidon, L50|\n|poke|p1|Tornadus, L50, M|\n|poke|p1|Urshifu-*, L50, F|\n|poke|p1|Grimmsnarl, L50, M|\n|poke|p1|Indeedee-F, L50, F|\n|poke|p2|Giratina-Origin, L50|\n|poke|p2|Calyrex-Shadow, L50|\n|poke|p2|Zoroark-Hisui, L50, M|\n|poke|p2|Typhlosion-Hisui, L50, M|\n|poke|p2|Annihilape, L50, M|\n|poke|p2|Flutter Mane, L50|\n|teampreview|4\n|inactive|Battle timer is ON: inactive players will automatically lose when time's up. (requested by Dangarzam)\n|inactive|EllenJoe2026 also wants the timer to be on.\n|inactive|Dangarzam has 60 seconds left.\n|\n|t:|1771455891\n|teamsize|p1|4\n|teamsize|p2|4\n|start\n|switch|p1a: Tornadus|Tornadus, L50, M, shiny|100/100\n|switch|p1b: Urshifu|Urshifu-Rapid-Strike, L50, F|100/100\n|switch|p2a: Calyrex|Calyrex-Shadow, L50|100/100\n|switch|p2b: Flutter Mane|Flutter Mane, L50, shiny|100/100\n|-enditem|p2b: Flutter Mane|Booster Energy\n|-activate|p2b: Flutter Mane|ability: Protosynthesis|[fromitem]\n|-start|p2b: Flutter Mane|protosynthesisspe\n|turn|1\n|\n|t:|1771455910\n|move|p1a: Tornadus|Rain Dance|p1a: Tornadus\n|-weather|RainDance\n|move|p1b: Urshifu|Aqua Jet|p2b: Flutter Mane\n|-damage|p2b: Flutter Mane|0 fnt\n|faint|p2b: Flutter Mane\n|-end|p2b: Flutter Mane|Protosynthesis|[silent]\n|move|p2a: Calyrex|Hyper Voice|p1b: Urshifu|[spread] p1a,p1b\n|-damage|p1a: Tornadus|38/100\n|-damage|p1b: Urshifu|29/100\n|-damage|p2a: Calyrex|90/100|[from] item: Life Orb\n|\n|-weather|RainDance|[upkeep]\n|upkeep\n|\n|t:|1771455927\n|switch|p2b: Calyrex|Calyrex-Shadow, L50|100/100\n|-ability|p2b: Calyrex|As One\n|-ability|p2b: Calyrex|Unnerve\n|turn|2\n|\n|t:|1771455937\n|move|p1a: Tornadus|Tailwind|p1a: Tornadus\n|-sidestart|p1: EllenJoe2026|move: Tailwind\n|move|p1b: Urshifu|Aqua Jet|p2b: Calyrex\n|-damage|p2b: Calyrex|42/100\n|move|p2b: Calyrex|Astral Barrage|p1a: Tornadus|[spread] p1a,p1b\n|-crit|p1b: Urshifu\n|-damage|p1a: Tornadus|0 fnt\n|-damage|p1b: Urshifu|0 fnt\n|faint|p1a: Tornadus\n|faint|p1b: Urshifu\n|-ability|p2b: Calyrex|Grim Neigh|boost\n|-boost|p2b: Calyrex|spa|2\n|move|p2a: Calyrex|Hyper Voice|p1: Tornadus|[notarget]\n|-fail|p2a: Calyrex\n|\n|-weather|RainDance|[upkeep]\n|upkeep\n|\n|t:|1771455944\n|switch|p1a: Miraidon|Miraidon, L50, shiny|100/100\n|switch|p1b: Calyrex|Calyrex-Ice, L50|100/100\n|-ability|p1b: Calyrex|As One\n|-ability|p1b: Calyrex|Unnerve\n|-fieldstart|move: Electric Terrain|[from] ability: Hadron Engine|[of] p1a: Miraidon\n|turn|3\n|\n|t:|1771455964\n|move|p2b: Calyrex|Protect|p2b: Calyrex\n|-singleturn|p2b: Calyrex|Protect\n|move|p1a: Miraidon|Electro Drift|p2b: Calyrex\n|-activate|p2b: Calyrex|move: Protect\n|move|p1b: Calyrex|Glacial Lance|p2a: Calyrex|[spread] p2a\n|-activate|p2b: Calyrex|move: Protect\n|-damage|p2a: Calyrex|0 fnt\n|replace|p2a: Zoroark|Zoroark-Hisui, L50, M, shiny\n|-end|p2a: Zoroark|Illusion\n|faint|p2a: Zoroark\n|-ability|p1b: Calyrex|Chilling Neigh|boost\n|-boost|p1b: Calyrex|atk|1\n|\n|-weather|RainDance|[upkeep]\n|upkeep\n|\n|t:|1771455975\n|switch|p2a: Giratina|Giratina-Origin, L50, shiny|100/100\n|turn|4\n|\n|t:|1771455990\n|-terastallize|p1b: Calyrex|Grass\n|-terastallize|p2a: Giratina|Fairy\n|move|p2b: Calyrex|Protect|p2b: Calyrex\n|-singleturn|p2b: Calyrex|Protect\n|move|p1a: Miraidon|Electro Drift|p2b: Calyrex\n|-activate|p2b: Calyrex|move: Protect\n|move|p1b: Calyrex|Glacial Lance|p2a: Giratina|[spread] p2a\n|-activate|p2b: Calyrex|move: Protect\n|-damage|p2a: Giratina|50/100\n|move|p2a: Giratina|Draco Meteor|p1a: Miraidon\n|-supereffective|p1a: Miraidon\n|-damage|p1a: Miraidon|0 fnt\n|-unboost|p2a: Giratina|spa|2\n|faint|p1a: Miraidon\n|\n|-weather|RainDance|[upkeep]\n|upkeep\n|turn|5\n|\n|t:|1771456011\n|move|p2a: Giratina|Protect|p2a: Giratina\n|-singleturn|p2a: Giratina|Protect\n|move|p2b: Calyrex|Astral Barrage|p1b: Calyrex\n|-damage|p1b: Calyrex|0 fnt\n|faint|p1b: Calyrex\n|\n|win|Dangarzam\n|raw|EllenJoe2026's rating: 1329 &rarr; <strong>1304</strong><br />(-25 for losing)\n|raw|Dangarzam's rating: 1241 &rarr; <strong>1272</strong><br />(+31 for winning)\n|l|\u2606EllenJoe2026\n|player|p1|\n|l|\u2606Dangarzam\n|player|p2|\n","uploadtime":1771456243,"views":11,"formatid":"gen9vgc2026regi","rating":1272,"private":0,"password":null}