{"id":"gen9vgc2026regi-2564689911","format":"[Gen 9] VGC 2026 Reg I","players":["blackred123","cobradriver9degree"],"log":"|j|\u2606blackred123\n|j|\u2606cobradriver9degree\n|t:|1774186744\n|gametype|doubles\n|player|p1|blackred123|iono-masters|1424\n|player|p2|cobradriver9degree|170|1452\n|gen|9\n|tier|[Gen 9] VGC 2026 Reg I\n|rated|\n|rule|Species Clause: Limit one of each Pok\u00e9mon\n|rule|Item Clause: Limit 1 of each item\n|clearpoke\n|poke|p1|Lunala, L50|\n|poke|p1|Koraidon, L50|\n|poke|p1|Chi-Yu, L50|\n|poke|p1|Flutter Mane, L50|\n|poke|p1|Brute Bonnet, L50|\n|poke|p1|Ursaluna, L50, F|\n|poke|p2|Tornadus, L50, M|\n|poke|p2|Kyogre, L50|\n|poke|p2|Calyrex-Ice, L50|\n|poke|p2|Rillaboom, L50, M|\n|poke|p2|Urshifu-*, L50, M|\n|poke|p2|Landorus, L50, M|\n|teampreview|4\n|inactive|Battle timer is ON: inactive players will automatically lose when time's up. (requested by blackred123)\n|\n|t:|1774186770\n|teamsize|p1|4\n|teamsize|p2|4\n|start\n|switch|p1a: Flutter Mane|Flutter Mane, L50|100/100\n|switch|p1b: Chi-Yu|Chi-Yu, L50|100/100\n|switch|p2a: Rillaboom|Rillaboom, L50, M|100/100\n|switch|p2b: Urshifu|Urshifu-Rapid-Strike, L50, M|100/100\n|-ability|p1b: Chi-Yu|Beads of Ruin\n|-fieldstart|move: Grassy Terrain|[from] ability: Grassy Surge|[of] p2a: Rillaboom\n|turn|1\n|\n|t:|1774186793\n|switch|p2a: Kyogre|Kyogre, L50|100/100\n|-weather|RainDance|[from] ability: Drizzle|[of] p2a: Kyogre\n|move|p1b: Chi-Yu|Heat Wave|p2b: Urshifu|[spread] p2a\n|-miss|p1b: Chi-Yu|p2b: Urshifu\n|-resisted|p2a: Kyogre\n|-damage|p2a: Kyogre|91/100\n|move|p2b: Urshifu|Surging Strikes|p1a: Flutter Mane\n|-crit|p1a: Flutter Mane\n|-damage|p1a: Flutter Mane|29/100\n|-crit|p1a: Flutter Mane\n|-damage|p1a: Flutter Mane|0 fnt\n|faint|p1a: Flutter Mane\n|-end|p1a: Flutter Mane|Protosynthesis|[silent]\n|-hitcount|p1: Flutter Mane|2\n|\n|-weather|RainDance|[upkeep]\n|-heal|p2a: Kyogre|97/100|[from] Grassy Terrain\n|upkeep\n|\n|t:|1774186797\n|switch|p1a: Koraidon|Koraidon, L50|100/100\n|-weather|SunnyDay|[from] ability: Orichalcum Pulse|[of] p1a: Koraidon\n|-activate|p1a: Koraidon|Orichalcum Pulse|[source]\n|turn|2\n|inactive|cobradriver9degree has 30 seconds left.\n|inactive|cobradriver9degree has 20 seconds left.\n|inactive|cobradriver9degree has 15 seconds left.\n|\n|t:|1774186839\n|move|p1b: Chi-Yu|Heat Wave|p2b: Urshifu|[spread] p2a,p2b\n|-resisted|p2a: Kyogre\n|-resisted|p2b: Urshifu\n|-crit|p2b: Urshifu\n|-damage|p2a: Kyogre|72/100\n|-damage|p2b: Urshifu|7/100\n|move|p2b: Urshifu|Surging Strikes|p1b: Chi-Yu\n|-supereffective|p1b: Chi-Yu\n|-crit|p1b: Chi-Yu\n|-damage|p1b: Chi-Yu|73/100\n|-supereffective|p1b: Chi-Yu\n|-crit|p1b: Chi-Yu\n|-damage|p1b: Chi-Yu|41/100\n|-supereffective|p1b: Chi-Yu\n|-crit|p1b: Chi-Yu\n|-damage|p1b: Chi-Yu|9/100\n|-hitcount|p1b: Chi-Yu|3\n|move|p1a: Koraidon|Close Combat|p2a: Kyogre\n|-damage|p2a: Kyogre|0 fnt\n|-unboost|p1a: Koraidon|def|1\n|-unboost|p1a: Koraidon|spd|1\n|faint|p2a: Kyogre\n|-damage|p1a: Koraidon|91/100|[from] item: Life Orb\n|\n|-weather|SunnyDay|[upkeep]\n|-heal|p1b: Chi-Yu|14/100|[from] Grassy Terrain\n|-heal|p2b: Urshifu|14/100|[from] Grassy Terrain\n|-heal|p1a: Koraidon|97/100|[from] Grassy Terrain\n|upkeep\n|j| touchdownJulio\n|\n|t:|1774186857\n|switch|p2a: Calyrex|Calyrex-Ice, L50|100/100\n|-ability|p2a: Calyrex|As One\n|-ability|p2a: Calyrex|Unnerve\n|turn|3\n|\n|t:|1774186871\n|-terastallize|p1a: Koraidon|Fire\n|move|p2a: Calyrex|Protect|p2a: Calyrex\n|-singleturn|p2a: Calyrex|Protect\n|move|p1b: Chi-Yu|Heat Wave|p2b: Urshifu|[spread] p2b\n|-activate|p2a: Calyrex|move: Protect\n|-resisted|p2b: Urshifu\n|-damage|p2b: Urshifu|0 fnt\n|faint|p2b: Urshifu\n|move|p1a: Koraidon|Close Combat|p2a: Calyrex\n|-activate|p2a: Calyrex|move: Protect\n|\n|-weather|SunnyDay|[upkeep]\n|-heal|p1b: Chi-Yu|20/100|[from] Grassy Terrain\n|-heal|p1a: Koraidon|100/100|[from] Grassy Terrain\n|upkeep\n|\n|t:|1774186875\n|switch|p2b: Rillaboom|Rillaboom, L50, M|100/100\n|turn|4\n|\n|t:|1774186900\n|switch|p1a: Lunala|Lunala, L50, shiny|100/100\n|-terastallize|p2a: Calyrex|Fairy\n|move|p2b: Rillaboom|Fake Out|p1b: Chi-Yu\n|-damage|p1b: Chi-Yu|0 fnt\n|faint|p1b: Chi-Yu\n|move|p2a: Calyrex|Trick Room|p2a: Calyrex\n|-fieldstart|move: Trick Room|[of] p2a: Calyrex\n|\n|-weather|SunnyDay|[upkeep]\n|upkeep\n|inactive|blackred123 has 30 seconds left.\n|inactive|blackred123 has 20 seconds left.\n|\n|t:|1774186939\n|switch|p1b: Koraidon|Koraidon, L50, tera:Fire|100/100\n|-activate|p1b: Koraidon|ability: Orichalcum Pulse\n|turn|5\n|\n|t:|1774186951\n|move|p2a: Calyrex|Glacial Lance|p1b: Koraidon|[spread] p1a,p1b\n|-resisted|p1b: Koraidon\n|-damage|p1a: Lunala|79/100\n|-damage|p1b: Koraidon|77/100\n|move|p2b: Rillaboom|Wood Hammer|p1a: Lunala\n|-damage|p1a: Lunala|16/100\n|-damage|p2b: Rillaboom|76/100|[from] Recoil\n|move|p1a: Lunala|Meteor Beam||[still]\n|-prepare|p1a: Lunala|Meteor Beam\n|-boost|p1a: Lunala|spa|1\n|-enditem|p1a: Lunala|Power Herb\n|-anim|p1a: Lunala|Meteor Beam|p2a: Calyrex\n|-damage|p2a: Calyrex|60/100\n|move|p1b: Koraidon|Flare Blitz|p2b: Rillaboom\n|-supereffective|p2b: Rillaboom\n|-damage|p2b: Rillaboom|0 fnt\n|faint|p2b: Rillaboom\n|-damage|p1b: Koraidon|48/100|[from] Recoil\n|-damage|p1b: Koraidon|38/100|[from] item: Life Orb\n|\n|-weather|SunnyDay|[upkeep]\n|-heal|p2a: Calyrex|66/100|[from] Grassy Terrain\n|-heal|p2a: Calyrex|72/100|[from] item: Leftovers\n|-heal|p1a: Lunala|22/100|[from] Grassy Terrain\n|-heal|p1b: Koraidon|44/100|[from] Grassy Terrain\n|-fieldend|move: Grassy Terrain\n|upkeep\n|turn|6\n|\n|t:|1774186969\n|move|p2a: Calyrex|Protect|p2a: Calyrex\n|-singleturn|p2a: Calyrex|Protect\n|move|p1a: Lunala|Wide Guard|p1a: Lunala\n|-singleturn|p1a: Lunala|Wide Guard\n|move|p1b: Koraidon|Flare Blitz|p2a: Calyrex\n|-activate|p2a: Calyrex|move: Protect\n|\n|-weather|none\n|-heal|p2a: Calyrex|78/100|[from] item: Leftovers\n|upkeep\n|turn|7\n|\n|t:|1774186984\n|move|p1a: Lunala|Wide Guard|p1a: Lunala\n|-singleturn|p1a: Lunala|Wide Guard\n|move|p2a: Calyrex|Leech Seed|p1a: Lunala\n|-start|p1a: Lunala|move: Leech Seed\n|move|p1b: Koraidon|Flare Blitz|p2a: Calyrex\n|-damage|p2a: Calyrex|30/100\n|-damage|p1b: Koraidon|25/100|[from] Recoil\n|-damage|p1b: Koraidon|16/100|[from] item: Life Orb\n|\n|-heal|p2a: Calyrex|36/100|[from] item: Leftovers\n|-damage|p1a: Lunala|9/100|[from] Leech Seed|[of] p2a: Calyrex\n|-heal|p2a: Calyrex|50/100|[silent]\n|upkeep\n|turn|8\n|inactive|cobradriver9degree has 30 seconds left.\n|\n|t:|1774187010\n|move|p2a: Calyrex|Protect|p2a: Calyrex\n|-singleturn|p2a: Calyrex|Protect\n|move|p1b: Koraidon|Protect|p1b: Koraidon\n|-singleturn|p1b: Koraidon|Protect\n|move|p1a: Lunala|Wide Guard||[still]\n|-fail|p1a: Lunala\n|\n|-heal|p2a: Calyrex|56/100|[from] item: Leftovers\n|-damage|p1a: Lunala|0 fnt|[from] Leech Seed|[of] p2a: Calyrex\n|-heal|p2a: Calyrex|66/100|[silent]\n|faint|p1a: Lunala\n|-fieldend|move: Trick Room\n|upkeep\n|turn|9\n|\n|t:|1774187020\n|move|p1b: Koraidon|Flare Blitz|p2a: Calyrex\n|-damage|p2a: Calyrex|18/100\n|-damage|p1b: Koraidon|0 fnt|[from] Recoil\n|faint|p1b: Koraidon\n|\n|win|cobradriver9degree\n|raw|blackred123's rating: 1424 &rarr; <strong>1406</strong><br />(-18 for losing)\n|raw|cobradriver9degree's rating: 1452 &rarr; <strong>1470</strong><br />(+18 for winning)\n|l| touchdownJulio\n","uploadtime":1774187027,"views":17,"formatid":"gen9vgc2026regi","rating":1406,"private":0,"password":null}