{"id":"gen9vgc2026regi-2565181558","format":"[Gen 9] VGC 2026 Reg I","players":["MinatoSeviser","lstdddsg"],"log":"|j|\u2606MinatoSeviser\n|j|\u2606lstdddsg\n|t:|1774239514\n|gametype|doubles\n|player|p1|MinatoSeviser|kukui|1367\n|player|p2|lstdddsg|riley|1416\n|gen|9\n|tier|[Gen 9] VGC 2026 Reg I\n|rated|\n|rule|Species Clause: Limit one of each Pok\u00e9mon\n|rule|Item Clause: Limit 1 of each item\n|clearpoke\n|poke|p1|Muk-Alola, L50, M|\n|poke|p1|Calyrex-Shadow, L50|\n|poke|p1|Indeedee-F, L50, F|\n|poke|p1|Smeargle, L50, F|\n|poke|p1|Ho-Oh, L50|\n|poke|p1|Cramorant, L50, M|\n|poke|p2|Giratina-Origin, L50|\n|poke|p2|Zamazenta-*, L50|\n|poke|p2|Chien-Pao, L50|\n|poke|p2|Entei, L50|\n|poke|p2|Urshifu-*, L50, F|\n|poke|p2|Rillaboom, L50, F|\n|teampreview|4\n|inactive|Battle timer is ON: inactive players will automatically lose when time's up. (requested by lstdddsg)\nMinatoSeviser has agreed to open team sheets.\n|inactive|lstdddsg has 60 seconds left.\n|\n|t:|1774239556\n|teamsize|p1|4\n|teamsize|p2|4\n|start\n|switch|p1a: Kokozaj|Smeargle, L50, F|100/100\n|switch|p1b: Barevn\u00e9 Bl\u00e1to|Muk-Alola, L50, M|100/100\n|switch|p2a: Entei|Entei, L50|100/100\n|switch|p2b: Chien-Pao|Chien-Pao, L50|100/100\n|-ability|p2b: Chien-Pao|Sword of Ruin\n|turn|1\n|inactive|lstdddsg has 30 seconds left.\n|\n|t:|1774239582\n|move|p1a: Kokozaj|Fake Out|p2b: Chien-Pao\n|-damage|p2b: Chien-Pao|94/100\n|cant|p2b: Chien-Pao|flinch\n|move|p2a: Entei|Sacred Fire|p1b: Barevn\u00e9 Bl\u00e1to\n|-damage|p1b: Barevn\u00e9 Bl\u00e1to|31/100\n|-damage|p2a: Entei|91/100|[from] item: Life Orb\n|move|p1b: Barevn\u00e9 Bl\u00e1to|Minimize|p1b: Barevn\u00e9 Bl\u00e1to\n|-boost|p1b: Barevn\u00e9 Bl\u00e1to|evasion|2\n|\n|-heal|p1b: Barevn\u00e9 Bl\u00e1to|37/100|[from] item: Leftovers\n|-ability|p1a: Kokozaj|Moody|boost\n|-boost|p1a: Kokozaj|spd|2\n|-unboost|p1a: Kokozaj|def|1\n|upkeep\n|turn|2\n|inactive|lstdddsg has 30 seconds left.\n|inactive|lstdddsg has 20 seconds left.\n|\n|t:|1774239620\n|move|p1a: Kokozaj|Follow Me|p1a: Kokozaj\n|-singleturn|p1a: Kokozaj|move: Follow Me\n|move|p2a: Entei|Extreme Speed|p1a: Kokozaj\n|-enditem|p1a: Kokozaj|Focus Sash\n|-damage|p1a: Kokozaj|1/100\n|-damage|p2a: Entei|81/100|[from] item: Life Orb\n|move|p2b: Chien-Pao|Icicle Crash|p1a: Kokozaj\n|-damage|p1a: Kokozaj|0 fnt\n|faint|p1a: Kokozaj\n|-ability|p1b: Barevn\u00e9 Bl\u00e1to|Moody|Power of Alchemy|[from] ability: Power of Alchemy|[of] p1a: Kokozaj\n|move|p1b: Barevn\u00e9 Bl\u00e1to|Minimize|p1b: Barevn\u00e9 Bl\u00e1to\n|-boost|p1b: Barevn\u00e9 Bl\u00e1to|evasion|2\n|\n|-heal|p1b: Barevn\u00e9 Bl\u00e1to|43/100|[from] item: Leftovers\n|-ability|p1b: Barevn\u00e9 Bl\u00e1to|Moody|boost\n|-boost|p1b: Barevn\u00e9 Bl\u00e1to|spa|2\n|-unboost|p1b: Barevn\u00e9 Bl\u00e1to|atk|1\n|upkeep\n|\n|t:|1774239645\n|switch|p1a: Luigi|Ho-Oh, L50|100/100\n|-ability|p1a: Luigi|Pressure\n|turn|3\n|\n|t:|1774239665\n|move|p2b: Chien-Pao|Ruination|p1b: Barevn\u00e9 Bl\u00e1to|[miss]\n|-miss|p2b: Chien-Pao|p1b: Barevn\u00e9 Bl\u00e1to\n|move|p1a: Luigi|Sacred Fire|p2b: Chien-Pao\n|-supereffective|p2b: Chien-Pao\n|-damage|p2b: Chien-Pao|0 fnt\n|faint|p2b: Chien-Pao\n|move|p2a: Entei|Stone Edge|p1a: Luigi\n|-supereffective|p1a: Luigi\n|-damage|p1a: Luigi|0 fnt\n|faint|p1a: Luigi\n|-damage|p2a: Entei|72/100|[from] item: Life Orb\n|move|p1b: Barevn\u00e9 Bl\u00e1to|Minimize|p1b: Barevn\u00e9 Bl\u00e1to\n|-boost|p1b: Barevn\u00e9 Bl\u00e1to|evasion|2\n|\n|-heal|p1b: Barevn\u00e9 Bl\u00e1to|49/100|[from] item: Leftovers\n|-ability|p1b: Barevn\u00e9 Bl\u00e1to|Moody|boost\n|-boost|p1b: Barevn\u00e9 Bl\u00e1to|atk|2\n|-unboost|p1b: Barevn\u00e9 Bl\u00e1to|spd|1\n|upkeep\n|\n|t:|1774239685\n|switch|p2b: Urshifu|Urshifu-Rapid-Strike, L50, F|100/100\n|switch|p1a: Kedluben na Koni|Calyrex-Shadow, L50|100/100\n|-ability|p1a: Kedluben na Koni|As One\n|-ability|p1a: Kedluben na Koni|Unnerve\n|turn|4\n|\n|t:|1774239697\n|-terastallize|p2b: Urshifu|Water\n|move|p2a: Entei|Extreme Speed|p1a: Kedluben na Koni\n|-immune|p1a: Kedluben na Koni\n|move|p2b: Urshifu|Surging Strikes|p1a: Kedluben na Koni\n|-crit|p1a: Kedluben na Koni\n|-damage|p1a: Kedluben na Koni|66/100\n|-crit|p1a: Kedluben na Koni\n|-damage|p1a: Kedluben na Koni|32/100\n|-crit|p1a: Kedluben na Koni\n|-damage|p1a: Kedluben na Koni|0 fnt\n|faint|p1a: Kedluben na Koni\n|-hitcount|p1: Kedluben na Koni|3\n|move|p1b: Barevn\u00e9 Bl\u00e1to|Drain Punch|p2b: Urshifu\n|-damage|p2b: Urshifu|72/100\n|-heal|p1b: Barevn\u00e9 Bl\u00e1to|61/100|[from] drain|[of] p2b: Urshifu\n|\n|-heal|p1b: Barevn\u00e9 Bl\u00e1to|67/100|[from] item: Leftovers\n|-ability|p1b: Barevn\u00e9 Bl\u00e1to|Moody|boost\n|-boost|p1b: Barevn\u00e9 Bl\u00e1to|atk|2\n|-unboost|p1b: Barevn\u00e9 Bl\u00e1to|spe|1\n|upkeep\n|turn|5\n|c|\u2606MinatoSeviser|I see\n|\n|t:|1774239722\n|move|p2b: Urshifu|Surging Strikes|p1b: Barevn\u00e9 Bl\u00e1to\n|-crit|p1b: Barevn\u00e9 Bl\u00e1to\n|-damage|p1b: Barevn\u00e9 Bl\u00e1to|44/100\n|-crit|p1b: Barevn\u00e9 Bl\u00e1to\n|-damage|p1b: Barevn\u00e9 Bl\u00e1to|20/100\n|-crit|p1b: Barevn\u00e9 Bl\u00e1to\n|-damage|p1b: Barevn\u00e9 Bl\u00e1to|0 fnt\n|faint|p1b: Barevn\u00e9 Bl\u00e1to\n|-hitcount|p1: Barevn\u00e9 Bl\u00e1to|3\n|\n|win|lstdddsg\n|raw|MinatoSeviser's rating: 1367 &rarr; <strong>1350</strong><br />(-17 for losing)\n|raw|lstdddsg's rating: 1416 &rarr; <strong>1433</strong><br />(+17 for winning)\n|l|\u2606MinatoSeviser\n|player|p1|\n|l|\u2606lstdddsg\n|player|p2|\n","uploadtime":1774239914,"views":10,"formatid":"gen9vgc2026regi","rating":1350,"private":0,"password":null}