{"id":"gen9vgc2026regi-2563208867","format":"[Gen 9] VGC 2026 Reg I","players":["chenyitong","Jonen"],"log":"|j|\u2606chenyitong\n|j|\u2606Jonen\n|t:|1774003502\n|gametype|doubles\n|player|p1|chenyitong|rosa|1258\n|player|p2|Jonen|medium|1323\n|gen|9\n|tier|[Gen 9] VGC 2026 Reg I\n|rated|\n|rule|Species Clause: Limit one of each Pok\u00e9mon\n|rule|Item Clause: Limit 1 of each item\n|clearpoke\n|poke|p1|Indeedee-F, L50, F|\n|poke|p1|Pelipper, L50, F|\n|poke|p1|Kyogre, L50|\n|poke|p1|Volcarona, L50, F|\n|poke|p1|Calyrex-Ice, L50|\n|poke|p1|Smeargle, L50, F|\n|poke|p2|Groudon, L50|\n|poke|p2|Lunala, L50|\n|poke|p2|Sableye, L50, F|\n|poke|p2|Chi-Yu, L50|\n|poke|p2|Rillaboom, L50, M|\n|poke|p2|Jumpluff, L50, M|\n|teampreview|4\n|\n|t:|1774003519\n|teamsize|p1|4\n|teamsize|p2|4\n|start\n|switch|p1a: Calyrex|Calyrex-Ice, L50|100/100\n|switch|p1b: Smeargle|Smeargle, L50, F|100/100\n|switch|p2a: Lunala|Lunala, L50|100/100\n|switch|p2b: Sableye|Sableye, L50, F|100/100\n|-ability|p1a: Calyrex|As One\n|-ability|p1a: Calyrex|Unnerve\n|turn|1\n|\n|t:|1774003540\n|move|p2b: Sableye|Gravity|p2b: Sableye\n|-fieldstart|move: Gravity\n|move|p2a: Lunala|Hypnosis|p1b: Smeargle\n|-status|p1b: Smeargle|slp|[from] move: Hypnosis\n|cant|p1b: Smeargle|slp\n|move|p1a: Calyrex|Crunch|p2a: Lunala\n|-supereffective|p2a: Lunala\n|-damage|p2a: Lunala|42/100\n|\n|-ability|p1b: Smeargle|Moody|boost\n|-boost|p1b: Smeargle|atk|2\n|-unboost|p1b: Smeargle|spa|1\n|upkeep\n|turn|2\n|\n|t:|1774003572\n|move|p2a: Lunala|Hypnosis|p1a: Calyrex\n|-status|p1a: Calyrex|slp|[from] move: Hypnosis\n|cant|p1b: Smeargle|slp\n|cant|p1a: Calyrex|slp\n|move|p2b: Sableye|Foul Play|p1b: Smeargle\n|-damage|p1b: Smeargle|47/100 slp\n|\n|-ability|p1b: Smeargle|Moody|boost\n|-boost|p1b: Smeargle|spe|2\n|-unboost|p1b: Smeargle|spd|1\n|upkeep\n|turn|3\n|\n|t:|1774003595\n|-terastallize|p1a: Calyrex|Grass\n|move|p2a: Lunala|Protect|p2a: Lunala\n|-singleturn|p2a: Lunala|Protect\n|-curestatus|p1b: Smeargle|slp|[msg]\n|move|p1b: Smeargle|Spore|p2a: Lunala\n|-activate|p2a: Lunala|move: Protect\n|-curestatus|p1a: Calyrex|slp|[msg]\n|move|p1a: Calyrex|Glacial Lance|p2a: Lunala|[spread] p2b\n|-activate|p2a: Lunala|move: Protect\n|-damage|p2b: Sableye|46/100\n|move|p2b: Sableye|Foul Play|p1b: Smeargle\n|-damage|p1b: Smeargle|0 fnt\n|faint|p1b: Smeargle\n|\n|upkeep\n|\n|t:|1774003615\n|switch|p1b: Indeedee|Indeedee-F, L50, F|100/100\n|-fieldstart|move: Psychic Terrain|[from] ability: Psychic Surge|[of] p1b: Indeedee\n|-enditem|p1b: Indeedee|Psychic Seed\n|-boost|p1b: Indeedee|spd|1|[from] item: Psychic Seed\n|turn|4\n|\n|t:|1774003639\n|move|p1b: Indeedee|Follow Me|p1b: Indeedee\n|-singleturn|p1b: Indeedee|move: Follow Me\n|move|p2a: Lunala|Hypnosis|p1b: Indeedee\n|-status|p1b: Indeedee|slp|[from] move: Hypnosis\n|move|p1a: Calyrex|Crunch|p2a: Lunala\n|-supereffective|p2a: Lunala\n|-crit|p2a: Lunala\n|-damage|p2a: Lunala|0 fnt\n|faint|p2a: Lunala\n|-ability|p1a: Calyrex|Chilling Neigh|boost\n|-boost|p1a: Calyrex|atk|1\n|move|p2b: Sableye|Foul Play|p1b: Indeedee\n|-supereffective|p1b: Indeedee\n|-damage|p1b: Indeedee|67/100 slp\n|\n|upkeep\n|\n|t:|1774003650\n|switch|p2a: Groudon|Groudon, L50|100/100\n|-weather|SunnyDay|[from] ability: Drought|[of] p2a: Groudon\n|turn|5\n|\n|t:|1774003668\n|-terastallize|p2a: Groudon|Fire\n|cant|p1b: Indeedee|slp\n|move|p2a: Groudon|Precipice Blades|p1b: Indeedee|[spread] p1a,p1b\n|-resisted|p1a: Calyrex\n|-damage|p1a: Calyrex|79/100\n|-damage|p1b: Indeedee|0 fnt\n|faint|p1b: Indeedee\n|-damage|p2a: Groudon|91/100|[from] item: Life Orb\n|move|p1a: Calyrex|Glacial Lance|p2b: Sableye|[spread] p2a,p2b\n|-resisted|p2a: Groudon\n|-damage|p2a: Groudon|62/100\n|-damage|p2b: Sableye|0 fnt\n|faint|p2b: Sableye\n|-ability|p1a: Calyrex|Chilling Neigh|boost\n|-boost|p1a: Calyrex|atk|1\n|\n|-weather|SunnyDay|[upkeep]\n|-fieldend|move: Gravity\n|upkeep\n|\n|t:|1774003686\n|switch|p1b: Kyogre|Kyogre, L50|100/100\n|switch|p2b: Rillaboom|Rillaboom, L50, M|100/100\n|-weather|RainDance|[from] ability: Drizzle|[of] p1b: Kyogre\n|-fieldstart|move: Grassy Terrain|[from] ability: Grassy Surge|[of] p2b: Rillaboom\n|turn|6\n|\n|t:|1774003700\n|move|p2b: Rillaboom|Fake Out|p1b: Kyogre\n|-damage|p1b: Kyogre|86/100\n|cant|p1b: Kyogre|flinch\n|move|p2a: Groudon|Precipice Blades|p1a: Calyrex|[spread] p1a,p1b\n|-resisted|p1a: Calyrex\n|-damage|p1a: Calyrex|57/100\n|-damage|p1b: Kyogre|8/100\n|-damage|p2a: Groudon|52/100|[from] item: Life Orb\n|move|p1a: Calyrex|High Horsepower|p2a: Groudon\n|-supereffective|p2a: Groudon\n|-damage|p2a: Groudon|0 fnt\n|faint|p2a: Groudon\n|-ability|p1a: Calyrex|Chilling Neigh|boost\n|-boost|p1a: Calyrex|atk|1\n|\n|-weather|RainDance|[upkeep]\n|-heal|p1b: Kyogre|14/100|[from] Grassy Terrain\n|-heal|p1a: Calyrex|63/100|[from] Grassy Terrain\n|upkeep\n|turn|7\n|\n|t:|1774003722\n|move|p1b: Kyogre|Origin Pulse|p2b: Rillaboom\n|-resisted|p2b: Rillaboom\n|-damage|p2b: Rillaboom|72/100\n|move|p2b: Rillaboom|U-turn|p1a: Calyrex\n|-supereffective|p1a: Calyrex\n|-damage|p1a: Calyrex|35/100\n|move|p1a: Calyrex|Glacial Lance|p2b: Rillaboom\n|-supereffective|p2b: Rillaboom\n|-damage|p2b: Rillaboom|0 fnt\n|faint|p2b: Rillaboom\n|\n|win|chenyitong\n|raw|chenyitong's rating: 1258 &rarr; <strong>1288</strong><br />(+30 for winning)\n|raw|Jonen's rating: 1323 &rarr; <strong>1299</strong><br />(-24 for losing)\n","uploadtime":1774003722,"views":11,"formatid":"gen9vgc2026regi","rating":1288,"private":0,"password":null}