{"id":"gen9vgc2026regi-2538191790","format":"[Gen 9] VGC 2026 Reg I","players":["blackred123","renan.tony"],"log":"|j|\u2606blackred123\n|j|\u2606renan.tony\n|t:|1770904738\n|gametype|doubles\n|player|p1|blackred123|iono-masters|1485\n|player|p2|renan.tony|lance|1380\n|gen|9\n|tier|[Gen 9] VGC 2026 Reg I\n|rated|\n|rule|Species Clause: Limit one of each Pok\u00e9mon\n|rule|Item Clause: Limit 1 of each item\n|clearpoke\n|poke|p1|Calyrex-Shadow, L50|\n|poke|p1|Zamazenta-*, L50|\n|poke|p1|Roaring Moon, L50|\n|poke|p1|Maushold-Four, L50|\n|poke|p1|Weezing, L50, M|\n|poke|p1|Amoonguss, L50, M|\n|poke|p2|Whimsicott, L50, F|\n|poke|p2|Miraidon, L50|\n|poke|p2|Ho-Oh, L50|\n|poke|p2|Incineroar, L50, M|\n|poke|p2|Farigiraf, L50, F|\n|poke|p2|Dragonite, L50, F|\n|teampreview|4\n|inactive|Battle timer is ON: inactive players will automatically lose when time's up. (requested by blackred123)\n|inactive|blackred123 has 60 seconds left.\n|\n|t:|1770904774\n|teamsize|p1|4\n|teamsize|p2|4\n|start\n|switch|p1a: Calyrex|Calyrex-Shadow, L50|100/100\n|switch|p1b: Zamazenta|Zamazenta-Crowned, L50|100/100\n|switch|p2a: Whimsicott|Whimsicott, L50, F|100/100\n|switch|p2b: Miraidon|Miraidon, L50|100/100\n|-ability|p1a: Calyrex|As One\n|-ability|p1a: Calyrex|Unnerve\n|-fieldstart|move: Electric Terrain|[from] ability: Hadron Engine|[of] p2b: Miraidon\n|-ability|p1b: Zamazenta|Dauntless Shield|boost\n|-boost|p1b: Zamazenta|def|1\n|turn|1\n|\n|t:|1770904797\n|switch|p1a: Amoonguss|Amoonguss, L50, M|100/100\n|move|p2a: Whimsicott|Light Screen|p2a: Whimsicott\n|-sidestart|p2: renan.tony|move: Light Screen\n|move|p2b: Miraidon|Parabolic Charge|p1a: Amoonguss|[spread] p2a,p1a,p1b\n|-resisted|p2a: Whimsicott\n|-crit|p2a: Whimsicott\n|-resisted|p1a: Amoonguss\n|-damage|p2a: Whimsicott|52/100\n|-damage|p1a: Amoonguss|74/100\n|-damage|p1b: Zamazenta|67/100\n|move|p1b: Zamazenta|Heavy Slam|p2a: Whimsicott\n|-supereffective|p2a: Whimsicott\n|-damage|p2a: Whimsicott|0 fnt\n|faint|p2a: Whimsicott\n|\n|upkeep\n|\n|t:|1770904808\n|switch|p2a: Ho-Oh|Ho-Oh, L50|100/100\n|turn|2\n|\n|t:|1770904831\n|-terastallize|p2b: Miraidon|Electric\n|-terastallize|p1b: Zamazenta|Dragon\n|move|p2b: Miraidon|Electro Drift|p1a: Amoonguss\n|-resisted|p1a: Amoonguss\n|-damage|p1a: Amoonguss|0 fnt\n|faint|p1a: Amoonguss\n|move|p1b: Zamazenta|Body Press|p2b: Miraidon\n|-damage|p2b: Miraidon|20/100\n|move|p2a: Ho-Oh|Sacred Fire|p1b: Zamazenta\n|-resisted|p1b: Zamazenta\n|-damage|p1b: Zamazenta|57/100\n|-damage|p2a: Ho-Oh|91/100|[from] item: Life Orb\n|\n|upkeep\n|\n|t:|1770904849\n|switch|p1a: Calyrex|Calyrex-Shadow, L50|100/100\n|-ability|p1a: Calyrex|As One\n|-ability|p1a: Calyrex|Unnerve\n|turn|3\n|\n|t:|1770904860\n|switch|p2b: Farigiraf|Farigiraf, L50, F|100/100\n|move|p1a: Calyrex|Astral Barrage|p2b: Farigiraf|[spread] p2a\n|-immune|p2b: Farigiraf\n|-damage|p2a: Ho-Oh|61/100\n|move|p1b: Zamazenta|Body Press|p2a: Ho-Oh\n|-resisted|p2a: Ho-Oh\n|-damage|p2a: Ho-Oh|29/100\n|move|p2a: Ho-Oh|Sacred Fire|p1a: Calyrex\n|-damage|p1a: Calyrex|29/100\n|-damage|p2a: Ho-Oh|19/100|[from] item: Life Orb\n|\n|upkeep\n|turn|4\n|\n|t:|1770904875\n|switch|p1a: Roaring Moon|Roaring Moon, L50, shiny|100/100\n|-enditem|p1a: Roaring Moon|Booster Energy\n|-activate|p1a: Roaring Moon|ability: Protosynthesis|[fromitem]\n|-start|p1a: Roaring Moon|protosynthesisspe\n|move|p2a: Ho-Oh|Protect|p2a: Ho-Oh\n|-singleturn|p2a: Ho-Oh|Protect\n|move|p1b: Zamazenta|Body Press|p2a: Ho-Oh\n|-activate|p2a: Ho-Oh|move: Protect\n|move|p2b: Farigiraf|Trick Room|p2b: Farigiraf\n|-fieldstart|move: Trick Room|[of] p2b: Farigiraf\n|\n|upkeep\n|turn|5\n|\n|t:|1770904899\n|move|p2b: Farigiraf|Psychic|p1b: Zamazenta\n|-damage|p1b: Zamazenta|34/100\n|move|p2a: Ho-Oh|Brave Bird|p1a: Roaring Moon\n|-damage|p1a: Roaring Moon|12/100\n|-damage|p2a: Ho-Oh|0 fnt|[from] Recoil\n|faint|p2a: Ho-Oh\n|move|p1b: Zamazenta|Body Press|p2b: Farigiraf\n|-damage|p2b: Farigiraf|33/100\n|move|p1a: Roaring Moon|Knock Off|p2b: Farigiraf\n|-supereffective|p2b: Farigiraf\n|-damage|p2b: Farigiraf|0 fnt\n|-enditem|p2b: Farigiraf|Leftovers|[from] move: Knock Off|[of] p1a: Roaring Moon\n|faint|p2b: Farigiraf\n|\n|-sideend|p2: renan.tony|move: Light Screen\n|-fieldend|move: Electric Terrain\n|upkeep\n|\n|t:|1770904914\n|switch|p2b: Miraidon|Miraidon, L50, tera:Electric|20/100\n|-fieldstart|move: Electric Terrain|[from] ability: Hadron Engine|[of] p2b: Miraidon\n|turn|6\n|\n|t:|1770904922\n|move|p1b: Zamazenta|Body Press|p2b: Miraidon\n|-damage|p2b: Miraidon|0 fnt\n|faint|p2b: Miraidon\n|\n|win|blackred123\n|raw|blackred123's rating: 1485 &rarr; <strong>1499</strong><br />(+14 for winning)\n|raw|renan.tony's rating: 1380 &rarr; <strong>1366</strong><br />(-14 for losing)\n|l|\u2606renan.tony\n|player|p2|\n","uploadtime":1770904927,"views":11,"formatid":"gen9vgc2026regi","rating":1366,"private":0,"password":null}