{"id":"gen9vgc2026regi-2527940966","format":"[Gen 9] VGC 2026 Reg I","players":["ky123456","Winters4"],"log":"|j|\u2606ky123456\n|j|\u2606Winters4\n|t:|1769603279\n|gametype|doubles\n|player|p1|ky123456|cynthia-gen4|1549\n|player|p2|Winters4|swimmerf|1422\n|gen|9\n|tier|[Gen 9] VGC 2026 Reg I\n|rated|\n|rule|Species Clause: Limit one of each Pok\u00e9mon\n|rule|Item Clause: Limit 1 of each item\n|clearpoke\n|poke|p1|Kyogre, L50|\n|poke|p1|Calyrex-Ice, L50|\n|poke|p1|Grimmsnarl, L50, M|\n|poke|p1|Rillaboom, L50, F|\n|poke|p1|Landorus, L50, M|\n|poke|p1|Urshifu-*, L50, F|\n|poke|p2|Calyrex-Ice, L50|\n|poke|p2|Lunala, L50|\n|poke|p2|Amoonguss, L50, F|\n|poke|p2|Raging Bolt, L50|\n|poke|p2|Chien-Pao, L50|\n|poke|p2|Ogerpon-Wellspring, L50, F|\n|teampreview|4\n|inactive|Battle timer is ON: inactive players will automatically lose when time's up. (requested by Winters4)\n|inactive|ky123456 has 60 seconds left.\n|inactive|Winters4 has 60 seconds left.\n|inactive|Winters4 has 30 seconds left.\n|inactive|Winters4 has 20 seconds left.\n|\n|t:|1769603354\n|teamsize|p1|4\n|teamsize|p2|4\n|start\n|switch|p1a: Calyrex|Calyrex-Ice, L50|100/100\n|switch|p1b: Grimmsnarl|Grimmsnarl, L50, M|100/100\n|switch|p2a: Amoonguss|Amoonguss, L50, F|100/100\n|switch|p2b: Calyrex|Calyrex-Ice, L50|100/100\n|-ability|p1a: Calyrex|As One\n|-ability|p1a: Calyrex|Unnerve\n|-ability|p2b: Calyrex|As One\n|-ability|p2b: Calyrex|Unnerve\n|turn|1\n|\n|t:|1769603367\n|-terastallize|p2a: Amoonguss|Water\n|move|p1b: Grimmsnarl|Foul Play|p2b: Calyrex\n|-supereffective|p2b: Calyrex\n|-damage|p2b: Calyrex|25/100\n|move|p1a: Calyrex|Glacial Lance|p2a: Amoonguss|[spread] p2a,p2b\n|-resisted|p2a: Amoonguss\n|-resisted|p2b: Calyrex\n|-damage|p2a: Amoonguss|72/100\n|-damage|p2b: Calyrex|9/100\n|move|p2b: Calyrex|Glacial Lance|p1b: Grimmsnarl|[spread] p1a,p1b\n|-resisted|p1a: Calyrex\n|-damage|p1a: Calyrex|84/100\n|-damage|p1b: Grimmsnarl|51/100\n|move|p2a: Amoonguss|Spore|p1a: Calyrex\n|-status|p1a: Calyrex|slp|[from] move: Spore\n|\n|-heal|p1a: Calyrex|89/100 slp|[from] item: Leftovers\n|upkeep\n|turn|2\n|\n|t:|1769603387\n|move|p2a: Amoonguss|Rage Powder|p2a: Amoonguss\n|-singleturn|p2a: Amoonguss|move: Rage Powder\n|move|p1b: Grimmsnarl|Reflect|p1b: Grimmsnarl\n|-sidestart|p1: ky123456|Reflect\n|cant|p1a: Calyrex|slp\n|move|p2b: Calyrex|Glacial Lance|p1a: Calyrex|[spread] p1a,p1b\n|-resisted|p1a: Calyrex\n|-damage|p1a: Calyrex|77/100 slp\n|-damage|p1b: Grimmsnarl|13/100\n|\n|-heal|p1a: Calyrex|83/100 slp|[from] item: Leftovers\n|upkeep\n|turn|3\n|\n|t:|1769603404\n|move|p2a: Amoonguss|Rage Powder|p2a: Amoonguss\n|-singleturn|p2a: Amoonguss|move: Rage Powder\n|move|p1b: Grimmsnarl|Light Screen|p1b: Grimmsnarl\n|-sidestart|p1: ky123456|move: Light Screen\n|cant|p1a: Calyrex|slp\n|move|p2b: Calyrex|Trick Room|p2b: Calyrex\n|-fieldstart|move: Trick Room|[of] p2b: Calyrex\n|\n|-heal|p1a: Calyrex|89/100 slp|[from] item: Leftovers\n|upkeep\n|turn|4\n|inactive|ky123456 has 30 seconds left.\n|\n|t:|1769603434\n|move|p1b: Grimmsnarl|Thunder Wave|p2b: Calyrex\n|-status|p2b: Calyrex|par\n|move|p2b: Calyrex|Glacial Lance|p1a: Calyrex|[spread] p1a,p1b\n|-resisted|p1a: Calyrex\n|-damage|p1a: Calyrex|77/100 slp\n|-damage|p1b: Grimmsnarl|0 fnt\n|faint|p1b: Grimmsnarl\n|-ability|p2b: Calyrex|Chilling Neigh|boost\n|-boost|p2b: Calyrex|atk|1\n|move|p2a: Amoonguss|Pollen Puff|p2b: Calyrex\n|-heal|p2b: Calyrex|58/100 par\n|-curestatus|p1a: Calyrex|slp|[msg]\n|move|p1a: Calyrex|Trick Room|p1a: Calyrex\n|-fieldend|move: Trick Room\n|\n|-heal|p1a: Calyrex|83/100|[from] item: Leftovers\n|upkeep\n|\n|t:|1769603450\n|switch|p1b: Kyogre|Kyogre, L50|100/100\n|-weather|RainDance|[from] ability: Drizzle|[of] p1b: Kyogre\n|turn|5\n|\n|t:|1769603471\n|move|p2b: Calyrex|Protect|p2b: Calyrex\n|-singleturn|p2b: Calyrex|Protect\n|move|p1b: Kyogre|Water Spout|p2b: Calyrex|[spread] p2a\n|-activate|p2b: Calyrex|move: Protect\n|-resisted|p2a: Amoonguss\n|-damage|p2a: Amoonguss|37/100\n|move|p1a: Calyrex|Glacial Lance|p2a: Amoonguss|[spread] p2a\n|-activate|p2b: Calyrex|move: Protect\n|-resisted|p2a: Amoonguss\n|-damage|p2a: Amoonguss|8/100\n|move|p2a: Amoonguss|Spore|p1b: Kyogre\n|-status|p1b: Kyogre|slp|[from] move: Spore\n|\n|-weather|RainDance|[upkeep]\n|-heal|p1a: Calyrex|88/100|[from] item: Leftovers\n|upkeep\n|turn|6\n|\n|t:|1769603489\n|switch|p2a: Lunala|Lunala, L50|100/100\n|cant|p1b: Kyogre|slp\n|move|p1a: Calyrex|Glacial Lance|p2a: Lunala|[spread] p2a,p2b\n|-resisted|p2b: Calyrex\n|-damage|p2a: Lunala|80/100\n|-damage|p2b: Calyrex|43/100 par\n|move|p2b: Calyrex|Glacial Lance|p1a: Calyrex|[spread] p1a,p1b\n|-resisted|p1a: Calyrex\n|-resisted|p1b: Kyogre\n|-damage|p1a: Calyrex|69/100\n|-damage|p1b: Kyogre|70/100 slp\n|\n|-weather|RainDance|[upkeep]\n|-heal|p2a: Lunala|87/100|[from] item: Leftovers\n|-heal|p1a: Calyrex|74/100|[from] item: Leftovers\n|upkeep\n|turn|7\n|\n|t:|1769603507\n|-terastallize|p1a: Calyrex|Fairy\n|cant|p1b: Kyogre|slp\n|move|p2a: Lunala|Moongeist Beam|p1a: Calyrex\n|-damage|p1a: Calyrex|52/100\n|move|p1a: Calyrex|Leech Seed|p2a: Lunala\n|-start|p2a: Lunala|move: Leech Seed\n|move|p2b: Calyrex|Glacial Lance|p1a: Calyrex|[spread] p1a,p1b\n|-resisted|p1b: Kyogre\n|-damage|p1a: Calyrex|14/100\n|-damage|p1b: Kyogre|39/100 slp\n|\n|-weather|RainDance|[upkeep]\n|-heal|p2a: Lunala|93/100|[from] item: Leftovers\n|-heal|p1a: Calyrex|20/100|[from] item: Leftovers\n|-damage|p2a: Lunala|80/100|[from] Leech Seed|[of] p1a: Calyrex\n|-heal|p1a: Calyrex|34/100|[silent]\n|upkeep\n|turn|8\n|\n|t:|1769603525\n|move|p1a: Calyrex|Protect|p1a: Calyrex\n|-singleturn|p1a: Calyrex|Protect\n|move|p2a: Lunala|Wide Guard|p2a: Lunala\n|-singleturn|p2a: Lunala|Wide Guard\n|cant|p1b: Kyogre|slp\n|move|p2b: Calyrex|Glacial Lance|p1a: Calyrex|[spread] p1b\n|-activate|p1a: Calyrex|move: Protect\n|-resisted|p1b: Kyogre\n|-damage|p1b: Kyogre|9/100 slp\n|\n|-weather|RainDance|[upkeep]\n|-heal|p2a: Lunala|87/100|[from] item: Leftovers\n|-heal|p1a: Calyrex|40/100|[from] item: Leftovers\n|-damage|p2a: Lunala|74/100|[from] Leech Seed|[of] p1a: Calyrex\n|-heal|p1a: Calyrex|55/100|[silent]\n|upkeep\n|turn|9\n|\n|t:|1769603548\n|move|p2a: Lunala|Wide Guard|p2a: Lunala\n|-singleturn|p2a: Lunala|Wide Guard\n|-curestatus|p1b: Kyogre|slp|[msg]\n|move|p1b: Kyogre|Origin Pulse|p2a: Lunala|[spread] \n|-activate|p2a: Lunala|move: Wide Guard\n|-activate|p2b: Calyrex|move: Wide Guard\n|move|p1a: Calyrex|Glacial Lance|p2b: Calyrex|[spread] \n|-activate|p2a: Lunala|move: Wide Guard\n|-activate|p2b: Calyrex|move: Wide Guard\n|move|p2b: Calyrex|Glacial Lance|p1a: Calyrex|[spread] p1a,p1b\n|-resisted|p1b: Kyogre\n|-damage|p1a: Calyrex|17/100\n|-damage|p1b: Kyogre|0 fnt\n|faint|p1b: Kyogre\n|-ability|p2b: Calyrex|Chilling Neigh|boost\n|-boost|p2b: Calyrex|atk|1\n|\n|-weather|none\n|-heal|p2a: Lunala|80/100|[from] item: Leftovers\n|-heal|p1a: Calyrex|23/100|[from] item: Leftovers\n|-damage|p2a: Lunala|68/100|[from] Leech Seed|[of] p1a: Calyrex\n|-heal|p1a: Calyrex|38/100|[silent]\n|-sideend|p1: ky123456|Reflect\n|upkeep\n|\n|t:|1769603553\n|switch|p1b: Landorus|Landorus, L50, M|100/100\n|turn|10\n|inactive|Winters4 has 30 seconds left.\n|\n|t:|1769603579\n|switch|p2b: Raging Bolt|Raging Bolt, L50|100/100\n|move|p1b: Landorus|Earth Power|p2b: Raging Bolt\n|-supereffective|p2b: Raging Bolt\n|-damage|p2b: Raging Bolt|13/100\n|move|p2a: Lunala|Moongeist Beam|p1b: Landorus\n|-damage|p1b: Landorus|59/100\n|move|p1a: Calyrex|Glacial Lance|p2b: Raging Bolt|[spread] p2a,p2b\n|-supereffective|p2b: Raging Bolt\n|-damage|p2a: Lunala|23/100\n|-damage|p2b: Raging Bolt|0 fnt\n|faint|p2b: Raging Bolt\n|-end|p2b: Raging Bolt|Protosynthesis|[silent]\n|-ability|p1a: Calyrex|Chilling Neigh|boost\n|-boost|p1a: Calyrex|atk|1\n|\n|-heal|p2a: Lunala|30/100|[from] item: Leftovers\n|-heal|p1a: Calyrex|43/100|[from] item: Leftovers\n|-damage|p2a: Lunala|17/100|[from] Leech Seed|[of] p1a: Calyrex\n|-heal|p1a: Calyrex|58/100|[silent]\n|-sideend|p1: ky123456|move: Light Screen\n|upkeep\n|-message|Winters4 forfeited.\n|\n|win|ky123456\n|raw|ky123456's rating: 1549 &rarr; <strong>1562</strong><br />(+13 for winning)\n|raw|Winters4's rating: 1422 &rarr; <strong>1409</strong><br />(-13 for losing)\n|l|\u2606Winters4\n|player|p2|\n|l|\u2606ky123456\n|player|p1|\n","uploadtime":1769603838,"views":19,"formatid":"gen9vgc2026regi","rating":1409,"private":0,"password":null}