{"id":"gen9vgc2026regi-2570199551","format":"[Gen 9] VGC 2026 Reg I","players":["Esiolamondhax","dasabe\u76d6\u6b27\u5361\u4fa0"],"log":"|j|\u2606Esiolamondhax\n|j|\u2606dasabe\u76d6\u6b27\u5361\u4fa0\n|t:|1774787539\n|gametype|doubles\n|player|p1|Esiolamondhax|aromalady-gen3rs|\n|player|p2|dasabe\u76d6\u6b27\u5361\u4fa0|may-masters4|\n|gen|9\n|tier|[Gen 9] VGC 2026 Reg I\n|rule|Species Clause: Limit one of each Pok\u00e9mon\n|rule|Item Clause: Limit 1 of each item\n|clearpoke\n|poke|p1|Miraidon, L50|\n|poke|p1|Groudon, L50|\n|poke|p1|Walking Wake, L50|\n|poke|p1|Grimmsnarl, L50, M|\n|poke|p1|Incineroar, L50, F|\n|poke|p1|Ditto, L50|\n|poke|p2|Calyrex-Shadow, L50|\n|poke|p2|Zamazenta-*, L50|\n|poke|p2|Rillaboom, L50, M|\n|poke|p2|Incineroar, L50, M|\n|poke|p2|Tornadus, L50, M|\n|poke|p2|Urshifu-*, L50, F|\n|teampreview|4\nEsiolamondhax has agreed to open team sheets.\ndasabe\u76d6\u6b27\u5361\u4fa0 has agreed to open team sheets.\n|showteam|p1|Miraidon||CovertCloak|HadronEngine|ElectroDrift,ParabolicCharge,DazzlingGleam,CalmMind||||||50|,,,,,Fairy]Groudon||ClearAmulet|Drought|Protect,WillOWisp,PrecipiceBlades,HeatCrash||||||50|,,,,,Fire]Walking Wake||LifeOrb|Protosynthesis|Protect,HydroSteam,DragonPulse,WeatherBall||||||50|,,,,,Water]Grimmsnarl||LightClay|Prankster|Reflect,SpiritBreak,LightScreen,ThunderWave|||M|||50|,,,,,Ghost]Incineroar||AssaultVest|Intimidate|KnockOff,FlareBlitz,Uturn,FakeOut|||F|||50|,,,,,Bug]Ditto||FocusSash|Imposter|Transform||||||50|,,,,,Normal\n|showteam|p2|Calyrex-Shadow||FocusSash|AsOneSpectrier|AstralBarrage,Protect,NastyPlot,Psychic||||||50|,,,,,Ghost]Zamazenta-Crowned||RustedShield|DauntlessShield|Protect,BodyPress,behemothbash,WideGuard||||||50|,,,,,Grass]Rillaboom||AssaultVest|GrassySurge|FakeOut,WoodHammer,Uturn,GrassyGlide|||M|||50|,,,,,Fire]Incineroar||RockyHelmet|Intimidate|FakeOut,WillOWisp,PartingShot,KnockOff|||M|||50|,,,,,Bug]Tornadus||SkyPlate|Prankster|BleakwindStorm,Tailwind,Taunt,RainDance|||M|||50|,,,,,Dark]Urshifu-Rapid-Strike||ChoiceScarf|UnseenFist|SurgingStrikes,Uturn,CloseCombat,AquaJet|||F|||50|,,,,,Water\n|c|\u2606Esiolamondhax|skill issue\n|\n|t:|1774787584\n|teamsize|p1|4\n|teamsize|p2|4\n|start\n|switch|p1a: \u5927\u53d8|Ditto, L50|100/100\n|switch|p1b: P\u56fa\u771f\u5927|Groudon, L50, shiny|100/100\n|switch|p2a: \u63e1\u8349\u733f|Rillaboom, L50, M|100/100\n|switch|p2b: \u8d64\u51fb\u9738|Zamazenta-Crowned, L50, shiny|100/100\n|-ability|p2b: \u8d64\u51fb\u9738|Dauntless Shield|boost\n|-boost|p2b: \u8d64\u51fb\u9738|def|1\n|-weather|SunnyDay|[from] ability: Drought|[of] p1b: P\u56fa\u771f\u5927\n|-transform|p1a: \u5927\u53d8|p2b: \u8d64\u51fb\u9738|[from] ability: Imposter\n|-ability|p1a: \u5927\u53d8|Dauntless Shield|boost\n|-boost|p1a: \u5927\u53d8|def|1\n|-fieldstart|move: Grassy Terrain|[from] ability: Grassy Surge|[of] p2a: \u63e1\u8349\u733f\n|turn|1\n|c|\u2606dasabe\u76d6\u6b27\u5361\u4fa0|\u4e38\u8fa3\n|\n|t:|1774787626\n|move|p1b: P\u56fa\u771f\u5927|Protect|p1b: P\u56fa\u771f\u5927\n|-singleturn|p1b: P\u56fa\u771f\u5927|Protect\n|move|p2a: \u63e1\u8349\u733f|Fake Out|p1a: \u5927\u53d8\n|-resisted|p1a: \u5927\u53d8\n|-damage|p1a: \u5927\u53d8|99/100\n|move|p2b: \u8d64\u51fb\u9738|Body Press|p1a: \u5927\u53d8\n|-supereffective|p1a: \u5927\u53d8\n|-damage|p1a: \u5927\u53d8|44/100\n|cant|p1a: \u5927\u53d8|flinch\n|\n|-weather|SunnyDay|[upkeep]\n|-heal|p1a: \u5927\u53d8|50/100|[from] Grassy Terrain\n|upkeep\n|turn|2\n|\n|t:|1774787664\n|-terastallize|p1b: P\u56fa\u771f\u5927|Fire\n|move|p2b: \u8d64\u51fb\u9738|Protect|p2b: \u8d64\u51fb\u9738\n|-singleturn|p2b: \u8d64\u51fb\u9738|Protect\n|move|p1a: \u5927\u53d8|Protect|p1a: \u5927\u53d8\n|-singleturn|p1a: \u5927\u53d8|Protect\n|move|p1b: P\u56fa\u771f\u5927|Will-O-Wisp|p2b: \u8d64\u51fb\u9738\n|-activate|p2b: \u8d64\u51fb\u9738|move: Protect\n|move|p2a: \u63e1\u8349\u733f|Wood Hammer|p1b: P\u56fa\u771f\u5927\n|-resisted|p1b: P\u56fa\u771f\u5927\n|-damage|p1b: P\u56fa\u771f\u5927|71/100\n|-damage|p2a: \u63e1\u8349\u733f|92/100|[from] Recoil\n|\n|-weather|SunnyDay|[upkeep]\n|-heal|p1a: \u5927\u53d8|56/100|[from] Grassy Terrain\n|-heal|p1b: P\u56fa\u771f\u5927|77/100|[from] Grassy Terrain\n|-heal|p2a: \u63e1\u8349\u733f|98/100|[from] Grassy Terrain\n|upkeep\n|turn|3\n|\n|t:|1774787677\n|move|p2b: \u8d64\u51fb\u9738|Body Press|p1a: \u5927\u53d8\n|-supereffective|p1a: \u5927\u53d8\n|-damage|p1a: \u5927\u53d8|8/100\n|move|p1a: \u5927\u53d8|Body Press|p2b: \u8d64\u51fb\u9738\n|-supereffective|p2b: \u8d64\u51fb\u9738\n|-damage|p2b: \u8d64\u51fb\u9738|23/100\n|move|p1b: P\u56fa\u771f\u5927|Heat Crash|p2a: \u63e1\u8349\u733f\n|-supereffective|p2a: \u63e1\u8349\u733f\n|-damage|p2a: \u63e1\u8349\u733f|0 fnt\n|faint|p2a: \u63e1\u8349\u733f\n|\n|-weather|SunnyDay|[upkeep]\n|-heal|p2b: \u8d64\u51fb\u9738|29/100|[from] Grassy Terrain\n|-heal|p1a: \u5927\u53d8|14/100|[from] Grassy Terrain\n|-heal|p1b: P\u56fa\u771f\u5927|83/100|[from] Grassy Terrain\n|upkeep\n|\n|t:|1774787682\n|switch|p2a: \u9a6c\u6b7b\u4e86|Calyrex-Shadow, L50|100/100\n|-ability|p2a: \u9a6c\u6b7b\u4e86|As One\n|-ability|p2a: \u9a6c\u6b7b\u4e86|Unnerve\n|turn|4\n|\n|t:|1774787692\n|-terastallize|p2a: \u9a6c\u6b7b\u4e86|Ghost\n|move|p1a: \u5927\u53d8|Wide Guard|p1a: \u5927\u53d8\n|-singleturn|p1a: \u5927\u53d8|Wide Guard\n|move|p2a: \u9a6c\u6b7b\u4e86|Astral Barrage|p1a: \u5927\u53d8|[spread] \n|-activate|p1a: \u5927\u53d8|move: Wide Guard\n|-activate|p1b: P\u56fa\u771f\u5927|move: Wide Guard\n|move|p2b: \u8d64\u51fb\u9738|Body Press|p1b: P\u56fa\u771f\u5927\n|-damage|p1b: P\u56fa\u771f\u5927|34/100\n|move|p1b: P\u56fa\u771f\u5927|Precipice Blades|p2b: \u8d64\u51fb\u9738|[spread] p2a,p2b\n|-supereffective|p2b: \u8d64\u51fb\u9738\n|-damage|p2a: \u9a6c\u6b7b\u4e86|32/100\n|-damage|p2b: \u8d64\u51fb\u9738|0 fnt\n|faint|p2b: \u8d64\u51fb\u9738\n|\n|-weather|SunnyDay|[upkeep]\n|-heal|p2a: \u9a6c\u6b7b\u4e86|38/100|[from] Grassy Terrain\n|-heal|p1a: \u5927\u53d8|20/100|[from] Grassy Terrain\n|-heal|p1b: P\u56fa\u771f\u5927|40/100|[from] Grassy Terrain\n|upkeep\n|\n|t:|1774787696\n|switch|p2b: \u629b\u4e0b\u864e\u54e5\u5578\u7a74|Incineroar, L50, M|100/100\n|-ability|p2b: \u629b\u4e0b\u864e\u54e5\u5578\u7a74|Intimidate|boost\n|-unboost|p1a: \u5927\u53d8|atk|1\n|-fail|p1b: P\u56fa\u771f\u5927|unboost|[from] item: Clear Amulet|[of] p1b: P\u56fa\u771f\u5927\n|turn|5\n|\n|t:|1774787721\n|move|p1a: \u5927\u53d8|Wide Guard|p1a: \u5927\u53d8\n|-singleturn|p1a: \u5927\u53d8|Wide Guard\n|move|p2b: \u629b\u4e0b\u864e\u54e5\u5578\u7a74|Fake Out|p1b: P\u56fa\u771f\u5927\n|-damage|p1b: P\u56fa\u771f\u5927|32/100\n|move|p2a: \u9a6c\u6b7b\u4e86|Psychic|p1a: \u5927\u53d8\n|-damage|p1a: \u5927\u53d8|0 fnt\n|faint|p1a: \u5927\u53d8\n|-ability|p2a: \u9a6c\u6b7b\u4e86|Grim Neigh|boost\n|-boost|p2a: \u9a6c\u6b7b\u4e86|spa|1\n|cant|p1b: P\u56fa\u771f\u5927|flinch\n|\n|-weather|none\n|-heal|p2a: \u9a6c\u6b7b\u4e86|43/100|[from] Grassy Terrain\n|-heal|p1b: P\u56fa\u771f\u5927|38/100|[from] Grassy Terrain\n|-fieldend|move: Grassy Terrain\n|upkeep\n|\n|t:|1774787732\n|switch|p1a: \u94f6\u91d1\u5996\u86c7|Miraidon, L50, shiny|100/100\n|-fieldstart|move: Electric Terrain|[from] ability: Hadron Engine|[of] p1a: \u94f6\u91d1\u5996\u86c7\n|turn|6\n|\n|t:|1774787749\n|switch|p1b: \u5927\u6ce2\u597d\u8d62\u8361|Walking Wake, L50|100/100\n|move|p2a: \u9a6c\u6b7b\u4e86|Astral Barrage|p1b: \u5927\u6ce2\u597d\u8d62\u8361|[spread] p1a,p1b\n|-damage|p1a: \u94f6\u91d1\u5996\u86c7|21/100\n|-damage|p1b: \u5927\u6ce2\u597d\u8d62\u8361|0 fnt\n|faint|p1b: \u5927\u6ce2\u597d\u8d62\u8361\n|-end|p1b: \u5927\u6ce2\u597d\u8d62\u8361|Protosynthesis|[silent]\n|-ability|p2a: \u9a6c\u6b7b\u4e86|Grim Neigh|boost\n|-boost|p2a: \u9a6c\u6b7b\u4e86|spa|1\n|move|p1a: \u94f6\u91d1\u5996\u86c7|Electro Drift|p2a: \u9a6c\u6b7b\u4e86\n|-damage|p2a: \u9a6c\u6b7b\u4e86|0 fnt\n|faint|p2a: \u9a6c\u6b7b\u4e86\n|move|p2b: \u629b\u4e0b\u864e\u54e5\u5578\u7a74|Knock Off|p1a: \u94f6\u91d1\u5996\u86c7\n|-damage|p1a: \u94f6\u91d1\u5996\u86c7|0 fnt\n|-enditem|p1a: \u94f6\u91d1\u5996\u86c7|Covert Cloak|[from] move: Knock Off|[of] p2b: \u629b\u4e0b\u864e\u54e5\u5578\u7a74\n|faint|p1a: \u94f6\u91d1\u5996\u86c7\n|\n|upkeep\n|\n|t:|1774787756\n|switch|p1b: P\u56fa\u771f\u5927|Groudon, L50, shiny, tera:Fire|38/100\n|-weather|SunnyDay|[from] ability: Drought|[of] p1b: P\u56fa\u771f\u5927\n|turn|7\n|c|\u2606Esiolamondhax|\u4e38\u8fa3\n|\n|t:|1774787766\n|move|p1b: P\u56fa\u771f\u5927|Precipice Blades|p2b: \u629b\u4e0b\u864e\u54e5\u5578\u7a74|[miss]\n|-miss|p1b: P\u56fa\u771f\u5927|p2b: \u629b\u4e0b\u864e\u54e5\u5578\u7a74\n|move|p2b: \u629b\u4e0b\u864e\u54e5\u5578\u7a74|Knock Off|p1b: P\u56fa\u771f\u5927\n|-damage|p1b: P\u56fa\u771f\u5927|10/100\n|-enditem|p1b: P\u56fa\u771f\u5927|Clear Amulet|[from] move: Knock Off|[of] p2b: \u629b\u4e0b\u864e\u54e5\u5578\u7a74\n|\n|-weather|SunnyDay|[upkeep]\n|upkeep\n|turn|8\n|c|\u2606Esiolamondhax|\u3002\n|c|\u2606dasabe\u76d6\u6b27\u5361\u4fa0|\u6709\u6551\n|c|\u2606Esiolamondhax|what can I say\n|\n|t:|1774787781\n|move|p1b: P\u56fa\u771f\u5927|Precipice Blades|p2b: \u629b\u4e0b\u864e\u54e5\u5578\u7a74\n|-supereffective|p2b: \u629b\u4e0b\u864e\u54e5\u5578\u7a74\n|-damage|p2b: \u629b\u4e0b\u864e\u54e5\u5578\u7a74|0 fnt\n|faint|p2b: \u629b\u4e0b\u864e\u54e5\u5578\u7a74\n|\n|win|Esiolamondhax\n|c|\u2606dasabe\u76d6\u6b27\u5361\u4fa0|\u6c42\u6c42\u4e86\n|c|\u2606Esiolamondhax|\u6c42\n|c|\u2606dasabe\u76d6\u6b27\u5361\u4fa0|\u997f\u554a\n|c|\u2606Esiolamondhax|\u6c42\u4e5f\u6ca1\u7528\n|c|\u2606dasabe\u76d6\u6b27\u5361\u4fa0|\ud83d\ude2d\n|l|\u2606dasabe\u76d6\u6b27\u5361\u4fa0\n|player|p2|\n","uploadtime":1774787809,"views":12,"formatid":"gen9vgc2026regi","rating":null,"private":0,"password":null}