{"id":"gen9vgc2026regi-2560243461","format":"[Gen 9] VGC 2026 Reg I","players":["svenkh","ArisHazard"],"log":"|j|\u2606svenkh\n|j|\u2606ArisHazard\n|t:|1773669993\n|gametype|doubles\n|player|p1|svenkh|101|1364\n|player|p2|ArisHazard|101|1331\n|gen|9\n|tier|[Gen 9] VGC 2026 Reg I\n|rated|\n|rule|Species Clause: Limit one of each Pok\u00e9mon\n|rule|Item Clause: Limit 1 of each item\n|clearpoke\n|poke|p1|Miraidon, L50|\n|poke|p1|Zamazenta-*, L50|\n|poke|p1|Cresselia, L50, F|\n|poke|p1|Chien-Pao, L50|\n|poke|p1|Kricketune, L50, F|\n|poke|p1|Ditto, L50|\n|poke|p2|Calyrex-Ice, L50|\n|poke|p2|Hitmontop, L50, M|\n|poke|p2|Miraidon, L50|\n|poke|p2|Sableye, L50, M|\n|poke|p2|Ting-Lu, L50|\n|poke|p2|Iron Valiant, L50|\n|teampreview|4\n|inactive|Battle timer is ON: inactive players will automatically lose when time's up. (requested by ArisHazard)\n|\n|t:|1773670025\n|teamsize|p1|4\n|teamsize|p2|4\n|start\n|switch|p1a: Miraidon|Miraidon, L50|100/100\n|switch|p1b: Chien-Pao|Chien-Pao, L50|100/100\n|switch|p2a: Calyrex|Calyrex-Ice, L50|100/100\n|switch|p2b: Hitmontop|Hitmontop, L50, M|100/100\n|-ability|p2a: Calyrex|As One\n|-ability|p2a: Calyrex|Unnerve\n|-ability|p1b: Chien-Pao|Sword of Ruin\n|-fieldstart|move: Electric Terrain|[from] ability: Hadron Engine|[of] p1a: Miraidon\n|-ability|p2b: Hitmontop|Intimidate|boost\n|-unboost|p1a: Miraidon|atk|1\n|-unboost|p1b: Chien-Pao|atk|1\n|turn|1\n|inactive|svenkh has 30 seconds left.\n|inactive|svenkh has 20 seconds left.\n|inactive|svenkh has 15 seconds left.\n|inactive|svenkh has 10 seconds left.\n|\n|t:|1773670072\n|switch|p1a: Zamazenta|Zamazenta-Crowned, L50|100/100\n|-ability|p1a: Zamazenta|Dauntless Shield|boost\n|-boost|p1a: Zamazenta|def|1\n|move|p1b: Chien-Pao|Protect|p1b: Chien-Pao\n|-singleturn|p1b: Chien-Pao|Protect\n|move|p2b: Hitmontop|Fake Out|p1a: Zamazenta\n|-resisted|p1a: Zamazenta\n|-damage|p1a: Zamazenta|98/100\n|move|p2a: Calyrex|Glacial Lance|p1b: Chien-Pao|[spread] p1a\n|-activate|p1b: Chien-Pao|move: Protect\n|-resisted|p1a: Zamazenta\n|-damage|p1a: Zamazenta|82/100\n|\n|upkeep\n|turn|2\n|inactive|svenkh has 30 seconds left.\n|inactive|svenkh has 20 seconds left.\n|\n|t:|1773670110\n|move|p2a: Calyrex|Protect|p2a: Calyrex\n|-singleturn|p2a: Calyrex|Protect\n|move|p1b: Chien-Pao|Crunch|p2a: Calyrex\n|-activate|p2a: Calyrex|move: Protect\n|move|p1a: Zamazenta|Body Press|p2a: Calyrex\n|-activate|p2a: Calyrex|move: Protect\n|move|p2b: Hitmontop|Coaching|p2a: Calyrex\n|-boost|p2a: Calyrex|atk|1\n|-boost|p2a: Calyrex|def|1\n|\n|upkeep\n|turn|3\n|inactive|svenkh has 30 seconds left.\n|inactive|svenkh has 20 seconds left.\n|inactive|svenkh has 15 seconds left.\n|inactive|svenkh has 10 seconds left.\n|\n|t:|1773670155\n|-terastallize|p1a: Zamazenta|Water\n|-terastallize|p2a: Calyrex|Fire\n|move|p1b: Chien-Pao|Icicle Crash|p2a: Calyrex\n|-resisted|p2a: Calyrex\n|-damage|p2a: Calyrex|93/100\n|move|p1a: Zamazenta|Body Press|p2a: Calyrex\n|-damage|p2a: Calyrex|55/100\n|move|p2b: Hitmontop|Coaching|p2a: Calyrex\n|-boost|p2a: Calyrex|atk|1\n|-boost|p2a: Calyrex|def|1\n|move|p2a: Calyrex|Trick Room|p2a: Calyrex\n|-fieldstart|move: Trick Room|[of] p2a: Calyrex\n|\n|upkeep\n|turn|4\n|inactive|svenkh has 30 seconds left.\n|inactive|ArisHazard has 30 seconds left.\n|\n|t:|1773670189\n|switch|p2b: Sableye|Sableye, L50, M|100/100\n|switch|p1b: Cresselia|Cresselia, L50, F|100/100\n|-enditem|p1b: Cresselia|Electric Seed\n|-boost|p1b: Cresselia|def|1|[from] item: Electric Seed\n|move|p1a: Zamazenta|Wide Guard|p1a: Zamazenta\n|-singleturn|p1a: Zamazenta|Wide Guard\n|move|p2a: Calyrex|Glacial Lance|p1b: Cresselia|[spread] \n|-activate|p1a: Zamazenta|move: Wide Guard\n|-activate|p1b: Cresselia|move: Wide Guard\n|\n|upkeep\n|turn|5\n|inactive|svenkh has 30 seconds left.\n|\n|t:|1773670219\n|move|p1a: Zamazenta|Wide Guard|p1a: Zamazenta\n|-singleturn|p1a: Zamazenta|Wide Guard\n|move|p2b: Sableye|Encore|p1a: Zamazenta\n|-start|p1a: Zamazenta|Encore\n|move|p2a: Calyrex|Stomping Tantrum|p1a: Zamazenta\n|-damage|p1a: Zamazenta|59/100\n|move|p1b: Cresselia|Lunar Blessing|p1b: Cresselia|[spread] p1a,p1b\n|-heal|p1a: Zamazenta|84/100\n|\n|-fieldend|move: Electric Terrain\n|upkeep\n|turn|6\n|\n|t:|1773670239\n|move|p1a: Zamazenta|Wide Guard|p1a: Zamazenta\n|-singleturn|p1a: Zamazenta|Wide Guard\n|move|p2b: Sableye|Disable|p1a: Zamazenta\n|-start|p1a: Zamazenta|Disable|Wide Guard\n|move|p2a: Calyrex|Stomping Tantrum|p1a: Zamazenta\n|-damage|p1a: Zamazenta|59/100\n|move|p1b: Cresselia|Lunar Blessing|p1b: Cresselia|[spread] p1a,p1b\n|-heal|p1a: Zamazenta|84/100\n|\n|upkeep\n|turn|7\n|inactive|svenkh has 30 seconds left.\n|inactive|svenkh has 20 seconds left.\n|inactive|svenkh has 15 seconds left.\n|inactive|svenkh has 10 seconds left.\n|\n|t:|1773670289\n|switch|p1a: Chien-Pao|Chien-Pao, L50|100/100\n|-ability|p1a: Chien-Pao|Sword of Ruin\n|move|p2b: Sableye|Disable|p1b: Cresselia\n|-start|p1b: Cresselia|Disable|Lunar Blessing\n|move|p2a: Calyrex|Glacial Lance|p1a: Chien-Pao|[spread] p1a,p1b\n|-resisted|p1a: Chien-Pao\n|-damage|p1a: Chien-Pao|14/100\n|-damage|p1b: Cresselia|36/100\n|move|p1b: Cresselia|Thunder Wave|p2a: Calyrex\n|-status|p2a: Calyrex|par\n|\n|-fieldend|move: Trick Room\n|upkeep\n|turn|8\n|inactive|svenkh has 30 seconds left.\n|inactive|svenkh has 20 seconds left.\n|inactive|svenkh has 15 seconds left.\n|\n|t:|1773670333\n|switch|p2b: Hitmontop|Hitmontop, L50, M|100/100\n|-ability|p2b: Hitmontop|Intimidate|boost\n|-unboost|p1a: Chien-Pao|atk|1\n|-unboost|p1b: Cresselia|atk|1\n|move|p1a: Chien-Pao|Crunch|p2a: Calyrex\n|-damage|p2a: Calyrex|44/100 par\n|move|p1b: Cresselia|Thunder Wave|p2b: Hitmontop\n|-status|p2b: Hitmontop|par\n|move|p2a: Calyrex|Glacial Lance|p1b: Cresselia|[spread] p1a,p1b\n|-resisted|p1a: Chien-Pao\n|-damage|p1a: Chien-Pao|0 fnt\n|-damage|p1b: Cresselia|0 fnt\n|faint|p1a: Chien-Pao\n|faint|p1b: Cresselia\n|-ability|p2a: Calyrex|Chilling Neigh|boost\n|-boost|p2a: Calyrex|atk|2\n|\n|upkeep\n|\n|t:|1773670352\n|switch|p1a: Zamazenta|Zamazenta-Crowned, L50, tera:Water|84/100\n|switch|p1b: Miraidon|Miraidon, L50|100/100\n|-fieldstart|move: Electric Terrain|[from] ability: Hadron Engine|[of] p1b: Miraidon\n|turn|9\n|\n|t:|1773670370\n|move|p2b: Hitmontop|Fake Out|p1b: Miraidon\n|-damage|p1b: Miraidon|94/100\n|cant|p1b: Miraidon|flinch\n|move|p1a: Zamazenta|Body Press|p2a: Calyrex\n|-damage|p2a: Calyrex|28/100 par\n|cant|p2a: Calyrex|par\n|\n|upkeep\n|turn|10\n|\n|t:|1773670392\n|switch|p2b: Sableye|Sableye, L50, M|100/100\n|move|p2a: Calyrex|Protect|p2a: Calyrex\n|-singleturn|p2a: Calyrex|Protect\n|move|p1b: Miraidon|Electro Drift|p2a: Calyrex\n|-activate|p2a: Calyrex|move: Protect\n|move|p1a: Zamazenta|Body Press|p2b: Sableye\n|-immune|p2b: Sableye\n|\n|upkeep\n|turn|11\n|inactive|svenkh has 30 seconds left.\n|inactive|svenkh has 20 seconds left.\n|inactive|svenkh has 15 seconds left.\n|\n|t:|1773670432\n|move|p2b: Sableye|Disable|p1b: Miraidon\n|-start|p1b: Miraidon|Disable|Electro Drift\n|move|p1b: Miraidon|Volt Switch|p2a: Calyrex\n|-damage|p2a: Calyrex|0 fnt\n|faint|p2a: Calyrex\n|move|p1a: Zamazenta|Behemoth Bash|p2b: Sableye\n|-damage|p2b: Sableye|50/100\n|-enditem|p2b: Sableye|Sitrus Berry|[eat]\n|-heal|p2b: Sableye|75/100|[from] item: Sitrus Berry\n|\n|upkeep\n|\n|t:|1773670446\n|switch|p2a: Miraidon|Miraidon, L50|100/100\n|-activate|p2a: Miraidon|ability: Hadron Engine\n|turn|12\n|inactive|svenkh has 30 seconds left.\n|inactive|svenkh has 20 seconds left.\n|\n|t:|1773670473\n|move|p2b: Sableye|Encore|p1b: Miraidon\n|-start|p1b: Miraidon|Encore\n|move|p1b: Miraidon|Volt Switch|p2a: Miraidon\n|-resisted|p2a: Miraidon\n|-damage|p2a: Miraidon|93/100\n|move|p1a: Zamazenta|Body Press|p2a: Miraidon\n|-damage|p2a: Miraidon|57/100\n|move|p2a: Miraidon|Draco Meteor|p1b: Miraidon|[miss]\n|-miss|p2a: Miraidon|p1b: Miraidon\n|\n|upkeep\n|turn|13\n|inactive|svenkh has 20 seconds left this turn.\n|inactive|svenkh has 15 seconds left.\n|inactive|svenkh has 10 seconds left.\n|inactive|svenkh has 5 seconds left.\n|\n|t:|1773670489\n|move|p2b: Sableye|Disable|p1a: Zamazenta\n|-start|p1a: Zamazenta|Disable|Body Press\n|move|p1b: Miraidon|Volt Switch|p2b: Sableye\n|-damage|p2b: Sableye|0 fnt\n|faint|p2b: Sableye\n|cant|p1a: Zamazenta|Disable|Body Press\n|move|p2a: Miraidon|Draco Meteor|p1b: Miraidon\n|-supereffective|p1b: Miraidon\n|-damage|p1b: Miraidon|0 fnt\n|-unboost|p2a: Miraidon|spa|2\n|faint|p1b: Miraidon\n|\n|-fieldend|move: Electric Terrain\n|upkeep\n|\n|t:|1773670504\n|switch|p2b: Hitmontop|Hitmontop, L50, M|100/100 par\n|-ability|p2b: Hitmontop|Intimidate|boost\n|-unboost|p1a: Zamazenta|atk|1\n|turn|14\n|inactive|svenkh has 5 seconds left this turn.\n|-message|svenkh lost due to inactivity.\n|\n|win|ArisHazard\n|raw|svenkh's rating: 1364 &rarr; <strong>1342</strong><br />(-22 for losing)\n|raw|ArisHazard's rating: 1331 &rarr; <strong>1353</strong><br />(+22 for winning)\n|l|\u2606ArisHazard\n|player|p2|\n|l|\u2606svenkh\n|player|p1|\n","uploadtime":1773670685,"views":11,"formatid":"gen9vgc2026regi","rating":1342,"private":0,"password":null}