{"id":"gen9vgc2026regi-2564011207","format":"[Gen 9] VGC 2026 Reg I","players":["shiny31","I\u2764\ufe0f\u5a1c\u7984Forever"],"log":"|j|\u2606shiny31\n|j|\u2606I\u2764\ufe0f\u5a1c\u7984Forever\n|t:|1774099635\n|gametype|doubles\n|player|p1|shiny31|scientist-gen4|1389\n|player|p2|I\u2764\ufe0f\u5a1c\u7984Forever|youngcouple-gen4dp|1419\n|gen|9\n|tier|[Gen 9] VGC 2026 Reg I\n|rated|\n|rule|Species Clause: Limit one of each Pok\u00e9mon\n|rule|Item Clause: Limit 1 of each item\n|clearpoke\n|poke|p1|Lunala, L50|\n|poke|p1|Ursaluna, L50, F|\n|poke|p1|Urshifu-*, L50, M|\n|poke|p1|Miraidon, L50|\n|poke|p1|Grimmsnarl, L50, M|\n|poke|p1|Incineroar, L50, F|\n|poke|p2|Groudon, L50|\n|poke|p2|Kyurem-White, L50|\n|poke|p2|Heatran, L50, F|\n|poke|p2|Whimsicott, L50, M|\n|poke|p2|Ditto, L50|\n|poke|p2|Flutter Mane, L50|\n|teampreview|4\n|inactive|Battle timer is ON: inactive players will automatically lose when time's up. (requested by shiny31)\n|inactive|shiny31 has 60 seconds left.\n|\n|t:|1774099679\n|teamsize|p1|4\n|teamsize|p2|4\n|start\n|switch|p1a: Grimmsnarl|Grimmsnarl, L50, M|100/100\n|switch|p1b: Miraidon|Miraidon, L50|100/100\n|switch|p2a: Kyurem|Kyurem-White, L50|100/100\n|switch|p2b: Heatran|Heatran, L50, F|100/100\n|-fieldstart|move: Electric Terrain|[from] ability: Hadron Engine|[of] p1b: Miraidon\n|-ability|p2a: Kyurem|Turboblaze\n|turn|1\n|inactive|shiny31 has 30 seconds left.\n|inactive|shiny31 has 20 seconds left.\n|\n|t:|1774099716\n|-terastallize|p1b: Miraidon|Electric\n|move|p1a: Grimmsnarl|Light Screen|p1a: Grimmsnarl\n|-sidestart|p1: shiny31|move: Light Screen\n|move|p1b: Miraidon|Snarl|p2a: Kyurem|[spread] p2a,p2b\n|-damage|p2a: Kyurem|85/100\n|-damage|p2b: Heatran|83/100\n|-unboost|p2a: Kyurem|spa|1\n|-unboost|p2b: Heatran|spa|1\n|move|p2a: Kyurem|Blizzard|p1a: Grimmsnarl|[spread] p1a\n|-miss|p2a: Kyurem|p1b: Miraidon\n|-enditem|p2a: Kyurem|Blunder Policy\n|-boost|p2a: Kyurem|spe|2\n|-damage|p1a: Grimmsnarl|77/100\n|move|p2b: Heatran|Substitute|p2b: Heatran\n|-start|p2b: Heatran|Substitute\n|-damage|p2b: Heatran|59/100\n|\n|-heal|p2b: Heatran|65/100|[from] item: Leftovers\n|upkeep\n|turn|2\n|inactive|I\u2764\ufe0f\u5a1c\u7984Forever has 30 seconds left.\n|\n|t:|1774099746\n|move|p2a: Kyurem|Blizzard|p1a: Grimmsnarl|[spread] p1a,p1b\n|-damage|p1a: Grimmsnarl|53/100\n|-damage|p1b: Miraidon|88/100\n|move|p1b: Miraidon|Snarl|p2b: Heatran|[spread] p2a,p2b\n|-damage|p2a: Kyurem|70/100\n|-damage|p2b: Heatran|47/100\n|-unboost|p2a: Kyurem|spa|1\n|-unboost|p2b: Heatran|spa|1\n|move|p2b: Heatran|Earth Power|p1b: Miraidon\n|-supereffective|p1b: Miraidon\n|-damage|p1b: Miraidon|76/100\n|move|p1a: Grimmsnarl|Spirit Break|p2a: Kyurem\n|-supereffective|p2a: Kyurem\n|-damage|p2a: Kyurem|17/100\n|-unboost|p2a: Kyurem|spa|1\n|\n|-heal|p2b: Heatran|53/100|[from] item: Leftovers\n|upkeep\n|turn|3\n|inactive|shiny31 has 30 seconds left.\n|\n|t:|1774099777\n|switch|p2a: Groudon|Groudon, L50|100/100\n|-weather|SunnyDay|[from] ability: Drought|[of] p2a: Groudon\n|move|p2b: Heatran|Protect|p2b: Heatran\n|-singleturn|p2b: Heatran|Protect\n|move|p1a: Grimmsnarl|Thunder Wave|p2a: Groudon\n|-immune|p2a: Groudon\n|move|p1b: Miraidon|Snarl|p2b: Heatran|[spread] p2a\n|-activate|p2b: Heatran|move: Protect\n|-damage|p2a: Groudon|89/100\n|-unboost|p2a: Groudon|spa|1\n|\n|-weather|SunnyDay|[upkeep]\n|-heal|p2b: Heatran|59/100|[from] item: Leftovers\n|upkeep\n|turn|4\n|\n|t:|1774099792\n|move|p1a: Grimmsnarl|Reflect|p1a: Grimmsnarl\n|-sidestart|p1: shiny31|Reflect\n|move|p1b: Miraidon|Volt Switch|p2b: Heatran\n|-end|p2b: Heatran|Substitute\n|\n|t:|1774099797\n|switch|p1b: Lunala|Lunala, L50|100/100|[from] Volt Switch\n|-enditem|p1b: Lunala|Electric Seed\n|-boost|p1b: Lunala|def|1|[from] item: Electric Seed\n|move|p2a: Groudon|Precipice Blades|p1b: Lunala|[spread] p1a,p1b\n|-damage|p1a: Grimmsnarl|15/100\n|-damage|p1b: Lunala|93/100\n|move|p2b: Heatran|Heat Wave|p1a: Grimmsnarl|[spread] p1a,p1b\n|-damage|p1a: Grimmsnarl|0 fnt\n|-damage|p1b: Lunala|80/100\n|faint|p1a: Grimmsnarl\n|\n|-weather|SunnyDay|[upkeep]\n|-heal|p2b: Heatran|65/100|[from] item: Leftovers\n|upkeep\n|inactive|shiny31 has 30 seconds left.\n|inactive|shiny31 has 20 seconds left.\n|\n|t:|1774099834\n|switch|p1a: Ursaluna|Ursaluna, L50, F|100/100\n|turn|5\n|\n|t:|1774099840\n|move|p1a: Ursaluna|Protect|p1a: Ursaluna\n|-singleturn|p1a: Ursaluna|Protect\n|move|p2a: Groudon|Crunch|p1b: Lunala\n|-supereffective|p1b: Lunala\n|-damage|p1b: Lunala|37/100\n|-unboost|p1b: Lunala|def|1\n|move|p2b: Heatran|Substitute|p2b: Heatran\n|-start|p2b: Heatran|Substitute\n|-damage|p2b: Heatran|40/100\n|move|p1b: Lunala|Trick Room|p1b: Lunala\n|-fieldstart|move: Trick Room|[of] p1b: Lunala\n|\n|-weather|SunnyDay|[upkeep]\n|-heal|p2b: Heatran|46/100|[from] item: Leftovers\n|-fieldend|move: Electric Terrain\n|-status|p1a: Ursaluna|brn|[from] item: Flame Orb\n|upkeep\n|turn|6\n|inactive|shiny31 has 30 seconds left.\n|\n|t:|1774099870\n|move|p2b: Heatran|Protect|p2b: Heatran\n|-singleturn|p2b: Heatran|Protect\n|move|p1a: Ursaluna|Facade|p2a: Groudon\n|-damage|p2a: Groudon|2/100\n|move|p2a: Groudon|Crunch|p1b: Lunala\n|-supereffective|p1b: Lunala\n|-damage|p1b: Lunala|0 fnt\n|faint|p1b: Lunala\n|\n|-weather|SunnyDay|[upkeep]\n|-heal|p2b: Heatran|53/100|[from] item: Leftovers\n|-damage|p1a: Ursaluna|95/100 brn|[from] brn\n|upkeep\n|\n|t:|1774099889\n|switch|p1b: Miraidon|Miraidon, L50, tera:Electric|76/100\n|-fieldstart|move: Electric Terrain|[from] ability: Hadron Engine|[of] p1b: Miraidon\n|turn|7\n|inactive|shiny31 has 30 seconds left.\n|\n|t:|1774099921\n|switch|p2a: Flutter Mane|Flutter Mane, L50|100/100\n|-activate|p2a: Flutter Mane|ability: Protosynthesis\n|-start|p2a: Flutter Mane|protosynthesisspa\n|move|p2b: Heatran|Protect|p2b: Heatran\n|-singleturn|p2b: Heatran|Protect\n|move|p1a: Ursaluna|Facade|p2a: Flutter Mane\n|-immune|p2a: Flutter Mane\n|move|p1b: Miraidon|Electro Drift|p2b: Heatran\n|-activate|p2b: Heatran|move: Protect\n|\n|-weather|none\n|-end|p2a: Flutter Mane|Protosynthesis\n|-heal|p2b: Heatran|59/100|[from] item: Leftovers\n|-damage|p1a: Ursaluna|89/100 brn|[from] brn\n|upkeep\n|turn|8\n|\n|t:|1774099942\n|move|p1a: Ursaluna|Facade|p2b: Heatran\n|-resisted|p2b: Heatran\n|-end|p2b: Heatran|Substitute\n|move|p2b: Heatran|Heat Wave|p1b: Miraidon|[spread] p1a,p1b\n|-damage|p1a: Ursaluna|78/100 brn\n|-damage|p1b: Miraidon|71/100\n|move|p2a: Flutter Mane|Dazzling Gleam|p1b: Miraidon|[spread] p1a,p1b\n|-damage|p1a: Ursaluna|48/100 brn\n|-damage|p1b: Miraidon|55/100\n|move|p1b: Miraidon|Snarl|p2a: Flutter Mane|[spread] p2a,p2b\n|-damage|p2a: Flutter Mane|81/100\n|-damage|p2b: Heatran|43/100\n|-unboost|p2a: Flutter Mane|spa|1\n|-unboost|p2b: Heatran|spa|1\n|\n|-heal|p2b: Heatran|49/100|[from] item: Leftovers\n|-damage|p1a: Ursaluna|42/100 brn|[from] brn\n|-sideend|p1: shiny31|move: Light Screen\n|upkeep\n|turn|9\n|inactive|shiny31 has 30 seconds left.\n|\n|t:|1774099972\n|move|p1a: Ursaluna|Headlong Rush|p2a: Flutter Mane\n|-damage|p2a: Flutter Mane|0 fnt\n|-unboost|p1a: Ursaluna|def|1\n|-unboost|p1a: Ursaluna|spd|1\n|faint|p2a: Flutter Mane\n|-end|p2a: Flutter Mane|Protosynthesis|[silent]\n|move|p2b: Heatran|Earth Power|p1b: Miraidon\n|-supereffective|p1b: Miraidon\n|-crit|p1b: Miraidon\n|-damage|p1b: Miraidon|5/100\n|move|p1b: Miraidon|Electro Drift|p2b: Heatran\n|-damage|p2b: Heatran|0 fnt\n|-status|p1b: Miraidon|brn|[from] ability: Flame Body|[of] p2b: Heatran\n|faint|p2b: Heatran\n|\n|-damage|p1a: Ursaluna|36/100 brn|[from] brn\n|-damage|p1b: Miraidon|0 fnt|[from] brn\n|faint|p1b: Miraidon\n|-fieldend|move: Trick Room\n|upkeep\n|\n|t:|1774099986\n|switch|p2a: Groudon|Groudon, L50|2/100\n|switch|p2b: Kyurem|Kyurem-White, L50|17/100\n|-ability|p2b: Kyurem|Turboblaze\n|-weather|SunnyDay|[from] ability: Drought|[of] p2a: Groudon\n|turn|10\n|-message|shiny31 forfeited.\n|\n|win|I\u2764\ufe0f\u5a1c\u7984Forever\n|raw|shiny31's rating: 1389 &rarr; <strong>1371</strong><br />(-18 for losing)\n|raw|I\u2764\ufe0f\u5a1c\u7984Forever's rating: 1419 &rarr; <strong>1437</strong><br />(+18 for winning)\n|l|\u2606shiny31\n|player|p1|\n|l|\u2606I\u2764\ufe0f\u5a1c\u7984Forever\n|player|p2|\n","uploadtime":1774100154,"views":33,"formatid":"gen9vgc2026regi","rating":1371,"private":0,"password":null}