{"id":"gen9vgc2026regi-2578949319","format":"[Gen 9] VGC 2026 Reg I","players":["asroarri","buggybrain"],"log":"|j|\u2606asroarri\n|j|\u2606buggybrain\n|t:|1775739566\n|gametype|doubles\n|player|p1|asroarri|dawn|1669\n|player|p2|buggybrain|hiker-gen4|1577\n|gen|9\n|tier|[Gen 9] VGC 2026 Reg I\n|rated|\n|rule|Species Clause: Limit one of each Pok\u00e9mon\n|rule|Item Clause: Limit 1 of each item\n|clearpoke\n|poke|p1|Calyrex-Ice, L50|\n|poke|p1|Miraidon, L50|\n|poke|p1|Iron Hands, L50|\n|poke|p1|Farigiraf, L50, M|\n|poke|p1|Torkoal, L50, M|\n|poke|p1|Smeargle, L50, M|\n|poke|p2|Chien-Pao, L50|\n|poke|p2|Zacian-*, L50|\n|poke|p2|Kyogre, L50|\n|poke|p2|Urshifu-*, L50, M|\n|poke|p2|Roaring Moon, L50|\n|poke|p2|Amoonguss, L50, M|\n|teampreview|4\n|inactive|Battle timer is ON: inactive players will automatically lose when time's up. (requested by asroarri)\n|\n|t:|1775739589\n|teamsize|p1|4\n|teamsize|p2|4\n|start\n|switch|p1a: Calyrex|Calyrex-Ice, L50|100/100\n|switch|p1b: Miraidon|Miraidon, L50|100/100\n|switch|p2a: Runaway|Kyogre, L50, shiny|100/100\n|switch|p2b: METAVISION|Amoonguss, L50, M, shiny|100/100\n|-ability|p1a: Calyrex|As One\n|-ability|p1a: Calyrex|Unnerve\n|-fieldstart|move: Electric Terrain|[from] ability: Hadron Engine|[of] p1b: Miraidon\n|-weather|RainDance|[from] ability: Drizzle|[of] p2a: Runaway\n|turn|1\n|j| CrazyyBoi\n|\n|t:|1775739609\n|move|p2a: Runaway|Protect|p2a: Runaway\n|-singleturn|p2a: Runaway|Protect\n|move|p2b: METAVISION|Protect|p2b: METAVISION\n|-singleturn|p2b: METAVISION|Protect\n|move|p1b: Miraidon|Snarl|p2b: METAVISION|[spread] \n|-activate|p2a: Runaway|move: Protect\n|-activate|p2b: METAVISION|move: Protect\n|move|p1a: Calyrex|Trick Room|p1a: Calyrex\n|-fieldstart|move: Trick Room|[of] p1a: Calyrex\n|\n|-weather|RainDance|[upkeep]\n|upkeep\n|turn|2\n|\n|t:|1775739625\n|switch|p2b: Vulcan|Urshifu-Rapid-Strike, L50, M|100/100\n|move|p1a: Calyrex|Glacial Lance|p2b: Vulcan|[spread] p2a,p2b\n|-resisted|p2a: Runaway\n|-resisted|p2b: Vulcan\n|-damage|p2a: Runaway|73/100\n|-damage|p2b: Vulcan|74/100\n|move|p2a: Runaway|Water Spout|p1b: Miraidon|[spread] p1a,p1b\n|-resisted|p1b: Miraidon\n|-damage|p1a: Calyrex|46/100\n|-damage|p1b: Miraidon|66/100\n|move|p1b: Miraidon|Snarl|p2a: Runaway|[spread] p2a,p2b\n|-resisted|p2b: Vulcan\n|-damage|p2a: Runaway|59/100\n|-damage|p2b: Vulcan|59/100\n|-unboost|p2a: Runaway|spa|1\n|-unboost|p2b: Vulcan|spa|1\n|\n|-weather|RainDance|[upkeep]\n|upkeep\n|turn|3\n|inactive|buggybrain has 30 seconds left.\n|inactive|buggybrain has 20 seconds left.\n|inactive|buggybrain has 15 seconds left.\n|\n|t:|1775739667\n|switch|p2a: Prince|Zacian-Crowned, L50, shiny|100/100\n|-ability|p2a: Prince|Intrepid Sword|boost\n|-boost|p2a: Prince|atk|1\n|switch|p1b: Torkoal|Torkoal, L50, M|100/100\n|-weather|SunnyDay|[from] ability: Drought|[of] p1b: Torkoal\n|-terastallize|p1a: Calyrex|Ground\n|move|p1a: Calyrex|High Horsepower|p2a: Prince\n|-supereffective|p2a: Prince\n|-damage|p2a: Prince|0 fnt\n|faint|p2a: Prince\n|-ability|p1a: Calyrex|Chilling Neigh|boost\n|-boost|p1a: Calyrex|atk|1\n|move|p2b: Vulcan|Surging Strikes|p1a: Calyrex\n|-supereffective|p1a: Calyrex\n|-crit|p1a: Calyrex\n|-damage|p1a: Calyrex|31/100\n|-supereffective|p1a: Calyrex\n|-crit|p1a: Calyrex\n|-damage|p1a: Calyrex|16/100\n|-supereffective|p1a: Calyrex\n|-crit|p1a: Calyrex\n|-damage|p1a: Calyrex|1/100\n|-hitcount|p1a: Calyrex|3\n|\n|-weather|SunnyDay|[upkeep]\n|upkeep\n|\n|t:|1775739678\n|switch|p2a: Runaway|Kyogre, L50, shiny|59/100\n|-weather|RainDance|[from] ability: Drizzle|[of] p2a: Runaway\n|turn|4\n|inactive|asroarri has 30 seconds left.\n|inactive|asroarri has 20 seconds left.\n|inactive|asroarri has 15 seconds left.\n|\n|t:|1775739721\n|move|p2b: Vulcan|Aqua Jet|p1a: Calyrex\n|-supereffective|p1a: Calyrex\n|-damage|p1a: Calyrex|0 fnt\n|faint|p1a: Calyrex\n|move|p1b: Torkoal|Earth Power|p2b: Vulcan\n|-damage|p2b: Vulcan|11/100\n|move|p2a: Runaway|Origin Pulse|p1b: Torkoal\n|-supereffective|p1b: Torkoal\n|-damage|p1b: Torkoal|0 fnt\n|faint|p1b: Torkoal\n|\n|-weather|RainDance|[upkeep]\n|upkeep\n|\n|t:|1775739728\n|switch|p1b: Miraidon|Miraidon, L50|66/100\n|switch|p1a: Iron Hands|Iron Hands, L50|100/100\n|-activate|p1b: Miraidon|ability: Hadron Engine\n|-activate|p1a: Iron Hands|ability: Quark Drive\n|-start|p1a: Iron Hands|quarkdriveatk\n|turn|5\n|\n|t:|1775739748\n|switch|p2b: METAVISION|Amoonguss, L50, M, shiny|100/100\n|move|p2a: Runaway|Protect|p2a: Runaway\n|-singleturn|p2a: Runaway|Protect\n|move|p1a: Iron Hands|Fake Out|p2b: METAVISION\n|-damage|p2b: METAVISION|83/100\n|-damage|p1a: Iron Hands|84/100|[from] item: Rocky Helmet|[of] p2b: METAVISION\n|move|p1b: Miraidon|Electro Drift|p2a: Runaway\n|-activate|p2a: Runaway|move: Protect\n|\n|-weather|RainDance|[upkeep]\n|-fieldend|move: Trick Room\n|-fieldend|move: Electric Terrain\n|-end|p1a: Iron Hands|Quark Drive\n|upkeep\n|turn|6\n|-message|asroarri forfeited.\n|\n|win|buggybrain\n|raw|asroarri's rating: 1669 &rarr; <strong>1644</strong><br />(-25 for losing)\n|raw|buggybrain's rating: 1577 &rarr; <strong>1602</strong><br />(+25 for winning)\n|l|\u2606asroarri\n|player|p1|\n|l| CrazyyBoi\n|l|\u2606buggybrain\n|player|p2|\n","uploadtime":1775739948,"views":12,"formatid":"gen9vgc2026regi","rating":1602,"private":0,"password":null}