{"id":"gen9vgc2026regi-2539978097","format":"[Gen 9] VGC 2026 Reg I","players":["dukeker2","SEITA"],"log":"|j|\u2606dukeker2\n|j|\u2606SEITA\n|t:|1771137182\n|gametype|doubles\n|player|p1|dukeker2|hilda-wonderlauncher|1367\n|player|p2|SEITA|lucas-gen4pt|1466\n|gen|9\n|tier|[Gen 9] VGC 2026 Reg I\n|rated|\n|rule|Species Clause: Limit one of each Pok\u00e9mon\n|rule|Item Clause: Limit 1 of each item\n|clearpoke\n|poke|p1|Calyrex-Ice, L50|\n|poke|p1|Kyogre, L50|\n|poke|p1|Volcarona, L50, M|\n|poke|p1|Landorus, L50, M|\n|poke|p1|Urshifu-*, L50, M|\n|poke|p1|Smeargle, L50, F|\n|poke|p2|Zamazenta-*, L50|\n|poke|p2|Kyogre, L50|\n|poke|p2|Wo-Chien, L50|\n|poke|p2|Grimmsnarl, L50, M|\n|poke|p2|Rhyperior, L50, M|\n|poke|p2|Ditto, L50|\n|teampreview|4\n|\n|t:|1771137196\n|teamsize|p1|4\n|teamsize|p2|4\n|start\n|switch|p1a: Calyrex|Calyrex-Ice, L50|100/100\n|switch|p1b: Smeargle|Smeargle, L50, F|100/100\n|switch|p2a: Grimmsnarl|Grimmsnarl, L50, M|100/100\n|switch|p2b: Zamazenta|Zamazenta-Crowned, L50|100/100\n|-ability|p1a: Calyrex|As One\n|-ability|p1a: Calyrex|Unnerve\n|-ability|p2b: Zamazenta|Dauntless Shield|boost\n|-boost|p2b: Zamazenta|def|1\n|turn|1\n|\n|t:|1771137212\n|-terastallize|p1a: Calyrex|Grass\n|move|p2a: Grimmsnarl|Reflect|p2a: Grimmsnarl\n|-sidestart|p2: SEITA|Reflect\n|move|p2b: Zamazenta|Iron Defense|p2b: Zamazenta\n|-boost|p2b: Zamazenta|def|2\n|move|p1b: Smeargle|Spore|p2b: Zamazenta\n|-status|p2b: Zamazenta|slp|[from] move: Spore\n|move|p1a: Calyrex|Trick Room|p1a: Calyrex\n|-fieldstart|move: Trick Room|[of] p1a: Calyrex\n|\n|-ability|p1b: Smeargle|Moody|boost\n|-boost|p1b: Smeargle|spa|2\n|-unboost|p1b: Smeargle|def|1\n|-enditem|p1b: Smeargle|Eject Pack\n|upkeep\n|\n|t:|1771137225\n|switch|p1b: Landorus|Landorus, L50, M|100/100\n|turn|2\n|\n|t:|1771137244\n|switch|p2b: Kyogre|Kyogre, L50|100/100\n|-weather|RainDance|[from] ability: Drizzle|[of] p2b: Kyogre\n|move|p2a: Grimmsnarl|Light Screen|p2a: Grimmsnarl\n|-sidestart|p2: SEITA|move: Light Screen\n|move|p1a: Calyrex|Glacial Lance|p2b: Kyogre|[spread] p2a,p2b\n|-crit|p2a: Grimmsnarl\n|-resisted|p2b: Kyogre\n|-damage|p2a: Grimmsnarl|32/100\n|-damage|p2b: Kyogre|85/100\n|move|p1b: Landorus|Earth Power|p2b: Kyogre\n|-damage|p2b: Kyogre|54/100\n|\n|-weather|RainDance|[upkeep]\n|-heal|p2b: Kyogre|60/100|[from] item: Leftovers\n|upkeep\n|turn|3\n|\n|t:|1771137267\n|switch|p1b: Smeargle|Smeargle, L50, F|100/100\n|move|p2a: Grimmsnarl|Parting Shot|p1a: Calyrex\n|-fail|p1a: Calyrex|unboost|[from] item: Clear Amulet|[of] p1a: Calyrex\n|move|p1a: Calyrex|Seed Bomb|p2b: Kyogre\n|-supereffective|p2b: Kyogre\n|-damage|p2b: Kyogre|9/100\n|move|p2b: Kyogre|Origin Pulse|p1b: Smeargle|[spread] p1a\n|-miss|p2b: Kyogre|p1b: Smeargle\n|-resisted|p1a: Calyrex\n|-damage|p1a: Calyrex|78/100\n|\n|-weather|RainDance|[upkeep]\n|-heal|p2b: Kyogre|15/100|[from] item: Leftovers\n|-ability|p1b: Smeargle|Moody|boost\n|-boost|p1b: Smeargle|def|2\n|-unboost|p1b: Smeargle|spd|1\n|upkeep\n|turn|4\n|\n|t:|1771137297\n|switch|p2a: Zamazenta|Zamazenta-Crowned, L50|100/100 slp\n|move|p2b: Kyogre|Protect|p2b: Kyogre\n|-singleturn|p2b: Kyogre|Protect\n|move|p1b: Smeargle|Fake Out|p2a: Zamazenta\n|-resisted|p2a: Zamazenta\n|-damage|p2a: Zamazenta|99/100 slp\n|move|p1a: Calyrex|Glacial Lance|p2a: Zamazenta|[spread] p2a\n|-activate|p2b: Kyogre|move: Protect\n|-resisted|p2a: Zamazenta\n|-damage|p2a: Zamazenta|89/100 slp\n|\n|-weather|RainDance|[upkeep]\n|-heal|p2b: Kyogre|21/100|[from] item: Leftovers\n|-ability|p1b: Smeargle|Moody|boost\n|-boost|p1b: Smeargle|def|2\n|-unboost|p1b: Smeargle|spa|1\n|upkeep\n|turn|5\n|\n|t:|1771137327\n|switch|p2b: Wo-Chien|Wo-Chien, L50|100/100\n|-ability|p2b: Wo-Chien|Tablets of Ruin\n|move|p1a: Calyrex|Glacial Lance|p2b: Wo-Chien|[spread] p2a,p2b\n|-resisted|p2a: Zamazenta\n|-supereffective|p2b: Wo-Chien\n|-damage|p2a: Zamazenta|80/100 slp\n|-damage|p2b: Wo-Chien|52/100\n|move|p1b: Smeargle|Spore|p2b: Wo-Chien\n|-immune|p2b: Wo-Chien\n|cant|p2a: Zamazenta|slp\n|\n|-weather|RainDance|[upkeep]\n|-fieldend|move: Trick Room\n|-ability|p1b: Smeargle|Moody|boost\n|-boost|p1b: Smeargle|def|2\n|-unboost|p1b: Smeargle|spe|1\n|upkeep\n|turn|6\n|\n|t:|1771137364\n|switch|p1b: Landorus|Landorus, L50, M|100/100\n|-curestatus|p2a: Zamazenta|slp|[msg]\n|move|p2a: Zamazenta|Body Press|p1b: Landorus\n|-resisted|p1b: Landorus\n|-damage|p1b: Landorus|85/100\n|move|p2b: Wo-Chien|Foul Play|p1b: Landorus\n|-damage|p1b: Landorus|53/100\n|move|p1a: Calyrex|Trick Room|p1a: Calyrex\n|-fieldstart|move: Trick Room|[of] p1a: Calyrex\n|\n|-weather|none\n|upkeep\n|turn|7\n|\n|t:|1771137409\n|move|p2a: Zamazenta|Protect|p2a: Zamazenta\n|-singleturn|p2a: Zamazenta|Protect\n|move|p1a: Calyrex|Seed Bomb|p2a: Zamazenta\n|-activate|p2a: Zamazenta|move: Protect\n|move|p2b: Wo-Chien|Leech Seed|p1b: Landorus\n|-start|p1b: Landorus|move: Leech Seed\n|move|p1b: Landorus|Earth Power|p2a: Zamazenta\n|-activate|p2a: Zamazenta|move: Protect\n|\n|-damage|p1b: Landorus|40/100|[from] Leech Seed|[of] p2b: Wo-Chien\n|-heal|p2b: Wo-Chien|68/100|[silent]\n|upkeep\n|turn|8\n|\n|t:|1771137445\n|switch|p1b: Smeargle|Smeargle, L50, F|100/100\n|-terastallize|p2a: Zamazenta|Grass\n|move|p2b: Wo-Chien|Protect|p2b: Wo-Chien\n|-singleturn|p2b: Wo-Chien|Protect\n|move|p1a: Calyrex|Seed Bomb|p2a: Zamazenta\n|-resisted|p2a: Zamazenta\n|-damage|p2a: Zamazenta|73/100\n|move|p2a: Zamazenta|Body Press|p1a: Calyrex\n|-damage|p1a: Calyrex|57/100\n|\n|-sideend|p2: SEITA|Reflect\n|-ability|p1b: Smeargle|Moody|boost\n|-boost|p1b: Smeargle|def|2\n|-unboost|p1b: Smeargle|atk|1\n|upkeep\n|turn|9\n|j| kaseypocius\n|c|\u2606dukeker2|\uff1f\u4f60\u6709\u95ee\u9898\n|\n|t:|1771137483\n|move|p2a: Zamazenta|Protect|p2a: Zamazenta\n|-singleturn|p2a: Zamazenta|Protect\n|move|p1b: Smeargle|Fake Out|p2a: Zamazenta\n|-activate|p2a: Zamazenta|move: Protect\n|move|p1a: Calyrex|Glacial Lance|p2b: Wo-Chien|[spread] p2b\n|-activate|p2a: Zamazenta|move: Protect\n|-supereffective|p2b: Wo-Chien\n|-damage|p2b: Wo-Chien|3/100\n|move|p2b: Wo-Chien|Pollen Puff|p1a: Calyrex\n|-supereffective|p1a: Calyrex\n|-damage|p1a: Calyrex|31/100\n|\n|-sideend|p2: SEITA|move: Light Screen\n|-ability|p1b: Smeargle|Moody|boost\n|-boost|p1b: Smeargle|atk|2\n|-unboost|p1b: Smeargle|def|1\n|upkeep\n|turn|10\n|\n|t:|1771137526\n|move|p2b: Wo-Chien|Protect|p2b: Wo-Chien\n|-singleturn|p2b: Wo-Chien|Protect\n|move|p1b: Smeargle|Follow Me|p1b: Smeargle\n|-singleturn|p1b: Smeargle|move: Follow Me\n|move|p1a: Calyrex|Glacial Lance|p2b: Wo-Chien|[spread] p2a\n|-activate|p2b: Wo-Chien|move: Protect\n|-supereffective|p2a: Zamazenta\n|-damage|p2a: Zamazenta|24/100\n|move|p2a: Zamazenta|Iron Defense|p2a: Zamazenta\n|-boost|p2a: Zamazenta|def|2\n|\n|-fieldend|move: Trick Room\n|-ability|p1b: Smeargle|Moody|boost\n|-boost|p1b: Smeargle|spa|2\n|-unboost|p1b: Smeargle|spe|1\n|upkeep\n|turn|11\n|\n|t:|1771137547\n|move|p1b: Smeargle|Follow Me|p1b: Smeargle\n|-singleturn|p1b: Smeargle|move: Follow Me\n|move|p2a: Zamazenta|Body Press|p1b: Smeargle\n|-supereffective|p1b: Smeargle\n|-damage|p1b: Smeargle|0 fnt\n|faint|p1b: Smeargle\n|move|p2b: Wo-Chien|Pollen Puff|p1a: Calyrex\n|-supereffective|p1a: Calyrex\n|-damage|p1a: Calyrex|7/100\n|move|p1a: Calyrex|Glacial Lance|p2b: Wo-Chien|[spread] p2a,p2b\n|-supereffective|p2a: Zamazenta\n|-supereffective|p2b: Wo-Chien\n|-damage|p2a: Zamazenta|0 fnt\n|-damage|p2b: Wo-Chien|0 fnt\n|faint|p2a: Zamazenta\n|faint|p2b: Wo-Chien\n|-ability|p1a: Calyrex|Chilling Neigh|boost\n|-boost|p1a: Calyrex|atk|2\n|\n|upkeep\n|\n|t:|1771137565\n|switch|p2a: Kyogre|Kyogre, L50|21/100\n|switch|p1b: Kyogre|Kyogre, L50|100/100\n|switch|p2b: Grimmsnarl|Grimmsnarl, L50, M|32/100\n|-weather|RainDance|[from] ability: Drizzle|[of] p2a: Kyogre\n|turn|12\n|\n|t:|1771137580\n|move|p1a: Calyrex|Protect|p1a: Calyrex\n|-singleturn|p1a: Calyrex|Protect\n|move|p2b: Grimmsnarl|Light Screen|p2b: Grimmsnarl\n|-sidestart|p2: SEITA|move: Light Screen\n|move|p2a: Kyogre|Thunder|p1b: Kyogre\n|-supereffective|p1b: Kyogre\n|-damage|p1b: Kyogre|50/100\n|move|p1b: Kyogre|Thunder|p2a: Kyogre\n|-supereffective|p2a: Kyogre\n|-damage|p2a: Kyogre|0 fnt\n|faint|p2a: Kyogre\n|\n|-weather|RainDance|[upkeep]\n|upkeep\n|turn|13\n|-message|SEITA forfeited.\n|\n|win|dukeker2\n|raw|dukeker2's rating: 1367 &rarr; <strong>1393</strong><br />(+26 for winning)\n|raw|SEITA's rating: 1466 &rarr; <strong>1440</strong><br />(-26 for losing)\n|c|\u2606dukeker2|gg\n|l| kaseypocius\n|l|\u2606dukeker2\n|player|p1|\n","uploadtime":1771137782,"views":27,"formatid":"gen9vgc2026regi","rating":1393,"private":0,"password":null}