{"id":"gen9vgc2026regi-2546416892","format":"[Gen 9] VGC 2026 Reg I","players":["coro07","wasaad5"],"log":"|j|\u2606coro07\n|j|\u2606wasaad5\n|t:|1771962757\n|gametype|doubles\n|player|p1|coro07|benga|1143\n|player|p2|wasaad5|blue|1243\n|gen|9\n|tier|[Gen 9] VGC 2026 Reg I\n|rated|\n|rule|Species Clause: Limit one of each Pok\u00e9mon\n|rule|Item Clause: Limit 1 of each item\n|clearpoke\n|poke|p1|Dragonite, L50, M|\n|poke|p1|Clefable, L50, M|\n|poke|p1|Miraidon, L50|\n|poke|p1|Suicune, L50|\n|poke|p1|Incineroar, L50, F|\n|poke|p1|Palkia, L50|\n|poke|p2|Kyurem-White, L50|\n|poke|p2|Zacian-*, L50|\n|poke|p2|Sableye, L50, M|\n|poke|p2|Urshifu-*, L50, F|\n|poke|p2|Amoonguss, L50, M|\n|poke|p2|Incineroar, L50, M|\n|teampreview|4\n|\n|t:|1771962792\n|teamsize|p1|4\n|teamsize|p2|4\n|start\n|switch|p1a: Suicune|Suicune, L50|100/100\n|switch|p1b: Palkia|Palkia, L50|100/100\n|switch|p2a: Amoonguss|Amoonguss, L50, M|100/100\n|switch|p2b: Kyurem|Kyurem-White, L50, shiny|100/100\n|-ability|p2b: Kyurem|Turboblaze\n|-ability|p1b: Palkia|Pressure\n|turn|1\n|\n|t:|1771962820\n|switch|p1b: Miraidon|Miraidon, L50|100/100\n|-fieldstart|move: Electric Terrain|[from] ability: Hadron Engine|[of] p1b: Miraidon\n|move|p2a: Amoonguss|Rage Powder|p2a: Amoonguss\n|-singleturn|p2a: Amoonguss|move: Rage Powder\n|move|p2b: Kyurem|Freeze-Dry|p1b: Miraidon\n|-supereffective|p1b: Miraidon\n|-damage|p1b: Miraidon|30/100\n|move|p1a: Suicune|Tailwind|p1a: Suicune\n|-sidestart|p1: coro07|move: Tailwind\n|\n|upkeep\n|turn|2\n|\n|t:|1771962843\n|-terastallize|p1b: Miraidon|Fairy\n|move|p2a: Amoonguss|Rage Powder|p2a: Amoonguss\n|-singleturn|p2a: Amoonguss|move: Rage Powder\n|move|p1b: Miraidon|Dazzling Gleam|p2b: Kyurem|[spread] p2a,p2b\n|-resisted|p2a: Amoonguss\n|-supereffective|p2b: Kyurem\n|-damage|p2a: Amoonguss|80/100\n|-damage|p2b: Kyurem|32/100\n|move|p1a: Suicune|Snarl|p2b: Kyurem|[spread] p2a,p2b\n|-damage|p2a: Amoonguss|74/100\n|-damage|p2b: Kyurem|28/100\n|-unboost|p2a: Amoonguss|spa|1\n|-unboost|p2b: Kyurem|spa|1\n|move|p2b: Kyurem|Freeze-Dry|p1b: Miraidon\n|-damage|p1b: Miraidon|5/100\n|\n|upkeep\n|turn|3\n|\n|t:|1771962868\n|switch|p1a: Clefable|Clefable, L50, M|100/100\n|switch|p2b: Zacian|Zacian-Crowned, L50|100/100\n|-ability|p2b: Zacian|Intrepid Sword|boost\n|-boost|p2b: Zacian|atk|1\n|move|p1b: Miraidon|Dazzling Gleam|p2a: Amoonguss|[spread] p2a,p2b\n|-resisted|p2a: Amoonguss\n|-resisted|p2b: Zacian\n|-damage|p2a: Amoonguss|51/100\n|-damage|p2b: Zacian|66/100\n|move|p2a: Amoonguss|Sludge Bomb|p1b: Miraidon\n|-supereffective|p1b: Miraidon\n|-damage|p1b: Miraidon|0 fnt\n|faint|p1b: Miraidon\n|\n|upkeep\n|\n|t:|1771962884\n|switch|p1b: Palkia|Palkia, L50|100/100\n|-ability|p1b: Palkia|Pressure\n|turn|4\n|\n|t:|1771962905\n|move|p2b: Zacian|Protect|p2b: Zacian\n|-singleturn|p2b: Zacian|Protect\n|move|p2a: Amoonguss|Protect|p2a: Amoonguss\n|-singleturn|p2a: Amoonguss|Protect\n|move|p1a: Clefable|Follow Me|p1a: Clefable\n|-singleturn|p1a: Clefable|move: Follow Me\n|move|p1b: Palkia|Flamethrower|p2b: Zacian\n|-activate|p2b: Zacian|move: Protect\n|\n|-sideend|p1: coro07|move: Tailwind\n|upkeep\n|turn|5\n|\n|t:|1771962919\n|move|p1a: Clefable|Follow Me|p1a: Clefable\n|-singleturn|p1a: Clefable|move: Follow Me\n|move|p2a: Amoonguss|Rage Powder|p2a: Amoonguss\n|-singleturn|p2a: Amoonguss|move: Rage Powder\n|move|p2b: Zacian|Behemoth Blade|p1a: Clefable\n|-supereffective|p1a: Clefable\n|-damage|p1a: Clefable|0 fnt\n|-damage|p2b: Zacian|50/100|[from] item: Rocky Helmet|[of] p1a: Clefable\n|faint|p1a: Clefable\n|move|p1b: Palkia|Flamethrower|p2a: Amoonguss\n|-supereffective|p2a: Amoonguss\n|-crit|p2a: Amoonguss\n|-damage|p2a: Amoonguss|0 fnt\n|faint|p2a: Amoonguss\n|\n|-fieldend|move: Electric Terrain\n|upkeep\n|\n|t:|1771962935\n|switch|p1a: Suicune|Suicune, L50|100/100\n|switch|p2a: Kyurem|Kyurem-White, L50, shiny|28/100\n|-ability|p2a: Kyurem|Turboblaze\n|turn|6\n|\n|t:|1771962958\n|move|p2b: Zacian|Play Rough|p1b: Palkia\n|-supereffective|p1b: Palkia\n|-damage|p1b: Palkia|0 fnt\n|faint|p1b: Palkia\n|move|p2a: Kyurem|Freeze-Dry|p1a: Suicune\n|-supereffective|p1a: Suicune\n|-damage|p1a: Suicune|42/100\n|move|p1a: Suicune|Tailwind|p1a: Suicune\n|-sidestart|p1: coro07|move: Tailwind\n|\n|-heal|p1a: Suicune|47/100|[from] item: Leftovers\n|upkeep\n|turn|7\n|-message|coro07 forfeited.\n|\n|win|wasaad5\n|raw|coro07's rating: 1143 &rarr; <strong>1125</strong><br />(-18 for losing)\n|raw|wasaad5's rating: 1243 &rarr; <strong>1261</strong><br />(+18 for winning)\n|l|\u2606coro07\n|player|p1|\n|l|\u2606wasaad5\n|player|p2|\n","uploadtime":1771963177,"views":11,"formatid":"gen9vgc2026regi","rating":1125,"private":0,"password":null}