{"id":"gen9vgc2026regi-2561226148","format":"[Gen 9] VGC 2026 Reg I","players":["fernsthedruids","Flyporcupine"],"log":"|j|\u2606fernsthedruids\n|j|\u2606Flyporcupine\n|t:|1773775171\n|gametype|doubles\n|player|p1|fernsthedruids|101|1276\n|player|p2|Flyporcupine|101|1307\n|gen|9\n|tier|[Gen 9] VGC 2026 Reg I\n|rated|\n|rule|Species Clause: Limit one of each Pok\u00e9mon\n|rule|Item Clause: Limit 1 of each item\n|clearpoke\n|poke|p1|Kyogre, L50|\n|poke|p1|Calyrex-Ice, L50|\n|poke|p1|Raging Bolt, L50|\n|poke|p1|Tornadus, L50, M|\n|poke|p1|Incineroar, L50, F|\n|poke|p1|Hitmontop, L50, M|\n|poke|p2|Calyrex-Shadow, L50|\n|poke|p2|Zamazenta-*, L50|\n|poke|p2|Incineroar, L50, F|\n|poke|p2|Urshifu-*, L50, F|\n|poke|p2|Tornadus, L50, M|\n|poke|p2|Landorus, L50, M|\n|teampreview|4\n|inactive|Battle timer is ON: inactive players will automatically lose when time's up. (requested by Flyporcupine)\nFlyporcupine has agreed to open team sheets.\nfernsthedruids has agreed to open team sheets.\n|showteam|p1|Kyogre||MysticWater|Drizzle|Protect,WaterSpout,OriginPulse,HydroPump||||||50|,,,,,Grass]Calyrex-Ice||ClearAmulet|AsOneGlastrier|Protect,TrickRoom,GlacialLance,HighHorsepower||||||50|,,,,,Dragon]Raging Bolt||LifeOrb|Protosynthesis|Protect,DracoMeteor,Thunderclap,Thunderbolt||||||50|,,,,,Fairy]Tornadus||CovertCloak|Prankster|Taunt,RainDance,Tailwind,Hurricane|||M|||50|,,,,,Grass]Incineroar||SafetyGoggles|Intimidate|FakeOut,PartingShot,KnockOff,WillOWisp|||F|||50|,,,,,Bug]Hitmontop||EjectButton|Intimidate|FakeOut,WideGuard,Feint,CloseCombat|||M|||50|,,,,,Steel\n|showteam|p2|Calyrex-Shadow||FocusSash|AsOneSpectrier|AstralBarrage,Psychic,NastyPlot,Protect||||||50|,,,,,Fairy]Zamazenta-Crowned||RustedShield|DauntlessShield|BodyPress,HeavySlam,WideGuard,Protect||||||50|,,,,,Dragon]Incineroar||SitrusBerry|Intimidate|KnockOff,WillOWisp,FakeOut,PartingShot|||F|||50|,,,,,Bug]Urshifu||BlackGlasses|UnseenFist|WickedBlow,CloseCombat,SuckerPunch,Detect|||F|||50|,,,,,Fairy]Tornadus||CovertCloak|Prankster|Protect,Tailwind,SunnyDay,BleakwindStorm|||M|||50|,,,,,Flying]Landorus||LifeOrb|SheerForce|Protect,SandsearStorm,SludgeBomb,EarthPower|||M|||50|,,,,,Poison\n|inactive|fernsthedruids has 60 seconds left.\n|inactive|fernsthedruids has 30 seconds left.\n|\n|t:|1773775264\n|teamsize|p1|4\n|teamsize|p2|4\n|start\n|switch|p1a: Calyrex|Calyrex-Ice, L50|100/100\n|switch|p1b: Hitmontop|Hitmontop, L50, M|100/100\n|switch|p2a: Tornadus|Tornadus, L50, M|100/100\n|switch|p2b: Urshifu|Urshifu, L50, F|100/100\n|-ability|p1a: Calyrex|As One\n|-ability|p1a: Calyrex|Unnerve\n|-ability|p1b: Hitmontop|Intimidate|boost\n|-unboost|p2a: Tornadus|atk|1\n|-unboost|p2b: Urshifu|atk|1\n|turn|1\n|\n|t:|1773775287\n|move|p2b: Urshifu|Detect|p2b: Urshifu\n|-singleturn|p2b: Urshifu|Protect\n|move|p1b: Hitmontop|Fake Out|p2b: Urshifu\n|-activate|p2b: Urshifu|move: Protect\n|move|p2a: Tornadus|Bleakwind Storm|p1a: Calyrex|[spread] \n|-miss|p2a: Tornadus|p1a: Calyrex\n|-miss|p2a: Tornadus|p1b: Hitmontop\n|move|p1a: Calyrex|Trick Room|p1a: Calyrex\n|-fieldstart|move: Trick Room|[of] p1a: Calyrex\n|\n|upkeep\n|turn|2\n|\n|t:|1773775309\n|-terastallize|p1a: Calyrex|Dragon\n|move|p2b: Urshifu|Sucker Punch|p1a: Calyrex\n|-damage|p1a: Calyrex|82/100\n|move|p1a: Calyrex|Glacial Lance|p2b: Urshifu|[spread] p2a,p2b\n|-supereffective|p2a: Tornadus\n|-damage|p2a: Tornadus|0 fnt\n|-damage|p2b: Urshifu|42/100\n|faint|p2a: Tornadus\n|-ability|p1a: Calyrex|Chilling Neigh|boost\n|-boost|p1a: Calyrex|atk|1\n|move|p1b: Hitmontop|Close Combat|p2b: Urshifu\n|-supereffective|p2b: Urshifu\n|-damage|p2b: Urshifu|0 fnt\n|-unboost|p1b: Hitmontop|def|1\n|-unboost|p1b: Hitmontop|spd|1\n|faint|p2b: Urshifu\n|\n|upkeep\n|\n|t:|1773775327\n|switch|p2a: Zamazenta|Zamazenta-Crowned, L50|100/100\n|switch|p2b: Calyrex|Calyrex-Shadow, L50|100/100\n|-ability|p2b: Calyrex|As One\n|-ability|p2b: Calyrex|Unnerve\n|-ability|p2a: Zamazenta|Dauntless Shield|boost\n|-boost|p2a: Zamazenta|def|1\n|turn|3\n|\n|t:|1773775345\n|-terastallize|p2b: Calyrex|Fairy\n|move|p2a: Zamazenta|Wide Guard|p2a: Zamazenta\n|-singleturn|p2a: Zamazenta|Wide Guard\n|move|p1b: Hitmontop|Feint|p2a: Zamazenta\n|-activate|p2a: Zamazenta|move: Feint\n|-resisted|p2a: Zamazenta\n|-damage|p2a: Zamazenta|99/100\n|move|p1a: Calyrex|Glacial Lance|p2b: Calyrex|[spread] p2a,p2b\n|-resisted|p2a: Zamazenta\n|-damage|p2a: Zamazenta|83/100\n|-damage|p2b: Calyrex|8/100\n|move|p2b: Calyrex|Psychic|p1b: Hitmontop\n|-supereffective|p1b: Hitmontop\n|-damage|p1b: Hitmontop|0 fnt\n|faint|p1b: Hitmontop\n|-ability|p2b: Calyrex|Grim Neigh|boost\n|-boost|p2b: Calyrex|spa|1\n|\n|upkeep\n|\n|t:|1773775361\n|switch|p1b: Raging Bolt|Raging Bolt, L50|100/100\n|turn|4\n|\n|t:|1773775368\n|move|p2a: Zamazenta|Wide Guard|p2a: Zamazenta\n|-singleturn|p2a: Zamazenta|Wide Guard\n|move|p1a: Calyrex|High Horsepower|p2a: Zamazenta\n|-supereffective|p2a: Zamazenta\n|-damage|p2a: Zamazenta|39/100\n|move|p1b: Raging Bolt|Thunderbolt|p2b: Calyrex\n|-damage|p2b: Calyrex|0 fnt\n|faint|p2b: Calyrex\n|-damage|p1b: Raging Bolt|91/100|[from] item: Life Orb\n|\n|upkeep\n|turn|5\n|\n|t:|1773775384\n|move|p1a: Calyrex|Glacial Lance|p2a: Zamazenta\n|-resisted|p2a: Zamazenta\n|-damage|p2a: Zamazenta|17/100\n|move|p1b: Raging Bolt|Thunderbolt|p2a: Zamazenta\n|-damage|p2a: Zamazenta|0 fnt\n|faint|p2a: Zamazenta\n|-damage|p1b: Raging Bolt|81/100|[from] item: Life Orb\n|\n|win|fernsthedruids\n|raw|fernsthedruids's rating: 1276 &rarr; <strong>1303</strong><br />(+27 for winning)\n|raw|Flyporcupine's rating: 1307 &rarr; <strong>1285</strong><br />(-22 for losing)\n|l|\u2606Flyporcupine\n|player|p2|\n|c|\u2606fernsthedruids|hitmontop!\n|l|\u2606fernsthedruids\n|player|p1|\n","uploadtime":1773775648,"views":11,"formatid":"gen9vgc2026regi","rating":1285,"private":0,"password":null}