{"id":"gen9vgc2026regi-2558928452","format":"[Gen 9] VGC 2026 Reg I","players":["costayo","BanKingambit69247"],"log":"|j|\u2606costayo\n|j|\u2606BanKingambit69247\n|t:|1773502680\n|gametype|doubles\n|player|p1|costayo|n|1495\n|player|p2|BanKingambit69247|101|1566\n|gen|9\n|tier|[Gen 9] VGC 2026 Reg I\n|rated|\n|rule|Species Clause: Limit one of each Pok\u00e9mon\n|rule|Item Clause: Limit 1 of each item\n|clearpoke\n|poke|p1|Zamazenta-*, L50|\n|poke|p1|Calyrex-Shadow, L50|\n|poke|p1|Rillaboom, L50, F|\n|poke|p1|Iron Jugulis, L50|\n|poke|p1|Urshifu-*, L50, M|\n|poke|p1|Amoonguss, L50, M|\n|poke|p2|Calyrex-Shadow, L50|\n|poke|p2|Zamazenta-*, L50|\n|poke|p2|Chien-Pao, L50|\n|poke|p2|Smeargle, L50, M|\n|poke|p2|Tatsugiri-Droopy, L50, F|\n|poke|p2|Dondozo, L50, M|\n|teampreview|4\n|inactive|Battle timer is ON: inactive players will automatically lose when time's up. (requested by costayo)\n|\n|t:|1773502707\n|teamsize|p1|4\n|teamsize|p2|4\n|start\n|switch|p1a: Iron Jugulis|Iron Jugulis, L50|100/100\n|switch|p1b: Urshifu|Urshifu-Rapid-Strike, L50, M|100/100\n|switch|p2a: \u6211\u5927\u54e5|Smeargle, L50, M|100/100\n|switch|p2b: \u8bf6\u4f60\u600e\u4e48\u6b7b\u4e86?\u267f\u267f\u267f|Calyrex-Shadow, L50|100/100\n|-ability|p2b: \u8bf6\u4f60\u600e\u4e48\u6b7b\u4e86?\u267f\u267f\u267f|As One\n|-ability|p2b: \u8bf6\u4f60\u600e\u4e48\u6b7b\u4e86?\u267f\u267f\u267f|Unnerve\n|-enditem|p1a: Iron Jugulis|Booster Energy\n|-activate|p1a: Iron Jugulis|ability: Quark Drive|[fromitem]\n|-start|p1a: Iron Jugulis|quarkdrivespe\n|turn|1\n|inactive|costayo has 30 seconds left.\n|\n|t:|1773502736\n|-terastallize|p2b: \u8bf6\u4f60\u600e\u4e48\u6b7b\u4e86?\u267f\u267f\u267f|Ghost\n|move|p2a: \u6211\u5927\u54e5|Fake Out|p1b: Urshifu\n|-damage|p1b: Urshifu|88/100\n|move|p1a: Iron Jugulis|Snarl|p2b: \u8bf6\u4f60\u600e\u4e48\u6b7b\u4e86?\u267f\u267f\u267f|[spread] p2a,p2b\n|-supereffective|p2b: \u8bf6\u4f60\u600e\u4e48\u6b7b\u4e86?\u267f\u267f\u267f\n|-damage|p2a: \u6211\u5927\u54e5|52/100\n|-damage|p2b: \u8bf6\u4f60\u600e\u4e48\u6b7b\u4e86?\u267f\u267f\u267f|60/100\n|-unboost|p2a: \u6211\u5927\u54e5|spa|1\n|-unboost|p2b: \u8bf6\u4f60\u600e\u4e48\u6b7b\u4e86?\u267f\u267f\u267f|spa|1\n|move|p2b: \u8bf6\u4f60\u600e\u4e48\u6b7b\u4e86?\u267f\u267f\u267f|Astral Barrage|p1b: Urshifu|[spread] p1a,p1b\n|-resisted|p1a: Iron Jugulis\n|-damage|p1a: Iron Jugulis|51/100\n|-damage|p1b: Urshifu|0 fnt\n|faint|p1b: Urshifu\n|-ability|p2b: \u8bf6\u4f60\u600e\u4e48\u6b7b\u4e86?\u267f\u267f\u267f|Grim Neigh|boost\n|-boost|p2b: \u8bf6\u4f60\u600e\u4e48\u6b7b\u4e86?\u267f\u267f\u267f|spa|1\n|\n|upkeep\n|\n|t:|1773502754\n|switch|p1b: Calyrex|Calyrex-Shadow, L50|100/100\n|-ability|p1b: Calyrex|As One\n|-ability|p1b: Calyrex|Unnerve\n|turn|2\n|\n|t:|1773502769\n|move|p1b: Calyrex|Protect|p1b: Calyrex\n|-singleturn|p1b: Calyrex|Protect\n|move|p2a: \u6211\u5927\u54e5|Wide Guard|p2a: \u6211\u5927\u54e5\n|-singleturn|p2a: \u6211\u5927\u54e5|Wide Guard\n|move|p1a: Iron Jugulis|Snarl|p2b: \u8bf6\u4f60\u600e\u4e48\u6b7b\u4e86?\u267f\u267f\u267f|[spread] \n|-activate|p2a: \u6211\u5927\u54e5|move: Wide Guard\n|-activate|p2b: \u8bf6\u4f60\u600e\u4e48\u6b7b\u4e86?\u267f\u267f\u267f|move: Wide Guard\n|move|p2b: \u8bf6\u4f60\u600e\u4e48\u6b7b\u4e86?\u267f\u267f\u267f|Astral Barrage|p1b: Calyrex|[spread] p1a\n|-activate|p1b: Calyrex|move: Protect\n|-resisted|p1a: Iron Jugulis\n|-damage|p1a: Iron Jugulis|0 fnt\n|faint|p1a: Iron Jugulis\n|-end|p1a: Iron Jugulis|Quark Drive|[silent]\n|-ability|p2b: \u8bf6\u4f60\u600e\u4e48\u6b7b\u4e86?\u267f\u267f\u267f|Grim Neigh|boost\n|-boost|p2b: \u8bf6\u4f60\u600e\u4e48\u6b7b\u4e86?\u267f\u267f\u267f|spa|1\n|\n|upkeep\n|\n|t:|1773502783\n|switch|p1a: Zamazenta|Zamazenta-Crowned, L50|100/100\n|-ability|p1a: Zamazenta|Dauntless Shield|boost\n|-boost|p1a: Zamazenta|def|1\n|turn|3\n|\n|t:|1773502792\n|switch|p2b: \u767d\u8272\u5c0f\u6590\u6d4e\u5317\ud83d\ude0b|Tatsugiri-Droopy, L50, F, shiny|100/100\n|switch|p2a: \u773c\u795e\u5446\u6ede\ud83e\udd2a|Dondozo, L50, M, shiny|100/100\n|-activate|p2b: \u767d\u8272\u5c0f\u6590\u6d4e\u5317\ud83d\ude0b|ability: Commander|[of] p2a: \u773c\u795e\u5446\u6ede\ud83e\udd2a\n|-boost|p2a: \u773c\u795e\u5446\u6ede\ud83e\udd2a|atk|2\n|-boost|p2a: \u773c\u795e\u5446\u6ede\ud83e\udd2a|spa|2\n|-boost|p2a: \u773c\u795e\u5446\u6ede\ud83e\udd2a|spe|2\n|-boost|p2a: \u773c\u795e\u5446\u6ede\ud83e\udd2a|def|2\n|-boost|p2a: \u773c\u795e\u5446\u6ede\ud83e\udd2a|spd|2\n|move|p1a: Zamazenta|Wide Guard|p1a: Zamazenta\n|-singleturn|p1a: Zamazenta|Wide Guard\n|move|p1b: Calyrex|Psychic|p2a: \u773c\u795e\u5446\u6ede\ud83e\udd2a\n|-damage|p2a: \u773c\u795e\u5446\u6ede\ud83e\udd2a|70/100\n|-unboost|p2a: \u773c\u795e\u5446\u6ede\ud83e\udd2a|spd|1\n|-damage|p1b: Calyrex|91/100|[from] item: Life Orb\n|\n|-heal|p2a: \u773c\u795e\u5446\u6ede\ud83e\udd2a|76/100|[from] item: Leftovers\n|upkeep\n|turn|4\n|\n|t:|1773502814\n|-terastallize|p1b: Calyrex|Ghost\n|move|p2a: \u773c\u795e\u5446\u6ede\ud83e\udd2a|Protect|p2a: \u773c\u795e\u5446\u6ede\ud83e\udd2a\n|-singleturn|p2a: \u773c\u795e\u5446\u6ede\ud83e\udd2a|Protect\n|move|p1b: Calyrex|Astral Barrage|p2a: \u773c\u795e\u5446\u6ede\ud83e\udd2a|[spread] \n|-miss|p1b: Calyrex|p2b: \u767d\u8272\u5c0f\u6590\u6d4e\u5317\ud83d\ude0b\n|-activate|p2a: \u773c\u795e\u5446\u6ede\ud83e\udd2a|move: Protect\n|move|p1a: Zamazenta|Body Press|p2a: \u773c\u795e\u5446\u6ede\ud83e\udd2a\n|-activate|p2a: \u773c\u795e\u5446\u6ede\ud83e\udd2a|move: Protect\n|\n|-heal|p2a: \u773c\u795e\u5446\u6ede\ud83e\udd2a|82/100|[from] item: Leftovers\n|upkeep\n|turn|5\n|\n|t:|1773502834\n|move|p1b: Calyrex|Astral Barrage|p2a: \u773c\u795e\u5446\u6ede\ud83e\udd2a|[spread] p2a\n|-miss|p1b: Calyrex|p2b: \u767d\u8272\u5c0f\u6590\u6d4e\u5317\ud83d\ude0b\n|-crit|p2a: \u773c\u795e\u5446\u6ede\ud83e\udd2a\n|-damage|p2a: \u773c\u795e\u5446\u6ede\ud83e\udd2a|0 fnt\n|faint|p2a: \u773c\u795e\u5446\u6ede\ud83e\udd2a\n|-ability|p1b: Calyrex|Grim Neigh|boost\n|-boost|p1b: Calyrex|spa|1\n|-damage|p1b: Calyrex|81/100|[from] item: Life Orb\n|move|p1a: Zamazenta|Body Press|p2b: \u767d\u8272\u5c0f\u6590\u6d4e\u5317\ud83d\ude0b\n|-damage|p2b: \u767d\u8272\u5c0f\u6590\u6d4e\u5317\ud83d\ude0b|0 fnt\n|faint|p2b: \u767d\u8272\u5c0f\u6590\u6d4e\u5317\ud83d\ude0b\n|\n|upkeep\n|\n|t:|1773502842\n|switch|p2b: \u8bf6\u4f60\u600e\u4e48\u6b7b\u4e86?\u267f\u267f\u267f|Calyrex-Shadow, L50, tera:Ghost|60/100\n|switch|p2a: \u6211\u5927\u54e5|Smeargle, L50, M|52/100\n|-ability|p2b: \u8bf6\u4f60\u600e\u4e48\u6b7b\u4e86?\u267f\u267f\u267f|As One\n|-ability|p2b: \u8bf6\u4f60\u600e\u4e48\u6b7b\u4e86?\u267f\u267f\u267f|Unnerve\n|turn|6\n|\n|t:|1773502855\n|move|p1b: Calyrex|Protect|p1b: Calyrex\n|-singleturn|p1b: Calyrex|Protect\n|move|p1a: Zamazenta|Protect|p1a: Zamazenta\n|-singleturn|p1a: Zamazenta|Protect\n|move|p2a: \u6211\u5927\u54e5|Wide Guard|p2a: \u6211\u5927\u54e5\n|-singleturn|p2a: \u6211\u5927\u54e5|Wide Guard\n|move|p2b: \u8bf6\u4f60\u600e\u4e48\u6b7b\u4e86?\u267f\u267f\u267f|Shadow Ball|p1b: Calyrex\n|-activate|p1b: Calyrex|move: Protect\n|\n|upkeep\n|turn|7\n|inactive|costayo has 30 seconds left.\n|\n|t:|1773502884\n|move|p2a: \u6211\u5927\u54e5|Follow Me|p2a: \u6211\u5927\u54e5\n|-singleturn|p2a: \u6211\u5927\u54e5|move: Follow Me\n|move|p2b: \u8bf6\u4f60\u600e\u4e48\u6b7b\u4e86?\u267f\u267f\u267f|Shadow Ball|p1b: Calyrex\n|-supereffective|p1b: Calyrex\n|-damage|p1b: Calyrex|0 fnt\n|faint|p1b: Calyrex\n|-ability|p2b: \u8bf6\u4f60\u600e\u4e48\u6b7b\u4e86?\u267f\u267f\u267f|Grim Neigh|boost\n|-boost|p2b: \u8bf6\u4f60\u600e\u4e48\u6b7b\u4e86?\u267f\u267f\u267f|spa|1\n|move|p1a: Zamazenta|Heavy Slam|p2a: \u6211\u5927\u54e5\n|-damage|p2a: \u6211\u5927\u54e5|0 fnt\n|faint|p2a: \u6211\u5927\u54e5\n|\n|upkeep\n|turn|8\n|\n|t:|1773502898\n|move|p2b: \u8bf6\u4f60\u600e\u4e48\u6b7b\u4e86?\u267f\u267f\u267f|Shadow Ball|p1a: Zamazenta\n|-damage|p1a: Zamazenta|0 fnt\n|faint|p1a: Zamazenta\n|\n|win|BanKingambit69247\n|raw|costayo's rating: 1495 &rarr; <strong>1479</strong><br />(-16 for losing)\n|raw|BanKingambit69247's rating: 1566 &rarr; <strong>1582</strong><br />(+16 for winning)\n","uploadtime":1773502901,"views":17,"formatid":"gen9vgc2026regi","rating":1479,"private":0,"password":null}