{"id":"gen9vgc2026regi-2527791038","format":"[Gen 9] VGC 2026 Reg I","players":["xzxzking","Galact7adi"],"log":"|j|\u2606xzxzking\n|j|\u2606Galact7adi\n|t:|1769577957\n|gametype|doubles\n|player|p1|xzxzking|169|1092\n|player|p2|Galact7adi|102|1196\n|gen|9\n|tier|[Gen 9] VGC 2026 Reg I\n|rated|\n|rule|Species Clause: Limit one of each Pok\u00e9mon\n|rule|Item Clause: Limit 1 of each item\n|clearpoke\n|poke|p1|Groudon, L50|\n|poke|p1|Calyrex-Ice, L50|\n|poke|p1|Farigiraf, L50, M|\n|poke|p1|Rillaboom, L50, F|\n|poke|p1|Incineroar, L50, M|\n|poke|p1|Flutter Mane, L50|\n|poke|p2|Incineroar, L50, M|\n|poke|p2|Koraidon, L50|\n|poke|p2|Ursaluna, L50, F|\n|poke|p2|Amoonguss, L50, M|\n|poke|p2|Flutter Mane, L50|\n|poke|p2|Lunala, L50|\n|teampreview|4\n|inactive|Battle timer is ON: inactive players will automatically lose when time's up. (requested by Galact7adi)\n|inactive|Galact7adi has 60 seconds left.\n|\n|t:|1769577990\n|teamsize|p1|4\n|teamsize|p2|4\n|start\n|switch|p1a: Incineroar|Incineroar, L50, M|100/100\n|switch|p1b: Calyrex|Calyrex-Ice, L50|100/100\n|switch|p2a: Lunala|Lunala, L50|100/100\n|switch|p2b: Koraidon|Koraidon, L50|100/100\n|-ability|p1b: Calyrex|As One\n|-ability|p1b: Calyrex|Unnerve\n|-weather|SunnyDay|[from] ability: Orichalcum Pulse|[of] p2b: Koraidon\n|-activate|p2b: Koraidon|Orichalcum Pulse|[source]\n|-ability|p1a: Incineroar|Intimidate|boost\n|-unboost|p2a: Lunala|atk|1\n|-unboost|p2b: Koraidon|atk|1\n|turn|1\n|inactive|xzxzking has 30 seconds left.\n|inactive|Galact7adi has 30 seconds left.\n|\n|t:|1769578020\n|switch|p2b: Incineroar|Incineroar, L50, M|100/100\n|-ability|p2b: Incineroar|Intimidate|boost\n|-unboost|p1a: Incineroar|atk|1\n|-fail|p1b: Calyrex|unboost|[from] item: Clear Amulet|[of] p1b: Calyrex\n|-terastallize|p2a: Lunala|Fairy\n|-terastallize|p1b: Calyrex|Normal\n|move|p2a: Lunala|Moongeist Beam|p1b: Calyrex\n|-immune|p1b: Calyrex\n|move|p1a: Incineroar|Knock Off|p2a: Lunala\n|-resisted|p2a: Lunala\n|-damage|p2a: Lunala|96/100\n|-enditem|p2a: Lunala|Covert Cloak|[from] move: Knock Off|[of] p1a: Incineroar\n|move|p1b: Calyrex|Glacial Lance|p2a: Lunala|[spread] p2a,p2b\n|-resisted|p2b: Incineroar\n|-damage|p2a: Lunala|47/100\n|-damage|p2b: Incineroar|75/100\n|\n|-weather|SunnyDay|[upkeep]\n|upkeep\n|turn|2\n|inactive|xzxzking has 30 seconds left.\n|inactive|Galact7adi has 30 seconds left.\n|inactive|xzxzking has 20 seconds left.\n|\n|t:|1769578055\n|move|p1b: Calyrex|Protect|p1b: Calyrex\n|-singleturn|p1b: Calyrex|Protect\n|move|p2a: Lunala|Moonblast|p1a: Incineroar\n|-damage|p1a: Incineroar|64/100\n|move|p1a: Incineroar|Flare Blitz|p2a: Lunala\n|-damage|p2a: Lunala|10/100\n|-damage|p1a: Incineroar|50/100|[from] Recoil\n|move|p2b: Incineroar|Will-O-Wisp|p1b: Calyrex\n|-activate|p1b: Calyrex|move: Protect\n|\n|-weather|SunnyDay|[upkeep]\n|upkeep\n|turn|3\n|\n|t:|1769578080\n|switch|p1b: Flutter Mane|Flutter Mane, L50|100/100\n|-activate|p1b: Flutter Mane|ability: Protosynthesis\n|-start|p1b: Flutter Mane|protosynthesisspe\n|move|p2a: Lunala|Moonblast|p1a: Incineroar\n|-damage|p1a: Incineroar|11/100\n|move|p1a: Incineroar|Flare Blitz|p2a: Lunala\n|-crit|p2a: Lunala\n|-damage|p2a: Lunala|0 fnt\n|faint|p2a: Lunala\n|-damage|p1a: Incineroar|8/100|[from] Recoil\n|move|p2b: Incineroar|Will-O-Wisp|p1b: Flutter Mane\n|-status|p1b: Flutter Mane|brn\n|\n|-weather|SunnyDay|[upkeep]\n|-damage|p1b: Flutter Mane|94/100 brn|[from] brn\n|upkeep\n|\n|t:|1769578086\n|switch|p2a: Koraidon|Koraidon, L50|100/100\n|-activate|p2a: Koraidon|ability: Orichalcum Pulse\n|turn|4\n|\n|t:|1769578106\n|move|p2a: Koraidon|Protect|p2a: Koraidon\n|-singleturn|p2a: Koraidon|Protect\n|move|p1b: Flutter Mane|Moonblast|p2a: Koraidon\n|-activate|p2a: Koraidon|move: Protect\n|move|p1a: Incineroar|Knock Off|p2b: Incineroar\n|-resisted|p2b: Incineroar\n|-damage|p2b: Incineroar|63/100\n|-enditem|p2b: Incineroar|Safety Goggles|[from] move: Knock Off|[of] p1a: Incineroar\n|move|p2b: Incineroar|Flare Blitz|p1b: Flutter Mane\n|-damage|p1b: Flutter Mane|0 fnt\n|faint|p1b: Flutter Mane\n|-end|p1b: Flutter Mane|Protosynthesis|[silent]\n|-damage|p2b: Incineroar|43/100|[from] Recoil\n|\n|-weather|SunnyDay|[upkeep]\n|upkeep\n|\n|t:|1769578119\n|switch|p1b: Groudon|Groudon, L50|100/100\n|turn|5\n|\n|t:|1769578141\n|switch|p2b: Amoonguss|Amoonguss, L50, M|100/100\n|move|p2a: Koraidon|Close Combat|p1b: Groudon\n|-damage|p1b: Groudon|32/100\n|-unboost|p2a: Koraidon|def|1\n|-unboost|p2a: Koraidon|spd|1\n|-damage|p2a: Koraidon|91/100|[from] item: Life Orb\n|move|p1b: Groudon|Precipice Blades|p2a: Koraidon|[spread] p2a,p2b\n|-damage|p2a: Koraidon|7/100\n|-damage|p2b: Amoonguss|55/100\n|move|p1a: Incineroar|Knock Off|p2a: Koraidon\n|-resisted|p2a: Koraidon\n|-damage|p2a: Koraidon|0 fnt\n|-enditem|p2a: Koraidon|Life Orb|[from] move: Knock Off|[of] p1a: Incineroar\n|faint|p2a: Koraidon\n|\n|-weather|none\n|upkeep\n|\n|t:|1769578148\n|switch|p2a: Incineroar|Incineroar, L50, M|43/100\n|-ability|p2a: Incineroar|Intimidate|boost\n|-unboost|p1a: Incineroar|atk|1\n|-unboost|p1b: Groudon|atk|1\n|turn|6\n|\n|t:|1769578169\n|switch|p1b: Calyrex|Calyrex-Ice, L50, tera:Normal|100/100\n|-ability|p1b: Calyrex|As One\n|-ability|p1b: Calyrex|Unnerve\n|move|p2a: Incineroar|Fake Out|p1a: Incineroar\n|-damage|p1a: Incineroar|0 fnt\n|faint|p1a: Incineroar\n|move|p2b: Amoonguss|Spore|p1b: Calyrex\n|-status|p1b: Calyrex|slp|[from] move: Spore\n|\n|upkeep\n|\n|t:|1769578179\n|switch|p1a: Groudon|Groudon, L50|32/100\n|-weather|SunnyDay|[from] ability: Drought|[of] p1a: Groudon\n|turn|7\n|\n|t:|1769578192\n|move|p1a: Groudon|Overheat|p2b: Amoonguss\n|-supereffective|p2b: Amoonguss\n|-damage|p2b: Amoonguss|0 fnt\n|-unboost|p1a: Groudon|spa|2\n|faint|p2b: Amoonguss\n|move|p2a: Incineroar|Flare Blitz|p1b: Calyrex\n|-damage|p1b: Calyrex|60/100 slp\n|-damage|p2a: Incineroar|29/100|[from] Recoil\n|cant|p1b: Calyrex|slp\n|\n|-weather|SunnyDay|[upkeep]\n|upkeep\n|turn|8\n|\n|t:|1769578204\n|move|p1a: Groudon|Precipice Blades|p2a: Incineroar|[miss]\n|-miss|p1a: Groudon|p2a: Incineroar\n|move|p2a: Incineroar|Flare Blitz|p1a: Groudon\n|-damage|p1a: Groudon|0 fnt\n|faint|p1a: Groudon\n|-damage|p2a: Incineroar|19/100|[from] Recoil\n|cant|p1b: Calyrex|slp\n|\n|-weather|SunnyDay|[upkeep]\n|upkeep\n|turn|9\n|\n|t:|1769578212\n|cant|p1b: Calyrex|slp\n|move|p2a: Incineroar|Flare Blitz|p1b: Calyrex\n|-damage|p1b: Calyrex|14/100 slp\n|-damage|p2a: Incineroar|3/100|[from] Recoil\n|\n|-weather|SunnyDay|[upkeep]\n|upkeep\n|turn|10\n|\n|t:|1769578215\n|-curestatus|p1b: Calyrex|slp|[msg]\n|move|p1b: Calyrex|Protect|p1b: Calyrex\n|-singleturn|p1b: Calyrex|Protect\n|move|p2a: Incineroar|Flare Blitz|p1b: Calyrex\n|-activate|p1b: Calyrex|move: Protect\n|\n|-weather|SunnyDay|[upkeep]\n|upkeep\n|turn|11\n|\n|t:|1769578220\n|move|p2a: Incineroar|Flare Blitz|p1b: Calyrex\n|-damage|p1b: Calyrex|0 fnt\n|faint|p1b: Calyrex\n|-damage|p2a: Incineroar|0 fnt|[from] Recoil\n|faint|p2a: Incineroar\n|\n|win|Galact7adi\n|raw|xzxzking's rating: 1092 &rarr; <strong>1075</strong><br />(-17 for losing)\n|raw|Galact7adi's rating: 1196 &rarr; <strong>1214</strong><br />(+18 for winning)\n|l|\u2606xzxzking\n|player|p1|\n|c|\u2606Galact7adi|Gg wp\n|l|\u2606Galact7adi\n|player|p2|\n","uploadtime":1769578605,"views":11,"formatid":"gen9vgc2026regi","rating":1075,"private":0,"password":null}