{"id":"gen9vgc2026regi-2547558044","format":"[Gen 9] VGC 2026 Reg I","players":["klay30","marcxhenry"],"log":"|j|\u2606klay30\n|j|\u2606marcxhenry\n|t:|1772108455\n|gametype|doubles\n|player|p1|klay30|169|1344\n|player|p2|marcxhenry|hilbert-wonderlauncher|1498\n|gen|9\n|tier|[Gen 9] VGC 2026 Reg I\n|rated|\n|rule|Species Clause: Limit one of each Pok\u00e9mon\n|rule|Item Clause: Limit 1 of each item\n|clearpoke\n|poke|p1|Miraidon, L50|\n|poke|p1|Terapagos, L50, M|\n|poke|p1|Iron Treads, L50|\n|poke|p1|Iron Hands, L50|\n|poke|p1|Smeargle, L50, M|\n|poke|p1|Sinistcha-Masterpiece, L50|\n|poke|p2|Calyrex-Shadow, L50|\n|poke|p2|Urshifu-*, L50, M|\n|poke|p2|Roaring Moon, L50|\n|poke|p2|Kyogre, L50|\n|poke|p2|Tsareena, L50, F|\n|poke|p2|Kingambit, L50, M|\n|teampreview|4\n|inactive|Battle timer is ON: inactive players will automatically lose when time's up. (requested by klay30)\n|inactive|marcxhenry has 60 seconds left.\n|inactive|klay30 has 60 seconds left.\n|\n|t:|1772108496\n|teamsize|p1|4\n|teamsize|p2|4\n|start\n|switch|p1a: Miraidon|Miraidon, L50|100/100\n|switch|p1b: Smeargle|Smeargle, L50, M|100/100\n|switch|p2a: Roter Baron|Roaring Moon, L50, shiny|100/100\n|switch|p2b: Hitmonshe|Tsareena, L50, F, shiny|100/100\n|-fieldstart|move: Electric Terrain|[from] ability: Hadron Engine|[of] p1a: Miraidon\n|-enditem|p2a: Roter Baron|Booster Energy\n|-activate|p2a: Roter Baron|ability: Protosynthesis|[fromitem]\n|-start|p2a: Roter Baron|protosynthesisspe\n|turn|1\n|\n|t:|1772108515\n|move|p2a: Roter Baron|Protect|p2a: Roter Baron\n|-singleturn|p2a: Roter Baron|Protect\n|move|p1a: Miraidon|Volt Switch|p2b: Hitmonshe\n|-resisted|p2b: Hitmonshe\n|-damage|p2b: Hitmonshe|60/100\n|\n|t:|1772108521\n|switch|p1a: Terapagos|Terapagos, L50, M|100/100|[from] Volt Switch\n|-activate|p1a: Terapagos|ability: Tera Shift\n|detailschange|p1a: Terapagos|Terapagos-Terastal, L50, M\n|-heal|p1a: Terapagos|100/100|[silent]\n|-enditem|p1a: Terapagos|Electric Seed\n|-boost|p1a: Terapagos|def|1|[from] item: Electric Seed\n|move|p1b: Smeargle|Decorate|p1a: Terapagos\n|-boost|p1a: Terapagos|atk|2\n|-boost|p1a: Terapagos|spa|2\n|move|p2b: Hitmonshe|Triple Axel|p1a: Terapagos\n|-activate|p1a: Terapagos|ability: Tera Shell\n|-resisted|p1a: Terapagos\n|-damage|p1a: Terapagos|99/100\n|-resisted|p1a: Terapagos\n|-damage|p1a: Terapagos|95/100\n|-resisted|p1a: Terapagos\n|-damage|p1a: Terapagos|90/100\n|-hitcount|p1a: Terapagos|3\n|\n|-ability|p1b: Smeargle|Moody|boost\n|-boost|p1b: Smeargle|spa|2\n|-unboost|p1b: Smeargle|def|1\n|upkeep\n|turn|2\n|inactive|marcxhenry has 30 seconds left.\n|\n|t:|1772108548\n|move|p1b: Smeargle|Follow Me|p1b: Smeargle\n|-singleturn|p1b: Smeargle|move: Follow Me\n|move|p2a: Roter Baron|Tailwind|p2a: Roter Baron\n|-sidestart|p2: marcxhenry|move: Tailwind\n|move|p2b: Hitmonshe|Taunt|p1b: Smeargle\n|-start|p1b: Smeargle|move: Taunt\n|move|p1a: Terapagos|Calm Mind|p1a: Terapagos\n|-boost|p1a: Terapagos|spa|1\n|-boost|p1a: Terapagos|spd|1\n|\n|-ability|p1b: Smeargle|Moody|boost\n|-boost|p1b: Smeargle|spa|2\n|-unboost|p1b: Smeargle|def|1\n|upkeep\n|turn|3\n|\n|t:|1772108566\n|switch|p1b: Sinistcha|Sinistcha-Masterpiece, L50|100/100\n|-heal|p1a: Terapagos|100/100|[from] ability: Hospitality|[of] p1b: Sinistcha\n|move|p1a: Terapagos|Protect|p1a: Terapagos\n|-singleturn|p1a: Terapagos|Protect\n|move|p2a: Roter Baron|Knock Off|p1a: Terapagos\n|-activate|p1a: Terapagos|move: Protect\n|move|p2b: Hitmonshe|Power Whip|p1a: Terapagos\n|-activate|p1a: Terapagos|move: Protect\n|\n|upkeep\n|turn|4\n|\n|t:|1772108585\n|-terastallize|p2a: Roter Baron|Flying\n|-terastallize|p1a: Terapagos|Stellar\n|detailschange|p1a: Terapagos|Terapagos-Stellar, L50, M, tera:Stellar\n|-heal|p1a: Terapagos|100/100|[silent]\n|-ability|p1a: Terapagos|Teraform Zero\n|-fieldend|move: Electric Terrain\n|move|p2a: Roter Baron|Acrobatics|p1b: Sinistcha\n|-supereffective|p1b: Sinistcha\n|-crit|p1b: Sinistcha\n|-damage|p1b: Sinistcha|0 fnt\n|-damage|p2a: Roter Baron|84/100|[from] item: Rocky Helmet|[of] p1b: Sinistcha\n|faint|p1b: Sinistcha\n|move|p2b: Hitmonshe|Taunt|p1a: Terapagos\n|-start|p1a: Terapagos|move: Taunt\n|move|p1a: Terapagos|Tera Starstorm|p2a: Roter Baron|[spread] p2a,p2b\n|-supereffective|p2a: Roter Baron\n|-damage|p2a: Roter Baron|0 fnt\n|-damage|p2b: Hitmonshe|0 fnt\n|faint|p2a: Roter Baron\n|-end|p2a: Roter Baron|Protosynthesis|[silent]\n|faint|p2b: Hitmonshe\n|\n|upkeep\n|\n|t:|1772108604\n|switch|p2a: Ludwig|Calyrex-Shadow, L50|100/100\n|switch|p2b: Tripitz|Kyogre, L50, shiny|100/100\n|switch|p1b: Smeargle|Smeargle, L50, M|100/100\n|-ability|p2a: Ludwig|As One\n|-ability|p2a: Ludwig|Unnerve\n|-weather|RainDance|[from] ability: Drizzle|[of] p2b: Tripitz\n|turn|5\n|\n|t:|1772108617\n|move|p2b: Tripitz|Protect|p2b: Tripitz\n|-singleturn|p2b: Tripitz|Protect\n|move|p1b: Smeargle|Fake Out|p2b: Tripitz\n|-activate|p2b: Tripitz|move: Protect\n|move|p2a: Ludwig|Psychic|p1b: Smeargle\n|-enditem|p1b: Smeargle|Focus Sash\n|-damage|p1b: Smeargle|1/100\n|move|p1a: Terapagos|Tera Starstorm|p2a: Ludwig|[spread] p2a\n|-activate|p2b: Tripitz|move: Protect\n|-damage|p2a: Ludwig|18/100\n|\n|-weather|RainDance|[upkeep]\n|-sideend|p2: marcxhenry|move: Tailwind\n|-ability|p1b: Smeargle|Moody|boost\n|-boost|p1b: Smeargle|spe|2\n|-unboost|p1b: Smeargle|def|1\n|upkeep\n|turn|6\n|-message|marcxhenry forfeited.\n|\n|win|klay30\n|raw|klay30's rating: 1344 &rarr; <strong>1372</strong><br />(+28 for winning)\n|raw|marcxhenry's rating: 1498 &rarr; <strong>1470</strong><br />(-28 for losing)\n|l|\u2606marcxhenry\n|player|p2|\n|l|\u2606klay30\n|player|p1|\n","uploadtime":1772108886,"views":13,"formatid":"gen9vgc2026regi","rating":1372,"private":0,"password":null}