{"id":"gen9vgc2026regi-2539462134","format":"[Gen 9] VGC 2026 Reg I","players":["blackred123","Pupsbaerchen"],"log":"|j|\u2606blackred123\n|j|\u2606Pupsbaerchen\n|t:|1771064031\n|gametype|doubles\n|player|p1|blackred123|iono-masters|1186\n|player|p2|Pupsbaerchen|101|1201\n|gen|9\n|tier|[Gen 9] VGC 2026 Reg I\n|rated|\n|rule|Species Clause: Limit one of each Pok\u00e9mon\n|rule|Item Clause: Limit 1 of each item\n|clearpoke\n|poke|p1|Calyrex-Shadow, L50|\n|poke|p1|Zamazenta-*, L50|\n|poke|p1|Roaring Moon, L50|\n|poke|p1|Maushold-Four, L50|\n|poke|p1|Weezing, L50, M|\n|poke|p1|Amoonguss, L50, M|\n|poke|p2|Koraidon, L50|\n|poke|p2|Reshiram, L50|\n|poke|p2|Murkrow, L50, M|\n|poke|p2|Incineroar, L50, M|\n|poke|p2|Venusaur, L50, M|\n|poke|p2|Ampharos, L50, M|\n|teampreview|4\n|inactive|Battle timer is ON: inactive players will automatically lose when time's up. (requested by blackred123)\n|inactive|Pupsbaerchen has 60 seconds left.\n|\n|t:|1771064068\n|teamsize|p1|4\n|teamsize|p2|4\n|start\n|switch|p1a: Zamazenta|Zamazenta-Crowned, L50|100/100\n|switch|p1b: Roaring Moon|Roaring Moon, L50, shiny|100/100\n|switch|p2a: Murkrow|Murkrow, L50, M|100/100\n|switch|p2b: Reshiram|Reshiram, L50, shiny|100/100\n|-ability|p1a: Zamazenta|Dauntless Shield|boost\n|-boost|p1a: Zamazenta|def|1\n|-ability|p2b: Reshiram|Turboblaze\n|-enditem|p1b: Roaring Moon|Booster Energy\n|-activate|p1b: Roaring Moon|ability: Protosynthesis|[fromitem]\n|-start|p1b: Roaring Moon|protosynthesisspe\n|turn|1\n|inactive|Pupsbaerchen has 30 seconds left.\n|\n|t:|1771064097\n|-terastallize|p1a: Zamazenta|Dragon\n|move|p2a: Murkrow|Perish Song|p2a: Murkrow\n|-start|p1a: Zamazenta|perish3|[silent]\n|-start|p1b: Roaring Moon|perish3|[silent]\n|-start|p2a: Murkrow|perish3|[silent]\n|-start|p2b: Reshiram|perish3|[silent]\n|-fieldactivate|move: Perish Song\n|move|p1b: Roaring Moon|Tailwind|p1b: Roaring Moon\n|-sidestart|p1: blackred123|move: Tailwind\n|move|p1a: Zamazenta|Heavy Slam|p2a: Murkrow\n|-damage|p2a: Murkrow|53/100\n|move|p2b: Reshiram|Will-O-Wisp|p1a: Zamazenta\n|-status|p1a: Zamazenta|brn\n|\n|-damage|p1a: Zamazenta|94/100 brn|[from] brn\n|-start|p1b: Roaring Moon|perish3\n|-start|p1a: Zamazenta|perish3\n|-start|p2b: Reshiram|perish3\n|-start|p2a: Murkrow|perish3\n|upkeep\n|turn|2\n|\n|t:|1771064115\n|switch|p2a: Incineroar|Incineroar, L50, M|100/100\n|-ability|p2a: Incineroar|Intimidate|boost\n|-unboost|p1a: Zamazenta|atk|1\n|-unboost|p1b: Roaring Moon|atk|1\n|move|p2b: Reshiram|Protect|p2b: Reshiram\n|-singleturn|p2b: Reshiram|Protect\n|move|p1b: Roaring Moon|Acrobatics|p2a: Incineroar\n|-damage|p2a: Incineroar|74/100\n|-damage|p1b: Roaring Moon|84/100|[from] item: Rocky Helmet|[of] p2a: Incineroar\n|move|p1a: Zamazenta|Body Press|p2b: Reshiram\n|-activate|p2b: Reshiram|move: Protect\n|\n|-damage|p1a: Zamazenta|88/100 brn|[from] brn\n|-start|p1b: Roaring Moon|perish2\n|-start|p1a: Zamazenta|perish2\n|-start|p2b: Reshiram|perish2\n|upkeep\n|turn|3\n|\n|t:|1771064136\n|move|p2a: Incineroar|Fake Out|p1a: Zamazenta\n|-damage|p1a: Zamazenta|84/100 brn\n|move|p1b: Roaring Moon|Knock Off|p2b: Reshiram\n|-crit|p2b: Reshiram\n|-damage|p2b: Reshiram|29/100\n|-enditem|p2b: Reshiram|Covert Cloak|[from] move: Knock Off|[of] p1b: Roaring Moon\n|cant|p1a: Zamazenta|flinch\n|move|p2b: Reshiram|Draco Meteor|p1b: Roaring Moon\n|-supereffective|p1b: Roaring Moon\n|-damage|p1b: Roaring Moon|0 fnt\n|-unboost|p2b: Reshiram|spa|2\n|faint|p1b: Roaring Moon\n|-end|p1b: Roaring Moon|Protosynthesis|[silent]\n|\n|-damage|p1a: Zamazenta|78/100 brn|[from] brn\n|-start|p1a: Zamazenta|perish1\n|-start|p2b: Reshiram|perish1\n|upkeep\n|\n|t:|1771064148\n|switch|p1b: Calyrex|Calyrex-Shadow, L50|100/100\n|-ability|p1b: Calyrex|As One\n|-ability|p1b: Calyrex|Unnerve\n|turn|4\n|inactive|Pupsbaerchen has 30 seconds left.\n|\n|t:|1771064173\n|move|p1b: Calyrex|Astral Barrage|p2b: Reshiram|[spread] p2a,p2b\n|-resisted|p2a: Incineroar\n|-damage|p2a: Incineroar|45/100\n|-damage|p2b: Reshiram|0 fnt\n|faint|p2b: Reshiram\n|-ability|p1b: Calyrex|Grim Neigh|boost\n|-boost|p1b: Calyrex|spa|1\n|move|p1a: Zamazenta|Body Press|p2a: Incineroar\n|-supereffective|p2a: Incineroar\n|-damage|p2a: Incineroar|0 fnt\n|-damage|p1a: Zamazenta|62/100 brn|[from] item: Rocky Helmet|[of] p2a: Incineroar\n|faint|p2a: Incineroar\n|\n|-damage|p1a: Zamazenta|56/100 brn|[from] brn\n|-start|p1a: Zamazenta|perish0\n|-sideend|p1: blackred123|move: Tailwind\n|upkeep\n|faint|p1a: Zamazenta\n|\n|t:|1771064191\n|switch|p1a: Maushold|Maushold-Four, L50|100/100\n|switch|p2b: Koraidon|Koraidon, L50|100/100\n|switch|p2a: Murkrow|Murkrow, L50, M|53/100\n|-weather|SunnyDay|[from] ability: Orichalcum Pulse|[of] p2b: Koraidon\n|-activate|p2b: Koraidon|Orichalcum Pulse|[source]\n|turn|5\n|\n|t:|1771064213\n|move|p1a: Maushold|Follow Me|p1a: Maushold\n|-singleturn|p1a: Maushold|move: Follow Me\n|move|p1b: Calyrex|Astral Barrage|p2a: Murkrow|[spread] p2a,p2b\n|-resisted|p2a: Murkrow\n|-damage|p2a: Murkrow|0 fnt\n|-damage|p2b: Koraidon|0 fnt\n|faint|p2a: Murkrow\n|faint|p2b: Koraidon\n|\n|win|blackred123\n|raw|blackred123's rating: 1186 &rarr; <strong>1212</strong><br />(+26 for winning)\n|raw|Pupsbaerchen's rating: 1201 &rarr; <strong>1175</strong><br />(-26 for losing)\n|l|\u2606Pupsbaerchen\n|player|p2|\n","uploadtime":1771064513,"views":26,"formatid":"gen9vgc2026regi","rating":1175,"private":0,"password":null}