{"id":"gen9vgc2026regi-2539548922","format":"[Gen 9] VGC 2026 Reg I","players":["blackred123","Baltic-Ursus"],"log":"|j|\u2606blackred123\n|j|\u2606Baltic-Ursus\n|t:|1771079327\n|gametype|doubles\n|player|p1|blackred123|iono-masters|1255\n|player|p2|Baltic-Ursus|102|1190\n|gen|9\n|tier|[Gen 9] VGC 2026 Reg I\n|rated|\n|rule|Species Clause: Limit one of each Pok\u00e9mon\n|rule|Item Clause: Limit 1 of each item\n|clearpoke\n|poke|p1|Lunala, L50|\n|poke|p1|Koraidon, L50|\n|poke|p1|Chi-Yu, L50|\n|poke|p1|Flutter Mane, L50|\n|poke|p1|Brute Bonnet, L50|\n|poke|p1|Ursaluna, L50, F|\n|poke|p2|Kyogre, L50|\n|poke|p2|Kyurem-Black, L50|\n|poke|p2|Overqwil, L50, F|\n|poke|p2|Ludicolo, L50, M|\n|poke|p2|Kingambit, L50, M|\n|poke|p2|Raichu, L50, M|\n|teampreview|4\n|inactive|Battle timer is ON: inactive players will automatically lose when time's up. (requested by blackred123)\n|\n|t:|1771079347\n|teamsize|p1|4\n|teamsize|p2|4\n|start\n|switch|p1a: Lunala|Lunala, L50, shiny|100/100\n|switch|p1b: Chi-Yu|Chi-Yu, L50|100/100\n|switch|p2a: Overqwil|Overqwil, L50, F|100/100\n|switch|p2b: Ludicolo|Ludicolo, L50, M, shiny|100/100\n|-ability|p1b: Chi-Yu|Beads of Ruin\n|turn|1\n|\n|t:|1771079364\n|move|p2b: Ludicolo|Fake Out|p1b: Chi-Yu\n|-damage|p1b: Chi-Yu|90/100\n|cant|p1b: Chi-Yu|flinch\n|move|p2a: Overqwil|Crunch|p1a: Lunala\n|-supereffective|p1a: Lunala\n|-damage|p1a: Lunala|11/100\n|-damage|p2a: Overqwil|91/100|[from] item: Life Orb\n|move|p1a: Lunala|Meteor Beam||[still]\n|-prepare|p1a: Lunala|Meteor Beam\n|-boost|p1a: Lunala|spa|1\n|-enditem|p1a: Lunala|Power Herb\n|-anim|p1a: Lunala|Meteor Beam|p2a: Overqwil\n|-damage|p2a: Overqwil|0 fnt\n|faint|p2a: Overqwil\n|\n|upkeep\n|\n|t:|1771079378\n|switch|p2a: Kyogre|Kyogre, L50|100/100\n|-weather|RainDance|[from] ability: Drizzle|[of] p2a: Kyogre\n|turn|2\n|\n|t:|1771079406\n|switch|p1a: Koraidon|Koraidon, L50|100/100\n|-weather|SunnyDay|[from] ability: Orichalcum Pulse|[of] p1a: Koraidon\n|-activate|p1a: Koraidon|Orichalcum Pulse|[source]\n|move|p1b: Chi-Yu|Heat Wave|p2b: Ludicolo|[spread] p2a\n|-miss|p1b: Chi-Yu|p2b: Ludicolo\n|-resisted|p2a: Kyogre\n|-damage|p2a: Kyogre|73/100\n|move|p2a: Kyogre|Hydro Pump|p1a: Koraidon|[miss]\n|-miss|p2a: Kyogre|p1a: Koraidon\n|move|p2b: Ludicolo|Icy Wind|p1a: Koraidon|[spread] p1a,p1b\n|-supereffective|p1a: Koraidon\n|-resisted|p1b: Chi-Yu\n|-damage|p1a: Koraidon|78/100\n|-damage|p1b: Chi-Yu|84/100\n|-unboost|p1a: Koraidon|spe|1\n|-unboost|p1b: Chi-Yu|spe|1\n|\n|-weather|SunnyDay|[upkeep]\n|upkeep\n|turn|3\n|\n|t:|1771079430\n|switch|p1b: Flutter Mane|Flutter Mane, L50|100/100\n|-activate|p1b: Flutter Mane|ability: Protosynthesis\n|-start|p1b: Flutter Mane|protosynthesisspe\n|switch|p2a: Kyurem|Kyurem-Black, L50|100/100\n|-ability|p2a: Kyurem|Teravolt\n|move|p1a: Koraidon|Flare Blitz|p2b: Ludicolo\n|-damage|p2b: Ludicolo|0 fnt\n|faint|p2b: Ludicolo\n|-damage|p1a: Koraidon|43/100|[from] Recoil\n|-damage|p1a: Koraidon|33/100|[from] item: Life Orb\n|\n|-weather|SunnyDay|[upkeep]\n|upkeep\n|\n|t:|1771079444\n|switch|p2b: Kyogre|Kyogre, L50|73/100\n|-weather|RainDance|[from] ability: Drizzle|[of] p2b: Kyogre\n|-end|p1b: Flutter Mane|Protosynthesis\n|turn|4\n|\n|t:|1771079465\n|switch|p1a: Chi-Yu|Chi-Yu, L50|84/100\n|-ability|p1a: Chi-Yu|Beads of Ruin\n|-terastallize|p2a: Kyurem|Electric\n|move|p1b: Flutter Mane|Moonblast|p2a: Kyurem\n|-damage|p2a: Kyurem|43/100\n|-unboost|p2a: Kyurem|spa|1\n|move|p2a: Kyurem|Scale Shot|p1a: Chi-Yu\n|-damage|p1a: Chi-Yu|56/100\n|-damage|p1a: Chi-Yu|29/100\n|-damage|p1a: Chi-Yu|0 fnt\n|faint|p1a: Chi-Yu\n|-hitcount|p1: Chi-Yu|3\n|-unboost|p2a: Kyurem|def|1\n|-boost|p2a: Kyurem|spe|1\n|move|p2b: Kyogre|Origin Pulse|p1b: Flutter Mane\n|-enditem|p1b: Flutter Mane|Focus Sash\n|-damage|p1b: Flutter Mane|1/100\n|\n|-weather|RainDance|[upkeep]\n|upkeep\n|\n|t:|1771079478\n|switch|p1a: Koraidon|Koraidon, L50|33/100\n|-weather|SunnyDay|[from] ability: Orichalcum Pulse|[of] p1a: Koraidon\n|-activate|p1b: Flutter Mane|ability: Protosynthesis\n|-start|p1b: Flutter Mane|protosynthesisspe\n|-activate|p1a: Koraidon|Orichalcum Pulse|[source]\n|turn|5\n|\n|t:|1771079500\n|move|p1b: Flutter Mane|Moonblast|p2a: Kyurem\n|-damage|p2a: Kyurem|2/100\n|move|p2a: Kyurem|Scale Shot|p1a: Koraidon\n|-supereffective|p1a: Koraidon\n|-damage|p1a: Koraidon|2/100\n|-supereffective|p1a: Koraidon\n|-damage|p1a: Koraidon|0 fnt\n|faint|p1a: Koraidon\n|-hitcount|p1: Koraidon|2\n|-unboost|p2a: Kyurem|def|1\n|-boost|p2a: Kyurem|spe|1\n|move|p2b: Kyogre|Origin Pulse|p1b: Flutter Mane\n|-damage|p1b: Flutter Mane|0 fnt\n|faint|p1b: Flutter Mane\n|-end|p1b: Flutter Mane|Protosynthesis|[silent]\n|\n|-weather|SunnyDay|[upkeep]\n|upkeep\n|\n|t:|1771079508\n|switch|p1b: Lunala|Lunala, L50, shiny|11/100\n|turn|6\n|-message|blackred123 forfeited.\n|\n|win|Baltic-Ursus\n|raw|blackred123's rating: 1255 &rarr; <strong>1225</strong><br />(-30 for losing)\n|raw|Baltic-Ursus's rating: 1190 &rarr; <strong>1220</strong><br />(+30 for winning)\n|l|\u2606blackred123\n|player|p1|\n|l|\u2606Baltic-Ursus\n|player|p2|\n","uploadtime":1771079778,"views":33,"formatid":"gen9vgc2026regi","rating":1220,"private":0,"password":null}