{"id":"gen9vgc2026regi-2541790797","format":"[Gen 9] VGC 2026 Reg I","players":["kojimuranishi","Cardking75"],"log":"|j|\u2606kojimuranishi\n|j|\u2606Cardking75\n|t:|1771369576\n|gametype|doubles\n|player|p1|kojimuranishi|265|1468\n|player|p2|Cardking75|101|1314\n|gen|9\n|tier|[Gen 9] VGC 2026 Reg I\n|rated|\n|rule|Species Clause: Limit one of each Pok\u00e9mon\n|rule|Item Clause: Limit 1 of each item\n|clearpoke\n|poke|p1|Calyrex-Ice, L50|\n|poke|p1|Indeedee-F, L50, F|\n|poke|p1|Kyogre, L50|\n|poke|p1|Pincurchin, L50, M|\n|poke|p1|Iron Jugulis, L50|\n|poke|p1|Urshifu-*, L50, M|\n|poke|p2|Grovyle, L50, F|\n|poke|p2|Calyrex-Ice, L50|\n|poke|p2|Regigigas, L50|\n|poke|p2|Primarina, L50, F|\n|poke|p2|Flutter Mane, L50|\n|poke|p2|Incineroar, L50, F|\n|teampreview|4\n|inactive|Battle timer is ON: inactive players will automatically lose when time's up. (requested by Cardking75)\n|\n|t:|1771369601\n|teamsize|p1|4\n|teamsize|p2|4\n|start\n|switch|p1a: Calyrex|Calyrex-Ice, L50|100/100\n|switch|p1b: Urshifu|Urshifu-Rapid-Strike, L50, M|100/100\n|switch|p2a: Regigigas|Regigigas, L50|100/100\n|switch|p2b: Incineroar|Incineroar, L50, F|100/100\n|-ability|p1a: Calyrex|As One\n|-ability|p1a: Calyrex|Unnerve\n|-start|p2a: Regigigas|ability: Slow Start\n|-ability|p2b: Incineroar|Intimidate|boost\n|-unboost|p1a: Calyrex|atk|1\n|-unboost|p1b: Urshifu|atk|1\n|turn|1\n|\n|t:|1771369621\n|switch|p1a: Indeedee|Indeedee-F, L50, F|100/100\n|-fieldstart|move: Psychic Terrain|[from] ability: Psychic Surge|[of] p1a: Indeedee\n|move|p2b: Incineroar|Fake Out|p1b: Urshifu\n|-activate|p1b: Urshifu|move: Psychic Terrain\n|move|p1b: Urshifu|Surging Strikes|p2b: Incineroar\n|-supereffective|p2b: Incineroar\n|-crit|p2b: Incineroar\n|-damage|p2b: Incineroar|68/100\n|-supereffective|p2b: Incineroar\n|-crit|p2b: Incineroar\n|-damage|p2b: Incineroar|34/100\n|-supereffective|p2b: Incineroar\n|-crit|p2b: Incineroar\n|-damage|p2b: Incineroar|1/100\n|-hitcount|p2b: Incineroar|3\n|move|p2a: Regigigas|Confuse Ray|p1a: Indeedee\n|-start|p1a: Indeedee|confusion\n|\n|upkeep\n|turn|2\n|inactive|kojimuranishi has 30 seconds left.\n|inactive|Cardking75 has 30 seconds left.\n|inactive|kojimuranishi has 20 seconds left.\n|\n|t:|1771369659\n|switch|p1a: Kyogre|Kyogre, L50|100/100\n|-weather|RainDance|[from] ability: Drizzle|[of] p1a: Kyogre\n|-terastallize|p2a: Regigigas|Water\n|move|p1b: Urshifu|Surging Strikes|p2b: Incineroar\n|-supereffective|p2b: Incineroar\n|-crit|p2b: Incineroar\n|-damage|p2b: Incineroar|0 fnt\n|faint|p2b: Incineroar\n|-hitcount|p2: Incineroar|1\n|move|p2a: Regigigas|Thunder Wave|p1b: Urshifu\n|-status|p1b: Urshifu|par\n|\n|-weather|RainDance|[upkeep]\n|upkeep\n|\n|t:|1771369671\n|switch|p2b: Calyrex|Calyrex-Ice, L50|100/100\n|-ability|p2b: Calyrex|As One\n|-ability|p2b: Calyrex|Unnerve\n|turn|3\n|\n|t:|1771369687\n|-terastallize|p1b: Urshifu|Water\n|move|p1a: Kyogre|Thunder|p2a: Regigigas\n|-supereffective|p2a: Regigigas\n|-damage|p2a: Regigigas|53/100\n|-status|p2a: Regigigas|par\n|move|p1b: Urshifu|Surging Strikes|p2b: Calyrex\n|-crit|p2b: Calyrex\n|-damage|p2b: Calyrex|72/100\n|-crit|p2b: Calyrex\n|-damage|p2b: Calyrex|44/100\n|-crit|p2b: Calyrex\n|-damage|p2b: Calyrex|19/100\n|-hitcount|p2b: Calyrex|3\n|move|p2a: Regigigas|Thunder Wave|p1a: Kyogre\n|-status|p1a: Kyogre|par\n|move|p2b: Calyrex|Trick Room|p2b: Calyrex\n|-fieldstart|move: Trick Room|[of] p2b: Calyrex\n|\n|-weather|RainDance|[upkeep]\n|-heal|p2a: Regigigas|59/100 par|[from] item: Leftovers\n|upkeep\n|turn|4\n|\n|t:|1771369710\n|move|p2a: Regigigas|Rock Slide|p1a: Kyogre|[spread] p1a,p1b\n|-damage|p1a: Kyogre|90/100 par\n|-damage|p1b: Urshifu|91/100 par\n|cant|p1a: Kyogre|flinch\n|move|p2b: Calyrex|Glacial Lance|p1a: Kyogre|[spread] p1a,p1b\n|-resisted|p1a: Kyogre\n|-resisted|p1b: Urshifu\n|-damage|p1a: Kyogre|63/100 par\n|-damage|p1b: Urshifu|65/100 par\n|cant|p1b: Urshifu|flinch\n|\n|-weather|RainDance|[upkeep]\n|-heal|p2a: Regigigas|65/100 par|[from] item: Leftovers\n|upkeep\n|turn|5\n|\n|t:|1771369728\n|move|p2a: Regigigas|Rock Slide|p1b: Urshifu|[spread] p1a,p1b\n|-damage|p1a: Kyogre|52/100 par\n|-damage|p1b: Urshifu|56/100 par\n|move|p1a: Kyogre|Thunder|p2b: Calyrex\n|-damage|p2b: Calyrex|0 fnt\n|faint|p2b: Calyrex\n|cant|p1b: Urshifu|flinch\n|\n|-weather|RainDance|[upkeep]\n|-heal|p2a: Regigigas|71/100 par|[from] item: Leftovers\n|-fieldend|move: Psychic Terrain\n|-end|p2a: Regigigas|Slow Start\n|upkeep\n|\n|t:|1771369736\n|switch|p2b: Primarina|Primarina, L50, F|100/100\n|turn|6\n|\n|t:|1771369752\n|move|p1a: Kyogre|Thunder|p2a: Regigigas\n|-supereffective|p2a: Regigigas\n|-damage|p2a: Regigigas|20/100 par\n|move|p2a: Regigigas|Confuse Ray|p1b: Urshifu\n|-start|p1b: Urshifu|confusion\n|move|p2b: Primarina|Hyper Voice|p1b: Urshifu|[spread] p1a,p1b\n|-resisted|p1a: Kyogre\n|-crit|p1a: Kyogre\n|-resisted|p1b: Urshifu\n|-damage|p1a: Kyogre|32/100 par\n|-damage|p1b: Urshifu|25/100 par\n|-activate|p1b: Urshifu|confusion\n|-damage|p1b: Urshifu|15/100 par|[from] confusion\n|\n|-weather|none\n|-heal|p2a: Regigigas|26/100 par|[from] item: Leftovers\n|upkeep\n|turn|7\n|\n|t:|1771369773\n|move|p1a: Kyogre|Thunder|p2a: Regigigas\n|-supereffective|p2a: Regigigas\n|-damage|p2a: Regigigas|0 fnt\n|faint|p2a: Regigigas\n|-end|p2a: Regigigas|Slow Start|[silent]\n|move|p2b: Primarina|Hyper Voice|p1a: Kyogre|[spread] p1a,p1b\n|-resisted|p1a: Kyogre\n|-resisted|p1b: Urshifu\n|-damage|p1a: Kyogre|22/100 par\n|-damage|p1b: Urshifu|0 fnt\n|faint|p1b: Urshifu\n|\n|-fieldend|move: Trick Room\n|upkeep\n|-message|Cardking75 forfeited.\n|\n|win|kojimuranishi\n|raw|kojimuranishi's rating: 1468 &rarr; <strong>1480</strong><br />(+12 for winning)\n|raw|Cardking75's rating: 1314 &rarr; <strong>1302</strong><br />(-12 for losing)\n|l|\u2606Cardking75\n|player|p2|\n|l|\u2606kojimuranishi\n|player|p1|\n","uploadtime":1771369967,"views":12,"formatid":"gen9vgc2026regi","rating":1302,"private":0,"password":null}