{"id":"gen9vgc2026regi-2546357286","format":"[Gen 9] VGC 2026 Reg I","players":["Zorse Mentality","Darknight918"],"log":"|j|\u2606Zorse Mentality\n|j|\u2606Darknight918\n|t:|1771957345\n|gametype|doubles\n|player|p1|Zorse Mentality|169|1518\n|player|p2|Darknight918|will|1433\n|gen|9\n|tier|[Gen 9] VGC 2026 Reg I\n|rated|\n|rule|Species Clause: Limit one of each Pok\u00e9mon\n|rule|Item Clause: Limit 1 of each item\n|clearpoke\n|poke|p1|Calyrex-Ice, L50|\n|poke|p1|Kyogre, L50|\n|poke|p1|Tornadus, L50, M|\n|poke|p1|Urshifu-*, L50, M|\n|poke|p1|Indeedee-F, L50, F|\n|poke|p1|Torkoal, L50, F|\n|poke|p2|Miraidon, L50|\n|poke|p2|Lunala, L50|\n|poke|p2|Whimsicott, L50, F|\n|poke|p2|Urshifu-*, L50, F|\n|poke|p2|Incineroar, L50, M|\n|poke|p2|Ursaluna, L50, M|\n|teampreview|4\n|\n|t:|1771957390\n|teamsize|p1|4\n|teamsize|p2|4\n|start\n|switch|p1a: Indeedee|Indeedee-F, L50, F|100/100\n|switch|p1b: Calyrex|Calyrex-Ice, L50|100/100\n|switch|p2a: Miraidon|Miraidon, L50|100/100\n|switch|p2b: Whimsicott|Whimsicott, L50, F|100/100\n|-ability|p1b: Calyrex|As One\n|-ability|p1b: Calyrex|Unnerve\n|-fieldstart|move: Electric Terrain|[from] ability: Hadron Engine|[of] p2a: Miraidon\n|-fieldstart|move: Psychic Terrain|[from] ability: Psychic Surge|[of] p1a: Indeedee\n|turn|1\n|inactive|Battle timer is ON: inactive players will automatically lose when time's up. (requested by Zorse Mentality)\n|\n|t:|1771957418\n|switch|p2b: Incineroar|Incineroar, L50, M|100/100\n|-ability|p2b: Incineroar|Intimidate|boost\n|-unboost|p1a: Indeedee|atk|1\n|-unboost|p1b: Calyrex|atk|1\n|-terastallize|p1a: Indeedee|Ground\n|move|p1a: Indeedee|Follow Me|p1a: Indeedee\n|-singleturn|p1a: Indeedee|move: Follow Me\n|move|p2a: Miraidon|Volt Switch|p1a: Indeedee\n|-immune|p1a: Indeedee\n|move|p1b: Calyrex|Glacial Lance|p2a: Miraidon|[spread] p2a,p2b\n|-supereffective|p2a: Miraidon\n|-resisted|p2b: Incineroar\n|-damage|p2a: Miraidon|9/100\n|-damage|p2b: Incineroar|79/100\n|-damage|p1b: Calyrex|91/100|[from] item: Life Orb\n|\n|upkeep\n|turn|2\n|\n|t:|1771957443\n|switch|p2a: Lunala|Lunala, L50|100/100\n|move|p1a: Indeedee|Follow Me|p1a: Indeedee\n|-singleturn|p1a: Indeedee|move: Follow Me\n|move|p1b: Calyrex|Glacial Lance|p2a: Lunala|[spread] p2a,p2b\n|-resisted|p2b: Incineroar\n|-damage|p2a: Lunala|81/100\n|-damage|p2b: Incineroar|60/100\n|-damage|p1b: Calyrex|81/100|[from] item: Life Orb\n|move|p2b: Incineroar|Knock Off|p1a: Indeedee\n|-damage|p1a: Indeedee|60/100\n|-enditem|p1a: Indeedee|Safety Goggles|[from] move: Knock Off|[of] p2b: Incineroar\n|\n|upkeep\n|turn|3\n|inactive|Darknight918 has 30 seconds left.\n|\n|t:|1771957476\n|move|p1a: Indeedee|Follow Me|p1a: Indeedee\n|-singleturn|p1a: Indeedee|move: Follow Me\n|move|p2a: Lunala|Moongeist Beam|p1a: Indeedee\n|-damage|p1a: Indeedee|6/100\n|move|p1b: Calyrex|Lash Out|p2a: Lunala\n|-supereffective|p2a: Lunala\n|-damage|p2a: Lunala|3/100\n|-damage|p1b: Calyrex|72/100|[from] item: Life Orb\n|move|p2b: Incineroar|U-turn|p1a: Indeedee\n|-damage|p1a: Indeedee|0 fnt\n|faint|p1a: Indeedee\n|\n|t:|1771957488\n|switch|p2b: Miraidon|Miraidon, L50|9/100|[from] U-turn\n|-fieldstart|move: Electric Terrain|[from] ability: Hadron Engine|[of] p2b: Miraidon\n|-enditem|p2a: Lunala|Electric Seed\n|-boost|p2a: Lunala|def|1|[from] item: Electric Seed\n|\n|upkeep\n|\n|t:|1771957496\n|switch|p1a: Tornadus|Tornadus, L50, M|100/100\n|turn|4\n|inactive|Zorse Mentality has 30 seconds left.\n|inactive|Zorse Mentality has 20 seconds left.\n|inactive|Zorse Mentality has 15 seconds left.\n|inactive|Zorse Mentality has 10 seconds left.\n|inactive|Zorse Mentality has 5 seconds left.\n|\n|t:|1771957549\n|switch|p2b: Incineroar|Incineroar, L50, M|60/100\n|-ability|p2b: Incineroar|Intimidate|boost\n|-unboost|p1a: Tornadus|atk|1\n|-unboost|p1b: Calyrex|atk|1\n|move|p1a: Tornadus|Tailwind|p1a: Tornadus\n|-sidestart|p1: Zorse Mentality|move: Tailwind\n|move|p1b: Calyrex|Lash Out|p2b: Incineroar\n|-resisted|p2b: Incineroar\n|-damage|p2b: Incineroar|40/100\n|-damage|p1b: Calyrex|62/100|[from] item: Life Orb\n|move|p2a: Lunala|Moongeist Beam|p1b: Calyrex\n|-supereffective|p1b: Calyrex\n|-damage|p1b: Calyrex|0 fnt\n|faint|p1b: Calyrex\n|\n|upkeep\n|\n|t:|1771957566\n|switch|p1b: Torkoal|Torkoal, L50, F|100/100\n|-weather|SunnyDay|[from] ability: Drought|[of] p1b: Torkoal\n|turn|5\n|inactive|Zorse Mentality has 30 seconds left.\n|inactive|Darknight918 has 30 seconds left.\n|\n|t:|1771957607\n|move|p2a: Lunala|Wide Guard|p2a: Lunala\n|-singleturn|p2a: Lunala|Wide Guard\n|move|p1a: Tornadus|Bleakwind Storm|p2a: Lunala|[spread] \n|-activate|p2a: Lunala|move: Wide Guard\n|-activate|p2b: Incineroar|move: Wide Guard\n|move|p2b: Incineroar|Knock Off|p1b: Torkoal\n|-damage|p1b: Torkoal|63/100\n|-enditem|p1b: Torkoal|Choice Specs|[from] move: Knock Off|[of] p2b: Incineroar\n|move|p1b: Torkoal|Weather Ball|p2a: Lunala\n|-damage|p2a: Lunala|0 fnt\n|faint|p2a: Lunala\n|\n|-weather|SunnyDay|[upkeep]\n|upkeep\n|inactive|Darknight918 has 30 seconds left.\n|\n|t:|1771957639\n|switch|p2a: Whimsicott|Whimsicott, L50, F|100/100\n|turn|6\n|inactive|Darknight918 has 30 seconds left.\n|inactive|Zorse Mentality has 30 seconds left.\n|inactive|Zorse Mentality has 20 seconds left.\n|\n|t:|1771957683\n|-terastallize|p2a: Whimsicott|Dark\n|move|p1a: Tornadus|Protect|p1a: Tornadus\n|-singleturn|p1a: Tornadus|Protect\n|move|p2a: Whimsicott|Tailwind|p2a: Whimsicott\n|-sidestart|p2: Darknight918|move: Tailwind\n|move|p2b: Incineroar|Flare Blitz|p1a: Tornadus\n|-activate|p1a: Tornadus|move: Protect\n|move|p1b: Torkoal|Weather Ball|p2a: Whimsicott\n|-damage|p2a: Whimsicott|29/100\n|\n|-weather|SunnyDay|[upkeep]\n|upkeep\n|turn|7\n|inactive|Zorse Mentality has 30 seconds left.\n|inactive|Zorse Mentality has 20 seconds left.\n|inactive|Zorse Mentality has 15 seconds left.\n|inactive|Zorse Mentality has 10 seconds left.\n|inactive|Zorse Mentality has 5 seconds left.\n|inactive|Darknight918 has 30 seconds left.\n|inactive|Darknight918 has 20 seconds left.\n|\n|t:|1771957744\n|move|p2a: Whimsicott|Encore|p1a: Tornadus\n|-start|p1a: Tornadus|Encore\n|move|p1a: Tornadus|Protect||[still]\n|-fail|p1a: Tornadus\n|move|p2b: Incineroar|Flare Blitz|p1b: Torkoal\n|-resisted|p1b: Torkoal\n|-damage|p1b: Torkoal|28/100\n|-damage|p2b: Incineroar|32/100|[from] Recoil\n|move|p1b: Torkoal|Weather Ball|p2a: Whimsicott\n|-damage|p2a: Whimsicott|0 fnt\n|faint|p2a: Whimsicott\n|\n|-weather|SunnyDay|[upkeep]\n|-sideend|p1: Zorse Mentality|move: Tailwind\n|-fieldend|move: Electric Terrain\n|upkeep\n|\n|t:|1771957753\n|switch|p2a: Miraidon|Miraidon, L50|9/100\n|-fieldstart|move: Electric Terrain|[from] ability: Hadron Engine|[of] p2a: Miraidon\n|turn|8\n|\n|t:|1771957772\n|move|p1a: Tornadus|Protect|p1a: Tornadus\n|-singleturn|p1a: Tornadus|Protect\n|move|p2a: Miraidon|Electro Drift|p1b: Torkoal\n|-damage|p1b: Torkoal|0 fnt\n|faint|p1b: Torkoal\n|move|p2b: Incineroar|Flare Blitz|p1a: Tornadus\n|-activate|p1a: Tornadus|move: Protect\n|\n|-weather|SunnyDay|[upkeep]\n|upkeep\n|turn|9\n|\n|t:|1771957784\n|move|p1a: Tornadus|Protect|p1a: Tornadus\n|-singleturn|p1a: Tornadus|Protect\n|move|p2a: Miraidon|Electro Drift|p1a: Tornadus\n|-activate|p1a: Tornadus|move: Protect\n|move|p2b: Incineroar|Flare Blitz|p1a: Tornadus\n|-activate|p1a: Tornadus|move: Protect\n|\n|-weather|none\n|-end|p1a: Tornadus|Encore\n|-sideend|p2: Darknight918|move: Tailwind\n|upkeep\n|turn|10\n|\n|t:|1771957796\n|move|p2a: Miraidon|Electro Drift|p1a: Tornadus\n|-supereffective|p1a: Tornadus\n|-enditem|p1a: Tornadus|Focus Sash\n|-damage|p1a: Tornadus|1/100\n|move|p1a: Tornadus|Bleakwind Storm|p2a: Miraidon|[spread] p2a,p2b\n|-resisted|p2a: Miraidon\n|-damage|p2a: Miraidon|0 fnt\n|-damage|p2b: Incineroar|9/100\n|-unboost|p2b: Incineroar|spe|1\n|faint|p2a: Miraidon\n|move|p2b: Incineroar|Flare Blitz|p1a: Tornadus\n|-damage|p1a: Tornadus|0 fnt\n|faint|p1a: Tornadus\n|-damage|p2b: Incineroar|8/100|[from] Recoil\n|\n|win|Darknight918\n|raw|Zorse Mentality's rating: 1518 &rarr; <strong>1493</strong><br />(-25 for losing)\n|raw|Darknight918's rating: 1433 &rarr; <strong>1458</strong><br />(+25 for winning)\n|l|\u2606Darknight918\n|player|p2|\n|l|\u2606Zorse Mentality\n|player|p1|\n","uploadtime":1771958070,"views":14,"formatid":"gen9vgc2026regi","rating":1458,"private":0,"password":null}