{"id":"gen9vgc2026regi-2560217535","format":"[Gen 9] VGC 2026 Reg I","players":["wWWSas aasW","TheNamesBetty"],"log":"|j|\u2606wWWSas aasW\n|j|\u2606TheNamesBetty\n|t:|1773667343\n|gametype|doubles\n|player|p1|wWWSas aasW|cynthia|1177\n|player|p2|TheNamesBetty|koga|1199\n|gen|9\n|tier|[Gen 9] VGC 2026 Reg I\n|rated|\n|rule|Species Clause: Limit one of each Pok\u00e9mon\n|rule|Item Clause: Limit 1 of each item\n|clearpoke\n|poke|p1|Zacian-*, L50|\n|poke|p1|Kyogre, L50|\n|poke|p1|Murkrow, L50, M|\n|poke|p1|Grimmsnarl, L50, M|\n|poke|p1|Wo-Chien, L50|\n|poke|p1|Ditto, L50|\n|poke|p2|Eternatus, L50|\n|poke|p2|Ho-Oh, L50|\n|poke|p2|Gastrodon, L50, F|\n|poke|p2|Grimmsnarl, L50, M|\n|poke|p2|Ting-Lu, L50|\n|poke|p2|Rhydon, L50, M|\n|teampreview|4\nTheNamesBetty has agreed to open team sheets.\n|\n|t:|1773667366\n|teamsize|p1|4\n|teamsize|p2|4\n|start\n|switch|p1a: Wo-Chien|Wo-Chien, L50|100/100\n|switch|p1b: Grimmsnarl|Grimmsnarl, L50, M|100/100\n|switch|p2a: Ptakopysk|Eternatus, L50|100/100\n|switch|p2b: Kret\u00e9n Pojeban\u00fd|Grimmsnarl, L50, M|100/100\n|-ability|p2a: Ptakopysk|Pressure\n|-ability|p1a: Wo-Chien|Tablets of Ruin\n|turn|1\n|\n|t:|1773667398\n|move|p1b: Grimmsnarl|Fake Out|p2a: Ptakopysk\n|-damage|p2a: Ptakopysk|94/100\n|move|p2b: Kret\u00e9n Pojeban\u00fd|Reflect|p2b: Kret\u00e9n Pojeban\u00fd\n|-sidestart|p2: TheNamesBetty|Reflect\n|cant|p2a: Ptakopysk|flinch\n|move|p1a: Wo-Chien|Leech Seed|p2a: Ptakopysk\n|-start|p2a: Ptakopysk|move: Leech Seed\n|\n|-damage|p2a: Ptakopysk|81/100|[from] Leech Seed|[of] p1a: Wo-Chien\n|upkeep\n|turn|2\n|\n|t:|1773667417\n|switch|p2a: H\u00fa h\u00fa|Ho-Oh, L50|100/100\n|move|p1b: Grimmsnarl|Light Screen|p1b: Grimmsnarl\n|-sidestart|p1: wWWSas aasW|move: Light Screen\n|move|p2b: Kret\u00e9n Pojeban\u00fd|Light Screen|p2b: Kret\u00e9n Pojeban\u00fd\n|-sidestart|p2: TheNamesBetty|move: Light Screen\n|move|p1a: Wo-Chien|Leech Seed|p2b: Kret\u00e9n Pojeban\u00fd\n|-start|p2b: Kret\u00e9n Pojeban\u00fd|move: Leech Seed\n|\n|-damage|p2b: Kret\u00e9n Pojeban\u00fd|88/100|[from] Leech Seed|[of] p1a: Wo-Chien\n|upkeep\n|turn|3\n|\n|t:|1773667436\n|switch|p2b: Ptakopysk|Eternatus, L50|81/100\n|-ability|p2b: Ptakopysk|Pressure\n|-terastallize|p1a: Wo-Chien|Fairy\n|move|p1b: Grimmsnarl|Reflect|p1b: Grimmsnarl\n|-sidestart|p1: wWWSas aasW|Reflect\n|move|p1a: Wo-Chien|Foul Play|p2a: H\u00fa h\u00fa\n|-damage|p2a: H\u00fa h\u00fa|81/100\n|-damage|p1a: Wo-Chien|84/100|[from] item: Rocky Helmet|[of] p2a: H\u00fa h\u00fa\n|move|p2a: H\u00fa h\u00fa|Sacred Fire|p1a: Wo-Chien\n|-damage|p1a: Wo-Chien|63/100\n|-status|p1a: Wo-Chien|brn\n|\n|-heal|p1a: Wo-Chien|69/100 brn|[from] item: Leftovers\n|-damage|p1a: Wo-Chien|63/100 brn|[from] brn\n|upkeep\n|turn|4\n|\n|t:|1773667459\n|move|p2b: Ptakopysk|Cosmic Power|p2b: Ptakopysk\n|-boost|p2b: Ptakopysk|def|1\n|-boost|p2b: Ptakopysk|spd|1\n|move|p1a: Wo-Chien|Leech Seed|p2b: Ptakopysk|[miss]\n|-miss|p1a: Wo-Chien|p2b: Ptakopysk\n|move|p2a: H\u00fa h\u00fa|Sacred Fire|p1b: Grimmsnarl\n|-damage|p1b: Grimmsnarl|78/100\n|move|p1b: Grimmsnarl|Spirit Break|p2b: Ptakopysk\n|-damage|p2b: Ptakopysk|73/100\n|-unboost|p2b: Ptakopysk|spa|1\n|\n|-heal|p1a: Wo-Chien|69/100 brn|[from] item: Leftovers\n|-damage|p1a: Wo-Chien|63/100 brn|[from] brn\n|upkeep\n|turn|5\n|\n|t:|1773667480\n|switch|p1b: Zacian|Zacian-Crowned, L50|100/100\n|-ability|p1b: Zacian|Intrepid Sword|boost\n|-boost|p1b: Zacian|atk|1\n|move|p2a: H\u00fa h\u00fa|Protect|p2a: H\u00fa h\u00fa\n|-singleturn|p2a: H\u00fa h\u00fa|Protect\n|move|p2b: Ptakopysk|Sludge Wave|p1a: Wo-Chien|[spread] p1a\n|-activate|p2a: H\u00fa h\u00fa|move: Protect\n|-immune|p1b: Zacian\n|-supereffective|p1a: Wo-Chien\n|-damage|p1a: Wo-Chien|44/100 brn\n|move|p1a: Wo-Chien|Leech Seed|p2b: Ptakopysk|[miss]\n|-miss|p1a: Wo-Chien|p2b: Ptakopysk\n|\n|-heal|p1a: Wo-Chien|50/100 brn|[from] item: Leftovers\n|-damage|p1a: Wo-Chien|44/100 brn|[from] brn\n|upkeep\n|turn|6\n|\n|t:|1773667501\n|move|p1b: Zacian|Protect|p1b: Zacian\n|-singleturn|p1b: Zacian|Protect\n|move|p2b: Ptakopysk|Recover|p2b: Ptakopysk\n|-heal|p2b: Ptakopysk|100/100\n|move|p1a: Wo-Chien|Leech Seed|p2b: Ptakopysk\n|-start|p2b: Ptakopysk|move: Leech Seed\n|move|p2a: H\u00fa h\u00fa|Sacred Fire|p1b: Zacian\n|-activate|p1b: Zacian|move: Protect\n|\n|-heal|p1a: Wo-Chien|50/100 brn|[from] item: Leftovers\n|-damage|p2b: Ptakopysk|88/100|[from] Leech Seed|[of] p1a: Wo-Chien\n|-heal|p1a: Wo-Chien|66/100 brn|[silent]\n|-damage|p1a: Wo-Chien|60/100 brn|[from] brn\n|upkeep\n|turn|7\n|\n|t:|1773667517\n|switch|p1b: Grimmsnarl|Grimmsnarl, L50, M|78/100\n|move|p2b: Ptakopysk|Fire Spin|p1b: Grimmsnarl\n|-damage|p1b: Grimmsnarl|73/100\n|-activate|p1b: Grimmsnarl|move: Fire Spin|[of] p2b: Ptakopysk\n|move|p1a: Wo-Chien|Leech Seed|p2a: H\u00fa h\u00fa|[miss]\n|-miss|p1a: Wo-Chien|p2a: H\u00fa h\u00fa\n|move|p2a: H\u00fa h\u00fa|Sacred Fire|p1b: Grimmsnarl\n|-damage|p1b: Grimmsnarl|51/100\n|-status|p1b: Grimmsnarl|brn\n|\n|-heal|p1a: Wo-Chien|66/100 brn|[from] item: Leftovers\n|-damage|p2b: Ptakopysk|76/100|[from] Leech Seed|[of] p1a: Wo-Chien\n|-heal|p1a: Wo-Chien|82/100 brn|[silent]\n|-damage|p1a: Wo-Chien|75/100 brn|[from] brn\n|-damage|p1b: Grimmsnarl|45/100 brn|[from] brn\n|-damage|p1b: Grimmsnarl|33/100 brn|[from] move: Fire Spin|[partiallytrapped]\n|upkeep\n|turn|8\n|\n|t:|1773667540\n|move|p1b: Grimmsnarl|Fake Out|p2b: Ptakopysk\n|-damage|p2b: Ptakopysk|75/100\n|cant|p2b: Ptakopysk|flinch\n|move|p1a: Wo-Chien|Leech Seed|p2a: H\u00fa h\u00fa|[miss]\n|-miss|p1a: Wo-Chien|p2a: H\u00fa h\u00fa\n|move|p2a: H\u00fa h\u00fa|Life Dew|p2a: H\u00fa h\u00fa|[spread] p2a,p2b\n|-heal|p2a: H\u00fa h\u00fa|100/100\n|-heal|p2b: Ptakopysk|99/100\n|\n|-heal|p1a: Wo-Chien|82/100 brn|[from] item: Leftovers\n|-damage|p2b: Ptakopysk|88/100|[from] Leech Seed|[of] p1a: Wo-Chien\n|-heal|p1a: Wo-Chien|97/100 brn|[silent]\n|-damage|p1a: Wo-Chien|91/100 brn|[from] brn\n|-damage|p1b: Grimmsnarl|27/100 brn|[from] brn\n|-damage|p1b: Grimmsnarl|14/100 brn|[from] move: Fire Spin|[partiallytrapped]\n|-sideend|p2: TheNamesBetty|Reflect\n|upkeep\n|turn|9\n|\n|t:|1773667562\n|move|p2a: H\u00fa h\u00fa|Protect|p2a: H\u00fa h\u00fa\n|-singleturn|p2a: H\u00fa h\u00fa|Protect\n|move|p2b: Ptakopysk|Fire Spin|p1a: Wo-Chien\n|-damage|p1a: Wo-Chien|88/100 brn\n|-activate|p1a: Wo-Chien|move: Fire Spin|[of] p2b: Ptakopysk\n|move|p1a: Wo-Chien|Leech Seed|p2a: H\u00fa h\u00fa\n|-activate|p2a: H\u00fa h\u00fa|move: Protect\n|move|p1b: Grimmsnarl|Spirit Break|p2a: H\u00fa h\u00fa\n|-activate|p2a: H\u00fa h\u00fa|move: Protect\n|\n|-heal|p1a: Wo-Chien|94/100 brn|[from] item: Leftovers\n|-damage|p2b: Ptakopysk|76/100|[from] Leech Seed|[of] p1a: Wo-Chien\n|-heal|p1a: Wo-Chien|100/100 brn|[silent]\n|-damage|p1a: Wo-Chien|94/100 brn|[from] brn\n|-damage|p1b: Grimmsnarl|8/100 brn|[from] brn\n|-damage|p1a: Wo-Chien|82/100 brn|[from] move: Fire Spin|[partiallytrapped]\n|-damage|p1b: Grimmsnarl|0 fnt|[from] move: Fire Spin|[partiallytrapped]\n|faint|p1b: Grimmsnarl\n|-sideend|p1: wWWSas aasW|move: Light Screen\n|-sideend|p2: TheNamesBetty|move: Light Screen\n|upkeep\n|\n|t:|1773667581\n|switch|p1b: Kyogre|Kyogre, L50|100/100\n|-weather|RainDance|[from] ability: Drizzle|[of] p1b: Kyogre\n|turn|10\n|\n|t:|1773667592\n|switch|p2a: Risk je Slizk|Gastrodon, L50, F|100/100\n|move|p2b: Ptakopysk|Fire Spin|p1b: Kyogre\n|-resisted|p1b: Kyogre\n|-crit|p1b: Kyogre\n|-damage|p1b: Kyogre|98/100\n|-activate|p1b: Kyogre|move: Fire Spin|[of] p2b: Ptakopysk\n|move|p1a: Wo-Chien|Leech Seed|p2a: Risk je Slizk\n|-start|p2a: Risk je Slizk|move: Leech Seed\n|move|p1b: Kyogre|Water Spout|p2a: Risk je Slizk|[spread] p2b\n|-ability|p2a: Risk je Slizk|Storm Drain|boost\n|-boost|p2a: Risk je Slizk|spa|1\n|-resisted|p2b: Ptakopysk\n|-damage|p2b: Ptakopysk|59/100\n|\n|-weather|RainDance|[upkeep]\n|-heal|p1a: Wo-Chien|88/100 brn|[from] item: Leftovers\n|-damage|p2b: Ptakopysk|47/100|[from] Leech Seed|[of] p1a: Wo-Chien\n|-heal|p1a: Wo-Chien|100/100 brn|[silent]\n|-damage|p2a: Risk je Slizk|88/100|[from] Leech Seed|[of] p1a: Wo-Chien\n|-damage|p1a: Wo-Chien|94/100 brn|[from] brn\n|-damage|p1a: Wo-Chien|82/100 brn|[from] move: Fire Spin|[partiallytrapped]\n|-damage|p1b: Kyogre|86/100|[from] move: Fire Spin|[partiallytrapped]\n|-sideend|p1: wWWSas aasW|Reflect\n|upkeep\n|turn|11\n|\n|t:|1773667619\n|move|p2b: Ptakopysk|Recover|p2b: Ptakopysk\n|-heal|p2b: Ptakopysk|97/100\n|move|p1a: Wo-Chien|Pollen Puff|p1b: Kyogre\n|-heal|p1b: Kyogre|100/100\n|move|p1b: Kyogre|Ice Beam|p2b: Ptakopysk\n|-supereffective|p2b: Ptakopysk\n|-damage|p2b: Ptakopysk|71/100\n|move|p2a: Risk je Slizk|Earth Power|p1b: Kyogre\n|-damage|p1b: Kyogre|72/100\n|\n|-weather|RainDance|[upkeep]\n|-heal|p1a: Wo-Chien|88/100 brn|[from] item: Leftovers\n|-heal|p2a: Risk je Slizk|94/100|[from] item: Leftovers\n|-damage|p2b: Ptakopysk|59/100|[from] Leech Seed|[of] p1a: Wo-Chien\n|-heal|p1a: Wo-Chien|100/100 brn|[silent]\n|-damage|p2a: Risk je Slizk|82/100|[from] Leech Seed|[of] p1a: Wo-Chien\n|-damage|p1a: Wo-Chien|94/100 brn|[from] brn\n|-damage|p1a: Wo-Chien|82/100 brn|[from] move: Fire Spin|[partiallytrapped]\n|-damage|p1b: Kyogre|60/100|[from] move: Fire Spin|[partiallytrapped]\n|upkeep\n|turn|12\n|\n|t:|1773667641\n|move|p2b: Ptakopysk|Cosmic Power|p2b: Ptakopysk\n|-boost|p2b: Ptakopysk|def|1\n|-boost|p2b: Ptakopysk|spd|1\n|move|p1a: Wo-Chien|Pollen Puff|p1b: Kyogre\n|-heal|p1b: Kyogre|100/100\n|move|p1b: Kyogre|Ice Beam|p2b: Ptakopysk\n|-supereffective|p2b: Ptakopysk\n|-damage|p2b: Ptakopysk|40/100\n|move|p2a: Risk je Slizk|Icy Wind|p1b: Kyogre|[spread] p1a,p1b\n|-resisted|p1b: Kyogre\n|-damage|p1a: Wo-Chien|73/100 brn\n|-damage|p1b: Kyogre|96/100\n|-unboost|p1a: Wo-Chien|spe|1\n|\n|-weather|RainDance|[upkeep]\n|-heal|p1a: Wo-Chien|79/100 brn|[from] item: Leftovers\n|-heal|p2a: Risk je Slizk|88/100|[from] item: Leftovers\n|-damage|p2b: Ptakopysk|28/100|[from] Leech Seed|[of] p1a: Wo-Chien\n|-heal|p1a: Wo-Chien|95/100 brn|[silent]\n|-damage|p2a: Risk je Slizk|75/100|[from] Leech Seed|[of] p1a: Wo-Chien\n|-heal|p1a: Wo-Chien|100/100 brn|[silent]\n|-damage|p1a: Wo-Chien|94/100 brn|[from] brn\n|-damage|p1b: Kyogre|84/100|[from] move: Fire Spin|[partiallytrapped]\n|-damage|p1a: Wo-Chien|82/100 brn|[from] move: Fire Spin|[partiallytrapped]\n|upkeep\n|turn|13\n|\n|t:|1773667666\n|move|p2b: Ptakopysk|Recover|p2b: Ptakopysk\n|-heal|p2b: Ptakopysk|78/100\n|move|p1b: Kyogre|Ice Beam|p2b: Ptakopysk\n|-supereffective|p2b: Ptakopysk\n|-damage|p2b: Ptakopysk|59/100\n|move|p1a: Wo-Chien|Pollen Puff|p1b: Kyogre\n|-heal|p1b: Kyogre|100/100\n|move|p2a: Risk je Slizk|Earth Power|p1b: Kyogre\n|-crit|p1b: Kyogre\n|-damage|p1b: Kyogre|57/100\n|\n|-weather|RainDance|[upkeep]\n|-heal|p1a: Wo-Chien|88/100 brn|[from] item: Leftovers\n|-heal|p2a: Risk je Slizk|82/100|[from] item: Leftovers\n|-damage|p2b: Ptakopysk|47/100|[from] Leech Seed|[of] p1a: Wo-Chien\n|-heal|p1a: Wo-Chien|100/100 brn|[silent]\n|-damage|p2a: Risk je Slizk|69/100|[from] Leech Seed|[of] p1a: Wo-Chien\n|-damage|p1a: Wo-Chien|94/100 brn|[from] brn\n|-damage|p1b: Kyogre|45/100|[from] move: Fire Spin|[partiallytrapped]\n|-end|p1a: Wo-Chien|Fire Spin|[partiallytrapped]\n|upkeep\n|turn|14\n|\n|t:|1773667692\n|move|p2b: Ptakopysk|Recover|p2b: Ptakopysk\n|-heal|p2b: Ptakopysk|97/100\n|move|p1b: Kyogre|Ice Beam|p2b: Ptakopysk\n|-supereffective|p2b: Ptakopysk\n|-damage|p2b: Ptakopysk|77/100\n|move|p1a: Wo-Chien|Pollen Puff|p1b: Kyogre\n|-heal|p1b: Kyogre|95/100\n|move|p2a: Risk je Slizk|Earth Power|p1b: Kyogre\n|-damage|p1b: Kyogre|66/100\n|\n|-weather|none\n|-heal|p1a: Wo-Chien|100/100 brn|[from] item: Leftovers\n|-heal|p2a: Risk je Slizk|75/100|[from] item: Leftovers\n|-damage|p2b: Ptakopysk|65/100|[from] Leech Seed|[of] p1a: Wo-Chien\n|-damage|p2a: Risk je Slizk|63/100|[from] Leech Seed|[of] p1a: Wo-Chien\n|-damage|p1a: Wo-Chien|94/100 brn|[from] brn\n|-damage|p1b: Kyogre|54/100|[from] move: Fire Spin|[partiallytrapped]\n|upkeep\n|turn|15\n|\n|t:|1773667712\n|move|p2b: Ptakopysk|Cosmic Power|p2b: Ptakopysk\n|-boost|p2b: Ptakopysk|def|1\n|-boost|p2b: Ptakopysk|spd|1\n|move|p1b: Kyogre|Ice Beam|p2b: Ptakopysk\n|-supereffective|p2b: Ptakopysk\n|-damage|p2b: Ptakopysk|49/100\n|move|p1a: Wo-Chien|Pollen Puff|p1b: Kyogre\n|-heal|p1b: Kyogre|100/100\n|move|p2a: Risk je Slizk|Icy Wind|p1b: Kyogre|[spread] p1a,p1b\n|-resisted|p1b: Kyogre\n|-damage|p1a: Wo-Chien|85/100 brn\n|-damage|p1b: Kyogre|96/100\n|-unboost|p1a: Wo-Chien|spe|1\n|\n|-heal|p2a: Risk je Slizk|69/100|[from] item: Leftovers\n|-heal|p1a: Wo-Chien|91/100 brn|[from] item: Leftovers\n|-damage|p2b: Ptakopysk|37/100|[from] Leech Seed|[of] p1a: Wo-Chien\n|-heal|p1a: Wo-Chien|100/100 brn|[silent]\n|-damage|p2a: Risk je Slizk|57/100|[from] Leech Seed|[of] p1a: Wo-Chien\n|-damage|p1a: Wo-Chien|94/100 brn|[from] brn\n|-end|p1b: Kyogre|Fire Spin|[partiallytrapped]\n|upkeep\n|turn|16\n|\n|t:|1773667754\n|move|p2b: Ptakopysk|Recover|p2b: Ptakopysk\n|-heal|p2b: Ptakopysk|87/100\n|move|p1b: Kyogre|Ice Beam|p2b: Ptakopysk\n|-supereffective|p2b: Ptakopysk\n|-damage|p2b: Ptakopysk|70/100\n|move|p2a: Risk je Slizk|Earth Power|p1b: Kyogre\n|-damage|p1b: Kyogre|69/100\n|move|p1a: Wo-Chien|Pollen Puff|p1b: Kyogre\n|-heal|p1b: Kyogre|100/100\n|\n|-heal|p2a: Risk je Slizk|63/100|[from] item: Leftovers\n|-heal|p1a: Wo-Chien|100/100 brn|[from] item: Leftovers\n|-damage|p2b: Ptakopysk|58/100|[from] Leech Seed|[of] p1a: Wo-Chien\n|-damage|p2a: Risk je Slizk|50/100|[from] Leech Seed|[of] p1a: Wo-Chien\n|-damage|p1a: Wo-Chien|94/100 brn|[from] brn\n|upkeep\n|turn|17\n|\n|t:|1773667778\n|move|p2b: Ptakopysk|Fire Spin|p1b: Kyogre|[miss]\n|-miss|p2b: Ptakopysk|p1b: Kyogre\n|move|p1b: Kyogre|Ice Beam|p2b: Ptakopysk\n|-supereffective|p2b: Ptakopysk\n|-damage|p2b: Ptakopysk|41/100\n|move|p2a: Risk je Slizk|Recover|p2a: Risk je Slizk\n|-heal|p2a: Risk je Slizk|100/100\n|move|p1a: Wo-Chien|Pollen Puff|p1b: Kyogre\n|\n|-heal|p1a: Wo-Chien|100/100 brn|[from] item: Leftovers\n|-damage|p2b: Ptakopysk|29/100|[from] Leech Seed|[of] p1a: Wo-Chien\n|-damage|p2a: Risk je Slizk|88/100|[from] Leech Seed|[of] p1a: Wo-Chien\n|-damage|p1a: Wo-Chien|94/100 brn|[from] brn\n|upkeep\n|turn|18\n|\n|t:|1773667800\n|move|p2b: Ptakopysk|Recover|p2b: Ptakopysk\n|-heal|p2b: Ptakopysk|79/100\n|move|p1b: Kyogre|Ice Beam|p2b: Ptakopysk\n|-supereffective|p2b: Ptakopysk\n|-damage|p2b: Ptakopysk|63/100\n|move|p2a: Risk je Slizk|Icy Wind|p1b: Kyogre|[spread] p1a,p1b\n|-resisted|p1b: Kyogre\n|-damage|p1a: Wo-Chien|85/100 brn\n|-damage|p1b: Kyogre|97/100\n|-unboost|p1a: Wo-Chien|spe|1\n|move|p1a: Wo-Chien|Pollen Puff|p1b: Kyogre\n|-heal|p1b: Kyogre|100/100\n|\n|-heal|p2a: Risk je Slizk|94/100|[from] item: Leftovers\n|-heal|p1a: Wo-Chien|91/100 brn|[from] item: Leftovers\n|-damage|p2b: Ptakopysk|51/100|[from] Leech Seed|[of] p1a: Wo-Chien\n|-heal|p1a: Wo-Chien|100/100 brn|[silent]\n|-damage|p2a: Risk je Slizk|82/100|[from] Leech Seed|[of] p1a: Wo-Chien\n|-damage|p1a: Wo-Chien|94/100 brn|[from] brn\n|upkeep\n|turn|19\n|\n|t:|1773667846\n|move|p1a: Wo-Chien|Protect|p1a: Wo-Chien\n|-singleturn|p1a: Wo-Chien|Protect\n|move|p2b: Ptakopysk|Recover|p2b: Ptakopysk\n|-heal|p2b: Ptakopysk|100/100\n|move|p1b: Kyogre|Thunder|p2b: Ptakopysk|[miss]\n|-miss|p1b: Kyogre|p2b: Ptakopysk\n|move|p2a: Risk je Slizk|Earth Power|p1b: Kyogre\n|-damage|p1b: Kyogre|70/100\n|\n|-heal|p2a: Risk je Slizk|88/100|[from] item: Leftovers\n|-heal|p1a: Wo-Chien|100/100 brn|[from] item: Leftovers\n|-damage|p2b: Ptakopysk|88/100|[from] Leech Seed|[of] p1a: Wo-Chien\n|-damage|p2a: Risk je Slizk|75/100|[from] Leech Seed|[of] p1a: Wo-Chien\n|-damage|p1a: Wo-Chien|94/100 brn|[from] brn\n|upkeep\n|turn|20\n|\n|t:|1773667875\n|switch|p1b: Zacian|Zacian-Crowned, L50|100/100\n|move|p2b: Ptakopysk|Fire Spin|p1b: Zacian\n|-supereffective|p1b: Zacian\n|-damage|p1b: Zacian|87/100\n|-activate|p1b: Zacian|move: Fire Spin|[of] p2b: Ptakopysk\n|move|p2a: Risk je Slizk|Earth Power|p1b: Zacian\n|-supereffective|p1b: Zacian\n|-damage|p1b: Zacian|6/100\n|move|p1a: Wo-Chien|Pollen Puff|p2a: Risk je Slizk\n|-damage|p2a: Risk je Slizk|60/100\n|\n|-heal|p2a: Risk je Slizk|66/100|[from] item: Leftovers\n|-heal|p1a: Wo-Chien|100/100 brn|[from] item: Leftovers\n|-damage|p2b: Ptakopysk|76/100|[from] Leech Seed|[of] p1a: Wo-Chien\n|-damage|p2a: Risk je Slizk|54/100|[from] Leech Seed|[of] p1a: Wo-Chien\n|-damage|p1a: Wo-Chien|94/100 brn|[from] brn\n|-damage|p1b: Zacian|0 fnt|[from] move: Fire Spin|[partiallytrapped]\n|faint|p1b: Zacian\n|upkeep\n|\n|t:|1773667892\n|switch|p1b: Kyogre|Kyogre, L50|70/100\n|-weather|RainDance|[from] ability: Drizzle|[of] p1b: Kyogre\n|turn|21\n|\n|t:|1773667918\n|switch|p2a: Kret\u00e9n Pojeban\u00fd|Grimmsnarl, L50, M|88/100\n|move|p2b: Ptakopysk|Fire Spin|p1b: Kyogre\n|-resisted|p1b: Kyogre\n|-damage|p1b: Kyogre|69/100\n|-activate|p1b: Kyogre|move: Fire Spin|[of] p2b: Ptakopysk\n|move|p1b: Kyogre|Thunder|p2b: Ptakopysk\n|-resisted|p2b: Ptakopysk\n|-damage|p2b: Ptakopysk|71/100\n|move|p1a: Wo-Chien|Pollen Puff|p1b: Kyogre\n|-heal|p1b: Kyogre|100/100\n|\n|-weather|RainDance|[upkeep]\n|-heal|p1a: Wo-Chien|100/100 brn|[from] item: Leftovers\n|-damage|p2b: Ptakopysk|59/100|[from] Leech Seed|[of] p1a: Wo-Chien\n|-damage|p1a: Wo-Chien|94/100 brn|[from] brn\n|-damage|p1b: Kyogre|88/100|[from] move: Fire Spin|[partiallytrapped]\n|upkeep\n|turn|22\n|\n|t:|1773667937\n|move|p1b: Kyogre|Protect|p1b: Kyogre\n|-singleturn|p1b: Kyogre|Protect\n|move|p2a: Kret\u00e9n Pojeban\u00fd|Misty Terrain|p2a: Kret\u00e9n Pojeban\u00fd\n|-fieldstart|move: Misty Terrain\n|move|p2b: Ptakopysk|Fire Spin|p1a: Wo-Chien\n|-damage|p1a: Wo-Chien|92/100 brn\n|-activate|p1a: Wo-Chien|move: Fire Spin|[of] p2b: Ptakopysk\n|move|p1a: Wo-Chien|Leech Seed|p2a: Kret\u00e9n Pojeban\u00fd\n|-start|p2a: Kret\u00e9n Pojeban\u00fd|move: Leech Seed\n|\n|-weather|RainDance|[upkeep]\n|-heal|p1a: Wo-Chien|98/100 brn|[from] item: Leftovers\n|-damage|p2b: Ptakopysk|47/100|[from] Leech Seed|[of] p1a: Wo-Chien\n|-heal|p1a: Wo-Chien|100/100 brn|[silent]\n|-damage|p2a: Kret\u00e9n Pojeban\u00fd|76/100|[from] Leech Seed|[of] p1a: Wo-Chien\n|-damage|p1a: Wo-Chien|94/100 brn|[from] brn\n|-damage|p1b: Kyogre|76/100|[from] move: Fire Spin|[partiallytrapped]\n|-damage|p1a: Wo-Chien|82/100 brn|[from] move: Fire Spin|[partiallytrapped]\n|upkeep\n|turn|23\n|\n|t:|1773667961\n|move|p2b: Ptakopysk|Cosmic Power|p2b: Ptakopysk\n|-boost|p2b: Ptakopysk|def|1\n|-boost|p2b: Ptakopysk|spd|1\n|move|p1b: Kyogre|Thunder|p2a: Kret\u00e9n Pojeban\u00fd\n|-damage|p2a: Kret\u00e9n Pojeban\u00fd|33/100\n|move|p2a: Kret\u00e9n Pojeban\u00fd|Foul Play|p1b: Kyogre\n|-damage|p1b: Kyogre|62/100\n|move|p1a: Wo-Chien|Pollen Puff|p1b: Kyogre\n|-heal|p1b: Kyogre|100/100\n|\n|-weather|RainDance|[upkeep]\n|-heal|p1a: Wo-Chien|88/100 brn|[from] item: Leftovers\n|-damage|p2b: Ptakopysk|35/100|[from] Leech Seed|[of] p1a: Wo-Chien\n|-heal|p1a: Wo-Chien|100/100 brn|[silent]\n|-damage|p2a: Kret\u00e9n Pojeban\u00fd|20/100|[from] Leech Seed|[of] p1a: Wo-Chien\n|-damage|p1a: Wo-Chien|94/100 brn|[from] brn\n|-damage|p1b: Kyogre|88/100|[from] move: Fire Spin|[partiallytrapped]\n|-damage|p1a: Wo-Chien|82/100 brn|[from] move: Fire Spin|[partiallytrapped]\n|upkeep\n|turn|24\n|\n|t:|1773667981\n|switch|p2a: Risk je Slizk|Gastrodon, L50, F|54/100\n|move|p2b: Ptakopysk|Recover|p2b: Ptakopysk\n|-heal|p2b: Ptakopysk|85/100\n|move|p1b: Kyogre|Thunder|p2a: Risk je Slizk\n|-immune|p2a: Risk je Slizk\n|move|p1a: Wo-Chien|Pollen Puff|p1b: Kyogre\n|-heal|p1b: Kyogre|100/100\n|\n|-weather|RainDance|[upkeep]\n|-heal|p2a: Risk je Slizk|60/100|[from] item: Leftovers\n|-heal|p1a: Wo-Chien|88/100 brn|[from] item: Leftovers\n|-damage|p2b: Ptakopysk|73/100|[from] Leech Seed|[of] p1a: Wo-Chien\n|-heal|p1a: Wo-Chien|100/100 brn|[silent]\n|-damage|p1a: Wo-Chien|94/100 brn|[from] brn\n|-damage|p1b: Kyogre|88/100|[from] move: Fire Spin|[partiallytrapped]\n|-damage|p1a: Wo-Chien|82/100 brn|[from] move: Fire Spin|[partiallytrapped]\n|upkeep\n|turn|25\n|\n|t:|1773668008\n|move|p1b: Kyogre|Protect|p1b: Kyogre\n|-singleturn|p1b: Kyogre|Protect\n|move|p2b: Ptakopysk|Fire Spin|p1a: Wo-Chien\n|-damage|p1a: Wo-Chien|80/100 brn\n|move|p2a: Risk je Slizk|Earth Power|p1a: Wo-Chien\n|-damage|p1a: Wo-Chien|59/100 brn\n|move|p1a: Wo-Chien|Pollen Puff|p2a: Risk je Slizk\n|-damage|p2a: Risk je Slizk|45/100\n|\n|-weather|none\n|-heal|p2a: Risk je Slizk|51/100|[from] item: Leftovers\n|-heal|p1a: Wo-Chien|66/100 brn|[from] item: Leftovers\n|-damage|p2b: Ptakopysk|61/100|[from] Leech Seed|[of] p1a: Wo-Chien\n|-heal|p1a: Wo-Chien|81/100 brn|[silent]\n|-damage|p1a: Wo-Chien|75/100 brn|[from] brn\n|-damage|p1b: Kyogre|76/100|[from] move: Fire Spin|[partiallytrapped]\n|-damage|p1a: Wo-Chien|62/100 brn|[from] move: Fire Spin|[partiallytrapped]\n|upkeep\n|turn|26\n|\n|t:|1773668040\n|move|p2b: Ptakopysk|Fire Spin|p1a: Wo-Chien\n|-damage|p1a: Wo-Chien|57/100 brn\n|move|p1b: Kyogre|Thunder|p2b: Ptakopysk|[miss]\n|-miss|p1b: Kyogre|p2b: Ptakopysk\n|move|p2a: Risk je Slizk|Earth Power|p1a: Wo-Chien\n|-damage|p1a: Wo-Chien|39/100 brn\n|move|p1a: Wo-Chien|Pollen Puff|p1b: Kyogre\n|-heal|p1b: Kyogre|100/100\n|\n|-heal|p2a: Risk je Slizk|58/100|[from] item: Leftovers\n|-heal|p1a: Wo-Chien|45/100 brn|[from] item: Leftovers\n|-damage|p2b: Ptakopysk|49/100|[from] Leech Seed|[of] p1a: Wo-Chien\n|-heal|p1a: Wo-Chien|60/100 brn|[silent]\n|-damage|p1a: Wo-Chien|54/100 brn|[from] brn\n|-end|p1b: Kyogre|Fire Spin|[partiallytrapped]\n|-damage|p1a: Wo-Chien|42/100 brn|[from] move: Fire Spin|[partiallytrapped]\n|-fieldend|Misty Terrain\n|upkeep\n|turn|27\n|\n|t:|1773668079\n|switch|p2a: H\u00fa h\u00fa|Ho-Oh, L50|100/100\n|move|p1b: Kyogre|Protect|p1b: Kyogre\n|-singleturn|p1b: Kyogre|Protect\n|move|p2b: Ptakopysk|Fire Spin|p1a: Wo-Chien\n|-damage|p1a: Wo-Chien|36/100 brn\n|move|p1a: Wo-Chien|Leech Seed|p2a: H\u00fa h\u00fa\n|-start|p2a: H\u00fa h\u00fa|move: Leech Seed\n|\n|-heal|p1a: Wo-Chien|43/100 brn|[from] item: Leftovers\n|-damage|p2b: Ptakopysk|37/100|[from] Leech Seed|[of] p1a: Wo-Chien\n|-heal|p1a: Wo-Chien|58/100 brn|[silent]\n|-damage|p2a: H\u00fa h\u00fa|88/100|[from] Leech Seed|[of] p1a: Wo-Chien\n|-heal|p1a: Wo-Chien|72/100 brn|[silent]\n|-damage|p1a: Wo-Chien|66/100 brn|[from] brn\n|-end|p1a: Wo-Chien|Fire Spin|[partiallytrapped]\n|upkeep\n|turn|28\n|\n|t:|1773668102\n|switch|p2b: Kret\u00e9n Pojeban\u00fd|Grimmsnarl, L50, M|20/100\n|move|p2a: H\u00fa h\u00fa|Protect|p2a: H\u00fa h\u00fa\n|-singleturn|p2a: H\u00fa h\u00fa|Protect\n|move|p1a: Wo-Chien|Protect|p1a: Wo-Chien\n|-singleturn|p1a: Wo-Chien|Protect\n|move|p1b: Kyogre|Thunder|p2a: H\u00fa h\u00fa\n|-activate|p2a: H\u00fa h\u00fa|move: Protect\n|\n|-heal|p1a: Wo-Chien|72/100 brn|[from] item: Leftovers\n|-damage|p2a: H\u00fa h\u00fa|76/100|[from] Leech Seed|[of] p1a: Wo-Chien\n|-heal|p1a: Wo-Chien|85/100 brn|[silent]\n|-damage|p1a: Wo-Chien|79/100 brn|[from] brn\n|upkeep\n|turn|29\n|\n|t:|1773668121\n|switch|p2a: Risk je Slizk|Gastrodon, L50, F|58/100\n|move|p1b: Kyogre|Protect|p1b: Kyogre\n|-singleturn|p1b: Kyogre|Protect\n|move|p2b: Kret\u00e9n Pojeban\u00fd|Light Screen|p2b: Kret\u00e9n Pojeban\u00fd\n|-sidestart|p2: TheNamesBetty|move: Light Screen\n|move|p1a: Wo-Chien|Leech Seed|p2b: Kret\u00e9n Pojeban\u00fd\n|-start|p2b: Kret\u00e9n Pojeban\u00fd|move: Leech Seed\n|\n|-heal|p2a: Risk je Slizk|64/100|[from] item: Leftovers\n|-heal|p1a: Wo-Chien|85/100 brn|[from] item: Leftovers\n|-damage|p2b: Kret\u00e9n Pojeban\u00fd|8/100|[from] Leech Seed|[of] p1a: Wo-Chien\n|-heal|p1a: Wo-Chien|98/100 brn|[silent]\n|-damage|p1a: Wo-Chien|92/100 brn|[from] brn\n|upkeep\n|turn|30\n|\n|t:|1773668147\n|switch|p2b: Ptakopysk|Eternatus, L50|37/100\n|-ability|p2b: Ptakopysk|Pressure\n|move|p1b: Kyogre|Thunder|p2b: Ptakopysk|[miss]\n|-miss|p1b: Kyogre|p2b: Ptakopysk\n|move|p2a: Risk je Slizk|Earth Power|p1a: Wo-Chien\n|-damage|p1a: Wo-Chien|73/100 brn\n|move|p1a: Wo-Chien|Foul Play|p2a: Risk je Slizk\n|-damage|p2a: Risk je Slizk|54/100\n|\n|-heal|p2a: Risk je Slizk|60/100|[from] item: Leftovers\n|-heal|p1a: Wo-Chien|80/100 brn|[from] item: Leftovers\n|-damage|p1a: Wo-Chien|73/100 brn|[from] brn\n|upkeep\n|turn|31\n|\n|t:|1773668180\n|move|p1a: Wo-Chien|Protect|p1a: Wo-Chien\n|-singleturn|p1a: Wo-Chien|Protect\n|move|p2b: Ptakopysk|Fire Spin|p1a: Wo-Chien\n|-activate|p1a: Wo-Chien|move: Protect\n|move|p1b: Kyogre|Thunder|p2b: Ptakopysk\n|-resisted|p2b: Ptakopysk\n|-damage|p2b: Ptakopysk|28/100\n|-status|p2b: Ptakopysk|par\n|move|p2a: Risk je Slizk|Icy Wind|p1a: Wo-Chien|[spread] p1b\n|-activate|p1a: Wo-Chien|move: Protect\n|-resisted|p1b: Kyogre\n|-damage|p1b: Kyogre|97/100\n|\n|-heal|p2a: Risk je Slizk|66/100|[from] item: Leftovers\n|-heal|p1a: Wo-Chien|80/100 brn|[from] item: Leftovers\n|-damage|p1a: Wo-Chien|73/100 brn|[from] brn\n|upkeep\n|turn|32\n|\n|t:|1773668203\n|move|p2a: Risk je Slizk|Protect|p2a: Risk je Slizk\n|-singleturn|p2a: Risk je Slizk|Protect\n|move|p1b: Kyogre|Thunder|p2b: Ptakopysk|[miss]\n|-miss|p1b: Kyogre|p2b: Ptakopysk\n|cant|p2b: Ptakopysk|par\n|move|p1a: Wo-Chien|Foul Play|p2b: Ptakopysk\n|-damage|p2b: Ptakopysk|20/100 par\n|\n|-heal|p2a: Risk je Slizk|73/100|[from] item: Leftovers\n|-heal|p1a: Wo-Chien|80/100 brn|[from] item: Leftovers\n|-damage|p1a: Wo-Chien|73/100 brn|[from] brn\n|upkeep\n|turn|33\n|\n|t:|1773668227\n|move|p1b: Kyogre|Thunder|p2b: Ptakopysk\n|-resisted|p2b: Ptakopysk\n|-damage|p2b: Ptakopysk|12/100 par\n|cant|p2b: Ptakopysk|par\n|move|p2a: Risk je Slizk|Icy Wind|p1a: Wo-Chien|[spread] p1a\n|-miss|p2a: Risk je Slizk|p1b: Kyogre\n|-damage|p1a: Wo-Chien|68/100 brn\n|-unboost|p1a: Wo-Chien|spe|1\n|move|p1a: Wo-Chien|Foul Play|p2b: Ptakopysk\n|-damage|p2b: Ptakopysk|4/100 par\n|\n|-heal|p2a: Risk je Slizk|79/100|[from] item: Leftovers\n|-heal|p1a: Wo-Chien|74/100 brn|[from] item: Leftovers\n|-damage|p1a: Wo-Chien|68/100 brn|[from] brn\n|upkeep\n|turn|34\n|\n|t:|1773668264\n|switch|p2b: H\u00fa h\u00fa|Ho-Oh, L50|100/100\n|move|p1b: Kyogre|Protect|p1b: Kyogre\n|-singleturn|p1b: Kyogre|Protect\n|move|p2a: Risk je Slizk|Protect|p2a: Risk je Slizk\n|-singleturn|p2a: Risk je Slizk|Protect\n|move|p1a: Wo-Chien|Foul Play|p2b: H\u00fa h\u00fa\n|-damage|p2b: H\u00fa h\u00fa|85/100\n|-damage|p1a: Wo-Chien|51/100 brn|[from] item: Rocky Helmet|[of] p2b: H\u00fa h\u00fa\n|\n|-heal|p2a: Risk je Slizk|85/100|[from] item: Leftovers\n|-heal|p1a: Wo-Chien|57/100 brn|[from] item: Leftovers\n|-damage|p1a: Wo-Chien|51/100 brn|[from] brn\n|upkeep\n|turn|35\n|\n|t:|1773668284\n|move|p1b: Kyogre|Protect|p1b: Kyogre\n|-singleturn|p1b: Kyogre|Protect\n|move|p2b: H\u00fa h\u00fa|Protect|p2b: H\u00fa h\u00fa\n|-singleturn|p2b: H\u00fa h\u00fa|Protect\n|move|p2a: Risk je Slizk|Icy Wind|p1b: Kyogre|[spread] p1a\n|-activate|p1b: Kyogre|move: Protect\n|-damage|p1a: Wo-Chien|45/100 brn\n|-unboost|p1a: Wo-Chien|spe|1\n|move|p1a: Wo-Chien|Foul Play|p2a: Risk je Slizk\n|-damage|p2a: Risk je Slizk|74/100\n|\n|-heal|p2a: Risk je Slizk|80/100|[from] item: Leftovers\n|-heal|p1a: Wo-Chien|52/100 brn|[from] item: Leftovers\n|-damage|p1a: Wo-Chien|45/100 brn|[from] brn\n|upkeep\n|turn|36\n|\n|t:|1773668308\n|-terastallize|p2b: H\u00fa h\u00fa|Water\n|move|p1b: Kyogre|Protect||[still]\n|-fail|p1b: Kyogre\n|move|p2b: H\u00fa h\u00fa|Sacred Fire|p1b: Kyogre\n|-resisted|p1b: Kyogre\n|-damage|p1b: Kyogre|84/100\n|move|p2a: Risk je Slizk|Icy Wind|p1a: Wo-Chien|[spread] p1a,p1b\n|-resisted|p1b: Kyogre\n|-damage|p1a: Wo-Chien|39/100 brn\n|-damage|p1b: Kyogre|81/100\n|-unboost|p1a: Wo-Chien|spe|1\n|move|p1a: Wo-Chien|Pollen Puff|p2a: Risk je Slizk\n|-damage|p2a: Risk je Slizk|70/100\n|\n|-heal|p2a: Risk je Slizk|76/100|[from] item: Leftovers\n|-heal|p1a: Wo-Chien|45/100 brn|[from] item: Leftovers\n|-damage|p1a: Wo-Chien|39/100 brn|[from] brn\n|-sideend|p2: TheNamesBetty|move: Light Screen\n|upkeep\n|turn|37\n|\n|t:|1773668330\n|move|p1b: Kyogre|Protect|p1b: Kyogre\n|-singleturn|p1b: Kyogre|Protect\n|move|p2b: H\u00fa h\u00fa|Sacred Fire|p1a: Wo-Chien\n|-damage|p1a: Wo-Chien|9/100 brn\n|move|p2a: Risk je Slizk|Earth Power|p1a: Wo-Chien\n|-damage|p1a: Wo-Chien|0 fnt\n|faint|p1a: Wo-Chien\n|\n|-heal|p2a: Risk je Slizk|83/100|[from] item: Leftovers\n|upkeep\n|turn|38\n|\n|t:|1773668350\n|move|p1b: Kyogre|Protect||[still]\n|-fail|p1b: Kyogre\n|move|p2b: H\u00fa h\u00fa|Sacred Fire|p1b: Kyogre\n|-resisted|p1b: Kyogre\n|-damage|p1b: Kyogre|65/100\n|move|p2a: Risk je Slizk|Earth Power|p1b: Kyogre\n|-damage|p1b: Kyogre|44/100\n|\n|-heal|p2a: Risk je Slizk|89/100|[from] item: Leftovers\n|upkeep\n|turn|39\n|\n|t:|1773668361\n|move|p1b: Kyogre|Water Spout|p2a: Risk je Slizk|[spread] p2b\n|-ability|p2a: Risk je Slizk|Storm Drain|boost\n|-boost|p2a: Risk je Slizk|spa|1\n|-resisted|p2b: H\u00fa h\u00fa\n|-damage|p2b: H\u00fa h\u00fa|78/100\n|move|p2b: H\u00fa h\u00fa|Sacred Fire|p1b: Kyogre\n|-resisted|p1b: Kyogre\n|-damage|p1b: Kyogre|28/100\n|move|p2a: Risk je Slizk|Earth Power|p1b: Kyogre\n|-damage|p1b: Kyogre|0 fnt\n|faint|p1b: Kyogre\n|\n|win|TheNamesBetty\n|raw|wWWSas aasW's rating: 1177 &rarr; <strong>1154</strong><br />(-23 for losing)\n|raw|TheNamesBetty's rating: 1199 &rarr; <strong>1222</strong><br />(+23 for winning)\n|l|\u2606wWWSas aasW\n|player|p1|\n|l|\u2606TheNamesBetty\n|player|p2|\n|j|\u2606TheNamesBetty\n|player|p2|TheNamesBetty|koga|\n","uploadtime":1773668555,"views":11,"formatid":"gen9vgc2026regi","rating":1154,"private":0,"password":null}