{"id":"gen9vgc2026regi-2574921399","format":"[Gen 9] VGC 2026 Reg I","players":["blackred123","hihi9876"],"log":"|j|\u2606blackred123\n|j|\u2606hihi9876\n|t:|1775296422\n|gametype|doubles\n|player|p1|blackred123|iono-masters|1382\n|player|p2|hihi9876|169|1442\n|gen|9\n|tier|[Gen 9] VGC 2026 Reg I\n|rated|\n|rule|Species Clause: Limit one of each Pok\u00e9mon\n|rule|Item Clause: Limit 1 of each item\n|clearpoke\n|poke|p1|Kyogre, L50|\n|poke|p1|Calyrex-Ice, L50|\n|poke|p1|Iron Jugulis, L50|\n|poke|p1|Amoonguss, L50, F|\n|poke|p1|Indeedee-F, L50, F|\n|poke|p1|Urshifu-*, L50, F|\n|poke|p2|Terapagos, L50, M|\n|poke|p2|Indeedee-F, L50, F|\n|poke|p2|Groudon, L50|\n|poke|p2|Whimsicott, L50, F|\n|poke|p2|Raging Bolt, L50|\n|poke|p2|Volcarona, L50, M|\n|teampreview|4\n|inactive|Battle timer is ON: inactive players will automatically lose when time's up. (requested by blackred123)\n|inactive|blackred123 has 60 seconds left.\n|\n|t:|1775296465\n|teamsize|p1|4\n|teamsize|p2|4\n|start\n|switch|p1a: Calyrex|Calyrex-Ice, L50|100/100\n|switch|p1b: Urshifu|Urshifu-Rapid-Strike, L50, F|100/100\n|switch|p2a: Terapagos|Terapagos, L50, M|100/100\n|switch|p2b: Indeedee|Indeedee-F, L50, F|100/100\n|-activate|p2a: Terapagos|ability: Tera Shift\n|detailschange|p2a: Terapagos|Terapagos-Terastal, L50, M\n|-heal|p2a: Terapagos|100/100|[silent]\n|-ability|p1a: Calyrex|As One\n|-ability|p1a: Calyrex|Unnerve\n|-fieldstart|move: Psychic Terrain|[from] ability: Psychic Surge|[of] p2b: Indeedee\n|turn|1\n|\n|t:|1775296482\n|-terastallize|p2a: Terapagos|Stellar\n|detailschange|p2a: Terapagos|Terapagos-Stellar, L50, M, tera:Stellar\n|-heal|p2a: Terapagos|100/100|[silent]\n|-ability|p2a: Terapagos|Teraform Zero\n|-fieldend|move: Psychic Terrain\n|move|p2b: Indeedee|Fake Out|p1b: Urshifu\n|-damage|p1b: Urshifu|94/100\n|move|p2a: Terapagos|Tera Starstorm|p1a: Calyrex|[spread] p1a,p1b\n|-damage|p1a: Calyrex|75/100\n|-damage|p1b: Urshifu|49/100\n|cant|p1b: Urshifu|flinch\n|move|p1a: Calyrex|Glacial Lance|p2b: Indeedee|[spread] p2a,p2b\n|-damage|p2a: Terapagos|62/100\n|-damage|p2b: Indeedee|48/100\n|-enditem|p2b: Indeedee|Eject Button\n|\n|t:|1775296495\n|switch|p2b: Whimsicott|Whimsicott, L50, F|100/100\n|\n|upkeep\n|turn|2\n|\n|t:|1775296509\n|move|p2b: Whimsicott|Tailwind|p2b: Whimsicott\n|-sidestart|p2: hihi9876|move: Tailwind\n|move|p1b: Urshifu|Aqua Jet|p2b: Whimsicott\n|-resisted|p2b: Whimsicott\n|-damage|p2b: Whimsicott|86/100\n|move|p2a: Terapagos|Tera Starstorm|p1b: Urshifu|[spread] p1a,p1b\n|-damage|p1a: Calyrex|50/100\n|-damage|p1b: Urshifu|3/100\n|move|p1a: Calyrex|Glacial Lance|p2a: Terapagos|[spread] p2a,p2b\n|-supereffective|p2b: Whimsicott\n|-damage|p2a: Terapagos|20/100\n|-damage|p2b: Whimsicott|0 fnt\n|faint|p2b: Whimsicott\n|-ability|p1a: Calyrex|Chilling Neigh|boost\n|-boost|p1a: Calyrex|atk|1\n|\n|upkeep\n|\n|t:|1775296521\n|switch|p2b: Indeedee|Indeedee-F, L50, F|48/100\n|-fieldstart|move: Psychic Terrain|[from] ability: Psychic Surge|[of] p2b: Indeedee\n|turn|3\n|\n|t:|1775296529\n|move|p1b: Urshifu|Detect|p1b: Urshifu\n|-singleturn|p1b: Urshifu|Protect\n|move|p2a: Terapagos|Meteor Beam||[still]\n|-prepare|p2a: Terapagos|Meteor Beam\n|-boost|p2a: Terapagos|spa|1\n|-enditem|p2a: Terapagos|Power Herb\n|-anim|p2a: Terapagos|Meteor Beam|p1a: Calyrex\n|-supereffective|p1a: Calyrex\n|-damage|p1a: Calyrex|0 fnt\n|faint|p1a: Calyrex\n|move|p2b: Indeedee|Psychic|p1b: Urshifu\n|-activate|p1b: Urshifu|move: Protect\n|\n|upkeep\n|\n|t:|1775296541\n|switch|p1a: Iron Jugulis|Iron Jugulis, L50|100/100\n|-enditem|p1a: Iron Jugulis|Booster Energy\n|-activate|p1a: Iron Jugulis|ability: Quark Drive|[fromitem]\n|-start|p1a: Iron Jugulis|quarkdrivespe\n|turn|4\n|\n|t:|1775296556\n|move|p2b: Indeedee|Helping Hand|p2a: Terapagos\n|-singleturn|p2a: Terapagos|Helping Hand|[of] p2b: Indeedee\n|move|p2a: Terapagos|Tera Starstorm|p1b: Urshifu|[spread] p1a,p1b\n|-damage|p1a: Iron Jugulis|7/100\n|-damage|p1b: Urshifu|0 fnt\n|faint|p1b: Urshifu\n|move|p1a: Iron Jugulis|Snarl|p2a: Terapagos|[spread] p2a,p2b\n|-supereffective|p2b: Indeedee\n|-damage|p2a: Terapagos|9/100\n|-damage|p2b: Indeedee|17/100\n|-unboost|p2a: Terapagos|spa|1\n|-unboost|p2b: Indeedee|spa|1\n|\n|upkeep\n|\n|t:|1775296563\n|switch|p1b: Kyogre|Kyogre, L50|100/100\n|-weather|RainDance|[from] ability: Drizzle|[of] p1b: Kyogre\n|turn|5\n|\n|t:|1775296572\n|move|p2b: Indeedee|Helping Hand|p2a: Terapagos\n|-singleturn|p2a: Terapagos|Helping Hand|[of] p2b: Indeedee\n|move|p2a: Terapagos|Tera Starstorm|p1b: Kyogre|[spread] p1a,p1b\n|-crit|p1b: Kyogre\n|-damage|p1a: Iron Jugulis|0 fnt\n|-damage|p1b: Kyogre|41/100\n|faint|p1a: Iron Jugulis\n|-end|p1a: Iron Jugulis|Quark Drive|[silent]\n|move|p1b: Kyogre|Water Spout|p2b: Indeedee|[spread] p2a,p2b\n|-damage|p2a: Terapagos|0 fnt\n|-damage|p2b: Indeedee|0 fnt\n|faint|p2a: Terapagos\n|detailschange|p2: Terapagos|Terapagos, L50, M|[silent]\n|faint|p2b: Indeedee\n|\n|-weather|RainDance|[upkeep]\n|-sideend|p2: hihi9876|move: Tailwind\n|upkeep\n|\n|t:|1775296585\n|switch|p2b: Groudon|Groudon, L50|100/100\n|-weather|SunnyDay|[from] ability: Drought|[of] p2b: Groudon\n|turn|6\n|\n|t:|1775296591\n|-terastallize|p1b: Kyogre|Water\n|move|p1b: Kyogre|Water Spout|p2b: Groudon\n|-supereffective|p2b: Groudon\n|-damage|p2b: Groudon|24/100\n|move|p2b: Groudon|Heat Crash|p1b: Kyogre\n|-resisted|p1b: Kyogre\n|-crit|p1b: Kyogre\n|-damage|p1b: Kyogre|0 fnt\n|faint|p1b: Kyogre\n|\n|win|hihi9876\n|raw|blackred123's rating: 1382 &rarr; <strong>1365</strong><br />(-17 for losing)\n|raw|hihi9876's rating: 1442 &rarr; <strong>1459</strong><br />(+17 for winning)\n|l|\u2606hihi9876\n|player|p2|\n","uploadtime":1775296600,"views":8,"formatid":"gen9vgc2026regi","rating":1365,"private":0,"password":null}