{"id":"gen9vgc2026regi-2542138859","format":"[Gen 9] VGC 2026 Reg I","players":["ronathann","marcxhenry"],"log":"|j|\u2606ronathann\n|j|\u2606marcxhenry\n|t:|1771419852\n|gametype|doubles\n|player|p1|ronathann|170|1257\n|player|p2|marcxhenry|hilbert-wonderlauncher|1419\n|gen|9\n|tier|[Gen 9] VGC 2026 Reg I\n|rated|\n|rule|Species Clause: Limit one of each Pok\u00e9mon\n|rule|Item Clause: Limit 1 of each item\n|clearpoke\n|poke|p1|Scream Tail, L50|\n|poke|p1|Koraidon, L50|\n|poke|p1|Ho-Oh, L50|\n|poke|p1|Gothitelle, L50, M|\n|poke|p1|Incineroar, L50, F|\n|poke|p1|Amoonguss, L50, M|\n|poke|p2|Calyrex-Shadow, L50|\n|poke|p2|Urshifu-*, L50, M|\n|poke|p2|Roaring Moon, L50|\n|poke|p2|Kyogre, L50|\n|poke|p2|Tsareena, L50, F|\n|poke|p2|Kingambit, L50, M|\n|teampreview|4\n|\n|t:|1771419883\n|teamsize|p1|4\n|teamsize|p2|4\n|start\n|switch|p1a: Incineroar|Incineroar, L50, F|100/100\n|switch|p1b: Amoonguss|Amoonguss, L50, M|100/100\n|switch|p2a: Roter Baron|Roaring Moon, L50, shiny|100/100\n|switch|p2b: Hitmonshe|Tsareena, L50, F, shiny|100/100\n|-ability|p1a: Incineroar|Intimidate|boost\n|-unboost|p2a: Roter Baron|atk|1\n|-unboost|p2b: Hitmonshe|atk|1\n|-enditem|p2a: Roter Baron|Booster Energy\n|-activate|p2a: Roter Baron|ability: Protosynthesis|[fromitem]\n|-start|p2a: Roter Baron|protosynthesisspe\n|turn|1\n|\n|t:|1771419913\n|move|p1a: Incineroar|Fake Out||[still]\n|cant|p2b: Hitmonshe|ability: Queenly Majesty|Fake Out|[of] p1a: Incineroar\n|move|p2a: Roter Baron|Tailwind|p2a: Roter Baron\n|-sidestart|p2: marcxhenry|move: Tailwind\n|move|p2b: Hitmonshe|Taunt|p1b: Amoonguss\n|-start|p1b: Amoonguss|move: Taunt\n|cant|p1b: Amoonguss|move: Taunt|Spore\n|\n|upkeep\n|turn|2\n|\n|t:|1771419938\n|switch|p1b: Ho-Oh|Ho-Oh, L50|100/100\n|move|p2a: Roter Baron|Acrobatics|p1b: Ho-Oh\n|-damage|p1b: Ho-Oh|78/100\n|-enditem|p1b: Ho-Oh|Eject Button\n|\n|t:|1771419947\n|switch|p1b: Amoonguss|Amoonguss, L50, M|100/100\n|move|p2b: Hitmonshe|Triple Axel|p1b: Amoonguss\n|-supereffective|p1b: Amoonguss\n|-damage|p1b: Amoonguss|90/100\n|-damage|p2b: Hitmonshe|84/100|[from] item: Rocky Helmet|[of] p1b: Amoonguss\n|-supereffective|p1b: Amoonguss\n|-damage|p1b: Amoonguss|69/100\n|-damage|p2b: Hitmonshe|67/100|[from] item: Rocky Helmet|[of] p1b: Amoonguss\n|-supereffective|p1b: Amoonguss\n|-damage|p1b: Amoonguss|38/100\n|-damage|p2b: Hitmonshe|51/100|[from] item: Rocky Helmet|[of] p1b: Amoonguss\n|-hitcount|p1b: Amoonguss|3\n|move|p1a: Incineroar|Flare Blitz|p2b: Hitmonshe\n|-supereffective|p2b: Hitmonshe\n|-damage|p2b: Hitmonshe|0 fnt\n|faint|p2b: Hitmonshe\n|-damage|p1a: Incineroar|88/100|[from] Recoil\n|\n|upkeep\n|\n|t:|1771419965\n|switch|p2b: Tripitz|Kyogre, L50, shiny|100/100\n|-weather|RainDance|[from] ability: Drizzle|[of] p2b: Tripitz\n|turn|3\n|\n|t:|1771419981\n|switch|p1b: Koraidon|Koraidon, L50|100/100\n|-weather|SunnyDay|[from] ability: Orichalcum Pulse|[of] p1b: Koraidon\n|-activate|p1b: Koraidon|Orichalcum Pulse|[source]\n|-terastallize|p2a: Roter Baron|Flying\n|-terastallize|p1a: Incineroar|Bug\n|move|p2a: Roter Baron|Acrobatics|p1b: Koraidon\n|-supereffective|p1b: Koraidon\n|-damage|p1b: Koraidon|31/100\n|move|p2b: Tripitz|Water Spout|p1a: Incineroar|[spread] p1a,p1b\n|-resisted|p1b: Koraidon\n|-damage|p1a: Incineroar|64/100\n|-damage|p1b: Koraidon|10/100\n|move|p1a: Incineroar|Knock Off|p2b: Tripitz\n|-damage|p2b: Tripitz|53/100\n|-enditem|p2b: Tripitz|Mystic Water|[from] move: Knock Off|[of] p1a: Incineroar\n|\n|-weather|SunnyDay|[upkeep]\n|upkeep\n|turn|4\n|\n|t:|1771420020\n|switch|p1a: Amoonguss|Amoonguss, L50, M|71/100\n|move|p1b: Koraidon|Protect|p1b: Koraidon\n|-singleturn|p1b: Koraidon|Protect\n|move|p2a: Roter Baron|Acrobatics|p1a: Amoonguss\n|-supereffective|p1a: Amoonguss\n|-damage|p1a: Amoonguss|0 fnt\n|-damage|p2a: Roter Baron|84/100|[from] item: Rocky Helmet|[of] p1a: Amoonguss\n|faint|p1a: Amoonguss\n|move|p2b: Tripitz|Origin Pulse|p1b: Koraidon\n|-activate|p1b: Koraidon|move: Protect\n|\n|-weather|SunnyDay|[upkeep]\n|-sideend|p2: marcxhenry|move: Tailwind\n|upkeep\n|\n|t:|1771420032\n|switch|p1a: Incineroar|Incineroar, L50, F, tera:Bug|64/100\n|-ability|p1a: Incineroar|Intimidate|boost\n|-unboost|p2a: Roter Baron|atk|1\n|-unboost|p2b: Tripitz|atk|1\n|turn|5\n|\n|t:|1771420049\n|move|p2a: Roter Baron|Protect|p2a: Roter Baron\n|-singleturn|p2a: Roter Baron|Protect\n|move|p2b: Tripitz|Protect|p2b: Tripitz\n|-singleturn|p2b: Tripitz|Protect\n|move|p1a: Incineroar|Fake Out|p2a: Roter Baron\n|-activate|p2a: Roter Baron|move: Protect\n|move|p1b: Koraidon|Close Combat|p2b: Tripitz\n|-activate|p2b: Tripitz|move: Protect\n|\n|-weather|SunnyDay|[upkeep]\n|upkeep\n|turn|6\n|\n|t:|1771420068\n|switch|p2b: Ludwig|Calyrex-Shadow, L50|100/100\n|-ability|p2b: Ludwig|As One\n|-ability|p2b: Ludwig|Unnerve\n|switch|p1a: Ho-Oh|Ho-Oh, L50|100/100\n|move|p1b: Koraidon|Protect|p1b: Koraidon\n|-singleturn|p1b: Koraidon|Protect\n|move|p2a: Roter Baron|Acrobatics|p1b: Koraidon\n|-activate|p1b: Koraidon|move: Protect\n|\n|-weather|SunnyDay|[upkeep]\n|upkeep\n|turn|7\n|\n|t:|1771420088\n|switch|p1b: Incineroar|Incineroar, L50, F, tera:Bug|64/100\n|-ability|p1b: Incineroar|Intimidate|boost\n|-unboost|p2a: Roter Baron|atk|1\n|-unboost|p2b: Ludwig|atk|1\n|move|p2b: Ludwig|Protect|p2b: Ludwig\n|-singleturn|p2b: Ludwig|Protect\n|move|p2a: Roter Baron|Tailwind|p2a: Roter Baron\n|-sidestart|p2: marcxhenry|move: Tailwind\n|move|p1a: Ho-Oh|Tailwind|p1a: Ho-Oh\n|-sidestart|p1: ronathann|move: Tailwind\n|\n|-weather|none\n|upkeep\n|turn|8\n|\n|t:|1771420133\n|-end|p2a: Roter Baron|Protosynthesis|[silent]\n|switch|p2a: Tripitz|Kyogre, L50, shiny|53/100\n|-weather|RainDance|[from] ability: Drizzle|[of] p2a: Tripitz\n|move|p1b: Incineroar|Fake Out|p2a: Tripitz\n|-damage|p2a: Tripitz|39/100\n|move|p2b: Ludwig|Astral Barrage|p1a: Ho-Oh|[spread] p1a,p1b\n|-damage|p1a: Ho-Oh|74/100\n|-damage|p1b: Incineroar|31/100\n|move|p1a: Ho-Oh|Sacred Fire|p2a: Tripitz\n|-resisted|p2a: Tripitz\n|-damage|p2a: Tripitz|29/100\n|-status|p2a: Tripitz|brn\n|\n|-weather|RainDance|[upkeep]\n|-damage|p2a: Tripitz|23/100 brn|[from] brn\n|upkeep\n|turn|9\n|\n|t:|1771420174\n|switch|p1b: Koraidon|Koraidon, L50|10/100\n|-weather|SunnyDay|[from] ability: Orichalcum Pulse|[of] p1b: Koraidon\n|-activate|p1b: Koraidon|Orichalcum Pulse|[source]\n|move|p1a: Ho-Oh|Protect|p1a: Ho-Oh\n|-singleturn|p1a: Ho-Oh|Protect\n|move|p2b: Ludwig|Astral Barrage|p1a: Ho-Oh|[spread] p1b\n|-activate|p1a: Ho-Oh|move: Protect\n|-damage|p1b: Koraidon|0 fnt\n|faint|p1b: Koraidon\n|-ability|p2b: Ludwig|Grim Neigh|boost\n|-boost|p2b: Ludwig|spa|1\n|move|p2a: Tripitz|Origin Pulse|p1a: Ho-Oh\n|-activate|p1a: Ho-Oh|move: Protect\n|\n|-weather|SunnyDay|[upkeep]\n|-damage|p2a: Tripitz|16/100 brn|[from] brn\n|upkeep\n|\n|t:|1771420188\n|switch|p1b: Incineroar|Incineroar, L50, F, tera:Bug|31/100\n|-ability|p1b: Incineroar|Intimidate|boost\n|-unboost|p2a: Tripitz|atk|1\n|-unboost|p2b: Ludwig|atk|1\n|turn|10\n|\n|t:|1771420199\n|switch|p2a: Roter Baron|Roaring Moon, L50, shiny, tera:Flying|84/100\n|-activate|p2a: Roter Baron|ability: Protosynthesis\n|-start|p2a: Roter Baron|protosynthesisspe\n|move|p2b: Ludwig|Protect|p2b: Ludwig\n|-singleturn|p2b: Ludwig|Protect\n|move|p1a: Ho-Oh|Sacred Fire|p2b: Ludwig\n|-activate|p2b: Ludwig|move: Protect\n|move|p1b: Incineroar|Knock Off|p2a: Roter Baron\n|-damage|p2a: Roter Baron|47/100\n|\n|-weather|SunnyDay|[upkeep]\n|-sideend|p1: ronathann|move: Tailwind\n|-sideend|p2: marcxhenry|move: Tailwind\n|upkeep\n|turn|11\n|\n|t:|1771420221\n|move|p2a: Roter Baron|Tailwind|p2a: Roter Baron\n|-sidestart|p2: marcxhenry|move: Tailwind\n|move|p2b: Ludwig|Astral Barrage|p1a: Ho-Oh|[spread] p1a,p1b\n|-damage|p1a: Ho-Oh|34/100\n|-damage|p1b: Incineroar|0 fnt\n|faint|p1b: Incineroar\n|-ability|p2b: Ludwig|Grim Neigh|boost\n|-boost|p2b: Ludwig|spa|1\n|move|p1a: Ho-Oh|Tailwind|p1a: Ho-Oh\n|-sidestart|p1: ronathann|move: Tailwind\n|\n|-weather|SunnyDay|[upkeep]\n|upkeep\n|turn|12\n|-message|ronathann forfeited.\n|\n|win|marcxhenry\n|raw|ronathann's rating: 1257 &rarr; <strong>1243</strong><br />(-14 for losing)\n|raw|marcxhenry's rating: 1419 &rarr; <strong>1430</strong><br />(+11 for winning)\n|l|\u2606ronathann\n|player|p1|\n|l|\u2606marcxhenry\n|player|p2|\n","uploadtime":1771420431,"views":11,"formatid":"gen9vgc2026regi","rating":1243,"private":0,"password":null}