{"id":"gen9vgc2026regi-2568782148","format":"[Gen 9] VGC 2026 Reg I","players":["sunny_zong2","RuinsOfDelph"],"log":"|j|\u2606sunny_zong2\n|j|\u2606RuinsOfDelph\n|t:|1774622550\n|gametype|doubles\n|player|p1|sunny_zong2|170|1210\n|player|p2|RuinsOfDelph|bugcatcher-gen4dp|1184\n|gen|9\n|tier|[Gen 9] VGC 2026 Reg I\n|rated|\n|rule|Species Clause: Limit one of each Pok\u00e9mon\n|rule|Item Clause: Limit 1 of each item\n|clearpoke\n|poke|p1|Glimmora, L50, F|\n|poke|p1|Eternatus, L50|\n|poke|p1|Miraidon, L50|\n|poke|p1|Regidrago, L50|\n|poke|p1|Farigiraf, L50, F|\n|poke|p1|Grimmsnarl, L50, M|\n|poke|p2|Sableye, L50, M|\n|poke|p2|Falinks, L50|\n|poke|p2|Calyrex-Shadow, L50|\n|poke|p2|Lugia, L50|\n|poke|p2|Volcarona, L50, F|\n|poke|p2|Oricorio-Pom-Pom, L50, F|\n|teampreview|4\n|inactive|Battle timer is ON: inactive players will automatically lose when time's up. (requested by RuinsOfDelph)\n|inactive|sunny_zong2 also wants the timer to be on.\n|\n|t:|1774622578\n|teamsize|p1|4\n|teamsize|p2|4\n|start\n|switch|p1a: Grimmsnarl|Grimmsnarl, L50, M|100/100\n|switch|p1b: Glimmora|Glimmora, L50, F|100/100\n|switch|p2a: Oricorio|Oricorio-Pom-Pom, L50, F|100/100\n|switch|p2b: Volcarona|Volcarona, L50, F|100/100\n|turn|1\n|inactive|RuinsOfDelph has 30 seconds left.\n|\n|t:|1774622607\n|-terastallize|p2b: Volcarona|Grass\n|move|p1a: Grimmsnarl|Fake Out|p2b: Volcarona\n|-damage|p2b: Volcarona|91/100\n|move|p1b: Glimmora|Mortal Spin|p2b: Volcarona|[spread] p2a,p2b\n|-supereffective|p2b: Volcarona\n|-damage|p2a: Oricorio|93/100\n|-damage|p2b: Volcarona|82/100\n|-status|p2a: Oricorio|psn\n|-status|p1b: Glimmora|brn|[from] ability: Flame Body|[of] p2b: Volcarona\n|move|p2b: Volcarona|Quiver Dance|p2b: Volcarona\n|-boost|p2b: Volcarona|spa|1\n|-boost|p2b: Volcarona|spd|1\n|-boost|p2b: Volcarona|spe|1\n|-activate|p2a: Oricorio|ability: Dancer\n|move|p2a: Oricorio|Quiver Dance|p2a: Oricorio|[from] ability: Dancer\n|-boost|p2a: Oricorio|spa|1\n|-boost|p2a: Oricorio|spd|1\n|-boost|p2a: Oricorio|spe|1\n|move|p2a: Oricorio|Quiver Dance|p2a: Oricorio\n|-boost|p2a: Oricorio|spa|1\n|-boost|p2a: Oricorio|spd|1\n|-boost|p2a: Oricorio|spe|1\n|\n|-damage|p2a: Oricorio|81/100 psn|[from] psn\n|-damage|p1b: Glimmora|95/100 brn|[from] brn\n|upkeep\n|turn|2\n|inactive|RuinsOfDelph has 30 seconds left.\n|\n|t:|1774622638\n|move|p1a: Grimmsnarl|Light Screen|p1a: Grimmsnarl\n|-sidestart|p1: sunny_zong2|move: Light Screen\n|move|p2a: Oricorio|Revelation Dance|p1b: Glimmora\n|-damage|p1b: Glimmora|9/100 brn\n|move|p2b: Volcarona|Fiery Dance|p1b: Glimmora\n|-resisted|p1b: Glimmora\n|-damage|p1b: Glimmora|0 fnt\n|-boost|p2b: Volcarona|spa|1\n|faint|p1b: Glimmora\n|-activate|p2a: Oricorio|ability: Dancer\n|move|p2a: Oricorio|Fiery Dance|p1a: Grimmsnarl|[from] ability: Dancer\n|-damage|p1a: Grimmsnarl|72/100\n|-boost|p2a: Oricorio|spa|1\n|\n|-damage|p2a: Oricorio|69/100 psn|[from] psn\n|upkeep\n|\n|t:|1774622646\n|switch|p1b: Eternatus|Eternatus, L50|100/100\n|-ability|p1b: Eternatus|Pressure\n|turn|3\n|inactive|RuinsOfDelph has 30 seconds left.\n|\n|t:|1774622678\n|move|p2a: Oricorio|Air Slash|p1b: Eternatus\n|-damage|p1b: Eternatus|64/100\n|move|p2b: Volcarona|Fiery Dance|p1a: Grimmsnarl\n|-damage|p1a: Grimmsnarl|36/100\n|-boost|p2b: Volcarona|spa|1\n|-activate|p2a: Oricorio|ability: Dancer\n|move|p2a: Oricorio|Fiery Dance|p1a: Grimmsnarl|[from] ability: Dancer\n|-damage|p1a: Grimmsnarl|1/100\n|-boost|p2a: Oricorio|spa|1\n|move|p1b: Eternatus|Cosmic Power|p1b: Eternatus\n|-boost|p1b: Eternatus|def|1\n|-boost|p1b: Eternatus|spd|1\n|move|p1a: Grimmsnarl|Foul Play|p2a: Oricorio\n|-damage|p2a: Oricorio|42/100 psn\n|\n|-heal|p1b: Eternatus|70/100|[from] item: Leftovers\n|-damage|p2a: Oricorio|30/100 psn|[from] psn\n|upkeep\n|turn|4\n|\n|t:|1774622698\n|move|p1a: Grimmsnarl|Reflect|p1a: Grimmsnarl\n|-sidestart|p1: sunny_zong2|Reflect\n|move|p2a: Oricorio|Air Slash|p1b: Eternatus\n|-damage|p1b: Eternatus|36/100\n|move|p2b: Volcarona|Fiery Dance|p1a: Grimmsnarl\n|-damage|p1a: Grimmsnarl|0 fnt\n|faint|p1a: Grimmsnarl\n|-activate|p2a: Oricorio|ability: Dancer\n|move|p2a: Oricorio|Fiery Dance|p1b: Eternatus|[from] ability: Dancer\n|-resisted|p1b: Eternatus\n|-damage|p1b: Eternatus|24/100\n|move|p1b: Eternatus|Cosmic Power|p1b: Eternatus\n|-boost|p1b: Eternatus|def|1\n|-boost|p1b: Eternatus|spd|1\n|\n|-heal|p1b: Eternatus|30/100|[from] item: Leftovers\n|-damage|p2a: Oricorio|18/100 psn|[from] psn\n|upkeep\n|\n|t:|1774622701\n|switch|p1a: Miraidon|Miraidon, L50|100/100\n|-fieldstart|move: Electric Terrain|[from] ability: Hadron Engine|[of] p1a: Miraidon\n|turn|5\n|inactive|RuinsOfDelph has 30 seconds left.\n|\n|t:|1774622730\n|move|p1b: Eternatus|Protect|p1b: Eternatus\n|-singleturn|p1b: Eternatus|Protect\n|move|p2b: Volcarona|Rage Powder|p2b: Volcarona\n|-singleturn|p2b: Volcarona|move: Rage Powder\n|move|p2a: Oricorio|Air Slash|p1b: Eternatus\n|-activate|p1b: Eternatus|move: Protect\n|move|p1a: Miraidon|Snarl|p2b: Volcarona|[spread] p2a,p2b\n|-damage|p2a: Oricorio|0 fnt\n|-damage|p2b: Volcarona|65/100\n|faint|p2a: Oricorio\n|\n|-heal|p1b: Eternatus|36/100|[from] item: Leftovers\n|upkeep\n|\n|t:|1774622741\n|switch|p2a: Calyrex|Calyrex-Shadow, L50|100/100\n|-ability|p2a: Calyrex|As One\n|-ability|p2a: Calyrex|Unnerve\n|turn|6\n|\n|t:|1774622765\n|-terastallize|p1a: Miraidon|Normal\n|move|p2b: Volcarona|Rage Powder|p2b: Volcarona\n|-singleturn|p2b: Volcarona|move: Rage Powder\n|move|p2a: Calyrex|Psych Up|p2b: Volcarona\n|-copyboost|p2a: Calyrex|p2b: Volcarona|[from] move: Psych Up\n|move|p1a: Miraidon|Snarl|p2b: Volcarona|[spread] p2a,p2b\n|-supereffective|p2a: Calyrex\n|-damage|p2a: Calyrex|18/100\n|-damage|p2b: Volcarona|48/100\n|-unboost|p2a: Calyrex|spa|1\n|move|p1b: Eternatus|Recover|p1b: Eternatus\n|-heal|p1b: Eternatus|86/100\n|\n|-heal|p1b: Eternatus|92/100|[from] item: Leftovers\n|upkeep\n|turn|7\n|\n|t:|1774622783\n|move|p2a: Calyrex|Protect|p2a: Calyrex\n|-singleturn|p2a: Calyrex|Protect\n|move|p1a: Miraidon|Snarl|p2b: Volcarona|[spread] p2b\n|-activate|p2a: Calyrex|move: Protect\n|-damage|p2b: Volcarona|29/100\n|move|p2b: Volcarona|Quiver Dance|p2b: Volcarona\n|-boost|p2b: Volcarona|spa|1\n|-boost|p2b: Volcarona|spd|1\n|-boost|p2b: Volcarona|spe|1\n|move|p1b: Eternatus|Sludge Bomb|p2a: Calyrex\n|-activate|p2a: Calyrex|move: Protect\n|\n|-heal|p1b: Eternatus|98/100|[from] item: Leftovers\n|upkeep\n|turn|8\n|inactive|RuinsOfDelph has 30 seconds left.\n|\n|t:|1774622808\n|move|p2a: Calyrex|Draining Kiss|p1a: Miraidon\n|-damage|p1a: Miraidon|74/100\n|-heal|p2a: Calyrex|38/100|[from] drain|[of] p1a: Miraidon\n|-heal|p2a: Calyrex|41/100|[from] item: Shell Bell|[of] p1a: Miraidon\n|move|p2b: Volcarona|Giga Drain|p1a: Miraidon\n|-damage|p1a: Miraidon|11/100\n|-heal|p2b: Volcarona|58/100|[from] drain|[of] p1a: Miraidon\n|move|p1a: Miraidon|Snarl|p2b: Volcarona|[spread] p2a,p2b\n|-supereffective|p2a: Calyrex\n|-damage|p2a: Calyrex|0 fnt\n|-damage|p2b: Volcarona|43/100\n|faint|p2a: Calyrex\n|move|p1b: Eternatus|Sludge Bomb|p2b: Volcarona\n|-supereffective|p2b: Volcarona\n|-damage|p2b: Volcarona|2/100\n|\n|-heal|p1b: Eternatus|100/100|[from] item: Leftovers\n|upkeep\n|\n|t:|1774622815\n|switch|p2a: Sableye|Sableye, L50, M|100/100\n|turn|9\n|\n|t:|1774622826\n|move|p2a: Sableye|Disable|p1b: Eternatus\n|-start|p1b: Eternatus|Disable|Sludge Bomb\n|move|p2b: Volcarona|Giga Drain|p1a: Miraidon\n|-damage|p1a: Miraidon|0 fnt\n|-heal|p2b: Volcarona|7/100|[from] drain|[of] p1a: Miraidon\n|faint|p1a: Miraidon\n|cant|p1b: Eternatus|Disable|Sludge Bomb\n|\n|-sideend|p1: sunny_zong2|move: Light Screen\n|-fieldend|move: Electric Terrain\n|upkeep\n|turn|10\n|\n|t:|1774622838\n|move|p2a: Sableye|Encore|p1b: Eternatus\n|-start|p1b: Eternatus|Encore\n|move|p2b: Volcarona|Quiver Dance|p2b: Volcarona\n|-boost|p2b: Volcarona|spa|1\n|-boost|p2b: Volcarona|spd|1\n|-boost|p2b: Volcarona|spe|1\n|cant|p1b: Eternatus|Disable|Sludge Bomb\n|\n|upkeep\n|turn|11\n|\n|t:|1774622860\n|move|p2a: Sableye|Disable||[still]\n|-fail|p2a: Sableye\n|move|p2b: Volcarona|Quiver Dance|p2b: Volcarona\n|-boost|p2b: Volcarona|spa|1\n|-boost|p2b: Volcarona|spd|1\n|-boost|p2b: Volcarona|spe|1\n|-activate|p1b: Eternatus|move: Struggle\n|move|p1b: Eternatus|Struggle|p2b: Volcarona\n|-damage|p2b: Volcarona|0 fnt\n|faint|p2b: Volcarona\n|-damage|p1b: Eternatus|75/100|[from] recoil\n|\n|-heal|p1b: Eternatus|81/100|[from] item: Leftovers\n|-sideend|p1: sunny_zong2|Reflect\n|upkeep\n|turn|12\n|-message|RuinsOfDelph forfeited.\n|\n|win|sunny_zong2\n|raw|sunny_zong2's rating: 1210 &rarr; <strong>1233</strong><br />(+23 for winning)\n|raw|RuinsOfDelph's rating: 1184 &rarr; <strong>1161</strong><br />(-23 for losing)\n|l|\u2606RuinsOfDelph\n|player|p2|\n|l|\u2606sunny_zong2\n|player|p1|\n","uploadtime":1774623063,"views":10,"formatid":"gen9vgc2026regi","rating":1161,"private":0,"password":null}