{"id":"gen9vgc2026regi-2542485492","format":"[Gen 9] VGC 2026 Reg I","players":["EllenJoe2026","MSAtlos"],"log":"|j|\u2606EllenJoe2026\n|j|\u2606MSAtlos\n|t:|1771453548\n|gametype|doubles\n|player|p1|EllenJoe2026|iono|1423\n|player|p2|MSAtlos|flannery|1320\n|gen|9\n|tier|[Gen 9] VGC 2026 Reg I\n|rated|\n|rule|Species Clause: Limit one of each Pok\u00e9mon\n|rule|Item Clause: Limit 1 of each item\n|clearpoke\n|poke|p1|Calyrex-Ice, L50|\n|poke|p1|Miraidon, L50|\n|poke|p1|Tornadus, L50, M|\n|poke|p1|Urshifu-*, L50, F|\n|poke|p1|Grimmsnarl, L50, M|\n|poke|p1|Indeedee-F, L50, F|\n|poke|p2|Calyrex-Ice, L50|\n|poke|p2|Kyogre, L50|\n|poke|p2|Urshifu-*, L50, F|\n|poke|p2|Amoonguss, L50, F|\n|poke|p2|Rillaboom, L50, F|\n|poke|p2|Flutter Mane, L50|\n|teampreview|4\n|inactive|Battle timer is ON: inactive players will automatically lose when time's up. (requested by EllenJoe2026)\n|inactive|MSAtlos has 60 seconds left.\n|\n|t:|1771453587\n|teamsize|p1|4\n|teamsize|p2|4\n|start\n|switch|p1a: Calyrex|Calyrex-Ice, L50|100/100\n|switch|p1b: Tornadus|Tornadus, L50, M, shiny|100/100\n|switch|p2a: Calyrex|Calyrex-Ice, L50|100/100\n|switch|p2b: Flutter Mane|Flutter Mane, L50|100/100\n|-ability|p1a: Calyrex|As One\n|-ability|p1a: Calyrex|Unnerve\n|-ability|p2a: Calyrex|As One\n|-ability|p2a: Calyrex|Unnerve\n|turn|1\n|inactive|MSAtlos has 30 seconds left.\n|inactive|EllenJoe2026 has 30 seconds left.\n|\n|t:|1771453620\n|switch|p1b: Indeedee|Indeedee-F, L50, F, shiny|100/100\n|-fieldstart|move: Psychic Terrain|[from] ability: Psychic Surge|[of] p1b: Indeedee\n|-terastallize|p1a: Calyrex|Grass\n|move|p2b: Flutter Mane|Shadow Ball|p1a: Calyrex\n|-damage|p1a: Calyrex|70/100\n|move|p1a: Calyrex|Imprison|p1a: Calyrex\n|-start|p1a: Calyrex|move: Imprison\n|cant|p2a: Calyrex|move: Imprison|Trick Room\n|\n|upkeep\n|turn|2\n|inactive|MSAtlos has 30 seconds left.\n|\n|t:|1771453653\n|switch|p1b: Tornadus|Tornadus, L50, M, shiny|100/100\n|switch|p2a: Kyogre|Kyogre, L50|100/100\n|-weather|RainDance|[from] ability: Drizzle|[of] p2a: Kyogre\n|move|p2b: Flutter Mane|Taunt|p1b: Tornadus\n|-start|p1b: Tornadus|move: Taunt\n|move|p1a: Calyrex|Glacial Lance|p2a: Kyogre|[spread] p2a,p2b\n|-resisted|p2a: Kyogre\n|-crit|p2a: Kyogre\n|-damage|p2a: Kyogre|64/100\n|-enditem|p2b: Flutter Mane|Focus Sash\n|-damage|p2b: Flutter Mane|1/100\n|\n|-weather|RainDance|[upkeep]\n|upkeep\n|turn|3\n|inactive|EllenJoe2026 has 30 seconds left.\n|\n|t:|1771453679\n|switch|p1b: Miraidon|Miraidon, L50, shiny|100/100\n|-fieldstart|move: Electric Terrain|[from] ability: Hadron Engine|[of] p1b: Miraidon\n|switch|p1a: Indeedee|Indeedee-F, L50, F, shiny|100/100\n|-fieldstart|move: Psychic Terrain|[from] ability: Psychic Surge|[of] p1a: Indeedee\n|move|p2b: Flutter Mane|Icy Wind|p1a: Indeedee|[spread] p1a,p1b\n|-supereffective|p1b: Miraidon\n|-damage|p1a: Indeedee|85/100\n|-damage|p1b: Miraidon|75/100\n|-unboost|p1a: Indeedee|spe|1\n|-unboost|p1b: Miraidon|spe|1\n|-enditem|p1a: Indeedee|Eject Button\n|\n|t:|1771453700\n|switch|p1a: Tornadus|Tornadus, L50, M, shiny|100/100\n|move|p2a: Kyogre|Origin Pulse|p1a: Tornadus|[spread] p1a,p1b\n|-resisted|p1b: Miraidon\n|-enditem|p1a: Tornadus|Focus Sash\n|-damage|p1a: Tornadus|1/100\n|-damage|p1b: Miraidon|39/100\n|\n|-weather|RainDance|[upkeep]\n|upkeep\n|turn|4\n|inactive|MSAtlos has 30 seconds left.\n|inactive|MSAtlos has 20 seconds left.\n|inactive|MSAtlos has 15 seconds left.\n|inactive|MSAtlos has 10 seconds left.\n|inactive|MSAtlos has 5 seconds left.\n|\n|t:|1771453751\n|move|p1a: Tornadus|Tailwind|p1a: Tornadus\n|-sidestart|p1: EllenJoe2026|move: Tailwind\n|move|p1b: Miraidon|Volt Switch|p2b: Flutter Mane\n|-damage|p2b: Flutter Mane|0 fnt\n|faint|p2b: Flutter Mane\n|-end|p2b: Flutter Mane|Protosynthesis|[silent]\n|\n|t:|1771453759\n|switch|p1b: Indeedee|Indeedee-F, L50, F, shiny|85/100|[from] Volt Switch\n|move|p2a: Kyogre|Origin Pulse|p1b: Indeedee|[spread] p1a,p1b\n|-damage|p1a: Tornadus|0 fnt\n|-damage|p1b: Indeedee|2/100\n|faint|p1a: Tornadus\n|\n|-weather|RainDance|[upkeep]\n|upkeep\n|\n|t:|1771453769\n|switch|p2b: Calyrex|Calyrex-Ice, L50|100/100\n|switch|p1a: Calyrex|Calyrex-Ice, L50, tera:Grass|70/100\n|-ability|p1a: Calyrex|As One\n|-ability|p1a: Calyrex|Unnerve\n|-ability|p2b: Calyrex|As One\n|-ability|p2b: Calyrex|Unnerve\n|turn|5\n|\n|t:|1771453791\n|move|p1b: Indeedee|Heal Pulse|p1a: Calyrex\n|-heal|p1a: Calyrex|100/100\n|move|p1a: Calyrex|Imprison|p1a: Calyrex\n|-start|p1a: Calyrex|move: Imprison\n|move|p2a: Kyogre|Water Spout|p1a: Calyrex|[spread] p1a,p1b\n|-resisted|p1a: Calyrex\n|-crit|p1a: Calyrex\n|-damage|p1a: Calyrex|61/100\n|-damage|p1b: Indeedee|0 fnt\n|faint|p1b: Indeedee\n|cant|p2b: Calyrex|move: Imprison|Glacial Lance\n|\n|-weather|RainDance|[upkeep]\n|upkeep\n|\n|t:|1771453805\n|switch|p1b: Miraidon|Miraidon, L50, shiny|39/100\n|-fieldstart|move: Electric Terrain|[from] ability: Hadron Engine|[of] p1b: Miraidon\n|turn|6\n|\n|t:|1771453824\n|move|p2a: Kyogre|Protect|p2a: Kyogre\n|-singleturn|p2a: Kyogre|Protect\n|move|p1b: Miraidon|Electro Drift|p2b: Calyrex\n|-damage|p2b: Calyrex|13/100\n|move|p1a: Calyrex|Glacial Lance|p2a: Kyogre|[spread] p2b\n|-activate|p2a: Kyogre|move: Protect\n|-resisted|p2b: Calyrex\n|-crit|p2b: Calyrex\n|-damage|p2b: Calyrex|0 fnt\n|faint|p2b: Calyrex\n|-ability|p1a: Calyrex|Chilling Neigh|boost\n|-boost|p1a: Calyrex|atk|1\n|\n|-weather|none\n|upkeep\n|j| AidanPkmn\n|\n|t:|1771453834\n|switch|p2b: Rillaboom|Rillaboom, L50, F|100/100\n|-fieldstart|move: Grassy Terrain|[from] ability: Grassy Surge|[of] p2b: Rillaboom\n|turn|7\n|\n|t:|1771453843\n|move|p2b: Rillaboom|Fake Out|p1b: Miraidon\n|-damage|p1b: Miraidon|27/100\n|cant|p1b: Miraidon|flinch\n|move|p1a: Calyrex|Glacial Lance|p2b: Rillaboom|[spread] p2a,p2b\n|-resisted|p2a: Kyogre\n|-supereffective|p2b: Rillaboom\n|-damage|p2a: Kyogre|22/100\n|-damage|p2b: Rillaboom|0 fnt\n|faint|p2b: Rillaboom\n|-ability|p1a: Calyrex|Chilling Neigh|boost\n|-boost|p1a: Calyrex|atk|1\n|move|p2a: Kyogre|Water Spout|p1b: Miraidon|[spread] p1a,p1b\n|-resisted|p1a: Calyrex\n|-crit|p1a: Calyrex\n|-resisted|p1b: Miraidon\n|-damage|p1a: Calyrex|51/100\n|-damage|p1b: Miraidon|20/100\n|\n|-heal|p1b: Miraidon|26/100|[from] Grassy Terrain\n|-heal|p1a: Calyrex|57/100|[from] Grassy Terrain\n|-heal|p2a: Kyogre|28/100|[from] Grassy Terrain\n|-sideend|p1: EllenJoe2026|move: Tailwind\n|upkeep\n|turn|8\n|l| AidanPkmn\n|\n|t:|1771453859\n|move|p1b: Miraidon|Electro Drift|p2a: Kyogre\n|-supereffective|p2a: Kyogre\n|-damage|p2a: Kyogre|0 fnt\n|faint|p2a: Kyogre\n|\n|win|EllenJoe2026\n|raw|EllenJoe2026's rating: 1423 &rarr; <strong>1437</strong><br />(+14 for winning)\n|raw|MSAtlos's rating: 1320 &rarr; <strong>1306</strong><br />(-14 for losing)\n","uploadtime":1771453859,"views":11,"formatid":"gen9vgc2026regi","rating":1306,"private":0,"password":null}