{"id":"gen9vgc2026regi-2558785858","format":"[Gen 9] VGC 2026 Reg I","players":["kojimuranishi","fogdocker"],"log":"|j|\u2606kojimuranishi\n|j|\u2606fogdocker\n|t:|1773482394\n|gametype|doubles\n|player|p1|kojimuranishi|265|1496\n|player|p2|fogdocker|265|1486\n|gen|9\n|tier|[Gen 9] VGC 2026 Reg I\n|rated|\n|rule|Species Clause: Limit one of each Pok\u00e9mon\n|rule|Item Clause: Limit 1 of each item\n|clearpoke\n|poke|p1|Raging Bolt, L50|\n|poke|p1|Calyrex-Ice, L50|\n|poke|p1|Kyogre, L50|\n|poke|p1|Indeedee-F, L50, F|\n|poke|p1|Ursaluna, L50, M|\n|poke|p1|Ogerpon-Cornerstone, L50, F|\n|poke|p2|Calyrex-Ice, L50|\n|poke|p2|Koraidon, L50|\n|poke|p2|Flutter Mane, L50|\n|poke|p2|Incineroar, L50, M|\n|poke|p2|Rillaboom, L50, F|\n|poke|p2|Annihilape, L50, M|\n|teampreview|4\n|inactive|Battle timer is ON: inactive players will automatically lose when time's up. (requested by kojimuranishi)\n|\n|t:|1773482421\n|teamsize|p1|4\n|teamsize|p2|4\n|start\n|switch|p1a: Ogerpon|Ogerpon-Cornerstone, L50, F|100/100\n|switch|p1b: Calyrex|Calyrex-Ice, L50|100/100\n|switch|p2a: Calyrex|Calyrex-Ice, L50|100/100\n|switch|p2b: Rillaboom|Rillaboom, L50, F|100/100\n|-ability|p1b: Calyrex|As One\n|-ability|p1b: Calyrex|Unnerve\n|-ability|p2a: Calyrex|As One\n|-ability|p2a: Calyrex|Unnerve\n|-fieldstart|move: Grassy Terrain|[from] ability: Grassy Surge|[of] p2b: Rillaboom\n|turn|1\n|\n|t:|1773482442\n|switch|p2b: Incineroar|Incineroar, L50, M|100/100\n|-ability|p2b: Incineroar|Intimidate|boost\n|-unboost|p1a: Ogerpon|atk|1\n|-unboost|p1b: Calyrex|atk|1\n|move|p2a: Calyrex|Protect|p2a: Calyrex\n|-singleturn|p2a: Calyrex|Protect\n|move|p1a: Ogerpon|Ivy Cudgel|p2a: Calyrex|[anim] Ivy Cudgel Rock\n|-activate|p2a: Calyrex|move: Protect\n|move|p1b: Calyrex|Leech Seed|p2a: Calyrex\n|-activate|p2a: Calyrex|move: Protect\n|\n|upkeep\n|turn|2\n|inactive|fogdocker has 30 seconds left.\n|\n|t:|1773482468\n|switch|p1a: Kyogre|Kyogre, L50|100/100\n|-weather|RainDance|[from] ability: Drizzle|[of] p1a: Kyogre\n|switch|p2b: Rillaboom|Rillaboom, L50, F|100/100\n|move|p2a: Calyrex|Glacial Lance|p1a: Kyogre|[spread] p1a,p1b\n|-resisted|p1a: Kyogre\n|-resisted|p1b: Calyrex\n|-damage|p1a: Kyogre|75/100\n|-damage|p1b: Calyrex|87/100\n|move|p1b: Calyrex|Leech Seed|p2a: Calyrex\n|-start|p2a: Calyrex|move: Leech Seed\n|\n|-weather|RainDance|[upkeep]\n|-heal|p1a: Kyogre|81/100|[from] Grassy Terrain\n|-heal|p1b: Calyrex|93/100|[from] Grassy Terrain\n|-heal|p1b: Calyrex|99/100|[from] item: Leftovers\n|-damage|p2a: Calyrex|88/100|[from] Leech Seed|[of] p1b: Calyrex\n|-heal|p1b: Calyrex|100/100|[silent]\n|upkeep\n|turn|3\n|inactive|kojimuranishi has 30 seconds left.\n|inactive|fogdocker has 30 seconds left.\n|\n|t:|1773482495\n|switch|p1a: Ursaluna|Ursaluna, L50, M|100/100\n|switch|p2a: Koraidon|Koraidon, L50|100/100\n|-weather|SunnyDay|[from] ability: Orichalcum Pulse|[of] p2a: Koraidon\n|-activate|p2a: Koraidon|Orichalcum Pulse|[source]\n|move|p2b: Rillaboom|Fake Out|p1b: Calyrex\n|-damage|p1b: Calyrex|93/100\n|cant|p1b: Calyrex|flinch\n|\n|-weather|SunnyDay|[upkeep]\n|-heal|p1b: Calyrex|99/100|[from] Grassy Terrain\n|-heal|p1b: Calyrex|100/100|[from] item: Leftovers\n|-status|p1a: Ursaluna|brn|[from] item: Flame Orb\n|upkeep\n|turn|4\n|inactive|kojimuranishi has 30 seconds left.\n|inactive|fogdocker has 30 seconds left.\n|inactive|fogdocker has 20 seconds left.\n|\n|t:|1773482535\n|switch|p2a: Incineroar|Incineroar, L50, M|100/100\n|-ability|p2a: Incineroar|Intimidate|boost\n|-unboost|p1a: Ursaluna|atk|1\n|-unboost|p1b: Calyrex|atk|1\n|-terastallize|p1b: Calyrex|Water\n|move|p1a: Ursaluna|Protect|p1a: Ursaluna\n|-singleturn|p1a: Ursaluna|Protect\n|move|p2b: Rillaboom|U-turn|p1b: Calyrex\n|-damage|p1b: Calyrex|86/100\n|\n|t:|1773482546\n|switch|p2b: Calyrex|Calyrex-Ice, L50|88/100|[from] U-turn\n|-ability|p2b: Calyrex|As One\n|-ability|p2b: Calyrex|Unnerve\n|move|p1b: Calyrex|Trick Room|p1b: Calyrex\n|-fieldstart|move: Trick Room|[of] p1b: Calyrex\n|\n|-weather|SunnyDay|[upkeep]\n|-heal|p1b: Calyrex|92/100|[from] Grassy Terrain\n|-heal|p2b: Calyrex|94/100|[from] Grassy Terrain\n|-heal|p1b: Calyrex|98/100|[from] item: Leftovers\n|-heal|p2b: Calyrex|99/100|[from] item: Leftovers\n|-damage|p1a: Ursaluna|95/100 brn|[from] brn\n|upkeep\n|turn|5\n|\n|t:|1773482569\n|move|p2a: Incineroar|Fake Out|p1a: Ursaluna\n|-damage|p1a: Ursaluna|87/100 brn\n|move|p1b: Calyrex|Leech Seed|p2b: Calyrex\n|-start|p2b: Calyrex|move: Leech Seed\n|move|p2b: Calyrex|Leech Seed|p1b: Calyrex|[miss]\n|-miss|p2b: Calyrex|p1b: Calyrex\n|cant|p1a: Ursaluna|flinch\n|\n|-weather|SunnyDay|[upkeep]\n|-heal|p2b: Calyrex|100/100|[from] Grassy Terrain\n|-heal|p1b: Calyrex|100/100|[from] Grassy Terrain\n|-heal|p1a: Ursaluna|93/100 brn|[from] Grassy Terrain\n|-damage|p2b: Calyrex|88/100|[from] Leech Seed|[of] p1b: Calyrex\n|-damage|p1a: Ursaluna|87/100 brn|[from] brn\n|-fieldend|move: Grassy Terrain\n|upkeep\n|turn|6\n|inactive|kojimuranishi has 30 seconds left.\n|inactive|kojimuranishi has 20 seconds left.\n|\n|t:|1773482608\n|move|p1a: Ursaluna|Facade|p2b: Calyrex\n|-damage|p2b: Calyrex|42/100\n|move|p1b: Calyrex|Glacial Lance|p2a: Incineroar|[spread] p2a,p2b\n|-resisted|p2a: Incineroar\n|-resisted|p2b: Calyrex\n|-damage|p2a: Incineroar|91/100\n|-damage|p2b: Calyrex|35/100\n|move|p2b: Calyrex|Glacial Lance|p1b: Calyrex|[spread] p1a,p1b\n|-supereffective|p1a: Ursaluna\n|-resisted|p1b: Calyrex\n|-damage|p1a: Ursaluna|13/100 brn\n|-damage|p1b: Calyrex|86/100\n|move|p2a: Incineroar|Parting Shot|p1a: Ursaluna\n|-unboost|p1a: Ursaluna|atk|1\n|-unboost|p1a: Ursaluna|spa|1\n|\n|t:|1773482616\n|switch|p2a: Rillaboom|Rillaboom, L50, F|100/100|[from] Parting Shot\n|-fieldstart|move: Grassy Terrain|[from] ability: Grassy Surge|[of] p2a: Rillaboom\n|\n|-weather|SunnyDay|[upkeep]\n|-heal|p1b: Calyrex|92/100|[from] Grassy Terrain\n|-heal|p1a: Ursaluna|19/100 brn|[from] Grassy Terrain\n|-heal|p2b: Calyrex|41/100|[from] Grassy Terrain\n|-heal|p1b: Calyrex|98/100|[from] item: Leftovers\n|-heal|p2b: Calyrex|47/100|[from] item: Leftovers\n|-damage|p2b: Calyrex|35/100|[from] Leech Seed|[of] p1b: Calyrex\n|-heal|p1b: Calyrex|100/100|[silent]\n|-damage|p1a: Ursaluna|13/100 brn|[from] brn\n|upkeep\n|turn|7\n|\n|t:|1773482635\n|switch|p2b: Incineroar|Incineroar, L50, M|91/100\n|-ability|p2b: Incineroar|Intimidate|boost\n|-unboost|p1a: Ursaluna|atk|1\n|-unboost|p1b: Calyrex|atk|1\n|move|p1a: Ursaluna|Protect|p1a: Ursaluna\n|-singleturn|p1a: Ursaluna|Protect\n|move|p2a: Rillaboom|Fake Out|p1b: Calyrex\n|-damage|p1b: Calyrex|92/100\n|cant|p1b: Calyrex|flinch\n|\n|-weather|none\n|-heal|p1a: Ursaluna|19/100 brn|[from] Grassy Terrain\n|-heal|p1b: Calyrex|98/100|[from] Grassy Terrain\n|-heal|p1b: Calyrex|100/100|[from] item: Leftovers\n|-heal|p2b: Incineroar|97/100|[from] Grassy Terrain\n|-damage|p1a: Ursaluna|13/100 brn|[from] brn\n|upkeep\n|turn|8\n|\n|t:|1773482655\n|switch|p1a: Ogerpon|Ogerpon-Cornerstone, L50, F|100/100\n|move|p2b: Incineroar|Fake Out|p1b: Calyrex\n|-damage|p1b: Calyrex|94/100\n|move|p2a: Rillaboom|Grassy Glide|p1a: Ogerpon\n|-damage|p1a: Ogerpon|52/100\n|cant|p1b: Calyrex|flinch\n|\n|-heal|p1b: Calyrex|99/100|[from] Grassy Terrain\n|-heal|p1b: Calyrex|100/100|[from] item: Leftovers\n|-heal|p2b: Incineroar|100/100|[from] Grassy Terrain\n|-heal|p1a: Ogerpon|58/100|[from] Grassy Terrain\n|-fieldend|move: Trick Room\n|upkeep\n|turn|9\n|\n|t:|1773482673\n|move|p1a: Ogerpon|Ivy Cudgel|p2b: Incineroar|[anim] Ivy Cudgel Rock\n|-supereffective|p2b: Incineroar\n|-damage|p2b: Incineroar|13/100\n|move|p2a: Rillaboom|U-turn|p1b: Calyrex\n|-damage|p1b: Calyrex|86/100\n|\n|t:|1773482679\n|switch|p2a: Calyrex|Calyrex-Ice, L50|35/100|[from] U-turn\n|-ability|p2a: Calyrex|As One\n|-ability|p2a: Calyrex|Unnerve\n|move|p2b: Incineroar|Parting Shot|p1b: Calyrex\n|-unboost|p1b: Calyrex|atk|1\n|-unboost|p1b: Calyrex|spa|1\n|\n|t:|1773482689\n|switch|p2b: Koraidon|Koraidon, L50|100/100|[from] Parting Shot\n|-weather|SunnyDay|[from] ability: Orichalcum Pulse|[of] p2b: Koraidon\n|-activate|p2b: Koraidon|Orichalcum Pulse|[source]\n|move|p1b: Calyrex|Glacial Lance|p2b: Koraidon|[spread] p2a,p2b\n|-resisted|p2a: Calyrex\n|-supereffective|p2b: Koraidon\n|-damage|p2a: Calyrex|30/100\n|-damage|p2b: Koraidon|72/100\n|\n|-weather|SunnyDay|[upkeep]\n|-heal|p2b: Koraidon|78/100|[from] Grassy Terrain\n|-heal|p1a: Ogerpon|64/100|[from] Grassy Terrain\n|-heal|p2a: Calyrex|36/100|[from] Grassy Terrain\n|-heal|p1b: Calyrex|92/100|[from] Grassy Terrain\n|-heal|p2a: Calyrex|42/100|[from] item: Leftovers\n|-heal|p1b: Calyrex|98/100|[from] item: Leftovers\n|upkeep\n|turn|10\n|inactive|kojimuranishi has 30 seconds left.\n|\n|t:|1773482715\n|move|p2b: Koraidon|Close Combat|p1a: Ogerpon\n|-supereffective|p1a: Ogerpon\n|-damage|p1a: Ogerpon|0 fnt\n|-unboost|p2b: Koraidon|def|1\n|-unboost|p2b: Koraidon|spd|1\n|faint|p1a: Ogerpon\n|-damage|p2b: Koraidon|68/100|[from] item: Life Orb\n|move|p1b: Calyrex|Glacial Lance|p2a: Calyrex|[spread] p2a,p2b\n|-resisted|p2a: Calyrex\n|-supereffective|p2b: Koraidon\n|-damage|p2a: Calyrex|38/100\n|-damage|p2b: Koraidon|23/100\n|move|p2a: Calyrex|Leech Seed|p1b: Calyrex\n|-start|p1b: Calyrex|move: Leech Seed\n|\n|-weather|SunnyDay|[upkeep]\n|-heal|p2b: Koraidon|29/100|[from] Grassy Terrain\n|-heal|p1b: Calyrex|100/100|[from] Grassy Terrain\n|-heal|p2a: Calyrex|43/100|[from] Grassy Terrain\n|-heal|p2a: Calyrex|49/100|[from] item: Leftovers\n|-damage|p1b: Calyrex|88/100|[from] Leech Seed|[of] p2a: Calyrex\n|-heal|p2a: Calyrex|61/100|[silent]\n|-fieldend|move: Grassy Terrain\n|upkeep\n|\n|t:|1773482734\n|switch|p1a: Kyogre|Kyogre, L50|81/100\n|-weather|RainDance|[from] ability: Drizzle|[of] p1a: Kyogre\n|turn|11\n|\n|t:|1773482756\n|switch|p1b: Ursaluna|Ursaluna, L50, M|13/100 brn\n|-terastallize|p2a: Calyrex|Water\n|move|p1a: Kyogre|Water Spout|p2b: Koraidon|[spread] p2a,p2b\n|-resisted|p2a: Calyrex\n|-resisted|p2b: Koraidon\n|-damage|p2a: Calyrex|40/100\n|-damage|p2b: Koraidon|0 fnt\n|faint|p2b: Koraidon\n|move|p2a: Calyrex|Glacial Lance|p1b: Ursaluna|[spread] p1a,p1b\n|-resisted|p1a: Kyogre\n|-supereffective|p1b: Ursaluna\n|-damage|p1a: Kyogre|55/100\n|-damage|p1b: Ursaluna|0 fnt\n|faint|p1b: Ursaluna\n|-ability|p2a: Calyrex|Chilling Neigh|boost\n|-boost|p2a: Calyrex|atk|1\n|\n|-weather|RainDance|[upkeep]\n|-heal|p2a: Calyrex|45/100|[from] item: Leftovers\n|upkeep\n|\n|t:|1773482774\n|switch|p2b: Rillaboom|Rillaboom, L50, F|100/100\n|switch|p1b: Calyrex|Calyrex-Ice, L50, tera:Water|88/100\n|-ability|p1b: Calyrex|As One\n|-ability|p1b: Calyrex|Unnerve\n|-fieldstart|move: Grassy Terrain|[from] ability: Grassy Surge|[of] p2b: Rillaboom\n|turn|12\n|-message|kojimuranishi forfeited.\n|\n|win|fogdocker\n|raw|kojimuranishi's rating: 1496 &rarr; <strong>1475</strong><br />(-21 for losing)\n|raw|fogdocker's rating: 1486 &rarr; <strong>1507</strong><br />(+21 for winning)\n","uploadtime":1773483048,"views":15,"formatid":"gen9vgc2026regi","rating":1475,"private":0,"password":null}