{"id":"gen9vgc2026regi-2547135825","format":"[Gen 9] VGC 2026 Reg I","players":["j0l0k0","Xatseye"],"log":"|j|\u2606j0l0k0\n|j|\u2606Xatseye\n|t:|1772049936\n|gametype|doubles\n|player|p1|j0l0k0|brycen|1514\n|player|p2|Xatseye|2|1602\n|gen|9\n|tier|[Gen 9] VGC 2026 Reg I\n|rated|\n|rule|Species Clause: Limit one of each Pok\u00e9mon\n|rule|Item Clause: Limit 1 of each item\n|clearpoke\n|poke|p1|Calyrex-Ice, L50|\n|poke|p1|Kyogre, L50|\n|poke|p1|Indeedee-F, L50, F|\n|poke|p1|Urshifu-*, L50, F|\n|poke|p1|Amoonguss, L50, F|\n|poke|p1|Landorus, L50, M|\n|poke|p2|Chien-Pao, L50|\n|poke|p2|Calyrex-Shadow, L50|\n|poke|p2|Dondozo, L50, M|\n|poke|p2|Zamazenta-*, L50|\n|poke|p2|Dragonite, L50, F|\n|poke|p2|Tatsugiri, L50, M|\n|teampreview|4\n|inactive|Battle timer is ON: inactive players will automatically lose when time's up. (requested by Xatseye)\n|inactive|j0l0k0 also wants the timer to be on.\n|\n|t:|1772049944\n|teamsize|p1|4\n|teamsize|p2|4\n|start\n|switch|p1a: Indeedee|Indeedee-F, L50, F, shiny|100/100\n|switch|p1b: Calyrex|Calyrex-Ice, L50|100/100\n|switch|p2a: Dondozo|Dondozo, L50, M|100/100\n|switch|p2b: Calyrex|Calyrex-Shadow, L50|100/100\n|-ability|p2b: Calyrex|As One\n|-ability|p2b: Calyrex|Unnerve\n|-ability|p1b: Calyrex|As One\n|-ability|p1b: Calyrex|Unnerve\n|-fieldstart|move: Psychic Terrain|[from] ability: Psychic Surge|[of] p1a: Indeedee\n|turn|1\n|\n|t:|1772049959\n|-terastallize|p1b: Calyrex|Normal\n|move|p2b: Calyrex|Trick|p1b: Calyrex\n|-activate|p2b: Calyrex|move: Trick|[of] p1b: Calyrex\n|-item|p1b: Calyrex|Choice Scarf|[from] move: Trick\n|-item|p2b: Calyrex|Clear Amulet|[from] move: Trick\n|move|p1b: Calyrex|Glacial Lance|p2b: Calyrex|[spread] p2a,p2b\n|-resisted|p2a: Dondozo\n|-damage|p2a: Dondozo|82/100\n|-damage|p2b: Calyrex|20/100\n|move|p2a: Dondozo|Substitute|p2a: Dondozo\n|-start|p2a: Dondozo|Substitute\n|-damage|p2a: Dondozo|57/100\n|move|p1a: Indeedee|Trick Room|p1a: Indeedee\n|-fieldstart|move: Trick Room|[of] p1a: Indeedee\n|\n|-heal|p2a: Dondozo|63/100|[from] item: Leftovers\n|upkeep\n|turn|2\n|\n|t:|1772049973\n|switch|p2b: Tatsugiri|Tatsugiri, L50, M|100/100\n|-activate|p2b: Tatsugiri|ability: Commander|[of] p2a: Dondozo\n|-boost|p2a: Dondozo|atk|2\n|-boost|p2a: Dondozo|spa|2\n|-boost|p2a: Dondozo|spe|2\n|-boost|p2a: Dondozo|def|2\n|-boost|p2a: Dondozo|spd|2\n|move|p1a: Indeedee|Helping Hand|p1b: Calyrex\n|-singleturn|p1b: Calyrex|Helping Hand|[of] p1a: Indeedee\n|move|p1b: Calyrex|Glacial Lance|p2b: Tatsugiri|[spread] p2a\n|-miss|p1b: Calyrex|p2b: Tatsugiri\n|-resisted|p2a: Dondozo\n|-activate|p2a: Dondozo|move: Substitute|[damage]\n|move|p2a: Dondozo|Earthquake|p1a: Indeedee|[spread] p1a,p1b\n|-miss|p2a: Dondozo|p2b: Tatsugiri\n|-damage|p1a: Indeedee|52/100\n|-damage|p1b: Calyrex|73/100\n|\n|-heal|p2a: Dondozo|69/100|[from] item: Leftovers\n|upkeep\n|turn|3\n|inactive|j0l0k0 has 30 seconds left.\n|\n|t:|1772050007\n|move|p1b: Calyrex|Glacial Lance|p2b: Tatsugiri|[spread] p2a\n|-miss|p1b: Calyrex|p2b: Tatsugiri\n|-resisted|p2a: Dondozo\n|-activate|p2a: Dondozo|move: Substitute|[damage]\n|move|p1a: Indeedee|Psychic|p2a: Dondozo\n|-end|p2a: Dondozo|Substitute\n|move|p2a: Dondozo|Order Up|p1b: Calyrex\n|-damage|p1b: Calyrex|48/100\n|-boost|p2a: Dondozo|atk|1\n|\n|-heal|p2a: Dondozo|75/100|[from] item: Leftovers\n|upkeep\n|turn|4\n|\n|t:|1772050024\n|move|p1a: Indeedee|Helping Hand|p1b: Calyrex\n|-singleturn|p1b: Calyrex|Helping Hand|[of] p1a: Indeedee\n|move|p1b: Calyrex|Glacial Lance|p2a: Dondozo|[spread] p2a\n|-miss|p1b: Calyrex|p2b: Tatsugiri\n|-resisted|p2a: Dondozo\n|-damage|p2a: Dondozo|62/100\n|move|p2a: Dondozo|Earthquake|p1b: Calyrex|[spread] p1a,p1b\n|-miss|p2a: Dondozo|p2b: Tatsugiri\n|-damage|p1a: Indeedee|0 fnt\n|-damage|p1b: Calyrex|17/100\n|faint|p1a: Indeedee\n|\n|-heal|p2a: Dondozo|68/100|[from] item: Leftovers\n|upkeep\n|\n|t:|1772050032\n|switch|p1a: Amoonguss|Amoonguss, L50, F, shiny|100/100\n|turn|5\n|\n|t:|1772050039\n|move|p1a: Amoonguss|Clear Smog|p2a: Dondozo\n|-damage|p2a: Dondozo|60/100\n|-clearboost|p2a: Dondozo\n|move|p2a: Dondozo|Earthquake|p1a: Amoonguss|[spread] p1a,p1b\n|-miss|p2a: Dondozo|p2b: Tatsugiri\n|-damage|p1a: Amoonguss|81/100\n|-damage|p1b: Calyrex|4/100\n|move|p1b: Calyrex|Glacial Lance|p2b: Tatsugiri|[spread] p2a\n|-miss|p1b: Calyrex|p2b: Tatsugiri\n|-resisted|p2a: Dondozo\n|-damage|p2a: Dondozo|42/100\n|\n|-heal|p2a: Dondozo|48/100|[from] item: Leftovers\n|-fieldend|move: Trick Room\n|-fieldend|move: Psychic Terrain\n|upkeep\n|turn|6\n|\n|t:|1772050055\n|switch|p1b: Kyogre|Kyogre, L50, shiny|100/100\n|-weather|RainDance|[from] ability: Drizzle|[of] p1b: Kyogre\n|move|p2a: Dondozo|Earthquake|p1b: Kyogre|[spread] p1a,p1b\n|-miss|p2a: Dondozo|p2b: Tatsugiri\n|-damage|p1a: Amoonguss|62/100\n|-damage|p1b: Kyogre|80/100\n|move|p1a: Amoonguss|Spore|p2a: Dondozo\n|-status|p2a: Dondozo|slp|[from] move: Spore\n|\n|-weather|RainDance|[upkeep]\n|-heal|p2a: Dondozo|54/100 slp|[from] item: Leftovers\n|upkeep\n|turn|7\n|\n|t:|1772050071\n|move|p1b: Kyogre|Thunder|p2a: Dondozo\n|-supereffective|p2a: Dondozo\n|-crit|p2a: Dondozo\n|-damage|p2a: Dondozo|0 fnt\n|faint|p2a: Dondozo\n|move|p1a: Amoonguss|Energy Ball|p2b: Tatsugiri\n|-damage|p2b: Tatsugiri|60/100\n|-unboost|p2b: Tatsugiri|spd|1\n|\n|-weather|RainDance|[upkeep]\n|upkeep\n|\n|t:|1772050081\n|switch|p2a: Calyrex|Calyrex-Shadow, L50|20/100\n|-ability|p2a: Calyrex|As One\n|-ability|p2a: Calyrex|Unnerve\n|turn|8\n|\n|t:|1772050102\n|move|p2a: Calyrex|Astral Barrage|p1b: Kyogre|[spread] p1a,p1b\n|-damage|p1a: Amoonguss|11/100\n|-damage|p1b: Kyogre|57/100\n|move|p2b: Tatsugiri|Icy Wind|p1a: Amoonguss|[spread] p1a,p1b\n|-supereffective|p1a: Amoonguss\n|-resisted|p1b: Kyogre\n|-damage|p1a: Amoonguss|0 fnt\n|-damage|p1b: Kyogre|53/100\n|-unboost|p1b: Kyogre|spe|1\n|faint|p1a: Amoonguss\n|move|p1b: Kyogre|Thunder|p2a: Calyrex\n|-damage|p2a: Calyrex|0 fnt\n|faint|p2a: Calyrex\n|\n|-weather|RainDance|[upkeep]\n|upkeep\n|\n|t:|1772050115\n|switch|p2a: Zamazenta|Zamazenta-Crowned, L50|100/100\n|switch|p1a: Calyrex|Calyrex-Ice, L50, tera:Normal|4/100\n|-ability|p1a: Calyrex|As One\n|-ability|p1a: Calyrex|Unnerve\n|-ability|p2a: Zamazenta|Dauntless Shield|boost\n|-boost|p2a: Zamazenta|def|1\n|turn|9\n|\n|t:|1772050124\n|move|p2a: Zamazenta|Body Press|p1b: Kyogre\n|-damage|p1b: Kyogre|0 fnt\n|faint|p1b: Kyogre\n|move|p2b: Tatsugiri|Icy Wind|p1a: Calyrex\n|-crit|p1a: Calyrex\n|-damage|p1a: Calyrex|0 fnt\n|faint|p1a: Calyrex\n|\n|win|Xatseye\n|raw|j0l0k0's rating: 1514 &rarr; <strong>1499</strong><br />(-15 for losing)\n|raw|Xatseye's rating: 1602 &rarr; <strong>1617</strong><br />(+15 for winning)\n|l|\u2606j0l0k0\n|player|p1|\n|l|\u2606Xatseye\n|player|p2|\n","uploadtime":1772050268,"views":24,"formatid":"gen9vgc2026regi","rating":1499,"private":0,"password":null}