{"id":"gen9vgc2026regi-2549031295","format":"[Gen 9] VGC 2026 Reg I","players":["kelii","partigiano jonny"],"log":"|j|\u2606kelii\n|j|\u2606partigiano jonny\n|t:|1772298152\n|gametype|doubles\n|player|p1|kelii|dawn|1443\n|player|p2|partigiano jonny|volkner|1561\n|gen|9\n|tier|[Gen 9] VGC 2026 Reg I\n|rated|\n|rule|Species Clause: Limit one of each Pok\u00e9mon\n|rule|Item Clause: Limit 1 of each item\n|clearpoke\n|poke|p1|Miraidon, L50|\n|poke|p1|Groudon, L50|\n|poke|p1|Grimmsnarl, L50, M|\n|poke|p1|Farigiraf, L50, F|\n|poke|p1|Incineroar, L50, F|\n|poke|p1|Ditto, L50|\n|poke|p2|Terapagos, L50, M|\n|poke|p2|Miraidon, L50|\n|poke|p2|Incineroar, L50, F|\n|poke|p2|Iron Treads, L50|\n|poke|p2|Sinistcha, L50|\n|poke|p2|Urshifu-*, L50, F|\n|teampreview|4\n|inactive|Battle timer is ON: inactive players will automatically lose when time's up. (requested by kelii)\n|\n|t:|1772298181\n|teamsize|p1|4\n|teamsize|p2|4\n|start\n|switch|p1a: Miraidon|Miraidon, L50|100/100\n|switch|p1b: Incineroar|Incineroar, L50, F|100/100\n|switch|p2a: Terapagos|Terapagos, L50, M|100/100\n|switch|p2b: Miraidon|Miraidon, L50|100/100\n|-activate|p2a: Terapagos|ability: Tera Shift\n|detailschange|p2a: Terapagos|Terapagos-Terastal, L50, M\n|-heal|p2a: Terapagos|100/100|[silent]\n|-fieldstart|move: Electric Terrain|[from] ability: Hadron Engine|[of] p2b: Miraidon\n|-enditem|p2a: Terapagos|Electric Seed\n|-boost|p2a: Terapagos|def|1|[from] item: Electric Seed\n|-activate|p1a: Miraidon|ability: Hadron Engine\n|-ability|p1b: Incineroar|Intimidate|boost\n|-unboost|p2a: Terapagos|atk|1\n|-unboost|p2b: Miraidon|atk|1\n|turn|1\n|\n|t:|1772298199\n|switch|p2b: Iron Treads|Iron Treads, L50|100/100\n|-activate|p2b: Iron Treads|ability: Quark Drive\n|-start|p2b: Iron Treads|quarkdrivespe\n|switch|p1a: Groudon|Groudon, L50|100/100\n|-weather|SunnyDay|[from] ability: Drought|[of] p1a: Groudon\n|move|p2a: Terapagos|Protect|p2a: Terapagos\n|-singleturn|p2a: Terapagos|Protect\n|move|p1b: Incineroar|Fake Out|p2a: Terapagos\n|-activate|p2a: Terapagos|move: Protect\n|\n|-weather|SunnyDay|[upkeep]\n|upkeep\n|turn|2\n|inactive|kelii has 30 seconds left.\n|\n|t:|1772298233\n|-terastallize|p1b: Incineroar|Grass\n|move|p2b: Iron Treads|High Horsepower|p1b: Incineroar\n|-resisted|p1b: Incineroar\n|-crit|p1b: Incineroar\n|-damage|p1b: Incineroar|72/100\n|-damage|p2b: Iron Treads|91/100|[from] item: Life Orb\n|move|p1a: Groudon|Precipice Blades|p2b: Iron Treads|[spread] p2a,p2b\n|-activate|p2a: Terapagos|ability: Tera Shell\n|-resisted|p2a: Terapagos\n|-supereffective|p2b: Iron Treads\n|-damage|p2a: Terapagos|87/100\n|-damage|p2b: Iron Treads|0 fnt\n|faint|p2b: Iron Treads\n|-end|p2b: Iron Treads|Quark Drive|[silent]\n|move|p2a: Terapagos|Calm Mind|p2a: Terapagos\n|-boost|p2a: Terapagos|spa|1\n|-boost|p2a: Terapagos|spd|1\n|move|p1b: Incineroar|Parting Shot|p2a: Terapagos\n|-unboost|p2a: Terapagos|atk|1\n|-unboost|p2a: Terapagos|spa|1\n|\n|t:|1772298257\n|switch|p1b: Grimmsnarl|Grimmsnarl, L50, M|100/100|[from] Parting Shot\n|\n|-weather|SunnyDay|[upkeep]\n|upkeep\n|\n|t:|1772298262\n|switch|p2b: Miraidon|Miraidon, L50|100/100\n|-activate|p2b: Miraidon|ability: Hadron Engine\n|turn|3\n|\n|t:|1772298278\n|move|p2b: Miraidon|Volt Switch|p1b: Grimmsnarl\n|-damage|p1b: Grimmsnarl|39/100\n|\n|t:|1772298281\n|switch|p2b: Sinistcha|Sinistcha, L50|100/100|[from] Volt Switch\n|-heal|p2a: Terapagos|100/100|[from] ability: Hospitality|[of] p2b: Sinistcha\n|move|p1a: Groudon|Heat Crash|p2b: Sinistcha\n|-supereffective|p2b: Sinistcha\n|-enditem|p2b: Sinistcha|Focus Sash\n|-damage|p2b: Sinistcha|1/100\n|move|p2a: Terapagos|Calm Mind|p2a: Terapagos\n|-boost|p2a: Terapagos|spa|1\n|-boost|p2a: Terapagos|spd|1\n|move|p1b: Grimmsnarl|Spirit Break|p2a: Terapagos\n|-activate|p2a: Terapagos|ability: Tera Shell\n|-resisted|p2a: Terapagos\n|-damage|p2a: Terapagos|92/100\n|-unboost|p2a: Terapagos|spa|1\n|\n|-weather|SunnyDay|[upkeep]\n|upkeep\n|turn|4\n|inactive|kelii has 30 seconds left.\n|inactive|partigiano jonny has 30 seconds left.\n|\n|t:|1772298311\n|-terastallize|p2a: Terapagos|Stellar\n|detailschange|p2a: Terapagos|Terapagos-Stellar, L50, M, tera:Stellar\n|-heal|p2a: Terapagos|94/100|[silent]\n|-ability|p2a: Terapagos|Teraform Zero\n|-weather|none\n|-fieldend|move: Electric Terrain\n|move|p2b: Sinistcha|Protect|p2b: Sinistcha\n|-singleturn|p2b: Sinistcha|Protect\n|move|p1b: Grimmsnarl|Light Screen|p1b: Grimmsnarl\n|-sidestart|p1: kelii|move: Light Screen\n|move|p1a: Groudon|Precipice Blades|p2b: Sinistcha|[spread] p2a\n|-activate|p2b: Sinistcha|move: Protect\n|-damage|p2a: Terapagos|74/100\n|move|p2a: Terapagos|Tera Starstorm|p1b: Grimmsnarl|[spread] p1a,p1b\n|-damage|p1a: Groudon|79/100\n|-damage|p1b: Grimmsnarl|14/100\n|\n|-heal|p1a: Groudon|85/100|[from] item: Leftovers\n|upkeep\n|turn|5\n|\n|t:|1772298331\n|move|p2b: Sinistcha|Rage Powder|p2b: Sinistcha\n|-singleturn|p2b: Sinistcha|move: Rage Powder\n|move|p1a: Groudon|Precipice Blades|p2b: Sinistcha|[spread] p2a,p2b\n|-resisted|p2b: Sinistcha\n|-damage|p2a: Terapagos|56/100\n|-damage|p2b: Sinistcha|0 fnt\n|faint|p2b: Sinistcha\n|move|p2a: Terapagos|Tera Starstorm|p1b: Grimmsnarl|[spread] p1a,p1b\n|-damage|p1a: Groudon|64/100\n|-damage|p1b: Grimmsnarl|0 fnt\n|faint|p1b: Grimmsnarl\n|\n|-heal|p1a: Groudon|70/100|[from] item: Leftovers\n|upkeep\n|\n|t:|1772298342\n|switch|p2b: Miraidon|Miraidon, L50|100/100\n|switch|p1b: Incineroar|Incineroar, L50, F, tera:Grass|72/100\n|-fieldstart|move: Electric Terrain|[from] ability: Hadron Engine|[of] p2b: Miraidon\n|-ability|p1b: Incineroar|Intimidate|boost\n|-unboost|p2a: Terapagos|atk|1\n|-unboost|p2b: Miraidon|atk|1\n|turn|6\n|\n|t:|1772298351\n|move|p1b: Incineroar|Fake Out|p2a: Terapagos\n|-damage|p2a: Terapagos|51/100\n|move|p2b: Miraidon|Draco Meteor|p1a: Groudon|[miss]\n|-miss|p2b: Miraidon|p1a: Groudon\n|move|p1a: Groudon|Precipice Blades|p2b: Miraidon|[spread] \n|-miss|p1a: Groudon|p2a: Terapagos\n|-miss|p1a: Groudon|p2b: Miraidon\n|cant|p2a: Terapagos|flinch\n|\n|-heal|p1a: Groudon|75/100|[from] item: Leftovers\n|upkeep\n|turn|7\n|\n|t:|1772298376\n|move|p2b: Miraidon|Draco Meteor|p1a: Groudon\n|-damage|p1a: Groudon|25/100\n|-unboost|p2b: Miraidon|spa|2\n|move|p1a: Groudon|Precipice Blades|p2b: Miraidon|[spread] p2a,p2b\n|-supereffective|p2b: Miraidon\n|-damage|p2a: Terapagos|30/100\n|-damage|p2b: Miraidon|7/100\n|move|p2a: Terapagos|Tera Starstorm|p1b: Incineroar|[spread] p1a,p1b\n|-supereffective|p1b: Incineroar\n|-damage|p1a: Groudon|4/100\n|-damage|p1b: Incineroar|21/100\n|move|p1b: Incineroar|Parting Shot|p2a: Terapagos\n|-unboost|p2a: Terapagos|atk|1\n|-unboost|p2a: Terapagos|spa|1\n|\n|t:|1772298389\n|switch|p1b: Miraidon|Miraidon, L50|100/100|[from] Parting Shot\n|-activate|p1b: Miraidon|ability: Hadron Engine\n|\n|-heal|p1a: Groudon|10/100|[from] item: Leftovers\n|upkeep\n|turn|8\n|\n|t:|1772298406\n|move|p1a: Groudon|Helping Hand|p1b: Miraidon\n|-singleturn|p1b: Miraidon|Helping Hand|[of] p1a: Groudon\n|move|p2b: Miraidon|Draco Meteor|p1b: Miraidon\n|-supereffective|p1b: Miraidon\n|-damage|p1b: Miraidon|71/100\n|-unboost|p2b: Miraidon|spa|2\n|move|p1b: Miraidon|Parabolic Charge|p2a: Terapagos|[spread] p2a,p2b\n|-immune|p1a: Groudon\n|-resisted|p2b: Miraidon\n|-damage|p2a: Terapagos|7/100\n|-heal|p1b: Miraidon|86/100|[from] drain|[of] p2a: Terapagos\n|-damage|p2b: Miraidon|0 fnt\n|-heal|p1b: Miraidon|89/100|[from] drain|[of] p2b: Miraidon\n|faint|p2b: Miraidon\n|move|p2a: Terapagos|Tera Starstorm|p1b: Miraidon|[spread] p1a,p1b\n|-damage|p1a: Groudon|0 fnt\n|-damage|p1b: Miraidon|80/100\n|faint|p1a: Groudon\n|\n|upkeep\n|\n|t:|1772298422\n|switch|p1a: Incineroar|Incineroar, L50, F, tera:Grass|21/100\n|-ability|p1a: Incineroar|Intimidate|boost\n|-unboost|p2a: Terapagos|atk|1\n|turn|9\n|\n|t:|1772298427\n|move|p2a: Terapagos|Protect|p2a: Terapagos\n|-singleturn|p2a: Terapagos|Protect\n|move|p1a: Incineroar|Fake Out|p2a: Terapagos\n|-activate|p2a: Terapagos|move: Protect\n|move|p1b: Miraidon|Parabolic Charge|p2a: Terapagos|[spread] p1a\n|-activate|p2a: Terapagos|move: Protect\n|-resisted|p1a: Incineroar\n|-crit|p1a: Incineroar\n|-damage|p1a: Incineroar|0 fnt\n|-heal|p1b: Miraidon|90/100|[from] drain|[of] p1a: Incineroar\n|faint|p1a: Incineroar\n|\n|upkeep\n|turn|10\n|\n|t:|1772298437\n|move|p2a: Terapagos|Protect||[still]\n|-fail|p2a: Terapagos\n|move|p1b: Miraidon|Electro Drift|p2a: Terapagos\n|-damage|p2a: Terapagos|0 fnt\n|faint|p2a: Terapagos\n|detailschange|p2: Terapagos|Terapagos, L50, M|[silent]\n|\n|win|kelii\n|raw|kelii's rating: 1443 &rarr; <strong>1470</strong><br />(+27 for winning)\n|raw|partigiano jonny's rating: 1561 &rarr; <strong>1534</strong><br />(-27 for losing)\n|l|\u2606partigiano jonny\n|player|p2|\n|l|\u2606kelii\n|player|p1|\n","uploadtime":1772298438,"views":19,"formatid":"gen9vgc2026regi","rating":1470,"private":0,"password":null}