{"id":"gen9vgc2026regi-2591255579","format":"[Gen 9] VGC 2026 Reg I","players":["reecemachine","grandmakicker99"],"log":"|j|\u2606reecemachine\n|j|\u2606grandmakicker99\n|t:|1776884614\n|gametype|doubles\n|player|p1|reecemachine|170|1453\n|player|p2|grandmakicker99|1|1400\n|gen|9\n|tier|[Gen 9] VGC 2026 Reg I\n|rated|\n|rule|Species Clause: Limit one of each Pok\u00e9mon\n|rule|Item Clause: Limit 1 of each item\n|clearpoke\n|poke|p1|Calyrex-Ice, L50|\n|poke|p1|Kyogre, L50|\n|poke|p1|Grimmsnarl, L50, M|\n|poke|p1|Incineroar, L50, M|\n|poke|p1|Rillaboom, L50, F|\n|poke|p1|Basculegion, L50, M|\n|poke|p2|Calyrex-Ice, L50|\n|poke|p2|Scraggy, L50, M|\n|poke|p2|Miraidon, L50|\n|poke|p2|Farigiraf, L50, M|\n|poke|p2|Iron Treads, L50|\n|poke|p2|Iron Hands, L50|\n|teampreview|4\n|inactive|Battle timer is ON: inactive players will automatically lose when time's up. (requested by grandmakicker99)\n|inactive|reecemachine has 60 seconds left.\n|inactive|grandmakicker99 has 60 seconds left.\n|\n|t:|1776884671\n|teamsize|p1|4\n|teamsize|p2|4\n|start\n|switch|p1a: Grimmsnarl|Grimmsnarl, L50, M|100/100\n|switch|p1b: Basculegion|Basculegion, L50, M|100/100\n|switch|p2a: Miraidon|Miraidon, L50|100/100\n|switch|p2b: Farigiraf|Farigiraf, L50, M|100/100\n|-fieldstart|move: Electric Terrain|[from] ability: Hadron Engine|[of] p2a: Miraidon\n|-enditem|p2b: Farigiraf|Electric Seed\n|-boost|p2b: Farigiraf|def|1|[from] item: Electric Seed\n|turn|1\n|inactive|reecemachine has 30 seconds left.\n|inactive|reecemachine has 20 seconds left.\n|\n|t:|1776884711\n|switch|p1b: Rillaboom|Rillaboom, L50, F|100/100\n|-fieldstart|move: Grassy Terrain|[from] ability: Grassy Surge|[of] p1b: Rillaboom\n|move|p1a: Grimmsnarl|Light Screen|p1a: Grimmsnarl\n|-sidestart|p1: reecemachine|move: Light Screen\n|move|p2a: Miraidon|Electro Drift|p1a: Grimmsnarl\n|-damage|p1a: Grimmsnarl|46/100\n|move|p2b: Farigiraf|Trick Room|p2b: Farigiraf\n|-fieldstart|move: Trick Room|[of] p2b: Farigiraf\n|\n|-heal|p1a: Grimmsnarl|51/100|[from] Grassy Terrain\n|upkeep\n|turn|2\n|inactive|reecemachine has 30 seconds left.\n|inactive|grandmakicker99 has 30 seconds left.\n|inactive|reecemachine has 20 seconds left.\n|inactive|reecemachine has 15 seconds left.\n|\n|t:|1776884753\n|switch|p2b: Scraggy|Scraggy, L50, M|100/100\n|-ability|p2b: Scraggy|Intimidate|boost\n|-unboost|p1a: Grimmsnarl|atk|1\n|-unboost|p1b: Rillaboom|atk|1\n|move|p1a: Grimmsnarl|Parting Shot|p2a: Miraidon\n|-unboost|p2a: Miraidon|atk|1\n|-unboost|p2a: Miraidon|spa|1\n|\n|t:|1776884768\n|switch|p1a: Kyogre|Kyogre, L50|100/100|[from] Parting Shot\n|-weather|RainDance|[from] ability: Drizzle|[of] p1a: Kyogre\n|move|p1b: Rillaboom|U-turn|p2b: Scraggy\n|-damage|p2b: Scraggy|87/100\n|\n|t:|1776884779\n|switch|p1b: Grimmsnarl|Grimmsnarl, L50, M|51/100|[from] U-turn\n|move|p2a: Miraidon|Electro Drift|p1a: Kyogre\n|-supereffective|p1a: Kyogre\n|-damage|p1a: Kyogre|46/100\n|\n|-weather|RainDance|[upkeep]\n|-heal|p2b: Scraggy|93/100|[from] Grassy Terrain\n|-heal|p1b: Grimmsnarl|57/100|[from] Grassy Terrain\n|-heal|p1a: Kyogre|52/100|[from] Grassy Terrain\n|-heal|p1a: Kyogre|58/100|[from] item: Leftovers\n|upkeep\n|turn|3\n|inactive|reecemachine has 30 seconds left.\n|\n|t:|1776884806\n|-terastallize|p1a: Kyogre|Grass\n|move|p2b: Scraggy|Fake Out|p1a: Kyogre\n|-damage|p1a: Kyogre|52/100\n|move|p1b: Grimmsnarl|Parting Shot|p2a: Miraidon\n|-unboost|p2a: Miraidon|atk|1\n|-unboost|p2a: Miraidon|spa|1\n|\n|t:|1776884825\n|switch|p1b: Rillaboom|Rillaboom, L50, F|100/100|[from] Parting Shot\n|cant|p1a: Kyogre|flinch\n|move|p2a: Miraidon|Electro Drift|p1a: Kyogre\n|-resisted|p1a: Kyogre\n|-damage|p1a: Kyogre|43/100\n|\n|-weather|RainDance|[upkeep]\n|-heal|p2b: Scraggy|98/100|[from] Grassy Terrain\n|-heal|p1a: Kyogre|49/100|[from] Grassy Terrain\n|-heal|p1a: Kyogre|55/100|[from] item: Leftovers\n|upkeep\n|turn|4\n|inactive|grandmakicker99 has 30 seconds left.\n|\n|t:|1776884852\n|switch|p2a: Farigiraf|Farigiraf, L50, M|100/100\n|move|p1b: Rillaboom|Fake Out||[still]\n|cant|p2a: Farigiraf|ability: Armor Tail|Fake Out|[of] p1b: Rillaboom\n|move|p2b: Scraggy|Endeavor|p1b: Rillaboom\n|-damage|p1b: Rillaboom|60/100\n|move|p1a: Kyogre|Calm Mind|p1a: Kyogre\n|-boost|p1a: Kyogre|spa|1\n|-boost|p1a: Kyogre|spd|1\n|\n|-weather|RainDance|[upkeep]\n|-heal|p2b: Scraggy|100/100|[from] Grassy Terrain\n|-heal|p1a: Kyogre|61/100|[from] Grassy Terrain\n|-heal|p1a: Kyogre|67/100|[from] item: Leftovers\n|-heal|p1b: Rillaboom|66/100|[from] Grassy Terrain\n|upkeep\n|turn|5\n|inactive|reecemachine has 30 seconds left.\n|\n|t:|1776884883\n|move|p2b: Scraggy|Endeavor|p1a: Kyogre\n|-damage|p1a: Kyogre|61/100\n|move|p2a: Farigiraf|Psychic|p1a: Kyogre\n|-damage|p1a: Kyogre|52/100\n|move|p1a: Kyogre|Calm Mind|p1a: Kyogre\n|-boost|p1a: Kyogre|spa|1\n|-boost|p1a: Kyogre|spd|1\n|move|p1b: Rillaboom|U-turn|p2a: Farigiraf\n|-supereffective|p2a: Farigiraf\n|-damage|p2a: Farigiraf|69/100\n|-message|grandmakicker99 forfeited.\n|\n|win|reecemachine\n|raw|reecemachine's rating: 1453 &rarr; <strong>1470</strong><br />(+17 for winning)\n|raw|grandmakicker99's rating: 1400 &rarr; <strong>1383</strong><br />(-17 for losing)\n|l|\u2606grandmakicker99\n|player|p2|\n|l|\u2606reecemachine\n|player|p1|\n","uploadtime":1776885064,"views":10,"formatid":"gen9vgc2026regi","rating":1383,"private":0,"password":null}