{"id":"gen9vgc2026regi-2560586363","format":"[Gen 9] VGC 2026 Reg I","players":["pigs2fly","Than man3.14"],"log":"|j|\u2606pigs2fly\n|j|\u2606Than man3.14\n|html|<table width=\"100%\"><tr><td align=\"left\">pigs2fly</td><td align=\"right\">Than man3.14</tr><tr><td align=\"left\"><i class=\"fa fa-circle-o\"></i> <i class=\"fa fa-circle-o\"></i> </td><td align=\"right\"><i class=\"fa fa-circle-o\"></i> <i class=\"fa fa-circle\"></i> </tr></table>\n|uhtml|bestof|<h2><strong>Game 2</strong> of <a href=\"/game-bestof3-gen9vgc2026regi-2560582087\">a best-of-3</a></h2>\n|t:|1773701765\n|gametype|doubles\n|player|p1|pigs2fly|dexio|\n|player|p2|Than man3.14|steven|\n|gen|9\n|tier|[Gen 9] VGC 2026 Reg I\n|rule|Species Clause: Limit one of each Pok\u00e9mon\n|rule|Item Clause: Limit 1 of each item\n|raw|<div class=\"infobox\"><details class=\"readmore\" open><summary><strong>1 custom rule:</strong></summary> Best of = 3</details></div>\n|clearpoke\n|poke|p1|Ursaluna, L50, F|\n|poke|p1|Cresselia, L50, F|\n|poke|p1|Amoonguss, L50, M|\n|poke|p1|Basculegion, L50, M|\n|poke|p1|Zamazenta-*, L50|\n|poke|p1|Kyogre, L50|\n|poke|p2|Koraidon, L50|\n|poke|p2|Flutter Mane, L50|\n|poke|p2|Chi-Yu, L50|\n|poke|p2|Brute Bonnet, L50|\n|poke|p2|Lunala, L50|\n|poke|p2|Ursaluna, L50, M|\n|teampreview|4\nThan man3.14 has agreed to open team sheets.\npigs2fly has agreed to open team sheets.\n|showteam|p1|Ursaluna||FlameOrb|Guts|Protect,Facade,Substitute,Earthquake|||F|||50|,,,,,Ghost]Cresselia||SafetyGoggles|Levitate|TrickRoom,LunarBlessing,HelpingHand,DazzlingGleam|||F|||50|,,,,,Dark]Amoonguss||CovertCloak|Regenerator|Protect,Spore,PollenPuff,RagePowder|||M|||50|,,,,,Fire]Basculegion||LifeOrb|SwiftSwim|Protect,AquaJet,WaveCrash,LastRespects|||M|||50|,,,,,Water]Zamazenta-Crowned||RustedShield|DauntlessShield|Imprison,BodyPress,WideGuard,HeavySlam||||||50|,,,,,Ghost]Kyogre||MysticWater|Drizzle|Protect,IceBeam,WaterSpout,OriginPulse||||||50|,,,,,Grass\n|showteam|p2|Koraidon||LifeOrb|OrichalcumPulse|CloseCombat,FlareBlitz,FlameCharge,Protect||||||50|,,,,,Fire]Flutter Mane||FocusSash|Protosynthesis|Moonblast,ShadowBall,IcyWind,Protect||||||50|,,,,,Stellar]Chi-Yu||ChoiceScarf|BeadsofRuin|HeatWave,Overheat,DarkPulse,Snarl||||||50|,,,,,Ghost]Brute Bonnet||CovertCloak|Protosynthesis|Spore,RagePowder,SeedBomb,SuckerPunch||||||50|,,,,,Water]Lunala||PowerHerb|ShadowShield|MeteorBeam,MoongeistBeam,WideGuard,TrickRoom||||||50|,,,,,Fairy]Ursaluna||FlameOrb|Guts|Facade,HeadlongRush,Earthquake,Protect|||M|||50|,,,,,Ghost\n|\n|t:|1773701807\n|teamsize|p1|4\n|teamsize|p2|4\n|start\n|switch|p1a: Kyogre|Kyogre, L50|100/100\n|switch|p1b: Cresselia|Cresselia, L50, F|100/100\n|switch|p2a: Flutter Mane|Flutter Mane, L50, shiny|100/100\n|switch|p2b: Chi-Yu|Chi-Yu, L50, shiny|100/100\n|-ability|p2b: Chi-Yu|Beads of Ruin\n|-weather|RainDance|[from] ability: Drizzle|[of] p1a: Kyogre\n|turn|1\n|\n|t:|1773701825\n|-end|p2a: Flutter Mane|Protosynthesis|[silent]\n|switch|p2a: Koraidon|Koraidon, L50, shiny|100/100\n|-weather|SunnyDay|[from] ability: Orichalcum Pulse|[of] p2a: Koraidon\n|-activate|p2a: Koraidon|Orichalcum Pulse|[source]\n|-terastallize|p1b: Cresselia|Dark\n|move|p2b: Chi-Yu|Overheat|p1b: Cresselia\n|-crit|p1b: Cresselia\n|-damage|p1b: Cresselia|0 fnt\n|-unboost|p2b: Chi-Yu|spa|2\n|faint|p1b: Cresselia\n|move|p1a: Kyogre|Ice Beam|p2a: Koraidon\n|-supereffective|p2a: Koraidon\n|-damage|p2a: Koraidon|3/100\n|\n|-weather|SunnyDay|[upkeep]\n|upkeep\n|j| iforgetwhyimhere\u2661@!\n|\n|t:|1773701839\n|switch|p1b: Amoonguss|Amoonguss, L50, M|100/100\n|turn|2\n|\n|t:|1773701858\n|move|p1b: Amoonguss|Protect|p1b: Amoonguss\n|-singleturn|p1b: Amoonguss|Protect\n|move|p2b: Chi-Yu|Overheat|p1b: Amoonguss\n|-activate|p1b: Amoonguss|move: Protect\n|move|p2a: Koraidon|Close Combat|p1a: Kyogre\n|-damage|p1a: Kyogre|13/100\n|-unboost|p2a: Koraidon|def|1\n|-unboost|p2a: Koraidon|spd|1\n|-damage|p2a: Koraidon|0 fnt|[from] item: Life Orb\n|faint|p2a: Koraidon\n|move|p1a: Kyogre|Origin Pulse|p2b: Chi-Yu\n|-supereffective|p2b: Chi-Yu\n|-damage|p2b: Chi-Yu|21/100\n|\n|-weather|SunnyDay|[upkeep]\n|upkeep\n|\n|t:|1773701869\n|switch|p2a: Flutter Mane|Flutter Mane, L50, shiny|100/100\n|-activate|p2a: Flutter Mane|ability: Protosynthesis\n|-start|p2a: Flutter Mane|protosynthesisspe\n|turn|3\n|\n|t:|1773701885\n|switch|p1a: Ursaluna|Ursaluna, L50, F|100/100\n|move|p1b: Amoonguss|Protect||[still]\n|-fail|p1b: Amoonguss\n|move|p2a: Flutter Mane|Shadow Ball|p1b: Amoonguss\n|-damage|p1b: Amoonguss|51/100\n|move|p2b: Chi-Yu|Overheat|p1a: Ursaluna|[miss]\n|-miss|p2b: Chi-Yu|p1a: Ursaluna\n|\n|-weather|SunnyDay|[upkeep]\n|-status|p1a: Ursaluna|brn|[from] item: Flame Orb\n|upkeep\n|turn|4\n|\n|t:|1773701914\n|switch|p1b: Kyogre|Kyogre, L50|13/100\n|-weather|RainDance|[from] ability: Drizzle|[of] p1b: Kyogre\n|-end|p2a: Flutter Mane|Protosynthesis\n|-terastallize|p2a: Flutter Mane|Stellar\n|move|p2b: Chi-Yu|Overheat|p1a: Ursaluna\n|-damage|p1a: Ursaluna|80/100 brn\n|-unboost|p2b: Chi-Yu|spa|2\n|move|p2a: Flutter Mane|Shadow Ball|p1b: Kyogre\n|-damage|p1b: Kyogre|0 fnt\n|faint|p1b: Kyogre\n|move|p1a: Ursaluna|Earthquake|p2a: Flutter Mane|[spread] p2a,p2b\n|-supereffective|p2b: Chi-Yu\n|-enditem|p2a: Flutter Mane|Focus Sash\n|-damage|p2a: Flutter Mane|1/100\n|-damage|p2b: Chi-Yu|0 fnt\n|faint|p2b: Chi-Yu\n|\n|-weather|RainDance|[upkeep]\n|-damage|p1a: Ursaluna|74/100 brn|[from] brn\n|upkeep\n|\n|t:|1773701927\n|switch|p2b: Brute Bonnet|Brute Bonnet, L50, shiny|100/100\n|switch|p1b: Amoonguss|Amoonguss, L50, M|84/100\n|turn|5\n|\n|t:|1773701949\n|move|p1a: Ursaluna|Protect|p1a: Ursaluna\n|-singleturn|p1a: Ursaluna|Protect\n|move|p2a: Flutter Mane|Icy Wind|p1a: Ursaluna|[spread] p1b\n|-activate|p1a: Ursaluna|move: Protect\n|-supereffective|p1b: Amoonguss\n|-damage|p1b: Amoonguss|47/100\n|move|p2b: Brute Bonnet|Seed Bomb|p1a: Ursaluna\n|-activate|p1a: Ursaluna|move: Protect\n|move|p1b: Amoonguss|Pollen Puff|p2a: Flutter Mane\n|-resisted|p2a: Flutter Mane\n|-damage|p2a: Flutter Mane|0 fnt\n|faint|p2a: Flutter Mane\n|-end|p2a: Flutter Mane|Protosynthesis|[silent]\n|\n|-weather|RainDance|[upkeep]\n|-damage|p1a: Ursaluna|68/100 brn|[from] brn\n|upkeep\n|turn|6\n|\n|t:|1773701974\n|move|p2b: Brute Bonnet|Seed Bomb|p1a: Ursaluna\n|-supereffective|p1a: Ursaluna\n|-damage|p1a: Ursaluna|17/100 brn\n|move|p1a: Ursaluna|Facade|p2b: Brute Bonnet\n|-damage|p2b: Brute Bonnet|31/100\n|move|p1b: Amoonguss|Pollen Puff|p2b: Brute Bonnet\n|-supereffective|p2b: Brute Bonnet\n|-damage|p2b: Brute Bonnet|0 fnt\n|faint|p2b: Brute Bonnet\n|-end|p2b: Brute Bonnet|Protosynthesis|[silent]\n|\n|win|pigs2fly\n||pigs2fly is ready for game 3.\n||Than man3.14 is ready for game 3.\n|uhtml|next|Next: <a href=\"/battle-gen9vgc2026regi-2560588538\"><strong>Game 3 of 3</strong></a>\n|l| iforgetwhyimhere\u2661\n","uploadtime":1773702369,"views":9,"formatid":"gen9vgc2026regi","rating":null,"private":0,"password":null}