{"id":"gen9vgc2026regi-2579239347","format":"[Gen 9] VGC 2026 Reg I","players":["gurik","Luca8"],"log":"|j|\u2606gurik\n|j|\u2606Luca8\n|t:|1775763160\n|gametype|doubles\n|player|p1|gurik|cynthia-gen4|1495\n|player|p2|Luca8|flint|1464\n|gen|9\n|tier|[Gen 9] VGC 2026 Reg I\n|rated|\n|rule|Species Clause: Limit one of each Pok\u00e9mon\n|rule|Item Clause: Limit 1 of each item\n|clearpoke\n|poke|p1|Calyrex-Shadow, L50|\n|poke|p1|Indeedee-F, L50, F|\n|poke|p1|Zamazenta-*, L50|\n|poke|p1|Landorus-Therian, L50, M|\n|poke|p1|Gastrodon-East, L50, F|\n|poke|p1|Kingambit, L50, F|\n|poke|p2|Zamazenta-*, L50|\n|poke|p2|Calyrex-Shadow, L50|\n|poke|p2|Indeedee-F, L50, F|\n|poke|p2|Torkoal, L50, F|\n|poke|p2|Fezandipiti, L50, M|\n|poke|p2|Pelipper, L50, M|\n|teampreview|4\n|\n|t:|1775763189\n|teamsize|p1|4\n|teamsize|p2|4\n|start\n|switch|p1a: Landorus|Landorus-Therian, L50, M|100/100\n|switch|p1b: Zamazenta|Zamazenta-Crowned, L50|100/100\n|switch|p2a: Fezandipiti|Fezandipiti, L50, M|100/100\n|switch|p2b: Zamazenta|Zamazenta-Crowned, L50|100/100\n|-ability|p1a: Landorus|Intimidate|boost\n|-unboost|p2a: Fezandipiti|atk|1\n|-unboost|p2b: Zamazenta|atk|1\n|-ability|p1b: Zamazenta|Dauntless Shield|boost\n|-boost|p1b: Zamazenta|def|1\n|-ability|p2b: Zamazenta|Dauntless Shield|boost\n|-boost|p2b: Zamazenta|def|1\n|turn|1\n|\n|t:|1775763227\n|-terastallize|p1b: Zamazenta|Water\n|-terastallize|p2b: Zamazenta|Fighting\n|move|p1a: Landorus|Stomping Tantrum|p2b: Zamazenta\n|-damage|p2b: Zamazenta|83/100\n|move|p1b: Zamazenta|Heavy Slam|p2a: Fezandipiti\n|-supereffective|p2a: Fezandipiti\n|-damage|p2a: Fezandipiti|23/100\n|move|p2b: Zamazenta|Body Press|p1b: Zamazenta\n|-damage|p1b: Zamazenta|69/100\n|move|p2a: Fezandipiti|Icy Wind|p1b: Zamazenta|[spread] p1a,p1b\n|-supereffective|p1a: Landorus\n|-resisted|p1b: Zamazenta\n|-damage|p1a: Landorus|67/100\n|-damage|p1b: Zamazenta|67/100\n|-unboost|p1a: Landorus|spe|1\n|-unboost|p1b: Zamazenta|spe|1\n|-status|p1b: Zamazenta|tox|[from] ability: Toxic Chain|[of] p2a: Fezandipiti\n|\n|-damage|p1b: Zamazenta|61/100 tox|[from] psn\n|upkeep\n|turn|2\n|\n|t:|1775763273\n|move|p1a: Landorus|Stomping Tantrum|p2a: Fezandipiti\n|-supereffective|p2a: Fezandipiti\n|-damage|p2a: Fezandipiti|0 fnt\n|faint|p2a: Fezandipiti\n|move|p2b: Zamazenta|Heavy Slam|p1a: Landorus\n|-damage|p1a: Landorus|33/100\n|move|p1b: Zamazenta|Body Press|p2b: Zamazenta\n|-damage|p2b: Zamazenta|59/100\n|\n|-damage|p1b: Zamazenta|49/100 tox|[from] psn\n|upkeep\n|\n|t:|1775763289\n|switch|p2a: Calyrex|Calyrex-Shadow, L50|100/100\n|-ability|p2a: Calyrex|As One\n|-ability|p2a: Calyrex|Unnerve\n|turn|3\n|\n|t:|1775763308\n|move|p1b: Zamazenta|Wide Guard|p1b: Zamazenta\n|-singleturn|p1b: Zamazenta|Wide Guard\n|move|p2a: Calyrex|Encore|p1b: Zamazenta\n|-start|p1b: Zamazenta|Encore\n|move|p1a: Landorus|Stomping Tantrum|p2a: Calyrex\n|-damage|p2a: Calyrex|51/100\n|move|p2b: Zamazenta|Heavy Slam|p1a: Landorus\n|-damage|p1a: Landorus|0 fnt\n|faint|p1a: Landorus\n|\n|-damage|p1b: Zamazenta|30/100 tox|[from] psn\n|upkeep\n|\n|t:|1775763317\n|switch|p1a: Calyrex|Calyrex-Shadow, L50|100/100\n|-ability|p1a: Calyrex|As One\n|-ability|p1a: Calyrex|Unnerve\n|turn|4\n|\n|t:|1775763337\n|move|p2a: Calyrex|Protect|p2a: Calyrex\n|-singleturn|p2a: Calyrex|Protect\n|move|p1b: Zamazenta|Wide Guard|p1b: Zamazenta\n|-singleturn|p1b: Zamazenta|Wide Guard\n|move|p1a: Calyrex|Expanding Force|p2b: Zamazenta\n|-supereffective|p2b: Zamazenta\n|-damage|p2b: Zamazenta|0 fnt\n|faint|p2b: Zamazenta\n|-ability|p1a: Calyrex|Grim Neigh|boost\n|-boost|p1a: Calyrex|spa|1\n|\n|-damage|p1b: Zamazenta|6/100 tox|[from] psn\n|upkeep\n|\n|t:|1775763353\n|switch|p2b: Indeedee|Indeedee-F, L50, F|100/100\n|-fieldstart|move: Psychic Terrain|[from] ability: Psychic Surge|[of] p2b: Indeedee\n|turn|5\n|\n|t:|1775763367\n|move|p1b: Zamazenta|Wide Guard|p1b: Zamazenta\n|-singleturn|p1b: Zamazenta|Wide Guard\n|move|p1a: Calyrex|Expanding Force|p2a: Calyrex|[spread] p2a,p2b\n|-resisted|p2a: Calyrex\n|-resisted|p2b: Indeedee\n|-damage|p2a: Calyrex|0 fnt\n|-damage|p2b: Indeedee|49/100\n|faint|p2a: Calyrex\n|-ability|p1a: Calyrex|Grim Neigh|boost\n|-boost|p1a: Calyrex|spa|1\n|move|p2b: Indeedee|Shadow Ball|p1a: Calyrex\n|-supereffective|p1a: Calyrex\n|-damage|p1a: Calyrex|23/100\n|\n|-damage|p1b: Zamazenta|0 fnt|[from] psn\n|faint|p1b: Zamazenta\n|upkeep\n|\n|t:|1775763372\n|switch|p1b: Gastrodon|Gastrodon-East, L50, F|100/100\n|turn|6\n|\n|t:|1775763388\n|move|p1a: Calyrex|Expanding Force|p2b: Indeedee\n|-resisted|p2b: Indeedee\n|-damage|p2b: Indeedee|0 fnt\n|faint|p2b: Indeedee\n|\n|win|gurik\n|raw|gurik's rating: 1495 &rarr; <strong>1513</strong><br />(+18 for winning)\n|raw|Luca8's rating: 1464 &rarr; <strong>1446</strong><br />(-18 for losing)\n|l|\u2606Luca8\n|player|p2|\n|l|\u2606gurik\n|player|p1|\n","uploadtime":1775763596,"views":10,"formatid":"gen9vgc2026regi","rating":1446,"private":0,"password":null}