{"id":"gen9vgc2026regi-2553928253","format":"[Gen 9] VGC 2026 Reg I","players":["bullgod4ever","ihatecalyrexes"],"log":"|j|\u2606bullgod4ever\n|j|\u2606ihatecalyrexes\n|t:|1772900818\n|gametype|doubles\n|player|p1|bullgod4ever|169|1503\n|player|p2|ihatecalyrexes|hilbert|1425\n|gen|9\n|tier|[Gen 9] VGC 2026 Reg I\n|rated|\n|rule|Species Clause: Limit one of each Pok\u00e9mon\n|rule|Item Clause: Limit 1 of each item\n|clearpoke\n|poke|p1|Calyrex-Shadow, L50|\n|poke|p1|Zamazenta-*, L50|\n|poke|p1|Chien-Pao, L50|\n|poke|p1|Dragonite, L50, F|\n|poke|p1|Amoonguss, L50, M|\n|poke|p1|Ogerpon-Cornerstone, L50, F|\n|poke|p2|Brute Bonnet, L50|\n|poke|p2|Lunala, L50|\n|poke|p2|Ursaluna, L50, M|\n|poke|p2|Chi-Yu, L50|\n|poke|p2|Koraidon, L50|\n|poke|p2|Flutter Mane, L50|\n|teampreview|4\n|\n|t:|1772900838\n|teamsize|p1|4\n|teamsize|p2|4\n|start\n|switch|p1a: Chien-Pao|Chien-Pao, L50|100/100\n|switch|p1b: Dragonite|Dragonite, L50, F|100/100\n|switch|p2a: NIMURA FURUTA|Chi-Yu, L50|100/100\n|switch|p2b: BLACK REAPER|Lunala, L50, shiny|100/100\n|-ability|p2a: NIMURA FURUTA|Beads of Ruin\n|-ability|p1a: Chien-Pao|Sword of Ruin\n|turn|1\n|\n|t:|1772900858\n|-terastallize|p2b: BLACK REAPER|Water\n|-terastallize|p1b: Dragonite|Normal\n|move|p1b: Dragonite|Extreme Speed|p2a: NIMURA FURUTA\n|-damage|p2a: NIMURA FURUTA|0 fnt\n|faint|p2a: NIMURA FURUTA\n|move|p1a: Chien-Pao|Sucker Punch|p2b: BLACK REAPER\n|-damage|p2b: BLACK REAPER|87/100\n|move|p2b: BLACK REAPER|Meteor Beam||[still]\n|-prepare|p2b: BLACK REAPER|Meteor Beam\n|-boost|p2b: BLACK REAPER|spa|1\n|-enditem|p2b: BLACK REAPER|Power Herb\n|-anim|p2b: BLACK REAPER|Meteor Beam|p1b: Dragonite\n|-damage|p1b: Dragonite|43/100\n|\n|upkeep\n|\n|t:|1772900871\n|switch|p2a: Edgy boi|Brute Bonnet, L50|100/100\n|turn|2\n|\n|t:|1772900902\n|move|p1b: Dragonite|Extreme Speed|p2a: Edgy boi\n|-damage|p2a: Edgy boi|33/100\n|-enditem|p2a: Edgy boi|Sitrus Berry|[eat]\n|-heal|p2a: Edgy boi|57/100|[from] item: Sitrus Berry\n|move|p1a: Chien-Pao|Ice Spinner|p2a: Edgy boi\n|-supereffective|p2a: Edgy boi\n|-damage|p2a: Edgy boi|0 fnt\n|faint|p2a: Edgy boi\n|-end|p2a: Edgy boi|Protosynthesis|[silent]\n|move|p2b: BLACK REAPER|Moongeist Beam|p1a: Chien-Pao\n|-resisted|p1a: Chien-Pao\n|-damage|p1a: Chien-Pao|68/100\n|\n|upkeep\n|\n|t:|1772900912\n|switch|p2a: SHU TSUKIYAMA|Koraidon, L50|100/100\n|-weather|SunnyDay|[from] ability: Orichalcum Pulse|[of] p2a: SHU TSUKIYAMA\n|-activate|p2a: SHU TSUKIYAMA|Orichalcum Pulse|[source]\n|turn|3\n|j| dipper7\n|\n|t:|1772900941\n|move|p2a: SHU TSUKIYAMA|Protect|p2a: SHU TSUKIYAMA\n|-singleturn|p2a: SHU TSUKIYAMA|Protect\n|move|p1b: Dragonite|Extreme Speed|p2a: SHU TSUKIYAMA\n|-activate|p2a: SHU TSUKIYAMA|move: Protect\n|move|p1a: Chien-Pao|Ice Shard|p2a: SHU TSUKIYAMA\n|-activate|p2a: SHU TSUKIYAMA|move: Protect\n|move|p2b: BLACK REAPER|Moongeist Beam|p1a: Chien-Pao\n|-resisted|p1a: Chien-Pao\n|-damage|p1a: Chien-Pao|36/100\n|\n|-weather|SunnyDay|[upkeep]\n|upkeep\n|turn|4\n|inactive|Battle timer is ON: inactive players will automatically lose when time's up. (requested by ihatecalyrexes)\n|\n|t:|1772900959\n|move|p2a: SHU TSUKIYAMA|Protect|p2a: SHU TSUKIYAMA\n|-singleturn|p2a: SHU TSUKIYAMA|Protect\n|move|p1b: Dragonite|Extreme Speed|p2a: SHU TSUKIYAMA\n|-activate|p2a: SHU TSUKIYAMA|move: Protect\n|move|p1a: Chien-Pao|Ice Shard|p2a: SHU TSUKIYAMA\n|-activate|p2a: SHU TSUKIYAMA|move: Protect\n|move|p2b: BLACK REAPER|Moongeist Beam|p1a: Chien-Pao\n|-resisted|p1a: Chien-Pao\n|-damage|p1a: Chien-Pao|6/100\n|\n|-weather|SunnyDay|[upkeep]\n|upkeep\n|turn|5\n|\n|t:|1772900975\n|move|p2a: SHU TSUKIYAMA|Protect||[still]\n|-fail|p2a: SHU TSUKIYAMA\n|move|p1b: Dragonite|Extreme Speed|p2a: SHU TSUKIYAMA\n|-crit|p2a: SHU TSUKIYAMA\n|-damage|p2a: SHU TSUKIYAMA|0 fnt\n|faint|p2a: SHU TSUKIYAMA\n|move|p1a: Chien-Pao|Ice Shard|p2b: BLACK REAPER\n|-resisted|p2b: BLACK REAPER\n|-damage|p2b: BLACK REAPER|79/100\n|move|p2b: BLACK REAPER|Moongeist Beam|p1a: Chien-Pao\n|-resisted|p1a: Chien-Pao\n|-damage|p1a: Chien-Pao|0 fnt\n|faint|p1a: Chien-Pao\n|\n|-weather|SunnyDay|[upkeep]\n|upkeep\n|-message|ihatecalyrexes forfeited.\n|\n|win|bullgod4ever\n|raw|bullgod4ever's rating: 1503 &rarr; <strong>1519</strong><br />(+16 for winning)\n|raw|ihatecalyrexes's rating: 1425 &rarr; <strong>1409</strong><br />(-16 for losing)\n|l|\u2606ihatecalyrexes\n|player|p2|\n|l|\u2606bullgod4ever\n|player|p1|\n|l| dipper7\n","uploadtime":1772901241,"views":18,"formatid":"gen9vgc2026regi","rating":1409,"private":0,"password":null}