{"id":"gen9vgc2026regi-2569969217","format":"[Gen 9] VGC 2026 Reg I","players":["patrickthisisnt","Snowsquall brute"],"log":"|j|\u2606patrickthisisnt\n|j|\u2606Snowsquall brute\n|t:|1774751566\n|gametype|doubles\n|player|p1|patrickthisisnt|biker-gen4|1317\n|player|p2|Snowsquall brute|veteran|1303\n|gen|9\n|tier|[Gen 9] VGC 2026 Reg I\n|rated|\n|rule|Species Clause: Limit one of each Pok\u00e9mon\n|rule|Item Clause: Limit 1 of each item\n|clearpoke\n|poke|p1|Calyrex-Ice, L50|\n|poke|p1|Groudon, L50|\n|poke|p1|Scovillain, L50, M|\n|poke|p1|Flutter Mane, L50|\n|poke|p1|Farigiraf, L50, M|\n|poke|p1|Kingambit, L50, M|\n|poke|p2|Miraidon, L50|\n|poke|p2|Landorus-Therian, L50, M|\n|poke|p2|Kingambit, L50, F|\n|poke|p2|Lunala, L50|\n|teampreview|4\n|inactive|Battle timer is ON: inactive players will automatically lose when time's up. (requested by patrickthisisnt)\n|inactive|patrickthisisnt has 60 seconds left.\n|\n|t:|1774751613\n|teamsize|p1|4\n|teamsize|p2|4\n|start\n|switch|p1a: star platinum|Groudon, L50|100/100\n|switch|p1b: heirophant green|Flutter Mane, L50|100/100\n|switch|p2a: Miraidon|Miraidon, L50|100/100\n|switch|p2b: Landorus|Landorus-Therian, L50, M|100/100\n|-weather|SunnyDay|[from] ability: Drought|[of] p1a: star platinum\n|-activate|p1b: heirophant green|ability: Protosynthesis\n|-start|p1b: heirophant green|protosynthesisspe\n|-fieldstart|move: Electric Terrain|[from] ability: Hadron Engine|[of] p2a: Miraidon\n|-enditem|p2a: Miraidon|Electric Seed\n|-boost|p2a: Miraidon|def|1|[from] item: Electric Seed\n|-ability|p2b: Landorus|Intimidate|boost\n|-unboost|p1a: star platinum|atk|1\n|-unboost|p1b: heirophant green|atk|1\n|turn|1\n|\n|t:|1774751623\n|move|p2a: Miraidon|Protect|p2a: Miraidon\n|-singleturn|p2a: Miraidon|Protect\n|move|p1b: heirophant green|Icy Wind|p2b: Landorus|[spread] p2b\n|-activate|p2a: Miraidon|move: Protect\n|-supereffective|p2b: Landorus\n|-damage|p2b: Landorus|59/100\n|-unboost|p2b: Landorus|spe|1\n|move|p1a: star platinum|High Horsepower|p2a: Miraidon\n|-activate|p2a: Miraidon|move: Protect\n|move|p2b: Landorus|Earthquake|p1b: heirophant green|[spread] p1a,p1b\n|-activate|p2a: Miraidon|move: Protect\n|-damage|p1a: star platinum|67/100\n|-damage|p1b: heirophant green|16/100\n|\n|-weather|SunnyDay|[upkeep]\n|upkeep\n|turn|2\n|\n|t:|1774751640\n|-terastallize|p2a: Miraidon|Electric\n|move|p1b: heirophant green|Moonblast|p2b: Landorus\n|-damage|p2b: Landorus|25/100\n|move|p1a: star platinum|High Horsepower|p2a: Miraidon\n|-supereffective|p2a: Miraidon\n|-damage|p2a: Miraidon|66/100\n|move|p2a: Miraidon|Parabolic Charge|p1a: star platinum|[spread] p1b\n|-immune|p2b: Landorus\n|-immune|p1a: star platinum\n|-damage|p1b: heirophant green|0 fnt\n|-heal|p2a: Miraidon|70/100|[from] drain|[of] p1b: heirophant green\n|faint|p1b: heirophant green\n|-end|p1b: heirophant green|Protosynthesis|[silent]\n|move|p2b: Landorus|U-turn|p1a: star platinum\n|-damage|p1a: star platinum|47/100\n|\n|t:|1774751656\n|switch|p2b: Lunala|Lunala, L50|100/100|[from] U-turn\n|\n|-weather|SunnyDay|[upkeep]\n|upkeep\n|\n|t:|1774751659\n|switch|p1b: magicians red|Scovillain, L50, M|100/100\n|turn|3\n|\n|t:|1774751667\n|move|p2a: Miraidon|Protect|p2a: Miraidon\n|-singleturn|p2a: Miraidon|Protect\n|move|p1b: magicians red|Spicy Extract|p1a: star platinum\n|-boost|p1a: star platinum|atk|2\n|-unboost|p1a: star platinum|def|2\n|move|p1a: star platinum|High Horsepower|p2a: Miraidon\n|-activate|p2a: Miraidon|move: Protect\n|move|p2b: Lunala|Moongeist Beam|p1b: magicians red\n|-damage|p1b: magicians red|13/100\n|\n|-weather|SunnyDay|[upkeep]\n|upkeep\n|turn|4\n|\n|t:|1774751676\n|switch|p2b: Landorus|Landorus-Therian, L50, M|25/100\n|-ability|p2b: Landorus|Intimidate|boost\n|-unboost|p1a: star platinum|atk|1\n|-unboost|p1b: magicians red|atk|1\n|move|p1b: magicians red|Spicy Extract|p2b: Landorus\n|-boost|p2b: Landorus|atk|2\n|-unboost|p2b: Landorus|def|2\n|move|p1a: star platinum|High Horsepower|p2a: Miraidon\n|-supereffective|p2a: Miraidon\n|-damage|p2a: Miraidon|17/100\n|move|p2a: Miraidon|Dragon Pulse|p1a: star platinum\n|-damage|p1a: star platinum|0 fnt\n|faint|p1a: star platinum\n|\n|-weather|SunnyDay|[upkeep]\n|upkeep\n|\n|t:|1774751680\n|switch|p1a: silver chariot|Kingambit, L50, M|100/100\n|turn|5\n|\n|t:|1774751694\n|move|p2a: Miraidon|Protect|p2a: Miraidon\n|-singleturn|p2a: Miraidon|Protect\n|move|p1a: silver chariot|Sucker Punch|p2b: Landorus\n|-damage|p2b: Landorus|0 fnt\n|faint|p2b: Landorus\n|move|p1b: magicians red|Solar Beam||[still]\n|-prepare|p1b: magicians red|Solar Beam\n|-anim|p1b: magicians red|Solar Beam|p2a: Miraidon\n|-activate|p2a: Miraidon|move: Protect\n|\n|-weather|none\n|-fieldend|move: Electric Terrain\n|upkeep\n|\n|t:|1774751705\n|switch|p2b: Lunala|Lunala, L50|100/100\n|turn|6\n|\n|t:|1774751713\n|move|p2a: Miraidon|Parabolic Charge|p1b: magicians red|[spread] p2b,p1a,p1b\n|-resisted|p1b: magicians red\n|-damage|p2b: Lunala|91/100\n|-heal|p2a: Miraidon|22/100|[from] drain|[of] p2b: Lunala\n|-damage|p1a: silver chariot|81/100\n|-heal|p2a: Miraidon|32/100|[from] drain|[of] p1a: silver chariot\n|-damage|p1b: magicians red|0 fnt\n|-heal|p2a: Miraidon|37/100|[from] drain|[of] p1b: magicians red\n|faint|p1b: magicians red\n|move|p2b: Lunala|Moongeist Beam|p1a: silver chariot\n|-resisted|p1a: silver chariot\n|-damage|p1a: silver chariot|66/100\n|move|p1a: silver chariot|Low Kick|p2a: Miraidon\n|-crit|p2a: Miraidon\n|-damage|p2a: Miraidon|0 fnt\n|faint|p2a: Miraidon\n|\n|upkeep\n|\n|t:|1774751717\n|switch|p2a: Kingambit|Kingambit, L50, F|100/100\n|turn|7\n|\n|t:|1774751732\n|move|p2b: Lunala|Moonblast|p1a: silver chariot\n|-damage|p1a: silver chariot|46/100\n|-unboost|p1a: silver chariot|spa|1\n|-ability|p1a: silver chariot|Defiant|boost\n|-boost|p1a: silver chariot|atk|2\n|move|p2a: Kingambit|Kowtow Cleave|p1a: silver chariot\n|-resisted|p1a: silver chariot\n|-damage|p1a: silver chariot|24/100\n|move|p1a: silver chariot|Low Kick|p2a: Kingambit\n|-supereffective|p2a: Kingambit\n|-damage|p2a: Kingambit|0 fnt\n|faint|p2a: Kingambit\n|\n|upkeep\n|turn|8\n|\n|t:|1774751737\n|move|p1a: silver chariot|Sucker Punch|p2b: Lunala\n|-supereffective|p2b: Lunala\n|-damage|p2b: Lunala|0 fnt\n|-damage|p1a: silver chariot|8/100|[from] item: Rocky Helmet|[of] p2b: Lunala\n|faint|p2b: Lunala\n|\n|win|patrickthisisnt\n|raw|patrickthisisnt's rating: 1317 &rarr; <strong>1336</strong><br />(+19 for winning)\n|raw|Snowsquall brute's rating: 1303 &rarr; <strong>1284</strong><br />(-19 for losing)\n|l|\u2606patrickthisisnt\n|player|p1|\n|l|\u2606Snowsquall brute\n|player|p2|\n","uploadtime":1774751909,"views":10,"formatid":"gen9vgc2026regi","rating":1284,"private":0,"password":null}