{"id":"gen9vgc2026regi-2559455608","format":"[Gen 9] VGC 2026 Reg I","players":["navinsachump","Javike"],"log":"|j|\u2606navinsachump\n|j|\u2606Javike\n|t:|1773570656\n|gametype|doubles\n|player|p1|navinsachump|2|1539\n|player|p2|Javike|crasherwake|1449\n|gen|9\n|tier|[Gen 9] VGC 2026 Reg I\n|rated|\n|rule|Species Clause: Limit one of each Pok\u00e9mon\n|rule|Item Clause: Limit 1 of each item\n|clearpoke\n|poke|p1|Calyrex-Ice, L50|\n|poke|p1|Miraidon, L50|\n|poke|p1|Incineroar, L50, M|\n|poke|p1|Landorus, L50, M|\n|poke|p1|Whimsicott, L50, M|\n|poke|p1|Urshifu-*, L50, F|\n|poke|p2|Kyogre, L50|\n|poke|p2|Miraidon, L50|\n|poke|p2|Farigiraf, L50, M|\n|poke|p2|Whimsicott, L50, M|\n|poke|p2|Incineroar, L50, F|\n|poke|p2|Sneasler, L50, M|\n|teampreview|4\n|inactive|Battle timer is ON: inactive players will automatically lose when time's up. (requested by Javike)\n|\n|t:|1773570670\n|teamsize|p1|4\n|teamsize|p2|4\n|start\n|switch|p1a: Calyrex|Calyrex-Ice, L50|100/100\n|switch|p1b: Miraidon|Miraidon, L50|100/100\n|switch|p2a: Miraidon|Miraidon, L50|100/100\n|switch|p2b: Sneasler|Sneasler, L50, M|100/100\n|-ability|p1a: Calyrex|As One\n|-ability|p1a: Calyrex|Unnerve\n|-fieldstart|move: Electric Terrain|[from] ability: Hadron Engine|[of] p2a: Miraidon\n|-activate|p1b: Miraidon|ability: Hadron Engine\n|turn|1\n|\n|t:|1773570695\n|-terastallize|p2a: Miraidon|Fairy\n|move|p2b: Sneasler|Fake Out|p1a: Calyrex\n|-enditem|p2b: Sneasler|Normal Gem|[from] gem\n|-damage|p1a: Calyrex|88/100\n|move|p2a: Miraidon|Dazzling Gleam|p1b: Miraidon|[spread] p1a,p1b\n|-supereffective|p1b: Miraidon\n|-damage|p1a: Calyrex|54/100\n|-damage|p1b: Miraidon|40/100\n|-damage|p2a: Miraidon|91/100|[from] item: Life Orb\n|move|p1b: Miraidon|Draco Meteor|p2a: Miraidon\n|-immune|p2a: Miraidon\n|cant|p1a: Calyrex|flinch\n|\n|upkeep\n|turn|2\n|\n|t:|1773570712\n|switch|p1b: Incineroar|Incineroar, L50, M|100/100\n|-ability|p1b: Incineroar|Intimidate|boost\n|-unboost|p2a: Miraidon|atk|1\n|-unboost|p2b: Sneasler|atk|1\n|move|p2b: Sneasler|Close Combat|p1a: Calyrex\n|-damage|p1a: Calyrex|26/100\n|-unboost|p2b: Sneasler|def|1\n|-unboost|p2b: Sneasler|spd|1\n|move|p2a: Miraidon|Dazzling Gleam|p1b: Incineroar|[spread] p1a,p1b\n|-damage|p1a: Calyrex|0 fnt\n|-damage|p1b: Incineroar|58/100\n|faint|p1a: Calyrex\n|-damage|p2a: Miraidon|81/100|[from] item: Life Orb\n|\n|upkeep\n|\n|t:|1773570724\n|switch|p1a: Urshifu|Urshifu-Rapid-Strike, L50, F|100/100\n|turn|3\n|\n|t:|1773570741\n|-terastallize|p1a: Urshifu|Water\n|move|p2a: Miraidon|Protect|p2a: Miraidon\n|-singleturn|p2a: Miraidon|Protect\n|move|p1b: Incineroar|Fake Out|p2b: Sneasler\n|-damage|p2b: Sneasler|76/100\n|cant|p2b: Sneasler|flinch\n|move|p1a: Urshifu|Surging Strikes|p2a: Miraidon\n|-crit|p2a: Miraidon\n|-damage|p2a: Miraidon|44/100\n|-crit|p2a: Miraidon\n|-damage|p2a: Miraidon|8/100\n|-crit|p2a: Miraidon\n|-damage|p2a: Miraidon|0 fnt\n|faint|p2a: Miraidon\n|-hitcount|p2: Miraidon|3\n|\n|upkeep\n|\n|t:|1773570758\n|switch|p2a: Kyogre|Kyogre, L50|100/100\n|-weather|RainDance|[from] ability: Drizzle|[of] p2a: Kyogre\n|turn|4\n|\n|t:|1773570767\n|move|p1b: Incineroar|Helping Hand|p1a: Urshifu\n|-singleturn|p1a: Urshifu|Helping Hand|[of] p1b: Incineroar\n|move|p1a: Urshifu|Aqua Jet|p2b: Sneasler\n|-damage|p2b: Sneasler|0 fnt\n|faint|p2b: Sneasler\n|move|p2a: Kyogre|Water Spout|p1b: Incineroar|[spread] p1a,p1b\n|-resisted|p1a: Urshifu\n|-supereffective|p1b: Incineroar\n|-damage|p1a: Urshifu|38/100\n|-damage|p1b: Incineroar|0 fnt\n|faint|p1b: Incineroar\n|\n|-weather|RainDance|[upkeep]\n|upkeep\n|\n|t:|1773570779\n|switch|p2b: Incineroar|Incineroar, L50, F|100/100\n|switch|p1b: Miraidon|Miraidon, L50|40/100\n|-activate|p1b: Miraidon|ability: Hadron Engine\n|-ability|p2b: Incineroar|Intimidate|boost\n|-unboost|p1a: Urshifu|atk|1\n|-unboost|p1b: Miraidon|atk|1\n|turn|5\n|\n|t:|1773570792\n|move|p2b: Incineroar|Fake Out|p1a: Urshifu\n|-damage|p1a: Urshifu|23/100\n|move|p2a: Kyogre|Water Spout|p1b: Miraidon|[spread] p1a,p1b\n|-resisted|p1a: Urshifu\n|-resisted|p1b: Miraidon\n|-damage|p1a: Urshifu|0 fnt\n|-damage|p1b: Miraidon|14/100\n|faint|p1a: Urshifu\n|move|p1b: Miraidon|Electro Drift|p2a: Kyogre\n|-supereffective|p2a: Kyogre\n|-damage|p2a: Kyogre|0 fnt\n|faint|p2a: Kyogre\n|\n|-weather|RainDance|[upkeep]\n|-fieldend|move: Electric Terrain\n|upkeep\n|turn|6\n|\n|t:|1773570808\n|move|p1b: Miraidon|Draco Meteor|p2b: Incineroar\n|-damage|p2b: Incineroar|25/100\n|-unboost|p1b: Miraidon|spa|2\n|move|p2b: Incineroar|Knock Off|p1b: Miraidon\n|-damage|p1b: Miraidon|0 fnt\n|-enditem|p1b: Miraidon|Assault Vest|[from] move: Knock Off|[of] p2b: Incineroar\n|faint|p1b: Miraidon\n|\n|win|Javike\n|raw|navinsachump's rating: 1539 &rarr; <strong>1514</strong><br />(-25 for losing)\n|raw|Javike's rating: 1449 &rarr; <strong>1474</strong><br />(+25 for winning)\n|l|\u2606navinsachump\n|player|p1|\n|l|\u2606Javike\n|player|p2|\n","uploadtime":1773570990,"views":16,"formatid":"gen9vgc2026regi","rating":1474,"private":0,"password":null}