{"id":"gen9vgc2026regi-2529373273","format":"[Gen 9] VGC 2026 Reg I","players":["blackred123","Unskilled99"],"log":"|j|\u2606blackred123\n|j|\u2606Unskilled99\n|t:|1769780355\n|gametype|doubles\n|player|p1|blackred123|iono-masters|1447\n|player|p2|Unskilled99|unknown|1408\n|gen|9\n|tier|[Gen 9] VGC 2026 Reg I\n|rated|\n|rule|Species Clause: Limit one of each Pok\u00e9mon\n|rule|Item Clause: Limit 1 of each item\n|clearpoke\n|poke|p1|Calyrex-Shadow, L50|\n|poke|p1|Annihilape, L50, M|\n|poke|p1|Zamazenta-*, L50|\n|poke|p1|Tornadus, L50, M|\n|poke|p1|Rillaboom, L50, M|\n|poke|p1|Amoonguss, L50, M|\n|poke|p2|Kyogre, L50|\n|poke|p2|Flutter Mane, L50|\n|poke|p2|Urshifu-*, L50, F|\n|poke|p2|Landorus, L50, M|\n|poke|p2|Smeargle, L50, M|\n|poke|p2|Calyrex-Ice, L50|\n|teampreview|4\n|inactive|Battle timer is ON: inactive players will automatically lose when time's up. (requested by blackred123)\n|inactive|Unskilled99 has 60 seconds left.\n|\n|t:|1769780412\n|teamsize|p1|4\n|teamsize|p2|4\n|start\n|switch|p1a: \u7334|Annihilape, L50, M|100/100\n|switch|p1b: \u4e8c\u72d7|Zamazenta-Crowned, L50|100/100\n|switch|p2a: Calyrex|Calyrex-Ice, L50|100/100\n|switch|p2b: Smeargle|Smeargle, L50, M|100/100\n|-ability|p2a: Calyrex|As One\n|-ability|p2a: Calyrex|Unnerve\n|-ability|p1b: \u4e8c\u72d7|Dauntless Shield|boost\n|-boost|p1b: \u4e8c\u72d7|def|1\n|turn|1\n|inactive|blackred123 has 30 seconds left.\n|inactive|Unskilled99 has 30 seconds left.\n|inactive|blackred123 has 20 seconds left.\n|inactive|blackred123 has 15 seconds left.\n|\n|t:|1769780454\n|move|p2b: Smeargle|Follow Me|p2b: Smeargle\n|-singleturn|p2b: Smeargle|move: Follow Me\n|move|p1a: \u7334|Final Gambit|p2b: Smeargle\n|-damage|p2b: Smeargle|0 fnt\n|faint|p1a: \u7334\n|faint|p2b: Smeargle\n|move|p1b: \u4e8c\u72d7|Body Press|p2a: Calyrex\n|-damage|p2a: Calyrex|61/100\n|move|p2a: Calyrex|Trick Room|p2a: Calyrex\n|-fieldstart|move: Trick Room|[of] p2a: Calyrex\n|\n|upkeep\n|\n|t:|1769780464\n|switch|p2b: Kyogre|Kyogre, L50|100/100\n|switch|p1a: \u4f60\u54ea\u4f4d?|Amoonguss, L50, M|100/100\n|-weather|RainDance|[from] ability: Drizzle|[of] p2b: Kyogre\n|turn|2\n|inactive|Unskilled99 has 30 seconds left.\n|\n|t:|1769780493\n|-terastallize|p2a: Calyrex|Grass\n|-terastallize|p1b: \u4e8c\u72d7|Grass\n|move|p2b: Kyogre|Water Spout|p1a: \u4f60\u54ea\u4f4d?|[spread] p1a,p1b\n|-resisted|p1a: \u4f60\u54ea\u4f4d?\n|-resisted|p1b: \u4e8c\u72d7\n|-damage|p1a: \u4f60\u54ea\u4f4d?|58/100\n|-damage|p1b: \u4e8c\u72d7|65/100\n|move|p1a: \u4f60\u54ea\u4f4d?|Spore|p2a: Calyrex\n|-immune|p2a: Calyrex\n|move|p2a: Calyrex|Glacial Lance|p1a: \u4f60\u54ea\u4f4d?|[spread] p1a,p1b\n|-supereffective|p1a: \u4f60\u54ea\u4f4d?\n|-supereffective|p1b: \u4e8c\u72d7\n|-damage|p1a: \u4f60\u54ea\u4f4d?|0 fnt\n|-damage|p1b: \u4e8c\u72d7|16/100\n|faint|p1a: \u4f60\u54ea\u4f4d?\n|-ability|p2a: Calyrex|Chilling Neigh|boost\n|-boost|p2a: Calyrex|atk|1\n|move|p1b: \u4e8c\u72d7|Body Press|p2b: Kyogre\n|-damage|p2b: Kyogre|40/100\n|\n|-weather|RainDance|[upkeep]\n|upkeep\n|\n|t:|1769780506\n|switch|p1a: \u5927\u9a6c|Calyrex-Shadow, L50|100/100\n|-ability|p1a: \u5927\u9a6c|As One\n|-ability|p1a: \u5927\u9a6c|Unnerve\n|turn|3\n|\n|t:|1769780516\n|move|p1b: \u4e8c\u72d7|Protect|p1b: \u4e8c\u72d7\n|-singleturn|p1b: \u4e8c\u72d7|Protect\n|move|p1a: \u5927\u9a6c|Protect|p1a: \u5927\u9a6c\n|-singleturn|p1a: \u5927\u9a6c|Protect\n|move|p2b: Kyogre|Thunder|p1b: \u4e8c\u72d7\n|-activate|p1b: \u4e8c\u72d7|move: Protect\n|move|p2a: Calyrex|Seed Bomb|p1a: \u5927\u9a6c\n|-activate|p1a: \u5927\u9a6c|move: Protect\n|\n|-weather|RainDance|[upkeep]\n|upkeep\n|turn|4\n|\n|t:|1769780532\n|move|p1b: \u4e8c\u72d7|Wide Guard|p1b: \u4e8c\u72d7\n|-singleturn|p1b: \u4e8c\u72d7|Wide Guard\n|move|p2b: Kyogre|Thunder|p1a: \u5927\u9a6c\n|-damage|p1a: \u5927\u9a6c|55/100\n|move|p2a: Calyrex|Seed Bomb|p1a: \u5927\u9a6c\n|-damage|p1a: \u5927\u9a6c|0 fnt\n|faint|p1a: \u5927\u9a6c\n|-ability|p2a: Calyrex|Chilling Neigh|boost\n|-boost|p2a: Calyrex|atk|1\n|\n|-weather|RainDance|[upkeep]\n|upkeep\n|turn|5\n|-message|blackred123 forfeited.\n|\n|win|Unskilled99\n|raw|blackred123's rating: 1447 &rarr; <strong>1425</strong><br />(-22 for losing)\n|raw|Unskilled99's rating: 1408 &rarr; <strong>1430</strong><br />(+22 for winning)\n|l|\u2606blackred123\n|player|p1|\n|l|\u2606Unskilled99\n|player|p2|\n","uploadtime":1769780769,"views":19,"formatid":"gen9vgc2026regi","rating":1425,"private":0,"password":null}