{"id":"gen9vgc2026regi-2575503161","format":"[Gen 9] VGC 2026 Reg I","players":["asouleoe","suc vat vk"],"log":"|j|\u2606asouleoe\n|j|\u2606suc vat vk\n|t:|1775359730\n|gametype|doubles\n|player|p1|asouleoe|blue|1557\n|player|p2|suc vat vk|kimonogirl|1469\n|gen|9\n|tier|[Gen 9] VGC 2026 Reg I\n|rated|\n|rule|Species Clause: Limit one of each Pok\u00e9mon\n|rule|Item Clause: Limit 1 of each item\n|clearpoke\n|poke|p1|Hitmontop, L50, M|\n|poke|p1|Terapagos, L50, M|\n|poke|p1|Calyrex-Shadow, L50|\n|poke|p1|Ogerpon-Cornerstone, L50, F|\n|poke|p1|Whimsicott, L50, M|\n|poke|p1|Indeedee-F, L50, F|\n|poke|p2|Kyogre, L50|\n|poke|p2|Iron Jugulis, L50|\n|poke|p2|Amoonguss, L50, F|\n|poke|p2|Calyrex-Ice, L50|\n|poke|p2|Indeedee-F, L50, F|\n|poke|p2|Urshifu-*, L50, M|\n|teampreview|4\n|inactive|Battle timer is ON: inactive players will automatically lose when time's up. (requested by asouleoe)\n|\n|t:|1775359741\n|teamsize|p1|4\n|teamsize|p2|4\n|start\n|switch|p1a: Ogerpon|Ogerpon-Cornerstone, L50, F|100/100\n|switch|p1b: Terapagos|Terapagos, L50, M|100/100\n|switch|p2a: Indeedee|Indeedee-F, L50, F|100/100\n|switch|p2b: Calyrex|Calyrex-Ice, L50|100/100\n|-activate|p1b: Terapagos|ability: Tera Shift\n|detailschange|p1b: Terapagos|Terapagos-Terastal, L50, M\n|-heal|p1b: Terapagos|100/100|[silent]\n|-ability|p2b: Calyrex|As One\n|-ability|p2b: Calyrex|Unnerve\n|-fieldstart|move: Psychic Terrain|[from] ability: Psychic Surge|[of] p2a: Indeedee\n|turn|1\n|\n|t:|1775359761\n|move|p2a: Indeedee|Follow Me|p2a: Indeedee\n|-singleturn|p2a: Indeedee|move: Follow Me\n|move|p1a: Ogerpon|Ivy Cudgel|p2a: Indeedee|[anim] Ivy Cudgel Rock\n|-damage|p2a: Indeedee|34/100\n|-enditem|p2a: Indeedee|Eject Button\n|\n|t:|1775359767\n|switch|p2a: Amoonguss|Amoonguss, L50, F, shiny|100/100\n|move|p1b: Terapagos|Tera Starstorm|p2b: Calyrex\n|-damage|p2b: Calyrex|59/100\n|move|p2b: Calyrex|Trick Room|p2b: Calyrex\n|-fieldstart|move: Trick Room|[of] p2b: Calyrex\n|\n|upkeep\n|turn|2\n|\n|t:|1775359785\n|move|p1b: Terapagos|Protect|p1b: Terapagos\n|-singleturn|p1b: Terapagos|Protect\n|move|p2a: Amoonguss|Spore|p1b: Terapagos\n|-activate|p1b: Terapagos|move: Protect\n|move|p2b: Calyrex|Glacial Lance|p1a: Ogerpon|[spread] p1a\n|-activate|p1b: Terapagos|move: Protect\n|-supereffective|p1a: Ogerpon\n|-ability|p1a: Ogerpon|Sturdy\n|-damage|p1a: Ogerpon|1/100\n|move|p1a: Ogerpon|Ivy Cudgel|p2b: Calyrex|[anim] Ivy Cudgel Rock\n|-supereffective|p2b: Calyrex\n|-damage|p2b: Calyrex|0 fnt\n|faint|p2b: Calyrex\n|\n|upkeep\n|\n|t:|1775359788\n|switch|p2b: Kyogre|Kyogre, L50, shiny|100/100\n|-weather|RainDance|[from] ability: Drizzle|[of] p2b: Kyogre\n|turn|3\n|inactive|asouleoe has 30 seconds left.\n|\n|t:|1775359815\n|move|p1a: Ogerpon|Follow Me|p1a: Ogerpon\n|-singleturn|p1a: Ogerpon|move: Follow Me\n|move|p2a: Amoonguss|Clear Smog|p1a: Ogerpon\n|-damage|p1a: Ogerpon|0 fnt\n|-clearboost|p1a: Ogerpon\n|faint|p1a: Ogerpon\n|move|p1b: Terapagos|Tera Starstorm|p2a: Amoonguss\n|-damage|p2a: Amoonguss|48/100\n|move|p2b: Kyogre|Water Spout|p1b: Terapagos\n|-activate|p1b: Terapagos|ability: Tera Shell\n|-resisted|p1b: Terapagos\n|-damage|p1b: Terapagos|5/100\n|\n|-weather|RainDance|[upkeep]\n|upkeep\n|\n|t:|1775359832\n|switch|p1a: Hitmontop|Hitmontop, L50, M|100/100\n|-ability|p1a: Hitmontop|Intimidate|boost\n|-unboost|p2a: Amoonguss|atk|1\n|-unboost|p2b: Kyogre|atk|1\n|turn|4\n|\n|t:|1775359844\n|switch|p2b: Indeedee|Indeedee-F, L50, F|34/100\n|-terastallize|p1b: Terapagos|Stellar\n|detailschange|p1b: Terapagos|Terapagos-Stellar, L50, M, tera:Stellar\n|-heal|p1b: Terapagos|29/100|[silent]\n|-ability|p1b: Terapagos|Teraform Zero\n|-weather|none\n|-fieldend|move: Psychic Terrain\n|move|p1a: Hitmontop|Fake Out|p2a: Amoonguss\n|-damage|p2a: Amoonguss|39/100\n|-damage|p1a: Hitmontop|84/100|[from] item: Rocky Helmet|[of] p2a: Amoonguss\n|cant|p2a: Amoonguss|flinch\n|move|p1b: Terapagos|Tera Starstorm|p2b: Indeedee|[spread] p2a,p2b\n|-damage|p2a: Amoonguss|9/100\n|-damage|p2b: Indeedee|0 fnt\n|faint|p2b: Indeedee\n|\n|upkeep\n|\n|t:|1775359851\n|switch|p2b: Kyogre|Kyogre, L50, shiny|100/100\n|-weather|RainDance|[from] ability: Drizzle|[of] p2b: Kyogre\n|turn|5\n|\n|t:|1775359868\n|move|p1b: Terapagos|Protect|p1b: Terapagos\n|-singleturn|p1b: Terapagos|Protect\n|move|p1a: Hitmontop|Wide Guard|p1a: Hitmontop\n|-singleturn|p1a: Hitmontop|Wide Guard\n|move|p2a: Amoonguss|Spore|p1a: Hitmontop\n|-status|p1a: Hitmontop|slp|[from] move: Spore\n|move|p2b: Kyogre|Origin Pulse|p1a: Hitmontop|[spread] \n|-activate|p1a: Hitmontop|move: Wide Guard\n|-activate|p1b: Terapagos|move: Wide Guard\n|\n|-weather|RainDance|[upkeep]\n|-fieldend|move: Trick Room\n|upkeep\n|turn|6\n|\n|t:|1775359888\n|move|p1b: Terapagos|Protect||[still]\n|-fail|p1b: Terapagos\n|cant|p1a: Hitmontop|slp\n|move|p2b: Kyogre|Origin Pulse|p1b: Terapagos|[spread] p1a,p1b\n|-damage|p1a: Hitmontop|0 fnt\n|-damage|p1b: Terapagos|0 fnt\n|faint|p1a: Hitmontop\n|faint|p1b: Terapagos\n|detailschange|p1: Terapagos|Terapagos, L50, M|[silent]\n|move|p2a: Amoonguss|Pollen Puff|p2b: Kyogre\n|\n|-weather|RainDance|[upkeep]\n|upkeep\n|\n|t:|1775359901\n|switch|p1a: Calyrex|Calyrex-Shadow, L50|100/100\n|-ability|p1a: Calyrex|As One\n|-ability|p1a: Calyrex|Unnerve\n|turn|7\n|\n|t:|1775359909\n|move|p1a: Calyrex|Protect|p1a: Calyrex\n|-singleturn|p1a: Calyrex|Protect\n|move|p2b: Kyogre|Origin Pulse|p1a: Calyrex\n|-activate|p1a: Calyrex|move: Protect\n|move|p2a: Amoonguss|Pollen Puff|p1a: Calyrex\n|-activate|p1a: Calyrex|move: Protect\n|\n|-weather|RainDance|[upkeep]\n|upkeep\n|turn|8\n|\n|t:|1775359921\n|move|p1a: Calyrex|Astral Barrage|p2a: Amoonguss|[spread] p2a,p2b\n|-damage|p2a: Amoonguss|0 fnt\n|-damage|p2b: Kyogre|61/100\n|faint|p2a: Amoonguss\n|-ability|p1a: Calyrex|Grim Neigh|boost\n|-boost|p1a: Calyrex|spa|1\n|move|p2b: Kyogre|Origin Pulse|p1a: Calyrex\n|-enditem|p1a: Calyrex|Focus Sash\n|-damage|p1a: Calyrex|1/100\n|\n|-weather|RainDance|[upkeep]\n|upkeep\n|turn|9\n|\n|t:|1775359934\n|move|p1a: Calyrex|Astral Barrage|p2b: Kyogre\n|-damage|p2b: Kyogre|0 fnt\n|faint|p2b: Kyogre\n|\n|win|asouleoe\n|raw|asouleoe's rating: 1557 &rarr; <strong>1572</strong><br />(+15 for winning)\n|raw|suc vat vk's rating: 1469 &rarr; <strong>1454</strong><br />(-15 for losing)\n|l|\u2606suc vat vk\n|player|p2|\n","uploadtime":1775359945,"views":19,"formatid":"gen9vgc2026regi","rating":1454,"private":0,"password":null}