{"id":"gen9vgc2026regi-2580376747","format":"[Gen 9] VGC 2026 Reg I","players":["navinsachump","happidoodledoo"],"log":"|j|\u2606navinsachump\n|j|\u2606happidoodledoo\n|t:|1775887399\n|gametype|doubles\n|player|p1|navinsachump|smasher|1547\n|player|p2|happidoodledoo|ghetsis|1607\n|gen|9\n|tier|[Gen 9] VGC 2026 Reg I\n|rated|\n|rule|Species Clause: Limit one of each Pok\u00e9mon\n|rule|Item Clause: Limit 1 of each item\n|clearpoke\n|poke|p1|Miraidon, L50|\n|poke|p1|Incineroar, L50, F|\n|poke|p1|Whimsicott, L50, F|\n|poke|p1|Urshifu-*, L50, F|\n|poke|p1|Lunala, L50|\n|poke|p1|Ursaluna, L50, F|\n|poke|p2|Calyrex-Shadow, L50|\n|poke|p2|Weezing-Galar, L50, F|\n|poke|p2|Dondozo, L50, M|\n|poke|p2|Tatsugiri-Droopy, L50, M|\n|poke|p2|Brute Bonnet, L50|\n|poke|p2|Koraidon, L50|\n|teampreview|4\n|inactive|Battle timer is ON: inactive players will automatically lose when time's up. (requested by navinsachump)\n|\n|t:|1775887501\n|teamsize|p1|4\n|teamsize|p2|4\n|start\n|switch|p1a: Whimsicott|Whimsicott, L50, F|100/100\n|switch|p1b: Lunala|Lunala, L50|100/100\n|switch|p2a: Weezing|Weezing-Galar, L50, F, shiny|100/100\n|switch|p2b: Koraidon|Koraidon, L50|100/100\n|-ability|p2a: Weezing|Neutralizing Gas\n|-block|p2b: Koraidon|item: Ability Shield\n|-weather|SunnyDay|[from] ability: Orichalcum Pulse|[of] p2b: Koraidon\n|-activate|p2b: Koraidon|Orichalcum Pulse|[source]\n|turn|1\n|inactive|navinsachump has 30 seconds left.\n|inactive|happidoodledoo has 30 seconds left.\n|inactive|happidoodledoo has 20 seconds left.\n|\n|t:|1775887540\n|move|p2b: Koraidon|Flare Blitz|p1a: Whimsicott\n|-supereffective|p1a: Whimsicott\n|-damage|p1a: Whimsicott|0 fnt\n|faint|p1a: Whimsicott\n|-damage|p2b: Koraidon|70/100|[from] Recoil\n|move|p2a: Weezing|Toxic Spikes|p1b: Lunala\n|-sidestart|p1: navinsachump|move: Toxic Spikes\n|move|p1b: Lunala|Trick Room|p1b: Lunala\n|-fieldstart|move: Trick Room|[of] p1b: Lunala\n|\n|-weather|SunnyDay|[upkeep]\n|upkeep\n|\n|t:|1775887544\n|switch|p1a: Ursaluna|Ursaluna, L50, F|100/100\n|-status|p1a: Ursaluna|psn\n|turn|2\n|\n|t:|1775887569\n|switch|p2b: Brute Bonnet|Brute Bonnet, L50|100/100\n|move|p2a: Weezing|Protect|p2a: Weezing\n|-singleturn|p2a: Weezing|Protect\n|move|p1b: Lunala|Wide Guard|p1b: Lunala\n|-singleturn|p1b: Lunala|Wide Guard\n|move|p1a: Ursaluna|Earthquake|p2b: Brute Bonnet|[spread] p2b\n|-activate|p1b: Lunala|move: Wide Guard\n|-activate|p2a: Weezing|move: Protect\n|-resisted|p2b: Brute Bonnet\n|-damage|p2b: Brute Bonnet|85/100\n|\n|-weather|SunnyDay|[upkeep]\n|-damage|p1a: Ursaluna|88/100 psn|[from] psn\n|upkeep\n|turn|3\n|inactive|happidoodledoo has 30 seconds left.\n|inactive|happidoodledoo has 20 seconds left.\n|inactive|happidoodledoo has 15 seconds left.\n|\n|t:|1775887612\n|-terastallize|p2a: Weezing|Water\n|move|p1a: Ursaluna|Facade|p2a: Weezing\n|-damage|p2a: Weezing|27/100\n|move|p2a: Weezing|Dazzling Gleam|p1a: Ursaluna|[spread] p1a,p1b\n|-damage|p1a: Ursaluna|74/100 psn\n|-damage|p1b: Lunala|88/100\n|move|p2b: Brute Bonnet|Spore|p1b: Lunala\n|-status|p1b: Lunala|slp|[from] move: Spore\n|cant|p1b: Lunala|slp\n|\n|-weather|SunnyDay|[upkeep]\n|-damage|p1a: Ursaluna|61/100 psn|[from] psn\n|upkeep\n|turn|4\n|\n|t:|1775887635\n|move|p2a: Weezing|Protect|p2a: Weezing\n|-singleturn|p2a: Weezing|Protect\n|move|p1a: Ursaluna|Facade|p2b: Brute Bonnet\n|-damage|p2b: Brute Bonnet|25/100\n|move|p2b: Brute Bonnet|Seed Bomb|p1a: Ursaluna\n|-supereffective|p1a: Ursaluna\n|-damage|p1a: Ursaluna|7/100 psn\n|cant|p1b: Lunala|slp\n|\n|-weather|SunnyDay|[upkeep]\n|-damage|p1a: Ursaluna|0 fnt|[from] psn\n|faint|p1a: Ursaluna\n|upkeep\n|\n|t:|1775887644\n|switch|p1a: Miraidon|Miraidon, L50|100/100\n|-status|p1a: Miraidon|psn\n|turn|5\n|inactive|happidoodledoo has 30 seconds left.\n|\n|t:|1775887679\n|-terastallize|p1a: Miraidon|Fairy\n|move|p2b: Brute Bonnet|Sucker Punch|p1a: Miraidon\n|-resisted|p1a: Miraidon\n|-damage|p1a: Miraidon|87/100 psn\n|move|p2a: Weezing|Dazzling Gleam|p1b: Lunala|[spread] p1a,p1b\n|-damage|p1a: Miraidon|72/100 psn\n|-damage|p1b: Lunala|75/100 slp\n|-curestatus|p1b: Lunala|slp|[msg]\n|move|p1b: Lunala|Moongeist Beam|p2a: Weezing\n|-damage|p2a: Weezing|0 fnt\n|faint|p2a: Weezing\n|-end|p2a: Weezing|ability: Neutralizing Gas\n|-activate|p2b: Brute Bonnet|ability: Protosynthesis\n|-start|p2b: Brute Bonnet|protosynthesisdef\n|-fieldstart|move: Electric Terrain|[from] ability: Hadron Engine|[of] p1a: Miraidon\n|-enditem|p1b: Lunala|Electric Seed\n|-boost|p1b: Lunala|def|1|[from] item: Electric Seed\n|move|p1a: Miraidon|Dazzling Gleam|p2b: Brute Bonnet\n|-supereffective|p2b: Brute Bonnet\n|-damage|p2b: Brute Bonnet|0 fnt\n|faint|p2b: Brute Bonnet\n|-end|p2b: Brute Bonnet|Protosynthesis|[silent]\n|\n|-weather|none\n|-damage|p1a: Miraidon|60/100 psn|[from] psn\n|-fieldend|move: Trick Room\n|upkeep\n|\n|t:|1775887689\n|switch|p2b: Koraidon|Koraidon, L50|70/100\n|switch|p2a: Calyrex|Calyrex-Shadow, L50|100/100\n|-ability|p2a: Calyrex|As One\n|-ability|p2a: Calyrex|Unnerve\n|-weather|SunnyDay|[from] ability: Orichalcum Pulse|[of] p2b: Koraidon\n|-activate|p2b: Koraidon|Orichalcum Pulse|[source]\n|turn|6\n|\n|t:|1775887702\n|move|p1b: Lunala|Wide Guard|p1b: Lunala\n|-singleturn|p1b: Lunala|Wide Guard\n|move|p2a: Calyrex|Astral Barrage|p1a: Miraidon|[spread] \n|-activate|p1a: Miraidon|move: Wide Guard\n|-activate|p1b: Lunala|move: Wide Guard\n|move|p2b: Koraidon|Flare Blitz|p1a: Miraidon\n|-damage|p1a: Miraidon|0 fnt\n|faint|p1a: Miraidon\n|-damage|p2b: Koraidon|48/100|[from] Recoil\n|\n|-weather|SunnyDay|[upkeep]\n|upkeep\n|turn|7\n|\n|t:|1775887709\n|move|p2a: Calyrex|Astral Barrage|p1b: Lunala\n|-supereffective|p1b: Lunala\n|-damage|p1b: Lunala|0 fnt\n|faint|p1b: Lunala\n|-damage|p2a: Calyrex|91/100|[from] item: Life Orb\n|\n|win|happidoodledoo\n|raw|navinsachump's rating: 1547 &rarr; <strong>1530</strong><br />(-17 for losing)\n|raw|happidoodledoo's rating: 1607 &rarr; <strong>1624</strong><br />(+17 for winning)\n|l|\u2606navinsachump\n|player|p1|\n|l|\u2606happidoodledoo\n|player|p2|\n","uploadtime":1775887969,"views":33,"formatid":"gen9vgc2026regi","rating":1530,"private":0,"password":null}