{"id":"gen9vgc2026regi-2544879647","format":"[Gen 9] VGC 2026 Reg I","players":["crabominable 740","Bef6"],"log":"|j|\u2606crabominable 740\n|j|\u2606Bef6\n|t:|1771774450\n|gametype|doubles\n|player|p1|crabominable 740|hiker-gen4|1399\n|player|p2|Bef6|102|1653\n|gen|9\n|tier|[Gen 9] VGC 2026 Reg I\n|rated|\n|rule|Species Clause: Limit one of each Pok\u00e9mon\n|rule|Item Clause: Limit 1 of each item\n|clearpoke\n|poke|p1|Calyrex-Ice, L50|\n|poke|p1|Ursaluna-Bloodmoon, L50, M|\n|poke|p1|Primarina, L50, F|\n|poke|p1|Grimmsnarl, L50, M|\n|poke|p1|Farigiraf, L50, M|\n|poke|p1|Koraidon, L50|\n|poke|p2|Ho-Oh, L50|\n|poke|p2|Koraidon, L50|\n|poke|p2|Flutter Mane, L50|\n|poke|p2|Incineroar, L50, F|\n|poke|p2|Raging Bolt, L50|\n|poke|p2|Rhydon, L50, M|\n|teampreview|4\n|inactive|Battle timer is ON: inactive players will automatically lose when time's up. (requested by crabominable 740)\n|\n|t:|1771774499\n|teamsize|p1|4\n|teamsize|p2|4\n|start\n|switch|p1a: \uc218\ub839\ub2d8|Calyrex-Ice, L50|100/100\n|switch|p1b: \uc624\uac10\uc790|Grimmsnarl, L50, M|100/100\n|switch|p2a: Ho-Oh|Ho-Oh, L50|100/100\n|switch|p2b: Incineroar|Incineroar, L50, F|100/100\n|-ability|p1a: \uc218\ub839\ub2d8|As One\n|-ability|p1a: \uc218\ub839\ub2d8|Unnerve\n|-ability|p2b: Incineroar|Intimidate|boost\n|-fail|p1a: \uc218\ub839\ub2d8|unboost|[from] item: Clear Amulet|[of] p1a: \uc218\ub839\ub2d8\n|-unboost|p1b: \uc624\uac10\uc790|atk|1\n|turn|1\n|\n|t:|1771774512\n|move|p1a: \uc218\ub839\ub2d8|Protect|p1a: \uc218\ub839\ub2d8\n|-singleturn|p1a: \uc218\ub839\ub2d8|Protect\n|move|p1b: \uc624\uac10\uc790|Misty Terrain|p1b: \uc624\uac10\uc790\n|-fieldstart|move: Misty Terrain\n|move|p2a: Ho-Oh|Sacred Fire|p1b: \uc624\uac10\uc790\n|-damage|p1b: \uc624\uac10\uc790|58/100\n|move|p2b: Incineroar|Knock Off|p1a: \uc218\ub839\ub2d8\n|-activate|p1a: \uc218\ub839\ub2d8|move: Protect\n|\n|upkeep\n|turn|2\n|\n|t:|1771774530\n|switch|p1b: \uc6b0\ub8e8\ub098|Ursaluna-Bloodmoon, L50, M|100/100\n|-terastallize|p1a: \uc218\ub839\ub2d8|Water\n|move|p2a: Ho-Oh|Brave Bird|p1a: \uc218\ub839\ub2d8\n|-damage|p1a: \uc218\ub839\ub2d8|63/100\n|-damage|p2a: Ho-Oh|88/100|[from] Recoil\n|move|p2b: Incineroar|Knock Off|p1a: \uc218\ub839\ub2d8\n|-damage|p1a: \uc218\ub839\ub2d8|38/100\n|-enditem|p1a: \uc218\ub839\ub2d8|Clear Amulet|[from] move: Knock Off|[of] p2b: Incineroar\n|move|p1a: \uc218\ub839\ub2d8|Trick Room|p1a: \uc218\ub839\ub2d8\n|-fieldstart|move: Trick Room|[of] p1a: \uc218\ub839\ub2d8\n|\n|upkeep\n|turn|3\n|\n|t:|1771774541\n|-terastallize|p2b: Incineroar|Water\n|move|p2a: Ho-Oh|Protect|p2a: Ho-Oh\n|-singleturn|p2a: Ho-Oh|Protect\n|move|p1a: \uc218\ub839\ub2d8|Glacial Lance|p2a: Ho-Oh|[spread] p2b\n|-activate|p2a: Ho-Oh|move: Protect\n|-resisted|p2b: Incineroar\n|-damage|p2b: Incineroar|77/100\n|move|p1b: \uc6b0\ub8e8\ub098|Blood Moon|p2b: Incineroar\n|-damage|p2b: Incineroar|0 fnt\n|faint|p2b: Incineroar\n|-damage|p1b: \uc6b0\ub8e8\ub098|91/100|[from] item: Life Orb\n|\n|upkeep\n|\n|t:|1771774546\n|switch|p2b: Raging Bolt|Raging Bolt, L50|100/100\n|turn|4\n|\n|t:|1771774565\n|move|p1a: \uc218\ub839\ub2d8|Protect|p1a: \uc218\ub839\ub2d8\n|-singleturn|p1a: \uc218\ub839\ub2d8|Protect\n|move|p2b: Raging Bolt|Thunderclap||[still]\n|-fail|p2b: Raging Bolt\n|move|p1b: \uc6b0\ub8e8\ub098|Earth Power|p2b: Raging Bolt\n|-supereffective|p2b: Raging Bolt\n|-crit|p2b: Raging Bolt\n|-damage|p2b: Raging Bolt|0 fnt\n|faint|p2b: Raging Bolt\n|-end|p2b: Raging Bolt|Protosynthesis|[silent]\n|-damage|p1b: \uc6b0\ub8e8\ub098|81/100|[from] item: Life Orb\n|move|p2a: Ho-Oh|Sacred Fire|p1b: \uc6b0\ub8e8\ub098\n|-damage|p1b: \uc6b0\ub8e8\ub098|48/100\n|\n|upkeep\n|\n|t:|1771774571\n|switch|p2b: Koraidon|Koraidon, L50|100/100\n|-weather|SunnyDay|[from] ability: Orichalcum Pulse|[of] p2b: Koraidon\n|-activate|p2b: Koraidon|Orichalcum Pulse|[source]\n|turn|5\n|\n|t:|1771774594\n|move|p2a: Ho-Oh|Protect|p2a: Ho-Oh\n|-singleturn|p2a: Ho-Oh|Protect\n|move|p2b: Koraidon|Protect|p2b: Koraidon\n|-singleturn|p2b: Koraidon|Protect\n|move|p1a: \uc218\ub839\ub2d8|Glacial Lance|p2b: Koraidon|[spread] \n|-activate|p2a: Ho-Oh|move: Protect\n|-activate|p2b: Koraidon|move: Protect\n|move|p1b: \uc6b0\ub8e8\ub098|Hyper Voice|p2b: Koraidon|[spread] \n|-activate|p2a: Ho-Oh|move: Protect\n|-activate|p2b: Koraidon|move: Protect\n|\n|-weather|SunnyDay|[upkeep]\n|-fieldend|Misty Terrain\n|upkeep\n|turn|6\n|\n|t:|1771774600\n|move|p2a: Ho-Oh|Protect||[still]\n|-fail|p2a: Ho-Oh\n|move|p2b: Koraidon|Protect|p2b: Koraidon\n|-singleturn|p2b: Koraidon|Protect\n|move|p1a: \uc218\ub839\ub2d8|Glacial Lance|p2a: Ho-Oh|[spread] p2a\n|-activate|p2b: Koraidon|move: Protect\n|-damage|p2a: Ho-Oh|37/100\n|move|p1b: \uc6b0\ub8e8\ub098|Hyper Voice|p2a: Ho-Oh|[spread] p2a\n|-activate|p2b: Koraidon|move: Protect\n|-damage|p2a: Ho-Oh|8/100\n|-damage|p1b: \uc6b0\ub8e8\ub098|38/100|[from] item: Life Orb\n|\n|-weather|SunnyDay|[upkeep]\n|-fieldend|move: Trick Room\n|upkeep\n|turn|7\n|\n|t:|1771774619\n|move|p1a: \uc218\ub839\ub2d8|Protect|p1a: \uc218\ub839\ub2d8\n|-singleturn|p1a: \uc218\ub839\ub2d8|Protect\n|move|p2b: Koraidon|Dragon Claw|p1a: \uc218\ub839\ub2d8\n|-activate|p1a: \uc218\ub839\ub2d8|move: Protect\n|move|p2a: Ho-Oh|Sacred Fire|p1b: \uc6b0\ub8e8\ub098|[miss]\n|-miss|p2a: Ho-Oh|p1b: \uc6b0\ub8e8\ub098\n|move|p1b: \uc6b0\ub8e8\ub098|Hyper Voice|p2a: Ho-Oh|[spread] p2a,p2b\n|-damage|p2a: Ho-Oh|0 fnt\n|-damage|p2b: Koraidon|47/100\n|faint|p2a: Ho-Oh\n|-damage|p1b: \uc6b0\ub8e8\ub098|29/100|[from] item: Life Orb\n|\n|-weather|SunnyDay|[upkeep]\n|upkeep\n|turn|8\n|-message|Bef6 forfeited.\n|\n|win|crabominable 740\n|raw|crabominable 740's rating: 1399 &rarr; <strong>1431</strong><br />(+32 for winning)\n|raw|Bef6's rating: 1653 &rarr; <strong>1621</strong><br />(-32 for losing)\n|l|\u2606Bef6\n|player|p2|\n|l|\u2606crabominable 740\n|player|p1|\n","uploadtime":1771774636,"views":30,"formatid":"gen9vgc2026regi","rating":1431,"private":0,"password":null}