{"id":"gen9vgc2026regi-2542742222","format":"[Gen 9] VGC 2026 Reg I","players":["mohammed mo7trf","kojimuranishi"],"log":"|j|\u2606mohammed mo7trf\n|j|\u2606kojimuranishi\n|t:|1771489474\n|gametype|doubles\n|player|p1|mohammed mo7trf|nate|1392\n|player|p2|kojimuranishi|2|1580\n|gen|9\n|tier|[Gen 9] VGC 2026 Reg I\n|rated|\n|rule|Species Clause: Limit one of each Pok\u00e9mon\n|rule|Item Clause: Limit 1 of each item\n|clearpoke\n|poke|p1|Kyurem-White, L50|\n|poke|p1|Zamazenta-*, L50|\n|poke|p1|Rillaboom, L50, M|\n|poke|p1|Incineroar, L50, M|\n|poke|p1|Ninetales-Alola, L50, F|\n|poke|p1|Tornadus, L50, M|\n|poke|p2|Flutter Mane, L50|\n|poke|p2|Koraidon, L50|\n|poke|p2|Chi-Yu, L50|\n|poke|p2|Lunala, L50|\n|poke|p2|Ursaluna, L50, M|\n|poke|p2|Brute Bonnet, L50|\n|teampreview|4\n|inactive|Battle timer is ON: inactive players will automatically lose when time's up. (requested by kojimuranishi)\n|j| chafemillr\n|inactive|kojimuranishi has 60 seconds left.\n|\n|t:|1771489510\n|teamsize|p1|4\n|teamsize|p2|4\n|start\n|switch|p1a: Zamazenta|Zamazenta-Crowned, L50, shiny|100/100\n|switch|p1b: Tornadus|Tornadus, L50, M, shiny|100/100\n|switch|p2a: Flutter Mane|Flutter Mane, L50|100/100\n|switch|p2b: Chi-Yu|Chi-Yu, L50|100/100\n|-ability|p2b: Chi-Yu|Beads of Ruin\n|-ability|p1a: Zamazenta|Dauntless Shield|boost\n|-boost|p1a: Zamazenta|def|1\n|turn|1\n|inactive|mohammed mo7trf has 30 seconds left.\n|\n|t:|1771489542\n|switch|p2b: Lunala|Lunala, L50|100/100\n|-terastallize|p1a: Zamazenta|Fire\n|move|p1b: Tornadus|Tailwind|p1b: Tornadus\n|-sidestart|p1: mohammed mo7trf|move: Tailwind\n|move|p1a: Zamazenta|Behemoth Bash|p2a: Flutter Mane\n|-supereffective|p2a: Flutter Mane\n|-enditem|p2a: Flutter Mane|Focus Sash\n|-damage|p2a: Flutter Mane|1/100\n|move|p2a: Flutter Mane|Icy Wind|p1a: Zamazenta|[spread] p1a,p1b\n|-resisted|p1a: Zamazenta\n|-supereffective|p1b: Tornadus\n|-damage|p1a: Zamazenta|96/100\n|-damage|p1b: Tornadus|68/100\n|-unboost|p1a: Zamazenta|spe|1\n|\n|upkeep\n|turn|2\n|inactive|kojimuranishi has 30 seconds left.\n|\n|t:|1771489569\n|move|p1b: Tornadus|Bleakwind Storm|p2a: Flutter Mane|[spread] p2a,p2b\n|-damage|p2a: Flutter Mane|0 fnt\n|-damage|p2b: Lunala|88/100\n|faint|p2a: Flutter Mane\n|-end|p2a: Flutter Mane|Protosynthesis|[silent]\n|move|p1a: Zamazenta|Behemoth Bash|p2b: Lunala\n|-damage|p2b: Lunala|56/100\n|move|p2b: Lunala|Meteor Beam||[still]\n|-prepare|p2b: Lunala|Meteor Beam\n|-boost|p2b: Lunala|spa|1\n|-enditem|p2b: Lunala|Power Herb\n|-anim|p2b: Lunala|Meteor Beam|p1a: Zamazenta\n|-supereffective|p1a: Zamazenta\n|-damage|p1a: Zamazenta|20/100\n|\n|upkeep\n|\n|t:|1771489586\n|switch|p2a: Koraidon|Koraidon, L50|100/100\n|-weather|SunnyDay|[from] ability: Orichalcum Pulse|[of] p2a: Koraidon\n|-activate|p2a: Koraidon|Orichalcum Pulse|[source]\n|turn|3\n|\n|t:|1771489603\n|move|p2b: Lunala|Wide Guard|p2b: Lunala\n|-singleturn|p2b: Lunala|Wide Guard\n|move|p1b: Tornadus|Snowscape|p1b: Tornadus\n|-weather|Snowscape\n|move|p2a: Koraidon|Flame Charge|p1b: Tornadus\n|-damage|p1b: Tornadus|41/100\n|-boost|p2a: Koraidon|spe|1\n|-damage|p2a: Koraidon|91/100|[from] item: Life Orb\n|move|p1a: Zamazenta|Body Press|p2a: Koraidon\n|-damage|p2a: Koraidon|31/100\n|\n|-weather|Snowscape|[upkeep]\n|upkeep\n|turn|4\n|inactive|kojimuranishi has 30 seconds left.\n|inactive|kojimuranishi has 20 seconds left.\n|inactive|kojimuranishi has 15 seconds left.\n|inactive|kojimuranishi has 10 seconds left.\n|inactive|kojimuranishi has 5 seconds left.\n|\n|t:|1771489656\n|switch|p1b: Incineroar|Incineroar, L50, M, shiny|100/100\n|-ability|p1b: Incineroar|Intimidate|boost\n|-unboost|p2a: Koraidon|atk|1\n|-unboost|p2b: Lunala|atk|1\n|move|p2a: Koraidon|Close Combat|p1a: Zamazenta\n|-damage|p1a: Zamazenta|0 fnt\n|-unboost|p2a: Koraidon|def|1\n|-unboost|p2a: Koraidon|spd|1\n|faint|p1a: Zamazenta\n|-damage|p2a: Koraidon|22/100|[from] item: Life Orb\n|move|p2b: Lunala|Moongeist Beam|p1b: Incineroar\n|-resisted|p1b: Incineroar\n|-damage|p1b: Incineroar|67/100\n|\n|-weather|Snowscape|[upkeep]\n|-sideend|p1: mohammed mo7trf|move: Tailwind\n|upkeep\n|\n|t:|1771489672\n|switch|p1a: Tornadus|Tornadus, L50, M, shiny|41/100\n|turn|5\n|inactive|kojimuranishi has 30 seconds left.\n|\n|t:|1771489701\n|move|p1a: Tornadus|Tailwind|p1a: Tornadus\n|-sidestart|p1: mohammed mo7trf|move: Tailwind\n|move|p2a: Koraidon|Close Combat|p1b: Incineroar\n|-supereffective|p1b: Incineroar\n|-damage|p1b: Incineroar|0 fnt\n|-unboost|p2a: Koraidon|def|1\n|-unboost|p2a: Koraidon|spd|1\n|faint|p1b: Incineroar\n|-damage|p2a: Koraidon|12/100|[from] item: Life Orb\n|move|p2b: Lunala|Moongeist Beam|p1a: Tornadus\n|-damage|p1a: Tornadus|0 fnt\n|faint|p1a: Tornadus\n|\n|-weather|Snowscape|[upkeep]\n|upkeep\n|\n|t:|1771489707\n|switch|p1b: Kyurem|Kyurem-White, L50, shiny|100/100\n|-ability|p1b: Kyurem|Turboblaze\n|turn|6\n|inactive|kojimuranishi has 30 seconds left.\n|inactive|kojimuranishi has 20 seconds left.\n|inactive|kojimuranishi has 15 seconds left.\n|\n|t:|1771489751\n|move|p2a: Koraidon|Protect|p2a: Koraidon\n|-singleturn|p2a: Koraidon|Protect\n|move|p1b: Kyurem|Freeze-Dry|p2a: Koraidon\n|-activate|p2a: Koraidon|move: Protect\n|move|p2b: Lunala|Trick Room|p2b: Lunala\n|-fieldstart|move: Trick Room|[of] p2b: Lunala\n|\n|-weather|Snowscape|[upkeep]\n|upkeep\n|turn|7\n|\n|t:|1771489768\n|move|p2b: Lunala|Moongeist Beam|p1b: Kyurem\n|-damage|p1b: Kyurem|57/100\n|move|p1b: Kyurem|Blizzard|p2a: Koraidon|[spread] p2a,p2b\n|-supereffective|p2a: Koraidon\n|-crit|p2a: Koraidon\n|-damage|p2a: Koraidon|0 fnt\n|-damage|p2b: Lunala|19/100\n|-status|p2b: Lunala|frz\n|faint|p2a: Koraidon\n|\n|-weather|none\n|upkeep\n|\n|t:|1771489781\n|switch|p2a: Chi-Yu|Chi-Yu, L50|100/100\n|-ability|p2a: Chi-Yu|Beads of Ruin\n|turn|8\n|\n|t:|1771489788\n|cant|p2b: Lunala|frz\n|move|p2a: Chi-Yu|Overheat|p1b: Kyurem\n|-damage|p1b: Kyurem|1/100\n|-unboost|p2a: Chi-Yu|spa|2\n|move|p1b: Kyurem|Earth Power|p2a: Chi-Yu\n|-supereffective|p2a: Chi-Yu\n|-damage|p2a: Chi-Yu|6/100\n|\n|-sideend|p1: mohammed mo7trf|move: Tailwind\n|upkeep\n|turn|9\n|\n|t:|1771489806\n|move|p1b: Kyurem|Blizzard|p2b: Lunala|[spread] p2b\n|-miss|p1b: Kyurem|p2a: Chi-Yu\n|-damage|p2b: Lunala|0 fnt\n|faint|p2b: Lunala\n|move|p2a: Chi-Yu|Overheat|p1b: Kyurem\n|-damage|p1b: Kyurem|0 fnt\n|-unboost|p2a: Chi-Yu|spa|2\n|faint|p1b: Kyurem\n|\n|win|kojimuranishi\n|raw|mohammed mo7trf's rating: 1392 &rarr; <strong>1382</strong><br />(-10 for losing)\n|raw|kojimuranishi's rating: 1580 &rarr; <strong>1590</strong><br />(+10 for winning)\n|l|\u2606mohammed mo7trf\n|player|p1|\n","uploadtime":1771489995,"views":19,"formatid":"gen9vgc2026regi","rating":1382,"private":0,"password":null}