{"id":"gen9vgc2026regi-2554552134","format":"[Gen 9] VGC 2026 Reg I","players":["zakpaskal","xiaoliyunVGC"],"log":"|j|\u2606zakpaskal\n|j|\u2606xiaoliyunVGC\n|t:|1772986170\n|gametype|doubles\n|player|p1|zakpaskal|crasherwake|1341\n|player|p2|xiaoliyunVGC|liko|1538\n|gen|9\n|tier|[Gen 9] VGC 2026 Reg I\n|rated|\n|rule|Species Clause: Limit one of each Pok\u00e9mon\n|rule|Item Clause: Limit 1 of each item\n|clearpoke\n|poke|p1|Lunala, L50|\n|poke|p1|Rillaboom, L50, M|\n|poke|p1|Zamazenta-*, L50|\n|poke|p1|Ogerpon-Wellspring, L50, F|\n|poke|p1|Armarouge, L50, F|\n|poke|p1|Annihilape, L50, M|\n|poke|p2|Zamazenta-*, L50|\n|poke|p2|Kyogre, L50|\n|poke|p2|Raichu, L50, F|\n|poke|p2|Flutter Mane, L50|\n|poke|p2|Tornadus, L50, M|\n|poke|p2|Urshifu-*, L50, F|\n|teampreview|4\n|inactive|Battle timer is ON: inactive players will automatically lose when time's up. (requested by xiaoliyunVGC)\n|\n|t:|1772986195\n|teamsize|p1|4\n|teamsize|p2|4\n|start\n|switch|p1a: Rillaboom|Rillaboom, L50, M|100/100\n|switch|p1b: Ogerpon|Ogerpon-Wellspring, L50, F|100/100\n|switch|p2a: Zamazenta|Zamazenta-Crowned, L50, shiny|100/100\n|switch|p2b: Raichu|Raichu, L50, F, shiny|100/100\n|-ability|p2a: Zamazenta|Dauntless Shield|boost\n|-boost|p2a: Zamazenta|def|1\n|-fieldstart|move: Grassy Terrain|[from] ability: Grassy Surge|[of] p1a: Rillaboom\n|turn|1\n|\n|t:|1772986217\n|-terastallize|p2a: Zamazenta|Fighting\n|move|p2b: Raichu|Fake Out|p1a: Rillaboom\n|-damage|p1a: Rillaboom|93/100\n|move|p2a: Zamazenta|Body Press|p1a: Rillaboom\n|-damage|p1a: Rillaboom|11/100\n|move|p1b: Ogerpon|Ivy Cudgel|p2b: Raichu|[anim] Ivy Cudgel Water\n|-enditem|p2b: Raichu|Focus Sash\n|-damage|p2b: Raichu|1/100\n|cant|p1a: Rillaboom|flinch\n|\n|-heal|p2b: Raichu|7/100|[from] Grassy Terrain\n|-heal|p1a: Rillaboom|17/100|[from] Grassy Terrain\n|upkeep\n|turn|2\n|\n|t:|1772986240\n|switch|p1b: Lunala|Lunala, L50|100/100\n|move|p2b: Raichu|Feint|p1b: Lunala\n|-immune|p1b: Lunala\n|move|p1a: Rillaboom|Grassy Glide|p2b: Raichu\n|-damage|p2b: Raichu|0 fnt\n|faint|p2b: Raichu\n|move|p2a: Zamazenta|Body Press|p1b: Lunala\n|-immune|p1b: Lunala\n|\n|-heal|p1a: Rillaboom|23/100|[from] Grassy Terrain\n|upkeep\n|\n|t:|1772986245\n|switch|p2b: Urshifu|Urshifu, L50, F|100/100\n|turn|3\n|\n|t:|1772986268\n|-terastallize|p1b: Lunala|Fairy\n|move|p1a: Rillaboom|Grassy Glide|p2b: Urshifu\n|-damage|p2b: Urshifu|66/100\n|move|p2a: Zamazenta|Behemoth Bash|p1b: Lunala\n|-supereffective|p1b: Lunala\n|-damage|p1b: Lunala|72/100\n|move|p2b: Urshifu|Wicked Blow|p1b: Lunala\n|-resisted|p1b: Lunala\n|-crit|p1b: Lunala\n|-damage|p1b: Lunala|39/100\n|move|p1b: Lunala|Moonblast|p2a: Zamazenta\n|-supereffective|p2a: Zamazenta\n|-damage|p2a: Zamazenta|42/100\n|\n|-heal|p2a: Zamazenta|48/100|[from] Grassy Terrain\n|-heal|p2b: Urshifu|71/100|[from] Grassy Terrain\n|-heal|p1b: Lunala|45/100|[from] Grassy Terrain\n|-heal|p1b: Lunala|52/100|[from] item: Leftovers\n|-heal|p1a: Rillaboom|28/100|[from] Grassy Terrain\n|upkeep\n|turn|4\n|\n|t:|1772986289\n|switch|p2b: Kyogre|Kyogre, L50, shiny|100/100\n|-weather|RainDance|[from] ability: Drizzle|[of] p2b: Kyogre\n|switch|p1a: Ogerpon|Ogerpon-Wellspring, L50, F|100/100\n|move|p1b: Lunala|Protect|p1b: Lunala\n|-singleturn|p1b: Lunala|Protect\n|move|p2a: Zamazenta|Body Press|p1a: Ogerpon\n|-damage|p1a: Ogerpon|6/100\n|\n|-weather|RainDance|[upkeep]\n|-heal|p2a: Zamazenta|54/100|[from] Grassy Terrain\n|-heal|p1a: Ogerpon|12/100|[from] Grassy Terrain\n|-heal|p1b: Lunala|58/100|[from] Grassy Terrain\n|-heal|p1b: Lunala|64/100|[from] item: Leftovers\n|upkeep\n|turn|5\n|\n|t:|1772986307\n|move|p1a: Ogerpon|Follow Me|p1a: Ogerpon\n|-singleturn|p1a: Ogerpon|move: Follow Me\n|move|p2b: Kyogre|Ice Beam|p1a: Ogerpon\n|-damage|p1a: Ogerpon|0 fnt\n|faint|p1a: Ogerpon\n|move|p2a: Zamazenta|Behemoth Bash|p1b: Lunala\n|-supereffective|p1b: Lunala\n|-damage|p1b: Lunala|12/100\n|move|p1b: Lunala|Moonblast|p2a: Zamazenta\n|-supereffective|p2a: Zamazenta\n|-damage|p2a: Zamazenta|0 fnt\n|faint|p2a: Zamazenta\n|\n|-weather|RainDance|[upkeep]\n|-heal|p1b: Lunala|19/100|[from] Grassy Terrain\n|-heal|p1b: Lunala|25/100|[from] item: Leftovers\n|-fieldend|move: Grassy Terrain\n|upkeep\n|inactive|zakpaskal has 30 seconds left.\n|\n|t:|1772986333\n|switch|p2a: Urshifu|Urshifu, L50, F|71/100\n|switch|p1a: Zamazenta|Zamazenta-Crowned, L50|100/100\n|-ability|p1a: Zamazenta|Dauntless Shield|boost\n|-boost|p1a: Zamazenta|def|1\n|turn|6\n|\n|t:|1772986349\n|move|p2b: Kyogre|Ice Beam|p1a: Zamazenta\n|-resisted|p1a: Zamazenta\n|-damage|p1a: Zamazenta|88/100\n|move|p1a: Zamazenta|Body Press|p2a: Urshifu\n|-supereffective|p2a: Urshifu\n|-damage|p2a: Urshifu|0 fnt\n|faint|p2a: Urshifu\n|move|p1b: Lunala|Trick Room|p1b: Lunala\n|-fieldstart|move: Trick Room|[of] p1b: Lunala\n|\n|-weather|RainDance|[upkeep]\n|-heal|p1b: Lunala|31/100|[from] item: Leftovers\n|upkeep\n|turn|7\n|-message|xiaoliyunVGC forfeited.\n|\n|win|zakpaskal\n|raw|zakpaskal's rating: 1341 &rarr; <strong>1371</strong><br />(+30 for winning)\n|raw|xiaoliyunVGC's rating: 1538 &rarr; <strong>1508</strong><br />(-30 for losing)\n|l|\u2606xiaoliyunVGC\n|player|p2|\n|l|\u2606zakpaskal\n|player|p1|\n","uploadtime":1772986589,"views":16,"formatid":"gen9vgc2026regi","rating":1371,"private":0,"password":null}