{"id":"gen9vgc2026regi-2533960971","format":"[Gen 9] VGC 2026 Reg I","players":["keturn","VJ2511"],"log":"|j|\u2606keturn\n|j|\u2606VJ2511\n|t:|1770367925\n|gametype|doubles\n|player|p1|keturn|1|1472\n|player|p2|VJ2511|red-masters3|1574\n|gen|9\n|tier|[Gen 9] VGC 2026 Reg I\n|rated|\n|rule|Species Clause: Limit one of each Pok\u00e9mon\n|rule|Item Clause: Limit 1 of each item\n|clearpoke\n|poke|p1|Lunala, L50|\n|poke|p1|Ursaluna, L50, F|\n|poke|p1|Urshifu-*, L50, M|\n|poke|p1|Incineroar, L50, F|\n|poke|p1|Amoonguss, L50, M|\n|poke|p1|Calyrex-Shadow, L50|\n|poke|p2|Calyrex-Shadow, L50|\n|poke|p2|Zamazenta-*, L50|\n|poke|p2|Chien-Pao, L50|\n|poke|p2|Dragonite, L50, M|\n|poke|p2|Raging Bolt, L50|\n|poke|p2|Amoonguss, L50, M|\n|teampreview|4\n|inactive|Battle timer is ON: inactive players will automatically lose when time's up. (requested by VJ2511)\n|inactive|keturn has 60 seconds left.\n|inactive|VJ2511 has 60 seconds left.\n|inactive|keturn has 30 seconds left.\n|j| riyuezi\n|inactive|keturn has 20 seconds left.\n|\n|t:|1770368000\n|teamsize|p1|4\n|teamsize|p2|4\n|start\n|switch|p1a: Urshifu|Urshifu-Rapid-Strike, L50, M|100/100\n|switch|p1b: Calyrex|Calyrex-Shadow, L50|100/100\n|switch|p2a: Calyrex|Calyrex-Shadow, L50|100/100\n|switch|p2b: Zamazenta|Zamazenta-Crowned, L50|100/100\n|-ability|p1b: Calyrex|As One\n|-ability|p1b: Calyrex|Unnerve\n|-ability|p2a: Calyrex|As One\n|-ability|p2a: Calyrex|Unnerve\n|-ability|p2b: Zamazenta|Dauntless Shield|boost\n|-boost|p2b: Zamazenta|def|1\n|turn|1\n|inactive|keturn has 30 seconds left.\n|\n|t:|1770368027\n|switch|p2a: Dragonite|Dragonite, L50, M, shiny|100/100\n|-terastallize|p2b: Zamazenta|Dragon\n|move|p1a: Urshifu|Surging Strikes|p2b: Zamazenta\n|-resisted|p2b: Zamazenta\n|-crit|p2b: Zamazenta\n|-damage|p2b: Zamazenta|94/100\n|-resisted|p2b: Zamazenta\n|-crit|p2b: Zamazenta\n|-damage|p2b: Zamazenta|88/100\n|-resisted|p2b: Zamazenta\n|-crit|p2b: Zamazenta\n|-damage|p2b: Zamazenta|82/100\n|-hitcount|p2b: Zamazenta|3\n|move|p1b: Calyrex|Imprison|p1b: Calyrex\n|-start|p1b: Calyrex|move: Imprison\n|move|p2b: Zamazenta|Heavy Slam|p1b: Calyrex\n|-damage|p1b: Calyrex|43/100\n|\n|upkeep\n|turn|2\n|c|\u2606VJ2511|of course\n|c|\u2606VJ2511|its an imprison csr\n|c|\u2606VJ2511|like what else could it be\n|inactive|keturn has 30 seconds left.\n|inactive|VJ2511 has 30 seconds left.\n|\n|t:|1770368059\n|switch|p1a: Amoonguss|Amoonguss, L50, M|100/100\n|move|p1b: Calyrex|Protect|p1b: Calyrex\n|-singleturn|p1b: Calyrex|Protect\n|move|p2b: Zamazenta|Heavy Slam|p1b: Calyrex\n|-activate|p1b: Calyrex|move: Protect\n|move|p2a: Dragonite|Outrage|p1a: Amoonguss\n|-damage|p1a: Amoonguss|18/100\n|-damage|p2a: Dragonite|84/100|[from] item: Rocky Helmet|[of] p1a: Amoonguss\n|\n|upkeep\n|turn|3\n|inactive|keturn has 30 seconds left.\n|inactive|keturn has 20 seconds left.\n|\n|t:|1770368099\n|move|p1a: Amoonguss|Rage Powder|p1a: Amoonguss\n|-singleturn|p1a: Amoonguss|move: Rage Powder\n|move|p1b: Calyrex|Astral Barrage|p2b: Zamazenta|[spread] p2a,p2b\n|-damage|p2a: Dragonite|35/100\n|-damage|p2b: Zamazenta|49/100\n|move|p2b: Zamazenta|Heavy Slam|p1a: Amoonguss\n|-damage|p1a: Amoonguss|0 fnt\n|-damage|p2b: Zamazenta|32/100|[from] item: Rocky Helmet|[of] p1a: Amoonguss\n|faint|p1a: Amoonguss\n|move|p2a: Dragonite|Outrage|p1b: Calyrex|[from] lockedmove\n|-damage|p1b: Calyrex|0 fnt\n|faint|p1b: Calyrex\n|\n|upkeep\n|\n|t:|1770368113\n|switch|p1b: Ursaluna|Ursaluna, L50, F|100/100\n|switch|p1a: Urshifu|Urshifu-Rapid-Strike, L50, M|100/100\n|turn|4\n|inactive|keturn has 30 seconds left.\n|c|\u2606VJ2511|like we can be normal humans\n|c|\u2606VJ2511|and run a normal csr\n|c|\u2606VJ2511|but nooo\n|c|\u2606VJ2511|we have to imprison\n|inactive|keturn has 20 seconds left.\n|\n|t:|1770368150\n|-terastallize|p1a: Urshifu|Water\n|move|p1b: Ursaluna|Protect|p1b: Ursaluna\n|-singleturn|p1b: Ursaluna|Protect\n|move|p1a: Urshifu|Surging Strikes|p2a: Dragonite\n|-resisted|p2a: Dragonite\n|-crit|p2a: Dragonite\n|-damage|p2a: Dragonite|20/100\n|-resisted|p2a: Dragonite\n|-crit|p2a: Dragonite\n|-damage|p2a: Dragonite|6/100\n|-resisted|p2a: Dragonite\n|-crit|p2a: Dragonite\n|-damage|p2a: Dragonite|0 fnt\n|faint|p2a: Dragonite\n|-hitcount|p2: Dragonite|3\n|move|p2b: Zamazenta|Body Press|p1a: Urshifu\n|-damage|p1a: Urshifu|27/100\n|\n|-status|p1b: Ursaluna|brn|[from] item: Flame Orb\n|upkeep\n|\n|t:|1770368157\n|switch|p2a: Chien-Pao|Chien-Pao, L50|100/100\n|-ability|p2a: Chien-Pao|Sword of Ruin\n|turn|5\n|inactive|keturn has 30 seconds left.\n|\n|t:|1770368188\n|move|p2a: Chien-Pao|Sucker Punch|p1a: Urshifu\n|-damage|p1a: Urshifu|0 fnt\n|faint|p1a: Urshifu\n|move|p2b: Zamazenta|Body Press|p1b: Ursaluna\n|-supereffective|p1b: Ursaluna\n|-damage|p1b: Ursaluna|0 fnt\n|faint|p1b: Ursaluna\n|\n|win|VJ2511\n|raw|keturn's rating: 1472 &rarr; <strong>1458</strong><br />(-14 for losing)\n|raw|VJ2511's rating: 1574 &rarr; <strong>1588</strong><br />(+14 for winning)\n","uploadtime":1770368194,"views":40,"formatid":"gen9vgc2026regi","rating":1458,"private":0,"password":null}