{"id":"gen9vgc2026regi-2548162278","format":"[Gen 9] VGC 2026 Reg I","players":["celebary","501JFW"],"log":"|j|\u2606celebary\n|j|\u2606501JFW\n|t:|1772179545\n|gametype|doubles\n|player|p1|celebary|cheryl|1479\n|player|p2|501JFW|101|1589\n|gen|9\n|tier|[Gen 9] VGC 2026 Reg I\n|rated|\n|rule|Species Clause: Limit one of each Pok\u00e9mon\n|rule|Item Clause: Limit 1 of each item\n|clearpoke\n|poke|p1|Kyogre, L50|\n|poke|p1|Calyrex-Ice, L50|\n|poke|p1|Rillaboom, L50, M|\n|poke|p1|Farigiraf, L50, M|\n|poke|p1|Urshifu-*, L50, F|\n|poke|p1|Whimsicott, L50, F|\n|poke|p2|Kyogre, L50|\n|poke|p2|Calyrex-Ice, L50|\n|poke|p2|Amoonguss, L50, M|\n|poke|p2|Iron Jugulis, L50|\n|poke|p2|Urshifu-*, L50, F|\n|poke|p2|Indeedee-F, L50, F|\n|teampreview|4\n|inactive|Battle timer is ON: inactive players will automatically lose when time's up. (requested by 501JFW)\n|inactive|501JFW has 60 seconds left.\n|\n|t:|1772179585\n|teamsize|p1|4\n|teamsize|p2|4\n|start\n|switch|p1a: Whimsicott|Whimsicott, L50, F|100/100\n|switch|p1b: Urshifu|Urshifu-Rapid-Strike, L50, F|100/100\n|switch|p2a: Calyrex|Calyrex-Ice, L50|100/100\n|switch|p2b: Amoonguss|Amoonguss, L50, M, shiny|100/100\n|-ability|p2a: Calyrex|As One\n|-ability|p2a: Calyrex|Unnerve\n|turn|1\n|inactive|celebary has 30 seconds left.\n|inactive|501JFW has 30 seconds left.\n|inactive|celebary has 20 seconds left.\n|inactive|501JFW has 20 seconds left.\n|inactive|celebary has 15 seconds left.\n|inactive|celebary has 10 seconds left.\n|inactive|celebary has 5 seconds left.\n|\n|t:|1772179635\n|move|p1a: Whimsicott|Taunt|p2a: Calyrex\n|-start|p2a: Calyrex|move: Taunt\n|move|p1b: Urshifu|U-turn|p2b: Amoonguss\n|-damage|p2b: Amoonguss|72/100\n|-damage|p1b: Urshifu|84/100|[from] item: Rocky Helmet|[of] p2b: Amoonguss\n|\n|t:|1772179641\n|switch|p1b: Rillaboom|Rillaboom, L50, M|100/100|[from] U-turn\n|-fieldstart|move: Grassy Terrain|[from] ability: Grassy Surge|[of] p1b: Rillaboom\n|move|p2b: Amoonguss|Spore|p1b: Rillaboom\n|-immune|p1b: Rillaboom\n|cant|p2a: Calyrex|move: Taunt|Trick Room\n|\n|-heal|p2b: Amoonguss|78/100|[from] Grassy Terrain\n|upkeep\n|turn|2\n|inactive|501JFW has 30 seconds left.\n|\n|t:|1772179671\n|move|p1b: Rillaboom|Fake Out|p2a: Calyrex\n|-damage|p2a: Calyrex|93/100\n|move|p1a: Whimsicott|Taunt|p2b: Amoonguss\n|-start|p2b: Amoonguss|move: Taunt\n|cant|p2a: Calyrex|flinch\n|move|p2b: Amoonguss|Clear Smog|p1a: Whimsicott\n|-supereffective|p1a: Whimsicott\n|-damage|p1a: Whimsicott|19/100\n|-clearboost|p1a: Whimsicott\n|\n|-heal|p1a: Whimsicott|25/100|[from] Grassy Terrain\n|-heal|p2a: Calyrex|99/100|[from] Grassy Terrain\n|-heal|p2b: Amoonguss|84/100|[from] Grassy Terrain\n|upkeep\n|turn|3\n|l|\u2606501JFW\n|inactive|501JFW disconnected and has a minute to reconnect!\n|player|p2|\n|j|\u2606501JFW\n|inactive|501JFW reconnected and has 50 seconds left.\n|player|p2|501JFW|101|\n|\n|t:|1772179692\n|move|p1a: Whimsicott|Tailwind|p1a: Whimsicott\n|-sidestart|p1: celebary|move: Tailwind\n|move|p1b: Rillaboom|U-turn|p2a: Calyrex\n|-supereffective|p2a: Calyrex\n|-damage|p2a: Calyrex|69/100\n|\n|t:|1772179697\n|switch|p1b: Kyogre|Kyogre, L50|100/100|[from] U-turn\n|-weather|RainDance|[from] ability: Drizzle|[of] p1b: Kyogre\n|move|p2a: Calyrex|Glacial Lance|p1a: Whimsicott|[spread] p1a,p1b\n|-supereffective|p1a: Whimsicott\n|-resisted|p1b: Kyogre\n|-damage|p1a: Whimsicott|0 fnt\n|-damage|p1b: Kyogre|69/100\n|faint|p1a: Whimsicott\n|-ability|p2a: Calyrex|Chilling Neigh|boost\n|-boost|p2a: Calyrex|atk|1\n|move|p2b: Amoonguss|Pollen Puff|p2a: Calyrex\n|-heal|p2a: Calyrex|100/100\n|\n|-weather|RainDance|[upkeep]\n|-heal|p1b: Kyogre|74/100|[from] Grassy Terrain\n|-heal|p2b: Amoonguss|90/100|[from] Grassy Terrain\n|-end|p2a: Calyrex|move: Taunt\n|upkeep\n|\n|t:|1772179717\n|switch|p1a: Urshifu|Urshifu-Rapid-Strike, L50, F|84/100\n|turn|4\n|\n|t:|1772179732\n|switch|p2b: Indeedee|Indeedee-F, L50, F, shiny|100/100\n|-fieldstart|move: Psychic Terrain|[from] ability: Psychic Surge|[of] p2b: Indeedee\n|-enditem|p2b: Indeedee|Psychic Seed\n|-boost|p2b: Indeedee|spd|1|[from] item: Psychic Seed\n|-terastallize|p1b: Kyogre|Grass\n|-terastallize|p2a: Calyrex|Grass\n|move|p1a: Urshifu|Surging Strikes|p2a: Calyrex\n|-resisted|p2a: Calyrex\n|-crit|p2a: Calyrex\n|-damage|p2a: Calyrex|86/100\n|-resisted|p2a: Calyrex\n|-crit|p2a: Calyrex\n|-damage|p2a: Calyrex|72/100\n|-resisted|p2a: Calyrex\n|-crit|p2a: Calyrex\n|-damage|p2a: Calyrex|56/100\n|-hitcount|p2a: Calyrex|3\n|move|p1b: Kyogre|Water Spout|p2b: Indeedee|[spread] p2a,p2b\n|-resisted|p2a: Calyrex\n|-damage|p2a: Calyrex|24/100\n|-damage|p2b: Indeedee|26/100\n|move|p2a: Calyrex|Trick Room|p2a: Calyrex\n|-fieldstart|move: Trick Room|[of] p2a: Calyrex\n|\n|-weather|RainDance|[upkeep]\n|upkeep\n|turn|5\n|l|\u2606501JFW\n|inactive|501JFW disconnected and has a minute to reconnect!\n|player|p2|\n|j|\u2606501JFW\n|inactive|501JFW reconnected and has 35 seconds left.\n|player|p2|501JFW|101|\n|inactive|501JFW has 30 seconds left.\n|\n|t:|1772179760\n|switch|p1b: Rillaboom|Rillaboom, L50, M|100/100\n|-fieldstart|move: Grassy Terrain|[from] ability: Grassy Surge|[of] p1b: Rillaboom\n|move|p2a: Calyrex|Glacial Lance|p1a: Urshifu|[spread] p1a,p1b\n|-resisted|p1a: Urshifu\n|-supereffective|p1b: Rillaboom\n|-crit|p1b: Rillaboom\n|-damage|p1a: Urshifu|38/100\n|-damage|p1b: Rillaboom|0 fnt\n|faint|p1b: Rillaboom\n|-ability|p2a: Calyrex|Chilling Neigh|boost\n|-boost|p2a: Calyrex|atk|1\n|move|p2b: Indeedee|Psychic|p1a: Urshifu\n|-supereffective|p1a: Urshifu\n|-damage|p1a: Urshifu|0 fnt\n|faint|p1a: Urshifu\n|\n|-weather|RainDance|[upkeep]\n|-heal|p2a: Calyrex|30/100|[from] Grassy Terrain\n|-heal|p2b: Indeedee|32/100|[from] Grassy Terrain\n|upkeep\n|\n|t:|1772179776\n|switch|p1b: Kyogre|Kyogre, L50, tera:Grass|74/100\n|turn|6\n|\n|t:|1772179783\n|switch|p2b: Amoonguss|Amoonguss, L50, M, shiny|100/100\n|move|p2a: Calyrex|Glacial Lance|p1b: Kyogre\n|-supereffective|p1b: Kyogre\n|-damage|p1b: Kyogre|0 fnt\n|faint|p1b: Kyogre\n|\n|win|501JFW\n|raw|celebary's rating: 1479 &rarr; <strong>1465</strong><br />(-14 for losing)\n|raw|501JFW's rating: 1589 &rarr; <strong>1603</strong><br />(+14 for winning)\n|l|\u2606celebary\n|player|p1|\n|l|\u2606501JFW\n|player|p2|\n","uploadtime":1772179939,"views":20,"formatid":"gen9vgc2026regi","rating":1465,"private":0,"password":null}