{"id":"gen9vgc2026regi-2582186703","format":"[Gen 9] VGC 2026 Reg I","players":["Dimama6","sunny_zong2"],"log":"|j|\u2606Dimama6\n|j|\u2606sunny_zong2\n|t:|1776068912\n|gametype|doubles\n|player|p1|Dimama6|2|1260\n|player|p2|sunny_zong2|102|1395\n|gen|9\n|tier|[Gen 9] VGC 2026 Reg I\n|rated|\n|rule|Species Clause: Limit one of each Pok\u00e9mon\n|rule|Item Clause: Limit 1 of each item\n|clearpoke\n|poke|p1|Zamazenta-*, L50|\n|poke|p1|Calyrex-Shadow, L50|\n|poke|p1|Urshifu-*, L50, M|\n|poke|p1|Rillaboom, L50, M|\n|poke|p1|Ogerpon-Hearthflame, L50, F|\n|poke|p1|Incineroar, L50, M|\n|poke|p2|Muk-Alola, L50, M|\n|poke|p2|Flamigo, L50, M|\n|poke|p2|Miraidon, L50|\n|poke|p2|Calyrex-Shadow, L50|\n|poke|p2|Indeedee, L50, M|\n|poke|p2|Smeargle, L50, F|\n|teampreview|4\n|inactive|Battle timer is ON: inactive players will automatically lose when time's up. (requested by sunny_zong2)\n|inactive|Dimama6 has 60 seconds left.\n|inactive|sunny_zong2 has 60 seconds left.\n|\n|t:|1776068949\n|teamsize|p1|4\n|teamsize|p2|4\n|start\n|switch|p1a: Zamazenta|Zamazenta-Crowned, L50|100/100\n|switch|p1b: Calyrex|Calyrex-Shadow, L50|100/100\n|switch|p2a: Smeargle|Smeargle, L50, F|100/100\n|switch|p2b: Muk|Muk-Alola, L50, M|100/100\n|-ability|p1b: Calyrex|As One\n|-ability|p1b: Calyrex|Unnerve\n|-ability|p1a: Zamazenta|Dauntless Shield|boost\n|-boost|p1a: Zamazenta|def|1\n|turn|1\n|inactive|Dimama6 has 30 seconds left.\n|\n|t:|1776068976\n|-terastallize|p1b: Calyrex|Dark\n|move|p2b: Muk|Protect|p2b: Muk\n|-singleturn|p2b: Muk|Protect\n|move|p1a: Zamazenta|Wide Guard|p1a: Zamazenta\n|-singleturn|p1a: Zamazenta|Wide Guard\n|move|p1b: Calyrex|Nasty Plot|p1b: Calyrex\n|-boost|p1b: Calyrex|spa|2\n|move|p2a: Smeargle|Metal Burst||[still]\n|-fail|p2a: Smeargle\n|\n|-ability|p2a: Smeargle|Moody|boost\n|-boost|p2a: Smeargle|def|2\n|-unboost|p2a: Smeargle|spd|1\n|upkeep\n|turn|2\n|inactive|Dimama6 has 30 seconds left.\n|\n|t:|1776069005\n|move|p2a: Smeargle|Follow Me|p2a: Smeargle\n|-singleturn|p2a: Smeargle|move: Follow Me\n|move|p1b: Calyrex|Psychic|p2a: Smeargle\n|-enditem|p2a: Smeargle|Focus Sash\n|-damage|p2a: Smeargle|1/100\n|-damage|p1b: Calyrex|91/100|[from] item: Life Orb\n|move|p1a: Zamazenta|Body Press|p2a: Smeargle\n|-supereffective|p2a: Smeargle\n|-damage|p2a: Smeargle|0 fnt\n|faint|p2a: Smeargle\n|-ability|p2b: Muk|Moody|Power of Alchemy|[from] ability: Power of Alchemy|[of] p2a: Smeargle\n|move|p2b: Muk|Minimize|p2b: Muk\n|-boost|p2b: Muk|evasion|2\n|\n|-ability|p2b: Muk|Moody|boost\n|-boost|p2b: Muk|def|2\n|-unboost|p2b: Muk|spa|1\n|upkeep\n|\n|t:|1776069008\n|switch|p2a: Calyrex|Calyrex-Shadow, L50|100/100\n|-ability|p2a: Calyrex|As One\n|-ability|p2a: Calyrex|Unnerve\n|turn|3\n|inactive|sunny_zong2 has 30 seconds left.\n|\n|t:|1776069038\n|move|p1a: Zamazenta|Wide Guard|p1a: Zamazenta\n|-singleturn|p1a: Zamazenta|Wide Guard\n|move|p2a: Calyrex|Pollen Puff|p1b: Calyrex\n|-supereffective|p1b: Calyrex\n|-damage|p1b: Calyrex|12/100\n|move|p1b: Calyrex|Astral Barrage|p2b: Muk|[spread] p2a\n|-miss|p1b: Calyrex|p2b: Muk\n|-supereffective|p2a: Calyrex\n|-damage|p2a: Calyrex|0 fnt\n|faint|p2a: Calyrex\n|-ability|p1b: Calyrex|Grim Neigh|boost\n|-boost|p1b: Calyrex|spa|1\n|-damage|p1b: Calyrex|2/100|[from] item: Life Orb\n|move|p2b: Muk|Minimize|p2b: Muk\n|-boost|p2b: Muk|evasion|2\n|\n|-ability|p2b: Muk|Moody|boost\n|-boost|p2b: Muk|def|2\n|-unboost|p2b: Muk|spd|1\n|upkeep\n|\n|t:|1776069040\n|switch|p2a: Flamigo|Flamigo, L50, M|100/100\n|-copyboost|p2a: Flamigo|p2b: Muk|[from] ability: Costar\n|-enditem|p2a: Flamigo|White Herb\n|-clearnegativeboost|p2a: Flamigo|[silent]\n|turn|4\n|inactive|Dimama6 has 30 seconds left.\n|\n|t:|1776069073\n|move|p2b: Muk|Protect|p2b: Muk\n|-singleturn|p2b: Muk|Protect\n|move|p1b: Calyrex|Psychic|p2a: Flamigo|[miss]\n|-miss|p1b: Calyrex|p2a: Flamigo\n|move|p1a: Zamazenta|Body Press|p2b: Muk\n|-activate|p2b: Muk|move: Protect\n|move|p2a: Flamigo|Substitute|p2a: Flamigo\n|-start|p2a: Flamigo|Substitute\n|-damage|p2a: Flamigo|76/100\n|\n|-ability|p2b: Muk|Moody|boost\n|-boost|p2b: Muk|def|2\n|-unboost|p2b: Muk|spd|1\n|upkeep\n|turn|5\n|inactive|Dimama6 has 30 seconds left.\n|\n|t:|1776069100\n|move|p1b: Calyrex|Astral Barrage|p2a: Flamigo|[spread] p2a,p2b\n|-end|p2a: Flamigo|Substitute\n|-resisted|p2b: Muk\n|-damage|p2b: Muk|0 fnt\n|faint|p2b: Muk\n|-ability|p1b: Calyrex|Grim Neigh|boost\n|-boost|p1b: Calyrex|spa|1\n|-damage|p1b: Calyrex|0 fnt|[from] item: Life Orb\n|faint|p1b: Calyrex\n|move|p1a: Zamazenta|Body Press|p2a: Flamigo|[miss]\n|-miss|p1a: Zamazenta|p2a: Flamigo\n|move|p2a: Flamigo|Brave Bird|p1a: Zamazenta\n|-damage|p1a: Zamazenta|77/100\n|-damage|p2a: Flamigo|67/100|[from] Recoil\n|\n|upkeep\n|\n|t:|1776069118\n|switch|p1b: Incineroar|Incineroar, L50, M|100/100\n|-ability|p1b: Incineroar|Intimidate|boost\n|-unboost|p2a: Flamigo|atk|1\n|turn|6\n|\n|t:|1776069127\n|move|p1b: Incineroar|Fake Out|p2a: Flamigo|[miss]\n|-miss|p1b: Incineroar|p2a: Flamigo\n|move|p1a: Zamazenta|Heavy Slam|p2a: Flamigo|[miss]\n|-miss|p1a: Zamazenta|p2a: Flamigo\n|move|p2a: Flamigo|Substitute|p2a: Flamigo\n|-start|p2a: Flamigo|Substitute\n|-damage|p2a: Flamigo|43/100\n|\n|upkeep\n|turn|7\n|\n|t:|1776069141\n|move|p1a: Zamazenta|Heavy Slam|p2a: Flamigo|[miss]\n|-miss|p1a: Zamazenta|p2a: Flamigo\n|move|p2a: Flamigo|Roost|p2a: Flamigo\n|-heal|p2a: Flamigo|93/100\n|-singleturn|p2a: Flamigo|move: Roost\n|move|p1b: Incineroar|Knock Off|p2a: Flamigo\n|-resisted|p2a: Flamigo\n|-activate|p2a: Flamigo|move: Substitute|[damage]\n|\n|upkeep\n|turn|8\n|inactive|Dimama6 has 30 seconds left.\n|\n|t:|1776069167\n|move|p1a: Zamazenta|Heavy Slam|p2a: Flamigo\n|-end|p2a: Flamigo|Substitute\n|move|p2a: Flamigo|Close Combat|p1a: Zamazenta\n|-supereffective|p1a: Zamazenta\n|-damage|p1a: Zamazenta|47/100\n|-unboost|p2a: Flamigo|def|1\n|-unboost|p2a: Flamigo|spd|1\n|move|p1b: Incineroar|Knock Off|p2a: Flamigo\n|-resisted|p2a: Flamigo\n|-damage|p2a: Flamigo|86/100\n|\n|upkeep\n|turn|9\n|\n|t:|1776069187\n|move|p1a: Zamazenta|Heavy Slam|p2a: Flamigo|[miss]\n|-miss|p1a: Zamazenta|p2a: Flamigo\n|move|p2a: Flamigo|Substitute|p2a: Flamigo\n|-start|p2a: Flamigo|Substitute\n|-damage|p2a: Flamigo|62/100\n|move|p1b: Incineroar|Parting Shot|p2a: Flamigo|[miss]\n|-miss|p1b: Incineroar|p2a: Flamigo\n|\n|upkeep\n|turn|10\n|\n|t:|1776069202\n|switch|p1b: Urshifu|Urshifu-Rapid-Strike, L50, M|100/100\n|move|p1a: Zamazenta|Heavy Slam|p2a: Flamigo\n|-crit|p2a: Flamigo\n|-end|p2a: Flamigo|Substitute\n|move|p2a: Flamigo|Brave Bird|p1a: Zamazenta\n|-damage|p1a: Zamazenta|31/100\n|-damage|p2a: Flamigo|56/100|[from] Recoil\n|\n|upkeep\n|turn|11\n|\n|t:|1776069219\n|move|p1b: Urshifu|Surging Strikes|p2a: Flamigo|[miss]\n|-miss|p1b: Urshifu|p2a: Flamigo\n|move|p1a: Zamazenta|Heavy Slam|p2a: Flamigo\n|-damage|p2a: Flamigo|25/100\n|move|p2a: Flamigo|Substitute|p2a: Flamigo\n|-fail|p2a: Flamigo|move: Substitute|[weak]\n|\n|upkeep\n|turn|12\n|\n|t:|1776069232\n|move|p1b: Urshifu|Surging Strikes|p2a: Flamigo|[miss]\n|-miss|p1b: Urshifu|p2a: Flamigo\n|move|p1a: Zamazenta|Heavy Slam|p2a: Flamigo\n|-damage|p2a: Flamigo|0 fnt\n|faint|p2a: Flamigo\n|\n|win|Dimama6\n|raw|Dimama6's rating: 1260 &rarr; <strong>1294</strong><br />(+34 for winning)\n|raw|sunny_zong2's rating: 1395 &rarr; <strong>1368</strong><br />(-27 for losing)\n|l|\u2606sunny_zong2\n|player|p2|\n","uploadtime":1776069409,"views":8,"formatid":"gen9vgc2026regi","rating":1294,"private":0,"password":null}