{"id":"gen9vgc2026regi-2562085733","format":"[Gen 9] VGC 2026 Reg I","players":["je8","GAPDHD"],"log":"|j|\u2606je8\n|j|\u2606GAPDHD\n|t:|1773869671\n|gametype|doubles\n|player|p1|je8|1|1318\n|player|p2|GAPDHD|ruinmaniac|1478\n|gen|9\n|tier|[Gen 9] VGC 2026 Reg I\n|rated|\n|rule|Species Clause: Limit one of each Pok\u00e9mon\n|rule|Item Clause: Limit 1 of each item\n|clearpoke\n|poke|p1|Calyrex-Ice, L50|\n|poke|p1|Ninetales-Alola, L50, F|\n|poke|p1|Chien-Pao, L50|\n|poke|p1|Kyurem-White, L50|\n|poke|p1|Iron Bundle, L50|\n|poke|p1|Froslass, L50, F|\n|poke|p2|Lunala, L50|\n|poke|p2|Groudon, L50|\n|poke|p2|Indeedee-F, L50, F|\n|poke|p2|Incineroar, L50, F|\n|poke|p2|Brute Bonnet, L50|\n|poke|p2|Walking Wake, L50|\n|teampreview|4\nGAPDHD has agreed to open team sheets.\n|l|\u2606GAPDHD\n|player|p2|\n|j|\u2606GAPDHD\n|player|p2|GAPDHD|ruinmaniac|\n|inactive|Battle timer is ON: inactive players will automatically lose when time's up. (requested by GAPDHD)\n|\n|t:|1773869844\n|teamsize|p1|4\n|teamsize|p2|4\n|start\n|switch|p1a: Kyurem|Kyurem-White, L50|100/100\n|switch|p1b: Froslass|Froslass, L50, F|100/100\n|switch|p2a: Lunala|Lunala, L50|100/100\n|switch|p2b: Incineroar|Incineroar, L50, F|100/100\n|-ability|p1a: Kyurem|Turboblaze\n|-ability|p2b: Incineroar|Intimidate|boost\n|-unboost|p1a: Kyurem|atk|1\n|-unboost|p1b: Froslass|atk|1\n|turn|1\n|inactive|je8 has 30 seconds left.\n|inactive|je8 has 20 seconds left.\n|inactive|je8 has 15 seconds left.\n|inactive|je8 has 10 seconds left.\n|inactive|je8 has 5 seconds left.\n|inactive|GAPDHD has 30 seconds left.\n|\n|t:|1773869896\n|move|p2b: Incineroar|Fake Out|p1a: Kyurem\n|-damage|p1a: Kyurem|89/100\n|move|p1b: Froslass|Taunt|p2a: Lunala\n|-start|p2a: Lunala|move: Taunt\n|cant|p1a: Kyurem|flinch\n|cant|p2a: Lunala|move: Taunt|Trick Room\n|\n|-heal|p1a: Kyurem|96/100|[from] item: Leftovers\n|upkeep\n|turn|2\n|inactive|je8 has 30 seconds left.\n|inactive|je8 has 20 seconds left.\n|inactive|je8 has 15 seconds left.\n|inactive|je8 has 10 seconds left.\n|inactive|je8 has 5 seconds left.\n|\n|t:|1773869951\n|-terastallize|p2a: Lunala|Dark\n|move|p1a: Kyurem|Protect|p1a: Kyurem\n|-singleturn|p1a: Kyurem|Protect\n|move|p1b: Froslass|Ice Shard|p2b: Incineroar\n|-resisted|p2b: Incineroar\n|-damage|p2b: Incineroar|97/100\n|move|p2a: Lunala|Meteor Beam||[still]\n|-prepare|p2a: Lunala|Meteor Beam\n|-boost|p2a: Lunala|spa|1\n|-enditem|p2a: Lunala|Power Herb\n|-anim|p2a: Lunala|Meteor Beam|p1a: Kyurem\n|-activate|p1a: Kyurem|move: Protect\n|move|p2b: Incineroar|Knock Off|p1b: Froslass\n|-supereffective|p1b: Froslass\n|-damage|p1b: Froslass|0 fnt\n|-start|p2b: Incineroar|Disable|Knock Off|[from] ability: Cursed Body|[of] p1b: Froslass\n|-enditem|p1b: Froslass|Safety Goggles|[from] move: Knock Off|[of] p2b: Incineroar\n|faint|p1b: Froslass\n|\n|-heal|p1a: Kyurem|100/100|[from] item: Leftovers\n|upkeep\n|inactive|je8 has 30 seconds left.\n|inactive|je8 has 20 seconds left.\n|inactive|je8 has 15 seconds left.\n|inactive|je8 has 10 seconds left.\n|inactive|je8 has 5 seconds left.\n|\n|t:|1773870004\n|switch|p1b: Calyrex|Calyrex-Ice, L50|100/100\n|-ability|p1b: Calyrex|As One\n|-ability|p1b: Calyrex|Unnerve\n|turn|3\n|\n|t:|1773870029\n|-terastallize|p1b: Calyrex|Fairy\n|move|p1a: Kyurem|Freeze-Dry|p2a: Lunala\n|-damage|p2a: Lunala|83/100\n|move|p2a: Lunala|Moongeist Beam|p1a: Kyurem\n|-damage|p1a: Kyurem|28/100\n|move|p2b: Incineroar|Flare Blitz|p1a: Kyurem\n|-damage|p1a: Kyurem|0 fnt\n|faint|p1a: Kyurem\n|-damage|p2b: Incineroar|87/100|[from] Recoil\n|move|p1b: Calyrex|Glacial Lance|p2b: Incineroar|[spread] p2a,p2b\n|-resisted|p2b: Incineroar\n|-damage|p2a: Lunala|32/100\n|-damage|p2b: Incineroar|60/100\n|\n|-end|p2a: Lunala|move: Taunt\n|upkeep\n|\n|t:|1773870045\n|switch|p1a: Ninetales|Ninetales-Alola, L50, F|100/100\n|-weather|Snowscape|[from] ability: Snow Warning|[of] p1a: Ninetales\n|turn|4\n|inactive|GAPDHD has 30 seconds left.\n|inactive|GAPDHD has 20 seconds left.\n|inactive|GAPDHD has 15 seconds left.\n|inactive|GAPDHD has 10 seconds left.\n|inactive|GAPDHD has 5 seconds left.\n|\n|t:|1773870100\n|move|p2b: Incineroar|Fake Out||[still]\n|-hint|Fake Out only works on your first turn out.\n|-fail|p2b: Incineroar\n|move|p1a: Ninetales|Blizzard|p2a: Lunala|[spread] p2a,p2b\n|-resisted|p2b: Incineroar\n|-damage|p2a: Lunala|12/100\n|-damage|p2b: Incineroar|46/100\n|move|p2a: Lunala|Meteor Beam||[still]\n|-prepare|p2a: Lunala|Meteor Beam\n|-boost|p2a: Lunala|spa|1\n|move|p1b: Calyrex|High Horsepower|p2b: Incineroar\n|-supereffective|p2b: Incineroar\n|-damage|p2b: Incineroar|0 fnt\n|faint|p2b: Incineroar\n|-ability|p1b: Calyrex|Chilling Neigh|boost\n|-boost|p1b: Calyrex|atk|1\n|\n|-weather|Snowscape|[upkeep]\n|upkeep\n|\n|t:|1773870106\n|switch|p2b: Groudon|Groudon, L50|100/100\n|-weather|SunnyDay|[from] ability: Drought|[of] p2b: Groudon\n|turn|5\n|\n|t:|1773870116\n|move|p1a: Ninetales|Freeze-Dry|p2a: Lunala\n|-damage|p2a: Lunala|0 fnt\n|faint|p2a: Lunala\n|move|p2b: Groudon|Precipice Blades|p1b: Calyrex|[spread] p1a,p1b\n|-enditem|p1a: Ninetales|Focus Sash\n|-damage|p1a: Ninetales|1/100\n|-damage|p1b: Calyrex|49/100\n|move|p1b: Calyrex|Glacial Lance|p2b: Groudon\n|-supereffective|p2b: Groudon\n|-damage|p2b: Groudon|0 fnt\n|faint|p2b: Groudon\n|-ability|p1b: Calyrex|Chilling Neigh|boost\n|-boost|p1b: Calyrex|atk|1\n|\n|-weather|SunnyDay|[upkeep]\n|upkeep\n|\n|t:|1773870133\n|switch|p2b: Brute Bonnet|Brute Bonnet, L50|100/100\n|-activate|p2b: Brute Bonnet|ability: Protosynthesis\n|-start|p2b: Brute Bonnet|protosynthesisdef\n|turn|6\n|inactive|GAPDHD has 30 seconds left.\n|inactive|GAPDHD has 20 seconds left.\n|inactive|GAPDHD has 15 seconds left.\n|inactive|GAPDHD has 10 seconds left.\n|inactive|GAPDHD has 5 seconds left.\n|\n|t:|1773870188\n|move|p2b: Brute Bonnet|Rage Powder|p2b: Brute Bonnet\n|-singleturn|p2b: Brute Bonnet|move: Rage Powder\n|move|p1a: Ninetales|Freeze-Dry|p2b: Brute Bonnet\n|-supereffective|p2b: Brute Bonnet\n|-damage|p2b: Brute Bonnet|50/100\n|move|p1b: Calyrex|Glacial Lance|p2b: Brute Bonnet\n|-supereffective|p2b: Brute Bonnet\n|-damage|p2b: Brute Bonnet|0 fnt\n|faint|p2b: Brute Bonnet\n|-end|p2b: Brute Bonnet|Protosynthesis|[silent]\n|\n|win|je8\n|raw|je8's rating: 1318 &rarr; <strong>1347</strong><br />(+29 for winning)\n|raw|GAPDHD's rating: 1491 &rarr; <strong>1462</strong><br />(-29 for losing)\n|l|\u2606je8\n|player|p1|\n|l|\u2606GAPDHD\n|player|p2|\n","uploadtime":1773870421,"views":14,"formatid":"gen9vgc2026regi","rating":1347,"private":0,"password":null}