{"id":"gen9vgc2026regi-2522996981","format":"[Gen 9] VGC 2026 Reg I","players":["LAGGYA$$ INTERNET","Fogdocker"],"log":"|j|\u2606LAGGYA$$ INTERNET\n|j|\u2606Fogdocker\n|t:|1768969194\n|gametype|doubles\n|player|p1|LAGGYA$$ INTERNET|lucas|1377\n|player|p2|Fogdocker|169|1501\n|gen|9\n|tier|[Gen 9] VGC 2026 Reg I\n|rated|\n|rule|Species Clause: Limit one of each Pok\u00e9mon\n|rule|Item Clause: Limit 1 of each item\n|clearpoke\n|poke|p1|Kyogre, L50|\n|poke|p1|Calyrex-Ice, L50|\n|poke|p1|Rhyperior, L50, F|\n|poke|p1|Urshifu-*, L50, F|\n|poke|p1|Amoonguss, L50, F|\n|poke|p1|Iron Jugulis, L50|\n|poke|p2|Calyrex-Ice, L50|\n|poke|p2|Kyogre, L50|\n|poke|p2|Urshifu-*, L50, M|\n|poke|p2|Rillaboom, L50, M|\n|poke|p2|Landorus, L50, M|\n|poke|p2|Tornadus, L50, M|\n|teampreview|4\n|inactive|Battle timer is ON: inactive players will automatically lose when time's up. (requested by LAGGYA$$ INTERNET)\n|\n|t:|1768969221\n|teamsize|p1|4\n|teamsize|p2|4\n|start\n|switch|p1a: Kyogre|Kyogre, L50|100/100\n|switch|p1b: Iron Jugulis|Iron Jugulis, L50|100/100\n|switch|p2a: Kyogre|Kyogre, L50|100/100\n|switch|p2b: Tornadus|Tornadus, L50, M|100/100\n|-weather|RainDance|[from] ability: Drizzle|[of] p1a: Kyogre\n|-enditem|p1b: Iron Jugulis|Booster Energy\n|-activate|p1b: Iron Jugulis|ability: Quark Drive|[fromitem]\n|-start|p1b: Iron Jugulis|quarkdrivespe\n|turn|1\n|inactive|LAGGYA$$ INTERNET has 30 seconds left.\n|inactive|LAGGYA$$ INTERNET has 20 seconds left.\n|\n|t:|1768969257\n|move|p2b: Tornadus|Tailwind|p2b: Tornadus\n|-sidestart|p2: Fogdocker|move: Tailwind\n|move|p1b: Iron Jugulis|Tailwind|p1b: Iron Jugulis\n|-sidestart|p1: LAGGYA$$ INTERNET|move: Tailwind\n|move|p1a: Kyogre|Thunder|p2a: Kyogre\n|-supereffective|p2a: Kyogre\n|-damage|p2a: Kyogre|11/100\n|move|p2a: Kyogre|Water Spout|p1a: Kyogre|[spread] p1a,p1b\n|-resisted|p1a: Kyogre\n|-damage|p1a: Kyogre|96/100\n|-damage|p1b: Iron Jugulis|89/100\n|\n|-weather|RainDance|[upkeep]\n|upkeep\n|turn|2\n|\n|t:|1768969273\n|move|p1b: Iron Jugulis|Snarl|p2b: Tornadus|[spread] p2a,p2b\n|-damage|p2a: Kyogre|0 fnt\n|-damage|p2b: Tornadus|84/100\n|faint|p2a: Kyogre\n|move|p2b: Tornadus|Bleakwind Storm|p1b: Iron Jugulis|[spread] p1a,p1b\n|-damage|p1a: Kyogre|69/100\n|-damage|p1b: Iron Jugulis|54/100\n|-unboost|p1a: Kyogre|spe|1\n|move|p1a: Kyogre|Thunder|p2b: Tornadus\n|-supereffective|p2b: Tornadus\n|-damage|p2b: Tornadus|0 fnt\n|faint|p2b: Tornadus\n|\n|-weather|RainDance|[upkeep]\n|upkeep\n|\n|t:|1768969279\n|switch|p2b: Calyrex|Calyrex-Ice, L50|100/100\n|switch|p2a: Urshifu|Urshifu-Rapid-Strike, L50, M|100/100\n|-ability|p2b: Calyrex|As One\n|-ability|p2b: Calyrex|Unnerve\n|turn|3\n|\n|t:|1768969298\n|switch|p1a: Calyrex|Calyrex-Ice, L50|100/100\n|-ability|p1a: Calyrex|As One\n|-ability|p1a: Calyrex|Unnerve\n|-terastallize|p2b: Calyrex|Water\n|move|p1b: Iron Jugulis|Hurricane|p2a: Urshifu\n|-supereffective|p2a: Urshifu\n|-damage|p2a: Urshifu|0 fnt\n|faint|p2a: Urshifu\n|move|p2b: Calyrex|Glacial Lance|p1b: Iron Jugulis|[spread] p1a,p1b\n|-resisted|p1a: Calyrex\n|-supereffective|p1b: Iron Jugulis\n|-damage|p1a: Calyrex|83/100\n|-damage|p1b: Iron Jugulis|0 fnt\n|faint|p1b: Iron Jugulis\n|-end|p1b: Iron Jugulis|Quark Drive|[silent]\n|-ability|p2b: Calyrex|Chilling Neigh|boost\n|-boost|p2b: Calyrex|atk|1\n|\n|-weather|RainDance|[upkeep]\n|upkeep\n|\n|t:|1768969315\n|switch|p1b: Kyogre|Kyogre, L50|69/100\n|turn|4\n|\n|t:|1768969326\n|move|p2b: Calyrex|Protect|p2b: Calyrex\n|-singleturn|p2b: Calyrex|Protect\n|move|p1b: Kyogre|Thunder|p2b: Calyrex\n|-activate|p2b: Calyrex|move: Protect\n|move|p1a: Calyrex|Close Combat|p2b: Calyrex\n|-activate|p2b: Calyrex|move: Protect\n|\n|-weather|RainDance|[upkeep]\n|-sideend|p2: Fogdocker|move: Tailwind\n|-sideend|p1: LAGGYA$$ INTERNET|move: Tailwind\n|upkeep\n|turn|5\n|\n|t:|1768969337\n|move|p1b: Kyogre|Thunder|p2b: Calyrex\n|-supereffective|p2b: Calyrex\n|-damage|p2b: Calyrex|24/100\n|move|p1a: Calyrex|Close Combat|p2b: Calyrex\n|-damage|p2b: Calyrex|0 fnt\n|-unboost|p1a: Calyrex|def|1\n|-unboost|p1a: Calyrex|spd|1\n|faint|p2b: Calyrex\n|\n|win|LAGGYA$$ INTERNET\n|raw|LAGGYA$$ INTERNET's rating: 1377 &rarr; <strong>1404</strong><br />(+27 for winning)\n|raw|Fogdocker's rating: 1501 &rarr; <strong>1474</strong><br />(-27 for losing)\n|l|\u2606LAGGYA$$ INTERNET\n|player|p1|\n","uploadtime":1768969476,"views":16,"formatid":"gen9vgc2026regi","rating":1404,"private":0,"password":null}