{"id":"gen9vgc2026regi-2537022635","format":"[Gen 9] VGC 2026 Reg I","players":["yamato-tak","alexit93"],"log":"|j|\u2606yamato-tak\n|j|\u2606alexit93\n|t:|1770757758\n|gametype|doubles\n|player|p1|yamato-tak|170|1491\n|player|p2|alexit93|lucas-gen4pt|1462\n|gen|9\n|tier|[Gen 9] VGC 2026 Reg I\n|rated|\n|rule|Species Clause: Limit one of each Pok\u00e9mon\n|rule|Item Clause: Limit 1 of each item\n|clearpoke\n|poke|p1|Miraidon, L50|\n|poke|p1|Calyrex-Ice, L50|\n|poke|p1|Volcarona, L50, M|\n|poke|p1|Araquanid, L50, M|\n|poke|p1|Grimmsnarl, L50, M|\n|poke|p1|Rillaboom, L50, M|\n|poke|p2|Zamazenta-*, L50|\n|poke|p2|Riolu, L50, F|\n|poke|p2|Calyrex-Ice, L50|\n|poke|p2|Rillaboom, L50, F|\n|poke|p2|Incineroar, L50, F|\n|poke|p2|Urshifu-*, L50, F|\n|teampreview|4\n|inactive|Battle timer is ON: inactive players will automatically lose when time's up. (requested by yamato-tak)\n|\n|t:|1770757774\n|teamsize|p1|4\n|teamsize|p2|4\n|start\n|switch|p1a: Grimmsnarl|Grimmsnarl, L50, M, shiny|100/100\n|switch|p1b: Calyrex|Calyrex-Ice, L50|100/100\n|switch|p2a: Calyrex|Calyrex-Ice, L50|100/100\n|switch|p2b: Rillaboom|Rillaboom, L50, F|100/100\n|-ability|p1b: Calyrex|As One\n|-ability|p1b: Calyrex|Unnerve\n|-ability|p2a: Calyrex|As One\n|-ability|p2a: Calyrex|Unnerve\n|-fieldstart|move: Grassy Terrain|[from] ability: Grassy Surge|[of] p2b: Rillaboom\n|turn|1\n|inactive|alexit93 has 30 seconds left.\n|\n|t:|1770757807\n|switch|p2b: Incineroar|Incineroar, L50, F|100/100\n|-ability|p2b: Incineroar|Intimidate|boost\n|-unboost|p1a: Grimmsnarl|atk|1\n|-fail|p1b: Calyrex|unboost|[from] item: Clear Amulet|[of] p1b: Calyrex\n|move|p1a: Grimmsnarl|Reflect|p1a: Grimmsnarl\n|-sidestart|p1: yamato-tak|Reflect\n|move|p1b: Calyrex|Leech Seed|p2a: Calyrex\n|-start|p2a: Calyrex|move: Leech Seed\n|move|p2a: Calyrex|Glacial Lance|p1b: Calyrex|[spread] p1a,p1b\n|-crit|p1a: Grimmsnarl\n|-resisted|p1b: Calyrex\n|-damage|p1a: Grimmsnarl|11/100\n|-damage|p1b: Calyrex|88/100\n|\n|-heal|p1a: Grimmsnarl|17/100|[from] Grassy Terrain\n|-heal|p1b: Calyrex|94/100|[from] Grassy Terrain\n|-damage|p2a: Calyrex|88/100|[from] Leech Seed|[of] p1b: Calyrex\n|-heal|p1b: Calyrex|100/100|[silent]\n|upkeep\n|turn|2\n|inactive|yamato-tak has 30 seconds left.\n|\n|t:|1770757841\n|switch|p2a: Riolu|Riolu, L50, F|100/100\n|move|p1b: Calyrex|Protect|p1b: Calyrex\n|-singleturn|p1b: Calyrex|Protect\n|move|p1a: Grimmsnarl|Parting Shot|p2a: Riolu\n|-unboost|p2a: Riolu|atk|1\n|-unboost|p2a: Riolu|spa|1\n|\n|t:|1770757848\n|switch|p1a: Volcarona|Volcarona, L50, M, shiny|100/100|[from] Parting Shot\n|move|p2b: Incineroar|Will-O-Wisp|p1b: Calyrex\n|-activate|p1b: Calyrex|move: Protect\n|\n|upkeep\n|turn|3\n|\n|t:|1770757860\n|switch|p1b: Grimmsnarl|Grimmsnarl, L50, M, shiny|17/100\n|move|p2a: Riolu|Rain Dance|p2a: Riolu\n|-weather|RainDance\n|move|p1a: Volcarona|Quiver Dance|p1a: Volcarona\n|-boost|p1a: Volcarona|spa|1\n|-boost|p1a: Volcarona|spd|1\n|-boost|p1a: Volcarona|spe|1\n|move|p2b: Incineroar|Will-O-Wisp|p1b: Grimmsnarl\n|-status|p1b: Grimmsnarl|brn\n|\n|-weather|RainDance|[upkeep]\n|-heal|p1b: Grimmsnarl|23/100 brn|[from] Grassy Terrain\n|-damage|p1b: Grimmsnarl|17/100 brn|[from] brn\n|upkeep\n|turn|4\n|\n|t:|1770757879\n|move|p1b: Grimmsnarl|Fake Out|p2b: Incineroar\n|-damage|p2b: Incineroar|96/100\n|-damage|p1b: Grimmsnarl|0 fnt|[from] item: Rocky Helmet|[of] p2b: Incineroar\n|faint|p1b: Grimmsnarl\n|move|p2a: Riolu|Coaching|p2b: Incineroar\n|-boost|p2b: Incineroar|atk|1\n|-boost|p2b: Incineroar|def|1\n|move|p1a: Volcarona|Quiver Dance|p1a: Volcarona\n|-boost|p1a: Volcarona|spa|1\n|-boost|p1a: Volcarona|spd|1\n|-boost|p1a: Volcarona|spe|1\n|cant|p2b: Incineroar|flinch\n|\n|-weather|RainDance|[upkeep]\n|-heal|p2b: Incineroar|100/100|[from] Grassy Terrain\n|upkeep\n|\n|t:|1770757889\n|switch|p1b: Miraidon|Miraidon, L50, shiny|100/100\n|-fieldstart|move: Electric Terrain|[from] ability: Hadron Engine|[of] p1b: Miraidon\n|turn|5\n|\n|t:|1770757895\n|switch|p2a: Rillaboom|Rillaboom, L50, F|100/100\n|-fieldstart|move: Grassy Terrain|[from] ability: Grassy Surge|[of] p2a: Rillaboom\n|move|p1a: Volcarona|Quiver Dance|p1a: Volcarona\n|-boost|p1a: Volcarona|spa|1\n|-boost|p1a: Volcarona|spd|1\n|-boost|p1a: Volcarona|spe|1\n|move|p1b: Miraidon|Calm Mind|p1b: Miraidon\n|-boost|p1b: Miraidon|spa|1\n|-boost|p1b: Miraidon|spd|1\n|move|p2b: Incineroar|Parting Shot|p1a: Volcarona\n|-unboost|p1a: Volcarona|atk|1\n|-unboost|p1a: Volcarona|spa|1\n|\n|t:|1770757899\n|switch|p2b: Calyrex|Calyrex-Ice, L50|88/100|[from] Parting Shot\n|-ability|p2b: Calyrex|As One\n|-ability|p2b: Calyrex|Unnerve\n|\n|-weather|RainDance|[upkeep]\n|-heal|p2b: Calyrex|94/100|[from] Grassy Terrain\n|upkeep\n|turn|6\n|\n|t:|1770757920\n|switch|p1b: Calyrex|Calyrex-Ice, L50|100/100\n|-ability|p1b: Calyrex|As One\n|-ability|p1b: Calyrex|Unnerve\n|-terastallize|p2b: Calyrex|Ground\n|move|p2a: Rillaboom|Fake Out|p1a: Volcarona\n|-damage|p1a: Volcarona|90/100\n|cant|p1a: Volcarona|flinch\n|move|p2b: Calyrex|Trick Room|p2b: Calyrex\n|-fieldstart|move: Trick Room|[of] p2b: Calyrex\n|\n|-weather|RainDance|[upkeep]\n|-heal|p2b: Calyrex|99/100|[from] Grassy Terrain\n|-heal|p1a: Volcarona|96/100|[from] Grassy Terrain\n|-heal|p1a: Volcarona|100/100|[from] item: Leftovers\n|upkeep\n|turn|7\n|\n|t:|1770757936\n|switch|p2a: Incineroar|Incineroar, L50, F|100/100\n|-ability|p2a: Incineroar|Intimidate|boost\n|-unboost|p1a: Volcarona|atk|1\n|-fail|p1b: Calyrex|unboost|[from] item: Clear Amulet|[of] p1b: Calyrex\n|move|p2b: Calyrex|Protect|p2b: Calyrex\n|-singleturn|p2b: Calyrex|Protect\n|move|p1b: Calyrex|Glacial Lance|p2b: Calyrex|[spread] p2a\n|-activate|p2b: Calyrex|move: Protect\n|-resisted|p2a: Incineroar\n|-damage|p2a: Incineroar|78/100\n|move|p1a: Volcarona|Fiery Dance|p2a: Incineroar\n|-resisted|p2a: Incineroar\n|-damage|p2a: Incineroar|61/100\n|-boost|p1a: Volcarona|spa|1\n|\n|-weather|none\n|-heal|p2b: Calyrex|100/100|[from] Grassy Terrain\n|-heal|p2a: Incineroar|67/100|[from] Grassy Terrain\n|upkeep\n|turn|8\n|\n|t:|1770757954\n|move|p2b: Calyrex|Glacial Lance|p1b: Calyrex|[spread] p1a,p1b\n|-resisted|p1a: Volcarona\n|-resisted|p1b: Calyrex\n|-damage|p1a: Volcarona|81/100\n|-damage|p1b: Calyrex|87/100\n|move|p1b: Calyrex|Glacial Lance|p2b: Calyrex|[spread] p2a,p2b\n|-resisted|p2a: Incineroar\n|-supereffective|p2b: Calyrex\n|-damage|p2a: Incineroar|45/100\n|-damage|p2b: Calyrex|34/100\n|move|p2a: Incineroar|Will-O-Wisp|p1b: Calyrex|[miss]\n|-miss|p2a: Incineroar|p1b: Calyrex\n|move|p1a: Volcarona|Giga Drain|p2b: Calyrex\n|-supereffective|p2b: Calyrex\n|-damage|p2b: Calyrex|0 fnt\n|-heal|p1a: Volcarona|99/100|[from] drain|[of] p2b: Calyrex\n|faint|p2b: Calyrex\n|\n|-heal|p1b: Calyrex|93/100|[from] Grassy Terrain\n|-heal|p2a: Incineroar|51/100|[from] Grassy Terrain\n|-heal|p1a: Volcarona|100/100|[from] Grassy Terrain\n|-sideend|p1: yamato-tak|Reflect\n|upkeep\n|-message|alexit93 forfeited.\n|\n|win|yamato-tak\n|raw|yamato-tak's rating: 1491 &rarr; <strong>1509</strong><br />(+18 for winning)\n|raw|alexit93's rating: 1462 &rarr; <strong>1444</strong><br />(-18 for losing)\n|l|\u2606alexit93\n|player|p2|\n|l|\u2606yamato-tak\n|player|p1|\n","uploadtime":1770758176,"views":25,"formatid":"gen9vgc2026regi","rating":1444,"private":0,"password":null}