{"id":"gen9vgc2026regi-2589947260","format":"[Gen 9] VGC 2026 Reg I","players":["JakeNBake3D","swordsdanceurshifu"],"log":"|j|\u2606JakeNBake3D\n|j|\u2606swordsdanceurshifu\n|t:|1776776424\n|gametype|doubles\n|player|p1|JakeNBake3D|2|1502\n|player|p2|swordsdanceurshifu|170|1558\n|gen|9\n|tier|[Gen 9] VGC 2026 Reg I\n|rated|\n|rule|Species Clause: Limit one of each Pok\u00e9mon\n|rule|Item Clause: Limit 1 of each item\n|clearpoke\n|poke|p1|Miraidon, L50|\n|poke|p1|Lunala, L50|\n|poke|p1|Incineroar, L50, M|\n|poke|p1|Urshifu-*, L50, M|\n|poke|p1|Grimmsnarl, L50, M|\n|poke|p1|Ursaluna, L50, F|\n|poke|p2|Iron Bundle, L50|\n|poke|p2|Farigiraf, L50, F|\n|poke|p2|Calyrex-Ice, L50|\n|poke|p2|Miraidon, L50|\n|poke|p2|Iron Hands, L50|\n|poke|p2|Annihilape, L50, F|\n|teampreview|4\n|inactive|Battle timer is ON: inactive players will automatically lose when time's up. (requested by swordsdanceurshifu)\n|inactive|swordsdanceurshifu has 60 seconds left.\n|\n|t:|1776776471\n|teamsize|p1|4\n|teamsize|p2|4\n|start\n|switch|p1a: Miraidon|Miraidon, L50|100/100\n|switch|p1b: Grimmsnarl|Grimmsnarl, L50, M, shiny|100/100\n|switch|p2a: Miraidon|Miraidon, L50|100/100\n|switch|p2b: Farigiraf|Farigiraf, L50, F|100/100\n|-fieldstart|move: Electric Terrain|[from] ability: Hadron Engine|[of] p2a: Miraidon\n|-enditem|p2b: Farigiraf|Electric Seed\n|-boost|p2b: Farigiraf|def|1|[from] item: Electric Seed\n|-activate|p1a: Miraidon|ability: Hadron Engine\n|turn|1\n|\n|t:|1776776495\n|-terastallize|p1a: Miraidon|Electric\n|move|p1b: Grimmsnarl|Light Screen|p1b: Grimmsnarl\n|-sidestart|p1: JakeNBake3D|move: Light Screen\n|move|p2a: Miraidon|Volt Switch|p1b: Grimmsnarl\n|-damage|p1b: Grimmsnarl|44/100\n|-damage|p2a: Miraidon|91/100|[from] item: Life Orb\n|\n|t:|1776776504\n|switch|p2a: Calyrex|Calyrex-Ice, L50|100/100|[from] Volt Switch\n|-ability|p2a: Calyrex|As One\n|-ability|p2a: Calyrex|Unnerve\n|move|p1a: Miraidon|Snarl|p2b: Farigiraf|[spread] p2a,p2b\n|-supereffective|p2a: Calyrex\n|-supereffective|p2b: Farigiraf\n|-damage|p2a: Calyrex|74/100\n|-damage|p2b: Farigiraf|62/100\n|-unboost|p2a: Calyrex|spa|1\n|-unboost|p2b: Farigiraf|spa|1\n|move|p2b: Farigiraf|Trick Room|p2b: Farigiraf\n|-fieldstart|move: Trick Room|[of] p2b: Farigiraf\n|\n|-heal|p2a: Calyrex|80/100|[from] item: Leftovers\n|upkeep\n|turn|2\n|inactive|JakeNBake3D has 30 seconds left.\n|\n|t:|1776776531\n|move|p1b: Grimmsnarl|Reflect|p1b: Grimmsnarl\n|-sidestart|p1: JakeNBake3D|Reflect\n|move|p2a: Calyrex|Glacial Lance|p1a: Miraidon|[spread] p1a,p1b\n|-damage|p1a: Miraidon|70/100\n|-damage|p1b: Grimmsnarl|9/100\n|move|p2b: Farigiraf|Psychic|p1a: Miraidon\n|-damage|p1a: Miraidon|62/100\n|move|p1a: Miraidon|Volt Switch|p2a: Calyrex\n|-damage|p2a: Calyrex|21/100\n|\n|t:|1776776546\n|switch|p1a: Ursaluna|Ursaluna, L50, F, shiny|100/100|[from] Volt Switch\n|\n|-heal|p2a: Calyrex|27/100|[from] item: Leftovers\n|-status|p1a: Ursaluna|brn|[from] item: Flame Orb\n|upkeep\n|turn|3\n|\n|t:|1776776566\n|move|p2a: Calyrex|Protect|p2a: Calyrex\n|-singleturn|p2a: Calyrex|Protect\n|move|p1a: Ursaluna|Earthquake|p2b: Farigiraf|[spread] p1b,p2b\n|-activate|p2a: Calyrex|move: Protect\n|-damage|p1b: Grimmsnarl|0 fnt\n|-damage|p2b: Farigiraf|23/100\n|faint|p1b: Grimmsnarl\n|move|p2b: Farigiraf|Roar|p1a: Ursaluna\n|drag|p1a: Lunala|Lunala, L50, shiny|100/100\n|-enditem|p1a: Lunala|Electric Seed\n|-boost|p1a: Lunala|def|1|[from] item: Electric Seed\n|\n|-heal|p2a: Calyrex|33/100|[from] item: Leftovers\n|upkeep\n|\n|t:|1776776581\n|switch|p1b: Ursaluna|Ursaluna, L50, F, shiny|100/100 brn\n|turn|4\n|inactive|swordsdanceurshifu has 30 seconds left.\n|inactive|swordsdanceurshifu has 20 seconds left.\n|\n|t:|1776776619\n|move|p1a: Lunala|Wide Guard|p1a: Lunala\n|-singleturn|p1a: Lunala|Wide Guard\n|move|p1b: Ursaluna|Earthquake|p2b: Farigiraf|[spread] p2a,p2b\n|-activate|p1a: Lunala|move: Wide Guard\n|-damage|p2a: Calyrex|0 fnt\n|-damage|p2b: Farigiraf|0 fnt\n|faint|p2a: Calyrex\n|faint|p2b: Farigiraf\n|\n|-damage|p1b: Ursaluna|95/100 brn|[from] brn\n|upkeep\n|\n|t:|1776776625\n|switch|p2a: Miraidon|Miraidon, L50|91/100\n|switch|p2b: Iron Hands|Iron Hands, L50|100/100\n|-activate|p2a: Miraidon|ability: Hadron Engine\n|-activate|p2b: Iron Hands|ability: Quark Drive\n|-start|p2b: Iron Hands|quarkdriveatk\n|turn|5\n|inactive|JakeNBake3D has 30 seconds left.\n|inactive|JakeNBake3D has 20 seconds left.\n|inactive|JakeNBake3D has 15 seconds left.\n|\n|t:|1776776670\n|move|p1b: Ursaluna|Protect|p1b: Ursaluna\n|-singleturn|p1b: Ursaluna|Protect\n|move|p2b: Iron Hands|Low Kick|p1b: Ursaluna\n|-activate|p1b: Ursaluna|move: Protect\n|move|p1a: Lunala|Moonblast|p2a: Miraidon\n|-supereffective|p2a: Miraidon\n|-crit|p2a: Miraidon\n|-damage|p2a: Miraidon|0 fnt\n|faint|p2a: Miraidon\n|\n|-damage|p1b: Ursaluna|89/100 brn|[from] brn\n|-fieldend|move: Trick Room\n|-fieldend|move: Electric Terrain\n|-end|p2b: Iron Hands|Quark Drive\n|upkeep\n|turn|6\n|-message|swordsdanceurshifu forfeited.\n|\n|win|JakeNBake3D\n|raw|JakeNBake3D's rating: 1502 &rarr; <strong>1525</strong><br />(+23 for winning)\n|raw|swordsdanceurshifu's rating: 1558 &rarr; <strong>1535</strong><br />(-23 for losing)\n|l|\u2606swordsdanceurshifu\n|player|p2|\n|l|\u2606JakeNBake3D\n|player|p1|\n","uploadtime":1776776931,"views":13,"formatid":"gen9vgc2026regi","rating":1525,"private":0,"password":null}