{"id":"gen9vgc2026regi-2537538472","format":"[Gen 9] VGC 2026 Reg I","players":["VJ2511","lalo's pollos"],"log":"|j|\u2606VJ2511\n|j|\u2606lalo's pollos\n|t:|1770825404\n|gametype|doubles\n|player|p1|VJ2511|red-masters3|1483\n|player|p2|lalo's pollos|101|1551\n|gen|9\n|tier|[Gen 9] VGC 2026 Reg I\n|rated|\n|rule|Species Clause: Limit one of each Pok\u00e9mon\n|rule|Item Clause: Limit 1 of each item\n|clearpoke\n|poke|p1|Calyrex-Shadow, L50|\n|poke|p1|Zamazenta-*, L50|\n|poke|p1|Chien-Pao, L50|\n|poke|p1|Dragonite, L50, F|\n|poke|p1|Raging Bolt, L50|\n|poke|p1|Amoonguss, L50, F|\n|poke|p2|Zamazenta-*, L50|\n|poke|p2|Lunala, L50|\n|poke|p2|Rillaboom, L50, F|\n|poke|p2|Incineroar, L50, M|\n|poke|p2|Urshifu-*, L50, M|\n|poke|p2|Tornadus, L50, M|\n|teampreview|4\n|inactive|Battle timer is ON: inactive players will automatically lose when time's up. (requested by VJ2511)\n|\n|t:|1770825433\n|teamsize|p1|4\n|teamsize|p2|4\n|start\n|switch|p1a: Calyrex|Calyrex-Shadow, L50|100/100\n|switch|p1b: Raging Bolt|Raging Bolt, L50|100/100\n|switch|p2a: Zamazenta|Zamazenta-Crowned, L50|100/100\n|switch|p2b: Tornadus|Tornadus, L50, M|100/100\n|-ability|p1a: Calyrex|As One\n|-ability|p1a: Calyrex|Unnerve\n|-ability|p2a: Zamazenta|Dauntless Shield|boost\n|-boost|p2a: Zamazenta|def|1\n|-enditem|p1b: Raging Bolt|Booster Energy\n|-activate|p1b: Raging Bolt|ability: Protosynthesis|[fromitem]\n|-start|p1b: Raging Bolt|protosynthesisspa\n|turn|1\n|\n|t:|1770825457\n|-terastallize|p1b: Raging Bolt|Electric\n|move|p2b: Tornadus|Tailwind|p2b: Tornadus\n|-sidestart|p2: lalo's pollos|move: Tailwind\n|move|p2a: Zamazenta|Body Press|p1b: Raging Bolt\n|-damage|p1b: Raging Bolt|41/100\n|move|p1a: Calyrex|Astral Barrage|p2b: Tornadus|[spread] p2a,p2b\n|-damage|p2a: Zamazenta|60/100\n|-damage|p2b: Tornadus|28/100\n|move|p1b: Raging Bolt|Thunderbolt|p2a: Zamazenta\n|-damage|p2a: Zamazenta|0 fnt\n|faint|p2a: Zamazenta\n|\n|upkeep\n|\n|t:|1770825462\n|switch|p2a: Lunala|Lunala, L50|100/100\n|turn|2\n|\n|t:|1770825470\n|switch|p2b: Incineroar|Incineroar, L50, M|100/100\n|-ability|p2b: Incineroar|Intimidate|boost\n|-unboost|p1a: Calyrex|atk|1\n|-unboost|p1b: Raging Bolt|atk|1\n|-terastallize|p2a: Lunala|Fairy\n|move|p1b: Raging Bolt|Thunderclap||[still]\n|-fail|p1b: Raging Bolt\n|move|p2a: Lunala|Calm Mind|p2a: Lunala\n|-boost|p2a: Lunala|spa|1\n|-boost|p2a: Lunala|spd|1\n|move|p1a: Calyrex|Astral Barrage|p2a: Lunala|[spread] p2a,p2b\n|-resisted|p2b: Incineroar\n|-damage|p2a: Lunala|86/100\n|-damage|p2b: Incineroar|79/100\n|\n|-heal|p2a: Lunala|92/100|[from] item: Leftovers\n|upkeep\n|turn|3\n|\n|t:|1770825487\n|move|p1b: Raging Bolt|Protect|p1b: Raging Bolt\n|-singleturn|p1b: Raging Bolt|Protect\n|move|p2a: Lunala|Calm Mind|p2a: Lunala\n|-boost|p2a: Lunala|spa|1\n|-boost|p2a: Lunala|spd|1\n|move|p1a: Calyrex|Astral Barrage|p2a: Lunala|[spread] p2a,p2b\n|-resisted|p2b: Incineroar\n|-damage|p2a: Lunala|71/100\n|-damage|p2b: Incineroar|57/100\n|move|p2b: Incineroar|Parting Shot|p1b: Raging Bolt\n|-activate|p1b: Raging Bolt|move: Protect\n|\n|-heal|p2a: Lunala|77/100|[from] item: Leftovers\n|upkeep\n|turn|4\n|\n|t:|1770825494\n|move|p2a: Lunala|Moongeist Beam|p1a: Calyrex\n|-supereffective|p1a: Calyrex\n|-enditem|p1a: Calyrex|Focus Sash\n|-damage|p1a: Calyrex|1/100\n|move|p1a: Calyrex|Astral Barrage|p2a: Lunala|[spread] p2a,p2b\n|-resisted|p2b: Incineroar\n|-damage|p2a: Lunala|58/100\n|-damage|p2b: Incineroar|36/100\n|move|p2b: Incineroar|Knock Off|p1a: Calyrex\n|-supereffective|p1a: Calyrex\n|-damage|p1a: Calyrex|0 fnt\n|faint|p1a: Calyrex\n|move|p1b: Raging Bolt|Thunderbolt|p2a: Lunala\n|-damage|p2a: Lunala|23/100\n|\n|-heal|p2a: Lunala|29/100|[from] item: Leftovers\n|-sideend|p2: lalo's pollos|move: Tailwind\n|upkeep\n|\n|t:|1770825508\n|switch|p1a: Zamazenta|Zamazenta-Crowned, L50|100/100\n|-ability|p1a: Zamazenta|Dauntless Shield|boost\n|-boost|p1a: Zamazenta|def|1\n|turn|5\n|\n|t:|1770825517\n|move|p2a: Lunala|Protect|p2a: Lunala\n|-singleturn|p2a: Lunala|Protect\n|move|p1a: Zamazenta|Heavy Slam|p2a: Lunala\n|-activate|p2a: Lunala|move: Protect\n|move|p1b: Raging Bolt|Thunderbolt|p2b: Incineroar\n|-damage|p2b: Incineroar|0 fnt\n|faint|p2b: Incineroar\n|\n|-heal|p2a: Lunala|35/100|[from] item: Leftovers\n|upkeep\n|\n|t:|1770825523\n|switch|p2b: Tornadus|Tornadus, L50, M|28/100\n|turn|6\n|\n|t:|1770825537\n|move|p1b: Raging Bolt|Protect|p1b: Raging Bolt\n|-singleturn|p1b: Raging Bolt|Protect\n|move|p2b: Tornadus|Bleakwind Storm|p1b: Raging Bolt|[spread] \n|-activate|p1b: Raging Bolt|move: Protect\n|-miss|p2b: Tornadus|p1a: Zamazenta\n|move|p1a: Zamazenta|Heavy Slam|p2a: Lunala\n|-supereffective|p2a: Lunala\n|-damage|p2a: Lunala|0 fnt\n|faint|p2a: Lunala\n|\n|upkeep\n|turn|7\n|-message|lalo's pollos forfeited.\n|\n|win|VJ2511\n|raw|VJ2511's rating: 1483 &rarr; <strong>1507</strong><br />(+24 for winning)\n|raw|lalo&apos;s pollos's rating: 1551 &rarr; <strong>1527</strong><br />(-24 for losing)\n|l|\u2606lalo's pollos\n|player|p2|\n|l|\u2606VJ2511\n|player|p1|\n","uploadtime":1770825791,"views":33,"formatid":"gen9vgc2026regi","rating":1507,"private":0,"password":null}