{"id":"gen9vgc2026regi-2555793563","format":"[Gen 9] VGC 2026 Reg I","players":["drive stone","EllenJoe2026"],"log":"|j|\u2606drive stone\n|j|\u2606EllenJoe2026\n|t:|1773137328\n|gametype|doubles\n|player|p1|drive stone|cilan|1553\n|player|p2|EllenJoe2026|170|1548\n|gen|9\n|tier|[Gen 9] VGC 2026 Reg I\n|rated|\n|rule|Species Clause: Limit one of each Pok\u00e9mon\n|rule|Item Clause: Limit 1 of each item\n|clearpoke\n|poke|p1|Calyrex-Ice, L50|\n|poke|p1|Ho-Oh, L50|\n|poke|p1|Overqwil, L50, M|\n|poke|p1|Rillaboom, L50, M|\n|poke|p1|Ting-Lu, L50|\n|poke|p1|Ogerpon-Wellspring, L50, F|\n|poke|p2|Calyrex-Shadow, L50|\n|poke|p2|Zamazenta-*, L50|\n|poke|p2|Chien-Pao, L50|\n|poke|p2|Dragonite, L50, F|\n|poke|p2|Tornadus, L50, M|\n|poke|p2|Urshifu-*, L50, F|\n|teampreview|4\n|inactive|Battle timer is ON: inactive players will automatically lose when time's up. (requested by EllenJoe2026)\n|inactive|drive stone has 60 seconds left.\n|\n|t:|1773137366\n|teamsize|p1|4\n|teamsize|p2|4\n|start\n|switch|p1a: Calyrex|Calyrex-Ice, L50|100/100\n|switch|p1b: Overqwil|Overqwil, L50, M|100/100\n|switch|p2a: Dragonite|Dragonite, L50, F|100/100\n|switch|p2b: Chien-Pao|Chien-Pao, L50, shiny|100/100\n|-ability|p1a: Calyrex|As One\n|-ability|p1a: Calyrex|Unnerve\n|-ability|p2b: Chien-Pao|Sword of Ruin\n|-ability|p1b: Overqwil|Intimidate|boost\n|-fail|p2a: Dragonite|unboost|Attack|[from] ability: Inner Focus|[of] p2a: Dragonite\n|-unboost|p2b: Chien-Pao|atk|1\n|turn|1\n|\n|t:|1773137385\n|-terastallize|p2a: Dragonite|Normal\n|-terastallize|p1a: Calyrex|Water\n|move|p2a: Dragonite|Extreme Speed|p1a: Calyrex\n|-damage|p1a: Calyrex|50/100\n|move|p2b: Chien-Pao|Ice Spinner|p1a: Calyrex\n|-resisted|p1a: Calyrex\n|-damage|p1a: Calyrex|40/100\n|move|p1b: Overqwil|Toxic Spikes|p2a: Dragonite\n|-sidestart|p2: EllenJoe2026|move: Toxic Spikes\n|move|p1a: Calyrex|Trick Room|p1a: Calyrex\n|-fieldstart|move: Trick Room|[of] p1a: Calyrex\n|\n|-heal|p1a: Calyrex|46/100|[from] item: Leftovers\n|upkeep\n|turn|2\n|inactive|drive stone has 30 seconds left.\n|inactive|drive stone has 20 seconds left.\n|\n|t:|1773137425\n|move|p1a: Calyrex|Protect|p1a: Calyrex\n|-singleturn|p1a: Calyrex|Protect\n|move|p2a: Dragonite|Extreme Speed|p1a: Calyrex\n|-activate|p1a: Calyrex|move: Protect\n|move|p1b: Overqwil|Barb Barrage|p2a: Dragonite\n|-damage|p2a: Dragonite|70/100\n|move|p2b: Chien-Pao|Ice Spinner|p1a: Calyrex\n|-activate|p1a: Calyrex|move: Protect\n|\n|-heal|p1a: Calyrex|52/100|[from] item: Leftovers\n|upkeep\n|turn|3\n|\n|t:|1773137440\n|switch|p1a: Ho-Oh|Ho-Oh, L50|100/100\n|move|p2a: Dragonite|Extreme Speed|p1a: Ho-Oh\n|-damage|p1a: Ho-Oh|31/100\n|-damage|p2a: Dragonite|54/100|[from] item: Rocky Helmet|[of] p1a: Ho-Oh\n|move|p2b: Chien-Pao|Sucker Punch||[still]\n|-fail|p2b: Chien-Pao\n|move|p1b: Overqwil|Barb Barrage|p2a: Dragonite\n|-crit|p2a: Dragonite\n|-damage|p2a: Dragonite|12/100\n|-status|p2a: Dragonite|psn\n|\n|-damage|p2a: Dragonite|0 fnt|[from] psn\n|faint|p2a: Dragonite\n|upkeep\n|\n|t:|1773137448\n|switch|p2a: Zamazenta|Zamazenta-Crowned, L50, shiny|100/100\n|-ability|p2a: Zamazenta|Dauntless Shield|boost\n|-boost|p2a: Zamazenta|def|1\n|turn|4\n|\n|t:|1773137470\n|switch|p1b: Ting-Lu|Ting-Lu, L50|100/100\n|-ability|p1b: Ting-Lu|Vessel of Ruin\n|move|p2b: Chien-Pao|Sucker Punch||[still]\n|-fail|p2b: Chien-Pao\n|move|p1a: Ho-Oh|Life Dew||[still]|[spread] p1a,p1b\n|-heal|p1a: Ho-Oh|56/100\n|-fail|p1b: Ting-Lu|heal\n|move|p2a: Zamazenta|Body Press|p1b: Ting-Lu\n|-supereffective|p1b: Ting-Lu\n|-damage|p1b: Ting-Lu|0 fnt\n|faint|p1b: Ting-Lu\n|\n|upkeep\n|\n|t:|1773137485\n|switch|p1b: Calyrex|Calyrex-Ice, L50, tera:Water|52/100\n|-ability|p1b: Calyrex|As One\n|-ability|p1b: Calyrex|Unnerve\n|turn|5\n|\n|t:|1773137506\n|move|p2b: Chien-Pao|Sucker Punch|p1a: Ho-Oh\n|-damage|p1a: Ho-Oh|31/100\n|-damage|p2b: Chien-Pao|84/100|[from] item: Rocky Helmet|[of] p1a: Ho-Oh\n|move|p1b: Calyrex|Leech Seed|p2a: Zamazenta\n|-start|p2a: Zamazenta|move: Leech Seed\n|move|p1a: Ho-Oh|Sacred Fire|p2a: Zamazenta\n|-supereffective|p2a: Zamazenta\n|-damage|p2a: Zamazenta|59/100\n|-status|p2a: Zamazenta|brn\n|move|p2a: Zamazenta|Body Press|p1b: Calyrex\n|-damage|p1b: Calyrex|30/100\n|\n|-heal|p1b: Calyrex|36/100|[from] item: Leftovers\n|-damage|p2a: Zamazenta|47/100 brn|[from] Leech Seed|[of] p1b: Calyrex\n|-heal|p1b: Calyrex|47/100|[silent]\n|-damage|p2a: Zamazenta|42/100 brn|[from] brn\n|-fieldend|move: Trick Room\n|upkeep\n|turn|6\n|\n|t:|1773137527\n|switch|p1a: Overqwil|Overqwil, L50, M|100/100\n|-ability|p1a: Overqwil|Intimidate|boost\n|-unboost|p2a: Zamazenta|atk|1\n|-unboost|p2b: Chien-Pao|atk|1\n|move|p1b: Calyrex|Protect|p1b: Calyrex\n|-singleturn|p1b: Calyrex|Protect\n|move|p2b: Chien-Pao|Ice Spinner|p1a: Overqwil\n|-damage|p1a: Overqwil|73/100\n|move|p2a: Zamazenta|Body Press|p1b: Calyrex\n|-activate|p1b: Calyrex|move: Protect\n|\n|-heal|p1a: Overqwil|80/100|[from] item: Black Sludge\n|-heal|p1b: Calyrex|53/100|[from] item: Leftovers\n|-damage|p2a: Zamazenta|29/100 brn|[from] Leech Seed|[of] p1b: Calyrex\n|-heal|p1b: Calyrex|64/100|[silent]\n|-damage|p2a: Zamazenta|24/100 brn|[from] brn\n|upkeep\n|turn|7\n|\n|t:|1773137547\n|switch|p2b: Calyrex|Calyrex-Shadow, L50|100/100\n|-ability|p2b: Calyrex|As One\n|-ability|p2b: Calyrex|Unnerve\n|-status|p2b: Calyrex|psn\n|move|p2a: Zamazenta|Wide Guard|p2a: Zamazenta\n|-singleturn|p2a: Zamazenta|Wide Guard\n|move|p1a: Overqwil|Toxic Spikes|p2b: Calyrex\n|-sidestart|p2: EllenJoe2026|move: Toxic Spikes\n|move|p1b: Calyrex|Trick Room|p1b: Calyrex\n|-fieldstart|move: Trick Room|[of] p1b: Calyrex\n|\n|-heal|p1b: Calyrex|70/100|[from] item: Leftovers\n|-heal|p1a: Overqwil|86/100|[from] item: Black Sludge\n|-damage|p2a: Zamazenta|12/100 brn|[from] Leech Seed|[of] p1b: Calyrex\n|-heal|p1b: Calyrex|81/100|[silent]\n|-damage|p2b: Calyrex|88/100 psn|[from] psn\n|-damage|p2a: Zamazenta|6/100 brn|[from] brn\n|upkeep\n|turn|8\n|-message|EllenJoe2026 forfeited.\n|\n|win|drive stone\n|raw|drive stone's rating: 1553 &rarr; <strong>1573</strong><br />(+20 for winning)\n|raw|EllenJoe2026's rating: 1548 &rarr; <strong>1528</strong><br />(-20 for losing)\n|l|\u2606EllenJoe2026\n|player|p2|\n","uploadtime":1773137727,"views":25,"formatid":"gen9vgc2026regi","rating":1528,"private":0,"password":null}