{"id":"gen9vgc2026regi-2561526720","format":"[Gen 9] VGC 2026 Reg I","players":["M710","terafireflareblitz"],"log":"|j|\u2606M710\n|j|\u2606terafireflareblitz\n|t:|1773807103\n|gametype|doubles\n|player|p1|M710|101|1450\n|player|p2|terafireflareblitz|sycamore|1502\n|gen|9\n|tier|[Gen 9] VGC 2026 Reg I\n|rated|\n|rule|Species Clause: Limit one of each Pok\u00e9mon\n|rule|Item Clause: Limit 1 of each item\n|clearpoke\n|poke|p1|Brute Bonnet, L50|\n|poke|p1|Lunala, L50|\n|poke|p1|Ursaluna, L50, F|\n|poke|p1|Chi-Yu, L50|\n|poke|p1|Koraidon, L50|\n|poke|p1|Flutter Mane, L50|\n|poke|p2|Koraidon, L50|\n|poke|p2|Lunala, L50|\n|poke|p2|Indeedee-F, L50, F|\n|poke|p2|Flutter Mane, L50|\n|poke|p2|Volcarona, L50, M|\n|poke|p2|Ursaluna, L50, M|\n|teampreview|4\n|inactive|Battle timer is ON: inactive players will automatically lose when time's up. (requested by terafireflareblitz)\n|inactive|M710 has 60 seconds left.\n|\n|t:|1773807136\n|teamsize|p1|4\n|teamsize|p2|4\n|start\n|switch|p1a: Lunala|Lunala, L50|100/100\n|switch|p1b: Flutter Mane|Flutter Mane, L50|100/100\n|switch|p2a: Lunala|Lunala, L50, shiny|100/100\n|switch|p2b: Indeedee|Indeedee-F, L50, F|100/100\n|-fieldstart|move: Psychic Terrain|[from] ability: Psychic Surge|[of] p2b: Indeedee\n|turn|1\n|\n|t:|1773807152\n|-terastallize|p2a: Lunala|Water\n|move|p1b: Flutter Mane|Icy Wind|p2a: Lunala|[spread] p2a,p2b\n|-resisted|p2a: Lunala\n|-crit|p2b: Indeedee\n|-damage|p2a: Lunala|98/100\n|-damage|p2b: Indeedee|78/100\n|-unboost|p2a: Lunala|spe|1\n|-unboost|p2b: Indeedee|spe|1\n|move|p1a: Lunala|Meteor Beam||[still]\n|-prepare|p1a: Lunala|Meteor Beam\n|-boost|p1a: Lunala|spa|1\n|-enditem|p1a: Lunala|Power Herb\n|-anim|p1a: Lunala|Meteor Beam|p2b: Indeedee\n|-damage|p2b: Indeedee|8/100\n|move|p2a: Lunala|Expanding Force|p1a: Lunala|[spread] p1a,p1b\n|-resisted|p1a: Lunala\n|-damage|p1a: Lunala|89/100\n|-damage|p1b: Flutter Mane|24/100\n|move|p2b: Indeedee|Alluring Voice|p1a: Lunala\n|-damage|p1a: Lunala|78/100\n|-start|p1a: Lunala|confusion\n|\n|upkeep\n|turn|2\n|\n|t:|1773807170\n|move|p2b: Indeedee|Follow Me|p2b: Indeedee\n|-singleturn|p2b: Indeedee|move: Follow Me\n|move|p1b: Flutter Mane|Moonblast|p2b: Indeedee\n|-damage|p2b: Indeedee|0 fnt\n|faint|p2b: Indeedee\n|-activate|p1a: Lunala|confusion\n|move|p1a: Lunala|Moongeist Beam|p2a: Lunala\n|-crit|p2a: Lunala\n|-damage|p2a: Lunala|9/100\n|move|p2a: Lunala|Moongeist Beam|p1b: Flutter Mane\n|-supereffective|p1b: Flutter Mane\n|-damage|p1b: Flutter Mane|0 fnt\n|faint|p1b: Flutter Mane\n|-end|p1b: Flutter Mane|Protosynthesis|[silent]\n|\n|upkeep\n|\n|t:|1773807184\n|switch|p1b: Koraidon|Koraidon, L50|100/100\n|switch|p2b: Flutter Mane|Flutter Mane, L50|100/100\n|-weather|SunnyDay|[from] ability: Orichalcum Pulse|[of] p1b: Koraidon\n|-activate|p2b: Flutter Mane|ability: Protosynthesis\n|-start|p2b: Flutter Mane|protosynthesisspe\n|-activate|p1b: Koraidon|Orichalcum Pulse|[source]\n|turn|3\n|\n|t:|1773807194\n|-terastallize|p1b: Koraidon|Fire\n|move|p2b: Flutter Mane|Shadow Ball|p1a: Lunala\n|-supereffective|p1a: Lunala\n|-damage|p1a: Lunala|0 fnt\n|faint|p1a: Lunala\n|move|p1b: Koraidon|Flame Charge|p2a: Lunala\n|-resisted|p2a: Lunala\n|-damage|p2a: Lunala|0 fnt\n|-boost|p1b: Koraidon|spe|1\n|faint|p2a: Lunala\n|-damage|p1b: Koraidon|91/100|[from] item: Life Orb\n|\n|-weather|SunnyDay|[upkeep]\n|upkeep\n|\n|t:|1773807198\n|switch|p2a: Koraidon|Koraidon, L50, shiny|100/100\n|switch|p1a: Chi-Yu|Chi-Yu, L50|100/100\n|-ability|p1a: Chi-Yu|Beads of Ruin\n|-activate|p2a: Koraidon|ability: Orichalcum Pulse\n|turn|4\n|\n|t:|1773807211\n|move|p2b: Flutter Mane|Protect|p2b: Flutter Mane\n|-singleturn|p2b: Flutter Mane|Protect\n|move|p1b: Koraidon|Close Combat|p2a: Koraidon\n|-damage|p2a: Koraidon|0 fnt\n|-unboost|p1b: Koraidon|def|1\n|-unboost|p1b: Koraidon|spd|1\n|faint|p2a: Koraidon\n|-damage|p1b: Koraidon|81/100|[from] item: Life Orb\n|move|p1a: Chi-Yu|Heat Wave|p2b: Flutter Mane\n|-activate|p2b: Flutter Mane|move: Protect\n|\n|-weather|SunnyDay|[upkeep]\n|upkeep\n|turn|5\n|\n|t:|1773807220\n|move|p2b: Flutter Mane|Shadow Ball|p1b: Koraidon\n|-damage|p1b: Koraidon|1/100\n|-unboost|p1b: Koraidon|spd|1\n|move|p1b: Koraidon|Flare Blitz|p2b: Flutter Mane\n|-enditem|p2b: Flutter Mane|Focus Sash\n|-damage|p2b: Flutter Mane|1/100\n|-damage|p1b: Koraidon|0 fnt|[from] Recoil\n|faint|p1b: Koraidon\n|move|p1a: Chi-Yu|Heat Wave|p2b: Flutter Mane\n|-damage|p2b: Flutter Mane|0 fnt\n|faint|p2b: Flutter Mane\n|-end|p2b: Flutter Mane|Protosynthesis|[silent]\n|\n|win|M710\n|raw|M710's rating: 1450 &rarr; <strong>1473</strong><br />(+23 for winning)\n|raw|terafireflareblitz's rating: 1502 &rarr; <strong>1479</strong><br />(-23 for losing)\n","uploadtime":1773807220,"views":13,"formatid":"gen9vgc2026regi","rating":1473,"private":0,"password":null}