{"id":"gen9vgc2026regi-2540048681","format":"[Gen 9] VGC 2026 Reg I","players":["SEITA","carrotvg"],"log":"|j|\u2606SEITA\n|j|\u2606carrotvg\n|t:|1771152219\n|gametype|doubles\n|player|p1|SEITA|lucas-gen4pt|1541\n|player|p2|carrotvg|lucas|1505\n|gen|9\n|tier|[Gen 9] VGC 2026 Reg I\n|rated|\n|rule|Species Clause: Limit one of each Pok\u00e9mon\n|rule|Item Clause: Limit 1 of each item\n|clearpoke\n|poke|p1|Zamazenta-*, L50|\n|poke|p1|Kyogre, L50|\n|poke|p1|Wo-Chien, L50|\n|poke|p1|Grimmsnarl, L50, M|\n|poke|p1|Rhyperior, L50, F|\n|poke|p1|Ditto, L50|\n|poke|p2|Calyrex-Shadow, L50|\n|poke|p2|Zamazenta-*, L50|\n|poke|p2|Rillaboom, L50, M|\n|poke|p2|Incineroar, L50, M|\n|poke|p2|Grimmsnarl, L50, M|\n|poke|p2|Clefairy, L50, F|\n|teampreview|4\n|\n|t:|1771152260\n|teamsize|p1|4\n|teamsize|p2|4\n|start\n|switch|p1a: Grimmsnarl|Grimmsnarl, L50, M|100/100\n|switch|p1b: Kyogre|Kyogre, L50|100/100\n|switch|p2a: Calyrex|Calyrex-Shadow, L50|100/100\n|switch|p2b: Grimmsnarl|Grimmsnarl, L50, M|100/100\n|-ability|p2a: Calyrex|As One\n|-ability|p2a: Calyrex|Unnerve\n|-weather|RainDance|[from] ability: Drizzle|[of] p1b: Kyogre\n|turn|1\n|inactive|Battle timer is ON: inactive players will automatically lose when time's up. (requested by carrotvg)\n|j| westtail_VGC\n|\n|t:|1771152277\n|-terastallize|p2a: Calyrex|Fairy\n|move|p1a: Grimmsnarl|Light Screen|p1a: Grimmsnarl\n|-sidestart|p1: SEITA|move: Light Screen\n|move|p2b: Grimmsnarl|Light Screen|p2b: Grimmsnarl\n|-sidestart|p2: carrotvg|move: Light Screen\n|move|p2a: Calyrex|Calm Mind|p2a: Calyrex\n|-boost|p2a: Calyrex|spa|1\n|-boost|p2a: Calyrex|spd|1\n|move|p1b: Kyogre|Origin Pulse|p2a: Calyrex|[spread] p2a,p2b\n|-damage|p2a: Calyrex|74/100\n|-damage|p2b: Grimmsnarl|56/100\n|\n|-weather|RainDance|[upkeep]\n|upkeep\n|turn|2\n|\n|t:|1771152293\n|move|p1a: Grimmsnarl|Parting Shot|p2a: Calyrex\n|-unboost|p2a: Calyrex|atk|1\n|-unboost|p2a: Calyrex|spa|1\n|\n|t:|1771152296\n|switch|p1a: Zamazenta|Zamazenta-Crowned, L50|100/100|[from] Parting Shot\n|-ability|p1a: Zamazenta|Dauntless Shield|boost\n|-boost|p1a: Zamazenta|def|1\n|move|p2b: Grimmsnarl|Parting Shot|p1b: Kyogre\n|-unboost|p1b: Kyogre|atk|1\n|-unboost|p1b: Kyogre|spa|1\n|\n|t:|1771152301\n|switch|p2b: Rillaboom|Rillaboom, L50, M|100/100|[from] Parting Shot\n|-fieldstart|move: Grassy Terrain|[from] ability: Grassy Surge|[of] p2b: Rillaboom\n|move|p2a: Calyrex|Calm Mind|p2a: Calyrex\n|-boost|p2a: Calyrex|spa|1\n|-boost|p2a: Calyrex|spd|1\n|move|p1b: Kyogre|Origin Pulse|p2b: Rillaboom|[spread] p2a,p2b\n|-resisted|p2b: Rillaboom\n|-damage|p2a: Calyrex|61/100\n|-damage|p2b: Rillaboom|92/100\n|\n|-weather|RainDance|[upkeep]\n|-heal|p2a: Calyrex|67/100|[from] Grassy Terrain\n|-heal|p2b: Rillaboom|98/100|[from] Grassy Terrain\n|upkeep\n|turn|3\n|inactive|SEITA has 30 seconds left.\n|inactive|SEITA has 20 seconds left.\n|inactive|SEITA has 15 seconds left.\n|\n|t:|1771152344\n|switch|p1b: Grimmsnarl|Grimmsnarl, L50, M|100/100\n|move|p2b: Rillaboom|Fake Out|p1a: Zamazenta\n|-resisted|p1a: Zamazenta\n|-damage|p1a: Zamazenta|98/100\n|move|p2a: Calyrex|Calm Mind|p2a: Calyrex\n|-boost|p2a: Calyrex|spa|1\n|-boost|p2a: Calyrex|spd|1\n|cant|p1a: Zamazenta|flinch\n|\n|-weather|RainDance|[upkeep]\n|-heal|p2a: Calyrex|73/100|[from] Grassy Terrain\n|-heal|p1a: Zamazenta|100/100|[from] Grassy Terrain\n|-heal|p2b: Rillaboom|100/100|[from] Grassy Terrain\n|upkeep\n|turn|4\n|\n|t:|1771152366\n|move|p2a: Calyrex|Protect|p2a: Calyrex\n|-singleturn|p2a: Calyrex|Protect\n|move|p1b: Grimmsnarl|Parting Shot|p2a: Calyrex\n|-activate|p2a: Calyrex|move: Protect\n|move|p1a: Zamazenta|Body Press|p2b: Rillaboom\n|-damage|p2b: Rillaboom|36/100\n|move|p2b: Rillaboom|U-turn|p1b: Grimmsnarl\n|-damage|p1b: Grimmsnarl|84/100\n|\n|t:|1771152374\n|switch|p2b: Grimmsnarl|Grimmsnarl, L50, M|56/100|[from] U-turn\n|\n|-weather|RainDance|[upkeep]\n|-heal|p2a: Calyrex|79/100|[from] Grassy Terrain\n|-heal|p2b: Grimmsnarl|62/100|[from] Grassy Terrain\n|-heal|p1b: Grimmsnarl|90/100|[from] Grassy Terrain\n|upkeep\n|turn|5\n|\n|t:|1771152390\n|move|p1b: Grimmsnarl|Parting Shot|p2a: Calyrex\n|-unboost|p2a: Calyrex|atk|1\n|-unboost|p2a: Calyrex|spa|1\n|\n|t:|1771152393\n|switch|p1b: Kyogre|Kyogre, L50|100/100|[from] Parting Shot\n|move|p2b: Grimmsnarl|Parting Shot|p1a: Zamazenta\n|-unboost|p1a: Zamazenta|atk|1\n|-unboost|p1a: Zamazenta|spa|1\n|\n|t:|1771152399\n|switch|p2b: Incineroar|Incineroar, L50, M|100/100|[from] Parting Shot\n|-ability|p2b: Incineroar|Intimidate|boost\n|-unboost|p1a: Zamazenta|atk|1\n|-unboost|p1b: Kyogre|atk|1\n|move|p2a: Calyrex|Astral Barrage|p1b: Kyogre|[spread] p1a,p1b\n|-crit|p1a: Zamazenta\n|-damage|p1a: Zamazenta|0 fnt\n|-damage|p1b: Kyogre|55/100\n|faint|p1a: Zamazenta\n|-ability|p2a: Calyrex|Grim Neigh|boost\n|-boost|p2a: Calyrex|spa|1\n|-damage|p2a: Calyrex|69/100|[from] item: Life Orb\n|\n|-weather|none\n|-heal|p2a: Calyrex|75/100|[from] Grassy Terrain\n|-heal|p1b: Kyogre|61/100|[from] Grassy Terrain\n|-heal|p1b: Kyogre|67/100|[from] item: Leftovers\n|upkeep\n|\n|t:|1771152419\n|switch|p1a: Grimmsnarl|Grimmsnarl, L50, M|90/100\n|turn|6\n|\n|t:|1771152435\n|switch|p1b: Ditto|Ditto, L50|100/100\n|-transform|p1b: Ditto|p2a: Calyrex|[from] ability: Imposter\n|-ability|p1b: Ditto|As One\n|-ability|p1b: Ditto|Unnerve\n|move|p2b: Incineroar|Fake Out|p1a: Grimmsnarl\n|-damage|p1a: Grimmsnarl|80/100\n|cant|p1a: Grimmsnarl|flinch\n|move|p2a: Calyrex|Draining Kiss|p1a: Grimmsnarl\n|-supereffective|p1a: Grimmsnarl\n|-damage|p1a: Grimmsnarl|0 fnt\n|-heal|p2a: Calyrex|100/100|[from] drain|[of] p1a: Grimmsnarl\n|faint|p1a: Grimmsnarl\n|-ability|p2a: Calyrex|Grim Neigh|boost\n|-boost|p2a: Calyrex|spa|1\n|-damage|p2a: Calyrex|91/100|[from] item: Life Orb\n|\n|-heal|p2a: Calyrex|97/100|[from] Grassy Terrain\n|-fieldend|move: Grassy Terrain\n|upkeep\n|\n|t:|1771152456\n|switch|p1a: Kyogre|Kyogre, L50|67/100\n|-weather|RainDance|[from] ability: Drizzle|[of] p1a: Kyogre\n|-start|p1b: Ditto|typechange|Psychic/Ghost|[silent]\n|turn|7\n|\n|t:|1771152469\n|-terastallize|p1b: Ditto|Normal\n|move|p2b: Incineroar|Helping Hand|p2a: Calyrex\n|-singleturn|p2a: Calyrex|Helping Hand|[of] p2b: Incineroar\n|move|p1b: Ditto|Astral Barrage|p2b: Incineroar|[spread] p2a,p2b\n|-resisted|p2b: Incineroar\n|-damage|p2a: Calyrex|74/100\n|-damage|p2b: Incineroar|73/100\n|move|p2a: Calyrex|Astral Barrage|p1b: Ditto|[spread] p1a\n|-immune|p1b: Ditto\n|-damage|p1a: Kyogre|0 fnt\n|faint|p1a: Kyogre\n|-ability|p2a: Calyrex|Grim Neigh|boost\n|-boost|p2a: Calyrex|spa|1\n|-damage|p2a: Calyrex|65/100|[from] item: Life Orb\n|\n|-weather|RainDance|[upkeep]\n|upkeep\n|turn|8\n|-message|SEITA forfeited.\n|\n|win|carrotvg\n|raw|SEITA's rating: 1541 &rarr; <strong>1519</strong><br />(-22 for losing)\n|raw|carrotvg's rating: 1505 &rarr; <strong>1527</strong><br />(+22 for winning)\n|l|\u2606SEITA\n|player|p1|\n|l|\u2606carrotvg\n|player|p2|\n","uploadtime":1771152741,"views":42,"formatid":"gen9vgc2026regi","rating":1519,"private":0,"password":null}