{"id":"gen9vgc2026regi-2565328256","format":"[Gen 9] VGC 2026 Reg I","players":["fogdocker","kojimuranishi"],"log":"|j|\u2606fogdocker\n|j|\u2606kojimuranishi\n|t:|1774263679\n|gametype|doubles\n|player|p1|fogdocker|170|1498\n|player|p2|kojimuranishi|2|1486\n|gen|9\n|tier|[Gen 9] VGC 2026 Reg I\n|rated|\n|rule|Species Clause: Limit one of each Pok\u00e9mon\n|rule|Item Clause: Limit 1 of each item\n|clearpoke\n|poke|p1|Calyrex-Ice, L50|\n|poke|p1|Koraidon, L50|\n|poke|p1|Flutter Mane, L50|\n|poke|p1|Incineroar, L50, F|\n|poke|p1|Rillaboom, L50, M|\n|poke|p1|Volcarona, L50, F|\n|poke|p2|Whimsicott, L50, M|\n|poke|p2|Calyrex-Ice, L50|\n|poke|p2|Miraidon, L50|\n|poke|p2|Chi-Yu, L50|\n|poke|p2|Landorus, L50, M|\n|poke|p2|Farigiraf, L50, F|\n|teampreview|4\n|inactive|Battle timer is ON: inactive players will automatically lose when time's up. (requested by kojimuranishi)\n|\n|t:|1774263696\n|teamsize|p1|4\n|teamsize|p2|4\n|start\n|switch|p1a: Calyrex|Calyrex-Ice, L50|100/100\n|switch|p1b: Koraidon|Koraidon, L50|100/100\n|switch|p2a: Whimsicott|Whimsicott, L50, M|100/100\n|switch|p2b: Chi-Yu|Chi-Yu, L50|100/100\n|-ability|p1a: Calyrex|As One\n|-ability|p1a: Calyrex|Unnerve\n|-weather|SunnyDay|[from] ability: Orichalcum Pulse|[of] p1b: Koraidon\n|-activate|p1b: Koraidon|Orichalcum Pulse|[source]\n|-ability|p2b: Chi-Yu|Beads of Ruin\n|turn|1\n|\n|t:|1774263712\n|switch|p1b: Volcarona|Volcarona, L50, F|100/100\n|-terastallize|p1a: Calyrex|Water\n|move|p2a: Whimsicott|Tailwind|p2a: Whimsicott\n|-sidestart|p2: kojimuranishi|move: Tailwind\n|move|p2b: Chi-Yu|Overheat|p1b: Volcarona\n|-damage|p1b: Volcarona|0 fnt\n|-unboost|p2b: Chi-Yu|spa|2\n|faint|p1b: Volcarona\n|move|p1a: Calyrex|Glacial Lance|p2a: Whimsicott|[spread] p2a,p2b\n|-supereffective|p2a: Whimsicott\n|-resisted|p2b: Chi-Yu\n|-enditem|p2a: Whimsicott|Focus Sash\n|-damage|p2a: Whimsicott|1/100\n|-damage|p2b: Chi-Yu|59/100\n|\n|-weather|SunnyDay|[upkeep]\n|upkeep\n|\n|t:|1774263733\n|switch|p1b: Koraidon|Koraidon, L50|100/100\n|-activate|p1b: Koraidon|ability: Orichalcum Pulse\n|turn|2\n|\n|t:|1774263756\n|switch|p2a: Calyrex|Calyrex-Ice, L50|100/100\n|-ability|p2a: Calyrex|As One\n|-ability|p2a: Calyrex|Unnerve\n|move|p1a: Calyrex|Protect|p1a: Calyrex\n|-singleturn|p1a: Calyrex|Protect\n|move|p2b: Chi-Yu|Overheat|p1a: Calyrex\n|-activate|p1a: Calyrex|move: Protect\n|move|p1b: Koraidon|Flame Charge|p2a: Calyrex\n|-supereffective|p2a: Calyrex\n|-damage|p2a: Calyrex|28/100\n|-boost|p1b: Koraidon|spe|1\n|-damage|p1b: Koraidon|91/100|[from] item: Life Orb\n|\n|-weather|SunnyDay|[upkeep]\n|upkeep\n|turn|3\n|inactive|fogdocker has 30 seconds left.\n|inactive|fogdocker has 20 seconds left.\n|\n|t:|1774263799\n|move|p1b: Koraidon|Protect|p1b: Koraidon\n|-singleturn|p1b: Koraidon|Protect\n|move|p2b: Chi-Yu|Overheat|p1b: Koraidon\n|-activate|p1b: Koraidon|move: Protect\n|move|p2a: Calyrex|Glacial Lance|p1a: Calyrex|[spread] p1a\n|-activate|p1b: Koraidon|move: Protect\n|-resisted|p1a: Calyrex\n|-damage|p1a: Calyrex|78/100\n|move|p1a: Calyrex|Glacial Lance|p2a: Calyrex|[spread] p2a,p2b\n|-resisted|p2a: Calyrex\n|-resisted|p2b: Chi-Yu\n|-damage|p2a: Calyrex|13/100\n|-damage|p2b: Chi-Yu|22/100\n|\n|-weather|SunnyDay|[upkeep]\n|-heal|p1a: Calyrex|84/100|[from] item: Leftovers\n|upkeep\n|turn|4\n|inactive|fogdocker has 30 seconds left.\n|inactive|kojimuranishi has 30 seconds left.\n|\n|t:|1774263832\n|-terastallize|p2a: Calyrex|Ice\n|move|p1b: Koraidon|Flare Blitz|p2b: Chi-Yu\n|-resisted|p2b: Chi-Yu\n|-damage|p2b: Chi-Yu|0 fnt\n|faint|p2b: Chi-Yu\n|-damage|p1b: Koraidon|86/100|[from] Recoil\n|-damage|p1b: Koraidon|76/100|[from] item: Life Orb\n|move|p2a: Calyrex|Glacial Lance|p1b: Koraidon|[spread] p1a,p1b\n|-resisted|p1a: Calyrex\n|-supereffective|p1b: Koraidon\n|-crit|p1b: Koraidon\n|-damage|p1a: Calyrex|57/100\n|-damage|p1b: Koraidon|0 fnt\n|faint|p1b: Koraidon\n|-ability|p2a: Calyrex|Chilling Neigh|boost\n|-boost|p2a: Calyrex|atk|1\n|move|p1a: Calyrex|Trick Room|p1a: Calyrex\n|-fieldstart|move: Trick Room|[of] p1a: Calyrex\n|\n|-weather|SunnyDay|[upkeep]\n|-heal|p1a: Calyrex|63/100|[from] item: Leftovers\n|-sideend|p2: kojimuranishi|move: Tailwind\n|upkeep\n|inactive|kojimuranishi has 30 seconds left.\n|inactive|kojimuranishi has 20 seconds left.\n|inactive|kojimuranishi has 15 seconds left.\n|inactive|kojimuranishi has 10 seconds left.\n|inactive|kojimuranishi has 5 seconds left.\n|\n|t:|1774263887\n|switch|p2b: Whimsicott|Whimsicott, L50, M|1/100\n|switch|p1b: Rillaboom|Rillaboom, L50, M|100/100\n|-fieldstart|move: Grassy Terrain|[from] ability: Grassy Surge|[of] p1b: Rillaboom\n|turn|5\n|\n|t:|1774263902\n|move|p1b: Rillaboom|Fake Out|p2b: Whimsicott\n|-damage|p2b: Whimsicott|0 fnt\n|faint|p2b: Whimsicott\n|move|p1a: Calyrex|Glacial Lance|p2a: Calyrex\n|-resisted|p2a: Calyrex\n|-damage|p2a: Calyrex|0 fnt\n|faint|p2a: Calyrex\n|-ability|p1a: Calyrex|Chilling Neigh|boost\n|-boost|p1a: Calyrex|atk|1\n|\n|-weather|none\n|-heal|p1a: Calyrex|69/100|[from] Grassy Terrain\n|-heal|p1a: Calyrex|74/100|[from] item: Leftovers\n|upkeep\n|-message|kojimuranishi forfeited.\n|\n|win|fogdocker\n|raw|fogdocker's rating: 1498 &rarr; <strong>1517</strong><br />(+19 for winning)\n|raw|kojimuranishi's rating: 1486 &rarr; <strong>1467</strong><br />(-19 for losing)\n|l|\u2606kojimuranishi\n|player|p2|\n|l|\u2606fogdocker\n|player|p1|\n","uploadtime":1774263913,"views":12,"formatid":"gen9vgc2026regi","rating":1467,"private":0,"password":null}