{"id":"gen9vgc2026regi-2565702304","format":"[Gen 9] VGC 2026 Reg I","players":["lozraff","testhan92"],"log":"|j|\u2606lozraff\n|j|\u2606testhan92\n|t:|1774296678\n|gametype|doubles\n|player|p1|lozraff|101|1383\n|player|p2|testhan92|2|1457\n|gen|9\n|tier|[Gen 9] VGC 2026 Reg I\n|rated|\n|rule|Species Clause: Limit one of each Pok\u00e9mon\n|rule|Item Clause: Limit 1 of each item\n|clearpoke\n|poke|p1|Eternatus, L50|\n|poke|p1|Urshifu-*, L50, M|\n|poke|p1|Dragonite, L50, M|\n|poke|p1|Incineroar, L50, M|\n|poke|p1|Grimmsnarl, L50, M|\n|poke|p1|Groudon, L50|\n|poke|p2|Lunala, L50|\n|poke|p2|Incineroar, L50, F|\n|poke|p2|Amoonguss, L50, M|\n|poke|p2|Ursaluna, L50, F|\n|poke|p2|Flutter Mane, L50|\n|poke|p2|Koraidon, L50|\n|teampreview|4\n|inactive|Battle timer is ON: inactive players will automatically lose when time's up. (requested by lozraff)\n|inactive|testhan92 has 60 seconds left.\n|j| DudeGaming 25\n|j| Ascitiesdrown\n|inactive|testhan92 has 30 seconds left.\n|\n|t:|1774296745\n|teamsize|p1|4\n|teamsize|p2|4\n|start\n|switch|p1a: Grimmsnarl|Grimmsnarl, L50, M|100/100\n|switch|p1b: Eternatus|Eternatus, L50|100/100\n|switch|p2a: Incineroar|Incineroar, L50, F|100/100\n|switch|p2b: Koraidon|Koraidon, L50|100/100\n|-weather|SunnyDay|[from] ability: Orichalcum Pulse|[of] p2b: Koraidon\n|-activate|p2b: Koraidon|Orichalcum Pulse|[source]\n|-ability|p1b: Eternatus|Pressure\n|-ability|p2a: Incineroar|Intimidate|boost\n|-unboost|p1a: Grimmsnarl|atk|1\n|-unboost|p1b: Eternatus|atk|1\n|turn|1\n|\n|t:|1774296761\n|-terastallize|p2b: Koraidon|Fire\n|move|p2a: Incineroar|Fake Out|p1a: Grimmsnarl\n|-damage|p1a: Grimmsnarl|90/100\n|cant|p1a: Grimmsnarl|flinch\n|move|p2b: Koraidon|Flare Blitz|p1a: Grimmsnarl\n|-damage|p1a: Grimmsnarl|0 fnt\n|faint|p1a: Grimmsnarl\n|-damage|p2b: Koraidon|66/100|[from] Recoil\n|-damage|p2b: Koraidon|57/100|[from] item: Life Orb\n|move|p1b: Eternatus|Cosmic Power|p1b: Eternatus\n|-boost|p1b: Eternatus|def|1\n|-boost|p1b: Eternatus|spd|1\n|\n|-weather|SunnyDay|[upkeep]\n|upkeep\n|\n|t:|1774296776\n|switch|p1a: Incineroar|Incineroar, L50, M|100/100\n|-ability|p1a: Incineroar|Intimidate|boost\n|-unboost|p2a: Incineroar|atk|1\n|-unboost|p2b: Koraidon|atk|1\n|turn|2\n|\n|t:|1774296786\n|switch|p2b: Ursaluna|Ursaluna, L50, F|100/100\n|move|p1a: Incineroar|Fake Out|p2b: Ursaluna\n|-damage|p2b: Ursaluna|92/100\n|move|p1b: Eternatus|Cosmic Power|p1b: Eternatus\n|-boost|p1b: Eternatus|def|1\n|-boost|p1b: Eternatus|spd|1\n|move|p2a: Incineroar|Will-O-Wisp|p1b: Eternatus\n|-status|p1b: Eternatus|brn\n|\n|-weather|SunnyDay|[upkeep]\n|-damage|p1b: Eternatus|94/100 brn|[from] brn\n|-status|p2b: Ursaluna|brn|[from] item: Flame Orb\n|upkeep\n|turn|3\n|\n|t:|1774296805\n|move|p1b: Eternatus|Cosmic Power|p1b: Eternatus\n|-boost|p1b: Eternatus|def|1\n|-boost|p1b: Eternatus|spd|1\n|move|p2a: Incineroar|Parting Shot|p1b: Eternatus\n|-unboost|p1b: Eternatus|atk|1\n|-unboost|p1b: Eternatus|spa|1\n|\n|t:|1774296812\n|switch|p2a: Koraidon|Koraidon, L50, tera:Fire|57/100|[from] Parting Shot\n|-activate|p2a: Koraidon|ability: Orichalcum Pulse\n|move|p2b: Ursaluna|Facade|p1a: Incineroar\n|-damage|p1a: Incineroar|0 fnt\n|faint|p1a: Incineroar\n|\n|-weather|SunnyDay|[upkeep]\n|-heal|p1b: Eternatus|100/100 brn|[from] item: Leftovers\n|-damage|p1b: Eternatus|94/100 brn|[from] brn\n|-damage|p2b: Ursaluna|86/100 brn|[from] brn\n|upkeep\n|\n|t:|1774296823\n|switch|p1a: Groudon|Groudon, L50|100/100\n|turn|4\n|\n|t:|1774296834\n|move|p2a: Koraidon|Flare Blitz|p1a: Groudon\n|-damage|p1a: Groudon|0 fnt\n|faint|p1a: Groudon\n|-damage|p2a: Koraidon|18/100|[from] Recoil\n|-damage|p2a: Koraidon|8/100|[from] item: Life Orb\n|move|p1b: Eternatus|Cosmic Power|p1b: Eternatus\n|-boost|p1b: Eternatus|def|1\n|-boost|p1b: Eternatus|spd|1\n|move|p2b: Ursaluna|Facade|p1b: Eternatus\n|-damage|p1b: Eternatus|72/100 brn\n|\n|-weather|SunnyDay|[upkeep]\n|-heal|p1b: Eternatus|78/100 brn|[from] item: Leftovers\n|-damage|p1b: Eternatus|72/100 brn|[from] brn\n|-damage|p2b: Ursaluna|80/100 brn|[from] brn\n|upkeep\n|turn|5\n|\n|t:|1774296858\n|move|p2a: Koraidon|Flare Blitz|p1b: Eternatus\n|-resisted|p1b: Eternatus\n|-damage|p1b: Eternatus|57/100 brn\n|-damage|p2a: Koraidon|1/100|[from] Recoil\n|-damage|p2a: Koraidon|0 fnt|[from] item: Life Orb\n|faint|p2a: Koraidon\n|move|p1b: Eternatus|Cosmic Power|p1b: Eternatus\n|-boost|p1b: Eternatus|def|1\n|-boost|p1b: Eternatus|spd|1\n|move|p2b: Ursaluna|Headlong Rush|p1b: Eternatus\n|-supereffective|p1b: Eternatus\n|-damage|p1b: Eternatus|20/100 brn\n|-unboost|p2b: Ursaluna|def|1\n|-unboost|p2b: Ursaluna|spd|1\n|\n|-weather|none\n|-heal|p1b: Eternatus|26/100 brn|[from] item: Leftovers\n|-damage|p1b: Eternatus|20/100 brn|[from] brn\n|-damage|p2b: Ursaluna|74/100 brn|[from] brn\n|upkeep\n|\n|t:|1774296869\n|switch|p2a: Incineroar|Incineroar, L50, F|100/100\n|-ability|p2a: Incineroar|Intimidate|boost\n|-unboost|p1b: Eternatus|atk|1\n|turn|6\n|\n|t:|1774296879\n|move|p2a: Incineroar|Fake Out|p1b: Eternatus\n|-damage|p1b: Eternatus|18/100 brn\n|cant|p1b: Eternatus|flinch\n|move|p2b: Ursaluna|Headlong Rush|p1b: Eternatus\n|-supereffective|p1b: Eternatus\n|-damage|p1b: Eternatus|0 fnt\n|-unboost|p2b: Ursaluna|def|1\n|-unboost|p2b: Ursaluna|spd|1\n|faint|p1b: Eternatus\n|\n|win|testhan92\n|raw|lozraff's rating: 1383 &rarr; <strong>1367</strong><br />(-16 for losing)\n|raw|testhan92's rating: 1457 &rarr; <strong>1473</strong><br />(+16 for winning)\n|l|\u2606lozraff\n|player|p1|\n","uploadtime":1774296879,"views":16,"formatid":"gen9vgc2026regi","rating":1367,"private":0,"password":null}