{"id":"gen9vgc2026regi-2541988991","format":"[Gen 9] VGC 2026 Reg I","players":["EllenJoe2026","he0"],"log":"|j|\u2606EllenJoe2026\n|j|\u2606he0\n|t:|1771395137\n|gametype|doubles\n|player|p1|EllenJoe2026|iono|1388\n|player|p2|he0|karen|1335\n|gen|9\n|tier|[Gen 9] VGC 2026 Reg I\n|rated|\n|rule|Species Clause: Limit one of each Pok\u00e9mon\n|rule|Item Clause: Limit 1 of each item\n|clearpoke\n|poke|p1|Calyrex-Ice, L50|\n|poke|p1|Miraidon, L50|\n|poke|p1|Tornadus, L50, M|\n|poke|p1|Urshifu-*, L50, F|\n|poke|p1|Grimmsnarl, L50, M|\n|poke|p1|Indeedee-F, L50, F|\n|poke|p2|Miraidon, L50|\n|poke|p2|Calyrex-Ice, L50|\n|poke|p2|Urshifu-*, L50, M|\n|poke|p2|Whimsicott, L50, F|\n|poke|p2|Iron Valiant, L50|\n|poke|p2|Rillaboom, L50, F|\n|teampreview|4\n|inactive|Battle timer is ON: inactive players will automatically lose when time's up. (requested by EllenJoe2026)\n|\n|t:|1771395153\n|teamsize|p1|4\n|teamsize|p2|4\n|start\n|switch|p1a: Calyrex|Calyrex-Ice, L50|100/100\n|switch|p1b: Indeedee|Indeedee-F, L50, F, shiny|100/100\n|switch|p2a: Miraidon|Miraidon, L50|100/100\n|switch|p2b: Iron Valiant|Iron Valiant, L50|100/100\n|-ability|p1a: Calyrex|As One\n|-ability|p1a: Calyrex|Unnerve\n|-fieldstart|move: Electric Terrain|[from] ability: Hadron Engine|[of] p2a: Miraidon\n|-activate|p2b: Iron Valiant|ability: Quark Drive\n|-start|p2b: Iron Valiant|quarkdrivespe\n|-fieldstart|move: Psychic Terrain|[from] ability: Psychic Surge|[of] p1b: Indeedee\n|-end|p2b: Iron Valiant|Quark Drive\n|turn|1\n|\n|t:|1771395172\n|move|p1b: Indeedee|Follow Me|p1b: Indeedee\n|-singleturn|p1b: Indeedee|move: Follow Me\n|move|p2a: Miraidon|Volt Switch|p1b: Indeedee\n|-damage|p1b: Indeedee|65/100\n|-enditem|p1b: Indeedee|Eject Button\n|\n|t:|1771395184\n|switch|p1b: Urshifu|Urshifu-Rapid-Strike, L50, F|100/100\n|move|p2b: Iron Valiant|Coaching|p2a: Miraidon\n|-boost|p2a: Miraidon|atk|1\n|-boost|p2a: Miraidon|def|1\n|move|p1a: Calyrex|Imprison|p1a: Calyrex\n|-start|p1a: Calyrex|move: Imprison\n|\n|upkeep\n|turn|2\n|\n|t:|1771395203\n|switch|p1b: Indeedee|Indeedee-F, L50, F, shiny|65/100\n|-terastallize|p1a: Calyrex|Grass\n|move|p2a: Miraidon|Volt Switch|p1b: Indeedee\n|-damage|p1b: Indeedee|30/100\n|\n|t:|1771395210\n|switch|p2a: Calyrex|Calyrex-Ice, L50|100/100|[from] Volt Switch\n|-ability|p2a: Calyrex|As One\n|-ability|p2a: Calyrex|Unnerve\n|move|p2b: Iron Valiant|Coaching|p2a: Calyrex\n|-boost|p2a: Calyrex|atk|1\n|-boost|p2a: Calyrex|def|1\n|move|p1a: Calyrex|Glacial Lance|p2a: Calyrex|[spread] p2a,p2b\n|-resisted|p2a: Calyrex\n|-damage|p2a: Calyrex|88/100\n|-damage|p2b: Iron Valiant|36/100\n|\n|-heal|p2a: Calyrex|94/100|[from] item: Leftovers\n|upkeep\n|turn|3\n|inactive|EllenJoe2026 has 30 seconds left.\n|inactive|he0 has 30 seconds left.\n|inactive|EllenJoe2026 has 20 seconds left.\n|inactive|he0 has 20 seconds left.\n|\n|t:|1771395250\n|move|p2b: Iron Valiant|Encore|p1a: Calyrex\n|-start|p1a: Calyrex|Encore\n|move|p1b: Indeedee|Heal Pulse|p1a: Calyrex\n|-fail|p1a: Calyrex|heal\n|move|p2a: Calyrex|Leech Seed|p1b: Indeedee\n|-start|p1b: Indeedee|move: Leech Seed\n|move|p1a: Calyrex|Glacial Lance|p2a: Calyrex|[spread] p2a,p2b\n|-resisted|p2a: Calyrex\n|-damage|p2a: Calyrex|81/100\n|-damage|p2b: Iron Valiant|0 fnt\n|faint|p2b: Iron Valiant\n|-end|p2b: Iron Valiant|Quark Drive|[silent]\n|-ability|p1a: Calyrex|Chilling Neigh|boost\n|-boost|p1a: Calyrex|atk|1\n|\n|-heal|p2a: Calyrex|87/100|[from] item: Leftovers\n|-damage|p1b: Indeedee|18/100|[from] Leech Seed|[of] p2a: Calyrex\n|-heal|p2a: Calyrex|98/100|[silent]\n|upkeep\n|\n|t:|1771395260\n|switch|p2b: Miraidon|Miraidon, L50|100/100\n|-fieldstart|move: Electric Terrain|[from] ability: Hadron Engine|[of] p2b: Miraidon\n|turn|4\n|\n|t:|1771395274\n|move|p1b: Indeedee|Helping Hand|p1a: Calyrex\n|-singleturn|p1a: Calyrex|Helping Hand|[of] p1b: Indeedee\n|move|p2b: Miraidon|Draco Meteor|p1a: Calyrex\n|-damage|p1a: Calyrex|37/100\n|-unboost|p2b: Miraidon|spa|2\n|move|p1a: Calyrex|Glacial Lance|p2a: Calyrex|[spread] p2a,p2b\n|-resisted|p2a: Calyrex\n|-crit|p2a: Calyrex\n|-supereffective|p2b: Miraidon\n|-crit|p2b: Miraidon\n|-damage|p2a: Calyrex|36/100\n|-damage|p2b: Miraidon|0 fnt\n|faint|p2b: Miraidon\n|-ability|p1a: Calyrex|Chilling Neigh|boost\n|-boost|p1a: Calyrex|atk|1\n|move|p2a: Calyrex|Leech Seed|p1b: Indeedee|[miss]\n|-miss|p2a: Calyrex|p1b: Indeedee\n|\n|-heal|p2a: Calyrex|42/100|[from] item: Leftovers\n|-damage|p1b: Indeedee|6/100|[from] Leech Seed|[of] p2a: Calyrex\n|-heal|p2a: Calyrex|53/100|[silent]\n|upkeep\n|\n|t:|1771395280\n|switch|p2b: Rillaboom|Rillaboom, L50, F|100/100\n|-fieldstart|move: Grassy Terrain|[from] ability: Grassy Surge|[of] p2b: Rillaboom\n|turn|5\n|inactive|he0 has 30 seconds left.\n|\n|t:|1771395306\n|switch|p1b: Urshifu|Urshifu-Rapid-Strike, L50, F|100/100\n|switch|p1a: Miraidon|Miraidon, L50, shiny|100/100\n|-fieldstart|move: Electric Terrain|[from] ability: Hadron Engine|[of] p1a: Miraidon\n|-terastallize|p2b: Rillaboom|Water\n|move|p2b: Rillaboom|Wood Hammer|p1a: Miraidon\n|-resisted|p1a: Miraidon\n|-damage|p1a: Miraidon|71/100\n|-damage|p2b: Rillaboom|90/100|[from] Recoil\n|move|p2a: Calyrex|Leech Seed|p1b: Urshifu\n|-start|p1b: Urshifu|move: Leech Seed\n|\n|-heal|p2a: Calyrex|58/100|[from] item: Leftovers\n|-damage|p1b: Urshifu|88/100|[from] Leech Seed|[of] p2a: Calyrex\n|-heal|p2a: Calyrex|69/100|[silent]\n|upkeep\n|turn|6\n|\n|t:|1771395326\n|move|p1a: Miraidon|Volt Switch|p2b: Rillaboom\n|-supereffective|p2b: Rillaboom\n|-damage|p2b: Rillaboom|0 fnt\n|faint|p2b: Rillaboom\n|\n|t:|1771395331\n|switch|p1a: Indeedee|Indeedee-F, L50, F, shiny|6/100|[from] Volt Switch\n|-fieldstart|move: Psychic Terrain|[from] ability: Psychic Surge|[of] p1a: Indeedee\n|move|p1b: Urshifu|Surging Strikes|p2a: Calyrex\n|-crit|p2a: Calyrex\n|-damage|p2a: Calyrex|49/100\n|-crit|p2a: Calyrex\n|-damage|p2a: Calyrex|30/100\n|-crit|p2a: Calyrex\n|-damage|p2a: Calyrex|9/100\n|-hitcount|p2a: Calyrex|3\n|move|p2a: Calyrex|Glacial Lance|p1b: Urshifu|[spread] p1a,p1b\n|-resisted|p1b: Urshifu\n|-damage|p1a: Indeedee|0 fnt\n|-damage|p1b: Urshifu|41/100\n|faint|p1a: Indeedee\n|-ability|p2a: Calyrex|Chilling Neigh|boost\n|-boost|p2a: Calyrex|atk|1\n|\n|-heal|p2a: Calyrex|15/100|[from] item: Leftovers\n|-damage|p1b: Urshifu|28/100|[from] Leech Seed|[of] p2a: Calyrex\n|-heal|p2a: Calyrex|26/100|[silent]\n|upkeep\n|\n|t:|1771395343\n|switch|p1a: Calyrex|Calyrex-Ice, L50, tera:Grass|37/100\n|-ability|p1a: Calyrex|As One\n|-ability|p1a: Calyrex|Unnerve\n|turn|7\n|\n|t:|1771395347\n|move|p1b: Urshifu|Surging Strikes|p2a: Calyrex\n|-crit|p2a: Calyrex\n|-damage|p2a: Calyrex|4/100\n|-crit|p2a: Calyrex\n|-damage|p2a: Calyrex|0 fnt\n|faint|p2a: Calyrex\n|-hitcount|p2: Calyrex|2\n|\n|win|EllenJoe2026\n|raw|EllenJoe2026's rating: 1388 &rarr; <strong>1405</strong><br />(+17 for winning)\n|raw|he0's rating: 1335 &rarr; <strong>1318</strong><br />(-17 for losing)\n|l|\u2606he0\n|player|p2|\n|l|\u2606EllenJoe2026\n|player|p1|\n","uploadtime":1771395614,"views":17,"formatid":"gen9vgc2026regi","rating":1318,"private":0,"password":null}