{"id":"gen9vgc2026regi-2534665540","format":"[Gen 9] VGC 2026 Reg I","players":["Tepig_nNz_498","j0l0k0"],"log":"|j|\u2606Tepig_nNz_498\n|j|\u2606j0l0k0\n|t:|1770457188\n|gametype|doubles\n|player|p1|Tepig_nNz_498|169|1344\n|player|p2|j0l0k0|brycen|1432\n|gen|9\n|tier|[Gen 9] VGC 2026 Reg I\n|rated|\n|rule|Species Clause: Limit one of each Pok\u00e9mon\n|rule|Item Clause: Limit 1 of each item\n|clearpoke\n|poke|p1|Indeedee-F, L50, F|\n|poke|p1|Necrozma-Dusk-Mane, L50|\n|poke|p1|Clefairy, L50, F|\n|poke|p1|Lunala, L50|\n|poke|p1|Iron Boulder, L50|\n|poke|p1|Meowstic, L50, M|\n|poke|p2|Calyrex-Ice, L50|\n|poke|p2|Kyogre, L50|\n|poke|p2|Indeedee-F, L50, F|\n|poke|p2|Urshifu-*, L50, F|\n|poke|p2|Amoonguss, L50, F|\n|poke|p2|Landorus, L50, M|\n|teampreview|4\n|inactive|Battle timer is ON: inactive players will automatically lose when time's up. (requested by j0l0k0)\n|inactive|Tepig_nNz_498 has 60 seconds left.\n|\n|t:|1770457235\n|teamsize|p1|4\n|teamsize|p2|4\n|start\n|switch|p1a: Indeedee|Indeedee-F, L50, F|100/100\n|switch|p1b: Lunala|Lunala, L50|100/100\n|switch|p2a: Indeedee|Indeedee-F, L50, F, shiny|100/100\n|switch|p2b: Calyrex|Calyrex-Ice, L50|100/100\n|-ability|p2b: Calyrex|As One\n|-ability|p2b: Calyrex|Unnerve\n|-fieldstart|move: Psychic Terrain|[from] ability: Psychic Surge|[of] p1a: Indeedee\n|turn|1\n|\n|t:|1770457250\n|move|p1a: Indeedee|Helping Hand|p1b: Lunala\n|-singleturn|p1b: Lunala|Helping Hand|[of] p1a: Indeedee\n|move|p2a: Indeedee|Follow Me|p2a: Indeedee\n|-singleturn|p2a: Indeedee|move: Follow Me\n|move|p1b: Lunala|Expanding Force|p2b: Calyrex|[spread] p2a,p2b\n|-resisted|p2a: Indeedee\n|-resisted|p2b: Calyrex\n|-damage|p2a: Indeedee|56/100\n|-damage|p2b: Calyrex|63/100\n|move|p2b: Calyrex|Glacial Lance|p1a: Indeedee|[spread] p1a,p1b\n|-damage|p1a: Indeedee|39/100\n|-damage|p1b: Lunala|74/100\n|\n|-heal|p1b: Lunala|80/100|[from] item: Leftovers\n|upkeep\n|turn|2\n|\n|t:|1770457265\n|move|p1a: Indeedee|Helping Hand|p1b: Lunala\n|-singleturn|p1b: Lunala|Helping Hand|[of] p1a: Indeedee\n|move|p1b: Lunala|Expanding Force|p2b: Calyrex|[spread] p2a,p2b\n|-resisted|p2a: Indeedee\n|-resisted|p2b: Calyrex\n|-damage|p2a: Indeedee|13/100\n|-damage|p2b: Calyrex|28/100\n|move|p2b: Calyrex|Crunch|p1b: Lunala\n|-supereffective|p1b: Lunala\n|-damage|p1b: Lunala|0 fnt\n|faint|p1b: Lunala\n|-ability|p2b: Calyrex|Chilling Neigh|boost\n|-boost|p2b: Calyrex|atk|1\n|move|p2a: Indeedee|Trick Room|p2a: Indeedee\n|-fieldstart|move: Trick Room|[of] p2a: Indeedee\n|\n|upkeep\n|\n|t:|1770457275\n|switch|p1b: Necrozma|Necrozma-Dusk-Mane, L50|100/100\n|turn|3\n|\n|t:|1770457285\n|move|p1a: Indeedee|Follow Me|p1a: Indeedee\n|-singleturn|p1a: Indeedee|move: Follow Me\n|move|p2a: Indeedee|Follow Me|p2a: Indeedee\n|-singleturn|p2a: Indeedee|move: Follow Me\n|move|p2b: Calyrex|Glacial Lance|p1a: Indeedee|[spread] p1a,p1b\n|-resisted|p1b: Necrozma\n|-damage|p1a: Indeedee|0 fnt\n|-damage|p1b: Necrozma|66/100\n|faint|p1a: Indeedee\n|-ability|p2b: Calyrex|Chilling Neigh|boost\n|-boost|p2b: Calyrex|atk|1\n|move|p1b: Necrozma|Sunsteel Strike|p2a: Indeedee\n|-damage|p2a: Indeedee|0 fnt\n|faint|p2a: Indeedee\n|\n|upkeep\n|\n|t:|1770457304\n|switch|p1a: Clefairy|Clefairy, L50, F|100/100\n|switch|p2a: Urshifu|Urshifu, L50, F|100/100\n|turn|4\n|\n|t:|1770457327\n|move|p1a: Clefairy|Follow Me|p1a: Clefairy\n|-singleturn|p1a: Clefairy|move: Follow Me\n|move|p2b: Calyrex|Glacial Lance|p1b: Necrozma|[spread] p1a,p1b\n|-resisted|p1b: Necrozma\n|-damage|p1a: Clefairy|9/100\n|-damage|p1b: Necrozma|36/100\n|move|p1b: Necrozma|Photon Geyser|p2b: Calyrex\n|-resisted|p2b: Calyrex\n|-damage|p2b: Calyrex|3/100\n|move|p2a: Urshifu|Wicked Blow|p1a: Clefairy\n|-resisted|p1a: Clefairy\n|-crit|p1a: Clefairy\n|-damage|p1a: Clefairy|0 fnt\n|faint|p1a: Clefairy\n|\n|upkeep\n|turn|5\n|-message|Tepig_nNz_498 forfeited.\n|\n|win|j0l0k0\n|raw|Tepig_nNz_498's rating: 1344 &rarr; <strong>1329</strong><br />(-15 for losing)\n|raw|j0l0k0's rating: 1432 &rarr; <strong>1447</strong><br />(+15 for winning)\n|l|\u2606Tepig_nNz_498\n|player|p1|\n|l|\u2606j0l0k0\n|player|p2|\n","uploadtime":1770457550,"views":14,"formatid":"gen9vgc2026regi","rating":1329,"private":0,"password":null}