{"id":"gen9vgc2026regi-2564410220","format":"[Gen 9] VGC 2026 Reg I","players":["editaccount","AngelilloVGC"],"log":"|j|\u2606editaccount\n|j|\u2606AngelilloVGC\n|t:|1774142365\n|gametype|doubles\n|player|p1|editaccount|101|\n|player|p2|AngelilloVGC|roughneck-gen4|\n|gen|9\n|tier|[Gen 9] VGC 2026 Reg I\n|rated|Tournament battle\n|rule|Species Clause: Limit one of each Pok\u00e9mon\n|rule|Item Clause: Limit 1 of each item\n|raw|<div class=\"infobox\"><details class=\"readmore\" open><summary><strong>3 custom rules:</strong></summary> Open Team Sheets, Force Open Team Sheets, !Open Team Sheets</details></div>\n|clearpoke\n|poke|p1|Sinistcha, L50|\n|poke|p1|Urshifu-*, L50, F|\n|poke|p1|Terapagos, L50, M|\n|poke|p1|Miraidon, L50|\n|poke|p1|Incineroar, L50, F|\n|poke|p1|Iron Treads, L50|\n|poke|p2|Zamazenta-*, L50|\n|poke|p2|Kyogre, L50|\n|poke|p2|Ogerpon-Wellspring, L50, F|\n|poke|p2|Tyranitar, L50, M|\n|poke|p2|Landorus-Therian, L50, M|\n|poke|p2|Tornadus, L50, M|\n|teampreview|4\n|showteam|p1|Sinistcha||EjectButton|Hospitality|MatchaGotcha,RagePowder,LifeDew,Protect||||||50|,,,,,Dark]Urshifu-Rapid-Strike||FocusSash|UnseenFist|SurgingStrikes,CloseCombat,Detect,AquaJet|||F|||50|,,,,,Ghost]Terapagos||ElectricSeed|TeraShift|TeraStarstorm,EarthPower,Protect,CalmMind|||M|||50|,,,,,Stellar]Miraidon||ChoiceScarf|HadronEngine|ElectroDrift,VoltSwitch,DracoMeteor,Snarl||||||50|,,,,,Electric]Incineroar||AssaultVest|Intimidate|KnockOff,FakeOut,FlareBlitz,Uturn|||F|||50|,,,,,Bug]Iron Treads||LifeOrb|QuarkDrive|HighHorsepower,SteelRoller,RockSlide,Protect||||||50|,,,,,Ground\n|showteam|p2|Zamazenta-Crowned||RustedShield|DauntlessShield|WideGuard,Howl,behemothbash,BodyPress||||||50|,,,,,Ghost]Kyogre||Leftovers|Drizzle|Protect,WaterSpout,HydroPump,IceBeam||||||50|,,,,,Water]Ogerpon-Wellspring||WellspringMask|WaterAbsorb|SpikyShield,FollowMe,IvyCudgel,WoodHammer|||F|||50|,,,,,Water]Tyranitar||AssaultVest|SandStream|TeraBlast,RockSlide,KnockOff,LowKick|||M|||50|,,,,,Flying]Landorus-Therian||ChoiceBand|Intimidate|Uturn,TeraBlast,StompingTantrum,Earthquake|||M|||50|,,,,,Poison]Tornadus||CovertCloak|Prankster|Taunt,BleakwindStorm,Tailwind,Protect|||M|||50|,,,,,Dark\n|j| b3testing\n|j| missouri mott\n|c|\u2606AngelilloVGC|glhf\n|c|\u2606editaccount|glhf\n|inactive|Battle timer is ON: inactive players will automatically lose when time's up. (requested by AngelilloVGC)\n|inactive|AngelilloVGC has 60 seconds left.\n|j| 4Test4\n|\n|t:|1774142426\n|teamsize|p1|4\n|teamsize|p2|4\n|start\n|switch|p1a: Miraidon|Miraidon, L50, shiny|100/100\n|switch|p1b: Terapagos|Terapagos, L50, M|100/100\n|switch|p2a: Tornadus|Tornadus, L50, M|100/100\n|switch|p2b: Landorus|Landorus-Therian, L50, M|100/100\n|-activate|p1b: Terapagos|ability: Tera Shift\n|detailschange|p1b: Terapagos|Terapagos-Terastal, L50, M\n|-heal|p1b: Terapagos|100/100|[silent]\n|-fieldstart|move: Electric Terrain|[from] ability: Hadron Engine|[of] p1a: Miraidon\n|-enditem|p1b: Terapagos|Electric Seed\n|-boost|p1b: Terapagos|def|1|[from] item: Electric Seed\n|-ability|p2b: Landorus|Intimidate|boost\n|-unboost|p1a: Miraidon|atk|1\n|-unboost|p1b: Terapagos|atk|1\n|turn|1\n|l| 4Test4\n|j| fwoompie\n|l| fwoompie\n|j| Midladder Crisis\n|l| Midladder Crisis\n|inactive|editaccount has 30 seconds left.\n|inactive|AngelilloVGC has 30 seconds left.\n|inactive|AngelilloVGC has 20 seconds left.\n|\n|t:|1774142464\n|-terastallize|p2a: Tornadus|Dark\n|move|p2a: Tornadus|Taunt|p1b: Terapagos\n|-start|p1b: Terapagos|move: Taunt\n|move|p1a: Miraidon|Volt Switch|p2a: Tornadus\n|-damage|p2a: Tornadus|9/100\n|\n|t:|1774142483\n|switch|p1a: Sinistcha|Sinistcha, L50|100/100|[from] Volt Switch\n|move|p2b: Landorus|Stomping Tantrum|p1a: Sinistcha\n|-resisted|p1a: Sinistcha\n|-damage|p1a: Sinistcha|77/100\n|-enditem|p1a: Sinistcha|Eject Button\n|\n|t:|1774142490\n|switch|p1a: Urshifu|Urshifu-Rapid-Strike, L50, F|100/100\n|cant|p1b: Terapagos|move: Taunt|Calm Mind\n|\n|upkeep\n|turn|2\n|j| 4Test4\n|\n|t:|1774142507\n|move|p2a: Tornadus|Tailwind|p2a: Tornadus\n|-sidestart|p2: AngelilloVGC|move: Tailwind\n|move|p2b: Landorus|Stomping Tantrum|p1b: Terapagos\n|-activate|p1b: Terapagos|ability: Tera Shell\n|-resisted|p1b: Terapagos\n|-damage|p1b: Terapagos|87/100\n|move|p1a: Urshifu|Surging Strikes|p2b: Landorus\n|-supereffective|p2b: Landorus\n|-crit|p2b: Landorus\n|-damage|p2b: Landorus|50/100\n|-supereffective|p2b: Landorus\n|-crit|p2b: Landorus\n|-damage|p2b: Landorus|3/100\n|-supereffective|p2b: Landorus\n|-crit|p2b: Landorus\n|-damage|p2b: Landorus|0 fnt\n|faint|p2b: Landorus\n|-hitcount|p2: Landorus|3\n|move|p1b: Terapagos|Tera Starstorm|p2a: Tornadus\n|-damage|p2a: Tornadus|0 fnt\n|faint|p2a: Tornadus\n|\n|upkeep\n|\n|t:|1774142516\n|switch|p2b: Tyranitar|Tyranitar, L50, M, shiny|100/100\n|switch|p2a: Zamazenta|Zamazenta-Crowned, L50, shiny|100/100\n|-ability|p2a: Zamazenta|Dauntless Shield|boost\n|-boost|p2a: Zamazenta|def|1\n|-weather|Sandstorm|[from] ability: Sand Stream|[of] p2b: Tyranitar\n|turn|3\n|c|\u2606AngelilloVGC|gg\n|inactive|AngelilloVGC has 30 seconds left.\n|inactive|editaccount has 30 seconds left.\n|inactive|AngelilloVGC has 20 seconds left.\n|inactive|editaccount has 20 seconds left.\n|inactive|AngelilloVGC has 15 seconds left.\n|l| missouri mott\n|inactive|editaccount has 15 seconds left.\n|\n|t:|1774142564\n|-terastallize|p1b: Terapagos|Stellar\n|detailschange|p1b: Terapagos|Terapagos-Stellar, L50, M, tera:Stellar\n|-heal|p1b: Terapagos|91/100|[silent]\n|-ability|p1b: Terapagos|Teraform Zero\n|-weather|none\n|-fieldend|move: Electric Terrain\n|move|p2a: Zamazenta|Body Press|p1a: Urshifu\n|-damage|p1a: Urshifu|25/100\n|move|p2b: Tyranitar|Rock Slide|p1b: Terapagos|[spread] p1a,p1b\n|-resisted|p1a: Urshifu\n|-damage|p1a: Urshifu|8/100\n|-damage|p1b: Terapagos|80/100\n|move|p1a: Urshifu|Surging Strikes|p2b: Tyranitar\n|-supereffective|p2b: Tyranitar\n|-crit|p2b: Tyranitar\n|-damage|p2b: Tyranitar|65/100\n|-supereffective|p2b: Tyranitar\n|-crit|p2b: Tyranitar\n|-damage|p2b: Tyranitar|29/100\n|-supereffective|p2b: Tyranitar\n|-crit|p2b: Tyranitar\n|-damage|p2b: Tyranitar|0 fnt\n|faint|p2b: Tyranitar\n|-hitcount|p2: Tyranitar|3\n|cant|p1b: Terapagos|flinch\n|\n|-end|p1b: Terapagos|move: Taunt\n|upkeep\n|turn|4\n|\n|t:|1774142585\n|switch|p1a: Sinistcha|Sinistcha, L50|77/100\n|-heal|p1b: Terapagos|100/100|[from] ability: Hospitality|[of] p1a: Sinistcha\n|move|p2a: Zamazenta|Body Press|p1b: Terapagos\n|-supereffective|p1b: Terapagos\n|-damage|p1b: Terapagos|54/100\n|move|p1b: Terapagos|Earth Power|p2a: Zamazenta\n|-supereffective|p2a: Zamazenta\n|-damage|p2a: Zamazenta|52/100\n|\n|upkeep\n|turn|5\n|l| b3testing\n|\n|t:|1774142599\n|move|p1a: Sinistcha|Rage Powder|p1a: Sinistcha\n|-singleturn|p1a: Sinistcha|move: Rage Powder\n|move|p2a: Zamazenta|Behemoth Bash|p1a: Sinistcha\n|-damage|p1a: Sinistcha|40/100\n|move|p1b: Terapagos|Earth Power|p2a: Zamazenta\n|-supereffective|p2a: Zamazenta\n|-damage|p2a: Zamazenta|0 fnt\n|faint|p2a: Zamazenta\n|\n|win|editaccount\n|n|\u2606editaccount|editaccount\n|n|\u2606AngelilloVGC|angelillovgc\n|n| 4Test4|4test4\n","uploadtime":1774142599,"views":14,"formatid":"gen9vgc2026regi","rating":null,"private":0,"password":null}