{"id":"gen9vgc2026regi-2589610095","format":"[Gen 9] VGC 2026 Reg I","players":["elcareverga","roykeenkennedy"],"log":"|j|\u2606elcareverga\n|j|\u2606roykeenkennedy\n|t:|1776738920\n|gametype|doubles\n|player|p1|elcareverga|2|1553\n|player|p2|roykeenkennedy|102|1692\n|gen|9\n|tier|[Gen 9] VGC 2026 Reg I\n|rated|\n|rule|Species Clause: Limit one of each Pok\u00e9mon\n|rule|Item Clause: Limit 1 of each item\n|clearpoke\n|poke|p1|Kyogre, L50|\n|poke|p1|Calyrex-Shadow, L50|\n|poke|p1|Urshifu-*, L50, F|\n|poke|p1|Roaring Moon, L50|\n|poke|p1|Rillaboom, L50, M|\n|poke|p1|Incineroar, L50, M|\n|poke|p2|Calyrex-Ice, L50|\n|poke|p2|Annihilape, L50, M|\n|poke|p2|Grimmsnarl, L50, M|\n|poke|p2|Sinistcha-Masterpiece, L50|\n|poke|p2|Miraidon, L50|\n|poke|p2|Iron Hands, L50|\n|teampreview|4\n|inactive|Battle timer is ON: inactive players will automatically lose when time's up. (requested by elcareverga)\n|\n|t:|1776738948\n|teamsize|p1|4\n|teamsize|p2|4\n|start\n|switch|p1a: Roaring Moon|Roaring Moon, L50|100/100\n|switch|p1b: Kyogre|Kyogre, L50|100/100\n|switch|p2a: Miraidon|Miraidon, L50|100/100\n|switch|p2b: Grimmsnarl|Grimmsnarl, L50, M|100/100\n|-fieldstart|move: Electric Terrain|[from] ability: Hadron Engine|[of] p2a: Miraidon\n|-weather|RainDance|[from] ability: Drizzle|[of] p1b: Kyogre\n|-enditem|p1a: Roaring Moon|Booster Energy\n|-activate|p1a: Roaring Moon|ability: Protosynthesis|[fromitem]\n|-start|p1a: Roaring Moon|protosynthesisspe\n|turn|1\n|inactive|roykeenkennedy has 30 seconds left.\n|\n|t:|1776738976\n|-terastallize|p1b: Kyogre|Grass\n|move|p2b: Grimmsnarl|Light Screen|p2b: Grimmsnarl\n|-sidestart|p2: roykeenkennedy|move: Light Screen\n|move|p1a: Roaring Moon|Tailwind|p1a: Roaring Moon\n|-sidestart|p1: elcareverga|move: Tailwind\n|move|p1b: Kyogre|Water Spout|p2a: Miraidon|[spread] p2a,p2b\n|-resisted|p2a: Miraidon\n|-damage|p2a: Miraidon|77/100\n|-damage|p2b: Grimmsnarl|33/100\n|move|p2a: Miraidon|Volt Switch|p1b: Kyogre\n|-resisted|p1b: Kyogre\n|-damage|p1b: Kyogre|77/100\n|\n|t:|1776738989\n|switch|p2a: Calyrex|Calyrex-Ice, L50|100/100|[from] Volt Switch\n|-ability|p2a: Calyrex|As One\n|-ability|p2a: Calyrex|Unnerve\n|\n|-weather|RainDance|[upkeep]\n|upkeep\n|turn|2\n|\n|t:|1776739000\n|-terastallize|p2a: Calyrex|Water\n|move|p2b: Grimmsnarl|Reflect|p2b: Grimmsnarl\n|-sidestart|p2: roykeenkennedy|Reflect\n|move|p1a: Roaring Moon|Knock Off|p2a: Calyrex\n|-damage|p2a: Calyrex|81/100\n|-enditem|p2a: Calyrex|Clear Amulet|[from] move: Knock Off|[of] p1a: Roaring Moon\n|move|p1b: Kyogre|Water Spout|p2a: Calyrex|[spread] p2a,p2b\n|-resisted|p2a: Calyrex\n|-damage|p2a: Calyrex|60/100\n|-damage|p2b: Grimmsnarl|0 fnt\n|faint|p2b: Grimmsnarl\n|move|p2a: Calyrex|Glacial Lance|p1a: Roaring Moon|[spread] p1a,p1b\n|-supereffective|p1a: Roaring Moon\n|-supereffective|p1b: Kyogre\n|-damage|p1a: Roaring Moon|0 fnt\n|-damage|p1b: Kyogre|0 fnt\n|faint|p1a: Roaring Moon\n|-end|p1a: Roaring Moon|Protosynthesis|[silent]\n|faint|p1b: Kyogre\n|-ability|p2a: Calyrex|Chilling Neigh|boost\n|-boost|p2a: Calyrex|atk|2\n|\n|-weather|RainDance|[upkeep]\n|upkeep\n|\n|t:|1776739023\n|switch|p1a: Calyrex|Calyrex-Shadow, L50|100/100\n|switch|p1b: Rillaboom|Rillaboom, L50, M|100/100\n|switch|p2b: Miraidon|Miraidon, L50|77/100\n|-ability|p1a: Calyrex|As One\n|-ability|p1a: Calyrex|Unnerve\n|-fieldstart|move: Grassy Terrain|[from] ability: Grassy Surge|[of] p1b: Rillaboom\n|-fieldstart|move: Electric Terrain|[from] ability: Hadron Engine|[of] p2b: Miraidon\n|turn|3\n|\n|t:|1776739039\n|move|p2a: Calyrex|Protect|p2a: Calyrex\n|-singleturn|p2a: Calyrex|Protect\n|move|p1b: Rillaboom|Fake Out|p2a: Calyrex\n|-activate|p2a: Calyrex|move: Protect\n|move|p1a: Calyrex|Astral Barrage|p2b: Miraidon|[spread] p2b\n|-activate|p2a: Calyrex|move: Protect\n|-damage|p2b: Miraidon|58/100\n|move|p2b: Miraidon|Snarl|p1b: Rillaboom|[spread] p1b\n|-miss|p2b: Miraidon|p1a: Calyrex\n|-damage|p1b: Rillaboom|88/100\n|-unboost|p1b: Rillaboom|spa|1\n|\n|-weather|RainDance|[upkeep]\n|upkeep\n|turn|4\n|inactive|roykeenkennedy has 30 seconds left.\n|\n|t:|1776739065\n|switch|p2b: Sinistcha|Sinistcha-Masterpiece, L50|100/100\n|-heal|p2a: Calyrex|85/100|[from] ability: Hospitality|[of] p2b: Sinistcha\n|move|p1a: Calyrex|Astral Barrage|p2b: Sinistcha|[spread] p2a,p2b\n|-supereffective|p2b: Sinistcha\n|-damage|p2a: Calyrex|61/100\n|-damage|p2b: Sinistcha|21/100\n|move|p1b: Rillaboom|Wood Hammer|p2a: Calyrex\n|-supereffective|p2a: Calyrex\n|-damage|p2a: Calyrex|19/100\n|-damage|p1b: Rillaboom|74/100|[from] Recoil\n|move|p2a: Calyrex|Glacial Lance|p1b: Rillaboom|[spread] p1a,p1b\n|-supereffective|p1b: Rillaboom\n|-enditem|p1a: Calyrex|Focus Sash\n|-damage|p1a: Calyrex|1/100\n|-damage|p1b: Rillaboom|0 fnt\n|faint|p1b: Rillaboom\n|-ability|p2a: Calyrex|Chilling Neigh|boost\n|-boost|p2a: Calyrex|atk|1\n|\n|-weather|RainDance|[upkeep]\n|-sideend|p1: elcareverga|move: Tailwind\n|upkeep\n|turn|5\n|inactive|roykeenkennedy has 30 seconds left.\n|\n|t:|1776739092\n|move|p2a: Calyrex|Protect|p2a: Calyrex\n|-singleturn|p2a: Calyrex|Protect\n|move|p1a: Calyrex|Astral Barrage|p2a: Calyrex|[spread] p2b\n|-activate|p2a: Calyrex|move: Protect\n|-supereffective|p2b: Sinistcha\n|-damage|p2b: Sinistcha|0 fnt\n|faint|p2b: Sinistcha\n|-ability|p1a: Calyrex|Grim Neigh|boost\n|-boost|p1a: Calyrex|spa|1\n|\n|-weather|none\n|-sideend|p2: roykeenkennedy|move: Light Screen\n|upkeep\n|\n|t:|1776739105\n|switch|p2b: Miraidon|Miraidon, L50|58/100\n|-activate|p2b: Miraidon|ability: Hadron Engine\n|turn|6\n|\n|t:|1776739111\n|move|p1a: Calyrex|Astral Barrage|p2b: Miraidon|[spread] p2a,p2b\n|-damage|p2a: Calyrex|0 fnt\n|-damage|p2b: Miraidon|13/100\n|faint|p2a: Calyrex\n|-ability|p1a: Calyrex|Grim Neigh|boost\n|-boost|p1a: Calyrex|spa|1\n|move|p2b: Miraidon|Electro Drift|p1a: Calyrex\n|-damage|p1a: Calyrex|0 fnt\n|faint|p1a: Calyrex\n|\n|win|roykeenkennedy\n|raw|elcareverga's rating: 1553 &rarr; <strong>1541</strong><br />(-12 for losing)\n|raw|roykeenkennedy's rating: 1692 &rarr; <strong>1704</strong><br />(+12 for winning)\n|l|\u2606roykeenkennedy\n|player|p2|\n|l|\u2606elcareverga\n|player|p1|\n","uploadtime":1776739365,"views":14,"formatid":"gen9vgc2026regi","rating":1541,"private":0,"password":null}