{"id":"gen9vgc2026regi-2555331960","format":"[Gen 9] VGC 2026 Reg I","players":["Rypassed You","kojimuranishi"],"log":"|j|\u2606Rypassed You\n|j|\u2606kojimuranishi\n|t:|1773079809\n|gametype|doubles\n|player|p1|Rypassed You|drayton|1427\n|player|p2|kojimuranishi|1|1536\n|gen|9\n|tier|[Gen 9] VGC 2026 Reg I\n|rated|\n|rule|Species Clause: Limit one of each Pok\u00e9mon\n|rule|Item Clause: Limit 1 of each item\n|clearpoke\n|poke|p1|Kyogre, L50|\n|poke|p1|Miraidon, L50|\n|poke|p1|Tornadus, L50, M|\n|poke|p1|Iron Hands, L50|\n|poke|p1|Farigiraf, L50, F|\n|poke|p1|Urshifu-*, L50, M|\n|poke|p2|Flutter Mane, L50|\n|poke|p2|Koraidon, L50|\n|poke|p2|Chi-Yu, L50|\n|poke|p2|Lunala, L50|\n|poke|p2|Ursaluna, L50, F|\n|poke|p2|Brute Bonnet, L50|\n|teampreview|4\n|inactive|Battle timer is ON: inactive players will automatically lose when time's up. (requested by Rypassed You)\n|\n|t:|1773079834\n|teamsize|p1|4\n|teamsize|p2|4\n|start\n|switch|p1a: \u30c8\u30eb\u30cd\u30ed\u30b9|Tornadus, L50, M|100/100\n|switch|p1b: Natalia|Miraidon, L50|100/100\n|switch|p2a: Flutter Mane|Flutter Mane, L50|100/100\n|switch|p2b: Koraidon|Koraidon, L50|100/100\n|-weather|SunnyDay|[from] ability: Orichalcum Pulse|[of] p2b: Koraidon\n|-activate|p2a: Flutter Mane|ability: Protosynthesis\n|-start|p2a: Flutter Mane|protosynthesisspe\n|-activate|p2b: Koraidon|Orichalcum Pulse|[source]\n|-fieldstart|move: Electric Terrain|[from] ability: Hadron Engine|[of] p1b: Natalia\n|turn|1\n|inactive|kojimuranishi has 30 seconds left.\n|\n|t:|1773079864\n|-terastallize|p1b: Natalia|Fairy\n|move|p1a: \u30c8\u30eb\u30cd\u30ed\u30b9|Rain Dance|p1a: \u30c8\u30eb\u30cd\u30ed\u30b9\n|-weather|RainDance\n|-end|p2a: Flutter Mane|Protosynthesis\n|move|p2a: Flutter Mane|Icy Wind|p1a: \u30c8\u30eb\u30cd\u30ed\u30b9|[spread] p1a,p1b\n|-supereffective|p1a: \u30c8\u30eb\u30cd\u30ed\u30b9\n|-damage|p1a: \u30c8\u30eb\u30cd\u30ed\u30b9|62/100\n|-damage|p1b: Natalia|88/100\n|-unboost|p1a: \u30c8\u30eb\u30cd\u30ed\u30b9|spe|1\n|-unboost|p1b: Natalia|spe|1\n|move|p2b: Koraidon|Flare Blitz|p1a: \u30c8\u30eb\u30cd\u30ed\u30b9\n|-crit|p1a: \u30c8\u30eb\u30cd\u30ed\u30b9\n|-damage|p1a: \u30c8\u30eb\u30cd\u30ed\u30b9|1/100\n|-damage|p2b: Koraidon|83/100|[from] Recoil\n|-damage|p2b: Koraidon|73/100|[from] item: Life Orb\n|move|p1b: Natalia|Dazzling Gleam|p2a: Flutter Mane|[spread] p2a,p2b\n|-supereffective|p2b: Koraidon\n|-damage|p2a: Flutter Mane|32/100\n|-damage|p2b: Koraidon|0 fnt\n|faint|p2b: Koraidon\n|\n|-weather|RainDance|[upkeep]\n|upkeep\n|inactive|kojimuranishi has 30 seconds left.\n|\n|t:|1773079897\n|switch|p2b: Lunala|Lunala, L50|100/100\n|turn|2\n|\n|t:|1773079906\n|move|p1a: \u30c8\u30eb\u30cd\u30ed\u30b9|Tailwind|p1a: \u30c8\u30eb\u30cd\u30ed\u30b9\n|-sidestart|p1: Rypassed You|move: Tailwind\n|move|p1b: Natalia|Dazzling Gleam|p2a: Flutter Mane|[spread] p2a,p2b\n|-damage|p2a: Flutter Mane|0 fnt\n|-damage|p2b: Lunala|79/100\n|faint|p2a: Flutter Mane\n|-end|p2a: Flutter Mane|Protosynthesis|[silent]\n|move|p2b: Lunala|Meteor Beam||[still]\n|-prepare|p2b: Lunala|Meteor Beam\n|-boost|p2b: Lunala|spa|1\n|-enditem|p2b: Lunala|Power Herb\n|-anim|p2b: Lunala|Meteor Beam|p1b: Natalia\n|-damage|p1b: Natalia|28/100\n|\n|-weather|RainDance|[upkeep]\n|upkeep\n|\n|t:|1773079920\n|switch|p2a: Brute Bonnet|Brute Bonnet, L50|100/100\n|turn|3\n|\n|t:|1773079933\n|-terastallize|p2a: Brute Bonnet|Water\n|move|p2a: Brute Bonnet|Rage Powder|p2a: Brute Bonnet\n|-singleturn|p2a: Brute Bonnet|move: Rage Powder\n|move|p1a: \u30c8\u30eb\u30cd\u30ed\u30b9|Taunt|p2a: Brute Bonnet\n|-start|p2a: Brute Bonnet|move: Taunt\n|move|p1b: Natalia|Dazzling Gleam|p2a: Brute Bonnet|[spread] p2a,p2b\n|-damage|p2a: Brute Bonnet|49/100\n|-damage|p2b: Lunala|35/100\n|-enditem|p2a: Brute Bonnet|Sitrus Berry|[eat]\n|-heal|p2a: Brute Bonnet|74/100|[from] item: Sitrus Berry\n|move|p2b: Lunala|Trick Room|p2b: Lunala\n|-fieldstart|move: Trick Room|[of] p2b: Lunala\n|\n|-weather|RainDance|[upkeep]\n|upkeep\n|turn|4\n|\n|t:|1773079952\n|switch|p1b: Dhruva|Kyogre, L50|100/100\n|move|p1a: \u30c8\u30eb\u30cd\u30ed\u30b9|Taunt|p2b: Lunala\n|-start|p2b: Lunala|move: Taunt\n|move|p2a: Brute Bonnet|Seed Bomb|p1a: \u30c8\u30eb\u30cd\u30ed\u30b9\n|-resisted|p1a: \u30c8\u30eb\u30cd\u30ed\u30b9\n|-damage|p1a: \u30c8\u30eb\u30cd\u30ed\u30b9|0 fnt\n|faint|p1a: \u30c8\u30eb\u30cd\u30ed\u30b9\n|move|p2b: Lunala|Moongeist Beam|p1b: Dhruva\n|-damage|p1b: Dhruva|37/100\n|\n|-weather|RainDance|[upkeep]\n|upkeep\n|\n|t:|1773079956\n|switch|p1a: Josy|Farigiraf, L50, F|100/100\n|-enditem|p1a: Josy|Electric Seed\n|-boost|p1a: Josy|def|1|[from] item: Electric Seed\n|turn|5\n|inactive|kojimuranishi has 30 seconds left.\n|inactive|kojimuranishi has 20 seconds left.\n|inactive|kojimuranishi has 15 seconds left.\n|\n|t:|1773080000\n|move|p2a: Brute Bonnet|Seed Bomb|p1a: Josy\n|-damage|p1a: Josy|78/100\n|move|p2b: Lunala|Meteor Beam||[still]\n|-prepare|p2b: Lunala|Meteor Beam\n|-boost|p2b: Lunala|spa|1\n|move|p1b: Dhruva|Origin Pulse|p2b: Lunala|[spread] p2a,p2b\n|-resisted|p2a: Brute Bonnet\n|-damage|p2a: Brute Bonnet|45/100\n|-damage|p2b: Lunala|0 fnt\n|faint|p2b: Lunala\n|move|p1a: Josy|Trick Room|p1a: Josy\n|-fieldend|move: Trick Room\n|\n|-weather|none\n|-sideend|p1: Rypassed You|move: Tailwind\n|-fieldend|move: Electric Terrain\n|upkeep\n|turn|6\n|-message|kojimuranishi forfeited.\n|\n|win|Rypassed You\n|raw|Rypassed You's rating: 1427 &rarr; <strong>1453</strong><br />(+26 for winning)\n|raw|kojimuranishi's rating: 1536 &rarr; <strong>1510</strong><br />(-26 for losing)\n|l|\u2606kojimuranishi\n|player|p2|\n|j|\u2606kojimuranishi\n|player|p2|kojimuranishi|1|\n|l|\u2606kojimuranishi\n|player|p2|\n|l|\u2606Rypassed You\n|player|p1|\n","uploadtime":1773080275,"views":22,"formatid":"gen9vgc2026regi","rating":1453,"private":0,"password":null}