{"id":"gen9vgc2026regi-2552723537","format":"[Gen 9] VGC 2026 Reg I","players":["lalo's pollos","thegreatestgalar"],"log":"|j|\u2606lalo's pollos\n|j|\u2606thegreatestgalar\n|t:|1772746959\n|gametype|doubles\n|player|p1|lalo's pollos|266|1414\n|player|p2|thegreatestgalar|veteran|1400\n|gen|9\n|tier|[Gen 9] VGC 2026 Reg I\n|rated|\n|rule|Species Clause: Limit one of each Pok\u00e9mon\n|rule|Item Clause: Limit 1 of each item\n|clearpoke\n|poke|p1|Calyrex-Shadow, L50|\n|poke|p1|Koraidon, L50|\n|poke|p1|Gothitelle, L50, F|\n|poke|p1|Scream Tail, L50|\n|poke|p1|Incineroar, L50, M|\n|poke|p1|Amoonguss, L50, M|\n|poke|p2|Groudon, L50|\n|poke|p2|Rillaboom, L50, M|\n|poke|p2|Raging Bolt, L50|\n|poke|p2|Jumpluff, L50, F|\n|poke|p2|Lunala, L50|\n|poke|p2|Incineroar, L50, M|\n|teampreview|4\n|\n|t:|1772746986\n|teamsize|p1|4\n|teamsize|p2|4\n|start\n|switch|p1a: Calyrex|Calyrex-Shadow, L50|100/100\n|switch|p1b: Amoonguss|Amoonguss, L50, M|100/100\n|switch|p2a: Groudon|Groudon, L50|100/100\n|switch|p2b: Jumpluff|Jumpluff, L50, F|100/100\n|-ability|p1a: Calyrex|As One\n|-ability|p1a: Calyrex|Unnerve\n|-weather|SunnyDay|[from] ability: Drought|[of] p2a: Groudon\n|turn|1\n|inactive|Battle timer is ON: inactive players will automatically lose when time's up. (requested by thegreatestgalar)\n|\n|t:|1772747024\n|-terastallize|p1b: Amoonguss|Water\n|move|p1a: Calyrex|Protect|p1a: Calyrex\n|-singleturn|p1a: Calyrex|Protect\n|move|p2a: Groudon|Protect|p2a: Groudon\n|-singleturn|p2a: Groudon|Protect\n|move|p2b: Jumpluff|Tailwind|p2b: Jumpluff\n|-sidestart|p2: thegreatestgalar|move: Tailwind\n|move|p1b: Amoonguss|Spore|p2a: Groudon\n|-activate|p2a: Groudon|move: Protect\n|\n|-weather|SunnyDay|[upkeep]\n|upkeep\n|turn|2\n|\n|t:|1772747040\n|move|p2b: Jumpluff|Sleep Powder|p1b: Amoonguss|[miss]\n|-miss|p2b: Jumpluff|p1b: Amoonguss\n|move|p2a: Groudon|Precipice Blades|p1a: Calyrex|[spread] p1a,p1b\n|-damage|p1a: Calyrex|33/100\n|-damage|p1b: Amoonguss|46/100\n|move|p1a: Calyrex|Astral Barrage|p2b: Jumpluff|[spread] p2a,p2b\n|-damage|p2a: Groudon|56/100\n|-damage|p2b: Jumpluff|48/100\n|move|p1b: Amoonguss|Spore|p2a: Groudon\n|-status|p2a: Groudon|slp|[from] move: Spore\n|\n|-weather|SunnyDay|[upkeep]\n|upkeep\n|turn|3\n|\n|t:|1772747057\n|move|p2b: Jumpluff|Sleep Powder|p1a: Calyrex\n|-status|p1a: Calyrex|slp|[from] move: Sleep Powder\n|cant|p2a: Groudon|slp\n|cant|p1a: Calyrex|slp\n|move|p1b: Amoonguss|Pollen Puff|p1a: Calyrex\n|-heal|p1a: Calyrex|83/100 slp\n|\n|-weather|SunnyDay|[upkeep]\n|upkeep\n|turn|4\n|\n|t:|1772747069\n|move|p1b: Amoonguss|Protect|p1b: Amoonguss\n|-singleturn|p1b: Amoonguss|Protect\n|move|p2b: Jumpluff|Sleep Powder|p1b: Amoonguss\n|-activate|p1b: Amoonguss|move: Protect\n|-curestatus|p2a: Groudon|slp|[msg]\n|move|p2a: Groudon|Precipice Blades|p1b: Amoonguss|[spread] p1a\n|-activate|p1b: Amoonguss|move: Protect\n|-damage|p1a: Calyrex|17/100 slp\n|-curestatus|p1a: Calyrex|slp|[msg]\n|move|p1a: Calyrex|Astral Barrage|p2a: Groudon|[spread] p2a,p2b\n|-damage|p2a: Groudon|6/100\n|-damage|p2b: Jumpluff|0 fnt\n|faint|p2b: Jumpluff\n|-ability|p1a: Calyrex|Grim Neigh|boost\n|-boost|p1a: Calyrex|spa|1\n|\n|-weather|SunnyDay|[upkeep]\n|-sideend|p2: thegreatestgalar|move: Tailwind\n|upkeep\n|\n|t:|1772747088\n|switch|p2b: Lunala|Lunala, L50|100/100\n|turn|5\n|\n|t:|1772747110\n|move|p2a: Groudon|Protect|p2a: Groudon\n|-singleturn|p2a: Groudon|Protect\n|move|p1b: Amoonguss|Rage Powder|p1b: Amoonguss\n|-singleturn|p1b: Amoonguss|move: Rage Powder\n|move|p1a: Calyrex|Psychic|p2a: Groudon\n|-activate|p2a: Groudon|move: Protect\n|move|p2b: Lunala|Meteor Beam||[still]\n|-prepare|p2b: Lunala|Meteor Beam\n|-boost|p2b: Lunala|spa|1\n|-enditem|p2b: Lunala|Power Herb\n|-anim|p2b: Lunala|Meteor Beam|p1b: Amoonguss\n|-crit|p1b: Amoonguss\n|-damage|p1b: Amoonguss|0 fnt\n|faint|p1b: Amoonguss\n|\n|-weather|none\n|upkeep\n|\n|t:|1772747114\n|switch|p1b: Scream Tail|Scream Tail, L50|100/100\n|-enditem|p1b: Scream Tail|Booster Energy\n|-activate|p1b: Scream Tail|ability: Protosynthesis|[fromitem]\n|-start|p1b: Scream Tail|protosynthesisspe\n|turn|6\n|inactive|thegreatestgalar has 30 seconds left.\n|\n|t:|1772747145\n|switch|p2b: Incineroar|Incineroar, L50, M|100/100\n|-ability|p2b: Incineroar|Intimidate|boost\n|-unboost|p1a: Calyrex|atk|1\n|-unboost|p1b: Scream Tail|atk|1\n|move|p1b: Scream Tail|Encore|p2a: Groudon\n|-start|p2a: Groudon|Encore\n|move|p1a: Calyrex|Astral Barrage|p2b: Incineroar|[spread] p2a,p2b\n|-resisted|p2b: Incineroar\n|-damage|p2a: Groudon|0 fnt\n|-damage|p2b: Incineroar|62/100\n|faint|p2a: Groudon\n|-ability|p1a: Calyrex|Grim Neigh|boost\n|-boost|p1a: Calyrex|spa|1\n|\n|upkeep\n|\n|t:|1772747152\n|switch|p2a: Lunala|Lunala, L50|100/100\n|turn|7\n|-message|thegreatestgalar forfeited.\n|\n|win|lalo's pollos\n|raw|lalo&apos;s pollos's rating: 1414 &rarr; <strong>1433</strong><br />(+19 for winning)\n|raw|thegreatestgalar's rating: 1400 &rarr; <strong>1381</strong><br />(-19 for losing)\n|l|\u2606thegreatestgalar\n|player|p2|\n","uploadtime":1772747317,"views":13,"formatid":"gen9vgc2026regi","rating":1381,"private":0,"password":null}