{"id":"gen9vgc2026regi-2529531918","format":"[Gen 9] VGC 2026 Reg I","players":["ServantOfTheLORD","CHR1SPHX"],"log":"|j|\u2606ServantOfTheLORD\n|j|\u2606CHR1SPHX\n|t:|1769796292\n|gametype|doubles\n|player|p1|ServantOfTheLORD|n|1332\n|player|p2|CHR1SPHX|hilbert-wonderlauncher|1343\n|gen|9\n|tier|[Gen 9] VGC 2026 Reg I\n|rated|\n|rule|Species Clause: Limit one of each Pok\u00e9mon\n|rule|Item Clause: Limit 1 of each item\n|clearpoke\n|poke|p1|Luxray, L50, M|\n|poke|p1|Koraidon, L50|\n|poke|p1|Flutter Mane, L50|\n|poke|p1|Groudon, L50|\n|poke|p1|Venusaur, L50, M|\n|poke|p1|Torkoal, L50, M|\n|poke|p2|Incineroar, L50, M|\n|poke|p2|Koraidon, L50|\n|poke|p2|Flutter Mane, L50|\n|poke|p2|Brute Bonnet, L50|\n|poke|p2|Indeedee-F, L50, F|\n|poke|p2|Calyrex-Ice, L50|\n|teampreview|4\n|inactive|Battle timer is ON: inactive players will automatically lose when time's up. (requested by CHR1SPHX)\n|inactive|ServantOfTheLORD also wants the timer to be on.\n|inactive|CHR1SPHX has 60 seconds left.\n|\n|t:|1769796331\n|teamsize|p1|4\n|teamsize|p2|4\n|start\n|switch|p1a: Groudon|Groudon, L50|100/100\n|switch|p1b: Torkoal|Torkoal, L50, M|100/100\n|switch|p2a: Brute Bonnet|Brute Bonnet, L50, shiny|100/100\n|switch|p2b: Flutter Mane|Flutter Mane, L50|100/100\n|-weather|SunnyDay|[from] ability: Drought|[of] p1a: Groudon\n|-activate|p2b: Flutter Mane|ability: Protosynthesis\n|-start|p2b: Flutter Mane|protosynthesisspe\n|-activate|p2a: Brute Bonnet|ability: Protosynthesis\n|-start|p2a: Brute Bonnet|protosynthesisdef\n|turn|1\n|\n|t:|1769796349\n|-terastallize|p2a: Brute Bonnet|Water\n|move|p2b: Flutter Mane|Protect|p2b: Flutter Mane\n|-singleturn|p2b: Flutter Mane|Protect\n|move|p1a: Groudon|Precipice Blades|p2b: Flutter Mane|[spread] p2a\n|-activate|p2b: Flutter Mane|move: Protect\n|-damage|p2a: Brute Bonnet|72/100\n|move|p2a: Brute Bonnet|Spore|p1b: Torkoal\n|-status|p1b: Torkoal|slp|[from] move: Spore\n|cant|p1b: Torkoal|slp\n|\n|-weather|SunnyDay|[upkeep]\n|upkeep\n|turn|2\n|inactive|CHR1SPHX has 30 seconds left.\n|\n|t:|1769796377\n|move|p2b: Flutter Mane|Shadow Ball|p1b: Torkoal\n|-damage|p1b: Torkoal|39/100 slp\n|move|p1a: Groudon|Precipice Blades|p2b: Flutter Mane|[spread] p2a,p2b\n|-damage|p2a: Brute Bonnet|41/100\n|-enditem|p2b: Flutter Mane|Focus Sash\n|-damage|p2b: Flutter Mane|1/100\n|-enditem|p2a: Brute Bonnet|Sitrus Berry|[eat]\n|-heal|p2a: Brute Bonnet|66/100|[from] item: Sitrus Berry\n|move|p2a: Brute Bonnet|Spore|p1a: Groudon\n|-status|p1a: Groudon|slp|[from] move: Spore\n|cant|p1b: Torkoal|slp\n|\n|-weather|SunnyDay|[upkeep]\n|upkeep\n|turn|3\n|\n|t:|1769796397\n|-end|p2a: Brute Bonnet|Protosynthesis|[silent]\n|switch|p2a: Incineroar|Incineroar, L50, M|100/100\n|-ability|p2a: Incineroar|Intimidate|boost\n|-unboost|p1a: Groudon|atk|1\n|-unboost|p1b: Torkoal|atk|1\n|move|p2b: Flutter Mane|Shadow Ball|p1b: Torkoal\n|-damage|p1b: Torkoal|0 fnt\n|faint|p1b: Torkoal\n|cant|p1a: Groudon|slp\n|\n|-weather|SunnyDay|[upkeep]\n|upkeep\n|\n|t:|1769796407\n|switch|p1b: Luxray|Luxray, L50, M|100/100\n|-ability|p1b: Luxray|Intimidate|boost\n|-unboost|p2a: Incineroar|atk|1\n|-unboost|p2b: Flutter Mane|atk|1\n|turn|4\n|\n|t:|1769796418\n|move|p2a: Incineroar|Fake Out|p1b: Luxray\n|-damage|p1b: Luxray|90/100\n|-damage|p2a: Incineroar|84/100|[from] item: Rocky Helmet|[of] p1b: Luxray\n|move|p2b: Flutter Mane|Dazzling Gleam|p1b: Luxray|[spread] p1a,p1b\n|-damage|p1a: Groudon|79/100 slp\n|-damage|p1b: Luxray|64/100\n|-curestatus|p1a: Groudon|slp|[msg]\n|move|p1a: Groudon|Precipice Blades|p2b: Flutter Mane|[spread] p2a\n|-miss|p1a: Groudon|p2b: Flutter Mane\n|-supereffective|p2a: Incineroar\n|-damage|p2a: Incineroar|15/100\n|-enditem|p2a: Incineroar|Aguav Berry|[eat]\n|-heal|p2a: Incineroar|48/100|[from] item: Aguav Berry\n|cant|p1b: Luxray|flinch\n|\n|-weather|SunnyDay|[upkeep]\n|upkeep\n|turn|5\n|j| yippeee_hooray\n|\n|t:|1769796442\n|switch|p2a: Brute Bonnet|Brute Bonnet, L50, shiny, tera:Water|66/100\n|-activate|p2a: Brute Bonnet|ability: Protosynthesis\n|-start|p2a: Brute Bonnet|protosynthesisdef\n|move|p2b: Flutter Mane|Protect|p2b: Flutter Mane\n|-singleturn|p2b: Flutter Mane|Protect\n|move|p1a: Groudon|Precipice Blades|p2b: Flutter Mane|[spread] p2a\n|-activate|p2b: Flutter Mane|move: Protect\n|-damage|p2a: Brute Bonnet|45/100\n|move|p1b: Luxray|Volt Switch|p2a: Brute Bonnet\n|-supereffective|p2a: Brute Bonnet\n|-damage|p2a: Brute Bonnet|9/100\n|\n|t:|1769796453\n|switch|p1b: Koraidon|Koraidon, L50|100/100|[from] Volt Switch\n|-activate|p1b: Koraidon|ability: Orichalcum Pulse\n|\n|-weather|none\n|-end|p2b: Flutter Mane|Protosynthesis\n|-end|p2a: Brute Bonnet|Protosynthesis\n|upkeep\n|turn|6\n|\n|t:|1769796466\n|-end|p2a: Brute Bonnet|Protosynthesis|[silent]\n|switch|p2a: Koraidon|Koraidon, L50|100/100\n|-weather|SunnyDay|[from] ability: Orichalcum Pulse|[of] p2a: Koraidon\n|-activate|p2b: Flutter Mane|ability: Protosynthesis\n|-start|p2b: Flutter Mane|protosynthesisspe\n|-activate|p2a: Koraidon|Orichalcum Pulse|[source]\n|move|p1b: Koraidon|Protect|p1b: Koraidon\n|-singleturn|p1b: Koraidon|Protect\n|move|p2b: Flutter Mane|Dazzling Gleam|p1a: Groudon|[spread] p1a\n|-activate|p1b: Koraidon|move: Protect\n|-damage|p1a: Groudon|59/100\n|move|p1a: Groudon|Precipice Blades|p2b: Flutter Mane|[spread] p2a,p2b\n|-damage|p2a: Koraidon|68/100\n|-damage|p2b: Flutter Mane|0 fnt\n|faint|p2b: Flutter Mane\n|-end|p2b: Flutter Mane|Protosynthesis|[silent]\n|\n|-weather|SunnyDay|[upkeep]\n|upkeep\n|\n|t:|1769796476\n|switch|p2b: Incineroar|Incineroar, L50, M|48/100\n|-ability|p2b: Incineroar|Intimidate|boost\n|-unboost|p1a: Groudon|atk|1\n|-fail|p1b: Koraidon|unboost|[from] item: Clear Amulet|[of] p1b: Koraidon\n|turn|7\n|\n|t:|1769796490\n|switch|p1a: Luxray|Luxray, L50, M|64/100\n|-ability|p1a: Luxray|Intimidate|boost\n|-unboost|p2a: Koraidon|atk|1\n|-unboost|p2b: Incineroar|atk|1\n|move|p2b: Incineroar|Fake Out|p1b: Koraidon\n|-damage|p1b: Koraidon|93/100\n|cant|p1b: Koraidon|flinch\n|move|p2a: Koraidon|Flame Charge|p1a: Luxray\n|-damage|p1a: Luxray|40/100\n|-boost|p2a: Koraidon|spe|1\n|-damage|p2a: Koraidon|52/100|[from] item: Rocky Helmet|[of] p1a: Luxray\n|\n|-weather|SunnyDay|[upkeep]\n|upkeep\n|turn|8\n|\n|t:|1769796503\n|move|p2a: Koraidon|Breaking Swipe|p1b: Koraidon|[spread] p1a,p1b\n|-supereffective|p1b: Koraidon\n|-damage|p1a: Luxray|19/100\n|-damage|p1b: Koraidon|54/100\n|-unboost|p1a: Luxray|atk|1\n|-damage|p2a: Koraidon|35/100|[from] item: Rocky Helmet|[of] p1a: Luxray\n|move|p1b: Koraidon|Close Combat|p2a: Koraidon\n|-crit|p2a: Koraidon\n|-damage|p2a: Koraidon|0 fnt\n|-unboost|p1b: Koraidon|def|1\n|-unboost|p1b: Koraidon|spd|1\n|faint|p2a: Koraidon\n|move|p1a: Luxray|Volt Switch|p2b: Incineroar\n|-damage|p2b: Incineroar|27/100\n|\n|t:|1769796507\n|switch|p1a: Groudon|Groudon, L50|59/100|[from] Volt Switch\n|move|p2b: Incineroar|Parting Shot|p1b: Koraidon\n|-fail|p1b: Koraidon|unboost|[from] item: Clear Amulet|[of] p1b: Koraidon\n|\n|-weather|SunnyDay|[upkeep]\n|upkeep\n|\n|t:|1769796512\n|switch|p2a: Brute Bonnet|Brute Bonnet, L50, shiny, tera:Water|9/100\n|-activate|p2a: Brute Bonnet|ability: Protosynthesis\n|-start|p2a: Brute Bonnet|protosynthesisdef\n|turn|9\n|\n|t:|1769796522\n|switch|p1b: Luxray|Luxray, L50, M|19/100\n|-ability|p1b: Luxray|Intimidate|boost\n|-unboost|p2a: Brute Bonnet|atk|1\n|-unboost|p2b: Incineroar|atk|1\n|move|p2a: Brute Bonnet|Rage Powder|p2a: Brute Bonnet\n|-singleturn|p2a: Brute Bonnet|move: Rage Powder\n|move|p1a: Groudon|Precipice Blades|p2b: Incineroar|[spread] p2a,p2b\n|-supereffective|p2b: Incineroar\n|-damage|p2a: Brute Bonnet|0 fnt\n|-damage|p2b: Incineroar|0 fnt\n|faint|p2a: Brute Bonnet\n|-end|p2a: Brute Bonnet|Protosynthesis|[silent]\n|faint|p2b: Incineroar\n|\n|win|ServantOfTheLORD\n|raw|ServantOfTheLORD's rating: 1332 &rarr; <strong>1353</strong><br />(+21 for winning)\n|raw|CHR1SPHX's rating: 1343 &rarr; <strong>1322</strong><br />(-21 for losing)\n|c|\u2606CHR1SPHX|gg\n|l|\u2606CHR1SPHX\n|player|p2|\n|c|\u2606ServantOfTheLORD|gg\n|l|\u2606ServantOfTheLORD\n|player|p1|\n|l| yippeee_hooray\n","uploadtime":1769796688,"views":11,"formatid":"gen9vgc2026regi","rating":1322,"private":0,"password":null}