{"id":"gen9vgc2026regi-2538711003","format":"[Gen 9] VGC 2026 Reg I","players":["TheManOfSausage","Unskilled99"],"log":"|j|\u2606TheManOfSausage\n|j|\u2606Unskilled99\n|t:|1770960879\n|gametype|doubles\n|player|p1|TheManOfSausage|miku-water|1556\n|player|p2|Unskilled99|unknown|1566\n|gen|9\n|tier|[Gen 9] VGC 2026 Reg I\n|rated|\n|rule|Species Clause: Limit one of each Pok\u00e9mon\n|rule|Item Clause: Limit 1 of each item\n|clearpoke\n|poke|p1|Calyrex-Ice, L50|\n|poke|p1|Miraidon, L50|\n|poke|p1|Amoonguss, L50, F|\n|poke|p1|Incineroar, L50, M|\n|poke|p1|Urshifu-*, L50, M|\n|poke|p1|Farigiraf, L50, F|\n|poke|p2|Calyrex-Ice, L50|\n|poke|p2|Miraidon, L50|\n|poke|p2|Incineroar, L50, F|\n|poke|p2|Urshifu-*, L50, M|\n|poke|p2|Landorus, L50, M|\n|poke|p2|Amoonguss, L50, M|\n|teampreview|4\n|\n|t:|1770960907\n|teamsize|p1|4\n|teamsize|p2|4\n|start\n|switch|p1a: Tama|Miraidon, L50|100/100\n|switch|p1b: Ogurin|Calyrex-Ice, L50|100/100\n|switch|p2a: Miraidon|Miraidon, L50|100/100\n|switch|p2b: Calyrex|Calyrex-Ice, L50|100/100\n|-ability|p2b: Calyrex|As One\n|-ability|p2b: Calyrex|Unnerve\n|-ability|p1b: Ogurin|As One\n|-ability|p1b: Ogurin|Unnerve\n|-fieldstart|move: Electric Terrain|[from] ability: Hadron Engine|[of] p1a: Tama\n|-activate|p2a: Miraidon|ability: Hadron Engine\n|turn|1\n|\n|t:|1770960928\n|-terastallize|p1a: Tama|Electric\n|move|p1a: Tama|Electro Drift|p2b: Calyrex\n|-damage|p2b: Calyrex|15/100\n|move|p2a: Miraidon|Volt Switch|p1a: Tama\n|-resisted|p1a: Tama\n|-damage|p1a: Tama|71/100\n|\n|t:|1770960938\n|switch|p2a: Incineroar|Incineroar, L50, F|100/100|[from] Volt Switch\n|-ability|p2a: Incineroar|Intimidate|boost\n|-unboost|p1a: Tama|atk|1\n|-fail|p1b: Ogurin|unboost|[from] item: Clear Amulet|[of] p1b: Ogurin\n|move|p2b: Calyrex|Glacial Lance|p1b: Ogurin|[spread] p1a,p1b\n|-resisted|p1b: Ogurin\n|-damage|p1a: Tama|19/100\n|-damage|p1b: Ogurin|83/100\n|move|p1b: Ogurin|Glacial Lance|p2a: Incineroar|[spread] p2a,p2b\n|-resisted|p2a: Incineroar\n|-resisted|p2b: Calyrex\n|-damage|p2a: Incineroar|81/100\n|-damage|p2b: Calyrex|0 fnt\n|faint|p2b: Calyrex\n|-ability|p1b: Ogurin|Chilling Neigh|boost\n|-boost|p1b: Ogurin|atk|1\n|\n|upkeep\n|\n|t:|1770960970\n|switch|p2b: Miraidon|Miraidon, L50|100/100\n|-activate|p2b: Miraidon|ability: Hadron Engine\n|turn|2\n|\n|t:|1770960976\n|switch|p1a: Amoonguss|Amoonguss, L50, F|100/100\n|move|p1b: Ogurin|Protect|p1b: Ogurin\n|-singleturn|p1b: Ogurin|Protect\n|move|p2b: Miraidon|Volt Switch|p1a: Amoonguss\n|-resisted|p1a: Amoonguss\n|-damage|p1a: Amoonguss|79/100\n|\n|t:|1770960984\n|switch|p2b: Urshifu|Urshifu-Rapid-Strike, L50, M|100/100|[from] Volt Switch\n|move|p2a: Incineroar|Knock Off|p1b: Ogurin\n|-activate|p1b: Ogurin|move: Protect\n|\n|upkeep\n|turn|3\n|\n|t:|1770960988\n|move|p2b: Urshifu|Detect|p2b: Urshifu\n|-singleturn|p2b: Urshifu|Protect\n|move|p1a: Amoonguss|Rage Powder|p1a: Amoonguss\n|-singleturn|p1a: Amoonguss|move: Rage Powder\n|move|p2a: Incineroar|Flare Blitz|p1a: Amoonguss\n|-supereffective|p1a: Amoonguss\n|-damage|p1a: Amoonguss|0 fnt\n|-damage|p2a: Incineroar|64/100|[from] item: Rocky Helmet|[of] p1a: Amoonguss\n|faint|p1a: Amoonguss\n|-damage|p2a: Incineroar|36/100|[from] Recoil\n|move|p1b: Ogurin|Trick Room|p1b: Ogurin\n|-fieldstart|move: Trick Room|[of] p1b: Ogurin\n|\n|upkeep\n|\n|t:|1770960991\n|switch|p1a: Incineroar|Incineroar, L50, M, shiny|100/100\n|-ability|p1a: Incineroar|Intimidate|boost\n|-unboost|p2a: Incineroar|atk|1\n|-unboost|p2b: Urshifu|atk|1\n|turn|4\n|\n|t:|1770961003\n|move|p1a: Incineroar|Fake Out|p2b: Urshifu\n|-damage|p2b: Urshifu|89/100\n|move|p1b: Ogurin|High Horsepower|p2a: Incineroar\n|-supereffective|p2a: Incineroar\n|-damage|p2a: Incineroar|0 fnt\n|faint|p2a: Incineroar\n|-ability|p1b: Ogurin|Chilling Neigh|boost\n|-boost|p1b: Ogurin|atk|1\n|cant|p2b: Urshifu|flinch\n|\n|upkeep\n|\n|t:|1770961009\n|switch|p2a: Miraidon|Miraidon, L50|100/100\n|-activate|p2a: Miraidon|ability: Hadron Engine\n|turn|5\n|\n|t:|1770961018\n|-terastallize|p2a: Miraidon|Electric\n|move|p1b: Ogurin|Glacial Lance|p2a: Miraidon|[spread] p2a,p2b\n|-resisted|p2b: Urshifu\n|-damage|p2a: Miraidon|0 fnt\n|-damage|p2b: Urshifu|25/100\n|faint|p2a: Miraidon\n|-ability|p1b: Ogurin|Chilling Neigh|boost\n|-boost|p1b: Ogurin|atk|1\n|move|p1a: Incineroar|Knock Off|p2b: Urshifu\n|-resisted|p2b: Urshifu\n|-damage|p2b: Urshifu|6/100\n|-enditem|p2b: Urshifu|Focus Sash|[from] move: Knock Off|[of] p1a: Incineroar\n|move|p2b: Urshifu|Surging Strikes|p1a: Incineroar\n|-supereffective|p1a: Incineroar\n|-crit|p1a: Incineroar\n|-damage|p1a: Incineroar|66/100\n|-supereffective|p1a: Incineroar\n|-crit|p1a: Incineroar\n|-damage|p1a: Incineroar|31/100\n|-supereffective|p1a: Incineroar\n|-crit|p1a: Incineroar\n|-damage|p1a: Incineroar|0 fnt\n|faint|p1a: Incineroar\n|-hitcount|p1: Incineroar|3\n|\n|-fieldend|move: Electric Terrain\n|upkeep\n|\n|t:|1770961022\n|switch|p1a: Tama|Miraidon, L50, tera:Electric|19/100\n|-fieldstart|move: Electric Terrain|[from] ability: Hadron Engine|[of] p1a: Tama\n|turn|6\n|c|\u2606TheManOfSausage|gg\n|c|\u2606Unskilled99|gg\n|-message|Unskilled99 forfeited.\n|\n|win|TheManOfSausage\n|raw|TheManOfSausage's rating: 1556 &rarr; <strong>1577</strong><br />(+21 for winning)\n|raw|Unskilled99's rating: 1566 &rarr; <strong>1545</strong><br />(-21 for losing)\n|l|\u2606Unskilled99\n|player|p2|\n|l|\u2606TheManOfSausage\n|player|p1|\n","uploadtime":1770961260,"views":63,"formatid":"gen9vgc2026regi","rating":1545,"private":0,"password":null}