{"id":"gen9vgc2026regi-2559703704","format":"[Gen 9] VGC 2026 Reg I","players":["FortuneMC","EllenJoe2026"],"log":"|j|\u2606FortuneMC\n|j|\u2606EllenJoe2026\n|t:|1773601411\n|gametype|doubles\n|player|p1|FortuneMC|veteran|1397\n|player|p2|EllenJoe2026|iono|1505\n|gen|9\n|tier|[Gen 9] VGC 2026 Reg I\n|rated|\n|rule|Species Clause: Limit one of each Pok\u00e9mon\n|rule|Item Clause: Limit 1 of each item\n|clearpoke\n|poke|p1|Calyrex-Ice, L50|\n|poke|p1|Miraidon, L50|\n|poke|p1|Urshifu-*, L50, F|\n|poke|p1|Incineroar, L50, M|\n|poke|p1|Amoonguss, L50, F|\n|poke|p1|Landorus, L50, M|\n|poke|p2|Calyrex-Shadow, L50|\n|poke|p2|Zamazenta-*, L50|\n|poke|p2|Incineroar, L50, F|\n|poke|p2|Rillaboom, L50, F|\n|poke|p2|Ogerpon-Cornerstone, L50, F|\n|poke|p2|Tornadus, L50, M|\n|teampreview|4\n|inactive|Battle timer is ON: inactive players will automatically lose when time's up. (requested by EllenJoe2026)\n|\n|t:|1773601427\n|teamsize|p1|4\n|teamsize|p2|4\n|start\n|switch|p1a: Incineroar|Incineroar, L50, M|100/100\n|switch|p1b: Miraidon|Miraidon, L50|100/100\n|switch|p2a: Rillaboom|Rillaboom, L50, F, shiny|100/100\n|switch|p2b: Zamazenta|Zamazenta-Crowned, L50, shiny|100/100\n|-fieldstart|move: Electric Terrain|[from] ability: Hadron Engine|[of] p1b: Miraidon\n|-ability|p2b: Zamazenta|Dauntless Shield|boost\n|-boost|p2b: Zamazenta|def|1\n|-fieldstart|move: Grassy Terrain|[from] ability: Grassy Surge|[of] p2a: Rillaboom\n|-ability|p1a: Incineroar|Intimidate|boost\n|-unboost|p2a: Rillaboom|atk|1\n|-unboost|p2b: Zamazenta|atk|1\n|turn|1\n|\n|t:|1773601442\n|move|p2a: Rillaboom|Fake Out|p1a: Incineroar\n|-damage|p1a: Incineroar|91/100\n|cant|p1a: Incineroar|flinch\n|move|p1b: Miraidon|Volt Switch|p2b: Zamazenta\n|-damage|p2b: Zamazenta|73/100\n|\n|t:|1773601448\n|switch|p1b: Amoonguss|Amoonguss, L50, F|100/100|[from] Volt Switch\n|move|p2b: Zamazenta|Body Press|p1a: Incineroar\n|-supereffective|p1a: Incineroar\n|-damage|p1a: Incineroar|0 fnt\n|faint|p1a: Incineroar\n|\n|-heal|p2b: Zamazenta|79/100|[from] Grassy Terrain\n|upkeep\n|\n|t:|1773601451\n|switch|p1a: Miraidon|Miraidon, L50|100/100\n|-fieldstart|move: Electric Terrain|[from] ability: Hadron Engine|[of] p1a: Miraidon\n|turn|2\n|\n|t:|1773601468\n|-terastallize|p2b: Zamazenta|Grass\n|move|p1a: Miraidon|Electro Drift|p2b: Zamazenta\n|-resisted|p2b: Zamazenta\n|-damage|p2b: Zamazenta|44/100\n|move|p2b: Zamazenta|Body Press|p1a: Miraidon\n|-damage|p1a: Miraidon|38/100\n|move|p2a: Rillaboom|U-turn|p1a: Miraidon\n|-damage|p1a: Miraidon|25/100\n|\n|t:|1773601484\n|switch|p2a: Incineroar|Incineroar, L50, F, shiny|100/100|[from] U-turn\n|-ability|p2a: Incineroar|Intimidate|boost\n|-unboost|p1a: Miraidon|atk|1\n|-unboost|p1b: Amoonguss|atk|1\n|move|p1b: Amoonguss|Spore|p2a: Incineroar\n|-activate|p2a: Incineroar|item: Safety Goggles|Spore\n|\n|upkeep\n|turn|3\n|\n|t:|1773601498\n|switch|p1a: Calyrex|Calyrex-Ice, L50|100/100\n|-ability|p1a: Calyrex|As One\n|-ability|p1a: Calyrex|Unnerve\n|move|p2a: Incineroar|Fake Out|p1a: Calyrex\n|-damage|p1a: Calyrex|94/100\n|move|p2b: Zamazenta|Body Press|p1a: Calyrex\n|-damage|p1a: Calyrex|48/100\n|move|p1b: Amoonguss|Pollen Puff|p2b: Zamazenta\n|-supereffective|p2b: Zamazenta\n|-damage|p2b: Zamazenta|17/100\n|\n|-heal|p1a: Calyrex|54/100|[from] item: Leftovers\n|upkeep\n|turn|4\n|inactive|FortuneMC has 30 seconds left.\n|\n|t:|1773601528\n|move|p1a: Calyrex|Protect|p1a: Calyrex\n|-singleturn|p1a: Calyrex|Protect\n|move|p2b: Zamazenta|Body Press|p1a: Calyrex\n|-activate|p1a: Calyrex|move: Protect\n|move|p2a: Incineroar|Knock Off|p1a: Calyrex\n|-activate|p1a: Calyrex|move: Protect\n|move|p1b: Amoonguss|Pollen Puff|p2b: Zamazenta\n|-supereffective|p2b: Zamazenta\n|-damage|p2b: Zamazenta|0 fnt\n|faint|p2b: Zamazenta\n|\n|-heal|p1a: Calyrex|59/100|[from] item: Leftovers\n|upkeep\n|\n|t:|1773601534\n|switch|p2b: Calyrex|Calyrex-Shadow, L50|100/100\n|-ability|p2b: Calyrex|As One\n|-ability|p2b: Calyrex|Unnerve\n|turn|5\n|\n|t:|1773601555\n|switch|p1a: Miraidon|Miraidon, L50|25/100\n|-activate|p1a: Miraidon|ability: Hadron Engine\n|move|p2b: Calyrex|Astral Barrage|p1a: Miraidon|[spread] p1a,p1b\n|-damage|p1a: Miraidon|0 fnt\n|-damage|p1b: Amoonguss|58/100\n|faint|p1a: Miraidon\n|-ability|p2b: Calyrex|Grim Neigh|boost\n|-boost|p2b: Calyrex|spa|1\n|move|p2a: Incineroar|Knock Off|p1b: Amoonguss\n|-damage|p1b: Amoonguss|17/100\n|-damage|p2a: Incineroar|84/100|[from] item: Rocky Helmet|[of] p1b: Amoonguss\n|-enditem|p1b: Amoonguss|Rocky Helmet|[from] move: Knock Off|[of] p2a: Incineroar\n|move|p1b: Amoonguss|Spore|p2b: Calyrex\n|-activate|p2b: Calyrex|move: Electric Terrain\n|\n|upkeep\n|\n|t:|1773601567\n|switch|p1a: Calyrex|Calyrex-Ice, L50|59/100\n|-ability|p1a: Calyrex|As One\n|-ability|p1a: Calyrex|Unnerve\n|turn|6\n|\n|t:|1773601577\n|-terastallize|p1a: Calyrex|Water\n|move|p1b: Amoonguss|Protect|p1b: Amoonguss\n|-singleturn|p1b: Amoonguss|Protect\n|move|p2b: Calyrex|Astral Barrage|p1a: Calyrex|[spread] p1a\n|-activate|p1b: Amoonguss|move: Protect\n|-crit|p1a: Calyrex\n|-damage|p1a: Calyrex|0 fnt\n|faint|p1a: Calyrex\n|-ability|p2b: Calyrex|Grim Neigh|boost\n|-boost|p2b: Calyrex|spa|1\n|move|p2a: Incineroar|Knock Off|p1b: Amoonguss\n|-activate|p1b: Amoonguss|move: Protect\n|\n|-fieldend|move: Electric Terrain\n|upkeep\n|turn|7\n|\n|t:|1773601590\n|move|p1b: Amoonguss|Protect||[still]\n|-fail|p1b: Amoonguss\n|move|p2b: Calyrex|Astral Barrage|p1b: Amoonguss\n|-damage|p1b: Amoonguss|0 fnt\n|faint|p1b: Amoonguss\n|\n|win|EllenJoe2026\n|raw|FortuneMC's rating: 1397 &rarr; <strong>1383</strong><br />(-14 for losing)\n|raw|EllenJoe2026's rating: 1505 &rarr; <strong>1519</strong><br />(+14 for winning)\n|l|\u2606FortuneMC\n|player|p1|\n|l|\u2606EllenJoe2026\n|player|p2|\n","uploadtime":1773601747,"views":10,"formatid":"gen9vgc2026regi","rating":1383,"private":0,"password":null}