{"id":"gen9vgc2026regi-2587183755","format":"[Gen 9] VGC 2026 Reg I","players":["JohnnyHaxTesting","SycrasisEU"],"log":"|j|\u2606JohnnyHaxTesting\n|j|\u2606SycrasisEU\n|t:|1776505642\n|gametype|doubles\n|player|p1|JohnnyHaxTesting|1|1342\n|player|p2|SycrasisEU|backpacker|1377\n|gen|9\n|tier|[Gen 9] VGC 2026 Reg I\n|rated|\n|rule|Species Clause: Limit one of each Pok\u00e9mon\n|rule|Item Clause: Limit 1 of each item\n|clearpoke\n|poke|p1|Rayquaza, L50|\n|poke|p1|Chien-Pao, L50|\n|poke|p1|Incineroar, L50, M|\n|poke|p1|Volcarona, L50, F|\n|poke|p1|Calyrex-Shadow, L50|\n|poke|p1|Raging Bolt, L50|\n|poke|p2|Koraidon, L50|\n|poke|p2|Ho-Oh, L50|\n|poke|p2|Roaring Moon, L50|\n|poke|p2|Chien-Pao, L50|\n|poke|p2|Amoonguss, L50, M|\n|poke|p2|Incineroar, L50, F|\n|teampreview|4\n|inactive|Battle timer is ON: inactive players will automatically lose when time's up. (requested by JohnnyHaxTesting)\nJohnnyHaxTesting has agreed to open team sheets.\n|inactive|SycrasisEU has 60 seconds left.\n|\n|t:|1776505700\n|teamsize|p1|4\n|teamsize|p2|4\n|start\n|switch|p1a: Rayquaza|Rayquaza, L50, shiny|100/100\n|switch|p1b: Volcarona|Volcarona, L50, F|100/100\n|switch|p2a: Ho-Oh|Ho-Oh, L50|100/100\n|switch|p2b: Incineroar|Incineroar, L50, F, shiny|100/100\n|-ability|p1a: Rayquaza|Air Lock\n|-ability|p2b: Incineroar|Intimidate|boost\n|-fail|p1a: Rayquaza|unboost|[from] item: Clear Amulet|[of] p1a: Rayquaza\n|-unboost|p1b: Volcarona|atk|1\n|turn|1\n|inactive|JohnnyHaxTesting has 30 seconds left.\n|\n|t:|1776505729\n|move|p1a: Rayquaza|Protect|p1a: Rayquaza\n|-singleturn|p1a: Rayquaza|Protect\n|move|p1b: Volcarona|Protect|p1b: Volcarona\n|-singleturn|p1b: Volcarona|Protect\n|move|p2b: Incineroar|Fake Out|p1a: Rayquaza\n|-activate|p1a: Rayquaza|move: Protect\n|move|p2a: Ho-Oh|Tailwind|p2a: Ho-Oh\n|-sidestart|p2: SycrasisEU|move: Tailwind\n|\n|upkeep\n|turn|2\n|\n|t:|1776505747\n|-terastallize|p1b: Volcarona|Dragon\n|move|p1b: Volcarona|Rage Powder|p1b: Volcarona\n|-singleturn|p1b: Volcarona|move: Rage Powder\n|move|p2a: Ho-Oh|Sacred Fire|p1b: Volcarona\n|-resisted|p1b: Volcarona\n|-damage|p1b: Volcarona|71/100\n|-status|p1b: Volcarona|brn\n|move|p2b: Incineroar|Knock Off|p1a: Rayquaza\n|-damage|p1a: Rayquaza|61/100\n|-enditem|p1a: Rayquaza|Clear Amulet|[from] move: Knock Off|[of] p2b: Incineroar\n|move|p1a: Rayquaza|Swords Dance|p1a: Rayquaza\n|-boost|p1a: Rayquaza|atk|2\n|\n|-damage|p1b: Volcarona|65/100 brn|[from] brn\n|upkeep\n|turn|3\n|inactive|JohnnyHaxTesting has 30 seconds left.\n|\n|t:|1776505773\n|move|p2a: Ho-Oh|Protect|p2a: Ho-Oh\n|-singleturn|p2a: Ho-Oh|Protect\n|move|p1b: Volcarona|Rage Powder|p1b: Volcarona\n|-singleturn|p1b: Volcarona|move: Rage Powder\n|move|p2b: Incineroar|Parting Shot|p1a: Rayquaza\n|-unboost|p1a: Rayquaza|atk|1\n|-unboost|p1a: Rayquaza|spa|1\n|\n|t:|1776505786\n|switch|p2b: Chien-Pao|Chien-Pao, L50, shiny|100/100|[from] Parting Shot\n|-ability|p2b: Chien-Pao|Sword of Ruin\n|move|p1a: Rayquaza|Dragon Ascent|p2b: Chien-Pao\n|-enditem|p2b: Chien-Pao|Focus Sash\n|-damage|p2b: Chien-Pao|1/100\n|-unboost|p1a: Rayquaza|def|1\n|-unboost|p1a: Rayquaza|spd|1\n|\n|-damage|p1b: Volcarona|59/100 brn|[from] brn\n|upkeep\n|turn|4\n|inactive|JohnnyHaxTesting has 30 seconds left.\n|\n|t:|1776505815\n|move|p2b: Chien-Pao|Protect|p2b: Chien-Pao\n|-singleturn|p2b: Chien-Pao|Protect\n|move|p1a: Rayquaza|Extreme Speed|p2b: Chien-Pao\n|-activate|p2b: Chien-Pao|move: Protect\n|move|p1b: Volcarona|Rage Powder|p1b: Volcarona\n|-singleturn|p1b: Volcarona|move: Rage Powder\n|move|p2a: Ho-Oh|Brave Bird|p1b: Volcarona\n|-damage|p1b: Volcarona|0 fnt\n|-damage|p2a: Ho-Oh|84/100|[from] item: Rocky Helmet|[of] p1b: Volcarona\n|faint|p1b: Volcarona\n|-damage|p2a: Ho-Oh|67/100|[from] Recoil\n|\n|-sideend|p2: SycrasisEU|move: Tailwind\n|upkeep\n|\n|t:|1776505826\n|switch|p1b: Calyrex|Calyrex-Shadow, L50|100/100\n|-ability|p1b: Calyrex|As One\n|-ability|p1b: Calyrex|Unnerve\n|turn|5\n|\n|t:|1776505840\n|switch|p2b: Incineroar|Incineroar, L50, F, shiny|100/100\n|-ability|p2b: Incineroar|Intimidate|boost\n|-unboost|p1a: Rayquaza|atk|1\n|-unboost|p1b: Calyrex|atk|1\n|move|p1a: Rayquaza|Extreme Speed|p2a: Ho-Oh\n|-damage|p2a: Ho-Oh|35/100\n|move|p1b: Calyrex|Encore||[still]\n|-fail|p1b: Calyrex\n|move|p2a: Ho-Oh|Sacred Fire|p1a: Rayquaza\n|-resisted|p1a: Rayquaza\n|-damage|p1a: Rayquaza|22/100\n|\n|upkeep\n|turn|6\n|inactive|JohnnyHaxTesting has 30 seconds left.\n|inactive|JohnnyHaxTesting has 20 seconds left.\n|inactive|JohnnyHaxTesting has 15 seconds left.\n|inactive|JohnnyHaxTesting has 10 seconds left.\n|inactive|JohnnyHaxTesting has 5 seconds left.\n|\n|t:|1776505891\n|move|p1a: Rayquaza|Protect|p1a: Rayquaza\n|-singleturn|p1a: Rayquaza|Protect\n|move|p2a: Ho-Oh|Protect|p2a: Ho-Oh\n|-singleturn|p2a: Ho-Oh|Protect\n|move|p1b: Calyrex|Astral Barrage|p2a: Ho-Oh|[spread] p2b\n|-activate|p2a: Ho-Oh|move: Protect\n|-resisted|p2b: Incineroar\n|-damage|p2b: Incineroar|79/100\n|move|p2b: Incineroar|Knock Off|p1b: Calyrex\n|-supereffective|p1b: Calyrex\n|-enditem|p1b: Calyrex|Focus Sash\n|-damage|p1b: Calyrex|1/100\n|\n|upkeep\n|turn|7\n|inactive|JohnnyHaxTesting has 30 seconds left.\n|inactive|SycrasisEU has 30 seconds left.\n|inactive|SycrasisEU has 20 seconds left.\n|inactive|SycrasisEU has 15 seconds left.\n|\n|t:|1776505933\n|move|p1b: Calyrex|Astral Barrage|p2b: Incineroar|[spread] p2a,p2b\n|-resisted|p2b: Incineroar\n|-damage|p2a: Ho-Oh|1/100\n|-damage|p2b: Incineroar|58/100\n|move|p1a: Rayquaza|Dragon Ascent|p2b: Incineroar\n|-damage|p2b: Incineroar|0 fnt\n|-unboost|p1a: Rayquaza|def|1\n|-unboost|p1a: Rayquaza|spd|1\n|faint|p2b: Incineroar\n|move|p2a: Ho-Oh|Tailwind|p2a: Ho-Oh\n|-sidestart|p2: SycrasisEU|move: Tailwind\n|\n|upkeep\n|\n|t:|1776505946\n|switch|p2b: Koraidon|Koraidon, L50|100/100\n|-weather|SunnyDay|[from] ability: Orichalcum Pulse|[of] p2b: Koraidon\n|-activate|p2b: Koraidon|Orichalcum Pulse|[source]\n|turn|8\n|inactive|SycrasisEU has 30 seconds left.\n|inactive|SycrasisEU has 20 seconds left.\n|inactive|JohnnyHaxTesting has 30 seconds left.\n|inactive|SycrasisEU has 15 seconds left.\n|inactive|JohnnyHaxTesting has 20 seconds left.\n|\n|t:|1776505998\n|-terastallize|p2b: Koraidon|Fire\n|move|p2a: Ho-Oh|Protect|p2a: Ho-Oh\n|-singleturn|p2a: Ho-Oh|Protect\n|move|p1a: Rayquaza|Protect|p1a: Rayquaza\n|-singleturn|p1a: Rayquaza|Protect\n|move|p2b: Koraidon|Flame Charge|p1b: Calyrex\n|-damage|p1b: Calyrex|0 fnt\n|-boost|p2b: Koraidon|spe|1\n|faint|p1b: Calyrex\n|\n|-weather|SunnyDay|[upkeep]\n|upkeep\n|\n|t:|1776506009\n|switch|p1b: Chien-Pao|Chien-Pao, L50|100/100\n|-ability|p1b: Chien-Pao|Sword of Ruin\n|turn|9\n|\n|t:|1776506028\n|move|p1a: Rayquaza|Extreme Speed|p2a: Ho-Oh\n|-damage|p2a: Ho-Oh|0 fnt\n|faint|p2a: Ho-Oh\n|move|p1b: Chien-Pao|Sucker Punch|p2b: Koraidon\n|-damage|p2b: Koraidon|60/100\n|move|p2b: Koraidon|Flare Blitz|p1a: Rayquaza\n|-resisted|p1a: Rayquaza\n|-damage|p1a: Rayquaza|0 fnt\n|faint|p1a: Rayquaza\n|-damage|p2b: Koraidon|52/100|[from] Recoil\n|\n|-weather|SunnyDay|[upkeep]\n|upkeep\n|\n|t:|1776506037\n|switch|p2a: Chien-Pao|Chien-Pao, L50, shiny|1/100\n|-ability|p2a: Chien-Pao|Sword of Ruin\n|turn|10\n|inactive|SycrasisEU has 30 seconds left.\n|\n|t:|1776506064\n|move|p2a: Chien-Pao|Sucker Punch|p1b: Chien-Pao\n|-resisted|p1b: Chien-Pao\n|-damage|p1b: Chien-Pao|79/100\n|move|p1b: Chien-Pao|Sucker Punch|p2b: Koraidon\n|-damage|p2b: Koraidon|18/100\n|move|p2b: Koraidon|Flame Charge|p1b: Chien-Pao\n|-supereffective|p1b: Chien-Pao\n|-damage|p1b: Chien-Pao|0 fnt\n|-boost|p2b: Koraidon|spe|1\n|faint|p1b: Chien-Pao\n|\n|win|SycrasisEU\n|raw|JohnnyHaxTesting's rating: 1342 &rarr; <strong>1324</strong><br />(-18 for losing)\n|raw|SycrasisEU's rating: 1377 &rarr; <strong>1395</strong><br />(+18 for winning)\n|l|\u2606JohnnyHaxTesting\n|player|p1|\n|l|\u2606SycrasisEU\n|player|p2|\n","uploadtime":1776506214,"views":7,"formatid":"gen9vgc2026regi","rating":1324,"private":0,"password":null}