{"id":"gen9vgc2026regi-2562409927","format":"[Gen 9] VGC 2026 Reg I","players":["Jthepoke","TheManOfSausage"],"log":"|j|\u2606Jthepoke\n|j|\u2606TheManOfSausage\n|t:|1773912840\n|gametype|doubles\n|player|p1|Jthepoke|cyrus|1373\n|player|p2|TheManOfSausage|miku-water|1507\n|gen|9\n|tier|[Gen 9] VGC 2026 Reg I\n|rated|\n|rule|Species Clause: Limit one of each Pok\u00e9mon\n|rule|Item Clause: Limit 1 of each item\n|clearpoke\n|poke|p1|Miraidon, L50|\n|poke|p1|Calyrex-Ice, L50|\n|poke|p1|Volcarona, L50, M|\n|poke|p1|Incineroar, L50, F|\n|poke|p1|Urshifu-*, L50, F|\n|poke|p1|Rillaboom, L50, F|\n|poke|p2|Calyrex-Ice, L50|\n|poke|p2|Miraidon, L50|\n|poke|p2|Ogerpon-Cornerstone, L50, F|\n|poke|p2|Volcarona, L50, M|\n|poke|p2|Urshifu-*, L50, M|\n|poke|p2|Grimmsnarl, L50, M|\n|teampreview|4\nTheManOfSausage has agreed to open team sheets.\n|\n|t:|1773912873\n|teamsize|p1|4\n|teamsize|p2|4\n|start\n|switch|p1a: Rillaboom|Rillaboom, L50, F|100/100\n|switch|p1b: Volcarona|Volcarona, L50, M|100/100\n|switch|p2a: Grimmsnarl|Grimmsnarl, L50, M, shiny|100/100\n|switch|p2b: Ogurin|Calyrex-Ice, L50|100/100\n|-ability|p2b: Ogurin|As One\n|-ability|p2b: Ogurin|Unnerve\n|-fieldstart|move: Grassy Terrain|[from] ability: Grassy Surge|[of] p1a: Rillaboom\n|turn|1\n|\n|t:|1773912890\n|move|p1a: Rillaboom|Fake Out|p2a: Grimmsnarl\n|-damage|p2a: Grimmsnarl|86/100\n|cant|p2a: Grimmsnarl|flinch\n|move|p1b: Volcarona|Quiver Dance|p1b: Volcarona\n|-boost|p1b: Volcarona|spa|1\n|-boost|p1b: Volcarona|spd|1\n|-boost|p1b: Volcarona|spe|1\n|move|p2b: Ogurin|Glacial Lance|p1a: Rillaboom|[spread] p1a,p1b\n|-supereffective|p1a: Rillaboom\n|-resisted|p1b: Volcarona\n|-damage|p1a: Rillaboom|0 fnt\n|-damage|p1b: Volcarona|67/100\n|faint|p1a: Rillaboom\n|-ability|p2b: Ogurin|Chilling Neigh|boost\n|-boost|p2b: Ogurin|atk|1\n|\n|-heal|p1b: Volcarona|73/100|[from] Grassy Terrain\n|-heal|p2a: Grimmsnarl|92/100|[from] Grassy Terrain\n|upkeep\n|\n|t:|1773912903\n|switch|p1a: Calyrex|Calyrex-Ice, L50|100/100\n|-ability|p1a: Calyrex|As One\n|-ability|p1a: Calyrex|Unnerve\n|turn|2\n|\n|t:|1773912916\n|move|p2a: Grimmsnarl|Light Screen|p2a: Grimmsnarl\n|-sidestart|p2: TheManOfSausage|move: Light Screen\n|move|p1b: Volcarona|Fiery Dance|p2b: Ogurin\n|-supereffective|p2b: Ogurin\n|-damage|p2b: Ogurin|46/100\n|-boost|p1b: Volcarona|spa|1\n|move|p1a: Calyrex|Glacial Lance|p2b: Ogurin|[spread] p2a,p2b\n|-resisted|p2b: Ogurin\n|-damage|p2a: Grimmsnarl|31/100\n|-damage|p2b: Ogurin|29/100\n|move|p2b: Ogurin|Trick Room|p2b: Ogurin\n|-fieldstart|move: Trick Room|[of] p2b: Ogurin\n|\n|-heal|p2b: Ogurin|35/100|[from] Grassy Terrain\n|-heal|p2a: Grimmsnarl|37/100|[from] Grassy Terrain\n|-heal|p1b: Volcarona|79/100|[from] Grassy Terrain\n|upkeep\n|turn|3\n|\n|t:|1773912934\n|move|p2b: Ogurin|Glacial Lance|p1b: Volcarona|[spread] p1a,p1b\n|-resisted|p1a: Calyrex\n|-crit|p1a: Calyrex\n|-resisted|p1b: Volcarona\n|-damage|p1a: Calyrex|56/100\n|-damage|p1b: Volcarona|28/100\n|move|p1a: Calyrex|Glacial Lance|p2b: Ogurin|[spread] p2a,p2b\n|-resisted|p2b: Ogurin\n|-damage|p2a: Grimmsnarl|0 fnt\n|-damage|p2b: Ogurin|17/100\n|faint|p2a: Grimmsnarl\n|-ability|p1a: Calyrex|Chilling Neigh|boost\n|-boost|p1a: Calyrex|atk|1\n|move|p1b: Volcarona|Fiery Dance|p2b: Ogurin\n|-supereffective|p2b: Ogurin\n|-damage|p2b: Ogurin|0 fnt\n|-boost|p1b: Volcarona|spa|1\n|faint|p2b: Ogurin\n|\n|-heal|p1a: Calyrex|62/100|[from] Grassy Terrain\n|-heal|p1b: Volcarona|34/100|[from] Grassy Terrain\n|upkeep\n|\n|t:|1773912941\n|switch|p2b: Urshifu|Urshifu-Rapid-Strike, L50, M|100/100\n|switch|p2a: Magical Mirai|Miraidon, L50|100/100\n|-fieldstart|move: Electric Terrain|[from] ability: Hadron Engine|[of] p2a: Magical Mirai\n|-enditem|p1b: Volcarona|Electric Seed\n|-boost|p1b: Volcarona|def|1|[from] item: Electric Seed\n|turn|4\n|\n|t:|1773912950\n|-terastallize|p2a: Magical Mirai|Fairy\n|move|p1a: Calyrex|Glacial Lance|p2a: Magical Mirai|[spread] p2a,p2b\n|-resisted|p2b: Urshifu\n|-damage|p2a: Magical Mirai|16/100\n|-damage|p2b: Urshifu|55/100\n|move|p2b: Urshifu|Surging Strikes|p1a: Calyrex\n|-crit|p1a: Calyrex\n|-damage|p1a: Calyrex|47/100\n|-crit|p1a: Calyrex\n|-damage|p1a: Calyrex|32/100\n|-crit|p1a: Calyrex\n|-damage|p1a: Calyrex|20/100\n|-hitcount|p1a: Calyrex|3\n|move|p2a: Magical Mirai|Dazzling Gleam|p1a: Calyrex|[spread] p1a,p1b\n|-resisted|p1b: Volcarona\n|-damage|p1a: Calyrex|0 fnt\n|-damage|p1b: Volcarona|12/100\n|faint|p1a: Calyrex\n|move|p1b: Volcarona|Struggle Bug|p2a: Magical Mirai|[spread] p2a,p2b\n|-resisted|p2a: Magical Mirai\n|-resisted|p2b: Urshifu\n|-damage|p2a: Magical Mirai|3/100\n|-damage|p2b: Urshifu|29/100\n|-unboost|p2a: Magical Mirai|spa|1\n|-unboost|p2b: Urshifu|spa|1\n|\n|upkeep\n|\n|t:|1773912955\n|switch|p1a: Miraidon|Miraidon, L50|100/100\n|-activate|p1a: Miraidon|ability: Hadron Engine\n|turn|5\n|\n|t:|1773912977\n|-terastallize|p1a: Miraidon|Electric\n|move|p2b: Urshifu|Close Combat|p1a: Miraidon\n|-damage|p1a: Miraidon|36/100\n|-unboost|p2b: Urshifu|def|1\n|-unboost|p2b: Urshifu|spd|1\n|move|p2a: Magical Mirai|Dazzling Gleam|p1a: Miraidon|[spread] p1a,p1b\n|-resisted|p1b: Volcarona\n|-damage|p1a: Miraidon|0 fnt\n|-damage|p1b: Volcarona|0 fnt\n|faint|p1a: Miraidon\n|faint|p1b: Volcarona\n|\n|win|TheManOfSausage\n|raw|Jthepoke's rating: 1373 &rarr; <strong>1360</strong><br />(-13 for losing)\n|raw|TheManOfSausage's rating: 1507 &rarr; <strong>1520</strong><br />(+13 for winning)\n|c|\u2606TheManOfSausage|gg\n|c|\u2606Jthepoke|Gg\n|l|\u2606Jthepoke\n|player|p1|\n|l|\u2606TheManOfSausage\n|player|p2|\n","uploadtime":1773913238,"views":11,"formatid":"gen9vgc2026regi","rating":1360,"private":0,"password":null}