{"id":"gen9vgc2026regi-2569344578","format":"[Gen 9] VGC 2026 Reg I","players":["terafireflareblitz","Regei"],"log":"|j|\u2606terafireflareblitz\n|j|\u2606Regei\n|t:|1774677639\n|gametype|doubles\n|player|p1|terafireflareblitz|sycamore|1550\n|player|p2|Regei|drayton|1507\n|gen|9\n|tier|[Gen 9] VGC 2026 Reg I\n|rated|\n|rule|Species Clause: Limit one of each Pok\u00e9mon\n|rule|Item Clause: Limit 1 of each item\n|clearpoke\n|poke|p1|Koraidon, L50|\n|poke|p1|Lunala, L50|\n|poke|p1|Indeedee-F, L50, F|\n|poke|p1|Flutter Mane, L50|\n|poke|p1|Volcarona, L50, F|\n|poke|p1|Ursaluna, L50, M|\n|poke|p2|Miraidon, L50|\n|poke|p2|Raging Bolt, L50|\n|poke|p2|Koraidon, L50|\n|poke|p2|Whimsicott, L50, F|\n|poke|p2|Iron Bundle, L50|\n|poke|p2|Farigiraf, L50, M|\n|teampreview|4\n|inactive|Battle timer is ON: inactive players will automatically lose when time's up. (requested by terafireflareblitz)\n|inactive|Regei has 60 seconds left.\n|\n|t:|1774677691\n|teamsize|p1|4\n|teamsize|p2|4\n|start\n|switch|p1a: Lunala|Lunala, L50, shiny|100/100\n|switch|p1b: Indeedee|Indeedee-F, L50, F|100/100\n|switch|p2a: Raging Bolt|Raging Bolt, L50|100/100\n|switch|p2b: Iron Bundle|Iron Bundle, L50, shiny|100/100\n|-fieldstart|move: Psychic Terrain|[from] ability: Psychic Surge|[of] p1b: Indeedee\n|turn|1\n|inactive|Regei has 30 seconds left.\n|\n|t:|1774677720\n|move|p2a: Raging Bolt|Protect|p2a: Raging Bolt\n|-singleturn|p2a: Raging Bolt|Protect\n|move|p2b: Iron Bundle|Taunt|p1a: Lunala\n|-start|p1a: Lunala|move: Taunt\n|move|p1a: Lunala|Expanding Force|p2b: Iron Bundle|[spread] p2b\n|-activate|p2a: Raging Bolt|move: Protect\n|-enditem|p2b: Iron Bundle|Focus Sash\n|-damage|p2b: Iron Bundle|1/100\n|move|p1b: Indeedee|Alluring Voice|p2b: Iron Bundle\n|-damage|p2b: Iron Bundle|0 fnt\n|faint|p2b: Iron Bundle\n|-end|p2b: Iron Bundle|Quark Drive|[silent]\n|\n|upkeep\n|\n|t:|1774677729\n|switch|p2b: Miraidon|Miraidon, L50, shiny|100/100\n|-fieldstart|move: Electric Terrain|[from] ability: Hadron Engine|[of] p2b: Miraidon\n|turn|2\n|inactive|Regei has 30 seconds left.\n|inactive|Regei has 20 seconds left.\n|\n|t:|1774677766\n|switch|p1b: Flutter Mane|Flutter Mane, L50|100/100\n|-terastallize|p2b: Miraidon|Fairy\n|move|p2b: Miraidon|Dazzling Gleam|p1a: Lunala|[spread] p1a,p1b\n|-damage|p1a: Lunala|85/100\n|-damage|p1b: Flutter Mane|59/100\n|move|p1a: Lunala|Meteor Beam||[still]\n|-prepare|p1a: Lunala|Meteor Beam\n|-boost|p1a: Lunala|spa|1\n|-enditem|p1a: Lunala|Power Herb\n|-anim|p1a: Lunala|Meteor Beam|p2b: Miraidon\n|-damage|p2b: Miraidon|63/100\n|move|p2a: Raging Bolt|Rising Voltage|p1b: Flutter Mane\n|-hint|Rising Voltage's BP doubled on grounded target.\n|-damage|p1b: Flutter Mane|0 fnt\n|faint|p1b: Flutter Mane\n|-end|p1b: Flutter Mane|Protosynthesis|[silent]\n|-damage|p2a: Raging Bolt|91/100|[from] item: Life Orb\n|\n|upkeep\n|\n|t:|1774677781\n|switch|p1b: Indeedee|Indeedee-F, L50, F|100/100\n|-fieldstart|move: Psychic Terrain|[from] ability: Psychic Surge|[of] p1b: Indeedee\n|turn|3\n|inactive|Regei has 30 seconds left.\n|inactive|Regei has 20 seconds left.\n|inactive|Regei has 15 seconds left.\n|inactive|Regei has 10 seconds left.\n|\n|t:|1774677828\n|switch|p2b: Koraidon|Koraidon, L50, shiny|100/100\n|-weather|SunnyDay|[from] ability: Orichalcum Pulse|[of] p2b: Koraidon\n|-activate|p2a: Raging Bolt|ability: Protosynthesis\n|-start|p2a: Raging Bolt|protosynthesisspa\n|-activate|p2b: Koraidon|Orichalcum Pulse|[source]\n|move|p1b: Indeedee|Helping Hand|p1a: Lunala\n|-singleturn|p1a: Lunala|Helping Hand|[of] p1b: Indeedee\n|move|p2a: Raging Bolt|Protect|p2a: Raging Bolt\n|-singleturn|p2a: Raging Bolt|Protect\n|move|p1a: Lunala|Expanding Force|p2b: Koraidon|[spread] p2b\n|-activate|p2a: Raging Bolt|move: Protect\n|-supereffective|p2b: Koraidon\n|-damage|p2b: Koraidon|0 fnt\n|faint|p2b: Koraidon\n|\n|-weather|SunnyDay|[upkeep]\n|-end|p1a: Lunala|move: Taunt\n|upkeep\n|j| 801344244a\n|\n|t:|1774677830\n|switch|p2b: Miraidon|Miraidon, L50, shiny, tera:Fairy|63/100\n|-fieldstart|move: Electric Terrain|[from] ability: Hadron Engine|[of] p2b: Miraidon\n|turn|4\n|\n|t:|1774677846\n|move|p1b: Indeedee|Helping Hand|p1a: Lunala\n|-singleturn|p1a: Lunala|Helping Hand|[of] p1b: Indeedee\n|move|p2b: Miraidon|Electro Drift|p1b: Indeedee\n|-damage|p1b: Indeedee|12/100\n|move|p1a: Lunala|Moongeist Beam|p2b: Miraidon\n|-damage|p2b: Miraidon|0 fnt\n|faint|p2b: Miraidon\n|move|p2a: Raging Bolt|Rising Voltage|p1a: Lunala\n|-hint|Rising Voltage's BP doubled on grounded target.\n|-damage|p1a: Lunala|0 fnt\n|faint|p1a: Lunala\n|-damage|p2a: Raging Bolt|81/100|[from] item: Life Orb\n|\n|-weather|SunnyDay|[upkeep]\n|upkeep\n|\n|t:|1774677848\n|switch|p1a: Koraidon|Koraidon, L50, shiny|100/100\n|-activate|p1a: Koraidon|ability: Orichalcum Pulse\n|turn|5\n|\n|t:|1774677862\n|move|p1b: Indeedee|Helping Hand|p1a: Koraidon\n|-singleturn|p1a: Koraidon|Helping Hand|[of] p1b: Indeedee\n|move|p1a: Koraidon|Close Combat|p2a: Raging Bolt\n|-damage|p2a: Raging Bolt|0 fnt\n|-unboost|p1a: Koraidon|def|1\n|-unboost|p1a: Koraidon|spd|1\n|faint|p2a: Raging Bolt\n|-end|p2a: Raging Bolt|Protosynthesis|[silent]\n|-damage|p1a: Koraidon|91/100|[from] item: Life Orb\n|\n|win|terafireflareblitz\n|raw|terafireflareblitz's rating: 1550 &rarr; <strong>1568</strong><br />(+18 for winning)\n|raw|Regei's rating: 1507 &rarr; <strong>1489</strong><br />(-18 for losing)\n|l|\u2606terafireflareblitz\n|player|p1|\n","uploadtime":1774677862,"views":87,"formatid":"gen9vgc2026regi","rating":1489,"private":0,"password":null}