{"id":"gen9vgc2026regi-2560629196","format":"[Gen 9] VGC 2026 Reg I","players":["GuevaraGaming2","It'sJustKen VGC"],"log":"|j|\u2606GuevaraGaming2\n|j|\u2606It'sJustKen VGC\n|html|<table width=\"100%\"><tr><td align=\"left\">GuevaraGaming2</td><td align=\"right\">It&apos;sJustKen VGC</tr><tr><td align=\"left\"><i class=\"fa fa-circle-o\"></i> <i class=\"fa fa-circle-o\"></i> </td><td align=\"right\"><i class=\"fa fa-circle-o\"></i> <i class=\"fa fa-circle-o\"></i> </tr></table>\n|uhtml|bestof|<h2><strong>Game 1</strong> of <a href=\"/game-bestof3-gen9vgc2026regi-2560629195\">a best-of-3</a></h2>\n|t:|1773706223\n|gametype|doubles\n|player|p1|GuevaraGaming2|101|\n|player|p2|It'sJustKen VGC|2|\n|gen|9\n|tier|[Gen 9] VGC 2026 Reg I\n|rated|Tournament battle\n|rule|Species Clause: Limit one of each Pok\u00e9mon\n|rule|Item Clause: Limit 1 of each item\n|raw|<div class=\"infobox\"><details class=\"readmore\" open><summary><strong>4 custom rules:</strong></summary> Open Team Sheets, Force Open Team Sheets, !Open Team Sheets, Best of = 3</details></div>\n|clearpoke\n|poke|p1|Zamazenta-*, L50|\n|poke|p1|Lunala, L50|\n|poke|p1|Tornadus, L50, M|\n|poke|p1|Amoonguss, L50, F|\n|poke|p1|Incineroar, L50, F|\n|poke|p1|Urshifu-*, L50, F|\n|poke|p2|Farigiraf, L50, M|\n|poke|p2|Incineroar, L50, F|\n|poke|p2|Torkoal, L50, F|\n|poke|p2|Calyrex-Shadow, L50|\n|poke|p2|Amoonguss, L50, F|\n|poke|p2|Zamazenta-*, L50|\n|teampreview|4\n|showteam|p1|Zamazenta-Crowned||RustedShield|DauntlessShield|BodyPress,HeavySlam,IronDefense,Protect||||||50|,,,,,Grass]Lunala||Leftovers|ShadowShield|TrickRoom,WideGuard,Moonblast,MoongeistBeam||||||50|,,,,,Fairy]Tornadus||FocusSash|Prankster|Tailwind,BleakwindStorm,RainDance,Protect|||M|||50|,,,,,Dark]Amoonguss||SitrusBerry|Regenerator|Spore,RagePowder,Protect,PollenPuff|||F|||50|,,,,,Water]Incineroar||SafetyGoggles|Intimidate|KnockOff,PartingShot,FakeOut,Taunt|||F|||50|,,,,,Bug]Urshifu-Rapid-Strike||ChoiceScarf|UnseenFist|AquaJet,SurgingStrikes,CloseCombat,Uturn|||F|||50|,,,,,Water\n|showteam|p2|Farigiraf||ThroatSpray|ArmorTail|Protect,HyperVoice,Psychic,TrickRoom|||M|||50|,,,,,Water]Incineroar||ClearAmulet|Intimidate|FakeOut,FlareBlitz,KnockOff,CloseCombat|||F|||50|,,,,,Grass]Torkoal||ChoiceSpecs|Drought|Eruption,HeatWave,WeatherBall,EarthPower|||F|||50|,,,,,Fire]Calyrex-Shadow||FocusSash|AsOneSpectrier|Protect,AstralBarrage,Psychic,Imprison||||||50|,,,,,Ghost]Amoonguss||LifeOrb|Regenerator|SludgeBomb,GrassKnot,Spore,RagePowder|||F|||50|,,,,,Water]Zamazenta-Crowned||RustedShield|DauntlessShield|Protect,BodyPress,HeavySlam,WideGuard||||||50|,,,,,Water\n|inactive|Battle timer is ON: inactive players will automatically lose when time's up. (requested by It'sJustKen VGC)\n|j| MEXES\n|inactive|GuevaraGaming2 has 60 seconds left.\n|\n|t:|1773706266\n|teamsize|p1|4\n|teamsize|p2|4\n|start\n|switch|p1a: Incineroar|Incineroar, L50, F|100/100\n|switch|p1b: Zamazenta|Zamazenta-Crowned, L50|100/100\n|switch|p2a: Farigiraf|Farigiraf, L50, M|100/100\n|switch|p2b: Incineroar|Incineroar, L50, F|100/100\n|-ability|p1b: Zamazenta|Dauntless Shield|boost\n|-boost|p1b: Zamazenta|def|1\n|-ability|p1a: Incineroar|Intimidate|boost\n|-unboost|p2a: Farigiraf|atk|1\n|-fail|p2b: Incineroar|unboost|[from] item: Clear Amulet|[of] p2b: Incineroar\n|-ability|p2b: Incineroar|Intimidate|boost\n|-unboost|p1a: Incineroar|atk|1\n|-unboost|p1b: Zamazenta|atk|1\n|turn|1\n|\n|t:|1773706288\n|move|p2b: Incineroar|Fake Out|p1a: Incineroar\n|-damage|p1a: Incineroar|89/100\n|move|p1b: Zamazenta|Iron Defense|p1b: Zamazenta\n|-boost|p1b: Zamazenta|def|2\n|cant|p1a: Incineroar|flinch\n|move|p2a: Farigiraf|Trick Room|p2a: Farigiraf\n|-fieldstart|move: Trick Room|[of] p2a: Farigiraf\n|\n|upkeep\n|turn|2\n|\n|t:|1773706299\n|move|p2b: Incineroar|Close Combat|p1a: Incineroar\n|-supereffective|p1a: Incineroar\n|-damage|p1a: Incineroar|21/100\n|-unboost|p2b: Incineroar|def|1\n|-unboost|p2b: Incineroar|spd|1\n|move|p2a: Farigiraf|Hyper Voice|p1b: Zamazenta|[spread] p1a,p1b\n|-resisted|p1b: Zamazenta\n|-damage|p1a: Incineroar|0 fnt\n|-damage|p1b: Zamazenta|90/100\n|faint|p1a: Incineroar\n|-enditem|p2a: Farigiraf|Throat Spray\n|-boost|p2a: Farigiraf|spa|1|[from] item: Throat Spray\n|move|p1b: Zamazenta|Body Press|p2a: Farigiraf\n|-damage|p2a: Farigiraf|0 fnt\n|faint|p2a: Farigiraf\n|\n|upkeep\n|\n|t:|1773706309\n|switch|p2a: Amoonguss|Amoonguss, L50, F|100/100\n|switch|p1a: Tornadus|Tornadus, L50, M|100/100\n|turn|3\n|j| ProssettiVGC\n|j| Soulzz97_\n|\n|t:|1773706327\n|-terastallize|p1b: Zamazenta|Grass\n|move|p1a: Tornadus|Protect|p1a: Tornadus\n|-singleturn|p1a: Tornadus|Protect\n|move|p2a: Amoonguss|Sludge Bomb|p1a: Tornadus\n|-activate|p1a: Tornadus|move: Protect\n|move|p2b: Incineroar|Flare Blitz|p1a: Tornadus\n|-activate|p1a: Tornadus|move: Protect\n|move|p1b: Zamazenta|Body Press|p2b: Incineroar\n|-supereffective|p2b: Incineroar\n|-damage|p2b: Incineroar|0 fnt\n|faint|p2b: Incineroar\n|\n|upkeep\n|\n|t:|1773706330\n|switch|p2b: Torkoal|Torkoal, L50, F|100/100\n|-weather|SunnyDay|[from] ability: Drought|[of] p2b: Torkoal\n|turn|4\n|\n|t:|1773706347\n|-terastallize|p2a: Amoonguss|Water\n|move|p1b: Zamazenta|Protect|p1b: Zamazenta\n|-singleturn|p1b: Zamazenta|Protect\n|move|p1a: Tornadus|Rain Dance|p1a: Tornadus\n|-weather|RainDance\n|move|p2b: Torkoal|Eruption|p1a: Tornadus|[spread] p1a\n|-activate|p1b: Zamazenta|move: Protect\n|-damage|p1a: Tornadus|47/100\n|move|p2a: Amoonguss|Sludge Bomb|p1b: Zamazenta\n|-activate|p1b: Zamazenta|move: Protect\n|\n|-weather|RainDance|[upkeep]\n|upkeep\n|turn|5\n|\n|t:|1773706368\n|move|p1a: Tornadus|Protect|p1a: Tornadus\n|-singleturn|p1a: Tornadus|Protect\n|move|p1b: Zamazenta|Protect||[still]\n|-fail|p1b: Zamazenta\n|move|p2b: Torkoal|Eruption|p1a: Tornadus|[spread] p1b\n|-activate|p1a: Tornadus|move: Protect\n|-supereffective|p1b: Zamazenta\n|-crit|p1b: Zamazenta\n|-damage|p1b: Zamazenta|23/100\n|move|p2a: Amoonguss|Sludge Bomb|p1b: Zamazenta\n|-supereffective|p1b: Zamazenta\n|-damage|p1b: Zamazenta|0 fnt\n|faint|p1b: Zamazenta\n|-damage|p2a: Amoonguss|91/100|[from] item: Life Orb\n|\n|-weather|RainDance|[upkeep]\n|-fieldend|move: Trick Room\n|upkeep\n|\n|t:|1773706378\n|switch|p1b: Lunala|Lunala, L50|100/100\n|turn|6\n|inactive|It'sJustKen VGC has 30 seconds left.\n|\n|t:|1773706404\n|move|p1a: Tornadus|Bleakwind Storm|p2a: Amoonguss|[spread] p2a,p2b\n|-damage|p2a: Amoonguss|49/100\n|-damage|p2b: Torkoal|46/100\n|move|p1b: Lunala|Moongeist Beam|p2a: Amoonguss\n|-damage|p2a: Amoonguss|0 fnt\n|faint|p2a: Amoonguss\n|move|p2b: Torkoal|Eruption|p1a: Tornadus|[spread] p1a,p1b\n|-damage|p1a: Tornadus|25/100\n|-damage|p1b: Lunala|96/100\n|\n|-weather|RainDance|[upkeep]\n|-heal|p1b: Lunala|100/100|[from] item: Leftovers\n|upkeep\n|turn|7\n|\n|t:|1773706416\n|move|p1a: Tornadus|Bleakwind Storm|p2b: Torkoal\n|-damage|p2b: Torkoal|0 fnt\n|faint|p2b: Torkoal\n|\n|win|GuevaraGaming2\n||GuevaraGaming2 is ready for game 2.\n||It'sJustKen VGC is ready for game 2.\n|uhtml|next|Next: <a href=\"/battle-gen9vgc2026regi-2560631020\"><strong>Game 2 of 3</strong></a>\n","uploadtime":1773706588,"views":10,"formatid":"gen9vgc2026regi","rating":null,"private":0,"password":null}