{"id":"gen9vgc2026regi-2559352277","format":"[Gen 9] VGC 2026 Reg I","players":["ronnoc02","TheManOfSausage"],"log":"|j|\u2606ronnoc02\n|j|\u2606TheManOfSausage\n|t:|1773550697\n|gametype|doubles\n|player|p1|ronnoc02|102|1433\n|player|p2|TheManOfSausage|miku-water|1472\n|gen|9\n|tier|[Gen 9] VGC 2026 Reg I\n|rated|\n|rule|Species Clause: Limit one of each Pok\u00e9mon\n|rule|Item Clause: Limit 1 of each item\n|clearpoke\n|poke|p1|Rayquaza, L50|\n|poke|p1|Lunala, L50|\n|poke|p1|Weezing-Galar, L50, M|\n|poke|p1|Chi-Yu, L50|\n|poke|p1|Ogerpon-Hearthflame, L50, F|\n|poke|p1|Urshifu-*, L50, M|\n|poke|p2|Zamazenta-*, L50|\n|poke|p2|Miraidon, L50|\n|poke|p2|Ogerpon-Cornerstone, L50, F|\n|poke|p2|Incineroar, L50, M|\n|poke|p2|Volcarona, L50, M|\n|poke|p2|Urshifu-*, L50, M|\n|teampreview|4\n|inactive|Battle timer is ON: inactive players will automatically lose when time's up. (requested by ronnoc02)\nTheManOfSausage has agreed to open team sheets.\n|inactive|ronnoc02 has 60 seconds left.\n|inactive|TheManOfSausage has 60 seconds left.\n|\n|t:|1773550752\n|teamsize|p1|4\n|teamsize|p2|4\n|start\n|switch|p1a: Rayquaza|Rayquaza, L50, shiny|100/100\n|switch|p1b: Ogerpon|Ogerpon-Hearthflame, L50, F|100/100\n|switch|p2a: Incineroar|Incineroar, L50, M, shiny|100/100\n|switch|p2b: Tama|Miraidon, L50|100/100\n|-fieldstart|move: Electric Terrain|[from] ability: Hadron Engine|[of] p2b: Tama\n|-ability|p1b: Ogerpon|Mold Breaker\n|-ability|p1a: Rayquaza|Air Lock\n|-ability|p2a: Incineroar|Intimidate|boost\n|-unboost|p1a: Rayquaza|atk|1\n|-unboost|p1b: Ogerpon|atk|1\n|turn|1\n|\n|t:|1773550763\n|move|p1b: Ogerpon|Spiky Shield|p1b: Ogerpon\n|-singleturn|p1b: Ogerpon|move: Protect\n|move|p1a: Rayquaza|Protect|p1a: Rayquaza\n|-singleturn|p1a: Rayquaza|Protect\n|move|p2b: Tama|Volt Switch|p1a: Rayquaza\n|-activate|p1a: Rayquaza|move: Protect\n|move|p2a: Incineroar|U-turn|p1a: Rayquaza\n|-activate|p1a: Rayquaza|move: Protect\n|\n|upkeep\n|turn|2\n|\n|t:|1773550771\n|move|p1b: Ogerpon|Follow Me|p1b: Ogerpon\n|-singleturn|p1b: Ogerpon|move: Follow Me\n|move|p2b: Tama|Volt Switch|p1b: Ogerpon\n|-resisted|p1b: Ogerpon\n|-damage|p1b: Ogerpon|65/100\n|\n|t:|1773550778\n|switch|p2b: Volcarona|Volcarona, L50, M|100/100|[from] Volt Switch\n|-enditem|p2b: Volcarona|Electric Seed\n|-boost|p2b: Volcarona|def|1|[from] item: Electric Seed\n|move|p1a: Rayquaza|Swords Dance|p1a: Rayquaza\n|-boost|p1a: Rayquaza|atk|2\n|move|p2a: Incineroar|U-turn|p1b: Ogerpon\n|-damage|p1b: Ogerpon|44/100\n|\n|t:|1773550789\n|switch|p2a: Tama|Miraidon, L50|100/100|[from] U-turn\n|-activate|p2a: Tama|ability: Hadron Engine\n|\n|upkeep\n|turn|3\n|\n|t:|1773550797\n|move|p1b: Ogerpon|Follow Me|p1b: Ogerpon\n|-singleturn|p1b: Ogerpon|move: Follow Me\n|move|p2a: Tama|Volt Switch|p1b: Ogerpon\n|-resisted|p1b: Ogerpon\n|-damage|p1b: Ogerpon|9/100\n|\n|t:|1773550802\n|switch|p2a: Incineroar|Incineroar, L50, M, shiny|100/100|[from] Volt Switch\n|-ability|p2a: Incineroar|Intimidate|boost\n|-unboost|p1a: Rayquaza|atk|1\n|-unboost|p1b: Ogerpon|atk|1\n|move|p2b: Volcarona|Quiver Dance|p2b: Volcarona\n|-boost|p2b: Volcarona|spa|1\n|-boost|p2b: Volcarona|spd|1\n|-boost|p2b: Volcarona|spe|1\n|move|p1a: Rayquaza|Swords Dance|p1a: Rayquaza\n|-boost|p1a: Rayquaza|atk|2\n|\n|upkeep\n|turn|4\n|\n|t:|1773550809\n|move|p1b: Ogerpon|Spiky Shield|p1b: Ogerpon\n|-singleturn|p1b: Ogerpon|move: Protect\n|move|p1a: Rayquaza|Protect|p1a: Rayquaza\n|-singleturn|p1a: Rayquaza|Protect\n|move|p2b: Volcarona|Quiver Dance|p2b: Volcarona\n|-boost|p2b: Volcarona|spa|1\n|-boost|p2b: Volcarona|spd|1\n|-boost|p2b: Volcarona|spe|1\n|move|p2a: Incineroar|U-turn|p1a: Rayquaza\n|-activate|p1a: Rayquaza|move: Protect\n|\n|upkeep\n|turn|5\n|\n|t:|1773550824\n|-terastallize|p1a: Rayquaza|Normal\n|move|p2b: Volcarona|Protect|p2b: Volcarona\n|-singleturn|p2b: Volcarona|Protect\n|move|p1b: Ogerpon|Follow Me|p1b: Ogerpon\n|-singleturn|p1b: Ogerpon|move: Follow Me\n|move|p1a: Rayquaza|Extreme Speed|p2b: Volcarona\n|-activate|p2b: Volcarona|move: Protect\n|move|p2a: Incineroar|U-turn|p1b: Ogerpon\n|-damage|p1b: Ogerpon|0 fnt\n|faint|p1b: Ogerpon\n|\n|t:|1773550828\n|switch|p2a: Zamazenta|Zamazenta-Crowned, L50|100/100|[from] U-turn\n|-ability|p2a: Zamazenta|Dauntless Shield|boost\n|-boost|p2a: Zamazenta|def|1\n|\n|-fieldend|move: Electric Terrain\n|upkeep\n|\n|t:|1773550832\n|switch|p1b: Chi-Yu|Chi-Yu, L50|100/100\n|-ability|p1b: Chi-Yu|Beads of Ruin\n|turn|6\n|\n|t:|1773550838\n|move|p1a: Rayquaza|Extreme Speed|p2b: Volcarona\n|-damage|p2b: Volcarona|0 fnt\n|faint|p2b: Volcarona\n|-damage|p1a: Rayquaza|91/100|[from] item: Life Orb\n|move|p1b: Chi-Yu|Overheat|p2a: Zamazenta\n|-supereffective|p2a: Zamazenta\n|-damage|p2a: Zamazenta|0 fnt\n|-unboost|p1b: Chi-Yu|spa|2\n|faint|p2a: Zamazenta\n|\n|upkeep\n|\n|t:|1773550841\n|switch|p2a: Incineroar|Incineroar, L50, M, shiny|100/100\n|switch|p2b: Tama|Miraidon, L50|100/100\n|-fieldstart|move: Electric Terrain|[from] ability: Hadron Engine|[of] p2b: Tama\n|-ability|p2a: Incineroar|Intimidate|boost\n|-unboost|p1a: Rayquaza|atk|1\n|-unboost|p1b: Chi-Yu|atk|1\n|turn|7\n|\n|t:|1773550846\n|switch|p1b: Lunala|Lunala, L50|100/100\n|move|p1a: Rayquaza|Protect|p1a: Rayquaza\n|-singleturn|p1a: Rayquaza|Protect\n|move|p2a: Incineroar|Fake Out|p1a: Rayquaza\n|-activate|p1a: Rayquaza|move: Protect\n|move|p2b: Tama|Electro Drift|p1b: Lunala\n|-damage|p1b: Lunala|63/100\n|\n|upkeep\n|turn|8\n|\n|t:|1773550856\n|-terastallize|p2b: Tama|Electric\n|move|p1a: Rayquaza|Extreme Speed|p2b: Tama\n|-damage|p2b: Tama|4/100\n|-damage|p1a: Rayquaza|81/100|[from] item: Life Orb\n|move|p2b: Tama|Electro Drift|p1a: Rayquaza\n|-damage|p1a: Rayquaza|0 fnt\n|faint|p1a: Rayquaza\n|move|p1b: Lunala|Tailwind|p1b: Lunala\n|-sidestart|p1: ronnoc02|move: Tailwind\n|move|p2a: Incineroar|Knock Off|p1b: Lunala\n|-supereffective|p1b: Lunala\n|-damage|p1b: Lunala|0 fnt\n|-enditem|p1b: Lunala|Power Herb|[from] move: Knock Off|[of] p2a: Incineroar\n|faint|p1b: Lunala\n|\n|upkeep\n|\n|t:|1773550868\n|switch|p1b: Chi-Yu|Chi-Yu, L50|100/100\n|-ability|p1b: Chi-Yu|Beads of Ruin\n|turn|9\n|\n|t:|1773550873\n|move|p1b: Chi-Yu|Heat Wave|p2a: Incineroar|[spread] p2a,p2b\n|-resisted|p2a: Incineroar\n|-damage|p2a: Incineroar|83/100\n|-damage|p2b: Tama|0 fnt\n|faint|p2b: Tama\n|move|p2a: Incineroar|U-turn|p1b: Chi-Yu\n|-damage|p1b: Chi-Yu|71/100\n|\n|upkeep\n|turn|10\n|\n|t:|1773550877\n|move|p1b: Chi-Yu|Heat Wave|p2a: Incineroar\n|-resisted|p2a: Incineroar\n|-damage|p2a: Incineroar|60/100\n|move|p2a: Incineroar|U-turn|p1b: Chi-Yu\n|-damage|p1b: Chi-Yu|41/100\n|\n|upkeep\n|turn|11\n|\n|t:|1773550879\n|move|p1b: Chi-Yu|Heat Wave|p2a: Incineroar\n|-resisted|p2a: Incineroar\n|-damage|p2a: Incineroar|37/100\n|move|p2a: Incineroar|U-turn|p1b: Chi-Yu\n|-damage|p1b: Chi-Yu|13/100\n|\n|-sideend|p1: ronnoc02|move: Tailwind\n|-fieldend|move: Electric Terrain\n|upkeep\n|turn|12\n|c|\u2606TheManOfSausage|gg\n|\n|t:|1773550885\n|move|p1b: Chi-Yu|Heat Wave|p2a: Incineroar\n|-resisted|p2a: Incineroar\n|-damage|p2a: Incineroar|16/100\n|move|p2a: Incineroar|U-turn|p1b: Chi-Yu\n|-damage|p1b: Chi-Yu|0 fnt\n|faint|p1b: Chi-Yu\n|\n|win|TheManOfSausage\n|raw|ronnoc02's rating: 1433 &rarr; <strong>1415</strong><br />(-18 for losing)\n|raw|TheManOfSausage's rating: 1472 &rarr; <strong>1490</strong><br />(+18 for winning)\n|c|\u2606ronnoc02|gg\n|l|\u2606ronnoc02\n|player|p1|\n|l|\u2606TheManOfSausage\n|player|p2|\n","uploadtime":1773551047,"views":13,"formatid":"gen9vgc2026regi","rating":1415,"private":0,"password":null}