{"id":"gen9vgc2026regi-2529939068","format":"[Gen 9] VGC 2026 Reg I","players":["ky123456","girrugameshu"],"log":"|j|\u2606ky123456\n|j|\u2606girrugameshu\n|t:|1769849508\n|gametype|doubles\n|player|p1|ky123456|cynthia-gen4|1505\n|player|p2|girrugameshu|steven|1383\n|gen|9\n|tier|[Gen 9] VGC 2026 Reg I\n|rated|\n|rule|Species Clause: Limit one of each Pok\u00e9mon\n|rule|Item Clause: Limit 1 of each item\n|clearpoke\n|poke|p1|Calyrex-Shadow, L50|\n|poke|p1|Zamazenta-*, L50|\n|poke|p1|Roaring Moon, L50|\n|poke|p1|Maushold, L50|\n|poke|p1|Weezing, L50, M|\n|poke|p1|Amoonguss, L50, M|\n|poke|p2|Urshifu-*, L50, M|\n|poke|p2|Kyogre, L50|\n|poke|p2|Zacian-*, L50|\n|poke|p2|Roaring Moon, L50|\n|poke|p2|Chien-Pao, L50|\n|poke|p2|Volcarona, L50, M|\n|teampreview|4\n|j| Robertron185\n|l| Robertron185\n|inactive|Battle timer is ON: inactive players will automatically lose when time's up. (requested by girrugameshu)\n|\n|t:|1769849553\n|teamsize|p1|4\n|teamsize|p2|4\n|start\n|switch|p1a: Zamazenta|Zamazenta-Crowned, L50|100/100\n|switch|p1b: Roaring Moon|Roaring Moon, L50|100/100\n|switch|p2a: Roaring Moon|Roaring Moon, L50|100/100\n|switch|p2b: Zacian|Zacian-Crowned, L50|100/100\n|-ability|p2b: Zacian|Intrepid Sword|boost\n|-boost|p2b: Zacian|atk|1\n|-ability|p1a: Zamazenta|Dauntless Shield|boost\n|-boost|p1a: Zamazenta|def|1\n|-enditem|p2a: Roaring Moon|Booster Energy\n|-activate|p2a: Roaring Moon|ability: Protosynthesis|[fromitem]\n|-start|p2a: Roaring Moon|protosynthesisspe\n|-enditem|p1b: Roaring Moon|Booster Energy\n|-activate|p1b: Roaring Moon|ability: Protosynthesis|[fromitem]\n|-start|p1b: Roaring Moon|protosynthesisspe\n|turn|1\n|j| riyuezi\n|\n|t:|1769849578\n|-terastallize|p2a: Roaring Moon|Flying\n|move|p1b: Roaring Moon|Tailwind|p1b: Roaring Moon\n|-sidestart|p1: ky123456|move: Tailwind\n|move|p1a: Zamazenta|Body Press|p2a: Roaring Moon\n|-resisted|p2a: Roaring Moon\n|-damage|p2a: Roaring Moon|59/100\n|move|p2a: Roaring Moon|Tailwind|p2a: Roaring Moon\n|-sidestart|p2: girrugameshu|move: Tailwind\n|move|p2b: Zacian|Play Rough|p1b: Roaring Moon\n|-supereffective|p1b: Roaring Moon\n|-damage|p1b: Roaring Moon|0 fnt\n|faint|p1b: Roaring Moon\n|-end|p1b: Roaring Moon|Protosynthesis|[silent]\n|\n|upkeep\n|j| Robertron185\n|inactive|ky123456 has 30 seconds left.\n|l| Robertron185\n|\n|t:|1769849609\n|switch|p1b: Amoonguss|Amoonguss, L50, M|100/100\n|turn|2\n|inactive|girrugameshu has 30 seconds left.\n|inactive|girrugameshu has 20 seconds left.\n|inactive|girrugameshu has 15 seconds left.\n|\n|t:|1769849650\n|move|p1b: Amoonguss|Protect|p1b: Amoonguss\n|-singleturn|p1b: Amoonguss|Protect\n|move|p2a: Roaring Moon|Knock Off|p1b: Amoonguss\n|-activate|p1b: Amoonguss|move: Protect\n|move|p2b: Zacian|Behemoth Blade|p1b: Amoonguss\n|-activate|p1b: Amoonguss|move: Protect\n|move|p1a: Zamazenta|Body Press|p2a: Roaring Moon\n|-resisted|p2a: Roaring Moon\n|-damage|p2a: Roaring Moon|16/100\n|\n|upkeep\n|turn|3\n|inactive|ky123456 has 30 seconds left.\n|inactive|girrugameshu has 30 seconds left.\n|\n|t:|1769849679\n|move|p2a: Roaring Moon|Knock Off|p1b: Amoonguss\n|-damage|p1b: Amoonguss|66/100\n|-enditem|p1b: Amoonguss|Mental Herb|[from] move: Knock Off|[of] p2a: Roaring Moon\n|move|p2b: Zacian|Behemoth Blade|p1b: Amoonguss\n|-damage|p1b: Amoonguss|10/100\n|move|p1a: Zamazenta|Body Press|p2a: Roaring Moon\n|-resisted|p2a: Roaring Moon\n|-damage|p2a: Roaring Moon|0 fnt\n|faint|p2a: Roaring Moon\n|-end|p2a: Roaring Moon|Protosynthesis|[silent]\n|move|p1b: Amoonguss|Spore|p2b: Zacian\n|-status|p2b: Zacian|slp|[from] move: Spore\n|\n|upkeep\n|\n|t:|1769849695\n|switch|p2a: Kyogre|Kyogre, L50|100/100\n|-weather|RainDance|[from] ability: Drizzle|[of] p2a: Kyogre\n|turn|4\n|\n|t:|1769849719\n|switch|p2b: Urshifu|Urshifu-Rapid-Strike, L50, M|100/100\n|switch|p1b: Calyrex|Calyrex-Shadow, L50|100/100\n|-ability|p1b: Calyrex|As One\n|-ability|p1b: Calyrex|Unnerve\n|move|p2a: Kyogre|Protect|p2a: Kyogre\n|-singleturn|p2a: Kyogre|Protect\n|move|p1a: Zamazenta|Body Press|p2a: Kyogre\n|-activate|p2a: Kyogre|move: Protect\n|\n|-weather|RainDance|[upkeep]\n|-sideend|p1: ky123456|move: Tailwind\n|-sideend|p2: girrugameshu|move: Tailwind\n|upkeep\n|turn|5\n|\n|t:|1769849739\n|-terastallize|p1a: Zamazenta|Dragon\n|move|p1b: Calyrex|Astral Barrage|p2b: Urshifu|[spread] p2a,p2b\n|-damage|p2a: Kyogre|39/100\n|-damage|p2b: Urshifu|7/100\n|move|p1a: Zamazenta|Body Press|p2b: Urshifu\n|-damage|p2b: Urshifu|0 fnt\n|faint|p2b: Urshifu\n|move|p2a: Kyogre|Origin Pulse|p1a: Zamazenta|[spread] p1a,p1b\n|-resisted|p1a: Zamazenta\n|-damage|p1a: Zamazenta|72/100\n|-damage|p1b: Calyrex|10/100\n|\n|-weather|RainDance|[upkeep]\n|upkeep\n|\n|t:|1769849751\n|switch|p2b: Zacian|Zacian-Crowned, L50|100/100 slp\n|turn|6\n|\n|t:|1769849774\n|move|p2a: Kyogre|Protect|p2a: Kyogre\n|-singleturn|p2a: Kyogre|Protect\n|move|p1b: Calyrex|Astral Barrage|p2a: Kyogre|[spread] p2b\n|-activate|p2a: Kyogre|move: Protect\n|-damage|p2b: Zacian|30/100 slp\n|cant|p2b: Zacian|slp\n|move|p1a: Zamazenta|Body Press|p2b: Zacian\n|-damage|p2b: Zacian|0 fnt\n|faint|p2b: Zacian\n|\n|-weather|RainDance|[upkeep]\n|upkeep\n|turn|7\n|-message|girrugameshu forfeited.\n|\n|win|ky123456\n|raw|ky123456's rating: 1505 &rarr; <strong>1518</strong><br />(+13 for winning)\n|raw|girrugameshu's rating: 1383 &rarr; <strong>1370</strong><br />(-13 for losing)\n|l|\u2606girrugameshu\n|player|p2|\n|l|\u2606ky123456\n|player|p1|\n","uploadtime":1769849791,"views":13,"formatid":"gen9vgc2026regi","rating":1370,"private":0,"password":null}