{"id":"gen9vgc2026regi-2552156854","format":"[Gen 9] VGC 2026 Reg I","players":["lior97h","ScribbleScribble"],"log":"|j|\u2606lior97h\n|j|\u2606ScribbleScribble\n|t:|1772682252\n|gametype|doubles\n|player|p1|lior97h|lucas|1494\n|player|p2|ScribbleScribble|mina-lgpe|1504\n|gen|9\n|tier|[Gen 9] VGC 2026 Reg I\n|rated|\n|rule|Species Clause: Limit one of each Pok\u00e9mon\n|rule|Item Clause: Limit 1 of each item\n|clearpoke\n|poke|p1|Zamazenta-*, L50|\n|poke|p1|Gengar, L50, F|\n|poke|p1|Whimsicott, L50, F|\n|poke|p1|Calyrex-Shadow, L50|\n|poke|p1|Sableye, L50, F|\n|poke|p1|Smeargle, L50, F|\n|poke|p2|Calyrex-Ice, L50|\n|poke|p2|Kyogre, L50|\n|poke|p2|Tornadus, L50, M|\n|poke|p2|Indeedee-F, L50, F|\n|poke|p2|Urshifu-*, L50, F|\n|poke|p2|Landorus, L50, M|\n|teampreview|4\n|inactive|Battle timer is ON: inactive players will automatically lose when time's up. (requested by ScribbleScribble)\n|inactive|lior97h also wants the timer to be on.\n|\n|t:|1772682277\n|teamsize|p1|4\n|teamsize|p2|4\n|start\n|switch|p1a: Whimsicott|Whimsicott, L50, F|100/100\n|switch|p1b: Smeargle|Smeargle, L50, F|100/100\n|switch|p2a: Tornadus|Tornadus, L50, M|100/100\n|switch|p2b: Urshifu|Urshifu-Rapid-Strike, L50, F|100/100\n|turn|1\n|inactive|lior97h has 30 seconds left.\n|\n|t:|1772682305\n|move|p1a: Whimsicott|Tailwind|p1a: Whimsicott\n|-sidestart|p1: lior97h|move: Tailwind\n|move|p2a: Tornadus|Taunt|p1a: Whimsicott\n|-start|p1a: Whimsicott|move: Taunt\n|move|p1b: Smeargle|Spore|p2b: Urshifu\n|-status|p2b: Urshifu|slp|[from] move: Spore\n|cant|p2b: Urshifu|slp\n|\n|-ability|p1b: Smeargle|Moody|boost\n|-boost|p1b: Smeargle|spa|2\n|-unboost|p1b: Smeargle|atk|1\n|upkeep\n|turn|2\n|inactive|ScribbleScribble has 30 seconds left.\n|inactive|ScribbleScribble has 20 seconds left.\n|\n|t:|1772682341\n|switch|p1b: Calyrex|Calyrex-Shadow, L50|100/100\n|-ability|p1b: Calyrex|As One\n|-ability|p1b: Calyrex|Unnerve\n|move|p2a: Tornadus|Taunt|p1b: Calyrex\n|-start|p1b: Calyrex|move: Taunt\n|move|p1a: Whimsicott|Moonblast|p2b: Urshifu\n|-supereffective|p2b: Urshifu\n|-damage|p2b: Urshifu|36/100 slp\n|-unboost|p2b: Urshifu|spa|1\n|cant|p2b: Urshifu|slp\n|\n|upkeep\n|turn|3\n|inactive|lior97h has 30 seconds left.\n|\n|t:|1772682370\n|move|p2a: Tornadus|Tailwind|p2a: Tornadus\n|-sidestart|p2: ScribbleScribble|move: Tailwind\n|move|p1b: Calyrex|Astral Barrage|p2b: Urshifu|[spread] p2a,p2b\n|-damage|p2a: Tornadus|29/100\n|-damage|p2b: Urshifu|0 fnt\n|faint|p2b: Urshifu\n|-ability|p1b: Calyrex|Grim Neigh|boost\n|-boost|p1b: Calyrex|spa|1\n|move|p1a: Whimsicott|Moonblast|p2a: Tornadus\n|-damage|p2a: Tornadus|0 fnt\n|faint|p2a: Tornadus\n|\n|upkeep\n|\n|t:|1772682380\n|switch|p2a: Kyogre|Kyogre, L50|100/100\n|switch|p2b: Indeedee|Indeedee-F, L50, F, shiny|100/100\n|-weather|RainDance|[from] ability: Drizzle|[of] p2a: Kyogre\n|-fieldstart|move: Psychic Terrain|[from] ability: Psychic Surge|[of] p2b: Indeedee\n|-enditem|p2b: Indeedee|Psychic Seed\n|-boost|p2b: Indeedee|spd|1|[from] item: Psychic Seed\n|turn|4\n|\n|t:|1772682399\n|move|p2a: Kyogre|Protect|p2a: Kyogre\n|-singleturn|p2a: Kyogre|Protect\n|move|p1b: Calyrex|Astral Barrage|p2b: Indeedee|[spread] \n|-activate|p2a: Kyogre|move: Protect\n|-immune|p2b: Indeedee\n|move|p1a: Whimsicott|Moonblast|p2a: Kyogre\n|-activate|p2a: Kyogre|move: Protect\n|move|p2b: Indeedee|Psychic|p1a: Whimsicott\n|-damage|p1a: Whimsicott|36/100\n|\n|-weather|RainDance|[upkeep]\n|-end|p1b: Calyrex|move: Taunt\n|-end|p1a: Whimsicott|move: Taunt\n|-sideend|p1: lior97h|move: Tailwind\n|upkeep\n|turn|5\n|inactive|lior97h has 30 seconds left.\n|inactive|ScribbleScribble has 30 seconds left.\n|inactive|ScribbleScribble has 20 seconds left.\n|inactive|ScribbleScribble has 15 seconds left.\n|inactive|ScribbleScribble has 10 seconds left.\n|inactive|ScribbleScribble has 5 seconds left.\n|\n|t:|1772682452\n|move|p1a: Whimsicott|Tailwind|p1a: Whimsicott\n|-sidestart|p1: lior97h|move: Tailwind\n|move|p1b: Calyrex|Astral Barrage|p2b: Indeedee|[spread] p2a\n|-immune|p2b: Indeedee\n|-damage|p2a: Kyogre|40/100\n|move|p2a: Kyogre|Water Spout|p1a: Whimsicott|[spread] p1a,p1b\n|-resisted|p1a: Whimsicott\n|-damage|p1a: Whimsicott|0 fnt\n|-damage|p1b: Calyrex|54/100\n|faint|p1a: Whimsicott\n|move|p2b: Indeedee|Trick Room|p2b: Indeedee\n|-fieldstart|move: Trick Room|[of] p2b: Indeedee\n|\n|-weather|RainDance|[upkeep]\n|upkeep\n|inactive|lior97h has 30 seconds left.\n|inactive|lior97h has 20 seconds left.\n|inactive|lior97h has 15 seconds left.\n|\n|t:|1772682495\n|switch|p1a: Zamazenta|Zamazenta-Crowned, L50|100/100\n|-ability|p1a: Zamazenta|Dauntless Shield|boost\n|-boost|p1a: Zamazenta|def|1\n|turn|6\n|\n|t:|1772682509\n|switch|p1b: Smeargle|Smeargle, L50, F|100/100\n|move|p2b: Indeedee|Psychic|p1a: Zamazenta\n|-damage|p1a: Zamazenta|71/100\n|move|p2a: Kyogre|Hydro Pump|p1b: Smeargle\n|-enditem|p1b: Smeargle|Focus Sash\n|-damage|p1b: Smeargle|1/100\n|move|p1a: Zamazenta|Body Press|p2a: Kyogre\n|-damage|p2a: Kyogre|0 fnt\n|faint|p2a: Kyogre\n|\n|-weather|RainDance|[upkeep]\n|-sideend|p2: ScribbleScribble|move: Tailwind\n|-ability|p1b: Smeargle|Moody|boost\n|-boost|p1b: Smeargle|spd|2\n|-unboost|p1b: Smeargle|atk|1\n|upkeep\n|turn|7\n|-message|ScribbleScribble forfeited.\n|\n|win|lior97h\n|raw|lior97h's rating: 1494 &rarr; <strong>1514</strong><br />(+20 for winning)\n|raw|ScribbleScribble's rating: 1499 &rarr; <strong>1479</strong><br />(-20 for losing)\n|l|\u2606ScribbleScribble\n|player|p2|\n|l|\u2606lior97h\n|player|p1|\n","uploadtime":1772682732,"views":24,"formatid":"gen9vgc2026regi","rating":1479,"private":0,"password":null}