{"id":"gen9vgc2026regi-2573556845","format":"[Gen 9] VGC 2026 Reg I","players":["Pancholudon","Harry Koekenpan"],"log":"|j|\u2606Pancholudon\n|j|\u2606Harry Koekenpan\n|t:|1775146508\n|gametype|doubles\n|player|p1|Pancholudon|102|1318\n|player|p2|Harry Koekenpan|266|1380\n|gen|9\n|tier|[Gen 9] VGC 2026 Reg I\n|rated|\n|rule|Species Clause: Limit one of each Pok\u00e9mon\n|rule|Item Clause: Limit 1 of each item\n|clearpoke\n|poke|p1|Calyrex-Shadow, L50|\n|poke|p1|Gastrodon, L50, F|\n|poke|p1|Sneasler, L50, F|\n|poke|p1|Flutter Mane, L50|\n|poke|p1|Urshifu-*, L50, F|\n|poke|p1|Zacian-*, L50|\n|poke|p2|Weezing-Galar, L50, M|\n|poke|p2|Calyrex-Shadow, L50|\n|poke|p2|Brute Bonnet, L50|\n|poke|p2|Koraidon, L50|\n|poke|p2|Chien-Pao, L50|\n|poke|p2|Regigigas, L50|\n|teampreview|4\n|inactive|Battle timer is ON: inactive players will automatically lose when time's up. (requested by Harry Koekenpan)\n|inactive|Pancholudon has 60 seconds left.\n|\n|t:|1775146546\n|teamsize|p1|4\n|teamsize|p2|4\n|start\n|switch|p1a: Flutter Mane|Flutter Mane, L50|100/100\n|switch|p1b: Zacian|Zacian-Crowned, L50|100/100\n|switch|p2a: Weezing|Weezing-Galar, L50, M|100/100\n|switch|p2b: Regigigas|Regigigas, L50|100/100\n|-ability|p2a: Weezing|Neutralizing Gas\n|turn|1\n|inactive|Pancholudon has 30 seconds left.\n|inactive|Pancholudon has 20 seconds left.\n|\n|t:|1775146585\n|-terastallize|p1b: Zacian|Fairy\n|move|p2a: Weezing|Protect|p2a: Weezing\n|-singleturn|p2a: Weezing|Protect\n|move|p2b: Regigigas|Heavy Slam|p1a: Flutter Mane\n|-supereffective|p1a: Flutter Mane\n|-damage|p1a: Flutter Mane|0 fnt\n|faint|p1a: Flutter Mane\n|-end|p1a: Flutter Mane|Protosynthesis|[silent]\n|move|p1b: Zacian|Behemoth Blade|p2a: Weezing\n|-activate|p2a: Weezing|move: Protect\n|\n|upkeep\n|\n|t:|1775146607\n|switch|p1a: Sneasler|Sneasler, L50, F|100/100\n|turn|2\n|\n|t:|1775146624\n|move|p1a: Sneasler|Fake Out|p2b: Regigigas\n|-damage|p2b: Regigigas|86/100\n|cant|p2b: Regigigas|flinch\n|move|p1b: Zacian|Behemoth Blade|p2a: Weezing\n|-supereffective|p2a: Weezing\n|-damage|p2a: Weezing|3/100\n|-enditem|p2a: Weezing|Sitrus Berry|[eat]\n|-heal|p2a: Weezing|28/100|[from] item: Sitrus Berry\n|move|p2a: Weezing|Sludge Bomb|p1b: Zacian\n|-supereffective|p1b: Zacian\n|-damage|p1b: Zacian|54/100\n|\n|upkeep\n|turn|3\n|\n|t:|1775146647\n|move|p2a: Weezing|Protect|p2a: Weezing\n|-singleturn|p2a: Weezing|Protect\n|move|p2b: Regigigas|Heavy Slam|p1b: Zacian\n|-supereffective|p1b: Zacian\n|-damage|p1b: Zacian|25/100\n|move|p1b: Zacian|Behemoth Blade|p2b: Regigigas\n|-damage|p2b: Regigigas|39/100\n|move|p1a: Sneasler|Close Combat|p2b: Regigigas\n|-supereffective|p2b: Regigigas\n|-damage|p2b: Regigigas|0 fnt\n|-unboost|p1a: Sneasler|def|1\n|-unboost|p1a: Sneasler|spd|1\n|faint|p2b: Regigigas\n|-end|p2b: Regigigas|Slow Start|[silent]\n|-enditem|p1a: Sneasler|White Herb\n|-clearnegativeboost|p1a: Sneasler|[silent]\n|\n|upkeep\n|\n|t:|1775146660\n|switch|p2b: Koraidon|Koraidon, L50|100/100\n|turn|4\n|\n|t:|1775146688\n|-terastallize|p2b: Koraidon|Fire\n|move|p1b: Zacian|Behemoth Blade|p2a: Weezing\n|-supereffective|p2a: Weezing\n|-damage|p2a: Weezing|0 fnt\n|faint|p2a: Weezing\n|-end|p2a: Weezing|ability: Neutralizing Gas\n|-ability|p1b: Zacian|Intrepid Sword|boost\n|-boost|p1b: Zacian|atk|1\n|-weather|SunnyDay|[from] ability: Orichalcum Pulse|[of] p2b: Koraidon\n|-activate|p2b: Koraidon|Orichalcum Pulse|[source]\n|move|p2b: Koraidon|Flame Charge|p1b: Zacian\n|-damage|p1b: Zacian|0 fnt\n|-boost|p2b: Koraidon|spe|1\n|faint|p1b: Zacian\n|move|p1a: Sneasler|Dire Claw|p2b: Koraidon\n|-damage|p2b: Koraidon|54/100\n|-status|p2b: Koraidon|slp\n|\n|-weather|SunnyDay|[upkeep]\n|upkeep\n|\n|t:|1775146709\n|switch|p1b: Calyrex|Calyrex-Shadow, L50|100/100\n|switch|p2a: Chien-Pao|Chien-Pao, L50|100/100\n|-ability|p1b: Calyrex|As One\n|-ability|p1b: Calyrex|Unnerve\n|-ability|p2a: Chien-Pao|Sword of Ruin\n|turn|5\n|\n|t:|1775146728\n|move|p2a: Chien-Pao|Sucker Punch|p1b: Calyrex\n|-supereffective|p1b: Calyrex\n|-damage|p1b: Calyrex|0 fnt\n|faint|p1b: Calyrex\n|cant|p2b: Koraidon|slp\n|move|p1a: Sneasler|Close Combat|p2a: Chien-Pao\n|-supereffective|p2a: Chien-Pao\n|-enditem|p2a: Chien-Pao|Focus Sash\n|-damage|p2a: Chien-Pao|1/100\n|-unboost|p1a: Sneasler|def|1\n|-unboost|p1a: Sneasler|spd|1\n|\n|-weather|SunnyDay|[upkeep]\n|upkeep\n|turn|6\n|\n|t:|1775146742\n|move|p2a: Chien-Pao|Protect|p2a: Chien-Pao\n|-singleturn|p2a: Chien-Pao|Protect\n|cant|p2b: Koraidon|slp\n|move|p1a: Sneasler|Dire Claw|p2b: Koraidon\n|-damage|p2b: Koraidon|0 fnt\n|faint|p2b: Koraidon\n|\n|-weather|SunnyDay|[upkeep]\n|upkeep\n|turn|7\n|\n|t:|1775146755\n|move|p2a: Chien-Pao|Sucker Punch|p1a: Sneasler\n|-resisted|p1a: Sneasler\n|-damage|p1a: Sneasler|42/100\n|move|p1a: Sneasler|Dire Claw|p2a: Chien-Pao\n|-damage|p2a: Chien-Pao|0 fnt\n|faint|p2a: Chien-Pao\n|\n|win|Pancholudon\n|raw|Pancholudon's rating: 1318 &rarr; <strong>1342</strong><br />(+24 for winning)\n|raw|Harry Koekenpan's rating: 1380 &rarr; <strong>1356</strong><br />(-24 for losing)\n","uploadtime":1775146767,"views":20,"formatid":"gen9vgc2026regi","rating":1342,"private":0,"password":null}