{"id":"gen9vgc2026regi-2568814047","format":"[Gen 9] VGC 2026 Reg I","players":["bro is not washed","Binky11"],"log":"|j|\u2606bro is not washed\n|j|\u2606Binky11\n|t:|1774625074\n|gametype|doubles\n|player|p1|bro is not washed|giovanni|1509\n|player|p2|Binky11|miku-ice|1579\n|gen|9\n|tier|[Gen 9] VGC 2026 Reg I\n|rated|\n|rule|Species Clause: Limit one of each Pok\u00e9mon\n|rule|Item Clause: Limit 1 of each item\n|clearpoke\n|poke|p1|Calyrex-Shadow, L50|\n|poke|p1|Miraidon, L50|\n|poke|p1|Incineroar, L50, F|\n|poke|p1|Sneasler, L50, M|\n|poke|p1|Araquanid, L50, M|\n|poke|p1|Whimsicott, L50, F|\n|poke|p2|Kyogre, L50|\n|poke|p2|Necrozma-Dusk-Mane, L50|\n|poke|p2|Amoonguss, L50, M|\n|poke|p2|Iron Jugulis, L50|\n|poke|p2|Raging Bolt, L50|\n|poke|p2|Urshifu-*, L50, F|\n|teampreview|4\n|inactive|Battle timer is ON: inactive players will automatically lose when time's up. (requested by bro is not washed)\n|inactive|bro is not washed has 60 seconds left.\n|\n|t:|1774625108\n|teamsize|p1|4\n|teamsize|p2|4\n|start\n|switch|p1a: Miraidon|Miraidon, L50|100/100\n|switch|p1b: Whimsicott|Whimsicott, L50, F|100/100\n|switch|p2a: Necrozma|Necrozma-Dusk-Mane, L50|100/100\n|switch|p2b: Iron Jugulis|Iron Jugulis, L50|100/100\n|-fieldstart|move: Electric Terrain|[from] ability: Hadron Engine|[of] p1a: Miraidon\n|-activate|p2b: Iron Jugulis|ability: Quark Drive\n|-start|p2b: Iron Jugulis|quarkdrivespe\n|turn|1\n|\n|t:|1774625128\n|switch|p1b: Araquanid|Araquanid, L50, M|100/100\n|-terastallize|p2a: Necrozma|Grass\n|move|p1a: Miraidon|Volt Switch|p2b: Iron Jugulis\n|-supereffective|p2b: Iron Jugulis\n|-damage|p2b: Iron Jugulis|0 fnt\n|faint|p2b: Iron Jugulis\n|-end|p2b: Iron Jugulis|Quark Drive|[silent]\n|\n|t:|1774625138\n|switch|p1a: Whimsicott|Whimsicott, L50, F|100/100|[from] Volt Switch\n|move|p2a: Necrozma|Trick Room|p2a: Necrozma\n|-fieldstart|move: Trick Room|[of] p2a: Necrozma\n|\n|upkeep\n|j| Machinationz\n|\n|t:|1774625143\n|switch|p2b: Kyogre|Kyogre, L50|100/100\n|-weather|RainDance|[from] ability: Drizzle|[of] p2b: Kyogre\n|turn|2\n|l| Machinationz\n|inactive|bro is not washed has 30 seconds left.\n|\n|t:|1774625169\n|switch|p2a: Raging Bolt|Raging Bolt, L50|100/100\n|-terastallize|p1b: Araquanid|Water\n|move|p1a: Whimsicott|Encore||[still]\n|-fail|p1a: Whimsicott\n|move|p1b: Araquanid|Liquidation|p2b: Kyogre\n|-resisted|p2b: Kyogre\n|-damage|p2b: Kyogre|45/100\n|move|p2b: Kyogre|Water Spout|p1b: Araquanid|[spread] p1a,p1b\n|-resisted|p1a: Whimsicott\n|-resisted|p1b: Araquanid\n|-damage|p1a: Whimsicott|65/100\n|-damage|p1b: Araquanid|82/100\n|\n|-weather|RainDance|[upkeep]\n|upkeep\n|turn|3\n|\n|t:|1774625189\n|switch|p2b: Necrozma|Necrozma-Dusk-Mane, L50, tera:Grass|100/100\n|move|p1b: Araquanid|Protect|p1b: Araquanid\n|-singleturn|p1b: Araquanid|Protect\n|move|p2a: Raging Bolt|Thunderbolt|p1b: Araquanid\n|-activate|p1b: Araquanid|move: Protect\n|move|p1a: Whimsicott|Moonblast|p2a: Raging Bolt\n|-supereffective|p2a: Raging Bolt\n|-damage|p2a: Raging Bolt|69/100\n|\n|-weather|RainDance|[upkeep]\n|upkeep\n|turn|4\n|inactive|bro is not washed has 30 seconds left.\n|\n|t:|1774625220\n|move|p1b: Araquanid|Liquidation|p2b: Necrozma\n|-resisted|p2b: Necrozma\n|-damage|p2b: Necrozma|58/100\n|move|p2b: Necrozma|Sunsteel Strike|p1a: Whimsicott\n|-supereffective|p1a: Whimsicott\n|-damage|p1a: Whimsicott|0 fnt\n|faint|p1a: Whimsicott\n|move|p2a: Raging Bolt|Thunderbolt|p1b: Araquanid\n|-supereffective|p1b: Araquanid\n|-damage|p1b: Araquanid|0 fnt\n|faint|p1b: Araquanid\n|\n|-weather|RainDance|[upkeep]\n|upkeep\n|\n|t:|1774625226\n|switch|p1b: Calyrex|Calyrex-Shadow, L50|100/100\n|switch|p1a: Miraidon|Miraidon, L50|100/100\n|-ability|p1b: Calyrex|As One\n|-ability|p1b: Calyrex|Unnerve\n|-activate|p1a: Miraidon|ability: Hadron Engine\n|turn|5\n|inactive|bro is not washed has 30 seconds left.\n|\n|t:|1774625252\n|move|p1b: Calyrex|Protect|p1b: Calyrex\n|-singleturn|p1b: Calyrex|Protect\n|move|p2b: Necrozma|Sunsteel Strike|p1b: Calyrex\n|-activate|p1b: Calyrex|move: Protect\n|move|p2a: Raging Bolt|Draco Meteor|p1a: Miraidon\n|-supereffective|p1a: Miraidon\n|-damage|p1a: Miraidon|0 fnt\n|-unboost|p2a: Raging Bolt|spa|2\n|faint|p1a: Miraidon\n|\n|-weather|RainDance|[upkeep]\n|-fieldend|move: Trick Room\n|-fieldend|move: Electric Terrain\n|upkeep\n|turn|6\n|\n|t:|1774625261\n|move|p1b: Calyrex|Astral Barrage|p2a: Raging Bolt|[spread] p2a,p2b\n|-damage|p2a: Raging Bolt|35/100\n|-damage|p2b: Necrozma|16/100\n|move|p2a: Raging Bolt|Snarl|p1b: Calyrex\n|-supereffective|p1b: Calyrex\n|-damage|p1b: Calyrex|57/100\n|-unboost|p1b: Calyrex|spa|1\n|move|p2b: Necrozma|Trick Room|p2b: Necrozma\n|-fieldstart|move: Trick Room|[of] p2b: Necrozma\n|\n|-weather|none\n|upkeep\n|turn|7\n|\n|t:|1774625270\n|-end|p2a: Raging Bolt|Protosynthesis|[silent]\n|switch|p2a: Kyogre|Kyogre, L50|45/100\n|-weather|RainDance|[from] ability: Drizzle|[of] p2a: Kyogre\n|move|p2b: Necrozma|Sunsteel Strike|p1b: Calyrex\n|-damage|p1b: Calyrex|0 fnt\n|faint|p1b: Calyrex\n|\n|win|Binky11\n|raw|bro is not washed's rating: 1509 &rarr; <strong>1493</strong><br />(-16 for losing)\n|raw|Binky11's rating: 1579 &rarr; <strong>1595</strong><br />(+16 for winning)\n|l|\u2606bro is not washed\n|player|p1|\n|l|\u2606Binky11\n|player|p2|\n","uploadtime":1774625420,"views":35,"formatid":"gen9vgc2026regi","rating":1493,"private":0,"password":null}