{"id":"gen9vgc2026regi-2561763223","format":"[Gen 9] VGC 2026 Reg I","players":["Gomzalo","SnorlaxPikachu1"],"log":"|j|\u2606Gomzalo\n|j|\u2606SnorlaxPikachu1\n|t:|1773841345\n|gametype|doubles\n|player|p1|Gomzalo|supernerd|1374\n|player|p2|SnorlaxPikachu1|palmer|1593\n|gen|9\n|tier|[Gen 9] VGC 2026 Reg I\n|rated|\n|rule|Species Clause: Limit one of each Pok\u00e9mon\n|rule|Item Clause: Limit 1 of each item\n|clearpoke\n|poke|p1|Incineroar, L50, M|\n|poke|p1|Lunala, L50|\n|poke|p1|Amoonguss, L50, F|\n|poke|p1|Ursaluna, L50, M|\n|poke|p1|Koraidon, L50|\n|poke|p1|Flutter Mane, L50|\n|poke|p2|Koraidon, L50|\n|poke|p2|Calyrex-Shadow, L50|\n|poke|p2|Roaring Moon, L50|\n|poke|p2|Ogerpon-Hearthflame, L50, F|\n|poke|p2|Incineroar, L50, M|\n|poke|p2|Flutter Mane, L50|\n|teampreview|4\n|\n|t:|1773841357\n|teamsize|p1|4\n|teamsize|p2|4\n|start\n|switch|p1a: ET|Lunala, L50, shiny|100/100\n|switch|p1b: Agatha|Flutter Mane, L50|100/100\n|switch|p2a: Roaring Moon|Roaring Moon, L50|100/100\n|switch|p2b: Koraidon|Koraidon, L50|100/100\n|-weather|SunnyDay|[from] ability: Orichalcum Pulse|[of] p2b: Koraidon\n|-activate|p1b: Agatha|ability: Protosynthesis\n|-start|p1b: Agatha|protosynthesisspe\n|-activate|p2a: Roaring Moon|ability: Protosynthesis\n|-start|p2a: Roaring Moon|protosynthesisspe\n|-activate|p2b: Koraidon|Orichalcum Pulse|[source]\n|turn|1\n|\n|t:|1773841383\n|switch|p2b: Incineroar|Incineroar, L50, M|100/100\n|-ability|p2b: Incineroar|Intimidate|boost\n|-unboost|p1a: ET|atk|1\n|-unboost|p1b: Agatha|atk|1\n|-terastallize|p2a: Roaring Moon|Water\n|-terastallize|p1a: ET|Fairy\n|move|p1b: Agatha|Moonblast|p2a: Roaring Moon\n|-damage|p2a: Roaring Moon|58/100\n|move|p2a: Roaring Moon|Taunt|p1a: ET\n|-start|p1a: ET|move: Taunt\n|move|p1a: ET|Moonblast|p2b: Incineroar\n|-damage|p2b: Incineroar|53/100\n|\n|-weather|SunnyDay|[upkeep]\n|upkeep\n|turn|2\n|\n|t:|1773841424\n|switch|p1a: Incierto|Incineroar, L50, M, shiny|100/100\n|-ability|p1a: Incierto|Intimidate|boost\n|-unboost|p2a: Roaring Moon|atk|1\n|-unboost|p2b: Incineroar|atk|1\n|move|p1b: Agatha|Moonblast|p2a: Roaring Moon\n|-crit|p2a: Roaring Moon\n|-damage|p2a: Roaring Moon|0 fnt\n|faint|p2a: Roaring Moon\n|-end|p2a: Roaring Moon|Protosynthesis|[silent]\n|move|p2b: Incineroar|Flare Blitz|p1b: Agatha\n|-enditem|p1b: Agatha|Focus Sash\n|-damage|p1b: Agatha|1/100\n|-damage|p2b: Incineroar|31/100|[from] Recoil\n|\n|-weather|SunnyDay|[upkeep]\n|upkeep\n|\n|t:|1773841435\n|switch|p2a: Calyrex|Calyrex-Shadow, L50|100/100\n|-ability|p2a: Calyrex|As One\n|-ability|p2a: Calyrex|Unnerve\n|turn|3\n|\n|t:|1773841440\n|move|p2a: Calyrex|Protect|p2a: Calyrex\n|-singleturn|p2a: Calyrex|Protect\n|move|p1a: Incierto|Fake Out|p2b: Incineroar\n|-damage|p2b: Incineroar|22/100\n|-damage|p1a: Incierto|84/100|[from] item: Rocky Helmet|[of] p2b: Incineroar\n|move|p1b: Agatha|Shadow Ball|p2a: Calyrex\n|-activate|p2a: Calyrex|move: Protect\n|cant|p2b: Incineroar|flinch\n|\n|-weather|SunnyDay|[upkeep]\n|upkeep\n|turn|4\n|\n|t:|1773841449\n|move|p1b: Agatha|Moonblast|p2b: Incineroar\n|-damage|p2b: Incineroar|0 fnt\n|faint|p2b: Incineroar\n|move|p2a: Calyrex|Encore|p1a: Incierto\n|-start|p1a: Incierto|Encore\n|move|p1a: Incierto|Fake Out||[still]\n|-hint|Fake Out only works on your first turn out.\n|-fail|p1a: Incierto\n|\n|-weather|SunnyDay|[upkeep]\n|upkeep\n|\n|t:|1773841451\n|switch|p2b: Koraidon|Koraidon, L50|100/100\n|-activate|p2b: Koraidon|ability: Orichalcum Pulse\n|turn|5\n|\n|t:|1773841479\n|switch|p1a: R\u00e1pido|Koraidon, L50|100/100\n|-activate|p1a: R\u00e1pido|ability: Orichalcum Pulse\n|move|p1b: Agatha|Icy Wind|p2b: Koraidon|[spread] p2a\n|-miss|p1b: Agatha|p2b: Koraidon\n|-damage|p2a: Calyrex|86/100\n|-unboost|p2a: Calyrex|spe|1\n|move|p2b: Koraidon|Flame Charge|p1a: R\u00e1pido\n|-resisted|p1a: R\u00e1pido\n|-damage|p1a: R\u00e1pido|79/100\n|-boost|p2b: Koraidon|spe|1\n|-damage|p2b: Koraidon|91/100|[from] item: Life Orb\n|move|p2a: Calyrex|Astral Barrage|p1b: Agatha|[spread] p1a,p1b\n|-supereffective|p1b: Agatha\n|-damage|p1a: R\u00e1pido|20/100\n|-damage|p1b: Agatha|0 fnt\n|faint|p1b: Agatha\n|-end|p1b: Agatha|Protosynthesis|[silent]\n|-ability|p2a: Calyrex|Grim Neigh|boost\n|-boost|p2a: Calyrex|spa|1\n|\n|-weather|none\n|upkeep\n|\n|t:|1773841489\n|switch|p1b: Incierto|Incineroar, L50, M, shiny|84/100\n|-ability|p1b: Incierto|Intimidate|boost\n|-unboost|p2a: Calyrex|atk|1\n|-unboost|p2b: Koraidon|atk|1\n|turn|6\n|\n|t:|1773841502\n|switch|p1a: ET|Lunala, L50, shiny, tera:Fairy|100/100\n|move|p1b: Incierto|Fake Out|p2b: Koraidon\n|-damage|p2b: Koraidon|82/100\n|cant|p2b: Koraidon|flinch\n|move|p2a: Calyrex|Astral Barrage|p1a: ET|[spread] p1a,p1b\n|-resisted|p1b: Incierto\n|-damage|p1a: ET|74/100\n|-damage|p1b: Incierto|48/100\n|\n|-heal|p1a: ET|80/100|[from] item: Leftovers\n|upkeep\n|turn|7\n|\n|t:|1773841517\n|move|p2b: Koraidon|Flare Blitz|p1a: ET\n|-damage|p1a: ET|45/100\n|-damage|p2b: Koraidon|68/100|[from] Recoil\n|-damage|p2b: Koraidon|58/100|[from] item: Life Orb\n|move|p2a: Calyrex|Psychic|p1a: ET\n|-damage|p1a: ET|0 fnt\n|faint|p1a: ET\n|-ability|p2a: Calyrex|Grim Neigh|boost\n|-boost|p2a: Calyrex|spa|1\n|move|p1b: Incierto|Knock Off|p2a: Calyrex\n|-supereffective|p2a: Calyrex\n|-damage|p2a: Calyrex|0 fnt\n|-enditem|p2a: Calyrex|Focus Sash|[from] move: Knock Off|[of] p1b: Incierto\n|faint|p2a: Calyrex\n|\n|upkeep\n|\n|t:|1773841524\n|switch|p1a: R\u00e1pido|Koraidon, L50|20/100\n|-weather|SunnyDay|[from] ability: Orichalcum Pulse|[of] p1a: R\u00e1pido\n|-activate|p1a: R\u00e1pido|Orichalcum Pulse|[source]\n|turn|8\n|\n|t:|1773841533\n|move|p1b: Incierto|Fake Out||[still]\n|-hint|Fake Out only works on your first turn out.\n|-fail|p1b: Incierto\n|move|p2b: Koraidon|Close Combat|p1a: R\u00e1pido\n|-damage|p1a: R\u00e1pido|0 fnt\n|-unboost|p2b: Koraidon|def|1\n|-unboost|p2b: Koraidon|spd|1\n|faint|p1a: R\u00e1pido\n|-damage|p2b: Koraidon|49/100|[from] item: Life Orb\n|\n|-weather|SunnyDay|[upkeep]\n|upkeep\n|turn|9\n|\n|t:|1773841539\n|move|p2b: Koraidon|Close Combat|p1b: Incierto\n|-supereffective|p1b: Incierto\n|-damage|p1b: Incierto|0 fnt\n|-unboost|p2b: Koraidon|def|1\n|-unboost|p2b: Koraidon|spd|1\n|faint|p1b: Incierto\n|-damage|p2b: Koraidon|39/100|[from] item: Life Orb\n|\n|win|SnorlaxPikachu1\n|raw|Gomzalo's rating: 1374 &rarr; <strong>1365</strong><br />(-9 for losing)\n|raw|SnorlaxPikachu1's rating: 1593 &rarr; <strong>1602</strong><br />(+9 for winning)\n|l|\u2606Gomzalo\n|player|p1|\n|l|\u2606SnorlaxPikachu1\n|player|p2|\n","uploadtime":1773841723,"views":12,"formatid":"gen9vgc2026regi","rating":1365,"private":0,"password":null}