{"id":"gen9vgc2026regi-2537787579","format":"[Gen 9] VGC 2026 Reg I","players":["NervousSundew16","Luca8"],"log":"|j|\u2606NervousSundew16\n|j|\u2606Luca8\n|t:|1770848085\n|gametype|doubles\n|player|p1|NervousSundew16|nate|1147\n|player|p2|Luca8|flint|1248\n|gen|9\n|tier|[Gen 9] VGC 2026 Reg I\n|rated|\n|rule|Species Clause: Limit one of each Pok\u00e9mon\n|rule|Item Clause: Limit 1 of each item\n|clearpoke\n|poke|p1|Archaludon, L50, M|\n|poke|p1|Kyogre, L50|\n|poke|p1|Iron Valiant, L50|\n|poke|p1|Landorus-Therian, L50, M|\n|poke|p1|Incineroar, L50, F|\n|poke|p1|Miraidon, L50|\n|poke|p2|Miraidon, L50|\n|poke|p2|Calyrex-Shadow, L50|\n|poke|p2|Whimsicott, L50, F|\n|poke|p2|Farigiraf, L50, F|\n|poke|p2|Incineroar, L50, F|\n|poke|p2|Urshifu-*, L50, F|\n|teampreview|4\n|inactive|Battle timer is ON: inactive players will automatically lose when time's up. (requested by NervousSundew16)\n|inactive|Luca8 has 60 seconds left.\n|\n|t:|1770848139\n|teamsize|p1|4\n|teamsize|p2|4\n|start\n|switch|p1a: Iron Valiant|Iron Valiant, L50, shiny|100/100\n|switch|p1b: Miraidon|Miraidon, L50|100/100\n|switch|p2a: Calyrex|Calyrex-Shadow, L50|100/100\n|switch|p2b: Urshifu|Urshifu-Rapid-Strike, L50, F|100/100\n|-ability|p2a: Calyrex|As One\n|-ability|p2a: Calyrex|Unnerve\n|-fieldstart|move: Electric Terrain|[from] ability: Hadron Engine|[of] p1b: Miraidon\n|-activate|p1a: Iron Valiant|ability: Quark Drive\n|-start|p1a: Iron Valiant|quarkdrivespe\n|turn|1\n|\n|t:|1770848159\n|-terastallize|p2a: Calyrex|Ground\n|move|p1b: Miraidon|Volt Switch|p2b: Urshifu\n|-supereffective|p2b: Urshifu\n|-enditem|p2b: Urshifu|Focus Sash\n|-damage|p2b: Urshifu|1/100\n|\n|t:|1770848167\n|switch|p1b: Incineroar|Incineroar, L50, F|100/100|[from] Volt Switch\n|-ability|p1b: Incineroar|Intimidate|boost\n|-unboost|p2a: Calyrex|atk|1\n|-unboost|p2b: Urshifu|atk|1\n|move|p1a: Iron Valiant|Knock Off|p2a: Calyrex\n|-crit|p2a: Calyrex\n|-damage|p2a: Calyrex|34/100\n|-enditem|p2a: Calyrex|Choice Specs|[from] move: Knock Off|[of] p1a: Iron Valiant\n|move|p2a: Calyrex|Tera Blast|p1b: Incineroar|[anim] Tera Blast Ground\n|-supereffective|p1b: Incineroar\n|-damage|p1b: Incineroar|18/100\n|-enditem|p1b: Incineroar|Red Card|[of] p2a: Calyrex\n|drag|p2a: Incineroar|Incineroar, L50, F|100/100\n|-ability|p2a: Incineroar|Intimidate|boost\n|-unboost|p1a: Iron Valiant|atk|1\n|-unboost|p1b: Incineroar|atk|1\n|move|p2b: Urshifu|Surging Strikes|p1a: Iron Valiant\n|-crit|p1a: Iron Valiant\n|-damage|p1a: Iron Valiant|74/100\n|-crit|p1a: Iron Valiant\n|-damage|p1a: Iron Valiant|47/100\n|-crit|p1a: Iron Valiant\n|-damage|p1a: Iron Valiant|21/100\n|-hitcount|p1a: Iron Valiant|3\n|\n|upkeep\n|turn|2\n|inactive|NervousSundew16 has 30 seconds left.\n|inactive|Luca8 has 30 seconds left.\n|\n|t:|1770848200\n|-end|p1a: Iron Valiant|Quark Drive|[silent]\n|switch|p1a: Kyogre|Kyogre, L50|100/100\n|-weather|RainDance|[from] ability: Drizzle|[of] p1a: Kyogre\n|move|p1b: Incineroar|Fake Out|p2b: Urshifu\n|-damage|p2b: Urshifu|0 fnt\n|faint|p2b: Urshifu\n|move|p2a: Incineroar|Fake Out|p1b: Incineroar\n|-damage|p1b: Incineroar|6/100\n|\n|-weather|RainDance|[upkeep]\n|upkeep\n|\n|t:|1770848211\n|switch|p2b: Miraidon|Miraidon, L50|100/100\n|-activate|p2b: Miraidon|ability: Hadron Engine\n|turn|3\n|\n|t:|1770848236\n|-terastallize|p1a: Kyogre|Grass\n|move|p2b: Miraidon|Electro Drift|p1a: Kyogre\n|-resisted|p1a: Kyogre\n|-damage|p1a: Kyogre|80/100\n|move|p1a: Kyogre|Ice Beam|p2b: Miraidon\n|-supereffective|p2b: Miraidon\n|-damage|p2b: Miraidon|46/100\n|move|p1b: Incineroar|Parting Shot|p2a: Incineroar\n|-unboost|p2a: Incineroar|atk|1\n|-unboost|p2a: Incineroar|spa|1\n|\n|t:|1770848247\n|switch|p1b: Iron Valiant|Iron Valiant, L50, shiny|21/100|[from] Parting Shot\n|-activate|p1b: Iron Valiant|ability: Quark Drive\n|-start|p1b: Iron Valiant|quarkdrivespe\n|move|p2a: Incineroar|U-turn|p1b: Iron Valiant\n|-resisted|p1b: Iron Valiant\n|-damage|p1b: Iron Valiant|17/100\n|\n|t:|1770848257\n|switch|p2a: Calyrex|Calyrex-Shadow, L50, tera:Ground|34/100|[from] U-turn\n|-ability|p2a: Calyrex|As One\n|-ability|p2a: Calyrex|Unnerve\n|\n|-weather|RainDance|[upkeep]\n|upkeep\n|turn|4\n|\n|t:|1770848270\n|move|p1b: Iron Valiant|Spirit Break|p2a: Calyrex\n|-damage|p2a: Calyrex|0 fnt\n|faint|p2a: Calyrex\n|move|p2b: Miraidon|Electro Drift|p1b: Iron Valiant\n|-damage|p1b: Iron Valiant|0 fnt\n|faint|p1b: Iron Valiant\n|-end|p1b: Iron Valiant|Quark Drive|[silent]\n|move|p1a: Kyogre|Ice Beam|p2b: Miraidon\n|-supereffective|p2b: Miraidon\n|-damage|p2b: Miraidon|0 fnt\n|faint|p2b: Miraidon\n|\n|-weather|RainDance|[upkeep]\n|upkeep\n|c|\u2606NervousSundew16|gg\n|\n|t:|1770848288\n|switch|p1b: Incineroar|Incineroar, L50, F|6/100\n|switch|p2b: Incineroar|Incineroar, L50, F|100/100\n|-ability|p1b: Incineroar|Intimidate|boost\n|-unboost|p2b: Incineroar|atk|1\n|-ability|p2b: Incineroar|Intimidate|boost\n|-unboost|p1a: Kyogre|atk|1\n|-unboost|p1b: Incineroar|atk|1\n|turn|5\n|-message|Luca8 forfeited.\n|\n|win|NervousSundew16\n|raw|NervousSundew16's rating: 1147 &rarr; <strong>1179</strong><br />(+32 for winning)\n|raw|Luca8's rating: 1248 &rarr; <strong>1216</strong><br />(-32 for losing)\n|l|\u2606Luca8\n|player|p2|\n","uploadtime":1770848515,"views":10,"formatid":"gen9vgc2026regi","rating":1179,"private":0,"password":null}