{"id":"gen9vgc2026regi-2515517526","format":"[Gen 9] VGC 2026 Reg I","players":["Cello L.","mikesc"],"log":"|j|\u2606Cello L.\n|j|\u2606mikesc\n|t:|1767999249\n|gametype|doubles\n|player|p1|Cello L.|cynthia-gen4|1332\n|player|p2|mikesc|preschooler|1326\n|gen|9\n|tier|[Gen 9] VGC 2026 Reg I\n|rated|\n|rule|Species Clause: Limit one of each Pok\u00e9mon\n|rule|Item Clause: Limit 1 of each item\n|clearpoke\n|poke|p1|Calyrex-Shadow, L50|\n|poke|p1|Zamazenta-*, L50|\n|poke|p1|Raging Bolt, L50|\n|poke|p1|Furret, L50, F|\n|poke|p1|Rillaboom, L50, M|\n|poke|p1|Incineroar, L50, M|\n|poke|p2|Rhydon, L50, M|\n|poke|p2|Indeedee-F, L50, F|\n|poke|p2|Flutter Mane, L50|\n|poke|p2|Lunala, L50|\n|poke|p2|Chi-Yu, L50|\n|poke|p2|Koraidon, L50|\n|teampreview|4\n|inactive|Battle timer is ON: inactive players will automatically lose when time's up. (requested by mikesc)\n|\n|t:|1767999272\n|teamsize|p1|4\n|teamsize|p2|4\n|start\n|switch|p1a: Calyrex|Calyrex-Shadow, L50|100/100\n|switch|p1b: Furret|Furret, L50, F|100/100\n|switch|p2a: Indeedee|Indeedee-F, L50, F|100/100\n|switch|p2b: Lunala|Lunala, L50|100/100\n|-ability|p1a: Calyrex|As One\n|-ability|p1a: Calyrex|Unnerve\n|-item|p2a: Indeedee|Safety Goggles|[from] ability: Frisk|[of] p1b: Furret\n|-item|p2b: Lunala|Power Herb|[from] ability: Frisk|[of] p1b: Furret\n|-fieldstart|move: Psychic Terrain|[from] ability: Psychic Surge|[of] p2a: Indeedee\n|turn|1\n|\n|t:|1767999293\n|move|p2b: Lunala|Wide Guard|p2b: Lunala\n|-singleturn|p2b: Lunala|Wide Guard\n|move|p1b: Furret|Follow Me|p1b: Furret\n|-singleturn|p1b: Furret|move: Follow Me\n|move|p1a: Calyrex|Astral Barrage|p2a: Indeedee|[spread] \n|-activate|p2a: Indeedee|move: Wide Guard\n|-activate|p2b: Lunala|move: Wide Guard\n|move|p2a: Indeedee|Dazzling Gleam|p1a: Calyrex|[spread] p1a,p1b\n|-damage|p1a: Calyrex|88/100\n|-damage|p1b: Furret|75/100\n|\n|upkeep\n|turn|2\n|\n|t:|1767999309\n|-terastallize|p2b: Lunala|Normal\n|move|p2a: Indeedee|Helping Hand|p2b: Lunala\n|-singleturn|p2b: Lunala|Helping Hand|[of] p2a: Indeedee\n|move|p1b: Furret|Follow Me|p1b: Furret\n|-singleturn|p1b: Furret|move: Follow Me\n|move|p1a: Calyrex|Astral Barrage|p2a: Indeedee|[spread] \n|-immune|p2a: Indeedee\n|-immune|p2b: Lunala\n|move|p2b: Lunala|Expanding Force|p1b: Furret|[spread] p1a,p1b\n|-resisted|p1a: Calyrex\n|-crit|p1b: Furret\n|-damage|p1a: Calyrex|41/100\n|-damage|p1b: Furret|0 fnt\n|faint|p1b: Furret\n|\n|upkeep\n|\n|t:|1767999326\n|switch|p1b: Zamazenta|Zamazenta-Crowned, L50|100/100\n|-ability|p1b: Zamazenta|Dauntless Shield|boost\n|-boost|p1b: Zamazenta|def|1\n|turn|3\n|inactive|Cello L. has 30 seconds left.\n|inactive|mikesc has 30 seconds left.\n|\n|t:|1767999358\n|move|p2a: Indeedee|Follow Me|p2a: Indeedee\n|-singleturn|p2a: Indeedee|move: Follow Me\n|move|p1a: Calyrex|Nasty Plot|p1a: Calyrex\n|-boost|p1a: Calyrex|spa|2\n|move|p1b: Zamazenta|Body Press|p2a: Indeedee\n|-damage|p2a: Indeedee|20/100\n|move|p2b: Lunala|Expanding Force|p1a: Calyrex|[spread] p1a,p1b\n|-resisted|p1a: Calyrex\n|-damage|p1a: Calyrex|11/100\n|-damage|p1b: Zamazenta|50/100\n|\n|upkeep\n|turn|4\n|inactive|Cello L. has 30 seconds left.\n|inactive|Cello L. has 20 seconds left.\n|\n|t:|1767999397\n|move|p1b: Zamazenta|Wide Guard|p1b: Zamazenta\n|-singleturn|p1b: Zamazenta|Wide Guard\n|move|p2a: Indeedee|Follow Me|p2a: Indeedee\n|-singleturn|p2a: Indeedee|move: Follow Me\n|move|p1a: Calyrex|Psychic|p2a: Indeedee\n|-resisted|p2a: Indeedee\n|-damage|p2a: Indeedee|0 fnt\n|faint|p2a: Indeedee\n|-ability|p1a: Calyrex|Grim Neigh|boost\n|-boost|p1a: Calyrex|spa|1\n|-damage|p1a: Calyrex|1/100|[from] item: Life Orb\n|move|p2b: Lunala|Expanding Force|p1b: Zamazenta|[spread] \n|-activate|p1a: Calyrex|move: Wide Guard\n|-activate|p1b: Zamazenta|move: Wide Guard\n|\n|upkeep\n|\n|t:|1767999405\n|switch|p2a: Chi-Yu|Chi-Yu, L50, shiny|100/100\n|-ability|p2a: Chi-Yu|Beads of Ruin\n|turn|5\n|inactive|Cello L. has 30 seconds left.\n|\n|t:|1767999439\n|-terastallize|p1b: Zamazenta|Water\n|move|p2a: Chi-Yu|Flamethrower|p1a: Calyrex\n|-crit|p1a: Calyrex\n|-damage|p1a: Calyrex|0 fnt\n|faint|p1a: Calyrex\n|move|p1b: Zamazenta|Body Press|p2b: Lunala\n|-supereffective|p2b: Lunala\n|-damage|p2b: Lunala|37/100\n|move|p2b: Lunala|Expanding Force|p1b: Zamazenta\n|-damage|p1b: Zamazenta|0 fnt\n|faint|p1b: Zamazenta\n|\n|-fieldend|move: Psychic Terrain\n|upkeep\n|\n|t:|1767999451\n|switch|p1a: Raging Bolt|Raging Bolt, L50|100/100\n|-enditem|p1a: Raging Bolt|Booster Energy\n|-activate|p1a: Raging Bolt|ability: Protosynthesis|[fromitem]\n|-start|p1a: Raging Bolt|protosynthesisspa\n|turn|6\n|\n|t:|1767999468\n|move|p1a: Raging Bolt|Thunderclap|p2b: Lunala\n|-crit|p2b: Lunala\n|-damage|p2b: Lunala|0 fnt\n|faint|p2b: Lunala\n|move|p2a: Chi-Yu|Flamethrower|p1a: Raging Bolt\n|-resisted|p1a: Raging Bolt\n|-damage|p1a: Raging Bolt|68/100\n|\n|upkeep\n|\n|t:|1767999474\n|switch|p2b: Koraidon|Koraidon, L50, shiny|100/100\n|-weather|SunnyDay|[from] ability: Orichalcum Pulse|[of] p2b: Koraidon\n|-activate|p2b: Koraidon|Orichalcum Pulse|[source]\n|turn|7\n|\n|t:|1767999479\n|move|p2a: Chi-Yu|Flamethrower|p1a: Raging Bolt\n|-resisted|p1a: Raging Bolt\n|-damage|p1a: Raging Bolt|25/100\n|move|p2b: Koraidon|Close Combat|p1a: Raging Bolt\n|-damage|p1a: Raging Bolt|0 fnt\n|-unboost|p2b: Koraidon|def|1\n|-unboost|p2b: Koraidon|spd|1\n|faint|p1a: Raging Bolt\n|-end|p1a: Raging Bolt|Protosynthesis|[silent]\n|-damage|p2b: Koraidon|91/100|[from] item: Life Orb\n|\n|win|mikesc\n|raw|Cello L.'s rating: 1332 &rarr; <strong>1312</strong><br />(-20 for losing)\n|raw|mikesc's rating: 1326 &rarr; <strong>1346</strong><br />(+20 for winning)\n|l|\u2606Cello L.\n|player|p1|\n|l|\u2606mikesc\n|player|p2|\n","uploadtime":1767999639,"views":14,"formatid":"gen9vgc2026regi","rating":1312,"private":0,"password":null}