{"id":"gen9vgc2026regi-2573684612","format":"[Gen 9] VGC 2026 Reg I","players":["KantineVGC","EllenJoe2026"],"log":"|j|\u2606KantineVGC\n|j|\u2606EllenJoe2026\n|t:|1775156407\n|gametype|doubles\n|player|p1|KantineVGC|roughneck-gen4|1407\n|player|p2|EllenJoe2026|elesa|1516\n|gen|9\n|tier|[Gen 9] VGC 2026 Reg I\n|rated|\n|rule|Species Clause: Limit one of each Pok\u00e9mon\n|rule|Item Clause: Limit 1 of each item\n|clearpoke\n|poke|p1|Dialga-Origin, L50|\n|poke|p1|Calyrex-Shadow, L50|\n|poke|p1|Urshifu-*, L50, F|\n|poke|p1|Ursaluna, L50, M|\n|poke|p1|Whimsicott, L50, F|\n|poke|p1|Volcarona, L50, M|\n|poke|p2|Calyrex-Ice, L50|\n|poke|p2|Miraidon, L50|\n|poke|p2|Tornadus, L50, M|\n|poke|p2|Urshifu-*, L50, F|\n|poke|p2|Volcarona, L50, F|\n|poke|p2|Indeedee-F, L50, F|\n|teampreview|4\n|inactive|Battle timer is ON: inactive players will automatically lose when time's up. (requested by EllenJoe2026)\n|l|\u2606KantineVGC\n|inactive|KantineVGC disconnected and has a minute to reconnect!\n|player|p1|\n|j|\u2606KantineVGC\n|inactive|KantineVGC reconnected and has 60 seconds left.\n|player|p1|KantineVGC|roughneck-gen4|\n|\n|t:|1775156455\n|teamsize|p1|4\n|teamsize|p2|4\n|start\n|switch|p1a: Dialga|Dialga-Origin, L50|100/100\n|switch|p1b: Calyrex|Calyrex-Shadow, L50|100/100\n|switch|p2a: Tornadus|Tornadus, L50, M, shiny|100/100\n|switch|p2b: Urshifu|Urshifu-Rapid-Strike, L50, F|100/100\n|-ability|p1b: Calyrex|As One\n|-ability|p1b: Calyrex|Unnerve\n|turn|1\n|\n|t:|1775156466\n|move|p2a: Tornadus|Rain Dance|p2a: Tornadus\n|-weather|RainDance\n|move|p2b: Urshifu|Surging Strikes|p1b: Calyrex\n|-crit|p1b: Calyrex\n|-damage|p1b: Calyrex|59/100\n|-crit|p1b: Calyrex\n|-damage|p1b: Calyrex|20/100\n|-crit|p1b: Calyrex\n|-damage|p1b: Calyrex|0 fnt\n|faint|p1b: Calyrex\n|-hitcount|p1: Calyrex|3\n|move|p1a: Dialga|Trick Room|p1a: Dialga\n|-fieldstart|move: Trick Room|[of] p1a: Dialga\n|\n|-weather|RainDance|[upkeep]\n|upkeep\n|\n|t:|1775156479\n|switch|p1b: Ursaluna|Ursaluna, L50, M|100/100\n|turn|2\n|\n|t:|1775156492\n|move|p2a: Tornadus|Taunt|p1a: Dialga\n|-start|p1a: Dialga|move: Taunt\n|move|p1b: Ursaluna|Facade|p2b: Urshifu\n|-damage|p2b: Urshifu|54/100\n|move|p1a: Dialga|Draco Meteor|p2b: Urshifu\n|-damage|p2b: Urshifu|0 fnt\n|-unboost|p1a: Dialga|spa|2\n|faint|p2b: Urshifu\n|\n|-weather|RainDance|[upkeep]\n|-status|p1b: Ursaluna|brn|[from] item: Flame Orb\n|upkeep\n|\n|t:|1775156506\n|switch|p2b: Calyrex|Calyrex-Ice, L50|100/100\n|-ability|p2b: Calyrex|As One\n|-ability|p2b: Calyrex|Unnerve\n|turn|3\n|\n|t:|1775156521\n|-terastallize|p1b: Ursaluna|Ghost\n|move|p1b: Ursaluna|Facade|p2a: Tornadus\n|-damage|p2a: Tornadus|0 fnt\n|faint|p2a: Tornadus\n|move|p1a: Dialga|Flash Cannon|p2b: Calyrex\n|-supereffective|p2b: Calyrex\n|-damage|p2b: Calyrex|57/100\n|move|p2b: Calyrex|Trick Room|p2b: Calyrex\n|-fieldend|move: Trick Room\n|\n|-weather|RainDance|[upkeep]\n|-damage|p1b: Ursaluna|95/100 brn|[from] brn\n|upkeep\n|\n|t:|1775156528\n|switch|p2a: Miraidon|Miraidon, L50, shiny|100/100\n|-fieldstart|move: Electric Terrain|[from] ability: Hadron Engine|[of] p2a: Miraidon\n|turn|4\n|\n|t:|1775156547\n|-terastallize|p2b: Calyrex|Grass\n|move|p1b: Ursaluna|Protect|p1b: Ursaluna\n|-singleturn|p1b: Ursaluna|Protect\n|move|p2a: Miraidon|Electro Drift|p1b: Ursaluna\n|-activate|p1b: Ursaluna|move: Protect\n|move|p1a: Dialga|Draco Meteor|p2a: Miraidon\n|-supereffective|p2a: Miraidon\n|-damage|p2a: Miraidon|22/100\n|-unboost|p1a: Dialga|spa|2\n|move|p2b: Calyrex|Glacial Lance|p1a: Dialga|[spread] p1a\n|-activate|p1b: Ursaluna|move: Protect\n|-damage|p1a: Dialga|59/100\n|\n|-weather|RainDance|[upkeep]\n|-damage|p1b: Ursaluna|89/100 brn|[from] brn\n|-end|p1a: Dialga|move: Taunt\n|upkeep\n|turn|5\n|\n|t:|1775156572\n|move|p2a: Miraidon|Electro Drift|p1b: Ursaluna\n|-damage|p1b: Ursaluna|0 fnt\n|faint|p1b: Ursaluna\n|move|p1a: Dialga|Draco Meteor|p2a: Miraidon\n|-supereffective|p2a: Miraidon\n|-damage|p2a: Miraidon|0 fnt\n|-unboost|p1a: Dialga|spa|2\n|faint|p2a: Miraidon\n|move|p2b: Calyrex|Glacial Lance|p1a: Dialga\n|-damage|p1a: Dialga|13/100\n|\n|-weather|none\n|upkeep\n|\n|t:|1775156577\n|switch|p1b: Urshifu|Urshifu-Rapid-Strike, L50, F|100/100\n|turn|6\n|\n|t:|1775156587\n|move|p1b: Urshifu|Close Combat|p2b: Calyrex\n|-damage|p2b: Calyrex|0 fnt\n|-unboost|p1b: Urshifu|def|1\n|-unboost|p1b: Urshifu|spd|1\n|faint|p2b: Calyrex\n|\n|win|KantineVGC\n|raw|KantineVGC's rating: 1407 &rarr; <strong>1433</strong><br />(+26 for winning)\n|raw|EllenJoe2026's rating: 1516 &rarr; <strong>1490</strong><br />(-26 for losing)\n|l|\u2606EllenJoe2026\n|player|p2|\n","uploadtime":1775156597,"views":18,"formatid":"gen9vgc2026regi","rating":1433,"private":0,"password":null}