{"id":"gen9vgc2026regi-2578944776","format":"[Gen 9] VGC 2026 Reg I","players":["Slackermaru","pollen puff passer"],"log":"|j|\u2606Slackermaru\n|j|\u2606pollen puff passer\n|t:|1775739119\n|gametype|doubles\n|player|p1|Slackermaru|workerice|1551\n|player|p2|pollen puff passer|juan|1470\n|gen|9\n|tier|[Gen 9] VGC 2026 Reg I\n|rated|\n|rule|Species Clause: Limit one of each Pok\u00e9mon\n|rule|Item Clause: Limit 1 of each item\n|clearpoke\n|poke|p1|Calyrex-Ice, L50|\n|poke|p1|Koraidon, L50|\n|poke|p1|Landorus, L50, M|\n|poke|p1|Rillaboom, L50, M|\n|poke|p1|Incineroar, L50, M|\n|poke|p1|Smeargle, L50, F|\n|poke|p2|Lunala, L50|\n|poke|p2|Rillaboom, L50, M|\n|poke|p2|Zamazenta-*, L50|\n|poke|p2|Urshifu-*, L50, M|\n|poke|p2|Ogerpon-Cornerstone, L50, F|\n|poke|p2|Volcarona, L50, F|\n|teampreview|4\n|inactive|Battle timer is ON: inactive players will automatically lose when time's up. (requested by pollen puff passer)\n|inactive|Slackermaru has 60 seconds left.\n|inactive|pollen puff passer has 60 seconds left.\n|\n|t:|1775739152\n|teamsize|p1|4\n|teamsize|p2|4\n|start\n|switch|p1a: Calyrex|Calyrex-Ice, L50|100/100\n|switch|p1b: Incineroar|Incineroar, L50, M, shiny|100/100\n|switch|p2a: Zamazenta|Zamazenta-Crowned, L50|100/100\n|switch|p2b: Rillaboom|Rillaboom, L50, M|100/100\n|-ability|p1a: Calyrex|As One\n|-ability|p1a: Calyrex|Unnerve\n|-ability|p2a: Zamazenta|Dauntless Shield|boost\n|-boost|p2a: Zamazenta|def|1\n|-fieldstart|move: Grassy Terrain|[from] ability: Grassy Surge|[of] p2b: Rillaboom\n|-ability|p1b: Incineroar|Intimidate|boost\n|-unboost|p2a: Zamazenta|atk|1\n|-unboost|p2b: Rillaboom|atk|1\n|turn|1\n|\n|t:|1775739172\n|switch|p2b: Volcarona|Volcarona, L50, F|100/100\n|switch|p1b: Landorus|Landorus, L50, M|100/100\n|move|p2a: Zamazenta|Body Press|p1b: Landorus\n|-resisted|p1b: Landorus\n|-damage|p1b: Landorus|71/100\n|move|p1a: Calyrex|Leech Seed|p2a: Zamazenta|[miss]\n|-miss|p1a: Calyrex|p2a: Zamazenta\n|\n|upkeep\n|turn|2\n|inactive|pollen puff passer has 30 seconds left.\n|\n|t:|1775739200\n|-terastallize|p2a: Zamazenta|Grass\n|-terastallize|p1a: Calyrex|Fairy\n|move|p2a: Zamazenta|Body Press|p1a: Calyrex\n|-resisted|p1a: Calyrex\n|-damage|p1a: Calyrex|79/100\n|move|p1b: Landorus|Earth Power|p2a: Zamazenta\n|-resisted|p2a: Zamazenta\n|-damage|p2a: Zamazenta|78/100\n|move|p2b: Volcarona|Will-O-Wisp|p1a: Calyrex\n|-status|p1a: Calyrex|brn\n|move|p1a: Calyrex|Leech Seed|p2b: Volcarona\n|-start|p2b: Volcarona|move: Leech Seed\n|\n|-heal|p2a: Zamazenta|84/100|[from] Grassy Terrain\n|-heal|p1a: Calyrex|85/100 brn|[from] Grassy Terrain\n|-heal|p1a: Calyrex|90/100 brn|[from] item: Leftovers\n|-damage|p2b: Volcarona|88/100|[from] Leech Seed|[of] p1a: Calyrex\n|-heal|p1a: Calyrex|100/100 brn|[silent]\n|-damage|p1a: Calyrex|95/100 brn|[from] brn\n|upkeep\n|turn|3\n|inactive|pollen puff passer has 30 seconds left.\n|inactive|Slackermaru has 30 seconds left.\n|j| asroarri\n|inactive|pollen puff passer has 20 seconds left.\n|\n|t:|1775739241\n|move|p2a: Zamazenta|Behemoth Bash|p1a: Calyrex\n|-supereffective|p1a: Calyrex\n|-damage|p1a: Calyrex|62/100 brn\n|move|p1b: Landorus|Earth Power|p2b: Volcarona\n|-damage|p2b: Volcarona|25/100\n|move|p2b: Volcarona|Fiery Dance|p1a: Calyrex\n|-damage|p1a: Calyrex|39/100 brn\n|-boost|p2b: Volcarona|spa|1\n|move|p1a: Calyrex|Glacial Lance|p2b: Volcarona|[spread] p2a,p2b\n|-supereffective|p2a: Zamazenta\n|-resisted|p2b: Volcarona\n|-crit|p2b: Volcarona\n|-damage|p2a: Zamazenta|63/100\n|-damage|p2b: Volcarona|7/100\n|\n|-heal|p2a: Zamazenta|69/100|[from] Grassy Terrain\n|-heal|p2b: Volcarona|13/100|[from] Grassy Terrain\n|-heal|p1a: Calyrex|44/100 brn|[from] Grassy Terrain\n|-heal|p1a: Calyrex|50/100 brn|[from] item: Leftovers\n|-damage|p2b: Volcarona|1/100|[from] Leech Seed|[of] p1a: Calyrex\n|-heal|p1a: Calyrex|61/100 brn|[silent]\n|-damage|p1a: Calyrex|56/100 brn|[from] brn\n|upkeep\n|turn|4\n|l| asroarri\n|inactive|Slackermaru has 30 seconds left.\n|inactive|Slackermaru has 20 seconds left.\n|\n|t:|1775739278\n|move|p2b: Volcarona|Rage Powder|p2b: Volcarona\n|-singleturn|p2b: Volcarona|move: Rage Powder\n|move|p2a: Zamazenta|Behemoth Bash|p1b: Landorus\n|-damage|p1b: Landorus|48/100\n|move|p1b: Landorus|Sludge Bomb|p2b: Volcarona\n|-damage|p2b: Volcarona|0 fnt\n|faint|p2b: Volcarona\n|move|p1a: Calyrex|Glacial Lance|p2a: Zamazenta\n|-supereffective|p2a: Zamazenta\n|-damage|p2a: Zamazenta|43/100\n|\n|-heal|p2a: Zamazenta|49/100|[from] Grassy Terrain\n|-heal|p1a: Calyrex|61/100 brn|[from] Grassy Terrain\n|-heal|p1a: Calyrex|67/100 brn|[from] item: Leftovers\n|-damage|p1a: Calyrex|61/100 brn|[from] brn\n|upkeep\n|\n|t:|1775739287\n|switch|p2b: Lunala|Lunala, L50|100/100\n|turn|5\n|\n|t:|1775739298\n|switch|p1b: Incineroar|Incineroar, L50, M, shiny|100/100\n|-ability|p1b: Incineroar|Intimidate|boost\n|-unboost|p2a: Zamazenta|atk|1\n|-unboost|p2b: Lunala|atk|1\n|move|p2a: Zamazenta|Protect|p2a: Zamazenta\n|-singleturn|p2a: Zamazenta|Protect\n|move|p2b: Lunala|Calm Mind|p2b: Lunala\n|-boost|p2b: Lunala|spa|1\n|-boost|p2b: Lunala|spd|1\n|move|p1a: Calyrex|Leech Seed|p2b: Lunala\n|-start|p2b: Lunala|move: Leech Seed\n|\n|-heal|p2a: Zamazenta|55/100|[from] Grassy Terrain\n|-heal|p1a: Calyrex|67/100 brn|[from] Grassy Terrain\n|-heal|p1a: Calyrex|73/100 brn|[from] item: Leftovers\n|-damage|p2b: Lunala|88/100|[from] Leech Seed|[of] p1a: Calyrex\n|-heal|p1a: Calyrex|86/100 brn|[silent]\n|-damage|p1a: Calyrex|80/100 brn|[from] brn\n|-fieldend|move: Grassy Terrain\n|upkeep\n|turn|6\n|inactive|Slackermaru has 30 seconds left.\n|\n|t:|1775739327\n|move|p1b: Incineroar|Fake Out|p2a: Zamazenta\n|-damage|p2a: Zamazenta|51/100\n|cant|p2a: Zamazenta|flinch\n|move|p2b: Lunala|Moongeist Beam|p1a: Calyrex\n|-damage|p1a: Calyrex|36/100 brn\n|move|p1a: Calyrex|Trick Room|p1a: Calyrex\n|-fieldstart|move: Trick Room|[of] p1a: Calyrex\n|\n|-heal|p1a: Calyrex|42/100 brn|[from] item: Leftovers\n|-heal|p2b: Lunala|94/100|[from] item: Leftovers\n|-damage|p2b: Lunala|82/100|[from] Leech Seed|[of] p1a: Calyrex\n|-heal|p1a: Calyrex|55/100 brn|[silent]\n|-damage|p1a: Calyrex|49/100 brn|[from] brn\n|upkeep\n|turn|7\n|\n|t:|1775739346\n|move|p1a: Calyrex|Glacial Lance|p2a: Zamazenta|[spread] p2a,p2b\n|-supereffective|p2a: Zamazenta\n|-damage|p2a: Zamazenta|31/100\n|-damage|p2b: Lunala|62/100\n|move|p1b: Incineroar|Flare Blitz|p2a: Zamazenta\n|-supereffective|p2a: Zamazenta\n|-damage|p2a: Zamazenta|0 fnt\n|faint|p2a: Zamazenta\n|-damage|p1b: Incineroar|91/100|[from] Recoil\n|move|p2b: Lunala|Dazzling Gleam|p1b: Incineroar|[spread] p1a,p1b\n|-crit|p1a: Calyrex\n|-damage|p1a: Calyrex|22/100 brn\n|-damage|p1b: Incineroar|63/100\n|\n|-heal|p1a: Calyrex|28/100 brn|[from] item: Leftovers\n|-heal|p2b: Lunala|68/100|[from] item: Leftovers\n|-damage|p2b: Lunala|55/100|[from] Leech Seed|[of] p1a: Calyrex\n|-heal|p1a: Calyrex|41/100 brn|[silent]\n|-damage|p1a: Calyrex|35/100 brn|[from] brn\n|upkeep\n|\n|t:|1775739353\n|switch|p2a: Rillaboom|Rillaboom, L50, M|100/100\n|-fieldstart|move: Grassy Terrain|[from] ability: Grassy Surge|[of] p2a: Rillaboom\n|turn|8\n|\n|t:|1775739367\n|move|p2a: Rillaboom|Fake Out|p1b: Incineroar\n|-crit|p1b: Incineroar\n|-damage|p1b: Incineroar|50/100\n|move|p1a: Calyrex|Glacial Lance|p2a: Rillaboom|[spread] p2a,p2b\n|-supereffective|p2a: Rillaboom\n|-crit|p2b: Lunala\n|-damage|p2a: Rillaboom|47/100\n|-damage|p2b: Lunala|21/100\n|cant|p1b: Incineroar|flinch\n|move|p2b: Lunala|Moongeist Beam|p1a: Calyrex\n|-damage|p1a: Calyrex|0 fnt\n|faint|p1a: Calyrex\n|\n|-heal|p1b: Incineroar|55/100|[from] Grassy Terrain\n|-heal|p2a: Rillaboom|53/100|[from] Grassy Terrain\n|-heal|p2b: Lunala|27/100|[from] Grassy Terrain\n|-heal|p2b: Lunala|32/100|[from] item: Leftovers\n|upkeep\n|\n|t:|1775739383\n|switch|p1a: Koraidon|Koraidon, L50|100/100\n|-weather|SunnyDay|[from] ability: Orichalcum Pulse|[of] p1a: Koraidon\n|-activate|p1a: Koraidon|Orichalcum Pulse|[source]\n|turn|9\n|\n|t:|1775739392\n|move|p1b: Incineroar|Knock Off|p2b: Lunala\n|-supereffective|p2b: Lunala\n|-damage|p2b: Lunala|0 fnt\n|-enditem|p2b: Lunala|Leftovers|[from] move: Knock Off|[of] p1b: Incineroar\n|faint|p2b: Lunala\n|move|p2a: Rillaboom|U-turn|p1b: Incineroar\n|-damage|p1b: Incineroar|42/100\n|move|p1a: Koraidon|Flame Charge|p2a: Rillaboom\n|-supereffective|p2a: Rillaboom\n|-damage|p2a: Rillaboom|0 fnt\n|-boost|p1a: Koraidon|spe|1\n|faint|p2a: Rillaboom\n|\n|win|Slackermaru\n|raw|Slackermaru's rating: 1551 &rarr; <strong>1566</strong><br />(+15 for winning)\n|raw|pollen puff passer's rating: 1470 &rarr; <strong>1455</strong><br />(-15 for losing)\n|l|\u2606pollen puff passer\n|player|p2|\n|l|\u2606Slackermaru\n|player|p1|\n","uploadtime":1775739541,"views":16,"formatid":"gen9vgc2026regi","rating":1455,"private":0,"password":null}