{"id":"gen9vgc2026regi-2564878358","format":"[Gen 9] VGC 2026 Reg I","players":["23456ujhgrew","ppyyy"],"log":"|j|\u260623456ujhgrew\n|j|\u2606ppyyy\n|t:|1774206557\n|gametype|doubles\n|player|p1|23456ujhgrew|lucas|\n|player|p2|ppyyy|elesa-gen5bw2|\n|gen|9\n|tier|[Gen 9] VGC 2026 Reg I\n|rated|Tournament battle\n|rule|Species Clause: Limit one of each Pok\u00e9mon\n|rule|Item Clause: Limit 1 of each item\n|raw|<div class=\"infobox\"><details class=\"readmore\" open><summary><strong>3 custom rules:</strong></summary> Open Team Sheets, Force Open Team Sheets, !Open Team Sheets</details></div>\n|clearpoke\n|poke|p1|Miraidon, L50|\n|poke|p1|Calyrex-Ice, L50|\n|poke|p1|Iron Hands, L50|\n|poke|p1|Urshifu-*, L50, F|\n|poke|p1|Farigiraf, L50, M|\n|poke|p1|Amoonguss, L50, F|\n|poke|p2|Lunala, L50|\n|poke|p2|Ursaluna, L50, F|\n|poke|p2|Urshifu-*, L50, F|\n|poke|p2|Miraidon, L50|\n|poke|p2|Grimmsnarl, L50, M|\n|poke|p2|Incineroar, L50, M|\n|teampreview|4\n|showteam|p1|Miraidon||ChoiceSpecs|HadronEngine|ElectroDrift,VoltSwitch,DracoMeteor,DazzlingGleam||||||50|,,,,,Fairy]Calyrex-Ice||ClearAmulet|AsOneGlastrier|GlacialLance,HighHorsepower,TrickRoom,Protect||||||50|,,,,,Water]Iron Hands||AssaultVest|QuarkDrive|WildCharge,DrainPunch,LowKick,FakeOut||||||50|,,,,,Bug]Urshifu-Rapid-Strike||ChoiceScarf|UnseenFist|SurgingStrikes,CloseCombat,Uturn,Coaching|||F|||50|,,,,,Water]Farigiraf||ElectricSeed|ArmorTail|Psychic,FoulPlay,TrickRoom,HelpingHand|||M|||50|,,,,,Fire]Amoonguss||RockyHelmet|Regenerator|Spore,RagePowder,ClearSmog,Protect|||F|||50|,,,,,Fairy\n|showteam|p2|Lunala||ElectricSeed|ShadowShield|MoongeistBeam,Moonblast,TrickRoom,WideGuard||||||50|,,,,,Fairy]Ursaluna||FlameOrb|Guts|HeadlongRush,Facade,Earthquake,Protect|||F|||50|,,,,,Ghost]Urshifu-Rapid-Strike||ChoiceBand|UnseenFist|SurgingStrikes,Uturn,AquaJet,CloseCombat|||F|||50|,,,,,Ghost]Miraidon||AssaultVest|HadronEngine|ElectroDrift,VoltSwitch,DracoMeteor,Snarl||||||50|,,,,,Electric]Grimmsnarl||LightClay|Prankster|Reflect,SpiritBreak,LightScreen,ThunderWave|||M|||50|,,,,,Ghost]Incineroar||RockyHelmet|Intimidate|FakeOut,PartingShot,WillOWisp,KnockOff|||M|||50|,,,,,Bug\n|j| x4002\n|j| hiyopon\n|\n|t:|1774206601\n|teamsize|p1|4\n|teamsize|p2|4\n|start\n|switch|p1a: Calyrex|Calyrex-Ice, L50|100/100\n|switch|p1b: Amoonguss|Amoonguss, L50, F|100/100\n|switch|p2a: Miraidon|Miraidon, L50|100/100\n|switch|p2b: Grimmsnarl|Grimmsnarl, L50, M|100/100\n|-ability|p1a: Calyrex|As One\n|-ability|p1a: Calyrex|Unnerve\n|-fieldstart|move: Electric Terrain|[from] ability: Hadron Engine|[of] p2a: Miraidon\n|turn|1\n|j| mysticmarshtomp\n|\n|t:|1774206622\n|switch|p2a: Incineroar|Incineroar, L50, M|100/100\n|-ability|p2a: Incineroar|Intimidate|boost\n|-fail|p1a: Calyrex|unboost|[from] item: Clear Amulet|[of] p1a: Calyrex\n|-unboost|p1b: Amoonguss|atk|1\n|move|p1b: Amoonguss|Rage Powder|p1b: Amoonguss\n|-singleturn|p1b: Amoonguss|move: Rage Powder\n|move|p2b: Grimmsnarl|Reflect|p2b: Grimmsnarl\n|-sidestart|p2: ppyyy|Reflect\n|move|p1a: Calyrex|Trick Room|p1a: Calyrex\n|-fieldstart|move: Trick Room|[of] p1a: Calyrex\n|\n|upkeep\n|turn|2\n|\n|t:|1774206644\n|move|p1b: Amoonguss|Rage Powder|p1b: Amoonguss\n|-singleturn|p1b: Amoonguss|move: Rage Powder\n|move|p2b: Grimmsnarl|Thunder Wave|p1b: Amoonguss\n|-status|p1b: Amoonguss|par\n|move|p1a: Calyrex|Glacial Lance|p2b: Grimmsnarl|[spread] p2a,p2b\n|-resisted|p2a: Incineroar\n|-crit|p2a: Incineroar\n|-damage|p2a: Incineroar|70/100\n|-damage|p2b: Grimmsnarl|59/100\n|move|p2a: Incineroar|Knock Off|p1b: Amoonguss\n|-damage|p1b: Amoonguss|71/100 par\n|-damage|p2a: Incineroar|54/100|[from] item: Rocky Helmet|[of] p1b: Amoonguss\n|-enditem|p1b: Amoonguss|Rocky Helmet|[from] move: Knock Off|[of] p2a: Incineroar\n|\n|upkeep\n|turn|3\n|\n|t:|1774206662\n|switch|p2b: Lunala|Lunala, L50|100/100\n|-enditem|p2b: Lunala|Electric Seed\n|-boost|p2b: Lunala|def|1|[from] item: Electric Seed\n|cant|p1b: Amoonguss|par\n|move|p1a: Calyrex|High Horsepower|p2a: Incineroar\n|-supereffective|p2a: Incineroar\n|-damage|p2a: Incineroar|11/100\n|-damage|p1a: Calyrex|84/100|[from] item: Rocky Helmet|[of] p2a: Incineroar\n|move|p2a: Incineroar|Will-O-Wisp|p1a: Calyrex\n|-status|p1a: Calyrex|brn\n|\n|-damage|p1a: Calyrex|78/100 brn|[from] brn\n|upkeep\n|turn|4\n|\n|t:|1774206698\n|switch|p2a: Grimmsnarl|Grimmsnarl, L50, M|59/100\n|move|p1b: Amoonguss|Clear Smog|p2b: Lunala\n|-resisted|p2b: Lunala\n|-damage|p2b: Lunala|98/100\n|-clearboost|p2b: Lunala\n|move|p1a: Calyrex|High Horsepower|p2a: Grimmsnarl\n|-damage|p2a: Grimmsnarl|45/100\n|move|p2b: Lunala|Moongeist Beam|p1b: Amoonguss\n|-damage|p1b: Amoonguss|22/100 par\n|\n|-damage|p1a: Calyrex|72/100 brn|[from] brn\n|upkeep\n|turn|5\n|\n|t:|1774206726\n|move|p2a: Grimmsnarl|Light Screen|p2a: Grimmsnarl\n|-sidestart|p2: ppyyy|move: Light Screen\n|move|p1b: Amoonguss|Clear Smog|p2a: Grimmsnarl\n|-supereffective|p2a: Grimmsnarl\n|-crit|p2a: Grimmsnarl\n|-damage|p2a: Grimmsnarl|0 fnt\n|-clearboost|p2a: Grimmsnarl\n|faint|p2a: Grimmsnarl\n|move|p1a: Calyrex|Glacial Lance|p2b: Lunala\n|-damage|p2b: Lunala|80/100\n|move|p2b: Lunala|Moonblast|p1b: Amoonguss\n|-resisted|p1b: Amoonguss\n|-damage|p1b: Amoonguss|6/100 par\n|\n|-damage|p1a: Calyrex|67/100 brn|[from] brn\n|-fieldend|move: Trick Room\n|-fieldend|move: Electric Terrain\n|upkeep\n|\n|t:|1774206748\n|switch|p2a: Miraidon|Miraidon, L50|100/100\n|-fieldstart|move: Electric Terrain|[from] ability: Hadron Engine|[of] p2a: Miraidon\n|turn|6\n|\n|t:|1774206756\n|-terastallize|p2a: Miraidon|Electric\n|move|p1b: Amoonguss|Rage Powder|p1b: Amoonguss\n|-singleturn|p1b: Amoonguss|move: Rage Powder\n|move|p2a: Miraidon|Snarl|p1b: Amoonguss|[spread] p1a,p1b\n|-supereffective|p1a: Calyrex\n|-damage|p1a: Calyrex|34/100 brn\n|-damage|p1b: Amoonguss|0 fnt\n|faint|p1b: Amoonguss\n|move|p2b: Lunala|Moongeist Beam|p1a: Calyrex\n|-supereffective|p1a: Calyrex\n|-damage|p1a: Calyrex|0 fnt\n|faint|p1a: Calyrex\n|\n|upkeep\n|\n|t:|1774206763\n|switch|p1a: Miraidon|Miraidon, L50|100/100\n|switch|p1b: Iron Hands|Iron Hands, L50|100/100\n|-activate|p1a: Miraidon|ability: Hadron Engine\n|-activate|p1b: Iron Hands|ability: Quark Drive\n|-start|p1b: Iron Hands|quarkdriveatk\n|turn|7\n|\n|t:|1774206806\n|switch|p2a: Incineroar|Incineroar, L50, M|11/100\n|-ability|p2a: Incineroar|Intimidate|boost\n|-unboost|p1a: Miraidon|atk|1\n|-unboost|p1b: Iron Hands|atk|1\n|move|p1b: Iron Hands|Fake Out|p2a: Incineroar\n|-damage|p2a: Incineroar|4/100\n|-damage|p1b: Iron Hands|84/100|[from] item: Rocky Helmet|[of] p2a: Incineroar\n|move|p1a: Miraidon|Electro Drift|p2b: Lunala\n|-damage|p2b: Lunala|11/100\n|move|p2b: Lunala|Moonblast|p1a: Miraidon\n|-supereffective|p1a: Miraidon\n|-damage|p1a: Miraidon|42/100\n|\n|upkeep\n|turn|8\n|\n|t:|1774206828\n|-terastallize|p1b: Iron Hands|Bug\n|move|p2a: Incineroar|Fake Out|p1a: Miraidon\n|-damage|p1a: Miraidon|32/100\n|cant|p1a: Miraidon|flinch\n|move|p2b: Lunala|Moongeist Beam|p1a: Miraidon\n|-damage|p1a: Miraidon|0 fnt\n|faint|p1a: Miraidon\n|move|p1b: Iron Hands|Drain Punch|p2a: Incineroar\n|-supereffective|p2a: Incineroar\n|-damage|p2a: Incineroar|0 fnt\n|-heal|p1b: Iron Hands|86/100|[from] drain|[of] p2a: Incineroar\n|-damage|p1b: Iron Hands|69/100|[from] item: Rocky Helmet|[of] p2a: Incineroar\n|faint|p2a: Incineroar\n|\n|-sideend|p2: ppyyy|Reflect\n|upkeep\n|\n|t:|1774206832\n|switch|p2a: Miraidon|Miraidon, L50, tera:Electric|100/100\n|-activate|p2a: Miraidon|ability: Hadron Engine\n|turn|9\n|\n|t:|1774206836\n|move|p2a: Miraidon|Electro Drift|p1b: Iron Hands\n|-damage|p1b: Iron Hands|2/100\n|move|p2b: Lunala|Moongeist Beam|p1b: Iron Hands\n|-damage|p1b: Iron Hands|0 fnt\n|faint|p1b: Iron Hands\n|-end|p1b: Iron Hands|Quark Drive|[silent]\n|\n|win|ppyyy\n|n|\u260623456ujhgrew|23456ujhgrew\n|n|\u2606ppyyy|ppyyy\n|n| x4002|x4002\n|n| hiyopon|hiyopon\n|n| mysticmarshtomp|mysticmarshtomp\n|l|\u260623456ujhgrew\n|player|p1|\n","uploadtime":1774206838,"views":16,"formatid":"gen9vgc2026regi","rating":null,"private":0,"password":null}