{"id":"gen9vgc2026regi-2560783083","format":"[Gen 9] VGC 2026 Reg I","players":["Yx3003","sheeshshane925"],"log":"|j|\u203dYx3003\n|j|\u2606sheeshshane925\n|t:|1773725551\n|gametype|doubles\n|player|p1|Yx3003|bugcatcher-gen4dp|1435\n|player|p2|sheeshshane925|chuck|1564\n|gen|9\n|tier|[Gen 9] VGC 2026 Reg I\n|rated|\n|rule|Species Clause: Limit one of each Pok\u00e9mon\n|rule|Item Clause: Limit 1 of each item\n|clearpoke\n|poke|p1|Koraidon, L50|\n|poke|p1|Lunala, L50|\n|poke|p1|Brute Bonnet, L50|\n|poke|p1|Incineroar, L50, F|\n|poke|p1|Flutter Mane, L50|\n|poke|p1|Raging Bolt, L50|\n|poke|p2|Calyrex-Ice, L50|\n|poke|p2|Miraidon, L50|\n|poke|p2|Farigiraf, L50, F|\n|poke|p2|Iron Hands, L50|\n|poke|p2|Scraggy, L50, F|\n|poke|p2|Iron Bundle, L50|\n|teampreview|4\n|inactive|Battle timer is ON: inactive players will automatically lose when time's up. (requested by Yx3003)\n|inactive|Yx3003 has 60 seconds left.\n|\n|t:|1773725585\n|teamsize|p1|4\n|teamsize|p2|4\n|start\n|switch|p1a: Incineroar|Incineroar, L50, F|100/100\n|switch|p1b: Raging Bolt|Raging Bolt, L50|100/100\n|switch|p2a: Miraidon|Miraidon, L50, shiny|100/100\n|switch|p2b: Iron Bundle|Iron Bundle, L50|100/100\n|-fieldstart|move: Electric Terrain|[from] ability: Hadron Engine|[of] p2a: Miraidon\n|-activate|p2b: Iron Bundle|ability: Quark Drive\n|-start|p2b: Iron Bundle|quarkdrivespe\n|-ability|p1a: Incineroar|Intimidate|boost\n|-unboost|p2a: Miraidon|atk|1\n|-unboost|p2b: Iron Bundle|atk|1\n|turn|1\n|\n|t:|1773725600\n|move|p2b: Iron Bundle|Protect|p2b: Iron Bundle\n|-singleturn|p2b: Iron Bundle|Protect\n|move|p2a: Miraidon|Protect|p2a: Miraidon\n|-singleturn|p2a: Miraidon|Protect\n|move|p1b: Raging Bolt|Protect|p1b: Raging Bolt\n|-singleturn|p1b: Raging Bolt|Protect\n|move|p1a: Incineroar|Knock Off|p2a: Miraidon\n|-activate|p2a: Miraidon|move: Protect\n|\n|upkeep\n|turn|2\n|inactive|Yx3003 has 30 seconds left.\n|\n|t:|1773725631\n|-terastallize|p1b: Raging Bolt|Fairy\n|move|p2b: Iron Bundle|Encore|p1b: Raging Bolt\n|-start|p1b: Raging Bolt|Encore\n|move|p2a: Miraidon|Electro Drift|p1a: Incineroar\n|-damage|p1a: Incineroar|23/100\n|-damage|p2a: Miraidon|91/100|[from] item: Life Orb\n|move|p1b: Raging Bolt|Protect||[still]\n|-fail|p1b: Raging Bolt\n|move|p1a: Incineroar|Knock Off|p2a: Miraidon\n|-damage|p2a: Miraidon|52/100\n|-enditem|p2a: Miraidon|Life Orb|[from] move: Knock Off|[of] p1a: Incineroar\n|\n|upkeep\n|turn|3\n|inactive|sheeshshane925 has 30 seconds left.\n|inactive|sheeshshane925 has 20 seconds left.\n|inactive|sheeshshane925 has 15 seconds left.\n|\n|t:|1773725675\n|-end|p1b: Raging Bolt|Protosynthesis|[silent]\n|switch|p1b: Lunala|Lunala, L50|100/100\n|move|p2b: Iron Bundle|Icy Wind|p1a: Incineroar|[spread] p1a,p1b\n|-resisted|p1a: Incineroar\n|-damage|p1a: Incineroar|16/100\n|-damage|p1b: Lunala|94/100\n|-unboost|p1a: Incineroar|spe|1\n|-unboost|p1b: Lunala|spe|1\n|move|p2a: Miraidon|Dazzling Gleam|p1b: Lunala|[spread] p1a,p1b\n|-damage|p1a: Incineroar|0 fnt\n|-damage|p1b: Lunala|73/100\n|faint|p1a: Incineroar\n|\n|upkeep\n|\n|t:|1773725684\n|switch|p1a: Raging Bolt|Raging Bolt, L50, tera:Fairy|100/100\n|turn|4\n|inactive|sheeshshane925 has 30 seconds left.\n|inactive|sheeshshane925 has 20 seconds left.\n|\n|t:|1773725720\n|move|p2b: Iron Bundle|Freeze-Dry|p1b: Lunala\n|-damage|p1b: Lunala|49/100\n|move|p2a: Miraidon|Electro Drift|p1a: Raging Bolt\n|-damage|p1a: Raging Bolt|7/100\n|move|p1a: Raging Bolt|Thunderbolt|p2b: Iron Bundle\n|-supereffective|p2b: Iron Bundle\n|-enditem|p2b: Iron Bundle|Focus Sash\n|-damage|p2b: Iron Bundle|1/100\n|move|p1b: Lunala|Meteor Beam||[still]\n|-prepare|p1b: Lunala|Meteor Beam\n|-boost|p1b: Lunala|spa|1\n|-enditem|p1b: Lunala|Power Herb\n|-anim|p1b: Lunala|Meteor Beam|p2a: Miraidon\n|-damage|p2a: Miraidon|2/100\n|\n|upkeep\n|turn|5\n|inactive|sheeshshane925 has 30 seconds left.\n|inactive|Yx3003 has 30 seconds left.\n|\n|t:|1773725754\n|move|p1a: Raging Bolt|Thunderclap|p2a: Miraidon\n|-resisted|p2a: Miraidon\n|-damage|p2a: Miraidon|0 fnt\n|faint|p2a: Miraidon\n|move|p2b: Iron Bundle|Icy Wind|p1b: Lunala|[spread] p1a,p1b\n|-damage|p1a: Raging Bolt|0 fnt\n|-damage|p1b: Lunala|34/100\n|-unboost|p1b: Lunala|spe|1\n|faint|p1a: Raging Bolt\n|-end|p1a: Raging Bolt|Protosynthesis|[silent]\n|move|p1b: Lunala|Moongeist Beam|p2b: Iron Bundle\n|-damage|p2b: Iron Bundle|0 fnt\n|faint|p2b: Iron Bundle\n|-end|p2b: Iron Bundle|Quark Drive|[silent]\n|\n|-fieldend|move: Electric Terrain\n|upkeep\n|\n|t:|1773725761\n|switch|p2b: Scraggy|Scraggy, L50, F|100/100\n|switch|p2a: Calyrex|Calyrex-Ice, L50|100/100\n|switch|p1a: Koraidon|Koraidon, L50|100/100\n|-ability|p2a: Calyrex|As One\n|-ability|p2a: Calyrex|Unnerve\n|-weather|SunnyDay|[from] ability: Orichalcum Pulse|[of] p1a: Koraidon\n|-activate|p1a: Koraidon|Orichalcum Pulse|[source]\n|-ability|p2b: Scraggy|Intimidate|boost\n|-unboost|p1a: Koraidon|atk|1\n|-unboost|p1b: Lunala|atk|1\n|turn|6\n|\n|t:|1773725785\n|-terastallize|p2a: Calyrex|Fire\n|move|p1a: Koraidon|Protect|p1a: Koraidon\n|-singleturn|p1a: Koraidon|Protect\n|move|p2b: Scraggy|Fake Out|p1a: Koraidon\n|-activate|p1a: Koraidon|move: Protect\n|move|p1b: Lunala|Moongeist Beam|p2a: Calyrex\n|-crit|p2a: Calyrex\n|-damage|p2a: Calyrex|16/100\n|move|p2a: Calyrex|Glacial Lance|p1b: Lunala|[spread] p1b\n|-activate|p1a: Koraidon|move: Protect\n|-damage|p1b: Lunala|0 fnt\n|faint|p1b: Lunala\n|-ability|p2a: Calyrex|Chilling Neigh|boost\n|-boost|p2a: Calyrex|atk|1\n|\n|-weather|SunnyDay|[upkeep]\n|upkeep\n|turn|7\n|\n|t:|1773725804\n|move|p2a: Calyrex|Protect|p2a: Calyrex\n|-singleturn|p2a: Calyrex|Protect\n|move|p1a: Koraidon|Close Combat|p2a: Calyrex\n|-activate|p2a: Calyrex|move: Protect\n|move|p2b: Scraggy|Foul Play|p1a: Koraidon\n|-resisted|p1a: Koraidon\n|-damage|p1a: Koraidon|84/100\n|\n|-weather|SunnyDay|[upkeep]\n|upkeep\n|turn|8\n|\n|t:|1773725819\n|move|p1a: Koraidon|Close Combat|p2a: Calyrex\n|-damage|p2a: Calyrex|0 fnt\n|-unboost|p1a: Koraidon|def|1\n|-unboost|p1a: Koraidon|spd|1\n|faint|p2a: Calyrex\n|-damage|p1a: Koraidon|75/100|[from] item: Life Orb\n|move|p2b: Scraggy|Foul Play|p1a: Koraidon\n|-resisted|p1a: Koraidon\n|-damage|p1a: Koraidon|53/100\n|\n|-weather|SunnyDay|[upkeep]\n|upkeep\n|turn|9\n|-message|sheeshshane925 forfeited.\n|\n|win|Yx3003\n|raw|Yx3003's rating: 1435 &rarr; <strong>1462</strong><br />(+27 for winning)\n|raw|sheeshshane925's rating: 1564 &rarr; <strong>1537</strong><br />(-27 for losing)\n|l|\u2606sheeshshane925\n|player|p2|\n|l|\u203dYx3003\n|player|p1|\n","uploadtime":1773726052,"views":12,"formatid":"gen9vgc2026regi","rating":1462,"private":0,"password":null}