{"id":"gen9vgc2026regi-2578241836","format":"[Gen 9] VGC 2026 Reg I","players":["4Test4","dizbey"],"log":"|j|\u26064Test4\n|j|\u2606dizbey\n|t:|1775661736\n|gametype|doubles\n|player|p1|4Test4|blue|1241\n|player|p2|dizbey|n|1171\n|gen|9\n|tier|[Gen 9] VGC 2026 Reg I\n|rated|\n|rule|Species Clause: Limit one of each Pok\u00e9mon\n|rule|Item Clause: Limit 1 of each item\n|clearpoke\n|poke|p1|Calyrex-Shadow, L50|\n|poke|p1|Zamazenta-*, L50|\n|poke|p1|Incineroar, L50, M|\n|poke|p1|Raging Bolt, L50|\n|poke|p1|Whimsicott, L50, F|\n|poke|p1|Ogerpon-Wellspring, L50, F|\n|poke|p2|Lunala, L50|\n|poke|p2|Ursaluna, L50, M|\n|poke|p2|Urshifu-*, L50, M|\n|poke|p2|Miraidon, L50|\n|poke|p2|Grimmsnarl, L50, M|\n|poke|p2|Incineroar, L50, F|\n|teampreview|4\n|inactive|Battle timer is ON: inactive players will automatically lose when time's up. (requested by dizbey)\n|\n|t:|1775661802\n|teamsize|p1|4\n|teamsize|p2|4\n|start\n|switch|p1a: Raging Bolt|Raging Bolt, L50|100/100\n|switch|p1b: Whimsicott|Whimsicott, L50, F|100/100\n|switch|p2a: Lunala|Lunala, L50|100/100\n|switch|p2b: Incineroar|Incineroar, L50, F|100/100\n|-ability|p2b: Incineroar|Intimidate|boost\n|-unboost|p1a: Raging Bolt|atk|1\n|-unboost|p1b: Whimsicott|atk|1\n|turn|1\n|inactive|dizbey has 30 seconds left.\n|inactive|4Test4 has 30 seconds left.\n|inactive|dizbey has 20 seconds left.\n|\n|t:|1775661838\n|-terastallize|p1b: Whimsicott|Fire\n|move|p2b: Incineroar|Fake Out|p1b: Whimsicott\n|-damage|p1b: Whimsicott|85/100\n|move|p1b: Whimsicott|Light Screen|p1b: Whimsicott\n|-sidestart|p1: 4Test4|move: Light Screen\n|move|p1a: Raging Bolt|Snarl|p2b: Incineroar|[spread] p2a,p2b\n|-supereffective|p2a: Lunala\n|-resisted|p2b: Incineroar\n|-damage|p2a: Lunala|80/100\n|-damage|p2b: Incineroar|93/100\n|-unboost|p2a: Lunala|spa|1\n|-unboost|p2b: Incineroar|spa|1\n|move|p2a: Lunala|Trick Room|p2a: Lunala\n|-fieldstart|move: Trick Room|[of] p2a: Lunala\n|\n|upkeep\n|turn|2\n|inactive|dizbey has 30 seconds left.\n|inactive|dizbey has 20 seconds left.\n|inactive|dizbey has 15 seconds left.\n|inactive|dizbey has 10 seconds left.\n|\n|t:|1775661884\n|switch|p2a: Ursaluna|Ursaluna, L50, M|100/100\n|move|p1b: Whimsicott|Encore||[still]\n|-fail|p1b: Whimsicott\n|move|p2b: Incineroar|Parting Shot|p1a: Raging Bolt\n|-unboost|p1a: Raging Bolt|atk|1\n|-unboost|p1a: Raging Bolt|spa|1\n|\n|t:|1775661895\n|switch|p2b: Urshifu|Urshifu-Rapid-Strike, L50, M|100/100|[from] Parting Shot\n|move|p1a: Raging Bolt|Dragon Pulse|p2b: Urshifu\n|-damage|p2b: Urshifu|60/100\n|\n|-status|p2a: Ursaluna|brn|[from] item: Flame Orb\n|upkeep\n|turn|3\n|inactive|4Test4 has 30 seconds left.\n|inactive|dizbey has 30 seconds left.\n|inactive|4Test4 has 20 seconds left.\n|inactive|dizbey has 20 seconds left.\n|inactive|4Test4 has 15 seconds left.\n|\n|t:|1775661938\n|move|p2a: Ursaluna|Protect|p2a: Ursaluna\n|-singleturn|p2a: Ursaluna|Protect\n|move|p1a: Raging Bolt|Thunderclap|p2b: Urshifu\n|-supereffective|p2b: Urshifu\n|-damage|p2b: Urshifu|0 fnt\n|faint|p2b: Urshifu\n|move|p1b: Whimsicott|Moonblast|p2a: Ursaluna\n|-activate|p2a: Ursaluna|move: Protect\n|\n|-damage|p2a: Ursaluna|95/100 brn|[from] brn\n|upkeep\n|\n|t:|1775661948\n|switch|p2b: Incineroar|Incineroar, L50, F|93/100\n|-ability|p2b: Incineroar|Intimidate|boost\n|-unboost|p1a: Raging Bolt|atk|1\n|-unboost|p1b: Whimsicott|atk|1\n|turn|4\n|\n|t:|1775661964\n|-terastallize|p2b: Incineroar|Bug\n|move|p2b: Incineroar|Fake Out|p1b: Whimsicott\n|-damage|p1b: Whimsicott|71/100\n|move|p1b: Whimsicott|Encore|p2a: Ursaluna\n|-start|p2a: Ursaluna|Encore\n|move|p2a: Ursaluna|Protect||[still]\n|-fail|p2a: Ursaluna\n|move|p1a: Raging Bolt|Dragon Pulse|p2a: Ursaluna\n|-damage|p2a: Ursaluna|65/100 brn\n|\n|-damage|p2a: Ursaluna|59/100 brn|[from] brn\n|upkeep\n|turn|5\n|\n|t:|1775661987\n|move|p2a: Ursaluna|Protect|p2a: Ursaluna\n|-singleturn|p2a: Ursaluna|Protect\n|move|p1b: Whimsicott|Encore|p2b: Incineroar\n|-start|p2b: Incineroar|Encore\n|move|p2b: Incineroar|Fake Out||[still]\n|-hint|Fake Out only works on your first turn out.\n|-fail|p2b: Incineroar\n|move|p1a: Raging Bolt|Dragon Pulse|p2a: Ursaluna\n|-activate|p2a: Ursaluna|move: Protect\n|\n|-damage|p2a: Ursaluna|53/100 brn|[from] brn\n|-sideend|p1: 4Test4|move: Light Screen\n|-fieldend|move: Trick Room\n|upkeep\n|turn|6\n|n|!dizbey|dizbey\n|inactive|dizbey has 30 seconds left.\n|\n|t:|1775662013\n|switch|p2b: Lunala|Lunala, L50|80/100\n|move|p2a: Ursaluna|Protect||[still]\n|-fail|p2a: Ursaluna\n|move|p1b: Whimsicott|Moonblast|p2a: Ursaluna\n|-damage|p2a: Ursaluna|28/100 brn\n|move|p1a: Raging Bolt|Dragon Pulse|p2a: Ursaluna\n|-damage|p2a: Ursaluna|1/100 brn\n|\n|-damage|p2a: Ursaluna|0 fnt|[from] brn\n|faint|p2a: Ursaluna\n|upkeep\n|\n|t:|1775662024\n|switch|p2a: Incineroar|Incineroar, L50, F, tera:Bug|93/100\n|-ability|p2a: Incineroar|Intimidate|boost\n|-unboost|p1a: Raging Bolt|atk|1\n|-unboost|p1b: Whimsicott|atk|1\n|turn|7\n|\n|t:|1775662035\n|move|p2a: Incineroar|Fake Out|p1a: Raging Bolt\n|-damage|p1a: Raging Bolt|92/100\n|move|p1b: Whimsicott|Encore|p2a: Incineroar\n|-start|p2a: Incineroar|Encore\n|move|p2b: Lunala|Moongeist Beam|p1b: Whimsicott\n|-damage|p1b: Whimsicott|2/100\n|cant|p1a: Raging Bolt|flinch\n|\n|upkeep\n|turn|8\n|\n|t:|1775662052\n|move|p2a: Incineroar|Fake Out||[still]\n|-hint|Fake Out only works on your first turn out.\n|-fail|p2a: Incineroar\n|move|p1b: Whimsicott|Light Screen|p1b: Whimsicott\n|-sidestart|p1: 4Test4|move: Light Screen\n|move|p2b: Lunala|Moongeist Beam|p1b: Whimsicott\n|-damage|p1b: Whimsicott|0 fnt\n|faint|p1b: Whimsicott\n|move|p1a: Raging Bolt|Snarl|p2a: Incineroar|[spread] p2a,p2b\n|-supereffective|p2b: Lunala\n|-damage|p2a: Incineroar|84/100\n|-damage|p2b: Lunala|48/100\n|-unboost|p2a: Incineroar|spa|1\n|-unboost|p2b: Lunala|spa|1\n|\n|upkeep\n|\n|t:|1775662067\n|switch|p1b: Calyrex|Calyrex-Shadow, L50|100/100\n|-ability|p1b: Calyrex|As One\n|-ability|p1b: Calyrex|Unnerve\n|turn|9\n|\n|t:|1775662076\n|move|p2a: Incineroar|Fake Out||[still]\n|-hint|Fake Out only works on your first turn out.\n|-fail|p2a: Incineroar\n|move|p1b: Calyrex|Astral Barrage|p2a: Incineroar|[spread] p2a,p2b\n|-supereffective|p2b: Lunala\n|-damage|p2a: Incineroar|32/100\n|-damage|p2b: Lunala|0 fnt\n|faint|p2b: Lunala\n|-ability|p1b: Calyrex|Grim Neigh|boost\n|-boost|p1b: Calyrex|spa|1\n|move|p1a: Raging Bolt|Snarl|p2a: Incineroar\n|-damage|p2a: Incineroar|18/100\n|-unboost|p2a: Incineroar|spa|1\n|\n|upkeep\n|turn|10\n|\n|t:|1775662089\n|move|p2a: Incineroar|Fake Out||[still]\n|-hint|Fake Out only works on your first turn out.\n|-fail|p2a: Incineroar\n|move|p1b: Calyrex|Astral Barrage|p2a: Incineroar\n|-damage|p2a: Incineroar|0 fnt\n|faint|p2a: Incineroar\n|\n|win|4Test4\n","uploadtime":1775661994,"views":6,"formatid":"gen9vgc2026regi","rating":null,"private":0,"password":null}