{"id":"gen9vgc2026regi-2530487900","format":"[Gen 9] VGC 2026 Reg I","players":["SEITA","W1llD F1R3"],"log":"|j|\u2606SEITA\n|j|\u2606W1llD F1R3\n|t:|1769924758\n|gametype|doubles\n|player|p1|SEITA|169|1148\n|player|p2|W1llD F1R3|firebreather|1177\n|gen|9\n|tier|[Gen 9] VGC 2026 Reg I\n|rated|\n|rule|Species Clause: Limit one of each Pok\u00e9mon\n|rule|Item Clause: Limit 1 of each item\n|clearpoke\n|poke|p1|Zamazenta-*, L50|\n|poke|p1|Kyogre, L50|\n|poke|p1|Grimmsnarl, L50, M|\n|poke|p1|Landorus, L50, M|\n|poke|p1|Wo-Chien, L50|\n|poke|p1|Ditto, L50|\n|poke|p2|Calyrex-Ice, L50|\n|poke|p2|Groudon, L50|\n|poke|p2|Farigiraf, L50, M|\n|poke|p2|Incineroar, L50, M|\n|poke|p2|Urshifu-*, L50, F|\n|poke|p2|Gastrodon, L50, M|\n|teampreview|4\n|inactive|Battle timer is ON: inactive players will automatically lose when time's up. (requested by W1llD F1R3)\n|\n|t:|1769924777\n|teamsize|p1|4\n|teamsize|p2|4\n|start\n|switch|p1a: Grimmsnarl|Grimmsnarl, L50, M|100/100\n|switch|p1b: Zamazenta|Zamazenta-Crowned, L50|100/100\n|switch|p2a: chompy|Farigiraf, L50, M, shiny|100/100\n|switch|p2b: Titian|Groudon, L50, shiny|100/100\n|-ability|p1b: Zamazenta|Dauntless Shield|boost\n|-boost|p1b: Zamazenta|def|1\n|-weather|SunnyDay|[from] ability: Drought|[of] p2b: Titian\n|turn|1\n|inactive|W1llD F1R3 has 30 seconds left.\n|\n|t:|1769924802\n|move|p1a: Grimmsnarl|Reflect|p1a: Grimmsnarl\n|-sidestart|p1: SEITA|Reflect\n|move|p1b: Zamazenta|Iron Defense|p1b: Zamazenta\n|-boost|p1b: Zamazenta|def|2\n|move|p2b: Titian|Precipice Blades|p1a: Grimmsnarl|[spread] p1a,p1b\n|-supereffective|p1b: Zamazenta\n|-damage|p1a: Grimmsnarl|71/100\n|-damage|p1b: Zamazenta|82/100\n|move|p2a: chompy|Trick Room|p2a: chompy\n|-fieldstart|move: Trick Room|[of] p2a: chompy\n|\n|-weather|SunnyDay|[upkeep]\n|upkeep\n|turn|2\n|\n|t:|1769924823\n|switch|p1a: Wo-Chien|Wo-Chien, L50|100/100\n|-ability|p1a: Wo-Chien|Tablets of Ruin\n|move|p2a: chompy|Hyper Voice|p1a: Wo-Chien|[spread] p1a,p1b\n|-resisted|p1b: Zamazenta\n|-damage|p1a: Wo-Chien|80/100\n|-damage|p1b: Zamazenta|72/100\n|-enditem|p2a: chompy|Throat Spray\n|-boost|p2a: chompy|spa|1|[from] item: Throat Spray\n|move|p2b: Titian|Fire Punch|p1b: Zamazenta\n|-supereffective|p1b: Zamazenta\n|-damage|p1b: Zamazenta|60/100\n|-status|p1b: Zamazenta|brn\n|move|p1b: Zamazenta|Iron Defense|p1b: Zamazenta\n|-boost|p1b: Zamazenta|def|2\n|\n|-weather|SunnyDay|[upkeep]\n|-heal|p1a: Wo-Chien|86/100|[from] item: Leftovers\n|-damage|p1b: Zamazenta|54/100 brn|[from] brn\n|upkeep\n|turn|3\n|inactive|W1llD F1R3 has 30 seconds left.\n|\n|t:|1769924849\n|move|p2a: chompy|Psychic|p1b: Zamazenta\n|-damage|p1b: Zamazenta|9/100 brn\n|move|p2b: Titian|Precipice Blades|p1b: Zamazenta|[spread] p1a,p1b\n|-resisted|p1a: Wo-Chien\n|-supereffective|p1b: Zamazenta\n|-damage|p1a: Wo-Chien|74/100\n|-damage|p1b: Zamazenta|0 fnt\n|faint|p1b: Zamazenta\n|move|p1a: Wo-Chien|Pollen Puff|p1: Zamazenta|[notarget]\n|-fail|p1a: Wo-Chien\n|\n|-weather|SunnyDay|[upkeep]\n|-heal|p1a: Wo-Chien|81/100|[from] item: Leftovers\n|upkeep\n|\n|t:|1769924873\n|switch|p1b: Kyogre|Kyogre, L50|100/100\n|-weather|RainDance|[from] ability: Drizzle|[of] p1b: Kyogre\n|turn|4\n|\n|t:|1769924895\n|switch|p2b: EyeOfTheStorm|Gastrodon, L50, M, shiny|100/100\n|move|p2a: chompy|Hyper Voice|p1a: Wo-Chien|[spread] p1a,p1b\n|-damage|p1a: Wo-Chien|46/100\n|-damage|p1b: Kyogre|72/100\n|move|p1b: Kyogre|Origin Pulse|p2a: chompy|[spread] p2a\n|-ability|p2b: EyeOfTheStorm|Storm Drain|boost\n|-boost|p2b: EyeOfTheStorm|spa|1\n|-damage|p2a: chompy|36/100\n|move|p1a: Wo-Chien|Leech Seed|p2b: EyeOfTheStorm\n|-start|p2b: EyeOfTheStorm|move: Leech Seed\n|\n|-weather|RainDance|[upkeep]\n|-heal|p1a: Wo-Chien|52/100|[from] item: Leftovers\n|-damage|p2b: EyeOfTheStorm|88/100|[from] Leech Seed|[of] p1a: Wo-Chien\n|-heal|p1a: Wo-Chien|66/100|[silent]\n|upkeep\n|turn|5\n|inactive|SEITA has 30 seconds left.\n|inactive|W1llD F1R3 has 30 seconds left.\n|inactive|SEITA has 20 seconds left.\n|inactive|SEITA has 15 seconds left.\n|inactive|SEITA has 10 seconds left.\n|inactive|SEITA has 5 seconds left.\n|\n|t:|1769924949\n|move|p2b: EyeOfTheStorm|Yawn|p1b: Kyogre\n|-start|p1b: Kyogre|move: Yawn|[of] p2b: EyeOfTheStorm\n|move|p2a: chompy|Psychic|p1b: Kyogre\n|-damage|p1b: Kyogre|29/100\n|move|p1b: Kyogre|Thunder|p2a: chompy\n|-damage|p2a: chompy|0 fnt\n|faint|p2a: chompy\n|move|p1a: Wo-Chien|Pollen Puff|p1b: Kyogre\n|-heal|p1b: Kyogre|79/100\n|\n|-weather|RainDance|[upkeep]\n|-heal|p1a: Wo-Chien|72/100|[from] item: Leftovers\n|-damage|p2b: EyeOfTheStorm|76/100|[from] Leech Seed|[of] p1a: Wo-Chien\n|-heal|p1a: Wo-Chien|85/100|[silent]\n|-fieldend|move: Trick Room\n|upkeep\n|\n|t:|1769924966\n|switch|p2a: Titian|Groudon, L50, shiny|100/100\n|-weather|SunnyDay|[from] ability: Drought|[of] p2a: Titian\n|turn|6\n|inactive|W1llD F1R3 has 30 seconds left.\n|inactive|W1llD F1R3 has 20 seconds left.\n|inactive|W1llD F1R3 has 15 seconds left.\n|\n|t:|1769925010\n|switch|p1b: Grimmsnarl|Grimmsnarl, L50, M|71/100\n|move|p2b: EyeOfTheStorm|Helping Hand|p2a: Titian\n|-singleturn|p2a: Titian|Helping Hand|[of] p2b: EyeOfTheStorm\n|move|p1a: Wo-Chien|Leech Seed|p2a: Titian|[miss]\n|-miss|p1a: Wo-Chien|p2a: Titian\n|move|p2a: Titian|Precipice Blades|p1a: Wo-Chien|[spread] p1a,p1b\n|-resisted|p1a: Wo-Chien\n|-damage|p1a: Wo-Chien|69/100\n|-damage|p1b: Grimmsnarl|36/100\n|\n|-weather|SunnyDay|[upkeep]\n|-heal|p1a: Wo-Chien|75/100|[from] item: Leftovers\n|-damage|p2b: EyeOfTheStorm|64/100|[from] Leech Seed|[of] p1a: Wo-Chien\n|-heal|p1a: Wo-Chien|89/100|[silent]\n|upkeep\n|turn|7\n|inactive|SEITA has 30 seconds left.\n|inactive|W1llD F1R3 has 30 seconds left.\n|inactive|SEITA has 20 seconds left.\n|inactive|SEITA has 15 seconds left.\n|\n|t:|1769925053\n|move|p1b: Grimmsnarl|Parting Shot|p2b: EyeOfTheStorm\n|-unboost|p2b: EyeOfTheStorm|atk|1\n|-unboost|p2b: EyeOfTheStorm|spa|1\n|\n|t:|1769925056\n|switch|p1b: Kyogre|Kyogre, L50|79/100|[from] Parting Shot\n|-weather|RainDance|[from] ability: Drizzle|[of] p1b: Kyogre\n|move|p1a: Wo-Chien|Leech Seed|p2a: Titian\n|-start|p2a: Titian|move: Leech Seed\n|move|p2a: Titian|Swords Dance|p2a: Titian\n|-boost|p2a: Titian|atk|2\n|move|p2b: EyeOfTheStorm|Earth Power|p1b: Kyogre\n|-damage|p1b: Kyogre|58/100\n|\n|-weather|RainDance|[upkeep]\n|-heal|p1a: Wo-Chien|95/100|[from] item: Leftovers\n|-damage|p2a: Titian|88/100|[from] Leech Seed|[of] p1a: Wo-Chien\n|-heal|p1a: Wo-Chien|100/100|[silent]\n|-damage|p2b: EyeOfTheStorm|51/100|[from] Leech Seed|[of] p1a: Wo-Chien\n|upkeep\n|turn|8\n|\n|t:|1769925080\n|move|p1b: Kyogre|Protect|p1b: Kyogre\n|-singleturn|p1b: Kyogre|Protect\n|move|p1a: Wo-Chien|Foul Play|p2a: Titian\n|-damage|p2a: Titian|9/100\n|-enditem|p2a: Titian|Sitrus Berry|[eat]\n|-heal|p2a: Titian|34/100|[from] item: Sitrus Berry\n|move|p2a: Titian|Precipice Blades|p1a: Wo-Chien|[spread] p1a\n|-activate|p1b: Kyogre|move: Protect\n|-resisted|p1a: Wo-Chien\n|-damage|p1a: Wo-Chien|79/100\n|move|p2b: EyeOfTheStorm|Yawn|p1b: Kyogre\n|-activate|p1b: Kyogre|move: Protect\n|\n|-weather|RainDance|[upkeep]\n|-heal|p1a: Wo-Chien|85/100|[from] item: Leftovers\n|-damage|p2a: Titian|22/100|[from] Leech Seed|[of] p1a: Wo-Chien\n|-heal|p1a: Wo-Chien|97/100|[silent]\n|-damage|p2b: EyeOfTheStorm|39/100|[from] Leech Seed|[of] p1a: Wo-Chien\n|-heal|p1a: Wo-Chien|100/100|[silent]\n|-sideend|p1: SEITA|Reflect\n|upkeep\n|turn|9\n|inactive|SEITA has 30 seconds left.\n|\n|t:|1769925108\n|move|p1a: Wo-Chien|Foul Play|p2a: Titian\n|-damage|p2a: Titian|0 fnt\n|faint|p2a: Titian\n|move|p1b: Kyogre|Ice Beam|p2b: EyeOfTheStorm\n|-damage|p2b: EyeOfTheStorm|12/100\n|move|p2b: EyeOfTheStorm|Yawn|p1b: Kyogre\n|-start|p1b: Kyogre|move: Yawn|[of] p2b: EyeOfTheStorm\n|\n|-weather|RainDance|[upkeep]\n|-damage|p2b: EyeOfTheStorm|0 fnt|[from] Leech Seed|[of] p1a: Wo-Chien\n|faint|p2b: EyeOfTheStorm\n|upkeep\n|\n|t:|1769925121\n|switch|p2b: Tug|Calyrex-Ice, L50|100/100\n|-ability|p2b: Tug|As One\n|-ability|p2b: Tug|Unnerve\n|turn|10\n|\n|t:|1769925137\n|switch|p1b: Grimmsnarl|Grimmsnarl, L50, M|36/100\n|-terastallize|p2b: Tug|Grass\n|move|p1a: Wo-Chien|Pollen Puff|p1b: Grimmsnarl\n|-heal|p1b: Grimmsnarl|86/100\n|move|p2b: Tug|High Horsepower|p1b: Grimmsnarl\n|-damage|p1b: Grimmsnarl|59/100\n|\n|-weather|RainDance|[upkeep]\n|upkeep\n|turn|11\n|inactive|SEITA has 30 seconds left.\n|\n|t:|1769925172\n|-terastallize|p1a: Wo-Chien|Poison\n|move|p1b: Grimmsnarl|Reflect|p1b: Grimmsnarl\n|-sidestart|p1: SEITA|Reflect\n|move|p1a: Wo-Chien|Foul Play|p2b: Tug\n|-damage|p2b: Tug|58/100\n|move|p2b: Tug|Swords Dance|p2b: Tug\n|-boost|p2b: Tug|atk|2\n|\n|-weather|none\n|-heal|p2b: Tug|64/100|[from] item: Leftovers\n|upkeep\n|turn|12\n|\n|t:|1769925189\n|move|p1b: Grimmsnarl|Parting Shot|p2b: Tug\n|-unboost|p2b: Tug|atk|1\n|-unboost|p2b: Tug|spa|1\n|\n|t:|1769925192\n|switch|p1b: Kyogre|Kyogre, L50|58/100|[from] Parting Shot\n|-weather|RainDance|[from] ability: Drizzle|[of] p1b: Kyogre\n|move|p1a: Wo-Chien|Foul Play|p2b: Tug\n|-damage|p2b: Tug|5/100\n|move|p2b: Tug|Glacial Lance|p1b: Kyogre|[spread] p1a,p1b\n|-resisted|p1b: Kyogre\n|-damage|p1a: Wo-Chien|62/100\n|-damage|p1b: Kyogre|40/100\n|\n|-weather|RainDance|[upkeep]\n|-heal|p1a: Wo-Chien|68/100|[from] item: Leftovers\n|-heal|p2b: Tug|11/100|[from] item: Leftovers\n|upkeep\n|turn|13\n|\n|t:|1769925209\n|move|p1a: Wo-Chien|Foul Play|p2b: Tug\n|-damage|p2b: Tug|0 fnt\n|faint|p2b: Tug\n|\n|win|SEITA\n|raw|SEITA's rating: 1148 &rarr; <strong>1175</strong><br />(+27 for winning)\n|raw|W1llD F1R3's rating: 1177 &rarr; <strong>1150</strong><br />(-27 for losing)\n|l|\u2606W1llD F1R3\n|player|p2|\n|l|\u2606SEITA\n|player|p1|\n","uploadtime":1769925593,"views":12,"formatid":"gen9vgc2026regi","rating":1150,"private":0,"password":null}