{"id":"gen9vgc2026regi-2565175083","format":"[Gen 9] VGC 2026 Reg I","players":["CarajilloMan","JERRY RIVERA"],"log":"|j|\u2606CarajilloMan\n|j|\u2606JERRY RIVERA\n|t:|1774238566\n|gametype|doubles\n|player|p1|CarajilloMan|ninjaboy|1365\n|player|p2|JERRY RIVERA|silver|1348\n|gen|9\n|tier|[Gen 9] VGC 2026 Reg I\n|rated|\n|rule|Species Clause: Limit one of each Pok\u00e9mon\n|rule|Item Clause: Limit 1 of each item\n|clearpoke\n|poke|p1|Miraidon, L50|\n|poke|p1|Excadrill, L50, F|\n|poke|p1|Tyranitar, L50, F|\n|poke|p1|Farigiraf, L50, M|\n|poke|p1|Tinkaton, L50, F|\n|poke|p1|Lunala, L50|\n|poke|p2|Calyrex-Ice, L50|\n|poke|p2|Kyogre, L50|\n|poke|p2|Ditto, L50|\n|poke|p2|Urshifu-*, L50, M|\n|poke|p2|Tornadus, L50, M|\n|poke|p2|Indeedee-F, L50, F|\n|teampreview|4\n|\n|t:|1774238598\n|teamsize|p1|4\n|teamsize|p2|4\n|start\n|switch|p1a: Miraidon|Miraidon, L50|100/100\n|switch|p1b: Lunala|Lunala, L50|100/100\n|switch|p2a: Bukele|Tornadus, L50, M|100/100\n|switch|p2b: Jorginho|Urshifu, L50, M|100/100\n|-fieldstart|move: Electric Terrain|[from] ability: Hadron Engine|[of] p1a: Miraidon\n|turn|1\n|\n|t:|1774238631\n|switch|p1b: Tinkaton|Tinkaton, L50, F|100/100\n|-ability|p1b: Tinkaton|Mold Breaker\n|-item|p1b: Tinkaton|Air Balloon\n|move|p2a: Bukele|Tailwind|p2a: Bukele\n|-sidestart|p2: JERRY RIVERA|move: Tailwind\n|move|p2b: Jorginho|Wicked Blow|p1b: Tinkaton\n|-resisted|p1b: Tinkaton\n|-crit|p1b: Tinkaton\n|-damage|p1b: Tinkaton|52/100\n|-enditem|p1b: Tinkaton|Air Balloon\n|move|p1a: Miraidon|Dazzling Gleam|p2a: Bukele|[spread] p2a,p2b\n|-supereffective|p2b: Jorginho\n|-damage|p2a: Bukele|36/100\n|-damage|p2b: Jorginho|0 fnt\n|faint|p2b: Jorginho\n|\n|upkeep\n|\n|t:|1774238646\n|switch|p2b: Calyrex|Calyrex-Ice, L50|100/100\n|-ability|p2b: Calyrex|As One\n|-ability|p2b: Calyrex|Unnerve\n|turn|2\n|\n|t:|1774238662\n|switch|p1a: Tyranitar|Tyranitar, L50, F|100/100\n|-weather|Sandstorm|[from] ability: Sand Stream|[of] p1a: Tyranitar\n|-terastallize|p2b: Calyrex|Grass\n|move|p2a: Bukele|Bleakwind Storm|p1a: Tyranitar|[spread] p1b\n|-miss|p2a: Bukele|p1a: Tyranitar\n|-resisted|p1b: Tinkaton\n|-damage|p1b: Tinkaton|40/100\n|-unboost|p1b: Tinkaton|spe|1\n|move|p2b: Calyrex|Glacial Lance|p1a: Tyranitar|[spread] p1a,p1b\n|-resisted|p1b: Tinkaton\n|-damage|p1a: Tyranitar|52/100\n|-damage|p1b: Tinkaton|5/100\n|move|p1b: Tinkaton|Gigaton Hammer|p2b: Calyrex\n|-damage|p2b: Calyrex|74/100\n|\n|-weather|Sandstorm|[upkeep]\n|-damage|p2a: Bukele|30/100|[from] Sandstorm\n|-damage|p2b: Calyrex|68/100|[from] Sandstorm\n|upkeep\n|turn|3\n|\n|t:|1774238686\n|move|p2a: Bukele|Rain Dance|p2a: Bukele\n|-weather|RainDance\n|move|p2b: Calyrex|Seed Bomb|p1a: Tyranitar\n|-supereffective|p1a: Tyranitar\n|-damage|p1a: Tyranitar|0 fnt\n|faint|p1a: Tyranitar\n|-ability|p2b: Calyrex|Chilling Neigh|boost\n|-boost|p2b: Calyrex|atk|1\n|move|p1b: Tinkaton|Encore|p2b: Calyrex\n|-start|p2b: Calyrex|Encore\n|\n|-weather|RainDance|[upkeep]\n|upkeep\n|\n|t:|1774238699\n|switch|p1a: Miraidon|Miraidon, L50|100/100\n|-activate|p1a: Miraidon|ability: Hadron Engine\n|turn|4\n|\n|t:|1774238713\n|move|p2a: Bukele|Bleakwind Storm|p1a: Miraidon|[spread] p1a,p1b\n|-resisted|p1a: Miraidon\n|-resisted|p1b: Tinkaton\n|-damage|p1a: Miraidon|83/100\n|-damage|p1b: Tinkaton|0 fnt\n|faint|p1b: Tinkaton\n|move|p1a: Miraidon|Volt Switch|p2a: Bukele\n|-supereffective|p2a: Bukele\n|-damage|p2a: Bukele|0 fnt\n|faint|p2a: Bukele\n|\n|t:|1774238719\n|switch|p1a: Lunala|Lunala, L50|100/100|[from] Volt Switch\n|move|p2b: Calyrex|Seed Bomb|p1a: Lunala\n|-damage|p1a: Lunala|73/100\n|\n|-weather|RainDance|[upkeep]\n|-sideend|p2: JERRY RIVERA|move: Tailwind\n|upkeep\n|\n|t:|1774238726\n|switch|p2a: Kyogre|Kyogre, L50|100/100\n|switch|p1b: Miraidon|Miraidon, L50|83/100\n|-activate|p1b: Miraidon|ability: Hadron Engine\n|turn|5\n|\n|t:|1774238740\n|move|p2a: Kyogre|Water Spout|p1b: Miraidon|[spread] p1a,p1b\n|-crit|p1a: Lunala\n|-resisted|p1b: Miraidon\n|-damage|p1a: Lunala|0 fnt\n|-damage|p1b: Miraidon|39/100\n|faint|p1a: Lunala\n|move|p1b: Miraidon|Electro Drift|p2a: Kyogre\n|-supereffective|p2a: Kyogre\n|-crit|p2a: Kyogre\n|-damage|p2a: Kyogre|0 fnt\n|faint|p2a: Kyogre\n|move|p2b: Calyrex|Seed Bomb|p1b: Miraidon\n|-resisted|p1b: Miraidon\n|-damage|p1b: Miraidon|3/100\n|\n|-weather|RainDance|[upkeep]\n|-fieldend|move: Electric Terrain\n|upkeep\n|turn|6\n|\n|t:|1774238753\n|move|p1b: Miraidon|Electro Drift|p2b: Calyrex\n|-resisted|p2b: Calyrex\n|-damage|p2b: Calyrex|49/100\n|move|p2b: Calyrex|Seed Bomb|p1b: Miraidon\n|-resisted|p1b: Miraidon\n|-damage|p1b: Miraidon|0 fnt\n|faint|p1b: Miraidon\n|\n|win|JERRY RIVERA\n|raw|CarajilloMan's rating: 1365 &rarr; <strong>1344</strong><br />(-21 for losing)\n|raw|JERRY RIVERA's rating: 1348 &rarr; <strong>1369</strong><br />(+21 for winning)\n|l|\u2606CarajilloMan\n|player|p1|\n","uploadtime":1774238965,"views":10,"formatid":"gen9vgc2026regi","rating":1344,"private":0,"password":null}