{"id":"gen9vgc2026regi-2553353754","format":"[Gen 9] VGC 2026 Reg I","players":["Cello L.","barcelonaboy"],"log":"|j|\u2606Cello L.\n|j|\u2606barcelonaboy\n|t:|1772823131\n|gametype|doubles\n|player|p1|Cello L.|psychic-gen4|1337\n|player|p2|barcelonaboy|170|1429\n|gen|9\n|tier|[Gen 9] VGC 2026 Reg I\n|rated|\n|rule|Species Clause: Limit one of each Pok\u00e9mon\n|rule|Item Clause: Limit 1 of each item\n|clearpoke\n|poke|p1|Miraidon, L50|\n|poke|p1|Calyrex-Ice, L50|\n|poke|p1|Landorus, L50, M|\n|poke|p1|Urshifu-*, L50, M|\n|poke|p1|Incineroar, L50, M|\n|poke|p1|Amoonguss, L50, F|\n|poke|p2|Kyogre, L50|\n|poke|p2|Zacian-*, L50|\n|poke|p2|Chien-Pao, L50|\n|poke|p2|Roaring Moon, L50|\n|poke|p2|Amoonguss, L50, F|\n|poke|p2|Grimmsnarl, L50, M|\n|teampreview|4\n|inactive|Battle timer is ON: inactive players will automatically lose when time's up. (requested by barcelonaboy)\n|inactive|Cello L. has 60 seconds left.\n|inactive|barcelonaboy has 60 seconds left.\n|\n|t:|1772823184\n|teamsize|p1|4\n|teamsize|p2|4\n|start\n|switch|p1a: Calyrex|Calyrex-Ice, L50|100/100\n|switch|p1b: Incineroar|Incineroar, L50, M|100/100\n|switch|p2a: Grimmsnarl|Grimmsnarl, L50, M|100/100\n|switch|p2b: Zacian|Zacian-Crowned, L50|100/100\n|-ability|p1a: Calyrex|As One\n|-ability|p1a: Calyrex|Unnerve\n|-ability|p2b: Zacian|Intrepid Sword|boost\n|-boost|p2b: Zacian|atk|1\n|-ability|p1b: Incineroar|Intimidate|boost\n|-unboost|p2a: Grimmsnarl|atk|1\n|-unboost|p2b: Zacian|atk|1\n|turn|1\n|\n|t:|1772823206\n|switch|p2a: Kyogre|Kyogre, L50|100/100\n|-weather|RainDance|[from] ability: Drizzle|[of] p2a: Kyogre\n|move|p2b: Zacian|Protect|p2b: Zacian\n|-singleturn|p2b: Zacian|Protect\n|move|p1b: Incineroar|Fake Out|p2b: Zacian\n|-activate|p2b: Zacian|move: Protect\n|move|p1a: Calyrex|Trick Room|p1a: Calyrex\n|-fieldstart|move: Trick Room|[of] p1a: Calyrex\n|\n|-weather|RainDance|[upkeep]\n|upkeep\n|turn|2\n|inactive|Cello L. has 30 seconds left.\n|\n|t:|1772823233\n|switch|p2b: Grimmsnarl|Grimmsnarl, L50, M|100/100\n|move|p1a: Calyrex|Protect|p1a: Calyrex\n|-singleturn|p1a: Calyrex|Protect\n|move|p1b: Incineroar|U-turn|p2a: Kyogre\n|-damage|p2a: Kyogre|81/100\n|\n|t:|1772823239\n|switch|p1b: Amoonguss|Amoonguss, L50, F|100/100|[from] U-turn\n|move|p2a: Kyogre|Water Spout|p1a: Calyrex|[spread] p1b\n|-activate|p1a: Calyrex|move: Protect\n|-resisted|p1b: Amoonguss\n|-damage|p1b: Amoonguss|61/100\n|\n|-weather|RainDance|[upkeep]\n|upkeep\n|turn|3\n|\n|t:|1772823261\n|switch|p2a: Zacian|Zacian-Crowned, L50|100/100\n|move|p2b: Grimmsnarl|Reflect|p2b: Grimmsnarl\n|-sidestart|p2: barcelonaboy|Reflect\n|move|p1b: Amoonguss|Spore|p2a: Zacian\n|-status|p2a: Zacian|slp|[from] move: Spore\n|move|p1a: Calyrex|Glacial Lance|p2b: Grimmsnarl|[spread] p2a,p2b\n|-resisted|p2a: Zacian\n|-crit|p2b: Grimmsnarl\n|-damage|p2a: Zacian|85/100 slp\n|-damage|p2b: Grimmsnarl|8/100\n|\n|-weather|RainDance|[upkeep]\n|upkeep\n|turn|4\n|\n|t:|1772823278\n|move|p2b: Grimmsnarl|Light Screen|p2b: Grimmsnarl\n|-sidestart|p2: barcelonaboy|move: Light Screen\n|move|p1b: Amoonguss|Spore|p2b: Grimmsnarl\n|-status|p2b: Grimmsnarl|slp|[from] move: Spore\n|move|p1a: Calyrex|High Horsepower|p2a: Zacian\n|-supereffective|p2a: Zacian\n|-damage|p2a: Zacian|46/100 slp\n|cant|p2a: Zacian|slp\n|\n|-weather|RainDance|[upkeep]\n|upkeep\n|turn|5\n|inactive|Cello L. has 30 seconds left.\n|\n|t:|1772823312\n|switch|p1b: Miraidon|Miraidon, L50|100/100\n|-fieldstart|move: Electric Terrain|[from] ability: Hadron Engine|[of] p1b: Miraidon\n|switch|p2b: Kyogre|Kyogre, L50|81/100\n|cant|p2a: Zacian|slp\n|move|p1a: Calyrex|Glacial Lance|p2b: Kyogre|[spread] p2a,p2b\n|-resisted|p2a: Zacian\n|-resisted|p2b: Kyogre\n|-damage|p2a: Zacian|32/100 slp\n|-damage|p2b: Kyogre|67/100\n|\n|-weather|none\n|-fieldend|move: Trick Room\n|upkeep\n|turn|6\n|\n|t:|1772823334\n|switch|p2b: Grimmsnarl|Grimmsnarl, L50, M|8/100 slp\n|move|p1b: Miraidon|Volt Switch|p2a: Zacian\n|-damage|p2a: Zacian|0 fnt\n|faint|p2a: Zacian\n|\n|t:|1772823345\n|switch|p1b: Amoonguss|Amoonguss, L50, F|94/100|[from] Volt Switch\n|move|p1a: Calyrex|Glacial Lance|p2b: Grimmsnarl\n|-damage|p2b: Grimmsnarl|0 fnt\n|faint|p2b: Grimmsnarl\n|-ability|p1a: Calyrex|Chilling Neigh|boost\n|-boost|p1a: Calyrex|atk|1\n|\n|upkeep\n|\n|t:|1772823354\n|switch|p2a: Kyogre|Kyogre, L50|67/100\n|switch|p2b: Chien-Pao|Chien-Pao, L50|100/100\n|-ability|p2b: Chien-Pao|Sword of Ruin\n|-weather|RainDance|[from] ability: Drizzle|[of] p2a: Kyogre\n|turn|7\n|inactive|Cello L. has 30 seconds left.\n|\n|t:|1772823388\n|move|p1b: Amoonguss|Rage Powder|p1b: Amoonguss\n|-singleturn|p1b: Amoonguss|move: Rage Powder\n|move|p2b: Chien-Pao|Ice Spinner|p1b: Amoonguss\n|-supereffective|p1b: Amoonguss\n|-damage|p1b: Amoonguss|22/100\n|-damage|p2b: Chien-Pao|84/100|[from] item: Rocky Helmet|[of] p1b: Amoonguss\n|-fieldend|move: Electric Terrain\n|move|p2a: Kyogre|Water Spout|p1b: Amoonguss|[spread] p1a,p1b\n|-resisted|p1b: Amoonguss\n|-crit|p1b: Amoonguss\n|-damage|p1a: Calyrex|59/100\n|-damage|p1b: Amoonguss|0 fnt\n|faint|p1b: Amoonguss\n|move|p1a: Calyrex|Trick Room|p1a: Calyrex\n|-fieldstart|move: Trick Room|[of] p1a: Calyrex\n|\n|-weather|RainDance|[upkeep]\n|upkeep\n|\n|t:|1772823400\n|switch|p1b: Incineroar|Incineroar, L50, M|100/100\n|-ability|p1b: Incineroar|Intimidate|boost\n|-unboost|p2a: Kyogre|atk|1\n|-unboost|p2b: Chien-Pao|atk|1\n|turn|8\n|\n|t:|1772823411\n|move|p2b: Chien-Pao|Protect|p2b: Chien-Pao\n|-singleturn|p2b: Chien-Pao|Protect\n|move|p1a: Calyrex|Glacial Lance|p2a: Kyogre|[spread] p2a\n|-activate|p2b: Chien-Pao|move: Protect\n|-resisted|p2a: Kyogre\n|-damage|p2a: Kyogre|37/100\n|move|p1b: Incineroar|Knock Off|p2a: Kyogre\n|-damage|p2a: Kyogre|3/100\n|-enditem|p2a: Kyogre|Assault Vest|[from] move: Knock Off|[of] p1b: Incineroar\n|move|p2a: Kyogre|Origin Pulse|p1a: Calyrex|[spread] p1a,p1b\n|-supereffective|p1b: Incineroar\n|-damage|p1a: Calyrex|15/100\n|-damage|p1b: Incineroar|11/100\n|\n|-weather|RainDance|[upkeep]\n|upkeep\n|turn|9\n|inactive|Cello L. has 30 seconds left.\n|inactive|barcelonaboy has 30 seconds left.\n|inactive|Cello L. has 20 seconds left.\n|\n|t:|1772823449\n|move|p1a: Calyrex|Protect|p1a: Calyrex\n|-singleturn|p1a: Calyrex|Protect\n|move|p2b: Chien-Pao|Sucker Punch||[still]\n|-fail|p2b: Chien-Pao\n|move|p1b: Incineroar|Knock Off|p2a: Kyogre\n|-damage|p2a: Kyogre|0 fnt\n|faint|p2a: Kyogre\n|\n|-weather|RainDance|[upkeep]\n|upkeep\n|turn|10\n|\n|t:|1772823465\n|move|p2b: Chien-Pao|Sucker Punch|p1a: Calyrex\n|-supereffective|p1a: Calyrex\n|-damage|p1a: Calyrex|0 fnt\n|faint|p1a: Calyrex\n|move|p1b: Incineroar|U-turn|p2b: Chien-Pao\n|-supereffective|p2b: Chien-Pao\n|-damage|p2b: Chien-Pao|46/100\n|\n|t:|1772823471\n|switch|p1b: Miraidon|Miraidon, L50|100/100|[from] U-turn\n|-fieldstart|move: Electric Terrain|[from] ability: Hadron Engine|[of] p1b: Miraidon\n|\n|-weather|RainDance|[upkeep]\n|-sideend|p2: barcelonaboy|Reflect\n|upkeep\n|\n|t:|1772823476\n|switch|p1a: Incineroar|Incineroar, L50, M|11/100\n|-ability|p1a: Incineroar|Intimidate|boost\n|-unboost|p2b: Chien-Pao|atk|1\n|turn|11\n|\n|t:|1772823482\n|-terastallize|p1b: Miraidon|Electric\n|move|p2b: Chien-Pao|Protect|p2b: Chien-Pao\n|-singleturn|p2b: Chien-Pao|Protect\n|move|p1a: Incineroar|Fake Out|p2b: Chien-Pao\n|-activate|p2b: Chien-Pao|move: Protect\n|move|p1b: Miraidon|Electro Drift|p2b: Chien-Pao\n|-activate|p2b: Chien-Pao|move: Protect\n|\n|-weather|none\n|-sideend|p2: barcelonaboy|move: Light Screen\n|-fieldend|move: Trick Room\n|upkeep\n|turn|12\n|\n|t:|1772823503\n|-terastallize|p2b: Chien-Pao|Stellar\n|move|p2b: Chien-Pao|Sucker Punch|p1a: Incineroar\n|-resisted|p1a: Incineroar\n|-damage|p1a: Incineroar|0 fnt\n|faint|p1a: Incineroar\n|move|p1b: Miraidon|Electro Drift|p2b: Chien-Pao\n|-damage|p2b: Chien-Pao|0 fnt\n|faint|p2b: Chien-Pao\n|\n|win|Cello L.\n|raw|Cello L.'s rating: 1337 &rarr; <strong>1362</strong><br />(+25 for winning)\n|raw|barcelonaboy's rating: 1429 &rarr; <strong>1404</strong><br />(-25 for losing)\n|l|\u2606barcelonaboy\n|player|p2|\n","uploadtime":1772823547,"views":17,"formatid":"gen9vgc2026regi","rating":1362,"private":0,"password":null}