{"id":"gen9vgc2026regi-2565336342","format":"[Gen 9] VGC 2026 Reg I","players":["ScribbleScribble","TheManOfSausage"],"log":"|j|\u2606ScribbleScribble\n|j|\u2606TheManOfSausage\n|t:|1774264737\n|gametype|doubles\n|player|p1|ScribbleScribble|mina-lgpe|1621\n|player|p2|TheManOfSausage|1|1527\n|gen|9\n|tier|[Gen 9] VGC 2026 Reg I\n|rated|\n|rule|Species Clause: Limit one of each Pok\u00e9mon\n|rule|Item Clause: Limit 1 of each item\n|clearpoke\n|poke|p1|Calyrex-Ice, L50|\n|poke|p1|Kyogre, L50|\n|poke|p1|Tornadus, L50, M|\n|poke|p1|Indeedee-F, L50, F|\n|poke|p1|Urshifu-*, L50, F|\n|poke|p1|Landorus, L50, M|\n|poke|p2|Calyrex-Shadow, L50|\n|poke|p2|Koraidon, L50|\n|poke|p2|Weezing-Galar, L50, M|\n|poke|p2|Brute Bonnet, L50|\n|poke|p2|Chi-Yu, L50|\n|poke|p2|Raging Bolt, L50|\n|teampreview|4\n|inactive|Battle timer is ON: inactive players will automatically lose when time's up. (requested by ScribbleScribble)\n|\n|t:|1774264756\n|teamsize|p1|4\n|teamsize|p2|4\n|start\n|switch|p1a: Tornadus|Tornadus, L50, M|100/100\n|switch|p1b: Calyrex|Calyrex-Ice, L50|100/100\n|switch|p2a: Koraidon|Koraidon, L50|100/100\n|switch|p2b: Weezing|Weezing-Galar, L50, M|100/100\n|-ability|p2b: Weezing|Neutralizing Gas\n|-block|p2a: Koraidon|item: Ability Shield\n|-ability|p1b: Calyrex|As One\n|-ability|p1b: Calyrex|Unnerve\n|-weather|SunnyDay|[from] ability: Orichalcum Pulse|[of] p2a: Koraidon\n|-activate|p2a: Koraidon|Orichalcum Pulse|[source]\n|turn|1\n|\n|t:|1774264766\n|switch|p1b: Kyogre|Kyogre, L50|100/100\n|-terastallize|p2a: Koraidon|Fire\n|move|p2a: Koraidon|Flare Blitz|p1a: Tornadus\n|-enditem|p1a: Tornadus|Focus Sash\n|-damage|p1a: Tornadus|1/100\n|-damage|p2a: Koraidon|72/100|[from] Recoil\n|move|p1a: Tornadus|Tailwind|p1a: Tornadus\n|-sidestart|p1: ScribbleScribble|move: Tailwind\n|move|p2b: Weezing|Toxic Spikes|p1b: Kyogre\n|-sidestart|p1: ScribbleScribble|move: Toxic Spikes\n|\n|-weather|SunnyDay|[upkeep]\n|upkeep\n|turn|2\n|\n|t:|1774264779\n|move|p2a: Koraidon|Protect|p2a: Koraidon\n|-singleturn|p2a: Koraidon|Protect\n|move|p1a: Tornadus|Rain Dance|p1a: Tornadus\n|-weather|RainDance\n|move|p1b: Kyogre|Water Spout|p2a: Koraidon|[spread] p2b\n|-activate|p2a: Koraidon|move: Protect\n|-damage|p2b: Weezing|0 fnt\n|faint|p2b: Weezing\n|-end|p2b: Weezing|ability: Neutralizing Gas\n|\n|-weather|RainDance|[upkeep]\n|upkeep\n|\n|t:|1774264786\n|switch|p2b: Brute Bonnet|Brute Bonnet, L50|100/100\n|turn|3\n|\n|t:|1774264791\n|switch|p2a: Rice Shower|Calyrex-Shadow, L50|100/100\n|-ability|p2a: Rice Shower|As One\n|-ability|p2a: Rice Shower|Unnerve\n|-terastallize|p1b: Kyogre|Grass\n|move|p2b: Brute Bonnet|Sucker Punch|p1a: Tornadus\n|-damage|p1a: Tornadus|0 fnt\n|faint|p1a: Tornadus\n|move|p1b: Kyogre|Water Spout|p2b: Brute Bonnet|[spread] p2a,p2b\n|-resisted|p2b: Brute Bonnet\n|-enditem|p2a: Rice Shower|Focus Sash\n|-damage|p2a: Rice Shower|1/100\n|-damage|p2b: Brute Bonnet|51/100\n|\n|-weather|RainDance|[upkeep]\n|upkeep\n|\n|t:|1774264809\n|switch|p1a: Landorus|Landorus, L50, M|100/100\n|turn|4\n|\n|t:|1774264818\n|switch|p1b: Calyrex|Calyrex-Ice, L50|100/100\n|-ability|p1b: Calyrex|As One\n|-ability|p1b: Calyrex|Unnerve\n|-status|p1b: Calyrex|psn\n|move|p2a: Rice Shower|Protect|p2a: Rice Shower\n|-singleturn|p2a: Rice Shower|Protect\n|move|p1a: Landorus|Sludge Bomb|p2b: Brute Bonnet\n|-supereffective|p2b: Brute Bonnet\n|-damage|p2b: Brute Bonnet|0 fnt\n|faint|p2b: Brute Bonnet\n|-end|p2b: Brute Bonnet|Protosynthesis|[silent]\n|\n|-weather|RainDance|[upkeep]\n|-damage|p1b: Calyrex|88/100 psn|[from] psn\n|-sideend|p1: ScribbleScribble|move: Tailwind\n|upkeep\n|\n|t:|1774264821\n|switch|p2b: Koraidon|Koraidon, L50, tera:Fire|72/100\n|-weather|SunnyDay|[from] ability: Orichalcum Pulse|[of] p2b: Koraidon\n|-activate|p2b: Koraidon|Orichalcum Pulse|[source]\n|turn|5\n|\n|t:|1774264843\n|move|p1a: Landorus|Protect|p1a: Landorus\n|-singleturn|p1a: Landorus|Protect\n|move|p2a: Rice Shower|Astral Barrage|p1b: Calyrex|[spread] p1b\n|-activate|p1a: Landorus|move: Protect\n|-supereffective|p1b: Calyrex\n|-damage|p1b: Calyrex|0 fnt\n|faint|p1b: Calyrex\n|-ability|p2a: Rice Shower|Grim Neigh|boost\n|-boost|p2a: Rice Shower|spa|1\n|move|p2b: Koraidon|Flare Blitz|p1a: Landorus\n|-activate|p1a: Landorus|move: Protect\n|\n|-weather|SunnyDay|[upkeep]\n|upkeep\n|\n|t:|1774264844\n|switch|p1b: Kyogre|Kyogre, L50, tera:Grass|100/100\n|-status|p1b: Kyogre|psn\n|-weather|RainDance|[from] ability: Drizzle|[of] p1b: Kyogre\n|turn|6\n|\n|t:|1774264848\n|move|p2a: Rice Shower|Protect|p2a: Rice Shower\n|-singleturn|p2a: Rice Shower|Protect\n|move|p2b: Koraidon|Protect|p2b: Koraidon\n|-singleturn|p2b: Koraidon|Protect\n|move|p1b: Kyogre|Water Spout|p2a: Rice Shower|[spread] \n|-activate|p2a: Rice Shower|move: Protect\n|-activate|p2b: Koraidon|move: Protect\n|move|p1a: Landorus|Sandsear Storm|p2b: Koraidon|[spread] \n|-activate|p2a: Rice Shower|move: Protect\n|-activate|p2b: Koraidon|move: Protect\n|\n|-weather|RainDance|[upkeep]\n|-damage|p1b: Kyogre|88/100 psn|[from] psn\n|upkeep\n|turn|7\n|\n|t:|1774264854\n|move|p2a: Rice Shower|Astral Barrage|p1a: Landorus|[spread] p1a,p1b\n|-damage|p1a: Landorus|8/100\n|-damage|p1b: Kyogre|23/100 psn\n|move|p2b: Koraidon|Flare Blitz|p1b: Kyogre\n|-supereffective|p1b: Kyogre\n|-damage|p1b: Kyogre|0 fnt\n|faint|p1b: Kyogre\n|-damage|p2b: Koraidon|65/100|[from] Recoil\n|move|p1a: Landorus|Sandsear Storm|p2a: Rice Shower|[spread] p2a,p2b\n|-supereffective|p2b: Koraidon\n|-damage|p2a: Rice Shower|0 fnt\n|-damage|p2b: Koraidon|0 fnt\n|faint|p2a: Rice Shower\n|faint|p2b: Koraidon\n|\n|win|ScribbleScribble\n|raw|ScribbleScribble's rating: 1621 &rarr; <strong>1636</strong><br />(+15 for winning)\n|raw|TheManOfSausage's rating: 1527 &rarr; <strong>1512</strong><br />(-15 for losing)\n|l|\u2606ScribbleScribble\n|player|p1|\n|c|\u2606TheManOfSausage|gg\n|l|\u2606TheManOfSausage\n|player|p2|\n","uploadtime":1774265016,"views":15,"formatid":"gen9vgc2026regi","rating":1512,"private":0,"password":null}