{"id":"gen9vgc2026regi-2549012106","format":"[Gen 9] VGC 2026 Reg I","players":["jpto5","BatiBende"],"log":"|j|\u2606jpto5\n|j|\u2606BatiBende\n|t:|1772295772\n|gametype|doubles\n|player|p1|jpto5|1|1103\n|player|p2|BatiBende|madame-gen4|1121\n|gen|9\n|tier|[Gen 9] VGC 2026 Reg I\n|rated|\n|rule|Species Clause: Limit one of each Pok\u00e9mon\n|rule|Item Clause: Limit 1 of each item\n|clearpoke\n|poke|p1|Tornadus, L50, M|\n|poke|p1|Kyogre, L50|\n|poke|p1|Zacian-*, L50|\n|poke|p1|Basculegion, L50, M|\n|poke|p1|Incineroar, L50, M|\n|poke|p1|Archaludon, L50, F|\n|poke|p2|Carbink, L50|\n|poke|p2|Miraidon, L50|\n|poke|p2|Tyranitar, L50, F|\n|poke|p2|Houndstone, L50, M|\n|poke|p2|Avalugg-Hisui, L50, M|\n|poke|p2|Necrozma-Dusk-Mane, L50|\n|teampreview|4\n|inactive|Battle timer is ON: inactive players will automatically lose when time's up. (requested by BatiBende)\n|inactive|jpto5 also wants the timer to be on.\n|\n|t:|1772295791\n|teamsize|p1|4\n|teamsize|p2|4\n|start\n|switch|p1a: Tornadus|Tornadus, L50, M|100/100\n|switch|p1b: Kyogre|Kyogre, L50|100/100\n|switch|p2a: Miraidon|Miraidon, L50|100/100\n|switch|p2b: Carbink|Carbink, L50, shiny|100/100\n|-weather|RainDance|[from] ability: Drizzle|[of] p1b: Kyogre\n|-fieldstart|move: Electric Terrain|[from] ability: Hadron Engine|[of] p2a: Miraidon\n|-enditem|p2b: Carbink|Electric Seed\n|-boost|p2b: Carbink|def|1|[from] item: Electric Seed\n|turn|1\n|\n|t:|1772295812\n|move|p2a: Miraidon|Protect|p2a: Miraidon\n|-singleturn|p2a: Miraidon|Protect\n|move|p1a: Tornadus|Tailwind|p1a: Tornadus\n|-sidestart|p1: jpto5|move: Tailwind\n|move|p1b: Kyogre|Water Spout|p2b: Carbink|[spread] p2b\n|-activate|p2a: Miraidon|move: Protect\n|-supereffective|p2b: Carbink\n|-ability|p2b: Carbink|Sturdy\n|-damage|p2b: Carbink|1/100\n|move|p2b: Carbink|Trick Room|p2b: Carbink\n|-fieldstart|move: Trick Room|[of] p2b: Carbink\n|\n|-weather|RainDance|[upkeep]\n|upkeep\n|turn|2\n|\n|t:|1772295832\n|-terastallize|p1b: Kyogre|Ground\n|move|p2b: Carbink|Reflect|p2b: Carbink\n|-sidestart|p2: BatiBende|Reflect\n|move|p2a: Miraidon|Electro Drift|p1b: Kyogre\n|-immune|p1b: Kyogre\n|move|p1b: Kyogre|Tera Blast|p2a: Miraidon|[anim] Tera Blast Ground\n|-supereffective|p2a: Miraidon\n|-damage|p2a: Miraidon|18/100\n|-enditem|p2a: Miraidon|Red Card|[of] p1b: Kyogre\n|drag|p1b: Zacian|Zacian-Crowned, L50|100/100\n|-ability|p1b: Zacian|Intrepid Sword|boost\n|-boost|p1b: Zacian|atk|1\n|move|p1a: Tornadus|Bleakwind Storm|p2a: Miraidon|[spread] p2a,p2b\n|-resisted|p2a: Miraidon\n|-resisted|p2b: Carbink\n|-damage|p2a: Miraidon|5/100\n|-damage|p2b: Carbink|0 fnt\n|-unboost|p2a: Miraidon|spe|1\n|faint|p2b: Carbink\n|\n|-weather|RainDance|[upkeep]\n|upkeep\n|\n|t:|1772295854\n|switch|p2b: Tyranitar|Tyranitar, L50, F|100/100\n|-weather|Sandstorm|[from] ability: Sand Stream|[of] p2b: Tyranitar\n|turn|3\n|inactive|BatiBende has 30 seconds left.\n|inactive|jpto5 has 30 seconds left.\n|inactive|BatiBende has 20 seconds left.\n|\n|t:|1772295893\n|switch|p1a: Kyogre|Kyogre, L50, tera:Ground|100/100\n|-weather|RainDance|[from] ability: Drizzle|[of] p1a: Kyogre\n|-terastallize|p2b: Tyranitar|Ghost\n|move|p2b: Tyranitar|High Horsepower|p1b: Zacian\n|-supereffective|p1b: Zacian\n|-damage|p1b: Zacian|41/100\n|move|p2a: Miraidon|Draco Meteor|p1a: Kyogre\n|-damage|p1a: Kyogre|54/100\n|-unboost|p2a: Miraidon|spa|2\n|move|p1b: Zacian|Behemoth Blade|p2b: Tyranitar\n|-damage|p2b: Tyranitar|56/100\n|\n|-weather|RainDance|[upkeep]\n|upkeep\n|turn|4\n|inactive|jpto5 has 30 seconds left.\n|inactive|BatiBende has 30 seconds left.\n|\n|t:|1772295926\n|move|p2b: Tyranitar|High Horsepower|p1b: Zacian\n|-supereffective|p1b: Zacian\n|-damage|p1b: Zacian|0 fnt\n|faint|p1b: Zacian\n|move|p2a: Miraidon|Draco Meteor|p1a: Kyogre\n|-damage|p1a: Kyogre|29/100\n|-unboost|p2a: Miraidon|spa|2\n|move|p1a: Kyogre|Water Spout|p2b: Tyranitar|[spread] p2a,p2b\n|-resisted|p2a: Miraidon\n|-damage|p2a: Miraidon|0 fnt\n|-damage|p2b: Tyranitar|38/100\n|faint|p2a: Miraidon\n|\n|-weather|RainDance|[upkeep]\n|-sideend|p1: jpto5|move: Tailwind\n|upkeep\n|\n|t:|1772295942\n|switch|p2a: Avalugg|Avalugg-Hisui, L50, M|100/100\n|switch|p1b: Archaludon|Archaludon, L50, F|100/100\n|turn|5\n|inactive|BatiBende has 30 seconds left.\n|\n|t:|1772295972\n|move|p2a: Avalugg|Ice Fang|p1a: Kyogre\n|-supereffective|p1a: Kyogre\n|-damage|p1a: Kyogre|0 fnt\n|faint|p1a: Kyogre\n|move|p2b: Tyranitar|High Horsepower|p1b: Archaludon|[miss]\n|-miss|p2b: Tyranitar|p1b: Archaludon\n|move|p1b: Archaludon|Electro Shot||[still]\n|-prepare|p1b: Archaludon|Electro Shot\n|-boost|p1b: Archaludon|spa|1\n|-anim|p1b: Archaludon|Electro Shot|p2b: Tyranitar\n|-damage|p2b: Tyranitar|0 fnt\n|faint|p2b: Tyranitar\n|\n|-weather|RainDance|[upkeep]\n|-fieldend|move: Trick Room\n|-fieldend|move: Electric Terrain\n|upkeep\n|\n|t:|1772295987\n|switch|p1a: Tornadus|Tornadus, L50, M|100/100\n|turn|6\n|\n|t:|1772295994\n|move|p1a: Tornadus|Taunt|p2a: Avalugg\n|-start|p2a: Avalugg|move: Taunt\n|move|p1b: Archaludon|Flash Cannon|p2a: Avalugg\n|-supereffective|p2a: Avalugg\n|-damage|p2a: Avalugg|0 fnt\n|faint|p2a: Avalugg\n|\n|win|jpto5\n|raw|jpto5's rating: 1103 &rarr; <strong>1129</strong><br />(+26 for winning)\n|raw|BatiBende's rating: 1121 &rarr; <strong>1095</strong><br />(-26 for losing)\n|l|\u2606BatiBende\n|player|p2|\n|l|\u2606jpto5\n|player|p1|\n","uploadtime":1772296230,"views":10,"formatid":"gen9vgc2026regi","rating":1095,"private":0,"password":null}