{"id":"gen9vgc2026regi-2573137754","format":"[Gen 9] VGC 2026 Reg I","players":["Maphoo","VJ2511"],"log":"|j|\u2606Maphoo\n|j|\u2606VJ2511\n|t:|1775095111\n|gametype|doubles\n|player|p1|Maphoo|1|1516\n|player|p2|VJ2511|266|1525\n|gen|9\n|tier|[Gen 9] VGC 2026 Reg I\n|rated|\n|rule|Species Clause: Limit one of each Pok\u00e9mon\n|rule|Item Clause: Limit 1 of each item\n|clearpoke\n|poke|p1|Lunala, L50|\n|poke|p1|Indeedee-F, L50, F|\n|poke|p1|Roaring Moon, L50|\n|poke|p1|Kyogre, L50|\n|poke|p1|Ursaluna, L50, M|\n|poke|p1|Ogerpon, L50, F|\n|poke|p2|Calyrex-Ice, L50|\n|poke|p2|Amoonguss, L50, F|\n|poke|p2|Incineroar, L50, F|\n|poke|p2|Urshifu-*, L50, F|\n|poke|p2|Iron Hands, L50|\n|poke|p2|Ditto, L50|\n|teampreview|4\n|inactive|Battle timer is ON: inactive players will automatically lose when time's up. (requested by VJ2511)\n|inactive|VJ2511 has 60 seconds left.\n|\n|t:|1775095145\n|teamsize|p1|4\n|teamsize|p2|4\n|start\n|switch|p1a: Lunala|Lunala, L50, shiny|100/100\n|switch|p1b: Ogerpon|Ogerpon, L50, F|100/100\n|switch|p2a: Calyrex|Calyrex-Ice, L50|100/100\n|switch|p2b: Amoonguss|Amoonguss, L50, F|100/100\n|-ability|p2a: Calyrex|As One\n|-ability|p2a: Calyrex|Unnerve\n|turn|1\n|inactive|Maphoo has 30 seconds left.\n|\n|t:|1775095176\n|move|p2a: Calyrex|Protect|p2a: Calyrex\n|-singleturn|p2a: Calyrex|Protect\n|move|p1b: Ogerpon|Taunt|p2b: Amoonguss\n|-start|p2b: Amoonguss|move: Taunt\n|move|p1a: Lunala|Meteor Beam||[still]\n|-prepare|p1a: Lunala|Meteor Beam\n|-boost|p1a: Lunala|spa|1\n|-enditem|p1a: Lunala|Power Herb\n|-anim|p1a: Lunala|Meteor Beam|p2a: Calyrex\n|-activate|p2a: Calyrex|move: Protect\n|cant|p2b: Amoonguss|move: Taunt|Spore\n|\n|upkeep\n|turn|2\n|\n|t:|1775095190\n|move|p1b: Ogerpon|Taunt|p2a: Calyrex\n|-start|p2a: Calyrex|move: Taunt\n|move|p1a: Lunala|Moongeist Beam|p2a: Calyrex\n|-supereffective|p2a: Calyrex\n|-damage|p2a: Calyrex|0 fnt\n|faint|p2a: Calyrex\n|move|p2b: Amoonguss|Pollen Puff|p2: Calyrex|[notarget]\n|-fail|p2b: Amoonguss\n|\n|upkeep\n|\n|t:|1775095200\n|switch|p2a: Urshifu|Urshifu, L50, F|100/100\n|turn|3\n|\n|t:|1775095207\n|move|p2a: Urshifu|Detect|p2a: Urshifu\n|-singleturn|p2a: Urshifu|Protect\n|move|p1b: Ogerpon|Ivy Cudgel|p2a: Urshifu\n|-activate|p2a: Urshifu|move: Protect\n|move|p1a: Lunala|Moongeist Beam|p2a: Urshifu\n|-activate|p2a: Urshifu|move: Protect\n|move|p2b: Amoonguss|Pollen Puff|p1b: Ogerpon\n|-supereffective|p1b: Ogerpon\n|-damage|p1b: Ogerpon|53/100\n|\n|-end|p2b: Amoonguss|move: Taunt\n|upkeep\n|turn|4\n|inactive|VJ2511 has 30 seconds left.\n|\n|t:|1775095237\n|switch|p1b: Indeedee|Indeedee-F, L50, F, shiny|100/100\n|-fieldstart|move: Psychic Terrain|[from] ability: Psychic Surge|[of] p1b: Indeedee\n|-enditem|p1b: Indeedee|Psychic Seed\n|-boost|p1b: Indeedee|spd|1|[from] item: Psychic Seed\n|-terastallize|p2a: Urshifu|Dark\n|move|p2a: Urshifu|Wicked Blow|p1a: Lunala\n|-supereffective|p1a: Lunala\n|-crit|p1a: Lunala\n|-damage|p1a: Lunala|0 fnt\n|faint|p1a: Lunala\n|move|p2b: Amoonguss|Pollen Puff|p2a: Urshifu\n|\n|upkeep\n|\n|t:|1775095257\n|switch|p1a: Kyogre|Kyogre, L50, shiny|100/100\n|-weather|RainDance|[from] ability: Drizzle|[of] p1a: Kyogre\n|turn|5\n|\n|t:|1775095263\n|-terastallize|p1a: Kyogre|Grass\n|move|p2a: Urshifu|Detect|p2a: Urshifu\n|-singleturn|p2a: Urshifu|Protect\n|move|p1b: Indeedee|Follow Me|p1b: Indeedee\n|-singleturn|p1b: Indeedee|move: Follow Me\n|move|p1a: Kyogre|Water Spout|p2b: Amoonguss|[spread] p2b\n|-activate|p2a: Urshifu|move: Protect\n|-resisted|p2b: Amoonguss\n|-damage|p2b: Amoonguss|54/100\n|move|p2b: Amoonguss|Spore|p1b: Indeedee\n|-status|p1b: Indeedee|slp|[from] move: Spore\n|\n|-weather|RainDance|[upkeep]\n|upkeep\n|turn|6\n|\n|t:|1775095281\n|switch|p1b: Ogerpon|Ogerpon, L50, F|53/100\n|move|p2a: Urshifu|Wicked Blow|p1a: Kyogre\n|-crit|p1a: Kyogre\n|-damage|p1a: Kyogre|21/100\n|move|p1a: Kyogre|Origin Pulse|p2a: Urshifu|[spread] p2a\n|-miss|p1a: Kyogre|p2b: Amoonguss\n|-enditem|p2a: Urshifu|Focus Sash\n|-damage|p2a: Urshifu|1/100\n|move|p2b: Amoonguss|Pollen Puff|p1a: Kyogre\n|-supereffective|p1a: Kyogre\n|-damage|p1a: Kyogre|0 fnt\n|faint|p1a: Kyogre\n|\n|-weather|RainDance|[upkeep]\n|upkeep\n|j| Llunati\n|\n|t:|1775095298\n|switch|p1a: Indeedee|Indeedee-F, L50, F, shiny|100/100 slp\n|turn|7\n|\n|t:|1775095312\n|switch|p2b: Iron Hands|Iron Hands, L50, shiny|100/100\n|move|p2a: Urshifu|Detect|p2a: Urshifu\n|-singleturn|p2a: Urshifu|Protect\n|cant|p1a: Indeedee|slp\n|move|p1b: Ogerpon|Ivy Cudgel|p2a: Urshifu\n|-activate|p2a: Urshifu|move: Protect\n|\n|-weather|RainDance|[upkeep]\n|upkeep\n|turn|8\n|\n|t:|1775095327\n|switch|p2a: Amoonguss|Amoonguss, L50, F|87/100\n|cant|p1a: Indeedee|slp\n|move|p1b: Ogerpon|Ivy Cudgel|p2a: Amoonguss\n|-resisted|p2a: Amoonguss\n|-crit|p2a: Amoonguss\n|-damage|p2a: Amoonguss|69/100\n|move|p2b: Iron Hands|Drain Punch|p1b: Ogerpon\n|-damage|p1b: Ogerpon|0 fnt\n|faint|p1b: Ogerpon\n|\n|-weather|RainDance|[upkeep]\n|-fieldend|move: Psychic Terrain\n|upkeep\n|turn|9\n|-message|Maphoo forfeited.\n|\n|win|VJ2511\n|raw|Maphoo's rating: 1516 &rarr; <strong>1497</strong><br />(-19 for losing)\n|raw|VJ2511's rating: 1525 &rarr; <strong>1544</strong><br />(+19 for winning)\n","uploadtime":1775095341,"views":38,"formatid":"gen9vgc2026regi","rating":1497,"private":0,"password":null}