{"id":"gen9vgc2026regi-2576804820","format":"[Gen 9] VGC 2026 Reg I","players":["siryazed","jpto5"],"log":"|j|\u2606siryazed\n|j|\u2606jpto5\n|t:|1775507095\n|gametype|doubles\n|player|p1|siryazed|miku-fairy|1209\n|player|p2|jpto5|266|1259\n|gen|9\n|tier|[Gen 9] VGC 2026 Reg I\n|rated|\n|rule|Species Clause: Limit one of each Pok\u00e9mon\n|rule|Item Clause: Limit 1 of each item\n|clearpoke\n|poke|p1|Zacian-*, L50|\n|poke|p1|Miraidon, L50|\n|poke|p1|Ursaluna-Bloodmoon, L50, M|\n|poke|p1|Iron Hands, L50|\n|poke|p1|Whimsicott, L50, F|\n|poke|p1|Farigiraf, L50, F|\n|poke|p2|Tornadus, L50, M|\n|poke|p2|Kyogre, L50|\n|poke|p2|Zacian-*, L50|\n|poke|p2|Basculegion, L50, M|\n|poke|p2|Incineroar, L50, M|\n|poke|p2|Archaludon, L50, F|\n|teampreview|4\n|inactive|Battle timer is ON: inactive players will automatically lose when time's up. (requested by jpto5)\n|inactive|siryazed has 60 seconds left.\n|inactive|jpto5 has 60 seconds left.\n|\n|t:|1775507136\n|teamsize|p1|4\n|teamsize|p2|4\n|start\n|switch|p1a: Miraidon|Miraidon, L50|100/100\n|switch|p1b: Whimsicott|Whimsicott, L50, F|100/100\n|switch|p2a: Tornadus|Tornadus, L50, M|100/100\n|switch|p2b: Zacian|Zacian-Crowned, L50|100/100\n|-fieldstart|move: Electric Terrain|[from] ability: Hadron Engine|[of] p1a: Miraidon\n|-ability|p2b: Zacian|Intrepid Sword|boost\n|-boost|p2b: Zacian|atk|1\n|turn|1\n|\n|t:|1775507165\n|switch|p1a: Zacian|Zacian-Crowned, L50|100/100\n|-ability|p1a: Zacian|Intrepid Sword|boost\n|-boost|p1a: Zacian|atk|1\n|move|p2a: Tornadus|Taunt|p1b: Whimsicott\n|-start|p1b: Whimsicott|move: Taunt\n|cant|p1b: Whimsicott|move: Taunt|Tailwind\n|move|p2b: Zacian|Play Rough|p1a: Zacian\n|-resisted|p1a: Zacian\n|-damage|p1a: Zacian|60/100\n|\n|upkeep\n|turn|2\n|\n|t:|1775507187\n|switch|p1b: Iron Hands|Iron Hands, L50|100/100\n|-activate|p1b: Iron Hands|ability: Quark Drive\n|-start|p1b: Iron Hands|quarkdriveatk\n|move|p1a: Zacian|Protect|p1a: Zacian\n|-singleturn|p1a: Zacian|Protect\n|move|p2a: Tornadus|Tailwind|p2a: Tornadus\n|-sidestart|p2: jpto5|move: Tailwind\n|move|p2b: Zacian|Behemoth Blade|p1a: Zacian\n|-activate|p1a: Zacian|move: Protect\n|\n|upkeep\n|turn|3\n|\n|t:|1775507206\n|move|p1b: Iron Hands|Fake Out|p2b: Zacian\n|-resisted|p2b: Zacian\n|-damage|p2b: Zacian|90/100\n|cant|p2b: Zacian|flinch\n|move|p2a: Tornadus|Bleakwind Storm|p1b: Iron Hands|[spread] p1a,p1b\n|-resisted|p1a: Zacian\n|-damage|p1a: Zacian|44/100\n|-damage|p1b: Iron Hands|79/100\n|-unboost|p1a: Zacian|spe|1\n|move|p1a: Zacian|Behemoth Blade|p2b: Zacian\n|-damage|p2b: Zacian|15/100\n|\n|upkeep\n|turn|4\n|\n|t:|1775507225\n|move|p1a: Zacian|Protect|p1a: Zacian\n|-singleturn|p1a: Zacian|Protect\n|move|p2b: Zacian|Play Rough|p1b: Iron Hands\n|-supereffective|p1b: Iron Hands\n|-damage|p1b: Iron Hands|0 fnt\n|faint|p1b: Iron Hands\n|-end|p1b: Iron Hands|Quark Drive|[silent]\n|move|p2a: Tornadus|Bleakwind Storm|p1a: Zacian\n|-activate|p1a: Zacian|move: Protect\n|\n|upkeep\n|inactive|siryazed has 30 seconds left.\n|\n|t:|1775507259\n|switch|p1b: Whimsicott|Whimsicott, L50, F|100/100\n|turn|5\n|\n|t:|1775507281\n|switch|p1a: Miraidon|Miraidon, L50|100/100\n|-activate|p1a: Miraidon|ability: Hadron Engine\n|-terastallize|p1b: Whimsicott|Dark\n|move|p2a: Tornadus|Taunt|p1b: Whimsicott\n|-hint|Since gen 7, Dark is immune to Prankster moves.\n|-immune|p1b: Whimsicott\n|move|p1b: Whimsicott|Tailwind|p1b: Whimsicott\n|-sidestart|p1: siryazed|move: Tailwind\n|move|p2b: Zacian|Behemoth Blade|p1a: Miraidon\n|-resisted|p1a: Miraidon\n|-damage|p1a: Miraidon|54/100\n|\n|-sideend|p2: jpto5|move: Tailwind\n|-fieldend|move: Electric Terrain\n|upkeep\n|turn|6\n|inactive|jpto5 has 30 seconds left.\n|inactive|jpto5 has 20 seconds left.\n|\n|t:|1775507319\n|move|p1b: Whimsicott|Encore|p2a: Tornadus\n|-start|p2a: Tornadus|Encore\n|move|p2a: Tornadus|Taunt|p1b: Whimsicott\n|-hint|Since gen 7, Dark is immune to Prankster moves.\n|-immune|p1b: Whimsicott\n|move|p1a: Miraidon|Discharge|p2b: Zacian|[spread] p1b,p2a,p2b\n|-supereffective|p2a: Tornadus\n|-damage|p1b: Whimsicott|32/100\n|-enditem|p2a: Tornadus|Focus Sash\n|-damage|p2a: Tornadus|1/100\n|-damage|p2b: Zacian|0 fnt\n|faint|p2b: Zacian\n|\n|upkeep\n|\n|t:|1775507331\n|switch|p2b: Kyogre|Kyogre, L50|100/100\n|-weather|RainDance|[from] ability: Drizzle|[of] p2b: Kyogre\n|turn|7\n|\n|t:|1775507343\n|switch|p2a: Basculegion|Basculegion, L50, M|100/100\n|-terastallize|p2b: Kyogre|Ground\n|move|p1b: Whimsicott|Light Screen|p1b: Whimsicott\n|-sidestart|p1: siryazed|move: Light Screen\n|move|p1a: Miraidon|Discharge|p2b: Kyogre|[spread] p1b,p2a\n|-immune|p2b: Kyogre\n|-supereffective|p2a: Basculegion\n|-damage|p1b: Whimsicott|0 fnt\n|-damage|p2a: Basculegion|0 fnt\n|faint|p1b: Whimsicott\n|faint|p2a: Basculegion\n|move|p2b: Kyogre|Water Spout|p1a: Miraidon\n|-resisted|p1a: Miraidon\n|-damage|p1a: Miraidon|10/100\n|\n|-weather|RainDance|[upkeep]\n|upkeep\n|\n|t:|1775507360\n|switch|p1b: Zacian|Zacian-Crowned, L50|44/100\n|switch|p2a: Tornadus|Tornadus, L50, M|1/100\n|turn|8\n|inactive|jpto5 has 30 seconds left.\n|\n|t:|1775507392\n|move|p2a: Tornadus|Tailwind|p2a: Tornadus\n|-sidestart|p2: jpto5|move: Tailwind\n|move|p1b: Zacian|Behemoth Blade|p2b: Kyogre\n|-damage|p2b: Kyogre|38/100\n|move|p1a: Miraidon|Discharge|p2b: Kyogre|[spread] p1b,p2a\n|-immune|p2b: Kyogre\n|-crit|p1b: Zacian\n|-supereffective|p2a: Tornadus\n|-damage|p1b: Zacian|0 fnt\n|-damage|p2a: Tornadus|0 fnt\n|faint|p1b: Zacian\n|faint|p2a: Tornadus\n|move|p2b: Kyogre|Tera Blast|p1a: Miraidon|[anim] Tera Blast Ground\n|-supereffective|p1a: Miraidon\n|-damage|p1a: Miraidon|0 fnt\n|faint|p1a: Miraidon\n|\n|win|jpto5\n|raw|siryazed's rating: 1209 &rarr; <strong>1188</strong><br />(-21 for losing)\n|raw|jpto5's rating: 1259 &rarr; <strong>1280</strong><br />(+21 for winning)\n|l|\u2606siryazed\n|player|p1|\n|l|\u2606jpto5\n|player|p2|\n","uploadtime":1775507546,"views":7,"formatid":"gen9vgc2026regi","rating":1188,"private":0,"password":null}