{"id":"gen9vgc2026regi-2530132838","format":"[Gen 9] VGC 2026 Reg I","players":["BOTBarrel","Rillabossman"],"log":"|j|\u2606BOTBarrel\n|j|\u2606Rillabossman\n|t:|1769879819\n|gametype|doubles\n|player|p1|BOTBarrel|265|1253\n|player|p2|Rillabossman|burglar|1390\n|gen|9\n|tier|[Gen 9] VGC 2026 Reg I\n|rated|\n|rule|Species Clause: Limit one of each Pok\u00e9mon\n|rule|Item Clause: Limit 1 of each item\n|clearpoke\n|poke|p1|Calyrex-Ice, L50|\n|poke|p1|Indeedee-F, L50, F|\n|poke|p1|Lunala, L50|\n|poke|p1|Iron Hands, L50|\n|poke|p1|Hatterene, L50, F|\n|poke|p1|Landorus-Therian, L50, M|\n|poke|p2|Calyrex-Shadow, L50|\n|poke|p2|Zamazenta-*, L50|\n|poke|p2|Rillaboom, L50, M|\n|poke|p2|Incineroar, L50, F|\n|poke|p2|Raging Bolt, L50|\n|poke|p2|Ogerpon-Hearthflame, L50, F|\n|teampreview|4\n|\n|t:|1769879837\n|teamsize|p1|4\n|teamsize|p2|4\n|start\n|switch|p1a: Indeedee|Indeedee-F, L50, F|100/100\n|switch|p1b: Calyrex|Calyrex-Ice, L50|100/100\n|switch|p2a: Calyrex|Calyrex-Shadow, L50|100/100\n|switch|p2b: Incineroar|Incineroar, L50, F, shiny|100/100\n|-ability|p2a: Calyrex|As One\n|-ability|p2a: Calyrex|Unnerve\n|-ability|p1b: Calyrex|As One\n|-ability|p1b: Calyrex|Unnerve\n|-fieldstart|move: Psychic Terrain|[from] ability: Psychic Surge|[of] p1a: Indeedee\n|-ability|p2b: Incineroar|Intimidate|boost\n|-unboost|p1a: Indeedee|atk|1\n|-fail|p1b: Calyrex|unboost|[from] item: Clear Amulet|[of] p1b: Calyrex\n|turn|1\n|\n|t:|1769879846\n|-terastallize|p1b: Calyrex|Water\n|move|p1a: Indeedee|Follow Me|p1a: Indeedee\n|-singleturn|p1a: Indeedee|move: Follow Me\n|move|p2a: Calyrex|Astral Barrage|p1a: Indeedee|[spread] p1b\n|-immune|p1a: Indeedee\n|-damage|p1b: Calyrex|51/100\n|-damage|p2a: Calyrex|91/100|[from] item: Life Orb\n|move|p2b: Incineroar|Knock Off|p1a: Indeedee\n|-supereffective|p1a: Indeedee\n|-damage|p1a: Indeedee|28/100\n|-enditem|p1a: Indeedee|Mental Herb|[from] move: Knock Off|[of] p2b: Incineroar\n|move|p1b: Calyrex|Trick Room|p1b: Calyrex\n|-fieldstart|move: Trick Room|[of] p1b: Calyrex\n|\n|upkeep\n|turn|2\n|inactive|Battle timer is ON: inactive players will automatically lose when time's up. (requested by BOTBarrel)\n|\n|t:|1769879874\n|move|p1a: Indeedee|Helping Hand|p1b: Calyrex\n|-singleturn|p1b: Calyrex|Helping Hand|[of] p1a: Indeedee\n|move|p2a: Calyrex|Protect|p2a: Calyrex\n|-singleturn|p2a: Calyrex|Protect\n|move|p1b: Calyrex|Glacial Lance|p2b: Incineroar|[spread] p2b\n|-activate|p2a: Calyrex|move: Protect\n|-resisted|p2b: Incineroar\n|-damage|p2b: Incineroar|69/100\n|move|p2b: Incineroar|Parting Shot|p1a: Indeedee\n|-unboost|p1a: Indeedee|atk|1\n|-unboost|p1a: Indeedee|spa|1\n|\n|t:|1769879878\n|switch|p2b: Ogerpon|Ogerpon-Hearthflame, L50, F|100/100|[from] Parting Shot\n|-ability|p2b: Ogerpon|Mold Breaker\n|\n|upkeep\n|turn|3\n|\n|t:|1769879892\n|move|p1a: Indeedee|Helping Hand|p1b: Calyrex\n|-singleturn|p1b: Calyrex|Helping Hand|[of] p1a: Indeedee\n|move|p1b: Calyrex|Glacial Lance|p2a: Calyrex|[spread] p2a,p2b\n|-damage|p2a: Calyrex|0 fnt\n|-damage|p2b: Ogerpon|33/100\n|faint|p2a: Calyrex\n|-ability|p1b: Calyrex|Chilling Neigh|boost\n|-boost|p1b: Calyrex|atk|1\n|move|p2b: Ogerpon|Ivy Cudgel|p1a: Indeedee|[anim] Ivy Cudgel Fire\n|-damage|p1a: Indeedee|0 fnt\n|faint|p1a: Indeedee\n|\n|upkeep\n|\n|t:|1769879905\n|switch|p1a: Hatterene|Hatterene, L50, F|100/100\n|switch|p2a: Zamazenta|Zamazenta-Crowned, L50|100/100\n|-ability|p2a: Zamazenta|Dauntless Shield|boost\n|-boost|p2a: Zamazenta|def|1\n|turn|4\n|\n|t:|1769879919\n|move|p2b: Ogerpon|Spiky Shield|p2b: Ogerpon\n|-singleturn|p2b: Ogerpon|move: Protect\n|move|p2a: Zamazenta|Protect|p2a: Zamazenta\n|-singleturn|p2a: Zamazenta|Protect\n|move|p1a: Hatterene|Expanding Force|p2b: Ogerpon|[spread] \n|-activate|p2a: Zamazenta|move: Protect\n|-activate|p2b: Ogerpon|move: Protect\n|move|p1b: Calyrex|High Horsepower|p2a: Zamazenta\n|-activate|p2a: Zamazenta|move: Protect\n|\n|upkeep\n|turn|5\n|\n|t:|1769879932\n|switch|p2b: Incineroar|Incineroar, L50, F, shiny|69/100\n|-ability|p2b: Incineroar|Intimidate|boost\n|-unboost|p1a: Hatterene|atk|1\n|-fail|p1b: Calyrex|unboost|[from] item: Clear Amulet|[of] p1b: Calyrex\n|-terastallize|p2a: Zamazenta|Water\n|move|p1a: Hatterene|Expanding Force|p2a: Zamazenta|[spread] p2a\n|-immune|p2b: Incineroar\n|-damage|p2a: Zamazenta|33/100\n|-damage|p1a: Hatterene|91/100|[from] item: Life Orb\n|move|p1b: Calyrex|High Horsepower|p2a: Zamazenta\n|-damage|p2a: Zamazenta|7/100\n|move|p2a: Zamazenta|Heavy Slam|p1a: Hatterene\n|-supereffective|p1a: Hatterene\n|-damage|p1a: Hatterene|0 fnt\n|faint|p1a: Hatterene\n|\n|-fieldend|move: Trick Room\n|-fieldend|move: Psychic Terrain\n|upkeep\n|\n|t:|1769879944\n|switch|p1a: Lunala|Lunala, L50, shiny|100/100\n|turn|6\n|\n|t:|1769879965\n|move|p2b: Incineroar|Helping Hand|p2a: Zamazenta\n|-singleturn|p2a: Zamazenta|Helping Hand|[of] p2b: Incineroar\n|move|p1b: Calyrex|Protect|p1b: Calyrex\n|-singleturn|p1b: Calyrex|Protect\n|move|p2a: Zamazenta|Body Press|p1b: Calyrex\n|-activate|p1b: Calyrex|move: Protect\n|move|p1a: Lunala|Trick Room|p1a: Lunala\n|-fieldstart|move: Trick Room|[of] p1a: Lunala\n|\n|upkeep\n|turn|7\n|inactive|Rillabossman has 30 seconds left.\n|-message|Rillabossman forfeited.\n|\n|win|BOTBarrel\n|raw|BOTBarrel's rating: 1253 &rarr; <strong>1287</strong><br />(+34 for winning)\n|raw|Rillabossman's rating: 1390 &rarr; <strong>1362</strong><br />(-28 for losing)\n|l|\u2606Rillabossman\n|player|p2|\n|l|\u2606BOTBarrel\n|player|p1|\n|j|\u2606Rillabossman\n|player|p2|Rillabossman|burglar|\n|l|\u2606Rillabossman\n|player|p2|\n","uploadtime":1769880210,"views":13,"formatid":"gen9vgc2026regi","rating":1287,"private":0,"password":null}