{"id":"gen9vgc2026regi-2570106295","format":"[Gen 9] VGC 2026 Reg I","players":["salvx","smartyff"],"log":"|j|\u2606salvx\n|j|\u2606smartyff\n|html|<table width=\"100%\"><tr><td align=\"left\">salvx</td><td align=\"right\">smartyff</tr><tr><td align=\"left\"><i class=\"fa fa-circle-o\"></i> <i class=\"fa fa-circle-o\"></i> </td><td align=\"right\"><i class=\"fa fa-circle-o\"></i> <i class=\"fa fa-circle\"></i> </tr></table>\n|uhtml|bestof|<h2><strong>Game 2</strong> of <a href=\"/game-bestof3-gen9vgc2026regi-2570104571\">a best-of-3</a></h2>\n|t:|1774771510\n|gametype|doubles\n|player|p1|salvx|shadowtriad|\n|player|p2|smartyff|266|\n|gen|9\n|tier|[Gen 9] VGC 2026 Reg I\n|rated|Tournament battle\n|rule|Species Clause: Limit one of each Pok\u00e9mon\n|rule|Item Clause: Limit 1 of each item\n|raw|<div class=\"infobox\"><details class=\"readmore\" open><summary><strong>4 custom rules:</strong></summary> Open Team Sheets, Force Open Team Sheets, !Open Team Sheets, Best of = 3</details></div>\n|clearpoke\n|poke|p1|Zamazenta-*, L50|\n|poke|p1|Flutter Mane, L50|\n|poke|p1|Tornadus, L50, M|\n|poke|p1|Amoonguss, L50, F|\n|poke|p1|Incineroar, L50, F|\n|poke|p1|Giratina-Origin, L50|\n|poke|p2|Calyrex-Ice, L50|\n|poke|p2|Amoonguss, L50, M|\n|poke|p2|Pelipper, L50, M|\n|poke|p2|Zamazenta-*, L50|\n|poke|p2|Flutter Mane, L50|\n|poke|p2|Landorus, L50, M|\n|teampreview|4\n|showteam|p1|Zamazenta-Crowned||RustedShield|DauntlessShield|Protect,Howl,BodyPress,behemothbash||||||50|,,,,,Water]Flutter Mane||ChoiceSpecs|Protosynthesis|Moonblast,DazzlingGleam,ShadowBall,IcyWind||||||50|,,,,,Fairy]Tornadus||CovertCloak|Prankster|Protect,Taunt,BleakwindStorm,Tailwind|||M|||50|,,,,,Dark]Amoonguss||RockyHelmet|Regenerator|Spore,RagePowder,PollenPuff,Protect|||F|||50|,,,,,Dark]Incineroar||SafetyGoggles|Intimidate|FakeOut,PartingShot,KnockOff,WillOWisp|||F|||50|,,,,,Ghost]Giratina-Origin||GriseousCore|Levitate|Poltergeist,DragonClaw,ShadowSneak,Protect||||||50|,,,,,Fire\n|showteam|p2|Calyrex-Ice||NeverMeltIce|AsOneGlastrier|TrickRoom,GlacialLance,HighHorsepower,Protect||||||50|,,,,,Fairy]Amoonguss||RockyHelmet|Regenerator|Spore,RagePowder,PollenPuff,Protect|||M|||50|,,,,,Water]Pelipper||FocusSash|Drizzle|WeatherBall,Hurricane,WideGuard,Protect|||M|||50|,,,,,Ghost]Zamazenta-Crowned||RustedShield|DauntlessShield|BodyPress,behemothbash,WideGuard,Protect||||||50|,,,,,Grass]Flutter Mane||BoosterEnergy|Protosynthesis|Moonblast,ShadowBall,IcyWind,Protect||||||50|,,,,,Normal]Landorus||LifeOrb|SheerForce|EarthPower,SludgeBomb,SandsearStorm,Protect|||M|||50|,,,,,Water\n|inactive|Battle timer is ON: inactive players will automatically lose when time's up. (requested by smartyff)\n|\n|t:|1774771529\n|teamsize|p1|4\n|teamsize|p2|4\n|start\n|switch|p1a: Incineroar|Incineroar, L50, F|100/100\n|switch|p1b: Amoonguss|Amoonguss, L50, F|100/100\n|switch|p2a: Landorus|Landorus, L50, M|100/100\n|switch|p2b: Flutter Mane|Flutter Mane, L50, shiny|100/100\n|-ability|p1a: Incineroar|Intimidate|boost\n|-unboost|p2a: Landorus|atk|1\n|-unboost|p2b: Flutter Mane|atk|1\n|-enditem|p2b: Flutter Mane|Booster Energy\n|-activate|p2b: Flutter Mane|ability: Protosynthesis|[fromitem]\n|-start|p2b: Flutter Mane|protosynthesisspe\n|turn|1\n|\n|t:|1774771544\n|switch|p1a: Giratina|Giratina-Origin, L50|100/100\n|move|p2b: Flutter Mane|Protect|p2b: Flutter Mane\n|-singleturn|p2b: Flutter Mane|Protect\n|move|p2a: Landorus|Protect|p2a: Landorus\n|-singleturn|p2a: Landorus|Protect\n|move|p1b: Amoonguss|Spore|p2a: Landorus\n|-activate|p2a: Landorus|move: Protect\n|\n|upkeep\n|turn|2\n|\n|t:|1774771565\n|-terastallize|p1a: Giratina|Fire\n|move|p2b: Flutter Mane|Shadow Ball|p1b: Amoonguss\n|-damage|p1b: Amoonguss|62/100\n|move|p1a: Giratina|Poltergeist|p2a: Landorus\n|-activate|p2a: Landorus|move: Poltergeist|Life Orb\n|-damage|p2a: Landorus|25/100\n|move|p2a: Landorus|Earth Power|p1b: Amoonguss\n|-damage|p1b: Amoonguss|0 fnt\n|faint|p1b: Amoonguss\n|\n|upkeep\n|\n|t:|1774771578\n|switch|p1b: Zamazenta|Zamazenta-Crowned, L50|100/100\n|-ability|p1b: Zamazenta|Dauntless Shield|boost\n|-boost|p1b: Zamazenta|def|1\n|turn|3\n|j| foodieexe123\n|\n|t:|1774771596\n|move|p1a: Giratina|Shadow Sneak|p2a: Landorus\n|-damage|p2a: Landorus|0 fnt\n|faint|p2a: Landorus\n|move|p2b: Flutter Mane|Icy Wind|p1a: Giratina|[spread] p1a,p1b\n|-resisted|p1a: Giratina\n|-resisted|p1b: Zamazenta\n|-damage|p1a: Giratina|95/100\n|-damage|p1b: Zamazenta|96/100\n|-unboost|p1a: Giratina|spe|1\n|-unboost|p1b: Zamazenta|spe|1\n|move|p1b: Zamazenta|Howl|p1b: Zamazenta|[spread] p1a,p1b\n|-boost|p1a: Giratina|atk|1\n|-boost|p1b: Zamazenta|atk|1\n|\n|upkeep\n|\n|t:|1774771601\n|switch|p2a: Zamazenta|Zamazenta-Crowned, L50, shiny|100/100\n|-ability|p2a: Zamazenta|Dauntless Shield|boost\n|-boost|p2a: Zamazenta|def|1\n|turn|4\n|\n|t:|1774771625\n|-terastallize|p2a: Zamazenta|Grass\n|move|p1b: Zamazenta|Protect|p1b: Zamazenta\n|-singleturn|p1b: Zamazenta|Protect\n|move|p2b: Flutter Mane|Moonblast|p1b: Zamazenta\n|-activate|p1b: Zamazenta|move: Protect\n|move|p2a: Zamazenta|Body Press|p1a: Giratina\n|-damage|p1a: Giratina|42/100\n|move|p1a: Giratina|Poltergeist|p2a: Zamazenta\n|-activate|p2a: Zamazenta|move: Poltergeist|Rusted Shield\n|-damage|p2a: Zamazenta|62/100\n|\n|upkeep\n|turn|5\n|\n|t:|1774771648\n|move|p1a: Giratina|Shadow Sneak|p2b: Flutter Mane\n|-supereffective|p2b: Flutter Mane\n|-damage|p2b: Flutter Mane|0 fnt\n|faint|p2b: Flutter Mane\n|-end|p2b: Flutter Mane|Protosynthesis|[silent]\n|move|p2a: Zamazenta|Body Press|p1a: Giratina\n|-damage|p1a: Giratina|0 fnt\n|faint|p1a: Giratina\n|move|p1b: Zamazenta|Body Press|p2a: Zamazenta\n|-damage|p2a: Zamazenta|40/100\n|\n|upkeep\n|\n|t:|1774771655\n|switch|p2b: Calyrex|Calyrex-Ice, L50|100/100\n|switch|p1a: Incineroar|Incineroar, L50, F|100/100\n|-ability|p2b: Calyrex|As One\n|-ability|p2b: Calyrex|Unnerve\n|-ability|p1a: Incineroar|Intimidate|boost\n|-unboost|p2a: Zamazenta|atk|1\n|-unboost|p2b: Calyrex|atk|1\n|turn|6\n|inactive|salvx has 30 seconds left.\n|\n|t:|1774771680\n|move|p2a: Zamazenta|Protect|p2a: Zamazenta\n|-singleturn|p2a: Zamazenta|Protect\n|move|p2b: Calyrex|Protect|p2b: Calyrex\n|-singleturn|p2b: Calyrex|Protect\n|move|p1a: Incineroar|Fake Out|p2a: Zamazenta\n|-activate|p2a: Zamazenta|move: Protect\n|move|p1b: Zamazenta|Howl|p1b: Zamazenta|[spread] p1a,p1b\n|-boost|p1a: Incineroar|atk|1\n|-boost|p1b: Zamazenta|atk|1\n|\n|upkeep\n|turn|7\n|inactive|salvx has 30 seconds left.\n|\n|t:|1774771715\n|move|p2a: Zamazenta|Body Press|p1a: Incineroar\n|-supereffective|p1a: Incineroar\n|-damage|p1a: Incineroar|0 fnt\n|faint|p1a: Incineroar\n|move|p1b: Zamazenta|Behemoth Bash|p2b: Calyrex\n|-supereffective|p2b: Calyrex\n|-damage|p2b: Calyrex|0 fnt\n|faint|p2b: Calyrex\n|\n|upkeep\n|turn|8\n|j| aurora ltd\n|\n|t:|1774771726\n|move|p2a: Zamazenta|Body Press|p1b: Zamazenta\n|-supereffective|p1b: Zamazenta\n|-damage|p1b: Zamazenta|36/100\n|move|p1b: Zamazenta|Behemoth Bash|p2a: Zamazenta\n|-damage|p2a: Zamazenta|11/100\n|\n|upkeep\n|turn|9\n|\n|t:|1774771736\n|move|p2a: Zamazenta|Body Press|p1b: Zamazenta\n|-supereffective|p1b: Zamazenta\n|-damage|p1b: Zamazenta|0 fnt\n|faint|p1b: Zamazenta\n|\n|win|smartyff\n|l|\u2606salvx\n|player|p1|\n|l|\u2606smartyff\n|player|p2|\n|l| foodieexe123\n","uploadtime":1774771831,"views":14,"formatid":"gen9vgc2026regi","rating":null,"private":0,"password":null}