{"id":"gen9vgc2026regi-2532389036","format":"[Gen 9] VGC 2026 Reg I","players":["none0279","ky123456"],"log":"|j|\u2606none0279\n|j|\u2606ky123456\n|t:|1770170089\n|gametype|doubles\n|player|p1|none0279|cynthia|1513\n|player|p2|ky123456|cynthia-gen4|1602\n|gen|9\n|tier|[Gen 9] VGC 2026 Reg I\n|rated|\n|rule|Species Clause: Limit one of each Pok\u00e9mon\n|rule|Item Clause: Limit 1 of each item\n|clearpoke\n|poke|p1|Indeedee-F, L50, F|\n|poke|p1|Urshifu-*, L50, F|\n|poke|p1|Raging Bolt, L50|\n|poke|p1|Calyrex-Ice, L50|\n|poke|p1|Necrozma-Dawn-Wings, L50|\n|poke|p1|Amoonguss, L50, M|\n|poke|p2|Koraidon, L50|\n|poke|p2|Calyrex-Ice, L50|\n|poke|p2|Incineroar, L50, M|\n|poke|p2|Smeargle, L50, F|\n|poke|p2|Rillaboom, L50, F|\n|poke|p2|Landorus, L50, M|\n|teampreview|4\n|inactive|Battle timer is ON: inactive players will automatically lose when time's up. (requested by none0279)\n|inactive|ky123456 has 60 seconds left.\n|\n|t:|1770170141\n|teamsize|p1|4\n|teamsize|p2|4\n|start\n|switch|p1a: Necrozma|Necrozma-Dawn-Wings, L50|100/100\n|switch|p1b: Indeedee|Indeedee-F, L50, F|100/100\n|switch|p2a: Calyrex|Calyrex-Ice, L50|100/100\n|switch|p2b: Incineroar|Incineroar, L50, M|100/100\n|-ability|p2a: Calyrex|As One\n|-ability|p2a: Calyrex|Unnerve\n|-fieldstart|move: Psychic Terrain|[from] ability: Psychic Surge|[of] p1b: Indeedee\n|-ability|p2b: Incineroar|Intimidate|boost\n|-unboost|p1a: Necrozma|atk|1\n|-unboost|p1b: Indeedee|atk|1\n|turn|1\n|j| Ghostistheman\n|\n|t:|1770170160\n|move|p1b: Indeedee|Follow Me|p1b: Indeedee\n|-singleturn|p1b: Indeedee|move: Follow Me\n|move|p2b: Incineroar|Knock Off|p1b: Indeedee\n|-supereffective|p1b: Indeedee\n|-damage|p1b: Indeedee|29/100\n|-enditem|p1b: Indeedee|Safety Goggles|[from] move: Knock Off|[of] p2b: Incineroar\n|move|p1a: Necrozma|Meteor Beam||[still]\n|-prepare|p1a: Necrozma|Meteor Beam\n|-boost|p1a: Necrozma|spa|1\n|-enditem|p1a: Necrozma|Power Herb\n|-anim|p1a: Necrozma|Meteor Beam|p2a: Calyrex\n|-supereffective|p2a: Calyrex\n|-damage|p2a: Calyrex|10/100\n|move|p2a: Calyrex|Leech Seed|p1b: Indeedee\n|-start|p1b: Indeedee|move: Leech Seed\n|\n|-heal|p2a: Calyrex|15/100|[from] item: Leftovers\n|-damage|p1b: Indeedee|17/100|[from] Leech Seed|[of] p2a: Calyrex\n|-heal|p2a: Calyrex|26/100|[silent]\n|upkeep\n|turn|2\n|inactive|ky123456 has 30 seconds left.\n|inactive|ky123456 has 20 seconds left.\n|\n|t:|1770170200\n|move|p1b: Indeedee|Follow Me|p1b: Indeedee\n|-singleturn|p1b: Indeedee|move: Follow Me\n|move|p2b: Incineroar|Parting Shot|p1b: Indeedee\n|-unboost|p1b: Indeedee|atk|1\n|-unboost|p1b: Indeedee|spa|1\n|\n|t:|1770170217\n|switch|p2b: Rillaboom|Rillaboom, L50, F|100/100|[from] Parting Shot\n|-fieldstart|move: Grassy Terrain|[from] ability: Grassy Surge|[of] p2b: Rillaboom\n|move|p1a: Necrozma|Trick Room|p1a: Necrozma\n|-fieldstart|move: Trick Room|[of] p1a: Necrozma\n|move|p2a: Calyrex|Trick Room|p2a: Calyrex\n|-fieldend|move: Trick Room\n|\n|-heal|p1b: Indeedee|23/100|[from] Grassy Terrain\n|-heal|p2a: Calyrex|32/100|[from] Grassy Terrain\n|-heal|p2a: Calyrex|38/100|[from] item: Leftovers\n|-damage|p1b: Indeedee|11/100|[from] Leech Seed|[of] p2a: Calyrex\n|-heal|p2a: Calyrex|48/100|[silent]\n|upkeep\n|turn|3\n|inactive|ky123456 has 30 seconds left.\n|inactive|ky123456 has 20 seconds left.\n|inactive|ky123456 has 15 seconds left.\n|inactive|ky123456 has 10 seconds left.\n|\n|t:|1770170266\n|switch|p1b: Calyrex|Calyrex-Ice, L50|100/100\n|-ability|p1b: Calyrex|As One\n|-ability|p1b: Calyrex|Unnerve\n|-terastallize|p2a: Calyrex|Fairy\n|move|p2b: Rillaboom|Fake Out|p1b: Calyrex\n|-damage|p1b: Calyrex|94/100\n|move|p1a: Necrozma|Moongeist Beam|p2a: Calyrex\n|-damage|p2a: Calyrex|0 fnt\n|faint|p2a: Calyrex\n|\n|-heal|p1b: Calyrex|99/100|[from] Grassy Terrain\n|upkeep\n|\n|t:|1770170287\n|switch|p2a: Incineroar|Incineroar, L50, M|100/100\n|-ability|p2a: Incineroar|Intimidate|boost\n|-unboost|p1a: Necrozma|atk|1\n|-fail|p1b: Calyrex|unboost|[from] item: Clear Amulet|[of] p1b: Calyrex\n|turn|4\n|j| lunala fairy ghost\n|l| Ghostistheman\n|inactive|none0279 has 30 seconds left.\n|inactive|ky123456 has 30 seconds left.\n|\n|t:|1770170314\n|-terastallize|p1b: Calyrex|Fire\n|move|p2b: Rillaboom|Wood Hammer|p1a: Necrozma\n|-damage|p1a: Necrozma|49/100\n|-damage|p2b: Rillaboom|82/100|[from] Recoil\n|move|p2a: Incineroar|Knock Off|p1a: Necrozma\n|-supereffective|p1a: Necrozma\n|-damage|p1a: Necrozma|0 fnt\n|faint|p1a: Necrozma\n|move|p1b: Calyrex|Trick Room|p1b: Calyrex\n|-fieldstart|move: Trick Room|[of] p1b: Calyrex\n|\n|-heal|p1b: Calyrex|100/100|[from] Grassy Terrain\n|-heal|p2b: Rillaboom|89/100|[from] Grassy Terrain\n|upkeep\n|\n|t:|1770170332\n|switch|p1a: Indeedee|Indeedee-F, L50, F|11/100\n|-fieldstart|move: Psychic Terrain|[from] ability: Psychic Surge|[of] p1a: Indeedee\n|turn|5\n|inactive|ky123456 has 30 seconds left.\n|inactive|ky123456 has 20 seconds left.\n|l|\u2606ky123456\n|inactive|ky123456 disconnected and has a minute to reconnect!\n|player|p2|\n|inactive|ky123456 has 15 seconds left.\n|inactive|ky123456 has 10 seconds left.\n|l| lunala fairy ghost\n|inactive|ky123456 has 5 seconds left.\n|-message|ky123456 lost due to inactivity.\n|\n|win|none0279\n|raw|none0279's rating: 1513 &rarr; <strong>1538</strong><br />(+25 for winning)\n|raw|ky123456's rating: 1602 &rarr; <strong>1577</strong><br />(-25 for losing)\n|l|\u2606none0279\n|player|p1|\n","uploadtime":1770170523,"views":35,"formatid":"gen9vgc2026regi","rating":1538,"private":0,"password":null}