{"id":"gen9vgc2026regi-2541913541","format":"[Gen 9] VGC 2026 Reg I","players":["phungusity","lalo's pollos"],"log":"|j|\u2606phungusity\n|j|\u2606lalo's pollos\n|t:|1771384074\n|gametype|doubles\n|player|p1|phungusity|265|1395\n|player|p2|lalo's pollos|265|1514\n|gen|9\n|tier|[Gen 9] VGC 2026 Reg I\n|rated|\n|rule|Species Clause: Limit one of each Pok\u00e9mon\n|rule|Item Clause: Limit 1 of each item\n|clearpoke\n|poke|p1|Calyrex-Ice, L50|\n|poke|p1|Lunala, L50|\n|poke|p1|Smeargle, L50, M|\n|poke|p1|Urshifu-*, L50, M|\n|poke|p1|Torkoal, L50, M|\n|poke|p1|Indeedee-F, L50, F|\n|poke|p2|Zamazenta-*, L50|\n|poke|p2|Lunala, L50|\n|poke|p2|Rillaboom, L50, M|\n|poke|p2|Incineroar, L50, M|\n|poke|p2|Urshifu-*, L50, M|\n|poke|p2|Tornadus, L50, M|\n|teampreview|4\n|inactive|Battle timer is ON: inactive players will automatically lose when time's up. (requested by phungusity)\n|inactive|phungusity has 60 seconds left.\n|inactive|lalo's pollos has 60 seconds left.\n|\n|t:|1771384133\n|teamsize|p1|4\n|teamsize|p2|4\n|start\n|switch|p1a: Indeedee|Indeedee-F, L50, F, shiny|100/100\n|switch|p1b: Calyrex|Calyrex-Ice, L50|100/100\n|switch|p2a: Incineroar|Incineroar, L50, M|100/100\n|switch|p2b: Lunala|Lunala, L50|100/100\n|-ability|p1b: Calyrex|As One\n|-ability|p1b: Calyrex|Unnerve\n|-fieldstart|move: Psychic Terrain|[from] ability: Psychic Surge|[of] p1a: Indeedee\n|-ability|p2a: Incineroar|Intimidate|boost\n|-unboost|p1a: Indeedee|atk|1\n|-fail|p1b: Calyrex|unboost|[from] item: Clear Amulet|[of] p1b: Calyrex\n|turn|1\n|\n|t:|1771384147\n|move|p1a: Indeedee|Follow Me|p1a: Indeedee\n|-singleturn|p1a: Indeedee|move: Follow Me\n|move|p2b: Lunala|Calm Mind|p2b: Lunala\n|-boost|p2b: Lunala|spa|1\n|-boost|p2b: Lunala|spd|1\n|move|p2a: Incineroar|Taunt|p1a: Indeedee\n|-start|p1a: Indeedee|move: Taunt\n|move|p1b: Calyrex|Trick Room|p1b: Calyrex\n|-fieldstart|move: Trick Room|[of] p1b: Calyrex\n|\n|upkeep\n|turn|2\n|\n|t:|1771384168\n|switch|p1a: Smeargle|Smeargle, L50, M, shiny|100/100\n|move|p1b: Calyrex|High Horsepower|p2a: Incineroar\n|-supereffective|p2a: Incineroar\n|-damage|p2a: Incineroar|33/100\n|move|p2a: Incineroar|Knock Off|p1b: Calyrex\n|-supereffective|p1b: Calyrex\n|-damage|p1b: Calyrex|53/100\n|-enditem|p1b: Calyrex|Clear Amulet|[from] move: Knock Off|[of] p2a: Incineroar\n|move|p2b: Lunala|Moongeist Beam|p1b: Calyrex\n|-supereffective|p1b: Calyrex\n|-damage|p1b: Calyrex|0 fnt\n|faint|p1b: Calyrex\n|\n|upkeep\n|\n|t:|1771384181\n|switch|p1b: Torkoal|Torkoal, L50, M, shiny|100/100\n|-weather|SunnyDay|[from] ability: Drought|[of] p1b: Torkoal\n|turn|3\n|\n|t:|1771384204\n|-terastallize|p1b: Torkoal|Fire\n|move|p2b: Lunala|Protect|p2b: Lunala\n|-singleturn|p2b: Lunala|Protect\n|move|p1a: Smeargle|Follow Me|p1a: Smeargle\n|-singleturn|p1a: Smeargle|move: Follow Me\n|move|p1b: Torkoal|Eruption|p2a: Incineroar|[spread] p2a\n|-activate|p2b: Lunala|move: Protect\n|-resisted|p2a: Incineroar\n|-damage|p2a: Incineroar|0 fnt\n|faint|p2a: Incineroar\n|\n|-weather|SunnyDay|[upkeep]\n|upkeep\n|\n|t:|1771384215\n|switch|p2a: Zamazenta|Zamazenta-Crowned, L50|100/100\n|-ability|p2a: Zamazenta|Dauntless Shield|boost\n|-boost|p2a: Zamazenta|def|1\n|turn|4\n|\n|t:|1771384228\n|-terastallize|p2a: Zamazenta|Water\n|move|p2a: Zamazenta|Wide Guard|p2a: Zamazenta\n|-singleturn|p2a: Zamazenta|Wide Guard\n|move|p1b: Torkoal|Eruption|p2b: Lunala|[spread] \n|-activate|p2a: Zamazenta|move: Wide Guard\n|-activate|p2b: Lunala|move: Wide Guard\n|move|p1a: Smeargle|Decorate|p1b: Torkoal\n|-boost|p1b: Torkoal|atk|2\n|-boost|p1b: Torkoal|spa|2\n|move|p2b: Lunala|Moonblast|p1a: Smeargle\n|-enditem|p1a: Smeargle|Focus Sash\n|-damage|p1a: Smeargle|1/100\n|-unboost|p1a: Smeargle|spa|1\n|\n|-weather|SunnyDay|[upkeep]\n|upkeep\n|turn|5\n|inactive|phungusity has 30 seconds left.\n|inactive|lalo's pollos has 30 seconds left.\n|\n|t:|1771384259\n|move|p2b: Lunala|Protect|p2b: Lunala\n|-singleturn|p2b: Lunala|Protect\n|move|p1b: Torkoal|Eruption|p2a: Zamazenta|[spread] p2a\n|-activate|p2b: Lunala|move: Protect\n|-resisted|p2a: Zamazenta\n|-damage|p2a: Zamazenta|0 fnt\n|faint|p2a: Zamazenta\n|move|p1a: Smeargle|Spore|p2b: Lunala\n|-activate|p2b: Lunala|move: Protect\n|\n|-weather|SunnyDay|[upkeep]\n|-fieldend|move: Trick Room\n|-fieldend|move: Psychic Terrain\n|upkeep\n|\n|t:|1771384267\n|switch|p2a: Rillaboom|Rillaboom, L50, M|100/100\n|-fieldstart|move: Grassy Terrain|[from] ability: Grassy Surge|[of] p2a: Rillaboom\n|turn|6\n|\n|t:|1771384286\n|switch|p1b: Indeedee|Indeedee-F, L50, F, shiny|100/100\n|-fieldstart|move: Psychic Terrain|[from] ability: Psychic Surge|[of] p1b: Indeedee\n|move|p2b: Lunala|Moongeist Beam|p1b: Indeedee\n|-immune|p1b: Indeedee\n|move|p1a: Smeargle|Spore|p2b: Lunala\n|-status|p2b: Lunala|slp|[from] move: Spore\n|move|p2a: Rillaboom|Grassy Glide|p1a: Smeargle\n|-damage|p1a: Smeargle|0 fnt\n|faint|p1a: Smeargle\n|\n|-weather|SunnyDay|[upkeep]\n|upkeep\n|\n|t:|1771384297\n|switch|p1a: Torkoal|Torkoal, L50, M, shiny, tera:Fire|100/100\n|turn|7\n|\n|t:|1771384308\n|move|p1b: Indeedee|Helping Hand|p1a: Torkoal\n|-singleturn|p1a: Torkoal|Helping Hand|[of] p1b: Indeedee\n|cant|p2b: Lunala|slp\n|move|p2a: Rillaboom|Wood Hammer|p1b: Indeedee\n|-damage|p1b: Indeedee|52/100\n|-damage|p2a: Rillaboom|86/100|[from] Recoil\n|move|p1a: Torkoal|Eruption|p2a: Rillaboom|[spread] p2a,p2b\n|-supereffective|p2a: Rillaboom\n|-damage|p2a: Rillaboom|0 fnt\n|-damage|p2b: Lunala|50/100 slp\n|faint|p2a: Rillaboom\n|\n|-weather|none\n|-heal|p2b: Lunala|56/100 slp|[from] item: Leftovers\n|upkeep\n|turn|8\n|\n|t:|1771384322\n|cant|p2b: Lunala|slp\n|move|p1b: Indeedee|Follow Me|p1b: Indeedee\n|-singleturn|p1b: Indeedee|move: Follow Me\n|move|p1a: Torkoal|Eruption|p2b: Lunala\n|-damage|p2b: Lunala|0 fnt\n|faint|p2b: Lunala\n|\n|win|phungusity\n|raw|phungusity's rating: 1395 &rarr; <strong>1422</strong><br />(+27 for winning)\n|raw|lalo&apos;s pollos's rating: 1514 &rarr; <strong>1487</strong><br />(-27 for losing)\n|l|\u2606phungusity\n|player|p1|\n","uploadtime":1771384537,"views":15,"formatid":"gen9vgc2026regi","rating":1422,"private":0,"password":null}