{"id":"gen9vgc2026regi-2547202205","format":"[Gen 9] VGC 2026 Reg I","players":["kojimuranishi","Muttonhead"],"log":"|j|\u2606kojimuranishi\n|j|\u2606Muttonhead\n|t:|1772056668\n|gametype|doubles\n|player|p1|kojimuranishi|169|1473\n|player|p2|Muttonhead|swimmerf|1498\n|gen|9\n|tier|[Gen 9] VGC 2026 Reg I\n|rated|\n|rule|Species Clause: Limit one of each Pok\u00e9mon\n|rule|Item Clause: Limit 1 of each item\n|clearpoke\n|poke|p1|Raging Bolt, L50|\n|poke|p1|Calyrex-Ice, L50|\n|poke|p1|Kyogre, L50|\n|poke|p1|Indeedee-F, L50, F|\n|poke|p1|Ursaluna, L50, F|\n|poke|p1|Urshifu-*, L50, F|\n|poke|p2|Miraidon, L50|\n|poke|p2|Whimsicott, L50, F|\n|poke|p2|Farigiraf, L50, M|\n|poke|p2|Iron Hands, L50|\n|poke|p2|Calyrex-Shadow, L50|\n|poke|p2|Chi-Yu, L50|\n|teampreview|4\n|inactive|Battle timer is ON: inactive players will automatically lose when time's up. (requested by Muttonhead)\n|inactive|Muttonhead has 60 seconds left.\n|\n|t:|1772056698\n|teamsize|p1|4\n|teamsize|p2|4\n|start\n|switch|p1a: Indeedee|Indeedee-F, L50, F|100/100\n|switch|p1b: Calyrex|Calyrex-Ice, L50|100/100\n|switch|p2a: Miraidon|Miraidon, L50|100/100\n|switch|p2b: Calyrex|Calyrex-Shadow, L50|100/100\n|-ability|p2b: Calyrex|As One\n|-ability|p2b: Calyrex|Unnerve\n|-ability|p1b: Calyrex|As One\n|-ability|p1b: Calyrex|Unnerve\n|-fieldstart|move: Electric Terrain|[from] ability: Hadron Engine|[of] p2a: Miraidon\n|-fieldstart|move: Psychic Terrain|[from] ability: Psychic Surge|[of] p1a: Indeedee\n|turn|1\n|inactive|kojimuranishi has 30 seconds left.\n|inactive|Muttonhead has 30 seconds left.\n|\n|t:|1772056727\n|switch|p1b: Ursaluna|Ursaluna, L50, F|100/100\n|move|p2b: Calyrex|Expanding Force|p1b: Ursaluna|[spread] p1a,p1b\n|-resisted|p1a: Indeedee\n|-damage|p1a: Indeedee|68/100\n|-damage|p1b: Ursaluna|38/100\n|move|p2a: Miraidon|Volt Switch|p1b: Ursaluna\n|-immune|p1b: Ursaluna\n|move|p1a: Indeedee|Trick Room|p1a: Indeedee\n|-fieldstart|move: Trick Room|[of] p1a: Indeedee\n|\n|-status|p1b: Ursaluna|brn|[from] item: Flame Orb\n|upkeep\n|turn|2\n|inactive|kojimuranishi has 30 seconds left.\n|inactive|Muttonhead has 30 seconds left.\n|\n|t:|1772056755\n|switch|p2a: Iron Hands|Iron Hands, L50|100/100\n|move|p1b: Ursaluna|Headlong Rush|p2b: Calyrex\n|-enditem|p2b: Calyrex|Focus Sash\n|-damage|p2b: Calyrex|1/100\n|-unboost|p1b: Ursaluna|def|1\n|-unboost|p1b: Ursaluna|spd|1\n|move|p1a: Indeedee|Heal Pulse|p1b: Ursaluna\n|-heal|p1b: Ursaluna|88/100 brn\n|move|p2b: Calyrex|Expanding Force|p1a: Indeedee|[spread] p1a,p1b\n|-resisted|p1a: Indeedee\n|-damage|p1a: Indeedee|32/100\n|-damage|p1b: Ursaluna|0 fnt\n|faint|p1b: Ursaluna\n|-ability|p2b: Calyrex|Grim Neigh|boost\n|-boost|p2b: Calyrex|spa|1\n|\n|upkeep\n|\n|t:|1772056774\n|switch|p1b: Calyrex|Calyrex-Ice, L50|100/100\n|-ability|p1b: Calyrex|As One\n|-ability|p1b: Calyrex|Unnerve\n|turn|3\n|\n|t:|1772056784\n|switch|p2b: Miraidon|Miraidon, L50|100/100\n|-fieldstart|move: Electric Terrain|[from] ability: Hadron Engine|[of] p2b: Miraidon\n|-activate|p2a: Iron Hands|ability: Quark Drive\n|-start|p2a: Iron Hands|quarkdriveatk\n|move|p2a: Iron Hands|Fake Out|p1b: Calyrex\n|-damage|p1b: Calyrex|88/100\n|cant|p1b: Calyrex|flinch\n|move|p1a: Indeedee|Psychic|p2a: Iron Hands\n|-supereffective|p2a: Iron Hands\n|-damage|p2a: Iron Hands|67/100\n|-unboost|p2a: Iron Hands|spd|1\n|\n|-heal|p1b: Calyrex|94/100|[from] item: Leftovers\n|upkeep\n|turn|4\n|\n|t:|1772056807\n|switch|p2b: Farigiraf|Farigiraf, L50, M|100/100\n|-enditem|p2b: Farigiraf|Electric Seed\n|-boost|p2b: Farigiraf|def|1|[from] item: Electric Seed\n|-terastallize|p2a: Iron Hands|Water\n|move|p1b: Calyrex|Glacial Lance|p2b: Farigiraf|[spread] p2a,p2b\n|-resisted|p2a: Iron Hands\n|-crit|p2b: Farigiraf\n|-damage|p2a: Iron Hands|50/100\n|-damage|p2b: Farigiraf|42/100\n|move|p2a: Iron Hands|Drain Punch|p1a: Indeedee\n|-damage|p1a: Indeedee|0 fnt\n|-heal|p2a: Iron Hands|61/100|[from] drain|[of] p1a: Indeedee\n|-damage|p2a: Iron Hands|45/100|[from] item: Rocky Helmet|[of] p1a: Indeedee\n|faint|p1a: Indeedee\n|\n|-heal|p1b: Calyrex|99/100|[from] item: Leftovers\n|upkeep\n|\n|t:|1772056825\n|switch|p1a: Kyogre|Kyogre, L50|100/100\n|-weather|RainDance|[from] ability: Drizzle|[of] p1a: Kyogre\n|turn|5\n|\n|t:|1772056839\n|move|p1b: Calyrex|Glacial Lance|p2b: Farigiraf|[spread] p2a,p2b\n|-resisted|p2a: Iron Hands\n|-damage|p2a: Iron Hands|29/100\n|-damage|p2b: Farigiraf|16/100\n|move|p2a: Iron Hands|Wild Charge|p1a: Kyogre\n|-supereffective|p1a: Kyogre\n|-damage|p1a: Kyogre|0 fnt\n|faint|p1a: Kyogre\n|-damage|p2a: Iron Hands|10/100|[from] Recoil\n|move|p2b: Farigiraf|Foul Play|p1b: Calyrex\n|-supereffective|p1b: Calyrex\n|-damage|p1b: Calyrex|61/100\n|\n|-weather|RainDance|[upkeep]\n|-heal|p1b: Calyrex|67/100|[from] item: Leftovers\n|-fieldend|move: Trick Room\n|upkeep\n|turn|6\n|\n|t:|1772056861\n|-terastallize|p1b: Calyrex|Fairy\n|move|p2b: Farigiraf|Foul Play|p1b: Calyrex\n|-resisted|p1b: Calyrex\n|-damage|p1b: Calyrex|57/100\n|move|p1b: Calyrex|Glacial Lance|p2a: Iron Hands|[spread] p2a,p2b\n|-resisted|p2a: Iron Hands\n|-damage|p2a: Iron Hands|0 fnt\n|-damage|p2b: Farigiraf|0 fnt\n|faint|p2a: Iron Hands\n|-end|p2a: Iron Hands|Quark Drive|[silent]\n|faint|p2b: Farigiraf\n|-ability|p1b: Calyrex|Chilling Neigh|boost\n|-boost|p1b: Calyrex|atk|2\n|\n|-weather|RainDance|[upkeep]\n|-heal|p1b: Calyrex|62/100|[from] item: Leftovers\n|upkeep\n|\n|t:|1772056868\n|switch|p2b: Miraidon|Miraidon, L50|100/100\n|switch|p2a: Calyrex|Calyrex-Shadow, L50|1/100\n|-ability|p2a: Calyrex|As One\n|-ability|p2a: Calyrex|Unnerve\n|-activate|p2b: Miraidon|ability: Hadron Engine\n|turn|7\n|\n|t:|1772056884\n|move|p1b: Calyrex|Protect|p1b: Calyrex\n|-singleturn|p1b: Calyrex|Protect\n|move|p2a: Calyrex|Astral Barrage|p1b: Calyrex\n|-activate|p1b: Calyrex|move: Protect\n|move|p2b: Miraidon|Electro Drift|p1b: Calyrex\n|-activate|p1b: Calyrex|move: Protect\n|\n|-weather|RainDance|[upkeep]\n|-heal|p1b: Calyrex|68/100|[from] item: Leftovers\n|-fieldend|move: Electric Terrain\n|upkeep\n|turn|8\n|\n|t:|1772056898\n|move|p2a: Calyrex|Astral Barrage|p1b: Calyrex\n|-damage|p1b: Calyrex|26/100\n|move|p2b: Miraidon|Electro Drift|p1b: Calyrex\n|-damage|p1b: Calyrex|0 fnt\n|faint|p1b: Calyrex\n|\n|win|Muttonhead\n|raw|kojimuranishi's rating: 1473 &rarr; <strong>1454</strong><br />(-19 for losing)\n|raw|Muttonhead's rating: 1498 &rarr; <strong>1517</strong><br />(+19 for winning)\n|l|\u2606kojimuranishi\n|player|p1|\n|l|\u2606Muttonhead\n|player|p2|\n","uploadtime":1772057163,"views":16,"formatid":"gen9vgc2026regi","rating":1454,"private":0,"password":null}