{"id":"gen9vgc2026regi-2515352992","format":"[Gen 9] VGC 2026 Reg I","players":["pecan3141","Rillabossman"],"log":"|j|\u2606pecan3141\n|j|\u2606Rillabossman\n|t:|1767982445\n|gametype|doubles\n|player|p1|pecan3141|101|1186\n|player|p2|Rillabossman|burglar|1268\n|gen|9\n|tier|[Gen 9] VGC 2026 Reg I\n|rated|\n|rule|Species Clause: Limit one of each Pok\u00e9mon\n|rule|Item Clause: Limit 1 of each item\n|clearpoke\n|poke|p1|Scraggy, L50, F|\n|poke|p1|Miraidon, L50|\n|poke|p1|Iron Hands, L50|\n|poke|p1|Farigiraf, L50, F|\n|poke|p1|Calyrex-Ice, L50|\n|poke|p1|Iron Leaves, L50|\n|poke|p2|Necrozma-Dusk-Mane, L50|\n|poke|p2|Koraidon, L50|\n|poke|p2|Smeargle, L50, M|\n|poke|p2|Landorus, L50, M|\n|poke|p2|Indeedee-F, L50, F|\n|poke|p2|Incineroar, L50, M|\n|teampreview|4\n|\n|t:|1767982490\n|teamsize|p1|4\n|teamsize|p2|4\n|start\n|switch|p1a: Calyrex|Calyrex-Ice, L50|100/100\n|switch|p1b: Farigiraf|Farigiraf, L50, F|100/100\n|switch|p2a: Koraidon|Koraidon, L50, shiny|100/100\n|switch|p2b: Smeargle|Smeargle, L50, M|100/100\n|-ability|p1a: Calyrex|As One\n|-ability|p1a: Calyrex|Unnerve\n|-weather|SunnyDay|[from] ability: Orichalcum Pulse|[of] p2a: Koraidon\n|-activate|p2a: Koraidon|Orichalcum Pulse|[source]\n|turn|1\n|\n|t:|1767982507\n|switch|p1a: Miraidon|Miraidon, L50|100/100\n|-fieldstart|move: Electric Terrain|[from] ability: Hadron Engine|[of] p1a: Miraidon\n|-enditem|p1b: Farigiraf|Electric Seed\n|-boost|p1b: Farigiraf|def|1|[from] item: Electric Seed\n|-terastallize|p2a: Koraidon|Fire\n|move|p2a: Koraidon|Flare Blitz|p1b: Farigiraf\n|-damage|p1b: Farigiraf|20/100\n|-damage|p2a: Koraidon|71/100|[from] Recoil\n|move|p2b: Smeargle|Spore|p1a: Miraidon\n|-activate|p1a: Miraidon|move: Electric Terrain\n|move|p1b: Farigiraf|Psychic|p2a: Koraidon\n|-damage|p2a: Koraidon|53/100\n|\n|-weather|SunnyDay|[upkeep]\n|-ability|p2b: Smeargle|Moody|boost\n|-boost|p2b: Smeargle|spe|2\n|-unboost|p2b: Smeargle|atk|1\n|upkeep\n|turn|2\n|\n|t:|1767982531\n|move|p2b: Smeargle|Decorate|p2a: Koraidon\n|-boost|p2a: Koraidon|atk|2\n|-boost|p2a: Koraidon|spa|2\n|move|p1a: Miraidon|Volt Switch|p2a: Koraidon\n|-damage|p2a: Koraidon|6/100\n|\n|t:|1767982537\n|switch|p1a: Scraggy|Scraggy, L50, F|100/100|[from] Volt Switch\n|-ability|p1a: Scraggy|Intimidate|boost\n|-unboost|p2a: Koraidon|atk|1\n|-unboost|p2b: Smeargle|atk|1\n|move|p2a: Koraidon|Flame Charge|p1b: Farigiraf\n|-damage|p1b: Farigiraf|0 fnt\n|-boost|p2a: Koraidon|spe|1\n|faint|p1b: Farigiraf\n|\n|-weather|SunnyDay|[upkeep]\n|-ability|p2b: Smeargle|Moody|boost\n|-boost|p2b: Smeargle|atk|2\n|-unboost|p2b: Smeargle|spe|1\n|upkeep\n|\n|t:|1767982547\n|switch|p1b: Miraidon|Miraidon, L50|100/100\n|-activate|p1b: Miraidon|ability: Hadron Engine\n|turn|3\n|\n|t:|1767982563\n|move|p2b: Smeargle|Spiky Shield|p2b: Smeargle\n|-singleturn|p2b: Smeargle|move: Protect\n|move|p1a: Scraggy|Fake Out|p2a: Koraidon\n|-damage|p2a: Koraidon|0 fnt\n|faint|p2a: Koraidon\n|move|p1b: Miraidon|Volt Switch|p2b: Smeargle\n|-activate|p2b: Smeargle|move: Protect\n|\n|-weather|SunnyDay|[upkeep]\n|-ability|p2b: Smeargle|Moody|boost\n|-boost|p2b: Smeargle|spd|2\n|-unboost|p2b: Smeargle|spa|1\n|upkeep\n|\n|t:|1767982567\n|switch|p2a: Necrozma|Necrozma-Dusk-Mane, L50|100/100\n|turn|4\n|\n|t:|1767982577\n|move|p2b: Smeargle|Decorate|p2a: Necrozma\n|-boost|p2a: Necrozma|atk|2\n|-boost|p2a: Necrozma|spa|2\n|move|p1b: Miraidon|Volt Switch|p2a: Necrozma\n|-damage|p2a: Necrozma|42/100\n|\n|t:|1767982583\n|switch|p1b: Calyrex|Calyrex-Ice, L50|100/100|[from] Volt Switch\n|-ability|p1b: Calyrex|As One\n|-ability|p1b: Calyrex|Unnerve\n|move|p2a: Necrozma|Sunsteel Strike|p1a: Scraggy\n|-damage|p1a: Scraggy|0 fnt\n|faint|p1a: Scraggy\n|\n|-weather|SunnyDay|[upkeep]\n|-ability|p2b: Smeargle|Moody|boost\n|-boost|p2b: Smeargle|spa|2\n|-unboost|p2b: Smeargle|spd|1\n|upkeep\n|\n|t:|1767982592\n|switch|p1a: Miraidon|Miraidon, L50|100/100\n|-activate|p1a: Miraidon|ability: Hadron Engine\n|turn|5\n|\n|t:|1767982606\n|switch|p2b: Incineroar|Incineroar, L50, M|100/100\n|-ability|p2b: Incineroar|Intimidate|boost\n|-unboost|p1a: Miraidon|atk|1\n|-fail|p1b: Calyrex|unboost|[from] item: Clear Amulet|[of] p1b: Calyrex\n|-terastallize|p1b: Calyrex|Fire\n|move|p2a: Necrozma|Protect|p2a: Necrozma\n|-singleturn|p2a: Necrozma|Protect\n|move|p1a: Miraidon|Electro Drift|p2a: Necrozma\n|-activate|p2a: Necrozma|move: Protect\n|move|p1b: Calyrex|Glacial Lance|p2a: Necrozma|[spread] p2b\n|-activate|p2a: Necrozma|move: Protect\n|-resisted|p2b: Incineroar\n|-damage|p2b: Incineroar|77/100\n|\n|-weather|none\n|-fieldend|move: Electric Terrain\n|upkeep\n|turn|6\n|\n|t:|1767982623\n|move|p2b: Incineroar|Fake Out|p1a: Miraidon\n|-damage|p1a: Miraidon|91/100\n|cant|p1a: Miraidon|flinch\n|move|p2a: Necrozma|Photon Geyser|p1a: Miraidon\n|-damage|p1a: Miraidon|0 fnt\n|faint|p1a: Miraidon\n|move|p1b: Calyrex|High Horsepower|p2a: Necrozma\n|-supereffective|p2a: Necrozma\n|-damage|p2a: Necrozma|0 fnt\n|faint|p2a: Necrozma\n|-ability|p1b: Calyrex|Chilling Neigh|boost\n|-boost|p1b: Calyrex|atk|1\n|\n|upkeep\n|\n|t:|1767982635\n|switch|p2a: Smeargle|Smeargle, L50, M|100/100\n|turn|7\n|\n|t:|1767982640\n|move|p1b: Calyrex|Protect|p1b: Calyrex\n|-singleturn|p1b: Calyrex|Protect\n|move|p2a: Smeargle|Spore|p1b: Calyrex\n|-activate|p1b: Calyrex|move: Protect\n|move|p2b: Incineroar|Knock Off|p1b: Calyrex\n|-activate|p1b: Calyrex|move: Protect\n|\n|-ability|p2a: Smeargle|Moody|boost\n|-boost|p2a: Smeargle|def|2\n|-unboost|p2a: Smeargle|spe|1\n|upkeep\n|turn|8\n|inactive|Battle timer is ON: inactive players will automatically lose when time's up. (requested by pecan3141)\n|\n|t:|1767982652\n|move|p2a: Smeargle|Spore|p1b: Calyrex\n|-status|p1b: Calyrex|slp|[from] move: Spore\n|move|p2b: Incineroar|Knock Off|p1b: Calyrex\n|-damage|p1b: Calyrex|76/100 slp\n|-enditem|p1b: Calyrex|Clear Amulet|[from] move: Knock Off|[of] p2b: Incineroar\n|cant|p1b: Calyrex|slp\n|\n|-ability|p2a: Smeargle|Moody|boost\n|-boost|p2a: Smeargle|spd|2\n|-unboost|p2a: Smeargle|spa|1\n|upkeep\n|turn|9\n|\n|t:|1767982666\n|move|p2a: Smeargle|Decorate|p2b: Incineroar\n|-boost|p2b: Incineroar|atk|2\n|-boost|p2b: Incineroar|spa|2\n|move|p2b: Incineroar|Knock Off|p1b: Calyrex\n|-damage|p1b: Calyrex|43/100 slp\n|-curestatus|p1b: Calyrex|slp|[msg]\n|move|p1b: Calyrex|Glacial Lance|p2b: Incineroar|[spread] p2a,p2b\n|-resisted|p2b: Incineroar\n|-damage|p2a: Smeargle|13/100\n|-damage|p2b: Incineroar|45/100\n|\n|-ability|p2a: Smeargle|Moody|boost\n|-boost|p2a: Smeargle|spa|2\n|-unboost|p2a: Smeargle|spd|1\n|upkeep\n|turn|10\n|\n|t:|1767982680\n|move|p2a: Smeargle|Spore|p1b: Calyrex\n|-status|p1b: Calyrex|slp|[from] move: Spore\n|move|p2b: Incineroar|Knock Off|p1b: Calyrex\n|-damage|p1b: Calyrex|8/100 slp\n|cant|p1b: Calyrex|slp\n|\n|-ability|p2a: Smeargle|Moody|boost\n|-boost|p2a: Smeargle|spa|2\n|-unboost|p2a: Smeargle|def|1\n|upkeep\n|turn|11\n|\n|t:|1767982689\n|move|p2a: Smeargle|Spore|p1b: Calyrex\n|-fail|p1b: Calyrex|slp\n|move|p2b: Incineroar|Knock Off|p1b: Calyrex\n|-damage|p1b: Calyrex|0 fnt\n|faint|p1b: Calyrex\n|\n|win|Rillabossman\n|raw|pecan3141's rating: 1186 &rarr; <strong>1167</strong><br />(-19 for losing)\n|raw|Rillabossman's rating: 1268 &rarr; <strong>1287</strong><br />(+19 for winning)\n|l|\u2606pecan3141\n|player|p1|\n|l|\u2606Rillabossman\n|player|p2|\n","uploadtime":1767982949,"views":13,"formatid":"gen9vgc2026regi","rating":1167,"private":0,"password":null}