{"id":"gen9vgc2026regi-2525640541","format":"[Gen 9] VGC 2026 Reg I","players":["ky123456","Unskilled99"],"log":"|j|\u2606ky123456\n|j|\u2606Unskilled99\n|t:|1769304876\n|gametype|doubles\n|player|p1|ky123456|cynthia-gen4|1492\n|player|p2|Unskilled99|unknown|1484\n|gen|9\n|tier|[Gen 9] VGC 2026 Reg I\n|rated|\n|rule|Species Clause: Limit one of each Pok\u00e9mon\n|rule|Item Clause: Limit 1 of each item\n|clearpoke\n|poke|p1|Kyogre, L50|\n|poke|p1|Calyrex-Ice, L50|\n|poke|p1|Grimmsnarl, L50, M|\n|poke|p1|Rillaboom, L50, M|\n|poke|p1|Landorus, L50, M|\n|poke|p1|Urshifu-*, L50, F|\n|poke|p2|Calyrex-Shadow, L50|\n|poke|p2|Zamazenta-*, L50|\n|poke|p2|Chien-Pao, L50|\n|poke|p2|Dragonite, L50, F|\n|poke|p2|Raging Bolt, L50|\n|poke|p2|Amoonguss, L50, F|\n|teampreview|4\n|\n|t:|1769304935\n|teamsize|p1|4\n|teamsize|p2|4\n|start\n|switch|p1a: Calyrex|Calyrex-Ice, L50|100/100\n|switch|p1b: Urshifu|Urshifu-Rapid-Strike, L50, F|100/100\n|switch|p2a: Calyrex|Calyrex-Shadow, L50|100/100\n|switch|p2b: Zamazenta|Zamazenta-Crowned, L50|100/100\n|-ability|p2a: Calyrex|As One\n|-ability|p2a: Calyrex|Unnerve\n|-ability|p1a: Calyrex|As One\n|-ability|p1a: Calyrex|Unnerve\n|-ability|p2b: Zamazenta|Dauntless Shield|boost\n|-boost|p2b: Zamazenta|def|1\n|turn|1\n|\n|t:|1769304961\n|switch|p2a: Amoonguss|Amoonguss, L50, F|100/100\n|-terastallize|p1a: Calyrex|Fairy\n|move|p1b: Urshifu|Surging Strikes|p2a: Amoonguss\n|-resisted|p2a: Amoonguss\n|-crit|p2a: Amoonguss\n|-damage|p2a: Amoonguss|90/100\n|-damage|p1b: Urshifu|84/100|[from] item: Rocky Helmet|[of] p2a: Amoonguss\n|-resisted|p2a: Amoonguss\n|-crit|p2a: Amoonguss\n|-damage|p2a: Amoonguss|80/100\n|-damage|p1b: Urshifu|67/100|[from] item: Rocky Helmet|[of] p2a: Amoonguss\n|-resisted|p2a: Amoonguss\n|-crit|p2a: Amoonguss\n|-damage|p2a: Amoonguss|72/100\n|-damage|p1b: Urshifu|51/100|[from] item: Rocky Helmet|[of] p2a: Amoonguss\n|-hitcount|p2a: Amoonguss|3\n|move|p2b: Zamazenta|Body Press|p1a: Calyrex\n|-resisted|p1a: Calyrex\n|-damage|p1a: Calyrex|79/100\n|move|p1a: Calyrex|Leech Seed|p2b: Zamazenta\n|-start|p2b: Zamazenta|move: Leech Seed\n|\n|-heal|p1a: Calyrex|85/100|[from] item: Leftovers\n|-damage|p2b: Zamazenta|88/100|[from] Leech Seed|[of] p1a: Calyrex\n|-heal|p1a: Calyrex|96/100|[silent]\n|upkeep\n|turn|2\n|\n|t:|1769304983\n|switch|p1b: Landorus|Landorus, L50, M|100/100\n|-terastallize|p2a: Amoonguss|Water\n|move|p2b: Zamazenta|Body Press|p1b: Landorus\n|-resisted|p1b: Landorus\n|-damage|p1b: Landorus|69/100\n|move|p1a: Calyrex|Glacial Lance|p2b: Zamazenta|[spread] p2a,p2b\n|-resisted|p2a: Amoonguss\n|-resisted|p2b: Zamazenta\n|-damage|p2a: Amoonguss|50/100\n|-damage|p2b: Zamazenta|78/100\n|move|p2a: Amoonguss|Spore|p1a: Calyrex\n|-status|p1a: Calyrex|slp|[from] move: Spore\n|\n|-heal|p1a: Calyrex|100/100 slp|[from] item: Leftovers\n|-damage|p2b: Zamazenta|66/100|[from] Leech Seed|[of] p1a: Calyrex\n|upkeep\n|turn|3\n|\n|t:|1769305004\n|move|p2b: Zamazenta|Heavy Slam|p1b: Landorus\n|-damage|p1b: Landorus|24/100\n|move|p1b: Landorus|Sandsear Storm|p2b: Zamazenta|[spread] p2b\n|-miss|p1b: Landorus|p2a: Amoonguss\n|-supereffective|p2b: Zamazenta\n|-damage|p2b: Zamazenta|0 fnt\n|faint|p2b: Zamazenta\n|cant|p1a: Calyrex|slp\n|move|p2a: Amoonguss|Sludge Bomb|p1b: Landorus\n|-resisted|p1b: Landorus\n|-damage|p1b: Landorus|10/100\n|\n|upkeep\n|\n|t:|1769305017\n|switch|p2b: Calyrex|Calyrex-Shadow, L50|100/100\n|-ability|p2b: Calyrex|As One\n|-ability|p2b: Calyrex|Unnerve\n|turn|4\n|\n|t:|1769305038\n|move|p2b: Calyrex|Astral Barrage|p1a: Calyrex|[spread] p1a,p1b\n|-damage|p1a: Calyrex|65/100 slp\n|-damage|p1b: Landorus|0 fnt\n|faint|p1b: Landorus\n|-ability|p2b: Calyrex|Grim Neigh|boost\n|-boost|p2b: Calyrex|spa|1\n|-curestatus|p1a: Calyrex|slp|[msg]\n|move|p1a: Calyrex|Glacial Lance|p2a: Amoonguss|[spread] p2a,p2b\n|-resisted|p2a: Amoonguss\n|-damage|p2a: Amoonguss|28/100\n|-damage|p2b: Calyrex|29/100\n|move|p2a: Amoonguss|Sludge Bomb|p1a: Calyrex\n|-supereffective|p1a: Calyrex\n|-damage|p1a: Calyrex|29/100\n|\n|-heal|p1a: Calyrex|35/100|[from] item: Leftovers\n|upkeep\n|c|\u2606Unskilled99|:(\n|\n|t:|1769305052\n|switch|p1b: Kyogre|Kyogre, L50|100/100\n|-weather|RainDance|[from] ability: Drizzle|[of] p1b: Kyogre\n|turn|5\n|c|\u2606Unskilled99|instant wake\n|\n|t:|1769305072\n|move|p2b: Calyrex|Protect|p2b: Calyrex\n|-singleturn|p2b: Calyrex|Protect\n|move|p1a: Calyrex|Protect|p1a: Calyrex\n|-singleturn|p1a: Calyrex|Protect\n|move|p1b: Kyogre|Water Spout|p2a: Amoonguss|[spread] p2a\n|-activate|p2b: Calyrex|move: Protect\n|-resisted|p2a: Amoonguss\n|-damage|p2a: Amoonguss|0 fnt\n|faint|p2a: Amoonguss\n|\n|-weather|RainDance|[upkeep]\n|-heal|p1a: Calyrex|41/100|[from] item: Leftovers\n|upkeep\n|\n|t:|1769305080\n|switch|p2a: Raging Bolt|Raging Bolt, L50|100/100\n|-enditem|p2a: Raging Bolt|Booster Energy\n|-activate|p2a: Raging Bolt|ability: Protosynthesis|[fromitem]\n|-start|p2a: Raging Bolt|protosynthesisspa\n|turn|6\n|\n|t:|1769305124\n|move|p2b: Calyrex|Astral Barrage|p1b: Kyogre|[spread] p1a,p1b\n|-damage|p1a: Calyrex|0 fnt\n|-damage|p1b: Kyogre|60/100\n|faint|p1a: Calyrex\n|-ability|p2b: Calyrex|Grim Neigh|boost\n|-boost|p2b: Calyrex|spa|1\n|move|p1b: Kyogre|Thunder|p2b: Calyrex\n|-damage|p2b: Calyrex|0 fnt\n|faint|p2b: Calyrex\n|move|p2a: Raging Bolt|Thunderbolt|p1b: Kyogre\n|-supereffective|p1b: Kyogre\n|-damage|p1b: Kyogre|0 fnt\n|faint|p1b: Kyogre\n|\n|-weather|RainDance|[upkeep]\n|upkeep\n|\n|t:|1769305130\n|switch|p1b: Urshifu|Urshifu-Rapid-Strike, L50, F|51/100\n|turn|7\n|\n|t:|1769305138\n|move|p2a: Raging Bolt|Thunderclap|p1b: Urshifu\n|-supereffective|p1b: Urshifu\n|-damage|p1b: Urshifu|0 fnt\n|faint|p1b: Urshifu\n|\n|win|Unskilled99\n|raw|ky123456's rating: 1492 &rarr; <strong>1472</strong><br />(-20 for losing)\n|raw|Unskilled99's rating: 1484 &rarr; <strong>1504</strong><br />(+20 for winning)\n|l|\u2606Unskilled99\n|player|p2|\n|l|\u2606ky123456\n|player|p1|\n","uploadtime":1769305321,"views":18,"formatid":"gen9vgc2026regi","rating":1472,"private":0,"password":null}