{"id":"gen9vgc2026regi-2564639658","format":"[Gen 9] VGC 2026 Reg I","players":["Wawesome","blackred123"],"log":"|j|\u203dWawesome\n|j|\u2606blackred123\n|t:|1774179334\n|gametype|doubles\n|player|p1|Wawesome|266|1441\n|player|p2|blackred123|iono-masters|1397\n|gen|9\n|tier|[Gen 9] VGC 2026 Reg I\n|rated|\n|rule|Species Clause: Limit one of each Pok\u00e9mon\n|rule|Item Clause: Limit 1 of each item\n|clearpoke\n|poke|p1|Miraidon, L50|\n|poke|p1|Iron Hands, L50|\n|poke|p1|Ho-Oh, L50|\n|poke|p1|Iron Treads, L50|\n|poke|p1|Ogerpon-Wellspring, L50, F|\n|poke|p1|Incineroar, L50, F|\n|poke|p2|Kyogre, L50|\n|poke|p2|Zamazenta-*, L50|\n|poke|p2|Chien-Pao, L50|\n|poke|p2|Amoonguss, L50, M|\n|poke|p2|Dragonite, L50, M|\n|poke|p2|Rillaboom, L50, M|\n|teampreview|4\n|inactive|Battle timer is ON: inactive players will automatically lose when time's up. (requested by blackred123)\n|\n|t:|1774179364\n|teamsize|p1|4\n|teamsize|p2|4\n|start\n|switch|p1a: Miraidon|Miraidon, L50|100/100\n|switch|p1b: Iron Treads|Iron Treads, L50|100/100\n|switch|p2a: Zamazenta|Zamazenta-Crowned, L50|100/100\n|switch|p2b: Chien-Pao|Chien-Pao, L50|100/100\n|-fieldstart|move: Electric Terrain|[from] ability: Hadron Engine|[of] p1a: Miraidon\n|-activate|p1b: Iron Treads|ability: Quark Drive\n|-start|p1b: Iron Treads|quarkdriveatk\n|-ability|p2b: Chien-Pao|Sword of Ruin\n|-ability|p2a: Zamazenta|Dauntless Shield|boost\n|-boost|p2a: Zamazenta|def|1\n|turn|1\n|\n|t:|1774179382\n|-terastallize|p2a: Zamazenta|Grass\n|move|p1a: Miraidon|Volt Switch|p2b: Chien-Pao\n|-enditem|p2b: Chien-Pao|Focus Sash\n|-damage|p2b: Chien-Pao|1/100\n|\n|t:|1774179386\n|switch|p1a: Ho-Oh|Ho-Oh, L50|100/100|[from] Volt Switch\n|move|p2b: Chien-Pao|Ice Spinner|p1a: Ho-Oh\n|-damage|p1a: Ho-Oh|47/100\n|-fieldend|move: Electric Terrain\n|-end|p1b: Iron Treads|Quark Drive\n|move|p2a: Zamazenta|Body Press|p1b: Iron Treads\n|-supereffective|p1b: Iron Treads\n|-damage|p1b: Iron Treads|0 fnt\n|faint|p1b: Iron Treads\n|-end|p1b: Iron Treads|Quark Drive|[silent]\n|\n|upkeep\n|\n|t:|1774179396\n|switch|p1b: Miraidon|Miraidon, L50|100/100\n|-fieldstart|move: Electric Terrain|[from] ability: Hadron Engine|[of] p1b: Miraidon\n|turn|2\n|\n|t:|1774179412\n|move|p2b: Chien-Pao|Sucker Punch|p1a: Ho-Oh\n|-damage|p1a: Ho-Oh|2/100\n|move|p1b: Miraidon|Electro Drift|p2b: Chien-Pao\n|-damage|p2b: Chien-Pao|0 fnt\n|faint|p2b: Chien-Pao\n|move|p2a: Zamazenta|Body Press|p1b: Miraidon\n|-damage|p1b: Miraidon|30/100\n|move|p1a: Ho-Oh|Sacred Fire|p2a: Zamazenta\n|-supereffective|p2a: Zamazenta\n|-damage|p2a: Zamazenta|59/100\n|-status|p2a: Zamazenta|brn\n|\n|-damage|p2a: Zamazenta|53/100 brn|[from] brn\n|upkeep\n|\n|t:|1774179419\n|switch|p2b: Kyogre|Kyogre, L50|100/100\n|-weather|RainDance|[from] ability: Drizzle|[of] p2b: Kyogre\n|turn|3\n|\n|t:|1774179438\n|switch|p2a: Dragonite|Dragonite, L50, M|100/100\n|switch|p1a: Iron Hands|Iron Hands, L50|100/100\n|-activate|p1a: Iron Hands|ability: Quark Drive\n|-start|p1a: Iron Hands|quarkdriveatk\n|move|p1b: Miraidon|Electro Drift|p2b: Kyogre\n|-supereffective|p2b: Kyogre\n|-damage|p2b: Kyogre|0 fnt\n|faint|p2b: Kyogre\n|\n|-weather|RainDance|[upkeep]\n|upkeep\n|\n|t:|1774179449\n|switch|p2b: Zamazenta|Zamazenta-Crowned, L50, tera:Grass|53/100 brn\n|turn|4\n|\n|t:|1774179462\n|move|p2a: Dragonite|Extreme Speed|p1b: Miraidon\n|-damage|p1b: Miraidon|0 fnt\n|faint|p1b: Miraidon\n|move|p2b: Zamazenta|Body Press|p1a: Iron Hands\n|-damage|p1a: Iron Hands|85/100\n|move|p1a: Iron Hands|Wild Charge|p2a: Dragonite\n|-damage|p2a: Dragonite|6/100\n|-damage|p1a: Iron Hands|68/100|[from] Recoil\n|\n|-weather|RainDance|[upkeep]\n|-damage|p2b: Zamazenta|47/100 brn|[from] brn\n|upkeep\n|\n|t:|1774179470\n|switch|p1b: Ho-Oh|Ho-Oh, L50|35/100\n|turn|5\n|\n|t:|1774179475\n|move|p2a: Dragonite|Extreme Speed|p1a: Iron Hands\n|-damage|p1a: Iron Hands|38/100\n|move|p2b: Zamazenta|Body Press|p1a: Iron Hands\n|-damage|p1a: Iron Hands|21/100\n|move|p1b: Ho-Oh|Brave Bird|p2b: Zamazenta\n|-supereffective|p2b: Zamazenta\n|-damage|p2b: Zamazenta|0 fnt\n|faint|p2b: Zamazenta\n|-damage|p1b: Ho-Oh|21/100|[from] Recoil\n|move|p1a: Iron Hands|Heavy Slam|p2a: Dragonite\n|-damage|p2a: Dragonite|0 fnt\n|faint|p2a: Dragonite\n|\n|win|Wawesome\n|raw|Wawesome's rating: 1441 &rarr; <strong>1458</strong><br />(+17 for winning)\n|raw|blackred123's rating: 1397 &rarr; <strong>1380</strong><br />(-17 for losing)\n","uploadtime":1774179614,"views":10,"formatid":"gen9vgc2026regi","rating":1380,"private":0,"password":null}