{"id":"gen9vgc2026regi-2567667820","format":"[Gen 9] VGC 2026 Reg I","players":["JERRY RIVERA","sauan2"],"log":"|j|\u2606JERRY RIVERA\n|j|\u2606sauan2\n|t:|1774500869\n|gametype|doubles\n|player|p1|JERRY RIVERA|silver|1342\n|player|p2|sauan2|169|1431\n|gen|9\n|tier|[Gen 9] VGC 2026 Reg I\n|rated|\n|rule|Species Clause: Limit one of each Pok\u00e9mon\n|rule|Item Clause: Limit 1 of each item\n|clearpoke\n|poke|p1|Kyogre, L50|\n|poke|p1|Calyrex-Shadow, L50|\n|poke|p1|Weezing-Galar, L50, M|\n|poke|p1|Dondozo, L50, M|\n|poke|p1|Tatsugiri-Droopy, L50, F|\n|poke|p1|Tornadus, L50, M|\n|poke|p2|Brute Bonnet, L50|\n|poke|p2|Lunala, L50|\n|poke|p2|Ursaluna, L50, M|\n|poke|p2|Chi-Yu, L50|\n|poke|p2|Koraidon, L50|\n|poke|p2|Flutter Mane, L50|\n|teampreview|4\n|inactive|Battle timer is ON: inactive players will automatically lose when time's up. (requested by sauan2)\n|inactive|JERRY RIVERA has 60 seconds left.\n|inactive|sauan2 has 60 seconds left.\nsauan2 has agreed to open team sheets.\n|inactive|JERRY RIVERA has 30 seconds left.\n|\n|t:|1774500938\n|teamsize|p1|4\n|teamsize|p2|4\n|start\n|switch|p1a: Weezing|Weezing-Galar, L50, M|100/100\n|switch|p1b: Chorizo|Dondozo, L50, M|100/100\n|switch|p2a: Lunala|Lunala, L50, shiny|100/100\n|switch|p2b: Brute Bonnet|Brute Bonnet, L50, shiny|100/100\n|-ability|p1a: Weezing|Neutralizing Gas\n|turn|1\n|\n|t:|1774500963\n|-end|p1a: Weezing|ability: Neutralizing Gas\n|switch|p1a: Tatsugiri|Tatsugiri-Droopy, L50, F|100/100\n|-activate|p1a: Tatsugiri|ability: Commander|[of] p1b: Chorizo\n|-boost|p1b: Chorizo|atk|2\n|-boost|p1b: Chorizo|spa|2\n|-boost|p1b: Chorizo|spe|2\n|-boost|p1b: Chorizo|def|2\n|-boost|p1b: Chorizo|spd|2\n|-terastallize|p1b: Chorizo|Grass\n|move|p2a: Lunala|Meteor Beam||[still]\n|-prepare|p2a: Lunala|Meteor Beam\n|-boost|p2a: Lunala|spa|1\n|-enditem|p2a: Lunala|Power Herb\n|-anim|p2a: Lunala|Meteor Beam|p1b: Chorizo|[miss]\n|-miss|p2a: Lunala|p1b: Chorizo\n|move|p1b: Chorizo|Order Up|p2b: Brute Bonnet\n|-damage|p2b: Brute Bonnet|76/100\n|-boost|p1b: Chorizo|def|1\n|move|p2b: Brute Bonnet|Seed Bomb|p1b: Chorizo\n|-resisted|p1b: Chorizo\n|-crit|p1b: Chorizo\n|-damage|p1b: Chorizo|86/100\n|\n|-heal|p1b: Chorizo|93/100|[from] item: Leftovers\n|upkeep\n|turn|2\n|inactive|JERRY RIVERA has 30 seconds left.\n|inactive|JERRY RIVERA has 20 seconds left.\n|inactive|JERRY RIVERA has 15 seconds left.\n|\n|t:|1774501008\n|move|p2b: Brute Bonnet|Sucker Punch|p1b: Chorizo\n|-damage|p1b: Chorizo|84/100\n|move|p2a: Lunala|Moongeist Beam|p1b: Chorizo\n|-damage|p1b: Chorizo|54/100\n|move|p1b: Chorizo|Body Press|p2b: Brute Bonnet\n|-supereffective|p2b: Brute Bonnet\n|-damage|p2b: Brute Bonnet|9/100\n|-enditem|p2b: Brute Bonnet|Sitrus Berry|[eat]\n|-heal|p2b: Brute Bonnet|34/100|[from] item: Sitrus Berry\n|\n|-heal|p1b: Chorizo|60/100|[from] item: Leftovers\n|upkeep\n|turn|3\n|\n|t:|1774501020\n|-end|p2b: Brute Bonnet|Protosynthesis|[silent]\n|switch|p2b: Flutter Mane|Flutter Mane, L50, shiny|100/100\n|move|p1b: Chorizo|Protect|p1b: Chorizo\n|-singleturn|p1b: Chorizo|Protect\n|move|p2a: Lunala|Moongeist Beam|p1b: Chorizo\n|-activate|p1b: Chorizo|move: Protect\n|\n|-heal|p1b: Chorizo|66/100|[from] item: Leftovers\n|upkeep\n|turn|4\n|\n|t:|1774501028\n|move|p2b: Flutter Mane|Protect|p2b: Flutter Mane\n|-singleturn|p2b: Flutter Mane|Protect\n|move|p2a: Lunala|Moongeist Beam|p1b: Chorizo\n|-damage|p1b: Chorizo|34/100\n|move|p1b: Chorizo|Earthquake|p2a: Lunala|[spread] p2a\n|-miss|p1b: Chorizo|p1a: Tatsugiri\n|-activate|p2b: Flutter Mane|move: Protect\n|-damage|p2a: Lunala|87/100\n|\n|-heal|p1b: Chorizo|41/100|[from] item: Leftovers\n|upkeep\n|turn|5\n|\n|t:|1774501044\n|move|p2a: Lunala|Wide Guard|p2a: Lunala\n|-singleturn|p2a: Lunala|Wide Guard\n|move|p2b: Flutter Mane|Moonblast|p1b: Chorizo\n|-damage|p1b: Chorizo|23/100\n|move|p1b: Chorizo|Order Up|p2a: Lunala\n|-damage|p2a: Lunala|55/100\n|-boost|p1b: Chorizo|def|1\n|\n|-heal|p1b: Chorizo|29/100|[from] item: Leftovers\n|upkeep\n|turn|6\n|\n|t:|1774501060\n|move|p2a: Lunala|Wide Guard|p2a: Lunala\n|-singleturn|p2a: Lunala|Wide Guard\n|move|p2b: Flutter Mane|Moonblast|p1b: Chorizo\n|-damage|p1b: Chorizo|11/100\n|move|p1b: Chorizo|Earthquake|p2b: Flutter Mane|[spread] \n|-miss|p1b: Chorizo|p1a: Tatsugiri\n|-activate|p2a: Lunala|move: Wide Guard\n|-activate|p2b: Flutter Mane|move: Wide Guard\n|\n|-heal|p1b: Chorizo|18/100|[from] item: Leftovers\n|upkeep\n|turn|7\n|\n|t:|1774501073\n|move|p1b: Chorizo|Protect|p1b: Chorizo\n|-singleturn|p1b: Chorizo|Protect\n|move|p2a: Lunala|Wide Guard|p2a: Lunala\n|-singleturn|p2a: Lunala|Wide Guard\n|move|p2b: Flutter Mane|Icy Wind|p1b: Chorizo|[spread] \n|-miss|p2b: Flutter Mane|p1a: Tatsugiri\n|-activate|p1b: Chorizo|move: Protect\n|\n|-heal|p1b: Chorizo|24/100|[from] item: Leftovers\n|upkeep\n|turn|8\n|\n|t:|1774501082\n|move|p2a: Lunala|Wide Guard|p2a: Lunala\n|-singleturn|p2a: Lunala|Wide Guard\n|move|p2b: Flutter Mane|Moonblast|p1b: Chorizo\n|-damage|p1b: Chorizo|7/100\n|move|p1b: Chorizo|Order Up|p2a: Lunala\n|-damage|p2a: Lunala|24/100\n|-boost|p1b: Chorizo|def|1\n|\n|-heal|p1b: Chorizo|13/100|[from] item: Leftovers\n|upkeep\n|turn|9\n|\n|t:|1774501092\n|move|p1b: Chorizo|Protect|p1b: Chorizo\n|-singleturn|p1b: Chorizo|Protect\n|move|p2b: Flutter Mane|Moonblast|p1b: Chorizo\n|-activate|p1b: Chorizo|move: Protect\n|move|p2a: Lunala|Moongeist Beam|p1b: Chorizo\n|-activate|p1b: Chorizo|move: Protect\n|\n|-heal|p1b: Chorizo|20/100|[from] item: Leftovers\n|upkeep\n|turn|10\n|\n|t:|1774501105\n|move|p2b: Flutter Mane|Moonblast|p1b: Chorizo\n|-damage|p1b: Chorizo|0 fnt\n|faint|p1b: Chorizo\n|move|p2a: Lunala|Moongeist Beam|p1a: Tatsugiri\n|-enditem|p1a: Tatsugiri|Focus Sash\n|-damage|p1a: Tatsugiri|1/100\n|\n|upkeep\n|\n|t:|1774501116\n|switch|p1b: Weezing|Weezing-Galar, L50, M|100/100\n|-ability|p1b: Weezing|Neutralizing Gas\n|turn|11\n|\n|t:|1774501135\n|move|p1a: Tatsugiri|Protect|p1a: Tatsugiri\n|-singleturn|p1a: Tatsugiri|Protect\n|move|p2b: Flutter Mane|Icy Wind|p1b: Weezing|[spread] p1b\n|-activate|p1a: Tatsugiri|move: Protect\n|-damage|p1b: Weezing|87/100\n|-unboost|p1b: Weezing|spe|1\n|move|p2a: Lunala|Moongeist Beam|p1b: Weezing\n|-damage|p1b: Weezing|0 fnt\n|faint|p1b: Weezing\n|-end|p1b: Weezing|ability: Neutralizing Gas\n|\n|upkeep\n|\n|t:|1774501147\n|switch|p1b: Vino|Calyrex-Shadow, L50|100/100\n|-ability|p1b: Vino|As One\n|-ability|p1b: Vino|Unnerve\n|turn|12\n|\n|t:|1774501152\n|move|p1b: Vino|Protect|p1b: Vino\n|-singleturn|p1b: Vino|Protect\n|move|p2b: Flutter Mane|Icy Wind|p1a: Tatsugiri|[spread] p1a\n|-activate|p1b: Vino|move: Protect\n|-damage|p1a: Tatsugiri|0 fnt\n|faint|p1a: Tatsugiri\n|move|p2a: Lunala|Moongeist Beam|p1b: Vino\n|-activate|p1b: Vino|move: Protect\n|\n|upkeep\n|turn|13\n|\n|t:|1774501163\n|move|p1b: Vino|Psyshock|p2a: Lunala\n|-resisted|p2a: Lunala\n|-damage|p2a: Lunala|0 fnt\n|faint|p2a: Lunala\n|-ability|p1b: Vino|Grim Neigh|boost\n|-boost|p1b: Vino|spa|1\n|-damage|p1b: Vino|91/100|[from] item: Life Orb\n|move|p2b: Flutter Mane|Shadow Ball|p1b: Vino\n|-supereffective|p1b: Vino\n|-damage|p1b: Vino|0 fnt\n|faint|p1b: Vino\n|\n|win|sauan2\n|raw|JERRY RIVERA's rating: 1342 &rarr; <strong>1327</strong><br />(-15 for losing)\n|raw|sauan2's rating: 1431 &rarr; <strong>1446</strong><br />(+15 for winning)\n|l|\u2606JERRY RIVERA\n|player|p1|\n|l|\u2606sauan2\n|player|p2|\n","uploadtime":1774501395,"views":10,"formatid":"gen9vgc2026regi","rating":1327,"private":0,"password":null}