{"id":"gen9vgc2026regi-2579581328","format":"[Gen 9] VGC 2026 Reg I","players":["rsingh1","Sheevp"],"log":"|j|\u2606rsingh1\n|j|\u2606Sheevp\n|t:|1775800864\n|gametype|doubles\n|player|p1|rsingh1|2|1390\n|player|p2|Sheevp|170|1412\n|gen|9\n|tier|[Gen 9] VGC 2026 Reg I\n|rated|\n|rule|Species Clause: Limit one of each Pok\u00e9mon\n|rule|Item Clause: Limit 1 of each item\n|clearpoke\n|poke|p1|Calyrex-Ice, L50|\n|poke|p1|Miraidon, L50|\n|poke|p1|Grimmsnarl, L50, M|\n|poke|p1|Urshifu-*, L50, F|\n|poke|p1|Incineroar, L50, M|\n|poke|p1|Landorus, L50, M|\n|poke|p2|Calyrex-Ice, L50|\n|poke|p2|Kyogre, L50|\n|poke|p2|Smeargle, L50, M|\n|poke|p2|Roaring Moon, L50|\n|poke|p2|Amoonguss, L50, M|\n|poke|p2|Landorus, L50, M|\n|teampreview|4\n|\n|t:|1775800883\n|teamsize|p1|4\n|teamsize|p2|4\n|start\n|switch|p1a: Grimmsnarl|Grimmsnarl, L50, M|100/100\n|switch|p1b: Incineroar|Incineroar, L50, M|100/100\n|switch|p2a: Calyrex|Calyrex-Ice, L50|100/100\n|switch|p2b: Smeargle|Smeargle, L50, M|100/100\n|-ability|p2a: Calyrex|As One\n|-ability|p2a: Calyrex|Unnerve\n|-ability|p1b: Incineroar|Intimidate|boost\n|-unboost|p2a: Calyrex|atk|1\n|-unboost|p2b: Smeargle|atk|1\n|turn|1\n|\n|t:|1775800904\n|switch|p2a: Landorus|Landorus, L50, M|100/100\n|move|p1b: Incineroar|Flare Blitz|p2b: Smeargle\n|-damage|p2b: Smeargle|39/100\n|-damage|p1b: Incineroar|83/100|[from] Recoil\n|move|p1a: Grimmsnarl|Spirit Break|p2b: Smeargle\n|-damage|p2b: Smeargle|0 fnt\n|faint|p2b: Smeargle\n|\n|upkeep\n|\n|t:|1775800915\n|switch|p2b: Kyogre|Kyogre, L50|100/100\n|-weather|RainDance|[from] ability: Drizzle|[of] p2b: Kyogre\n|turn|2\n|\n|t:|1775800929\n|move|p1a: Grimmsnarl|Light Screen|p1a: Grimmsnarl\n|-sidestart|p1: rsingh1|move: Light Screen\n|move|p2a: Landorus|Sandsear Storm|p1b: Incineroar|[spread] p1a,p1b\n|-supereffective|p1b: Incineroar\n|-damage|p1a: Grimmsnarl|63/100\n|-damage|p1b: Incineroar|31/100\n|move|p1b: Incineroar|Knock Off|p2b: Kyogre\n|-damage|p2b: Kyogre|68/100\n|-enditem|p2b: Kyogre|Mystic Water|[from] move: Knock Off|[of] p1b: Incineroar\n|move|p2b: Kyogre|Water Spout|p1b: Incineroar|[spread] p1a,p1b\n|-supereffective|p1b: Incineroar\n|-damage|p1a: Grimmsnarl|22/100\n|-damage|p1b: Incineroar|0 fnt\n|faint|p1b: Incineroar\n|\n|-weather|RainDance|[upkeep]\n|upkeep\n|\n|t:|1775800942\n|switch|p1b: Urshifu|Urshifu-Rapid-Strike, L50, F|100/100\n|turn|3\n|\n|t:|1775800949\n|-terastallize|p2a: Landorus|Water\n|move|p1a: Grimmsnarl|Thunder Wave|p2b: Kyogre\n|-status|p2b: Kyogre|par\n|move|p2a: Landorus|Sandsear Storm|p1b: Urshifu|[spread] p1a,p1b\n|-damage|p1a: Grimmsnarl|0 fnt\n|-damage|p1b: Urshifu|52/100\n|faint|p1a: Grimmsnarl\n|move|p1b: Urshifu|Surging Strikes|p2a: Landorus\n|-resisted|p2a: Landorus\n|-crit|p2a: Landorus\n|-damage|p2a: Landorus|78/100\n|-resisted|p2a: Landorus\n|-crit|p2a: Landorus\n|-damage|p2a: Landorus|55/100\n|-resisted|p2a: Landorus\n|-crit|p2a: Landorus\n|-damage|p2a: Landorus|29/100\n|-hitcount|p2a: Landorus|3\n|move|p2b: Kyogre|Origin Pulse|p1b: Urshifu\n|-resisted|p1b: Urshifu\n|-damage|p1b: Urshifu|16/100\n|\n|-weather|RainDance|[upkeep]\n|upkeep\n|\n|t:|1775800967\n|switch|p1a: Calyrex|Calyrex-Ice, L50|100/100\n|-ability|p1a: Calyrex|As One\n|-ability|p1a: Calyrex|Unnerve\n|turn|4\n|\n|t:|1775800978\n|move|p2a: Landorus|Sandsear Storm|p1a: Calyrex|[spread] p1a,p1b\n|-damage|p1a: Calyrex|73/100\n|-damage|p1b: Urshifu|0 fnt\n|faint|p1b: Urshifu\n|move|p1a: Calyrex|Glacial Lance|p2a: Landorus|[spread] p2a,p2b\n|-resisted|p2a: Landorus\n|-resisted|p2b: Kyogre\n|-damage|p2a: Landorus|1/100\n|-damage|p2b: Kyogre|45/100 par\n|move|p2b: Kyogre|Origin Pulse|p1a: Calyrex\n|-damage|p1a: Calyrex|34/100\n|\n|-weather|RainDance|[upkeep]\n|-heal|p1a: Calyrex|40/100|[from] item: Leftovers\n|upkeep\n|turn|5\n|\n|t:|1775800991\n|move|p1a: Calyrex|Protect|p1a: Calyrex\n|-singleturn|p1a: Calyrex|Protect\n|move|p2a: Landorus|Sandsear Storm|p1a: Calyrex\n|-activate|p1a: Calyrex|move: Protect\n|move|p2b: Kyogre|Origin Pulse|p1a: Calyrex\n|-activate|p1a: Calyrex|move: Protect\n|\n|-weather|RainDance|[upkeep]\n|-heal|p1a: Calyrex|45/100|[from] item: Leftovers\n|upkeep\n|turn|6\n|\n|t:|1775801002\n|move|p2a: Landorus|Sandsear Storm|p1a: Calyrex\n|-damage|p1a: Calyrex|10/100\n|move|p1a: Calyrex|Glacial Lance|p2b: Kyogre|[spread] p2a,p2b\n|-resisted|p2a: Landorus\n|-resisted|p2b: Kyogre\n|-damage|p2a: Landorus|0 fnt\n|-damage|p2b: Kyogre|17/100 par\n|faint|p2a: Landorus\n|-ability|p1a: Calyrex|Chilling Neigh|boost\n|-boost|p1a: Calyrex|atk|1\n|move|p2b: Kyogre|Origin Pulse|p1a: Calyrex|[miss]\n|-miss|p2b: Kyogre|p1a: Calyrex\n|\n|-weather|none\n|-heal|p1a: Calyrex|15/100|[from] item: Leftovers\n|upkeep\n|\n|t:|1775801008\n|switch|p2a: Calyrex|Calyrex-Ice, L50|100/100\n|-ability|p2a: Calyrex|As One\n|-ability|p2a: Calyrex|Unnerve\n|turn|7\n|\n|t:|1775801016\n|move|p1a: Calyrex|Protect|p1a: Calyrex\n|-singleturn|p1a: Calyrex|Protect\n|cant|p2b: Kyogre|par\n|move|p2a: Calyrex|Leech Seed|p1a: Calyrex\n|-activate|p1a: Calyrex|move: Protect\n|\n|-heal|p1a: Calyrex|21/100|[from] item: Leftovers\n|upkeep\n|turn|8\n|\n|t:|1775801044\n|move|p1a: Calyrex|Leech Seed|p2a: Calyrex\n|-start|p2a: Calyrex|move: Leech Seed\n|move|p2a: Calyrex|Leech Seed|p1a: Calyrex\n|-start|p1a: Calyrex|move: Leech Seed\n|move|p2b: Kyogre|Origin Pulse|p1a: Calyrex|[miss]\n|-miss|p2b: Kyogre|p1a: Calyrex\n|\n|-heal|p1a: Calyrex|27/100|[from] item: Leftovers\n|-damage|p2a: Calyrex|88/100|[from] Leech Seed|[of] p1a: Calyrex\n|-heal|p1a: Calyrex|39/100|[silent]\n|-damage|p1a: Calyrex|27/100|[from] Leech Seed|[of] p2a: Calyrex\n|-heal|p2a: Calyrex|100/100|[silent]\n|upkeep\n|turn|9\n|\n|t:|1775801058\n|move|p2a: Calyrex|Glacial Lance|p1a: Calyrex\n|-resisted|p1a: Calyrex\n|-damage|p1a: Calyrex|6/100\n|move|p1a: Calyrex|Glacial Lance|p2a: Calyrex|[spread] p2a,p2b\n|-resisted|p2a: Calyrex\n|-resisted|p2b: Kyogre\n|-damage|p2a: Calyrex|75/100\n|-damage|p2b: Kyogre|0 fnt\n|faint|p2b: Kyogre\n|-ability|p1a: Calyrex|Chilling Neigh|boost\n|-boost|p1a: Calyrex|atk|1\n|\n|-heal|p2a: Calyrex|81/100|[from] item: Leftovers\n|-heal|p1a: Calyrex|12/100|[from] item: Leftovers\n|-damage|p1a: Calyrex|0 fnt|[from] Leech Seed|[of] p2a: Calyrex\n|-heal|p2a: Calyrex|92/100|[silent]\n|faint|p1a: Calyrex\n|\n|win|Sheevp\n|raw|rsingh1's rating: 1390 &rarr; <strong>1371</strong><br />(-19 for losing)\n|raw|Sheevp's rating: 1412 &rarr; <strong>1431</strong><br />(+19 for winning)\n|l|\u2606rsingh1\n|player|p1|\n|l|\u2606Sheevp\n|player|p2|\n|j|\u2606Sheevp\n|player|p2|Sheevp|170|\n|l|\u2606Sheevp\n|player|p2|\n","uploadtime":1775801212,"views":12,"formatid":"gen9vgc2026regi","rating":1371,"private":0,"password":null}