{"id":"gen9vgc2026regi-2540050070","format":"[Gen 9] VGC 2026 Reg I","players":["SEITA","godfocker"],"log":"|j|\u2606SEITA\n|j|\u2606godfocker\n|t:|1771152492\n|gametype|doubles\n|player|p1|SEITA|lucas-gen4pt|1519\n|player|p2|godfocker|265|1566\n|gen|9\n|tier|[Gen 9] VGC 2026 Reg I\n|rated|\n|rule|Species Clause: Limit one of each Pok\u00e9mon\n|rule|Item Clause: Limit 1 of each item\n|clearpoke\n|poke|p1|Zamazenta-*, L50|\n|poke|p1|Kyogre, L50|\n|poke|p1|Wo-Chien, L50|\n|poke|p1|Grimmsnarl, L50, M|\n|poke|p1|Rhyperior, L50, F|\n|poke|p1|Ditto, L50|\n|poke|p2|Calyrex-Ice, L50|\n|poke|p2|Miraidon, L50|\n|poke|p2|Farigiraf, L50, M|\n|poke|p2|Incineroar, L50, F|\n|poke|p2|Urshifu-*, L50, F|\n|poke|p2|Ursaluna, L50, M|\n|teampreview|4\n|\n|t:|1771152555\n|teamsize|p1|4\n|teamsize|p2|4\n|start\n|switch|p1a: Grimmsnarl|Grimmsnarl, L50, M|100/100\n|switch|p1b: Zamazenta|Zamazenta-Crowned, L50|100/100\n|switch|p2a: Calyrex|Calyrex-Ice, L50|100/100\n|switch|p2b: Miraidon|Miraidon, L50|100/100\n|-ability|p2a: Calyrex|As One\n|-ability|p2a: Calyrex|Unnerve\n|-fieldstart|move: Electric Terrain|[from] ability: Hadron Engine|[of] p2b: Miraidon\n|-ability|p1b: Zamazenta|Dauntless Shield|boost\n|-boost|p1b: Zamazenta|def|1\n|turn|1\n|\n|t:|1771152596\n|move|p1a: Grimmsnarl|Parting Shot|p2b: Miraidon\n|-unboost|p2b: Miraidon|atk|1\n|-unboost|p2b: Miraidon|spa|1\n|\n|t:|1771152600\n|switch|p1a: Rhyperior|Rhyperior, L50, F|100/100|[from] Parting Shot\n|move|p2b: Miraidon|Dazzling Gleam|p1b: Zamazenta|[spread] p1a,p1b\n|-damage|p1a: Rhyperior|81/100\n|-damage|p1b: Zamazenta|80/100\n|move|p1b: Zamazenta|Iron Defense|p1b: Zamazenta\n|-boost|p1b: Zamazenta|def|2\n|move|p2a: Calyrex|Glacial Lance|p1a: Rhyperior|[spread] p1a,p1b\n|-supereffective|p1a: Rhyperior\n|-resisted|p1b: Zamazenta\n|-damage|p1a: Rhyperior|3/100\n|-damage|p1b: Zamazenta|73/100\n|\n|upkeep\n|turn|2\n|\n|t:|1771152629\n|switch|p1a: Kyogre|Kyogre, L50|100/100\n|-weather|RainDance|[from] ability: Drizzle|[of] p1a: Kyogre\n|move|p2b: Miraidon|Dazzling Gleam|p1a: Kyogre|[spread] p1a,p1b\n|-damage|p1a: Kyogre|83/100\n|-damage|p1b: Zamazenta|53/100\n|move|p1b: Zamazenta|Body Press|p2b: Miraidon\n|-damage|p2b: Miraidon|0 fnt\n|faint|p2b: Miraidon\n|move|p2a: Calyrex|Trick Room|p2a: Calyrex\n|-fieldstart|move: Trick Room|[of] p2a: Calyrex\n|\n|-weather|RainDance|[upkeep]\n|-heal|p1a: Kyogre|89/100|[from] item: Leftovers\n|upkeep\n|\n|t:|1771152641\n|switch|p2b: Urshifu|Urshifu-Rapid-Strike, L50, F|100/100\n|turn|3\n|\n|t:|1771152694\n|-terastallize|p2a: Calyrex|Water\n|-terastallize|p1b: Zamazenta|Grass\n|move|p2a: Calyrex|High Horsepower|p1a: Kyogre\n|-damage|p1a: Kyogre|56/100\n|move|p1a: Kyogre|Thunder|p2b: Urshifu\n|-supereffective|p2b: Urshifu\n|-enditem|p2b: Urshifu|Focus Sash\n|-damage|p2b: Urshifu|1/100\n|-status|p2b: Urshifu|par\n|move|p2b: Urshifu|Surging Strikes|p1b: Zamazenta\n|-resisted|p1b: Zamazenta\n|-crit|p1b: Zamazenta\n|-damage|p1b: Zamazenta|44/100\n|-resisted|p1b: Zamazenta\n|-crit|p1b: Zamazenta\n|-damage|p1b: Zamazenta|35/100\n|-resisted|p1b: Zamazenta\n|-crit|p1b: Zamazenta\n|-damage|p1b: Zamazenta|24/100\n|-hitcount|p1b: Zamazenta|3\n|move|p1b: Zamazenta|Body Press|p2a: Calyrex\n|-damage|p2a: Calyrex|32/100\n|\n|-weather|RainDance|[upkeep]\n|-heal|p1a: Kyogre|61/100|[from] item: Leftovers\n|upkeep\n|turn|4\n|\n|t:|1771152730\n|move|p2a: Calyrex|Glacial Lance|p1b: Zamazenta|[spread] p1a,p1b\n|-resisted|p1a: Kyogre\n|-supereffective|p1b: Zamazenta\n|-damage|p1a: Kyogre|38/100\n|-damage|p1b: Zamazenta|0 fnt\n|faint|p1b: Zamazenta\n|-ability|p2a: Calyrex|Chilling Neigh|boost\n|-boost|p2a: Calyrex|atk|1\n|move|p2b: Urshifu|Surging Strikes|p1a: Kyogre\n|-resisted|p1a: Kyogre\n|-crit|p1a: Kyogre\n|-damage|p1a: Kyogre|25/100\n|-resisted|p1a: Kyogre\n|-crit|p1a: Kyogre\n|-damage|p1a: Kyogre|13/100\n|-resisted|p1a: Kyogre\n|-crit|p1a: Kyogre\n|-damage|p1a: Kyogre|0 fnt\n|faint|p1a: Kyogre\n|-hitcount|p1: Kyogre|3\n|\n|-weather|RainDance|[upkeep]\n|upkeep\n|\n|t:|1771152747\n|switch|p1a: Grimmsnarl|Grimmsnarl, L50, M|100/100\n|switch|p1b: Rhyperior|Rhyperior, L50, F|3/100\n|turn|5\n|\n|t:|1771152763\n|move|p2a: Calyrex|Glacial Lance|p1b: Rhyperior|[spread] p1a,p1b\n|-supereffective|p1b: Rhyperior\n|-damage|p1a: Grimmsnarl|33/100\n|-damage|p1b: Rhyperior|0 fnt\n|faint|p1b: Rhyperior\n|-ability|p2a: Calyrex|Chilling Neigh|boost\n|-boost|p2a: Calyrex|atk|1\n|cant|p2b: Urshifu|par\n|move|p1a: Grimmsnarl|Spirit Break|p2a: Calyrex\n|-damage|p2a: Calyrex|12/100\n|\n|-weather|RainDance|[upkeep]\n|-fieldend|move: Electric Terrain\n|upkeep\n|turn|6\n|-message|SEITA forfeited.\n|\n|win|godfocker\n|raw|SEITA's rating: 1519 &rarr; <strong>1502</strong><br />(-17 for losing)\n|raw|godfocker's rating: 1566 &rarr; <strong>1583</strong><br />(+17 for winning)\n|l|\u2606SEITA\n|player|p1|\n|l|\u2606godfocker\n|player|p2|\n","uploadtime":1771152782,"views":50,"formatid":"gen9vgc2026regi","rating":1502,"private":0,"password":null}