{"id":"gen9vgc2026regi-2559852952","format":"[Gen 9] VGC 2026 Reg I","players":["GojiraFanBoy","bullgod4ever"],"log":"|j|\u2606GojiraFanBoy\n|j|\u2606bullgod4ever\n|t:|1773616394\n|gametype|doubles\n|player|p1|GojiraFanBoy|101|1371\n|player|p2|bullgod4ever|170|1494\n|gen|9\n|tier|[Gen 9] VGC 2026 Reg I\n|rated|\n|rule|Species Clause: Limit one of each Pok\u00e9mon\n|rule|Item Clause: Limit 1 of each item\n|clearpoke\n|poke|p1|Koraidon, L50|\n|poke|p1|Ho-Oh, L50|\n|poke|p1|Flutter Mane, L50|\n|poke|p1|Iron Treads, L50|\n|poke|p1|Raging Bolt, L50|\n|poke|p1|Incineroar, L50, M|\n|poke|p2|Calyrex-Shadow, L50|\n|poke|p2|Zamazenta-*, L50|\n|poke|p2|Chien-Pao, L50|\n|poke|p2|Dragonite, L50, F|\n|poke|p2|Amoonguss, L50, F|\n|poke|p2|Ogerpon-Cornerstone, L50, F|\n|teampreview|4\n|inactive|Battle timer is ON: inactive players will automatically lose when time's up. (requested by GojiraFanBoy)\n|\n|t:|1773616427\n|teamsize|p1|4\n|teamsize|p2|4\n|start\n|switch|p1a: Incineroar|Incineroar, L50, M|100/100\n|switch|p1b: Ho-Oh|Ho-Oh, L50|100/100\n|switch|p2a: Chien-Pao|Chien-Pao, L50|100/100\n|switch|p2b: Dragonite|Dragonite, L50, F|100/100\n|-ability|p2a: Chien-Pao|Sword of Ruin\n|-ability|p1a: Incineroar|Intimidate|boost\n|-unboost|p2a: Chien-Pao|atk|1\n|-fail|p2b: Dragonite|unboost|Attack|[from] ability: Inner Focus|[of] p2b: Dragonite\n|turn|1\n|\n|t:|1773616450\n|-terastallize|p2b: Dragonite|Normal\n|move|p1b: Ho-Oh|Protect|p1b: Ho-Oh\n|-singleturn|p1b: Ho-Oh|Protect\n|move|p2b: Dragonite|Extreme Speed|p1b: Ho-Oh\n|-activate|p1b: Ho-Oh|move: Protect\n|move|p2a: Chien-Pao|Ruination|p1a: Incineroar\n|-damage|p1a: Incineroar|51/100\n|move|p1a: Incineroar|Will-O-Wisp|p2b: Dragonite\n|-status|p2b: Dragonite|brn\n|\n|-damage|p2b: Dragonite|95/100 brn|[from] brn\n|upkeep\n|turn|2\n|\n|t:|1773616467\n|move|p2b: Dragonite|Extreme Speed|p1a: Incineroar\n|-damage|p1a: Incineroar|17/100\n|-damage|p2b: Dragonite|78/100 brn|[from] item: Rocky Helmet|[of] p1a: Incineroar\n|move|p2a: Chien-Pao|Ruination|p1b: Ho-Oh\n|-damage|p1b: Ho-Oh|51/100\n|move|p1b: Ho-Oh|Sacred Fire|p2a: Chien-Pao|[miss]\n|-miss|p1b: Ho-Oh|p2a: Chien-Pao\n|move|p1a: Incineroar|Parting Shot|p2b: Dragonite\n|-unboost|p2b: Dragonite|atk|1\n|-unboost|p2b: Dragonite|spa|1\n|\n|t:|1773616479\n|switch|p1a: Flutter Mane|Flutter Mane, L50|100/100|[from] Parting Shot\n|\n|-damage|p2b: Dragonite|72/100 brn|[from] brn\n|upkeep\n|turn|3\n|\n|t:|1773616492\n|move|p2b: Dragonite|Extreme Speed|p1b: Ho-Oh\n|-damage|p1b: Ho-Oh|26/100\n|move|p2a: Chien-Pao|Sucker Punch|p1a: Flutter Mane\n|-damage|p1a: Flutter Mane|47/100\n|move|p1a: Flutter Mane|Moonblast|p2a: Chien-Pao\n|-supereffective|p2a: Chien-Pao\n|-crit|p2a: Chien-Pao\n|-damage|p2a: Chien-Pao|0 fnt\n|faint|p2a: Chien-Pao\n|move|p1b: Ho-Oh|Sacred Fire|p2b: Dragonite\n|-damage|p2b: Dragonite|27/100 brn\n|\n|-damage|p2b: Dragonite|22/100 brn|[from] brn\n|upkeep\n|\n|t:|1773616507\n|switch|p2a: Calyrex|Calyrex-Shadow, L50|100/100\n|-ability|p2a: Calyrex|As One\n|-ability|p2a: Calyrex|Unnerve\n|turn|4\n|\n|t:|1773616515\n|move|p1a: Flutter Mane|Protect|p1a: Flutter Mane\n|-singleturn|p1a: Flutter Mane|Protect\n|move|p1b: Ho-Oh|Protect|p1b: Ho-Oh\n|-singleturn|p1b: Ho-Oh|Protect\n|move|p2b: Dragonite|Extreme Speed|p1b: Ho-Oh\n|-activate|p1b: Ho-Oh|move: Protect\n|move|p2a: Calyrex|Astral Barrage|p1a: Flutter Mane|[spread] \n|-activate|p1a: Flutter Mane|move: Protect\n|-activate|p1b: Ho-Oh|move: Protect\n|\n|-damage|p2b: Dragonite|16/100 brn|[from] brn\n|upkeep\n|turn|5\n|\n|t:|1773616536\n|switch|p1b: Koraidon|Koraidon, L50|100/100\n|-weather|SunnyDay|[from] ability: Orichalcum Pulse|[of] p1b: Koraidon\n|-activate|p1a: Flutter Mane|ability: Protosynthesis\n|-start|p1a: Flutter Mane|protosynthesisspe\n|-activate|p1b: Koraidon|Orichalcum Pulse|[source]\n|-terastallize|p1a: Flutter Mane|Normal\n|move|p2b: Dragonite|Extreme Speed|p1b: Koraidon\n|-damage|p1b: Koraidon|79/100\n|move|p1a: Flutter Mane|Moonblast|p2a: Calyrex\n|-damage|p2a: Calyrex|46/100\n|move|p2a: Calyrex|Astral Barrage|p1b: Koraidon|[spread] p1b\n|-immune|p1a: Flutter Mane\n|-damage|p1b: Koraidon|20/100\n|\n|-weather|SunnyDay|[upkeep]\n|-damage|p2b: Dragonite|10/100 brn|[from] brn\n|upkeep\n|turn|6\n|\n|t:|1773616561\n|move|p2a: Calyrex|Protect|p2a: Calyrex\n|-singleturn|p2a: Calyrex|Protect\n|move|p1b: Koraidon|Protect|p1b: Koraidon\n|-singleturn|p1b: Koraidon|Protect\n|move|p2b: Dragonite|Extreme Speed|p1a: Flutter Mane\n|-damage|p1a: Flutter Mane|0 fnt\n|faint|p1a: Flutter Mane\n|-end|p1a: Flutter Mane|Protosynthesis|[silent]\n|\n|-weather|SunnyDay|[upkeep]\n|-damage|p2b: Dragonite|4/100 brn|[from] brn\n|upkeep\n|\n|t:|1773616573\n|switch|p1a: Ho-Oh|Ho-Oh, L50|59/100\n|turn|7\n|\n|t:|1773616577\n|switch|p1b: Incineroar|Incineroar, L50, M|17/100\n|-ability|p1b: Incineroar|Intimidate|boost\n|-unboost|p2a: Calyrex|atk|1\n|-fail|p2b: Dragonite|unboost|Attack|[from] ability: Inner Focus|[of] p2b: Dragonite\n|move|p2b: Dragonite|Extreme Speed|p1a: Ho-Oh\n|-damage|p1a: Ho-Oh|41/100\n|move|p2a: Calyrex|Astral Barrage|p1b: Incineroar|[spread] p1a,p1b\n|-resisted|p1b: Incineroar\n|-crit|p1b: Incineroar\n|-damage|p1a: Ho-Oh|8/100\n|-damage|p1b: Incineroar|0 fnt\n|faint|p1b: Incineroar\n|-ability|p2a: Calyrex|Grim Neigh|boost\n|-boost|p2a: Calyrex|spa|1\n|move|p1a: Ho-Oh|Sacred Fire|p2a: Calyrex\n|-crit|p2a: Calyrex\n|-damage|p2a: Calyrex|0 fnt\n|faint|p2a: Calyrex\n|\n|-weather|SunnyDay|[upkeep]\n|-damage|p2b: Dragonite|0 fnt|[from] brn\n|faint|p2b: Dragonite\n|upkeep\n|\n|t:|1773616602\n|switch|p2b: Zamazenta|Zamazenta-Crowned, L50|100/100\n|switch|p1b: Koraidon|Koraidon, L50|20/100\n|-activate|p1b: Koraidon|ability: Orichalcum Pulse\n|-ability|p2b: Zamazenta|Dauntless Shield|boost\n|-boost|p2b: Zamazenta|def|1\n|turn|8\n|\n|t:|1773616623\n|move|p2b: Zamazenta|Protect|p2b: Zamazenta\n|-singleturn|p2b: Zamazenta|Protect\n|move|p1b: Koraidon|Collision Course|p2b: Zamazenta\n|-activate|p2b: Zamazenta|move: Protect\n|move|p1a: Ho-Oh|Tailwind|p1a: Ho-Oh\n|-sidestart|p1: GojiraFanBoy|move: Tailwind\n|\n|-weather|SunnyDay|[upkeep]\n|upkeep\n|turn|9\n|\n|t:|1773616637\n|move|p1b: Koraidon|Collision Course|p2b: Zamazenta\n|-supereffective|p2b: Zamazenta\n|-damage|p2b: Zamazenta|28/100\n|move|p1a: Ho-Oh|Sacred Fire|p2b: Zamazenta\n|-supereffective|p2b: Zamazenta\n|-damage|p2b: Zamazenta|0 fnt\n|faint|p2b: Zamazenta\n|\n|win|GojiraFanBoy\n|raw|GojiraFanBoy's rating: 1371 &rarr; <strong>1398</strong><br />(+27 for winning)\n|raw|bullgod4ever's rating: 1494 &rarr; <strong>1467</strong><br />(-27 for losing)\n|l|\u2606bullgod4ever\n|player|p2|\n|l|\u2606GojiraFanBoy\n|player|p1|\n","uploadtime":1773616864,"views":14,"formatid":"gen9vgc2026regi","rating":1398,"private":0,"password":null}