{"id":"gen9vgc2026regi-2582210875","format":"[Gen 9] VGC 2026 Reg I","players":["Sark RL","castiel123"],"log":"|j|\u2606Sark RL\n|j|\u2606castiel123\n|t:|1776071751\n|gametype|doubles\n|player|p1|Sark RL|rika|1588\n|player|p2|castiel123|101|1462\n|gen|9\n|tier|[Gen 9] VGC 2026 Reg I\n|rated|\n|rule|Species Clause: Limit one of each Pok\u00e9mon\n|rule|Item Clause: Limit 1 of each item\n|clearpoke\n|poke|p1|Kyogre, L50|\n|poke|p1|Calyrex-Ice, L50|\n|poke|p1|Annihilape, L50, F|\n|poke|p1|Iron Jugulis, L50|\n|poke|p1|Rillaboom, L50, M|\n|poke|p1|Landorus, L50, M|\n|poke|p2|Zamazenta-*, L50|\n|poke|p2|Terapagos, L50, M|\n|poke|p2|Whimsicott, L50, F|\n|poke|p2|Indeedee, L50, M|\n|poke|p2|Flutter Mane, L50|\n|poke|p2|Annihilape, L50, F|\n|teampreview|4\n|\n|t:|1776071778\n|teamsize|p1|4\n|teamsize|p2|4\n|start\n|switch|p1a: Calyrex|Calyrex-Ice, L50|100/100\n|switch|p1b: Annihilape|Annihilape, L50, F|100/100\n|switch|p2a: Whimsicott|Whimsicott, L50, F|100/100\n|switch|p2b: Annihilape|Annihilape, L50, F|100/100\n|-ability|p1a: Calyrex|As One\n|-ability|p1a: Calyrex|Unnerve\n|turn|1\n|\n|t:|1776071786\n|move|p1a: Calyrex|Protect|p1a: Calyrex\n|-singleturn|p1a: Calyrex|Protect\n|move|p2a: Whimsicott|Tailwind|p2a: Whimsicott\n|-sidestart|p2: castiel123|move: Tailwind\n|move|p2b: Annihilape|Final Gambit|p1a: Calyrex\n|-activate|p1a: Calyrex|move: Protect\n|move|p1b: Annihilape|Shadow Claw|p2b: Annihilape\n|-supereffective|p2b: Annihilape\n|-damage|p2b: Annihilape|42/100\n|\n|upkeep\n|turn|2\n|\n|t:|1776071806\n|switch|p2b: Zamazenta|Zamazenta-Crowned, L50|100/100\n|-ability|p2b: Zamazenta|Dauntless Shield|boost\n|-boost|p2b: Zamazenta|def|1\n|move|p2a: Whimsicott|Encore|p1a: Calyrex\n|-start|p1a: Calyrex|Encore\n|move|p1b: Annihilape|Shadow Claw|p2a: Whimsicott\n|-damage|p2a: Whimsicott|77/100\n|move|p1a: Calyrex|Protect||[still]\n|-fail|p1a: Calyrex\n|\n|upkeep\n|turn|3\n|\n|t:|1776071820\n|switch|p1b: Iron Jugulis|Iron Jugulis, L50|100/100\n|-enditem|p1b: Iron Jugulis|Booster Energy\n|-activate|p1b: Iron Jugulis|ability: Quark Drive|[fromitem]\n|-start|p1b: Iron Jugulis|quarkdrivespe\n|switch|p1a: Kyogre|Kyogre, L50|100/100\n|-weather|RainDance|[from] ability: Drizzle|[of] p1a: Kyogre\n|move|p2b: Zamazenta|Iron Defense|p2b: Zamazenta\n|-boost|p2b: Zamazenta|def|2\n|move|p2a: Whimsicott|Moonblast|p1b: Iron Jugulis\n|-supereffective|p1b: Iron Jugulis\n|-damage|p1b: Iron Jugulis|48/100\n|\n|-weather|RainDance|[upkeep]\n|upkeep\n|turn|4\n|\n|t:|1776071839\n|move|p2a: Whimsicott|Sunny Day|p2a: Whimsicott\n|-weather|SunnyDay\n|move|p2b: Zamazenta|Body Press|p1b: Iron Jugulis\n|-damage|p1b: Iron Jugulis|0 fnt\n|faint|p1b: Iron Jugulis\n|-end|p1b: Iron Jugulis|Quark Drive|[silent]\n|move|p1a: Kyogre|Water Spout|p2b: Zamazenta|[spread] p2a,p2b\n|-resisted|p2a: Whimsicott\n|-damage|p2a: Whimsicott|48/100\n|-damage|p2b: Zamazenta|76/100\n|\n|-weather|SunnyDay|[upkeep]\n|-sideend|p2: castiel123|move: Tailwind\n|upkeep\n|\n|t:|1776071849\n|switch|p1b: Annihilape|Annihilape, L50, F|100/100\n|turn|5\n|\n|t:|1776071866\n|switch|p1a: Calyrex|Calyrex-Ice, L50|100/100\n|-ability|p1a: Calyrex|As One\n|-ability|p1a: Calyrex|Unnerve\n|move|p2a: Whimsicott|Tailwind|p2a: Whimsicott\n|-sidestart|p2: castiel123|move: Tailwind\n|move|p2b: Zamazenta|Body Press|p1a: Calyrex\n|-damage|p1a: Calyrex|33/100\n|move|p1b: Annihilape|Final Gambit|p2b: Zamazenta\n|-damage|p2b: Zamazenta|0 fnt\n|faint|p1b: Annihilape\n|faint|p2b: Zamazenta\n|\n|-weather|SunnyDay|[upkeep]\n|-heal|p1a: Calyrex|39/100|[from] item: Leftovers\n|upkeep\n|\n|t:|1776071876\n|switch|p1b: Kyogre|Kyogre, L50|100/100\n|switch|p2b: Annihilape|Annihilape, L50, F|42/100\n|-weather|RainDance|[from] ability: Drizzle|[of] p1b: Kyogre\n|turn|6\n|\n|t:|1776071906\n|move|p2a: Whimsicott|Sunny Day|p2a: Whimsicott\n|-weather|SunnyDay\n|move|p2b: Annihilape|Rage Fist|p1a: Calyrex\n|-supereffective|p1a: Calyrex\n|-damage|p1a: Calyrex|0 fnt\n|faint|p1a: Calyrex\n|move|p1b: Kyogre|Water Spout|p2a: Whimsicott|[spread] p2a,p2b\n|-resisted|p2a: Whimsicott\n|-crit|p2b: Annihilape\n|-damage|p2a: Whimsicott|18/100\n|-damage|p2b: Annihilape|0 fnt\n|faint|p2b: Annihilape\n|\n|-weather|SunnyDay|[upkeep]\n|upkeep\n|\n|t:|1776071911\n|switch|p2b: Terapagos|Terapagos, L50, M|100/100\n|-activate|p2b: Terapagos|ability: Tera Shift\n|detailschange|p2b: Terapagos|Terapagos-Terastal, L50, M\n|-heal|p2b: Terapagos|100/100|[silent]\n|turn|7\n|\n|t:|1776071917\n|move|p2a: Whimsicott|Moonblast|p1b: Kyogre\n|-damage|p1b: Kyogre|83/100\n|move|p2b: Terapagos|Calm Mind|p2b: Terapagos\n|-boost|p2b: Terapagos|spa|1\n|-boost|p2b: Terapagos|spd|1\n|move|p1b: Kyogre|Water Spout|p2b: Terapagos|[spread] p2a,p2b\n|-resisted|p2a: Whimsicott\n|-activate|p2b: Terapagos|ability: Tera Shell\n|-resisted|p2b: Terapagos\n|-damage|p2a: Whimsicott|0 fnt\n|-damage|p2b: Terapagos|93/100\n|faint|p2a: Whimsicott\n|\n|-weather|SunnyDay|[upkeep]\n|-heal|p2b: Terapagos|99/100|[from] item: Leftovers\n|upkeep\n|turn|8\n|\n|t:|1776071922\n|move|p2b: Terapagos|Tera Starstorm|p1b: Kyogre\n|-damage|p1b: Kyogre|38/100\n|move|p1b: Kyogre|Thunder|p2b: Terapagos|[miss]\n|-miss|p1b: Kyogre|p2b: Terapagos\n|\n|-weather|SunnyDay|[upkeep]\n|-heal|p2b: Terapagos|100/100|[from] item: Leftovers\n|-sideend|p2: castiel123|move: Tailwind\n|upkeep\n|turn|9\n|\n|t:|1776071926\n|move|p1b: Kyogre|Thunder|p2b: Terapagos\n|-activate|p2b: Terapagos|ability: Tera Shell\n|-resisted|p2b: Terapagos\n|-crit|p2b: Terapagos\n|-damage|p2b: Terapagos|77/100\n|move|p2b: Terapagos|Calm Mind|p2b: Terapagos\n|-boost|p2b: Terapagos|spa|1\n|-boost|p2b: Terapagos|spd|1\n|\n|-weather|SunnyDay|[upkeep]\n|-heal|p2b: Terapagos|83/100|[from] item: Leftovers\n|upkeep\n|turn|10\n|\n|t:|1776071932\n|move|p1b: Kyogre|Thunder|p2b: Terapagos\n|-damage|p2b: Terapagos|66/100\n|move|p2b: Terapagos|Tera Starstorm|p1b: Kyogre\n|-damage|p1b: Kyogre|0 fnt\n|faint|p1b: Kyogre\n|\n|win|castiel123\n|raw|Sark RL's rating: 1588 &rarr; <strong>1561</strong><br />(-27 for losing)\n|raw|castiel123's rating: 1462 &rarr; <strong>1489</strong><br />(+27 for winning)\n|l|\u2606castiel123\n|player|p2|\n|l|\u2606Sark RL\n|player|p1|\n","uploadtime":1776072160,"views":15,"formatid":"gen9vgc2026regi","rating":1489,"private":0,"password":null}