{"id":"gen9vgc2026regi-2540398723","format":"[Gen 9] VGC 2026 Reg I","players":["lalo's pollos","infinitygroudon"],"log":"|j|\u2606lalo's pollos\n|j|\u2606infinitygroudon\n|t:|1771197219\n|gametype|doubles\n|player|p1|lalo's pollos|1|1586\n|player|p2|infinitygroudon|1|1482\n|gen|9\n|tier|[Gen 9] VGC 2026 Reg I\n|rated|\n|rule|Species Clause: Limit one of each Pok\u00e9mon\n|rule|Item Clause: Limit 1 of each item\n|clearpoke\n|poke|p1|Zamazenta-*, L50|\n|poke|p1|Lunala, L50|\n|poke|p1|Rillaboom, L50, F|\n|poke|p1|Incineroar, L50, F|\n|poke|p1|Urshifu-*, L50, F|\n|poke|p1|Tornadus, L50, M|\n|poke|p2|Kyogre, L50|\n|poke|p2|Palkia-Origin, L50|\n|poke|p2|Farigiraf, L50, M|\n|poke|p2|Archaludon, L50, M|\n|poke|p2|Iron Jugulis, L50|\n|poke|p2|Raging Bolt, L50|\n|teampreview|4\n|\n|t:|1771197251\n|teamsize|p1|4\n|teamsize|p2|4\n|start\n|switch|p1a: Zamazenta|Zamazenta-Crowned, L50|100/100\n|switch|p1b: Rillaboom|Rillaboom, L50, F|100/100\n|switch|p2a: Archibald|Archaludon, L50, M, shiny|100/100\n|switch|p2b: Piratebeard|Kyogre, L50|100/100\n|-weather|RainDance|[from] ability: Drizzle|[of] p2b: Piratebeard\n|-ability|p1a: Zamazenta|Dauntless Shield|boost\n|-boost|p1a: Zamazenta|def|1\n|-fieldstart|move: Grassy Terrain|[from] ability: Grassy Surge|[of] p1b: Rillaboom\n|turn|1\n|\n|t:|1771197268\n|switch|p2b: Jorris|Iron Jugulis, L50|100/100\n|-enditem|p2b: Jorris|Booster Energy\n|-activate|p2b: Jorris|ability: Quark Drive|[fromitem]\n|-start|p2b: Jorris|quarkdrivespe\n|-terastallize|p2a: Archibald|Fairy\n|move|p1a: Zamazenta|Body Press|p2a: Archibald\n|-resisted|p2a: Archibald\n|-damage|p2a: Archibald|74/100\n|-ability|p2a: Archibald|Stamina|boost\n|-boost|p2a: Archibald|def|1\n|move|p1b: Rillaboom|Wood Hammer|p2a: Archibald\n|-damage|p2a: Archibald|44/100\n|-ability|p2a: Archibald|Stamina|boost\n|-boost|p2a: Archibald|def|1\n|-damage|p1b: Rillaboom|92/100|[from] Recoil\n|move|p2a: Archibald|Electro Shot||[still]\n|-prepare|p2a: Archibald|Electro Shot\n|-boost|p2a: Archibald|spa|1\n|-anim|p2a: Archibald|Electro Shot|p1a: Zamazenta\n|-damage|p1a: Zamazenta|55/100\n|\n|-weather|RainDance|[upkeep]\n|-heal|p1a: Zamazenta|61/100|[from] Grassy Terrain\n|-heal|p1b: Rillaboom|98/100|[from] Grassy Terrain\n|-heal|p2a: Archibald|50/100|[from] Grassy Terrain\n|upkeep\n|turn|2\n|\n|t:|1771197292\n|move|p1a: Zamazenta|Protect|p1a: Zamazenta\n|-singleturn|p1a: Zamazenta|Protect\n|move|p2b: Jorris|Tailwind|p2b: Jorris\n|-sidestart|p2: infinitygroudon|move: Tailwind\n|move|p2a: Archibald|Electro Shot||[still]\n|-prepare|p2a: Archibald|Electro Shot\n|-boost|p2a: Archibald|spa|1\n|-anim|p2a: Archibald|Electro Shot|p1a: Zamazenta\n|-activate|p1a: Zamazenta|move: Protect\n|move|p1b: Rillaboom|U-turn|p2b: Jorris\n|-damage|p2b: Jorris|83/100\n|\n|t:|1771197302\n|switch|p1b: Tornadus|Tornadus, L50, M|100/100|[from] U-turn\n|\n|-weather|RainDance|[upkeep]\n|-heal|p2a: Archibald|57/100|[from] Grassy Terrain\n|-heal|p1a: Zamazenta|67/100|[from] Grassy Terrain\n|upkeep\n|turn|3\n|\n|t:|1771197311\n|move|p1b: Tornadus|Tailwind|p1b: Tornadus\n|-sidestart|p1: lalo's pollos|move: Tailwind\n|move|p2b: Jorris|Hurricane|p1a: Zamazenta\n|-crit|p1a: Zamazenta\n|-damage|p1a: Zamazenta|13/100\n|-start|p1a: Zamazenta|confusion\n|-activate|p1a: Zamazenta|confusion\n|-damage|p1a: Zamazenta|8/100|[from] confusion\n|move|p2a: Archibald|Electro Shot||[still]\n|-prepare|p2a: Archibald|Electro Shot\n|-boost|p2a: Archibald|spa|1\n|-anim|p2a: Archibald|Electro Shot|p1b: Tornadus\n|-supereffective|p1b: Tornadus\n|-enditem|p1b: Tornadus|Focus Sash\n|-damage|p1b: Tornadus|1/100\n|\n|-weather|RainDance|[upkeep]\n|-heal|p1a: Zamazenta|15/100|[from] Grassy Terrain\n|-heal|p2a: Archibald|63/100|[from] Grassy Terrain\n|upkeep\n|turn|4\n|\n|t:|1771197333\n|move|p2b: Jorris|Hurricane|p1b: Tornadus\n|-damage|p1b: Tornadus|0 fnt\n|faint|p1b: Tornadus\n|-activate|p1a: Zamazenta|confusion\n|move|p1a: Zamazenta|Body Press|p2b: Jorris\n|-damage|p2b: Jorris|14/100\n|move|p2a: Archibald|Electro Shot||[still]\n|-prepare|p2a: Archibald|Electro Shot\n|-boost|p2a: Archibald|spa|1\n|-anim|p2a: Archibald|Electro Shot|p1a: Zamazenta\n|-damage|p1a: Zamazenta|0 fnt\n|faint|p1a: Zamazenta\n|\n|-weather|RainDance|[upkeep]\n|-heal|p2a: Archibald|69/100|[from] Grassy Terrain\n|upkeep\n|\n|t:|1771197339\n|switch|p1b: Rillaboom|Rillaboom, L50, F|98/100\n|switch|p1a: Lunala|Lunala, L50|100/100\n|turn|5\n|\n|t:|1771197350\n|-terastallize|p1a: Lunala|Fairy\n|move|p1b: Rillaboom|Grassy Glide|p2b: Jorris\n|-resisted|p2b: Jorris\n|-damage|p2b: Jorris|1/100\n|move|p2b: Jorris|Snarl|p1b: Rillaboom|[spread] p1a\n|-miss|p2b: Jorris|p1b: Rillaboom\n|-resisted|p1a: Lunala\n|-damage|p1a: Lunala|98/100\n|-unboost|p1a: Lunala|spa|1\n|move|p1a: Lunala|Calm Mind|p1a: Lunala\n|-boost|p1a: Lunala|spa|1\n|-boost|p1a: Lunala|spd|1\n|move|p2a: Archibald|Draco Meteor|p1b: Rillaboom\n|-damage|p1b: Rillaboom|0 fnt\n|-unboost|p2a: Archibald|spa|2\n|faint|p1b: Rillaboom\n|\n|-weather|none\n|-heal|p1a: Lunala|100/100|[from] Grassy Terrain\n|-heal|p2a: Archibald|75/100|[from] Grassy Terrain\n|-sideend|p2: infinitygroudon|move: Tailwind\n|-fieldend|move: Grassy Terrain\n|upkeep\n|turn|6\n|\n|t:|1771197368\n|move|p1a: Lunala|Moonblast|p2b: Jorris\n|-supereffective|p2b: Jorris\n|-damage|p2b: Jorris|0 fnt\n|faint|p2b: Jorris\n|-end|p2b: Jorris|Quark Drive|[silent]\n|move|p2a: Archibald|Flash Cannon|p1a: Lunala\n|-supereffective|p1a: Lunala\n|-damage|p1a: Lunala|63/100\n|\n|-heal|p1a: Lunala|69/100|[from] item: Leftovers\n|-sideend|p1: lalo's pollos|move: Tailwind\n|upkeep\n|\n|t:|1771197372\n|switch|p2b: Secretariat|Palkia-Origin, L50|100/100\n|-ability|p2b: Secretariat|Pressure\n|turn|7\n|\n|t:|1771197376\n|move|p2b: Secretariat|Icy Wind|p1a: Lunala\n|-damage|p1a: Lunala|60/100\n|-unboost|p1a: Lunala|spe|1\n|move|p2a: Archibald|Flash Cannon|p1a: Lunala\n|-supereffective|p1a: Lunala\n|-crit|p1a: Lunala\n|-damage|p1a: Lunala|0 fnt\n|faint|p1a: Lunala\n|\n|win|infinitygroudon\n|raw|lalo&apos;s pollos's rating: 1586 &rarr; <strong>1560</strong><br />(-26 for losing)\n|raw|infinitygroudon's rating: 1482 &rarr; <strong>1508</strong><br />(+26 for winning)\n|l|\u2606lalo's pollos\n|player|p1|\n|l|\u2606infinitygroudon\n|player|p2|\n","uploadtime":1771197639,"views":50,"formatid":"gen9vgc2026regi","rating":1508,"private":0,"password":null}