{"id":"gen9vgc2026regi-2538472763","format":"[Gen 9] VGC 2026 Reg I","players":["yamato-tak","BellsproutFanWill"],"log":"|j|\u2606yamato-tak\n|j|\u203dBellsproutFanWill\n|t:|1770930938\n|gametype|doubles\n|player|p1|yamato-tak|265|1418\n|player|p2|BellsproutFanWill|2|1539\n|gen|9\n|tier|[Gen 9] VGC 2026 Reg I\n|rated|\n|rule|Species Clause: Limit one of each Pok\u00e9mon\n|rule|Item Clause: Limit 1 of each item\n|clearpoke\n|poke|p1|Miraidon, L50|\n|poke|p1|Calyrex-Ice, L50|\n|poke|p1|Volcarona, L50, F|\n|poke|p1|Araquanid, L50, F|\n|poke|p1|Grimmsnarl, L50, M|\n|poke|p1|Rillaboom, L50, M|\n|poke|p2|Terapagos, L50, M|\n|poke|p2|Rillaboom, L50, F|\n|poke|p2|Grimmsnarl, L50, M|\n|poke|p2|Incineroar, L50, F|\n|poke|p2|Chi-Yu, L50|\n|poke|p2|Calyrex-Shadow, L50|\n|teampreview|4\n|inactive|Battle timer is ON: inactive players will automatically lose when time's up. (requested by yamato-tak)\n|\n|t:|1770930963\n|teamsize|p1|4\n|teamsize|p2|4\n|start\n|switch|p1a: Grimmsnarl|Grimmsnarl, L50, M, shiny|100/100\n|switch|p1b: Calyrex|Calyrex-Ice, L50|100/100\n|switch|p2a: Terapagos|Terapagos, L50, M|100/100\n|switch|p2b: Incineroar|Incineroar, L50, F|100/100\n|-activate|p2a: Terapagos|ability: Tera Shift\n|detailschange|p2a: Terapagos|Terapagos-Terastal, L50, M\n|-heal|p2a: Terapagos|100/100|[silent]\n|-ability|p1b: Calyrex|As One\n|-ability|p1b: Calyrex|Unnerve\n|-ability|p2b: Incineroar|Intimidate|boost\n|-unboost|p1a: Grimmsnarl|atk|1\n|-fail|p1b: Calyrex|unboost|[from] item: Clear Amulet|[of] p1b: Calyrex\n|turn|1\n|\n|t:|1770930982\n|move|p1a: Grimmsnarl|Fake Out|p2a: Terapagos\n|-activate|p2a: Terapagos|ability: Tera Shell\n|-resisted|p2a: Terapagos\n|-damage|p2a: Terapagos|98/100\n|move|p2b: Incineroar|Fake Out|p1b: Calyrex\n|-damage|p1b: Calyrex|94/100\n|cant|p2a: Terapagos|flinch\n|cant|p1b: Calyrex|flinch\n|\n|-heal|p2a: Terapagos|100/100|[from] item: Leftovers\n|upkeep\n|turn|2\n|\n|t:|1770930998\n|move|p1b: Calyrex|Protect|p1b: Calyrex\n|-singleturn|p1b: Calyrex|Protect\n|move|p1a: Grimmsnarl|Light Screen|p1a: Grimmsnarl\n|-sidestart|p1: yamato-tak|move: Light Screen\n|move|p2a: Terapagos|Calm Mind|p2a: Terapagos\n|-boost|p2a: Terapagos|spa|1\n|-boost|p2a: Terapagos|spd|1\n|move|p2b: Incineroar|Taunt|p1b: Calyrex\n|-activate|p1b: Calyrex|move: Protect\n|\n|upkeep\n|turn|3\n|\n|t:|1770931017\n|move|p2a: Terapagos|Protect|p2a: Terapagos\n|-singleturn|p2a: Terapagos|Protect\n|move|p1a: Grimmsnarl|Reflect|p1a: Grimmsnarl\n|-sidestart|p1: yamato-tak|Reflect\n|move|p2b: Incineroar|Taunt|p1a: Grimmsnarl\n|-start|p1a: Grimmsnarl|move: Taunt\n|move|p1b: Calyrex|Glacial Lance|p2b: Incineroar|[spread] p2b\n|-activate|p2a: Terapagos|move: Protect\n|-resisted|p2b: Incineroar\n|-damage|p2b: Incineroar|79/100\n|\n|upkeep\n|turn|4\n|inactive|BellsproutFanWill has 30 seconds left.\n|inactive|BellsproutFanWill has 20 seconds left.\n|\n|t:|1770931055\n|switch|p1a: Araquanid|Araquanid, L50, F, shiny|100/100\n|move|p2a: Terapagos|Tera Starstorm|p1a: Araquanid\n|-damage|p1a: Araquanid|53/100\n|move|p2b: Incineroar|Flare Blitz|p1b: Calyrex\n|-supereffective|p1b: Calyrex\n|-damage|p1b: Calyrex|59/100\n|-damage|p2b: Incineroar|67/100|[from] Recoil\n|move|p1b: Calyrex|Glacial Lance|p2a: Terapagos|[spread] p2a,p2b\n|-activate|p2a: Terapagos|ability: Tera Shell\n|-resisted|p2a: Terapagos\n|-resisted|p2b: Incineroar\n|-damage|p2a: Terapagos|77/100\n|-damage|p2b: Incineroar|48/100\n|\n|-heal|p2a: Terapagos|83/100|[from] item: Leftovers\n|upkeep\n|turn|5\n|\n|t:|1770931080\n|move|p2a: Terapagos|Tera Starstorm|p1b: Calyrex\n|-damage|p1b: Calyrex|22/100\n|move|p2b: Incineroar|Parting Shot|p1a: Araquanid\n|-unboost|p1a: Araquanid|atk|1\n|-unboost|p1a: Araquanid|spa|1\n|\n|t:|1770931086\n|switch|p2b: Rillaboom|Rillaboom, L50, F|100/100|[from] Parting Shot\n|-fieldstart|move: Grassy Terrain|[from] ability: Grassy Surge|[of] p2b: Rillaboom\n|move|p1b: Calyrex|Leech Seed|p2a: Terapagos\n|-start|p2a: Terapagos|move: Leech Seed\n|move|p1a: Araquanid|Liquidation|p2b: Rillaboom\n|-resisted|p2b: Rillaboom\n|-damage|p2b: Rillaboom|79/100\n|\n|-heal|p2a: Terapagos|89/100|[from] Grassy Terrain\n|-heal|p2a: Terapagos|95/100|[from] item: Leftovers\n|-heal|p2b: Rillaboom|85/100|[from] Grassy Terrain\n|-heal|p1b: Calyrex|28/100|[from] Grassy Terrain\n|-heal|p1a: Araquanid|59/100|[from] Grassy Terrain\n|-damage|p2a: Terapagos|83/100|[from] Leech Seed|[of] p1b: Calyrex\n|-heal|p1b: Calyrex|39/100|[silent]\n|upkeep\n|turn|6\n|inactive|BellsproutFanWill has 30 seconds left.\n|\n|t:|1770931119\n|switch|p1a: Grimmsnarl|Grimmsnarl, L50, M, shiny|100/100\n|-terastallize|p2a: Terapagos|Stellar\n|detailschange|p2a: Terapagos|Terapagos-Stellar, L50, M, tera:Stellar\n|-heal|p2a: Terapagos|87/100|[silent]\n|-ability|p2a: Terapagos|Teraform Zero\n|-fieldend|move: Grassy Terrain\n|move|p1b: Calyrex|Protect|p1b: Calyrex\n|-singleturn|p1b: Calyrex|Protect\n|move|p2b: Rillaboom|Fake Out|p1a: Grimmsnarl\n|-damage|p1a: Grimmsnarl|90/100\n|move|p2a: Terapagos|Tera Starstorm|p1a: Grimmsnarl|[spread] p1a\n|-activate|p1b: Calyrex|move: Protect\n|-damage|p1a: Grimmsnarl|50/100\n|\n|-heal|p2a: Terapagos|93/100|[from] item: Leftovers\n|-damage|p2a: Terapagos|81/100|[from] Leech Seed|[of] p1b: Calyrex\n|-heal|p1b: Calyrex|55/100|[silent]\n|upkeep\n|turn|7\n|\n|t:|1770931142\n|move|p1a: Grimmsnarl|Fake Out|p2b: Rillaboom\n|-damage|p2b: Rillaboom|74/100\n|move|p2a: Terapagos|Tera Starstorm|p1b: Calyrex|[spread] p1a,p1b\n|-damage|p1a: Grimmsnarl|9/100\n|-damage|p1b: Calyrex|30/100\n|cant|p2b: Rillaboom|flinch\n|move|p1b: Calyrex|Glacial Lance|p2b: Rillaboom|[spread] p2a,p2b\n|-supereffective|p2b: Rillaboom\n|-damage|p2a: Terapagos|45/100\n|-damage|p2b: Rillaboom|0 fnt\n|faint|p2b: Rillaboom\n|-ability|p1b: Calyrex|Chilling Neigh|boost\n|-boost|p1b: Calyrex|atk|1\n|\n|-heal|p2a: Terapagos|52/100|[from] item: Leftovers\n|-damage|p2a: Terapagos|39/100|[from] Leech Seed|[of] p1b: Calyrex\n|-heal|p1b: Calyrex|45/100|[silent]\n|upkeep\n|\n|t:|1770931159\n|switch|p2b: Calyrex|Calyrex-Shadow, L50|100/100\n|-ability|p2b: Calyrex|As One\n|-ability|p2b: Calyrex|Unnerve\n|turn|8\n|\n|t:|1770931169\n|move|p1b: Calyrex|Protect|p1b: Calyrex\n|-singleturn|p1b: Calyrex|Protect\n|move|p1a: Grimmsnarl|Parting Shot|p2a: Terapagos\n|-unboost|p2a: Terapagos|atk|1\n|-unboost|p2a: Terapagos|spa|1\n|\n|t:|1770931176\n|switch|p1a: Araquanid|Araquanid, L50, F, shiny|59/100|[from] Parting Shot\n|move|p2b: Calyrex|Astral Barrage|p1a: Araquanid|[spread] p1a\n|-activate|p1b: Calyrex|move: Protect\n|-damage|p1a: Araquanid|30/100\n|move|p2a: Terapagos|Tera Starstorm|p1b: Calyrex|[spread] p1a\n|-activate|p1b: Calyrex|move: Protect\n|-damage|p1a: Araquanid|7/100\n|\n|-heal|p2a: Terapagos|45/100|[from] item: Leftovers\n|-damage|p2a: Terapagos|33/100|[from] Leech Seed|[of] p1b: Calyrex\n|-heal|p1b: Calyrex|61/100|[silent]\n|upkeep\n|turn|9\n|\n|t:|1770931195\n|move|p1a: Araquanid|Wide Guard|p1a: Araquanid\n|-singleturn|p1a: Araquanid|Wide Guard\n|move|p2b: Calyrex|Pollen Puff|p2a: Terapagos\n|-heal|p2a: Terapagos|83/100\n|move|p2a: Terapagos|Earth Power|p1a: Araquanid\n|-resisted|p1a: Araquanid\n|-crit|p1a: Araquanid\n|-damage|p1a: Araquanid|0 fnt\n|faint|p1a: Araquanid\n|move|p1b: Calyrex|Glacial Lance|p2b: Calyrex|[spread] p2a,p2b\n|-damage|p2a: Terapagos|33/100\n|-damage|p2b: Calyrex|8/100\n|\n|-heal|p2a: Terapagos|39/100|[from] item: Leftovers\n|-damage|p2a: Terapagos|26/100|[from] Leech Seed|[of] p1b: Calyrex\n|-heal|p1b: Calyrex|76/100|[silent]\n|-sideend|p1: yamato-tak|move: Light Screen\n|upkeep\n|\n|t:|1770931216\n|switch|p1a: Miraidon|Miraidon, L50, shiny|100/100\n|-fieldstart|move: Electric Terrain|[from] ability: Hadron Engine|[of] p1a: Miraidon\n|turn|10\n|\n|t:|1770931233\n|-terastallize|p1b: Calyrex|Fairy\n|move|p2b: Calyrex|Astral Barrage|p1b: Calyrex|[spread] p1a,p1b\n|-damage|p1a: Miraidon|55/100\n|-damage|p1b: Calyrex|44/100\n|move|p1a: Miraidon|Electro Drift|p2a: Terapagos\n|-damage|p2a: Terapagos|0 fnt\n|faint|p2a: Terapagos\n|detailschange|p2: Terapagos|Terapagos, L50, M|[silent]\n|move|p1b: Calyrex|Glacial Lance|p2b: Calyrex\n|-damage|p2b: Calyrex|0 fnt\n|faint|p2b: Calyrex\n|-ability|p1b: Calyrex|Chilling Neigh|boost\n|-boost|p1b: Calyrex|atk|1\n|\n|-sideend|p1: yamato-tak|Reflect\n|upkeep\n|-message|BellsproutFanWill forfeited.\n|\n|win|yamato-tak\n|raw|yamato-tak's rating: 1418 &rarr; <strong>1445</strong><br />(+27 for winning)\n|raw|BellsproutFanWill's rating: 1539 &rarr; <strong>1512</strong><br />(-27 for losing)\n|l|\u203dBellsproutFanWill\n|player|p2|\n|l|\u2606yamato-tak\n|player|p1|\n","uploadtime":1770931407,"views":25,"formatid":"gen9vgc2026regi","rating":1445,"private":0,"password":null}