{"id":"gen9vgc2026regi-2537889835","format":"[Gen 9] VGC 2026 Reg I","players":["blackred123","Hot Stoves"],"log":"|j|\u2606blackred123\n|j|\u2606Hot Stoves\n|t:|1770860007\n|gametype|doubles\n|player|p1|blackred123|iono-masters|1288\n|player|p2|Hot Stoves|steven|1183\n|gen|9\n|tier|[Gen 9] VGC 2026 Reg I\n|rated|\n|rule|Species Clause: Limit one of each Pok\u00e9mon\n|rule|Item Clause: Limit 1 of each item\n|clearpoke\n|poke|p1|Calyrex-Shadow, L50|\n|poke|p1|Zamazenta-*, L50|\n|poke|p1|Roaring Moon, L50|\n|poke|p1|Maushold-Four, L50|\n|poke|p1|Weezing, L50, F|\n|poke|p1|Amoonguss, L50, F|\n|poke|p2|Miraidon, L50|\n|poke|p2|Incineroar, L50, M|\n|poke|p2|Farigiraf, L50, F|\n|poke|p2|Landorus, L50, M|\n|poke|p2|Lunala, L50|\n|poke|p2|Urshifu-*, L50, F|\n|teampreview|4\n|inactive|Battle timer is ON: inactive players will automatically lose when time's up. (requested by blackred123)\n|inactive|blackred123 has 60 seconds left.\n|inactive|Hot Stoves has 60 seconds left.\n|inactive|Hot Stoves has 30 seconds left.\n|\n|t:|1770860070\n|teamsize|p1|4\n|teamsize|p2|4\n|start\n|switch|p1a: Calyrex|Calyrex-Shadow, L50|100/100\n|switch|p1b: Maushold|Maushold-Four, L50|100/100\n|switch|p2a: Farigiraf|Farigiraf, L50, F|100/100\n|switch|p2b: Lunala|Lunala, L50|100/100\n|-ability|p1a: Calyrex|As One\n|-ability|p1a: Calyrex|Unnerve\n|turn|1\n|\n|t:|1770860095\n|-terastallize|p2b: Lunala|Dark\n|move|p1a: Calyrex|Shadow Ball|p2b: Lunala\n|-resisted|p2b: Lunala\n|-damage|p2b: Lunala|87/100\n|-unboost|p2b: Lunala|spd|1\n|move|p1b: Maushold|Taunt|p2a: Farigiraf\n|-start|p2a: Farigiraf|move: Taunt\n|move|p2b: Lunala|Meteor Beam||[still]\n|-prepare|p2b: Lunala|Meteor Beam\n|-boost|p2b: Lunala|spa|1\n|-enditem|p2b: Lunala|Power Herb\n|-anim|p2b: Lunala|Meteor Beam|p1b: Maushold\n|-damage|p1b: Maushold|25/100\n|cant|p2a: Farigiraf|move: Taunt|Trick Room\n|\n|upkeep\n|turn|2\n|inactive|Hot Stoves has 30 seconds left.\n|inactive|Hot Stoves has 20 seconds left.\n|inactive|Hot Stoves has 15 seconds left.\n|\n|t:|1770860140\n|switch|p1a: Zamazenta|Zamazenta-Crowned, L50|100/100\n|-ability|p1a: Zamazenta|Dauntless Shield|boost\n|-boost|p1a: Zamazenta|def|1\n|switch|p2a: Miraidon|Miraidon, L50|100/100\n|-fieldstart|move: Electric Terrain|[from] ability: Hadron Engine|[of] p2a: Miraidon\n|move|p1b: Maushold|Taunt|p2b: Lunala\n|-start|p2b: Lunala|move: Taunt\n|cant|p2b: Lunala|move: Taunt|Tailwind\n|\n|upkeep\n|turn|3\n|inactive|blackred123 has 30 seconds left.\n|\n|t:|1770860166\n|switch|p2b: Landorus|Landorus, L50, M|100/100\n|-terastallize|p1b: Maushold|Ground\n|move|p1b: Maushold|Follow Me|p1b: Maushold\n|-singleturn|p1b: Maushold|move: Follow Me\n|move|p2a: Miraidon|Parabolic Charge|p1b: Maushold|[spread] p1a\n|-immune|p2b: Landorus\n|-immune|p1b: Maushold\n|-damage|p1a: Zamazenta|77/100\n|move|p1a: Zamazenta|Body Press|p2b: Landorus\n|-resisted|p2b: Landorus\n|-damage|p2b: Landorus|59/100\n|\n|upkeep\n|turn|4\n|inactive|blackred123 has 30 seconds left.\n|\n|t:|1770860193\n|switch|p2a: Farigiraf|Farigiraf, L50, F|100/100\n|move|p1b: Maushold|Helping Hand|p1a: Zamazenta\n|-singleturn|p1a: Zamazenta|Helping Hand|[of] p1b: Maushold\n|move|p2b: Landorus|Sandsear Storm|p1a: Zamazenta|[spread] p1a,p1b\n|-supereffective|p1a: Zamazenta\n|-damage|p1a: Zamazenta|10/100\n|-damage|p1b: Maushold|0 fnt\n|faint|p1b: Maushold\n|move|p1a: Zamazenta|Heavy Slam|p2b: Landorus\n|-damage|p2b: Landorus|0 fnt\n|faint|p2b: Landorus\n|\n|upkeep\n|\n|t:|1770860214\n|switch|p2b: Miraidon|Miraidon, L50|100/100\n|switch|p1b: Roaring Moon|Roaring Moon, L50, shiny|100/100\n|-activate|p2b: Miraidon|ability: Hadron Engine\n|-enditem|p1b: Roaring Moon|Booster Energy\n|-activate|p1b: Roaring Moon|ability: Protosynthesis|[fromitem]\n|-start|p1b: Roaring Moon|protosynthesisspe\n|turn|5\n|\n|t:|1770860224\n|move|p1b: Roaring Moon|Taunt|p2a: Farigiraf\n|-start|p2a: Farigiraf|move: Taunt\n|move|p2b: Miraidon|Dazzling Gleam|p1b: Roaring Moon|[spread] p1a,p1b\n|-supereffective|p1b: Roaring Moon\n|-damage|p1a: Zamazenta|0 fnt\n|-damage|p1b: Roaring Moon|0 fnt\n|faint|p1a: Zamazenta\n|faint|p1b: Roaring Moon\n|-end|p1b: Roaring Moon|Protosynthesis|[silent]\n|cant|p2a: Farigiraf|move: Taunt|Trick Room\n|\n|upkeep\n|\n|t:|1770860231\n|switch|p1b: Calyrex|Calyrex-Shadow, L50|100/100\n|-ability|p1b: Calyrex|As One\n|-ability|p1b: Calyrex|Unnerve\n|turn|6\n|\n|t:|1770860240\n|move|p2b: Miraidon|Dazzling Gleam|p1b: Calyrex\n|-damage|p1b: Calyrex|56/100\n|move|p1b: Calyrex|Astral Barrage|p2b: Miraidon|[spread] p2b\n|-immune|p2a: Farigiraf\n|-damage|p2b: Miraidon|31/100\n|move|p2a: Farigiraf|Foul Play|p1b: Calyrex\n|-supereffective|p1b: Calyrex\n|-damage|p1b: Calyrex|0 fnt\n|faint|p1b: Calyrex\n|\n|win|Hot Stoves\n|raw|blackred123's rating: 1288 &rarr; <strong>1256</strong><br />(-32 for losing)\n|raw|Hot Stoves's rating: 1183 &rarr; <strong>1215</strong><br />(+32 for winning)\n|l|\u2606blackred123\n|player|p1|\n|l|\u2606Hot Stoves\n|player|p2|\n","uploadtime":1770860388,"views":10,"formatid":"gen9vgc2026regi","rating":1215,"private":0,"password":null}