{"id":"gen9vgc2026regi-2526478279","format":"[Gen 9] VGC 2026 Reg I","players":["i\u2764\u5a1c\u7984forever","Alex Sotos fan"],"log":"|j|\u2606i\u2764\u5a1c\u7984forever\n|j|\u2606Alex Sotos fan\n|t:|1769422041\n|gametype|doubles\n|player|p1|i\u2764\u5a1c\u7984forever|youngcouple-gen4dp|1350\n|player|p2|Alex Sotos fan|youngster-gen4dp|1419\n|gen|9\n|tier|[Gen 9] VGC 2026 Reg I\n|rated|\n|rule|Species Clause: Limit one of each Pok\u00e9mon\n|rule|Item Clause: Limit 1 of each item\n|clearpoke\n|poke|p1|Groudon, L50|\n|poke|p1|Kyurem-White, L50|\n|poke|p1|Sableye, L50, M|\n|poke|p1|Brute Bonnet, L50|\n|poke|p1|Heatran, L50, M|\n|poke|p1|Whimsicott, L50, F|\n|poke|p2|Miraidon, L50|\n|poke|p2|Lunala, L50|\n|poke|p2|Urshifu-*, L50, F|\n|poke|p2|Ursaluna, L50, F|\n|poke|p2|Incineroar, L50, F|\n|poke|p2|Whimsicott, L50, F|\n|teampreview|4\n|inactive|Battle timer is ON: inactive players will automatically lose when time's up. (requested by Alex Sotos fan)\n|inactive|i\u2764\u5a1c\u7984forever has 60 seconds left.\n|\n|t:|1769422078\n|teamsize|p1|4\n|teamsize|p2|4\n|start\n|switch|p1a: Kyurem|Kyurem-White, L50|100/100\n|switch|p1b: Sableye|Sableye, L50, M|100/100\n|switch|p2a: Lunala|Lunala, L50, shiny|100/100\n|switch|p2b: Miraidon|Miraidon, L50, shiny|100/100\n|-fieldstart|move: Electric Terrain|[from] ability: Hadron Engine|[of] p2b: Miraidon\n|-enditem|p2a: Lunala|Electric Seed\n|-boost|p2a: Lunala|def|1|[from] item: Electric Seed\n|-ability|p1a: Kyurem|Turboblaze\n|turn|1\n|\n|t:|1769422087\n|move|p1b: Sableye|Fake Out|p2b: Miraidon\n|-damage|p2b: Miraidon|93/100\n|cant|p2b: Miraidon|flinch\n|move|p1a: Kyurem|Blizzard|p2a: Lunala|[spread] p2a,p2b\n|-supereffective|p2b: Miraidon\n|-damage|p2a: Lunala|81/100\n|-damage|p2b: Miraidon|0 fnt\n|faint|p2b: Miraidon\n|move|p2a: Lunala|Trick Room|p2a: Lunala\n|-fieldstart|move: Trick Room|[of] p2a: Lunala\n|\n|upkeep\n|\n|t:|1769422095\n|switch|p2b: Incineroar|Incineroar, L50, F, shiny|100/100\n|-ability|p2b: Incineroar|Intimidate|boost\n|-unboost|p1a: Kyurem|atk|1\n|-unboost|p1b: Sableye|atk|1\n|turn|2\n|\n|t:|1769422107\n|switch|p2a: Ursaluna|Ursaluna, L50, F, shiny|100/100\n|move|p1b: Sableye|Foul Play|p2a: Ursaluna\n|-damage|p2a: Ursaluna|62/100\n|move|p2b: Incineroar|U-turn|p1a: Kyurem\n|-damage|p1a: Kyurem|83/100\n|\n|t:|1769422119\n|switch|p2b: Lunala|Lunala, L50, shiny|81/100|[from] U-turn\n|move|p1a: Kyurem|Shadow Ball|p2a: Ursaluna\n|-immune|p2a: Ursaluna\n|\n|-status|p2a: Ursaluna|brn|[from] item: Flame Orb\n|upkeep\n|turn|3\n|inactive|i\u2764\u5a1c\u7984forever has 30 seconds left.\n|\n|t:|1769422148\n|-terastallize|p1b: Sableye|Grass\n|move|p2a: Ursaluna|Facade|p1a: Kyurem\n|-damage|p1a: Kyurem|0 fnt\n|faint|p1a: Kyurem\n|move|p1b: Sableye|Foul Play|p2a: Ursaluna\n|-damage|p2a: Ursaluna|24/100 brn\n|move|p2b: Lunala|Moonblast|p1b: Sableye\n|-damage|p1b: Sableye|59/100\n|-unboost|p1b: Sableye|spa|1\n|\n|-damage|p2a: Ursaluna|18/100 brn|[from] brn\n|upkeep\n|\n|t:|1769422169\n|switch|p1a: Heatran|Heatran, L50, M|100/100\n|turn|4\n|\n|t:|1769422187\n|move|p2a: Ursaluna|Earthquake|p1a: Heatran|[spread] p2b,p1a,p1b\n|-supereffective|p1a: Heatran\n|-resisted|p1b: Sableye\n|-damage|p2b: Lunala|28/100\n|-damage|p1a: Heatran|0 fnt\n|-damage|p1b: Sableye|8/100\n|faint|p1a: Heatran\n|move|p1b: Sableye|Foul Play|p2a: Ursaluna\n|-damage|p2a: Ursaluna|0 fnt\n|faint|p2a: Ursaluna\n|move|p2b: Lunala|Moongeist Beam|p1b: Sableye\n|-damage|p1b: Sableye|0 fnt\n|faint|p1b: Sableye\n|\n|upkeep\n|\n|t:|1769422195\n|switch|p2a: Incineroar|Incineroar, L50, F, shiny|100/100\n|switch|p1b: Groudon|Groudon, L50|100/100\n|-ability|p2a: Incineroar|Intimidate|boost\n|-unboost|p1b: Groudon|atk|1\n|-weather|SunnyDay|[from] ability: Drought|[of] p1b: Groudon\n|turn|5\n|\n|t:|1769422199\n|move|p2a: Incineroar|Fake Out|p1b: Groudon\n|-damage|p1b: Groudon|92/100\n|cant|p1b: Groudon|flinch\n|move|p2b: Lunala|Moongeist Beam|p1b: Groudon\n|-damage|p1b: Groudon|58/100\n|\n|-weather|SunnyDay|[upkeep]\n|-fieldend|move: Trick Room\n|-fieldend|move: Electric Terrain\n|upkeep\n|turn|6\n|\n|t:|1769422212\n|move|p2b: Lunala|Wide Guard|p2b: Lunala\n|-singleturn|p2b: Lunala|Wide Guard\n|move|p1b: Groudon|Precipice Blades|p2b: Lunala|[spread] \n|-activate|p2a: Incineroar|move: Wide Guard\n|-activate|p2b: Lunala|move: Wide Guard\n|move|p2a: Incineroar|Knock Off|p1b: Groudon\n|-damage|p1b: Groudon|29/100\n|-enditem|p1b: Groudon|Assault Vest|[from] move: Knock Off|[of] p2a: Incineroar\n|\n|-weather|SunnyDay|[upkeep]\n|upkeep\n|turn|7\n|\n|t:|1769422226\n|-terastallize|p2a: Incineroar|Bug\n|move|p2b: Lunala|Wide Guard|p2b: Lunala\n|-singleturn|p2b: Lunala|Wide Guard\n|move|p1b: Groudon|Crunch|p2b: Lunala\n|-supereffective|p2b: Lunala\n|-damage|p2b: Lunala|0 fnt\n|faint|p2b: Lunala\n|move|p2a: Incineroar|Flare Blitz|p1b: Groudon\n|-damage|p1b: Groudon|0 fnt\n|faint|p1b: Groudon\n|-damage|p2a: Incineroar|91/100|[from] Recoil\n|\n|win|Alex Sotos fan\n|raw|i\u2764\u5a1c\u7984forever's rating: 1350 &rarr; <strong>1334</strong><br />(-16 for losing)\n|raw|Alex Sotos fan's rating: 1419 &rarr; <strong>1435</strong><br />(+16 for winning)\n|l|\u2606i\u2764\u5a1c\u7984forever\n|player|p1|\n|l|\u2606Alex Sotos fan\n|player|p2|\n","uploadtime":1769422402,"views":13,"formatid":"gen9vgc2026regi","rating":1334,"private":0,"password":null}