{"id":"gen9vgc2026regi-2566926030","format":"[Gen 9] VGC 2026 Reg I","players":["MoralesManco","Selenotypus"],"log":"|j|\u2606MoralesManco\n|j|\u2606Selenotypus\n|t:|1774430669\n|gametype|doubles\n|player|p1|MoralesManco|miku-ghost|1215\n|player|p2|Selenotypus|170|1219\n|gen|9\n|tier|[Gen 9] VGC 2026 Reg I\n|rated|\n|rule|Species Clause: Limit one of each Pok\u00e9mon\n|rule|Item Clause: Limit 1 of each item\n|clearpoke\n|poke|p1|Calyrex-Ice, L50|\n|poke|p1|Scraggy, L50, F|\n|poke|p1|Miraidon, L50|\n|poke|p1|Farigiraf, L50, F|\n|poke|p1|Iron Treads, L50|\n|poke|p1|Iron Hands, L50|\n|poke|p2|Chi-Yu, L50|\n|poke|p2|Charjabug, L50, F|\n|poke|p2|Torkoal, L50, F|\n|poke|p2|Lilligant-Hisui, L50, F|\n|poke|p2|Calyrex-Shadow, L50|\n|poke|p2|Groudon, L50|\n|teampreview|4\n|inactive|Battle timer is ON: inactive players will automatically lose when time's up. (requested by MoralesManco)\nSelenotypus rejected open team sheets.\n|inactive|MoralesManco has 60 seconds left.\n|inactive|MoralesManco has 30 seconds left.\n|\n|t:|1774430731\n|teamsize|p1|4\n|teamsize|p2|4\n|start\n|switch|p1a: Miraidon|Miraidon, L50|100/100\n|switch|p1b: Iron Hands|Iron Hands, L50|100/100\n|switch|p2a: Torkoal|Torkoal, L50, F|100/100\n|switch|p2b: Calyrex|Calyrex-Shadow, L50|100/100\n|-ability|p2b: Calyrex|As One\n|-ability|p2b: Calyrex|Unnerve\n|-fieldstart|move: Electric Terrain|[from] ability: Hadron Engine|[of] p1a: Miraidon\n|-activate|p1b: Iron Hands|ability: Quark Drive\n|-start|p1b: Iron Hands|quarkdriveatk\n|-weather|SunnyDay|[from] ability: Drought|[of] p2a: Torkoal\n|turn|1\n|inactive|Selenotypus has 30 seconds left.\n|inactive|Selenotypus has 20 seconds left.\n|inactive|Selenotypus has 15 seconds left.\n|\n|t:|1774430772\n|switch|p2a: Charjabug|Charjabug, L50, F|100/100\n|move|p1b: Iron Hands|Fake Out|p2a: Charjabug\n|-damage|p2a: Charjabug|86/100\n|move|p2b: Calyrex|Astral Barrage|p1a: Miraidon|[spread] p1a,p1b\n|-damage|p1a: Miraidon|41/100\n|-damage|p1b: Iron Hands|62/100\n|move|p1a: Miraidon|Electro Drift|p2b: Calyrex\n|-enditem|p2b: Calyrex|Focus Sash\n|-damage|p2b: Calyrex|1/100\n|\n|-weather|SunnyDay|[upkeep]\n|upkeep\n|turn|2\n|inactive|MoralesManco has 30 seconds left.\n|inactive|Selenotypus has 30 seconds left.\n|\n|t:|1774430799\n|move|p2b: Calyrex|Astral Barrage|p1a: Miraidon|[spread] p1a,p1b\n|-damage|p1a: Miraidon|0 fnt\n|-damage|p1b: Iron Hands|26/100\n|faint|p1a: Miraidon\n|-ability|p2b: Calyrex|Grim Neigh|boost\n|-boost|p2b: Calyrex|spa|1\n|move|p1b: Iron Hands|Wild Charge|p2b: Calyrex\n|-damage|p2b: Calyrex|0 fnt\n|faint|p2b: Calyrex\n|-damage|p1b: Iron Hands|26/100|[from] Recoil\n|move|p2a: Charjabug|Electroweb|p1b: Iron Hands\n|-resisted|p1b: Iron Hands\n|-damage|p1b: Iron Hands|22/100\n|-unboost|p1b: Iron Hands|spe|1\n|\n|-weather|SunnyDay|[upkeep]\n|upkeep\n|inactive|Selenotypus has 30 seconds left.\n|\n|t:|1774430828\n|switch|p2b: Chi-Yu|Chi-Yu, L50|100/100\n|switch|p1a: Iron Treads|Iron Treads, L50|100/100\n|-ability|p2b: Chi-Yu|Beads of Ruin\n|-activate|p1a: Iron Treads|ability: Quark Drive\n|-start|p1a: Iron Treads|quarkdrivespe\n|turn|3\n|\n|t:|1774430842\n|-terastallize|p1a: Iron Treads|Ground\n|-terastallize|p2b: Chi-Yu|Fire\n|move|p1a: Iron Treads|High Horsepower|p2b: Chi-Yu\n|-supereffective|p2b: Chi-Yu\n|-damage|p2b: Chi-Yu|0 fnt\n|faint|p2b: Chi-Yu\n|-damage|p1a: Iron Treads|91/100|[from] item: Life Orb\n|move|p2a: Charjabug|Electroweb|p1a: Iron Treads|[spread] p1b\n|-immune|p1a: Iron Treads\n|-resisted|p1b: Iron Hands\n|-damage|p1b: Iron Hands|19/100\n|-unboost|p1b: Iron Hands|spe|1\n|move|p1b: Iron Hands|Drain Punch|p2a: Charjabug\n|-resisted|p2a: Charjabug\n|-damage|p2a: Charjabug|66/100\n|-heal|p1b: Iron Hands|25/100|[from] drain|[of] p2a: Charjabug\n|\n|-weather|SunnyDay|[upkeep]\n|upkeep\n|\n|t:|1774430862\n|switch|p2b: Torkoal|Torkoal, L50, F|100/100\n|turn|4\n|\n|t:|1774430874\n|move|p1a: Iron Treads|High Horsepower|p2b: Torkoal\n|-supereffective|p2b: Torkoal\n|-crit|p2b: Torkoal\n|-damage|p2b: Torkoal|0 fnt\n|faint|p2b: Torkoal\n|-damage|p1a: Iron Treads|81/100|[from] item: Life Orb\n|move|p2a: Charjabug|Sticky Web|p1a: Iron Treads\n|-sidestart|p1: MoralesManco|move: Sticky Web\n|move|p1b: Iron Hands|Wild Charge|p2a: Charjabug\n|-resisted|p2a: Charjabug\n|-damage|p2a: Charjabug|32/100\n|-damage|p1b: Iron Hands|21/100|[from] Recoil\n|\n|-weather|SunnyDay|[upkeep]\n|upkeep\n|turn|5\n|-message|Selenotypus forfeited.\n|\n|win|MoralesManco\n|raw|MoralesManco's rating: 1215 &rarr; <strong>1240</strong><br />(+25 for winning)\n|raw|Selenotypus's rating: 1219 &rarr; <strong>1194</strong><br />(-25 for losing)\n|l|\u2606Selenotypus\n|player|p2|\n|l|\u2606MoralesManco\n|player|p1|\n|j|\u2606MoralesManco\n|player|p1|MoralesManco|miku-ghost|\n|l|\u2606MoralesManco\n|player|p1|\n","uploadtime":1774431112,"views":12,"formatid":"gen9vgc2026regi","rating":1194,"private":0,"password":null}