{"id":"gen9vgc2026regi-2577893971","format":"[Gen 9] VGC 2026 Reg I","players":["vestige666","NotAShortKid232323"],"log":"|j|\u2606vestige666\n|j|\u2606NotAShortKid232323\n|t:|1775617272\n|gametype|doubles\n|player|p1|vestige666|blackbelt-gen4dp|1486\n|player|p2|NotAShortKid232323|101|1530\n|gen|9\n|tier|[Gen 9] VGC 2026 Reg I\n|rated|\n|rule|Species Clause: Limit one of each Pok\u00e9mon\n|rule|Item Clause: Limit 1 of each item\n|clearpoke\n|poke|p1|Miraidon, L50|\n|poke|p1|Groudon, L50|\n|poke|p1|Raging Bolt, L50|\n|poke|p1|Farigiraf, L50, F|\n|poke|p1|Whimsicott, L50, M|\n|poke|p1|Iron Bundle, L50|\n|poke|p2|Calyrex-Shadow, L50|\n|poke|p2|Indeedee-F, L50, F|\n|poke|p2|Whimsicott, L50, F|\n|poke|p2|Koraidon, L50|\n|poke|p2|Incineroar, L50, M|\n|poke|p2|Brute Bonnet, L50|\n|teampreview|4\n|inactive|Battle timer is ON: inactive players will automatically lose when time's up. (requested by NotAShortKid232323)\n|inactive|vestige666 has 60 seconds left.\n|\n|t:|1775617307\n|teamsize|p1|4\n|teamsize|p2|4\n|start\n|switch|p1a: Nerissa|Miraidon, L50|100/100\n|switch|p1b: Fuwawa|Farigiraf, L50, F|100/100\n|switch|p2a: Whimsicott|Whimsicott, L50, F|100/100\n|switch|p2b: Koraidon|Koraidon, L50|100/100\n|-weather|SunnyDay|[from] ability: Orichalcum Pulse|[of] p2b: Koraidon\n|-activate|p2b: Koraidon|Orichalcum Pulse|[source]\n|-fieldstart|move: Electric Terrain|[from] ability: Hadron Engine|[of] p1a: Nerissa\n|-enditem|p1b: Fuwawa|Electric Seed\n|-boost|p1b: Fuwawa|def|1|[from] item: Electric Seed\n|turn|1\n|inactive|NotAShortKid232323 has 30 seconds left.\n|inactive|vestige666 has 30 seconds left.\n|inactive|NotAShortKid232323 has 20 seconds left.\n|\n|t:|1775617342\n|-terastallize|p2b: Koraidon|Fire\n|move|p2b: Koraidon|Flare Blitz|p1b: Fuwawa\n|-damage|p1b: Fuwawa|7/100\n|-damage|p2b: Koraidon|62/100|[from] Recoil\n|-damage|p2b: Koraidon|52/100|[from] item: Life Orb\n|move|p1a: Nerissa|Overheat|p2a: Whimsicott\n|-supereffective|p2a: Whimsicott\n|-damage|p2a: Whimsicott|0 fnt\n|-unboost|p1a: Nerissa|spa|2\n|faint|p2a: Whimsicott\n|move|p1b: Fuwawa|Roar|p1a: Nerissa\n|drag|p1a: Gigi Murin|Iron Bundle, L50|100/100\n|-activate|p1a: Gigi Murin|ability: Quark Drive\n|-start|p1a: Gigi Murin|quarkdrivespe\n|\n|-weather|SunnyDay|[upkeep]\n|upkeep\n|\n|t:|1775617356\n|switch|p2a: Indeedee|Indeedee-F, L50, F|100/100\n|-fieldstart|move: Psychic Terrain|[from] ability: Psychic Surge|[of] p2a: Indeedee\n|-end|p1a: Gigi Murin|Quark Drive\n|turn|2\n|inactive|vestige666 has 30 seconds left.\n|inactive|vestige666 has 20 seconds left.\n|inactive|vestige666 has 15 seconds left.\n|inactive|vestige666 has 10 seconds left.\n|inactive|vestige666 has 5 seconds left.\n|\n|t:|1775617407\n|switch|p1b: Nerissa|Miraidon, L50|100/100\n|-fieldstart|move: Electric Terrain|[from] ability: Hadron Engine|[of] p1b: Nerissa\n|-activate|p1a: Gigi Murin|ability: Quark Drive\n|-start|p1a: Gigi Murin|quarkdrivespe\n|move|p2b: Koraidon|Protect|p2b: Koraidon\n|-singleturn|p2b: Koraidon|Protect\n|move|p1a: Gigi Murin|U-turn|p2a: Indeedee\n|-supereffective|p2a: Indeedee\n|-crit|p2a: Indeedee\n|-damage|p2a: Indeedee|51/100\n|\n|t:|1775617419\n|-end|p1a: Gigi Murin|Quark Drive|[silent]\n|switch|p1a: Biboo|Raging Bolt, L50|100/100|[from] U-turn\n|-activate|p1a: Biboo|ability: Protosynthesis\n|-start|p1a: Biboo|protosynthesisspa\n|move|p2a: Indeedee|Dazzling Gleam|p1b: Nerissa|[spread] p1a,p1b\n|-supereffective|p1a: Biboo\n|-supereffective|p1b: Nerissa\n|-damage|p1a: Biboo|74/100\n|-damage|p1b: Nerissa|86/100\n|\n|-weather|SunnyDay|[upkeep]\n|upkeep\n|turn|3\n|inactive|NotAShortKid232323 has 30 seconds left.\n|\n|t:|1775617446\n|switch|p2a: Calyrex|Calyrex-Shadow, L50|100/100\n|-ability|p2a: Calyrex|As One\n|-ability|p2a: Calyrex|Unnerve\n|move|p2b: Koraidon|Close Combat|p1b: Nerissa\n|-damage|p1b: Nerissa|0 fnt\n|-unboost|p2b: Koraidon|def|1\n|-unboost|p2b: Koraidon|spd|1\n|faint|p1b: Nerissa\n|-damage|p2b: Koraidon|42/100|[from] item: Life Orb\n|move|p1a: Biboo|Rising Voltage|p2b: Koraidon\n|-hint|Rising Voltage's BP doubled on grounded target.\n|-damage|p2b: Koraidon|0 fnt\n|faint|p2b: Koraidon\n|-damage|p1a: Biboo|65/100|[from] item: Life Orb\n|\n|-weather|SunnyDay|[upkeep]\n|upkeep\n|inactive|vestige666 has 30 seconds left.\n|\n|t:|1775617473\n|switch|p2b: Indeedee|Indeedee-F, L50, F|51/100\n|switch|p1b: Gigi Murin|Iron Bundle, L50|100/100\n|-fieldstart|move: Psychic Terrain|[from] ability: Psychic Surge|[of] p2b: Indeedee\n|turn|4\n|\n|t:|1775617498\n|move|p2b: Indeedee|Helping Hand|p2a: Calyrex\n|-singleturn|p2a: Calyrex|Helping Hand|[of] p2b: Indeedee\n|move|p1b: Gigi Murin|Protect|p1b: Gigi Murin\n|-singleturn|p1b: Gigi Murin|Protect\n|move|p1a: Biboo|Protect|p1a: Biboo\n|-singleturn|p1a: Biboo|Protect\n|move|p2a: Calyrex|Expanding Force|p1a: Biboo|[spread] \n|-activate|p1a: Biboo|move: Protect\n|-activate|p1b: Gigi Murin|move: Protect\n|\n|-weather|SunnyDay|[upkeep]\n|upkeep\n|turn|5\n|inactive|vestige666 has 30 seconds left.\n|\n|t:|1775617531\n|move|p2b: Indeedee|Helping Hand|p2a: Calyrex\n|-singleturn|p2a: Calyrex|Helping Hand|[of] p2b: Indeedee\n|move|p2a: Calyrex|Expanding Force|p1b: Gigi Murin|[spread] p1a,p1b\n|-damage|p1a: Biboo|0 fnt\n|-enditem|p1b: Gigi Murin|Focus Sash\n|-damage|p1b: Gigi Murin|1/100\n|faint|p1a: Biboo\n|-end|p1a: Biboo|Protosynthesis|[silent]\n|-ability|p2a: Calyrex|Grim Neigh|boost\n|-boost|p2a: Calyrex|spa|1\n|move|p1b: Gigi Murin|Ice Beam|p2a: Calyrex\n|-damage|p2a: Calyrex|55/100\n|\n|-weather|none\n|upkeep\n|\n|t:|1775617546\n|switch|p1a: Fuwawa|Farigiraf, L50, F|7/100\n|turn|6\n|\n|t:|1775617557\n|move|p1a: Fuwawa|Helping Hand|p1b: Gigi Murin\n|-singleturn|p1b: Gigi Murin|Helping Hand|[of] p1a: Fuwawa\n|move|p2b: Indeedee|Follow Me|p2b: Indeedee\n|-singleturn|p2b: Indeedee|move: Follow Me\n|move|p2a: Calyrex|Expanding Force|p1b: Gigi Murin|[spread] p1a,p1b\n|-resisted|p1a: Fuwawa\n|-damage|p1a: Fuwawa|0 fnt\n|-damage|p1b: Gigi Murin|0 fnt\n|faint|p1a: Fuwawa\n|faint|p1b: Gigi Murin\n|-end|p1b: Gigi Murin|Quark Drive|[silent]\n|\n|win|NotAShortKid232323\n|raw|vestige666's rating: 1486 &rarr; <strong>1469</strong><br />(-17 for losing)\n|raw|NotAShortKid232323's rating: 1530 &rarr; <strong>1547</strong><br />(+17 for winning)\n|c|\u2606vestige666|G\n|c|\u2606vestige666|Gg\n|c|\u2606NotAShortKid232323|gg\n|l|\u2606vestige666\n|player|p1|\n|l|\u2606NotAShortKid232323\n|player|p2|\n","uploadtime":1775617801,"views":6,"formatid":"gen9vgc2026regi","rating":1469,"private":0,"password":null}