{"id":"gen9vgc2026regi-2588044536","format":"[Gen 9] VGC 2026 Reg I","players":["SnrubYesthatlldo","Ophiel1"],"log":"|j|\u2606SnrubYesthatlldo\n|j|\u2606Ophiel1\n|t:|1776597361\n|gametype|doubles\n|player|p1|SnrubYesthatlldo|2|1275\n|player|p2|Ophiel1|170|1318\n|gen|9\n|tier|[Gen 9] VGC 2026 Reg I\n|rated|\n|rule|Species Clause: Limit one of each Pok\u00e9mon\n|rule|Item Clause: Limit 1 of each item\n|clearpoke\n|poke|p1|Miraidon, L50|\n|poke|p1|Calyrex-Ice, L50|\n|poke|p1|Iron Hands, L50|\n|poke|p1|Farigiraf, L50, F|\n|poke|p1|Chi-Yu, L50|\n|poke|p1|Iron Bundle, L50|\n|poke|p2|Lunala, L50|\n|poke|p2|Terapagos, L50, M|\n|poke|p2|Incineroar, L50, M|\n|poke|p2|Amoonguss, L50, F|\n|poke|p2|Ninetales-Alola, L50, F|\n|poke|p2|Basculegion, L50, M|\n|teampreview|4\n|inactive|Battle timer is ON: inactive players will automatically lose when time's up. (requested by Ophiel1)\nSnrubYesthatlldo has agreed to open team sheets.\n|inactive|SnrubYesthatlldo has 60 seconds left.\n|\n|t:|1776597416\n|teamsize|p1|4\n|teamsize|p2|4\n|start\n|switch|p1a: Chi-Yu|Chi-Yu, L50|100/100\n|switch|p1b: Miraidon|Miraidon, L50|100/100\n|switch|p2a: Lunala|Lunala, L50|100/100\n|switch|p2b: Ninetales|Ninetales-Alola, L50, F, shiny|100/100\n|-ability|p1a: Chi-Yu|Beads of Ruin\n|-fieldstart|move: Electric Terrain|[from] ability: Hadron Engine|[of] p1b: Miraidon\n|-weather|Snowscape|[from] ability: Snow Warning|[of] p2b: Ninetales\n|turn|1\n|inactive|SnrubYesthatlldo has 30 seconds left.\n|\n|t:|1776597447\n|-terastallize|p1b: Miraidon|Electric\n|move|p2b: Ninetales|Protect|p2b: Ninetales\n|-singleturn|p2b: Ninetales|Protect\n|move|p1a: Chi-Yu|Heat Wave|p2a: Lunala|[spread] p2a\n|-activate|p2b: Ninetales|move: Protect\n|-damage|p2a: Lunala|79/100\n|move|p1b: Miraidon|Electro Drift|p2a: Lunala\n|-damage|p2a: Lunala|0 fnt\n|faint|p2a: Lunala\n|-damage|p1b: Miraidon|91/100|[from] item: Life Orb\n|\n|-weather|Snowscape|[upkeep]\n|upkeep\n|\n|t:|1776597463\n|switch|p2a: Terapagos|Terapagos, L50, M|100/100\n|-activate|p2a: Terapagos|ability: Tera Shift\n|detailschange|p2a: Terapagos|Terapagos-Terastal, L50, M\n|-heal|p2a: Terapagos|100/100|[silent]\n|turn|2\n|\n|t:|1776597481\n|switch|p2b: Incineroar|Incineroar, L50, M|100/100\n|-ability|p2b: Incineroar|Intimidate|boost\n|-unboost|p1a: Chi-Yu|atk|1\n|-unboost|p1b: Miraidon|atk|1\n|-terastallize|p2a: Terapagos|Stellar\n|detailschange|p2a: Terapagos|Terapagos-Stellar, L50, M, tera:Stellar\n|-heal|p2a: Terapagos|100/100|[silent]\n|-ability|p2a: Terapagos|Teraform Zero\n|-weather|none\n|-fieldend|move: Electric Terrain\n|move|p1a: Chi-Yu|Heat Wave|p2b: Incineroar|[spread] p2a,p2b\n|-resisted|p2b: Incineroar\n|-damage|p2a: Terapagos|68/100\n|-damage|p2b: Incineroar|75/100\n|move|p1b: Miraidon|Volt Switch|p2b: Incineroar\n|-crit|p2b: Incineroar\n|-damage|p2b: Incineroar|0 fnt\n|faint|p2b: Incineroar\n|-damage|p1b: Miraidon|81/100|[from] item: Life Orb\n|\n|t:|1776597499\n|switch|p1b: Iron Hands|Iron Hands, L50|100/100|[from] Volt Switch\n|move|p2a: Terapagos|Tera Starstorm|p1a: Chi-Yu|[spread] p1a,p1b\n|-damage|p1a: Chi-Yu|51/100\n|-damage|p1b: Iron Hands|70/100\n|\n|upkeep\n|\n|t:|1776597507\n|switch|p2b: Ninetales|Ninetales-Alola, L50, F, shiny|100/100\n|-weather|Snowscape|[from] ability: Snow Warning|[of] p2b: Ninetales\n|turn|3\n|inactive|SnrubYesthatlldo has 30 seconds left.\n|\n|t:|1776597540\n|switch|p1a: Farigiraf|Farigiraf, L50, F|100/100\n|move|p2b: Ninetales|Protect|p2b: Ninetales\n|-singleturn|p2b: Ninetales|Protect\n|move|p2a: Terapagos|Calm Mind|p2a: Terapagos\n|-boost|p2a: Terapagos|spa|1\n|-boost|p2a: Terapagos|spd|1\n|move|p1b: Iron Hands|Drain Punch|p2a: Terapagos\n|-supereffective|p2a: Terapagos\n|-damage|p2a: Terapagos|14/100\n|-heal|p1b: Iron Hands|99/100|[from] drain|[of] p2a: Terapagos\n|\n|-weather|Snowscape|[upkeep]\n|upkeep\n|turn|4\n|inactive|SnrubYesthatlldo has 30 seconds left.\n|\n|t:|1776597566\n|move|p2b: Ninetales|Helping Hand|p2a: Terapagos\n|-singleturn|p2a: Terapagos|Helping Hand|[of] p2b: Ninetales\n|move|p2a: Terapagos|Tera Starstorm|p1a: Farigiraf|[spread] p1a,p1b\n|-damage|p1a: Farigiraf|17/100\n|-damage|p1b: Iron Hands|54/100\n|move|p1a: Farigiraf|Psychic|p2a: Terapagos\n|-damage|p2a: Terapagos|0 fnt\n|faint|p2a: Terapagos\n|detailschange|p2: Terapagos|Terapagos, L50, M|[silent]\n|move|p1b: Iron Hands|Drain Punch|p2b: Ninetales\n|-damage|p2b: Ninetales|65/100\n|-heal|p1b: Iron Hands|68/100|[from] drain|[of] p2b: Ninetales\n|\n|-weather|Snowscape|[upkeep]\n|upkeep\n|turn|5\n|-message|Ophiel1 forfeited.\n|\n|win|SnrubYesthatlldo\n|raw|SnrubYesthatlldo's rating: 1275 &rarr; <strong>1303</strong><br />(+28 for winning)\n|raw|Ophiel1's rating: 1318 &rarr; <strong>1296</strong><br />(-22 for losing)\n|l|\u2606Ophiel1\n|player|p2|\n|l|\u2606SnrubYesthatlldo\n|player|p1|\n","uploadtime":1776597835,"views":11,"formatid":"gen9vgc2026regi","rating":1296,"private":0,"password":null}