{"id":"gen9vgc2026regi-2570353150","format":"[Gen 9] VGC 2026 Reg I","players":["Highkage2","Rangerbatonage"],"log":"|j|\u203dHighkage2\n|j|\u2606Rangerbatonage\n|t:|1774803907\n|gametype|doubles\n|player|p1|Highkage2|doubleteam|1602\n|player|p2|Rangerbatonage|veteran|1586\n|gen|9\n|tier|[Gen 9] VGC 2026 Reg I\n|rated|\n|rule|Species Clause: Limit one of each Pok\u00e9mon\n|rule|Item Clause: Limit 1 of each item\n|clearpoke\n|poke|p1|Incineroar, L50, M|\n|poke|p1|Calyrex-Ice, L50|\n|poke|p1|Miraidon, L50|\n|poke|p1|Iron Treads, L50|\n|poke|p1|Volcarona, L50, F|\n|poke|p1|Farigiraf, L50, M|\n|poke|p2|Calyrex-Shadow, L50|\n|poke|p2|Zamazenta-*, L50|\n|poke|p2|Chien-Pao, L50|\n|poke|p2|Dragonite, L50, M|\n|poke|p2|Amoonguss, L50, F|\n|poke|p2|Tornadus, L50, M|\n|teampreview|4\n|inactive|Battle timer is ON: inactive players will automatically lose when time's up. (requested by Rangerbatonage)\n|inactive|Highkage2 has 60 seconds left.\n|inactive|Highkage2 has 30 seconds left.\n|inactive|Highkage2 has 20 seconds left.\n|\n|t:|1774803982\n|teamsize|p1|4\n|teamsize|p2|4\n|start\n|switch|p1a: Volcarona|Volcarona, L50, F|100/100\n|switch|p1b: Calyrex|Calyrex-Ice, L50|100/100\n|switch|p2a: PinkPonyClub|Calyrex-Shadow, L50|100/100\n|switch|p2b: Green Goober|Dragonite, L50, M|100/100\n|-ability|p2a: PinkPonyClub|As One\n|-ability|p2a: PinkPonyClub|Unnerve\n|-ability|p1b: Calyrex|As One\n|-ability|p1b: Calyrex|Unnerve\n|turn|1\n|inactive|Highkage2 has 30 seconds left.\n|\n|t:|1774804011\n|switch|p1a: Farigiraf|Farigiraf, L50, M|100/100\n|-terastallize|p2a: PinkPonyClub|Ghost\n|-terastallize|p1b: Calyrex|Fairy\n|move|p2a: PinkPonyClub|Astral Barrage|p1a: Farigiraf|[spread] p1b\n|-immune|p1a: Farigiraf\n|-damage|p1b: Calyrex|58/100\n|move|p2b: Green Goober|Outrage|p1b: Calyrex\n|-immune|p1b: Calyrex\n|move|p1b: Calyrex|Trick Room|p1b: Calyrex\n|-fieldstart|move: Trick Room|[of] p1b: Calyrex\n|\n|-heal|p1b: Calyrex|64/100|[from] item: Leftovers\n|upkeep\n|turn|2\n|inactive|Highkage2 has 30 seconds left.\n|\n|t:|1774804038\n|switch|p2b: protec|Zamazenta-Crowned, L50|100/100\n|-ability|p2b: protec|Dauntless Shield|boost\n|-boost|p2b: protec|def|1\n|move|p2a: PinkPonyClub|Protect|p2a: PinkPonyClub\n|-singleturn|p2a: PinkPonyClub|Protect\n|move|p1b: Calyrex|Glacial Lance|p2a: PinkPonyClub|[spread] p2b\n|-activate|p2a: PinkPonyClub|move: Protect\n|-resisted|p2b: protec\n|-damage|p2b: protec|91/100\n|move|p1a: Farigiraf|Psychic|p2b: protec\n|-damage|p2b: protec|70/100\n|\n|-heal|p1b: Calyrex|70/100|[from] item: Leftovers\n|upkeep\n|turn|3\n|inactive|Highkage2 has 30 seconds left.\n|inactive|Highkage2 has 20 seconds left.\n|\n|t:|1774804075\n|switch|p1a: Volcarona|Volcarona, L50, F|100/100\n|move|p1b: Calyrex|Leech Seed|p2b: protec\n|-start|p2b: protec|move: Leech Seed\n|move|p2b: protec|Heavy Slam|p1b: Calyrex\n|-supereffective|p1b: Calyrex\n|-damage|p1b: Calyrex|49/100\n|move|p2a: PinkPonyClub|Astral Barrage|p1a: Volcarona|[spread] p1a,p1b\n|-crit|p1b: Calyrex\n|-damage|p1a: Volcarona|44/100\n|-damage|p1b: Calyrex|0 fnt\n|faint|p1b: Calyrex\n|-ability|p2a: PinkPonyClub|Grim Neigh|boost\n|-boost|p2a: PinkPonyClub|spa|1\n|\n|upkeep\n|\n|t:|1774804084\n|switch|p1b: Miraidon|Miraidon, L50|100/100\n|-fieldstart|move: Electric Terrain|[from] ability: Hadron Engine|[of] p1b: Miraidon\n|turn|4\n|\n|t:|1774804099\n|move|p2a: PinkPonyClub|Protect|p2a: PinkPonyClub\n|-singleturn|p2a: PinkPonyClub|Protect\n|move|p1a: Volcarona|Will-O-Wisp|p2b: protec\n|-status|p2b: protec|brn\n|move|p2b: protec|Body Press|p1b: Miraidon\n|-damage|p1b: Miraidon|70/100\n|move|p1b: Miraidon|Volt Switch|p2a: PinkPonyClub\n|-activate|p2a: PinkPonyClub|move: Protect\n|\n|-damage|p2b: protec|57/100 brn|[from] Leech Seed|[of] p1b: Miraidon\n|-heal|p1b: Miraidon|82/100|[silent]\n|-damage|p2b: protec|51/100 brn|[from] brn\n|upkeep\n|turn|5\n|\n|t:|1774804117\n|move|p1a: Volcarona|Struggle Bug|p2a: PinkPonyClub|[spread] p2a,p2b\n|-resisted|p2a: PinkPonyClub\n|-resisted|p2b: protec\n|-damage|p2a: PinkPonyClub|92/100\n|-damage|p2b: protec|49/100 brn\n|-unboost|p2a: PinkPonyClub|spa|1\n|-unboost|p2b: protec|spa|1\n|move|p2b: protec|Body Press|p1b: Miraidon\n|-damage|p1b: Miraidon|50/100\n|move|p1b: Miraidon|Volt Switch|p2a: PinkPonyClub\n|-damage|p2a: PinkPonyClub|0 fnt\n|faint|p2a: PinkPonyClub\n|\n|t:|1774804129\n|switch|p1b: Farigiraf|Farigiraf, L50, M|100/100|[from] Volt Switch\n|-enditem|p1b: Farigiraf|Electric Seed\n|-boost|p1b: Farigiraf|def|1|[from] item: Electric Seed\n|\n|-damage|p2b: protec|37/100 brn|[from] Leech Seed|[of] p1b: Farigiraf\n|-damage|p2b: protec|30/100 brn|[from] brn\n|-fieldend|move: Trick Room\n|upkeep\n|\n|t:|1774804132\n|switch|p2a: Green Goober|Dragonite, L50, M|100/100\n|turn|6\n|inactive|Highkage2 has 30 seconds left.\n|\n|t:|1774804158\n|switch|p2b: Arlie|Chien-Pao, L50|100/100\n|-ability|p2b: Arlie|Sword of Ruin\n|move|p1a: Volcarona|Will-O-Wisp|p2a: Green Goober\n|-status|p2a: Green Goober|brn\n|move|p2a: Green Goober|Outrage|p1b: Farigiraf\n|-damage|p1b: Farigiraf|57/100\n|move|p1b: Farigiraf|Psychic|p2b: Arlie\n|-immune|p2b: Arlie\n|\n|-damage|p2a: Green Goober|94/100 brn|[from] brn\n|upkeep\n|turn|7\n|inactive|Highkage2 has 30 seconds left.\n|\n|t:|1774804187\n|move|p2b: Arlie|Ice Spinner|p1b: Farigiraf\n|-damage|p1b: Farigiraf|30/100\n|-fieldend|move: Electric Terrain\n|move|p1a: Volcarona|Overheat|p2b: Arlie\n|-supereffective|p2b: Arlie\n|-damage|p2b: Arlie|0 fnt\n|-unboost|p1a: Volcarona|spa|2\n|faint|p2b: Arlie\n|move|p2a: Green Goober|Outrage|p1a: Volcarona|[from] lockedmove\n|-damage|p1a: Volcarona|0 fnt\n|-damage|p2a: Green Goober|78/100 brn|[from] item: Rocky Helmet|[of] p1a: Volcarona\n|faint|p1a: Volcarona\n|-start|p2a: Green Goober|confusion|[fatigue]\n|move|p1b: Farigiraf|Psychic|p2a: Green Goober\n|-damage|p2a: Green Goober|45/100 brn\n|\n|-damage|p2a: Green Goober|39/100 brn|[from] brn\n|upkeep\n|-message|Rangerbatonage forfeited.\n|\n|win|Highkage2\n|raw|Highkage2's rating: 1602 &rarr; <strong>1621</strong><br />(+19 for winning)\n|raw|Rangerbatonage's rating: 1586 &rarr; <strong>1567</strong><br />(-19 for losing)\n|l|\u2606Rangerbatonage\n|player|p2|\n","uploadtime":1774804364,"views":17,"formatid":"gen9vgc2026regi","rating":1567,"private":0,"password":null}