{"id":"gen9vgc2026regi-2559215643","format":"[Gen 9] VGC 2026 Reg I","players":["itastelikeiron","ismaprrro007"],"log":"|j|\u2606itastelikeiron\n|j|\u2606ismaprrro007\n|t:|1773533586\n|gametype|doubles\n|player|p1|itastelikeiron|266|1158\n|player|p2|ismaprrro007|169|1136\n|gen|9\n|tier|[Gen 9] VGC 2026 Reg I\n|rated|\n|rule|Species Clause: Limit one of each Pok\u00e9mon\n|rule|Item Clause: Limit 1 of each item\n|clearpoke\n|poke|p1|Tsareena, L50, F|\n|poke|p1|Kyogre, L50|\n|poke|p1|Grimmsnarl, L50, M|\n|poke|p1|Tornadus, L50, M|\n|poke|p1|Incineroar, L50, M|\n|poke|p1|Zacian-*, L50|\n|poke|p2|Incineroar, L50, M|\n|poke|p2|Landorus, L50, M|\n|poke|p2|Calyrex-Shadow, L50|\n|poke|p2|Koraidon, L50|\n|poke|p2|Brute Bonnet, L50|\n|poke|p2|Raging Bolt, L50|\n|teampreview|4\n|inactive|Battle timer is ON: inactive players will automatically lose when time's up. (requested by ismaprrro007)\n|\n|t:|1773533638\n|teamsize|p1|4\n|teamsize|p2|4\n|start\n|switch|p1a: Kyogre|Kyogre, L50|100/100\n|switch|p1b: Tornadus|Tornadus, L50, M|100/100\n|switch|p2a: Raging Bolt|Raging Bolt, L50|100/100\n|switch|p2b: Calyrex|Calyrex-Shadow, L50|100/100\n|-ability|p2b: Calyrex|As One\n|-ability|p2b: Calyrex|Unnerve\n|-weather|RainDance|[from] ability: Drizzle|[of] p1a: Kyogre\n|turn|1\n|\n|t:|1773533662\n|switch|p2b: Koraidon|Koraidon, L50|100/100\n|-weather|SunnyDay|[from] ability: Orichalcum Pulse|[of] p2b: Koraidon\n|-activate|p2a: Raging Bolt|ability: Protosynthesis\n|-start|p2a: Raging Bolt|protosynthesisspa\n|-activate|p2b: Koraidon|Orichalcum Pulse|[source]\n|-terastallize|p1a: Kyogre|Water\n|move|p1b: Tornadus|Tailwind|p1b: Tornadus\n|-sidestart|p1: itastelikeiron|move: Tailwind\n|move|p1a: Kyogre|Water Spout|p2b: Koraidon|[spread] p2a,p2b\n|-resisted|p2a: Raging Bolt\n|-crit|p2a: Raging Bolt\n|-resisted|p2b: Koraidon\n|-damage|p2a: Raging Bolt|83/100\n|-damage|p2b: Koraidon|82/100\n|move|p2a: Raging Bolt|Electroweb|p1b: Tornadus|[spread] p1b\n|-miss|p2a: Raging Bolt|p1a: Kyogre\n|-supereffective|p1b: Tornadus\n|-damage|p1b: Tornadus|13/100\n|-unboost|p1b: Tornadus|spe|1\n|\n|-weather|SunnyDay|[upkeep]\n|upkeep\n|turn|2\n|inactive|ismaprrro007 has 30 seconds left.\n|\n|t:|1773533692\n|switch|p1a: Zacian|Zacian-Crowned, L50|100/100\n|-ability|p1a: Zacian|Intrepid Sword|boost\n|-boost|p1a: Zacian|atk|1\n|move|p1b: Tornadus|Rain Dance|p1b: Tornadus\n|-weather|RainDance\n|-end|p2a: Raging Bolt|Protosynthesis\n|move|p2a: Raging Bolt|Thunderclap||[still]\n|-fail|p2a: Raging Bolt\n|move|p2b: Koraidon|Collision Course|p1a: Zacian\n|-damage|p1a: Zacian|52/100\n|\n|-weather|RainDance|[upkeep]\n|upkeep\n|turn|3\n|\n|t:|1773533713\n|move|p2b: Koraidon|Protect|p2b: Koraidon\n|-singleturn|p2b: Koraidon|Protect\n|move|p1a: Zacian|Play Rough|p2a: Raging Bolt\n|-supereffective|p2a: Raging Bolt\n|-damage|p2a: Raging Bolt|0 fnt\n|faint|p2a: Raging Bolt\n|-end|p2a: Raging Bolt|Protosynthesis|[silent]\n|move|p1b: Tornadus|Hurricane|p2b: Koraidon\n|-activate|p2b: Koraidon|move: Protect\n|\n|-weather|RainDance|[upkeep]\n|upkeep\n|\n|t:|1773533722\n|switch|p2a: Brute Bonnet|Brute Bonnet, L50|100/100\n|turn|4\n|\n|t:|1773533738\n|switch|p1b: Tsareena|Tsareena, L50, F|100/100\n|-terastallize|p2b: Koraidon|Fire\n|move|p2a: Brute Bonnet|Sucker Punch||[still]\n|cant|p1b: Tsareena|ability: Queenly Majesty|Sucker Punch|[of] p2a: Brute Bonnet\n|move|p1a: Zacian|Play Rough|p2a: Brute Bonnet\n|-supereffective|p2a: Brute Bonnet\n|-damage|p2a: Brute Bonnet|16/100\n|move|p2b: Koraidon|Flare Blitz|p1a: Zacian\n|-supereffective|p1a: Zacian\n|-damage|p1a: Zacian|3/100\n|-status|p1a: Zacian|brn\n|-damage|p2b: Koraidon|66/100|[from] Recoil\n|\n|-weather|RainDance|[upkeep]\n|-damage|p1a: Zacian|0 fnt|[from] brn\n|faint|p1a: Zacian\n|-sideend|p1: itastelikeiron|move: Tailwind\n|upkeep\n|\n|t:|1773533747\n|switch|p1a: Kyogre|Kyogre, L50, tera:Water|100/100\n|turn|5\n|\n|t:|1773533769\n|switch|p2b: Calyrex|Calyrex-Shadow, L50|100/100\n|-ability|p2b: Calyrex|As One\n|-ability|p2b: Calyrex|Unnerve\n|move|p2a: Brute Bonnet|Sucker Punch||[still]\n|cant|p1b: Tsareena|ability: Queenly Majesty|Sucker Punch|[of] p2a: Brute Bonnet\n|move|p1a: Kyogre|Water Spout|p2a: Brute Bonnet|[spread] p2a,p2b\n|-resisted|p2a: Brute Bonnet\n|-crit|p2b: Calyrex\n|-damage|p2a: Brute Bonnet|0 fnt\n|-enditem|p2b: Calyrex|Focus Sash\n|-damage|p2b: Calyrex|1/100\n|faint|p2a: Brute Bonnet\n|-end|p2a: Brute Bonnet|Protosynthesis|[silent]\n|move|p1b: Tsareena|Power Whip|p2b: Calyrex\n|-damage|p2b: Calyrex|0 fnt\n|faint|p2b: Calyrex\n|\n|-weather|RainDance|[upkeep]\n|upkeep\n|-message|ismaprrro007 forfeited.\n|\n|win|itastelikeiron\n|raw|itastelikeiron's rating: 1158 &rarr; <strong>1181</strong><br />(+23 for winning)\n|raw|ismaprrro007's rating: 1136 &rarr; <strong>1113</strong><br />(-23 for losing)\n|l|\u2606ismaprrro007\n|player|p2|\n","uploadtime":1773533787,"views":11,"formatid":"gen9vgc2026regi","rating":1113,"private":0,"password":null}