{"id":"gen9vgc2026regi-2530485093","format":"[Gen 9] VGC 2026 Reg I","players":["blackred123","Indeedee Follow"],"log":"|j|\u2606blackred123\n|j|\u2606Indeedee Follow\n|t:|1769924279\n|gametype|doubles\n|player|p1|blackred123|iono-masters|1412\n|player|p2|Indeedee Follow|266|1262\n|gen|9\n|tier|[Gen 9] VGC 2026 Reg I\n|rated|\n|rule|Species Clause: Limit one of each Pok\u00e9mon\n|rule|Item Clause: Limit 1 of each item\n|clearpoke\n|poke|p1|Calyrex-Shadow, L50|\n|poke|p1|Koraidon, L50|\n|poke|p1|Flutter Mane, L50|\n|poke|p1|Incineroar, L50, M|\n|poke|p1|Raging Bolt, L50|\n|poke|p1|Tornadus, L50, M|\n|poke|p2|Calyrex-Shadow, L50|\n|poke|p2|Kyogre, L50|\n|poke|p2|Incineroar, L50, M|\n|poke|p2|Rillaboom, L50, F|\n|poke|p2|Clefairy, L50, F|\n|poke|p2|Grimmsnarl, L50, M|\n|teampreview|4\n|inactive|Battle timer is ON: inactive players will automatically lose when time's up. (requested by blackred123)\n|inactive|blackred123 has 60 seconds left.\n|\n|t:|1769924313\n|teamsize|p1|4\n|teamsize|p2|4\n|start\n|switch|p1a: \u56fa\u5927\u5305\u52d2|Koraidon, L50|100/100\n|switch|p1b: Raging Bolt|Raging Bolt, L50|100/100\n|switch|p2a: Grimmsnarl|Grimmsnarl, L50, M, shiny|100/100\n|switch|p2b: Calyrex|Calyrex-Shadow, L50|100/100\n|-ability|p2b: Calyrex|As One\n|-ability|p2b: Calyrex|Unnerve\n|-weather|SunnyDay|[from] ability: Orichalcum Pulse|[of] p1a: \u56fa\u5927\u5305\u52d2\n|-activate|p1b: Raging Bolt|ability: Protosynthesis\n|-start|p1b: Raging Bolt|protosynthesisspa\n|-activate|p1a: \u56fa\u5927\u5305\u52d2|Orichalcum Pulse|[source]\n|turn|1\n|inactive|Indeedee Follow has 30 seconds left.\n|\n|t:|1769924338\n|move|p1a: \u56fa\u5927\u5305\u52d2|Protect|p1a: \u56fa\u5927\u5305\u52d2\n|-singleturn|p1a: \u56fa\u5927\u5305\u52d2|Protect\n|move|p2a: Grimmsnarl|Parting Shot|p1b: Raging Bolt\n|-unboost|p1b: Raging Bolt|atk|1\n|-unboost|p1b: Raging Bolt|spa|1\n|\n|t:|1769924343\n|switch|p2a: Kyogre|Kyogre, L50, shiny|100/100|[from] Parting Shot\n|-weather|RainDance|[from] ability: Drizzle|[of] p2a: Kyogre\n|-end|p1b: Raging Bolt|Protosynthesis\n|move|p2b: Calyrex|Calm Mind|p2b: Calyrex\n|-boost|p2b: Calyrex|spa|1\n|-boost|p2b: Calyrex|spd|1\n|move|p1b: Raging Bolt|Snarl|p2b: Calyrex|[spread] p2a,p2b\n|-supereffective|p2b: Calyrex\n|-damage|p2a: Kyogre|92/100\n|-damage|p2b: Calyrex|76/100\n|-unboost|p2a: Kyogre|spa|1\n|-unboost|p2b: Calyrex|spa|1\n|\n|-weather|RainDance|[upkeep]\n|-heal|p2b: Calyrex|82/100|[from] item: Leftovers\n|upkeep\n|turn|2\n|inactive|Indeedee Follow has 30 seconds left.\n|\n|t:|1769924372\n|switch|p1a: Tornadus|Tornadus, L50, M, shiny|100/100\n|-terastallize|p2b: Calyrex|Fairy\n|move|p2a: Kyogre|Ice Beam|p1b: Raging Bolt\n|-supereffective|p1b: Raging Bolt\n|-damage|p1b: Raging Bolt|58/100\n|move|p2b: Calyrex|Calm Mind|p2b: Calyrex\n|-boost|p2b: Calyrex|spa|1\n|-boost|p2b: Calyrex|spd|1\n|move|p1b: Raging Bolt|Thunderbolt|p2a: Kyogre\n|-supereffective|p2a: Kyogre\n|-damage|p2a: Kyogre|38/100\n|-status|p2a: Kyogre|par\n|\n|-weather|RainDance|[upkeep]\n|-heal|p2b: Calyrex|88/100|[from] item: Leftovers\n|upkeep\n|turn|3\n|inactive|blackred123 has 30 seconds left.\n|inactive|blackred123 has 20 seconds left.\n|\n|t:|1769924410\n|switch|p2a: Grimmsnarl|Grimmsnarl, L50, M, shiny|100/100\n|move|p1a: Tornadus|Tailwind|p1a: Tornadus\n|-sidestart|p1: blackred123|move: Tailwind\n|move|p1b: Raging Bolt|Snarl|p2a: Grimmsnarl|[spread] p2a,p2b\n|-resisted|p2a: Grimmsnarl\n|-resisted|p2b: Calyrex\n|-damage|p2a: Grimmsnarl|97/100\n|-damage|p2b: Calyrex|86/100\n|-unboost|p2a: Grimmsnarl|spa|1\n|-unboost|p2b: Calyrex|spa|1\n|move|p2b: Calyrex|Astral Barrage|p1a: Tornadus|[spread] p1a,p1b\n|-damage|p1a: Tornadus|41/100\n|-damage|p1b: Raging Bolt|12/100\n|\n|-weather|RainDance|[upkeep]\n|-heal|p2b: Calyrex|92/100|[from] item: Leftovers\n|upkeep\n|turn|4\n|inactive|blackred123 has 30 seconds left.\n|inactive|Indeedee Follow has 30 seconds left.\n|inactive|Indeedee Follow has 20 seconds left.\n|\n|t:|1769924446\n|move|p1a: Tornadus|Protect|p1a: Tornadus\n|-singleturn|p1a: Tornadus|Protect\n|move|p2a: Grimmsnarl|Fake Out|p1b: Raging Bolt\n|-damage|p1b: Raging Bolt|0 fnt\n|faint|p1b: Raging Bolt\n|-end|p1b: Raging Bolt|Protosynthesis|[silent]\n|move|p2b: Calyrex|Calm Mind|p2b: Calyrex\n|-boost|p2b: Calyrex|spa|1\n|-boost|p2b: Calyrex|spd|1\n|\n|-weather|RainDance|[upkeep]\n|-heal|p2b: Calyrex|98/100|[from] item: Leftovers\n|upkeep\n|\n|t:|1769924456\n|switch|p1b: \u56fa\u5927\u5305\u52d2|Koraidon, L50|100/100\n|-weather|SunnyDay|[from] ability: Orichalcum Pulse|[of] p1b: \u56fa\u5927\u5305\u52d2\n|-activate|p1b: \u56fa\u5927\u5305\u52d2|Orichalcum Pulse|[source]\n|turn|5\n|\n|t:|1769924466\n|-terastallize|p1b: \u56fa\u5927\u5305\u52d2|Fire\n|move|p1a: Tornadus|Sunny Day||[still]\n|-fail|p1a: Tornadus\n|move|p2a: Grimmsnarl|Parting Shot|p1b: \u56fa\u5927\u5305\u52d2\n|-fail|p1b: \u56fa\u5927\u5305\u52d2|unboost|[from] item: Clear Amulet|[of] p1b: \u56fa\u5927\u5305\u52d2\n|move|p1b: \u56fa\u5927\u5305\u52d2|Flare Blitz|p2b: Calyrex\n|-damage|p2b: Calyrex|0 fnt\n|faint|p2b: Calyrex\n|-damage|p1b: \u56fa\u5927\u5305\u52d2|65/100|[from] Recoil\n|\n|-weather|SunnyDay|[upkeep]\n|upkeep\n|\n|t:|1769924479\n|switch|p2b: Kyogre|Kyogre, L50, shiny|38/100 par\n|-weather|RainDance|[from] ability: Drizzle|[of] p2b: Kyogre\n|turn|6\n|\n|t:|1769924490\n|move|p1a: Tornadus|Sunny Day|p1a: Tornadus\n|-weather|SunnyDay\n|move|p2a: Grimmsnarl|Thunder Wave|p1b: \u56fa\u5927\u5305\u52d2\n|-status|p1b: \u56fa\u5927\u5305\u52d2|par\n|move|p1b: \u56fa\u5927\u5305\u52d2|Flare Blitz|p2a: Grimmsnarl\n|-damage|p2a: Grimmsnarl|0 fnt\n|faint|p2a: Grimmsnarl\n|-damage|p1b: \u56fa\u5927\u5305\u52d2|34/100 par|[from] Recoil\n|cant|p2b: Kyogre|par\n|\n|-weather|SunnyDay|[upkeep]\n|-sideend|p1: blackred123|move: Tailwind\n|upkeep\n|\n|t:|1769924499\n|switch|p2a: Clefairy|Clefairy, L50, F|100/100\n|turn|7\n|\n|t:|1769924506\n|move|p2a: Clefairy|Follow Me|p2a: Clefairy\n|-singleturn|p2a: Clefairy|move: Follow Me\n|move|p1a: Tornadus|Bleakwind Storm|p2a: Clefairy|[spread] p2a\n|-miss|p1a: Tornadus|p2b: Kyogre\n|-damage|p2a: Clefairy|67/100\n|-unboost|p2a: Clefairy|spe|1\n|move|p2b: Kyogre|Water Spout|p1b: \u56fa\u5927\u5305\u52d2|[spread] p1a,p1b\n|-crit|p1a: Tornadus\n|-supereffective|p1b: \u56fa\u5927\u5305\u52d2\n|-damage|p1a: Tornadus|19/100\n|-damage|p1b: \u56fa\u5927\u5305\u52d2|10/100 par\n|move|p1b: \u56fa\u5927\u5305\u52d2|Flare Blitz|p2a: Clefairy\n|-damage|p2a: Clefairy|0 fnt\n|faint|p2a: Clefairy\n|-damage|p1b: \u56fa\u5927\u5305\u52d2|0 fnt|[from] Recoil\n|faint|p1b: \u56fa\u5927\u5305\u52d2\n|\n|-weather|SunnyDay|[upkeep]\n|upkeep\n|\n|t:|1769924520\n|switch|p1b: \u6211\u8fd1\u89c6|Calyrex-Shadow, L50|100/100\n|-ability|p1b: \u6211\u8fd1\u89c6|As One\n|-ability|p1b: \u6211\u8fd1\u89c6|Unnerve\n|turn|8\n|\n|t:|1769924524\n|move|p1b: \u6211\u8fd1\u89c6|Astral Barrage|p2b: Kyogre\n|-damage|p2b: Kyogre|0 fnt\n|faint|p2b: Kyogre\n|\n|win|blackred123\n|raw|blackred123's rating: 1412 &rarr; <strong>1424</strong><br />(+12 for winning)\n|raw|Indeedee Follow's rating: 1262 &rarr; <strong>1247</strong><br />(-15 for losing)\n|l|\u2606Indeedee Follow\n|player|p2|\n|j| wmjjqz\n","uploadtime":1769924543,"views":18,"formatid":"gen9vgc2026regi","rating":1247,"private":0,"password":null}