{"id":"gen9vgc2026regi-2530884556","format":"[Gen 9] VGC 2026 Reg I","players":["feeltheice05","marcxhenry"],"log":"|j|\u2606feeltheice05\n|j|\u2606marcxhenry\n|t:|1769983228\n|gametype|doubles\n|player|p1|feeltheice05|101|1399\n|player|p2|marcxhenry|hilbert-wonderlauncher|1552\n|gen|9\n|tier|[Gen 9] VGC 2026 Reg I\n|rated|\n|rule|Species Clause: Limit one of each Pok\u00e9mon\n|rule|Item Clause: Limit 1 of each item\n|clearpoke\n|poke|p1|Dondozo, L50, M|\n|poke|p1|Tatsugiri-Droopy, L50, F|\n|poke|p1|Miraidon, L50|\n|poke|p1|Iron Valiant, L50|\n|poke|p1|Zacian-*, L50|\n|poke|p1|Tornadus, L50, M|\n|poke|p2|Calyrex-Shadow, L50|\n|poke|p2|Urshifu-*, L50, M|\n|poke|p2|Roaring Moon, L50|\n|poke|p2|Kyogre, L50|\n|poke|p2|Tsareena, L50, F|\n|poke|p2|Kingambit, L50, M|\n|teampreview|4\n|inactive|Battle timer is ON: inactive players will automatically lose when time's up. (requested by feeltheice05)\n|inactive|feeltheice05 has 60 seconds left.\n|inactive|marcxhenry has 60 seconds left.\n|\n|t:|1769983265\n|teamsize|p1|4\n|teamsize|p2|4\n|start\n|switch|p1a: Miraidon|Miraidon, L50, shiny|100/100\n|switch|p1b: Iron Valiant|Iron Valiant, L50, shiny|100/100\n|switch|p2a: Ludwig|Calyrex-Shadow, L50|100/100\n|switch|p2b: Tripitz|Kyogre, L50, shiny|100/100\n|-ability|p2a: Ludwig|As One\n|-ability|p2a: Ludwig|Unnerve\n|-fieldstart|move: Electric Terrain|[from] ability: Hadron Engine|[of] p1a: Miraidon\n|-activate|p1b: Iron Valiant|ability: Quark Drive\n|-start|p1b: Iron Valiant|quarkdrivespe\n|-weather|RainDance|[from] ability: Drizzle|[of] p2b: Tripitz\n|turn|1\n|inactive|feeltheice05 has 30 seconds left.\n|inactive|marcxhenry has 30 seconds left.\n|\n|t:|1769983301\n|-terastallize|p2b: Tripitz|Ground\n|move|p1b: Iron Valiant|Knock Off|p2a: Ludwig\n|-supereffective|p2a: Ludwig\n|-enditem|p2a: Ludwig|Focus Sash\n|-damage|p2a: Ludwig|1/100\n|move|p1a: Miraidon|Electro Drift|p2b: Tripitz\n|-immune|p2b: Tripitz\n|move|p2b: Tripitz|Hydro Pump|p1a: Miraidon|[miss]\n|-miss|p2b: Tripitz|p1a: Miraidon\n|move|p2a: Ludwig|Trick Room|p2a: Ludwig\n|-fieldstart|move: Trick Room|[of] p2a: Ludwig\n|\n|-weather|RainDance|[upkeep]\n|upkeep\n|turn|2\n|\n|t:|1769983323\n|switch|p2a: Hermann|Kingambit, L50, M, shiny|100/100\n|move|p1b: Iron Valiant|Protect|p1b: Iron Valiant\n|-singleturn|p1b: Iron Valiant|Protect\n|move|p2b: Tripitz|Hydro Pump|p1b: Iron Valiant\n|-activate|p1b: Iron Valiant|move: Protect\n|move|p1a: Miraidon|Volt Switch|p2a: Hermann\n|-damage|p2a: Hermann|56/100\n|\n|t:|1769983335\n|switch|p1a: Tornadus|Tornadus, L50, M, shiny|100/100|[from] Volt Switch\n|\n|-weather|RainDance|[upkeep]\n|upkeep\n|turn|3\n|\n|t:|1769983344\n|move|p1a: Tornadus|Sunny Day|p1a: Tornadus\n|-weather|SunnyDay\n|move|p2a: Hermann|Iron Head|p1a: Tornadus\n|-damage|p1a: Tornadus|34/100\n|move|p2b: Tripitz|Water Spout|p1b: Iron Valiant|[spread] p1a,p1b\n|-damage|p1a: Tornadus|2/100\n|-damage|p1b: Iron Valiant|19/100\n|move|p1b: Iron Valiant|Close Combat|p2a: Hermann\n|-supereffective|p2a: Hermann\n|-damage|p2a: Hermann|0 fnt\n|-unboost|p1b: Iron Valiant|def|1\n|-unboost|p1b: Iron Valiant|spd|1\n|faint|p2a: Hermann\n|\n|-weather|SunnyDay|[upkeep]\n|upkeep\n|\n|t:|1769983359\n|switch|p2a: Ludwig|Calyrex-Shadow, L50|1/100\n|-ability|p2a: Ludwig|As One\n|-ability|p2a: Ludwig|Unnerve\n|turn|4\n|\n|t:|1769983382\n|move|p1b: Iron Valiant|Protect|p1b: Iron Valiant\n|-singleturn|p1b: Iron Valiant|Protect\n|move|p1a: Tornadus|Tailwind|p1a: Tornadus\n|-sidestart|p1: feeltheice05|move: Tailwind\n|move|p2b: Tripitz|Hydro Pump|p1a: Tornadus|[miss]\n|-miss|p2b: Tripitz|p1a: Tornadus\n|move|p2a: Ludwig|Psychic|p1b: Iron Valiant\n|-activate|p1b: Iron Valiant|move: Protect\n|\n|-weather|SunnyDay|[upkeep]\n|upkeep\n|turn|5\n|\n|t:|1769983397\n|switch|p2a: Eva|Tsareena, L50, F, shiny|100/100\n|move|p1a: Tornadus|Protect|p1a: Tornadus\n|-singleturn|p1a: Tornadus|Protect\n|move|p2b: Tripitz|Water Spout|p1b: Iron Valiant|[spread] p1b\n|-activate|p1a: Tornadus|move: Protect\n|-damage|p1b: Iron Valiant|0 fnt\n|faint|p1b: Iron Valiant\n|-end|p1b: Iron Valiant|Quark Drive|[silent]\n|\n|-weather|SunnyDay|[upkeep]\n|-fieldend|move: Trick Room\n|-fieldend|move: Electric Terrain\n|upkeep\n|-message|marcxhenry forfeited.\n|\n|win|feeltheice05\n|raw|feeltheice05's rating: 1411 &rarr; <strong>1439</strong><br />(+28 for winning)\n|raw|marcxhenry's rating: 1552 &rarr; <strong>1524</strong><br />(-28 for losing)\n|l|\u2606marcxhenry\n|player|p2|\n|l|\u2606feeltheice05\n|player|p1|\n","uploadtime":1769983610,"views":17,"formatid":"gen9vgc2026regi","rating":1439,"private":0,"password":null}