{"id":"gen9vgc2026regi-2573220411","format":"[Gen 9] VGC 2026 Reg I","players":["jpto5","Ivorylink"],"log":"|j|\u2606jpto5\n|j|\u2606Ivorylink\n|t:|1775104673\n|gametype|doubles\n|player|p1|jpto5|102|1197\n|player|p2|Ivorylink|169|1114\n|gen|9\n|tier|[Gen 9] VGC 2026 Reg I\n|rated|\n|rule|Species Clause: Limit one of each Pok\u00e9mon\n|rule|Item Clause: Limit 1 of each item\n|clearpoke\n|poke|p1|Tornadus, L50, M|\n|poke|p1|Kyogre, L50|\n|poke|p1|Zacian-*, L50|\n|poke|p1|Basculegion, L50, M|\n|poke|p1|Incineroar, L50, M|\n|poke|p1|Archaludon, L50, F|\n|poke|p2|Milotic, L50, F|\n|poke|p2|Kyogre, L50|\n|poke|p2|Amoonguss, L50, M|\n|poke|p2|Zacian-*, L50|\n|poke|p2|Rhydon, L50, M|\n|poke|p2|Incineroar, L50, M|\n|teampreview|4\n|inactive|Battle timer is ON: inactive players will automatically lose when time's up. (requested by jpto5)\n|j| pokedoke2\n|inactive|Ivorylink has 60 seconds left.\n|\n|t:|1775104716\n|teamsize|p1|4\n|teamsize|p2|4\n|start\n|switch|p1a: Incineroar|Incineroar, L50, M|100/100\n|switch|p1b: Archaludon|Archaludon, L50, F|100/100\n|switch|p2a: Amoonguss|Amoonguss, L50, M|100/100\n|switch|p2b: Kyogre|Kyogre, L50|100/100\n|-weather|RainDance|[from] ability: Drizzle|[of] p2b: Kyogre\n|-ability|p1a: Incineroar|Intimidate|boost\n|-unboost|p2a: Amoonguss|atk|1\n|-unboost|p2b: Kyogre|atk|1\n|turn|1\n|\n|t:|1775104736\n|switch|p2a: Rhydon|Rhydon, L50, M, shiny|100/100\n|move|p1a: Incineroar|Fake Out|p2a: Rhydon\n|-resisted|p2a: Rhydon\n|-damage|p2a: Rhydon|99/100\n|move|p2b: Kyogre|Water Spout|p1a: Incineroar|[spread] p1a,p1b\n|-supereffective|p1a: Incineroar\n|-resisted|p1b: Archaludon\n|-damage|p1a: Incineroar|0 fnt\n|-damage|p1b: Archaludon|1/100\n|faint|p1a: Incineroar\n|-damage|p2b: Kyogre|91/100|[from] item: Life Orb\n|move|p1b: Archaludon|Electro Shot||[still]\n|-activate|p2a: Rhydon|ability: Lightning Rod\n|-prepare|p1b: Archaludon|Electro Shot\n|-boost|p1b: Archaludon|spa|1\n|-anim|p1b: Archaludon|Electro Shot|p2a: Rhydon\n|-ability|p2a: Rhydon|Lightning Rod|boost\n|-boost|p2a: Rhydon|spa|1\n|\n|-weather|RainDance|[upkeep]\n|upkeep\n|\n|t:|1775104749\n|switch|p1a: Tornadus|Tornadus, L50, M|100/100\n|turn|2\n|inactive|Ivorylink has 30 seconds left.\n|\n|t:|1775104775\n|-terastallize|p1b: Archaludon|Grass\n|move|p1a: Tornadus|Tailwind|p1a: Tornadus\n|-sidestart|p1: jpto5|move: Tailwind\n|move|p1b: Archaludon|Tera Blast|p2b: Kyogre|[anim] Tera Blast Grass\n|-supereffective|p2b: Kyogre\n|-damage|p2b: Kyogre|0 fnt\n|faint|p2b: Kyogre\n|move|p2a: Rhydon|Megahorn|p1a: Tornadus\n|-resisted|p1a: Tornadus\n|-damage|p1a: Tornadus|74/100\n|\n|-weather|RainDance|[upkeep]\n|upkeep\n|\n|t:|1775104790\n|switch|p2b: Amoonguss|Amoonguss, L50, M|100/100\n|turn|3\n|inactive|Ivorylink has 30 seconds left.\n|\n|t:|1775104820\n|-terastallize|p2a: Rhydon|Fire\n|move|p2b: Amoonguss|Protect|p2b: Amoonguss\n|-singleturn|p2b: Amoonguss|Protect\n|move|p1a: Tornadus|Bleakwind Storm|p2a: Rhydon|[spread] p2a\n|-activate|p2b: Amoonguss|move: Protect\n|-damage|p2a: Rhydon|61/100\n|move|p1b: Archaludon|Flash Cannon|p2a: Rhydon\n|-resisted|p2a: Rhydon\n|-damage|p2a: Rhydon|30/100\n|move|p2a: Rhydon|Tera Blast|p1b: Archaludon|[anim] Tera Blast Fire\n|-supereffective|p1b: Archaludon\n|-damage|p1b: Archaludon|0 fnt\n|faint|p1b: Archaludon\n|\n|-weather|RainDance|[upkeep]\n|upkeep\n|\n|t:|1775104831\n|switch|p1b: Basculegion|Basculegion, L50, M|100/100\n|turn|4\n|\n|t:|1775104855\n|move|p2a: Rhydon|Protect|p2a: Rhydon\n|-singleturn|p2a: Rhydon|Protect\n|move|p1a: Tornadus|Taunt|p2b: Amoonguss\n|-start|p2b: Amoonguss|move: Taunt\n|move|p1b: Basculegion|Wave Crash|p2a: Rhydon\n|-activate|p2a: Rhydon|move: Protect\n|cant|p2b: Amoonguss|move: Taunt|Spore\n|\n|-weather|RainDance|[upkeep]\n|upkeep\n|turn|5\n|\n|t:|1775104872\n|move|p1b: Basculegion|Wave Crash|p2a: Rhydon\n|-supereffective|p2a: Rhydon\n|-damage|p2a: Rhydon|0 fnt\n|faint|p2a: Rhydon\n|-damage|p1b: Basculegion|90/100|[from] Recoil\n|move|p1a: Tornadus|Bleakwind Storm|p2b: Amoonguss\n|-supereffective|p2b: Amoonguss\n|-damage|p2b: Amoonguss|32/100\n|-unboost|p2b: Amoonguss|spe|1\n|move|p2b: Amoonguss|Sludge Bomb|p1a: Tornadus\n|-damage|p1a: Tornadus|33/100\n|\n|-weather|none\n|-sideend|p1: jpto5|move: Tailwind\n|upkeep\n|\n|t:|1775104885\n|switch|p2a: Zacian|Zacian-Crowned, L50|100/100\n|-ability|p2a: Zacian|Intrepid Sword|boost\n|-boost|p2a: Zacian|atk|1\n|turn|6\n|\n|t:|1775104898\n|move|p1a: Tornadus|Rain Dance|p1a: Tornadus\n|-weather|RainDance\n|move|p1b: Basculegion|Wave Crash|p2a: Zacian\n|-damage|p2a: Zacian|0 fnt\n|faint|p2a: Zacian\n|-damage|p1b: Basculegion|62/100|[from] Recoil\n|move|p2b: Amoonguss|Sludge Bomb|p1a: Tornadus\n|-damage|p1a: Tornadus|0 fnt\n|faint|p1a: Tornadus\n|\n|-weather|RainDance|[upkeep]\n|-end|p2b: Amoonguss|move: Taunt\n|upkeep\n|turn|7\n|-message|Ivorylink forfeited.\n|\n|win|jpto5\n|raw|jpto5's rating: 1197 &rarr; <strong>1216</strong><br />(+19 for winning)\n|raw|Ivorylink's rating: 1114 &rarr; <strong>1095</strong><br />(-19 for losing)\n|l|\u2606Ivorylink\n|player|p2|\n|l|\u2606jpto5\n|player|p1|\n|l| pokedoke2\n","uploadtime":1775105205,"views":10,"formatid":"gen9vgc2026regi","rating":1095,"private":0,"password":null}