{"id":"gen9vgc2026regi-2570778822","format":"[Gen 9] VGC 2026 Reg I","players":["amia2233","Highkage2"],"log":"|j|\u2606amia2233\n|j|\u203dHighkage2\n|t:|1774847265\n|gametype|doubles\n|player|p1|amia2233|dawn|1394\n|player|p2|Highkage2|doubleteam|1653\n|gen|9\n|tier|[Gen 9] VGC 2026 Reg I\n|rated|\n|rule|Species Clause: Limit one of each Pok\u00e9mon\n|rule|Item Clause: Limit 1 of each item\n|clearpoke\n|poke|p1|Calyrex-Shadow, L50|\n|poke|p1|Zamazenta-*, L50|\n|poke|p1|Incineroar, L50, F|\n|poke|p1|Rillaboom, L50, M|\n|poke|p1|Urshifu-*, L50, M|\n|poke|p1|Chien-Pao, L50|\n|poke|p2|Incineroar, L50, M|\n|poke|p2|Calyrex-Ice, L50|\n|poke|p2|Miraidon, L50|\n|poke|p2|Iron Treads, L50|\n|poke|p2|Farigiraf, L50, F|\n|poke|p2|Volcarona, L50, F|\n|teampreview|4\n|inactive|Battle timer is ON: inactive players will automatically lose when time's up. (requested by Highkage2)\n|\n|t:|1774847294\n|teamsize|p1|4\n|teamsize|p2|4\n|start\n|switch|p1a: Zamazenta|Zamazenta-Crowned, L50|100/100\n|switch|p1b: Chien-Pao|Chien-Pao, L50|100/100\n|switch|p2a: Volcarona|Volcarona, L50, F|100/100\n|switch|p2b: Calyrex|Calyrex-Ice, L50|100/100\n|-ability|p2b: Calyrex|As One\n|-ability|p2b: Calyrex|Unnerve\n|-ability|p1b: Chien-Pao|Sword of Ruin\n|-ability|p1a: Zamazenta|Dauntless Shield|boost\n|-boost|p1a: Zamazenta|def|1\n|turn|1\n|\n|t:|1774847319\n|-terastallize|p2b: Calyrex|Fairy\n|move|p1b: Chien-Pao|Taunt|p2a: Volcarona\n|-start|p2a: Volcarona|move: Taunt\n|move|p1a: Zamazenta|Body Press|p2b: Calyrex\n|-resisted|p2b: Calyrex\n|-damage|p2b: Calyrex|72/100\n|move|p2a: Volcarona|Overheat|p1b: Chien-Pao\n|-supereffective|p1b: Chien-Pao\n|-damage|p1b: Chien-Pao|0 fnt\n|-unboost|p2a: Volcarona|spa|2\n|faint|p1b: Chien-Pao\n|move|p2b: Calyrex|Leech Seed|p1a: Zamazenta\n|-start|p1a: Zamazenta|move: Leech Seed\n|\n|-heal|p2b: Calyrex|78/100|[from] item: Leftovers\n|-damage|p1a: Zamazenta|88/100|[from] Leech Seed|[of] p2b: Calyrex\n|-heal|p2b: Calyrex|88/100|[silent]\n|upkeep\n|\n|t:|1774847339\n|switch|p1b: Calyrex|Calyrex-Shadow, L50|100/100\n|-ability|p1b: Calyrex|As One\n|-ability|p1b: Calyrex|Unnerve\n|turn|2\n|inactive|Highkage2 has 30 seconds left.\n|\n|t:|1774847366\n|-terastallize|p1b: Calyrex|Ghost\n|move|p1b: Calyrex|Astral Barrage|p2a: Volcarona|[spread] p2a,p2b\n|-damage|p2a: Volcarona|43/100\n|-damage|p2b: Calyrex|46/100\n|move|p1a: Zamazenta|Heavy Slam|p2b: Calyrex\n|-supereffective|p2b: Calyrex\n|-damage|p2b: Calyrex|26/100\n|move|p2a: Volcarona|Struggle Bug|p1a: Zamazenta|[spread] p1a,p1b\n|-resisted|p1a: Zamazenta\n|-resisted|p1b: Calyrex\n|-damage|p1a: Zamazenta|87/100\n|-damage|p1b: Calyrex|96/100\n|-unboost|p1a: Zamazenta|spa|1\n|-unboost|p1b: Calyrex|spa|1\n|move|p2b: Calyrex|Trick Room|p2b: Calyrex\n|-fieldstart|move: Trick Room|[of] p2b: Calyrex\n|\n|-heal|p2b: Calyrex|31/100|[from] item: Leftovers\n|-damage|p1a: Zamazenta|75/100|[from] Leech Seed|[of] p2b: Calyrex\n|-heal|p2b: Calyrex|42/100|[silent]\n|upkeep\n|turn|3\n|inactive|amia2233 has 30 seconds left.\n|inactive|Highkage2 has 30 seconds left.\n|\n|t:|1774847396\n|switch|p2a: Farigiraf|Farigiraf, L50, F|100/100\n|move|p2b: Calyrex|Protect|p2b: Calyrex\n|-singleturn|p2b: Calyrex|Protect\n|move|p1a: Zamazenta|Wide Guard|p1a: Zamazenta\n|-singleturn|p1a: Zamazenta|Wide Guard\n|move|p1b: Calyrex|Astral Barrage|p2a: Farigiraf|[spread] \n|-activate|p2b: Calyrex|move: Protect\n|-immune|p2a: Farigiraf\n|\n|-heal|p2b: Calyrex|48/100|[from] item: Leftovers\n|-damage|p1a: Zamazenta|63/100|[from] Leech Seed|[of] p2b: Calyrex\n|-heal|p2b: Calyrex|58/100|[silent]\n|upkeep\n|turn|4\n|inactive|amia2233 has 30 seconds left.\n|inactive|Highkage2 has 30 seconds left.\n|\n|t:|1774847423\n|move|p1a: Zamazenta|Protect||[still]\n|-fail|p1a: Zamazenta\n|move|p1b: Calyrex|Protect|p1b: Calyrex\n|-singleturn|p1b: Calyrex|Protect\n|move|p2b: Calyrex|Leech Seed|p1b: Calyrex\n|-activate|p1b: Calyrex|move: Protect\n|move|p2a: Farigiraf|Psychic|p1a: Zamazenta\n|-damage|p1a: Zamazenta|39/100\n|\n|-heal|p2b: Calyrex|64/100|[from] item: Leftovers\n|-damage|p1a: Zamazenta|27/100|[from] Leech Seed|[of] p2b: Calyrex\n|-heal|p2b: Calyrex|75/100|[silent]\n|upkeep\n|turn|5\n|inactive|amia2233 has 30 seconds left.\n|inactive|Highkage2 has 30 seconds left.\n|-message|amia2233 forfeited.\n|\n|win|Highkage2\n|raw|amia2233's rating: 1394 &rarr; <strong>1387</strong><br />(-7 for losing)\n|raw|Highkage2's rating: 1653 &rarr; <strong>1660</strong><br />(+7 for winning)\n|l|\u2606amia2233\n|player|p1|\n","uploadtime":1774847997,"views":11,"formatid":"gen9vgc2026regi","rating":1387,"private":0,"password":null}