{"id":"gen9vgc2026regi-2520317673","format":"[Gen 9] VGC 2026 Reg I","players":["yubanmeiqin","InstantIcetea"],"log":"|j|\u2606yubanmeiqin\n|j|\u2606InstantIcetea\n|t:|1768612736\n|gametype|doubles\n|player|p1|yubanmeiqin|iono-masters|1359\n|player|p2|InstantIcetea|102|1362\n|gen|9\n|tier|[Gen 9] VGC 2026 Reg I\n|rated|\n|rule|Species Clause: Limit one of each Pok\u00e9mon\n|rule|Item Clause: Limit 1 of each item\n|clearpoke\n|poke|p1|Miraidon, L50|\n|poke|p1|Grimmsnarl, L50, M|\n|poke|p1|Volcarona, L50, M|\n|poke|p1|Zamazenta-*, L50|\n|poke|p1|Ditto, L50|\n|poke|p1|Iron Hands, L50|\n|poke|p2|Miraidon, L50|\n|poke|p2|Farigiraf, L50, M|\n|poke|p2|Sinistcha, L50|\n|poke|p2|Groudon, L50|\n|poke|p2|Torkoal, L50, F|\n|poke|p2|Incineroar, L50, M|\n|teampreview|4\n|inactive|Battle timer is ON: inactive players will automatically lose when time's up. (requested by InstantIcetea)\n|j| kingsy14\n|inactive|yubanmeiqin has 60 seconds left.\n|\n|t:|1768612782\n|teamsize|p1|4\n|teamsize|p2|4\n|start\n|switch|p1a: Miraidon|Miraidon, L50|100/100\n|switch|p1b: Iron Hands|Iron Hands, L50|100/100\n|switch|p2a: Miraidon|Miraidon, L50|100/100\n|switch|p2b: Farigiraf|Farigiraf, L50, M|100/100\n|-fieldstart|move: Electric Terrain|[from] ability: Hadron Engine|[of] p2a: Miraidon\n|-enditem|p2a: Miraidon|Electric Seed\n|-boost|p2a: Miraidon|def|1|[from] item: Electric Seed\n|-activate|p1b: Iron Hands|ability: Quark Drive\n|-start|p1b: Iron Hands|quarkdriveatk\n|-activate|p1a: Miraidon|ability: Hadron Engine\n|turn|1\n|inactive|yubanmeiqin has 30 seconds left.\n|inactive|yubanmeiqin has 20 seconds left.\n|\n|t:|1768612818\n|-terastallize|p1a: Miraidon|Fairy\n|move|p2b: Farigiraf|Ally Switch|p2b: Farigiraf\n|swap|p2b: Farigiraf|0|[from] move: Ally Switch\n|move|p1a: Miraidon|Electro Drift|p2a: Farigiraf\n|-damage|p2a: Farigiraf|0 fnt\n|faint|p2a: Farigiraf\n|move|p2b: Miraidon|Calm Mind|p2b: Miraidon\n|-boost|p2b: Miraidon|spa|1\n|-boost|p2b: Miraidon|spd|1\n|move|p1b: Iron Hands|Wild Charge|p2b: Miraidon\n|-resisted|p2b: Miraidon\n|-damage|p2b: Miraidon|87/100\n|-damage|p1b: Iron Hands|98/100|[from] Recoil\n|\n|upkeep\n|\n|t:|1768612832\n|switch|p2a: Groudon|Groudon, L50|100/100\n|-weather|SunnyDay|[from] ability: Drought|[of] p2a: Groudon\n|turn|2\n|inactive|yubanmeiqin has 30 seconds left.\n|\n|t:|1768612866\n|switch|p1a: Zamazenta|Zamazenta-Crowned, L50|100/100\n|-ability|p1a: Zamazenta|Dauntless Shield|boost\n|-boost|p1a: Zamazenta|def|1\n|move|p2b: Miraidon|Discharge|p1b: Iron Hands|[spread] p1a,p1b\n|-immune|p2a: Groudon\n|-resisted|p1b: Iron Hands\n|-damage|p1a: Zamazenta|40/100\n|-damage|p1b: Iron Hands|78/100\n|-status|p1a: Zamazenta|par\n|move|p2a: Groudon|Precipice Blades|p1a: Zamazenta|[spread] p1a,p1b\n|-supereffective|p1a: Zamazenta\n|-supereffective|p1b: Iron Hands\n|-damage|p1a: Zamazenta|3/100 par\n|-damage|p1b: Iron Hands|7/100\n|move|p1b: Iron Hands|Volt Switch|p2b: Miraidon\n|-resisted|p2b: Miraidon\n|-damage|p2b: Miraidon|85/100\n|\n|t:|1768612882\n|-end|p1b: Iron Hands|Quark Drive|[silent]\n|switch|p1b: Ditto|Ditto, L50|100/100|[from] Volt Switch\n|-transform|p1b: Ditto|p2a: Groudon|[from] ability: Imposter\n|\n|-weather|SunnyDay|[upkeep]\n|upkeep\n|turn|3\n|j| QUQeeee\n|c| QUQeeee|\ud83d\udc40\n|\n|t:|1768612907\n|switch|p2a: Sinistcha|Sinistcha, L50|100/100\n|-heal|p2b: Miraidon|100/100|[from] ability: Hospitality|[of] p2a: Sinistcha\n|-terastallize|p2b: Miraidon|Fairy\n|move|p2b: Miraidon|Dazzling Gleam|p1a: Zamazenta|[spread] p1a,p1b\n|-damage|p1a: Zamazenta|0 fnt\n|-damage|p1b: Ditto|33/100\n|faint|p1a: Zamazenta\n|move|p1b: Ditto|Precipice Blades|p2b: Miraidon|[spread] p2a,p2b\n|-resisted|p2a: Sinistcha\n|-damage|p2a: Sinistcha|80/100\n|-damage|p2b: Miraidon|70/100\n|-enditem|p2a: Sinistcha|Eject Button\n|\n|t:|1768612919\n|switch|p2a: Groudon|Groudon, L50|100/100\n|\n|-weather|SunnyDay|[upkeep]\n|upkeep\n|\n|t:|1768612925\n|switch|p1a: Miraidon|Miraidon, L50, tera:Fairy|100/100\n|-activate|p1a: Miraidon|ability: Hadron Engine\n|turn|4\n|inactive|yubanmeiqin has 30 seconds left.\n|inactive|yubanmeiqin has 20 seconds left.\n|\n|t:|1768612962\n|switch|p1b: Iron Hands|Iron Hands, L50|7/100\n|-activate|p1b: Iron Hands|ability: Quark Drive\n|-start|p1b: Iron Hands|quarkdriveatk\n|move|p2b: Miraidon|Dazzling Gleam|p1b: Iron Hands|[spread] p1a,p1b\n|-supereffective|p1b: Iron Hands\n|-damage|p1a: Miraidon|50/100\n|-damage|p1b: Iron Hands|0 fnt\n|faint|p1b: Iron Hands\n|-end|p1b: Iron Hands|Quark Drive|[silent]\n|move|p1a: Miraidon|Draco Meteor|p2a: Groudon\n|-damage|p2a: Groudon|22/100\n|-unboost|p1a: Miraidon|spa|2\n|move|p2a: Groudon|Precipice Blades|p1a: Miraidon\n|-damage|p1a: Miraidon|0 fnt\n|faint|p1a: Miraidon\n|\n|-weather|SunnyDay|[upkeep]\n|upkeep\n|\n|t:|1768612973\n|switch|p1b: Ditto|Ditto, L50|33/100\n|-transform|p1b: Ditto|p2a: Groudon|[from] ability: Imposter\n|turn|5\n|-message|yubanmeiqin forfeited.\n|\n|win|InstantIcetea\n|raw|yubanmeiqin's rating: 1359 &rarr; <strong>1339</strong><br />(-20 for losing)\n|raw|InstantIcetea's rating: 1362 &rarr; <strong>1382</strong><br />(+20 for winning)\n|c|\u2606InstantIcetea|gg\n|l|\u2606InstantIcetea\n|player|p2|\n|c|\u2606yubanmeiqin|gg\n|c|\u2606yubanmeiqin|\u90a3\u4e2a\u4eba\u662f\u56fd\u4eba\u5427\n|l|\u2606yubanmeiqin\n|player|p1|\n|l| kingsy14\n|j| QAQeee\u5609\u7136\u4fa0\n","uploadtime":1768613127,"views":12,"formatid":"gen9vgc2026regi","rating":1339,"private":0,"password":null}