{"id":"gen9vgc2026regi-2549564646","format":"[Gen 9] VGC 2026 Reg I","players":["thereallilj","b3testing"],"log":"|j|\u2606thereallilj\n|j|\u2606b3testing\n|t:|1772384601\n|gametype|doubles\n|player|p1|thereallilj|pokemaniac|1315\n|player|p2|b3testing|170|1384\n|gen|9\n|tier|[Gen 9] VGC 2026 Reg I\n|rated|\n|rule|Species Clause: Limit one of each Pok\u00e9mon\n|rule|Item Clause: Limit 1 of each item\n|clearpoke\n|poke|p1|Calyrex-Ice, L50|\n|poke|p1|Ursaluna, L50, F|\n|poke|p1|Annihilape, L50, F|\n|poke|p1|Lunala, L50|\n|poke|p1|Amoonguss, L50, M|\n|poke|p1|Iron Hands, L50|\n|poke|p2|Terapagos, L50, M|\n|poke|p2|Calyrex-Shadow, L50|\n|poke|p2|Incineroar, L50, F|\n|poke|p2|Amoonguss, L50, M|\n|poke|p2|Tornadus, L50, M|\n|poke|p2|Smeargle, L50, M|\n|teampreview|4\n|inactive|Battle timer is ON: inactive players will automatically lose when time's up. (requested by b3testing)\n|\n|t:|1772384627\n|teamsize|p1|4\n|teamsize|p2|4\n|start\n|switch|p1a: Calyrex|Calyrex-Ice, L50|100/100\n|switch|p1b: Lunala|Lunala, L50|100/100\n|switch|p2a: Tornadus|Tornadus, L50, M|100/100\n|switch|p2b: Smeargle|Smeargle, L50, M|100/100\n|-ability|p1a: Calyrex|As One\n|-ability|p1a: Calyrex|Unnerve\n|turn|1\n|inactive|b3testing has 30 seconds left.\n|\n|t:|1772384660\n|move|p2a: Tornadus|Taunt|p1b: Lunala\n|-start|p1b: Lunala|move: Taunt\n|-enditem|p1b: Lunala|Mental Herb\n|-end|p1b: Lunala|move: Taunt\n|move|p2b: Smeargle|Spore|p1a: Calyrex\n|-status|p1a: Calyrex|slp|[from] move: Spore\n|cant|p1a: Calyrex|slp\n|move|p1b: Lunala|Trick Room|p1b: Lunala\n|-fieldstart|move: Trick Room|[of] p1b: Lunala\n|\n|-ability|p2b: Smeargle|Moody|boost\n|-boost|p2b: Smeargle|spe|2\n|-unboost|p2b: Smeargle|def|1\n|upkeep\n|turn|2\n|\n|t:|1772384682\n|switch|p2a: Terapagos|Terapagos, L50, M|100/100\n|-activate|p2a: Terapagos|ability: Tera Shift\n|detailschange|p2a: Terapagos|Terapagos-Terastal, L50, M\n|-heal|p2a: Terapagos|100/100|[silent]\n|cant|p1a: Calyrex|slp\n|move|p1b: Lunala|Moonblast|p2b: Smeargle\n|-damage|p2b: Smeargle|26/100\n|move|p2b: Smeargle|Spore|p1b: Lunala\n|-status|p1b: Lunala|slp|[from] move: Spore\n|\n|-ability|p2b: Smeargle|Moody|boost\n|-boost|p2b: Smeargle|spa|2\n|-unboost|p2b: Smeargle|spe|1\n|upkeep\n|turn|3\n|\n|t:|1772384704\n|cant|p1a: Calyrex|slp\n|cant|p1b: Lunala|slp\n|move|p2a: Terapagos|Calm Mind|p2a: Terapagos\n|-boost|p2a: Terapagos|spa|1\n|-boost|p2a: Terapagos|spd|1\n|move|p2b: Smeargle|Decorate|p2a: Terapagos\n|-boost|p2a: Terapagos|atk|2\n|-boost|p2a: Terapagos|spa|2\n|\n|-ability|p2b: Smeargle|Moody|boost\n|-boost|p2b: Smeargle|spd|2\n|-unboost|p2b: Smeargle|atk|1\n|upkeep\n|turn|4\n|inactive|b3testing has 30 seconds left.\n|\n|t:|1772384732\n|switch|p2b: Tornadus|Tornadus, L50, M|100/100\n|-curestatus|p1a: Calyrex|slp|[msg]\n|move|p1a: Calyrex|Glacial Lance|p2b: Tornadus|[spread] p2a,p2b\n|-activate|p2a: Terapagos|ability: Tera Shell\n|-resisted|p2a: Terapagos\n|-supereffective|p2b: Tornadus\n|-damage|p2a: Terapagos|79/100\n|-damage|p2b: Tornadus|0 fnt\n|faint|p2b: Tornadus\n|-ability|p1a: Calyrex|Chilling Neigh|boost\n|-boost|p1a: Calyrex|atk|1\n|cant|p1b: Lunala|slp\n|move|p2a: Terapagos|Tera Starstorm|p1a: Calyrex\n|-damage|p1a: Calyrex|6/100\n|\n|-heal|p1a: Calyrex|12/100|[from] item: Leftovers\n|upkeep\n|\n|t:|1772384741\n|switch|p2b: Smeargle|Smeargle, L50, M|26/100\n|turn|5\n|\n|t:|1772384761\n|-terastallize|p2a: Terapagos|Stellar\n|detailschange|p2a: Terapagos|Terapagos-Stellar, L50, M, tera:Stellar\n|-heal|p2a: Terapagos|84/100|[silent]\n|move|p2b: Smeargle|Fake Out|p1a: Calyrex\n|-damage|p1a: Calyrex|9/100\n|cant|p1a: Calyrex|flinch\n|-curestatus|p1b: Lunala|slp|[msg]\n|move|p1b: Lunala|Moonblast|p2a: Terapagos\n|-crit|p2a: Terapagos\n|-damage|p2a: Terapagos|48/100\n|move|p2a: Terapagos|Tera Starstorm|p1b: Lunala|[spread] p1a,p1b\n|-damage|p1a: Calyrex|0 fnt\n|-damage|p1b: Lunala|68/100\n|faint|p1a: Calyrex\n|\n|-fieldend|move: Trick Room\n|-ability|p2b: Smeargle|Moody|boost\n|-boost|p2b: Smeargle|spa|2\n|-unboost|p2b: Smeargle|atk|1\n|upkeep\n|inactive|thereallilj has 30 seconds left.\n|\n|t:|1772384789\n|switch|p1a: Annihilape|Annihilape, L50, F, shiny|100/100\n|turn|6\n|\n|t:|1772384800\n|move|p2b: Smeargle|Follow Me|p2b: Smeargle\n|-singleturn|p2b: Smeargle|move: Follow Me\n|move|p2a: Terapagos|Tera Starstorm|p1b: Lunala|[spread] p1a,p1b\n|-damage|p1a: Annihilape|2/100\n|-damage|p1b: Lunala|0 fnt\n|-enditem|p1a: Annihilape|Sitrus Berry|[eat]\n|-heal|p1a: Annihilape|27/100|[from] item: Sitrus Berry\n|faint|p1b: Lunala\n|move|p1a: Annihilape|Drain Punch|p2b: Smeargle\n|-supereffective|p2b: Smeargle\n|-damage|p2b: Smeargle|0 fnt\n|-heal|p1a: Annihilape|35/100|[from] drain|[of] p2b: Smeargle\n|faint|p2b: Smeargle\n|\n|upkeep\n|\n|t:|1772384814\n|switch|p2b: Calyrex|Calyrex-Shadow, L50|100/100\n|switch|p1b: Amoonguss|Amoonguss, L50, M|100/100\n|-ability|p2b: Calyrex|As One\n|-ability|p2b: Calyrex|Unnerve\n|turn|7\n|-message|thereallilj forfeited.\n|\n|win|b3testing\n|raw|thereallilj's rating: 1315 &rarr; <strong>1299</strong><br />(-16 for losing)\n|raw|b3testing's rating: 1384 &rarr; <strong>1400</strong><br />(+16 for winning)\n|l|\u2606thereallilj\n|player|p1|\n|l|\u2606b3testing\n|player|p2|\n","uploadtime":1772384964,"views":11,"formatid":"gen9vgc2026regi","rating":1299,"private":0,"password":null}