{"id":"gen9vgc2026regi-2590351793","format":"[Gen 9] VGC 2026 Reg I","players":["airline198","Harry Koekenpan"],"log":"|j|\u2606airline198\n|j|\u2606Harry Koekenpan\n|t:|1776803145\n|gametype|doubles\n|player|p1|airline198|winona-gen6|1490\n|player|p2|Harry Koekenpan|2|1414\n|gen|9\n|tier|[Gen 9] VGC 2026 Reg I\n|rated|\n|rule|Species Clause: Limit one of each Pok\u00e9mon\n|rule|Item Clause: Limit 1 of each item\n|clearpoke\n|poke|p1|Calyrex-Ice, L50|\n|poke|p1|Scraggy, L50, M|\n|poke|p1|Miraidon, L50|\n|poke|p1|Farigiraf, L50, F|\n|poke|p1|Iron Treads, L50|\n|poke|p1|Iron Hands, L50|\n|poke|p2|Weezing-Galar, L50, F|\n|poke|p2|Calyrex-Shadow, L50|\n|poke|p2|Regigigas, L50|\n|poke|p2|Koraidon, L50|\n|poke|p2|Chi-Yu, L50|\n|poke|p2|Brute Bonnet, L50|\n|teampreview|4\nairline198 has agreed to open team sheets.\n|inactive|Battle timer is ON: inactive players will automatically lose when time's up. (requested by Harry Koekenpan)\n|\n|t:|1776803174\n|teamsize|p1|4\n|teamsize|p2|4\n|start\n|switch|p1a: Miraidon|Miraidon, L50|100/100\n|switch|p1b: Iron Hands|Iron Hands, L50|100/100\n|switch|p2a: Koraidon|Koraidon, L50|100/100\n|switch|p2b: Chi-Yu|Chi-Yu, L50|100/100\n|-weather|SunnyDay|[from] ability: Orichalcum Pulse|[of] p2a: Koraidon\n|-activate|p2a: Koraidon|Orichalcum Pulse|[source]\n|-fieldstart|move: Electric Terrain|[from] ability: Hadron Engine|[of] p1a: Miraidon\n|-activate|p1b: Iron Hands|ability: Quark Drive\n|-start|p1b: Iron Hands|quarkdriveatk\n|-ability|p2b: Chi-Yu|Beads of Ruin\n|turn|1\n|inactive|airline198 has 30 seconds left.\n|\n|t:|1776803205\n|-terastallize|p1a: Miraidon|Fairy\n|move|p2a: Koraidon|Protect|p2a: Koraidon\n|-singleturn|p2a: Koraidon|Protect\n|move|p2b: Chi-Yu|Protect|p2b: Chi-Yu\n|-singleturn|p2b: Chi-Yu|Protect\n|move|p1b: Iron Hands|Fake Out|p2a: Koraidon\n|-activate|p2a: Koraidon|move: Protect\n|move|p1a: Miraidon|Volt Switch|p2b: Chi-Yu\n|-activate|p2b: Chi-Yu|move: Protect\n|\n|-weather|SunnyDay|[upkeep]\n|upkeep\n|turn|2\n|inactive|airline198 has 30 seconds left.\n|inactive|Harry Koekenpan has 30 seconds left.\n|\n|t:|1776803233\n|-terastallize|p2a: Koraidon|Fire\n|move|p2a: Koraidon|Flame Charge|p1b: Iron Hands\n|-damage|p1b: Iron Hands|55/100\n|-boost|p2a: Koraidon|spe|1\n|move|p1a: Miraidon|Volt Switch|p2a: Koraidon\n|-damage|p2a: Koraidon|0 fnt\n|faint|p2a: Koraidon\n|\n|t:|1776803239\n|switch|p1a: Calyrex|Calyrex-Ice, L50|100/100|[from] Volt Switch\n|-ability|p1a: Calyrex|As One\n|-ability|p1a: Calyrex|Unnerve\n|move|p2b: Chi-Yu|Heat Wave|p1a: Calyrex|[spread] \n|-miss|p2b: Chi-Yu|p1a: Calyrex\n|-miss|p2b: Chi-Yu|p1b: Iron Hands\n|move|p1b: Iron Hands|Drain Punch|p2b: Chi-Yu\n|-supereffective|p2b: Chi-Yu\n|-enditem|p2b: Chi-Yu|Focus Sash\n|-damage|p2b: Chi-Yu|1/100\n|-heal|p1b: Iron Hands|82/100|[from] drain|[of] p2b: Chi-Yu\n|\n|-weather|SunnyDay|[upkeep]\n|upkeep\n|c|\u2606airline198|im so sorry\n|\n|t:|1776803255\n|switch|p2a: Calyrex|Calyrex-Shadow, L50|100/100\n|-ability|p2a: Calyrex|As One\n|-ability|p2a: Calyrex|Unnerve\n|turn|3\n|\n|t:|1776803267\n|move|p1a: Calyrex|Protect|p1a: Calyrex\n|-singleturn|p1a: Calyrex|Protect\n|move|p2a: Calyrex|Astral Barrage|p1a: Calyrex|[spread] p1b\n|-activate|p1a: Calyrex|move: Protect\n|-damage|p1b: Iron Hands|33/100\n|-damage|p2a: Calyrex|91/100|[from] item: Life Orb\n|move|p2b: Chi-Yu|Heat Wave|p1a: Calyrex|[spread] p1b\n|-activate|p1a: Calyrex|move: Protect\n|-crit|p1b: Iron Hands\n|-damage|p1b: Iron Hands|0 fnt\n|faint|p1b: Iron Hands\n|-end|p1b: Iron Hands|Quark Drive|[silent]\n|\n|-weather|SunnyDay|[upkeep]\n|upkeep\n|c|\u2606Harry Koekenpan|Nws\n|c|\u2606Harry Koekenpan|part of the game\n|\n|t:|1776803275\n|switch|p1b: Farigiraf|Farigiraf, L50, F|100/100\n|-enditem|p1b: Farigiraf|Electric Seed\n|-boost|p1b: Farigiraf|def|1|[from] item: Electric Seed\n|turn|4\n|\n|t:|1776803299\n|move|p1a: Calyrex|Protect||[still]\n|-fail|p1a: Calyrex\n|move|p2a: Calyrex|Astral Barrage|p1b: Farigiraf|[spread] p1a\n|-immune|p1b: Farigiraf\n|-supereffective|p1a: Calyrex\n|-damage|p1a: Calyrex|0 fnt\n|faint|p1a: Calyrex\n|-ability|p2a: Calyrex|Grim Neigh|boost\n|-boost|p2a: Calyrex|spa|1\n|-damage|p2a: Calyrex|81/100|[from] item: Life Orb\n|move|p2b: Chi-Yu|Heat Wave|p1b: Farigiraf|[miss]\n|-miss|p2b: Chi-Yu|p1b: Farigiraf\n|move|p1b: Farigiraf|Trick Room|p1b: Farigiraf\n|-fieldstart|move: Trick Room|[of] p1b: Farigiraf\n|\n|-weather|SunnyDay|[upkeep]\n|upkeep\n|\n|t:|1776803301\n|switch|p1a: Miraidon|Miraidon, L50, tera:Fairy|100/100\n|-activate|p1a: Miraidon|ability: Hadron Engine\n|turn|5\n|\n|t:|1776803325\n|move|p2a: Calyrex|Protect|p2a: Calyrex\n|-singleturn|p2a: Calyrex|Protect\n|move|p1b: Farigiraf|Foul Play|p2a: Calyrex\n|-activate|p2a: Calyrex|move: Protect\n|move|p2b: Chi-Yu|Heat Wave|p1b: Farigiraf|[spread] p1b\n|-miss|p2b: Chi-Yu|p1a: Miraidon\n|-damage|p1b: Farigiraf|29/100\n|move|p1a: Miraidon|Dazzling Gleam|p2b: Chi-Yu|[spread] p2b\n|-activate|p2a: Calyrex|move: Protect\n|-damage|p2b: Chi-Yu|0 fnt\n|faint|p2b: Chi-Yu\n|\n|-weather|none\n|-fieldend|move: Electric Terrain\n|upkeep\n|\n|t:|1776803337\n|switch|p2b: Brute Bonnet|Brute Bonnet, L50|100/100\n|turn|6\n|\n|t:|1776803357\n|move|p2b: Brute Bonnet|Rage Powder|p2b: Brute Bonnet\n|-singleturn|p2b: Brute Bonnet|move: Rage Powder\n|move|p1b: Farigiraf|Foul Play|p2b: Brute Bonnet\n|-resisted|p2b: Brute Bonnet\n|-damage|p2b: Brute Bonnet|91/100\n|move|p1a: Miraidon|Dazzling Gleam|p2b: Brute Bonnet|[spread] p2a,p2b\n|-supereffective|p2b: Brute Bonnet\n|-damage|p2a: Calyrex|28/100\n|-damage|p2b: Brute Bonnet|9/100\n|move|p2a: Calyrex|Astral Barrage|p1b: Farigiraf|[spread] p1a\n|-immune|p1b: Farigiraf\n|-damage|p1a: Miraidon|18/100\n|-damage|p2a: Calyrex|18/100|[from] item: Life Orb\n|\n|upkeep\n|turn|7\n|\n|t:|1776803379\n|move|p2a: Calyrex|Protect|p2a: Calyrex\n|-singleturn|p2a: Calyrex|Protect\n|move|p2b: Brute Bonnet|Seed Bomb|p1a: Miraidon\n|-damage|p1a: Miraidon|0 fnt\n|faint|p1a: Miraidon\n|move|p1b: Farigiraf|Foul Play|p2a: Calyrex\n|-activate|p2a: Calyrex|move: Protect\n|\n|upkeep\n|turn|8\n|\n|t:|1776803396\n|move|p2b: Brute Bonnet|Spore|p1b: Farigiraf\n|-status|p1b: Farigiraf|slp|[from] move: Spore\n|cant|p1b: Farigiraf|slp\n|move|p2a: Calyrex|Pollen Puff|p2b: Brute Bonnet\n|-heal|p2b: Brute Bonnet|59/100\n|-damage|p2a: Calyrex|8/100|[from] item: Life Orb\n|\n|-fieldend|move: Trick Room\n|upkeep\n|turn|9\n|-message|airline198 forfeited.\n|\n|win|Harry Koekenpan\n|raw|airline198's rating: 1490 &rarr; <strong>1466</strong><br />(-24 for losing)\n|raw|Harry Koekenpan's rating: 1414 &rarr; <strong>1438</strong><br />(+24 for winning)\n|l|\u2606airline198\n|player|p1|\n","uploadtime":1776803410,"views":13,"formatid":"gen9vgc2026regi","rating":1438,"private":0,"password":null}