{"id":"gen9vgc2026regi-2577949033","format":"[Gen 9] VGC 2026 Reg I","players":["Bman3111","EllenJoe2026"],"log":"|j|\u2606Bman3111\n|j|\u2606EllenJoe2026\n|t:|1775625029\n|gametype|doubles\n|player|p1|Bman3111|1|1397\n|player|p2|EllenJoe2026|elesa|1584\n|gen|9\n|tier|[Gen 9] VGC 2026 Reg I\n|rated|\n|rule|Species Clause: Limit one of each Pok\u00e9mon\n|rule|Item Clause: Limit 1 of each item\n|clearpoke\n|poke|p1|Iron Bundle, L50|\n|poke|p1|Farigiraf, L50, F|\n|poke|p1|Calyrex-Ice, L50|\n|poke|p1|Miraidon, L50|\n|poke|p1|Iron Hands, L50|\n|poke|p1|Annihilape, L50, F|\n|poke|p2|Calyrex-Ice, L50|\n|poke|p2|Miraidon, L50|\n|poke|p2|Tornadus, L50, M|\n|poke|p2|Urshifu-*, L50, F|\n|poke|p2|Volcarona, L50, F|\n|poke|p2|Indeedee-F, L50, F|\n|teampreview|4\n|inactive|Battle timer is ON: inactive players will automatically lose when time's up. (requested by Bman3111)\n|inactive|EllenJoe2026 also wants the timer to be on.\nBman3111 has agreed to open team sheets.\n|\n|t:|1775625055\n|teamsize|p1|4\n|teamsize|p2|4\n|start\n|switch|p1a: Miraidon|Miraidon, L50|100/100\n|switch|p1b: Calyrex|Calyrex-Ice, L50|100/100\n|switch|p2a: Calyrex|Calyrex-Ice, L50|100/100\n|switch|p2b: Indeedee|Indeedee-F, L50, F, shiny|100/100\n|-ability|p2a: Calyrex|As One\n|-ability|p2a: Calyrex|Unnerve\n|-ability|p1b: Calyrex|As One\n|-ability|p1b: Calyrex|Unnerve\n|-fieldstart|move: Electric Terrain|[from] ability: Hadron Engine|[of] p1a: Miraidon\n|-fieldstart|move: Psychic Terrain|[from] ability: Psychic Surge|[of] p2b: Indeedee\n|turn|1\n|\n|t:|1775625066\n|-terastallize|p2a: Calyrex|Grass\n|move|p2b: Indeedee|Follow Me|p2b: Indeedee\n|-singleturn|p2b: Indeedee|move: Follow Me\n|move|p1a: Miraidon|Volt Switch|p2b: Indeedee\n|-damage|p2b: Indeedee|47/100\n|-enditem|p2b: Indeedee|Eject Button\n|-damage|p1a: Miraidon|91/100|[from] item: Life Orb\n|\n|t:|1775625081\n|switch|p2b: Urshifu|Urshifu-Rapid-Strike, L50, F|100/100\n|move|p2a: Calyrex|Glacial Lance|p1a: Miraidon|[spread] p1a,p1b\n|-supereffective|p1a: Miraidon\n|-resisted|p1b: Calyrex\n|-damage|p1a: Miraidon|0 fnt\n|-damage|p1b: Calyrex|82/100\n|faint|p1a: Miraidon\n|-ability|p2a: Calyrex|Chilling Neigh|boost\n|-boost|p2a: Calyrex|atk|1\n|move|p1b: Calyrex|Glacial Lance|p2a: Calyrex|[spread] p2a,p2b\n|-supereffective|p2a: Calyrex\n|-resisted|p2b: Urshifu\n|-damage|p2a: Calyrex|28/100\n|-damage|p2b: Urshifu|72/100\n|\n|upkeep\n|\n|t:|1775625097\n|switch|p1a: Iron Bundle|Iron Bundle, L50|100/100\n|turn|2\n|\n|t:|1775625117\n|move|p2a: Calyrex|Protect|p2a: Calyrex\n|-singleturn|p2a: Calyrex|Protect\n|move|p2b: Urshifu|Close Combat|p1a: Iron Bundle\n|-supereffective|p1a: Iron Bundle\n|-enditem|p1a: Iron Bundle|Focus Sash\n|-damage|p1a: Iron Bundle|1/100\n|-unboost|p2b: Urshifu|def|1\n|-unboost|p2b: Urshifu|spd|1\n|move|p1a: Iron Bundle|Ice Beam|p2a: Calyrex\n|-activate|p2a: Calyrex|move: Protect\n|move|p1b: Calyrex|Trick Room|p1b: Calyrex\n|-fieldstart|move: Trick Room|[of] p1b: Calyrex\n|\n|upkeep\n|turn|3\n|inactive|EllenJoe2026 has 30 seconds left.\n|inactive|EllenJoe2026 has 20 seconds left.\n|inactive|EllenJoe2026 has 15 seconds left.\n|inactive|EllenJoe2026 has 10 seconds left.\n|inactive|EllenJoe2026 has 5 seconds left.\n|\n|t:|1775625172\n|move|p1b: Calyrex|Glacial Lance|p2a: Calyrex|[spread] p2a,p2b\n|-supereffective|p2a: Calyrex\n|-resisted|p2b: Urshifu\n|-damage|p2a: Calyrex|0 fnt\n|-damage|p2b: Urshifu|29/100\n|faint|p2a: Calyrex\n|-ability|p1b: Calyrex|Chilling Neigh|boost\n|-boost|p1b: Calyrex|atk|1\n|move|p1a: Iron Bundle|Ice Beam|p2b: Urshifu\n|-resisted|p2b: Urshifu\n|-damage|p2b: Urshifu|0 fnt\n|faint|p2b: Urshifu\n|\n|upkeep\n|inactive|EllenJoe2026 has 30 seconds left.\n|inactive|EllenJoe2026 has 20 seconds left.\n|inactive|EllenJoe2026 has 15 seconds left.\n|inactive|EllenJoe2026 has 10 seconds left.\n|inactive|EllenJoe2026 has 5 seconds left.\n|\n|t:|1775625227\n|switch|p2a: Miraidon|Miraidon, L50, shiny|100/100\n|switch|p2b: Indeedee|Indeedee-F, L50, F, shiny|47/100\n|-fieldstart|move: Electric Terrain|[from] ability: Hadron Engine|[of] p2a: Miraidon\n|-activate|p1a: Iron Bundle|ability: Quark Drive\n|-start|p1a: Iron Bundle|quarkdrivespe\n|turn|4\n|inactive|EllenJoe2026 has 30 seconds left.\n|inactive|EllenJoe2026 has 20 seconds left.\n|inactive|EllenJoe2026 has 15 seconds left.\n|inactive|EllenJoe2026 has 10 seconds left.\n|inactive|EllenJoe2026 has 5 seconds left.\n|\n|t:|1775625282\n|-end|p1a: Iron Bundle|Quark Drive|[silent]\n|switch|p1a: Iron Hands|Iron Hands, L50|100/100\n|-activate|p1a: Iron Hands|ability: Quark Drive\n|-start|p1a: Iron Hands|quarkdriveatk\n|move|p1b: Calyrex|Protect|p1b: Calyrex\n|-singleturn|p1b: Calyrex|Protect\n|move|p2b: Indeedee|Follow Me|p2b: Indeedee\n|-singleturn|p2b: Indeedee|move: Follow Me\n|move|p2a: Miraidon|Electro Drift|p1a: Iron Hands\n|-resisted|p1a: Iron Hands\n|-damage|p1a: Iron Hands|68/100\n|\n|upkeep\n|turn|5\n|inactive|EllenJoe2026 has 30 seconds left.\n|inactive|EllenJoe2026 has 20 seconds left.\n|inactive|EllenJoe2026 has 15 seconds left.\n|inactive|EllenJoe2026 has 10 seconds left.\n|inactive|EllenJoe2026 has 5 seconds left.\n|\n|t:|1775625337\n|move|p1a: Iron Hands|Fake Out|p2a: Miraidon\n|-damage|p2a: Miraidon|79/100\n|move|p2b: Indeedee|Follow Me|p2b: Indeedee\n|-singleturn|p2b: Indeedee|move: Follow Me\n|move|p1b: Calyrex|Glacial Lance|p2a: Miraidon|[spread] p2a,p2b\n|-supereffective|p2a: Miraidon\n|-damage|p2a: Miraidon|0 fnt\n|-damage|p2b: Indeedee|0 fnt\n|faint|p2a: Miraidon\n|faint|p2b: Indeedee\n|\n|win|Bman3111\n|raw|Bman3111's rating: 1397 &rarr; <strong>1427</strong><br />(+30 for winning)\n|raw|EllenJoe2026's rating: 1584 &rarr; <strong>1554</strong><br />(-30 for losing)\n|l|\u2606Bman3111\n|player|p1|\n","uploadtime":1775625520,"views":10,"formatid":"gen9vgc2026regi","rating":1427,"private":0,"password":null}