{"id":"gen9vgc2026regi-2565473589","format":"[Gen 9] VGC 2026 Reg I","players":["sheeshshane925","Galact7adi"],"log":"|j|\u2606sheeshshane925\n|j|\u2606Galact7adi\n|t:|1774278393\n|gametype|doubles\n|player|p1|sheeshshane925|chuck|1464\n|player|p2|Galact7adi|2|1522\n|gen|9\n|tier|[Gen 9] VGC 2026 Reg I\n|rated|\n|rule|Species Clause: Limit one of each Pok\u00e9mon\n|rule|Item Clause: Limit 1 of each item\n|clearpoke\n|poke|p1|Calyrex-Ice, L50|\n|poke|p1|Miraidon, L50|\n|poke|p1|Farigiraf, L50, F|\n|poke|p1|Iron Hands, L50|\n|poke|p1|Scraggy, L50, M|\n|poke|p1|Iron Bundle, L50|\n|poke|p2|Miraidon, L50|\n|poke|p2|Incineroar, L50, M|\n|poke|p2|Lunala, L50|\n|poke|p2|Ursaluna, L50, M|\n|poke|p2|Urshifu-*, L50, M|\n|poke|p2|Whimsicott, L50, F|\n|teampreview|4\n|inactive|Battle timer is ON: inactive players will automatically lose when time's up. (requested by Galact7adi)\n|\n|t:|1774278419\n|teamsize|p1|4\n|teamsize|p2|4\n|start\n|switch|p1a: Miraidon|Miraidon, L50, shiny|100/100\n|switch|p1b: Iron Bundle|Iron Bundle, L50|100/100\n|switch|p2a: Incineroar|Incineroar, L50, M|100/100\n|switch|p2b: Miraidon|Miraidon, L50|100/100\n|-fieldstart|move: Electric Terrain|[from] ability: Hadron Engine|[of] p2b: Miraidon\n|-activate|p1b: Iron Bundle|ability: Quark Drive\n|-start|p1b: Iron Bundle|quarkdrivespe\n|-activate|p1a: Miraidon|ability: Hadron Engine\n|-ability|p2a: Incineroar|Intimidate|boost\n|-unboost|p1a: Miraidon|atk|1\n|-unboost|p1b: Iron Bundle|atk|1\n|turn|1\n|\n|t:|1774278428\n|-terastallize|p2b: Miraidon|Electric\n|move|p1b: Iron Bundle|Protect|p1b: Iron Bundle\n|-singleturn|p1b: Iron Bundle|Protect\n|move|p1a: Miraidon|Protect|p1a: Miraidon\n|-singleturn|p1a: Miraidon|Protect\n|move|p2a: Incineroar|Fake Out|p1a: Miraidon\n|-activate|p1a: Miraidon|move: Protect\n|move|p2b: Miraidon|Volt Switch|p1b: Iron Bundle\n|-activate|p1b: Iron Bundle|move: Protect\n|\n|upkeep\n|turn|2\n|inactive|sheeshshane925 has 30 seconds left.\n|inactive|Galact7adi has 30 seconds left.\n|\n|t:|1774278461\n|switch|p2a: Ursaluna|Ursaluna, L50, M|100/100\n|move|p1b: Iron Bundle|Icy Wind|p2a: Ursaluna|[spread] p2a,p2b\n|-supereffective|p2a: Ursaluna\n|-crit|p2a: Ursaluna\n|-damage|p2a: Ursaluna|49/100\n|-damage|p2b: Miraidon|83/100\n|-unboost|p2a: Ursaluna|spe|1\n|-unboost|p2b: Miraidon|spe|1\n|move|p2b: Miraidon|Volt Switch|p1b: Iron Bundle\n|-supereffective|p1b: Iron Bundle\n|-crit|p1b: Iron Bundle\n|-enditem|p1b: Iron Bundle|Focus Sash\n|-damage|p1b: Iron Bundle|1/100\n|\n|t:|1774278469\n|switch|p2b: Incineroar|Incineroar, L50, M|100/100|[from] Volt Switch\n|-ability|p2b: Incineroar|Intimidate|boost\n|-unboost|p1a: Miraidon|atk|1\n|-unboost|p1b: Iron Bundle|atk|1\n|move|p1a: Miraidon|Electro Drift|p2a: Ursaluna\n|-immune|p2a: Ursaluna\n|\n|-status|p2a: Ursaluna|brn|[from] item: Flame Orb\n|upkeep\n|turn|3\n|\n|t:|1774278485\n|switch|p2a: Lunala|Lunala, L50|100/100\n|-enditem|p2a: Lunala|Electric Seed\n|-boost|p2a: Lunala|def|1|[from] item: Electric Seed\n|move|p1b: Iron Bundle|Protect|p1b: Iron Bundle\n|-singleturn|p1b: Iron Bundle|Protect\n|move|p1a: Miraidon|Protect|p1a: Miraidon\n|-singleturn|p1a: Miraidon|Protect\n|move|p2b: Incineroar|Fake Out|p1a: Miraidon\n|-activate|p1a: Miraidon|move: Protect\n|\n|upkeep\n|turn|4\n|\n|t:|1774278498\n|move|p1b: Iron Bundle|Freeze-Dry|p2a: Lunala\n|-crit|p2a: Lunala\n|-damage|p2a: Lunala|81/100\n|move|p1a: Miraidon|Electro Drift|p2a: Lunala\n|-damage|p2a: Lunala|0 fnt\n|faint|p2a: Lunala\n|-damage|p1a: Miraidon|91/100|[from] item: Life Orb\n|move|p2b: Incineroar|Knock Off|p1a: Miraidon\n|-damage|p1a: Miraidon|60/100\n|-enditem|p1a: Miraidon|Life Orb|[from] move: Knock Off|[of] p2b: Incineroar\n|\n|upkeep\n|\n|t:|1774278504\n|switch|p2a: Ursaluna|Ursaluna, L50, M|49/100 brn\n|turn|5\n|\n|t:|1774278517\n|move|p1b: Iron Bundle|Protect|p1b: Iron Bundle\n|-singleturn|p1b: Iron Bundle|Protect\n|move|p1a: Miraidon|Protect|p1a: Miraidon\n|-singleturn|p1a: Miraidon|Protect\n|move|p2b: Incineroar|U-turn|p1b: Iron Bundle\n|-activate|p1b: Iron Bundle|move: Protect\n|move|p2a: Ursaluna|Facade|p1a: Miraidon\n|-activate|p1a: Miraidon|move: Protect\n|\n|-damage|p2a: Ursaluna|44/100 brn|[from] brn\n|-fieldend|move: Electric Terrain\n|-end|p1b: Iron Bundle|Quark Drive\n|upkeep\n|turn|6\n|inactive|sheeshshane925 has 30 seconds left.\n|\n|t:|1774278547\n|move|p1b: Iron Bundle|Freeze-Dry|p2a: Ursaluna\n|-supereffective|p2a: Ursaluna\n|-damage|p2a: Ursaluna|0 fnt\n|faint|p2a: Ursaluna\n|move|p1a: Miraidon|Electro Drift|p2b: Incineroar\n|-damage|p2b: Incineroar|64/100\n|move|p2b: Incineroar|U-turn|p1b: Iron Bundle\n|-damage|p1b: Iron Bundle|0 fnt\n|faint|p1b: Iron Bundle\n|-end|p1b: Iron Bundle|Quark Drive|[silent]\n|\n|t:|1774278549\n|switch|p2b: Miraidon|Miraidon, L50, tera:Electric|83/100|[from] U-turn\n|-fieldstart|move: Electric Terrain|[from] ability: Hadron Engine|[of] p2b: Miraidon\n|\n|upkeep\n|\n|t:|1774278554\n|switch|p1b: Calyrex|Calyrex-Ice, L50|100/100\n|switch|p2a: Incineroar|Incineroar, L50, M|64/100\n|-ability|p1b: Calyrex|As One\n|-ability|p1b: Calyrex|Unnerve\n|-ability|p2a: Incineroar|Intimidate|boost\n|-unboost|p1a: Miraidon|atk|1\n|-fail|p1b: Calyrex|unboost|[from] item: Clear Amulet|[of] p1b: Calyrex\n|turn|7\n|inactive|Galact7adi has 30 seconds left.\n|\n|t:|1774278587\n|move|p1b: Calyrex|Protect|p1b: Calyrex\n|-singleturn|p1b: Calyrex|Protect\n|move|p2a: Incineroar|Fake Out|p1b: Calyrex\n|-activate|p1b: Calyrex|move: Protect\n|move|p2b: Miraidon|Electro Drift|p1a: Miraidon\n|-resisted|p1a: Miraidon\n|-damage|p1a: Miraidon|36/100\n|move|p1a: Miraidon|Electro Drift|p2a: Incineroar\n|-damage|p2a: Incineroar|8/100\n|\n|upkeep\n|turn|8\n|inactive|sheeshshane925 has 30 seconds left.\n|\n|t:|1774278620\n|switch|p1b: Scraggy|Scraggy, L50, M|100/100\n|-ability|p1b: Scraggy|Intimidate|boost\n|-unboost|p2a: Incineroar|atk|1\n|-unboost|p2b: Miraidon|atk|1\n|move|p2b: Miraidon|Electro Drift|p1b: Scraggy\n|-damage|p1b: Scraggy|0 fnt\n|faint|p1b: Scraggy\n|move|p1a: Miraidon|Dazzling Gleam|p2b: Miraidon|[spread] p2a,p2b\n|-damage|p2a: Incineroar|0 fnt\n|-damage|p2b: Miraidon|59/100\n|faint|p2a: Incineroar\n|\n|upkeep\n|\n|t:|1774278627\n|switch|p1b: Calyrex|Calyrex-Ice, L50|100/100\n|-ability|p1b: Calyrex|As One\n|-ability|p1b: Calyrex|Unnerve\n|turn|9\n|\n|t:|1774278641\n|move|p1b: Calyrex|Protect|p1b: Calyrex\n|-singleturn|p1b: Calyrex|Protect\n|move|p2b: Miraidon|Electro Drift|p1b: Calyrex\n|-activate|p1b: Calyrex|move: Protect\n|move|p1a: Miraidon|Dazzling Gleam|p2b: Miraidon\n|-damage|p2b: Miraidon|25/100\n|\n|upkeep\n|turn|10\n|-message|Galact7adi forfeited.\n|\n|win|sheeshshane925\n|raw|sheeshshane925's rating: 1464 &rarr; <strong>1487</strong><br />(+23 for winning)\n|raw|Galact7adi's rating: 1522 &rarr; <strong>1499</strong><br />(-23 for losing)\n|l|\u2606Galact7adi\n|player|p2|\n|l|\u2606sheeshshane925\n|player|p1|\n","uploadtime":1774278858,"views":12,"formatid":"gen9vgc2026regi","rating":1487,"private":0,"password":null}