{"id":"gen9vgc2026regi-2534523046","format":"[Gen 9] VGC 2026 Reg I","players":["renan.tony","fogdocker"],"log":"|j|\u2606renan.tony\n|j|\u2606fogdocker\n|t:|1770431995\n|gametype|doubles\n|player|p1|renan.tony|lance|1380\n|player|p2|fogdocker|265|1424\n|gen|9\n|tier|[Gen 9] VGC 2026 Reg I\n|rated|\n|rule|Species Clause: Limit one of each Pok\u00e9mon\n|rule|Item Clause: Limit 1 of each item\n|clearpoke\n|poke|p1|Whimsicott, L50, M|\n|poke|p1|Miraidon, L50|\n|poke|p1|Ho-Oh, L50|\n|poke|p1|Incineroar, L50, M|\n|poke|p1|Farigiraf, L50, M|\n|poke|p1|Dragonite, L50, M|\n|poke|p2|Koraidon, L50|\n|poke|p2|Flutter Mane, L50|\n|poke|p2|Calyrex-Ice, L50|\n|poke|p2|Incineroar, L50, F|\n|poke|p2|Rillaboom, L50, F|\n|poke|p2|Amoonguss, L50, F|\n|teampreview|4\n|inactive|Battle timer is ON: inactive players will automatically lose when time's up. (requested by renan.tony)\n|\n|t:|1770432018\n|teamsize|p1|4\n|teamsize|p2|4\n|start\n|switch|p1a: Miraidon|Miraidon, L50|100/100\n|switch|p1b: Ho-Oh|Ho-Oh, L50|100/100\n|switch|p2a: Koraidon|Koraidon, L50|100/100\n|switch|p2b: Flutter Mane|Flutter Mane, L50|100/100\n|-fieldstart|move: Electric Terrain|[from] ability: Hadron Engine|[of] p1a: Miraidon\n|-weather|SunnyDay|[from] ability: Orichalcum Pulse|[of] p2a: Koraidon\n|-activate|p2b: Flutter Mane|ability: Protosynthesis\n|-start|p2b: Flutter Mane|protosynthesisspe\n|-activate|p2a: Koraidon|Orichalcum Pulse|[source]\n|turn|1\n|\n|t:|1770432035\n|move|p1a: Miraidon|Protect|p1a: Miraidon\n|-singleturn|p1a: Miraidon|Protect\n|move|p2b: Flutter Mane|Moonblast|p1a: Miraidon\n|-activate|p1a: Miraidon|move: Protect\n|move|p2a: Koraidon|Close Combat|p1a: Miraidon\n|-activate|p1a: Miraidon|move: Protect\n|move|p1b: Ho-Oh|Brave Bird|p2a: Koraidon\n|-supereffective|p2a: Koraidon\n|-damage|p2a: Koraidon|0 fnt\n|faint|p2a: Koraidon\n|-damage|p1b: Ho-Oh|69/100|[from] Recoil\n|-damage|p1b: Ho-Oh|59/100|[from] item: Life Orb\n|\n|-weather|SunnyDay|[upkeep]\n|upkeep\n|\n|t:|1770432047\n|switch|p2a: Calyrex|Calyrex-Ice, L50|100/100\n|-ability|p2a: Calyrex|As One\n|-ability|p2a: Calyrex|Unnerve\n|turn|2\n|\n|t:|1770432058\n|-terastallize|p1a: Miraidon|Electric\n|move|p2a: Calyrex|Protect|p2a: Calyrex\n|-singleturn|p2a: Calyrex|Protect\n|move|p2b: Flutter Mane|Moonblast|p1a: Miraidon\n|-damage|p1a: Miraidon|57/100\n|move|p1a: Miraidon|Electro Drift|p2a: Calyrex\n|-activate|p2a: Calyrex|move: Protect\n|move|p1b: Ho-Oh|Sacred Fire|p2a: Calyrex\n|-activate|p2a: Calyrex|move: Protect\n|\n|-weather|SunnyDay|[upkeep]\n|upkeep\n|turn|3\n|inactive|fogdocker has 30 seconds left.\n|\n|t:|1770432085\n|switch|p2a: Rillaboom|Rillaboom, L50, F|100/100\n|-fieldstart|move: Grassy Terrain|[from] ability: Grassy Surge|[of] p2a: Rillaboom\n|move|p2b: Flutter Mane|Moonblast|p1a: Miraidon\n|-damage|p1a: Miraidon|14/100\n|move|p1a: Miraidon|Electro Drift|p2a: Rillaboom\n|-resisted|p2a: Rillaboom\n|-damage|p2a: Rillaboom|72/100\n|move|p1b: Ho-Oh|Sacred Fire|p2a: Rillaboom\n|-supereffective|p2a: Rillaboom\n|-damage|p2a: Rillaboom|0 fnt\n|faint|p2a: Rillaboom\n|-damage|p1b: Ho-Oh|49/100|[from] item: Life Orb\n|\n|-weather|SunnyDay|[upkeep]\n|-heal|p1a: Miraidon|19/100|[from] Grassy Terrain\n|upkeep\n|\n|t:|1770432098\n|switch|p2a: Calyrex|Calyrex-Ice, L50|100/100\n|-ability|p2a: Calyrex|As One\n|-ability|p2a: Calyrex|Unnerve\n|turn|4\n|\n|t:|1770432106\n|-terastallize|p2a: Calyrex|Water\n|move|p1a: Miraidon|Protect|p1a: Miraidon\n|-singleturn|p1a: Miraidon|Protect\n|move|p2b: Flutter Mane|Moonblast|p1a: Miraidon\n|-activate|p1a: Miraidon|move: Protect\n|move|p1b: Ho-Oh|Sacred Fire|p2b: Flutter Mane\n|-enditem|p2b: Flutter Mane|Focus Sash\n|-damage|p2b: Flutter Mane|1/100\n|-damage|p1b: Ho-Oh|39/100|[from] item: Life Orb\n|move|p2a: Calyrex|Trick Room|p2a: Calyrex\n|-fieldstart|move: Trick Room|[of] p2a: Calyrex\n|\n|-weather|SunnyDay|[upkeep]\n|-heal|p1a: Miraidon|25/100|[from] Grassy Terrain\n|-heal|p2b: Flutter Mane|7/100|[from] Grassy Terrain\n|upkeep\n|turn|5\n|j| lunala fairy ghost\n|\n|t:|1770432125\n|switch|p1a: Farigiraf|Farigiraf, L50, M|100/100\n|move|p1b: Ho-Oh|Protect|p1b: Ho-Oh\n|-singleturn|p1b: Ho-Oh|Protect\n|move|p2a: Calyrex|Glacial Lance|p1b: Ho-Oh|[spread] p1a\n|-activate|p1b: Ho-Oh|move: Protect\n|-damage|p1a: Farigiraf|56/100\n|move|p2b: Flutter Mane|Shadow Ball|p1b: Ho-Oh\n|-activate|p1b: Ho-Oh|move: Protect\n|\n|-weather|none\n|-end|p2b: Flutter Mane|Protosynthesis\n|-heal|p1a: Farigiraf|62/100|[from] Grassy Terrain\n|-heal|p1a: Farigiraf|68/100|[from] item: Leftovers\n|-heal|p2b: Flutter Mane|13/100|[from] Grassy Terrain\n|upkeep\n|turn|6\n|\n|t:|1770432146\n|move|p1b: Ho-Oh|Protect|p1b: Ho-Oh\n|-singleturn|p1b: Ho-Oh|Protect\n|move|p2a: Calyrex|Glacial Lance|p1a: Farigiraf|[spread] p1a\n|-activate|p1b: Ho-Oh|move: Protect\n|-damage|p1a: Farigiraf|25/100\n|move|p1a: Farigiraf|Psychic|p2b: Flutter Mane\n|-damage|p2b: Flutter Mane|0 fnt\n|faint|p2b: Flutter Mane\n|-end|p2b: Flutter Mane|Protosynthesis|[silent]\n|\n|-heal|p1a: Farigiraf|31/100|[from] Grassy Terrain\n|-heal|p1a: Farigiraf|37/100|[from] item: Leftovers\n|upkeep\n|turn|7\n|\n|t:|1770432159\n|switch|p1b: Dragonite|Dragonite, L50, M|100/100\n|move|p1a: Farigiraf|Protect|p1a: Farigiraf\n|-singleturn|p1a: Farigiraf|Protect\n|move|p2a: Calyrex|Glacial Lance|p1a: Farigiraf|[spread] p1b\n|-activate|p1a: Farigiraf|move: Protect\n|-supereffective|p1b: Dragonite\n|-damage|p1b: Dragonite|0 fnt\n|faint|p1b: Dragonite\n|-ability|p2a: Calyrex|Chilling Neigh|boost\n|-boost|p2a: Calyrex|atk|1\n|\n|-heal|p1a: Farigiraf|43/100|[from] Grassy Terrain\n|-heal|p1a: Farigiraf|49/100|[from] item: Leftovers\n|-fieldend|move: Grassy Terrain\n|upkeep\n|\n|t:|1770432173\n|switch|p1b: Ho-Oh|Ho-Oh, L50|72/100\n|turn|8\n|\n|t:|1770432179\n|move|p1b: Ho-Oh|Protect|p1b: Ho-Oh\n|-singleturn|p1b: Ho-Oh|Protect\n|move|p2a: Calyrex|Leech Seed|p1b: Ho-Oh\n|-activate|p1b: Ho-Oh|move: Protect\n|move|p1a: Farigiraf|Imprison|p1a: Farigiraf\n|-start|p1a: Farigiraf|move: Imprison\n|\n|-heal|p1a: Farigiraf|56/100|[from] item: Leftovers\n|-fieldend|move: Trick Room\n|upkeep\n|turn|9\n|c|\u2606renan.tony|gg\n|\n|t:|1770432191\n|move|p1a: Farigiraf|Protect|p1a: Farigiraf\n|-singleturn|p1a: Farigiraf|Protect\n|move|p1b: Ho-Oh|Sacred Fire|p2a: Calyrex\n|-resisted|p2a: Calyrex\n|-damage|p2a: Calyrex|79/100\n|-damage|p1b: Ho-Oh|62/100|[from] item: Life Orb\n|move|p2a: Calyrex|Leech Seed|p1a: Farigiraf\n|-activate|p1a: Farigiraf|move: Protect\n|\n|-heal|p1a: Farigiraf|62/100|[from] item: Leftovers\n|-heal|p2a: Calyrex|85/100|[from] item: Leftovers\n|upkeep\n|turn|10\n|\n|t:|1770432204\n|move|p1b: Ho-Oh|Sacred Fire|p2a: Calyrex\n|-resisted|p2a: Calyrex\n|-damage|p2a: Calyrex|66/100\n|-status|p2a: Calyrex|brn\n|-damage|p1b: Ho-Oh|52/100|[from] item: Life Orb\n|move|p1a: Farigiraf|Psychic|p2a: Calyrex\n|-damage|p2a: Calyrex|47/100 brn\n|move|p2a: Calyrex|Leech Seed|p1a: Farigiraf\n|-start|p1a: Farigiraf|move: Leech Seed\n|\n|-heal|p1a: Farigiraf|68/100|[from] item: Leftovers\n|-heal|p2a: Calyrex|53/100 brn|[from] item: Leftovers\n|-damage|p1a: Farigiraf|56/100|[from] Leech Seed|[of] p2a: Calyrex\n|-heal|p2a: Calyrex|65/100 brn|[silent]\n|-damage|p2a: Calyrex|59/100 brn|[from] brn\n|upkeep\n|turn|11\n|\n|t:|1770432223\n|move|p1b: Ho-Oh|Brave Bird|p2a: Calyrex\n|-crit|p2a: Calyrex\n|-damage|p2a: Calyrex|0 fnt\n|faint|p2a: Calyrex\n|-damage|p1b: Ho-Oh|30/100|[from] Recoil\n|-damage|p1b: Ho-Oh|20/100|[from] item: Life Orb\n|\n|win|renan.tony\n|raw|renan.tony's rating: 1380 &rarr; <strong>1403</strong><br />(+23 for winning)\n|raw|fogdocker's rating: 1424 &rarr; <strong>1401</strong><br />(-23 for losing)\n|l|\u2606renan.tony\n|player|p1|\n|l|\u2606fogdocker\n|player|p2|\n|l| lunala fairy ghost\n","uploadtime":1770432456,"views":22,"formatid":"gen9vgc2026regi","rating":1401,"private":0,"password":null}