{"id":"gen9vgc2026regi-2581907053","format":"[Gen 9] VGC 2026 Reg I","players":["castiel123","Zkprep"],"log":"|j|\u2606castiel123\n|j|\u2606Zkprep\n|t:|1776038637\n|gametype|doubles\n|player|p1|castiel123|101|1416\n|player|p2|Zkprep|2|1398\n|gen|9\n|tier|[Gen 9] VGC 2026 Reg I\n|rated|\n|rule|Species Clause: Limit one of each Pok\u00e9mon\n|rule|Item Clause: Limit 1 of each item\n|clearpoke\n|poke|p1|Zamazenta-*, L50|\n|poke|p1|Terapagos, L50, M|\n|poke|p1|Whimsicott, L50, M|\n|poke|p1|Indeedee, L50, M|\n|poke|p1|Flutter Mane, L50|\n|poke|p1|Annihilape, L50, F|\n|poke|p2|Calyrex-Shadow, L50|\n|poke|p2|Miraidon, L50|\n|poke|p2|Whimsicott, L50, M|\n|poke|p2|Chien-Pao, L50|\n|poke|p2|Heatran, L50, M|\n|poke|p2|Ogerpon-Wellspring, L50, F|\n|teampreview|4\n|\n|t:|1776038673\n|teamsize|p1|4\n|teamsize|p2|4\n|start\n|switch|p1a: Flutter Mane|Flutter Mane, L50|100/100\n|switch|p1b: Annihilape|Annihilape, L50, F|100/100\n|switch|p2a: Calyrex|Calyrex-Shadow, L50|100/100\n|switch|p2b: Whimsicott|Whimsicott, L50, M|100/100\n|-ability|p2a: Calyrex|As One\n|-ability|p2a: Calyrex|Unnerve\n|-enditem|p1a: Flutter Mane|Booster Energy\n|-activate|p1a: Flutter Mane|ability: Protosynthesis|[fromitem]\n|-start|p1a: Flutter Mane|protosynthesisspe\n|turn|1\n|\n|t:|1776038691\n|move|p2a: Calyrex|Protect|p2a: Calyrex\n|-singleturn|p2a: Calyrex|Protect\n|move|p2b: Whimsicott|Tailwind|p2b: Whimsicott\n|-sidestart|p2: Zkprep|move: Tailwind\n|move|p1a: Flutter Mane|Icy Wind|p2a: Calyrex|[spread] p2b\n|-activate|p2a: Calyrex|move: Protect\n|-supereffective|p2b: Whimsicott\n|-damage|p2b: Whimsicott|58/100\n|move|p1b: Annihilape|Rage Fist|p2a: Calyrex\n|-activate|p2a: Calyrex|move: Protect\n|\n|upkeep\n|turn|2\n|\n|t:|1776038725\n|switch|p1b: Terapagos|Terapagos, L50, M|100/100\n|-activate|p1b: Terapagos|ability: Tera Shift\n|detailschange|p1b: Terapagos|Terapagos-Terastal, L50, M\n|-heal|p1b: Terapagos|100/100|[silent]\n|-terastallize|p1a: Flutter Mane|Normal\n|move|p2a: Calyrex|Astral Barrage|p1a: Flutter Mane|[spread] \n|-immune|p1a: Flutter Mane\n|-immune|p1b: Terapagos\n|move|p2b: Whimsicott|Moonblast|p1b: Terapagos\n|-activate|p1b: Terapagos|ability: Tera Shell\n|-resisted|p1b: Terapagos\n|-damage|p1b: Terapagos|90/100\n|move|p1a: Flutter Mane|Icy Wind|p2a: Calyrex|[spread] p2a,p2b\n|-supereffective|p2b: Whimsicott\n|-damage|p2a: Calyrex|87/100\n|-damage|p2b: Whimsicott|11/100\n|-unboost|p2a: Calyrex|spe|1\n|\n|-heal|p1b: Terapagos|96/100|[from] item: Leftovers\n|upkeep\n|turn|3\n|\n|t:|1776038755\n|-terastallize|p2a: Calyrex|Fighting\n|move|p2b: Whimsicott|Fake Tears|p1b: Terapagos\n|-unboost|p1b: Terapagos|spd|2\n|move|p1a: Flutter Mane|Icy Wind|p2a: Calyrex|[spread] p2a,p2b\n|-supereffective|p2b: Whimsicott\n|-damage|p2a: Calyrex|72/100\n|-damage|p2b: Whimsicott|0 fnt\n|-unboost|p2a: Calyrex|spe|1\n|faint|p2b: Whimsicott\n|move|p2a: Calyrex|Tera Blast|p1b: Terapagos|[anim] Tera Blast Fighting\n|-supereffective|p1b: Terapagos\n|-damage|p1b: Terapagos|0 fnt\n|faint|p1b: Terapagos\n|-ability|p2a: Calyrex|Grim Neigh|boost\n|-boost|p2a: Calyrex|spa|1\n|\n|upkeep\n|\n|t:|1776038778\n|switch|p2b: Chien-Pao|Chien-Pao, L50|100/100\n|switch|p1b: Annihilape|Annihilape, L50, F|100/100\n|-ability|p2b: Chien-Pao|Sword of Ruin\n|turn|4\n|\n|t:|1776038824\n|switch|p2a: Miraidon|Miraidon, L50|100/100\n|-fieldstart|move: Electric Terrain|[from] ability: Hadron Engine|[of] p2a: Miraidon\n|move|p2b: Chien-Pao|Crunch|p1b: Annihilape\n|-damage|p1b: Annihilape|41/100\n|move|p1a: Flutter Mane|Moonblast|p2b: Chien-Pao\n|-supereffective|p2b: Chien-Pao\n|-damage|p2b: Chien-Pao|0 fnt\n|faint|p2b: Chien-Pao\n|move|p1b: Annihilape|Final Gambit|p2a: Miraidon\n|-damage|p2a: Miraidon|51/100\n|faint|p1b: Annihilape\n|\n|-sideend|p2: Zkprep|move: Tailwind\n|upkeep\n|\n|t:|1776038840\n|switch|p2b: Calyrex|Calyrex-Shadow, L50, tera:Fighting|72/100\n|switch|p1b: Zamazenta|Zamazenta-Crowned, L50|100/100\n|-ability|p2b: Calyrex|As One\n|-ability|p2b: Calyrex|Unnerve\n|-ability|p1b: Zamazenta|Dauntless Shield|boost\n|-boost|p1b: Zamazenta|def|1\n|turn|5\n|\n|t:|1776038886\n|move|p2b: Calyrex|Protect|p2b: Calyrex\n|-singleturn|p2b: Calyrex|Protect\n|move|p1a: Flutter Mane|Moonblast|p2a: Miraidon\n|-supereffective|p2a: Miraidon\n|-damage|p2a: Miraidon|0 fnt\n|faint|p2a: Miraidon\n|move|p1b: Zamazenta|Body Press|p2b: Calyrex\n|-activate|p2b: Calyrex|move: Protect\n|\n|upkeep\n|turn|6\n|-message|Zkprep forfeited.\n|\n|win|castiel123\n|raw|castiel123's rating: 1416 &rarr; <strong>1435</strong><br />(+19 for winning)\n|raw|Zkprep's rating: 1398 &rarr; <strong>1379</strong><br />(-19 for losing)\n|l|\u2606Zkprep\n|player|p2|\n|l|\u2606castiel123\n|player|p1|\n","uploadtime":1776039094,"views":9,"formatid":"gen9vgc2026regi","rating":1379,"private":0,"password":null}