{"id":"gen9vgc2026regi-2525889665","format":"[Gen 9] VGC 2026 Reg I","players":["ice spice rider","kojimuranishi"],"log":"|j|\u2606ice spice rider\n|j|\u2606kojimuranishi\n|t:|1769346706\n|gametype|doubles\n|player|p1|ice spice rider|169|1354\n|player|p2|kojimuranishi|266|1399\n|gen|9\n|tier|[Gen 9] VGC 2026 Reg I\n|rated|\n|rule|Species Clause: Limit one of each Pok\u00e9mon\n|rule|Item Clause: Limit 1 of each item\n|clearpoke\n|poke|p1|Calyrex-Shadow, L50|\n|poke|p1|Zamazenta-*, L50|\n|poke|p1|Ting-Lu, L50|\n|poke|p1|Dondozo, L50, F|\n|poke|p1|Chien-Pao, L50|\n|poke|p1|Ogerpon-Hearthflame, L50, F|\n|poke|p2|Zamazenta-*, L50|\n|poke|p2|Lunala, L50|\n|poke|p2|Chien-Pao, L50|\n|poke|p2|Torkoal, L50, F|\n|poke|p2|Landorus, L50, M|\n|poke|p2|Urshifu-*, L50, F|\n|teampreview|4\n|inactive|Battle timer is ON: inactive players will automatically lose when time's up. (requested by kojimuranishi)\n|inactive|kojimuranishi has 60 seconds left.\n|\n|t:|1769346742\n|teamsize|p1|4\n|teamsize|p2|4\n|start\n|switch|p1a: Jordan 96/97|Ting-Lu, L50|100/100\n|switch|p1b: Ivan Karamazov|Dondozo, L50, F|100/100\n|switch|p2a: Urshifu|Urshifu-Rapid-Strike, L50, F|100/100\n|switch|p2b: Landorus|Landorus, L50, M|100/100\n|-ability|p1a: Jordan 96/97|Vessel of Ruin\n|turn|1\n|\n|t:|1769346754\n|-terastallize|p1a: Jordan 96/97|Fairy\n|move|p2b: Landorus|Sandsear Storm|p1a: Jordan 96/97|[spread] p1a,p1b\n|-damage|p1a: Jordan 96/97|74/100\n|-damage|p1b: Ivan Karamazov|72/100\n|move|p2a: Urshifu|Surging Strikes|p1a: Jordan 96/97\n|-crit|p1a: Jordan 96/97\n|-damage|p1a: Jordan 96/97|64/100\n|-damage|p2a: Urshifu|84/100|[from] item: Rocky Helmet|[of] p1a: Jordan 96/97\n|-crit|p1a: Jordan 96/97\n|-damage|p1a: Jordan 96/97|52/100\n|-damage|p2a: Urshifu|68/100|[from] item: Rocky Helmet|[of] p1a: Jordan 96/97\n|-crit|p1a: Jordan 96/97\n|-damage|p1a: Jordan 96/97|39/100\n|-damage|p2a: Urshifu|51/100|[from] item: Rocky Helmet|[of] p1a: Jordan 96/97\n|-hitcount|p1a: Jordan 96/97|3\n|move|p1a: Jordan 96/97|Sand Tomb|p2a: Urshifu\n|-damage|p2a: Urshifu|39/100\n|-activate|p2a: Urshifu|move: Sand Tomb|[of] p1a: Jordan 96/97\n|move|p1b: Ivan Karamazov|Yawn|p2b: Landorus\n|-start|p2b: Landorus|move: Yawn|[of] p1b: Ivan Karamazov\n|\n|-heal|p1b: Ivan Karamazov|79/100|[from] item: Leftovers\n|-damage|p2a: Urshifu|26/100|[from] move: Sand Tomb|[partiallytrapped]\n|upkeep\n|turn|2\n|inactive|kojimuranishi has 30 seconds left.\n|inactive|kojimuranishi has 20 seconds left.\n|inactive|kojimuranishi has 15 seconds left.\n|inactive|kojimuranishi has 10 seconds left.\n|\n|t:|1769346804\n|switch|p2b: Chien-Pao|Chien-Pao, L50|100/100\n|-ability|p2b: Chien-Pao|Sword of Ruin\n|move|p2a: Urshifu|Surging Strikes|p1b: Ivan Karamazov\n|-resisted|p1b: Ivan Karamazov\n|-crit|p1b: Ivan Karamazov\n|-damage|p1b: Ivan Karamazov|70/100\n|-resisted|p1b: Ivan Karamazov\n|-crit|p1b: Ivan Karamazov\n|-damage|p1b: Ivan Karamazov|62/100\n|-resisted|p1b: Ivan Karamazov\n|-crit|p1b: Ivan Karamazov\n|-damage|p1b: Ivan Karamazov|53/100\n|-hitcount|p1b: Ivan Karamazov|3\n|move|p1a: Jordan 96/97|Stealth Rock|p2a: Urshifu\n|-sidestart|p2: kojimuranishi|move: Stealth Rock\n|move|p1b: Ivan Karamazov|Yawn|p2b: Chien-Pao\n|-start|p2b: Chien-Pao|move: Yawn|[of] p1b: Ivan Karamazov\n|\n|-heal|p1b: Ivan Karamazov|59/100|[from] item: Leftovers\n|-damage|p2a: Urshifu|14/100|[from] move: Sand Tomb|[partiallytrapped]\n|upkeep\n|turn|3\n|inactive|kojimuranishi has 30 seconds left.\n|\n|t:|1769346838\n|switch|p2b: Landorus|Landorus, L50, M|100/100\n|-damage|p2b: Landorus|88/100|[from] Stealth Rock\n|move|p2a: Urshifu|Surging Strikes|p1b: Ivan Karamazov\n|-resisted|p1b: Ivan Karamazov\n|-crit|p1b: Ivan Karamazov\n|-damage|p1b: Ivan Karamazov|52/100\n|-resisted|p1b: Ivan Karamazov\n|-crit|p1b: Ivan Karamazov\n|-damage|p1b: Ivan Karamazov|46/100\n|-resisted|p1b: Ivan Karamazov\n|-crit|p1b: Ivan Karamazov\n|-damage|p1b: Ivan Karamazov|39/100\n|-hitcount|p1b: Ivan Karamazov|3\n|move|p1a: Jordan 96/97|Ruination|p2b: Landorus\n|-damage|p2b: Landorus|45/100\n|move|p1b: Ivan Karamazov|Wave Crash|p2a: Urshifu\n|-resisted|p2a: Urshifu\n|-damage|p2a: Urshifu|0 fnt\n|faint|p2a: Urshifu\n|-damage|p1b: Ivan Karamazov|36/100|[from] Recoil\n|\n|-heal|p1b: Ivan Karamazov|43/100|[from] item: Leftovers\n|upkeep\n|\n|t:|1769346861\n|switch|p2a: Chien-Pao|Chien-Pao, L50|100/100\n|-damage|p2a: Chien-Pao|75/100|[from] Stealth Rock\n|-ability|p2a: Chien-Pao|Sword of Ruin\n|turn|4\n|inactive|ice spice rider has 30 seconds left.\n|\n|t:|1769346895\n|move|p2b: Landorus|Earth Power|p1b: Ivan Karamazov\n|-damage|p1b: Ivan Karamazov|11/100\n|move|p2a: Chien-Pao|Ice Spinner|p1a: Jordan 96/97\n|-damage|p1a: Jordan 96/97|4/100\n|-damage|p2a: Chien-Pao|59/100|[from] item: Rocky Helmet|[of] p1a: Jordan 96/97\n|-damage|p2a: Chien-Pao|49/100|[from] item: Life Orb\n|move|p1a: Jordan 96/97|Sand Tomb|p2a: Chien-Pao\n|-damage|p2a: Chien-Pao|30/100\n|-activate|p2a: Chien-Pao|move: Sand Tomb|[of] p1a: Jordan 96/97\n|move|p1b: Ivan Karamazov|Wave Crash|p2a: Chien-Pao\n|-damage|p2a: Chien-Pao|0 fnt\n|faint|p2a: Chien-Pao\n|-damage|p1b: Ivan Karamazov|5/100|[from] Recoil\n|\n|-heal|p1b: Ivan Karamazov|11/100|[from] item: Leftovers\n|upkeep\n|\n|t:|1769346913\n|switch|p2a: Zamazenta|Zamazenta-Crowned, L50|100/100\n|-damage|p2a: Zamazenta|97/100|[from] Stealth Rock\n|-ability|p2a: Zamazenta|Dauntless Shield|boost\n|-boost|p2a: Zamazenta|def|1\n|turn|5\n|inactive|ice spice rider has 30 seconds left.\n|\n|t:|1769346942\n|move|p2b: Landorus|Earth Power|p1b: Ivan Karamazov\n|-damage|p1b: Ivan Karamazov|0 fnt\n|faint|p1b: Ivan Karamazov\n|move|p2a: Zamazenta|Iron Defense|p2a: Zamazenta\n|-boost|p2a: Zamazenta|def|2\n|move|p1a: Jordan 96/97|Ruination|p2a: Zamazenta\n|-damage|p2a: Zamazenta|49/100\n|\n|upkeep\n|\n|t:|1769346949\n|switch|p1b: 221 speed|Calyrex-Shadow, L50|100/100\n|-ability|p1b: 221 speed|As One\n|-ability|p1b: 221 speed|Unnerve\n|turn|6\n|\n|t:|1769346959\n|move|p2a: Zamazenta|Wide Guard|p2a: Zamazenta\n|-singleturn|p2a: Zamazenta|Wide Guard\n|move|p2b: Landorus|Earth Power|p1b: 221 speed\n|-damage|p1b: 221 speed|54/100\n|move|p1b: 221 speed|Psychic|p2b: Landorus\n|-damage|p2b: Landorus|0 fnt\n|faint|p2b: Landorus\n|-ability|p1b: 221 speed|Grim Neigh|boost\n|-boost|p1b: 221 speed|spa|1\n|move|p1a: Jordan 96/97|Sand Tomb|p2a: Zamazenta\n|-supereffective|p2a: Zamazenta\n|-damage|p2a: Zamazenta|42/100\n|-activate|p2a: Zamazenta|move: Sand Tomb|[of] p1a: Jordan 96/97\n|\n|-damage|p2a: Zamazenta|30/100|[from] move: Sand Tomb|[partiallytrapped]\n|upkeep\n|turn|7\n|-message|kojimuranishi forfeited.\n|\n|win|ice spice rider\n|raw|ice spice rider's rating: 1327 &rarr; <strong>1351</strong><br />(+24 for winning)\n|raw|kojimuranishi's rating: 1399 &rarr; <strong>1375</strong><br />(-24 for losing)\n|l|\u2606kojimuranishi\n|player|p2|\n|l|\u2606ice spice rider\n|player|p1|\n","uploadtime":1769347105,"views":13,"formatid":"gen9vgc2026regi","rating":1351,"private":0,"password":null}