{"id":"gen9vgc2026regi-2525978360","format":"[Gen 9] VGC 2026 Reg I","players":["marcxhenry","alamossauro"],"log":"|j|\u2606marcxhenry\n|j|\u2606alamossauro\n|t:|1769358682\n|gametype|doubles\n|player|p1|marcxhenry|hilbert-wonderlauncher|1488\n|player|p2|alamossauro|pokemaniac|1516\n|gen|9\n|tier|[Gen 9] VGC 2026 Reg I\n|rated|\n|rule|Species Clause: Limit one of each Pok\u00e9mon\n|rule|Item Clause: Limit 1 of each item\n|clearpoke\n|poke|p1|Calyrex-Shadow, L50|\n|poke|p1|Urshifu-*, L50, M|\n|poke|p1|Roaring Moon, L50|\n|poke|p1|Kyogre, L50|\n|poke|p1|Tsareena, L50, F|\n|poke|p1|Kingambit, L50, M|\n|poke|p2|Calyrex-Ice, L50|\n|poke|p2|Enamorus-Therian, L50, F|\n|poke|p2|Lunala, L50|\n|poke|p2|Indeedee-F, L50, F|\n|poke|p2|Ditto, L50|\n|poke|p2|Brute Bonnet, L50|\n|teampreview|4\n|\n|t:|1769358709\n|teamsize|p1|4\n|teamsize|p2|4\n|start\n|switch|p1a: Rhein\u00fcbung|Urshifu-Rapid-Strike, L50, M|100/100\n|switch|p1b: Eva|Tsareena, L50, F, shiny|100/100\n|switch|p2a: Lunala|Lunala, L50|100/100\n|switch|p2b: Brute Bonnet|Brute Bonnet, L50|100/100\n|-enditem|p2b: Brute Bonnet|Booster Energy\n|-activate|p2b: Brute Bonnet|ability: Protosynthesis|[fromitem]\n|-start|p2b: Brute Bonnet|protosynthesisdef\n|turn|1\n|inactive|Battle timer is ON: inactive players will automatically lose when time's up. (requested by alamossauro)\n|\n|t:|1769358735\n|move|p1a: Rhein\u00fcbung|U-turn|p2a: Lunala\n|-damage|p2a: Lunala|91/100\n|\n|t:|1769358739\n|switch|p1a: Hermann|Kingambit, L50, M, shiny|100/100|[from] U-turn\n|move|p1b: Eva|Taunt|p2b: Brute Bonnet\n|-start|p2b: Brute Bonnet|move: Taunt\n|cant|p2b: Brute Bonnet|move: Taunt|Spore\n|move|p2a: Lunala|Trick Room|p2a: Lunala\n|-fieldstart|move: Trick Room|[of] p2a: Lunala\n|\n|upkeep\n|turn|2\n|\n|t:|1769358757\n|-end|p2b: Brute Bonnet|Protosynthesis|[silent]\n|switch|p2b: Enamorus|Enamorus-Therian, L50, F|100/100\n|-terastallize|p2a: Lunala|Dark\n|move|p1a: Hermann|Iron Head|p2a: Lunala\n|-damage|p2a: Lunala|56/100\n|move|p2a: Lunala|Meteor Beam||[still]\n|-prepare|p2a: Lunala|Meteor Beam\n|-boost|p2a: Lunala|spa|1\n|-enditem|p2a: Lunala|Power Herb\n|-anim|p2a: Lunala|Meteor Beam|p1b: Eva\n|-damage|p1b: Eva|19/100\n|move|p1b: Eva|Power Whip|p2a: Lunala\n|-damage|p2a: Lunala|3/100\n|\n|upkeep\n|turn|3\n|inactive|alamossauro has 30 seconds left.\n|\n|t:|1769358783\n|-terastallize|p1a: Hermann|Grass\n|move|p1b: Eva|Protect|p1b: Eva\n|-singleturn|p1b: Eva|Protect\n|move|p2b: Enamorus|Dazzling Gleam|p1b: Eva|[spread] p1a\n|-activate|p1b: Eva|move: Protect\n|-damage|p1a: Hermann|66/100\n|move|p1a: Hermann|Iron Head|p2b: Enamorus\n|-supereffective|p2b: Enamorus\n|-damage|p2b: Enamorus|20/100\n|move|p2a: Lunala|Expanding Force|p1b: Eva\n|-activate|p1b: Eva|move: Protect\n|\n|upkeep\n|turn|4\n|\n|t:|1769358803\n|move|p1a: Hermann|Sucker Punch|p2b: Enamorus\n|-resisted|p2b: Enamorus\n|-damage|p2b: Enamorus|0 fnt\n|faint|p2b: Enamorus\n|move|p2a: Lunala|Expanding Force|p1a: Hermann\n|-crit|p1a: Hermann\n|-damage|p1a: Hermann|0 fnt\n|faint|p1a: Hermann\n|move|p1b: Eva|Triple Axel|p2a: Lunala\n|-damage|p2a: Lunala|0 fnt\n|faint|p2a: Lunala\n|-hitcount|p2: Lunala|1\n|\n|upkeep\n|\n|t:|1769358816\n|switch|p2b: Ditto|Ditto, L50|100/100\n|switch|p1a: Tripitz|Kyogre, L50, shiny|100/100\n|switch|p2a: Brute Bonnet|Brute Bonnet, L50|100/100\n|-transform|p2b: Ditto|p1a: Tripitz|[from] ability: Imposter\n|-weather|RainDance|[from] ability: Drizzle|[of] p2b: Ditto\n|turn|5\n|\n|t:|1769358828\n|move|p1a: Tripitz|Protect|p1a: Tripitz\n|-singleturn|p1a: Tripitz|Protect\n|move|p2a: Brute Bonnet|Rage Powder|p2a: Brute Bonnet\n|-singleturn|p2a: Brute Bonnet|move: Rage Powder\n|move|p1b: Eva|Power Whip|p2b: Ditto\n|-supereffective|p2b: Ditto\n|-enditem|p2b: Ditto|Focus Sash\n|-damage|p2b: Ditto|1/100\n|move|p2b: Ditto|Water Spout|p1a: Tripitz|[spread] p1b\n|-activate|p1a: Tripitz|move: Protect\n|-resisted|p1b: Eva\n|-damage|p1b: Eva|18/100\n|\n|-weather|RainDance|[upkeep]\n|-fieldend|move: Trick Room\n|upkeep\n|turn|6\n|-message|alamossauro forfeited.\n|\n|win|marcxhenry\n|raw|marcxhenry's rating: 1488 &rarr; <strong>1510</strong><br />(+22 for winning)\n|raw|alamossauro's rating: 1516 &rarr; <strong>1494</strong><br />(-22 for losing)\n|l|\u2606alamossauro\n|player|p2|\n|l|\u2606marcxhenry\n|player|p1|\n","uploadtime":1769359058,"views":41,"formatid":"gen9vgc2026regi","rating":1494,"private":0,"password":null}