{"id":"gen9vgc2026regi-2561321189","format":"[Gen 9] VGC 2026 Reg I","players":["fernsthedruids","KDB007"],"log":"|j|\u2606fernsthedruids\n|j|\u2606KDB007\n|t:|1773783859\n|gametype|doubles\n|player|p1|fernsthedruids|101|1322\n|player|p2|KDB007|170|1336\n|gen|9\n|tier|[Gen 9] VGC 2026 Reg I\n|rated|\n|rule|Species Clause: Limit one of each Pok\u00e9mon\n|rule|Item Clause: Limit 1 of each item\n|clearpoke\n|poke|p1|Kyogre, L50|\n|poke|p1|Calyrex-Ice, L50|\n|poke|p1|Raging Bolt, L50|\n|poke|p1|Tornadus, L50, M|\n|poke|p1|Incineroar, L50, F|\n|poke|p1|Hitmontop, L50, M|\n|poke|p2|Calyrex-Shadow, L50|\n|poke|p2|Zamazenta-*, L50|\n|poke|p2|Chien-Pao, L50|\n|poke|p2|Dragonite, L50, F|\n|poke|p2|Amoonguss, L50, M|\n|poke|p2|Ogerpon-Cornerstone, L50, F|\n|teampreview|4\n|\n|t:|1773783891\n|teamsize|p1|4\n|teamsize|p2|4\n|start\n|switch|p1a: Hitmontop|Hitmontop, L50, M|100/100\n|switch|p1b: Calyrex|Calyrex-Ice, L50|100/100\n|switch|p2a: Zamazenta|Zamazenta-Crowned, L50|100/100\n|switch|p2b: Amoonguss|Amoonguss, L50, M|100/100\n|-ability|p1b: Calyrex|As One\n|-ability|p1b: Calyrex|Unnerve\n|-ability|p2a: Zamazenta|Dauntless Shield|boost\n|-boost|p2a: Zamazenta|def|1\n|-ability|p1a: Hitmontop|Intimidate|boost\n|-unboost|p2a: Zamazenta|atk|1\n|-unboost|p2b: Amoonguss|atk|1\n|turn|1\n|\n|t:|1773783964\n|move|p1a: Hitmontop|Fake Out|p2b: Amoonguss\n|-damage|p2b: Amoonguss|94/100\n|-damage|p1a: Hitmontop|84/100|[from] item: Rocky Helmet|[of] p2b: Amoonguss\n|move|p2a: Zamazenta|Body Press|p1a: Hitmontop\n|-damage|p1a: Hitmontop|11/100\n|-enditem|p1a: Hitmontop|Eject Button\n|\n|t:|1773783979\n|switch|p1a: Incineroar|Incineroar, L50, F|100/100\n|-ability|p1a: Incineroar|Intimidate|boost\n|-unboost|p2a: Zamazenta|atk|1\n|-unboost|p2b: Amoonguss|atk|1\n|move|p1b: Calyrex|Glacial Lance|p2b: Amoonguss|[spread] p2a,p2b\n|-resisted|p2a: Zamazenta\n|-supereffective|p2b: Amoonguss\n|-damage|p2a: Zamazenta|89/100\n|-damage|p2b: Amoonguss|8/100\n|cant|p2b: Amoonguss|flinch\n|\n|upkeep\n|turn|2\n|\n|t:|1773784020\n|-terastallize|p1a: Incineroar|Bug\n|move|p1b: Calyrex|Protect|p1b: Calyrex\n|-singleturn|p1b: Calyrex|Protect\n|move|p2b: Amoonguss|Protect|p2b: Amoonguss\n|-singleturn|p2b: Amoonguss|Protect\n|move|p2a: Zamazenta|Body Press|p1a: Incineroar\n|-resisted|p1a: Incineroar\n|-damage|p1a: Incineroar|74/100\n|move|p1a: Incineroar|Will-O-Wisp|p2a: Zamazenta\n|-status|p2a: Zamazenta|brn\n|\n|-damage|p2a: Zamazenta|82/100 brn|[from] brn\n|upkeep\n|turn|3\n|inactive|Battle timer is ON: inactive players will automatically lose when time's up. (requested by KDB007)\n|\n|t:|1773784042\n|switch|p2b: Ogerpon|Ogerpon-Cornerstone, L50, F|100/100\n|move|p2a: Zamazenta|Body Press|p1b: Calyrex\n|-damage|p1b: Calyrex|79/100\n|move|p1a: Incineroar|Knock Off|p2b: Ogerpon\n|-damage|p2b: Ogerpon|73/100\n|move|p1b: Calyrex|Trick Room|p1b: Calyrex\n|-fieldstart|move: Trick Room|[of] p1b: Calyrex\n|\n|-damage|p2a: Zamazenta|76/100 brn|[from] brn\n|upkeep\n|turn|4\n|\n|t:|1773784064\n|switch|p1b: Hitmontop|Hitmontop, L50, M|11/100\n|-ability|p1b: Hitmontop|Intimidate|boost\n|-unboost|p2a: Zamazenta|atk|1\n|-unboost|p2b: Ogerpon|atk|1\n|-terastallize|p2b: Ogerpon|Rock\n|detailschange|p2b: Ogerpon|Ogerpon-Cornerstone-Tera, L50, F, tera:Rock\n|-ability|p2b: Ogerpon|Embody Aspect (Cornerstone)|boost\n|-boost|p2b: Ogerpon|def|1\n|move|p2a: Zamazenta|Wide Guard|p2a: Zamazenta\n|-singleturn|p2a: Zamazenta|Wide Guard\n|move|p1a: Incineroar|Will-O-Wisp|p2b: Ogerpon\n|-status|p2b: Ogerpon|brn\n|move|p2b: Ogerpon|Ivy Cudgel|p1a: Incineroar|[anim] Ivy Cudgel Rock\n|-supereffective|p1a: Incineroar\n|-damage|p1a: Incineroar|36/100\n|\n|-damage|p2b: Ogerpon|68/100 brn|[from] brn\n|-damage|p2a: Zamazenta|70/100 brn|[from] brn\n|upkeep\n|turn|5\n|inactive|fernsthedruids has 30 seconds left.\n|inactive|KDB007 has 30 seconds left.\n|\n|t:|1773784095\n|move|p1b: Hitmontop|Fake Out|p2a: Zamazenta\n|-resisted|p2a: Zamazenta\n|-damage|p2a: Zamazenta|68/100 brn\n|move|p1a: Incineroar|Parting Shot|p2b: Ogerpon\n|-unboost|p2b: Ogerpon|atk|1\n|-unboost|p2b: Ogerpon|spa|1\n|\n|t:|1773784101\n|switch|p1a: Kyogre|Kyogre, L50|100/100|[from] Parting Shot\n|-weather|RainDance|[from] ability: Drizzle|[of] p1a: Kyogre\n|move|p2b: Ogerpon|Ivy Cudgel|p1a: Kyogre|[anim] Ivy Cudgel Rock\n|-damage|p1a: Kyogre|82/100\n|cant|p2a: Zamazenta|flinch\n|\n|-weather|RainDance|[upkeep]\n|-damage|p2b: Ogerpon|62/100 brn|[from] brn\n|-damage|p2a: Zamazenta|62/100 brn|[from] brn\n|upkeep\n|turn|6\n|\n|t:|1773784118\n|move|p2b: Ogerpon|Spiky Shield|p2b: Ogerpon\n|-singleturn|p2b: Ogerpon|move: Protect\n|move|p2a: Zamazenta|Protect|p2a: Zamazenta\n|-singleturn|p2a: Zamazenta|Protect\n|move|p1b: Hitmontop|Feint|p2a: Zamazenta\n|-activate|p2a: Zamazenta|move: Feint\n|-resisted|p2a: Zamazenta\n|-crit|p2a: Zamazenta\n|-damage|p2a: Zamazenta|59/100 brn\n|move|p1a: Kyogre|Water Spout|p2a: Zamazenta|[spread] p2a\n|-activate|p2b: Ogerpon|move: Protect\n|-damage|p2a: Zamazenta|0 fnt\n|faint|p2a: Zamazenta\n|\n|-weather|RainDance|[upkeep]\n|-damage|p2b: Ogerpon|56/100 brn|[from] brn\n|upkeep\n|\n|t:|1773784129\n|switch|p2a: Amoonguss|Amoonguss, L50, M|41/100\n|turn|7\n|\n|t:|1773784147\n|switch|p1b: Incineroar|Incineroar, L50, F, tera:Bug|36/100\n|-ability|p1b: Incineroar|Intimidate|boost\n|-unboost|p2a: Amoonguss|atk|1\n|-unboost|p2b: Ogerpon|atk|1\n|move|p1a: Kyogre|Protect|p1a: Kyogre\n|-singleturn|p1a: Kyogre|Protect\n|move|p2a: Amoonguss|Spore|p1a: Kyogre\n|-activate|p1a: Kyogre|move: Protect\n|move|p2b: Ogerpon|Power Whip|p1b: Incineroar\n|-resisted|p1b: Incineroar\n|-damage|p1b: Incineroar|31/100\n|\n|-weather|RainDance|[upkeep]\n|-damage|p2b: Ogerpon|51/100 brn|[from] brn\n|-fieldend|move: Trick Room\n|upkeep\n|turn|8\n|inactive|fernsthedruids has 30 seconds left.\n|\n|t:|1773784175\n|move|p1b: Incineroar|Fake Out|p2b: Ogerpon\n|-resisted|p2b: Ogerpon\n|-damage|p2b: Ogerpon|47/100 brn\n|cant|p2b: Ogerpon|flinch\n|move|p1a: Kyogre|Water Spout|p2a: Amoonguss|[spread] p2a,p2b\n|-resisted|p2a: Amoonguss\n|-supereffective|p2b: Ogerpon\n|-damage|p2a: Amoonguss|0 fnt\n|-damage|p2b: Ogerpon|0 fnt\n|faint|p2a: Amoonguss\n|faint|p2b: Ogerpon\n|detailschange|p2: Ogerpon|Ogerpon-Cornerstone, L50, F|[silent]\n|\n|-weather|RainDance|[upkeep]\n|upkeep\n|\n|t:|1773784183\n|switch|p2b: Calyrex|Calyrex-Shadow, L50|100/100\n|-ability|p2b: Calyrex|As One\n|-ability|p2b: Calyrex|Unnerve\n|turn|9\n|\n|t:|1773784190\n|move|p2b: Calyrex|Astral Barrage|p1a: Kyogre|[spread] p1a,p1b\n|-damage|p1a: Kyogre|41/100\n|-damage|p1b: Incineroar|0 fnt\n|faint|p1b: Incineroar\n|-ability|p2b: Calyrex|Grim Neigh|boost\n|-boost|p2b: Calyrex|spa|1\n|move|p1a: Kyogre|Hydro Pump|p2b: Calyrex|[miss]\n|-miss|p1a: Kyogre|p2b: Calyrex\n|\n|-weather|none\n|upkeep\n|\n|t:|1773784197\n|switch|p1b: Calyrex|Calyrex-Ice, L50|79/100\n|-ability|p1b: Calyrex|As One\n|-ability|p1b: Calyrex|Unnerve\n|turn|10\n|inactive|KDB007 has 30 seconds left.\n|inactive|KDB007 has 20 seconds left.\n|inactive|KDB007 has 15 seconds left.\n|inactive|KDB007 has 10 seconds left.\n|inactive|KDB007 has 5 seconds left.\n|inactive|fernsthedruids has 30 seconds left.\n|\n|t:|1773784260\n|move|p1b: Calyrex|Protect|p1b: Calyrex\n|-singleturn|p1b: Calyrex|Protect\n|move|p2b: Calyrex|Astral Barrage|p1b: Calyrex|[spread] p1a\n|-activate|p1b: Calyrex|move: Protect\n|-damage|p1a: Kyogre|0 fnt\n|faint|p1a: Kyogre\n|-ability|p2b: Calyrex|Grim Neigh|boost\n|-boost|p2b: Calyrex|spa|1\n|\n|upkeep\n|\n|t:|1773784264\n|switch|p1a: Hitmontop|Hitmontop, L50, M|11/100\n|-ability|p1a: Hitmontop|Intimidate|boost\n|-unboost|p2b: Calyrex|atk|1\n|turn|11\n|\n|t:|1773784271\n|move|p1a: Hitmontop|Wide Guard|p1a: Hitmontop\n|-singleturn|p1a: Hitmontop|Wide Guard\n|move|p2b: Calyrex|Astral Barrage|p1a: Hitmontop|[spread] \n|-activate|p1a: Hitmontop|move: Wide Guard\n|-activate|p1b: Calyrex|move: Wide Guard\n|move|p1b: Calyrex|Trick Room|p1b: Calyrex\n|-fieldstart|move: Trick Room|[of] p1b: Calyrex\n|\n|upkeep\n|turn|12\n|\n|t:|1773784279\n|move|p1a: Hitmontop|Wide Guard|p1a: Hitmontop\n|-singleturn|p1a: Hitmontop|Wide Guard\n|move|p1b: Calyrex|Glacial Lance|p2b: Calyrex\n|-damage|p2b: Calyrex|3/100\n|move|p2b: Calyrex|Encore|p1b: Calyrex\n|-start|p1b: Calyrex|Encore\n|\n|upkeep\n|turn|13\n|\n|t:|1773784290\n|move|p2b: Calyrex|Protect|p2b: Calyrex\n|-singleturn|p2b: Calyrex|Protect\n|move|p1a: Hitmontop|Wide Guard|p1a: Hitmontop\n|-singleturn|p1a: Hitmontop|Wide Guard\n|move|p1b: Calyrex|Glacial Lance|p2b: Calyrex\n|-activate|p2b: Calyrex|move: Protect\n|\n|upkeep\n|turn|14\n|\n|t:|1773784297\n|move|p1a: Hitmontop|Wide Guard|p1a: Hitmontop\n|-singleturn|p1a: Hitmontop|Wide Guard\n|move|p1b: Calyrex|Glacial Lance|p2b: Calyrex\n|-damage|p2b: Calyrex|0 fnt\n|faint|p2b: Calyrex\n|\n|win|fernsthedruids\n|raw|fernsthedruids's rating: 1322 &rarr; <strong>1343</strong><br />(+21 for winning)\n|raw|KDB007's rating: 1336 &rarr; <strong>1315</strong><br />(-21 for losing)\n|l|\u2606KDB007\n|player|p2|\n|l|\u2606fernsthedruids\n|player|p1|\n","uploadtime":1773784479,"views":13,"formatid":"gen9vgc2026regi","rating":1315,"private":0,"password":null}