{"id":"gen9vgc2026regi-2539966560","format":"[Gen 9] VGC 2026 Reg I","players":["SEITA","carrotvg"],"log":"|j|\u2606SEITA\n|j|\u2606carrotvg\n|t:|1771134963\n|gametype|doubles\n|player|p1|SEITA|lucas-gen4pt|1419\n|player|p2|carrotvg|lucas|1558\n|gen|9\n|tier|[Gen 9] VGC 2026 Reg I\n|rated|\n|rule|Species Clause: Limit one of each Pok\u00e9mon\n|rule|Item Clause: Limit 1 of each item\n|clearpoke\n|poke|p1|Zamazenta-*, L50|\n|poke|p1|Kyogre, L50|\n|poke|p1|Wo-Chien, L50|\n|poke|p1|Grimmsnarl, L50, M|\n|poke|p1|Rhyperior, L50, F|\n|poke|p1|Ditto, L50|\n|poke|p2|Miraidon, L50|\n|poke|p2|Lunala, L50|\n|poke|p2|Whimsicott, L50, F|\n|poke|p2|Urshifu-*, L50, M|\n|poke|p2|Incineroar, L50, F|\n|poke|p2|Ursaluna, L50, M|\n|teampreview|4\n|\n|t:|1771134983\n|teamsize|p1|4\n|teamsize|p2|4\n|start\n|switch|p1a: Grimmsnarl|Grimmsnarl, L50, M|100/100\n|switch|p1b: Zamazenta|Zamazenta-Crowned, L50|100/100\n|switch|p2a: Miraidon|Miraidon, L50|100/100\n|switch|p2b: Lunala|Lunala, L50|100/100\n|-fieldstart|move: Electric Terrain|[from] ability: Hadron Engine|[of] p2a: Miraidon\n|-enditem|p2b: Lunala|Electric Seed\n|-boost|p2b: Lunala|def|1|[from] item: Electric Seed\n|-ability|p1b: Zamazenta|Dauntless Shield|boost\n|-boost|p1b: Zamazenta|def|1\n|turn|1\n|\n|t:|1771135002\n|-terastallize|p2a: Miraidon|Electric\n|move|p1a: Grimmsnarl|Parting Shot|p2b: Lunala\n|-unboost|p2b: Lunala|atk|1\n|-unboost|p2b: Lunala|spa|1\n|\n|t:|1771135006\n|switch|p1a: Rhyperior|Rhyperior, L50, F|100/100|[from] Parting Shot\n|move|p2a: Miraidon|Volt Switch|p1a: Rhyperior\n|-ability|p1a: Rhyperior|Lightning Rod|boost\n|-boost|p1a: Rhyperior|spa|1\n|move|p1b: Zamazenta|Body Press|p2a: Miraidon\n|-damage|p2a: Miraidon|41/100\n|move|p2b: Lunala|Moonblast|p1a: Rhyperior\n|-damage|p1a: Rhyperior|85/100\n|\n|upkeep\n|turn|2\n|\n|t:|1771135030\n|move|p2a: Miraidon|Volt Switch|p1a: Rhyperior\n|-ability|p1a: Rhyperior|Lightning Rod|boost\n|-boost|p1a: Rhyperior|spa|1\n|move|p1b: Zamazenta|Behemoth Bash|p2b: Lunala\n|-damage|p2b: Lunala|90/100\n|move|p2b: Lunala|Moonblast|p1a: Rhyperior\n|-damage|p1a: Rhyperior|68/100\n|move|p1a: Rhyperior|Crunch|p2b: Lunala\n|-supereffective|p2b: Lunala\n|-damage|p2b: Lunala|30/100\n|-unboost|p2b: Lunala|def|1\n|\n|upkeep\n|turn|3\n|inactive|Battle timer is ON: inactive players will automatically lose when time's up. (requested by carrotvg)\n|\n|t:|1771135062\n|move|p2a: Miraidon|Draco Meteor|p1a: Rhyperior\n|-damage|p1a: Rhyperior|0 fnt\n|-unboost|p2a: Miraidon|spa|2\n|faint|p1a: Rhyperior\n|-damage|p2a: Miraidon|32/100|[from] item: Life Orb\n|move|p1b: Zamazenta|Body Press|p2a: Miraidon\n|-damage|p2a: Miraidon|0 fnt\n|faint|p2a: Miraidon\n|move|p2b: Lunala|Moongeist Beam|p1b: Zamazenta\n|-damage|p1b: Zamazenta|74/100\n|\n|upkeep\n|\n|t:|1771135077\n|switch|p2a: Urshifu|Urshifu-Rapid-Strike, L50, M|100/100\n|switch|p1a: Grimmsnarl|Grimmsnarl, L50, M|100/100\n|turn|4\n|\n|t:|1771135098\n|switch|p2a: Whimsicott|Whimsicott, L50, F|100/100\n|-terastallize|p1b: Zamazenta|Grass\n|move|p1a: Grimmsnarl|Light Screen|p1a: Grimmsnarl\n|-sidestart|p1: SEITA|move: Light Screen\n|move|p1b: Zamazenta|Body Press|p2a: Whimsicott\n|-resisted|p2a: Whimsicott\n|-damage|p2a: Whimsicott|61/100\n|move|p2b: Lunala|Moonblast|p1a: Grimmsnarl\n|-supereffective|p1a: Grimmsnarl\n|-damage|p1a: Grimmsnarl|65/100\n|\n|upkeep\n|turn|5\n|\n|t:|1771135116\n|move|p2a: Whimsicott|Encore|p1b: Zamazenta\n|-start|p1b: Zamazenta|Encore\n|move|p1a: Grimmsnarl|Parting Shot|p2b: Lunala\n|-unboost|p2b: Lunala|atk|1\n|-unboost|p2b: Lunala|spa|1\n|\n|t:|1771135121\n|switch|p1a: Kyogre|Kyogre, L50|100/100|[from] Parting Shot\n|-weather|RainDance|[from] ability: Drizzle|[of] p1a: Kyogre\n|move|p1b: Zamazenta|Body Press|p2b: Lunala\n|-immune|p2b: Lunala\n|move|p2b: Lunala|Moonblast|p1a: Kyogre\n|-damage|p1a: Kyogre|93/100\n|\n|-weather|RainDance|[upkeep]\n|-heal|p1a: Kyogre|99/100|[from] item: Leftovers\n|-fieldend|move: Electric Terrain\n|upkeep\n|turn|6\n|\n|t:|1771135141\n|move|p2b: Lunala|Wide Guard|p2b: Lunala\n|-singleturn|p2b: Lunala|Wide Guard\n|move|p2a: Whimsicott|Tailwind|p2a: Whimsicott\n|-sidestart|p2: carrotvg|move: Tailwind\n|move|p1b: Zamazenta|Body Press|p2a: Whimsicott\n|-resisted|p2a: Whimsicott\n|-damage|p2a: Whimsicott|23/100\n|move|p1a: Kyogre|Thunder|p2b: Lunala\n|-damage|p2b: Lunala|3/100\n|\n|-weather|RainDance|[upkeep]\n|-heal|p1a: Kyogre|100/100|[from] item: Leftovers\n|upkeep\n|turn|7\n|\n|t:|1771135163\n|move|p2b: Lunala|Wide Guard|p2b: Lunala\n|-singleturn|p2b: Lunala|Wide Guard\n|move|p2a: Whimsicott|Moonblast|p1b: Zamazenta\n|-damage|p1b: Zamazenta|61/100\n|move|p1b: Zamazenta|Body Press|p2a: Whimsicott\n|-resisted|p2a: Whimsicott\n|-damage|p2a: Whimsicott|0 fnt\n|faint|p2a: Whimsicott\n|move|p1a: Kyogre|Thunder|p2b: Lunala\n|-damage|p2b: Lunala|0 fnt\n|faint|p2b: Lunala\n|\n|-weather|RainDance|[upkeep]\n|-end|p1b: Zamazenta|Encore\n|upkeep\n|-message|carrotvg forfeited.\n|\n|win|SEITA\n|raw|SEITA's rating: 1419 &rarr; <strong>1447</strong><br />(+28 for winning)\n|raw|carrotvg's rating: 1558 &rarr; <strong>1530</strong><br />(-28 for losing)\n|l|\u2606carrotvg\n|player|p2|\n","uploadtime":1771135396,"views":30,"formatid":"gen9vgc2026regi","rating":1447,"private":0,"password":null}