{"id":"gen9vgc2026regi-2576855096","format":"[Gen 9] VGC 2026 Reg I","players":["TheAndUrgeTheUrge","Mirthinion"],"log":"|j|\u2606TheAndUrgeTheUrge\n|j|\u2606Mirthinion\n|t:|1775511383\n|gametype|doubles\n|player|p1|TheAndUrgeTheUrge|169|1546\n|player|p2|Mirthinion|janitor|1536\n|gen|9\n|tier|[Gen 9] VGC 2026 Reg I\n|rated|\n|rule|Species Clause: Limit one of each Pok\u00e9mon\n|rule|Item Clause: Limit 1 of each item\n|clearpoke\n|poke|p1|Miraidon, L50|\n|poke|p1|Zamazenta-*, L50|\n|poke|p1|Incineroar, L50, M|\n|poke|p1|Rillaboom, L50, F|\n|poke|p1|Chien-Pao, L50|\n|poke|p1|Flutter Mane, L50|\n|poke|p2|Calyrex-Shadow, L50|\n|poke|p2|Zamazenta-*, L50|\n|poke|p2|Urshifu-*, L50, M|\n|poke|p2|Incineroar, L50, M|\n|poke|p2|Rillaboom, L50, M|\n|poke|p2|Tornadus, L50, M|\n|teampreview|4\n|inactive|Battle timer is ON: inactive players will automatically lose when time's up. (requested by Mirthinion)\nMirthinion rejected open team sheets.\n|inactive|Mirthinion has 60 seconds left.\n|\n|t:|1775511416\n|teamsize|p1|4\n|teamsize|p2|4\n|start\n|switch|p1a: Zamazenta|Zamazenta-Crowned, L50, shiny|100/100\n|switch|p1b: Miraidon|Miraidon, L50|100/100\n|switch|p2a: Wolfgang|Incineroar, L50, M|100/100\n|switch|p2b: Drambor|Zamazenta-Crowned, L50|100/100\n|-fieldstart|move: Electric Terrain|[from] ability: Hadron Engine|[of] p1b: Miraidon\n|-ability|p2b: Drambor|Dauntless Shield|boost\n|-boost|p2b: Drambor|def|1\n|-ability|p1a: Zamazenta|Dauntless Shield|boost\n|-boost|p1a: Zamazenta|def|1\n|-ability|p2a: Wolfgang|Intimidate|boost\n|-unboost|p1a: Zamazenta|atk|1\n|-unboost|p1b: Miraidon|atk|1\n|turn|1\n|inactive|Mirthinion has 30 seconds left.\n|inactive|Mirthinion has 20 seconds left.\n|inactive|Mirthinion has 15 seconds left.\n|\n|t:|1775511459\n|switch|p1b: Flutter Mane|Flutter Mane, L50|100/100\n|-terastallize|p2b: Drambor|Grass\n|move|p2a: Wolfgang|Fake Out|p1b: Flutter Mane\n|-immune|p1b: Flutter Mane\n|move|p2b: Drambor|Body Press|p1a: Zamazenta\n|-supereffective|p1a: Zamazenta\n|-damage|p1a: Zamazenta|54/100\n|move|p1a: Zamazenta|Iron Defense|p1a: Zamazenta\n|-boost|p1a: Zamazenta|def|2\n|\n|upkeep\n|turn|2\n|j| pangolier\n|\n|t:|1775511483\n|switch|p2a: Mithrandir|Calyrex-Shadow, L50|100/100\n|-ability|p2a: Mithrandir|As One\n|-ability|p2a: Mithrandir|Unnerve\n|-terastallize|p1a: Zamazenta|Ghost\n|move|p1b: Flutter Mane|Protect|p1b: Flutter Mane\n|-singleturn|p1b: Flutter Mane|Protect\n|move|p2b: Drambor|Behemoth Bash|p1b: Flutter Mane\n|-activate|p1b: Flutter Mane|move: Protect\n|move|p1a: Zamazenta|Body Press|p2b: Drambor\n|-damage|p2b: Drambor|54/100\n|\n|upkeep\n|turn|3\n|inactive|TheAndUrgeTheUrge has 30 seconds left.\n|\n|t:|1775511512\n|move|p1a: Zamazenta|Protect|p1a: Zamazenta\n|-singleturn|p1a: Zamazenta|Protect\n|move|p2a: Mithrandir|Astral Barrage|p1b: Flutter Mane|[spread] p1b\n|-activate|p1a: Zamazenta|move: Protect\n|-supereffective|p1b: Flutter Mane\n|-enditem|p1b: Flutter Mane|Focus Sash\n|-damage|p1b: Flutter Mane|1/100\n|move|p1b: Flutter Mane|Icy Wind|p2b: Drambor|[spread] p2a,p2b\n|-supereffective|p2b: Drambor\n|-damage|p2a: Mithrandir|86/100\n|-damage|p2b: Drambor|32/100\n|-unboost|p2a: Mithrandir|spe|1\n|-unboost|p2b: Drambor|spe|1\n|move|p2b: Drambor|Behemoth Bash|p1b: Flutter Mane\n|-supereffective|p1b: Flutter Mane\n|-damage|p1b: Flutter Mane|0 fnt\n|faint|p1b: Flutter Mane\n|-end|p1b: Flutter Mane|Protosynthesis|[silent]\n|\n|upkeep\n|\n|t:|1775511530\n|switch|p1b: Miraidon|Miraidon, L50|100/100\n|-activate|p1b: Miraidon|ability: Hadron Engine\n|turn|4\n|\n|t:|1775511546\n|switch|p2a: Wolfgang|Incineroar, L50, M|100/100\n|-ability|p2a: Wolfgang|Intimidate|boost\n|-unboost|p1a: Zamazenta|atk|1\n|-unboost|p1b: Miraidon|atk|1\n|move|p2b: Drambor|Protect|p2b: Drambor\n|-singleturn|p2b: Drambor|Protect\n|move|p1b: Miraidon|Draco Meteor|p2a: Wolfgang\n|-damage|p2a: Wolfgang|39/100\n|-unboost|p1b: Miraidon|spa|2\n|move|p1a: Zamazenta|Body Press|p2b: Drambor\n|-activate|p2b: Drambor|move: Protect\n|\n|upkeep\n|turn|5\n|inactive|Mirthinion has 30 seconds left.\n|\n|t:|1775511574\n|switch|p1b: Incineroar|Incineroar, L50, M, shiny|100/100\n|-ability|p1b: Incineroar|Intimidate|boost\n|-unboost|p2a: Wolfgang|atk|1\n|-unboost|p2b: Drambor|atk|1\n|move|p1a: Zamazenta|Body Press|p2b: Drambor\n|-damage|p2b: Drambor|0 fnt\n|faint|p2b: Drambor\n|move|p2a: Wolfgang|Parting Shot|p1b: Incineroar\n|-unboost|p1b: Incineroar|atk|1\n|-unboost|p1b: Incineroar|spa|1\n|\n|t:|1775511584\n|switch|p2a: Mithrandir|Calyrex-Shadow, L50|86/100|[from] Parting Shot\n|-ability|p2a: Mithrandir|As One\n|-ability|p2a: Mithrandir|Unnerve\n|\n|-fieldend|move: Electric Terrain\n|upkeep\n|\n|t:|1775511590\n|switch|p2b: Wolfgang|Incineroar, L50, M|39/100\n|-ability|p2b: Wolfgang|Intimidate|boost\n|-unboost|p1a: Zamazenta|atk|1\n|-unboost|p1b: Incineroar|atk|1\n|turn|6\n|\n|t:|1775511597\n|switch|p1b: Miraidon|Miraidon, L50|100/100\n|-fieldstart|move: Electric Terrain|[from] ability: Hadron Engine|[of] p1b: Miraidon\n|move|p1a: Zamazenta|Protect|p1a: Zamazenta\n|-singleturn|p1a: Zamazenta|Protect\n|move|p2b: Wolfgang|Fake Out|p1b: Miraidon\n|-damage|p1b: Miraidon|90/100\n|move|p2a: Mithrandir|Astral Barrage|p1b: Miraidon|[spread] p1b\n|-activate|p1a: Zamazenta|move: Protect\n|-damage|p1b: Miraidon|42/100\n|\n|upkeep\n|turn|7\n|\n|t:|1775511621\n|switch|p2b: Hoplite|Rillaboom, L50, M|100/100\n|-fieldstart|move: Grassy Terrain|[from] ability: Grassy Surge|[of] p2b: Hoplite\n|move|p1b: Miraidon|Draco Meteor|p2a: Mithrandir|[miss]\n|-miss|p1b: Miraidon|p2a: Mithrandir\n|move|p2a: Mithrandir|Astral Barrage|p1a: Zamazenta|[spread] p1a,p1b\n|-supereffective|p1a: Zamazenta\n|-damage|p1a: Zamazenta|0 fnt\n|-damage|p1b: Miraidon|0 fnt\n|faint|p1a: Zamazenta\n|faint|p1b: Miraidon\n|-ability|p2a: Mithrandir|Grim Neigh|boost\n|-boost|p2a: Mithrandir|spa|2\n|\n|-heal|p2a: Mithrandir|91/100|[from] Grassy Terrain\n|upkeep\n|c|\u2606TheAndUrgeTheUrge|pusc got lucky\n|-message|TheAndUrgeTheUrge forfeited.\n|\n|win|Mirthinion\n|raw|TheAndUrgeTheUrge's rating: 1546 &rarr; <strong>1525</strong><br />(-21 for losing)\n|raw|Mirthinion's rating: 1536 &rarr; <strong>1557</strong><br />(+21 for winning)\n|l|\u2606TheAndUrgeTheUrge\n|player|p1|\n","uploadtime":1775511645,"views":33,"formatid":"gen9vgc2026regi","rating":1525,"private":0,"password":null}