{"id":"gen9vgc2026regi-2589251496","format":"[Gen 9] VGC 2026 Reg I","players":["jair bolsonaro pr.","JoeBro8"],"log":"|j|\u2606jair bolsonaro pr.\n|j|\u2606JoeBro8\n|t:|1776709447\n|gametype|doubles\n|player|p1|jair bolsonaro pr.|102|1638\n|player|p2|JoeBro8|n|1591\n|gen|9\n|tier|[Gen 9] VGC 2026 Reg I\n|rated|\n|rule|Species Clause: Limit one of each Pok\u00e9mon\n|rule|Item Clause: Limit 1 of each item\n|clearpoke\n|poke|p1|Miraidon, L50|\n|poke|p1|Calyrex-Ice, L50|\n|poke|p1|Amoonguss, L50, M|\n|poke|p1|Incineroar, L50, M|\n|poke|p1|Urshifu-*, L50, F|\n|poke|p1|Landorus, L50, M|\n|poke|p2|Miraidon, L50|\n|poke|p2|Whimsicott, L50, F|\n|poke|p2|Zamazenta-*, L50|\n|poke|p2|Chien-Pao, L50|\n|poke|p2|Volcarona, L50, F|\n|poke|p2|Iron Hands, L50|\n|teampreview|4\n|j| kurwa mac123\n|\n|t:|1776709471\n|teamsize|p1|4\n|teamsize|p2|4\n|start\n|switch|p1a: Miraidon|Miraidon, L50|100/100\n|switch|p1b: Incineroar|Incineroar, L50, M|100/100\n|switch|p2a: Queen of Diamonds|Volcarona, L50, F|100/100\n|switch|p2b: Ace of Spades|Miraidon, L50|100/100\n|-fieldstart|move: Electric Terrain|[from] ability: Hadron Engine|[of] p1a: Miraidon\n|-enditem|p2a: Queen of Diamonds|Electric Seed\n|-boost|p2a: Queen of Diamonds|def|1|[from] item: Electric Seed\n|-activate|p2b: Ace of Spades|ability: Hadron Engine\n|-ability|p1b: Incineroar|Intimidate|boost\n|-unboost|p2a: Queen of Diamonds|atk|1\n|-unboost|p2b: Ace of Spades|atk|1\n|turn|1\n|\n|t:|1776709494\n|move|p2a: Queen of Diamonds|Protect|p2a: Queen of Diamonds\n|-singleturn|p2a: Queen of Diamonds|Protect\n|move|p1b: Incineroar|Fake Out|p2b: Ace of Spades\n|-damage|p2b: Ace of Spades|88/100\n|move|p1a: Miraidon|Volt Switch|p2b: Ace of Spades\n|-resisted|p2b: Ace of Spades\n|-damage|p2b: Ace of Spades|74/100\n|\n|t:|1776709501\n|switch|p1a: Urshifu|Urshifu-Rapid-Strike, L50, F|100/100|[from] Volt Switch\n|cant|p2b: Ace of Spades|flinch\n|\n|upkeep\n|turn|2\n|\n|t:|1776709510\n|-terastallize|p2a: Queen of Diamonds|Dragon\n|move|p1a: Urshifu|Detect|p1a: Urshifu\n|-singleturn|p1a: Urshifu|Protect\n|move|p2a: Queen of Diamonds|Rage Powder|p2a: Queen of Diamonds\n|-singleturn|p2a: Queen of Diamonds|move: Rage Powder\n|move|p2b: Ace of Spades|Dazzling Gleam|p1a: Urshifu|[spread] p1b\n|-activate|p1a: Urshifu|move: Protect\n|-damage|p1b: Incineroar|73/100\n|move|p1b: Incineroar|U-turn|p2a: Queen of Diamonds\n|-damage|p2a: Queen of Diamonds|86/100\n|\n|t:|1776709518\n|switch|p1b: Miraidon|Miraidon, L50|100/100|[from] U-turn\n|-activate|p1b: Miraidon|ability: Hadron Engine\n|\n|upkeep\n|turn|3\n|\n|t:|1776709539\n|-terastallize|p1b: Miraidon|Electric\n|move|p2a: Queen of Diamonds|Protect|p2a: Queen of Diamonds\n|-singleturn|p2a: Queen of Diamonds|Protect\n|move|p1b: Miraidon|Draco Meteor|p2a: Queen of Diamonds\n|-activate|p2a: Queen of Diamonds|move: Protect\n|move|p2b: Ace of Spades|Dazzling Gleam|p1a: Urshifu|[spread] p1a,p1b\n|-supereffective|p1a: Urshifu\n|-enditem|p1a: Urshifu|Focus Sash\n|-damage|p1a: Urshifu|1/100\n|-damage|p1b: Miraidon|61/100\n|move|p1a: Urshifu|Close Combat|p2b: Ace of Spades\n|-crit|p2b: Ace of Spades\n|-damage|p2b: Ace of Spades|0 fnt\n|-unboost|p1a: Urshifu|def|1\n|-unboost|p1a: Urshifu|spd|1\n|faint|p2b: Ace of Spades\n|\n|upkeep\n|\n|t:|1776709554\n|switch|p2b: Jack of Diamonds|Chien-Pao, L50|100/100\n|-ability|p2b: Jack of Diamonds|Sword of Ruin\n|turn|4\n|\n|t:|1776709566\n|switch|p1a: Incineroar|Incineroar, L50, M|73/100\n|-ability|p1a: Incineroar|Intimidate|boost\n|-unboost|p2a: Queen of Diamonds|atk|1\n|-unboost|p2b: Jack of Diamonds|atk|1\n|move|p1b: Miraidon|Draco Meteor|p2a: Queen of Diamonds\n|-supereffective|p2a: Queen of Diamonds\n|-damage|p2a: Queen of Diamonds|0 fnt\n|-unboost|p1b: Miraidon|spa|2\n|faint|p2a: Queen of Diamonds\n|move|p2b: Jack of Diamonds|Sacred Sword|p1a: Incineroar\n|-supereffective|p1a: Incineroar\n|-damage|p1a: Incineroar|18/100\n|\n|upkeep\n|\n|t:|1776709573\n|switch|p2a: King of Spades|Zamazenta-Crowned, L50|100/100\n|-ability|p2a: King of Spades|Dauntless Shield|boost\n|-boost|p2a: King of Spades|def|1\n|turn|5\n|\n|t:|1776709588\n|switch|p1b: Calyrex|Calyrex-Ice, L50|100/100\n|-ability|p1b: Calyrex|As One\n|-ability|p1b: Calyrex|Unnerve\n|move|p1a: Incineroar|Fake Out|p2b: Jack of Diamonds\n|-damage|p2b: Jack of Diamonds|82/100\n|cant|p2b: Jack of Diamonds|flinch\n|move|p2a: King of Spades|Body Press|p1b: Calyrex\n|-damage|p1b: Calyrex|41/100\n|\n|-fieldend|move: Electric Terrain\n|upkeep\n|turn|6\n|l| kurwa mac123\n|\n|t:|1776709620\n|move|p1b: Calyrex|Protect|p1b: Calyrex\n|-singleturn|p1b: Calyrex|Protect\n|move|p2b: Jack of Diamonds|Sacred Sword|p1a: Incineroar\n|-supereffective|p1a: Incineroar\n|-damage|p1a: Incineroar|0 fnt\n|faint|p1a: Incineroar\n|move|p2a: King of Spades|Body Press|p1b: Calyrex\n|-activate|p1b: Calyrex|move: Protect\n|\n|upkeep\n|\n|t:|1776709631\n|switch|p1a: Miraidon|Miraidon, L50, tera:Electric|61/100\n|-fieldstart|move: Electric Terrain|[from] ability: Hadron Engine|[of] p1a: Miraidon\n|turn|7\n|\n|t:|1776709646\n|move|p1a: Miraidon|Electro Drift|p2a: King of Spades\n|-damage|p2a: King of Spades|0 fnt\n|faint|p2a: King of Spades\n|move|p2b: Jack of Diamonds|Icicle Crash|p1a: Miraidon\n|-damage|p1a: Miraidon|30/100\n|move|p1b: Calyrex|High Horsepower|p2b: Jack of Diamonds\n|-damage|p2b: Jack of Diamonds|30/100\n|\n|upkeep\n|turn|8\n|-message|JoeBro8 forfeited.\n|\n|win|jair bolsonaro pr.\n|raw|jair bolsonaro pr.'s rating: 1638 &rarr; <strong>1655</strong><br />(+17 for winning)\n|raw|JoeBro8's rating: 1591 &rarr; <strong>1574</strong><br />(-17 for losing)\n|l|\u2606JoeBro8\n|player|p2|\n","uploadtime":1776709870,"views":20,"formatid":"gen9vgc2026regi","rating":1574,"private":0,"password":null}