{"id":"gen9vgc2026regi-2540589510","format":"[Gen 9] VGC 2026 Reg I","players":["ryo8989","diazepunk72"],"log":"|j|\u2606ryo8989\n|j|\u2606diazepunk72\n|t:|1771222915\n|gametype|doubles\n|player|p1|ryo8989|erika|1405\n|player|p2|diazepunk72|170|1410\n|gen|9\n|tier|[Gen 9] VGC 2026 Reg I\n|rated|\n|rule|Species Clause: Limit one of each Pok\u00e9mon\n|rule|Item Clause: Limit 1 of each item\n|clearpoke\n|poke|p1|Calyrex-Ice, L50|\n|poke|p1|Miraidon, L50|\n|poke|p1|Incineroar, L50, F|\n|poke|p1|Farigiraf, L50, F|\n|poke|p1|Urshifu-*, L50, M|\n|poke|p1|Whimsicott, L50, F|\n|poke|p2|Calyrex-Shadow, L50|\n|poke|p2|Kyogre, L50|\n|poke|p2|Whimsicott, L50, M|\n|poke|p2|Raichu, L50, M|\n|poke|p2|Urshifu-*, L50, F|\n|poke|p2|Roaring Moon, L50|\n|teampreview|4\n|\n|t:|1771222985\n|teamsize|p1|4\n|teamsize|p2|4\n|start\n|switch|p1a: Miraidon|Miraidon, L50|100/100\n|switch|p1b: Whimsicott|Whimsicott, L50, F|100/100\n|switch|p2a: Caballo negro pe|Calyrex-Shadow, L50|100/100\n|switch|p2b: Roaring Moon|Roaring Moon, L50|100/100\n|-ability|p2a: Caballo negro pe|As One\n|-ability|p2a: Caballo negro pe|Unnerve\n|-fieldstart|move: Electric Terrain|[from] ability: Hadron Engine|[of] p1a: Miraidon\n|-enditem|p2b: Roaring Moon|Booster Energy\n|-activate|p2b: Roaring Moon|ability: Protosynthesis|[fromitem]\n|-start|p2b: Roaring Moon|protosynthesisspe\n|turn|1\n|\n|t:|1771223003\n|move|p1b: Whimsicott|Tailwind|p1b: Whimsicott\n|-sidestart|p1: ryo8989|move: Tailwind\n|move|p1a: Miraidon|Draco Meteor|p2b: Roaring Moon\n|-supereffective|p2b: Roaring Moon\n|-damage|p2b: Roaring Moon|0 fnt\n|-unboost|p1a: Miraidon|spa|2\n|faint|p2b: Roaring Moon\n|-end|p2b: Roaring Moon|Protosynthesis|[silent]\n|move|p2a: Caballo negro pe|Astral Barrage|p1b: Whimsicott|[spread] p1a,p1b\n|-damage|p1a: Miraidon|58/100\n|-enditem|p1b: Whimsicott|Focus Sash\n|-damage|p1b: Whimsicott|1/100\n|\n|upkeep\n|\n|t:|1771223021\n|switch|p2b: Whimsicott|Whimsicott, L50, M|100/100\n|turn|2\n|\n|t:|1771223048\n|switch|p1b: Incineroar|Incineroar, L50, F|100/100\n|-ability|p1b: Incineroar|Intimidate|boost\n|-unboost|p2a: Caballo negro pe|atk|1\n|-unboost|p2b: Whimsicott|atk|1\n|move|p1a: Miraidon|Draco Meteor|p2a: Caballo negro pe\n|-damage|p2a: Caballo negro pe|49/100\n|-unboost|p1a: Miraidon|spa|2\n|move|p2a: Caballo negro pe|Nasty Plot|p2a: Caballo negro pe\n|-boost|p2a: Caballo negro pe|spa|2\n|move|p2b: Whimsicott|Dazzling Gleam|p1b: Incineroar|[spread] p1a,p1b\n|-supereffective|p1a: Miraidon\n|-damage|p1a: Miraidon|33/100\n|-damage|p1b: Incineroar|91/100\n|\n|upkeep\n|turn|3\n|\n|t:|1771223097\n|move|p2b: Whimsicott|Tailwind|p2b: Whimsicott\n|-sidestart|p2: diazepunk72|move: Tailwind\n|move|p2a: Caballo negro pe|Astral Barrage|p1b: Incineroar|[spread] p1a,p1b\n|-resisted|p1b: Incineroar\n|-damage|p1a: Miraidon|0 fnt\n|-damage|p1b: Incineroar|60/100\n|faint|p1a: Miraidon\n|-ability|p2a: Caballo negro pe|Grim Neigh|boost\n|-boost|p2a: Caballo negro pe|spa|1\n|move|p1b: Incineroar|Flare Blitz|p2a: Caballo negro pe\n|-damage|p2a: Caballo negro pe|0 fnt\n|faint|p2a: Caballo negro pe\n|-damage|p1b: Incineroar|46/100|[from] Recoil\n|\n|upkeep\n|\n|t:|1771223116\n|switch|p2a: Kyogre|Kyogre, L50|100/100\n|switch|p1a: Urshifu|Urshifu-Rapid-Strike, L50, M|100/100\n|-weather|RainDance|[from] ability: Drizzle|[of] p2a: Kyogre\n|turn|4\n|inactive|Battle timer is ON: inactive players will automatically lose when time's up. (requested by diazepunk72)\n|\n|t:|1771223141\n|switch|p1b: Whimsicott|Whimsicott, L50, F|1/100\n|move|p2b: Whimsicott|Dazzling Gleam|p1b: Whimsicott|[spread] p1a,p1b\n|-supereffective|p1a: Urshifu\n|-damage|p1a: Urshifu|62/100\n|-damage|p1b: Whimsicott|0 fnt\n|faint|p1b: Whimsicott\n|move|p1a: Urshifu|Close Combat|p2a: Kyogre\n|-damage|p2a: Kyogre|4/100\n|-unboost|p1a: Urshifu|def|1\n|-unboost|p1a: Urshifu|spd|1\n|move|p2a: Kyogre|Water Spout|p1a: Urshifu\n|-resisted|p1a: Urshifu\n|-damage|p1a: Urshifu|56/100\n|\n|-weather|RainDance|[upkeep]\n|-sideend|p1: ryo8989|move: Tailwind\n|upkeep\n|\n|t:|1771223157\n|switch|p1b: Incineroar|Incineroar, L50, F|46/100\n|-ability|p1b: Incineroar|Intimidate|boost\n|-unboost|p2a: Kyogre|atk|1\n|-unboost|p2b: Whimsicott|atk|1\n|turn|5\n|\n|t:|1771223167\n|move|p1b: Incineroar|Fake Out|p2a: Kyogre\n|-damage|p2a: Kyogre|0 fnt\n|faint|p2a: Kyogre\n|move|p2b: Whimsicott|Dazzling Gleam|p1a: Urshifu|[spread] p1a,p1b\n|-supereffective|p1a: Urshifu\n|-damage|p1a: Urshifu|0 fnt\n|-damage|p1b: Incineroar|35/100\n|faint|p1a: Urshifu\n|\n|-weather|RainDance|[upkeep]\n|-fieldend|move: Electric Terrain\n|upkeep\n|turn|6\n|-message|diazepunk72 forfeited.\n|\n|win|ryo8989\n|raw|ryo8989's rating: 1405 &rarr; <strong>1425</strong><br />(+20 for winning)\n|raw|diazepunk72's rating: 1410 &rarr; <strong>1390</strong><br />(-20 for losing)\n|l|\u2606diazepunk72\n|player|p2|\n|l|\u2606ryo8989\n|player|p1|\n","uploadtime":1771223375,"views":33,"formatid":"gen9vgc2026regi","rating":1390,"private":0,"password":null}