{"id":"gen9vgc2026regi-2546014166","format":"[Gen 9] VGC 2026 Reg I","players":["lalo's pollos","SalamenceGameplay"],"log":"|j|\u2606lalo's pollos\n|j|\u2606SalamenceGameplay\n|t:|1771914082\n|gametype|doubles\n|player|p1|lalo's pollos|2|1471\n|player|p2|SalamenceGameplay|bugsy|1407\n|gen|9\n|tier|[Gen 9] VGC 2026 Reg I\n|rated|\n|rule|Species Clause: Limit one of each Pok\u00e9mon\n|rule|Item Clause: Limit 1 of each item\n|clearpoke\n|poke|p1|Miraidon, L50|\n|poke|p1|Landorus, L50, M|\n|poke|p1|Incineroar, L50, F|\n|poke|p1|Iron Bundle, L50|\n|poke|p1|Farigiraf, L50, M|\n|poke|p1|Calyrex-Ice, L50|\n|poke|p2|Calyrex-Shadow, L50|\n|poke|p2|Zamazenta-*, L50|\n|poke|p2|Raging Bolt, L50|\n|poke|p2|Incineroar, L50, F|\n|poke|p2|Rillaboom, L50, F|\n|poke|p2|Urshifu-*, L50, F|\n|teampreview|4\n|inactive|Battle timer is ON: inactive players will automatically lose when time's up. (requested by SalamenceGameplay)\n|inactive|lalo's pollos has 60 seconds left.\n|\n|t:|1771914123\n|teamsize|p1|4\n|teamsize|p2|4\n|start\n|switch|p1a: the Manager|Farigiraf, L50, M|100/100\n|switch|p1b: Landorus|Landorus, L50, M|100/100\n|switch|p2a: Calyrex|Calyrex-Shadow, L50|100/100\n|switch|p2b: Rillaboom|Rillaboom, L50, F|100/100\n|-ability|p2a: Calyrex|As One\n|-ability|p2a: Calyrex|Unnerve\n|-fieldstart|move: Grassy Terrain|[from] ability: Grassy Surge|[of] p2b: Rillaboom\n|-enditem|p2a: Calyrex|Grassy Seed\n|-boost|p2a: Calyrex|def|1|[from] item: Grassy Seed\n|turn|1\n|\n|t:|1771914141\n|switch|p1b: Incineroar|Incineroar, L50, F|100/100\n|-ability|p1b: Incineroar|Intimidate|boost\n|-unboost|p2a: Calyrex|atk|1\n|-unboost|p2b: Rillaboom|atk|1\n|move|p2a: Calyrex|Calm Mind|p2a: Calyrex\n|-boost|p2a: Calyrex|spa|1\n|-boost|p2a: Calyrex|spd|1\n|move|p2b: Rillaboom|Wood Hammer|p1a: the Manager\n|-damage|p1a: the Manager|48/100\n|-damage|p2b: Rillaboom|81/100|[from] Recoil\n|move|p1a: the Manager|Trick Room|p1a: the Manager\n|-fieldstart|move: Trick Room|[of] p1a: the Manager\n|\n|-heal|p1a: the Manager|54/100|[from] Grassy Terrain\n|-heal|p2b: Rillaboom|87/100|[from] Grassy Terrain\n|upkeep\n|turn|2\n|inactive|lalo's pollos has 30 seconds left.\n|\n|t:|1771914170\n|switch|p2b: Incineroar|Incineroar, L50, F|100/100\n|-ability|p2b: Incineroar|Intimidate|boost\n|-unboost|p1a: the Manager|atk|1\n|-unboost|p1b: Incineroar|atk|1\n|move|p1a: the Manager|Helping Hand|p1b: Incineroar\n|-singleturn|p1b: Incineroar|Helping Hand|[of] p1a: the Manager\n|move|p2a: Calyrex|Protect|p2a: Calyrex\n|-singleturn|p2a: Calyrex|Protect\n|move|p1b: Incineroar|Flare Blitz|p2b: Incineroar\n|-resisted|p2b: Incineroar\n|-damage|p2b: Incineroar|84/100\n|-damage|p1b: Incineroar|95/100|[from] Recoil\n|\n|-heal|p1b: Incineroar|100/100|[from] Grassy Terrain\n|-heal|p1a: the Manager|60/100|[from] Grassy Terrain\n|-heal|p2b: Incineroar|90/100|[from] Grassy Terrain\n|upkeep\n|turn|3\n|\n|t:|1771914187\n|-terastallize|p2a: Calyrex|Grass\n|move|p1a: the Manager|Helping Hand|p1b: Incineroar\n|-singleturn|p1b: Incineroar|Helping Hand|[of] p1a: the Manager\n|move|p1b: Incineroar|Knock Off|p2a: Calyrex\n|-damage|p2a: Calyrex|83/100\n|move|p2b: Incineroar|Knock Off|p1a: the Manager\n|-supereffective|p1a: the Manager\n|-damage|p1a: the Manager|0 fnt\n|-enditem|p1a: the Manager|Mental Herb|[from] move: Knock Off|[of] p2b: Incineroar\n|faint|p1a: the Manager\n|move|p2a: Calyrex|Astral Barrage|p1b: Incineroar\n|-resisted|p1b: Incineroar\n|-damage|p1b: Incineroar|69/100\n|\n|-heal|p1b: Incineroar|75/100|[from] Grassy Terrain\n|-heal|p2b: Incineroar|96/100|[from] Grassy Terrain\n|-heal|p2a: Calyrex|88/100|[from] Grassy Terrain\n|upkeep\n|\n|t:|1771914190\n|switch|p1a: Calyrex|Calyrex-Ice, L50|100/100\n|-ability|p1a: Calyrex|As One\n|-ability|p1a: Calyrex|Unnerve\n|turn|4\n|\n|t:|1771914215\n|-terastallize|p1a: Calyrex|Water\n|move|p2a: Calyrex|Protect|p2a: Calyrex\n|-singleturn|p2a: Calyrex|Protect\n|move|p1a: Calyrex|Glacial Lance|p2a: Calyrex|[spread] p2b\n|-activate|p2a: Calyrex|move: Protect\n|-resisted|p2b: Incineroar\n|-damage|p2b: Incineroar|76/100\n|move|p1b: Incineroar|U-turn|p2b: Incineroar\n|-damage|p2b: Incineroar|67/100\n|\n|t:|1771914222\n|switch|p1b: Landorus|Landorus, L50, M|100/100|[from] U-turn\n|move|p2b: Incineroar|Parting Shot|p1b: Landorus\n|-unboost|p1b: Landorus|atk|1\n|-unboost|p1b: Landorus|spa|1\n|\n|t:|1771914231\n|switch|p2b: Rillaboom|Rillaboom, L50, F|87/100|[from] Parting Shot\n|\n|-heal|p2b: Rillaboom|93/100|[from] Grassy Terrain\n|-heal|p2a: Calyrex|94/100|[from] Grassy Terrain\n|upkeep\n|turn|5\n|\n|t:|1771914240\n|switch|p1b: Incineroar|Incineroar, L50, F|75/100\n|-ability|p1b: Incineroar|Intimidate|boost\n|-unboost|p2a: Calyrex|atk|1\n|-unboost|p2b: Rillaboom|atk|1\n|move|p1a: Calyrex|Protect|p1a: Calyrex\n|-singleturn|p1a: Calyrex|Protect\n|move|p2b: Rillaboom|Fake Out|p1a: Calyrex\n|-activate|p1a: Calyrex|move: Protect\n|move|p2a: Calyrex|Giga Drain|p1a: Calyrex\n|-activate|p1a: Calyrex|move: Protect\n|\n|-heal|p1b: Incineroar|81/100|[from] Grassy Terrain\n|-heal|p2b: Rillaboom|99/100|[from] Grassy Terrain\n|-heal|p2a: Calyrex|99/100|[from] Grassy Terrain\n|-fieldend|move: Trick Room\n|-fieldend|move: Grassy Terrain\n|upkeep\n|turn|6\n|\n|t:|1771914258\n|switch|p2b: Incineroar|Incineroar, L50, F|67/100\n|-ability|p2b: Incineroar|Intimidate|boost\n|-fail|p1a: Calyrex|unboost|[from] item: Clear Amulet|[of] p1a: Calyrex\n|-unboost|p1b: Incineroar|atk|1\n|move|p2a: Calyrex|Protect|p2a: Calyrex\n|-singleturn|p2a: Calyrex|Protect\n|move|p1b: Incineroar|Fake Out|p2a: Calyrex\n|-activate|p2a: Calyrex|move: Protect\n|move|p1a: Calyrex|Trick Room|p1a: Calyrex\n|-fieldstart|move: Trick Room|[of] p1a: Calyrex\n|\n|upkeep\n|turn|7\n|\n|t:|1771914277\n|move|p2b: Incineroar|Helping Hand|p2a: Calyrex\n|-singleturn|p2a: Calyrex|Helping Hand|[of] p2b: Incineroar\n|move|p1a: Calyrex|Protect|p1a: Calyrex\n|-singleturn|p1a: Calyrex|Protect\n|move|p1b: Incineroar|Flare Blitz|p2a: Calyrex\n|-supereffective|p2a: Calyrex\n|-damage|p2a: Calyrex|58/100\n|-damage|p1b: Incineroar|68/100|[from] Recoil\n|move|p2a: Calyrex|Astral Barrage|p1b: Incineroar|[spread] p1b\n|-activate|p1a: Calyrex|move: Protect\n|-resisted|p1b: Incineroar\n|-damage|p1b: Incineroar|34/100\n|\n|upkeep\n|turn|8\n|inactive|SalamenceGameplay has 30 seconds left.\n|\n|t:|1771914304\n|move|p2a: Calyrex|Protect|p2a: Calyrex\n|-singleturn|p2a: Calyrex|Protect\n|move|p1a: Calyrex|Glacial Lance|p2a: Calyrex|[spread] p2b\n|-activate|p2a: Calyrex|move: Protect\n|-resisted|p2b: Incineroar\n|-damage|p2b: Incineroar|45/100\n|move|p1b: Incineroar|Flare Blitz|p2a: Calyrex\n|-activate|p2a: Calyrex|move: Protect\n|move|p2b: Incineroar|Parting Shot|p1b: Incineroar\n|-unboost|p1b: Incineroar|atk|1\n|-unboost|p1b: Incineroar|spa|1\n|\n|t:|1771914318\n|switch|p2b: Rillaboom|Rillaboom, L50, F|99/100|[from] Parting Shot\n|-fieldstart|move: Grassy Terrain|[from] ability: Grassy Surge|[of] p2b: Rillaboom\n|\n|-heal|p1b: Incineroar|40/100|[from] Grassy Terrain\n|-heal|p2b: Rillaboom|100/100|[from] Grassy Terrain\n|-heal|p2a: Calyrex|63/100|[from] Grassy Terrain\n|upkeep\n|turn|9\n|\n|t:|1771914323\n|move|p2b: Rillaboom|Fake Out|p1a: Calyrex\n|-damage|p1a: Calyrex|92/100\n|cant|p1a: Calyrex|flinch\n|move|p1b: Incineroar|Flare Blitz|p2a: Calyrex\n|-supereffective|p2a: Calyrex\n|-damage|p2a: Calyrex|31/100\n|-damage|p1b: Incineroar|30/100|[from] Recoil\n|move|p2a: Calyrex|Giga Drain|p1b: Incineroar\n|-resisted|p1b: Incineroar\n|-damage|p1b: Incineroar|3/100\n|-heal|p2a: Calyrex|45/100|[from] drain|[of] p1b: Incineroar\n|\n|-heal|p1a: Calyrex|98/100|[from] Grassy Terrain\n|-heal|p1b: Incineroar|9/100|[from] Grassy Terrain\n|-heal|p2a: Calyrex|51/100|[from] Grassy Terrain\n|upkeep\n|turn|10\n|\n|t:|1771914338\n|move|p2a: Calyrex|Protect|p2a: Calyrex\n|-singleturn|p2a: Calyrex|Protect\n|move|p2b: Rillaboom|Grassy Glide|p1b: Incineroar\n|-resisted|p1b: Incineroar\n|-damage|p1b: Incineroar|0 fnt\n|faint|p1b: Incineroar\n|move|p1a: Calyrex|Glacial Lance|p2a: Calyrex|[spread] p2b\n|-activate|p2a: Calyrex|move: Protect\n|-supereffective|p2b: Rillaboom\n|-damage|p2b: Rillaboom|4/100\n|\n|-heal|p1a: Calyrex|100/100|[from] Grassy Terrain\n|-heal|p2b: Rillaboom|10/100|[from] Grassy Terrain\n|-heal|p2a: Calyrex|57/100|[from] Grassy Terrain\n|-fieldend|move: Trick Room\n|upkeep\n|\n|t:|1771914343\n|switch|p1b: Landorus|Landorus, L50, M|100/100\n|turn|11\n|\n|t:|1771914354\n|move|p1a: Calyrex|Protect|p1a: Calyrex\n|-singleturn|p1a: Calyrex|Protect\n|move|p2b: Rillaboom|Grassy Glide|p1b: Landorus\n|-damage|p1b: Landorus|56/100\n|move|p2a: Calyrex|Giga Drain|p1b: Landorus\n|-damage|p1b: Landorus|0 fnt\n|-heal|p2a: Calyrex|81/100|[from] drain|[of] p1b: Landorus\n|faint|p1b: Landorus\n|-ability|p2a: Calyrex|Grim Neigh|boost\n|-boost|p2a: Calyrex|spa|1\n|\n|-heal|p2a: Calyrex|87/100|[from] Grassy Terrain\n|-heal|p2b: Rillaboom|15/100|[from] Grassy Terrain\n|upkeep\n|turn|12\n|-message|lalo's pollos forfeited.\n|\n|win|SalamenceGameplay\n|raw|lalo&apos;s pollos's rating: 1471 &rarr; <strong>1447</strong><br />(-24 for losing)\n|raw|SalamenceGameplay's rating: 1407 &rarr; <strong>1431</strong><br />(+24 for winning)\n|l|\u2606lalo's pollos\n|player|p1|\n|l|\u2606SalamenceGameplay\n|player|p2|\n","uploadtime":1771914560,"views":13,"formatid":"gen9vgc2026regi","rating":1431,"private":0,"password":null}