{"id":"gen9vgc2026regi-2586940305","format":"[Gen 9] VGC 2026 Reg I","players":["Luca8","Aylawayla"],"log":"|j|\u2606Luca8\n|j|\u2606Aylawayla\n|t:|1776473847\n|gametype|doubles\n|player|p1|Luca8|flint|1384\n|player|p2|Aylawayla|2|1361\n|gen|9\n|tier|[Gen 9] VGC 2026 Reg I\n|rated|\n|rule|Species Clause: Limit one of each Pok\u00e9mon\n|rule|Item Clause: Limit 1 of each item\n|clearpoke\n|poke|p1|Zamazenta-*, L50|\n|poke|p1|Indeedee-F, L50, F|\n|poke|p1|Torkoal, L50, F|\n|poke|p1|Calyrex-Shadow, L50|\n|poke|p1|Pelipper, L50, M|\n|poke|p1|Tornadus, L50, M|\n|poke|p2|Calyrex-Shadow, L50|\n|poke|p2|Zacian-*, L50|\n|poke|p2|Rillaboom, L50, M|\n|poke|p2|Incineroar, L50, M|\n|poke|p2|Scream Tail, L50|\n|poke|p2|Ursaluna, L50, M|\n|teampreview|4\n|\n|t:|1776473870\n|teamsize|p1|4\n|teamsize|p2|4\n|start\n|switch|p1a: Indeedee|Indeedee-F, L50, F|100/100\n|switch|p1b: Zamazenta|Zamazenta-Crowned, L50|100/100\n|switch|p2a: Scream Tail|Scream Tail, L50|100/100\n|switch|p2b: Calyrex|Calyrex-Shadow, L50|100/100\n|-ability|p2b: Calyrex|As One\n|-ability|p2b: Calyrex|Unnerve\n|-ability|p1b: Zamazenta|Dauntless Shield|boost\n|-boost|p1b: Zamazenta|def|1\n|-fieldstart|move: Psychic Terrain|[from] ability: Psychic Surge|[of] p1a: Indeedee\n|-enditem|p2a: Scream Tail|Booster Energy\n|-activate|p2a: Scream Tail|ability: Protosynthesis|[fromitem]\n|-start|p2a: Scream Tail|protosynthesisspe\n|turn|1\n|l|\u2606Aylawayla\n|player|p2|\n|j|\u2606Aylawayla\n|player|p2|Aylawayla|2|\n|\n|t:|1776473914\n|-terastallize|p2b: Calyrex|Fighting\n|move|p2a: Scream Tail|Fake Tears|p1b: Zamazenta\n|-unboost|p1b: Zamazenta|spd|2\n|move|p2b: Calyrex|Tera Blast|p1b: Zamazenta|[anim] Tera Blast Fighting\n|-supereffective|p1b: Zamazenta\n|-damage|p1b: Zamazenta|0 fnt\n|faint|p1b: Zamazenta\n|-ability|p2b: Calyrex|Grim Neigh|boost\n|-boost|p2b: Calyrex|spa|1\n|move|p1a: Indeedee|Trick Room|p1a: Indeedee\n|-fieldstart|move: Trick Room|[of] p1a: Indeedee\n|\n|upkeep\n|\n|t:|1776473927\n|switch|p1b: Torkoal|Torkoal, L50, F|100/100\n|-weather|SunnyDay|[from] ability: Drought|[of] p1b: Torkoal\n|turn|2\n|\n|t:|1776473953\n|switch|p1a: Calyrex|Calyrex-Shadow, L50|100/100\n|-ability|p1a: Calyrex|As One\n|-ability|p1a: Calyrex|Unnerve\n|switch|p2b: Incineroar|Incineroar, L50, M|100/100\n|-ability|p2b: Incineroar|Intimidate|boost\n|-unboost|p1a: Calyrex|atk|1\n|-unboost|p1b: Torkoal|atk|1\n|-terastallize|p1b: Torkoal|Fire\n|move|p2a: Scream Tail|Protect|p2a: Scream Tail\n|-singleturn|p2a: Scream Tail|Protect\n|move|p1b: Torkoal|Eruption|p2b: Incineroar|[spread] p2b\n|-activate|p2a: Scream Tail|move: Protect\n|-resisted|p2b: Incineroar\n|-damage|p2b: Incineroar|55/100\n|\n|-weather|SunnyDay|[upkeep]\n|upkeep\n|turn|3\n|\n|t:|1776473995\n|move|p1b: Torkoal|Eruption|p2b: Incineroar|[spread] p2a,p2b\n|-resisted|p2b: Incineroar\n|-damage|p2a: Scream Tail|15/100\n|-damage|p2b: Incineroar|11/100\n|move|p2b: Incineroar|Knock Off|p1b: Torkoal\n|-crit|p1b: Torkoal\n|-damage|p1b: Torkoal|54/100\n|-enditem|p1b: Torkoal|Charcoal|[from] move: Knock Off|[of] p2b: Incineroar\n|move|p1a: Calyrex|Astral Barrage|p2a: Scream Tail|[spread] p2a,p2b\n|-supereffective|p2a: Scream Tail\n|-resisted|p2b: Incineroar\n|-damage|p2a: Scream Tail|0 fnt\n|-damage|p2b: Incineroar|0 fnt\n|faint|p2a: Scream Tail\n|-end|p2a: Scream Tail|Protosynthesis|[silent]\n|faint|p2b: Incineroar\n|-ability|p1a: Calyrex|Grim Neigh|boost\n|-boost|p1a: Calyrex|spa|2\n|\n|-weather|SunnyDay|[upkeep]\n|upkeep\n|\n|t:|1776474015\n|switch|p2b: Calyrex|Calyrex-Shadow, L50, tera:Fighting|100/100\n|switch|p2a: Ursaluna|Ursaluna, L50, M|100/100\n|-ability|p2b: Calyrex|As One\n|-ability|p2b: Calyrex|Unnerve\n|turn|4\n|\n|t:|1776474040\n|move|p2b: Calyrex|Protect|p2b: Calyrex\n|-singleturn|p2b: Calyrex|Protect\n|move|p1b: Torkoal|Eruption|p2a: Ursaluna|[spread] p2a\n|-activate|p2b: Calyrex|move: Protect\n|-damage|p2a: Ursaluna|58/100\n|move|p2a: Ursaluna|Earthquake|p1a: Calyrex|[spread] p1a,p1b\n|-activate|p2b: Calyrex|move: Protect\n|-supereffective|p1b: Torkoal\n|-damage|p1a: Calyrex|51/100\n|-damage|p1b: Torkoal|0 fnt\n|faint|p1b: Torkoal\n|move|p1a: Calyrex|Expanding Force|p2b: Calyrex|[spread] p2a\n|-activate|p2b: Calyrex|move: Protect\n|-damage|p2a: Ursaluna|0 fnt\n|faint|p2a: Ursaluna\n|-ability|p1a: Calyrex|Grim Neigh|boost\n|-boost|p1a: Calyrex|spa|1\n|\n|-weather|SunnyDay|[upkeep]\n|upkeep\n|\n|t:|1776474060\n|switch|p1b: Indeedee|Indeedee-F, L50, F|100/100\n|turn|5\n|\n|t:|1776474069\n|move|p1b: Indeedee|Psychic|p2b: Calyrex\n|-supereffective|p2b: Calyrex\n|-damage|p2b: Calyrex|18/100\n|move|p2b: Calyrex|Astral Barrage|p1a: Calyrex|[spread] p1a\n|-immune|p1b: Indeedee\n|-supereffective|p1a: Calyrex\n|-damage|p1a: Calyrex|0 fnt\n|faint|p1a: Calyrex\n|-ability|p2b: Calyrex|Grim Neigh|boost\n|-boost|p2b: Calyrex|spa|1\n|\n|-weather|SunnyDay|[upkeep]\n|-fieldend|move: Trick Room\n|-fieldend|move: Psychic Terrain\n|upkeep\n|turn|6\n|inactive|Battle timer is ON: inactive players will automatically lose when time's up. (requested by Luca8)\n|\n|t:|1776474091\n|move|p2b: Calyrex|Tera Blast|p1b: Indeedee|[anim] Tera Blast Fighting\n|-damage|p1b: Indeedee|26/100\n|move|p1b: Indeedee|Psychic|p2b: Calyrex\n|-supereffective|p2b: Calyrex\n|-crit|p2b: Calyrex\n|-damage|p2b: Calyrex|0 fnt\n|faint|p2b: Calyrex\n|\n|win|Luca8\n|raw|Luca8's rating: 1384 &rarr; <strong>1403</strong><br />(+19 for winning)\n|raw|Aylawayla's rating: 1361 &rarr; <strong>1342</strong><br />(-19 for losing)\n|l|\u2606Aylawayla\n|player|p2|\n|l|\u2606Luca8\n|player|p1|\n","uploadtime":1776474265,"views":7,"formatid":"gen9vgc2026regi","rating":1342,"private":0,"password":null}