{"id":"gen9vgc2026regi-2568532740","format":"[Gen 9] VGC 2026 Reg I","players":["mangrove propagule","jerry rivera"],"log":"|j|\u2606mangrove propagule\n|j|\u2606jerry rivera\n|t:|1774591513\n|gametype|doubles\n|player|p1|mangrove propagule|n-masters3|1373\n|player|p2|jerry rivera|silver|1408\n|gen|9\n|tier|[Gen 9] VGC 2026 Reg I\n|rated|\n|rule|Species Clause: Limit one of each Pok\u00e9mon\n|rule|Item Clause: Limit 1 of each item\n|clearpoke\n|poke|p1|Calyrex-Ice, L50|\n|poke|p1|Smeargle, L50, F|\n|poke|p1|Kyogre, L50|\n|poke|p1|Volbeat, L50, M|\n|poke|p1|Ursaluna, L50, M|\n|poke|p1|Pelipper, L50, F|\n|poke|p2|Tornadus, L50, M|\n|poke|p2|Urshifu-*, L50, M|\n|poke|p2|Kyogre, L50|\n|poke|p2|Calyrex-Shadow, L50|\n|poke|p2|Toxicroak, L50, F|\n|poke|p2|Rhydon, L50, M|\n|teampreview|4\n|inactive|Battle timer is ON: inactive players will automatically lose when time's up. (requested by mangrove propagule)\n|\n|t:|1774591539\n|teamsize|p1|4\n|teamsize|p2|4\n|start\n|switch|p1a: fish|Kyogre, L50, shiny|100/100\n|switch|p1b: bug|Volbeat, L50, M, shiny|100/100\n|switch|p2a: Kyogre|Kyogre, L50|100/100\n|switch|p2b: Tornadus|Tornadus, L50, M|100/100\n|-weather|RainDance|[from] ability: Drizzle|[of] p2a: Kyogre\n|turn|1\n|\n|t:|1774591550\n|move|p1a: fish|Protect|p1a: fish\n|-singleturn|p1a: fish|Protect\n|move|p1b: bug|Tailwind|p1b: bug\n|-sidestart|p1: mangrove propagule|move: Tailwind\n|move|p2b: Tornadus|Tailwind|p2b: Tornadus\n|-sidestart|p2: jerry rivera|move: Tailwind\n|move|p2a: Kyogre|Water Spout|p1a: fish|[spread] p1b\n|-activate|p1a: fish|move: Protect\n|-damage|p1b: bug|0 fnt\n|faint|p1b: bug\n|\n|-weather|RainDance|[upkeep]\n|upkeep\n|\n|t:|1774591557\n|switch|p1b: dog|Smeargle, L50, F|100/100\n|turn|2\n|\n|t:|1774591576\n|-terastallize|p2a: Kyogre|Ghost\n|move|p2b: Tornadus|Protect|p2b: Tornadus\n|-singleturn|p2b: Tornadus|Protect\n|move|p1b: dog|Wide Guard|p1b: dog\n|-singleturn|p1b: dog|Wide Guard\n|move|p2a: Kyogre|Water Spout|p1b: dog|[spread] \n|-activate|p1a: fish|move: Wide Guard\n|-activate|p1b: dog|move: Wide Guard\n|move|p1a: fish|Thunder|p2a: Kyogre\n|-damage|p2a: Kyogre|58/100\n|-damage|p1a: fish|91/100|[from] item: Life Orb\n|\n|-weather|RainDance|[upkeep]\n|-ability|p1b: dog|Moody|boost\n|-boost|p1b: dog|spd|2\n|-unboost|p1b: dog|def|1\n|upkeep\n|turn|3\n|\n|t:|1774591595\n|switch|p2a: Rhydon|Rhydon, L50, M|100/100\n|move|p1a: fish|Protect|p1a: fish\n|-singleturn|p1a: fish|Protect\n|move|p1b: dog|Decorate|p1a: fish\n|-boost|p1a: fish|atk|2\n|-boost|p1a: fish|spa|2\n|move|p2b: Tornadus|Bleakwind Storm|p1a: fish|[spread] p1b\n|-activate|p1a: fish|move: Protect\n|-damage|p1b: dog|71/100\n|\n|-weather|RainDance|[upkeep]\n|-ability|p1b: dog|Moody|boost\n|-boost|p1b: dog|spe|2\n|-unboost|p1b: dog|def|1\n|upkeep\n|turn|4\n|\n|t:|1774591613\n|switch|p2b: Kyogre|Kyogre, L50, tera:Ghost|58/100\n|move|p2a: Rhydon|Protect|p2a: Rhydon\n|-singleturn|p2a: Rhydon|Protect\n|move|p1b: dog|Wide Guard|p1b: dog\n|-singleturn|p1b: dog|Wide Guard\n|move|p1a: fish|Water Spout|p2b: Kyogre|[spread] p2b\n|-activate|p2a: Rhydon|move: Protect\n|-damage|p2b: Kyogre|0 fnt\n|faint|p2b: Kyogre\n|-damage|p1a: fish|82/100|[from] item: Life Orb\n|\n|-weather|RainDance|[upkeep]\n|-sideend|p2: jerry rivera|move: Tailwind\n|-sideend|p1: mangrove propagule|move: Tailwind\n|-ability|p1b: dog|Moody|boost\n|-boost|p1b: dog|spd|2\n|-unboost|p1b: dog|spa|1\n|upkeep\n|\n|t:|1774591630\n|switch|p2b: Tornadus|Tornadus, L50, M|100/100\n|turn|5\n|\n|t:|1774591649\n|move|p1b: dog|Wide Guard|p1b: dog\n|-singleturn|p1b: dog|Wide Guard\n|move|p2b: Tornadus|Tailwind|p2b: Tornadus\n|-sidestart|p2: jerry rivera|move: Tailwind\n|move|p2a: Rhydon|High Horsepower|p1a: fish\n|-damage|p1a: fish|32/100\n|move|p1a: fish|Water Spout|p2b: Tornadus|[spread] p2a,p2b\n|-supereffective|p2a: Rhydon\n|-crit|p2a: Rhydon\n|-damage|p2a: Rhydon|0 fnt\n|-damage|p2b: Tornadus|14/100\n|faint|p2a: Rhydon\n|-damage|p1a: fish|23/100|[from] item: Life Orb\n|\n|-weather|none\n|-ability|p1b: dog|Moody|boost\n|-boost|p1b: dog|atk|2\n|-unboost|p1b: dog|spa|1\n|upkeep\n|\n|t:|1774591657\n|switch|p2a: Calyrex|Calyrex-Shadow, L50|100/100\n|-ability|p2a: Calyrex|As One\n|-ability|p2a: Calyrex|Unnerve\n|turn|6\n|inactive|mangrove propagule has 30 seconds left.\n|inactive|mangrove propagule has 20 seconds left.\n|inactive|mangrove propagule has 15 seconds left.\n|inactive|mangrove propagule has 10 seconds left.\n|\n|t:|1774591706\n|move|p1b: dog|Wide Guard|p1b: dog\n|-singleturn|p1b: dog|Wide Guard\n|move|p2a: Calyrex|Psychic|p1b: dog\n|-damage|p1b: dog|23/100\n|-damage|p2a: Calyrex|91/100|[from] item: Life Orb\n|move|p2b: Tornadus|Bleakwind Storm|p1a: fish|[spread] \n|-activate|p1a: fish|move: Wide Guard\n|-activate|p1b: dog|move: Wide Guard\n|move|p1a: fish|Water Spout|p2b: Tornadus|[spread] p2a,p2b\n|-damage|p2a: Calyrex|53/100\n|-damage|p2b: Tornadus|0 fnt\n|faint|p2b: Tornadus\n|-damage|p1a: fish|13/100|[from] item: Life Orb\n|\n|-ability|p1b: dog|Moody|boost\n|-boost|p1b: dog|spe|2\n|-unboost|p1b: dog|spd|1\n|upkeep\n|turn|7\n|\n|t:|1774591720\n|move|p1a: fish|Protect|p1a: fish\n|-singleturn|p1a: fish|Protect\n|move|p2a: Calyrex|Psychic|p1b: dog\n|-damage|p1b: dog|0 fnt\n|faint|p1b: dog\n|-ability|p2a: Calyrex|Grim Neigh|boost\n|-boost|p2a: Calyrex|spa|1\n|-damage|p2a: Calyrex|43/100|[from] item: Life Orb\n|\n|upkeep\n|\n|t:|1774591722\n|switch|p1b: honse|Calyrex-Ice, L50|100/100\n|-ability|p1b: honse|As One\n|-ability|p1b: honse|Unnerve\n|turn|8\n|\n|t:|1774591732\n|-terastallize|p1b: honse|Ground\n|move|p2a: Calyrex|Astral Barrage|p1b: honse|[spread] p1a,p1b\n|-crit|p1a: fish\n|-damage|p1a: fish|0 fnt\n|-damage|p1b: honse|12/100\n|faint|p1a: fish\n|-ability|p2a: Calyrex|Grim Neigh|boost\n|-boost|p2a: Calyrex|spa|1\n|-damage|p2a: Calyrex|34/100|[from] item: Life Orb\n|move|p1b: honse|Glacial Lance|p2a: Calyrex\n|-damage|p2a: Calyrex|0 fnt\n|faint|p2a: Calyrex\n|\n|win|mangrove propagule\n|raw|mangrove propagule's rating: 1373 &rarr; <strong>1395</strong><br />(+22 for winning)\n|raw|jerry rivera's rating: 1408 &rarr; <strong>1386</strong><br />(-22 for losing)\n|l|\u2606mangrove propagule\n|player|p1|\n|l|\u2606jerry rivera\n|player|p2|\n","uploadtime":1774591962,"views":10,"formatid":"gen9vgc2026regi","rating":1386,"private":0,"password":null}