{"id":"gen9vgc2026regi-2588747489","format":"[Gen 9] VGC 2026 Reg I","players":["JakeNBake3D","Annihilape50137"],"log":"|j|\u2606JakeNBake3D\n|j|\u2606Annihilape50137\n|t:|1776665477\n|gametype|doubles\n|player|p1|JakeNBake3D|266|1350\n|player|p2|Annihilape50137|1|1432\n|gen|9\n|tier|[Gen 9] VGC 2026 Reg I\n|rated|\n|rule|Species Clause: Limit one of each Pok\u00e9mon\n|rule|Item Clause: Limit 1 of each item\n|clearpoke\n|poke|p1|Miraidon, L50|\n|poke|p1|Lunala, L50|\n|poke|p1|Incineroar, L50, M|\n|poke|p1|Urshifu-*, L50, F|\n|poke|p1|Grimmsnarl, L50, M|\n|poke|p1|Ursaluna, L50, F|\n|poke|p2|Heatran, L50, F|\n|poke|p2|Farigiraf, L50, F|\n|poke|p2|Ursaluna, L50, F|\n|poke|p2|Koraidon, L50|\n|poke|p2|Ogerpon-Cornerstone, L50, F|\n|poke|p2|Calyrex-Ice, L50|\n|teampreview|4\n|\n|t:|1776665528\n|teamsize|p1|4\n|teamsize|p2|4\n|start\n|switch|p1a: Grimmsnarl|Grimmsnarl, L50, M, shiny|100/100\n|switch|p1b: Lunala|Lunala, L50, shiny|100/100\n|switch|p2a: Koraidon|Koraidon, L50|100/100\n|switch|p2b: Ogerpon|Ogerpon-Cornerstone, L50, F|100/100\n|-weather|SunnyDay|[from] ability: Orichalcum Pulse|[of] p2a: Koraidon\n|-activate|p2a: Koraidon|Orichalcum Pulse|[source]\n|turn|1\n|\n|t:|1776665552\n|move|p1a: Grimmsnarl|Reflect|p1a: Grimmsnarl\n|-sidestart|p1: JakeNBake3D|Reflect\n|move|p2a: Koraidon|Flare Blitz|p1b: Lunala\n|-damage|p1b: Lunala|80/100\n|-damage|p2a: Koraidon|91/100|[from] Recoil\n|move|p2b: Ogerpon|Ivy Cudgel|p1b: Lunala|[anim] Ivy Cudgel Rock\n|-damage|p1b: Lunala|53/100\n|move|p1b: Lunala|Moonblast|p2a: Koraidon\n|-supereffective|p2a: Koraidon\n|-damage|p2a: Koraidon|0 fnt\n|faint|p2a: Koraidon\n|\n|-weather|SunnyDay|[upkeep]\n|upkeep\n|\n|t:|1776665568\n|switch|p2a: Heatran|Heatran, L50, F|100/100\n|turn|2\n|\n|t:|1776665595\n|-terastallize|p2a: Heatran|Fire\n|move|p1a: Grimmsnarl|Light Screen|p1a: Grimmsnarl\n|-sidestart|p1: JakeNBake3D|move: Light Screen\n|move|p2b: Ogerpon|Ivy Cudgel|p1b: Lunala|[anim] Ivy Cudgel Rock\n|-damage|p1b: Lunala|25/100\n|move|p1b: Lunala|Moongeist Beam|p2b: Ogerpon\n|-damage|p2b: Ogerpon|33/100\n|move|p2a: Heatran|Heat Wave|p1b: Lunala|[spread] p1a,p1b\n|-damage|p1a: Grimmsnarl|48/100\n|-damage|p1b: Lunala|0 fnt\n|faint|p1b: Lunala\n|\n|-weather|SunnyDay|[upkeep]\n|upkeep\n|\n|t:|1776665613\n|switch|p1b: Miraidon|Miraidon, L50|100/100\n|-fieldstart|move: Electric Terrain|[from] ability: Hadron Engine|[of] p1b: Miraidon\n|turn|3\n|\n|t:|1776665629\n|-terastallize|p1b: Miraidon|Electric\n|move|p2a: Heatran|Protect|p2a: Heatran\n|-singleturn|p2a: Heatran|Protect\n|move|p2b: Ogerpon|Ivy Cudgel|p1a: Grimmsnarl|[anim] Ivy Cudgel Rock\n|-damage|p1a: Grimmsnarl|8/100\n|move|p1b: Miraidon|Electro Drift|p2a: Heatran\n|-activate|p2a: Heatran|move: Protect\n|move|p1a: Grimmsnarl|Spirit Break|p2b: Ogerpon\n|-damage|p2b: Ogerpon|0 fnt\n|faint|p2b: Ogerpon\n|\n|-weather|SunnyDay|[upkeep]\n|upkeep\n|\n|t:|1776665646\n|switch|p2b: Calyrex|Calyrex-Ice, L50|100/100\n|-ability|p2b: Calyrex|As One\n|-ability|p2b: Calyrex|Unnerve\n|turn|4\n|\n|t:|1776665663\n|move|p1a: Grimmsnarl|Thunder Wave|p2b: Calyrex\n|-status|p2b: Calyrex|par\n|move|p1b: Miraidon|Electro Drift|p2a: Heatran\n|-damage|p2a: Heatran|0 fnt\n|faint|p2a: Heatran\n|move|p2b: Calyrex|Trick Room|p2b: Calyrex\n|-fieldstart|move: Trick Room|[of] p2b: Calyrex\n|\n|-weather|SunnyDay|[upkeep]\n|upkeep\n|turn|5\n|\n|t:|1776665681\n|move|p2b: Calyrex|High Horsepower|p1b: Miraidon|[miss]\n|-miss|p2b: Calyrex|p1b: Miraidon\n|move|p1a: Grimmsnarl|Spirit Break|p2b: Calyrex\n|-damage|p2b: Calyrex|78/100 par\n|-unboost|p2b: Calyrex|spa|1\n|move|p1b: Miraidon|Electro Drift|p2b: Calyrex\n|-damage|p2b: Calyrex|0 fnt\n|faint|p2b: Calyrex\n|\n|win|JakeNBake3D\n|raw|JakeNBake3D's rating: 1350 &rarr; <strong>1375</strong><br />(+25 for winning)\n|raw|Annihilape50137's rating: 1432 &rarr; <strong>1407</strong><br />(-25 for losing)\n|l|\u2606Annihilape50137\n|player|p2|\n|l|\u2606JakeNBake3D\n|player|p1|\n","uploadtime":1776665878,"views":10,"formatid":"gen9vgc2026regi","rating":1375,"private":0,"password":null}