{"id":"gen9vgc2026regi-2576493598","format":"[Gen 9] VGC 2026 Reg I","players":["Mirthinion","Darknight918"],"log":"|j|\u2606Mirthinion\n|j|\u2606Darknight918\n|t:|1775481360\n|gametype|doubles\n|player|p1|Mirthinion|janitor|1595\n|player|p2|Darknight918|will|1466\n|gen|9\n|tier|[Gen 9] VGC 2026 Reg I\n|rated|\n|rule|Species Clause: Limit one of each Pok\u00e9mon\n|rule|Item Clause: Limit 1 of each item\n|clearpoke\n|poke|p1|Calyrex-Shadow, L50|\n|poke|p1|Zamazenta-*, L50|\n|poke|p1|Urshifu-*, L50, M|\n|poke|p1|Incineroar, L50, M|\n|poke|p1|Rillaboom, L50, M|\n|poke|p1|Tornadus, L50, M|\n|poke|p2|Miraidon, L50|\n|poke|p2|Calyrex-Ice, L50|\n|poke|p2|Farigiraf, L50, M|\n|poke|p2|Incineroar, L50, F|\n|poke|p2|Urshifu-*, L50, F|\n|poke|p2|Whimsicott, L50, F|\n|teampreview|4\n|inactive|Battle timer is ON: inactive players will automatically lose when time's up. (requested by Mirthinion)\n|inactive|Darknight918 also wants the timer to be on.\nMirthinion rejected open team sheets.\n|inactive|Darknight918 has 60 seconds left.\n|\n|t:|1775481416\n|teamsize|p1|4\n|teamsize|p2|4\n|start\n|switch|p1a: Hoplite|Rillaboom, L50, M|100/100\n|switch|p1b: Drambor|Zamazenta-Crowned, L50|100/100\n|switch|p2a: Miraidon|Miraidon, L50|100/100\n|switch|p2b: Whimsicott|Whimsicott, L50, F, shiny|100/100\n|-ability|p1b: Drambor|Dauntless Shield|boost\n|-boost|p1b: Drambor|def|1\n|-fieldstart|move: Electric Terrain|[from] ability: Hadron Engine|[of] p2a: Miraidon\n|-fieldstart|move: Grassy Terrain|[from] ability: Grassy Surge|[of] p1a: Hoplite\n|turn|1\n|\n|t:|1775481441\n|switch|p2b: Farigiraf|Farigiraf, L50, M, shiny|100/100\n|-terastallize|p1b: Drambor|Grass\n|move|p1b: Drambor|Behemoth Bash|p2b: Farigiraf\n|-damage|p2b: Farigiraf|67/100\n|move|p2a: Miraidon|Volt Switch|p1b: Drambor\n|-resisted|p1b: Drambor\n|-damage|p1b: Drambor|77/100\n|\n|t:|1775481450\n|switch|p2a: Calyrex|Calyrex-Ice, L50|100/100|[from] Volt Switch\n|-ability|p2a: Calyrex|As One\n|-ability|p2a: Calyrex|Unnerve\n|move|p1a: Hoplite|U-turn|p2b: Farigiraf\n|-supereffective|p2b: Farigiraf\n|-damage|p2b: Farigiraf|25/100\n|\n|t:|1775481464\n|switch|p1a: Mithrandir|Calyrex-Shadow, L50|100/100|[from] U-turn\n|-ability|p1a: Mithrandir|As One\n|-ability|p1a: Mithrandir|Unnerve\n|\n|-heal|p1b: Drambor|83/100|[from] Grassy Terrain\n|-heal|p2b: Farigiraf|32/100|[from] Grassy Terrain\n|upkeep\n|turn|2\n|\n|t:|1775481488\n|-terastallize|p2a: Calyrex|Water\n|move|p1a: Mithrandir|Pollen Puff|p2b: Farigiraf\n|-supereffective|p2b: Farigiraf\n|-damage|p2b: Farigiraf|0 fnt\n|faint|p2b: Farigiraf\n|-ability|p1a: Mithrandir|Grim Neigh|boost\n|-boost|p1a: Mithrandir|spa|1\n|move|p1b: Drambor|Body Press|p2a: Calyrex\n|-damage|p2a: Calyrex|58/100\n|move|p2a: Calyrex|Trick Room|p2a: Calyrex\n|-fieldstart|move: Trick Room|[of] p2a: Calyrex\n|\n|-heal|p2a: Calyrex|64/100|[from] Grassy Terrain\n|-heal|p1b: Drambor|89/100|[from] Grassy Terrain\n|upkeep\n|\n|t:|1775481505\n|switch|p2b: Miraidon|Miraidon, L50|100/100\n|-fieldstart|move: Electric Terrain|[from] ability: Hadron Engine|[of] p2b: Miraidon\n|turn|3\n|\n|t:|1775481513\n|switch|p1a: Hoplite|Rillaboom, L50, M|100/100\n|-fieldstart|move: Grassy Terrain|[from] ability: Grassy Surge|[of] p1a: Hoplite\n|move|p1b: Drambor|Wide Guard|p1b: Drambor\n|-singleturn|p1b: Drambor|Wide Guard\n|move|p2a: Calyrex|High Horsepower|p1a: Hoplite\n|-resisted|p1a: Hoplite\n|-damage|p1a: Hoplite|84/100\n|move|p2b: Miraidon|Draco Meteor|p1b: Drambor\n|-damage|p1b: Drambor|10/100\n|-unboost|p2b: Miraidon|spa|2\n|\n|-heal|p2a: Calyrex|70/100|[from] Grassy Terrain\n|-heal|p1a: Hoplite|90/100|[from] Grassy Terrain\n|-heal|p1b: Drambor|16/100|[from] Grassy Terrain\n|upkeep\n|turn|4\n|inactive|Mirthinion has 30 seconds left.\n|\n|t:|1775481540\n|move|p1a: Hoplite|Fake Out|p2a: Calyrex\n|-damage|p2a: Calyrex|60/100\n|cant|p2a: Calyrex|flinch\n|move|p2b: Miraidon|Draco Meteor|p1b: Drambor\n|-damage|p1b: Drambor|0 fnt\n|-unboost|p2b: Miraidon|spa|2\n|faint|p1b: Drambor\n|\n|-heal|p2a: Calyrex|66/100|[from] Grassy Terrain\n|-heal|p1a: Hoplite|96/100|[from] Grassy Terrain\n|upkeep\n|\n|t:|1775481550\n|switch|p1b: Wolfgang|Incineroar, L50, M|100/100\n|-ability|p1b: Wolfgang|Intimidate|boost\n|-fail|p2a: Calyrex|unboost|[from] item: Clear Amulet|[of] p2a: Calyrex\n|-unboost|p2b: Miraidon|atk|1\n|turn|5\n|\n|t:|1775481562\n|switch|p2b: Whimsicott|Whimsicott, L50, F, shiny|100/100\n|move|p2a: Calyrex|Protect|p2a: Calyrex\n|-singleturn|p2a: Calyrex|Protect\n|move|p1b: Wolfgang|Fake Out|p2a: Calyrex\n|-activate|p2a: Calyrex|move: Protect\n|move|p1a: Hoplite|Grassy Glide|p2a: Calyrex\n|-activate|p2a: Calyrex|move: Protect\n|\n|-heal|p2a: Calyrex|72/100|[from] Grassy Terrain\n|-heal|p1a: Hoplite|100/100|[from] Grassy Terrain\n|upkeep\n|turn|6\n|\n|t:|1775481586\n|switch|p2a: Miraidon|Miraidon, L50|100/100\n|-fieldstart|move: Electric Terrain|[from] ability: Hadron Engine|[of] p2a: Miraidon\n|move|p2b: Whimsicott|Encore|p1b: Wolfgang\n|-hint|Since gen 7, Dark is immune to Prankster moves.\n|-immune|p1b: Wolfgang\n|move|p1b: Wolfgang|Flare Blitz|p2b: Whimsicott\n|-supereffective|p2b: Whimsicott\n|-damage|p2b: Whimsicott|0 fnt\n|faint|p2b: Whimsicott\n|-damage|p1b: Wolfgang|73/100|[from] Recoil\n|move|p1a: Hoplite|Grassy Glide|p2a: Miraidon\n|-resisted|p2a: Miraidon\n|-damage|p2a: Miraidon|86/100\n|\n|-fieldend|move: Trick Room\n|upkeep\n|\n|t:|1775481593\n|switch|p2b: Calyrex|Calyrex-Ice, L50, tera:Water|72/100\n|-ability|p2b: Calyrex|As One\n|-ability|p2b: Calyrex|Unnerve\n|turn|7\n|inactive|Darknight918 has 30 seconds left.\n|inactive|Darknight918 has 20 seconds left.\n|inactive|Darknight918 has 15 seconds left.\n|inactive|Darknight918 has 10 seconds left.\n|\n|t:|1775481639\n|move|p2a: Miraidon|Draco Meteor|p1a: Hoplite\n|-damage|p1a: Hoplite|0 fnt\n|-unboost|p2a: Miraidon|spa|2\n|faint|p1a: Hoplite\n|move|p1b: Wolfgang|Knock Off|p2b: Calyrex\n|-damage|p2b: Calyrex|50/100\n|-enditem|p2b: Calyrex|Clear Amulet|[from] move: Knock Off|[of] p1b: Wolfgang\n|move|p2b: Calyrex|Trick Room|p2b: Calyrex\n|-fieldstart|move: Trick Room|[of] p2b: Calyrex\n|\n|upkeep\n|\n|t:|1775481648\n|switch|p1a: Mithrandir|Calyrex-Shadow, L50|100/100\n|-ability|p1a: Mithrandir|As One\n|-ability|p1a: Mithrandir|Unnerve\n|turn|8\n|\n|t:|1775481661\n|move|p2b: Calyrex|Glacial Lance|p1b: Wolfgang|[spread] p1a,p1b\n|-resisted|p1b: Wolfgang\n|-damage|p1a: Mithrandir|49/100\n|-damage|p1b: Wolfgang|48/100\n|move|p1b: Wolfgang|Knock Off|p2b: Calyrex\n|-damage|p2b: Calyrex|35/100\n|move|p2a: Miraidon|Draco Meteor|p1a: Mithrandir\n|-damage|p1a: Mithrandir|0 fnt\n|-unboost|p2a: Miraidon|spa|2\n|faint|p1a: Mithrandir\n|\n|upkeep\n|turn|9\n|j| pangolier\n|\n|t:|1775481674\n|move|p2b: Calyrex|High Horsepower|p1b: Wolfgang|[miss]\n|-miss|p2b: Calyrex|p1b: Wolfgang\n|move|p1b: Wolfgang|Knock Off|p2b: Calyrex\n|-damage|p2b: Calyrex|20/100\n|move|p2a: Miraidon|Draco Meteor|p1b: Wolfgang\n|-damage|p1b: Wolfgang|15/100\n|-unboost|p2a: Miraidon|spa|2\n|\n|upkeep\n|turn|10\n|\n|t:|1775481683\n|move|p2b: Calyrex|High Horsepower|p1b: Wolfgang\n|-supereffective|p1b: Wolfgang\n|-damage|p1b: Wolfgang|0 fnt\n|faint|p1b: Wolfgang\n|\n|win|Darknight918\n|raw|Mirthinion's rating: 1595 &rarr; <strong>1568</strong><br />(-27 for losing)\n|raw|Darknight918's rating: 1466 &rarr; <strong>1493</strong><br />(+27 for winning)\n|l|\u2606Darknight918\n|player|p2|\n|c|\u2606Mirthinion|gg\n","uploadtime":1775481693,"views":41,"formatid":"gen9vgc2026regi","rating":1493,"private":0,"password":null}