{"id":"gen9vgc2026regi-2552242914","format":"[Gen 9] VGC 2026 Reg I","players":["uchdb","I\u2764\ufe0f\u5a1c\u7984forever"],"log":"|j|\u2606uchdb\n|j|\u2606I\u2764\ufe0f\u5a1c\u7984forever\n|t:|1772695592\n|gametype|doubles\n|player|p1|uchdb|102|1520\n|player|p2|I\u2764\ufe0f\u5a1c\u7984forever|youngcouple-gen4dp|1386\n|gen|9\n|tier|[Gen 9] VGC 2026 Reg I\n|rated|\n|rule|Species Clause: Limit one of each Pok\u00e9mon\n|rule|Item Clause: Limit 1 of each item\n|clearpoke\n|poke|p1|Terapagos, L50, M|\n|poke|p1|Annihilape, L50, M|\n|poke|p1|Landorus, L50, M|\n|poke|p1|Urshifu-*, L50, F|\n|poke|p1|Calyrex-Shadow, L50|\n|poke|p1|Tornadus, L50, M|\n|poke|p2|Groudon, L50|\n|poke|p2|Kyurem-White, L50|\n|poke|p2|Heatran, L50, M|\n|poke|p2|Whimsicott, L50, M|\n|poke|p2|Roaring Moon, L50|\n|poke|p2|Ditto, L50|\n|teampreview|4\n|\n|t:|1772695641\n|teamsize|p1|4\n|teamsize|p2|4\n|start\n|switch|p1a: Calyrex|Calyrex-Shadow, L50|100/100\n|switch|p1b: Terapagos|Terapagos, L50, M|100/100\n|switch|p2a: Whimsicott|Whimsicott, L50, M|100/100\n|switch|p2b: Kyurem|Kyurem-White, L50|100/100\n|-activate|p1b: Terapagos|ability: Tera Shift\n|detailschange|p1b: Terapagos|Terapagos-Terastal, L50, M\n|-heal|p1b: Terapagos|100/100|[silent]\n|-ability|p1a: Calyrex|As One\n|-ability|p1a: Calyrex|Unnerve\n|-ability|p2b: Kyurem|Turboblaze\n|turn|1\n|\n|t:|1772695651\n|move|p2a: Whimsicott|Endeavor|p1b: Terapagos\n|-damage|p1b: Terapagos|64/100\n|move|p1b: Terapagos|Tera Starstorm|p2a: Whimsicott\n|-enditem|p2a: Whimsicott|Focus Sash\n|-damage|p2a: Whimsicott|1/100\n|move|p2b: Kyurem|Blizzard|p1a: Calyrex|[spread] p1b\n|-miss|p2b: Kyurem|p1a: Calyrex\n|-enditem|p2b: Kyurem|Blunder Policy\n|-boost|p2b: Kyurem|spe|2\n|-damage|p1b: Terapagos|13/100\n|move|p1a: Calyrex|Trick Room|p1a: Calyrex\n|-fieldstart|move: Trick Room|[of] p1a: Calyrex\n|\n|upkeep\n|turn|2\n|\n|t:|1772695676\n|switch|p2a: Heatran|Heatran, L50, M|100/100\n|switch|p1a: Tornadus|Tornadus, L50, M|100/100\n|move|p1b: Terapagos|Tera Starstorm|p2b: Kyurem\n|-damage|p2b: Kyurem|28/100\n|move|p2b: Kyurem|Blizzard|p1a: Tornadus|[spread] p1a\n|-miss|p2b: Kyurem|p1b: Terapagos\n|-supereffective|p1a: Tornadus\n|-damage|p1a: Tornadus|0 fnt\n|faint|p1a: Tornadus\n|\n|upkeep\n|\n|t:|1772695686\n|switch|p1a: Landorus|Landorus, L50, M|100/100\n|turn|3\n|\n|t:|1772695696\n|-terastallize|p1a: Landorus|Water\n|move|p2a: Heatran|Protect|p2a: Heatran\n|-singleturn|p2a: Heatran|Protect\n|move|p1b: Terapagos|Tera Starstorm|p2a: Heatran\n|-activate|p2a: Heatran|move: Protect\n|move|p1a: Landorus|Sandsear Storm|p2a: Heatran|[spread] p2b\n|-activate|p2a: Heatran|move: Protect\n|-crit|p2b: Kyurem\n|-damage|p2b: Kyurem|0 fnt\n|faint|p2b: Kyurem\n|\n|upkeep\n|\n|t:|1772695708\n|switch|p2b: Groudon|Groudon, L50|100/100\n|-weather|SunnyDay|[from] ability: Drought|[of] p2b: Groudon\n|turn|4\n|\n|t:|1772695714\n|-terastallize|p2a: Heatran|Fire\n|move|p2a: Heatran|Heat Wave|p1b: Terapagos|[spread] p1b\n|-miss|p2a: Heatran|p1a: Landorus\n|-damage|p1b: Terapagos|0 fnt\n|faint|p1b: Terapagos\n|move|p2b: Groudon|Precipice Blades|p1a: Landorus\n|-damage|p1a: Landorus|34/100\n|move|p1a: Landorus|Sandsear Storm|p2a: Heatran|[spread] p2b\n|-miss|p1a: Landorus|p2a: Heatran\n|-damage|p2b: Groudon|73/100\n|\n|-weather|SunnyDay|[upkeep]\n|upkeep\n|\n|t:|1772695726\n|switch|p1b: Calyrex|Calyrex-Shadow, L50|100/100\n|-ability|p1b: Calyrex|As One\n|-ability|p1b: Calyrex|Unnerve\n|turn|5\n|\n|t:|1772695737\n|move|p2a: Heatran|Substitute|p2a: Heatran\n|-start|p2a: Heatran|Substitute\n|-damage|p2a: Heatran|76/100\n|move|p2b: Groudon|Precipice Blades|p1a: Landorus|[spread] p1a,p1b\n|-damage|p1a: Landorus|0 fnt\n|-damage|p1b: Calyrex|51/100\n|faint|p1a: Landorus\n|move|p1b: Calyrex|Astral Barrage|p2b: Groudon|[spread] p2a,p2b\n|-end|p2a: Heatran|Substitute\n|-damage|p2b: Groudon|37/100\n|\n|-weather|SunnyDay|[upkeep]\n|-heal|p2a: Heatran|82/100|[from] item: Leftovers\n|-fieldend|move: Trick Room\n|upkeep\n|turn|6\n|-message|uchdb forfeited.\n|\n|win|I\u2764\ufe0f\u5a1c\u7984forever\n|raw|uchdb's rating: 1520 &rarr; <strong>1493</strong><br />(-27 for losing)\n|raw|I\u2764\ufe0f\u5a1c\u7984forever's rating: 1386 &rarr; <strong>1413</strong><br />(+27 for winning)\n|l|\u2606uchdb\n|player|p1|\n|l|\u2606I\u2764\ufe0f\u5a1c\u7984forever\n|player|p2|\n","uploadtime":1772696009,"views":14,"formatid":"gen9vgc2026regi","rating":1413,"private":0,"password":null}