{"id":"gen9vgc2026regi-2541699315","format":"[Gen 9] VGC 2026 Reg I","players":["marcxhenry","goldenfree"],"log":"|j|\u2606marcxhenry\n|j|\u2606goldenfree\n|t:|1771360303\n|gametype|doubles\n|player|p1|marcxhenry|hilbert-wonderlauncher|1411\n|player|p2|goldenfree|170|1327\n|gen|9\n|tier|[Gen 9] VGC 2026 Reg I\n|rated|\n|rule|Species Clause: Limit one of each Pok\u00e9mon\n|rule|Item Clause: Limit 1 of each item\n|clearpoke\n|poke|p1|Calyrex-Shadow, L50|\n|poke|p1|Urshifu-*, L50, M|\n|poke|p1|Roaring Moon, L50|\n|poke|p1|Kyogre, L50|\n|poke|p1|Tsareena, L50, F|\n|poke|p1|Kingambit, L50, M|\n|poke|p2|Brute Bonnet, L50|\n|poke|p2|Calyrex-Ice, L50|\n|poke|p2|Incineroar, L50, F|\n|poke|p2|Kyogre, L50|\n|poke|p2|Oranguru, L50, M|\n|poke|p2|Archaludon, L50, F|\n|teampreview|4\n|\n|t:|1771360318\n|teamsize|p1|4\n|teamsize|p2|4\n|start\n|switch|p1a: Hitmonshe|Tsareena, L50, F, shiny|100/100\n|switch|p1b: Tripitz|Kyogre, L50, shiny|100/100\n|switch|p2a: Oranguru|Oranguru, L50, M|100/100\n|switch|p2b: Brute Bonnet|Brute Bonnet, L50|100/100\n|-weather|RainDance|[from] ability: Drizzle|[of] p1b: Tripitz\n|turn|1\n|\n|t:|1771360333\n|move|p2b: Brute Bonnet|Rage Powder|p2b: Brute Bonnet\n|-singleturn|p2b: Brute Bonnet|move: Rage Powder\n|move|p1b: Tripitz|Water Spout|p2a: Oranguru|[spread] p2a,p2b\n|-resisted|p2b: Brute Bonnet\n|-damage|p2a: Oranguru|5/100\n|-damage|p2b: Brute Bonnet|49/100\n|-enditem|p2b: Brute Bonnet|Eject Button\n|\n|t:|1771360339\n|-end|p2b: Brute Bonnet|Protosynthesis|[silent]\n|switch|p2b: Calyrex|Calyrex-Ice, L50|100/100\n|-ability|p2b: Calyrex|As One\n|-ability|p2b: Calyrex|Unnerve\n|move|p1a: Hitmonshe|Taunt|p2b: Calyrex\n|-start|p2b: Calyrex|move: Taunt\n|move|p2a: Oranguru|Trick Room|p2a: Oranguru\n|-fieldstart|move: Trick Room|[of] p2a: Oranguru\n|\n|-weather|RainDance|[upkeep]\n|upkeep\n|turn|2\n|\n|t:|1771360355\n|move|p1a: Hitmonshe|Protect|p1a: Hitmonshe\n|-singleturn|p1a: Hitmonshe|Protect\n|move|p1b: Tripitz|Protect|p1b: Tripitz\n|-singleturn|p1b: Tripitz|Protect\n|move|p2b: Calyrex|Glacial Lance|p1b: Tripitz|[spread] \n|-activate|p1a: Hitmonshe|move: Protect\n|-activate|p1b: Tripitz|move: Protect\n|move|p2a: Oranguru|Instruct|p2b: Calyrex\n|-singleturn|p2b: Calyrex|move: Instruct|[of] p2a: Oranguru\n|move|p2b: Calyrex|Glacial Lance|p1b: Tripitz|[spread] \n|-activate|p1a: Hitmonshe|move: Protect\n|-activate|p1b: Tripitz|move: Protect\n|\n|-weather|RainDance|[upkeep]\n|upkeep\n|turn|3\n|\n|t:|1771360371\n|-terastallize|p1a: Hitmonshe|Water\n|move|p2b: Calyrex|Glacial Lance|p1a: Hitmonshe|[spread] p1a,p1b\n|-resisted|p1a: Hitmonshe\n|-resisted|p1b: Tripitz\n|-damage|p1a: Hitmonshe|67/100\n|-damage|p1b: Tripitz|69/100\n|move|p2a: Oranguru|Instruct|p2b: Calyrex\n|-singleturn|p2b: Calyrex|move: Instruct|[of] p2a: Oranguru\n|move|p2b: Calyrex|Glacial Lance|p1a: Hitmonshe|[spread] p1a,p1b\n|-resisted|p1a: Hitmonshe\n|-resisted|p1b: Tripitz\n|-damage|p1a: Hitmonshe|34/100\n|-damage|p1b: Tripitz|33/100\n|move|p1a: Hitmonshe|Power Whip|p2b: Calyrex\n|-damage|p2b: Calyrex|63/100\n|move|p1b: Tripitz|Origin Pulse|p2a: Oranguru|[spread] p2a,p2b\n|-damage|p2a: Oranguru|0 fnt\n|-damage|p2b: Calyrex|0 fnt\n|faint|p2a: Oranguru\n|faint|p2b: Calyrex\n|\n|-weather|RainDance|[upkeep]\n|upkeep\n|\n|t:|1771360380\n|switch|p2b: Brute Bonnet|Brute Bonnet, L50|49/100\n|switch|p2a: Kyogre|Kyogre, L50|100/100\n|-enditem|p2a: Kyogre|Room Service\n|-unboost|p2a: Kyogre|spe|1|[from] item: Room Service\n|turn|4\n|\n|t:|1771360400\n|move|p1a: Hitmonshe|Protect|p1a: Hitmonshe\n|-singleturn|p1a: Hitmonshe|Protect\n|move|p1b: Tripitz|Protect|p1b: Tripitz\n|-singleturn|p1b: Tripitz|Protect\n|move|p2b: Brute Bonnet|Rage Powder|p2b: Brute Bonnet\n|-singleturn|p2b: Brute Bonnet|move: Rage Powder\n|move|p2a: Kyogre|Water Spout|p1a: Hitmonshe|[spread] \n|-activate|p1a: Hitmonshe|move: Protect\n|-activate|p1b: Tripitz|move: Protect\n|\n|-weather|RainDance|[upkeep]\n|upkeep\n|turn|5\n|\n|t:|1771360417\n|switch|p1a: Hermann|Kingambit, L50, M, shiny|100/100\n|move|p1b: Tripitz|Protect|p1b: Tripitz\n|-singleturn|p1b: Tripitz|Protect\n|move|p2b: Brute Bonnet|Sucker Punch||[still]\n|-fail|p2b: Brute Bonnet\n|move|p2a: Kyogre|Water Spout|p1a: Hermann|[spread] p1a\n|-activate|p1b: Tripitz|move: Protect\n|-damage|p1a: Hermann|32/100\n|\n|-weather|none\n|-fieldend|move: Trick Room\n|upkeep\n|turn|6\n|\n|t:|1771360435\n|move|p2a: Kyogre|Protect|p2a: Kyogre\n|-singleturn|p2a: Kyogre|Protect\n|move|p1b: Tripitz|Origin Pulse|p2b: Brute Bonnet|[spread] p2b\n|-activate|p2a: Kyogre|move: Protect\n|-resisted|p2b: Brute Bonnet\n|-damage|p2b: Brute Bonnet|25/100\n|move|p1a: Hermann|Brick Break|p2b: Brute Bonnet\n|-supereffective|p2b: Brute Bonnet\n|-damage|p2b: Brute Bonnet|0 fnt\n|faint|p2b: Brute Bonnet\n|-end|p2b: Brute Bonnet|Protosynthesis|[silent]\n|\n|upkeep\n|turn|7\n|-message|goldenfree forfeited.\n|\n|win|marcxhenry\n|raw|marcxhenry's rating: 1411 &rarr; <strong>1426</strong><br />(+15 for winning)\n|raw|goldenfree's rating: 1327 &rarr; <strong>1312</strong><br />(-15 for losing)\n|l|\u2606goldenfree\n|player|p2|\n|l|\u2606marcxhenry\n|player|p1|\n","uploadtime":1771360642,"views":11,"formatid":"gen9vgc2026regi","rating":1312,"private":0,"password":null}