{"id":"gen9vgc2026regi-2564207404","format":"[Gen 9] VGC 2026 Reg I","players":["Bilbobagginz","EllenJoe2026"],"log":"|j|\u2606Bilbobagginz\n|j|\u2606EllenJoe2026\n|t:|1774120585\n|gametype|doubles\n|player|p1|Bilbobagginz|lance|1357\n|player|p2|EllenJoe2026|2|1400\n|gen|9\n|tier|[Gen 9] VGC 2026 Reg I\n|rated|\n|rule|Species Clause: Limit one of each Pok\u00e9mon\n|rule|Item Clause: Limit 1 of each item\n|clearpoke\n|poke|p1|Oranguru, L50, M|\n|poke|p1|Calyrex-Ice, L50|\n|poke|p1|Torkoal, L50, F|\n|poke|p1|Miraidon, L50|\n|poke|p1|Iron Hands, L50|\n|poke|p1|Incineroar, L50, M|\n|poke|p2|Calyrex-Shadow, L50|\n|poke|p2|Zamazenta-*, L50|\n|poke|p2|Incineroar, L50, F|\n|poke|p2|Rillaboom, L50, F|\n|poke|p2|Smeargle, L50, F|\n|poke|p2|Tornadus, L50, M|\n|teampreview|4\n|inactive|Battle timer is ON: inactive players will automatically lose when time's up. (requested by EllenJoe2026)\n|inactive|EllenJoe2026 has 60 seconds left.\n|\n|t:|1774120645\n|teamsize|p1|4\n|teamsize|p2|4\n|start\n|switch|p1a: Oranguru|Oranguru, L50, M|100/100\n|switch|p1b: Calyrex|Calyrex-Ice, L50|100/100\n|switch|p2a: Calyrex|Calyrex-Shadow, L50|100/100\n|switch|p2b: Smeargle|Smeargle, L50, F, shiny|100/100\n|-ability|p2a: Calyrex|As One\n|-ability|p2a: Calyrex|Unnerve\n|-ability|p1b: Calyrex|As One\n|-ability|p1b: Calyrex|Unnerve\n|turn|1\n|\n|t:|1774120665\n|switch|p1b: Miraidon|Miraidon, L50|100/100\n|-fieldstart|move: Electric Terrain|[from] ability: Hadron Engine|[of] p1b: Miraidon\n|-terastallize|p2a: Calyrex|Dark\n|move|p2a: Calyrex|Imprison|p2a: Calyrex\n|-start|p2a: Calyrex|move: Imprison\n|move|p2b: Smeargle|Spore|p1b: Miraidon\n|-activate|p1b: Miraidon|move: Electric Terrain\n|cant|p1a: Oranguru|move: Imprison|Trick Room\n|\n|-ability|p2b: Smeargle|Moody|boost\n|-boost|p2b: Smeargle|spd|2\n|-unboost|p2b: Smeargle|atk|1\n|upkeep\n|turn|2\n|inactive|EllenJoe2026 has 30 seconds left.\n|\n|t:|1774120692\n|move|p2a: Calyrex|Protect|p2a: Calyrex\n|-singleturn|p2a: Calyrex|Protect\n|move|p1b: Miraidon|Dazzling Gleam|p2b: Smeargle|[spread] p2b\n|-activate|p2a: Calyrex|move: Protect\n|-damage|p2b: Smeargle|53/100\n|-damage|p1b: Miraidon|91/100|[from] item: Life Orb\n|move|p2b: Smeargle|Decorate|p2a: Calyrex\n|-boost|p2a: Calyrex|atk|2\n|-boost|p2a: Calyrex|spa|2\n|move|p1a: Oranguru|Instruct|p1b: Miraidon\n|-singleturn|p1b: Miraidon|move: Instruct|[of] p1a: Oranguru\n|move|p1b: Miraidon|Dazzling Gleam|p2a: Calyrex|[spread] p2b\n|-activate|p2a: Calyrex|move: Protect\n|-damage|p2b: Smeargle|0 fnt\n|faint|p2b: Smeargle\n|-damage|p1b: Miraidon|81/100|[from] item: Life Orb\n|\n|upkeep\n|\n|t:|1774120709\n|switch|p2b: Rillaboom|Rillaboom, L50, F, shiny|100/100\n|-fieldstart|move: Grassy Terrain|[from] ability: Grassy Surge|[of] p2b: Rillaboom\n|turn|3\n|\n|t:|1774120732\n|move|p2b: Rillaboom|Fake Out|p1b: Miraidon\n|-damage|p1b: Miraidon|68/100\n|move|p2a: Calyrex|Astral Barrage|p1b: Miraidon|[spread] p1b\n|-immune|p1a: Oranguru\n|-damage|p1b: Miraidon|0 fnt\n|faint|p1b: Miraidon\n|-ability|p2a: Calyrex|Grim Neigh|boost\n|-boost|p2a: Calyrex|spa|1\n|move|p1a: Oranguru|Foul Play|p2b: Rillaboom\n|-damage|p2b: Rillaboom|72/100\n|\n|-heal|p2b: Rillaboom|78/100|[from] Grassy Terrain\n|upkeep\n|\n|t:|1774120746\n|switch|p1b: Calyrex|Calyrex-Ice, L50|100/100\n|-ability|p1b: Calyrex|As One\n|-ability|p1b: Calyrex|Unnerve\n|turn|4\n|\n|t:|1774120759\n|-terastallize|p1b: Calyrex|Normal\n|move|p2a: Calyrex|Protect|p2a: Calyrex\n|-singleturn|p2a: Calyrex|Protect\n|move|p2b: Rillaboom|Wood Hammer|p1b: Calyrex\n|-damage|p1b: Calyrex|54/100\n|-damage|p2b: Rillaboom|62/100|[from] Recoil\n|move|p1a: Oranguru|Reflect|p1a: Oranguru\n|-sidestart|p1: Bilbobagginz|Reflect\n|move|p1b: Calyrex|Glacial Lance|p2a: Calyrex|[spread] p2b\n|-activate|p2a: Calyrex|move: Protect\n|-supereffective|p2b: Rillaboom\n|-damage|p2b: Rillaboom|0 fnt\n|faint|p2b: Rillaboom\n|-ability|p1b: Calyrex|Chilling Neigh|boost\n|-boost|p1b: Calyrex|atk|1\n|\n|-heal|p1b: Calyrex|60/100|[from] Grassy Terrain\n|upkeep\n|\n|t:|1774120766\n|switch|p2b: Zamazenta|Zamazenta-Crowned, L50, shiny|100/100\n|-ability|p2b: Zamazenta|Dauntless Shield|boost\n|-boost|p2b: Zamazenta|def|1\n|turn|5\n|\n|t:|1774120784\n|move|p2a: Calyrex|Astral Barrage|p1a: Oranguru|[spread] \n|-immune|p1a: Oranguru\n|-immune|p1b: Calyrex\n|move|p2b: Zamazenta|Body Press|p1b: Calyrex\n|-supereffective|p1b: Calyrex\n|-damage|p1b: Calyrex|0 fnt\n|faint|p1b: Calyrex\n|move|p1a: Oranguru|Foul Play|p2b: Zamazenta\n|-resisted|p2b: Zamazenta\n|-damage|p2b: Zamazenta|96/100\n|\n|-heal|p2b: Zamazenta|100/100|[from] Grassy Terrain\n|upkeep\n|j| Therazer456\n|\n|t:|1774120797\n|switch|p1b: Torkoal|Torkoal, L50, F|100/100\n|-weather|SunnyDay|[from] ability: Drought|[of] p1b: Torkoal\n|turn|6\n|\n|t:|1774120805\n|move|p2a: Calyrex|Astral Barrage|p1a: Oranguru|[spread] p1b\n|-immune|p1a: Oranguru\n|-damage|p1b: Torkoal|0 fnt\n|faint|p1b: Torkoal\n|-ability|p2a: Calyrex|Grim Neigh|boost\n|-boost|p2a: Calyrex|spa|1\n|move|p2b: Zamazenta|Body Press|p1a: Oranguru\n|-damage|p1a: Oranguru|44/100\n|move|p1a: Oranguru|Instruct|p1: Torkoal|[notarget]\n|-fail|p1a: Oranguru\n|\n|-weather|SunnyDay|[upkeep]\n|-heal|p1a: Oranguru|50/100|[from] Grassy Terrain\n|upkeep\n|turn|7\n|-message|Bilbobagginz forfeited.\n|\n|win|EllenJoe2026\n|raw|Bilbobagginz's rating: 1357 &rarr; <strong>1339</strong><br />(-18 for losing)\n|raw|EllenJoe2026's rating: 1400 &rarr; <strong>1418</strong><br />(+18 for winning)\n|l|\u2606Bilbobagginz\n|player|p1|\n|l|\u2606EllenJoe2026\n|player|p2|\n|l| Therazer456\n","uploadtime":1774121019,"views":14,"formatid":"gen9vgc2026regi","rating":1339,"private":0,"password":null}