{"id":"gen9vgc2026regi-2564299433","format":"[Gen 9] VGC 2026 Reg I","players":["MorangoTango","buggybrain"],"log":"|j|\u2606MorangoTango\n|j|\u2606buggybrain\n|t:|1774130015\n|gametype|doubles\n|player|p1|MorangoTango|colress|1438\n|player|p2|buggybrain|1|1492\n|gen|9\n|tier|[Gen 9] VGC 2026 Reg I\n|rated|\n|rule|Species Clause: Limit one of each Pok\u00e9mon\n|rule|Item Clause: Limit 1 of each item\n|clearpoke\n|poke|p1|Calyrex-Shadow, L50|\n|poke|p1|Rillaboom, L50, F|\n|poke|p1|Incineroar, L50, M|\n|poke|p1|Clefairy, L50, F|\n|poke|p1|Volcarona, L50, M|\n|poke|p1|Miraidon, L50|\n|poke|p2|Calyrex-Shadow, L50|\n|poke|p2|Zamazenta-*, L50|\n|poke|p2|Incineroar, L50, F|\n|poke|p2|Rillaboom, L50, M|\n|poke|p2|Amoonguss, L50, M|\n|poke|p2|Urshifu-*, L50, F|\n|teampreview|4\n|\n|t:|1774130058\n|teamsize|p1|4\n|teamsize|p2|4\n|start\n|switch|p1a: Miraidon|Miraidon, L50|100/100\n|switch|p1b: Volcarona|Volcarona, L50, M|100/100\n|switch|p2a: Urshifu|Urshifu, L50, F|100/100\n|switch|p2b: Calyrex|Calyrex-Shadow, L50|100/100\n|-ability|p2b: Calyrex|As One\n|-ability|p2b: Calyrex|Unnerve\n|-fieldstart|move: Electric Terrain|[from] ability: Hadron Engine|[of] p1a: Miraidon\n|-enditem|p1b: Volcarona|Electric Seed\n|-boost|p1b: Volcarona|def|1|[from] item: Electric Seed\n|turn|1\n|inactive|Battle timer is ON: inactive players will automatically lose when time's up. (requested by buggybrain)\n|inactiveoff|Battle timer is now OFF.\n|\n|t:|1774130108\n|move|p1a: Miraidon|Snarl|p2a: Urshifu|[spread] p2a,p2b\n|-resisted|p2a: Urshifu\n|-supereffective|p2b: Calyrex\n|-damage|p2a: Urshifu|92/100\n|-damage|p2b: Calyrex|12/100\n|-unboost|p2a: Urshifu|spa|1\n|-unboost|p2b: Calyrex|spa|1\n|move|p2b: Calyrex|Astral Barrage|p1a: Miraidon|[spread] p1a,p1b\n|-damage|p1a: Miraidon|73/100\n|-damage|p1b: Volcarona|71/100\n|move|p2a: Urshifu|Wicked Blow|p1b: Volcarona\n|-crit|p1b: Volcarona\n|-damage|p1b: Volcarona|0 fnt\n|-status|p2a: Urshifu|brn|[from] ability: Flame Body|[of] p1b: Volcarona\n|faint|p1b: Volcarona\n|\n|-damage|p2a: Urshifu|86/100 brn|[from] brn\n|upkeep\n|\n|t:|1774130116\n|switch|p1b: Calyrex|Calyrex-Shadow, L50|100/100\n|-ability|p1b: Calyrex|As One\n|-ability|p1b: Calyrex|Unnerve\n|turn|2\n|\n|t:|1774130140\n|switch|p2b: Rillaboom|Rillaboom, L50, M|100/100\n|-fieldstart|move: Grassy Terrain|[from] ability: Grassy Surge|[of] p2b: Rillaboom\n|-terastallize|p1b: Calyrex|Fairy\n|move|p1a: Miraidon|Snarl|p2a: Urshifu|[spread] p2a,p2b\n|-resisted|p2a: Urshifu\n|-damage|p2a: Urshifu|80/100 brn\n|-damage|p2b: Rillaboom|91/100\n|-unboost|p2a: Urshifu|spa|1\n|-unboost|p2b: Rillaboom|spa|1\n|move|p1b: Calyrex|Nasty Plot|p1b: Calyrex\n|-boost|p1b: Calyrex|spa|2\n|move|p2a: Urshifu|Wicked Blow|p1a: Miraidon\n|-crit|p1a: Miraidon\n|-damage|p1a: Miraidon|41/100\n|\n|-heal|p1a: Miraidon|47/100|[from] Grassy Terrain\n|-heal|p2a: Urshifu|86/100 brn|[from] Grassy Terrain\n|-heal|p2b: Rillaboom|97/100|[from] Grassy Terrain\n|-damage|p2a: Urshifu|80/100 brn|[from] brn\n|upkeep\n|turn|3\n|\n|t:|1774130182\n|switch|p1a: Rillaboom|Rillaboom, L50, F|100/100\n|switch|p2a: Zamazenta|Zamazenta-Crowned, L50|100/100\n|-ability|p2a: Zamazenta|Dauntless Shield|boost\n|-boost|p2a: Zamazenta|def|1\n|move|p1b: Calyrex|Protect|p1b: Calyrex\n|-singleturn|p1b: Calyrex|Protect\n|move|p2b: Rillaboom|Fake Out|p1b: Calyrex\n|-activate|p1b: Calyrex|move: Protect\n|\n|-heal|p2b: Rillaboom|100/100|[from] Grassy Terrain\n|upkeep\n|turn|4\n|inactive|Battle timer is ON: inactive players will automatically lose when time's up. (requested by MorangoTango)\n|inactive|buggybrain has 30 seconds left.\n|\n|t:|1774130212\n|switch|p2b: Urshifu|Urshifu, L50, F|80/100 brn\n|move|p2a: Zamazenta|Protect|p2a: Zamazenta\n|-singleturn|p2a: Zamazenta|Protect\n|move|p1a: Rillaboom|Fake Out|p2a: Zamazenta\n|-activate|p2a: Zamazenta|move: Protect\n|move|p1b: Calyrex|Nasty Plot|p1b: Calyrex\n|-boost|p1b: Calyrex|spa|2\n|\n|-heal|p2b: Urshifu|86/100 brn|[from] Grassy Terrain\n|-damage|p2b: Urshifu|80/100 brn|[from] brn\n|upkeep\n|turn|5\n|inactive|buggybrain has 30 seconds left.\n|inactive|buggybrain has 20 seconds left.\n|inactive|buggybrain has 15 seconds left.\n|inactive|buggybrain has 10 seconds left.\n|inactive|buggybrain has 5 seconds left.\n|\n|t:|1774130265\n|move|p1b: Calyrex|Protect|p1b: Calyrex\n|-singleturn|p1b: Calyrex|Protect\n|move|p2a: Zamazenta|Heavy Slam|p1b: Calyrex\n|-activate|p1b: Calyrex|move: Protect\n|move|p2b: Urshifu|Wicked Blow|p1a: Rillaboom\n|-crit|p1a: Rillaboom\n|-damage|p1a: Rillaboom|70/100\n|move|p1a: Rillaboom|U-turn|p2a: Zamazenta\n|-resisted|p2a: Zamazenta\n|-damage|p2a: Zamazenta|98/100\n|\n|t:|1774130272\n|switch|p1a: Miraidon|Miraidon, L50|47/100|[from] U-turn\n|-fieldstart|move: Electric Terrain|[from] ability: Hadron Engine|[of] p1a: Miraidon\n|\n|-damage|p2b: Urshifu|74/100 brn|[from] brn\n|upkeep\n|turn|6\n|inactive|buggybrain has 30 seconds left.\n|\n|t:|1774130300\n|move|p2a: Zamazenta|Protect|p2a: Zamazenta\n|-singleturn|p2a: Zamazenta|Protect\n|move|p2b: Urshifu|Sucker Punch|p1a: Miraidon\n|-damage|p1a: Miraidon|25/100\n|move|p1a: Miraidon|Volt Switch|p2b: Urshifu\n|-damage|p2b: Urshifu|0 fnt\n|faint|p2b: Urshifu\n|\n|t:|1774130303\n|switch|p1a: Rillaboom|Rillaboom, L50, F|70/100|[from] Volt Switch\n|-fieldstart|move: Grassy Terrain|[from] ability: Grassy Surge|[of] p1a: Rillaboom\n|move|p1b: Calyrex|Astral Barrage|p2a: Zamazenta\n|-activate|p2a: Zamazenta|move: Protect\n|\n|-heal|p2a: Zamazenta|100/100|[from] Grassy Terrain\n|-heal|p1a: Rillaboom|75/100|[from] Grassy Terrain\n|upkeep\n|\n|t:|1774130319\n|switch|p2b: Rillaboom|Rillaboom, L50, M|100/100\n|turn|7\n|inactive|buggybrain has 30 seconds left.\n|inactive|buggybrain has 20 seconds left.\n|inactive|buggybrain has 15 seconds left.\n|inactive|buggybrain has 10 seconds left.\n|\n|t:|1774130366\n|move|p2a: Zamazenta|Wide Guard|p2a: Zamazenta\n|-singleturn|p2a: Zamazenta|Wide Guard\n|move|p1a: Rillaboom|Fake Out|p2a: Zamazenta\n|-resisted|p2a: Zamazenta\n|-damage|p2a: Zamazenta|98/100\n|move|p1b: Calyrex|Astral Barrage|p2b: Rillaboom|[spread] \n|-activate|p2a: Zamazenta|move: Wide Guard\n|-activate|p2b: Rillaboom|move: Wide Guard\n|move|p2b: Rillaboom|Wood Hammer|p1b: Calyrex\n|-damage|p1b: Calyrex|15/100\n|-damage|p2b: Rillaboom|73/100|[from] Recoil\n|\n|-heal|p1b: Calyrex|21/100|[from] Grassy Terrain\n|-heal|p2a: Zamazenta|100/100|[from] Grassy Terrain\n|-heal|p1a: Rillaboom|81/100|[from] Grassy Terrain\n|-heal|p2b: Rillaboom|79/100|[from] Grassy Terrain\n|upkeep\n|turn|8\n|inactive|buggybrain has 30 seconds left.\n|inactive|buggybrain has 20 seconds left.\n|\n|t:|1774130405\n|switch|p1a: Miraidon|Miraidon, L50|25/100\n|-fieldstart|move: Electric Terrain|[from] ability: Hadron Engine|[of] p1a: Miraidon\n|move|p1b: Calyrex|Draining Kiss|p2a: Zamazenta\n|-damage|p2a: Zamazenta|31/100\n|-heal|p1b: Calyrex|74/100|[from] drain|[of] p2a: Zamazenta\n|move|p2a: Zamazenta|Body Press|p1a: Miraidon\n|-damage|p1a: Miraidon|0 fnt\n|faint|p1a: Miraidon\n|move|p2b: Rillaboom|Grassy Glide|p1b: Calyrex\n|-damage|p1b: Calyrex|44/100\n|\n|upkeep\n|\n|t:|1774130413\n|switch|p1a: Rillaboom|Rillaboom, L50, F|81/100\n|-fieldstart|move: Grassy Terrain|[from] ability: Grassy Surge|[of] p1a: Rillaboom\n|turn|9\n|inactive|buggybrain has 30 seconds left.\n|inactive|buggybrain has 20 seconds left.\n|inactive|buggybrain has 15 seconds left.\n|inactive|buggybrain has 10 seconds left.\n|inactive|buggybrain has 5 seconds left.\n|\n|t:|1774130464\n|move|p1a: Rillaboom|Fake Out|p2a: Zamazenta\n|-resisted|p2a: Zamazenta\n|-damage|p2a: Zamazenta|29/100\n|move|p2b: Rillaboom|Grassy Glide|p1b: Calyrex\n|-damage|p1b: Calyrex|10/100\n|move|p1b: Calyrex|Draining Kiss|p2b: Rillaboom\n|-damage|p2b: Rillaboom|16/100\n|-heal|p1b: Calyrex|58/100|[from] drain|[of] p2b: Rillaboom\n|cant|p2a: Zamazenta|flinch\n|\n|-heal|p1b: Calyrex|64/100|[from] Grassy Terrain\n|-heal|p2a: Zamazenta|35/100|[from] Grassy Terrain\n|-heal|p1a: Rillaboom|87/100|[from] Grassy Terrain\n|-heal|p2b: Rillaboom|22/100|[from] Grassy Terrain\n|upkeep\n|turn|10\n|inactive|buggybrain has 30 seconds left.\n|inactive|buggybrain has 20 seconds left.\n|inactive|buggybrain has 15 seconds left.\n|inactive|buggybrain has 10 seconds left.\n|inactive|buggybrain has 5 seconds left.\n|\n|t:|1774130519\n|move|p1b: Calyrex|Draining Kiss|p2a: Zamazenta\n|-damage|p2a: Zamazenta|0 fnt\n|-heal|p1b: Calyrex|90/100|[from] drain|[of] p2a: Zamazenta\n|faint|p2a: Zamazenta\n|-ability|p1b: Calyrex|Grim Neigh|boost\n|-boost|p1b: Calyrex|spa|1\n|move|p1a: Rillaboom|U-turn|p2b: Rillaboom\n|-supereffective|p2b: Rillaboom\n|-damage|p2b: Rillaboom|0 fnt\n|faint|p2b: Rillaboom\n|\n|-heal|p1b: Calyrex|96/100|[from] Grassy Terrain\n|-heal|p1a: Rillaboom|93/100|[from] Grassy Terrain\n|upkeep\n|\n|t:|1774130527\n|switch|p2b: Calyrex|Calyrex-Shadow, L50|12/100\n|-ability|p2b: Calyrex|As One\n|-ability|p2b: Calyrex|Unnerve\n|turn|11\n|\n|t:|1774130535\n|move|p2b: Calyrex|Protect|p2b: Calyrex\n|-singleturn|p2b: Calyrex|Protect\n|move|p1a: Rillaboom|Grassy Glide|p2b: Calyrex\n|-activate|p2b: Calyrex|move: Protect\n|move|p1b: Calyrex|Draining Kiss|p2b: Calyrex\n|-activate|p2b: Calyrex|move: Protect\n|\n|-heal|p2b: Calyrex|18/100|[from] Grassy Terrain\n|-heal|p1b: Calyrex|100/100|[from] Grassy Terrain\n|-heal|p1a: Rillaboom|99/100|[from] Grassy Terrain\n|upkeep\n|turn|12\n|\n|t:|1774130538\n|move|p2b: Calyrex|Protect||[still]\n|-fail|p2b: Calyrex\n|move|p1a: Rillaboom|Grassy Glide|p2b: Calyrex\n|-crit|p2b: Calyrex\n|-damage|p2b: Calyrex|0 fnt\n|faint|p2b: Calyrex\n|\n|win|MorangoTango\n|raw|MorangoTango's rating: 1438 &rarr; <strong>1461</strong><br />(+23 for winning)\n|raw|buggybrain's rating: 1492 &rarr; <strong>1469</strong><br />(-23 for losing)\n|l|\u2606MorangoTango\n|player|p1|\n|l|\u2606buggybrain\n|player|p2|\n","uploadtime":1774130771,"views":13,"formatid":"gen9vgc2026regi","rating":1461,"private":0,"password":null}