{"id":"gen9vgc2026regi-2563352806","format":"[Gen 9] VGC 2026 Reg I","players":["Giunsetti","1VLTSQ Joker"],"log":"|raw|<div class=\"broadcast-blue\"><strong>This battle is required to be public due to a player having a name starting with '1vltsq'.</div>\n|j|\u2606Giunsetti\n|j|\u26061VLTSQ Joker\n|t:|1774018921\n|gametype|doubles\n|player|p1|Giunsetti|2|1405\n|player|p2|1VLTSQ Joker|blue|1487\n|gen|9\n|tier|[Gen 9] VGC 2026 Reg I\n|rated|\n|rule|Species Clause: Limit one of each Pok\u00e9mon\n|rule|Item Clause: Limit 1 of each item\n|clearpoke\n|poke|p1|Koraidon, L50|\n|poke|p1|Calyrex-Shadow, L50|\n|poke|p1|Weezing-Galar, L50, F|\n|poke|p1|Walking Wake, L50|\n|poke|p1|Incineroar, L50, F|\n|poke|p1|Chi-Yu, L50|\n|poke|p2|Calyrex-Ice, L50|\n|poke|p2|Smeargle, L50, F|\n|poke|p2|Kyogre, L50|\n|poke|p2|Maushold, L50|\n|poke|p2|Volcarona, L50, M|\n|poke|p2|Chesnaught, L50, M|\n|teampreview|4\n|\n|t:|1774018964\n|teamsize|p1|4\n|teamsize|p2|4\n|start\n|switch|p1a: Koraidon|Koraidon, L50|100/100\n|switch|p1b: Weezing|Weezing-Galar, L50, F|100/100\n|switch|p2a: Calyrex|Calyrex-Ice, L50|100/100\n|switch|p2b: Smeargle|Smeargle, L50, F|100/100\n|-ability|p1b: Weezing|Neutralizing Gas\n|-block|p1a: Koraidon|item: Ability Shield\n|-ability|p2a: Calyrex|As One\n|-ability|p2a: Calyrex|Unnerve\n|-weather|SunnyDay|[from] ability: Orichalcum Pulse|[of] p1a: Koraidon\n|-activate|p1a: Koraidon|Orichalcum Pulse|[source]\n|turn|1\n|\n|t:|1774018982\n|move|p1a: Koraidon|Protect|p1a: Koraidon\n|-singleturn|p1a: Koraidon|Protect\n|move|p2b: Smeargle|Fake Out|p1a: Koraidon\n|-activate|p1a: Koraidon|move: Protect\n|move|p2a: Calyrex|Glacial Lance|p1b: Weezing|[spread] p1b\n|-activate|p1a: Koraidon|move: Protect\n|-damage|p1b: Weezing|57/100\n|move|p1b: Weezing|Taunt|p2b: Smeargle\n|-start|p2b: Smeargle|move: Taunt\n|\n|-weather|SunnyDay|[upkeep]\n|upkeep\n|turn|2\n|j| hawnz\n|j| KittyPON2\n|\n|t:|1774019014\n|switch|p2b: Kyogre|Kyogre, L50|100/100\n|switch|p2a: Maushold|Maushold, L50|100/100\n|-terastallize|p1a: Koraidon|Fire\n|move|p1a: Koraidon|Flame Charge|p2b: Kyogre\n|-resisted|p2b: Kyogre\n|-damage|p2b: Kyogre|63/100\n|-boost|p1a: Koraidon|spe|1\n|move|p1b: Weezing|Will-O-Wisp|p2a: Maushold\n|-status|p2a: Maushold|brn\n|\n|-weather|SunnyDay|[upkeep]\n|-damage|p2a: Maushold|94/100 brn|[from] brn\n|upkeep\n|turn|3\n|\n|t:|1774019049\n|move|p2a: Maushold|Follow Me|p2a: Maushold\n|-singleturn|p2a: Maushold|move: Follow Me\n|move|p1a: Koraidon|Collision Course|p2a: Maushold\n|-supereffective|p2a: Maushold\n|-damage|p2a: Maushold|0 fnt\n|faint|p2a: Maushold\n|move|p2b: Kyogre|Water Spout|p1a: Koraidon|[spread] p1a,p1b\n|-supereffective|p1a: Koraidon\n|-damage|p1a: Koraidon|60/100\n|-damage|p1b: Weezing|33/100\n|move|p1b: Weezing|Play Rough|p2b: Kyogre\n|-damage|p2b: Kyogre|30/100\n|\n|-weather|SunnyDay|[upkeep]\n|upkeep\n|\n|t:|1774019058\n|switch|p2a: Smeargle|Smeargle, L50, F|100/100\n|turn|4\n|\n|t:|1774019075\n|move|p1a: Koraidon|Protect|p1a: Koraidon\n|-singleturn|p1a: Koraidon|Protect\n|move|p1b: Weezing|Protect|p1b: Weezing\n|-singleturn|p1b: Weezing|Protect\n|move|p2a: Smeargle|Fake Out|p1b: Weezing\n|-activate|p1b: Weezing|move: Protect\n|move|p2b: Kyogre|Water Spout|p1a: Koraidon|[spread] \n|-activate|p1a: Koraidon|move: Protect\n|-activate|p1b: Weezing|move: Protect\n|\n|-weather|SunnyDay|[upkeep]\n|upkeep\n|turn|5\n|\n|t:|1774019088\n|move|p1a: Koraidon|Flame Charge|p2a: Smeargle\n|-enditem|p2a: Smeargle|Focus Sash\n|-damage|p2a: Smeargle|1/100\n|-boost|p1a: Koraidon|spe|1\n|move|p2b: Kyogre|Water Spout|p1b: Weezing|[spread] p1a,p1b\n|-supereffective|p1a: Koraidon\n|-crit|p1b: Weezing\n|-damage|p1a: Koraidon|39/100\n|-damage|p1b: Weezing|19/100\n|move|p2a: Smeargle|Spore|p1a: Koraidon\n|-status|p1a: Koraidon|slp|[from] move: Spore\n|move|p1b: Weezing|Taunt|p2a: Smeargle\n|-start|p2a: Smeargle|move: Taunt\n|\n|-weather|none\n|upkeep\n|turn|6\n|\n|t:|1774019107\n|move|p1b: Weezing|Protect|p1b: Weezing\n|-singleturn|p1b: Weezing|Protect\n|move|p2a: Smeargle|Fake Out||[still]\n|-hint|Fake Out only works on your first turn out.\n|-fail|p2a: Smeargle\n|cant|p1a: Koraidon|slp\n|move|p2b: Kyogre|Water Spout|p1b: Weezing|[spread] p1a\n|-activate|p1b: Weezing|move: Protect\n|-supereffective|p1a: Koraidon\n|-damage|p1a: Koraidon|2/100 slp\n|\n|upkeep\n|turn|7\n|\n|t:|1774019117\n|move|p2a: Smeargle|Fake Out||[still]\n|-hint|Fake Out only works on your first turn out.\n|-fail|p2a: Smeargle\n|cant|p1a: Koraidon|slp\n|move|p2b: Kyogre|Water Spout|p1a: Koraidon|[spread] p1a,p1b\n|-supereffective|p1a: Koraidon\n|-damage|p1a: Koraidon|0 fnt\n|-damage|p1b: Weezing|0 fnt\n|faint|p1a: Koraidon\n|faint|p1b: Weezing\n|-end|p1b: Weezing|ability: Neutralizing Gas\n|-weather|RainDance|[from] ability: Drizzle|[of] p2b: Kyogre\n|\n|-weather|RainDance|[upkeep]\n|-ability|p2a: Smeargle|Moody|boost\n|-boost|p2a: Smeargle|spd|2\n|-unboost|p2a: Smeargle|def|1\n|upkeep\n|\n|t:|1774019121\n|switch|p1a: Calyrex|Calyrex-Shadow, L50|100/100\n|switch|p1b: Walking Wake|Walking Wake, L50|100/100\n|-ability|p1a: Calyrex|As One\n|-ability|p1a: Calyrex|Unnerve\n|turn|8\n|\n|t:|1774019128\n|move|p2a: Smeargle|Fake Out||[still]\n|-hint|Fake Out only works on your first turn out.\n|-fail|p2a: Smeargle\n|move|p1b: Walking Wake|Aqua Jet|p2a: Smeargle\n|-damage|p2a: Smeargle|0 fnt\n|faint|p2a: Smeargle\n|move|p2b: Kyogre|Water Spout|p1a: Calyrex|[spread] p1a,p1b\n|-resisted|p1b: Walking Wake\n|-damage|p1a: Calyrex|71/100\n|-damage|p1b: Walking Wake|95/100\n|move|p1a: Calyrex|Astral Barrage|p2b: Kyogre\n|-damage|p2b: Kyogre|0 fnt\n|faint|p2b: Kyogre\n|-ability|p1a: Calyrex|Grim Neigh|boost\n|-boost|p1a: Calyrex|spa|1\n|\n|-weather|RainDance|[upkeep]\n|upkeep\n|\n|t:|1774019132\n|switch|p2a: Calyrex|Calyrex-Ice, L50|100/100\n|-ability|p2a: Calyrex|As One\n|-ability|p2a: Calyrex|Unnerve\n|turn|9\n|\n|t:|1774019137\n|-terastallize|p2a: Calyrex|Grass\n|move|p1a: Calyrex|Astral Barrage|p2a: Calyrex\n|-damage|p2a: Calyrex|46/100\n|move|p1b: Walking Wake|Hydro Steam|p2a: Calyrex\n|-resisted|p2a: Calyrex\n|-damage|p2a: Calyrex|33/100\n|move|p2a: Calyrex|Crunch|p1a: Calyrex\n|-supereffective|p1a: Calyrex\n|-damage|p1a: Calyrex|0 fnt\n|faint|p1a: Calyrex\n|-ability|p2a: Calyrex|Chilling Neigh|boost\n|-boost|p2a: Calyrex|atk|1\n|\n|-weather|RainDance|[upkeep]\n|upkeep\n|turn|10\n|\n|t:|1774019142\n|move|p1b: Walking Wake|Draco Meteor|p2a: Calyrex\n|-damage|p2a: Calyrex|4/100\n|-unboost|p1b: Walking Wake|spa|2\n|move|p2a: Calyrex|Glacial Lance|p1b: Walking Wake\n|-damage|p1b: Walking Wake|0 fnt\n|faint|p1b: Walking Wake\n|-end|p1b: Walking Wake|Protosynthesis|[silent]\n|\n|win|1VLTSQ Joker\n|raw|Giunsetti's rating: 1405 &rarr; <strong>1390</strong><br />(-15 for losing)\n|raw|1VLTSQ Joker's rating: 1487 &rarr; <strong>1502</strong><br />(+15 for winning)\n|l|\u2606Giunsetti\n|player|p1|\n|l| hawnz\n|l|\u26061VLTSQ Joker\n|player|p2|\n|l| KittyPON2\n","uploadtime":1774019365,"views":18,"formatid":"gen9vgc2026regi","rating":1390,"private":0,"password":null}