{"id":"gen9vgc2026regi-2573484278","format":"[Gen 9] VGC 2026 Reg I","players":["Not_sancla","Mirthinion"],"log":"|j|\u2606Not_sancla\n|j|\u2606Mirthinion\n|t:|1775140695\n|gametype|doubles\n|player|p1|Not_sancla|cyrus|1351\n|player|p2|Mirthinion|janitor|1497\n|gen|9\n|tier|[Gen 9] VGC 2026 Reg I\n|rated|\n|rule|Species Clause: Limit one of each Pok\u00e9mon\n|rule|Item Clause: Limit 1 of each item\n|clearpoke\n|poke|p1|Koraidon, L50|\n|poke|p1|Necrozma-Dawn-Wings, L50|\n|poke|p1|Wo-Chien, L50|\n|poke|p1|Flutter Mane, L50|\n|poke|p1|Ursaluna-Bloodmoon, L50, M|\n|poke|p1|Garganacl, L50, F|\n|poke|p2|Calyrex-Shadow, L50|\n|poke|p2|Zamazenta-*, L50|\n|poke|p2|Urshifu-*, L50, M|\n|poke|p2|Incineroar, L50, M|\n|poke|p2|Rillaboom, L50, M|\n|poke|p2|Tornadus, L50, M|\n|teampreview|4\n|inactive|Battle timer is ON: inactive players will automatically lose when time's up. (requested by Mirthinion)\n|inactive|Not_sancla also wants the timer to be on.\nMirthinion rejected open team sheets.\n|inactive|Not_sancla has 60 seconds left.\n|\n|t:|1775140735\n|teamsize|p1|4\n|teamsize|p2|4\n|start\n|switch|p1a: Wo-Chien|Wo-Chien, L50|100/100\n|switch|p1b: Flutter Mane|Flutter Mane, L50|100/100\n|switch|p2a: Vangwe|Tornadus, L50, M|100/100\n|switch|p2b: Beowulf|Urshifu-Rapid-Strike, L50, M|100/100\n|-ability|p1a: Wo-Chien|Tablets of Ruin\n|turn|1\n|\n|t:|1775140750\n|-end|p1b: Flutter Mane|Protosynthesis|[silent]\n|switch|p1b: Koraidon|Koraidon, L50|100/100\n|-weather|SunnyDay|[from] ability: Orichalcum Pulse|[of] p1b: Koraidon\n|-activate|p1b: Koraidon|Orichalcum Pulse|[source]\n|move|p2a: Vangwe|Tailwind|p2a: Vangwe\n|-sidestart|p2: Mirthinion|move: Tailwind\n|move|p2b: Beowulf|U-turn|p1a: Wo-Chien\n|-supereffective|p1a: Wo-Chien\n|-damage|p1a: Wo-Chien|3/100\n|-damage|p2b: Beowulf|84/100|[from] item: Rocky Helmet|[of] p1a: Wo-Chien\n|\n|t:|1775140759\n|switch|p2b: Drambor|Zamazenta-Crowned, L50|100/100|[from] U-turn\n|-ability|p2b: Drambor|Dauntless Shield|boost\n|-boost|p2b: Drambor|def|1\n|move|p1a: Wo-Chien|Leech Seed|p2b: Drambor\n|-start|p2b: Drambor|move: Leech Seed\n|\n|-weather|SunnyDay|[upkeep]\n|-damage|p2b: Drambor|88/100|[from] Leech Seed|[of] p1a: Wo-Chien\n|-heal|p1a: Wo-Chien|14/100|[silent]\n|upkeep\n|turn|2\n|inactive|Mirthinion has 30 seconds left.\n|\n|t:|1775140786\n|switch|p1b: Necrozma|Necrozma-Dawn-Wings, L50|100/100\n|move|p1a: Wo-Chien|Protect|p1a: Wo-Chien\n|-singleturn|p1a: Wo-Chien|Protect\n|move|p2a: Vangwe|Rain Dance|p2a: Vangwe\n|-weather|RainDance\n|move|p2b: Drambor|Body Press|p1b: Necrozma\n|-immune|p1b: Necrozma\n|\n|-weather|RainDance|[upkeep]\n|-damage|p2b: Drambor|76/100|[from] Leech Seed|[of] p1a: Wo-Chien\n|-heal|p1a: Wo-Chien|25/100|[silent]\n|upkeep\n|turn|3\n|inactive|Mirthinion has 30 seconds left.\n|\n|t:|1775140814\n|switch|p1a: Flutter Mane|Flutter Mane, L50|100/100\n|move|p2a: Vangwe|Taunt|p1b: Necrozma\n|-start|p1b: Necrozma|move: Taunt\n|-enditem|p1b: Necrozma|Mental Herb\n|-end|p1b: Necrozma|move: Taunt\n|move|p2b: Drambor|Behemoth Bash|p1a: Flutter Mane\n|-supereffective|p1a: Flutter Mane\n|-damage|p1a: Flutter Mane|0 fnt\n|faint|p1a: Flutter Mane\n|-end|p1a: Flutter Mane|Protosynthesis|[silent]\n|move|p1b: Necrozma|Moongeist Beam|p2a: Vangwe\n|-damage|p2a: Vangwe|39/100\n|\n|-weather|RainDance|[upkeep]\n|upkeep\n|\n|t:|1775140831\n|switch|p1a: Koraidon|Koraidon, L50|100/100\n|-weather|SunnyDay|[from] ability: Orichalcum Pulse|[of] p1a: Koraidon\n|-activate|p1a: Koraidon|Orichalcum Pulse|[source]\n|turn|4\n|inactive|Mirthinion has 30 seconds left.\n|\n|t:|1775140865\n|move|p2a: Vangwe|Taunt|p1b: Necrozma\n|-start|p1b: Necrozma|move: Taunt\n|move|p2b: Drambor|Behemoth Bash|p1b: Necrozma\n|-damage|p1b: Necrozma|67/100\n|move|p1a: Koraidon|Low Kick|p2b: Drambor\n|-supereffective|p2b: Drambor\n|-damage|p2b: Drambor|0 fnt\n|faint|p2b: Drambor\n|move|p1b: Necrozma|Moongeist Beam|p2a: Vangwe\n|-damage|p2a: Vangwe|0 fnt\n|faint|p2a: Vangwe\n|\n|-weather|SunnyDay|[upkeep]\n|-sideend|p2: Mirthinion|move: Tailwind\n|upkeep\n|\n|t:|1775140879\n|switch|p2b: Beowulf|Urshifu-Rapid-Strike, L50, M|84/100\n|switch|p2a: Mithrandir|Calyrex-Shadow, L50|100/100\n|-ability|p2a: Mithrandir|As One\n|-ability|p2a: Mithrandir|Unnerve\n|turn|5\n|inactive|Not_sancla has 30 seconds left.\n|inactive|Mirthinion has 30 seconds left.\n|inactive|Not_sancla has 20 seconds left.\n|inactive|Not_sancla has 15 seconds left.\n|inactive|Not_sancla has 10 seconds left.\n|\n|t:|1775140929\n|switch|p1b: Wo-Chien|Wo-Chien, L50|25/100\n|-ability|p1b: Wo-Chien|Tablets of Ruin\n|-terastallize|p2b: Beowulf|Ghost\n|move|p1a: Koraidon|Protect|p1a: Koraidon\n|-singleturn|p1a: Koraidon|Protect\n|move|p2a: Mithrandir|Astral Barrage|p1b: Wo-Chien|[spread] p1b\n|-activate|p1a: Koraidon|move: Protect\n|-resisted|p1b: Wo-Chien\n|-damage|p1b: Wo-Chien|10/100\n|move|p2b: Beowulf|Close Combat|p1a: Koraidon\n|-damage|p1a: Koraidon|41/100\n|-unboost|p2b: Beowulf|def|1\n|-unboost|p2b: Beowulf|spd|1\n|\n|-weather|SunnyDay|[upkeep]\n|upkeep\n|turn|6\n|inactive|Not_sancla has 30 seconds left.\n|inactive|Mirthinion has 30 seconds left.\n|\n|t:|1775140959\n|move|p2a: Mithrandir|Astral Barrage|p1b: Wo-Chien|[spread] p1a,p1b\n|-resisted|p1b: Wo-Chien\n|-damage|p1a: Koraidon|0 fnt\n|-damage|p1b: Wo-Chien|0 fnt\n|faint|p1a: Koraidon\n|faint|p1b: Wo-Chien\n|-ability|p2a: Mithrandir|Grim Neigh|boost\n|-boost|p2a: Mithrandir|spa|2\n|move|p2b: Beowulf|Close Combat|p1: Koraidon|[notarget]\n|-fail|p2b: Beowulf\n|\n|-weather|SunnyDay|[upkeep]\n|upkeep\n|\n|t:|1775140965\n|switch|p1b: Necrozma|Necrozma-Dawn-Wings, L50|67/100\n|turn|7\n|inactive|Not_sancla has 30 seconds left.\n|\n|t:|1775140996\n|move|p2a: Mithrandir|Pollen Puff|p1b: Necrozma\n|-damage|p1b: Necrozma|17/100\n|move|p2b: Beowulf|Close Combat|p1b: Necrozma\n|-immune|p1b: Necrozma\n|move|p1b: Necrozma|Dark Pulse|p2b: Beowulf\n|-supereffective|p2b: Beowulf\n|-damage|p2b: Beowulf|0 fnt\n|faint|p2b: Beowulf\n|\n|-weather|SunnyDay|[upkeep]\n|upkeep\n|turn|8\n|\n|t:|1775141009\n|move|p1b: Necrozma|Protect|p1b: Necrozma\n|-singleturn|p1b: Necrozma|Protect\n|move|p2a: Mithrandir|Pollen Puff|p1b: Necrozma\n|-activate|p1b: Necrozma|move: Protect\n|\n|-weather|none\n|upkeep\n|turn|9\n|\n|t:|1775141016\n|move|p2a: Mithrandir|Pollen Puff|p1b: Necrozma\n|-damage|p1b: Necrozma|0 fnt\n|faint|p1b: Necrozma\n|\n|win|Mirthinion\n|raw|Not_sancla's rating: 1351 &rarr; <strong>1339</strong><br />(-12 for losing)\n|raw|Mirthinion's rating: 1497 &rarr; <strong>1509</strong><br />(+12 for winning)\n|l|\u2606Not_sancla\n|player|p1|\n|l|\u2606Mirthinion\n|player|p2|\n","uploadtime":1775141022,"views":47,"formatid":"gen9vgc2026regi","rating":1339,"private":0,"password":null}