{"id":"gen9vgc2026regi-2573762467","format":"[Gen 9] VGC 2026 Reg I","players":["Van Halen Jumpluff","Snowsquall brute"],"log":"|j|\u2606Van Halen Jumpluff\n|j|\u2606Snowsquall brute\n|t:|1775162735\n|gametype|doubles\n|player|p1|Van Halen Jumpluff|drayden|1448\n|player|p2|Snowsquall brute|veteran|1445\n|gen|9\n|tier|[Gen 9] VGC 2026 Reg I\n|rated|\n|rule|Species Clause: Limit one of each Pok\u00e9mon\n|rule|Item Clause: Limit 1 of each item\n|clearpoke\n|poke|p1|Incineroar, L50, M|\n|poke|p1|Miraidon, L50|\n|poke|p1|Terapagos, L50, M|\n|poke|p1|Iron Treads, L50|\n|poke|p1|Urshifu-*, L50, F|\n|poke|p1|Sinistcha, L50|\n|poke|p2|Miraidon, L50|\n|poke|p2|Landorus-Therian, L50, M|\n|poke|p2|Kyogre, L50|\n|poke|p2|Iron Crown, L50|\n|teampreview|4\n|inactive|Battle timer is ON: inactive players will automatically lose when time's up. (requested by Van Halen Jumpluff)\n|\n|t:|1775162751\n|teamsize|p1|4\n|teamsize|p2|4\n|start\n|switch|p1a: Miraidon|Miraidon, L50|100/100\n|switch|p1b: Iron Treads|Iron Treads, L50|100/100\n|switch|p2a: Miraidon|Miraidon, L50|100/100\n|switch|p2b: Landorus|Landorus-Therian, L50, M|100/100\n|-fieldstart|move: Electric Terrain|[from] ability: Hadron Engine|[of] p1a: Miraidon\n|-activate|p1b: Iron Treads|ability: Quark Drive\n|-start|p1b: Iron Treads|quarkdrivespe\n|-enditem|p2a: Miraidon|Electric Seed\n|-boost|p2a: Miraidon|def|1|[from] item: Electric Seed\n|-activate|p2a: Miraidon|ability: Hadron Engine\n|-ability|p2b: Landorus|Intimidate|boost\n|-unboost|p1a: Miraidon|atk|1\n|-unboost|p1b: Iron Treads|atk|1\n|turn|1\n|inactive|Van Halen Jumpluff has 30 seconds left.\n|\n|t:|1775162785\n|move|p2a: Miraidon|Protect|p2a: Miraidon\n|-singleturn|p2a: Miraidon|Protect\n|move|p1a: Miraidon|Draco Meteor|p2b: Landorus\n|-damage|p2b: Landorus|42/100\n|-unboost|p1a: Miraidon|spa|2\n|move|p1b: Iron Treads|Iron Head|p2b: Landorus\n|-damage|p2b: Landorus|6/100\n|move|p2b: Landorus|Earthquake|p1b: Iron Treads|[spread] p1a,p1b\n|-activate|p2a: Miraidon|move: Protect\n|-supereffective|p1a: Miraidon\n|-supereffective|p1b: Iron Treads\n|-damage|p1a: Miraidon|20/100\n|-damage|p1b: Iron Treads|20/100\n|\n|upkeep\n|turn|2\n|inactive|Snowsquall brute has 30 seconds left.\n|\n|t:|1775162819\n|switch|p2b: Iron Crown|Iron Crown, L50|100/100\n|-activate|p2b: Iron Crown|ability: Quark Drive\n|-start|p2b: Iron Crown|quarkdrivespd\n|-terastallize|p2a: Miraidon|Electric\n|move|p1a: Miraidon|Draco Meteor|p2a: Miraidon\n|-damage|p2a: Miraidon|67/100\n|-unboost|p1a: Miraidon|spa|2\n|move|p1b: Iron Treads|Iron Head|p2a: Miraidon\n|-resisted|p2a: Miraidon\n|-damage|p2a: Miraidon|58/100\n|move|p2a: Miraidon|Dragon Pulse|p1a: Miraidon\n|-supereffective|p1a: Miraidon\n|-damage|p1a: Miraidon|0 fnt\n|faint|p1a: Miraidon\n|\n|upkeep\n|\n|t:|1775162834\n|switch|p1a: Terapagos|Terapagos, L50, M|100/100\n|-activate|p1a: Terapagos|ability: Tera Shift\n|detailschange|p1a: Terapagos|Terapagos-Terastal, L50, M\n|-heal|p1a: Terapagos|100/100|[silent]\n|-enditem|p1a: Terapagos|Electric Seed\n|-boost|p1a: Terapagos|def|1|[from] item: Electric Seed\n|turn|3\n|\n|t:|1775162844\n|move|p1b: Iron Treads|Iron Head|p2b: Iron Crown\n|-resisted|p2b: Iron Crown\n|-damage|p2b: Iron Crown|86/100\n|-damage|p1b: Iron Treads|4/100|[from] item: Rocky Helmet|[of] p2b: Iron Crown\n|move|p2a: Miraidon|Parabolic Charge|p1b: Iron Treads|[spread] p2b,p1a\n|-immune|p1b: Iron Treads\n|-activate|p1a: Terapagos|ability: Tera Shell\n|-resisted|p1a: Terapagos\n|-damage|p2b: Iron Crown|61/100\n|-heal|p2a: Miraidon|70/100|[from] drain|[of] p2b: Iron Crown\n|-damage|p1a: Terapagos|80/100\n|-heal|p2a: Miraidon|80/100|[from] drain|[of] p1a: Terapagos\n|move|p2b: Iron Crown|Tachyon Cutter|p1a: Terapagos\n|-damage|p1a: Terapagos|63/100\n|-damage|p1a: Terapagos|45/100\n|-hitcount|p1a: Terapagos|2\n|move|p1a: Terapagos|Calm Mind|p1a: Terapagos\n|-boost|p1a: Terapagos|spa|1\n|-boost|p1a: Terapagos|spd|1\n|\n|upkeep\n|turn|4\n|\n|t:|1775162865\n|-end|p1b: Iron Treads|Quark Drive|[silent]\n|switch|p1b: Sinistcha|Sinistcha, L50|100/100\n|-heal|p1a: Terapagos|70/100|[from] ability: Hospitality|[of] p1b: Sinistcha\n|-terastallize|p1a: Terapagos|Stellar\n|detailschange|p1a: Terapagos|Terapagos-Stellar, L50, M, tera:Stellar\n|-heal|p1a: Terapagos|78/100|[silent]\n|-ability|p1a: Terapagos|Teraform Zero\n|-fieldend|move: Electric Terrain\n|-end|p2b: Iron Crown|Quark Drive\n|move|p2a: Miraidon|Protect|p2a: Miraidon\n|-singleturn|p2a: Miraidon|Protect\n|move|p2b: Iron Crown|Tachyon Cutter|p1a: Terapagos\n|-damage|p1a: Terapagos|68/100\n|-damage|p1a: Terapagos|59/100\n|-hitcount|p1a: Terapagos|2\n|move|p1a: Terapagos|Tera Starstorm|p2a: Miraidon|[spread] p2b\n|-activate|p2a: Miraidon|move: Protect\n|-damage|p2b: Iron Crown|27/100\n|\n|upkeep\n|turn|5\n|\n|t:|1775162888\n|switch|p1b: Iron Treads|Iron Treads, L50|4/100\n|move|p2a: Miraidon|Calm Mind|p2a: Miraidon\n|-boost|p2a: Miraidon|spa|1\n|-boost|p2a: Miraidon|spd|1\n|move|p2b: Iron Crown|Tachyon Cutter|p1b: Iron Treads\n|-resisted|p1b: Iron Treads\n|-damage|p1b: Iron Treads|0 fnt\n|faint|p1b: Iron Treads\n|-end|p1b: Iron Treads|Quark Drive|[silent]\n|-hitcount|p1: Iron Treads|1\n|move|p1a: Terapagos|Tera Starstorm|p2a: Miraidon|[spread] p2a,p2b\n|-supereffective|p2a: Miraidon\n|-damage|p2a: Miraidon|35/100\n|-damage|p2b: Iron Crown|0 fnt\n|faint|p2b: Iron Crown\n|-end|p2b: Iron Crown|Quark Drive|[silent]\n|\n|upkeep\n|\n|t:|1775162894\n|switch|p1b: Sinistcha|Sinistcha, L50|100/100\n|switch|p2b: Kyogre|Kyogre, L50|100/100\n|-weather|RainDance|[from] ability: Drizzle|[of] p2b: Kyogre\n|-heal|p1a: Terapagos|84/100|[from] ability: Hospitality|[of] p1b: Sinistcha\n|turn|6\n|\n|t:|1775162903\n|move|p2a: Miraidon|Dragon Pulse|p1b: Sinistcha\n|-damage|p1b: Sinistcha|36/100\n|move|p2b: Kyogre|Water Spout|p1b: Sinistcha|[spread] p1a,p1b\n|-resisted|p1b: Sinistcha\n|-damage|p1a: Terapagos|34/100\n|-damage|p1b: Sinistcha|0 fnt\n|faint|p1b: Sinistcha\n|move|p1a: Terapagos|Tera Starstorm|p2b: Kyogre|[spread] p2a,p2b\n|-supereffective|p2a: Miraidon\n|-damage|p2a: Miraidon|0 fnt\n|-damage|p2b: Kyogre|66/100\n|faint|p2a: Miraidon\n|\n|-weather|RainDance|[upkeep]\n|upkeep\n|\n|t:|1775162906\n|switch|p2a: Landorus|Landorus-Therian, L50, M|6/100\n|-ability|p2a: Landorus|Intimidate|boost\n|-unboost|p1a: Terapagos|atk|1\n|turn|7\n|\n|t:|1775162910\n|move|p2a: Landorus|Stomping Tantrum|p1a: Terapagos\n|-damage|p1a: Terapagos|20/100\n|move|p2b: Kyogre|Thunder|p1a: Terapagos\n|-damage|p1a: Terapagos|1/100\n|-status|p1a: Terapagos|par\n|move|p1a: Terapagos|Tera Starstorm|p2a: Landorus|[spread] p2a,p2b\n|-damage|p2a: Landorus|0 fnt\n|-damage|p2b: Kyogre|32/100\n|faint|p2a: Landorus\n|\n|-weather|RainDance|[upkeep]\n|upkeep\n|turn|8\n|\n|t:|1775162915\n|move|p1a: Terapagos|Protect|p1a: Terapagos\n|-singleturn|p1a: Terapagos|Protect\n|move|p2b: Kyogre|Thunder|p1a: Terapagos\n|-activate|p1a: Terapagos|move: Protect\n|\n|-weather|RainDance|[upkeep]\n|upkeep\n|turn|9\n|\n|t:|1775162919\n|cant|p1a: Terapagos|par\n|move|p2b: Kyogre|Thunder|p1a: Terapagos\n|-damage|p1a: Terapagos|0 fnt\n|faint|p1a: Terapagos\n|detailschange|p1: Terapagos|Terapagos, L50, M|[silent]\n|\n|win|Snowsquall brute\n|raw|Van Halen Jumpluff's rating: 1448 &rarr; <strong>1428</strong><br />(-20 for losing)\n|raw|Snowsquall brute's rating: 1445 &rarr; <strong>1465</strong><br />(+20 for winning)\n|l|\u2606Van Halen Jumpluff\n|player|p1|\n|l|\u2606Snowsquall brute\n|player|p2|\n","uploadtime":1775163096,"views":11,"formatid":"gen9vgc2026regi","rating":1428,"private":0,"password":null}