{"id":"gen9vgc2026regi-2525530899","format":"[Gen 9] VGC 2026 Reg I","players":["j0l0k0","Hockeystick7"],"log":"|j|\u2606j0l0k0\n|j|\u2606Hockeystick7\n|t:|1769291872\n|gametype|doubles\n|player|p1|j0l0k0|brycen|\n|player|p2|Hockeystick7|170|\n|gen|9\n|tier|[Gen 9] VGC 2026 Reg I\n|rated|Tournament battle\n|rule|Species Clause: Limit one of each Pok\u00e9mon\n|rule|Item Clause: Limit 1 of each item\n|raw|<div class=\"infobox\"><details class=\"readmore\" open><summary><strong>1 custom rule:</strong></summary> Open Team Sheets</details></div>\n|clearpoke\n|poke|p1|Calyrex-Ice, L50|\n|poke|p1|Kyogre, L50|\n|poke|p1|Indeedee-F, L50, F|\n|poke|p1|Urshifu-*, L50, F|\n|poke|p1|Amoonguss, L50, F|\n|poke|p1|Landorus, L50, M|\n|poke|p2|Miraidon, L50|\n|poke|p2|Calyrex-Shadow, L50|\n|poke|p2|Raging Bolt, L50|\n|poke|p2|Chi-Yu, L50|\n|poke|p2|Incineroar, L50, F|\n|poke|p2|Amoonguss, L50, M|\n|teampreview|4\n|inactive|Battle timer is ON: inactive players will automatically lose when time's up. (requested by j0l0k0)\n|j| mysticmarshtomp\n|j| BaxFan\nHockeystick7 has agreed to open team sheets.\n|c|\u2606j0l0k0|glhf\n|inactive|Hockeystick7 has 60 seconds left.\n|c|\u2606Hockeystick7|u2\n|\n|t:|1769291909\n|teamsize|p1|4\n|teamsize|p2|4\n|start\n|switch|p1a: Indeedee|Indeedee-F, L50, F, shiny|100/100\n|switch|p1b: Calyrex|Calyrex-Ice, L50|100/100\n|switch|p2a: Miraidon|Miraidon, L50|100/100\n|switch|p2b: Chi-Yu|Chi-Yu, L50|100/100\n|-ability|p1b: Calyrex|As One\n|-ability|p1b: Calyrex|Unnerve\n|-ability|p2b: Chi-Yu|Beads of Ruin\n|-fieldstart|move: Electric Terrain|[from] ability: Hadron Engine|[of] p2a: Miraidon\n|-fieldstart|move: Psychic Terrain|[from] ability: Psychic Surge|[of] p1a: Indeedee\n|turn|1\n|inactive|j0l0k0 has 30 seconds left.\n|j| Skwovetboi\n|j|@Therazer456\n|\n|t:|1769291939\n|switch|p1b: Landorus|Landorus, L50, M, shiny|100/100\n|-terastallize|p2a: Miraidon|Fairy\n|move|p2b: Chi-Yu|Dark Pulse|p1b: Landorus\n|-damage|p1b: Landorus|37/100\n|move|p2a: Miraidon|Dazzling Gleam|p1b: Landorus|[spread] p1a,p1b\n|-damage|p1a: Indeedee|37/100\n|-damage|p1b: Landorus|0 fnt\n|faint|p1b: Landorus\n|move|p1a: Indeedee|Trick Room|p1a: Indeedee\n|-fieldstart|move: Trick Room|[of] p1a: Indeedee\n|\n|upkeep\n|\n|t:|1769291950\n|switch|p1b: Kyogre|Kyogre, L50, shiny|100/100\n|-weather|RainDance|[from] ability: Drizzle|[of] p1b: Kyogre\n|turn|2\n|\n|t:|1769291955\n|move|p1a: Indeedee|Helping Hand|p1b: Kyogre\n|-singleturn|p1b: Kyogre|Helping Hand|[of] p1a: Indeedee\n|move|p1b: Kyogre|Water Spout|p2b: Chi-Yu|[spread] p2a,p2b\n|-supereffective|p2b: Chi-Yu\n|-damage|p2a: Miraidon|0 fnt\n|-damage|p2b: Chi-Yu|0 fnt\n|faint|p2a: Miraidon\n|faint|p2b: Chi-Yu\n|\n|-weather|RainDance|[upkeep]\n|upkeep\n|\n|t:|1769291960\n|switch|p2b: Raging Bolt|Raging Bolt, L50|100/100\n|switch|p2a: Calyrex|Calyrex-Shadow, L50|100/100\n|-ability|p2a: Calyrex|As One\n|-ability|p2a: Calyrex|Unnerve\n|turn|3\n|\n|t:|1769291972\n|-terastallize|p1b: Kyogre|Grass\n|move|p1a: Indeedee|Helping Hand|p1b: Kyogre\n|-singleturn|p1b: Kyogre|Helping Hand|[of] p1a: Indeedee\n|move|p2a: Calyrex|Protect|p2a: Calyrex\n|-singleturn|p2a: Calyrex|Protect\n|move|p2b: Raging Bolt|Thunderbolt|p1b: Kyogre\n|-resisted|p1b: Kyogre\n|-damage|p1b: Kyogre|89/100\n|move|p1b: Kyogre|Water Spout|p2b: Raging Bolt|[spread] p2b\n|-activate|p2a: Calyrex|move: Protect\n|-resisted|p2b: Raging Bolt\n|-damage|p2b: Raging Bolt|61/100\n|\n|-weather|RainDance|[upkeep]\n|upkeep\n|turn|4\n|\n|t:|1769291986\n|move|p1a: Indeedee|Helping Hand|p1b: Kyogre\n|-singleturn|p1b: Kyogre|Helping Hand|[of] p1a: Indeedee\n|move|p2b: Raging Bolt|Thunderbolt|p1a: Indeedee\n|-damage|p1a: Indeedee|0 fnt\n|faint|p1a: Indeedee\n|move|p1b: Kyogre|Water Spout|p2b: Raging Bolt|[spread] p2a,p2b\n|-resisted|p2b: Raging Bolt\n|-enditem|p2a: Calyrex|Focus Sash\n|-damage|p2a: Calyrex|1/100\n|-damage|p2b: Raging Bolt|20/100\n|move|p2a: Calyrex|Nasty Plot|p2a: Calyrex\n|-boost|p2a: Calyrex|spa|2\n|\n|-weather|RainDance|[upkeep]\n|upkeep\n|j| scott hunter\n|c|\u2606Hockeystick7|yeahh ggs\n|\n|t:|1769291999\n|switch|p1a: Calyrex|Calyrex-Ice, L50|100/100\n|-ability|p1a: Calyrex|As One\n|-ability|p1a: Calyrex|Unnerve\n|turn|5\n|l| scott hunter\n|\n|t:|1769292016\n|move|p2a: Calyrex|Protect|p2a: Calyrex\n|-singleturn|p2a: Calyrex|Protect\n|move|p1a: Calyrex|Glacial Lance|p2b: Raging Bolt|[spread] p2b\n|-activate|p2a: Calyrex|move: Protect\n|-supereffective|p2b: Raging Bolt\n|-damage|p2b: Raging Bolt|0 fnt\n|faint|p2b: Raging Bolt\n|-end|p2b: Raging Bolt|Protosynthesis|[silent]\n|-ability|p1a: Calyrex|Chilling Neigh|boost\n|-boost|p1a: Calyrex|atk|1\n|move|p1b: Kyogre|Water Spout|p2a: Calyrex\n|-activate|p2a: Calyrex|move: Protect\n|\n|-weather|RainDance|[upkeep]\n|-fieldend|move: Trick Room\n|-fieldend|move: Psychic Terrain\n|upkeep\n|turn|6\n|\n|t:|1769292029\n|move|p2a: Calyrex|Astral Barrage|p1b: Kyogre|[spread] p1a,p1b\n|-supereffective|p1a: Calyrex\n|-damage|p1a: Calyrex|0 fnt\n|-damage|p1b: Kyogre|39/100\n|faint|p1a: Calyrex\n|-ability|p2a: Calyrex|Grim Neigh|boost\n|-boost|p2a: Calyrex|spa|1\n|move|p1b: Kyogre|Water Spout|p2a: Calyrex\n|-damage|p2a: Calyrex|0 fnt\n|faint|p2a: Calyrex\n|\n|win|j0l0k0\n|n|\u2606j0l0k0|j0l0k0\n|n|\u2606Hockeystick7|hockeystick7\n|n| mysticmarshtomp|mysticmarshtomp\n|n| BaxFan|baxfan\n|n| Skwovetboi|skwovetboi\n|n| Therazer456|therazer456\n","uploadtime":1769292029,"views":10,"formatid":"gen9vgc2026regi","rating":null,"private":0,"password":null}