{"id":"gen9vgc2026regi-2561520774","format":"[Gen 9] VGC 2026 Reg I","players":["keahi","It'sJustKen VGC"],"log":"|j|\u2606keahi\n|j|\u2606It'sJustKen VGC\n|t:|1773806233\n|gametype|doubles\n|player|p1|keahi|artist-gen4|\n|player|p2|It'sJustKen VGC|1|\n|gen|9\n|tier|[Gen 9] VGC 2026 Reg I\n|rated|Tournament battle\n|rule|Species Clause: Limit one of each Pok\u00e9mon\n|rule|Item Clause: Limit 1 of each item\n|raw|<div class=\"infobox\"><details class=\"readmore\" open><summary><strong>3 custom rules:</strong></summary> Open Team Sheets, Force Open Team Sheets, !Open Team Sheets</details></div>\n|clearpoke\n|poke|p1|Calyrex-Shadow, L50|\n|poke|p1|Chien-Pao, L50|\n|poke|p1|Koraidon, L50|\n|poke|p1|Ogerpon-Hearthflame, L50, F|\n|poke|p1|Rillaboom, L50, M|\n|poke|p1|Farigiraf, L50, F|\n|poke|p2|Iron Hands, L50|\n|poke|p2|Incineroar, L50, M|\n|poke|p2|Calyrex-Shadow, L50|\n|poke|p2|Whimsicott, L50, M|\n|poke|p2|Farigiraf, L50, F|\n|poke|p2|Miraidon, L50|\n|teampreview|4\n|showteam|p1|Calyrex-Shadow||LifeOrb|AsOneSpectrier|AstralBarrage,PollenPuff,Protect,Taunt||||||50|,,,,,Normal]Chien-Pao||CovertCloak|SwordofRuin|IceSpinner,SuckerPunch,Ruination,IcyWind||||||50|,,,,,Poison]Koraidon||ClearAmulet|OrichalcumPulse|FlareBlitz,CollisionCourse,FlameCharge,Protect||||||50|,,,,,Fire]Ogerpon-Hearthflame||HearthflameMask|MoldBreaker|IvyCudgel,SpikyShield,FollowMe,GrassyGlide|||F|||50|,,,,,Fire]Rillaboom||AssaultVest|GrassySurge|FakeOut,GrassyGlide,Uturn,WoodHammer|||M|||50|,,,,,Fire]Farigiraf||GrassySeed|ArmorTail|Imprison,TrickRoom,PsychicNoise,HelpingHand|||F|||50|,,,,,Fairy\n|showteam|p2|Iron Hands||AssaultVest|QuarkDrive|FakeOut,DrainPunch,WildCharge,LowKick||||||50|,,,,,Water]Incineroar||RockyHelmet|Intimidate|FakeOut,Uturn,KnockOff,FlareBlitz|||M|||50|,,,,,Bug]Calyrex-Shadow||FocusSash|AsOneSpectrier|Protect,AstralBarrage,Psychic,Imprison||||||50|,,,,,Ghost]Whimsicott||CovertCloak|Prankster|Tailwind,Encore,Moonblast,LightScreen|||M|||50|,,,,,Fire]Farigiraf||ElectricSeed|ArmorTail|Psychic,Roar,TrickRoom,HelpingHand|||F|||50|,,,,,Water]Miraidon||ChoiceSpecs|HadronEngine|ElectroDrift,VoltSwitch,DracoMeteor,DazzlingGleam||||||50|,,,,,Fairy\n|inactive|Battle timer is ON: inactive players will automatically lose when time's up. (requested by It'sJustKen VGC)\n|c|\u2606keahi|sorry -- was sending a LinkedIn msg to a recruiter\n|c|\u2606keahi|glhf\n|j|+holdingb\n|c|\u2606It'sJustKen VGC|np\n|c|\u2606It'sJustKen VGC|u2\n|inactive|keahi has 60 seconds left.\n|inactive|It'sJustKen VGC has 60 seconds left.\n|\n|t:|1773806279\n|teamsize|p1|4\n|teamsize|p2|4\n|start\n|switch|p1a: Chien-Pao|Chien-Pao, L50, shiny|100/100\n|switch|p1b: Calyrex|Calyrex-Shadow, L50|100/100\n|switch|p2a: Miraidon|Miraidon, L50, shiny|100/100\n|switch|p2b: Whimsicott|Whimsicott, L50, M|100/100\n|-ability|p1b: Calyrex|As One\n|-ability|p1b: Calyrex|Unnerve\n|-ability|p1a: Chien-Pao|Sword of Ruin\n|-fieldstart|move: Electric Terrain|[from] ability: Hadron Engine|[of] p2a: Miraidon\n|turn|1\n|inactive|It'sJustKen VGC has 30 seconds left.\n|inactive|It'sJustKen VGC has 20 seconds left.\n|\n|t:|1773806315\n|-terastallize|p1a: Chien-Pao|Poison\n|move|p2b: Whimsicott|Tailwind|p2b: Whimsicott\n|-sidestart|p2: It'sJustKen VGC|move: Tailwind\n|move|p2a: Miraidon|Draco Meteor|p1b: Calyrex\n|-damage|p1b: Calyrex|0 fnt\n|-unboost|p2a: Miraidon|spa|2\n|faint|p1b: Calyrex\n|move|p1a: Chien-Pao|Icy Wind|p2a: Miraidon|[spread] p2a\n|-miss|p1a: Chien-Pao|p2b: Whimsicott\n|-supereffective|p2a: Miraidon\n|-damage|p2a: Miraidon|83/100\n|-unboost|p2a: Miraidon|spe|1\n|\n|upkeep\n|\n|t:|1773806326\n|switch|p1b: Koraidon|Koraidon, L50, shiny|100/100\n|-weather|SunnyDay|[from] ability: Orichalcum Pulse|[of] p1b: Koraidon\n|-activate|p1b: Koraidon|Orichalcum Pulse|[source]\n|turn|2\n|\n|t:|1773806344\n|switch|p1b: Farigiraf|Farigiraf, L50, F|100/100\n|move|p2b: Whimsicott|Encore||[still]\n|cant|p1b: Farigiraf|ability: Armor Tail|Encore|[of] p2b: Whimsicott\n|move|p2a: Miraidon|Draco Meteor|p1b: Farigiraf\n|-damage|p1b: Farigiraf|37/100\n|-unboost|p2a: Miraidon|spa|2\n|move|p1a: Chien-Pao|Ice Spinner|p2b: Whimsicott\n|-supereffective|p2b: Whimsicott\n|-damage|p2b: Whimsicott|0 fnt\n|-fieldend|move: Electric Terrain\n|faint|p2b: Whimsicott\n|\n|-weather|SunnyDay|[upkeep]\n|upkeep\n|\n|t:|1773806351\n|switch|p2b: Calyrex|Calyrex-Shadow, L50|100/100\n|-ability|p2b: Calyrex|As One\n|-ability|p2b: Calyrex|Unnerve\n|turn|3\n|\n|t:|1773806368\n|-terastallize|p2b: Calyrex|Ghost\n|move|p1a: Chien-Pao|Sucker Punch|p2b: Calyrex\n|-supereffective|p2b: Calyrex\n|-enditem|p2b: Calyrex|Focus Sash\n|-damage|p2b: Calyrex|1/100\n|move|p2b: Calyrex|Psychic|p1a: Chien-Pao\n|-supereffective|p1a: Chien-Pao\n|-damage|p1a: Chien-Pao|0 fnt\n|faint|p1a: Chien-Pao\n|-ability|p2b: Calyrex|Grim Neigh|boost\n|-boost|p2b: Calyrex|spa|1\n|move|p2a: Miraidon|Draco Meteor|p1b: Farigiraf\n|-damage|p1b: Farigiraf|5/100\n|-unboost|p2a: Miraidon|spa|2\n|move|p1b: Farigiraf|Psychic Noise|p2b: Calyrex\n|-damage|p2b: Calyrex|0 fnt\n|faint|p2b: Calyrex\n|\n|-weather|SunnyDay|[upkeep]\n|upkeep\n|\n|t:|1773806372\n|switch|p2b: Incineroar|Incineroar, L50, M|100/100\n|switch|p1a: Koraidon|Koraidon, L50, shiny|100/100\n|-activate|p1a: Koraidon|ability: Orichalcum Pulse\n|-ability|p2b: Incineroar|Intimidate|boost\n|-fail|p1a: Koraidon|unboost|[from] item: Clear Amulet|[of] p1a: Koraidon\n|-unboost|p1b: Farigiraf|atk|1\n|turn|4\n|\n|t:|1773806387\n|move|p2a: Miraidon|Draco Meteor|p1a: Koraidon\n|-supereffective|p1a: Koraidon\n|-damage|p1a: Koraidon|51/100\n|move|p1a: Koraidon|Collision Course|p2b: Incineroar\n|-supereffective|p2b: Incineroar\n|-damage|p2b: Incineroar|0 fnt\n|-damage|p1a: Koraidon|34/100|[from] item: Rocky Helmet|[of] p2b: Incineroar\n|faint|p2b: Incineroar\n|move|p1b: Farigiraf|Psychic Noise|p2a: Miraidon\n|-damage|p2a: Miraidon|59/100\n|-start|p2a: Miraidon|move: Heal Block\n|\n|-weather|SunnyDay|[upkeep]\n|-sideend|p2: It'sJustKen VGC|move: Tailwind\n|upkeep\n|turn|5\n|\n|t:|1773806397\n|move|p1a: Koraidon|Protect|p1a: Koraidon\n|-singleturn|p1a: Koraidon|Protect\n|move|p2a: Miraidon|Draco Meteor|p1a: Koraidon\n|-activate|p1a: Koraidon|move: Protect\n|move|p1b: Farigiraf|Trick Room|p1b: Farigiraf\n|-fieldstart|move: Trick Room|[of] p1b: Farigiraf\n|\n|-weather|SunnyDay|[upkeep]\n|-end|p2a: Miraidon|move: Heal Block\n|upkeep\n|turn|6\n|c|\u2606keahi|...\n|c|\u2606keahi|why\n|c|\u2606keahi|I forgot\n|\n|t:|1773806418\n|move|p1b: Farigiraf|Psychic Noise|p2a: Miraidon\n|-damage|p2a: Miraidon|37/100\n|-start|p2a: Miraidon|move: Heal Block\n|move|p2a: Miraidon|Draco Meteor|p1a: Koraidon\n|-supereffective|p1a: Koraidon\n|-damage|p1a: Koraidon|0 fnt\n|faint|p1a: Koraidon\n|\n|-weather|none\n|upkeep\n|turn|7\n|c|\u2606It'sJustKen VGC|rip\n|\n|t:|1773806426\n|move|p1b: Farigiraf|Psychic Noise|p2a: Miraidon\n|-damage|p2a: Miraidon|16/100\n|move|p2a: Miraidon|Draco Meteor|p1b: Farigiraf\n|-damage|p1b: Farigiraf|0 fnt\n|faint|p1b: Farigiraf\n|\n|win|It'sJustKen VGC\n|n|\u2606keahi|keahi\n|n|\u2606It'sJustKen VGC|itsjustkenvgc\n|n| holdingb|holdingb\n|c|\u2606keahi|/me shrugs\n|c|\u2606keahi|it is what it is\n|c|\u2606It'sJustKen VGC|lmao\n|c|\u2606It'sJustKen VGC|gg wp\n|c|\u2606keahi|u2\n","uploadtime":1773806433,"views":12,"formatid":"gen9vgc2026regi","rating":null,"private":0,"password":null}