{"id":"gen9vgc2026regi-2528492094","format":"[Gen 9] VGC 2026 Reg I","players":["shun5412","GAPDHC"],"log":"|j|\u203dshun5412\n|j|\u2606GAPDHC\n|t:|1769664346\n|gametype|doubles\n|player|p1|shun5412|az|1249\n|player|p2|GAPDHC|ruinmaniac|1500\n|gen|9\n|tier|[Gen 9] VGC 2026 Reg I\n|rated|\n|rule|Species Clause: Limit one of each Pok\u00e9mon\n|rule|Item Clause: Limit 1 of each item\n|clearpoke\n|poke|p1|Calyrex-Ice, L50|\n|poke|p1|Miraidon, L50|\n|poke|p1|Corviknight, L50, M|\n|poke|p1|Oranguru, L50, M|\n|poke|p1|Urshifu-*, L50, M|\n|poke|p1|Flutter Mane, L50|\n|poke|p2|Calyrex-Shadow, L50|\n|poke|p2|Eternatus, L50|\n|poke|p2|Grimmsnarl, L50, M|\n|poke|p2|Rillaboom, L50, M|\n|poke|p2|Dondozo, L50, F|\n|poke|p2|Tatsugiri-Droopy, L50, M|\n|teampreview|4\n|inactive|Battle timer is ON: inactive players will automatically lose when time's up. (requested by shun5412)\n|\n|t:|1769664361\n|teamsize|p1|4\n|teamsize|p2|4\n|start\n|switch|p1a: Calyrex|Calyrex-Ice, L50|100/100\n|switch|p1b: Oranguru|Oranguru, L50, M|100/100\n|switch|p2a: Calyrex|Calyrex-Shadow, L50|100/100\n|switch|p2b: Eternatus|Eternatus, L50|100/100\n|-ability|p2a: Calyrex|As One\n|-ability|p2a: Calyrex|Unnerve\n|-ability|p1a: Calyrex|As One\n|-ability|p1a: Calyrex|Unnerve\n|-ability|p2b: Eternatus|Pressure\n|turn|1\n|\n|t:|1769664380\n|move|p1a: Calyrex|Protect|p1a: Calyrex\n|-singleturn|p1a: Calyrex|Protect\n|move|p2a: Calyrex|Astral Barrage|p1a: Calyrex|[spread] \n|-activate|p1a: Calyrex|move: Protect\n|-immune|p1b: Oranguru\n|move|p2b: Eternatus|Toxic|p1a: Calyrex\n|-activate|p1a: Calyrex|move: Protect\n|move|p1b: Oranguru|Trick Room|p1b: Oranguru\n|-fieldstart|move: Trick Room|[of] p1b: Oranguru\n|\n|upkeep\n|turn|2\n|\n|t:|1769664395\n|switch|p2b: Dondozo|Dondozo, L50, F|100/100\n|switch|p2a: Tatsugiri|Tatsugiri-Droopy, L50, M|100/100\n|-activate|p2a: Tatsugiri|ability: Commander|[of] p2b: Dondozo\n|-boost|p2b: Dondozo|atk|2\n|-boost|p2b: Dondozo|spa|2\n|-boost|p2b: Dondozo|spe|2\n|-boost|p2b: Dondozo|def|2\n|-boost|p2b: Dondozo|spd|2\n|-terastallize|p1a: Calyrex|Water\n|move|p1b: Oranguru|Taunt|p2b: Dondozo\n|-start|p2b: Dondozo|move: Taunt\n|move|p1a: Calyrex|Glacial Lance|p2a: Tatsugiri|[spread] p2b\n|-miss|p1a: Calyrex|p2a: Tatsugiri\n|-resisted|p2b: Dondozo\n|-damage|p2b: Dondozo|92/100\n|\n|-heal|p2b: Dondozo|98/100|[from] item: Leftovers\n|upkeep\n|turn|3\n|\n|t:|1769664416\n|move|p1a: Calyrex|Protect|p1a: Calyrex\n|-singleturn|p1a: Calyrex|Protect\n|move|p1b: Oranguru|Yawn|p2b: Dondozo\n|-start|p2b: Dondozo|move: Yawn|[of] p1b: Oranguru\n|move|p2b: Dondozo|Order Up|p1b: Oranguru\n|-damage|p1b: Oranguru|65/100\n|-boost|p2b: Dondozo|def|1\n|\n|-heal|p2b: Dondozo|100/100|[from] item: Leftovers\n|upkeep\n|turn|4\n|\n|t:|1769664437\n|move|p1b: Oranguru|Taunt||[still]\n|-fail|p1b: Oranguru\n|move|p1a: Calyrex|Tera Blast|p2b: Dondozo|[anim] Tera Blast Water\n|-resisted|p2b: Dondozo\n|-damage|p2b: Dondozo|94/100\n|move|p2b: Dondozo|Order Up|p1b: Oranguru\n|-damage|p1b: Oranguru|29/100\n|-boost|p2b: Dondozo|def|1\n|\n|-heal|p2b: Dondozo|99/100|[from] item: Leftovers\n|-end|p2b: Dondozo|move: Taunt\n|-end|p2b: Dondozo|move: Yawn|[silent]\n|-status|p2b: Dondozo|slp\n|upkeep\n|turn|5\n|\n|t:|1769664453\n|switch|p1b: Miraidon|Miraidon, L50|100/100\n|-fieldstart|move: Electric Terrain|[from] ability: Hadron Engine|[of] p1b: Miraidon\n|move|p1a: Calyrex|Tera Blast|p2b: Dondozo|[anim] Tera Blast Water\n|-resisted|p2b: Dondozo\n|-damage|p2b: Dondozo|95/100 slp\n|cant|p2b: Dondozo|slp\n|\n|-heal|p2b: Dondozo|100/100 slp|[from] item: Leftovers\n|-fieldend|move: Trick Room\n|upkeep\n|turn|6\n|\n|t:|1769664469\n|-terastallize|p2b: Dondozo|Electric\n|move|p1b: Miraidon|Electro Drift|p2b: Dondozo\n|-resisted|p2b: Dondozo\n|-damage|p2b: Dondozo|77/100 slp\n|-damage|p1b: Miraidon|91/100|[from] item: Life Orb\n|cant|p2b: Dondozo|slp\n|move|p1a: Calyrex|Tera Blast|p2b: Dondozo|[anim] Tera Blast Water\n|-damage|p2b: Dondozo|65/100 slp\n|\n|-heal|p2b: Dondozo|71/100 slp|[from] item: Leftovers\n|upkeep\n|turn|7\n|\n|t:|1769664486\n|move|p1b: Miraidon|Dragon Pulse|p2b: Dondozo\n|-damage|p2b: Dondozo|36/100 slp\n|-damage|p1b: Miraidon|81/100|[from] item: Life Orb\n|-curestatus|p2b: Dondozo|slp|[msg]\n|move|p2b: Dondozo|Earthquake|p1a: Calyrex|[spread] p1a,p1b\n|-miss|p2b: Dondozo|p2a: Tatsugiri\n|-supereffective|p1b: Miraidon\n|-damage|p1a: Calyrex|73/100\n|-damage|p1b: Miraidon|0 fnt\n|faint|p1b: Miraidon\n|move|p1a: Calyrex|High Horsepower|p2b: Dondozo\n|-supereffective|p2b: Dondozo\n|-damage|p2b: Dondozo|17/100\n|\n|-heal|p2b: Dondozo|23/100|[from] item: Leftovers\n|upkeep\n|\n|t:|1769664501\n|switch|p1b: Oranguru|Oranguru, L50, M|29/100\n|turn|8\n|\n|t:|1769664507\n|move|p2b: Dondozo|Order Up|p1b: Oranguru\n|-damage|p1b: Oranguru|0 fnt\n|faint|p1b: Oranguru\n|-boost|p2b: Dondozo|def|1\n|move|p1a: Calyrex|High Horsepower|p2b: Dondozo\n|-supereffective|p2b: Dondozo\n|-damage|p2b: Dondozo|7/100\n|\n|-heal|p2b: Dondozo|13/100|[from] item: Leftovers\n|upkeep\n|\n|t:|1769664516\n|switch|p1b: Flutter Mane|Flutter Mane, L50|100/100\n|-enditem|p1b: Flutter Mane|Booster Energy\n|-activate|p1b: Flutter Mane|ability: Protosynthesis|[fromitem]\n|-start|p1b: Flutter Mane|protosynthesisspe\n|turn|9\n|\n|t:|1769664526\n|move|p2b: Dondozo|Protect|p2b: Dondozo\n|-singleturn|p2b: Dondozo|Protect\n|move|p1b: Flutter Mane|Moonblast|p2b: Dondozo\n|-activate|p2b: Dondozo|move: Protect\n|move|p1a: Calyrex|Glacial Lance|p2b: Dondozo|[spread] \n|-miss|p1a: Calyrex|p2a: Tatsugiri\n|-activate|p2b: Dondozo|move: Protect\n|\n|-heal|p2b: Dondozo|19/100|[from] item: Leftovers\n|-fieldend|move: Electric Terrain\n|upkeep\n|turn|10\n|\n|t:|1769664541\n|move|p1b: Flutter Mane|Moonblast|p2b: Dondozo\n|-damage|p2b: Dondozo|0 fnt\n|faint|p2b: Dondozo\n|move|p1a: Calyrex|Glacial Lance|p2a: Tatsugiri\n|-enditem|p2a: Tatsugiri|Focus Sash\n|-damage|p2a: Tatsugiri|1/100\n|\n|upkeep\n|\n|t:|1769664551\n|switch|p2b: Calyrex|Calyrex-Shadow, L50|100/100\n|-ability|p2b: Calyrex|As One\n|-ability|p2b: Calyrex|Unnerve\n|turn|11\n|\n|t:|1769664562\n|move|p1b: Flutter Mane|Shadow Ball|p2b: Calyrex\n|-supereffective|p2b: Calyrex\n|-damage|p2b: Calyrex|0 fnt\n|faint|p2b: Calyrex\n|move|p2a: Tatsugiri|Icy Wind|p1a: Calyrex|[spread] p1b\n|-miss|p2a: Tatsugiri|p1a: Calyrex\n|-damage|p1b: Flutter Mane|85/100\n|-unboost|p1b: Flutter Mane|spe|1\n|move|p1a: Calyrex|Glacial Lance|p2a: Tatsugiri\n|-damage|p2a: Tatsugiri|0 fnt\n|faint|p2a: Tatsugiri\n|-ability|p1a: Calyrex|Chilling Neigh|boost\n|-boost|p1a: Calyrex|atk|1\n|\n|upkeep\n|\n|t:|1769664566\n|switch|p2b: Eternatus|Eternatus, L50|100/100\n|-ability|p2b: Eternatus|Pressure\n|turn|12\n|-message|GAPDHC forfeited.\n|\n|win|shun5412\n|raw|shun5412's rating: 1249 &rarr; <strong>1289</strong><br />(+40 for winning)\n|raw|GAPDHC's rating: 1500 &rarr; <strong>1468</strong><br />(-32 for losing)\n|l|\u2606GAPDHC\n|player|p2|\n|l|\u203dshun5412\n|player|p1|\n","uploadtime":1769664731,"views":11,"formatid":"gen9vgc2026regi","rating":1289,"private":0,"password":null}