{"id":"gen9vgc2026regi-2519558607","format":"[Gen 9] VGC 2026 Reg I","players":["Cello L.","paradox franco"],"log":"|j|\u2606Cello L.\n|j|\u2606paradox franco\n|t:|1768517662\n|gametype|doubles\n|player|p1|Cello L.|cynthia-gen4|1429\n|player|p2|paradox franco|elesa|1426\n|gen|9\n|tier|[Gen 9] VGC 2026 Reg I\n|rated|\n|rule|Species Clause: Limit one of each Pok\u00e9mon\n|rule|Item Clause: Limit 1 of each item\n|clearpoke\n|poke|p1|Miraidon, L50|\n|poke|p1|Lunala, L50|\n|poke|p1|Ursaluna, L50, F|\n|poke|p1|Urshifu-*, L50, M|\n|poke|p1|Whimsicott, L50, M|\n|poke|p1|Incineroar, L50, M|\n|poke|p2|Lunala, L50|\n|poke|p2|Groudon, L50|\n|poke|p2|Whimsicott, L50, F|\n|poke|p2|Raging Bolt, L50|\n|poke|p2|Kingambit, L50, F|\n|poke|p2|Chi-Yu, L50|\n|teampreview|4\n|\n|t:|1768517677\n|teamsize|p1|4\n|teamsize|p2|4\n|start\n|switch|p1a: Miraidon|Miraidon, L50|100/100\n|switch|p1b: Lunala|Lunala, L50|100/100\n|switch|p2a: Groudon|Groudon, L50|100/100\n|switch|p2b: Whimsicott|Whimsicott, L50, F|100/100\n|-fieldstart|move: Electric Terrain|[from] ability: Hadron Engine|[of] p1a: Miraidon\n|-enditem|p1b: Lunala|Electric Seed\n|-boost|p1b: Lunala|def|1|[from] item: Electric Seed\n|-weather|SunnyDay|[from] ability: Drought|[of] p2a: Groudon\n|turn|1\n|inactive|Battle timer is ON: inactive players will automatically lose when time's up. (requested by paradox franco)\n|\n|t:|1768517711\n|-terastallize|p1a: Miraidon|Fairy\n|move|p2b: Whimsicott|Tailwind|p2b: Whimsicott\n|-sidestart|p2: paradox franco|move: Tailwind\n|move|p2a: Groudon|Precipice Blades|p1a: Miraidon|[spread] p1a,p1b\n|-damage|p1a: Miraidon|45/100\n|-damage|p1b: Lunala|88/100\n|move|p1a: Miraidon|Volt Switch|p2b: Whimsicott\n|-resisted|p2b: Whimsicott\n|-enditem|p2b: Whimsicott|Focus Sash\n|-damage|p2b: Whimsicott|1/100\n|\n|t:|1768517721\n|switch|p1a: Ursaluna|Ursaluna, L50, F|100/100|[from] Volt Switch\n|move|p1b: Lunala|Trick Room|p1b: Lunala\n|-fieldstart|move: Trick Room|[of] p1b: Lunala\n|\n|-weather|SunnyDay|[upkeep]\n|-status|p1a: Ursaluna|brn|[from] item: Flame Orb\n|upkeep\n|turn|2\n|\n|t:|1768517730\n|move|p1b: Lunala|Wide Guard|p1b: Lunala\n|-singleturn|p1b: Lunala|Wide Guard\n|move|p2b: Whimsicott|Encore|p1b: Lunala\n|-start|p1b: Lunala|Encore\n|move|p1a: Ursaluna|Earthquake|p2a: Groudon|[spread] p2a,p2b\n|-activate|p1b: Lunala|move: Wide Guard\n|-resisted|p2b: Whimsicott\n|-damage|p2a: Groudon|55/100\n|-damage|p2b: Whimsicott|0 fnt\n|faint|p2b: Whimsicott\n|move|p2a: Groudon|Precipice Blades|p1b: Lunala|[spread] \n|-activate|p1a: Ursaluna|move: Wide Guard\n|-activate|p1b: Lunala|move: Wide Guard\n|\n|-weather|SunnyDay|[upkeep]\n|-damage|p1a: Ursaluna|95/100 brn|[from] brn\n|upkeep\n|\n|t:|1768517733\n|switch|p2b: Kingambit|Kingambit, L50, F|100/100\n|-enditem|p2b: Kingambit|Room Service\n|-unboost|p2b: Kingambit|spe|1|[from] item: Room Service\n|turn|3\n|\n|t:|1768517752\n|move|p1b: Lunala|Wide Guard|p1b: Lunala\n|-singleturn|p1b: Lunala|Wide Guard\n|move|p1a: Ursaluna|Earthquake|p2a: Groudon|[spread] p2a,p2b\n|-activate|p1b: Lunala|move: Wide Guard\n|-supereffective|p2b: Kingambit\n|-damage|p2a: Groudon|8/100\n|-damage|p2b: Kingambit|7/100\n|move|p2b: Kingambit|Low Kick|p1a: Ursaluna\n|-supereffective|p1a: Ursaluna\n|-damage|p1a: Ursaluna|24/100 brn\n|move|p2a: Groudon|Heat Crash|p1a: Ursaluna\n|-crit|p1a: Ursaluna\n|-damage|p1a: Ursaluna|0 fnt\n|faint|p1a: Ursaluna\n|\n|-weather|SunnyDay|[upkeep]\n|upkeep\n|\n|t:|1768517768\n|switch|p1a: Incineroar|Incineroar, L50, M|100/100\n|-ability|p1a: Incineroar|Intimidate|boost\n|-unboost|p2a: Groudon|atk|1\n|-unboost|p2b: Kingambit|atk|1\n|-ability|p2b: Kingambit|Defiant|boost\n|-boost|p2b: Kingambit|atk|2\n|turn|4\n|\n|t:|1768517781\n|move|p1b: Lunala|Wide Guard|p1b: Lunala\n|-singleturn|p1b: Lunala|Wide Guard\n|move|p1a: Incineroar|Flare Blitz|p2b: Kingambit\n|-supereffective|p2b: Kingambit\n|-damage|p2b: Kingambit|0 fnt\n|faint|p2b: Kingambit\n|-damage|p1a: Incineroar|98/100|[from] Recoil\n|move|p2a: Groudon|High Horsepower|p1a: Incineroar\n|-supereffective|p1a: Incineroar\n|-damage|p1a: Incineroar|17/100\n|\n|-weather|SunnyDay|[upkeep]\n|-sideend|p2: paradox franco|move: Tailwind\n|upkeep\n|\n|t:|1768517785\n|switch|p2b: Lunala|Lunala, L50|100/100\n|turn|5\n|\n|t:|1768517796\n|move|p1b: Lunala|Wide Guard|p1b: Lunala\n|-singleturn|p1b: Lunala|Wide Guard\n|move|p1a: Incineroar|Flare Blitz|p2a: Groudon\n|-crit|p2a: Groudon\n|-damage|p2a: Groudon|0 fnt\n|faint|p2a: Groudon\n|-damage|p1a: Incineroar|14/100|[from] Recoil\n|move|p2b: Lunala|Moongeist Beam|p1b: Lunala\n|-supereffective|p1b: Lunala\n|-damage|p1b: Lunala|0 fnt\n|faint|p1b: Lunala\n|\n|-weather|none\n|-fieldend|move: Trick Room\n|-fieldend|move: Electric Terrain\n|upkeep\n|\n|t:|1768517809\n|switch|p1b: Miraidon|Miraidon, L50, tera:Fairy|45/100\n|-fieldstart|move: Electric Terrain|[from] ability: Hadron Engine|[of] p1b: Miraidon\n|turn|6\n|\n|t:|1768517830\n|-terastallize|p2b: Lunala|Fairy\n|move|p1b: Miraidon|Electro Drift|p2b: Lunala\n|-damage|p2b: Lunala|44/100\n|move|p2b: Lunala|Moongeist Beam|p1b: Miraidon\n|-damage|p1b: Miraidon|0 fnt\n|faint|p1b: Miraidon\n|move|p1a: Incineroar|Knock Off|p2b: Lunala\n|-resisted|p2b: Lunala\n|-damage|p2b: Lunala|25/100\n|-enditem|p2b: Lunala|Choice Specs|[from] move: Knock Off|[of] p1a: Incineroar\n|\n|upkeep\n|turn|7\n|c|\u2606paradox franco|ggwp\n|c|\u2606Cello L.|ggawp\n|c|\u2606Cello L.|*ggwp\n|\n|t:|1768517853\n|move|p2b: Lunala|Moonblast|p1a: Incineroar\n|-damage|p1a: Incineroar|0 fnt\n|faint|p1a: Incineroar\n|\n|win|paradox franco\n|raw|Cello L.'s rating: 1429 &rarr; <strong>1409</strong><br />(-20 for losing)\n|raw|paradox franco's rating: 1426 &rarr; <strong>1446</strong><br />(+20 for winning)\n|l|\u2606paradox franco\n|player|p2|\n|l|\u2606Cello L.\n|player|p1|\n","uploadtime":1768518110,"views":18,"formatid":"gen9vgc2026regi","rating":1409,"private":0,"password":null}