{"id":"gen9vgc2026regi-2578742673","format":"[Gen 9] VGC 2026 Reg I","players":["yuirs gsb","TheNamesBetty"],"log":"|j|\u2606yuirs gsb\n|j|\u2606TheNamesBetty\n|t:|1775711159\n|gametype|doubles\n|player|p1|yuirs gsb|265|1371\n|player|p2|TheNamesBetty|koga|1412\n|gen|9\n|tier|[Gen 9] VGC 2026 Reg I\n|rated|\n|rule|Species Clause: Limit one of each Pok\u00e9mon\n|rule|Item Clause: Limit 1 of each item\n|clearpoke\n|poke|p1|Urshifu-*, L50, M|\n|poke|p1|Iron Treads, L50|\n|poke|p1|Miraidon, L50|\n|poke|p1|Calyrex-Ice, L50|\n|poke|p1|Iron Hands, L50|\n|poke|p1|Incineroar, L50, M|\n|poke|p2|Koraidon, L50|\n|poke|p2|Calyrex-Shadow, L50|\n|poke|p2|Tornadus, L50, M|\n|poke|p2|Urshifu-*, L50, F|\n|poke|p2|Jumpluff, L50, M|\n|poke|p2|Dewgong, L50, F|\n|teampreview|4\n|inactive|Battle timer is ON: inactive players will automatically lose when time's up. (requested by yuirs gsb)\nTheNamesBetty has agreed to open team sheets.\n|inactive|TheNamesBetty has 60 seconds left.\n|j| Souljasleet\n|\n|t:|1775711207\n|teamsize|p1|4\n|teamsize|p2|4\n|start\n|switch|p1a: Calyrex|Calyrex-Ice, L50|100/100\n|switch|p1b: Miraidon|Miraidon, L50|100/100\n|switch|p2a: Houska se sal\u00e1mem|Urshifu, L50, F|100/100\n|switch|p2b: Kedluben|Calyrex-Shadow, L50|100/100\n|-ability|p2b: Kedluben|As One\n|-ability|p2b: Kedluben|Unnerve\n|-ability|p1a: Calyrex|As One\n|-ability|p1a: Calyrex|Unnerve\n|-fieldstart|move: Electric Terrain|[from] ability: Hadron Engine|[of] p1b: Miraidon\n|turn|1\n|l| Souljasleet\n|\n|t:|1775711221\n|switch|p1b: Incineroar|Incineroar, L50, M|100/100\n|-ability|p1b: Incineroar|Intimidate|boost\n|-unboost|p2a: Houska se sal\u00e1mem|atk|1\n|-unboost|p2b: Kedluben|atk|1\n|-terastallize|p1a: Calyrex|Fire\n|move|p2a: Houska se sal\u00e1mem|Wicked Blow|p1b: Incineroar\n|-resisted|p1b: Incineroar\n|-crit|p1b: Incineroar\n|-damage|p1b: Incineroar|77/100\n|-damage|p2a: Houska se sal\u00e1mem|84/100|[from] item: Rocky Helmet|[of] p1b: Incineroar\n|move|p2b: Kedluben|Astral Barrage|p1a: Calyrex|[spread] p1a,p1b\n|-resisted|p1b: Incineroar\n|-crit|p1b: Incineroar\n|-damage|p1a: Calyrex|58/100\n|-damage|p1b: Incineroar|30/100\n|-damage|p2b: Kedluben|91/100|[from] item: Life Orb\n|move|p1a: Calyrex|Trick Room|p1a: Calyrex\n|-fieldstart|move: Trick Room|[of] p1a: Calyrex\n|\n|upkeep\n|turn|2\n|inactive|TheNamesBetty has 30 seconds left.\n|inactive|TheNamesBetty has 20 seconds left.\n|\n|t:|1775711257\n|switch|p2a: DDDMaxVerstappen|Dewgong, L50, F|100/100\n|move|p2b: Kedluben|Protect|p2b: Kedluben\n|-singleturn|p2b: Kedluben|Protect\n|move|p1a: Calyrex|Glacial Lance|p2a: DDDMaxVerstappen|[spread] p2a\n|-activate|p2b: Kedluben|move: Protect\n|-resisted|p2a: DDDMaxVerstappen\n|-damage|p2a: DDDMaxVerstappen|92/100\n|move|p1b: Incineroar|Flare Blitz|p2a: DDDMaxVerstappen\n|-damage|p2a: DDDMaxVerstappen|66/100\n|-damage|p1b: Incineroar|21/100|[from] Recoil\n|\n|upkeep\n|turn|3\n|\n|t:|1775711281\n|-terastallize|p2b: Kedluben|Dark\n|move|p2a: DDDMaxVerstappen|Fake Out|p1a: Calyrex\n|-damage|p1a: Calyrex|53/100\n|cant|p1a: Calyrex|flinch\n|move|p1b: Incineroar|Knock Off|p2b: Kedluben\n|-resisted|p2b: Kedluben\n|-damage|p2b: Kedluben|67/100\n|-enditem|p2b: Kedluben|Life Orb|[from] move: Knock Off|[of] p1b: Incineroar\n|move|p2b: Kedluben|Astral Barrage|p1a: Calyrex|[spread] p1a,p1b\n|-resisted|p1b: Incineroar\n|-damage|p1a: Calyrex|19/100\n|-damage|p1b: Incineroar|0 fnt\n|faint|p1b: Incineroar\n|-ability|p2b: Kedluben|Grim Neigh|boost\n|-boost|p2b: Kedluben|spa|1\n|\n|upkeep\n|\n|t:|1775711288\n|switch|p1b: Iron Hands|Iron Hands, L50|100/100\n|-activate|p1b: Iron Hands|ability: Quark Drive\n|-start|p1b: Iron Hands|quarkdriveatk\n|turn|4\n|\n|t:|1775711303\n|move|p2a: DDDMaxVerstappen|Protect|p2a: DDDMaxVerstappen\n|-singleturn|p2a: DDDMaxVerstappen|Protect\n|move|p2b: Kedluben|Protect|p2b: Kedluben\n|-singleturn|p2b: Kedluben|Protect\n|move|p1a: Calyrex|High Horsepower|p2a: DDDMaxVerstappen\n|-activate|p2a: DDDMaxVerstappen|move: Protect\n|move|p1b: Iron Hands|Drain Punch|p2b: Kedluben\n|-activate|p2b: Kedluben|move: Protect\n|\n|upkeep\n|turn|5\n|\n|t:|1775711316\n|switch|p2b: Jan\u017di\u017ekaZTrocnova|Koraidon, L50|100/100\n|-weather|SunnyDay|[from] ability: Orichalcum Pulse|[of] p2b: Jan\u017di\u017ekaZTrocnova\n|-activate|p2b: Jan\u017di\u017ekaZTrocnova|Orichalcum Pulse|[source]\n|move|p2a: DDDMaxVerstappen|Aqua Jet|p1a: Calyrex\n|-supereffective|p1a: Calyrex\n|-damage|p1a: Calyrex|14/100\n|move|p1b: Iron Hands|Drain Punch|p2b: Jan\u017di\u017ekaZTrocnova\n|-damage|p2b: Jan\u017di\u017ekaZTrocnova|64/100\n|move|p1a: Calyrex|Glacial Lance|p2a: DDDMaxVerstappen|[spread] p2a,p2b\n|-resisted|p2a: DDDMaxVerstappen\n|-supereffective|p2b: Jan\u017di\u017ekaZTrocnova\n|-damage|p2a: DDDMaxVerstappen|59/100\n|-damage|p2b: Jan\u017di\u017ekaZTrocnova|0 fnt\n|faint|p2b: Jan\u017di\u017ekaZTrocnova\n|-ability|p1a: Calyrex|Chilling Neigh|boost\n|-boost|p1a: Calyrex|atk|1\n|\n|-weather|SunnyDay|[upkeep]\n|-fieldend|move: Trick Room\n|-fieldend|move: Electric Terrain\n|-end|p1b: Iron Hands|Quark Drive\n|upkeep\n|\n|t:|1775711340\n|switch|p2b: Kedluben|Calyrex-Shadow, L50, tera:Dark|67/100\n|-ability|p2b: Kedluben|As One\n|-ability|p2b: Kedluben|Unnerve\n|turn|6\n|\n|t:|1775711350\n|switch|p2a: Houska se sal\u00e1mem|Urshifu, L50, F|84/100\n|move|p2b: Kedluben|Astral Barrage|p1b: Iron Hands|[spread] p1a,p1b\n|-damage|p1a: Calyrex|0 fnt\n|-damage|p1b: Iron Hands|75/100\n|faint|p1a: Calyrex\n|-ability|p2b: Kedluben|Grim Neigh|boost\n|-boost|p2b: Kedluben|spa|1\n|move|p1b: Iron Hands|Drain Punch|p2a: Houska se sal\u00e1mem\n|-supereffective|p2a: Houska se sal\u00e1mem\n|-damage|p2a: Houska se sal\u00e1mem|1/100\n|-heal|p1b: Iron Hands|100/100|[from] drain|[of] p2a: Houska se sal\u00e1mem\n|\n|-weather|SunnyDay|[upkeep]\n|upkeep\n|\n|t:|1775711355\n|switch|p1a: Miraidon|Miraidon, L50|100/100\n|-fieldstart|move: Electric Terrain|[from] ability: Hadron Engine|[of] p1a: Miraidon\n|-activate|p1b: Iron Hands|ability: Quark Drive\n|-start|p1b: Iron Hands|quarkdriveatk\n|turn|7\n|\n|t:|1775711375\n|move|p1a: Miraidon|Dazzling Gleam|p2a: Houska se sal\u00e1mem|[spread] p2a,p2b\n|-supereffective|p2a: Houska se sal\u00e1mem\n|-supereffective|p2b: Kedluben\n|-damage|p2a: Houska se sal\u00e1mem|0 fnt\n|-damage|p2b: Kedluben|13/100\n|faint|p2a: Houska se sal\u00e1mem\n|move|p2b: Kedluben|Astral Barrage|p1a: Miraidon|[spread] p1a,p1b\n|-damage|p1a: Miraidon|31/100\n|-damage|p1b: Iron Hands|57/100\n|move|p1b: Iron Hands|Drain Punch|p2b: Kedluben\n|-supereffective|p2b: Kedluben\n|-damage|p2b: Kedluben|0 fnt\n|-heal|p1b: Iron Hands|61/100|[from] drain|[of] p2b: Kedluben\n|faint|p2b: Kedluben\n|\n|-weather|SunnyDay|[upkeep]\n|upkeep\n|c|\u2606TheNamesBetty|Welp\n|\n|t:|1775711391\n|switch|p2b: DDDMaxVerstappen|Dewgong, L50, F|59/100\n|turn|8\n|\n|t:|1775711397\n|move|p1a: Miraidon|Dazzling Gleam|p2b: DDDMaxVerstappen\n|-damage|p2b: DDDMaxVerstappen|35/100\n|move|p2b: DDDMaxVerstappen|Perish Song|p2b: DDDMaxVerstappen\n|-start|p1a: Miraidon|perish3|[silent]\n|-start|p1b: Iron Hands|perish3|[silent]\n|-start|p2b: DDDMaxVerstappen|perish3|[silent]\n|-fieldactivate|move: Perish Song\n|move|p1b: Iron Hands|Drain Punch|p2b: DDDMaxVerstappen\n|-supereffective|p2b: DDDMaxVerstappen\n|-damage|p2b: DDDMaxVerstappen|0 fnt\n|-heal|p1b: Iron Hands|74/100|[from] drain|[of] p2b: DDDMaxVerstappen\n|faint|p2b: DDDMaxVerstappen\n|\n|win|yuirs gsb\n|raw|yuirs gsb's rating: 1371 &rarr; <strong>1393</strong><br />(+22 for winning)\n|raw|TheNamesBetty's rating: 1412 &rarr; <strong>1390</strong><br />(-22 for losing)\n|c|\u2606yuirs gsb|GG\n|l|\u2606TheNamesBetty\n|player|p2|\n","uploadtime":1775711608,"views":7,"formatid":"gen9vgc2026regi","rating":1390,"private":0,"password":null}