{"id":"gen9vgc2026regi-2540588520","format":"[Gen 9] VGC 2026 Reg I","players":["johnkharkiv","ryo8989"],"log":"|j|\u203djohnkharkiv\n|j|\u2606ryo8989\n|t:|1771222735\n|gametype|doubles\n|player|p1|johnkharkiv|swimmerf-gen4dp|1266\n|player|p2|ryo8989|erika|1434\n|gen|9\n|tier|[Gen 9] VGC 2026 Reg I\n|rated|\n|rule|Species Clause: Limit one of each Pok\u00e9mon\n|rule|Item Clause: Limit 1 of each item\n|clearpoke\n|poke|p1|Miraidon, L50|\n|poke|p1|Groudon, L50|\n|poke|p1|Tornadus, L50, M|\n|poke|p1|Charizard, L50, M|\n|poke|p1|Oranguru, L50, F|\n|poke|p1|Iron Valiant, L50|\n|poke|p2|Calyrex-Ice, L50|\n|poke|p2|Miraidon, L50|\n|poke|p2|Incineroar, L50, F|\n|poke|p2|Farigiraf, L50, M|\n|poke|p2|Urshifu-*, L50, M|\n|poke|p2|Whimsicott, L50, M|\n|teampreview|4\n|\n|t:|1771222753\n|teamsize|p1|4\n|teamsize|p2|4\n|start\n|switch|p1a: Iron Valiant|Iron Valiant, L50|100/100\n|switch|p1b: Groudon|Groudon, L50|100/100\n|switch|p2a: Miraidon|Miraidon, L50|100/100\n|switch|p2b: Whimsicott|Whimsicott, L50, M|100/100\n|-fieldstart|move: Electric Terrain|[from] ability: Hadron Engine|[of] p2a: Miraidon\n|-activate|p1a: Iron Valiant|ability: Quark Drive\n|-start|p1a: Iron Valiant|quarkdrivespe\n|-weather|SunnyDay|[from] ability: Drought|[of] p1b: Groudon\n|turn|1\n|\n|t:|1771222770\n|-terastallize|p1a: Iron Valiant|Ground\n|move|p2b: Whimsicott|Tailwind|p2b: Whimsicott\n|-sidestart|p2: ryo8989|move: Tailwind\n|move|p2a: Miraidon|Volt Switch|p1a: Iron Valiant\n|-immune|p1a: Iron Valiant\n|move|p1a: Iron Valiant|Spirit Break|p2b: Whimsicott\n|-crit|p2b: Whimsicott\n|-damage|p2b: Whimsicott|22/100\n|-unboost|p2b: Whimsicott|spa|1\n|move|p1b: Groudon|Precipice Blades|p2b: Whimsicott|[spread] p2a,p2b\n|-supereffective|p2a: Miraidon\n|-resisted|p2b: Whimsicott\n|-damage|p2a: Miraidon|10/100\n|-damage|p2b: Whimsicott|0 fnt\n|faint|p2b: Whimsicott\n|\n|-weather|SunnyDay|[upkeep]\n|upkeep\n|\n|t:|1771222789\n|switch|p2b: Calyrex|Calyrex-Ice, L50|100/100\n|-ability|p2b: Calyrex|As One\n|-ability|p2b: Calyrex|Unnerve\n|turn|2\n|\n|t:|1771222802\n|move|p1a: Iron Valiant|Wide Guard|p1a: Iron Valiant\n|-singleturn|p1a: Iron Valiant|Wide Guard\n|move|p2a: Miraidon|Draco Meteor|p1a: Iron Valiant\n|-damage|p1a: Iron Valiant|0 fnt\n|-unboost|p2a: Miraidon|spa|2\n|faint|p1a: Iron Valiant\n|-end|p1a: Iron Valiant|Quark Drive|[silent]\n|move|p1b: Groudon|Earthquake|p2b: Calyrex|[spread] p2a,p2b\n|-supereffective|p2a: Miraidon\n|-damage|p2a: Miraidon|0 fnt\n|-damage|p2b: Calyrex|76/100\n|faint|p2a: Miraidon\n|move|p2b: Calyrex|High Horsepower|p1b: Groudon\n|-damage|p1b: Groudon|70/100\n|\n|-weather|SunnyDay|[upkeep]\n|upkeep\n|\n|t:|1771222829\n|switch|p2a: Incineroar|Incineroar, L50, F|100/100\n|switch|p1a: Miraidon|Miraidon, L50|100/100\n|-activate|p1a: Miraidon|ability: Hadron Engine\n|-ability|p2a: Incineroar|Intimidate|boost\n|-unboost|p1a: Miraidon|atk|1\n|-fail|p1b: Groudon|unboost|[from] item: Clear Amulet|[of] p1b: Groudon\n|turn|3\n|\n|t:|1771222841\n|switch|p1a: Oranguru|Oranguru, L50, F, shiny|100/100\n|move|p1b: Groudon|Protect|p1b: Groudon\n|-singleturn|p1b: Groudon|Protect\n|move|p2a: Incineroar|Fake Out|p1a: Oranguru\n|-damage|p1a: Oranguru|91/100\n|move|p2b: Calyrex|Trick Room|p2b: Calyrex\n|-fieldstart|move: Trick Room|[of] p2b: Calyrex\n|-enditem|p1a: Oranguru|Room Service\n|-unboost|p1a: Oranguru|spe|1|[from] item: Room Service\n|\n|-weather|SunnyDay|[upkeep]\n|upkeep\n|turn|4\n|\n|t:|1771222868\n|-terastallize|p2a: Incineroar|Water\n|move|p2b: Calyrex|Protect|p2b: Calyrex\n|-singleturn|p2b: Calyrex|Protect\n|move|p1a: Oranguru|Encore|p2b: Calyrex\n|-activate|p2b: Calyrex|move: Protect\n|move|p1b: Groudon|Precipice Blades|p2a: Incineroar|[spread] p2a\n|-activate|p2b: Calyrex|move: Protect\n|-damage|p2a: Incineroar|57/100\n|move|p2a: Incineroar|Knock Off|p1a: Oranguru\n|-supereffective|p1a: Oranguru\n|-damage|p1a: Oranguru|48/100\n|\n|-weather|SunnyDay|[upkeep]\n|-sideend|p2: ryo8989|move: Tailwind\n|upkeep\n|turn|5\n|\n|t:|1771222890\n|move|p2b: Calyrex|Protect||[still]\n|-fail|p2b: Calyrex\n|move|p1a: Oranguru|Encore|p2b: Calyrex\n|-start|p2b: Calyrex|Encore\n|move|p2a: Incineroar|Flare Blitz|p1a: Oranguru\n|-damage|p1a: Oranguru|0 fnt\n|faint|p1a: Oranguru\n|-damage|p2a: Incineroar|41/100|[from] Recoil\n|move|p1b: Groudon|Earthquake|p2a: Incineroar|[spread] p2a,p2b\n|-damage|p2a: Incineroar|7/100\n|-damage|p2b: Calyrex|47/100\n|\n|-weather|none\n|-fieldend|move: Electric Terrain\n|upkeep\n|\n|t:|1771222900\n|switch|p1a: Miraidon|Miraidon, L50|100/100\n|-fieldstart|move: Electric Terrain|[from] ability: Hadron Engine|[of] p1a: Miraidon\n|turn|6\n|-message|ryo8989 forfeited.\n|\n|win|johnkharkiv\n|raw|johnkharkiv's rating: 1266 &rarr; <strong>1302</strong><br />(+36 for winning)\n|raw|ryo8989's rating: 1434 &rarr; <strong>1405</strong><br />(-29 for losing)\n|l|\u2606ryo8989\n|player|p2|\n","uploadtime":1771223100,"views":23,"formatid":"gen9vgc2026regi","rating":1302,"private":0,"password":null}