{"id":"gen9vgc2026regi-2524477382","format":"[Gen 9] VGC 2026 Reg I","players":["marcxhenry","crifab93"],"log":"|j|\u2606marcxhenry\n|j|\u2606crifab93\n|t:|1769154756\n|gametype|doubles\n|player|p1|marcxhenry|hilbert-wonderlauncher|1439\n|player|p2|crifab93|n|1351\n|gen|9\n|tier|[Gen 9] VGC 2026 Reg I\n|rated|\n|rule|Species Clause: Limit one of each Pok\u00e9mon\n|rule|Item Clause: Limit 1 of each item\n|clearpoke\n|poke|p1|Calyrex-Shadow, L50|\n|poke|p1|Urshifu-*, L50, M|\n|poke|p1|Roaring Moon, L50|\n|poke|p1|Kyogre, L50|\n|poke|p1|Tsareena, L50, F|\n|poke|p1|Kingambit, L50, M|\n|poke|p2|Rillaboom, L50, F|\n|poke|p2|Calyrex-Shadow, L50|\n|poke|p2|Zamazenta-*, L50|\n|poke|p2|Incineroar, L50, F|\n|poke|p2|Clefairy, L50, F|\n|poke|p2|Ogerpon-Hearthflame, L50, F|\n|teampreview|4\n|\n|t:|1769154791\n|teamsize|p1|4\n|teamsize|p2|4\n|start\n|switch|p1a: Roter Baron|Roaring Moon, L50, shiny|100/100\n|switch|p1b: Tripitz|Kyogre, L50, shiny|100/100\n|switch|p2a: Rillaboom|Rillaboom, L50, F|100/100\n|switch|p2b: Calyrex|Calyrex-Shadow, L50|100/100\n|-ability|p2b: Calyrex|As One\n|-ability|p2b: Calyrex|Unnerve\n|-weather|RainDance|[from] ability: Drizzle|[of] p1b: Tripitz\n|-fieldstart|move: Grassy Terrain|[from] ability: Grassy Surge|[of] p2a: Rillaboom\n|-enditem|p1a: Roter Baron|Booster Energy\n|-activate|p1a: Roter Baron|ability: Protosynthesis|[fromitem]\n|-start|p1a: Roter Baron|protosynthesisspe\n|turn|1\n|\n|t:|1769154818\n|switch|p1b: Eva|Tsareena, L50, F, shiny|100/100\n|-terastallize|p2b: Calyrex|Dark\n|move|p1a: Roter Baron|Knock Off|p2b: Calyrex\n|-resisted|p2b: Calyrex\n|-damage|p2b: Calyrex|74/100\n|-enditem|p2b: Calyrex|Life Orb|[from] move: Knock Off|[of] p1a: Roter Baron\n|move|p2b: Calyrex|Nasty Plot|p2b: Calyrex\n|-boost|p2b: Calyrex|spa|2\n|move|p2a: Rillaboom|U-turn|p1b: Eva\n|-supereffective|p1b: Eva\n|-damage|p1b: Eva|42/100\n|\n|t:|1769154833\n|switch|p2a: Zamazenta|Zamazenta-Crowned, L50|100/100|[from] U-turn\n|-ability|p2a: Zamazenta|Dauntless Shield|boost\n|-boost|p2a: Zamazenta|def|1\n|\n|-weather|RainDance|[upkeep]\n|-heal|p2b: Calyrex|80/100|[from] Grassy Terrain\n|-heal|p1b: Eva|48/100|[from] Grassy Terrain\n|upkeep\n|turn|2\n|\n|t:|1769154849\n|-terastallize|p1a: Roter Baron|Flying\n|move|p2b: Calyrex|Protect|p2b: Calyrex\n|-singleturn|p2b: Calyrex|Protect\n|move|p1a: Roter Baron|Tailwind|p1a: Roter Baron\n|-sidestart|p1: marcxhenry|move: Tailwind\n|move|p1b: Eva|Power Whip|p2b: Calyrex\n|-activate|p2b: Calyrex|move: Protect\n|move|p2a: Zamazenta|Body Press|p1a: Roter Baron\n|-resisted|p1a: Roter Baron\n|-damage|p1a: Roter Baron|60/100\n|\n|-weather|RainDance|[upkeep]\n|-heal|p1b: Eva|53/100|[from] Grassy Terrain\n|-heal|p2b: Calyrex|86/100|[from] Grassy Terrain\n|upkeep\n|turn|3\n|\n|t:|1769154885\n|switch|p2b: Ogerpon|Ogerpon-Hearthflame, L50, F|100/100\n|-ability|p2b: Ogerpon|Mold Breaker\n|move|p1a: Roter Baron|Acrobatics|p2a: Zamazenta\n|-damage|p2a: Zamazenta|77/100\n|move|p1b: Eva|Power Whip|p2b: Ogerpon\n|-resisted|p2b: Ogerpon\n|-damage|p2b: Ogerpon|80/100\n|move|p2a: Zamazenta|Body Press|p1b: Eva\n|-damage|p1b: Eva|0 fnt\n|faint|p1b: Eva\n|\n|-weather|RainDance|[upkeep]\n|-heal|p2a: Zamazenta|83/100|[from] Grassy Terrain\n|-heal|p2b: Ogerpon|86/100|[from] Grassy Terrain\n|upkeep\n|\n|t:|1769154900\n|switch|p1b: Tripitz|Kyogre, L50, shiny|100/100\n|turn|4\n|\n|t:|1769154908\n|move|p2a: Zamazenta|Protect|p2a: Zamazenta\n|-singleturn|p2a: Zamazenta|Protect\n|move|p2b: Ogerpon|Spiky Shield|p2b: Ogerpon\n|-singleturn|p2b: Ogerpon|move: Protect\n|move|p1a: Roter Baron|Acrobatics|p2b: Ogerpon\n|-activate|p2b: Ogerpon|move: Protect\n|-damage|p1a: Roter Baron|47/100|[from] Spiky Shield|[of] p2b: Ogerpon\n|move|p1b: Tripitz|Water Spout|p2a: Zamazenta|[spread] \n|-activate|p2a: Zamazenta|move: Protect\n|-activate|p2b: Ogerpon|move: Protect\n|\n|-weather|RainDance|[upkeep]\n|-heal|p2a: Zamazenta|89/100|[from] Grassy Terrain\n|-heal|p2b: Ogerpon|92/100|[from] Grassy Terrain\n|upkeep\n|turn|5\n|\n|t:|1769154924\n|move|p2b: Ogerpon|Grassy Glide|p1b: Tripitz\n|-supereffective|p1b: Tripitz\n|-crit|p1b: Tripitz\n|-damage|p1b: Tripitz|0 fnt\n|faint|p1b: Tripitz\n|move|p1a: Roter Baron|Acrobatics|p2b: Ogerpon\n|-supereffective|p2b: Ogerpon\n|-crit|p2b: Ogerpon\n|-damage|p2b: Ogerpon|0 fnt\n|faint|p2b: Ogerpon\n|move|p2a: Zamazenta|Body Press|p1a: Roter Baron\n|-resisted|p1a: Roter Baron\n|-damage|p1a: Roter Baron|3/100\n|\n|-weather|none\n|-heal|p2a: Zamazenta|95/100|[from] Grassy Terrain\n|-sideend|p1: marcxhenry|move: Tailwind\n|-fieldend|move: Grassy Terrain\n|upkeep\n|-message|marcxhenry forfeited.\n|\n|win|crifab93\n|raw|marcxhenry's rating: 1439 &rarr; <strong>1414</strong><br />(-25 for losing)\n|raw|crifab93's rating: 1351 &rarr; <strong>1376</strong><br />(+25 for winning)\n|l|\u2606marcxhenry\n|player|p1|\n","uploadtime":1769155085,"views":14,"formatid":"gen9vgc2026regi","rating":1376,"private":0,"password":null}