{"id":"gen9vgc2026regi-2547562478","format":"[Gen 9] VGC 2026 Reg I","players":["xiaoliyunVGC","palHunter"],"log":"|j|\u2606xiaoliyunVGC\n|j|\u2606palHunter\n|t:|1772109070\n|gametype|doubles\n|player|p1|xiaoliyunVGC|liko|1413\n|player|p2|palHunter|dawn|1620\n|gen|9\n|tier|[Gen 9] VGC 2026 Reg I\n|rated|\n|rule|Species Clause: Limit one of each Pok\u00e9mon\n|rule|Item Clause: Limit 1 of each item\n|clearpoke\n|poke|p1|Zamazenta-*, L50|\n|poke|p1|Kyogre, L50|\n|poke|p1|Raichu, L50, M|\n|poke|p1|Flutter Mane, L50|\n|poke|p1|Tornadus, L50, M|\n|poke|p1|Kingambit, L50, F|\n|poke|p2|Miraidon, L50|\n|poke|p2|Amoonguss, L50, F|\n|poke|p2|Calyrex-Ice, L50|\n|poke|p2|Urshifu-*, L50, F|\n|poke|p2|Incineroar, L50, F|\n|poke|p2|Landorus, L50, M|\n|teampreview|4\n|inactive|Battle timer is ON: inactive players will automatically lose when time's up. (requested by xiaoliyunVGC)\n|inactive|palHunter has 60 seconds left.\n|inactive|palHunter has 30 seconds left.\n|\n|t:|1772109138\n|teamsize|p1|4\n|teamsize|p2|4\n|start\n|switch|p1a: Kyogre|Kyogre, L50|100/100\n|switch|p1b: Raichu|Raichu, L50, M|100/100\n|switch|p2a: Landorus|Landorus, L50, M, shiny|100/100\n|switch|p2b: Miraidon|Miraidon, L50|100/100\n|-fieldstart|move: Electric Terrain|[from] ability: Hadron Engine|[of] p2b: Miraidon\n|-weather|RainDance|[from] ability: Drizzle|[of] p1a: Kyogre\n|turn|1\n|\n|t:|1772109162\n|-terastallize|p1a: Kyogre|Water\n|move|p2a: Landorus|Protect|p2a: Landorus\n|-singleturn|p2a: Landorus|Protect\n|move|p1b: Raichu|Fake Out|p2b: Miraidon\n|-damage|p2b: Miraidon|91/100\n|cant|p2b: Miraidon|flinch\n|move|p1a: Kyogre|Water Spout|p2b: Miraidon|[spread] p2b\n|-activate|p2a: Landorus|move: Protect\n|-resisted|p2b: Miraidon\n|-damage|p2b: Miraidon|36/100\n|\n|-weather|RainDance|[upkeep]\n|upkeep\n|turn|2\n|inactive|xiaoliyunVGC has 30 seconds left.\n|inactive|xiaoliyunVGC has 20 seconds left.\n|inactive|xiaoliyunVGC has 15 seconds left.\n|inactive|xiaoliyunVGC has 10 seconds left.\n|\n|t:|1772109209\n|-terastallize|p2a: Landorus|Water\n|move|p2b: Miraidon|Draco Meteor|p1a: Kyogre|[miss]\n|-miss|p2b: Miraidon|p1a: Kyogre\n|move|p1a: Kyogre|Water Spout|p2a: Landorus|[spread] p2a,p2b\n|-resisted|p2a: Landorus\n|-resisted|p2b: Miraidon\n|-damage|p2a: Landorus|39/100\n|-damage|p2b: Miraidon|0 fnt\n|faint|p2b: Miraidon\n|move|p1b: Raichu|Nuzzle|p2a: Landorus\n|-supereffective|p2a: Landorus\n|-damage|p2a: Landorus|23/100\n|-status|p2a: Landorus|par\n|move|p2a: Landorus|Sandsear Storm|p1a: Kyogre|[spread] p1a,p1b\n|-supereffective|p1b: Raichu\n|-damage|p1a: Kyogre|54/100\n|-enditem|p1b: Raichu|Focus Sash\n|-damage|p1b: Raichu|1/100\n|\n|-weather|RainDance|[upkeep]\n|upkeep\n|\n|t:|1772109230\n|switch|p2b: Urshifu|Urshifu-Rapid-Strike, L50, F|100/100\n|turn|3\n|\n|t:|1772109243\n|switch|p1a: Kingambit|Kingambit, L50, F|100/100\n|switch|p2a: Amoonguss|Amoonguss, L50, F, shiny|100/100\n|move|p2b: Urshifu|Aqua Jet|p1b: Raichu\n|-damage|p1b: Raichu|0 fnt\n|faint|p1b: Raichu\n|\n|-weather|RainDance|[upkeep]\n|upkeep\n|\n|t:|1772109255\n|switch|p1b: Kyogre|Kyogre, L50, tera:Water|54/100\n|turn|4\n|inactive|palHunter has 30 seconds left.\n|\n|t:|1772109280\n|move|p2a: Amoonguss|Rage Powder|p2a: Amoonguss\n|-singleturn|p2a: Amoonguss|move: Rage Powder\n|move|p1b: Kyogre|Ice Beam|p2a: Amoonguss\n|-supereffective|p2a: Amoonguss\n|-damage|p2a: Amoonguss|43/100\n|move|p2b: Urshifu|Close Combat|p1b: Kyogre\n|-damage|p1b: Kyogre|0 fnt\n|-unboost|p2b: Urshifu|def|1\n|-unboost|p2b: Urshifu|spd|1\n|faint|p1b: Kyogre\n|move|p1a: Kingambit|Kowtow Cleave|p2a: Amoonguss\n|-damage|p2a: Amoonguss|0 fnt\n|-damage|p1a: Kingambit|84/100|[from] item: Rocky Helmet|[of] p2a: Amoonguss\n|faint|p2a: Amoonguss\n|\n|-weather|RainDance|[upkeep]\n|upkeep\n|\n|t:|1772109298\n|switch|p1b: Zamazenta|Zamazenta-Crowned, L50, shiny|100/100\n|switch|p2a: Landorus|Landorus, L50, M, shiny, tera:Water|23/100 par\n|-ability|p1b: Zamazenta|Dauntless Shield|boost\n|-boost|p1b: Zamazenta|def|1\n|turn|5\n|\n|t:|1772109315\n|cant|p2a: Landorus|par\n|move|p1b: Zamazenta|Body Press|p2b: Urshifu\n|-damage|p2b: Urshifu|3/100\n|move|p2b: Urshifu|Close Combat|p1a: Kingambit\n|-supereffective|p1a: Kingambit\n|-crit|p1a: Kingambit\n|-damage|p1a: Kingambit|0 fnt\n|-unboost|p2b: Urshifu|def|1\n|-unboost|p2b: Urshifu|spd|1\n|faint|p1a: Kingambit\n|\n|-weather|none\n|-fieldend|move: Electric Terrain\n|upkeep\n|turn|6\n|\n|t:|1772109335\n|move|p2a: Landorus|Protect|p2a: Landorus\n|-singleturn|p2a: Landorus|Protect\n|move|p1b: Zamazenta|Body Press|p2a: Landorus\n|-activate|p2a: Landorus|move: Protect\n|move|p2b: Urshifu|Close Combat|p1b: Zamazenta\n|-supereffective|p1b: Zamazenta\n|-damage|p1b: Zamazenta|49/100\n|-unboost|p2b: Urshifu|def|1\n|-unboost|p2b: Urshifu|spd|1\n|\n|upkeep\n|turn|7\n|\n|t:|1772109348\n|move|p1b: Zamazenta|Body Press|p2b: Urshifu\n|-damage|p2b: Urshifu|0 fnt\n|faint|p2b: Urshifu\n|move|p2a: Landorus|Earth Power|p1b: Zamazenta\n|-supereffective|p1b: Zamazenta\n|-damage|p1b: Zamazenta|0 fnt\n|faint|p1b: Zamazenta\n|\n|win|palHunter\n|raw|xiaoliyunVGC's rating: 1413 &rarr; <strong>1404</strong><br />(-9 for losing)\n|raw|palHunter's rating: 1620 &rarr; <strong>1629</strong><br />(+9 for winning)\n|l|\u2606palHunter\n|player|p2|\n|l|\u2606xiaoliyunVGC\n|player|p1|\n","uploadtime":1772109564,"views":18,"formatid":"gen9vgc2026regi","rating":1404,"private":0,"password":null}