{"id":"gen9vgc2026regi-2564993991","format":"[Gen 9] VGC 2026 Reg I","players":["ToranVGC","Bman311"],"log":"|j|\u2606ToranVGC\n|j|\u2606Bman311\n|t:|1774217836\n|gametype|doubles\n|player|p1|ToranVGC|supernerd|1335\n|player|p2|Bman311|cynthia-gen7|1423\n|gen|9\n|tier|[Gen 9] VGC 2026 Reg I\n|rated|\n|rule|Species Clause: Limit one of each Pok\u00e9mon\n|rule|Item Clause: Limit 1 of each item\n|clearpoke\n|poke|p1|Lunala, L50|\n|poke|p1|Zoroark-Hisui, L50, M|\n|poke|p1|Indeedee-F, L50, F|\n|poke|p1|Ursaluna, L50, F|\n|poke|p1|Armarouge, L50, F|\n|poke|p1|Dialga-Origin, L50|\n|poke|p2|Koraidon, L50|\n|poke|p2|Calyrex-Ice, L50|\n|poke|p2|Incineroar, L50, M|\n|poke|p2|Brute Bonnet, L50|\n|poke|p2|Flutter Mane, L50|\n|poke|p2|Ursaluna, L50, M|\n|teampreview|4\n|inactive|Battle timer is ON: inactive players will automatically lose when time's up. (requested by Bman311)\n|inactive|ToranVGC has 60 seconds left.\nBman311 has agreed to open team sheets.\n|inactive|ToranVGC has 30 seconds left.\n|\n|t:|1774217898\n|teamsize|p1|4\n|teamsize|p2|4\n|start\n|switch|p1a: Lunala|Lunala, L50, shiny|100/100\n|switch|p1b: Armarouge|Armarouge, L50, F|100/100\n|switch|p2a: Koraidon|Koraidon, L50|100/100\n|switch|p2b: Flutter Mane|Flutter Mane, L50|100/100\n|-weather|SunnyDay|[from] ability: Orichalcum Pulse|[of] p2a: Koraidon\n|-activate|p2b: Flutter Mane|ability: Protosynthesis\n|-start|p2b: Flutter Mane|protosynthesisspe\n|-activate|p2a: Koraidon|Orichalcum Pulse|[source]\n|turn|1\n|\n|t:|1774217912\n|-terastallize|p2a: Koraidon|Fire\n|move|p1b: Armarouge|Endure|p1b: Armarouge\n|-singleturn|p1b: Armarouge|move: Endure\n|move|p2b: Flutter Mane|Moonblast|p1a: Lunala\n|-damage|p1a: Lunala|1/100\n|replace|p1a: Zoroark|Zoroark-Hisui, L50, M\n|-end|p1a: Zoroark|Illusion\n|move|p1a: Zoroark|Shadow Ball|p2b: Flutter Mane\n|-supereffective|p2b: Flutter Mane\n|-damage|p2b: Flutter Mane|16/100\n|move|p2a: Koraidon|Flare Blitz|p1a: Zoroark\n|-damage|p1a: Zoroark|0 fnt\n|faint|p1a: Zoroark\n|-damage|p2a: Koraidon|99/100|[from] Recoil\n|-damage|p2a: Koraidon|90/100|[from] item: Life Orb\n|\n|-weather|SunnyDay|[upkeep]\n|upkeep\n|inactive|ToranVGC has 30 seconds left.\n|\n|t:|1774217937\n|switch|p1a: Lunala|Lunala, L50, shiny|100/100\n|turn|2\n|\n|t:|1774217956\n|switch|p2a: Ursaluna|Ursaluna, L50, M|100/100\n|switch|p1b: Indeedee|Indeedee-F, L50, F|100/100\n|-fieldstart|move: Psychic Terrain|[from] ability: Psychic Surge|[of] p1b: Indeedee\n|-terastallize|p1a: Lunala|Water\n|move|p2b: Flutter Mane|Shadow Ball|p1b: Indeedee\n|-immune|p1b: Indeedee\n|move|p1a: Lunala|Expanding Force|p2a: Ursaluna|[spread] p2a,p2b\n|-damage|p2a: Ursaluna|45/100\n|-damage|p2b: Flutter Mane|0 fnt\n|faint|p2b: Flutter Mane\n|-end|p2b: Flutter Mane|Protosynthesis|[silent]\n|\n|-weather|SunnyDay|[upkeep]\n|-status|p2a: Ursaluna|brn|[from] item: Flame Orb\n|upkeep\n|\n|t:|1774217965\n|switch|p2b: Calyrex|Calyrex-Ice, L50|100/100\n|-ability|p2b: Calyrex|As One\n|-ability|p2b: Calyrex|Unnerve\n|turn|3\n|\n|t:|1774217979\n|move|p1b: Indeedee|Helping Hand|p1a: Lunala\n|-singleturn|p1a: Lunala|Helping Hand|[of] p1b: Indeedee\n|move|p1a: Lunala|Meteor Beam||[still]\n|-prepare|p1a: Lunala|Meteor Beam\n|-boost|p1a: Lunala|spa|1\n|-enditem|p1a: Lunala|Power Herb\n|-anim|p1a: Lunala|Meteor Beam|p2b: Calyrex|[miss]\n|-miss|p1a: Lunala|p2b: Calyrex\n|move|p2b: Calyrex|Glacial Lance|p1a: Lunala|[spread] p1a,p1b\n|-resisted|p1a: Lunala\n|-damage|p1a: Lunala|90/100\n|-damage|p1b: Indeedee|46/100\n|move|p2a: Ursaluna|Facade|p1a: Lunala\n|-damage|p1a: Lunala|0 fnt\n|faint|p1a: Lunala\n|\n|-weather|SunnyDay|[upkeep]\n|-damage|p2a: Ursaluna|39/100 brn|[from] brn\n|upkeep\n|\n|t:|1774217986\n|switch|p1a: Armarouge|Armarouge, L50, F|100/100\n|turn|4\n|c|\u2606ToranVGC|lol\n|\n|t:|1774218007\n|move|p1b: Indeedee|Helping Hand|p1a: Armarouge\n|-singleturn|p1a: Armarouge|Helping Hand|[of] p1b: Indeedee\n|move|p1a: Armarouge|Heat Wave|p2b: Calyrex|[spread] p2a,p2b\n|-supereffective|p2b: Calyrex\n|-damage|p2a: Ursaluna|0 fnt\n|-damage|p2b: Calyrex|0 fnt\n|faint|p2a: Ursaluna\n|faint|p2b: Calyrex\n|\n|-weather|SunnyDay|[upkeep]\n|upkeep\n|\n|t:|1774218013\n|switch|p2b: Koraidon|Koraidon, L50, tera:Fire|90/100\n|-activate|p2b: Koraidon|ability: Orichalcum Pulse\n|turn|5\n|\n|t:|1774218036\n|move|p1b: Indeedee|Helping Hand|p1a: Armarouge\n|-singleturn|p1a: Armarouge|Helping Hand|[of] p1b: Indeedee\n|move|p2b: Koraidon|Flame Charge|p1b: Indeedee\n|-damage|p1b: Indeedee|0 fnt\n|-boost|p2b: Koraidon|spe|1\n|faint|p1b: Indeedee\n|-damage|p2b: Koraidon|80/100|[from] item: Life Orb\n|move|p1a: Armarouge|Expanding Force|p2b: Koraidon\n|-damage|p2b: Koraidon|0 fnt\n|faint|p2b: Koraidon\n|\n|win|ToranVGC\n|raw|ToranVGC's rating: 1335 &rarr; <strong>1360</strong><br />(+25 for winning)\n|raw|Bman311's rating: 1423 &rarr; <strong>1398</strong><br />(-25 for losing)\n|l|\u2606Bman311\n|player|p2|\n|l|\u2606ToranVGC\n|player|p1|\n","uploadtime":1774218267,"views":10,"formatid":"gen9vgc2026regi","rating":1360,"private":0,"password":null}