{"id":"gen9vgc2026regi-2561923290","format":"[Gen 9] VGC 2026 Reg I","players":["CHR1SPHX","Blobby689"],"log":"|j|\u2606CHR1SPHX\n|j|\u2606Blobby689\n|t:|1773855090\n|gametype|doubles\n|player|p1|CHR1SPHX|hilbert|1291\n|player|p2|Blobby689|101|1233\n|gen|9\n|tier|[Gen 9] VGC 2026 Reg I\n|rated|\n|rule|Species Clause: Limit one of each Pok\u00e9mon\n|rule|Item Clause: Limit 1 of each item\n|clearpoke\n|poke|p1|Flutter Mane, L50|\n|poke|p1|Incineroar, L50, M|\n|poke|p1|Ursaluna-Bloodmoon, L50, M|\n|poke|p1|Amoonguss, L50, M|\n|poke|p1|Koraidon, L50|\n|poke|p1|Lunala, L50|\n|poke|p2|Incineroar, L50, M|\n|poke|p2|Flutter Mane, L50|\n|poke|p2|Urshifu-*, L50, M|\n|poke|p2|Calyrex-Shadow, L50|\n|poke|p2|Zamazenta-*, L50|\n|poke|p2|Serperior, L50, M|\n|teampreview|4\n|inactive|Battle timer is ON: inactive players will automatically lose when time's up. (requested by CHR1SPHX)\nCHR1SPHX has agreed to open team sheets.\nBlobby689 has agreed to open team sheets.\n|showteam|p1|Flutter Mane||FocusSash|Protosynthesis|ShadowBall,DazzlingGleam,IcyWind,Protect||||||50|,,,,,Stellar]Incineroar||SafetyGoggles|Intimidate|KnockOff,FakeOut,PartingShot,Taunt|||M|||50|,,,,,Fairy]Ursaluna-Bloodmoon||LifeOrb|MindsEye|EarthPower,BloodMoon,HyperVoice,Protect|||M|||50|,,,,,Ghost]Amoonguss||RockyHelmet|Regenerator|SludgeBomb,PollenPuff,Spore,RagePowder|||M|||50|,,,,,Water]Koraidon||ClearAmulet|OrichalcumPulse|CollisionCourse,FlareBlitz,FlameCharge,Protect||||||50|,,,,,Fire]Lunala||MentalHerb|ShadowShield|MoongeistBeam,Moonblast,TrickRoom,WideGuard||||||50|,,,,,Fairy\n|showteam|p2|Incineroar||SafetyGoggles|Intimidate|FakeOut,FlareBlitz,KnockOff,PartingShot|||M|||50|,,,,,Ghost]Flutter Mane||BoosterEnergy|Protosynthesis|Moonblast,Protect,IcyWind,Taunt||||||50|,,,,,Stellar]Urshifu-Rapid-Strike||ChoiceScarf|UnseenFist|SurgingStrikes,AquaJet,CloseCombat,Uturn|||M|||50|,,,,,Water]Calyrex-Shadow||FocusSash|AsOneSpectrier|AstralBarrage,Psychic,NastyPlot,Protect||||||50|,,,,,Ghost]Zamazenta-Crowned||RustedShield|DauntlessShield|BodyPress,WideGuard,HeavySlam,Protect||||||50|,,,,,Grass]Serperior||AssaultVest|Contrary|LeafStorm,TeraBlast,KnockOff,MirrorCoat|||M|||50|,,,,,Fire\n|\n|t:|1773855109\n|teamsize|p1|4\n|teamsize|p2|4\n|start\n|switch|p1a: Lunala|Lunala, L50, shiny|100/100\n|switch|p1b: Incineroar|Incineroar, L50, M|100/100\n|switch|p2a: Zamazenta|Zamazenta-Crowned, L50|100/100\n|switch|p2b: Flutter Mane|Flutter Mane, L50, shiny|100/100\n|-ability|p2a: Zamazenta|Dauntless Shield|boost\n|-boost|p2a: Zamazenta|def|1\n|-ability|p1b: Incineroar|Intimidate|boost\n|-unboost|p2a: Zamazenta|atk|1\n|-unboost|p2b: Flutter Mane|atk|1\n|-enditem|p2b: Flutter Mane|Booster Energy\n|-activate|p2b: Flutter Mane|ability: Protosynthesis|[fromitem]\n|-start|p2b: Flutter Mane|protosynthesisspe\n|turn|1\n|inactive|Blobby689 has 30 seconds left.\n|inactive|Blobby689 has 20 seconds left.\n|\n|t:|1773855144\n|-end|p2b: Flutter Mane|Protosynthesis|[silent]\n|switch|p2b: Incineroar|Incineroar, L50, M, shiny|100/100\n|-ability|p2b: Incineroar|Intimidate|boost\n|-unboost|p1a: Lunala|atk|1\n|-unboost|p1b: Incineroar|atk|1\n|-terastallize|p1a: Lunala|Fairy\n|move|p1b: Incineroar|Fake Out|p2a: Zamazenta\n|-resisted|p2a: Zamazenta\n|-damage|p2a: Zamazenta|99/100\n|cant|p2a: Zamazenta|flinch\n|move|p1a: Lunala|Trick Room|p1a: Lunala\n|-fieldstart|move: Trick Room|[of] p1a: Lunala\n|\n|upkeep\n|turn|2\n|\n|t:|1773855168\n|switch|p1b: Amoonguss|Amoonguss, L50, M, shiny|100/100\n|move|p2b: Incineroar|Flare Blitz|p1a: Lunala\n|-damage|p1a: Lunala|84/100\n|-status|p1a: Lunala|brn\n|-damage|p2b: Incineroar|94/100|[from] Recoil\n|move|p1a: Lunala|Moonblast|p2a: Zamazenta\n|-damage|p2a: Zamazenta|67/100\n|-unboost|p2a: Zamazenta|spa|1\n|move|p2a: Zamazenta|Heavy Slam|p1a: Lunala\n|-supereffective|p1a: Lunala\n|-damage|p1a: Lunala|34/100 brn\n|\n|-damage|p1a: Lunala|28/100 brn|[from] brn\n|upkeep\n|turn|3\n|inactive|CHR1SPHX has 30 seconds left.\n|\n|t:|1773855194\n|switch|p1a: Ursaluna|Ursaluna-Bloodmoon, L50, M|100/100\n|move|p2a: Zamazenta|Protect|p2a: Zamazenta\n|-singleturn|p2a: Zamazenta|Protect\n|move|p1b: Amoonguss|Spore|p2a: Zamazenta\n|-activate|p2a: Zamazenta|move: Protect\n|move|p2b: Incineroar|Flare Blitz|p1b: Amoonguss\n|-supereffective|p1b: Amoonguss\n|-damage|p1b: Amoonguss|16/100\n|-damage|p2b: Incineroar|78/100|[from] item: Rocky Helmet|[of] p1b: Amoonguss\n|-damage|p2b: Incineroar|48/100|[from] Recoil\n|\n|upkeep\n|turn|4\n|inactive|Blobby689 has 30 seconds left.\n|inactive|Blobby689 has 20 seconds left.\n|inactive|Blobby689 has 15 seconds left.\n|\n|t:|1773855235\n|switch|p1b: Incineroar|Incineroar, L50, M|100/100\n|-ability|p1b: Incineroar|Intimidate|boost\n|-unboost|p2a: Zamazenta|atk|1\n|-unboost|p2b: Incineroar|atk|1\n|-terastallize|p2a: Zamazenta|Grass\n|move|p1a: Ursaluna|Blood Moon|p2a: Zamazenta\n|-damage|p2a: Zamazenta|0 fnt\n|faint|p2a: Zamazenta\n|-damage|p1a: Ursaluna|91/100|[from] item: Life Orb\n|move|p2b: Incineroar|Flare Blitz|p1b: Incineroar\n|-resisted|p1b: Incineroar\n|-damage|p1b: Incineroar|85/100\n|-damage|p2b: Incineroar|43/100|[from] Recoil\n|\n|upkeep\n|c|\u2606Blobby689|fuckkkkkkkkkkkkk\n|c|\u2606Blobby689|wp\n|\n|t:|1773855251\n|switch|p2a: Flutter Mane|Flutter Mane, L50, shiny|100/100\n|turn|5\n|\n|t:|1773855262\n|move|p2a: Flutter Mane|Protect|p2a: Flutter Mane\n|-singleturn|p2a: Flutter Mane|Protect\n|move|p1a: Ursaluna|Hyper Voice|p2b: Incineroar|[spread] p2b\n|-activate|p2a: Flutter Mane|move: Protect\n|-damage|p2b: Incineroar|0 fnt\n|faint|p2b: Incineroar\n|-damage|p1a: Ursaluna|81/100|[from] item: Life Orb\n|move|p1b: Incineroar|Parting Shot|p2a: Flutter Mane\n|-activate|p2a: Flutter Mane|move: Protect\n|\n|-fieldend|move: Trick Room\n|upkeep\n|\n|t:|1773855273\n|switch|p2b: Calyrex|Calyrex-Shadow, L50|100/100\n|-ability|p2b: Calyrex|As One\n|-ability|p2b: Calyrex|Unnerve\n|turn|6\n|\n|t:|1773855290\n|move|p2b: Calyrex|Protect|p2b: Calyrex\n|-singleturn|p2b: Calyrex|Protect\n|move|p2a: Flutter Mane|Icy Wind|p1b: Incineroar|[spread] p1a,p1b\n|-supereffective|p1a: Ursaluna\n|-resisted|p1b: Incineroar\n|-damage|p1a: Ursaluna|57/100\n|-damage|p1b: Incineroar|80/100\n|-unboost|p1a: Ursaluna|spe|1\n|-unboost|p1b: Incineroar|spe|1\n|move|p1b: Incineroar|Knock Off|p2b: Calyrex\n|-activate|p2b: Calyrex|move: Protect\n|move|p1a: Ursaluna|Hyper Voice|p2a: Flutter Mane|[spread] p2a\n|-activate|p2b: Calyrex|move: Protect\n|-damage|p2a: Flutter Mane|58/100\n|-damage|p1a: Ursaluna|47/100|[from] item: Life Orb\n|\n|upkeep\n|turn|7\n|inactive|Blobby689 has 30 seconds left.\n|\n|t:|1773855322\n|move|p1a: Ursaluna|Protect|p1a: Ursaluna\n|-singleturn|p1a: Ursaluna|Protect\n|move|p2b: Calyrex|Nasty Plot|p2b: Calyrex\n|-boost|p2b: Calyrex|spa|2\n|move|p2a: Flutter Mane|Icy Wind|p1a: Ursaluna|[spread] p1b\n|-activate|p1a: Ursaluna|move: Protect\n|-resisted|p1b: Incineroar\n|-damage|p1b: Incineroar|75/100\n|-unboost|p1b: Incineroar|spe|1\n|move|p1b: Incineroar|Knock Off|p2b: Calyrex\n|-supereffective|p2b: Calyrex\n|-enditem|p2b: Calyrex|Focus Sash\n|-damage|p2b: Calyrex|1/100\n|\n|upkeep\n|turn|8\n|\n|t:|1773855343\n|move|p2b: Calyrex|Protect|p2b: Calyrex\n|-singleturn|p2b: Calyrex|Protect\n|move|p2a: Flutter Mane|Moonblast|p1a: Ursaluna\n|-damage|p1a: Ursaluna|5/100\n|move|p1b: Incineroar|Knock Off|p2b: Calyrex\n|-activate|p2b: Calyrex|move: Protect\n|move|p1a: Ursaluna|Hyper Voice|p2b: Calyrex|[spread] p2a\n|-activate|p2b: Calyrex|move: Protect\n|-damage|p2a: Flutter Mane|18/100\n|-damage|p1a: Ursaluna|0 fnt|[from] item: Life Orb\n|faint|p1a: Ursaluna\n|\n|upkeep\n|\n|t:|1773855352\n|switch|p1a: Amoonguss|Amoonguss, L50, M, shiny|49/100\n|turn|9\n|\n|t:|1773855360\n|move|p1a: Amoonguss|Rage Powder|p1a: Amoonguss\n|-singleturn|p1a: Amoonguss|move: Rage Powder\n|move|p2b: Calyrex|Astral Barrage|p1a: Amoonguss|[spread] p1a,p1b\n|-resisted|p1b: Incineroar\n|-damage|p1a: Amoonguss|0 fnt\n|-damage|p1b: Incineroar|41/100\n|faint|p1a: Amoonguss\n|-ability|p2b: Calyrex|Grim Neigh|boost\n|-boost|p2b: Calyrex|spa|1\n|move|p2a: Flutter Mane|Moonblast|p1b: Incineroar\n|-damage|p1b: Incineroar|5/100\n|move|p1b: Incineroar|Knock Off|p2b: Calyrex\n|-supereffective|p2b: Calyrex\n|-damage|p2b: Calyrex|0 fnt\n|faint|p2b: Calyrex\n|\n|upkeep\n|\n|t:|1773855371\n|switch|p1a: Lunala|Lunala, L50, shiny, tera:Fairy|28/100 brn\n|turn|10\n|\n|t:|1773855385\n|move|p2a: Flutter Mane|Protect|p2a: Flutter Mane\n|-singleturn|p2a: Flutter Mane|Protect\n|move|p1a: Lunala|Moonblast|p2a: Flutter Mane\n|-activate|p2a: Flutter Mane|move: Protect\n|move|p1b: Incineroar|Knock Off|p2a: Flutter Mane\n|-activate|p2a: Flutter Mane|move: Protect\n|\n|-damage|p1a: Lunala|22/100 brn|[from] brn\n|upkeep\n|turn|11\n|c|\u2606CHR1SPHX|gg\n|c|\u2606CHR1SPHX|I took a high risk with that Tera grass\n|\n|t:|1773855404\n|move|p2a: Flutter Mane|Icy Wind|p1a: Lunala|[spread] p1a,p1b\n|-resisted|p1b: Incineroar\n|-damage|p1a: Lunala|12/100 brn\n|-damage|p1b: Incineroar|0 fnt\n|-unboost|p1a: Lunala|spe|1\n|faint|p1b: Incineroar\n|move|p1a: Lunala|Moonblast|p2a: Flutter Mane\n|-damage|p2a: Flutter Mane|0 fnt\n|faint|p2a: Flutter Mane\n|-end|p2a: Flutter Mane|Protosynthesis|[silent]\n|\n|win|CHR1SPHX\n|raw|CHR1SPHX's rating: 1291 &rarr; <strong>1312</strong><br />(+21 for winning)\n|raw|Blobby689's rating: 1233 &rarr; <strong>1212</strong><br />(-21 for losing)\n|c|\u2606Blobby689|u did\n|c|\u2606Blobby689|i thought u were going spore\n|c|\u2606Blobby689|gg\n|c|\u2606CHR1SPHX|yea I'd normally have done that\n|c|\u2606CHR1SPHX|but because of open team sheet I was sure you were going for tera\n|c|\u2606Blobby689|makes sense\n|c|\u2606Blobby689|ngl i dont get how u use lunala\n|c|\u2606Blobby689|i feel like every time ive tried it it just doesnt do shit for me\n|c|\u2606CHR1SPHX|It is like a support offensive\n|c|\u2606CHR1SPHX|It is a perfect trick room setter\n|c|\u2606Blobby689|i get that, tbh it might just be a skill issue lol\n|c|\u2606Blobby689|ive never been good with trick room teams\n|c|\u2606CHR1SPHX|also it has a terrible typing\n|c|\u2606CHR1SPHX|like cralyrex\n|c|\u2606CHR1SPHX|so using Tera in the right moment is important\n|c|\u2606Blobby689|yea i get u\n|c|\u2606Blobby689|gg\n|l|\u2606Blobby689\n|player|p2|\n","uploadtime":1773855420,"views":11,"formatid":"gen9vgc2026regi","rating":1212,"private":0,"password":null}