{"id":"gen9vgc2026regi-2516412881","format":"[Gen 9] VGC 2026 Reg I","players":["dasabe\u76d6\u6b27\u5361\u4fa0","vc_573"],"log":"|j|\u2606dasabe\u76d6\u6b27\u5361\u4fa0\n|j|\u2606vc_573\n|t:|1768137470\n|gametype|doubles\n|player|p1|dasabe\u76d6\u6b27\u5361\u4fa0|may-masters4|1376\n|player|p2|vc_573|102|1321\n|gen|9\n|tier|[Gen 9] VGC 2026 Reg I\n|rated|\n|rule|Species Clause: Limit one of each Pok\u00e9mon\n|rule|Item Clause: Limit 1 of each item\n|clearpoke\n|poke|p1|Kyogre, L50|\n|poke|p1|Miraidon, L50|\n|poke|p1|Whimsicott, L50, F|\n|poke|p1|Iron Hands, L50|\n|poke|p1|Farigiraf, L50, F|\n|poke|p1|Urshifu-*, L50, M|\n|poke|p2|Calyrex-Shadow, L50|\n|poke|p2|Zamazenta-*, L50|\n|poke|p2|Tornadus, L50, M|\n|poke|p2|Smeargle, L50, F|\n|poke|p2|Rillaboom, L50, M|\n|poke|p2|Raging Bolt, L50|\n|teampreview|4\n|\n|t:|1768137483\n|teamsize|p1|4\n|teamsize|p2|4\n|start\n|switch|p1a: \u5996\u820d\u7cbe\u62c9|Whimsicott, L50, F, shiny|100/100\n|switch|p1b: \u6210\u90fd\u8001\u76d6|Kyogre, L50, shiny|100/100\n|switch|p2a: Calyrex|Calyrex-Shadow, L50|100/100\n|switch|p2b: Tornadus|Tornadus, L50, M|100/100\n|-ability|p2a: Calyrex|As One\n|-ability|p2a: Calyrex|Unnerve\n|-weather|RainDance|[from] ability: Drizzle|[of] p1b: \u6210\u90fd\u8001\u76d6\n|turn|1\n|\n|t:|1768137491\n|-terastallize|p2a: Calyrex|Water\n|move|p1a: \u5996\u820d\u7cbe\u62c9|Tailwind|p1a: \u5996\u820d\u7cbe\u62c9\n|-sidestart|p1: dasabe\u76d6\u6b27\u5361\u4fa0|move: Tailwind\n|move|p2b: Tornadus|Tailwind|p2b: Tornadus\n|-sidestart|p2: vc_573|move: Tailwind\n|move|p2a: Calyrex|Astral Barrage|p1b: \u6210\u90fd\u8001\u76d6|[spread] p1a,p1b\n|-enditem|p1a: \u5996\u820d\u7cbe\u62c9|Focus Sash\n|-damage|p1a: \u5996\u820d\u7cbe\u62c9|1/100\n|-damage|p1b: \u6210\u90fd\u8001\u76d6|51/100\n|-damage|p2a: Calyrex|91/100|[from] item: Life Orb\n|move|p1b: \u6210\u90fd\u8001\u76d6|Origin Pulse|p2a: Calyrex|[spread] p2a,p2b\n|-resisted|p2a: Calyrex\n|-damage|p2a: Calyrex|38/100\n|-damage|p2b: Tornadus|0 fnt\n|faint|p2b: Tornadus\n|\n|-weather|RainDance|[upkeep]\n|upkeep\n|\n|t:|1768137505\n|switch|p2b: Rillaboom|Rillaboom, L50, M|100/100\n|-fieldstart|move: Grassy Terrain|[from] ability: Grassy Surge|[of] p2b: Rillaboom\n|turn|2\n|\n|t:|1768137518\n|switch|p1a: \u5c0f\u5934\u63a7\u5927\u5934|Farigiraf, L50, F, shiny|100/100\n|move|p2b: Rillaboom|Fake Out||[still]\n|cant|p1a: \u5c0f\u5934\u63a7\u5927\u5934|ability: Armor Tail|Fake Out|[of] p2b: Rillaboom\n|move|p2a: Calyrex|Astral Barrage|p1b: \u6210\u90fd\u8001\u76d6|[spread] p1b\n|-immune|p1a: \u5c0f\u5934\u63a7\u5927\u5934\n|-damage|p1b: \u6210\u90fd\u8001\u76d6|1/100\n|-damage|p2a: Calyrex|28/100|[from] item: Life Orb\n|move|p1b: \u6210\u90fd\u8001\u76d6|Origin Pulse|p2b: Rillaboom|[spread] p2b\n|-miss|p1b: \u6210\u90fd\u8001\u76d6|p2a: Calyrex\n|-resisted|p2b: Rillaboom\n|-damage|p2b: Rillaboom|61/100\n|\n|-weather|RainDance|[upkeep]\n|-heal|p2a: Calyrex|34/100|[from] Grassy Terrain\n|-heal|p1b: \u6210\u90fd\u8001\u76d6|7/100|[from] Grassy Terrain\n|-heal|p2b: Rillaboom|67/100|[from] Grassy Terrain\n|upkeep\n|turn|3\n|\n|t:|1768137539\n|move|p2a: Calyrex|Protect|p2a: Calyrex\n|-singleturn|p2a: Calyrex|Protect\n|move|p1b: \u6210\u90fd\u8001\u76d6|Origin Pulse|p2a: Calyrex|[spread] p2b\n|-activate|p2a: Calyrex|move: Protect\n|-resisted|p2b: Rillaboom\n|-damage|p2b: Rillaboom|31/100\n|move|p2b: Rillaboom|U-turn|p1a: \u5c0f\u5934\u63a7\u5927\u5934\n|-supereffective|p1a: \u5c0f\u5934\u63a7\u5927\u5934\n|-damage|p1a: \u5c0f\u5934\u63a7\u5927\u5934|58/100\n|\n|t:|1768137547\n|switch|p2b: Zamazenta|Zamazenta-Crowned, L50|100/100|[from] U-turn\n|-ability|p2b: Zamazenta|Dauntless Shield|boost\n|-boost|p2b: Zamazenta|def|1\n|move|p1a: \u5c0f\u5934\u63a7\u5927\u5934|Psychic|p2a: Calyrex\n|-activate|p2a: Calyrex|move: Protect\n|\n|-weather|RainDance|[upkeep]\n|-heal|p2a: Calyrex|40/100|[from] Grassy Terrain\n|-heal|p1b: \u6210\u90fd\u8001\u76d6|12/100|[from] Grassy Terrain\n|-heal|p1a: \u5c0f\u5934\u63a7\u5927\u5934|64/100|[from] Grassy Terrain\n|upkeep\n|turn|4\n|\n|t:|1768137556\n|move|p2a: Calyrex|Astral Barrage|p1b: \u6210\u90fd\u8001\u76d6|[spread] p1b\n|-immune|p1a: \u5c0f\u5934\u63a7\u5927\u5934\n|-damage|p1b: \u6210\u90fd\u8001\u76d6|0 fnt\n|faint|p1b: \u6210\u90fd\u8001\u76d6\n|-ability|p2a: Calyrex|Grim Neigh|boost\n|-boost|p2a: Calyrex|spa|1\n|-damage|p2a: Calyrex|30/100|[from] item: Life Orb\n|move|p2b: Zamazenta|Body Press|p1a: \u5c0f\u5934\u63a7\u5927\u5934\n|-damage|p1a: \u5c0f\u5934\u63a7\u5927\u5934|9/100\n|move|p1a: \u5c0f\u5934\u63a7\u5927\u5934|Psychic|p2a: Calyrex\n|-damage|p2a: Calyrex|0 fnt\n|faint|p2a: Calyrex\n|\n|-weather|RainDance|[upkeep]\n|-heal|p1a: \u5c0f\u5934\u63a7\u5927\u5934|15/100|[from] Grassy Terrain\n|-sideend|p2: vc_573|move: Tailwind\n|-sideend|p1: dasabe\u76d6\u6b27\u5361\u4fa0|move: Tailwind\n|upkeep\n|\n|t:|1768137569\n|switch|p2a: Rillaboom|Rillaboom, L50, M|31/100\n|switch|p1b: \u5996\u820d\u7cbe\u62c9|Whimsicott, L50, F, shiny|1/100\n|turn|5\n|\n|t:|1768137583\n|move|p1b: \u5996\u820d\u7cbe\u62c9|Endeavor|p2b: Zamazenta\n|-damage|p2b: Zamazenta|1/100\n|move|p2b: Zamazenta|Body Press|p1a: \u5c0f\u5934\u63a7\u5927\u5934\n|-damage|p1a: \u5c0f\u5934\u63a7\u5927\u5934|0 fnt\n|faint|p1a: \u5c0f\u5934\u63a7\u5927\u5934\n|move|p2a: Rillaboom|U-turn|p1b: \u5996\u820d\u7cbe\u62c9\n|-damage|p1b: \u5996\u820d\u7cbe\u62c9|0 fnt\n|faint|p1b: \u5996\u820d\u7cbe\u62c9\n|\n|-weather|none\n|-heal|p2b: Zamazenta|7/100|[from] Grassy Terrain\n|-heal|p2a: Rillaboom|37/100|[from] Grassy Terrain\n|upkeep\n|inactive|Battle timer is ON: inactive players will automatically lose when time's up. (requested by vc_573)\n|\n|t:|1768137589\n|switch|p1a: \u94f6\u91d1\u5996\u86c7|Miraidon, L50, shiny|100/100\n|-fieldstart|move: Electric Terrain|[from] ability: Hadron Engine|[of] p1a: \u94f6\u91d1\u5996\u86c7\n|turn|6\n|inactive|vc_573 has 30 seconds left.\n|\n|t:|1768137623\n|-terastallize|p1a: \u94f6\u91d1\u5996\u86c7|Fairy\n|move|p2b: Zamazenta|Wide Guard|p2b: Zamazenta\n|-singleturn|p2b: Zamazenta|Wide Guard\n|move|p1a: \u94f6\u91d1\u5996\u86c7|Dazzling Gleam|p2a: Rillaboom|[spread] \n|-activate|p2a: Rillaboom|move: Wide Guard\n|-activate|p2b: Zamazenta|move: Wide Guard\n|move|p2a: Rillaboom|Wood Hammer|p1a: \u94f6\u91d1\u5996\u86c7\n|-damage|p1a: \u94f6\u91d1\u5996\u86c7|40/100\n|-damage|p2a: Rillaboom|18/100|[from] Recoil\n|\n|upkeep\n|turn|7\n|\n|t:|1768137635\n|move|p1a: \u94f6\u91d1\u5996\u86c7|Protect|p1a: \u94f6\u91d1\u5996\u86c7\n|-singleturn|p1a: \u94f6\u91d1\u5996\u86c7|Protect\n|move|p2b: Zamazenta|Wide Guard|p2b: Zamazenta\n|-singleturn|p2b: Zamazenta|Wide Guard\n|move|p2a: Rillaboom|Wood Hammer|p1a: \u94f6\u91d1\u5996\u86c7\n|-activate|p1a: \u94f6\u91d1\u5996\u86c7|move: Protect\n|\n|upkeep\n|turn|8\n|\n|t:|1768137659\n|move|p2b: Zamazenta|Heavy Slam|p1a: \u94f6\u91d1\u5996\u86c7\n|-supereffective|p1a: \u94f6\u91d1\u5996\u86c7\n|-damage|p1a: \u94f6\u91d1\u5996\u86c7|0 fnt\n|faint|p1a: \u94f6\u91d1\u5996\u86c7\n|\n|win|vc_573\n|raw|dasabe\u76d6\u6b27\u5361\u4fa0's rating: 1376 &rarr; <strong>1353</strong><br />(-23 for losing)\n|raw|vc_573's rating: 1321 &rarr; <strong>1344</strong><br />(+23 for winning)\n|l|\u2606dasabe\u76d6\u6b27\u5361\u4fa0\n|player|p1|\n|l|\u2606vc_573\n|player|p2|\n","uploadtime":1768137817,"views":19,"formatid":"gen9vgc2026regi","rating":1344,"private":0,"password":null}