{"id":"gen9vgc2026regi-2527874291","format":"[Gen 9] VGC 2026 Reg I","players":["i\u2764\u5a1c\u7984forever","CCdeal"],"log":"|j|\u2606i\u2764\u5a1c\u7984forever\n|j|\u2606CCdeal\n|t:|1769592927\n|gametype|doubles\n|player|p1|i\u2764\u5a1c\u7984forever|youngcouple-gen4dp|1291\n|player|p2|CCdeal|102|1473\n|gen|9\n|tier|[Gen 9] VGC 2026 Reg I\n|rated|\n|rule|Species Clause: Limit one of each Pok\u00e9mon\n|rule|Item Clause: Limit 1 of each item\n|clearpoke\n|poke|p1|Groudon, L50|\n|poke|p1|Kyurem-White, L50|\n|poke|p1|Brute Bonnet, L50|\n|poke|p1|Heatran, L50, F|\n|poke|p1|Whimsicott, L50, M|\n|poke|p1|Roaring Moon, L50|\n|poke|p2|Miraidon, L50|\n|poke|p2|Calyrex-Ice, L50|\n|poke|p2|Iron Bundle, L50|\n|poke|p2|Thundurus, L50, M|\n|poke|p2|Chi-Yu, L50|\n|poke|p2|Farigiraf, L50, M|\n|teampreview|4\n|\n|t:|1769592962\n|teamsize|p1|4\n|teamsize|p2|4\n|start\n|switch|p1a: Kyurem|Kyurem-White, L50|100/100\n|switch|p1b: Brute Bonnet|Brute Bonnet, L50|100/100\n|switch|p2a: Miraidon|Miraidon, L50|100/100\n|switch|p2b: Iron Bundle|Iron Bundle, L50|100/100\n|-fieldstart|move: Electric Terrain|[from] ability: Hadron Engine|[of] p2a: Miraidon\n|-activate|p2b: Iron Bundle|ability: Quark Drive\n|-start|p2b: Iron Bundle|quarkdrivespe\n|-ability|p1a: Kyurem|Turboblaze\n|turn|1\n|\n|t:|1769592994\n|move|p2a: Miraidon|Protect|p2a: Miraidon\n|-singleturn|p2a: Miraidon|Protect\n|move|p1b: Brute Bonnet|Rage Powder|p1b: Brute Bonnet\n|-singleturn|p1b: Brute Bonnet|move: Rage Powder\n|move|p2b: Iron Bundle|Freeze-Dry|p1b: Brute Bonnet\n|-supereffective|p1b: Brute Bonnet\n|-damage|p1b: Brute Bonnet|50/100\n|-enditem|p1b: Brute Bonnet|Sitrus Berry|[eat]\n|-heal|p1b: Brute Bonnet|75/100|[from] item: Sitrus Berry\n|move|p1a: Kyurem|Blizzard|p2a: Miraidon|[spread] p2b\n|-activate|p2a: Miraidon|move: Protect\n|-resisted|p2b: Iron Bundle\n|-damage|p2b: Iron Bundle|70/100\n|\n|upkeep\n|turn|2\n|\n|t:|1769593020\n|move|p1b: Brute Bonnet|Rage Powder|p1b: Brute Bonnet\n|-singleturn|p1b: Brute Bonnet|move: Rage Powder\n|move|p2b: Iron Bundle|Icy Wind|p1a: Kyurem|[spread] p1a,p1b\n|-supereffective|p1b: Brute Bonnet\n|-damage|p1a: Kyurem|85/100\n|-damage|p1b: Brute Bonnet|42/100\n|-unboost|p1a: Kyurem|spe|1\n|-unboost|p1b: Brute Bonnet|spe|1\n|move|p2a: Miraidon|Volt Switch|p1b: Brute Bonnet\n|-resisted|p1b: Brute Bonnet\n|-damage|p1b: Brute Bonnet|6/100\n|-damage|p2a: Miraidon|91/100|[from] item: Life Orb\n|\n|t:|1769593032\n|switch|p2a: Calyrex|Calyrex-Ice, L50|100/100|[from] Volt Switch\n|-ability|p2a: Calyrex|As One\n|-ability|p2a: Calyrex|Unnerve\n|move|p1a: Kyurem|Blizzard|p2a: Calyrex|[spread] \n|-miss|p1a: Kyurem|p2a: Calyrex\n|-enditem|p1a: Kyurem|Blunder Policy\n|-boost|p1a: Kyurem|spe|2\n|-miss|p1a: Kyurem|p2b: Iron Bundle\n|\n|upkeep\n|turn|3\n|\n|t:|1769593085\n|-end|p1b: Brute Bonnet|Protosynthesis|[silent]\n|switch|p1b: Heatran|Heatran, L50, F|100/100\n|-terastallize|p2a: Calyrex|Fire\n|move|p2b: Iron Bundle|Encore|p1a: Kyurem\n|-start|p1a: Kyurem|Encore\n|move|p1a: Kyurem|Blizzard|p2b: Iron Bundle|[spread] p2a\n|-miss|p1a: Kyurem|p2b: Iron Bundle\n|-resisted|p2a: Calyrex\n|-damage|p2a: Calyrex|82/100\n|-status|p2a: Calyrex|frz\n|cant|p2a: Calyrex|frz\n|\n|upkeep\n|turn|4\n|\n|t:|1769593140\n|switch|p1a: Roaring Moon|Roaring Moon, L50|100/100\n|switch|p2a: Farigiraf|Farigiraf, L50, M, shiny|100/100\n|-enditem|p2a: Farigiraf|Electric Seed\n|-boost|p2a: Farigiraf|def|1|[from] item: Electric Seed\n|move|p2b: Iron Bundle|Icy Wind|p1a: Roaring Moon|[spread] p1a,p1b\n|-supereffective|p1a: Roaring Moon\n|-resisted|p1b: Heatran\n|-damage|p1a: Roaring Moon|67/100\n|-damage|p1b: Heatran|96/100\n|-unboost|p1a: Roaring Moon|spe|1\n|-unboost|p1b: Heatran|spe|1\n|move|p1b: Heatran|Heat Wave|p2a: Farigiraf|[spread] p2a,p2b\n|-damage|p2a: Farigiraf|71/100\n|-damage|p2b: Iron Bundle|0 fnt\n|faint|p2b: Iron Bundle\n|-end|p2b: Iron Bundle|Quark Drive|[silent]\n|\n|-heal|p1b: Heatran|100/100|[from] item: Leftovers\n|upkeep\n|\n|t:|1769593160\n|switch|p2b: Miraidon|Miraidon, L50|91/100\n|-activate|p2b: Miraidon|ability: Hadron Engine\n|turn|5\n|\n|t:|1769593184\n|-end|p1a: Roaring Moon|Protosynthesis|[silent]\n|switch|p1a: Brute Bonnet|Brute Bonnet, L50|6/100\n|move|p2b: Miraidon|Volt Switch|p1a: Brute Bonnet\n|-resisted|p1a: Brute Bonnet\n|-damage|p1a: Brute Bonnet|0 fnt\n|faint|p1a: Brute Bonnet\n|-end|p1a: Brute Bonnet|Protosynthesis|[silent]\n|-damage|p2b: Miraidon|81/100|[from] item: Life Orb\n|\n|t:|1769593192\n|switch|p2b: Calyrex|Calyrex-Ice, L50, tera:Fire|82/100 frz|[from] Volt Switch\n|-ability|p2b: Calyrex|As One\n|-ability|p2b: Calyrex|Unnerve\n|move|p1b: Heatran|Substitute|p1b: Heatran\n|-start|p1b: Heatran|Substitute\n|-damage|p1b: Heatran|76/100\n|move|p2a: Farigiraf|Trick Room|p2a: Farigiraf\n|-fieldstart|move: Trick Room|[of] p2a: Farigiraf\n|\n|-heal|p1b: Heatran|82/100|[from] item: Leftovers\n|-fieldend|move: Electric Terrain\n|upkeep\n|\n|t:|1769593206\n|switch|p1a: Kyurem|Kyurem-White, L50|85/100\n|-ability|p1a: Kyurem|Turboblaze\n|turn|6\n|\n|t:|1769593214\n|move|p2a: Farigiraf|Ally Switch|p2a: Farigiraf\n|swap|p2a: Farigiraf|1|[from] move: Ally Switch\n|cant|p2a: Calyrex|frz\n|move|p1b: Heatran|Earth Power|p2b: Farigiraf\n|-damage|p2b: Farigiraf|44/100\n|move|p1a: Kyurem|Earth Power|p2b: Farigiraf\n|-damage|p2b: Farigiraf|11/100\n|\n|-heal|p1b: Heatran|88/100|[from] item: Leftovers\n|upkeep\n|turn|7\n|\n|t:|1769593250\n|cant|p2a: Calyrex|frz\n|move|p1b: Heatran|Heat Wave|p2a: Calyrex|[spread] p2a,p2b\n|-resisted|p2a: Calyrex\n|-damage|p2a: Calyrex|71/100 frz\n|-damage|p2b: Farigiraf|0 fnt\n|-curestatus|p2a: Calyrex|frz|[msg]\n|faint|p2b: Farigiraf\n|move|p1a: Kyurem|Earth Power|p2a: Calyrex\n|-supereffective|p2a: Calyrex\n|-damage|p2a: Calyrex|12/100\n|\n|-heal|p1b: Heatran|94/100|[from] item: Leftovers\n|upkeep\n|-message|CCdeal forfeited.\n|\n|win|i\u2764\u5a1c\u7984forever\n|raw|i\u2764\u5a1c\u7984forever's rating: 1291 &rarr; <strong>1328</strong><br />(+37 for winning)\n|raw|CCdeal's rating: 1473 &rarr; <strong>1443</strong><br />(-30 for losing)\n|l|\u2606CCdeal\n|player|p2|\n","uploadtime":1769593437,"views":15,"formatid":"gen9vgc2026regi","rating":1328,"private":0,"password":null}