{"id":"gen9vgc2026regi-2551784766","format":"[Gen 9] VGC 2026 Reg I","players":["Javike","j0l0k0"],"log":"|j|\u2606Javike\n|j|\u2606j0l0k0\n|t:|1772645004\n|gametype|doubles\n|player|p1|Javike|crasherwake|1375\n|player|p2|j0l0k0|brycen|1417\n|gen|9\n|tier|[Gen 9] VGC 2026 Reg I\n|rated|\n|rule|Species Clause: Limit one of each Pok\u00e9mon\n|rule|Item Clause: Limit 1 of each item\n|clearpoke\n|poke|p1|Kyogre, L50|\n|poke|p1|Miraidon, L50|\n|poke|p1|Farigiraf, L50, F|\n|poke|p1|Whimsicott, L50, F|\n|poke|p1|Incineroar, L50, F|\n|poke|p1|Sneasler, L50, F|\n|poke|p2|Calyrex-Ice, L50|\n|poke|p2|Kyogre, L50|\n|poke|p2|Indeedee-F, L50, F|\n|poke|p2|Urshifu-*, L50, F|\n|poke|p2|Amoonguss, L50, F|\n|poke|p2|Landorus, L50, M|\n|teampreview|4\n|inactive|Battle timer is ON: inactive players will automatically lose when time's up. (requested by j0l0k0)\n|inactive|Javike also wants the timer to be on.\n|\n|t:|1772645026\n|teamsize|p1|4\n|teamsize|p2|4\n|start\n|switch|p1a: Miraidon|Miraidon, L50|100/100\n|switch|p1b: Farigiraf|Farigiraf, L50, F|100/100\n|switch|p2a: Kyogre|Kyogre, L50, shiny|100/100\n|switch|p2b: Indeedee|Indeedee-F, L50, F, shiny|100/100\n|-fieldstart|move: Electric Terrain|[from] ability: Hadron Engine|[of] p1a: Miraidon\n|-fieldstart|move: Psychic Terrain|[from] ability: Psychic Surge|[of] p2b: Indeedee\n|-weather|RainDance|[from] ability: Drizzle|[of] p2a: Kyogre\n|turn|1\n|\n|t:|1772645042\n|-terastallize|p1a: Miraidon|Fairy\n|-terastallize|p2a: Kyogre|Grass\n|move|p1a: Miraidon|Dazzling Gleam|p2b: Indeedee|[spread] p2a,p2b\n|-damage|p2a: Kyogre|82/100\n|-damage|p2b: Indeedee|56/100\n|move|p2a: Kyogre|Ice Beam|p1a: Miraidon\n|-damage|p1a: Miraidon|68/100\n|move|p1b: Farigiraf|Imprison|p1b: Farigiraf\n|-start|p1b: Farigiraf|move: Imprison\n|cant|p2b: Indeedee|move: Imprison|Trick Room\n|\n|-weather|RainDance|[upkeep]\n|upkeep\n|turn|2\n|\n|t:|1772645059\n|move|p2b: Indeedee|Helping Hand|p2a: Kyogre\n|-singleturn|p2a: Kyogre|Helping Hand|[of] p2b: Indeedee\n|move|p1a: Miraidon|Dazzling Gleam|p2a: Kyogre|[spread] p2a,p2b\n|-damage|p2a: Kyogre|63/100\n|-damage|p2b: Indeedee|19/100\n|move|p2a: Kyogre|Thunder|p1a: Miraidon\n|-crit|p1a: Miraidon\n|-damage|p1a: Miraidon|0 fnt\n|faint|p1a: Miraidon\n|move|p1b: Farigiraf|Hyper Voice|p2b: Indeedee|[spread] p2a,p2b\n|-damage|p2a: Kyogre|51/100\n|-damage|p2b: Indeedee|0 fnt\n|faint|p2b: Indeedee\n|-enditem|p1b: Farigiraf|Throat Spray\n|-boost|p1b: Farigiraf|spa|1|[from] item: Throat Spray\n|\n|-weather|RainDance|[upkeep]\n|upkeep\n|\n|t:|1772645079\n|switch|p1a: Sneasler|Sneasler, L50, F|100/100\n|switch|p2b: Calyrex|Calyrex-Ice, L50|100/100\n|-ability|p2b: Calyrex|As One\n|-ability|p2b: Calyrex|Unnerve\n|turn|3\n|\n|t:|1772645090\n|move|p1a: Sneasler|Fake Out|p2a: Kyogre\n|-activate|p2a: Kyogre|move: Psychic Terrain\n|move|p2a: Kyogre|Thunder|p1a: Sneasler\n|-damage|p1a: Sneasler|39/100\n|move|p1b: Farigiraf|Shadow Ball|p2b: Calyrex\n|-supereffective|p2b: Calyrex\n|-damage|p2b: Calyrex|58/100\n|move|p2b: Calyrex|Glacial Lance|p1a: Sneasler|[spread] p1a,p1b\n|-crit|p1b: Farigiraf\n|-damage|p1a: Sneasler|0 fnt\n|-damage|p1b: Farigiraf|23/100\n|faint|p1a: Sneasler\n|-ability|p2b: Calyrex|Chilling Neigh|boost\n|-boost|p2b: Calyrex|atk|1\n|\n|-weather|RainDance|[upkeep]\n|upkeep\n|\n|t:|1772645109\n|switch|p1a: Kyogre|Kyogre, L50|100/100\n|turn|4\n|\n|t:|1772645114\n|move|p1a: Kyogre|Water Spout|p2a: Kyogre|[spread] p2a,p2b\n|-resisted|p2a: Kyogre\n|-damage|p2a: Kyogre|28/100\n|-damage|p2b: Calyrex|0 fnt\n|faint|p2b: Calyrex\n|move|p2a: Kyogre|Thunder|p1a: Kyogre\n|-supereffective|p1a: Kyogre\n|-damage|p1a: Kyogre|29/100\n|-status|p1a: Kyogre|par\n|move|p1b: Farigiraf|Hyper Voice|p2a: Kyogre\n|-damage|p2a: Kyogre|2/100\n|\n|-weather|RainDance|[upkeep]\n|upkeep\n|\n|t:|1772645121\n|switch|p2b: Landorus|Landorus, L50, M, shiny|100/100\n|turn|5\n|\n|t:|1772645133\n|move|p1a: Kyogre|Water Spout|p2b: Landorus|[spread] p2a,p2b\n|-resisted|p2a: Kyogre\n|-supereffective|p2b: Landorus\n|-damage|p2a: Kyogre|0 fnt\n|-damage|p2b: Landorus|45/100\n|faint|p2a: Kyogre\n|move|p2b: Landorus|Sandsear Storm|p1a: Kyogre|[spread] p1a,p1b\n|-crit|p1a: Kyogre\n|-damage|p1a: Kyogre|0 fnt\n|-damage|p1b: Farigiraf|0 fnt\n|faint|p1a: Kyogre\n|faint|p1b: Farigiraf\n|\n|win|j0l0k0\n|raw|Javike's rating: 1375 &rarr; <strong>1357</strong><br />(-18 for losing)\n|raw|j0l0k0's rating: 1417 &rarr; <strong>1435</strong><br />(+18 for winning)\n|l|\u2606Javike\n|player|p1|\n|l|\u2606j0l0k0\n|player|p2|\n","uploadtime":1772645401,"views":14,"formatid":"gen9vgc2026regi","rating":1357,"private":0,"password":null}