{"id":"gen9vgc2026regi-2561472895","format":"[Gen 9] VGC 2026 Reg I","players":["TimeforCHILLI","It'sJustKen VGC"],"log":"|j|\u2606TimeforCHILLI\n|j|\u2606It'sJustKen VGC\n|t:|1773800151\n|gametype|doubles\n|player|p1|TimeforCHILLI|caitlin|\n|player|p2|It'sJustKen VGC|1|\n|gen|9\n|tier|[Gen 9] VGC 2026 Reg I\n|rated|Tournament battle\n|rule|Species Clause: Limit one of each Pok\u00e9mon\n|rule|Item Clause: Limit 1 of each item\n|raw|<div class=\"infobox\"><details class=\"readmore\" open><summary><strong>3 custom rules:</strong></summary> Open Team Sheets, Force Open Team Sheets, !Open Team Sheets</details></div>\n|clearpoke\n|poke|p1|Groudon, L50|\n|poke|p1|Kyogre, L50|\n|poke|p1|Flutter Mane, L50|\n|poke|p1|Wo-Chien, L50|\n|poke|p1|Raging Bolt, L50|\n|poke|p1|Slither Wing, L50|\n|poke|p2|Iron Hands, L50|\n|poke|p2|Incineroar, L50, F|\n|poke|p2|Calyrex-Shadow, L50|\n|poke|p2|Whimsicott, L50, F|\n|poke|p2|Farigiraf, L50, M|\n|poke|p2|Miraidon, L50|\n|teampreview|4\n|showteam|p1|Groudon||WideLens|Drought|PrecipiceBlades,HeatCrash,WillOWisp,ThunderWave||||||50|,,,,,Fire]Kyogre||AssaultVest|Drizzle|WaterSpout,OriginPulse,Thunder,IceBeam||||||50|,,,,,Electric]Flutter Mane||FocusSash|Protosynthesis|Moonblast,IcyWind,Taunt,Protect||||||50|,,,,,Normal]Wo-Chien||Leftovers|TabletsofRuin|PollenPuff,Ruination,LeechSeed,Protect||||||50|,,,,,Fairy]Raging Bolt||CovertCloak|Protosynthesis|Thunderbolt,Thunderclap,WeatherBall,Protect||||||50|,,,,,Fire]Slither Wing||LifeOrb|Protosynthesis|FirstImpression,CloseCombat,Uturn,Protect||||||50|,,,,,Bug\n|showteam|p2|Iron Hands||AssaultVest|QuarkDrive|FakeOut,DrainPunch,WildCharge,LowKick||||||50|,,,,,Water]Incineroar||RockyHelmet|Intimidate|FakeOut,Uturn,KnockOff,FlareBlitz|||F|||50|,,,,,Bug]Calyrex-Shadow||FocusSash|AsOneSpectrier|Protect,AstralBarrage,Psychic,Imprison||||||50|,,,,,Ghost]Whimsicott||CovertCloak|Prankster|Tailwind,Encore,Moonblast,LightScreen|||F|||50|,,,,,Fire]Farigiraf||ElectricSeed|ArmorTail|Psychic,Roar,TrickRoom,HelpingHand|||M|||50|,,,,,Water]Miraidon||ChoiceSpecs|HadronEngine|ElectroDrift,VoltSwitch,DracoMeteor,DazzlingGleam||||||50|,,,,,Fairy\n|inactive|Battle timer is ON: inactive players will automatically lose when time's up. (requested by It'sJustKen VGC)\n|inactive|TimeforCHILLI has 60 seconds left.\n|\n|t:|1773800205\n|teamsize|p1|4\n|teamsize|p2|4\n|start\n|switch|p1a: OOPARTS|Slither Wing, L50|100/100\n|switch|p1b: \u30ad\u30e3\u30f3\u30c7\u30a3\u30af\u30c3\u30ad\u30fc\u30c1\u30e7\u30b3\u30ec\u30c3\u30c8~\u2661|Flutter Mane, L50|100/100\n|switch|p2a: Farigiraf|Farigiraf, L50, M|100/100\n|switch|p2b: Miraidon|Miraidon, L50, shiny|100/100\n|-fieldstart|move: Electric Terrain|[from] ability: Hadron Engine|[of] p2b: Miraidon\n|-enditem|p2a: Farigiraf|Electric Seed\n|-boost|p2a: Farigiraf|def|1|[from] item: Electric Seed\n|turn|1\n|inactive|TimeforCHILLI has 30 seconds left.\n|inactive|It'sJustKen VGC has 30 seconds left.\n|\n|t:|1773800238\n|-end|p1a: OOPARTS|Protosynthesis|[silent]\n|switch|p1a: GROUND\u30de\u30cb\u30a2|Groudon, L50|100/100\n|-weather|SunnyDay|[from] ability: Drought|[of] p1a: GROUND\u30de\u30cb\u30a2\n|-activate|p1b: \u30ad\u30e3\u30f3\u30c7\u30a3\u30af\u30c3\u30ad\u30fc\u30c1\u30e7\u30b3\u30ec\u30c3\u30c8~\u2661|ability: Protosynthesis\n|-start|p1b: \u30ad\u30e3\u30f3\u30c7\u30a3\u30af\u30c3\u30ad\u30fc\u30c1\u30e7\u30b3\u30ec\u30c3\u30c8~\u2661|protosynthesisspe\n|move|p1b: \u30ad\u30e3\u30f3\u30c7\u30a3\u30af\u30c3\u30ad\u30fc\u30c1\u30e7\u30b3\u30ec\u30c3\u30c8~\u2661|Moonblast|p2b: Miraidon\n|-supereffective|p2b: Miraidon\n|-damage|p2b: Miraidon|19/100\n|move|p2b: Miraidon|Volt Switch|p1b: \u30ad\u30e3\u30f3\u30c7\u30a3\u30af\u30c3\u30ad\u30fc\u30c1\u30e7\u30b3\u30ec\u30c3\u30c8~\u2661\n|-enditem|p1b: \u30ad\u30e3\u30f3\u30c7\u30a3\u30af\u30c3\u30ad\u30fc\u30c1\u30e7\u30b3\u30ec\u30c3\u30c8~\u2661|Focus Sash\n|-damage|p1b: \u30ad\u30e3\u30f3\u30c7\u30a3\u30af\u30c3\u30ad\u30fc\u30c1\u30e7\u30b3\u30ec\u30c3\u30c8~\u2661|1/100\n|\n|t:|1773800258\n|switch|p2b: Iron Hands|Iron Hands, L50|100/100|[from] Volt Switch\n|-activate|p2b: Iron Hands|ability: Quark Drive\n|-start|p2b: Iron Hands|quarkdriveatk\n|move|p2a: Farigiraf|Trick Room|p2a: Farigiraf\n|-fieldstart|move: Trick Room|[of] p2a: Farigiraf\n|\n|-weather|SunnyDay|[upkeep]\n|upkeep\n|turn|2\n|inactive|TimeforCHILLI has 30 seconds left.\n|\n|t:|1773800286\n|-terastallize|p2b: Iron Hands|Water\n|move|p1b: \u30ad\u30e3\u30f3\u30c7\u30a3\u30af\u30c3\u30ad\u30fc\u30c1\u30e7\u30b3\u30ec\u30c3\u30c8~\u2661|Protect|p1b: \u30ad\u30e3\u30f3\u30c7\u30a3\u30af\u30c3\u30ad\u30fc\u30c1\u30e7\u30b3\u30ec\u30c3\u30c8~\u2661\n|-singleturn|p1b: \u30ad\u30e3\u30f3\u30c7\u30a3\u30af\u30c3\u30ad\u30fc\u30c1\u30e7\u30b3\u30ec\u30c3\u30c8~\u2661|Protect\n|move|p2b: Iron Hands|Low Kick|p1a: GROUND\u30de\u30cb\u30a2\n|-damage|p1a: GROUND\u30de\u30cb\u30a2|47/100\n|move|p2a: Farigiraf|Psychic|p1a: GROUND\u30de\u30cb\u30a2\n|-damage|p1a: GROUND\u30de\u30cb\u30a2|25/100\n|move|p1a: GROUND\u30de\u30cb\u30a2|Will-O-Wisp|p2b: Iron Hands\n|-status|p2b: Iron Hands|brn\n|\n|-weather|SunnyDay|[upkeep]\n|-damage|p2b: Iron Hands|94/100 brn|[from] brn\n|upkeep\n|turn|3\n|inactive|TimeforCHILLI has 30 seconds left.\n|inactive|TimeforCHILLI has 20 seconds left.\n|inactive|TimeforCHILLI has 15 seconds left.\n|\n|t:|1773800330\n|-end|p1b: \u30ad\u30e3\u30f3\u30c7\u30a3\u30af\u30c3\u30ad\u30fc\u30c1\u30e7\u30b3\u30ec\u30c3\u30c8~\u2661|Protosynthesis|[silent]\n|switch|p1b: \u3056\u3053|Kyogre, L50|100/100\n|-weather|RainDance|[from] ability: Drizzle|[of] p1b: \u3056\u3053\n|move|p2b: Iron Hands|Wild Charge|p1b: \u3056\u3053\n|-supereffective|p1b: \u3056\u3053\n|-damage|p1b: \u3056\u3053|25/100\n|-damage|p2b: Iron Hands|78/100 brn|[from] Recoil\n|move|p2a: Farigiraf|Psychic|p1a: GROUND\u30de\u30cb\u30a2\n|-damage|p1a: GROUND\u30de\u30cb\u30a2|4/100\n|move|p1a: GROUND\u30de\u30cb\u30a2|Precipice Blades|p2b: Iron Hands|[spread] p2a,p2b\n|-damage|p2a: Farigiraf|79/100\n|-damage|p2b: Iron Hands|48/100 brn\n|\n|-weather|RainDance|[upkeep]\n|-damage|p2b: Iron Hands|41/100 brn|[from] brn\n|upkeep\n|turn|4\n|inactive|TimeforCHILLI has 30 seconds left.\n|inactive|It'sJustKen VGC has 30 seconds left.\n|inactive|TimeforCHILLI has 20 seconds left.\n|inactive|TimeforCHILLI has 15 seconds left.\n|inactive|TimeforCHILLI has 10 seconds left.\n|inactive|TimeforCHILLI has 5 seconds left.\n|\n|t:|1773800384\n|switch|p1b: OOPARTS|Slither Wing, L50|100/100\n|switch|p1a: \u30ad\u30e3\u30f3\u30c7\u30a3\u30af\u30c3\u30ad\u30fc\u30c1\u30e7\u30b3\u30ec\u30c3\u30c8~\u2661|Flutter Mane, L50|1/100\n|move|p2b: Iron Hands|Low Kick|p1b: OOPARTS\n|-resisted|p1b: OOPARTS\n|-damage|p1b: OOPARTS|80/100\n|move|p2a: Farigiraf|Psychic|p1a: \u30ad\u30e3\u30f3\u30c7\u30a3\u30af\u30c3\u30ad\u30fc\u30c1\u30e7\u30b3\u30ec\u30c3\u30c8~\u2661\n|-damage|p1a: \u30ad\u30e3\u30f3\u30c7\u30a3\u30af\u30c3\u30ad\u30fc\u30c1\u30e7\u30b3\u30ec\u30c3\u30c8~\u2661|0 fnt\n|faint|p1a: \u30ad\u30e3\u30f3\u30c7\u30a3\u30af\u30c3\u30ad\u30fc\u30c1\u30e7\u30b3\u30ec\u30c3\u30c8~\u2661\n|-end|p1a: \u30ad\u30e3\u30f3\u30c7\u30a3\u30af\u30c3\u30ad\u30fc\u30c1\u30e7\u30b3\u30ec\u30c3\u30c8~\u2661|Protosynthesis|[silent]\n|\n|-weather|RainDance|[upkeep]\n|-damage|p2b: Iron Hands|35/100 brn|[from] brn\n|upkeep\n|\n|t:|1773800402\n|switch|p1a: GROUND\u30de\u30cb\u30a2|Groudon, L50|4/100\n|-weather|SunnyDay|[from] ability: Drought|[of] p1a: GROUND\u30de\u30cb\u30a2\n|-activate|p1b: OOPARTS|ability: Protosynthesis\n|-start|p1b: OOPARTS|protosynthesisatk\n|turn|5\n|j| bum 6\n|inactive|It'sJustKen VGC has 30 seconds left.\n|inactive|It'sJustKen VGC has 20 seconds left.\n|\n|t:|1773800442\n|-terastallize|p1b: OOPARTS|Bug\n|move|p2b: Iron Hands|Wild Charge|p1b: OOPARTS\n|-crit|p1b: OOPARTS\n|-damage|p1b: OOPARTS|0 fnt\n|faint|p1b: OOPARTS\n|-end|p1b: OOPARTS|Protosynthesis|[silent]\n|-damage|p2b: Iron Hands|21/100 brn|[from] Recoil\n|move|p2a: Farigiraf|Psychic|p1a: GROUND\u30de\u30cb\u30a2\n|-damage|p1a: GROUND\u30de\u30cb\u30a2|0 fnt\n|faint|p1a: GROUND\u30de\u30cb\u30a2\n|\n|-weather|SunnyDay|[upkeep]\n|-damage|p2b: Iron Hands|15/100 brn|[from] brn\n|-fieldend|move: Trick Room\n|-fieldend|move: Electric Terrain\n|-end|p2b: Iron Hands|Quark Drive\n|upkeep\n|\n|t:|1773800458\n|switch|p1b: \u3056\u3053|Kyogre, L50|25/100\n|-weather|RainDance|[from] ability: Drizzle|[of] p1b: \u3056\u3053\n|turn|6\n|c|\u2606TimeforCHILLI|Gg wp\n|inactive|It'sJustKen VGC has 30 seconds left.\n|c|\u2606It'sJustKen VGC|gg wp\n|inactive|It'sJustKen VGC has 20 seconds left.\n|\n|t:|1773800494\n|move|p1b: \u3056\u3053|Origin Pulse|p2a: Farigiraf|[spread] p2b\n|-miss|p1b: \u3056\u3053|p2a: Farigiraf\n|-resisted|p2b: Iron Hands\n|-damage|p2b: Iron Hands|0 fnt\n|faint|p2b: Iron Hands\n|-end|p2b: Iron Hands|Quark Drive|[silent]\n|move|p2a: Farigiraf|Trick Room|p2a: Farigiraf\n|-fieldstart|move: Trick Room|[of] p2a: Farigiraf\n|\n|-weather|RainDance|[upkeep]\n|upkeep\n|\n|t:|1773800498\n|switch|p2b: Incineroar|Incineroar, L50, F|100/100\n|-ability|p2b: Incineroar|Intimidate|boost\n|-unboost|p1b: \u3056\u3053|atk|1\n|turn|7\n|\n|t:|1773800516\n|move|p2b: Incineroar|Knock Off|p1b: \u3056\u3053\n|-damage|p1b: \u3056\u3053|0 fnt\n|-enditem|p1b: \u3056\u3053|Assault Vest|[from] move: Knock Off|[of] p2b: Incineroar\n|faint|p1b: \u3056\u3053\n|\n|win|It'sJustKen VGC\n|n|\u2606TimeforCHILLI|timeforchilli\n|n|\u2606It'sJustKen VGC|itsjustkenvgc\n|n| bum 6|bum6\n|l|\u2606TimeforCHILLI\n|player|p1|\n|l| bum 6\n","uploadtime":1773800542,"views":13,"formatid":"gen9vgc2026regi","rating":null,"private":0,"password":null}