{"id":"gen9vgc2026regi-2526087227","format":"[Gen 9] VGC 2026 Reg I","players":["13dobe","marcxhenry"],"log":"|j|\u260613dobe\n|j|\u2606marcxhenry\n|t:|1769370347\n|gametype|doubles\n|player|p1|13dobe|102|1239\n|player|p2|marcxhenry|hilbert-wonderlauncher|1499\n|gen|9\n|tier|[Gen 9] VGC 2026 Reg I\n|rated|\n|rule|Species Clause: Limit one of each Pok\u00e9mon\n|rule|Item Clause: Limit 1 of each item\n|clearpoke\n|poke|p1|Snorlax, L50, M|\n|poke|p1|Dudunsparce-*, L50, F|\n|poke|p1|Giratina-Origin, L50|\n|poke|p1|Ho-Oh, L50|\n|poke|p1|Volbeat, L50, M|\n|poke|p1|Rillaboom, L50, F|\n|poke|p2|Conkeldurr, L50, M|\n|poke|p2|Palkia-Origin, L50|\n|poke|p2|Indeedee-F, L50, F|\n|poke|p2|Calyrex-Ice, L50|\n|poke|p2|Pelipper, L50, M|\n|poke|p2|Ursaluna-Bloodmoon, L50, M|\n|teampreview|4\n|inactive|Battle timer is ON: inactive players will automatically lose when time's up. (requested by 13dobe)\n|\n|t:|1769370377\n|teamsize|p1|4\n|teamsize|p2|4\n|start\n|switch|p1a: Dudunsparce|Dudunsparce, L50, F|100/100\n|switch|p1b: Rillaboom|Rillaboom, L50, F|100/100\n|switch|p2a: Palkia|Palkia-Origin, L50|100/100\n|switch|p2b: Conkeldurr|Conkeldurr, L50, M, shiny|100/100\n|-fieldstart|move: Grassy Terrain|[from] ability: Grassy Surge|[of] p1b: Rillaboom\n|turn|1\n|inactive|13dobe has 30 seconds left.\n|\n|t:|1769370408\n|-terastallize|p1a: Dudunsparce|Ghost\n|move|p1b: Rillaboom|Fake Out|p2a: Palkia\n|-damage|p2a: Palkia|91/100\n|cant|p2a: Palkia|flinch\n|move|p1a: Dudunsparce|Glare|p2a: Palkia\n|-status|p2a: Palkia|par\n|move|p2b: Conkeldurr|Knock Off|p1b: Rillaboom\n|-damage|p1b: Rillaboom|62/100\n|-enditem|p1b: Rillaboom|Miracle Seed|[from] move: Knock Off|[of] p2b: Conkeldurr\n|\n|-heal|p1b: Rillaboom|69/100|[from] Grassy Terrain\n|-heal|p2a: Palkia|97/100 par|[from] Grassy Terrain\n|-status|p2b: Conkeldurr|brn|[from] item: Flame Orb\n|upkeep\n|turn|2\n|\n|t:|1769370433\n|switch|p1b: Giratina|Giratina-Origin, L50|100/100\n|-terastallize|p2b: Conkeldurr|Steel\n|move|p1a: Dudunsparce|Rock Slide|p2b: Conkeldurr|[spread] p2a,p2b\n|-resisted|p2b: Conkeldurr\n|-damage|p2a: Palkia|85/100 par\n|-damage|p2b: Conkeldurr|94/100 brn\n|move|p2b: Conkeldurr|Knock Off|p1a: Dudunsparce\n|-supereffective|p1a: Dudunsparce\n|-damage|p1a: Dudunsparce|0 fnt\n|-enditem|p1a: Dudunsparce|Wide Lens|[from] move: Knock Off|[of] p2b: Conkeldurr\n|faint|p1a: Dudunsparce\n|cant|p2a: Palkia|flinch\n|\n|-heal|p2a: Palkia|91/100 par|[from] Grassy Terrain\n|-heal|p2b: Conkeldurr|99/100 brn|[from] Grassy Terrain\n|-damage|p2b: Conkeldurr|94/100 brn|[from] brn\n|upkeep\n|\n|t:|1769370443\n|switch|p1a: Snorlax|Snorlax, L50, M|100/100\n|turn|3\n|c|\u260613dobe|gg needed that flinch\n|\n|t:|1769370463\n|move|p1b: Giratina|Dragon Claw|p2a: Palkia\n|-supereffective|p2a: Palkia\n|-damage|p2a: Palkia|4/100 par\n|move|p2b: Conkeldurr|Knock Off|p1b: Giratina\n|-supereffective|p1b: Giratina\n|-damage|p1b: Giratina|47/100\n|move|p1a: Snorlax|Fissure|p2b: Conkeldurr\n|-damage|p2b: Conkeldurr|0 fnt\n|faint|p2b: Conkeldurr\n|-ohko\n|cant|p2a: Palkia|par\n|\n|-heal|p2a: Palkia|10/100 par|[from] Grassy Terrain\n|upkeep\n|\n|t:|1769370476\n|switch|p2b: Ursaluna|Ursaluna-Bloodmoon, L50, M|100/100\n|turn|4\n|\n|t:|1769370491\n|move|p2b: Ursaluna|Protect|p2b: Ursaluna\n|-singleturn|p2b: Ursaluna|Protect\n|move|p1b: Giratina|Dragon Claw|p2a: Palkia\n|-supereffective|p2a: Palkia\n|-damage|p2a: Palkia|0 fnt\n|faint|p2a: Palkia\n|move|p1a: Snorlax|Fissure|p2b: Ursaluna\n|-activate|p2b: Ursaluna|move: Protect\n|\n|upkeep\n|\n|t:|1769370500\n|switch|p2a: Calyrex|Calyrex-Ice, L50|100/100\n|-ability|p2a: Calyrex|As One\n|-ability|p2a: Calyrex|Unnerve\n|turn|5\n|\n|t:|1769370513\n|move|p1b: Giratina|Protect|p1b: Giratina\n|-singleturn|p1b: Giratina|Protect\n|move|p2b: Ursaluna|Blood Moon|p1a: Snorlax\n|-damage|p1a: Snorlax|64/100\n|-damage|p2b: Ursaluna|91/100|[from] item: Life Orb\n|move|p2a: Calyrex|Glacial Lance|p1a: Snorlax|[spread] p1a\n|-activate|p1b: Giratina|move: Protect\n|-damage|p1a: Snorlax|35/100\n|move|p1a: Snorlax|Fissure|p2b: Ursaluna\n|-damage|p2b: Ursaluna|0 fnt\n|faint|p2b: Ursaluna\n|-ohko\n|\n|-heal|p1a: Snorlax|41/100|[from] Grassy Terrain\n|-fieldend|move: Grassy Terrain\n|upkeep\n|turn|6\n|\n|t:|1769370529\n|move|p1b: Giratina|Poltergeist|p2a: Calyrex\n|-activate|p2a: Calyrex|move: Poltergeist|Clear Amulet\n|-supereffective|p2a: Calyrex\n|-damage|p2a: Calyrex|15/100\n|move|p2a: Calyrex|Glacial Lance|p1b: Giratina|[spread] p1a,p1b\n|-supereffective|p1b: Giratina\n|-damage|p1a: Snorlax|14/100\n|-damage|p1b: Giratina|0 fnt\n|faint|p1b: Giratina\n|-ability|p2a: Calyrex|Chilling Neigh|boost\n|-boost|p2a: Calyrex|atk|1\n|move|p1a: Snorlax|Fissure|p2a: Calyrex|[miss]\n|-miss|p1a: Snorlax|p2a: Calyrex\n|\n|upkeep\n|\n|t:|1769370540\n|switch|p1b: Rillaboom|Rillaboom, L50, F|69/100\n|-fieldstart|move: Grassy Terrain|[from] ability: Grassy Surge|[of] p1b: Rillaboom\n|turn|7\n|\n|t:|1769370545\n|move|p2a: Calyrex|Protect|p2a: Calyrex\n|-singleturn|p2a: Calyrex|Protect\n|move|p1b: Rillaboom|Fake Out|p2a: Calyrex\n|-activate|p2a: Calyrex|move: Protect\n|move|p1a: Snorlax|Crunch|p2a: Calyrex\n|-activate|p2a: Calyrex|move: Protect\n|\n|-heal|p1b: Rillaboom|75/100|[from] Grassy Terrain\n|-heal|p2a: Calyrex|21/100|[from] Grassy Terrain\n|-heal|p1a: Snorlax|20/100|[from] Grassy Terrain\n|upkeep\n|turn|8\n|c|\u260613dobe|gg'\n|\n|t:|1769370555\n|move|p2a: Calyrex|Protect|p2a: Calyrex\n|-singleturn|p2a: Calyrex|Protect\n|move|p1b: Rillaboom|Grassy Glide|p2a: Calyrex\n|-activate|p2a: Calyrex|move: Protect\n|move|p1a: Snorlax|Crunch|p2a: Calyrex\n|-activate|p2a: Calyrex|move: Protect\n|\n|-heal|p1b: Rillaboom|81/100|[from] Grassy Terrain\n|-heal|p2a: Calyrex|27/100|[from] Grassy Terrain\n|-heal|p1a: Snorlax|26/100|[from] Grassy Terrain\n|upkeep\n|turn|9\n|\n|t:|1769370564\n|move|p1b: Rillaboom|Grassy Glide|p2a: Calyrex\n|-damage|p2a: Calyrex|8/100\n|move|p2a: Calyrex|Glacial Lance|p1b: Rillaboom|[spread] p1a,p1b\n|-supereffective|p1b: Rillaboom\n|-damage|p1a: Snorlax|0 fnt\n|-damage|p1b: Rillaboom|0 fnt\n|faint|p1a: Snorlax\n|faint|p1b: Rillaboom\n|\n|win|marcxhenry\n|raw|13dobe's rating: 1239 &rarr; <strong>1230</strong><br />(-9 for losing)\n|raw|marcxhenry's rating: 1499 &rarr; <strong>1506</strong><br />(+7 for winning)\n|c|\u260613dobe|oh\n|c|\u2606marcxhenry|gg\n|c|\u260613dobe|lmao\n|l|\u2606marcxhenry\n|player|p2|\n|l|\u260613dobe\n|player|p1|\n","uploadtime":1769370716,"views":12,"formatid":"gen9vgc2026regi","rating":1230,"private":0,"password":null}