{"id":"gen9vgc2026regi-2537745628","format":"[Gen 9] VGC 2026 Reg I","players":["DrTobi59","jpto5"],"log":"|j|\u2606DrTobi59\n|j|\u2606jpto5\n|t:|1770843951\n|gametype|doubles\n|player|p1|DrTobi59|biker|1087\n|player|p2|jpto5|102|1184\n|gen|9\n|tier|[Gen 9] VGC 2026 Reg I\n|rated|\n|rule|Species Clause: Limit one of each Pok\u00e9mon\n|rule|Item Clause: Limit 1 of each item\n|clearpoke\n|poke|p1|Smeargle, L50, M|\n|poke|p1|Politoed, L50, M|\n|poke|p1|Cramorant, L50, M|\n|poke|p1|Lapras, L50, F|\n|poke|p1|Amoonguss, L50, F|\n|poke|p1|Stantler, L50, M|\n|poke|p2|Tornadus, L50, M|\n|poke|p2|Kyogre, L50|\n|poke|p2|Zacian-*, L50|\n|poke|p2|Archaludon, L50, F|\n|poke|p2|Basculegion, L50, M|\n|poke|p2|Chien-Pao, L50|\n|teampreview|4\n|inactive|Battle timer is ON: inactive players will automatically lose when time's up. (requested by jpto5)\n|\n|t:|1770843971\n|teamsize|p1|4\n|teamsize|p2|4\n|start\n|switch|p1a: Politoed|Politoed, L50, M, shiny|100/100\n|switch|p1b: Stantler|Stantler, L50, M, shiny|100/100\n|switch|p2a: Tornadus|Tornadus, L50, M|100/100\n|switch|p2b: Kyogre|Kyogre, L50|100/100\n|-weather|RainDance|[from] ability: Drizzle|[of] p2b: Kyogre\n|turn|1\n|inactive|DrTobi59 has 30 seconds left.\n|\n|t:|1770843999\n|move|p2a: Tornadus|Taunt|p1a: Politoed\n|-start|p1a: Politoed|move: Taunt\n|move|p2b: Kyogre|Water Spout|p1a: Politoed|[spread] p1a,p1b\n|-resisted|p1a: Politoed\n|-damage|p1a: Politoed|53/100\n|-damage|p1b: Stantler|2/100\n|move|p1a: Politoed|Hydro Pump|p2a: Tornadus\n|-enditem|p2a: Tornadus|Focus Sash\n|-damage|p2a: Tornadus|1/100\n|move|p1b: Stantler|Trick Room|p1b: Stantler\n|-fieldstart|move: Trick Room|[of] p1b: Stantler\n|\n|-weather|RainDance|[upkeep]\n|upkeep\n|turn|2\n|\n|t:|1770844020\n|move|p1a: Politoed|Hydro Pump|p2a: Tornadus\n|-crit|p2a: Tornadus\n|-damage|p2a: Tornadus|0 fnt\n|faint|p2a: Tornadus\n|move|p1b: Stantler|Psyshield Bash|p2b: Kyogre\n|-damage|p2b: Kyogre|75/100\n|-boost|p1b: Stantler|def|1\n|move|p2b: Kyogre|Water Spout|p1b: Stantler|[spread] p1a,p1b\n|-resisted|p1a: Politoed\n|-damage|p1a: Politoed|18/100\n|-damage|p1b: Stantler|0 fnt\n|faint|p1b: Stantler\n|\n|-weather|RainDance|[upkeep]\n|upkeep\n|\n|t:|1770844037\n|switch|p1b: Lapras|Lapras, L50, F, shiny|100/100\n|switch|p2a: Archaludon|Archaludon, L50, F|100/100\n|turn|3\n|\n|t:|1770844047\n|move|p1b: Lapras|Freeze-Dry|p2b: Kyogre\n|-supereffective|p2b: Kyogre\n|-damage|p2b: Kyogre|43/100\n|move|p1a: Politoed|Hydro Pump|p2a: Archaludon|[miss]\n|-miss|p1a: Politoed|p2a: Archaludon\n|move|p2a: Archaludon|Electro Shot||[still]\n|-prepare|p2a: Archaludon|Electro Shot\n|-boost|p2a: Archaludon|spa|1\n|-anim|p2a: Archaludon|Electro Shot|p1b: Lapras\n|-supereffective|p1b: Lapras\n|-damage|p1b: Lapras|17/100\n|move|p2b: Kyogre|Thunder|p1a: Politoed\n|-supereffective|p1a: Politoed\n|-damage|p1a: Politoed|0 fnt\n|faint|p1a: Politoed\n|\n|-weather|RainDance|[upkeep]\n|upkeep\n|\n|t:|1770844053\n|switch|p1a: Amoonguss|Amoonguss, L50, F|100/100\n|turn|4\n|\n|t:|1770844078\n|move|p1a: Amoonguss|Spore|p2a: Archaludon\n|-status|p2a: Archaludon|slp|[from] move: Spore\n|move|p1b: Lapras|Freeze-Dry|p2b: Kyogre\n|-supereffective|p2b: Kyogre\n|-damage|p2b: Kyogre|9/100\n|cant|p2a: Archaludon|slp\n|move|p2b: Kyogre|Ice Beam|p1a: Amoonguss\n|-supereffective|p1a: Amoonguss\n|-damage|p1a: Amoonguss|14/100\n|\n|-weather|RainDance|[upkeep]\n|-heal|p1a: Amoonguss|20/100|[from] item: Black Sludge\n|upkeep\n|turn|5\n|inactive|jpto5 has 30 seconds left.\n|\n|t:|1770844105\n|move|p1a: Amoonguss|Giga Drain|p2b: Kyogre\n|-supereffective|p2b: Kyogre\n|-damage|p2b: Kyogre|0 fnt\n|-heal|p1a: Amoonguss|23/100|[from] drain|[of] p2b: Kyogre\n|faint|p2b: Kyogre\n|move|p1b: Lapras|Life Dew|p1b: Lapras|[spread] p1a,p1b\n|-heal|p1a: Amoonguss|48/100\n|-heal|p1b: Lapras|42/100\n|cant|p2a: Archaludon|slp\n|\n|-weather|none\n|-heal|p1a: Amoonguss|54/100|[from] item: Black Sludge\n|-fieldend|move: Trick Room\n|upkeep\n|\n|t:|1770844113\n|switch|p2b: Zacian|Zacian-Crowned, L50|100/100\n|-ability|p2b: Zacian|Intrepid Sword|boost\n|-boost|p2b: Zacian|atk|1\n|turn|6\n|\n|t:|1770844125\n|-terastallize|p1b: Lapras|Electric\n|move|p2b: Zacian|Behemoth Blade|p1a: Amoonguss\n|-damage|p1a: Amoonguss|0 fnt\n|faint|p1a: Amoonguss\n|-curestatus|p2a: Archaludon|slp|[msg]\n|move|p2a: Archaludon|Aura Sphere|p1b: Lapras\n|-damage|p1b: Lapras|18/100\n|move|p1b: Lapras|Perish Song|p1b: Lapras\n|-start|p1b: Lapras|perish3|[silent]\n|-start|p2a: Archaludon|perish3|[silent]\n|-start|p2b: Zacian|perish3|[silent]\n|-fieldactivate|move: Perish Song\n|\n|-start|p2b: Zacian|perish3\n|-start|p2a: Archaludon|perish3\n|-start|p1b: Lapras|perish3\n|upkeep\n|turn|7\n|-message|DrTobi59 forfeited.\n|\n|win|jpto5\n|raw|DrTobi59's rating: 1087 &rarr; <strong>1070</strong><br />(-17 for losing)\n|raw|jpto5's rating: 1184 &rarr; <strong>1202</strong><br />(+18 for winning)\n|l|\u2606DrTobi59\n|player|p1|\n|l|\u2606jpto5\n|player|p2|\n","uploadtime":1770844291,"views":15,"formatid":"gen9vgc2026regi","rating":1070,"private":0,"password":null}