{"id":"gen9vgc2026regi-2553843406","format":"[Gen 9] VGC 2026 Reg I","players":["tdea","g0dGun"],"log":"|j|\u2606tdea\n|j|\u2606g0dGun\n|t:|1772889984\n|gametype|doubles\n|player|p1|tdea|veteran|1499\n|player|p2|g0dGun|blue|1439\n|gen|9\n|tier|[Gen 9] VGC 2026 Reg I\n|rated|\n|rule|Species Clause: Limit one of each Pok\u00e9mon\n|rule|Item Clause: Limit 1 of each item\n|clearpoke\n|poke|p1|Miraidon, L50|\n|poke|p1|Lunala, L50|\n|poke|p1|Whimsicott, L50, M|\n|poke|p1|Urshifu-*, L50, F|\n|poke|p1|Incineroar, L50, M|\n|poke|p1|Ursaluna, L50, M|\n|poke|p2|Hitmontop, L50, M|\n|poke|p2|Terapagos, L50, M|\n|poke|p2|Calyrex-Shadow, L50|\n|poke|p2|Ogerpon-Cornerstone, L50, F|\n|poke|p2|Urshifu-*, L50, F|\n|poke|p2|Whimsicott, L50, M|\n|teampreview|4\n|inactive|Battle timer is ON: inactive players will automatically lose when time's up. (requested by tdea)\n|inactive|g0dGun also wants the timer to be on.\n|inactive|g0dGun has 60 seconds left.\n|\n|t:|1772890027\n|teamsize|p1|4\n|teamsize|p2|4\n|start\n|switch|p1a: Whimsicott|Whimsicott, L50, M|100/100\n|switch|p1b: Urshifu|Urshifu-Rapid-Strike, L50, F|100/100\n|switch|p2a: Calyrex|Calyrex-Shadow, L50|100/100\n|switch|p2b: Urshifu|Urshifu-Rapid-Strike, L50, F|100/100\n|-ability|p2a: Calyrex|As One\n|-ability|p2a: Calyrex|Unnerve\n|turn|1\n|\n|t:|1772890049\n|move|p1a: Whimsicott|Tailwind|p1a: Whimsicott\n|-sidestart|p1: tdea|move: Tailwind\n|move|p1b: Urshifu|Surging Strikes|p2a: Calyrex\n|-crit|p2a: Calyrex\n|-damage|p2a: Calyrex|58/100\n|-crit|p2a: Calyrex\n|-damage|p2a: Calyrex|20/100\n|-crit|p2a: Calyrex\n|-damage|p2a: Calyrex|0 fnt\n|faint|p2a: Calyrex\n|-hitcount|p2: Calyrex|3\n|move|p2b: Urshifu|Surging Strikes|p1b: Urshifu\n|-resisted|p1b: Urshifu\n|-crit|p1b: Urshifu\n|-damage|p1b: Urshifu|91/100\n|-resisted|p1b: Urshifu\n|-crit|p1b: Urshifu\n|-damage|p1b: Urshifu|81/100\n|-resisted|p1b: Urshifu\n|-crit|p1b: Urshifu\n|-damage|p1b: Urshifu|70/100\n|-hitcount|p1b: Urshifu|3\n|\n|upkeep\n|\n|t:|1772890068\n|switch|p2a: Whimsicott|Whimsicott, L50, M|100/100\n|turn|2\n|\n|t:|1772890074\n|move|p2a: Whimsicott|Tailwind|p2a: Whimsicott\n|-sidestart|p2: g0dGun|move: Tailwind\n|move|p2b: Urshifu|Surging Strikes|p1a: Whimsicott\n|-resisted|p1a: Whimsicott\n|-crit|p1a: Whimsicott\n|-damage|p1a: Whimsicott|87/100\n|-resisted|p1a: Whimsicott\n|-crit|p1a: Whimsicott\n|-damage|p1a: Whimsicott|74/100\n|-resisted|p1a: Whimsicott\n|-crit|p1a: Whimsicott\n|-damage|p1a: Whimsicott|61/100\n|-hitcount|p1a: Whimsicott|3\n|move|p1b: Urshifu|Surging Strikes|p2b: Urshifu\n|-resisted|p2b: Urshifu\n|-crit|p2b: Urshifu\n|-damage|p2b: Urshifu|85/100\n|-resisted|p2b: Urshifu\n|-crit|p2b: Urshifu\n|-damage|p2b: Urshifu|70/100\n|-resisted|p2b: Urshifu\n|-crit|p2b: Urshifu\n|-damage|p2b: Urshifu|54/100\n|-hitcount|p2b: Urshifu|3\n|move|p1a: Whimsicott|Moonblast|p2b: Urshifu\n|-supereffective|p2b: Urshifu\n|-damage|p2b: Urshifu|0 fnt\n|faint|p2b: Urshifu\n|\n|upkeep\n|\n|t:|1772890095\n|switch|p2b: Ogerpon|Ogerpon-Cornerstone, L50, F|100/100\n|turn|3\n|\n|t:|1772890111\n|move|p2a: Whimsicott|Moonblast|p1b: Urshifu\n|-supereffective|p1b: Urshifu\n|-damage|p1b: Urshifu|0 fnt\n|faint|p1b: Urshifu\n|move|p2b: Ogerpon|Ivy Cudgel|p1a: Whimsicott|[anim] Ivy Cudgel Rock\n|-damage|p1a: Whimsicott|0 fnt\n|faint|p1a: Whimsicott\n|\n|upkeep\n|\n|t:|1772890114\n|switch|p1b: Miraidon|Miraidon, L50|100/100\n|switch|p1a: Lunala|Lunala, L50|100/100\n|-fieldstart|move: Electric Terrain|[from] ability: Hadron Engine|[of] p1b: Miraidon\n|-enditem|p1a: Lunala|Electric Seed\n|-boost|p1a: Lunala|def|1|[from] item: Electric Seed\n|turn|4\n|\n|t:|1772890129\n|-terastallize|p1b: Miraidon|Electric\n|move|p2a: Whimsicott|Protect|p2a: Whimsicott\n|-singleturn|p2a: Whimsicott|Protect\n|move|p2b: Ogerpon|Spiky Shield|p2b: Ogerpon\n|-singleturn|p2b: Ogerpon|move: Protect\n|move|p1b: Miraidon|Electro Drift|p2a: Whimsicott\n|-activate|p2a: Whimsicott|move: Protect\n|move|p1a: Lunala|Moongeist Beam|p2b: Ogerpon\n|-activate|p2b: Ogerpon|move: Protect\n|\n|-sideend|p1: tdea|move: Tailwind\n|upkeep\n|turn|5\n|\n|t:|1772890148\n|-terastallize|p2b: Ogerpon|Rock\n|detailschange|p2b: Ogerpon|Ogerpon-Cornerstone-Tera, L50, F, tera:Rock\n|-ability|p2b: Ogerpon|Embody Aspect (Cornerstone)|boost\n|-boost|p2b: Ogerpon|def|1\n|move|p1b: Miraidon|Protect|p1b: Miraidon\n|-singleturn|p1b: Miraidon|Protect\n|move|p2a: Whimsicott|Moonblast|p1b: Miraidon\n|-activate|p1b: Miraidon|move: Protect\n|move|p2b: Ogerpon|Ivy Cudgel|p1b: Miraidon|[anim] Ivy Cudgel Rock\n|-activate|p1b: Miraidon|move: Protect\n|move|p1a: Lunala|Moongeist Beam|p2b: Ogerpon\n|-damage|p2b: Ogerpon|27/100\n|\n|-sideend|p2: g0dGun|move: Tailwind\n|upkeep\n|turn|6\n|-message|g0dGun forfeited.\n|\n|win|tdea\n|raw|tdea's rating: 1499 &rarr; <strong>1516</strong><br />(+17 for winning)\n|raw|g0dGun's rating: 1439 &rarr; <strong>1422</strong><br />(-17 for losing)\n|l|\u2606g0dGun\n|player|p2|\n|l|\u2606tdea\n|player|p1|\n","uploadtime":1772890302,"views":19,"formatid":"gen9vgc2026regi","rating":1422,"private":0,"password":null}