{"id":"gen9vgc2026regi-2526678816","format":"[Gen 9] VGC 2026 Reg I","players":["i\u2764\u5a1c\u7984forever","meh25"],"log":"|j|\u2606i\u2764\u5a1c\u7984forever\n|j|\u2606meh25\n|t:|1769447364\n|gametype|doubles\n|player|p1|i\u2764\u5a1c\u7984forever|youngcouple-gen4dp|1355\n|player|p2|meh25|ltsurge|1370\n|gen|9\n|tier|[Gen 9] VGC 2026 Reg I\n|rated|\n|rule|Species Clause: Limit one of each Pok\u00e9mon\n|rule|Item Clause: Limit 1 of each item\n|clearpoke\n|poke|p1|Groudon, L50|\n|poke|p1|Kyurem-White, L50|\n|poke|p1|Brute Bonnet, L50|\n|poke|p1|Heatran, L50, F|\n|poke|p1|Whimsicott, L50, F|\n|poke|p1|Incineroar, L50, F|\n|poke|p2|Incineroar, L50, M|\n|poke|p2|Calyrex-Shadow, L50|\n|poke|p2|Ho-Oh, L50|\n|poke|p2|Oranguru, L50, M|\n|poke|p2|Iron Hands, L50|\n|poke|p2|Ursaluna-Bloodmoon, L50, M|\n|teampreview|4\n|\n|t:|1769447398\n|teamsize|p1|4\n|teamsize|p2|4\n|start\n|switch|p1a: Kyurem|Kyurem-White, L50|100/100\n|switch|p1b: Whimsicott|Whimsicott, L50, F|100/100\n|switch|p2a: Iron Hands|Iron Hands, L50|100/100\n|switch|p2b: Oranguru|Oranguru, L50, M|100/100\n|-ability|p1a: Kyurem|Turboblaze\n|turn|1\n|inactive|Battle timer is ON: inactive players will automatically lose when time's up. (requested by meh25)\n|\n|t:|1769447419\n|-terastallize|p2a: Iron Hands|Ground\n|move|p1b: Whimsicott|Endeavor|p2a: Iron Hands\n|-damage|p2a: Iron Hands|47/100\n|-enditem|p2a: Iron Hands|Sitrus Berry|[eat]\n|-heal|p2a: Iron Hands|72/100|[from] item: Sitrus Berry\n|move|p1a: Kyurem|Earth Power|p2a: Iron Hands\n|-damage|p2a: Iron Hands|31/100\n|move|p2a: Iron Hands|Belly Drum||[still]\n|-fail|p2a: Iron Hands\n|move|p2b: Oranguru|Trick Room|p2b: Oranguru\n|-fieldstart|move: Trick Room|[of] p2b: Oranguru\n|\n|upkeep\n|turn|2\n|\n|t:|1769447438\n|move|p2a: Iron Hands|Earthquake|p1b: Whimsicott|[spread] p1a,p1b\n|-activate|p2b: Oranguru|ability: Telepathy\n|-resisted|p1b: Whimsicott\n|-damage|p1a: Kyurem|63/100\n|-damage|p1b: Whimsicott|63/100\n|move|p2b: Oranguru|Instruct|p2a: Iron Hands\n|-singleturn|p2a: Iron Hands|move: Instruct|[of] p2b: Oranguru\n|move|p2a: Iron Hands|Earthquake|p1b: Whimsicott|[spread] p1a,p1b\n|-activate|p2b: Oranguru|ability: Telepathy\n|-resisted|p1b: Whimsicott\n|-damage|p1a: Kyurem|23/100\n|-damage|p1b: Whimsicott|23/100\n|move|p1a: Kyurem|Blizzard|p2a: Iron Hands|[spread] p2a\n|-miss|p1a: Kyurem|p2b: Oranguru\n|-enditem|p1a: Kyurem|Blunder Policy\n|-boost|p1a: Kyurem|spe|2\n|-supereffective|p2a: Iron Hands\n|-crit|p2a: Iron Hands\n|-damage|p2a: Iron Hands|0 fnt\n|faint|p2a: Iron Hands\n|-end|p2a: Iron Hands|Quark Drive|[silent]\n|move|p1b: Whimsicott|Trick Room|p1b: Whimsicott\n|-fieldend|move: Trick Room\n|\n|upkeep\n|\n|t:|1769447456\n|switch|p2a: Ho-Oh|Ho-Oh, L50|100/100\n|turn|3\n|\n|t:|1769447465\n|move|p1a: Kyurem|Blizzard|p2a: Ho-Oh|[spread] p2a,p2b\n|-crit|p2b: Oranguru\n|-damage|p2a: Ho-Oh|67/100\n|-damage|p2b: Oranguru|51/100\n|move|p1b: Whimsicott|Endeavor|p2a: Ho-Oh\n|-damage|p2a: Ho-Oh|13/100\n|move|p2a: Ho-Oh|Tailwind|p2a: Ho-Oh\n|-sidestart|p2: meh25|move: Tailwind\n|move|p2b: Oranguru|Psychic|p1a: Kyurem\n|-damage|p1a: Kyurem|2/100\n|\n|upkeep\n|turn|4\n|\n|t:|1769447480\n|move|p1b: Whimsicott|Tailwind|p1b: Whimsicott\n|-sidestart|p1: i\u2764\u5a1c\u7984forever|move: Tailwind\n|move|p1a: Kyurem|Blizzard|p2a: Ho-Oh|[spread] p2a,p2b\n|-damage|p2a: Ho-Oh|0 fnt\n|-damage|p2b: Oranguru|14/100\n|faint|p2a: Ho-Oh\n|move|p2b: Oranguru|Psychic|p1a: Kyurem\n|-damage|p1a: Kyurem|0 fnt\n|faint|p1a: Kyurem\n|\n|upkeep\n|\n|t:|1769447489\n|switch|p1a: Groudon|Groudon, L50|100/100\n|switch|p2a: Calyrex|Calyrex-Shadow, L50|100/100\n|-ability|p2a: Calyrex|As One\n|-ability|p2a: Calyrex|Unnerve\n|-weather|SunnyDay|[from] ability: Drought|[of] p1a: Groudon\n|turn|5\n|\n|t:|1769447497\n|move|p2a: Calyrex|Astral Barrage|p1a: Groudon|[spread] p1a,p1b\n|-crit|p1a: Groudon\n|-crit|p1b: Whimsicott\n|-damage|p1a: Groudon|53/100\n|-damage|p1b: Whimsicott|0 fnt\n|faint|p1b: Whimsicott\n|-ability|p2a: Calyrex|Grim Neigh|boost\n|-boost|p2a: Calyrex|spa|1\n|move|p1a: Groudon|Precipice Blades|p2a: Calyrex|[spread] p2a,p2b\n|-damage|p2a: Calyrex|37/100\n|-damage|p2b: Oranguru|0 fnt\n|faint|p2b: Oranguru\n|\n|-weather|SunnyDay|[upkeep]\n|upkeep\n|\n|t:|1769447509\n|switch|p1b: Heatran|Heatran, L50, F|100/100\n|turn|6\n|\n|t:|1769447521\n|-terastallize|p1b: Heatran|Fire\n|move|p2a: Calyrex|Astral Barrage|p1b: Heatran|[spread] p1a,p1b\n|-damage|p1a: Groudon|6/100\n|-damage|p1b: Heatran|35/100\n|move|p1a: Groudon|Heat Crash|p2a: Calyrex\n|-damage|p2a: Calyrex|0 fnt\n|faint|p2a: Calyrex\n|\n|win|i\u2764\u5a1c\u7984forever\n|raw|i\u2764\u5a1c\u7984forever's rating: 1355 &rarr; <strong>1376</strong><br />(+21 for winning)\n|raw|meh25's rating: 1370 &rarr; <strong>1349</strong><br />(-21 for losing)\n|l|\u2606meh25\n|player|p2|\n|l|\u2606i\u2764\u5a1c\u7984forever\n|player|p1|\n","uploadtime":1769447766,"views":18,"formatid":"gen9vgc2026regi","rating":1349,"private":0,"password":null}