{"id":"gen9vgc2026regi-2581984167","format":"[Gen 9] VGC 2026 Reg I","players":["pumpkinflame","Jacooob_sneakers"],"log":"|j|\u2606pumpkinflame\n|j|\u2606Jacooob_sneakers\n|t:|1776045590\n|gametype|doubles\n|player|p1|pumpkinflame|adaman-masters|1358\n|player|p2|Jacooob_sneakers|265|1275\n|gen|9\n|tier|[Gen 9] VGC 2026 Reg I\n|rated|\n|rule|Species Clause: Limit one of each Pok\u00e9mon\n|rule|Item Clause: Limit 1 of each item\n|clearpoke\n|poke|p1|Kyogre, L50|\n|poke|p1|Archaludon, L50, F|\n|poke|p1|Rillaboom, L50, F|\n|poke|p1|Roaring Moon, L50|\n|poke|p1|Calyrex-Ice, L50|\n|poke|p1|Incineroar, L50, F|\n|poke|p2|Iron Hands, L50|\n|poke|p2|Amoonguss, L50, F|\n|poke|p2|Incineroar, L50, M|\n|poke|p2|Regieleki, L50|\n|poke|p2|Miraidon, L50|\n|poke|p2|Calyrex-Shadow, L50|\n|teampreview|4\n|\n|t:|1776045615\n|teamsize|p1|4\n|teamsize|p2|4\n|start\n|switch|p1a: Chilly and Willy|Calyrex-Ice, L50|100/100\n|switch|p1b: Freak|Incineroar, L50, F|100/100\n|switch|p2a: Miraidon|Miraidon, L50|100/100\n|switch|p2b: Incineroar|Incineroar, L50, M|100/100\n|-ability|p1a: Chilly and Willy|As One\n|-ability|p1a: Chilly and Willy|Unnerve\n|-fieldstart|move: Electric Terrain|[from] ability: Hadron Engine|[of] p2a: Miraidon\n|-ability|p2b: Incineroar|Intimidate|boost\n|-unboost|p1a: Chilly and Willy|atk|1\n|-unboost|p1b: Freak|atk|1\n|-ability|p1b: Freak|Intimidate|boost\n|-fail|p2a: Miraidon|unboost|[from] item: Clear Amulet|[of] p2a: Miraidon\n|-unboost|p2b: Incineroar|atk|1\n|turn|1\n|\n|t:|1776045637\n|move|p1a: Chilly and Willy|Protect|p1a: Chilly and Willy\n|-singleturn|p1a: Chilly and Willy|Protect\n|move|p2b: Incineroar|Fake Out|p1b: Freak\n|-damage|p1b: Freak|94/100\n|-damage|p2b: Incineroar|84/100|[from] item: Rocky Helmet|[of] p1b: Freak\n|cant|p1b: Freak|flinch\n|move|p2a: Miraidon|Electro Drift|p1a: Chilly and Willy\n|-activate|p1a: Chilly and Willy|move: Protect\n|\n|upkeep\n|turn|2\n|\n|t:|1776045653\n|move|p2a: Miraidon|Electro Drift|p1a: Chilly and Willy\n|-damage|p1a: Chilly and Willy|42/100\n|move|p2b: Incineroar|U-turn|p1b: Freak\n|-damage|p1b: Freak|85/100\n|-damage|p2b: Incineroar|68/100|[from] item: Rocky Helmet|[of] p1b: Freak\n|\n|t:|1776045663\n|switch|p2b: Regieleki|Regieleki, L50|100/100|[from] U-turn\n|move|p1b: Freak|Parting Shot|p2a: Miraidon\n|-fail|p2a: Miraidon|unboost|[from] item: Clear Amulet|[of] p2a: Miraidon\n|move|p1a: Chilly and Willy|Trick Room|p1a: Chilly and Willy\n|-fieldstart|move: Trick Room|[of] p1a: Chilly and Willy\n|\n|-heal|p1a: Chilly and Willy|48/100|[from] item: Leftovers\n|upkeep\n|turn|3\n|\n|t:|1776045694\n|move|p1b: Freak|Parting Shot|p2b: Regieleki\n|-unboost|p2b: Regieleki|atk|1\n|-unboost|p2b: Regieleki|spa|1\n|\n|t:|1776045697\n|switch|p1b: Mrs. Dreads|Rillaboom, L50, F, shiny|100/100|[from] Parting Shot\n|-fieldstart|move: Grassy Terrain|[from] ability: Grassy Surge|[of] p1b: Mrs. Dreads\n|move|p1a: Chilly and Willy|Glacial Lance|p2b: Regieleki|[spread] p2a,p2b\n|-supereffective|p2a: Miraidon\n|-damage|p2a: Miraidon|34/100\n|-damage|p2b: Regieleki|39/100\n|move|p2a: Miraidon|Electro Drift|p1b: Mrs. Dreads\n|-resisted|p1b: Mrs. Dreads\n|-damage|p1b: Mrs. Dreads|68/100\n|move|p2b: Regieleki|Thunderbolt|p1a: Chilly and Willy\n|-damage|p1a: Chilly and Willy|20/100\n|\n|-heal|p1a: Chilly and Willy|26/100|[from] Grassy Terrain\n|-heal|p1a: Chilly and Willy|31/100|[from] item: Leftovers\n|-heal|p1b: Mrs. Dreads|74/100|[from] Grassy Terrain\n|-heal|p2a: Miraidon|40/100|[from] Grassy Terrain\n|-heal|p2b: Regieleki|44/100|[from] Grassy Terrain\n|upkeep\n|turn|4\n|\n|t:|1776045725\n|switch|p2a: Incineroar|Incineroar, L50, M|68/100\n|-ability|p2a: Incineroar|Intimidate|boost\n|-unboost|p1a: Chilly and Willy|atk|1\n|-unboost|p1b: Mrs. Dreads|atk|1\n|move|p1b: Mrs. Dreads|Fake Out|p2a: Incineroar\n|-damage|p2a: Incineroar|61/100\n|move|p1a: Chilly and Willy|Glacial Lance|p2b: Regieleki|[spread] p2a,p2b\n|-resisted|p2a: Incineroar\n|-damage|p2a: Incineroar|53/100\n|-damage|p2b: Regieleki|0 fnt\n|faint|p2b: Regieleki\n|-ability|p1a: Chilly and Willy|Chilling Neigh|boost\n|-boost|p1a: Chilly and Willy|atk|1\n|\n|-heal|p1a: Chilly and Willy|37/100|[from] Grassy Terrain\n|-heal|p1a: Chilly and Willy|43/100|[from] item: Leftovers\n|-heal|p2a: Incineroar|59/100|[from] Grassy Terrain\n|-heal|p1b: Mrs. Dreads|80/100|[from] Grassy Terrain\n|upkeep\n|\n|t:|1776045741\n|switch|p2b: Miraidon|Miraidon, L50|40/100\n|-fieldstart|move: Electric Terrain|[from] ability: Hadron Engine|[of] p2b: Miraidon\n|turn|5\n|\n|t:|1776045753\n|switch|p1b: Freak|Incineroar, L50, F|85/100\n|-ability|p1b: Freak|Intimidate|boost\n|-unboost|p2a: Incineroar|atk|1\n|-fail|p2b: Miraidon|unboost|[from] item: Clear Amulet|[of] p2b: Miraidon\n|move|p1a: Chilly and Willy|Protect|p1a: Chilly and Willy\n|-singleturn|p1a: Chilly and Willy|Protect\n|move|p2a: Incineroar|U-turn|p1a: Chilly and Willy\n|-activate|p1a: Chilly and Willy|move: Protect\n|move|p2b: Miraidon|Draco Meteor|p1b: Freak\n|-damage|p1b: Freak|2/100\n|-unboost|p2b: Miraidon|spa|2\n|\n|-heal|p1a: Chilly and Willy|49/100|[from] item: Leftovers\n|upkeep\n|turn|6\n|\n|t:|1776045789\n|move|p1b: Freak|Knock Off|p2a: Incineroar\n|-resisted|p2a: Incineroar\n|-damage|p2a: Incineroar|46/100\n|-enditem|p2a: Incineroar|Safety Goggles|[from] move: Knock Off|[of] p1b: Freak\n|move|p1a: Chilly and Willy|Glacial Lance|p2b: Miraidon|[spread] p2a,p2b\n|-resisted|p2a: Incineroar\n|-supereffective|p2b: Miraidon\n|-damage|p2a: Incineroar|35/100\n|-damage|p2b: Miraidon|0 fnt\n|faint|p2b: Miraidon\n|-ability|p1a: Chilly and Willy|Chilling Neigh|boost\n|-boost|p1a: Chilly and Willy|atk|1\n|move|p2a: Incineroar|U-turn|p1a: Chilly and Willy\n|-supereffective|p1a: Chilly and Willy\n|-damage|p1a: Chilly and Willy|32/100\n|\n|t:|1776045801\n|switch|p2a: Calyrex|Calyrex-Shadow, L50|100/100|[from] U-turn\n|-ability|p2a: Calyrex|As One\n|-ability|p2a: Calyrex|Unnerve\n|\n|-heal|p1a: Chilly and Willy|38/100|[from] item: Leftovers\n|-fieldend|move: Trick Room\n|upkeep\n|\n|t:|1776045808\n|switch|p2b: Incineroar|Incineroar, L50, M|35/100\n|-ability|p2b: Incineroar|Intimidate|boost\n|-unboost|p1a: Chilly and Willy|atk|1\n|-unboost|p1b: Freak|atk|1\n|turn|7\n|\n|t:|1776045816\n|-terastallize|p2a: Calyrex|Psychic\n|move|p1a: Chilly and Willy|Protect|p1a: Chilly and Willy\n|-singleturn|p1a: Chilly and Willy|Protect\n|move|p2b: Incineroar|Fake Out|p1b: Freak\n|-crit|p1b: Freak\n|-damage|p1b: Freak|0 fnt\n|-damage|p2b: Incineroar|19/100|[from] item: Rocky Helmet|[of] p1b: Freak\n|faint|p1b: Freak\n|move|p2a: Calyrex|Astral Barrage|p1a: Chilly and Willy\n|-activate|p1a: Chilly and Willy|move: Protect\n|\n|-heal|p1a: Chilly and Willy|44/100|[from] item: Leftovers\n|upkeep\n|\n|t:|1776045832\n|switch|p1b: Mrs. Dreads|Rillaboom, L50, F, shiny|80/100\n|-fieldstart|move: Grassy Terrain|[from] ability: Grassy Surge|[of] p1b: Mrs. Dreads\n|turn|8\n|\n|t:|1776045840\n|-terastallize|p1a: Chilly and Willy|Dark\n|move|p1b: Mrs. Dreads|Fake Out|p2a: Calyrex\n|-damage|p2a: Calyrex|83/100\n|cant|p2a: Calyrex|flinch\n|move|p2b: Incineroar|Flare Blitz|p1b: Mrs. Dreads\n|-supereffective|p1b: Mrs. Dreads\n|-damage|p1b: Mrs. Dreads|0 fnt\n|faint|p1b: Mrs. Dreads\n|-damage|p2b: Incineroar|0 fnt|[from] Recoil\n|faint|p2b: Incineroar\n|move|p1a: Chilly and Willy|Trick Room|p1a: Chilly and Willy\n|-fieldstart|move: Trick Room|[of] p1a: Chilly and Willy\n|\n|-heal|p1a: Chilly and Willy|50/100|[from] Grassy Terrain\n|-heal|p1a: Chilly and Willy|56/100|[from] item: Leftovers\n|-heal|p2a: Calyrex|89/100|[from] Grassy Terrain\n|upkeep\n|\n|t:|1776045855\n|switch|p1b: K.O|Kyogre, L50|100/100\n|-weather|RainDance|[from] ability: Drizzle|[of] p1b: K.O\n|turn|9\n|\n|t:|1776045862\n|move|p1a: Chilly and Willy|Glacial Lance|p2a: Calyrex\n|-damage|p2a: Calyrex|35/100\n|move|p1b: K.O|Water Spout|p2a: Calyrex\n|-damage|p2a: Calyrex|0 fnt\n|faint|p2a: Calyrex\n|\n|win|pumpkinflame\n|raw|pumpkinflame's rating: 1358 &rarr; <strong>1373</strong><br />(+15 for winning)\n|raw|Jacooob_sneakers's rating: 1275 &rarr; <strong>1256</strong><br />(-19 for losing)\n|l|\u2606Jacooob_sneakers\n|player|p2|\n|l|\u2606pumpkinflame\n|player|p1|\n","uploadtime":1776046089,"views":8,"formatid":"gen9vgc2026regi","rating":1256,"private":0,"password":null}