{"id":"gen9vgc2026regi-2565728001","format":"[Gen 9] VGC 2026 Reg I","players":["caZISA","ScribbleScribble"],"log":"|j|\u2606caZISA\n|j|\u2606ScribbleScribble\n|t:|1774298883\n|gametype|doubles\n|player|p1|caZISA|red|1545\n|player|p2|ScribbleScribble|mina-lgpe|1659\n|gen|9\n|tier|[Gen 9] VGC 2026 Reg I\n|rated|\n|rule|Species Clause: Limit one of each Pok\u00e9mon\n|rule|Item Clause: Limit 1 of each item\n|clearpoke\n|poke|p1|Calyrex-Shadow, L50|\n|poke|p1|Zamazenta-*, L50|\n|poke|p1|Ogerpon-Cornerstone, L50, F|\n|poke|p1|Rillaboom, L50, M|\n|poke|p1|Incineroar, L50, F|\n|poke|p1|Clefairy, L50, M|\n|poke|p2|Calyrex-Ice, L50|\n|poke|p2|Kyogre, L50|\n|poke|p2|Tornadus, L50, M|\n|poke|p2|Indeedee-F, L50, F|\n|poke|p2|Urshifu-*, L50, M|\n|poke|p2|Landorus, L50, M|\n|teampreview|4\n|inactive|Battle timer is ON: inactive players will automatically lose when time's up. (requested by ScribbleScribble)\n|\n|t:|1774298905\n|teamsize|p1|4\n|teamsize|p2|4\n|start\n|switch|p1a: Zamazenta|Zamazenta-Crowned, L50, shiny|100/100\n|switch|p1b: super saiyan 4|Rillaboom, L50, M|100/100\n|switch|p2a: Tornadus|Tornadus, L50, M|100/100\n|switch|p2b: Urshifu|Urshifu-Rapid-Strike, L50, M|100/100\n|-ability|p1a: Zamazenta|Dauntless Shield|boost\n|-boost|p1a: Zamazenta|def|1\n|-fieldstart|move: Grassy Terrain|[from] ability: Grassy Surge|[of] p1b: super saiyan 4\n|turn|1\n|\n|t:|1774298923\n|-terastallize|p2b: Urshifu|Ghost\n|move|p1b: super saiyan 4|Fake Out|p2a: Tornadus\n|-damage|p2a: Tornadus|80/100\n|cant|p2a: Tornadus|flinch\n|move|p1a: Zamazenta|Body Press|p2b: Urshifu\n|-immune|p2b: Urshifu\n|move|p2b: Urshifu|Surging Strikes|p1a: Zamazenta\n|-crit|p1a: Zamazenta\n|-damage|p1a: Zamazenta|85/100\n|-crit|p1a: Zamazenta\n|-damage|p1a: Zamazenta|69/100\n|-crit|p1a: Zamazenta\n|-damage|p1a: Zamazenta|53/100\n|-hitcount|p1a: Zamazenta|3\n|\n|-heal|p1a: Zamazenta|59/100|[from] Grassy Terrain\n|upkeep\n|turn|2\n|\n|t:|1774298939\n|move|p1a: Zamazenta|Wide Guard|p1a: Zamazenta\n|-singleturn|p1a: Zamazenta|Wide Guard\n|move|p2a: Tornadus|Tailwind|p2a: Tornadus\n|-sidestart|p2: ScribbleScribble|move: Tailwind\n|move|p2b: Urshifu|Surging Strikes|p1a: Zamazenta\n|-crit|p1a: Zamazenta\n|-damage|p1a: Zamazenta|42/100\n|-crit|p1a: Zamazenta\n|-damage|p1a: Zamazenta|26/100\n|-crit|p1a: Zamazenta\n|-damage|p1a: Zamazenta|9/100\n|-hitcount|p1a: Zamazenta|3\n|move|p1b: super saiyan 4|Drum Beating|p2b: Urshifu\n|-damage|p2b: Urshifu|50/100\n|-unboost|p2b: Urshifu|spe|1\n|\n|-heal|p2b: Urshifu|56/100|[from] Grassy Terrain\n|-heal|p1a: Zamazenta|15/100|[from] Grassy Terrain\n|upkeep\n|turn|3\n|\n|t:|1774298961\n|move|p1a: Zamazenta|Wide Guard|p1a: Zamazenta\n|-singleturn|p1a: Zamazenta|Wide Guard\n|move|p2a: Tornadus|Bleakwind Storm|p1a: Zamazenta|[spread] \n|-activate|p1a: Zamazenta|move: Wide Guard\n|-activate|p1b: super saiyan 4|move: Wide Guard\n|move|p2b: Urshifu|Surging Strikes|p1a: Zamazenta\n|-crit|p1a: Zamazenta\n|-damage|p1a: Zamazenta|0 fnt\n|faint|p1a: Zamazenta\n|-hitcount|p1: Zamazenta|1\n|move|p1b: super saiyan 4|Drum Beating|p2b: Urshifu\n|-damage|p2b: Urshifu|6/100\n|-unboost|p2b: Urshifu|spe|1\n|\n|-heal|p2b: Urshifu|12/100|[from] Grassy Terrain\n|upkeep\n|\n|t:|1774298965\n|switch|p1a: Calyrex|Calyrex-Shadow, L50|100/100\n|-ability|p1a: Calyrex|As One\n|-ability|p1a: Calyrex|Unnerve\n|turn|4\n|\n|t:|1774298973\n|switch|p1b: Ogerpon|Ogerpon-Cornerstone, L50, F|100/100\n|move|p2a: Tornadus|Bleakwind Storm|p1a: Calyrex|[spread] p1b\n|-miss|p2a: Tornadus|p1a: Calyrex\n|-damage|p1b: Ogerpon|59/100\n|move|p1a: Calyrex|Astral Barrage|p2b: Urshifu|[spread] p2a,p2b\n|-supereffective|p2b: Urshifu\n|-damage|p2a: Tornadus|0 fnt\n|-damage|p2b: Urshifu|0 fnt\n|faint|p2a: Tornadus\n|faint|p2b: Urshifu\n|-ability|p1a: Calyrex|Grim Neigh|boost\n|-boost|p1a: Calyrex|spa|2\n|-damage|p1a: Calyrex|91/100|[from] item: Life Orb\n|\n|-heal|p1a: Calyrex|97/100|[from] Grassy Terrain\n|-heal|p1b: Ogerpon|65/100|[from] Grassy Terrain\n|upkeep\n|\n|t:|1774298975\n|switch|p2a: Calyrex|Calyrex-Ice, L50|100/100\n|switch|p2b: Kyogre|Kyogre, L50|100/100\n|-ability|p2a: Calyrex|As One\n|-ability|p2a: Calyrex|Unnerve\n|-weather|RainDance|[from] ability: Drizzle|[of] p2b: Kyogre\n|turn|5\n|\n|t:|1774298993\n|move|p1a: Calyrex|Protect|p1a: Calyrex\n|-singleturn|p1a: Calyrex|Protect\n|move|p1b: Ogerpon|Grassy Glide|p2b: Kyogre\n|-supereffective|p2b: Kyogre\n|-damage|p2b: Kyogre|4/100\n|move|p2b: Kyogre|Water Spout|p1b: Ogerpon|[spread] p1b\n|-activate|p1a: Calyrex|move: Protect\n|-damage|p1b: Ogerpon|60/100\n|move|p2a: Calyrex|Trick Room|p2a: Calyrex\n|-fieldstart|move: Trick Room|[of] p2a: Calyrex\n|\n|-weather|RainDance|[upkeep]\n|-heal|p1b: Ogerpon|66/100|[from] Grassy Terrain\n|-heal|p1a: Calyrex|100/100|[from] Grassy Terrain\n|-heal|p2b: Kyogre|10/100|[from] Grassy Terrain\n|-sideend|p2: ScribbleScribble|move: Tailwind\n|-fieldend|move: Grassy Terrain\n|upkeep\n|turn|6\n|inactive|caZISA has 30 seconds left.\n|\n|t:|1774299021\n|switch|p1a: super saiyan 4|Rillaboom, L50, M|100/100\n|-fieldstart|move: Grassy Terrain|[from] ability: Grassy Surge|[of] p1a: super saiyan 4\n|-terastallize|p1b: Ogerpon|Rock\n|detailschange|p1b: Ogerpon|Ogerpon-Cornerstone-Tera, L50, F, tera:Rock\n|-ability|p1b: Ogerpon|Embody Aspect (Cornerstone)|boost\n|-boost|p1b: Ogerpon|def|1\n|move|p1b: Ogerpon|Grassy Glide|p2b: Kyogre\n|-supereffective|p2b: Kyogre\n|-damage|p2b: Kyogre|0 fnt\n|faint|p2b: Kyogre\n|move|p2a: Calyrex|Glacial Lance|p1b: Ogerpon|[spread] p1a,p1b\n|-supereffective|p1a: super saiyan 4\n|-damage|p1a: super saiyan 4|0 fnt\n|-damage|p1b: Ogerpon|23/100\n|faint|p1a: super saiyan 4\n|-ability|p2a: Calyrex|Chilling Neigh|boost\n|-boost|p2a: Calyrex|atk|1\n|\n|-weather|RainDance|[upkeep]\n|-heal|p1b: Ogerpon|29/100|[from] Grassy Terrain\n|upkeep\n|\n|t:|1774299034\n|switch|p1a: Calyrex|Calyrex-Shadow, L50|100/100\n|-ability|p1a: Calyrex|As One\n|-ability|p1a: Calyrex|Unnerve\n|turn|7\n|\n|t:|1774299040\n|move|p1b: Ogerpon|Spiky Shield|p1b: Ogerpon\n|-singleturn|p1b: Ogerpon|move: Protect\n|move|p1a: Calyrex|Protect|p1a: Calyrex\n|-singleturn|p1a: Calyrex|Protect\n|move|p2a: Calyrex|Glacial Lance|p1a: Calyrex|[spread] \n|-activate|p1a: Calyrex|move: Protect\n|-activate|p1b: Ogerpon|move: Protect\n|\n|-weather|RainDance|[upkeep]\n|-heal|p1b: Ogerpon|35/100|[from] Grassy Terrain\n|upkeep\n|turn|8\n|\n|t:|1774299047\n|move|p1b: Ogerpon|Grassy Glide|p2a: Calyrex\n|-damage|p2a: Calyrex|70/100\n|move|p2a: Calyrex|Glacial Lance|p1a: Calyrex|[spread] p1a,p1b\n|-damage|p1a: Calyrex|25/100\n|-damage|p1b: Ogerpon|0 fnt\n|faint|p1b: Ogerpon\n|detailschange|p1: Ogerpon|Ogerpon-Cornerstone, L50, F|[silent]\n|-ability|p2a: Calyrex|Chilling Neigh|boost\n|-boost|p2a: Calyrex|atk|1\n|move|p1a: Calyrex|Astral Barrage|p2a: Calyrex\n|-supereffective|p2a: Calyrex\n|-damage|p2a: Calyrex|0 fnt\n|faint|p2a: Calyrex\n|-damage|p1a: Calyrex|16/100|[from] item: Life Orb\n|\n|win|caZISA\n|raw|caZISA's rating: 1545 &rarr; <strong>1570</strong><br />(+25 for winning)\n|raw|ScribbleScribble's rating: 1638 &rarr; <strong>1613</strong><br />(-25 for losing)\n|l|\u2606ScribbleScribble\n|player|p2|\n","uploadtime":1774299227,"views":19,"formatid":"gen9vgc2026regi","rating":1570,"private":0,"password":null}