{"id":"gen9vgc2026regi-2562671462","format":"[Gen 9] VGC 2026 Reg I","players":["Sheeshshane925","iifwm"],"log":"|j|\u2606Sheeshshane925\n|j|\u2606iifwm\n|t:|1773939877\n|gametype|doubles\n|player|p1|Sheeshshane925|crasherwake|1392\n|player|p2|iifwm|candice|1508\n|gen|9\n|tier|[Gen 9] VGC 2026 Reg I\n|rated|\n|rule|Species Clause: Limit one of each Pok\u00e9mon\n|rule|Item Clause: Limit 1 of each item\n|clearpoke\n|poke|p1|Calyrex-Ice, L50|\n|poke|p1|Miraidon, L50|\n|poke|p1|Farigiraf, L50, F|\n|poke|p1|Iron Hands, L50|\n|poke|p1|Scraggy, L50, M|\n|poke|p1|Iron Bundle, L50|\n|poke|p2|Amoonguss, L50, F|\n|poke|p2|Calyrex-Ice, L50|\n|poke|p2|Kyogre, L50|\n|poke|p2|Urshifu-*, L50, F|\n|poke|p2|Rillaboom, L50, F|\n|poke|p2|Flutter Mane, L50|\n|teampreview|4\n|inactive|Battle timer is ON: inactive players will automatically lose when time's up. (requested by Sheeshshane925)\n|\n|t:|1773939911\n|teamsize|p1|4\n|teamsize|p2|4\n|start\n|switch|p1a: Miraidon|Miraidon, L50, shiny|100/100\n|switch|p1b: Iron Bundle|Iron Bundle, L50|100/100\n|switch|p2a: Flutter Mane|Flutter Mane, L50|100/100\n|switch|p2b: Calyrex|Calyrex-Ice, L50|100/100\n|-ability|p2b: Calyrex|As One\n|-ability|p2b: Calyrex|Unnerve\n|-fieldstart|move: Electric Terrain|[from] ability: Hadron Engine|[of] p1a: Miraidon\n|-activate|p1b: Iron Bundle|ability: Quark Drive\n|-start|p1b: Iron Bundle|quarkdrivespe\n|turn|1\n|\n|t:|1773939930\n|-end|p2a: Flutter Mane|Protosynthesis|[silent]\n|switch|p2a: Rillaboom|Rillaboom, L50, F|100/100\n|-fieldstart|move: Grassy Terrain|[from] ability: Grassy Surge|[of] p2a: Rillaboom\n|-end|p1b: Iron Bundle|Quark Drive\n|move|p1b: Iron Bundle|Icy Wind|p2a: Rillaboom|[spread] p2a,p2b\n|-supereffective|p2a: Rillaboom\n|-resisted|p2b: Calyrex\n|-damage|p2a: Rillaboom|69/100\n|-damage|p2b: Calyrex|95/100\n|-unboost|p2a: Rillaboom|spe|1\n|-unboost|p2b: Calyrex|spe|1\n|move|p1a: Miraidon|Volt Switch|p2a: Rillaboom\n|-resisted|p2a: Rillaboom\n|-damage|p2a: Rillaboom|49/100\n|-damage|p1a: Miraidon|91/100|[from] item: Life Orb\n|\n|t:|1773939949\n|switch|p1a: Scraggy|Scraggy, L50, M|100/100|[from] Volt Switch\n|-ability|p1a: Scraggy|Intimidate|boost\n|-unboost|p2a: Rillaboom|atk|1\n|-unboost|p2b: Calyrex|atk|1\n|move|p2b: Calyrex|Trick Room|p2b: Calyrex\n|-fieldstart|move: Trick Room|[of] p2b: Calyrex\n|\n|-heal|p2b: Calyrex|100/100|[from] Grassy Terrain\n|-heal|p2a: Rillaboom|55/100|[from] Grassy Terrain\n|upkeep\n|turn|2\n|\n|t:|1773939967\n|switch|p2a: Kyogre|Kyogre, L50|100/100\n|-weather|RainDance|[from] ability: Drizzle|[of] p2a: Kyogre\n|-end|p1b: Iron Bundle|Quark Drive|[silent]\n|switch|p1b: Calyrex|Calyrex-Ice, L50|100/100\n|-ability|p1b: Calyrex|As One\n|-ability|p1b: Calyrex|Unnerve\n|move|p1a: Scraggy|Fake Out|p2b: Calyrex\n|-damage|p2b: Calyrex|96/100\n|cant|p2b: Calyrex|flinch\n|\n|-weather|RainDance|[upkeep]\n|-heal|p2b: Calyrex|100/100|[from] Grassy Terrain\n|upkeep\n|turn|3\n|inactive|Sheeshshane925 has 30 seconds left.\n|inactive|Sheeshshane925 has 20 seconds left.\n|\n|t:|1773940004\n|move|p1b: Calyrex|Protect|p1b: Calyrex\n|-singleturn|p1b: Calyrex|Protect\n|move|p2b: Calyrex|Leech Seed|p1b: Calyrex\n|-activate|p1b: Calyrex|move: Protect\n|move|p1a: Scraggy|Coaching|p1b: Calyrex\n|-boost|p1b: Calyrex|atk|1\n|-boost|p1b: Calyrex|def|1\n|move|p2a: Kyogre|Water Spout|p1a: Scraggy|[spread] p1a\n|-activate|p1b: Calyrex|move: Protect\n|-damage|p1a: Scraggy|4/100\n|\n|-weather|RainDance|[upkeep]\n|-heal|p1a: Scraggy|10/100|[from] Grassy Terrain\n|upkeep\n|turn|4\n|inactive|Sheeshshane925 has 30 seconds left.\n|inactive|Sheeshshane925 has 20 seconds left.\n|\n|t:|1773940042\n|switch|p1a: Iron Bundle|Iron Bundle, L50|100/100\n|move|p2b: Calyrex|Leech Seed|p1b: Calyrex\n|-start|p1b: Calyrex|move: Leech Seed\n|move|p1b: Calyrex|High Horsepower|p2a: Kyogre\n|-damage|p2a: Kyogre|39/100\n|move|p2a: Kyogre|Origin Pulse|p1a: Iron Bundle|[spread] p1a,p1b\n|-resisted|p1a: Iron Bundle\n|-damage|p1a: Iron Bundle|3/100\n|-damage|p1b: Calyrex|42/100\n|\n|-weather|RainDance|[upkeep]\n|-heal|p1b: Calyrex|48/100|[from] Grassy Terrain\n|-heal|p2a: Kyogre|45/100|[from] Grassy Terrain\n|-heal|p1a: Iron Bundle|9/100|[from] Grassy Terrain\n|-damage|p1b: Calyrex|36/100|[from] Leech Seed|[of] p2b: Calyrex\n|upkeep\n|turn|5\n|-message|Sheeshshane925 forfeited.\n|\n|win|iifwm\n|raw|Sheeshshane925's rating: 1392 &rarr; <strong>1378</strong><br />(-14 for losing)\n|raw|iifwm's rating: 1508 &rarr; <strong>1522</strong><br />(+14 for winning)\n|l|\u2606Sheeshshane925\n|player|p1|\n|l|\u2606iifwm\n|player|p2|\n","uploadtime":1773940287,"views":11,"formatid":"gen9vgc2026regi","rating":1378,"private":0,"password":null}