{"id":"gen9vgc2026regi-2587645176","format":"[Gen 9] VGC 2026 Reg I","players":["castiel123","LeafStoned"],"log":"|j|\u2606castiel123\n|j|\u2606LeafStoned\n|t:|1776549943\n|gametype|doubles\n|player|p1|castiel123|169|1456\n|player|p2|LeafStoned|265|1489\n|gen|9\n|tier|[Gen 9] VGC 2026 Reg I\n|rated|\n|rule|Species Clause: Limit one of each Pok\u00e9mon\n|rule|Item Clause: Limit 1 of each item\n|clearpoke\n|poke|p1|Zamazenta-*, L50|\n|poke|p1|Annihilape, L50, F|\n|poke|p1|Amoonguss, L50, M|\n|poke|p1|Terapagos, L50, M|\n|poke|p1|Chi-Yu, L50|\n|poke|p1|Whimsicott, L50, F|\n|poke|p2|Amoonguss, L50, M|\n|poke|p2|Incineroar, L50, F|\n|poke|p2|Scream Tail, L50|\n|poke|p2|Koraidon, L50|\n|poke|p2|Calyrex-Shadow, L50|\n|poke|p2|Gothitelle, L50, F|\n|teampreview|4\n|inactive|Battle timer is ON: inactive players will automatically lose when time's up. (requested by castiel123)\n|\n|t:|1776550007\n|teamsize|p1|4\n|teamsize|p2|4\n|start\n|switch|p1a: Whimsicott|Whimsicott, L50, F|100/100\n|switch|p1b: Annihilape|Annihilape, L50, F|100/100\n|switch|p2a: Scream Tail|Scream Tail, L50|100/100\n|switch|p2b: Koraidon|Koraidon, L50|100/100\n|-weather|SunnyDay|[from] ability: Orichalcum Pulse|[of] p2b: Koraidon\n|-activate|p2a: Scream Tail|ability: Protosynthesis\n|-start|p2a: Scream Tail|protosynthesisspe\n|-activate|p2b: Koraidon|Orichalcum Pulse|[source]\n|turn|1\n|\n|t:|1776550027\n|move|p2a: Scream Tail|Protect|p2a: Scream Tail\n|-singleturn|p2a: Scream Tail|Protect\n|move|p2b: Koraidon|Protect|p2b: Koraidon\n|-singleturn|p2b: Koraidon|Protect\n|move|p1a: Whimsicott|Tailwind|p1a: Whimsicott\n|-sidestart|p1: castiel123|move: Tailwind\n|move|p1b: Annihilape|Final Gambit|p2b: Koraidon\n|-activate|p2b: Koraidon|move: Protect\n|\n|-weather|SunnyDay|[upkeep]\n|upkeep\n|turn|2\n|inactive|LeafStoned has 30 seconds left.\n|inactive|LeafStoned has 20 seconds left.\n|inactive|LeafStoned has 15 seconds left.\n|inactive|LeafStoned has 10 seconds left.\n|inactive|LeafStoned has 5 seconds left.\n|inactive|castiel123 has 30 seconds left.\n|\n|t:|1776550088\n|move|p1a: Whimsicott|Encore|p2a: Scream Tail\n|-start|p2a: Scream Tail|Encore\n|move|p1b: Annihilape|Final Gambit|p2b: Koraidon\n|-damage|p2b: Koraidon|0 fnt\n|faint|p1b: Annihilape\n|faint|p2b: Koraidon\n|move|p2a: Scream Tail|Protect||[still]\n|-fail|p2a: Scream Tail\n|\n|-weather|SunnyDay|[upkeep]\n|upkeep\n|\n|t:|1776550097\n|switch|p2b: Incineroar|Incineroar, L50, F|100/100\n|switch|p1b: Terapagos|Terapagos, L50, M|100/100\n|-activate|p1b: Terapagos|ability: Tera Shift\n|detailschange|p1b: Terapagos|Terapagos-Terastal, L50, M\n|-heal|p1b: Terapagos|100/100|[silent]\n|-ability|p2b: Incineroar|Intimidate|boost\n|-unboost|p1a: Whimsicott|atk|1\n|-unboost|p1b: Terapagos|atk|1\n|turn|3\n|\n|t:|1776550109\n|switch|p1a: Zamazenta|Zamazenta-Crowned, L50|100/100\n|-ability|p1a: Zamazenta|Dauntless Shield|boost\n|-boost|p1a: Zamazenta|def|1\n|-end|p2a: Scream Tail|Protosynthesis|[silent]\n|switch|p2a: Gothitelle|Gothitelle, L50, F|100/100\n|move|p1b: Terapagos|Calm Mind|p1b: Terapagos\n|-boost|p1b: Terapagos|spa|1\n|-boost|p1b: Terapagos|spd|1\n|move|p2b: Incineroar|Parting Shot|p1b: Terapagos\n|-unboost|p1b: Terapagos|atk|1\n|-unboost|p1b: Terapagos|spa|1\n|\n|t:|1776550117\n|switch|p2b: Scream Tail|Scream Tail, L50|100/100|[from] Parting Shot\n|-activate|p2b: Scream Tail|ability: Protosynthesis\n|-start|p2b: Scream Tail|protosynthesisspe\n|\n|-weather|SunnyDay|[upkeep]\n|upkeep\n|turn|4\n|\n|t:|1776550128\n|move|p1b: Terapagos|Protect|p1b: Terapagos\n|-singleturn|p1b: Terapagos|Protect\n|move|p2a: Gothitelle|Fake Out|p1a: Zamazenta\n|-resisted|p1a: Zamazenta\n|-damage|p1a: Zamazenta|99/100\n|cant|p1a: Zamazenta|flinch\n|move|p2b: Scream Tail|Perish Song|p2b: Scream Tail\n|-start|p1a: Zamazenta|perish3|[silent]\n|-start|p1b: Terapagos|perish3|[silent]\n|-start|p2a: Gothitelle|perish3|[silent]\n|-start|p2b: Scream Tail|perish3|[silent]\n|-fieldactivate|move: Perish Song\n|\n|-weather|SunnyDay|[upkeep]\n|-start|p1a: Zamazenta|perish3\n|-start|p2b: Scream Tail|perish3\n|-start|p1b: Terapagos|perish3\n|-start|p2a: Gothitelle|perish3\n|-sideend|p1: castiel123|move: Tailwind\n|upkeep\n|turn|5\n|inactive|castiel123 has 30 seconds left.\n|\n|t:|1776550159\n|move|p2a: Gothitelle|Protect|p2a: Gothitelle\n|-singleturn|p2a: Gothitelle|Protect\n|move|p2b: Scream Tail|Encore|p1b: Terapagos\n|-start|p1b: Terapagos|Encore\n|move|p1a: Zamazenta|Behemoth Bash|p2b: Scream Tail\n|-supereffective|p2b: Scream Tail\n|-damage|p2b: Scream Tail|36/100\n|move|p1b: Terapagos|Protect||[still]\n|-fail|p1b: Terapagos\n|\n|-weather|none\n|-end|p2b: Scream Tail|Protosynthesis\n|-start|p2b: Scream Tail|perish2\n|-start|p1a: Zamazenta|perish2\n|-start|p1b: Terapagos|perish2\n|-start|p2a: Gothitelle|perish2\n|upkeep\n|-enditem|p2b: Scream Tail|Booster Energy\n|-activate|p2b: Scream Tail|ability: Protosynthesis|[fromitem]\n|-start|p2b: Scream Tail|protosynthesisspe\n|turn|6\n|\n|t:|1776550178\n|move|p2b: Scream Tail|Protect|p2b: Scream Tail\n|-singleturn|p2b: Scream Tail|Protect\n|move|p1b: Terapagos|Protect|p1b: Terapagos\n|-singleturn|p1b: Terapagos|Protect\n|move|p1a: Zamazenta|Body Press|p2b: Scream Tail\n|-activate|p2b: Scream Tail|move: Protect\n|move|p2a: Gothitelle|Psychic|p1a: Zamazenta\n|-damage|p1a: Zamazenta|81/100\n|\n|-start|p2b: Scream Tail|perish1\n|-start|p1a: Zamazenta|perish1\n|-start|p1b: Terapagos|perish1\n|-start|p2a: Gothitelle|perish1\n|upkeep\n|turn|7\n|-message|castiel123 forfeited.\n|\n|win|LeafStoned\n|raw|castiel123's rating: 1456 &rarr; <strong>1438</strong><br />(-18 for losing)\n|raw|LeafStoned's rating: 1489 &rarr; <strong>1507</strong><br />(+18 for winning)\n|l|\u2606castiel123\n|player|p1|\n|l|\u2606LeafStoned\n|player|p2|\n","uploadtime":1776550450,"views":8,"formatid":"gen9vgc2026regi","rating":1438,"private":0,"password":null}