{"id":"gen9vgc2026regi-2577967769","format":"[Gen 9] VGC 2026 Reg I","players":["migrainelad2","sukaww"],"log":"|j|\u2606migrainelad2\n|j|\u2606sukaww\n|t:|1775628145\n|gametype|doubles\n|player|p1|migrainelad2|flint|1415\n|player|p2|sukaww|1|1450\n|gen|9\n|tier|[Gen 9] VGC 2026 Reg I\n|rated|\n|rule|Species Clause: Limit one of each Pok\u00e9mon\n|rule|Item Clause: Limit 1 of each item\n|clearpoke\n|poke|p1|Farigiraf, L50, M|\n|poke|p1|Miraidon, L50|\n|poke|p1|Iron Valiant, L50|\n|poke|p1|Raichu, L50, F|\n|poke|p1|Umbreon, L50, F|\n|poke|p1|Ho-Oh, L50|\n|poke|p2|Calyrex-Ice, L50|\n|poke|p2|Miraidon, L50|\n|poke|p2|Iron Hands, L50|\n|poke|p2|Farigiraf, L50, F|\n|poke|p2|Ursaluna-Bloodmoon, L50, M|\n|poke|p2|Torkoal, L50, M|\n|teampreview|4\n|inactive|Battle timer is ON: inactive players will automatically lose when time's up. (requested by sukaww)\n|\n|t:|1775628173\n|teamsize|p1|4\n|teamsize|p2|4\n|start\n|switch|p1a: Raichu|Raichu, L50, F|100/100\n|switch|p1b: Ho-Oh|Ho-Oh, L50|100/100\n|switch|p2a: Calyrex|Calyrex-Ice, L50|100/100\n|switch|p2b: Iron Hands|Iron Hands, L50|100/100\n|-ability|p2a: Calyrex|As One\n|-ability|p2a: Calyrex|Unnerve\n|turn|1\n|\n|t:|1775628179\n|move|p1a: Raichu|Fake Out|p2b: Iron Hands\n|-damage|p2b: Iron Hands|94/100\n|cant|p2b: Iron Hands|flinch\n|move|p1b: Ho-Oh|Sacred Fire|p2a: Calyrex|[miss]\n|-miss|p1b: Ho-Oh|p2a: Calyrex\n|move|p2a: Calyrex|Trick Room|p2a: Calyrex\n|-fieldstart|move: Trick Room|[of] p2a: Calyrex\n|\n|upkeep\n|turn|2\n|\n|t:|1775628196\n|move|p1a: Raichu|Protect|p1a: Raichu\n|-singleturn|p1a: Raichu|Protect\n|move|p2b: Iron Hands|Drain Punch|p1a: Raichu\n|-activate|p1a: Raichu|move: Protect\n|move|p2a: Calyrex|Glacial Lance|p1b: Ho-Oh|[spread] p1b\n|-activate|p1a: Raichu|move: Protect\n|-damage|p1b: Ho-Oh|43/100\n|move|p1b: Ho-Oh|Sacred Fire|p2a: Calyrex\n|-supereffective|p2a: Calyrex\n|-damage|p2a: Calyrex|0 fnt\n|faint|p2a: Calyrex\n|\n|upkeep\n|\n|t:|1775628215\n|switch|p2a: Torkoal|Torkoal, L50, M|100/100\n|-weather|SunnyDay|[from] ability: Drought|[of] p2a: Torkoal\n|turn|3\n|\n|t:|1775628225\n|-terastallize|p2a: Torkoal|Fire\n|move|p2a: Torkoal|Eruption|p1b: Ho-Oh|[spread] p1a,p1b\n|-resisted|p1b: Ho-Oh\n|-enditem|p1a: Raichu|Focus Sash\n|-damage|p1a: Raichu|1/100\n|-damage|p1b: Ho-Oh|0 fnt\n|faint|p1b: Ho-Oh\n|move|p2b: Iron Hands|Drain Punch|p1a: Raichu\n|-damage|p1a: Raichu|0 fnt\n|-heal|p2b: Iron Hands|94/100|[from] drain|[of] p1a: Raichu\n|faint|p1a: Raichu\n|\n|-weather|SunnyDay|[upkeep]\n|upkeep\n|\n|t:|1775628235\n|switch|p1b: Farigiraf|Farigiraf, L50, M|100/100\n|switch|p1a: Iron Valiant|Iron Valiant, L50|100/100\n|turn|4\n|\n|t:|1775628246\n|switch|p2a: Miraidon|Miraidon, L50|100/100\n|-fieldstart|move: Electric Terrain|[from] ability: Hadron Engine|[of] p2a: Miraidon\n|-activate|p2b: Iron Hands|ability: Quark Drive\n|-start|p2b: Iron Hands|quarkdriveatk\n|-activate|p1a: Iron Valiant|ability: Quark Drive\n|-start|p1a: Iron Valiant|quarkdrivespe\n|-terastallize|p1b: Farigiraf|Fairy\n|move|p1a: Iron Valiant|Wide Guard|p1a: Iron Valiant\n|-singleturn|p1a: Iron Valiant|Wide Guard\n|move|p2b: Iron Hands|Wild Charge|p1a: Iron Valiant\n|-damage|p1a: Iron Valiant|0 fnt\n|faint|p1a: Iron Valiant\n|-end|p1a: Iron Valiant|Quark Drive|[silent]\n|-damage|p2b: Iron Hands|80/100|[from] Recoil\n|move|p1b: Farigiraf|Trick Room|p1b: Farigiraf\n|-fieldend|move: Trick Room\n|\n|-weather|SunnyDay|[upkeep]\n|upkeep\n|turn|5\n|\n|t:|1775628267\n|move|p2a: Miraidon|Electro Drift|p1b: Farigiraf\n|-damage|p1b: Farigiraf|0 fnt\n|faint|p1b: Farigiraf\n|\n|win|sukaww\n|raw|migrainelad2's rating: 1415 &rarr; <strong>1397</strong><br />(-18 for losing)\n|raw|sukaww's rating: 1450 &rarr; <strong>1468</strong><br />(+18 for winning)\n|l|\u2606migrainelad2\n|player|p1|\n|l|\u2606sukaww\n|player|p2|\n","uploadtime":1775628434,"views":12,"formatid":"gen9vgc2026regi","rating":1397,"private":0,"password":null}