{"id":"gen9vgc2026regi-2558346809","format":"[Gen 9] VGC 2026 Reg I","players":["skibidigroudon187","PATRIOTS_VG"],"log":"|j|\u2606skibidigroudon187\n|j|\u2606PATRIOTS_VG\n|t:|1773425964\n|gametype|doubles\n|player|p1|skibidigroudon187|101|1151\n|player|p2|PATRIOTS_VG|drayden|1256\n|gen|9\n|tier|[Gen 9] VGC 2026 Reg I\n|rated|\n|rule|Species Clause: Limit one of each Pok\u00e9mon\n|rule|Item Clause: Limit 1 of each item\n|clearpoke\n|poke|p1|Miraidon, L50|\n|poke|p1|Groudon, L50|\n|poke|p1|Volcarona, L50, M|\n|poke|p1|Incineroar, L50, M|\n|poke|p1|Grimmsnarl, L50, M|\n|poke|p1|Ditto, L50|\n|poke|p2|Incineroar, L50, F|\n|poke|p2|Sinistcha-Masterpiece, L50|\n|poke|p2|Miraidon, L50|\n|poke|p2|Ogerpon-Hearthflame, L50, F|\n|poke|p2|Terapagos, L50, M|\n|poke|p2|Iron Treads, L50|\n|teampreview|4\n|inactive|Battle timer is ON: inactive players will automatically lose when time's up. (requested by PATRIOTS_VG)\n|\n|t:|1773426014\n|teamsize|p1|4\n|teamsize|p2|4\n|start\n|switch|p1a: Grimmsnarl|Grimmsnarl, L50, M|100/100\n|switch|p1b: Volcarona|Volcarona, L50, M|100/100\n|switch|p2a: Incineroar|Incineroar, L50, F|100/100\n|switch|p2b: Terapagos|Terapagos, L50, M|100/100\n|-activate|p2b: Terapagos|ability: Tera Shift\n|detailschange|p2b: Terapagos|Terapagos-Terastal, L50, M\n|-heal|p2b: Terapagos|100/100|[silent]\n|-ability|p2a: Incineroar|Intimidate|boost\n|-unboost|p1a: Grimmsnarl|atk|1\n|-unboost|p1b: Volcarona|atk|1\n|turn|1\n|\n|t:|1773426020\n|switch|p1b: Groudon|Groudon, L50|100/100\n|-weather|SunnyDay|[from] ability: Drought|[of] p1b: Groudon\n|move|p2a: Incineroar|Fake Out|p1b: Groudon\n|-damage|p1b: Groudon|93/100\n|move|p1a: Grimmsnarl|Light Screen|p1a: Grimmsnarl\n|-sidestart|p1: skibidigroudon187|move: Light Screen\n|move|p2b: Terapagos|Tera Starstorm|p1b: Groudon\n|-damage|p1b: Groudon|72/100\n|\n|-weather|SunnyDay|[upkeep]\n|upkeep\n|turn|2\n|\n|t:|1773426033\n|move|p1b: Groudon|Precipice Blades|p2a: Incineroar|[spread] p2a,p2b\n|-supereffective|p2a: Incineroar\n|-activate|p2b: Terapagos|ability: Tera Shell\n|-resisted|p2b: Terapagos\n|-damage|p2a: Incineroar|26/100\n|-damage|p2b: Terapagos|84/100\n|move|p2b: Terapagos|Calm Mind|p2b: Terapagos\n|-boost|p2b: Terapagos|spa|1\n|-boost|p2b: Terapagos|spd|1\n|move|p1a: Grimmsnarl|Spirit Break|p2b: Terapagos\n|-damage|p2b: Terapagos|71/100\n|-unboost|p2b: Terapagos|spa|1\n|move|p2a: Incineroar|Parting Shot|p1b: Groudon\n|-unboost|p1b: Groudon|atk|1\n|-unboost|p1b: Groudon|spa|1\n|\n|t:|1773426048\n|switch|p2a: Sinistcha|Sinistcha-Masterpiece, L50|100/100|[from] Parting Shot\n|-heal|p2b: Terapagos|96/100|[from] ability: Hospitality|[of] p2a: Sinistcha\n|\n|-weather|SunnyDay|[upkeep]\n|upkeep\n|turn|3\n|\n|t:|1773426065\n|move|p2a: Sinistcha|Rage Powder|p2a: Sinistcha\n|-singleturn|p2a: Sinistcha|move: Rage Powder\n|move|p1a: Grimmsnarl|Thunder Wave|p2a: Sinistcha\n|-status|p2a: Sinistcha|par\n|move|p1b: Groudon|Heat Crash|p2a: Sinistcha\n|-supereffective|p2a: Sinistcha\n|-damage|p2a: Sinistcha|25/100 par\n|move|p2b: Terapagos|Calm Mind|p2b: Terapagos\n|-boost|p2b: Terapagos|spa|1\n|-boost|p2b: Terapagos|spd|1\n|\n|-weather|SunnyDay|[upkeep]\n|upkeep\n|turn|4\n|\n|t:|1773426079\n|switch|p1a: Volcarona|Volcarona, L50, M|100/100\n|switch|p2a: Incineroar|Incineroar, L50, F|26/100\n|-ability|p2a: Incineroar|Intimidate|boost\n|-unboost|p1a: Volcarona|atk|1\n|-unboost|p1b: Groudon|atk|1\n|move|p2b: Terapagos|Protect|p2b: Terapagos\n|-singleturn|p2b: Terapagos|Protect\n|move|p1b: Groudon|Precipice Blades|p2a: Incineroar|[spread] p2a\n|-activate|p2b: Terapagos|move: Protect\n|-supereffective|p2a: Incineroar\n|-damage|p2a: Incineroar|0 fnt\n|faint|p2a: Incineroar\n|\n|-weather|SunnyDay|[upkeep]\n|upkeep\n|\n|t:|1773426090\n|switch|p2a: Ogerpon|Ogerpon-Hearthflame, L50, F|100/100\n|-ability|p2a: Ogerpon|Mold Breaker\n|turn|5\n|inactive|skibidigroudon187 has 30 seconds left.\n|\n|t:|1773426117\n|switch|p1b: Miraidon|Miraidon, L50|100/100\n|-fieldstart|move: Electric Terrain|[from] ability: Hadron Engine|[of] p1b: Miraidon\n|-enditem|p2b: Terapagos|Electric Seed\n|-boost|p2b: Terapagos|def|1|[from] item: Electric Seed\n|move|p1a: Volcarona|Protect|p1a: Volcarona\n|-singleturn|p1a: Volcarona|Protect\n|move|p2a: Ogerpon|Ivy Cudgel|p1a: Volcarona|[anim] Ivy Cudgel Fire\n|-activate|p1a: Volcarona|move: Protect\n|move|p2b: Terapagos|Tera Starstorm|p1a: Volcarona\n|-activate|p1a: Volcarona|move: Protect\n|\n|-weather|none\n|upkeep\n|turn|6\n|\n|t:|1773426134\n|-terastallize|p2b: Terapagos|Stellar\n|detailschange|p2b: Terapagos|Terapagos-Stellar, L50, M, tera:Stellar\n|-heal|p2b: Terapagos|97/100|[silent]\n|-ability|p2b: Terapagos|Teraform Zero\n|-fieldend|move: Electric Terrain\n|move|p1b: Miraidon|Draco Meteor|p2a: Ogerpon\n|-damage|p2a: Ogerpon|0 fnt\n|-unboost|p1b: Miraidon|spa|2\n|faint|p2a: Ogerpon\n|move|p1a: Volcarona|Quiver Dance|p1a: Volcarona\n|-boost|p1a: Volcarona|spa|1\n|-boost|p1a: Volcarona|spd|1\n|-boost|p1a: Volcarona|spe|1\n|move|p2b: Terapagos|Tera Starstorm|p1b: Miraidon|[spread] p1a,p1b\n|-damage|p1a: Volcarona|78/100\n|-damage|p1b: Miraidon|70/100\n|\n|-heal|p1a: Volcarona|85/100|[from] item: Leftovers\n|upkeep\n|\n|t:|1773426147\n|switch|p2a: Sinistcha|Sinistcha-Masterpiece, L50|25/100 par\n|-heal|p2b: Terapagos|100/100|[from] ability: Hospitality|[of] p2a: Sinistcha\n|turn|7\n|\n|t:|1773426154\n|move|p2a: Sinistcha|Protect|p2a: Sinistcha\n|-singleturn|p2a: Sinistcha|Protect\n|move|p1a: Volcarona|Struggle Bug|p2b: Terapagos|[spread] p2b\n|-activate|p2a: Sinistcha|move: Protect\n|-damage|p2b: Terapagos|92/100\n|-unboost|p2b: Terapagos|spa|1\n|move|p1b: Miraidon|Draco Meteor|p2a: Sinistcha\n|-activate|p2a: Sinistcha|move: Protect\n|move|p2b: Terapagos|Tera Starstorm|p1a: Volcarona|[spread] p1a,p1b\n|-damage|p1a: Volcarona|70/100\n|-damage|p1b: Miraidon|50/100\n|\n|-heal|p1a: Volcarona|77/100|[from] item: Leftovers\n|upkeep\n|turn|8\n|\n|t:|1773426164\n|move|p2a: Sinistcha|Protect||[still]\n|-fail|p2a: Sinistcha\n|move|p1a: Volcarona|Struggle Bug|p2a: Sinistcha|[spread] p2a,p2b\n|-damage|p2a: Sinistcha|0 fnt\n|-damage|p2b: Terapagos|84/100\n|-unboost|p2b: Terapagos|spa|1\n|faint|p2a: Sinistcha\n|move|p1b: Miraidon|Draco Meteor|p2b: Terapagos\n|-damage|p2b: Terapagos|69/100\n|-unboost|p1b: Miraidon|spa|2\n|move|p2b: Terapagos|Tera Starstorm|p1b: Miraidon|[spread] p1a,p1b\n|-damage|p1a: Volcarona|66/100\n|-damage|p1b: Miraidon|37/100\n|\n|-heal|p1a: Volcarona|72/100|[from] item: Leftovers\n|-sideend|p1: skibidigroudon187|move: Light Screen\n|upkeep\n|turn|9\n|\n|t:|1773426174\n|switch|p1b: Grimmsnarl|Grimmsnarl, L50, M|100/100\n|move|p1a: Volcarona|Quiver Dance|p1a: Volcarona\n|-boost|p1a: Volcarona|spa|1\n|-boost|p1a: Volcarona|spd|1\n|-boost|p1a: Volcarona|spe|1\n|move|p2b: Terapagos|Tera Starstorm|p1a: Volcarona|[spread] p1a,p1b\n|-damage|p1a: Volcarona|61/100\n|-damage|p1b: Grimmsnarl|80/100\n|\n|-heal|p1a: Volcarona|68/100|[from] item: Leftovers\n|upkeep\n|turn|10\n|\n|t:|1773426179\n|move|p1b: Grimmsnarl|Thunder Wave|p2b: Terapagos\n|-status|p2b: Terapagos|par\n|move|p1a: Volcarona|Flamethrower|p2b: Terapagos\n|-damage|p2b: Terapagos|42/100 par\n|move|p2b: Terapagos|Tera Starstorm|p1b: Grimmsnarl|[spread] p1a,p1b\n|-damage|p1a: Volcarona|57/100\n|-damage|p1b: Grimmsnarl|59/100\n|\n|-heal|p1a: Volcarona|64/100|[from] item: Leftovers\n|upkeep\n|turn|11\n|-message|PATRIOTS_VG forfeited.\n|\n|win|skibidigroudon187\n|raw|skibidigroudon187's rating: 1151 &rarr; <strong>1183</strong><br />(+32 for winning)\n|raw|PATRIOTS_VG's rating: 1256 &rarr; <strong>1224</strong><br />(-32 for losing)\n|l|\u2606PATRIOTS_VG\n|player|p2|\n","uploadtime":1773426199,"views":16,"formatid":"gen9vgc2026regi","rating":1183,"private":0,"password":null}