{"id":"gen9vgc2026regi-2535298670","format":"[Gen 9] VGC 2026 Reg I","players":["j0l0k0","Erp_01"],"log":"|j|\u2606j0l0k0\n|j|\u2606Erp_01\n|t:|1770547255\n|gametype|doubles\n|player|p1|j0l0k0|brycen|1420\n|player|p2|Erp_01|harlequin|1352\n|gen|9\n|tier|[Gen 9] VGC 2026 Reg I\n|rated|\n|rule|Species Clause: Limit one of each Pok\u00e9mon\n|rule|Item Clause: Limit 1 of each item\n|clearpoke\n|poke|p1|Calyrex-Ice, L50|\n|poke|p1|Kyogre, L50|\n|poke|p1|Indeedee-F, L50, F|\n|poke|p1|Urshifu-*, L50, F|\n|poke|p1|Amoonguss, L50, F|\n|poke|p1|Landorus, L50, M|\n|poke|p2|Koraidon, L50|\n|poke|p2|Flutter Mane, L50|\n|poke|p2|Roaring Moon, L50|\n|poke|p2|Terapagos, L50, M|\n|poke|p2|Chi-Yu, L50|\n|poke|p2|Brute Bonnet, L50|\n|teampreview|4\n|inactive|Battle timer is ON: inactive players will automatically lose when time's up. (requested by j0l0k0)\n|j| cutieillunie\n|inactive|Erp_01 has 60 seconds left.\n|\n|t:|1770547305\n|teamsize|p1|4\n|teamsize|p2|4\n|start\n|switch|p1a: Indeedee|Indeedee-F, L50, F, shiny|100/100\n|switch|p1b: Calyrex|Calyrex-Ice, L50|100/100\n|switch|p2a: Roaring Moon|Roaring Moon, L50|100/100\n|switch|p2b: Terapagos|Terapagos, L50, M|100/100\n|-activate|p2b: Terapagos|ability: Tera Shift\n|detailschange|p2b: Terapagos|Terapagos-Terastal, L50, M\n|-heal|p2b: Terapagos|100/100|[silent]\n|-ability|p1b: Calyrex|As One\n|-ability|p1b: Calyrex|Unnerve\n|-fieldstart|move: Psychic Terrain|[from] ability: Psychic Surge|[of] p1a: Indeedee\n|-enditem|p2a: Roaring Moon|Booster Energy\n|-activate|p2a: Roaring Moon|ability: Protosynthesis|[fromitem]\n|-start|p2a: Roaring Moon|protosynthesisspe\n|turn|1\n|\n|t:|1770547322\n|-terastallize|p2b: Terapagos|Stellar\n|detailschange|p2b: Terapagos|Terapagos-Stellar, L50, M, tera:Stellar\n|-heal|p2b: Terapagos|100/100|[silent]\n|-ability|p2b: Terapagos|Teraform Zero\n|-fieldend|move: Psychic Terrain\n|move|p1a: Indeedee|Follow Me|p1a: Indeedee\n|-singleturn|p1a: Indeedee|move: Follow Me\n|move|p2a: Roaring Moon|Knock Off|p1a: Indeedee\n|-supereffective|p1a: Indeedee\n|-damage|p1a: Indeedee|0 fnt\n|-enditem|p1a: Indeedee|Safety Goggles|[from] move: Knock Off|[of] p2a: Roaring Moon\n|faint|p1a: Indeedee\n|move|p2b: Terapagos|Meteor Beam||[still]\n|-prepare|p2b: Terapagos|Meteor Beam\n|-boost|p2b: Terapagos|spa|1\n|-enditem|p2b: Terapagos|Power Herb\n|-anim|p2b: Terapagos|Meteor Beam|p1b: Calyrex\n|-supereffective|p1b: Calyrex\n|-damage|p1b: Calyrex|0 fnt\n|faint|p1b: Calyrex\n|\n|upkeep\n|\n|t:|1770547335\n|switch|p1a: Kyogre|Kyogre, L50, shiny|100/100\n|switch|p1b: Urshifu|Urshifu, L50, F|100/100\n|-weather|RainDance|[from] ability: Drizzle|[of] p1a: Kyogre\n|turn|2\n|\n|t:|1770547348\n|move|p2a: Roaring Moon|Tailwind|p2a: Roaring Moon\n|-sidestart|p2: Erp_01|move: Tailwind\n|move|p2b: Terapagos|Tera Starstorm|p1a: Kyogre|[spread] p1a,p1b\n|-damage|p1a: Kyogre|75/100\n|-damage|p1b: Urshifu|18/100\n|move|p1b: Urshifu|Close Combat|p2b: Terapagos\n|-supereffective|p2b: Terapagos\n|-damage|p2b: Terapagos|13/100\n|-unboost|p1b: Urshifu|def|1\n|-unboost|p1b: Urshifu|spd|1\n|move|p1a: Kyogre|Ice Beam|p2a: Roaring Moon\n|-supereffective|p2a: Roaring Moon\n|-damage|p2a: Roaring Moon|27/100\n|\n|-weather|RainDance|[upkeep]\n|upkeep\n|turn|3\n|\n|t:|1770547367\n|move|p2b: Terapagos|Protect|p2b: Terapagos\n|-singleturn|p2b: Terapagos|Protect\n|move|p1b: Urshifu|Protect|p1b: Urshifu\n|-singleturn|p1b: Urshifu|Protect\n|move|p2a: Roaring Moon|Acrobatics|p1b: Urshifu\n|-activate|p1b: Urshifu|move: Protect\n|move|p1a: Kyogre|Ice Beam|p2b: Terapagos\n|-activate|p2b: Terapagos|move: Protect\n|\n|-weather|RainDance|[upkeep]\n|upkeep\n|turn|4\n|\n|t:|1770547378\n|move|p2a: Roaring Moon|Acrobatics|p1b: Urshifu\n|-supereffective|p1b: Urshifu\n|-damage|p1b: Urshifu|0 fnt\n|faint|p1b: Urshifu\n|move|p2b: Terapagos|Tera Starstorm|p1a: Kyogre\n|-damage|p1a: Kyogre|45/100\n|move|p1a: Kyogre|Ice Beam|p2b: Terapagos\n|-damage|p2b: Terapagos|0 fnt\n|faint|p2b: Terapagos\n|detailschange|p2: Terapagos|Terapagos, L50, M|[silent]\n|\n|-weather|RainDance|[upkeep]\n|upkeep\n|\n|t:|1770547389\n|switch|p2b: Chi-Yu|Chi-Yu, L50|100/100\n|-ability|p2b: Chi-Yu|Beads of Ruin\n|turn|5\n|\n|t:|1770547394\n|move|p2a: Roaring Moon|Knock Off|p1a: Kyogre\n|-damage|p1a: Kyogre|0 fnt\n|-enditem|p1a: Kyogre|Assault Vest|[from] move: Knock Off|[of] p2a: Roaring Moon\n|faint|p1a: Kyogre\n|\n|win|Erp_01\n|raw|j0l0k0's rating: 1420 &rarr; <strong>1396</strong><br />(-24 for losing)\n|raw|Erp_01's rating: 1352 &rarr; <strong>1376</strong><br />(+24 for winning)\n|l|\u2606j0l0k0\n|player|p1|\n|l|\u2606Erp_01\n|player|p2|\n|l| cutieillunie\n","uploadtime":1770547658,"views":12,"formatid":"gen9vgc2026regi","rating":1376,"private":0,"password":null}