{"id":"gen9vgc2026regi-2568800002","format":"[Gen 9] VGC 2026 Reg I","players":["lattewave","Binky11"],"log":"|j|\u2606lattewave\n|j|\u2606Binky11\n|t:|1774623976\n|gametype|doubles\n|player|p1|lattewave|sisandbro|1453\n|player|p2|Binky11|miku-ice|1528\n|gen|9\n|tier|[Gen 9] VGC 2026 Reg I\n|rated|\n|rule|Species Clause: Limit one of each Pok\u00e9mon\n|rule|Item Clause: Limit 1 of each item\n|clearpoke\n|poke|p1|Terapagos, L50, M|\n|poke|p1|Ogerpon-Wellspring, L50, F|\n|poke|p1|Toxapex, L50, F|\n|poke|p1|Ditto, L50|\n|poke|p1|Gouging Fire, L50|\n|poke|p1|Zacian-*, L50|\n|poke|p2|Kyogre, L50|\n|poke|p2|Necrozma-Dusk-Mane, L50|\n|poke|p2|Amoonguss, L50, M|\n|poke|p2|Iron Jugulis, L50|\n|poke|p2|Raging Bolt, L50|\n|poke|p2|Urshifu-*, L50, F|\n|teampreview|4\n|inactive|Battle timer is ON: inactive players will automatically lose when time's up. (requested by lattewave)\n|inactive|lattewave has 60 seconds left.\n|\n|t:|1774624020\n|teamsize|p1|4\n|teamsize|p2|4\n|start\n|switch|p1a: Terapagos|Terapagos, L50, M|100/100\n|switch|p1b: Zacian|Zacian-Crowned, L50|100/100\n|switch|p2a: Kyogre|Kyogre, L50|100/100\n|switch|p2b: Iron Jugulis|Iron Jugulis, L50|100/100\n|-activate|p1a: Terapagos|ability: Tera Shift\n|detailschange|p1a: Terapagos|Terapagos-Terastal, L50, M\n|-heal|p1a: Terapagos|100/100|[silent]\n|-ability|p1b: Zacian|Intrepid Sword|boost\n|-boost|p1b: Zacian|atk|1\n|-weather|RainDance|[from] ability: Drizzle|[of] p2a: Kyogre\n|-enditem|p2b: Iron Jugulis|Booster Energy\n|-activate|p2b: Iron Jugulis|ability: Quark Drive|[fromitem]\n|-start|p2b: Iron Jugulis|quarkdrivespe\n|turn|1\n|\n|t:|1774624041\n|-terastallize|p1a: Terapagos|Stellar\n|detailschange|p1a: Terapagos|Terapagos-Stellar, L50, M, tera:Stellar\n|-heal|p1a: Terapagos|100/100|[silent]\n|-ability|p1a: Terapagos|Teraform Zero\n|-weather|none\n|move|p2b: Iron Jugulis|Tailwind|p2b: Iron Jugulis\n|-sidestart|p2: Binky11|move: Tailwind\n|move|p2a: Kyogre|Water Spout|p1b: Zacian|[spread] p1a,p1b\n|-damage|p1a: Terapagos|51/100\n|-damage|p1b: Zacian|32/100\n|move|p1b: Zacian|Play Rough|p2a: Kyogre\n|-damage|p2a: Kyogre|29/100\n|move|p1a: Terapagos|Tera Starstorm|p2b: Iron Jugulis|[spread] p2a,p2b\n|-damage|p2a: Kyogre|0 fnt\n|-damage|p2b: Iron Jugulis|44/100\n|faint|p2a: Kyogre\n|\n|upkeep\n|\n|t:|1774624059\n|switch|p2a: Necrozma|Necrozma-Dusk-Mane, L50|100/100\n|turn|2\n|\n|t:|1774624073\n|move|p2b: Iron Jugulis|Snarl|p1a: Terapagos|[spread] p1a,p1b\n|-resisted|p1b: Zacian\n|-damage|p1a: Terapagos|41/100\n|-damage|p1b: Zacian|25/100\n|-unboost|p1a: Terapagos|spa|1\n|-unboost|p1b: Zacian|spa|1\n|move|p2a: Necrozma|Sunsteel Strike|p1a: Terapagos\n|-damage|p1a: Terapagos|2/100\n|move|p1b: Zacian|Sacred Sword|p2a: Necrozma\n|-damage|p2a: Necrozma|68/100\n|move|p1a: Terapagos|Tera Starstorm|p2b: Iron Jugulis|[spread] p2a,p2b\n|-damage|p2a: Necrozma|37/100\n|-damage|p2b: Iron Jugulis|6/100\n|\n|upkeep\n|turn|3\n|inactive|lattewave has 30 seconds left.\n|\n|t:|1774624103\n|move|p2b: Iron Jugulis|Snarl|p1b: Zacian|[spread] p1a,p1b\n|-resisted|p1b: Zacian\n|-damage|p1a: Terapagos|0 fnt\n|-damage|p1b: Zacian|19/100\n|-unboost|p1b: Zacian|spa|1\n|faint|p1a: Terapagos\n|detailschange|p1: Terapagos|Terapagos, L50, M|[silent]\n|move|p2a: Necrozma|Sunsteel Strike|p1b: Zacian\n|-damage|p1b: Zacian|0 fnt\n|faint|p1b: Zacian\n|\n|upkeep\n|\n|t:|1774624106\n|switch|p1b: Ogerpon|Ogerpon-Wellspring, L50, F|100/100\n|switch|p1a: Gouging Fire|Gouging Fire, L50|100/100\n|-enditem|p1a: Gouging Fire|Booster Energy\n|-activate|p1a: Gouging Fire|ability: Protosynthesis|[fromitem]\n|-start|p1a: Gouging Fire|protosynthesisspe\n|turn|4\n|j| Hao_poke\n|\n|t:|1774624116\n|-terastallize|p2a: Necrozma|Grass\n|move|p1a: Gouging Fire|Burning Bulwark|p1a: Gouging Fire\n|-singleturn|p1a: Gouging Fire|move: Protect\n|move|p1b: Ogerpon|Spiky Shield|p1b: Ogerpon\n|-singleturn|p1b: Ogerpon|move: Protect\n|move|p2b: Iron Jugulis|Hurricane|p1b: Ogerpon\n|-activate|p1b: Ogerpon|move: Protect\n|move|p2a: Necrozma|Trick Room|p2a: Necrozma\n|-fieldstart|move: Trick Room|[of] p2a: Necrozma\n|\n|-sideend|p2: Binky11|move: Tailwind\n|upkeep\n|turn|5\n|\n|t:|1774624130\n|move|p2a: Necrozma|Protect|p2a: Necrozma\n|-singleturn|p2a: Necrozma|Protect\n|move|p1b: Ogerpon|Ivy Cudgel|p2b: Iron Jugulis|[anim] Ivy Cudgel Water\n|-damage|p2b: Iron Jugulis|0 fnt\n|faint|p2b: Iron Jugulis\n|-end|p2b: Iron Jugulis|Quark Drive|[silent]\n|move|p1a: Gouging Fire|Flare Blitz|p2a: Necrozma\n|-activate|p2a: Necrozma|move: Protect\n|\n|upkeep\n|\n|t:|1774624135\n|switch|p2b: Amoonguss|Amoonguss, L50, M|100/100\n|turn|6\n|\n|t:|1774624152\n|move|p2b: Amoonguss|Rage Powder|p2b: Amoonguss\n|-singleturn|p2b: Amoonguss|move: Rage Powder\n|move|p1b: Ogerpon|Follow Me|p1b: Ogerpon\n|-singleturn|p1b: Ogerpon|move: Follow Me\n|move|p2a: Necrozma|Photon Geyser|p1b: Ogerpon\n|-damage|p1b: Ogerpon|37/100\n|move|p1a: Gouging Fire|Flare Blitz|p2b: Amoonguss\n|-supereffective|p2b: Amoonguss\n|-damage|p2b: Amoonguss|17/100\n|-damage|p1a: Gouging Fire|84/100|[from] item: Rocky Helmet|[of] p2b: Amoonguss\n|-damage|p1a: Gouging Fire|54/100|[from] Recoil\n|\n|upkeep\n|turn|7\n|inactive|Binky11 has 30 seconds left.\n|\n|t:|1774624178\n|move|p1b: Ogerpon|Spiky Shield|p1b: Ogerpon\n|-singleturn|p1b: Ogerpon|move: Protect\n|move|p1a: Gouging Fire|Burning Bulwark|p1a: Gouging Fire\n|-singleturn|p1a: Gouging Fire|move: Protect\n|move|p2b: Amoonguss|Pollen Puff|p2a: Necrozma\n|-heal|p2a: Necrozma|87/100\n|move|p2a: Necrozma|Photon Geyser|p1b: Ogerpon\n|-activate|p1b: Ogerpon|move: Protect\n|\n|upkeep\n|turn|8\n|\n|t:|1774624187\n|move|p2b: Amoonguss|Rage Powder|p2b: Amoonguss\n|-singleturn|p2b: Amoonguss|move: Rage Powder\n|move|p1b: Ogerpon|Follow Me|p1b: Ogerpon\n|-singleturn|p1b: Ogerpon|move: Follow Me\n|move|p2a: Necrozma|Photon Geyser|p1b: Ogerpon\n|-damage|p1b: Ogerpon|0 fnt\n|faint|p1b: Ogerpon\n|move|p1a: Gouging Fire|Flare Blitz|p2b: Amoonguss\n|-supereffective|p2b: Amoonguss\n|-damage|p2b: Amoonguss|0 fnt\n|-damage|p1a: Gouging Fire|38/100|[from] item: Rocky Helmet|[of] p2b: Amoonguss\n|faint|p2b: Amoonguss\n|-damage|p1a: Gouging Fire|31/100|[from] Recoil\n|\n|-fieldend|move: Trick Room\n|upkeep\n|turn|9\n|\n|t:|1774624197\n|move|p1a: Gouging Fire|Flare Blitz|p2a: Necrozma\n|-supereffective|p2a: Necrozma\n|-damage|p2a: Necrozma|32/100\n|-damage|p1a: Gouging Fire|13/100|[from] Recoil\n|move|p2a: Necrozma|Photon Geyser|p1a: Gouging Fire\n|-damage|p1a: Gouging Fire|0 fnt\n|faint|p1a: Gouging Fire\n|-end|p1a: Gouging Fire|Protosynthesis|[silent]\n|\n|win|Binky11\n|raw|lattewave's rating: 1453 &rarr; <strong>1437</strong><br />(-16 for losing)\n|raw|Binky11's rating: 1528 &rarr; <strong>1544</strong><br />(+16 for winning)\n|l|\u2606Binky11\n|player|p2|\n|l| Hao_poke\n","uploadtime":1774624449,"views":21,"formatid":"gen9vgc2026regi","rating":1437,"private":0,"password":null}