{"id":"gen9vgc2026regi-2570204916","format":"[Gen 9] VGC 2026 Reg I","players":["Esiolamondhax","dasabe\u76d6\u6b27\u5361\u4fa0"],"log":"|j|\u2606Esiolamondhax\n|j|\u2606dasabe\u76d6\u6b27\u5361\u4fa0\n|t:|1774788277\n|gametype|doubles\n|player|p1|Esiolamondhax|aromalady-gen3rs|\n|player|p2|dasabe\u76d6\u6b27\u5361\u4fa0|may-masters4|\n|gen|9\n|tier|[Gen 9] VGC 2026 Reg I\n|rule|Species Clause: Limit one of each Pok\u00e9mon\n|rule|Item Clause: Limit 1 of each item\n|clearpoke\n|poke|p1|Necrozma-Dusk-Mane, L50|\n|poke|p1|Grimmsnarl, L50, M|\n|poke|p1|Incineroar, L50, F|\n|poke|p1|Ogerpon-Wellspring, L50, F|\n|poke|p1|Calyrex-Shadow, L50|\n|poke|p1|Indeedee-F, L50, F|\n|poke|p2|Calyrex-Ice, L50|\n|poke|p2|Kyogre, L50|\n|poke|p2|Landorus, L50, M|\n|poke|p2|Tornadus, L50, M|\n|poke|p2|Urshifu-*, L50, M|\n|poke|p2|Farigiraf, L50, F|\n|teampreview|4\n|j| RanRaneatswhat\n|c| RanRaneatswhat|\ud83d\udc40\n|c|\u2606Esiolamondhax|\u8fd9\u5c31\u662f\u90a3\u4e2a\u795e\u79d8\u9aa1\u5b50\u9a6c\n|c|\u2606Esiolamondhax|\u8d62\u4e86\u7ed9\u827e\u683c\u770b\n|j| QVQ\u6c34\u83b2Lana\n|c|\u2606dasabe\u76d6\u6b27\u5361\u4fa0|\u8d62\u4e0d\u4e86\u7684\n|\n|t:|1774788346\n|teamsize|p1|4\n|teamsize|p2|4\n|start\n|switch|p1a: Calyrex|Calyrex-Shadow, L50|100/100\n|switch|p1b: Indeedee|Indeedee-F, L50, F|100/100\n|switch|p2a: \u6210\u90fd\u8001\u76d6|Kyogre, L50|100/100\n|switch|p2b: \u4e09\u811a\u51fa\u6ed1|Urshifu-Rapid-Strike, L50, M|100/100\n|-ability|p1a: Calyrex|As One\n|-ability|p1a: Calyrex|Unnerve\n|-weather|RainDance|[from] ability: Drizzle|[of] p2a: \u6210\u90fd\u8001\u76d6\n|-fieldstart|move: Psychic Terrain|[from] ability: Psychic Surge|[of] p1b: Indeedee\n|turn|1\n|c|\u2606Esiolamondhax|\u81ea\u5df1\u8fdb\u7262\u5750.jpg\n|\n|t:|1774788408\n|switch|p1b: Ogerpon|Ogerpon-Wellspring, L50, F|100/100\n|move|p2b: \u4e09\u811a\u51fa\u6ed1|Surging Strikes|p1a: Calyrex\n|-crit|p1a: Calyrex\n|-damage|p1a: Calyrex|62/100\n|-crit|p1a: Calyrex\n|-damage|p1a: Calyrex|23/100\n|-crit|p1a: Calyrex\n|-damage|p1a: Calyrex|0 fnt\n|faint|p1a: Calyrex\n|-hitcount|p1: Calyrex|3\n|move|p2a: \u6210\u90fd\u8001\u76d6|Origin Pulse|p1b: Ogerpon\n|-immune|p1b: Ogerpon|[from] ability: Water Absorb\n|\n|-weather|RainDance|[upkeep]\n|upkeep\n|c|\u2606Esiolamondhax|huh\n|\n|t:|1774788426\n|switch|p1a: Necrozma|Necrozma-Dusk-Mane, L50|100/100\n|turn|2\n|c|\u2606dasabe\u76d6\u6b27\u5361\u4fa0|\u54c8\u54c8\u54c8\n|c|\u2606Esiolamondhax|\u7b11\ud83e\udd5a\ud83d\ude21\n|c| QVQ\u6c34\u83b2Lana|\u76d6\u6b27\u5361\u6700\u4e25\u5389\u7684\u6bcd\u4eb2\uff08\n|c| QVQ\u6c34\u83b2Lana|\u692a\n|c|\u2606dasabe\u76d6\u6b27\u5361\u4fa0|\u5e7d\u9ed8\u5948\u5179\n|\n|t:|1774788451\n|switch|p2b: \u5c0f\u5934\u63a7\u5927\u5934|Farigiraf, L50, F, shiny|100/100\n|move|p1b: Ogerpon|Follow Me|p1b: Ogerpon\n|-singleturn|p1b: Ogerpon|move: Follow Me\n|move|p2a: \u6210\u90fd\u8001\u76d6|Origin Pulse|p1a: Necrozma|[spread] p1a\n|-immune|p1b: Ogerpon|[from] ability: Water Absorb\n|-damage|p1a: Necrozma|35/100\n|move|p1a: Necrozma|Photon Geyser|p2b: \u5c0f\u5934\u63a7\u5927\u5934\n|-resisted|p2b: \u5c0f\u5934\u63a7\u5927\u5934\n|-damage|p2b: \u5c0f\u5934\u63a7\u5927\u5934|65/100\n|\n|-weather|RainDance|[upkeep]\n|upkeep\n|turn|3\n|c| RanRaneatswhat|\u5948\u5179\n|c|\u2606Esiolamondhax|\u60e8\u4e0d\u5fcd\u7779\n|\n|t:|1774788475\n|switch|p2a: \u4e09\u811a\u51fa\u6ed1|Urshifu-Rapid-Strike, L50, M|100/100\n|move|p1b: Ogerpon|Horn Leech|p2a: \u4e09\u811a\u51fa\u6ed1\n|-supereffective|p2a: \u4e09\u811a\u51fa\u6ed1\n|-damage|p2a: \u4e09\u811a\u51fa\u6ed1|25/100\n|move|p1a: Necrozma|Sunsteel Strike|p2b: \u5c0f\u5934\u63a7\u5927\u5934\n|-damage|p2b: \u5c0f\u5934\u63a7\u5927\u5934|4/100\n|move|p2b: \u5c0f\u5934\u63a7\u5927\u5934|Foul Play|p1a: Necrozma\n|-supereffective|p1a: Necrozma\n|-damage|p1a: Necrozma|0 fnt\n|faint|p1a: Necrozma\n|\n|-weather|RainDance|[upkeep]\n|upkeep\n|\n|t:|1774788485\n|switch|p1a: Indeedee|Indeedee-F, L50, F|100/100\n|turn|4\n|c|\u2606dasabe\u76d6\u6b27\u5361\u4fa0|\u54c8\u54c8\u54c8\n|c|\u2606dasabe\u76d6\u6b27\u5361\u4fa0|\u592a\u597d\u73a9\u4e86\n|\n|t:|1774788529\n|move|p1b: Ogerpon|Follow Me|p1b: Ogerpon\n|-singleturn|p1b: Ogerpon|move: Follow Me\n|move|p2a: \u4e09\u811a\u51fa\u6ed1|Close Combat|p1b: Ogerpon\n|-damage|p1b: Ogerpon|32/100\n|-unboost|p2a: \u4e09\u811a\u51fa\u6ed1|def|1\n|-unboost|p2a: \u4e09\u811a\u51fa\u6ed1|spd|1\n|move|p2b: \u5c0f\u5934\u63a7\u5927\u5934|Hyper Voice|p1b: Ogerpon|[spread] p1a,p1b\n|-damage|p1a: Indeedee|75/100\n|-damage|p1b: Ogerpon|4/100\n|-enditem|p2b: \u5c0f\u5934\u63a7\u5927\u5934|Throat Spray\n|-boost|p2b: \u5c0f\u5934\u63a7\u5927\u5934|spa|1|[from] item: Throat Spray\n|move|p1a: Indeedee|Trick Room|p1a: Indeedee\n|-fieldstart|move: Trick Room|[of] p1a: Indeedee\n|\n|-weather|RainDance|[upkeep]\n|upkeep\n|turn|5\n|\n|t:|1774788540\n|move|p2b: \u5c0f\u5934\u63a7\u5927\u5934|Hyper Voice|p1a: Indeedee|[spread] p1a,p1b\n|-damage|p1a: Indeedee|37/100\n|-damage|p1b: Ogerpon|0 fnt\n|faint|p1b: Ogerpon\n|move|p1a: Indeedee|Psychic|p2b: \u5c0f\u5934\u63a7\u5927\u5934\n|-resisted|p2b: \u5c0f\u5934\u63a7\u5927\u5934\n|-crit|p2b: \u5c0f\u5934\u63a7\u5927\u5934\n|-damage|p2b: \u5c0f\u5934\u63a7\u5927\u5934|0 fnt\n|faint|p2b: \u5c0f\u5934\u63a7\u5927\u5934\n|move|p2a: \u4e09\u811a\u51fa\u6ed1|Close Combat|p1a: Indeedee\n|-damage|p1a: Indeedee|0 fnt\n|-unboost|p2a: \u4e09\u811a\u51fa\u6ed1|def|1\n|-unboost|p2a: \u4e09\u811a\u51fa\u6ed1|spd|1\n|faint|p1a: Indeedee\n|\n|win|dasabe\u76d6\u6b27\u5361\u4fa0\n|c|\u2606Esiolamondhax|\u53ef\u4ee5\n|c|\u2606Esiolamondhax|\u6709\u7406\u7531\u4e0d\u73a9\u8fd9\u7834\u961f\u4e86\n|c|\u2606dasabe\u76d6\u6b27\u5361\u4fa0|\u786e\u5b9e\n|c| QVQ\u6c34\u83b2Lana|\u96c0\u98df\uff08\n|c| RanRaneatswhat|\u5151\n","uploadtime":1774788568,"views":19,"formatid":"gen9vgc2026regi","rating":null,"private":0,"password":null}