{"id":"gen9vgc2026regi-2559677901","format":"[Gen 9] VGC 2026 Reg I","players":["Unserious Drew","shecallmedada"],"log":"|j|\u2606Unserious Drew\n|j|\u2606shecallmedada\n|t:|1773598834\n|gametype|doubles\n|player|p1|Unserious Drew|170|1136\n|player|p2|shecallmedada|burglar-gen1rb|1154\n|gen|9\n|tier|[Gen 9] VGC 2026 Reg I\n|rated|\n|rule|Species Clause: Limit one of each Pok\u00e9mon\n|rule|Item Clause: Limit 1 of each item\n|clearpoke\n|poke|p1|Lunala, L50|\n|poke|p1|Typhlosion-Hisui, L50, M|\n|poke|p1|Ninetales-Alola, L50, M|\n|poke|p1|Farigiraf, L50, M|\n|poke|p1|Zekrom, L50|\n|poke|p1|Copperajah, L50, F|\n|poke|p2|Dondozo, L50, F|\n|poke|p2|Calyrex-Ice, L50|\n|poke|p2|Weezing-Galar, L50, M|\n|poke|p2|Miraidon, L50|\n|poke|p2|Tatsugiri-Droopy, L50, F|\n|poke|p2|Iron Hands, L50|\n|teampreview|4\n|inactive|Battle timer is ON: inactive players will automatically lose when time's up. (requested by shecallmedada)\n|\n|t:|1773598893\n|teamsize|p1|4\n|teamsize|p2|4\n|start\n|switch|p1a: Copperajah|Copperajah, L50, F|100/100\n|switch|p1b: Lunala|Lunala, L50|100/100\n|switch|p2a: Weezing|Weezing-Galar, L50, M|100/100\n|switch|p2b: Ao Shin|Miraidon, L50|100/100\n|-ability|p2a: Weezing|Neutralizing Gas\n|-block|p2b: Ao Shin|item: Ability Shield\n|-fieldstart|move: Electric Terrain|[from] ability: Hadron Engine|[of] p2b: Ao Shin\n|turn|1\n|inactive|shecallmedada has 30 seconds left.\n|inactive|shecallmedada has 20 seconds left.\n|\n|t:|1773598931\n|move|p2b: Ao Shin|Electro Drift|p1b: Lunala\n|-damage|p1b: Lunala|37/100\n|move|p1b: Lunala|Meteor Beam||[still]\n|-prepare|p1b: Lunala|Meteor Beam\n|-boost|p1b: Lunala|spa|1\n|-enditem|p1b: Lunala|Power Herb\n|-anim|p1b: Lunala|Meteor Beam|p2b: Ao Shin|[miss]\n|-miss|p1b: Lunala|p2b: Ao Shin\n|move|p2a: Weezing|Toxic Spikes|p1b: Lunala\n|-sidestart|p1: Unserious Drew|move: Toxic Spikes\n|move|p1a: Copperajah|Heavy Slam|p2a: Weezing\n|-supereffective|p2a: Weezing\n|-damage|p2a: Weezing|0 fnt\n|-damage|p1a: Copperajah|84/100|[from] item: Rocky Helmet|[of] p2a: Weezing\n|faint|p2a: Weezing\n|-end|p2a: Weezing|ability: Neutralizing Gas\n|-damage|p1a: Copperajah|74/100|[from] item: Life Orb\n|\n|upkeep\n|\n|t:|1773598951\n|switch|p2a: Sheist|Dondozo, L50, F|100/100\n|turn|2\n|\n|t:|1773598971\n|move|p2b: Ao Shin|Volt Switch|p1b: Lunala\n|-damage|p1b: Lunala|0 fnt\n|faint|p1b: Lunala\n|\n|t:|1773598976\n|switch|p2b: Raw|Tatsugiri-Droopy, L50, F|100/100|[from] Volt Switch\n|-activate|p2b: Raw|ability: Commander|[of] p2a: Sheist\n|-boost|p2a: Sheist|atk|2\n|-boost|p2a: Sheist|spa|2\n|-boost|p2a: Sheist|spe|2\n|-boost|p2a: Sheist|def|2\n|-boost|p2a: Sheist|spd|2\n|move|p2a: Sheist|Order Up|p1a: Copperajah\n|-resisted|p1a: Copperajah\n|-damage|p1a: Copperajah|54/100\n|-boost|p2a: Sheist|def|1\n|move|p1a: Copperajah|Earthquake|p2b: Raw|[spread] p2a\n|-miss|p1a: Copperajah|p2b: Raw\n|-damage|p2a: Sheist|90/100\n|-damage|p1a: Copperajah|44/100|[from] item: Life Orb\n|\n|-heal|p2a: Sheist|96/100|[from] item: Leftovers\n|upkeep\n|\n|t:|1773598999\n|switch|p1b: Zekrom|Zekrom, L50|100/100\n|-status|p1b: Zekrom|psn\n|-ability|p1b: Zekrom|Teravolt\n|turn|3\n|\n|t:|1773599009\n|-terastallize|p2a: Sheist|Grass\n|move|p2a: Sheist|Order Up|p1b: Zekrom\n|-supereffective|p1b: Zekrom\n|-damage|p1b: Zekrom|43/100 psn\n|-boost|p2a: Sheist|def|1\n|move|p1b: Zekrom|Fusion Bolt|p2a: Sheist\n|-resisted|p2a: Sheist\n|-damage|p2a: Sheist|82/100\n|move|p1a: Copperajah|Knock Off|p2a: Sheist\n|-damage|p2a: Sheist|71/100\n|-enditem|p2a: Sheist|Leftovers|[from] move: Knock Off|[of] p1a: Copperajah\n|-damage|p1a: Copperajah|35/100|[from] item: Life Orb\n|\n|-damage|p1b: Zekrom|30/100 psn|[from] psn\n|upkeep\n|turn|4\n|\n|t:|1773599032\n|switch|p1a: Farigiraf|Farigiraf, L50, M|100/100\n|-status|p1a: Farigiraf|psn\n|move|p2a: Sheist|Earthquake|p1b: Zekrom|[spread] p1a,p1b\n|-miss|p2a: Sheist|p2b: Raw\n|-supereffective|p1b: Zekrom\n|-damage|p1a: Farigiraf|62/100 psn\n|-damage|p1b: Zekrom|0 fnt\n|faint|p1b: Zekrom\n|\n|-damage|p1a: Farigiraf|49/100 psn|[from] psn\n|upkeep\n|\n|t:|1773599042\n|switch|p1b: Copperajah|Copperajah, L50, F|35/100\n|turn|5\n|\n|t:|1773599056\n|move|p1b: Copperajah|Protect|p1b: Copperajah\n|-singleturn|p1b: Copperajah|Protect\n|move|p2a: Sheist|Earthquake|p1a: Farigiraf|[spread] p1a\n|-miss|p2a: Sheist|p2b: Raw\n|-activate|p1b: Copperajah|move: Protect\n|-damage|p1a: Farigiraf|12/100 psn\n|move|p1a: Farigiraf|Thunder Wave|p2a: Sheist\n|-status|p2a: Sheist|par\n|\n|-damage|p1a: Farigiraf|0 fnt|[from] psn\n|faint|p1a: Farigiraf\n|-fieldend|move: Electric Terrain\n|upkeep\n|turn|6\n|\n|t:|1773599071\n|move|p2a: Sheist|Body Press|p1b: Copperajah\n|-supereffective|p1b: Copperajah\n|-damage|p1b: Copperajah|0 fnt\n|faint|p1b: Copperajah\n|\n|win|shecallmedada\n|raw|Unserious Drew's rating: 1136 &rarr; <strong>1112</strong><br />(-24 for losing)\n|raw|shecallmedada's rating: 1154 &rarr; <strong>1178</strong><br />(+24 for winning)\n|l|\u2606Unserious Drew\n|player|p1|\n|l|\u2606shecallmedada\n|player|p2|\n","uploadtime":1773599343,"views":10,"formatid":"gen9vgc2026regi","rating":1112,"private":0,"password":null}