{"id":"gen9vgc2026regi-2577941632","format":"[Gen 9] VGC 2026 Reg I","players":["sukaww","turtle100000000"],"log":"|j|\u2606sukaww\n|j|\u2606turtle100000000\n|t:|1775623852\n|gametype|doubles\n|player|p1|sukaww|1|1356\n|player|p2|turtle100000000|twins-gen4dp|1265\n|gen|9\n|tier|[Gen 9] VGC 2026 Reg I\n|rated|\n|rule|Species Clause: Limit one of each Pok\u00e9mon\n|rule|Item Clause: Limit 1 of each item\n|clearpoke\n|poke|p1|Calyrex-Ice, L50|\n|poke|p1|Miraidon, L50|\n|poke|p1|Iron Hands, L50|\n|poke|p1|Farigiraf, L50, F|\n|poke|p1|Ursaluna-Bloodmoon, L50, M|\n|poke|p1|Torkoal, L50, M|\n|poke|p2|Miraidon, L50|\n|poke|p2|Calyrex-Ice, L50|\n|poke|p2|Incineroar, L50, M|\n|poke|p2|Sinistcha-Masterpiece, L50|\n|poke|p2|Iron Hands, L50|\n|poke|p2|Whimsicott, L50, M|\n|teampreview|4\n|inactive|Battle timer is ON: inactive players will automatically lose when time's up. (requested by sukaww)\n|\n|t:|1775623883\n|teamsize|p1|4\n|teamsize|p2|4\n|start\n|switch|p1a: Calyrex|Calyrex-Ice, L50|100/100\n|switch|p1b: Iron Hands|Iron Hands, L50|100/100\n|switch|p2a: Miraidon|Miraidon, L50|100/100\n|switch|p2b: Incineroar|Incineroar, L50, M|100/100\n|-ability|p1a: Calyrex|As One\n|-ability|p1a: Calyrex|Unnerve\n|-fieldstart|move: Electric Terrain|[from] ability: Hadron Engine|[of] p2a: Miraidon\n|-activate|p1b: Iron Hands|ability: Quark Drive\n|-start|p1b: Iron Hands|quarkdriveatk\n|-ability|p2b: Incineroar|Intimidate|boost\n|-fail|p1a: Calyrex|unboost|[from] item: Clear Amulet|[of] p1a: Calyrex\n|-unboost|p1b: Iron Hands|atk|1\n|turn|1\n|l|\u2606turtle100000000\n|inactive|turtle100000000 disconnected and has a minute to reconnect!\n|player|p2|\n|j|\u2606turtle100000000\n|inactive|turtle100000000 reconnected and has 35 seconds left.\n|player|p2|turtle100000000|twins-gen4dp|\n|inactive|turtle100000000 has 30 seconds left.\n|\n|t:|1775623914\n|move|p2b: Incineroar|Fake Out|p1b: Iron Hands\n|-damage|p1b: Iron Hands|93/100\n|cant|p1b: Iron Hands|flinch\n|move|p2a: Miraidon|Volt Switch|p1a: Calyrex\n|-damage|p1a: Calyrex|53/100\n|\n|t:|1775623923\n|switch|p2a: Calyrex|Calyrex-Ice, L50|100/100|[from] Volt Switch\n|-ability|p2a: Calyrex|As One\n|-ability|p2a: Calyrex|Unnerve\n|move|p1a: Calyrex|Trick Room|p1a: Calyrex\n|-fieldstart|move: Trick Room|[of] p1a: Calyrex\n|\n|upkeep\n|turn|2\n|\n|t:|1775623941\n|-terastallize|p2b: Incineroar|Bug\n|move|p1b: Iron Hands|Drain Punch|p2b: Incineroar\n|-resisted|p2b: Incineroar\n|-damage|p2b: Incineroar|87/100\n|-heal|p1b: Iron Hands|98/100|[from] drain|[of] p2b: Incineroar\n|move|p1a: Calyrex|Imprison|p1a: Calyrex\n|-start|p1a: Calyrex|move: Imprison\n|move|p2b: Incineroar|Knock Off|p1a: Calyrex\n|-supereffective|p1a: Calyrex\n|-damage|p1a: Calyrex|6/100\n|-enditem|p1a: Calyrex|Clear Amulet|[from] move: Knock Off|[of] p2b: Incineroar\n|cant|p2a: Calyrex|move: Imprison|Trick Room\n|\n|upkeep\n|turn|3\n|\n|t:|1775623962\n|move|p1b: Iron Hands|Wild Charge|p2b: Incineroar\n|-damage|p2b: Incineroar|45/100\n|-damage|p1b: Iron Hands|90/100|[from] Recoil\n|move|p2a: Calyrex|High Horsepower|p1a: Calyrex\n|-damage|p1a: Calyrex|0 fnt\n|faint|p1a: Calyrex\n|-ability|p2a: Calyrex|Chilling Neigh|boost\n|-boost|p2a: Calyrex|atk|1\n|move|p2b: Incineroar|Parting Shot|p1b: Iron Hands\n|-unboost|p1b: Iron Hands|atk|1\n|-unboost|p1b: Iron Hands|spa|1\n|\n|t:|1775623973\n|switch|p2b: Miraidon|Miraidon, L50|100/100|[from] Parting Shot\n|-activate|p2b: Miraidon|ability: Hadron Engine\n|\n|upkeep\n|\n|t:|1775623976\n|switch|p1a: Torkoal|Torkoal, L50, M|100/100\n|-weather|SunnyDay|[from] ability: Drought|[of] p1a: Torkoal\n|turn|4\n|\n|t:|1775623991\n|switch|p2b: Incineroar|Incineroar, L50, M, tera:Bug|45/100\n|-ability|p2b: Incineroar|Intimidate|boost\n|-unboost|p1a: Torkoal|atk|1\n|-unboost|p1b: Iron Hands|atk|1\n|-terastallize|p1b: Iron Hands|Fighting\n|move|p2a: Calyrex|Protect|p2a: Calyrex\n|-singleturn|p2a: Calyrex|Protect\n|move|p1a: Torkoal|Eruption|p2b: Incineroar|[spread] p2b\n|-activate|p2a: Calyrex|move: Protect\n|-supereffective|p2b: Incineroar\n|-damage|p2b: Incineroar|0 fnt\n|faint|p2b: Incineroar\n|move|p1b: Iron Hands|Low Kick|p2a: Calyrex\n|-activate|p2a: Calyrex|move: Protect\n|\n|-weather|SunnyDay|[upkeep]\n|upkeep\n|inactive|turtle100000000 has 30 seconds left.\n|inactive|turtle100000000 has 20 seconds left.\n|\n|t:|1775624027\n|switch|p2b: Sinistcha|Sinistcha-Masterpiece, L50|100/100\n|turn|5\n|inactive|sukaww has 30 seconds left.\n|\n|t:|1775624054\n|move|p2a: Calyrex|Protect|p2a: Calyrex\n|-singleturn|p2a: Calyrex|Protect\n|move|p1a: Torkoal|Eruption|p2b: Sinistcha|[spread] p2b\n|-activate|p2a: Calyrex|move: Protect\n|-supereffective|p2b: Sinistcha\n|-damage|p2b: Sinistcha|0 fnt\n|faint|p2b: Sinistcha\n|move|p1b: Iron Hands|Low Kick|p2a: Calyrex\n|-activate|p2a: Calyrex|move: Protect\n|\n|-weather|SunnyDay|[upkeep]\n|-fieldend|move: Trick Room\n|-fieldend|move: Electric Terrain\n|-end|p1b: Iron Hands|Quark Drive\n|upkeep\n|\n|t:|1775624066\n|switch|p2b: Miraidon|Miraidon, L50|100/100\n|-fieldstart|move: Electric Terrain|[from] ability: Hadron Engine|[of] p2b: Miraidon\n|-activate|p1b: Iron Hands|ability: Quark Drive\n|-start|p1b: Iron Hands|quarkdrivedef\n|turn|6\n|\n|t:|1775624077\n|move|p2b: Miraidon|Electro Drift|p1a: Torkoal\n|-damage|p1a: Torkoal|0 fnt\n|faint|p1a: Torkoal\n|move|p1b: Iron Hands|Low Kick|p2a: Calyrex\n|-damage|p2a: Calyrex|76/100\n|move|p2a: Calyrex|Trick Room|p2a: Calyrex\n|-fieldstart|move: Trick Room|[of] p2a: Calyrex\n|\n|-weather|SunnyDay|[upkeep]\n|upkeep\n|\n|t:|1775624086\n|switch|p1a: Miraidon|Miraidon, L50|100/100\n|-activate|p1a: Miraidon|ability: Hadron Engine\n|turn|7\n|-message|sukaww forfeited.\n|\n|win|turtle100000000\n|raw|sukaww's rating: 1356 &rarr; <strong>1331</strong><br />(-25 for losing)\n|raw|turtle100000000's rating: 1265 &rarr; <strong>1296</strong><br />(+31 for winning)\n|l|\u2606sukaww\n|player|p1|\n|l|\u2606turtle100000000\n|player|p2|\n","uploadtime":1775624272,"views":7,"formatid":"gen9vgc2026regi","rating":1296,"private":0,"password":null}