{"id":"gen9vgc2026regi-2537290273","format":"[Gen 9] VGC 2026 Reg I","players":["Moosewii7","blackred123"],"log":"|j|\u2606Moosewii7\n|j|\u2606blackred123\n|t:|1770791753\n|gametype|doubles\n|player|p1|Moosewii7|101|1412\n|player|p2|blackred123|iono-masters|1341\n|gen|9\n|tier|[Gen 9] VGC 2026 Reg I\n|rated|\n|rule|Species Clause: Limit one of each Pok\u00e9mon\n|rule|Item Clause: Limit 1 of each item\n|clearpoke\n|poke|p1|Calyrex-Shadow, L50|\n|poke|p1|Indeedee-F, L50, F|\n|poke|p1|Kyogre, L50|\n|poke|p1|Amoonguss, L50, M|\n|poke|p1|Rillaboom, L50, F|\n|poke|p1|Clefairy, L50, F|\n|poke|p2|Incineroar, L50, M|\n|poke|p2|Miraidon, L50|\n|poke|p2|Calyrex-Ice, L50|\n|poke|p2|Urshifu-*, L50, F|\n|poke|p2|Landorus, L50, M|\n|poke|p2|Amoonguss, L50, F|\n|teampreview|4\n|inactive|Battle timer is ON: inactive players will automatically lose when time's up. (requested by blackred123)\n|inactive|blackred123 has 60 seconds left.\n|\n|t:|1770791786\n|teamsize|p1|4\n|teamsize|p2|4\n|start\n|switch|p1a: Indeedee|Indeedee-F, L50, F|100/100\n|switch|p1b: Kyogre|Kyogre, L50|100/100\n|switch|p2a: Calyrex|Calyrex-Ice, L50|100/100\n|switch|p2b: Amoonguss|Amoonguss, L50, F|100/100\n|-ability|p2a: Calyrex|As One\n|-ability|p2a: Calyrex|Unnerve\n|-weather|RainDance|[from] ability: Drizzle|[of] p1b: Kyogre\n|-fieldstart|move: Psychic Terrain|[from] ability: Psychic Surge|[of] p1a: Indeedee\n|turn|1\n|\n|t:|1770791806\n|-terastallize|p1b: Kyogre|Water\n|-terastallize|p2a: Calyrex|Water\n|move|p1a: Indeedee|Helping Hand|p1b: Kyogre\n|-singleturn|p1b: Kyogre|Helping Hand|[of] p1a: Indeedee\n|move|p1b: Kyogre|Water Spout|p2a: Calyrex|[spread] p2a,p2b\n|-resisted|p2a: Calyrex\n|-resisted|p2b: Amoonguss\n|-damage|p2a: Calyrex|37/100\n|-damage|p2b: Amoonguss|14/100\n|move|p2a: Calyrex|Leech Seed|p1b: Kyogre\n|-start|p1b: Kyogre|move: Leech Seed\n|move|p2b: Amoonguss|Spore|p1b: Kyogre\n|-status|p1b: Kyogre|slp|[from] move: Spore\n|\n|-weather|RainDance|[upkeep]\n|-heal|p2a: Calyrex|43/100|[from] item: Leftovers\n|-damage|p1b: Kyogre|88/100 slp|[from] Leech Seed|[of] p2a: Calyrex\n|-heal|p2a: Calyrex|55/100|[silent]\n|upkeep\n|turn|2\n|inactive|Moosewii7 has 30 seconds left.\n|\n|t:|1770791832\n|switch|p2b: Urshifu|Urshifu-Rapid-Strike, L50, F|100/100\n|cant|p1b: Kyogre|slp\n|move|p1a: Indeedee|Psychic|p2b: Urshifu\n|-supereffective|p2b: Urshifu\n|-enditem|p2b: Urshifu|Focus Sash\n|-damage|p2b: Urshifu|1/100\n|-unboost|p2b: Urshifu|spd|1\n|move|p2a: Calyrex|Glacial Lance|p1a: Indeedee|[spread] p1a,p1b\n|-resisted|p1b: Kyogre\n|-damage|p1a: Indeedee|45/100\n|-damage|p1b: Kyogre|60/100 slp\n|\n|-weather|RainDance|[upkeep]\n|-heal|p2a: Calyrex|60/100|[from] item: Leftovers\n|-damage|p1b: Kyogre|48/100 slp|[from] Leech Seed|[of] p2a: Calyrex\n|-heal|p2a: Calyrex|72/100|[silent]\n|upkeep\n|turn|3\n|\n|t:|1770791856\n|move|p1a: Indeedee|Follow Me|p1a: Indeedee\n|-singleturn|p1a: Indeedee|move: Follow Me\n|move|p2b: Urshifu|Surging Strikes|p1a: Indeedee\n|-crit|p1a: Indeedee\n|-damage|p1a: Indeedee|12/100\n|-damage|p2b: Urshifu|0 fnt|[from] item: Rocky Helmet|[of] p1a: Indeedee\n|faint|p2b: Urshifu\n|-hitcount|p1a: Indeedee|1\n|-curestatus|p1b: Kyogre|slp|[msg]\n|move|p1b: Kyogre|Origin Pulse|p2a: Calyrex\n|-resisted|p2a: Calyrex\n|-damage|p2a: Calyrex|24/100\n|move|p2a: Calyrex|Trick Room|p2a: Calyrex\n|-fieldstart|move: Trick Room|[of] p2a: Calyrex\n|\n|-weather|RainDance|[upkeep]\n|-heal|p2a: Calyrex|30/100|[from] item: Leftovers\n|-damage|p1b: Kyogre|36/100|[from] Leech Seed|[of] p2a: Calyrex\n|-heal|p2a: Calyrex|42/100|[silent]\n|upkeep\n|\n|t:|1770791870\n|switch|p2b: Amoonguss|Amoonguss, L50, F|47/100\n|turn|4\n|\n|t:|1770791883\n|switch|p1b: Rillaboom|Rillaboom, L50, F|100/100\n|-fieldstart|move: Grassy Terrain|[from] ability: Grassy Surge|[of] p1b: Rillaboom\n|move|p2b: Amoonguss|Pollen Puff|p2a: Calyrex\n|-heal|p2a: Calyrex|92/100\n|move|p2a: Calyrex|Glacial Lance|p1b: Rillaboom|[spread] p1a,p1b\n|-supereffective|p1b: Rillaboom\n|-damage|p1a: Indeedee|0 fnt\n|-damage|p1b: Rillaboom|0 fnt\n|faint|p1a: Indeedee\n|faint|p1b: Rillaboom\n|-ability|p2a: Calyrex|Chilling Neigh|boost\n|-boost|p2a: Calyrex|atk|2\n|\n|-weather|RainDance|[upkeep]\n|-heal|p2b: Amoonguss|53/100|[from] Grassy Terrain\n|-heal|p2a: Calyrex|98/100|[from] Grassy Terrain\n|-heal|p2a: Calyrex|100/100|[from] item: Leftovers\n|upkeep\n|\n|t:|1770791894\n|switch|p1b: Calyrex|Calyrex-Shadow, L50|100/100\n|switch|p1a: Kyogre|Kyogre, L50, tera:Water|36/100\n|-ability|p1b: Calyrex|As One\n|-ability|p1b: Calyrex|Unnerve\n|turn|5\n|\n|t:|1770791903\n|move|p1a: Kyogre|Protect|p1a: Kyogre\n|-singleturn|p1a: Kyogre|Protect\n|move|p2b: Amoonguss|Spore|p1b: Calyrex\n|-status|p1b: Calyrex|slp|[from] move: Spore\n|move|p2a: Calyrex|Glacial Lance|p1a: Kyogre|[spread] p1b\n|-activate|p1a: Kyogre|move: Protect\n|-enditem|p1b: Calyrex|Focus Sash\n|-damage|p1b: Calyrex|1/100 slp\n|cant|p1b: Calyrex|slp\n|\n|-weather|none\n|-heal|p2b: Amoonguss|58/100|[from] Grassy Terrain\n|-heal|p1a: Kyogre|42/100|[from] Grassy Terrain\n|-heal|p1b: Calyrex|7/100 slp|[from] Grassy Terrain\n|upkeep\n|turn|6\n|inactive|Moosewii7 has 30 seconds left.\n|inactive|Moosewii7 has 20 seconds left.\n|inactive|Moosewii7 has 15 seconds left.\n|inactive|Moosewii7 has 10 seconds left.\n|inactive|Moosewii7 has 5 seconds left.\n|\n|t:|1770791958\n|move|p2b: Amoonguss|Spore|p1a: Kyogre\n|-status|p1a: Kyogre|slp|[from] move: Spore\n|move|p2a: Calyrex|Glacial Lance|p1a: Kyogre|[spread] p1a,p1b\n|-resisted|p1a: Kyogre\n|-damage|p1a: Kyogre|0 fnt\n|-damage|p1b: Calyrex|0 fnt\n|faint|p1a: Kyogre\n|faint|p1b: Calyrex\n|\n|win|blackred123\n|raw|Moosewii7's rating: 1412 &rarr; <strong>1388</strong><br />(-24 for losing)\n|raw|blackred123's rating: 1341 &rarr; <strong>1365</strong><br />(+24 for winning)\n|l|\u2606Moosewii7\n|player|p1|\n|j|\u2606Moosewii7\n|player|p1|Moosewii7|101|\n|l|\u2606Moosewii7\n|player|p1|\n","uploadtime":1770792186,"views":12,"formatid":"gen9vgc2026regi","rating":1365,"private":0,"password":null}