{"id":"gen9vgc2026regi-2524637544","format":"[Gen 9] VGC 2026 Reg I","players":["1zha","Crowned0"],"log":"|j|\u26061zha\n|j|\u2606Crowned0\n|t:|1769178761\n|gametype|doubles\n|player|p1|1zha|1|1225\n|player|p2|Crowned0|265|1141\n|gen|9\n|tier|[Gen 9] VGC 2026 Reg I\n|rated|\n|rule|Species Clause: Limit one of each Pok\u00e9mon\n|rule|Item Clause: Limit 1 of each item\n|clearpoke\n|poke|p1|Muk-Alola, L50, M|\n|poke|p1|Smeargle, L50, M|\n|poke|p1|Flamigo, L50, M|\n|poke|p1|Calyrex-Shadow, L50|\n|poke|p1|Eternatus, L50|\n|poke|p1|Rillaboom, L50, F|\n|poke|p2|Miraidon, L50|\n|poke|p2|Calyrex-Ice, L50|\n|poke|p2|Landorus, L50, M|\n|poke|p2|Amoonguss, L50, F|\n|poke|p2|Incineroar, L50, M|\n|poke|p2|Farigiraf, L50, F|\n|teampreview|4\n|inactive|Battle timer is ON: inactive players will automatically lose when time's up. (requested by 1zha)\n|\n|t:|1769178797\n|teamsize|p1|4\n|teamsize|p2|4\n|start\n|switch|p1a: Muk|Muk-Alola, L50, M|100/100\n|switch|p1b: Smeargle|Smeargle, L50, M|100/100\n|switch|p2a: Farigiraf|Farigiraf, L50, F|100/100\n|switch|p2b: Amoonguss|Amoonguss, L50, F|100/100\n|turn|1\n|\n|t:|1769178809\n|move|p1b: Smeargle|Follow Me|p1b: Smeargle\n|-singleturn|p1b: Smeargle|move: Follow Me\n|move|p2b: Amoonguss|Rage Powder|p2b: Amoonguss\n|-singleturn|p2b: Amoonguss|move: Rage Powder\n|move|p1a: Muk|Minimize|p1a: Muk\n|-boost|p1a: Muk|evasion|2\n|move|p2a: Farigiraf|Trick Room|p2a: Farigiraf\n|-fieldstart|move: Trick Room|[of] p2a: Farigiraf\n|\n|-ability|p1b: Smeargle|Moody|boost\n|-boost|p1b: Smeargle|spa|2\n|-unboost|p1b: Smeargle|atk|1\n|upkeep\n|turn|2\n|\n|t:|1769178827\n|switch|p2a: Calyrex|Calyrex-Ice, L50|100/100\n|-ability|p2a: Calyrex|As One\n|-ability|p2a: Calyrex|Unnerve\n|move|p1b: Smeargle|Follow Me|p1b: Smeargle\n|-singleturn|p1b: Smeargle|move: Follow Me\n|move|p2b: Amoonguss|Spore|p1b: Smeargle\n|-status|p1b: Smeargle|slp|[from] move: Spore\n|move|p1a: Muk|Minimize|p1a: Muk\n|-boost|p1a: Muk|evasion|2\n|\n|-ability|p1b: Smeargle|Moody|boost\n|-boost|p1b: Smeargle|def|2\n|-unboost|p1b: Smeargle|atk|1\n|upkeep\n|turn|3\n|\n|t:|1769178835\n|-terastallize|p1a: Muk|Water\n|cant|p1b: Smeargle|slp\n|move|p2b: Amoonguss|Spore|p1a: Muk\n|-status|p1a: Muk|slp|[from] move: Spore\n|cant|p1a: Muk|slp\n|move|p2a: Calyrex|Glacial Lance|p1b: Smeargle|[spread] p1a,p1b\n|-resisted|p1a: Muk\n|-damage|p1a: Muk|80/100 slp\n|-damage|p1b: Smeargle|11/100 slp\n|\n|-heal|p1a: Muk|86/100 slp|[from] item: Leftovers\n|-ability|p1b: Smeargle|Moody|boost\n|-boost|p1b: Smeargle|spa|2\n|-unboost|p1b: Smeargle|atk|1\n|upkeep\n|turn|4\n|\n|t:|1769178851\n|cant|p1b: Smeargle|slp\n|move|p2b: Amoonguss|Pollen Puff|p1a: Muk|[miss]\n|-miss|p2b: Amoonguss|p1a: Muk\n|cant|p1a: Muk|slp\n|move|p2a: Calyrex|Glacial Lance|p1b: Smeargle|[spread] p1a,p1b\n|-resisted|p1a: Muk\n|-damage|p1a: Muk|67/100 slp\n|-damage|p1b: Smeargle|0 fnt\n|faint|p1b: Smeargle\n|-ability|p1a: Muk|Moody|Power of Alchemy|[from] ability: Power of Alchemy|[of] p1b: Smeargle\n|-ability|p2a: Calyrex|Chilling Neigh|boost\n|-boost|p2a: Calyrex|atk|1\n|\n|-heal|p1a: Muk|73/100 slp|[from] item: Leftovers\n|-ability|p1a: Muk|Moody|boost\n|-boost|p1a: Muk|def|2\n|-unboost|p1a: Muk|atk|1\n|upkeep\n|\n|t:|1769178862\n|switch|p1b: Calyrex|Calyrex-Shadow, L50|100/100\n|-ability|p1b: Calyrex|As One\n|-ability|p1b: Calyrex|Unnerve\n|turn|5\n|inactive|Crowned0 has 30 seconds left.\n|\n|t:|1769178887\n|-terastallize|p2a: Calyrex|Fairy\n|move|p1b: Calyrex|Protect|p1b: Calyrex\n|-singleturn|p1b: Calyrex|Protect\n|move|p2b: Amoonguss|Spore|p1a: Muk\n|-fail|p1a: Muk|slp\n|cant|p1a: Muk|slp\n|move|p2a: Calyrex|Glacial Lance|p1a: Muk|[spread] p1a\n|-activate|p1b: Calyrex|move: Protect\n|-resisted|p1a: Muk\n|-damage|p1a: Muk|56/100 slp\n|\n|-heal|p1a: Muk|62/100 slp|[from] item: Leftovers\n|-fieldend|move: Trick Room\n|-ability|p1a: Muk|Moody|boost\n|-boost|p1a: Muk|spd|2\n|-unboost|p1a: Muk|spe|1\n|upkeep\n|turn|6\n|\n|t:|1769178904\n|move|p2b: Amoonguss|Rage Powder|p2b: Amoonguss\n|-singleturn|p2b: Amoonguss|move: Rage Powder\n|move|p1b: Calyrex|Psych Up|p2b: Amoonguss\n|-copyboost|p1b: Calyrex|p2b: Amoonguss|[from] move: Psych Up\n|-curestatus|p1a: Muk|slp|[msg]\n|move|p1a: Muk|Minimize|p1a: Muk\n|-boost|p1a: Muk|evasion|2\n|move|p2a: Calyrex|Trick Room|p2a: Calyrex\n|-fieldstart|move: Trick Room|[of] p2a: Calyrex\n|\n|-heal|p1a: Muk|68/100|[from] item: Leftovers\n|-ability|p1a: Muk|Moody|boost\n|-boost|p1a: Muk|atk|2\n|-unboost|p1a: Muk|spe|1\n|upkeep\n|turn|7\n|\n|t:|1769178923\n|move|p1b: Calyrex|Protect|p1b: Calyrex\n|-singleturn|p1b: Calyrex|Protect\n|move|p2b: Amoonguss|Spore|p1a: Muk\n|-status|p1a: Muk|slp|[from] move: Spore\n|cant|p1a: Muk|slp\n|move|p2a: Calyrex|Glacial Lance|p1a: Muk|[spread] p1a\n|-activate|p1b: Calyrex|move: Protect\n|-resisted|p1a: Muk\n|-damage|p1a: Muk|53/100 slp\n|\n|-heal|p1a: Muk|59/100 slp|[from] item: Leftovers\n|-ability|p1a: Muk|Moody|boost\n|-boost|p1a: Muk|atk|2\n|-unboost|p1a: Muk|spa|1\n|upkeep\n|turn|8\n|\n|t:|1769178936\n|switch|p1b: Flamigo|Flamigo, L50, M|100/100\n|-copyboost|p1b: Flamigo|p1a: Muk|[from] ability: Costar\n|-enditem|p1b: Flamigo|White Herb\n|-clearnegativeboost|p1b: Flamigo|[silent]\n|move|p2b: Amoonguss|Pollen Puff|p1a: Muk|[miss]\n|-miss|p2b: Amoonguss|p1a: Muk\n|cant|p1a: Muk|slp\n|move|p2a: Calyrex|Glacial Lance|p1b: Flamigo|[spread] \n|-miss|p2a: Calyrex|p1a: Muk\n|-miss|p2a: Calyrex|p1b: Flamigo\n|\n|-heal|p1a: Muk|66/100 slp|[from] item: Leftovers\n|-ability|p1a: Muk|Moody|boost\n|-boost|p1a: Muk|atk|2\n|-unboost|p1a: Muk|spd|1\n|upkeep\n|turn|9\n|\n|t:|1769178953\n|move|p1b: Flamigo|Detect|p1b: Flamigo\n|-singleturn|p1b: Flamigo|Protect\n|move|p2b: Amoonguss|Rage Powder|p2b: Amoonguss\n|-singleturn|p2b: Amoonguss|move: Rage Powder\n|cant|p1a: Muk|slp\n|move|p2a: Calyrex|Glacial Lance|p1a: Muk|[spread] \n|-activate|p1b: Flamigo|move: Protect\n|-miss|p2a: Calyrex|p1a: Muk\n|\n|-heal|p1a: Muk|72/100 slp|[from] item: Leftovers\n|-ability|p1a: Muk|Moody|boost\n|-boost|p1a: Muk|spd|2\n|-unboost|p1a: Muk|spa|1\n|upkeep\n|turn|10\n|\n|t:|1769178964\n|move|p1b: Flamigo|Wide Guard|p1b: Flamigo\n|-singleturn|p1b: Flamigo|Wide Guard\n|move|p2b: Amoonguss|Spore|p1b: Flamigo\n|-status|p1b: Flamigo|slp|[from] move: Spore\n|-curestatus|p1a: Muk|slp|[msg]\n|move|p1a: Muk|Poison Gas|p2a: Calyrex|[spread] p2a,p2b\n|-status|p2a: Calyrex|psn\n|-immune|p2b: Amoonguss\n|move|p2a: Calyrex|Glacial Lance|p1a: Muk|[spread] \n|-activate|p1a: Muk|move: Wide Guard\n|-activate|p1b: Flamigo|move: Wide Guard\n|\n|-heal|p1a: Muk|78/100|[from] item: Leftovers\n|-damage|p2a: Calyrex|88/100 psn|[from] psn\n|-fieldend|move: Trick Room\n|-ability|p1a: Muk|Moody|boost\n|-boost|p1a: Muk|atk|1\n|-unboost|p1a: Muk|def|1\n|upkeep\n|turn|11\n|\n|t:|1769178980\n|cant|p1b: Flamigo|slp\n|move|p1a: Muk|Knock Off|p2b: Amoonguss\n|-damage|p2b: Amoonguss|0 fnt\n|-damage|p1a: Muk|61/100|[from] item: Rocky Helmet|[of] p2b: Amoonguss\n|-enditem|p2b: Amoonguss|Rocky Helmet|[from] move: Knock Off|[of] p1a: Muk\n|faint|p2b: Amoonguss\n|move|p2a: Calyrex|Trick Room|p2a: Calyrex\n|-fieldstart|move: Trick Room|[of] p2a: Calyrex\n|\n|-heal|p1a: Muk|67/100|[from] item: Leftovers\n|-damage|p2a: Calyrex|76/100 psn|[from] psn\n|-ability|p1a: Muk|Moody|boost\n|-boost|p1a: Muk|def|2\n|-unboost|p1a: Muk|spa|1\n|upkeep\n|\n|t:|1769178988\n|switch|p2b: Incineroar|Incineroar, L50, M|100/100\n|-ability|p2b: Incineroar|Intimidate|boost\n|-unboost|p1a: Muk|atk|1\n|-unboost|p1b: Flamigo|atk|1\n|turn|12\n|\n|t:|1769179003\n|move|p1a: Muk|Protect|p1a: Muk\n|-singleturn|p1a: Muk|Protect\n|-curestatus|p1b: Flamigo|slp|[msg]\n|move|p1b: Flamigo|Detect|p1b: Flamigo\n|-singleturn|p1b: Flamigo|Protect\n|move|p2a: Calyrex|Glacial Lance|p1a: Muk|[spread] \n|-activate|p1a: Muk|move: Protect\n|-activate|p1b: Flamigo|move: Protect\n|move|p2b: Incineroar|Flare Blitz|p1b: Flamigo\n|-activate|p1b: Flamigo|move: Protect\n|\n|-heal|p1a: Muk|74/100|[from] item: Leftovers\n|-damage|p2a: Calyrex|64/100 psn|[from] psn\n|-ability|p1a: Muk|Moody|boost\n|-boost|p1a: Muk|spe|2\n|-unboost|p1a: Muk|atk|1\n|upkeep\n|turn|13\n|\n|t:|1769179015\n|move|p1a: Muk|Poison Gas|p2b: Incineroar|[spread] p2a,p2b\n|-fail|p2a: Calyrex|psn\n|-status|p2b: Incineroar|psn\n|move|p2a: Calyrex|High Horsepower|p1a: Muk\n|-damage|p1a: Muk|58/100\n|move|p2b: Incineroar|Knock Off|p1b: Flamigo|[miss]\n|-miss|p2b: Incineroar|p1b: Flamigo\n|move|p1b: Flamigo|Acrobatics|p2a: Calyrex\n|-damage|p2a: Calyrex|5/100 psn\n|\n|-heal|p1a: Muk|64/100|[from] item: Leftovers\n|-damage|p2a: Calyrex|0 fnt|[from] psn\n|faint|p2a: Calyrex\n|-damage|p2b: Incineroar|88/100 psn|[from] psn\n|-ability|p1a: Muk|Moody|boost\n|-boost|p1a: Muk|def|2\n|-unboost|p1a: Muk|spd|1\n|upkeep\n|\n|t:|1769179017\n|switch|p2a: Farigiraf|Farigiraf, L50, F|100/100\n|turn|14\n|\n|t:|1769179026\n|move|p2a: Farigiraf|Helping Hand|p2b: Incineroar\n|-singleturn|p2b: Incineroar|Helping Hand|[of] p2a: Farigiraf\n|move|p1a: Muk|Knock Off|p2a: Farigiraf\n|-supereffective|p2a: Farigiraf\n|-damage|p2a: Farigiraf|0 fnt\n|-enditem|p2a: Farigiraf|Electric Seed|[from] move: Knock Off|[of] p1a: Muk\n|faint|p2a: Farigiraf\n|move|p2b: Incineroar|Flare Blitz|p1b: Flamigo\n|-damage|p1b: Flamigo|54/100\n|-damage|p2b: Incineroar|75/100 psn|[from] Recoil\n|move|p1b: Flamigo|Close Combat|p2b: Incineroar\n|-supereffective|p2b: Incineroar\n|-damage|p2b: Incineroar|0 fnt\n|-unboost|p1b: Flamigo|def|1\n|-unboost|p1b: Flamigo|spd|1\n|faint|p2b: Incineroar\n|\n|win|1zha\n|raw|1zha's rating: 1225 &rarr; <strong>1244</strong><br />(+19 for winning)\n|raw|Crowned0's rating: 1141 &rarr; <strong>1122</strong><br />(-19 for losing)\n|l|\u2606Crowned0\n|player|p2|\n|l|\u26061zha\n|player|p1|\n","uploadtime":1769179311,"views":12,"formatid":"gen9vgc2026regi","rating":1122,"private":0,"password":null}