{"id":"gen9vgc2026regi-2560599835","format":"[Gen 9] VGC 2026 Reg I","players":["It'sJustKen VGC","dapmagikarp"],"log":"|j|\u2606It'sJustKen VGC\n|j|\u2606dapmagikarp\n|t:|1773703135\n|gametype|doubles\n|player|p1|It'sJustKen VGC|2|1390\n|player|p2|dapmagikarp|sada-ai|1318\n|gen|9\n|tier|[Gen 9] VGC 2026 Reg I\n|rated|\n|rule|Species Clause: Limit one of each Pok\u00e9mon\n|rule|Item Clause: Limit 1 of each item\n|clearpoke\n|poke|p1|Farigiraf, L50, M|\n|poke|p1|Incineroar, L50, F|\n|poke|p1|Torkoal, L50, F|\n|poke|p1|Calyrex-Shadow, L50|\n|poke|p1|Amoonguss, L50, F|\n|poke|p1|Zamazenta-*, L50|\n|poke|p2|Amoonguss, L50, M|\n|poke|p2|Calyrex-Ice, L50|\n|poke|p2|Kyogre, L50|\n|poke|p2|Urshifu-*, L50, F|\n|poke|p2|Rillaboom, L50, F|\n|poke|p2|Flutter Mane, L50|\n|teampreview|4\n|inactive|Battle timer is ON: inactive players will automatically lose when time's up. (requested by dapmagikarp)\n|inactive|It'sJustKen VGC also wants the timer to be on.\n|inactive|It'sJustKen VGC has 60 seconds left.\n|inactive|dapmagikarp has 60 seconds left.\n|inactive|It'sJustKen VGC has 30 seconds left.\n|inactive|It'sJustKen VGC has 20 seconds left.\n|inactive|It'sJustKen VGC has 15 seconds left.\n|inactive|It'sJustKen VGC has 10 seconds left.\n|\n|t:|1773703216\n|teamsize|p1|4\n|teamsize|p2|4\n|start\n|switch|p1a: Farigiraf|Farigiraf, L50, M|100/100\n|switch|p1b: Incineroar|Incineroar, L50, F|100/100\n|switch|p2a: Amoonguss|Amoonguss, L50, M, shiny|100/100\n|switch|p2b: Kyogre|Kyogre, L50, shiny|100/100\n|-weather|RainDance|[from] ability: Drizzle|[of] p2b: Kyogre\n|-ability|p1b: Incineroar|Intimidate|boost\n|-unboost|p2a: Amoonguss|atk|1\n|-unboost|p2b: Kyogre|atk|1\n|turn|1\n|\n|t:|1773703228\n|-terastallize|p1a: Farigiraf|Water\n|move|p2b: Kyogre|Protect|p2b: Kyogre\n|-singleturn|p2b: Kyogre|Protect\n|move|p1b: Incineroar|Fake Out|p2a: Amoonguss\n|-damage|p2a: Amoonguss|88/100\n|-damage|p1b: Incineroar|84/100|[from] item: Rocky Helmet|[of] p2a: Amoonguss\n|cant|p2a: Amoonguss|flinch\n|move|p1a: Farigiraf|Trick Room|p1a: Farigiraf\n|-fieldstart|move: Trick Room|[of] p1a: Farigiraf\n|\n|-weather|RainDance|[upkeep]\n|upkeep\n|turn|2\n|\n|t:|1773703244\n|move|p2a: Amoonguss|Spore|p1a: Farigiraf\n|-status|p1a: Farigiraf|slp|[from] move: Spore\n|move|p1b: Incineroar|Knock Off|p2b: Kyogre\n|-damage|p2b: Kyogre|50/100\n|-enditem|p2b: Kyogre|Mystic Water|[from] move: Knock Off|[of] p1b: Incineroar\n|cant|p1a: Farigiraf|slp\n|move|p2b: Kyogre|Water Spout|p1b: Incineroar|[spread] p1a,p1b\n|-resisted|p1a: Farigiraf\n|-crit|p1a: Farigiraf\n|-supereffective|p1b: Incineroar\n|-damage|p1a: Farigiraf|66/100 slp\n|-damage|p1b: Incineroar|0 fnt\n|faint|p1b: Incineroar\n|\n|-weather|RainDance|[upkeep]\n|upkeep\n|\n|t:|1773703247\n|switch|p1b: Amoonguss|Amoonguss, L50, F|100/100\n|turn|3\n|inactive|dapmagikarp has 30 seconds left.\n|\n|t:|1773703279\n|switch|p2b: Rillaboom|Rillaboom, L50, F|100/100\n|-fieldstart|move: Grassy Terrain|[from] ability: Grassy Surge|[of] p2b: Rillaboom\n|move|p1b: Amoonguss|Sludge Bomb|p2b: Rillaboom\n|-supereffective|p2b: Rillaboom\n|-damage|p2b: Rillaboom|26/100\n|-damage|p1b: Amoonguss|91/100|[from] item: Life Orb\n|move|p2a: Amoonguss|Pollen Puff|p1b: Amoonguss\n|-damage|p1b: Amoonguss|72/100\n|-curestatus|p1a: Farigiraf|slp|[msg]\n|move|p1a: Farigiraf|Hyper Voice|p2a: Amoonguss|[spread] p2a,p2b\n|-damage|p2a: Amoonguss|64/100\n|-damage|p2b: Rillaboom|3/100\n|-enditem|p1a: Farigiraf|Throat Spray\n|-boost|p1a: Farigiraf|spa|1|[from] item: Throat Spray\n|\n|-weather|RainDance|[upkeep]\n|-heal|p1b: Amoonguss|78/100|[from] Grassy Terrain\n|-heal|p2a: Amoonguss|70/100|[from] Grassy Terrain\n|-heal|p1a: Farigiraf|72/100|[from] Grassy Terrain\n|-heal|p2b: Rillaboom|9/100|[from] Grassy Terrain\n|upkeep\n|turn|4\n|inactive|It'sJustKen VGC has 30 seconds left.\n|inactive|dapmagikarp has 30 seconds left.\n|\n|t:|1773703313\n|move|p1a: Farigiraf|Protect|p1a: Farigiraf\n|-singleturn|p1a: Farigiraf|Protect\n|move|p2b: Rillaboom|Grassy Glide||[still]\n|cant|p1a: Farigiraf|ability: Armor Tail|Grassy Glide|[of] p2b: Rillaboom\n|move|p1b: Amoonguss|Sludge Bomb|p2a: Amoonguss\n|-damage|p2a: Amoonguss|28/100\n|-damage|p1b: Amoonguss|69/100|[from] item: Life Orb\n|move|p2a: Amoonguss|Pollen Puff|p1b: Amoonguss\n|-damage|p1b: Amoonguss|50/100\n|\n|-weather|RainDance|[upkeep]\n|-heal|p1b: Amoonguss|56/100|[from] Grassy Terrain\n|-heal|p2a: Amoonguss|34/100|[from] Grassy Terrain\n|-heal|p1a: Farigiraf|78/100|[from] Grassy Terrain\n|-heal|p2b: Rillaboom|16/100|[from] Grassy Terrain\n|upkeep\n|turn|5\n|inactive|It'sJustKen VGC has 30 seconds left.\n|inactive|It'sJustKen VGC has 20 seconds left.\n|inactive|It'sJustKen VGC has 15 seconds left.\n|inactive|It'sJustKen VGC has 10 seconds left.\n|\n|t:|1773703362\n|move|p1b: Amoonguss|Sludge Bomb|p2a: Amoonguss\n|-damage|p2a: Amoonguss|0 fnt\n|faint|p2a: Amoonguss\n|-damage|p1b: Amoonguss|47/100|[from] item: Life Orb\n|move|p1a: Farigiraf|Hyper Voice|p2b: Rillaboom\n|-damage|p2b: Rillaboom|0 fnt\n|faint|p2b: Rillaboom\n|\n|-weather|none\n|-heal|p1b: Amoonguss|53/100|[from] Grassy Terrain\n|-heal|p1a: Farigiraf|84/100|[from] Grassy Terrain\n|-fieldend|move: Trick Room\n|upkeep\n|\n|t:|1773703371\n|switch|p2b: Kyogre|Kyogre, L50, shiny|50/100\n|switch|p2a: Calyrex|Calyrex-Ice, L50|100/100\n|-ability|p2a: Calyrex|As One\n|-ability|p2a: Calyrex|Unnerve\n|-weather|RainDance|[from] ability: Drizzle|[of] p2b: Kyogre\n|turn|6\n|\n|t:|1773703387\n|switch|p1b: Zamazenta|Zamazenta-Crowned, L50, shiny|100/100\n|-ability|p1b: Zamazenta|Dauntless Shield|boost\n|-boost|p1b: Zamazenta|def|1\n|move|p2b: Kyogre|Protect|p2b: Kyogre\n|-singleturn|p2b: Kyogre|Protect\n|move|p1a: Farigiraf|Protect|p1a: Farigiraf\n|-singleturn|p1a: Farigiraf|Protect\n|move|p2a: Calyrex|Glacial Lance|p1a: Farigiraf|[spread] p1b\n|-activate|p1a: Farigiraf|move: Protect\n|-resisted|p1b: Zamazenta\n|-damage|p1b: Zamazenta|92/100\n|\n|-weather|RainDance|[upkeep]\n|-heal|p1b: Zamazenta|98/100|[from] Grassy Terrain\n|-heal|p2b: Kyogre|56/100|[from] Grassy Terrain\n|-heal|p1a: Farigiraf|91/100|[from] Grassy Terrain\n|upkeep\n|turn|7\n|\n|t:|1773703402\n|move|p1b: Zamazenta|Body Press|p2b: Kyogre\n|-damage|p2b: Kyogre|0 fnt\n|faint|p2b: Kyogre\n|move|p1a: Farigiraf|Hyper Voice|p2a: Calyrex\n|-damage|p2a: Calyrex|58/100\n|move|p2a: Calyrex|Leech Seed|p1b: Zamazenta|[miss]\n|-miss|p2a: Calyrex|p1b: Zamazenta\n|\n|-weather|RainDance|[upkeep]\n|-heal|p1b: Zamazenta|100/100|[from] Grassy Terrain\n|-heal|p1a: Farigiraf|97/100|[from] Grassy Terrain\n|-heal|p2a: Calyrex|64/100|[from] Grassy Terrain\n|-heal|p2a: Calyrex|70/100|[from] item: Leftovers\n|-fieldend|move: Grassy Terrain\n|upkeep\n|turn|8\n|-message|dapmagikarp forfeited.\n|\n|win|It'sJustKen VGC\n|raw|It&apos;sJustKen VGC's rating: 1379 &rarr; <strong>1396</strong><br />(+17 for winning)\n|raw|dapmagikarp's rating: 1318 &rarr; <strong>1301</strong><br />(-17 for losing)\n|l|\u2606dapmagikarp\n|player|p2|\n","uploadtime":1773703412,"views":13,"formatid":"gen9vgc2026regi","rating":1301,"private":0,"password":null}