{"id":"gen9vgc2026regi-2514983686","format":"[Gen 9] VGC 2026 Reg I","players":["Aylawayla","Coreydfgh"],"log":"|j|\u2606Aylawayla\n|j|\u2606Coreydfgh\n|t:|1767931775\n|gametype|doubles\n|player|p1|Aylawayla|266|1303\n|player|p2|Coreydfgh|1|1240\n|gen|9\n|tier|[Gen 9] VGC 2026 Reg I\n|rated|\n|rule|Species Clause: Limit one of each Pok\u00e9mon\n|rule|Item Clause: Limit 1 of each item\n|clearpoke\n|poke|p1|Calyrex-Ice, L50|\n|poke|p1|Terapagos, L50, M|\n|poke|p1|Annihilape, L50, F|\n|poke|p1|Smeargle, L50, F|\n|poke|p1|Farigiraf, L50, M|\n|poke|p1|Rillaboom, L50, M|\n|poke|p2|Calyrex-Ice, L50|\n|poke|p2|Brute Bonnet, L50|\n|poke|p2|Torkoal, L50, F|\n|poke|p2|Urshifu-*, L50, F|\n|poke|p2|Lunala, L50|\n|poke|p2|Iron Hands, L50|\n|teampreview|4\n|\n|t:|1767931819\n|teamsize|p1|4\n|teamsize|p2|4\n|start\n|switch|p1a: Annihilape|Annihilape, L50, F|100/100\n|switch|p1b: Smeargle|Smeargle, L50, F|100/100\n|switch|p2a: Urshifu|Urshifu-Rapid-Strike, L50, F|100/100\n|switch|p2b: Brute Bonnet|Brute Bonnet, L50|100/100\n|-enditem|p2b: Brute Bonnet|Booster Energy\n|-activate|p2b: Brute Bonnet|ability: Protosynthesis|[fromitem]\n|-start|p2b: Brute Bonnet|protosynthesisspd\n|turn|1\n|\n|t:|1767931842\n|move|p1b: Smeargle|Fake Out|p2a: Urshifu\n|-damage|p2a: Urshifu|95/100\n|move|p1a: Annihilape|Final Gambit|p2b: Brute Bonnet\n|-damage|p2b: Brute Bonnet|2/100\n|faint|p1a: Annihilape\n|cant|p2a: Urshifu|flinch\n|move|p2b: Brute Bonnet|Spore|p1b: Smeargle\n|-status|p1b: Smeargle|slp|[from] move: Spore\n|\n|-ability|p1b: Smeargle|Moody|boost\n|-boost|p1b: Smeargle|spa|2\n|-unboost|p1b: Smeargle|spd|1\n|upkeep\n|\n|t:|1767931856\n|switch|p1a: Terapagos|Terapagos, L50, M|100/100\n|-activate|p1a: Terapagos|ability: Tera Shift\n|detailschange|p1a: Terapagos|Terapagos-Terastal, L50, M\n|-heal|p1a: Terapagos|100/100|[silent]\n|turn|2\n|\n|t:|1767931884\n|move|p2b: Brute Bonnet|Sucker Punch|p1a: Terapagos\n|-activate|p1a: Terapagos|ability: Tera Shell\n|-resisted|p1a: Terapagos\n|-damage|p1a: Terapagos|87/100\n|move|p2a: Urshifu|Surging Strikes|p1b: Smeargle\n|-crit|p1b: Smeargle\n|-damage|p1b: Smeargle|68/100 slp\n|-crit|p1b: Smeargle\n|-damage|p1b: Smeargle|30/100 slp\n|-crit|p1b: Smeargle\n|-damage|p1b: Smeargle|0 fnt\n|faint|p1b: Smeargle\n|-hitcount|p1: Smeargle|3\n|move|p1a: Terapagos|Tera Starstorm|p2a: Urshifu\n|-damage|p2a: Urshifu|0 fnt\n|faint|p2a: Urshifu\n|\n|upkeep\n|\n|t:|1767931901\n|switch|p2a: Calyrex|Calyrex-Ice, L50|100/100\n|switch|p1b: Calyrex|Calyrex-Ice, L50|100/100\n|-ability|p1b: Calyrex|As One\n|-ability|p1b: Calyrex|Unnerve\n|-ability|p2a: Calyrex|As One\n|-ability|p2a: Calyrex|Unnerve\n|turn|3\n|\n|t:|1767931921\n|-terastallize|p1a: Terapagos|Stellar\n|detailschange|p1a: Terapagos|Terapagos-Stellar, L50, M, tera:Stellar\n|-heal|p1a: Terapagos|90/100|[silent]\n|move|p1b: Calyrex|Protect|p1b: Calyrex\n|-singleturn|p1b: Calyrex|Protect\n|move|p2b: Brute Bonnet|Sucker Punch||[still]\n|-fail|p2b: Brute Bonnet\n|move|p1a: Terapagos|Tera Starstorm|p2a: Calyrex|[spread] p2a,p2b\n|-damage|p2a: Calyrex|57/100\n|-damage|p2b: Brute Bonnet|0 fnt\n|faint|p2b: Brute Bonnet\n|-end|p2b: Brute Bonnet|Protosynthesis|[silent]\n|move|p2a: Calyrex|Glacial Lance|p1b: Calyrex|[spread] p1a\n|-activate|p1b: Calyrex|move: Protect\n|-damage|p1a: Terapagos|52/100\n|\n|upkeep\n|\n|t:|1767931931\n|switch|p2b: Torkoal|Torkoal, L50, F|100/100\n|-weather|SunnyDay|[from] ability: Drought|[of] p2b: Torkoal\n|turn|4\n|\n|t:|1767931951\n|move|p1a: Terapagos|Tera Starstorm|p2a: Calyrex|[spread] p2a,p2b\n|-damage|p2a: Calyrex|16/100\n|-damage|p2b: Torkoal|16/100\n|move|p1b: Calyrex|High Horsepower|p2b: Torkoal\n|-supereffective|p2b: Torkoal\n|-damage|p2b: Torkoal|0 fnt\n|faint|p2b: Torkoal\n|-ability|p1b: Calyrex|Chilling Neigh|boost\n|-boost|p1b: Calyrex|atk|1\n|move|p2a: Calyrex|Glacial Lance|p1a: Terapagos|[spread] p1a,p1b\n|-resisted|p1b: Calyrex\n|-damage|p1a: Terapagos|15/100\n|-damage|p1b: Calyrex|82/100\n|\n|-weather|SunnyDay|[upkeep]\n|upkeep\n|turn|5\n|-message|Coreydfgh forfeited.\n|\n|win|Aylawayla\n|raw|Aylawayla's rating: 1303 &rarr; <strong>1319</strong><br />(+16 for winning)\n|raw|Coreydfgh's rating: 1240 &rarr; <strong>1219</strong><br />(-21 for losing)\n|l|\u2606Coreydfgh\n|player|p2|\n","uploadtime":1767932168,"views":16,"formatid":"gen9vgc2026regi","rating":1219,"private":0,"password":null}