{"id":"gen9vgc2026regi-2565330522","format":"[Gen 9] VGC 2026 Reg I","players":["Jonen","jackon17"],"log":"|j|\u2606Jonen\n|j|\u2606jackon17\n|t:|1774263974\n|gametype|doubles\n|player|p1|Jonen|medium|1446\n|player|p2|jackon17|266|1364\n|gen|9\n|tier|[Gen 9] VGC 2026 Reg I\n|rated|\n|rule|Species Clause: Limit one of each Pok\u00e9mon\n|rule|Item Clause: Limit 1 of each item\n|clearpoke\n|poke|p1|Groudon, L50|\n|poke|p1|Lunala, L50|\n|poke|p1|Sableye, L50, M|\n|poke|p1|Chi-Yu, L50|\n|poke|p1|Rillaboom, L50, M|\n|poke|p1|Jumpluff, L50, M|\n|poke|p2|Calyrex-Ice, L50|\n|poke|p2|Pelipper, L50, M|\n|poke|p2|Urshifu-*, L50, M|\n|poke|p2|Miraidon, L50|\n|poke|p2|Incineroar, L50, M|\n|poke|p2|Landorus, L50, M|\n|teampreview|4\n|inactive|Battle timer is ON: inactive players will automatically lose when time's up. (requested by jackon17)\n|inactive|jackon17 has 60 seconds left.\n|inactive|jackon17 has 30 seconds left.\n|inactive|jackon17 has 20 seconds left.\n|inactive|jackon17 has 15 seconds left.\n|inactive|jackon17 has 10 seconds left.\n|\n|t:|1774264057\n|teamsize|p1|4\n|teamsize|p2|4\n|start\n|switch|p1a: Groudon|Groudon, L50|100/100\n|switch|p1b: Sableye|Sableye, L50, M|100/100\n|switch|p2a: Urshifu|Urshifu-Rapid-Strike, L50, M|100/100\n|switch|p2b: Calyrex|Calyrex-Ice, L50|100/100\n|-ability|p2b: Calyrex|As One\n|-ability|p2b: Calyrex|Unnerve\n|-weather|SunnyDay|[from] ability: Drought|[of] p1a: Groudon\n|turn|1\n|\n|t:|1774264071\n|switch|p2a: Pelipper|Pelipper, L50, M|100/100\n|-weather|RainDance|[from] ability: Drizzle|[of] p2a: Pelipper\n|-terastallize|p1a: Groudon|Fire\n|move|p2b: Calyrex|Protect|p2b: Calyrex\n|-singleturn|p2b: Calyrex|Protect\n|move|p1b: Sableye|Gravity|p1b: Sableye\n|-fieldstart|move: Gravity\n|move|p1a: Groudon|Precipice Blades|p2a: Pelipper|[spread] p2a\n|-activate|p2b: Calyrex|move: Protect\n|-enditem|p2a: Pelipper|Focus Sash\n|-damage|p2a: Pelipper|1/100\n|-damage|p1a: Groudon|91/100|[from] item: Life Orb\n|\n|-weather|RainDance|[upkeep]\n|upkeep\n|turn|2\n|inactive|jackon17 has 30 seconds left.\n|inactive|jackon17 has 20 seconds left.\n|\n|t:|1774264106\n|move|p2a: Pelipper|Wide Guard|p2a: Pelipper\n|-singleturn|p2a: Pelipper|Wide Guard\n|move|p1a: Groudon|Precipice Blades|p2b: Calyrex|[spread] \n|-activate|p2a: Pelipper|move: Wide Guard\n|-activate|p2b: Calyrex|move: Wide Guard\n|move|p1b: Sableye|Foul Play|p2b: Calyrex\n|-supereffective|p2b: Calyrex\n|-damage|p2b: Calyrex|48/100\n|move|p2b: Calyrex|Trick Room|p2b: Calyrex\n|-fieldstart|move: Trick Room|[of] p2b: Calyrex\n|\n|-weather|RainDance|[upkeep]\n|upkeep\n|turn|3\n|\n|t:|1774264130\n|-terastallize|p2b: Calyrex|Grass\n|move|p2b: Calyrex|Glacial Lance|p1b: Sableye|[spread] p1a,p1b\n|-resisted|p1a: Groudon\n|-damage|p1a: Groudon|74/100\n|-damage|p1b: Sableye|50/100\n|move|p1b: Sableye|Foul Play|p2b: Calyrex\n|-damage|p2b: Calyrex|25/100\n|move|p2a: Pelipper|Weather Ball|p1b: Sableye\n|-damage|p1b: Sableye|0 fnt\n|faint|p1b: Sableye\n|move|p1a: Groudon|Precipice Blades|p2b: Calyrex|[spread] p2a,p2b\n|-resisted|p2b: Calyrex\n|-damage|p2a: Pelipper|0 fnt\n|-damage|p2b: Calyrex|7/100\n|faint|p2a: Pelipper\n|-damage|p1a: Groudon|64/100|[from] item: Life Orb\n|\n|-weather|RainDance|[upkeep]\n|upkeep\n|\n|t:|1774264149\n|switch|p1b: Rillaboom|Rillaboom, L50, M|100/100\n|switch|p2a: Urshifu|Urshifu-Rapid-Strike, L50, M|100/100\n|-fieldstart|move: Grassy Terrain|[from] ability: Grassy Surge|[of] p1b: Rillaboom\n|turn|4\n|\n|t:|1774264164\n|switch|p1a: Lunala|Lunala, L50|100/100\n|move|p2b: Calyrex|Protect|p2b: Calyrex\n|-singleturn|p2b: Calyrex|Protect\n|move|p1b: Rillaboom|Fake Out|p2b: Calyrex\n|-activate|p2b: Calyrex|move: Protect\n|move|p2a: Urshifu|U-turn|p1b: Rillaboom\n|-supereffective|p1b: Rillaboom\n|-damage|p1b: Rillaboom|46/100\n|\n|t:|1774264173\n|switch|p2a: Miraidon|Miraidon, L50|100/100|[from] U-turn\n|-fieldstart|move: Electric Terrain|[from] ability: Hadron Engine|[of] p2a: Miraidon\n|\n|-weather|RainDance|[upkeep]\n|upkeep\n|turn|5\n|\n|t:|1774264194\n|switch|p1b: Groudon|Groudon, L50, tera:Fire|64/100\n|-weather|SunnyDay|[from] ability: Drought|[of] p1b: Groudon\n|move|p2b: Calyrex|Glacial Lance|p1a: Lunala|[spread] p1a,p1b\n|-resisted|p1b: Groudon\n|-damage|p1a: Lunala|79/100\n|-damage|p1b: Groudon|47/100\n|move|p1a: Lunala|Moongeist Beam|p2b: Calyrex\n|-damage|p2b: Calyrex|0 fnt\n|faint|p2b: Calyrex\n|move|p2a: Miraidon|Volt Switch|p1a: Lunala\n|-damage|p1a: Lunala|0 fnt\n|faint|p1a: Lunala\n|\n|t:|1774264203\n|switch|p2a: Urshifu|Urshifu-Rapid-Strike, L50, M|100/100|[from] Volt Switch\n|\n|-weather|SunnyDay|[upkeep]\n|-fieldend|move: Gravity\n|upkeep\n|\n|t:|1774264207\n|switch|p2b: Miraidon|Miraidon, L50|100/100\n|switch|p1a: Rillaboom|Rillaboom, L50, M|46/100\n|-fieldstart|move: Grassy Terrain|[from] ability: Grassy Surge|[of] p1a: Rillaboom\n|-fieldstart|move: Electric Terrain|[from] ability: Hadron Engine|[of] p2b: Miraidon\n|turn|6\n|\n|t:|1774264218\n|move|p1a: Rillaboom|Fake Out|p2a: Urshifu\n|-damage|p2a: Urshifu|87/100\n|move|p1b: Groudon|Precipice Blades|p2a: Urshifu|[spread] p2a\n|-miss|p1b: Groudon|p2b: Miraidon\n|-damage|p2a: Urshifu|10/100\n|-damage|p1b: Groudon|37/100|[from] item: Life Orb\n|move|p2b: Miraidon|Electro Drift|p1b: Groudon\n|-damage|p1b: Groudon|0 fnt\n|faint|p1b: Groudon\n|cant|p2a: Urshifu|flinch\n|\n|-weather|SunnyDay|[upkeep]\n|-fieldend|move: Trick Room\n|upkeep\n|turn|7\n|\n|t:|1774264228\n|move|p2a: Urshifu|Close Combat|p1a: Rillaboom\n|-damage|p1a: Rillaboom|0 fnt\n|-unboost|p2a: Urshifu|def|1\n|-unboost|p2a: Urshifu|spd|1\n|faint|p1a: Rillaboom\n|\n|win|jackon17\n|raw|Jonen's rating: 1446 &rarr; <strong>1421</strong><br />(-25 for losing)\n|raw|jackon17's rating: 1364 &rarr; <strong>1389</strong><br />(+25 for winning)\n|c|\u2606Jonen|damn groudon sold lol\n|l|\u2606Jonen\n|player|p1|\n","uploadtime":1774264229,"views":10,"formatid":"gen9vgc2026regi","rating":1389,"private":0,"password":null}