{"id":"gen9vgc2026regi-2561793709","format":"[Gen 9] VGC 2026 Reg I","players":["pzyxhic","zhz2021"],"log":"|j|\u2606pzyxhic\n|j|\u2606zhz2021\n|t:|1773844162\n|gametype|doubles\n|player|p1|pzyxhic|101|1382\n|player|p2|zhz2021|marley|1395\n|gen|9\n|tier|[Gen 9] VGC 2026 Reg I\n|rated|\n|rule|Species Clause: Limit one of each Pok\u00e9mon\n|rule|Item Clause: Limit 1 of each item\n|clearpoke\n|poke|p1|Giratina-Origin, L50|\n|poke|p1|Zamazenta-*, L50|\n|poke|p1|Incineroar, L50, F|\n|poke|p1|Amoonguss, L50, F|\n|poke|p1|Urshifu-*, L50, F|\n|poke|p1|Grimmsnarl, L50, M|\n|poke|p2|Giratina, L50|\n|poke|p2|Incineroar, L50, F|\n|poke|p2|Glimmora, L50, M|\n|poke|p2|Flutter Mane, L50|\n|poke|p2|Rillaboom, L50, M|\n|poke|p2|Zamazenta-*, L50|\n|teampreview|4\n|\n|t:|1773844185\n|teamsize|p1|4\n|teamsize|p2|4\n|start\n|switch|p1a: Giratina|Giratina-Origin, L50|100/100\n|switch|p1b: Urshifu|Urshifu-Rapid-Strike, L50, F|100/100\n|switch|p2a: Glimmora|Glimmora, L50, M|100/100\n|switch|p2b: Flutter Mane|Flutter Mane, L50|100/100\n|-enditem|p2b: Flutter Mane|Booster Energy\n|-activate|p2b: Flutter Mane|ability: Protosynthesis|[fromitem]\n|-start|p2b: Flutter Mane|protosynthesisspe\n|turn|1\n|inactive|Battle timer is ON: inactive players will automatically lose when time's up. (requested by zhz2021)\n|\n|t:|1773844208\n|move|p1a: Giratina|Shadow Sneak|p2b: Flutter Mane\n|-supereffective|p2b: Flutter Mane\n|-damage|p2b: Flutter Mane|18/100\n|move|p2b: Flutter Mane|Dazzling Gleam|p1b: Urshifu|[spread] p1a,p1b\n|-supereffective|p1a: Giratina\n|-supereffective|p1b: Urshifu\n|-damage|p1a: Giratina|65/100\n|-damage|p1b: Urshifu|9/100\n|move|p1b: Urshifu|Surging Strikes|p2a: Glimmora\n|-supereffective|p2a: Glimmora\n|-crit|p2a: Glimmora\n|-damage|p2a: Glimmora|50/100\n|-activate|p2a: Glimmora|ability: Toxic Debris\n|-sidestart|p1: pzyxhic|move: Toxic Spikes\n|-supereffective|p2a: Glimmora\n|-crit|p2a: Glimmora\n|-damage|p2a: Glimmora|0 fnt\n|-activate|p2a: Glimmora|ability: Toxic Debris\n|-sidestart|p1: pzyxhic|move: Toxic Spikes\n|faint|p2a: Glimmora\n|-hitcount|p2: Glimmora|2\n|\n|upkeep\n|\n|t:|1773844222\n|switch|p2a: Giratina|Giratina, L50|100/100\n|-ability|p2a: Giratina|Pressure\n|turn|2\n|\n|t:|1773844233\n|switch|p1b: Amoonguss|Amoonguss, L50, F|100/100\n|-sideend|p1: pzyxhic|move: Toxic Spikes|[of] p1b: Amoonguss\n|-terastallize|p2b: Flutter Mane|Normal\n|move|p1a: Giratina|Protect|p1a: Giratina\n|-singleturn|p1a: Giratina|Protect\n|move|p2b: Flutter Mane|Dazzling Gleam|p1b: Amoonguss|[spread] p1b\n|-activate|p1a: Giratina|move: Protect\n|-resisted|p1b: Amoonguss\n|-damage|p1b: Amoonguss|88/100\n|move|p2a: Giratina|Calm Mind|p2a: Giratina\n|-boost|p2a: Giratina|spa|1\n|-boost|p2a: Giratina|spd|1\n|\n|upkeep\n|turn|3\n|inactive|pzyxhic has 30 seconds left.\n|\n|t:|1773844259\n|switch|p1a: Zamazenta|Zamazenta-Crowned, L50|100/100\n|-ability|p1a: Zamazenta|Dauntless Shield|boost\n|-boost|p1a: Zamazenta|def|1\n|move|p2b: Flutter Mane|Taunt|p1b: Amoonguss\n|-start|p1b: Amoonguss|move: Taunt\n|move|p2a: Giratina|Hex|p1a: Zamazenta\n|-crit|p1a: Zamazenta\n|-damage|p1a: Zamazenta|62/100\n|cant|p1b: Amoonguss|move: Taunt|Spore\n|\n|upkeep\n|turn|4\n|\n|t:|1773844276\n|move|p2b: Flutter Mane|Thunder Wave|p1a: Zamazenta\n|-status|p1a: Zamazenta|par\n|move|p2a: Giratina|Hex|p1a: Zamazenta\n|-damage|p1a: Zamazenta|7/100 par\n|move|p1a: Zamazenta|Body Press|p2b: Flutter Mane\n|-supereffective|p2b: Flutter Mane\n|-damage|p2b: Flutter Mane|0 fnt\n|faint|p2b: Flutter Mane\n|-end|p2b: Flutter Mane|Protosynthesis|[silent]\n|move|p1b: Amoonguss|Pollen Puff|p1a: Zamazenta\n|-heal|p1a: Zamazenta|56/100 par\n|\n|upkeep\n|\n|t:|1773844284\n|switch|p2b: Incineroar|Incineroar, L50, F|100/100\n|-ability|p2b: Incineroar|Intimidate|boost\n|-unboost|p1a: Zamazenta|atk|1\n|-unboost|p1b: Amoonguss|atk|1\n|turn|5\n|\n|t:|1773844299\n|move|p1a: Zamazenta|Protect|p1a: Zamazenta\n|-singleturn|p1a: Zamazenta|Protect\n|move|p2a: Giratina|Hex|p1a: Zamazenta\n|-activate|p1a: Zamazenta|move: Protect\n|move|p2b: Incineroar|Will-O-Wisp|p1b: Amoonguss\n|-status|p1b: Amoonguss|brn\n|move|p1b: Amoonguss|Pollen Puff|p2b: Incineroar\n|-damage|p2b: Incineroar|87/100\n|\n|-damage|p1b: Amoonguss|82/100 brn|[from] brn\n|-end|p1b: Amoonguss|move: Taunt\n|upkeep\n|turn|6\n|\n|t:|1773844318\n|move|p1b: Amoonguss|Rage Powder|p1b: Amoonguss\n|-singleturn|p1b: Amoonguss|move: Rage Powder\n|move|p2a: Giratina|Hex|p1b: Amoonguss\n|-damage|p1b: Amoonguss|15/100 brn\n|move|p2b: Incineroar|Knock Off|p1b: Amoonguss\n|-damage|p1b: Amoonguss|0 fnt\n|-damage|p2b: Incineroar|70/100|[from] item: Rocky Helmet|[of] p1b: Amoonguss\n|-enditem|p1b: Amoonguss|Rocky Helmet|[from] move: Knock Off|[of] p2b: Incineroar\n|faint|p1b: Amoonguss\n|move|p1a: Zamazenta|Body Press|p2b: Incineroar\n|-supereffective|p2b: Incineroar\n|-damage|p2b: Incineroar|0 fnt\n|faint|p2b: Incineroar\n|\n|upkeep\n|\n|t:|1773844335\n|switch|p1b: Giratina|Giratina-Origin, L50|65/100\n|turn|7\n|\n|t:|1773844345\n|move|p1b: Giratina|Protect|p1b: Giratina\n|-singleturn|p1b: Giratina|Protect\n|move|p2a: Giratina|Dragon Pulse|p1b: Giratina\n|-activate|p1b: Giratina|move: Protect\n|move|p1a: Zamazenta|Coaching|p1b: Giratina\n|-boost|p1b: Giratina|atk|1\n|-boost|p1b: Giratina|def|1\n|\n|upkeep\n|turn|8\n|\n|t:|1773844363\n|-terastallize|p1b: Giratina|Fairy\n|move|p2a: Giratina|Dragon Pulse|p1b: Giratina\n|-immune|p1b: Giratina\n|move|p1b: Giratina|Poltergeist|p2a: Giratina\n|-activate|p2a: Giratina|move: Poltergeist|Leftovers\n|-supereffective|p2a: Giratina\n|-damage|p2a: Giratina|0 fnt\n|faint|p2a: Giratina\n|\n|win|pzyxhic\n|raw|pzyxhic's rating: 1382 &rarr; <strong>1403</strong><br />(+21 for winning)\n|raw|zhz2021's rating: 1395 &rarr; <strong>1374</strong><br />(-21 for losing)\n|l|\u2606pzyxhic\n|player|p1|\n|l|\u2606zhz2021\n|player|p2|\n","uploadtime":1773844574,"views":11,"formatid":"gen9vgc2026regi","rating":1374,"private":0,"password":null}