{"id":"gen9vgc2026regi-2530567593","format":"[Gen 9] VGC 2026 Reg I","players":["Metatitan","Galact7adi"],"log":"|j|\u2606Metatitan\n|j|\u2606Galact7adi\n|t:|1769940984\n|gametype|doubles\n|player|p1|Metatitan|cynthia-gen4|1250\n|player|p2|Galact7adi|169|1331\n|gen|9\n|tier|[Gen 9] VGC 2026 Reg I\n|rated|\n|rule|Species Clause: Limit one of each Pok\u00e9mon\n|rule|Item Clause: Limit 1 of each item\n|clearpoke\n|poke|p1|Rayquaza, L50|\n|poke|p1|Kyogre, L50|\n|poke|p1|Tornadus, L50, M|\n|poke|p1|Chien-Pao, L50|\n|poke|p1|Rhyperior, L50, M|\n|poke|p1|Malamar, L50, F|\n|poke|p2|Miraidon, L50|\n|poke|p2|Lunala, L50|\n|poke|p2|Urshifu-*, L50, F|\n|poke|p2|Incineroar, L50, F|\n|poke|p2|Whimsicott, L50, F|\n|poke|p2|Ursaluna, L50, M|\n|teampreview|4\n|inactive|Battle timer is ON: inactive players will automatically lose when time's up. (requested by Galact7adi)\n|inactive|Metatitan has 60 seconds left.\n|inactive|Galact7adi has 60 seconds left.\n|\n|t:|1769941042\n|teamsize|p1|4\n|teamsize|p2|4\n|start\n|switch|p1a: Kyogre|Kyogre, L50|100/100\n|switch|p1b: Tornadus|Tornadus, L50, M|100/100\n|switch|p2a: Miraidon|Miraidon, L50|100/100\n|switch|p2b: Whimsicott|Whimsicott, L50, F|100/100\n|-fieldstart|move: Electric Terrain|[from] ability: Hadron Engine|[of] p2a: Miraidon\n|-weather|RainDance|[from] ability: Drizzle|[of] p1a: Kyogre\n|turn|1\n|\n|t:|1769941058\n|switch|p1b: Rhyperior|Rhyperior, L50, M|100/100\n|move|p2b: Whimsicott|Tailwind|p2b: Whimsicott\n|-sidestart|p2: Galact7adi|move: Tailwind\n|move|p2a: Miraidon|Volt Switch|p1b: Rhyperior\n|-ability|p1b: Rhyperior|Lightning Rod|boost\n|-boost|p1b: Rhyperior|spa|1\n|move|p1a: Kyogre|Ice Beam|p2a: Miraidon\n|-supereffective|p2a: Miraidon\n|-damage|p2a: Miraidon|38/100\n|\n|-weather|RainDance|[upkeep]\n|upkeep\n|turn|2\n|\n|t:|1769941072\n|switch|p2a: Incineroar|Incineroar, L50, F|100/100\n|-ability|p2a: Incineroar|Intimidate|boost\n|-unboost|p1a: Kyogre|atk|1\n|-unboost|p1b: Rhyperior|atk|1\n|move|p2b: Whimsicott|Encore|p1a: Kyogre\n|-start|p1a: Kyogre|Encore\n|move|p1a: Kyogre|Ice Beam|p2b: Whimsicott\n|-supereffective|p2b: Whimsicott\n|-damage|p2b: Whimsicott|8/100\n|move|p1b: Rhyperior|High Horsepower|p2a: Incineroar\n|-supereffective|p2a: Incineroar\n|-damage|p2a: Incineroar|50/100\n|\n|-weather|RainDance|[upkeep]\n|upkeep\n|turn|3\n|inactive|Galact7adi has 30 seconds left.\n|\n|t:|1769941097\n|switch|p1a: Tornadus|Tornadus, L50, M|100/100\n|move|p2b: Whimsicott|Light Screen|p2b: Whimsicott\n|-sidestart|p2: Galact7adi|move: Light Screen\n|move|p2a: Incineroar|Knock Off|p1a: Tornadus\n|-damage|p1a: Tornadus|39/100\n|-enditem|p1a: Tornadus|Covert Cloak|[from] move: Knock Off|[of] p2a: Incineroar\n|move|p1b: Rhyperior|Earthquake|p2a: Incineroar|[spread] p2a,p2b\n|-immune|p1a: Tornadus\n|-supereffective|p2a: Incineroar\n|-resisted|p2b: Whimsicott\n|-damage|p2a: Incineroar|11/100\n|-damage|p2b: Whimsicott|0 fnt\n|faint|p2b: Whimsicott\n|\n|-weather|RainDance|[upkeep]\n|upkeep\n|\n|t:|1769941106\n|switch|p2b: Urshifu|Urshifu-Rapid-Strike, L50, F|100/100\n|turn|4\n|\n|t:|1769941119\n|-terastallize|p1b: Rhyperior|Fairy\n|move|p1a: Tornadus|Tailwind|p1a: Tornadus\n|-sidestart|p1: Metatitan|move: Tailwind\n|move|p2b: Urshifu|Surging Strikes|p1b: Rhyperior\n|-crit|p1b: Rhyperior\n|-damage|p1b: Rhyperior|65/100\n|-crit|p1b: Rhyperior\n|-damage|p1b: Rhyperior|32/100\n|-crit|p1b: Rhyperior\n|-damage|p1b: Rhyperior|0 fnt\n|faint|p1b: Rhyperior\n|-hitcount|p1: Rhyperior|3\n|move|p2a: Incineroar|Knock Off|p1a: Tornadus\n|-damage|p1a: Tornadus|2/100\n|\n|-weather|RainDance|[upkeep]\n|-sideend|p2: Galact7adi|move: Tailwind\n|upkeep\n|\n|t:|1769941130\n|switch|p1b: Kyogre|Kyogre, L50|100/100\n|turn|5\n|\n|t:|1769941144\n|move|p1a: Tornadus|Bleakwind Storm|p2a: Incineroar|[spread] p2a,p2b\n|-supereffective|p2b: Urshifu\n|-damage|p2a: Incineroar|0 fnt\n|-damage|p2b: Urshifu|20/100\n|faint|p2a: Incineroar\n|move|p1b: Kyogre|Water Spout|p2b: Urshifu\n|-resisted|p2b: Urshifu\n|-damage|p2b: Urshifu|0 fnt\n|faint|p2b: Urshifu\n|\n|-weather|none\n|-fieldend|move: Electric Terrain\n|upkeep\n|\n|t:|1769941147\n|switch|p2b: Miraidon|Miraidon, L50|38/100\n|-fieldstart|move: Electric Terrain|[from] ability: Hadron Engine|[of] p2b: Miraidon\n|turn|6\n|\n|t:|1769941155\n|-terastallize|p2b: Miraidon|Fairy\n|move|p1a: Tornadus|Scary Face|p2b: Miraidon\n|-unboost|p2b: Miraidon|spe|2\n|move|p1b: Kyogre|Ice Beam|p2b: Miraidon\n|-damage|p2b: Miraidon|17/100\n|move|p2b: Miraidon|Dazzling Gleam|p1b: Kyogre|[spread] p1a,p1b\n|-damage|p1a: Tornadus|0 fnt\n|-damage|p1b: Kyogre|51/100\n|faint|p1a: Tornadus\n|\n|upkeep\n|\n|t:|1769941162\n|switch|p1a: Rayquaza|Rayquaza, L50, shiny|100/100\n|-ability|p1a: Rayquaza|Air Lock\n|turn|7\n|\n|t:|1769941166\n|move|p1a: Rayquaza|Extreme Speed|p2b: Miraidon\n|-damage|p2b: Miraidon|0 fnt\n|faint|p2b: Miraidon\n|\n|win|Metatitan\n|raw|Metatitan's rating: 1250 &rarr; <strong>1281</strong><br />(+31 for winning)\n|raw|Galact7adi's rating: 1331 &rarr; <strong>1306</strong><br />(-25 for losing)\n|l|\u2606Galact7adi\n|player|p2|\n|l|\u2606Metatitan\n|player|p1|\n","uploadtime":1769941432,"views":12,"formatid":"gen9vgc2026regi","rating":1281,"private":0,"password":null}