{"id":"gen9vgc2026regi-2555896718","format":"[Gen 9] VGC 2026 Reg I","players":["fogdocker","GucciSoup"],"log":"|j|\u2606fogdocker\n|j|\u2606GucciSoup\n|t:|1773149830\n|gametype|doubles\n|player|p1|fogdocker|169|1469\n|player|p2|GucciSoup|wallace|1389\n|gen|9\n|tier|[Gen 9] VGC 2026 Reg I\n|rated|\n|rule|Species Clause: Limit one of each Pok\u00e9mon\n|rule|Item Clause: Limit 1 of each item\n|clearpoke\n|poke|p1|Calyrex-Ice, L50|\n|poke|p1|Koraidon, L50|\n|poke|p1|Flutter Mane, L50|\n|poke|p1|Incineroar, L50, M|\n|poke|p1|Rillaboom, L50, M|\n|poke|p1|Annihilape, L50, F|\n|poke|p2|Grimmsnarl, L50, M|\n|poke|p2|Okidogi, L50, M|\n|poke|p2|Torterra, L50, F|\n|poke|p2|Iron Valiant, L50|\n|poke|p2|Calyrex-Ice, L50|\n|poke|p2|Miraidon, L50|\n|teampreview|4\n|inactive|Battle timer is ON: inactive players will automatically lose when time's up. (requested by fogdocker)\n|\n|t:|1773149885\n|teamsize|p1|4\n|teamsize|p2|4\n|start\n|switch|p1a: Annihilape|Annihilape, L50, F|100/100\n|switch|p1b: Koraidon|Koraidon, L50|100/100\n|switch|p2a: Grimmsnarl|Grimmsnarl, L50, M|100/100\n|switch|p2b: Torterra|Torterra, L50, F|100/100\n|-weather|SunnyDay|[from] ability: Orichalcum Pulse|[of] p1b: Koraidon\n|-activate|p1b: Koraidon|Orichalcum Pulse|[source]\n|turn|1\n|\n|t:|1773149898\n|-terastallize|p1b: Koraidon|Fire\n|move|p2a: Grimmsnarl|Reflect|p2a: Grimmsnarl\n|-sidestart|p2: GucciSoup|Reflect\n|move|p1a: Annihilape|U-turn|p2a: Grimmsnarl\n|-damage|p2a: Grimmsnarl|88/100\n|\n|t:|1773149904\n|switch|p1a: Incineroar|Incineroar, L50, M|100/100|[from] U-turn\n|-ability|p1a: Incineroar|Intimidate|boost\n|-unboost|p2a: Grimmsnarl|atk|1\n|-unboost|p2b: Torterra|atk|1\n|move|p1b: Koraidon|Flare Blitz|p2b: Torterra\n|-supereffective|p2b: Torterra\n|-damage|p2b: Torterra|0 fnt\n|faint|p2b: Torterra\n|-damage|p1b: Koraidon|65/100|[from] Recoil\n|-damage|p1b: Koraidon|55/100|[from] item: Life Orb\n|\n|-weather|SunnyDay|[upkeep]\n|upkeep\n|\n|t:|1773149913\n|switch|p2b: Miraidon|Miraidon, L50|100/100\n|-fieldstart|move: Electric Terrain|[from] ability: Hadron Engine|[of] p2b: Miraidon\n|-enditem|p2b: Miraidon|Electric Seed\n|-boost|p2b: Miraidon|def|1|[from] item: Electric Seed\n|turn|2\n|\n|t:|1773149927\n|move|p2b: Miraidon|Protect|p2b: Miraidon\n|-singleturn|p2b: Miraidon|Protect\n|move|p1a: Incineroar|Fake Out|p2b: Miraidon\n|-activate|p2b: Miraidon|move: Protect\n|move|p2a: Grimmsnarl|Thunder Wave|p1b: Koraidon\n|-status|p1b: Koraidon|par\n|cant|p1b: Koraidon|par\n|\n|-weather|SunnyDay|[upkeep]\n|upkeep\n|turn|3\n|\n|t:|1773149942\n|switch|p1b: Rillaboom|Rillaboom, L50, M|100/100\n|-fieldstart|move: Grassy Terrain|[from] ability: Grassy Surge|[of] p1b: Rillaboom\n|move|p2b: Miraidon|Calm Mind|p2b: Miraidon\n|-boost|p2b: Miraidon|spa|1\n|-boost|p2b: Miraidon|spd|1\n|move|p2a: Grimmsnarl|Spirit Break|p1a: Incineroar\n|-damage|p1a: Incineroar|83/100\n|-unboost|p1a: Incineroar|spa|1\n|move|p1a: Incineroar|Parting Shot|p2b: Miraidon\n|-unboost|p2b: Miraidon|atk|1\n|-unboost|p2b: Miraidon|spa|1\n|\n|t:|1773149948\n|switch|p1a: Annihilape|Annihilape, L50, F|100/100|[from] Parting Shot\n|\n|-weather|SunnyDay|[upkeep]\n|-heal|p2a: Grimmsnarl|94/100|[from] Grassy Terrain\n|upkeep\n|turn|4\n|inactive|GucciSoup has 30 seconds left.\n|\n|t:|1773149982\n|move|p1b: Rillaboom|Fake Out|p2a: Grimmsnarl\n|-damage|p2a: Grimmsnarl|86/100\n|cant|p2a: Grimmsnarl|flinch\n|move|p1a: Annihilape|Final Gambit|p2b: Miraidon\n|-damage|p2b: Miraidon|0 fnt\n|faint|p1a: Annihilape\n|faint|p2b: Miraidon\n|\n|-weather|SunnyDay|[upkeep]\n|-heal|p2a: Grimmsnarl|91/100|[from] Grassy Terrain\n|upkeep\n|\n|t:|1773149990\n|switch|p2b: Calyrex|Calyrex-Ice, L50|100/100\n|switch|p1a: Incineroar|Incineroar, L50, M|83/100\n|-ability|p2b: Calyrex|As One\n|-ability|p2b: Calyrex|Unnerve\n|-ability|p1a: Incineroar|Intimidate|boost\n|-unboost|p2a: Grimmsnarl|atk|1\n|-fail|p2b: Calyrex|unboost|[from] item: Clear Amulet|[of] p2b: Calyrex\n|turn|5\n|\n|t:|1773150000\n|move|p2b: Calyrex|Protect|p2b: Calyrex\n|-singleturn|p2b: Calyrex|Protect\n|move|p1a: Incineroar|Fake Out|p2b: Calyrex\n|-activate|p2b: Calyrex|move: Protect\n|move|p2a: Grimmsnarl|Thunder Wave|p1b: Rillaboom\n|-status|p1b: Rillaboom|par\n|move|p1b: Rillaboom|U-turn|p2a: Grimmsnarl\n|-damage|p2a: Grimmsnarl|78/100\n|\n|t:|1773150004\n|switch|p1b: Koraidon|Koraidon, L50, tera:Fire|55/100 par|[from] U-turn\n|-activate|p1b: Koraidon|ability: Orichalcum Pulse\n|\n|-weather|none\n|-heal|p1b: Koraidon|61/100 par|[from] Grassy Terrain\n|-heal|p2a: Grimmsnarl|84/100|[from] Grassy Terrain\n|-heal|p1a: Incineroar|89/100|[from] Grassy Terrain\n|upkeep\n|turn|6\n|\n|t:|1773150027\n|cant|p1b: Koraidon|par\n|move|p2b: Calyrex|Glacial Lance|p1b: Koraidon|[spread] p1a,p1b\n|-resisted|p1a: Incineroar\n|-resisted|p1b: Koraidon\n|-damage|p1a: Incineroar|68/100\n|-damage|p1b: Koraidon|38/100 par\n|move|p2a: Grimmsnarl|Spirit Break|p1b: Koraidon\n|-resisted|p1b: Koraidon\n|-damage|p1b: Koraidon|31/100 par\n|-unboost|p1b: Koraidon|spa|1\n|move|p1a: Incineroar|Knock Off|p2b: Calyrex\n|-supereffective|p2b: Calyrex\n|-damage|p2b: Calyrex|73/100\n|-enditem|p2b: Calyrex|Clear Amulet|[from] move: Knock Off|[of] p1a: Incineroar\n|\n|-heal|p1b: Koraidon|37/100 par|[from] Grassy Terrain\n|-heal|p2b: Calyrex|79/100|[from] Grassy Terrain\n|-heal|p2a: Grimmsnarl|90/100|[from] Grassy Terrain\n|-heal|p1a: Incineroar|74/100|[from] Grassy Terrain\n|upkeep\n|turn|7\n|inactive|GucciSoup has 30 seconds left.\n|\n|t:|1773150057\n|-terastallize|p2b: Calyrex|Fire\n|cant|p1b: Koraidon|par\n|move|p2b: Calyrex|Glacial Lance|p1a: Incineroar|[spread] p1a,p1b\n|-resisted|p1a: Incineroar\n|-resisted|p1b: Koraidon\n|-damage|p1a: Incineroar|54/100\n|-damage|p1b: Koraidon|15/100 par\n|move|p2a: Grimmsnarl|Spirit Break|p1b: Koraidon\n|-resisted|p1b: Koraidon\n|-damage|p1b: Koraidon|8/100 par\n|-unboost|p1b: Koraidon|spa|1\n|move|p1a: Incineroar|Parting Shot|p2a: Grimmsnarl\n|-unboost|p2a: Grimmsnarl|atk|1\n|-unboost|p2a: Grimmsnarl|spa|1\n|\n|t:|1773150065\n|switch|p1a: Rillaboom|Rillaboom, L50, M|100/100 par|[from] Parting Shot\n|\n|-heal|p1b: Koraidon|14/100 par|[from] Grassy Terrain\n|-heal|p2b: Calyrex|85/100|[from] Grassy Terrain\n|-heal|p2a: Grimmsnarl|96/100|[from] Grassy Terrain\n|-fieldend|move: Grassy Terrain\n|upkeep\n|turn|8\n|\n|t:|1773150079\n|move|p1a: Rillaboom|Fake Out|p2b: Calyrex\n|-damage|p2b: Calyrex|80/100\n|cant|p1b: Koraidon|par\n|cant|p2b: Calyrex|flinch\n|move|p2a: Grimmsnarl|Spirit Break|p1b: Koraidon\n|-resisted|p1b: Koraidon\n|-damage|p1b: Koraidon|9/100 par\n|-unboost|p1b: Koraidon|spa|1\n|\n|-sideend|p2: GucciSoup|Reflect\n|upkeep\n|turn|9\n|\n|t:|1773150091\n|move|p2a: Grimmsnarl|Reflect|p2a: Grimmsnarl\n|-sidestart|p2: GucciSoup|Reflect\n|move|p1b: Koraidon|Close Combat|p2b: Calyrex\n|-damage|p2b: Calyrex|46/100\n|-unboost|p1b: Koraidon|def|1\n|-unboost|p1b: Koraidon|spd|1\n|-damage|p1b: Koraidon|0 fnt|[from] item: Life Orb\n|faint|p1b: Koraidon\n|move|p2b: Calyrex|Glacial Lance|p1a: Rillaboom\n|-supereffective|p1a: Rillaboom\n|-damage|p1a: Rillaboom|0 fnt\n|faint|p1a: Rillaboom\n|-ability|p2b: Calyrex|Chilling Neigh|boost\n|-boost|p2b: Calyrex|atk|1\n|\n|upkeep\n|\n|t:|1773150098\n|switch|p1b: Incineroar|Incineroar, L50, M|54/100\n|-ability|p1b: Incineroar|Intimidate|boost\n|-unboost|p2a: Grimmsnarl|atk|1\n|-unboost|p2b: Calyrex|atk|1\n|turn|10\n|\n|t:|1773150102\n|move|p2b: Calyrex|Protect|p2b: Calyrex\n|-singleturn|p2b: Calyrex|Protect\n|move|p2a: Grimmsnarl|Spirit Break|p1b: Incineroar\n|-damage|p1b: Incineroar|47/100\n|-unboost|p1b: Incineroar|spa|1\n|move|p1b: Incineroar|Knock Off|p2b: Calyrex\n|-activate|p2b: Calyrex|move: Protect\n|\n|upkeep\n|turn|11\n|-message|fogdocker forfeited.\n|\n|win|GucciSoup\n|raw|fogdocker's rating: 1469 &rarr; <strong>1444</strong><br />(-25 for losing)\n|raw|GucciSoup's rating: 1389 &rarr; <strong>1414</strong><br />(+25 for winning)\n|l|\u2606fogdocker\n|player|p1|\n|l|\u2606GucciSoup\n|player|p2|\n","uploadtime":1773150280,"views":16,"formatid":"gen9vgc2026regi","rating":1414,"private":0,"password":null}