{"id":"gen9vgc2026regi-2567123269","format":"[Gen 9] VGC 2026 Reg I","players":["ArisHazard","ranchsauce"],"log":"|j|\u2606ArisHazard\n|j|\u2606ranchsauce\n|t:|1774450918\n|gametype|doubles\n|player|p1|ArisHazard|169|1407\n|player|p2|ranchsauce|baker|1355\n|gen|9\n|tier|[Gen 9] VGC 2026 Reg I\n|rated|\n|rule|Species Clause: Limit one of each Pok\u00e9mon\n|rule|Item Clause: Limit 1 of each item\n|clearpoke\n|poke|p1|Calyrex-Ice, L50|\n|poke|p1|Hitmontop, L50, M|\n|poke|p1|Miraidon, L50|\n|poke|p1|Sableye, L50, F|\n|poke|p1|Ting-Lu, L50|\n|poke|p1|Volcarona, L50, M|\n|poke|p2|Calyrex-Ice, L50|\n|poke|p2|Lunala, L50|\n|poke|p2|Smeargle, L50, M|\n|poke|p2|Urshifu-*, L50, M|\n|poke|p2|Torkoal, L50, M|\n|poke|p2|Indeedee-F, L50, F|\n|teampreview|4\n|inactive|Battle timer is ON: inactive players will automatically lose when time's up. (requested by ArisHazard)\n|\n|t:|1774450945\n|teamsize|p1|4\n|teamsize|p2|4\n|start\n|switch|p1a: Calyrex|Calyrex-Ice, L50|100/100\n|switch|p1b: Volcarona|Volcarona, L50, M|100/100\n|switch|p2a: Lunala|Lunala, L50, shiny|100/100\n|switch|p2b: Smeargle|Smeargle, L50, M|100/100\n|-ability|p1a: Calyrex|As One\n|-ability|p1a: Calyrex|Unnerve\n|turn|1\n|\n|t:|1774450962\n|switch|p1b: Ting-Lu|Ting-Lu, L50|100/100\n|-ability|p1b: Ting-Lu|Vessel of Ruin\n|move|p1a: Calyrex|Protect|p1a: Calyrex\n|-singleturn|p1a: Calyrex|Protect\n|move|p2b: Smeargle|Spore|p1a: Calyrex\n|-activate|p1a: Calyrex|move: Protect\n|move|p2a: Lunala|Meteor Beam||[still]\n|-prepare|p2a: Lunala|Meteor Beam\n|-boost|p2a: Lunala|spa|1\n|-enditem|p2a: Lunala|Power Herb\n|-anim|p2a: Lunala|Meteor Beam|p1b: Ting-Lu\n|-resisted|p1b: Ting-Lu\n|-damage|p1b: Ting-Lu|84/100\n|\n|upkeep\n|turn|2\n|\n|t:|1774450981\n|switch|p1a: Volcarona|Volcarona, L50, M|100/100\n|move|p2b: Smeargle|Decorate|p2a: Lunala\n|-boost|p2a: Lunala|atk|2\n|-boost|p2a: Lunala|spa|2\n|move|p2a: Lunala|Moongeist Beam|p1a: Volcarona\n|-damage|p1a: Volcarona|12/100\n|move|p1b: Ting-Lu|Sand Tomb|p2a: Lunala\n|-damage|p2a: Lunala|95/100\n|-activate|p2a: Lunala|move: Sand Tomb|[of] p1b: Ting-Lu\n|\n|-damage|p2a: Lunala|83/100|[from] move: Sand Tomb|[partiallytrapped]\n|upkeep\n|turn|3\n|\n|t:|1774450999\n|move|p1a: Volcarona|Rage Powder|p1a: Volcarona\n|-singleturn|p1a: Volcarona|move: Rage Powder\n|move|p2b: Smeargle|Spore|p1a: Volcarona\n|-activate|p1a: Volcarona|item: Safety Goggles|Spore\n|move|p2a: Lunala|Moongeist Beam|p1a: Volcarona\n|-damage|p1a: Volcarona|0 fnt\n|faint|p1a: Volcarona\n|move|p1b: Ting-Lu|Ruination|p2a: Lunala\n|-damage|p2a: Lunala|42/100\n|\n|-damage|p2a: Lunala|29/100|[from] move: Sand Tomb|[partiallytrapped]\n|upkeep\n|\n|t:|1774451013\n|switch|p1a: Hitmontop|Hitmontop, L50, M|100/100\n|-ability|p1a: Hitmontop|Intimidate|boost\n|-unboost|p2a: Lunala|atk|1\n|-unboost|p2b: Smeargle|atk|1\n|turn|4\n|\n|t:|1774451027\n|switch|p2b: Indeedee|Indeedee-F, L50, F, shiny|100/100\n|-fieldstart|move: Psychic Terrain|[from] ability: Psychic Surge|[of] p2b: Indeedee\n|move|p1a: Hitmontop|Fake Out|p2b: Indeedee\n|-activate|p2b: Indeedee|move: Psychic Terrain\n|move|p2a: Lunala|Expanding Force|p1b: Ting-Lu|[spread] p1a\n|-immune|p1b: Ting-Lu\n|-supereffective|p1a: Hitmontop\n|-damage|p1a: Hitmontop|0 fnt\n|faint|p1a: Hitmontop\n|move|p1b: Ting-Lu|Stomping Tantrum|p2a: Lunala\n|-damage|p2a: Lunala|4/100\n|\n|-damage|p2a: Lunala|0 fnt|[from] move: Sand Tomb|[partiallytrapped]\n|faint|p2a: Lunala\n|upkeep\n|\n|t:|1774451043\n|switch|p2a: Smeargle|Smeargle, L50, M|100/100\n|switch|p1a: Calyrex|Calyrex-Ice, L50|100/100\n|-ability|p1a: Calyrex|As One\n|-ability|p1a: Calyrex|Unnerve\n|turn|5\n|\n|t:|1774451052\n|move|p1a: Calyrex|Protect|p1a: Calyrex\n|-singleturn|p1a: Calyrex|Protect\n|move|p2a: Smeargle|Spore|p1b: Ting-Lu\n|-status|p1b: Ting-Lu|slp|[from] move: Spore\n|move|p2b: Indeedee|Alluring Voice|p1a: Calyrex\n|-activate|p1a: Calyrex|move: Protect\n|cant|p1b: Ting-Lu|slp\n|\n|upkeep\n|turn|6\n|\n|t:|1774451064\n|switch|p2b: Calyrex|Calyrex-Ice, L50|100/100\n|-ability|p2b: Calyrex|As One\n|-ability|p2b: Calyrex|Unnerve\n|move|p2a: Smeargle|Spore|p1a: Calyrex\n|-status|p1a: Calyrex|slp|[from] move: Spore\n|-curestatus|p1b: Ting-Lu|slp|[msg]\n|move|p1b: Ting-Lu|Ruination|p2a: Smeargle\n|-damage|p2a: Smeargle|51/100\n|cant|p1a: Calyrex|slp\n|\n|upkeep\n|turn|7\n|\n|t:|1774451080\n|move|p1b: Ting-Lu|Protect|p1b: Ting-Lu\n|-singleturn|p1b: Ting-Lu|Protect\n|move|p2a: Smeargle|Spore|p1b: Ting-Lu\n|-activate|p1b: Ting-Lu|move: Protect\n|-curestatus|p1a: Calyrex|slp|[msg]\n|move|p1a: Calyrex|Glacial Lance|p2a: Smeargle|[spread] p2a,p2b\n|-resisted|p2b: Calyrex\n|-damage|p2a: Smeargle|0 fnt\n|-damage|p2b: Calyrex|82/100\n|faint|p2a: Smeargle\n|-ability|p1a: Calyrex|Chilling Neigh|boost\n|-boost|p1a: Calyrex|atk|1\n|move|p2b: Calyrex|Glacial Lance|p1a: Calyrex|[spread] p1a\n|-activate|p1b: Ting-Lu|move: Protect\n|-resisted|p1a: Calyrex\n|-damage|p1a: Calyrex|81/100\n|\n|upkeep\n|\n|t:|1774451083\n|switch|p2a: Indeedee|Indeedee-F, L50, F, shiny|100/100\n|turn|8\n|\n|t:|1774451102\n|-terastallize|p2a: Indeedee|Fairy\n|-terastallize|p1b: Ting-Lu|Poison\n|move|p2a: Indeedee|Helping Hand|p2b: Calyrex\n|-singleturn|p2b: Calyrex|Helping Hand|[of] p2a: Indeedee\n|move|p1b: Ting-Lu|Ruination|p2b: Calyrex\n|-damage|p2b: Calyrex|42/100\n|move|p1a: Calyrex|Glacial Lance|p2b: Calyrex|[spread] p2a,p2b\n|-resisted|p2b: Calyrex\n|-damage|p2a: Indeedee|12/100\n|-damage|p2b: Calyrex|15/100\n|move|p2b: Calyrex|Glacial Lance|p1b: Ting-Lu|[spread] p1a,p1b\n|-resisted|p1a: Calyrex\n|-damage|p1a: Calyrex|53/100\n|-damage|p1b: Ting-Lu|38/100\n|\n|-fieldend|move: Psychic Terrain\n|upkeep\n|turn|9\n|\n|t:|1774451123\n|move|p2a: Indeedee|Helping Hand|p2b: Calyrex\n|-singleturn|p2b: Calyrex|Helping Hand|[of] p2a: Indeedee\n|move|p1b: Ting-Lu|Stomping Tantrum|p2b: Calyrex\n|-crit|p2b: Calyrex\n|-damage|p2b: Calyrex|0 fnt\n|faint|p2b: Calyrex\n|move|p1a: Calyrex|Glacial Lance|p2a: Indeedee\n|-damage|p2a: Indeedee|0 fnt\n|faint|p2a: Indeedee\n|\n|win|ArisHazard\n|raw|ArisHazard's rating: 1407 &rarr; <strong>1424</strong><br />(+17 for winning)\n|raw|ranchsauce's rating: 1355 &rarr; <strong>1338</strong><br />(-17 for losing)\n|l|\u2606ranchsauce\n|player|p2|\n|l|\u2606ArisHazard\n|player|p1|\n","uploadtime":1774451373,"views":31,"formatid":"gen9vgc2026regi","rating":1338,"private":0,"password":null}