{"id":"gen9vgc2026regi-2563782167","format":"[Gen 9] VGC 2026 Reg I","players":["LunarRain27","TheManOfSausage"],"log":"|j|\u2606LunarRain27\n|j|\u2606TheManOfSausage\n|t:|1774061596\n|gametype|doubles\n|player|p1|LunarRain27|skyla|1239\n|player|p2|TheManOfSausage|miku-water|1301\n|gen|9\n|tier|[Gen 9] VGC 2026 Reg I\n|rated|\n|rule|Species Clause: Limit one of each Pok\u00e9mon\n|rule|Item Clause: Limit 1 of each item\n|clearpoke\n|poke|p1|Kyogre, L50|\n|poke|p1|Calyrex-Ice, L50|\n|poke|p1|Indeedee-F, L50, F|\n|poke|p1|Archaludon, L50, M|\n|poke|p1|Iron Crown, L50|\n|poke|p1|Porygon2, L50|\n|poke|p2|Calyrex-Shadow, L50|\n|poke|p2|Miraidon, L50|\n|poke|p2|Clefairy, L50, M|\n|poke|p2|Rillaboom, L50, M|\n|poke|p2|Incineroar, L50, M|\n|poke|p2|Urshifu-*, L50, M|\n|teampreview|4\n|inactive|Battle timer is ON: inactive players will automatically lose when time's up. (requested by LunarRain27)\nTheManOfSausage has agreed to open team sheets.\nLunarRain27 has agreed to open team sheets.\n|showteam|p1|Kyogre||ChoiceSpecs|Drizzle|WaterSpout,Thunder,IceBeam,TeraBlast||||||50|,,,,,Grass]Calyrex-Ice||ClearAmulet|AsOneGlastrier|GlacialLance,HighHorsepower,TrickRoom,Protect||||||50|,,,,,Normal]Indeedee-F||SafetyGoggles|PsychicSurge|FollowMe,TrickRoom,Psychic,HealPulse|||F|||50|,,,,,Fairy]Archaludon||AssaultVest|Stamina|ElectroShot,DracoMeteor,BodyPress,Snarl|||M|||50|,,,,,Fighting]Iron Crown||PsychicSeed|QuarkDrive|TachyonCutter,ExpandingForce,CalmMind,Protect||||||50|,,,,,Dragon]Porygon2||Eviolite|Trace|TrickRoom,IceBeam,Psyshock,ShadowBall||||||50|,,,,,Ghost\n|showteam|p2|Calyrex-Shadow||CovertCloak|AsOneSpectrier|AstralBarrage,DrainingKiss,NastyPlot,Protect||||||50|,,,,,Fairy]Miraidon||ChoiceScarf|HadronEngine|ElectroDrift,VoltSwitch,DracoMeteor,Snarl||||||50|,,,,,Electric]Clefairy||Eviolite|FriendGuard|HelpingHand,FollowMe,AfterYou,Protect|||M|||50|,,,,,Ground]Rillaboom||AssaultVest|GrassySurge|WoodHammer,GrassyGlide,Uturn,FakeOut|||M|||50|,,,,,Fire]Incineroar||RockyHelmet|Intimidate|FlareBlitz,KnockOff,FakeOut,PartingShot|||M|||50|,,,,,Grass]Urshifu||FocusSash|UnseenFist|CloseCombat,WickedBlow,SuckerPunch,Detect|||M|||50|,,,,,Dark\n|inactive|TheManOfSausage has 60 seconds left.\n|\n|t:|1774061632\n|teamsize|p1|4\n|teamsize|p2|4\n|start\n|switch|p1a: Indeedee|Indeedee-F, L50, F|100/100\n|switch|p1b: Porygon2|Porygon2, L50|100/100\n|switch|p2a: Magical Mirai|Miraidon, L50|100/100\n|switch|p2b: Rice Shower|Calyrex-Shadow, L50|100/100\n|-ability|p2b: Rice Shower|As One\n|-ability|p2b: Rice Shower|Unnerve\n|-fieldstart|move: Electric Terrain|[from] ability: Hadron Engine|[of] p2a: Magical Mirai\n|-fieldstart|move: Psychic Terrain|[from] ability: Psychic Surge|[of] p1a: Indeedee\n|-ability|p1b: Porygon2|Hadron Engine|Trace|[from] ability: Trace|[of] p2a: Magical Mirai\n|-fieldstart|move: Electric Terrain|[from] ability: Hadron Engine|[of] p1b: Porygon2\n|turn|1\n|inactive|LunarRain27 has 30 seconds left.\n|\n|t:|1774061658\n|-terastallize|p2b: Rice Shower|Fairy\n|move|p1a: Indeedee|Follow Me|p1a: Indeedee\n|-singleturn|p1a: Indeedee|move: Follow Me\n|move|p2a: Magical Mirai|Snarl|p1b: Porygon2|[spread] p1a,p1b\n|-supereffective|p1a: Indeedee\n|-damage|p1a: Indeedee|71/100\n|-damage|p1b: Porygon2|87/100\n|-unboost|p1a: Indeedee|spa|1\n|-unboost|p1b: Porygon2|spa|1\n|move|p2b: Rice Shower|Nasty Plot|p2b: Rice Shower\n|-boost|p2b: Rice Shower|spa|2\n|move|p1b: Porygon2|Trick Room|p1b: Porygon2\n|-fieldstart|move: Trick Room|[of] p1b: Porygon2\n|\n|upkeep\n|turn|2\n|inactive|LunarRain27 has 30 seconds left.\n|inactive|LunarRain27 has 20 seconds left.\n|\n|t:|1774061695\n|switch|p2a: Rillaboom|Rillaboom, L50, M|100/100\n|-fieldstart|move: Grassy Terrain|[from] ability: Grassy Surge|[of] p2a: Rillaboom\n|move|p1b: Porygon2|Ice Beam|p2b: Rice Shower\n|-damage|p2b: Rice Shower|83/100\n|move|p1a: Indeedee|Psychic|p2b: Rice Shower\n|-damage|p2b: Rice Shower|64/100\n|move|p2b: Rice Shower|Nasty Plot|p2b: Rice Shower\n|-boost|p2b: Rice Shower|spa|2\n|\n|-heal|p1b: Porygon2|93/100|[from] Grassy Terrain\n|-heal|p1a: Indeedee|77/100|[from] Grassy Terrain\n|-heal|p2b: Rice Shower|70/100|[from] Grassy Terrain\n|upkeep\n|turn|3\n|inactive|LunarRain27 has 30 seconds left.\n|\n|t:|1774061724\n|move|p1b: Porygon2|Ice Beam|p2a: Rillaboom\n|-supereffective|p2a: Rillaboom\n|-damage|p2a: Rillaboom|75/100\n|move|p1a: Indeedee|Psychic|p2a: Rillaboom\n|-damage|p2a: Rillaboom|62/100\n|move|p2a: Rillaboom|U-turn|p1a: Indeedee\n|-supereffective|p1a: Indeedee\n|-crit|p1a: Indeedee\n|-damage|p1a: Indeedee|0 fnt\n|faint|p1a: Indeedee\n|\n|t:|1774061728\n|switch|p2a: pipi|Clefairy, L50, M|100/100|[from] U-turn\n|move|p2b: Rice Shower|Nasty Plot|p2b: Rice Shower\n|-boost|p2b: Rice Shower|spa|2\n|\n|-heal|p1b: Porygon2|99/100|[from] Grassy Terrain\n|-heal|p2b: Rice Shower|76/100|[from] Grassy Terrain\n|upkeep\n|\n|t:|1774061740\n|switch|p1a: Kyogre|Kyogre, L50|100/100\n|-weather|RainDance|[from] ability: Drizzle|[of] p1a: Kyogre\n|turn|4\n|\n|t:|1774061762\n|move|p2a: pipi|After You|p2b: Rice Shower\n|-activate|p2b: Rice Shower|move: After You\n|move|p2b: Rice Shower|Astral Barrage|p1a: Kyogre|[spread] p1a\n|-immune|p1b: Porygon2\n|-damage|p1a: Kyogre|0 fnt\n|faint|p1a: Kyogre\n|move|p1b: Porygon2|Ice Beam|p2a: pipi\n|-damage|p2a: pipi|84/100\n|\n|-weather|RainDance|[upkeep]\n|-heal|p2a: pipi|90/100|[from] Grassy Terrain\n|-heal|p1b: Porygon2|100/100|[from] Grassy Terrain\n|-heal|p2b: Rice Shower|82/100|[from] Grassy Terrain\n|upkeep\n|\n|t:|1774061773\n|switch|p1a: Calyrex|Calyrex-Ice, L50|100/100\n|-ability|p1a: Calyrex|As One\n|-ability|p1a: Calyrex|Unnerve\n|turn|5\n|\n|t:|1774061786\n|-terastallize|p1a: Calyrex|Normal\n|move|p2a: pipi|After You|p2b: Rice Shower\n|-activate|p2b: Rice Shower|move: After You\n|move|p2b: Rice Shower|Draining Kiss|p1b: Porygon2\n|-damage|p1b: Porygon2|12/100\n|-heal|p2b: Rice Shower|100/100|[from] drain|[of] p1b: Porygon2\n|move|p1a: Calyrex|Glacial Lance|p2a: pipi|[spread] p2a,p2b\n|-damage|p2a: pipi|41/100\n|-damage|p2b: Rice Shower|58/100\n|move|p1b: Porygon2|Psyshock|p2b: Rice Shower\n|-damage|p2b: Rice Shower|41/100\n|\n|-weather|RainDance|[upkeep]\n|-heal|p2a: pipi|47/100|[from] Grassy Terrain\n|-heal|p1b: Porygon2|18/100|[from] Grassy Terrain\n|-heal|p2b: Rice Shower|47/100|[from] Grassy Terrain\n|-fieldend|move: Trick Room\n|upkeep\n|turn|6\n|\n|t:|1774061805\n|move|p2a: pipi|Protect|p2a: pipi\n|-singleturn|p2a: pipi|Protect\n|move|p2b: Rice Shower|Draining Kiss|p1b: Porygon2\n|-damage|p1b: Porygon2|0 fnt\n|-heal|p2b: Rice Shower|61/100|[from] drain|[of] p1b: Porygon2\n|faint|p1b: Porygon2\n|move|p1a: Calyrex|Glacial Lance|p2a: pipi|[spread] p2b\n|-activate|p2a: pipi|move: Protect\n|-damage|p2b: Rice Shower|13/100\n|\n|-weather|RainDance|[upkeep]\n|-heal|p2b: Rice Shower|19/100|[from] Grassy Terrain\n|-heal|p2a: pipi|53/100|[from] Grassy Terrain\n|-fieldend|move: Grassy Terrain\n|upkeep\n|turn|7\n|-message|LunarRain27 forfeited.\n|\n|win|TheManOfSausage\n|raw|LunarRain27's rating: 1239 &rarr; <strong>1218</strong><br />(-21 for losing)\n|raw|TheManOfSausage's rating: 1301 &rarr; <strong>1317</strong><br />(+16 for winning)\n|l|\u2606LunarRain27\n|player|p1|\n|l|\u2606TheManOfSausage\n|player|p2|\n","uploadtime":1774062067,"views":14,"formatid":"gen9vgc2026regi","rating":1218,"private":0,"password":null}