{"id":"gen9vgc2026regi-2567992709","format":"[Gen 9] VGC 2026 Reg I","players":["Cello L.","MVPHEE"],"log":"|j|\u2606Cello L.\n|j|\u2606MVPHEE\n|t:|1774539335\n|gametype|doubles\n|player|p1|Cello L.|cynthia-gen4|1453\n|player|p2|MVPHEE|101|1479\n|gen|9\n|tier|[Gen 9] VGC 2026 Reg I\n|rated|\n|rule|Species Clause: Limit one of each Pok\u00e9mon\n|rule|Item Clause: Limit 1 of each item\n|clearpoke\n|poke|p1|Miraidon, L50|\n|poke|p1|Zamazenta-*, L50|\n|poke|p1|Chien-Pao, L50|\n|poke|p1|Ogerpon-Cornerstone, L50, F|\n|poke|p1|Farigiraf, L50, M|\n|poke|p1|Iron Hands, L50|\n|poke|p2|Amoonguss, L50, F|\n|poke|p2|Calyrex-Ice, L50|\n|poke|p2|Kyogre, L50|\n|poke|p2|Grimmsnarl, L50, M|\n|poke|p2|Flutter Mane, L50|\n|poke|p2|Basculegion, L50, M|\n|teampreview|4\n|\n|t:|1774539382\n|teamsize|p1|4\n|teamsize|p2|4\n|start\n|switch|p1a: Miraidon|Miraidon, L50|100/100\n|switch|p1b: Zamazenta|Zamazenta-Crowned, L50|100/100\n|switch|p2a: Calyrex|Calyrex-Ice, L50|100/100\n|switch|p2b: Grimmsnarl|Grimmsnarl, L50, M|100/100\n|-ability|p2a: Calyrex|As One\n|-ability|p2a: Calyrex|Unnerve\n|-fieldstart|move: Electric Terrain|[from] ability: Hadron Engine|[of] p1a: Miraidon\n|-ability|p1b: Zamazenta|Dauntless Shield|boost\n|-boost|p1b: Zamazenta|def|1\n|turn|1\n|inactive|Battle timer is ON: inactive players will automatically lose when time's up. (requested by MVPHEE)\n|\n|t:|1774539406\n|-terastallize|p1a: Miraidon|Fairy\n|move|p2a: Calyrex|Protect|p2a: Calyrex\n|-singleturn|p2a: Calyrex|Protect\n|move|p2b: Grimmsnarl|Reflect|p2b: Grimmsnarl\n|-sidestart|p2: MVPHEE|Reflect\n|move|p1a: Miraidon|Electro Drift|p2a: Calyrex\n|-activate|p2a: Calyrex|move: Protect\n|move|p1b: Zamazenta|Body Press|p2a: Calyrex\n|-activate|p2a: Calyrex|move: Protect\n|\n|upkeep\n|turn|2\n|\n|t:|1774539417\n|-terastallize|p2a: Calyrex|Grass\n|move|p2b: Grimmsnarl|Light Screen|p2b: Grimmsnarl\n|-sidestart|p2: MVPHEE|move: Light Screen\n|move|p1a: Miraidon|Electro Drift|p2a: Calyrex\n|-resisted|p2a: Calyrex\n|-damage|p2a: Calyrex|73/100\n|move|p1b: Zamazenta|Body Press|p2b: Grimmsnarl\n|-damage|p2b: Grimmsnarl|45/100\n|move|p2a: Calyrex|Trick Room|p2a: Calyrex\n|-fieldstart|move: Trick Room|[of] p2a: Calyrex\n|\n|-heal|p2a: Calyrex|79/100|[from] item: Leftovers\n|upkeep\n|turn|3\n|\n|t:|1774539431\n|move|p1b: Zamazenta|Wide Guard|p1b: Zamazenta\n|-singleturn|p1b: Zamazenta|Wide Guard\n|move|p2a: Calyrex|Leech Seed|p1b: Zamazenta\n|-start|p1b: Zamazenta|move: Leech Seed\n|move|p2b: Grimmsnarl|Spirit Break|p1a: Miraidon\n|-damage|p1a: Miraidon|68/100\n|-unboost|p1a: Miraidon|spa|1\n|move|p1a: Miraidon|Electro Drift|p2b: Grimmsnarl\n|-damage|p2b: Grimmsnarl|0 fnt\n|faint|p2b: Grimmsnarl\n|\n|-heal|p2a: Calyrex|85/100|[from] item: Leftovers\n|-damage|p1b: Zamazenta|88/100|[from] Leech Seed|[of] p2a: Calyrex\n|-heal|p2a: Calyrex|96/100|[silent]\n|upkeep\n|\n|t:|1774539454\n|switch|p2b: Kyogre|Kyogre, L50|100/100\n|-weather|RainDance|[from] ability: Drizzle|[of] p2b: Kyogre\n|turn|4\n|\n|t:|1774539465\n|move|p1b: Zamazenta|Wide Guard|p1b: Zamazenta\n|-singleturn|p1b: Zamazenta|Wide Guard\n|move|p2a: Calyrex|Glacial Lance|p1b: Zamazenta|[spread] \n|-activate|p1a: Miraidon|move: Wide Guard\n|-activate|p1b: Zamazenta|move: Wide Guard\n|move|p2b: Kyogre|Hydro Pump|p1a: Miraidon\n|-damage|p1a: Miraidon|0 fnt\n|faint|p1a: Miraidon\n|\n|-weather|RainDance|[upkeep]\n|-heal|p2a: Calyrex|100/100|[from] item: Leftovers\n|-damage|p1b: Zamazenta|76/100|[from] Leech Seed|[of] p2a: Calyrex\n|upkeep\n|\n|t:|1774539477\n|switch|p1a: Iron Hands|Iron Hands, L50|100/100\n|-activate|p1a: Iron Hands|ability: Quark Drive\n|-start|p1a: Iron Hands|quarkdriveatk\n|turn|5\n|\n|t:|1774539490\n|switch|p2b: Amoonguss|Amoonguss, L50, F|100/100\n|move|p1b: Zamazenta|Wide Guard|p1b: Zamazenta\n|-singleturn|p1b: Zamazenta|Wide Guard\n|move|p1a: Iron Hands|Low Kick|p2a: Calyrex\n|-damage|p2a: Calyrex|67/100\n|move|p2a: Calyrex|Leech Seed|p1a: Iron Hands|[miss]\n|-miss|p2a: Calyrex|p1a: Iron Hands\n|\n|-weather|RainDance|[upkeep]\n|-heal|p2a: Calyrex|73/100|[from] item: Leftovers\n|-damage|p1b: Zamazenta|64/100|[from] Leech Seed|[of] p2a: Calyrex\n|-heal|p2a: Calyrex|85/100|[silent]\n|-fieldend|move: Electric Terrain\n|-end|p1a: Iron Hands|Quark Drive\n|upkeep\n|turn|6\n|inactive|Cello L. has 30 seconds left.\n|inactive|Cello L. has 20 seconds left.\n|\n|t:|1774539528\n|move|p1b: Zamazenta|Wide Guard|p1b: Zamazenta\n|-singleturn|p1b: Zamazenta|Wide Guard\n|move|p2b: Amoonguss|Spore|p1b: Zamazenta\n|-status|p1b: Zamazenta|slp|[from] move: Spore\n|move|p1a: Iron Hands|Low Kick|p2a: Calyrex\n|-damage|p2a: Calyrex|61/100\n|move|p2a: Calyrex|Leech Seed|p1a: Iron Hands|[miss]\n|-miss|p2a: Calyrex|p1a: Iron Hands\n|\n|-weather|RainDance|[upkeep]\n|-heal|p2a: Calyrex|67/100|[from] item: Leftovers\n|-damage|p1b: Zamazenta|52/100 slp|[from] Leech Seed|[of] p2a: Calyrex\n|-heal|p2a: Calyrex|79/100|[silent]\n|-fieldend|move: Trick Room\n|upkeep\n|turn|7\n|\n|t:|1774539548\n|-end|p1a: Iron Hands|Quark Drive|[silent]\n|switch|p1a: Ogerpon|Ogerpon-Cornerstone, L50, F|100/100\n|move|p2b: Amoonguss|Rage Powder|p2b: Amoonguss\n|-singleturn|p2b: Amoonguss|move: Rage Powder\n|cant|p1b: Zamazenta|slp\n|move|p2a: Calyrex|Trick Room|p2a: Calyrex\n|-fieldstart|move: Trick Room|[of] p2a: Calyrex\n|\n|-weather|RainDance|[upkeep]\n|-heal|p2a: Calyrex|85/100|[from] item: Leftovers\n|-damage|p1b: Zamazenta|40/100 slp|[from] Leech Seed|[of] p2a: Calyrex\n|-heal|p2a: Calyrex|96/100|[silent]\n|upkeep\n|turn|8\n|c|\u2606MVPHEE|you know the goal of the game is to like do damage right\n|\n|t:|1774539560\n|-curestatus|p1b: Zamazenta|slp|[msg]\n|move|p1b: Zamazenta|Wide Guard|p1b: Zamazenta\n|-singleturn|p1b: Zamazenta|Wide Guard\n|move|p2b: Amoonguss|Pollen Puff|p1a: Ogerpon\n|-supereffective|p1a: Ogerpon\n|-damage|p1a: Ogerpon|62/100\n|move|p2a: Calyrex|Glacial Lance|p1a: Ogerpon|[spread] \n|-activate|p1a: Ogerpon|move: Wide Guard\n|-activate|p1b: Zamazenta|move: Wide Guard\n|move|p1a: Ogerpon|Ivy Cudgel|p2b: Amoonguss|[anim] Ivy Cudgel Rock\n|-damage|p2b: Amoonguss|66/100\n|\n|-weather|none\n|-heal|p2a: Calyrex|100/100|[from] item: Leftovers\n|-damage|p1b: Zamazenta|27/100|[from] Leech Seed|[of] p2a: Calyrex\n|-sideend|p2: MVPHEE|Reflect\n|upkeep\n|turn|9\n|\n|t:|1774539584\n|move|p1b: Zamazenta|Wide Guard|p1b: Zamazenta\n|-singleturn|p1b: Zamazenta|Wide Guard\n|move|p2b: Amoonguss|Spore|p1b: Zamazenta\n|-status|p1b: Zamazenta|slp|[from] move: Spore\n|move|p2a: Calyrex|Glacial Lance|p1b: Zamazenta|[spread] \n|-activate|p1a: Ogerpon|move: Wide Guard\n|-activate|p1b: Zamazenta|move: Wide Guard\n|move|p1a: Ogerpon|Ivy Cudgel|p2b: Amoonguss|[anim] Ivy Cudgel Rock\n|-damage|p2b: Amoonguss|21/100\n|\n|-damage|p1b: Zamazenta|15/100 slp|[from] Leech Seed|[of] p2a: Calyrex\n|-sideend|p2: MVPHEE|move: Light Screen\n|upkeep\n|turn|10\n|c|\u2606MVPHEE|yeah kinda like that\n|inactive|Cello L. has 30 seconds left.\n|c|\u2606MVPHEE|still not enough though\n|inactive|Cello L. has 20 seconds left.\n|\n|t:|1774539623\n|switch|p1b: Iron Hands|Iron Hands, L50|100/100\n|move|p1a: Ogerpon|Spiky Shield|p1a: Ogerpon\n|-singleturn|p1a: Ogerpon|move: Protect\n|move|p2b: Amoonguss|Pollen Puff|p1a: Ogerpon\n|-activate|p1a: Ogerpon|move: Protect\n|move|p2a: Calyrex|Glacial Lance|p1b: Iron Hands|[spread] p1b\n|-activate|p1a: Ogerpon|move: Protect\n|-damage|p1b: Iron Hands|64/100\n|\n|upkeep\n|turn|11\n|j| Machinationz\n|\n|t:|1774539648\n|move|p2a: Calyrex|Protect|p2a: Calyrex\n|-singleturn|p2a: Calyrex|Protect\n|move|p1b: Iron Hands|Fake Out|p2a: Calyrex\n|-activate|p2a: Calyrex|move: Protect\n|move|p2b: Amoonguss|Spore|p1b: Iron Hands\n|-status|p1b: Iron Hands|slp|[from] move: Spore\n|move|p1a: Ogerpon|Ivy Cudgel|p2a: Calyrex|[anim] Ivy Cudgel Rock\n|-activate|p2a: Calyrex|move: Protect\n|\n|-fieldend|move: Trick Room\n|upkeep\n|turn|12\n|inactive|MVPHEE has 30 seconds left.\n|inactive|MVPHEE has 20 seconds left.\n|\n|t:|1774539685\n|move|p1a: Ogerpon|Ivy Cudgel|p2b: Amoonguss|[anim] Ivy Cudgel Rock\n|-damage|p2b: Amoonguss|0 fnt\n|faint|p2b: Amoonguss\n|move|p2a: Calyrex|Glacial Lance|p1a: Ogerpon|[spread] p1a,p1b\n|-supereffective|p1a: Ogerpon\n|-damage|p1a: Ogerpon|0 fnt\n|-damage|p1b: Iron Hands|30/100 slp\n|faint|p1a: Ogerpon\n|-ability|p2a: Calyrex|Chilling Neigh|boost\n|-boost|p2a: Calyrex|atk|1\n|cant|p1b: Iron Hands|slp\n|\n|upkeep\n|-message|Cello L. forfeited.\n|\n|win|MVPHEE\n|raw|Cello L.'s rating: 1453 &rarr; <strong>1434</strong><br />(-19 for losing)\n|raw|MVPHEE's rating: 1479 &rarr; <strong>1498</strong><br />(+19 for winning)\n|l|\u2606Cello L.\n|player|p1|\n","uploadtime":1774539696,"views":39,"formatid":"gen9vgc2026regi","rating":1434,"private":0,"password":null}