{"id":"gen9vgc2026regi-2553821322","format":"[Gen 9] VGC 2026 Reg I","players":["granite blast","mr_nuggat_meister"],"log":"|j|\u2606granite blast\n|j|\u2606mr_nuggat_meister\n|t:|1772886557\n|gametype|doubles\n|player|p1|granite blast|101|1349\n|player|p2|mr_nuggat_meister|265|1380\n|gen|9\n|tier|[Gen 9] VGC 2026 Reg I\n|rated|\n|rule|Species Clause: Limit one of each Pok\u00e9mon\n|rule|Item Clause: Limit 1 of each item\n|clearpoke\n|poke|p1|Kyogre, L50|\n|poke|p1|Miraidon, L50|\n|poke|p1|Tsareena, L50, F|\n|poke|p1|Iron Jugulis, L50|\n|poke|p1|Landorus, L50, M|\n|poke|p1|Urshifu-*, L50, F|\n|poke|p2|Calyrex-Shadow, L50|\n|poke|p2|Zamazenta-*, L50|\n|poke|p2|Rillaboom, L50, M|\n|poke|p2|Carbink, L50|\n|poke|p2|Indeedee-F, L50, F|\n|teampreview|4\n|inactive|Battle timer is ON: inactive players will automatically lose when time's up. (requested by granite blast)\n|inactive|granite blast has 60 seconds left.\n|inactive|mr_nuggat_meister has 60 seconds left.\n|\n|t:|1772886601\n|teamsize|p1|4\n|teamsize|p2|4\n|start\n|switch|p1a: Iron Jugulis|Iron Jugulis, L50|100/100\n|switch|p1b: Landorus|Landorus, L50, M|100/100\n|switch|p2a: Calyrex|Calyrex-Shadow, L50|100/100\n|switch|p2b: Indeedee|Indeedee-F, L50, F|100/100\n|-ability|p2a: Calyrex|As One\n|-ability|p2a: Calyrex|Unnerve\n|-fieldstart|move: Psychic Terrain|[from] ability: Psychic Surge|[of] p2b: Indeedee\n|-enditem|p1a: Iron Jugulis|Booster Energy\n|-activate|p1a: Iron Jugulis|ability: Quark Drive|[fromitem]\n|-start|p1a: Iron Jugulis|quarkdrivespe\n|turn|1\n|inactive|mr_nuggat_meister has 30 seconds left.\n|\n|t:|1772886633\n|move|p2a: Calyrex|Protect|p2a: Calyrex\n|-singleturn|p2a: Calyrex|Protect\n|move|p1a: Iron Jugulis|Snarl|p2b: Indeedee|[spread] p2b\n|-activate|p2a: Calyrex|move: Protect\n|-supereffective|p2b: Indeedee\n|-damage|p2b: Indeedee|62/100\n|-unboost|p2b: Indeedee|spa|1\n|move|p1b: Landorus|Earth Power|p2b: Indeedee\n|-damage|p2b: Indeedee|0 fnt\n|faint|p2b: Indeedee\n|\n|upkeep\n|\n|t:|1772886647\n|switch|p2b: Zamazenta|Zamazenta-Crowned, L50|100/100\n|-ability|p2b: Zamazenta|Dauntless Shield|boost\n|-boost|p2b: Zamazenta|def|1\n|turn|2\n|\n|t:|1772886655\n|move|p1b: Landorus|Protect|p1b: Landorus\n|-singleturn|p1b: Landorus|Protect\n|move|p2b: Zamazenta|Wide Guard|p2b: Zamazenta\n|-singleturn|p2b: Zamazenta|Wide Guard\n|move|p1a: Iron Jugulis|Tailwind|p1a: Iron Jugulis\n|-sidestart|p1: granite blast|move: Tailwind\n|move|p2a: Calyrex|Astral Barrage|p1b: Landorus|[spread] p1a\n|-activate|p1b: Landorus|move: Protect\n|-resisted|p1a: Iron Jugulis\n|-damage|p1a: Iron Jugulis|62/100\n|-damage|p2a: Calyrex|91/100|[from] item: Life Orb\n|\n|upkeep\n|turn|3\n|inactive|mr_nuggat_meister has 30 seconds left.\n|\n|t:|1772886683\n|move|p2a: Calyrex|Protect|p2a: Calyrex\n|-singleturn|p2a: Calyrex|Protect\n|move|p1a: Iron Jugulis|Snarl|p2b: Zamazenta|[spread] p2b\n|-activate|p2a: Calyrex|move: Protect\n|-resisted|p2b: Zamazenta\n|-damage|p2b: Zamazenta|96/100\n|-unboost|p2b: Zamazenta|spa|1\n|move|p1b: Landorus|Earth Power|p2b: Zamazenta\n|-supereffective|p2b: Zamazenta\n|-damage|p2b: Zamazenta|12/100\n|move|p2b: Zamazenta|Body Press|p1a: Iron Jugulis\n|-damage|p1a: Iron Jugulis|6/100\n|\n|upkeep\n|turn|4\n|\n|t:|1772886703\n|move|p2b: Zamazenta|Wide Guard|p2b: Zamazenta\n|-singleturn|p2b: Zamazenta|Wide Guard\n|move|p1a: Iron Jugulis|Snarl|p2b: Zamazenta|[spread] \n|-activate|p2a: Calyrex|move: Wide Guard\n|-activate|p2b: Zamazenta|move: Wide Guard\n|move|p1b: Landorus|Earth Power|p2a: Calyrex\n|-damage|p2a: Calyrex|20/100\n|move|p2a: Calyrex|Astral Barrage|p1a: Iron Jugulis|[spread] p1a,p1b\n|-resisted|p1a: Iron Jugulis\n|-damage|p1a: Iron Jugulis|0 fnt\n|-damage|p1b: Landorus|10/100\n|faint|p1a: Iron Jugulis\n|-end|p1a: Iron Jugulis|Quark Drive|[silent]\n|-ability|p2a: Calyrex|Grim Neigh|boost\n|-boost|p2a: Calyrex|spa|1\n|-damage|p2a: Calyrex|10/100|[from] item: Life Orb\n|\n|upkeep\n|\n|t:|1772886712\n|switch|p1a: Urshifu|Urshifu-Rapid-Strike, L50, F|100/100\n|turn|5\n|\n|t:|1772886728\n|move|p1a: Urshifu|U-turn|p2a: Calyrex\n|-damage|p2a: Calyrex|0 fnt\n|faint|p2a: Calyrex\n|\n|t:|1772886731\n|switch|p1a: Tsareena|Tsareena, L50, F|100/100|[from] U-turn\n|move|p1b: Landorus|Earth Power|p2b: Zamazenta\n|-supereffective|p2b: Zamazenta\n|-crit|p2b: Zamazenta\n|-damage|p2b: Zamazenta|0 fnt\n|faint|p2b: Zamazenta\n|\n|-sideend|p1: granite blast|move: Tailwind\n|-fieldend|move: Psychic Terrain\n|upkeep\n|-message|mr_nuggat_meister forfeited.\n|\n|win|granite blast\n|raw|granite blast's rating: 1349 &rarr; <strong>1371</strong><br />(+22 for winning)\n|raw|mr_nuggat_meister's rating: 1380 &rarr; <strong>1358</strong><br />(-22 for losing)\n|l|\u2606mr_nuggat_meister\n|player|p2|\n|l|\u2606granite blast\n|player|p1|\n","uploadtime":1772886945,"views":22,"formatid":"gen9vgc2026regi","rating":1358,"private":0,"password":null}