{"id":"gen9vgc2026regi-2563838248","format":"[Gen 9] VGC 2026 Reg I","players":["vin_bird2003","vestige666"],"log":"|j|\u2606vin_bird2003\n|j|\u2606vestige666\n|t:|1774069340\n|gametype|doubles\n|player|p1|vin_bird2003|skyla|1265\n|player|p2|vestige666|blackbelt-gen4dp|1280\n|gen|9\n|tier|[Gen 9] VGC 2026 Reg I\n|rated|\n|rule|Species Clause: Limit one of each Pok\u00e9mon\n|rule|Item Clause: Limit 1 of each item\n|clearpoke\n|poke|p1|Koraidon, L50|\n|poke|p1|Lunala, L50|\n|poke|p1|Incineroar, L50, F|\n|poke|p1|Rillaboom, L50, F|\n|poke|p1|Ogerpon-Cornerstone, L50, F|\n|poke|p1|Flutter Mane, L50|\n|poke|p2|Rayquaza, L50|\n|poke|p2|Calyrex-Shadow, L50|\n|poke|p2|Tornadus, L50, M|\n|poke|p2|Smeargle, L50, M|\n|poke|p2|Urshifu-*, L50, M|\n|poke|p2|Clefairy, L50, M|\n|teampreview|4\n|inactive|Battle timer is ON: inactive players will automatically lose when time's up. (requested by vin_bird2003)\nvin_bird2003 has agreed to open team sheets.\n|inactive|vin_bird2003 has 60 seconds left.\n|inactive|vestige666 has 60 seconds left.\n|inactive|vestige666 has 30 seconds left.\n|inactive|vestige666 has 20 seconds left.\n|\n|t:|1774069412\n|teamsize|p1|4\n|teamsize|p2|4\n|start\n|switch|p1a: Ogerpon|Ogerpon-Cornerstone, L50, F|100/100\n|switch|p1b: Flutter Mane|Flutter Mane, L50|100/100\n|switch|p2a: Rayquaza|Rayquaza, L50|100/100\n|switch|p2b: Urshifu|Urshifu-Rapid-Strike, L50, M|100/100\n|-ability|p2a: Rayquaza|Air Lock\n|turn|1\n|inactive|vestige666 has 30 seconds left.\n|inactive|vestige666 has 20 seconds left.\n|inactive|vestige666 has 15 seconds left.\n|inactive|vestige666 has 10 seconds left.\n|\n|t:|1774069460\n|move|p2a: Rayquaza|Protect|p2a: Rayquaza\n|-singleturn|p2a: Rayquaza|Protect\n|move|p1a: Ogerpon|Follow Me|p1a: Ogerpon\n|-singleturn|p1a: Ogerpon|move: Follow Me\n|move|p2b: Urshifu|U-turn|p1a: Ogerpon\n|-supereffective|p1a: Ogerpon\n|-damage|p1a: Ogerpon|34/100\n|\n|t:|1774069468\n|switch|p2b: Tornadus|Tornadus, L50, M|100/100|[from] U-turn\n|move|p1b: Flutter Mane|Moonblast|p2b: Tornadus\n|-damage|p2b: Tornadus|42/100\n|-unboost|p2b: Tornadus|spa|1\n|\n|upkeep\n|turn|2\n|inactive|vestige666 has 30 seconds left.\n|\n|t:|1774069498\n|-terastallize|p2a: Rayquaza|Normal\n|move|p2b: Tornadus|Protect|p2b: Tornadus\n|-singleturn|p2b: Tornadus|Protect\n|move|p1a: Ogerpon|Spiky Shield|p1a: Ogerpon\n|-singleturn|p1a: Ogerpon|move: Protect\n|move|p1b: Flutter Mane|Icy Wind|p2b: Tornadus|[spread] p2a\n|-activate|p2b: Tornadus|move: Protect\n|-damage|p2a: Rayquaza|88/100\n|move|p2a: Rayquaza|Swords Dance|p2a: Rayquaza\n|-boost|p2a: Rayquaza|atk|2\n|\n|upkeep\n|turn|3\n|inactive|vestige666 has 30 seconds left.\n|inactive|vestige666 has 20 seconds left.\n|\n|t:|1774069534\n|switch|p1a: Lunala|Lunala, L50|100/100\n|move|p2a: Rayquaza|Protect|p2a: Rayquaza\n|-singleturn|p2a: Rayquaza|Protect\n|move|p2b: Tornadus|Tailwind|p2b: Tornadus\n|-sidestart|p2: vestige666|move: Tailwind\n|move|p1b: Flutter Mane|Moonblast|p2b: Tornadus\n|-damage|p2b: Tornadus|0 fnt\n|faint|p2b: Tornadus\n|\n|upkeep\n|\n|t:|1774069548\n|switch|p2b: Urshifu|Urshifu-Rapid-Strike, L50, M|100/100\n|turn|4\n|inactive|vin_bird2003 has 30 seconds left.\n|inactive|vin_bird2003 has 20 seconds left.\n|inactive|vin_bird2003 has 15 seconds left.\n|\n|t:|1774069591\n|-end|p1b: Flutter Mane|Protosynthesis|[silent]\n|switch|p1b: Ogerpon|Ogerpon-Cornerstone, L50, F|34/100\n|-terastallize|p1a: Lunala|Fairy\n|move|p2b: Urshifu|Surging Strikes|p1a: Lunala\n|-crit|p1a: Lunala\n|-damage|p1a: Lunala|92/100\n|-crit|p1a: Lunala\n|-damage|p1a: Lunala|75/100\n|-crit|p1a: Lunala\n|-damage|p1a: Lunala|56/100\n|-hitcount|p1a: Lunala|3\n|move|p2a: Rayquaza|Dragon Ascent|p1a: Lunala\n|-damage|p1a: Lunala|0 fnt\n|-unboost|p2a: Rayquaza|def|1\n|-unboost|p2a: Rayquaza|spd|1\n|faint|p1a: Lunala\n|\n|upkeep\n|\n|t:|1774069615\n|switch|p1a: Flutter Mane|Flutter Mane, L50|100/100\n|turn|5\n|inactive|vin_bird2003 has 30 seconds left.\n|\n|t:|1774069642\n|move|p2a: Rayquaza|Extreme Speed|p1b: Ogerpon\n|-resisted|p1b: Ogerpon\n|-damage|p1b: Ogerpon|0 fnt\n|faint|p1b: Ogerpon\n|move|p2b: Urshifu|Surging Strikes|p1a: Flutter Mane\n|-crit|p1a: Flutter Mane\n|-damage|p1a: Flutter Mane|54/100\n|-crit|p1a: Flutter Mane\n|-damage|p1a: Flutter Mane|6/100\n|-crit|p1a: Flutter Mane\n|-damage|p1a: Flutter Mane|0 fnt\n|faint|p1a: Flutter Mane\n|-end|p1a: Flutter Mane|Protosynthesis|[silent]\n|-hitcount|p1: Flutter Mane|3\n|\n|upkeep\n|-message|vin_bird2003 forfeited.\n|\n|win|vestige666\n|raw|vin_bird2003's rating: 1265 &rarr; <strong>1241</strong><br />(-24 for losing)\n|raw|vestige666's rating: 1280 &rarr; <strong>1304</strong><br />(+24 for winning)\n|l|\u2606vin_bird2003\n|player|p1|\n","uploadtime":1774069872,"views":12,"formatid":"gen9vgc2026regi","rating":1241,"private":0,"password":null}