{"id":"gen9vgc2026regi-2536065865","format":"[Gen 9] VGC 2026 Reg I","players":["macaco12345610","Cello L."],"log":"|j|\u2606macaco12345610\n|j|\u2606Cello L.\n|t:|1770651000\n|gametype|doubles\n|player|p1|macaco12345610|170|1338\n|player|p2|Cello L.|psychic-gen4|1423\n|gen|9\n|tier|[Gen 9] VGC 2026 Reg I\n|rated|\n|rule|Species Clause: Limit one of each Pok\u00e9mon\n|rule|Item Clause: Limit 1 of each item\n|clearpoke\n|poke|p1|Raging Bolt, L50|\n|poke|p1|Chien-Pao, L50|\n|poke|p1|Calyrex-Shadow, L50|\n|poke|p1|Incineroar, L50, M|\n|poke|p1|Amoonguss, L50, F|\n|poke|p1|Zamazenta-*, L50|\n|poke|p2|Kyogre, L50|\n|poke|p2|Calyrex-Ice, L50|\n|poke|p2|Flutter Mane, L50|\n|poke|p2|Basculegion, L50, M|\n|poke|p2|Amoonguss, L50, F|\n|poke|p2|Grimmsnarl, L50, M|\n|teampreview|4\n|\n|t:|1770651039\n|teamsize|p1|4\n|teamsize|p2|4\n|start\n|switch|p1a: Raging Bolt|Raging Bolt, L50|100/100\n|switch|p1b: Zamazenta|Zamazenta-Crowned, L50|100/100\n|switch|p2a: Calyrex|Calyrex-Ice, L50|100/100\n|switch|p2b: Amoonguss|Amoonguss, L50, F|100/100\n|-ability|p2a: Calyrex|As One\n|-ability|p2a: Calyrex|Unnerve\n|-ability|p1b: Zamazenta|Dauntless Shield|boost\n|-boost|p1b: Zamazenta|def|1\n|-enditem|p1a: Raging Bolt|Booster Energy\n|-activate|p1a: Raging Bolt|ability: Protosynthesis|[fromitem]\n|-start|p1a: Raging Bolt|protosynthesisspa\n|turn|1\n|inactive|Battle timer is ON: inactive players will automatically lose when time's up. (requested by macaco12345610)\n|\n|t:|1770651067\n|-terastallize|p2a: Calyrex|Fairy\n|move|p1b: Zamazenta|Body Press|p2a: Calyrex\n|-resisted|p2a: Calyrex\n|-damage|p2a: Calyrex|80/100\n|move|p1a: Raging Bolt|Thunderbolt|p2a: Calyrex\n|-damage|p2a: Calyrex|41/100\n|move|p2b: Amoonguss|Spore|p1b: Zamazenta\n|-status|p1b: Zamazenta|slp|[from] move: Spore\n|move|p2a: Calyrex|Trick Room|p2a: Calyrex\n|-fieldstart|move: Trick Room|[of] p2a: Calyrex\n|\n|-heal|p2a: Calyrex|47/100|[from] item: Leftovers\n|upkeep\n|turn|2\n|j| here's where king!\n|\n|t:|1770651086\n|move|p1a: Raging Bolt|Thunderclap|p2a: Calyrex\n|-damage|p2a: Calyrex|15/100\n|move|p2b: Amoonguss|Pollen Puff|p2a: Calyrex\n|-heal|p2a: Calyrex|64/100\n|move|p2a: Calyrex|Glacial Lance|p1a: Raging Bolt|[spread] p1a,p1b\n|-supereffective|p1a: Raging Bolt\n|-resisted|p1b: Zamazenta\n|-damage|p1a: Raging Bolt|4/100\n|-damage|p1b: Zamazenta|91/100 slp\n|cant|p1b: Zamazenta|slp\n|\n|-heal|p2a: Calyrex|70/100|[from] item: Leftovers\n|upkeep\n|turn|3\n|inactive|macaco12345610 has 30 seconds left.\n|inactive|Cello L. has 30 seconds left.\n|\n|t:|1770651126\n|cant|p1b: Zamazenta|slp\n|move|p2b: Amoonguss|Pollen Puff|p2a: Calyrex\n|-heal|p2a: Calyrex|100/100\n|move|p2a: Calyrex|Glacial Lance|p1b: Zamazenta|[spread] p1a,p1b\n|-supereffective|p1a: Raging Bolt\n|-resisted|p1b: Zamazenta\n|-damage|p1a: Raging Bolt|0 fnt\n|-damage|p1b: Zamazenta|81/100 slp\n|faint|p1a: Raging Bolt\n|-end|p1a: Raging Bolt|Protosynthesis|[silent]\n|-ability|p2a: Calyrex|Chilling Neigh|boost\n|-boost|p2a: Calyrex|atk|1\n|\n|upkeep\n|\n|t:|1770651141\n|switch|p1a: Chien-Pao|Chien-Pao, L50|100/100\n|-ability|p1a: Chien-Pao|Sword of Ruin\n|turn|4\n|l| here's where king!\n|j| here's where king!\n|\n|t:|1770651152\n|cant|p1b: Zamazenta|slp\n|move|p2b: Amoonguss|Spore|p1a: Chien-Pao\n|-status|p1a: Chien-Pao|slp|[from] move: Spore\n|move|p2a: Calyrex|Leech Seed|p1b: Zamazenta\n|-start|p1b: Zamazenta|move: Leech Seed\n|cant|p1a: Chien-Pao|slp\n|\n|-damage|p1b: Zamazenta|69/100 slp|[from] Leech Seed|[of] p2a: Calyrex\n|upkeep\n|turn|5\n|\n|t:|1770651165\n|switch|p1b: Calyrex|Calyrex-Shadow, L50|100/100\n|-ability|p1b: Calyrex|As One\n|-ability|p1b: Calyrex|Unnerve\n|move|p2b: Amoonguss|Spore|p1b: Calyrex\n|-status|p1b: Calyrex|slp|[from] move: Spore\n|move|p2a: Calyrex|Glacial Lance|p1b: Calyrex|[spread] p1a,p1b\n|-resisted|p1a: Chien-Pao\n|-crit|p1b: Calyrex\n|-damage|p1a: Chien-Pao|46/100 slp\n|-enditem|p1b: Calyrex|Focus Sash\n|-damage|p1b: Calyrex|1/100 slp\n|-curestatus|p1a: Chien-Pao|slp|[msg]\n|move|p1a: Chien-Pao|Ice Spinner|p2b: Amoonguss\n|-supereffective|p2b: Amoonguss\n|-damage|p2b: Amoonguss|0 fnt\n|-damage|p1a: Chien-Pao|30/100|[from] item: Rocky Helmet|[of] p2b: Amoonguss\n|faint|p2b: Amoonguss\n|-damage|p1a: Chien-Pao|20/100|[from] item: Life Orb\n|\n|-fieldend|move: Trick Room\n|upkeep\n|l| here's where king!\n|\n|t:|1770651189\n|switch|p2b: Kyogre|Kyogre, L50|100/100\n|-weather|RainDance|[from] ability: Drizzle|[of] p2b: Kyogre\n|turn|6\n|\n|t:|1770651200\n|move|p2b: Kyogre|Protect|p2b: Kyogre\n|-singleturn|p2b: Kyogre|Protect\n|cant|p1b: Calyrex|slp\n|move|p1a: Chien-Pao|Ice Spinner|p2a: Calyrex\n|-damage|p2a: Calyrex|54/100\n|-damage|p1a: Chien-Pao|10/100|[from] item: Life Orb\n|move|p2a: Calyrex|Trick Room|p2a: Calyrex\n|-fieldstart|move: Trick Room|[of] p2a: Calyrex\n|\n|-weather|RainDance|[upkeep]\n|-heal|p2a: Calyrex|59/100|[from] item: Leftovers\n|upkeep\n|turn|7\n|\n|t:|1770651214\n|move|p1a: Chien-Pao|Sucker Punch|p2b: Kyogre\n|-damage|p2b: Kyogre|36/100\n|-damage|p1a: Chien-Pao|0 fnt|[from] item: Life Orb\n|faint|p1a: Chien-Pao\n|move|p2a: Calyrex|Glacial Lance|p1b: Calyrex\n|-damage|p1b: Calyrex|0 fnt\n|faint|p1b: Calyrex\n|-ability|p2a: Calyrex|Chilling Neigh|boost\n|-boost|p2a: Calyrex|atk|1\n|move|p2b: Kyogre|Water Spout|p1: Chien-Pao|[notarget]\n|-fail|p2b: Kyogre\n|\n|-weather|RainDance|[upkeep]\n|-heal|p2a: Calyrex|65/100|[from] item: Leftovers\n|upkeep\n|\n|t:|1770651228\n|switch|p1b: Zamazenta|Zamazenta-Crowned, L50|69/100 slp\n|turn|8\n|\n|t:|1770651232\n|move|p2a: Calyrex|Leech Seed|p1b: Zamazenta\n|-start|p1b: Zamazenta|move: Leech Seed\n|move|p2b: Kyogre|Hydro Pump|p1b: Zamazenta\n|-damage|p1b: Zamazenta|0 fnt\n|faint|p1b: Zamazenta\n|\n|win|Cello L.\n|raw|macaco12345610's rating: 1338 &rarr; <strong>1323</strong><br />(-15 for losing)\n|raw|Cello L.'s rating: 1423 &rarr; <strong>1438</strong><br />(+15 for winning)\n|l|\u2606macaco12345610\n|player|p1|\n|l|\u2606Cello L.\n|player|p2|\n","uploadtime":1770651471,"views":13,"formatid":"gen9vgc2026regi","rating":1323,"private":0,"password":null}