{"id":"gen9vgc2026regi-2576113205","format":"[Gen 9] VGC 2026 Reg I","players":["KantineVGC","magoromon"],"log":"|j|\u2606KantineVGC\n|j|\u2606magoromon\n|t:|1775430872\n|gametype|doubles\n|player|p1|KantineVGC|roughneck-gen4|1498\n|player|p2|magoromon|lance|1489\n|gen|9\n|tier|[Gen 9] VGC 2026 Reg I\n|rated|\n|rule|Species Clause: Limit one of each Pok\u00e9mon\n|rule|Item Clause: Limit 1 of each item\n|clearpoke\n|poke|p1|Calyrex-Shadow, L50|\n|poke|p1|Terapagos, L50, M|\n|poke|p1|Incineroar, L50, M|\n|poke|p1|Whimsicott, L50, M|\n|poke|p1|Volcarona, L50, F|\n|poke|p1|Urshifu-*, L50, M|\n|poke|p2|Kyogre, L50|\n|poke|p2|Calyrex-Ice, L50|\n|poke|p2|Rillaboom, L50, M|\n|poke|p2|Urshifu-*, L50, M|\n|poke|p2|Flutter Mane, L50|\n|poke|p2|Amoonguss, L50, M|\n|teampreview|4\n|\n|t:|1775430920\n|teamsize|p1|4\n|teamsize|p2|4\n|start\n|switch|p1a: Terapagos|Terapagos, L50, M|100/100\n|switch|p1b: Calyrex|Calyrex-Shadow, L50|100/100\n|switch|p2a: Calyrex|Calyrex-Ice, L50|100/100\n|switch|p2b: Rillaboom|Rillaboom, L50, M|100/100\n|-activate|p1a: Terapagos|ability: Tera Shift\n|detailschange|p1a: Terapagos|Terapagos-Terastal, L50, M\n|-heal|p1a: Terapagos|100/100|[silent]\n|-ability|p1b: Calyrex|As One\n|-ability|p1b: Calyrex|Unnerve\n|-ability|p2a: Calyrex|As One\n|-ability|p2a: Calyrex|Unnerve\n|-fieldstart|move: Grassy Terrain|[from] ability: Grassy Surge|[of] p2b: Rillaboom\n|turn|1\n|j| Therazer456\n|\n|t:|1775430932\n|-terastallize|p1a: Terapagos|Stellar\n|detailschange|p1a: Terapagos|Terapagos-Stellar, L50, M, tera:Stellar\n|-heal|p1a: Terapagos|100/100|[silent]\n|-ability|p1a: Terapagos|Teraform Zero\n|-fieldend|move: Grassy Terrain\n|-terastallize|p2a: Calyrex|Fairy\n|move|p1b: Calyrex|Astral Barrage|p2a: Calyrex|[spread] p2a,p2b\n|-damage|p2a: Calyrex|55/100\n|-damage|p2b: Rillaboom|44/100\n|-damage|p1b: Calyrex|91/100|[from] item: Life Orb\n|move|p2b: Rillaboom|U-turn|p1a: Terapagos\n|-crit|p1a: Terapagos\n|-damage|p1a: Terapagos|82/100\n|\n|t:|1775430952\n|switch|p2b: Amoonguss|Amoonguss, L50, M|100/100|[from] U-turn\n|move|p1a: Terapagos|Meteor Beam||[still]\n|-prepare|p1a: Terapagos|Meteor Beam\n|-boost|p1a: Terapagos|spa|1\n|-enditem|p1a: Terapagos|Power Herb\n|-anim|p1a: Terapagos|Meteor Beam|p2b: Amoonguss\n|-damage|p2b: Amoonguss|33/100\n|move|p2a: Calyrex|Trick Room|p2a: Calyrex\n|-fieldstart|move: Trick Room|[of] p2a: Calyrex\n|\n|-heal|p2a: Calyrex|60/100|[from] item: Leftovers\n|upkeep\n|turn|2\n|j| RedPlaysVGC\n|inactive|Battle timer is ON: inactive players will automatically lose when time's up. (requested by KantineVGC)\n|\n|t:|1775431010\n|switch|p1b: Incineroar|Incineroar, L50, M|100/100\n|-ability|p1b: Incineroar|Intimidate|boost\n|-unboost|p2a: Calyrex|atk|1\n|-unboost|p2b: Amoonguss|atk|1\n|move|p1a: Terapagos|Protect|p1a: Terapagos\n|-singleturn|p1a: Terapagos|Protect\n|move|p2b: Amoonguss|Spore|p1a: Terapagos\n|-activate|p1a: Terapagos|move: Protect\n|move|p2a: Calyrex|Glacial Lance|p1a: Terapagos|[spread] p1b\n|-activate|p1a: Terapagos|move: Protect\n|-resisted|p1b: Incineroar\n|-damage|p1b: Incineroar|87/100\n|\n|-heal|p2a: Calyrex|66/100|[from] item: Leftovers\n|upkeep\n|turn|3\n|inactive|magoromon has 30 seconds left.\n|inactive|magoromon has 20 seconds left.\n|\n|t:|1775431049\n|switch|p2a: Kyogre|Kyogre, L50|100/100\n|-weather|RainDance|[from] ability: Drizzle|[of] p2a: Kyogre\n|move|p2b: Amoonguss|Protect|p2b: Amoonguss\n|-singleturn|p2b: Amoonguss|Protect\n|move|p1b: Incineroar|Fake Out|p2b: Amoonguss\n|-activate|p2b: Amoonguss|move: Protect\n|move|p1a: Terapagos|Tera Starstorm|p2b: Amoonguss|[spread] p2a\n|-activate|p2b: Amoonguss|move: Protect\n|-damage|p2a: Kyogre|59/100\n|\n|-weather|RainDance|[upkeep]\n|upkeep\n|turn|4\n|\n|t:|1775431070\n|move|p1a: Terapagos|Protect|p1a: Terapagos\n|-singleturn|p1a: Terapagos|Protect\n|move|p2b: Amoonguss|Pollen Puff|p2a: Kyogre\n|-heal|p2a: Kyogre|100/100\n|move|p1b: Incineroar|Taunt|p2b: Amoonguss\n|-start|p2b: Amoonguss|move: Taunt\n|move|p2a: Kyogre|Water Spout|p1a: Terapagos|[spread] p1b\n|-activate|p1a: Terapagos|move: Protect\n|-supereffective|p1b: Incineroar\n|-damage|p1b: Incineroar|0 fnt\n|faint|p1b: Incineroar\n|\n|-weather|RainDance|[upkeep]\n|upkeep\n|\n|t:|1775431083\n|switch|p1b: Urshifu|Urshifu-Rapid-Strike, L50, M|100/100\n|turn|5\n|\n|t:|1775431099\n|switch|p2b: Rillaboom|Rillaboom, L50, M|44/100\n|-fieldstart|move: Grassy Terrain|[from] ability: Grassy Surge|[of] p2b: Rillaboom\n|move|p1a: Terapagos|Tera Starstorm|p2b: Rillaboom|[spread] p2a,p2b\n|-damage|p2a: Kyogre|57/100\n|-damage|p2b: Rillaboom|0 fnt\n|faint|p2b: Rillaboom\n|move|p2a: Kyogre|Water Spout|p1a: Terapagos|[spread] p1a,p1b\n|-resisted|p1b: Urshifu\n|-damage|p1a: Terapagos|36/100\n|-damage|p1b: Urshifu|48/100\n|move|p1b: Urshifu|Close Combat|p2a: Kyogre\n|-damage|p2a: Kyogre|0 fnt\n|-unboost|p1b: Urshifu|def|1\n|-unboost|p1b: Urshifu|spd|1\n|faint|p2a: Kyogre\n|\n|-weather|RainDance|[upkeep]\n|-heal|p1a: Terapagos|42/100|[from] Grassy Terrain\n|-heal|p1b: Urshifu|54/100|[from] Grassy Terrain\n|-fieldend|move: Trick Room\n|upkeep\n|\n|t:|1775431112\n|switch|p2b: Calyrex|Calyrex-Ice, L50, tera:Fairy|66/100\n|switch|p2a: Amoonguss|Amoonguss, L50, M|66/100\n|-ability|p2b: Calyrex|As One\n|-ability|p2b: Calyrex|Unnerve\n|turn|6\n|inactive|magoromon has 30 seconds left.\n|inactive|magoromon has 20 seconds left.\n|inactive|magoromon has 15 seconds left.\n|inactive|magoromon has 10 seconds left.\n|\n|t:|1775431157\n|move|p1b: Urshifu|Surging Strikes|p2b: Calyrex\n|-crit|p2b: Calyrex\n|-damage|p2b: Calyrex|50/100\n|-crit|p2b: Calyrex\n|-damage|p2b: Calyrex|32/100\n|-crit|p2b: Calyrex\n|-damage|p2b: Calyrex|15/100\n|-hitcount|p2b: Calyrex|3\n|move|p1a: Terapagos|Tera Starstorm|p2a: Amoonguss|[spread] p2a,p2b\n|-supereffective|p2b: Calyrex\n|-damage|p2a: Amoonguss|21/100\n|-damage|p2b: Calyrex|0 fnt\n|faint|p2b: Calyrex\n|move|p2a: Amoonguss|Spore|p1a: Terapagos\n|-status|p1a: Terapagos|slp|[from] move: Spore\n|\n|-weather|RainDance|[upkeep]\n|-heal|p1b: Urshifu|60/100|[from] Grassy Terrain\n|-heal|p1a: Terapagos|48/100 slp|[from] Grassy Terrain\n|-heal|p2a: Amoonguss|27/100|[from] Grassy Terrain\n|upkeep\n|turn|7\n|j| zacattack110\n|inactive|magoromon has 30 seconds left.\n|\n|t:|1775431185\n|move|p1b: Urshifu|Surging Strikes|p2a: Amoonguss\n|-resisted|p2a: Amoonguss\n|-crit|p2a: Amoonguss\n|-damage|p2a: Amoonguss|13/100\n|-damage|p1b: Urshifu|44/100|[from] item: Rocky Helmet|[of] p2a: Amoonguss\n|-resisted|p2a: Amoonguss\n|-crit|p2a: Amoonguss\n|-damage|p2a: Amoonguss|0 fnt\n|-damage|p1b: Urshifu|27/100|[from] item: Rocky Helmet|[of] p2a: Amoonguss\n|faint|p2a: Amoonguss\n|-hitcount|p2: Amoonguss|2\n|\n|win|KantineVGC\n|raw|KantineVGC's rating: 1498 &rarr; <strong>1517</strong><br />(+19 for winning)\n|raw|magoromon's rating: 1489 &rarr; <strong>1470</strong><br />(-19 for losing)\n|l|\u2606magoromon\n|player|p2|\n","uploadtime":1775431198,"views":26,"formatid":"gen9vgc2026regi","rating":1470,"private":0,"password":null}