{"id":"gen9vgc2026regi-2516191721","format":"[Gen 9] VGC 2026 Reg I","players":["kenneththeg","Cello L."],"log":"|j|\u2606kenneththeg\n|j|\u2606Cello L.\n|t:|1768099801\n|gametype|doubles\n|player|p1|kenneththeg|102|1356\n|player|p2|Cello L.|cynthia-gen4|1377\n|gen|9\n|tier|[Gen 9] VGC 2026 Reg I\n|rated|\n|rule|Species Clause: Limit one of each Pok\u00e9mon\n|rule|Item Clause: Limit 1 of each item\n|clearpoke\n|poke|p1|Calyrex-Shadow, L50|\n|poke|p1|Zamazenta-*, L50|\n|poke|p1|Chien-Pao, L50|\n|poke|p1|Dragonite, L50, F|\n|poke|p1|Amoonguss, L50, F|\n|poke|p1|Raging Bolt, L50|\n|poke|p2|Calyrex-Shadow, L50|\n|poke|p2|Zamazenta-*, L50|\n|poke|p2|Chien-Pao, L50|\n|poke|p2|Dragonite, L50, F|\n|poke|p2|Raging Bolt, L50|\n|poke|p2|Amoonguss, L50, F|\n|teampreview|4\n|\n|t:|1768099818\n|teamsize|p1|4\n|teamsize|p2|4\n|start\n|switch|p1a: Zamazenta|Zamazenta-Crowned, L50|100/100\n|switch|p1b: Chien-Pao|Chien-Pao, L50|100/100\n|switch|p2a: Zamazenta|Zamazenta-Crowned, L50|100/100\n|switch|p2b: Chien-Pao|Chien-Pao, L50|100/100\n|-ability|p1b: Chien-Pao|Sword of Ruin\n|-ability|p2b: Chien-Pao|Sword of Ruin\n|-ability|p2a: Zamazenta|Dauntless Shield|boost\n|-boost|p2a: Zamazenta|def|1\n|-ability|p1a: Zamazenta|Dauntless Shield|boost\n|-boost|p1a: Zamazenta|def|1\n|turn|1\n|\n|t:|1768099840\n|move|p2b: Chien-Pao|Ruination|p1a: Zamazenta\n|-damage|p1a: Zamazenta|51/100\n|move|p1b: Chien-Pao|Icy Wind|p2a: Zamazenta|[spread] p2a,p2b\n|-resisted|p2a: Zamazenta\n|-resisted|p2b: Chien-Pao\n|-damage|p2a: Zamazenta|97/100\n|-damage|p2b: Chien-Pao|95/100\n|-unboost|p2a: Zamazenta|spe|1\n|-unboost|p2b: Chien-Pao|spe|1\n|move|p1a: Zamazenta|Body Press|p2b: Chien-Pao\n|-supereffective|p2b: Chien-Pao\n|-damage|p2b: Chien-Pao|0 fnt\n|faint|p2b: Chien-Pao\n|move|p2a: Zamazenta|Body Press|p1b: Chien-Pao\n|-supereffective|p1b: Chien-Pao\n|-damage|p1b: Chien-Pao|0 fnt\n|faint|p1b: Chien-Pao\n|\n|upkeep\n|\n|t:|1768099861\n|switch|p1b: Calyrex|Calyrex-Shadow, L50|100/100\n|switch|p2b: Calyrex|Calyrex-Shadow, L50|100/100\n|-ability|p1b: Calyrex|As One\n|-ability|p1b: Calyrex|Unnerve\n|-ability|p2b: Calyrex|As One\n|-ability|p2b: Calyrex|Unnerve\n|turn|2\n|\n|t:|1768099902\n|move|p1b: Calyrex|Protect|p1b: Calyrex\n|-singleturn|p1b: Calyrex|Protect\n|move|p2b: Calyrex|Encore|p1a: Zamazenta\n|-start|p1a: Zamazenta|Encore\n|move|p1a: Zamazenta|Body Press|p2a: Zamazenta\n|-supereffective|p2a: Zamazenta\n|-damage|p2a: Zamazenta|51/100\n|move|p2a: Zamazenta|Heavy Slam|p1b: Calyrex\n|-activate|p1b: Calyrex|move: Protect\n|\n|upkeep\n|turn|3\n|\n|t:|1768099926\n|move|p2a: Zamazenta|Wide Guard|p2a: Zamazenta\n|-singleturn|p2a: Zamazenta|Wide Guard\n|move|p2b: Calyrex|Astral Barrage|p1a: Zamazenta|[spread] p1a,p1b\n|-crit|p1a: Zamazenta\n|-supereffective|p1b: Calyrex\n|-damage|p1a: Zamazenta|0 fnt\n|-enditem|p1b: Calyrex|Focus Sash\n|-damage|p1b: Calyrex|1/100\n|faint|p1a: Zamazenta\n|-ability|p2b: Calyrex|Grim Neigh|boost\n|-boost|p2b: Calyrex|spa|1\n|move|p1b: Calyrex|Astral Barrage|p2b: Calyrex|[spread] \n|-activate|p2a: Zamazenta|move: Wide Guard\n|-activate|p2b: Calyrex|move: Wide Guard\n|\n|upkeep\n|\n|t:|1768099931\n|switch|p1a: Dragonite|Dragonite, L50, F|100/100\n|turn|4\n|\n|t:|1768099955\n|-terastallize|p1a: Dragonite|Normal\n|move|p2a: Zamazenta|Wide Guard|p2a: Zamazenta\n|-singleturn|p2a: Zamazenta|Wide Guard\n|move|p2b: Calyrex|Psychic|p1a: Dragonite\n|-damage|p1a: Dragonite|24/100\n|move|p1b: Calyrex|Astral Barrage|p2b: Calyrex|[spread] \n|-activate|p2a: Zamazenta|move: Wide Guard\n|-activate|p2b: Calyrex|move: Wide Guard\n|move|p1a: Dragonite|Outrage|p2b: Calyrex\n|-enditem|p2b: Calyrex|Focus Sash\n|-damage|p2b: Calyrex|1/100\n|\n|upkeep\n|turn|5\n|\n|t:|1768099981\n|move|p2b: Calyrex|Psychic|p1a: Dragonite\n|-damage|p1a: Dragonite|0 fnt\n|faint|p1a: Dragonite\n|-ability|p2b: Calyrex|Grim Neigh|boost\n|-boost|p2b: Calyrex|spa|1\n|move|p1b: Calyrex|Psychic|p2b: Calyrex\n|-resisted|p2b: Calyrex\n|-damage|p2b: Calyrex|0 fnt\n|faint|p2b: Calyrex\n|-ability|p1b: Calyrex|Grim Neigh|boost\n|-boost|p1b: Calyrex|spa|1\n|move|p2a: Zamazenta|Heavy Slam|p1b: Calyrex\n|-damage|p1b: Calyrex|0 fnt\n|faint|p1b: Calyrex\n|\n|win|Cello L.\n|raw|kenneththeg's rating: 1356 &rarr; <strong>1337</strong><br />(-19 for losing)\n|raw|Cello L.'s rating: 1377 &rarr; <strong>1396</strong><br />(+19 for winning)\n|l|\u2606kenneththeg\n|player|p1|\n|l|\u2606Cello L.\n|player|p2|\n","uploadtime":1768100141,"views":17,"formatid":"gen9vgc2026regi","rating":1337,"private":0,"password":null}