{"id":"gen9vgc2026regi-2554135331","format":"[Gen 9] VGC 2026 Reg I","players":["CHR1SPHX","Bb4210"],"log":"|j|\u2606CHR1SPHX\n|j|\u2606Bb4210\n|t:|1772923542\n|gametype|doubles\n|player|p1|CHR1SPHX|hilbert|1279\n|player|p2|Bb4210|2|1309\n|gen|9\n|tier|[Gen 9] VGC 2026 Reg I\n|rated|\n|rule|Species Clause: Limit one of each Pok\u00e9mon\n|rule|Item Clause: Limit 1 of each item\n|clearpoke\n|poke|p1|Lunala, L50|\n|poke|p1|Amoonguss, L50, M|\n|poke|p1|Ursaluna-Bloodmoon, L50, M|\n|poke|p1|Incineroar, L50, M|\n|poke|p1|Koraidon, L50|\n|poke|p1|Flutter Mane, L50|\n|poke|p2|Zamazenta-*, L50|\n|poke|p2|Flutter Mane, L50|\n|poke|p2|Raging Bolt, L50|\n|poke|p2|Kyogre, L50|\n|poke|p2|Incineroar, L50, M|\n|poke|p2|Tornadus, L50, M|\n|teampreview|4\n|inactive|Battle timer is ON: inactive players will automatically lose when time's up. (requested by CHR1SPHX)\n|\n|t:|1772923568\n|teamsize|p1|4\n|teamsize|p2|4\n|start\n|switch|p1a: Lunala|Lunala, L50, shiny|100/100\n|switch|p1b: Ursaluna|Ursaluna-Bloodmoon, L50, M|100/100\n|switch|p2a: Tornadus|Tornadus, L50, M|100/100\n|switch|p2b: Kyogre|Kyogre, L50|100/100\n|-weather|RainDance|[from] ability: Drizzle|[of] p2b: Kyogre\n|turn|1\n|inactive|CHR1SPHX has 30 seconds left.\n|\n|t:|1772923594\n|-terastallize|p1a: Lunala|Fairy\n|move|p1a: Lunala|Wide Guard|p1a: Lunala\n|-singleturn|p1a: Lunala|Wide Guard\n|move|p2a: Tornadus|Taunt|p1a: Lunala\n|-start|p1a: Lunala|move: Taunt\n|-enditem|p1a: Lunala|Mental Herb\n|-end|p1a: Lunala|move: Taunt\n|move|p2b: Kyogre|Origin Pulse|p1b: Ursaluna|[spread] \n|-activate|p1a: Lunala|move: Wide Guard\n|-activate|p1b: Ursaluna|move: Wide Guard\n|move|p1b: Ursaluna|Blood Moon|p2b: Kyogre\n|-damage|p2b: Kyogre|25/100\n|-damage|p1b: Ursaluna|91/100|[from] item: Life Orb\n|\n|-weather|RainDance|[upkeep]\n|upkeep\n|turn|2\n|\n|t:|1772923612\n|switch|p2b: Zamazenta|Zamazenta-Crowned, L50|100/100\n|-ability|p2b: Zamazenta|Dauntless Shield|boost\n|-boost|p2b: Zamazenta|def|1\n|switch|p1a: Koraidon|Koraidon, L50|100/100\n|-weather|SunnyDay|[from] ability: Orichalcum Pulse|[of] p1a: Koraidon\n|-activate|p1a: Koraidon|Orichalcum Pulse|[source]\n|move|p1b: Ursaluna|Protect|p1b: Ursaluna\n|-singleturn|p1b: Ursaluna|Protect\n|move|p2a: Tornadus|Taunt|p1a: Koraidon\n|-start|p1a: Koraidon|move: Taunt\n|\n|-weather|SunnyDay|[upkeep]\n|upkeep\n|turn|3\n|\n|t:|1772923623\n|move|p2a: Tornadus|Rain Dance|p2a: Tornadus\n|-weather|RainDance\n|move|p2b: Zamazenta|Body Press|p1b: Ursaluna\n|-supereffective|p1b: Ursaluna\n|-damage|p1b: Ursaluna|14/100\n|move|p1a: Koraidon|Collision Course|p2b: Zamazenta\n|-supereffective|p2b: Zamazenta\n|-damage|p2b: Zamazenta|42/100\n|move|p1b: Ursaluna|Earth Power|p2b: Zamazenta\n|-supereffective|p2b: Zamazenta\n|-damage|p2b: Zamazenta|0 fnt\n|faint|p2b: Zamazenta\n|-damage|p1b: Ursaluna|5/100|[from] item: Life Orb\n|\n|-weather|RainDance|[upkeep]\n|upkeep\n|\n|t:|1772923634\n|switch|p2b: Kyogre|Kyogre, L50|25/100\n|turn|4\n|\n|t:|1772923643\n|switch|p1a: Amoonguss|Amoonguss, L50, M, shiny|100/100\n|move|p1b: Ursaluna|Protect|p1b: Ursaluna\n|-singleturn|p1b: Ursaluna|Protect\n|move|p2b: Kyogre|Origin Pulse|p1a: Amoonguss|[spread] p1a\n|-activate|p1b: Ursaluna|move: Protect\n|-resisted|p1a: Amoonguss\n|-damage|p1a: Amoonguss|71/100\n|move|p2a: Tornadus|Bleakwind Storm|p1a: Amoonguss|[spread] p1a\n|-activate|p1b: Ursaluna|move: Protect\n|-supereffective|p1a: Amoonguss\n|-damage|p1a: Amoonguss|11/100\n|-unboost|p1a: Amoonguss|spe|1\n|\n|-weather|RainDance|[upkeep]\n|upkeep\n|turn|5\n|\n|t:|1772923658\n|switch|p1b: Koraidon|Koraidon, L50|100/100\n|-weather|SunnyDay|[from] ability: Orichalcum Pulse|[of] p1b: Koraidon\n|-activate|p1b: Koraidon|Orichalcum Pulse|[source]\n|move|p2b: Kyogre|Origin Pulse|p1b: Koraidon|[spread] p1a,p1b\n|-resisted|p1a: Amoonguss\n|-resisted|p1b: Koraidon\n|-damage|p1a: Amoonguss|2/100\n|-damage|p1b: Koraidon|90/100\n|move|p2a: Tornadus|Bleakwind Storm|p1a: Amoonguss|[spread] p1a,p1b\n|-supereffective|p1a: Amoonguss\n|-supereffective|p1b: Koraidon\n|-damage|p1a: Amoonguss|0 fnt\n|-damage|p1b: Koraidon|25/100\n|faint|p1a: Amoonguss\n|\n|-weather|SunnyDay|[upkeep]\n|upkeep\n|\n|t:|1772923663\n|switch|p1a: Lunala|Lunala, L50, shiny, tera:Fairy|100/100\n|turn|6\n|\n|t:|1772923671\n|switch|p2b: Incineroar|Incineroar, L50, M|100/100\n|-ability|p2b: Incineroar|Intimidate|boost\n|-unboost|p1a: Lunala|atk|1\n|-fail|p1b: Koraidon|unboost|[from] item: Clear Amulet|[of] p1b: Koraidon\n|move|p1a: Lunala|Wide Guard|p1a: Lunala\n|-singleturn|p1a: Lunala|Wide Guard\n|move|p2a: Tornadus|Taunt|p1a: Lunala\n|-start|p1a: Lunala|move: Taunt\n|move|p1b: Koraidon|Collision Course|p2b: Incineroar\n|-supereffective|p2b: Incineroar\n|-damage|p2b: Incineroar|0 fnt\n|faint|p2b: Incineroar\n|\n|-weather|SunnyDay|[upkeep]\n|upkeep\n|\n|t:|1772923678\n|switch|p2b: Kyogre|Kyogre, L50|25/100\n|-weather|RainDance|[from] ability: Drizzle|[of] p2b: Kyogre\n|turn|7\n|\n|t:|1772923684\n|move|p1b: Koraidon|Protect|p1b: Koraidon\n|-singleturn|p1b: Koraidon|Protect\n|move|p2b: Kyogre|Origin Pulse|p1b: Koraidon|[spread] p1a\n|-activate|p1b: Koraidon|move: Protect\n|-damage|p1a: Lunala|77/100\n|move|p2a: Tornadus|Bleakwind Storm|p1b: Koraidon|[spread] p1a\n|-activate|p1b: Koraidon|move: Protect\n|-damage|p1a: Lunala|49/100\n|move|p1a: Lunala|Moonblast|p2b: Kyogre\n|-damage|p2b: Kyogre|0 fnt\n|faint|p2b: Kyogre\n|\n|-weather|RainDance|[upkeep]\n|upkeep\n|turn|8\n|\n|t:|1772923696\n|switch|p1b: Ursaluna|Ursaluna-Bloodmoon, L50, M|5/100\n|move|p2a: Tornadus|Bleakwind Storm|p1a: Lunala|[spread] p1a,p1b\n|-damage|p1a: Lunala|23/100\n|-damage|p1b: Ursaluna|0 fnt\n|faint|p1b: Ursaluna\n|move|p1a: Lunala|Moonblast|p2a: Tornadus\n|-damage|p2a: Tornadus|36/100\n|\n|-weather|RainDance|[upkeep]\n|upkeep\n|\n|t:|1772923698\n|switch|p1b: Koraidon|Koraidon, L50|25/100\n|-weather|SunnyDay|[from] ability: Orichalcum Pulse|[of] p1b: Koraidon\n|-activate|p1b: Koraidon|Orichalcum Pulse|[source]\n|turn|9\n|\n|t:|1772923702\n|move|p1b: Koraidon|Flare Blitz|p2a: Tornadus\n|-damage|p2a: Tornadus|0 fnt\n|faint|p2a: Tornadus\n|-damage|p1b: Koraidon|14/100|[from] Recoil\n|\n|win|CHR1SPHX\n|raw|CHR1SPHX's rating: 1279 &rarr; <strong>1306</strong><br />(+27 for winning)\n|raw|Bb4210's rating: 1309 &rarr; <strong>1287</strong><br />(-22 for losing)\n|l|\u2606Bb4210\n|player|p2|\n","uploadtime":1772923709,"views":15,"formatid":"gen9vgc2026regi","rating":1287,"private":0,"password":null}