{"id":"gen9vgc2026regi-2521871206","format":"[Gen 9] VGC 2026 Reg I","players":["no1.pokemon","Schimmli"],"log":"|j|\u2606no1.pokemon\n|j|\u2606Schimmli\n|t:|1768836217\n|gametype|doubles\n|player|p1|no1.pokemon|n-masters|1377\n|player|p2|Schimmli|102|1513\n|gen|9\n|tier|[Gen 9] VGC 2026 Reg I\n|rated|\n|rule|Species Clause: Limit one of each Pok\u00e9mon\n|rule|Item Clause: Limit 1 of each item\n|clearpoke\n|poke|p1|Farigiraf, L50, F|\n|poke|p1|Koraidon, L50|\n|poke|p1|Whimsicott, L50, F|\n|poke|p1|Rillaboom, L50, M|\n|poke|p1|Calyrex-Shadow, L50|\n|poke|p1|Weezing-Galar, L50, M|\n|poke|p2|Terapagos, L50, M|\n|poke|p2|Calyrex-Shadow, L50|\n|poke|p2|Flutter Mane, L50|\n|poke|p2|Ogerpon-Cornerstone, L50, F|\n|poke|p2|Incineroar, L50, M|\n|poke|p2|Rillaboom, L50, F|\n|teampreview|4\n|inactive|Battle timer is ON: inactive players will automatically lose when time's up. (requested by no1.pokemon)\n|\n|t:|1768836235\n|teamsize|p1|4\n|teamsize|p2|4\n|start\n|switch|p1a: Koraidon|Koraidon, L50, shiny|100/100\n|switch|p1b: Weezing|Weezing-Galar, L50, M|100/100\n|switch|p2a: Incineroar|Incineroar, L50, M, shiny|100/100\n|switch|p2b: Terapagos|Terapagos, L50, M|100/100\n|-activate|p2b: Terapagos|ability: Tera Shift\n|detailschange|p2b: Terapagos|Terapagos-Terastal, L50, M\n|-heal|p2b: Terapagos|100/100|[silent]\n|-ability|p1b: Weezing|Neutralizing Gas\n|turn|1\n|\n|t:|1768836260\n|move|p2a: Incineroar|Fake Out|p1a: Koraidon\n|-damage|p1a: Koraidon|92/100\n|cant|p1a: Koraidon|flinch\n|move|p2b: Terapagos|Calm Mind|p2b: Terapagos\n|-boost|p2b: Terapagos|spa|1\n|-boost|p2b: Terapagos|spd|1\n|move|p1b: Weezing|Poison Gas|p2a: Incineroar|[spread] p2a,p2b\n|-status|p2a: Incineroar|psn\n|-status|p2b: Terapagos|psn\n|\n|-damage|p2b: Terapagos|88/100 psn|[from] psn\n|-damage|p2a: Incineroar|88/100 psn|[from] psn\n|upkeep\n|turn|2\n|\n|t:|1768836275\n|move|p2b: Terapagos|Protect|p2b: Terapagos\n|-singleturn|p2b: Terapagos|Protect\n|move|p1a: Koraidon|Collision Course|p2b: Terapagos\n|-activate|p2b: Terapagos|move: Protect\n|move|p2a: Incineroar|Parting Shot|p1a: Koraidon\n|-unboost|p1a: Koraidon|atk|1\n|-unboost|p1a: Koraidon|spa|1\n|\n|t:|1768836283\n|switch|p2a: Calyrex|Calyrex-Shadow, L50|100/100|[from] Parting Shot\n|-ability|p2a: Calyrex|As One\n|-ability|p2a: Calyrex|Unnerve\n|move|p1b: Weezing|Haze|p1b: Weezing\n|-clearallboost\n|\n|-heal|p2b: Terapagos|94/100 psn|[from] item: Leftovers\n|-damage|p2b: Terapagos|82/100 psn|[from] psn\n|upkeep\n|turn|3\n|inactive|no1.pokemon has 30 seconds left.\n|inactive|no1.pokemon has 20 seconds left.\n|\n|t:|1768836321\n|move|p2a: Calyrex|Will-O-Wisp|p1a: Koraidon\n|-status|p1a: Koraidon|brn\n|move|p1a: Koraidon|Collision Course|p2b: Terapagos\n|-supereffective|p2b: Terapagos\n|-damage|p2b: Terapagos|30/100 psn\n|move|p2b: Terapagos|Calm Mind|p2b: Terapagos\n|-boost|p2b: Terapagos|spa|1\n|-boost|p2b: Terapagos|spd|1\n|move|p1b: Weezing|Poison Gas|p2a: Calyrex|[spread] p2a,p2b\n|-status|p2a: Calyrex|psn\n|-fail|p2b: Terapagos|psn\n|\n|-heal|p2b: Terapagos|36/100 psn|[from] item: Leftovers\n|-damage|p2a: Calyrex|88/100 psn|[from] psn\n|-damage|p2b: Terapagos|23/100 psn|[from] psn\n|-damage|p1a: Koraidon|86/100 brn|[from] brn\n|upkeep\n|turn|4\n|\n|t:|1768836336\n|-terastallize|p2b: Terapagos|Stellar\n|detailschange|p2b: Terapagos|Terapagos-Stellar, L50, M, tera:Stellar\n|-heal|p2b: Terapagos|43/100 psn|[silent]\n|move|p2a: Calyrex|Astral Barrage|p1a: Koraidon|[spread] p1a,p1b\n|-damage|p1a: Koraidon|52/100 brn\n|-damage|p1b: Weezing|30/100\n|move|p1a: Koraidon|Flare Blitz|p2a: Calyrex\n|-damage|p2a: Calyrex|60/100 psn\n|-damage|p1a: Koraidon|44/100 brn|[from] Recoil\n|move|p2b: Terapagos|Tera Starstorm|p1b: Weezing|[spread] p1a,p1b\n|-damage|p1a: Koraidon|12/100 brn\n|-damage|p1b: Weezing|0 fnt\n|faint|p1b: Weezing\n|-end|p1b: Weezing|ability: Neutralizing Gas\n|-weather|SunnyDay|[from] ability: Orichalcum Pulse|[of] p1a: Koraidon\n|-activate|p1a: Koraidon|Orichalcum Pulse|[source]\n|\n|-weather|SunnyDay|[upkeep]\n|-heal|p2b: Terapagos|49/100 psn|[from] item: Leftovers\n|-damage|p2a: Calyrex|48/100 psn|[from] psn\n|-damage|p2b: Terapagos|37/100 psn|[from] psn\n|-damage|p1a: Koraidon|6/100 brn|[from] brn\n|upkeep\n|\n|t:|1768836349\n|switch|p1b: Calyrex|Calyrex-Shadow, L50|100/100\n|-ability|p1b: Calyrex|As One\n|-ability|p1b: Calyrex|Unnerve\n|turn|5\n|\n|t:|1768836362\n|move|p2a: Calyrex|Astral Barrage|p1b: Calyrex|[spread] p1a,p1b\n|-supereffective|p1b: Calyrex\n|-damage|p1a: Koraidon|0 fnt\n|-damage|p1b: Calyrex|0 fnt\n|faint|p1a: Koraidon\n|faint|p1b: Calyrex\n|-ability|p2a: Calyrex|Grim Neigh|boost\n|-boost|p2a: Calyrex|spa|2\n|move|p2b: Terapagos|Tera Starstorm|p1: Koraidon|[notarget]\n|-fail|p2b: Terapagos\n|\n|-weather|SunnyDay|[upkeep]\n|-heal|p2b: Terapagos|43/100 psn|[from] item: Leftovers\n|-damage|p2a: Calyrex|36/100 psn|[from] psn\n|-damage|p2b: Terapagos|30/100 psn|[from] psn\n|upkeep\n|-message|no1.pokemon forfeited.\n|\n|win|Schimmli\n|raw|no1.pokemon's rating: 1361 &rarr; <strong>1349</strong><br />(-12 for losing)\n|raw|Schimmli's rating: 1513 &rarr; <strong>1525</strong><br />(+12 for winning)\n|l|\u2606no1.pokemon\n|player|p1|\n|l|\u2606Schimmli\n|player|p2|\n","uploadtime":1768836523,"views":14,"formatid":"gen9vgc2026regi","rating":1349,"private":0,"password":null}