{"id":"gen9vgc2026regi-2555030480","format":"[Gen 9] VGC 2026 Reg I","players":["bearhug6672","Schimmli"],"log":"|j|\u2606bearhug6672\n|j|\u2606Schimmli\n|t:|1773047356\n|gametype|doubles\n|player|p1|bearhug6672|doubleteam|1245\n|player|p2|Schimmli|266|1426\n|gen|9\n|tier|[Gen 9] VGC 2026 Reg I\n|rated|\n|rule|Species Clause: Limit one of each Pok\u00e9mon\n|rule|Item Clause: Limit 1 of each item\n|clearpoke\n|poke|p1|Indeedee-F, L50, F|\n|poke|p1|Lunala, L50|\n|poke|p1|Flutter Mane, L50|\n|poke|p1|Raging Bolt, L50|\n|poke|p1|Rillaboom, L50, M|\n|poke|p1|Koraidon, L50|\n|poke|p2|Terapagos, L50, M|\n|poke|p2|Calyrex-Shadow, L50|\n|poke|p2|Flutter Mane, L50|\n|poke|p2|Ogerpon-Cornerstone, L50, F|\n|poke|p2|Incineroar, L50, F|\n|poke|p2|Rillaboom, L50, M|\n|teampreview|4\n|inactive|Battle timer is ON: inactive players will automatically lose when time's up. (requested by bearhug6672)\n|inactive|Schimmli has 60 seconds left.\n|inactive|Schimmli has 30 seconds left.\n|\n|t:|1773047417\n|teamsize|p1|4\n|teamsize|p2|4\n|start\n|switch|p1a: Lunala|Lunala, L50|100/100\n|switch|p1b: Indeedee|Indeedee-F, L50, F|100/100\n|switch|p2a: Incineroar|Incineroar, L50, F, shiny|100/100\n|switch|p2b: Terapagos|Terapagos, L50, M|100/100\n|-activate|p2b: Terapagos|ability: Tera Shift\n|detailschange|p2b: Terapagos|Terapagos-Terastal, L50, M\n|-heal|p2b: Terapagos|100/100|[silent]\n|-fieldstart|move: Psychic Terrain|[from] ability: Psychic Surge|[of] p1b: Indeedee\n|-ability|p2a: Incineroar|Intimidate|boost\n|-unboost|p1a: Lunala|atk|1\n|-unboost|p1b: Indeedee|atk|1\n|turn|1\n|\n|t:|1773047439\n|switch|p2a: Rillaboom|Rillaboom, L50, M|100/100\n|-fieldstart|move: Grassy Terrain|[from] ability: Grassy Surge|[of] p2a: Rillaboom\n|move|p1b: Indeedee|Follow Me|p1b: Indeedee\n|-singleturn|p1b: Indeedee|move: Follow Me\n|move|p2b: Terapagos|Calm Mind|p2b: Terapagos\n|-boost|p2b: Terapagos|spa|1\n|-boost|p2b: Terapagos|spd|1\n|move|p1a: Lunala|Trick Room|p1a: Lunala\n|-fieldstart|move: Trick Room|[of] p1a: Lunala\n|\n|upkeep\n|turn|2\n|inactive|bearhug6672 has 30 seconds left.\n|\n|t:|1773047466\n|move|p1b: Indeedee|Dazzling Gleam|p2b: Terapagos|[spread] p2a,p2b\n|-crit|p2a: Rillaboom\n|-activate|p2b: Terapagos|ability: Tera Shell\n|-resisted|p2b: Terapagos\n|-damage|p2a: Rillaboom|88/100\n|-damage|p2b: Terapagos|97/100\n|move|p2a: Rillaboom|U-turn|p1a: Lunala\n|-damage|p1a: Lunala|92/100\n|\n|t:|1773047474\n|switch|p2a: Incineroar|Incineroar, L50, F, shiny|100/100|[from] U-turn\n|-ability|p2a: Incineroar|Intimidate|boost\n|-unboost|p1a: Lunala|atk|1\n|-unboost|p1b: Indeedee|atk|1\n|move|p2b: Terapagos|Calm Mind|p2b: Terapagos\n|-boost|p2b: Terapagos|spa|1\n|-boost|p2b: Terapagos|spd|1\n|move|p1a: Lunala|Moongeist Beam|p2a: Incineroar\n|-resisted|p2a: Incineroar\n|-damage|p2a: Incineroar|74/100\n|\n|-heal|p2a: Incineroar|80/100|[from] Grassy Terrain\n|-heal|p2b: Terapagos|100/100|[from] Grassy Terrain\n|-heal|p1a: Lunala|98/100|[from] Grassy Terrain\n|upkeep\n|turn|3\n|\n|t:|1773047499\n|move|p2a: Incineroar|Parting Shot|p1a: Lunala\n|-unboost|p1a: Lunala|atk|1\n|-unboost|p1a: Lunala|spa|1\n|\n|t:|1773047503\n|switch|p2a: Rillaboom|Rillaboom, L50, M|88/100|[from] Parting Shot\n|move|p1b: Indeedee|Skill Swap|p2a: Rillaboom\n|-activate|p1b: Indeedee|Skill Swap|Grassy Surge|Psychic Surge|[of] p2a: Rillaboom\n|-fieldstart|move: Psychic Terrain|[from] ability: Psychic Surge|[of] p2a: Rillaboom\n|-fieldstart|move: Grassy Terrain|[from] ability: Grassy Surge|[of] p1b: Indeedee\n|move|p2b: Terapagos|Calm Mind|p2b: Terapagos\n|-boost|p2b: Terapagos|spa|1\n|-boost|p2b: Terapagos|spd|1\n|move|p1a: Lunala|Expanding Force|p2b: Terapagos\n|-activate|p2b: Terapagos|ability: Tera Shell\n|-resisted|p2b: Terapagos\n|-damage|p2b: Terapagos|95/100\n|\n|-heal|p2a: Rillaboom|94/100|[from] Grassy Terrain\n|-heal|p2b: Terapagos|100/100|[from] Grassy Terrain\n|-heal|p1a: Lunala|100/100|[from] Grassy Terrain\n|upkeep\n|turn|4\n|inactive|bearhug6672 has 30 seconds left.\n|inactive|Schimmli has 30 seconds left.\n|inactive|Schimmli has 20 seconds left.\n|inactive|Schimmli has 15 seconds left.\n|\n|t:|1773047544\n|switch|p1a: Koraidon|Koraidon, L50|100/100\n|-weather|SunnyDay|[from] ability: Orichalcum Pulse|[of] p1a: Koraidon\n|-activate|p1a: Koraidon|Orichalcum Pulse|[source]\n|move|p1b: Indeedee|Follow Me|p1b: Indeedee\n|-singleturn|p1b: Indeedee|move: Follow Me\n|move|p2a: Rillaboom|U-turn|p1b: Indeedee\n|-supereffective|p1b: Indeedee\n|-damage|p1b: Indeedee|60/100\n|\n|t:|1773047553\n|switch|p2a: Incineroar|Incineroar, L50, F, shiny|80/100|[from] U-turn\n|-ability|p2a: Incineroar|Intimidate|boost\n|-unboost|p1a: Koraidon|atk|1\n|-unboost|p1b: Indeedee|atk|1\n|move|p2b: Terapagos|Tera Starstorm|p1b: Indeedee\n|-damage|p1b: Indeedee|0 fnt\n|faint|p1b: Indeedee\n|\n|-weather|SunnyDay|[upkeep]\n|-heal|p2a: Incineroar|86/100|[from] Grassy Terrain\n|upkeep\n|\n|t:|1773047566\n|switch|p1b: Raging Bolt|Raging Bolt, L50|100/100\n|-activate|p1b: Raging Bolt|ability: Protosynthesis\n|-start|p1b: Raging Bolt|protosynthesisspa\n|turn|5\n|\n|t:|1773047577\n|move|p1b: Raging Bolt|Protect|p1b: Raging Bolt\n|-singleturn|p1b: Raging Bolt|Protect\n|move|p1a: Koraidon|Protect|p1a: Koraidon\n|-singleturn|p1a: Koraidon|Protect\n|move|p2a: Incineroar|Parting Shot|p1b: Raging Bolt\n|-activate|p1b: Raging Bolt|move: Protect\n|move|p2b: Terapagos|Calm Mind|p2b: Terapagos\n|-boost|p2b: Terapagos|spa|1\n|-boost|p2b: Terapagos|spd|1\n|\n|-weather|SunnyDay|[upkeep]\n|-heal|p2a: Incineroar|92/100|[from] Grassy Terrain\n|-fieldend|move: Trick Room\n|upkeep\n|turn|6\n|inactive|bearhug6672 has 30 seconds left.\n|\n|t:|1773047606\n|switch|p1a: Lunala|Lunala, L50|100/100\n|-terastallize|p2b: Terapagos|Stellar\n|detailschange|p2b: Terapagos|Terapagos-Stellar, L50, M, tera:Stellar\n|-heal|p2b: Terapagos|100/100|[silent]\n|-ability|p2b: Terapagos|Teraform Zero\n|-weather|none\n|-end|p1b: Raging Bolt|Protosynthesis\n|-fieldend|move: Grassy Terrain\n|move|p2b: Terapagos|Tera Starstorm|p1a: Lunala|[spread] p1a,p1b\n|-damage|p1a: Lunala|66/100\n|-damage|p1b: Raging Bolt|9/100\n|move|p1b: Raging Bolt|Thunderbolt|p2b: Terapagos\n|-damage|p2b: Terapagos|85/100\n|move|p2a: Incineroar|Parting Shot|p1b: Raging Bolt\n|-unboost|p1b: Raging Bolt|atk|1\n|-unboost|p1b: Raging Bolt|spa|1\n|\n|t:|1773047622\n|switch|p2a: Calyrex|Calyrex-Shadow, L50|100/100|[from] Parting Shot\n|-ability|p2a: Calyrex|As One\n|-ability|p2a: Calyrex|Unnerve\n|\n|-heal|p2b: Terapagos|92/100|[from] item: Leftovers\n|upkeep\n|turn|7\n|\n|t:|1773047640\n|move|p1a: Lunala|Wide Guard|p1a: Lunala\n|-singleturn|p1a: Lunala|Wide Guard\n|move|p1b: Raging Bolt|Thunderclap|p2a: Calyrex\n|-damage|p2a: Calyrex|70/100\n|move|p2a: Calyrex|Astral Barrage|p1b: Raging Bolt|[spread] \n|-activate|p1a: Lunala|move: Wide Guard\n|-activate|p1b: Raging Bolt|move: Wide Guard\n|move|p2b: Terapagos|Earth Power|p1b: Raging Bolt\n|-supereffective|p1b: Raging Bolt\n|-damage|p1b: Raging Bolt|0 fnt\n|faint|p1b: Raging Bolt\n|-end|p1b: Raging Bolt|Protosynthesis|[silent]\n|\n|-heal|p2b: Terapagos|98/100|[from] item: Leftovers\n|upkeep\n|\n|t:|1773047657\n|switch|p1b: Koraidon|Koraidon, L50|100/100\n|-weather|SunnyDay|[from] ability: Orichalcum Pulse|[of] p1b: Koraidon\n|-activate|p1b: Koraidon|Orichalcum Pulse|[source]\n|turn|8\n|\n|t:|1773047666\n|move|p2b: Terapagos|Protect|p2b: Terapagos\n|-singleturn|p2b: Terapagos|Protect\n|move|p1a: Lunala|Wide Guard|p1a: Lunala\n|-singleturn|p1a: Lunala|Wide Guard\n|move|p2a: Calyrex|Will-O-Wisp|p1b: Koraidon\n|-status|p1b: Koraidon|brn\n|move|p1b: Koraidon|Close Combat|p2b: Terapagos\n|-activate|p2b: Terapagos|move: Protect\n|\n|-weather|SunnyDay|[upkeep]\n|-heal|p2b: Terapagos|100/100|[from] item: Leftovers\n|-damage|p1b: Koraidon|94/100 brn|[from] brn\n|upkeep\n|turn|9\n|inactive|bearhug6672 has 30 seconds left.\n|\n|t:|1773047692\n|switch|p2a: Incineroar|Incineroar, L50, F, shiny|92/100\n|-ability|p2a: Incineroar|Intimidate|boost\n|-unboost|p1a: Lunala|atk|1\n|-unboost|p1b: Koraidon|atk|1\n|move|p1a: Lunala|Wide Guard|p1a: Lunala\n|-singleturn|p1a: Lunala|Wide Guard\n|move|p1b: Koraidon|Close Combat|p2b: Terapagos\n|-supereffective|p2b: Terapagos\n|-crit|p2b: Terapagos\n|-damage|p2b: Terapagos|13/100\n|-unboost|p1b: Koraidon|def|1\n|-unboost|p1b: Koraidon|spd|1\n|-damage|p1b: Koraidon|85/100 brn|[from] item: Life Orb\n|move|p2b: Terapagos|Earth Power|p1b: Koraidon\n|-damage|p1b: Koraidon|0 fnt\n|faint|p1b: Koraidon\n|\n|-weather|SunnyDay|[upkeep]\n|-heal|p2b: Terapagos|19/100|[from] item: Leftovers\n|upkeep\n|turn|10\n|\n|t:|1773047714\n|-terastallize|p1a: Lunala|Psychic\n|move|p1a: Lunala|Expanding Force|p2b: Terapagos\n|-damage|p2b: Terapagos|3/100\n|move|p2b: Terapagos|Tera Starstorm|p1a: Lunala\n|-supereffective|p1a: Lunala\n|-damage|p1a: Lunala|0 fnt\n|faint|p1a: Lunala\n|\n|win|Schimmli\n|raw|bearhug6672's rating: 1245 &rarr; <strong>1232</strong><br />(-13 for losing)\n|raw|Schimmli's rating: 1426 &rarr; <strong>1436</strong><br />(+10 for winning)\n|l|\u2606bearhug6672\n|player|p1|\n|l|\u2606Schimmli\n|player|p2|\n","uploadtime":1773047871,"views":20,"formatid":"gen9vgc2026regi","rating":1232,"private":0,"password":null}