{"id":"gen9vgc2026regi-2590065831","format":"[Gen 9] VGC 2026 Reg I","players":["Sunny_zong1","Sheeshshane925"],"log":"|j|\u2606Sunny_zong1\n|j|\u2606Sheeshshane925\n|t:|1776784760\n|gametype|doubles\n|player|p1|Sunny_zong1|bugsy|1522\n|player|p2|Sheeshshane925|chuck|1669\n|gen|9\n|tier|[Gen 9] VGC 2026 Reg I\n|rated|\n|rule|Species Clause: Limit one of each Pok\u00e9mon\n|rule|Item Clause: Limit 1 of each item\n|clearpoke\n|poke|p1|Annihilape, L50, M|\n|poke|p1|Miraidon, L50|\n|poke|p1|Calyrex-Shadow, L50|\n|poke|p1|Wo-Chien, L50|\n|poke|p1|Ting-Lu, L50|\n|poke|p1|Grimmsnarl, L50, M|\n|poke|p2|Calyrex-Ice, L50|\n|poke|p2|Miraidon, L50|\n|poke|p2|Farigiraf, L50, F|\n|poke|p2|Iron Hands, L50|\n|poke|p2|Scraggy, L50, F|\n|poke|p2|Iron Bundle, L50|\n|teampreview|4\n|inactive|Battle timer is ON: inactive players will automatically lose when time's up. (requested by Sunny_zong1)\n|inactive|Sunny_zong1 has 60 seconds left.\n|\n|t:|1776784817\n|teamsize|p1|4\n|teamsize|p2|4\n|start\n|switch|p1a: Grimmsnarl|Grimmsnarl, L50, M|100/100\n|switch|p1b: Calyrex|Calyrex-Shadow, L50|100/100\n|switch|p2a: Miraidon|Miraidon, L50, shiny|100/100\n|switch|p2b: Iron Bundle|Iron Bundle, L50, shiny|100/100\n|-ability|p1b: Calyrex|As One\n|-ability|p1b: Calyrex|Unnerve\n|-fieldstart|move: Electric Terrain|[from] ability: Hadron Engine|[of] p2a: Miraidon\n|-activate|p2b: Iron Bundle|ability: Quark Drive\n|-start|p2b: Iron Bundle|quarkdrivespe\n|turn|1\n|inactive|Sheeshshane925 has 30 seconds left.\n|inactive|Sheeshshane925 has 20 seconds left.\n|\n|t:|1776784855\n|-terastallize|p1b: Calyrex|Ghost\n|move|p1a: Grimmsnarl|Light Screen|p1a: Grimmsnarl\n|-sidestart|p1: Sunny_zong1|move: Light Screen\n|move|p2b: Iron Bundle|Icy Wind|p1b: Calyrex|[spread] p1a,p1b\n|-damage|p1a: Grimmsnarl|90/100\n|-damage|p1b: Calyrex|85/100\n|-unboost|p1a: Grimmsnarl|spe|1\n|-unboost|p1b: Calyrex|spe|1\n|move|p2a: Miraidon|Electro Drift|p1b: Calyrex\n|-damage|p1b: Calyrex|0 fnt\n|faint|p1b: Calyrex\n|-damage|p2a: Miraidon|91/100|[from] item: Life Orb\n|\n|upkeep\n|inactive|Sunny_zong1 has 30 seconds left.\n|\n|t:|1776784882\n|switch|p1b: Wo-Chien|Wo-Chien, L50|100/100\n|-ability|p1b: Wo-Chien|Tablets of Ruin\n|turn|2\n|\n|t:|1776784906\n|-terastallize|p2a: Miraidon|Fairy\n|move|p1b: Wo-Chien|Protect|p1b: Wo-Chien\n|-singleturn|p1b: Wo-Chien|Protect\n|move|p1a: Grimmsnarl|Thunder Wave|p2b: Iron Bundle\n|-status|p2b: Iron Bundle|par\n|move|p2a: Miraidon|Dazzling Gleam|p1b: Wo-Chien|[spread] p1a\n|-activate|p1b: Wo-Chien|move: Protect\n|-supereffective|p1a: Grimmsnarl\n|-damage|p1a: Grimmsnarl|23/100\n|-damage|p2a: Miraidon|81/100|[from] item: Life Orb\n|move|p2b: Iron Bundle|Freeze-Dry|p1b: Wo-Chien\n|-activate|p1b: Wo-Chien|move: Protect\n|\n|upkeep\n|turn|3\n|\n|t:|1776784920\n|move|p1a: Grimmsnarl|Thunder Wave|p2a: Miraidon\n|-status|p2a: Miraidon|par\n|cant|p2b: Iron Bundle|par\n|move|p1b: Wo-Chien|Snarl|p2b: Iron Bundle|[spread] p2a,p2b\n|-resisted|p2a: Miraidon\n|-damage|p2a: Miraidon|76/100 par\n|-damage|p2b: Iron Bundle|73/100 par\n|-unboost|p2a: Miraidon|spa|1\n|-unboost|p2b: Iron Bundle|spa|1\n|move|p2a: Miraidon|Dazzling Gleam|p1a: Grimmsnarl|[spread] p1a,p1b\n|-supereffective|p1a: Grimmsnarl\n|-supereffective|p1b: Wo-Chien\n|-damage|p1a: Grimmsnarl|0 fnt\n|-damage|p1b: Wo-Chien|70/100\n|faint|p1a: Grimmsnarl\n|-damage|p2a: Miraidon|67/100 par|[from] item: Life Orb\n|\n|-heal|p1b: Wo-Chien|76/100|[from] item: Leftovers\n|upkeep\n|\n|t:|1776784921\n|switch|p1a: Miraidon|Miraidon, L50|100/100\n|-activate|p1a: Miraidon|ability: Hadron Engine\n|turn|4\n|inactive|Sunny_zong1 has 30 seconds left.\n|inactive|Sunny_zong1 has 20 seconds left.\n|inactive|Sunny_zong1 has 15 seconds left.\n|\n|t:|1776784965\n|move|p1a: Miraidon|Electro Drift|p2b: Iron Bundle\n|-supereffective|p2b: Iron Bundle\n|-damage|p2b: Iron Bundle|0 fnt\n|faint|p2b: Iron Bundle\n|-end|p2b: Iron Bundle|Quark Drive|[silent]\n|-damage|p1a: Miraidon|91/100|[from] item: Life Orb\n|move|p1b: Wo-Chien|Snarl|p2a: Miraidon\n|-resisted|p2a: Miraidon\n|-damage|p2a: Miraidon|59/100 par\n|-unboost|p2a: Miraidon|spa|1\n|move|p2a: Miraidon|Dazzling Gleam|p1a: Miraidon|[spread] p1a,p1b\n|-supereffective|p1a: Miraidon\n|-supereffective|p1b: Wo-Chien\n|-crit|p1b: Wo-Chien\n|-damage|p1a: Miraidon|55/100\n|-damage|p1b: Wo-Chien|0 fnt\n|faint|p1b: Wo-Chien\n|-damage|p2a: Miraidon|50/100 par|[from] item: Life Orb\n|\n|upkeep\n|\n|t:|1776784972\n|switch|p2b: Calyrex|Calyrex-Ice, L50|100/100\n|-ability|p2b: Calyrex|As One\n|-ability|p2b: Calyrex|Unnerve\n|turn|5\n|\n|t:|1776784987\n|move|p2b: Calyrex|Protect|p2b: Calyrex\n|-singleturn|p2b: Calyrex|Protect\n|move|p1a: Miraidon|Electro Drift|p2b: Calyrex\n|-activate|p2b: Calyrex|move: Protect\n|move|p2a: Miraidon|Dazzling Gleam|p1a: Miraidon\n|-supereffective|p1a: Miraidon\n|-damage|p1a: Miraidon|8/100\n|-damage|p2a: Miraidon|40/100 par|[from] item: Life Orb\n|\n|-fieldend|move: Electric Terrain\n|upkeep\n|turn|6\n|-message|Sunny_zong1 forfeited.\n|\n|win|Sheeshshane925\n|raw|Sunny_zong1's rating: 1522 &rarr; <strong>1510</strong><br />(-12 for losing)\n|raw|Sheeshshane925's rating: 1669 &rarr; <strong>1681</strong><br />(+12 for winning)\n|l|\u2606Sunny_zong1\n|player|p1|\n|l|\u2606Sheeshshane925\n|player|p2|\n","uploadtime":1776785152,"views":18,"formatid":"gen9vgc2026regi","rating":1510,"private":0,"password":null}