{"id":"gen9vgc2026regi-2525796576","format":"[Gen 9] VGC 2026 Reg I","players":["Galact7adi","lethailacthu"],"log":"|j|\u2606Galact7adi\n|j|\u2606lethailacthu\n|t:|1769328227\n|gametype|doubles\n|player|p1|Galact7adi|2|1149\n|player|p2|lethailacthu|169|1090\n|gen|9\n|tier|[Gen 9] VGC 2026 Reg I\n|rated|\n|rule|Species Clause: Limit one of each Pok\u00e9mon\n|rule|Item Clause: Limit 1 of each item\n|clearpoke\n|poke|p1|Brute Bonnet, L50|\n|poke|p1|Lunala, L50|\n|poke|p1|Ursaluna, L50, F|\n|poke|p1|Chi-Yu, L50|\n|poke|p1|Koraidon, L50|\n|poke|p1|Flutter Mane, L50|\n|poke|p2|Indeedee-F, L50, F|\n|poke|p2|Torkoal, L50, M|\n|poke|p2|Great Tusk, L50|\n|poke|p2|Hatterene, L50, F|\n|poke|p2|Koraidon, L50|\n|poke|p2|Brute Bonnet, L50|\n|teampreview|4\n|inactive|Battle timer is ON: inactive players will automatically lose when time's up. (requested by Galact7adi)\n|\n|t:|1769328240\n|teamsize|p1|4\n|teamsize|p2|4\n|start\n|switch|p1a: Lunala|Lunala, L50, shiny|100/100\n|switch|p1b: Brute Bonnet|Brute Bonnet, L50, shiny|100/100\n|switch|p2a: Indeedee|Indeedee-F, L50, F|100/100\n|switch|p2b: Hatterene|Hatterene, L50, F|100/100\n|-fieldstart|move: Psychic Terrain|[from] ability: Psychic Surge|[of] p2a: Indeedee\n|-enditem|p2a: Indeedee|Psychic Seed\n|-boost|p2a: Indeedee|spd|1|[from] item: Psychic Seed\n|turn|1\n|inactive|lethailacthu has 30 seconds left.\n|inactive|lethailacthu has 20 seconds left.\n|inactive|lethailacthu has 15 seconds left.\n|inactive|lethailacthu has 10 seconds left.\n|\n|t:|1769328287\n|switch|p2b: Brute Bonnet|Brute Bonnet, L50|100/100\n|move|p1a: Lunala|Meteor Beam||[still]\n|-prepare|p1a: Lunala|Meteor Beam\n|-boost|p1a: Lunala|spa|1\n|-enditem|p1a: Lunala|Power Herb\n|-anim|p1a: Lunala|Meteor Beam|p2a: Indeedee\n|-damage|p2a: Indeedee|67/100\n|move|p1b: Brute Bonnet|Seed Bomb|p2b: Brute Bonnet\n|-resisted|p2b: Brute Bonnet\n|-damage|p2b: Brute Bonnet|89/100\n|move|p2a: Indeedee|Trick Room|p2a: Indeedee\n|-fieldstart|move: Trick Room|[of] p2a: Indeedee\n|\n|upkeep\n|turn|2\n|inactive|Galact7adi has 30 seconds left.\n|\n|t:|1769328322\n|switch|p2a: Hatterene|Hatterene, L50, F|100/100\n|move|p2b: Brute Bonnet|Sucker Punch||[still]\n|-fail|p2b: Brute Bonnet\n|move|p1b: Brute Bonnet|Spore|p2a: Hatterene\n|move|p2a: Hatterene|Spore|p1b: Brute Bonnet|[from] ability: Magic Bounce\n|-immune|p1b: Brute Bonnet\n|move|p1a: Lunala|Trick Room|p1a: Lunala\n|-fieldend|move: Trick Room\n|\n|upkeep\n|turn|3\n|\n|t:|1769328341\n|-end|p1b: Brute Bonnet|Protosynthesis|[silent]\n|switch|p1b: Ursaluna|Ursaluna, L50, F|100/100\n|-terastallize|p1a: Lunala|Water\n|move|p1a: Lunala|Moongeist Beam|p2a: Hatterene\n|-supereffective|p2a: Hatterene\n|-damage|p2a: Hatterene|0 fnt\n|faint|p2a: Hatterene\n|move|p2b: Brute Bonnet|Spore|p1a: Lunala\n|-status|p1a: Lunala|slp|[from] move: Spore\n|\n|-status|p1b: Ursaluna|brn|[from] item: Flame Orb\n|upkeep\n|\n|t:|1769328351\n|switch|p2a: Great Tusk|Great Tusk, L50|100/100\n|turn|4\n|inactive|lethailacthu has 30 seconds left.\n|\n|t:|1769328382\n|switch|p1a: Brute Bonnet|Brute Bonnet, L50, shiny|100/100\n|-end|p2b: Brute Bonnet|Protosynthesis|[silent]\n|switch|p2b: Indeedee|Indeedee-F, L50, F|67/100\n|move|p1b: Ursaluna|Protect|p1b: Ursaluna\n|-singleturn|p1b: Ursaluna|Protect\n|move|p2a: Great Tusk|Close Combat|p1b: Ursaluna\n|-activate|p1b: Ursaluna|move: Protect\n|\n|-damage|p1b: Ursaluna|95/100 brn|[from] brn\n|upkeep\n|turn|5\n|inactive|lethailacthu has 30 seconds left.\n|\n|t:|1769328410\n|move|p1a: Brute Bonnet|Rage Powder|p1a: Brute Bonnet\n|-singleturn|p1a: Brute Bonnet|move: Rage Powder\n|move|p2b: Indeedee|Charm|p1a: Brute Bonnet\n|-unboost|p1a: Brute Bonnet|atk|2\n|move|p2a: Great Tusk|Close Combat|p1a: Brute Bonnet\n|-supereffective|p1a: Brute Bonnet\n|-damage|p1a: Brute Bonnet|20/100\n|-unboost|p2a: Great Tusk|def|1\n|-unboost|p2a: Great Tusk|spd|1\n|-enditem|p1a: Brute Bonnet|Sitrus Berry|[eat]\n|-heal|p1a: Brute Bonnet|45/100|[from] item: Sitrus Berry\n|move|p1b: Ursaluna|Facade|p2a: Great Tusk\n|-damage|p2a: Great Tusk|0 fnt\n|faint|p2a: Great Tusk\n|-end|p2a: Great Tusk|Protosynthesis|[silent]\n|\n|-damage|p1b: Ursaluna|89/100 brn|[from] brn\n|-fieldend|move: Psychic Terrain\n|upkeep\n|\n|t:|1769328418\n|switch|p2a: Brute Bonnet|Brute Bonnet, L50|89/100\n|turn|6\n|-message|lethailacthu forfeited.\n|\n|win|Galact7adi\n|raw|Galact7adi's rating: 1149 &rarr; <strong>1170</strong><br />(+21 for winning)\n|raw|lethailacthu's rating: 1090 &rarr; <strong>1070</strong><br />(-20 for losing)\n|l|\u2606lethailacthu\n|player|p2|\n|l|\u2606Galact7adi\n|player|p1|\n","uploadtime":1769328823,"views":14,"formatid":"gen9vgc2026regi","rating":1070,"private":0,"password":null}