{"id":"gen9vgc2026regi-2590713657","format":"[Gen 9] VGC 2026 Reg I","players":["Mars002","VJ2511"],"log":"|j|\u2606Mars002\n|j|\u2606VJ2511\n|t:|1776838183\n|gametype|doubles\n|player|p1|Mars002|1|1510\n|player|p2|VJ2511|169|1676\n|gen|9\n|tier|[Gen 9] VGC 2026 Reg I\n|rated|\n|rule|Species Clause: Limit one of each Pok\u00e9mon\n|rule|Item Clause: Limit 1 of each item\n|clearpoke\n|poke|p1|Groudon, L50|\n|poke|p1|Calyrex-Ice, L50|\n|poke|p1|Rillaboom, L50, M|\n|poke|p1|Annihilape, L50, F|\n|poke|p1|Walking Wake, L50|\n|poke|p1|Comfey, L50, M|\n|poke|p2|Calyrex-Shadow, L50|\n|poke|p2|Zamazenta-*, L50|\n|poke|p2|Chien-Pao, L50|\n|poke|p2|Dragonite, L50, M|\n|poke|p2|Raging Bolt, L50|\n|poke|p2|Amoonguss, L50, M|\n|teampreview|4\n|inactive|Battle timer is ON: inactive players will automatically lose when time's up. (requested by Mars002)\n|inactive|Mars002 has 60 seconds left.\n|\n|t:|1776838227\n|teamsize|p1|4\n|teamsize|p2|4\n|start\n|switch|p1a: Annihilape|Annihilape, L50, F|100/100\n|switch|p1b: Walking Wake|Walking Wake, L50|100/100\n|switch|p2a: Calyrex|Calyrex-Shadow, L50|100/100\n|switch|p2b: Zamazenta|Zamazenta-Crowned, L50|100/100\n|-ability|p2a: Calyrex|As One\n|-ability|p2a: Calyrex|Unnerve\n|-ability|p2b: Zamazenta|Dauntless Shield|boost\n|-boost|p2b: Zamazenta|def|1\n|turn|1\n|\n|t:|1776838242\n|move|p2a: Calyrex|Protect|p2a: Calyrex\n|-singleturn|p2a: Calyrex|Protect\n|move|p2b: Zamazenta|Protect|p2b: Zamazenta\n|-singleturn|p2b: Zamazenta|Protect\n|move|p1a: Annihilape|U-turn|p2a: Calyrex\n|-activate|p2a: Calyrex|move: Protect\n|move|p1b: Walking Wake|Hydro Steam|p2a: Calyrex\n|-activate|p2a: Calyrex|move: Protect\n|\n|upkeep\n|turn|2\n|\n|t:|1776838260\n|move|p1a: Annihilape|U-turn|p2a: Calyrex\n|-damage|p2a: Calyrex|79/100\n|\n|t:|1776838262\n|switch|p1a: Groudon|Groudon, L50|100/100|[from] U-turn\n|-weather|SunnyDay|[from] ability: Drought|[of] p1a: Groudon\n|-activate|p1b: Walking Wake|ability: Protosynthesis\n|-start|p1b: Walking Wake|protosynthesisspe\n|move|p1b: Walking Wake|Hydro Steam|p2a: Calyrex\n|-damage|p2a: Calyrex|0 fnt\n|faint|p2a: Calyrex\n|move|p2b: Zamazenta|Body Press|p1b: Walking Wake\n|-crit|p1b: Walking Wake\n|-damage|p1b: Walking Wake|0 fnt\n|faint|p1b: Walking Wake\n|-end|p1b: Walking Wake|Protosynthesis|[silent]\n|\n|-weather|SunnyDay|[upkeep]\n|upkeep\n|\n|t:|1776838280\n|switch|p2a: Chien-Pao|Chien-Pao, L50|100/100\n|switch|p1b: Annihilape|Annihilape, L50, F|100/100\n|-ability|p2a: Chien-Pao|Sword of Ruin\n|turn|3\n|\n|t:|1776838291\n|switch|p1b: Comfey|Comfey, L50, M|100/100\n|-terastallize|p2b: Zamazenta|Dragon\n|-terastallize|p1a: Groudon|Water\n|move|p2a: Chien-Pao|Sucker Punch||[still]\n|-fail|p2a: Chien-Pao\n|move|p2b: Zamazenta|Body Press|p1a: Groudon\n|-damage|p1a: Groudon|40/100\n|move|p1a: Groudon|Precipice Blades|p2a: Chien-Pao|[spread] p2b\n|-miss|p1a: Groudon|p2a: Chien-Pao\n|-damage|p2b: Zamazenta|76/100\n|\n|-weather|SunnyDay|[upkeep]\n|upkeep\n|turn|4\n|\n|t:|1776838310\n|switch|p1a: Annihilape|Annihilape, L50, F|100/100\n|move|p1b: Comfey|Draining Kiss|p2b: Zamazenta\n|-supereffective|p2b: Zamazenta\n|-damage|p2b: Zamazenta|54/100\n|move|p2a: Chien-Pao|Ruination|p1a: Annihilape|[miss]\n|-miss|p2a: Chien-Pao|p1a: Annihilape\n|move|p2b: Zamazenta|Body Press|p1a: Annihilape\n|-immune|p1a: Annihilape\n|\n|-weather|SunnyDay|[upkeep]\n|upkeep\n|turn|5\n|inactive|Mars002 has 30 seconds left.\n|inactive|Mars002 has 20 seconds left.\n|\n|t:|1776838349\n|move|p1b: Comfey|Draining Kiss|p2a: Chien-Pao\n|-supereffective|p2a: Chien-Pao\n|-crit|p2a: Chien-Pao\n|-damage|p2a: Chien-Pao|59/100\n|move|p2a: Chien-Pao|Sucker Punch|p1a: Annihilape\n|-damage|p1a: Annihilape|63/100\n|move|p1a: Annihilape|Final Gambit|p2b: Zamazenta\n|-damage|p2b: Zamazenta|0 fnt\n|faint|p1a: Annihilape\n|faint|p2b: Zamazenta\n|\n|-weather|SunnyDay|[upkeep]\n|upkeep\n|\n|t:|1776838361\n|switch|p1a: Groudon|Groudon, L50, tera:Water|40/100\n|switch|p2b: Dragonite|Dragonite, L50, M, shiny|100/100\n|turn|6\n|\n|t:|1776838369\n|move|p1b: Comfey|Floral Healing|p1a: Groudon\n|-heal|p1a: Groudon|90/100\n|move|p2a: Chien-Pao|Ruination|p1b: Comfey|[miss]\n|-miss|p2a: Chien-Pao|p1b: Comfey\n|move|p1a: Groudon|Heat Crash|p2a: Chien-Pao\n|-supereffective|p2a: Chien-Pao\n|-damage|p2a: Chien-Pao|0 fnt\n|faint|p2a: Chien-Pao\n|move|p2b: Dragonite|Outrage|p1a: Groudon\n|-damage|p1a: Groudon|23/100\n|\n|-weather|none\n|upkeep\n|turn|7\n|-message|VJ2511 forfeited.\n|\n|win|Mars002\n|raw|Mars002's rating: 1510 &rarr; <strong>1539</strong><br />(+29 for winning)\n|raw|VJ2511's rating: 1676 &rarr; <strong>1647</strong><br />(-29 for losing)\n|l|\u2606VJ2511\n|player|p2|\n|l|\u2606Mars002\n|player|p1|\n","uploadtime":1776838542,"views":15,"formatid":"gen9vgc2026regi","rating":1539,"private":0,"password":null}