{"id":"gen9vgc2026regi-2575626557","format":"[Gen 9] VGC 2026 Reg I","players":["jyotsha","bishmii"],"log":"|j|\u2606jyotsha\n|j|\u2606bishmii\n|t:|1775377996\n|gametype|doubles\n|player|p1|jyotsha|2|1274\n|player|p2|bishmii|101|1436\n|gen|9\n|tier|[Gen 9] VGC 2026 Reg I\n|rated|\n|rule|Species Clause: Limit one of each Pok\u00e9mon\n|rule|Item Clause: Limit 1 of each item\n|clearpoke\n|poke|p1|Zamazenta-*, L50|\n|poke|p1|Rayquaza, L50|\n|poke|p1|Chandelure, L50, M|\n|poke|p1|Glimmora, L50, M|\n|poke|p1|Flutter Mane, L50|\n|poke|p1|Iron Treads, L50|\n|poke|p2|Whimsicott, L50, M|\n|poke|p2|Calyrex-Shadow, L50|\n|poke|p2|Miraidon, L50|\n|poke|p2|Iron Hands, L50|\n|poke|p2|Chi-Yu, L50|\n|poke|p2|Farigiraf, L50, M|\n|teampreview|4\n|inactive|Battle timer is ON: inactive players will automatically lose when time's up. (requested by bishmii)\n|inactive|jyotsha has 60 seconds left.\n|inactive|bishmii has 60 seconds left.\n|\n|t:|1775378042\n|teamsize|p1|4\n|teamsize|p2|4\n|start\n|switch|p1a: Iron Treads|Iron Treads, L50|100/100\n|switch|p1b: Chandelure|Chandelure, L50, M|100/100\n|switch|p2a: Calyrex|Calyrex-Shadow, L50|100/100\n|switch|p2b: Miraidon|Miraidon, L50|100/100\n|-ability|p2a: Calyrex|As One\n|-ability|p2a: Calyrex|Unnerve\n|-fieldstart|move: Electric Terrain|[from] ability: Hadron Engine|[of] p2b: Miraidon\n|-activate|p1a: Iron Treads|ability: Quark Drive\n|-start|p1a: Iron Treads|quarkdrivespe\n|turn|1\n|\n|t:|1775378064\n|-terastallize|p2b: Miraidon|Fairy\n|move|p1b: Chandelure|Protect|p1b: Chandelure\n|-singleturn|p1b: Chandelure|Protect\n|move|p1a: Iron Treads|High Horsepower|p2b: Miraidon\n|-damage|p2b: Miraidon|54/100\n|move|p2a: Calyrex|Astral Barrage|p1b: Chandelure|[spread] p1a\n|-activate|p1b: Chandelure|move: Protect\n|-damage|p1a: Iron Treads|17/100\n|move|p2b: Miraidon|Volt Switch|p1b: Chandelure\n|-activate|p1b: Chandelure|move: Protect\n|\n|upkeep\n|turn|2\n|\n|t:|1775378082\n|move|p1a: Iron Treads|Steel Roller|p2b: Miraidon\n|-supereffective|p2b: Miraidon\n|-damage|p2b: Miraidon|0 fnt\n|-fieldend|move: Electric Terrain\n|-end|p1a: Iron Treads|Quark Drive\n|faint|p2b: Miraidon\n|move|p2a: Calyrex|Astral Barrage|p1b: Chandelure|[spread] p1a,p1b\n|-supereffective|p1b: Chandelure\n|-damage|p1a: Iron Treads|0 fnt\n|-enditem|p1b: Chandelure|Focus Sash\n|-damage|p1b: Chandelure|1/100\n|faint|p1a: Iron Treads\n|-end|p1a: Iron Treads|Quark Drive|[silent]\n|-ability|p2a: Calyrex|Grim Neigh|boost\n|-boost|p2a: Calyrex|spa|1\n|move|p1b: Chandelure|Shadow Ball|p2a: Calyrex\n|-supereffective|p2a: Calyrex\n|-enditem|p2a: Calyrex|Focus Sash\n|-damage|p2a: Calyrex|1/100\n|\n|upkeep\n|\n|t:|1775378100\n|switch|p2b: Chi-Yu|Chi-Yu, L50|100/100\n|switch|p1a: Rayquaza|Rayquaza, L50|100/100\n|-ability|p1a: Rayquaza|Air Lock\n|-ability|p2b: Chi-Yu|Beads of Ruin\n|turn|3\n|\n|t:|1775378117\n|move|p1b: Chandelure|Protect|p1b: Chandelure\n|-singleturn|p1b: Chandelure|Protect\n|move|p1a: Rayquaza|U-turn|p2a: Calyrex\n|-damage|p2a: Calyrex|0 fnt\n|faint|p2a: Calyrex\n|\n|t:|1775378123\n|switch|p1a: Glimmora|Glimmora, L50, M|100/100|[from] U-turn\n|move|p2b: Chi-Yu|Dark Pulse|p1a: Glimmora\n|-damage|p1a: Glimmora|57/100\n|\n|upkeep\n|\n|t:|1775378126\n|switch|p2a: Iron Hands|Iron Hands, L50|100/100\n|turn|4\n|\n|t:|1775378144\n|move|p2a: Iron Hands|Fake Out|p1a: Glimmora\n|-resisted|p1a: Glimmora\n|-damage|p1a: Glimmora|50/100\n|-activate|p1a: Glimmora|ability: Toxic Debris\n|-sidestart|p2: bishmii|move: Toxic Spikes\n|move|p2b: Chi-Yu|Dark Pulse|p1b: Chandelure\n|-supereffective|p1b: Chandelure\n|-damage|p1b: Chandelure|0 fnt\n|faint|p1b: Chandelure\n|cant|p1a: Glimmora|flinch\n|\n|upkeep\n|\n|t:|1775378151\n|switch|p1b: Rayquaza|Rayquaza, L50|100/100\n|-ability|p1b: Rayquaza|Air Lock\n|turn|5\n|\n|t:|1775378174\n|-terastallize|p1b: Rayquaza|Electric\n|move|p1b: Rayquaza|Hurricane|p2a: Iron Hands|[miss]\n|-miss|p1b: Rayquaza|p2a: Iron Hands\n|move|p2b: Chi-Yu|Dark Pulse|p1b: Rayquaza\n|-damage|p1b: Rayquaza|33/100\n|move|p1a: Glimmora|Power Gem|p2b: Chi-Yu\n|-supereffective|p2b: Chi-Yu\n|-damage|p2b: Chi-Yu|0 fnt\n|faint|p2b: Chi-Yu\n|move|p2a: Iron Hands|Drain Punch|p1a: Glimmora\n|-damage|p1a: Glimmora|12/100\n|-activate|p1a: Glimmora|ability: Toxic Debris\n|-sidestart|p2: bishmii|move: Toxic Spikes\n|\n|upkeep\n|turn|6\n|\n|t:|1775378197\n|move|p1b: Rayquaza|Hurricane|p2a: Iron Hands\n|-damage|p2a: Iron Hands|68/100\n|move|p1a: Glimmora|Earth Power|p2a: Iron Hands\n|-supereffective|p2a: Iron Hands\n|-damage|p2a: Iron Hands|34/100\n|-unboost|p2a: Iron Hands|spd|1\n|move|p2a: Iron Hands|Drain Punch|p1a: Glimmora\n|-damage|p1a: Glimmora|0 fnt\n|-heal|p2a: Iron Hands|39/100|[from] drain|[of] p1a: Glimmora\n|faint|p1a: Glimmora\n|\n|upkeep\n|turn|7\n|\n|t:|1775378208\n|move|p1b: Rayquaza|Hurricane|p2a: Iron Hands|[miss]\n|-miss|p1b: Rayquaza|p2a: Iron Hands\n|move|p2a: Iron Hands|Wild Charge|p1b: Rayquaza\n|-resisted|p1b: Rayquaza\n|-damage|p1b: Rayquaza|6/100\n|-damage|p2a: Iron Hands|33/100|[from] Recoil\n|\n|upkeep\n|turn|8\n|\n|t:|1775378213\n|move|p1b: Rayquaza|Hurricane|p2a: Iron Hands|[miss]\n|-miss|p1b: Rayquaza|p2a: Iron Hands\n|move|p2a: Iron Hands|Low Kick|p1b: Rayquaza\n|-damage|p1b: Rayquaza|0 fnt\n|faint|p1b: Rayquaza\n|\n|win|bishmii\n|raw|jyotsha's rating: 1274 &rarr; <strong>1260</strong><br />(-14 for losing)\n|raw|bishmii's rating: 1436 &rarr; <strong>1447</strong><br />(+11 for winning)\n","uploadtime":1775378213,"views":8,"formatid":"gen9vgc2026regi","rating":1260,"private":0,"password":null}