{"id":"gen9vgc2026regi-2540167928","format":"[Gen 9] VGC 2026 Reg I","players":["EllenJoe2026","SEITA"],"log":"|j|\u2606EllenJoe2026\n|j|\u2606SEITA\n|t:|1771171112\n|gametype|doubles\n|player|p1|EllenJoe2026|iono|1431\n|player|p2|SEITA|lucas-gen4pt|1550\n|gen|9\n|tier|[Gen 9] VGC 2026 Reg I\n|rated|\n|rule|Species Clause: Limit one of each Pok\u00e9mon\n|rule|Item Clause: Limit 1 of each item\n|clearpoke\n|poke|p1|Kyogre, L50|\n|poke|p1|Calyrex-Shadow, L50|\n|poke|p1|Indeedee-F, L50, F|\n|poke|p1|Tornadus, L50, M|\n|poke|p1|Urshifu-*, L50, F|\n|poke|p1|Smeargle, L50, F|\n|poke|p2|Zamazenta-*, L50|\n|poke|p2|Kyogre, L50|\n|poke|p2|Wo-Chien, L50|\n|poke|p2|Grimmsnarl, L50, M|\n|poke|p2|Rhyperior, L50, F|\n|poke|p2|Ditto, L50|\n|teampreview|4\n|inactive|Battle timer is ON: inactive players will automatically lose when time's up. (requested by EllenJoe2026)\n|\n|t:|1771171135\n|teamsize|p1|4\n|teamsize|p2|4\n|start\n|switch|p1a: Tornadus|Tornadus, L50, M, shiny|100/100\n|switch|p1b: Urshifu|Urshifu-Rapid-Strike, L50, F|100/100\n|switch|p2a: Grimmsnarl|Grimmsnarl, L50, M|100/100\n|switch|p2b: Zamazenta|Zamazenta-Crowned, L50|100/100\n|-ability|p2b: Zamazenta|Dauntless Shield|boost\n|-boost|p2b: Zamazenta|def|1\n|turn|1\n|\n|t:|1771171153\n|move|p1a: Tornadus|Taunt|p2b: Zamazenta\n|-start|p2b: Zamazenta|move: Taunt\n|move|p2b: Zamazenta|Body Press|p1b: Urshifu\n|-damage|p1b: Urshifu|34/100\n|move|p1b: Urshifu|Surging Strikes|p2b: Zamazenta\n|-crit|p2b: Zamazenta\n|-damage|p2b: Zamazenta|82/100\n|-crit|p2b: Zamazenta\n|-damage|p2b: Zamazenta|64/100\n|-crit|p2b: Zamazenta\n|-damage|p2b: Zamazenta|45/100\n|-hitcount|p2b: Zamazenta|3\n|move|p2a: Grimmsnarl|Spirit Break|p1b: Urshifu\n|-supereffective|p1b: Urshifu\n|-damage|p1b: Urshifu|0 fnt\n|faint|p1b: Urshifu\n|\n|upkeep\n|j| lunala fairy ghost\n|inactive|EllenJoe2026 has 30 seconds left.\n|\n|t:|1771171183\n|switch|p1b: Calyrex|Calyrex-Shadow, L50|100/100\n|-ability|p1b: Calyrex|As One\n|-ability|p1b: Calyrex|Unnerve\n|turn|2\n|\n|t:|1771171191\n|switch|p2b: Kyogre|Kyogre, L50|100/100\n|-weather|RainDance|[from] ability: Drizzle|[of] p2b: Kyogre\n|switch|p1a: Kyogre|Kyogre, L50, shiny|100/100\n|-terastallize|p1b: Calyrex|Ghost\n|move|p2a: Grimmsnarl|Light Screen|p2a: Grimmsnarl\n|-sidestart|p2: SEITA|move: Light Screen\n|move|p1b: Calyrex|Astral Barrage|p2a: Grimmsnarl|[spread] p2a,p2b\n|-resisted|p2a: Grimmsnarl\n|-damage|p2a: Grimmsnarl|55/100\n|-damage|p2b: Kyogre|54/100\n|\n|-weather|RainDance|[upkeep]\n|-heal|p2b: Kyogre|60/100|[from] item: Leftovers\n|upkeep\n|turn|3\n|\n|t:|1771171211\n|switch|p1b: Tornadus|Tornadus, L50, M, shiny|100/100\n|move|p2b: Kyogre|Protect|p2b: Kyogre\n|-singleturn|p2b: Kyogre|Protect\n|move|p2a: Grimmsnarl|Parting Shot|p1b: Tornadus\n|-unboost|p1b: Tornadus|atk|1\n|-unboost|p1b: Tornadus|spa|1\n|\n|t:|1771171220\n|switch|p2a: Wo-Chien|Wo-Chien, L50|100/100|[from] Parting Shot\n|-ability|p2a: Wo-Chien|Tablets of Ruin\n|move|p1a: Kyogre|Water Spout|p2b: Kyogre|[spread] p2a\n|-activate|p2b: Kyogre|move: Protect\n|-resisted|p2a: Wo-Chien\n|-damage|p2a: Wo-Chien|78/100\n|\n|-weather|RainDance|[upkeep]\n|-heal|p2b: Kyogre|66/100|[from] item: Leftovers\n|upkeep\n|turn|4\n|\n|t:|1771171244\n|switch|p1a: Calyrex|Calyrex-Shadow, L50, tera:Ghost|100/100\n|-ability|p1a: Calyrex|As One\n|-ability|p1a: Calyrex|Unnerve\n|move|p1b: Tornadus|Icy Wind|p2b: Kyogre|[spread] p2a,p2b\n|-supereffective|p2a: Wo-Chien\n|-resisted|p2b: Kyogre\n|-damage|p2a: Wo-Chien|71/100\n|-damage|p2b: Kyogre|64/100\n|-unboost|p2a: Wo-Chien|spe|1\n|-unboost|p2b: Kyogre|spe|1\n|move|p2a: Wo-Chien|Leech Seed|p1a: Calyrex\n|-start|p1a: Calyrex|move: Leech Seed\n|move|p2b: Kyogre|Thunder|p1b: Tornadus\n|-supereffective|p1b: Tornadus\n|-damage|p1b: Tornadus|19/100\n|-status|p1b: Tornadus|par\n|\n|-weather|RainDance|[upkeep]\n|-heal|p2b: Kyogre|70/100|[from] item: Leftovers\n|-damage|p1a: Calyrex|88/100|[from] Leech Seed|[of] p2a: Wo-Chien\n|-heal|p2a: Wo-Chien|85/100|[silent]\n|upkeep\n|turn|5\n|inactive|EllenJoe2026 has 30 seconds left.\n|inactive|SEITA has 30 seconds left.\n|\n|t:|1771171272\n|switch|p1b: Kyogre|Kyogre, L50, shiny|100/100\n|move|p1a: Calyrex|Pollen Puff|p2a: Wo-Chien\n|-supereffective|p2a: Wo-Chien\n|-damage|p2a: Wo-Chien|0 fnt\n|faint|p2a: Wo-Chien\n|-ability|p1a: Calyrex|Grim Neigh|boost\n|-boost|p1a: Calyrex|spa|1\n|move|p2b: Kyogre|Origin Pulse|p1b: Kyogre|[spread] p1a,p1b\n|-resisted|p1b: Kyogre\n|-damage|p1a: Calyrex|15/100\n|-damage|p1b: Kyogre|73/100\n|\n|-weather|RainDance|[upkeep]\n|-heal|p2b: Kyogre|76/100|[from] item: Leftovers\n|upkeep\n|\n|t:|1771171289\n|switch|p2a: Grimmsnarl|Grimmsnarl, L50, M|55/100\n|turn|6\n|inactive|EllenJoe2026 has 30 seconds left.\n|l| lunala fairy ghost\n|\n|t:|1771171321\n|move|p2a: Grimmsnarl|Parting Shot|p1b: Kyogre\n|-unboost|p1b: Kyogre|atk|1\n|-unboost|p1b: Kyogre|spa|1\n|\n|t:|1771171324\n|switch|p2a: Zamazenta|Zamazenta-Crowned, L50|45/100|[from] Parting Shot\n|move|p1b: Kyogre|Thunder|p2b: Kyogre\n|-supereffective|p2b: Kyogre\n|-damage|p2b: Kyogre|53/100\n|move|p1a: Calyrex|Pollen Puff|p2b: Kyogre\n|-damage|p2b: Kyogre|17/100\n|move|p2b: Kyogre|Origin Pulse|p1b: Kyogre|[spread] p1b\n|-miss|p2b: Kyogre|p1a: Calyrex\n|-resisted|p1b: Kyogre\n|-damage|p1b: Kyogre|47/100\n|\n|-weather|none\n|-heal|p2b: Kyogre|23/100|[from] item: Leftovers\n|-damage|p1a: Calyrex|3/100|[from] Leech Seed|[of] p2a: Zamazenta\n|-heal|p2a: Zamazenta|55/100|[silent]\n|upkeep\n|turn|7\n|j| lunala fairy ghost\n|\n|t:|1771171347\n|switch|p1a: Tornadus|Tornadus, L50, M, shiny|19/100 par\n|move|p2a: Zamazenta|Protect|p2a: Zamazenta\n|-singleturn|p2a: Zamazenta|Protect\n|move|p2b: Kyogre|Protect|p2b: Kyogre\n|-singleturn|p2b: Kyogre|Protect\n|move|p1b: Kyogre|Thunder|p2b: Kyogre\n|-activate|p2b: Kyogre|move: Protect\n|\n|-heal|p2b: Kyogre|29/100|[from] item: Leftovers\n|upkeep\n|turn|8\n|l| lunala fairy ghost\n|inactive|SEITA has 30 seconds left.\n|\n|t:|1771171373\n|switch|p2b: Grimmsnarl|Grimmsnarl, L50, M|55/100\n|cant|p1a: Tornadus|par\n|move|p1b: Kyogre|Thunder|p2b: Grimmsnarl\n|-damage|p2b: Grimmsnarl|35/100\n|move|p2a: Zamazenta|Body Press|p1b: Kyogre\n|-damage|p1b: Kyogre|0 fnt\n|faint|p1b: Kyogre\n|\n|upkeep\n|\n|t:|1771171378\n|switch|p1b: Calyrex|Calyrex-Shadow, L50, tera:Ghost|3/100\n|-ability|p1b: Calyrex|As One\n|-ability|p1b: Calyrex|Unnerve\n|turn|9\n|-message|EllenJoe2026 forfeited.\n|\n|win|SEITA\n|raw|EllenJoe2026's rating: 1431 &rarr; <strong>1418</strong><br />(-13 for losing)\n|raw|SEITA's rating: 1550 &rarr; <strong>1563</strong><br />(+13 for winning)\n|l|\u2606EllenJoe2026\n|player|p1|\n|l|\u2606SEITA\n|player|p2|\n","uploadtime":1771171541,"views":30,"formatid":"gen9vgc2026regi","rating":1418,"private":0,"password":null}