{"id":"gen9vgc2026regi-2532479598","format":"[Gen 9] VGC 2026 Reg I","players":["ky123456","Alex Sotos fan"],"log":"|j|\u2606ky123456\n|j|\u2606Alex Sotos fan\n|t:|1770182817\n|gametype|doubles\n|player|p1|ky123456|cynthia-gen4|1477\n|player|p2|Alex Sotos fan|youngster-gen4dp|1560\n|gen|9\n|tier|[Gen 9] VGC 2026 Reg I\n|rated|\n|rule|Species Clause: Limit one of each Pok\u00e9mon\n|rule|Item Clause: Limit 1 of each item\n|clearpoke\n|poke|p1|Koraidon, L50|\n|poke|p1|Calyrex-Ice, L50|\n|poke|p1|Incineroar, L50, M|\n|poke|p1|Smeargle, L50, F|\n|poke|p1|Rillaboom, L50, M|\n|poke|p1|Landorus, L50, M|\n|poke|p2|Kyogre, L50|\n|poke|p2|Calyrex-Ice, L50|\n|poke|p2|Landorus, L50, M|\n|poke|p2|Tornadus, L50, M|\n|poke|p2|Urshifu-*, L50, M|\n|poke|p2|Rillaboom, L50, M|\n|teampreview|4\n|inactive|Battle timer is ON: inactive players will automatically lose when time's up. (requested by Alex Sotos fan)\n|inactive|ky123456 has 60 seconds left.\n|\n|t:|1770182854\n|teamsize|p1|4\n|teamsize|p2|4\n|start\n|switch|p1a: Calyrex|Calyrex-Ice, L50|100/100\n|switch|p1b: Rillaboom|Rillaboom, L50, M|100/100\n|switch|p2a: Tornadus|Tornadus, L50, M|100/100\n|switch|p2b: Kyogre|Kyogre, L50|100/100\n|-ability|p1a: Calyrex|As One\n|-ability|p1a: Calyrex|Unnerve\n|-fieldstart|move: Grassy Terrain|[from] ability: Grassy Surge|[of] p1b: Rillaboom\n|-weather|RainDance|[from] ability: Drizzle|[of] p2b: Kyogre\n|turn|1\n|\n|t:|1770182864\n|move|p1b: Rillaboom|Fake Out|p2b: Kyogre\n|-damage|p2b: Kyogre|89/100\n|move|p2a: Tornadus|Bleakwind Storm|p1b: Rillaboom|[spread] p1a,p1b\n|-supereffective|p1b: Rillaboom\n|-damage|p1a: Calyrex|77/100\n|-damage|p1b: Rillaboom|40/100\n|-unboost|p1b: Rillaboom|spe|1\n|cant|p2b: Kyogre|flinch\n|move|p1a: Calyrex|Glacial Lance|p2a: Tornadus|[spread] p2a,p2b\n|-supereffective|p2a: Tornadus\n|-resisted|p2b: Kyogre\n|-enditem|p2a: Tornadus|Focus Sash\n|-damage|p2a: Tornadus|1/100\n|-damage|p2b: Kyogre|62/100\n|\n|-weather|RainDance|[upkeep]\n|-heal|p2b: Kyogre|68/100|[from] Grassy Terrain\n|-heal|p1b: Rillaboom|47/100|[from] Grassy Terrain\n|-heal|p1a: Calyrex|83/100|[from] Grassy Terrain\n|-heal|p1a: Calyrex|89/100|[from] item: Leftovers\n|upkeep\n|turn|2\n|inactive|ky123456 has 30 seconds left.\n|inactive|ky123456 has 20 seconds left.\n|\n|t:|1770182900\n|switch|p1b: Koraidon|Koraidon, L50|100/100\n|-weather|SunnyDay|[from] ability: Orichalcum Pulse|[of] p1b: Koraidon\n|-activate|p1b: Koraidon|Orichalcum Pulse|[source]\n|move|p2a: Tornadus|Protect|p2a: Tornadus\n|-singleturn|p2a: Tornadus|Protect\n|move|p2b: Kyogre|Origin Pulse|p1a: Calyrex|[spread] p1a,p1b\n|-resisted|p1b: Koraidon\n|-damage|p1a: Calyrex|71/100\n|-damage|p1b: Koraidon|88/100\n|move|p1a: Calyrex|Glacial Lance|p2a: Tornadus|[spread] p2b\n|-activate|p2a: Tornadus|move: Protect\n|-resisted|p2b: Kyogre\n|-damage|p2b: Kyogre|43/100\n|\n|-weather|SunnyDay|[upkeep]\n|-heal|p1b: Koraidon|94/100|[from] Grassy Terrain\n|-heal|p2b: Kyogre|48/100|[from] Grassy Terrain\n|-heal|p1a: Calyrex|77/100|[from] Grassy Terrain\n|-heal|p1a: Calyrex|83/100|[from] item: Leftovers\n|upkeep\n|turn|3\n|\n|t:|1770182924\n|move|p2a: Tornadus|Rain Dance|p2a: Tornadus\n|-weather|RainDance\n|move|p1b: Koraidon|Low Kick|p2b: Kyogre\n|-damage|p2b: Kyogre|0 fnt\n|faint|p2b: Kyogre\n|move|p1a: Calyrex|Glacial Lance|p2a: Tornadus\n|-supereffective|p2a: Tornadus\n|-crit|p2a: Tornadus\n|-damage|p2a: Tornadus|0 fnt\n|faint|p2a: Tornadus\n|-ability|p1a: Calyrex|Chilling Neigh|boost\n|-boost|p1a: Calyrex|atk|1\n|\n|-weather|RainDance|[upkeep]\n|-heal|p1b: Koraidon|100/100|[from] Grassy Terrain\n|-heal|p1a: Calyrex|88/100|[from] Grassy Terrain\n|-heal|p1a: Calyrex|94/100|[from] item: Leftovers\n|upkeep\n|\n|t:|1770182929\n|switch|p2a: Urshifu|Urshifu-Rapid-Strike, L50, M|100/100\n|switch|p2b: Landorus|Landorus, L50, M|100/100\n|turn|4\n|inactive|ky123456 has 30 seconds left.\n|inactive|ky123456 has 20 seconds left.\n|inactive|ky123456 has 15 seconds left.\n|inactive|ky123456 has 10 seconds left.\n|\n|t:|1770182978\n|switch|p1b: Incineroar|Incineroar, L50, M|100/100\n|-ability|p1b: Incineroar|Intimidate|boost\n|-unboost|p2a: Urshifu|atk|1\n|-unboost|p2b: Landorus|atk|1\n|switch|p1a: Rillaboom|Rillaboom, L50, M|47/100\n|-terastallize|p2a: Urshifu|Water\n|move|p2b: Landorus|Sandsear Storm|p1b: Incineroar|[spread] p1a,p1b\n|-resisted|p1a: Rillaboom\n|-supereffective|p1b: Incineroar\n|-damage|p1a: Rillaboom|19/100\n|-damage|p1b: Incineroar|2/100\n|move|p2a: Urshifu|Surging Strikes|p1a: Rillaboom\n|-resisted|p1a: Rillaboom\n|-crit|p1a: Rillaboom\n|-damage|p1a: Rillaboom|0 fnt\n|faint|p1a: Rillaboom\n|-hitcount|p1: Rillaboom|1\n|\n|-weather|RainDance|[upkeep]\n|-heal|p1b: Incineroar|8/100|[from] Grassy Terrain\n|upkeep\n|\n|t:|1770182997\n|switch|p1a: Calyrex|Calyrex-Ice, L50|94/100\n|-ability|p1a: Calyrex|As One\n|-ability|p1a: Calyrex|Unnerve\n|turn|5\n|\n|t:|1770183008\n|move|p2b: Landorus|Protect|p2b: Landorus\n|-singleturn|p2b: Landorus|Protect\n|move|p1b: Incineroar|Fake Out|p2a: Urshifu\n|-damage|p2a: Urshifu|92/100\n|cant|p2a: Urshifu|flinch\n|move|p1a: Calyrex|Glacial Lance|p2b: Landorus|[spread] p2a\n|-activate|p2b: Landorus|move: Protect\n|-resisted|p2a: Urshifu\n|-damage|p2a: Urshifu|67/100\n|\n|-weather|RainDance|[upkeep]\n|-heal|p2a: Urshifu|73/100|[from] Grassy Terrain\n|-heal|p1b: Incineroar|14/100|[from] Grassy Terrain\n|-heal|p1a: Calyrex|99/100|[from] Grassy Terrain\n|-heal|p1a: Calyrex|100/100|[from] item: Leftovers\n|-fieldend|move: Grassy Terrain\n|upkeep\n|turn|6\n|\n|t:|1770183019\n|switch|p1b: Koraidon|Koraidon, L50|100/100\n|-weather|SunnyDay|[from] ability: Orichalcum Pulse|[of] p1b: Koraidon\n|-activate|p1b: Koraidon|Orichalcum Pulse|[source]\n|move|p2b: Landorus|Sandsear Storm|p1b: Koraidon|[spread] p1a,p1b\n|-damage|p1a: Calyrex|65/100\n|-damage|p1b: Koraidon|39/100\n|move|p2a: Urshifu|Surging Strikes|p1a: Calyrex\n|-crit|p1a: Calyrex\n|-damage|p1a: Calyrex|52/100\n|-crit|p1a: Calyrex\n|-damage|p1a: Calyrex|40/100\n|-crit|p1a: Calyrex\n|-damage|p1a: Calyrex|26/100\n|-hitcount|p1a: Calyrex|3\n|move|p1a: Calyrex|Glacial Lance|p2b: Landorus|[spread] p2a,p2b\n|-resisted|p2a: Urshifu\n|-supereffective|p2b: Landorus\n|-damage|p2a: Urshifu|50/100\n|-damage|p2b: Landorus|0 fnt\n|faint|p2b: Landorus\n|-ability|p1a: Calyrex|Chilling Neigh|boost\n|-boost|p1a: Calyrex|atk|1\n|\n|-weather|SunnyDay|[upkeep]\n|-heal|p1a: Calyrex|32/100|[from] item: Leftovers\n|upkeep\n|turn|7\n|-message|Alex Sotos fan forfeited.\n|\n|win|ky123456\n|raw|ky123456's rating: 1477 &rarr; <strong>1502</strong><br />(+25 for winning)\n|raw|Alex Sotos fan's rating: 1560 &rarr; <strong>1535</strong><br />(-25 for losing)\n|l|\u2606Alex Sotos fan\n|player|p2|\n|l|\u2606ky123456\n|player|p1|\n","uploadtime":1770183264,"views":18,"formatid":"gen9vgc2026regi","rating":1502,"private":0,"password":null}