{"id":"gen9vgc2026regi-2580018011","format":"[Gen 9] VGC 2026 Reg I","players":["SnibSnapSnab","Luca8"],"log":"|j|\u2606SnibSnapSnab\n|j|\u2606Luca8\n|t:|1775846860\n|gametype|doubles\n|player|p1|SnibSnapSnab|266|1482\n|player|p2|Luca8|flint|1444\n|gen|9\n|tier|[Gen 9] VGC 2026 Reg I\n|rated|\n|rule|Species Clause: Limit one of each Pok\u00e9mon\n|rule|Item Clause: Limit 1 of each item\n|clearpoke\n|poke|p1|Calyrex-Ice, L50|\n|poke|p1|Terapagos, L50, M|\n|poke|p1|Incineroar, L50, F|\n|poke|p1|Amoonguss, L50, M|\n|poke|p1|Rillaboom, L50, M|\n|poke|p1|Chi-Yu, L50|\n|poke|p2|Zamazenta-*, L50|\n|poke|p2|Indeedee-F, L50, F|\n|poke|p2|Torkoal, L50, F|\n|poke|p2|Fezandipiti, L50, M|\n|poke|p2|Calyrex-Shadow, L50|\n|poke|p2|Pelipper, L50, M|\n|teampreview|4\n|j| fukan123\n|\n|t:|1775846899\n|teamsize|p1|4\n|teamsize|p2|4\n|start\n|switch|p1a: Chi-Yu|Chi-Yu, L50|100/100\n|switch|p1b: Terapagos|Terapagos, L50, M|100/100\n|switch|p2a: Pelipper|Pelipper, L50, M|100/100\n|switch|p2b: Zamazenta|Zamazenta-Crowned, L50|100/100\n|-activate|p1b: Terapagos|ability: Tera Shift\n|detailschange|p1b: Terapagos|Terapagos-Terastal, L50, M\n|-heal|p1b: Terapagos|100/100|[silent]\n|-ability|p1a: Chi-Yu|Beads of Ruin\n|-ability|p2b: Zamazenta|Dauntless Shield|boost\n|-boost|p2b: Zamazenta|def|1\n|-weather|RainDance|[from] ability: Drizzle|[of] p2a: Pelipper\n|turn|1\n|\n|t:|1775846922\n|-terastallize|p2b: Zamazenta|Fighting\n|-terastallize|p1b: Terapagos|Stellar\n|detailschange|p1b: Terapagos|Terapagos-Stellar, L50, M, tera:Stellar\n|-heal|p1b: Terapagos|100/100|[silent]\n|-ability|p1b: Terapagos|Teraform Zero\n|-weather|none\n|move|p1a: Chi-Yu|Overheat|p2b: Zamazenta\n|-damage|p2b: Zamazenta|41/100\n|-unboost|p1a: Chi-Yu|spa|2\n|move|p2b: Zamazenta|Body Press|p1a: Chi-Yu\n|-supereffective|p1a: Chi-Yu\n|-damage|p1a: Chi-Yu|0 fnt\n|faint|p1a: Chi-Yu\n|move|p1b: Terapagos|Tera Starstorm|p2a: Pelipper|[spread] p2a,p2b\n|-supereffective|p2b: Zamazenta\n|-damage|p2a: Pelipper|41/100\n|-damage|p2b: Zamazenta|0 fnt\n|faint|p2b: Zamazenta\n|move|p2a: Pelipper|Muddy Water|p1b: Terapagos\n|-damage|p1b: Terapagos|77/100\n|-unboost|p1b: Terapagos|accuracy|1\n|\n|upkeep\n|\n|t:|1775846946\n|switch|p1a: Rillaboom|Rillaboom, L50, M|100/100\n|switch|p2b: Torkoal|Torkoal, L50, F|100/100\n|-fieldstart|move: Grassy Terrain|[from] ability: Grassy Surge|[of] p1a: Rillaboom\n|-weather|SunnyDay|[from] ability: Drought|[of] p2b: Torkoal\n|turn|2\n|\n|t:|1775846968\n|switch|p1b: Calyrex|Calyrex-Ice, L50|100/100\n|-ability|p1b: Calyrex|As One\n|-ability|p1b: Calyrex|Unnerve\n|move|p1a: Rillaboom|Fake Out|p2b: Torkoal\n|-damage|p2b: Torkoal|89/100\n|move|p2a: Pelipper|Hurricane|p1a: Rillaboom\n|-supereffective|p1a: Rillaboom\n|-damage|p1a: Rillaboom|7/100\n|cant|p2b: Torkoal|flinch\n|\n|-weather|SunnyDay|[upkeep]\n|-heal|p1a: Rillaboom|13/100|[from] Grassy Terrain\n|-heal|p2b: Torkoal|95/100|[from] Grassy Terrain\n|upkeep\n|turn|3\n|\n|t:|1775846992\n|switch|p1a: Terapagos|Terapagos-Stellar, L50, M, tera:Stellar|77/100\n|move|p2a: Pelipper|Tailwind|p2a: Pelipper\n|-sidestart|p2: Luca8|move: Tailwind\n|move|p2b: Torkoal|Heat Wave|p1b: Calyrex|[spread] p1a,p1b\n|-supereffective|p1b: Calyrex\n|-damage|p1a: Terapagos|43/100\n|-damage|p1b: Calyrex|30/100\n|move|p1b: Calyrex|Glacial Lance|p2b: Torkoal|[spread] p2a,p2b\n|-resisted|p2b: Torkoal\n|-damage|p2a: Pelipper|0 fnt\n|-damage|p2b: Torkoal|72/100\n|faint|p2a: Pelipper\n|-ability|p1b: Calyrex|Chilling Neigh|boost\n|-boost|p1b: Calyrex|atk|1\n|\n|-weather|SunnyDay|[upkeep]\n|-heal|p1a: Terapagos|49/100|[from] Grassy Terrain\n|-heal|p2b: Torkoal|78/100|[from] Grassy Terrain\n|-heal|p1b: Calyrex|36/100|[from] Grassy Terrain\n|-heal|p1b: Calyrex|42/100|[from] item: Leftovers\n|upkeep\n|\n|t:|1775847010\n|switch|p2a: Calyrex|Calyrex-Shadow, L50|100/100\n|-ability|p2a: Calyrex|As One\n|-ability|p2a: Calyrex|Unnerve\n|turn|4\n|\n|t:|1775847040\n|move|p2a: Calyrex|Expanding Force|p1a: Terapagos\n|-damage|p1a: Terapagos|18/100\n|move|p1a: Terapagos|Meteor Beam||[still]\n|-prepare|p1a: Terapagos|Meteor Beam\n|-boost|p1a: Terapagos|spa|1\n|-enditem|p1a: Terapagos|Power Herb\n|-anim|p1a: Terapagos|Meteor Beam|p2b: Torkoal\n|-supereffective|p2b: Torkoal\n|-damage|p2b: Torkoal|0 fnt\n|faint|p2b: Torkoal\n|move|p1b: Calyrex|Trick Room|p1b: Calyrex\n|-fieldstart|move: Trick Room|[of] p1b: Calyrex\n|\n|-weather|SunnyDay|[upkeep]\n|-heal|p1b: Calyrex|47/100|[from] Grassy Terrain\n|-heal|p1b: Calyrex|53/100|[from] item: Leftovers\n|-heal|p1a: Terapagos|24/100|[from] Grassy Terrain\n|upkeep\n|turn|5\n|-message|Luca8 forfeited.\n|\n|win|SnibSnapSnab\n|raw|SnibSnapSnab's rating: 1482 &rarr; <strong>1500</strong><br />(+18 for winning)\n|raw|Luca8's rating: 1444 &rarr; <strong>1426</strong><br />(-18 for losing)\n|l|\u2606Luca8\n|player|p2|\n|l|\u2606SnibSnapSnab\n|player|p1|\n","uploadtime":1775847074,"views":13,"formatid":"gen9vgc2026regi","rating":1426,"private":0,"password":null}