{"id":"gen9vgc2026regi-2560468328","format":"[Gen 9] VGC 2026 Reg I","players":["eevee1ynn","kyoshi4"],"log":"|j|\u2606eevee1ynn\n|j|\u2606kyoshi4\n|t:|1773690018\n|gametype|doubles\n|player|p1|eevee1ynn|lass-gen6|1148\n|player|p2|kyoshi4|cynthia-gen4|1237\n|gen|9\n|tier|[Gen 9] VGC 2026 Reg I\n|rated|\n|rule|Species Clause: Limit one of each Pok\u00e9mon\n|rule|Item Clause: Limit 1 of each item\n|clearpoke\n|poke|p1|Calyrex-Ice, L50|\n|poke|p1|Miraidon, L50|\n|poke|p1|Farigiraf, L50, M|\n|poke|p1|Iron Hands, L50|\n|poke|p1|Volcarona, L50, M|\n|poke|p2|Chien-Pao, L50|\n|poke|p2|Zacian-*, L50|\n|poke|p2|Kyogre, L50|\n|poke|p2|Urshifu-*, L50, M|\n|poke|p2|Roaring Moon, L50|\n|poke|p2|Amoonguss, L50, M|\n|teampreview|4\n|inactive|Battle timer is ON: inactive players will automatically lose when time's up. (requested by eevee1ynn)\neevee1ynn has agreed to open team sheets.\n|inactive|eevee1ynn has 60 seconds left.\n|\n|t:|1773690050\n|teamsize|p1|4\n|teamsize|p2|4\n|start\n|switch|p1a: Farigiraf|Farigiraf, L50, M|100/100\n|switch|p1b: Miraidon|Miraidon, L50, shiny|100/100\n|switch|p2a: Kyogre|Kyogre, L50|100/100\n|switch|p2b: Amoonguss|Amoonguss, L50, M|100/100\n|-fieldstart|move: Electric Terrain|[from] ability: Hadron Engine|[of] p1b: Miraidon\n|-enditem|p1a: Farigiraf|Electric Seed\n|-boost|p1a: Farigiraf|def|1|[from] item: Electric Seed\n|-weather|RainDance|[from] ability: Drizzle|[of] p2a: Kyogre\n|turn|1\n|\n|t:|1773690061\n|move|p2b: Amoonguss|Rage Powder|p2b: Amoonguss\n|-singleturn|p2b: Amoonguss|move: Rage Powder\n|move|p1b: Miraidon|Snarl|p2a: Kyogre|[spread] p2a,p2b\n|-damage|p2a: Kyogre|86/100\n|-damage|p2b: Amoonguss|83/100\n|-unboost|p2a: Kyogre|spa|1\n|-unboost|p2b: Amoonguss|spa|1\n|move|p2a: Kyogre|Water Spout|p1a: Farigiraf|[spread] p1a,p1b\n|-resisted|p1b: Miraidon\n|-damage|p1a: Farigiraf|28/100\n|-damage|p1b: Miraidon|71/100\n|move|p1a: Farigiraf|Psychic Noise|p2b: Amoonguss\n|-supereffective|p2b: Amoonguss\n|-damage|p2b: Amoonguss|33/100\n|-start|p2b: Amoonguss|move: Heal Block\n|\n|-weather|RainDance|[upkeep]\n|upkeep\n|turn|2\n|\n|t:|1773690076\n|switch|p1b: Iron Hands|Iron Hands, L50|100/100\n|-activate|p1b: Iron Hands|ability: Quark Drive\n|-start|p1b: Iron Hands|quarkdriveatk\n|switch|p2b: Zacian|Zacian-Crowned, L50|100/100\n|-ability|p2b: Zacian|Intrepid Sword|boost\n|-boost|p2b: Zacian|atk|1\n|-terastallize|p2a: Kyogre|Grass\n|move|p2a: Kyogre|Origin Pulse|p1b: Iron Hands|[spread] p1a,p1b\n|-damage|p1a: Farigiraf|0 fnt\n|-damage|p1b: Iron Hands|70/100\n|faint|p1a: Farigiraf\n|\n|-weather|RainDance|[upkeep]\n|upkeep\n|\n|t:|1773690088\n|switch|p1a: Miraidon|Miraidon, L50, shiny|71/100\n|-activate|p1a: Miraidon|ability: Hadron Engine\n|turn|3\n|\n|t:|1773690105\n|switch|p2a: Amoonguss|Amoonguss, L50, M|67/100\n|move|p2b: Zacian|Protect|p2b: Zacian\n|-singleturn|p2b: Zacian|Protect\n|move|p1b: Iron Hands|Fake Out|p2a: Amoonguss\n|-damage|p2a: Amoonguss|51/100\n|-damage|p1b: Iron Hands|53/100|[from] item: Rocky Helmet|[of] p2a: Amoonguss\n|move|p1a: Miraidon|Volt Switch|p2b: Zacian\n|-activate|p2b: Zacian|move: Protect\n|\n|-weather|RainDance|[upkeep]\n|upkeep\n|turn|4\n|\n|t:|1773690121\n|move|p2a: Amoonguss|Rage Powder|p2a: Amoonguss\n|-singleturn|p2a: Amoonguss|move: Rage Powder\n|move|p1a: Miraidon|Volt Switch|p2a: Amoonguss\n|-resisted|p2a: Amoonguss\n|-damage|p2a: Amoonguss|19/100\n|\n|t:|1773690125\n|switch|p1a: Volcarona|Volcarona, L50, M|100/100|[from] Volt Switch\n|move|p2b: Zacian|Play Rough|p1b: Iron Hands\n|-supereffective|p1b: Iron Hands\n|-crit|p1b: Iron Hands\n|-damage|p1b: Iron Hands|0 fnt\n|faint|p1b: Iron Hands\n|-end|p1b: Iron Hands|Quark Drive|[silent]\n|\n|-weather|RainDance|[upkeep]\n|upkeep\n|\n|t:|1773690130\n|switch|p1b: Miraidon|Miraidon, L50, shiny|71/100\n|-activate|p1b: Miraidon|ability: Hadron Engine\n|turn|5\n|\n|t:|1773690153\n|-terastallize|p1b: Miraidon|Electric\n|move|p2a: Amoonguss|Protect|p2a: Amoonguss\n|-singleturn|p2a: Amoonguss|Protect\n|move|p1a: Volcarona|Rage Powder|p1a: Volcarona\n|-singleturn|p1a: Volcarona|move: Rage Powder\n|move|p1b: Miraidon|Volt Switch|p2a: Amoonguss\n|-activate|p2a: Amoonguss|move: Protect\n|move|p2b: Zacian|Play Rough|p1a: Volcarona\n|-resisted|p1a: Volcarona\n|-damage|p1a: Volcarona|70/100\n|-damage|p2b: Zacian|84/100|[from] item: Rocky Helmet|[of] p1a: Volcarona\n|-status|p2b: Zacian|brn|[from] ability: Flame Body|[of] p1a: Volcarona\n|\n|-weather|none\n|-damage|p2b: Zacian|78/100 brn|[from] brn\n|-fieldend|move: Electric Terrain\n|upkeep\n|turn|6\n|\n|t:|1773690170\n|switch|p2a: Kyogre|Kyogre, L50, tera:Grass|86/100\n|-weather|RainDance|[from] ability: Drizzle|[of] p2a: Kyogre\n|move|p1b: Miraidon|Volt Switch|p2a: Kyogre\n|-resisted|p2a: Kyogre\n|-damage|p2a: Kyogre|68/100\n|move|p2b: Zacian|Swords Dance|p2b: Zacian\n|-boost|p2b: Zacian|atk|2\n|move|p1a: Volcarona|Fiery Dance|p2b: Zacian\n|-supereffective|p2b: Zacian\n|-damage|p2b: Zacian|48/100 brn\n|\n|-weather|RainDance|[upkeep]\n|-damage|p2b: Zacian|42/100 brn|[from] brn\n|upkeep\n|turn|7\n|\n|t:|1773690182\n|move|p1b: Miraidon|Volt Switch|p2a: Kyogre\n|-resisted|p2a: Kyogre\n|-damage|p2a: Kyogre|48/100\n|move|p2b: Zacian|Play Rough|p1b: Miraidon\n|-damage|p1b: Miraidon|3/100\n|move|p2a: Kyogre|Origin Pulse|p1a: Volcarona|[spread] p1b\n|-miss|p2a: Kyogre|p1a: Volcarona\n|-damage|p1b: Miraidon|0 fnt\n|faint|p1b: Miraidon\n|move|p1a: Volcarona|Fiery Dance|p2a: Kyogre\n|-supereffective|p2a: Kyogre\n|-damage|p2a: Kyogre|22/100\n|\n|-weather|RainDance|[upkeep]\n|-damage|p2b: Zacian|36/100 brn|[from] brn\n|upkeep\n|turn|8\n|\n|t:|1773690195\n|move|p2b: Zacian|Behemoth Blade|p1a: Volcarona\n|-resisted|p1a: Volcarona\n|-crit|p1a: Volcarona\n|-damage|p1a: Volcarona|26/100\n|-damage|p2b: Zacian|19/100 brn|[from] item: Rocky Helmet|[of] p1a: Volcarona\n|move|p2a: Kyogre|Origin Pulse|p1a: Volcarona\n|-supereffective|p1a: Volcarona\n|-damage|p1a: Volcarona|0 fnt\n|faint|p1a: Volcarona\n|\n|win|kyoshi4\n|raw|eevee1ynn's rating: 1148 &rarr; <strong>1129</strong><br />(-19 for losing)\n|raw|kyoshi4's rating: 1237 &rarr; <strong>1256</strong><br />(+19 for winning)\n","uploadtime":1773690195,"views":11,"formatid":"gen9vgc2026regi","rating":1129,"private":0,"password":null}