{"id":"gen9vgc2026regi-2549399809","format":"[Gen 9] VGC 2026 Reg I","players":["drive stone","88ccl3"],"log":"|j|\u2606drive stone\n|j|\u260688ccl3\n|t:|1772360024\n|gametype|doubles\n|player|p1|drive stone|cilan|1320\n|player|p2|88ccl3|169|1322\n|gen|9\n|tier|[Gen 9] VGC 2026 Reg I\n|rated|\n|rule|Species Clause: Limit one of each Pok\u00e9mon\n|rule|Item Clause: Limit 1 of each item\n|clearpoke\n|poke|p1|Calyrex-Ice, L50|\n|poke|p1|Ho-Oh, L50|\n|poke|p1|Overqwil, L50, F|\n|poke|p1|Rillaboom, L50, F|\n|poke|p1|Ting-Lu, L50|\n|poke|p1|Ogerpon-Wellspring, L50, F|\n|poke|p2|Koraidon, L50|\n|poke|p2|Lunala, L50|\n|poke|p2|Flutter Mane, L50|\n|poke|p2|Chi-Yu, L50|\n|poke|p2|Brute Bonnet, L50|\n|poke|p2|Ursaluna, L50, F|\n|teampreview|4\n|\n|t:|1772360063\n|teamsize|p1|4\n|teamsize|p2|4\n|start\n|switch|p1a: Calyrex|Calyrex-Ice, L50|100/100\n|switch|p1b: Overqwil|Overqwil, L50, F|100/100\n|switch|p2a: Koraidon|Koraidon, L50|100/100\n|switch|p2b: Lunala|Lunala, L50|100/100\n|-ability|p1a: Calyrex|As One\n|-ability|p1a: Calyrex|Unnerve\n|-weather|SunnyDay|[from] ability: Orichalcum Pulse|[of] p2a: Koraidon\n|-activate|p2a: Koraidon|Orichalcum Pulse|[source]\n|-ability|p1b: Overqwil|Intimidate|boost\n|-unboost|p2a: Koraidon|atk|1\n|-unboost|p2b: Lunala|atk|1\n|turn|1\n|\n|t:|1772360094\n|-terastallize|p1a: Calyrex|Water\n|move|p2a: Koraidon|Flare Blitz|p1b: Overqwil\n|-damage|p1b: Overqwil|36/100\n|-damage|p2a: Koraidon|77/100|[from] Recoil\n|-damage|p2a: Koraidon|68/100|[from] item: Life Orb\n|move|p2b: Lunala|Meteor Beam||[still]\n|-prepare|p2b: Lunala|Meteor Beam\n|-boost|p2b: Lunala|spa|1\n|-enditem|p2b: Lunala|Power Herb\n|-anim|p2b: Lunala|Meteor Beam|p1a: Calyrex\n|-damage|p1a: Calyrex|55/100\n|move|p1b: Overqwil|Toxic Spikes|p2b: Lunala\n|-sidestart|p2: 88ccl3|move: Toxic Spikes\n|move|p1a: Calyrex|Leech Seed|p2b: Lunala\n|-start|p2b: Lunala|move: Leech Seed\n|\n|-weather|SunnyDay|[upkeep]\n|-heal|p1b: Overqwil|43/100|[from] item: Black Sludge\n|-heal|p1a: Calyrex|61/100|[from] item: Leftovers\n|-damage|p2b: Lunala|88/100|[from] Leech Seed|[of] p1a: Calyrex\n|-heal|p1a: Calyrex|75/100|[silent]\n|upkeep\n|turn|2\n|\n|t:|1772360126\n|move|p1a: Calyrex|Protect|p1a: Calyrex\n|-singleturn|p1a: Calyrex|Protect\n|move|p2a: Koraidon|Flare Blitz|p1b: Overqwil\n|-damage|p1b: Overqwil|0 fnt\n|faint|p1b: Overqwil\n|-damage|p2a: Koraidon|52/100|[from] Recoil\n|-damage|p2a: Koraidon|43/100|[from] item: Life Orb\n|move|p2b: Lunala|Moongeist Beam|p1a: Calyrex\n|-activate|p1a: Calyrex|move: Protect\n|\n|-weather|SunnyDay|[upkeep]\n|-heal|p1a: Calyrex|81/100|[from] item: Leftovers\n|-damage|p2b: Lunala|76/100|[from] Leech Seed|[of] p1a: Calyrex\n|-heal|p1a: Calyrex|95/100|[silent]\n|upkeep\n|\n|t:|1772360142\n|switch|p1b: Ho-Oh|Ho-Oh, L50|100/100\n|turn|3\n|\n|t:|1772360151\n|move|p2a: Koraidon|Close Combat|p1a: Calyrex\n|-damage|p1a: Calyrex|57/100\n|-unboost|p2a: Koraidon|def|1\n|-unboost|p2a: Koraidon|spd|1\n|-damage|p2a: Koraidon|33/100|[from] item: Life Orb\n|move|p2b: Lunala|Moongeist Beam|p1a: Calyrex\n|-damage|p1a: Calyrex|4/100\n|move|p1b: Ho-Oh|Sacred Fire|p2b: Lunala\n|-damage|p2b: Lunala|23/100\n|move|p1a: Calyrex|Glacial Lance|p2b: Lunala|[spread] p2a,p2b\n|-supereffective|p2a: Koraidon\n|-damage|p2a: Koraidon|0 fnt\n|-damage|p2b: Lunala|0 fnt\n|faint|p2a: Koraidon\n|faint|p2b: Lunala\n|-ability|p1a: Calyrex|Chilling Neigh|boost\n|-boost|p1a: Calyrex|atk|2\n|\n|-weather|SunnyDay|[upkeep]\n|-heal|p1a: Calyrex|10/100|[from] item: Leftovers\n|upkeep\n|\n|t:|1772360174\n|switch|p2a: Ursaluna|Ursaluna, L50, F|100/100\n|switch|p2b: Brute Bonnet|Brute Bonnet, L50|100/100\n|-status|p2b: Brute Bonnet|psn\n|-status|p2a: Ursaluna|psn\n|-activate|p2b: Brute Bonnet|ability: Protosynthesis\n|-start|p2b: Brute Bonnet|protosynthesisdef\n|turn|4\n|\n|t:|1772360196\n|-terastallize|p2b: Brute Bonnet|Water\n|move|p1a: Calyrex|Protect|p1a: Calyrex\n|-singleturn|p1a: Calyrex|Protect\n|move|p2b: Brute Bonnet|Sucker Punch||[still]\n|-fail|p2b: Brute Bonnet\n|move|p1b: Ho-Oh|Sacred Fire|p2b: Brute Bonnet\n|-resisted|p2b: Brute Bonnet\n|-damage|p2b: Brute Bonnet|85/100 psn\n|move|p2a: Ursaluna|Facade|p1b: Ho-Oh\n|-damage|p1b: Ho-Oh|15/100\n|-damage|p2a: Ursaluna|84/100 psn|[from] item: Rocky Helmet|[of] p1b: Ho-Oh\n|\n|-weather|SunnyDay|[upkeep]\n|-heal|p1a: Calyrex|16/100|[from] item: Leftovers\n|-damage|p2b: Brute Bonnet|73/100 psn|[from] psn\n|-damage|p2a: Ursaluna|72/100 psn|[from] psn\n|upkeep\n|turn|5\n|\n|t:|1772360218\n|switch|p1a: Ogerpon|Ogerpon-Wellspring, L50, F|100/100\n|move|p2b: Brute Bonnet|Sucker Punch||[still]\n|-fail|p2b: Brute Bonnet\n|move|p1b: Ho-Oh|Sacred Fire|p2a: Ursaluna\n|-damage|p2a: Ursaluna|22/100 psn\n|move|p2a: Ursaluna|Facade|p1b: Ho-Oh\n|-damage|p1b: Ho-Oh|0 fnt\n|-damage|p2a: Ursaluna|5/100 psn|[from] item: Rocky Helmet|[of] p1b: Ho-Oh\n|faint|p1b: Ho-Oh\n|\n|-weather|none\n|-end|p2b: Brute Bonnet|Protosynthesis\n|-damage|p2b: Brute Bonnet|61/100 psn|[from] psn\n|-damage|p2a: Ursaluna|0 fnt|[from] psn\n|faint|p2a: Ursaluna\n|upkeep\n|-message|88ccl3 forfeited.\n|\n|win|drive stone\n|raw|drive stone's rating: 1320 &rarr; <strong>1340</strong><br />(+20 for winning)\n|raw|88ccl3's rating: 1322 &rarr; <strong>1302</strong><br />(-20 for losing)\n|l|\u260688ccl3\n|player|p2|\n|l|\u2606drive stone\n|player|p1|\n","uploadtime":1772360405,"views":8,"formatid":"gen9vgc2026regi","rating":1302,"private":0,"password":null}