{"id":"gen9vgc2026regi-2574041519","format":"[Gen 9] VGC 2026 Reg I","players":["asroarri","hugemilk"],"log":"|j|\u2606asroarri\n|j|\u2606hugemilk\n|t:|1775192476\n|gametype|doubles\n|player|p1|asroarri|dawn|1342\n|player|p2|hugemilk|101|1326\n|gen|9\n|tier|[Gen 9] VGC 2026 Reg I\n|rated|\n|rule|Species Clause: Limit one of each Pok\u00e9mon\n|rule|Item Clause: Limit 1 of each item\n|clearpoke\n|poke|p1|Kyogre, L50|\n|poke|p1|Calyrex-Ice, L50|\n|poke|p1|Iron Crown, L50|\n|poke|p1|Indeedee-F, L50, F|\n|poke|p1|Overqwil, L50, F|\n|poke|p1|Araquanid, L50, F|\n|poke|p2|Ogerpon-Cornerstone, L50, F|\n|poke|p2|Rillaboom, L50, F|\n|poke|p2|Calyrex-Shadow, L50|\n|poke|p2|Ho-Oh, L50|\n|poke|p2|Toxapex, L50, F|\n|poke|p2|Incineroar, L50, M|\n|teampreview|4\n|inactive|Battle timer is ON: inactive players will automatically lose when time's up. (requested by asroarri)\n|inactive|hugemilk has 60 seconds left.\n|inactive|hugemilk has 30 seconds left.\n|\n|t:|1775192548\n|teamsize|p1|4\n|teamsize|p2|4\n|start\n|switch|p1a: Kyogre|Kyogre, L50|100/100\n|switch|p1b: Overqwil|Overqwil, L50, F|100/100\n|switch|p2a: Calyrex|Calyrex-Shadow, L50|100/100\n|switch|p2b: Incineroar|Incineroar, L50, M|100/100\n|-ability|p2a: Calyrex|As One\n|-ability|p2a: Calyrex|Unnerve\n|-weather|RainDance|[from] ability: Drizzle|[of] p1a: Kyogre\n|-ability|p2b: Incineroar|Intimidate|boost\n|-unboost|p1a: Kyogre|atk|1\n|-unboost|p1b: Overqwil|atk|1\n|turn|1\n|\n|t:|1775192565\n|move|p1a: Kyogre|Protect|p1a: Kyogre\n|-singleturn|p1a: Kyogre|Protect\n|move|p2b: Incineroar|Fake Out|p1b: Overqwil\n|-damage|p1b: Overqwil|90/100\n|move|p1b: Overqwil|Crunch|p2a: Calyrex\n|-supereffective|p2a: Calyrex\n|-damage|p2a: Calyrex|9/100\n|move|p2a: Calyrex|Giga Drain|p1a: Kyogre\n|-activate|p1a: Kyogre|move: Protect\n|\n|-weather|RainDance|[upkeep]\n|upkeep\n|turn|2\n|\n|t:|1775192576\n|switch|p2a: Toxapex|Toxapex, L50, F|100/100\n|switch|p2b: Rillaboom|Rillaboom, L50, F|100/100\n|-fieldstart|move: Grassy Terrain|[from] ability: Grassy Surge|[of] p2b: Rillaboom\n|move|p1b: Overqwil|Icy Wind|p2b: Rillaboom|[spread] p2a,p2b\n|-resisted|p2a: Toxapex\n|-supereffective|p2b: Rillaboom\n|-damage|p2a: Toxapex|98/100\n|-damage|p2b: Rillaboom|94/100\n|-unboost|p2a: Toxapex|spe|1\n|-unboost|p2b: Rillaboom|spe|1\n|move|p1a: Kyogre|Water Spout|p2a: Toxapex|[spread] p2a,p2b\n|-resisted|p2a: Toxapex\n|-resisted|p2b: Rillaboom\n|-damage|p2a: Toxapex|48/100\n|-damage|p2b: Rillaboom|55/100\n|-damage|p1a: Kyogre|91/100|[from] item: Life Orb\n|\n|-weather|RainDance|[upkeep]\n|-heal|p1b: Overqwil|96/100|[from] Grassy Terrain\n|-heal|p1a: Kyogre|97/100|[from] Grassy Terrain\n|-heal|p2b: Rillaboom|61/100|[from] Grassy Terrain\n|-heal|p2a: Toxapex|54/100|[from] Grassy Terrain\n|upkeep\n|turn|3\n|\n|t:|1775192592\n|switch|p1b: Indeedee|Indeedee-F, L50, F|100/100\n|-fieldstart|move: Psychic Terrain|[from] ability: Psychic Surge|[of] p1b: Indeedee\n|move|p2a: Toxapex|Wide Guard|p2a: Toxapex\n|-singleturn|p2a: Toxapex|Wide Guard\n|move|p1a: Kyogre|Water Spout|p2a: Toxapex|[spread] \n|-activate|p2a: Toxapex|move: Wide Guard\n|-activate|p2b: Rillaboom|move: Wide Guard\n|move|p2b: Rillaboom|Wood Hammer|p1a: Kyogre\n|-supereffective|p1a: Kyogre\n|-damage|p1a: Kyogre|0 fnt\n|faint|p1a: Kyogre\n|-damage|p2b: Rillaboom|33/100|[from] Recoil\n|\n|-weather|RainDance|[upkeep]\n|upkeep\n|\n|t:|1775192601\n|switch|p1a: Calyrex|Calyrex-Ice, L50|100/100\n|-ability|p1a: Calyrex|As One\n|-ability|p1a: Calyrex|Unnerve\n|turn|4\n|\n|t:|1775192611\n|switch|p2b: Incineroar|Incineroar, L50, M|100/100\n|-ability|p2b: Incineroar|Intimidate|boost\n|-fail|p1a: Calyrex|unboost|[from] item: Clear Amulet|[of] p1a: Calyrex\n|-unboost|p1b: Indeedee|atk|1\n|-terastallize|p1a: Calyrex|Grass\n|move|p1a: Calyrex|Seed Bomb|p2a: Toxapex\n|-damage|p2a: Toxapex|23/100\n|move|p2a: Toxapex|Toxic|p1a: Calyrex\n|-status|p1a: Calyrex|tox\n|move|p1b: Indeedee|Trick Room|p1b: Indeedee\n|-fieldstart|move: Trick Room|[of] p1b: Indeedee\n|\n|-weather|RainDance|[upkeep]\n|-damage|p1a: Calyrex|95/100 tox|[from] psn\n|upkeep\n|turn|5\n|\n|t:|1775192634\n|switch|p1a: Overqwil|Overqwil, L50, F|96/100\n|move|p2a: Toxapex|Baneful Bunker|p2a: Toxapex\n|-singleturn|p2a: Toxapex|move: Protect\n|move|p2b: Incineroar|Knock Off|p1a: Overqwil\n|-resisted|p1a: Overqwil\n|-damage|p1a: Overqwil|78/100\n|-enditem|p1a: Overqwil|Covert Cloak|[from] move: Knock Off|[of] p2b: Incineroar\n|move|p1b: Indeedee|Psychic|p2a: Toxapex\n|-activate|p2a: Toxapex|move: Protect\n|\n|-weather|none\n|upkeep\n|turn|6\n|\n|t:|1775192653\n|switch|p2a: Rillaboom|Rillaboom, L50, F|33/100\n|-fieldstart|move: Grassy Terrain|[from] ability: Grassy Surge|[of] p2a: Rillaboom\n|move|p2b: Incineroar|Will-O-Wisp|p1a: Overqwil\n|-status|p1a: Overqwil|brn\n|move|p1b: Indeedee|Psychic|p2a: Rillaboom\n|-damage|p2a: Rillaboom|15/100\n|move|p1a: Overqwil|Crunch|p2a: Rillaboom\n|-damage|p2a: Rillaboom|1/100\n|\n|-heal|p2a: Rillaboom|7/100|[from] Grassy Terrain\n|-heal|p1a: Overqwil|84/100 brn|[from] Grassy Terrain\n|-damage|p1a: Overqwil|78/100 brn|[from] brn\n|upkeep\n|turn|7\n|-message|asroarri forfeited.\n|\n|win|hugemilk\n|raw|asroarri's rating: 1342 &rarr; <strong>1321</strong><br />(-21 for losing)\n|raw|hugemilk's rating: 1326 &rarr; <strong>1347</strong><br />(+21 for winning)\n|l|\u2606asroarri\n|player|p1|\n","uploadtime":1775192685,"views":39,"formatid":"gen9vgc2026regi","rating":1321,"private":0,"password":null}