{"id":"gen9vgc2026regi-2565338850","format":"[Gen 9] VGC 2026 Reg I","players":["ev_evan","VJ2511"],"log":"|j|\u2606ev_evan\n|j|\u2606VJ2511\n|t:|1774265055\n|gametype|doubles\n|player|p1|ev_evan|101|1485\n|player|p2|VJ2511|1|1521\n|gen|9\n|tier|[Gen 9] VGC 2026 Reg I\n|rated|\n|rule|Species Clause: Limit one of each Pok\u00e9mon\n|rule|Item Clause: Limit 1 of each item\n|clearpoke\n|poke|p1|Raging Bolt, L50|\n|poke|p1|Miraidon, L50|\n|poke|p1|Calyrex-Ice, L50|\n|poke|p1|Incineroar, L50, F|\n|poke|p1|Iron Jugulis, L50|\n|poke|p1|Farigiraf, L50, M|\n|poke|p2|Calyrex-Shadow, L50|\n|poke|p2|Zamazenta-*, L50|\n|poke|p2|Chien-Pao, L50|\n|poke|p2|Dragonite, L50, M|\n|poke|p2|Raging Bolt, L50|\n|poke|p2|Amoonguss, L50, F|\n|teampreview|4\n|inactive|Battle timer is ON: inactive players will automatically lose when time's up. (requested by ev_evan)\n|\n|t:|1774265076\n|teamsize|p1|4\n|teamsize|p2|4\n|start\n|switch|p1a: Iron Jugulis|Iron Jugulis, L50|100/100\n|switch|p1b: Calyrex|Calyrex-Ice, L50|100/100\n|switch|p2a: Zamazenta|Zamazenta-Crowned, L50|100/100\n|switch|p2b: Chien-Pao|Chien-Pao, L50|100/100\n|-ability|p1b: Calyrex|As One\n|-ability|p1b: Calyrex|Unnerve\n|-ability|p2b: Chien-Pao|Sword of Ruin\n|-ability|p2a: Zamazenta|Dauntless Shield|boost\n|-boost|p2a: Zamazenta|def|1\n|turn|1\n|\n|t:|1774265085\n|-terastallize|p1b: Calyrex|Fire\n|move|p2b: Chien-Pao|Ice Spinner|p1a: Iron Jugulis\n|-supereffective|p1a: Iron Jugulis\n|-damage|p1a: Iron Jugulis|10/100\n|move|p1a: Iron Jugulis|Tailwind|p1a: Iron Jugulis\n|-sidestart|p1: ev_evan|move: Tailwind\n|move|p2a: Zamazenta|Body Press|p1b: Calyrex\n|-damage|p1b: Calyrex|58/100\n|move|p1b: Calyrex|Leech Seed|p2a: Zamazenta|[miss]\n|-miss|p1b: Calyrex|p2a: Zamazenta\n|\n|-heal|p1b: Calyrex|64/100|[from] item: Leftovers\n|upkeep\n|turn|2\n|j| LeleNecro123\n|inactive|ev_evan has 30 seconds left.\n|\n|t:|1774265114\n|move|p1a: Iron Jugulis|Snarl|p2a: Zamazenta|[spread] p2a,p2b\n|-resisted|p2a: Zamazenta\n|-resisted|p2b: Chien-Pao\n|-damage|p2a: Zamazenta|96/100\n|-damage|p2b: Chien-Pao|93/100\n|-unboost|p2a: Zamazenta|spa|1\n|-unboost|p2b: Chien-Pao|spa|1\n|move|p2b: Chien-Pao|Ruination|p1b: Calyrex\n|-damage|p1b: Calyrex|32/100\n|move|p2a: Zamazenta|Body Press|p1b: Calyrex\n|-damage|p1b: Calyrex|0 fnt\n|faint|p1b: Calyrex\n|\n|upkeep\n|\n|t:|1774265125\n|switch|p1b: Miraidon|Miraidon, L50|100/100\n|-fieldstart|move: Electric Terrain|[from] ability: Hadron Engine|[of] p1b: Miraidon\n|-activate|p1a: Iron Jugulis|ability: Quark Drive\n|-start|p1a: Iron Jugulis|quarkdrivespe\n|turn|3\n|\n|t:|1774265131\n|move|p2b: Chien-Pao|Sucker Punch||[still]\n|-fail|p2b: Chien-Pao\n|move|p1a: Iron Jugulis|Taunt|p2a: Zamazenta\n|-start|p2a: Zamazenta|move: Taunt\n|move|p1b: Miraidon|Volt Switch|p2b: Chien-Pao\n|-damage|p2b: Chien-Pao|12/100\n|\n|t:|1774265138\n|switch|p1b: Farigiraf|Farigiraf, L50, M|100/100|[from] Volt Switch\n|-enditem|p1b: Farigiraf|Electric Seed\n|-boost|p1b: Farigiraf|def|1|[from] item: Electric Seed\n|move|p2a: Zamazenta|Body Press|p1b: Farigiraf\n|-damage|p1b: Farigiraf|37/100\n|\n|upkeep\n|turn|4\n|\n|t:|1774265146\n|move|p1a: Iron Jugulis|Snarl|p2b: Chien-Pao|[spread] p2a,p2b\n|-resisted|p2a: Zamazenta\n|-resisted|p2b: Chien-Pao\n|-damage|p2a: Zamazenta|91/100\n|-damage|p2b: Chien-Pao|4/100\n|-unboost|p2a: Zamazenta|spa|1\n|-unboost|p2b: Chien-Pao|spa|1\n|move|p2b: Chien-Pao|Ice Spinner|p1a: Iron Jugulis\n|-supereffective|p1a: Iron Jugulis\n|-damage|p1a: Iron Jugulis|0 fnt\n|-fieldend|move: Electric Terrain\n|faint|p1a: Iron Jugulis\n|-end|p1a: Iron Jugulis|Quark Drive|[silent]\n|move|p2a: Zamazenta|Body Press|p1b: Farigiraf\n|-damage|p1b: Farigiraf|0 fnt\n|faint|p1b: Farigiraf\n|\n|-sideend|p1: ev_evan|move: Tailwind\n|upkeep\n|l| LeleNecro123\n|\n|t:|1774265154\n|switch|p1b: Miraidon|Miraidon, L50|100/100\n|-fieldstart|move: Electric Terrain|[from] ability: Hadron Engine|[of] p1b: Miraidon\n|turn|5\n|\n|t:|1774265162\n|move|p2b: Chien-Pao|Sucker Punch|p1b: Miraidon\n|-damage|p1b: Miraidon|56/100\n|move|p1b: Miraidon|Dazzling Gleam|p2a: Zamazenta|[spread] p2a,p2b\n|-supereffective|p2b: Chien-Pao\n|-damage|p2a: Zamazenta|66/100\n|-damage|p2b: Chien-Pao|0 fnt\n|faint|p2b: Chien-Pao\n|move|p2a: Zamazenta|Body Press|p1b: Miraidon\n|-damage|p1b: Miraidon|0 fnt\n|faint|p1b: Miraidon\n|\n|win|VJ2511\n|raw|ev_evan's rating: 1485 &rarr; <strong>1467</strong><br />(-18 for losing)\n|raw|VJ2511's rating: 1521 &rarr; <strong>1539</strong><br />(+18 for winning)\n|l|\u2606ev_evan\n|player|p1|\n|l|\u2606VJ2511\n|player|p2|\n","uploadtime":1774265173,"views":26,"formatid":"gen9vgc2026regi","rating":1467,"private":0,"password":null}