{"id":"gen9vgc2026regi-2514588714","format":"[Gen 9] VGC 2026 Reg I","players":["xmen2104","SnorlaxPikachu1"],"log":"|j|\u2606xmen2104\n|j|\u2606SnorlaxPikachu1\n|t:|1767888562\n|gametype|doubles\n|player|p1|xmen2104|lucas-gen4pt|1318\n|player|p2|SnorlaxPikachu1|palmer|1299\n|gen|9\n|tier|[Gen 9] VGC 2026 Reg I\n|rated|\n|rule|Species Clause: Limit one of each Pok\u00e9mon\n|rule|Item Clause: Limit 1 of each item\n|clearpoke\n|poke|p1|Calyrex-Shadow, L50|\n|poke|p1|Koraidon, L50|\n|poke|p1|Incineroar, L50, M|\n|poke|p1|Clefairy, L50, F|\n|poke|p1|Tornadus, L50, M|\n|poke|p1|Raging Bolt, L50|\n|poke|p2|Terapagos, L50, M|\n|poke|p2|Calyrex-Shadow, L50|\n|poke|p2|Incineroar, L50, F|\n|poke|p2|Flutter Mane, L50|\n|poke|p2|Ogerpon-Cornerstone, L50, F|\n|poke|p2|Rillaboom, L50, F|\n|teampreview|4\n|inactive|Battle timer is ON: inactive players will automatically lose when time's up. (requested by xmen2104)\n|\n|t:|1767888584\n|teamsize|p1|4\n|teamsize|p2|4\n|start\n|switch|p1a: Calyrex|Calyrex-Shadow, L50|100/100\n|switch|p1b: Incineroar|Incineroar, L50, M|100/100\n|switch|p2a: Incineroar|Incineroar, L50, F|100/100\n|switch|p2b: Terapagos|Terapagos, L50, M|100/100\n|-activate|p2b: Terapagos|ability: Tera Shift\n|detailschange|p2b: Terapagos|Terapagos-Terastal, L50, M\n|-heal|p2b: Terapagos|100/100|[silent]\n|-ability|p1a: Calyrex|As One\n|-ability|p1a: Calyrex|Unnerve\n|-ability|p2a: Incineroar|Intimidate|boost\n|-unboost|p1a: Calyrex|atk|1\n|-unboost|p1b: Incineroar|atk|1\n|-ability|p1b: Incineroar|Intimidate|boost\n|-unboost|p2a: Incineroar|atk|1\n|-unboost|p2b: Terapagos|atk|1\n|turn|1\n|\n|t:|1767888596\n|move|p1a: Calyrex|Protect|p1a: Calyrex\n|-singleturn|p1a: Calyrex|Protect\n|move|p1b: Incineroar|Fake Out|p2b: Terapagos\n|-activate|p2b: Terapagos|ability: Tera Shell\n|-resisted|p2b: Terapagos\n|-damage|p2b: Terapagos|98/100\n|cant|p2b: Terapagos|flinch\n|move|p2a: Incineroar|Parting Shot|p1a: Calyrex\n|-activate|p1a: Calyrex|move: Protect\n|\n|-heal|p2b: Terapagos|100/100|[from] item: Leftovers\n|upkeep\n|turn|2\n|\n|t:|1767888607\n|switch|p1a: Koraidon|Koraidon, L50|100/100\n|-weather|SunnyDay|[from] ability: Orichalcum Pulse|[of] p1a: Koraidon\n|-activate|p1a: Koraidon|Orichalcum Pulse|[source]\n|move|p2b: Terapagos|Calm Mind|p2b: Terapagos\n|-boost|p2b: Terapagos|spa|1\n|-boost|p2b: Terapagos|spd|1\n|move|p2a: Incineroar|Knock Off|p1a: Koraidon\n|-resisted|p1a: Koraidon\n|-damage|p1a: Koraidon|91/100\n|-enditem|p1a: Koraidon|Clear Amulet|[from] move: Knock Off|[of] p2a: Incineroar\n|move|p1b: Incineroar|Will-O-Wisp|p2b: Terapagos\n|-status|p2b: Terapagos|brn\n|\n|-weather|SunnyDay|[upkeep]\n|-damage|p2b: Terapagos|94/100 brn|[from] brn\n|upkeep\n|turn|3\n|\n|t:|1767888630\n|-terastallize|p2b: Terapagos|Stellar\n|detailschange|p2b: Terapagos|Terapagos-Stellar, L50, M, tera:Stellar\n|-heal|p2b: Terapagos|96/100 brn|[silent]\n|-ability|p2b: Terapagos|Teraform Zero\n|-weather|none\n|move|p1a: Koraidon|Collision Course|p2a: Incineroar\n|-supereffective|p2a: Incineroar\n|-damage|p2a: Incineroar|0 fnt\n|-damage|p1a: Koraidon|75/100|[from] item: Rocky Helmet|[of] p2a: Incineroar\n|faint|p2a: Incineroar\n|move|p2b: Terapagos|Tera Starstorm|p1a: Koraidon|[spread] p1a,p1b\n|-damage|p1a: Koraidon|32/100\n|-damage|p1b: Incineroar|60/100\n|move|p1b: Incineroar|Parting Shot|p2b: Terapagos\n|-unboost|p2b: Terapagos|atk|1\n|-unboost|p2b: Terapagos|spa|1\n|\n|t:|1767888637\n|switch|p1b: Calyrex|Calyrex-Shadow, L50|100/100|[from] Parting Shot\n|-ability|p1b: Calyrex|As One\n|-ability|p1b: Calyrex|Unnerve\n|\n|-heal|p2b: Terapagos|100/100 brn|[from] item: Leftovers\n|-damage|p2b: Terapagos|94/100 brn|[from] brn\n|upkeep\n|\n|t:|1767888644\n|switch|p2a: Calyrex|Calyrex-Shadow, L50|100/100\n|-ability|p2a: Calyrex|As One\n|-ability|p2a: Calyrex|Unnerve\n|turn|4\n|\n|t:|1767888648\n|switch|p1a: Incineroar|Incineroar, L50, M|60/100\n|-ability|p1a: Incineroar|Intimidate|boost\n|-unboost|p2a: Calyrex|atk|1\n|-unboost|p2b: Terapagos|atk|1\n|move|p1b: Calyrex|Astral Barrage|p2b: Terapagos|[spread] p2a\n|-immune|p2b: Terapagos\n|-supereffective|p2a: Calyrex\n|-enditem|p2a: Calyrex|Focus Sash\n|-damage|p2a: Calyrex|1/100\n|-damage|p1b: Calyrex|91/100|[from] item: Life Orb\n|move|p2a: Calyrex|Astral Barrage|p1b: Calyrex|[spread] p1a,p1b\n|-resisted|p1a: Incineroar\n|-supereffective|p1b: Calyrex\n|-damage|p1a: Incineroar|39/100\n|-damage|p1b: Calyrex|0 fnt\n|faint|p1b: Calyrex\n|-ability|p2a: Calyrex|Grim Neigh|boost\n|-boost|p2a: Calyrex|spa|1\n|move|p2b: Terapagos|Tera Starstorm|p1a: Incineroar\n|-damage|p1a: Incineroar|0 fnt\n|faint|p1a: Incineroar\n|\n|-heal|p2b: Terapagos|100/100 brn|[from] item: Leftovers\n|-damage|p2b: Terapagos|94/100 brn|[from] brn\n|upkeep\n|\n|t:|1767888655\n|switch|p1b: Tornadus|Tornadus, L50, M|100/100\n|switch|p1a: Koraidon|Koraidon, L50|32/100\n|-weather|SunnyDay|[from] ability: Orichalcum Pulse|[of] p1a: Koraidon\n|-activate|p1a: Koraidon|Orichalcum Pulse|[source]\n|turn|5\n|\n|t:|1767888661\n|move|p1a: Koraidon|Protect|p1a: Koraidon\n|-singleturn|p1a: Koraidon|Protect\n|move|p1b: Tornadus|Tailwind|p1b: Tornadus\n|-sidestart|p1: xmen2104|move: Tailwind\n|move|p2a: Calyrex|Astral Barrage|p1a: Koraidon|[spread] p1b\n|-activate|p1a: Koraidon|move: Protect\n|-damage|p1b: Tornadus|8/100\n|move|p2b: Terapagos|Tera Starstorm|p1a: Koraidon|[spread] p1b\n|-activate|p1a: Koraidon|move: Protect\n|-damage|p1b: Tornadus|0 fnt\n|faint|p1b: Tornadus\n|\n|-weather|SunnyDay|[upkeep]\n|-heal|p2b: Terapagos|100/100 brn|[from] item: Leftovers\n|-damage|p2b: Terapagos|94/100 brn|[from] brn\n|upkeep\n|turn|6\n|-message|xmen2104 forfeited.\n|\n|win|SnorlaxPikachu1\n|raw|xmen2104's rating: 1318 &rarr; <strong>1297</strong><br />(-21 for losing)\n|raw|SnorlaxPikachu1's rating: 1299 &rarr; <strong>1325</strong><br />(+26 for winning)\n|l|\u2606xmen2104\n|player|p1|\n|l|\u2606SnorlaxPikachu1\n|player|p2|\n","uploadtime":1767888898,"views":14,"formatid":"gen9vgc2026regi","rating":1297,"private":0,"password":null}