{"id":"gen9vgc2026regi-2537922463","format":"[Gen 9] VGC 2026 Reg I","players":["Luca8","crazykoraidon"],"log":"|j|\u2606Luca8\n|j|\u2606crazykoraidon\n|t:|1770864097\n|gametype|doubles\n|player|p1|Luca8|flint|1269\n|player|p2|crazykoraidon|pokemaniac|1182\n|gen|9\n|tier|[Gen 9] VGC 2026 Reg I\n|rated|\n|rule|Species Clause: Limit one of each Pok\u00e9mon\n|rule|Item Clause: Limit 1 of each item\n|clearpoke\n|poke|p1|Miraidon, L50|\n|poke|p1|Calyrex-Shadow, L50|\n|poke|p1|Whimsicott, L50, M|\n|poke|p1|Farigiraf, L50, M|\n|poke|p1|Incineroar, L50, F|\n|poke|p1|Urshifu-*, L50, M|\n|poke|p2|Meowscarada, L50, F|\n|poke|p2|Greninja-*, L50, M|\n|poke|p2|Koraidon, L50|\n|poke|p2|Goodra-Hisui, L50, M|\n|poke|p2|Garganacl, L50, F|\n|poke|p2|Basculegion, L50, M|\n|teampreview|4\n|inactive|Battle timer is ON: inactive players will automatically lose when time's up. (requested by crazykoraidon)\n|inactive|crazykoraidon has 60 seconds left.\n|\n|t:|1770864137\n|teamsize|p1|4\n|teamsize|p2|4\n|start\n|switch|p1a: Calyrex|Calyrex-Shadow, L50|100/100\n|switch|p1b: Whimsicott|Whimsicott, L50, M|100/100\n|switch|p2a: Garganacl|Garganacl, L50, F|100/100\n|switch|p2b: Koraidon|Koraidon, L50|100/100\n|-ability|p1a: Calyrex|As One\n|-ability|p1a: Calyrex|Unnerve\n|-weather|SunnyDay|[from] ability: Orichalcum Pulse|[of] p2b: Koraidon\n|-activate|p2b: Koraidon|Orichalcum Pulse|[source]\n|turn|1\n|\n|t:|1770864158\n|-terastallize|p2b: Koraidon|Fire\n|move|p2a: Garganacl|Wide Guard|p2a: Garganacl\n|-singleturn|p2a: Garganacl|Wide Guard\n|move|p1b: Whimsicott|Tailwind|p1b: Whimsicott\n|-sidestart|p1: Luca8|move: Tailwind\n|move|p1a: Calyrex|Astral Barrage|p2b: Koraidon|[spread] \n|-activate|p2a: Garganacl|move: Wide Guard\n|-activate|p2b: Koraidon|move: Wide Guard\n|move|p2b: Koraidon|Scale Shot|p1a: Calyrex\n|-damage|p1a: Calyrex|76/100\n|-damage|p1a: Calyrex|54/100\n|-crit|p1a: Calyrex\n|-damage|p1a: Calyrex|20/100\n|-damage|p1a: Calyrex|0 fnt\n|faint|p1a: Calyrex\n|-hitcount|p1: Calyrex|4\n|-unboost|p2b: Koraidon|def|1\n|-boost|p2b: Koraidon|spe|1\n|\n|-weather|SunnyDay|[upkeep]\n|upkeep\n|inactive|Luca8 has 30 seconds left.\n|\n|t:|1770864183\n|switch|p1a: Urshifu|Urshifu-Rapid-Strike, L50, M|100/100\n|turn|2\n|inactive|crazykoraidon has 30 seconds left.\n|inactive|crazykoraidon has 20 seconds left.\n|inactive|crazykoraidon has 15 seconds left.\n|\n|t:|1770864228\n|move|p1b: Whimsicott|Encore|p2a: Garganacl\n|-start|p2a: Garganacl|Encore\n|move|p2b: Koraidon|Flare Blitz|p1b: Whimsicott\n|-supereffective|p1b: Whimsicott\n|-damage|p1b: Whimsicott|0 fnt\n|faint|p1b: Whimsicott\n|-damage|p2b: Koraidon|75/100|[from] Recoil\n|move|p1a: Urshifu|Surging Strikes|p2b: Koraidon\n|-supereffective|p2b: Koraidon\n|-crit|p2b: Koraidon\n|-damage|p2b: Koraidon|44/100\n|-supereffective|p2b: Koraidon\n|-crit|p2b: Koraidon\n|-damage|p2b: Koraidon|15/100\n|-supereffective|p2b: Koraidon\n|-crit|p2b: Koraidon\n|-damage|p2b: Koraidon|0 fnt\n|faint|p2b: Koraidon\n|-hitcount|p2: Koraidon|3\n|move|p2a: Garganacl|Wide Guard||[still]\n|-fail|p2a: Garganacl\n|\n|-weather|SunnyDay|[upkeep]\n|upkeep\n|inactive|Luca8 has 30 seconds left.\n|inactive|Luca8 has 20 seconds left.\n|\n|t:|1770864264\n|switch|p2b: Meowscarada|Meowscarada, L50, F, shiny|100/100\n|switch|p1b: Miraidon|Miraidon, L50|100/100\n|-fieldstart|move: Electric Terrain|[from] ability: Hadron Engine|[of] p1b: Miraidon\n|turn|3\n|\n|t:|1770864289\n|-terastallize|p1b: Miraidon|Fairy\n|move|p2a: Garganacl|Wide Guard|p2a: Garganacl\n|-singleturn|p2a: Garganacl|Wide Guard\n|move|p1b: Miraidon|Dazzling Gleam|p2b: Meowscarada|[spread] \n|-activate|p2a: Garganacl|move: Wide Guard\n|-activate|p2b: Meowscarada|move: Wide Guard\n|move|p1a: Urshifu|Ice Punch|p2b: Meowscarada\n|-supereffective|p2b: Meowscarada\n|-damage|p2b: Meowscarada|1/100\n|move|p2b: Meowscarada|Flower Trick|p1a: Urshifu\n|-start|p2b: Meowscarada|typechange|Grass|[from] ability: Protean\n|-supereffective|p1a: Urshifu\n|-crit|p1a: Urshifu\n|-enditem|p1a: Urshifu|Focus Sash\n|-damage|p1a: Urshifu|1/100\n|\n|-weather|SunnyDay|[upkeep]\n|upkeep\n|turn|4\n|\n|t:|1770864314\n|move|p2a: Garganacl|Wide Guard|p2a: Garganacl\n|-singleturn|p2a: Garganacl|Wide Guard\n|move|p1a: Urshifu|Aqua Jet|p2b: Meowscarada\n|-resisted|p2b: Meowscarada\n|-damage|p2b: Meowscarada|0 fnt\n|faint|p2b: Meowscarada\n|move|p1b: Miraidon|Dazzling Gleam|p2a: Garganacl\n|-activate|p2a: Garganacl|move: Wide Guard\n|\n|-weather|SunnyDay|[upkeep]\n|-end|p2a: Garganacl|Encore\n|-sideend|p1: Luca8|move: Tailwind\n|upkeep\n|\n|t:|1770864322\n|switch|p2b: Basculegion|Basculegion, L50, M|100/100\n|turn|5\n|\n|t:|1770864330\n|move|p2a: Garganacl|Wide Guard|p2a: Garganacl\n|-singleturn|p2a: Garganacl|Wide Guard\n|move|p1b: Miraidon|Dazzling Gleam|p2b: Basculegion|[spread] \n|-activate|p2a: Garganacl|move: Wide Guard\n|-activate|p2b: Basculegion|move: Wide Guard\n|move|p1a: Urshifu|Thunder Punch|p2b: Basculegion\n|-supereffective|p2b: Basculegion\n|-damage|p2b: Basculegion|4/100\n|-status|p2b: Basculegion|par\n|move|p2b: Basculegion|Last Respects|p1b: Miraidon\n|-damage|p1b: Miraidon|18/100\n|\n|-weather|none\n|upkeep\n|turn|6\n|\n|t:|1770864352\n|move|p2a: Garganacl|Wide Guard|p2a: Garganacl\n|-singleturn|p2a: Garganacl|Wide Guard\n|move|p1a: Urshifu|Aqua Jet|p2b: Basculegion\n|-resisted|p2b: Basculegion\n|-damage|p2b: Basculegion|0 fnt\n|faint|p2b: Basculegion\n|move|p1b: Miraidon|Dazzling Gleam|p2a: Garganacl\n|-activate|p2a: Garganacl|move: Wide Guard\n|\n|upkeep\n|turn|7\n|\n|t:|1770864366\n|move|p1b: Miraidon|Dazzling Gleam|p2a: Garganacl\n|-damage|p2a: Garganacl|38/100\n|move|p1a: Urshifu|Surging Strikes|p2a: Garganacl\n|-supereffective|p2a: Garganacl\n|-crit|p2a: Garganacl\n|-damage|p2a: Garganacl|15/100\n|-supereffective|p2a: Garganacl\n|-crit|p2a: Garganacl\n|-damage|p2a: Garganacl|0 fnt\n|faint|p2a: Garganacl\n|-hitcount|p2: Garganacl|2\n|\n|win|Luca8\n|raw|Luca8's rating: 1269 &rarr; <strong>1288</strong><br />(+19 for winning)\n|raw|crazykoraidon's rating: 1182 &rarr; <strong>1163</strong><br />(-19 for losing)\n|l|\u2606crazykoraidon\n|player|p2|\n|l|\u2606Luca8\n|player|p1|\n","uploadtime":1770864591,"views":10,"formatid":"gen9vgc2026regi","rating":1163,"private":0,"password":null}