{"id":"gen9vgc2026regi-2559602610","format":"[Gen 9] VGC 2026 Reg I","players":["Simon0123","PowedOn"],"log":"|j|\u2606Simon0123\n|j|\u2606PowedOn\n|t:|1773591100\n|gametype|doubles\n|player|p1|Simon0123|benga|1160\n|player|p2|PowedOn|bertha|1143\n|gen|9\n|tier|[Gen 9] VGC 2026 Reg I\n|rated|\n|rule|Species Clause: Limit one of each Pok\u00e9mon\n|rule|Item Clause: Limit 1 of each item\n|clearpoke\n|poke|p1|Calyrex-Shadow, L50|\n|poke|p1|Koraidon, L50|\n|poke|p1|Flutter Mane, L50|\n|poke|p1|Raging Bolt, L50|\n|poke|p1|Whimsicott, L50, F|\n|poke|p1|Chi-Yu, L50|\n|poke|p2|Groudon, L50|\n|poke|p2|Toedscruel, L50, F|\n|poke|p2|Ting-Lu, L50|\n|poke|p2|Landorus, L50, M|\n|poke|p2|Sandy Shocks, L50|\n|poke|p2|Zamazenta-*, L50|\n|teampreview|4\n|inactive|Battle timer is ON: inactive players will automatically lose when time's up. (requested by Simon0123)\n|inactive|Simon0123 has 60 seconds left.\n|inactive|PowedOn has 60 seconds left.\n|\n|t:|1773591157\n|teamsize|p1|4\n|teamsize|p2|4\n|start\n|switch|p1a: Whimsicott|Whimsicott, L50, F|100/100\n|switch|p1b: Flutter Mane|Flutter Mane, L50|100/100\n|switch|p2a: Landorus|Landorus, L50, M|100/100\n|switch|p2b: Sandy Shocks|Sandy Shocks, L50|100/100\n|-enditem|p1b: Flutter Mane|Booster Energy\n|-activate|p1b: Flutter Mane|ability: Protosynthesis|[fromitem]\n|-start|p1b: Flutter Mane|protosynthesisspa\n|turn|1\n|inactive|PowedOn has 30 seconds left.\n|\n|t:|1773591185\n|move|p1a: Whimsicott|Tailwind|p1a: Whimsicott\n|-sidestart|p1: Simon0123|move: Tailwind\n|move|p1b: Flutter Mane|Icy Wind|p2a: Landorus|[spread] p2a,p2b\n|-supereffective|p2a: Landorus\n|-supereffective|p2b: Sandy Shocks\n|-damage|p2a: Landorus|0 fnt\n|-damage|p2b: Sandy Shocks|51/100\n|-unboost|p2b: Sandy Shocks|spe|1\n|faint|p2a: Landorus\n|move|p2b: Sandy Shocks|Gravity|p2b: Sandy Shocks\n|-fieldstart|move: Gravity\n|\n|upkeep\n|\n|t:|1773591195\n|switch|p2a: Groudon|Groudon, L50|100/100\n|-weather|SunnyDay|[from] ability: Drought|[of] p2a: Groudon\n|-activate|p2b: Sandy Shocks|ability: Protosynthesis\n|-start|p2b: Sandy Shocks|protosynthesisspa\n|turn|2\n|\n|t:|1773591205\n|-end|p2b: Sandy Shocks|Protosynthesis|[silent]\n|switch|p2b: Zamazenta|Zamazenta-Crowned, L50|100/100\n|-ability|p2b: Zamazenta|Dauntless Shield|boost\n|-boost|p2b: Zamazenta|def|1\n|move|p1a: Whimsicott|Helping Hand|p1b: Flutter Mane\n|-singleturn|p1b: Flutter Mane|Helping Hand|[of] p1a: Whimsicott\n|move|p1b: Flutter Mane|Icy Wind|p2b: Zamazenta|[spread] p2a,p2b\n|-supereffective|p2a: Groudon\n|-resisted|p2b: Zamazenta\n|-crit|p2b: Zamazenta\n|-damage|p2a: Groudon|65/100\n|-damage|p2b: Zamazenta|86/100\n|-unboost|p2a: Groudon|spe|1\n|-unboost|p2b: Zamazenta|spe|1\n|move|p2a: Groudon|Precipice Blades|p1a: Whimsicott|[spread] p1a,p1b\n|-resisted|p1a: Whimsicott\n|-damage|p1a: Whimsicott|66/100\n|-damage|p1b: Flutter Mane|9/100\n|-enditem|p1a: Whimsicott|Eject Button\n|\n|t:|1773591226\n|switch|p1a: Koraidon|Koraidon, L50|100/100\n|-activate|p1a: Koraidon|ability: Orichalcum Pulse\n|\n|-weather|SunnyDay|[upkeep]\n|upkeep\n|turn|3\n|\n|t:|1773591245\n|-terastallize|p2b: Zamazenta|Ground\n|move|p1a: Koraidon|Collision Course|p2b: Zamazenta\n|-damage|p2b: Zamazenta|47/100\n|-damage|p1a: Koraidon|91/100|[from] item: Life Orb\n|move|p1b: Flutter Mane|Moonblast|p2a: Groudon\n|-damage|p2a: Groudon|22/100\n|move|p2b: Zamazenta|Iron Defense|p2b: Zamazenta\n|-boost|p2b: Zamazenta|def|2\n|move|p2a: Groudon|Precipice Blades|p1b: Flutter Mane|[spread] p1a,p1b\n|-damage|p1a: Koraidon|36/100\n|-damage|p1b: Flutter Mane|0 fnt\n|faint|p1b: Flutter Mane\n|-end|p1b: Flutter Mane|Protosynthesis|[silent]\n|\n|-weather|SunnyDay|[upkeep]\n|upkeep\n|\n|t:|1773591261\n|switch|p1b: Whimsicott|Whimsicott, L50, F|66/100\n|turn|4\n|\n|t:|1773591273\n|move|p2b: Zamazenta|Protect|p2b: Zamazenta\n|-singleturn|p2b: Zamazenta|Protect\n|move|p1b: Whimsicott|Encore|p2b: Zamazenta\n|-activate|p2b: Zamazenta|move: Protect\n|move|p1a: Koraidon|Collision Course|p2a: Groudon\n|-damage|p2a: Groudon|0 fnt\n|faint|p2a: Groudon\n|-damage|p1a: Koraidon|26/100|[from] item: Life Orb\n|\n|-weather|SunnyDay|[upkeep]\n|-sideend|p1: Simon0123|move: Tailwind\n|upkeep\n|\n|t:|1773591287\n|switch|p2a: Sandy Shocks|Sandy Shocks, L50|51/100\n|-activate|p2a: Sandy Shocks|ability: Protosynthesis\n|-start|p2a: Sandy Shocks|protosynthesisspa\n|turn|5\n|c|\u2606Simon0123|Gg\n|\n|t:|1773591300\n|move|p2b: Zamazenta|Protect||[still]\n|-fail|p2b: Zamazenta\n|move|p1b: Whimsicott|Encore|p2b: Zamazenta\n|-start|p2b: Zamazenta|Encore\n|move|p2a: Sandy Shocks|Discharge|p1b: Whimsicott|[spread] p1a,p1b\n|-immune|p2b: Zamazenta\n|-resisted|p1a: Koraidon\n|-resisted|p1b: Whimsicott\n|-damage|p1a: Koraidon|7/100\n|-damage|p1b: Whimsicott|43/100\n|move|p1a: Koraidon|Flare Blitz|p2a: Sandy Shocks\n|-damage|p2a: Sandy Shocks|0 fnt\n|faint|p2a: Sandy Shocks\n|-end|p2a: Sandy Shocks|Protosynthesis|[silent]\n|-damage|p1a: Koraidon|0 fnt|[from] Recoil\n|faint|p1a: Koraidon\n|\n|-weather|SunnyDay|[upkeep]\n|-fieldend|move: Gravity\n|upkeep\n|-message|PowedOn forfeited.\n|\n|win|Simon0123\n|raw|Simon0123's rating: 1160 &rarr; <strong>1184</strong><br />(+24 for winning)\n|raw|PowedOn's rating: 1143 &rarr; <strong>1119</strong><br />(-24 for losing)\n|l|\u2606PowedOn\n|player|p2|\n|l|\u2606Simon0123\n|player|p1|\n","uploadtime":1773591539,"views":10,"formatid":"gen9vgc2026regi","rating":1119,"private":0,"password":null}