{"id":"gen9vgc2026regi-2568519136","format":"[Gen 9] VGC 2026 Reg I","players":["123dgf","jerry rivera"],"log":"|j|\u2606123dgf\n|j|\u2606jerry rivera\n|t:|1774589187\n|gametype|doubles\n|player|p1|123dgf|falkner|1367\n|player|p2|jerry rivera|silver|1413\n|gen|9\n|tier|[Gen 9] VGC 2026 Reg I\n|rated|\n|rule|Species Clause: Limit one of each Pok\u00e9mon\n|rule|Item Clause: Limit 1 of each item\n|clearpoke\n|poke|p1|Zamazenta-*, L50|\n|poke|p1|Calyrex-Ice, L50|\n|poke|p1|Incineroar, L50, F|\n|poke|p1|Amoonguss, L50, F|\n|poke|p1|Ting-Lu, L50|\n|poke|p1|Pelipper, L50, F|\n|poke|p2|Kyogre, L50|\n|poke|p2|Calyrex-Ice, L50|\n|poke|p2|Regieleki, L50|\n|poke|p2|Landorus, L50, M|\n|poke|p2|Ogerpon-Cornerstone, L50, F|\n|poke|p2|Farigiraf, L50, F|\n|teampreview|4\n|\n|t:|1774589212\n|teamsize|p1|4\n|teamsize|p2|4\n|start\n|switch|p1a: Calyrex|Calyrex-Ice, L50|100/100\n|switch|p1b: Ting-Lu|Ting-Lu, L50|100/100\n|switch|p2a: Regieleki|Regieleki, L50|100/100\n|switch|p2b: Landorus|Landorus, L50, M|100/100\n|-ability|p1a: Calyrex|As One\n|-ability|p1a: Calyrex|Unnerve\n|-ability|p1b: Ting-Lu|Vessel of Ruin\n|turn|1\n|inactive|Battle timer is ON: inactive players will automatically lose when time's up. (requested by 123dgf)\n|\n|t:|1774589229\n|-terastallize|p2a: Regieleki|Electric\n|move|p2b: Landorus|Protect|p2b: Landorus\n|-singleturn|p2b: Landorus|Protect\n|move|p2a: Regieleki|Thunderbolt|p1a: Calyrex\n|-damage|p1a: Calyrex|66/100\n|-status|p1a: Calyrex|par\n|move|p1b: Ting-Lu|Snarl|p2a: Regieleki|[spread] p2a\n|-activate|p2b: Landorus|move: Protect\n|-damage|p2a: Regieleki|83/100\n|-unboost|p2a: Regieleki|spa|1\n|move|p1a: Calyrex|Glacial Lance|p2a: Regieleki|[spread] p2a\n|-activate|p2b: Landorus|move: Protect\n|-damage|p2a: Regieleki|0 fnt\n|faint|p2a: Regieleki\n|-ability|p1a: Calyrex|Chilling Neigh|boost\n|-boost|p1a: Calyrex|atk|1\n|\n|-heal|p1a: Calyrex|72/100 par|[from] item: Leftovers\n|upkeep\n|\n|t:|1774589243\n|switch|p2a: Kyogre|Kyogre, L50|100/100\n|-weather|RainDance|[from] ability: Drizzle|[of] p2a: Kyogre\n|turn|2\n|\n|t:|1774589254\n|-terastallize|p1b: Ting-Lu|Water\n|move|p1a: Calyrex|Protect|p1a: Calyrex\n|-singleturn|p1a: Calyrex|Protect\n|move|p2b: Landorus|Earth Power|p1a: Calyrex\n|-activate|p1a: Calyrex|move: Protect\n|move|p2a: Kyogre|Water Spout|p1b: Ting-Lu|[spread] p1b\n|-activate|p1a: Calyrex|move: Protect\n|-resisted|p1b: Ting-Lu\n|-damage|p1b: Ting-Lu|83/100\n|move|p1b: Ting-Lu|Ruination|p2a: Kyogre\n|-damage|p2a: Kyogre|50/100\n|\n|-weather|RainDance|[upkeep]\n|-heal|p1a: Calyrex|77/100 par|[from] item: Leftovers\n|upkeep\n|turn|3\n|\n|t:|1774589264\n|move|p2b: Landorus|Earth Power|p1a: Calyrex\n|-damage|p1a: Calyrex|43/100 par\n|move|p2a: Kyogre|Origin Pulse|p1b: Ting-Lu|[spread] p1a\n|-miss|p2a: Kyogre|p1b: Ting-Lu\n|-damage|p1a: Calyrex|0 fnt\n|faint|p1a: Calyrex\n|move|p1b: Ting-Lu|Snarl|p2a: Kyogre|[spread] p2a,p2b\n|-damage|p2a: Kyogre|42/100\n|-damage|p2b: Landorus|89/100\n|-unboost|p2a: Kyogre|spa|1\n|-unboost|p2b: Landorus|spa|1\n|\n|-weather|RainDance|[upkeep]\n|upkeep\n|\n|t:|1774589283\n|switch|p1a: Amoonguss|Amoonguss, L50, F, shiny|100/100\n|turn|4\n|\n|t:|1774589292\n|switch|p2a: Calyrex|Calyrex-Ice, L50|100/100\n|-ability|p2a: Calyrex|As One\n|-ability|p2a: Calyrex|Unnerve\n|move|p2b: Landorus|Sandsear Storm|p1b: Ting-Lu|[spread] p1a,p1b\n|-damage|p1a: Amoonguss|79/100\n|-damage|p1b: Ting-Lu|72/100\n|move|p1b: Ting-Lu|Sand Tomb|p2a: Calyrex\n|-damage|p2a: Calyrex|92/100\n|-activate|p2a: Calyrex|move: Sand Tomb|[of] p1b: Ting-Lu\n|move|p1a: Amoonguss|Spore|p2b: Landorus\n|-status|p2b: Landorus|slp|[from] move: Spore\n|\n|-weather|RainDance|[upkeep]\n|-damage|p2a: Calyrex|79/100|[from] move: Sand Tomb|[partiallytrapped]\n|upkeep\n|turn|5\n|\n|t:|1774589307\n|switch|p2b: Kyogre|Kyogre, L50|42/100\n|move|p2a: Calyrex|Glacial Lance|p1b: Ting-Lu|[spread] p1a,p1b\n|-supereffective|p1a: Amoonguss\n|-resisted|p1b: Ting-Lu\n|-damage|p1a: Amoonguss|0 fnt\n|-damage|p1b: Ting-Lu|57/100\n|faint|p1a: Amoonguss\n|-ability|p2a: Calyrex|Chilling Neigh|boost\n|-boost|p2a: Calyrex|atk|1\n|move|p1b: Ting-Lu|Snarl|p2a: Calyrex|[spread] p2a,p2b\n|-supereffective|p2a: Calyrex\n|-damage|p2a: Calyrex|66/100\n|-damage|p2b: Kyogre|35/100\n|-unboost|p2b: Kyogre|spa|1\n|\n|-weather|RainDance|[upkeep]\n|-damage|p2a: Calyrex|54/100|[from] move: Sand Tomb|[partiallytrapped]\n|upkeep\n|\n|t:|1774589312\n|switch|p1a: Zamazenta|Zamazenta-Crowned, L50|100/100\n|-ability|p1a: Zamazenta|Dauntless Shield|boost\n|-boost|p1a: Zamazenta|def|1\n|turn|6\n|\n|t:|1774589330\n|move|p1a: Zamazenta|Wide Guard|p1a: Zamazenta\n|-singleturn|p1a: Zamazenta|Wide Guard\n|move|p2b: Kyogre|Hydro Pump|p1a: Zamazenta\n|-damage|p1a: Zamazenta|71/100\n|move|p2a: Calyrex|High Horsepower|p1b: Ting-Lu|[miss]\n|-miss|p2a: Calyrex|p1b: Ting-Lu\n|move|p1b: Ting-Lu|Sand Tomb|p2b: Kyogre\n|-damage|p2b: Kyogre|20/100\n|-activate|p2b: Kyogre|move: Sand Tomb|[of] p1b: Ting-Lu\n|\n|-weather|none\n|-damage|p2b: Kyogre|8/100|[from] move: Sand Tomb|[partiallytrapped]\n|-damage|p2a: Calyrex|41/100|[from] move: Sand Tomb|[partiallytrapped]\n|upkeep\n|turn|7\n|\n|t:|1774589347\n|move|p2b: Kyogre|Origin Pulse|p1b: Ting-Lu|[spread] p1a,p1b\n|-resisted|p1b: Ting-Lu\n|-damage|p1a: Zamazenta|56/100\n|-damage|p1b: Ting-Lu|51/100\n|move|p1a: Zamazenta|Body Press|p2a: Calyrex\n|-crit|p2a: Calyrex\n|-damage|p2a: Calyrex|0 fnt\n|faint|p2a: Calyrex\n|move|p1b: Ting-Lu|Snarl|p2b: Kyogre\n|-damage|p2b: Kyogre|0 fnt\n|faint|p2b: Kyogre\n|\n|upkeep\n|-message|jerry rivera forfeited.\n|\n|win|123dgf\n|raw|123dgf's rating: 1367 &rarr; <strong>1390</strong><br />(+23 for winning)\n|raw|jerry rivera's rating: 1413 &rarr; <strong>1390</strong><br />(-23 for losing)\n|l|\u2606jerry rivera\n|player|p2|\n|l|\u2606123dgf\n|player|p1|\n","uploadtime":1774589493,"views":13,"formatid":"gen9vgc2026regi","rating":1390,"private":0,"password":null}