{"id":"gen9vgc2026regi-2580890580","format":"[Gen 9] VGC 2026 Reg I","players":["chaostemprature","Harry Koekenpan"],"log":"|j|\u2606chaostemprature\n|j|\u2606Harry Koekenpan\n|t:|1775940907\n|gametype|doubles\n|player|p1|chaostemprature|hilbert|1393\n|player|p2|Harry Koekenpan|169|1355\n|gen|9\n|tier|[Gen 9] VGC 2026 Reg I\n|rated|\n|rule|Species Clause: Limit one of each Pok\u00e9mon\n|rule|Item Clause: Limit 1 of each item\n|clearpoke\n|poke|p1|Amoonguss, L50, M|\n|poke|p1|Calyrex-Shadow, L50|\n|poke|p1|Zamazenta-*, L50|\n|poke|p1|Ogerpon-Cornerstone, L50, F|\n|poke|p1|Dragonite, L50, M|\n|poke|p1|Chien-Pao, L50|\n|poke|p2|Weezing-Galar, L50, F|\n|poke|p2|Calyrex-Shadow, L50|\n|poke|p2|Regigigas, L50|\n|poke|p2|Koraidon, L50|\n|poke|p2|Chi-Yu, L50|\n|poke|p2|Jumpluff, L50, F|\n|teampreview|4\n|inactive|Battle timer is ON: inactive players will automatically lose when time's up. (requested by Harry Koekenpan)\n|\n|t:|1775940926\n|teamsize|p1|4\n|teamsize|p2|4\n|start\n|switch|p1a: Dragonite|Dragonite, L50, M, shiny|100/100\n|switch|p1b: Chien-Pao|Chien-Pao, L50, shiny|100/100\n|switch|p2a: Koraidon|Koraidon, L50|100/100\n|switch|p2b: Jumpluff|Jumpluff, L50, F|100/100\n|-ability|p1b: Chien-Pao|Sword of Ruin\n|-weather|SunnyDay|[from] ability: Orichalcum Pulse|[of] p2a: Koraidon\n|-activate|p2a: Koraidon|Orichalcum Pulse|[source]\n|turn|1\n|inactive|Harry Koekenpan has 30 seconds left.\n|\n|t:|1775940958\n|-terastallize|p2a: Koraidon|Fire\n|-terastallize|p1a: Dragonite|Normal\n|move|p1a: Dragonite|Extreme Speed|p2a: Koraidon\n|-damage|p2a: Koraidon|11/100\n|move|p1b: Chien-Pao|Ice Shard|p2b: Jumpluff\n|-supereffective|p2b: Jumpluff\n|-damage|p2b: Jumpluff|0 fnt\n|faint|p2b: Jumpluff\n|-damage|p1b: Chien-Pao|91/100|[from] item: Life Orb\n|move|p2a: Koraidon|Flame Charge|p1b: Chien-Pao\n|-supereffective|p1b: Chien-Pao\n|-damage|p1b: Chien-Pao|0 fnt\n|-boost|p2a: Koraidon|spe|1\n|faint|p1b: Chien-Pao\n|\n|-weather|SunnyDay|[upkeep]\n|upkeep\n|\n|t:|1775940981\n|switch|p1b: Zamazenta|Zamazenta-Crowned, L50, shiny|100/100\n|switch|p2b: Calyrex|Calyrex-Shadow, L50|100/100\n|-ability|p2b: Calyrex|As One\n|-ability|p2b: Calyrex|Unnerve\n|-ability|p1b: Zamazenta|Dauntless Shield|boost\n|-boost|p1b: Zamazenta|def|1\n|turn|2\n|inactive|Harry Koekenpan has 30 seconds left.\n|\n|t:|1775941010\n|move|p2a: Koraidon|Protect|p2a: Koraidon\n|-singleturn|p2a: Koraidon|Protect\n|move|p1a: Dragonite|Extreme Speed|p2a: Koraidon\n|-activate|p2a: Koraidon|move: Protect\n|move|p2b: Calyrex|Psychic|p1a: Dragonite\n|-damage|p1a: Dragonite|22/100\n|-damage|p2b: Calyrex|91/100|[from] item: Life Orb\n|move|p1b: Zamazenta|Behemoth Bash|p2b: Calyrex\n|-damage|p2b: Calyrex|44/100\n|\n|-weather|SunnyDay|[upkeep]\n|upkeep\n|turn|3\n|\n|t:|1775941030\n|switch|p2a: Chi-Yu|Chi-Yu, L50|100/100\n|-ability|p2a: Chi-Yu|Beads of Ruin\n|move|p1b: Zamazenta|Protect|p1b: Zamazenta\n|-singleturn|p1b: Zamazenta|Protect\n|move|p1a: Dragonite|Extreme Speed|p2a: Chi-Yu\n|-enditem|p2a: Chi-Yu|Focus Sash\n|-damage|p2a: Chi-Yu|1/100\n|move|p2b: Calyrex|Psychic|p1a: Dragonite\n|-damage|p1a: Dragonite|0 fnt\n|faint|p1a: Dragonite\n|-ability|p2b: Calyrex|Grim Neigh|boost\n|-boost|p2b: Calyrex|spa|1\n|-damage|p2b: Calyrex|35/100|[from] item: Life Orb\n|\n|-weather|SunnyDay|[upkeep]\n|upkeep\n|\n|t:|1775941045\n|switch|p1a: Calyrex|Calyrex-Shadow, L50|100/100\n|-ability|p1a: Calyrex|As One\n|-ability|p1a: Calyrex|Unnerve\n|turn|4\n|\n|t:|1775941058\n|move|p1b: Zamazenta|Wide Guard|p1b: Zamazenta\n|-singleturn|p1b: Zamazenta|Wide Guard\n|move|p1a: Calyrex|Astral Barrage|p2a: Chi-Yu|[spread] p2a,p2b\n|-resisted|p2a: Chi-Yu\n|-crit|p2a: Chi-Yu\n|-supereffective|p2b: Calyrex\n|-damage|p2a: Chi-Yu|0 fnt\n|-damage|p2b: Calyrex|0 fnt\n|faint|p2a: Chi-Yu\n|faint|p2b: Calyrex\n|-ability|p1a: Calyrex|Grim Neigh|boost\n|-boost|p1a: Calyrex|spa|2\n|\n|-weather|SunnyDay|[upkeep]\n|upkeep\n|\n|t:|1775941064\n|switch|p2b: Koraidon|Koraidon, L50, tera:Fire|11/100\n|-activate|p2b: Koraidon|ability: Orichalcum Pulse\n|turn|5\n|c|\u2606chaostemprature|gg\n|\n|t:|1775941074\n|move|p1a: Calyrex|Psychic|p2b: Koraidon\n|-damage|p2b: Koraidon|0 fnt\n|faint|p2b: Koraidon\n|\n|win|chaostemprature\n|raw|chaostemprature's rating: 1393 &rarr; <strong>1411</strong><br />(+18 for winning)\n|raw|Harry Koekenpan's rating: 1355 &rarr; <strong>1337</strong><br />(-18 for losing)\n|l|\u2606Harry Koekenpan\n|player|p2|\n|l|\u2606chaostemprature\n|player|p1|\n","uploadtime":1775941323,"views":14,"formatid":"gen9vgc2026regi","rating":1337,"private":0,"password":null}