{"id":"gen9vgc2026regi-2553279133","format":"[Gen 9] VGC 2026 Reg I","players":["bbqsus","pzyxhic"],"log":"|j|\u2606bbqsus\n|j|\u2606pzyxhic\n|t:|1772816552\n|gametype|doubles\n|player|p1|bbqsus|brycenman|1405\n|player|p2|pzyxhic|1|1410\n|gen|9\n|tier|[Gen 9] VGC 2026 Reg I\n|rated|\n|rule|Species Clause: Limit one of each Pok\u00e9mon\n|rule|Item Clause: Limit 1 of each item\n|clearpoke\n|poke|p1|Calyrex-Shadow, L50|\n|poke|p1|Smeargle, L50, F|\n|poke|p1|Torkoal, L50, M|\n|poke|p1|Flamigo, L50, F|\n|poke|p1|Dialga-Origin, L50|\n|poke|p1|Muk-Alola, L50, M|\n|poke|p2|Terapagos, L50, M|\n|poke|p2|Gothitelle, L50, F|\n|poke|p2|Urshifu-*, L50, F|\n|poke|p2|Incineroar, L50, F|\n|poke|p2|Calyrex-Shadow, L50|\n|poke|p2|Whimsicott, L50, F|\n|teampreview|4\n|inactive|Battle timer is ON: inactive players will automatically lose when time's up. (requested by bbqsus)\n|\n|t:|1772816578\n|teamsize|p1|4\n|teamsize|p2|4\n|start\n|switch|p1a: Smeargle|Smeargle, L50, F, shiny|100/100\n|switch|p1b: Calyrex|Calyrex-Shadow, L50|100/100\n|switch|p2a: Gothitelle|Gothitelle, L50, F|100/100\n|switch|p2b: Whimsicott|Whimsicott, L50, F|100/100\n|-ability|p1b: Calyrex|As One\n|-ability|p1b: Calyrex|Unnerve\n|turn|1\n|\n|t:|1772816594\n|move|p2a: Gothitelle|Protect|p2a: Gothitelle\n|-singleturn|p2a: Gothitelle|Protect\n|move|p2b: Whimsicott|Tailwind|p2b: Whimsicott\n|-sidestart|p2: pzyxhic|move: Tailwind\n|move|p1b: Calyrex|Astral Barrage|p2b: Whimsicott|[spread] p2b\n|-activate|p2a: Gothitelle|move: Protect\n|-damage|p2b: Whimsicott|36/100\n|move|p1a: Smeargle|Spore|p2a: Gothitelle\n|-activate|p2a: Gothitelle|move: Protect\n|\n|-ability|p1a: Smeargle|Moody|boost\n|-boost|p1a: Smeargle|def|2\n|-unboost|p1a: Smeargle|spe|1\n|upkeep\n|turn|2\n|inactive|pzyxhic has 30 seconds left.\n|inactive|pzyxhic has 20 seconds left.\n|\n|t:|1772816631\n|switch|p2a: Terapagos|Terapagos, L50, M|100/100\n|-activate|p2a: Terapagos|ability: Tera Shift\n|detailschange|p2a: Terapagos|Terapagos-Terastal, L50, M\n|-heal|p2a: Terapagos|100/100|[silent]\n|move|p2b: Whimsicott|Moonblast|p1b: Calyrex\n|-damage|p1b: Calyrex|72/100\n|move|p1b: Calyrex|Astral Barrage|p2b: Whimsicott|[spread] p2b\n|-immune|p2a: Terapagos\n|-damage|p2b: Whimsicott|0 fnt\n|faint|p2b: Whimsicott\n|-ability|p1b: Calyrex|Grim Neigh|boost\n|-boost|p1b: Calyrex|spa|1\n|move|p1a: Smeargle|Spore|p2a: Terapagos\n|-status|p2a: Terapagos|slp|[from] move: Spore\n|\n|-ability|p1a: Smeargle|Moody|boost\n|-boost|p1a: Smeargle|spa|2\n|-unboost|p1a: Smeargle|spd|1\n|upkeep\n|\n|t:|1772816653\n|switch|p2b: Calyrex|Calyrex-Shadow, L50|100/100\n|-ability|p2b: Calyrex|As One\n|-ability|p2b: Calyrex|Unnerve\n|turn|3\n|\n|t:|1772816665\n|-terastallize|p1b: Calyrex|Fairy\n|move|p2b: Calyrex|Protect|p2b: Calyrex\n|-singleturn|p2b: Calyrex|Protect\n|cant|p2a: Terapagos|slp\n|move|p1b: Calyrex|Draining Kiss|p2a: Terapagos\n|-activate|p2a: Terapagos|ability: Tera Shell\n|-resisted|p2a: Terapagos\n|-damage|p2a: Terapagos|75/100 slp\n|-heal|p1b: Calyrex|91/100|[from] drain|[of] p2a: Terapagos\n|move|p1a: Smeargle|Spore|p2b: Calyrex\n|-activate|p2b: Calyrex|move: Protect\n|\n|-ability|p1a: Smeargle|Moody|boost\n|-boost|p1a: Smeargle|spd|2\n|-unboost|p1a: Smeargle|spa|1\n|upkeep\n|turn|4\n|inactive|pzyxhic has 30 seconds left.\n|inactive|pzyxhic has 20 seconds left.\n|\n|t:|1772816703\n|move|p1b: Calyrex|Protect|p1b: Calyrex\n|-singleturn|p1b: Calyrex|Protect\n|move|p2b: Calyrex|Encore|p1b: Calyrex\n|-activate|p1b: Calyrex|move: Protect\n|cant|p2a: Terapagos|slp\n|move|p1a: Smeargle|Spore|p2b: Calyrex\n|-status|p2b: Calyrex|slp|[from] move: Spore\n|\n|-sideend|p2: pzyxhic|move: Tailwind\n|-ability|p1a: Smeargle|Moody|boost\n|-boost|p1a: Smeargle|def|2\n|-unboost|p1a: Smeargle|atk|1\n|upkeep\n|turn|5\n|\n|t:|1772816724\n|-terastallize|p2a: Terapagos|Stellar\n|detailschange|p2a: Terapagos|Terapagos-Stellar, L50, M, tera:Stellar\n|-heal|p2a: Terapagos|82/100 slp|[silent]\n|cant|p2b: Calyrex|slp\n|move|p1b: Calyrex|Astral Barrage|p2a: Terapagos|[spread] p2b\n|-immune|p2a: Terapagos\n|-supereffective|p2b: Calyrex\n|-enditem|p2b: Calyrex|Focus Sash\n|-damage|p2b: Calyrex|1/100 slp\n|-curestatus|p2a: Terapagos|slp|[msg]\n|move|p2a: Terapagos|Tera Starstorm|p1a: Smeargle|[spread] p1a,p1b\n|-supereffective|p1b: Calyrex\n|-damage|p1a: Smeargle|18/100\n|-damage|p1b: Calyrex|0 fnt\n|faint|p1b: Calyrex\n|move|p1a: Smeargle|Salt Cure|p2a: Terapagos\n|-damage|p2a: Terapagos|80/100\n|-start|p2a: Terapagos|Salt Cure\n|\n|-damage|p2a: Terapagos|68/100|[from] Salt Cure\n|-ability|p1a: Smeargle|Moody|boost\n|-boost|p1a: Smeargle|spe|2\n|-unboost|p1a: Smeargle|spd|1\n|upkeep\n|\n|t:|1772816745\n|switch|p1b: Muk|Muk-Alola, L50, M, shiny|100/100\n|turn|6\n|\n|t:|1772816763\n|switch|p2a: Gothitelle|Gothitelle, L50, F|100/100\n|cant|p2b: Calyrex|slp\n|move|p1a: Smeargle|Spore|p2a: Gothitelle\n|-status|p2a: Gothitelle|slp|[from] move: Spore\n|move|p1b: Muk|Minimize|p1b: Muk\n|-boost|p1b: Muk|evasion|2\n|\n|-ability|p1a: Smeargle|Moody|boost\n|-boost|p1a: Smeargle|spe|2\n|-unboost|p1a: Smeargle|spa|1\n|upkeep\n|turn|7\n|\n|t:|1772816782\n|move|p1a: Smeargle|Salt Cure|p2b: Calyrex\n|-damage|p2b: Calyrex|0 fnt\n|faint|p2b: Calyrex\n|cant|p2a: Gothitelle|slp\n|move|p1b: Muk|Knock Off|p2a: Gothitelle\n|-supereffective|p2a: Gothitelle\n|-damage|p2a: Gothitelle|43/100 slp\n|-enditem|p2a: Gothitelle|Leftovers|[from] move: Knock Off|[of] p1b: Muk\n|\n|-ability|p1a: Smeargle|Moody|boost\n|-boost|p1a: Smeargle|spd|2\n|-unboost|p1a: Smeargle|def|1\n|upkeep\n|\n|t:|1772816787\n|switch|p2b: Terapagos|Terapagos-Stellar, L50, M, tera:Stellar|68/100\n|turn|8\n|\n|t:|1772816795\n|move|p1a: Smeargle|Spore|p2b: Terapagos\n|-status|p2b: Terapagos|slp|[from] move: Spore\n|cant|p2b: Terapagos|slp\n|-curestatus|p2a: Gothitelle|slp|[msg]\n|move|p2a: Gothitelle|Thunder Wave|p1a: Smeargle|[miss]\n|-miss|p2a: Gothitelle|p1a: Smeargle\n|move|p1b: Muk|Knock Off|p2b: Terapagos\n|-damage|p2b: Terapagos|46/100 slp\n|-enditem|p2b: Terapagos|Choice Specs|[from] move: Knock Off|[of] p1b: Muk\n|\n|-ability|p1a: Smeargle|Moody|boost\n|-boost|p1a: Smeargle|def|2\n|-unboost|p1a: Smeargle|spa|1\n|upkeep\n|turn|9\n|\n|t:|1772816808\n|move|p1a: Smeargle|Spore|p2a: Gothitelle\n|-status|p2a: Gothitelle|slp|[from] move: Spore\n|-curestatus|p2b: Terapagos|slp|[msg]\n|move|p2b: Terapagos|Tera Starstorm|p1b: Muk|[spread] p1a,p1b\n|-damage|p1a: Smeargle|0 fnt\n|-damage|p1b: Muk|77/100\n|faint|p1a: Smeargle\n|-ability|p1b: Muk|Moody|Power of Alchemy|[from] ability: Power of Alchemy|[of] p1a: Smeargle\n|cant|p2a: Gothitelle|slp\n|move|p1b: Muk|Minimize|p1b: Muk\n|-boost|p1b: Muk|evasion|2\n|\n|-heal|p1b: Muk|83/100|[from] item: Leftovers\n|-ability|p1b: Muk|Moody|boost\n|-boost|p1b: Muk|spa|2\n|-unboost|p1b: Muk|spd|1\n|upkeep\n|-message|pzyxhic forfeited.\n|\n|win|bbqsus\n|raw|bbqsus's rating: 1405 &rarr; <strong>1425</strong><br />(+20 for winning)\n|raw|pzyxhic's rating: 1410 &rarr; <strong>1390</strong><br />(-20 for losing)\n|l|\u2606bbqsus\n|player|p1|\n|l|\u2606pzyxhic\n|player|p2|\n","uploadtime":1772816964,"views":14,"formatid":"gen9vgc2026regi","rating":1390,"private":0,"password":null}