{"id":"gen9vgc2026regi-2587025763","format":"[Gen 9] VGC 2026 Reg I","players":["bishmii","amiknick"],"log":"|j|\u2606bishmii\n|j|\u2606amiknick\n|t:|1776482556\n|gametype|doubles\n|player|p1|bishmii|1|1431\n|player|p2|amiknick|170|1418\n|gen|9\n|tier|[Gen 9] VGC 2026 Reg I\n|rated|\n|rule|Species Clause: Limit one of each Pok\u00e9mon\n|rule|Item Clause: Limit 1 of each item\n|clearpoke\n|poke|p1|Whimsicott, L50, M|\n|poke|p1|Calyrex-Shadow, L50|\n|poke|p1|Miraidon, L50|\n|poke|p1|Iron Hands, L50|\n|poke|p1|Chi-Yu, L50|\n|poke|p1|Farigiraf, L50, F|\n|poke|p2|Calyrex-Shadow, L50|\n|poke|p2|Rillaboom, L50, F|\n|poke|p2|Volcarona, L50, F|\n|poke|p2|Koraidon, L50|\n|poke|p2|Regieleki, L50|\n|poke|p2|Incineroar, L50, M|\n|teampreview|4\n|inactive|Battle timer is ON: inactive players will automatically lose when time's up. (requested by bishmii)\n|inactive|amiknick has 60 seconds left.\n|c|\u2606bishmii|havent played this inna min\n|c|\u2606bishmii|glhf\n|inactive|amiknick has 30 seconds left.\n|inactive|amiknick has 20 seconds left.\n|inactive|amiknick has 15 seconds left.\n|inactive|amiknick has 10 seconds left.\n|inactive|amiknick has 5 seconds left.\n|\n|t:|1776482642\n|teamsize|p1|4\n|teamsize|p2|4\n|start\n|switch|p1a: Calyrex|Calyrex-Shadow, L50|100/100\n|switch|p1b: Miraidon|Miraidon, L50|100/100\n|switch|p2a: Calyrex|Calyrex-Shadow, L50|100/100\n|switch|p2b: Regieleki|Regieleki, L50|100/100\n|-ability|p1a: Calyrex|As One\n|-ability|p1a: Calyrex|Unnerve\n|-ability|p2a: Calyrex|As One\n|-ability|p2a: Calyrex|Unnerve\n|-fieldstart|move: Electric Terrain|[from] ability: Hadron Engine|[of] p1b: Miraidon\n|turn|1\n|\n|t:|1776482667\n|move|p1a: Calyrex|Protect|p1a: Calyrex\n|-singleturn|p1a: Calyrex|Protect\n|move|p2a: Calyrex|Protect|p2a: Calyrex\n|-singleturn|p2a: Calyrex|Protect\n|move|p2b: Regieleki|Electroweb|p1b: Miraidon|[spread] p1b\n|-activate|p1a: Calyrex|move: Protect\n|-resisted|p1b: Miraidon\n|-damage|p1b: Miraidon|93/100\n|-unboost|p1b: Miraidon|spe|1\n|move|p1b: Miraidon|Volt Switch|p2a: Calyrex\n|-activate|p2a: Calyrex|move: Protect\n|\n|upkeep\n|turn|2\n|\n|t:|1776482691\n|switch|p1a: Chi-Yu|Chi-Yu, L50|100/100\n|-ability|p1a: Chi-Yu|Beads of Ruin\n|switch|p1b: Farigiraf|Farigiraf, L50, F|100/100\n|-enditem|p1b: Farigiraf|Electric Seed\n|-boost|p1b: Farigiraf|def|1|[from] item: Electric Seed\n|move|p2b: Regieleki|Electroweb|p1a: Chi-Yu|[spread] p1a,p1b\n|-damage|p1a: Chi-Yu|64/100\n|-damage|p1b: Farigiraf|60/100\n|-unboost|p1a: Chi-Yu|spe|1\n|-unboost|p1b: Farigiraf|spe|1\n|move|p2a: Calyrex|Astral Barrage|p1b: Farigiraf|[spread] p1a\n|-immune|p1b: Farigiraf\n|-resisted|p1a: Chi-Yu\n|-damage|p1a: Chi-Yu|25/100\n|-damage|p2a: Calyrex|91/100|[from] item: Life Orb\n|\n|upkeep\n|turn|3\n|inactive|amiknick has 30 seconds left.\n|inactive|amiknick has 20 seconds left.\n|inactive|amiknick has 15 seconds left.\n|\n|t:|1776482733\n|-terastallize|p2b: Regieleki|Electric\n|move|p2b: Regieleki|Thunderbolt|p1b: Farigiraf\n|-damage|p1b: Farigiraf|0 fnt\n|faint|p1b: Farigiraf\n|move|p2a: Calyrex|Astral Barrage|p1a: Chi-Yu\n|-resisted|p1a: Chi-Yu\n|-crit|p1a: Chi-Yu\n|-damage|p1a: Chi-Yu|0 fnt\n|faint|p1a: Chi-Yu\n|-ability|p2a: Calyrex|Grim Neigh|boost\n|-boost|p2a: Calyrex|spa|1\n|-damage|p2a: Calyrex|81/100|[from] item: Life Orb\n|\n|upkeep\n|\n|t:|1776482742\n|switch|p1a: Calyrex|Calyrex-Shadow, L50|100/100\n|switch|p1b: Miraidon|Miraidon, L50|93/100\n|-ability|p1a: Calyrex|As One\n|-ability|p1a: Calyrex|Unnerve\n|-activate|p1b: Miraidon|ability: Hadron Engine\n|turn|4\n|\n|t:|1776482757\n|-terastallize|p1b: Miraidon|Fairy\n|move|p2a: Calyrex|Protect|p2a: Calyrex\n|-singleturn|p2a: Calyrex|Protect\n|move|p2b: Regieleki|Electroweb|p1a: Calyrex|[spread] p1a,p1b\n|-damage|p1a: Calyrex|57/100\n|-damage|p1b: Miraidon|59/100\n|-unboost|p1a: Calyrex|spe|1\n|-unboost|p1b: Miraidon|spe|1\n|move|p1a: Calyrex|Astral Barrage|p2b: Regieleki|[spread] p2b\n|-activate|p2a: Calyrex|move: Protect\n|-enditem|p2b: Regieleki|Focus Sash\n|-damage|p2b: Regieleki|1/100\n|move|p1b: Miraidon|Dazzling Gleam|p2a: Calyrex|[spread] p2b\n|-activate|p2a: Calyrex|move: Protect\n|-damage|p2b: Regieleki|0 fnt\n|faint|p2b: Regieleki\n|\n|upkeep\n|\n|t:|1776482775\n|switch|p2b: Koraidon|Koraidon, L50|100/100\n|-weather|SunnyDay|[from] ability: Orichalcum Pulse|[of] p2b: Koraidon\n|-activate|p2b: Koraidon|Orichalcum Pulse|[source]\n|turn|5\n|\n|t:|1776482784\n|move|p2a: Calyrex|Astral Barrage|p1b: Miraidon|[spread] p1a,p1b\n|-supereffective|p1a: Calyrex\n|-damage|p1a: Calyrex|0 fnt\n|-damage|p1b: Miraidon|0 fnt\n|faint|p1a: Calyrex\n|faint|p1b: Miraidon\n|-damage|p2a: Calyrex|72/100|[from] item: Life Orb\n|\n|win|amiknick\n|raw|bishmii's rating: 1431 &rarr; <strong>1410</strong><br />(-21 for losing)\n|raw|amiknick's rating: 1418 &rarr; <strong>1439</strong><br />(+21 for winning)\n|l|\u2606bishmii\n|player|p1|\n|l|\u2606amiknick\n|player|p2|\n","uploadtime":1776482942,"views":9,"formatid":"gen9vgc2026regi","rating":1410,"private":0,"password":null}