{"id":"gen9vgc2026regi-2540770591","format":"[Gen 9] VGC 2026 Reg I","players":["SnowmanHay","kojimuranishi"],"log":"|j|\u2606SnowmanHay\n|j|\u2606kojimuranishi\n|t:|1771252070\n|gametype|doubles\n|player|p1|SnowmanHay|roxie|1389\n|player|p2|kojimuranishi|102|1361\n|gen|9\n|tier|[Gen 9] VGC 2026 Reg I\n|rated|\n|rule|Species Clause: Limit one of each Pok\u00e9mon\n|rule|Item Clause: Limit 1 of each item\n|clearpoke\n|poke|p1|Raichu, L50, M|\n|poke|p1|Zapdos-Galar, L50|\n|poke|p1|Terapagos, L50, M|\n|poke|p1|Calyrex-Ice, L50|\n|poke|p1|Hitmontop, L50, M|\n|poke|p1|Farigiraf, L50, F|\n|poke|p2|Whimsicott, L50, M|\n|poke|p2|Calyrex-Ice, L50|\n|poke|p2|Miraidon, L50|\n|poke|p2|Chi-Yu, L50|\n|poke|p2|Landorus, L50, M|\n|poke|p2|Iron Hands, L50|\n|teampreview|4\n|inactive|Battle timer is ON: inactive players will automatically lose when time's up. (requested by kojimuranishi)\n|\n|t:|1771252103\n|teamsize|p1|4\n|teamsize|p2|4\n|start\n|switch|p1a: Calyrex|Calyrex-Ice, L50|100/100\n|switch|p1b: Raichu|Raichu, L50, M|100/100\n|switch|p2a: Whimsicott|Whimsicott, L50, M|100/100\n|switch|p2b: Chi-Yu|Chi-Yu, L50|100/100\n|-ability|p1a: Calyrex|As One\n|-ability|p1a: Calyrex|Unnerve\n|-ability|p2b: Chi-Yu|Beads of Ruin\n|turn|1\n|inactive|kojimuranishi has 30 seconds left.\n|inactive|kojimuranishi has 20 seconds left.\n|inactive|kojimuranishi has 15 seconds left.\n|inactive|kojimuranishi has 10 seconds left.\n|\n|t:|1771252149\n|switch|p2a: Calyrex|Calyrex-Ice, L50|100/100\n|-ability|p2a: Calyrex|As One\n|-ability|p2a: Calyrex|Unnerve\n|switch|p2b: Iron Hands|Iron Hands, L50|100/100\n|-terastallize|p1a: Calyrex|Fire\n|move|p1b: Raichu|Nuzzle|p2b: Iron Hands\n|-resisted|p2b: Iron Hands\n|-damage|p2b: Iron Hands|98/100\n|move|p1a: Calyrex|Glacial Lance|p2a: Calyrex|[spread] p2a,p2b\n|-resisted|p2a: Calyrex\n|-damage|p2a: Calyrex|81/100\n|-damage|p2b: Iron Hands|54/100\n|\n|upkeep\n|turn|2\n|\n|t:|1771252172\n|move|p2b: Iron Hands|Fake Out|p1a: Calyrex\n|-damage|p1a: Calyrex|90/100\n|move|p1b: Raichu|Nuzzle|p2a: Calyrex\n|-damage|p2a: Calyrex|75/100\n|-status|p2a: Calyrex|par\n|move|p2a: Calyrex|Glacial Lance|p1a: Calyrex|[spread] p1a,p1b\n|-resisted|p1a: Calyrex\n|-damage|p1a: Calyrex|64/100\n|-damage|p1b: Raichu|5/100\n|cant|p1a: Calyrex|flinch\n|\n|upkeep\n|turn|3\n|inactive|kojimuranishi has 30 seconds left.\n|\n|t:|1771252203\n|move|p1b: Raichu|Endeavor|p2a: Calyrex\n|-damage|p2a: Calyrex|5/100 par\n|cant|p2a: Calyrex|par\n|move|p1a: Calyrex|Glacial Lance|p2b: Iron Hands|[spread] p2a,p2b\n|-resisted|p2a: Calyrex\n|-damage|p2a: Calyrex|0 fnt\n|-damage|p2b: Iron Hands|9/100\n|faint|p2a: Calyrex\n|-ability|p1a: Calyrex|Chilling Neigh|boost\n|-boost|p1a: Calyrex|atk|1\n|move|p2b: Iron Hands|Low Kick|p1b: Raichu\n|-damage|p1b: Raichu|0 fnt\n|faint|p1b: Raichu\n|\n|upkeep\n|\n|t:|1771252221\n|switch|p1b: Zapdos|Zapdos-Galar, L50|100/100\n|switch|p2a: Chi-Yu|Chi-Yu, L50|100/100\n|-ability|p2a: Chi-Yu|Beads of Ruin\n|turn|4\n|\n|t:|1771252238\n|-terastallize|p2a: Chi-Yu|Ground\n|move|p1b: Zapdos|Close Combat|p2a: Chi-Yu\n|-damage|p2a: Chi-Yu|4/100\n|-unboost|p1b: Zapdos|def|1\n|-unboost|p1b: Zapdos|spd|1\n|move|p2a: Chi-Yu|Dark Pulse|p1a: Calyrex\n|-damage|p1a: Calyrex|3/100\n|move|p2b: Iron Hands|Wild Charge|p1b: Zapdos\n|-supereffective|p1b: Zapdos\n|-damage|p1b: Zapdos|0 fnt\n|faint|p1b: Zapdos\n|-damage|p2b: Iron Hands|0 fnt|[from] Recoil\n|faint|p2b: Iron Hands\n|-end|p2b: Iron Hands|Quark Drive|[silent]\n|cant|p1a: Calyrex|flinch\n|\n|upkeep\n|\n|t:|1771252256\n|switch|p1b: Terapagos|Terapagos, L50, M|100/100\n|switch|p2b: Whimsicott|Whimsicott, L50, M|100/100\n|-activate|p1b: Terapagos|ability: Tera Shift\n|detailschange|p1b: Terapagos|Terapagos-Terastal, L50, M\n|-heal|p1b: Terapagos|100/100|[silent]\n|turn|5\n|\n|t:|1771252268\n|move|p2b: Whimsicott|Moonblast|p1b: Terapagos\n|-activate|p1b: Terapagos|ability: Tera Shell\n|-resisted|p1b: Terapagos\n|-damage|p1b: Terapagos|80/100\n|move|p2a: Chi-Yu|Dark Pulse|p1b: Terapagos\n|-damage|p1b: Terapagos|7/100\n|move|p1b: Terapagos|Tera Starstorm|p2a: Chi-Yu\n|-damage|p2a: Chi-Yu|0 fnt\n|faint|p2a: Chi-Yu\n|move|p1a: Calyrex|Glacial Lance|p2b: Whimsicott\n|-supereffective|p2b: Whimsicott\n|-enditem|p2b: Whimsicott|Focus Sash\n|-damage|p2b: Whimsicott|1/100\n|\n|-heal|p1b: Terapagos|13/100|[from] item: Leftovers\n|upkeep\n|turn|6\n|\n|t:|1771252288\n|move|p2b: Whimsicott|Moonblast|p1a: Calyrex\n|-resisted|p1a: Calyrex\n|-damage|p1a: Calyrex|0 fnt\n|faint|p1a: Calyrex\n|move|p1b: Terapagos|Tera Starstorm|p2b: Whimsicott\n|-damage|p2b: Whimsicott|0 fnt\n|faint|p2b: Whimsicott\n|\n|win|SnowmanHay\n|raw|SnowmanHay's rating: 1373 &rarr; <strong>1392</strong><br />(+19 for winning)\n|raw|kojimuranishi's rating: 1361 &rarr; <strong>1342</strong><br />(-19 for losing)\n|l|\u2606SnowmanHay\n|player|p1|\n|l|\u2606kojimuranishi\n|player|p2|\n","uploadtime":1771252438,"views":34,"formatid":"gen9vgc2026regi","rating":1342,"private":0,"password":null}