{"id":"gen9vgc2026regi-2570843602","format":"[Gen 9] VGC 2026 Reg I","players":["Billlmads","untamedshane"],"log":"|j|\u2606Billlmads\n|j|\u2606untamedshane\n|t:|1774857980\n|gametype|doubles\n|player|p1|Billlmads|red|\n|player|p2|untamedshane|swimmer-gen4|\n|gen|9\n|tier|[Gen 9] VGC 2026 Reg I\n|rated|Tournament battle\n|rule|Species Clause: Limit one of each Pok\u00e9mon\n|rule|Item Clause: Limit 1 of each item\n|raw|<div class=\"infobox\"><details class=\"readmore\" open><summary><strong>3 custom rules:</strong></summary> Open Team Sheets, Force Open Team Sheets, !Open Team Sheets</details></div>\n|clearpoke\n|poke|p1|Koraidon, L50|\n|poke|p1|Incineroar, L50, M|\n|poke|p1|Iron Hands, L50|\n|poke|p1|Lunala, L50|\n|poke|p1|Landorus, L50, M|\n|poke|p1|Jumpluff, L50, F|\n|poke|p2|Miraidon, L50|\n|poke|p2|Bruxish, L50, F|\n|poke|p2|Calyrex-Ice, L50|\n|poke|p2|Ursaluna-Bloodmoon, L50, M|\n|poke|p2|Incineroar, L50, M|\n|poke|p2|Sableye, L50, F|\n|teampreview|4\n|showteam|p1|Koraidon||ClearAmulet|OrichalcumPulse|FlareBlitz,LowKick,FlameCharge,Protect||||||50|,,,,,Fire]Incineroar||SafetyGoggles|Intimidate|FakeOut,KnockOff,Taunt,Uturn|||M|||50|,,,,,Water]Iron Hands||AssaultVest|QuarkDrive|WildCharge,DrainPunch,LowKick,FakeOut||||||50|,,,,,Water]Lunala||KasibBerry|ShadowShield|MoongeistBeam,Moonblast,TrickRoom,WideGuard||||||50|,,,,,Fairy]Landorus||LifeOrb|SheerForce|EarthPower,SludgeBomb,SandsearStorm,Protect|||M|||50|,,,,,Water]Jumpluff||CovertCloak|Chlorophyll|SleepPowder,Tailwind,PollenPuff,Encore|||F|||50|,,,,,Water\n|showteam|p2|Miraidon||LifeOrb|HadronEngine|ElectroDrift,ParabolicCharge,DazzlingGleam,Protect||||||50|,,,,,Fairy]Bruxish||IronBall|Dazzling|AquaJet,TrickRoom,SuperFang,FlipTurn|||F|||50|,,,,,Grass]Calyrex-Ice||ClearAmulet|AsOneGlastrier|GlacialLance,Protect,TrickRoom,HighHorsepower||||||50|,,,,,Water]Ursaluna-Bloodmoon||AssaultVest|MindsEye|EarthPower,BloodMoon,TeraBlast,VacuumWave|||M|||50|,,,,,Ghost]Incineroar||WeaknessPolicy|Intimidate|FakeOut,FlareBlitz,KnockOff,CloseCombat|||M|||50|,,,,,Stellar]Sableye||FocusSash|Prankster|Feint,Quash,HelpingHand,PainSplit|||F|||50|,,,,,Ground\n|j| knoxxzeta\n|j| missouri mott\n|j| VaatiMan92\n|c|\u2606untamedshane|glhf\n|j| Rainpelt103\n|c|\u2606Billlmads|glhf\n|j| AlbannachVGC\n|\n|t:|1774858035\n|teamsize|p1|4\n|teamsize|p2|4\n|start\n|switch|p1a: Koraidon|Koraidon, L50, shiny|100/100\n|switch|p1b: Iron Hands|Iron Hands, L50|100/100\n|switch|p2a: Pumpkin|Incineroar, L50, M|100/100\n|switch|p2b: Shaheshe|Bruxish, L50, F|100/100\n|-weather|SunnyDay|[from] ability: Orichalcum Pulse|[of] p1a: Koraidon\n|-activate|p1a: Koraidon|Orichalcum Pulse|[source]\n|-ability|p2a: Pumpkin|Intimidate|boost\n|-fail|p1a: Koraidon|unboost|[from] item: Clear Amulet|[of] p1a: Koraidon\n|-unboost|p1b: Iron Hands|atk|1\n|turn|1\n|j| Lolomunrox\n|l| Lolomunrox\n|\n|t:|1774858062\n|move|p2a: Pumpkin|Fake Out|p1b: Iron Hands\n|-damage|p1b: Iron Hands|90/100\n|move|p1a: Koraidon|Low Kick|p2a: Pumpkin\n|-supereffective|p2a: Pumpkin\n|-damage|p2a: Pumpkin|0 fnt\n|faint|p2a: Pumpkin\n|cant|p1b: Iron Hands|flinch\n|move|p2b: Shaheshe|Trick Room|p2b: Shaheshe\n|-fieldstart|move: Trick Room|[of] p2b: Shaheshe\n|\n|-weather|SunnyDay|[upkeep]\n|upkeep\n|\n|t:|1774858074\n|switch|p2a: Berrt|Calyrex-Ice, L50|100/100\n|-ability|p2a: Berrt|As One\n|-ability|p2a: Berrt|Unnerve\n|turn|2\n|\n|t:|1774858097\n|-terastallize|p2a: Berrt|Water\n|-terastallize|p1b: Iron Hands|Water\n|move|p2b: Shaheshe|Super Fang|p1b: Iron Hands\n|-damage|p1b: Iron Hands|45/100\n|move|p2a: Berrt|Glacial Lance|p1b: Iron Hands|[spread] p1a,p1b\n|-supereffective|p1a: Koraidon\n|-resisted|p1b: Iron Hands\n|-damage|p1a: Koraidon|5/100\n|-damage|p1b: Iron Hands|23/100\n|move|p1b: Iron Hands|Low Kick|p2a: Berrt\n|-damage|p2a: Berrt|68/100\n|move|p1a: Koraidon|Flare Blitz|p2a: Berrt\n|-resisted|p2a: Berrt\n|-damage|p2a: Berrt|39/100\n|-damage|p1a: Koraidon|0 fnt|[from] Recoil\n|faint|p1a: Koraidon\n|\n|-weather|SunnyDay|[upkeep]\n|upkeep\n|\n|t:|1774858112\n|switch|p1a: Lunala|Lunala, L50|100/100\n|turn|3\n|\n|t:|1774858136\n|switch|p2b: Pink guy|Sableye, L50, F|100/100\n|-end|p1b: Iron Hands|Quark Drive|[silent]\n|switch|p1b: Landorus|Landorus, L50, M|100/100\n|move|p2a: Berrt|Protect|p2a: Berrt\n|-singleturn|p2a: Berrt|Protect\n|move|p1a: Lunala|Moongeist Beam|p2a: Berrt\n|-activate|p2a: Berrt|move: Protect\n|\n|-weather|SunnyDay|[upkeep]\n|upkeep\n|turn|4\n|\n|t:|1774858152\n|move|p1a: Lunala|Wide Guard|p1a: Lunala\n|-singleturn|p1a: Lunala|Wide Guard\n|move|p2b: Pink guy|Feint|p1b: Landorus\n|-activate|p1b: Landorus|move: Feint\n|-damage|p1b: Landorus|94/100\n|move|p2a: Berrt|Glacial Lance|p1b: Landorus|[spread] p1a,p1b\n|-supereffective|p1b: Landorus\n|-damage|p1a: Lunala|78/100\n|-damage|p1b: Landorus|0 fnt\n|faint|p1b: Landorus\n|-ability|p2a: Berrt|Chilling Neigh|boost\n|-boost|p2a: Berrt|atk|1\n|\n|-weather|SunnyDay|[upkeep]\n|upkeep\n|j| mynamegrassgreen\n|\n|t:|1774858158\n|switch|p1b: Iron Hands|Iron Hands, L50, tera:Water|23/100\n|turn|5\n|\n|t:|1774858183\n|switch|p2b: Shaheshe|Bruxish, L50, F|100/100\n|move|p2a: Berrt|Glacial Lance|p1a: Lunala|[spread] p1a,p1b\n|-resisted|p1b: Iron Hands\n|-damage|p1a: Lunala|8/100\n|-damage|p1b: Iron Hands|0 fnt\n|faint|p1b: Iron Hands\n|-end|p1b: Iron Hands|Quark Drive|[silent]\n|-ability|p2a: Berrt|Chilling Neigh|boost\n|-boost|p2a: Berrt|atk|1\n|move|p1a: Lunala|Moonblast|p2b: Shaheshe\n|-damage|p2b: Shaheshe|62/100\n|\n|-weather|none\n|-fieldend|move: Trick Room\n|upkeep\n|turn|6\n|-message|Billlmads forfeited.\n|\n|win|untamedshane\n|n|\u2606Billlmads|billlmads\n|n|\u2606untamedshane|untamedshane\n|n| knoxxzeta|knoxxzeta\n|n| missouri mott|missourimott\n|n| VaatiMan92|vaatiman92\n|n| Rainpelt103|rainpelt103\n|n| AlbannachVGC|albannachvgc\n|n| mynamegrassgreen|mynamegrassgreen\n","uploadtime":1774858190,"views":10,"formatid":"gen9vgc2026regi","rating":null,"private":0,"password":null}