{"id":"gen9vgc2026regi-2560319852","format":"[Gen 9] VGC 2026 Reg I","players":["testhan92","LuMeng1313"],"log":"|j|\u2606testhan92\n|j|\u2606LuMeng1313\n|t:|1773676942\n|gametype|doubles\n|player|p1|testhan92|170|1220\n|player|p2|LuMeng1313|dawn-gen4pt|1245\n|gen|9\n|tier|[Gen 9] VGC 2026 Reg I\n|rated|\n|rule|Species Clause: Limit one of each Pok\u00e9mon\n|rule|Item Clause: Limit 1 of each item\n|clearpoke\n|poke|p1|Calyrex-Shadow, L50|\n|poke|p1|Koraidon, L50|\n|poke|p1|Ogerpon-Hearthflame, L50, F|\n|poke|p1|Raging Bolt, L50|\n|poke|p1|Rillaboom, L50, F|\n|poke|p1|Incineroar, L50, M|\n|poke|p2|Zacian-*, L50|\n|poke|p2|Kyogre, L50|\n|poke|p2|Incineroar, L50, M|\n|poke|p2|Tornadus, L50, M|\n|poke|p2|Landorus, L50, M|\n|poke|p2|Raging Bolt, L50|\n|teampreview|4\n|j| Vs630\n|l| Vs630\n|inactive|Battle timer is ON: inactive players will automatically lose when time's up. (requested by LuMeng1313)\n|inactive|testhan92 has 60 seconds left.\n|\n|t:|1773677014\n|teamsize|p1|4\n|teamsize|p2|4\n|start\n|switch|p1a: Incineroar|Incineroar, L50, M|100/100\n|switch|p1b: Calyrex|Calyrex-Shadow, L50|100/100\n|switch|p2a: Kyogre|Kyogre, L50|100/100\n|switch|p2b: Incineroar|Incineroar, L50, M|100/100\n|-ability|p1b: Calyrex|As One\n|-ability|p1b: Calyrex|Unnerve\n|-weather|RainDance|[from] ability: Drizzle|[of] p2a: Kyogre\n|-ability|p2b: Incineroar|Intimidate|boost\n|-unboost|p1a: Incineroar|atk|1\n|-unboost|p1b: Calyrex|atk|1\n|-ability|p1a: Incineroar|Intimidate|boost\n|-unboost|p2a: Kyogre|atk|1\n|-unboost|p2b: Incineroar|atk|1\n|turn|1\n|\n|t:|1773677034\n|switch|p1b: Koraidon|Koraidon, L50|100/100\n|-weather|SunnyDay|[from] ability: Orichalcum Pulse|[of] p1b: Koraidon\n|-activate|p1b: Koraidon|Orichalcum Pulse|[source]\n|move|p1a: Incineroar|Fake Out|p2b: Incineroar\n|-damage|p2b: Incineroar|96/100\n|-damage|p1a: Incineroar|84/100|[from] item: Rocky Helmet|[of] p2b: Incineroar\n|move|p2a: Kyogre|Water Spout|p1a: Incineroar|[spread] p1a,p1b\n|-supereffective|p1a: Incineroar\n|-resisted|p1b: Koraidon\n|-damage|p1a: Incineroar|19/100\n|-damage|p1b: Koraidon|86/100\n|cant|p2b: Incineroar|flinch\n|\n|-weather|SunnyDay|[upkeep]\n|upkeep\n|turn|2\n|inactive|LuMeng1313 has 30 seconds left.\n|\n|t:|1773677062\n|switch|p1a: Rillaboom|Rillaboom, L50, F|100/100\n|-fieldstart|move: Grassy Terrain|[from] ability: Grassy Surge|[of] p1a: Rillaboom\n|move|p1b: Koraidon|Collision Course|p2b: Incineroar\n|-supereffective|p2b: Incineroar\n|-damage|p2b: Incineroar|0 fnt\n|-damage|p1b: Koraidon|69/100|[from] item: Rocky Helmet|[of] p2b: Incineroar\n|faint|p2b: Incineroar\n|move|p2a: Kyogre|Ice Beam|p1b: Koraidon\n|-supereffective|p1b: Koraidon\n|-damage|p1b: Koraidon|3/100\n|\n|-weather|SunnyDay|[upkeep]\n|-heal|p1b: Koraidon|9/100|[from] Grassy Terrain\n|upkeep\n|\n|t:|1773677078\n|switch|p2b: Tornadus|Tornadus, L50, M|100/100\n|turn|3\n|inactive|testhan92 has 30 seconds left.\n|inactive|LuMeng1313 has 30 seconds left.\n|\n|t:|1773677109\n|-terastallize|p2a: Kyogre|Grass\n|move|p2b: Tornadus|Tailwind|p2b: Tornadus\n|-sidestart|p2: LuMeng1313|move: Tailwind\n|move|p1a: Rillaboom|Grassy Glide|p2a: Kyogre\n|-resisted|p2a: Kyogre\n|-damage|p2a: Kyogre|85/100\n|move|p2a: Kyogre|Water Spout|p1a: Rillaboom|[spread] p1a,p1b\n|-resisted|p1a: Rillaboom\n|-crit|p1a: Rillaboom\n|-resisted|p1b: Koraidon\n|-damage|p1a: Rillaboom|86/100\n|-damage|p1b: Koraidon|0 fnt\n|faint|p1b: Koraidon\n|\n|-weather|SunnyDay|[upkeep]\n|-heal|p2a: Kyogre|90/100|[from] Grassy Terrain\n|-heal|p1a: Rillaboom|92/100|[from] Grassy Terrain\n|upkeep\n|\n|t:|1773677119\n|switch|p1b: Calyrex|Calyrex-Shadow, L50|100/100\n|-ability|p1b: Calyrex|As One\n|-ability|p1b: Calyrex|Unnerve\n|turn|4\n|\n|t:|1773677135\n|-terastallize|p1a: Rillaboom|Water\n|move|p1b: Calyrex|Protect|p1b: Calyrex\n|-singleturn|p1b: Calyrex|Protect\n|move|p2b: Tornadus|Rain Dance|p2b: Tornadus\n|-weather|RainDance\n|move|p2a: Kyogre|Water Spout|p1b: Calyrex|[spread] p1a\n|-activate|p1b: Calyrex|move: Protect\n|-resisted|p1a: Rillaboom\n|-damage|p1a: Rillaboom|60/100\n|move|p1a: Rillaboom|U-turn|p2a: Kyogre\n|-supereffective|p2a: Kyogre\n|-damage|p2a: Kyogre|46/100\n|\n|t:|1773677145\n|switch|p1a: Incineroar|Incineroar, L50, M|19/100|[from] U-turn\n|-ability|p1a: Incineroar|Intimidate|boost\n|-unboost|p2a: Kyogre|atk|1\n|-unboost|p2b: Tornadus|atk|1\n|\n|-weather|RainDance|[upkeep]\n|-heal|p2a: Kyogre|52/100|[from] Grassy Terrain\n|-heal|p1a: Incineroar|25/100|[from] Grassy Terrain\n|upkeep\n|turn|5\n|\n|t:|1773677166\n|move|p1a: Incineroar|Fake Out|p2b: Tornadus\n|-damage|p2b: Tornadus|84/100\n|cant|p2b: Tornadus|flinch\n|move|p1b: Calyrex|Astral Barrage|p2a: Kyogre|[spread] p2a,p2b\n|-damage|p2a: Kyogre|25/100\n|-damage|p2b: Tornadus|10/100\n|move|p2a: Kyogre|Origin Pulse|p1b: Calyrex|[spread] p1a\n|-miss|p2a: Kyogre|p1b: Calyrex\n|-supereffective|p1a: Incineroar\n|-damage|p1a: Incineroar|0 fnt\n|faint|p1a: Incineroar\n|\n|-weather|RainDance|[upkeep]\n|-heal|p2a: Kyogre|31/100|[from] Grassy Terrain\n|upkeep\n|\n|t:|1773677177\n|switch|p1a: Rillaboom|Rillaboom, L50, F, tera:Water|60/100\n|turn|6\n|\n|t:|1773677192\n|move|p2b: Tornadus|Protect|p2b: Tornadus\n|-singleturn|p2b: Tornadus|Protect\n|move|p1a: Rillaboom|Fake Out|p2b: Tornadus\n|-activate|p2b: Tornadus|move: Protect\n|move|p1b: Calyrex|Astral Barrage|p2a: Kyogre|[spread] p2a\n|-activate|p2b: Tornadus|move: Protect\n|-damage|p2a: Kyogre|8/100\n|move|p2a: Kyogre|Thunder|p1a: Rillaboom\n|-supereffective|p1a: Rillaboom\n|-damage|p1a: Rillaboom|1/100\n|-status|p1a: Rillaboom|par\n|\n|-weather|RainDance|[upkeep]\n|-heal|p2a: Kyogre|14/100|[from] Grassy Terrain\n|-heal|p1a: Rillaboom|7/100 par|[from] Grassy Terrain\n|-sideend|p2: LuMeng1313|move: Tailwind\n|-fieldend|move: Grassy Terrain\n|upkeep\n|turn|7\n|inactive|LuMeng1313 has 30 seconds left.\n|\n|t:|1773677218\n|move|p2b: Tornadus|Tailwind|p2b: Tornadus\n|-sidestart|p2: LuMeng1313|move: Tailwind\n|move|p1b: Calyrex|Astral Barrage|p2a: Kyogre|[spread] p2a,p2b\n|-damage|p2a: Kyogre|0 fnt\n|-damage|p2b: Tornadus|0 fnt\n|faint|p2a: Kyogre\n|faint|p2b: Tornadus\n|-ability|p1b: Calyrex|Grim Neigh|boost\n|-boost|p1b: Calyrex|spa|2\n|cant|p1a: Rillaboom|par\n|\n|-weather|RainDance|[upkeep]\n|upkeep\n|\n|t:|1773677228\n|switch|p2b: Zacian|Zacian-Crowned, L50|100/100\n|-ability|p2b: Zacian|Intrepid Sword|boost\n|-boost|p2b: Zacian|atk|1\n|turn|8\n|\n|t:|1773677237\n|move|p1b: Calyrex|Protect|p1b: Calyrex\n|-singleturn|p1b: Calyrex|Protect\n|move|p2b: Zacian|Behemoth Blade|p1b: Calyrex\n|-activate|p1b: Calyrex|move: Protect\n|move|p1a: Rillaboom|Wood Hammer|p2b: Zacian\n|-resisted|p2b: Zacian\n|-damage|p2b: Zacian|76/100\n|-damage|p1a: Rillaboom|0 fnt|[from] Recoil\n|faint|p1a: Rillaboom\n|\n|-weather|none\n|upkeep\n|turn|9\n|\n|t:|1773677242\n|move|p2b: Zacian|Behemoth Blade|p1b: Calyrex\n|-enditem|p1b: Calyrex|Focus Sash\n|-damage|p1b: Calyrex|1/100\n|move|p1b: Calyrex|Astral Barrage|p2b: Zacian\n|-damage|p2b: Zacian|0 fnt\n|faint|p2b: Zacian\n|\n|win|testhan92\n|raw|testhan92's rating: 1220 &rarr; <strong>1247</strong><br />(+27 for winning)\n|raw|LuMeng1313's rating: 1245 &rarr; <strong>1218</strong><br />(-27 for losing)\n","uploadtime":1773677243,"views":12,"formatid":"gen9vgc2026regi","rating":1218,"private":0,"password":null}