{"id":"gen9vgc2026regi-2548733692","format":"[Gen 9] VGC 2026 Reg I","players":["lalo's pollos","Icious"],"log":"|j|\u2606lalo's pollos\n|j|\u2606Icious\n|t:|1772248967\n|gametype|doubles\n|player|p1|lalo's pollos|101|1612\n|player|p2|Icious|170|1449\n|gen|9\n|tier|[Gen 9] VGC 2026 Reg I\n|rated|\n|rule|Species Clause: Limit one of each Pok\u00e9mon\n|rule|Item Clause: Limit 1 of each item\n|clearpoke\n|poke|p1|Zamazenta-*, L50|\n|poke|p1|Lunala, L50|\n|poke|p1|Rillaboom, L50, M|\n|poke|p1|Incineroar, L50, F|\n|poke|p1|Urshifu-*, L50, F|\n|poke|p1|Tornadus, L50, M|\n|poke|p2|Amoonguss, L50, F|\n|poke|p2|Calyrex-Ice, L50|\n|poke|p2|Kyogre, L50|\n|poke|p2|Grimmsnarl, L50, M|\n|poke|p2|Flutter Mane, L50|\n|poke|p2|Basculegion, L50, M|\n|teampreview|4\n|\n|t:|1772248984\n|teamsize|p1|4\n|teamsize|p2|4\n|start\n|switch|p1a: Tornadus|Tornadus, L50, M|100/100\n|switch|p1b: Zamazenta|Zamazenta-Crowned, L50|100/100\n|switch|p2a: Calyrex|Calyrex-Ice, L50|100/100\n|switch|p2b: Grimmsnarl|Grimmsnarl, L50, M|100/100\n|-ability|p2a: Calyrex|As One\n|-ability|p2a: Calyrex|Unnerve\n|-ability|p1b: Zamazenta|Dauntless Shield|boost\n|-boost|p1b: Zamazenta|def|1\n|turn|1\n|inactive|Battle timer is ON: inactive players will automatically lose when time's up. (requested by Icious)\n|\n|t:|1772248995\n|-terastallize|p2a: Calyrex|Fairy\n|move|p1b: Zamazenta|Wide Guard|p1b: Zamazenta\n|-singleturn|p1b: Zamazenta|Wide Guard\n|move|p1a: Tornadus|Taunt|p2a: Calyrex\n|-start|p2a: Calyrex|move: Taunt\n|move|p2b: Grimmsnarl|Reflect|p2b: Grimmsnarl\n|-sidestart|p2: Icious|Reflect\n|cant|p2a: Calyrex|move: Taunt|Leech Seed\n|\n|upkeep\n|turn|2\n|\n|t:|1772249014\n|switch|p2b: Amoonguss|Amoonguss, L50, F|100/100\n|move|p1b: Zamazenta|Wide Guard|p1b: Zamazenta\n|-singleturn|p1b: Zamazenta|Wide Guard\n|move|p1a: Tornadus|Bleakwind Storm|p2b: Amoonguss|[spread] \n|-miss|p1a: Tornadus|p2a: Calyrex\n|-miss|p1a: Tornadus|p2b: Amoonguss\n|move|p2a: Calyrex|Glacial Lance|p1a: Tornadus|[spread] \n|-activate|p1a: Tornadus|move: Wide Guard\n|-activate|p1b: Zamazenta|move: Wide Guard\n|\n|upkeep\n|turn|3\n|\n|t:|1772249026\n|switch|p2a: Grimmsnarl|Grimmsnarl, L50, M|100/100\n|move|p1a: Tornadus|Bleakwind Storm|p2b: Amoonguss|[spread] p2a,p2b\n|-supereffective|p2b: Amoonguss\n|-damage|p2a: Grimmsnarl|66/100\n|-damage|p2b: Amoonguss|37/100\n|move|p1b: Zamazenta|Heavy Slam|p2b: Amoonguss\n|-damage|p2b: Amoonguss|10/100\n|-damage|p1b: Zamazenta|84/100|[from] item: Rocky Helmet|[of] p2b: Amoonguss\n|move|p2b: Amoonguss|Spore|p1b: Zamazenta\n|-status|p1b: Zamazenta|slp|[from] move: Spore\n|\n|upkeep\n|turn|4\n|\n|t:|1772249038\n|switch|p2b: Calyrex|Calyrex-Ice, L50, tera:Fairy|100/100\n|-ability|p2b: Calyrex|As One\n|-ability|p2b: Calyrex|Unnerve\n|move|p1a: Tornadus|Bleakwind Storm|p2a: Grimmsnarl|[spread] p2a,p2b\n|-damage|p2a: Grimmsnarl|30/100\n|-damage|p2b: Calyrex|79/100\n|cant|p1b: Zamazenta|slp\n|move|p2a: Grimmsnarl|Spirit Break|p1a: Tornadus\n|-damage|p1a: Tornadus|53/100\n|-unboost|p1a: Tornadus|spa|1\n|\n|-heal|p2b: Calyrex|85/100|[from] item: Leftovers\n|upkeep\n|turn|5\n|\n|t:|1772249057\n|cant|p1b: Zamazenta|slp\n|move|p1a: Tornadus|Taunt|p2b: Calyrex\n|-start|p2b: Calyrex|move: Taunt\n|move|p2a: Grimmsnarl|Sucker Punch||[still]\n|-fail|p2a: Grimmsnarl\n|cant|p2b: Calyrex|move: Taunt|Leech Seed\n|\n|-heal|p2b: Calyrex|90/100|[from] item: Leftovers\n|upkeep\n|turn|6\n|\n|t:|1772249070\n|switch|p1a: Urshifu|Urshifu-Rapid-Strike, L50, F|100/100\n|-curestatus|p1b: Zamazenta|slp|[msg]\n|move|p1b: Zamazenta|Heavy Slam|p2a: Grimmsnarl\n|-supereffective|p2a: Grimmsnarl\n|-damage|p2a: Grimmsnarl|0 fnt\n|faint|p2a: Grimmsnarl\n|move|p2b: Calyrex|Glacial Lance|p1a: Urshifu|[spread] p1a,p1b\n|-resisted|p1a: Urshifu\n|-crit|p1a: Urshifu\n|-resisted|p1b: Zamazenta\n|-damage|p1a: Urshifu|64/100\n|-damage|p1b: Zamazenta|74/100\n|\n|-heal|p2b: Calyrex|96/100|[from] item: Leftovers\n|upkeep\n|\n|t:|1772249077\n|switch|p2a: Amoonguss|Amoonguss, L50, F|43/100\n|turn|7\n|\n|t:|1772249091\n|move|p2a: Amoonguss|Rage Powder|p2a: Amoonguss\n|-singleturn|p2a: Amoonguss|move: Rage Powder\n|move|p1b: Zamazenta|Heavy Slam|p2a: Amoonguss\n|-damage|p2a: Amoonguss|15/100\n|-damage|p1b: Zamazenta|58/100|[from] item: Rocky Helmet|[of] p2a: Amoonguss\n|move|p1a: Urshifu|Surging Strikes|p2a: Amoonguss\n|-resisted|p2a: Amoonguss\n|-crit|p2a: Amoonguss\n|-damage|p2a: Amoonguss|3/100\n|-damage|p1a: Urshifu|47/100|[from] item: Rocky Helmet|[of] p2a: Amoonguss\n|-resisted|p2a: Amoonguss\n|-crit|p2a: Amoonguss\n|-damage|p2a: Amoonguss|0 fnt\n|-damage|p1a: Urshifu|31/100|[from] item: Rocky Helmet|[of] p2a: Amoonguss\n|faint|p2a: Amoonguss\n|-hitcount|p2: Amoonguss|2\n|move|p2b: Calyrex|Glacial Lance|p1a: Urshifu|[spread] p1a,p1b\n|-resisted|p1a: Urshifu\n|-resisted|p1b: Zamazenta\n|-damage|p1a: Urshifu|7/100\n|-damage|p1b: Zamazenta|49/100\n|\n|-heal|p2b: Calyrex|100/100|[from] item: Leftovers\n|-end|p2b: Calyrex|move: Taunt\n|upkeep\n|\n|t:|1772249098\n|switch|p2a: Kyogre|Kyogre, L50|100/100\n|-weather|RainDance|[from] ability: Drizzle|[of] p2a: Kyogre\n|turn|8\n|\n|t:|1772249112\n|move|p1b: Zamazenta|Protect|p1b: Zamazenta\n|-singleturn|p1b: Zamazenta|Protect\n|move|p2a: Kyogre|Protect|p2a: Kyogre\n|-singleturn|p2a: Kyogre|Protect\n|move|p1a: Urshifu|Surging Strikes|p2b: Calyrex\n|-crit|p2b: Calyrex\n|-damage|p2b: Calyrex|77/100\n|-crit|p2b: Calyrex\n|-damage|p2b: Calyrex|57/100\n|-crit|p2b: Calyrex\n|-damage|p2b: Calyrex|34/100\n|-hitcount|p2b: Calyrex|3\n|move|p2b: Calyrex|Leech Seed|p1b: Zamazenta\n|-activate|p1b: Zamazenta|move: Protect\n|\n|-weather|RainDance|[upkeep]\n|-heal|p2b: Calyrex|40/100|[from] item: Leftovers\n|-sideend|p2: Icious|Reflect\n|upkeep\n|turn|9\n|\n|t:|1772249127\n|move|p1b: Zamazenta|Body Press|p2a: Kyogre\n|-damage|p2a: Kyogre|25/100\n|move|p1a: Urshifu|Surging Strikes|p2b: Calyrex\n|-crit|p2b: Calyrex\n|-damage|p2b: Calyrex|18/100\n|-crit|p2b: Calyrex\n|-damage|p2b: Calyrex|0 fnt\n|faint|p2b: Calyrex\n|-hitcount|p2: Calyrex|2\n|move|p2a: Kyogre|Water Spout|p1a: Urshifu|[spread] p1a,p1b\n|-resisted|p1a: Urshifu\n|-damage|p1a: Urshifu|0 fnt\n|-damage|p1b: Zamazenta|26/100\n|faint|p1a: Urshifu\n|\n|-weather|RainDance|[upkeep]\n|upkeep\n|-message|Icious forfeited.\n|\n|win|lalo's pollos\n|raw|lalo&apos;s pollos's rating: 1612 &rarr; <strong>1623</strong><br />(+11 for winning)\n|raw|Icious's rating: 1449 &rarr; <strong>1438</strong><br />(-11 for losing)\n|l|\u2606Icious\n|player|p2|\n|l|\u2606lalo's pollos\n|player|p1|\n","uploadtime":1772249337,"views":13,"formatid":"gen9vgc2026regi","rating":1438,"private":0,"password":null}