{"id":"gen9vgc2026regi-2586544106","format":"[Gen 9] VGC 2026 Reg I","players":["kolanion","Lil Tic"],"log":"|j|\u2606kolanion\n|j|\u2606Lil Tic\n|t:|1776441959\n|gametype|doubles\n|player|p1|kolanion|swimmer|1523\n|player|p2|Lil Tic|101|1500\n|gen|9\n|tier|[Gen 9] VGC 2026 Reg I\n|rated|\n|rule|Species Clause: Limit one of each Pok\u00e9mon\n|rule|Item Clause: Limit 1 of each item\n|clearpoke\n|poke|p1|Calyrex-Ice, L50|\n|poke|p1|Ursaluna-Bloodmoon, L50, M|\n|poke|p1|Lunala, L50|\n|poke|p1|Ogerpon-Wellspring, L50, F|\n|poke|p1|Annihilape, L50, F|\n|poke|p1|Farigiraf, L50, F|\n|poke|p2|Koraidon, L50|\n|poke|p2|Flutter Mane, L50|\n|poke|p2|Ho-Oh, L50|\n|poke|p2|Incineroar, L50, M|\n|poke|p2|Amoonguss, L50, M|\n|poke|p2|Ting-Lu, L50|\n|teampreview|4\n|inactive|Battle timer is ON: inactive players will automatically lose when time's up. (requested by kolanion)\n|inactive|Lil Tic has 60 seconds left.\n|inactive|kolanion has 60 seconds left.\n|inactive|Lil Tic has 30 seconds left.\n|j| TheBruce\n|\n|t:|1776442025\n|teamsize|p1|4\n|teamsize|p2|4\n|start\n|switch|p1a: Lunala|Lunala, L50, shiny|100/100\n|switch|p1b: Ogerpon|Ogerpon-Wellspring, L50, F|100/100\n|switch|p2a: Incineroar|Incineroar, L50, M|100/100\n|switch|p2b: Amoonguss|Amoonguss, L50, M|100/100\n|-ability|p2a: Incineroar|Intimidate|boost\n|-unboost|p1a: Lunala|atk|1\n|-unboost|p1b: Ogerpon|atk|1\n|turn|1\n|\n|t:|1776442041\n|move|p1b: Ogerpon|Follow Me|p1b: Ogerpon\n|-singleturn|p1b: Ogerpon|move: Follow Me\n|move|p2a: Incineroar|Knock Off|p1b: Ogerpon\n|-damage|p1b: Ogerpon|71/100\n|move|p1a: Lunala|Moongeist Beam|p2b: Amoonguss\n|-damage|p2b: Amoonguss|51/100\n|move|p2b: Amoonguss|Sludge Bomb|p1b: Ogerpon\n|-supereffective|p1b: Ogerpon\n|-damage|p1b: Ogerpon|9/100\n|\n|upkeep\n|turn|2\n|\n|t:|1776442060\n|switch|p2b: Ho-Oh|Ho-Oh, L50|100/100\n|move|p1b: Ogerpon|Ivy Cudgel|p2a: Incineroar|[anim] Ivy Cudgel Water\n|-supereffective|p2a: Incineroar\n|-damage|p2a: Incineroar|16/100\n|move|p2a: Incineroar|Parting Shot|p1a: Lunala\n|-unboost|p1a: Lunala|atk|1\n|-unboost|p1a: Lunala|spa|1\n|\n|t:|1776442068\n|switch|p2a: Amoonguss|Amoonguss, L50, M|84/100|[from] Parting Shot\n|move|p1a: Lunala|Moongeist Beam|p2b: Ho-Oh\n|-damage|p2b: Ho-Oh|77/100\n|\n|upkeep\n|turn|3\n|l| TheBruce\n|\n|t:|1776442083\n|move|p1b: Ogerpon|Spiky Shield|p1b: Ogerpon\n|-singleturn|p1b: Ogerpon|move: Protect\n|move|p2b: Ho-Oh|Brave Bird|p1b: Ogerpon\n|-activate|p1b: Ogerpon|move: Protect\n|-damage|p2b: Ho-Oh|65/100|[from] Spiky Shield|[of] p1b: Ogerpon\n|move|p2a: Amoonguss|Spore|p1a: Lunala\n|-status|p1a: Lunala|slp|[from] move: Spore\n|cant|p1a: Lunala|slp\n|\n|upkeep\n|turn|4\n|\n|t:|1776442103\n|move|p2b: Ho-Oh|Protect|p2b: Ho-Oh\n|-singleturn|p2b: Ho-Oh|Protect\n|move|p1b: Ogerpon|Spiky Shield||[still]\n|-fail|p1b: Ogerpon\n|move|p2a: Amoonguss|Sludge Bomb|p1b: Ogerpon\n|-supereffective|p1b: Ogerpon\n|-damage|p1b: Ogerpon|0 fnt\n|faint|p1b: Ogerpon\n|cant|p1a: Lunala|slp\n|\n|upkeep\n|\n|t:|1776442108\n|switch|p1b: Annihilape|Annihilape, L50, F|100/100\n|turn|5\n|\n|t:|1776442118\n|move|p2a: Amoonguss|Rage Powder|p2a: Amoonguss\n|-singleturn|p2a: Amoonguss|move: Rage Powder\n|move|p1b: Annihilape|Final Gambit|p2a: Amoonguss\n|-damage|p2a: Amoonguss|0 fnt\n|faint|p1b: Annihilape\n|faint|p2a: Amoonguss\n|move|p2b: Ho-Oh|Brave Bird|p1a: Lunala\n|-damage|p1a: Lunala|72/100 slp\n|-damage|p2b: Ho-Oh|54/100|[from] Recoil\n|cant|p1a: Lunala|slp\n|\n|-heal|p1a: Lunala|79/100 slp|[from] item: Leftovers\n|upkeep\n|\n|t:|1776442141\n|switch|p1b: Calyrex|Calyrex-Ice, L50|100/100\n|switch|p2a: Koraidon|Koraidon, L50|100/100\n|-ability|p1b: Calyrex|As One\n|-ability|p1b: Calyrex|Unnerve\n|-weather|SunnyDay|[from] ability: Orichalcum Pulse|[of] p2a: Koraidon\n|-activate|p2a: Koraidon|Orichalcum Pulse|[source]\n|turn|6\n|\n|t:|1776442152\n|-terastallize|p2a: Koraidon|Fire\n|move|p1b: Calyrex|Protect|p1b: Calyrex\n|-singleturn|p1b: Calyrex|Protect\n|move|p2a: Koraidon|Flare Blitz|p1a: Lunala\n|-damage|p1a: Lunala|0 fnt\n|faint|p1a: Lunala\n|-damage|p2a: Koraidon|67/100|[from] Recoil\n|-damage|p2a: Koraidon|58/100|[from] item: Life Orb\n|move|p2b: Ho-Oh|Sacred Fire|p1b: Calyrex\n|-activate|p1b: Calyrex|move: Protect\n|\n|-weather|SunnyDay|[upkeep]\n|upkeep\n|turn|7\n|\n|t:|1776442164\n|move|p2a: Koraidon|Flare Blitz|p1b: Calyrex\n|-supereffective|p1b: Calyrex\n|-damage|p1b: Calyrex|0 fnt\n|faint|p1b: Calyrex\n|-damage|p2a: Koraidon|19/100|[from] Recoil\n|-damage|p2a: Koraidon|9/100|[from] item: Life Orb\n|\n|win|Lil Tic\n|raw|kolanion's rating: 1523 &rarr; <strong>1502</strong><br />(-21 for losing)\n|raw|Lil Tic's rating: 1500 &rarr; <strong>1521</strong><br />(+21 for winning)\n|l|\u2606kolanion\n|player|p1|\n","uploadtime":1776442306,"views":11,"formatid":"gen9vgc2026regi","rating":1502,"private":0,"password":null}