{"id":"gen9vgc2026regi-2589141568","format":"[Gen 9] VGC 2026 Reg I","players":["Ceraida","jpto5"],"log":"|j|\u2606Ceraida\n|j|\u2606jpto5\n|t:|1776702325\n|gametype|doubles\n|player|p1|Ceraida|veteran|1536\n|player|p2|jpto5|102|1528\n|gen|9\n|tier|[Gen 9] VGC 2026 Reg I\n|rated|\n|rule|Species Clause: Limit one of each Pok\u00e9mon\n|rule|Item Clause: Limit 1 of each item\n|clearpoke\n|poke|p1|Calyrex-Shadow, L50|\n|poke|p1|Koraidon, L50|\n|poke|p1|Indeedee-F, L50, F|\n|poke|p1|Brute Bonnet, L50|\n|poke|p1|Sneasler, L50, M|\n|poke|p1|Chi-Yu, L50|\n|poke|p2|Tornadus, L50, M|\n|poke|p2|Kyogre, L50|\n|poke|p2|Zacian-*, L50|\n|poke|p2|Basculegion, L50, M|\n|poke|p2|Incineroar, L50, M|\n|poke|p2|Archaludon, L50, F|\n|teampreview|4\n|inactive|Battle timer is ON: inactive players will automatically lose when time's up. (requested by jpto5)\n|inactive|Ceraida has 60 seconds left.\n|\n|t:|1776702358\n|teamsize|p1|4\n|teamsize|p2|4\n|start\n|switch|p1a: Calyrex|Calyrex-Shadow, L50|100/100\n|switch|p1b: Brute Bonnet|Brute Bonnet, L50|100/100\n|switch|p2a: Tornadus|Tornadus, L50, M|100/100\n|switch|p2b: Kyogre|Kyogre, L50|100/100\n|-ability|p1a: Calyrex|As One\n|-ability|p1a: Calyrex|Unnerve\n|-weather|RainDance|[from] ability: Drizzle|[of] p2b: Kyogre\n|turn|1\n|\n|t:|1776702377\n|move|p1b: Brute Bonnet|Sucker Punch|p2b: Kyogre\n|-damage|p2b: Kyogre|69/100\n|move|p1a: Calyrex|Astral Barrage|p2b: Kyogre|[spread] p2a,p2b\n|-enditem|p2a: Tornadus|Focus Sash\n|-damage|p2a: Tornadus|1/100\n|-damage|p2b: Kyogre|35/100\n|-damage|p1a: Calyrex|91/100|[from] item: Life Orb\n|move|p2a: Tornadus|Bleakwind Storm|p1b: Brute Bonnet|[spread] p1a,p1b\n|-supereffective|p1b: Brute Bonnet\n|-damage|p1a: Calyrex|53/100\n|-damage|p1b: Brute Bonnet|42/100\n|move|p2b: Kyogre|Water Spout|p1b: Brute Bonnet|[spread] p1a,p1b\n|-resisted|p1b: Brute Bonnet\n|-damage|p1a: Calyrex|14/100\n|-damage|p1b: Brute Bonnet|28/100\n|\n|-weather|RainDance|[upkeep]\n|upkeep\n|turn|2\n|inactive|jpto5 has 30 seconds left.\n|\n|t:|1776702402\n|move|p1a: Calyrex|Protect|p1a: Calyrex\n|-singleturn|p1a: Calyrex|Protect\n|move|p2a: Tornadus|Tailwind|p2a: Tornadus\n|-sidestart|p2: jpto5|move: Tailwind\n|move|p1b: Brute Bonnet|Sucker Punch||[still]\n|-fail|p1b: Brute Bonnet\n|move|p2b: Kyogre|Water Spout|p1b: Brute Bonnet|[spread] p1b\n|-activate|p1a: Calyrex|move: Protect\n|-resisted|p1b: Brute Bonnet\n|-damage|p1b: Brute Bonnet|14/100\n|\n|-weather|RainDance|[upkeep]\n|upkeep\n|turn|3\n|\n|t:|1776702425\n|switch|p2a: Zacian|Zacian-Crowned, L50|100/100\n|-ability|p2a: Zacian|Intrepid Sword|boost\n|-boost|p2a: Zacian|atk|1\n|switch|p1a: Sneasler|Sneasler, L50, M|100/100\n|move|p1b: Brute Bonnet|Sucker Punch|p2b: Kyogre\n|-damage|p2b: Kyogre|0 fnt\n|faint|p2b: Kyogre\n|\n|-weather|RainDance|[upkeep]\n|upkeep\n|\n|t:|1776702441\n|switch|p2b: Tornadus|Tornadus, L50, M|1/100\n|turn|4\n|\n|t:|1776702460\n|move|p1a: Sneasler|Protect|p1a: Sneasler\n|-singleturn|p1a: Sneasler|Protect\n|move|p2a: Zacian|Quick Guard|p2a: Zacian\n|-singleturn|p2a: Zacian|Quick Guard\n|move|p1b: Brute Bonnet|Sucker Punch|p2b: Tornadus\n|-activate|p2b: Tornadus|move: Quick Guard\n|move|p2b: Tornadus|Bleakwind Storm|p1a: Sneasler|[spread] p1b\n|-activate|p1a: Sneasler|move: Protect\n|-supereffective|p1b: Brute Bonnet\n|-damage|p1b: Brute Bonnet|0 fnt\n|faint|p1b: Brute Bonnet\n|-end|p1b: Brute Bonnet|Protosynthesis|[silent]\n|\n|-weather|RainDance|[upkeep]\n|upkeep\n|\n|t:|1776702462\n|switch|p1b: Indeedee|Indeedee-F, L50, F|100/100\n|-fieldstart|move: Psychic Terrain|[from] ability: Psychic Surge|[of] p1b: Indeedee\n|-enditem|p1a: Sneasler|Psychic Seed\n|-boost|p1a: Sneasler|spd|1|[from] item: Psychic Seed\n|turn|5\n|inactive|jpto5 has 30 seconds left.\n|\n|t:|1776702490\n|move|p1b: Indeedee|Follow Me|p1b: Indeedee\n|-singleturn|p1b: Indeedee|move: Follow Me\n|move|p2a: Zacian|Behemoth Blade|p1b: Indeedee\n|-damage|p1b: Indeedee|5/100\n|-damage|p2a: Zacian|84/100|[from] item: Rocky Helmet|[of] p1b: Indeedee\n|move|p2b: Tornadus|Bleakwind Storm|p1a: Sneasler|[spread] p1a,p1b\n|-supereffective|p1a: Sneasler\n|-damage|p1a: Sneasler|35/100\n|-damage|p1b: Indeedee|0 fnt\n|-unboost|p1a: Sneasler|spe|1\n|faint|p1b: Indeedee\n|move|p1a: Sneasler|Dire Claw|p2b: Tornadus\n|-damage|p2b: Tornadus|0 fnt\n|faint|p2b: Tornadus\n|\n|-weather|none\n|-sideend|p2: jpto5|move: Tailwind\n|upkeep\n|\n|t:|1776702501\n|switch|p2b: Basculegion|Basculegion, L50, M|100/100\n|switch|p1b: Calyrex|Calyrex-Shadow, L50|14/100\n|-ability|p1b: Calyrex|As One\n|-ability|p1b: Calyrex|Unnerve\n|turn|6\n|inactive|Ceraida has 30 seconds left.\n|inactive|jpto5 has 30 seconds left.\n|\n|t:|1776702533\n|-terastallize|p1a: Sneasler|Dark\n|move|p2b: Basculegion|Protect|p2b: Basculegion\n|-singleturn|p2b: Basculegion|Protect\n|move|p1a: Sneasler|Night Slash|p2b: Basculegion\n|-activate|p2b: Basculegion|move: Protect\n|move|p1b: Calyrex|Astral Barrage|p2b: Basculegion|[spread] p2a\n|-activate|p2b: Basculegion|move: Protect\n|-damage|p2a: Zacian|16/100\n|-damage|p1b: Calyrex|4/100|[from] item: Life Orb\n|move|p2a: Zacian|Behemoth Blade|p1a: Sneasler\n|-damage|p1a: Sneasler|0 fnt\n|faint|p1a: Sneasler\n|\n|upkeep\n|turn|7\n|inactive|jpto5 has 30 seconds left.\n|\n|t:|1776702561\n|-terastallize|p2b: Basculegion|Normal\n|move|p1b: Calyrex|Astral Barrage|p2b: Basculegion|[spread] p2a\n|-immune|p2b: Basculegion\n|-damage|p2a: Zacian|0 fnt\n|faint|p2a: Zacian\n|-ability|p1b: Calyrex|Grim Neigh|boost\n|-boost|p1b: Calyrex|spa|1\n|-damage|p1b: Calyrex|0 fnt|[from] item: Life Orb\n|faint|p1b: Calyrex\n|\n|win|jpto5\n|raw|Ceraida's rating: 1536 &rarr; <strong>1516</strong><br />(-20 for losing)\n|raw|jpto5's rating: 1528 &rarr; <strong>1548</strong><br />(+20 for winning)\n|l|\u2606Ceraida\n|player|p1|\n|l|\u2606jpto5\n|player|p2|\n","uploadtime":1776702704,"views":19,"formatid":"gen9vgc2026regi","rating":1516,"private":0,"password":null}