{"id":"gen9vgc2026regi-2560860954","format":"[Gen 9] VGC 2026 Reg I","players":["sujisuji","jj11j1"],"log":"|j|\u2606sujisuji\n|j|\u2606jj11j1\n|t:|1773739154\n|gametype|doubles\n|player|p1|sujisuji|eusine|1335\n|player|p2|jj11j1|169|1303\n|gen|9\n|tier|[Gen 9] VGC 2026 Reg I\n|rated|\n|rule|Species Clause: Limit one of each Pok\u00e9mon\n|rule|Item Clause: Limit 1 of each item\n|clearpoke\n|poke|p1|Sableye, L50, M|\n|poke|p1|Calyrex-Shadow, L50|\n|poke|p1|Snorlax, L50, F|\n|poke|p1|Kyogre, L50|\n|poke|p1|Annihilape, L50, F|\n|poke|p1|Ting-Lu, L50|\n|poke|p2|Kyogre, L50|\n|poke|p2|Calyrex-Ice, L50|\n|poke|p2|Landorus, L50, M|\n|poke|p2|Urshifu-*, L50, M|\n|poke|p2|Smeargle, L50, F|\n|poke|p2|Flutter Mane, L50|\n|teampreview|4\n|inactive|Battle timer is ON: inactive players will automatically lose when time's up. (requested by sujisuji)\nsujisuji rejected open team sheets.\n|inactive|sujisuji has 60 seconds left.\n|\n|t:|1773739188\n|teamsize|p1|4\n|teamsize|p2|4\n|start\n|switch|p1a: Sableye|Sableye, L50, M|100/100\n|switch|p1b: Calyrex|Calyrex-Shadow, L50|100/100\n|switch|p2a: Smeargle|Smeargle, L50, F|100/100\n|switch|p2b: Calyrex|Calyrex-Ice, L50|100/100\n|-ability|p1b: Calyrex|As One\n|-ability|p1b: Calyrex|Unnerve\n|-ability|p2b: Calyrex|As One\n|-ability|p2b: Calyrex|Unnerve\n|turn|1\n|\n|t:|1773739214\n|move|p2a: Smeargle|Wide Guard|p2a: Smeargle\n|-singleturn|p2a: Smeargle|Wide Guard\n|move|p1a: Sableye|Thunder Wave|p2a: Smeargle\n|-status|p2a: Smeargle|par\n|move|p1b: Calyrex|Astral Barrage|p2a: Smeargle|[spread] \n|-activate|p2a: Smeargle|move: Wide Guard\n|-activate|p2b: Calyrex|move: Wide Guard\n|move|p2b: Calyrex|Glacial Lance|p1a: Sableye|[spread] p1a,p1b\n|-damage|p1a: Sableye|43/100\n|-damage|p1b: Calyrex|24/100\n|\n|-ability|p2a: Smeargle|Moody|boost\n|-boost|p2a: Smeargle|def|2\n|-unboost|p2a: Smeargle|spa|1\n|-enditem|p2a: Smeargle|Eject Pack\n|upkeep\n|\n|t:|1773739232\n|switch|p2a: Flutter Mane|Flutter Mane, L50|100/100\n|turn|2\n|\n|t:|1773739243\n|switch|p2b: Smeargle|Smeargle, L50, F|100/100 par\n|move|p1a: Sableye|Will-O-Wisp||[still]\n|-fail|p1a: Sableye\n|move|p1b: Calyrex|Astral Barrage|p2a: Flutter Mane|[spread] p2a\n|-immune|p2b: Smeargle\n|-supereffective|p2a: Flutter Mane\n|-enditem|p2a: Flutter Mane|Focus Sash\n|-damage|p2a: Flutter Mane|1/100\n|-damage|p1b: Calyrex|15/100|[from] item: Life Orb\n|move|p2a: Flutter Mane|Trick Room|p2a: Flutter Mane\n|-fieldstart|move: Trick Room|[of] p2a: Flutter Mane\n|\n|-ability|p2b: Smeargle|Moody|boost\n|-boost|p2b: Smeargle|spa|2\n|-unboost|p2b: Smeargle|spe|1\n|upkeep\n|turn|3\n|inactive|sujisuji has 30 seconds left.\n|inactive|jj11j1 has 30 seconds left.\n|inactive|sujisuji has 20 seconds left.\n|\n|t:|1773739285\n|-end|p2a: Flutter Mane|Protosynthesis|[silent]\n|switch|p2a: Kyogre|Kyogre, L50|100/100\n|-weather|RainDance|[from] ability: Drizzle|[of] p2a: Kyogre\n|switch|p1b: Kyogre|Kyogre, L50|100/100\n|move|p1a: Sableye|Disable||[still]\n|-fail|p1a: Sableye\n|cant|p2b: Smeargle|par\n|\n|-weather|RainDance|[upkeep]\n|-ability|p2b: Smeargle|Moody|boost\n|-boost|p2b: Smeargle|spe|2\n|-unboost|p2b: Smeargle|spd|1\n|upkeep\n|turn|4\n|inactive|sujisuji has 30 seconds left.\n|\n|t:|1773739314\n|-terastallize|p1b: Kyogre|Fairy\n|move|p1a: Sableye|Pain Split|p2a: Kyogre\n|-sethp|p2a: Kyogre|67/100|[from] move: Pain Split|[silent]\n|-sethp|p1a: Sableye|88/100|[from] move: Pain Split\n|move|p2a: Kyogre|Thunder|p1b: Kyogre\n|-damage|p1b: Kyogre|69/100\n|move|p2b: Smeargle|Spore|p1a: Sableye\n|-status|p1a: Sableye|slp|[from] move: Spore\n|move|p1b: Kyogre|Origin Pulse|p2b: Smeargle|[spread] p2a,p2b\n|-resisted|p2a: Kyogre\n|-damage|p2a: Kyogre|42/100\n|-damage|p2b: Smeargle|0 fnt\n|faint|p2b: Smeargle\n|\n|-weather|RainDance|[upkeep]\n|upkeep\n|\n|t:|1773739333\n|switch|p2b: Calyrex|Calyrex-Ice, L50|100/100\n|-ability|p2b: Calyrex|As One\n|-ability|p2b: Calyrex|Unnerve\n|turn|5\n|\n|t:|1773739344\n|-terastallize|p2b: Calyrex|Grass\n|cant|p1a: Sableye|slp\n|move|p2a: Kyogre|Hydro Pump|p1b: Kyogre\n|-damage|p1b: Kyogre|6/100\n|move|p2b: Calyrex|Glacial Lance|p1a: Sableye|[spread] p1a,p1b\n|-damage|p1a: Sableye|23/100 slp\n|-damage|p1b: Kyogre|0 fnt\n|faint|p1b: Kyogre\n|-ability|p2b: Calyrex|Chilling Neigh|boost\n|-boost|p2b: Calyrex|atk|1\n|\n|-weather|RainDance|[upkeep]\n|upkeep\n|\n|t:|1773739356\n|switch|p1b: Calyrex|Calyrex-Shadow, L50|15/100\n|-ability|p1b: Calyrex|As One\n|-ability|p1b: Calyrex|Unnerve\n|turn|6\n|\n|t:|1773739370\n|switch|p2b: Flutter Mane|Flutter Mane, L50|1/100\n|move|p1b: Calyrex|Protect|p1b: Calyrex\n|-singleturn|p1b: Calyrex|Protect\n|-curestatus|p1a: Sableye|slp|[msg]\n|move|p1a: Sableye|Will-O-Wisp|p2b: Flutter Mane\n|-status|p2b: Flutter Mane|brn\n|move|p2a: Kyogre|Water Spout|p1b: Calyrex|[spread] p1a\n|-activate|p1b: Calyrex|move: Protect\n|-damage|p1a: Sableye|0 fnt\n|faint|p1a: Sableye\n|\n|-weather|RainDance|[upkeep]\n|-damage|p2b: Flutter Mane|0 fnt|[from] brn\n|faint|p2b: Flutter Mane\n|-end|p2b: Flutter Mane|Protosynthesis|[silent]\n|-fieldend|move: Trick Room\n|upkeep\n|\n|t:|1773739389\n|switch|p2b: Calyrex|Calyrex-Ice, L50, tera:Grass|100/100\n|switch|p1a: Annihilape|Annihilape, L50, F|100/100\n|-ability|p2b: Calyrex|As One\n|-ability|p2b: Calyrex|Unnerve\n|turn|7\n|\n|t:|1773739405\n|move|p1b: Calyrex|Astral Barrage|p2a: Kyogre|[spread] p2a,p2b\n|-damage|p2a: Kyogre|0 fnt\n|-damage|p2b: Calyrex|52/100\n|faint|p2a: Kyogre\n|-ability|p1b: Calyrex|Grim Neigh|boost\n|-boost|p1b: Calyrex|spa|1\n|-damage|p1b: Calyrex|5/100|[from] item: Life Orb\n|move|p1a: Annihilape|Phantom Force||[still]\n|-prepare|p1a: Annihilape|Phantom Force\n|move|p2b: Calyrex|Glacial Lance|p1b: Calyrex|[spread] p1b\n|-miss|p2b: Calyrex|p1a: Annihilape\n|-crit|p1b: Calyrex\n|-damage|p1b: Calyrex|0 fnt\n|faint|p1b: Calyrex\n|-ability|p2b: Calyrex|Chilling Neigh|boost\n|-boost|p2b: Calyrex|atk|1\n|\n|-weather|none\n|upkeep\n|turn|8\n|\n|t:|1773739424\n|move|p1a: Annihilape|Phantom Force|p2b: Calyrex|[from] lockedmove\n|-damage|p2b: Calyrex|24/100\n|move|p2b: Calyrex|Trick Room|p2b: Calyrex\n|-fieldstart|move: Trick Room|[of] p2b: Calyrex\n|\n|upkeep\n|turn|9\n|\n|t:|1773739439\n|move|p2b: Calyrex|Glacial Lance|p1a: Annihilape\n|-damage|p1a: Annihilape|0 fnt\n|faint|p1a: Annihilape\n|\n|win|jj11j1\n|raw|sujisuji's rating: 1335 &rarr; <strong>1313</strong><br />(-22 for losing)\n|raw|jj11j1's rating: 1303 &rarr; <strong>1325</strong><br />(+22 for winning)\n|l|\u2606jj11j1\n|player|p2|\n|c|\u2606sujisuji|g\n|l|\u2606sujisuji\n|player|p1|\n","uploadtime":1773739623,"views":10,"formatid":"gen9vgc2026regi","rating":1313,"private":0,"password":null}