{"id":"gen9vgc2026regi-2549853443","format":"[Gen 9] VGC 2026 Reg I","players":["alexit93","Stinky59"],"log":"|j|\u2606alexit93\n|j|\u2606Stinky59\n|t:|1772416921\n|gametype|doubles\n|player|p1|alexit93|lucas-gen4pt|1395\n|player|p2|Stinky59|265|1407\n|gen|9\n|tier|[Gen 9] VGC 2026 Reg I\n|rated|\n|rule|Species Clause: Limit one of each Pok\u00e9mon\n|rule|Item Clause: Limit 1 of each item\n|clearpoke\n|poke|p1|Zamazenta-*, L50|\n|poke|p1|Chien-Pao, L50|\n|poke|p1|Miraidon, L50|\n|poke|p1|Iron Jugulis, L50|\n|poke|p1|Farigiraf, L50, M|\n|poke|p1|Landorus, L50, M|\n|poke|p2|Kyogre, L50|\n|poke|p2|Necrozma-Dusk-Mane, L50|\n|poke|p2|Iron Jugulis, L50|\n|poke|p2|Ursaluna-Bloodmoon, L50, M|\n|poke|p2|Rillaboom, L50, F|\n|poke|p2|Urshifu-*, L50, F|\n|teampreview|4\n|\n|t:|1772416957\n|teamsize|p1|4\n|teamsize|p2|4\n|start\n|switch|p1a: Miraidon|Miraidon, L50, shiny|100/100\n|switch|p1b: Iron Jugulis|Iron Jugulis, L50|100/100\n|switch|p2a: Kyogre|Kyogre, L50|100/100\n|switch|p2b: Rillaboom|Rillaboom, L50, F|100/100\n|-fieldstart|move: Electric Terrain|[from] ability: Hadron Engine|[of] p1a: Miraidon\n|-activate|p1b: Iron Jugulis|ability: Quark Drive\n|-start|p1b: Iron Jugulis|quarkdrivespe\n|-weather|RainDance|[from] ability: Drizzle|[of] p2a: Kyogre\n|-fieldstart|move: Grassy Terrain|[from] ability: Grassy Surge|[of] p2b: Rillaboom\n|-end|p1b: Iron Jugulis|Quark Drive\n|turn|1\n|\n|t:|1772416999\n|-terastallize|p2a: Kyogre|Grass\n|move|p1a: Miraidon|Electro Drift|p2a: Kyogre\n|-resisted|p2a: Kyogre\n|-damage|p2a: Kyogre|71/100\n|move|p1b: Iron Jugulis|Tailwind|p1b: Iron Jugulis\n|-sidestart|p1: alexit93|move: Tailwind\n|move|p2a: Kyogre|Thunder|p1b: Iron Jugulis\n|-supereffective|p1b: Iron Jugulis\n|-damage|p1b: Iron Jugulis|0 fnt\n|faint|p1b: Iron Jugulis\n|-end|p1b: Iron Jugulis|Quark Drive|[silent]\n|move|p2b: Rillaboom|U-turn|p1a: Miraidon\n|-damage|p1a: Miraidon|78/100\n|\n|t:|1772417006\n|switch|p2b: Necrozma|Necrozma-Dusk-Mane, L50|100/100|[from] U-turn\n|\n|-weather|RainDance|[upkeep]\n|-heal|p1a: Miraidon|83/100|[from] Grassy Terrain\n|-heal|p2a: Kyogre|77/100|[from] Grassy Terrain\n|upkeep\n|\n|t:|1772417010\n|switch|p1b: Landorus|Landorus, L50, M|100/100\n|turn|2\n|\n|t:|1772417027\n|move|p1a: Miraidon|Electro Drift|p2b: Necrozma\n|-damage|p2b: Necrozma|36/100\n|move|p1b: Landorus|Sandsear Storm|p2a: Kyogre|[spread] p2a,p2b\n|-resisted|p2a: Kyogre\n|-supereffective|p2b: Necrozma\n|-damage|p2a: Kyogre|57/100\n|-damage|p2b: Necrozma|0 fnt\n|faint|p2b: Necrozma\n|move|p2a: Kyogre|Water Spout|p1a: Miraidon|[spread] p1a,p1b\n|-resisted|p1a: Miraidon\n|-supereffective|p1b: Landorus\n|-damage|p1a: Miraidon|51/100\n|-damage|p1b: Landorus|0 fnt\n|faint|p1b: Landorus\n|\n|-weather|RainDance|[upkeep]\n|-heal|p1a: Miraidon|57/100|[from] Grassy Terrain\n|-heal|p2a: Kyogre|63/100|[from] Grassy Terrain\n|upkeep\n|\n|t:|1772417034\n|switch|p1b: Zamazenta|Zamazenta-Crowned, L50, shiny|100/100\n|switch|p2b: Rillaboom|Rillaboom, L50, F|100/100\n|-ability|p1b: Zamazenta|Dauntless Shield|boost\n|-boost|p1b: Zamazenta|def|1\n|turn|3\n|\n|t:|1772417046\n|-terastallize|p1b: Zamazenta|Dragon\n|move|p2b: Rillaboom|Fake Out|p1b: Zamazenta\n|-damage|p1b: Zamazenta|95/100\n|move|p1a: Miraidon|Electro Drift|p2a: Kyogre\n|-resisted|p2a: Kyogre\n|-damage|p2a: Kyogre|38/100\n|cant|p1b: Zamazenta|flinch\n|move|p2a: Kyogre|Water Spout|p1a: Miraidon|[spread] p1a,p1b\n|-resisted|p1a: Miraidon\n|-resisted|p1b: Zamazenta\n|-damage|p1a: Miraidon|36/100\n|-damage|p1b: Zamazenta|77/100\n|\n|-weather|RainDance|[upkeep]\n|-heal|p1a: Miraidon|42/100|[from] Grassy Terrain\n|-heal|p1b: Zamazenta|83/100|[from] Grassy Terrain\n|-heal|p2a: Kyogre|44/100|[from] Grassy Terrain\n|upkeep\n|turn|4\n|\n|t:|1772417060\n|move|p1a: Miraidon|Electro Drift|p2a: Kyogre\n|-resisted|p2a: Kyogre\n|-damage|p2a: Kyogre|19/100\n|move|p1b: Zamazenta|Body Press|p2a: Kyogre\n|-damage|p2a: Kyogre|0 fnt\n|faint|p2a: Kyogre\n|move|p2b: Rillaboom|U-turn|p1a: Miraidon\n|-damage|p1a: Miraidon|19/100\n|\n|t:|1772417064\n|switch|p2b: Urshifu|Urshifu-Rapid-Strike, L50, F|100/100|[from] U-turn\n|\n|-weather|RainDance|[upkeep]\n|-heal|p1a: Miraidon|24/100|[from] Grassy Terrain\n|-heal|p1b: Zamazenta|89/100|[from] Grassy Terrain\n|-sideend|p1: alexit93|move: Tailwind\n|upkeep\n|\n|t:|1772417066\n|switch|p2a: Rillaboom|Rillaboom, L50, F|100/100\n|turn|5\n|\n|t:|1772417083\n|move|p2a: Rillaboom|Fake Out|p1b: Zamazenta\n|-damage|p1b: Zamazenta|84/100\n|move|p2b: Urshifu|Surging Strikes|p1a: Miraidon\n|-resisted|p1a: Miraidon\n|-crit|p1a: Miraidon\n|-damage|p1a: Miraidon|8/100\n|-resisted|p1a: Miraidon\n|-crit|p1a: Miraidon\n|-damage|p1a: Miraidon|0 fnt\n|faint|p1a: Miraidon\n|-hitcount|p1: Miraidon|2\n|cant|p1b: Zamazenta|flinch\n|\n|-weather|none\n|-heal|p1b: Zamazenta|90/100|[from] Grassy Terrain\n|-fieldend|move: Grassy Terrain\n|upkeep\n|turn|6\n|\n|t:|1772417089\n|move|p2b: Urshifu|Surging Strikes|p1b: Zamazenta\n|-resisted|p1b: Zamazenta\n|-crit|p1b: Zamazenta\n|-damage|p1b: Zamazenta|83/100\n|-resisted|p1b: Zamazenta\n|-crit|p1b: Zamazenta\n|-damage|p1b: Zamazenta|75/100\n|-resisted|p1b: Zamazenta\n|-crit|p1b: Zamazenta\n|-damage|p1b: Zamazenta|68/100\n|-hitcount|p1b: Zamazenta|3\n|move|p1b: Zamazenta|Body Press|p2b: Urshifu\n|-damage|p2b: Urshifu|32/100\n|move|p2a: Rillaboom|Wood Hammer|p1b: Zamazenta\n|-resisted|p1b: Zamazenta\n|-damage|p1b: Zamazenta|57/100\n|-damage|p2a: Rillaboom|98/100|[from] Recoil\n|\n|upkeep\n|turn|7\n|\n|t:|1772417093\n|move|p2b: Urshifu|Surging Strikes|p1b: Zamazenta\n|-resisted|p1b: Zamazenta\n|-crit|p1b: Zamazenta\n|-damage|p1b: Zamazenta|50/100\n|-resisted|p1b: Zamazenta\n|-crit|p1b: Zamazenta\n|-damage|p1b: Zamazenta|42/100\n|-resisted|p1b: Zamazenta\n|-crit|p1b: Zamazenta\n|-damage|p1b: Zamazenta|35/100\n|-hitcount|p1b: Zamazenta|3\n|move|p1b: Zamazenta|Body Press|p2b: Urshifu\n|-damage|p2b: Urshifu|0 fnt\n|faint|p2b: Urshifu\n|move|p2a: Rillaboom|Wood Hammer|p1b: Zamazenta\n|-resisted|p1b: Zamazenta\n|-damage|p1b: Zamazenta|24/100\n|-damage|p2a: Rillaboom|95/100|[from] Recoil\n|\n|upkeep\n|turn|8\n|inactive|Battle timer is ON: inactive players will automatically lose when time's up. (requested by Stinky59)\n|\n|t:|1772417099\n|move|p1b: Zamazenta|Body Press|p2a: Rillaboom\n|-damage|p2a: Rillaboom|22/100\n|move|p2a: Rillaboom|Wood Hammer|p1b: Zamazenta\n|-resisted|p1b: Zamazenta\n|-damage|p1b: Zamazenta|13/100\n|-damage|p2a: Rillaboom|19/100|[from] Recoil\n|\n|upkeep\n|turn|9\n|\n|t:|1772417107\n|move|p1b: Zamazenta|Body Press|p2a: Rillaboom\n|-damage|p2a: Rillaboom|0 fnt\n|faint|p2a: Rillaboom\n|\n|win|alexit93\n|raw|alexit93's rating: 1395 &rarr; <strong>1416</strong><br />(+21 for winning)\n|raw|Stinky59's rating: 1407 &rarr; <strong>1386</strong><br />(-21 for losing)\n|l|\u2606Stinky59\n|player|p2|\n|l|\u2606alexit93\n|player|p1|\n","uploadtime":1772417340,"views":18,"formatid":"gen9vgc2026regi","rating":1386,"private":0,"password":null}