{"id":"gen9vgc2026regi-2528918060","format":"[Gen 9] VGC 2026 Reg I","players":["CHR1SPHX","jadelion1998"],"log":"|j|\u2606CHR1SPHX\n|j|\u2606jadelion1998\n|t:|1769717738\n|gametype|doubles\n|player|p1|CHR1SPHX|hilbert-wonderlauncher|1218\n|player|p2|jadelion1998|169|1302\n|gen|9\n|tier|[Gen 9] VGC 2026 Reg I\n|rated|\n|rule|Species Clause: Limit one of each Pok\u00e9mon\n|rule|Item Clause: Limit 1 of each item\n|clearpoke\n|poke|p1|Incineroar, L50, M|\n|poke|p1|Koraidon, L50|\n|poke|p1|Flutter Mane, L50|\n|poke|p1|Brute Bonnet, L50|\n|poke|p1|Indeedee-F, L50, F|\n|poke|p1|Calyrex-Ice, L50|\n|poke|p2|Ho-Oh, L50|\n|poke|p2|Miraidon, L50|\n|poke|p2|Farigiraf, L50, M|\n|poke|p2|Iron Bundle, L50|\n|poke|p2|Whimsicott, L50, M|\n|poke|p2|Kingambit, L50, F|\n|teampreview|4\n|inactive|Battle timer is ON: inactive players will automatically lose when time's up. (requested by CHR1SPHX)\n|inactive|jadelion1998 has 60 seconds left.\n|\n|t:|1769717772\n|teamsize|p1|4\n|teamsize|p2|4\n|start\n|switch|p1a: Brute Bonnet|Brute Bonnet, L50, shiny|100/100\n|switch|p1b: Calyrex|Calyrex-Ice, L50|100/100\n|switch|p2a: Ho-Oh|Ho-Oh, L50, shiny|100/100\n|switch|p2b: Farigiraf|Farigiraf, L50, M, shiny|100/100\n|-ability|p1b: Calyrex|As One\n|-ability|p1b: Calyrex|Unnerve\n|turn|1\n|\n|t:|1769717789\n|move|p1b: Calyrex|Protect|p1b: Calyrex\n|-singleturn|p1b: Calyrex|Protect\n|move|p2a: Ho-Oh|Sacred Fire|p1b: Calyrex\n|-activate|p1b: Calyrex|move: Protect\n|move|p2b: Farigiraf|Imprison|p2b: Farigiraf\n|-start|p2b: Farigiraf|move: Imprison\n|move|p1a: Brute Bonnet|Spore|p2a: Ho-Oh\n|-status|p2a: Ho-Oh|slp|[from] move: Spore\n|\n|upkeep\n|turn|2\n|inactive|jadelion1998 has 30 seconds left.\n|\n|t:|1769717818\n|cant|p2a: Ho-Oh|slp\n|move|p2b: Farigiraf|Foul Play|p1b: Calyrex\n|-supereffective|p1b: Calyrex\n|-damage|p1b: Calyrex|55/100\n|move|p1a: Brute Bonnet|Lash Out|p2b: Farigiraf\n|-supereffective|p2b: Farigiraf\n|-damage|p2b: Farigiraf|55/100\n|move|p1b: Calyrex|Glacial Lance|p2a: Ho-Oh|[spread] p2a,p2b\n|-damage|p2a: Ho-Oh|55/100 slp\n|-damage|p2b: Farigiraf|15/100\n|\n|upkeep\n|turn|3\n|inactive|jadelion1998 has 30 seconds left.\n|inactive|CHR1SPHX has 30 seconds left.\n|inactive|jadelion1998 has 20 seconds left.\n|inactive|jadelion1998 has 15 seconds left.\n|inactive|jadelion1998 has 10 seconds left.\n|\n|t:|1769717866\n|switch|p1b: Indeedee|Indeedee-F, L50, F|100/100\n|-fieldstart|move: Psychic Terrain|[from] ability: Psychic Surge|[of] p1b: Indeedee\n|cant|p2a: Ho-Oh|slp\n|move|p2b: Farigiraf|Foul Play|p1b: Indeedee\n|-supereffective|p1b: Indeedee\n|-damage|p1b: Indeedee|80/100\n|move|p1a: Brute Bonnet|Lash Out|p2b: Farigiraf\n|-supereffective|p2b: Farigiraf\n|-damage|p2b: Farigiraf|0 fnt\n|faint|p2b: Farigiraf\n|\n|upkeep\n|\n|t:|1769717880\n|switch|p2b: Miraidon|Miraidon, L50, shiny|100/100\n|-fieldstart|move: Electric Terrain|[from] ability: Hadron Engine|[of] p2b: Miraidon\n|turn|4\n|\n|t:|1769717890\n|-terastallize|p2b: Miraidon|Fairy\n|move|p1a: Brute Bonnet|Rage Powder|p1a: Brute Bonnet\n|-singleturn|p1a: Brute Bonnet|move: Rage Powder\n|move|p2b: Miraidon|Dazzling Gleam|p1a: Brute Bonnet|[spread] p1a,p1b\n|-supereffective|p1a: Brute Bonnet\n|-damage|p1a: Brute Bonnet|7/100\n|-damage|p1b: Indeedee|21/100\n|-enditem|p1a: Brute Bonnet|Sitrus Berry|[eat]\n|-heal|p1a: Brute Bonnet|32/100|[from] item: Sitrus Berry\n|-curestatus|p2a: Ho-Oh|slp|[msg]\n|move|p2a: Ho-Oh|Sacred Fire|p1a: Brute Bonnet\n|-supereffective|p1a: Brute Bonnet\n|-damage|p1a: Brute Bonnet|0 fnt\n|faint|p1a: Brute Bonnet\n|-end|p1a: Brute Bonnet|Protosynthesis|[silent]\n|move|p1b: Indeedee|Trick Room|p1b: Indeedee\n|-fieldstart|move: Trick Room|[of] p1b: Indeedee\n|\n|upkeep\n|\n|t:|1769717904\n|switch|p1a: Calyrex|Calyrex-Ice, L50|55/100\n|-ability|p1a: Calyrex|As One\n|-ability|p1a: Calyrex|Unnerve\n|turn|5\n|\n|t:|1769717914\n|-terastallize|p1a: Calyrex|Ground\n|move|p1b: Indeedee|Helping Hand|p1a: Calyrex\n|-singleturn|p1a: Calyrex|Helping Hand|[of] p1b: Indeedee\n|move|p1a: Calyrex|Glacial Lance|p2b: Miraidon|[spread] p2a,p2b\n|-damage|p2a: Ho-Oh|0 fnt\n|-damage|p2b: Miraidon|12/100\n|faint|p2a: Ho-Oh\n|-ability|p1a: Calyrex|Chilling Neigh|boost\n|-boost|p1a: Calyrex|atk|1\n|move|p2b: Miraidon|Dazzling Gleam|p1a: Calyrex|[spread] p1a,p1b\n|-crit|p1b: Indeedee\n|-damage|p1a: Calyrex|15/100\n|-damage|p1b: Indeedee|0 fnt\n|faint|p1b: Indeedee\n|\n|upkeep\n|\n|t:|1769717930\n|switch|p1b: Koraidon|Koraidon, L50|100/100\n|switch|p2a: Kingambit|Kingambit, L50, F, shiny|100/100\n|-weather|SunnyDay|[from] ability: Orichalcum Pulse|[of] p1b: Koraidon\n|-activate|p1b: Koraidon|Orichalcum Pulse|[source]\n|turn|6\n|\n|t:|1769717942\n|move|p1a: Calyrex|Protect|p1a: Calyrex\n|-singleturn|p1a: Calyrex|Protect\n|move|p2a: Kingambit|Low Kick|p1a: Calyrex\n|-activate|p1a: Calyrex|move: Protect\n|move|p1b: Koraidon|Collision Course|p2a: Kingambit\n|-supereffective|p2a: Kingambit\n|-damage|p2a: Kingambit|0 fnt\n|faint|p2a: Kingambit\n|move|p2b: Miraidon|Dazzling Gleam|p1a: Calyrex|[spread] p1b\n|-activate|p1a: Calyrex|move: Protect\n|-supereffective|p1b: Koraidon\n|-damage|p1b: Koraidon|0 fnt\n|faint|p1b: Koraidon\n|\n|-weather|SunnyDay|[upkeep]\n|upkeep\n|turn|7\n|-message|jadelion1998 forfeited.\n|\n|win|CHR1SPHX\n|raw|CHR1SPHX's rating: 1218 &rarr; <strong>1249</strong><br />(+31 for winning)\n|raw|jadelion1998's rating: 1302 &rarr; <strong>1277</strong><br />(-25 for losing)\n|l|\u2606jadelion1998\n|player|p2|\n|c|\u2606CHR1SPHX|gg\n|j|\u2606jadelion1998\n|player|p2|jadelion1998|169|\n|l|\u2606jadelion1998\n|player|p2|\n|l|\u2606CHR1SPHX\n|player|p1|\n","uploadtime":1769718102,"views":14,"formatid":"gen9vgc2026regi","rating":1249,"private":0,"password":null}