{"id":"gen9vgc2026regi-2526476957","format":"[Gen 9] VGC 2026 Reg I","players":["4Ze1F","i\u2764\u5a1c\u7984forever"],"log":"|j|\u26064Ze1F\n|j|\u2606i\u2764\u5a1c\u7984forever\n|t:|1769421822\n|gametype|doubles\n|player|p1|4Ze1F|blue|1416\n|player|p2|i\u2764\u5a1c\u7984forever|youngcouple-gen4dp|1367\n|gen|9\n|tier|[Gen 9] VGC 2026 Reg I\n|rated|\n|rule|Species Clause: Limit one of each Pok\u00e9mon\n|rule|Item Clause: Limit 1 of each item\n|clearpoke\n|poke|p1|Hitmontop, L50, M|\n|poke|p1|Terapagos, L50, M|\n|poke|p1|Calyrex-Shadow, L50|\n|poke|p1|Ogerpon-Cornerstone, L50, F|\n|poke|p1|Urshifu-*, L50, F|\n|poke|p1|Ditto, L50|\n|poke|p2|Groudon, L50|\n|poke|p2|Kyurem-White, L50|\n|poke|p2|Sableye, L50, F|\n|poke|p2|Brute Bonnet, L50|\n|poke|p2|Heatran, L50, F|\n|poke|p2|Whimsicott, L50, F|\n|teampreview|4\n|inactive|Battle timer is ON: inactive players will automatically lose when time's up. (requested by 4Ze1F)\n|\n|t:|1769421847\n|teamsize|p1|4\n|teamsize|p2|4\n|start\n|switch|p1a: Hitmontop|Hitmontop, L50, M|100/100\n|switch|p1b: Terapagos|Terapagos, L50, M|100/100\n|switch|p2a: Brute Bonnet|Brute Bonnet, L50|100/100\n|switch|p2b: Kyurem|Kyurem-White, L50|100/100\n|-activate|p1b: Terapagos|ability: Tera Shift\n|detailschange|p1b: Terapagos|Terapagos-Terastal, L50, M\n|-heal|p1b: Terapagos|100/100|[silent]\n|-ability|p2b: Kyurem|Turboblaze\n|-ability|p1a: Hitmontop|Intimidate|boost\n|-unboost|p2a: Brute Bonnet|atk|1\n|-unboost|p2b: Kyurem|atk|1\n|turn|1\n|inactive|4Ze1F has 30 seconds left.\n|\n|t:|1769421881\n|move|p1a: Hitmontop|Fake Out|p2a: Brute Bonnet\n|-damage|p2a: Brute Bonnet|94/100\n|move|p2b: Kyurem|Blizzard|p1a: Hitmontop|[spread] p1a,p1b\n|-damage|p1a: Hitmontop|58/100\n|-damage|p1b: Terapagos|51/100\n|move|p1b: Terapagos|Rock Polish|p1b: Terapagos\n|-boost|p1b: Terapagos|spe|2\n|cant|p2a: Brute Bonnet|flinch\n|\n|upkeep\n|turn|2\n|inactive|i\u2764\u5a1c\u7984forever has 30 seconds left.\n|\n|t:|1769421906\n|-terastallize|p1b: Terapagos|Stellar\n|detailschange|p1b: Terapagos|Terapagos-Stellar, L50, M, tera:Stellar\n|-heal|p1b: Terapagos|63/100|[silent]\n|move|p1a: Hitmontop|Vacuum Wave|p1b: Terapagos\n|-supereffective|p1b: Terapagos\n|-damage|p1b: Terapagos|58/100\n|-enditem|p1b: Terapagos|Weakness Policy\n|-boost|p1b: Terapagos|atk|2|[from] item: Weakness Policy\n|-boost|p1b: Terapagos|spa|2|[from] item: Weakness Policy\n|move|p1b: Terapagos|Tera Starstorm|p2b: Kyurem|[spread] p2a,p2b\n|-damage|p2a: Brute Bonnet|42/100\n|-damage|p2b: Kyurem|32/100\n|-enditem|p2a: Brute Bonnet|Sitrus Berry|[eat]\n|-heal|p2a: Brute Bonnet|67/100|[from] item: Sitrus Berry\n|move|p2b: Kyurem|Blizzard|p1a: Hitmontop|[spread] p1a,p1b\n|-damage|p1a: Hitmontop|15/100\n|-damage|p1b: Terapagos|21/100\n|move|p2a: Brute Bonnet|Spore|p1b: Terapagos\n|-status|p1b: Terapagos|slp|[from] move: Spore\n|\n|upkeep\n|turn|3\n|inactive|4Ze1F has 30 seconds left.\n|inactive|i\u2764\u5a1c\u7984forever has 30 seconds left.\n|inactive|i\u2764\u5a1c\u7984forever has 20 seconds left.\n|\n|t:|1769421944\n|switch|p2b: Groudon|Groudon, L50|100/100\n|-weather|SunnyDay|[from] ability: Drought|[of] p2b: Groudon\n|-activate|p2a: Brute Bonnet|ability: Protosynthesis\n|-start|p2a: Brute Bonnet|protosynthesisspd\n|move|p1a: Hitmontop|Wide Guard|p1a: Hitmontop\n|-singleturn|p1a: Hitmontop|Wide Guard\n|cant|p1b: Terapagos|slp\n|move|p2a: Brute Bonnet|Spore|p1a: Hitmontop\n|-status|p1a: Hitmontop|slp|[from] move: Spore\n|\n|-weather|SunnyDay|[upkeep]\n|upkeep\n|turn|4\n|j| FlixlikesCharmanda\n|\n|t:|1769421957\n|cant|p1b: Terapagos|slp\n|cant|p1a: Hitmontop|slp\n|move|p2a: Brute Bonnet|Sucker Punch||[still]\n|-fail|p2a: Brute Bonnet\n|move|p2b: Groudon|Precipice Blades|p1a: Hitmontop|[spread] p1a,p1b\n|-damage|p1a: Hitmontop|0 fnt\n|-damage|p1b: Terapagos|0 fnt\n|faint|p1a: Hitmontop\n|faint|p1b: Terapagos\n|detailschange|p1: Terapagos|Terapagos, L50, M|[silent]\n|\n|-weather|SunnyDay|[upkeep]\n|upkeep\n|\n|t:|1769421968\n|switch|p1a: Urshifu|Urshifu-Rapid-Strike, L50, F|100/100\n|switch|p1b: Ogerpon|Ogerpon-Cornerstone, L50, F|100/100\n|turn|5\n|\n|t:|1769421980\n|-terastallize|p2b: Groudon|Water\n|move|p2a: Brute Bonnet|Sucker Punch|p1b: Ogerpon\n|-damage|p1b: Ogerpon|71/100\n|move|p1a: Urshifu|Close Combat|p2a: Brute Bonnet\n|-supereffective|p2a: Brute Bonnet\n|-damage|p2a: Brute Bonnet|0 fnt\n|-unboost|p1a: Urshifu|def|1\n|-unboost|p1a: Urshifu|spd|1\n|faint|p2a: Brute Bonnet\n|-end|p2a: Brute Bonnet|Protosynthesis|[silent]\n|move|p1b: Ogerpon|Power Whip|p2b: Groudon\n|-supereffective|p2b: Groudon\n|-damage|p2b: Groudon|16/100\n|move|p2b: Groudon|Precipice Blades|p1b: Ogerpon|[spread] p1a,p1b\n|-damage|p1a: Urshifu|13/100\n|-damage|p1b: Ogerpon|4/100\n|\n|-weather|SunnyDay|[upkeep]\n|upkeep\n|\n|t:|1769421999\n|switch|p2a: Kyurem|Kyurem-White, L50|32/100\n|-ability|p2a: Kyurem|Turboblaze\n|turn|6\n|\n|t:|1769422008\n|switch|p2b: Heatran|Heatran, L50, F|100/100\n|move|p1a: Urshifu|Close Combat|p2a: Kyurem\n|-supereffective|p2a: Kyurem\n|-damage|p2a: Kyurem|0 fnt\n|-unboost|p1a: Urshifu|def|1\n|-unboost|p1a: Urshifu|spd|1\n|faint|p2a: Kyurem\n|move|p1b: Ogerpon|Ivy Cudgel|p2b: Heatran|[anim] Ivy Cudgel Rock\n|-damage|p2b: Heatran|58/100\n|\n|-weather|SunnyDay|[upkeep]\n|-heal|p2b: Heatran|64/100|[from] item: Leftovers\n|upkeep\n|\n|t:|1769422014\n|switch|p2a: Groudon|Groudon, L50, tera:Water|16/100\n|turn|7\n|\n|t:|1769422033\n|move|p1a: Urshifu|Close Combat|p2b: Heatran\n|-supereffective|p2b: Heatran\n|-damage|p2b: Heatran|0 fnt\n|-unboost|p1a: Urshifu|def|1\n|-unboost|p1a: Urshifu|spd|1\n|faint|p2b: Heatran\n|move|p1b: Ogerpon|Ivy Cudgel|p2a: Groudon|[anim] Ivy Cudgel Rock\n|-damage|p2a: Groudon|0 fnt\n|faint|p2a: Groudon\n|\n|win|4Ze1F\n|raw|4Ze1F's rating: 1416 &rarr; <strong>1433</strong><br />(+17 for winning)\n|raw|i\u2764\u5a1c\u7984forever's rating: 1367 &rarr; <strong>1350</strong><br />(-17 for losing)\n|l|\u2606i\u2764\u5a1c\u7984forever\n|player|p2|\n|l| FlixlikesCharmanda\n|l|\u26064Ze1F\n|player|p1|\n","uploadtime":1769422084,"views":14,"formatid":"gen9vgc2026regi","rating":1350,"private":0,"password":null}