{"id":"gen9vgc2026regi-2515405076","format":"[Gen 9] VGC 2026 Reg I","players":["Rillabossman","duck 7457546765"],"log":"|j|\u2606Rillabossman\n|j|\u2606duck 7457546765\n|t:|1767987401\n|gametype|doubles\n|player|p1|Rillabossman|burglar|1295\n|player|p2|duck 7457546765|cynthia|1151\n|gen|9\n|tier|[Gen 9] VGC 2026 Reg I\n|rated|\n|rule|Species Clause: Limit one of each Pok\u00e9mon\n|rule|Item Clause: Limit 1 of each item\n|clearpoke\n|poke|p1|Kyogre, L50|\n|poke|p1|Necrozma-Dusk-Mane, L50|\n|poke|p1|Amoonguss, L50, F|\n|poke|p1|Urshifu-*, L50, F|\n|poke|p1|Chien-Pao, L50|\n|poke|p1|Iron Hands, L50|\n|poke|p2|Zekrom, L50|\n|poke|p2|Reshiram, L50|\n|poke|p2|Rillaboom, L50, M|\n|poke|p2|Tornadus, L50, M|\n|poke|p2|Farigiraf, L50, F|\n|poke|p2|Flutter Mane, L50|\n|teampreview|4\n|inactive|Battle timer is ON: inactive players will automatically lose when time's up. (requested by duck 7457546765)\n|c|\u2606Rillabossman|glhf\n|c|\u2606duck 7457546765|?\n|inactive|duck 7457546765 has 60 seconds left.\n|c|\u2606duck 7457546765|whats this\n|\n|t:|1767987451\n|teamsize|p1|4\n|teamsize|p2|4\n|start\n|switch|p1a: Necrozma|Necrozma-Dusk-Mane, L50|100/100\n|switch|p1b: Iron Hands|Iron Hands, L50|100/100\n|switch|p2a: Zekrom|Zekrom, L50, shiny|100/100\n|switch|p2b: Tornadus|Tornadus, L50, M|100/100\n|-ability|p2a: Zekrom|Teravolt\n|turn|1\n|inactive|Rillabossman has 30 seconds left.\n|inactive|Rillabossman has 20 seconds left.\n|\n|t:|1767987486\n|move|p1b: Iron Hands|Fake Out|p2a: Zekrom\n|-damage|p2a: Zekrom|88/100\n|move|p2b: Tornadus|Taunt|p1a: Necrozma\n|-start|p1a: Necrozma|move: Taunt\n|cant|p2a: Zekrom|flinch\n|cant|p1a: Necrozma|move: Taunt|Trick Room\n|\n|upkeep\n|turn|2\n|\n|t:|1767987502\n|move|p2b: Tornadus|Bleakwind Storm|p1a: Necrozma|[spread] p1a,p1b\n|-resisted|p1a: Necrozma\n|-damage|p1a: Necrozma|87/100\n|-damage|p1b: Iron Hands|80/100\n|-unboost|p1b: Iron Hands|spe|1\n|move|p2a: Zekrom|Fusion Bolt|p1a: Necrozma\n|-crit|p1a: Necrozma\n|-damage|p1a: Necrozma|14/100\n|-damage|p2a: Zekrom|78/100|[from] item: Life Orb\n|move|p1a: Necrozma|Photon Geyser|p2a: Zekrom\n|-damage|p2a: Zekrom|21/100\n|move|p1b: Iron Hands|Low Kick|p2a: Zekrom\n|-damage|p2a: Zekrom|0 fnt\n|faint|p2a: Zekrom\n|\n|upkeep\n|\n|t:|1767987516\n|switch|p2a: Reshiram|Reshiram, L50, shiny|100/100\n|-ability|p2a: Reshiram|Turboblaze\n|turn|3\n|inactive|Rillabossman has 30 seconds left.\n|\n|t:|1767987552\n|switch|p1a: Kyogre|Kyogre, L50|100/100\n|-weather|RainDance|[from] ability: Drizzle|[of] p1a: Kyogre\n|move|p2b: Tornadus|Bleakwind Storm|p1a: Kyogre|[spread] p1a,p1b\n|-damage|p1a: Kyogre|79/100\n|-damage|p1b: Iron Hands|62/100\n|move|p2a: Reshiram|Fusion Flare|p1b: Iron Hands\n|-damage|p1b: Iron Hands|44/100\n|move|p1b: Iron Hands|Wild Charge|p2b: Tornadus\n|-supereffective|p2b: Tornadus\n|-damage|p2b: Tornadus|0 fnt\n|faint|p2b: Tornadus\n|-damage|p1b: Iron Hands|27/100|[from] Recoil\n|\n|-weather|RainDance|[upkeep]\n|upkeep\n|\n|t:|1767987565\n|switch|p2b: Rillaboom|Rillaboom, L50, M, shiny|100/100\n|-fieldstart|move: Grassy Terrain|[from] ability: Grassy Surge|[of] p2b: Rillaboom\n|turn|4\n|\n|t:|1767987571\n|move|p1a: Kyogre|Protect|p1a: Kyogre\n|-singleturn|p1a: Kyogre|Protect\n|move|p2b: Rillaboom|Fake Out|p1b: Iron Hands\n|-damage|p1b: Iron Hands|17/100\n|move|p2a: Reshiram|Draco Meteor|p1a: Kyogre\n|-activate|p1a: Kyogre|move: Protect\n|cant|p1b: Iron Hands|flinch\n|\n|-weather|RainDance|[upkeep]\n|-heal|p1a: Kyogre|85/100|[from] Grassy Terrain\n|-heal|p1b: Iron Hands|23/100|[from] Grassy Terrain\n|upkeep\n|turn|5\n|inactive|duck 7457546765 has 30 seconds left.\n|inactive|duck 7457546765 has 20 seconds left.\n|\n|t:|1767987609\n|-terastallize|p1a: Kyogre|Grass\n|move|p2b: Rillaboom|Grassy Glide|p1b: Iron Hands\n|-damage|p1b: Iron Hands|0 fnt\n|faint|p1b: Iron Hands\n|-end|p1b: Iron Hands|Quark Drive|[silent]\n|move|p2a: Reshiram|Draco Meteor|p1a: Kyogre|[miss]\n|-miss|p2a: Reshiram|p1a: Kyogre\n|move|p1a: Kyogre|Hydro Pump|p2a: Reshiram\n|-damage|p2a: Reshiram|0 fnt\n|faint|p2a: Reshiram\n|\n|-weather|RainDance|[upkeep]\n|-heal|p1a: Kyogre|91/100|[from] Grassy Terrain\n|upkeep\n|\n|t:|1767987620\n|switch|p1b: Necrozma|Necrozma-Dusk-Mane, L50|14/100\n|turn|6\n|\n|t:|1767987631\n|move|p1a: Kyogre|Ice Beam|p2b: Rillaboom\n|-supereffective|p2b: Rillaboom\n|-damage|p2b: Rillaboom|52/100\n|move|p2b: Rillaboom|Snarl|p1a: Kyogre|[spread] p1a,p1b\n|-crit|p1a: Kyogre\n|-supereffective|p1b: Necrozma\n|-damage|p1a: Kyogre|85/100\n|-damage|p1b: Necrozma|7/100\n|-unboost|p1a: Kyogre|spa|1\n|move|p1b: Necrozma|Photon Geyser|p2b: Rillaboom\n|-damage|p2b: Rillaboom|2/100\n|\n|-weather|RainDance|[upkeep]\n|-heal|p1a: Kyogre|91/100|[from] Grassy Terrain\n|-heal|p2b: Rillaboom|8/100|[from] Grassy Terrain\n|-heal|p1b: Necrozma|13/100|[from] Grassy Terrain\n|upkeep\n|turn|7\n|\n|t:|1767987649\n|move|p1b: Necrozma|Protect|p1b: Necrozma\n|-singleturn|p1b: Necrozma|Protect\n|move|p2b: Rillaboom|Grassy Glide|p1b: Necrozma\n|-activate|p1b: Necrozma|move: Protect\n|move|p1a: Kyogre|Ice Beam|p2b: Rillaboom\n|-supereffective|p2b: Rillaboom\n|-damage|p2b: Rillaboom|0 fnt\n|faint|p2b: Rillaboom\n|\n|win|Rillabossman\n|raw|Rillabossman's rating: 1328 &rarr; <strong>1339</strong><br />(+11 for winning)\n|raw|duck 7457546765's rating: 1151 &rarr; <strong>1138</strong><br />(-13 for losing)\n|l|\u2606duck 7457546765\n|player|p2|\n|c|\u2606Rillabossman|gg\n|j| MiraidonGoatedu\n|l|\u2606Rillabossman\n|player|p1|\n|j| lebeggar\n|j| Hawkc10ie\n|j| TadCoopper\n|l| TadCoopper\n|l| lebeggar\n|j| The Yegorushhka\n|j| Maid_Chan_Poke\n|l| Maid_Chan_Poke\n|j| SharpedoHero\n|l| SharpedoHero\n|j| Maid_Chan_Poke\n|j| Future wolfey 28\n|l| Future wolfey 28\n|j|\u2606Rillabossman\n|player|p1|Rillabossman|burglar|\n|l|\u2606Rillabossman\n|player|p1|\n|j|\u2606Rillabossman\n|player|p1|Rillabossman|burglar|\n|l|\u2606Rillabossman\n|player|p1|\n","uploadtime":1767988228,"views":21,"formatid":"gen9vgc2026regi","rating":1138,"private":0,"password":null}