{"id":"gen9vgc2026regi-2567458962","format":"[Gen 9] VGC 2026 Reg I","players":["ionspeed","slimeslatt252"],"log":"|j|\u2606ionspeed\n|j|\u2606slimeslatt252\n|t:|1774477956\n|gametype|doubles\n|player|p1|ionspeed|265|1496\n|player|p2|slimeslatt252|266|1492\n|gen|9\n|tier|[Gen 9] VGC 2026 Reg I\n|rated|\n|rule|Species Clause: Limit one of each Pok\u00e9mon\n|rule|Item Clause: Limit 1 of each item\n|clearpoke\n|poke|p1|Kyogre, L50|\n|poke|p1|Calyrex-Shadow, L50|\n|poke|p1|Indeedee-F, L50, F|\n|poke|p1|Weezing-Galar, L50, M|\n|poke|p1|Tatsugiri, L50, M|\n|poke|p1|Dondozo, L50, F|\n|poke|p2|Calyrex-Shadow, L50|\n|poke|p2|Koraidon, L50|\n|poke|p2|Incineroar, L50, M|\n|poke|p2|Raging Bolt, L50|\n|poke|p2|Brute Bonnet, L50|\n|poke|p2|Landorus, L50, M|\n|teampreview|4\n|inactive|Battle timer is ON: inactive players will automatically lose when time's up. (requested by slimeslatt252)\n|inactive|ionspeed has 60 seconds left.\n|inactive|ionspeed has 30 seconds left.\n|\n|t:|1774478022\n|teamsize|p1|4\n|teamsize|p2|4\n|start\n|switch|p1a: Calyrex|Calyrex-Shadow, L50|100/100\n|switch|p1b: Weezing|Weezing-Galar, L50, M|100/100\n|switch|p2a: Brute Bonnet|Brute Bonnet, L50|100/100\n|switch|p2b: raging dingus|Raging Bolt, L50|100/100\n|-ability|p1b: Weezing|Neutralizing Gas\n|-ability|p1a: Calyrex|As One\n|-ability|p1a: Calyrex|Unnerve\n|turn|1\n|inactive|ionspeed has 30 seconds left.\n|inactive|ionspeed has 20 seconds left.\n|inactive|ionspeed has 15 seconds left.\n|\n|t:|1774478067\n|move|p1a: Calyrex|Protect|p1a: Calyrex\n|-singleturn|p1a: Calyrex|Protect\n|move|p2b: raging dingus|Volt Switch|p1b: Weezing\n|-damage|p1b: Weezing|62/100\n|\n|t:|1774478075\n|-end|p2b: raging dingus|Protosynthesis|[silent]\n|switch|p2b: Calyrex|Calyrex-Shadow, L50|100/100|[from] Volt Switch\n|-ability|p2b: Calyrex|As One\n|-ability|p2b: Calyrex|Unnerve\n|move|p1b: Weezing|Poison Gas|p2b: Calyrex|[spread] p2a,p2b\n|-status|p2a: Brute Bonnet|psn\n|-status|p2b: Calyrex|psn\n|move|p2a: Brute Bonnet|Spore|p1a: Calyrex\n|-activate|p1a: Calyrex|move: Protect\n|\n|-damage|p2b: Calyrex|88/100 psn|[from] psn\n|-damage|p2a: Brute Bonnet|88/100 psn|[from] psn\n|upkeep\n|turn|2\n|inactive|ionspeed has 30 seconds left.\n|\n|t:|1774478107\n|-terastallize|p1a: Calyrex|Dark\n|move|p2b: Calyrex|Protect|p2b: Calyrex\n|-singleturn|p2b: Calyrex|Protect\n|move|p1a: Calyrex|Astral Barrage|p2b: Calyrex|[spread] p2a\n|-activate|p2b: Calyrex|move: Protect\n|-resisted|p2a: Brute Bonnet\n|-damage|p2a: Brute Bonnet|56/100 psn\n|-damage|p1a: Calyrex|91/100|[from] item: Life Orb\n|move|p1b: Weezing|Toxic Spikes|p2b: Calyrex\n|-sidestart|p2: slimeslatt252|move: Toxic Spikes\n|move|p2a: Brute Bonnet|Spore|p1a: Calyrex\n|-status|p1a: Calyrex|slp|[from] move: Spore\n|\n|-damage|p2b: Calyrex|75/100 psn|[from] psn\n|-damage|p2a: Brute Bonnet|44/100 psn|[from] psn\n|upkeep\n|turn|3\n|inactive|ionspeed has 30 seconds left.\n|\n|t:|1774478137\n|-terastallize|p2b: Calyrex|Ghost\n|move|p1b: Weezing|Protect|p1b: Weezing\n|-singleturn|p1b: Weezing|Protect\n|cant|p1a: Calyrex|slp\n|move|p2b: Calyrex|Astral Barrage|p1b: Weezing|[spread] p1a\n|-activate|p1b: Weezing|move: Protect\n|-resisted|p1a: Calyrex\n|-damage|p1a: Calyrex|55/100 slp\n|move|p2a: Brute Bonnet|Seed Bomb|p1a: Calyrex\n|-damage|p1a: Calyrex|12/100 slp\n|\n|-damage|p2b: Calyrex|63/100 psn|[from] psn\n|-damage|p2a: Brute Bonnet|32/100 psn|[from] psn\n|upkeep\n|turn|4\n|\n|t:|1774478161\n|move|p1b: Weezing|Protect||[still]\n|-fail|p1b: Weezing\n|move|p2a: Brute Bonnet|Sucker Punch|p1a: Calyrex\n|-resisted|p1a: Calyrex\n|-crit|p1a: Calyrex\n|-damage|p1a: Calyrex|0 fnt\n|faint|p1a: Calyrex\n|move|p2b: Calyrex|Astral Barrage|p1b: Weezing\n|-damage|p1b: Weezing|0 fnt\n|faint|p1b: Weezing\n|-end|p1b: Weezing|ability: Neutralizing Gas\n|-ability|p2b: Calyrex|Grim Neigh|boost\n|-boost|p2b: Calyrex|spa|1\n|\n|-damage|p2b: Calyrex|50/100 psn|[from] psn\n|-damage|p2a: Brute Bonnet|20/100 psn|[from] psn\n|upkeep\n|\n|t:|1774478163\n|switch|p1a: Dondozo|Dondozo, L50, F|100/100\n|switch|p1b: Tatsugiri|Tatsugiri, L50, M|100/100\n|-activate|p1b: Tatsugiri|ability: Commander|[of] p1a: Dondozo\n|-boost|p1a: Dondozo|atk|2\n|-boost|p1a: Dondozo|spa|2\n|-boost|p1a: Dondozo|spe|2\n|-boost|p1a: Dondozo|def|2\n|-boost|p1a: Dondozo|spd|2\n|turn|5\n|\n|t:|1774478172\n|move|p2a: Brute Bonnet|Sucker Punch|p1a: Dondozo\n|-damage|p1a: Dondozo|90/100\n|move|p2b: Calyrex|Astral Barrage|p1b: Tatsugiri|[spread] p1a\n|-miss|p2b: Calyrex|p1b: Tatsugiri\n|-damage|p1a: Dondozo|54/100\n|move|p1a: Dondozo|Earthquake|p2b: Calyrex|[spread] p2a,p2b\n|-miss|p1a: Dondozo|p1b: Tatsugiri\n|-resisted|p2a: Brute Bonnet\n|-damage|p2a: Brute Bonnet|7/100 psn\n|-damage|p2b: Calyrex|0 fnt\n|faint|p2b: Calyrex\n|\n|-heal|p1a: Dondozo|60/100|[from] item: Leftovers\n|-damage|p2a: Brute Bonnet|0 fnt|[from] psn\n|faint|p2a: Brute Bonnet\n|-end|p2a: Brute Bonnet|Protosynthesis|[silent]\n|upkeep\n|\n|t:|1774478175\n|switch|p2b: Koraidon|Koraidon, L50|100/100\n|switch|p2a: raging dingus|Raging Bolt, L50|100/100\n|-status|p2b: Koraidon|psn\n|-weather|SunnyDay|[from] ability: Orichalcum Pulse|[of] p2b: Koraidon\n|-activate|p2a: raging dingus|ability: Protosynthesis\n|-start|p2a: raging dingus|protosynthesisspa\n|-activate|p2b: Koraidon|Orichalcum Pulse|[source]\n|-status|p2a: raging dingus|psn\n|turn|6\n|\n|t:|1774478196\n|move|p1a: Dondozo|Protect|p1a: Dondozo\n|-singleturn|p1a: Dondozo|Protect\n|move|p2b: Koraidon|Collision Course|p1a: Dondozo\n|-activate|p1a: Dondozo|move: Protect\n|move|p2a: raging dingus|Thunderbolt|p1a: Dondozo\n|-activate|p1a: Dondozo|move: Protect\n|\n|-weather|SunnyDay|[upkeep]\n|-heal|p1a: Dondozo|67/100|[from] item: Leftovers\n|-damage|p2b: Koraidon|88/100 psn|[from] psn\n|-damage|p2a: raging dingus|88/100 psn|[from] psn\n|upkeep\n|turn|7\n|\n|t:|1774478211\n|move|p2b: Koraidon|Collision Course|p1a: Dondozo\n|-damage|p1a: Dondozo|44/100\n|move|p1a: Dondozo|Earthquake|p2a: raging dingus|[spread] p2a,p2b\n|-miss|p1a: Dondozo|p1b: Tatsugiri\n|-supereffective|p2a: raging dingus\n|-damage|p2a: raging dingus|24/100 psn\n|-damage|p2b: Koraidon|51/100 psn\n|move|p2a: raging dingus|Thunderbolt|p1a: Dondozo\n|-supereffective|p1a: Dondozo\n|-damage|p1a: Dondozo|0 fnt\n|faint|p1a: Dondozo\n|\n|-weather|SunnyDay|[upkeep]\n|-damage|p2b: Koraidon|39/100 psn|[from] psn\n|-damage|p2a: raging dingus|12/100 psn|[from] psn\n|upkeep\n|turn|8\n|\n|t:|1774478228\n|move|p1b: Tatsugiri|Protect|p1b: Tatsugiri\n|-singleturn|p1b: Tatsugiri|Protect\n|move|p2a: raging dingus|Thunderclap||[still]\n|-fail|p2a: raging dingus\n|move|p2b: Koraidon|Collision Course|p1b: Tatsugiri\n|-activate|p1b: Tatsugiri|move: Protect\n|\n|-weather|SunnyDay|[upkeep]\n|-damage|p2b: Koraidon|26/100 psn|[from] psn\n|-damage|p2a: raging dingus|0 fnt|[from] psn\n|faint|p2a: raging dingus\n|-end|p2a: raging dingus|Protosynthesis|[silent]\n|upkeep\n|turn|9\n|\n|t:|1774478246\n|move|p2b: Koraidon|Collision Course|p1b: Tatsugiri\n|-enditem|p1b: Tatsugiri|Focus Sash\n|-damage|p1b: Tatsugiri|1/100\n|move|p1b: Tatsugiri|Icy Wind|p2b: Koraidon\n|-supereffective|p2b: Koraidon\n|-damage|p2b: Koraidon|0 fnt\n|faint|p2b: Koraidon\n|\n|win|ionspeed\n|raw|ionspeed's rating: 1496 &rarr; <strong>1516</strong><br />(+20 for winning)\n|raw|slimeslatt252's rating: 1492 &rarr; <strong>1472</strong><br />(-20 for losing)\n|l|\u2606slimeslatt252\n|player|p2|\n","uploadtime":1774478495,"views":12,"formatid":"gen9vgc2026regi","rating":1472,"private":0,"password":null}