{"id":"gen9vgc2026regi-2535720746","format":"[Gen 9] VGC 2026 Reg I","players":["cdogp3","Rypassed You"],"log":"|j|\u2606cdogp3\n|j|\u2606Rypassed You\n|t:|1770599995\n|gametype|doubles\n|player|p1|cdogp3|hoopster|1518\n|player|p2|Rypassed You|drayton|1416\n|gen|9\n|tier|[Gen 9] VGC 2026 Reg I\n|rated|\n|rule|Species Clause: Limit one of each Pok\u00e9mon\n|rule|Item Clause: Limit 1 of each item\n|clearpoke\n|poke|p1|Koraidon, L50|\n|poke|p1|Calyrex-Shadow, L50|\n|poke|p1|Flutter Mane, L50|\n|poke|p1|Incineroar, L50, F|\n|poke|p1|Clefairy, L50, F|\n|poke|p1|Rillaboom, L50, F|\n|poke|p2|Kyogre, L50|\n|poke|p2|Miraidon, L50|\n|poke|p2|Tornadus, L50, M|\n|poke|p2|Iron Hands, L50|\n|poke|p2|Farigiraf, L50, F|\n|poke|p2|Urshifu-*, L50, M|\n|teampreview|4\n|inactive|Battle timer is ON: inactive players will automatically lose when time's up. (requested by Rypassed You)\n|inactive|cdogp3 also wants the timer to be on.\n|\n|t:|1770600018\n|teamsize|p1|4\n|teamsize|p2|4\n|start\n|switch|p1a: Calyrex|Calyrex-Shadow, L50|100/100\n|switch|p1b: Rillaboom|Rillaboom, L50, F|100/100\n|switch|p2a: \u30c8\u30eb\u30cd\u30ed\u30b9|Tornadus, L50, M|100/100\n|switch|p2b: Natalia|Miraidon, L50|100/100\n|-ability|p1a: Calyrex|As One\n|-ability|p1a: Calyrex|Unnerve\n|-fieldstart|move: Electric Terrain|[from] ability: Hadron Engine|[of] p2b: Natalia\n|-fieldstart|move: Grassy Terrain|[from] ability: Grassy Surge|[of] p1b: Rillaboom\n|turn|1\n|inactive|Rypassed You has 30 seconds left.\n|\n|t:|1770600051\n|switch|p2a: Josy|Farigiraf, L50, F|100/100\n|move|p1a: Calyrex|Astral Barrage|p2b: Natalia|[spread] p2b\n|-immune|p2a: Josy\n|-damage|p2b: Natalia|32/100\n|-damage|p1a: Calyrex|91/100|[from] item: Life Orb\n|move|p2b: Natalia|Volt Switch|p1a: Calyrex\n|-damage|p1a: Calyrex|38/100\n|\n|t:|1770600061\n|switch|p2b: \u30c8\u30eb\u30cd\u30ed\u30b9|Tornadus, L50, M|100/100|[from] Volt Switch\n|move|p1b: Rillaboom|U-turn|p2a: Josy\n|-supereffective|p2a: Josy\n|-damage|p2a: Josy|57/100\n|\n|t:|1770600067\n|switch|p1b: Flutter Mane|Flutter Mane, L50|100/100|[from] U-turn\n|\n|-heal|p1a: Calyrex|44/100|[from] Grassy Terrain\n|-heal|p2a: Josy|63/100|[from] Grassy Terrain\n|upkeep\n|turn|2\n|inactive|Rypassed You has 30 seconds left.\n|\n|t:|1770600094\n|move|p2b: \u30c8\u30eb\u30cd\u30ed\u30b9|Tailwind|p2b: \u30c8\u30eb\u30cd\u30ed\u30b9\n|-sidestart|p2: Rypassed You|move: Tailwind\n|move|p1b: Flutter Mane|Icy Wind|p2a: Josy|[spread] p2a,p2b\n|-supereffective|p2b: \u30c8\u30eb\u30cd\u30ed\u30b9\n|-damage|p2a: Josy|51/100\n|-damage|p2b: \u30c8\u30eb\u30cd\u30ed\u30b9|57/100\n|-unboost|p2a: Josy|spe|1\n|-unboost|p2b: \u30c8\u30eb\u30cd\u30ed\u30b9|spe|1\n|move|p1a: Calyrex|Astral Barrage|p2a: Josy|[spread] p2b\n|-immune|p2a: Josy\n|-damage|p2b: \u30c8\u30eb\u30cd\u30ed\u30b9|0 fnt\n|faint|p2b: \u30c8\u30eb\u30cd\u30ed\u30b9\n|-ability|p1a: Calyrex|Grim Neigh|boost\n|-boost|p1a: Calyrex|spa|1\n|-damage|p1a: Calyrex|34/100|[from] item: Life Orb\n|move|p2a: Josy|Foul Play|p1a: Calyrex\n|-supereffective|p1a: Calyrex\n|-damage|p1a: Calyrex|0 fnt\n|faint|p1a: Calyrex\n|\n|-heal|p2a: Josy|57/100|[from] Grassy Terrain\n|upkeep\n|\n|t:|1770600111\n|switch|p1a: Rillaboom|Rillaboom, L50, F|100/100\n|switch|p2b: Natalia|Miraidon, L50|32/100\n|-fieldstart|move: Electric Terrain|[from] ability: Hadron Engine|[of] p2b: Natalia\n|-enditem|p2a: Josy|Electric Seed\n|-boost|p2a: Josy|def|1|[from] item: Electric Seed\n|-fieldstart|move: Grassy Terrain|[from] ability: Grassy Surge|[of] p1a: Rillaboom\n|turn|3\n|\n|t:|1770600129\n|move|p2a: Josy|Helping Hand|p2b: Natalia\n|-singleturn|p2b: Natalia|Helping Hand|[of] p2a: Josy\n|move|p2b: Natalia|Volt Switch|p1b: Flutter Mane\n|-damage|p1b: Flutter Mane|8/100\n|\n|t:|1770600133\n|switch|p2b: Dhruva|Kyogre, L50|100/100|[from] Volt Switch\n|-weather|RainDance|[from] ability: Drizzle|[of] p2b: Dhruva\n|move|p1b: Flutter Mane|Moonblast|p2a: Josy\n|-damage|p2a: Josy|19/100\n|move|p1a: Rillaboom|U-turn|p2a: Josy\n|-supereffective|p2a: Josy\n|-damage|p2a: Josy|0 fnt\n|faint|p2a: Josy\n|\n|t:|1770600143\n|switch|p1a: Koraidon|Koraidon, L50|100/100|[from] U-turn\n|-weather|SunnyDay|[from] ability: Orichalcum Pulse|[of] p1a: Koraidon\n|-activate|p1b: Flutter Mane|ability: Protosynthesis\n|-start|p1b: Flutter Mane|protosynthesisspe\n|-activate|p1a: Koraidon|Orichalcum Pulse|[source]\n|\n|-weather|SunnyDay|[upkeep]\n|-heal|p1b: Flutter Mane|14/100|[from] Grassy Terrain\n|upkeep\n|\n|t:|1770600145\n|switch|p2a: Natalia|Miraidon, L50|32/100\n|-fieldstart|move: Electric Terrain|[from] ability: Hadron Engine|[of] p2a: Natalia\n|turn|4\n|\n|t:|1770600152\n|-end|p1b: Flutter Mane|Protosynthesis|[silent]\n|switch|p1b: Rillaboom|Rillaboom, L50, F|100/100\n|-fieldstart|move: Grassy Terrain|[from] ability: Grassy Surge|[of] p1b: Rillaboom\n|-terastallize|p2a: Natalia|Fairy\n|move|p1a: Koraidon|Protect|p1a: Koraidon\n|-singleturn|p1a: Koraidon|Protect\n|move|p2a: Natalia|Dazzling Gleam|p1a: Koraidon|[spread] p1b\n|-activate|p1a: Koraidon|move: Protect\n|-damage|p1b: Rillaboom|64/100\n|move|p2b: Dhruva|Ice Beam|p1a: Koraidon\n|-activate|p1a: Koraidon|move: Protect\n|\n|-weather|SunnyDay|[upkeep]\n|-heal|p2a: Natalia|38/100|[from] Grassy Terrain\n|-heal|p1b: Rillaboom|70/100|[from] Grassy Terrain\n|upkeep\n|turn|5\n|\n|t:|1770600165\n|-terastallize|p1a: Koraidon|Fire\n|move|p1b: Rillaboom|Grassy Glide|p2b: Dhruva\n|-supereffective|p2b: Dhruva\n|-damage|p2b: Dhruva|19/100\n|move|p2a: Natalia|Dazzling Gleam|p1a: Koraidon|[spread] p1a,p1b\n|-resisted|p1a: Koraidon\n|-damage|p1a: Koraidon|79/100\n|-damage|p1b: Rillaboom|37/100\n|move|p2b: Dhruva|Water Spout|p1b: Rillaboom|[spread] p1a,p1b\n|-supereffective|p1a: Koraidon\n|-resisted|p1b: Rillaboom\n|-damage|p1a: Koraidon|67/100\n|-damage|p1b: Rillaboom|35/100\n|move|p1a: Koraidon|Flame Charge|p2a: Natalia\n|-damage|p2a: Natalia|0 fnt\n|-boost|p1a: Koraidon|spe|1\n|faint|p2a: Natalia\n|\n|-weather|SunnyDay|[upkeep]\n|-heal|p2b: Dhruva|25/100|[from] Grassy Terrain\n|-heal|p1a: Koraidon|73/100|[from] Grassy Terrain\n|-heal|p1b: Rillaboom|41/100|[from] Grassy Terrain\n|-sideend|p2: Rypassed You|move: Tailwind\n|upkeep\n|turn|6\n|-message|Rypassed You forfeited.\n|\n|win|cdogp3\n|raw|cdogp3's rating: 1518 &rarr; <strong>1532</strong><br />(+14 for winning)\n|raw|Rypassed You's rating: 1416 &rarr; <strong>1402</strong><br />(-14 for losing)\n|l|\u2606Rypassed You\n|player|p2|\n|l|\u2606cdogp3\n|player|p1|\n","uploadtime":1770600333,"views":14,"formatid":"gen9vgc2026regi","rating":1402,"private":0,"password":null}