{"id":"gen9vgc2026regi-2568479662","format":"[Gen 9] VGC 2026 Reg I","players":["root2iris","fernsthedruids"],"log":"|j|\u2606root2iris\n|j|\u2606fernsthedruids\n|t:|1774583382\n|gametype|doubles\n|player|p1|root2iris|guitarist|1396\n|player|p2|fernsthedruids|169|1404\n|gen|9\n|tier|[Gen 9] VGC 2026 Reg I\n|rated|\n|rule|Species Clause: Limit one of each Pok\u00e9mon\n|rule|Item Clause: Limit 1 of each item\n|clearpoke\n|poke|p1|Volcarona, L50, F|\n|poke|p1|Terapagos, L50, M|\n|poke|p1|Miraidon, L50|\n|poke|p1|Incineroar, L50, F|\n|poke|p1|Sinistcha-Masterpiece, L50|\n|poke|p1|Iron Treads, L50|\n|poke|p2|Kyogre, L50|\n|poke|p2|Calyrex-Ice, L50|\n|poke|p2|Raging Bolt, L50|\n|poke|p2|Tornadus, L50, M|\n|poke|p2|Incineroar, L50, F|\n|poke|p2|Amoonguss, L50, F|\n|teampreview|4\n|inactive|Battle timer is ON: inactive players will automatically lose when time's up. (requested by root2iris)\n|inactive|fernsthedruids has 60 seconds left.\n|inactive|fernsthedruids has 30 seconds left.\n|\n|t:|1774583445\n|teamsize|p1|4\n|teamsize|p2|4\n|start\n|switch|p1a: Terapagos|Terapagos, L50, M|100/100\n|switch|p1b: Miraidon|Miraidon, L50|100/100\n|switch|p2a: Incineroar|Incineroar, L50, F|100/100\n|switch|p2b: Kyogre|Kyogre, L50|100/100\n|-activate|p1a: Terapagos|ability: Tera Shift\n|detailschange|p1a: Terapagos|Terapagos-Terastal, L50, M\n|-heal|p1a: Terapagos|100/100|[silent]\n|-fieldstart|move: Electric Terrain|[from] ability: Hadron Engine|[of] p1b: Miraidon\n|-enditem|p1a: Terapagos|Electric Seed\n|-boost|p1a: Terapagos|def|1|[from] item: Electric Seed\n|-weather|RainDance|[from] ability: Drizzle|[of] p2b: Kyogre\n|-ability|p2a: Incineroar|Intimidate|boost\n|-unboost|p1a: Terapagos|atk|1\n|-unboost|p1b: Miraidon|atk|1\n|turn|1\n|\n|t:|1774583465\n|move|p2a: Incineroar|Fake Out|p1b: Miraidon\n|-damage|p1b: Miraidon|92/100\n|cant|p1b: Miraidon|flinch\n|move|p2b: Kyogre|Water Spout|p1b: Miraidon|[spread] p1a,p1b\n|-activate|p1a: Terapagos|ability: Tera Shell\n|-resisted|p1a: Terapagos\n|-resisted|p1b: Miraidon\n|-damage|p1a: Terapagos|45/100\n|-damage|p1b: Miraidon|57/100\n|move|p1a: Terapagos|Calm Mind|p1a: Terapagos\n|-boost|p1a: Terapagos|spa|1\n|-boost|p1a: Terapagos|spd|1\n|\n|-weather|RainDance|[upkeep]\n|upkeep\n|turn|2\n|\n|t:|1774583486\n|-terastallize|p2b: Kyogre|Grass\n|-terastallize|p1a: Terapagos|Stellar\n|detailschange|p1a: Terapagos|Terapagos-Stellar, L50, M, tera:Stellar\n|-heal|p1a: Terapagos|59/100|[silent]\n|-ability|p1a: Terapagos|Teraform Zero\n|-weather|none\n|-fieldend|move: Electric Terrain\n|move|p1b: Miraidon|Volt Switch|p2a: Incineroar\n|-damage|p2a: Incineroar|69/100\n|\n|t:|1774583495\n|switch|p1b: Sinistcha|Sinistcha-Masterpiece, L50, shiny|100/100|[from] Volt Switch\n|-heal|p1a: Terapagos|84/100|[from] ability: Hospitality|[of] p1b: Sinistcha\n|move|p2b: Kyogre|Water Spout|p1b: Sinistcha|[spread] p1a,p1b\n|-resisted|p1b: Sinistcha\n|-damage|p1a: Terapagos|47/100\n|-damage|p1b: Sinistcha|59/100\n|move|p1a: Terapagos|Tera Starstorm|p2a: Incineroar|[spread] p2a,p2b\n|-supereffective|p2b: Kyogre\n|-damage|p2a: Incineroar|25/100\n|-damage|p2b: Kyogre|27/100\n|move|p2a: Incineroar|Parting Shot|p1b: Sinistcha\n|-unboost|p1b: Sinistcha|atk|1\n|-unboost|p1b: Sinistcha|spa|1\n|\n|t:|1774583502\n|switch|p2a: Calyrex|Calyrex-Ice, L50|100/100|[from] Parting Shot\n|-ability|p2a: Calyrex|As One\n|-ability|p2a: Calyrex|Unnerve\n|\n|upkeep\n|turn|3\n|\n|t:|1774583527\n|switch|p1b: Incineroar|Incineroar, L50, F|100/100\n|-ability|p1b: Incineroar|Intimidate|boost\n|-fail|p2a: Calyrex|unboost|[from] item: Clear Amulet|[of] p2a: Calyrex\n|-unboost|p2b: Kyogre|atk|1\n|move|p2b: Kyogre|Origin Pulse|p1b: Incineroar|[spread] p1b\n|-miss|p2b: Kyogre|p1a: Terapagos\n|-supereffective|p1b: Incineroar\n|-damage|p1b: Incineroar|0 fnt\n|faint|p1b: Incineroar\n|move|p1a: Terapagos|Tera Starstorm|p2b: Kyogre|[spread] p2a,p2b\n|-supereffective|p2b: Kyogre\n|-damage|p2a: Calyrex|71/100\n|-damage|p2b: Kyogre|0 fnt\n|faint|p2b: Kyogre\n|move|p2a: Calyrex|Glacial Lance|p1a: Terapagos\n|-damage|p1a: Terapagos|22/100\n|\n|upkeep\n|\n|t:|1774583544\n|switch|p2b: Incineroar|Incineroar, L50, F|25/100\n|switch|p1b: Sinistcha|Sinistcha-Masterpiece, L50, shiny|59/100\n|-ability|p2b: Incineroar|Intimidate|boost\n|-unboost|p1a: Terapagos|atk|1\n|-unboost|p1b: Sinistcha|atk|1\n|-heal|p1a: Terapagos|47/100|[from] ability: Hospitality|[of] p1b: Sinistcha\n|turn|4\n|\n|t:|1774583560\n|move|p1a: Terapagos|Protect|p1a: Terapagos\n|-singleturn|p1a: Terapagos|Protect\n|move|p2b: Incineroar|Fake Out|p1a: Terapagos\n|-activate|p1a: Terapagos|move: Protect\n|move|p1b: Sinistcha|Strength Sap|p2a: Calyrex\n|-fail|p2a: Calyrex|unboost|[from] item: Clear Amulet|[of] p2a: Calyrex\n|-heal|p1b: Sinistcha|100/100\n|move|p2a: Calyrex|Trick Room|p2a: Calyrex\n|-fieldstart|move: Trick Room|[of] p2a: Calyrex\n|\n|upkeep\n|turn|5\n|\n|t:|1774583581\n|move|p1b: Sinistcha|Protect|p1b: Sinistcha\n|-singleturn|p1b: Sinistcha|Protect\n|move|p2a: Calyrex|Glacial Lance|p1b: Sinistcha|[spread] p1a\n|-activate|p1b: Sinistcha|move: Protect\n|-damage|p1a: Terapagos|29/100\n|move|p2b: Incineroar|Will-O-Wisp|p1a: Terapagos\n|-status|p1a: Terapagos|brn\n|move|p1a: Terapagos|Tera Starstorm|p2b: Incineroar|[spread] p2a,p2b\n|-damage|p2a: Calyrex|39/100\n|-damage|p2b: Incineroar|0 fnt\n|faint|p2b: Incineroar\n|\n|-damage|p1a: Terapagos|22/100 brn|[from] brn\n|upkeep\n|\n|t:|1774583592\n|switch|p2b: Raging Bolt|Raging Bolt, L50|100/100\n|turn|6\n|\n|t:|1774583611\n|move|p1a: Terapagos|Protect|p1a: Terapagos\n|-singleturn|p1a: Terapagos|Protect\n|move|p2a: Calyrex|Glacial Lance|p1b: Sinistcha|[spread] p1b\n|-activate|p1a: Terapagos|move: Protect\n|-supereffective|p1b: Sinistcha\n|-damage|p1b: Sinistcha|3/100\n|move|p1b: Sinistcha|Shadow Ball|p2a: Calyrex\n|-supereffective|p2a: Calyrex\n|-damage|p2a: Calyrex|0 fnt\n|faint|p2a: Calyrex\n|move|p2b: Raging Bolt|Thunderbolt|p1b: Sinistcha\n|-resisted|p1b: Sinistcha\n|-damage|p1b: Sinistcha|0 fnt\n|faint|p1b: Sinistcha\n|-damage|p2b: Raging Bolt|91/100|[from] item: Life Orb\n|\n|-damage|p1a: Terapagos|16/100 brn|[from] brn\n|upkeep\n|\n|t:|1774583614\n|switch|p1b: Miraidon|Miraidon, L50|57/100\n|-fieldstart|move: Electric Terrain|[from] ability: Hadron Engine|[of] p1b: Miraidon\n|turn|7\n|inactive|fernsthedruids has 30 seconds left.\n|\n|t:|1774583648\n|move|p1a: Terapagos|Earth Power|p2b: Raging Bolt\n|-supereffective|p2b: Raging Bolt\n|-damage|p2b: Raging Bolt|8/100\n|move|p2b: Raging Bolt|Draco Meteor|p1b: Miraidon\n|-supereffective|p1b: Miraidon\n|-crit|p1b: Miraidon\n|-damage|p1b: Miraidon|0 fnt\n|-unboost|p2b: Raging Bolt|spa|2\n|faint|p1b: Miraidon\n|-damage|p2b: Raging Bolt|0 fnt|[from] item: Life Orb\n|faint|p2b: Raging Bolt\n|-end|p2b: Raging Bolt|Protosynthesis|[silent]\n|\n|win|root2iris\n|raw|root2iris's rating: 1396 &rarr; <strong>1416</strong><br />(+20 for winning)\n|raw|fernsthedruids's rating: 1404 &rarr; <strong>1384</strong><br />(-20 for losing)\n","uploadtime":1774583661,"views":20,"formatid":"gen9vgc2026regi","rating":1384,"private":0,"password":null}