{"id":"gen9vgc2026regi-2525517143","format":"[Gen 9] VGC 2026 Reg I","players":["Zordor","j0l0k0"],"log":"|j|\u2606Zordor\n|j|\u2606j0l0k0\n|t:|1769290311\n|gametype|doubles\n|player|p1|Zordor|pilot|1552\n|player|p2|j0l0k0|brycen|1400\n|gen|9\n|tier|[Gen 9] VGC 2026 Reg I\n|rated|\n|rule|Species Clause: Limit one of each Pok\u00e9mon\n|rule|Item Clause: Limit 1 of each item\n|clearpoke\n|poke|p1|Entei, L50|\n|poke|p1|Walking Wake, L50|\n|poke|p1|Zacian-*, L50|\n|poke|p1|Groudon, L50|\n|poke|p1|Rillaboom, L50, M|\n|poke|p1|Raging Bolt, L50|\n|poke|p2|Calyrex-Ice, L50|\n|poke|p2|Kyogre, L50|\n|poke|p2|Indeedee-F, L50, F|\n|poke|p2|Urshifu-*, L50, F|\n|poke|p2|Amoonguss, L50, F|\n|poke|p2|Landorus, L50, M|\n|teampreview|4\n|inactive|Battle timer is ON: inactive players will automatically lose when time's up. (requested by j0l0k0)\n|inactive|Zordor has 60 seconds left.\n|\n|t:|1769290342\n|teamsize|p1|4\n|teamsize|p2|4\n|start\n|switch|p1a: Walking Wake|Walking Wake, L50|100/100\n|switch|p1b: Zacian|Zacian-Crowned, L50|100/100\n|switch|p2a: Indeedee|Indeedee-F, L50, F, shiny|100/100\n|switch|p2b: Calyrex|Calyrex-Ice, L50|100/100\n|-ability|p2b: Calyrex|As One\n|-ability|p2b: Calyrex|Unnerve\n|-ability|p1b: Zacian|Intrepid Sword|boost\n|-boost|p1b: Zacian|atk|1\n|-fieldstart|move: Psychic Terrain|[from] ability: Psychic Surge|[of] p2a: Indeedee\n|-enditem|p1a: Walking Wake|Booster Energy\n|-activate|p1a: Walking Wake|ability: Protosynthesis|[fromitem]\n|-start|p1a: Walking Wake|protosynthesisspe\n|turn|1\n|inactive|Zordor has 30 seconds left.\n|inactive|Zordor has 20 seconds left.\n|\n|t:|1769290382\n|move|p2a: Indeedee|Follow Me|p2a: Indeedee\n|-singleturn|p2a: Indeedee|move: Follow Me\n|move|p1a: Walking Wake|Snarl|p2b: Calyrex|[spread] p2a,p2b\n|-supereffective|p2a: Indeedee\n|-supereffective|p2b: Calyrex\n|-damage|p2a: Indeedee|80/100\n|-damage|p2b: Calyrex|83/100\n|-unboost|p2a: Indeedee|spa|1\n|move|p1b: Zacian|Sacred Sword|p2a: Indeedee\n|-damage|p2a: Indeedee|24/100\n|move|p2b: Calyrex|Trick Room|p2b: Calyrex\n|-fieldstart|move: Trick Room|[of] p2b: Calyrex\n|\n|upkeep\n|turn|2\n|\n|t:|1769290396\n|move|p2a: Indeedee|Helping Hand|p2b: Calyrex\n|-singleturn|p2b: Calyrex|Helping Hand|[of] p2a: Indeedee\n|move|p1b: Zacian|Protect|p1b: Zacian\n|-singleturn|p1b: Zacian|Protect\n|move|p1a: Walking Wake|Protect|p1a: Walking Wake\n|-singleturn|p1a: Walking Wake|Protect\n|move|p2b: Calyrex|Glacial Lance|p1a: Walking Wake|[spread] \n|-activate|p1a: Walking Wake|move: Protect\n|-activate|p1b: Zacian|move: Protect\n|\n|upkeep\n|turn|3\n|inactive|Zordor has 30 seconds left.\n|inactive|Zordor has 20 seconds left.\n|inactive|Zordor has 15 seconds left.\n|inactive|j0l0k0 has 30 seconds left.\n|\n|t:|1769290445\n|-end|p1a: Walking Wake|Protosynthesis|[silent]\n|switch|p1a: Entei|Entei, L50|100/100\n|move|p2a: Indeedee|Follow Me|p2a: Indeedee\n|-singleturn|p2a: Indeedee|move: Follow Me\n|move|p2b: Calyrex|Glacial Lance|p1b: Zacian|[spread] p1a,p1b\n|-resisted|p1a: Entei\n|-resisted|p1b: Zacian\n|-damage|p1a: Entei|78/100\n|-damage|p1b: Zacian|75/100\n|move|p1b: Zacian|Play Rough|p2a: Indeedee\n|-damage|p2a: Indeedee|0 fnt\n|faint|p2a: Indeedee\n|\n|-heal|p1a: Entei|84/100|[from] item: Leftovers\n|upkeep\n|\n|t:|1769290459\n|switch|p2a: Landorus|Landorus, L50, M, shiny|100/100\n|turn|4\n|inactive|Zordor has 30 seconds left.\n|\n|t:|1769290485\n|move|p1b: Zacian|Protect|p1b: Zacian\n|-singleturn|p1b: Zacian|Protect\n|move|p2b: Calyrex|Glacial Lance|p1b: Zacian|[spread] p1a\n|-activate|p1b: Zacian|move: Protect\n|-resisted|p1a: Entei\n|-damage|p1a: Entei|57/100\n|move|p2a: Landorus|Sandsear Storm|p1b: Zacian|[spread] \n|-activate|p1b: Zacian|move: Protect\n|-miss|p2a: Landorus|p1a: Entei\n|move|p1a: Entei|Substitute|p1a: Entei\n|-start|p1a: Entei|Substitute\n|-damage|p1a: Entei|32/100\n|\n|-heal|p1a: Entei|38/100|[from] item: Leftovers\n|upkeep\n|turn|5\n|inactive|j0l0k0 has 30 seconds left.\n|\n|t:|1769290512\n|-terastallize|p1b: Zacian|Dark\n|move|p1a: Entei|Protect|p1a: Entei\n|-singleturn|p1a: Entei|Protect\n|move|p2b: Calyrex|Close Combat|p1a: Entei\n|-activate|p1a: Entei|move: Protect\n|move|p2a: Landorus|Sandsear Storm|p1b: Zacian|[spread] p1b\n|-activate|p1a: Entei|move: Protect\n|-damage|p1b: Zacian|19/100\n|move|p1b: Zacian|Behemoth Blade|p2a: Landorus\n|-damage|p2a: Landorus|13/100\n|\n|-heal|p1a: Entei|44/100|[from] item: Leftovers\n|-fieldend|move: Trick Room\n|-fieldend|move: Psychic Terrain\n|upkeep\n|turn|6\n|\n|t:|1769290530\n|-terastallize|p2b: Calyrex|Normal\n|move|p1b: Zacian|Play Rough|p2b: Calyrex\n|-damage|p2b: Calyrex|38/100\n|move|p1a: Entei|Sacred Fire|p2b: Calyrex\n|-damage|p2b: Calyrex|13/100\n|-status|p2b: Calyrex|brn\n|move|p2a: Landorus|Sandsear Storm|p1a: Entei|[spread] p1b\n|-miss|p2a: Landorus|p1a: Entei\n|-crit|p1b: Zacian\n|-damage|p1b: Zacian|0 fnt\n|faint|p1b: Zacian\n|move|p2b: Calyrex|Trick Room|p2b: Calyrex\n|-fieldstart|move: Trick Room|[of] p2b: Calyrex\n|\n|-heal|p1a: Entei|50/100|[from] item: Leftovers\n|-damage|p2b: Calyrex|7/100 brn|[from] brn\n|upkeep\n|\n|t:|1769290553\n|switch|p1b: Raging Bolt|Raging Bolt, L50|100/100\n|turn|7\n|\n|t:|1769290560\n|move|p1b: Raging Bolt|Protect|p1b: Raging Bolt\n|-singleturn|p1b: Raging Bolt|Protect\n|move|p1a: Entei|Protect|p1a: Entei\n|-singleturn|p1a: Entei|Protect\n|move|p2b: Calyrex|Glacial Lance|p1a: Entei|[spread] \n|-activate|p1a: Entei|move: Protect\n|-activate|p1b: Raging Bolt|move: Protect\n|move|p2a: Landorus|Sandsear Storm|p1b: Raging Bolt|[spread] \n|-activate|p1a: Entei|move: Protect\n|-activate|p1b: Raging Bolt|move: Protect\n|\n|-heal|p1a: Entei|57/100|[from] item: Leftovers\n|-damage|p2b: Calyrex|1/100 brn|[from] brn\n|upkeep\n|turn|8\n|\n|t:|1769290583\n|move|p1a: Entei|Extreme Speed|p2a: Landorus\n|-damage|p2a: Landorus|0 fnt\n|faint|p2a: Landorus\n|move|p1b: Raging Bolt|Thunderclap|p2b: Calyrex\n|-damage|p2b: Calyrex|0 fnt\n|faint|p2b: Calyrex\n|\n|-heal|p1a: Entei|63/100|[from] item: Leftovers\n|upkeep\n|\n|t:|1769290593\n|switch|p2b: Kyogre|Kyogre, L50, shiny|100/100\n|-weather|RainDance|[from] ability: Drizzle|[of] p2b: Kyogre\n|turn|9\n|\n|t:|1769290600\n|move|p1b: Raging Bolt|Protect|p1b: Raging Bolt\n|-singleturn|p1b: Raging Bolt|Protect\n|move|p1a: Entei|Protect|p1a: Entei\n|-singleturn|p1a: Entei|Protect\n|move|p2b: Kyogre|Water Spout|p1a: Entei|[spread] \n|-activate|p1a: Entei|move: Protect\n|-activate|p1b: Raging Bolt|move: Protect\n|\n|-weather|RainDance|[upkeep]\n|-heal|p1a: Entei|69/100|[from] item: Leftovers\n|upkeep\n|turn|10\n|c|\u2606j0l0k0|ggwp\n|\n|t:|1769290611\n|move|p1a: Entei|Extreme Speed|p2b: Kyogre\n|-damage|p2b: Kyogre|80/100\n|move|p1b: Raging Bolt|Thunderclap|p2b: Kyogre\n|-supereffective|p2b: Kyogre\n|-damage|p2b: Kyogre|47/100\n|move|p2b: Kyogre|Water Spout|p1b: Raging Bolt|[spread] p1a,p1b\n|-supereffective|p1a: Entei\n|-end|p1a: Entei|Substitute\n|-resisted|p1b: Raging Bolt\n|-damage|p1b: Raging Bolt|80/100\n|\n|-weather|RainDance|[upkeep]\n|-heal|p1a: Entei|75/100|[from] item: Leftovers\n|-fieldend|move: Trick Room\n|upkeep\n|turn|11\n|\n|t:|1769290625\n|move|p1a: Entei|Extreme Speed|p2b: Kyogre\n|-damage|p2b: Kyogre|25/100\n|move|p1b: Raging Bolt|Thunderclap|p2b: Kyogre\n|-supereffective|p2b: Kyogre\n|-damage|p2b: Kyogre|0 fnt\n|faint|p2b: Kyogre\n|\n|win|Zordor\n|raw|Zordor's rating: 1552 &rarr; <strong>1564</strong><br />(+12 for winning)\n|raw|j0l0k0's rating: 1400 &rarr; <strong>1388</strong><br />(-12 for losing)\n|l|\u2606j0l0k0\n|player|p2|\n|l|\u2606Zordor\n|player|p1|\n","uploadtime":1769290879,"views":17,"formatid":"gen9vgc2026regi","rating":1388,"private":0,"password":null}