{"id":"gen9vgc2026regi-2587480656","format":"[Gen 9] VGC 2026 Reg I","players":["castiel123","SteelTeem6"],"log":"|j|\u2606castiel123\n|j|\u2606SteelTeem6\n|t:|1776535410\n|gametype|doubles\n|player|p1|castiel123|ghetsis-gen5bw|1353\n|player|p2|SteelTeem6|policeman-gen4|1343\n|gen|9\n|tier|[Gen 9] VGC 2026 Reg I\n|rated|\n|rule|Species Clause: Limit one of each Pok\u00e9mon\n|rule|Item Clause: Limit 1 of each item\n|clearpoke\n|poke|p1|Zamazenta-*, L50|\n|poke|p1|Annihilape, L50, M|\n|poke|p1|Amoonguss, L50, F|\n|poke|p1|Terapagos, L50, M|\n|poke|p1|Chi-Yu, L50|\n|poke|p1|Whimsicott, L50, F|\n|poke|p2|Kyogre, L50|\n|poke|p2|Whimsicott, L50, M|\n|poke|p2|Calyrex-Ice, L50|\n|poke|p2|Incineroar, L50, M|\n|poke|p2|Porygon2, L50|\n|poke|p2|Polteageist, L50|\n|teampreview|4\n|inactive|Battle timer is ON: inactive players will automatically lose when time's up. (requested by SteelTeem6)\nSteelTeem6 rejected open team sheets.\n|\n|t:|1776535429\n|teamsize|p1|4\n|teamsize|p2|4\n|start\n|switch|p1a: Whimsicott|Whimsicott, L50, F|100/100\n|switch|p1b: Chi-Yu|Chi-Yu, L50|100/100\n|switch|p2a: Whimsicott|Whimsicott, L50, M|100/100\n|switch|p2b: Kyogre|Kyogre, L50|100/100\n|-ability|p1b: Chi-Yu|Beads of Ruin\n|-weather|RainDance|[from] ability: Drizzle|[of] p2b: Kyogre\n|turn|1\n|\n|t:|1776535455\n|switch|p1b: Amoonguss|Amoonguss, L50, F|100/100\n|move|p2b: Kyogre|Protect|p2b: Kyogre\n|-singleturn|p2b: Kyogre|Protect\n|move|p1a: Whimsicott|Sunny Day|p1a: Whimsicott\n|-weather|SunnyDay\n|move|p2a: Whimsicott|Trick Room|p2a: Whimsicott\n|-fieldstart|move: Trick Room|[of] p2a: Whimsicott\n|\n|-weather|SunnyDay|[upkeep]\n|upkeep\n|turn|2\n|\n|t:|1776535468\n|switch|p1a: Terapagos|Terapagos, L50, M|100/100\n|-activate|p1a: Terapagos|ability: Tera Shift\n|detailschange|p1a: Terapagos|Terapagos-Terastal, L50, M\n|-heal|p1a: Terapagos|100/100|[silent]\n|move|p2a: Whimsicott|Worry Seed|p2b: Kyogre\n|-ability|p2b: Kyogre|Insomnia|Drizzle|[from] move: Worry Seed\n|move|p1b: Amoonguss|Spore|p2b: Kyogre\n|-immune|p2b: Kyogre|[from] ability: Insomnia\n|move|p2b: Kyogre|Blizzard|p1b: Amoonguss|[spread] p1b\n|-miss|p2b: Kyogre|p1a: Terapagos\n|-supereffective|p1b: Amoonguss\n|-damage|p1b: Amoonguss|28/100\n|-damage|p2b: Kyogre|91/100|[from] item: Life Orb\n|\n|-weather|SunnyDay|[upkeep]\n|upkeep\n|turn|3\n|inactive|castiel123 has 30 seconds left.\n|inactive|SteelTeem6 has 30 seconds left.\n|\n|t:|1776535495\n|switch|p1b: Chi-Yu|Chi-Yu, L50|100/100\n|-ability|p1b: Chi-Yu|Beads of Ruin\n|move|p2a: Whimsicott|Worry Seed|p1a: Terapagos\n|-ability|p1a: Terapagos|Insomnia|Tera Shell|[from] move: Worry Seed\n|move|p2b: Kyogre|Blizzard|p1a: Terapagos|[spread] p1a,p1b\n|-resisted|p1b: Chi-Yu\n|-damage|p1a: Terapagos|51/100\n|-damage|p1b: Chi-Yu|79/100\n|-damage|p2b: Kyogre|81/100|[from] item: Life Orb\n|move|p1a: Terapagos|Calm Mind|p1a: Terapagos\n|-boost|p1a: Terapagos|spa|1\n|-boost|p1a: Terapagos|spd|1\n|\n|-weather|SunnyDay|[upkeep]\n|-heal|p1a: Terapagos|57/100|[from] item: Leftovers\n|upkeep\n|turn|4\n|\n|t:|1776535516\n|switch|p1b: Amoonguss|Amoonguss, L50, F|61/100\n|move|p2b: Kyogre|Water Spout|p1a: Terapagos|[spread] p1a,p1b\n|-resisted|p1b: Amoonguss\n|-damage|p1a: Terapagos|37/100\n|-damage|p1b: Amoonguss|48/100\n|-damage|p2b: Kyogre|72/100|[from] item: Life Orb\n|move|p1a: Terapagos|Tera Starstorm|p2b: Kyogre\n|-damage|p2b: Kyogre|27/100\n|move|p2a: Whimsicott|U-turn|p1b: Amoonguss\n|-damage|p1b: Amoonguss|37/100\n|-damage|p2a: Whimsicott|84/100|[from] item: Rocky Helmet|[of] p1b: Amoonguss\n|\n|t:|1776535530\n|switch|p2a: Calyrex|Calyrex-Ice, L50|100/100|[from] U-turn\n|-ability|p2a: Calyrex|As One\n|-ability|p2a: Calyrex|Unnerve\n|\n|-weather|SunnyDay|[upkeep]\n|-heal|p1a: Terapagos|43/100|[from] item: Leftovers\n|upkeep\n|turn|5\n|\n|t:|1776535547\n|move|p1b: Amoonguss|Spore|p2a: Calyrex\n|-status|p2a: Calyrex|slp|[from] move: Spore\n|-enditem|p2a: Calyrex|Lum Berry|[eat]\n|-curestatus|p2a: Calyrex|slp|[msg]\n|move|p2a: Calyrex|Glacial Lance|p1b: Amoonguss|[spread] p1a,p1b\n|-supereffective|p1b: Amoonguss\n|-damage|p1a: Terapagos|7/100\n|-damage|p1b: Amoonguss|0 fnt\n|faint|p1b: Amoonguss\n|-ability|p2a: Calyrex|Chilling Neigh|boost\n|-boost|p2a: Calyrex|atk|1\n|move|p2b: Kyogre|Blizzard|p1a: Terapagos|[miss]\n|-miss|p2b: Kyogre|p1a: Terapagos\n|move|p1a: Terapagos|Tera Starstorm|p2b: Kyogre\n|-damage|p2b: Kyogre|0 fnt\n|faint|p2b: Kyogre\n|\n|-weather|none\n|-heal|p1a: Terapagos|13/100|[from] item: Leftovers\n|-fieldend|move: Trick Room\n|upkeep\n|\n|t:|1776535570\n|switch|p2b: Polteageist|Polteageist, L50|100/100\n|switch|p1b: Chi-Yu|Chi-Yu, L50|79/100\n|-ability|p1b: Chi-Yu|Beads of Ruin\n|turn|6\n|\n|t:|1776535585\n|-terastallize|p2a: Calyrex|Fire\n|move|p1b: Chi-Yu|Heat Wave|p2a: Calyrex|[spread] p2a,p2b\n|-resisted|p2a: Calyrex\n|-crit|p2b: Polteageist\n|-damage|p2a: Calyrex|70/100\n|-damage|p2b: Polteageist|0 fnt\n|faint|p2b: Polteageist\n|move|p1a: Terapagos|Tera Starstorm|p2a: Calyrex\n|-damage|p2a: Calyrex|9/100\n|move|p2a: Calyrex|Glacial Lance|p1a: Terapagos|[spread] p1a,p1b\n|-resisted|p1b: Chi-Yu\n|-damage|p1a: Terapagos|0 fnt\n|-damage|p1b: Chi-Yu|16/100\n|faint|p1a: Terapagos\n|-ability|p2a: Calyrex|Chilling Neigh|boost\n|-boost|p2a: Calyrex|atk|1\n|\n|upkeep\n|\n|t:|1776535601\n|switch|p1a: Whimsicott|Whimsicott, L50, F|100/100\n|switch|p2b: Whimsicott|Whimsicott, L50, M|84/100\n|turn|7\n|\n|t:|1776535616\n|move|p1a: Whimsicott|Tailwind|p1a: Whimsicott\n|-sidestart|p1: castiel123|move: Tailwind\n|move|p1b: Chi-Yu|Heat Wave|p2a: Calyrex|[spread] p2a,p2b\n|-resisted|p2a: Calyrex\n|-supereffective|p2b: Whimsicott\n|-damage|p2a: Calyrex|0 fnt\n|-damage|p2b: Whimsicott|0 fnt\n|faint|p2a: Calyrex\n|faint|p2b: Whimsicott\n|\n|win|castiel123\n|raw|castiel123's rating: 1353 &rarr; <strong>1372</strong><br />(+19 for winning)\n|raw|SteelTeem6's rating: 1343 &rarr; <strong>1324</strong><br />(-19 for losing)\n|l|\u2606SteelTeem6\n|player|p2|\n|l|\u2606castiel123\n|player|p1|\n","uploadtime":1776535854,"views":12,"formatid":"gen9vgc2026regi","rating":1324,"private":0,"password":null}