{"id":"gen9vgc2026regi-2547281775","format":"[Gen 9] VGC 2026 Reg I","players":["cdogp3","Chadrola18"],"log":"|j|\u2606cdogp3\n|j|\u2606Chadrola18\n|t:|1772065922\n|gametype|doubles\n|player|p1|cdogp3|hoopster|1556\n|player|p2|Chadrola18|steven|1452\n|gen|9\n|tier|[Gen 9] VGC 2026 Reg I\n|rated|\n|rule|Species Clause: Limit one of each Pok\u00e9mon\n|rule|Item Clause: Limit 1 of each item\n|clearpoke\n|poke|p1|Sneasler, L50, M|\n|poke|p1|Ditto, L50|\n|poke|p1|Calyrex-Ice, L50|\n|poke|p1|Miraidon, L50|\n|poke|p1|Urshifu-*, L50, F|\n|poke|p1|Incineroar, L50, F|\n|poke|p2|Lunala, L50|\n|poke|p2|Miraidon, L50|\n|poke|p2|Urshifu-*, L50, F|\n|poke|p2|Incineroar, L50, F|\n|poke|p2|Farigiraf, L50, F|\n|poke|p2|Flutter Mane, L50|\n|teampreview|4\n|inactive|Battle timer is ON: inactive players will automatically lose when time's up. (requested by Chadrola18)\n|inactive|cdogp3 also wants the timer to be on.\n|inactive|cdogp3 has 60 seconds left.\n|\n|t:|1772065957\n|teamsize|p1|4\n|teamsize|p2|4\n|start\n|switch|p1a: Miraidon|Miraidon, L50|100/100\n|switch|p1b: Sneasler|Sneasler, L50, M|100/100\n|switch|p2a: Miraidon|Miraidon, L50|100/100\n|switch|p2b: Incineroar|Incineroar, L50, F|100/100\n|-fieldstart|move: Electric Terrain|[from] ability: Hadron Engine|[of] p2a: Miraidon\n|-enditem|p1b: Sneasler|Electric Seed\n|-boost|p1b: Sneasler|def|1|[from] item: Electric Seed\n|-activate|p1a: Miraidon|ability: Hadron Engine\n|-ability|p2b: Incineroar|Intimidate|boost\n|-unboost|p1a: Miraidon|atk|1\n|-unboost|p1b: Sneasler|atk|1\n|turn|1\n|\n|t:|1772065965\n|switch|p2b: Farigiraf|Farigiraf, L50, F|100/100\n|-enditem|p2b: Farigiraf|Electric Seed\n|-boost|p2b: Farigiraf|def|1|[from] item: Electric Seed\n|-terastallize|p2a: Miraidon|Fairy\n|move|p1b: Sneasler|Protect|p1b: Sneasler\n|-singleturn|p1b: Sneasler|Protect\n|move|p1a: Miraidon|Protect|p1a: Miraidon\n|-singleturn|p1a: Miraidon|Protect\n|move|p2a: Miraidon|Dazzling Gleam|p1a: Miraidon|[spread] \n|-activate|p1a: Miraidon|move: Protect\n|-activate|p1b: Sneasler|move: Protect\n|\n|upkeep\n|turn|2\n|\n|t:|1772065979\n|-terastallize|p1a: Miraidon|Electric\n|move|p2b: Farigiraf|Helping Hand|p2a: Miraidon\n|-singleturn|p2a: Miraidon|Helping Hand|[of] p2b: Farigiraf\n|move|p1b: Sneasler|Dire Claw|p2a: Miraidon\n|-supereffective|p2a: Miraidon\n|-damage|p2a: Miraidon|40/100\n|move|p2a: Miraidon|Dazzling Gleam|p1b: Sneasler|[spread] p1a,p1b\n|-damage|p1a: Miraidon|10/100\n|-damage|p1b: Sneasler|3/100\n|move|p1a: Miraidon|Volt Switch|p2b: Farigiraf\n|-damage|p2b: Farigiraf|4/100\n|-damage|p1a: Miraidon|0 fnt|[from] item: Life Orb\n|faint|p1a: Miraidon\n|\n|upkeep\n|\n|t:|1772065993\n|switch|p1a: Calyrex|Calyrex-Ice, L50|100/100\n|-ability|p1a: Calyrex|As One\n|-ability|p1a: Calyrex|Unnerve\n|turn|3\n|\n|t:|1772066004\n|switch|p2a: Incineroar|Incineroar, L50, F|100/100\n|-ability|p2a: Incineroar|Intimidate|boost\n|-fail|p1a: Calyrex|unboost|[from] item: Clear Amulet|[of] p1a: Calyrex\n|-unboost|p1b: Sneasler|atk|1\n|move|p1b: Sneasler|Dire Claw|p2a: Incineroar\n|-damage|p2a: Incineroar|84/100\n|move|p2b: Farigiraf|Foul Play|p1a: Calyrex\n|-supereffective|p1a: Calyrex\n|-damage|p1a: Calyrex|49/100\n|move|p1a: Calyrex|Trick Room|p1a: Calyrex\n|-fieldstart|move: Trick Room|[of] p1a: Calyrex\n|\n|upkeep\n|turn|4\n|\n|t:|1772066024\n|move|p1a: Calyrex|Protect|p1a: Calyrex\n|-singleturn|p1a: Calyrex|Protect\n|move|p2a: Incineroar|Fake Out|p1a: Calyrex\n|-activate|p1a: Calyrex|move: Protect\n|move|p2b: Farigiraf|Psychic|p1b: Sneasler\n|-supereffective|p1b: Sneasler\n|-damage|p1b: Sneasler|0 fnt\n|faint|p1b: Sneasler\n|\n|upkeep\n|\n|t:|1772066030\n|switch|p1b: Urshifu|Urshifu-Rapid-Strike, L50, F|100/100\n|turn|5\n|\n|t:|1772066049\n|switch|p2a: Lunala|Lunala, L50|100/100\n|move|p1a: Calyrex|Glacial Lance|p2a: Lunala|[spread] p2a,p2b\n|-damage|p2a: Lunala|80/100\n|-damage|p2b: Farigiraf|0 fnt\n|faint|p2b: Farigiraf\n|-ability|p1a: Calyrex|Chilling Neigh|boost\n|-boost|p1a: Calyrex|atk|1\n|move|p1b: Urshifu|Surging Strikes|p2a: Lunala\n|-crit|p2a: Lunala\n|-damage|p2a: Lunala|63/100\n|-crit|p2a: Lunala\n|-damage|p2a: Lunala|45/100\n|-crit|p2a: Lunala\n|-damage|p2a: Lunala|30/100\n|-hitcount|p2a: Lunala|3\n|\n|-heal|p2a: Lunala|36/100|[from] item: Leftovers\n|-fieldend|move: Electric Terrain\n|upkeep\n|\n|t:|1772066054\n|switch|p2b: Incineroar|Incineroar, L50, F|84/100\n|-ability|p2b: Incineroar|Intimidate|boost\n|-fail|p1a: Calyrex|unboost|[from] item: Clear Amulet|[of] p1a: Calyrex\n|-unboost|p1b: Urshifu|atk|1\n|turn|6\n|\n|t:|1772066070\n|move|p2b: Incineroar|Fake Out|p1a: Calyrex\n|-damage|p1a: Calyrex|42/100\n|cant|p1a: Calyrex|flinch\n|move|p2a: Lunala|Moonblast|p1b: Urshifu\n|-supereffective|p1b: Urshifu\n|-enditem|p1b: Urshifu|Focus Sash\n|-damage|p1b: Urshifu|1/100\n|-unboost|p1b: Urshifu|spa|1\n|move|p1b: Urshifu|Surging Strikes|p2b: Incineroar\n|-supereffective|p2b: Incineroar\n|-crit|p2b: Incineroar\n|-damage|p2b: Incineroar|47/100\n|-supereffective|p2b: Incineroar\n|-crit|p2b: Incineroar\n|-damage|p2b: Incineroar|10/100\n|-supereffective|p2b: Incineroar\n|-crit|p2b: Incineroar\n|-damage|p2b: Incineroar|0 fnt\n|faint|p2b: Incineroar\n|-hitcount|p2: Incineroar|3\n|\n|-heal|p2a: Lunala|42/100|[from] item: Leftovers\n|upkeep\n|\n|t:|1772066077\n|switch|p2b: Miraidon|Miraidon, L50, tera:Fairy|40/100\n|-fieldstart|move: Electric Terrain|[from] ability: Hadron Engine|[of] p2b: Miraidon\n|turn|7\n|\n|t:|1772066088\n|move|p1a: Calyrex|Glacial Lance|p2a: Lunala|[spread] p2a,p2b\n|-damage|p2a: Lunala|0 fnt\n|-damage|p2b: Miraidon|0 fnt\n|faint|p2a: Lunala\n|faint|p2b: Miraidon\n|\n|win|cdogp3\n|raw|cdogp3's rating: 1556 &rarr; <strong>1570</strong><br />(+14 for winning)\n|raw|Chadrola18's rating: 1452 &rarr; <strong>1438</strong><br />(-14 for losing)\n|l|\u2606Chadrola18\n|player|p2|\n|l|\u2606cdogp3\n|player|p1|\n","uploadtime":1772066293,"views":13,"formatid":"gen9vgc2026regi","rating":1438,"private":0,"password":null}