{"id":"gen9vgc2026regi-2562387905","format":"[Gen 9] VGC 2026 Reg I","players":["nerd159","thien thin"],"log":"|j|\u2606nerd159\n|j|\u2606thien thin\n|t:|1773909217\n|gametype|doubles\n|player|p1|nerd159|265|1216\n|player|p2|thien thin|101|1156\n|gen|9\n|tier|[Gen 9] VGC 2026 Reg I\n|rated|\n|rule|Species Clause: Limit one of each Pok\u00e9mon\n|rule|Item Clause: Limit 1 of each item\n|clearpoke\n|poke|p1|Zamazenta-*, L50|\n|poke|p1|Calyrex-Shadow, L50|\n|poke|p1|Excadrill, L50, F|\n|poke|p1|Tyranitar, L50, F|\n|poke|p1|Ogerpon-Wellspring, L50, F|\n|poke|p1|Farigiraf, L50, M|\n|poke|p2|Scream Tail, L50|\n|poke|p2|Terapagos, L50, M|\n|poke|p2|Rillaboom, L50, F|\n|poke|p2|Incineroar, L50, F|\n|poke|p2|Dragonite, L50, F|\n|poke|p2|Ditto, L50|\n|teampreview|4\n|\n|t:|1773909229\n|teamsize|p1|4\n|teamsize|p2|4\n|start\n|switch|p1a: Tyranitar|Tyranitar, L50, F|100/100\n|switch|p1b: Zamazenta|Zamazenta-Crowned, L50|100/100\n|switch|p2a: Terapagos|Terapagos, L50, M|100/100\n|switch|p2b: Rillaboom|Rillaboom, L50, F|100/100\n|-activate|p2a: Terapagos|ability: Tera Shift\n|detailschange|p2a: Terapagos|Terapagos-Terastal, L50, M\n|-heal|p2a: Terapagos|100/100|[silent]\n|-ability|p1b: Zamazenta|Dauntless Shield|boost\n|-boost|p1b: Zamazenta|def|1\n|-fieldstart|move: Grassy Terrain|[from] ability: Grassy Surge|[of] p2b: Rillaboom\n|-weather|Sandstorm|[from] ability: Sand Stream|[of] p1a: Tyranitar\n|turn|1\n|\n|t:|1773909243\n|switch|p2a: Ditto|Ditto, L50|100/100\n|-transform|p2a: Ditto|p1b: Zamazenta|[from] ability: Imposter\n|-ability|p2a: Ditto|Dauntless Shield|boost\n|-boost|p2a: Ditto|def|1\n|-terastallize|p1a: Tyranitar|Grass\n|move|p2b: Rillaboom|Fake Out|p1b: Zamazenta\n|-resisted|p1b: Zamazenta\n|-damage|p1b: Zamazenta|98/100\n|cant|p1b: Zamazenta|flinch\n|move|p1a: Tyranitar|Rock Slide|p2b: Rillaboom|[spread] p2a,p2b\n|-resisted|p2a: Ditto\n|-crit|p2b: Rillaboom\n|-damage|p2a: Ditto|98/100\n|-damage|p2b: Rillaboom|61/100\n|\n|-weather|Sandstorm|[upkeep]\n|-damage|p2b: Rillaboom|55/100|[from] Sandstorm\n|-damage|p1a: Tyranitar|94/100|[from] Sandstorm\n|-heal|p2a: Ditto|100/100|[from] Grassy Terrain\n|-heal|p1b: Zamazenta|100/100|[from] Grassy Terrain\n|-heal|p2b: Rillaboom|61/100|[from] Grassy Terrain\n|-heal|p1a: Tyranitar|100/100|[from] Grassy Terrain\n|upkeep\n|turn|2\n|\n|t:|1773909259\n|move|p1b: Zamazenta|Protect|p1b: Zamazenta\n|-singleturn|p1b: Zamazenta|Protect\n|move|p2a: Ditto|Body Press|p1b: Zamazenta\n|-activate|p1b: Zamazenta|move: Protect\n|move|p2b: Rillaboom|U-turn|p1a: Tyranitar\n|-supereffective|p1a: Tyranitar\n|-damage|p1a: Tyranitar|57/100\n|\n|t:|1773909270\n|switch|p2b: Incineroar|Incineroar, L50, F|100/100|[from] U-turn\n|-ability|p2b: Incineroar|Intimidate|boost\n|-unboost|p1a: Tyranitar|atk|1\n|-unboost|p1b: Zamazenta|atk|1\n|move|p1a: Tyranitar|Icy Wind|p2b: Incineroar|[spread] p2a,p2b\n|-resisted|p2a: Ditto\n|-resisted|p2b: Incineroar\n|-damage|p2a: Ditto|97/100\n|-damage|p2b: Incineroar|98/100\n|-unboost|p2a: Ditto|spe|1\n|-unboost|p2b: Incineroar|spe|1\n|\n|-weather|Sandstorm|[upkeep]\n|-damage|p1a: Tyranitar|51/100|[from] Sandstorm\n|-damage|p2b: Incineroar|92/100|[from] Sandstorm\n|-heal|p2a: Ditto|100/100|[from] Grassy Terrain\n|-heal|p1a: Tyranitar|57/100|[from] Grassy Terrain\n|-heal|p2b: Incineroar|98/100|[from] Grassy Terrain\n|upkeep\n|turn|3\n|\n|t:|1773909280\n|switch|p1b: Calyrex|Calyrex-Shadow, L50|100/100\n|-ability|p1b: Calyrex|As One\n|-ability|p1b: Calyrex|Unnerve\n|move|p2b: Incineroar|Fake Out|p1b: Calyrex\n|-immune|p1b: Calyrex\n|move|p2a: Ditto|Body Press|p1b: Calyrex\n|-immune|p1b: Calyrex\n|move|p1a: Tyranitar|Rock Slide|p2b: Incineroar|[spread] p2b\n|-miss|p1a: Tyranitar|p2a: Ditto\n|-supereffective|p2b: Incineroar\n|-damage|p2b: Incineroar|65/100\n|\n|-weather|Sandstorm|[upkeep]\n|-damage|p1b: Calyrex|95/100|[from] Sandstorm\n|-damage|p1a: Tyranitar|51/100|[from] Sandstorm\n|-damage|p2b: Incineroar|59/100|[from] Sandstorm\n|-heal|p1b: Calyrex|100/100|[from] Grassy Terrain\n|-heal|p1a: Tyranitar|57/100|[from] Grassy Terrain\n|-heal|p2b: Incineroar|65/100|[from] Grassy Terrain\n|upkeep\n|turn|4\n|inactive|Battle timer is ON: inactive players will automatically lose when time's up. (requested by nerd159)\n|inactive|thien thin has 60 seconds left.\n|\n|t:|1773909370\n|switch|p1a: Excadrill|Excadrill, L50, F|100/100\n|move|p1b: Calyrex|Protect|p1b: Calyrex\n|-singleturn|p1b: Calyrex|Protect\n|move|p2a: Ditto|Wide Guard|p2a: Ditto\n|-singleturn|p2a: Ditto|Wide Guard\n|move|p2b: Incineroar|Parting Shot|p1b: Calyrex\n|-activate|p1b: Calyrex|move: Protect\n|\n|-weather|Sandstorm|[upkeep]\n|-damage|p1b: Calyrex|95/100|[from] Sandstorm\n|-damage|p2b: Incineroar|59/100|[from] Sandstorm\n|-heal|p1b: Calyrex|100/100|[from] Grassy Terrain\n|-heal|p2b: Incineroar|65/100|[from] Grassy Terrain\n|upkeep\n|turn|5\n|\n|t:|1773909386\n|move|p2a: Ditto|Wide Guard|p2a: Ditto\n|-singleturn|p2a: Ditto|Wide Guard\n|move|p1a: Excadrill|High Horsepower|p2b: Incineroar\n|-supereffective|p2b: Incineroar\n|-damage|p2b: Incineroar|0 fnt\n|-damage|p1a: Excadrill|84/100|[from] item: Rocky Helmet|[of] p2b: Incineroar\n|faint|p2b: Incineroar\n|move|p1b: Calyrex|Astral Barrage|p2a: Ditto\n|-activate|p2a: Ditto|move: Wide Guard\n|\n|-weather|none\n|-heal|p1a: Excadrill|90/100|[from] Grassy Terrain\n|-fieldend|move: Grassy Terrain\n|upkeep\n|\n|t:|1773909394\n|switch|p2b: Terapagos|Terapagos-Terastal, L50, M|100/100\n|turn|6\n|\n|t:|1773909408\n|move|p1a: Excadrill|Protect|p1a: Excadrill\n|-singleturn|p1a: Excadrill|Protect\n|move|p1b: Calyrex|Substitute|p1b: Calyrex\n|-start|p1b: Calyrex|Substitute\n|-damage|p1b: Calyrex|76/100\n|move|p2a: Ditto|Body Press|p1a: Excadrill\n|-activate|p1a: Excadrill|move: Protect\n|move|p2b: Terapagos|Calm Mind|p2b: Terapagos\n|-boost|p2b: Terapagos|spa|1\n|-boost|p2b: Terapagos|spd|1\n|\n|upkeep\n|turn|7\n|\n|t:|1773909416\n|switch|p1a: Tyranitar|Tyranitar, L50, F, tera:Grass|57/100\n|-weather|Sandstorm|[from] ability: Sand Stream|[of] p1a: Tyranitar\n|move|p1b: Calyrex|Psychic|p2a: Ditto\n|-damage|p2a: Ditto|48/100\n|move|p2a: Ditto|Body Press|p1a: Tyranitar\n|-damage|p1a: Tyranitar|0 fnt\n|faint|p1a: Tyranitar\n|move|p2b: Terapagos|Calm Mind|p2b: Terapagos\n|-boost|p2b: Terapagos|spa|1\n|-boost|p2b: Terapagos|spd|1\n|\n|-weather|Sandstorm|[upkeep]\n|-damage|p1b: Calyrex|70/100|[from] Sandstorm\n|-damage|p2b: Terapagos|94/100|[from] Sandstorm\n|-heal|p2b: Terapagos|100/100|[from] item: Leftovers\n|upkeep\n|\n|t:|1773909423\n|switch|p1a: Excadrill|Excadrill, L50, F|90/100\n|turn|8\n|\n|t:|1773909444\n|-terastallize|p2b: Terapagos|Stellar\n|detailschange|p2b: Terapagos|Terapagos-Stellar, L50, M, tera:Stellar\n|-heal|p2b: Terapagos|100/100|[silent]\n|-ability|p2b: Terapagos|Teraform Zero\n|-weather|none\n|move|p1b: Calyrex|Psychic|p2a: Ditto\n|-damage|p2a: Ditto|2/100\n|move|p1a: Excadrill|Iron Head|p2b: Terapagos\n|-damage|p2b: Terapagos|71/100\n|move|p2a: Ditto|Body Press|p1a: Excadrill\n|-supereffective|p1a: Excadrill\n|-damage|p1a: Excadrill|0 fnt\n|faint|p1a: Excadrill\n|cant|p2b: Terapagos|flinch\n|\n|-heal|p2b: Terapagos|78/100|[from] item: Leftovers\n|upkeep\n|c|\u2606nerd159|What is this rollll\n|\n|t:|1773909457\n|switch|p1a: Zamazenta|Zamazenta-Crowned, L50|100/100\n|turn|9\n|\n|t:|1773909481\n|switch|p2a: Rillaboom|Rillaboom, L50, F|61/100\n|-fieldstart|move: Grassy Terrain|[from] ability: Grassy Surge|[of] p2a: Rillaboom\n|move|p1a: Zamazenta|Wide Guard|p1a: Zamazenta\n|-singleturn|p1a: Zamazenta|Wide Guard\n|move|p1b: Calyrex|Psychic|p2a: Rillaboom\n|-damage|p2a: Rillaboom|23/100\n|move|p2b: Terapagos|Substitute|p2b: Terapagos\n|-start|p2b: Terapagos|Substitute\n|-damage|p2b: Terapagos|53/100\n|\n|-heal|p1b: Calyrex|76/100|[from] Grassy Terrain\n|-heal|p2b: Terapagos|59/100|[from] Grassy Terrain\n|-heal|p2b: Terapagos|65/100|[from] item: Leftovers\n|-heal|p2a: Rillaboom|29/100|[from] Grassy Terrain\n|upkeep\n|turn|10\n|inactive|thien thin has 30 seconds left.\n|inactive|thien thin has 20 seconds left.\n|\n|t:|1773909518\n|move|p1b: Calyrex|Protect|p1b: Calyrex\n|-singleturn|p1b: Calyrex|Protect\n|move|p1a: Zamazenta|Protect|p1a: Zamazenta\n|-singleturn|p1a: Zamazenta|Protect\n|move|p2a: Rillaboom|Grassy Glide|p1b: Calyrex\n|-activate|p1b: Calyrex|move: Protect\n|move|p2b: Terapagos|Tera Starstorm|p1b: Calyrex|[spread] \n|-activate|p1a: Zamazenta|move: Protect\n|-activate|p1b: Calyrex|move: Protect\n|\n|-heal|p1b: Calyrex|82/100|[from] Grassy Terrain\n|-heal|p2b: Terapagos|71/100|[from] Grassy Terrain\n|-heal|p2b: Terapagos|78/100|[from] item: Leftovers\n|-heal|p2a: Rillaboom|35/100|[from] Grassy Terrain\n|upkeep\n|turn|11\n|\n|t:|1773909531\n|move|p1a: Zamazenta|Wide Guard|p1a: Zamazenta\n|-singleturn|p1a: Zamazenta|Wide Guard\n|move|p2a: Rillaboom|Grassy Glide|p1b: Calyrex\n|-end|p1b: Calyrex|Substitute\n|move|p1b: Calyrex|Psychic|p2a: Rillaboom\n|-damage|p2a: Rillaboom|0 fnt\n|faint|p2a: Rillaboom\n|-ability|p1b: Calyrex|Grim Neigh|boost\n|-boost|p1b: Calyrex|spa|1\n|move|p2b: Terapagos|Tera Starstorm|p1b: Calyrex|[spread] \n|-activate|p1a: Zamazenta|move: Wide Guard\n|-activate|p1b: Calyrex|move: Wide Guard\n|\n|-heal|p1b: Calyrex|87/100|[from] Grassy Terrain\n|-heal|p2b: Terapagos|84/100|[from] Grassy Terrain\n|-heal|p2b: Terapagos|90/100|[from] item: Leftovers\n|upkeep\n|\n|t:|1773909533\n|switch|p2a: Ditto|Ditto, L50|2/100\n|-transform|p2a: Ditto|p1b: Calyrex|[from] ability: Imposter\n|-ability|p2a: Ditto|As One\n|-ability|p2a: Ditto|Unnerve\n|turn|12\n|\n|t:|1773909549\n|move|p2a: Ditto|Protect|p2a: Ditto\n|-singleturn|p2a: Ditto|Protect\n|move|p1a: Zamazenta|Wide Guard|p1a: Zamazenta\n|-singleturn|p1a: Zamazenta|Wide Guard\n|move|p1b: Calyrex|Astral Barrage|p2b: Terapagos|[spread] \n|-activate|p2a: Ditto|move: Protect\n|-immune|p2b: Terapagos\n|move|p2b: Terapagos|Tera Starstorm|p1a: Zamazenta|[spread] \n|-activate|p1a: Zamazenta|move: Wide Guard\n|-activate|p1b: Calyrex|move: Wide Guard\n|\n|-heal|p1b: Calyrex|93/100|[from] Grassy Terrain\n|-heal|p2a: Ditto|8/100|[from] Grassy Terrain\n|-heal|p2b: Terapagos|96/100|[from] Grassy Terrain\n|-heal|p2b: Terapagos|100/100|[from] item: Leftovers\n|upkeep\n|turn|13\n|\n|t:|1773909559\n|move|p1a: Zamazenta|Wide Guard|p1a: Zamazenta\n|-singleturn|p1a: Zamazenta|Wide Guard\n|move|p1b: Calyrex|Astral Barrage|p2a: Ditto|[spread] p2a\n|-immune|p2b: Terapagos\n|-supereffective|p2a: Ditto\n|-damage|p2a: Ditto|0 fnt\n|faint|p2a: Ditto\n|-ability|p1b: Calyrex|Grim Neigh|boost\n|-boost|p1b: Calyrex|spa|1\n|move|p2b: Terapagos|Tera Starstorm|p1a: Zamazenta|[spread] \n|-activate|p1a: Zamazenta|move: Wide Guard\n|-activate|p1b: Calyrex|move: Wide Guard\n|\n|-heal|p1b: Calyrex|99/100|[from] Grassy Terrain\n|-fieldend|move: Grassy Terrain\n|upkeep\n|turn|14\n|\n|t:|1773909568\n|move|p1a: Zamazenta|Wide Guard|p1a: Zamazenta\n|-singleturn|p1a: Zamazenta|Wide Guard\n|move|p1b: Calyrex|Substitute|p1b: Calyrex\n|-start|p1b: Calyrex|Substitute\n|-damage|p1b: Calyrex|74/100\n|move|p2b: Terapagos|Calm Mind|p2b: Terapagos\n|-boost|p2b: Terapagos|spa|1\n|-boost|p2b: Terapagos|spd|1\n|\n|upkeep\n|turn|15\n|\n|t:|1773909574\n|move|p1b: Calyrex|Psychic|p2b: Terapagos\n|-end|p2b: Terapagos|Substitute\n|move|p1a: Zamazenta|Body Press|p2b: Terapagos\n|-supereffective|p2b: Terapagos\n|-damage|p2b: Terapagos|40/100\n|move|p2b: Terapagos|Calm Mind|p2b: Terapagos\n|-boost|p2b: Terapagos|spa|1\n|-boost|p2b: Terapagos|spd|1\n|\n|-heal|p2b: Terapagos|46/100|[from] item: Leftovers\n|upkeep\n|turn|16\n|\n|t:|1773909582\n|move|p2b: Terapagos|Protect|p2b: Terapagos\n|-singleturn|p2b: Terapagos|Protect\n|move|p1b: Calyrex|Psychic|p2b: Terapagos\n|-activate|p2b: Terapagos|move: Protect\n|move|p1a: Zamazenta|Body Press|p2b: Terapagos\n|-activate|p2b: Terapagos|move: Protect\n|\n|-heal|p2b: Terapagos|52/100|[from] item: Leftovers\n|upkeep\n|turn|17\n|c|\u2606nerd159|Gg\n|\n|t:|1773909590\n|move|p1b: Calyrex|Psychic|p2b: Terapagos\n|-damage|p2b: Terapagos|27/100\n|move|p1a: Zamazenta|Body Press|p2b: Terapagos\n|-supereffective|p2b: Terapagos\n|-damage|p2b: Terapagos|0 fnt\n|faint|p2b: Terapagos\n|detailschange|p2: Terapagos|Terapagos, L50, M|[silent]\n|\n|win|nerd159\n|raw|nerd159's rating: 1216 &rarr; <strong>1237</strong><br />(+21 for winning)\n|raw|thien thin's rating: 1156 &rarr; <strong>1135</strong><br />(-21 for losing)\n|l|\u2606thien thin\n|player|p2|\n|l|\u2606nerd159\n|player|p1|\n","uploadtime":1773909870,"views":12,"formatid":"gen9vgc2026regi","rating":1135,"private":0,"password":null}