{"id":"gen9vgc2026regi-2561541892","format":"[Gen 9] VGC 2026 Reg I","players":["Bbjhots","sheeshshane925"],"log":"|j|\u2606Bbjhots\n|j|\u2606sheeshshane925\n|t:|1773809469\n|gametype|doubles\n|player|p1|Bbjhots|266|1439\n|player|p2|sheeshshane925|chuck|1377\n|gen|9\n|tier|[Gen 9] VGC 2026 Reg I\n|rated|\n|rule|Species Clause: Limit one of each Pok\u00e9mon\n|rule|Item Clause: Limit 1 of each item\n|clearpoke\n|poke|p1|Zamazenta-*, L50|\n|poke|p1|Miraidon, L50|\n|poke|p1|Farigiraf, L50, M|\n|poke|p1|Volcarona, L50, M|\n|poke|p1|Ogerpon-Cornerstone, L50, F|\n|poke|p1|Whimsicott, L50, M|\n|poke|p2|Calyrex-Ice, L50|\n|poke|p2|Miraidon, L50|\n|poke|p2|Farigiraf, L50, M|\n|poke|p2|Iron Hands, L50|\n|poke|p2|Scraggy, L50, F|\n|poke|p2|Iron Bundle, L50|\n|teampreview|4\n|inactive|Battle timer is ON: inactive players will automatically lose when time's up. (requested by Bbjhots)\n|inactive|Bbjhots has 60 seconds left.\n|inactive|sheeshshane925 has 60 seconds left.\n|\n|t:|1773809509\n|teamsize|p1|4\n|teamsize|p2|4\n|start\n|switch|p1a: Miraidon|Miraidon, L50|100/100\n|switch|p1b: Farigiraf|Farigiraf, L50, M|100/100\n|switch|p2a: Miraidon|Miraidon, L50, shiny|100/100\n|switch|p2b: Iron Bundle|Iron Bundle, L50|100/100\n|-fieldstart|move: Electric Terrain|[from] ability: Hadron Engine|[of] p1a: Miraidon\n|-activate|p2b: Iron Bundle|ability: Quark Drive\n|-start|p2b: Iron Bundle|quarkdrivespe\n|-enditem|p1b: Farigiraf|Electric Seed\n|-boost|p1b: Farigiraf|def|1|[from] item: Electric Seed\n|-activate|p2a: Miraidon|ability: Hadron Engine\n|turn|1\n|\n|t:|1773809526\n|-terastallize|p1a: Miraidon|Electric\n|move|p2a: Miraidon|Protect|p2a: Miraidon\n|-singleturn|p2a: Miraidon|Protect\n|move|p2b: Iron Bundle|Icy Wind|p1a: Miraidon|[spread] p1b\n|-miss|p2b: Iron Bundle|p1a: Miraidon\n|-damage|p1b: Farigiraf|79/100\n|-unboost|p1b: Farigiraf|spe|1\n|move|p1a: Miraidon|Snarl|p2a: Miraidon|[spread] p2b\n|-activate|p2a: Miraidon|move: Protect\n|-damage|p2b: Iron Bundle|58/100\n|-unboost|p2b: Iron Bundle|spa|1\n|move|p1b: Farigiraf|Foul Play|p2a: Miraidon\n|-activate|p2a: Miraidon|move: Protect\n|\n|upkeep\n|turn|2\n|\n|t:|1773809537\n|move|p2b: Iron Bundle|Icy Wind|p1b: Farigiraf|[spread] p1a,p1b\n|-damage|p1a: Miraidon|93/100\n|-damage|p1b: Farigiraf|67/100\n|-unboost|p1a: Miraidon|spe|1\n|-unboost|p1b: Farigiraf|spe|1\n|move|p2a: Miraidon|Electro Drift|p1b: Farigiraf\n|-damage|p1b: Farigiraf|0 fnt\n|faint|p1b: Farigiraf\n|-damage|p2a: Miraidon|91/100|[from] item: Life Orb\n|move|p1a: Miraidon|Snarl|p2a: Miraidon|[spread] p2b\n|-miss|p1a: Miraidon|p2a: Miraidon\n|-damage|p2b: Iron Bundle|15/100\n|-unboost|p2b: Iron Bundle|spa|1\n|\n|upkeep\n|\n|t:|1773809554\n|switch|p1b: Zamazenta|Zamazenta-Crowned, L50|100/100\n|-ability|p1b: Zamazenta|Dauntless Shield|boost\n|-boost|p1b: Zamazenta|def|1\n|turn|3\n|\n|t:|1773809568\n|move|p2b: Iron Bundle|Protect|p2b: Iron Bundle\n|-singleturn|p2b: Iron Bundle|Protect\n|move|p2a: Miraidon|Protect|p2a: Miraidon\n|-singleturn|p2a: Miraidon|Protect\n|move|p1b: Zamazenta|Body Press|p2a: Miraidon\n|-activate|p2a: Miraidon|move: Protect\n|move|p1a: Miraidon|Snarl|p2a: Miraidon|[spread] \n|-activate|p2a: Miraidon|move: Protect\n|-activate|p2b: Iron Bundle|move: Protect\n|\n|upkeep\n|turn|4\n|\n|t:|1773809577\n|move|p2b: Iron Bundle|Icy Wind|p1b: Zamazenta|[spread] p1a,p1b\n|-resisted|p1b: Zamazenta\n|-damage|p1a: Miraidon|87/100\n|-damage|p1b: Zamazenta|97/100\n|-unboost|p1a: Miraidon|spe|1\n|-unboost|p1b: Zamazenta|spe|1\n|move|p2a: Miraidon|Electro Drift|p1b: Zamazenta\n|-damage|p1b: Zamazenta|0 fnt\n|faint|p1b: Zamazenta\n|-damage|p2a: Miraidon|81/100|[from] item: Life Orb\n|move|p1a: Miraidon|Draco Meteor|p2a: Miraidon\n|-supereffective|p2a: Miraidon\n|-damage|p2a: Miraidon|0 fnt\n|-unboost|p1a: Miraidon|spa|2\n|faint|p2a: Miraidon\n|\n|upkeep\n|\n|t:|1773809592\n|switch|p1b: Volcarona|Volcarona, L50, M|100/100\n|switch|p2a: Calyrex|Calyrex-Ice, L50|100/100\n|-ability|p2a: Calyrex|As One\n|-ability|p2a: Calyrex|Unnerve\n|turn|5\n|\n|t:|1773809600\n|-end|p2b: Iron Bundle|Quark Drive|[silent]\n|switch|p2b: Iron Hands|Iron Hands, L50|100/100\n|-activate|p2b: Iron Hands|ability: Quark Drive\n|-start|p2b: Iron Hands|quarkdriveatk\n|-terastallize|p2a: Calyrex|Fire\n|move|p1b: Volcarona|Will-O-Wisp|p2a: Calyrex\n|-immune|p2a: Calyrex\n|move|p1a: Miraidon|Snarl|p2b: Iron Hands|[spread] p2a,p2b\n|-resisted|p2b: Iron Hands\n|-damage|p2a: Calyrex|93/100\n|-damage|p2b: Iron Hands|98/100\n|-unboost|p2b: Iron Hands|spa|1\n|move|p2a: Calyrex|Trick Room|p2a: Calyrex\n|-fieldstart|move: Trick Room|[of] p2a: Calyrex\n|\n|-fieldend|move: Electric Terrain\n|-end|p2b: Iron Hands|Quark Drive\n|upkeep\n|turn|6\n|-message|Bbjhots forfeited.\n|\n|win|sheeshshane925\n|raw|Bbjhots's rating: 1439 &rarr; <strong>1415</strong><br />(-24 for losing)\n|raw|sheeshshane925's rating: 1377 &rarr; <strong>1401</strong><br />(+24 for winning)\n|l|\u2606Bbjhots\n|player|p1|\n|l|\u2606sheeshshane925\n|player|p2|\n","uploadtime":1773809813,"views":12,"formatid":"gen9vgc2026regi","rating":1401,"private":0,"password":null}