{"id":"gen9vgc2026regi-2560766638","format":"[Gen 9] VGC 2026 Reg I","players":["Tginge","It'sJustKen VGC"],"log":"|j|\u2606Tginge\n|j|\u2606It'sJustKen VGC\n|t:|1773722793\n|gametype|doubles\n|player|p1|Tginge|rocketgrunt|1206\n|player|p2|It'sJustKen VGC|1|1263\n|gen|9\n|tier|[Gen 9] VGC 2026 Reg I\n|rated|\n|rule|Species Clause: Limit one of each Pok\u00e9mon\n|rule|Item Clause: Limit 1 of each item\n|clearpoke\n|poke|p1|Kyogre, L50|\n|poke|p1|Tornadus, L50, M|\n|poke|p1|Urshifu-*, L50, M|\n|poke|p1|Miraidon, L50|\n|poke|p1|Iron Valiant, L50|\n|poke|p1|Amoonguss, L50, F|\n|poke|p2|Koraidon, L50|\n|poke|p2|Incineroar, L50, M|\n|poke|p2|Raging Bolt, L50|\n|poke|p2|Amoonguss, L50, M|\n|poke|p2|Flutter Mane, L50|\n|poke|p2|Lunala, L50|\n|teampreview|4\n|inactive|Battle timer is ON: inactive players will automatically lose when time's up. (requested by It'sJustKen VGC)\n|inactive|Tginge has 60 seconds left.\n|inactive|It'sJustKen VGC has 60 seconds left.\n|inactive|Tginge has 30 seconds left.\n|inactive|Tginge has 20 seconds left.\n|inactive|Tginge has 15 seconds left.\n|inactive|Tginge has 10 seconds left.\n|inactive|Tginge has 5 seconds left.\n|\n|t:|1773722883\n|teamsize|p1|4\n|teamsize|p2|4\n|start\n|switch|p1a: Miraidon|Miraidon, L50|100/100\n|switch|p1b: Iron Valiant|Iron Valiant, L50|100/100\n|switch|p2a: Incineroar|Incineroar, L50, M|100/100\n|switch|p2b: Amoonguss|Amoonguss, L50, M|100/100\n|-fieldstart|move: Electric Terrain|[from] ability: Hadron Engine|[of] p1a: Miraidon\n|-activate|p1b: Iron Valiant|ability: Quark Drive\n|-start|p1b: Iron Valiant|quarkdrivespe\n|-ability|p2a: Incineroar|Intimidate|boost\n|-unboost|p1a: Miraidon|atk|1\n|-unboost|p1b: Iron Valiant|atk|1\n|turn|1\n|inactive|Tginge has 30 seconds left.\n|inactive|It'sJustKen VGC has 30 seconds left.\n|inactive|Tginge has 20 seconds left.\n|inactive|It'sJustKen VGC has 20 seconds left.\n|inactive|It'sJustKen VGC has 15 seconds left.\n|inactive|It'sJustKen VGC has 10 seconds left.\n|\n|t:|1773722929\n|move|p2b: Amoonguss|Protect|p2b: Amoonguss\n|-singleturn|p2b: Amoonguss|Protect\n|move|p1b: Iron Valiant|Spirit Break|p2a: Incineroar\n|-damage|p2a: Incineroar|82/100\n|-unboost|p2a: Incineroar|spa|1\n|move|p1a: Miraidon|Electro Drift|p2a: Incineroar\n|-damage|p2a: Incineroar|15/100\n|move|p2a: Incineroar|U-turn|p1a: Miraidon\n|-damage|p1a: Miraidon|77/100\n|\n|t:|1773722932\n|switch|p2a: Raging Bolt|Raging Bolt, L50|100/100|[from] U-turn\n|\n|upkeep\n|turn|2\n|\n|t:|1773722953\n|move|p2b: Amoonguss|Rage Powder|p2b: Amoonguss\n|-singleturn|p2b: Amoonguss|move: Rage Powder\n|move|p1b: Iron Valiant|Spirit Break|p2b: Amoonguss\n|-resisted|p2b: Amoonguss\n|-damage|p2b: Amoonguss|91/100\n|-unboost|p2b: Amoonguss|spa|1\n|move|p1a: Miraidon|Dragon Pulse|p2b: Amoonguss\n|-crit|p2b: Amoonguss\n|-damage|p2b: Amoonguss|2/100\n|move|p2a: Raging Bolt|Volt Switch|p1b: Iron Valiant\n|-damage|p1b: Iron Valiant|0 fnt\n|faint|p1b: Iron Valiant\n|-end|p1b: Iron Valiant|Quark Drive|[silent]\n|inactive|It'sJustKen VGC has 30 seconds left.\n|inactive|It'sJustKen VGC has 20 seconds left.\n|\n|t:|1773722989\n|-end|p2a: Raging Bolt|Protosynthesis|[silent]\n|switch|p2a: Incineroar|Incineroar, L50, M|15/100|[from] Volt Switch\n|-ability|p2a: Incineroar|Intimidate|boost\n|-unboost|p1a: Miraidon|atk|1\n|\n|upkeep\n|\n|t:|1773722998\n|switch|p1b: Kyogre|Kyogre, L50|100/100\n|-weather|RainDance|[from] ability: Drizzle|[of] p1b: Kyogre\n|turn|3\n|\n|t:|1773723019\n|switch|p1b: Tornadus|Tornadus, L50, M|100/100\n|switch|p2b: Raging Bolt|Raging Bolt, L50|100/100\n|move|p2a: Incineroar|Fake Out|p1b: Tornadus\n|-damage|p1b: Tornadus|82/100\n|move|p1a: Miraidon|Volt Switch|p2a: Incineroar\n|-damage|p2a: Incineroar|0 fnt\n|faint|p2a: Incineroar\n|\n|t:|1773723029\n|switch|p1a: Kyogre|Kyogre, L50|100/100|[from] Volt Switch\n|\n|-weather|RainDance|[upkeep]\n|upkeep\n|\n|t:|1773723034\n|switch|p2a: Koraidon|Koraidon, L50|100/100\n|-weather|SunnyDay|[from] ability: Orichalcum Pulse|[of] p2a: Koraidon\n|-activate|p2b: Raging Bolt|ability: Protosynthesis\n|-start|p2b: Raging Bolt|protosynthesisspa\n|-activate|p2a: Koraidon|Orichalcum Pulse|[source]\n|turn|4\n|\n|t:|1773723053\n|-terastallize|p1a: Kyogre|Ghost\n|move|p1b: Tornadus|Tailwind|p1b: Tornadus\n|-sidestart|p1: Tginge|move: Tailwind\n|move|p1a: Kyogre|Ice Beam|p2a: Koraidon\n|-supereffective|p2a: Koraidon\n|-damage|p2a: Koraidon|0 fnt\n|faint|p2a: Koraidon\n|move|p2b: Raging Bolt|Volt Switch|p1b: Tornadus\n|-supereffective|p1b: Tornadus\n|-damage|p1b: Tornadus|0 fnt\n|faint|p1b: Tornadus\n|\n|t:|1773723057\n|-end|p2b: Raging Bolt|Protosynthesis|[silent]\n|switch|p2b: Amoonguss|Amoonguss, L50, M|35/100|[from] Volt Switch\n|\n|-weather|SunnyDay|[upkeep]\n|upkeep\n|\n|t:|1773723065\n|switch|p2a: Raging Bolt|Raging Bolt, L50|100/100\n|switch|p1b: Miraidon|Miraidon, L50|77/100\n|-activate|p1b: Miraidon|ability: Hadron Engine\n|-activate|p2a: Raging Bolt|ability: Protosynthesis\n|-start|p2a: Raging Bolt|protosynthesisspa\n|turn|5\n|\n|t:|1773723087\n|-terastallize|p2a: Raging Bolt|Electric\n|move|p2b: Amoonguss|Protect|p2b: Amoonguss\n|-singleturn|p2b: Amoonguss|Protect\n|move|p1b: Miraidon|Dragon Pulse|p2a: Raging Bolt\n|-damage|p2a: Raging Bolt|44/100\n|move|p1a: Kyogre|Ice Beam|p2a: Raging Bolt\n|-damage|p2a: Raging Bolt|0 fnt\n|faint|p2a: Raging Bolt\n|-end|p2a: Raging Bolt|Protosynthesis|[silent]\n|\n|-weather|SunnyDay|[upkeep]\n|-fieldend|move: Electric Terrain\n|upkeep\n|turn|6\n|-message|It'sJustKen VGC forfeited.\n|\n|win|Tginge\n|raw|Tginge's rating: 1206 &rarr; <strong>1239</strong><br />(+33 for winning)\n|raw|It&apos;sJustKen VGC's rating: 1315 &rarr; <strong>1289</strong><br />(-26 for losing)\n|l|\u2606It'sJustKen VGC\n|player|p2|\n","uploadtime":1773723106,"views":19,"formatid":"gen9vgc2026regi","rating":1239,"private":0,"password":null}