{"id":"gen9vgc2026regi-2560472301","format":"[Gen 9] VGC 2026 Reg I","players":["fernsthedruids","lordbilliamboi"],"log":"|j|\u2606fernsthedruids\n|j|\u2606lordbilliamboi\n|t:|1773690391\n|gametype|doubles\n|player|p1|fernsthedruids|2|1271\n|player|p2|lordbilliamboi|swimmer|1368\n|gen|9\n|tier|[Gen 9] VGC 2026 Reg I\n|rated|\n|rule|Species Clause: Limit one of each Pok\u00e9mon\n|rule|Item Clause: Limit 1 of each item\n|clearpoke\n|poke|p1|Kyogre, L50|\n|poke|p1|Calyrex-Ice, L50|\n|poke|p1|Raging Bolt, L50|\n|poke|p1|Tornadus, L50, M|\n|poke|p1|Incineroar, L50, M|\n|poke|p1|Hitmontop, L50, M|\n|poke|p2|Rillaboom, L50, M|\n|poke|p2|Incineroar, L50, M|\n|poke|p2|Clefairy, L50, F|\n|poke|p2|Calyrex-Shadow, L50|\n|poke|p2|Zamazenta-*, L50|\n|poke|p2|Whimsicott, L50, F|\n|teampreview|4\n|inactive|Battle timer is ON: inactive players will automatically lose when time's up. (requested by lordbilliamboi)\n|inactive|fernsthedruids has 60 seconds left.\n|inactive|lordbilliamboi has 60 seconds left.\n|\n|t:|1773690441\n|teamsize|p1|4\n|teamsize|p2|4\n|start\n|switch|p1a: Calyrex|Calyrex-Ice, L50|100/100\n|switch|p1b: Incineroar|Incineroar, L50, M|100/100\n|switch|p2a: Whimsicott|Whimsicott, L50, F|100/100\n|switch|p2b: Calyrex|Calyrex-Shadow, L50|100/100\n|-ability|p2b: Calyrex|As One\n|-ability|p2b: Calyrex|Unnerve\n|-ability|p1a: Calyrex|As One\n|-ability|p1a: Calyrex|Unnerve\n|-ability|p1b: Incineroar|Intimidate|boost\n|-unboost|p2a: Whimsicott|atk|1\n|-unboost|p2b: Calyrex|atk|1\n|turn|1\n|inactive|lordbilliamboi has 30 seconds left.\n|\n|t:|1773690468\n|move|p2b: Calyrex|Protect|p2b: Calyrex\n|-singleturn|p2b: Calyrex|Protect\n|move|p1a: Calyrex|Protect|p1a: Calyrex\n|-singleturn|p1a: Calyrex|Protect\n|move|p2a: Whimsicott|Taunt|p1a: Calyrex\n|-activate|p1a: Calyrex|move: Protect\n|move|p1b: Incineroar|Parting Shot|p2b: Calyrex\n|-activate|p2b: Calyrex|move: Protect\n|\n|upkeep\n|turn|2\n|\n|t:|1773690483\n|switch|p1a: Hitmontop|Hitmontop, L50, M|100/100\n|-ability|p1a: Hitmontop|Intimidate|boost\n|-unboost|p2a: Whimsicott|atk|1\n|-unboost|p2b: Calyrex|atk|1\n|move|p2a: Whimsicott|Encore||[still]\n|-fail|p2a: Whimsicott\n|move|p2b: Calyrex|Nasty Plot|p2b: Calyrex\n|-boost|p2b: Calyrex|spa|2\n|move|p1b: Incineroar|Parting Shot|p2b: Calyrex\n|-unboost|p2b: Calyrex|atk|1\n|-unboost|p2b: Calyrex|spa|1\n|\n|t:|1773690492\n|switch|p1b: Calyrex|Calyrex-Ice, L50|100/100|[from] Parting Shot\n|-ability|p1b: Calyrex|As One\n|-ability|p1b: Calyrex|Unnerve\n|\n|upkeep\n|turn|3\n|\n|t:|1773690512\n|-terastallize|p2b: Calyrex|Ghost\n|move|p1a: Hitmontop|Wide Guard|p1a: Hitmontop\n|-singleturn|p1a: Hitmontop|Wide Guard\n|move|p2a: Whimsicott|Taunt|p1b: Calyrex\n|-start|p1b: Calyrex|move: Taunt\n|move|p2b: Calyrex|Astral Barrage|p1a: Hitmontop|[spread] \n|-activate|p1a: Hitmontop|move: Wide Guard\n|-activate|p1b: Calyrex|move: Wide Guard\n|move|p1b: Calyrex|Glacial Lance|p2b: Calyrex|[spread] p2a,p2b\n|-supereffective|p2a: Whimsicott\n|-enditem|p2a: Whimsicott|Focus Sash\n|-damage|p2a: Whimsicott|1/100\n|-damage|p2b: Calyrex|34/100\n|\n|upkeep\n|turn|4\n|inactive|fernsthedruids has 30 seconds left.\n|\n|t:|1773690544\n|-terastallize|p1b: Calyrex|Dragon\n|move|p2b: Calyrex|Protect|p2b: Calyrex\n|-singleturn|p2b: Calyrex|Protect\n|move|p1a: Hitmontop|Feint|p2a: Whimsicott\n|-damage|p2a: Whimsicott|0 fnt\n|faint|p2a: Whimsicott\n|move|p1b: Calyrex|Glacial Lance|p2b: Calyrex\n|-activate|p2b: Calyrex|move: Protect\n|\n|upkeep\n|\n|t:|1773690553\n|switch|p2a: Rillaboom|Rillaboom, L50, M|100/100\n|-fieldstart|move: Grassy Terrain|[from] ability: Grassy Surge|[of] p2a: Rillaboom\n|turn|5\n|\n|t:|1773690571\n|switch|p1b: Incineroar|Incineroar, L50, M|100/100\n|-ability|p1b: Incineroar|Intimidate|boost\n|-unboost|p2a: Rillaboom|atk|1\n|-unboost|p2b: Calyrex|atk|1\n|move|p2a: Rillaboom|Fake Out|p1b: Incineroar\n|-damage|p1b: Incineroar|93/100\n|move|p1a: Hitmontop|Wide Guard|p1a: Hitmontop\n|-singleturn|p1a: Hitmontop|Wide Guard\n|move|p2b: Calyrex|Psychic|p1a: Hitmontop\n|-supereffective|p1a: Hitmontop\n|-damage|p1a: Hitmontop|0 fnt\n|faint|p1a: Hitmontop\n|-ability|p2b: Calyrex|Grim Neigh|boost\n|-boost|p2b: Calyrex|spa|1\n|-damage|p2b: Calyrex|24/100|[from] item: Life Orb\n|\n|-heal|p2b: Calyrex|30/100|[from] Grassy Terrain\n|-heal|p1b: Incineroar|99/100|[from] Grassy Terrain\n|upkeep\n|\n|t:|1773690583\n|switch|p1a: Raging Bolt|Raging Bolt, L50|100/100\n|turn|6\n|\n|t:|1773690606\n|move|p2b: Calyrex|Protect|p2b: Calyrex\n|-singleturn|p2b: Calyrex|Protect\n|move|p1a: Raging Bolt|Thunderclap||[still]\n|-fail|p1a: Raging Bolt\n|move|p2a: Rillaboom|U-turn|p1a: Raging Bolt\n|-damage|p1a: Raging Bolt|87/100\n|\n|t:|1773690612\n|switch|p2a: Zamazenta|Zamazenta-Crowned, L50|100/100|[from] U-turn\n|-ability|p2a: Zamazenta|Dauntless Shield|boost\n|-boost|p2a: Zamazenta|def|1\n|move|p1b: Incineroar|Will-O-Wisp|p2a: Zamazenta\n|-status|p2a: Zamazenta|brn\n|\n|-heal|p2b: Calyrex|35/100|[from] Grassy Terrain\n|-heal|p1a: Raging Bolt|93/100|[from] Grassy Terrain\n|-heal|p1b: Incineroar|100/100|[from] Grassy Terrain\n|-damage|p2a: Zamazenta|94/100 brn|[from] brn\n|upkeep\n|turn|7\n|\n|t:|1773690631\n|switch|p1b: Calyrex|Calyrex-Ice, L50, tera:Dragon|100/100\n|-ability|p1b: Calyrex|As One\n|-ability|p1b: Calyrex|Unnerve\n|move|p1a: Raging Bolt|Thunderclap|p2b: Calyrex\n|-damage|p2b: Calyrex|0 fnt\n|faint|p2b: Calyrex\n|-damage|p1a: Raging Bolt|83/100|[from] item: Life Orb\n|move|p2a: Zamazenta|Body Press|p1b: Calyrex\n|-crit|p1b: Calyrex\n|-damage|p1b: Calyrex|68/100\n|\n|-heal|p2a: Zamazenta|100/100 brn|[from] Grassy Terrain\n|-heal|p1a: Raging Bolt|89/100|[from] Grassy Terrain\n|-heal|p1b: Calyrex|73/100|[from] Grassy Terrain\n|-damage|p2a: Zamazenta|94/100 brn|[from] brn\n|upkeep\n|\n|t:|1773690644\n|switch|p2b: Rillaboom|Rillaboom, L50, M|100/100\n|turn|8\n|\n|t:|1773690652\n|move|p2b: Rillaboom|Fake Out|p1b: Calyrex\n|-damage|p1b: Calyrex|65/100\n|move|p2a: Zamazenta|Body Press|p1b: Calyrex\n|-damage|p1b: Calyrex|43/100\n|move|p1a: Raging Bolt|Thunderbolt|p2a: Zamazenta\n|-damage|p2a: Zamazenta|44/100 brn\n|-damage|p1a: Raging Bolt|79/100|[from] item: Life Orb\n|cant|p1b: Calyrex|flinch\n|\n|-heal|p2a: Zamazenta|50/100 brn|[from] Grassy Terrain\n|-heal|p1a: Raging Bolt|85/100|[from] Grassy Terrain\n|-heal|p1b: Calyrex|49/100|[from] Grassy Terrain\n|-damage|p2a: Zamazenta|44/100 brn|[from] brn\n|upkeep\n|turn|9\n|-message|lordbilliamboi forfeited.\n|\n|win|fernsthedruids\n|raw|fernsthedruids's rating: 1271 &rarr; <strong>1303</strong><br />(+32 for winning)\n|raw|lordbilliamboi's rating: 1368 &rarr; <strong>1343</strong><br />(-25 for losing)\n|l|\u2606lordbilliamboi\n|player|p2|\n","uploadtime":1773690670,"views":18,"formatid":"gen9vgc2026regi","rating":1303,"private":0,"password":null}