{"id":"gen9vgc2026regi-2579240703","format":"[Gen 9] VGC 2026 Reg I","players":["jivensar","sunny_zong4"],"log":"|j|\u2606jivensar\n|j|\u2606sunny_zong4\n|t:|1775763275\n|gametype|doubles\n|player|p1|jivensar|veteran-gen4|1182\n|player|p2|sunny_zong4|102|1313\n|gen|9\n|tier|[Gen 9] VGC 2026 Reg I\n|rated|\n|rule|Species Clause: Limit one of each Pok\u00e9mon\n|rule|Item Clause: Limit 1 of each item\n|clearpoke\n|poke|p1|Indeedee-F, L50, F|\n|poke|p1|Calyrex-Shadow, L50|\n|poke|p1|Iron Hands, L50|\n|poke|p1|Necrozma-Dusk-Mane, L50|\n|poke|p1|Arcanine-Hisui, L50, M|\n|poke|p1|Amoonguss, L50, M|\n|poke|p2|Typhlosion-Hisui, L50, F|\n|poke|p2|Miraidon, L50|\n|poke|p2|Calyrex-Shadow, L50|\n|poke|p2|Scizor, L50, F|\n|poke|p2|Rillaboom, L50, F|\n|poke|p2|Urshifu-*, L50, F|\n|teampreview|4\n|inactive|Battle timer is ON: inactive players will automatically lose when time's up. (requested by sunny_zong4)\n|inactive|sunny_zong4 has 60 seconds left.\n|\n|t:|1775763306\n|teamsize|p1|4\n|teamsize|p2|4\n|start\n|switch|p1a: Indeedee|Indeedee-F, L50, F|100/100\n|switch|p1b: Calyrex|Calyrex-Shadow, L50|100/100\n|switch|p2a: Miraidon|Miraidon, L50|100/100\n|switch|p2b: Calyrex|Calyrex-Shadow, L50|100/100\n|-ability|p2b: Calyrex|As One\n|-ability|p2b: Calyrex|Unnerve\n|-ability|p1b: Calyrex|As One\n|-ability|p1b: Calyrex|Unnerve\n|-fieldstart|move: Electric Terrain|[from] ability: Hadron Engine|[of] p2a: Miraidon\n|-fieldstart|move: Psychic Terrain|[from] ability: Psychic Surge|[of] p1a: Indeedee\n|-enditem|p1b: Calyrex|Psychic Seed\n|-boost|p1b: Calyrex|spd|1|[from] item: Psychic Seed\n|turn|1\n|inactive|jivensar has 30 seconds left.\n|\n|t:|1775763331\n|switch|p2b: Rillaboom|Rillaboom, L50, F|100/100\n|-fieldstart|move: Grassy Terrain|[from] ability: Grassy Surge|[of] p2b: Rillaboom\n|-terastallize|p1b: Calyrex|Dark\n|-terastallize|p2a: Miraidon|Fairy\n|move|p1a: Indeedee|Helping Hand|p1b: Calyrex\n|-singleturn|p1b: Calyrex|Helping Hand|[of] p1a: Indeedee\n|move|p1b: Calyrex|Astral Barrage|p2a: Miraidon|[spread] p2a,p2b\n|-damage|p2a: Miraidon|19/100\n|-damage|p2b: Rillaboom|38/100\n|move|p2a: Miraidon|Dazzling Gleam|p1b: Calyrex|[spread] p1a,p1b\n|-supereffective|p1b: Calyrex\n|-damage|p1a: Indeedee|64/100\n|-damage|p1b: Calyrex|35/100\n|\n|-heal|p1b: Calyrex|41/100|[from] Grassy Terrain\n|-heal|p2a: Miraidon|25/100|[from] Grassy Terrain\n|-heal|p2b: Rillaboom|43/100|[from] Grassy Terrain\n|-heal|p1a: Indeedee|71/100|[from] Grassy Terrain\n|upkeep\n|turn|2\n|\n|t:|1775763354\n|move|p2b: Rillaboom|Fake Out|p1b: Calyrex\n|-damage|p1b: Calyrex|22/100\n|move|p1a: Indeedee|Follow Me|p1a: Indeedee\n|-singleturn|p1a: Indeedee|move: Follow Me\n|cant|p1b: Calyrex|flinch\n|move|p2a: Miraidon|Dazzling Gleam|p1a: Indeedee|[spread] p1a,p1b\n|-supereffective|p1b: Calyrex\n|-damage|p1a: Indeedee|30/100\n|-damage|p1b: Calyrex|0 fnt\n|faint|p1b: Calyrex\n|\n|-heal|p2a: Miraidon|31/100|[from] Grassy Terrain\n|-heal|p1a: Indeedee|36/100|[from] Grassy Terrain\n|-heal|p2b: Rillaboom|49/100|[from] Grassy Terrain\n|upkeep\n|\n|t:|1775763370\n|switch|p1b: Arcanine|Arcanine-Hisui, L50, M|100/100\n|-ability|p1b: Arcanine|Intimidate|boost\n|-unboost|p2a: Miraidon|atk|1\n|-unboost|p2b: Rillaboom|atk|1\n|turn|3\n|\n|t:|1775763382\n|switch|p2a: Scizor|Scizor, L50, F|100/100\n|move|p1a: Indeedee|Helping Hand|p1b: Arcanine\n|-singleturn|p1b: Arcanine|Helping Hand|[of] p1a: Indeedee\n|move|p1b: Arcanine|Rock Slide|p2b: Rillaboom|[spread] p2a,p2b\n|-damage|p2a: Scizor|56/100\n|-damage|p2b: Rillaboom|8/100\n|move|p2b: Rillaboom|U-turn|p1a: Indeedee\n|-supereffective|p1a: Indeedee\n|-damage|p1a: Indeedee|0 fnt\n|faint|p1a: Indeedee\n|\n|t:|1775763392\n|switch|p2b: Calyrex|Calyrex-Shadow, L50|100/100|[from] U-turn\n|-ability|p2b: Calyrex|As One\n|-ability|p2b: Calyrex|Unnerve\n|\n|-heal|p2a: Scizor|63/100|[from] Grassy Terrain\n|-heal|p2a: Scizor|69/100|[from] item: Leftovers\n|upkeep\n|\n|t:|1775763400\n|switch|p1a: Necrozma|Necrozma-Dusk-Mane, L50, shiny|100/100\n|turn|4\n|\n|t:|1775763417\n|move|p2a: Scizor|Bullet Punch|p1b: Arcanine\n|-damage|p1b: Arcanine|57/100\n|move|p2b: Calyrex|Taunt|p1a: Necrozma\n|-start|p1a: Necrozma|move: Taunt\n|move|p1b: Arcanine|Flare Blitz|p2a: Scizor\n|-supereffective|p2a: Scizor\n|-damage|p2a: Scizor|0 fnt\n|faint|p2a: Scizor\n|-damage|p1b: Arcanine|33/100|[from] Recoil\n|move|p1a: Necrozma|Sunsteel Strike|p2b: Calyrex\n|-damage|p2b: Calyrex|13/100\n|\n|-heal|p2b: Calyrex|19/100|[from] Grassy Terrain\n|-heal|p1b: Arcanine|39/100|[from] Grassy Terrain\n|upkeep\n|\n|t:|1775763431\n|switch|p2a: Miraidon|Miraidon, L50, tera:Fairy|31/100\n|-fieldstart|move: Electric Terrain|[from] ability: Hadron Engine|[of] p2a: Miraidon\n|turn|5\n|\n|t:|1775763447\n|move|p2b: Calyrex|Astral Barrage|p1a: Necrozma|[spread] p1a,p1b\n|-supereffective|p1a: Necrozma\n|-damage|p1a: Necrozma|44/100\n|-damage|p1b: Arcanine|0 fnt\n|faint|p1b: Arcanine\n|-ability|p2b: Calyrex|Grim Neigh|boost\n|-boost|p2b: Calyrex|spa|1\n|-damage|p2b: Calyrex|9/100|[from] item: Life Orb\n|move|p2a: Miraidon|Electro Drift|p1a: Necrozma\n|-damage|p1a: Necrozma|0 fnt\n|faint|p1a: Necrozma\n|\n|win|sunny_zong4\n|raw|jivensar's rating: 1182 &rarr; <strong>1166</strong><br />(-16 for losing)\n|raw|sunny_zong4's rating: 1313 &rarr; <strong>1326</strong><br />(+13 for winning)\n|l|\u2606sunny_zong4\n|player|p2|\n|l|\u2606jivensar\n|player|p1|\n","uploadtime":1775763596,"views":9,"formatid":"gen9vgc2026regi","rating":1166,"private":0,"password":null}