{"id":"gen9vgc2026regi-2541219149","format":"[Gen 9] VGC 2026 Reg I","players":["carrotvg","lalo's pollos"],"log":"|j|\u2606carrotvg\n|j|\u2606lalo's pollos\n|t:|1771299987\n|gametype|doubles\n|player|p1|carrotvg|lucas|1527\n|player|p2|lalo's pollos|102|1518\n|gen|9\n|tier|[Gen 9] VGC 2026 Reg I\n|rated|\n|rule|Species Clause: Limit one of each Pok\u00e9mon\n|rule|Item Clause: Limit 1 of each item\n|clearpoke\n|poke|p1|Smeargle, L50, F|\n|poke|p1|Kyogre, L50|\n|poke|p1|Indeedee-F, L50, F|\n|poke|p1|Calyrex-Shadow, L50|\n|poke|p1|Urshifu-*, L50, M|\n|poke|p1|Tornadus, L50, M|\n|poke|p2|Zamazenta-*, L50|\n|poke|p2|Lunala, L50|\n|poke|p2|Rillaboom, L50, F|\n|poke|p2|Incineroar, L50, M|\n|poke|p2|Urshifu-*, L50, M|\n|poke|p2|Tornadus, L50, M|\n|teampreview|4\n|\n|t:|1771300016\n|teamsize|p1|4\n|teamsize|p2|4\n|start\n|switch|p1a: Calyrex|Calyrex-Shadow, L50|100/100\n|switch|p1b: Urshifu|Urshifu-Rapid-Strike, L50, M|100/100\n|switch|p2a: Lunala|Lunala, L50|100/100\n|switch|p2b: Tornadus|Tornadus, L50, M|100/100\n|-ability|p1a: Calyrex|As One\n|-ability|p1a: Calyrex|Unnerve\n|turn|1\n|\n|t:|1771300033\n|switch|p1a: Smeargle|Smeargle, L50, F|100/100\n|-terastallize|p2a: Lunala|Fairy\n|move|p1b: Urshifu|U-turn|p2a: Lunala\n|-resisted|p2a: Lunala\n|-damage|p2a: Lunala|95/100\n|\n|t:|1771300043\n|switch|p1b: Kyogre|Kyogre, L50|100/100|[from] U-turn\n|-weather|RainDance|[from] ability: Drizzle|[of] p1b: Kyogre\n|move|p2b: Tornadus|Bleakwind Storm|p1a: Smeargle|[spread] p1a,p1b\n|-damage|p1a: Smeargle|10/100\n|-damage|p1b: Kyogre|72/100\n|move|p2a: Lunala|Moongeist Beam|p1a: Smeargle\n|-immune|p1a: Smeargle\n|\n|-weather|RainDance|[upkeep]\n|-heal|p2a: Lunala|100/100|[from] item: Leftovers\n|upkeep\n|turn|2\n|\n|t:|1771300052\n|move|p1a: Smeargle|Fake Out|p2a: Lunala\n|-damage|p2a: Lunala|98/100\n|move|p2b: Tornadus|Bleakwind Storm|p1b: Kyogre|[spread] p1a,p1b\n|-damage|p1a: Smeargle|0 fnt\n|-damage|p1b: Kyogre|44/100\n|faint|p1a: Smeargle\n|move|p1b: Kyogre|Origin Pulse|p2b: Tornadus|[spread] p2a,p2b\n|-damage|p2a: Lunala|38/100\n|-enditem|p2b: Tornadus|Focus Sash\n|-damage|p2b: Tornadus|1/100\n|cant|p2a: Lunala|flinch\n|\n|-weather|RainDance|[upkeep]\n|-heal|p2a: Lunala|44/100|[from] item: Leftovers\n|upkeep\n|\n|t:|1771300063\n|switch|p1a: Urshifu|Urshifu-Rapid-Strike, L50, M|100/100\n|turn|3\n|\n|t:|1771300069\n|move|p2b: Tornadus|Tailwind|p2b: Tornadus\n|-sidestart|p2: lalo's pollos|move: Tailwind\n|move|p2a: Lunala|Moonblast|p1a: Urshifu\n|-supereffective|p1a: Urshifu\n|-damage|p1a: Urshifu|0 fnt\n|faint|p1a: Urshifu\n|move|p1b: Kyogre|Origin Pulse|p2a: Lunala|[spread] p2a,p2b\n|-damage|p2a: Lunala|0 fnt\n|-damage|p2b: Tornadus|0 fnt\n|faint|p2a: Lunala\n|faint|p2b: Tornadus\n|\n|-weather|RainDance|[upkeep]\n|upkeep\n|\n|t:|1771300075\n|switch|p2b: Rillaboom|Rillaboom, L50, F|100/100\n|switch|p1a: Calyrex|Calyrex-Shadow, L50|100/100\n|switch|p2a: Zamazenta|Zamazenta-Crowned, L50|100/100\n|-ability|p1a: Calyrex|As One\n|-ability|p1a: Calyrex|Unnerve\n|-ability|p2a: Zamazenta|Dauntless Shield|boost\n|-boost|p2a: Zamazenta|def|1\n|-fieldstart|move: Grassy Terrain|[from] ability: Grassy Surge|[of] p2b: Rillaboom\n|turn|4\n|j| abafdahbfdg\n|\n|t:|1771300099\n|-terastallize|p1a: Calyrex|Ghost\n|move|p2b: Rillaboom|Grassy Glide|p1b: Kyogre\n|-supereffective|p1b: Kyogre\n|-damage|p1b: Kyogre|0 fnt\n|faint|p1b: Kyogre\n|move|p2a: Zamazenta|Heavy Slam|p1a: Calyrex\n|-damage|p1a: Calyrex|40/100\n|move|p1a: Calyrex|Astral Barrage|p2a: Zamazenta|[spread] p2a,p2b\n|-damage|p2a: Zamazenta|18/100\n|-damage|p2b: Rillaboom|24/100\n|\n|-weather|RainDance|[upkeep]\n|-heal|p2a: Zamazenta|24/100|[from] Grassy Terrain\n|-heal|p2b: Rillaboom|30/100|[from] Grassy Terrain\n|-heal|p1a: Calyrex|47/100|[from] Grassy Terrain\n|upkeep\n|turn|5\n|\n|t:|1771300123\n|move|p2b: Rillaboom|Grassy Glide|p1a: Calyrex\n|-damage|p1a: Calyrex|6/100\n|move|p2a: Zamazenta|Heavy Slam|p1a: Calyrex\n|-damage|p1a: Calyrex|0 fnt\n|faint|p1a: Calyrex\n|\n|win|lalo's pollos\n|raw|carrotvg's rating: 1549 &rarr; <strong>1527</strong><br />(-22 for losing)\n|raw|lalo&apos;s pollos's rating: 1518 &rarr; <strong>1540</strong><br />(+22 for winning)\n|l|\u2606carrotvg\n|player|p1|\n|l| abafdahbfdg\n","uploadtime":1771300291,"views":53,"formatid":"gen9vgc2026regi","rating":1527,"private":0,"password":null}