{"id":"gen9vgc2026regi-2589988465","format":"[Gen 9] VGC 2026 Reg I","players":["JustBerry38","stupid test7"],"log":"|j|\u2606JustBerry38\n|j|\u2606stupid test7\n|t:|1776779550\n|gametype|doubles\n|player|p1|JustBerry38|lucas|1319\n|player|p2|stupid test7|265|1408\n|gen|9\n|tier|[Gen 9] VGC 2026 Reg I\n|rated|\n|rule|Species Clause: Limit one of each Pok\u00e9mon\n|rule|Item Clause: Limit 1 of each item\n|clearpoke\n|poke|p1|Kyurem-White, L50|\n|poke|p1|Incineroar, L50, M|\n|poke|p1|Amoonguss, L50, M|\n|poke|p1|Zamazenta-*, L50|\n|poke|p1|Urshifu-*, L50, M|\n|poke|p1|Ninetales-Alola, L50, M|\n|poke|p2|Kyogre, L50|\n|poke|p2|Indeedee-F, L50, F|\n|poke|p2|Ludicolo, L50, M|\n|poke|p2|Urshifu-*, L50, M|\n|poke|p2|Calyrex-Ice, L50|\n|poke|p2|Wyrdeer, L50, F|\n|teampreview|4\n|inactive|Battle timer is ON: inactive players will automatically lose when time's up. (requested by JustBerry38)\n|inactive|stupid test7 has 60 seconds left.\nJustBerry38 rejected open team sheets.\n|\n|t:|1776779597\n|teamsize|p1|4\n|teamsize|p2|4\n|start\n|switch|p1a: Kyurem|Kyurem-White, L50|100/100\n|switch|p1b: Zamazenta|Zamazenta-Crowned, L50|100/100\n|switch|p2a: Wyrdeer|Wyrdeer, L50, F|100/100\n|switch|p2b: Urshifu|Urshifu-Rapid-Strike, L50, M|100/100\n|-ability|p1b: Zamazenta|Dauntless Shield|boost\n|-boost|p1b: Zamazenta|def|1\n|-ability|p1a: Kyurem|Turboblaze\n|-ability|p2a: Wyrdeer|Intimidate|boost\n|-unboost|p1a: Kyurem|atk|1\n|-unboost|p1b: Zamazenta|atk|1\n|turn|1\n|inactive|JustBerry38 has 30 seconds left.\n|inactive|JustBerry38 has 20 seconds left.\n|\n|t:|1776779635\n|switch|p1b: Ninetales|Ninetales-Alola, L50, M|100/100\n|-weather|Snowscape|[from] ability: Snow Warning|[of] p1b: Ninetales\n|move|p2b: Urshifu|Close Combat|p1a: Kyurem\n|-supereffective|p1a: Kyurem\n|-damage|p1a: Kyurem|32/100\n|-unboost|p2b: Urshifu|def|1\n|-unboost|p2b: Urshifu|spd|1\n|move|p1a: Kyurem|Blizzard|p2a: Wyrdeer|[spread] p2a,p2b\n|-resisted|p2b: Urshifu\n|-damage|p2a: Wyrdeer|29/100\n|-damage|p2b: Urshifu|45/100\n|move|p2a: Wyrdeer|Trick Room|p2a: Wyrdeer\n|-fieldstart|move: Trick Room|[of] p2a: Wyrdeer\n|\n|-weather|Snowscape|[upkeep]\n|upkeep\n|turn|2\n|\n|t:|1776779660\n|switch|p1a: Incineroar|Incineroar, L50, M|100/100\n|-ability|p1a: Incineroar|Intimidate|boost\n|-unboost|p2a: Wyrdeer|atk|1\n|-unboost|p2b: Urshifu|atk|1\n|switch|p2b: Kyogre|Kyogre, L50|100/100\n|-weather|RainDance|[from] ability: Drizzle|[of] p2b: Kyogre\n|move|p2a: Wyrdeer|Hypnosis|p1a: Incineroar\n|-status|p1a: Incineroar|slp|[from] move: Hypnosis\n|move|p1b: Ninetales|Moonblast|p2b: Kyogre\n|-damage|p2b: Kyogre|66/100\n|\n|-weather|RainDance|[upkeep]\n|upkeep\n|turn|3\n|inactive|JustBerry38 has 30 seconds left.\n|inactive|JustBerry38 has 20 seconds left.\n|inactive|JustBerry38 has 15 seconds left.\n|inactive|JustBerry38 has 10 seconds left.\n|\n|t:|1776779706\n|-terastallize|p1a: Incineroar|Grass\n|move|p2a: Wyrdeer|Gravity|p2a: Wyrdeer\n|-fieldstart|move: Gravity\n|cant|p1a: Incineroar|slp\n|move|p1b: Ninetales|Moonblast|p2a: Wyrdeer\n|-damage|p2a: Wyrdeer|0 fnt\n|faint|p2a: Wyrdeer\n|move|p2b: Kyogre|Origin Pulse|p1a: Incineroar|[spread] p1a,p1b\n|-resisted|p1a: Incineroar\n|-damage|p1a: Incineroar|85/100 slp\n|-damage|p1b: Ninetales|30/100\n|\n|-weather|RainDance|[upkeep]\n|upkeep\n|\n|t:|1776779715\n|switch|p2a: Calyrex|Calyrex-Ice, L50|100/100\n|-ability|p2a: Calyrex|As One\n|-ability|p2a: Calyrex|Unnerve\n|turn|4\n|\n|t:|1776779736\n|switch|p1a: Kyurem|Kyurem-White, L50|32/100\n|-ability|p1a: Kyurem|Turboblaze\n|move|p1b: Ninetales|Protect|p1b: Ninetales\n|-singleturn|p1b: Ninetales|Protect\n|move|p2a: Calyrex|Glacial Lance|p1a: Kyurem|[spread] p1a\n|-activate|p1b: Ninetales|move: Protect\n|-damage|p1a: Kyurem|0 fnt\n|faint|p1a: Kyurem\n|-ability|p2a: Calyrex|Chilling Neigh|boost\n|-boost|p2a: Calyrex|atk|1\n|move|p2b: Kyogre|Origin Pulse|p1b: Ninetales\n|-activate|p1b: Ninetales|move: Protect\n|\n|-weather|RainDance|[upkeep]\n|upkeep\n|\n|t:|1776779750\n|switch|p1a: Incineroar|Incineroar, L50, M, tera:Grass|85/100 slp\n|-ability|p1a: Incineroar|Intimidate|boost\n|-unboost|p2a: Calyrex|atk|1\n|-unboost|p2b: Kyogre|atk|1\n|turn|5\n|\n|t:|1776779764\n|-curestatus|p1a: Incineroar|slp|[msg]\n|move|p1a: Incineroar|Fake Out|p2a: Calyrex\n|-damage|p2a: Calyrex|94/100\n|cant|p2a: Calyrex|flinch\n|move|p1b: Ninetales|Moonblast|p2b: Kyogre\n|-damage|p2b: Kyogre|34/100\n|move|p2b: Kyogre|Origin Pulse|p1b: Ninetales|[spread] p1a,p1b\n|-resisted|p1a: Incineroar\n|-damage|p1a: Incineroar|68/100\n|-damage|p1b: Ninetales|0 fnt\n|faint|p1b: Ninetales\n|\n|-weather|RainDance|[upkeep]\n|-heal|p2a: Calyrex|99/100|[from] item: Leftovers\n|-fieldend|move: Trick Room\n|upkeep\n|\n|t:|1776779777\n|switch|p1b: Zamazenta|Zamazenta-Crowned, L50|100/100\n|turn|6\n|inactive|JustBerry38 has 30 seconds left.\n|\n|t:|1776779809\n|switch|p2b: Urshifu|Urshifu-Rapid-Strike, L50, M|45/100\n|-terastallize|p2a: Calyrex|Fairy\n|move|p1b: Zamazenta|Wide Guard|p1b: Zamazenta\n|-singleturn|p1b: Zamazenta|Wide Guard\n|move|p2a: Calyrex|Substitute|p2a: Calyrex\n|-start|p2a: Calyrex|Substitute\n|-damage|p2a: Calyrex|75/100\n|move|p1a: Incineroar|Knock Off|p2b: Urshifu\n|-resisted|p2b: Urshifu\n|-damage|p2b: Urshifu|27/100\n|-enditem|p2b: Urshifu|Assault Vest|[from] move: Knock Off|[of] p1a: Incineroar\n|\n|-weather|none\n|-heal|p2a: Calyrex|81/100|[from] item: Leftovers\n|upkeep\n|turn|7\n|inactive|JustBerry38 has 30 seconds left.\n|\n|t:|1776779837\n|move|p1b: Zamazenta|Heavy Slam|p2a: Calyrex\n|-supereffective|p2a: Calyrex\n|-activate|p2a: Calyrex|move: Substitute|[damage]\n|move|p2b: Urshifu|U-turn|p1a: Incineroar\n|-supereffective|p1a: Incineroar\n|-damage|p1a: Incineroar|21/100\n|\n|t:|1776779843\n|switch|p2b: Kyogre|Kyogre, L50|34/100|[from] U-turn\n|-weather|RainDance|[from] ability: Drizzle|[of] p2b: Kyogre\n|move|p2a: Calyrex|Leech Seed|p1b: Zamazenta\n|-start|p1b: Zamazenta|move: Leech Seed\n|move|p1a: Incineroar|Flare Blitz|p2b: Kyogre\n|-resisted|p2b: Kyogre\n|-crit|p2b: Kyogre\n|-damage|p2b: Kyogre|14/100\n|-damage|p1a: Incineroar|15/100|[from] Recoil\n|\n|-weather|RainDance|[upkeep]\n|-heal|p2a: Calyrex|87/100|[from] item: Leftovers\n|-damage|p1b: Zamazenta|88/100|[from] Leech Seed|[of] p2a: Calyrex\n|-heal|p2a: Calyrex|98/100|[silent]\n|-fieldend|move: Gravity\n|upkeep\n|turn|8\n|\n|t:|1776779860\n|move|p2b: Kyogre|Thunder|p1a: Incineroar\n|-resisted|p1a: Incineroar\n|-damage|p1a: Incineroar|6/100\n|move|p1b: Zamazenta|Body Press|p2b: Kyogre\n|-damage|p2b: Kyogre|0 fnt\n|faint|p2b: Kyogre\n|move|p2a: Calyrex|Glacial Lance|p1a: Incineroar|[spread] p1a,p1b\n|-supereffective|p1a: Incineroar\n|-resisted|p1b: Zamazenta\n|-damage|p1a: Incineroar|0 fnt\n|-damage|p1b: Zamazenta|74/100\n|faint|p1a: Incineroar\n|-ability|p2a: Calyrex|Chilling Neigh|boost\n|-boost|p2a: Calyrex|atk|1\n|\n|-weather|RainDance|[upkeep]\n|-heal|p2a: Calyrex|100/100|[from] item: Leftovers\n|-damage|p1b: Zamazenta|62/100|[from] Leech Seed|[of] p2a: Calyrex\n|upkeep\n|\n|t:|1776779866\n|switch|p2b: Urshifu|Urshifu-Rapid-Strike, L50, M|27/100\n|turn|9\n|\n|t:|1776779876\n|move|p1b: Zamazenta|Body Press|p2b: Urshifu\n|-damage|p2b: Urshifu|0 fnt\n|faint|p2b: Urshifu\n|move|p2a: Calyrex|Glacial Lance|p1b: Zamazenta\n|-resisted|p1b: Zamazenta\n|-damage|p1b: Zamazenta|36/100\n|\n|-weather|RainDance|[upkeep]\n|-damage|p1b: Zamazenta|24/100|[from] Leech Seed|[of] p2a: Calyrex\n|upkeep\n|turn|10\n|\n|t:|1776779888\n|move|p2a: Calyrex|Protect|p2a: Calyrex\n|-singleturn|p2a: Calyrex|Protect\n|move|p1b: Zamazenta|Body Press|p2a: Calyrex\n|-activate|p2a: Calyrex|move: Protect\n|\n|-weather|RainDance|[upkeep]\n|-damage|p1b: Zamazenta|11/100|[from] Leech Seed|[of] p2a: Calyrex\n|upkeep\n|turn|11\n|\n|t:|1776779891\n|move|p1b: Zamazenta|Body Press|p2a: Calyrex\n|-resisted|p2a: Calyrex\n|-end|p2a: Calyrex|Substitute\n|move|p2a: Calyrex|Substitute|p2a: Calyrex\n|-start|p2a: Calyrex|Substitute\n|-damage|p2a: Calyrex|76/100\n|\n|-weather|none\n|-heal|p2a: Calyrex|82/100|[from] item: Leftovers\n|-damage|p1b: Zamazenta|0 fnt|[from] Leech Seed|[of] p2a: Calyrex\n|-heal|p2a: Calyrex|92/100|[silent]\n|faint|p1b: Zamazenta\n|\n|win|stupid test7\n|raw|JustBerry38's rating: 1319 &rarr; <strong>1304</strong><br />(-15 for losing)\n|raw|stupid test7's rating: 1408 &rarr; <strong>1423</strong><br />(+15 for winning)\n|l|\u2606JustBerry38\n|player|p1|\n|l|\u2606stupid test7\n|player|p2|\n","uploadtime":1776780082,"views":9,"formatid":"gen9vgc2026regi","rating":1304,"private":0,"password":null}