{"id":"gen9vgc2026regi-2553709066","format":"[Gen 9] VGC 2026 Reg I","players":["I\u2764\ufe0f\u5a1c\u7984forever","ThiLaNek"],"log":"|j|\u2606I\u2764\ufe0f\u5a1c\u7984forever\n|j|\u2606ThiLaNek\n|t:|1772865146\n|gametype|doubles\n|player|p1|I\u2764\ufe0f\u5a1c\u7984forever|youngcouple-gen4dp|1327\n|player|p2|ThiLaNek|265|1225\n|gen|9\n|tier|[Gen 9] VGC 2026 Reg I\n|rated|\n|rule|Species Clause: Limit one of each Pok\u00e9mon\n|rule|Item Clause: Limit 1 of each item\n|clearpoke\n|poke|p1|Groudon, L50|\n|poke|p1|Kyurem-White, L50|\n|poke|p1|Heatran, L50, M|\n|poke|p1|Whimsicott, L50, M|\n|poke|p1|Roaring Moon, L50|\n|poke|p1|Ditto, L50|\n|poke|p2|Flutter Mane, L50|\n|poke|p2|Incineroar, L50, F|\n|poke|p2|Farigiraf, L50, F|\n|poke|p2|Koraidon, L50|\n|poke|p2|Raging Bolt, L50|\n|poke|p2|Ursaluna, L50, M|\n|teampreview|4\n|\n|t:|1772865165\n|teamsize|p1|4\n|teamsize|p2|4\n|start\n|switch|p1a: Whimsicott|Whimsicott, L50, M|100/100\n|switch|p1b: Kyurem|Kyurem-White, L50|100/100\n|switch|p2a: Koraidon|Koraidon, L50|100/100\n|switch|p2b: Farigiraf|Farigiraf, L50, F|100/100\n|-weather|SunnyDay|[from] ability: Orichalcum Pulse|[of] p2a: Koraidon\n|-activate|p2a: Koraidon|Orichalcum Pulse|[source]\n|-ability|p1b: Kyurem|Turboblaze\n|turn|1\n|\n|t:|1772865178\n|-terastallize|p2a: Koraidon|Fire\n|-terastallize|p1b: Kyurem|Ghost\n|move|p2a: Koraidon|Flare Blitz|p1b: Kyurem\n|-damage|p1b: Kyurem|0 fnt\n|faint|p1b: Kyurem\n|-damage|p2a: Koraidon|56/100|[from] Recoil\n|move|p1a: Whimsicott|Endeavor|p2b: Farigiraf\n|-damage|p2b: Farigiraf|53/100\n|move|p2b: Farigiraf|Trick Room|p2b: Farigiraf\n|-fieldstart|move: Trick Room|[of] p2b: Farigiraf\n|\n|-weather|SunnyDay|[upkeep]\n|upkeep\n|\n|t:|1772865192\n|switch|p1b: Groudon|Groudon, L50|100/100\n|turn|2\n|\n|t:|1772865204\n|switch|p2a: Incineroar|Incineroar, L50, F|100/100\n|-ability|p2a: Incineroar|Intimidate|boost\n|-unboost|p1a: Whimsicott|atk|1\n|-unboost|p1b: Groudon|atk|1\n|move|p2b: Farigiraf|Protect|p2b: Farigiraf\n|-singleturn|p2b: Farigiraf|Protect\n|move|p1b: Groudon|Precipice Blades|p2a: Incineroar|[spread] p2a\n|-activate|p2b: Farigiraf|move: Protect\n|-supereffective|p2a: Incineroar\n|-crit|p2a: Incineroar\n|-damage|p2a: Incineroar|0 fnt\n|faint|p2a: Incineroar\n|move|p1a: Whimsicott|Energy Ball|p2b: Farigiraf\n|-activate|p2b: Farigiraf|move: Protect\n|\n|-weather|SunnyDay|[upkeep]\n|upkeep\n|\n|t:|1772865213\n|switch|p2a: Ursaluna|Ursaluna, L50, M|100/100\n|turn|3\n|\n|t:|1772865223\n|move|p2a: Ursaluna|Protect|p2a: Ursaluna\n|-singleturn|p2a: Ursaluna|Protect\n|move|p2b: Farigiraf|Dazzling Gleam|p1b: Groudon|[spread] p1a,p1b\n|-damage|p1a: Whimsicott|74/100\n|-damage|p1b: Groudon|92/100\n|move|p1b: Groudon|Precipice Blades|p2a: Ursaluna|[spread] \n|-activate|p2a: Ursaluna|move: Protect\n|-miss|p1b: Groudon|p2b: Farigiraf\n|move|p1a: Whimsicott|Energy Ball|p2b: Farigiraf\n|-damage|p2b: Farigiraf|23/100\n|\n|-weather|SunnyDay|[upkeep]\n|-status|p2a: Ursaluna|brn|[from] item: Flame Orb\n|upkeep\n|turn|4\n|\n|t:|1772865245\n|move|p2a: Ursaluna|Facade|p1b: Groudon\n|-damage|p1b: Groudon|11/100\n|move|p2b: Farigiraf|Dazzling Gleam|p1a: Whimsicott|[spread] p1a,p1b\n|-damage|p1a: Whimsicott|47/100\n|-damage|p1b: Groudon|2/100\n|move|p1b: Groudon|Precipice Blades|p2a: Ursaluna|[spread] p2a,p2b\n|-damage|p2a: Ursaluna|76/100 brn\n|-damage|p2b: Farigiraf|0 fnt\n|faint|p2b: Farigiraf\n|move|p1a: Whimsicott|Trick Room|p1a: Whimsicott\n|-fieldend|move: Trick Room\n|\n|-weather|SunnyDay|[upkeep]\n|-damage|p2a: Ursaluna|71/100 brn|[from] brn\n|upkeep\n|\n|t:|1772865250\n|switch|p2b: Koraidon|Koraidon, L50, tera:Fire|56/100\n|-activate|p2b: Koraidon|ability: Orichalcum Pulse\n|turn|5\n|\n|t:|1772865258\n|move|p2b: Koraidon|Protect|p2b: Koraidon\n|-singleturn|p2b: Koraidon|Protect\n|move|p1a: Whimsicott|Tailwind|p1a: Whimsicott\n|-sidestart|p1: I\u2764\ufe0f\u5a1c\u7984forever|move: Tailwind\n|move|p1b: Groudon|Precipice Blades|p2b: Koraidon|[spread] p2a\n|-activate|p2b: Koraidon|move: Protect\n|-damage|p2a: Ursaluna|46/100 brn\n|move|p2a: Ursaluna|Earthquake|p1a: Whimsicott|[spread] p1a,p1b\n|-activate|p2b: Koraidon|move: Protect\n|-resisted|p1a: Whimsicott\n|-crit|p1b: Groudon\n|-damage|p1a: Whimsicott|0 fnt\n|-damage|p1b: Groudon|0 fnt\n|faint|p1a: Whimsicott\n|faint|p1b: Groudon\n|\n|-weather|none\n|-damage|p2a: Ursaluna|41/100 brn|[from] brn\n|upkeep\n|\n|t:|1772865272\n|switch|p1a: Ditto|Ditto, L50|100/100\n|-transform|p1a: Ditto|p2b: Koraidon|[from] ability: Imposter\n|-weather|SunnyDay|[from] ability: Orichalcum Pulse|[of] p1a: Ditto\n|-activate|p1a: Ditto|Orichalcum Pulse|[source]\n|turn|6\n|\n|t:|1772865285\n|move|p1a: Ditto|Protect|p1a: Ditto\n|-singleturn|p1a: Ditto|Protect\n|move|p2b: Koraidon|Flare Blitz|p1a: Ditto\n|-activate|p1a: Ditto|move: Protect\n|move|p2a: Ursaluna|Facade|p1a: Ditto\n|-activate|p1a: Ditto|move: Protect\n|\n|-weather|SunnyDay|[upkeep]\n|-damage|p2a: Ursaluna|35/100 brn|[from] brn\n|upkeep\n|turn|7\n|\n|t:|1772865302\n|move|p1a: Ditto|Collision Course|p2a: Ursaluna\n|-supereffective|p2a: Ursaluna\n|-damage|p2a: Ursaluna|0 fnt\n|faint|p2a: Ursaluna\n|move|p2b: Koraidon|Collision Course|p1a: Ditto\n|-damage|p1a: Ditto|20/100\n|\n|-weather|SunnyDay|[upkeep]\n|upkeep\n|turn|8\n|\n|t:|1772865310\n|move|p2b: Koraidon|Protect|p2b: Koraidon\n|-singleturn|p2b: Koraidon|Protect\n|move|p1a: Ditto|Collision Course|p2b: Koraidon\n|-activate|p2b: Koraidon|move: Protect\n|\n|-weather|SunnyDay|[upkeep]\n|-sideend|p1: I\u2764\ufe0f\u5a1c\u7984forever|move: Tailwind\n|upkeep\n|turn|9\n|\n|t:|1772865315\n|move|p1a: Ditto|Collision Course|p2b: Koraidon\n|-damage|p2b: Koraidon|0 fnt\n|faint|p2b: Koraidon\n|\n|win|I\u2764\ufe0f\u5a1c\u7984forever\n|raw|I\u2764\ufe0f\u5a1c\u7984forever's rating: 1327 &rarr; <strong>1341</strong><br />(+14 for winning)\n|raw|ThiLaNek's rating: 1225 &rarr; <strong>1207</strong><br />(-18 for losing)\n|l|\u2606ThiLaNek\n|player|p2|\n|l|\u2606I\u2764\ufe0f\u5a1c\u7984forever\n|player|p1|\n","uploadtime":1772865556,"views":12,"formatid":"gen9vgc2026regi","rating":1207,"private":0,"password":null}