{"id":"gen9vgc2026regi-2558260832","format":"[Gen 9] VGC 2026 Reg I","players":["ArisHazard","Novicebest"],"log":"|j|\u2606ArisHazard\n|j|\u2606Novicebest\n|t:|1773418462\n|gametype|doubles\n|player|p1|ArisHazard|1|1402\n|player|p2|Novicebest|dawn|1518\n|gen|9\n|tier|[Gen 9] VGC 2026 Reg I\n|rated|\n|rule|Species Clause: Limit one of each Pok\u00e9mon\n|rule|Item Clause: Limit 1 of each item\n|clearpoke\n|poke|p1|Calyrex-Ice, L50|\n|poke|p1|Hitmontop, L50, M|\n|poke|p1|Miraidon, L50|\n|poke|p1|Sableye, L50, F|\n|poke|p1|Ting-Lu, L50|\n|poke|p1|Iron Valiant, L50|\n|poke|p2|Calyrex-Shadow, L50|\n|poke|p2|Zamazenta-*, L50|\n|poke|p2|Chien-Pao, L50|\n|poke|p2|Amoonguss, L50, F|\n|poke|p2|Raging Bolt, L50|\n|poke|p2|Ting-Lu, L50|\n|teampreview|4\n|inactive|Battle timer is ON: inactive players will automatically lose when time's up. (requested by Novicebest)\n|inactive|ArisHazard has 60 seconds left.\n|\n|t:|1773418499\n|teamsize|p1|4\n|teamsize|p2|4\n|start\n|switch|p1a: Calyrex|Calyrex-Ice, L50|100/100\n|switch|p1b: Hitmontop|Hitmontop, L50, M|100/100\n|switch|p2a: Zamazenta|Zamazenta-Crowned, L50|100/100\n|switch|p2b: Chien-Pao|Chien-Pao, L50|100/100\n|-ability|p1a: Calyrex|As One\n|-ability|p1a: Calyrex|Unnerve\n|-ability|p2b: Chien-Pao|Sword of Ruin\n|-ability|p2a: Zamazenta|Dauntless Shield|boost\n|-boost|p2a: Zamazenta|def|1\n|-ability|p1b: Hitmontop|Intimidate|boost\n|-unboost|p2a: Zamazenta|atk|1\n|-unboost|p2b: Chien-Pao|atk|1\n|turn|1\n|\n|t:|1773418518\n|move|p2b: Chien-Pao|Protect|p2b: Chien-Pao\n|-singleturn|p2b: Chien-Pao|Protect\n|move|p1b: Hitmontop|Fake Out|p2a: Zamazenta\n|-resisted|p2a: Zamazenta\n|-damage|p2a: Zamazenta|98/100\n|cant|p2a: Zamazenta|flinch\n|move|p1a: Calyrex|Trick Room|p1a: Calyrex\n|-fieldstart|move: Trick Room|[of] p1a: Calyrex\n|\n|upkeep\n|turn|2\n|\n|t:|1773418538\n|move|p1a: Calyrex|Protect|p1a: Calyrex\n|-singleturn|p1a: Calyrex|Protect\n|move|p2b: Chien-Pao|Sucker Punch||[still]\n|-fail|p2b: Chien-Pao\n|move|p1b: Hitmontop|Coaching|p1a: Calyrex\n|-boost|p1a: Calyrex|atk|1\n|-boost|p1a: Calyrex|def|1\n|move|p2a: Zamazenta|Body Press|p1a: Calyrex\n|-activate|p1a: Calyrex|move: Protect\n|\n|upkeep\n|turn|3\n|\n|t:|1773418558\n|-terastallize|p1a: Calyrex|Fire\n|move|p2b: Chien-Pao|Protect|p2b: Chien-Pao\n|-singleturn|p2b: Chien-Pao|Protect\n|move|p1a: Calyrex|Stomping Tantrum|p2a: Zamazenta\n|-supereffective|p2a: Zamazenta\n|-damage|p2a: Zamazenta|52/100\n|move|p1b: Hitmontop|Coaching|p1a: Calyrex\n|-boost|p1a: Calyrex|atk|1\n|-boost|p1a: Calyrex|def|1\n|move|p2a: Zamazenta|Body Press|p1b: Hitmontop\n|-damage|p1b: Hitmontop|6/100\n|\n|upkeep\n|turn|4\n|\n|t:|1773418577\n|switch|p2b: Amoonguss|Amoonguss, L50, F|100/100\n|move|p2a: Zamazenta|Wide Guard|p2a: Zamazenta\n|-singleturn|p2a: Zamazenta|Wide Guard\n|move|p1a: Calyrex|Glacial Lance|p2b: Amoonguss|[spread] \n|-activate|p2a: Zamazenta|move: Wide Guard\n|-activate|p2b: Amoonguss|move: Wide Guard\n|move|p1b: Hitmontop|Close Combat|p2b: Amoonguss\n|-resisted|p2b: Amoonguss\n|-damage|p2b: Amoonguss|83/100\n|-unboost|p1b: Hitmontop|def|1\n|-unboost|p1b: Hitmontop|spd|1\n|-damage|p1b: Hitmontop|0 fnt|[from] item: Rocky Helmet|[of] p2b: Amoonguss\n|faint|p1b: Hitmontop\n|\n|upkeep\n|l|\u2606Novicebest\n|inactive|Novicebest disconnected and has a minute to reconnect!\n|player|p2|\n|\n|t:|1773418594\n|switch|p1b: Miraidon|Miraidon, L50|100/100\n|-fieldstart|move: Electric Terrain|[from] ability: Hadron Engine|[of] p1b: Miraidon\n|turn|5\n|inactive|Novicebest has 30 seconds left.\n|j|\u2606Novicebest\n|inactive|Novicebest reconnected and has 25 seconds left.\n|player|p2|Novicebest|dawn|\n|inactive|Novicebest has 20 seconds left.\n|inactive|Novicebest has 15 seconds left.\n|\n|t:|1773418634\n|move|p2b: Amoonguss|Protect|p2b: Amoonguss\n|-singleturn|p2b: Amoonguss|Protect\n|move|p1a: Calyrex|Glacial Lance|p2a: Zamazenta|[spread] p2a\n|-activate|p2b: Amoonguss|move: Protect\n|-resisted|p2a: Zamazenta\n|-damage|p2a: Zamazenta|33/100\n|move|p2a: Zamazenta|Body Press|p1b: Miraidon\n|-damage|p1b: Miraidon|35/100\n|move|p1b: Miraidon|Electro Drift|p2a: Zamazenta\n|-damage|p2a: Zamazenta|0 fnt\n|faint|p2a: Zamazenta\n|\n|-fieldend|move: Trick Room\n|upkeep\n|\n|t:|1773418654\n|switch|p2a: Calyrex|Calyrex-Shadow, L50|100/100\n|-ability|p2a: Calyrex|As One\n|-ability|p2a: Calyrex|Unnerve\n|turn|6\n|\n|t:|1773418675\n|move|p2a: Calyrex|Astral Barrage|p1a: Calyrex|[spread] p1a,p1b\n|-damage|p1a: Calyrex|66/100\n|-damage|p1b: Miraidon|6/100\n|move|p1b: Miraidon|Snarl|p2a: Calyrex|[spread] p2a,p2b\n|-supereffective|p2a: Calyrex\n|-damage|p2a: Calyrex|16/100\n|-damage|p2b: Amoonguss|67/100\n|-unboost|p2a: Calyrex|spa|1\n|-unboost|p2b: Amoonguss|spa|1\n|move|p2b: Amoonguss|Sludge Bomb|p1a: Calyrex\n|-damage|p1a: Calyrex|53/100\n|move|p1a: Calyrex|Trick Room|p1a: Calyrex\n|-fieldstart|move: Trick Room|[of] p1a: Calyrex\n|\n|upkeep\n|turn|7\n|-message|Novicebest forfeited.\n|\n|win|ArisHazard\n|raw|ArisHazard's rating: 1402 &rarr; <strong>1428</strong><br />(+26 for winning)\n|raw|Novicebest's rating: 1518 &rarr; <strong>1492</strong><br />(-26 for losing)\n|l|\u2606Novicebest\n|player|p2|\n|l|\u2606ArisHazard\n|player|p1|\n","uploadtime":1773418847,"views":15,"formatid":"gen9vgc2026regi","rating":1428,"private":0,"password":null}