{"id":"gen9vgc2026regi-2566033589","format":"[Gen 9] VGC 2026 Reg I","players":["jd8erh","Graves Wu"],"log":"|j|\u2606jd8erh\n|j|\u2606Graves Wu\n|t:|1774334404\n|gametype|doubles\n|player|p1|jd8erh|265|1406\n|player|p2|Graves Wu|steven|1343\n|gen|9\n|tier|[Gen 9] VGC 2026 Reg I\n|rated|\n|rule|Species Clause: Limit one of each Pok\u00e9mon\n|rule|Item Clause: Limit 1 of each item\n|clearpoke\n|poke|p1|Incineroar, L50, F|\n|poke|p1|Calyrex-Shadow, L50|\n|poke|p1|Rillaboom, L50, F|\n|poke|p1|Ogerpon-Cornerstone, L50, F|\n|poke|p1|Whimsicott, L50, F|\n|poke|p1|Zamazenta-*, L50|\n|poke|p2|Terapagos, L50, M|\n|poke|p2|Calyrex-Shadow, L50|\n|poke|p2|Iron Hands, L50|\n|poke|p2|Smeargle, L50, M|\n|poke|p2|Chi-Yu, L50|\n|poke|p2|Tornadus, L50, M|\n|teampreview|4\n|inactive|Battle timer is ON: inactive players will automatically lose when time's up. (requested by Graves Wu)\n|inactive|jd8erh also wants the timer to be on.\n|inactive|Graves Wu has 60 seconds left.\n|\n|t:|1774334452\n|teamsize|p1|4\n|teamsize|p2|4\n|start\n|switch|p1a: Zamazenta|Zamazenta-Crowned, L50|100/100\n|switch|p1b: Whimsicott|Whimsicott, L50, F|100/100\n|switch|p2a: Tornadus|Tornadus, L50, M|100/100\n|switch|p2b: Chi-Yu|Chi-Yu, L50, shiny|100/100\n|-ability|p2b: Chi-Yu|Beads of Ruin\n|-ability|p1a: Zamazenta|Dauntless Shield|boost\n|-boost|p1a: Zamazenta|def|1\n|turn|1\n|\n|t:|1774334466\n|-terastallize|p2b: Chi-Yu|Ghost\n|-terastallize|p1a: Zamazenta|Electric\n|move|p1b: Whimsicott|Tailwind|p1b: Whimsicott\n|-sidestart|p1: jd8erh|move: Tailwind\n|move|p2a: Tornadus|Tailwind|p2a: Tornadus\n|-sidestart|p2: Graves Wu|move: Tailwind\n|move|p2b: Chi-Yu|Heat Wave|p1b: Whimsicott|[spread] p1b\n|-miss|p2b: Chi-Yu|p1a: Zamazenta\n|-supereffective|p1b: Whimsicott\n|-damage|p1b: Whimsicott|0 fnt\n|faint|p1b: Whimsicott\n|move|p1a: Zamazenta|Body Press|p2b: Chi-Yu\n|-immune|p2b: Chi-Yu\n|\n|upkeep\n|\n|t:|1774334470\n|switch|p1b: Calyrex|Calyrex-Shadow, L50|100/100\n|-ability|p1b: Calyrex|As One\n|-ability|p1b: Calyrex|Unnerve\n|turn|2\n|l|\u2606jd8erh\n|inactive|jd8erh disconnected and has a minute to reconnect!\n|player|p1|\n|j|\u2606jd8erh\n|inactive|jd8erh reconnected.\n|player|p1|jd8erh|265|\n|inactive|Graves Wu has 30 seconds left.\n|inactive|Graves Wu has 20 seconds left.\n|inactive|Graves Wu has 15 seconds left.\n|inactive|Graves Wu has 10 seconds left.\n|inactive|Graves Wu has 5 seconds left.\n|\n|t:|1774334525\n|move|p1a: Zamazenta|Wide Guard|p1a: Zamazenta\n|-singleturn|p1a: Zamazenta|Wide Guard\n|move|p2b: Chi-Yu|Heat Wave|p1b: Calyrex|[spread] \n|-activate|p1a: Zamazenta|move: Wide Guard\n|-activate|p1b: Calyrex|move: Wide Guard\n|move|p1b: Calyrex|Astral Barrage|p2b: Chi-Yu|[spread] p2a,p2b\n|-supereffective|p2b: Chi-Yu\n|-damage|p2a: Tornadus|22/100\n|-damage|p2b: Chi-Yu|0 fnt\n|faint|p2b: Chi-Yu\n|-ability|p1b: Calyrex|Grim Neigh|boost\n|-boost|p1b: Calyrex|spa|1\n|move|p2a: Tornadus|Bleakwind Storm|p1b: Calyrex|[spread] \n|-activate|p1a: Zamazenta|move: Wide Guard\n|-activate|p1b: Calyrex|move: Wide Guard\n|\n|upkeep\n|l|\u2606jd8erh\n|inactive|jd8erh disconnected and has a minute to reconnect!\n|player|p1|\n|\n|t:|1774334545\n|switch|p2b: Calyrex|Calyrex-Shadow, L50|100/100\n|-ability|p2b: Calyrex|As One\n|-ability|p2b: Calyrex|Unnerve\n|turn|3\n|inactive|jd8erh has 30 seconds left.\n|j|\u2606jd8erh\n|inactive|jd8erh reconnected and has 30 seconds left.\n|player|p1|jd8erh|265|\n|\n|t:|1774334577\n|move|p2b: Calyrex|Protect|p2b: Calyrex\n|-singleturn|p2b: Calyrex|Protect\n|move|p1a: Zamazenta|Wide Guard|p1a: Zamazenta\n|-singleturn|p1a: Zamazenta|Wide Guard\n|move|p2a: Tornadus|Taunt|p1a: Zamazenta\n|-start|p1a: Zamazenta|move: Taunt\n|move|p1b: Calyrex|Astral Barrage|p2a: Tornadus|[spread] p2a\n|-activate|p2b: Calyrex|move: Protect\n|-damage|p2a: Tornadus|0 fnt\n|faint|p2a: Tornadus\n|-ability|p1b: Calyrex|Grim Neigh|boost\n|-boost|p1b: Calyrex|spa|1\n|\n|upkeep\n|\n|t:|1774334579\n|switch|p2a: Iron Hands|Iron Hands, L50, shiny|100/100\n|turn|4\n|\n|t:|1774334587\n|move|p2a: Iron Hands|Fake Out|p1a: Zamazenta\n|-damage|p1a: Zamazenta|94/100\n|move|p1b: Calyrex|Astral Barrage|p2a: Iron Hands|[spread] p2a,p2b\n|-supereffective|p2b: Calyrex\n|-damage|p2a: Iron Hands|45/100\n|-damage|p2b: Calyrex|0 fnt\n|faint|p2b: Calyrex\n|-ability|p1b: Calyrex|Grim Neigh|boost\n|-boost|p1b: Calyrex|spa|1\n|cant|p1a: Zamazenta|flinch\n|\n|-sideend|p1: jd8erh|move: Tailwind\n|-sideend|p2: Graves Wu|move: Tailwind\n|upkeep\n|turn|5\n|-message|Graves Wu forfeited.\n|\n|win|jd8erh\n|raw|jd8erh's rating: 1406 &rarr; <strong>1422</strong><br />(+16 for winning)\n|raw|Graves Wu's rating: 1343 &rarr; <strong>1327</strong><br />(-16 for losing)\n|l|\u2606Graves Wu\n|player|p2|\n|j|\u2606Graves Wu\n|player|p2|Graves Wu|steven|\n","uploadtime":1774334595,"views":14,"formatid":"gen9vgc2026regi","rating":1327,"private":0,"password":null}