{"id":"gen9vgc2026regi-2589072697","format":"[Gen 9] VGC 2026 Reg I","players":["sheeshshane925","Sunny_zong1"],"log":"|j|\u2606sheeshshane925\n|j|\u2606Sunny_zong1\n|t:|1776697827\n|gametype|doubles\n|player|p1|sheeshshane925|chuck|1698\n|player|p2|Sunny_zong1|bugsy|1462\n|gen|9\n|tier|[Gen 9] VGC 2026 Reg I\n|rated|\n|rule|Species Clause: Limit one of each Pok\u00e9mon\n|rule|Item Clause: Limit 1 of each item\n|clearpoke\n|poke|p1|Calyrex-Ice, L50|\n|poke|p1|Miraidon, L50|\n|poke|p1|Farigiraf, L50, F|\n|poke|p1|Iron Hands, L50|\n|poke|p1|Scraggy, L50, M|\n|poke|p1|Iron Bundle, L50|\n|poke|p2|Grimmsnarl, L50, M|\n|poke|p2|Miraidon, L50|\n|poke|p2|Groudon, L50|\n|poke|p2|Wo-Chien, L50|\n|poke|p2|Ting-Lu, L50|\n|poke|p2|Landorus-Therian, L50, M|\n|teampreview|4\n|inactive|Battle timer is ON: inactive players will automatically lose when time's up. (requested by Sunny_zong1)\n|\n|t:|1776697855\n|teamsize|p1|4\n|teamsize|p2|4\n|start\n|switch|p1a: Miraidon|Miraidon, L50, shiny|100/100\n|switch|p1b: Iron Bundle|Iron Bundle, L50, shiny|100/100\n|switch|p2a: Grimmsnarl|Grimmsnarl, L50, M|100/100\n|switch|p2b: Wo-Chien|Wo-Chien, L50|100/100\n|-fieldstart|move: Electric Terrain|[from] ability: Hadron Engine|[of] p1a: Miraidon\n|-activate|p1b: Iron Bundle|ability: Quark Drive\n|-start|p1b: Iron Bundle|quarkdrivespe\n|-ability|p2b: Wo-Chien|Tablets of Ruin\n|turn|1\n|\n|t:|1776697874\n|-terastallize|p1a: Miraidon|Fairy\n|move|p2a: Grimmsnarl|Light Screen|p2a: Grimmsnarl\n|-sidestart|p2: Sunny_zong1|move: Light Screen\n|move|p1b: Iron Bundle|Freeze-Dry|p2b: Wo-Chien\n|-supereffective|p2b: Wo-Chien\n|-damage|p2b: Wo-Chien|75/100\n|move|p1a: Miraidon|Dazzling Gleam|p2b: Wo-Chien|[spread] p2a,p2b\n|-supereffective|p2a: Grimmsnarl\n|-supereffective|p2b: Wo-Chien\n|-damage|p2a: Grimmsnarl|41/100\n|-damage|p2b: Wo-Chien|29/100\n|-damage|p1a: Miraidon|91/100|[from] item: Life Orb\n|move|p2b: Wo-Chien|Snarl|p1b: Iron Bundle|[spread] p1a,p1b\n|-resisted|p1a: Miraidon\n|-damage|p1a: Miraidon|86/100\n|-damage|p1b: Iron Bundle|72/100\n|-unboost|p1a: Miraidon|spa|1\n|-unboost|p1b: Iron Bundle|spa|1\n|\n|-heal|p2b: Wo-Chien|35/100|[from] item: Leftovers\n|upkeep\n|turn|2\n|inactive|sheeshshane925 has 30 seconds left.\n|\n|t:|1776697909\n|move|p2b: Wo-Chien|Protect|p2b: Wo-Chien\n|-singleturn|p2b: Wo-Chien|Protect\n|move|p2a: Grimmsnarl|Thunder Wave|p1a: Miraidon\n|-status|p1a: Miraidon|par\n|move|p1b: Iron Bundle|Freeze-Dry|p2b: Wo-Chien\n|-activate|p2b: Wo-Chien|move: Protect\n|move|p1a: Miraidon|Dazzling Gleam|p2a: Grimmsnarl|[spread] p2a\n|-activate|p2b: Wo-Chien|move: Protect\n|-supereffective|p2a: Grimmsnarl\n|-damage|p2a: Grimmsnarl|2/100\n|-damage|p1a: Miraidon|77/100 par|[from] item: Life Orb\n|\n|-heal|p2b: Wo-Chien|41/100|[from] item: Leftovers\n|upkeep\n|turn|3\n|inactive|Sunny_zong1 has 30 seconds left.\n|\n|t:|1776697934\n|switch|p2b: Groudon|Groudon, L50|100/100\n|-weather|SunnyDay|[from] ability: Drought|[of] p2b: Groudon\n|move|p2a: Grimmsnarl|Thunder Wave|p1b: Iron Bundle\n|-status|p1b: Iron Bundle|par\n|cant|p1b: Iron Bundle|par\n|move|p1a: Miraidon|Dazzling Gleam|p2a: Grimmsnarl|[spread] p2a,p2b\n|-supereffective|p2a: Grimmsnarl\n|-damage|p2a: Grimmsnarl|0 fnt\n|-damage|p2b: Groudon|84/100\n|faint|p2a: Grimmsnarl\n|-damage|p1a: Miraidon|67/100 par|[from] item: Life Orb\n|\n|-weather|SunnyDay|[upkeep]\n|upkeep\n|\n|t:|1776697940\n|switch|p2a: Miraidon|Miraidon, L50|100/100\n|-activate|p2a: Miraidon|ability: Hadron Engine\n|turn|4\n|\n|t:|1776697958\n|move|p2a: Miraidon|Parabolic Charge|p1a: Miraidon|[spread] p1a,p1b\n|-immune|p2b: Groudon\n|-supereffective|p1b: Iron Bundle\n|-damage|p1a: Miraidon|18/100 par\n|-damage|p1b: Iron Bundle|0 fnt\n|faint|p1b: Iron Bundle\n|-end|p1b: Iron Bundle|Quark Drive|[silent]\n|-damage|p2a: Miraidon|91/100|[from] item: Life Orb\n|move|p2b: Groudon|Heavy Slam|p1a: Miraidon\n|-supereffective|p1a: Miraidon\n|-damage|p1a: Miraidon|0 fnt\n|faint|p1a: Miraidon\n|\n|-weather|SunnyDay|[upkeep]\n|upkeep\n|\n|t:|1776697964\n|switch|p1b: Scraggy|Scraggy, L50, M|100/100\n|switch|p1a: Calyrex|Calyrex-Ice, L50|100/100\n|-ability|p1a: Calyrex|As One\n|-ability|p1a: Calyrex|Unnerve\n|-ability|p1b: Scraggy|Intimidate|boost\n|-unboost|p2a: Miraidon|atk|1\n|-unboost|p2b: Groudon|atk|1\n|turn|5\n|inactive|Sunny_zong1 has 30 seconds left.\n|\n|t:|1776697991\n|switch|p2a: Wo-Chien|Wo-Chien, L50|41/100\n|-ability|p2a: Wo-Chien|Tablets of Ruin\n|-terastallize|p2b: Groudon|Fire\n|move|p1b: Scraggy|Fake Out|p2a: Wo-Chien\n|-damage|p2a: Wo-Chien|35/100\n|move|p2b: Groudon|Heat Crash|p1a: Calyrex\n|-supereffective|p1a: Calyrex\n|-damage|p1a: Calyrex|76/100\n|move|p1a: Calyrex|Trick Room|p1a: Calyrex\n|-fieldstart|move: Trick Room|[of] p1a: Calyrex\n|\n|-weather|SunnyDay|[upkeep]\n|-heal|p2a: Wo-Chien|42/100|[from] item: Leftovers\n|-fieldend|move: Electric Terrain\n|upkeep\n|turn|6\n|inactive|Sunny_zong1 has 30 seconds left.\n|\n|t:|1776698024\n|move|p2a: Wo-Chien|Protect|p2a: Wo-Chien\n|-singleturn|p2a: Wo-Chien|Protect\n|move|p1b: Scraggy|Coaching|p1a: Calyrex\n|-boost|p1a: Calyrex|atk|1\n|-boost|p1a: Calyrex|def|1\n|move|p1a: Calyrex|Glacial Lance|p2a: Wo-Chien|[spread] p2b\n|-activate|p2a: Wo-Chien|move: Protect\n|-resisted|p2b: Groudon\n|-damage|p2b: Groudon|62/100\n|move|p2b: Groudon|Heat Crash|p1a: Calyrex\n|-supereffective|p1a: Calyrex\n|-damage|p1a: Calyrex|61/100\n|\n|-weather|SunnyDay|[upkeep]\n|-heal|p2a: Wo-Chien|48/100|[from] item: Leftovers\n|upkeep\n|turn|7\n|\n|t:|1776698042\n|move|p1b: Scraggy|Coaching|p1a: Calyrex\n|-boost|p1a: Calyrex|atk|1\n|-boost|p1a: Calyrex|def|1\n|move|p1a: Calyrex|Glacial Lance|p2a: Wo-Chien|[spread] p2a,p2b\n|-supereffective|p2a: Wo-Chien\n|-resisted|p2b: Groudon\n|-damage|p2a: Wo-Chien|0 fnt\n|-damage|p2b: Groudon|35/100\n|faint|p2a: Wo-Chien\n|-ability|p1a: Calyrex|Chilling Neigh|boost\n|-boost|p1a: Calyrex|atk|1\n|move|p2b: Groudon|Body Press|p1b: Scraggy\n|-supereffective|p1b: Scraggy\n|-damage|p1b: Scraggy|58/100\n|\n|-weather|none\n|upkeep\n|-message|Sunny_zong1 forfeited.\n|\n|win|sheeshshane925\n|raw|sheeshshane925's rating: 1698 &rarr; <strong>1706</strong><br />(+8 for winning)\n|raw|Sunny_zong1's rating: 1462 &rarr; <strong>1454</strong><br />(-8 for losing)\n|l|\u2606Sunny_zong1\n|player|p2|\n|l|\u2606sheeshshane925\n|player|p1|\n","uploadtime":1776698211,"views":12,"formatid":"gen9vgc2026regi","rating":1454,"private":0,"password":null}