{"id":"gen9vgc2026regi-2560833986","format":"[Gen 9] VGC 2026 Reg I","players":["Solarbloke","b3testing"],"log":"|j|\u2606Solarbloke\n|j|\u2606b3testing\n|t:|1773734754\n|gametype|doubles\n|player|p1|Solarbloke|266|1472\n|player|p2|b3testing|265|1577\n|gen|9\n|tier|[Gen 9] VGC 2026 Reg I\n|rated|\n|rule|Species Clause: Limit one of each Pok\u00e9mon\n|rule|Item Clause: Limit 1 of each item\n|clearpoke\n|poke|p1|Calyrex-Ice, L50|\n|poke|p1|Kyogre, L50|\n|poke|p1|Smeargle, L50, M|\n|poke|p1|Farigiraf, L50, F|\n|poke|p1|Basculegion, L50, M|\n|poke|p1|Bronzong, L50|\n|poke|p2|Terapagos, L50, M|\n|poke|p2|Calyrex-Shadow, L50|\n|poke|p2|Incineroar, L50, M|\n|poke|p2|Amoonguss, L50, M|\n|poke|p2|Tornadus, L50, M|\n|poke|p2|Smeargle, L50, F|\n|teampreview|4\n|inactive|Battle timer is ON: inactive players will automatically lose when time's up. (requested by b3testing)\n|inactive|b3testing has 60 seconds left.\n|inactive|b3testing has 30 seconds left.\n|inactive|b3testing has 20 seconds left.\n|inactive|b3testing has 15 seconds left.\n|\n|t:|1773734830\n|teamsize|p1|4\n|teamsize|p2|4\n|start\n|switch|p1a: Kyogre|Kyogre, L50|100/100\n|switch|p1b: Basculegion|Basculegion, L50, M|100/100\n|switch|p2a: Terapagos|Terapagos, L50, M|100/100\n|switch|p2b: Amoonguss|Amoonguss, L50, M|100/100\n|-activate|p2a: Terapagos|ability: Tera Shift\n|detailschange|p2a: Terapagos|Terapagos-Terastal, L50, M\n|-heal|p2a: Terapagos|100/100|[silent]\n|-weather|RainDance|[from] ability: Drizzle|[of] p1a: Kyogre\n|turn|1\n|inactive|b3testing has 30 seconds left.\n|inactive|b3testing has 20 seconds left.\n|j| ido1234567890\n|\n|t:|1773734870\n|-terastallize|p1a: Kyogre|Water\n|move|p1b: Basculegion|Wave Crash|p2b: Amoonguss\n|-resisted|p2b: Amoonguss\n|-damage|p2b: Amoonguss|54/100\n|-damage|p1b: Basculegion|84/100|[from] item: Rocky Helmet|[of] p2b: Amoonguss\n|-damage|p1b: Basculegion|67/100|[from] Recoil\n|move|p1a: Kyogre|Water Spout|p2a: Terapagos|[spread] p2a,p2b\n|-activate|p2a: Terapagos|ability: Tera Shell\n|-resisted|p2a: Terapagos\n|-resisted|p2b: Amoonguss\n|-damage|p2a: Terapagos|44/100\n|-damage|p2b: Amoonguss|0 fnt\n|faint|p2b: Amoonguss\n|move|p2a: Terapagos|Calm Mind|p2a: Terapagos\n|-boost|p2a: Terapagos|spa|1\n|-boost|p2a: Terapagos|spd|1\n|\n|-weather|RainDance|[upkeep]\n|upkeep\n|inactive|b3testing has 30 seconds left.\n|\n|t:|1773734901\n|switch|p2b: Smeargle|Smeargle, L50, F|100/100\n|turn|2\n|\n|t:|1773734912\n|-terastallize|p2a: Terapagos|Stellar\n|detailschange|p2a: Terapagos|Terapagos-Stellar, L50, M, tera:Stellar\n|-heal|p2a: Terapagos|58/100|[silent]\n|-ability|p2a: Terapagos|Teraform Zero\n|-weather|none\n|move|p2b: Smeargle|Fake Out|p1a: Kyogre\n|-damage|p1a: Kyogre|95/100\n|cant|p1a: Kyogre|flinch\n|move|p1b: Basculegion|Wave Crash|p2b: Smeargle\n|-crit|p2b: Smeargle\n|-enditem|p2b: Smeargle|Focus Sash\n|-damage|p2b: Smeargle|1/100\n|-damage|p1b: Basculegion|43/100|[from] Recoil\n|move|p2a: Terapagos|Tera Starstorm|p1a: Kyogre|[spread] p1a,p1b\n|-supereffective|p1a: Kyogre\n|-damage|p1a: Kyogre|4/100\n|-damage|p1b: Basculegion|0 fnt\n|faint|p1b: Basculegion\n|\n|-ability|p2b: Smeargle|Moody|boost\n|-boost|p2b: Smeargle|def|2\n|-unboost|p2b: Smeargle|atk|1\n|upkeep\n|\n|t:|1773734925\n|switch|p1b: Calyrex|Calyrex-Ice, L50|100/100\n|-ability|p1b: Calyrex|As One\n|-ability|p1b: Calyrex|Unnerve\n|turn|3\n|inactive|b3testing has 30 seconds left.\n|inactive|b3testing has 20 seconds left.\n|inactive|b3testing has 15 seconds left.\n|inactive|b3testing has 10 seconds left.\n|inactive|b3testing has 5 seconds left.\n|\n|t:|1773734977\n|switch|p1a: Farigiraf|Farigiraf, L50, F|100/100\n|move|p2b: Smeargle|Spore|p1b: Calyrex\n|-status|p1b: Calyrex|slp|[from] move: Spore\n|move|p2a: Terapagos|Earth Power|p1b: Calyrex\n|-damage|p1b: Calyrex|70/100 slp\n|cant|p1b: Calyrex|slp\n|\n|-ability|p2b: Smeargle|Moody|boost\n|-boost|p2b: Smeargle|spa|2\n|-unboost|p2b: Smeargle|spe|1\n|upkeep\n|turn|4\n|\n|t:|1773734994\n|move|p2a: Terapagos|Tera Starstorm|p1a: Farigiraf|[spread] p1a,p1b\n|-damage|p1a: Farigiraf|47/100\n|-damage|p1b: Calyrex|40/100 slp\n|-enditem|p1a: Farigiraf|Sitrus Berry|[eat]\n|-heal|p1a: Farigiraf|72/100|[from] item: Sitrus Berry\n|move|p2b: Smeargle|Spore|p1a: Farigiraf\n|-status|p1a: Farigiraf|slp|[from] move: Spore\n|cant|p1b: Calyrex|slp\n|cant|p1a: Farigiraf|slp\n|\n|-ability|p2b: Smeargle|Moody|boost\n|-boost|p2b: Smeargle|spa|2\n|-unboost|p2b: Smeargle|def|1\n|upkeep\n|turn|5\n|\n|t:|1773735012\n|-curestatus|p1a: Farigiraf|slp|[msg]\n|move|p1a: Farigiraf|Protect|p1a: Farigiraf\n|-singleturn|p1a: Farigiraf|Protect\n|move|p2a: Terapagos|Tera Starstorm|p1a: Farigiraf|[spread] p1b\n|-activate|p1a: Farigiraf|move: Protect\n|-damage|p1b: Calyrex|8/100 slp\n|move|p2b: Smeargle|Decorate|p2a: Terapagos\n|-boost|p2a: Terapagos|atk|2\n|-boost|p2a: Terapagos|spa|2\n|-curestatus|p1b: Calyrex|slp|[msg]\n|move|p1b: Calyrex|Glacial Lance|p2a: Terapagos|[spread] p2a,p2b\n|-damage|p2a: Terapagos|19/100\n|-damage|p2b: Smeargle|0 fnt\n|faint|p2b: Smeargle\n|-ability|p1b: Calyrex|Chilling Neigh|boost\n|-boost|p1b: Calyrex|atk|1\n|\n|upkeep\n|\n|t:|1773735016\n|switch|p2b: Calyrex|Calyrex-Shadow, L50|100/100\n|-ability|p2b: Calyrex|As One\n|-ability|p2b: Calyrex|Unnerve\n|turn|6\n|\n|t:|1773735033\n|move|p2b: Calyrex|Encore|p1a: Farigiraf\n|-start|p1a: Farigiraf|Encore\n|move|p2a: Terapagos|Tera Starstorm|p1a: Farigiraf|[spread] p1a,p1b\n|-damage|p1a: Farigiraf|0 fnt\n|-damage|p1b: Calyrex|0 fnt\n|faint|p1a: Farigiraf\n|faint|p1b: Calyrex\n|\n|upkeep\n|\n|t:|1773735036\n|switch|p1b: Kyogre|Kyogre, L50, tera:Water|4/100\n|-weather|RainDance|[from] ability: Drizzle|[of] p1b: Kyogre\n|turn|7\n|\n|t:|1773735051\n|move|p1b: Kyogre|Origin Pulse|p2b: Calyrex|[spread] p2a,p2b\n|-damage|p2a: Terapagos|0 fnt\n|-damage|p2b: Calyrex|12/100\n|faint|p2a: Terapagos\n|detailschange|p2: Terapagos|Terapagos, L50, M|[silent]\n|move|p2b: Calyrex|Astral Barrage|p1b: Kyogre\n|-damage|p1b: Kyogre|0 fnt\n|faint|p1b: Kyogre\n|-damage|p2b: Calyrex|2/100|[from] item: Life Orb\n|\n|win|b3testing\n|raw|Solarbloke's rating: 1472 &rarr; <strong>1458</strong><br />(-14 for losing)\n|raw|b3testing's rating: 1577 &rarr; <strong>1591</strong><br />(+14 for winning)\n|l|\u2606Solarbloke\n|player|p1|\n|l|\u2606b3testing\n|player|p2|\n","uploadtime":1773735232,"views":11,"formatid":"gen9vgc2026regi","rating":1458,"private":0,"password":null}