{"id":"gen9vgc2026regi-2562919563","format":"[Gen 9] VGC 2026 Reg I","players":["b3testing","farigirafarmortail"],"log":"|j|\u2606b3testing\n|j|\u2606farigirafarmortail\n|t:|1773962615\n|gametype|doubles\n|player|p1|b3testing|2|1590\n|player|p2|farigirafarmortail|102|1537\n|gen|9\n|tier|[Gen 9] VGC 2026 Reg I\n|rated|\n|rule|Species Clause: Limit one of each Pok\u00e9mon\n|rule|Item Clause: Limit 1 of each item\n|clearpoke\n|poke|p1|Terapagos, L50, M|\n|poke|p1|Calyrex-Shadow, L50|\n|poke|p1|Incineroar, L50, M|\n|poke|p1|Amoonguss, L50, F|\n|poke|p1|Tornadus, L50, M|\n|poke|p1|Smeargle, L50, M|\n|poke|p2|Koraidon, L50|\n|poke|p2|Lunala, L50|\n|poke|p2|Flutter Mane, L50|\n|poke|p2|Incineroar, L50, F|\n|poke|p2|Ogerpon-Wellspring, L50, F|\n|poke|p2|Ursaluna, L50, M|\n|teampreview|4\n|inactive|Battle timer is ON: inactive players will automatically lose when time's up. (requested by b3testing)\n|\n|t:|1773962628\n|teamsize|p1|4\n|teamsize|p2|4\n|start\n|switch|p1a: Tornadus|Tornadus, L50, M|100/100\n|switch|p1b: Smeargle|Smeargle, L50, M|100/100\n|switch|p2a: Flutter Mane|Flutter Mane, L50, shiny|100/100\n|switch|p2b: Koraidon|Koraidon, L50|100/100\n|-weather|SunnyDay|[from] ability: Orichalcum Pulse|[of] p2b: Koraidon\n|-activate|p2a: Flutter Mane|ability: Protosynthesis\n|-start|p2a: Flutter Mane|protosynthesisspe\n|-activate|p2b: Koraidon|Orichalcum Pulse|[source]\n|turn|1\n|\n|t:|1773962636\n|move|p1b: Smeargle|Fake Out|p2b: Koraidon\n|-damage|p2b: Koraidon|95/100\n|move|p1a: Tornadus|Taunt|p2a: Flutter Mane\n|-start|p2a: Flutter Mane|move: Taunt\n|move|p2a: Flutter Mane|Icy Wind|p1a: Tornadus|[spread] p1a,p1b\n|-supereffective|p1a: Tornadus\n|-damage|p1a: Tornadus|68/100\n|-damage|p1b: Smeargle|63/100\n|-unboost|p1a: Tornadus|spe|1\n|-unboost|p1b: Smeargle|spe|1\n|cant|p2b: Koraidon|flinch\n|\n|-weather|SunnyDay|[upkeep]\n|-ability|p1b: Smeargle|Moody|boost\n|-boost|p1b: Smeargle|atk|2\n|-unboost|p1b: Smeargle|def|1\n|upkeep\n|turn|2\n|j| Knightdozo\n|j| KittyPON2\n|\n|t:|1773962657\n|move|p1a: Tornadus|Protect|p1a: Tornadus\n|-singleturn|p1a: Tornadus|Protect\n|move|p2a: Flutter Mane|Moonblast|p1b: Smeargle\n|-damage|p1b: Smeargle|0 fnt\n|faint|p1b: Smeargle\n|move|p2b: Koraidon|Flare Blitz|p1a: Tornadus\n|-activate|p1a: Tornadus|move: Protect\n|\n|-weather|SunnyDay|[upkeep]\n|upkeep\n|\n|t:|1773962664\n|switch|p1b: Calyrex|Calyrex-Shadow, L50|100/100\n|-ability|p1b: Calyrex|As One\n|-ability|p1b: Calyrex|Unnerve\n|turn|3\n|\n|t:|1773962685\n|-terastallize|p2b: Koraidon|Fire\n|move|p1b: Calyrex|Protect|p1b: Calyrex\n|-singleturn|p1b: Calyrex|Protect\n|move|p1a: Tornadus|Tailwind|p1a: Tornadus\n|-sidestart|p1: b3testing|move: Tailwind\n|move|p2a: Flutter Mane|Icy Wind|p1b: Calyrex|[spread] p1a\n|-activate|p1b: Calyrex|move: Protect\n|-supereffective|p1a: Tornadus\n|-damage|p1a: Tornadus|34/100\n|-unboost|p1a: Tornadus|spe|1\n|move|p2b: Koraidon|Flare Blitz|p1b: Calyrex\n|-activate|p1b: Calyrex|move: Protect\n|\n|-weather|SunnyDay|[upkeep]\n|-end|p2a: Flutter Mane|move: Taunt\n|upkeep\n|turn|4\n|inactive|b3testing has 30 seconds left.\n|\n|t:|1773962715\n|move|p1b: Calyrex|Disable|p2b: Koraidon\n|-start|p2b: Koraidon|Disable|Flare Blitz\n|move|p2a: Flutter Mane|Icy Wind|p1b: Calyrex|[spread] p1a,p1b\n|-supereffective|p1a: Tornadus\n|-damage|p1a: Tornadus|0 fnt\n|-damage|p1b: Calyrex|87/100\n|-unboost|p1b: Calyrex|spe|1\n|faint|p1a: Tornadus\n|cant|p2b: Koraidon|Disable|Flare Blitz\n|\n|-weather|SunnyDay|[upkeep]\n|upkeep\n|\n|t:|1773962718\n|switch|p1a: Terapagos|Terapagos, L50, M|100/100\n|-activate|p1a: Terapagos|ability: Tera Shift\n|detailschange|p1a: Terapagos|Terapagos-Terastal, L50, M\n|-heal|p1a: Terapagos|100/100|[silent]\n|turn|5\n|\n|t:|1773962726\n|-terastallize|p1a: Terapagos|Stellar\n|detailschange|p1a: Terapagos|Terapagos-Stellar, L50, M, tera:Stellar\n|-heal|p1a: Terapagos|100/100|[silent]\n|-ability|p1a: Terapagos|Teraform Zero\n|-weather|none\n|-end|p2a: Flutter Mane|Protosynthesis\n|move|p1b: Calyrex|Astral Barrage|p2b: Koraidon|[spread] p2a,p2b\n|-supereffective|p2a: Flutter Mane\n|-enditem|p2a: Flutter Mane|Focus Sash\n|-damage|p2a: Flutter Mane|1/100\n|-damage|p2b: Koraidon|22/100\n|-damage|p1b: Calyrex|77/100|[from] item: Life Orb\n|move|p1a: Terapagos|Tera Starstorm|p2a: Flutter Mane|[spread] p2a,p2b\n|-supereffective|p2b: Koraidon\n|-damage|p2a: Flutter Mane|0 fnt\n|-damage|p2b: Koraidon|0 fnt\n|faint|p2a: Flutter Mane\n|-end|p2a: Flutter Mane|Protosynthesis|[silent]\n|faint|p2b: Koraidon\n|\n|upkeep\n|\n|t:|1773962731\n|switch|p2a: Incineroar|Incineroar, L50, F, shiny|100/100\n|switch|p2b: Lunala|Lunala, L50|100/100\n|-ability|p2a: Incineroar|Intimidate|boost\n|-unboost|p1a: Terapagos|atk|1\n|-unboost|p1b: Calyrex|atk|1\n|turn|6\n|\n|t:|1773962746\n|move|p1b: Calyrex|Protect|p1b: Calyrex\n|-singleturn|p1b: Calyrex|Protect\n|move|p2a: Incineroar|Fake Out|p1a: Terapagos\n|-damage|p1a: Terapagos|94/100\n|move|p1a: Terapagos|Tera Starstorm|p2a: Incineroar|[spread] p2a,p2b\n|-damage|p2a: Incineroar|71/100\n|-damage|p2b: Lunala|87/100\n|move|p2b: Lunala|Trick Room|p2b: Lunala\n|-fieldstart|move: Trick Room|[of] p2b: Lunala\n|\n|-sideend|p1: b3testing|move: Tailwind\n|upkeep\n|turn|7\n|\n|t:|1773962768\n|move|p2a: Incineroar|Parting Shot|p1a: Terapagos\n|-unboost|p1a: Terapagos|atk|1\n|-unboost|p1a: Terapagos|spa|1\n|move|p1a: Terapagos|Calm Mind|p1a: Terapagos\n|-boost|p1a: Terapagos|spa|1\n|-boost|p1a: Terapagos|spd|1\n|move|p2b: Lunala|Moongeist Beam|p1b: Calyrex\n|-supereffective|p1b: Calyrex\n|-damage|p1b: Calyrex|0 fnt\n|faint|p1b: Calyrex\n|\n|upkeep\n|turn|8\n|\n|t:|1773962780\n|move|p2a: Incineroar|Will-O-Wisp|p1a: Terapagos\n|-status|p1a: Terapagos|brn\n|move|p1a: Terapagos|Calm Mind|p1a: Terapagos\n|-boost|p1a: Terapagos|spa|1\n|-boost|p1a: Terapagos|spd|1\n|move|p2b: Lunala|Moonblast|p1a: Terapagos\n|-damage|p1a: Terapagos|82/100 brn\n|\n|-damage|p1a: Terapagos|75/100 brn|[from] brn\n|upkeep\n|turn|9\n|l| KittyPON2\n|\n|t:|1773962790\n|move|p2a: Incineroar|Parting Shot|p1a: Terapagos\n|-unboost|p1a: Terapagos|atk|1\n|-unboost|p1a: Terapagos|spa|1\n|move|p1a: Terapagos|Earth Power|p2a: Incineroar\n|-supereffective|p2a: Incineroar\n|-crit|p2a: Incineroar\n|-damage|p2a: Incineroar|0 fnt\n|faint|p2a: Incineroar\n|move|p2b: Lunala|Moonblast|p1a: Terapagos\n|-damage|p1a: Terapagos|65/100 brn\n|\n|-damage|p1a: Terapagos|58/100 brn|[from] brn\n|upkeep\n|turn|10\n|\n|t:|1773962801\n|move|p1a: Terapagos|Calm Mind|p1a: Terapagos\n|-boost|p1a: Terapagos|spa|1\n|-boost|p1a: Terapagos|spd|1\n|move|p2b: Lunala|Moonblast|p1a: Terapagos\n|-damage|p1a: Terapagos|49/100 brn\n|\n|-damage|p1a: Terapagos|43/100 brn|[from] brn\n|-fieldend|move: Trick Room\n|upkeep\n|turn|11\n|\n|t:|1773962805\n|move|p2b: Lunala|Moonblast|p1a: Terapagos\n|-damage|p1a: Terapagos|33/100 brn\n|move|p1a: Terapagos|Tera Starstorm|p2b: Lunala\n|-damage|p2b: Lunala|34/100\n|\n|-damage|p1a: Terapagos|27/100 brn|[from] brn\n|upkeep\n|turn|12\n|\n|t:|1773962816\n|move|p2b: Lunala|Wide Guard|p2b: Lunala\n|-singleturn|p2b: Lunala|Wide Guard\n|move|p1a: Terapagos|Earth Power|p2b: Lunala\n|-damage|p2b: Lunala|0 fnt\n|faint|p2b: Lunala\n|\n|win|b3testing\n|raw|b3testing's rating: 1590 &rarr; <strong>1607</strong><br />(+17 for winning)\n|raw|farigirafarmortail's rating: 1537 &rarr; <strong>1520</strong><br />(-17 for losing)\n|l|\u2606farigirafarmortail\n|player|p2|\n|l|\u2606b3testing\n|player|p1|\n|l| Knightdozo\n|j| KittyPON2\n|l| KittyPON2\n","uploadtime":1773963059,"views":16,"formatid":"gen9vgc2026regi","rating":1520,"private":0,"password":null}