{"id":"gen9vgc2026regi-2588639971","format":"[Gen 9] VGC 2026 Reg I","players":["clessvgc","ngocang"],"log":"|j|\u2606clessvgc\n|j|\u2606ngocang\n|t:|1776652773\n|gametype|doubles\n|player|p1|clessvgc|proton|1474\n|player|p2|ngocang|1|1498\n|gen|9\n|tier|[Gen 9] VGC 2026 Reg I\n|rated|\n|rule|Species Clause: Limit one of each Pok\u00e9mon\n|rule|Item Clause: Limit 1 of each item\n|clearpoke\n|poke|p1|Landorus-Therian, L50, M|\n|poke|p1|Calyrex-Shadow, L50|\n|poke|p1|Iron Moth, L50|\n|poke|p1|Tornadus, L50, M|\n|poke|p1|Tinkaton, L50, F|\n|poke|p1|Kyogre, L50|\n|poke|p2|Miraidon, L50|\n|poke|p2|Calyrex-Ice, L50|\n|poke|p2|Whimsicott, L50, M|\n|poke|p2|Incineroar, L50, F|\n|poke|p2|Volcarona, L50, M|\n|poke|p2|Urshifu-*, L50, F|\n|teampreview|4\n|inactive|Battle timer is ON: inactive players will automatically lose when time's up. (requested by clessvgc)\n|inactive|ngocang has 60 seconds left.\n|\n|t:|1776652809\n|teamsize|p1|4\n|teamsize|p2|4\n|start\n|switch|p1a: Tinkaton|Tinkaton, L50, F|100/100\n|switch|p1b: Iron Moth|Iron Moth, L50|100/100\n|switch|p2a: Miraidon|Miraidon, L50|100/100\n|switch|p2b: Calyrex|Calyrex-Ice, L50|100/100\n|-ability|p2b: Calyrex|As One\n|-ability|p2b: Calyrex|Unnerve\n|-fieldstart|move: Electric Terrain|[from] ability: Hadron Engine|[of] p2a: Miraidon\n|-activate|p1b: Iron Moth|ability: Quark Drive\n|-start|p1b: Iron Moth|quarkdrivespa\n|-ability|p1a: Tinkaton|Mold Breaker\n|turn|1\n|\n|t:|1776652826\n|switch|p2b: Incineroar|Incineroar, L50, F|100/100\n|-ability|p2b: Incineroar|Intimidate|boost\n|-unboost|p1a: Tinkaton|atk|1\n|-unboost|p1b: Iron Moth|atk|1\n|-terastallize|p1b: Iron Moth|Grass\n|move|p1a: Tinkaton|Fake Out|p2b: Incineroar\n|-damage|p2b: Incineroar|97/100\n|move|p1b: Iron Moth|Sludge Wave|p2b: Incineroar|[spread] p2a,p2b\n|-immune|p1a: Tinkaton\n|-damage|p2a: Miraidon|51/100\n|-damage|p2b: Incineroar|62/100\n|-damage|p1b: Iron Moth|91/100|[from] item: Life Orb\n|move|p2a: Miraidon|Draco Meteor|p1b: Iron Moth\n|-damage|p1b: Iron Moth|0 fnt\n|-unboost|p2a: Miraidon|spa|2\n|faint|p1b: Iron Moth\n|-end|p1b: Iron Moth|Quark Drive|[silent]\n|\n|upkeep\n|\n|t:|1776652840\n|switch|p1b: Calyrex|Calyrex-Shadow, L50|100/100\n|-ability|p1b: Calyrex|As One\n|-ability|p1b: Calyrex|Unnerve\n|turn|2\n|\n|t:|1776652857\n|switch|p1a: Landorus|Landorus-Therian, L50, M|100/100\n|-ability|p1a: Landorus|Intimidate|boost\n|-unboost|p2a: Miraidon|atk|1\n|-unboost|p2b: Incineroar|atk|1\n|move|p1b: Calyrex|Protect|p1b: Calyrex\n|-singleturn|p1b: Calyrex|Protect\n|move|p2a: Miraidon|Volt Switch|p1a: Landorus\n|-immune|p1a: Landorus\n|move|p2b: Incineroar|U-turn|p1a: Landorus\n|-resisted|p1a: Landorus\n|-damage|p1a: Landorus|93/100\n|\n|t:|1776652861\n|switch|p2b: Calyrex|Calyrex-Ice, L50|100/100|[from] U-turn\n|-ability|p2b: Calyrex|As One\n|-ability|p2b: Calyrex|Unnerve\n|\n|upkeep\n|turn|3\n|\n|t:|1776652874\n|move|p2b: Calyrex|Protect|p2b: Calyrex\n|-singleturn|p2b: Calyrex|Protect\n|move|p1a: Landorus|U-turn|p2b: Calyrex\n|-activate|p2b: Calyrex|move: Protect\n|move|p1b: Calyrex|Astral Barrage|p2a: Miraidon|[spread] p2a\n|-activate|p2b: Calyrex|move: Protect\n|-damage|p2a: Miraidon|11/100\n|move|p2a: Miraidon|Snarl|p1a: Landorus|[spread] p1a,p1b\n|-supereffective|p1b: Calyrex\n|-damage|p1a: Landorus|80/100\n|-damage|p1b: Calyrex|53/100\n|-unboost|p1a: Landorus|spa|1\n|-unboost|p1b: Calyrex|spa|1\n|\n|upkeep\n|turn|4\n|\n|t:|1776652894\n|switch|p2a: Incineroar|Incineroar, L50, F|62/100\n|-ability|p2a: Incineroar|Intimidate|boost\n|-unboost|p1a: Landorus|atk|1\n|-unboost|p1b: Calyrex|atk|1\n|-terastallize|p2b: Calyrex|Fire\n|move|p1a: Landorus|U-turn|p2b: Calyrex\n|-resisted|p2b: Calyrex\n|-damage|p2b: Calyrex|95/100\n|\n|t:|1776652897\n|switch|p1a: Tinkaton|Tinkaton, L50, F|100/100|[from] U-turn\n|-ability|p1a: Tinkaton|Mold Breaker\n|move|p1b: Calyrex|Encore|p2b: Calyrex\n|-start|p2b: Calyrex|Encore\n|move|p2b: Calyrex|Protect||[still]\n|-fail|p2b: Calyrex\n|\n|upkeep\n|turn|5\n|\n|t:|1776652915\n|move|p2b: Calyrex|Protect|p2b: Calyrex\n|-singleturn|p2b: Calyrex|Protect\n|move|p1a: Tinkaton|Fake Out|p2a: Incineroar\n|-damage|p2a: Incineroar|57/100\n|move|p1b: Calyrex|Astral Barrage|p2a: Incineroar|[spread] p2a\n|-activate|p2b: Calyrex|move: Protect\n|-resisted|p2a: Incineroar\n|-damage|p2a: Incineroar|46/100\n|cant|p2a: Incineroar|flinch\n|\n|-fieldend|move: Electric Terrain\n|upkeep\n|turn|6\n|inactive|ngocang has 30 seconds left.\n|\n|t:|1776652942\n|switch|p2b: Miraidon|Miraidon, L50|11/100\n|-fieldstart|move: Electric Terrain|[from] ability: Hadron Engine|[of] p2b: Miraidon\n|move|p1b: Calyrex|Astral Barrage|p2b: Miraidon|[spread] p2a,p2b\n|-resisted|p2a: Incineroar\n|-damage|p2a: Incineroar|35/100\n|-damage|p2b: Miraidon|0 fnt\n|faint|p2b: Miraidon\n|-ability|p1b: Calyrex|Grim Neigh|boost\n|-boost|p1b: Calyrex|spa|1\n|move|p1a: Tinkaton|Play Rough|p2a: Incineroar\n|-damage|p2a: Incineroar|17/100\n|move|p2a: Incineroar|U-turn|p1a: Tinkaton\n|-resisted|p1a: Tinkaton\n|-crit|p1a: Tinkaton\n|-damage|p1a: Tinkaton|92/100\n|\n|t:|1776652950\n|switch|p2a: Calyrex|Calyrex-Ice, L50, tera:Fire|95/100|[from] U-turn\n|-ability|p2a: Calyrex|As One\n|-ability|p2a: Calyrex|Unnerve\n|\n|upkeep\n|\n|t:|1776652953\n|switch|p2b: Incineroar|Incineroar, L50, F|17/100\n|-ability|p2b: Incineroar|Intimidate|boost\n|-unboost|p1a: Tinkaton|atk|1\n|-unboost|p1b: Calyrex|atk|1\n|turn|7\n|\n|t:|1776652960\n|switch|p1a: Landorus|Landorus-Therian, L50, M|80/100\n|-ability|p1a: Landorus|Intimidate|boost\n|-fail|p2a: Calyrex|unboost|[from] item: Clear Amulet|[of] p2a: Calyrex\n|-unboost|p2b: Incineroar|atk|1\n|move|p2b: Incineroar|Fake Out|p1a: Landorus\n|-damage|p1a: Landorus|70/100\n|move|p1b: Calyrex|Encore|p2b: Incineroar\n|-start|p2b: Incineroar|Encore\n|move|p2a: Calyrex|Trick Room|p2a: Calyrex\n|-fieldstart|move: Trick Room|[of] p2a: Calyrex\n|\n|upkeep\n|turn|8\n|\n|t:|1776652970\n|switch|p2b: Urshifu|Urshifu-Rapid-Strike, L50, F|100/100\n|switch|p1a: Tinkaton|Tinkaton, L50, F|92/100\n|-ability|p1a: Tinkaton|Mold Breaker\n|move|p1b: Calyrex|Protect|p1b: Calyrex\n|-singleturn|p1b: Calyrex|Protect\n|move|p2a: Calyrex|Glacial Lance|p1a: Tinkaton|[spread] p1a\n|-activate|p1b: Calyrex|move: Protect\n|-resisted|p1a: Tinkaton\n|-damage|p1a: Tinkaton|61/100\n|\n|upkeep\n|turn|9\n|\n|t:|1776652978\n|move|p1a: Tinkaton|Fake Out|p2b: Urshifu\n|-damage|p2b: Urshifu|94/100\n|move|p2a: Calyrex|Glacial Lance|p1a: Tinkaton|[spread] p1a,p1b\n|-resisted|p1a: Tinkaton\n|-damage|p1a: Tinkaton|30/100\n|-damage|p1b: Calyrex|0 fnt\n|faint|p1b: Calyrex\n|-ability|p2a: Calyrex|Chilling Neigh|boost\n|-boost|p2a: Calyrex|atk|1\n|cant|p2b: Urshifu|flinch\n|\n|upkeep\n|j| ExistentialDredge\n|-message|clessvgc forfeited.\n|\n|win|ngocang\n|raw|clessvgc's rating: 1474 &rarr; <strong>1455</strong><br />(-19 for losing)\n|raw|ngocang's rating: 1498 &rarr; <strong>1517</strong><br />(+19 for winning)\n|l|\u2606clessvgc\n|player|p1|\n|l|\u2606ngocang\n|player|p2|\n|l| ExistentialDredge\n","uploadtime":1776653227,"views":14,"formatid":"gen9vgc2026regi","rating":1455,"private":0,"password":null}