{"id":"gen9vgc2026regi-2556564256","format":"[Gen 9] VGC 2026 Reg I","players":["drive stone","Gene10"],"log":"|j|\u2606drive stone\n|j|\u2606Gene10\n|t:|1773226679\n|gametype|doubles\n|player|p1|drive stone|cilan|1510\n|player|p2|Gene10|2|1397\n|gen|9\n|tier|[Gen 9] VGC 2026 Reg I\n|rated|\n|rule|Species Clause: Limit one of each Pok\u00e9mon\n|rule|Item Clause: Limit 1 of each item\n|clearpoke\n|poke|p1|Calyrex-Ice, L50|\n|poke|p1|Farigiraf, L50, M|\n|poke|p1|Scraggy, L50, F|\n|poke|p1|Iron Treads, L50|\n|poke|p1|Iron Hands, L50|\n|poke|p1|Miraidon, L50|\n|poke|p2|Calyrex-Ice, L50|\n|poke|p2|Incineroar, L50, M|\n|poke|p2|Kyogre, L50|\n|poke|p2|Urshifu-*, L50, F|\n|poke|p2|Rillaboom, L50, M|\n|poke|p2|Farigiraf, L50, M|\n|teampreview|4\n|inactive|Battle timer is ON: inactive players will automatically lose when time's up. (requested by Gene10)\n|inactive|drive stone has 60 seconds left.\n|\n|t:|1773226715\n|teamsize|p1|4\n|teamsize|p2|4\n|start\n|switch|p1a: Iron Hands|Iron Hands, L50|100/100\n|switch|p1b: Calyrex|Calyrex-Ice, L50|100/100\n|switch|p2a: Urshifu|Urshifu, L50, F|100/100\n|switch|p2b: Rillaboom|Rillaboom, L50, M|100/100\n|-ability|p1b: Calyrex|As One\n|-ability|p1b: Calyrex|Unnerve\n|-fieldstart|move: Grassy Terrain|[from] ability: Grassy Surge|[of] p2b: Rillaboom\n|turn|1\n|\n|t:|1773226737\n|switch|p2b: Incineroar|Incineroar, L50, M, shiny|100/100\n|-ability|p2b: Incineroar|Intimidate|boost\n|-unboost|p1a: Iron Hands|atk|1\n|-fail|p1b: Calyrex|unboost|[from] item: Clear Amulet|[of] p1b: Calyrex\n|-terastallize|p2a: Urshifu|Dark\n|-terastallize|p1b: Calyrex|Fire\n|move|p1a: Iron Hands|Fake Out|p2a: Urshifu\n|-damage|p2a: Urshifu|91/100\n|cant|p2a: Urshifu|flinch\n|move|p1b: Calyrex|Trick Room|p1b: Calyrex\n|-fieldstart|move: Trick Room|[of] p1b: Calyrex\n|\n|-heal|p2a: Urshifu|97/100|[from] Grassy Terrain\n|upkeep\n|turn|2\n|inactive|Gene10 has 30 seconds left.\n|inactive|drive stone has 30 seconds left.\n|\n|t:|1773226773\n|-end|p1a: Iron Hands|Quark Drive|[silent]\n|switch|p1a: Scraggy|Scraggy, L50, F|100/100\n|-ability|p1a: Scraggy|Intimidate|boost\n|-unboost|p2a: Urshifu|atk|1\n|-unboost|p2b: Incineroar|atk|1\n|move|p2b: Incineroar|Fake Out|p1a: Scraggy\n|-damage|p1a: Scraggy|94/100\n|move|p1b: Calyrex|High Horsepower|p2b: Incineroar\n|-supereffective|p2b: Incineroar\n|-damage|p2b: Incineroar|25/100\n|move|p2a: Urshifu|Wicked Blow|p1b: Calyrex\n|-crit|p1b: Calyrex\n|-damage|p1b: Calyrex|20/100\n|\n|-heal|p1a: Scraggy|99/100|[from] Grassy Terrain\n|-heal|p1b: Calyrex|26/100|[from] Grassy Terrain\n|-heal|p2b: Incineroar|31/100|[from] Grassy Terrain\n|-heal|p2a: Urshifu|100/100|[from] Grassy Terrain\n|upkeep\n|turn|3\n|\n|t:|1773226794\n|switch|p2b: Calyrex|Calyrex-Ice, L50|100/100\n|-ability|p2b: Calyrex|As One\n|-ability|p2b: Calyrex|Unnerve\n|move|p1a: Scraggy|Fake Out|p2a: Urshifu\n|-damage|p2a: Urshifu|94/100\n|move|p1b: Calyrex|High Horsepower|p2b: Calyrex\n|-damage|p2b: Calyrex|76/100\n|cant|p2a: Urshifu|flinch\n|\n|-heal|p1a: Scraggy|100/100|[from] Grassy Terrain\n|-heal|p2b: Calyrex|82/100|[from] Grassy Terrain\n|-heal|p1b: Calyrex|32/100|[from] Grassy Terrain\n|-heal|p2a: Urshifu|99/100|[from] Grassy Terrain\n|upkeep\n|turn|4\n|\n|t:|1773226815\n|switch|p1b: Iron Hands|Iron Hands, L50|100/100\n|switch|p2b: Incineroar|Incineroar, L50, M, shiny|31/100\n|-ability|p2b: Incineroar|Intimidate|boost\n|-unboost|p1a: Scraggy|atk|1\n|-unboost|p1b: Iron Hands|atk|1\n|move|p1a: Scraggy|Foul Play|p2b: Incineroar\n|-resisted|p2b: Incineroar\n|-damage|p2b: Incineroar|16/100\n|move|p2a: Urshifu|Wicked Blow|p1b: Iron Hands\n|-resisted|p1b: Iron Hands\n|-crit|p1b: Iron Hands\n|-damage|p1b: Iron Hands|56/100\n|\n|-heal|p1b: Iron Hands|62/100|[from] Grassy Terrain\n|-heal|p2b: Incineroar|22/100|[from] Grassy Terrain\n|-heal|p2a: Urshifu|100/100|[from] Grassy Terrain\n|upkeep\n|turn|5\n|inactive|drive stone has 30 seconds left.\n|inactive|Gene10 has 30 seconds left.\n|inactive|drive stone has 20 seconds left.\n|\n|t:|1773226851\n|switch|p2a: Rillaboom|Rillaboom, L50, M|100/100\n|move|p1b: Iron Hands|Fake Out|p2a: Rillaboom\n|-damage|p2a: Rillaboom|92/100\n|move|p1a: Scraggy|Coaching|p1b: Iron Hands\n|-boost|p1b: Iron Hands|atk|1\n|-boost|p1b: Iron Hands|def|1\n|move|p2b: Incineroar|Parting Shot|p1b: Iron Hands\n|-unboost|p1b: Iron Hands|atk|1\n|-unboost|p1b: Iron Hands|spa|1\n|\n|t:|1773226863\n|switch|p2b: Urshifu|Urshifu, L50, F, tera:Dark|100/100|[from] Parting Shot\n|\n|-heal|p1b: Iron Hands|68/100|[from] Grassy Terrain\n|-heal|p2a: Rillaboom|98/100|[from] Grassy Terrain\n|-fieldend|move: Trick Room\n|-fieldend|move: Grassy Terrain\n|upkeep\n|turn|6\n|\n|t:|1773226882\n|-end|p1b: Iron Hands|Quark Drive|[silent]\n|switch|p1b: Calyrex|Calyrex-Ice, L50, tera:Fire|32/100\n|-ability|p1b: Calyrex|As One\n|-ability|p1b: Calyrex|Unnerve\n|move|p2a: Rillaboom|Fake Out|p1b: Calyrex\n|-damage|p1b: Calyrex|24/100\n|move|p2b: Urshifu|Close Combat|p1b: Calyrex\n|-damage|p1b: Calyrex|0 fnt\n|-unboost|p2b: Urshifu|def|1\n|-unboost|p2b: Urshifu|spd|1\n|faint|p1b: Calyrex\n|move|p1a: Scraggy|Foul Play|p2a: Rillaboom\n|-damage|p2a: Rillaboom|61/100\n|\n|upkeep\n|\n|t:|1773226902\n|switch|p1b: Miraidon|Miraidon, L50|100/100\n|-fieldstart|move: Electric Terrain|[from] ability: Hadron Engine|[of] p1b: Miraidon\n|turn|7\n|\n|t:|1773226917\n|switch|p2a: Incineroar|Incineroar, L50, M, shiny|22/100\n|-ability|p2a: Incineroar|Intimidate|boost\n|-unboost|p1a: Scraggy|atk|1\n|-unboost|p1b: Miraidon|atk|1\n|move|p1b: Miraidon|Volt Switch|p2b: Urshifu\n|-damage|p2b: Urshifu|0 fnt\n|faint|p2b: Urshifu\n|\n|t:|1773226925\n|switch|p1b: Iron Hands|Iron Hands, L50|68/100|[from] Volt Switch\n|-activate|p1b: Iron Hands|ability: Quark Drive\n|-start|p1b: Iron Hands|quarkdriveatk\n|move|p1a: Scraggy|Coaching|p1b: Iron Hands\n|-boost|p1b: Iron Hands|atk|1\n|-boost|p1b: Iron Hands|def|1\n|\n|upkeep\n|\n|t:|1773226938\n|switch|p2b: Rillaboom|Rillaboom, L50, M|61/100\n|-fieldstart|move: Grassy Terrain|[from] ability: Grassy Surge|[of] p2b: Rillaboom\n|-end|p1b: Iron Hands|Quark Drive\n|turn|8\n|inactive|Gene10 has 30 seconds left.\n|\n|t:|1773226970\n|switch|p1a: Miraidon|Miraidon, L50|100/100\n|-fieldstart|move: Electric Terrain|[from] ability: Hadron Engine|[of] p1a: Miraidon\n|-activate|p1b: Iron Hands|ability: Quark Drive\n|-start|p1b: Iron Hands|quarkdriveatk\n|move|p2a: Incineroar|Fake Out|p1a: Miraidon\n|-damage|p1a: Miraidon|91/100\n|move|p2b: Rillaboom|U-turn|p1a: Miraidon\n|-damage|p1a: Miraidon|72/100\n|inactive|Gene10 has 30 seconds left.\n|\n|t:|1773227001\n|switch|p2b: Calyrex|Calyrex-Ice, L50|82/100|[from] U-turn\n|-ability|p2b: Calyrex|As One\n|-ability|p2b: Calyrex|Unnerve\n|move|p1b: Iron Hands|Drain Punch|p2a: Incineroar\n|-supereffective|p2a: Incineroar\n|-damage|p2a: Incineroar|0 fnt\n|-heal|p1b: Iron Hands|77/100|[from] drain|[of] p2a: Incineroar\n|faint|p2a: Incineroar\n|\n|upkeep\n|inactive|Gene10 has 30 seconds left.\n|-message|Gene10 forfeited.\n|\n|win|drive stone\n|raw|drive stone's rating: 1510 &rarr; <strong>1524</strong><br />(+14 for winning)\n|raw|Gene10's rating: 1397 &rarr; <strong>1383</strong><br />(-14 for losing)\n|l|\u2606Gene10\n|player|p2|\n|l|\u2606drive stone\n|player|p1|\n","uploadtime":1773227238,"views":14,"formatid":"gen9vgc2026regi","rating":1383,"private":0,"password":null}