{"id":"gen9vgc2026regi-2529830752","format":"[Gen 9] VGC 2026 Reg I","players":["TIATNPKMSDA","cdogp3"],"log":"|j|\u2606TIATNPKMSDA\n|j|\u2606cdogp3\n|t:|1769830130\n|gametype|doubles\n|player|p1|TIATNPKMSDA|jogger|1340\n|player|p2|cdogp3|hoopster|1455\n|gen|9\n|tier|[Gen 9] VGC 2026 Reg I\n|rated|\n|rule|Species Clause: Limit one of each Pok\u00e9mon\n|rule|Item Clause: Limit 1 of each item\n|clearpoke\n|poke|p1|Whimsicott, L50, F|\n|poke|p1|Kyogre, L50|\n|poke|p1|Calyrex-Shadow, L50|\n|poke|p1|Tinkaton, L50, F|\n|poke|p1|Farigiraf, L50, F|\n|poke|p1|Urshifu-*, L50, M|\n|poke|p2|Kyogre, L50|\n|poke|p2|Roaring Moon, L50|\n|poke|p2|Amoonguss, L50, F|\n|poke|p2|Landorus, L50, M|\n|poke|p2|Chien-Pao, L50|\n|poke|p2|Zamazenta-*, L50|\n|teampreview|4\n|inactive|Battle timer is ON: inactive players will automatically lose when time's up. (requested by cdogp3)\n|\n|t:|1769830151\n|teamsize|p1|4\n|teamsize|p2|4\n|start\n|switch|p1a: Whimsicott|Whimsicott, L50, F|100/100\n|switch|p1b: Calyrex|Calyrex-Shadow, L50|100/100\n|switch|p2a: Chien-Pao|Chien-Pao, L50|100/100\n|switch|p2b: Zamazenta|Zamazenta-Crowned, L50|100/100\n|-ability|p1b: Calyrex|As One\n|-ability|p1b: Calyrex|Unnerve\n|-ability|p2a: Chien-Pao|Sword of Ruin\n|-ability|p2b: Zamazenta|Dauntless Shield|boost\n|-boost|p2b: Zamazenta|def|1\n|turn|1\n|inactive|cdogp3 has 30 seconds left.\n|\n|t:|1769830177\n|-terastallize|p1b: Calyrex|Dark\n|move|p1a: Whimsicott|Fake Tears|p2b: Zamazenta\n|-unboost|p2b: Zamazenta|spd|2\n|move|p1b: Calyrex|Psychic|p2b: Zamazenta\n|-damage|p2b: Zamazenta|0 fnt\n|faint|p2b: Zamazenta\n|-ability|p1b: Calyrex|Grim Neigh|boost\n|-boost|p1b: Calyrex|spa|1\n|-damage|p1b: Calyrex|91/100|[from] item: Life Orb\n|move|p2a: Chien-Pao|Crunch|p1b: Calyrex\n|-resisted|p1b: Calyrex\n|-damage|p1b: Calyrex|61/100\n|\n|upkeep\n|\n|t:|1769830182\n|switch|p2b: Roaring Moon|Roaring Moon, L50, shiny|100/100\n|-enditem|p2b: Roaring Moon|Booster Energy\n|-activate|p2b: Roaring Moon|ability: Protosynthesis|[fromitem]\n|-start|p2b: Roaring Moon|protosynthesisspe\n|turn|2\n|\n|t:|1769830193\n|move|p1a: Whimsicott|Tailwind|p1a: Whimsicott\n|-sidestart|p1: TIATNPKMSDA|move: Tailwind\n|move|p1b: Calyrex|Astral Barrage|p2a: Chien-Pao|[spread] p2a,p2b\n|-resisted|p2a: Chien-Pao\n|-resisted|p2b: Roaring Moon\n|-damage|p2a: Chien-Pao|15/100\n|-damage|p2b: Roaring Moon|53/100\n|-damage|p1b: Calyrex|51/100|[from] item: Life Orb\n|move|p2b: Roaring Moon|Tailwind|p2b: Roaring Moon\n|-sidestart|p2: cdogp3|move: Tailwind\n|move|p2a: Chien-Pao|Ice Spinner|p1b: Calyrex\n|-damage|p1b: Calyrex|0 fnt\n|faint|p1b: Calyrex\n|\n|upkeep\n|\n|t:|1769830206\n|switch|p1b: Tinkaton|Tinkaton, L50, F|100/100\n|-ability|p1b: Tinkaton|Mold Breaker\n|turn|3\n|\n|t:|1769830212\n|switch|p2a: Kyogre|Kyogre, L50|100/100\n|-weather|RainDance|[from] ability: Drizzle|[of] p2a: Kyogre\n|move|p1b: Tinkaton|Fake Out|p2a: Kyogre\n|-damage|p2a: Kyogre|92/100\n|move|p2b: Roaring Moon|Acrobatics|p1a: Whimsicott\n|-supereffective|p1a: Whimsicott\n|-damage|p1a: Whimsicott|0 fnt\n|faint|p1a: Whimsicott\n|\n|-weather|RainDance|[upkeep]\n|upkeep\n|\n|t:|1769830214\n|switch|p1a: Kyogre|Kyogre, L50|100/100\n|turn|4\n|\n|t:|1769830223\n|move|p2b: Roaring Moon|Knock Off|p1a: Kyogre\n|-damage|p1a: Kyogre|43/100\n|-enditem|p1a: Kyogre|Choice Scarf|[from] move: Knock Off|[of] p2b: Roaring Moon\n|move|p1b: Tinkaton|Play Rough|p2a: Kyogre\n|-crit|p2a: Kyogre\n|-damage|p2a: Kyogre|48/100\n|move|p1a: Kyogre|Water Spout|p2b: Roaring Moon|[spread] p2a,p2b\n|-resisted|p2a: Kyogre\n|-resisted|p2b: Roaring Moon\n|-damage|p2a: Kyogre|33/100\n|-damage|p2b: Roaring Moon|35/100\n|move|p2a: Kyogre|Origin Pulse|p1a: Kyogre|[spread] p1a\n|-miss|p2a: Kyogre|p1b: Tinkaton\n|-resisted|p1a: Kyogre\n|-damage|p1a: Kyogre|8/100\n|\n|-weather|RainDance|[upkeep]\n|upkeep\n|turn|5\n|\n|t:|1769830238\n|move|p2b: Roaring Moon|Knock Off|p1a: Kyogre\n|-damage|p1a: Kyogre|0 fnt\n|faint|p1a: Kyogre\n|move|p1b: Tinkaton|Play Rough|p2b: Roaring Moon\n|-supereffective|p2b: Roaring Moon\n|-crit|p2b: Roaring Moon\n|-damage|p2b: Roaring Moon|0 fnt\n|faint|p2b: Roaring Moon\n|-end|p2b: Roaring Moon|Protosynthesis|[silent]\n|move|p2a: Kyogre|Origin Pulse|p1b: Tinkaton\n|-damage|p1b: Tinkaton|23/100\n|\n|-weather|RainDance|[upkeep]\n|-sideend|p2: cdogp3|move: Tailwind\n|-sideend|p1: TIATNPKMSDA|move: Tailwind\n|upkeep\n|\n|t:|1769830242\n|switch|p2b: Chien-Pao|Chien-Pao, L50|15/100\n|-ability|p2b: Chien-Pao|Sword of Ruin\n|turn|6\n|\n|t:|1769830248\n|-terastallize|p2b: Chien-Pao|Stellar\n|move|p1b: Tinkaton|Feint|p2b: Chien-Pao\n|-damage|p2b: Chien-Pao|6/100\n|move|p2b: Chien-Pao|Ice Spinner|p1b: Tinkaton\n|-resisted|p1b: Tinkaton\n|-damage|p1b: Tinkaton|0 fnt\n|faint|p1b: Tinkaton\n|\n|win|cdogp3\n|raw|TIATNPKMSDA's rating: 1340 &rarr; <strong>1326</strong><br />(-14 for losing)\n|raw|cdogp3's rating: 1455 &rarr; <strong>1469</strong><br />(+14 for winning)\n|l|\u2606TIATNPKMSDA\n|player|p1|\n|l|\u2606cdogp3\n|player|p2|\n","uploadtime":1769830436,"views":12,"formatid":"gen9vgc2026regi","rating":1326,"private":0,"password":null}