{"id":"gen9vgc2026regi-2566903526","format":"[Gen 9] VGC 2026 Reg I","players":["Galact7adi","lstdddsg"],"log":"|j|\u2606Galact7adi\n|j|\u2606lstdddsg\n|t:|1774427372\n|gametype|doubles\n|player|p1|Galact7adi|266|1501\n|player|p2|lstdddsg|riley|1454\n|gen|9\n|tier|[Gen 9] VGC 2026 Reg I\n|rated|\n|rule|Species Clause: Limit one of each Pok\u00e9mon\n|rule|Item Clause: Limit 1 of each item\n|clearpoke\n|poke|p1|Miraidon, L50|\n|poke|p1|Calyrex-Ice, L50|\n|poke|p1|Farigiraf, L50, F|\n|poke|p1|Iron Hands, L50|\n|poke|p1|Incineroar, L50, M|\n|poke|p1|Smeargle, L50, F|\n|poke|p2|Giratina-Origin, L50|\n|poke|p2|Zamazenta-*, L50|\n|poke|p2|Chien-Pao, L50|\n|poke|p2|Entei, L50|\n|poke|p2|Urshifu-*, L50, M|\n|poke|p2|Rillaboom, L50, M|\n|teampreview|4\n|inactive|Battle timer is ON: inactive players will automatically lose when time's up. (requested by lstdddsg)\n|inactive|Galact7adi also wants the timer to be on.\n|inactive|Galact7adi has 60 seconds left.\n|inactive|lstdddsg has 60 seconds left.\n|inactive|lstdddsg has 30 seconds left.\n|\n|t:|1774427434\n|teamsize|p1|4\n|teamsize|p2|4\n|start\n|switch|p1a: Miraidon|Miraidon, L50|100/100\n|switch|p1b: Farigiraf|Farigiraf, L50, F|100/100\n|switch|p2a: Zamazenta|Zamazenta-Crowned, L50|100/100\n|switch|p2b: Chien-Pao|Chien-Pao, L50|100/100\n|-ability|p2b: Chien-Pao|Sword of Ruin\n|-fieldstart|move: Electric Terrain|[from] ability: Hadron Engine|[of] p1a: Miraidon\n|-enditem|p1b: Farigiraf|Electric Seed\n|-boost|p1b: Farigiraf|def|1|[from] item: Electric Seed\n|-ability|p2a: Zamazenta|Dauntless Shield|boost\n|-boost|p2a: Zamazenta|def|1\n|turn|1\n|inactive|lstdddsg has 30 seconds left.\n|\n|t:|1774427461\n|switch|p2a: Rillaboom|Rillaboom, L50, M|100/100\n|-fieldstart|move: Grassy Terrain|[from] ability: Grassy Surge|[of] p2a: Rillaboom\n|-terastallize|p1b: Farigiraf|Water\n|move|p2b: Chien-Pao|Icicle Crash|p1a: Miraidon\n|-supereffective|p1a: Miraidon\n|-damage|p1a: Miraidon|0 fnt\n|faint|p1a: Miraidon\n|move|p1b: Farigiraf|Trick Room|p1b: Farigiraf\n|-fieldstart|move: Trick Room|[of] p1b: Farigiraf\n|\n|upkeep\n|\n|t:|1774427470\n|switch|p1a: Calyrex|Calyrex-Ice, L50|100/100\n|-ability|p1a: Calyrex|As One\n|-ability|p1a: Calyrex|Unnerve\n|turn|2\n|\n|t:|1774427488\n|-terastallize|p2a: Rillaboom|Water\n|move|p1b: Farigiraf|Helping Hand|p1a: Calyrex\n|-singleturn|p1a: Calyrex|Helping Hand|[of] p1b: Farigiraf\n|move|p2b: Chien-Pao|Protect|p2b: Chien-Pao\n|-singleturn|p2b: Chien-Pao|Protect\n|move|p1a: Calyrex|Glacial Lance|p2a: Rillaboom|[spread] p2a\n|-activate|p2b: Chien-Pao|move: Protect\n|-resisted|p2a: Rillaboom\n|-damage|p2a: Rillaboom|61/100\n|move|p2a: Rillaboom|Wood Hammer|p1b: Farigiraf\n|-supereffective|p1b: Farigiraf\n|-damage|p1b: Farigiraf|0 fnt\n|faint|p1b: Farigiraf\n|-damage|p2a: Rillaboom|25/100|[from] Recoil\n|\n|-heal|p2a: Rillaboom|31/100|[from] Grassy Terrain\n|upkeep\n|\n|t:|1774427491\n|switch|p1b: Iron Hands|Iron Hands, L50|100/100\n|turn|3\n|j| Mistrand2\n|inactive|lstdddsg has 30 seconds left.\n|inactive|lstdddsg has 20 seconds left.\n|\n|t:|1774427530\n|switch|p2b: Zamazenta|Zamazenta-Crowned, L50|100/100\n|move|p1b: Iron Hands|Drain Punch|p2b: Zamazenta\n|-supereffective|p2b: Zamazenta\n|-damage|p2b: Zamazenta|53/100\n|move|p1a: Calyrex|Glacial Lance|p2b: Zamazenta|[spread] p2a,p2b\n|-resisted|p2a: Rillaboom\n|-resisted|p2b: Zamazenta\n|-damage|p2a: Rillaboom|9/100\n|-damage|p2b: Zamazenta|40/100\n|move|p2a: Rillaboom|U-turn|p1b: Iron Hands\n|-resisted|p1b: Iron Hands\n|-damage|p1b: Iron Hands|93/100\n|inactive|lstdddsg has 30 seconds left.\n|\n|t:|1774427564\n|switch|p2a: Chien-Pao|Chien-Pao, L50|100/100|[from] U-turn\n|-ability|p2a: Chien-Pao|Sword of Ruin\n|\n|-heal|p1b: Iron Hands|99/100|[from] Grassy Terrain\n|-heal|p2b: Zamazenta|46/100|[from] Grassy Terrain\n|upkeep\n|turn|4\n|\n|t:|1774427579\n|move|p1a: Calyrex|Protect|p1a: Calyrex\n|-singleturn|p1a: Calyrex|Protect\n|move|p2b: Zamazenta|Protect|p2b: Zamazenta\n|-singleturn|p2b: Zamazenta|Protect\n|move|p2a: Chien-Pao|Protect|p2a: Chien-Pao\n|-singleturn|p2a: Chien-Pao|Protect\n|move|p1b: Iron Hands|Low Kick|p2b: Zamazenta\n|-activate|p2b: Zamazenta|move: Protect\n|\n|-heal|p1b: Iron Hands|100/100|[from] Grassy Terrain\n|-heal|p2b: Zamazenta|52/100|[from] Grassy Terrain\n|upkeep\n|turn|5\n|inactive|lstdddsg has 30 seconds left.\n|inactive|lstdddsg has 20 seconds left.\n|\n|t:|1774427615\n|switch|p2b: Rillaboom|Rillaboom, L50, M, tera:Water|9/100\n|move|p2a: Chien-Pao|Sucker Punch||[still]\n|-fail|p2a: Chien-Pao\n|move|p1b: Iron Hands|Low Kick|p2b: Rillaboom\n|-damage|p2b: Rillaboom|0 fnt\n|faint|p2b: Rillaboom\n|move|p1a: Calyrex|Leech Seed|p2a: Chien-Pao\n|-start|p2a: Chien-Pao|move: Leech Seed\n|\n|-damage|p2a: Chien-Pao|88/100|[from] Leech Seed|[of] p1a: Calyrex\n|-fieldend|move: Trick Room\n|-fieldend|move: Grassy Terrain\n|upkeep\n|\n|t:|1774427629\n|switch|p2b: Zamazenta|Zamazenta-Crowned, L50|52/100\n|turn|6\n|\n|t:|1774427638\n|move|p1a: Calyrex|Protect|p1a: Calyrex\n|-singleturn|p1a: Calyrex|Protect\n|move|p2a: Chien-Pao|Ruination|p1b: Iron Hands\n|-damage|p1b: Iron Hands|50/100\n|move|p2b: Zamazenta|Body Press|p1b: Iron Hands\n|-damage|p1b: Iron Hands|9/100\n|move|p1b: Iron Hands|Drain Punch|p2a: Chien-Pao\n|-supereffective|p2a: Chien-Pao\n|-damage|p2a: Chien-Pao|0 fnt\n|-heal|p1b: Iron Hands|37/100|[from] drain|[of] p2a: Chien-Pao\n|faint|p2a: Chien-Pao\n|\n|upkeep\n|\n|t:|1774427653\n|switch|p2a: Entei|Entei, L50|100/100\n|turn|7\n|\n|t:|1774427665\n|move|p2b: Zamazenta|Body Press|p1b: Iron Hands\n|-damage|p1b: Iron Hands|5/100\n|move|p2a: Entei|Sacred Fire|p1b: Iron Hands\n|-damage|p1b: Iron Hands|0 fnt\n|faint|p1b: Iron Hands\n|-end|p1b: Iron Hands|Quark Drive|[silent]\n|-damage|p2a: Entei|91/100|[from] item: Life Orb\n|move|p1a: Calyrex|Trick Room|p1a: Calyrex\n|-fieldstart|move: Trick Room|[of] p1a: Calyrex\n|\n|upkeep\n|turn|8\n|\n|t:|1774427679\n|move|p1a: Calyrex|Leech Seed|p2a: Entei\n|-start|p2a: Entei|move: Leech Seed\n|move|p2a: Entei|Sacred Fire|p1a: Calyrex\n|-supereffective|p1a: Calyrex\n|-damage|p1a: Calyrex|24/100\n|-status|p1a: Calyrex|brn\n|-damage|p2a: Entei|81/100|[from] item: Life Orb\n|move|p2b: Zamazenta|Body Press|p1a: Calyrex\n|-damage|p1a: Calyrex|0 fnt\n|faint|p1a: Calyrex\n|\n|win|lstdddsg\n|raw|Galact7adi's rating: 1501 &rarr; <strong>1478</strong><br />(-23 for losing)\n|raw|lstdddsg's rating: 1454 &rarr; <strong>1477</strong><br />(+23 for winning)\n|l|\u2606Galact7adi\n|player|p1|\n|l| Mistrand2\n|l|\u2606lstdddsg\n|player|p2|\n","uploadtime":1774427952,"views":14,"formatid":"gen9vgc2026regi","rating":1477,"private":0,"password":null}