{"id":"gen9vgc2026regi-2578339017","format":"[Gen 9] VGC 2026 Reg I","players":["buggybrain","itastelikeiron"],"log":"|j|\u2606buggybrain\n|j|\u2606itastelikeiron\n|t:|1775669728\n|gametype|doubles\n|player|p1|buggybrain|hiker-gen4|1604\n|player|p2|itastelikeiron|infielder|1585\n|gen|9\n|tier|[Gen 9] VGC 2026 Reg I\n|rated|\n|rule|Species Clause: Limit one of each Pok\u00e9mon\n|rule|Item Clause: Limit 1 of each item\n|clearpoke\n|poke|p1|Chien-Pao, L50|\n|poke|p1|Zacian-*, L50|\n|poke|p1|Kyogre, L50|\n|poke|p1|Urshifu-*, L50, M|\n|poke|p1|Roaring Moon, L50|\n|poke|p1|Amoonguss, L50, M|\n|poke|p2|Kyogre, L50|\n|poke|p2|Zacian-*, L50|\n|poke|p2|Incineroar, L50, F|\n|poke|p2|Raichu, L50, M|\n|poke|p2|Dragapult, L50, M|\n|poke|p2|Whimsicott, L50, M|\n|teampreview|4\n|\n|t:|1775669759\n|teamsize|p1|4\n|teamsize|p2|4\n|start\n|switch|p1a: METAVISION|Amoonguss, L50, M, shiny|100/100\n|switch|p1b: Runaway|Kyogre, L50, shiny|100/100\n|switch|p2a: Dragapult|Dragapult, L50, M|100/100\n|switch|p2b: Zacian|Zacian-Crowned, L50|100/100\n|-ability|p2b: Zacian|Intrepid Sword|boost\n|-boost|p2b: Zacian|atk|1\n|-weather|RainDance|[from] ability: Drizzle|[of] p1b: Runaway\n|turn|1\n|\n|t:|1775669773\n|move|p2b: Zacian|Protect|p2b: Zacian\n|-singleturn|p2b: Zacian|Protect\n|move|p1b: Runaway|Protect|p1b: Runaway\n|-singleturn|p1b: Runaway|Protect\n|move|p1a: METAVISION|Protect|p1a: METAVISION\n|-singleturn|p1a: METAVISION|Protect\n|move|p2a: Dragapult|Dragon Dance|p2a: Dragapult\n|-boost|p2a: Dragapult|atk|1\n|-boost|p2a: Dragapult|spe|1\n|\n|-weather|RainDance|[upkeep]\n|upkeep\n|turn|2\n|\n|t:|1775669788\n|move|p1a: METAVISION|Rage Powder|p1a: METAVISION\n|-singleturn|p1a: METAVISION|move: Rage Powder\n|move|p2a: Dragapult|Dragon Darts|p1a: METAVISION\n|-crit|p1a: METAVISION\n|-damage|p1a: METAVISION|57/100\n|-anim|p2a: Dragapult|Dragon Darts|p1a: METAVISION\n|-damage|p1a: METAVISION|24/100\n|move|p2b: Zacian|Behemoth Blade|p1a: METAVISION\n|-damage|p1a: METAVISION|0 fnt\n|-damage|p2b: Zacian|84/100|[from] item: Rocky Helmet|[of] p1a: METAVISION\n|faint|p1a: METAVISION\n|move|p1b: Runaway|Water Spout|p2a: Dragapult|[spread] p2a,p2b\n|-resisted|p2a: Dragapult\n|-damage|p2a: Dragapult|15/100\n|-damage|p2b: Zacian|0 fnt\n|faint|p2b: Zacian\n|\n|-weather|RainDance|[upkeep]\n|upkeep\n|\n|t:|1775669816\n|switch|p2b: Kyogre|Kyogre, L50|100/100\n|switch|p1a: Prince|Zacian-Crowned, L50, shiny|100/100\n|-ability|p1a: Prince|Intrepid Sword|boost\n|-boost|p1a: Prince|atk|1\n|turn|3\n|\n|t:|1775669849\n|-terastallize|p2b: Kyogre|Water\n|move|p1b: Runaway|Protect|p1b: Runaway\n|-singleturn|p1b: Runaway|Protect\n|move|p2a: Dragapult|Dragon Darts|p1b: Runaway\n|-immune|p1a: Prince\n|move|p2b: Kyogre|Water Spout|p1a: Prince|[spread] p1a\n|-activate|p1b: Runaway|move: Protect\n|-damage|p1a: Prince|0 fnt\n|faint|p1a: Prince\n|\n|-weather|RainDance|[upkeep]\n|upkeep\n|\n|t:|1775669858\n|switch|p1a: Stars|Roaring Moon, L50|100/100\n|-enditem|p1a: Stars|Booster Energy\n|-activate|p1a: Stars|ability: Protosynthesis|[fromitem]\n|-start|p1a: Stars|protosynthesisspe\n|turn|4\n|\n|t:|1775669890\n|-terastallize|p1a: Stars|Flying\n|move|p2a: Dragapult|Dragon Darts|p1b: Runaway\n|-damage|p1b: Runaway|63/100\n|-anim|p2a: Dragapult|Dragon Darts|p1a: Stars\n|-damage|p1a: Stars|50/100\n|move|p1a: Stars|Tailwind|p1a: Stars\n|-sidestart|p1: buggybrain|move: Tailwind\n|move|p1b: Runaway|Origin Pulse|p2b: Kyogre|[spread] p2a\n|-miss|p1b: Runaway|p2b: Kyogre\n|-resisted|p2a: Dragapult\n|-damage|p2a: Dragapult|0 fnt\n|faint|p2a: Dragapult\n|move|p2b: Kyogre|Water Spout|p1b: Runaway|[spread] p1a,p1b\n|-resisted|p1b: Runaway\n|-damage|p1a: Stars|0 fnt\n|-damage|p1b: Runaway|19/100\n|faint|p1a: Stars\n|-end|p1a: Stars|Protosynthesis|[silent]\n|\n|-weather|RainDance|[upkeep]\n|upkeep\n|\n|t:|1775669896\n|switch|p2a: Whimsicott|Whimsicott, L50, M|100/100\n|turn|5\n|\n|t:|1775669909\n|move|p2a: Whimsicott|Tailwind|p2a: Whimsicott\n|-sidestart|p2: itastelikeiron|move: Tailwind\n|move|p2b: Kyogre|Water Spout|p1b: Runaway\n|-resisted|p1b: Runaway\n|-damage|p1b: Runaway|0 fnt\n|faint|p1b: Runaway\n|\n|win|itastelikeiron\n|raw|buggybrain's rating: 1604 &rarr; <strong>1583</strong><br />(-21 for losing)\n|raw|itastelikeiron's rating: 1585 &rarr; <strong>1606</strong><br />(+21 for winning)\n|l|\u2606buggybrain\n|player|p1|\n|l|\u2606itastelikeiron\n|player|p2|\n","uploadtime":1775670066,"views":13,"formatid":"gen9vgc2026regi","rating":1583,"private":0,"password":null}