{"id":"gen9vgc2026regi-2515256898","format":"[Gen 9] VGC 2026 Reg I","players":["dasabe\u76d6\u6b27\u5361\u4fa0","aimrll"],"log":"|j|\u2606dasabe\u76d6\u6b27\u5361\u4fa0\n|j|\u2606aimrll\n|t:|1767973285\n|gametype|doubles\n|player|p1|dasabe\u76d6\u6b27\u5361\u4fa0|may-masters4|1357\n|player|p2|aimrll|blaine|1308\n|gen|9\n|tier|[Gen 9] VGC 2026 Reg I\n|rated|\n|rule|Species Clause: Limit one of each Pok\u00e9mon\n|rule|Item Clause: Limit 1 of each item\n|clearpoke\n|poke|p1|Kyogre, L50|\n|poke|p1|Miraidon, L50|\n|poke|p1|Whimsicott, L50, F|\n|poke|p1|Iron Hands, L50|\n|poke|p1|Farigiraf, L50, F|\n|poke|p1|Urshifu-*, L50, M|\n|poke|p2|Reshiram, L50|\n|poke|p2|Groudon, L50|\n|poke|p2|Grimmsnarl, L50, M|\n|poke|p2|Whimsicott, L50, F|\n|poke|p2|Raging Bolt, L50|\n|poke|p2|Ogerpon-Wellspring, L50, F|\n|teampreview|4\n|inactive|Battle timer is ON: inactive players will automatically lose when time's up. (requested by aimrll)\n|\n|t:|1767973304\n|teamsize|p1|4\n|teamsize|p2|4\n|start\n|switch|p1a: \u624b\u94f6|Iron Hands, L50, shiny|100/100\n|switch|p1b: \u5c0f\u5934\u63a7\u5927\u5934|Farigiraf, L50, F, shiny|100/100\n|switch|p2a: Grimmsnarl|Grimmsnarl, L50, M|100/100\n|switch|p2b: Groudon|Groudon, L50|100/100\n|-weather|SunnyDay|[from] ability: Drought|[of] p2b: Groudon\n|turn|1\n|\n|t:|1767973310\n|move|p2b: Groudon|Protect|p2b: Groudon\n|-singleturn|p2b: Groudon|Protect\n|move|p1a: \u624b\u94f6|Fake Out|p2b: Groudon\n|-activate|p2b: Groudon|move: Protect\n|move|p2a: Grimmsnarl|Reflect|p2a: Grimmsnarl\n|-sidestart|p2: aimrll|Reflect\n|move|p1b: \u5c0f\u5934\u63a7\u5927\u5934|Trick Room|p1b: \u5c0f\u5934\u63a7\u5927\u5934\n|-fieldstart|move: Trick Room|[of] p1b: \u5c0f\u5934\u63a7\u5927\u5934\n|\n|-weather|SunnyDay|[upkeep]\n|upkeep\n|turn|2\n|\n|t:|1767973315\n|-terastallize|p1a: \u624b\u94f6|Water\n|move|p2a: Grimmsnarl|Light Screen|p2a: Grimmsnarl\n|-sidestart|p2: aimrll|move: Light Screen\n|move|p1a: \u624b\u94f6|Low Kick|p2b: Groudon\n|-damage|p2b: Groudon|69/100\n|move|p1b: \u5c0f\u5934\u63a7\u5927\u5934|Psychic|p2b: Groudon\n|-damage|p2b: Groudon|50/100\n|-unboost|p2b: Groudon|spd|1\n|move|p2b: Groudon|Bulk Up|p2b: Groudon\n|-boost|p2b: Groudon|atk|1\n|-boost|p2b: Groudon|def|1\n|\n|-weather|SunnyDay|[upkeep]\n|-heal|p2b: Groudon|55/100|[from] item: Leftovers\n|upkeep\n|turn|3\n|\n|t:|1767973328\n|move|p2b: Groudon|Protect|p2b: Groudon\n|-singleturn|p2b: Groudon|Protect\n|move|p1a: \u624b\u94f6|Low Kick|p2b: Groudon\n|-activate|p2b: Groudon|move: Protect\n|move|p2a: Grimmsnarl|Foul Play|p1a: \u624b\u94f6\n|-damage|p1a: \u624b\u94f6|63/100\n|move|p1b: \u5c0f\u5934\u63a7\u5927\u5934|Psychic|p2b: Groudon\n|-activate|p2b: Groudon|move: Protect\n|\n|-weather|SunnyDay|[upkeep]\n|-heal|p2b: Groudon|61/100|[from] item: Leftovers\n|upkeep\n|turn|4\n|\n|t:|1767973339\n|move|p1a: \u624b\u94f6|Low Kick|p2b: Groudon\n|-damage|p2b: Groudon|39/100\n|move|p2a: Grimmsnarl|Foul Play|p1a: \u624b\u94f6\n|-damage|p1a: \u624b\u94f6|25/100\n|move|p1b: \u5c0f\u5934\u63a7\u5927\u5934|Psychic|p2b: Groudon\n|-damage|p2b: Groudon|13/100\n|move|p2b: Groudon|Precipice Blades|p1b: \u5c0f\u5934\u63a7\u5927\u5934|[spread] p1a\n|-miss|p2b: Groudon|p1b: \u5c0f\u5934\u63a7\u5927\u5934\n|-damage|p1a: \u624b\u94f6|0 fnt\n|faint|p1a: \u624b\u94f6\n|-end|p1a: \u624b\u94f6|Quark Drive|[silent]\n|\n|-weather|SunnyDay|[upkeep]\n|-heal|p2b: Groudon|19/100|[from] item: Leftovers\n|upkeep\n|\n|t:|1767973346\n|switch|p1a: \u94f6\u91d1\u5996\u86c7|Miraidon, L50, shiny|100/100\n|-fieldstart|move: Electric Terrain|[from] ability: Hadron Engine|[of] p1a: \u94f6\u91d1\u5996\u86c7\n|-enditem|p1b: \u5c0f\u5934\u63a7\u5927\u5934|Electric Seed\n|-boost|p1b: \u5c0f\u5934\u63a7\u5927\u5934|def|1|[from] item: Electric Seed\n|turn|5\n|\n|t:|1767973360\n|move|p2b: Groudon|Protect|p2b: Groudon\n|-singleturn|p2b: Groudon|Protect\n|move|p1a: \u94f6\u91d1\u5996\u86c7|Protect|p1a: \u94f6\u91d1\u5996\u86c7\n|-singleturn|p1a: \u94f6\u91d1\u5996\u86c7|Protect\n|move|p2a: Grimmsnarl|Foul Play|p1b: \u5c0f\u5934\u63a7\u5927\u5934\n|-supereffective|p1b: \u5c0f\u5934\u63a7\u5927\u5934\n|-damage|p1b: \u5c0f\u5934\u63a7\u5927\u5934|73/100\n|move|p1b: \u5c0f\u5934\u63a7\u5927\u5934|Psychic|p2b: Groudon\n|-activate|p2b: Groudon|move: Protect\n|\n|-weather|none\n|-heal|p2b: Groudon|25/100|[from] item: Leftovers\n|-fieldend|move: Trick Room\n|upkeep\n|turn|6\n|\n|t:|1767973378\n|move|p1b: \u5c0f\u5934\u63a7\u5927\u5934|Helping Hand|p1a: \u94f6\u91d1\u5996\u86c7\n|-singleturn|p1a: \u94f6\u91d1\u5996\u86c7|Helping Hand|[of] p1b: \u5c0f\u5934\u63a7\u5927\u5934\n|move|p1a: \u94f6\u91d1\u5996\u86c7|Dazzling Gleam|p2a: Grimmsnarl|[spread] p2a,p2b\n|-supereffective|p2a: Grimmsnarl\n|-damage|p2a: Grimmsnarl|19/100\n|-damage|p2b: Groudon|0 fnt\n|faint|p2b: Groudon\n|-damage|p1a: \u94f6\u91d1\u5996\u86c7|91/100|[from] item: Life Orb\n|move|p2a: Grimmsnarl|Foul Play|p1b: \u5c0f\u5934\u63a7\u5927\u5934\n|-supereffective|p1b: \u5c0f\u5934\u63a7\u5927\u5934\n|-damage|p1b: \u5c0f\u5934\u63a7\u5927\u5934|46/100\n|\n|upkeep\n|\n|t:|1767973385\n|switch|p2b: Raging Bolt|Raging Bolt, L50|100/100\n|turn|7\n|\n|t:|1767973393\n|-terastallize|p2b: Raging Bolt|Electric\n|move|p1b: \u5c0f\u5934\u63a7\u5927\u5934|Helping Hand|p1a: \u94f6\u91d1\u5996\u86c7\n|-singleturn|p1a: \u94f6\u91d1\u5996\u86c7|Helping Hand|[of] p1b: \u5c0f\u5934\u63a7\u5927\u5934\n|move|p1a: \u94f6\u91d1\u5996\u86c7|Draco Meteor|p2b: Raging Bolt\n|-damage|p2b: Raging Bolt|17/100\n|-unboost|p1a: \u94f6\u91d1\u5996\u86c7|spa|2\n|-damage|p1a: \u94f6\u91d1\u5996\u86c7|81/100|[from] item: Life Orb\n|move|p2b: Raging Bolt|Snarl|p1a: \u94f6\u91d1\u5996\u86c7|[spread] p1a,p1b\n|-supereffective|p1b: \u5c0f\u5934\u63a7\u5927\u5934\n|-damage|p1a: \u94f6\u91d1\u5996\u86c7|67/100\n|-damage|p1b: \u5c0f\u5934\u63a7\u5927\u5934|18/100\n|-unboost|p1a: \u94f6\u91d1\u5996\u86c7|spa|1\n|-unboost|p1b: \u5c0f\u5934\u63a7\u5927\u5934|spa|1\n|move|p2a: Grimmsnarl|Foul Play|p1b: \u5c0f\u5934\u63a7\u5927\u5934\n|-supereffective|p1b: \u5c0f\u5934\u63a7\u5927\u5934\n|-damage|p1b: \u5c0f\u5934\u63a7\u5927\u5934|0 fnt\n|faint|p1b: \u5c0f\u5934\u63a7\u5927\u5934\n|\n|upkeep\n|\n|t:|1767973395\n|switch|p1b: \u6210\u90fd\u8001\u76d6|Kyogre, L50, shiny|100/100\n|-weather|RainDance|[from] ability: Drizzle|[of] p1b: \u6210\u90fd\u8001\u76d6\n|turn|8\n|-message|dasabe\u76d6\u6b27\u5361\u4fa0 forfeited.\n|\n|win|aimrll\n|raw|dasabe\u76d6\u6b27\u5361\u4fa0's rating: 1357 &rarr; <strong>1334</strong><br />(-23 for losing)\n|raw|aimrll's rating: 1308 &rarr; <strong>1331</strong><br />(+23 for winning)\n|l|\u2606dasabe\u76d6\u6b27\u5361\u4fa0\n|player|p1|\n|l|\u2606aimrll\n|player|p2|\n","uploadtime":1767973624,"views":15,"formatid":"gen9vgc2026regi","rating":1331,"private":0,"password":null}