{"id":"gen9vgc2026regi-2568470358","format":"[Gen 9] VGC 2026 Reg I","players":["Rizz-Khalifa69","hfyssgtslaaa"],"log":"|j|\u2606Rizz-Khalifa69\n|j|\u2606hfyssgtslaaa\n|t:|1774582203\n|gametype|doubles\n|player|p1|Rizz-Khalifa69|chuck|1248\n|player|p2|hfyssgtslaaa|101|1166\n|gen|9\n|tier|[Gen 9] VGC 2026 Reg I\n|rated|\n|rule|Species Clause: Limit one of each Pok\u00e9mon\n|rule|Item Clause: Limit 1 of each item\n|clearpoke\n|poke|p1|Kyogre, L50|\n|poke|p1|Overqwil, L50, F|\n|poke|p1|Raichu, L50, F|\n|poke|p1|Rillaboom, L50, M|\n|poke|p1|Tornadus, L50, M|\n|poke|p1|Zacian-*, L50|\n|poke|p2|Raging Bolt, L50|\n|poke|p2|Chien-Pao, L50|\n|poke|p2|Calyrex-Shadow, L50|\n|poke|p2|Rillaboom, L50, F|\n|poke|p2|Amoonguss, L50, M|\n|poke|p2|Zamazenta-*, L50|\n|teampreview|4\n|inactive|Battle timer is ON: inactive players will automatically lose when time's up. (requested by hfyssgtslaaa)\n|inactive|hfyssgtslaaa has 60 seconds left.\n|inactive|hfyssgtslaaa has 30 seconds left.\n|inactive|hfyssgtslaaa has 20 seconds left.\n|\n|t:|1774582276\n|teamsize|p1|4\n|teamsize|p2|4\n|start\n|switch|p1a: Tornadus|Tornadus, L50, M|100/100\n|switch|p1b: Zacian|Zacian-Crowned, L50|100/100\n|switch|p2a: Amoonguss|Amoonguss, L50, M|100/100\n|switch|p2b: Zamazenta|Zamazenta-Crowned, L50|100/100\n|-ability|p1b: Zacian|Intrepid Sword|boost\n|-boost|p1b: Zacian|atk|1\n|-ability|p2b: Zamazenta|Dauntless Shield|boost\n|-boost|p2b: Zamazenta|def|1\n|turn|1\n|\n|t:|1774582289\n|move|p1b: Zacian|Protect|p1b: Zacian\n|-singleturn|p1b: Zacian|Protect\n|move|p2a: Amoonguss|Protect|p2a: Amoonguss\n|-singleturn|p2a: Amoonguss|Protect\n|move|p1a: Tornadus|Taunt|p2a: Amoonguss\n|-activate|p2a: Amoonguss|move: Protect\n|move|p2b: Zamazenta|Behemoth Bash|p1a: Tornadus\n|-damage|p1a: Tornadus|60/100\n|\n|upkeep\n|turn|2\n|\n|t:|1774582313\n|-terastallize|p2a: Amoonguss|Water\n|move|p2b: Zamazenta|Wide Guard|p2b: Zamazenta\n|-singleturn|p2b: Zamazenta|Wide Guard\n|move|p1a: Tornadus|Tailwind|p1a: Tornadus\n|-sidestart|p1: Rizz-Khalifa69|move: Tailwind\n|move|p1b: Zacian|Play Rough|p2b: Zamazenta\n|-damage|p2b: Zamazenta|71/100\n|move|p2a: Amoonguss|Spore|p1b: Zacian\n|-status|p1b: Zacian|slp|[from] move: Spore\n|\n|upkeep\n|turn|3\n|\n|t:|1774582329\n|move|p1a: Tornadus|Taunt|p2b: Zamazenta\n|-start|p2b: Zamazenta|move: Taunt\n|cant|p1b: Zacian|slp\n|move|p2b: Zamazenta|Body Press|p1b: Zacian\n|-damage|p1b: Zacian|32/100 slp\n|move|p2a: Amoonguss|Spore|p1a: Tornadus\n|-status|p1a: Tornadus|slp|[from] move: Spore\n|\n|upkeep\n|turn|4\n|\n|t:|1774582343\n|cant|p1b: Zacian|slp\n|cant|p1a: Tornadus|slp\n|move|p2b: Zamazenta|Body Press|p1b: Zacian\n|-damage|p1b: Zacian|0 fnt\n|faint|p1b: Zacian\n|move|p2a: Amoonguss|Pollen Puff|p2b: Zamazenta\n|-heal|p2b: Zamazenta|100/100\n|\n|upkeep\n|\n|t:|1774582345\n|switch|p1b: Kyogre|Kyogre, L50|100/100\n|-weather|RainDance|[from] ability: Drizzle|[of] p1b: Kyogre\n|turn|5\n|\n|t:|1774582367\n|-terastallize|p1b: Kyogre|Grass\n|move|p2a: Amoonguss|Protect|p2a: Amoonguss\n|-singleturn|p2a: Amoonguss|Protect\n|-curestatus|p1a: Tornadus|slp|[msg]\n|move|p1a: Tornadus|Bleakwind Storm|p2b: Zamazenta|[spread] p2b\n|-activate|p2a: Amoonguss|move: Protect\n|-damage|p2b: Zamazenta|78/100\n|move|p1b: Kyogre|Water Spout|p2b: Zamazenta|[spread] p2b\n|-activate|p2a: Amoonguss|move: Protect\n|-damage|p2b: Zamazenta|0 fnt\n|faint|p2b: Zamazenta\n|\n|-weather|RainDance|[upkeep]\n|-sideend|p1: Rizz-Khalifa69|move: Tailwind\n|upkeep\n|\n|t:|1774582383\n|switch|p2b: Raging Bolt|Raging Bolt, L50|100/100\n|turn|6\n|\n|t:|1774582407\n|move|p1b: Kyogre|Protect|p1b: Kyogre\n|-singleturn|p1b: Kyogre|Protect\n|move|p1a: Tornadus|Taunt|p2a: Amoonguss\n|-start|p2a: Amoonguss|move: Taunt\n|move|p2b: Raging Bolt|Dragon Pulse|p1b: Kyogre\n|-activate|p1b: Kyogre|move: Protect\n|move|p2a: Amoonguss|Pollen Puff|p2b: Raging Bolt\n|\n|-weather|RainDance|[upkeep]\n|upkeep\n|turn|7\n|\n|t:|1774582424\n|move|p1a: Tornadus|Tailwind|p1a: Tornadus\n|-sidestart|p1: Rizz-Khalifa69|move: Tailwind\n|move|p1b: Kyogre|Water Spout|p2a: Amoonguss|[spread] p2a,p2b\n|-resisted|p2a: Amoonguss\n|-resisted|p2b: Raging Bolt\n|-damage|p2a: Amoonguss|44/100\n|-damage|p2b: Raging Bolt|56/100\n|move|p2b: Raging Bolt|Thunderbolt|p1a: Tornadus\n|-supereffective|p1a: Tornadus\n|-damage|p1a: Tornadus|0 fnt\n|faint|p1a: Tornadus\n|move|p2a: Amoonguss|Pollen Puff|p2b: Raging Bolt\n|-heal|p2b: Raging Bolt|100/100\n|\n|-weather|RainDance|[upkeep]\n|upkeep\n|\n|t:|1774582429\n|switch|p1a: Overqwil|Overqwil, L50, F|100/100\n|turn|8\n|\n|t:|1774582448\n|move|p2b: Raging Bolt|Thunderclap|p1b: Kyogre\n|-resisted|p1b: Kyogre\n|-damage|p1b: Kyogre|85/100\n|move|p1a: Overqwil|Gunk Shot|p2b: Raging Bolt|[miss]\n|-miss|p1a: Overqwil|p2b: Raging Bolt\n|move|p1b: Kyogre|Water Spout|p2a: Amoonguss|[spread] p2a,p2b\n|-resisted|p2a: Amoonguss\n|-resisted|p2b: Raging Bolt\n|-damage|p2a: Amoonguss|0 fnt\n|-damage|p2b: Raging Bolt|60/100\n|faint|p2a: Amoonguss\n|\n|-weather|RainDance|[upkeep]\n|upkeep\n|\n|t:|1774582459\n|switch|p2a: Calyrex|Calyrex-Shadow, L50|100/100\n|-ability|p2a: Calyrex|As One\n|-ability|p2a: Calyrex|Unnerve\n|turn|9\n|\n|t:|1774582467\n|move|p2a: Calyrex|Protect|p2a: Calyrex\n|-singleturn|p2a: Calyrex|Protect\n|move|p1a: Overqwil|Throat Chop|p2a: Calyrex\n|-activate|p2a: Calyrex|move: Protect\n|move|p1b: Kyogre|Water Spout|p2a: Calyrex|[spread] p2b\n|-activate|p2a: Calyrex|move: Protect\n|-resisted|p2b: Raging Bolt\n|-damage|p2b: Raging Bolt|22/100\n|move|p2b: Raging Bolt|Thunderbolt|p1a: Overqwil\n|-damage|p1a: Overqwil|5/100\n|\n|-weather|none\n|upkeep\n|turn|10\n|inactive|hfyssgtslaaa has 30 seconds left.\n|\n|t:|1774582500\n|move|p1a: Overqwil|Throat Chop|p2a: Calyrex\n|-supereffective|p2a: Calyrex\n|-enditem|p2a: Calyrex|Focus Sash\n|-damage|p2a: Calyrex|1/100\n|-start|p2a: Calyrex|Throat Chop|[silent]\n|-damage|p1a: Overqwil|0 fnt|[from] item: Life Orb\n|faint|p1a: Overqwil\n|move|p1b: Kyogre|Water Spout|p2a: Calyrex|[spread] p2a,p2b\n|-resisted|p2b: Raging Bolt\n|-damage|p2a: Calyrex|0 fnt\n|-damage|p2b: Raging Bolt|0 fnt\n|faint|p2a: Calyrex\n|faint|p2b: Raging Bolt\n|-end|p2b: Raging Bolt|Protosynthesis|[silent]\n|\n|win|Rizz-Khalifa69\n|raw|Rizz-Khalifa69's rating: 1248 &rarr; <strong>1267</strong><br />(+19 for winning)\n|raw|hfyssgtslaaa's rating: 1166 &rarr; <strong>1147</strong><br />(-19 for losing)\n|l|\u2606hfyssgtslaaa\n|player|p2|\n|l|\u2606Rizz-Khalifa69\n|player|p1|\n","uploadtime":1774582708,"views":10,"formatid":"gen9vgc2026regi","rating":1147,"private":0,"password":null}