{"id":"gen9vgc2026regi-2574026955","format":"[Gen 9] VGC 2026 Reg I","players":["wasaad5","RadicalDan"],"log":"|j|\u2606wasaad5\n|j|\u2606RadicalDan\n|t:|1775190475\n|gametype|doubles\n|player|p1|wasaad5|blue|1262\n|player|p2|RadicalDan|2|1208\n|gen|9\n|tier|[Gen 9] VGC 2026 Reg I\n|rated|\n|rule|Species Clause: Limit one of each Pok\u00e9mon\n|rule|Item Clause: Limit 1 of each item\n|clearpoke\n|poke|p1|Kyurem-White, L50|\n|poke|p1|Zacian-*, L50|\n|poke|p1|Sableye, L50, M|\n|poke|p1|Urshifu-*, L50, F|\n|poke|p1|Amoonguss, L50, F|\n|poke|p1|Incineroar, L50, M|\n|poke|p2|Calyrex-Shadow, L50|\n|poke|p2|Rillaboom, L50, M|\n|poke|p2|Volcarona, L50, F|\n|poke|p2|Koraidon, L50|\n|poke|p2|Regieleki, L50|\n|poke|p2|Incineroar, L50, F|\n|teampreview|4\n|\n|t:|1775190532\n|teamsize|p1|4\n|teamsize|p2|4\n|start\n|switch|p1a: Urshifu|Urshifu-Rapid-Strike, L50, F|100/100\n|switch|p1b: Sableye|Sableye, L50, M|100/100\n|switch|p2a: Incineroar|Incineroar, L50, F|100/100\n|switch|p2b: Koraidon|Koraidon, L50|100/100\n|-weather|SunnyDay|[from] ability: Orichalcum Pulse|[of] p2b: Koraidon\n|-activate|p2b: Koraidon|Orichalcum Pulse|[source]\n|-ability|p2a: Incineroar|Intimidate|boost\n|-unboost|p1a: Urshifu|atk|1\n|-unboost|p1b: Sableye|atk|1\n|turn|1\n|\n|t:|1775190550\n|move|p2a: Incineroar|Fake Out|p1a: Urshifu\n|-damage|p1a: Urshifu|89/100\n|move|p1b: Sableye|Rain Dance|p1b: Sableye\n|-weather|RainDance\n|cant|p1a: Urshifu|flinch\n|move|p2b: Koraidon|Flame Charge|p1b: Sableye\n|-damage|p1b: Sableye|92/100\n|-boost|p2b: Koraidon|spe|1\n|\n|-weather|RainDance|[upkeep]\n|upkeep\n|turn|2\n|\n|t:|1775190580\n|switch|p2b: Calyrex|Calyrex-Shadow, L50|100/100\n|-ability|p2b: Calyrex|As One\n|-ability|p2b: Calyrex|Unnerve\n|-terastallize|p1a: Urshifu|Water\n|move|p1b: Sableye|Encore||[still]\n|-fail|p1b: Sableye\n|move|p1a: Urshifu|Surging Strikes|p2a: Incineroar\n|-supereffective|p2a: Incineroar\n|-crit|p2a: Incineroar\n|-damage|p2a: Incineroar|33/100\n|-supereffective|p2a: Incineroar\n|-crit|p2a: Incineroar\n|-damage|p2a: Incineroar|0 fnt\n|faint|p2a: Incineroar\n|-hitcount|p2: Incineroar|2\n|\n|-weather|RainDance|[upkeep]\n|upkeep\n|\n|t:|1775190616\n|switch|p2a: Volcarona|Volcarona, L50, F|100/100\n|turn|3\n|inactive|Battle timer is ON: inactive players will automatically lose when time's up. (requested by wasaad5)\n|\n|t:|1775190636\n|switch|p1b: Kyurem|Kyurem-White, L50, shiny|100/100\n|-ability|p1b: Kyurem|Turboblaze\n|-terastallize|p2a: Volcarona|Water\n|move|p1a: Urshifu|Surging Strikes|p2b: Calyrex\n|-crit|p2b: Calyrex\n|-damage|p2b: Calyrex|46/100\n|-crit|p2b: Calyrex\n|-damage|p2b: Calyrex|0 fnt\n|faint|p2b: Calyrex\n|-hitcount|p2: Calyrex|2\n|move|p2a: Volcarona|Quiver Dance|p2a: Volcarona\n|-boost|p2a: Volcarona|spa|1\n|-boost|p2a: Volcarona|spd|1\n|-boost|p2a: Volcarona|spe|1\n|\n|-weather|RainDance|[upkeep]\n|upkeep\n|\n|t:|1775190644\n|switch|p2b: Koraidon|Koraidon, L50|100/100\n|-weather|SunnyDay|[from] ability: Orichalcum Pulse|[of] p2b: Koraidon\n|-activate|p2b: Koraidon|Orichalcum Pulse|[source]\n|turn|4\n|\n|t:|1775190662\n|switch|p1a: Zacian|Zacian-Crowned, L50|100/100\n|-ability|p1a: Zacian|Intrepid Sword|boost\n|-boost|p1a: Zacian|atk|1\n|move|p2a: Volcarona|Giga Drain|p1a: Zacian\n|-resisted|p1a: Zacian\n|-damage|p1a: Zacian|84/100\n|move|p2b: Koraidon|Collision Course|p1b: Kyurem\n|-supereffective|p1b: Kyurem\n|-damage|p1b: Kyurem|0 fnt\n|faint|p1b: Kyurem\n|\n|-weather|SunnyDay|[upkeep]\n|upkeep\n|\n|t:|1775190670\n|switch|p1b: Sableye|Sableye, L50, M|92/100\n|turn|5\n|inactive|RadicalDan has 30 seconds left.\n|inactive|RadicalDan has 20 seconds left.\n|inactive|RadicalDan has 15 seconds left.\n|inactive|RadicalDan has 10 seconds left.\n|inactive|RadicalDan has 5 seconds left.\n|\n|t:|1775190725\n|move|p1b: Sableye|Encore|p2a: Volcarona\n|-start|p2a: Volcarona|Encore\n|move|p2a: Volcarona|Giga Drain|p1a: Zacian\n|-resisted|p1a: Zacian\n|-damage|p1a: Zacian|69/100\n|move|p1a: Zacian|Play Rough|p2b: Koraidon\n|-supereffective|p2b: Koraidon\n|-damage|p2b: Koraidon|0 fnt\n|faint|p2b: Koraidon\n|\n|-weather|SunnyDay|[upkeep]\n|upkeep\n|turn|6\n|\n|t:|1775190737\n|move|p1b: Sableye|Disable|p2a: Volcarona\n|-start|p2a: Volcarona|Disable|Giga Drain\n|cant|p2a: Volcarona|Disable|Giga Drain\n|move|p1a: Zacian|Play Rough|p2a: Volcarona\n|-damage|p2a: Volcarona|9/100\n|\n|-weather|SunnyDay|[upkeep]\n|-heal|p2a: Volcarona|16/100|[from] item: Leftovers\n|upkeep\n|turn|7\n|\n|t:|1775190744\n|move|p1b: Sableye|Rain Dance|p1b: Sableye\n|-weather|RainDance\n|-activate|p2a: Volcarona|move: Struggle\n|move|p2a: Volcarona|Struggle|p1a: Zacian\n|-damage|p1a: Zacian|62/100\n|-damage|p2a: Volcarona|0 fnt|[from] recoil\n|faint|p2a: Volcarona\n|\n|win|wasaad5\n|raw|wasaad5's rating: 1262 &rarr; <strong>1283</strong><br />(+21 for winning)\n|raw|RadicalDan's rating: 1208 &rarr; <strong>1187</strong><br />(-21 for losing)\n|l|\u2606wasaad5\n|player|p1|\n|l|\u2606RadicalDan\n|player|p2|\n","uploadtime":1775191009,"views":6,"formatid":"gen9vgc2026regi","rating":1187,"private":0,"password":null}