{"id":"gen9vgc2026regi-2531314730","format":"[Gen 9] VGC 2026 Reg I","players":["kojimuranishi","palhunter"],"log":"|j|\u2606kojimuranishi\n|j|\u2606palhunter\n|t:|1770045556\n|gametype|doubles\n|player|p1|kojimuranishi|102|1498\n|player|p2|palhunter|dawn|1590\n|gen|9\n|tier|[Gen 9] VGC 2026 Reg I\n|rated|\n|rule|Species Clause: Limit one of each Pok\u00e9mon\n|rule|Item Clause: Limit 1 of each item\n|clearpoke\n|poke|p1|Whimsicott, L50, F|\n|poke|p1|Chi-Yu, L50|\n|poke|p1|Calyrex-Ice, L50|\n|poke|p1|Miraidon, L50|\n|poke|p1|Landorus, L50, M|\n|poke|p1|Ceruledge, L50, M|\n|poke|p2|Miraidon, L50|\n|poke|p2|Amoonguss, L50, F|\n|poke|p2|Calyrex-Ice, L50|\n|poke|p2|Urshifu-*, L50, M|\n|poke|p2|Incineroar, L50, F|\n|poke|p2|Landorus, L50, M|\n|teampreview|4\n|inactive|Battle timer is ON: inactive players will automatically lose when time's up. (requested by kojimuranishi)\n|inactive|palhunter has 60 seconds left.\n|\n|t:|1770045597\n|teamsize|p1|4\n|teamsize|p2|4\n|start\n|switch|p1a: Whimsicott|Whimsicott, L50, F|100/100\n|switch|p1b: Chi-Yu|Chi-Yu, L50|100/100\n|switch|p2a: Incineroar|Incineroar, L50, F, shiny|100/100\n|switch|p2b: Miraidon|Miraidon, L50|100/100\n|-fieldstart|move: Electric Terrain|[from] ability: Hadron Engine|[of] p2b: Miraidon\n|-ability|p1b: Chi-Yu|Beads of Ruin\n|-ability|p2a: Incineroar|Intimidate|boost\n|-unboost|p1a: Whimsicott|atk|1\n|-unboost|p1b: Chi-Yu|atk|1\n|turn|1\n|inactive|kojimuranishi has 30 seconds left.\n|inactive|palhunter has 30 seconds left.\n|\n|t:|1770045627\n|-terastallize|p1b: Chi-Yu|Ground\n|move|p2b: Miraidon|Volt Switch|p1b: Chi-Yu\n|-immune|p1b: Chi-Yu\n|move|p1a: Whimsicott|Moonblast|p2b: Miraidon\n|-supereffective|p2b: Miraidon\n|-damage|p2b: Miraidon|14/100\n|-unboost|p2b: Miraidon|spa|1\n|move|p1b: Chi-Yu|Tera Blast|p2a: Incineroar|[anim] Tera Blast Ground\n|-supereffective|p2a: Incineroar\n|-damage|p2a: Incineroar|0 fnt\n|faint|p2a: Incineroar\n|\n|upkeep\n|\n|t:|1770045645\n|switch|p2a: Calyrex|Calyrex-Ice, L50|100/100\n|-ability|p2a: Calyrex|As One\n|-ability|p2a: Calyrex|Unnerve\n|turn|2\n|\n|t:|1770045661\n|switch|p2b: Landorus|Landorus, L50, M, shiny|100/100\n|move|p1a: Whimsicott|Moonblast|p2a: Calyrex\n|-damage|p2a: Calyrex|71/100\n|move|p1b: Chi-Yu|Tera Blast|p2a: Calyrex|[anim] Tera Blast Ground\n|-damage|p2a: Calyrex|15/100\n|move|p2a: Calyrex|Trick Room|p2a: Calyrex\n|-fieldstart|move: Trick Room|[of] p2a: Calyrex\n|\n|upkeep\n|turn|3\n|\n|t:|1770045679\n|switch|p2a: Miraidon|Miraidon, L50|14/100\n|-activate|p2a: Miraidon|ability: Hadron Engine\n|move|p1a: Whimsicott|Encore||[still]\n|-fail|p1a: Whimsicott\n|move|p2b: Landorus|Sludge Bomb|p1a: Whimsicott\n|-supereffective|p1a: Whimsicott\n|-crit|p1a: Whimsicott\n|-enditem|p1a: Whimsicott|Focus Sash\n|-damage|p1a: Whimsicott|1/100\n|move|p1b: Chi-Yu|Tera Blast|p2a: Miraidon|[anim] Tera Blast Ground\n|-supereffective|p2a: Miraidon\n|-damage|p2a: Miraidon|0 fnt\n|faint|p2a: Miraidon\n|\n|upkeep\n|\n|t:|1770045694\n|switch|p2a: Calyrex|Calyrex-Ice, L50|15/100\n|-ability|p2a: Calyrex|As One\n|-ability|p2a: Calyrex|Unnerve\n|turn|4\n|\n|t:|1770045707\n|move|p1a: Whimsicott|Encore|p2b: Landorus\n|-start|p2b: Landorus|Encore\n|move|p2a: Calyrex|Glacial Lance|p1a: Whimsicott|[spread] p1a,p1b\n|-supereffective|p1a: Whimsicott\n|-supereffective|p1b: Chi-Yu\n|-damage|p1a: Whimsicott|0 fnt\n|-damage|p1b: Chi-Yu|0 fnt\n|faint|p1a: Whimsicott\n|faint|p1b: Chi-Yu\n|-ability|p2a: Calyrex|Chilling Neigh|boost\n|-boost|p2a: Calyrex|atk|2\n|move|p2b: Landorus|Sludge Bomb|p1: Whimsicott|[notarget]\n|-fail|p2b: Landorus\n|\n|upkeep\n|\n|t:|1770045720\n|switch|p1b: Calyrex|Calyrex-Ice, L50|100/100\n|switch|p1a: Miraidon|Miraidon, L50|100/100\n|-ability|p1b: Calyrex|As One\n|-ability|p1b: Calyrex|Unnerve\n|-activate|p1a: Miraidon|ability: Hadron Engine\n|turn|5\n|\n|t:|1770045733\n|-terastallize|p2b: Landorus|Water\n|move|p2a: Calyrex|Glacial Lance|p1b: Calyrex|[spread] p1a,p1b\n|-supereffective|p1a: Miraidon\n|-resisted|p1b: Calyrex\n|-damage|p1a: Miraidon|0 fnt\n|-damage|p1b: Calyrex|63/100\n|faint|p1a: Miraidon\n|-ability|p2a: Calyrex|Chilling Neigh|boost\n|-boost|p2a: Calyrex|atk|1\n|move|p1b: Calyrex|Glacial Lance|p2a: Calyrex|[spread] p2a,p2b\n|-resisted|p2a: Calyrex\n|-resisted|p2b: Landorus\n|-damage|p2a: Calyrex|0 fnt\n|-damage|p2b: Landorus|59/100\n|faint|p2a: Calyrex\n|-ability|p1b: Calyrex|Chilling Neigh|boost\n|-boost|p1b: Calyrex|atk|1\n|move|p2b: Landorus|Sludge Bomb|p1b: Calyrex\n|-damage|p1b: Calyrex|25/100\n|\n|-fieldend|move: Electric Terrain\n|upkeep\n|turn|6\n|\n|t:|1770045754\n|move|p1b: Calyrex|Glacial Lance|p2b: Landorus\n|-resisted|p2b: Landorus\n|-damage|p2b: Landorus|0 fnt\n|faint|p2b: Landorus\n|\n|win|kojimuranishi\n|raw|kojimuranishi's rating: 1498 &rarr; <strong>1523</strong><br />(+25 for winning)\n|raw|palhunter's rating: 1590 &rarr; <strong>1565</strong><br />(-25 for losing)\n|l|\u2606palhunter\n|player|p2|\n|l|\u2606kojimuranishi\n|player|p1|\n","uploadtime":1770046018,"views":24,"formatid":"gen9vgc2026regi","rating":1523,"private":0,"password":null}