{"id":"gen9vgc2026regi-2582532243","format":"[Gen 9] VGC 2026 Reg I","players":["ktuluVGC","Wakandius_PMSD"],"log":"|badge|p2|silver|gen9randombattle|30-9\n|uhtml|medal-msg|<div class=\"broadcast-blue\">Curious what those medals under the avatar are? PS now has Ladder Seasons! For more information, check out the <a href=\"https://www.smogon.com/forums/threads/3740067/\">thread on Smogon.</a></div>\n|j|\u2606ktuluVGC\n|j|\u2606Wakandius_PMSD\n|t:|1776097672\n|gametype|doubles\n|player|p1|ktuluVGC|swimmerf-gen4|1441\n|player|p2|Wakandius_PMSD|266|1457\n|gen|9\n|tier|[Gen 9] VGC 2026 Reg I\n|rated|\n|rule|Species Clause: Limit one of each Pok\u00e9mon\n|rule|Item Clause: Limit 1 of each item\n|clearpoke\n|poke|p1|Grimmsnarl, L50, M|\n|poke|p1|Metagross, L50|\n|poke|p1|Koraidon, L50|\n|poke|p1|Moltres-Galar, L50|\n|poke|p1|Groudon, L50|\n|poke|p1|Sableye, L50, M|\n|poke|p2|Calyrex-Ice, L50|\n|poke|p2|Miraidon, L50|\n|poke|p2|Ursaluna, L50, M|\n|poke|p2|Volcarona, L50, F|\n|poke|p2|Grimmsnarl, L50, M|\n|poke|p2|Iron Hands, L50|\n|teampreview|4\n|\n|t:|1776097731\n|teamsize|p1|4\n|teamsize|p2|4\n|start\n|switch|p1a: G-Money|Groudon, L50, shiny|100/100\n|switch|p1b: Awesome X|Metagross, L50, shiny|100/100\n|switch|p2a: Volcarona|Volcarona, L50, F|100/100\n|switch|p2b: Calyrex|Calyrex-Ice, L50|100/100\n|-ability|p2b: Calyrex|As One\n|-ability|p2b: Calyrex|Unnerve\n|-weather|SunnyDay|[from] ability: Drought|[of] p1a: G-Money\n|turn|1\n|\n|t:|1776097752\n|-terastallize|p1a: G-Money|Electric\n|move|p2b: Calyrex|Protect|p2b: Calyrex\n|-singleturn|p2b: Calyrex|Protect\n|move|p2a: Volcarona|Overheat|p1a: G-Money\n|-damage|p1a: G-Money|25/100\n|-unboost|p2a: Volcarona|spa|2\n|move|p1a: G-Money|Swords Dance|p1a: G-Money\n|-boost|p1a: G-Money|atk|2\n|move|p1b: Awesome X|Rock Slide|p2b: Calyrex|[spread] p2a\n|-activate|p2b: Calyrex|move: Protect\n|-supereffective|p2a: Volcarona\n|-damage|p2a: Volcarona|23/100\n|\n|-weather|SunnyDay|[upkeep]\n|upkeep\n|turn|2\n|\n|t:|1776097777\n|move|p1a: G-Money|Protect|p1a: G-Money\n|-singleturn|p1a: G-Money|Protect\n|move|p2a: Volcarona|Tailwind|p2a: Volcarona\n|-sidestart|p2: Wakandius_PMSD|move: Tailwind\n|move|p2b: Calyrex|Glacial Lance|p1a: G-Money|[spread] p1b\n|-activate|p1a: G-Money|move: Protect\n|-resisted|p1b: Awesome X\n|-damage|p1b: Awesome X|80/100\n|move|p1b: Awesome X|Meteor Mash|p2b: Calyrex\n|-supereffective|p2b: Calyrex\n|-damage|p2b: Calyrex|39/100\n|\n|-weather|SunnyDay|[upkeep]\n|-heal|p2b: Calyrex|45/100|[from] item: Leftovers\n|upkeep\n|turn|3\n|\n|t:|1776097811\n|-terastallize|p2b: Calyrex|Water\n|move|p2a: Volcarona|Rage Powder|p2a: Volcarona\n|-singleturn|p2a: Volcarona|move: Rage Powder\n|move|p2b: Calyrex|Glacial Lance|p1a: G-Money|[spread] p1a,p1b\n|-resisted|p1b: Awesome X\n|-damage|p1a: G-Money|0 fnt\n|-damage|p1b: Awesome X|59/100\n|faint|p1a: G-Money\n|-ability|p2b: Calyrex|Chilling Neigh|boost\n|-boost|p2b: Calyrex|atk|1\n|move|p1b: Awesome X|Rock Slide|p2a: Volcarona|[spread] p2a,p2b\n|-supereffective|p2a: Volcarona\n|-damage|p2a: Volcarona|0 fnt\n|-damage|p2b: Calyrex|30/100\n|faint|p2a: Volcarona\n|\n|-weather|SunnyDay|[upkeep]\n|-heal|p2b: Calyrex|36/100|[from] item: Leftovers\n|upkeep\n|\n|t:|1776097832\n|switch|p2a: Iron Hands|Iron Hands, L50|100/100\n|switch|p1a: Reginald|Grimmsnarl, L50, M, shiny|100/100\n|turn|4\n|\n|t:|1776097846\n|switch|p1b: Steve|Sableye, L50, M, shiny|100/100\n|move|p2a: Iron Hands|Fake Out|p1b: Steve\n|-immune|p1b: Steve\n|move|p1a: Reginald|Reflect|p1a: Reginald\n|-sidestart|p1: ktuluVGC|Reflect\n|move|p2b: Calyrex|Trick Room|p2b: Calyrex\n|-fieldstart|move: Trick Room|[of] p2b: Calyrex\n|\n|-weather|SunnyDay|[upkeep]\n|-heal|p2b: Calyrex|42/100|[from] item: Leftovers\n|upkeep\n|turn|5\n|\n|t:|1776097871\n|switch|p1a: Awesome X|Metagross, L50, shiny|59/100\n|move|p2b: Calyrex|Protect|p2b: Calyrex\n|-singleturn|p2b: Calyrex|Protect\n|move|p1b: Steve|Foul Play|p2b: Calyrex\n|-activate|p2b: Calyrex|move: Protect\n|move|p2a: Iron Hands|Wild Charge|p1b: Steve\n|-damage|p1b: Steve|67/100\n|-damage|p2a: Iron Hands|95/100|[from] Recoil\n|\n|-weather|none\n|-heal|p2b: Calyrex|48/100|[from] item: Leftovers\n|-sideend|p2: Wakandius_PMSD|move: Tailwind\n|upkeep\n|turn|6\n|\n|t:|1776097900\n|move|p1b: Steve|Foul Play|p2b: Calyrex\n|-damage|p2b: Calyrex|0 fnt\n|faint|p2b: Calyrex\n|move|p2a: Iron Hands|Low Kick|p1a: Awesome X\n|-damage|p1a: Awesome X|24/100\n|move|p1a: Awesome X|Psychic Fangs|p2a: Iron Hands\n|-supereffective|p2a: Iron Hands\n|-damage|p2a: Iron Hands|19/100\n|\n|upkeep\n|\n|t:|1776097908\n|switch|p2b: Miraidon|Miraidon, L50|100/100\n|-fieldstart|move: Electric Terrain|[from] ability: Hadron Engine|[of] p2b: Miraidon\n|-activate|p2a: Iron Hands|ability: Quark Drive\n|-start|p2a: Iron Hands|quarkdriveatk\n|turn|7\n|inactive|Battle timer is ON: inactive players will automatically lose when time's up. (requested by Wakandius_PMSD)\n|\n|t:|1776097960\n|move|p1b: Steve|Quash|p2a: Iron Hands\n|-activate|p2a: Iron Hands|move: Quash\n|move|p1a: Awesome X|Psychic Fangs|p2a: Iron Hands\n|-supereffective|p2a: Iron Hands\n|-damage|p2a: Iron Hands|0 fnt\n|faint|p2a: Iron Hands\n|-end|p2a: Iron Hands|Quark Drive|[silent]\n|move|p2b: Miraidon|Dazzling Gleam|p1a: Awesome X|[spread] p1a,p1b\n|-resisted|p1a: Awesome X\n|-supereffective|p1b: Steve\n|-damage|p1a: Awesome X|9/100\n|-damage|p1b: Steve|0 fnt\n|faint|p1b: Steve\n|\n|upkeep\n|\n|t:|1776097970\n|switch|p1b: Reginald|Grimmsnarl, L50, M, shiny|100/100\n|turn|8\n|\n|t:|1776097986\n|move|p1b: Reginald|Spirit Break|p2b: Miraidon\n|-supereffective|p2b: Miraidon\n|-damage|p2b: Miraidon|48/100\n|-unboost|p2b: Miraidon|spa|1\n|move|p1a: Awesome X|Psychic Fangs|p2b: Miraidon\n|-damage|p2b: Miraidon|7/100\n|move|p2b: Miraidon|Dazzling Gleam|p1b: Reginald|[spread] p1a,p1b\n|-resisted|p1a: Awesome X\n|-supereffective|p1b: Reginald\n|-damage|p1a: Awesome X|0 fnt\n|-damage|p1b: Reginald|59/100\n|faint|p1a: Awesome X\n|\n|-fieldend|move: Trick Room\n|upkeep\n|turn|9\n|\n|t:|1776098002\n|move|p2b: Miraidon|Dazzling Gleam|p1b: Reginald\n|-supereffective|p1b: Reginald\n|-damage|p1b: Reginald|0 fnt\n|faint|p1b: Reginald\n|\n|win|Wakandius_PMSD\n|raw|ktuluVGC's rating: 1441 &rarr; <strong>1422</strong><br />(-19 for losing)\n|raw|Wakandius_PMSD's rating: 1457 &rarr; <strong>1476</strong><br />(+19 for winning)\n|l|\u2606ktuluVGC\n|player|p1|\n|l|\u2606Wakandius_PMSD\n|player|p2|\n","uploadtime":1776098263,"views":9,"formatid":"gen9vgc2026regi","rating":1422,"private":0,"password":null}