{"id":"gen9vgc2026regi-2553678898","format":"[Gen 9] VGC 2026 Reg I","players":["Pannawit12235","b3testing"],"log":"|j|\u2606Pannawit12235\n|j|\u2606b3testing\n|t:|1772860168\n|gametype|doubles\n|player|p1|Pannawit12235|265|1397\n|player|p2|b3testing|265|1487\n|gen|9\n|tier|[Gen 9] VGC 2026 Reg I\n|rated|\n|rule|Species Clause: Limit one of each Pok\u00e9mon\n|rule|Item Clause: Limit 1 of each item\n|clearpoke\n|poke|p1|Calyrex-Shadow, L50|\n|poke|p1|Indeedee-F, L50, F|\n|poke|p1|Zamazenta-*, L50|\n|poke|p1|Urshifu-*, L50, M|\n|poke|p1|Chien-Pao, L50|\n|poke|p1|Whimsicott, L50, F|\n|poke|p2|Terapagos, L50, M|\n|poke|p2|Calyrex-Shadow, L50|\n|poke|p2|Incineroar, L50, M|\n|poke|p2|Amoonguss, L50, M|\n|poke|p2|Tornadus, L50, M|\n|poke|p2|Smeargle, L50, F|\n|teampreview|4\n|inactive|Battle timer is ON: inactive players will automatically lose when time's up. (requested by b3testing)\n|inactive|b3testing has 60 seconds left.\n|\n|t:|1772860203\n|teamsize|p1|4\n|teamsize|p2|4\n|start\n|switch|p1a: Whimsicott|Whimsicott, L50, F|100/100\n|switch|p1b: Urshifu|Urshifu-Rapid-Strike, L50, M|100/100\n|switch|p2a: Incineroar|Incineroar, L50, M|100/100\n|switch|p2b: Terapagos|Terapagos, L50, M|100/100\n|-activate|p2b: Terapagos|ability: Tera Shift\n|detailschange|p2b: Terapagos|Terapagos-Terastal, L50, M\n|-heal|p2b: Terapagos|100/100|[silent]\n|-ability|p2a: Incineroar|Intimidate|boost\n|-unboost|p1a: Whimsicott|atk|1\n|-unboost|p1b: Urshifu|atk|1\n|turn|1\n|inactive|b3testing has 30 seconds left.\n|\n|t:|1772860229\n|switch|p2b: Amoonguss|Amoonguss, L50, M|100/100\n|move|p2a: Incineroar|Fake Out|p1b: Urshifu\n|-damage|p1b: Urshifu|87/100\n|move|p1a: Whimsicott|Taunt|p2b: Amoonguss\n|-start|p2b: Amoonguss|move: Taunt\n|cant|p1b: Urshifu|flinch\n|\n|upkeep\n|turn|2\n|\n|t:|1772860249\n|switch|p1a: Calyrex|Calyrex-Shadow, L50|100/100\n|-ability|p1a: Calyrex|As One\n|-ability|p1a: Calyrex|Unnerve\n|move|p1b: Urshifu|Surging Strikes|p2a: Incineroar\n|-supereffective|p2a: Incineroar\n|-crit|p2a: Incineroar\n|-damage|p2a: Incineroar|65/100\n|-supereffective|p2a: Incineroar\n|-crit|p2a: Incineroar\n|-damage|p2a: Incineroar|26/100\n|-supereffective|p2a: Incineroar\n|-crit|p2a: Incineroar\n|-damage|p2a: Incineroar|0 fnt\n|faint|p2a: Incineroar\n|-hitcount|p2: Incineroar|3\n|move|p2b: Amoonguss|Pollen Puff|p1a: Calyrex\n|-damage|p1a: Calyrex|82/100\n|\n|upkeep\n|\n|t:|1772860255\n|switch|p2a: Terapagos|Terapagos-Terastal, L50, M|100/100\n|turn|3\n|\n|t:|1772860266\n|switch|p2b: Smeargle|Smeargle, L50, F|100/100\n|move|p1a: Calyrex|Expanding Force|p2b: Smeargle\n|-enditem|p2b: Smeargle|Focus Sash\n|-damage|p2b: Smeargle|1/100\n|-damage|p1a: Calyrex|72/100|[from] item: Life Orb\n|move|p1b: Urshifu|Surging Strikes|p2a: Terapagos\n|-activate|p2a: Terapagos|ability: Tera Shell\n|-resisted|p2a: Terapagos\n|-crit|p2a: Terapagos\n|-damage|p2a: Terapagos|92/100\n|-resisted|p2a: Terapagos\n|-crit|p2a: Terapagos\n|-damage|p2a: Terapagos|83/100\n|-resisted|p2a: Terapagos\n|-crit|p2a: Terapagos\n|-damage|p2a: Terapagos|74/100\n|-hitcount|p2a: Terapagos|3\n|move|p2a: Terapagos|Calm Mind|p2a: Terapagos\n|-boost|p2a: Terapagos|spa|1\n|-boost|p2a: Terapagos|spd|1\n|\n|-ability|p2b: Smeargle|Moody|boost\n|-boost|p2b: Smeargle|spd|2\n|-unboost|p2b: Smeargle|def|1\n|upkeep\n|turn|4\n|\n|t:|1772860287\n|switch|p1a: Zamazenta|Zamazenta-Crowned, L50|100/100\n|-ability|p1a: Zamazenta|Dauntless Shield|boost\n|-boost|p1a: Zamazenta|def|1\n|-terastallize|p2a: Terapagos|Stellar\n|detailschange|p2a: Terapagos|Terapagos-Stellar, L50, M, tera:Stellar\n|-heal|p2a: Terapagos|80/100|[silent]\n|move|p2b: Smeargle|Fake Out|p1b: Urshifu\n|-damage|p1b: Urshifu|82/100\n|cant|p1b: Urshifu|flinch\n|move|p2a: Terapagos|Tera Starstorm|p1a: Zamazenta|[spread] p1a,p1b\n|-damage|p1a: Zamazenta|51/100\n|-damage|p1b: Urshifu|2/100\n|\n|-ability|p2b: Smeargle|Moody|boost\n|-boost|p2b: Smeargle|spe|2\n|-unboost|p2b: Smeargle|def|1\n|upkeep\n|turn|5\n|inactive|b3testing has 30 seconds left.\n|inactive|b3testing has 20 seconds left.\n|\n|t:|1772860326\n|move|p2b: Smeargle|Spore|p1a: Zamazenta\n|-status|p1a: Zamazenta|slp|[from] move: Spore\n|move|p1b: Urshifu|Surging Strikes|p2b: Smeargle\n|-crit|p2b: Smeargle\n|-damage|p2b: Smeargle|0 fnt\n|faint|p2b: Smeargle\n|-hitcount|p2: Smeargle|1\n|cant|p1a: Zamazenta|slp\n|move|p2a: Terapagos|Earth Power|p1b: Urshifu\n|-damage|p1b: Urshifu|0 fnt\n|faint|p1b: Urshifu\n|\n|upkeep\n|\n|t:|1772860339\n|switch|p1b: Whimsicott|Whimsicott, L50, F|100/100\n|switch|p2b: Amoonguss|Amoonguss, L50, M|100/100\n|turn|6\n|j| Therazer456\n|inactive|Pannawit12235 has 30 seconds left.\n|\n|t:|1772860379\n|switch|p1a: Calyrex|Calyrex-Shadow, L50|72/100\n|-ability|p1a: Calyrex|As One\n|-ability|p1a: Calyrex|Unnerve\n|move|p2b: Amoonguss|Protect|p2b: Amoonguss\n|-singleturn|p2b: Amoonguss|Protect\n|move|p1b: Whimsicott|Taunt|p2b: Amoonguss\n|-activate|p2b: Amoonguss|move: Protect\n|move|p2a: Terapagos|Tera Starstorm|p1b: Whimsicott|[spread] p1a,p1b\n|-damage|p1a: Calyrex|10/100\n|-damage|p1b: Whimsicott|32/100\n|\n|upkeep\n|turn|7\n|inactive|Pannawit12235 has 30 seconds left.\n|\n|t:|1772860408\n|move|p1b: Whimsicott|Helping Hand|p1a: Calyrex\n|-singleturn|p1a: Calyrex|Helping Hand|[of] p1b: Whimsicott\n|move|p1a: Calyrex|Expanding Force|p2b: Amoonguss\n|-supereffective|p2b: Amoonguss\n|-damage|p2b: Amoonguss|0 fnt\n|faint|p2b: Amoonguss\n|-ability|p1a: Calyrex|Grim Neigh|boost\n|-boost|p1a: Calyrex|spa|1\n|-damage|p1a: Calyrex|0 fnt|[from] item: Life Orb\n|faint|p1a: Calyrex\n|move|p2a: Terapagos|Tera Starstorm|p1b: Whimsicott\n|-damage|p1b: Whimsicott|0 fnt\n|faint|p1b: Whimsicott\n|\n|upkeep\n|\n|t:|1772860413\n|switch|p1a: Zamazenta|Zamazenta-Crowned, L50|51/100 slp\n|turn|8\n|\n|t:|1772860417\n|cant|p1a: Zamazenta|slp\n|move|p2a: Terapagos|Earth Power|p1a: Zamazenta\n|-supereffective|p1a: Zamazenta\n|-damage|p1a: Zamazenta|0 fnt\n|faint|p1a: Zamazenta\n|\n|win|b3testing\n|raw|Pannawit12235's rating: 1397 &rarr; <strong>1382</strong><br />(-15 for losing)\n|raw|b3testing's rating: 1487 &rarr; <strong>1502</strong><br />(+15 for winning)\n|l|\u2606Pannawit12235\n|player|p1|\n|l|\u2606b3testing\n|player|p2|\n|l| Therazer456\n","uploadtime":1772860561,"views":12,"formatid":"gen9vgc2026regi","rating":1382,"private":0,"password":null}