{"id":"gen9vgc2026regi-2582996711","format":"[Gen 9] VGC 2026 Reg I","players":["Vestibulan","BleachyBoi_426"],"log":"|j|\u2606Vestibulan\n|j|\u2606BleachyBoi_426\n|t:|1776131857\n|gametype|doubles\n|player|p1|Vestibulan|170|1396\n|player|p2|BleachyBoi_426|n|1470\n|gen|9\n|tier|[Gen 9] VGC 2026 Reg I\n|rated|\n|rule|Species Clause: Limit one of each Pok\u00e9mon\n|rule|Item Clause: Limit 1 of each item\n|clearpoke\n|poke|p1|Terapagos, L50, M|\n|poke|p1|Perrserker, L50, F|\n|poke|p1|Zacian-*, L50|\n|poke|p1|Farigiraf, L50, F|\n|poke|p1|Talonflame, L50, M|\n|poke|p1|Stonjourner, L50, F|\n|poke|p2|Tornadus, L50, M|\n|poke|p2|Kyogre, L50|\n|poke|p2|Zacian-*, L50|\n|poke|p2|Grimmsnarl, L50, M|\n|poke|p2|Urshifu-*, L50, F|\n|poke|p2|Brute Bonnet, L50|\n|teampreview|4\n|inactive|Battle timer is ON: inactive players will automatically lose when time's up. (requested by BleachyBoi_426)\n|inactive|Vestibulan has 60 seconds left.\n|inactive|Vestibulan has 30 seconds left.\n|inactive|Vestibulan has 20 seconds left.\n|inactive|Vestibulan has 15 seconds left.\n|inactive|Vestibulan has 10 seconds left.\n|\n|t:|1776131973\n|teamsize|p1|4\n|teamsize|p2|4\n|start\n|switch|p1a: Talonflame|Talonflame, L50, M|100/100\n|switch|p1b: Terapagos|Terapagos, L50, M|100/100\n|switch|p2a: Ceasar|Tornadus, L50, M|100/100\n|switch|p2b: Honey Kiss|Urshifu-Rapid-Strike, L50, F|100/100\n|-activate|p1b: Terapagos|ability: Tera Shift\n|detailschange|p1b: Terapagos|Terapagos-Terastal, L50, M\n|-heal|p1b: Terapagos|100/100|[silent]\n|turn|1\n|\n|t:|1776131985\n|switch|p2b: Sawyer|Zacian-Crowned, L50|100/100\n|-ability|p2b: Sawyer|Intrepid Sword|boost\n|-boost|p2b: Sawyer|atk|1\n|-terastallize|p1b: Terapagos|Stellar\n|detailschange|p1b: Terapagos|Terapagos-Stellar, L50, M, tera:Stellar\n|-heal|p1b: Terapagos|100/100|[silent]\n|move|p1a: Talonflame|Tailwind|p1a: Talonflame\n|-sidestart|p1: Vestibulan|move: Tailwind\n|move|p2a: Ceasar|Tailwind|p2a: Ceasar\n|-sidestart|p2: BleachyBoi_426|move: Tailwind\n|move|p1b: Terapagos|Tera Starstorm|p2a: Ceasar|[spread] p2a,p2b\n|-damage|p2a: Ceasar|35/100\n|-damage|p2b: Sawyer|46/100\n|\n|upkeep\n|turn|2\n|inactive|Vestibulan has 30 seconds left.\n|inactive|Vestibulan has 20 seconds left.\n|inactive|Vestibulan has 15 seconds left.\n|inactive|Vestibulan has 10 seconds left.\n|inactive|Vestibulan has 5 seconds left.\n|\n|t:|1776132040\n|move|p2b: Sawyer|Protect|p2b: Sawyer\n|-singleturn|p2b: Sawyer|Protect\n|move|p1a: Talonflame|Tailwind||[still]\n|-fail|p1a: Talonflame\n|move|p1b: Terapagos|Tera Starstorm|p2b: Sawyer|[spread] p2a\n|-activate|p2b: Sawyer|move: Protect\n|-damage|p2a: Ceasar|0 fnt\n|faint|p2a: Ceasar\n|\n|upkeep\n|\n|t:|1776132058\n|switch|p2a: Royal|Kyogre, L50|100/100\n|-weather|RainDance|[from] ability: Drizzle|[of] p2a: Royal\n|turn|3\n|\n|t:|1776132081\n|move|p1a: Talonflame|Air Slash|p2a: Royal\n|-damage|p2a: Royal|88/100\n|move|p2b: Sawyer|Substitute|p2b: Sawyer\n|-start|p2b: Sawyer|Substitute\n|-damage|p2b: Sawyer|21/100\n|move|p1b: Terapagos|Tera Starstorm|p2a: Royal|[spread] p2a,p2b\n|-end|p2b: Sawyer|Substitute\n|-damage|p2a: Royal|58/100\n|move|p2a: Royal|Origin Pulse|p1a: Talonflame|[spread] p1a,p1b\n|-supereffective|p1a: Talonflame\n|-damage|p1a: Talonflame|0 fnt\n|-damage|p1b: Terapagos|45/100\n|faint|p1a: Talonflame\n|\n|-weather|RainDance|[upkeep]\n|upkeep\n|\n|t:|1776132090\n|switch|p1a: Zacian|Zacian-Crowned, L50|100/100\n|-ability|p1a: Zacian|Intrepid Sword|boost\n|-boost|p1a: Zacian|atk|1\n|turn|4\n|\n|t:|1776132098\n|move|p1a: Zacian|Play Rough|p2a: Royal\n|-damage|p2a: Royal|0 fnt\n|faint|p2a: Royal\n|move|p2b: Sawyer|Behemoth Blade|p1b: Terapagos\n|-damage|p1b: Terapagos|0 fnt\n|faint|p1b: Terapagos\n|detailschange|p1: Terapagos|Terapagos, L50, M|[silent]\n|\n|-weather|RainDance|[upkeep]\n|-sideend|p1: Vestibulan|move: Tailwind\n|-sideend|p2: BleachyBoi_426|move: Tailwind\n|upkeep\n|\n|t:|1776132105\n|switch|p2a: Honey Kiss|Urshifu-Rapid-Strike, L50, F|100/100\n|switch|p1b: Farigiraf|Farigiraf, L50, F|100/100\n|turn|5\n|\n|t:|1776132116\n|move|p2a: Honey Kiss|Surging Strikes|p1a: Zacian\n|-crit|p1a: Zacian\n|-damage|p1a: Zacian|66/100\n|-crit|p1a: Zacian\n|-damage|p1a: Zacian|32/100\n|-crit|p1a: Zacian\n|-damage|p1a: Zacian|2/100\n|-hitcount|p1a: Zacian|3\n|move|p1a: Zacian|Play Rough|p2a: Honey Kiss\n|-supereffective|p2a: Honey Kiss\n|-damage|p2a: Honey Kiss|0 fnt\n|faint|p2a: Honey Kiss\n|move|p2b: Sawyer|Behemoth Blade|p1a: Zacian\n|-damage|p1a: Zacian|0 fnt\n|faint|p1a: Zacian\n|move|p1b: Farigiraf|Shadow Ball|p2b: Sawyer\n|-damage|p2b: Sawyer|4/100\n|\n|-weather|RainDance|[upkeep]\n|upkeep\n|turn|6\n|\n|t:|1776132132\n|-terastallize|p2b: Sawyer|Fairy\n|move|p2b: Sawyer|Play Rough|p1b: Farigiraf|[miss]\n|-miss|p2b: Sawyer|p1b: Farigiraf\n|move|p1b: Farigiraf|Shadow Ball|p2b: Sawyer\n|-damage|p2b: Sawyer|0 fnt\n|faint|p2b: Sawyer\n|\n|win|Vestibulan\n|raw|Vestibulan's rating: 1396 &rarr; <strong>1420</strong><br />(+24 for winning)\n|raw|BleachyBoi_426's rating: 1470 &rarr; <strong>1446</strong><br />(-24 for losing)\n|l|\u2606Vestibulan\n|player|p1|\n","uploadtime":1776132316,"views":8,"formatid":"gen9vgc2026regi","rating":1420,"private":0,"password":null}