{"id":"gen9vgc2026regi-2525141073","format":"[Gen 9] VGC 2026 Reg I","players":["need tomato","ky123456"],"log":"|j|\u2606need tomato\n|j|\u2606ky123456\n|t:|1769235147\n|gametype|doubles\n|player|p1|need tomato|may-masters4|1377\n|player|p2|ky123456|cynthia-gen4|1349\n|gen|9\n|tier|[Gen 9] VGC 2026 Reg I\n|rated|\n|rule|Species Clause: Limit one of each Pok\u00e9mon\n|rule|Item Clause: Limit 1 of each item\n|clearpoke\n|poke|p1|Miraidon, L50|\n|poke|p1|Groudon, L50|\n|poke|p1|Farigiraf, L50, F|\n|poke|p1|Ogerpon-Hearthflame, L50, F|\n|poke|p1|Iron Hands, L50|\n|poke|p1|Jumpluff, L50, F|\n|poke|p2|Kyogre, L50|\n|poke|p2|Calyrex-Ice, L50|\n|poke|p2|Grimmsnarl, L50, M|\n|poke|p2|Rillaboom, L50, F|\n|poke|p2|Landorus, L50, M|\n|poke|p2|Urshifu-*, L50, M|\n|teampreview|4\n|\n|t:|1769235175\n|teamsize|p1|4\n|teamsize|p2|4\n|start\n|switch|p1a: P\u56fa\u771f\u5927|Groudon, L50|100/100\n|switch|p1b: \u5f3a\u6bfd\u5c0f\u5b50|Jumpluff, L50, F, shiny|100/100\n|switch|p2a: Calyrex|Calyrex-Ice, L50|100/100\n|switch|p2b: Rillaboom|Rillaboom, L50, F|100/100\n|-ability|p2a: Calyrex|As One\n|-ability|p2a: Calyrex|Unnerve\n|-weather|SunnyDay|[from] ability: Drought|[of] p1a: P\u56fa\u771f\u5927\n|-fieldstart|move: Grassy Terrain|[from] ability: Grassy Surge|[of] p2b: Rillaboom\n|turn|1\n|\n|t:|1769235193\n|move|p2b: Rillaboom|Fake Out|p1a: P\u56fa\u771f\u5927\n|-damage|p1a: P\u56fa\u771f\u5927|91/100\n|move|p1b: \u5f3a\u6bfd\u5c0f\u5b50|Fling|p2a: Calyrex\n|-supereffective|p2a: Calyrex\n|-damage|p2a: Calyrex|94/100\n|-enditem|p1b: \u5f3a\u6bfd\u5c0f\u5b50|King's Rock|[from] move: Fling\n|cant|p1a: P\u56fa\u771f\u5927|flinch\n|cant|p2a: Calyrex|flinch\n|\n|-weather|SunnyDay|[upkeep]\n|-heal|p1a: P\u56fa\u771f\u5927|97/100|[from] Grassy Terrain\n|-heal|p2a: Calyrex|99/100|[from] Grassy Terrain\n|-heal|p2a: Calyrex|100/100|[from] item: Leftovers\n|upkeep\n|turn|2\n|\n|t:|1769235222\n|-terastallize|p1a: P\u56fa\u771f\u5927|Fire\n|move|p1b: \u5f3a\u6bfd\u5c0f\u5b50|Tailwind|p1b: \u5f3a\u6bfd\u5c0f\u5b50\n|-sidestart|p1: need tomato|move: Tailwind\n|move|p1a: P\u56fa\u771f\u5927|Precipice Blades|p2a: Calyrex|[spread] p2a,p2b\n|-resisted|p2b: Rillaboom\n|-damage|p2a: Calyrex|54/100\n|-damage|p2b: Rillaboom|64/100\n|move|p2b: Rillaboom|U-turn|p1b: \u5f3a\u6bfd\u5c0f\u5b50\n|-damage|p1b: \u5f3a\u6bfd\u5c0f\u5b50|68/100\n|\n|t:|1769235233\n|switch|p2b: Kyogre|Kyogre, L50|100/100|[from] U-turn\n|-weather|RainDance|[from] ability: Drizzle|[of] p2b: Kyogre\n|move|p2a: Calyrex|Glacial Lance|p1b: \u5f3a\u6bfd\u5c0f\u5b50|[spread] p1a,p1b\n|-resisted|p1a: P\u56fa\u771f\u5927\n|-supereffective|p1b: \u5f3a\u6bfd\u5c0f\u5b50\n|-damage|p1a: P\u56fa\u771f\u5927|79/100\n|-damage|p1b: \u5f3a\u6bfd\u5c0f\u5b50|0 fnt\n|faint|p1b: \u5f3a\u6bfd\u5c0f\u5b50\n|-ability|p2a: Calyrex|Chilling Neigh|boost\n|-boost|p2a: Calyrex|atk|1\n|\n|-weather|RainDance|[upkeep]\n|-heal|p1a: P\u56fa\u771f\u5927|85/100|[from] Grassy Terrain\n|-heal|p2a: Calyrex|59/100|[from] Grassy Terrain\n|-heal|p2a: Calyrex|65/100|[from] item: Leftovers\n|upkeep\n|\n|t:|1769235237\n|switch|p1b: \u94f6\u91d1\u5996\u86c7|Miraidon, L50, shiny|100/100\n|-fieldstart|move: Electric Terrain|[from] ability: Hadron Engine|[of] p1b: \u94f6\u91d1\u5996\u86c7\n|turn|3\n|\n|t:|1769235246\n|switch|p2a: Rillaboom|Rillaboom, L50, F|64/100\n|-fieldstart|move: Grassy Terrain|[from] ability: Grassy Surge|[of] p2a: Rillaboom\n|-terastallize|p2b: Kyogre|Grass\n|move|p1b: \u94f6\u91d1\u5996\u86c7|Volt Switch|p2a: Rillaboom\n|-resisted|p2a: Rillaboom\n|-damage|p2a: Rillaboom|38/100\n|\n|t:|1769235249\n|switch|p1b: \u692a\u692a\u8be1\u5934|Ogerpon-Hearthflame, L50, F|100/100|[from] Volt Switch\n|-ability|p1b: \u692a\u692a\u8be1\u5934|Mold Breaker\n|move|p1a: P\u56fa\u771f\u5927|Precipice Blades|p2b: Kyogre|[spread] p2a,p2b\n|-resisted|p2a: Rillaboom\n|-resisted|p2b: Kyogre\n|-damage|p2a: Rillaboom|1/100\n|-damage|p2b: Kyogre|58/100\n|move|p2b: Kyogre|Origin Pulse|p1b: \u692a\u692a\u8be1\u5934|[spread] p1a,p1b\n|-supereffective|p1a: P\u56fa\u771f\u5927\n|-damage|p1a: P\u56fa\u771f\u5927|0 fnt\n|-damage|p1b: \u692a\u692a\u8be1\u5934|4/100\n|faint|p1a: P\u56fa\u771f\u5927\n|\n|-weather|RainDance|[upkeep]\n|-heal|p1b: \u692a\u692a\u8be1\u5934|10/100|[from] Grassy Terrain\n|-heal|p2b: Kyogre|64/100|[from] Grassy Terrain\n|-heal|p2a: Rillaboom|7/100|[from] Grassy Terrain\n|upkeep\n|\n|t:|1769235252\n|switch|p1a: \u94f6\u91d1\u5996\u86c7|Miraidon, L50, shiny|100/100\n|-fieldstart|move: Electric Terrain|[from] ability: Hadron Engine|[of] p1a: \u94f6\u91d1\u5996\u86c7\n|turn|4\n|\n|t:|1769235275\n|move|p1b: \u692a\u692a\u8be1\u5934|Spiky Shield|p1b: \u692a\u692a\u8be1\u5934\n|-singleturn|p1b: \u692a\u692a\u8be1\u5934|move: Protect\n|move|p2a: Rillaboom|Fake Out|p1a: \u94f6\u91d1\u5996\u86c7\n|-damage|p1a: \u94f6\u91d1\u5996\u86c7|87/100\n|cant|p1a: \u94f6\u91d1\u5996\u86c7|flinch\n|move|p2b: Kyogre|Origin Pulse|p1b: \u692a\u692a\u8be1\u5934|[spread] p1a\n|-activate|p1b: \u692a\u692a\u8be1\u5934|move: Protect\n|-resisted|p1a: \u94f6\u91d1\u5996\u86c7\n|-damage|p1a: \u94f6\u91d1\u5996\u86c7|52/100\n|\n|-weather|RainDance|[upkeep]\n|upkeep\n|turn|5\n|\n|t:|1769235293\n|move|p1a: \u94f6\u91d1\u5996\u86c7|Electro Drift|p2a: Rillaboom\n|-resisted|p2a: Rillaboom\n|-damage|p2a: Rillaboom|0 fnt\n|faint|p2a: Rillaboom\n|move|p1b: \u692a\u692a\u8be1\u5934|Ivy Cudgel|p2b: Kyogre|[anim] Ivy Cudgel Fire\n|-supereffective|p2b: Kyogre\n|-damage|p2b: Kyogre|6/100\n|move|p2b: Kyogre|Ice Beam|p1a: \u94f6\u91d1\u5996\u86c7\n|-supereffective|p1a: \u94f6\u91d1\u5996\u86c7\n|-damage|p1a: \u94f6\u91d1\u5996\u86c7|0 fnt\n|faint|p1a: \u94f6\u91d1\u5996\u86c7\n|\n|-weather|RainDance|[upkeep]\n|-sideend|p1: need tomato|move: Tailwind\n|upkeep\n|-message|need tomato forfeited.\n|\n|win|ky123456\n|raw|need tomato's rating: 1377 &rarr; <strong>1355</strong><br />(-22 for losing)\n|raw|ky123456's rating: 1349 &rarr; <strong>1371</strong><br />(+22 for winning)\n|l|\u2606need tomato\n|player|p1|\n|l|\u2606ky123456\n|player|p2|\n","uploadtime":1769235554,"views":16,"formatid":"gen9vgc2026regi","rating":1355,"private":0,"password":null}