{"id":"gen9vgc2026regi-2555895483","format":"[Gen 9] VGC 2026 Reg I","players":["ArisHazard","krangune"],"log":"|j|\u2606ArisHazard\n|j|\u2606krangune\n|t:|1773149710\n|gametype|doubles\n|player|p1|ArisHazard|2|1363\n|player|p2|krangune|arezu|1347\n|gen|9\n|tier|[Gen 9] VGC 2026 Reg I\n|rated|\n|rule|Species Clause: Limit one of each Pok\u00e9mon\n|rule|Item Clause: Limit 1 of each item\n|clearpoke\n|poke|p1|Calyrex-Ice, L50|\n|poke|p1|Urshifu-*, L50, F|\n|poke|p1|Miraidon, L50|\n|poke|p1|Tornadus, L50, M|\n|poke|p1|Sableye, L50, M|\n|poke|p1|Ting-Lu, L50|\n|poke|p2|Miraidon, L50|\n|poke|p2|Frosmoth, L50, F|\n|poke|p2|Iron Moth, L50|\n|poke|p2|Volcarona, L50, F|\n|poke|p2|Slither Wing, L50|\n|poke|p2|Koraidon, L50|\n|teampreview|4\n|\n|t:|1773149772\n|teamsize|p1|4\n|teamsize|p2|4\n|start\n|switch|p1a: Calyrex|Calyrex-Ice, L50|100/100\n|switch|p1b: Miraidon|Miraidon, L50|100/100\n|switch|p2a: Frosmoth|Frosmoth, L50, F|100/100\n|switch|p2b: Miraidon|Miraidon, L50|100/100\n|-ability|p1a: Calyrex|As One\n|-ability|p1a: Calyrex|Unnerve\n|-fieldstart|move: Electric Terrain|[from] ability: Hadron Engine|[of] p2b: Miraidon\n|-enditem|p2a: Frosmoth|Electric Seed\n|-boost|p2a: Frosmoth|def|1|[from] item: Electric Seed\n|-activate|p1b: Miraidon|ability: Hadron Engine\n|turn|1\n|inactive|Battle timer is ON: inactive players will automatically lose when time's up. (requested by ArisHazard)\n|inactive|krangune has 60 seconds left.\n|\n|t:|1773149832\n|-terastallize|p2b: Miraidon|Fairy\n|move|p2b: Miraidon|Dazzling Gleam|p1a: Calyrex|[spread] p1a,p1b\n|-supereffective|p1b: Miraidon\n|-damage|p1a: Calyrex|58/100\n|-damage|p1b: Miraidon|12/100\n|move|p1b: Miraidon|Electro Drift|p2a: Frosmoth\n|-damage|p2a: Frosmoth|51/100\n|move|p2a: Frosmoth|Ice Beam|p1b: Miraidon\n|-supereffective|p1b: Miraidon\n|-damage|p1b: Miraidon|0 fnt\n|faint|p1b: Miraidon\n|move|p1a: Calyrex|Stomping Tantrum|p2a: Frosmoth\n|-resisted|p2a: Frosmoth\n|-damage|p2a: Frosmoth|41/100\n|\n|upkeep\n|\n|t:|1773149850\n|switch|p1b: Ting-Lu|Ting-Lu, L50|100/100\n|-ability|p1b: Ting-Lu|Vessel of Ruin\n|turn|2\n|\n|t:|1773149863\n|-terastallize|p1b: Ting-Lu|Poison\n|move|p1a: Calyrex|Protect|p1a: Calyrex\n|-singleturn|p1a: Calyrex|Protect\n|move|p2b: Miraidon|Dazzling Gleam|p1a: Calyrex|[spread] p1b\n|-activate|p1a: Calyrex|move: Protect\n|-resisted|p1b: Ting-Lu\n|-damage|p1b: Ting-Lu|84/100\n|move|p2a: Frosmoth|Struggle Bug|p1b: Ting-Lu|[spread] p1b\n|-activate|p1a: Calyrex|move: Protect\n|-resisted|p1b: Ting-Lu\n|-damage|p1b: Ting-Lu|79/100\n|-unboost|p1b: Ting-Lu|spa|1\n|move|p1b: Ting-Lu|Sand Tomb|p2b: Miraidon\n|-damage|p2b: Miraidon|86/100\n|-activate|p2b: Miraidon|move: Sand Tomb|[of] p1b: Ting-Lu\n|\n|-damage|p2b: Miraidon|74/100|[from] move: Sand Tomb|[partiallytrapped]\n|upkeep\n|turn|3\n|inactive|krangune has 30 seconds left.\n|\n|t:|1773149892\n|move|p2b: Miraidon|Dazzling Gleam|p1b: Ting-Lu|[spread] p1a,p1b\n|-resisted|p1b: Ting-Lu\n|-damage|p1a: Calyrex|22/100\n|-damage|p1b: Ting-Lu|61/100\n|move|p2a: Frosmoth|Quiver Dance|p2a: Frosmoth\n|-boost|p2a: Frosmoth|spa|1\n|-boost|p2a: Frosmoth|spd|1\n|-boost|p2a: Frosmoth|spe|1\n|move|p1b: Ting-Lu|Sand Tomb|p2a: Frosmoth\n|-resisted|p2a: Frosmoth\n|-damage|p2a: Frosmoth|36/100\n|-activate|p2a: Frosmoth|move: Sand Tomb|[of] p1b: Ting-Lu\n|move|p1a: Calyrex|Trick Room|p1a: Calyrex\n|-fieldstart|move: Trick Room|[of] p1a: Calyrex\n|\n|-damage|p2a: Frosmoth|23/100|[from] move: Sand Tomb|[partiallytrapped]\n|-damage|p2b: Miraidon|62/100|[from] move: Sand Tomb|[partiallytrapped]\n|upkeep\n|turn|4\n|j| Qaiseasy\n|\n|t:|1773149916\n|move|p2a: Frosmoth|Wide Guard|p2a: Frosmoth\n|-singleturn|p2a: Frosmoth|Wide Guard\n|move|p1a: Calyrex|Glacial Lance|p2a: Frosmoth|[spread] \n|-activate|p2a: Frosmoth|move: Wide Guard\n|-activate|p2b: Miraidon|move: Wide Guard\n|move|p1b: Ting-Lu|Stomping Tantrum|p2a: Frosmoth\n|-resisted|p2a: Frosmoth\n|-damage|p2a: Frosmoth|13/100\n|move|p2b: Miraidon|Dazzling Gleam|p1b: Ting-Lu|[spread] p1a,p1b\n|-resisted|p1b: Ting-Lu\n|-damage|p1a: Calyrex|0 fnt\n|-damage|p1b: Ting-Lu|44/100\n|faint|p1a: Calyrex\n|\n|-damage|p2a: Frosmoth|0 fnt|[from] move: Sand Tomb|[partiallytrapped]\n|faint|p2a: Frosmoth\n|-damage|p2b: Miraidon|50/100|[from] move: Sand Tomb|[partiallytrapped]\n|upkeep\n|inactive|krangune has 30 seconds left.\n|\n|t:|1773149947\n|switch|p1a: Sableye|Sableye, L50, M|100/100\n|switch|p2a: Slither Wing|Slither Wing, L50|100/100\n|turn|5\n|inactive|ArisHazard has 30 seconds left.\n|inactive|ArisHazard has 20 seconds left.\n|inactive|ArisHazard has 15 seconds left.\n|\n|t:|1773149991\n|move|p1b: Ting-Lu|Protect|p1b: Ting-Lu\n|-singleturn|p1b: Ting-Lu|Protect\n|move|p1a: Sableye|Disable|p2b: Miraidon\n|-start|p2b: Miraidon|Disable|Dazzling Gleam\n|move|p2a: Slither Wing|Leech Life|p1a: Sableye\n|-damage|p1a: Sableye|45/100\n|-enditem|p1a: Sableye|Sitrus Berry|[eat]\n|-heal|p1a: Sableye|70/100|[from] item: Sitrus Berry\n|cant|p2b: Miraidon|Disable|Dazzling Gleam\n|\n|-damage|p2b: Miraidon|38/100|[from] move: Sand Tomb|[partiallytrapped]\n|-fieldend|move: Electric Terrain\n|upkeep\n|turn|6\n|\n|t:|1773150013\n|move|p1a: Sableye|Disable|p2a: Slither Wing\n|-start|p2a: Slither Wing|Disable|Leech Life\n|cant|p2a: Slither Wing|Disable|Leech Life\n|move|p1b: Ting-Lu|Sand Tomb|p2a: Slither Wing\n|-resisted|p2a: Slither Wing\n|-damage|p2a: Slither Wing|93/100\n|-activate|p2a: Slither Wing|move: Sand Tomb|[of] p1b: Ting-Lu\n|-activate|p2b: Miraidon|move: Struggle\n|move|p2b: Miraidon|Struggle|p1b: Ting-Lu\n|-damage|p1b: Ting-Lu|39/100\n|-damage|p2b: Miraidon|21/100|[from] item: Rocky Helmet|[of] p1b: Ting-Lu\n|-damage|p2b: Miraidon|0 fnt|[from] recoil\n|faint|p2b: Miraidon\n|\n|-damage|p2a: Slither Wing|81/100|[from] move: Sand Tomb|[partiallytrapped]\n|upkeep\n|\n|t:|1773150017\n|switch|p2b: Koraidon|Koraidon, L50|100/100\n|-weather|SunnyDay|[from] ability: Orichalcum Pulse|[of] p2b: Koraidon\n|-activate|p2a: Slither Wing|ability: Protosynthesis\n|-start|p2a: Slither Wing|protosynthesisatk\n|-activate|p2b: Koraidon|Orichalcum Pulse|[source]\n|turn|7\n|inactive|krangune has 30 seconds left.\n|\n|t:|1773150045\n|move|p1a: Sableye|Protect|p1a: Sableye\n|-singleturn|p1a: Sableye|Protect\n|move|p2a: Slither Wing|Protect|p2a: Slither Wing\n|-singleturn|p2a: Slither Wing|Protect\n|move|p1b: Ting-Lu|Protect|p1b: Ting-Lu\n|-singleturn|p1b: Ting-Lu|Protect\n|move|p2b: Koraidon|Flare Blitz|p1a: Sableye\n|-activate|p1a: Sableye|move: Protect\n|\n|-weather|SunnyDay|[upkeep]\n|-damage|p2a: Slither Wing|68/100|[from] move: Sand Tomb|[partiallytrapped]\n|-fieldend|move: Trick Room\n|upkeep\n|turn|8\n|inactive|krangune has 30 seconds left.\n|\n|t:|1773150075\n|move|p1a: Sableye|Encore|p2a: Slither Wing\n|-start|p2a: Slither Wing|Encore\n|move|p2b: Koraidon|Flame Charge|p1b: Ting-Lu\n|-damage|p1b: Ting-Lu|20/100\n|-boost|p2b: Koraidon|spe|1\n|-damage|p2b: Koraidon|84/100|[from] item: Rocky Helmet|[of] p1b: Ting-Lu\n|move|p1b: Ting-Lu|Sand Tomb|p2b: Koraidon\n|-damage|p2b: Koraidon|73/100\n|-activate|p2b: Koraidon|move: Sand Tomb|[of] p1b: Ting-Lu\n|move|p2a: Slither Wing|Protect||[still]\n|-fail|p2a: Slither Wing\n|\n|-weather|SunnyDay|[upkeep]\n|-damage|p2b: Koraidon|61/100|[from] move: Sand Tomb|[partiallytrapped]\n|-damage|p2a: Slither Wing|56/100|[from] move: Sand Tomb|[partiallytrapped]\n|upkeep\n|turn|9\n|\n|t:|1773150092\n|move|p1b: Ting-Lu|Protect|p1b: Ting-Lu\n|-singleturn|p1b: Ting-Lu|Protect\n|move|p2a: Slither Wing|Protect|p2a: Slither Wing\n|-singleturn|p2a: Slither Wing|Protect\n|move|p1a: Sableye|Encore|p2b: Koraidon\n|-start|p2b: Koraidon|Encore\n|move|p2b: Koraidon|Flame Charge|p1b: Ting-Lu\n|-activate|p1b: Ting-Lu|move: Protect\n|\n|-weather|SunnyDay|[upkeep]\n|-damage|p2b: Koraidon|49/100|[from] move: Sand Tomb|[partiallytrapped]\n|-damage|p2a: Slither Wing|43/100|[from] move: Sand Tomb|[partiallytrapped]\n|-end|p2a: Slither Wing|Disable\n|upkeep\n|turn|10\n|\n|t:|1773150111\n|move|p2a: Slither Wing|Protect||[still]\n|-fail|p2a: Slither Wing\n|move|p1a: Sableye|Disable|p2b: Koraidon\n|-start|p2b: Koraidon|Disable|Flame Charge\n|cant|p2b: Koraidon|Disable|Flame Charge\n|move|p1b: Ting-Lu|Stomping Tantrum|p2b: Koraidon\n|-damage|p2b: Koraidon|22/100\n|\n|-weather|SunnyDay|[upkeep]\n|-damage|p2b: Koraidon|10/100|[from] move: Sand Tomb|[partiallytrapped]\n|-damage|p2a: Slither Wing|31/100|[from] move: Sand Tomb|[partiallytrapped]\n|-end|p2a: Slither Wing|Encore\n|upkeep\n|turn|11\n|\n|t:|1773150131\n|move|p1a: Sableye|Encore|p2a: Slither Wing\n|-start|p2a: Slither Wing|Encore\n|-activate|p2b: Koraidon|move: Struggle\n|move|p2b: Koraidon|Struggle|p1a: Sableye\n|-damage|p1a: Sableye|41/100\n|-damage|p2b: Koraidon|0 fnt|[from] recoil\n|faint|p2b: Koraidon\n|move|p1b: Ting-Lu|Stomping Tantrum|p2a: Slither Wing\n|-resisted|p2a: Slither Wing\n|-damage|p2a: Slither Wing|16/100\n|move|p2a: Slither Wing|Protect||[still]\n|-fail|p2a: Slither Wing\n|\n|-weather|none\n|-end|p2a: Slither Wing|Protosynthesis\n|-end|p2a: Slither Wing|Sand Tomb|[partiallytrapped]\n|upkeep\n|turn|12\n|c|\u2606ArisHazard|Gg\n|-message|krangune forfeited.\n|\n|win|ArisHazard\n|raw|ArisHazard's rating: 1363 &rarr; <strong>1382</strong><br />(+19 for winning)\n|raw|krangune's rating: 1347 &rarr; <strong>1328</strong><br />(-19 for losing)\n|l|\u2606krangune\n|player|p2|\n|c| Qaiseasy|Wow\n|l|\u2606ArisHazard\n|player|p1|\n|l| Qaiseasy\n","uploadtime":1773150416,"views":15,"formatid":"gen9vgc2026regi","rating":1328,"private":0,"password":null}