{"id":"gen9vgc2026regi-2568205826","format":"[Gen 9] VGC 2026 Reg I","players":["BossgodoraII","Cello L."],"log":"|j|\u2606BossgodoraII\n|j|\u2606Cello L.\n|t:|1774555771\n|gametype|doubles\n|player|p1|BossgodoraII|gentleman-gen4|1461\n|player|p2|Cello L.|cynthia-gen4|1528\n|gen|9\n|tier|[Gen 9] VGC 2026 Reg I\n|rated|\n|rule|Species Clause: Limit one of each Pok\u00e9mon\n|rule|Item Clause: Limit 1 of each item\n|clearpoke\n|poke|p1|Zamazenta-*, L50|\n|poke|p1|Chien-Pao, L50|\n|poke|p1|Calyrex-Shadow, L50|\n|poke|p1|Raging Bolt, L50|\n|poke|p1|Rillaboom, L50, F|\n|poke|p1|Ogerpon-Hearthflame, L50, F|\n|poke|p2|Kyogre, L50|\n|poke|p2|Calyrex-Ice, L50|\n|poke|p2|Raging Bolt, L50|\n|poke|p2|Urshifu-*, L50, F|\n|poke|p2|Rillaboom, L50, M|\n|poke|p2|Amoonguss, L50, M|\n|teampreview|4\nBossgodoraII rejected open team sheets.\n|inactive|Battle timer is ON: inactive players will automatically lose when time's up. (requested by BossgodoraII)\n|j| SGillfish\n|\n|t:|1774555819\n|teamsize|p1|4\n|teamsize|p2|4\n|start\n|switch|p1a: Zamazenta|Zamazenta-Crowned, L50|100/100\n|switch|p1b: Calyrex|Calyrex-Shadow, L50|100/100\n|switch|p2a: Calyrex|Calyrex-Ice, L50|100/100\n|switch|p2b: Urshifu|Urshifu-Rapid-Strike, L50, F|100/100\n|-ability|p1b: Calyrex|As One\n|-ability|p1b: Calyrex|Unnerve\n|-ability|p2a: Calyrex|As One\n|-ability|p2a: Calyrex|Unnerve\n|-ability|p1a: Zamazenta|Dauntless Shield|boost\n|-boost|p1a: Zamazenta|def|1\n|turn|1\n|\n|t:|1774555839\n|-terastallize|p2a: Calyrex|Fairy\n|move|p2b: Urshifu|U-turn|p1b: Calyrex\n|-damage|p1b: Calyrex|70/100\n|\n|t:|1774555844\n|switch|p2b: Raging Bolt|Raging Bolt, L50|100/100|[from] U-turn\n|-enditem|p2b: Raging Bolt|Booster Energy\n|-activate|p2b: Raging Bolt|ability: Protosynthesis|[fromitem]\n|-start|p2b: Raging Bolt|protosynthesisspa\n|move|p1b: Calyrex|Astral Barrage|p2a: Calyrex|[spread] p2a,p2b\n|-damage|p2a: Calyrex|54/100\n|-damage|p2b: Raging Bolt|36/100\n|-damage|p1b: Calyrex|60/100|[from] item: Life Orb\n|move|p1a: Zamazenta|Body Press|p2a: Calyrex\n|-resisted|p2a: Calyrex\n|-damage|p2a: Calyrex|36/100\n|move|p2a: Calyrex|Trick Room|p2a: Calyrex\n|-fieldstart|move: Trick Room|[of] p2a: Calyrex\n|\n|-heal|p2a: Calyrex|42/100|[from] item: Leftovers\n|upkeep\n|turn|2\n|\n|t:|1774555868\n|move|p1b: Calyrex|Protect|p1b: Calyrex\n|-singleturn|p1b: Calyrex|Protect\n|move|p2a: Calyrex|Leech Seed|p1a: Zamazenta\n|-start|p1a: Zamazenta|move: Leech Seed\n|move|p2b: Raging Bolt|Thunderbolt|p1b: Calyrex\n|-activate|p1b: Calyrex|move: Protect\n|move|p1a: Zamazenta|Body Press|p2b: Raging Bolt\n|-damage|p2b: Raging Bolt|0 fnt\n|faint|p2b: Raging Bolt\n|-end|p2b: Raging Bolt|Protosynthesis|[silent]\n|\n|-heal|p2a: Calyrex|48/100|[from] item: Leftovers\n|-damage|p1a: Zamazenta|88/100|[from] Leech Seed|[of] p2a: Calyrex\n|-heal|p2a: Calyrex|58/100|[silent]\n|upkeep\n|\n|t:|1774555881\n|switch|p2b: Kyogre|Kyogre, L50|100/100\n|-weather|RainDance|[from] ability: Drizzle|[of] p2b: Kyogre\n|turn|3\n|\n|t:|1774555890\n|move|p1a: Zamazenta|Wide Guard|p1a: Zamazenta\n|-singleturn|p1a: Zamazenta|Wide Guard\n|move|p2a: Calyrex|Glacial Lance|p1a: Zamazenta|[spread] \n|-activate|p1a: Zamazenta|move: Wide Guard\n|-activate|p1b: Calyrex|move: Wide Guard\n|move|p2b: Kyogre|Hydro Pump|p1b: Calyrex\n|-damage|p1b: Calyrex|0 fnt\n|faint|p1b: Calyrex\n|\n|-weather|RainDance|[upkeep]\n|-heal|p2a: Calyrex|64/100|[from] item: Leftovers\n|-damage|p1a: Zamazenta|75/100|[from] Leech Seed|[of] p2a: Calyrex\n|-heal|p2a: Calyrex|74/100|[silent]\n|upkeep\n|\n|t:|1774555902\n|switch|p1b: Rillaboom|Rillaboom, L50, F|100/100\n|-fieldstart|move: Grassy Terrain|[from] ability: Grassy Surge|[of] p1b: Rillaboom\n|turn|4\n|\n|t:|1774555917\n|switch|p1a: Raging Bolt|Raging Bolt, L50|100/100\n|-enditem|p1a: Raging Bolt|Booster Energy\n|-activate|p1a: Raging Bolt|ability: Protosynthesis|[fromitem]\n|-start|p1a: Raging Bolt|protosynthesisspa\n|move|p2b: Kyogre|Protect|p2b: Kyogre\n|-singleturn|p2b: Kyogre|Protect\n|move|p1b: Rillaboom|Fake Out|p2a: Calyrex\n|-damage|p2a: Calyrex|66/100\n|cant|p2a: Calyrex|flinch\n|\n|-weather|RainDance|[upkeep]\n|-heal|p2a: Calyrex|72/100|[from] Grassy Terrain\n|-heal|p2a: Calyrex|78/100|[from] item: Leftovers\n|upkeep\n|turn|5\n|\n|t:|1774555940\n|move|p1a: Raging Bolt|Protect|p1a: Raging Bolt\n|-singleturn|p1a: Raging Bolt|Protect\n|move|p2b: Kyogre|Protect||[still]\n|-fail|p2b: Kyogre\n|move|p1b: Rillaboom|Grassy Glide|p2b: Kyogre\n|-supereffective|p2b: Kyogre\n|-damage|p2b: Kyogre|31/100\n|move|p2a: Calyrex|Glacial Lance|p1b: Rillaboom|[spread] p1b\n|-activate|p1a: Raging Bolt|move: Protect\n|-supereffective|p1b: Rillaboom\n|-damage|p1b: Rillaboom|11/100\n|\n|-weather|RainDance|[upkeep]\n|-heal|p2a: Calyrex|84/100|[from] Grassy Terrain\n|-heal|p2a: Calyrex|89/100|[from] item: Leftovers\n|-heal|p1b: Rillaboom|17/100|[from] Grassy Terrain\n|-heal|p2b: Kyogre|37/100|[from] Grassy Terrain\n|-fieldend|move: Trick Room\n|upkeep\n|turn|6\n|inactive|Cello L. has 30 seconds left.\n|inactive|Cello L. has 20 seconds left.\n|inactive|Cello L. has 15 seconds left.\n|\n|t:|1774555980\n|-terastallize|p1a: Raging Bolt|Electric\n|move|p2b: Kyogre|Protect|p2b: Kyogre\n|-singleturn|p2b: Kyogre|Protect\n|move|p1b: Rillaboom|Wood Hammer|p2a: Calyrex\n|-damage|p2a: Calyrex|47/100\n|-damage|p1b: Rillaboom|2/100|[from] Recoil\n|move|p1a: Raging Bolt|Thunderbolt|p2a: Calyrex\n|-damage|p2a: Calyrex|0 fnt\n|faint|p2a: Calyrex\n|\n|-weather|RainDance|[upkeep]\n|-heal|p2b: Kyogre|43/100|[from] Grassy Terrain\n|-heal|p1b: Rillaboom|8/100|[from] Grassy Terrain\n|upkeep\n|\n|t:|1774555992\n|switch|p2a: Urshifu|Urshifu-Rapid-Strike, L50, F|100/100\n|turn|7\n|\n|t:|1774555998\n|move|p1b: Rillaboom|Grassy Glide|p2b: Kyogre\n|-supereffective|p2b: Kyogre\n|-damage|p2b: Kyogre|0 fnt\n|faint|p2b: Kyogre\n|move|p1a: Raging Bolt|Thunderclap|p2a: Urshifu\n|-supereffective|p2a: Urshifu\n|-damage|p2a: Urshifu|0 fnt\n|faint|p2a: Urshifu\n|\n|win|BossgodoraII\n|raw|BossgodoraII's rating: 1461 &rarr; <strong>1485</strong><br />(+24 for winning)\n|raw|Cello L.'s rating: 1528 &rarr; <strong>1504</strong><br />(-24 for losing)\n|l|\u2606Cello L.\n|player|p2|\n|c|\u2606BossgodoraII|ggwp\n|l| SGillfish\n","uploadtime":1774556174,"views":15,"formatid":"gen9vgc2026regi","rating":1485,"private":0,"password":null}