{"id":"gen9vgc2026regi-2565572470","format":"[Gen 9] VGC 2026 Reg I","players":["Toger220","kojimuranishi"],"log":"|j|\u2606Toger220\n|j|\u2606kojimuranishi\n|t:|1774286271\n|gametype|doubles\n|player|p1|Toger220|hilda-wonderlauncher|1424\n|player|p2|kojimuranishi|2|1618\n|gen|9\n|tier|[Gen 9] VGC 2026 Reg I\n|rated|\n|rule|Species Clause: Limit one of each Pok\u00e9mon\n|rule|Item Clause: Limit 1 of each item\n|clearpoke\n|poke|p1|Miraidon, L50|\n|poke|p1|Raichu-Alola, L50, M|\n|poke|p1|Zacian-*, L50|\n|poke|p1|Incineroar, L50, M|\n|poke|p1|Chien-Pao, L50|\n|poke|p1|Walking Wake, L50|\n|poke|p2|Whimsicott, L50, M|\n|poke|p2|Calyrex-Ice, L50|\n|poke|p2|Miraidon, L50|\n|poke|p2|Chi-Yu, L50|\n|poke|p2|Landorus, L50, M|\n|poke|p2|Farigiraf, L50, M|\n|teampreview|4\n|inactive|Battle timer is ON: inactive players will automatically lose when time's up. (requested by kojimuranishi)\n|\n|t:|1774286290\n|teamsize|p1|4\n|teamsize|p2|4\n|start\n|switch|p1a: Zacian|Zacian-Crowned, L50|100/100\n|switch|p1b: Incineroar|Incineroar, L50, M|100/100\n|switch|p2a: Whimsicott|Whimsicott, L50, M|100/100\n|switch|p2b: Chi-Yu|Chi-Yu, L50|100/100\n|-ability|p1a: Zacian|Intrepid Sword|boost\n|-boost|p1a: Zacian|atk|1\n|-ability|p2b: Chi-Yu|Beads of Ruin\n|-ability|p1b: Incineroar|Intimidate|boost\n|-unboost|p2a: Whimsicott|atk|1\n|-unboost|p2b: Chi-Yu|atk|1\n|turn|1\n|inactive|kojimuranishi has 30 seconds left.\n|\n|t:|1774286319\n|-terastallize|p1a: Zacian|Ground\n|move|p2a: Whimsicott|Tailwind|p2a: Whimsicott\n|-sidestart|p2: kojimuranishi|move: Tailwind\n|move|p2b: Chi-Yu|Heat Wave|p1a: Zacian|[spread] p1b\n|-miss|p2b: Chi-Yu|p1a: Zacian\n|-resisted|p1b: Incineroar\n|-damage|p1b: Incineroar|66/100\n|move|p1a: Zacian|Behemoth Blade|p2a: Whimsicott\n|-supereffective|p2a: Whimsicott\n|-enditem|p2a: Whimsicott|Focus Sash\n|-damage|p2a: Whimsicott|1/100\n|move|p1b: Incineroar|Knock Off|p2b: Chi-Yu\n|-resisted|p2b: Chi-Yu\n|-damage|p2b: Chi-Yu|67/100\n|-enditem|p2b: Chi-Yu|Choice Specs|[from] move: Knock Off|[of] p1b: Incineroar\n|\n|upkeep\n|turn|2\n|\n|t:|1774286340\n|move|p1a: Zacian|Protect|p1a: Zacian\n|-singleturn|p1a: Zacian|Protect\n|move|p2a: Whimsicott|Moonblast|p1b: Incineroar\n|-damage|p1b: Incineroar|24/100\n|-enditem|p1b: Incineroar|Sitrus Berry|[eat]\n|-heal|p1b: Incineroar|48/100|[from] item: Sitrus Berry\n|move|p2b: Chi-Yu|Heat Wave|p1a: Zacian|[spread] p1b\n|-activate|p1a: Zacian|move: Protect\n|-resisted|p1b: Incineroar\n|-damage|p1b: Incineroar|24/100\n|move|p1b: Incineroar|Parting Shot|p2b: Chi-Yu\n|-unboost|p2b: Chi-Yu|atk|1\n|-unboost|p2b: Chi-Yu|spa|1\n|\n|t:|1774286352\n|switch|p1b: Raichu|Raichu-Alola, L50, M|100/100|[from] Parting Shot\n|\n|upkeep\n|turn|3\n|\n|t:|1774286367\n|-terastallize|p2a: Whimsicott|Ghost\n|move|p1b: Raichu|Fake Out|p2b: Chi-Yu\n|-crit|p2b: Chi-Yu\n|-damage|p2b: Chi-Yu|48/100\n|move|p2a: Whimsicott|Encore|p1a: Zacian\n|-start|p1a: Zacian|Encore\n|cant|p2b: Chi-Yu|flinch\n|move|p1a: Zacian|Protect||[still]\n|-fail|p1a: Zacian\n|\n|upkeep\n|turn|4\n|inactive|kojimuranishi has 30 seconds left.\n|\n|t:|1774286396\n|switch|p1b: Incineroar|Incineroar, L50, M|24/100\n|-ability|p1b: Incineroar|Intimidate|boost\n|-unboost|p2a: Whimsicott|atk|1\n|-unboost|p2b: Chi-Yu|atk|1\n|move|p1a: Zacian|Protect|p1a: Zacian\n|-singleturn|p1a: Zacian|Protect\n|move|p2a: Whimsicott|Moonblast|p1b: Incineroar\n|-damage|p1b: Incineroar|0 fnt\n|faint|p1b: Incineroar\n|move|p2b: Chi-Yu|Dark Pulse|p1a: Zacian\n|-activate|p1a: Zacian|move: Protect\n|\n|-sideend|p2: kojimuranishi|move: Tailwind\n|upkeep\n|\n|t:|1774286408\n|switch|p1b: Raichu|Raichu-Alola, L50, M|100/100\n|turn|5\n|\n|t:|1774286415\n|switch|p1a: Miraidon|Miraidon, L50|100/100\n|-fieldstart|move: Electric Terrain|[from] ability: Hadron Engine|[of] p1a: Miraidon\n|move|p2a: Whimsicott|Tailwind|p2a: Whimsicott\n|-sidestart|p2: kojimuranishi|move: Tailwind\n|move|p1b: Raichu|Electroweb|p2a: Whimsicott|[spread] p2a,p2b\n|-damage|p2a: Whimsicott|0 fnt\n|-damage|p2b: Chi-Yu|24/100\n|-unboost|p2b: Chi-Yu|spe|1\n|faint|p2a: Whimsicott\n|move|p2b: Chi-Yu|Dark Pulse|p1b: Raichu\n|-supereffective|p1b: Raichu\n|-damage|p1b: Raichu|33/100\n|\n|upkeep\n|\n|t:|1774286430\n|switch|p2a: Landorus|Landorus, L50, M|100/100\n|turn|6\n|\n|t:|1774286446\n|switch|p2b: Miraidon|Miraidon, L50|100/100\n|-activate|p2b: Miraidon|ability: Hadron Engine\n|switch|p1a: Zacian|Zacian-Crowned, L50, tera:Ground|100/100\n|move|p1b: Raichu|Endeavor|p2a: Landorus\n|-damage|p2a: Landorus|29/100\n|move|p2a: Landorus|Sandsear Storm|p1a: Zacian|[spread] p1a,p1b\n|-supereffective|p1b: Raichu\n|-damage|p1a: Zacian|42/100\n|-damage|p1b: Raichu|0 fnt\n|faint|p1b: Raichu\n|\n|upkeep\n|\n|t:|1774286457\n|switch|p1b: Miraidon|Miraidon, L50|100/100\n|-activate|p1b: Miraidon|ability: Hadron Engine\n|turn|7\n|\n|t:|1774286469\n|move|p1a: Zacian|Protect|p1a: Zacian\n|-singleturn|p1a: Zacian|Protect\n|move|p2b: Miraidon|Draco Meteor|p1b: Miraidon\n|-supereffective|p1b: Miraidon\n|-damage|p1b: Miraidon|0 fnt\n|-unboost|p2b: Miraidon|spa|2\n|faint|p1b: Miraidon\n|move|p2a: Landorus|Earth Power|p1a: Zacian\n|-activate|p1a: Zacian|move: Protect\n|\n|upkeep\n|turn|8\n|-message|Toger220 forfeited.\n|\n|win|kojimuranishi\n|raw|Toger220's rating: 1424 &rarr; <strong>1414</strong><br />(-10 for losing)\n|raw|kojimuranishi's rating: 1618 &rarr; <strong>1628</strong><br />(+10 for winning)\n|l|\u2606Toger220\n|player|p1|\n|l|\u2606kojimuranishi\n|player|p2|\n","uploadtime":1774286695,"views":18,"formatid":"gen9vgc2026regi","rating":1414,"private":0,"password":null}