{"id":"gen9vgc2026regi-2570223462","format":"[Gen 9] VGC 2026 Reg I","players":["shecallmedada","mytestteams"],"log":"|j|\u2606shecallmedada\n|j|\u2606mytestteams\n|t:|1774790682\n|gametype|doubles\n|player|p1|shecallmedada|burglar-gen1rb|1402\n|player|p2|mytestteams|burglar|1406\n|gen|9\n|tier|[Gen 9] VGC 2026 Reg I\n|rated|\n|rule|Species Clause: Limit one of each Pok\u00e9mon\n|rule|Item Clause: Limit 1 of each item\n|clearpoke\n|poke|p1|Dondozo, L50, F|\n|poke|p1|Calyrex-Ice, L50|\n|poke|p1|Tatsugiri-Droopy, L50, M|\n|poke|p1|Weezing, L50, F|\n|poke|p1|Rhydon, L50, F|\n|poke|p1|Miraidon, L50|\n|poke|p2|Calyrex-Shadow, L50|\n|poke|p2|Zamazenta-*, L50|\n|poke|p2|Whimsicott, L50, F|\n|poke|p2|Raging Bolt, L50|\n|poke|p2|Chien-Pao, L50|\n|poke|p2|Ogerpon-Hearthflame, L50, F|\n|teampreview|4\n|inactive|Battle timer is ON: inactive players will automatically lose when time's up. (requested by shecallmedada)\n|\n|t:|1774790704\n|teamsize|p1|4\n|teamsize|p2|4\n|start\n|switch|p1a: Goobnut|Weezing, L50, F|100/100\n|switch|p1b: Miraidon|Miraidon, L50|100/100\n|switch|p2a: Whimsicott|Whimsicott, L50, F, shiny|100/100\n|switch|p2b: Chien-Pao|Chien-Pao, L50|100/100\n|-ability|p1a: Goobnut|Neutralizing Gas\n|-block|p1b: Miraidon|item: Ability Shield\n|-fieldstart|move: Electric Terrain|[from] ability: Hadron Engine|[of] p1b: Miraidon\n|turn|1\n|\n|t:|1774790722\n|-terastallize|p1b: Miraidon|Electric\n|move|p1b: Miraidon|Electro Drift|p2b: Chien-Pao\n|-enditem|p2b: Chien-Pao|Focus Sash\n|-damage|p2b: Chien-Pao|1/100\n|move|p2b: Chien-Pao|Ice Spinner|p1b: Miraidon\n|-damage|p1b: Miraidon|63/100\n|-fieldend|move: Electric Terrain\n|move|p2a: Whimsicott|Tailwind|p2a: Whimsicott\n|-sidestart|p2: mytestteams|move: Tailwind\n|move|p1a: Goobnut|Sludge Bomb|p2a: Whimsicott\n|-supereffective|p2a: Whimsicott\n|-crit|p2a: Whimsicott\n|-damage|p2a: Whimsicott|0 fnt\n|faint|p2a: Whimsicott\n|\n|upkeep\n|\n|t:|1774790737\n|switch|p2a: Calyrex|Calyrex-Shadow, L50|100/100\n|-ability|p2a: Calyrex|As One\n|-ability|p2a: Calyrex|Unnerve\n|turn|2\n|\n|t:|1774790749\n|move|p1b: Miraidon|Protect|p1b: Miraidon\n|-singleturn|p1b: Miraidon|Protect\n|move|p2b: Chien-Pao|Ice Spinner|p1b: Miraidon\n|-activate|p1b: Miraidon|move: Protect\n|move|p2a: Calyrex|Astral Barrage|p1a: Goobnut|[spread] p1a\n|-activate|p1b: Miraidon|move: Protect\n|-damage|p1a: Goobnut|32/100\n|-damage|p2a: Calyrex|91/100|[from] item: Life Orb\n|move|p1a: Goobnut|Poison Gas|p2a: Calyrex|[spread] p2a,p2b\n|-status|p2a: Calyrex|psn\n|-status|p2b: Chien-Pao|psn\n|\n|-damage|p2b: Chien-Pao|0 fnt|[from] psn\n|faint|p2b: Chien-Pao\n|-damage|p2a: Calyrex|79/100 psn|[from] psn\n|upkeep\n|\n|t:|1774790762\n|switch|p2b: Raging Bolt|Raging Bolt, L50|100/100\n|turn|3\n|\n|t:|1774790774\n|switch|p1b: Raw|Tatsugiri-Droopy, L50, M|100/100\n|-end|p1a: Goobnut|ability: Neutralizing Gas\n|switch|p1a: Sheist|Dondozo, L50, F|100/100\n|-enditem|p2b: Raging Bolt|Booster Energy\n|-activate|p2b: Raging Bolt|ability: Protosynthesis|[fromitem]\n|-start|p2b: Raging Bolt|protosynthesisspa\n|-activate|p1b: Raw|ability: Commander|[of] p1a: Sheist\n|-boost|p1a: Sheist|atk|2\n|-boost|p1a: Sheist|spa|2\n|-boost|p1a: Sheist|spe|2\n|-boost|p1a: Sheist|def|2\n|-boost|p1a: Sheist|spd|2\n|move|p2a: Calyrex|Astral Barrage|p1b: Raw|[spread] p1a\n|-miss|p2a: Calyrex|p1b: Raw\n|-damage|p1a: Sheist|70/100\n|-damage|p2a: Calyrex|69/100 psn|[from] item: Life Orb\n|move|p2b: Raging Bolt|Dragon Pulse|p1b: Raw|[miss]\n|-miss|p2b: Raging Bolt|p1b: Raw\n|\n|-heal|p1a: Sheist|76/100|[from] item: Leftovers\n|-damage|p2a: Calyrex|57/100 psn|[from] psn\n|upkeep\n|turn|4\n|\n|t:|1774790789\n|-terastallize|p2b: Raging Bolt|Electric\n|move|p1a: Sheist|Protect|p1a: Sheist\n|-singleturn|p1a: Sheist|Protect\n|move|p2a: Calyrex|Psychic|p1a: Sheist\n|-activate|p1a: Sheist|move: Protect\n|move|p2b: Raging Bolt|Thunderbolt|p1a: Sheist\n|-activate|p1a: Sheist|move: Protect\n|\n|-heal|p1a: Sheist|82/100|[from] item: Leftovers\n|-damage|p2a: Calyrex|45/100 psn|[from] psn\n|-sideend|p2: mytestteams|move: Tailwind\n|upkeep\n|turn|5\n|\n|t:|1774790794\n|move|p2a: Calyrex|Astral Barrage|p1b: Raw|[spread] p1a\n|-miss|p2a: Calyrex|p1b: Raw\n|-damage|p1a: Sheist|54/100\n|-damage|p2a: Calyrex|35/100 psn|[from] item: Life Orb\n|move|p1a: Sheist|Earthquake|p2a: Calyrex|[spread] p2a,p2b\n|-miss|p1a: Sheist|p1b: Raw\n|-supereffective|p2b: Raging Bolt\n|-damage|p2a: Calyrex|0 fnt\n|-damage|p2b: Raging Bolt|44/100\n|faint|p2a: Calyrex\n|move|p2b: Raging Bolt|Thunderbolt|p1a: Sheist\n|-supereffective|p1a: Sheist\n|-damage|p1a: Sheist|0 fnt\n|faint|p1a: Sheist\n|\n|upkeep\n|-message|mytestteams forfeited.\n|\n|win|shecallmedada\n|raw|shecallmedada's rating: 1402 &rarr; <strong>1422</strong><br />(+20 for winning)\n|raw|mytestteams's rating: 1406 &rarr; <strong>1386</strong><br />(-20 for losing)\n|l|\u2606mytestteams\n|player|p2|\n|l|\u2606shecallmedada\n|player|p1|\n","uploadtime":1774790957,"views":10,"formatid":"gen9vgc2026regi","rating":1386,"private":0,"password":null}