{"id":"gen9vgc2026regi-2573400591","format":"[Gen 9] VGC 2026 Reg I","players":["Luca8","the gamblerler"],"log":"|j|\u2606Luca8\n|j|\u2606the gamblerler\n|t:|1775132835\n|gametype|doubles\n|player|p1|Luca8|flint|1468\n|player|p2|the gamblerler|giovanni|1410\n|gen|9\n|tier|[Gen 9] VGC 2026 Reg I\n|rated|\n|rule|Species Clause: Limit one of each Pok\u00e9mon\n|rule|Item Clause: Limit 1 of each item\n|clearpoke\n|poke|p1|Lunala, L50|\n|poke|p1|Miraidon, L50|\n|poke|p1|Urshifu-*, L50, M|\n|poke|p1|Torkoal, L50, M|\n|poke|p1|Regidrago, L50|\n|poke|p1|Ursaluna-Bloodmoon, L50, M|\n|poke|p2|Calyrex-Shadow, L50|\n|poke|p2|Miraidon, L50|\n|poke|p2|Incineroar, L50, F|\n|poke|p2|Sneasler, L50, F|\n|poke|p2|Araquanid, L50, F|\n|poke|p2|Whimsicott, L50, F|\n|teampreview|4\n|inactive|Battle timer is ON: inactive players will automatically lose when time's up. (requested by the gamblerler)\n|\n|t:|1775132849\n|teamsize|p1|4\n|teamsize|p2|4\n|start\n|switch|p1a: Lunala|Lunala, L50|100/100\n|switch|p1b: Miraidon|Miraidon, L50|100/100\n|switch|p2a: Sneasler|Sneasler, L50, F|100/100\n|switch|p2b: Miraidon|Miraidon, L50|100/100\n|-fieldstart|move: Electric Terrain|[from] ability: Hadron Engine|[of] p2b: Miraidon\n|-enditem|p2a: Sneasler|Electric Seed\n|-boost|p2a: Sneasler|def|1|[from] item: Electric Seed\n|-activate|p1b: Miraidon|ability: Hadron Engine\n|turn|1\n|\n|t:|1775132866\n|move|p2a: Sneasler|Acid Spray|p1a: Lunala\n|-resisted|p1a: Lunala\n|-damage|p1a: Lunala|99/100\n|-unboost|p1a: Lunala|spd|2\n|move|p2b: Miraidon|Volt Switch|p1a: Lunala\n|-damage|p1a: Lunala|1/100\n|\n|t:|1775132874\n|switch|p2b: Araquanid|Araquanid, L50, F|100/100|[from] Volt Switch\n|move|p1b: Miraidon|Volt Switch|p2a: Sneasler\n|-damage|p2a: Sneasler|13/100\n|\n|t:|1775132886\n|switch|p1b: Ursaluna|Ursaluna-Bloodmoon, L50, M|100/100|[from] Volt Switch\n|move|p1a: Lunala|Trick Room|p1a: Lunala\n|-fieldstart|move: Trick Room|[of] p1a: Lunala\n|\n|upkeep\n|turn|2\n|\n|t:|1775132900\n|-terastallize|p2b: Araquanid|Water\n|move|p2b: Araquanid|Liquidation|p1b: Ursaluna\n|-supereffective|p1b: Ursaluna\n|-damage|p1b: Ursaluna|0 fnt\n|faint|p1b: Ursaluna\n|move|p1a: Lunala|Meteor Beam||[still]\n|-prepare|p1a: Lunala|Meteor Beam\n|-boost|p1a: Lunala|spa|1\n|-enditem|p1a: Lunala|Power Herb\n|-anim|p1a: Lunala|Meteor Beam|p2b: Araquanid\n|-crit|p2b: Araquanid\n|-damage|p2b: Araquanid|23/100\n|move|p2a: Sneasler|Dire Claw|p1a: Lunala\n|-resisted|p1a: Lunala\n|-damage|p1a: Lunala|0 fnt\n|faint|p1a: Lunala\n|\n|upkeep\n|\n|t:|1775132916\n|switch|p1b: Miraidon|Miraidon, L50|100/100\n|switch|p1a: Urshifu|Urshifu, L50, M|100/100\n|-activate|p1b: Miraidon|ability: Hadron Engine\n|-enditem|p1a: Urshifu|Room Service\n|-unboost|p1a: Urshifu|spe|1|[from] item: Room Service\n|turn|3\n|inactive|Luca8 has 30 seconds left.\n|\n|t:|1775132943\n|switch|p2a: Miraidon|Miraidon, L50|100/100\n|-activate|p2a: Miraidon|ability: Hadron Engine\n|-terastallize|p1b: Miraidon|Electric\n|move|p2b: Araquanid|Liquidation|p1a: Urshifu\n|-damage|p1a: Urshifu|28/100\n|-unboost|p1a: Urshifu|def|1\n|move|p1a: Urshifu|Wicked Blow|p2a: Miraidon\n|-crit|p2a: Miraidon\n|-damage|p2a: Miraidon|43/100\n|move|p1b: Miraidon|Electro Drift|p2b: Araquanid\n|-supereffective|p2b: Araquanid\n|-damage|p2b: Araquanid|0 fnt\n|faint|p2b: Araquanid\n|\n|upkeep\n|\n|t:|1775132959\n|switch|p2b: Sneasler|Sneasler, L50, F|13/100\n|turn|4\n|\n|t:|1775132973\n|move|p2b: Sneasler|Fake Out|p1a: Urshifu\n|-damage|p1a: Urshifu|9/100\n|cant|p1a: Urshifu|flinch\n|move|p1b: Miraidon|Electro Drift|p2a: Miraidon\n|-resisted|p2a: Miraidon\n|-damage|p2a: Miraidon|16/100\n|move|p2a: Miraidon|Volt Switch|p1a: Urshifu\n|-damage|p1a: Urshifu|0 fnt\n|faint|p1a: Urshifu\n|\n|t:|1775132976\n|switch|p2a: Calyrex|Calyrex-Shadow, L50|100/100|[from] Volt Switch\n|-ability|p2a: Calyrex|As One\n|-ability|p2a: Calyrex|Unnerve\n|\n|upkeep\n|turn|5\n|\n|t:|1775132996\n|move|p2a: Calyrex|Protect|p2a: Calyrex\n|-singleturn|p2a: Calyrex|Protect\n|move|p2b: Sneasler|Dire Claw|p1b: Miraidon\n|-damage|p1b: Miraidon|64/100\n|move|p1b: Miraidon|Electro Drift|p2b: Sneasler\n|-damage|p2b: Sneasler|0 fnt\n|faint|p2b: Sneasler\n|\n|-fieldend|move: Trick Room\n|-fieldend|move: Electric Terrain\n|upkeep\n|\n|t:|1775132998\n|switch|p2b: Miraidon|Miraidon, L50|16/100\n|-fieldstart|move: Electric Terrain|[from] ability: Hadron Engine|[of] p2b: Miraidon\n|turn|6\n|\n|t:|1775133012\n|move|p2b: Miraidon|Draco Meteor|p1b: Miraidon\n|-damage|p1b: Miraidon|0 fnt\n|-unboost|p2b: Miraidon|spa|2\n|faint|p1b: Miraidon\n|\n|win|the gamblerler\n|raw|Luca8's rating: 1468 &rarr; <strong>1445</strong><br />(-23 for losing)\n|raw|the gamblerler's rating: 1410 &rarr; <strong>1433</strong><br />(+23 for winning)\n|l|\u2606the gamblerler\n|player|p2|\n|l|\u2606Luca8\n|player|p1|\n","uploadtime":1775133244,"views":14,"formatid":"gen9vgc2026regi","rating":1433,"private":0,"password":null}