{"id":"gen9vgc2026regi-2548496597","format":"[Gen 9] VGC 2026 Reg I","players":["Jellibolt2","partigiano jonny"],"log":"|j|\u2606Jellibolt2\n|j|\u2606partigiano jonny\n|t:|1772220597\n|gametype|doubles\n|player|p1|Jellibolt2|twins-gen4dp|1356\n|player|p2|partigiano jonny|volkner|1360\n|gen|9\n|tier|[Gen 9] VGC 2026 Reg I\n|rated|\n|rule|Species Clause: Limit one of each Pok\u00e9mon\n|rule|Item Clause: Limit 1 of each item\n|clearpoke\n|poke|p1|Groudon, L50|\n|poke|p1|Exeggutor, L50, F|\n|poke|p1|Raging Bolt, L50|\n|poke|p1|Lunala, L50|\n|poke|p1|Jumpluff, L50, F|\n|poke|p1|Incineroar, L50, F|\n|poke|p2|Terapagos, L50, M|\n|poke|p2|Miraidon, L50|\n|poke|p2|Incineroar, L50, F|\n|poke|p2|Iron Treads, L50|\n|poke|p2|Sinistcha, L50|\n|poke|p2|Urshifu-*, L50, M|\n|teampreview|4\n|\n|t:|1772220616\n|teamsize|p1|4\n|teamsize|p2|4\n|start\n|switch|p1a: Groudon|Groudon, L50, shiny|100/100\n|switch|p1b: Jumpluff|Jumpluff, L50, F|100/100\n|switch|p2a: Terapagos|Terapagos, L50, M|100/100\n|switch|p2b: Miraidon|Miraidon, L50|100/100\n|-activate|p2a: Terapagos|ability: Tera Shift\n|detailschange|p2a: Terapagos|Terapagos-Terastal, L50, M\n|-heal|p2a: Terapagos|100/100|[silent]\n|-fieldstart|move: Electric Terrain|[from] ability: Hadron Engine|[of] p2b: Miraidon\n|-enditem|p2a: Terapagos|Electric Seed\n|-boost|p2a: Terapagos|def|1|[from] item: Electric Seed\n|-weather|SunnyDay|[from] ability: Drought|[of] p1a: Groudon\n|turn|1\n|inactive|Battle timer is ON: inactive players will automatically lose when time's up. (requested by partigiano jonny)\n|\n|t:|1772220633\n|switch|p2b: Incineroar|Incineroar, L50, F|100/100\n|-ability|p2b: Incineroar|Intimidate|boost\n|-unboost|p1a: Groudon|atk|1\n|-unboost|p1b: Jumpluff|atk|1\n|move|p1b: Jumpluff|Tailwind|p1b: Jumpluff\n|-sidestart|p1: Jellibolt2|move: Tailwind\n|move|p1a: Groudon|Earth Power|p2b: Incineroar\n|-supereffective|p2b: Incineroar\n|-damage|p2b: Incineroar|2/100\n|move|p2a: Terapagos|Calm Mind|p2a: Terapagos\n|-boost|p2a: Terapagos|spa|1\n|-boost|p2a: Terapagos|spd|1\n|\n|-weather|SunnyDay|[upkeep]\n|upkeep\n|turn|2\n|inactive|partigiano jonny has 30 seconds left.\n|\n|t:|1772220662\n|move|p2b: Incineroar|Fake Out|p1a: Groudon\n|-damage|p1a: Groudon|92/100\n|move|p1b: Jumpluff|Encore|p2a: Terapagos\n|-start|p2a: Terapagos|Encore\n|cant|p1a: Groudon|flinch\n|move|p2a: Terapagos|Calm Mind|p2a: Terapagos\n|-boost|p2a: Terapagos|spa|1\n|-boost|p2a: Terapagos|spd|1\n|\n|-weather|SunnyDay|[upkeep]\n|upkeep\n|turn|3\n|\n|t:|1772220679\n|move|p1b: Jumpluff|Pollen Puff|p2b: Incineroar\n|-damage|p2b: Incineroar|0 fnt\n|faint|p2b: Incineroar\n|move|p1a: Groudon|Earth Power|p2a: Terapagos\n|-activate|p2a: Terapagos|ability: Tera Shell\n|-resisted|p2a: Terapagos\n|-damage|p2a: Terapagos|88/100\n|move|p2a: Terapagos|Calm Mind|p2a: Terapagos\n|-boost|p2a: Terapagos|spa|1\n|-boost|p2a: Terapagos|spd|1\n|\n|-weather|SunnyDay|[upkeep]\n|upkeep\n|\n|t:|1772220685\n|switch|p2b: Miraidon|Miraidon, L50|100/100\n|-activate|p2b: Miraidon|ability: Hadron Engine\n|turn|4\n|\n|t:|1772220704\n|-terastallize|p2b: Miraidon|Electric\n|move|p1b: Jumpluff|Pollen Puff|p2b: Miraidon\n|-damage|p2b: Miraidon|93/100\n|move|p1a: Groudon|Earth Power|p2b: Miraidon\n|-supereffective|p2b: Miraidon\n|-damage|p2b: Miraidon|30/100\n|move|p2b: Miraidon|Electro Drift|p1b: Jumpluff\n|-damage|p1b: Jumpluff|0 fnt\n|faint|p1b: Jumpluff\n|move|p2a: Terapagos|Calm Mind|p2a: Terapagos\n|-boost|p2a: Terapagos|spa|1\n|-boost|p2a: Terapagos|spd|1\n|\n|-weather|SunnyDay|[upkeep]\n|-end|p2a: Terapagos|Encore\n|-sideend|p1: Jellibolt2|move: Tailwind\n|upkeep\n|\n|t:|1772220712\n|switch|p1b: Exeggutor|Exeggutor, L50, F|100/100\n|turn|5\n|\n|t:|1772220719\n|switch|p2b: Sinistcha|Sinistcha, L50|100/100\n|-heal|p2a: Terapagos|100/100|[from] ability: Hospitality|[of] p2b: Sinistcha\n|move|p1a: Groudon|Earth Power|p2b: Sinistcha\n|-resisted|p2b: Sinistcha\n|-damage|p2b: Sinistcha|68/100\n|move|p2a: Terapagos|Tera Starstorm|p1a: Groudon\n|-damage|p1a: Groudon|0 fnt\n|faint|p1a: Groudon\n|move|p1b: Exeggutor|Substitute|p1b: Exeggutor\n|-start|p1b: Exeggutor|Substitute\n|-damage|p1b: Exeggutor|75/100\n|\n|-weather|none\n|-fieldend|move: Electric Terrain\n|upkeep\n|\n|t:|1772220721\n|switch|p1a: Lunala|Lunala, L50, shiny|100/100\n|turn|6\n|\n|t:|1772220738\n|switch|p2b: Miraidon|Miraidon, L50, tera:Electric|30/100\n|-fieldstart|move: Electric Terrain|[from] ability: Hadron Engine|[of] p2b: Miraidon\n|move|p1a: Lunala|Moongeist Beam|p2b: Miraidon\n|-damage|p2b: Miraidon|0 fnt\n|faint|p2b: Miraidon\n|move|p2a: Terapagos|Tera Starstorm|p1b: Exeggutor\n|-end|p1b: Exeggutor|Substitute\n|move|p1b: Exeggutor|Substitute|p1b: Exeggutor\n|-start|p1b: Exeggutor|Substitute\n|-damage|p1b: Exeggutor|50/100\n|\n|upkeep\n|\n|t:|1772220749\n|switch|p2b: Sinistcha|Sinistcha, L50|68/100\n|turn|7\n|\n|t:|1772220755\n|move|p2b: Sinistcha|Protect|p2b: Sinistcha\n|-singleturn|p2b: Sinistcha|Protect\n|move|p1a: Lunala|Moongeist Beam|p2b: Sinistcha\n|-activate|p2b: Sinistcha|move: Protect\n|move|p2a: Terapagos|Tera Starstorm|p1b: Exeggutor\n|-end|p1b: Exeggutor|Substitute\n|move|p1b: Exeggutor|Substitute|p1b: Exeggutor\n|-start|p1b: Exeggutor|Substitute\n|-damage|p1b: Exeggutor|25/100\n|-enditem|p1b: Exeggutor|Starf Berry|[eat]\n|-boost|p1b: Exeggutor|spa|2|[from] item: Starf Berry\n|\n|upkeep\n|turn|8\n|\n|t:|1772220773\n|move|p1a: Lunala|Moongeist Beam|p2b: Sinistcha\n|-supereffective|p2b: Sinistcha\n|-damage|p2b: Sinistcha|0 fnt\n|faint|p2b: Sinistcha\n|move|p2a: Terapagos|Tera Starstorm|p1b: Exeggutor\n|-end|p1b: Exeggutor|Substitute\n|move|p1b: Exeggutor|Giga Drain|p2a: Terapagos\n|-activate|p2a: Terapagos|ability: Tera Shell\n|-resisted|p2a: Terapagos\n|-damage|p2a: Terapagos|91/100\n|-heal|p1b: Exeggutor|30/100|[from] drain|[of] p2a: Terapagos\n|\n|-item|p1b: Exeggutor|Starf Berry|[from] ability: Harvest\n|upkeep\n|turn|9\n|\n|t:|1772220784\n|move|p1a: Lunala|Meteor Beam||[still]\n|-prepare|p1a: Lunala|Meteor Beam\n|-boost|p1a: Lunala|spa|1\n|-enditem|p1a: Lunala|Power Herb\n|-anim|p1a: Lunala|Meteor Beam|p2a: Terapagos\n|-damage|p2a: Terapagos|70/100\n|move|p2a: Terapagos|Tera Starstorm|p1b: Exeggutor\n|-damage|p1b: Exeggutor|0 fnt\n|faint|p1b: Exeggutor\n|\n|upkeep\n|turn|10\n|\n|t:|1772220798\n|move|p1a: Lunala|Meteor Beam||[still]\n|-prepare|p1a: Lunala|Meteor Beam\n|-boost|p1a: Lunala|spa|1\n|move|p2a: Terapagos|Earth Power|p1a: Lunala\n|-damage|p1a: Lunala|74/100\n|\n|-fieldend|move: Electric Terrain\n|upkeep\n|turn|11\n|\n|t:|1772220807\n|move|p2a: Terapagos|Protect|p2a: Terapagos\n|-singleturn|p2a: Terapagos|Protect\n|move|p1a: Lunala|Meteor Beam|p2a: Terapagos|[from] lockedmove\n|-activate|p2a: Terapagos|move: Protect\n|\n|upkeep\n|turn|12\n|\n|t:|1772220810\n|move|p1a: Lunala|Meteor Beam||[still]\n|-prepare|p1a: Lunala|Meteor Beam\n|-boost|p1a: Lunala|spa|1\n|move|p2a: Terapagos|Earth Power|p1a: Lunala\n|-damage|p1a: Lunala|18/100\n|\n|upkeep\n|turn|13\n|\n|t:|1772220814\n|move|p2a: Terapagos|Protect|p2a: Terapagos\n|-singleturn|p2a: Terapagos|Protect\n|move|p1a: Lunala|Meteor Beam|p2a: Terapagos|[from] lockedmove\n|-activate|p2a: Terapagos|move: Protect\n|\n|upkeep\n|turn|14\n|c|\u2606Jellibolt2|Gg\n|\n|t:|1772220819\n|move|p1a: Lunala|Meteor Beam||[still]\n|-prepare|p1a: Lunala|Meteor Beam\n|-boost|p1a: Lunala|spa|1\n|move|p2a: Terapagos|Earth Power|p1a: Lunala\n|-damage|p1a: Lunala|0 fnt\n|faint|p1a: Lunala\n|\n|win|partigiano jonny\n|raw|Jellibolt2's rating: 1356 &rarr; <strong>1336</strong><br />(-20 for losing)\n|raw|partigiano jonny's rating: 1360 &rarr; <strong>1380</strong><br />(+20 for winning)\n|l|\u2606Jellibolt2\n|player|p1|\n|c|\u2606partigiano jonny|gg\n|l|\u2606partigiano jonny\n|player|p2|\n","uploadtime":1772220819,"views":12,"formatid":"gen9vgc2026regi","rating":1336,"private":0,"password":null}