{"id":"gen9vgc2026regi-2555636180","format":"[Gen 9] VGC 2026 Reg I","players":["huanyu0.0","byebye showdown"],"log":"|j|\u2606huanyu0.0\n|j|\u2606byebye showdown\n|t:|1773111506\n|gametype|doubles\n|player|p1|huanyu0.0|2|1453\n|player|p2|byebye showdown|linebacker|1509\n|gen|9\n|tier|[Gen 9] VGC 2026 Reg I\n|rated|\n|rule|Species Clause: Limit one of each Pok\u00e9mon\n|rule|Item Clause: Limit 1 of each item\n|clearpoke\n|poke|p1|Calyrex-Shadow, L50|\n|poke|p1|Zamazenta-*, L50|\n|poke|p1|Smeargle, L50, F|\n|poke|p1|Tornadus, L50, M|\n|poke|p1|Rillaboom, L50, F|\n|poke|p1|Urshifu-*, L50, F|\n|poke|p2|Rillaboom, L50, F|\n|poke|p2|Whimsicott, L50, F|\n|poke|p2|Koraidon, L50|\n|poke|p2|Ogerpon-Cornerstone, L50, F|\n|poke|p2|Terapagos, L50, M|\n|poke|p2|Magmar, L50, M|\n|teampreview|4\n|inactive|Battle timer is ON: inactive players will automatically lose when time's up. (requested by huanyu0.0)\n|\n|t:|1773111576\n|teamsize|p1|4\n|teamsize|p2|4\n|start\n|switch|p1a: Tornadus|Tornadus, L50, M|100/100\n|switch|p1b: Zamazenta|Zamazenta-Crowned, L50|100/100\n|switch|p2a: Whimsicott|Whimsicott, L50, F|100/100\n|switch|p2b: PatoFuego|Magmar, L50, M|100/100\n|-ability|p1b: Zamazenta|Dauntless Shield|boost\n|-boost|p1b: Zamazenta|def|1\n|turn|1\n|\n|t:|1773111598\n|move|p2a: Whimsicott|Tailwind|p2a: Whimsicott\n|-sidestart|p2: byebye showdown|move: Tailwind\n|move|p2b: PatoFuego|Flamethrower|p1b: Zamazenta\n|-supereffective|p1b: Zamazenta\n|-damage|p1b: Zamazenta|59/100\n|move|p1b: Zamazenta|Body Press|p2b: PatoFuego\n|-damage|p2b: PatoFuego|35/100\n|move|p1a: Tornadus|Bleakwind Storm|p2a: Whimsicott|[spread] p2b\n|-miss|p1a: Tornadus|p2a: Whimsicott\n|-damage|p2b: PatoFuego|8/100\n|-unboost|p2b: PatoFuego|spe|1\n|\n|upkeep\n|turn|2\n|inactive|byebye showdown has 30 seconds left.\n|\n|t:|1773111634\n|-terastallize|p2a: Whimsicott|Ghost\n|move|p2a: Whimsicott|Encore|p1b: Zamazenta\n|-start|p1b: Zamazenta|Encore\n|move|p1b: Zamazenta|Body Press|p2a: Whimsicott\n|-immune|p2a: Whimsicott\n|move|p2b: PatoFuego|Flamethrower|p1b: Zamazenta\n|-supereffective|p1b: Zamazenta\n|-damage|p1b: Zamazenta|17/100\n|move|p1a: Tornadus|Bleakwind Storm|p2a: Whimsicott|[spread] p2a,p2b\n|-damage|p2a: Whimsicott|30/100\n|-damage|p2b: PatoFuego|0 fnt\n|faint|p2b: PatoFuego\n|\n|upkeep\n|\n|t:|1773111654\n|switch|p2b: Koraidon|Koraidon, L50|100/100\n|-weather|SunnyDay|[from] ability: Orichalcum Pulse|[of] p2b: Koraidon\n|-activate|p2b: Koraidon|Orichalcum Pulse|[source]\n|turn|3\n|\n|t:|1773111677\n|-terastallize|p1a: Tornadus|Dark\n|move|p2a: Whimsicott|Encore|p1a: Tornadus\n|-hint|Since gen 7, Dark is immune to Prankster moves.\n|-immune|p1a: Tornadus\n|move|p1a: Tornadus|Rain Dance|p1a: Tornadus\n|-weather|RainDance\n|move|p2b: Koraidon|Breaking Swipe|p1b: Zamazenta|[spread] p1a,p1b\n|-resisted|p1b: Zamazenta\n|-damage|p1a: Tornadus|69/100\n|-damage|p1b: Zamazenta|10/100\n|-unboost|p1a: Tornadus|atk|1\n|-unboost|p1b: Zamazenta|atk|1\n|-damage|p2b: Koraidon|91/100|[from] item: Life Orb\n|move|p1b: Zamazenta|Body Press|p2b: Koraidon\n|-damage|p2b: Koraidon|30/100\n|\n|-weather|RainDance|[upkeep]\n|upkeep\n|turn|4\n|\n|t:|1773111697\n|move|p1a: Tornadus|Tailwind|p1a: Tornadus\n|-sidestart|p1: huanyu0.0|move: Tailwind\n|move|p2b: Koraidon|Close Combat|p1a: Tornadus\n|-supereffective|p1a: Tornadus\n|-damage|p1a: Tornadus|0 fnt\n|-unboost|p2b: Koraidon|def|1\n|-unboost|p2b: Koraidon|spd|1\n|faint|p1a: Tornadus\n|-damage|p2b: Koraidon|20/100|[from] item: Life Orb\n|move|p2a: Whimsicott|Moonblast|p1b: Zamazenta\n|-damage|p1b: Zamazenta|0 fnt\n|faint|p1b: Zamazenta\n|\n|-weather|RainDance|[upkeep]\n|-sideend|p2: byebye showdown|move: Tailwind\n|upkeep\n|\n|t:|1773111710\n|switch|p1b: Calyrex|Calyrex-Shadow, L50|100/100\n|switch|p1a: Urshifu|Urshifu-Rapid-Strike, L50, F|100/100\n|-ability|p1b: Calyrex|As One\n|-ability|p1b: Calyrex|Unnerve\n|turn|5\n|\n|t:|1773111733\n|switch|p2b: Terapagos|Terapagos, L50, M|100/100\n|-activate|p2b: Terapagos|ability: Tera Shift\n|detailschange|p2b: Terapagos|Terapagos-Terastal, L50, M\n|-heal|p2b: Terapagos|100/100|[silent]\n|move|p2a: Whimsicott|Tailwind|p2a: Whimsicott\n|-sidestart|p2: byebye showdown|move: Tailwind\n|move|p1a: Urshifu|Close Combat|p2b: Terapagos\n|-activate|p2b: Terapagos|ability: Tera Shell\n|-resisted|p2b: Terapagos\n|-damage|p2b: Terapagos|77/100\n|-unboost|p1a: Urshifu|def|1\n|-unboost|p1a: Urshifu|spd|1\n|move|p1b: Calyrex|Astral Barrage|p2a: Whimsicott|[spread] p2a\n|-immune|p2b: Terapagos\n|-supereffective|p2a: Whimsicott\n|-damage|p2a: Whimsicott|0 fnt\n|faint|p2a: Whimsicott\n|-ability|p1b: Calyrex|Grim Neigh|boost\n|-boost|p1b: Calyrex|spa|1\n|-damage|p1b: Calyrex|91/100|[from] item: Life Orb\n|\n|-weather|RainDance|[upkeep]\n|-heal|p2b: Terapagos|83/100|[from] item: Leftovers\n|upkeep\n|\n|t:|1773111748\n|switch|p2a: Koraidon|Koraidon, L50|20/100\n|-weather|SunnyDay|[from] ability: Orichalcum Pulse|[of] p2a: Koraidon\n|-activate|p2a: Koraidon|Orichalcum Pulse|[source]\n|turn|6\n|inactive|byebye showdown has 30 seconds left.\n|\n|t:|1773111773\n|move|p1a: Urshifu|Close Combat|p2b: Terapagos\n|-supereffective|p2b: Terapagos\n|-damage|p2b: Terapagos|0 fnt\n|-unboost|p1a: Urshifu|def|1\n|-unboost|p1a: Urshifu|spd|1\n|faint|p2b: Terapagos\n|move|p1b: Calyrex|Astral Barrage|p2a: Koraidon\n|-damage|p2a: Koraidon|0 fnt\n|faint|p2a: Koraidon\n|-damage|p1b: Calyrex|82/100|[from] item: Life Orb\n|\n|win|huanyu0.0\n|raw|huanyu0.0's rating: 1453 &rarr; <strong>1476</strong><br />(+23 for winning)\n|raw|byebye showdown's rating: 1509 &rarr; <strong>1486</strong><br />(-23 for losing)\n|l|\u2606huanyu0.0\n|player|p1|\n|l|\u2606byebye showdown\n|player|p2|\n","uploadtime":1773111780,"views":15,"formatid":"gen9vgc2026regi","rating":1476,"private":0,"password":null}