{"id":"gen9vgc2026regi-2589747198","format":"[Gen 9] VGC 2026 Reg I","players":["ercabesinha","kekitokeko"],"log":"|j|\u2606ercabesinha\n|j|\u2606kekitokeko\n|t:|1776755048\n|gametype|doubles\n|player|p1|ercabesinha|hilbert|1334\n|player|p2|kekitokeko|dragontamer|1355\n|gen|9\n|tier|[Gen 9] VGC 2026 Reg I\n|rated|\n|rule|Species Clause: Limit one of each Pok\u00e9mon\n|rule|Item Clause: Limit 1 of each item\n|clearpoke\n|poke|p1|Ursaluna, L50, F|\n|poke|p1|Cresselia, L50, F|\n|poke|p1|Calyrex-Ice, L50|\n|poke|p1|Lunala, L50|\n|poke|p1|Incineroar, L50, M|\n|poke|p1|Rillaboom, L50, M|\n|poke|p2|Calyrex-Ice, L50|\n|poke|p2|Miraidon, L50|\n|poke|p2|Grimmsnarl, L50, M|\n|poke|p2|Urshifu-*, L50, M|\n|poke|p2|Incineroar, L50, M|\n|poke|p2|Landorus, L50, M|\n|teampreview|4\n|inactive|Battle timer is ON: inactive players will automatically lose when time's up. (requested by ercabesinha)\n|inactive|kekitokeko has 60 seconds left.\n|c|\u2606ercabesinha|<=========3\n|\n|t:|1776755081\n|teamsize|p1|4\n|teamsize|p2|4\n|start\n|switch|p1a: Calyrex|Calyrex-Ice, L50|100/100\n|switch|p1b: Lunala|Lunala, L50, shiny|100/100\n|switch|p2a: Grimmsnarl|Grimmsnarl, L50, M|100/100\n|switch|p2b: Miraidon|Miraidon, L50|100/100\n|-ability|p1a: Calyrex|As One\n|-ability|p1a: Calyrex|Unnerve\n|-fieldstart|move: Electric Terrain|[from] ability: Hadron Engine|[of] p2b: Miraidon\n|turn|1\n|c|\u2606ercabesinha|<=========3\n|inactive|ercabesinha has 30 seconds left.\n|inactive|kekitokeko has 30 seconds left.\n|inactive|kekitokeko has 20 seconds left.\n|\n|t:|1776755121\n|switch|p1a: Ursaluna|Ursaluna, L50, F, shiny|100/100\n|move|p2a: Grimmsnarl|Reflect|p2a: Grimmsnarl\n|-sidestart|p2: kekitokeko|Reflect\n|move|p2b: Miraidon|Volt Switch|p1a: Ursaluna\n|-immune|p1a: Ursaluna\n|move|p1b: Lunala|Trick Room|p1b: Lunala\n|-fieldstart|move: Trick Room|[of] p1b: Lunala\n|\n|-status|p1a: Ursaluna|brn|[from] item: Flame Orb\n|upkeep\n|turn|2\n|inactive|ercabesinha has 30 seconds left.\n|\n|t:|1776755148\n|-terastallize|p1a: Ursaluna|Ground\n|move|p2a: Grimmsnarl|Light Screen|p2a: Grimmsnarl\n|-sidestart|p2: kekitokeko|move: Light Screen\n|move|p1a: Ursaluna|Earthquake|p2a: Grimmsnarl|[spread] p1b,p2a,p2b\n|-supereffective|p2b: Miraidon\n|-damage|p1b: Lunala|65/100\n|-damage|p2a: Grimmsnarl|38/100\n|-damage|p2b: Miraidon|0 fnt\n|faint|p2b: Miraidon\n|move|p1b: Lunala|Meteor Beam||[still]\n|-prepare|p1b: Lunala|Meteor Beam\n|-boost|p1b: Lunala|spa|1\n|-enditem|p1b: Lunala|Power Herb\n|-anim|p1b: Lunala|Meteor Beam|p2a: Grimmsnarl|[miss]\n|-miss|p1b: Lunala|p2a: Grimmsnarl\n|\n|-damage|p1a: Ursaluna|95/100 brn|[from] brn\n|upkeep\n|\n|t:|1776755160\n|switch|p2b: Calyrex|Calyrex-Ice, L50|100/100\n|-ability|p2b: Calyrex|As One\n|-ability|p2b: Calyrex|Unnerve\n|turn|3\n|\n|t:|1776755177\n|move|p2b: Calyrex|Protect|p2b: Calyrex\n|-singleturn|p2b: Calyrex|Protect\n|move|p1b: Lunala|Wide Guard|p1b: Lunala\n|-singleturn|p1b: Lunala|Wide Guard\n|move|p1a: Ursaluna|Earthquake|p2a: Grimmsnarl|[spread] p2a\n|-activate|p1b: Lunala|move: Wide Guard\n|-activate|p2b: Calyrex|move: Protect\n|-damage|p2a: Grimmsnarl|0 fnt\n|faint|p2a: Grimmsnarl\n|\n|-damage|p1a: Ursaluna|89/100 brn|[from] brn\n|upkeep\n|\n|t:|1776755187\n|switch|p2a: Urshifu|Urshifu-Rapid-Strike, L50, M|100/100\n|turn|4\n|\n|t:|1776755205\n|move|p1a: Ursaluna|Facade|p2a: Urshifu\n|-damage|p2a: Urshifu|17/100\n|move|p2b: Calyrex|Leech Seed|p1b: Lunala\n|-start|p1b: Lunala|move: Leech Seed\n|move|p1b: Lunala|Moongeist Beam|p2b: Calyrex\n|-supereffective|p2b: Calyrex\n|-damage|p2b: Calyrex|31/100\n|move|p2a: Urshifu|Surging Strikes|p1a: Ursaluna\n|-supereffective|p1a: Ursaluna\n|-crit|p1a: Ursaluna\n|-damage|p1a: Ursaluna|40/100 brn\n|-supereffective|p1a: Ursaluna\n|-crit|p1a: Ursaluna\n|-damage|p1a: Ursaluna|0 fnt\n|faint|p1a: Ursaluna\n|-hitcount|p1: Ursaluna|2\n|\n|-heal|p2b: Calyrex|37/100|[from] item: Leftovers\n|-damage|p1b: Lunala|53/100|[from] Leech Seed|[of] p2b: Calyrex\n|-heal|p2b: Calyrex|51/100|[silent]\n|upkeep\n|\n|t:|1776755220\n|switch|p1a: Calyrex|Calyrex-Ice, L50|100/100\n|-ability|p1a: Calyrex|As One\n|-ability|p1a: Calyrex|Unnerve\n|turn|5\n|\n|t:|1776755236\n|-terastallize|p2b: Calyrex|Water\n|move|p1a: Calyrex|Glacial Lance|p2b: Calyrex|[spread] p2a,p2b\n|-resisted|p2a: Urshifu\n|-crit|p2a: Urshifu\n|-resisted|p2b: Calyrex\n|-damage|p2a: Urshifu|0 fnt\n|-damage|p2b: Calyrex|39/100\n|faint|p2a: Urshifu\n|-ability|p1a: Calyrex|Chilling Neigh|boost\n|-boost|p1a: Calyrex|atk|1\n|move|p2b: Calyrex|Leech Seed|p1a: Calyrex\n|-start|p1a: Calyrex|move: Leech Seed\n|move|p1b: Lunala|Moongeist Beam|p2b: Calyrex\n|-damage|p2b: Calyrex|7/100\n|\n|-heal|p2b: Calyrex|13/100|[from] item: Leftovers\n|-damage|p1a: Calyrex|88/100|[from] Leech Seed|[of] p2b: Calyrex\n|-heal|p2b: Calyrex|25/100|[silent]\n|-damage|p1b: Lunala|41/100|[from] Leech Seed|[of] p2b: Calyrex\n|-heal|p2b: Calyrex|39/100|[silent]\n|-fieldend|move: Trick Room\n|-fieldend|move: Electric Terrain\n|upkeep\n|turn|6\n|\n|t:|1776755262\n|move|p2b: Calyrex|Protect|p2b: Calyrex\n|-singleturn|p2b: Calyrex|Protect\n|move|p1b: Lunala|Moongeist Beam|p2b: Calyrex\n|-activate|p2b: Calyrex|move: Protect\n|move|p1a: Calyrex|Glacial Lance|p2b: Calyrex\n|-activate|p2b: Calyrex|move: Protect\n|\n|-heal|p2b: Calyrex|45/100|[from] item: Leftovers\n|-damage|p1b: Lunala|28/100|[from] Leech Seed|[of] p2b: Calyrex\n|-heal|p2b: Calyrex|59/100|[silent]\n|-damage|p1a: Calyrex|76/100|[from] Leech Seed|[of] p2b: Calyrex\n|-heal|p2b: Calyrex|72/100|[silent]\n|upkeep\n|turn|7\n|\n|t:|1776755280\n|move|p1b: Lunala|Wide Guard|p1b: Lunala\n|-singleturn|p1b: Lunala|Wide Guard\n|move|p2b: Calyrex|Glacial Lance|p1a: Calyrex|[spread] \n|-activate|p1a: Calyrex|move: Wide Guard\n|-activate|p1b: Lunala|move: Wide Guard\n|move|p1a: Calyrex|High Horsepower|p2b: Calyrex\n|-damage|p2b: Calyrex|43/100\n|\n|-heal|p2b: Calyrex|49/100|[from] item: Leftovers\n|-damage|p1b: Lunala|16/100|[from] Leech Seed|[of] p2b: Calyrex\n|-heal|p2b: Calyrex|63/100|[silent]\n|-damage|p1a: Calyrex|64/100|[from] Leech Seed|[of] p2b: Calyrex\n|-heal|p2b: Calyrex|75/100|[silent]\n|upkeep\n|turn|8\n|\n|t:|1776755300\n|switch|p1b: Cresselia|Cresselia, L50, F, shiny|100/100\n|move|p2b: Calyrex|Glacial Lance|p1b: Cresselia|[spread] p1a,p1b\n|-resisted|p1a: Calyrex\n|-damage|p1a: Calyrex|49/100\n|-damage|p1b: Cresselia|64/100\n|move|p1a: Calyrex|Glacial Lance|p2b: Calyrex\n|-resisted|p2b: Calyrex\n|-damage|p2b: Calyrex|50/100\n|\n|-heal|p2b: Calyrex|56/100|[from] item: Leftovers\n|-damage|p1a: Calyrex|37/100|[from] Leech Seed|[of] p2b: Calyrex\n|-heal|p2b: Calyrex|68/100|[silent]\n|-sideend|p2: kekitokeko|Reflect\n|upkeep\n|turn|9\n|inactive|ercabesinha has 30 seconds left.\n|\n|t:|1776755329\n|move|p1b: Cresselia|Ally Switch|p1b: Cresselia\n|swap|p1b: Cresselia|0|[from] move: Ally Switch\n|move|p2b: Calyrex|Leech Seed||[still]\n|-fail|p2b: Calyrex\n|move|p1b: Calyrex|Trick Room|p1b: Calyrex\n|-fieldstart|move: Trick Room|[of] p1b: Calyrex\n|\n|-heal|p2b: Calyrex|74/100|[from] item: Leftovers\n|-damage|p1b: Calyrex|25/100|[from] Leech Seed|[of] p2b: Calyrex\n|-heal|p2b: Calyrex|86/100|[silent]\n|-sideend|p2: kekitokeko|move: Light Screen\n|upkeep\n|turn|10\n|\n|t:|1776755341\n|move|p2b: Calyrex|Protect|p2b: Calyrex\n|-singleturn|p2b: Calyrex|Protect\n|move|p1b: Calyrex|Glacial Lance|p2b: Calyrex\n|-activate|p2b: Calyrex|move: Protect\n|move|p1a: Cresselia|Lunar Blessing|p1a: Cresselia|[spread] p1a,p1b\n|-heal|p1a: Cresselia|89/100\n|-heal|p1b: Calyrex|50/100\n|\n|-heal|p2b: Calyrex|92/100|[from] item: Leftovers\n|-damage|p1b: Calyrex|38/100|[from] Leech Seed|[of] p2b: Calyrex\n|-heal|p2b: Calyrex|100/100|[silent]\n|upkeep\n|turn|11\n|\n|t:|1776755352\n|move|p1b: Calyrex|Protect|p1b: Calyrex\n|-singleturn|p1b: Calyrex|Protect\n|move|p2b: Calyrex|Leech Seed|p1a: Cresselia|[miss]\n|-miss|p2b: Calyrex|p1a: Cresselia\n|move|p1a: Cresselia|Lunar Blessing|p1a: Cresselia|[spread] p1a,p1b\n|-heal|p1a: Cresselia|100/100\n|-heal|p1b: Calyrex|63/100\n|\n|-damage|p1b: Calyrex|51/100|[from] Leech Seed|[of] p2b: Calyrex\n|upkeep\n|turn|12\n|\n|t:|1776755365\n|move|p1a: Cresselia|Helping Hand|p1b: Calyrex\n|-singleturn|p1b: Calyrex|Helping Hand|[of] p1a: Cresselia\n|move|p1b: Calyrex|Glacial Lance|p2b: Calyrex\n|-resisted|p2b: Calyrex\n|-damage|p2b: Calyrex|43/100\n|move|p2b: Calyrex|Leech Seed|p1a: Cresselia\n|-start|p1a: Cresselia|move: Leech Seed\n|\n|-heal|p2b: Calyrex|48/100|[from] item: Leftovers\n|-damage|p1b: Calyrex|39/100|[from] Leech Seed|[of] p2b: Calyrex\n|-heal|p2b: Calyrex|60/100|[silent]\n|-damage|p1a: Cresselia|88/100|[from] Leech Seed|[of] p2b: Calyrex\n|-heal|p2b: Calyrex|74/100|[silent]\n|upkeep\n|turn|13\n|\n|t:|1776755377\n|move|p1a: Cresselia|Helping Hand|p1b: Calyrex\n|-singleturn|p1b: Calyrex|Helping Hand|[of] p1a: Cresselia\n|move|p2b: Calyrex|Protect|p2b: Calyrex\n|-singleturn|p2b: Calyrex|Protect\n|move|p1b: Calyrex|Glacial Lance|p2b: Calyrex\n|-activate|p2b: Calyrex|move: Protect\n|\n|-heal|p2b: Calyrex|80/100|[from] item: Leftovers\n|-damage|p1b: Calyrex|27/100|[from] Leech Seed|[of] p2b: Calyrex\n|-heal|p2b: Calyrex|92/100|[silent]\n|-damage|p1a: Cresselia|76/100|[from] Leech Seed|[of] p2b: Calyrex\n|-heal|p2b: Calyrex|100/100|[silent]\n|-fieldend|move: Trick Room\n|upkeep\n|turn|14\n|\n|t:|1776755390\n|move|p1b: Calyrex|Protect|p1b: Calyrex\n|-singleturn|p1b: Calyrex|Protect\n|move|p1a: Cresselia|Lunar Blessing|p1a: Cresselia|[spread] p1a,p1b\n|-heal|p1a: Cresselia|100/100\n|-heal|p1b: Calyrex|52/100\n|move|p2b: Calyrex|Glacial Lance|p1b: Calyrex|[spread] p1a\n|-activate|p1b: Calyrex|move: Protect\n|-damage|p1a: Cresselia|66/100\n|\n|-damage|p1a: Cresselia|53/100|[from] Leech Seed|[of] p2b: Calyrex\n|-damage|p1b: Calyrex|40/100|[from] Leech Seed|[of] p2b: Calyrex\n|upkeep\n|turn|15\n|inactive|ercabesinha has 30 seconds left.\n|\n|t:|1776755416\n|move|p1a: Cresselia|Lunar Blessing|p1a: Cresselia|[spread] p1a,p1b\n|-heal|p1a: Cresselia|78/100\n|-heal|p1b: Calyrex|65/100\n|move|p2b: Calyrex|Glacial Lance|p1a: Cresselia|[spread] p1a,p1b\n|-resisted|p1b: Calyrex\n|-damage|p1a: Cresselia|45/100\n|-damage|p1b: Calyrex|48/100\n|move|p1b: Calyrex|Trick Room|p1b: Calyrex\n|-fieldstart|move: Trick Room|[of] p1b: Calyrex\n|\n|-damage|p1b: Calyrex|36/100|[from] Leech Seed|[of] p2b: Calyrex\n|-damage|p1a: Cresselia|33/100|[from] Leech Seed|[of] p2b: Calyrex\n|upkeep\n|turn|16\n|\n|t:|1776755439\n|move|p1b: Calyrex|Protect|p1b: Calyrex\n|-singleturn|p1b: Calyrex|Protect\n|move|p2b: Calyrex|Glacial Lance|p1b: Calyrex|[spread] p1a\n|-activate|p1b: Calyrex|move: Protect\n|-damage|p1a: Cresselia|0 fnt\n|faint|p1a: Cresselia\n|-ability|p2b: Calyrex|Chilling Neigh|boost\n|-boost|p2b: Calyrex|atk|1\n|\n|-damage|p1b: Calyrex|24/100|[from] Leech Seed|[of] p2b: Calyrex\n|upkeep\n|\n|t:|1776755449\n|switch|p1a: Lunala|Lunala, L50, shiny|16/100\n|turn|17\n|\n|t:|1776755456\n|move|p1a: Lunala|Wide Guard|p1a: Lunala\n|-singleturn|p1a: Lunala|Wide Guard\n|move|p1b: Calyrex|Glacial Lance|p2b: Calyrex\n|-resisted|p2b: Calyrex\n|-damage|p2b: Calyrex|62/100\n|move|p2b: Calyrex|Leech Seed|p1a: Lunala\n|-start|p1a: Lunala|move: Leech Seed\n|\n|-heal|p2b: Calyrex|68/100|[from] item: Leftovers\n|-damage|p1b: Calyrex|12/100|[from] Leech Seed|[of] p2b: Calyrex\n|-heal|p2b: Calyrex|80/100|[silent]\n|-damage|p1a: Lunala|4/100|[from] Leech Seed|[of] p2b: Calyrex\n|-heal|p2b: Calyrex|95/100|[silent]\n|upkeep\n|turn|18\n|\n|t:|1776755472\n|move|p2b: Calyrex|Protect|p2b: Calyrex\n|-singleturn|p2b: Calyrex|Protect\n|move|p1b: Calyrex|Glacial Lance|p2b: Calyrex\n|-activate|p2b: Calyrex|move: Protect\n|move|p1a: Lunala|Moongeist Beam|p2b: Calyrex\n|-activate|p2b: Calyrex|move: Protect\n|\n|-heal|p2b: Calyrex|100/100|[from] item: Leftovers\n|-damage|p1b: Calyrex|0 fnt|[from] Leech Seed|[of] p2b: Calyrex\n|faint|p1b: Calyrex\n|-damage|p1a: Lunala|0 fnt|[from] Leech Seed|[of] p2b: Calyrex\n|faint|p1a: Lunala\n|\n|win|kekitokeko\n|raw|ercabesinha's rating: 1334 &rarr; <strong>1315</strong><br />(-19 for losing)\n|raw|kekitokeko's rating: 1355 &rarr; <strong>1374</strong><br />(+19 for winning)\n|l|\u2606kekitokeko\n|player|p2|\n|l|\u2606ercabesinha\n|player|p1|\n","uploadtime":1776755687,"views":7,"formatid":"gen9vgc2026regi","rating":1315,"private":0,"password":null}