{"id":"gen9vgc2026regi-2529995080","format":"[Gen 9] VGC 2026 Reg I","players":["blackred123","ky123456"],"log":"|j|\u2606blackred123\n|j|\u2606ky123456\n|t:|1769860695\n|gametype|doubles\n|player|p1|blackred123|iono-masters|1458\n|player|p2|ky123456|cynthia-gen4|1547\n|gen|9\n|tier|[Gen 9] VGC 2026 Reg I\n|rated|\n|rule|Species Clause: Limit one of each Pok\u00e9mon\n|rule|Item Clause: Limit 1 of each item\n|clearpoke\n|poke|p1|Calyrex-Shadow, L50|\n|poke|p1|Annihilape, L50, F|\n|poke|p1|Zamazenta-*, L50|\n|poke|p1|Tornadus, L50, M|\n|poke|p1|Rillaboom, L50, F|\n|poke|p1|Amoonguss, L50, F|\n|poke|p2|Calyrex-Shadow, L50|\n|poke|p2|Zamazenta-*, L50|\n|poke|p2|Roaring Moon, L50|\n|poke|p2|Maushold, L50|\n|poke|p2|Weezing, L50, M|\n|poke|p2|Amoonguss, L50, M|\n|teampreview|4\n|inactive|Battle timer is ON: inactive players will automatically lose when time's up. (requested by blackred123)\n|inactive|ky123456 has 60 seconds left.\n|\n|t:|1769860729\n|teamsize|p1|4\n|teamsize|p2|4\n|start\n|switch|p1a: \u7334|Annihilape, L50, F|100/100\n|switch|p1b: \u53cd\u6d3e\u91d1\u8c6a|Tornadus, L50, M|100/100\n|switch|p2a: Zamazenta|Zamazenta-Crowned, L50|100/100\n|switch|p2b: Roaring Moon|Roaring Moon, L50|100/100\n|-ability|p2a: Zamazenta|Dauntless Shield|boost\n|-boost|p2a: Zamazenta|def|1\n|-enditem|p2b: Roaring Moon|Booster Energy\n|-activate|p2b: Roaring Moon|ability: Protosynthesis|[fromitem]\n|-start|p2b: Roaring Moon|protosynthesisspe\n|turn|1\n|\n|t:|1769860747\n|move|p1b: \u53cd\u6d3e\u91d1\u8c6a|Tailwind|p1b: \u53cd\u6d3e\u91d1\u8c6a\n|-sidestart|p1: blackred123|move: Tailwind\n|move|p1a: \u7334|Final Gambit|p2b: Roaring Moon\n|-damage|p2b: Roaring Moon|0 fnt\n|faint|p1a: \u7334\n|faint|p2b: Roaring Moon\n|-end|p2b: Roaring Moon|Protosynthesis|[silent]\n|move|p2a: Zamazenta|Heavy Slam|p1b: \u53cd\u6d3e\u91d1\u8c6a\n|-damage|p1b: \u53cd\u6d3e\u91d1\u8c6a|49/100\n|\n|upkeep\n|\n|t:|1769860757\n|switch|p2b: Amoonguss|Amoonguss, L50, M|100/100\n|switch|p1a: \u4e8c\u72d7|Zamazenta-Crowned, L50|100/100\n|-ability|p1a: \u4e8c\u72d7|Dauntless Shield|boost\n|-boost|p1a: \u4e8c\u72d7|def|1\n|turn|2\n|\n|t:|1769860770\n|-terastallize|p1a: \u4e8c\u72d7|Grass\n|-terastallize|p2a: Zamazenta|Dragon\n|move|p1b: \u53cd\u6d3e\u91d1\u8c6a|Taunt|p2b: Amoonguss\n|-start|p2b: Amoonguss|move: Taunt\n|-enditem|p2b: Amoonguss|Mental Herb\n|-end|p2b: Amoonguss|move: Taunt\n|move|p1a: \u4e8c\u72d7|Body Press|p2a: Zamazenta\n|-damage|p2a: Zamazenta|77/100\n|move|p2a: Zamazenta|Imprison|p2a: Zamazenta\n|-start|p2a: Zamazenta|move: Imprison\n|move|p2b: Amoonguss|Spore|p1b: \u53cd\u6d3e\u91d1\u8c6a\n|-status|p1b: \u53cd\u6d3e\u91d1\u8c6a|slp|[from] move: Spore\n|\n|upkeep\n|turn|3\n|inactive|blackred123 has 30 seconds left.\n|\n|t:|1769860795\n|switch|p1b: \u5927\u9a6c|Calyrex-Shadow, L50|100/100\n|-ability|p1b: \u5927\u9a6c|As One\n|-ability|p1b: \u5927\u9a6c|Unnerve\n|move|p1a: \u4e8c\u72d7|Protect|p1a: \u4e8c\u72d7\n|-singleturn|p1a: \u4e8c\u72d7|Protect\n|move|p2a: Zamazenta|Heavy Slam|p1b: \u5927\u9a6c\n|-damage|p1b: \u5927\u9a6c|43/100\n|move|p2b: Amoonguss|Pollen Puff|p2a: Zamazenta\n|-heal|p2a: Zamazenta|100/100\n|\n|upkeep\n|turn|4\n|\n|t:|1769860812\n|move|p1a: \u4e8c\u72d7|Protect|p1a: \u4e8c\u72d7\n|-singleturn|p1a: \u4e8c\u72d7|Protect\n|move|p1b: \u5927\u9a6c|Psychic|p2b: Amoonguss\n|-supereffective|p2b: Amoonguss\n|-damage|p2b: Amoonguss|0 fnt\n|faint|p2b: Amoonguss\n|-ability|p1b: \u5927\u9a6c|Grim Neigh|boost\n|-boost|p1b: \u5927\u9a6c|spa|1\n|move|p2a: Zamazenta|Heavy Slam|p1b: \u5927\u9a6c\n|-damage|p1b: \u5927\u9a6c|0 fnt\n|faint|p1b: \u5927\u9a6c\n|\n|-sideend|p1: blackred123|move: Tailwind\n|upkeep\n|\n|t:|1769860823\n|switch|p1b: \u53cd\u6d3e\u91d1\u8c6a|Tornadus, L50, M|49/100 slp\n|switch|p2b: Calyrex|Calyrex-Shadow, L50|100/100\n|-ability|p2b: Calyrex|As One\n|-ability|p2b: Calyrex|Unnerve\n|turn|5\n|\n|t:|1769860830\n|move|p1a: \u4e8c\u72d7|Protect||[still]\n|-fail|p1a: \u4e8c\u72d7\n|move|p2b: Calyrex|Astral Barrage|p1a: \u4e8c\u72d7|[spread] p1a,p1b\n|-damage|p1a: \u4e8c\u72d7|42/100\n|-damage|p1b: \u53cd\u6d3e\u91d1\u8c6a|0 fnt\n|faint|p1b: \u53cd\u6d3e\u91d1\u8c6a\n|-ability|p2b: Calyrex|Grim Neigh|boost\n|-boost|p2b: Calyrex|spa|1\n|move|p2a: Zamazenta|Heavy Slam|p1a: \u4e8c\u72d7\n|-damage|p1a: \u4e8c\u72d7|35/100\n|\n|upkeep\n|turn|6\n|-message|blackred123 forfeited.\n|\n|win|ky123456\n|raw|blackred123's rating: 1458 &rarr; <strong>1443</strong><br />(-15 for losing)\n|raw|ky123456's rating: 1547 &rarr; <strong>1562</strong><br />(+15 for winning)\n|l|\u2606blackred123\n|player|p1|\n|l|\u2606ky123456\n|player|p2|\n","uploadtime":1769860995,"views":17,"formatid":"gen9vgc2026regi","rating":1443,"private":0,"password":null}