{"id":"gen9vgc2026regi-2560291707","format":"[Gen 9] VGC 2026 Reg I","players":["Abarr56","jonen"],"log":"|j|\u2606Abarr56\n|j|\u2606jonen\n|t:|1773674464\n|gametype|doubles\n|player|p1|Abarr56|lucas-gen4pt|1065\n|player|p2|jonen|medium|1125\n|gen|9\n|tier|[Gen 9] VGC 2026 Reg I\n|rated|\n|rule|Species Clause: Limit one of each Pok\u00e9mon\n|rule|Item Clause: Limit 1 of each item\n|clearpoke\n|poke|p1|Whimsicott, L50, M|\n|poke|p1|Urshifu-*, L50, F|\n|poke|p1|Miraidon, L50|\n|poke|p1|Farigiraf, L50, M|\n|poke|p1|Ursaluna, L50, F|\n|poke|p1|Kyogre, L50|\n|poke|p2|Sneasler, L50, M|\n|poke|p2|Ditto, L50|\n|poke|p2|Calyrex-Ice, L50|\n|poke|p2|Miraidon, L50|\n|poke|p2|Urshifu-*, L50, F|\n|poke|p2|Incineroar, L50, F|\n|teampreview|4\n|inactive|Battle timer is ON: inactive players will automatically lose when time's up. (requested by Abarr56)\n|inactive|jonen has 60 seconds left.\n|\n|t:|1773674525\n|teamsize|p1|4\n|teamsize|p2|4\n|start\n|switch|p1a: Whimsicott|Whimsicott, L50, M|100/100\n|switch|p1b: Farigiraf|Farigiraf, L50, M|100/100\n|switch|p2a: Calyrex|Calyrex-Ice, L50|100/100\n|switch|p2b: Miraidon|Miraidon, L50|100/100\n|-ability|p2a: Calyrex|As One\n|-ability|p2a: Calyrex|Unnerve\n|-fieldstart|move: Electric Terrain|[from] ability: Hadron Engine|[of] p2b: Miraidon\n|turn|1\n|inactive|Abarr56 has 30 seconds left.\n|\n|t:|1773674553\n|move|p1b: Farigiraf|Protect|p1b: Farigiraf\n|-singleturn|p1b: Farigiraf|Protect\n|move|p1a: Whimsicott|Tailwind|p1a: Whimsicott\n|-sidestart|p1: Abarr56|move: Tailwind\n|move|p2b: Miraidon|Volt Switch|p1b: Farigiraf\n|-activate|p1b: Farigiraf|move: Protect\n|move|p2a: Calyrex|Glacial Lance|p1b: Farigiraf|[spread] p1a\n|-activate|p1b: Farigiraf|move: Protect\n|-supereffective|p1a: Whimsicott\n|-enditem|p1a: Whimsicott|Focus Sash\n|-damage|p1a: Whimsicott|1/100\n|\n|upkeep\n|turn|2\n|\n|t:|1773674575\n|move|p1a: Whimsicott|Endeavor|p2a: Calyrex\n|-damage|p2a: Calyrex|1/100\n|move|p2b: Miraidon|Volt Switch|p1a: Whimsicott\n|-resisted|p1a: Whimsicott\n|-damage|p1a: Whimsicott|0 fnt\n|faint|p1a: Whimsicott\n|-damage|p2b: Miraidon|91/100|[from] item: Life Orb\n|\n|t:|1773674581\n|switch|p2b: Incineroar|Incineroar, L50, F|100/100|[from] Volt Switch\n|-ability|p2b: Incineroar|Intimidate|boost\n|-unboost|p1b: Farigiraf|atk|1\n|move|p1b: Farigiraf|Psychic|p2a: Calyrex\n|-resisted|p2a: Calyrex\n|-damage|p2a: Calyrex|0 fnt\n|faint|p2a: Calyrex\n|\n|upkeep\n|\n|t:|1773674594\n|switch|p1a: Ursaluna|Ursaluna, L50, F|100/100\n|switch|p2a: Urshifu|Urshifu-Rapid-Strike, L50, F|100/100\n|turn|3\n|\n|t:|1773674611\n|-terastallize|p1a: Ursaluna|Grass\n|-terastallize|p2b: Incineroar|Bug\n|move|p1a: Ursaluna|Protect|p1a: Ursaluna\n|-singleturn|p1a: Ursaluna|Protect\n|move|p2a: Urshifu|Surging Strikes|p1a: Ursaluna\n|-resisted|p1a: Ursaluna\n|-crit|p1a: Ursaluna\n|-damage|p1a: Ursaluna|92/100\n|-resisted|p1a: Ursaluna\n|-crit|p1a: Ursaluna\n|-damage|p1a: Ursaluna|84/100\n|-resisted|p1a: Ursaluna\n|-crit|p1a: Ursaluna\n|-damage|p1a: Ursaluna|76/100\n|-hitcount|p1a: Ursaluna|3\n|move|p2b: Incineroar|Knock Off|p1b: Farigiraf\n|-supereffective|p1b: Farigiraf\n|-damage|p1b: Farigiraf|34/100\n|-enditem|p1b: Farigiraf|Mental Herb|[from] move: Knock Off|[of] p2b: Incineroar\n|move|p1b: Farigiraf|Trick Room|p1b: Farigiraf\n|-fieldstart|move: Trick Room|[of] p1b: Farigiraf\n|\n|-status|p1a: Ursaluna|brn|[from] item: Flame Orb\n|upkeep\n|turn|4\n|inactive|Abarr56 has 30 seconds left.\n|\n|t:|1773674638\n|move|p2b: Incineroar|Flare Blitz|p1a: Ursaluna\n|-supereffective|p1a: Ursaluna\n|-damage|p1a: Ursaluna|4/100 brn\n|-damage|p2b: Incineroar|72/100|[from] Recoil\n|move|p1a: Ursaluna|Facade|p2b: Incineroar\n|-damage|p2b: Incineroar|0 fnt\n|faint|p2b: Incineroar\n|move|p1b: Farigiraf|Psychic|p2a: Urshifu\n|-supereffective|p2a: Urshifu\n|-enditem|p2a: Urshifu|Focus Sash\n|-damage|p2a: Urshifu|1/100\n|move|p2a: Urshifu|Close Combat|p1a: Ursaluna\n|-damage|p1a: Ursaluna|0 fnt\n|-unboost|p2a: Urshifu|def|1\n|-unboost|p2a: Urshifu|spd|1\n|faint|p1a: Ursaluna\n|\n|-sideend|p1: Abarr56|move: Tailwind\n|upkeep\n|\n|t:|1773674657\n|switch|p1a: Urshifu|Urshifu, L50, F|100/100\n|switch|p2b: Miraidon|Miraidon, L50|91/100\n|-activate|p2b: Miraidon|ability: Hadron Engine\n|turn|5\n|\n|t:|1773674676\n|move|p2a: Urshifu|Detect|p2a: Urshifu\n|-singleturn|p2a: Urshifu|Protect\n|move|p1a: Urshifu|Sucker Punch|p2b: Miraidon\n|-damage|p2b: Miraidon|56/100\n|move|p1b: Farigiraf|Psychic|p2a: Urshifu\n|-activate|p2a: Urshifu|move: Protect\n|move|p2b: Miraidon|Electro Drift|p1b: Farigiraf\n|-damage|p1b: Farigiraf|0 fnt\n|faint|p1b: Farigiraf\n|-damage|p2b: Miraidon|46/100|[from] item: Life Orb\n|\n|-fieldend|move: Electric Terrain\n|upkeep\n|turn|6\n|\n|t:|1773674696\n|move|p1a: Urshifu|Sucker Punch|p2a: Urshifu\n|-resisted|p2a: Urshifu\n|-damage|p2a: Urshifu|0 fnt\n|faint|p2a: Urshifu\n|move|p2b: Miraidon|Draco Meteor|p1a: Urshifu\n|-damage|p1a: Urshifu|0 fnt\n|-unboost|p2b: Miraidon|spa|2\n|faint|p1a: Urshifu\n|-damage|p2b: Miraidon|36/100|[from] item: Life Orb\n|\n|win|jonen\n|raw|Abarr56's rating: 1065 &rarr; <strong>1049</strong><br />(-16 for losing)\n|raw|jonen's rating: 1125 &rarr; <strong>1146</strong><br />(+21 for winning)\n","uploadtime":1773674697,"views":13,"formatid":"gen9vgc2026regi","rating":1049,"private":0,"password":null}