{"id":"gen9vgc2026regi-2561143273","format":"[Gen 9] VGC 2026 Reg I","players":["Slackermaru","FireYeti07"],"log":"|j|\u2606Slackermaru\n|j|\u2606FireYeti07\n|t:|1773768233\n|gametype|doubles\n|player|p1|Slackermaru|workerice|1542\n|player|p2|FireYeti07|170|1470\n|gen|9\n|tier|[Gen 9] VGC 2026 Reg I\n|rated|\n|rule|Species Clause: Limit one of each Pok\u00e9mon\n|rule|Item Clause: Limit 1 of each item\n|clearpoke\n|poke|p1|Calyrex-Ice, L50|\n|poke|p1|Miraidon, L50|\n|poke|p1|Incineroar, L50, M|\n|poke|p1|Amoonguss, L50, F|\n|poke|p1|Urshifu-*, L50, F|\n|poke|p1|Landorus, L50, M|\n|poke|p2|Kyogre, L50|\n|poke|p2|Zacian-*, L50|\n|poke|p2|Raichu, L50, M|\n|poke|p2|Chien-Pao, L50|\n|poke|p2|Farigiraf, L50, F|\n|poke|p2|Whimsicott, L50, M|\n|teampreview|4\n|inactive|Battle timer is ON: inactive players will automatically lose when time's up. (requested by FireYeti07)\n|inactive|Slackermaru has 60 seconds left.\n|\n|t:|1773768265\n|teamsize|p1|4\n|teamsize|p2|4\n|start\n|switch|p1a: Calyrex|Calyrex-Ice, L50|100/100\n|switch|p1b: Miraidon|Miraidon, L50|100/100\n|switch|p2a: Kevin|Kyogre, L50|100/100\n|switch|p2b: Richard|Raichu, L50, M|100/100\n|-ability|p1a: Calyrex|As One\n|-ability|p1a: Calyrex|Unnerve\n|-fieldstart|move: Electric Terrain|[from] ability: Hadron Engine|[of] p1b: Miraidon\n|-weather|RainDance|[from] ability: Drizzle|[of] p2a: Kevin\n|turn|1\n|\n|t:|1773768280\n|move|p1a: Calyrex|Protect|p1a: Calyrex\n|-singleturn|p1a: Calyrex|Protect\n|move|p2b: Richard|Fake Out|p1a: Calyrex\n|-activate|p1a: Calyrex|move: Protect\n|move|p1b: Miraidon|Snarl|p2a: Kevin|[spread] p2a,p2b\n|-crit|p2a: Kevin\n|-damage|p2a: Kevin|78/100\n|-damage|p2b: Richard|80/100\n|-unboost|p2a: Kevin|spa|1\n|-unboost|p2b: Richard|spa|1\n|move|p2a: Kevin|Origin Pulse|p1a: Calyrex|[spread] p1b\n|-activate|p1a: Calyrex|move: Protect\n|-resisted|p1b: Miraidon\n|-damage|p1b: Miraidon|78/100\n|\n|-weather|RainDance|[upkeep]\n|upkeep\n|turn|2\n|\n|t:|1773768301\n|move|p2a: Kevin|Protect|p2a: Kevin\n|-singleturn|p2a: Kevin|Protect\n|move|p1b: Miraidon|Snarl|p2a: Kevin|[spread] p2b\n|-activate|p2a: Kevin|move: Protect\n|-damage|p2b: Richard|59/100\n|-unboost|p2b: Richard|spa|1\n|move|p2b: Richard|Volt Switch|p1a: Calyrex\n|-damage|p1a: Calyrex|90/100\n|\n|t:|1773768307\n|switch|p2b: Sword dog|Zacian-Crowned, L50, shiny|100/100|[from] Volt Switch\n|-ability|p2b: Sword dog|Intrepid Sword|boost\n|-boost|p2b: Sword dog|atk|1\n|move|p1a: Calyrex|Trick Room|p1a: Calyrex\n|-fieldstart|move: Trick Room|[of] p1a: Calyrex\n|\n|-weather|RainDance|[upkeep]\n|upkeep\n|turn|3\n|\n|t:|1773768325\n|switch|p1b: Amoonguss|Amoonguss, L50, F, shiny|100/100\n|move|p1a: Calyrex|Protect|p1a: Calyrex\n|-singleturn|p1a: Calyrex|Protect\n|move|p2a: Kevin|Ice Beam|p1b: Amoonguss\n|-supereffective|p1b: Amoonguss\n|-damage|p1b: Amoonguss|56/100\n|move|p2b: Sword dog|Behemoth Blade|p1a: Calyrex\n|-activate|p1a: Calyrex|move: Protect\n|\n|-weather|RainDance|[upkeep]\n|upkeep\n|turn|4\n|\n|t:|1773768338\n|move|p1b: Amoonguss|Rage Powder|p1b: Amoonguss\n|-singleturn|p1b: Amoonguss|move: Rage Powder\n|move|p1a: Calyrex|Glacial Lance|p2a: Kevin|[spread] p2a,p2b\n|-resisted|p2a: Kevin\n|-resisted|p2b: Sword dog\n|-damage|p2a: Kevin|57/100\n|-damage|p2b: Sword dog|75/100\n|move|p2a: Kevin|Ice Beam|p1b: Amoonguss\n|-supereffective|p1b: Amoonguss\n|-damage|p1b: Amoonguss|16/100\n|move|p2b: Sword dog|Behemoth Blade|p1b: Amoonguss\n|-damage|p1b: Amoonguss|0 fnt\n|-damage|p2b: Sword dog|59/100|[from] item: Rocky Helmet|[of] p1b: Amoonguss\n|faint|p1b: Amoonguss\n|\n|-weather|RainDance|[upkeep]\n|upkeep\n|\n|t:|1773768351\n|switch|p1b: Landorus|Landorus, L50, M|100/100\n|turn|5\n|\n|t:|1773768368\n|-terastallize|p1b: Landorus|Water\n|move|p1a: Calyrex|Glacial Lance|p2a: Kevin|[spread] p2a,p2b\n|-resisted|p2a: Kevin\n|-resisted|p2b: Sword dog\n|-damage|p2a: Kevin|35/100\n|-damage|p2b: Sword dog|35/100\n|move|p2a: Kevin|Origin Pulse|p1b: Landorus|[spread] p1a,p1b\n|-resisted|p1b: Landorus\n|-damage|p1a: Calyrex|57/100\n|-damage|p1b: Landorus|68/100\n|move|p1b: Landorus|Sandsear Storm|p2b: Sword dog|[spread] p2a,p2b\n|-supereffective|p2b: Sword dog\n|-damage|p2a: Kevin|0 fnt\n|-damage|p2b: Sword dog|0 fnt\n|faint|p2a: Kevin\n|faint|p2b: Sword dog\n|\n|-weather|none\n|-fieldend|move: Electric Terrain\n|upkeep\n|-message|FireYeti07 forfeited.\n|\n|win|Slackermaru\n|raw|Slackermaru's rating: 1542 &rarr; <strong>1558</strong><br />(+16 for winning)\n|raw|FireYeti07's rating: 1470 &rarr; <strong>1454</strong><br />(-16 for losing)\n|l|\u2606FireYeti07\n|player|p2|\n|l|\u2606Slackermaru\n|player|p1|\n","uploadtime":1773768600,"views":12,"formatid":"gen9vgc2026regi","rating":1454,"private":0,"password":null}