{"id":"gen9vgc2026regi-2562141901","format":"[Gen 9] VGC 2026 Reg I","players":["flutermaneenjoyer$","BlackBookVGC"],"log":"|j|\u2606flutermaneenjoyer$\n|j|\u2606BlackBookVGC\n|t:|1773875297\n|gametype|doubles\n|player|p1|flutermaneenjoyer$|palmer|1181\n|player|p2|BlackBookVGC|lyra|1158\n|gen|9\n|tier|[Gen 9] VGC 2026 Reg I\n|rated|\n|rule|Species Clause: Limit one of each Pok\u00e9mon\n|rule|Item Clause: Limit 1 of each item\n|clearpoke\n|poke|p1|Zamazenta-*, L50|\n|poke|p1|Calyrex-Ice, L50|\n|poke|p1|Ursaluna, L50, M|\n|poke|p1|Amoonguss, L50, M|\n|poke|p1|Farigiraf, L50, M|\n|poke|p1|Houndstone, L50, F|\n|poke|p2|Lunala, L50|\n|poke|p2|Incineroar, L50, M|\n|poke|p2|Whimsicott, L50, F|\n|poke|p2|Urshifu-*, L50, F|\n|poke|p2|Miraidon, L50|\n|poke|p2|Ursaluna, L50, F|\n|teampreview|4\n|inactive|Battle timer is ON: inactive players will automatically lose when time's up. (requested by flutermaneenjoyer$)\n|inactive|flutermaneenjoyer$ has 60 seconds left.\n|\n|t:|1773875357\n|teamsize|p1|4\n|teamsize|p2|4\n|start\n|switch|p1a: Farigiraf|Farigiraf, L50, M|100/100\n|switch|p1b: Ursaluna|Ursaluna, L50, M|100/100\n|switch|p2a: Miraidon|Miraidon, L50, shiny|100/100\n|switch|p2b: Lunala|Lunala, L50, shiny|100/100\n|-fieldstart|move: Electric Terrain|[from] ability: Hadron Engine|[of] p2a: Miraidon\n|-enditem|p2b: Lunala|Electric Seed\n|-boost|p2b: Lunala|def|1|[from] item: Electric Seed\n|turn|1\n|inactive|BlackBookVGC has 30 seconds left.\n|\n|t:|1773875387\n|move|p1b: Ursaluna|Protect|p1b: Ursaluna\n|-singleturn|p1b: Ursaluna|Protect\n|move|p2a: Miraidon|Draco Meteor|p1a: Farigiraf|[miss]\n|-miss|p2a: Miraidon|p1a: Farigiraf\n|move|p2b: Lunala|Moonblast|p1a: Farigiraf\n|-damage|p1a: Farigiraf|74/100\n|-unboost|p1a: Farigiraf|spa|1\n|move|p1a: Farigiraf|Trick Room|p1a: Farigiraf\n|-fieldstart|move: Trick Room|[of] p1a: Farigiraf\n|\n|-status|p1b: Ursaluna|brn|[from] item: Flame Orb\n|upkeep\n|turn|2\n|inactive|BlackBookVGC has 30 seconds left.\n|\n|t:|1773875415\n|switch|p2a: Ursaluna|Ursaluna, L50, F, shiny|100/100\n|move|p1b: Ursaluna|Headlong Rush|p2b: Lunala\n|-damage|p2b: Lunala|73/100\n|-unboost|p1b: Ursaluna|def|1\n|-unboost|p1b: Ursaluna|spd|1\n|move|p1a: Farigiraf|Hyper Voice|p2b: Lunala|[spread] p2a\n|-immune|p2b: Lunala\n|-damage|p2a: Ursaluna|82/100\n|-enditem|p1a: Farigiraf|Throat Spray\n|-boost|p1a: Farigiraf|spa|1|[from] item: Throat Spray\n|move|p2b: Lunala|Moonblast|p1a: Farigiraf\n|-damage|p1a: Farigiraf|45/100\n|\n|-damage|p1b: Ursaluna|95/100 brn|[from] brn\n|-status|p2a: Ursaluna|brn|[from] item: Flame Orb\n|upkeep\n|turn|3\n|inactive|BlackBookVGC has 30 seconds left.\n|\n|t:|1773875445\n|-terastallize|p2a: Ursaluna|Ghost\n|move|p1b: Ursaluna|Headlong Rush|p2b: Lunala\n|-damage|p2b: Lunala|17/100\n|-unboost|p1b: Ursaluna|def|1\n|-unboost|p1b: Ursaluna|spd|1\n|move|p2a: Ursaluna|Facade|p1b: Ursaluna\n|-crit|p1b: Ursaluna\n|-damage|p1b: Ursaluna|0 fnt\n|faint|p1b: Ursaluna\n|move|p1a: Farigiraf|Psychic|p2a: Ursaluna\n|-damage|p2a: Ursaluna|45/100 brn\n|move|p2b: Lunala|Moongeist Beam|p1a: Farigiraf\n|-immune|p1a: Farigiraf\n|\n|-damage|p2a: Ursaluna|39/100 brn|[from] brn\n|upkeep\n|\n|t:|1773875462\n|switch|p1b: Houndstone|Houndstone, L50, F|100/100\n|turn|4\n|\n|t:|1773875476\n|move|p1b: Houndstone|Shadow Sneak|p2a: Ursaluna\n|-supereffective|p2a: Ursaluna\n|-damage|p2a: Ursaluna|14/100 brn\n|move|p2a: Ursaluna|Facade|p1a: Farigiraf\n|-damage|p1a: Farigiraf|0 fnt\n|faint|p1a: Farigiraf\n|move|p2b: Lunala|Moongeist Beam|p1b: Houndstone\n|-supereffective|p1b: Houndstone\n|-damage|p1b: Houndstone|27/100\n|\n|-damage|p2a: Ursaluna|8/100 brn|[from] brn\n|upkeep\n|\n|t:|1773875481\n|switch|p1a: Calyrex|Calyrex-Ice, L50|100/100\n|-ability|p1a: Calyrex|As One\n|-ability|p1a: Calyrex|Unnerve\n|turn|5\n|inactive|BlackBookVGC has 30 seconds left.\n|\n|t:|1773875507\n|switch|p2a: Incineroar|Incineroar, L50, M, shiny|100/100\n|-ability|p2a: Incineroar|Intimidate|boost\n|-unboost|p1a: Calyrex|atk|1\n|-unboost|p1b: Houndstone|atk|1\n|move|p1a: Calyrex|Glacial Lance|p2b: Lunala|[spread] p2a,p2b\n|-resisted|p2a: Incineroar\n|-damage|p2a: Incineroar|81/100\n|-damage|p2b: Lunala|0 fnt\n|faint|p2b: Lunala\n|-ability|p1a: Calyrex|Chilling Neigh|boost\n|-boost|p1a: Calyrex|atk|1\n|move|p1b: Houndstone|Stomping Tantrum|p2a: Incineroar\n|-supereffective|p2a: Incineroar\n|-damage|p2a: Incineroar|50/100\n|\n|-fieldend|move: Trick Room\n|-fieldend|move: Electric Terrain\n|upkeep\n|\n|t:|1773875523\n|switch|p2b: Miraidon|Miraidon, L50, shiny|100/100\n|-fieldstart|move: Electric Terrain|[from] ability: Hadron Engine|[of] p2b: Miraidon\n|turn|6\n|\n|t:|1773875535\n|move|p2a: Incineroar|Fake Out|p1a: Calyrex\n|-damage|p1a: Calyrex|93/100\n|move|p2b: Miraidon|Electro Drift|p1b: Houndstone\n|-damage|p1b: Houndstone|0 fnt\n|faint|p1b: Houndstone\n|cant|p1a: Calyrex|flinch\n|\n|upkeep\n|turn|7\n|\n|t:|1773875543\n|move|p2b: Miraidon|Electro Drift|p1a: Calyrex\n|-damage|p1a: Calyrex|4/100\n|move|p2a: Incineroar|Knock Off|p1a: Calyrex\n|-supereffective|p1a: Calyrex\n|-damage|p1a: Calyrex|0 fnt\n|-enditem|p1a: Calyrex|Weakness Policy|[from] move: Knock Off|[of] p2a: Incineroar\n|faint|p1a: Calyrex\n|\n|win|BlackBookVGC\n|raw|flutermaneenjoyer$'s rating: 1181 &rarr; <strong>1154</strong><br />(-27 for losing)\n|raw|BlackBookVGC's rating: 1158 &rarr; <strong>1185</strong><br />(+27 for winning)\n|l|\u2606BlackBookVGC\n|player|p2|\n","uploadtime":1773875718,"views":11,"formatid":"gen9vgc2026regi","rating":1154,"private":0,"password":null}