{"id":"gen9vgc2026regi-2525855383","format":"[Gen 9] VGC 2026 Reg I","players":["Kellen1999","blackred123"],"log":"|j|\u2606Kellen1999\n|j|\u2606blackred123\n|t:|1769340618\n|gametype|doubles\n|player|p1|Kellen1999|skierf|1432\n|player|p2|blackred123|iono-masters|1338\n|gen|9\n|tier|[Gen 9] VGC 2026 Reg I\n|rated|\n|rule|Species Clause: Limit one of each Pok\u00e9mon\n|rule|Item Clause: Limit 1 of each item\n|clearpoke\n|poke|p1|Calyrex-Ice, L50|\n|poke|p1|Miraidon, L50|\n|poke|p1|Grimmsnarl, L50, M|\n|poke|p1|Urshifu-*, L50, F|\n|poke|p1|Incineroar, L50, F|\n|poke|p1|Landorus, L50, M|\n|poke|p2|Lunala, L50|\n|poke|p2|Koraidon, L50|\n|poke|p2|Chi-Yu, L50|\n|poke|p2|Flutter Mane, L50|\n|poke|p2|Brute Bonnet, L50|\n|poke|p2|Ursaluna, L50, F|\n|teampreview|4\n|inactive|Battle timer is ON: inactive players will automatically lose when time's up. (requested by Kellen1999)\n|inactive|blackred123 also wants the timer to be on.\n|inactive|blackred123 has 60 seconds left.\n|\n|t:|1769340653\n|teamsize|p1|4\n|teamsize|p2|4\n|start\n|switch|p1a: Miraidon|Miraidon, L50, shiny|100/100\n|switch|p1b: Grimmsnarl|Grimmsnarl, L50, M, shiny|100/100\n|switch|p2a: Lunala|Lunala, L50, shiny|100/100\n|switch|p2b: Chi-Yu|Chi-Yu, L50|100/100\n|-ability|p2b: Chi-Yu|Beads of Ruin\n|-fieldstart|move: Electric Terrain|[from] ability: Hadron Engine|[of] p1a: Miraidon\n|turn|1\n|\n|t:|1769340675\n|move|p1b: Grimmsnarl|Light Screen|p1b: Grimmsnarl\n|-sidestart|p1: Kellen1999|move: Light Screen\n|move|p2b: Chi-Yu|Heat Wave|p1a: Miraidon|[spread] p1a,p1b\n|-resisted|p1a: Miraidon\n|-damage|p1a: Miraidon|88/100\n|-damage|p1b: Grimmsnarl|69/100\n|move|p1a: Miraidon|Electro Drift|p2b: Chi-Yu\n|-damage|p2b: Chi-Yu|0 fnt\n|faint|p2b: Chi-Yu\n|move|p2a: Lunala|Meteor Beam||[still]\n|-prepare|p2a: Lunala|Meteor Beam\n|-boost|p2a: Lunala|spa|1\n|-enditem|p2a: Lunala|Power Herb\n|-anim|p2a: Lunala|Meteor Beam|p1b: Grimmsnarl\n|-damage|p1b: Grimmsnarl|28/100\n|\n|upkeep\n|\n|t:|1769340685\n|switch|p2b: Brute Bonnet|Brute Bonnet, L50, shiny|100/100\n|turn|2\n|\n|t:|1769340703\n|switch|p1a: Landorus|Landorus, L50, M|100/100\n|move|p2b: Brute Bonnet|Rage Powder|p2b: Brute Bonnet\n|-singleturn|p2b: Brute Bonnet|move: Rage Powder\n|move|p1b: Grimmsnarl|Reflect|p1b: Grimmsnarl\n|-sidestart|p1: Kellen1999|Reflect\n|move|p2a: Lunala|Moongeist Beam|p1b: Grimmsnarl\n|-resisted|p1b: Grimmsnarl\n|-damage|p1b: Grimmsnarl|1/100\n|\n|upkeep\n|turn|3\n|inactive|blackred123 has 30 seconds left.\n|\n|t:|1769340729\n|move|p2b: Brute Bonnet|Sucker Punch|p1b: Grimmsnarl\n|-resisted|p1b: Grimmsnarl\n|-damage|p1b: Grimmsnarl|0 fnt\n|faint|p1b: Grimmsnarl\n|move|p2a: Lunala|Moongeist Beam|p1a: Landorus\n|-damage|p1a: Landorus|52/100\n|move|p1a: Landorus|Taunt|p2b: Brute Bonnet\n|-start|p2b: Brute Bonnet|move: Taunt\n|\n|upkeep\n|\n|t:|1769340742\n|switch|p1b: Calyrex|Calyrex-Ice, L50|100/100\n|-ability|p1b: Calyrex|As One\n|-ability|p1b: Calyrex|Unnerve\n|turn|4\n|\n|t:|1769340754\n|move|p2b: Brute Bonnet|Sucker Punch||[still]\n|-fail|p2b: Brute Bonnet\n|move|p2a: Lunala|Moongeist Beam|p1a: Landorus\n|-damage|p1a: Landorus|1/100\n|move|p1a: Landorus|Taunt|p2a: Lunala\n|-start|p2a: Lunala|move: Taunt\n|move|p1b: Calyrex|Leech Seed|p2a: Lunala\n|-start|p2a: Lunala|move: Leech Seed\n|\n|-damage|p2a: Lunala|88/100|[from] Leech Seed|[of] p1b: Calyrex\n|upkeep\n|turn|5\n|\n|t:|1769340768\n|-terastallize|p1b: Calyrex|Water\n|move|p1a: Landorus|Protect|p1a: Landorus\n|-singleturn|p1a: Landorus|Protect\n|move|p2b: Brute Bonnet|Sucker Punch||[still]\n|-fail|p2b: Brute Bonnet\n|move|p2a: Lunala|Moongeist Beam|p1b: Calyrex\n|-crit|p1b: Calyrex\n|-damage|p1b: Calyrex|19/100\n|move|p1b: Calyrex|Glacial Lance|p2a: Lunala|[spread] p2a,p2b\n|-supereffective|p2b: Brute Bonnet\n|-damage|p2a: Lunala|45/100\n|-damage|p2b: Brute Bonnet|34/100\n|\n|-heal|p1b: Calyrex|25/100|[from] item: Leftovers\n|-damage|p2a: Lunala|33/100|[from] Leech Seed|[of] p1b: Calyrex\n|-heal|p1b: Calyrex|39/100|[silent]\n|-fieldend|move: Electric Terrain\n|upkeep\n|turn|6\n|\n|t:|1769340790\n|switch|p1a: Miraidon|Miraidon, L50, shiny|88/100\n|-fieldstart|move: Electric Terrain|[from] ability: Hadron Engine|[of] p1a: Miraidon\n|move|p1b: Calyrex|Protect|p1b: Calyrex\n|-singleturn|p1b: Calyrex|Protect\n|move|p2b: Brute Bonnet|Sucker Punch||[still]\n|-fail|p2b: Brute Bonnet\n|move|p2a: Lunala|Moongeist Beam|p1b: Calyrex\n|-activate|p1b: Calyrex|move: Protect\n|\n|-heal|p1b: Calyrex|45/100|[from] item: Leftovers\n|-damage|p2a: Lunala|21/100|[from] Leech Seed|[of] p1b: Calyrex\n|-heal|p1b: Calyrex|59/100|[silent]\n|-end|p2b: Brute Bonnet|move: Taunt\n|upkeep\n|turn|7\n|\n|t:|1769340807\n|move|p2b: Brute Bonnet|Rage Powder|p2b: Brute Bonnet\n|-singleturn|p2b: Brute Bonnet|move: Rage Powder\n|move|p1a: Miraidon|Dazzling Gleam|p2a: Lunala|[spread] p2a,p2b\n|-supereffective|p2b: Brute Bonnet\n|-damage|p2a: Lunala|0 fnt\n|-damage|p2b: Brute Bonnet|0 fnt\n|faint|p2a: Lunala\n|faint|p2b: Brute Bonnet\n|-end|p2b: Brute Bonnet|Protosynthesis|[silent]\n|move|p1b: Calyrex|Trick Room|p1b: Calyrex\n|-fieldstart|move: Trick Room|[of] p1b: Calyrex\n|\n|-heal|p1b: Calyrex|65/100|[from] item: Leftovers\n|upkeep\n|-message|blackred123 forfeited.\n|\n|win|Kellen1999\n|raw|Kellen1999's rating: 1432 &rarr; <strong>1447</strong><br />(+15 for winning)\n|raw|blackred123's rating: 1338 &rarr; <strong>1323</strong><br />(-15 for losing)\n|l|\u2606blackred123\n|player|p2|\n|l|\u2606Kellen1999\n|player|p1|\n","uploadtime":1769341080,"views":11,"formatid":"gen9vgc2026regi","rating":1323,"private":0,"password":null}