{"id":"gen9vgc2026regi-2533278208","format":"[Gen 9] VGC 2026 Reg I","players":["TinoD","marcxhenry"],"log":"|j|\u2606TinoD\n|j|\u2606marcxhenry\n|t:|1770285643\n|gametype|doubles\n|player|p1|TinoD|preschooler|1399\n|player|p2|marcxhenry|hilbert-wonderlauncher|1585\n|gen|9\n|tier|[Gen 9] VGC 2026 Reg I\n|rated|\n|rule|Species Clause: Limit one of each Pok\u00e9mon\n|rule|Item Clause: Limit 1 of each item\n|clearpoke\n|poke|p1|Calyrex-Ice, L50|\n|poke|p1|Ting-Lu, L50|\n|poke|p1|Miraidon, L50|\n|poke|p1|Urshifu-*, L50, M|\n|poke|p1|Tornadus, L50, M|\n|poke|p1|Incineroar, L50, F|\n|poke|p2|Calyrex-Shadow, L50|\n|poke|p2|Urshifu-*, L50, M|\n|poke|p2|Roaring Moon, L50|\n|poke|p2|Kyogre, L50|\n|poke|p2|Tsareena, L50, F|\n|poke|p2|Kingambit, L50, M|\n|teampreview|4\n|inactive|Battle timer is ON: inactive players will automatically lose when time's up. (requested by TinoD)\n|inactive|TinoD has 60 seconds left.\n|inactive|TinoD has 30 seconds left.\n|inactive|TinoD has 20 seconds left.\n|\n|t:|1770285716\n|teamsize|p1|4\n|teamsize|p2|4\n|start\n|switch|p1a: Urshifu|Urshifu-Rapid-Strike, L50, M|100/100\n|switch|p1b: Tornadus|Tornadus, L50, M|100/100\n|switch|p2a: Eva|Tsareena, L50, F, shiny|100/100\n|switch|p2b: Tripitz|Kyogre, L50, shiny|100/100\n|-weather|RainDance|[from] ability: Drizzle|[of] p2b: Tripitz\n|turn|1\n|inactive|TinoD has 30 seconds left.\n|inactive|TinoD has 20 seconds left.\n|inactive|TinoD has 15 seconds left.\n|inactive|TinoD has 10 seconds left.\n|\n|t:|1770285766\n|switch|p1a: Miraidon|Miraidon, L50|100/100\n|-fieldstart|move: Electric Terrain|[from] ability: Hadron Engine|[of] p1a: Miraidon\n|-terastallize|p1b: Tornadus|Grass\n|move|p1b: Tornadus|Icy Wind|p2b: Tripitz|[spread] p2a,p2b\n|-supereffective|p2a: Eva\n|-resisted|p2b: Tripitz\n|-damage|p2a: Eva|69/100\n|-damage|p2b: Tripitz|96/100\n|-unboost|p2a: Eva|spe|1\n|-unboost|p2b: Tripitz|spe|1\n|move|p2b: Tripitz|Origin Pulse|p1a: Miraidon|[spread] p1a,p1b\n|-resisted|p1a: Miraidon\n|-resisted|p1b: Tornadus\n|-damage|p1a: Miraidon|57/100\n|-damage|p1b: Tornadus|46/100\n|move|p2a: Eva|Power Whip|p1a: Miraidon\n|-resisted|p1a: Miraidon\n|-damage|p1a: Miraidon|23/100\n|\n|-weather|RainDance|[upkeep]\n|upkeep\n|turn|2\n|\n|t:|1770285789\n|switch|p2a: Hermann|Kingambit, L50, M, shiny|100/100\n|-terastallize|p2b: Tripitz|Ground\n|move|p1a: Miraidon|Volt Switch|p2a: Hermann\n|-damage|p2a: Hermann|34/100\n|\n|t:|1770285800\n|switch|p1a: Urshifu|Urshifu-Rapid-Strike, L50, M|100/100|[from] Volt Switch\n|move|p1b: Tornadus|Bleakwind Storm|p2b: Tripitz|[spread] p2a,p2b\n|-resisted|p2a: Hermann\n|-damage|p2a: Hermann|22/100\n|-damage|p2b: Tripitz|69/100\n|move|p2b: Tripitz|Origin Pulse|p1b: Tornadus|[spread] p1a,p1b\n|-resisted|p1a: Urshifu\n|-resisted|p1b: Tornadus\n|-damage|p1a: Urshifu|32/100\n|-damage|p1b: Tornadus|0 fnt\n|faint|p1b: Tornadus\n|\n|-weather|RainDance|[upkeep]\n|upkeep\n|\n|t:|1770285813\n|switch|p1b: Miraidon|Miraidon, L50|23/100\n|-activate|p1b: Miraidon|ability: Hadron Engine\n|turn|3\n|\n|t:|1770285818\n|switch|p2b: Eva|Tsareena, L50, F, shiny|69/100\n|move|p2a: Hermann|Sucker Punch|p1b: Miraidon\n|-damage|p1b: Miraidon|0 fnt\n|faint|p1b: Miraidon\n|move|p1a: Urshifu|Surging Strikes|p2b: Eva\n|-resisted|p2b: Eva\n|-crit|p2b: Eva\n|-damage|p2b: Eva|52/100\n|-resisted|p2b: Eva\n|-crit|p2b: Eva\n|-damage|p2b: Eva|35/100\n|-resisted|p2b: Eva\n|-crit|p2b: Eva\n|-damage|p2b: Eva|17/100\n|-hitcount|p2b: Eva|3\n|\n|-weather|RainDance|[upkeep]\n|upkeep\n|\n|t:|1770285824\n|switch|p1b: Calyrex|Calyrex-Ice, L50|100/100\n|-ability|p1b: Calyrex|As One\n|-ability|p1b: Calyrex|Unnerve\n|turn|4\n|inactive|marcxhenry has 30 seconds left.\n|\n|t:|1770285849\n|move|p1a: Urshifu|Surging Strikes|p2a: Hermann\n|-crit|p2a: Hermann\n|-damage|p2a: Hermann|0 fnt\n|faint|p2a: Hermann\n|-hitcount|p2: Hermann|1\n|move|p2b: Eva|Power Whip|p1b: Calyrex\n|-damage|p1b: Calyrex|61/100\n|move|p1b: Calyrex|Glacial Lance|p2b: Eva\n|-supereffective|p2b: Eva\n|-damage|p2b: Eva|0 fnt\n|faint|p2b: Eva\n|-ability|p1b: Calyrex|Chilling Neigh|boost\n|-boost|p1b: Calyrex|atk|1\n|\n|-weather|RainDance|[upkeep]\n|upkeep\n|\n|t:|1770285862\n|switch|p2b: Tripitz|Kyogre, L50, shiny, tera:Ground|69/100\n|switch|p2a: Ludwig|Calyrex-Shadow, L50|100/100\n|-ability|p2a: Ludwig|As One\n|-ability|p2a: Ludwig|Unnerve\n|turn|5\n|inactive|TinoD has 30 seconds left.\n|inactive|TinoD has 20 seconds left.\n|inactive|TinoD has 15 seconds left.\n|inactive|TinoD has 10 seconds left.\n|inactive|TinoD has 5 seconds left.\n|\n|t:|1770285917\n|move|p1a: Urshifu|Surging Strikes|p2a: Ludwig\n|-crit|p2a: Ludwig\n|-damage|p2a: Ludwig|66/100\n|-crit|p2a: Ludwig\n|-damage|p2a: Ludwig|32/100\n|-crit|p2a: Ludwig\n|-damage|p2a: Ludwig|0 fnt\n|faint|p2a: Ludwig\n|-hitcount|p2: Ludwig|3\n|move|p2b: Tripitz|Hydro Pump|p1b: Calyrex|[miss]\n|-miss|p2b: Tripitz|p1b: Calyrex\n|move|p1b: Calyrex|Glacial Lance|p2b: Tripitz\n|-supereffective|p2b: Tripitz\n|-damage|p2b: Tripitz|0 fnt\n|faint|p2b: Tripitz\n|\n|win|TinoD\n|raw|TinoD's rating: 1399 &rarr; <strong>1429</strong><br />(+30 for winning)\n|raw|marcxhenry's rating: 1585 &rarr; <strong>1555</strong><br />(-30 for losing)\n|l|\u2606marcxhenry\n|player|p2|\n|l|\u2606TinoD\n|player|p1|\n","uploadtime":1770286129,"views":14,"formatid":"gen9vgc2026regi","rating":1429,"private":0,"password":null}