{"id":"gen9vgc2026regi-2578830676","format":"[Gen 9] VGC 2026 Reg I","players":["migcthi","fogdocker"],"log":"|j|\u2606migcthi\n|j|\u2606fogdocker\n|t:|1775724606\n|gametype|doubles\n|player|p1|migcthi|101|1512\n|player|p2|fogdocker|170|1574\n|gen|9\n|tier|[Gen 9] VGC 2026 Reg I\n|rated|\n|rule|Species Clause: Limit one of each Pok\u00e9mon\n|rule|Item Clause: Limit 1 of each item\n|clearpoke\n|poke|p1|Calyrex-Ice, L50|\n|poke|p1|Miraidon, L50|\n|poke|p1|Ursaluna, L50, F|\n|poke|p1|Volcarona, L50, F|\n|poke|p1|Grimmsnarl, L50, M|\n|poke|p1|Iron Hands, L50|\n|poke|p2|Calyrex-Ice, L50|\n|poke|p2|Koraidon, L50|\n|poke|p2|Flutter Mane, L50|\n|poke|p2|Incineroar, L50, M|\n|poke|p2|Rillaboom, L50, M|\n|poke|p2|Volcarona, L50, M|\n|teampreview|4\n|inactive|Battle timer is ON: inactive players will automatically lose when time's up. (requested by migcthi)\n|inactive|migcthi has 60 seconds left.\n|inactive|fogdocker has 60 seconds left.\n|\n|t:|1775724643\n|teamsize|p1|4\n|teamsize|p2|4\n|start\n|switch|p1a: Iron Hands|Iron Hands, L50|100/100\n|switch|p1b: Miraidon|Miraidon, L50|100/100\n|switch|p2a: Rillaboom|Rillaboom, L50, M|100/100\n|switch|p2b: Calyrex|Calyrex-Ice, L50|100/100\n|-ability|p2b: Calyrex|As One\n|-ability|p2b: Calyrex|Unnerve\n|-fieldstart|move: Electric Terrain|[from] ability: Hadron Engine|[of] p1b: Miraidon\n|-activate|p1a: Iron Hands|ability: Quark Drive\n|-start|p1a: Iron Hands|quarkdriveatk\n|-fieldstart|move: Grassy Terrain|[from] ability: Grassy Surge|[of] p2a: Rillaboom\n|-end|p1a: Iron Hands|Quark Drive\n|turn|1\n|\n|t:|1775724656\n|move|p2a: Rillaboom|Fake Out|p1b: Miraidon\n|-damage|p1b: Miraidon|89/100\n|move|p1a: Iron Hands|Fake Out|p2b: Calyrex\n|-crit|p2b: Calyrex\n|-damage|p2b: Calyrex|87/100\n|cant|p1b: Miraidon|flinch\n|cant|p2b: Calyrex|flinch\n|\n|-heal|p1b: Miraidon|95/100|[from] Grassy Terrain\n|-heal|p2b: Calyrex|93/100|[from] Grassy Terrain\n|-heal|p2b: Calyrex|99/100|[from] item: Leftovers\n|upkeep\n|turn|2\n|\n|t:|1775724679\n|move|p1b: Miraidon|Volt Switch|p2b: Calyrex\n|-crit|p2b: Calyrex\n|-damage|p2b: Calyrex|52/100\n|\n|t:|1775724683\n|switch|p1b: Calyrex|Calyrex-Ice, L50|100/100|[from] Volt Switch\n|-ability|p1b: Calyrex|As One\n|-ability|p1b: Calyrex|Unnerve\n|move|p2a: Rillaboom|U-turn|p1b: Calyrex\n|-supereffective|p1b: Calyrex\n|-damage|p1b: Calyrex|72/100\n|\n|t:|1775724701\n|switch|p2a: Incineroar|Incineroar, L50, M|100/100|[from] U-turn\n|-ability|p2a: Incineroar|Intimidate|boost\n|-unboost|p1a: Iron Hands|atk|1\n|-unboost|p1b: Calyrex|atk|1\n|move|p1a: Iron Hands|Low Kick|p2b: Calyrex\n|-damage|p2b: Calyrex|27/100\n|move|p2b: Calyrex|Leech Seed|p1b: Calyrex\n|-start|p1b: Calyrex|move: Leech Seed\n|\n|-heal|p1b: Calyrex|78/100|[from] Grassy Terrain\n|-heal|p1b: Calyrex|84/100|[from] item: Leftovers\n|-heal|p2b: Calyrex|32/100|[from] Grassy Terrain\n|-heal|p2b: Calyrex|38/100|[from] item: Leftovers\n|-damage|p1b: Calyrex|72/100|[from] Leech Seed|[of] p2b: Calyrex\n|-heal|p2b: Calyrex|50/100|[silent]\n|upkeep\n|turn|3\n|\n|t:|1775724715\n|move|p2a: Incineroar|Fake Out|p1a: Iron Hands\n|-damage|p1a: Iron Hands|93/100\n|cant|p1a: Iron Hands|flinch\n|move|p1b: Calyrex|Leech Seed|p2b: Calyrex\n|-start|p2b: Calyrex|move: Leech Seed\n|move|p2b: Calyrex|Leech Seed|p1a: Iron Hands\n|-start|p1a: Iron Hands|move: Leech Seed\n|\n|-heal|p1a: Iron Hands|99/100|[from] Grassy Terrain\n|-heal|p1b: Calyrex|78/100|[from] Grassy Terrain\n|-heal|p1b: Calyrex|83/100|[from] item: Leftovers\n|-heal|p2b: Calyrex|56/100|[from] Grassy Terrain\n|-heal|p2b: Calyrex|62/100|[from] item: Leftovers\n|-damage|p1a: Iron Hands|87/100|[from] Leech Seed|[of] p2b: Calyrex\n|-heal|p2b: Calyrex|75/100|[silent]\n|-damage|p1b: Calyrex|71/100|[from] Leech Seed|[of] p2b: Calyrex\n|-heal|p2b: Calyrex|87/100|[silent]\n|-damage|p2b: Calyrex|75/100|[from] Leech Seed|[of] p1b: Calyrex\n|-heal|p1b: Calyrex|83/100|[silent]\n|upkeep\n|turn|4\n|\n|t:|1775724732\n|-end|p1a: Iron Hands|Quark Drive|[silent]\n|switch|p1a: Miraidon|Miraidon, L50|95/100\n|-fieldstart|move: Electric Terrain|[from] ability: Hadron Engine|[of] p1a: Miraidon\n|move|p2a: Incineroar|Parting Shot|p1a: Miraidon\n|-unboost|p1a: Miraidon|atk|1\n|-unboost|p1a: Miraidon|spa|1\n|\n|t:|1775724739\n|switch|p2a: Rillaboom|Rillaboom, L50, M|100/100|[from] Parting Shot\n|-fieldstart|move: Grassy Terrain|[from] ability: Grassy Surge|[of] p2a: Rillaboom\n|move|p1b: Calyrex|Glacial Lance|p2a: Rillaboom|[spread] p2a,p2b\n|-supereffective|p2a: Rillaboom\n|-resisted|p2b: Calyrex\n|-crit|p2b: Calyrex\n|-damage|p2a: Rillaboom|25/100\n|-damage|p2b: Calyrex|55/100\n|move|p2b: Calyrex|Glacial Lance|p1a: Miraidon|[spread] p1a,p1b\n|-supereffective|p1a: Miraidon\n|-resisted|p1b: Calyrex\n|-damage|p1a: Miraidon|18/100\n|-damage|p1b: Calyrex|68/100\n|\n|-heal|p1a: Miraidon|23/100|[from] Grassy Terrain\n|-heal|p2a: Rillaboom|31/100|[from] Grassy Terrain\n|-heal|p1b: Calyrex|74/100|[from] Grassy Terrain\n|-heal|p1b: Calyrex|80/100|[from] item: Leftovers\n|-heal|p2b: Calyrex|60/100|[from] Grassy Terrain\n|-heal|p2b: Calyrex|66/100|[from] item: Leftovers\n|-damage|p1b: Calyrex|68/100|[from] Leech Seed|[of] p2b: Calyrex\n|-heal|p2b: Calyrex|78/100|[silent]\n|-damage|p2b: Calyrex|66/100|[from] Leech Seed|[of] p1b: Calyrex\n|-heal|p1b: Calyrex|80/100|[silent]\n|upkeep\n|turn|5\n|\n|t:|1775724755\n|switch|p1a: Iron Hands|Iron Hands, L50|87/100\n|move|p2a: Rillaboom|U-turn|p1b: Calyrex\n|-supereffective|p1b: Calyrex\n|-damage|p1b: Calyrex|51/100\n|\n|t:|1775724760\n|switch|p2a: Incineroar|Incineroar, L50, M|100/100|[from] U-turn\n|-ability|p2a: Incineroar|Intimidate|boost\n|-unboost|p1a: Iron Hands|atk|1\n|-unboost|p1b: Calyrex|atk|1\n|move|p1b: Calyrex|Glacial Lance|p2b: Calyrex|[spread] p2a,p2b\n|-resisted|p2a: Incineroar\n|-resisted|p2b: Calyrex\n|-damage|p2a: Incineroar|91/100\n|-damage|p2b: Calyrex|59/100\n|move|p2b: Calyrex|Glacial Lance|p1a: Iron Hands|[spread] p1a,p1b\n|-resisted|p1b: Calyrex\n|-crit|p1b: Calyrex\n|-damage|p1a: Iron Hands|53/100\n|-damage|p1b: Calyrex|29/100\n|\n|-heal|p2a: Incineroar|97/100|[from] Grassy Terrain\n|-heal|p1a: Iron Hands|59/100|[from] Grassy Terrain\n|-heal|p1b: Calyrex|35/100|[from] Grassy Terrain\n|-heal|p1b: Calyrex|40/100|[from] item: Leftovers\n|-heal|p2b: Calyrex|65/100|[from] Grassy Terrain\n|-heal|p2b: Calyrex|71/100|[from] item: Leftovers\n|-damage|p1b: Calyrex|28/100|[from] Leech Seed|[of] p2b: Calyrex\n|-heal|p2b: Calyrex|83/100|[silent]\n|-damage|p2b: Calyrex|71/100|[from] Leech Seed|[of] p1b: Calyrex\n|-heal|p1b: Calyrex|40/100|[silent]\n|upkeep\n|turn|6\n|\n|t:|1775724778\n|move|p2a: Incineroar|Fake Out|p1a: Iron Hands\n|-damage|p1a: Iron Hands|52/100\n|cant|p1a: Iron Hands|flinch\n|move|p1b: Calyrex|Glacial Lance|p2b: Calyrex|[spread] p2a,p2b\n|-resisted|p2a: Incineroar\n|-resisted|p2b: Calyrex\n|-damage|p2a: Incineroar|87/100\n|-damage|p2b: Calyrex|63/100\n|move|p2b: Calyrex|Glacial Lance|p1a: Iron Hands|[spread] p1a,p1b\n|-resisted|p1b: Calyrex\n|-damage|p1a: Iron Hands|16/100\n|-damage|p1b: Calyrex|27/100\n|\n|-heal|p2a: Incineroar|93/100|[from] Grassy Terrain\n|-heal|p1a: Iron Hands|22/100|[from] Grassy Terrain\n|-heal|p1b: Calyrex|33/100|[from] Grassy Terrain\n|-heal|p1b: Calyrex|39/100|[from] item: Leftovers\n|-heal|p2b: Calyrex|69/100|[from] Grassy Terrain\n|-heal|p2b: Calyrex|75/100|[from] item: Leftovers\n|-damage|p1b: Calyrex|26/100|[from] Leech Seed|[of] p2b: Calyrex\n|-heal|p2b: Calyrex|87/100|[silent]\n|-damage|p2b: Calyrex|75/100|[from] Leech Seed|[of] p1b: Calyrex\n|-heal|p1b: Calyrex|39/100|[silent]\n|upkeep\n|turn|7\n|\n|t:|1775724794\n|move|p2a: Incineroar|Flare Blitz|p1a: Iron Hands\n|-damage|p1a: Iron Hands|0 fnt\n|faint|p1a: Iron Hands\n|-end|p1a: Iron Hands|Quark Drive|[silent]\n|-damage|p2a: Incineroar|84/100|[from] Recoil\n|move|p1b: Calyrex|Glacial Lance|p2a: Incineroar|[spread] p2a,p2b\n|-resisted|p2a: Incineroar\n|-resisted|p2b: Calyrex\n|-damage|p2a: Incineroar|75/100\n|-damage|p2b: Calyrex|69/100\n|move|p2b: Calyrex|Glacial Lance|p1b: Calyrex\n|-resisted|p1b: Calyrex\n|-damage|p1b: Calyrex|20/100\n|\n|-heal|p2a: Incineroar|81/100|[from] Grassy Terrain\n|-heal|p1b: Calyrex|25/100|[from] Grassy Terrain\n|-heal|p1b: Calyrex|31/100|[from] item: Leftovers\n|-heal|p2b: Calyrex|74/100|[from] Grassy Terrain\n|-heal|p2b: Calyrex|80/100|[from] item: Leftovers\n|-damage|p1b: Calyrex|19/100|[from] Leech Seed|[of] p2b: Calyrex\n|-heal|p2b: Calyrex|92/100|[silent]\n|-damage|p2b: Calyrex|80/100|[from] Leech Seed|[of] p1b: Calyrex\n|-heal|p1b: Calyrex|31/100|[silent]\n|upkeep\n|\n|t:|1775724802\n|switch|p1a: Miraidon|Miraidon, L50|23/100\n|-fieldstart|move: Electric Terrain|[from] ability: Hadron Engine|[of] p1a: Miraidon\n|turn|8\n|\n|t:|1775724808\n|switch|p2a: Rillaboom|Rillaboom, L50, M|31/100\n|-fieldstart|move: Grassy Terrain|[from] ability: Grassy Surge|[of] p2a: Rillaboom\n|move|p1a: Miraidon|Electro Drift|p2b: Calyrex\n|-damage|p2b: Calyrex|31/100\n|move|p1b: Calyrex|Glacial Lance|p2b: Calyrex|[spread] p2a,p2b\n|-supereffective|p2a: Rillaboom\n|-resisted|p2b: Calyrex\n|-damage|p2a: Rillaboom|0 fnt\n|-damage|p2b: Calyrex|24/100\n|faint|p2a: Rillaboom\n|-ability|p1b: Calyrex|Chilling Neigh|boost\n|-boost|p1b: Calyrex|atk|1\n|move|p2b: Calyrex|Glacial Lance|p1a: Miraidon|[spread] p1a,p1b\n|-supereffective|p1a: Miraidon\n|-resisted|p1b: Calyrex\n|-damage|p1a: Miraidon|0 fnt\n|-damage|p1b: Calyrex|17/100\n|faint|p1a: Miraidon\n|-ability|p2b: Calyrex|Chilling Neigh|boost\n|-boost|p2b: Calyrex|atk|1\n|\n|-heal|p1b: Calyrex|23/100|[from] Grassy Terrain\n|-heal|p1b: Calyrex|29/100|[from] item: Leftovers\n|-heal|p2b: Calyrex|30/100|[from] Grassy Terrain\n|-heal|p2b: Calyrex|36/100|[from] item: Leftovers\n|-damage|p1b: Calyrex|17/100|[from] Leech Seed|[of] p2b: Calyrex\n|-heal|p2b: Calyrex|48/100|[silent]\n|-damage|p2b: Calyrex|36/100|[from] Leech Seed|[of] p1b: Calyrex\n|-heal|p1b: Calyrex|29/100|[silent]\n|upkeep\n|\n|t:|1775724821\n|switch|p1a: Volcarona|Volcarona, L50, F|100/100\n|switch|p2a: Incineroar|Incineroar, L50, M|81/100\n|-ability|p2a: Incineroar|Intimidate|boost\n|-unboost|p1a: Volcarona|atk|1\n|-unboost|p1b: Calyrex|atk|1\n|turn|9\n|\n|t:|1775724836\n|move|p1a: Volcarona|Overheat|p2b: Calyrex\n|-supereffective|p2b: Calyrex\n|-damage|p2b: Calyrex|0 fnt\n|-unboost|p1a: Volcarona|spa|2\n|faint|p2b: Calyrex\n|move|p2a: Incineroar|Flare Blitz|p1b: Calyrex\n|-supereffective|p1b: Calyrex\n|-damage|p1b: Calyrex|0 fnt\n|faint|p1b: Calyrex\n|-damage|p2a: Incineroar|71/100|[from] Recoil\n|\n|-heal|p2a: Incineroar|77/100|[from] Grassy Terrain\n|upkeep\n|\n|t:|1775724839\n|switch|p2b: Koraidon|Koraidon, L50|100/100\n|-weather|SunnyDay|[from] ability: Orichalcum Pulse|[of] p2b: Koraidon\n|-activate|p2b: Koraidon|Orichalcum Pulse|[source]\n|turn|10\n|-message|migcthi forfeited.\n|\n|win|fogdocker\n|raw|migcthi's rating: 1512 &rarr; <strong>1496</strong><br />(-16 for losing)\n|raw|fogdocker's rating: 1574 &rarr; <strong>1590</strong><br />(+16 for winning)\n|l|\u2606migcthi\n|player|p1|\n|l|\u2606fogdocker\n|player|p2|\n","uploadtime":1775725041,"views":12,"formatid":"gen9vgc2026regi","rating":1496,"private":0,"password":null}