{"id":"gen9vgc2026regi-2558206283","format":"[Gen 9] VGC 2026 Reg I","players":["lemmyboy257","pzyxhic"],"log":"|j|\u2606lemmyboy257\n|j|\u2606pzyxhic\n|t:|1773413669\n|gametype|doubles\n|player|p1|lemmyboy257|youngcouple|1269\n|player|p2|pzyxhic|169|1310\n|gen|9\n|tier|[Gen 9] VGC 2026 Reg I\n|rated|\n|rule|Species Clause: Limit one of each Pok\u00e9mon\n|rule|Item Clause: Limit 1 of each item\n|clearpoke\n|poke|p1|Miraidon, L50|\n|poke|p1|Calyrex-Ice, L50|\n|poke|p1|Incineroar, L50, M|\n|poke|p1|Farigiraf, L50, F|\n|poke|p1|Amoonguss, L50, M|\n|poke|p1|Urshifu-*, L50, M|\n|poke|p2|Calyrex-Shadow, L50|\n|poke|p2|Chi-Yu, L50|\n|poke|p2|Whimsicott, L50, F|\n|poke|p2|Urshifu-*, L50, F|\n|poke|p2|Farigiraf, L50, F|\n|poke|p2|Kyurem-White, L50|\n|teampreview|4\n|inactive|Battle timer is ON: inactive players will automatically lose when time's up. (requested by lemmyboy257)\n|inactive|pzyxhic has 60 seconds left.\n|\n|t:|1773413707\n|teamsize|p1|4\n|teamsize|p2|4\n|start\n|switch|p1a: Miraidon|Miraidon, L50|100/100\n|switch|p1b: Farigiraf|Farigiraf, L50, F|100/100\n|switch|p2a: Calyrex|Calyrex-Shadow, L50|100/100\n|switch|p2b: Kyurem|Kyurem-White, L50|100/100\n|-ability|p2a: Calyrex|As One\n|-ability|p2a: Calyrex|Unnerve\n|-fieldstart|move: Electric Terrain|[from] ability: Hadron Engine|[of] p1a: Miraidon\n|-enditem|p1b: Farigiraf|Electric Seed\n|-boost|p1b: Farigiraf|def|1|[from] item: Electric Seed\n|-ability|p2b: Kyurem|Turboblaze\n|turn|1\n|inactive|pzyxhic has 30 seconds left.\n|inactive|pzyxhic has 20 seconds left.\n|\n|t:|1773413743\n|move|p2a: Calyrex|Pollen Puff|p1b: Farigiraf\n|-supereffective|p1b: Farigiraf\n|-damage|p1b: Farigiraf|29/100\n|move|p1a: Miraidon|Volt Switch|p2a: Calyrex\n|-damage|p2a: Calyrex|38/100\n|\n|t:|1773413751\n|switch|p1a: Calyrex|Calyrex-Ice, L50|100/100|[from] Volt Switch\n|-ability|p1a: Calyrex|As One\n|-ability|p1a: Calyrex|Unnerve\n|move|p2b: Kyurem|Freeze-Dry|p1b: Farigiraf\n|-damage|p1b: Farigiraf|0 fnt\n|faint|p1b: Farigiraf\n|-damage|p2b: Kyurem|91/100|[from] item: Life Orb\n|\n|upkeep\n|\n|t:|1773413760\n|switch|p1b: Miraidon|Miraidon, L50|100/100\n|-activate|p1b: Miraidon|ability: Hadron Engine\n|turn|2\n|\n|t:|1773413774\n|switch|p2a: Farigiraf|Farigiraf, L50, F|100/100\n|-terastallize|p1a: Calyrex|Water\n|move|p2b: Kyurem|Protect|p2b: Kyurem\n|-singleturn|p2b: Kyurem|Protect\n|move|p1b: Miraidon|Snarl|p2a: Farigiraf|[spread] p2a\n|-activate|p2b: Kyurem|move: Protect\n|-supereffective|p2a: Farigiraf\n|-damage|p2a: Farigiraf|63/100\n|-unboost|p2a: Farigiraf|spa|1\n|move|p1a: Calyrex|Trick Room|p1a: Calyrex\n|-fieldstart|move: Trick Room|[of] p1a: Calyrex\n|\n|upkeep\n|turn|3\n|\n|t:|1773413798\n|-terastallize|p2b: Kyurem|Fire\n|move|p2a: Farigiraf|Helping Hand|p2b: Kyurem\n|-singleturn|p2b: Kyurem|Helping Hand|[of] p2a: Farigiraf\n|move|p1a: Calyrex|Glacial Lance|p2a: Farigiraf|[spread] p2a,p2b\n|-resisted|p2b: Kyurem\n|-damage|p2a: Farigiraf|23/100\n|-damage|p2b: Kyurem|65/100\n|move|p2b: Kyurem|Freeze-Dry|p1a: Calyrex\n|-supereffective|p1a: Calyrex\n|-damage|p1a: Calyrex|5/100\n|-damage|p2b: Kyurem|55/100|[from] item: Life Orb\n|move|p1b: Miraidon|Snarl|p2a: Farigiraf|[spread] p2a,p2b\n|-supereffective|p2a: Farigiraf\n|-damage|p2a: Farigiraf|0 fnt\n|-damage|p2b: Kyurem|39/100\n|-unboost|p2b: Kyurem|spa|1\n|faint|p2a: Farigiraf\n|\n|-heal|p1a: Calyrex|11/100|[from] item: Leftovers\n|upkeep\n|\n|t:|1773413818\n|switch|p2a: Chi-Yu|Chi-Yu, L50|100/100\n|-ability|p2a: Chi-Yu|Beads of Ruin\n|turn|4\n|\n|t:|1773413840\n|move|p1a: Calyrex|Protect|p1a: Calyrex\n|-singleturn|p1a: Calyrex|Protect\n|move|p2b: Kyurem|Protect|p2b: Kyurem\n|-singleturn|p2b: Kyurem|Protect\n|move|p2a: Chi-Yu|Dark Pulse|p1a: Calyrex\n|-activate|p1a: Calyrex|move: Protect\n|move|p1b: Miraidon|Snarl|p2a: Chi-Yu|[spread] p2a\n|-activate|p2b: Kyurem|move: Protect\n|-resisted|p2a: Chi-Yu\n|-damage|p2a: Chi-Yu|92/100\n|-unboost|p2a: Chi-Yu|spa|1\n|\n|-heal|p1a: Calyrex|16/100|[from] item: Leftovers\n|-heal|p2a: Chi-Yu|97/100|[from] item: Leftovers\n|upkeep\n|turn|5\n|\n|t:|1773413858\n|switch|p1b: Amoonguss|Amoonguss, L50, M|100/100\n|move|p1a: Calyrex|Glacial Lance|p2b: Kyurem|[spread] p2a,p2b\n|-resisted|p2a: Chi-Yu\n|-resisted|p2b: Kyurem\n|-damage|p2a: Chi-Yu|71/100\n|-damage|p2b: Kyurem|13/100\n|move|p2a: Chi-Yu|Nasty Plot|p2a: Chi-Yu\n|-boost|p2a: Chi-Yu|spa|2\n|move|p2b: Kyurem|Freeze-Dry|p1b: Amoonguss\n|-supereffective|p1b: Amoonguss\n|-damage|p1b: Amoonguss|1/100\n|-enditem|p1b: Amoonguss|Sitrus Berry|[eat]\n|-heal|p1b: Amoonguss|26/100|[from] item: Sitrus Berry\n|-damage|p2b: Kyurem|3/100|[from] item: Life Orb\n|\n|-heal|p1a: Calyrex|22/100|[from] item: Leftovers\n|-heal|p2a: Chi-Yu|76/100|[from] item: Leftovers\n|-fieldend|move: Electric Terrain\n|upkeep\n|turn|6\n|inactive|pzyxhic has 30 seconds left.\n|inactive|pzyxhic has 20 seconds left.\n|inactive|pzyxhic has 15 seconds left.\n|inactive|pzyxhic has 10 seconds left.\n|inactive|pzyxhic has 5 seconds left.\n|\n|t:|1773413913\n|move|p2a: Chi-Yu|Protect|p2a: Chi-Yu\n|-singleturn|p2a: Chi-Yu|Protect\n|move|p2b: Kyurem|Protect|p2b: Kyurem\n|-singleturn|p2b: Kyurem|Protect\n|move|p1b: Amoonguss|Spore|p2a: Chi-Yu\n|-activate|p2a: Chi-Yu|move: Protect\n|move|p1a: Calyrex|Glacial Lance|p2b: Kyurem|[spread] \n|-activate|p2a: Chi-Yu|move: Protect\n|-activate|p2b: Kyurem|move: Protect\n|\n|-heal|p1a: Calyrex|28/100|[from] item: Leftovers\n|-heal|p2a: Chi-Yu|82/100|[from] item: Leftovers\n|-fieldend|move: Trick Room\n|upkeep\n|turn|7\n|l|\u2606pzyxhic\n|inactive|pzyxhic disconnected and has a minute to reconnect!\n|player|p2|\n|inactive|pzyxhic has 30 seconds left.\n|inactive|pzyxhic has 20 seconds left.\n|inactive|pzyxhic has 15 seconds left.\n|j|\u2606pzyxhic\n|inactive|pzyxhic reconnected and has 15 seconds left.\n|player|p2|pzyxhic|169|\n|inactive|pzyxhic has 10 seconds left.\n|inactive|pzyxhic has 5 seconds left.\n|\n|t:|1773413966\n|move|p1b: Amoonguss|Rage Powder|p1b: Amoonguss\n|-singleturn|p1b: Amoonguss|move: Rage Powder\n|move|p2b: Kyurem|Freeze-Dry|p1b: Amoonguss\n|-supereffective|p1b: Amoonguss\n|-damage|p1b: Amoonguss|0 fnt\n|faint|p1b: Amoonguss\n|-damage|p2b: Kyurem|0 fnt|[from] item: Life Orb\n|faint|p2b: Kyurem\n|move|p2a: Chi-Yu|Heat Wave|p1a: Calyrex\n|-resisted|p1a: Calyrex\n|-damage|p1a: Calyrex|2/100\n|move|p1a: Calyrex|Trick Room|p1a: Calyrex\n|-fieldstart|move: Trick Room|[of] p1a: Calyrex\n|\n|-heal|p1a: Calyrex|8/100|[from] item: Leftovers\n|-heal|p2a: Chi-Yu|88/100|[from] item: Leftovers\n|upkeep\n|\n|t:|1773413981\n|switch|p1b: Miraidon|Miraidon, L50|100/100\n|switch|p2b: Calyrex|Calyrex-Shadow, L50|38/100\n|-ability|p2b: Calyrex|As One\n|-ability|p2b: Calyrex|Unnerve\n|-fieldstart|move: Electric Terrain|[from] ability: Hadron Engine|[of] p1b: Miraidon\n|turn|8\n|\n|t:|1773413998\n|move|p1a: Calyrex|Glacial Lance|p2b: Calyrex|[spread] p2a,p2b\n|-resisted|p2a: Chi-Yu\n|-damage|p2a: Chi-Yu|58/100\n|-damage|p2b: Calyrex|0 fnt\n|faint|p2b: Calyrex\n|-ability|p1a: Calyrex|Chilling Neigh|boost\n|-boost|p1a: Calyrex|atk|1\n|move|p2a: Chi-Yu|Heat Wave|p1a: Calyrex|[spread] p1a,p1b\n|-resisted|p1a: Calyrex\n|-resisted|p1b: Miraidon\n|-damage|p1a: Calyrex|0 fnt\n|-damage|p1b: Miraidon|70/100\n|faint|p1a: Calyrex\n|move|p1b: Miraidon|Electro Drift|p2a: Chi-Yu\n|-crit|p2a: Chi-Yu\n|-damage|p2a: Chi-Yu|0 fnt\n|faint|p2a: Chi-Yu\n|\n|win|lemmyboy257\n|raw|lemmyboy257's rating: 1269 &rarr; <strong>1297</strong><br />(+28 for winning)\n|raw|pzyxhic's rating: 1310 &rarr; <strong>1288</strong><br />(-22 for losing)\n|l|\u2606pzyxhic\n|player|p2|\n|l|\u2606lemmyboy257\n|player|p1|\n","uploadtime":1773414218,"views":15,"formatid":"gen9vgc2026regi","rating":1288,"private":0,"password":null}