{"id":"gen9vgc2026regi-2574027400","format":"[Gen 9] VGC 2026 Reg I","players":["elychee267","1VLTSQ Joker"],"log":"|j|\u2606elychee267\n|j|\u26061VLTSQ Joker\n|html|<table width=\"100%\"><tr><td align=\"left\">elychee267</td><td align=\"right\">1VLTSQ Joker</tr><tr><td align=\"left\"><i class=\"fa fa-circle-o\"></i> <i class=\"fa fa-circle-o\"></i> </td><td align=\"right\"><i class=\"fa fa-circle-o\"></i> <i class=\"fa fa-circle-o\"></i> </tr></table>\n|uhtml|bestof|<h2><strong>Game 1</strong> of <a href=\"/game-bestof3-gen9vgc2026regi-2574027399\">a best-of-3</a></h2>\n|t:|1775190530\n|gametype|doubles\n|player|p1|elychee267|nate|\n|player|p2|1VLTSQ Joker|blue|\n|gen|9\n|tier|[Gen 9] VGC 2026 Reg I\n|rated|Tournament battle\n|rule|Species Clause: Limit one of each Pok\u00e9mon\n|rule|Item Clause: Limit 1 of each item\n|raw|<div class=\"infobox\"><details class=\"readmore\" open><summary><strong>4 custom rules:</strong></summary> Open Team Sheets, Force Open Team Sheets, !Open Team Sheets, Best of = 3</details></div>\n|clearpoke\n|poke|p1|Lunala, L50|\n|poke|p1|Indeedee-F, L50, F|\n|poke|p1|Incineroar, L50, M|\n|poke|p1|Koraidon, L50|\n|poke|p1|Ursaluna, L50, F|\n|poke|p1|Flutter Mane, L50|\n|poke|p2|Calyrex-Ice, L50|\n|poke|p2|Smeargle, L50, F|\n|poke|p2|Kyogre, L50|\n|poke|p2|Maushold, L50|\n|poke|p2|Volcarona, L50, F|\n|poke|p2|Pawmot, L50, F|\n|teampreview|4\n|showteam|p1|Lunala||Leftovers|ShadowShield|MoongeistBeam,ExpandingForce,WideGuard,TrickRoom||||||50|,,,,,Water]Indeedee-F||SafetyGoggles|PsychicSurge|TrickRoom,HelpingHand,FollowMe,DazzlingGleam|||F|||50|,,,,,Fairy]Incineroar||AssaultVest|Intimidate|FakeOut,FlareBlitz,KnockOff,Uturn|||M|||50|,,,,,Bug]Koraidon||LifeOrb|OrichalcumPulse|CloseCombat,Protect,FlareBlitz,FlameCharge||||||50|,,,,,Fire]Ursaluna||FlameOrb|Guts|Facade,Earthquake,HeadlongRush,Protect|||F|||50|,,,,,Ghost]Flutter Mane||FocusSash|Protosynthesis|Moonblast,IcyWind,Protect,Taunt||||||50|,,,,,Normal\n|showteam|p2|Calyrex-Ice||AssaultVest|AsOneGlastrier|GlacialLance,HighHorsepower,Crunch,SeedBomb||||||50|,,,,,Grass]Smeargle||FocusSash|Moody|FollowMe,Spore,FakeOut,Decorate|||F|||50|,,,,,Ghost]Kyogre||ChoiceScarf|Drizzle|WaterSpout,OriginPulse,HydroPump,Thunder||||||50|,,,,,Water]Maushold||WideLens|Technician|PopulationBomb,Bite,FollowMe,Protect||||||50|,,,,,Normal]Volcarona||RockyHelmet|FlameBody|Flamethrower,RagePowder,Tailwind,Protect|||F|||50|,,,,,Normal]Pawmot||MentalHerb|VoltAbsorb|FakeOut,RevivalBlessing,CloseCombat,Nuzzle|||F|||50|,,,,,Dark\n|inactive|Battle timer is ON: inactive players will automatically lose when time's up. (requested by elychee267)\n|j| SpatulaHands\n|j|+holdingb\n|j|%Tb0lt\n|inactive|elychee267 has 60 seconds left.\n|l|%Tb0lt\n|j|@Radio Free C-Side\n|j| mynamegrassgreen\n|\n|t:|1775190583\n|teamsize|p1|4\n|teamsize|p2|4\n|start\n|switch|p1a: Flutter Mane|Flutter Mane, L50, shiny|100/100\n|switch|p1b: Incineroar|Incineroar, L50, M, shiny|100/100\n|switch|p2a: Calyrex|Calyrex-Ice, L50|100/100\n|switch|p2b: Smeargle|Smeargle, L50, F|100/100\n|-ability|p2a: Calyrex|As One\n|-ability|p2a: Calyrex|Unnerve\n|-ability|p1b: Incineroar|Intimidate|boost\n|-unboost|p2a: Calyrex|atk|1\n|-unboost|p2b: Smeargle|atk|1\n|turn|1\n|j| kritath\n|l| kritath\n|inactive|1VLTSQ Joker has 30 seconds left.\n|j| kritath\n|j| toadsamongmen\n|j| 9999999ooo9999\n|inactive|1VLTSQ Joker has 20 seconds left.\n|inactive|1VLTSQ Joker has 15 seconds left.\n|inactive|1VLTSQ Joker has 10 seconds left.\n|\n|t:|1775190630\n|move|p2b: Smeargle|Fake Out|p1b: Incineroar\n|-damage|p1b: Incineroar|97/100\n|cant|p1b: Incineroar|flinch\n|move|p1a: Flutter Mane|Taunt|p2b: Smeargle\n|-start|p2b: Smeargle|move: Taunt\n|move|p2a: Calyrex|Glacial Lance|p1b: Incineroar|[spread] p1a,p1b\n|-resisted|p1b: Incineroar\n|-damage|p1a: Flutter Mane|17/100\n|-damage|p1b: Incineroar|81/100\n|\n|-ability|p2b: Smeargle|Moody|boost\n|-boost|p2b: Smeargle|spd|2\n|-unboost|p2b: Smeargle|def|1\n|upkeep\n|turn|2\n|l| 9999999ooo9999\n|inactive|1VLTSQ Joker has 30 seconds left.\n|\n|t:|1775190657\n|switch|p2b: Pawmot|Pawmot, L50, F|100/100\n|move|p1a: Flutter Mane|Icy Wind|p2a: Calyrex|[spread] p2a,p2b\n|-resisted|p2a: Calyrex\n|-damage|p2a: Calyrex|97/100\n|-damage|p2b: Pawmot|80/100\n|-unboost|p2a: Calyrex|spe|1\n|-unboost|p2b: Pawmot|spe|1\n|move|p1b: Incineroar|Flare Blitz|p2a: Calyrex\n|-supereffective|p2a: Calyrex\n|-damage|p2a: Calyrex|32/100\n|-damage|p1b: Incineroar|59/100|[from] Recoil\n|move|p2a: Calyrex|Glacial Lance|p1a: Flutter Mane|[spread] p1a,p1b\n|-resisted|p1b: Incineroar\n|-damage|p1a: Flutter Mane|0 fnt\n|-damage|p1b: Incineroar|41/100\n|faint|p1a: Flutter Mane\n|-end|p1a: Flutter Mane|Protosynthesis|[silent]\n|-ability|p2a: Calyrex|Chilling Neigh|boost\n|-boost|p2a: Calyrex|atk|1\n|\n|upkeep\n|\n|t:|1775190670\n|switch|p1a: Koraidon|Koraidon, L50|100/100\n|-weather|SunnyDay|[from] ability: Orichalcum Pulse|[of] p1a: Koraidon\n|-activate|p1a: Koraidon|Orichalcum Pulse|[source]\n|turn|3\n|inactive|1VLTSQ Joker has 30 seconds left.\n|\n|t:|1775190704\n|move|p1a: Koraidon|Protect|p1a: Koraidon\n|-singleturn|p1a: Koraidon|Protect\n|move|p2b: Pawmot|Nuzzle|p1a: Koraidon\n|-activate|p1a: Koraidon|move: Protect\n|move|p1b: Incineroar|Flare Blitz|p2a: Calyrex\n|-supereffective|p2a: Calyrex\n|-damage|p2a: Calyrex|0 fnt\n|faint|p2a: Calyrex\n|-damage|p1b: Incineroar|30/100|[from] Recoil\n|\n|-weather|SunnyDay|[upkeep]\n|upkeep\n|\n|t:|1775190710\n|switch|p2a: Smeargle|Smeargle, L50, F|100/100\n|turn|4\n|\n|t:|1775190727\n|switch|p1a: Lunala|Lunala, L50|100/100\n|move|p2a: Smeargle|Fake Out|p1a: Lunala\n|-immune|p1a: Lunala\n|move|p2b: Pawmot|Close Combat|p1b: Incineroar\n|-supereffective|p1b: Incineroar\n|-damage|p1b: Incineroar|0 fnt\n|-unboost|p2b: Pawmot|def|1\n|-unboost|p2b: Pawmot|spd|1\n|faint|p1b: Incineroar\n|\n|-weather|SunnyDay|[upkeep]\n|-ability|p2a: Smeargle|Moody|boost\n|-boost|p2a: Smeargle|spd|2\n|-unboost|p2a: Smeargle|atk|1\n|upkeep\n|\n|t:|1775190734\n|switch|p1b: Koraidon|Koraidon, L50|100/100\n|-activate|p1b: Koraidon|ability: Orichalcum Pulse\n|turn|5\n|\n|t:|1775190748\n|switch|p2b: Kyogre|Kyogre, L50|100/100\n|-weather|RainDance|[from] ability: Drizzle|[of] p2b: Kyogre\n|move|p1b: Koraidon|Protect|p1b: Koraidon\n|-singleturn|p1b: Koraidon|Protect\n|move|p2a: Smeargle|Spore|p1a: Lunala\n|-status|p1a: Lunala|slp|[from] move: Spore\n|cant|p1a: Lunala|slp\n|\n|-weather|RainDance|[upkeep]\n|-ability|p2a: Smeargle|Moody|boost\n|-boost|p2a: Smeargle|spe|2\n|-unboost|p2a: Smeargle|def|1\n|upkeep\n|turn|6\n|l| kritath\n|\n|t:|1775190769\n|-terastallize|p2b: Kyogre|Water\n|-curestatus|p1a: Lunala|slp|[msg]\n|move|p1a: Lunala|Wide Guard|p1a: Lunala\n|-singleturn|p1a: Lunala|Wide Guard\n|move|p2a: Smeargle|Spore|p1b: Koraidon\n|-status|p1b: Koraidon|slp|[from] move: Spore\n|move|p2b: Kyogre|Water Spout|p1b: Koraidon|[spread] \n|-activate|p1a: Lunala|move: Wide Guard\n|-activate|p1b: Koraidon|move: Wide Guard\n|cant|p1b: Koraidon|slp\n|\n|-weather|RainDance|[upkeep]\n|-ability|p2a: Smeargle|Moody|boost\n|-boost|p2a: Smeargle|def|2\n|-unboost|p2a: Smeargle|spa|1\n|upkeep\n|turn|7\n|\n|t:|1775190783\n|move|p1a: Lunala|Wide Guard|p1a: Lunala\n|-singleturn|p1a: Lunala|Wide Guard\n|move|p2a: Smeargle|Spore|p1a: Lunala\n|-status|p1a: Lunala|slp|[from] move: Spore\n|move|p2b: Kyogre|Water Spout|p1b: Koraidon|[spread] \n|-activate|p1a: Lunala|move: Wide Guard\n|-activate|p1b: Koraidon|move: Wide Guard\n|-curestatus|p1b: Koraidon|slp|[msg]\n|move|p1b: Koraidon|Close Combat|p2b: Kyogre\n|-damage|p2b: Kyogre|9/100\n|-unboost|p1b: Koraidon|def|1\n|-unboost|p1b: Koraidon|spd|1\n|-damage|p1b: Koraidon|91/100|[from] item: Life Orb\n|\n|-weather|RainDance|[upkeep]\n|-ability|p2a: Smeargle|Moody|boost\n|-boost|p2a: Smeargle|atk|2\n|-unboost|p2a: Smeargle|def|1\n|upkeep\n|turn|8\n|c|\u26061VLTSQ Joker|wild\n|j| aurora ltd\n|c|\u2606elychee267|yep\n|c|\u2606elychee267|so many first turn wake ups\n|\n|t:|1775190801\n|switch|p2b: Pawmot|Pawmot, L50, F|80/100\n|cant|p1a: Lunala|slp\n|move|p2a: Smeargle|Spore|p1b: Koraidon\n|-status|p1b: Koraidon|slp|[from] move: Spore\n|cant|p1b: Koraidon|slp\n|\n|-weather|RainDance|[upkeep]\n|-ability|p2a: Smeargle|Moody|boost\n|-boost|p2a: Smeargle|spd|2\n|-unboost|p2a: Smeargle|def|1\n|upkeep\n|turn|9\n|\n|t:|1775190820\n|-curestatus|p1b: Koraidon|slp|[msg]\n|move|p1b: Koraidon|Protect|p1b: Koraidon\n|-singleturn|p1b: Koraidon|Protect\n|move|p2a: Smeargle|Decorate|p2b: Pawmot\n|-boost|p2b: Pawmot|atk|2\n|-boost|p2b: Pawmot|spa|2\n|move|p2b: Pawmot|Close Combat|p1b: Koraidon\n|-activate|p1b: Koraidon|move: Protect\n|cant|p1a: Lunala|slp\n|\n|-weather|none\n|-ability|p2a: Smeargle|Moody|boost\n|-boost|p2a: Smeargle|atk|2\n|-unboost|p2a: Smeargle|spd|1\n|upkeep\n|turn|10\n|j| Graffiti Boy\n|l| Graffiti Boy\n|\n|t:|1775190839\n|move|p2a: Smeargle|Spore|p1b: Koraidon\n|-status|p1b: Koraidon|slp|[from] move: Spore\n|cant|p1b: Koraidon|slp\n|move|p2b: Pawmot|Close Combat|p1b: Koraidon\n|-damage|p1b: Koraidon|0 fnt\n|-unboost|p2b: Pawmot|def|1\n|-unboost|p2b: Pawmot|spd|1\n|faint|p1b: Koraidon\n|-curestatus|p1a: Lunala|slp|[msg]\n|move|p1a: Lunala|Expanding Force|p2b: Pawmot\n|-supereffective|p2b: Pawmot\n|-damage|p2b: Pawmot|0 fnt\n|faint|p2b: Pawmot\n|\n|-ability|p2a: Smeargle|Moody|boost\n|-boost|p2a: Smeargle|spa|2\n|-unboost|p2a: Smeargle|atk|1\n|upkeep\n|\n|t:|1775190848\n|switch|p2b: Kyogre|Kyogre, L50, tera:Water|9/100\n|-weather|RainDance|[from] ability: Drizzle|[of] p2b: Kyogre\n|turn|11\n|\n|t:|1775190861\n|move|p2a: Smeargle|Spore|p1a: Lunala\n|-status|p1a: Lunala|slp|[from] move: Spore\n|move|p2b: Kyogre|Hydro Pump|p1a: Lunala\n|-damage|p1a: Lunala|61/100 slp\n|cant|p1a: Lunala|slp\n|\n|-weather|RainDance|[upkeep]\n|-heal|p1a: Lunala|67/100 slp|[from] item: Leftovers\n|-ability|p2a: Smeargle|Moody|boost\n|-boost|p2a: Smeargle|spa|2\n|-unboost|p2a: Smeargle|spe|1\n|upkeep\n|turn|12\n|\n|t:|1775190873\n|-terastallize|p1a: Lunala|Water\n|move|p2a: Smeargle|Follow Me|p2a: Smeargle\n|-singleturn|p2a: Smeargle|move: Follow Me\n|move|p2b: Kyogre|Hydro Pump|p1a: Lunala|[miss]\n|-miss|p2b: Kyogre|p1a: Lunala\n|-curestatus|p1a: Lunala|slp|[msg]\n|move|p1a: Lunala|Expanding Force|p2a: Smeargle\n|-damage|p2a: Smeargle|65/100\n|\n|-weather|RainDance|[upkeep]\n|-heal|p1a: Lunala|73/100|[from] item: Leftovers\n|-ability|p2a: Smeargle|Moody|boost\n|-boost|p2a: Smeargle|spe|2\n|-unboost|p2a: Smeargle|atk|1\n|upkeep\n|turn|13\n|c|\u26061VLTSQ Joker|bro\n|j| speedyturtle87\n|c|\u2606elychee267|this is basically a stalemate rn\n|\n|t:|1775190892\n|move|p2a: Smeargle|Spore|p1a: Lunala\n|-status|p1a: Lunala|slp|[from] move: Spore\n|move|p2b: Kyogre|Hydro Pump|p1a: Lunala|[miss]\n|-miss|p2b: Kyogre|p1a: Lunala\n|cant|p1a: Lunala|slp\n|\n|-weather|RainDance|[upkeep]\n|-heal|p1a: Lunala|80/100 slp|[from] item: Leftovers\n|-ability|p2a: Smeargle|Moody|boost\n|-boost|p2a: Smeargle|def|2\n|-unboost|p2a: Smeargle|atk|1\n|upkeep\n|turn|14\n|\n|t:|1775190901\n|move|p2a: Smeargle|Decorate|p2b: Kyogre\n|-boost|p2b: Kyogre|atk|2\n|-boost|p2b: Kyogre|spa|2\n|move|p2b: Kyogre|Hydro Pump|p1a: Lunala|[miss]\n|-miss|p2b: Kyogre|p1a: Lunala\n|-curestatus|p1a: Lunala|slp|[msg]\n|move|p1a: Lunala|Expanding Force|p2a: Smeargle\n|-damage|p2a: Smeargle|25/100\n|\n|-weather|RainDance|[upkeep]\n|-heal|p1a: Lunala|86/100|[from] item: Leftovers\n|-ability|p2a: Smeargle|Moody|boost\n|-boost|p2a: Smeargle|spa|2\n|-unboost|p2a: Smeargle|atk|1\n|upkeep\n|turn|15\n|c|\u2606elychee267|2 misses lol\n|c|\u2606elychee267|3 misses????\n|\n|t:|1775190912\n|move|p2a: Smeargle|Spore|p1a: Lunala\n|-status|p1a: Lunala|slp|[from] move: Spore\n|move|p2b: Kyogre|Hydro Pump|p1a: Lunala\n|-resisted|p1a: Lunala\n|-damage|p1a: Lunala|0 fnt\n|faint|p1a: Lunala\n|\n|win|1VLTSQ Joker\n|c|\u26061VLTSQ Joker|there we go\n|c|@Radio Free C-Side|why did you attack the smeargle\n|inactive|elychee267 has 30 seconds to confirm battle start!\n|inactive|1VLTSQ Joker has 30 seconds to confirm battle start!\n|c|\u26061VLTSQ Joker|cus he felt bad\n||elychee267 is ready for game 2.\n||1VLTSQ Joker is ready for game 2.\n|uhtml|next|Next: <a href=\"/battle-gen9vgc2026regi-2574030370\"><strong>Game 2 of 3</strong></a>\n|l|+holdingb\n|l|@Radio Free C-Side\n|l| speedyturtle87\n|l| SpatulaHands\n|l|\u26061VLTSQ Joker\n|player|p2|\n|l| toadsamongmen\n","uploadtime":1775191273,"views":10,"formatid":"gen9vgc2026regi","rating":null,"private":0,"password":null}