{"id":"gen9vgc2026regi-2517575548","format":"[Gen 9] VGC 2026 Reg I","players":["fogdocker","sibylla_system"],"log":"|j|\u2606fogdocker\n|j|\u2606sibylla_system\n|t:|1768279120\n|gametype|doubles\n|player|p1|fogdocker|170|1361\n|player|p2|sibylla_system|1|1351\n|gen|9\n|tier|[Gen 9] VGC 2026 Reg I\n|rated|\n|rule|Species Clause: Limit one of each Pok\u00e9mon\n|rule|Item Clause: Limit 1 of each item\n|clearpoke\n|poke|p1|Koraidon, L50|\n|poke|p1|Flutter Mane, L50|\n|poke|p1|Calyrex-Ice, L50|\n|poke|p1|Incineroar, L50, F|\n|poke|p1|Rillaboom, L50, F|\n|poke|p1|Amoonguss, L50, F|\n|poke|p2|Calyrex-Shadow, L50|\n|poke|p2|Zamazenta-*, L50|\n|poke|p2|Raging Bolt, L50|\n|poke|p2|Chien-Pao, L50|\n|poke|p2|Dragonite, L50, F|\n|poke|p2|Rillaboom, L50, M|\n|teampreview|4\n|\n|t:|1768279168\n|teamsize|p1|4\n|teamsize|p2|4\n|start\n|switch|p1a: Calyrex|Calyrex-Ice, L50|100/100\n|switch|p1b: Incineroar|Incineroar, L50, F|100/100\n|switch|p2a: Zamazenta|Zamazenta-Crowned, L50, shiny|100/100\n|switch|p2b: Raging Bolt|Raging Bolt, L50|100/100\n|-ability|p1a: Calyrex|As One\n|-ability|p1a: Calyrex|Unnerve\n|-ability|p2a: Zamazenta|Dauntless Shield|boost\n|-boost|p2a: Zamazenta|def|1\n|-ability|p1b: Incineroar|Intimidate|boost\n|-unboost|p2a: Zamazenta|atk|1\n|-unboost|p2b: Raging Bolt|atk|1\n|-enditem|p2b: Raging Bolt|Booster Energy\n|-activate|p2b: Raging Bolt|ability: Protosynthesis|[fromitem]\n|-start|p2b: Raging Bolt|protosynthesisspa\n|turn|1\n|inactive|Battle timer is ON: inactive players will automatically lose when time's up. (requested by sibylla_system)\n|inactive|sibylla_system has 60 seconds left.\n|inactive|sibylla_system has 30 seconds left.\n|\n|t:|1768279237\n|switch|p1b: Amoonguss|Amoonguss, L50, F|100/100\n|move|p2a: Zamazenta|Body Press|p1b: Amoonguss\n|-resisted|p1b: Amoonguss\n|-damage|p1b: Amoonguss|74/100\n|-damage|p2a: Zamazenta|84/100|[from] item: Rocky Helmet|[of] p1b: Amoonguss\n|move|p2b: Raging Bolt|Thunderbolt|p1a: Calyrex\n|-damage|p1a: Calyrex|59/100\n|move|p1a: Calyrex|Trick Room|p1a: Calyrex\n|-fieldstart|move: Trick Room|[of] p1a: Calyrex\n|\n|-heal|p1a: Calyrex|65/100|[from] item: Leftovers\n|upkeep\n|turn|2\n|inactive|sibylla_system has 30 seconds left.\n|\n|t:|1768279262\n|move|p2b: Raging Bolt|Protect|p2b: Raging Bolt\n|-singleturn|p2b: Raging Bolt|Protect\n|move|p1b: Amoonguss|Spore|p2b: Raging Bolt\n|-activate|p2b: Raging Bolt|move: Protect\n|move|p1a: Calyrex|Glacial Lance|p2a: Zamazenta|[spread] p2a\n|-activate|p2b: Raging Bolt|move: Protect\n|-resisted|p2a: Zamazenta\n|-damage|p2a: Zamazenta|75/100\n|move|p2a: Zamazenta|Body Press|p1a: Calyrex\n|-damage|p1a: Calyrex|20/100\n|\n|-heal|p1a: Calyrex|26/100|[from] item: Leftovers\n|upkeep\n|turn|3\n|inactive|sibylla_system has 30 seconds left.\n|\n|t:|1768279297\n|-end|p2b: Raging Bolt|Protosynthesis|[silent]\n|switch|p2b: Chien-Pao|Chien-Pao, L50|100/100\n|-ability|p2b: Chien-Pao|Sword of Ruin\n|move|p1b: Amoonguss|Pollen Puff|p1a: Calyrex\n|-heal|p1a: Calyrex|76/100\n|move|p1a: Calyrex|Leech Seed|p2a: Zamazenta|[miss]\n|-miss|p1a: Calyrex|p2a: Zamazenta\n|move|p2a: Zamazenta|Body Press|p1a: Calyrex\n|-crit|p1a: Calyrex\n|-damage|p1a: Calyrex|0 fnt\n|faint|p1a: Calyrex\n|\n|upkeep\n|\n|t:|1768279319\n|switch|p1a: Incineroar|Incineroar, L50, F|100/100\n|-ability|p1a: Incineroar|Intimidate|boost\n|-unboost|p2a: Zamazenta|atk|1\n|-unboost|p2b: Chien-Pao|atk|1\n|turn|4\n|\n|t:|1768279339\n|switch|p1a: Koraidon|Koraidon, L50|100/100\n|-weather|SunnyDay|[from] ability: Orichalcum Pulse|[of] p1a: Koraidon\n|-activate|p1a: Koraidon|Orichalcum Pulse|[source]\n|move|p1b: Amoonguss|Spore|p2a: Zamazenta\n|-status|p2a: Zamazenta|slp|[from] move: Spore\n|cant|p2a: Zamazenta|slp\n|move|p2b: Chien-Pao|Sacred Sword|p1a: Koraidon\n|-damage|p1a: Koraidon|64/100\n|-damage|p2b: Chien-Pao|91/100|[from] item: Life Orb\n|\n|-weather|SunnyDay|[upkeep]\n|upkeep\n|turn|5\n|inactive|sibylla_system has 30 seconds left.\n|\n|t:|1768279371\n|-terastallize|p2a: Zamazenta|Water\n|-terastallize|p1a: Koraidon|Fire\n|move|p2b: Chien-Pao|Ice Shard|p1b: Amoonguss\n|-supereffective|p1b: Amoonguss\n|-damage|p1b: Amoonguss|39/100\n|-damage|p2b: Chien-Pao|81/100|[from] item: Life Orb\n|move|p1b: Amoonguss|Spore|p2b: Chien-Pao\n|-status|p2b: Chien-Pao|slp|[from] move: Spore\n|cant|p2a: Zamazenta|slp\n|move|p1a: Koraidon|Flame Charge|p2a: Zamazenta\n|-resisted|p2a: Zamazenta\n|-damage|p2a: Zamazenta|57/100 slp\n|-boost|p1a: Koraidon|spe|1\n|-damage|p1a: Koraidon|54/100|[from] item: Life Orb\n|\n|-weather|SunnyDay|[upkeep]\n|-fieldend|move: Trick Room\n|upkeep\n|turn|6\n|inactive|fogdocker has 30 seconds left.\n|inactive|sibylla_system has 30 seconds left.\n|inactive|fogdocker has 20 seconds left.\n|inactive|fogdocker has 15 seconds left.\n|inactive|fogdocker has 10 seconds left.\n|inactive|fogdocker has 5 seconds left.\n|\n|t:|1768279425\n|move|p1a: Koraidon|Protect|p1a: Koraidon\n|-singleturn|p1a: Koraidon|Protect\n|cant|p2b: Chien-Pao|slp\n|-curestatus|p2a: Zamazenta|slp|[msg]\n|move|p2a: Zamazenta|Body Press|p1a: Koraidon\n|-activate|p1a: Koraidon|move: Protect\n|move|p1b: Amoonguss|Spore|p2a: Zamazenta\n|-status|p2a: Zamazenta|slp|[from] move: Spore\n|\n|-weather|SunnyDay|[upkeep]\n|upkeep\n|turn|7\n|\n|t:|1768279446\n|switch|p2b: Raging Bolt|Raging Bolt, L50|100/100\n|-activate|p2b: Raging Bolt|ability: Protosynthesis\n|-start|p2b: Raging Bolt|protosynthesisspa\n|move|p1a: Koraidon|Close Combat|p2a: Zamazenta\n|-damage|p2a: Zamazenta|17/100 slp\n|-unboost|p1a: Koraidon|def|1\n|-unboost|p1a: Koraidon|spd|1\n|-damage|p1a: Koraidon|44/100|[from] item: Life Orb\n|cant|p2a: Zamazenta|slp\n|move|p1b: Amoonguss|Pollen Puff|p1a: Koraidon\n|-heal|p1a: Koraidon|94/100\n|\n|-weather|SunnyDay|[upkeep]\n|upkeep\n|turn|8\n|inactive|fogdocker has 30 seconds left.\n|inactive|sibylla_system has 30 seconds left.\n|inactive|fogdocker has 20 seconds left.\n|inactive|fogdocker has 15 seconds left.\n|\n|t:|1768279489\n|move|p1b: Amoonguss|Rage Powder|p1b: Amoonguss\n|-singleturn|p1b: Amoonguss|move: Rage Powder\n|move|p1a: Koraidon|Close Combat|p2b: Raging Bolt\n|-damage|p2b: Raging Bolt|9/100\n|-unboost|p1a: Koraidon|def|1\n|-unboost|p1a: Koraidon|spd|1\n|-damage|p1a: Koraidon|84/100|[from] item: Life Orb\n|cant|p2a: Zamazenta|slp\n|move|p2b: Raging Bolt|Dragon Pulse|p1b: Amoonguss\n|-damage|p1b: Amoonguss|0 fnt\n|faint|p1b: Amoonguss\n|\n|-weather|none\n|-end|p2b: Raging Bolt|Protosynthesis\n|upkeep\n|\n|t:|1768279500\n|switch|p1b: Incineroar|Incineroar, L50, F|100/100\n|-ability|p1b: Incineroar|Intimidate|boost\n|-unboost|p2a: Zamazenta|atk|1\n|-unboost|p2b: Raging Bolt|atk|1\n|turn|9\n|\n|t:|1768279524\n|move|p1b: Incineroar|Fake Out|p2b: Raging Bolt\n|-damage|p2b: Raging Bolt|0 fnt\n|faint|p2b: Raging Bolt\n|-end|p2b: Raging Bolt|Protosynthesis|[silent]\n|move|p1a: Koraidon|Close Combat|p2a: Zamazenta\n|-damage|p2a: Zamazenta|0 fnt\n|-unboost|p1a: Koraidon|def|1\n|-unboost|p1a: Koraidon|spd|1\n|faint|p2a: Zamazenta\n|-damage|p1a: Koraidon|75/100|[from] item: Life Orb\n|\n|upkeep\n|\n|t:|1768279534\n|switch|p2a: Calyrex|Calyrex-Shadow, L50|100/100\n|switch|p2b: Chien-Pao|Chien-Pao, L50|81/100 slp\n|-ability|p2a: Calyrex|As One\n|-ability|p2a: Calyrex|Unnerve\n|-ability|p2b: Chien-Pao|Sword of Ruin\n|turn|10\n|\n|t:|1768279548\n|move|p1a: Koraidon|Flare Blitz|p2b: Chien-Pao\n|-supereffective|p2b: Chien-Pao\n|-damage|p2b: Chien-Pao|0 fnt\n|faint|p2b: Chien-Pao\n|-damage|p1a: Koraidon|51/100|[from] Recoil\n|-damage|p1a: Koraidon|41/100|[from] item: Life Orb\n|move|p2a: Calyrex|Astral Barrage|p1a: Koraidon|[spread] p1a,p1b\n|-resisted|p1b: Incineroar\n|-damage|p1a: Koraidon|0 fnt\n|-damage|p1b: Incineroar|76/100\n|faint|p1a: Koraidon\n|-ability|p2a: Calyrex|Grim Neigh|boost\n|-boost|p2a: Calyrex|spa|1\n|move|p1b: Incineroar|Knock Off|p2a: Calyrex\n|-supereffective|p2a: Calyrex\n|-crit|p2a: Calyrex\n|-enditem|p2a: Calyrex|Focus Sash\n|-damage|p2a: Calyrex|1/100\n|\n|upkeep\n|turn|11\n|\n|t:|1768279570\n|move|p2a: Calyrex|Dark Pulse|p1b: Incineroar\n|-resisted|p1b: Incineroar\n|-damage|p1b: Incineroar|53/100\n|move|p1b: Incineroar|Knock Off|p2a: Calyrex\n|-supereffective|p2a: Calyrex\n|-damage|p2a: Calyrex|0 fnt\n|faint|p2a: Calyrex\n|\n|win|fogdocker\n|raw|fogdocker's rating: 1361 &rarr; <strong>1380</strong><br />(+19 for winning)\n|raw|sibylla_system's rating: 1351 &rarr; <strong>1332</strong><br />(-19 for losing)\n","uploadtime":1768279573,"views":13,"formatid":"gen9vgc2026regi","rating":1332,"private":0,"password":null}