{"id":"gen9vgc2026regi-2591002733","format":"[Gen 9] VGC 2026 Reg I","players":["quisiimo","theboyparris"],"log":"|j|\u2606quisiimo\n|j|\u2606theboyparris\n|t:|1776867763\n|gametype|doubles\n|player|p1|quisiimo|101|1432\n|player|p2|theboyparris|policeman|1508\n|gen|9\n|tier|[Gen 9] VGC 2026 Reg I\n|rated|\n|rule|Species Clause: Limit one of each Pok\u00e9mon\n|rule|Item Clause: Limit 1 of each item\n|clearpoke\n|poke|p1|Calyrex-Shadow, L50|\n|poke|p1|Zamazenta-*, L50|\n|poke|p1|Ursaluna, L50, F|\n|poke|p1|Incineroar, L50, M|\n|poke|p1|Urshifu-*, L50, M|\n|poke|p1|Raging Bolt, L50|\n|poke|p2|Calyrex-Ice, L50|\n|poke|p2|Incineroar, L50, F|\n|poke|p2|Miraidon, L50|\n|poke|p2|Urshifu-*, L50, F|\n|poke|p2|Farigiraf, L50, M|\n|poke|p2|Ditto, L50|\n|teampreview|4\n|inactive|Battle timer is ON: inactive players will automatically lose when time's up. (requested by theboyparris)\n|inactive|quisiimo has 60 seconds left.\n|\n|t:|1776867820\n|teamsize|p1|4\n|teamsize|p2|4\n|start\n|switch|p1a: Calyrex|Calyrex-Shadow, L50|100/100\n|switch|p1b: Raging Bolt|Raging Bolt, L50|100/100\n|switch|p2a: Miraidon|Miraidon, L50|100/100\n|switch|p2b: Farigiraf|Farigiraf, L50, M|100/100\n|-ability|p1a: Calyrex|As One\n|-ability|p1a: Calyrex|Unnerve\n|-fieldstart|move: Electric Terrain|[from] ability: Hadron Engine|[of] p2a: Miraidon\n|-enditem|p2b: Farigiraf|Electric Seed\n|-boost|p2b: Farigiraf|def|1|[from] item: Electric Seed\n|-enditem|p1b: Raging Bolt|Booster Energy\n|-activate|p1b: Raging Bolt|ability: Protosynthesis|[fromitem]\n|-start|p1b: Raging Bolt|protosynthesisspa\n|turn|1\n|inactive|quisiimo has 30 seconds left.\n|inactive|quisiimo has 20 seconds left.\n|inactive|quisiimo has 15 seconds left.\n|\n|t:|1776867862\n|switch|p1a: Ursaluna|Ursaluna, L50, F, shiny|100/100\n|move|p2b: Farigiraf|Helping Hand|p2a: Miraidon\n|-singleturn|p2a: Miraidon|Helping Hand|[of] p2b: Farigiraf\n|move|p2a: Miraidon|Draco Meteor|p1b: Raging Bolt\n|-supereffective|p1b: Raging Bolt\n|-damage|p1b: Raging Bolt|0 fnt\n|-unboost|p2a: Miraidon|spa|2\n|faint|p1b: Raging Bolt\n|-end|p1b: Raging Bolt|Protosynthesis|[silent]\n|\n|-status|p1a: Ursaluna|brn|[from] item: Flame Orb\n|upkeep\n|\n|t:|1776867880\n|switch|p1b: Calyrex|Calyrex-Shadow, L50|100/100\n|-ability|p1b: Calyrex|As One\n|-ability|p1b: Calyrex|Unnerve\n|turn|2\n|\n|t:|1776867887\n|move|p2b: Farigiraf|Helping Hand|p2a: Miraidon\n|-singleturn|p2a: Miraidon|Helping Hand|[of] p2b: Farigiraf\n|move|p1b: Calyrex|Protect|p1b: Calyrex\n|-singleturn|p1b: Calyrex|Protect\n|move|p2a: Miraidon|Draco Meteor|p1a: Ursaluna\n|-damage|p1a: Ursaluna|8/100 brn\n|-unboost|p2a: Miraidon|spa|2\n|move|p1a: Ursaluna|Earthquake|p2b: Farigiraf|[spread] p2a,p2b\n|-activate|p1b: Calyrex|move: Protect\n|-supereffective|p2a: Miraidon\n|-damage|p2a: Miraidon|0 fnt\n|-damage|p2b: Farigiraf|67/100\n|faint|p2a: Miraidon\n|\n|-damage|p1a: Ursaluna|2/100 brn|[from] brn\n|upkeep\n|\n|t:|1776867893\n|switch|p2a: Ditto|Ditto, L50|100/100\n|-transform|p2a: Ditto|p1b: Calyrex|[from] ability: Imposter\n|-ability|p2a: Ditto|As One\n|-ability|p2a: Ditto|Unnerve\n|turn|3\n|inactive|quisiimo has 30 seconds left.\n|inactive|quisiimo has 20 seconds left.\n|inactive|quisiimo has 15 seconds left.\n|inactive|quisiimo has 10 seconds left.\n|inactive|quisiimo has 5 seconds left.\n|\n|t:|1776867945\n|move|p2a: Ditto|Astral Barrage|p1b: Calyrex|[spread] p1b\n|-immune|p1a: Ursaluna\n|-supereffective|p1b: Calyrex\n|-enditem|p1b: Calyrex|Focus Sash\n|-damage|p1b: Calyrex|1/100\n|move|p1b: Calyrex|Astral Barrage|p2b: Farigiraf|[spread] p2a\n|-immune|p2b: Farigiraf\n|-supereffective|p2a: Ditto\n|-damage|p2a: Ditto|0 fnt\n|faint|p2a: Ditto\n|-ability|p1b: Calyrex|Grim Neigh|boost\n|-boost|p1b: Calyrex|spa|1\n|move|p2b: Farigiraf|Foul Play|p1a: Ursaluna\n|-damage|p1a: Ursaluna|0 fnt\n|faint|p1a: Ursaluna\n|\n|upkeep\n|\n|t:|1776867964\n|switch|p2a: Calyrex|Calyrex-Ice, L50|100/100\n|switch|p1a: Zamazenta|Zamazenta-Crowned, L50, shiny|100/100\n|-ability|p2a: Calyrex|As One\n|-ability|p2a: Calyrex|Unnerve\n|-ability|p1a: Zamazenta|Dauntless Shield|boost\n|-boost|p1a: Zamazenta|def|1\n|turn|4\n|\n|t:|1776867976\n|-terastallize|p2a: Calyrex|Water\n|move|p1b: Calyrex|Astral Barrage|p2a: Calyrex|[spread] p2a\n|-immune|p2b: Farigiraf\n|-damage|p2a: Calyrex|46/100\n|move|p1a: Zamazenta|Body Press|p2b: Farigiraf\n|-damage|p2b: Farigiraf|26/100\n|move|p2b: Farigiraf|Foul Play|p1b: Calyrex\n|-supereffective|p1b: Calyrex\n|-damage|p1b: Calyrex|0 fnt\n|faint|p1b: Calyrex\n|move|p2a: Calyrex|Trick Room|p2a: Calyrex\n|-fieldstart|move: Trick Room|[of] p2a: Calyrex\n|\n|-heal|p2a: Calyrex|51/100|[from] item: Leftovers\n|upkeep\n|turn|5\n|\n|t:|1776868000\n|move|p2a: Calyrex|Leech Seed|p1a: Zamazenta\n|-start|p1a: Zamazenta|move: Leech Seed\n|move|p2b: Farigiraf|Psychic|p1a: Zamazenta\n|-damage|p1a: Zamazenta|74/100\n|move|p1a: Zamazenta|Body Press|p2b: Farigiraf\n|-damage|p2b: Farigiraf|0 fnt\n|faint|p2b: Farigiraf\n|\n|-heal|p2a: Calyrex|57/100|[from] item: Leftovers\n|-damage|p1a: Zamazenta|62/100|[from] Leech Seed|[of] p2a: Calyrex\n|-heal|p2a: Calyrex|67/100|[silent]\n|-fieldend|move: Electric Terrain\n|upkeep\n|turn|6\n|\n|t:|1776868024\n|move|p2a: Calyrex|Protect|p2a: Calyrex\n|-singleturn|p2a: Calyrex|Protect\n|move|p1a: Zamazenta|Body Press|p2a: Calyrex\n|-activate|p2a: Calyrex|move: Protect\n|\n|-heal|p2a: Calyrex|73/100|[from] item: Leftovers\n|-damage|p1a: Zamazenta|50/100|[from] Leech Seed|[of] p2a: Calyrex\n|-heal|p2a: Calyrex|83/100|[silent]\n|upkeep\n|turn|7\n|\n|t:|1776868035\n|move|p2a: Calyrex|Glacial Lance|p1a: Zamazenta\n|-resisted|p1a: Zamazenta\n|-damage|p1a: Zamazenta|36/100\n|move|p1a: Zamazenta|Body Press|p2a: Calyrex\n|-damage|p2a: Calyrex|37/100\n|\n|-heal|p2a: Calyrex|43/100|[from] item: Leftovers\n|-damage|p1a: Zamazenta|24/100|[from] Leech Seed|[of] p2a: Calyrex\n|-heal|p2a: Calyrex|53/100|[silent]\n|upkeep\n|turn|8\n|\n|t:|1776868051\n|move|p2a: Calyrex|Protect|p2a: Calyrex\n|-singleturn|p2a: Calyrex|Protect\n|move|p1a: Zamazenta|Body Press|p2a: Calyrex\n|-activate|p2a: Calyrex|move: Protect\n|\n|-heal|p2a: Calyrex|59/100|[from] item: Leftovers\n|-damage|p1a: Zamazenta|12/100|[from] Leech Seed|[of] p2a: Calyrex\n|-heal|p2a: Calyrex|69/100|[silent]\n|-fieldend|move: Trick Room\n|upkeep\n|turn|9\n|\n|t:|1776868062\n|move|p2a: Calyrex|Protect||[still]\n|-fail|p2a: Calyrex\n|move|p1a: Zamazenta|Body Press|p2a: Calyrex\n|-damage|p2a: Calyrex|28/100\n|\n|-heal|p2a: Calyrex|34/100|[from] item: Leftovers\n|-damage|p1a: Zamazenta|0 fnt|[from] Leech Seed|[of] p2a: Calyrex\n|-heal|p2a: Calyrex|44/100|[silent]\n|faint|p1a: Zamazenta\n|\n|win|theboyparris\n|raw|quisiimo's rating: 1432 &rarr; <strong>1416</strong><br />(-16 for losing)\n|raw|theboyparris's rating: 1508 &rarr; <strong>1524</strong><br />(+16 for winning)\n|l|\u2606quisiimo\n|player|p1|\n|l|\u2606theboyparris\n|player|p2|\n","uploadtime":1776868271,"views":7,"formatid":"gen9vgc2026regi","rating":1416,"private":0,"password":null}