{"id":"gen9vgc2026regi-2562455389","format":"[Gen 9] VGC 2026 Reg I","players":["randomcatFFR","mikachu83983"],"log":"|j|\u2606randomcatFFR\n|j|\u203dmikachu83983\n|t:|1773919365\n|gametype|doubles\n|player|p1|randomcatFFR|bugcatcher-gen4dp|1431\n|player|p2|mikachu83983|brock|1473\n|gen|9\n|tier|[Gen 9] VGC 2026 Reg I\n|rated|\n|rule|Species Clause: Limit one of each Pok\u00e9mon\n|rule|Item Clause: Limit 1 of each item\n|clearpoke\n|poke|p1|Calyrex-Shadow, L50|\n|poke|p1|Zamazenta-*, L50|\n|poke|p1|Ogerpon-Hearthflame, L50, F|\n|poke|p1|Incineroar, L50, M|\n|poke|p1|Rillaboom, L50, M|\n|poke|p1|Raging Bolt, L50|\n|poke|p2|Koraidon, L50|\n|poke|p2|Calyrex-Shadow, L50|\n|poke|p2|Scream Tail, L50|\n|poke|p2|Amoonguss, L50, F|\n|poke|p2|Flutter Mane, L50|\n|poke|p2|Incineroar, L50, M|\n|teampreview|4\n|inactive|Battle timer is ON: inactive players will automatically lose when time's up. (requested by mikachu83983)\n|inactive|randomcatFFR has 60 seconds left.\n|inactive|randomcatFFR has 30 seconds left.\n|\n|t:|1773919451\n|teamsize|p1|4\n|teamsize|p2|4\n|start\n|switch|p1a: Calyrex|Calyrex-Shadow, L50|100/100\n|switch|p1b: Ogerpon|Ogerpon-Hearthflame, L50, F|100/100\n|switch|p2a: Koraidon|Koraidon, L50, shiny|100/100\n|switch|p2b: Incineroar|Incineroar, L50, M|100/100\n|-ability|p1a: Calyrex|As One\n|-ability|p1a: Calyrex|Unnerve\n|-weather|SunnyDay|[from] ability: Orichalcum Pulse|[of] p2a: Koraidon\n|-activate|p2a: Koraidon|Orichalcum Pulse|[source]\n|-ability|p1b: Ogerpon|Mold Breaker\n|-ability|p2b: Incineroar|Intimidate|boost\n|-unboost|p1a: Calyrex|atk|1\n|-unboost|p1b: Ogerpon|atk|1\n|turn|1\n|inactive|mikachu83983 has 30 seconds left.\n|\n|t:|1773919485\n|move|p1a: Calyrex|Protect|p1a: Calyrex\n|-singleturn|p1a: Calyrex|Protect\n|move|p2a: Koraidon|Protect|p2a: Koraidon\n|-singleturn|p2a: Koraidon|Protect\n|move|p1b: Ogerpon|Spiky Shield|p1b: Ogerpon\n|-singleturn|p1b: Ogerpon|move: Protect\n|move|p2b: Incineroar|U-turn|p1a: Calyrex\n|-activate|p1a: Calyrex|move: Protect\n|\n|-weather|SunnyDay|[upkeep]\n|upkeep\n|turn|2\n|\n|t:|1773919499\n|-terastallize|p2a: Koraidon|Fire\n|move|p1b: Ogerpon|Follow Me|p1b: Ogerpon\n|-singleturn|p1b: Ogerpon|move: Follow Me\n|move|p1a: Calyrex|Nasty Plot|p1a: Calyrex\n|-boost|p1a: Calyrex|spa|2\n|move|p2a: Koraidon|Flame Charge|p1b: Ogerpon\n|-damage|p1b: Ogerpon|23/100\n|-boost|p2a: Koraidon|spe|1\n|-damage|p2a: Koraidon|91/100|[from] item: Life Orb\n|move|p2b: Incineroar|U-turn|p1b: Ogerpon\n|-damage|p1b: Ogerpon|5/100\n|\n|t:|1773919510\n|switch|p2b: Scream Tail|Scream Tail, L50|100/100|[from] U-turn\n|-activate|p2b: Scream Tail|ability: Protosynthesis\n|-start|p2b: Scream Tail|protosynthesisspe\n|\n|-weather|SunnyDay|[upkeep]\n|upkeep\n|turn|3\n|\n|t:|1773919519\n|move|p1b: Ogerpon|Follow Me|p1b: Ogerpon\n|-singleturn|p1b: Ogerpon|move: Follow Me\n|move|p2a: Koraidon|Flame Charge|p1b: Ogerpon\n|-damage|p1b: Ogerpon|0 fnt\n|-boost|p2a: Koraidon|spe|1\n|faint|p1b: Ogerpon\n|-damage|p2a: Koraidon|81/100|[from] item: Life Orb\n|move|p2b: Scream Tail|Encore|p1a: Calyrex\n|-start|p1a: Calyrex|Encore\n|move|p1a: Calyrex|Nasty Plot|p1a: Calyrex\n|-boost|p1a: Calyrex|spa|2\n|\n|-weather|SunnyDay|[upkeep]\n|upkeep\n|\n|t:|1773919530\n|switch|p1b: Zamazenta|Zamazenta-Crowned, L50, shiny|100/100\n|-ability|p1b: Zamazenta|Dauntless Shield|boost\n|-boost|p1b: Zamazenta|def|1\n|turn|4\n|inactive|mikachu83983 has 30 seconds left.\n|inactive|randomcatFFR has 30 seconds left.\n|\n|t:|1773919571\n|switch|p1a: Incineroar|Incineroar, L50, M, shiny|100/100\n|-ability|p1a: Incineroar|Intimidate|boost\n|-unboost|p2a: Koraidon|atk|1\n|-unboost|p2b: Scream Tail|atk|1\n|-terastallize|p1b: Zamazenta|Fighting\n|move|p2a: Koraidon|Protect|p2a: Koraidon\n|-singleturn|p2a: Koraidon|Protect\n|move|p2b: Scream Tail|Disable||[still]\n|-fail|p2b: Scream Tail\n|move|p1b: Zamazenta|Body Press|p2a: Koraidon\n|-activate|p2a: Koraidon|move: Protect\n|\n|-weather|SunnyDay|[upkeep]\n|upkeep\n|turn|5\n|inactive|mikachu83983 has 30 seconds left.\n|\n|t:|1773919603\n|move|p1a: Incineroar|Fake Out|p2b: Scream Tail\n|-damage|p2b: Scream Tail|91/100\n|move|p2a: Koraidon|Close Combat|p1a: Incineroar\n|-supereffective|p1a: Incineroar\n|-damage|p1a: Incineroar|2/100\n|-unboost|p2a: Koraidon|def|1\n|-unboost|p2a: Koraidon|spd|1\n|-damage|p2a: Koraidon|65/100|[from] item: Rocky Helmet|[of] p1a: Incineroar\n|-damage|p2a: Koraidon|55/100|[from] item: Life Orb\n|cant|p2b: Scream Tail|flinch\n|move|p1b: Zamazenta|Body Press|p2a: Koraidon\n|-damage|p2a: Koraidon|0 fnt\n|faint|p2a: Koraidon\n|\n|-weather|none\n|-end|p2b: Scream Tail|Protosynthesis\n|upkeep\n|-enditem|p2b: Scream Tail|Booster Energy\n|-activate|p2b: Scream Tail|ability: Protosynthesis|[fromitem]\n|-start|p2b: Scream Tail|protosynthesisspe\n|\n|t:|1773919609\n|switch|p2a: Calyrex|Calyrex-Shadow, L50|100/100\n|-ability|p2a: Calyrex|As One\n|-ability|p2a: Calyrex|Unnerve\n|turn|6\n|inactive|randomcatFFR has 30 seconds left.\n|inactive|randomcatFFR has 20 seconds left.\n|\n|t:|1773919647\n|switch|p1a: Calyrex|Calyrex-Shadow, L50|100/100\n|-ability|p1a: Calyrex|As One\n|-ability|p1a: Calyrex|Unnerve\n|move|p1b: Zamazenta|Wide Guard|p1b: Zamazenta\n|-singleturn|p1b: Zamazenta|Wide Guard\n|move|p2b: Scream Tail|Encore|p1b: Zamazenta\n|-start|p1b: Zamazenta|Encore\n|move|p2a: Calyrex|Pollen Puff|p1a: Calyrex\n|-damage|p1a: Calyrex|65/100\n|\n|upkeep\n|turn|7\n|\n|t:|1773919665\n|move|p2b: Scream Tail|Protect|p2b: Scream Tail\n|-singleturn|p2b: Scream Tail|Protect\n|move|p2a: Calyrex|Protect|p2a: Calyrex\n|-singleturn|p2a: Calyrex|Protect\n|move|p1b: Zamazenta|Wide Guard|p1b: Zamazenta\n|-singleturn|p1b: Zamazenta|Wide Guard\n|move|p1a: Calyrex|Astral Barrage|p2b: Scream Tail|[spread] \n|-activate|p2a: Calyrex|move: Protect\n|-activate|p2b: Scream Tail|move: Protect\n|\n|upkeep\n|turn|8\n|\n|t:|1773919678\n|move|p1b: Zamazenta|Wide Guard|p1b: Zamazenta\n|-singleturn|p1b: Zamazenta|Wide Guard\n|move|p2b: Scream Tail|Disable|p1a: Calyrex\n|-start|p1a: Calyrex|Disable|Astral Barrage\n|move|p2a: Calyrex|Substitute|p2a: Calyrex\n|-start|p2a: Calyrex|Substitute\n|-damage|p2a: Calyrex|75/100\n|cant|p1a: Calyrex|Disable|Astral Barrage\n|\n|upkeep\n|turn|9\n|inactive|randomcatFFR has 30 seconds left.\n|inactive|mikachu83983 has 30 seconds left.\n|\n|t:|1773919706\n|move|p1a: Calyrex|Protect|p1a: Calyrex\n|-singleturn|p1a: Calyrex|Protect\n|move|p1b: Zamazenta|Wide Guard|p1b: Zamazenta\n|-singleturn|p1b: Zamazenta|Wide Guard\n|move|p2b: Scream Tail|Disable|p1b: Zamazenta\n|-start|p1b: Zamazenta|Disable|Wide Guard\n|move|p2a: Calyrex|Pollen Puff|p1a: Calyrex\n|-activate|p1a: Calyrex|move: Protect\n|\n|-end|p1b: Zamazenta|Encore\n|upkeep\n|turn|10\n|-message|randomcatFFR forfeited.\n|\n|win|mikachu83983\n|raw|randomcatFFR's rating: 1431 &rarr; <strong>1413</strong><br />(-18 for losing)\n|raw|mikachu83983's rating: 1473 &rarr; <strong>1491</strong><br />(+18 for winning)\n|l|\u2606randomcatFFR\n|player|p1|\n|l|\u203dmikachu83983\n|player|p2|\n","uploadtime":1773919985,"views":14,"formatid":"gen9vgc2026regi","rating":1413,"private":0,"password":null}