{"id":"gen9vgc2026regi-2564539301","format":"[Gen 9] VGC 2026 Reg I","players":["501JFW","ranchsauce"],"log":"|j|\u2606501JFW\n|j|\u2606ranchsauce\n|t:|1774159914\n|gametype|doubles\n|player|p1|501JFW|101|1360\n|player|p2|ranchsauce|baker|1418\n|gen|9\n|tier|[Gen 9] VGC 2026 Reg I\n|rated|\n|rule|Species Clause: Limit one of each Pok\u00e9mon\n|rule|Item Clause: Limit 1 of each item\n|clearpoke\n|poke|p1|Calyrex-Shadow, L50|\n|poke|p1|Koraidon, L50|\n|poke|p1|Indeedee-F, L50, F|\n|poke|p1|Maushold, L50|\n|poke|p1|Incineroar, L50, F|\n|poke|p1|Roaring Moon, L50|\n|poke|p2|Calyrex-Ice, L50|\n|poke|p2|Lunala, L50|\n|poke|p2|Smeargle, L50, M|\n|poke|p2|Urshifu-*, L50, M|\n|poke|p2|Torkoal, L50, M|\n|poke|p2|Indeedee-F, L50, F|\n|teampreview|4\n|\n|t:|1774159947\n|teamsize|p1|4\n|teamsize|p2|4\n|start\n|switch|p1a: Calyrex|Calyrex-Shadow, L50|100/100\n|switch|p1b: Maushold|Maushold, L50, shiny|100/100\n|switch|p2a: Smeargle|Smeargle, L50, M|100/100\n|switch|p2b: Calyrex|Calyrex-Ice, L50|100/100\n|-ability|p1a: Calyrex|As One\n|-ability|p1a: Calyrex|Unnerve\n|-ability|p2b: Calyrex|As One\n|-ability|p2b: Calyrex|Unnerve\n|turn|1\n|inactive|Battle timer is ON: inactive players will automatically lose when time's up. (requested by 501JFW)\n|l|\u2606501JFW\n|inactive|501JFW disconnected and has a minute to reconnect!\n|player|p1|\n|j|\u2606501JFW\n|inactive|501JFW reconnected and has 65 seconds left.\n|player|p1|501JFW|101|\n|inactive|501JFW has 60 seconds left.\n|\n|t:|1774159989\n|-terastallize|p2b: Calyrex|Fire\n|move|p2a: Smeargle|Fake Out|p1b: Maushold\n|-damage|p1b: Maushold|88/100\n|move|p1a: Calyrex|Astral Barrage|p2a: Smeargle|[spread] p2b\n|-immune|p2a: Smeargle\n|-crit|p2b: Calyrex\n|-damage|p2b: Calyrex|15/100\n|cant|p1b: Maushold|flinch\n|move|p2b: Calyrex|Trick Room|p2b: Calyrex\n|-fieldstart|move: Trick Room|[of] p2b: Calyrex\n|\n|upkeep\n|turn|2\n|\n|t:|1774160011\n|switch|p2a: Urshifu|Urshifu, L50, M|100/100\n|switch|p1a: Incineroar|Incineroar, L50, F, shiny|100/100\n|-ability|p1a: Incineroar|Intimidate|boost\n|-unboost|p2a: Urshifu|atk|1\n|-fail|p2b: Calyrex|unboost|[from] item: Clear Amulet|[of] p2b: Calyrex\n|move|p2b: Calyrex|Protect|p2b: Calyrex\n|-singleturn|p2b: Calyrex|Protect\n|move|p1b: Maushold|Protect||[still]\n|-fail|p1b: Maushold\n|\n|upkeep\n|turn|3\n|inactive|501JFW has 30 seconds left.\n|inactive|ranchsauce has 30 seconds left.\n|\n|t:|1774160043\n|switch|p2b: Lunala|Lunala, L50, shiny|100/100\n|move|p1a: Incineroar|Fake Out|p2a: Urshifu\n|-damage|p2a: Urshifu|91/100\n|cant|p2a: Urshifu|flinch\n|move|p1b: Maushold|Population Bomb|p2a: Urshifu\n|-damage|p2a: Urshifu|80/100\n|-damage|p2a: Urshifu|70/100\n|-damage|p2a: Urshifu|58/100\n|-damage|p2a: Urshifu|46/100\n|-damage|p2a: Urshifu|36/100\n|-damage|p2a: Urshifu|26/100\n|-damage|p2a: Urshifu|15/100\n|-damage|p2a: Urshifu|5/100\n|-damage|p2a: Urshifu|0 fnt\n|faint|p2a: Urshifu\n|-hitcount|p2: Urshifu|9\n|\n|upkeep\n|\n|t:|1774160049\n|switch|p2a: Smeargle|Smeargle, L50, M|100/100\n|turn|4\n|inactive|501JFW has 30 seconds left.\n|\n|t:|1774160077\n|move|p2a: Smeargle|Fake Out|p1a: Incineroar\n|-damage|p1a: Incineroar|93/100\n|cant|p1a: Incineroar|flinch\n|move|p2b: Lunala|Meteor Beam||[still]\n|-prepare|p2b: Lunala|Meteor Beam\n|-boost|p2b: Lunala|spa|1\n|-enditem|p2b: Lunala|Power Herb\n|-anim|p2b: Lunala|Meteor Beam|p1a: Incineroar\n|-supereffective|p1a: Incineroar\n|-damage|p1a: Incineroar|0 fnt\n|faint|p1a: Incineroar\n|move|p1b: Maushold|Population Bomb|p2a: Smeargle\n|-damage|p2a: Smeargle|75/100\n|-damage|p2a: Smeargle|50/100\n|-damage|p2a: Smeargle|28/100\n|-damage|p2a: Smeargle|3/100\n|-damage|p2a: Smeargle|0 fnt\n|faint|p2a: Smeargle\n|-hitcount|p2: Smeargle|5\n|\n|upkeep\n|inactive|501JFW has 30 seconds left.\n|\n|t:|1774160102\n|switch|p1a: Koraidon|Koraidon, L50, shiny|100/100\n|switch|p2a: Calyrex|Calyrex-Ice, L50, tera:Fire|15/100\n|-ability|p2a: Calyrex|As One\n|-ability|p2a: Calyrex|Unnerve\n|-weather|SunnyDay|[from] ability: Orichalcum Pulse|[of] p1a: Koraidon\n|-activate|p1a: Koraidon|Orichalcum Pulse|[source]\n|turn|5\n|\n|t:|1774160110\n|-terastallize|p1a: Koraidon|Fire\n|move|p1b: Maushold|Protect|p1b: Maushold\n|-singleturn|p1b: Maushold|Protect\n|move|p1a: Koraidon|Breaking Swipe|p2a: Calyrex|[spread] p2a,p2b\n|-damage|p2a: Calyrex|0 fnt\n|-damage|p2b: Lunala|88/100\n|-unboost|p2b: Lunala|atk|1\n|faint|p2a: Calyrex\n|move|p2b: Lunala|Trick Room|p2b: Lunala\n|-fieldend|move: Trick Room\n|\n|-weather|SunnyDay|[upkeep]\n|upkeep\n|turn|6\n|\n|t:|1774160133\n|move|p1b: Maushold|Helping Hand|p1a: Koraidon\n|-singleturn|p1a: Koraidon|Helping Hand|[of] p1b: Maushold\n|move|p1a: Koraidon|Flame Charge|p2b: Lunala\n|-damage|p2b: Lunala|15/100\n|-boost|p1a: Koraidon|spe|1\n|move|p2b: Lunala|Expanding Force|p1a: Koraidon\n|-damage|p1a: Koraidon|63/100\n|\n|-weather|SunnyDay|[upkeep]\n|upkeep\n|turn|7\n|-message|ranchsauce forfeited.\n|\n|win|501JFW\n|raw|501JFW's rating: 1360 &rarr; <strong>1384</strong><br />(+24 for winning)\n|raw|ranchsauce's rating: 1439 &rarr; <strong>1415</strong><br />(-24 for losing)\n|l|\u2606ranchsauce\n|player|p2|\n|l|\u2606501JFW\n|player|p1|\n","uploadtime":1774160408,"views":38,"formatid":"gen9vgc2026regi","rating":1384,"private":0,"password":null}