{"id":"gen9vgc2026regi-2590968985","format":"[Gen 9] VGC 2026 Reg I","players":["Kirby 128","grandmakicker99"],"log":"|j|\u2606Kirby 128\n|j|\u2606grandmakicker99\n|t:|1776865383\n|gametype|doubles\n|player|p1|Kirby 128|benga|1264\n|player|p2|grandmakicker99|1|1355\n|gen|9\n|tier|[Gen 9] VGC 2026 Reg I\n|rated|\n|rule|Species Clause: Limit one of each Pok\u00e9mon\n|rule|Item Clause: Limit 1 of each item\n|clearpoke\n|poke|p1|Indeedee-F, L50, F|\n|poke|p1|Hatterene, L50, F|\n|poke|p1|Ursaluna, L50, F|\n|poke|p1|Incineroar, L50, M|\n|poke|p1|Lunala, L50|\n|poke|p1|Iron Hands, L50|\n|poke|p2|Calyrex-Ice, L50|\n|poke|p2|Scraggy, L50, F|\n|poke|p2|Miraidon, L50|\n|poke|p2|Farigiraf, L50, F|\n|poke|p2|Iron Treads, L50|\n|poke|p2|Iron Hands, L50|\n|teampreview|4\n|inactive|Battle timer is ON: inactive players will automatically lose when time's up. (requested by grandmakicker99)\n|inactive|Kirby 128 also wants the timer to be on.\n|\n|t:|1776865406\n|teamsize|p1|4\n|teamsize|p2|4\n|start\n|switch|p1a: roberto|Incineroar, L50, M|100/100\n|switch|p1b: charlse|Lunala, L50|100/100\n|switch|p2a: Miraidon|Miraidon, L50|100/100\n|switch|p2b: Farigiraf|Farigiraf, L50, F|100/100\n|-fieldstart|move: Electric Terrain|[from] ability: Hadron Engine|[of] p2a: Miraidon\n|-enditem|p2b: Farigiraf|Electric Seed\n|-boost|p2b: Farigiraf|def|1|[from] item: Electric Seed\n|-ability|p1a: roberto|Intimidate|boost\n|-unboost|p2a: Miraidon|atk|1\n|-unboost|p2b: Farigiraf|atk|1\n|turn|1\n|inactive|grandmakicker99 has 30 seconds left.\n|\n|t:|1776865436\n|move|p1a: roberto|Fake Out||[still]\n|cant|p2b: Farigiraf|ability: Armor Tail|Fake Out|[of] p1a: roberto\n|move|p2a: Miraidon|Electro Drift|p1b: charlse\n|-damage|p1b: charlse|52/100\n|move|p1b: charlse|Moonblast|p2a: Miraidon\n|-supereffective|p2a: Miraidon\n|-damage|p2a: Miraidon|47/100\n|move|p2b: Farigiraf|Foul Play|p1b: charlse\n|-supereffective|p1b: charlse\n|-damage|p1b: charlse|0 fnt\n|faint|p1b: charlse\n|\n|upkeep\n|\n|t:|1776865449\n|switch|p1b: moonuel|Ursaluna, L50, F|100/100\n|turn|2\n|\n|t:|1776865471\n|switch|p2a: Scraggy|Scraggy, L50, F|100/100\n|-ability|p2a: Scraggy|Intimidate|boost\n|-fail|p1a: roberto|unboost|[from] item: Clear Amulet|[of] p1a: roberto\n|-unboost|p1b: moonuel|atk|1\n|move|p1b: moonuel|Protect|p1b: moonuel\n|-singleturn|p1b: moonuel|Protect\n|move|p1a: roberto|Knock Off|p2a: Scraggy\n|-resisted|p2a: Scraggy\n|-damage|p2a: Scraggy|89/100\n|-enditem|p2a: Scraggy|Eviolite|[from] move: Knock Off|[of] p1a: roberto\n|move|p2b: Farigiraf|Trick Room|p2b: Farigiraf\n|-fieldstart|move: Trick Room|[of] p2b: Farigiraf\n|\n|-status|p1b: moonuel|brn|[from] item: Flame Orb\n|upkeep\n|turn|3\n|\n|t:|1776865491\n|switch|p2b: Calyrex|Calyrex-Ice, L50|100/100\n|-ability|p2b: Calyrex|As One\n|-ability|p2b: Calyrex|Unnerve\n|move|p2a: Scraggy|Fake Out|p1b: moonuel\n|-damage|p1b: moonuel|95/100 brn\n|cant|p1b: moonuel|flinch\n|move|p1a: roberto|Knock Off|p2b: Calyrex\n|-supereffective|p2b: Calyrex\n|-damage|p2b: Calyrex|40/100\n|-enditem|p2b: Calyrex|Clear Amulet|[from] move: Knock Off|[of] p1a: roberto\n|\n|-damage|p1b: moonuel|89/100 brn|[from] brn\n|upkeep\n|turn|4\n|inactive|grandmakicker99 has 30 seconds left.\n|\n|t:|1776865519\n|move|p1b: moonuel|Protect|p1b: moonuel\n|-singleturn|p1b: moonuel|Protect\n|move|p2a: Scraggy|Coaching|p2b: Calyrex\n|-boost|p2b: Calyrex|atk|1\n|-boost|p2b: Calyrex|def|1\n|move|p2b: Calyrex|High Horsepower|p1a: roberto\n|-supereffective|p1a: roberto\n|-damage|p1a: roberto|0 fnt\n|faint|p1a: roberto\n|-ability|p2b: Calyrex|Chilling Neigh|boost\n|-boost|p2b: Calyrex|atk|1\n|\n|-damage|p1b: moonuel|83/100 brn|[from] brn\n|upkeep\n|\n|t:|1776865528\n|switch|p1a: heihei|Indeedee-F, L50, F|100/100\n|-fieldstart|move: Psychic Terrain|[from] ability: Psychic Surge|[of] p1a: heihei\n|-enditem|p1a: heihei|Psychic Seed\n|-boost|p1a: heihei|spd|1|[from] item: Psychic Seed\n|turn|5\n|inactive|grandmakicker99 has 30 seconds left.\n|\n|t:|1776865557\n|move|p2a: Scraggy|Coaching|p2b: Calyrex\n|-boost|p2b: Calyrex|atk|1\n|-boost|p2b: Calyrex|def|1\n|move|p2b: Calyrex|Glacial Lance|p1a: heihei|[spread] p1a,p1b\n|-supereffective|p1b: moonuel\n|-damage|p1a: heihei|0 fnt\n|-damage|p1b: moonuel|0 fnt\n|faint|p1a: heihei\n|faint|p1b: moonuel\n|\n|win|grandmakicker99\n|raw|Kirby 128's rating: 1264 &rarr; <strong>1245</strong><br />(-19 for losing)\n|raw|grandmakicker99's rating: 1355 &rarr; <strong>1370</strong><br />(+15 for winning)\n|c|\u2606grandmakicker99|gg\n|l|\u2606Kirby 128\n|player|p1|\n|l|\u2606grandmakicker99\n|player|p2|\n","uploadtime":1776865801,"views":8,"formatid":"gen9vgc2026regi","rating":1245,"private":0,"password":null}