{"id":"gen9vgc2026regi-2559225789","format":"[Gen 9] VGC 2026 Reg I","players":["Trixy019","itastelikeiron"],"log":"|j|\u2606Trixy019\n|j|\u2606itastelikeiron\n|t:|1773534778\n|gametype|doubles\n|player|p1|Trixy019|2|1197\n|player|p2|itastelikeiron|266|1232\n|gen|9\n|tier|[Gen 9] VGC 2026 Reg I\n|rated|\n|rule|Species Clause: Limit one of each Pok\u00e9mon\n|rule|Item Clause: Limit 1 of each item\n|clearpoke\n|poke|p1|Lunala, L50|\n|poke|p1|Miraidon, L50|\n|poke|p1|Ursaluna, L50, M|\n|poke|p1|Urshifu-*, L50, M|\n|poke|p1|Incineroar, L50, M|\n|poke|p1|Grimmsnarl, L50, M|\n|poke|p2|Tsareena, L50, F|\n|poke|p2|Kyogre, L50|\n|poke|p2|Grimmsnarl, L50, M|\n|poke|p2|Tornadus, L50, M|\n|poke|p2|Incineroar, L50, M|\n|poke|p2|Zacian-*, L50|\n|teampreview|4\n|\n|t:|1773534795\n|teamsize|p1|4\n|teamsize|p2|4\n|start\n|switch|p1a: Lunala|Lunala, L50|100/100\n|switch|p1b: Incineroar|Incineroar, L50, M|100/100\n|switch|p2a: Incineroar|Incineroar, L50, M|100/100\n|switch|p2b: Kyogre|Kyogre, L50|100/100\n|-weather|RainDance|[from] ability: Drizzle|[of] p2b: Kyogre\n|-ability|p2a: Incineroar|Intimidate|boost\n|-unboost|p1a: Lunala|atk|1\n|-unboost|p1b: Incineroar|atk|1\n|-ability|p1b: Incineroar|Intimidate|boost\n|-unboost|p2a: Incineroar|atk|1\n|-unboost|p2b: Kyogre|atk|1\n|turn|1\n|\n|t:|1773534815\n|switch|p1b: Ursaluna|Ursaluna, L50, M|100/100\n|move|p1a: Lunala|Wide Guard|p1a: Lunala\n|-singleturn|p1a: Lunala|Wide Guard\n|move|p2b: Kyogre|Water Spout|p1b: Ursaluna|[spread] \n|-activate|p1a: Lunala|move: Wide Guard\n|-activate|p1b: Ursaluna|move: Wide Guard\n|move|p2a: Incineroar|Knock Off|p1a: Lunala\n|-supereffective|p1a: Lunala\n|-damage|p1a: Lunala|64/100\n|-enditem|p1a: Lunala|Electric Seed|[from] move: Knock Off|[of] p2a: Incineroar\n|\n|-weather|RainDance|[upkeep]\n|-status|p1b: Ursaluna|brn|[from] item: Flame Orb\n|upkeep\n|turn|2\n|\n|t:|1773534834\n|switch|p2b: Grimmsnarl|Grimmsnarl, L50, M|100/100\n|move|p1b: Ursaluna|Protect|p1b: Ursaluna\n|-singleturn|p1b: Ursaluna|Protect\n|move|p2a: Incineroar|Knock Off|p1a: Lunala\n|-supereffective|p1a: Lunala\n|-damage|p1a: Lunala|11/100\n|move|p1a: Lunala|Trick Room|p1a: Lunala\n|-fieldstart|move: Trick Room|[of] p1a: Lunala\n|\n|-weather|RainDance|[upkeep]\n|-damage|p1b: Ursaluna|95/100 brn|[from] brn\n|upkeep\n|turn|3\n|\n|t:|1773534877\n|switch|p1a: Incineroar|Incineroar, L50, M|100/100\n|-ability|p1a: Incineroar|Intimidate|boost\n|-unboost|p2a: Incineroar|atk|1\n|-unboost|p2b: Grimmsnarl|atk|1\n|-terastallize|p2a: Incineroar|Bug\n|move|p2b: Grimmsnarl|Reflect|p2b: Grimmsnarl\n|-sidestart|p2: itastelikeiron|Reflect\n|move|p1b: Ursaluna|Headlong Rush|p2a: Incineroar\n|-resisted|p2a: Incineroar\n|-crit|p2a: Incineroar\n|-damage|p2a: Incineroar|18/100\n|-unboost|p1b: Ursaluna|def|1\n|-unboost|p1b: Ursaluna|spd|1\n|move|p2a: Incineroar|U-turn|p1a: Incineroar\n|-damage|p1a: Incineroar|91/100\n|-damage|p2a: Incineroar|2/100|[from] item: Rocky Helmet|[of] p1a: Incineroar\n|\n|t:|1773534890\n|switch|p2a: Zacian|Zacian-Crowned, L50|100/100|[from] U-turn\n|-ability|p2a: Zacian|Intrepid Sword|boost\n|-boost|p2a: Zacian|atk|1\n|\n|-weather|RainDance|[upkeep]\n|-damage|p1b: Ursaluna|89/100 brn|[from] brn\n|upkeep\n|turn|4\n|\n|t:|1773534898\n|switch|p2a: Incineroar|Incineroar, L50, M, tera:Bug|2/100\n|-ability|p2a: Incineroar|Intimidate|boost\n|-unboost|p1a: Incineroar|atk|1\n|-unboost|p1b: Ursaluna|atk|1\n|move|p1a: Incineroar|Fake Out|p2a: Incineroar\n|-damage|p2a: Incineroar|0 fnt\n|faint|p2a: Incineroar\n|move|p1b: Ursaluna|Headlong Rush|p2b: Grimmsnarl\n|-damage|p2b: Grimmsnarl|52/100\n|-unboost|p1b: Ursaluna|def|1\n|-unboost|p1b: Ursaluna|spd|1\n|move|p2b: Grimmsnarl|Spirit Break|p1b: Ursaluna\n|-damage|p1b: Ursaluna|60/100 brn\n|-unboost|p1b: Ursaluna|spa|1\n|\n|-weather|RainDance|[upkeep]\n|-damage|p1b: Ursaluna|54/100 brn|[from] brn\n|upkeep\n|\n|t:|1773534919\n|switch|p2a: Kyogre|Kyogre, L50|100/100\n|turn|5\n|\n|t:|1773534934\n|move|p2b: Grimmsnarl|Light Screen|p2b: Grimmsnarl\n|-sidestart|p2: itastelikeiron|move: Light Screen\n|move|p1b: Ursaluna|Facade|p2a: Kyogre\n|-damage|p2a: Kyogre|37/100\n|move|p1a: Incineroar|Parting Shot|p2a: Kyogre\n|-unboost|p2a: Kyogre|atk|1\n|-unboost|p2a: Kyogre|spa|1\n|\n|t:|1773534944\n|switch|p1a: Lunala|Lunala, L50|11/100|[from] Parting Shot\n|move|p2a: Kyogre|Origin Pulse|p1b: Ursaluna|[spread] p1a,p1b\n|-supereffective|p1b: Ursaluna\n|-damage|p1a: Lunala|0 fnt\n|-damage|p1b: Ursaluna|0 fnt\n|faint|p1a: Lunala\n|faint|p1b: Ursaluna\n|\n|-weather|none\n|upkeep\n|\n|t:|1773534953\n|switch|p1b: Miraidon|Miraidon, L50|100/100\n|switch|p1a: Incineroar|Incineroar, L50, M|91/100\n|-ability|p1a: Incineroar|Intimidate|boost\n|-unboost|p2a: Kyogre|atk|1\n|-unboost|p2b: Grimmsnarl|atk|1\n|-fieldstart|move: Electric Terrain|[from] ability: Hadron Engine|[of] p1b: Miraidon\n|turn|6\n|\n|t:|1773534975\n|switch|p2a: Zacian|Zacian-Crowned, L50|100/100\n|move|p1a: Incineroar|Fake Out|p2a: Zacian\n|-resisted|p2a: Zacian\n|-damage|p2a: Zacian|98/100\n|move|p2b: Grimmsnarl|Spirit Break|p1b: Miraidon\n|-supereffective|p1b: Miraidon\n|-damage|p1b: Miraidon|76/100\n|-unboost|p1b: Miraidon|spa|1\n|move|p1b: Miraidon|Electro Drift|p2a: Zacian\n|-damage|p2a: Zacian|63/100\n|\n|-fieldend|move: Trick Room\n|upkeep\n|turn|7\n|\n|t:|1773534995\n|-terastallize|p1b: Miraidon|Electric\n|move|p2a: Zacian|Play Rough|p1b: Miraidon\n|-damage|p1b: Miraidon|36/100\n|move|p1b: Miraidon|Electro Drift|p2a: Zacian\n|-damage|p2a: Zacian|13/100\n|move|p2b: Grimmsnarl|Spirit Break|p1b: Miraidon\n|-damage|p1b: Miraidon|24/100\n|-unboost|p1b: Miraidon|spa|1\n|move|p1a: Incineroar|Will-O-Wisp|p2a: Zacian\n|-status|p2a: Zacian|brn\n|\n|-damage|p2a: Zacian|7/100 brn|[from] brn\n|upkeep\n|turn|8\n|\n|t:|1773535022\n|move|p2a: Zacian|Sacred Sword|p1a: Incineroar\n|-supereffective|p1a: Incineroar\n|-damage|p1a: Incineroar|70/100\n|-damage|p2a: Zacian|0 fnt|[from] item: Rocky Helmet|[of] p1a: Incineroar\n|faint|p2a: Zacian\n|move|p1b: Miraidon|Snarl|p2b: Grimmsnarl\n|-resisted|p2b: Grimmsnarl\n|-damage|p2b: Grimmsnarl|50/100\n|-unboost|p2b: Grimmsnarl|spa|1\n|move|p2b: Grimmsnarl|Spirit Break|p1b: Miraidon\n|-damage|p1b: Miraidon|12/100\n|-unboost|p1b: Miraidon|spa|1\n|move|p1a: Incineroar|Knock Off|p2b: Grimmsnarl\n|-resisted|p2b: Grimmsnarl\n|-damage|p2b: Grimmsnarl|44/100\n|-enditem|p2b: Grimmsnarl|Light Clay|[from] move: Knock Off|[of] p1a: Incineroar\n|\n|upkeep\n|\n|t:|1773535029\n|switch|p2a: Kyogre|Kyogre, L50|37/100\n|-weather|RainDance|[from] ability: Drizzle|[of] p2a: Kyogre\n|turn|9\n|\n|t:|1773535045\n|move|p2a: Kyogre|Water Spout|p1b: Miraidon|[spread] p1a,p1b\n|-supereffective|p1a: Incineroar\n|-damage|p1a: Incineroar|6/100\n|-damage|p1b: Miraidon|0 fnt\n|faint|p1b: Miraidon\n|move|p2b: Grimmsnarl|Spirit Break|p1a: Incineroar\n|-damage|p1a: Incineroar|0 fnt\n|-damage|p2b: Grimmsnarl|27/100|[from] item: Rocky Helmet|[of] p1a: Incineroar\n|faint|p1a: Incineroar\n|\n|win|itastelikeiron\n|raw|Trixy019's rating: 1197 &rarr; <strong>1175</strong><br />(-22 for losing)\n|raw|itastelikeiron's rating: 1232 &rarr; <strong>1254</strong><br />(+22 for winning)\n","uploadtime":1773535053,"views":12,"formatid":"gen9vgc2026regi","rating":1175,"private":0,"password":null}