{"id":"gen9vgc2026regi-2586564865","format":"[Gen 9] VGC 2026 Reg I","players":["Lil Tic","big_lenny99"],"log":"|j|\u2606Lil Tic\n|j|\u2606big_lenny99\n|t:|1776443385\n|gametype|doubles\n|player|p1|Lil Tic|101|1465\n|player|p2|big_lenny99|hilbert|1540\n|gen|9\n|tier|[Gen 9] VGC 2026 Reg I\n|rated|\n|rule|Species Clause: Limit one of each Pok\u00e9mon\n|rule|Item Clause: Limit 1 of each item\n|clearpoke\n|poke|p1|Koraidon, L50|\n|poke|p1|Flutter Mane, L50|\n|poke|p1|Ho-Oh, L50|\n|poke|p1|Incineroar, L50, M|\n|poke|p1|Amoonguss, L50, M|\n|poke|p1|Ting-Lu, L50|\n|poke|p2|Groudon, L50|\n|poke|p2|Amoonguss, L50, M|\n|poke|p2|Volcarona, L50, F|\n|poke|p2|Lunala, L50|\n|poke|p2|Incineroar, L50, M|\n|poke|p2|Whimsicott, L50, F|\n|teampreview|4\nbig_lenny99 rejected open team sheets.\n|inactive|Battle timer is ON: inactive players will automatically lose when time's up. (requested by big_lenny99)\n|\n|t:|1776443440\n|teamsize|p1|4\n|teamsize|p2|4\n|start\n|switch|p1a: Ho-Oh|Ho-Oh, L50|100/100\n|switch|p1b: Amoonguss|Amoonguss, L50, M|100/100\n|switch|p2a: Incineroar|Incineroar, L50, M|100/100\n|switch|p2b: Whimsicott|Whimsicott, L50, F|100/100\n|-ability|p2a: Incineroar|Intimidate|boost\n|-fail|p1a: Ho-Oh|unboost|[from] item: Clear Amulet|[of] p1a: Ho-Oh\n|-unboost|p1b: Amoonguss|atk|1\n|turn|1\n|\n|t:|1776443451\n|-terastallize|p2a: Incineroar|Grass\n|move|p2b: Whimsicott|Tailwind|p2b: Whimsicott\n|-sidestart|p2: big_lenny99|move: Tailwind\n|move|p2a: Incineroar|Knock Off|p1a: Ho-Oh\n|-damage|p1a: Ho-Oh|55/100\n|-enditem|p1a: Ho-Oh|Clear Amulet|[from] move: Knock Off|[of] p2a: Incineroar\n|move|p1a: Ho-Oh|Tailwind|p1a: Ho-Oh\n|-sidestart|p1: Lil Tic|move: Tailwind\n|move|p1b: Amoonguss|Sludge Bomb|p2b: Whimsicott\n|-supereffective|p2b: Whimsicott\n|-damage|p2b: Whimsicott|0 fnt\n|faint|p2b: Whimsicott\n|\n|upkeep\n|\n|t:|1776443461\n|switch|p2b: Groudon|Groudon, L50|100/100\n|-weather|SunnyDay|[from] ability: Drought|[of] p2b: Groudon\n|turn|2\n|\n|t:|1776443473\n|move|p1a: Ho-Oh|Sacred Fire|p2a: Incineroar\n|-supereffective|p2a: Incineroar\n|-damage|p2a: Incineroar|0 fnt\n|faint|p2a: Incineroar\n|move|p2b: Groudon|Precipice Blades|p1b: Amoonguss|[spread] \n|-immune|p1a: Ho-Oh\n|-miss|p2b: Groudon|p1b: Amoonguss\n|move|p1b: Amoonguss|Spore|p2b: Groudon\n|-status|p2b: Groudon|slp|[from] move: Spore\n|\n|-weather|SunnyDay|[upkeep]\n|upkeep\n|\n|t:|1776443476\n|switch|p2a: Lunala|Lunala, L50|100/100\n|turn|3\n|\n|t:|1776443491\n|move|p1a: Ho-Oh|Sacred Fire|p2b: Groudon\n|-damage|p2b: Groudon|48/100 slp\n|move|p2a: Lunala|Moongeist Beam|p1a: Ho-Oh\n|-damage|p1a: Ho-Oh|23/100\n|cant|p2b: Groudon|slp\n|move|p1b: Amoonguss|Spore|p2a: Lunala\n|-status|p2a: Lunala|slp|[from] move: Spore\n|\n|-weather|SunnyDay|[upkeep]\n|upkeep\n|turn|4\n|\n|t:|1776443505\n|move|p1a: Ho-Oh|Sacred Fire|p2b: Groudon\n|-damage|p2b: Groudon|0 fnt\n|faint|p2b: Groudon\n|cant|p2a: Lunala|slp\n|move|p1b: Amoonguss|Sludge Bomb|p2a: Lunala\n|-resisted|p2a: Lunala\n|-damage|p2a: Lunala|96/100 slp\n|\n|-weather|SunnyDay|[upkeep]\n|-heal|p2a: Lunala|100/100 slp|[from] item: Leftovers\n|-sideend|p1: Lil Tic|move: Tailwind\n|-sideend|p2: big_lenny99|move: Tailwind\n|upkeep\n|turn|5\n|\n|t:|1776443521\n|switch|p1b: Incineroar|Incineroar, L50, M|100/100\n|-ability|p1b: Incineroar|Intimidate|boost\n|-unboost|p2a: Lunala|atk|1\n|move|p1a: Ho-Oh|Brave Bird|p2a: Lunala\n|-damage|p2a: Lunala|75/100 slp\n|-damage|p1a: Ho-Oh|14/100|[from] Recoil\n|-curestatus|p2a: Lunala|slp|[msg]\n|move|p2a: Lunala|Moongeist Beam|p1a: Ho-Oh\n|-damage|p1a: Ho-Oh|0 fnt\n|faint|p1a: Ho-Oh\n|\n|-weather|SunnyDay|[upkeep]\n|-heal|p2a: Lunala|81/100|[from] item: Leftovers\n|upkeep\n|\n|t:|1776443533\n|switch|p1a: Koraidon|Koraidon, L50|100/100\n|-activate|p1a: Koraidon|ability: Orichalcum Pulse\n|turn|6\n|\n|t:|1776443538\n|-terastallize|p1a: Koraidon|Fire\n|move|p1a: Koraidon|Flare Blitz|p2a: Lunala\n|-damage|p2a: Lunala|0 fnt\n|faint|p2a: Lunala\n|-damage|p1a: Koraidon|65/100|[from] Recoil\n|-damage|p1a: Koraidon|55/100|[from] item: Life Orb\n|\n|win|Lil Tic\n|raw|Lil Tic's rating: 1465 &rarr; <strong>1489</strong><br />(+24 for winning)\n|raw|big_lenny99's rating: 1540 &rarr; <strong>1516</strong><br />(-24 for losing)\n|l|\u2606big_lenny99\n|player|p2|\n|l|\u2606Lil Tic\n|player|p1|\n","uploadtime":1776443692,"views":9,"formatid":"gen9vgc2026regi","rating":1489,"private":0,"password":null}