{"id":"gen9vgc2026regi-2515869826","format":"[Gen 9] VGC 2026 Reg I","players":["hello343","kojimuranishi"],"log":"|j|\u2606hello343\n|j|\u2606kojimuranishi\n|t:|1768054012\n|gametype|doubles\n|player|p1|hello343|265|1291\n|player|p2|kojimuranishi|266|1306\n|gen|9\n|tier|[Gen 9] VGC 2026 Reg I\n|rated|\n|rule|Species Clause: Limit one of each Pok\u00e9mon\n|rule|Item Clause: Limit 1 of each item\n|clearpoke\n|poke|p1|Koraidon, L50|\n|poke|p1|Lilligant-Hisui, L50, F|\n|poke|p1|Miraidon, L50|\n|poke|p1|Incineroar, L50, F|\n|poke|p1|Grimmsnarl, L50, M|\n|poke|p1|Hariyama, L50, F|\n|poke|p2|Raging Bolt, L50|\n|poke|p2|Calyrex-Ice, L50|\n|poke|p2|Kyogre, L50|\n|poke|p2|Indeedee-F, L50, F|\n|poke|p2|Landorus, L50, M|\n|poke|p2|Urshifu-*, L50, F|\n|teampreview|4\n|inactive|Battle timer is ON: inactive players will automatically lose when time's up. (requested by kojimuranishi)\n|inactive|kojimuranishi has 60 seconds left.\n|\n|t:|1768054061\n|teamsize|p1|4\n|teamsize|p2|4\n|start\n|switch|p1a: Incineroar|Incineroar, L50, F|100/100\n|switch|p1b: Miraidon|Miraidon, L50|100/100\n|switch|p2a: Indeedee|Indeedee-F, L50, F|100/100\n|switch|p2b: Calyrex|Calyrex-Ice, L50|100/100\n|-ability|p2b: Calyrex|As One\n|-ability|p2b: Calyrex|Unnerve\n|-fieldstart|move: Electric Terrain|[from] ability: Hadron Engine|[of] p1b: Miraidon\n|-fieldstart|move: Psychic Terrain|[from] ability: Psychic Surge|[of] p2a: Indeedee\n|-ability|p1a: Incineroar|Intimidate|boost\n|-unboost|p2a: Indeedee|atk|1\n|-unboost|p2b: Calyrex|atk|1\n|turn|1\n|\n|t:|1768054083\n|switch|p2a: Landorus|Landorus, L50, M|100/100\n|move|p2b: Calyrex|Protect|p2b: Calyrex\n|-singleturn|p2b: Calyrex|Protect\n|move|p1b: Miraidon|Volt Switch|p2a: Landorus\n|-immune|p2a: Landorus\n|move|p1a: Incineroar|Knock Off|p2b: Calyrex\n|-activate|p2b: Calyrex|move: Protect\n|\n|upkeep\n|turn|2\n|j| defrnm\n|j| here's where king!\n|inactive|kojimuranishi has 30 seconds left.\n|\n|t:|1768054114\n|switch|p2b: Indeedee|Indeedee-F, L50, F|100/100\n|move|p1b: Miraidon|Volt Switch|p2b: Indeedee\n|-damage|p2b: Indeedee|50/100\n|\n|t:|1768054121\n|switch|p1b: Hariyama|Hariyama, L50, F|100/100|[from] Volt Switch\n|move|p2a: Landorus|Sandsear Storm|p1a: Incineroar|[spread] p1a\n|-miss|p2a: Landorus|p1b: Hariyama\n|-supereffective|p1a: Incineroar\n|-damage|p1a: Incineroar|19/100\n|move|p1a: Incineroar|Knock Off|p2b: Indeedee\n|-supereffective|p2b: Indeedee\n|-damage|p2b: Indeedee|0 fnt\n|-damage|p1a: Incineroar|3/100|[from] item: Rocky Helmet|[of] p2b: Indeedee\n|-enditem|p2b: Indeedee|Rocky Helmet|[from] move: Knock Off|[of] p1a: Incineroar\n|faint|p2b: Indeedee\n|\n|upkeep\n|\n|t:|1768054138\n|switch|p2b: Calyrex|Calyrex-Ice, L50|100/100\n|-ability|p2b: Calyrex|As One\n|-ability|p2b: Calyrex|Unnerve\n|turn|3\n|inactive|hello343 has 30 seconds left.\n|inactive|hello343 has 20 seconds left.\n|inactive|hello343 has 15 seconds left.\n|\n|t:|1768054179\n|move|p1b: Hariyama|Wide Guard|p1b: Hariyama\n|-singleturn|p1b: Hariyama|Wide Guard\n|move|p2a: Landorus|Earth Power|p1a: Incineroar\n|-supereffective|p1a: Incineroar\n|-damage|p1a: Incineroar|0 fnt\n|faint|p1a: Incineroar\n|move|p2b: Calyrex|Leech Seed|p1b: Hariyama\n|-start|p1b: Hariyama|move: Leech Seed\n|\n|-damage|p1b: Hariyama|88/100|[from] Leech Seed|[of] p2b: Calyrex\n|upkeep\n|\n|t:|1768054194\n|switch|p1a: Miraidon|Miraidon, L50|100/100\n|-fieldstart|move: Electric Terrain|[from] ability: Hadron Engine|[of] p1a: Miraidon\n|turn|4\n|\n|t:|1768054213\n|-terastallize|p1a: Miraidon|Fairy\n|move|p2b: Calyrex|Protect|p2b: Calyrex\n|-singleturn|p2b: Calyrex|Protect\n|move|p1a: Miraidon|Dazzling Gleam|p2b: Calyrex|[spread] p2a\n|-activate|p2b: Calyrex|move: Protect\n|-damage|p2a: Landorus|16/100\n|move|p2a: Landorus|Earth Power|p1a: Miraidon\n|-damage|p1a: Miraidon|31/100\n|move|p1b: Hariyama|Whirlwind|p2a: Landorus\n|drag|p2a: Kyogre|Kyogre, L50|100/100\n|-weather|RainDance|[from] ability: Drizzle|[of] p2a: Kyogre\n|\n|-weather|RainDance|[upkeep]\n|-damage|p1b: Hariyama|76/100|[from] Leech Seed|[of] p2b: Calyrex\n|upkeep\n|turn|5\n|inactive|kojimuranishi has 30 seconds left.\n|inactive|hello343 has 30 seconds left.\n|\n|t:|1768054245\n|move|p1b: Hariyama|Wide Guard|p1b: Hariyama\n|-singleturn|p1b: Hariyama|Wide Guard\n|move|p2a: Kyogre|Hydro Pump|p1a: Miraidon\n|-damage|p1a: Miraidon|0 fnt\n|faint|p1a: Miraidon\n|move|p2b: Calyrex|Glacial Lance|p1b: Hariyama\n|-activate|p1b: Hariyama|move: Wide Guard\n|\n|-weather|RainDance|[upkeep]\n|-damage|p1b: Hariyama|63/100|[from] Leech Seed|[of] p2b: Calyrex\n|upkeep\n|\n|t:|1768054255\n|switch|p1a: Koraidon|Koraidon, L50|100/100\n|-weather|SunnyDay|[from] ability: Orichalcum Pulse|[of] p1a: Koraidon\n|-activate|p1a: Koraidon|Orichalcum Pulse|[source]\n|turn|6\n|\n|t:|1768054270\n|switch|p2a: Landorus|Landorus, L50, M|16/100\n|move|p2b: Calyrex|Protect|p2b: Calyrex\n|-singleturn|p2b: Calyrex|Protect\n|move|p1a: Koraidon|Flare Blitz|p2b: Calyrex\n|-activate|p2b: Calyrex|move: Protect\n|move|p1b: Hariyama|Close Combat|p2a: Landorus\n|-resisted|p2a: Landorus\n|-damage|p2a: Landorus|0 fnt\n|-unboost|p1b: Hariyama|def|1\n|-unboost|p1b: Hariyama|spd|1\n|faint|p2a: Landorus\n|\n|-weather|SunnyDay|[upkeep]\n|-damage|p1b: Hariyama|51/100|[from] Leech Seed|[of] p2b: Calyrex\n|upkeep\n|\n|t:|1768054286\n|switch|p2a: Kyogre|Kyogre, L50|100/100\n|-weather|RainDance|[from] ability: Drizzle|[of] p2a: Kyogre\n|turn|7\n|\n|t:|1768054301\n|-terastallize|p2b: Calyrex|Fairy\n|move|p2a: Kyogre|Hydro Pump|p1b: Hariyama\n|-damage|p1b: Hariyama|0 fnt\n|faint|p1b: Hariyama\n|move|p1a: Koraidon|Flare Blitz|p2b: Calyrex\n|-damage|p2b: Calyrex|87/100\n|-damage|p1a: Koraidon|95/100|[from] Recoil\n|move|p2b: Calyrex|Leech Seed|p1a: Koraidon\n|-start|p1a: Koraidon|move: Leech Seed\n|\n|-weather|RainDance|[upkeep]\n|-heal|p2b: Calyrex|93/100|[from] item: Leftovers\n|-damage|p1a: Koraidon|83/100|[from] Leech Seed|[of] p2b: Calyrex\n|-heal|p2b: Calyrex|100/100|[silent]\n|upkeep\n|turn|8\n|-message|hello343 forfeited.\n|\n|win|kojimuranishi\n|raw|hello343's rating: 1291 &rarr; <strong>1267</strong><br />(-24 for losing)\n|raw|kojimuranishi's rating: 1306 &rarr; <strong>1325</strong><br />(+19 for winning)\n|l|\u2606hello343\n|player|p1|\n|l|\u2606kojimuranishi\n|player|p2|\n|l| here's where king!\n|l| defrnm\n","uploadtime":1768054530,"views":14,"formatid":"gen9vgc2026regi","rating":1267,"private":0,"password":null}