{"id":"gen9vgc2026regi-2578050236","format":"[Gen 9] VGC 2026 Reg I","players":["salamstudu","TheManOfSausage"],"log":"|j|\u2606salamstudu\n|j|\u2606TheManOfSausage\n|t:|1775641127\n|gametype|doubles\n|player|p1|salamstudu|lady|1499\n|player|p2|TheManOfSausage|miku-water|1634\n|gen|9\n|tier|[Gen 9] VGC 2026 Reg I\n|rated|\n|rule|Species Clause: Limit one of each Pok\u00e9mon\n|rule|Item Clause: Limit 1 of each item\n|clearpoke\n|poke|p1|Kyogre, L50|\n|poke|p1|Calyrex-Ice, L50|\n|poke|p1|Rillaboom, L50, M|\n|poke|p1|Farigiraf, L50, M|\n|poke|p1|Urshifu-*, L50, M|\n|poke|p1|Whimsicott, L50, M|\n|poke|p2|Ho-Oh, L50|\n|poke|p2|Miraidon, L50|\n|poke|p2|Farigiraf, L50, F|\n|poke|p2|Urshifu-*, L50, M|\n|poke|p2|Iron Treads, L50|\n|poke|p2|Iron Hands, L50|\n|teampreview|4\nTheManOfSausage has agreed to open team sheets.\n|\n|t:|1775641170\n|teamsize|p1|4\n|teamsize|p2|4\n|start\n|switch|p1a: Kyogre|Kyogre, L50|100/100\n|switch|p1b: Calyrex|Calyrex-Ice, L50|100/100\n|switch|p2a: Magical Mirai|Miraidon, L50|100/100\n|switch|p2b: Ho-Oh|Ho-Oh, L50|100/100\n|-ability|p1b: Calyrex|As One\n|-ability|p1b: Calyrex|Unnerve\n|-fieldstart|move: Electric Terrain|[from] ability: Hadron Engine|[of] p2a: Magical Mirai\n|-weather|RainDance|[from] ability: Drizzle|[of] p1a: Kyogre\n|turn|1\n|inactive|Battle timer is ON: inactive players will automatically lose when time's up. (requested by salamstudu)\n|\n|t:|1775641196\n|-terastallize|p1a: Kyogre|Grass\n|move|p1b: Calyrex|Protect|p1b: Calyrex\n|-singleturn|p1b: Calyrex|Protect\n|move|p2a: Magical Mirai|Volt Switch|p1a: Kyogre\n|-resisted|p1a: Kyogre\n|-damage|p1a: Kyogre|66/100\n|\n|t:|1775641200\n|switch|p2a: Urshifu|Urshifu-Rapid-Strike, L50, M|100/100|[from] Volt Switch\n|move|p1a: Kyogre|Origin Pulse|p2b: Ho-Oh|[spread] p2b\n|-miss|p1a: Kyogre|p2a: Urshifu\n|-supereffective|p2b: Ho-Oh\n|-damage|p2b: Ho-Oh|0 fnt\n|faint|p2b: Ho-Oh\n|\n|-weather|RainDance|[upkeep]\n|upkeep\n|\n|t:|1775641208\n|switch|p2b: Magical Mirai|Miraidon, L50|100/100\n|-activate|p2b: Magical Mirai|ability: Hadron Engine\n|turn|2\n|inactive|salamstudu has 30 seconds left.\n|\n|t:|1775641234\n|switch|p1a: Rillaboom|Rillaboom, L50, M|100/100\n|-fieldstart|move: Grassy Terrain|[from] ability: Grassy Surge|[of] p1a: Rillaboom\n|-terastallize|p2b: Magical Mirai|Fairy\n|move|p2b: Magical Mirai|Dazzling Gleam|p1b: Calyrex|[spread] p1a,p1b\n|-damage|p1a: Rillaboom|63/100\n|-damage|p1b: Calyrex|70/100\n|move|p2a: Urshifu|Surging Strikes|p1b: Calyrex\n|-crit|p1b: Calyrex\n|-damage|p1b: Calyrex|50/100\n|-crit|p1b: Calyrex\n|-damage|p1b: Calyrex|28/100\n|-crit|p1b: Calyrex\n|-damage|p1b: Calyrex|6/100\n|-hitcount|p1b: Calyrex|3\n|move|p1b: Calyrex|Glacial Lance|p2a: Urshifu|[spread] p2a,p2b\n|-resisted|p2a: Urshifu\n|-damage|p2a: Urshifu|75/100\n|-damage|p2b: Magical Mirai|54/100\n|\n|-weather|RainDance|[upkeep]\n|-heal|p2b: Magical Mirai|60/100|[from] Grassy Terrain\n|-heal|p2a: Urshifu|81/100|[from] Grassy Terrain\n|-heal|p1a: Rillaboom|69/100|[from] Grassy Terrain\n|-heal|p1b: Calyrex|12/100|[from] Grassy Terrain\n|upkeep\n|turn|3\n|inactive|salamstudu has 30 seconds left.\n|\n|t:|1775641266\n|switch|p2b: Brian|Iron Hands, L50, shiny|100/100\n|move|p2a: Urshifu|Detect|p2a: Urshifu\n|-singleturn|p2a: Urshifu|Protect\n|move|p1b: Calyrex|Protect|p1b: Calyrex\n|-singleturn|p1b: Calyrex|Protect\n|move|p1a: Rillaboom|Grassy Glide|p2a: Urshifu\n|-activate|p2a: Urshifu|move: Protect\n|\n|-weather|RainDance|[upkeep]\n|-heal|p2a: Urshifu|87/100|[from] Grassy Terrain\n|-heal|p1a: Rillaboom|74/100|[from] Grassy Terrain\n|-heal|p1b: Calyrex|17/100|[from] Grassy Terrain\n|upkeep\n|turn|4\n|\n|t:|1775641287\n|switch|p1b: Farigiraf|Farigiraf, L50, M|100/100\n|move|p1a: Rillaboom|Grassy Glide|p2a: Urshifu\n|-supereffective|p2a: Urshifu\n|-damage|p2a: Urshifu|19/100\n|move|p2a: Urshifu|Surging Strikes|p1b: Farigiraf\n|-crit|p1b: Farigiraf\n|-damage|p1b: Farigiraf|74/100\n|-crit|p1b: Farigiraf\n|-damage|p1b: Farigiraf|48/100\n|-crit|p1b: Farigiraf\n|-damage|p1b: Farigiraf|21/100\n|-hitcount|p1b: Farigiraf|3\n|move|p2b: Brian|Drain Punch|p1b: Farigiraf\n|-damage|p1b: Farigiraf|0 fnt\n|faint|p1b: Farigiraf\n|\n|-weather|RainDance|[upkeep]\n|-heal|p2a: Urshifu|25/100|[from] Grassy Terrain\n|-heal|p1a: Rillaboom|80/100|[from] Grassy Terrain\n|upkeep\n|\n|t:|1775641309\n|switch|p1b: Kyogre|Kyogre, L50, tera:Grass|66/100\n|turn|5\n|inactive|salamstudu has 30 seconds left.\n|\n|t:|1775641340\n|move|p2a: Urshifu|Detect|p2a: Urshifu\n|-singleturn|p2a: Urshifu|Protect\n|move|p1a: Rillaboom|Grassy Glide|p2a: Urshifu\n|-activate|p2a: Urshifu|move: Protect\n|move|p1b: Kyogre|Origin Pulse|p2b: Brian|[spread] p2b\n|-activate|p2a: Urshifu|move: Protect\n|-damage|p2b: Brian|34/100\n|move|p2b: Brian|Drain Punch|p1b: Kyogre\n|-crit|p1b: Kyogre\n|-damage|p1b: Kyogre|1/100\n|-heal|p2b: Brian|61/100|[from] drain|[of] p1b: Kyogre\n|\n|-weather|none\n|-heal|p2a: Urshifu|32/100|[from] Grassy Terrain\n|-heal|p1b: Kyogre|7/100|[from] Grassy Terrain\n|-heal|p1a: Rillaboom|86/100|[from] Grassy Terrain\n|-heal|p2b: Brian|67/100|[from] Grassy Terrain\n|upkeep\n|turn|6\n|\n|t:|1775641358\n|-end|p2b: Brian|Quark Drive|[silent]\n|switch|p2b: Magical Mirai|Miraidon, L50, tera:Fairy|60/100\n|-fieldstart|move: Electric Terrain|[from] ability: Hadron Engine|[of] p2b: Magical Mirai\n|move|p2a: Urshifu|Surging Strikes|p1b: Kyogre\n|-resisted|p1b: Kyogre\n|-crit|p1b: Kyogre\n|-damage|p1b: Kyogre|0 fnt\n|faint|p1b: Kyogre\n|-hitcount|p1: Kyogre|1\n|move|p1a: Rillaboom|Grassy Glide|p2a: Urshifu\n|-supereffective|p2a: Urshifu\n|-damage|p2a: Urshifu|0 fnt\n|faint|p2a: Urshifu\n|\n|upkeep\n|c|\u2606TheManOfSausage|gg\n|\n|t:|1775641370\n|switch|p2a: Brian|Iron Hands, L50, shiny|67/100\n|switch|p1b: Calyrex|Calyrex-Ice, L50|17/100\n|-ability|p1b: Calyrex|As One\n|-ability|p1b: Calyrex|Unnerve\n|-activate|p2a: Brian|ability: Quark Drive\n|-start|p2a: Brian|quarkdriveatk\n|turn|7\n|\n|t:|1775641385\n|move|p1b: Calyrex|Protect|p1b: Calyrex\n|-singleturn|p1b: Calyrex|Protect\n|move|p2a: Brian|Fake Out|p1a: Rillaboom\n|-damage|p1a: Rillaboom|68/100\n|move|p2b: Magical Mirai|Dazzling Gleam|p1a: Rillaboom|[spread] p1a\n|-activate|p1b: Calyrex|move: Protect\n|-damage|p1a: Rillaboom|21/100\n|cant|p1a: Rillaboom|flinch\n|\n|upkeep\n|turn|8\n|\n|t:|1775641397\n|move|p2b: Magical Mirai|Dazzling Gleam|p1b: Calyrex|[spread] p1a,p1b\n|-damage|p1a: Rillaboom|0 fnt\n|-damage|p1b: Calyrex|0 fnt\n|faint|p1a: Rillaboom\n|faint|p1b: Calyrex\n|\n|win|TheManOfSausage\n|raw|salamstudu's rating: 1499 &rarr; <strong>1486</strong><br />(-13 for losing)\n|raw|TheManOfSausage's rating: 1634 &rarr; <strong>1647</strong><br />(+13 for winning)\n|l|\u2606salamstudu\n|player|p1|\n|l|\u2606TheManOfSausage\n|player|p2|\n","uploadtime":1775641576,"views":10,"formatid":"gen9vgc2026regi","rating":1486,"private":0,"password":null}