{"id":"gen9vgc2026regi-2578251117","format":"[Gen 9] VGC 2026 Reg I","players":["Scatola7","bullgod4ever"],"log":"|j|\u2606Scatola7\n|j|\u2606bullgod4ever\n|t:|1775662496\n|gametype|doubles\n|player|p1|Scatola7|2|1447\n|player|p2|bullgod4ever|265|1496\n|gen|9\n|tier|[Gen 9] VGC 2026 Reg I\n|rated|\n|rule|Species Clause: Limit one of each Pok\u00e9mon\n|rule|Item Clause: Limit 1 of each item\n|clearpoke\n|poke|p1|Kyogre, L50|\n|poke|p1|Miraidon, L50|\n|poke|p1|Tsareena, L50, F|\n|poke|p1|Tornadus, L50, M|\n|poke|p1|Iron Hands, L50|\n|poke|p1|Urshifu-*, L50, F|\n|poke|p2|Calyrex-Shadow, L50|\n|poke|p2|Zamazenta-*, L50|\n|poke|p2|Chien-Pao, L50|\n|poke|p2|Dragonite, L50, F|\n|poke|p2|Amoonguss, L50, F|\n|poke|p2|Ogerpon-Cornerstone, L50, F|\n|teampreview|4\n|inactive|Battle timer is ON: inactive players will automatically lose when time's up. (requested by Scatola7)\n|\n|t:|1775662528\n|teamsize|p1|4\n|teamsize|p2|4\n|start\n|switch|p1a: Tornadus|Tornadus, L50, M|100/100\n|switch|p1b: Miraidon|Miraidon, L50|100/100\n|switch|p2a: Chien-Pao|Chien-Pao, L50|100/100\n|switch|p2b: Dragonite|Dragonite, L50, F|100/100\n|-ability|p2a: Chien-Pao|Sword of Ruin\n|-fieldstart|move: Electric Terrain|[from] ability: Hadron Engine|[of] p1b: Miraidon\n|turn|1\n|\n|t:|1775662544\n|switch|p1a: Tsareena|Tsareena, L50, F|100/100\n|-terastallize|p1b: Miraidon|Fairy\n|-terastallize|p2b: Dragonite|Normal\n|move|p2b: Dragonite|Extreme Speed||[still]\n|cant|p1a: Tsareena|ability: Queenly Majesty|Extreme Speed|[of] p2b: Dragonite\n|move|p2a: Chien-Pao|Ice Shard||[still]\n|cant|p1a: Tsareena|ability: Queenly Majesty|Ice Shard|[of] p2a: Chien-Pao\n|move|p1b: Miraidon|Dazzling Gleam|p2b: Dragonite|[spread] p2a,p2b\n|-supereffective|p2a: Chien-Pao\n|-damage|p2a: Chien-Pao|0 fnt\n|-damage|p2b: Dragonite|39/100\n|faint|p2a: Chien-Pao\n|\n|upkeep\n|\n|t:|1775662562\n|switch|p2a: Calyrex|Calyrex-Shadow, L50|100/100\n|-ability|p2a: Calyrex|As One\n|-ability|p2a: Calyrex|Unnerve\n|turn|2\n|\n|t:|1775662572\n|move|p2b: Dragonite|Extreme Speed||[still]\n|cant|p1a: Tsareena|ability: Queenly Majesty|Extreme Speed|[of] p2b: Dragonite\n|move|p2a: Calyrex|Astral Barrage|p1a: Tsareena|[spread] p1a,p1b\n|-damage|p1a: Tsareena|36/100\n|-damage|p1b: Miraidon|50/100\n|move|p1b: Miraidon|Dazzling Gleam|p2a: Calyrex|[spread] p2a,p2b\n|-damage|p2a: Calyrex|36/100\n|-damage|p2b: Dragonite|0 fnt\n|faint|p2b: Dragonite\n|move|p1a: Tsareena|Taunt|p2a: Calyrex\n|-start|p2a: Calyrex|move: Taunt\n|\n|upkeep\n|\n|t:|1775662586\n|switch|p2b: Ogerpon|Ogerpon-Cornerstone, L50, F|100/100\n|turn|3\n|\n|t:|1775662596\n|move|p2b: Ogerpon|Follow Me|p2b: Ogerpon\n|-singleturn|p2b: Ogerpon|move: Follow Me\n|move|p2a: Calyrex|Astral Barrage|p1a: Tsareena|[spread] p1a,p1b\n|-damage|p1a: Tsareena|0 fnt\n|-damage|p1b: Miraidon|0 fnt\n|faint|p1a: Tsareena\n|faint|p1b: Miraidon\n|-ability|p2a: Calyrex|Grim Neigh|boost\n|-boost|p2a: Calyrex|spa|2\n|\n|upkeep\n|\n|t:|1775662599\n|switch|p1b: Tornadus|Tornadus, L50, M|100/100\n|switch|p1a: Kyogre|Kyogre, L50|100/100\n|-weather|RainDance|[from] ability: Drizzle|[of] p1a: Kyogre\n|turn|4\n|\n|t:|1775662620\n|move|p1b: Tornadus|Tailwind|p1b: Tornadus\n|-sidestart|p1: Scatola7|move: Tailwind\n|move|p1a: Kyogre|Water Spout|p2b: Ogerpon|[spread] p2a,p2b\n|-damage|p2a: Calyrex|0 fnt\n|-ability|p2b: Ogerpon|Sturdy\n|-damage|p2b: Ogerpon|1/100\n|faint|p2a: Calyrex\n|move|p2b: Ogerpon|Power Whip|p1a: Kyogre|[miss]\n|-miss|p2b: Ogerpon|p1a: Kyogre\n|\n|-weather|RainDance|[upkeep]\n|upkeep\n|turn|5\n|-message|bullgod4ever forfeited.\n|\n|win|Scatola7\n|raw|Scatola7's rating: 1447 &rarr; <strong>1470</strong><br />(+23 for winning)\n|raw|bullgod4ever's rating: 1496 &rarr; <strong>1473</strong><br />(-23 for losing)\n|l|\u2606bullgod4ever\n|player|p2|\n|l|\u2606Scatola7\n|player|p1|\n","uploadtime":1775662806,"views":20,"formatid":"gen9vgc2026regi","rating":1470,"private":0,"password":null}