{"id":"gen9vgc2026regi-2563078925","format":"[Gen 9] VGC 2026 Reg I","players":["1VLTSQ Joker","Xuechuvgc"],"log":"|raw|<div class=\"broadcast-blue\"><strong>This battle is required to be public due to a player having a name starting with '1vltsq'.</div>\n|j|\u26061VLTSQ Joker\n|j|\u2606Xuechuvgc\n|t:|1773981952\n|gametype|doubles\n|player|p1|1VLTSQ Joker|blue|1488\n|player|p2|Xuechuvgc|266|1424\n|gen|9\n|tier|[Gen 9] VGC 2026 Reg I\n|rated|\n|rule|Species Clause: Limit one of each Pok\u00e9mon\n|rule|Item Clause: Limit 1 of each item\n|clearpoke\n|poke|p1|Calyrex-Ice, L50|\n|poke|p1|Smeargle, L50, F|\n|poke|p1|Kyogre, L50|\n|poke|p1|Maushold, L50|\n|poke|p1|Volcarona, L50, M|\n|poke|p1|Chesnaught, L50, M|\n|poke|p2|Miraidon, L50|\n|poke|p2|Chien-Pao, L50|\n|poke|p2|Zamazenta-*, L50|\n|poke|p2|Tornadus, L50, M|\n|poke|p2|Rillaboom, L50, M|\n|poke|p2|Kingambit, L50, M|\n|teampreview|4\n|\n|t:|1773981976\n|teamsize|p1|4\n|teamsize|p2|4\n|start\n|switch|p1a: Smeargle|Smeargle, L50, F|100/100\n|switch|p1b: Volcarona|Volcarona, L50, M|100/100\n|switch|p2a: Miraidon|Miraidon, L50|100/100\n|switch|p2b: Zamazenta|Zamazenta-Crowned, L50, shiny|100/100\n|-ability|p2b: Zamazenta|Dauntless Shield|boost\n|-boost|p2b: Zamazenta|def|1\n|-fieldstart|move: Electric Terrain|[from] ability: Hadron Engine|[of] p2a: Miraidon\n|turn|1\n|\n|t:|1773982000\n|-terastallize|p2a: Miraidon|Electric\n|move|p1a: Smeargle|Fake Out|p2a: Miraidon\n|-damage|p2a: Miraidon|96/100\n|move|p2b: Zamazenta|Body Press|p1a: Smeargle\n|-supereffective|p1a: Smeargle\n|-enditem|p1a: Smeargle|Focus Sash\n|-damage|p1a: Smeargle|1/100\n|cant|p2a: Miraidon|flinch\n|move|p1b: Volcarona|Tailwind|p1b: Volcarona\n|-sidestart|p1: 1VLTSQ Joker|move: Tailwind\n|\n|-ability|p1a: Smeargle|Moody|boost\n|-boost|p1a: Smeargle|def|2\n|-unboost|p1a: Smeargle|spa|1\n|upkeep\n|turn|2\n|\n|t:|1773982019\n|switch|p1a: Calyrex|Calyrex-Ice, L50|100/100\n|-ability|p1a: Calyrex|As One\n|-ability|p1a: Calyrex|Unnerve\n|move|p1b: Volcarona|Rage Powder|p1b: Volcarona\n|-singleturn|p1b: Volcarona|move: Rage Powder\n|move|p2b: Zamazenta|Heavy Slam|p1b: Volcarona\n|-resisted|p1b: Volcarona\n|-damage|p1b: Volcarona|78/100\n|-damage|p2b: Zamazenta|84/100|[from] item: Rocky Helmet|[of] p1b: Volcarona\n|move|p2a: Miraidon|Electro Drift|p1b: Volcarona\n|-damage|p1b: Volcarona|0 fnt\n|-damage|p2a: Miraidon|80/100|[from] item: Rocky Helmet|[of] p1b: Volcarona\n|faint|p1b: Volcarona\n|\n|upkeep\n|\n|t:|1773982046\n|switch|p1b: Smeargle|Smeargle, L50, F|1/100\n|turn|3\n|inactive|Battle timer is ON: inactive players will automatically lose when time's up. (requested by Xuechuvgc)\n|\n|t:|1773982063\n|switch|p2a: Rillaboom|Rillaboom, L50, M|100/100\n|-fieldstart|move: Grassy Terrain|[from] ability: Grassy Surge|[of] p2a: Rillaboom\n|-terastallize|p1a: Calyrex|Grass\n|move|p1b: Smeargle|Decorate|p1a: Calyrex\n|-boost|p1a: Calyrex|atk|2\n|-boost|p1a: Calyrex|spa|2\n|move|p1a: Calyrex|High Horsepower|p2b: Zamazenta\n|-supereffective|p2b: Zamazenta\n|-damage|p2b: Zamazenta|17/100\n|move|p2b: Zamazenta|Body Press|p1a: Calyrex\n|-damage|p1a: Calyrex|56/100\n|\n|-heal|p1b: Smeargle|7/100|[from] Grassy Terrain\n|-heal|p1a: Calyrex|62/100|[from] Grassy Terrain\n|-heal|p2b: Zamazenta|23/100|[from] Grassy Terrain\n|-ability|p1b: Smeargle|Moody|boost\n|-boost|p1b: Smeargle|spa|2\n|-unboost|p1b: Smeargle|atk|1\n|upkeep\n|turn|4\n|\n|t:|1773982084\n|move|p2b: Zamazenta|Wide Guard|p2b: Zamazenta\n|-singleturn|p2b: Zamazenta|Wide Guard\n|move|p2a: Rillaboom|Fake Out|p1b: Smeargle\n|-damage|p1b: Smeargle|0 fnt\n|faint|p1b: Smeargle\n|move|p1a: Calyrex|Glacial Lance|p2b: Zamazenta|[spread] \n|-activate|p2a: Rillaboom|move: Wide Guard\n|-activate|p2b: Zamazenta|move: Wide Guard\n|\n|-heal|p1a: Calyrex|68/100|[from] Grassy Terrain\n|-heal|p2b: Zamazenta|29/100|[from] Grassy Terrain\n|-sideend|p1: 1VLTSQ Joker|move: Tailwind\n|upkeep\n|\n|t:|1773982088\n|switch|p1b: Kyogre|Kyogre, L50|100/100\n|-weather|RainDance|[from] ability: Drizzle|[of] p1b: Kyogre\n|turn|5\n|\n|t:|1773982103\n|move|p2a: Rillaboom|Grassy Glide|p1b: Kyogre\n|-supereffective|p1b: Kyogre\n|-damage|p1b: Kyogre|1/100\n|move|p1b: Kyogre|Hydro Pump|p2b: Zamazenta\n|-damage|p2b: Zamazenta|0 fnt\n|faint|p2b: Zamazenta\n|move|p1a: Calyrex|High Horsepower|p2a: Rillaboom\n|-resisted|p2a: Rillaboom\n|-damage|p2a: Rillaboom|59/100\n|\n|-weather|RainDance|[upkeep]\n|-heal|p1b: Kyogre|7/100|[from] Grassy Terrain\n|-heal|p2a: Rillaboom|66/100|[from] Grassy Terrain\n|-heal|p1a: Calyrex|74/100|[from] Grassy Terrain\n|upkeep\n|\n|t:|1773982118\n|switch|p2b: Kingambit|Kingambit, L50, M|100/100\n|turn|6\n|\n|t:|1773982129\n|move|p2b: Kingambit|Sucker Punch|p1b: Kyogre\n|-damage|p1b: Kyogre|0 fnt\n|faint|p1b: Kyogre\n|-damage|p2b: Kingambit|91/100|[from] item: Life Orb\n|move|p2a: Rillaboom|U-turn|p1a: Calyrex\n|-supereffective|p1a: Calyrex\n|-damage|p1a: Calyrex|43/100\n|\n|t:|1773982136\n|switch|p2a: Miraidon|Miraidon, L50, tera:Electric|80/100|[from] U-turn\n|-fieldstart|move: Electric Terrain|[from] ability: Hadron Engine|[of] p2a: Miraidon\n|move|p1a: Calyrex|High Horsepower|p2b: Kingambit\n|-supereffective|p2b: Kingambit\n|-damage|p2b: Kingambit|0 fnt\n|faint|p2b: Kingambit\n|-ability|p1a: Calyrex|Chilling Neigh|boost\n|-boost|p1a: Calyrex|atk|1\n|\n|-weather|RainDance|[upkeep]\n|upkeep\n|\n|t:|1773982137\n|switch|p2b: Rillaboom|Rillaboom, L50, M|66/100\n|-fieldstart|move: Grassy Terrain|[from] ability: Grassy Surge|[of] p2b: Rillaboom\n|turn|7\n|\n|t:|1773982143\n|move|p2b: Rillaboom|Fake Out|p1a: Calyrex\n|-damage|p1a: Calyrex|34/100\n|move|p2a: Miraidon|Dragon Pulse|p1a: Calyrex\n|-damage|p1a: Calyrex|11/100\n|cant|p1a: Calyrex|flinch\n|\n|-weather|RainDance|[upkeep]\n|-heal|p2a: Miraidon|86/100|[from] Grassy Terrain\n|-heal|p2b: Rillaboom|72/100|[from] Grassy Terrain\n|-heal|p1a: Calyrex|17/100|[from] Grassy Terrain\n|upkeep\n|turn|8\n|\n|t:|1773982148\n|move|p2a: Miraidon|Dragon Pulse|p1a: Calyrex\n|-damage|p1a: Calyrex|0 fnt\n|faint|p1a: Calyrex\n|\n|win|Xuechuvgc\n|raw|1VLTSQ Joker's rating: 1488 &rarr; <strong>1464</strong><br />(-24 for losing)\n|raw|Xuechuvgc's rating: 1424 &rarr; <strong>1448</strong><br />(+24 for winning)\n|l|\u26061VLTSQ Joker\n|player|p1|\n|l|\u2606Xuechuvgc\n|player|p2|\n","uploadtime":1773982290,"views":21,"formatid":"gen9vgc2026regi","rating":1448,"private":0,"password":null}