{"id":"gen9vgc2026regi-2543538915","format":"[Gen 9] VGC 2026 Reg I","players":["meh is good","VJ2511"],"log":"|j|\u2606meh is good\n|j|\u2606VJ2511\n|t:|1771590370\n|gametype|doubles\n|player|p1|meh is good|flannery|1485\n|player|p2|VJ2511|red-masters3|1628\n|gen|9\n|tier|[Gen 9] VGC 2026 Reg I\n|rated|\n|rule|Species Clause: Limit one of each Pok\u00e9mon\n|rule|Item Clause: Limit 1 of each item\n|clearpoke\n|poke|p1|Chien-Pao, L50|\n|poke|p1|Urshifu-*, L50, M|\n|poke|p1|Calyrex-Shadow, L50|\n|poke|p1|Tornadus, L50, M|\n|poke|p1|Clefairy, L50, M|\n|poke|p1|Miraidon, L50|\n|poke|p2|Calyrex-Shadow, L50|\n|poke|p2|Zamazenta-*, L50|\n|poke|p2|Smeargle, L50, M|\n|poke|p2|Incineroar, L50, F|\n|poke|p2|Rillaboom, L50, F|\n|poke|p2|Raging Bolt, L50|\n|teampreview|4\n|inactive|Battle timer is ON: inactive players will automatically lose when time's up. (requested by meh is good)\n|inactive|meh is good has 60 seconds left.\n|\n|t:|1771590405\n|teamsize|p1|4\n|teamsize|p2|4\n|start\n|switch|p1a: The Reporter|Tornadus, L50, M|100/100\n|switch|p1b: The Victim|Urshifu-Rapid-Strike, L50, M|100/100\n|switch|p2a: Calyrex|Calyrex-Shadow, L50|100/100\n|switch|p2b: Smeargle|Smeargle, L50, M|100/100\n|-ability|p2a: Calyrex|As One\n|-ability|p2a: Calyrex|Unnerve\n|turn|1\n|\n|t:|1771590418\n|switch|p1b: The Defendant|Miraidon, L50|100/100\n|-fieldstart|move: Electric Terrain|[from] ability: Hadron Engine|[of] p1b: The Defendant\n|move|p2b: Smeargle|Follow Me|p2b: Smeargle\n|-singleturn|p2b: Smeargle|move: Follow Me\n|move|p1a: The Reporter|Taunt|p2b: Smeargle\n|-start|p2b: Smeargle|move: Taunt\n|move|p2a: Calyrex|Astral Barrage|p1b: The Defendant|[spread] p1a,p1b\n|-damage|p1a: The Reporter|0 fnt\n|-damage|p1b: The Defendant|62/100\n|faint|p1a: The Reporter\n|-ability|p2a: Calyrex|Grim Neigh|boost\n|-boost|p2a: Calyrex|spa|1\n|-damage|p2a: Calyrex|91/100|[from] item: Life Orb\n|\n|-ability|p2b: Smeargle|Moody|boost\n|-boost|p2b: Smeargle|def|2\n|-unboost|p2b: Smeargle|spa|1\n|upkeep\n|\n|t:|1771590432\n|switch|p1a: The Victim|Urshifu-Rapid-Strike, L50, M|100/100\n|turn|2\n|\n|t:|1771590443\n|switch|p2a: Raging Bolt|Raging Bolt, L50|100/100\n|-enditem|p2a: Raging Bolt|Booster Energy\n|-activate|p2a: Raging Bolt|ability: Protosynthesis|[fromitem]\n|-start|p2a: Raging Bolt|protosynthesisspa\n|switch|p2b: Zamazenta|Zamazenta-Crowned, L50|100/100\n|-ability|p2b: Zamazenta|Dauntless Shield|boost\n|-boost|p2b: Zamazenta|def|1\n|-terastallize|p1a: The Victim|Water\n|move|p1a: The Victim|Surging Strikes|p2a: Raging Bolt\n|-resisted|p2a: Raging Bolt\n|-crit|p2a: Raging Bolt\n|-damage|p2a: Raging Bolt|89/100\n|-resisted|p2a: Raging Bolt\n|-crit|p2a: Raging Bolt\n|-damage|p2a: Raging Bolt|76/100\n|-resisted|p2a: Raging Bolt\n|-crit|p2a: Raging Bolt\n|-damage|p2a: Raging Bolt|64/100\n|-hitcount|p2a: Raging Bolt|3\n|move|p1b: The Defendant|Volt Switch|p2b: Zamazenta\n|-damage|p2b: Zamazenta|57/100\n|\n|t:|1771590446\n|switch|p1b: The Suspect|Calyrex-Shadow, L50|100/100|[from] Volt Switch\n|-ability|p1b: The Suspect|As One\n|-ability|p1b: The Suspect|Unnerve\n|\n|upkeep\n|turn|3\n|\n|t:|1771590463\n|switch|p1a: The Defendant|Miraidon, L50|62/100\n|-activate|p1a: The Defendant|ability: Hadron Engine\n|move|p2b: Zamazenta|Wide Guard|p2b: Zamazenta\n|-singleturn|p2b: Zamazenta|Wide Guard\n|move|p1b: The Suspect|Psychic|p2a: Raging Bolt\n|-damage|p2a: Raging Bolt|1/100\n|-damage|p1b: The Suspect|91/100|[from] item: Life Orb\n|move|p2a: Raging Bolt|Thunderbolt|p1b: The Suspect\n|-damage|p1b: The Suspect|5/100\n|\n|upkeep\n|turn|4\n|inactive|VJ2511 has 30 seconds left.\n|\n|t:|1771590491\n|move|p1b: The Suspect|Protect|p1b: The Suspect\n|-singleturn|p1b: The Suspect|Protect\n|move|p2b: Zamazenta|Body Press|p1a: The Defendant\n|-damage|p1a: The Defendant|6/100\n|move|p1a: The Defendant|Volt Switch|p2a: Raging Bolt\n|-resisted|p2a: Raging Bolt\n|-damage|p2a: Raging Bolt|0 fnt\n|faint|p2a: Raging Bolt\n|-end|p2a: Raging Bolt|Protosynthesis|[silent]\n|\n|t:|1771590501\n|switch|p1a: The Victim|Urshifu-Rapid-Strike, L50, M, tera:Water|100/100|[from] Volt Switch\n|\n|upkeep\n|\n|t:|1771590507\n|switch|p2a: Smeargle|Smeargle, L50, M|100/100\n|turn|5\n|\n|t:|1771590518\n|switch|p1a: The Defendant|Miraidon, L50|6/100\n|-activate|p1a: The Defendant|ability: Hadron Engine\n|move|p2a: Smeargle|Fake Out|p1a: The Defendant\n|-damage|p1a: The Defendant|1/100\n|move|p1b: The Suspect|Psychic|p2b: Zamazenta\n|-damage|p2b: Zamazenta|6/100\n|-damage|p1b: The Suspect|0 fnt|[from] item: Life Orb\n|faint|p1b: The Suspect\n|move|p2b: Zamazenta|Heavy Slam|p1a: The Defendant\n|-resisted|p1a: The Defendant\n|-damage|p1a: The Defendant|0 fnt\n|faint|p1a: The Defendant\n|\n|-fieldend|move: Electric Terrain\n|-ability|p2a: Smeargle|Moody|boost\n|-boost|p2a: Smeargle|spe|2\n|-unboost|p2a: Smeargle|spd|1\n|upkeep\n|\n|t:|1771590529\n|switch|p1b: The Victim|Urshifu-Rapid-Strike, L50, M, tera:Water|100/100\n|turn|6\n|\n|t:|1771590536\n|move|p2a: Smeargle|Spore|p1b: The Victim\n|-status|p1b: The Victim|slp|[from] move: Spore\n|cant|p1b: The Victim|slp\n|move|p2b: Zamazenta|Body Press|p1b: The Victim\n|-damage|p1b: The Victim|23/100 slp\n|\n|-ability|p2a: Smeargle|Moody|boost\n|-boost|p2a: Smeargle|atk|2\n|-unboost|p2a: Smeargle|spe|1\n|upkeep\n|turn|7\n|c|\u2606VJ2511|ggs\n|-message|meh is good forfeited.\n|\n|win|VJ2511\n|raw|meh is good's rating: 1485 &rarr; <strong>1473</strong><br />(-12 for losing)\n|raw|VJ2511's rating: 1628 &rarr; <strong>1640</strong><br />(+12 for winning)\n|l|\u2606VJ2511\n|player|p2|\n|l|\u2606meh is good\n|player|p1|\n","uploadtime":1771590747,"views":21,"formatid":"gen9vgc2026regi","rating":1473,"private":0,"password":null}