{"id":"gen9vgc2026regi-2552808146","format":"[Gen 9] VGC 2026 Reg I","players":["ballafjong","CHR1SPHX"],"log":"|j|\u2606ballafjong\n|j|\u2606CHR1SPHX\n|t:|1772755972\n|gametype|doubles\n|player|p1|ballafjong|1|1155\n|player|p2|CHR1SPHX|hilbert|1261\n|gen|9\n|tier|[Gen 9] VGC 2026 Reg I\n|rated|\n|rule|Species Clause: Limit one of each Pok\u00e9mon\n|rule|Item Clause: Limit 1 of each item\n|clearpoke\n|poke|p1|Koraidon, L50|\n|poke|p1|Tornadus, L50, M|\n|poke|p1|Terapagos, L50, M|\n|poke|p1|Rillaboom, L50, M|\n|poke|p1|Chi-Yu, L50|\n|poke|p1|Dachsbun, L50, F|\n|poke|p2|Lunala, L50|\n|poke|p2|Amoonguss, L50, M|\n|poke|p2|Ursaluna-Bloodmoon, L50, M|\n|poke|p2|Incineroar, L50, M|\n|poke|p2|Koraidon, L50|\n|poke|p2|Flutter Mane, L50|\n|teampreview|4\n|inactive|Battle timer is ON: inactive players will automatically lose when time's up. (requested by CHR1SPHX)\n|inactive|ballafjong has 60 seconds left.\n|inactive|CHR1SPHX has 60 seconds left.\n|\n|t:|1772756009\n|teamsize|p1|4\n|teamsize|p2|4\n|start\n|switch|p1a: Koraidon|Koraidon, L50|100/100\n|switch|p1b: Chi-Yu|Chi-Yu, L50|100/100\n|switch|p2a: Lunala|Lunala, L50, shiny|100/100\n|switch|p2b: Incineroar|Incineroar, L50, M|100/100\n|-weather|SunnyDay|[from] ability: Orichalcum Pulse|[of] p1a: Koraidon\n|-activate|p1a: Koraidon|Orichalcum Pulse|[source]\n|-ability|p1b: Chi-Yu|Beads of Ruin\n|-ability|p2b: Incineroar|Intimidate|boost\n|-fail|p1a: Koraidon|unboost|[from] item: Clear Amulet|[of] p1a: Koraidon\n|-unboost|p1b: Chi-Yu|atk|1\n|turn|1\n|inactive|CHR1SPHX has 30 seconds left.\n|inactive|CHR1SPHX has 20 seconds left.\n|inactive|CHR1SPHX has 15 seconds left.\n|inactive|CHR1SPHX has 10 seconds left.\n|inactive|CHR1SPHX has 5 seconds left.\n|\n|t:|1772756063\n|-terastallize|p1b: Chi-Yu|Ghost\n|-terastallize|p2a: Lunala|Fairy\n|move|p2b: Incineroar|Fake Out|p1a: Koraidon\n|-damage|p1a: Koraidon|90/100\n|cant|p1a: Koraidon|flinch\n|move|p1b: Chi-Yu|Dark Pulse|p2a: Lunala\n|-resisted|p2a: Lunala\n|-damage|p2a: Lunala|91/100\n|move|p2a: Lunala|Trick Room|p2a: Lunala\n|-fieldstart|move: Trick Room|[of] p2a: Lunala\n|\n|-weather|SunnyDay|[upkeep]\n|upkeep\n|turn|2\n|\n|t:|1772756076\n|move|p1b: Chi-Yu|Protect|p1b: Chi-Yu\n|-singleturn|p1b: Chi-Yu|Protect\n|move|p2b: Incineroar|Knock Off|p1b: Chi-Yu\n|-activate|p1b: Chi-Yu|move: Protect\n|move|p2a: Lunala|Moonblast|p1a: Koraidon\n|-supereffective|p1a: Koraidon\n|-damage|p1a: Koraidon|0 fnt\n|faint|p1a: Koraidon\n|\n|-weather|SunnyDay|[upkeep]\n|upkeep\n|\n|t:|1772756082\n|switch|p1a: Dachsbun|Dachsbun, L50, F|100/100\n|turn|3\n|\n|t:|1772756092\n|move|p2b: Incineroar|Knock Off|p1b: Chi-Yu\n|-supereffective|p1b: Chi-Yu\n|-enditem|p1b: Chi-Yu|Focus Sash\n|-damage|p1b: Chi-Yu|1/100\n|move|p1a: Dachsbun|Wish|p1a: Dachsbun\n|move|p2a: Lunala|Moonblast|p1a: Dachsbun\n|-damage|p1a: Dachsbun|25/100\n|-enditem|p1a: Dachsbun|Sitrus Berry|[eat]\n|-heal|p1a: Dachsbun|50/100|[from] item: Sitrus Berry\n|move|p1b: Chi-Yu|Lava Plume|p2b: Incineroar|[spread] p2a,p2b\n|-ability|p1a: Dachsbun|Well-Baked Body|boost\n|-boost|p1a: Dachsbun|def|2\n|-resisted|p2b: Incineroar\n|-damage|p2a: Lunala|45/100\n|-damage|p2b: Incineroar|79/100\n|-status|p2a: Lunala|brn\n|\n|-weather|SunnyDay|[upkeep]\n|-damage|p2a: Lunala|38/100 brn|[from] brn\n|upkeep\n|turn|4\n|inactive|ballafjong has 30 seconds left.\n|\n|t:|1772756119\n|move|p1a: Dachsbun|Protect|p1a: Dachsbun\n|-singleturn|p1a: Dachsbun|Protect\n|move|p1b: Chi-Yu|Protect|p1b: Chi-Yu\n|-singleturn|p1b: Chi-Yu|Protect\n|move|p2b: Incineroar|Knock Off|p1b: Chi-Yu\n|-activate|p1b: Chi-Yu|move: Protect\n|move|p2a: Lunala|Moonblast|p1a: Dachsbun\n|-activate|p1a: Dachsbun|move: Protect\n|\n|-weather|SunnyDay|[upkeep]\n|-heal|p1a: Dachsbun|99/100|[from] move: Wish|[wisher] Dachsbun\n|-damage|p2a: Lunala|32/100 brn|[from] brn\n|upkeep\n|turn|5\n|\n|t:|1772756138\n|switch|p2a: Amoonguss|Amoonguss, L50, M, shiny|100/100\n|move|p2b: Incineroar|Knock Off|p1b: Chi-Yu\n|-supereffective|p1b: Chi-Yu\n|-damage|p1b: Chi-Yu|0 fnt\n|faint|p1b: Chi-Yu\n|move|p1a: Dachsbun|Body Press|p2b: Incineroar\n|-supereffective|p2b: Incineroar\n|-damage|p2b: Incineroar|5/100\n|\n|-weather|none\n|-fieldend|move: Trick Room\n|upkeep\n|\n|t:|1772756144\n|switch|p1b: Tornadus|Tornadus, L50, M|100/100\n|turn|6\n|\n|t:|1772756154\n|switch|p2b: Koraidon|Koraidon, L50|100/100\n|-weather|SunnyDay|[from] ability: Orichalcum Pulse|[of] p2b: Koraidon\n|-activate|p2b: Koraidon|Orichalcum Pulse|[source]\n|move|p2a: Amoonguss|Rage Powder|p2a: Amoonguss\n|-singleturn|p2a: Amoonguss|move: Rage Powder\n|move|p1b: Tornadus|Air Slash|p2a: Amoonguss\n|-supereffective|p2a: Amoonguss\n|-damage|p2a: Amoonguss|38/100\n|move|p1a: Dachsbun|Body Press|p2a: Amoonguss\n|-resisted|p2a: Amoonguss\n|-damage|p2a: Amoonguss|19/100\n|-damage|p1a: Dachsbun|83/100|[from] item: Rocky Helmet|[of] p2a: Amoonguss\n|\n|-weather|SunnyDay|[upkeep]\n|upkeep\n|turn|7\n|\n|t:|1772756178\n|move|p2a: Amoonguss|Rage Powder|p2a: Amoonguss\n|-singleturn|p2a: Amoonguss|move: Rage Powder\n|move|p2b: Koraidon|Flare Blitz|p1b: Tornadus\n|-damage|p1b: Tornadus|3/100\n|-damage|p2b: Koraidon|69/100|[from] Recoil\n|move|p1b: Tornadus|Air Slash|p2a: Amoonguss\n|-supereffective|p2a: Amoonguss\n|-damage|p2a: Amoonguss|0 fnt\n|faint|p2a: Amoonguss\n|move|p1a: Dachsbun|Play Rough|p2b: Koraidon\n|-supereffective|p2b: Koraidon\n|-damage|p2b: Koraidon|0 fnt\n|faint|p2b: Koraidon\n|\n|-weather|SunnyDay|[upkeep]\n|upkeep\n|\n|t:|1772756183\n|switch|p2b: Incineroar|Incineroar, L50, M|5/100\n|switch|p2a: Lunala|Lunala, L50, shiny, tera:Fairy|32/100 brn\n|-ability|p2b: Incineroar|Intimidate|boost\n|-unboost|p1a: Dachsbun|atk|1\n|-unboost|p1b: Tornadus|atk|1\n|turn|8\n|inactive|CHR1SPHX has 30 seconds left.\n|\n|t:|1772756216\n|move|p2b: Incineroar|Fake Out|p1b: Tornadus\n|-damage|p1b: Tornadus|0 fnt\n|faint|p1b: Tornadus\n|move|p2a: Lunala|Moonblast|p1a: Dachsbun\n|-damage|p1a: Dachsbun|32/100\n|move|p1a: Dachsbun|Body Press|p2a: Lunala\n|-resisted|p2a: Lunala\n|-damage|p2a: Lunala|19/100 brn\n|\n|-weather|SunnyDay|[upkeep]\n|-damage|p2a: Lunala|13/100 brn|[from] brn\n|upkeep\n|turn|9\n|\n|t:|1772756232\n|move|p1a: Dachsbun|Protect|p1a: Dachsbun\n|-singleturn|p1a: Dachsbun|Protect\n|move|p2a: Lunala|Moonblast|p1a: Dachsbun\n|-activate|p1a: Dachsbun|move: Protect\n|move|p2b: Incineroar|Knock Off|p1a: Dachsbun\n|-activate|p1a: Dachsbun|move: Protect\n|\n|-weather|SunnyDay|[upkeep]\n|-damage|p2a: Lunala|6/100 brn|[from] brn\n|upkeep\n|turn|10\n|\n|t:|1772756240\n|move|p2a: Lunala|Moonblast|p1a: Dachsbun\n|-damage|p1a: Dachsbun|0 fnt\n|faint|p1a: Dachsbun\n|\n|win|CHR1SPHX\n|raw|ballafjong's rating: 1155 &rarr; <strong>1137</strong><br />(-18 for losing)\n|raw|CHR1SPHX's rating: 1261 &rarr; <strong>1279</strong><br />(+18 for winning)\n|l|\u2606ballafjong\n|player|p1|\n|c|\u2606CHR1SPHX|close man\n","uploadtime":1772756251,"views":16,"formatid":"gen9vgc2026regi","rating":1137,"private":0,"password":null}