{"id":"gen9vgc2026regi-2561479205","format":"[Gen 9] VGC 2026 Reg I","players":["It'sJustKen VGC","rmoon for reg f"],"log":"|j|\u2606It'sJustKen VGC\n|j|\u2606rmoon for reg f\n|t:|1773800896\n|gametype|doubles\n|player|p1|It'sJustKen VGC|1|\n|player|p2|rmoon for reg f|iris-gen5bw2|\n|gen|9\n|tier|[Gen 9] VGC 2026 Reg I\n|rated|Tournament battle\n|rule|Species Clause: Limit one of each Pok\u00e9mon\n|rule|Item Clause: Limit 1 of each item\n|raw|<div class=\"infobox\"><details class=\"readmore\" open><summary><strong>3 custom rules:</strong></summary> Open Team Sheets, Force Open Team Sheets, !Open Team Sheets</details></div>\n|clearpoke\n|poke|p1|Iron Hands, L50|\n|poke|p1|Incineroar, L50, F|\n|poke|p1|Calyrex-Shadow, L50|\n|poke|p1|Whimsicott, L50, F|\n|poke|p1|Farigiraf, L50, F|\n|poke|p1|Miraidon, L50|\n|poke|p2|Koraidon, L50|\n|poke|p2|Calyrex-Shadow, L50|\n|poke|p2|Flutter Mane, L50|\n|poke|p2|Incineroar, L50, F|\n|poke|p2|Clefairy, L50, F|\n|poke|p2|Rillaboom, L50, F|\n|teampreview|4\n|showteam|p1|Iron Hands||AssaultVest|QuarkDrive|FakeOut,DrainPunch,WildCharge,LowKick||||||50|,,,,,Water]Incineroar||RockyHelmet|Intimidate|FakeOut,Uturn,KnockOff,FlareBlitz|||F|||50|,,,,,Bug]Calyrex-Shadow||FocusSash|AsOneSpectrier|Protect,AstralBarrage,Psychic,Imprison||||||50|,,,,,Ghost]Whimsicott||CovertCloak|Prankster|Tailwind,Encore,Moonblast,LightScreen|||F|||50|,,,,,Fire]Farigiraf||ElectricSeed|ArmorTail|Psychic,Roar,TrickRoom,HelpingHand|||F|||50|,,,,,Water]Miraidon||ChoiceSpecs|HadronEngine|ElectroDrift,VoltSwitch,DracoMeteor,DazzlingGleam||||||50|,,,,,Fairy\n|showteam|p2|Koraidon||ClearAmulet|OrichalcumPulse|FlareBlitz,LowKick,FlameCharge,Protect||||||50|,,,,,Fire]Calyrex-Shadow||LifeOrb|AsOneSpectrier|AstralBarrage,Psychic,NastyPlot,Protect||||||50|,,,,,Dark]Flutter Mane||FocusSash|Protosynthesis|Moonblast,Protect,IcyWind,ShadowBall||||||50|,,,,,Normal]Incineroar||SafetyGoggles|Intimidate|HelpingHand,FlareBlitz,Uturn,FakeOut|||F|||50|,,,,,Water]Clefairy||Eviolite|FriendGuard|FollowMe,HelpingHand,Encore,Protect|||F|||50|,,,,,Ground]Rillaboom||AssaultVest|GrassySurge|WoodHammer,GrassyGlide,FakeOut,Uturn|||F|||50|,,,,,Water\n|inactive|Battle timer is ON: inactive players will automatically lose when time's up. (requested by It'sJustKen VGC)\n|j| JkShowdownguest\n|j|@Radio Free C-Side\n|j| TimeforCHILLI\n|inactive|It'sJustKen VGC has 60 seconds left.\n|inactive|rmoon for reg f has 60 seconds left.\n|j| ChickenZX\n|j| Cello L.\n|l| Cello L.\n|\n|t:|1773800958\n|teamsize|p1|4\n|teamsize|p2|4\n|start\n|switch|p1a: Miraidon|Miraidon, L50, shiny|100/100\n|switch|p1b: Whimsicott|Whimsicott, L50, F|100/100\n|switch|p2a: Calyrex|Calyrex-Shadow, L50|100/100\n|switch|p2b: Rillaboom|Rillaboom, L50, F|100/100\n|-ability|p2a: Calyrex|As One\n|-ability|p2a: Calyrex|Unnerve\n|-fieldstart|move: Electric Terrain|[from] ability: Hadron Engine|[of] p1a: Miraidon\n|-fieldstart|move: Grassy Terrain|[from] ability: Grassy Surge|[of] p2b: Rillaboom\n|turn|1\n|j| missouri mott\n|inactive|It'sJustKen VGC has 30 seconds left.\n|inactive|It'sJustKen VGC has 20 seconds left.\n|inactive|rmoon for reg f has 30 seconds left.\n|inactive|It'sJustKen VGC has 15 seconds left.\n|inactive|It'sJustKen VGC has 10 seconds left.\n|inactive|rmoon for reg f has 20 seconds left.\n|inactive|It'sJustKen VGC has 5 seconds left.\n|inactive|rmoon for reg f has 15 seconds left.\n|inactive|rmoon for reg f has 10 seconds left.\n|\n|t:|1773801014\n|move|p1b: Whimsicott|Tailwind|p1b: Whimsicott\n|-sidestart|p1: It'sJustKen VGC|move: Tailwind\n|move|p1a: Miraidon|Electro Drift|p2b: Rillaboom\n|-resisted|p2b: Rillaboom\n|-damage|p2b: Rillaboom|68/100\n|move|p2a: Calyrex|Astral Barrage|p1b: Whimsicott|[spread] p1a,p1b\n|-damage|p1a: Miraidon|43/100\n|-damage|p1b: Whimsicott|0 fnt\n|faint|p1b: Whimsicott\n|-ability|p2a: Calyrex|Grim Neigh|boost\n|-boost|p2a: Calyrex|spa|1\n|-damage|p2a: Calyrex|91/100|[from] item: Life Orb\n|move|p2b: Rillaboom|U-turn|p1a: Miraidon\n|-damage|p1a: Miraidon|22/100\n|\n|t:|1773801034\n|switch|p2b: Koraidon|Koraidon, L50|100/100|[from] U-turn\n|-weather|SunnyDay|[from] ability: Orichalcum Pulse|[of] p2b: Koraidon\n|-activate|p2b: Koraidon|Orichalcum Pulse|[source]\n|\n|-weather|SunnyDay|[upkeep]\n|-heal|p1a: Miraidon|28/100|[from] Grassy Terrain\n|-heal|p2a: Calyrex|97/100|[from] Grassy Terrain\n|upkeep\n|\n|t:|1773801046\n|switch|p1b: Calyrex|Calyrex-Shadow, L50|100/100\n|-ability|p1b: Calyrex|As One\n|-ability|p1b: Calyrex|Unnerve\n|turn|2\n|inactive|rmoon for reg f has 30 seconds left.\n|inactive|rmoon for reg f has 20 seconds left.\n|inactive|rmoon for reg f has 15 seconds left.\n|inactive|rmoon for reg f has 10 seconds left.\n|inactive|rmoon for reg f has 5 seconds left.\n|\n|t:|1773801098\n|-terastallize|p1b: Calyrex|Ghost\n|-terastallize|p2a: Calyrex|Dark\n|move|p1b: Calyrex|Imprison|p1b: Calyrex\n|-start|p1b: Calyrex|move: Imprison\n|move|p1a: Miraidon|Electro Drift|p2b: Koraidon\n|-resisted|p2b: Koraidon\n|-damage|p2b: Koraidon|65/100\n|cant|p2a: Calyrex|move: Imprison|Astral Barrage\n|move|p2b: Koraidon|Low Kick|p1a: Miraidon\n|-crit|p1a: Miraidon\n|-damage|p1a: Miraidon|0 fnt\n|faint|p1a: Miraidon\n|\n|-weather|SunnyDay|[upkeep]\n|-heal|p2a: Calyrex|100/100|[from] Grassy Terrain\n|-heal|p2b: Koraidon|71/100|[from] Grassy Terrain\n|upkeep\n|\n|t:|1773801107\n|switch|p1a: Incineroar|Incineroar, L50, F|100/100\n|-ability|p1a: Incineroar|Intimidate|boost\n|-unboost|p2a: Calyrex|atk|1\n|-fail|p2b: Koraidon|unboost|[from] item: Clear Amulet|[of] p2b: Koraidon\n|turn|3\n|\n|t:|1773801128\n|switch|p2a: Rillaboom|Rillaboom, L50, F|68/100\n|switch|p2b: Flutter Mane|Flutter Mane, L50|100/100\n|-activate|p2b: Flutter Mane|ability: Protosynthesis\n|-start|p2b: Flutter Mane|protosynthesisspe\n|move|p1a: Incineroar|Fake Out|p2b: Flutter Mane\n|-immune|p2b: Flutter Mane\n|move|p1b: Calyrex|Astral Barrage|p2a: Rillaboom|[spread] p2a,p2b\n|-supereffective|p2b: Flutter Mane\n|-damage|p2a: Rillaboom|15/100\n|-enditem|p2b: Flutter Mane|Focus Sash\n|-damage|p2b: Flutter Mane|1/100\n|\n|-weather|SunnyDay|[upkeep]\n|-heal|p2b: Flutter Mane|7/100|[from] Grassy Terrain\n|-heal|p2a: Rillaboom|20/100|[from] Grassy Terrain\n|upkeep\n|turn|4\n|inactive|rmoon for reg f has 30 seconds left.\n|inactive|rmoon for reg f has 20 seconds left.\n|\n|t:|1773801166\n|-end|p2b: Flutter Mane|Protosynthesis|[silent]\n|switch|p2b: Calyrex|Calyrex-Shadow, L50, tera:Dark|100/100\n|-ability|p2b: Calyrex|As One\n|-ability|p2b: Calyrex|Unnerve\n|move|p2a: Rillaboom|Grassy Glide|p1b: Calyrex\n|-damage|p1b: Calyrex|57/100\n|move|p1b: Calyrex|Astral Barrage|p2b: Calyrex|[spread] p2a,p2b\n|-resisted|p2b: Calyrex\n|-damage|p2a: Rillaboom|0 fnt\n|-damage|p2b: Calyrex|65/100\n|faint|p2a: Rillaboom\n|-ability|p1b: Calyrex|Grim Neigh|boost\n|-boost|p1b: Calyrex|spa|1\n|move|p1a: Incineroar|Knock Off|p2b: Calyrex\n|-resisted|p2b: Calyrex\n|-damage|p2b: Calyrex|43/100\n|-enditem|p2b: Calyrex|Life Orb|[from] move: Knock Off|[of] p1a: Incineroar\n|\n|-weather|SunnyDay|[upkeep]\n|-heal|p1b: Calyrex|64/100|[from] Grassy Terrain\n|-heal|p2b: Calyrex|49/100|[from] Grassy Terrain\n|-sideend|p1: It'sJustKen VGC|move: Tailwind\n|upkeep\n|\n|t:|1773801181\n|switch|p2a: Flutter Mane|Flutter Mane, L50|7/100\n|-activate|p2a: Flutter Mane|ability: Protosynthesis\n|-start|p2a: Flutter Mane|protosynthesisspe\n|turn|5\n|\n|t:|1773801202\n|-end|p2a: Flutter Mane|Protosynthesis|[silent]\n|switch|p2a: Koraidon|Koraidon, L50|71/100\n|-activate|p2a: Koraidon|ability: Orichalcum Pulse\n|move|p1b: Calyrex|Protect|p1b: Calyrex\n|-singleturn|p1b: Calyrex|Protect\n|move|p2b: Calyrex|Nasty Plot|p2b: Calyrex\n|-boost|p2b: Calyrex|spa|2\n|move|p1a: Incineroar|Knock Off|p2a: Koraidon\n|-resisted|p2a: Koraidon\n|-damage|p2a: Koraidon|57/100\n|-enditem|p2a: Koraidon|Clear Amulet|[from] move: Knock Off|[of] p1a: Incineroar\n|\n|-weather|none\n|-heal|p1b: Calyrex|70/100|[from] Grassy Terrain\n|-heal|p2b: Calyrex|55/100|[from] Grassy Terrain\n|-heal|p2a: Koraidon|63/100|[from] Grassy Terrain\n|-fieldend|move: Grassy Terrain\n|upkeep\n|turn|6\n|inactive|rmoon for reg f has 30 seconds left.\n|inactive|rmoon for reg f has 20 seconds left.\n|inactive|rmoon for reg f has 15 seconds left.\n|-message|rmoon for reg f forfeited.\n|\n|win|It'sJustKen VGC\n|n|\u2606It'sJustKen VGC|itsjustkenvgc\n|n|\u2606rmoon for reg f|rmoonforregf\n|n| JkShowdownguest|jkshowdownguest\n|n|+Radio Free C-Side|radiofreecside\n|n| TimeforCHILLI|timeforchilli\n|n| ChickenZX|chickenzx\n|n| missouri mott|missourimott\n|l|\u2606rmoon for reg f\n|player|p2|\n|l| JkShowdownguest\n|c|\u2606It'sJustKen VGC|gg wp\n","uploadtime":1773801246,"views":11,"formatid":"gen9vgc2026regi","rating":null,"private":0,"password":null}