{"id":"gen9vgc2026regi-2573517504","format":"[Gen 9] VGC 2026 Reg I","players":["4Test4","RefyTT."],"log":"|j|\u26064Test4\n|j|\u2606RefyTT.\n|t:|1775143370\n|gametype|doubles\n|player|p1|4Test4|blue|1211\n|player|p2|RefyTT.|colress|1203\n|gen|9\n|tier|[Gen 9] VGC 2026 Reg I\n|rated|\n|rule|Species Clause: Limit one of each Pok\u00e9mon\n|rule|Item Clause: Limit 1 of each item\n|clearpoke\n|poke|p1|Volcarona, L50, F|\n|poke|p1|Miraidon, L50|\n|poke|p1|Calyrex-Ice, L50|\n|poke|p1|Sneasler, L50, M|\n|poke|p1|Whimsicott, L50, M|\n|poke|p1|Ursaluna, L50, M|\n|poke|p2|Miraidon, L50|\n|poke|p2|Lunala, L50|\n|poke|p2|Suicune, L50|\n|poke|p2|Iron Treads, L50|\n|poke|p2|Sinistcha, L50|\n|poke|p2|Urshifu-*, L50, M|\n|teampreview|4\n|inactive|Battle timer is ON: inactive players will automatically lose when time's up. (requested by RefyTT.)\n|inactive|4Test4 has 60 seconds left.\n|inactive|RefyTT. has 60 seconds left.\n|\n|t:|1775143419\n|teamsize|p1|4\n|teamsize|p2|4\n|start\n|switch|p1a: Volcarona|Volcarona, L50, F|100/100\n|switch|p1b: Miraidon|Miraidon, L50|100/100\n|switch|p2a: Suicune|Suicune, L50|100/100\n|switch|p2b: Iron Treads|Iron Treads, L50|100/100\n|-fieldstart|move: Electric Terrain|[from] ability: Hadron Engine|[of] p1b: Miraidon\n|-activate|p2b: Iron Treads|ability: Quark Drive\n|-start|p2b: Iron Treads|quarkdrivespe\n|turn|1\n|\n|t:|1775143434\n|move|p1a: Volcarona|Rage Powder|p1a: Volcarona\n|-singleturn|p1a: Volcarona|move: Rage Powder\n|move|p2b: Iron Treads|High Horsepower|p1a: Volcarona\n|-damage|p1a: Volcarona|49/100\n|-damage|p2b: Iron Treads|84/100|[from] item: Rocky Helmet|[of] p1a: Volcarona\n|-damage|p2b: Iron Treads|75/100|[from] item: Life Orb\n|move|p1b: Miraidon|Volt Switch|p2a: Suicune\n|-supereffective|p2a: Suicune\n|-damage|p2a: Suicune|0 fnt\n|faint|p2a: Suicune\n|\n|t:|1775143448\n|switch|p1b: Sneasler|Sneasler, L50, M|100/100|[from] Volt Switch\n|-enditem|p1b: Sneasler|Electric Seed\n|-boost|p1b: Sneasler|def|1|[from] item: Electric Seed\n|\n|upkeep\n|\n|t:|1775143457\n|switch|p2a: Urshifu|Urshifu-Rapid-Strike, L50, M|100/100\n|turn|2\n|\n|t:|1775143466\n|-terastallize|p1a: Volcarona|Water\n|move|p1a: Volcarona|Rage Powder|p1a: Volcarona\n|-singleturn|p1a: Volcarona|move: Rage Powder\n|move|p2a: Urshifu|Aqua Jet|p1a: Volcarona\n|-resisted|p1a: Volcarona\n|-damage|p1a: Volcarona|32/100\n|-damage|p2a: Urshifu|84/100|[from] item: Rocky Helmet|[of] p1a: Volcarona\n|move|p1b: Sneasler|Close Combat|p2b: Iron Treads\n|-supereffective|p2b: Iron Treads\n|-damage|p2b: Iron Treads|0 fnt\n|-unboost|p1b: Sneasler|def|1\n|-unboost|p1b: Sneasler|spd|1\n|faint|p2b: Iron Treads\n|-end|p2b: Iron Treads|Quark Drive|[silent]\n|\n|upkeep\n|\n|t:|1775143478\n|switch|p2b: Lunala|Lunala, L50|100/100\n|-enditem|p2b: Lunala|Electric Seed\n|-boost|p2b: Lunala|def|1|[from] item: Electric Seed\n|turn|3\n|\n|t:|1775143493\n|move|p2a: Urshifu|Aqua Jet|p1b: Sneasler\n|-damage|p1b: Sneasler|60/100\n|move|p1b: Sneasler|Acrobatics|p2a: Urshifu\n|-supereffective|p2a: Urshifu\n|-damage|p2a: Urshifu|19/100\n|move|p1a: Volcarona|Quiver Dance|p1a: Volcarona\n|-boost|p1a: Volcarona|spa|1\n|-boost|p1a: Volcarona|spd|1\n|-boost|p1a: Volcarona|spe|1\n|move|p2b: Lunala|Moongeist Beam|p1a: Volcarona\n|-damage|p1a: Volcarona|2/100\n|\n|upkeep\n|turn|4\n|\n|t:|1775143514\n|move|p2a: Urshifu|Aqua Jet|p1a: Volcarona\n|-resisted|p1a: Volcarona\n|-damage|p1a: Volcarona|0 fnt\n|-damage|p2a: Urshifu|3/100|[from] item: Rocky Helmet|[of] p1a: Volcarona\n|faint|p1a: Volcarona\n|move|p1b: Sneasler|Acrobatics|p2a: Urshifu\n|-supereffective|p2a: Urshifu\n|-damage|p2a: Urshifu|0 fnt\n|faint|p2a: Urshifu\n|move|p2b: Lunala|Moongeist Beam|p1b: Sneasler\n|-damage|p1b: Sneasler|0 fnt\n|faint|p1b: Sneasler\n|\n|upkeep\n|\n|t:|1775143518\n|switch|p1b: Miraidon|Miraidon, L50|100/100\n|switch|p1a: Calyrex|Calyrex-Ice, L50|100/100\n|-ability|p1a: Calyrex|As One\n|-ability|p1a: Calyrex|Unnerve\n|-activate|p1b: Miraidon|ability: Hadron Engine\n|turn|5\n|inactive|RefyTT. has 30 seconds left.\n|\n|t:|1775143552\n|-terastallize|p2b: Lunala|Fairy\n|move|p1a: Calyrex|Protect|p1a: Calyrex\n|-singleturn|p1a: Calyrex|Protect\n|move|p1b: Miraidon|Electro Drift|p2b: Lunala\n|-damage|p2b: Lunala|47/100\n|move|p2b: Lunala|Moongeist Beam|p1a: Calyrex\n|-activate|p1a: Calyrex|move: Protect\n|\n|-fieldend|move: Electric Terrain\n|upkeep\n|turn|6\n|\n|t:|1775143570\n|move|p1b: Miraidon|Electro Drift|p2b: Lunala\n|-damage|p2b: Lunala|0 fnt\n|faint|p2b: Lunala\n|\n|win|4Test4\n|raw|4Test4's rating: 1211 &rarr; <strong>1235</strong><br />(+24 for winning)\n|raw|RefyTT.'s rating: 1203 &rarr; <strong>1179</strong><br />(-24 for losing)\n|l|\u26064Test4\n|player|p1|\n|l|\u2606RefyTT.\n|player|p2|\n","uploadtime":1775143818,"views":11,"formatid":"gen9vgc2026regi","rating":1179,"private":0,"password":null}