{"id":"gen9vgc2026regi-2589732880","format":"[Gen 9] VGC 2026 Reg I","players":["Ceraida","pigduckeater"],"log":"|j|\u2606Ceraida\n|j|\u2606pigduckeater\n|t:|1776753244\n|gametype|doubles\n|player|p1|Ceraida|veteran|1478\n|player|p2|pigduckeater|102|1600\n|gen|9\n|tier|[Gen 9] VGC 2026 Reg I\n|rated|\n|rule|Species Clause: Limit one of each Pok\u00e9mon\n|rule|Item Clause: Limit 1 of each item\n|clearpoke\n|poke|p1|Calyrex-Shadow, L50|\n|poke|p1|Koraidon, L50|\n|poke|p1|Indeedee-F, L50, F|\n|poke|p1|Brute Bonnet, L50|\n|poke|p1|Sneasler, L50, F|\n|poke|p1|Chi-Yu, L50|\n|poke|p2|Miraidon, L50|\n|poke|p2|Calyrex-Shadow, L50|\n|poke|p2|Volbeat, L50, M|\n|poke|p2|Wo-Chien, L50|\n|poke|p2|Incineroar, L50, M|\n|poke|p2|Urshifu-*, L50, F|\n|teampreview|4\n|\n|t:|1776753288\n|teamsize|p1|4\n|teamsize|p2|4\n|start\n|switch|p1a: Calyrex|Calyrex-Shadow, L50|100/100\n|switch|p1b: Indeedee|Indeedee-F, L50, F|100/100\n|switch|p2a: Miraidon|Miraidon, L50|100/100\n|switch|p2b: Wo-Chien|Wo-Chien, L50|100/100\n|-ability|p1a: Calyrex|As One\n|-ability|p1a: Calyrex|Unnerve\n|-fieldstart|move: Electric Terrain|[from] ability: Hadron Engine|[of] p2a: Miraidon\n|-enditem|p2b: Wo-Chien|Electric Seed\n|-boost|p2b: Wo-Chien|def|1|[from] item: Electric Seed\n|-fieldstart|move: Psychic Terrain|[from] ability: Psychic Surge|[of] p1b: Indeedee\n|-ability|p2b: Wo-Chien|Tablets of Ruin\n|turn|1\n|\n|t:|1776753302\n|-terastallize|p1a: Calyrex|Ground\n|move|p1b: Indeedee|Protect|p1b: Indeedee\n|-singleturn|p1b: Indeedee|Protect\n|move|p2b: Wo-Chien|Protect|p2b: Wo-Chien\n|-singleturn|p2b: Wo-Chien|Protect\n|move|p1a: Calyrex|Tera Blast|p2a: Miraidon|[anim] Tera Blast Ground\n|-supereffective|p2a: Miraidon\n|-damage|p2a: Miraidon|32/100\n|-damage|p1a: Calyrex|91/100|[from] item: Life Orb\n|move|p2a: Miraidon|Snarl|p1b: Indeedee|[spread] p1a\n|-activate|p1b: Indeedee|move: Protect\n|-damage|p1a: Calyrex|77/100\n|-unboost|p1a: Calyrex|spa|1\n|\n|upkeep\n|turn|2\n|\n|t:|1776753331\n|switch|p1a: Koraidon|Koraidon, L50|100/100\n|-weather|SunnyDay|[from] ability: Orichalcum Pulse|[of] p1a: Koraidon\n|-activate|p1a: Koraidon|Orichalcum Pulse|[source]\n|switch|p2a: Volbeat|Volbeat, L50, M|100/100\n|move|p1b: Indeedee|Dazzling Gleam|p2b: Wo-Chien|[spread] p2a,p2b\n|-supereffective|p2b: Wo-Chien\n|-damage|p2a: Volbeat|87/100\n|-damage|p2b: Wo-Chien|83/100\n|move|p2b: Wo-Chien|Leech Seed|p1b: Indeedee\n|-start|p1b: Indeedee|move: Leech Seed\n|\n|-weather|SunnyDay|[upkeep]\n|-damage|p1b: Indeedee|88/100|[from] Leech Seed|[of] p2b: Wo-Chien\n|-heal|p2b: Wo-Chien|94/100|[silent]\n|upkeep\n|turn|3\n|\n|t:|1776753350\n|move|p2b: Wo-Chien|Protect|p2b: Wo-Chien\n|-singleturn|p2b: Wo-Chien|Protect\n|move|p1b: Indeedee|Follow Me|p1b: Indeedee\n|-singleturn|p1b: Indeedee|move: Follow Me\n|move|p2a: Volbeat|Tailwind|p2a: Volbeat\n|-sidestart|p2: pigduckeater|move: Tailwind\n|move|p1a: Koraidon|Flame Charge|p2a: Volbeat\n|-supereffective|p2a: Volbeat\n|-damage|p2a: Volbeat|36/100\n|-boost|p1a: Koraidon|spe|1\n|\n|-weather|SunnyDay|[upkeep]\n|-damage|p1b: Indeedee|76/100|[from] Leech Seed|[of] p2b: Wo-Chien\n|-heal|p2b: Wo-Chien|100/100|[silent]\n|upkeep\n|turn|4\n|\n|t:|1776753360\n|move|p1b: Indeedee|Follow Me|p1b: Indeedee\n|-singleturn|p1b: Indeedee|move: Follow Me\n|move|p1a: Koraidon|Flame Charge|p2a: Volbeat\n|-supereffective|p2a: Volbeat\n|-damage|p2a: Volbeat|0 fnt\n|-boost|p1a: Koraidon|spe|1\n|faint|p2a: Volbeat\n|move|p2b: Wo-Chien|Foul Play|p1b: Indeedee\n|-supereffective|p1b: Indeedee\n|-damage|p1b: Indeedee|49/100\n|-damage|p2b: Wo-Chien|84/100|[from] item: Rocky Helmet|[of] p1b: Indeedee\n|\n|-weather|SunnyDay|[upkeep]\n|-damage|p1b: Indeedee|36/100|[from] Leech Seed|[of] p2b: Wo-Chien\n|-heal|p2b: Wo-Chien|95/100|[silent]\n|upkeep\n|\n|t:|1776753372\n|switch|p2a: Calyrex|Calyrex-Shadow, L50|100/100\n|-ability|p2a: Calyrex|As One\n|-ability|p2a: Calyrex|Unnerve\n|turn|5\n|\n|t:|1776753392\n|move|p2a: Calyrex|Protect|p2a: Calyrex\n|-singleturn|p2a: Calyrex|Protect\n|move|p1b: Indeedee|Follow Me|p1b: Indeedee\n|-singleturn|p1b: Indeedee|move: Follow Me\n|move|p1a: Koraidon|Flame Charge|p2a: Calyrex\n|-activate|p2a: Calyrex|move: Protect\n|move|p2b: Wo-Chien|Body Press|p1b: Indeedee\n|-damage|p1b: Indeedee|0 fnt\n|-damage|p2b: Wo-Chien|79/100|[from] item: Rocky Helmet|[of] p1b: Indeedee\n|faint|p1b: Indeedee\n|\n|-weather|SunnyDay|[upkeep]\n|-fieldend|move: Psychic Terrain\n|upkeep\n|\n|t:|1776753396\n|switch|p1b: Chi-Yu|Chi-Yu, L50|100/100\n|-ability|p1b: Chi-Yu|Beads of Ruin\n|turn|6\n|\n|t:|1776753423\n|-terastallize|p2a: Calyrex|Stellar\n|move|p1a: Koraidon|Protect|p1a: Koraidon\n|-singleturn|p1a: Koraidon|Protect\n|move|p2a: Calyrex|Astral Barrage|p1b: Chi-Yu|[spread] p1b\n|-activate|p1a: Koraidon|move: Protect\n|-resisted|p1b: Chi-Yu\n|-damage|p1b: Chi-Yu|56/100\n|move|p1b: Chi-Yu|Heat Wave|p2a: Calyrex|[spread] p2a,p2b\n|-supereffective|p2b: Wo-Chien\n|-damage|p2a: Calyrex|27/100\n|-damage|p2b: Wo-Chien|0 fnt\n|-status|p2a: Calyrex|brn\n|faint|p2b: Wo-Chien\n|\n|-weather|none\n|-damage|p2a: Calyrex|20/100 brn|[from] brn\n|-sideend|p2: pigduckeater|move: Tailwind\n|upkeep\n|-message|pigduckeater forfeited.\n|\n|win|Ceraida\n|raw|Ceraida's rating: 1478 &rarr; <strong>1505</strong><br />(+27 for winning)\n|raw|pigduckeater's rating: 1600 &rarr; <strong>1573</strong><br />(-27 for losing)\n|l|\u2606pigduckeater\n|player|p2|\n|l|\u2606Ceraida\n|player|p1|\n","uploadtime":1776753626,"views":9,"formatid":"gen9vgc2026regi","rating":1505,"private":0,"password":null}