{"id":"gen9vgc2026regi-2554575499","format":"[Gen 9] VGC 2026 Reg I","players":["Cello L.","a slippin jimmy"],"log":"|j|\u2606Cello L.\n|j|\u2606a slippin jimmy\n|t:|1772988866\n|gametype|doubles\n|player|p1|Cello L.|psychic-gen4|1423\n|player|p2|a slippin jimmy|miku-ghost|1384\n|gen|9\n|tier|[Gen 9] VGC 2026 Reg I\n|rated|\n|rule|Species Clause: Limit one of each Pok\u00e9mon\n|rule|Item Clause: Limit 1 of each item\n|clearpoke\n|poke|p1|Calyrex-Shadow, L50|\n|poke|p1|Koraidon, L50|\n|poke|p1|Regieleki, L50|\n|poke|p1|Volcarona, L50, M|\n|poke|p1|Rillaboom, L50, F|\n|poke|p1|Incineroar, L50, F|\n|poke|p2|Terapagos, L50, M|\n|poke|p2|Calyrex-Shadow, L50|\n|poke|p2|Rillaboom, L50, M|\n|poke|p2|Incineroar, L50, M|\n|poke|p2|Ogerpon-Cornerstone, L50, F|\n|poke|p2|Amoonguss, L50, M|\n|teampreview|4\n|\n|t:|1772988917\n|teamsize|p1|4\n|teamsize|p2|4\n|start\n|switch|p1a: Calyrex|Calyrex-Shadow, L50|100/100\n|switch|p1b: Regieleki|Regieleki, L50|100/100\n|switch|p2a: Terapagos|Terapagos, L50, M|100/100\n|switch|p2b: Amoonguss|Amoonguss, L50, M|100/100\n|-activate|p2a: Terapagos|ability: Tera Shift\n|detailschange|p2a: Terapagos|Terapagos-Terastal, L50, M\n|-heal|p2a: Terapagos|100/100|[silent]\n|-ability|p1a: Calyrex|As One\n|-ability|p1a: Calyrex|Unnerve\n|turn|1\n|\n|t:|1772988937\n|switch|p2b: Incineroar|Incineroar, L50, M|100/100\n|-ability|p2b: Incineroar|Intimidate|boost\n|-unboost|p1a: Calyrex|atk|1\n|-unboost|p1b: Regieleki|atk|1\n|move|p1b: Regieleki|Electroweb|p2b: Incineroar|[spread] p2a,p2b\n|-activate|p2a: Terapagos|ability: Tera Shell\n|-resisted|p2a: Terapagos\n|-damage|p2a: Terapagos|90/100\n|-damage|p2b: Incineroar|78/100\n|-unboost|p2a: Terapagos|spe|1\n|-unboost|p2b: Incineroar|spe|1\n|move|p1a: Calyrex|Psychic|p2b: Incineroar\n|-immune|p2b: Incineroar\n|move|p2a: Terapagos|Calm Mind|p2a: Terapagos\n|-boost|p2a: Terapagos|spa|1\n|-boost|p2a: Terapagos|spd|1\n|\n|-heal|p2a: Terapagos|96/100|[from] item: Leftovers\n|upkeep\n|turn|2\n|\n|t:|1772988976\n|switch|p1a: Koraidon|Koraidon, L50|100/100\n|-weather|SunnyDay|[from] ability: Orichalcum Pulse|[of] p1a: Koraidon\n|-activate|p1a: Koraidon|Orichalcum Pulse|[source]\n|move|p1b: Regieleki|Protect|p1b: Regieleki\n|-singleturn|p1b: Regieleki|Protect\n|move|p2a: Terapagos|Calm Mind|p2a: Terapagos\n|-boost|p2a: Terapagos|spa|1\n|-boost|p2a: Terapagos|spd|1\n|move|p2b: Incineroar|Knock Off|p1a: Koraidon\n|-resisted|p1a: Koraidon\n|-damage|p1a: Koraidon|86/100\n|-enditem|p1a: Koraidon|Clear Amulet|[from] move: Knock Off|[of] p2b: Incineroar\n|\n|-weather|SunnyDay|[upkeep]\n|-heal|p2a: Terapagos|100/100|[from] item: Leftovers\n|upkeep\n|turn|3\n|inactive|Battle timer is ON: inactive players will automatically lose when time's up. (requested by a slippin jimmy)\n|\n|t:|1772988999\n|switch|p2b: Amoonguss|Amoonguss, L50, M|100/100\n|-terastallize|p2a: Terapagos|Stellar\n|detailschange|p2a: Terapagos|Terapagos-Stellar, L50, M, tera:Stellar\n|-heal|p2a: Terapagos|100/100|[silent]\n|-ability|p2a: Terapagos|Teraform Zero\n|-weather|none\n|move|p1b: Regieleki|Electroweb|p2a: Terapagos|[spread] p2a,p2b\n|-resisted|p2b: Amoonguss\n|-damage|p2a: Terapagos|92/100\n|-damage|p2b: Amoonguss|88/100\n|-unboost|p2a: Terapagos|spe|1\n|-unboost|p2b: Amoonguss|spe|1\n|move|p1a: Koraidon|Collision Course|p2b: Amoonguss\n|-resisted|p2b: Amoonguss\n|-damage|p2b: Amoonguss|69/100\n|-damage|p1a: Koraidon|70/100|[from] item: Rocky Helmet|[of] p2b: Amoonguss\n|move|p2a: Terapagos|Tera Starstorm|p1b: Regieleki|[spread] p1a,p1b\n|-damage|p1a: Koraidon|0 fnt\n|-enditem|p1b: Regieleki|Focus Sash\n|-damage|p1b: Regieleki|1/100\n|faint|p1a: Koraidon\n|\n|-heal|p2a: Terapagos|98/100|[from] item: Leftovers\n|upkeep\n|\n|t:|1772989023\n|switch|p1a: Calyrex|Calyrex-Shadow, L50|100/100\n|-ability|p1a: Calyrex|As One\n|-ability|p1a: Calyrex|Unnerve\n|turn|4\n|\n|t:|1772989048\n|switch|p2b: Incineroar|Incineroar, L50, M|78/100\n|-ability|p2b: Incineroar|Intimidate|boost\n|-unboost|p1a: Calyrex|atk|1\n|-unboost|p1b: Regieleki|atk|1\n|move|p1b: Regieleki|Thunderbolt|p2b: Incineroar\n|-damage|p2b: Incineroar|27/100\n|move|p1a: Calyrex|Nasty Plot|p1a: Calyrex\n|-boost|p1a: Calyrex|spa|2\n|move|p2a: Terapagos|Tera Starstorm|p1b: Regieleki|[spread] p1a,p1b\n|-damage|p1a: Calyrex|33/100\n|-damage|p1b: Regieleki|0 fnt\n|faint|p1b: Regieleki\n|\n|-heal|p2a: Terapagos|100/100|[from] item: Leftovers\n|upkeep\n|\n|t:|1772989062\n|switch|p1b: Rillaboom|Rillaboom, L50, F|100/100\n|-fieldstart|move: Grassy Terrain|[from] ability: Grassy Surge|[of] p1b: Rillaboom\n|turn|5\n|inactive|a slippin jimmy has 30 seconds left.\n|inactive|a slippin jimmy has 20 seconds left.\n|inactive|a slippin jimmy has 15 seconds left.\n|inactive|a slippin jimmy has 10 seconds left.\n|\n|t:|1772989107\n|move|p1b: Rillaboom|Fake Out|p2b: Incineroar\n|-damage|p2b: Incineroar|17/100\n|move|p1a: Calyrex|Psychic|p2a: Terapagos\n|-damage|p2a: Terapagos|56/100\n|-damage|p1a: Calyrex|23/100|[from] item: Life Orb\n|cant|p2b: Incineroar|flinch\n|move|p2a: Terapagos|Tera Starstorm|p1b: Rillaboom|[spread] p1a,p1b\n|-damage|p1a: Calyrex|0 fnt\n|-damage|p1b: Rillaboom|53/100\n|faint|p1a: Calyrex\n|\n|-heal|p1b: Rillaboom|59/100|[from] Grassy Terrain\n|-heal|p2b: Incineroar|23/100|[from] Grassy Terrain\n|-heal|p2a: Terapagos|62/100|[from] Grassy Terrain\n|-heal|p2a: Terapagos|69/100|[from] item: Leftovers\n|upkeep\n|turn|6\n|\n|t:|1772989127\n|switch|p2b: Amoonguss|Amoonguss, L50, M|100/100\n|move|p2a: Terapagos|Protect|p2a: Terapagos\n|-singleturn|p2a: Terapagos|Protect\n|move|p1b: Rillaboom|Wood Hammer|p2b: Amoonguss\n|-resisted|p2b: Amoonguss\n|-damage|p2b: Amoonguss|85/100\n|-damage|p1b: Rillaboom|43/100|[from] item: Rocky Helmet|[of] p2b: Amoonguss\n|-damage|p1b: Rillaboom|37/100|[from] Recoil\n|\n|-heal|p1b: Rillaboom|43/100|[from] Grassy Terrain\n|-heal|p2a: Terapagos|75/100|[from] Grassy Terrain\n|-heal|p2a: Terapagos|81/100|[from] item: Leftovers\n|-heal|p2b: Amoonguss|91/100|[from] Grassy Terrain\n|upkeep\n|turn|7\n|-message|Cello L. forfeited.\n|\n|win|a slippin jimmy\n|raw|Cello L.'s rating: 1423 &rarr; <strong>1401</strong><br />(-22 for losing)\n|raw|a slippin jimmy's rating: 1384 &rarr; <strong>1406</strong><br />(+22 for winning)\n","uploadtime":1772989138,"views":18,"formatid":"gen9vgc2026regi","rating":1401,"private":0,"password":null}