{"id":"gen9vgc2026regi-2557385673","format":"[Gen 9] VGC 2026 Reg I","players":["nnuy","ArisHazard"],"log":"|j|\u2606nnuy\n|j|\u2606ArisHazard\n|t:|1773320974\n|gametype|doubles\n|player|p1|nnuy|265|1348\n|player|p2|ArisHazard|169|1356\n|gen|9\n|tier|[Gen 9] VGC 2026 Reg I\n|rated|\n|rule|Species Clause: Limit one of each Pok\u00e9mon\n|rule|Item Clause: Limit 1 of each item\n|clearpoke\n|poke|p1|Incineroar, L50, M|\n|poke|p1|Calyrex-Shadow, L50|\n|poke|p1|Zamazenta-*, L50|\n|poke|p1|Rillaboom, L50, M|\n|poke|p1|Ogerpon-Cornerstone, L50, F|\n|poke|p1|Tornadus, L50, M|\n|poke|p2|Calyrex-Ice, L50|\n|poke|p2|Hitmontop, L50, M|\n|poke|p2|Miraidon, L50|\n|poke|p2|Sableye, L50, M|\n|poke|p2|Ting-Lu, L50|\n|poke|p2|Iron Valiant, L50|\n|teampreview|4\n|inactive|Battle timer is ON: inactive players will automatically lose when time's up. (requested by nnuy)\n|inactive|ArisHazard has 60 seconds left.\n|\n|t:|1773321016\n|teamsize|p1|4\n|teamsize|p2|4\n|start\n|switch|p1a: Incineroar|Incineroar, L50, M, shiny|100/100\n|switch|p1b: Calyrex|Calyrex-Shadow, L50|100/100\n|switch|p2a: Calyrex|Calyrex-Ice, L50|100/100\n|switch|p2b: Miraidon|Miraidon, L50|100/100\n|-ability|p1b: Calyrex|As One\n|-ability|p1b: Calyrex|Unnerve\n|-ability|p2a: Calyrex|As One\n|-ability|p2a: Calyrex|Unnerve\n|-fieldstart|move: Electric Terrain|[from] ability: Hadron Engine|[of] p2b: Miraidon\n|-ability|p1a: Incineroar|Intimidate|boost\n|-fail|p2a: Calyrex|unboost|[from] item: Clear Amulet|[of] p2a: Calyrex\n|-unboost|p2b: Miraidon|atk|1\n|turn|1\n|inactive|nnuy has 30 seconds left.\n|\n|t:|1773321044\n|-terastallize|p2a: Calyrex|Fire\n|move|p1b: Calyrex|Protect|p1b: Calyrex\n|-singleturn|p1b: Calyrex|Protect\n|move|p2b: Miraidon|Snarl|p1b: Calyrex|[spread] p1a\n|-activate|p1b: Calyrex|move: Protect\n|-resisted|p1a: Incineroar\n|-damage|p1a: Incineroar|91/100\n|-unboost|p1a: Incineroar|spa|1\n|move|p1a: Incineroar|Taunt|p2a: Calyrex\n|-start|p2a: Calyrex|move: Taunt\n|cant|p2a: Calyrex|move: Taunt|Trick Room\n|\n|upkeep\n|turn|2\n|inactive|nnuy has 30 seconds left.\n|\n|t:|1773321076\n|move|p1b: Calyrex|Astral Barrage|p2b: Miraidon|[spread] p2a,p2b\n|-damage|p2a: Calyrex|60/100\n|-damage|p2b: Miraidon|64/100\n|move|p2b: Miraidon|Electro Drift|p1b: Calyrex\n|-damage|p1b: Calyrex|0 fnt\n|faint|p1b: Calyrex\n|move|p1a: Incineroar|Knock Off|p2a: Calyrex\n|-damage|p2a: Calyrex|33/100\n|-enditem|p2a: Calyrex|Clear Amulet|[from] move: Knock Off|[of] p1a: Incineroar\n|move|p2a: Calyrex|Glacial Lance|p1a: Incineroar\n|-resisted|p1a: Incineroar\n|-damage|p1a: Incineroar|65/100\n|\n|upkeep\n|\n|t:|1773321090\n|switch|p1b: Rillaboom|Rillaboom, L50, M|100/100\n|-fieldstart|move: Grassy Terrain|[from] ability: Grassy Surge|[of] p1b: Rillaboom\n|turn|3\n|inactive|nnuy has 30 seconds left.\n|\n|t:|1773321119\n|switch|p2a: Hitmontop|Hitmontop, L50, M|100/100\n|-ability|p2a: Hitmontop|Intimidate|boost\n|-unboost|p1a: Incineroar|atk|1\n|-unboost|p1b: Rillaboom|atk|1\n|move|p1b: Rillaboom|Fake Out|p2a: Hitmontop\n|-damage|p2a: Hitmontop|90/100\n|move|p2b: Miraidon|Volt Switch|p1a: Incineroar\n|-crit|p1a: Incineroar\n|-damage|p1a: Incineroar|6/100\n|\n|t:|1773321130\n|switch|p2b: Calyrex|Calyrex-Ice, L50, tera:Fire|33/100|[from] Volt Switch\n|-ability|p2b: Calyrex|As One\n|-ability|p2b: Calyrex|Unnerve\n|move|p1a: Incineroar|Knock Off|p2b: Calyrex\n|-damage|p2b: Calyrex|22/100\n|\n|-heal|p2a: Hitmontop|96/100|[from] Grassy Terrain\n|-heal|p1a: Incineroar|12/100|[from] Grassy Terrain\n|-heal|p2b: Calyrex|28/100|[from] Grassy Terrain\n|upkeep\n|turn|4\n|\n|t:|1773321150\n|switch|p1b: Zamazenta|Zamazenta-Crowned, L50|100/100\n|-ability|p1b: Zamazenta|Dauntless Shield|boost\n|-boost|p1b: Zamazenta|def|1\n|move|p2b: Calyrex|Protect|p2b: Calyrex\n|-singleturn|p2b: Calyrex|Protect\n|move|p2a: Hitmontop|Coaching|p2b: Calyrex\n|-boost|p2b: Calyrex|atk|1\n|-boost|p2b: Calyrex|def|1\n|move|p1a: Incineroar|Taunt|p2b: Calyrex\n|-activate|p2b: Calyrex|move: Protect\n|\n|-heal|p2a: Hitmontop|100/100|[from] Grassy Terrain\n|-heal|p1a: Incineroar|18/100|[from] Grassy Terrain\n|-heal|p2b: Calyrex|34/100|[from] Grassy Terrain\n|upkeep\n|turn|5\n|inactive|ArisHazard has 30 seconds left.\n|\n|t:|1773321177\n|switch|p2b: Sableye|Sableye, L50, M|100/100\n|move|p1b: Zamazenta|Body Press|p2b: Sableye\n|-immune|p2b: Sableye\n|move|p2a: Hitmontop|Close Combat|p1a: Incineroar\n|-supereffective|p1a: Incineroar\n|-damage|p1a: Incineroar|0 fnt\n|-unboost|p2a: Hitmontop|def|1\n|-unboost|p2a: Hitmontop|spd|1\n|-damage|p2a: Hitmontop|84/100|[from] item: Rocky Helmet|[of] p1a: Incineroar\n|faint|p1a: Incineroar\n|\n|-heal|p2a: Hitmontop|90/100|[from] Grassy Terrain\n|upkeep\n|\n|t:|1773321190\n|switch|p1a: Rillaboom|Rillaboom, L50, M|100/100\n|turn|6\n|\n|t:|1773321208\n|move|p1a: Rillaboom|Fake Out|p2a: Hitmontop\n|-damage|p2a: Hitmontop|68/100\n|move|p2b: Sableye|Encore|p1b: Zamazenta\n|-start|p1b: Zamazenta|Encore\n|move|p1b: Zamazenta|Body Press|p2b: Sableye\n|-immune|p2b: Sableye\n|move|p2a: Hitmontop|Close Combat|p1b: Zamazenta\n|-supereffective|p1b: Zamazenta\n|-damage|p1b: Zamazenta|73/100\n|-unboost|p2a: Hitmontop|def|1\n|-unboost|p2a: Hitmontop|spd|1\n|\n|-heal|p1b: Zamazenta|79/100|[from] Grassy Terrain\n|-heal|p2a: Hitmontop|74/100|[from] Grassy Terrain\n|upkeep\n|turn|7\n|-message|nnuy forfeited.\n|\n|win|ArisHazard\n|raw|nnuy's rating: 1348 &rarr; <strong>1328</strong><br />(-20 for losing)\n|raw|ArisHazard's rating: 1356 &rarr; <strong>1376</strong><br />(+20 for winning)\n|l|\u2606nnuy\n|player|p1|\n|l|\u2606ArisHazard\n|player|p2|\n","uploadtime":1773321484,"views":13,"formatid":"gen9vgc2026regi","rating":1328,"private":0,"password":null}