{"id":"gen9vgc2026regi-2534353377","format":"[Gen 9] VGC 2026 Reg I","players":["roho667","j0l0k0"],"log":"|j|\u2606roho667\n|j|\u2606j0l0k0\n|t:|1770411746\n|gametype|doubles\n|player|p1|roho667|102|1380\n|player|p2|j0l0k0|brycen|1436\n|gen|9\n|tier|[Gen 9] VGC 2026 Reg I\n|rated|\n|rule|Species Clause: Limit one of each Pok\u00e9mon\n|rule|Item Clause: Limit 1 of each item\n|clearpoke\n|poke|p1|Calyrex-Shadow, L50|\n|poke|p1|Archaludon, L50, M|\n|poke|p1|Kyogre, L50|\n|poke|p1|Whimsicott, L50, F|\n|poke|p1|Flutter Mane, L50|\n|poke|p1|Indeedee-F, L50, F|\n|poke|p2|Calyrex-Ice, L50|\n|poke|p2|Kyogre, L50|\n|poke|p2|Indeedee-F, L50, F|\n|poke|p2|Urshifu-*, L50, F|\n|poke|p2|Amoonguss, L50, F|\n|poke|p2|Landorus, L50, M|\n|teampreview|4\n|inactive|Battle timer is ON: inactive players will automatically lose when time's up. (requested by j0l0k0)\n|\n|t:|1770411774\n|teamsize|p1|4\n|teamsize|p2|4\n|start\n|switch|p1a: Indeedee|Indeedee-F, L50, F|100/100\n|switch|p1b: Kyogre|Kyogre, L50|100/100\n|switch|p2a: Kyogre|Kyogre, L50, shiny|100/100\n|switch|p2b: Indeedee|Indeedee-F, L50, F, shiny|100/100\n|-weather|RainDance|[from] ability: Drizzle|[of] p1b: Kyogre\n|-fieldstart|move: Psychic Terrain|[from] ability: Psychic Surge|[of] p2b: Indeedee\n|-enditem|p1a: Indeedee|Psychic Seed\n|-boost|p1a: Indeedee|spd|1|[from] item: Psychic Seed\n|turn|1\n|\n|t:|1770411788\n|switch|p1b: Archaludon|Archaludon, L50, M|100/100\n|move|p2b: Indeedee|Helping Hand|p2a: Kyogre\n|-singleturn|p2a: Kyogre|Helping Hand|[of] p2b: Indeedee\n|move|p1a: Indeedee|Imprison|p1a: Indeedee\n|-start|p1a: Indeedee|move: Imprison\n|move|p2a: Kyogre|Thunder|p1b: Archaludon\n|-resisted|p1b: Archaludon\n|-damage|p1b: Archaludon|71/100\n|-status|p1b: Archaludon|par\n|-ability|p1b: Archaludon|Stamina|boost\n|-boost|p1b: Archaludon|def|1\n|\n|-weather|RainDance|[upkeep]\n|upkeep\n|turn|2\n|inactive|j0l0k0 has 30 seconds left.\n|inactive|roho667 has 30 seconds left.\n|inactive|j0l0k0 has 20 seconds left.\n|\n|t:|1770411827\n|-terastallize|p2a: Kyogre|Grass\n|move|p1a: Indeedee|Helping Hand|p1b: Archaludon\n|-singleturn|p1b: Archaludon|Helping Hand|[of] p1a: Indeedee\n|move|p2b: Indeedee|Psychic|p1b: Archaludon\n|-resisted|p1b: Archaludon\n|-damage|p1b: Archaludon|55/100 par\n|-unboost|p1b: Archaludon|spd|1\n|-ability|p1b: Archaludon|Stamina|boost\n|-boost|p1b: Archaludon|def|1\n|move|p2a: Kyogre|Water Spout|p1b: Archaludon|[spread] p1a,p1b\n|-resisted|p1b: Archaludon\n|-damage|p1a: Indeedee|41/100\n|-damage|p1b: Archaludon|0 fnt\n|faint|p1b: Archaludon\n|\n|-weather|RainDance|[upkeep]\n|upkeep\n|\n|t:|1770411838\n|switch|p1b: Calyrex|Calyrex-Shadow, L50|100/100\n|-ability|p1b: Calyrex|As One\n|-ability|p1b: Calyrex|Unnerve\n|turn|3\n|\n|t:|1770411853\n|move|p1a: Indeedee|Helping Hand|p1b: Calyrex\n|-singleturn|p1b: Calyrex|Helping Hand|[of] p1a: Indeedee\n|move|p1b: Calyrex|Expanding Force|p2a: Kyogre|[spread] p2a,p2b\n|-resisted|p2b: Indeedee\n|-damage|p2a: Kyogre|58/100\n|-damage|p2b: Indeedee|52/100\n|move|p2b: Indeedee|Psychic|p1b: Calyrex\n|-resisted|p1b: Calyrex\n|-damage|p1b: Calyrex|81/100\n|move|p2a: Kyogre|Water Spout|p1b: Calyrex|[spread] p1a,p1b\n|-damage|p1a: Indeedee|4/100\n|-damage|p1b: Calyrex|14/100\n|\n|-weather|RainDance|[upkeep]\n|upkeep\n|turn|4\n|inactive|roho667 has 30 seconds left.\n|\n|t:|1770411881\n|move|p1a: Indeedee|Helping Hand|p1b: Calyrex\n|-singleturn|p1b: Calyrex|Helping Hand|[of] p1a: Indeedee\n|move|p1b: Calyrex|Expanding Force|p2a: Kyogre|[spread] p2a,p2b\n|-resisted|p2b: Indeedee\n|-damage|p2a: Kyogre|10/100\n|-damage|p2b: Indeedee|11/100\n|move|p2b: Indeedee|Psychic|p1b: Calyrex\n|-resisted|p1b: Calyrex\n|-damage|p1b: Calyrex|0 fnt\n|faint|p1b: Calyrex\n|move|p2a: Kyogre|Thunder|p1a: Indeedee\n|-damage|p1a: Indeedee|0 fnt\n|faint|p1a: Indeedee\n|\n|-weather|RainDance|[upkeep]\n|upkeep\n|\n|t:|1770411888\n|switch|p1b: Kyogre|Kyogre, L50|100/100\n|turn|5\n|\n|t:|1770411900\n|-terastallize|p1b: Kyogre|Water\n|move|p1b: Kyogre|Water Spout|p2b: Indeedee|[spread] p2a,p2b\n|-resisted|p2a: Kyogre\n|-crit|p2a: Kyogre\n|-damage|p2a: Kyogre|0 fnt\n|-damage|p2b: Indeedee|0 fnt\n|faint|p2a: Kyogre\n|faint|p2b: Indeedee\n|\n|-weather|none\n|-fieldend|move: Psychic Terrain\n|upkeep\n|\n|t:|1770411908\n|switch|p2b: Urshifu|Urshifu, L50, F|100/100\n|switch|p2a: Calyrex|Calyrex-Ice, L50|100/100\n|-ability|p2a: Calyrex|As One\n|-ability|p2a: Calyrex|Unnerve\n|turn|6\n|\n|t:|1770411917\n|move|p1b: Kyogre|Water Spout|p2b: Urshifu|[spread] p2a,p2b\n|-damage|p2a: Calyrex|44/100\n|-enditem|p2b: Urshifu|Focus Sash\n|-damage|p2b: Urshifu|1/100\n|move|p2b: Urshifu|Close Combat|p1b: Kyogre\n|-damage|p1b: Kyogre|25/100\n|-unboost|p2b: Urshifu|def|1\n|-unboost|p2b: Urshifu|spd|1\n|move|p2a: Calyrex|Trick Room|p2a: Calyrex\n|-fieldstart|move: Trick Room|[of] p2a: Calyrex\n|\n|upkeep\n|turn|7\n|-message|roho667 forfeited.\n|\n|win|j0l0k0\n|raw|roho667's rating: 1380 &rarr; <strong>1363</strong><br />(-17 for losing)\n|raw|j0l0k0's rating: 1436 &rarr; <strong>1453</strong><br />(+17 for winning)\n|l|\u2606roho667\n|player|p1|\n|l|\u2606j0l0k0\n|player|p2|\n","uploadtime":1770412167,"views":12,"formatid":"gen9vgc2026regi","rating":1363,"private":0,"password":null}