{"id":"gen9vgc2026regi-2571106417","format":"[Gen 9] VGC 2026 Reg I","players":["4Test4","dramfather clock"],"log":"|j|\u26064Test4\n|j|\u2606dramfather clock\n|html|<table width=\"100%\"><tr><td align=\"left\">4Test4</td><td align=\"right\">dramfather clock</tr><tr><td align=\"left\"><i class=\"fa fa-circle-o\"></i> <i class=\"fa fa-circle-o\"></i> </td><td align=\"right\"><i class=\"fa fa-circle-o\"></i> <i class=\"fa fa-circle\"></i> </tr></table>\n|uhtml|bestof|<h2><strong>Game 2</strong> of <a href=\"/game-bestof3-gen9vgc2026regi-2571103405\">a best-of-3</a></h2>\n|t:|1774886701\n|gametype|doubles\n|player|p1|4Test4|blue|\n|player|p2|dramfather clock|2|\n|gen|9\n|tier|[Gen 9] VGC 2026 Reg I\n|rated|Tournament battle\n|rule|Species Clause: Limit one of each Pok\u00e9mon\n|rule|Item Clause: Limit 1 of each item\n|raw|<div class=\"infobox\"><details class=\"readmore\" open><summary><strong>4 custom rules:</strong></summary> Open Team Sheets, Force Open Team Sheets, !Open Team Sheets, Best of = 3</details></div>\n|clearpoke\n|poke|p1|Calyrex-Ice, L50|\n|poke|p1|Miraidon, L50|\n|poke|p1|Klefki, L50, M|\n|poke|p1|Iron Hands, L50|\n|poke|p1|Farigiraf, L50, M|\n|poke|p1|Iron Treads, L50|\n|poke|p2|Calyrex-Shadow, L50|\n|poke|p2|Zamazenta-*, L50|\n|poke|p2|Urshifu-*, L50, M|\n|poke|p2|Landorus, L50, M|\n|poke|p2|Incineroar, L50, F|\n|poke|p2|Whimsicott, L50, M|\n|teampreview|4\n|showteam|p1|Calyrex-Ice||ElectricSeed|AsOneGlastrier|LeechSeed,GlacialLance,TrickRoom,Protect||||||50|,,,,,Normal]Miraidon||Leftovers|HadronEngine|ParabolicCharge,Snarl,CalmMind,Protect||||||50|,,,,,Electric]Klefki||LightClay|Prankster|Reflect,LightScreen,DazzlingGleam,ThunderWave|||M|||50|,,,,,Water]Iron Hands||AssaultVest|QuarkDrive|DrainPunch,FakeOut,LowKick,WildCharge||||||50|,,,,,Bug]Farigiraf||MentalHerb|ArmorTail|HelpingHand,TrickRoom,Imprison,NightShade|||M|||50|,,,,,Fairy]Iron Treads||ChoiceBand|QuarkDrive|HeavySlam,HighHorsepower,KnockOff,Megahorn||||||50|,,,,,Ghost\n|showteam|p2|Calyrex-Shadow||FocusSash|AsOneSpectrier|AstralBarrage,Psychic,Disable,Protect||||||50|,,,,,Ghost]Zamazenta-Crowned||RustedShield|DauntlessShield|BodyPress,HeavySlam,WideGuard,Protect||||||50|,,,,,Dragon]Urshifu-Rapid-Strike||MysticWater|UnseenFist|SurgingStrikes,AquaJet,Taunt,Protect|||M|||50|,,,,,Water]Landorus||LifeOrb|SheerForce|EarthPower,SludgeBomb,Substitute,Protect|||M|||50|,,,,,Water]Incineroar||AssaultVest|Intimidate|FlareBlitz,KnockOff,Uturn,FakeOut|||F|||50|,,,,,Bug]Whimsicott||CovertCloak|Prankster|Tailwind,Moonblast,Encore,Protect|||M|||50|,,,,,Fire\n|j| TG511\n|\n|t:|1774886717\n|teamsize|p1|4\n|teamsize|p2|4\n|start\n|switch|p1a: Miraidon|Miraidon, L50|100/100\n|switch|p1b: Iron Hands|Iron Hands, L50|100/100\n|switch|p2a: Incineroar|Incineroar, L50, F|100/100\n|switch|p2b: Landorus|Landorus, L50, M|100/100\n|-fieldstart|move: Electric Terrain|[from] ability: Hadron Engine|[of] p1a: Miraidon\n|-activate|p1b: Iron Hands|ability: Quark Drive\n|-start|p1b: Iron Hands|quarkdriveatk\n|-ability|p2a: Incineroar|Intimidate|boost\n|-unboost|p1a: Miraidon|atk|1\n|-unboost|p1b: Iron Hands|atk|1\n|turn|1\n|\n|t:|1774886761\n|move|p2a: Incineroar|Fake Out|p1b: Iron Hands\n|-damage|p1b: Iron Hands|93/100\n|cant|p1b: Iron Hands|flinch\n|move|p1a: Miraidon|Calm Mind|p1a: Miraidon\n|-boost|p1a: Miraidon|spa|1\n|-boost|p1a: Miraidon|spd|1\n|move|p2b: Landorus|Earth Power|p1a: Miraidon\n|-supereffective|p1a: Miraidon\n|-damage|p1a: Miraidon|23/100\n|\n|-heal|p1a: Miraidon|29/100|[from] item: Leftovers\n|upkeep\n|turn|2\n|\n|t:|1774886779\n|move|p1a: Miraidon|Protect|p1a: Miraidon\n|-singleturn|p1a: Miraidon|Protect\n|move|p2b: Landorus|Protect|p2b: Landorus\n|-singleturn|p2b: Landorus|Protect\n|move|p2a: Incineroar|U-turn|p1a: Miraidon\n|-activate|p1a: Miraidon|move: Protect\n|move|p1b: Iron Hands|Drain Punch|p2a: Incineroar\n|-supereffective|p2a: Incineroar\n|-crit|p2a: Incineroar\n|-damage|p2a: Incineroar|0 fnt\n|-heal|p1b: Iron Hands|100/100|[from] drain|[of] p2a: Incineroar\n|faint|p2a: Incineroar\n|\n|-heal|p1a: Miraidon|35/100|[from] item: Leftovers\n|upkeep\n|\n|t:|1774886789\n|switch|p2a: Zamazenta|Zamazenta-Crowned, L50|100/100\n|-ability|p2a: Zamazenta|Dauntless Shield|boost\n|-boost|p2a: Zamazenta|def|1\n|turn|3\n|\n|t:|1774886819\n|switch|p1a: Calyrex|Calyrex-Ice, L50|100/100\n|-ability|p1a: Calyrex|As One\n|-ability|p1a: Calyrex|Unnerve\n|-enditem|p1a: Calyrex|Electric Seed\n|-boost|p1a: Calyrex|def|1|[from] item: Electric Seed\n|move|p2a: Zamazenta|Body Press|p1a: Calyrex\n|-damage|p1a: Calyrex|74/100\n|move|p2b: Landorus|Earth Power|p1b: Iron Hands\n|-supereffective|p1b: Iron Hands\n|-damage|p1b: Iron Hands|17/100\n|move|p1b: Iron Hands|Low Kick|p2a: Zamazenta\n|-supereffective|p2a: Zamazenta\n|-damage|p2a: Zamazenta|48/100\n|\n|upkeep\n|turn|4\n|\n|t:|1774886839\n|move|p2a: Zamazenta|Body Press|p1a: Calyrex\n|-damage|p1a: Calyrex|51/100\n|move|p2b: Landorus|Earth Power|p1a: Calyrex\n|-damage|p1a: Calyrex|5/100\n|move|p1a: Calyrex|Glacial Lance|p2a: Zamazenta|[spread] p2a,p2b\n|-resisted|p2a: Zamazenta\n|-supereffective|p2b: Landorus\n|-damage|p2a: Zamazenta|37/100\n|-damage|p2b: Landorus|0 fnt\n|faint|p2b: Landorus\n|-ability|p1a: Calyrex|Chilling Neigh|boost\n|-boost|p1a: Calyrex|atk|1\n|move|p1b: Iron Hands|Drain Punch|p2a: Zamazenta\n|-supereffective|p2a: Zamazenta\n|-damage|p2a: Zamazenta|2/100\n|-heal|p1b: Iron Hands|29/100|[from] drain|[of] p2a: Zamazenta\n|\n|upkeep\n|\n|t:|1774886841\n|switch|p2b: Calyrex|Calyrex-Shadow, L50|100/100\n|-ability|p2b: Calyrex|As One\n|-ability|p2b: Calyrex|Unnerve\n|turn|5\n|j| Ice124567890\n|\n|t:|1774886867\n|move|p1a: Calyrex|Protect|p1a: Calyrex\n|-singleturn|p1a: Calyrex|Protect\n|move|p2b: Calyrex|Psychic|p1b: Iron Hands\n|-supereffective|p1b: Iron Hands\n|-damage|p1b: Iron Hands|0 fnt\n|faint|p1b: Iron Hands\n|-end|p1b: Iron Hands|Quark Drive|[silent]\n|-ability|p2b: Calyrex|Grim Neigh|boost\n|-boost|p2b: Calyrex|spa|1\n|move|p2a: Zamazenta|Body Press|p1a: Calyrex\n|-activate|p1a: Calyrex|move: Protect\n|\n|-fieldend|move: Electric Terrain\n|upkeep\n|\n|t:|1774886873\n|switch|p1b: Iron Treads|Iron Treads, L50|100/100\n|turn|6\n|\n|t:|1774886898\n|switch|p1a: Miraidon|Miraidon, L50|35/100\n|-fieldstart|move: Electric Terrain|[from] ability: Hadron Engine|[of] p1a: Miraidon\n|-activate|p1b: Iron Treads|ability: Quark Drive\n|-start|p1b: Iron Treads|quarkdrivespe\n|-terastallize|p1b: Iron Treads|Ghost\n|move|p2a: Zamazenta|Protect|p2a: Zamazenta\n|-singleturn|p2a: Zamazenta|Protect\n|move|p1b: Iron Treads|Knock Off|p2b: Calyrex\n|-supereffective|p2b: Calyrex\n|-enditem|p2b: Calyrex|Focus Sash\n|-damage|p2b: Calyrex|1/100\n|move|p2b: Calyrex|Astral Barrage|p1a: Miraidon|[spread] p1a,p1b\n|-supereffective|p1b: Iron Treads\n|-damage|p1a: Miraidon|0 fnt\n|-damage|p1b: Iron Treads|0 fnt\n|faint|p1a: Miraidon\n|faint|p1b: Iron Treads\n|-end|p1b: Iron Treads|Quark Drive|[silent]\n|-ability|p2b: Calyrex|Grim Neigh|boost\n|-boost|p2b: Calyrex|spa|2\n|\n|upkeep\n|\n|t:|1774886911\n|switch|p1a: Calyrex|Calyrex-Ice, L50|5/100\n|-ability|p1a: Calyrex|As One\n|-ability|p1a: Calyrex|Unnerve\n|turn|7\n|\n|t:|1774886918\n|move|p2b: Calyrex|Astral Barrage|p1a: Calyrex\n|-supereffective|p1a: Calyrex\n|-damage|p1a: Calyrex|0 fnt\n|faint|p1a: Calyrex\n|\n|win|dramfather clock\n|l|\u26064Test4\n|player|p1|\n|l| Ice124567890\n|l|\u2606dramfather clock\n|player|p2|\n|j| aurora ltd\n","uploadtime":1774886966,"views":8,"formatid":"gen9vgc2026regi","rating":null,"private":0,"password":null}