{"id":"gen9vgc2026regi-2577824763","format":"[Gen 9] VGC 2026 Reg I","players":["navinsachump","ness#1glazer"],"log":"|j|\u2606navinsachump\n|j|\u2606ness#1glazer\n|t:|1775609748\n|gametype|doubles\n|player|p1|navinsachump|265|1449\n|player|p2|ness#1glazer|265|1516\n|gen|9\n|tier|[Gen 9] VGC 2026 Reg I\n|rated|\n|rule|Species Clause: Limit one of each Pok\u00e9mon\n|rule|Item Clause: Limit 1 of each item\n|clearpoke\n|poke|p1|Calyrex-Shadow, L50|\n|poke|p1|Koraidon, L50|\n|poke|p1|Raging Bolt, L50|\n|poke|p1|Brute Bonnet, L50|\n|poke|p1|Landorus, L50, M|\n|poke|p1|Incineroar, L50, F|\n|poke|p2|Tornadus, L50, M|\n|poke|p2|Indeedee-F, L50, F|\n|poke|p2|Calyrex-Shadow, L50|\n|poke|p2|Urshifu-*, L50, M|\n|poke|p2|Kyogre, L50|\n|poke|p2|Raichu, L50, M|\n|teampreview|4\n|inactive|Battle timer is ON: inactive players will automatically lose when time's up. (requested by ness#1glazer)\n|j| MyokoO\nness#1glazer has agreed to open team sheets.\n|\n|t:|1775609792\n|teamsize|p1|4\n|teamsize|p2|4\n|start\n|switch|p1a: Calyrex|Calyrex-Shadow, L50|100/100\n|switch|p1b: Brute Bonnet|Brute Bonnet, L50|100/100\n|switch|p2a: Calyrex|Calyrex-Shadow, L50|100/100\n|switch|p2b: Tornadus|Tornadus, L50, M|100/100\n|-ability|p1a: Calyrex|As One\n|-ability|p1a: Calyrex|Unnerve\n|-ability|p2a: Calyrex|As One\n|-ability|p2a: Calyrex|Unnerve\n|turn|1\n|\n|t:|1775609803\n|-terastallize|p2a: Calyrex|Fairy\n|-terastallize|p1b: Brute Bonnet|Water\n|move|p1a: Calyrex|Astral Barrage|p2a: Calyrex|[spread] p2a,p2b\n|-damage|p2a: Calyrex|40/100\n|-damage|p2b: Tornadus|19/100\n|move|p2a: Calyrex|Astral Barrage|p1a: Calyrex|[spread] p1a,p1b\n|-supereffective|p1a: Calyrex\n|-enditem|p1a: Calyrex|Focus Sash\n|-damage|p1a: Calyrex|1/100\n|-damage|p1b: Brute Bonnet|49/100\n|move|p2b: Tornadus|Bleakwind Storm|p1b: Brute Bonnet|[spread] p1a,p1b\n|-damage|p1a: Calyrex|0 fnt\n|-damage|p1b: Brute Bonnet|12/100\n|faint|p1a: Calyrex\n|move|p1b: Brute Bonnet|Spore|p2a: Calyrex\n|-status|p2a: Calyrex|slp|[from] move: Spore\n|\n|upkeep\n|\n|t:|1775609820\n|switch|p1a: Koraidon|Koraidon, L50|100/100\n|-weather|SunnyDay|[from] ability: Orichalcum Pulse|[of] p1a: Koraidon\n|-activate|p1b: Brute Bonnet|ability: Protosynthesis\n|-start|p1b: Brute Bonnet|protosynthesisdef\n|-activate|p1a: Koraidon|Orichalcum Pulse|[source]\n|turn|2\n|\n|t:|1775609832\n|move|p2b: Tornadus|Tailwind|p2b: Tornadus\n|-sidestart|p2: ness#1glazer|move: Tailwind\n|move|p1b: Brute Bonnet|Sucker Punch||[still]\n|-fail|p1b: Brute Bonnet\n|cant|p2a: Calyrex|slp\n|move|p1a: Koraidon|Flame Charge|p2a: Calyrex\n|-damage|p2a: Calyrex|0 fnt\n|-boost|p1a: Koraidon|spe|1\n|faint|p2a: Calyrex\n|\n|-weather|SunnyDay|[upkeep]\n|upkeep\n|l| MyokoO\n|\n|t:|1775609842\n|switch|p2a: Kyogre|Kyogre, L50|100/100\n|-weather|RainDance|[from] ability: Drizzle|[of] p2a: Kyogre\n|-end|p1b: Brute Bonnet|Protosynthesis\n|turn|3\n|\n|t:|1775609847\n|switch|p2b: Indeedee|Indeedee-F, L50, F|100/100\n|-fieldstart|move: Psychic Terrain|[from] ability: Psychic Surge|[of] p2b: Indeedee\n|switch|p1a: Raging Bolt|Raging Bolt, L50|100/100\n|move|p1b: Brute Bonnet|Sucker Punch||[still]\n|-fail|p1b: Brute Bonnet\n|move|p2a: Kyogre|Water Spout|p1b: Brute Bonnet|[spread] p1a,p1b\n|-resisted|p1a: Raging Bolt\n|-resisted|p1b: Brute Bonnet\n|-damage|p1a: Raging Bolt|62/100\n|-damage|p1b: Brute Bonnet|0 fnt\n|faint|p1b: Brute Bonnet\n|-end|p1b: Brute Bonnet|Protosynthesis|[silent]\n|\n|-weather|RainDance|[upkeep]\n|upkeep\n|\n|t:|1775609849\n|switch|p1b: Koraidon|Koraidon, L50|100/100\n|-weather|SunnyDay|[from] ability: Orichalcum Pulse|[of] p1b: Koraidon\n|-activate|p1a: Raging Bolt|ability: Protosynthesis\n|-start|p1a: Raging Bolt|protosynthesisspa\n|-activate|p1b: Koraidon|Orichalcum Pulse|[source]\n|turn|4\n|\n|t:|1775609862\n|switch|p2a: Tornadus|Tornadus, L50, M|19/100\n|move|p1b: Koraidon|Protect|p1b: Koraidon\n|-singleturn|p1b: Koraidon|Protect\n|move|p2b: Indeedee|Psychic|p1b: Koraidon\n|-activate|p1b: Koraidon|move: Protect\n|move|p1a: Raging Bolt|Electroweb|p2a: Tornadus|[spread] p2a,p2b\n|-supereffective|p2a: Tornadus\n|-damage|p2a: Tornadus|0 fnt\n|-damage|p2b: Indeedee|76/100\n|-unboost|p2b: Indeedee|spe|1\n|faint|p2a: Tornadus\n|\n|-weather|SunnyDay|[upkeep]\n|upkeep\n|\n|t:|1775609871\n|switch|p2a: Kyogre|Kyogre, L50|100/100\n|-weather|RainDance|[from] ability: Drizzle|[of] p2a: Kyogre\n|-end|p1a: Raging Bolt|Protosynthesis\n|turn|5\n|\n|t:|1775609881\n|move|p2a: Kyogre|Water Spout|p1b: Koraidon|[spread] p1a,p1b\n|-resisted|p1a: Raging Bolt\n|-resisted|p1b: Koraidon\n|-damage|p1a: Raging Bolt|28/100\n|-damage|p1b: Koraidon|39/100\n|move|p1b: Koraidon|Collision Course|p2a: Kyogre\n|-damage|p2a: Kyogre|39/100\n|move|p2b: Indeedee|Psychic|p1b: Koraidon\n|-supereffective|p1b: Koraidon\n|-damage|p1b: Koraidon|0 fnt\n|faint|p1b: Koraidon\n|move|p1a: Raging Bolt|Electroweb|p2b: Indeedee|[spread] p2a,p2b\n|-supereffective|p2a: Kyogre\n|-damage|p2a: Kyogre|4/100\n|-damage|p2b: Indeedee|59/100\n|-unboost|p2a: Kyogre|spe|1\n|-unboost|p2b: Indeedee|spe|1\n|\n|-weather|RainDance|[upkeep]\n|-sideend|p2: ness#1glazer|move: Tailwind\n|upkeep\n|turn|6\n|\n|t:|1775609900\n|move|p2a: Kyogre|Protect|p2a: Kyogre\n|-singleturn|p2a: Kyogre|Protect\n|move|p1a: Raging Bolt|Electroweb|p2a: Kyogre|[spread] p2b\n|-activate|p2a: Kyogre|move: Protect\n|-damage|p2b: Indeedee|42/100\n|-unboost|p2b: Indeedee|spe|1\n|move|p2b: Indeedee|Trick Room|p2b: Indeedee\n|-fieldstart|move: Trick Room|[of] p2b: Indeedee\n|\n|-weather|RainDance|[upkeep]\n|upkeep\n|turn|7\n|\n|t:|1775609912\n|move|p2b: Indeedee|Psychic|p1a: Raging Bolt\n|-damage|p1a: Raging Bolt|4/100\n|move|p2a: Kyogre|Origin Pulse|p1a: Raging Bolt\n|-resisted|p1a: Raging Bolt\n|-damage|p1a: Raging Bolt|0 fnt\n|faint|p1a: Raging Bolt\n|-end|p1a: Raging Bolt|Protosynthesis|[silent]\n|\n|win|ness#1glazer\n|raw|navinsachump's rating: 1449 &rarr; <strong>1433</strong><br />(-16 for losing)\n|raw|ness#1glazer's rating: 1516 &rarr; <strong>1532</strong><br />(+16 for winning)\n|l|\u2606navinsachump\n|player|p1|\n|l|\u2606ness#1glazer\n|player|p2|\n","uploadtime":1775610115,"views":7,"formatid":"gen9vgc2026regi","rating":1433,"private":0,"password":null}