{"id":"gen9vgc2026regi-2527043414","format":"[Gen 9] VGC 2026 Reg I","players":["inb_178","kedaruma"],"log":"|j|\u2606inb_178\n|j|\u2606kedaruma\n|t:|1769485706\n|gametype|doubles\n|player|p1|inb_178|2|1344\n|player|p2|kedaruma|265|1386\n|gen|9\n|tier|[Gen 9] VGC 2026 Reg I\n|rated|\n|rule|Species Clause: Limit one of each Pok\u00e9mon\n|rule|Item Clause: Limit 1 of each item\n|clearpoke\n|poke|p1|Miraidon, L50|\n|poke|p1|Lunala, L50|\n|poke|p1|Iron Bundle, L50|\n|poke|p1|Urshifu-*, L50, F|\n|poke|p1|Ursaluna, L50, F|\n|poke|p1|Sneasler, L50, F|\n|poke|p2|Calyrex-Shadow, L50|\n|poke|p2|Zamazenta-*, L50|\n|poke|p2|Raging Bolt, L50|\n|poke|p2|Smeargle, L50, M|\n|poke|p2|Rillaboom, L50, M|\n|poke|p2|Tornadus, L50, M|\n|teampreview|4\n|inactive|Battle timer is ON: inactive players will automatically lose when time's up. (requested by kedaruma)\n|\n|t:|1769485737\n|teamsize|p1|4\n|teamsize|p2|4\n|start\n|switch|p1a: Lunala|Lunala, L50|100/100\n|switch|p1b: Sneasler|Sneasler, L50, F|100/100\n|switch|p2a: Smeargle|Smeargle, L50, M, shiny|100/100\n|switch|p2b: Calyrex|Calyrex-Shadow, L50|100/100\n|-ability|p2b: Calyrex|As One\n|-ability|p2b: Calyrex|Unnerve\n|turn|1\n|inactive|inb_178 has 30 seconds left.\n|\n|t:|1769485767\n|switch|p1b: Miraidon|Miraidon, L50|100/100\n|-fieldstart|move: Electric Terrain|[from] ability: Hadron Engine|[of] p1b: Miraidon\n|-enditem|p1a: Lunala|Electric Seed\n|-boost|p1a: Lunala|def|1|[from] item: Electric Seed\n|-terastallize|p2b: Calyrex|Dark\n|-terastallize|p1a: Lunala|Fairy\n|move|p2a: Smeargle|Fake Out|p1b: Miraidon\n|-damage|p1b: Miraidon|95/100\n|move|p2b: Calyrex|Astral Barrage|p1a: Lunala|[spread] p1a,p1b\n|-damage|p1a: Lunala|74/100\n|-damage|p1b: Miraidon|26/100\n|-damage|p2b: Calyrex|91/100|[from] item: Life Orb\n|move|p1a: Lunala|Moongeist Beam|p2b: Calyrex\n|-resisted|p2b: Calyrex\n|-damage|p2b: Calyrex|67/100\n|\n|-ability|p2a: Smeargle|Moody|boost\n|-boost|p2a: Smeargle|spd|2\n|-unboost|p2a: Smeargle|spe|1\n|upkeep\n|turn|2\n|inactive|inb_178 has 30 seconds left.\n|inactive|kedaruma has 30 seconds left.\n|inactive|kedaruma has 20 seconds left.\n|inactive|kedaruma has 15 seconds left.\n|inactive|kedaruma has 10 seconds left.\n|\n|t:|1769485813\n|move|p1b: Miraidon|Protect|p1b: Miraidon\n|-singleturn|p1b: Miraidon|Protect\n|move|p2a: Smeargle|Follow Me|p2a: Smeargle\n|-singleturn|p2a: Smeargle|move: Follow Me\n|move|p2b: Calyrex|Psychic|p1b: Miraidon\n|-activate|p1b: Miraidon|move: Protect\n|move|p1a: Lunala|Trick Room|p1a: Lunala\n|-fieldstart|move: Trick Room|[of] p1a: Lunala\n|\n|-ability|p2a: Smeargle|Moody|boost\n|-boost|p2a: Smeargle|atk|2\n|-unboost|p2a: Smeargle|spd|1\n|upkeep\n|turn|3\n|\n|t:|1769485830\n|move|p2a: Smeargle|Follow Me|p2a: Smeargle\n|-singleturn|p2a: Smeargle|move: Follow Me\n|move|p1a: Lunala|Dazzling Gleam|p2a: Smeargle|[spread] p2a,p2b\n|-supereffective|p2b: Calyrex\n|-damage|p2a: Smeargle|63/100\n|-damage|p2b: Calyrex|13/100\n|move|p1b: Miraidon|Volt Switch|p2a: Smeargle\n|-damage|p2a: Smeargle|0 fnt\n|faint|p2a: Smeargle\n|\n|t:|1769485840\n|switch|p1b: Ursaluna|Ursaluna, L50, F|100/100|[from] Volt Switch\n|move|p2b: Calyrex|Astral Barrage|p1a: Lunala|[spread] p1a\n|-immune|p1b: Ursaluna\n|-crit|p1a: Lunala\n|-damage|p1a: Lunala|0 fnt\n|faint|p1a: Lunala\n|-ability|p2b: Calyrex|Grim Neigh|boost\n|-boost|p2b: Calyrex|spa|1\n|-damage|p2b: Calyrex|4/100|[from] item: Life Orb\n|\n|-status|p1b: Ursaluna|brn|[from] item: Flame Orb\n|upkeep\n|\n|t:|1769485855\n|switch|p1a: Miraidon|Miraidon, L50|26/100\n|switch|p2a: Rillaboom|Rillaboom, L50, M, shiny|100/100\n|-fieldstart|move: Grassy Terrain|[from] ability: Grassy Surge|[of] p2a: Rillaboom\n|-fieldstart|move: Electric Terrain|[from] ability: Hadron Engine|[of] p1a: Miraidon\n|turn|4\n|inactive|inb_178 has 30 seconds left.\n|inactive|kedaruma has 30 seconds left.\n|\n|t:|1769485885\n|switch|p2a: Zamazenta|Zamazenta-Crowned, L50, shiny|100/100\n|-ability|p2a: Zamazenta|Dauntless Shield|boost\n|-boost|p2a: Zamazenta|def|1\n|move|p1b: Ursaluna|Facade|p2a: Zamazenta\n|-resisted|p2a: Zamazenta\n|-damage|p2a: Zamazenta|77/100\n|move|p1a: Miraidon|Volt Switch|p2b: Calyrex\n|-damage|p2b: Calyrex|0 fnt\n|faint|p2b: Calyrex\n|\n|t:|1769485897\n|switch|p1a: Sneasler|Sneasler, L50, F|100/100|[from] Volt Switch\n|\n|-damage|p1b: Ursaluna|95/100 brn|[from] brn\n|upkeep\n|\n|t:|1769485904\n|switch|p2b: Rillaboom|Rillaboom, L50, M, shiny|100/100\n|-fieldstart|move: Grassy Terrain|[from] ability: Grassy Surge|[of] p2b: Rillaboom\n|-enditem|p1a: Sneasler|Grassy Seed\n|-boost|p1a: Sneasler|def|1|[from] item: Grassy Seed\n|turn|5\n|\n|t:|1769485915\n|move|p1b: Ursaluna|Protect|p1b: Ursaluna\n|-singleturn|p1b: Ursaluna|Protect\n|move|p2b: Rillaboom|High Horsepower|p1a: Sneasler|[miss]\n|-miss|p2b: Rillaboom|p1a: Sneasler\n|move|p2a: Zamazenta|Heavy Slam|p1a: Sneasler\n|-damage|p1a: Sneasler|50/100\n|move|p1a: Sneasler|Dire Claw|p2b: Rillaboom\n|-supereffective|p2b: Rillaboom\n|-damage|p2b: Rillaboom|9/100\n|-status|p2b: Rillaboom|par\n|\n|-heal|p1b: Ursaluna|100/100 brn|[from] Grassy Terrain\n|-heal|p2b: Rillaboom|16/100 par|[from] Grassy Terrain\n|-heal|p2a: Zamazenta|83/100|[from] Grassy Terrain\n|-heal|p1a: Sneasler|56/100|[from] Grassy Terrain\n|-damage|p1b: Ursaluna|95/100 brn|[from] brn\n|upkeep\n|turn|6\n|-message|kedaruma forfeited.\n|\n|win|inb_178\n|raw|inb_178's rating: 1344 &rarr; <strong>1366</strong><br />(+22 for winning)\n|raw|kedaruma's rating: 1386 &rarr; <strong>1364</strong><br />(-22 for losing)\n|l|\u2606kedaruma\n|player|p2|\n|l|\u2606inb_178\n|player|p1|\n","uploadtime":1769486185,"views":13,"formatid":"gen9vgc2026regi","rating":1364,"private":0,"password":null}