{"id":"gen9vgc2026regi-2523041105","format":"[Gen 9] VGC 2026 Reg I","players":["aussiebatler56","GoofyRonald756"],"log":"|j|\u2606aussiebatler56\n|j|\u2606GoofyRonald756\n|t:|1768976515\n|gametype|doubles\n|player|p1|aussiebatler56|wallace|1140\n|player|p2|GoofyRonald756|266|1113\n|gen|9\n|tier|[Gen 9] VGC 2026 Reg I\n|rated|\n|rule|Species Clause: Limit one of each Pok\u00e9mon\n|rule|Item Clause: Limit 1 of each item\n|clearpoke\n|poke|p1|Alcremie, L50, F|\n|poke|p1|Calyrex-Shadow, L50|\n|poke|p1|Gyarados, L50, M|\n|poke|p1|Smeargle, L50, M|\n|poke|p1|Incineroar, L50, F|\n|poke|p1|Zacian-*, L50|\n|poke|p2|Eternatus, L50|\n|poke|p2|Ho-Oh, L50|\n|poke|p2|Rillaboom, L50, M|\n|poke|p2|Incineroar, L50, F|\n|poke|p2|Ting-Lu, L50|\n|poke|p2|Vaporeon, L50, M|\n|teampreview|4\n|inactive|Battle timer is ON: inactive players will automatically lose when time's up. (requested by aussiebatler56)\n|inactive|GoofyRonald756 has 60 seconds left.\n|\n|t:|1768976568\n|teamsize|p1|4\n|teamsize|p2|4\n|start\n|switch|p1a: Incineroar|Incineroar, L50, F|100/100\n|switch|p1b: Smeargle|Smeargle, L50, M|100/100\n|switch|p2a: Eternatus|Eternatus, L50|100/100\n|switch|p2b: Ho-Oh|Ho-Oh, L50|100/100\n|-ability|p2a: Eternatus|Pressure\n|-ability|p1a: Incineroar|Intimidate|boost\n|-unboost|p2a: Eternatus|atk|1\n|-unboost|p2b: Ho-Oh|atk|1\n|turn|1\n|\n|t:|1768976588\n|move|p1a: Incineroar|Fake Out|p2a: Eternatus\n|-damage|p2a: Eternatus|92/100\n|move|p2a: Eternatus|Toxic Spikes|p1a: Incineroar\n|-sidestart|p1: aussiebatler56|move: Toxic Spikes\n|move|p1b: Smeargle|Spore|p2a: Eternatus\n|-status|p2a: Eternatus|slp|[from] move: Spore\n|move|p2b: Ho-Oh|Sacred Fire|p1b: Smeargle\n|-damage|p1b: Smeargle|15/100\n|-status|p1b: Smeargle|brn\n|\n|-damage|p1b: Smeargle|9/100 brn|[from] brn\n|upkeep\n|turn|2\n|inactive|aussiebatler56 has 30 seconds left.\n|inactive|GoofyRonald756 has 30 seconds left.\n|\n|t:|1768976622\n|move|p2b: Ho-Oh|Protect|p2b: Ho-Oh\n|-singleturn|p2b: Ho-Oh|Protect\n|cant|p2a: Eternatus|slp\n|move|p1b: Smeargle|Decorate|p1a: Incineroar\n|-boost|p1a: Incineroar|atk|2\n|-boost|p1a: Incineroar|spa|2\n|move|p1a: Incineroar|Scorching Sands|p2a: Eternatus\n|-supereffective|p2a: Eternatus\n|-damage|p2a: Eternatus|60/100 slp\n|\n|-damage|p1b: Smeargle|3/100 brn|[from] brn\n|upkeep\n|turn|3\n|inactive|aussiebatler56 has 30 seconds left.\n|\n|t:|1768976650\n|switch|p2b: Rillaboom|Rillaboom, L50, M|100/100\n|-fieldstart|move: Grassy Terrain|[from] ability: Grassy Surge|[of] p2b: Rillaboom\n|cant|p2a: Eternatus|slp\n|move|p1b: Smeargle|Decorate|p1a: Incineroar\n|-boost|p1a: Incineroar|atk|2\n|-boost|p1a: Incineroar|spa|2\n|move|p1a: Incineroar|Knock Off|p2b: Rillaboom\n|-damage|p2b: Rillaboom|9/100\n|-enditem|p2b: Rillaboom|Assault Vest|[from] move: Knock Off|[of] p1a: Incineroar\n|\n|-heal|p2a: Eternatus|66/100 slp|[from] Grassy Terrain\n|-heal|p1b: Smeargle|9/100 brn|[from] Grassy Terrain\n|-heal|p2b: Rillaboom|15/100|[from] Grassy Terrain\n|-damage|p1b: Smeargle|3/100 brn|[from] brn\n|upkeep\n|turn|4\n|inactive|aussiebatler56 has 30 seconds left.\n|\n|t:|1768976679\n|switch|p2b: Ho-Oh|Ho-Oh, L50|100/100\n|-curestatus|p2a: Eternatus|slp|[msg]\n|move|p2a: Eternatus|Recover|p2a: Eternatus\n|-heal|p2a: Eternatus|100/100\n|move|p1b: Smeargle|Instruct|p1a: Incineroar\n|-singleturn|p1a: Incineroar|move: Instruct|[of] p1b: Smeargle\n|move|p1a: Incineroar|Knock Off|p2b: Ho-Oh\n|-damage|p2b: Ho-Oh|24/100\n|-enditem|p2b: Ho-Oh|Red Card|[from] move: Knock Off|[of] p1a: Incineroar\n|move|p1a: Incineroar|Scorching Sands|p2a: Eternatus\n|-supereffective|p2a: Eternatus\n|-damage|p2a: Eternatus|51/100\n|\n|-heal|p2a: Eternatus|57/100|[from] Grassy Terrain\n|-heal|p1b: Smeargle|9/100 brn|[from] Grassy Terrain\n|-damage|p1b: Smeargle|3/100 brn|[from] brn\n|upkeep\n|turn|5\n|inactive|aussiebatler56 has 30 seconds left.\n|\n|t:|1768976712\n|move|p2a: Eternatus|Dynamax Cannon|p1b: Smeargle\n|-damage|p1b: Smeargle|0 fnt\n|faint|p1b: Smeargle\n|move|p1a: Incineroar|Scorching Sands|p2a: Eternatus\n|-supereffective|p2a: Eternatus\n|-damage|p2a: Eternatus|3/100\n|move|p2b: Ho-Oh|Whirlwind|p1a: Incineroar\n|drag|p1a: Zacian|Zacian-Crowned, L50|100/100\n|-ability|p1a: Zacian|Intrepid Sword|boost\n|-boost|p1a: Zacian|atk|1\n|\n|-heal|p2a: Eternatus|9/100|[from] Grassy Terrain\n|upkeep\n|\n|t:|1768976726\n|switch|p1b: Incineroar|Incineroar, L50, F|100/100\n|-status|p1b: Incineroar|psn\n|-ability|p1b: Incineroar|Intimidate|boost\n|-unboost|p2a: Eternatus|atk|1\n|-unboost|p2b: Ho-Oh|atk|1\n|turn|6\n|\n|t:|1768976740\n|switch|p2b: Incineroar|Incineroar, L50, F|100/100\n|-ability|p2b: Incineroar|Intimidate|boost\n|-unboost|p1a: Zacian|atk|1\n|-unboost|p1b: Incineroar|atk|1\n|move|p2a: Eternatus|Protect|p2a: Eternatus\n|-singleturn|p2a: Eternatus|Protect\n|move|p1b: Incineroar|Fake Out|p2b: Incineroar\n|-damage|p2b: Incineroar|94/100\n|-damage|p1b: Incineroar|84/100 psn|[from] item: Rocky Helmet|[of] p2b: Incineroar\n|move|p1a: Zacian|Crunch|p2b: Incineroar\n|-resisted|p2b: Incineroar\n|-damage|p2b: Incineroar|80/100\n|-damage|p1a: Zacian|84/100|[from] item: Rocky Helmet|[of] p2b: Incineroar\n|\n|-heal|p1a: Zacian|90/100|[from] Grassy Terrain\n|-heal|p2a: Eternatus|15/100|[from] Grassy Terrain\n|-heal|p2b: Incineroar|86/100|[from] Grassy Terrain\n|-heal|p1b: Incineroar|90/100 psn|[from] Grassy Terrain\n|-damage|p1b: Incineroar|78/100 psn|[from] psn\n|upkeep\n|turn|7\n|\n|t:|1768976758\n|switch|p2a: Ho-Oh|Ho-Oh, L50|58/100\n|move|p1a: Zacian|Play Rough|p2b: Incineroar\n|-damage|p2b: Incineroar|35/100\n|-damage|p1a: Zacian|73/100|[from] item: Rocky Helmet|[of] p2b: Incineroar\n|move|p2b: Incineroar|Parting Shot|p1a: Zacian\n|-unboost|p1a: Zacian|atk|1\n|-unboost|p1a: Zacian|spa|1\n|\n|t:|1768976766\n|switch|p2b: Eternatus|Eternatus, L50|15/100|[from] Parting Shot\n|-ability|p2b: Eternatus|Pressure\n|move|p1b: Incineroar|Scorching Sands|p2b: Eternatus\n|-supereffective|p2b: Eternatus\n|-damage|p2b: Eternatus|0 fnt\n|faint|p2b: Eternatus\n|\n|-heal|p1a: Zacian|79/100|[from] Grassy Terrain\n|-heal|p1b: Incineroar|84/100 psn|[from] Grassy Terrain\n|-damage|p1b: Incineroar|71/100 psn|[from] psn\n|-fieldend|move: Grassy Terrain\n|upkeep\n|\n|t:|1768976769\n|switch|p2b: Incineroar|Incineroar, L50, F|35/100\n|-ability|p2b: Incineroar|Intimidate|boost\n|-unboost|p1a: Zacian|atk|1\n|-unboost|p1b: Incineroar|atk|1\n|turn|8\n|\n|t:|1768976787\n|switch|p1a: Calyrex|Calyrex-Shadow, L50|100/100\n|-ability|p1a: Calyrex|As One\n|-ability|p1a: Calyrex|Unnerve\n|-status|p1a: Calyrex|psn\n|move|p2b: Incineroar|Fake Out|p1a: Calyrex\n|-immune|p1a: Calyrex\n|move|p2a: Ho-Oh|Life Dew|p2a: Ho-Oh|[spread] p2a,p2b\n|-heal|p2a: Ho-Oh|83/100\n|-heal|p2b: Incineroar|60/100\n|move|p1b: Incineroar|Scorching Sands|p2b: Incineroar\n|-supereffective|p2b: Incineroar\n|-damage|p2b: Incineroar|41/100\n|\n|-damage|p1a: Calyrex|88/100 psn|[from] psn\n|-damage|p1b: Incineroar|59/100 psn|[from] psn\n|upkeep\n|turn|9\n|inactive|aussiebatler56 has 30 seconds left.\n|\n|t:|1768976816\n|-terastallize|p1a: Calyrex|Normal\n|move|p1a: Calyrex|Astral Barrage|p2a: Ho-Oh|[spread] p2a,p2b\n|-resisted|p2b: Incineroar\n|-damage|p2a: Ho-Oh|46/100\n|-damage|p2b: Incineroar|17/100\n|move|p2a: Ho-Oh|Life Dew|p2a: Ho-Oh|[spread] p2a,p2b\n|-heal|p2a: Ho-Oh|70/100\n|-heal|p2b: Incineroar|42/100\n|move|p2b: Incineroar|Parting Shot|p1a: Calyrex\n|-unboost|p1a: Calyrex|atk|1\n|-unboost|p1a: Calyrex|spa|1\n|\n|t:|1768976821\n|switch|p2b: Rillaboom|Rillaboom, L50, M|15/100|[from] Parting Shot\n|-fieldstart|move: Grassy Terrain|[from] ability: Grassy Surge|[of] p2b: Rillaboom\n|move|p1b: Incineroar|Knock Off|p2b: Rillaboom\n|-damage|p2b: Rillaboom|4/100\n|\n|-heal|p1a: Calyrex|94/100 psn|[from] Grassy Terrain\n|-heal|p2b: Rillaboom|10/100|[from] Grassy Terrain\n|-heal|p1b: Incineroar|65/100 psn|[from] Grassy Terrain\n|-damage|p1a: Calyrex|82/100 psn|[from] psn\n|-damage|p1b: Incineroar|53/100 psn|[from] psn\n|upkeep\n|turn|10\n|\n|t:|1768976846\n|switch|p2b: Incineroar|Incineroar, L50, F|42/100\n|-ability|p2b: Incineroar|Intimidate|boost\n|-unboost|p1a: Calyrex|atk|1\n|-unboost|p1b: Incineroar|atk|1\n|move|p1a: Calyrex|Astral Barrage|p2b: Incineroar|[spread] p2a,p2b\n|-resisted|p2b: Incineroar\n|-damage|p2a: Ho-Oh|47/100\n|-damage|p2b: Incineroar|27/100\n|move|p2a: Ho-Oh|Life Dew|p2a: Ho-Oh|[spread] p2a,p2b\n|-heal|p2a: Ho-Oh|72/100\n|-heal|p2b: Incineroar|52/100\n|move|p1b: Incineroar|Knock Off|p2b: Incineroar\n|-resisted|p2b: Incineroar\n|-damage|p2b: Incineroar|46/100\n|-damage|p1b: Incineroar|36/100 psn|[from] item: Rocky Helmet|[of] p2b: Incineroar\n|-enditem|p2b: Incineroar|Rocky Helmet|[from] move: Knock Off|[of] p1b: Incineroar\n|\n|-heal|p1a: Calyrex|88/100 psn|[from] Grassy Terrain\n|-heal|p2b: Incineroar|51/100|[from] Grassy Terrain\n|-heal|p1b: Incineroar|42/100 psn|[from] Grassy Terrain\n|-damage|p1a: Calyrex|75/100 psn|[from] psn\n|-damage|p1b: Incineroar|30/100 psn|[from] psn\n|upkeep\n|turn|11\n|\n|t:|1768976864\n|switch|p1a: Zacian|Zacian-Crowned, L50|79/100\n|move|p2a: Ho-Oh|Life Dew|p2a: Ho-Oh|[spread] p2a,p2b\n|-heal|p2a: Ho-Oh|97/100\n|-heal|p2b: Incineroar|77/100\n|move|p2b: Incineroar|Parting Shot|p1a: Zacian\n|-unboost|p1a: Zacian|atk|1\n|-unboost|p1a: Zacian|spa|1\n|\n|t:|1768976871\n|switch|p2b: Rillaboom|Rillaboom, L50, M|10/100|[from] Parting Shot\n|move|p1b: Incineroar|Scorching Sands|p2b: Rillaboom\n|-resisted|p2b: Rillaboom\n|-damage|p2b: Rillaboom|3/100\n|-status|p2b: Rillaboom|brn\n|\n|-heal|p1a: Zacian|85/100|[from] Grassy Terrain\n|-heal|p2b: Rillaboom|9/100 brn|[from] Grassy Terrain\n|-heal|p1b: Incineroar|36/100 psn|[from] Grassy Terrain\n|-damage|p1b: Incineroar|23/100 psn|[from] psn\n|-damage|p2b: Rillaboom|3/100 brn|[from] brn\n|upkeep\n|turn|12\n|\n|t:|1768976881\n|switch|p1a: Calyrex|Calyrex-Shadow, L50, tera:Normal|75/100 psn\n|-ability|p1a: Calyrex|As One\n|-ability|p1a: Calyrex|Unnerve\n|move|p2a: Ho-Oh|Sacred Fire|p1a: Calyrex\n|-damage|p1a: Calyrex|24/100 psn\n|move|p2b: Rillaboom|U-turn|p1a: Calyrex\n|-damage|p1a: Calyrex|10/100 psn\n|\n|t:|1768976891\n|switch|p2b: Incineroar|Incineroar, L50, F|77/100|[from] U-turn\n|-ability|p2b: Incineroar|Intimidate|boost\n|-unboost|p1a: Calyrex|atk|1\n|-unboost|p1b: Incineroar|atk|1\n|move|p1b: Incineroar|Scorching Sands|p2b: Incineroar\n|-supereffective|p2b: Incineroar\n|-damage|p2b: Incineroar|54/100\n|\n|-heal|p1a: Calyrex|16/100 psn|[from] Grassy Terrain\n|-heal|p2b: Incineroar|60/100|[from] Grassy Terrain\n|-heal|p1b: Incineroar|29/100 psn|[from] Grassy Terrain\n|-damage|p1a: Calyrex|4/100 psn|[from] psn\n|-damage|p1b: Incineroar|17/100 psn|[from] psn\n|upkeep\n|turn|13\n|\n|t:|1768976915\n|move|p1a: Calyrex|Pollen Puff|p1b: Incineroar\n|-heal|p1b: Incineroar|67/100 psn\n|move|p2a: Ho-Oh|Life Dew|p2a: Ho-Oh|[spread] p2a,p2b\n|-heal|p2a: Ho-Oh|100/100\n|-heal|p2b: Incineroar|85/100\n|move|p2b: Incineroar|Knock Off|p1b: Incineroar\n|-resisted|p1b: Incineroar\n|-damage|p1b: Incineroar|49/100 psn\n|-enditem|p1b: Incineroar|Assault Vest|[from] move: Knock Off|[of] p2b: Incineroar\n|move|p1b: Incineroar|Scorching Sands|p2b: Incineroar\n|-supereffective|p2b: Incineroar\n|-damage|p2b: Incineroar|62/100\n|\n|-heal|p1a: Calyrex|10/100 psn|[from] Grassy Terrain\n|-heal|p2b: Incineroar|68/100|[from] Grassy Terrain\n|-heal|p1b: Incineroar|55/100 psn|[from] Grassy Terrain\n|-damage|p1a: Calyrex|0 fnt|[from] psn\n|faint|p1a: Calyrex\n|-damage|p1b: Incineroar|43/100 psn|[from] psn\n|-fieldend|move: Grassy Terrain\n|upkeep\n|\n|t:|1768976930\n|switch|p1a: Zacian|Zacian-Crowned, L50|85/100\n|turn|14\n|\n|t:|1768976946\n|switch|p2b: Rillaboom|Rillaboom, L50, M|3/100 brn\n|-fieldstart|move: Grassy Terrain|[from] ability: Grassy Surge|[of] p2b: Rillaboom\n|move|p1a: Zacian|Crunch|p2a: Ho-Oh\n|-damage|p2a: Ho-Oh|79/100\n|move|p2a: Ho-Oh|Sacred Fire|p1a: Zacian\n|-supereffective|p1a: Zacian\n|-damage|p1a: Zacian|2/100\n|-status|p1a: Zacian|brn\n|move|p1b: Incineroar|Knock Off|p2a: Ho-Oh\n|-damage|p2a: Ho-Oh|73/100\n|\n|-heal|p1a: Zacian|8/100 brn|[from] Grassy Terrain\n|-heal|p2b: Rillaboom|9/100 brn|[from] Grassy Terrain\n|-heal|p1b: Incineroar|48/100 psn|[from] Grassy Terrain\n|-damage|p1b: Incineroar|36/100 psn|[from] psn\n|-damage|p1a: Zacian|2/100 brn|[from] brn\n|-damage|p2b: Rillaboom|3/100 brn|[from] brn\n|upkeep\n|turn|15\n|\n|t:|1768976956\n|switch|p2b: Incineroar|Incineroar, L50, F|68/100\n|-ability|p2b: Incineroar|Intimidate|boost\n|-unboost|p1a: Zacian|atk|1\n|-unboost|p1b: Incineroar|atk|1\n|move|p1a: Zacian|Crunch|p2a: Ho-Oh\n|-damage|p2a: Ho-Oh|66/100\n|move|p2a: Ho-Oh|Life Dew|p2a: Ho-Oh|[spread] p2a,p2b\n|-heal|p2a: Ho-Oh|91/100\n|-heal|p2b: Incineroar|94/100\n|move|p1b: Incineroar|Knock Off|p2a: Ho-Oh\n|-damage|p2a: Ho-Oh|85/100\n|\n|-heal|p1a: Zacian|8/100 brn|[from] Grassy Terrain\n|-heal|p2b: Incineroar|99/100|[from] Grassy Terrain\n|-heal|p1b: Incineroar|42/100 psn|[from] Grassy Terrain\n|-damage|p1b: Incineroar|30/100 psn|[from] psn\n|-damage|p1a: Zacian|2/100 brn|[from] brn\n|upkeep\n|turn|16\n|-message|aussiebatler56 forfeited.\n|\n|win|GoofyRonald756\n|raw|aussiebatler56's rating: 1140 &rarr; <strong>1113</strong><br />(-27 for losing)\n|raw|GoofyRonald756's rating: 1113 &rarr; <strong>1140</strong><br />(+27 for winning)\n|l|\u2606aussiebatler56\n|player|p1|\n|l|\u2606GoofyRonald756\n|player|p2|\n|j| Lei44\n","uploadtime":1768977360,"views":13,"formatid":"gen9vgc2026regi","rating":1113,"private":0,"password":null}