{"id":"gen9vgc2026regi-2571664973","format":"[Gen 9] VGC 2026 Reg I","players":["swordsdanceurshifu","Pikapilate"],"log":"|j|\u2606swordsdanceurshifu\n|j|\u2606Pikapilate\n|t:|1774949362\n|gametype|doubles\n|player|p1|swordsdanceurshifu|170|1434\n|player|p2|Pikapilate|169|1490\n|gen|9\n|tier|[Gen 9] VGC 2026 Reg I\n|rated|\n|rule|Species Clause: Limit one of each Pok\u00e9mon\n|rule|Item Clause: Limit 1 of each item\n|clearpoke\n|poke|p1|Miraidon, L50|\n|poke|p1|Iron Bundle, L50|\n|poke|p1|Koraidon, L50|\n|poke|p1|Toxapex, L50, F|\n|poke|p1|Incineroar, L50, M|\n|poke|p1|Landorus, L50, M|\n|poke|p2|Tornadus, L50, M|\n|poke|p2|Smeargle, L50, M|\n|poke|p2|Calyrex-Shadow, L50|\n|poke|p2|Indeedee-F, L50, F|\n|poke|p2|Zamazenta-*, L50|\n|poke|p2|Ogerpon-Cornerstone, L50, F|\n|teampreview|4\n|inactive|Battle timer is ON: inactive players will automatically lose when time's up. (requested by swordsdanceurshifu)\n|inactive|swordsdanceurshifu has 60 seconds left.\n|inactive|Pikapilate has 60 seconds left.\n|\n|t:|1774949407\n|teamsize|p1|4\n|teamsize|p2|4\n|start\n|switch|p1a: Incineroar|Incineroar, L50, M|100/100\n|switch|p1b: Koraidon|Koraidon, L50|100/100\n|switch|p2a: Tornadus|Tornadus, L50, M|100/100\n|switch|p2b: Ogerpon|Ogerpon-Cornerstone, L50, F|100/100\n|-weather|SunnyDay|[from] ability: Orichalcum Pulse|[of] p1b: Koraidon\n|-activate|p1b: Koraidon|Orichalcum Pulse|[source]\n|-ability|p1a: Incineroar|Intimidate|boost\n|-unboost|p2a: Tornadus|atk|1\n|-unboost|p2b: Ogerpon|atk|1\n|turn|1\n|\n|t:|1774949424\n|switch|p2b: Indeedee|Indeedee-F, L50, F|100/100\n|-fieldstart|move: Psychic Terrain|[from] ability: Psychic Surge|[of] p2b: Indeedee\n|move|p1a: Incineroar|Fake Out|p2b: Indeedee\n|-activate|p2b: Indeedee|move: Psychic Terrain\n|move|p2a: Tornadus|Rain Dance|p2a: Tornadus\n|-weather|RainDance\n|move|p1b: Koraidon|Flame Charge|p2b: Indeedee\n|-damage|p2b: Indeedee|93/100\n|-boost|p1b: Koraidon|spe|1\n|-damage|p1b: Koraidon|84/100|[from] item: Rocky Helmet|[of] p2b: Indeedee\n|\n|-weather|RainDance|[upkeep]\n|upkeep\n|turn|2\n|\n|t:|1774949444\n|switch|p1b: Miraidon|Miraidon, L50|100/100\n|-fieldstart|move: Electric Terrain|[from] ability: Hadron Engine|[of] p1b: Miraidon\n|move|p2b: Indeedee|Follow Me|p2b: Indeedee\n|-singleturn|p2b: Indeedee|move: Follow Me\n|move|p2a: Tornadus|Bleakwind Storm|p1a: Incineroar|[spread] p1a,p1b\n|-resisted|p1b: Miraidon\n|-damage|p1a: Incineroar|71/100\n|-damage|p1b: Miraidon|78/100\n|-unboost|p1b: Miraidon|spe|1\n|move|p1a: Incineroar|Knock Off|p2b: Indeedee\n|-supereffective|p2b: Indeedee\n|-damage|p2b: Indeedee|15/100\n|-damage|p1a: Incineroar|54/100|[from] item: Rocky Helmet|[of] p2b: Indeedee\n|-enditem|p2b: Indeedee|Rocky Helmet|[from] move: Knock Off|[of] p1a: Incineroar\n|\n|-weather|RainDance|[upkeep]\n|upkeep\n|turn|3\n|\n|t:|1774949468\n|move|p2b: Indeedee|Follow Me|p2b: Indeedee\n|-singleturn|p2b: Indeedee|move: Follow Me\n|move|p2a: Tornadus|Bleakwind Storm|p1b: Miraidon|[spread] p1a,p1b\n|-resisted|p1b: Miraidon\n|-damage|p1a: Incineroar|29/100\n|-damage|p1b: Miraidon|54/100\n|-unboost|p1b: Miraidon|spe|1\n|move|p1b: Miraidon|Volt Switch|p2b: Indeedee\n|-damage|p2b: Indeedee|0 fnt\n|faint|p2b: Indeedee\n|-damage|p1b: Miraidon|44/100|[from] item: Life Orb\n|\n|t:|1774949488\n|switch|p1b: Landorus|Landorus, L50, M|100/100|[from] Volt Switch\n|move|p1a: Incineroar|U-turn|p2a: Tornadus\n|-resisted|p2a: Tornadus\n|-damage|p2a: Tornadus|88/100\n|\n|t:|1774949491\n|switch|p1a: Miraidon|Miraidon, L50|44/100|[from] U-turn\n|-activate|p1a: Miraidon|ability: Hadron Engine\n|\n|-weather|RainDance|[upkeep]\n|upkeep\n|\n|t:|1774949501\n|switch|p2b: Calyrex|Calyrex-Shadow, L50|100/100\n|-ability|p2b: Calyrex|As One\n|-ability|p2b: Calyrex|Unnerve\n|turn|4\n|\n|t:|1774949518\n|move|p2a: Tornadus|Tailwind|p2a: Tornadus\n|-sidestart|p2: Pikapilate|move: Tailwind\n|move|p2b: Calyrex|Astral Barrage|p1b: Landorus|[spread] p1a,p1b\n|-damage|p1a: Miraidon|0 fnt\n|-damage|p1b: Landorus|17/100\n|faint|p1a: Miraidon\n|-ability|p2b: Calyrex|Grim Neigh|boost\n|-boost|p2b: Calyrex|spa|1\n|move|p1b: Landorus|Crunch|p2b: Calyrex\n|-supereffective|p2b: Calyrex\n|-damage|p2b: Calyrex|0 fnt\n|faint|p2b: Calyrex\n|\n|-weather|RainDance|[upkeep]\n|upkeep\n|\n|t:|1774949536\n|switch|p2b: Ogerpon|Ogerpon-Cornerstone, L50, F|100/100\n|switch|p1a: Koraidon|Koraidon, L50|84/100\n|-weather|SunnyDay|[from] ability: Orichalcum Pulse|[of] p1a: Koraidon\n|-activate|p1a: Koraidon|Orichalcum Pulse|[source]\n|-enditem|p1a: Koraidon|Electric Seed\n|-boost|p1a: Koraidon|def|1|[from] item: Electric Seed\n|turn|5\n|\n|t:|1774949558\n|-terastallize|p2b: Ogerpon|Rock\n|detailschange|p2b: Ogerpon|Ogerpon-Cornerstone-Tera, L50, F, tera:Rock\n|-ability|p2b: Ogerpon|Embody Aspect (Cornerstone)|boost\n|-boost|p2b: Ogerpon|def|1\n|move|p1a: Koraidon|Protect|p1a: Koraidon\n|-singleturn|p1a: Koraidon|Protect\n|move|p2a: Tornadus|Bleakwind Storm|p1a: Koraidon|[spread] p1b\n|-activate|p1a: Koraidon|move: Protect\n|-damage|p1b: Landorus|0 fnt\n|faint|p1b: Landorus\n|move|p2b: Ogerpon|Ivy Cudgel|p1a: Koraidon|[anim] Ivy Cudgel Rock\n|-activate|p1a: Koraidon|move: Protect\n|\n|-weather|SunnyDay|[upkeep]\n|upkeep\n|\n|t:|1774949569\n|switch|p1b: Incineroar|Incineroar, L50, M|29/100\n|-ability|p1b: Incineroar|Intimidate|boost\n|-unboost|p2a: Tornadus|atk|1\n|-unboost|p2b: Ogerpon|atk|1\n|turn|6\n|\n|t:|1774949587\n|move|p2b: Ogerpon|Spiky Shield|p2b: Ogerpon\n|-singleturn|p2b: Ogerpon|move: Protect\n|move|p1b: Incineroar|Fake Out|p2a: Tornadus\n|-damage|p2a: Tornadus|75/100\n|cant|p2a: Tornadus|flinch\n|move|p1a: Koraidon|Flare Blitz|p2a: Tornadus\n|-damage|p2a: Tornadus|0 fnt\n|faint|p2a: Tornadus\n|-damage|p1a: Koraidon|62/100|[from] Recoil\n|\n|-weather|SunnyDay|[upkeep]\n|-fieldend|move: Electric Terrain\n|upkeep\n|turn|7\n|-message|Pikapilate forfeited.\n|\n|win|swordsdanceurshifu\n|raw|swordsdanceurshifu's rating: 1434 &rarr; <strong>1457</strong><br />(+23 for winning)\n|raw|Pikapilate's rating: 1490 &rarr; <strong>1467</strong><br />(-23 for losing)\n|l|\u2606Pikapilate\n|player|p2|\n","uploadtime":1774949622,"views":22,"formatid":"gen9vgc2026regi","rating":1457,"private":0,"password":null}