{"id":"gen9vgc2026regi-2568504663","format":"[Gen 9] VGC 2026 Reg I","players":["pskire","pigs2fly"],"log":"|j|\u2606pskire\n|j|\u2606pigs2fly\n|t:|1774586902\n|gametype|doubles\n|player|p1|pskire|cynthia-masters4|1460\n|player|p2|pigs2fly|dexio|1638\n|gen|9\n|tier|[Gen 9] VGC 2026 Reg I\n|rated|\n|rule|Species Clause: Limit one of each Pok\u00e9mon\n|rule|Item Clause: Limit 1 of each item\n|clearpoke\n|poke|p1|Calyrex-Shadow, L50|\n|poke|p1|Koraidon, L50|\n|poke|p1|Rillaboom, L50, M|\n|poke|p1|Incineroar, L50, F|\n|poke|p1|Volcarona, L50, F|\n|poke|p1|Regieleki, L50|\n|poke|p2|Annihilape, L50, M|\n|poke|p2|Tornadus, L50, M|\n|poke|p2|Dondozo, L50, M|\n|poke|p2|Tatsugiri, L50, F|\n|poke|p2|Zacian-*, L50|\n|poke|p2|Kyogre, L50|\n|teampreview|4\n|\n|t:|1774586956\n|teamsize|p1|4\n|teamsize|p2|4\n|start\n|switch|p1a: Calyrex|Calyrex-Shadow, L50|100/100\n|switch|p1b: Regieleki|Regieleki, L50|100/100\n|switch|p2a: Dondozo|Dondozo, L50, M|100/100\n|switch|p2b: Kyogre|Kyogre, L50|100/100\n|-ability|p1a: Calyrex|As One\n|-ability|p1a: Calyrex|Unnerve\n|-weather|RainDance|[from] ability: Drizzle|[of] p2b: Kyogre\n|turn|1\n|\n|t:|1774586969\n|move|p2a: Dondozo|Protect|p2a: Dondozo\n|-singleturn|p2a: Dondozo|Protect\n|move|p1b: Regieleki|Electroweb|p2b: Kyogre|[spread] \n|-activate|p2a: Dondozo|move: Protect\n|-miss|p1b: Regieleki|p2b: Kyogre\n|move|p1a: Calyrex|Astral Barrage|p2a: Dondozo|[spread] p2b\n|-activate|p2a: Dondozo|move: Protect\n|-damage|p2b: Kyogre|70/100\n|-damage|p1a: Calyrex|91/100|[from] item: Life Orb\n|move|p2b: Kyogre|Origin Pulse|p1b: Regieleki|[spread] p1b\n|-miss|p2b: Kyogre|p1a: Calyrex\n|-enditem|p1b: Regieleki|Focus Sash\n|-damage|p1b: Regieleki|1/100\n|\n|-weather|RainDance|[upkeep]\n|upkeep\n|turn|2\n|\n|t:|1774587002\n|switch|p2b: Tatsugiri|Tatsugiri, L50, F|100/100\n|-activate|p2b: Tatsugiri|ability: Commander|[of] p2a: Dondozo\n|-boost|p2a: Dondozo|atk|2\n|-boost|p2a: Dondozo|spa|2\n|-boost|p2a: Dondozo|spe|2\n|-boost|p2a: Dondozo|def|2\n|-boost|p2a: Dondozo|spd|2\n|move|p1b: Regieleki|Electroweb|p2a: Dondozo|[spread] p2a\n|-miss|p1b: Regieleki|p2b: Tatsugiri\n|-supereffective|p2a: Dondozo\n|-damage|p2a: Dondozo|80/100\n|-unboost|p2a: Dondozo|spe|1\n|move|p1a: Calyrex|Astral Barrage|p2b: Tatsugiri|[spread] p2a\n|-miss|p1a: Calyrex|p2b: Tatsugiri\n|-damage|p2a: Dondozo|53/100\n|-damage|p1a: Calyrex|81/100|[from] item: Life Orb\n|move|p2a: Dondozo|Earthquake|p1b: Regieleki|[spread] p1a,p1b\n|-miss|p2a: Dondozo|p2b: Tatsugiri\n|-supereffective|p1b: Regieleki\n|-damage|p1a: Calyrex|40/100\n|-damage|p1b: Regieleki|0 fnt\n|faint|p1b: Regieleki\n|\n|-weather|RainDance|[upkeep]\n|-heal|p2a: Dondozo|59/100|[from] item: Leftovers\n|upkeep\n|\n|t:|1774587006\n|switch|p1b: Rillaboom|Rillaboom, L50, M|100/100\n|-fieldstart|move: Grassy Terrain|[from] ability: Grassy Surge|[of] p1b: Rillaboom\n|turn|3\n|\n|t:|1774587012\n|switch|p1a: Koraidon|Koraidon, L50|100/100\n|-weather|SunnyDay|[from] ability: Orichalcum Pulse|[of] p1a: Koraidon\n|-activate|p1a: Koraidon|Orichalcum Pulse|[source]\n|move|p2a: Dondozo|Protect|p2a: Dondozo\n|-singleturn|p2a: Dondozo|Protect\n|move|p1b: Rillaboom|Fake Out|p2a: Dondozo\n|-activate|p2a: Dondozo|move: Protect\n|\n|-weather|SunnyDay|[upkeep]\n|-heal|p2a: Dondozo|65/100|[from] Grassy Terrain\n|-heal|p2a: Dondozo|72/100|[from] item: Leftovers\n|upkeep\n|turn|4\n|\n|t:|1774587029\n|-terastallize|p2a: Dondozo|Grass\n|move|p1a: Koraidon|Flare Blitz|p2a: Dondozo\n|-supereffective|p2a: Dondozo\n|-damage|p2a: Dondozo|11/100\n|-damage|p1a: Koraidon|77/100|[from] Recoil\n|move|p1b: Rillaboom|Wood Hammer|p2a: Dondozo\n|-resisted|p2a: Dondozo\n|-damage|p2a: Dondozo|0 fnt\n|faint|p2a: Dondozo\n|-damage|p1b: Rillaboom|96/100|[from] Recoil\n|\n|-weather|SunnyDay|[upkeep]\n|-heal|p1a: Koraidon|83/100|[from] Grassy Terrain\n|-heal|p1b: Rillaboom|100/100|[from] Grassy Terrain\n|upkeep\n|\n|t:|1774587040\n|switch|p2a: Zacian|Zacian-Crowned, L50, shiny|100/100\n|-ability|p2a: Zacian|Intrepid Sword|boost\n|-boost|p2a: Zacian|atk|1\n|turn|5\n|\n|t:|1774587053\n|switch|p2a: Kyogre|Kyogre, L50|70/100\n|-weather|RainDance|[from] ability: Drizzle|[of] p2a: Kyogre\n|-terastallize|p1a: Koraidon|Fire\n|move|p1a: Koraidon|Flare Blitz|p2a: Kyogre\n|-resisted|p2a: Kyogre\n|-damage|p2a: Kyogre|54/100\n|-damage|p1a: Koraidon|78/100|[from] Recoil\n|move|p2b: Tatsugiri|Muddy Water|p1b: Rillaboom|[spread] p1a,p1b\n|-supereffective|p1a: Koraidon\n|-resisted|p1b: Rillaboom\n|-damage|p1a: Koraidon|0 fnt\n|-damage|p1b: Rillaboom|87/100\n|faint|p1a: Koraidon\n|move|p1b: Rillaboom|Wood Hammer|p2b: Tatsugiri\n|-enditem|p2b: Tatsugiri|Focus Sash\n|-damage|p2b: Tatsugiri|1/100\n|-damage|p1b: Rillaboom|63/100|[from] Recoil\n|\n|-weather|RainDance|[upkeep]\n|-heal|p2b: Tatsugiri|7/100|[from] Grassy Terrain\n|-heal|p2a: Kyogre|60/100|[from] Grassy Terrain\n|-heal|p1b: Rillaboom|69/100|[from] Grassy Terrain\n|upkeep\n|\n|t:|1774587056\n|switch|p1a: Calyrex|Calyrex-Shadow, L50|40/100\n|-ability|p1a: Calyrex|As One\n|-ability|p1a: Calyrex|Unnerve\n|turn|6\n|\n|t:|1774587073\n|switch|p2a: Zacian|Zacian-Crowned, L50, shiny|100/100\n|move|p2b: Tatsugiri|Protect|p2b: Tatsugiri\n|-singleturn|p2b: Tatsugiri|Protect\n|move|p1b: Rillaboom|Grassy Glide|p2a: Zacian\n|-resisted|p2a: Zacian\n|-damage|p2a: Zacian|86/100\n|move|p1a: Calyrex|Astral Barrage|p2a: Zacian|[spread] p2a\n|-activate|p2b: Tatsugiri|move: Protect\n|-damage|p2a: Zacian|33/100\n|-damage|p1a: Calyrex|30/100|[from] item: Life Orb\n|\n|-weather|RainDance|[upkeep]\n|-heal|p1a: Calyrex|36/100|[from] Grassy Terrain\n|-heal|p2a: Zacian|39/100|[from] Grassy Terrain\n|-heal|p2b: Tatsugiri|14/100|[from] Grassy Terrain\n|-heal|p1b: Rillaboom|75/100|[from] Grassy Terrain\n|upkeep\n|turn|7\n|\n|t:|1774587082\n|move|p2a: Zacian|Protect|p2a: Zacian\n|-singleturn|p2a: Zacian|Protect\n|move|p2b: Tatsugiri|Protect||[still]\n|-fail|p2b: Tatsugiri\n|move|p1a: Calyrex|Astral Barrage|p2a: Zacian|[spread] p2b\n|-activate|p2a: Zacian|move: Protect\n|-damage|p2b: Tatsugiri|0 fnt\n|faint|p2b: Tatsugiri\n|-ability|p1a: Calyrex|Grim Neigh|boost\n|-boost|p1a: Calyrex|spa|1\n|-damage|p1a: Calyrex|26/100|[from] item: Life Orb\n|move|p1b: Rillaboom|Wood Hammer|p2a: Zacian\n|-activate|p2a: Zacian|move: Protect\n|\n|-weather|RainDance|[upkeep]\n|-heal|p1a: Calyrex|32/100|[from] Grassy Terrain\n|-heal|p2a: Zacian|45/100|[from] Grassy Terrain\n|-heal|p1b: Rillaboom|81/100|[from] Grassy Terrain\n|-fieldend|move: Grassy Terrain\n|upkeep\n|\n|t:|1774587088\n|switch|p2b: Kyogre|Kyogre, L50|60/100\n|turn|8\n|\n|t:|1774587096\n|move|p1a: Calyrex|Astral Barrage|p2a: Zacian|[spread] p2a,p2b\n|-damage|p2a: Zacian|0 fnt\n|-damage|p2b: Kyogre|13/100\n|faint|p2a: Zacian\n|-ability|p1a: Calyrex|Grim Neigh|boost\n|-boost|p1a: Calyrex|spa|1\n|-damage|p1a: Calyrex|23/100|[from] item: Life Orb\n|move|p2b: Kyogre|Origin Pulse|p1a: Calyrex|[spread] p1a,p1b\n|-resisted|p1b: Rillaboom\n|-damage|p1a: Calyrex|0 fnt\n|-damage|p1b: Rillaboom|57/100\n|faint|p1a: Calyrex\n|move|p1b: Rillaboom|Wood Hammer|p2b: Kyogre\n|-supereffective|p2b: Kyogre\n|-damage|p2b: Kyogre|0 fnt\n|faint|p2b: Kyogre\n|-damage|p1b: Rillaboom|53/100|[from] Recoil\n|\n|win|pskire\n|raw|pskire's rating: 1460 &rarr; <strong>1489</strong><br />(+29 for winning)\n|raw|pigs2fly's rating: 1638 &rarr; <strong>1609</strong><br />(-29 for losing)\n|l|\u2606pskire\n|player|p1|\n|l|\u2606pigs2fly\n|player|p2|\n","uploadtime":1774587096,"views":68,"formatid":"gen9vgc2026regi","rating":1489,"private":0,"password":null}