{"id":"gen9vgc2026regi-2537738924","format":"[Gen 9] VGC 2026 Reg I","players":["noobtoilet2000","lalo's pollos"],"log":"|j|\u2606noobtoilet2000\n|j|\u2606lalo's pollos\n|t:|1770843314\n|gametype|doubles\n|player|p1|noobtoilet2000|170|1437\n|player|p2|lalo's pollos|101|1572\n|gen|9\n|tier|[Gen 9] VGC 2026 Reg I\n|rated|\n|rule|Species Clause: Limit one of each Pok\u00e9mon\n|rule|Item Clause: Limit 1 of each item\n|clearpoke\n|poke|p1|Miraidon, L50|\n|poke|p1|Lunala, L50|\n|poke|p1|Sylveon, L50, M|\n|poke|p1|Incineroar, L50, F|\n|poke|p1|Whimsicott, L50, F|\n|poke|p1|Urshifu-*, L50, F|\n|poke|p2|Zamazenta-*, L50|\n|poke|p2|Lunala, L50|\n|poke|p2|Rillaboom, L50, F|\n|poke|p2|Incineroar, L50, M|\n|poke|p2|Urshifu-*, L50, F|\n|poke|p2|Tornadus, L50, M|\n|teampreview|4\n|\n|t:|1770843338\n|teamsize|p1|4\n|teamsize|p2|4\n|start\n|switch|p1a: Urshifu|Urshifu-Rapid-Strike, L50, F|100/100\n|switch|p1b: Whimsicott|Whimsicott, L50, F, shiny|100/100\n|switch|p2a: Lunala|Lunala, L50|100/100\n|switch|p2b: Rillaboom|Rillaboom, L50, F|100/100\n|-fieldstart|move: Grassy Terrain|[from] ability: Grassy Surge|[of] p2b: Rillaboom\n|turn|1\n|\n|t:|1770843351\n|move|p1b: Whimsicott|Moonblast|p2a: Lunala\n|-damage|p2a: Lunala|87/100\n|-unboost|p2a: Lunala|spa|1\n|move|p1a: Urshifu|U-turn|p2b: Rillaboom\n|-supereffective|p2b: Rillaboom\n|-crit|p2b: Rillaboom\n|-damage|p2b: Rillaboom|6/100\n|\n|t:|1770843355\n|switch|p1a: Miraidon|Miraidon, L50, shiny|100/100|[from] U-turn\n|-fieldstart|move: Electric Terrain|[from] ability: Hadron Engine|[of] p1a: Miraidon\n|move|p2a: Lunala|Calm Mind|p2a: Lunala\n|-boost|p2a: Lunala|spa|1\n|-boost|p2a: Lunala|spd|1\n|move|p2b: Rillaboom|Wood Hammer|p1a: Miraidon\n|-resisted|p1a: Miraidon\n|-damage|p1a: Miraidon|76/100\n|-damage|p2b: Rillaboom|0 fnt|[from] Recoil\n|faint|p2b: Rillaboom\n|\n|-heal|p2a: Lunala|93/100|[from] item: Leftovers\n|upkeep\n|\n|t:|1770843361\n|switch|p2b: Tornadus|Tornadus, L50, M|100/100\n|turn|2\n|\n|t:|1770843370\n|move|p2a: Lunala|Protect|p2a: Lunala\n|-singleturn|p2a: Lunala|Protect\n|move|p1b: Whimsicott|Encore|p2a: Lunala\n|-activate|p2a: Lunala|move: Protect\n|move|p2b: Tornadus|Taunt|p1b: Whimsicott\n|-start|p1b: Whimsicott|move: Taunt\n|move|p1a: Miraidon|Volt Switch|p2b: Tornadus\n|-supereffective|p2b: Tornadus\n|-enditem|p2b: Tornadus|Focus Sash\n|-damage|p2b: Tornadus|1/100\n|\n|t:|1770843376\n|switch|p1a: Lunala|Lunala, L50|100/100|[from] Volt Switch\n|-enditem|p1a: Lunala|Electric Seed\n|-boost|p1a: Lunala|def|1|[from] item: Electric Seed\n|\n|-heal|p2a: Lunala|99/100|[from] item: Leftovers\n|upkeep\n|turn|3\n|\n|t:|1770843385\n|-terastallize|p2a: Lunala|Fairy\n|-terastallize|p1a: Lunala|Fairy\n|move|p2b: Tornadus|Tailwind|p2b: Tornadus\n|-sidestart|p2: lalo's pollos|move: Tailwind\n|move|p2a: Lunala|Calm Mind|p2a: Lunala\n|-boost|p2a: Lunala|spa|1\n|-boost|p2a: Lunala|spd|1\n|move|p1b: Whimsicott|Moonblast|p2b: Tornadus\n|-damage|p2b: Tornadus|0 fnt\n|faint|p2b: Tornadus\n|move|p1a: Lunala|Trick Room|p1a: Lunala\n|-fieldstart|move: Trick Room|[of] p1a: Lunala\n|\n|-heal|p2a: Lunala|100/100|[from] item: Leftovers\n|upkeep\n|\n|t:|1770843391\n|switch|p2b: Zamazenta|Zamazenta-Crowned, L50|100/100\n|-ability|p2b: Zamazenta|Dauntless Shield|boost\n|-boost|p2b: Zamazenta|def|1\n|turn|4\n|\n|t:|1770843405\n|move|p1a: Lunala|Moongeist Beam|p2b: Zamazenta\n|-crit|p2b: Zamazenta\n|-damage|p2b: Zamazenta|39/100\n|move|p1b: Whimsicott|Endeavor|p2a: Lunala\n|-damage|p2a: Lunala|52/100\n|move|p2a: Lunala|Moongeist Beam|p1a: Lunala\n|-damage|p1a: Lunala|73/100\n|move|p2b: Zamazenta|Heavy Slam|p1b: Whimsicott\n|-supereffective|p1b: Whimsicott\n|-enditem|p1b: Whimsicott|Focus Sash\n|-damage|p1b: Whimsicott|1/100\n|\n|-heal|p2a: Lunala|58/100|[from] item: Leftovers\n|upkeep\n|turn|5\n|\n|t:|1770843420\n|move|p2b: Zamazenta|Protect|p2b: Zamazenta\n|-singleturn|p2b: Zamazenta|Protect\n|move|p1a: Lunala|Moongeist Beam|p2b: Zamazenta\n|-activate|p2b: Zamazenta|move: Protect\n|move|p1b: Whimsicott|Endeavor|p2a: Lunala\n|-damage|p2a: Lunala|1/100\n|move|p2a: Lunala|Moongeist Beam|p1a: Lunala\n|-damage|p1a: Lunala|12/100\n|\n|-heal|p2a: Lunala|7/100|[from] item: Leftovers\n|-end|p1b: Whimsicott|move: Taunt\n|-fieldend|move: Electric Terrain\n|upkeep\n|turn|6\n|\n|t:|1770843433\n|move|p2b: Zamazenta|Protect||[still]\n|-fail|p2b: Zamazenta\n|move|p1b: Whimsicott|Encore|p2b: Zamazenta\n|-start|p2b: Zamazenta|Encore\n|move|p1a: Lunala|Moongeist Beam|p2a: Lunala\n|-damage|p2a: Lunala|0 fnt\n|faint|p2a: Lunala\n|\n|-sideend|p2: lalo's pollos|move: Tailwind\n|upkeep\n|turn|7\n|-message|lalo's pollos forfeited.\n|\n|win|noobtoilet2000\n|raw|noobtoilet2000's rating: 1437 &rarr; <strong>1464</strong><br />(+27 for winning)\n|raw|lalo&apos;s pollos's rating: 1572 &rarr; <strong>1545</strong><br />(-27 for losing)\n|l|\u2606lalo's pollos\n|player|p2|\n","uploadtime":1770843454,"views":18,"formatid":"gen9vgc2026regi","rating":1464,"private":0,"password":null}