{"id":"gen9vgc2026regi-2588664668","format":"[Gen 9] VGC 2026 Reg I","players":["Vestibulan","clessvgc"],"log":"|j|\u2606Vestibulan\n|j|\u2606clessvgc\n|t:|1776655314\n|gametype|doubles\n|player|p1|Vestibulan|101|1494\n|player|p2|clessvgc|proton|1530\n|gen|9\n|tier|[Gen 9] VGC 2026 Reg I\n|rated|\n|rule|Species Clause: Limit one of each Pok\u00e9mon\n|rule|Item Clause: Limit 1 of each item\n|clearpoke\n|poke|p1|Arcanine, L50, F|\n|poke|p1|Whimsicott, L50, M|\n|poke|p1|Zacian-*, L50|\n|poke|p1|Farigiraf, L50, M|\n|poke|p1|Terapagos, L50, M|\n|poke|p1|Weezing-Galar, L50, M|\n|poke|p2|Landorus-Therian, L50, M|\n|poke|p2|Calyrex-Shadow, L50|\n|poke|p2|Iron Moth, L50|\n|poke|p2|Tornadus, L50, M|\n|poke|p2|Tinkaton, L50, F|\n|poke|p2|Kyogre, L50|\n|teampreview|4\n|inactive|Battle timer is ON: inactive players will automatically lose when time's up. (requested by clessvgc)\n|\n|t:|1776655336\n|teamsize|p1|4\n|teamsize|p2|4\n|start\n|switch|p1a: Whimsicott|Whimsicott, L50, M|100/100\n|switch|p1b: Terapagos|Terapagos, L50, M|100/100\n|switch|p2a: Tinkaton|Tinkaton, L50, F|100/100\n|switch|p2b: Kyogre|Kyogre, L50|100/100\n|-activate|p1b: Terapagos|ability: Tera Shift\n|detailschange|p1b: Terapagos|Terapagos-Terastal, L50, M\n|-heal|p1b: Terapagos|100/100|[silent]\n|-weather|RainDance|[from] ability: Drizzle|[of] p2b: Kyogre\n|-ability|p2a: Tinkaton|Mold Breaker\n|turn|1\n|\n|t:|1776655348\n|-terastallize|p1b: Terapagos|Stellar\n|detailschange|p1b: Terapagos|Terapagos-Stellar, L50, M, tera:Stellar\n|-heal|p1b: Terapagos|100/100|[silent]\n|-ability|p1b: Terapagos|Teraform Zero\n|-weather|none\n|move|p2a: Tinkaton|Fake Out|p1b: Terapagos\n|-damage|p1b: Terapagos|95/100\n|move|p1a: Whimsicott|Tailwind|p1a: Whimsicott\n|-sidestart|p1: Vestibulan|move: Tailwind\n|cant|p1b: Terapagos|flinch\n|move|p2b: Kyogre|Water Spout|p1a: Whimsicott|[spread] p1a,p1b\n|-resisted|p1a: Whimsicott\n|-damage|p1a: Whimsicott|47/100\n|-damage|p1b: Terapagos|40/100\n|\n|upkeep\n|turn|2\n|inactive|clessvgc has 30 seconds left.\n|\n|t:|1776655374\n|move|p2a: Tinkaton|Feint|p1a: Whimsicott\n|-damage|p1a: Whimsicott|41/100\n|move|p1a: Whimsicott|Encore|p2a: Tinkaton\n|-start|p2a: Tinkaton|Encore\n|move|p1b: Terapagos|Tera Starstorm|p2a: Tinkaton|[spread] p2a,p2b\n|-damage|p2a: Tinkaton|75/100\n|-damage|p2b: Kyogre|53/100\n|move|p2b: Kyogre|Origin Pulse|p1b: Terapagos|[spread] p1b\n|-miss|p2b: Kyogre|p1a: Whimsicott\n|-damage|p1b: Terapagos|0 fnt\n|faint|p1b: Terapagos\n|detailschange|p1: Terapagos|Terapagos, L50, M|[silent]\n|\n|upkeep\n|\n|t:|1776655386\n|switch|p1b: Zacian|Zacian-Crowned, L50|100/100\n|-ability|p1b: Zacian|Intrepid Sword|boost\n|-boost|p1b: Zacian|atk|1\n|turn|3\n|\n|t:|1776655397\n|switch|p2a: Landorus|Landorus-Therian, L50, M|100/100\n|-ability|p2a: Landorus|Intimidate|boost\n|-unboost|p1a: Whimsicott|atk|1\n|-unboost|p1b: Zacian|atk|1\n|move|p2b: Kyogre|Protect|p2b: Kyogre\n|-singleturn|p2b: Kyogre|Protect\n|move|p1b: Zacian|Play Rough|p2b: Kyogre\n|-activate|p2b: Kyogre|move: Protect\n|move|p1a: Whimsicott|Moonblast|p2a: Landorus\n|-damage|p2a: Landorus|64/100\n|-unboost|p2a: Landorus|spa|1\n|\n|upkeep\n|turn|4\n|\n|t:|1776655413\n|switch|p2b: Tinkaton|Tinkaton, L50, F|75/100\n|-ability|p2b: Tinkaton|Mold Breaker\n|move|p1b: Zacian|Play Rough|p2b: Tinkaton\n|-resisted|p2b: Tinkaton\n|-damage|p2b: Tinkaton|47/100\n|move|p1a: Whimsicott|Moonblast|p2a: Landorus\n|-damage|p2a: Landorus|31/100\n|move|p2a: Landorus|U-turn|p1a: Whimsicott\n|-damage|p1a: Whimsicott|5/100\n|\n|t:|1776655419\n|switch|p2a: Calyrex|Calyrex-Shadow, L50|100/100|[from] U-turn\n|-ability|p2a: Calyrex|As One\n|-ability|p2a: Calyrex|Unnerve\n|\n|-sideend|p1: Vestibulan|move: Tailwind\n|upkeep\n|turn|5\n|\n|t:|1776655433\n|move|p1b: Zacian|Protect|p1b: Zacian\n|-singleturn|p1b: Zacian|Protect\n|move|p2b: Tinkaton|Fake Out|p1a: Whimsicott\n|-damage|p1a: Whimsicott|0 fnt\n|faint|p1a: Whimsicott\n|move|p2a: Calyrex|Astral Barrage|p1b: Zacian\n|-activate|p1b: Zacian|move: Protect\n|\n|upkeep\n|\n|t:|1776655438\n|switch|p1a: Arcanine|Arcanine, L50, F|100/100\n|turn|6\n|\n|t:|1776655444\n|switch|p2b: Landorus|Landorus-Therian, L50, M|31/100\n|-ability|p2b: Landorus|Intimidate|boost\n|-fail|p1a: Arcanine|unboost|[from] item: Clear Amulet|[of] p1a: Arcanine\n|-unboost|p1b: Zacian|atk|1\n|move|p2a: Calyrex|Encore|p1b: Zacian\n|-start|p1b: Zacian|Encore\n|move|p1b: Zacian|Protect|p1b: Zacian\n|-singleturn|p1b: Zacian|Protect\n|move|p1a: Arcanine|Flare Blitz|p2b: Landorus\n|-damage|p2b: Landorus|0 fnt\n|faint|p2b: Landorus\n|-damage|p1a: Arcanine|92/100|[from] Recoil\n|\n|upkeep\n|\n|t:|1776655454\n|switch|p2b: Kyogre|Kyogre, L50|53/100\n|-weather|RainDance|[from] ability: Drizzle|[of] p2b: Kyogre\n|turn|7\n|-message|Vestibulan forfeited.\n|\n|win|clessvgc\n|raw|Vestibulan's rating: 1494 &rarr; <strong>1476</strong><br />(-18 for losing)\n|raw|clessvgc's rating: 1530 &rarr; <strong>1548</strong><br />(+18 for winning)\n|l|\u2606Vestibulan\n|player|p1|\n|l|\u2606clessvgc\n|player|p2|\n","uploadtime":1776655697,"views":7,"formatid":"gen9vgc2026regi","rating":1476,"private":0,"password":null}