{"id":"gen9vgc2026regi-2550148617","format":"[Gen 9] VGC 2026 Reg I","players":["PULUTO","Simon0123"],"log":"|j|\u2606PULUTO\n|j|\u2606Simon0123\n|t:|1772460715\n|gametype|doubles\n|player|p1|PULUTO|cynthia|1185\n|player|p2|Simon0123|benga|1207\n|gen|9\n|tier|[Gen 9] VGC 2026 Reg I\n|rated|\n|rule|Species Clause: Limit one of each Pok\u00e9mon\n|rule|Item Clause: Limit 1 of each item\n|clearpoke\n|poke|p1|Mewtwo, L50|\n|poke|p1|Indeedee-F, L50, F|\n|poke|p1|Groudon, L50|\n|poke|p1|Raging Bolt, L50|\n|poke|p1|Incineroar, L50, M|\n|poke|p1|Ogerpon-Cornerstone, L50, F|\n|poke|p2|Terapagos, L50, M|\n|poke|p2|Calyrex-Ice, L50|\n|poke|p2|Amoonguss, L50, M|\n|poke|p2|Farigiraf, L50, F|\n|poke|p2|Incineroar, L50, F|\n|poke|p2|Urshifu-*, L50, M|\n|teampreview|4\n|inactive|Battle timer is ON: inactive players will automatically lose when time's up. (requested by Simon0123)\n|inactive|PULUTO has 60 seconds left.\n|inactive|Simon0123 has 60 seconds left.\n|inactive|Simon0123 has 30 seconds left.\n|inactive|Simon0123 has 20 seconds left.\n|inactive|Simon0123 has 15 seconds left.\n|\n|t:|1772460792\n|teamsize|p1|4\n|teamsize|p2|4\n|start\n|switch|p1a: Indeedee|Indeedee-F, L50, F|100/100\n|switch|p1b: Mewtwo|Mewtwo, L50|100/100\n|switch|p2a: Farigiraf|Farigiraf, L50, F|100/100\n|switch|p2b: Incineroar|Incineroar, L50, F|100/100\n|-ability|p1b: Mewtwo|Pressure\n|-fieldstart|move: Psychic Terrain|[from] ability: Psychic Surge|[of] p1a: Indeedee\n|-enditem|p1a: Indeedee|Psychic Seed\n|-boost|p1a: Indeedee|spd|1|[from] item: Psychic Seed\n|-ability|p2b: Incineroar|Intimidate|boost\n|-unboost|p1a: Indeedee|atk|1\n|-unboost|p1b: Mewtwo|atk|1\n|turn|1\n|inactive|PULUTO has 30 seconds left.\n|\n|t:|1772460827\n|move|p1a: Indeedee|Follow Me|p1a: Indeedee\n|-singleturn|p1a: Indeedee|move: Follow Me\n|move|p1b: Mewtwo|Dark Pulse|p2a: Farigiraf\n|-supereffective|p2a: Farigiraf\n|-damage|p2a: Farigiraf|43/100\n|move|p2b: Incineroar|Knock Off|p1a: Indeedee\n|-supereffective|p1a: Indeedee\n|-damage|p1a: Indeedee|53/100\n|cant|p2a: Farigiraf|flinch\n|\n|upkeep\n|turn|2\n|inactive|Simon0123 has 30 seconds left.\n|inactive|Simon0123 has 20 seconds left.\n|inactive|Simon0123 has 15 seconds left.\n|\n|t:|1772460868\n|move|p2a: Farigiraf|Protect|p2a: Farigiraf\n|-singleturn|p2a: Farigiraf|Protect\n|move|p1b: Mewtwo|Dark Pulse|p2a: Farigiraf\n|-activate|p2a: Farigiraf|move: Protect\n|move|p1a: Indeedee|Dazzling Gleam|p2a: Farigiraf|[spread] p2b\n|-activate|p2a: Farigiraf|move: Protect\n|-damage|p2b: Incineroar|90/100\n|move|p2b: Incineroar|Parting Shot|p1b: Mewtwo\n|-unboost|p1b: Mewtwo|atk|1\n|-unboost|p1b: Mewtwo|spa|1\n|\n|t:|1772460881\n|switch|p2b: Calyrex|Calyrex-Ice, L50|100/100|[from] Parting Shot\n|-ability|p2b: Calyrex|As One\n|-ability|p2b: Calyrex|Unnerve\n|\n|upkeep\n|turn|3\n|inactive|PULUTO has 30 seconds left.\n|inactive|Simon0123 has 30 seconds left.\n|inactive|PULUTO has 20 seconds left.\n|inactive|PULUTO has 15 seconds left.\n|inactive|PULUTO has 10 seconds left.\n|\n|t:|1772460929\n|-terastallize|p2b: Calyrex|Water\n|move|p1b: Mewtwo|Dark Pulse|p2b: Calyrex\n|-damage|p2b: Calyrex|85/100\n|move|p1a: Indeedee|Dazzling Gleam|p2a: Farigiraf|[spread] p2a,p2b\n|-damage|p2a: Farigiraf|31/100\n|-damage|p2b: Calyrex|76/100\n|move|p2a: Farigiraf|Psychic|p1b: Mewtwo\n|-resisted|p1b: Mewtwo\n|-damage|p1b: Mewtwo|81/100\n|move|p2b: Calyrex|Trick Room|p2b: Calyrex\n|-fieldstart|move: Trick Room|[of] p2b: Calyrex\n|\n|-heal|p1b: Mewtwo|87/100|[from] item: Leftovers\n|upkeep\n|turn|4\n|\n|t:|1772460952\n|move|p2a: Farigiraf|Helping Hand|p2b: Calyrex\n|-singleturn|p2b: Calyrex|Helping Hand|[of] p2a: Farigiraf\n|move|p2b: Calyrex|Glacial Lance|p1a: Indeedee|[spread] p1a,p1b\n|-damage|p1a: Indeedee|0 fnt\n|-damage|p1b: Mewtwo|8/100\n|faint|p1a: Indeedee\n|-ability|p2b: Calyrex|Chilling Neigh|boost\n|-boost|p2b: Calyrex|atk|1\n|move|p1b: Mewtwo|Expanding Force|p2a: Farigiraf|[spread] p2a,p2b\n|-resisted|p2a: Farigiraf\n|-damage|p2a: Farigiraf|10/100\n|-damage|p2b: Calyrex|40/100\n|\n|-heal|p1b: Mewtwo|14/100|[from] item: Leftovers\n|upkeep\n|\n|t:|1772460974\n|switch|p1a: Groudon|Groudon, L50|100/100\n|-weather|SunnyDay|[from] ability: Drought|[of] p1a: Groudon\n|turn|5\n|\n|t:|1772460985\n|move|p2a: Farigiraf|Helping Hand|p2b: Calyrex\n|-singleturn|p2b: Calyrex|Helping Hand|[of] p2a: Farigiraf\n|move|p1a: Groudon|Protect|p1a: Groudon\n|-singleturn|p1a: Groudon|Protect\n|move|p1b: Mewtwo|Protect|p1b: Mewtwo\n|-singleturn|p1b: Mewtwo|Protect\n|move|p2b: Calyrex|Glacial Lance|p1b: Mewtwo|[spread] \n|-activate|p1a: Groudon|move: Protect\n|-activate|p1b: Mewtwo|move: Protect\n|\n|-weather|SunnyDay|[upkeep]\n|-heal|p1b: Mewtwo|20/100|[from] item: Leftovers\n|-fieldend|move: Psychic Terrain\n|upkeep\n|turn|6\n|inactive|PULUTO has 30 seconds left.\n|\n|t:|1772461013\n|-terastallize|p1a: Groudon|Fire\n|move|p2a: Farigiraf|Helping Hand|p2b: Calyrex\n|-singleturn|p2b: Calyrex|Helping Hand|[of] p2a: Farigiraf\n|move|p2b: Calyrex|Glacial Lance|p1a: Groudon|[spread] p1a,p1b\n|-resisted|p1a: Groudon\n|-damage|p1a: Groudon|58/100\n|-damage|p1b: Mewtwo|0 fnt\n|faint|p1b: Mewtwo\n|-ability|p2b: Calyrex|Chilling Neigh|boost\n|-boost|p2b: Calyrex|atk|1\n|move|p1a: Groudon|High Horsepower|p2b: Calyrex\n|-damage|p2b: Calyrex|0 fnt\n|faint|p2b: Calyrex\n|\n|-weather|SunnyDay|[upkeep]\n|upkeep\n|\n|t:|1772461030\n|switch|p2b: Incineroar|Incineroar, L50, F|90/100\n|switch|p1b: Ogerpon|Ogerpon-Cornerstone, L50, F|100/100\n|-ability|p2b: Incineroar|Intimidate|boost\n|-fail|p1a: Groudon|unboost|[from] item: Clear Amulet|[of] p1a: Groudon\n|-unboost|p1b: Ogerpon|atk|1\n|turn|7\n|inactive|PULUTO has 30 seconds left.\n|\n|t:|1772461065\n|move|p1a: Groudon|Protect|p1a: Groudon\n|-singleturn|p1a: Groudon|Protect\n|move|p1b: Ogerpon|Spiky Shield|p1b: Ogerpon\n|-singleturn|p1b: Ogerpon|move: Protect\n|move|p2b: Incineroar|Fake Out|p1a: Groudon\n|-activate|p1a: Groudon|move: Protect\n|move|p2a: Farigiraf|Psychic|p1b: Ogerpon\n|-activate|p1b: Ogerpon|move: Protect\n|\n|-weather|SunnyDay|[upkeep]\n|-fieldend|move: Trick Room\n|upkeep\n|turn|8\n|\n|t:|1772461081\n|move|p1b: Ogerpon|Ivy Cudgel|p2b: Incineroar|[anim] Ivy Cudgel Rock\n|-supereffective|p2b: Incineroar\n|-damage|p2b: Incineroar|20/100\n|-enditem|p2b: Incineroar|Sitrus Berry|[eat]\n|-heal|p2b: Incineroar|45/100|[from] item: Sitrus Berry\n|move|p1a: Groudon|Precipice Blades|p2a: Farigiraf|[spread] p2b\n|-miss|p1a: Groudon|p2a: Farigiraf\n|-supereffective|p2b: Incineroar\n|-damage|p2b: Incineroar|0 fnt\n|faint|p2b: Incineroar\n|move|p2a: Farigiraf|Trick Room|p2a: Farigiraf\n|-fieldstart|move: Trick Room|[of] p2a: Farigiraf\n|\n|-weather|SunnyDay|[upkeep]\n|upkeep\n|\n|t:|1772461090\n|switch|p2b: Amoonguss|Amoonguss, L50, M|100/100\n|turn|9\n|inactive|PULUTO has 30 seconds left.\n|\n|t:|1772461119\n|move|p2b: Amoonguss|Spore|p1a: Groudon\n|-status|p1a: Groudon|slp|[from] move: Spore\n|move|p2a: Farigiraf|Psychic|p1a: Groudon\n|-damage|p1a: Groudon|28/100 slp\n|cant|p1a: Groudon|slp\n|move|p1b: Ogerpon|Horn Leech|p2a: Farigiraf\n|-damage|p2a: Farigiraf|0 fnt\n|faint|p2a: Farigiraf\n|\n|-weather|none\n|upkeep\n|turn|10\n|\n|t:|1772461136\n|move|p2b: Amoonguss|Pollen Puff|p1a: Groudon\n|-resisted|p1a: Groudon\n|-damage|p1a: Groudon|20/100 slp\n|-curestatus|p1a: Groudon|slp|[msg]\n|move|p1a: Groudon|Fire Punch|p2b: Amoonguss\n|-supereffective|p2b: Amoonguss\n|-damage|p2b: Amoonguss|20/100\n|-damage|p1a: Groudon|3/100|[from] item: Rocky Helmet|[of] p2b: Amoonguss\n|move|p1b: Ogerpon|Ivy Cudgel|p2b: Amoonguss|[anim] Ivy Cudgel Rock\n|-damage|p2b: Amoonguss|0 fnt\n|faint|p2b: Amoonguss\n|\n|win|PULUTO\n|raw|PULUTO's rating: 1185 &rarr; <strong>1212</strong><br />(+27 for winning)\n|raw|Simon0123's rating: 1207 &rarr; <strong>1180</strong><br />(-27 for losing)\n|l|\u2606Simon0123\n|player|p2|\n","uploadtime":1772461351,"views":14,"formatid":"gen9vgc2026regi","rating":1180,"private":0,"password":null}