{"id":"gen9vgc2026regi-2527927608","format":"[Gen 9] VGC 2026 Reg I","players":["ky123456","dasabe\u76d6\u6b27\u5361\u4fa0"],"log":"|j|\u2606ky123456\n|j|\u2606dasabe\u76d6\u6b27\u5361\u4fa0\n|t:|1769601347\n|gametype|doubles\n|player|p1|ky123456|cynthia-gen4|1545\n|player|p2|dasabe\u76d6\u6b27\u5361\u4fa0|may-masters4|1690\n|gen|9\n|tier|[Gen 9] VGC 2026 Reg I\n|rated|\n|rule|Species Clause: Limit one of each Pok\u00e9mon\n|rule|Item Clause: Limit 1 of each item\n|clearpoke\n|poke|p1|Kyogre, L50|\n|poke|p1|Calyrex-Ice, L50|\n|poke|p1|Grimmsnarl, L50, M|\n|poke|p1|Rillaboom, L50, M|\n|poke|p1|Landorus, L50, M|\n|poke|p1|Urshifu-*, L50, M|\n|poke|p2|Kyogre, L50|\n|poke|p2|Miraidon, L50|\n|poke|p2|Whimsicott, L50, F|\n|poke|p2|Iron Hands, L50|\n|poke|p2|Farigiraf, L50, F|\n|poke|p2|Urshifu-*, L50, M|\n|teampreview|4\n|j| EsiolamondVGC\n|c| EsiolamondVGC|\ud83d\udc40\n|\n|t:|1769601376\n|teamsize|p1|4\n|teamsize|p2|4\n|start\n|switch|p1a: Calyrex|Calyrex-Ice, L50|100/100\n|switch|p1b: Rillaboom|Rillaboom, L50, M|100/100\n|switch|p2a: \u6210\u90fd\u8001\u76d6|Kyogre, L50, shiny|100/100\n|switch|p2b: \u5c0f\u5934\u63a7\u5927\u5934|Farigiraf, L50, F, shiny|100/100\n|-ability|p1a: Calyrex|As One\n|-ability|p1a: Calyrex|Unnerve\n|-weather|RainDance|[from] ability: Drizzle|[of] p2a: \u6210\u90fd\u8001\u76d6\n|-fieldstart|move: Grassy Terrain|[from] ability: Grassy Surge|[of] p1b: Rillaboom\n|turn|1\n|c|\u2606dasabe\u76d6\u6b27\u5361\u4fa0|\ud83d\ude2d\n|\n|t:|1769601401\n|-terastallize|p2a: \u6210\u90fd\u8001\u76d6|Water\n|move|p2b: \u5c0f\u5934\u63a7\u5927\u5934|Helping Hand|p2a: \u6210\u90fd\u8001\u76d6\n|-singleturn|p2a: \u6210\u90fd\u8001\u76d6|Helping Hand|[of] p2b: \u5c0f\u5934\u63a7\u5927\u5934\n|move|p1a: Calyrex|Protect|p1a: Calyrex\n|-singleturn|p1a: Calyrex|Protect\n|move|p2a: \u6210\u90fd\u8001\u76d6|Water Spout|p1a: Calyrex|[spread] p1b\n|-activate|p1a: Calyrex|move: Protect\n|-resisted|p1b: Rillaboom\n|-damage|p1b: Rillaboom|0 fnt\n|faint|p1b: Rillaboom\n|\n|-weather|RainDance|[upkeep]\n|upkeep\n|\n|t:|1769601416\n|switch|p1b: Grimmsnarl|Grimmsnarl, L50, M|100/100\n|turn|2\n|\n|t:|1769601428\n|move|p1b: Grimmsnarl|Light Screen|p1b: Grimmsnarl\n|-sidestart|p1: ky123456|move: Light Screen\n|move|p2a: \u6210\u90fd\u8001\u76d6|Water Spout|p1a: Calyrex|[spread] p1a,p1b\n|-damage|p1a: Calyrex|17/100\n|-damage|p1b: Grimmsnarl|0 fnt\n|faint|p1b: Grimmsnarl\n|move|p2b: \u5c0f\u5934\u63a7\u5927\u5934|Imprison|p2b: \u5c0f\u5934\u63a7\u5927\u5934\n|-start|p2b: \u5c0f\u5934\u63a7\u5927\u5934|move: Imprison\n|move|p1a: Calyrex|Glacial Lance|p2a: \u6210\u90fd\u8001\u76d6|[spread] p2a,p2b\n|-resisted|p2a: \u6210\u90fd\u8001\u76d6\n|-damage|p2a: \u6210\u90fd\u8001\u76d6|72/100\n|-damage|p2b: \u5c0f\u5934\u63a7\u5927\u5934|50/100\n|\n|-weather|RainDance|[upkeep]\n|-heal|p2a: \u6210\u90fd\u8001\u76d6|78/100|[from] Grassy Terrain\n|-heal|p2b: \u5c0f\u5934\u63a7\u5927\u5934|56/100|[from] Grassy Terrain\n|-heal|p1a: Calyrex|23/100|[from] Grassy Terrain\n|-heal|p1a: Calyrex|29/100|[from] item: Leftovers\n|upkeep\n|\n|t:|1769601433\n|switch|p1b: Kyogre|Kyogre, L50|100/100\n|turn|3\n|\n|t:|1769601453\n|switch|p2b: \u94f6\u91d1\u5996\u86c7|Miraidon, L50, shiny|100/100\n|-fieldstart|move: Electric Terrain|[from] ability: Hadron Engine|[of] p2b: \u94f6\u91d1\u5996\u86c7\n|-terastallize|p1b: Kyogre|Grass\n|move|p1a: Calyrex|Protect|p1a: Calyrex\n|-singleturn|p1a: Calyrex|Protect\n|move|p2a: \u6210\u90fd\u8001\u76d6|Water Spout|p1b: Kyogre|[spread] p1b\n|-activate|p1a: Calyrex|move: Protect\n|-resisted|p1b: Kyogre\n|-damage|p1b: Kyogre|75/100\n|move|p1b: Kyogre|Water Spout|p2a: \u6210\u90fd\u8001\u76d6|[spread] p2a,p2b\n|-resisted|p2a: \u6210\u90fd\u8001\u76d6\n|-resisted|p2b: \u94f6\u91d1\u5996\u86c7\n|-damage|p2a: \u6210\u90fd\u8001\u76d6|47/100\n|-damage|p2b: \u94f6\u91d1\u5996\u86c7|67/100\n|\n|-weather|RainDance|[upkeep]\n|-heal|p1a: Calyrex|34/100|[from] item: Leftovers\n|upkeep\n|turn|4\n|\n|t:|1769601478\n|switch|p2a: \u4e94\u5bfc\u718a\u6e7f|Urshifu, L50, M|100/100\n|move|p2b: \u94f6\u91d1\u5996\u86c7|Electro Drift|p1a: Calyrex\n|-damage|p1a: Calyrex|0 fnt\n|faint|p1a: Calyrex\n|-damage|p2b: \u94f6\u91d1\u5996\u86c7|57/100|[from] item: Life Orb\n|move|p1b: Kyogre|Thunder|p2a: \u4e94\u5bfc\u718a\u6e7f\n|-damage|p2a: \u4e94\u5bfc\u718a\u6e7f|4/100\n|\n|-weather|RainDance|[upkeep]\n|upkeep\n|turn|5\n|\n|t:|1769601488\n|move|p2b: \u94f6\u91d1\u5996\u86c7|Draco Meteor|p1b: Kyogre\n|-damage|p1b: Kyogre|35/100\n|-unboost|p2b: \u94f6\u91d1\u5996\u86c7|spa|2\n|-damage|p2b: \u94f6\u91d1\u5996\u86c7|47/100|[from] item: Life Orb\n|move|p2a: \u4e94\u5bfc\u718a\u6e7f|Wicked Blow|p1b: Kyogre\n|-crit|p1b: Kyogre\n|-damage|p1b: Kyogre|0 fnt\n|faint|p1b: Kyogre\n|\n|win|dasabe\u76d6\u6b27\u5361\u4fa0\n|raw|ky123456's rating: 1545 &rarr; <strong>1533</strong><br />(-12 for losing)\n|raw|dasabe\u76d6\u6b27\u5361\u4fa0's rating: 1690 &rarr; <strong>1702</strong><br />(+12 for winning)\n|l|\u2606ky123456\n|player|p1|\n","uploadtime":1769601758,"views":61,"formatid":"gen9vgc2026regi","rating":1533,"private":0,"password":null}