{"id":"gen9vgc2026regi-2563919409","format":"[Gen 9] VGC 2026 Reg I","players":["BundleMySon","slimeslatt252"],"log":"|j|\u2606BundleMySon\n|j|\u2606slimeslatt252\n|t:|1774084707\n|gametype|doubles\n|player|p1|BundleMySon|265|1377\n|player|p2|slimeslatt252|170|1490\n|gen|9\n|tier|[Gen 9] VGC 2026 Reg I\n|rated|\n|rule|Species Clause: Limit one of each Pok\u00e9mon\n|rule|Item Clause: Limit 1 of each item\n|clearpoke\n|poke|p1|Miraidon, L50|\n|poke|p1|Farigiraf, L50, F|\n|poke|p1|Koraidon, L50|\n|poke|p1|Ursaluna, L50, F|\n|poke|p1|Thundurus, L50, M|\n|poke|p1|Iron Moth, L50|\n|poke|p2|Calyrex-Shadow, L50|\n|poke|p2|Koraidon, L50|\n|poke|p2|Incineroar, L50, M|\n|poke|p2|Raging Bolt, L50|\n|poke|p2|Brute Bonnet, L50|\n|poke|p2|Landorus, L50, M|\n|teampreview|4\n|inactive|Battle timer is ON: inactive players will automatically lose when time's up. (requested by slimeslatt252)\n|inactive|BundleMySon also wants the timer to be on.\n|\n|t:|1774084732\n|teamsize|p1|4\n|teamsize|p2|4\n|start\n|switch|p1a: Miraidon|Miraidon, L50|100/100\n|switch|p1b: Iron Moth|Iron Moth, L50|100/100\n|switch|p2a: Calyrex|Calyrex-Shadow, L50|100/100\n|switch|p2b: Incineroar|Incineroar, L50, M|100/100\n|-ability|p2a: Calyrex|As One\n|-ability|p2a: Calyrex|Unnerve\n|-fieldstart|move: Electric Terrain|[from] ability: Hadron Engine|[of] p1a: Miraidon\n|-activate|p1b: Iron Moth|ability: Quark Drive\n|-start|p1b: Iron Moth|quarkdrivespa\n|-ability|p2b: Incineroar|Intimidate|boost\n|-unboost|p1a: Miraidon|atk|1\n|-unboost|p1b: Iron Moth|atk|1\n|turn|1\n|\n|t:|1774084749\n|switch|p1a: Farigiraf|Farigiraf, L50, F|100/100\n|-enditem|p1a: Farigiraf|Electric Seed\n|-boost|p1a: Farigiraf|def|1|[from] item: Electric Seed\n|-terastallize|p1b: Iron Moth|Fire\n|-terastallize|p2a: Calyrex|Ghost\n|move|p2b: Incineroar|Fake Out||[still]\n|cant|p1a: Farigiraf|ability: Armor Tail|Fake Out|[of] p2b: Incineroar\n|move|p1b: Iron Moth|Heat Wave|p2b: Incineroar|[spread] p2a,p2b\n|-resisted|p2b: Incineroar\n|-damage|p2a: Calyrex|23/100\n|-damage|p2b: Incineroar|67/100\n|move|p2a: Calyrex|Astral Barrage|p1a: Farigiraf|[spread] p1b\n|-immune|p1a: Farigiraf\n|-damage|p1b: Iron Moth|23/100\n|\n|upkeep\n|turn|2\n|inactive|BundleMySon has 30 seconds left.\n|\n|t:|1774084780\n|-end|p1b: Iron Moth|Quark Drive|[silent]\n|switch|p1b: Thundurus|Thundurus, L50, M|100/100\n|move|p2a: Calyrex|Protect|p2a: Calyrex\n|-singleturn|p2a: Calyrex|Protect\n|move|p1a: Farigiraf|Foul Play|p2a: Calyrex\n|-activate|p2a: Calyrex|move: Protect\n|move|p2b: Incineroar|Knock Off|p1a: Farigiraf\n|-supereffective|p1a: Farigiraf\n|-damage|p1a: Farigiraf|71/100\n|\n|upkeep\n|turn|3\n|l|\u2606BundleMySon\n|inactive|BundleMySon disconnected and has a minute to reconnect!\n|player|p1|\n|inactive|BundleMySon has 30 seconds left.\n|j|\u2606BundleMySon\n|inactive|BundleMySon reconnected and has 30 seconds left.\n|player|p1|BundleMySon|265|\n|inactive|BundleMySon has 20 seconds left.\n|\n|t:|1774084816\n|move|p1b: Thundurus|Thunder Wave|p2a: Calyrex\n|-status|p2a: Calyrex|par\n|move|p2a: Calyrex|Astral Barrage|p1a: Farigiraf|[spread] p1b\n|-immune|p1a: Farigiraf\n|-enditem|p1b: Thundurus|Focus Sash\n|-damage|p1b: Thundurus|1/100\n|move|p2b: Incineroar|Parting Shot|p1a: Farigiraf\n|-unboost|p1a: Farigiraf|atk|1\n|-unboost|p1a: Farigiraf|spa|1\n|\n|t:|1774084830\n|switch|p2b: raging dingus|Raging Bolt, L50|100/100|[from] Parting Shot\n|move|p1a: Farigiraf|Roar|p2a: Calyrex\n|drag|p2a: Incineroar|Incineroar, L50, M|67/100\n|-ability|p2a: Incineroar|Intimidate|boost\n|-unboost|p1a: Farigiraf|atk|1\n|-unboost|p1b: Thundurus|atk|1\n|\n|upkeep\n|turn|4\n|\n|t:|1774084847\n|move|p1b: Thundurus|Wildbolt Storm|p2b: raging dingus|[spread] p2a,p2b\n|-resisted|p2b: raging dingus\n|-damage|p2a: Incineroar|34/100\n|-damage|p2b: raging dingus|94/100\n|move|p2b: raging dingus|Dragon Pulse|p1a: Farigiraf\n|-damage|p1a: Farigiraf|26/100\n|move|p1a: Farigiraf|Foul Play|p2b: raging dingus\n|-damage|p2b: raging dingus|83/100\n|move|p2a: Incineroar|Knock Off|p1a: Farigiraf\n|-supereffective|p1a: Farigiraf\n|-damage|p1a: Farigiraf|0 fnt\n|faint|p1a: Farigiraf\n|\n|upkeep\n|\n|t:|1774084852\n|switch|p1a: Miraidon|Miraidon, L50|100/100\n|-activate|p1a: Miraidon|ability: Hadron Engine\n|turn|5\n|\n|t:|1774084861\n|move|p2b: raging dingus|Thunderclap|p1b: Thundurus\n|-damage|p1b: Thundurus|0 fnt\n|faint|p1b: Thundurus\n|move|p1a: Miraidon|Dazzling Gleam|p2b: raging dingus|[spread] p2a,p2b\n|-crit|p2a: Incineroar\n|-supereffective|p2b: raging dingus\n|-damage|p2a: Incineroar|0 fnt\n|-damage|p2b: raging dingus|28/100\n|faint|p2a: Incineroar\n|\n|-fieldend|move: Electric Terrain\n|upkeep\n|\n|t:|1774084882\n|switch|p1b: Iron Moth|Iron Moth, L50, tera:Fire|23/100\n|switch|p2a: Koraidon|Koraidon, L50|100/100\n|-weather|SunnyDay|[from] ability: Orichalcum Pulse|[of] p2a: Koraidon\n|-activate|p2b: raging dingus|ability: Protosynthesis\n|-start|p2b: raging dingus|protosynthesisspa\n|-activate|p2a: Koraidon|Orichalcum Pulse|[source]\n|turn|6\n|\n|t:|1774084897\n|move|p1b: Iron Moth|Heat Wave|p2b: raging dingus|[spread] p2a,p2b\n|-resisted|p2a: Koraidon\n|-resisted|p2b: raging dingus\n|-damage|p2a: Koraidon|65/100\n|-damage|p2b: raging dingus|0 fnt\n|faint|p2b: raging dingus\n|-end|p2b: raging dingus|Protosynthesis|[silent]\n|move|p1a: Miraidon|Dazzling Gleam|p2a: Koraidon\n|-supereffective|p2a: Koraidon\n|-damage|p2a: Koraidon|0 fnt\n|faint|p2a: Koraidon\n|\n|-weather|SunnyDay|[upkeep]\n|upkeep\n|-message|slimeslatt252 forfeited.\n|\n|win|BundleMySon\n|raw|BundleMySon's rating: 1377 &rarr; <strong>1403</strong><br />(+26 for winning)\n|raw|slimeslatt252's rating: 1490 &rarr; <strong>1464</strong><br />(-26 for losing)\n|l|\u2606BundleMySon\n|player|p1|\n|j| junkho\n|l| junkho\n","uploadtime":1774085077,"views":16,"formatid":"gen9vgc2026regi","rating":1403,"private":0,"password":null}