{"id":"gen9vgc2026regi-2550618160","format":"[Gen 9] VGC 2026 Reg I","players":["lalo's pollos","carrotvg"],"log":"|j|\u2606lalo's pollos\n|j|\u2606carrotvg\n|t:|1772507242\n|gametype|doubles\n|player|p1|lalo's pollos|265|1504\n|player|p2|carrotvg|lucas|1475\n|gen|9\n|tier|[Gen 9] VGC 2026 Reg I\n|rated|\n|rule|Species Clause: Limit one of each Pok\u00e9mon\n|rule|Item Clause: Limit 1 of each item\n|clearpoke\n|poke|p1|Zamazenta-*, L50|\n|poke|p1|Lunala, L50|\n|poke|p1|Rillaboom, L50, F|\n|poke|p1|Incineroar, L50, M|\n|poke|p1|Urshifu-*, L50, F|\n|poke|p1|Tornadus, L50, M|\n|poke|p2|Muk-Alola, L50, F|\n|poke|p2|Smeargle, L50, F|\n|poke|p2|Calyrex-Shadow, L50|\n|poke|p2|Tornadus, L50, M|\n|poke|p2|Zamazenta-*, L50|\n|poke|p2|Raging Bolt, L50|\n|teampreview|4\n|inactive|Battle timer is ON: inactive players will automatically lose when time's up. (requested by carrotvg)\n|\n|t:|1772507258\n|teamsize|p1|4\n|teamsize|p2|4\n|start\n|switch|p1a: Zamazenta|Zamazenta-Crowned, L50|100/100\n|switch|p1b: Tornadus|Tornadus, L50, M|100/100\n|switch|p2a: Calyrex|Calyrex-Shadow, L50|100/100\n|switch|p2b: Zamazenta|Zamazenta-Crowned, L50|100/100\n|-ability|p2a: Calyrex|As One\n|-ability|p2a: Calyrex|Unnerve\n|-ability|p1a: Zamazenta|Dauntless Shield|boost\n|-boost|p1a: Zamazenta|def|1\n|-ability|p2b: Zamazenta|Dauntless Shield|boost\n|-boost|p2b: Zamazenta|def|1\n|turn|1\n|\n|t:|1772507271\n|-terastallize|p2b: Zamazenta|Fighting\n|move|p1a: Zamazenta|Wide Guard|p1a: Zamazenta\n|-singleturn|p1a: Zamazenta|Wide Guard\n|move|p1b: Tornadus|Taunt|p2b: Zamazenta\n|-start|p2b: Zamazenta|move: Taunt\n|move|p2a: Calyrex|Astral Barrage|p1b: Tornadus|[spread] \n|-activate|p1a: Zamazenta|move: Wide Guard\n|-activate|p1b: Tornadus|move: Wide Guard\n|move|p2b: Zamazenta|Body Press|p1a: Zamazenta\n|-supereffective|p1a: Zamazenta\n|-damage|p1a: Zamazenta|33/100\n|\n|upkeep\n|turn|2\n|\n|t:|1772507286\n|move|p1b: Tornadus|Tailwind|p1b: Tornadus\n|-sidestart|p1: lalo's pollos|move: Tailwind\n|move|p1a: Zamazenta|Heavy Slam|p2a: Calyrex\n|-damage|p2a: Calyrex|42/100\n|move|p2a: Calyrex|Encore|p1b: Tornadus\n|-start|p1b: Tornadus|Encore\n|move|p2b: Zamazenta|Body Press|p1a: Zamazenta\n|-supereffective|p1a: Zamazenta\n|-damage|p1a: Zamazenta|0 fnt\n|faint|p1a: Zamazenta\n|\n|upkeep\n|\n|t:|1772507296\n|switch|p1a: Lunala|Lunala, L50|100/100\n|turn|3\n|\n|t:|1772507313\n|switch|p1b: Urshifu|Urshifu-Rapid-Strike, L50, F|100/100\n|switch|p2a: Tornadus|Tornadus, L50, M|100/100\n|move|p1a: Lunala|Moongeist Beam|p2a: Tornadus\n|-damage|p2a: Tornadus|33/100\n|move|p2b: Zamazenta|Body Press|p1b: Urshifu\n|-damage|p1b: Urshifu|10/100\n|\n|-end|p2b: Zamazenta|move: Taunt\n|upkeep\n|turn|4\n|\n|t:|1772507325\n|-terastallize|p1b: Urshifu|Water\n|move|p1b: Urshifu|Aqua Jet|p2a: Tornadus\n|-damage|p2a: Tornadus|0 fnt\n|faint|p2a: Tornadus\n|move|p1a: Lunala|Calm Mind|p1a: Lunala\n|-boost|p1a: Lunala|spa|1\n|-boost|p1a: Lunala|spd|1\n|move|p2b: Zamazenta|Body Press|p1b: Urshifu\n|-damage|p1b: Urshifu|0 fnt\n|faint|p1b: Urshifu\n|\n|upkeep\n|\n|t:|1772507334\n|switch|p2a: Raging Bolt|Raging Bolt, L50|100/100\n|switch|p1b: Tornadus|Tornadus, L50, M|100/100\n|turn|5\n|\n|t:|1772507347\n|move|p1b: Tornadus|Bleakwind Storm|p2a: Raging Bolt|[spread] p2a,p2b\n|-resisted|p2a: Raging Bolt\n|-supereffective|p2b: Zamazenta\n|-damage|p2a: Raging Bolt|89/100\n|-damage|p2b: Zamazenta|49/100\n|move|p1a: Lunala|Moonblast|p2a: Raging Bolt\n|-supereffective|p2a: Raging Bolt\n|-damage|p2a: Raging Bolt|35/100\n|move|p2b: Zamazenta|Body Press|p1b: Tornadus\n|-resisted|p1b: Tornadus\n|-damage|p1b: Tornadus|31/100\n|move|p2a: Raging Bolt|Electroweb|p1a: Lunala|[spread] p1a,p1b\n|-supereffective|p1b: Tornadus\n|-damage|p1a: Lunala|94/100\n|-damage|p1b: Tornadus|0 fnt\n|-unboost|p1a: Lunala|spe|1\n|faint|p1b: Tornadus\n|\n|-heal|p1a: Lunala|99/100|[from] item: Leftovers\n|-sideend|p1: lalo's pollos|move: Tailwind\n|upkeep\n|turn|6\n|-message|lalo's pollos forfeited.\n|\n|win|carrotvg\n|raw|lalo&apos;s pollos's rating: 1504 &rarr; <strong>1482</strong><br />(-22 for losing)\n|raw|carrotvg's rating: 1475 &rarr; <strong>1497</strong><br />(+22 for winning)\n|l|\u2606lalo's pollos\n|player|p1|\n|l|\u2606carrotvg\n|player|p2|\n","uploadtime":1772507522,"views":11,"formatid":"gen9vgc2026regi","rating":1482,"private":0,"password":null}