{"id":"gen9vgc2026regi-2557415912","format":"[Gen 9] VGC 2026 Reg I","players":["DeStef2003","blackred123"],"log":"|j|\u2606DeStef2003\n|j|\u2606blackred123\n|t:|1773323864\n|gametype|doubles\n|player|p1|DeStef2003|miku-ghost|1273\n|player|p2|blackred123|iono-masters|1408\n|gen|9\n|tier|[Gen 9] VGC 2026 Reg I\n|rated|\n|rule|Species Clause: Limit one of each Pok\u00e9mon\n|rule|Item Clause: Limit 1 of each item\n|clearpoke\n|poke|p1|Basculegion, L50, M|\n|poke|p1|Kyogre, L50|\n|poke|p1|Iron Jugulis, L50|\n|poke|p1|Amoonguss, L50, F|\n|poke|p1|Calyrex-Ice, L50|\n|poke|p1|Iron Hands, L50|\n|poke|p2|Groudon, L50|\n|poke|p2|Volcarona, L50, F|\n|poke|p2|Incineroar, L50, F|\n|poke|p2|Miraidon, L50|\n|poke|p2|Flutter Mane, L50|\n|poke|p2|Chien-Pao, L50|\n|teampreview|4\n|inactive|Battle timer is ON: inactive players will automatically lose when time's up. (requested by blackred123)\n|inactive|DeStef2003 has 60 seconds left.\n|\n|t:|1773323905\n|teamsize|p1|4\n|teamsize|p2|4\n|start\n|switch|p1a: Chancellor|Calyrex-Ice, L50|100/100\n|switch|p1b: Mick Foley|Iron Hands, L50, shiny|100/100\n|switch|p2a: \u6c38\u96cf\u5854\u83f2|Groudon, L50|100/100\n|switch|p2b: \u94f6\u91d1\u7535\u86c7|Miraidon, L50, shiny|100/100\n|-ability|p1a: Chancellor|As One\n|-ability|p1a: Chancellor|Unnerve\n|-fieldstart|move: Electric Terrain|[from] ability: Hadron Engine|[of] p2b: \u94f6\u91d1\u7535\u86c7\n|-activate|p1b: Mick Foley|ability: Quark Drive\n|-start|p1b: Mick Foley|quarkdriveatk\n|-weather|SunnyDay|[from] ability: Drought|[of] p2a: \u6c38\u96cf\u5854\u83f2\n|turn|1\n|inactive|DeStef2003 has 30 seconds left.\n|\n|t:|1773323936\n|-terastallize|p2a: \u6c38\u96cf\u5854\u83f2|Fire\n|move|p1b: Mick Foley|Fake Out|p2a: \u6c38\u96cf\u5854\u83f2\n|-damage|p2a: \u6c38\u96cf\u5854\u83f2|87/100\n|move|p2b: \u94f6\u91d1\u7535\u86c7|Volt Switch|p1a: Chancellor\n|-damage|p1a: Chancellor|64/100\n|\n|t:|1773323944\n|switch|p2b: \u629b\u4e0b\u864e\u54e5\u5578\u7a74|Incineroar, L50, F|100/100|[from] Volt Switch\n|-ability|p2b: \u629b\u4e0b\u864e\u54e5\u5578\u7a74|Intimidate|boost\n|-unboost|p1a: Chancellor|atk|1\n|-unboost|p1b: Mick Foley|atk|1\n|cant|p2a: \u6c38\u96cf\u5854\u83f2|flinch\n|move|p1a: Chancellor|Trick Room|p1a: Chancellor\n|-fieldstart|move: Trick Room|[of] p1a: Chancellor\n|\n|-weather|SunnyDay|[upkeep]\n|-heal|p1a: Chancellor|70/100|[from] item: Leftovers\n|upkeep\n|turn|2\n|inactive|DeStef2003 has 30 seconds left.\n|inactive|DeStef2003 has 20 seconds left.\n|inactive|DeStef2003 has 15 seconds left.\n|inactive|DeStef2003 has 10 seconds left.\n|\n|t:|1773323992\n|move|p1a: Chancellor|Protect|p1a: Chancellor\n|-singleturn|p1a: Chancellor|Protect\n|move|p2b: \u629b\u4e0b\u864e\u54e5\u5578\u7a74|Fake Out|p1b: Mick Foley\n|-damage|p1b: Mick Foley|93/100\n|cant|p1b: Mick Foley|flinch\n|move|p2a: \u6c38\u96cf\u5854\u83f2|Precipice Blades|p1b: Mick Foley|[spread] p1b\n|-activate|p1a: Chancellor|move: Protect\n|-supereffective|p1b: Mick Foley\n|-damage|p1b: Mick Foley|13/100\n|\n|-weather|SunnyDay|[upkeep]\n|-heal|p1a: Chancellor|76/100|[from] item: Leftovers\n|upkeep\n|turn|3\n|\n|t:|1773324015\n|-terastallize|p1a: Chancellor|Fairy\n|move|p1b: Mick Foley|Drain Punch|p2b: \u629b\u4e0b\u864e\u54e5\u5578\u7a74\n|-supereffective|p2b: \u629b\u4e0b\u864e\u54e5\u5578\u7a74\n|-damage|p2b: \u629b\u4e0b\u864e\u54e5\u5578\u7a74|44/100\n|-heal|p1b: Mick Foley|36/100|[from] drain|[of] p2b: \u629b\u4e0b\u864e\u54e5\u5578\u7a74\n|-damage|p1b: Mick Foley|20/100|[from] item: Rocky Helmet|[of] p2b: \u629b\u4e0b\u864e\u54e5\u5578\u7a74\n|move|p1a: Chancellor|Leech Seed|p2a: \u6c38\u96cf\u5854\u83f2\n|-start|p2a: \u6c38\u96cf\u5854\u83f2|move: Leech Seed\n|move|p2b: \u629b\u4e0b\u864e\u54e5\u5578\u7a74|Flare Blitz|p1a: Chancellor\n|-damage|p1a: Chancellor|33/100\n|-damage|p2b: \u629b\u4e0b\u864e\u54e5\u5578\u7a74|28/100|[from] Recoil\n|move|p2a: \u6c38\u96cf\u5854\u83f2|Precipice Blades|p1a: Chancellor|[spread] p1a\n|-miss|p2a: \u6c38\u96cf\u5854\u83f2|p1b: Mick Foley\n|-damage|p1a: Chancellor|0 fnt\n|faint|p1a: Chancellor\n|\n|-weather|SunnyDay|[upkeep]\n|upkeep\n|\n|t:|1773324034\n|switch|p1a: Maelstrom 9|Kyogre, L50|100/100\n|-weather|RainDance|[from] ability: Drizzle|[of] p1a: Maelstrom 9\n|turn|4\n|\n|t:|1773324052\n|switch|p2b: \u94f6\u91d1\u7535\u86c7|Miraidon, L50, shiny|100/100\n|-activate|p2b: \u94f6\u91d1\u7535\u86c7|ability: Hadron Engine\n|switch|p2a: Chien-Pao|Chien-Pao, L50|100/100\n|-ability|p2a: Chien-Pao|Sword of Ruin\n|move|p1b: Mick Foley|Low Kick|p2b: \u94f6\u91d1\u7535\u86c7\n|-damage|p2b: \u94f6\u91d1\u7535\u86c7|39/100\n|move|p1a: Maelstrom 9|Origin Pulse|p2b: \u94f6\u91d1\u7535\u86c7|[spread] p2a,p2b\n|-resisted|p2b: \u94f6\u91d1\u7535\u86c7\n|-damage|p2a: Chien-Pao|0 fnt\n|-damage|p2b: \u94f6\u91d1\u7535\u86c7|1/100\n|faint|p2a: Chien-Pao\n|\n|-weather|RainDance|[upkeep]\n|upkeep\n|c|\u2606DeStef2003|darnn\n|\n|t:|1773324067\n|switch|p2a: \u629b\u4e0b\u864e\u54e5\u5578\u7a74|Incineroar, L50, F|28/100\n|-ability|p2a: \u629b\u4e0b\u864e\u54e5\u5578\u7a74|Intimidate|boost\n|-unboost|p1a: Maelstrom 9|atk|1\n|-unboost|p1b: Mick Foley|atk|1\n|turn|5\n|\n|t:|1773324084\n|switch|p2b: \u6c38\u96cf\u5854\u83f2|Groudon, L50, tera:Fire|87/100\n|-weather|SunnyDay|[from] ability: Drought|[of] p2b: \u6c38\u96cf\u5854\u83f2\n|move|p2a: \u629b\u4e0b\u864e\u54e5\u5578\u7a74|Fake Out|p1a: Maelstrom 9\n|-damage|p1a: Maelstrom 9|90/100\n|move|p1b: Mick Foley|Drain Punch|p2b: \u6c38\u96cf\u5854\u83f2\n|-damage|p2b: \u6c38\u96cf\u5854\u83f2|69/100\n|-heal|p1b: Mick Foley|27/100|[from] drain|[of] p2b: \u6c38\u96cf\u5854\u83f2\n|cant|p1a: Maelstrom 9|flinch\n|\n|-weather|SunnyDay|[upkeep]\n|-fieldend|move: Trick Room\n|-fieldend|move: Electric Terrain\n|-end|p1b: Mick Foley|Quark Drive\n|upkeep\n|turn|6\n|inactive|DeStef2003 has 30 seconds left.\n|\n|t:|1773324116\n|switch|p1a: Morga|Amoonguss, L50, F, shiny|100/100\n|move|p2b: \u6c38\u96cf\u5854\u83f2|Precipice Blades|p1a: Morga|[spread] p1a,p1b\n|-supereffective|p1b: Mick Foley\n|-damage|p1a: Morga|55/100\n|-damage|p1b: Mick Foley|0 fnt\n|faint|p1b: Mick Foley\n|-end|p1b: Mick Foley|Quark Drive|[silent]\n|move|p2a: \u629b\u4e0b\u864e\u54e5\u5578\u7a74|Knock Off|p1a: Morga\n|-damage|p1a: Morga|27/100\n|-damage|p2a: \u629b\u4e0b\u864e\u54e5\u5578\u7a74|12/100|[from] item: Rocky Helmet|[of] p1a: Morga\n|-enditem|p1a: Morga|Rocky Helmet|[from] move: Knock Off|[of] p2a: \u629b\u4e0b\u864e\u54e5\u5578\u7a74\n|\n|-weather|SunnyDay|[upkeep]\n|upkeep\n|\n|t:|1773324126\n|switch|p1b: Maelstrom 9|Kyogre, L50|90/100\n|-weather|RainDance|[from] ability: Drizzle|[of] p1b: Maelstrom 9\n|turn|7\n|\n|t:|1773324135\n|move|p2b: \u6c38\u96cf\u5854\u83f2|Precipice Blades|p1b: Maelstrom 9|[spread] p1a,p1b\n|-damage|p1a: Morga|0 fnt\n|-damage|p1b: Maelstrom 9|43/100\n|faint|p1a: Morga\n|move|p1b: Maelstrom 9|Water Spout|p2b: \u6c38\u96cf\u5854\u83f2|[spread] p2a,p2b\n|-supereffective|p2a: \u629b\u4e0b\u864e\u54e5\u5578\u7a74\n|-supereffective|p2b: \u6c38\u96cf\u5854\u83f2\n|-damage|p2a: \u629b\u4e0b\u864e\u54e5\u5578\u7a74|0 fnt\n|-damage|p2b: \u6c38\u96cf\u5854\u83f2|5/100\n|faint|p2a: \u629b\u4e0b\u864e\u54e5\u5578\u7a74\n|\n|-weather|RainDance|[upkeep]\n|upkeep\n|\n|t:|1773324141\n|switch|p2a: \u94f6\u91d1\u7535\u86c7|Miraidon, L50, shiny|1/100\n|-fieldstart|move: Electric Terrain|[from] ability: Hadron Engine|[of] p2a: \u94f6\u91d1\u7535\u86c7\n|turn|8\n|c|\u2606DeStef2003|ggs\n|\n|t:|1773324146\n|move|p2a: \u94f6\u91d1\u7535\u86c7|Electro Drift|p1b: Maelstrom 9\n|-supereffective|p1b: Maelstrom 9\n|-damage|p1b: Maelstrom 9|0 fnt\n|faint|p1b: Maelstrom 9\n|\n|win|blackred123\n|raw|DeStef2003's rating: 1273 &rarr; <strong>1257</strong><br />(-16 for losing)\n|raw|blackred123's rating: 1408 &rarr; <strong>1421</strong><br />(+13 for winning)\n","uploadtime":1773324154,"views":17,"formatid":"gen9vgc2026regi","rating":1257,"private":0,"password":null}