{"id":"gen9vgc2026regi-2551788836","format":"[Gen 9] VGC 2026 Reg I","players":["j0l0k0","kinderlew"],"log":"|j|\u2606j0l0k0\n|j|\u2606kinderlew\n|t:|1772645353\n|gametype|doubles\n|player|p1|j0l0k0|brycen|1421\n|player|p2|kinderlew|2|1416\n|gen|9\n|tier|[Gen 9] VGC 2026 Reg I\n|rated|\n|rule|Species Clause: Limit one of each Pok\u00e9mon\n|rule|Item Clause: Limit 1 of each item\n|clearpoke\n|poke|p1|Calyrex-Ice, L50|\n|poke|p1|Kyogre, L50|\n|poke|p1|Indeedee-F, L50, F|\n|poke|p1|Urshifu-*, L50, F|\n|poke|p1|Amoonguss, L50, F|\n|poke|p1|Landorus, L50, M|\n|poke|p2|Calyrex-Shadow, L50|\n|poke|p2|Smeargle, L50, F|\n|poke|p2|Koraidon, L50|\n|poke|p2|Tornadus, L50, M|\n|poke|p2|Volcarona, L50, M|\n|poke|p2|Iron Hands, L50|\n|teampreview|4\n|inactive|Battle timer is ON: inactive players will automatically lose when time's up. (requested by j0l0k0)\n|\n|t:|1772645364\n|teamsize|p1|4\n|teamsize|p2|4\n|start\n|switch|p1a: Indeedee|Indeedee-F, L50, F, shiny|100/100\n|switch|p1b: Calyrex|Calyrex-Ice, L50|100/100\n|switch|p2a: Calyrex|Calyrex-Shadow, L50|100/100\n|switch|p2b: Smeargle|Smeargle, L50, F|100/100\n|-ability|p2a: Calyrex|As One\n|-ability|p2a: Calyrex|Unnerve\n|-ability|p1b: Calyrex|As One\n|-ability|p1b: Calyrex|Unnerve\n|-fieldstart|move: Psychic Terrain|[from] ability: Psychic Surge|[of] p1a: Indeedee\n|turn|1\n|\n|t:|1772645379\n|-terastallize|p1b: Calyrex|Normal\n|move|p1a: Indeedee|Follow Me|p1a: Indeedee\n|-singleturn|p1a: Indeedee|move: Follow Me\n|move|p2a: Calyrex|Expanding Force|p1a: Indeedee|[spread] p1a,p1b\n|-resisted|p1a: Indeedee\n|-damage|p1a: Indeedee|55/100\n|-damage|p1b: Calyrex|22/100\n|move|p2b: Smeargle|Spore|p1a: Indeedee\n|-activate|p1a: Indeedee|item: Safety Goggles|Spore\n|move|p1b: Calyrex|Glacial Lance|p2a: Calyrex|[spread] p2a,p2b\n|-damage|p2a: Calyrex|33/100\n|-enditem|p2b: Smeargle|Focus Sash\n|-damage|p2b: Smeargle|1/100\n|\n|upkeep\n|turn|2\n|inactive|kinderlew has 30 seconds left.\n|inactive|kinderlew has 20 seconds left.\n|\n|t:|1772645419\n|switch|p2b: Iron Hands|Iron Hands, L50|100/100\n|switch|p1b: Landorus|Landorus, L50, M, shiny|100/100\n|move|p2a: Calyrex|Expanding Force|p1a: Indeedee|[spread] p1a,p1b\n|-resisted|p1a: Indeedee\n|-damage|p1a: Indeedee|7/100\n|-damage|p1b: Landorus|0 fnt\n|faint|p1b: Landorus\n|-ability|p2a: Calyrex|Grim Neigh|boost\n|-boost|p2a: Calyrex|spa|1\n|move|p1a: Indeedee|Trick Room|p1a: Indeedee\n|-fieldstart|move: Trick Room|[of] p1a: Indeedee\n|\n|upkeep\n|\n|t:|1772645441\n|switch|p1b: Calyrex|Calyrex-Ice, L50, tera:Normal|22/100\n|-ability|p1b: Calyrex|As One\n|-ability|p1b: Calyrex|Unnerve\n|turn|3\n|inactive|kinderlew has 30 seconds left.\n|\n|t:|1772645474\n|move|p1b: Calyrex|Glacial Lance|p2b: Iron Hands|[spread] p2a,p2b\n|-crit|p2b: Iron Hands\n|-damage|p2a: Calyrex|0 fnt\n|-damage|p2b: Iron Hands|44/100\n|faint|p2a: Calyrex\n|-ability|p1b: Calyrex|Chilling Neigh|boost\n|-boost|p1b: Calyrex|atk|1\n|move|p2b: Iron Hands|Drain Punch|p1b: Calyrex\n|-supereffective|p1b: Calyrex\n|-damage|p1b: Calyrex|0 fnt\n|-heal|p2b: Iron Hands|53/100|[from] drain|[of] p1b: Calyrex\n|faint|p1b: Calyrex\n|move|p1a: Indeedee|Psychic|p2b: Iron Hands\n|-supereffective|p2b: Iron Hands\n|-damage|p2b: Iron Hands|5/100\n|\n|upkeep\n|\n|t:|1772645497\n|switch|p1b: Kyogre|Kyogre, L50, shiny|100/100\n|switch|p2a: Smeargle|Smeargle, L50, F|1/100\n|-weather|RainDance|[from] ability: Drizzle|[of] p1b: Kyogre\n|turn|4\n|inactive|kinderlew has 30 seconds left.\n|\n|t:|1772645531\n|move|p1a: Indeedee|Follow Me|p1a: Indeedee\n|-singleturn|p1a: Indeedee|move: Follow Me\n|move|p2b: Iron Hands|Drain Punch|p1a: Indeedee\n|-damage|p1a: Indeedee|0 fnt\n|-heal|p2b: Iron Hands|7/100|[from] drain|[of] p1a: Indeedee\n|faint|p1a: Indeedee\n|move|p1b: Kyogre|Water Spout|p2a: Smeargle|[spread] p2a,p2b\n|-damage|p2a: Smeargle|0 fnt\n|-damage|p2b: Iron Hands|0 fnt\n|faint|p2a: Smeargle\n|faint|p2b: Iron Hands\n|-end|p2b: Iron Hands|Quark Drive|[silent]\n|\n|-weather|RainDance|[upkeep]\n|upkeep\n|\n|t:|1772645536\n|switch|p2b: Koraidon|Koraidon, L50|100/100\n|-weather|SunnyDay|[from] ability: Orichalcum Pulse|[of] p2b: Koraidon\n|-activate|p2b: Koraidon|Orichalcum Pulse|[source]\n|turn|5\n|\n|t:|1772645556\n|move|p2b: Koraidon|Protect|p2b: Koraidon\n|-singleturn|p2b: Koraidon|Protect\n|move|p1b: Kyogre|Ice Beam|p2b: Koraidon\n|-activate|p2b: Koraidon|move: Protect\n|\n|-weather|SunnyDay|[upkeep]\n|-fieldend|move: Psychic Terrain\n|upkeep\n|turn|6\n|\n|t:|1772645567\n|-terastallize|p2b: Koraidon|Fire\n|move|p1b: Kyogre|Water Spout|p2b: Koraidon\n|-supereffective|p2b: Koraidon\n|-damage|p2b: Koraidon|12/100\n|move|p2b: Koraidon|Close Combat|p1b: Kyogre\n|-damage|p1b: Kyogre|0 fnt\n|-unboost|p2b: Koraidon|def|1\n|-unboost|p2b: Koraidon|spd|1\n|faint|p1b: Kyogre\n|-damage|p2b: Koraidon|2/100|[from] item: Life Orb\n|\n|win|kinderlew\n|raw|j0l0k0's rating: 1421 &rarr; <strong>1401</strong><br />(-20 for losing)\n|raw|kinderlew's rating: 1416 &rarr; <strong>1436</strong><br />(+20 for winning)\n|l|\u2606kinderlew\n|player|p2|\n|l|\u2606j0l0k0\n|player|p1|\n","uploadtime":1772645812,"views":14,"formatid":"gen9vgc2026regi","rating":1401,"private":0,"password":null}