{"id":"gen9vgc2026regi-2558630610","format":"[Gen 9] VGC 2026 Reg I","players":["pigs2fly","Tb0lt"],"log":"|j|\u2606pigs2fly\n|j|\u2606Tb0lt\n|html|<table width=\"100%\"><tr><td align=\"left\">pigs2fly</td><td align=\"right\">Tb0lt</tr><tr><td align=\"left\"><i class=\"fa fa-circle-o\"></i> <i class=\"fa fa-circle-o\"></i> </td><td align=\"right\"><i class=\"fa fa-circle-o\"></i> <i class=\"fa fa-circle-o\"></i> </tr></table>\n|uhtml|bestof|<h2><strong>Game 1</strong> of <a href=\"/game-bestof3-gen9vgc2026regi-2558630609\">a best-of-3</a></h2>\n|t:|1773456044\n|gametype|doubles\n|player|p1|pigs2fly|dexio|\n|player|p2|Tb0lt|#tb0lt|\n|gen|9\n|tier|[Gen 9] VGC 2026 Reg I\n|rated|Tournament battle\n|rule|Species Clause: Limit one of each Pok\u00e9mon\n|rule|Item Clause: Limit 1 of each item\n|raw|<div class=\"infobox\"><details class=\"readmore\" open><summary><strong>4 custom rules:</strong></summary> Open Team Sheets, Force Open Team Sheets, !Open Team Sheets, Best of = 3</details></div>\n|clearpoke\n|poke|p1|Annihilape, L50, M|\n|poke|p1|Tornadus, L50, M|\n|poke|p1|Dondozo, L50, M|\n|poke|p1|Tatsugiri, L50, M|\n|poke|p1|Zacian-*, L50|\n|poke|p1|Kyogre, L50|\n|poke|p2|Incineroar, L50, M|\n|poke|p2|Amoonguss, L50, F|\n|poke|p2|Rillaboom, L50, M|\n|poke|p2|Terapagos, L50, M|\n|poke|p2|Calyrex-Shadow, L50|\n|poke|p2|Ogerpon-Cornerstone, L50, F|\n|teampreview|4\n|showteam|p1|Annihilape||ChoiceScarf|Defiant|FinalGambit,Coaching,CloseCombat,ShadowClaw|||M|||50|,,,,,Ground]Tornadus||AbilityShield|Prankster|Protect,Tailwind,Hurricane,RainDance|||M|||50|,,,,,Steel]Dondozo||Leftovers|Unaware|Protect,OrderUp,Earthquake,WaveCrash|||M|||50|,,,,,Grass]Tatsugiri||FocusSash|Commander|Protect,Taunt,MuddyWater,DragonPulse|||M|||50|,,,,,Stellar]Zacian-Crowned||RustedSword|IntrepidSword|Protect,Substitute,PlayRough,behemothblade||||||50|,,,,,Fairy]Kyogre||ChoiceSpecs|Drizzle|IceBeam,HydroPump,OriginPulse,WaterSpout||||||50|,,,,,Ghost\n|showteam|p2|Incineroar||SafetyGoggles|Intimidate|FlareBlitz,KnockOff,PartingShot,FakeOut|||M|||50|,,,,,Water]Amoonguss||RockyHelmet|Regenerator|Protect,SludgeBomb,RagePowder,Spore|||F|||50|,,,,,Water]Rillaboom||AssaultVest|GrassySurge|WoodHammer,GrassyGlide,HighHorsepower,FakeOut|||M|||50|,,,,,Fire]Terapagos||Leftovers|TeraShift|TeraStarstorm,EarthPower,CalmMind,Protect|||M|||50|,,,,,Stellar]Calyrex-Shadow||FocusSash|AsOneSpectrier|AstralBarrage,Protect,Disable,Encore||||||50|,,,,,Ghost]Ogerpon-Cornerstone||CornerstoneMask|Sturdy|IvyCudgel,KnockOff,FollowMe,SpikyShield|||F|||50|,,,,,Rock\n|c|\u2606Tb0lt|hf\n|c|\u2606pigs2fly|U2\n|j| TheGuyWithACloak\n|j| mynamegrassgreen\n|j| Unskilled99\n|j| Ali_0009\n|\n|t:|1773456097\n|teamsize|p1|4\n|teamsize|p2|4\n|start\n|switch|p1a: Tornadus|Tornadus, L50, M|100/100\n|switch|p1b: Kyogre|Kyogre, L50|100/100\n|switch|p2a: Rillaboom|Rillaboom, L50, M|100/100\n|switch|p2b: Calyrex|Calyrex-Shadow, L50|100/100\n|-ability|p2b: Calyrex|As One\n|-ability|p2b: Calyrex|Unnerve\n|-weather|RainDance|[from] ability: Drizzle|[of] p1b: Kyogre\n|-fieldstart|move: Grassy Terrain|[from] ability: Grassy Surge|[of] p2a: Rillaboom\n|turn|1\n|j| maxdeesevgc\n|\n|t:|1773456109\n|-terastallize|p2b: Calyrex|Ghost\n|move|p1a: Tornadus|Protect|p1a: Tornadus\n|-singleturn|p1a: Tornadus|Protect\n|move|p2a: Rillaboom|Fake Out|p1a: Tornadus\n|-activate|p1a: Tornadus|move: Protect\n|move|p2b: Calyrex|Astral Barrage|p1a: Tornadus|[spread] p1b\n|-activate|p1a: Tornadus|move: Protect\n|-damage|p1b: Kyogre|46/100\n|move|p1b: Kyogre|Origin Pulse|p2b: Calyrex|[spread] p2b\n|-miss|p1b: Kyogre|p2a: Rillaboom\n|-enditem|p2b: Calyrex|Focus Sash\n|-damage|p2b: Calyrex|1/100\n|\n|-weather|RainDance|[upkeep]\n|-heal|p2b: Calyrex|7/100|[from] Grassy Terrain\n|-heal|p1b: Kyogre|52/100|[from] Grassy Terrain\n|upkeep\n|turn|2\n|c| mynamegrassgreen|go double fish!\n|\n|t:|1773456152\n|-terastallize|p1b: Kyogre|Ghost\n|move|p2b: Calyrex|Protect|p2b: Calyrex\n|-singleturn|p2b: Calyrex|Protect\n|move|p2a: Rillaboom|Grassy Glide|p1b: Kyogre\n|-damage|p1b: Kyogre|14/100\n|move|p1a: Tornadus|Hurricane|p2a: Rillaboom\n|-supereffective|p2a: Rillaboom\n|-crit|p2a: Rillaboom\n|-damage|p2a: Rillaboom|0 fnt\n|faint|p2a: Rillaboom\n|move|p1b: Kyogre|Origin Pulse|p2b: Calyrex\n|-activate|p2b: Calyrex|move: Protect\n|\n|-weather|RainDance|[upkeep]\n|-heal|p2b: Calyrex|14/100|[from] Grassy Terrain\n|-heal|p1b: Kyogre|20/100|[from] Grassy Terrain\n|upkeep\n|j| it aint real right\n|\n|t:|1773456164\n|switch|p2a: Amoonguss|Amoonguss, L50, F|100/100\n|turn|3\n|\n|t:|1773456178\n|move|p1a: Tornadus|Tailwind|p1a: Tornadus\n|-sidestart|p1: pigs2fly|move: Tailwind\n|move|p1b: Kyogre|Origin Pulse|p2a: Amoonguss|[spread] p2a,p2b\n|-resisted|p2a: Amoonguss\n|-damage|p2a: Amoonguss|51/100\n|-damage|p2b: Calyrex|0 fnt\n|faint|p2b: Calyrex\n|move|p2a: Amoonguss|Spore|p1b: Kyogre\n|-status|p1b: Kyogre|slp|[from] move: Spore\n|\n|-weather|RainDance|[upkeep]\n|-heal|p1b: Kyogre|26/100 slp|[from] Grassy Terrain\n|-heal|p2a: Amoonguss|57/100|[from] Grassy Terrain\n|upkeep\n|\n|t:|1773456180\n|switch|p2b: Incineroar|Incineroar, L50, M|100/100\n|-ability|p2b: Incineroar|Intimidate|boost\n|-unboost|p1a: Tornadus|atk|1\n|-unboost|p1b: Kyogre|atk|1\n|turn|4\n|c| TheGuyWithACloak|Oh hi greengrass and tbolt\n|j| 801344244a\n|\n|t:|1773456188\n|move|p1a: Tornadus|Protect|p1a: Tornadus\n|-singleturn|p1a: Tornadus|Protect\n|move|p2b: Incineroar|Fake Out|p1a: Tornadus\n|-activate|p1a: Tornadus|move: Protect\n|cant|p1b: Kyogre|slp\n|move|p2a: Amoonguss|Spore|p1a: Tornadus\n|-activate|p1a: Tornadus|move: Protect\n|\n|-weather|RainDance|[upkeep]\n|-heal|p1b: Kyogre|33/100 slp|[from] Grassy Terrain\n|-heal|p2a: Amoonguss|63/100|[from] Grassy Terrain\n|upkeep\n|turn|5\n|\n|t:|1773456195\n|move|p2a: Amoonguss|Protect|p2a: Amoonguss\n|-singleturn|p2a: Amoonguss|Protect\n|move|p1a: Tornadus|Hurricane|p2a: Amoonguss\n|-activate|p2a: Amoonguss|move: Protect\n|cant|p1b: Kyogre|slp\n|move|p2b: Incineroar|Knock Off|p1b: Kyogre\n|-supereffective|p1b: Kyogre\n|-damage|p1b: Kyogre|0 fnt\n|-enditem|p1b: Kyogre|Choice Specs|[from] move: Knock Off|[of] p2b: Incineroar\n|faint|p1b: Kyogre\n|\n|-weather|none\n|-heal|p2a: Amoonguss|69/100|[from] Grassy Terrain\n|-fieldend|move: Grassy Terrain\n|upkeep\n|l| Unskilled99\n|\n|t:|1773456203\n|switch|p1b: Annihilape|Annihilape, L50, M|100/100\n|turn|6\n|\n|t:|1773456218\n|move|p1b: Annihilape|Close Combat|p2a: Amoonguss\n|-resisted|p2a: Amoonguss\n|-damage|p2a: Amoonguss|51/100\n|-unboost|p1b: Annihilape|def|1\n|-unboost|p1b: Annihilape|spd|1\n|-damage|p1b: Annihilape|84/100|[from] item: Rocky Helmet|[of] p2a: Amoonguss\n|move|p1a: Tornadus|Hurricane|p2a: Amoonguss\n|-supereffective|p2a: Amoonguss\n|-damage|p2a: Amoonguss|0 fnt\n|faint|p2a: Amoonguss\n|move|p2b: Incineroar|Knock Off|p1a: Tornadus\n|-damage|p1a: Tornadus|40/100\n|-enditem|p1a: Tornadus|Ability Shield|[from] move: Knock Off|[of] p2b: Incineroar\n|\n|-sideend|p1: pigs2fly|move: Tailwind\n|upkeep\n|turn|7\n|c|\u2606Tb0lt|gg\n|-message|Tb0lt forfeited.\n|\n|win|pigs2fly\n||pigs2fly is ready for game 2.\n|inactive|Tb0lt has 30 seconds to confirm battle start!\n||Tb0lt is ready for game 2.\n|uhtml|next|Next: <a href=\"/battle-gen9vgc2026regi-2558632244\"><strong>Game 2 of 3</strong></a>\n|l| Ali_0009\n","uploadtime":1773456248,"views":15,"formatid":"gen9vgc2026regi","rating":null,"private":0,"password":null}