{"id":"gen9vgc2026regi-2573412463","format":"[Gen 9] VGC 2026 Reg I","players":["Smile expression","sunny_zong3"],"log":"|j|\u2606Smile expression\n|j|\u2606sunny_zong3\n|t:|1775134107\n|gametype|doubles\n|player|p1|Smile expression|lucas-gen4pt|1436\n|player|p2|sunny_zong3|266|1328\n|gen|9\n|tier|[Gen 9] VGC 2026 Reg I\n|rated|\n|rule|Species Clause: Limit one of each Pok\u00e9mon\n|rule|Item Clause: Limit 1 of each item\n|clearpoke\n|poke|p1|Zamazenta-*, L50|\n|poke|p1|Calyrex-Shadow, L50|\n|poke|p1|Tornadus, L50, M|\n|poke|p1|Rillaboom, L50, M|\n|poke|p1|Smeargle, L50, M|\n|poke|p1|Raging Bolt, L50|\n|poke|p2|Typhlosion-Hisui, L50, F|\n|poke|p2|Miraidon, L50|\n|poke|p2|Calyrex-Shadow, L50|\n|poke|p2|Torkoal, L50, M|\n|poke|p2|Ursaluna-Bloodmoon, L50, M|\n|poke|p2|Murkrow, L50, M|\n|teampreview|4\n|inactive|Battle timer is ON: inactive players will automatically lose when time's up. (requested by sunny_zong3)\n|\n|t:|1775134124\n|teamsize|p1|4\n|teamsize|p2|4\n|start\n|switch|p1a: Rillaboom|Rillaboom, L50, M|100/100\n|switch|p1b: Smeargle|Smeargle, L50, M|100/100\n|switch|p2a: Murkrow|Murkrow, L50, M|100/100\n|switch|p2b: Typhlosion|Typhlosion-Hisui, L50, F|100/100\n|-fieldstart|move: Grassy Terrain|[from] ability: Grassy Surge|[of] p1a: Rillaboom\n|turn|1\n|\n|t:|1775134144\n|switch|p2a: Miraidon|Miraidon, L50|100/100\n|-fieldstart|move: Electric Terrain|[from] ability: Hadron Engine|[of] p2a: Miraidon\n|move|p1a: Rillaboom|Fake Out|p2a: Miraidon\n|-damage|p2a: Miraidon|86/100\n|move|p2b: Typhlosion|Eruption|p1b: Smeargle|[spread] p1a,p1b\n|-supereffective|p1a: Rillaboom\n|-damage|p1a: Rillaboom|30/100\n|-enditem|p1b: Smeargle|Focus Sash\n|-damage|p1b: Smeargle|1/100\n|move|p1b: Smeargle|Spore|p2b: Typhlosion\n|-activate|p2b: Typhlosion|move: Electric Terrain\n|\n|-ability|p1b: Smeargle|Moody|boost\n|-boost|p1b: Smeargle|def|2\n|-unboost|p1b: Smeargle|atk|1\n|upkeep\n|turn|2\n|inactive|Smile expression has 30 seconds left.\n|\n|t:|1775134175\n|move|p1b: Smeargle|Follow Me|p1b: Smeargle\n|-singleturn|p1b: Smeargle|move: Follow Me\n|move|p2a: Miraidon|Volt Switch|p1b: Smeargle\n|-damage|p1b: Smeargle|0 fnt\n|faint|p1b: Smeargle\n|\n|t:|1775134177\n|switch|p2a: Murkrow|Murkrow, L50, M|100/100|[from] Volt Switch\n|move|p2b: Typhlosion|Eruption|p1a: Rillaboom\n|-supereffective|p1a: Rillaboom\n|-damage|p1a: Rillaboom|0 fnt\n|faint|p1a: Rillaboom\n|\n|upkeep\n|\n|t:|1775134190\n|switch|p1b: Calyrex|Calyrex-Shadow, L50|100/100\n|switch|p1a: Zamazenta|Zamazenta-Crowned, L50|100/100\n|-ability|p1b: Calyrex|As One\n|-ability|p1b: Calyrex|Unnerve\n|-ability|p1a: Zamazenta|Dauntless Shield|boost\n|-boost|p1a: Zamazenta|def|1\n|turn|3\n|\n|t:|1775134203\n|move|p1a: Zamazenta|Wide Guard|p1a: Zamazenta\n|-singleturn|p1a: Zamazenta|Wide Guard\n|move|p2a: Murkrow|Tailwind|p2a: Murkrow\n|-sidestart|p2: sunny_zong3|move: Tailwind\n|move|p2b: Typhlosion|Eruption|p1b: Calyrex|[spread] \n|-activate|p1a: Zamazenta|move: Wide Guard\n|-activate|p1b: Calyrex|move: Wide Guard\n|move|p1b: Calyrex|Nasty Plot|p1b: Calyrex\n|-boost|p1b: Calyrex|spa|2\n|\n|upkeep\n|turn|4\n|inactive|sunny_zong3 has 30 seconds left.\n|inactive|Smile expression has 30 seconds left.\n|\n|t:|1775134235\n|-terastallize|p1b: Calyrex|Dark\n|move|p2a: Murkrow|Taunt|p1a: Zamazenta\n|-start|p1a: Zamazenta|move: Taunt\n|move|p2b: Typhlosion|Curse|p1b: Calyrex\n|-start|p1b: Calyrex|Curse|[of] p2b: Typhlosion\n|-damage|p2b: Typhlosion|51/100\n|move|p1b: Calyrex|Astral Barrage|p2a: Murkrow|[spread] p2a,p2b\n|-resisted|p2a: Murkrow\n|-supereffective|p2b: Typhlosion\n|-damage|p2a: Murkrow|0 fnt\n|-damage|p2b: Typhlosion|0 fnt\n|faint|p2a: Murkrow\n|faint|p2b: Typhlosion\n|-ability|p1b: Calyrex|Grim Neigh|boost\n|-boost|p1b: Calyrex|spa|2\n|-damage|p1b: Calyrex|91/100|[from] item: Life Orb\n|move|p1a: Zamazenta|Body Press|p2: Murkrow|[notarget]\n|-fail|p1a: Zamazenta\n|\n|-damage|p1b: Calyrex|66/100|[from] Curse\n|upkeep\n|\n|t:|1775134237\n|switch|p2b: Miraidon|Miraidon, L50|86/100\n|switch|p2a: Calyrex|Calyrex-Shadow, L50|100/100\n|-ability|p2a: Calyrex|As One\n|-ability|p2a: Calyrex|Unnerve\n|-activate|p2b: Miraidon|ability: Hadron Engine\n|turn|5\n|inactive|Smile expression has 30 seconds left.\n|inactive|Smile expression has 20 seconds left.\n|inactive|Smile expression has 15 seconds left.\n|inactive|Smile expression has 10 seconds left.\n|\n|t:|1775134284\n|-terastallize|p2b: Miraidon|Fairy\n|move|p1b: Calyrex|Protect|p1b: Calyrex\n|-singleturn|p1b: Calyrex|Protect\n|move|p2a: Calyrex|Encore|p1a: Zamazenta\n|-start|p1a: Zamazenta|Encore\n|move|p2b: Miraidon|Dazzling Gleam|p1a: Zamazenta|[spread] p1a\n|-activate|p1b: Calyrex|move: Protect\n|-damage|p1a: Zamazenta|55/100\n|move|p1a: Zamazenta|Body Press|p2b: Miraidon\n|-resisted|p2b: Miraidon\n|-damage|p2b: Miraidon|48/100\n|\n|-damage|p1b: Calyrex|41/100|[from] Curse\n|-fieldend|move: Electric Terrain\n|upkeep\n|turn|6\n|\n|t:|1775134303\n|move|p2a: Calyrex|Encore|p1b: Calyrex\n|-start|p1b: Calyrex|Encore\n|move|p2b: Miraidon|Dazzling Gleam|p1a: Zamazenta|[spread] p1a,p1b\n|-supereffective|p1b: Calyrex\n|-damage|p1a: Zamazenta|22/100\n|-damage|p1b: Calyrex|0 fnt\n|faint|p1b: Calyrex\n|move|p1a: Zamazenta|Body Press|p2b: Miraidon\n|-resisted|p2b: Miraidon\n|-damage|p2b: Miraidon|12/100\n|\n|-end|p1a: Zamazenta|move: Taunt\n|-sideend|p2: sunny_zong3|move: Tailwind\n|upkeep\n|turn|7\n|\n|t:|1775134318\n|move|p2a: Calyrex|Astral Barrage|p1a: Zamazenta\n|-damage|p1a: Zamazenta|0 fnt\n|faint|p1a: Zamazenta\n|-damage|p2a: Calyrex|91/100|[from] item: Life Orb\n|\n|win|sunny_zong3\n|raw|Smile expression's rating: 1436 &rarr; <strong>1410</strong><br />(-26 for losing)\n|raw|sunny_zong3's rating: 1328 &rarr; <strong>1354</strong><br />(+26 for winning)\n|l|\u2606sunny_zong3\n|player|p2|\n|l|\u2606Smile expression\n|player|p1|\n","uploadtime":1775134463,"views":12,"formatid":"gen9vgc2026regi","rating":1354,"private":0,"password":null}