{"id":"gen9vgc2026regi-2527331741","format":"[Gen 9] VGC 2026 Reg I","players":["endershovel","dthk1216"],"log":"|j|\u2606endershovel\n|j|\u2606dthk1216\n|t:|1769528435\n|gametype|doubles\n|player|p1|endershovel|102|1340\n|player|p2|dthk1216|dawn|1577\n|gen|9\n|tier|[Gen 9] VGC 2026 Reg I\n|rated|\n|rule|Species Clause: Limit one of each Pok\u00e9mon\n|rule|Item Clause: Limit 1 of each item\n|clearpoke\n|poke|p1|Miraidon, L50|\n|poke|p1|Dialga-Origin, L50|\n|poke|p1|Tornadus, L50, M|\n|poke|p1|Krookodile, L50, M|\n|poke|p1|Iron Hands, L50|\n|poke|p1|Ogerpon-Hearthflame, L50, F|\n|poke|p2|Calyrex-Ice, L50|\n|poke|p2|Kyogre, L50|\n|poke|p2|Urshifu-*, L50, F|\n|poke|p2|Rillaboom, L50, F|\n|poke|p2|Grimmsnarl, L50, M|\n|poke|p2|Amoonguss, L50, M|\n|teampreview|4\n|inactive|Battle timer is ON: inactive players will automatically lose when time's up. (requested by dthk1216)\n|\n|t:|1769528480\n|teamsize|p1|4\n|teamsize|p2|4\n|start\n|switch|p1a: Miraidon|Miraidon, L50|100/100\n|switch|p1b: Krookodile|Krookodile, L50, M|100/100\n|switch|p2a: Rillaboom|Rillaboom, L50, F|100/100\n|switch|p2b: Calyrex|Calyrex-Ice, L50|100/100\n|-ability|p2b: Calyrex|As One\n|-ability|p2b: Calyrex|Unnerve\n|-fieldstart|move: Electric Terrain|[from] ability: Hadron Engine|[of] p1a: Miraidon\n|-ability|p1b: Krookodile|Intimidate|boost\n|-unboost|p2a: Rillaboom|atk|1\n|-unboost|p2b: Calyrex|atk|1\n|-fieldstart|move: Grassy Terrain|[from] ability: Grassy Surge|[of] p2a: Rillaboom\n|turn|1\n|inactive|endershovel has 30 seconds left.\n|inactive|dthk1216 has 30 seconds left.\n|inactive|dthk1216 has 20 seconds left.\n|\n|t:|1769528517\n|-terastallize|p2b: Calyrex|Grass\n|move|p2a: Rillaboom|Fake Out|p1a: Miraidon\n|-damage|p1a: Miraidon|92/100\n|cant|p1a: Miraidon|flinch\n|move|p1b: Krookodile|Knock Off|p2b: Calyrex\n|-damage|p2b: Calyrex|72/100\n|-enditem|p2b: Calyrex|Leftovers|[from] move: Knock Off|[of] p1b: Krookodile\n|move|p2b: Calyrex|Glacial Lance|p1a: Miraidon|[spread] p1a,p1b\n|-supereffective|p1a: Miraidon\n|-supereffective|p1b: Krookodile\n|-damage|p1a: Miraidon|28/100\n|-damage|p1b: Krookodile|20/100\n|\n|-heal|p1a: Miraidon|35/100|[from] Grassy Terrain\n|-heal|p1b: Krookodile|26/100|[from] Grassy Terrain\n|-heal|p2b: Calyrex|77/100|[from] Grassy Terrain\n|upkeep\n|turn|2\n|\n|t:|1769528542\n|move|p1a: Miraidon|Dazzling Gleam|p2a: Rillaboom|[spread] p2a,p2b\n|-damage|p2a: Rillaboom|78/100\n|-damage|p2b: Calyrex|58/100\n|move|p1b: Krookodile|Taunt|p2b: Calyrex\n|-start|p2b: Calyrex|move: Taunt\n|move|p2a: Rillaboom|U-turn|p1a: Miraidon\n|-damage|p1a: Miraidon|20/100\n|\n|t:|1769528551\n|switch|p2a: Amoonguss|Amoonguss, L50, M|100/100|[from] U-turn\n|cant|p2b: Calyrex|move: Taunt|Trick Room\n|\n|-heal|p1a: Miraidon|26/100|[from] Grassy Terrain\n|-heal|p1b: Krookodile|32/100|[from] Grassy Terrain\n|-heal|p2b: Calyrex|64/100|[from] Grassy Terrain\n|upkeep\n|turn|3\n|\n|t:|1769528563\n|move|p1a: Miraidon|Dazzling Gleam|p2a: Amoonguss|[spread] p2a,p2b\n|-resisted|p2a: Amoonguss\n|-damage|p2a: Amoonguss|86/100\n|-damage|p2b: Calyrex|45/100\n|move|p1b: Krookodile|Taunt|p2a: Amoonguss\n|-start|p2a: Amoonguss|move: Taunt\n|move|p2b: Calyrex|Glacial Lance|p1a: Miraidon|[spread] p1a,p1b\n|-supereffective|p1a: Miraidon\n|-supereffective|p1b: Krookodile\n|-damage|p1a: Miraidon|0 fnt\n|-damage|p1b: Krookodile|0 fnt\n|faint|p1a: Miraidon\n|faint|p1b: Krookodile\n|-ability|p2b: Calyrex|Chilling Neigh|boost\n|-boost|p2b: Calyrex|atk|2\n|move|p2a: Amoonguss|Pollen Puff|p2b: Calyrex\n|-heal|p2b: Calyrex|95/100\n|\n|-heal|p2b: Calyrex|100/100|[from] Grassy Terrain\n|-heal|p2a: Amoonguss|92/100|[from] Grassy Terrain\n|upkeep\n|\n|t:|1769528583\n|switch|p1a: Tornadus|Tornadus, L50, M|100/100\n|switch|p1b: Ogerpon|Ogerpon-Hearthflame, L50, F|100/100\n|-ability|p1b: Ogerpon|Mold Breaker\n|turn|4\n|\n|t:|1769528596\n|switch|p2a: Kyogre|Kyogre, L50|100/100\n|-weather|RainDance|[from] ability: Drizzle|[of] p2a: Kyogre\n|-terastallize|p1b: Ogerpon|Fire\n|detailschange|p1b: Ogerpon|Ogerpon-Hearthflame-Tera, L50, F, tera:Fire\n|-ability|p1b: Ogerpon|Embody Aspect (Hearthflame)|boost\n|-boost|p1b: Ogerpon|atk|1\n|move|p1a: Tornadus|Sunny Day|p1a: Tornadus\n|-weather|SunnyDay\n|move|p1b: Ogerpon|Ivy Cudgel|p2b: Calyrex|[anim] Ivy Cudgel Fire\n|-supereffective|p2b: Calyrex\n|-damage|p2b: Calyrex|0 fnt\n|faint|p2b: Calyrex\n|\n|-weather|SunnyDay|[upkeep]\n|upkeep\n|\n|t:|1769528608\n|switch|p2b: Rillaboom|Rillaboom, L50, F|78/100\n|turn|5\n|\n|t:|1769528632\n|move|p1b: Ogerpon|Spiky Shield|p1b: Ogerpon\n|-singleturn|p1b: Ogerpon|move: Protect\n|move|p2b: Rillaboom|Fake Out|p1a: Tornadus\n|-damage|p1a: Tornadus|84/100\n|move|p1a: Tornadus|Tailwind|p1a: Tornadus\n|-sidestart|p1: endershovel|move: Tailwind\n|move|p2a: Kyogre|Water Spout|p1a: Tornadus|[spread] p1a\n|-activate|p1b: Ogerpon|move: Protect\n|-damage|p1a: Tornadus|39/100\n|\n|-weather|SunnyDay|[upkeep]\n|-heal|p2b: Rillaboom|84/100|[from] Grassy Terrain\n|-fieldend|move: Grassy Terrain\n|upkeep\n|turn|6\n|\n|t:|1769528656\n|switch|p2a: Amoonguss|Amoonguss, L50, M|100/100\n|move|p1b: Ogerpon|Horn Leech|p2a: Amoonguss\n|-resisted|p2a: Amoonguss\n|-damage|p2a: Amoonguss|89/100\n|-damage|p1b: Ogerpon|84/100|[from] item: Rocky Helmet|[of] p2a: Amoonguss\n|move|p1a: Tornadus|Bleakwind Storm|p2a: Amoonguss|[spread] \n|-miss|p1a: Tornadus|p2a: Amoonguss\n|-miss|p1a: Tornadus|p2b: Rillaboom\n|move|p2b: Rillaboom|Wood Hammer|p1a: Tornadus\n|-resisted|p1a: Tornadus\n|-damage|p1a: Tornadus|2/100\n|-damage|p2b: Rillaboom|72/100|[from] Recoil\n|\n|-weather|SunnyDay|[upkeep]\n|upkeep\n|turn|7\n|j| dasabe\u76d6\u6b27\u5361\u4fa0\n|\n|t:|1769528676\n|switch|p2b: Kyogre|Kyogre, L50|100/100\n|-weather|RainDance|[from] ability: Drizzle|[of] p2b: Kyogre\n|move|p1a: Tornadus|Protect|p1a: Tornadus\n|-singleturn|p1a: Tornadus|Protect\n|move|p2a: Amoonguss|Protect|p2a: Amoonguss\n|-singleturn|p2a: Amoonguss|Protect\n|move|p1b: Ogerpon|Ivy Cudgel|p2a: Amoonguss|[anim] Ivy Cudgel Fire\n|-activate|p2a: Amoonguss|move: Protect\n|\n|-weather|RainDance|[upkeep]\n|upkeep\n|turn|8\n|\n|t:|1769528693\n|move|p2a: Amoonguss|Rage Powder|p2a: Amoonguss\n|-singleturn|p2a: Amoonguss|move: Rage Powder\n|move|p1a: Tornadus|Sunny Day|p1a: Tornadus\n|-weather|SunnyDay\n|move|p1b: Ogerpon|Horn Leech|p2a: Amoonguss\n|-resisted|p2a: Amoonguss\n|-damage|p2a: Amoonguss|76/100\n|-heal|p1b: Ogerpon|93/100|[from] drain|[of] p2a: Amoonguss\n|-damage|p1b: Ogerpon|77/100|[from] item: Rocky Helmet|[of] p2a: Amoonguss\n|move|p2b: Kyogre|Water Spout|p1b: Ogerpon|[spread] p1a,p1b\n|-supereffective|p1b: Ogerpon\n|-damage|p1a: Tornadus|0 fnt\n|-damage|p1b: Ogerpon|0 fnt\n|faint|p1a: Tornadus\n|faint|p1b: Ogerpon\n|detailschange|p1: Ogerpon|Ogerpon-Hearthflame, L50, F|[silent]\n|\n|win|dthk1216\n|raw|endershovel's rating: 1340 &rarr; <strong>1332</strong><br />(-8 for losing)\n|raw|dthk1216's rating: 1577 &rarr; <strong>1585</strong><br />(+8 for winning)\n|l|\u2606endershovel\n|player|p1|\n|l|\u2606dthk1216\n|player|p2|\n|l| dasabe\u76d6\u6b27\u5361\u4fa0\n","uploadtime":1769528832,"views":27,"formatid":"gen9vgc2026regi","rating":1332,"private":0,"password":null}