{"id":"gen9vgc2026regi-2522778637","format":"[Gen 9] VGC 2026 Reg I","players":["alamossauro","zonavideovigilada"],"log":"|j|\u2606alamossauro\n|j|\u2606zonavideovigilada\n|t:|1768943297\n|gametype|doubles\n|player|p1|alamossauro|pokemaniac|1268\n|player|p2|zonavideovigilada|2|1275\n|gen|9\n|tier|[Gen 9] VGC 2026 Reg I\n|rated|\n|rule|Species Clause: Limit one of each Pok\u00e9mon\n|rule|Item Clause: Limit 1 of each item\n|clearpoke\n|poke|p1|Smeargle, L50, F|\n|poke|p1|Calyrex-Ice, L50|\n|poke|p1|Grimmsnarl, L50, M|\n|poke|p1|Kyogre, L50|\n|poke|p1|Dondozo, L50, F|\n|poke|p1|Tatsugiri, L50, M|\n|poke|p2|Chien-Pao, L50|\n|poke|p2|Calyrex-Shadow, L50|\n|poke|p2|Zamazenta-*, L50|\n|poke|p2|Amoonguss, L50, F|\n|poke|p2|Chi-Yu, L50|\n|poke|p2|Ogerpon-Cornerstone, L50, F|\n|teampreview|4\n|\n|t:|1768943343\n|teamsize|p1|4\n|teamsize|p2|4\n|start\n|switch|p1a: Calyrex|Calyrex-Ice, L50|100/100\n|switch|p1b: Smeargle|Smeargle, L50, F|100/100\n|switch|p2a: Amoonguss|Amoonguss, L50, F|100/100\n|switch|p2b: Zamazenta|Zamazenta-Crowned, L50|100/100\n|-ability|p1a: Calyrex|As One\n|-ability|p1a: Calyrex|Unnerve\n|-ability|p2b: Zamazenta|Dauntless Shield|boost\n|-boost|p2b: Zamazenta|def|1\n|turn|1\n|j| Pitecus\n|inactive|Battle timer is ON: inactive players will automatically lose when time's up. (requested by zonavideovigilada)\n|\n|t:|1768943364\n|move|p1a: Calyrex|Protect|p1a: Calyrex\n|-singleturn|p1a: Calyrex|Protect\n|move|p2b: Zamazenta|Body Press|p1b: Smeargle\n|-supereffective|p1b: Smeargle\n|-crit|p1b: Smeargle\n|-enditem|p1b: Smeargle|Focus Sash\n|-damage|p1b: Smeargle|1/100\n|move|p1b: Smeargle|Spore|p2b: Zamazenta\n|-status|p2b: Zamazenta|slp|[from] move: Spore\n|move|p2a: Amoonguss|Spore|p1a: Calyrex\n|-activate|p1a: Calyrex|move: Protect\n|\n|upkeep\n|turn|2\n|\n|t:|1768943387\n|move|p2a: Amoonguss|Protect|p2a: Amoonguss\n|-singleturn|p2a: Amoonguss|Protect\n|move|p1b: Smeargle|Follow Me|p1b: Smeargle\n|-singleturn|p1b: Smeargle|move: Follow Me\n|cant|p2b: Zamazenta|slp\n|move|p1a: Calyrex|Trick Room|p1a: Calyrex\n|-fieldstart|move: Trick Room|[of] p1a: Calyrex\n|\n|upkeep\n|turn|3\n|\n|t:|1768943401\n|-terastallize|p2a: Amoonguss|Water\n|move|p1b: Smeargle|Follow Me|p1b: Smeargle\n|-singleturn|p1b: Smeargle|move: Follow Me\n|move|p2a: Amoonguss|Spore|p1b: Smeargle\n|-status|p1b: Smeargle|slp|[from] move: Spore\n|move|p1a: Calyrex|Glacial Lance|p2a: Amoonguss|[spread] p2a,p2b\n|-resisted|p2a: Amoonguss\n|-resisted|p2b: Zamazenta\n|-damage|p2a: Amoonguss|78/100\n|-damage|p2b: Zamazenta|89/100 slp\n|cant|p2b: Zamazenta|slp\n|\n|upkeep\n|turn|4\n|\n|t:|1768943419\n|move|p1a: Calyrex|Protect|p1a: Calyrex\n|-singleturn|p1a: Calyrex|Protect\n|cant|p1b: Smeargle|slp\n|move|p2a: Amoonguss|Spore|p1a: Calyrex\n|-activate|p1a: Calyrex|move: Protect\n|-curestatus|p2b: Zamazenta|slp|[msg]\n|move|p2b: Zamazenta|Body Press|p1b: Smeargle\n|-supereffective|p1b: Smeargle\n|-damage|p1b: Smeargle|0 fnt\n|faint|p1b: Smeargle\n|\n|upkeep\n|\n|t:|1768943435\n|switch|p1b: Tatsugiri|Tatsugiri, L50, M|100/100\n|turn|5\n|\n|t:|1768943444\n|switch|p1a: Kyogre|Kyogre, L50|100/100\n|-weather|RainDance|[from] ability: Drizzle|[of] p1a: Kyogre\n|move|p2a: Amoonguss|Spore|p1a: Kyogre\n|-status|p1a: Kyogre|slp|[from] move: Spore\n|move|p2b: Zamazenta|Body Press|p1a: Kyogre\n|-damage|p1a: Kyogre|30/100 slp\n|move|p1b: Tatsugiri|Hydro Pump|p2b: Zamazenta|[miss]\n|-miss|p1b: Tatsugiri|p2b: Zamazenta\n|\n|-weather|RainDance|[upkeep]\n|upkeep\n|turn|6\n|\n|t:|1768943462\n|move|p2a: Amoonguss|Spore|p1b: Tatsugiri\n|-status|p1b: Tatsugiri|slp|[from] move: Spore\n|cant|p1a: Kyogre|slp\n|move|p2b: Zamazenta|Body Press|p1a: Kyogre\n|-damage|p1a: Kyogre|0 fnt\n|faint|p1a: Kyogre\n|cant|p1b: Tatsugiri|slp\n|\n|-weather|RainDance|[upkeep]\n|-fieldend|move: Trick Room\n|upkeep\n|-message|alamossauro forfeited.\n|\n|win|zonavideovigilada\n|raw|alamossauro's rating: 1268 &rarr; <strong>1244</strong><br />(-24 for losing)\n|raw|zonavideovigilada's rating: 1275 &rarr; <strong>1299</strong><br />(+24 for winning)\n|l|\u2606alamossauro\n|player|p1|\n|l|\u2606zonavideovigilada\n|player|p2|\n|l| Pitecus\n","uploadtime":1768943628,"views":12,"formatid":"gen9vgc2026regi","rating":1244,"private":0,"password":null}