{"id":"gen9vgc2026regi-2587858724","format":"[Gen 9] VGC 2026 Reg I","players":["sauan2","VJ2511"],"log":"|j|\u2606sauan2\n|j|\u2606VJ2511\n|t:|1776571433\n|gametype|doubles\n|player|p1|sauan2|1|1554\n|player|p2|VJ2511|265|1586\n|gen|9\n|tier|[Gen 9] VGC 2026 Reg I\n|rated|\n|rule|Species Clause: Limit one of each Pok\u00e9mon\n|rule|Item Clause: Limit 1 of each item\n|clearpoke\n|poke|p1|Brute Bonnet, L50|\n|poke|p1|Lunala, L50|\n|poke|p1|Ursaluna, L50, M|\n|poke|p1|Chi-Yu, L50|\n|poke|p1|Koraidon, L50|\n|poke|p1|Flutter Mane, L50|\n|poke|p2|Calyrex-Shadow, L50|\n|poke|p2|Zamazenta-*, L50|\n|poke|p2|Chien-Pao, L50|\n|poke|p2|Dragonite, L50, M|\n|poke|p2|Raging Bolt, L50|\n|poke|p2|Amoonguss, L50, F|\n|teampreview|4\n|inactive|Battle timer is ON: inactive players will automatically lose when time's up. (requested by sauan2)\n|\n|t:|1776571451\n|teamsize|p1|4\n|teamsize|p2|4\n|start\n|switch|p1a: Chi-Yu|Chi-Yu, L50|100/100\n|switch|p1b: Koraidon|Koraidon, L50, shiny|100/100\n|switch|p2a: Zamazenta|Zamazenta-Crowned, L50|100/100\n|switch|p2b: Raging Bolt|Raging Bolt, L50|100/100\n|-ability|p1a: Chi-Yu|Beads of Ruin\n|-weather|SunnyDay|[from] ability: Orichalcum Pulse|[of] p1b: Koraidon\n|-activate|p2b: Raging Bolt|ability: Protosynthesis\n|-start|p2b: Raging Bolt|protosynthesisspa\n|-activate|p1b: Koraidon|Orichalcum Pulse|[source]\n|-ability|p2a: Zamazenta|Dauntless Shield|boost\n|-boost|p2a: Zamazenta|def|1\n|turn|1\n|inactive|sauan2 has 30 seconds left.\n|\n|t:|1776571483\n|switch|p1a: Lunala|Lunala, L50, shiny|100/100\n|move|p2a: Zamazenta|Protect|p2a: Zamazenta\n|-singleturn|p2a: Zamazenta|Protect\n|move|p2b: Raging Bolt|Protect|p2b: Raging Bolt\n|-singleturn|p2b: Raging Bolt|Protect\n|move|p1b: Koraidon|Close Combat|p2b: Raging Bolt\n|-activate|p2b: Raging Bolt|move: Protect\n|\n|-weather|SunnyDay|[upkeep]\n|upkeep\n|turn|2\n|\n|t:|1776571496\n|-terastallize|p2a: Zamazenta|Dragon\n|move|p1b: Koraidon|Protect|p1b: Koraidon\n|-singleturn|p1b: Koraidon|Protect\n|move|p2a: Zamazenta|Heavy Slam|p1a: Lunala\n|-damage|p1a: Lunala|81/100\n|move|p1a: Lunala|Meteor Beam||[still]\n|-prepare|p1a: Lunala|Meteor Beam\n|-boost|p1a: Lunala|spa|1\n|-enditem|p1a: Lunala|Power Herb\n|-anim|p1a: Lunala|Meteor Beam|p2b: Raging Bolt\n|-damage|p2b: Raging Bolt|45/100\n|move|p2b: Raging Bolt|Dragon Pulse|p1b: Koraidon\n|-activate|p1b: Koraidon|move: Protect\n|\n|-weather|SunnyDay|[upkeep]\n|upkeep\n|turn|3\n|\n|t:|1776571517\n|move|p2b: Raging Bolt|Protect|p2b: Raging Bolt\n|-singleturn|p2b: Raging Bolt|Protect\n|move|p1b: Koraidon|Close Combat|p2a: Zamazenta\n|-damage|p2a: Zamazenta|62/100\n|-unboost|p1b: Koraidon|def|1\n|-unboost|p1b: Koraidon|spd|1\n|-damage|p1b: Koraidon|91/100|[from] item: Life Orb\n|move|p2a: Zamazenta|Body Press|p1b: Koraidon\n|-damage|p1b: Koraidon|0 fnt\n|faint|p1b: Koraidon\n|move|p1a: Lunala|Moongeist Beam|p2a: Zamazenta\n|-damage|p2a: Zamazenta|9/100\n|\n|-weather|SunnyDay|[upkeep]\n|upkeep\n|\n|t:|1776571537\n|switch|p1b: Chi-Yu|Chi-Yu, L50|100/100\n|-ability|p1b: Chi-Yu|Beads of Ruin\n|turn|4\n|\n|t:|1776571547\n|move|p2b: Raging Bolt|Thunderclap|p1b: Chi-Yu\n|-damage|p1b: Chi-Yu|41/100\n|move|p1b: Chi-Yu|Heat Wave|p2a: Zamazenta|[spread] p2a,p2b\n|-resisted|p2a: Zamazenta\n|-resisted|p2b: Raging Bolt\n|-crit|p2b: Raging Bolt\n|-damage|p2a: Zamazenta|0 fnt\n|-damage|p2b: Raging Bolt|0 fnt\n|faint|p2a: Zamazenta\n|faint|p2b: Raging Bolt\n|-end|p2b: Raging Bolt|Protosynthesis|[silent]\n|move|p1a: Lunala|Moongeist Beam|p2: Zamazenta|[notarget]\n|-fail|p1a: Lunala\n|\n|-weather|SunnyDay|[upkeep]\n|upkeep\n|\n|t:|1776571552\n|switch|p2a: Calyrex|Calyrex-Shadow, L50|100/100\n|switch|p2b: Dragonite|Dragonite, L50, M, shiny|100/100\n|-ability|p2a: Calyrex|As One\n|-ability|p2a: Calyrex|Unnerve\n|turn|5\n|\n|t:|1776571570\n|-terastallize|p1b: Chi-Yu|Ghost\n|move|p1b: Chi-Yu|Heat Wave|p2b: Dragonite|[spread] p2b\n|-miss|p1b: Chi-Yu|p2a: Calyrex\n|-resisted|p2b: Dragonite\n|-damage|p2b: Dragonite|65/100\n|move|p2a: Calyrex|Astral Barrage|p1a: Lunala|[spread] p1a,p1b\n|-supereffective|p1a: Lunala\n|-supereffective|p1b: Chi-Yu\n|-damage|p1a: Lunala|0 fnt\n|-damage|p1b: Chi-Yu|0 fnt\n|faint|p1a: Lunala\n|faint|p1b: Chi-Yu\n|-ability|p2a: Calyrex|Grim Neigh|boost\n|-boost|p2a: Calyrex|spa|2\n|move|p2b: Dragonite|Outrage|p1: Lunala|[notarget]\n|-fail|p2b: Dragonite\n|\n|-weather|none\n|upkeep\n|\n|t:|1776571576\n|switch|p1a: Ursaluna|Ursaluna, L50, M, shiny|100/100\n|turn|6\n|c|\u2606VJ2511|gg\n|\n|t:|1776571586\n|move|p1a: Ursaluna|Protect|p1a: Ursaluna\n|-singleturn|p1a: Ursaluna|Protect\n|move|p2a: Calyrex|Psychic|p1a: Ursaluna\n|-activate|p1a: Ursaluna|move: Protect\n|move|p2b: Dragonite|Outrage|p1a: Ursaluna\n|-activate|p1a: Ursaluna|move: Protect\n|\n|-status|p1a: Ursaluna|brn|[from] item: Flame Orb\n|upkeep\n|turn|7\n|\n|t:|1776571605\n|move|p2a: Calyrex|Psychic|p1a: Ursaluna\n|-damage|p1a: Ursaluna|0 fnt\n|faint|p1a: Ursaluna\n|\n|win|VJ2511\n|raw|sauan2's rating: 1554 &rarr; <strong>1536</strong><br />(-18 for losing)\n|raw|VJ2511's rating: 1586 &rarr; <strong>1604</strong><br />(+18 for winning)\n|l|\u2606sauan2\n|player|p1|\n|l|\u2606VJ2511\n|player|p2|\n","uploadtime":1776571754,"views":12,"formatid":"gen9vgc2026regi","rating":1536,"private":0,"password":null}