{"id":"gen9vgc2026regi-2542096341","format":"[Gen 9] VGC 2026 Reg I","players":["yamato-tak","mohammed mo7trf"],"log":"|j|\u2606yamato-tak\n|j|\u2606mohammed mo7trf\n|t:|1771413686\n|gametype|doubles\n|player|p1|yamato-tak|265|1467\n|player|p2|mohammed mo7trf|nate|1458\n|gen|9\n|tier|[Gen 9] VGC 2026 Reg I\n|rated|\n|rule|Species Clause: Limit one of each Pok\u00e9mon\n|rule|Item Clause: Limit 1 of each item\n|clearpoke\n|poke|p1|Miraidon, L50|\n|poke|p1|Calyrex-Ice, L50|\n|poke|p1|Volcarona, L50, F|\n|poke|p1|Araquanid, L50, F|\n|poke|p1|Grimmsnarl, L50, M|\n|poke|p1|Rillaboom, L50, F|\n|poke|p2|Calyrex-Ice, L50|\n|poke|p2|Lunala, L50|\n|poke|p2|Smeargle, L50, M|\n|poke|p2|Iron Hands, L50|\n|poke|p2|Torkoal, L50, M|\n|poke|p2|Ursaluna, L50, M|\n|teampreview|4\n|inactive|Battle timer is ON: inactive players will automatically lose when time's up. (requested by yamato-tak)\n|\n|t:|1771413703\n|teamsize|p1|4\n|teamsize|p2|4\n|start\n|switch|p1a: Calyrex|Calyrex-Ice, L50|100/100\n|switch|p1b: Grimmsnarl|Grimmsnarl, L50, M, shiny|100/100\n|switch|p2a: Lunala|Lunala, L50, shiny|100/100\n|switch|p2b: \u0631\u0633\u0627\u0645|Smeargle, L50, M|100/100\n|-ability|p1a: Calyrex|As One\n|-ability|p1a: Calyrex|Unnerve\n|turn|1\n|inactive|mohammed mo7trf has 30 seconds left.\n|\n|t:|1771413733\n|-terastallize|p2a: Lunala|Fairy\n|move|p1b: Grimmsnarl|Fake Out|p2b: \u0631\u0633\u0627\u0645\n|-damage|p2b: \u0631\u0633\u0627\u0645|83/100\n|cant|p2b: \u0631\u0633\u0627\u0645|flinch\n|move|p2a: Lunala|Moonblast|p1b: Grimmsnarl\n|-supereffective|p1b: Grimmsnarl\n|-damage|p1b: Grimmsnarl|7/100\n|-unboost|p1b: Grimmsnarl|spa|1\n|move|p1a: Calyrex|Glacial Lance|p2a: Lunala|[spread] p2a,p2b\n|-damage|p2a: Lunala|82/100\n|-damage|p2b: \u0631\u0633\u0627\u0645|0 fnt\n|faint|p2b: \u0631\u0633\u0627\u0645\n|-ability|p1a: Calyrex|Chilling Neigh|boost\n|-boost|p1a: Calyrex|atk|1\n|\n|-heal|p2a: Lunala|88/100|[from] item: Leftovers\n|upkeep\n|\n|t:|1771413745\n|switch|p2b: deathegg|Iron Hands, L50|100/100\n|turn|2\n|inactive|yamato-tak has 30 seconds left.\n|\n|t:|1771413772\n|-terastallize|p1b: Grimmsnarl|Ghost\n|move|p2b: deathegg|Fake Out|p1b: Grimmsnarl\n|-immune|p1b: Grimmsnarl\n|move|p1b: Grimmsnarl|Light Screen|p1b: Grimmsnarl\n|-sidestart|p1: yamato-tak|move: Light Screen\n|move|p2a: Lunala|Moongeist Beam|p1a: Calyrex\n|-supereffective|p1a: Calyrex\n|-damage|p1a: Calyrex|58/100\n|move|p1a: Calyrex|Leech Seed|p2a: Lunala\n|-start|p2a: Lunala|move: Leech Seed\n|\n|-heal|p2a: Lunala|94/100|[from] item: Leftovers\n|-damage|p2a: Lunala|82/100|[from] Leech Seed|[of] p1a: Calyrex\n|-heal|p1a: Calyrex|72/100|[silent]\n|upkeep\n|turn|3\n|\n|t:|1771413793\n|move|p1b: Grimmsnarl|Reflect|p1b: Grimmsnarl\n|-sidestart|p1: yamato-tak|Reflect\n|move|p2a: Lunala|Moonblast|p1b: Grimmsnarl\n|-damage|p1b: Grimmsnarl|0 fnt\n|faint|p1b: Grimmsnarl\n|move|p1a: Calyrex|Leech Seed|p2b: deathegg\n|-start|p2b: deathegg|move: Leech Seed\n|move|p2b: deathegg|Low Kick|p1a: Calyrex\n|-damage|p1a: Calyrex|45/100\n|\n|-heal|p2a: Lunala|88/100|[from] item: Leftovers\n|-damage|p2a: Lunala|76/100|[from] Leech Seed|[of] p1a: Calyrex\n|-heal|p1a: Calyrex|60/100|[silent]\n|-damage|p2b: deathegg|88/100|[from] Leech Seed|[of] p1a: Calyrex\n|-heal|p1a: Calyrex|74/100|[silent]\n|upkeep\n|\n|t:|1771413808\n|switch|p1b: Rillaboom|Rillaboom, L50, F, shiny|100/100\n|-fieldstart|move: Grassy Terrain|[from] ability: Grassy Surge|[of] p1b: Rillaboom\n|turn|4\n|\n|t:|1771413818\n|switch|p2a: Calyrex|Calyrex-Ice, L50|100/100\n|-ability|p2a: Calyrex|As One\n|-ability|p2a: Calyrex|Unnerve\n|move|p1b: Rillaboom|Fake Out|p2a: Calyrex\n|-damage|p2a: Calyrex|92/100\n|move|p1a: Calyrex|Glacial Lance|p2a: Calyrex|[spread] p2a,p2b\n|-resisted|p2a: Calyrex\n|-damage|p2a: Calyrex|68/100\n|-damage|p2b: deathegg|40/100\n|move|p2b: deathegg|Low Kick|p1a: Calyrex\n|-damage|p1a: Calyrex|48/100\n|\n|-heal|p1a: Calyrex|54/100|[from] Grassy Terrain\n|-heal|p2a: Calyrex|74/100|[from] Grassy Terrain\n|-heal|p2b: deathegg|46/100|[from] Grassy Terrain\n|-damage|p2b: deathegg|34/100|[from] Leech Seed|[of] p1a: Calyrex\n|-heal|p1a: Calyrex|69/100|[silent]\n|upkeep\n|turn|5\n|\n|t:|1771413840\n|move|p2a: Calyrex|Protect|p2a: Calyrex\n|-singleturn|p2a: Calyrex|Protect\n|move|p1b: Rillaboom|Wood Hammer|p2a: Calyrex\n|-activate|p2a: Calyrex|move: Protect\n|move|p1a: Calyrex|Glacial Lance|p2b: deathegg|[spread] p2b\n|-activate|p2a: Calyrex|move: Protect\n|-damage|p2b: deathegg|0 fnt\n|faint|p2b: deathegg\n|-end|p2b: deathegg|Quark Drive|[silent]\n|-ability|p1a: Calyrex|Chilling Neigh|boost\n|-boost|p1a: Calyrex|atk|1\n|\n|-heal|p1a: Calyrex|74/100|[from] Grassy Terrain\n|-heal|p2a: Calyrex|81/100|[from] Grassy Terrain\n|upkeep\n|\n|t:|1771413846\n|switch|p2b: Lunala|Lunala, L50, shiny, tera:Fairy|76/100\n|turn|6\n|\n|t:|1771413854\n|move|p1b: Rillaboom|Wood Hammer|p2a: Calyrex\n|-damage|p2a: Calyrex|39/100\n|-damage|p1b: Rillaboom|87/100|[from] Recoil\n|move|p2b: Lunala|Moongeist Beam|p1a: Calyrex\n|-supereffective|p1a: Calyrex\n|-crit|p1a: Calyrex\n|-damage|p1a: Calyrex|0 fnt\n|faint|p1a: Calyrex\n|move|p2a: Calyrex|Glacial Lance|p1b: Rillaboom\n|-supereffective|p1b: Rillaboom\n|-damage|p1b: Rillaboom|6/100\n|\n|-heal|p1b: Rillaboom|12/100|[from] Grassy Terrain\n|-heal|p2b: Lunala|82/100|[from] Grassy Terrain\n|-heal|p2b: Lunala|88/100|[from] item: Leftovers\n|-heal|p2a: Calyrex|45/100|[from] Grassy Terrain\n|upkeep\n|\n|t:|1771413866\n|switch|p1a: Miraidon|Miraidon, L50, shiny|100/100\n|-fieldstart|move: Electric Terrain|[from] ability: Hadron Engine|[of] p1a: Miraidon\n|turn|7\n|\n|t:|1771413878\n|move|p2a: Calyrex|Protect|p2a: Calyrex\n|-singleturn|p2a: Calyrex|Protect\n|move|p1a: Miraidon|Electro Drift|p2a: Calyrex\n|-activate|p2a: Calyrex|move: Protect\n|move|p1b: Rillaboom|U-turn|p2a: Calyrex\n|-activate|p2a: Calyrex|move: Protect\n|move|p2b: Lunala|Trick Room|p2b: Lunala\n|-fieldstart|move: Trick Room|[of] p2b: Lunala\n|\n|-heal|p2b: Lunala|94/100|[from] item: Leftovers\n|upkeep\n|turn|8\n|\n|t:|1771413887\n|move|p2a: Calyrex|Glacial Lance|p1a: Miraidon|[spread] p1a,p1b\n|-supereffective|p1a: Miraidon\n|-supereffective|p1b: Rillaboom\n|-damage|p1a: Miraidon|36/100\n|-damage|p1b: Rillaboom|0 fnt\n|faint|p1b: Rillaboom\n|-ability|p2a: Calyrex|Chilling Neigh|boost\n|-boost|p2a: Calyrex|atk|1\n|move|p2b: Lunala|Moonblast|p1a: Miraidon\n|-supereffective|p1a: Miraidon\n|-damage|p1a: Miraidon|0 fnt\n|faint|p1a: Miraidon\n|\n|win|mohammed mo7trf\n|raw|yamato-tak's rating: 1467 &rarr; <strong>1446</strong><br />(-21 for losing)\n|raw|mohammed mo7trf's rating: 1458 &rarr; <strong>1479</strong><br />(+21 for winning)\n|l|\u2606yamato-tak\n|player|p1|\n","uploadtime":1771414147,"views":17,"formatid":"gen9vgc2026regi","rating":1446,"private":0,"password":null}