{"id":"gen9vgc2026regi-2580094279","format":"[Gen 9] VGC 2026 Reg I","players":["Nights Fire","Harry Koekenpan"],"log":"|j|\u2606Nights Fire\n|j|\u2606Harry Koekenpan\n|t:|1775853597\n|gametype|doubles\n|player|p1|Nights Fire|ghetsis|1285\n|player|p2|Harry Koekenpan|2|1359\n|gen|9\n|tier|[Gen 9] VGC 2026 Reg I\n|rated|\n|rule|Species Clause: Limit one of each Pok\u00e9mon\n|rule|Item Clause: Limit 1 of each item\n|clearpoke\n|poke|p1|Lunala, L50|\n|poke|p1|Groudon, L50|\n|poke|p1|Whimsicott, L50, F|\n|poke|p1|Raging Bolt, L50|\n|poke|p1|Entei, L50|\n|poke|p1|Kingambit, L50, M|\n|poke|p2|Weezing-Galar, L50, M|\n|poke|p2|Calyrex-Shadow, L50|\n|poke|p2|Regigigas, L50|\n|poke|p2|Koraidon, L50|\n|poke|p2|Chi-Yu, L50|\n|poke|p2|Jumpluff, L50, M|\n|teampreview|4\n|inactive|Battle timer is ON: inactive players will automatically lose when time's up. (requested by Nights Fire)\n|inactive|Nights Fire has 60 seconds left.\n|\n|t:|1775853628\n|teamsize|p1|4\n|teamsize|p2|4\n|start\n|switch|p1a: Kingambit|Kingambit, L50, M, shiny|100/100\n|switch|p1b: Whimsicott|Whimsicott, L50, F, shiny|100/100\n|switch|p2a: Weezing|Weezing-Galar, L50, M|100/100\n|switch|p2b: Regigigas|Regigigas, L50|100/100\n|-ability|p2a: Weezing|Neutralizing Gas\n|turn|1\n|\n|t:|1775853650\n|-terastallize|p2a: Weezing|Dark\n|move|p2b: Regigigas|High Horsepower|p1a: Kingambit\n|-supereffective|p1a: Kingambit\n|-damage|p1a: Kingambit|39/100\n|move|p1b: Whimsicott|Tailwind|p1b: Whimsicott\n|-sidestart|p1: Nights Fire|move: Tailwind\n|move|p1a: Kingambit|Iron Head|p2a: Weezing\n|-damage|p2a: Weezing|56/100\n|cant|p2a: Weezing|flinch\n|\n|upkeep\n|turn|2\n|inactive|Nights Fire has 30 seconds left.\n|\n|t:|1775853678\n|move|p2a: Weezing|Protect|p2a: Weezing\n|-singleturn|p2a: Weezing|Protect\n|move|p1b: Whimsicott|Moonblast|p2a: Weezing\n|-activate|p2a: Weezing|move: Protect\n|move|p2b: Regigigas|High Horsepower|p1a: Kingambit\n|-supereffective|p1a: Kingambit\n|-damage|p1a: Kingambit|0 fnt\n|faint|p1a: Kingambit\n|\n|upkeep\n|\n|t:|1775853690\n|switch|p1a: Entei|Entei, L50|100/100\n|turn|3\n|\n|t:|1775853696\n|-terastallize|p1a: Entei|Fire\n|move|p1a: Entei|Eruption|p2b: Regigigas|[spread] p2a,p2b\n|-damage|p2a: Weezing|0 fnt\n|-damage|p2b: Regigigas|40/100\n|faint|p2a: Weezing\n|-end|p2a: Weezing|ability: Neutralizing Gas\n|-start|p2b: Regigigas|ability: Slow Start\n|move|p1b: Whimsicott|Moonblast|p2b: Regigigas\n|-damage|p2b: Regigigas|5/100\n|move|p2b: Regigigas|High Horsepower|p1a: Entei\n|-supereffective|p1a: Entei\n|-damage|p1a: Entei|51/100\n|\n|upkeep\n|inactive|Harry Koekenpan has 30 seconds left.\n|\n|t:|1775853722\n|switch|p2a: Chi-Yu|Chi-Yu, L50|100/100\n|-ability|p2a: Chi-Yu|Beads of Ruin\n|turn|4\n|\n|t:|1775853739\n|move|p2a: Chi-Yu|Protect|p2a: Chi-Yu\n|-singleturn|p2a: Chi-Yu|Protect\n|move|p1a: Entei|Eruption|p2b: Regigigas|[spread] p2b\n|-activate|p2a: Chi-Yu|move: Protect\n|-damage|p2b: Regigigas|0 fnt\n|faint|p2b: Regigigas\n|-end|p2b: Regigigas|Slow Start|[silent]\n|move|p1b: Whimsicott|Moonblast|p2a: Chi-Yu\n|-activate|p2a: Chi-Yu|move: Protect\n|\n|-sideend|p1: Nights Fire|move: Tailwind\n|upkeep\n|\n|t:|1775853753\n|switch|p2b: Koraidon|Koraidon, L50|100/100\n|-weather|SunnyDay|[from] ability: Orichalcum Pulse|[of] p2b: Koraidon\n|-activate|p2b: Koraidon|Orichalcum Pulse|[source]\n|turn|5\n|\n|t:|1775853768\n|move|p1a: Entei|Eruption|p2b: Koraidon|[spread] p2a,p2b\n|-resisted|p2a: Chi-Yu\n|-resisted|p2b: Koraidon\n|-damage|p2a: Chi-Yu|72/100\n|-damage|p2b: Koraidon|65/100\n|move|p2b: Koraidon|Flame Charge|p1b: Whimsicott\n|-supereffective|p1b: Whimsicott\n|-enditem|p1b: Whimsicott|Focus Sash\n|-damage|p1b: Whimsicott|1/100\n|-boost|p2b: Koraidon|spe|1\n|move|p1b: Whimsicott|Moonblast|p2b: Koraidon\n|-supereffective|p2b: Koraidon\n|-damage|p2b: Koraidon|0 fnt\n|faint|p2b: Koraidon\n|move|p2a: Chi-Yu|Snarl|p1a: Entei|[spread] p1a,p1b\n|-resisted|p1b: Whimsicott\n|-damage|p1a: Entei|16/100\n|-damage|p1b: Whimsicott|0 fnt\n|-unboost|p1a: Entei|spa|1\n|faint|p1b: Whimsicott\n|\n|-weather|SunnyDay|[upkeep]\n|upkeep\n|\n|t:|1775853780\n|switch|p1b: Groudon|Groudon, L50|100/100\n|turn|6\n|\n|t:|1775853800\n|move|p1a: Entei|Eruption|p2a: Chi-Yu\n|-resisted|p2a: Chi-Yu\n|-damage|p2a: Chi-Yu|63/100\n|move|p2a: Chi-Yu|Overheat|p1b: Groudon\n|-damage|p1b: Groudon|0 fnt\n|-unboost|p2a: Chi-Yu|spa|2\n|faint|p1b: Groudon\n|\n|-weather|SunnyDay|[upkeep]\n|upkeep\n|turn|7\n|\n|t:|1775853812\n|move|p1a: Entei|Eruption|p2a: Chi-Yu\n|-resisted|p2a: Chi-Yu\n|-damage|p2a: Chi-Yu|55/100\n|move|p2a: Chi-Yu|Heat Wave|p1a: Entei\n|-resisted|p1a: Entei\n|-damage|p1a: Entei|0 fnt\n|faint|p1a: Entei\n|\n|win|Harry Koekenpan\n|raw|Nights Fire's rating: 1285 &rarr; <strong>1265</strong><br />(-20 for losing)\n|raw|Harry Koekenpan's rating: 1359 &rarr; <strong>1375</strong><br />(+16 for winning)\n|l|\u2606Nights Fire\n|player|p1|\n","uploadtime":1775853818,"views":12,"formatid":"gen9vgc2026regi","rating":1265,"private":0,"password":null}