{"id":"gen9vgc2026regi-2548443236","format":"[Gen 9] VGC 2026 Reg I","players":["diggory delvet","LechonkBro"],"log":"|j|\u2606diggory delvet\n|j|\u2606LechonkBro\n|t:|1772215407\n|gametype|doubles\n|player|p1|diggory delvet|170|1359\n|player|p2|LechonkBro|101|1495\n|gen|9\n|tier|[Gen 9] VGC 2026 Reg I\n|rated|\n|rule|Species Clause: Limit one of each Pok\u00e9mon\n|rule|Item Clause: Limit 1 of each item\n|clearpoke\n|poke|p1|Lunala, L50|\n|poke|p1|Sableye, L50, F|\n|poke|p1|Zamazenta-*, L50|\n|poke|p1|Iron Valiant, L50|\n|poke|p1|Rillaboom, L50, M|\n|poke|p1|Gengar, L50, F|\n|poke|p2|Chien-Pao, L50|\n|poke|p2|Calyrex-Shadow, L50|\n|poke|p2|Dondozo, L50, F|\n|poke|p2|Zamazenta-*, L50|\n|poke|p2|Dragonite, L50, M|\n|poke|p2|Tatsugiri, L50, F|\n|teampreview|4\n|inactive|Battle timer is ON: inactive players will automatically lose when time's up. (requested by LechonkBro)\n|inactive|LechonkBro has 60 seconds left.\n|\n|t:|1772215438\n|teamsize|p1|4\n|teamsize|p2|4\n|start\n|switch|p1a: Sableye|Sableye, L50, F|100/100\n|switch|p1b: Iron Valiant|Iron Valiant, L50|100/100\n|switch|p2a: Chien-Pao|Chien-Pao, L50|100/100\n|switch|p2b: Zamazenta|Zamazenta-Crowned, L50|100/100\n|-ability|p2a: Chien-Pao|Sword of Ruin\n|-ability|p2b: Zamazenta|Dauntless Shield|boost\n|-boost|p2b: Zamazenta|def|1\n|-enditem|p1b: Iron Valiant|Booster Energy\n|-activate|p1b: Iron Valiant|ability: Quark Drive|[fromitem]\n|-start|p1b: Iron Valiant|quarkdrivespe\n|turn|1\n|\n|t:|1772215458\n|move|p2b: Zamazenta|Protect|p2b: Zamazenta\n|-singleturn|p2b: Zamazenta|Protect\n|move|p1a: Sableye|Gravity|p1a: Sableye\n|-fieldstart|move: Gravity\n|move|p1b: Iron Valiant|Hypnosis|p2a: Chien-Pao\n|-status|p2a: Chien-Pao|slp|[from] move: Hypnosis\n|cant|p2a: Chien-Pao|slp\n|\n|upkeep\n|turn|2\n|\n|t:|1772215474\n|move|p1a: Sableye|Encore|p2b: Zamazenta\n|-start|p2b: Zamazenta|Encore\n|move|p1b: Iron Valiant|Close Combat|p2a: Chien-Pao\n|-supereffective|p2a: Chien-Pao\n|-enditem|p2a: Chien-Pao|Focus Sash\n|-damage|p2a: Chien-Pao|1/100 slp\n|-unboost|p1b: Iron Valiant|def|1\n|-unboost|p1b: Iron Valiant|spd|1\n|cant|p2a: Chien-Pao|slp\n|move|p2b: Zamazenta|Protect||[still]\n|-fail|p2b: Zamazenta\n|\n|upkeep\n|turn|3\n|\n|t:|1772215496\n|switch|p2b: Calyrex|Calyrex-Shadow, L50|100/100\n|-ability|p2b: Calyrex|As One\n|-ability|p2b: Calyrex|Unnerve\n|switch|p1a: Zamazenta|Zamazenta-Crowned, L50|100/100\n|-ability|p1a: Zamazenta|Dauntless Shield|boost\n|-boost|p1a: Zamazenta|def|1\n|-curestatus|p2a: Chien-Pao|slp|[msg]\n|move|p2a: Chien-Pao|Protect|p2a: Chien-Pao\n|-singleturn|p2a: Chien-Pao|Protect\n|move|p1b: Iron Valiant|Close Combat|p2b: Calyrex\n|-immune|p2b: Calyrex\n|\n|upkeep\n|turn|4\n|\n|t:|1772215515\n|move|p2b: Calyrex|Psychic|p1b: Iron Valiant\n|-supereffective|p1b: Iron Valiant\n|-damage|p1b: Iron Valiant|0 fnt\n|faint|p1b: Iron Valiant\n|-end|p1b: Iron Valiant|Quark Drive|[silent]\n|-ability|p2b: Calyrex|Grim Neigh|boost\n|-boost|p2b: Calyrex|spa|1\n|move|p2a: Chien-Pao|Ruination|p1a: Zamazenta\n|-damage|p1a: Zamazenta|51/100\n|move|p1a: Zamazenta|Snarl|p2b: Calyrex|[spread] p2a,p2b\n|-resisted|p2a: Chien-Pao\n|-supereffective|p2b: Calyrex\n|-damage|p2a: Chien-Pao|0 fnt\n|-damage|p2b: Calyrex|68/100\n|-unboost|p2b: Calyrex|spa|1\n|faint|p2a: Chien-Pao\n|\n|upkeep\n|\n|t:|1772215536\n|switch|p2a: Zamazenta|Zamazenta-Crowned, L50|100/100\n|switch|p1b: Sableye|Sableye, L50, F|100/100\n|turn|5\n|\n|t:|1772215557\n|switch|p1a: Lunala|Lunala, L50|100/100\n|move|p1b: Sableye|Fake Out|p2a: Zamazenta\n|-resisted|p2a: Zamazenta\n|-crit|p2a: Zamazenta\n|-damage|p2a: Zamazenta|97/100\n|move|p2b: Calyrex|Psychic|p1a: Lunala\n|-resisted|p1a: Lunala\n|-damage|p1a: Lunala|90/100\n|cant|p2a: Zamazenta|flinch\n|\n|-fieldend|move: Gravity\n|upkeep\n|turn|6\n|\n|t:|1772215570\n|switch|p2b: Dragonite|Dragonite, L50, M|100/100\n|move|p1b: Sableye|Gravity|p1b: Sableye\n|-fieldstart|move: Gravity\n|move|p2a: Zamazenta|Behemoth Bash|p1a: Lunala\n|-damage|p1a: Lunala|60/100\n|move|p1a: Lunala|Hypnosis|p2a: Zamazenta\n|-status|p2a: Zamazenta|slp|[from] move: Hypnosis\n|\n|upkeep\n|turn|7\n|inactive|diggory delvet has 30 seconds left.\n|\n|t:|1772215596\n|switch|p1b: Zamazenta|Zamazenta-Crowned, L50|51/100\n|cant|p2a: Zamazenta|slp\n|move|p1a: Lunala|Hypnosis|p2b: Dragonite\n|-status|p2b: Dragonite|slp|[from] move: Hypnosis\n|cant|p2b: Dragonite|slp\n|\n|upkeep\n|turn|8\n|\n|t:|1772215608\n|cant|p2a: Zamazenta|slp\n|move|p1b: Zamazenta|Iron Defense|p1b: Zamazenta\n|-boost|p1b: Zamazenta|def|2\n|move|p1a: Lunala|Moonlight|p1a: Lunala\n|-heal|p1a: Lunala|100/100\n|cant|p2b: Dragonite|slp\n|\n|upkeep\n|turn|9\n|\n|t:|1772215626\n|-curestatus|p2a: Zamazenta|slp|[msg]\n|move|p2a: Zamazenta|Body Press|p1b: Zamazenta\n|-supereffective|p1b: Zamazenta\n|-damage|p1b: Zamazenta|26/100\n|move|p1b: Zamazenta|Body Press|p2a: Zamazenta\n|-supereffective|p2a: Zamazenta\n|-crit|p2a: Zamazenta\n|-damage|p2a: Zamazenta|0 fnt\n|faint|p2a: Zamazenta\n|move|p1a: Lunala|Dazzling Gleam|p2b: Dragonite\n|-supereffective|p2b: Dragonite\n|-damage|p2b: Dragonite|39/100 slp\n|cant|p2b: Dragonite|slp\n|\n|upkeep\n|\n|t:|1772215638\n|switch|p2a: Calyrex|Calyrex-Shadow, L50|68/100\n|-ability|p2a: Calyrex|As One\n|-ability|p2a: Calyrex|Unnerve\n|turn|10\n|\n|t:|1772215652\n|-terastallize|p1a: Lunala|Fairy\n|move|p2a: Calyrex|Shadow Ball|p1b: Zamazenta\n|-damage|p1b: Zamazenta|0 fnt\n|faint|p1b: Zamazenta\n|-ability|p2a: Calyrex|Grim Neigh|boost\n|-boost|p2a: Calyrex|spa|1\n|move|p1a: Lunala|Dazzling Gleam|p2b: Dragonite|[spread] p2a,p2b\n|-supereffective|p2b: Dragonite\n|-damage|p2a: Calyrex|30/100\n|-damage|p2b: Dragonite|0 fnt\n|faint|p2b: Dragonite\n|\n|-fieldend|move: Gravity\n|upkeep\n|\n|t:|1772215662\n|switch|p1b: Sableye|Sableye, L50, F|100/100\n|turn|11\n|-message|LechonkBro forfeited.\n|\n|win|diggory delvet\n|raw|diggory delvet's rating: 1359 &rarr; <strong>1386</strong><br />(+27 for winning)\n|raw|LechonkBro's rating: 1495 &rarr; <strong>1468</strong><br />(-27 for losing)\n|l|\u2606LechonkBro\n|player|p2|\n|l|\u2606diggory delvet\n|player|p1|\n","uploadtime":1772215872,"views":12,"formatid":"gen9vgc2026regi","rating":1386,"private":0,"password":null}