{"id":"gen9vgc2026regi-2570058736","format":"[Gen 9] VGC 2026 Reg I","players":["blackred123","speedyturtle87"],"log":"|j|\u2606blackred123\n|j|\u2606speedyturtle87\n|t:|1774763023\n|gametype|doubles\n|player|p1|blackred123|iono-masters|1500\n|player|p2|speedyturtle87|canari|1380\n|gen|9\n|tier|[Gen 9] VGC 2026 Reg I\n|rated|\n|rule|Species Clause: Limit one of each Pok\u00e9mon\n|rule|Item Clause: Limit 1 of each item\n|clearpoke\n|poke|p1|Kyogre, L50|\n|poke|p1|Zamazenta-*, L50|\n|poke|p1|Chien-Pao, L50|\n|poke|p1|Amoonguss, L50, M|\n|poke|p1|Dragonite, L50, F|\n|poke|p1|Rillaboom, L50, M|\n|poke|p2|Miraidon, L50|\n|poke|p2|Iron Hands, L50|\n|poke|p2|Chi-Yu, L50|\n|poke|p2|Whimsicott, L50, F|\n|poke|p2|Calyrex-Ice, L50|\n|poke|p2|Farigiraf, L50, F|\n|teampreview|4\n|inactive|Battle timer is ON: inactive players will automatically lose when time's up. (requested by speedyturtle87)\n|inactive|blackred123 also wants the timer to be on.\n|\n|t:|1774763039\n|teamsize|p1|4\n|teamsize|p2|4\n|start\n|switch|p1a: Kyogre|Kyogre, L50|100/100\n|switch|p1b: Rillaboom|Rillaboom, L50, M|100/100\n|switch|p2a: Chi-Yu|Chi-Yu, L50|100/100\n|switch|p2b: Iron Hands|Iron Hands, L50|100/100\n|-weather|RainDance|[from] ability: Drizzle|[of] p1a: Kyogre\n|-ability|p2a: Chi-Yu|Beads of Ruin\n|-fieldstart|move: Grassy Terrain|[from] ability: Grassy Surge|[of] p1b: Rillaboom\n|turn|1\n|inactive|blackred123 has 30 seconds left.\n|\n|t:|1774763065\n|switch|p2a: Miraidon|Miraidon, L50|100/100\n|-fieldstart|move: Electric Terrain|[from] ability: Hadron Engine|[of] p2a: Miraidon\n|-activate|p2b: Iron Hands|ability: Quark Drive\n|-start|p2b: Iron Hands|quarkdriveatk\n|move|p1b: Rillaboom|Fake Out|p2b: Iron Hands\n|-damage|p2b: Iron Hands|92/100\n|cant|p2b: Iron Hands|flinch\n|move|p1a: Kyogre|Origin Pulse|p2a: Miraidon|[spread] p2a,p2b\n|-resisted|p2a: Miraidon\n|-damage|p2a: Miraidon|70/100\n|-damage|p2b: Iron Hands|52/100\n|\n|-weather|RainDance|[upkeep]\n|upkeep\n|turn|2\n|inactive|speedyturtle87 has 30 seconds left.\n|\n|t:|1774763096\n|switch|p1a: Zamazenta|Zamazenta-Crowned, L50|100/100\n|-ability|p1a: Zamazenta|Dauntless Shield|boost\n|-boost|p1a: Zamazenta|def|1\n|move|p2a: Miraidon|Draco Meteor|p1a: Zamazenta\n|-resisted|p1a: Zamazenta\n|-damage|p1a: Zamazenta|50/100\n|-unboost|p2a: Miraidon|spa|2\n|move|p1b: Rillaboom|U-turn|p2a: Miraidon\n|-damage|p2a: Miraidon|47/100\n|\n|t:|1774763115\n|switch|p1b: Kyogre|Kyogre, L50|100/100|[from] U-turn\n|move|p2b: Iron Hands|Drain Punch|p1b: Kyogre\n|-damage|p1b: Kyogre|37/100\n|-heal|p2b: Iron Hands|76/100|[from] drain|[of] p1b: Kyogre\n|\n|-weather|RainDance|[upkeep]\n|upkeep\n|turn|3\n|\n|t:|1774763130\n|switch|p1b: Rillaboom|Rillaboom, L50, M|100/100\n|-fieldstart|move: Grassy Terrain|[from] ability: Grassy Surge|[of] p1b: Rillaboom\n|-end|p2b: Iron Hands|Quark Drive\n|switch|p2a: Farigiraf|Farigiraf, L50, F|100/100\n|move|p1a: Zamazenta|Body Press|p2a: Farigiraf\n|-damage|p2a: Farigiraf|29/100\n|move|p2b: Iron Hands|Low Kick|p1a: Zamazenta\n|-supereffective|p1a: Zamazenta\n|-damage|p1a: Zamazenta|0 fnt\n|faint|p1a: Zamazenta\n|\n|-weather|RainDance|[upkeep]\n|-heal|p2a: Farigiraf|35/100|[from] Grassy Terrain\n|-heal|p2b: Iron Hands|82/100|[from] Grassy Terrain\n|upkeep\n|\n|t:|1774763142\n|switch|p1a: Kyogre|Kyogre, L50|37/100\n|turn|4\n|\n|t:|1774763155\n|move|p1a: Kyogre|Origin Pulse|p2b: Iron Hands|[spread] p2a,p2b\n|-damage|p2a: Farigiraf|0 fnt\n|-damage|p2b: Iron Hands|45/100\n|faint|p2a: Farigiraf\n|move|p1b: Rillaboom|Wood Hammer|p2b: Iron Hands\n|-damage|p2b: Iron Hands|0 fnt\n|faint|p2b: Iron Hands\n|-end|p2b: Iron Hands|Quark Drive|[silent]\n|-damage|p1b: Rillaboom|83/100|[from] Recoil\n|\n|-weather|RainDance|[upkeep]\n|-heal|p1a: Kyogre|43/100|[from] Grassy Terrain\n|-heal|p1b: Rillaboom|89/100|[from] Grassy Terrain\n|upkeep\n|\n|t:|1774763162\n|switch|p2a: Miraidon|Miraidon, L50|47/100\n|switch|p2b: Chi-Yu|Chi-Yu, L50|100/100\n|-ability|p2b: Chi-Yu|Beads of Ruin\n|-fieldstart|move: Electric Terrain|[from] ability: Hadron Engine|[of] p2a: Miraidon\n|turn|5\n|\n|t:|1774763175\n|move|p1a: Kyogre|Origin Pulse|p2a: Miraidon|[spread] p2a,p2b\n|-resisted|p2a: Miraidon\n|-supereffective|p2b: Chi-Yu\n|-damage|p2a: Miraidon|4/100\n|-damage|p2b: Chi-Yu|0 fnt\n|faint|p2b: Chi-Yu\n|move|p2a: Miraidon|Dazzling Gleam|p1b: Rillaboom|[spread] p1a,p1b\n|-damage|p1a: Kyogre|11/100\n|-damage|p1b: Rillaboom|58/100\n|move|p1b: Rillaboom|U-turn|p2a: Miraidon\n|-damage|p2a: Miraidon|0 fnt\n|faint|p2a: Miraidon\n|\n|win|blackred123\n|raw|blackred123's rating: 1516 &rarr; <strong>1529</strong><br />(+13 for winning)\n|raw|speedyturtle87's rating: 1380 &rarr; <strong>1367</strong><br />(-13 for losing)\n|c|\u2606speedyturtle87|ggwp\n|l|\u2606speedyturtle87\n|player|p2|\n","uploadtime":1774763199,"views":14,"formatid":"gen9vgc2026regi","rating":1367,"private":0,"password":null}