{"id":"gen9vgc2026regi-2551574198","format":"[Gen 9] VGC 2026 Reg I","players":["dasabe\u76d6\u6b27\u5361\u4fa0","salvx"],"log":"|j|\u2606dasabe\u76d6\u6b27\u5361\u4fa0\n|j|\u2606salvx\n|t:|1772623401\n|gametype|doubles\n|player|p1|dasabe\u76d6\u6b27\u5361\u4fa0|may-masters4|\n|player|p2|salvx|shadowtriad|\n|gen|9\n|tier|[Gen 9] VGC 2026 Reg I\n|rated|Tournament battle\n|rule|Species Clause: Limit one of each Pok\u00e9mon\n|rule|Item Clause: Limit 1 of each item\n|raw|<div class=\"infobox\"><details class=\"readmore\" open><summary><strong>1 custom rule:</strong></summary> Open Team Sheets</details></div>\n|clearpoke\n|poke|p1|Kyogre, L50|\n|poke|p1|Miraidon, L50|\n|poke|p1|Whimsicott, L50, F|\n|poke|p1|Iron Hands, L50|\n|poke|p1|Farigiraf, L50, F|\n|poke|p1|Urshifu-*, L50, M|\n|poke|p2|Weavile, L50, M|\n|poke|p2|Swampert, L50, M|\n|poke|p2|Arcanine, L50, F|\n|poke|p2|Flutter Mane, L50|\n|poke|p2|Tornadus, L50, M|\n|poke|p2|Amoonguss, L50, M|\n|teampreview|4\n|j| Aggli II\n|\n|t:|1772623419\n|teamsize|p1|4\n|teamsize|p2|4\n|start\n|switch|p1a: \u5996\u820d\u7cbe\u62c9|Whimsicott, L50, F, shiny|100/100\n|switch|p1b: \u6210\u90fd\u8001\u76d6|Kyogre, L50, shiny|100/100\n|switch|p2a: Weavile|Weavile, L50, M, shiny|100/100\n|switch|p2b: Tornadus|Tornadus, L50, M|100/100\n|-weather|RainDance|[from] ability: Drizzle|[of] p1b: \u6210\u90fd\u8001\u76d6\n|turn|1\n|j| blackred123\n|\n|t:|1772623432\n|move|p1a: \u5996\u820d\u7cbe\u62c9|Tailwind|p1a: \u5996\u820d\u7cbe\u62c9\n|-sidestart|p1: dasabe\u76d6\u6b27\u5361\u4fa0|move: Tailwind\n|move|p2b: Tornadus|Sunny Day|p2b: Tornadus\n|-weather|SunnyDay\n|move|p1b: \u6210\u90fd\u8001\u76d6|Origin Pulse|p2b: Tornadus|[spread] p2a,p2b\n|-damage|p2a: Weavile|50/100\n|-damage|p2b: Tornadus|71/100\n|move|p2a: Weavile|Ice Spinner|p1a: \u5996\u820d\u7cbe\u62c9\n|-supereffective|p1a: \u5996\u820d\u7cbe\u62c9\n|-enditem|p1a: \u5996\u820d\u7cbe\u62c9|Focus Sash\n|-damage|p1a: \u5996\u820d\u7cbe\u62c9|1/100\n|\n|-weather|SunnyDay|[upkeep]\n|upkeep\n|turn|2\n|j| hugoggg\n|\n|t:|1772623442\n|move|p1a: \u5996\u820d\u7cbe\u62c9|Encore|p2b: Tornadus\n|-start|p2b: Tornadus|Encore\n|move|p2b: Tornadus|Sunny Day||[still]\n|-fail|p2b: Tornadus\n|move|p1b: \u6210\u90fd\u8001\u76d6|Origin Pulse|p2a: Weavile|[spread] p2b\n|-miss|p1b: \u6210\u90fd\u8001\u76d6|p2a: Weavile\n|-damage|p2b: Tornadus|39/100\n|move|p2a: Weavile|Knock Off|p1b: \u6210\u90fd\u8001\u76d6\n|-damage|p1b: \u6210\u90fd\u8001\u76d6|48/100\n|-enditem|p1b: \u6210\u90fd\u8001\u76d6|Choice Specs|[from] move: Knock Off|[of] p2a: Weavile\n|\n|-weather|SunnyDay|[upkeep]\n|upkeep\n|turn|3\n|\n|t:|1772623470\n|switch|p2b: Amoonguss|Amoonguss, L50, M, shiny|100/100\n|move|p1a: \u5996\u820d\u7cbe\u62c9|Moonblast|p2a: Weavile\n|-supereffective|p2a: Weavile\n|-damage|p2a: Weavile|0 fnt\n|faint|p2a: Weavile\n|move|p1b: \u6210\u90fd\u8001\u76d6|Origin Pulse|p2b: Amoonguss\n|-resisted|p2b: Amoonguss\n|-damage|p2b: Amoonguss|88/100\n|\n|-weather|SunnyDay|[upkeep]\n|upkeep\n|\n|t:|1772623479\n|switch|p2a: Tornadus|Tornadus, L50, M|39/100\n|turn|4\n|\n|t:|1772623486\n|switch|p1b: \u94f6\u91d1\u5996\u86c7|Miraidon, L50, shiny|100/100\n|-fieldstart|move: Electric Terrain|[from] ability: Hadron Engine|[of] p1b: \u94f6\u91d1\u5996\u86c7\n|move|p2a: Tornadus|Tailwind|p2a: Tornadus\n|-sidestart|p2: salvx|move: Tailwind\n|move|p1a: \u5996\u820d\u7cbe\u62c9|Endeavor|p2b: Amoonguss\n|-damage|p2b: Amoonguss|1/100\n|-damage|p1a: \u5996\u820d\u7cbe\u62c9|0 fnt|[from] item: Rocky Helmet|[of] p2b: Amoonguss\n|faint|p1a: \u5996\u820d\u7cbe\u62c9\n|move|p2b: Amoonguss|Sludge Bomb|p1b: \u94f6\u91d1\u5996\u86c7\n|-damage|p1b: \u94f6\u91d1\u5996\u86c7|80/100\n|\n|-weather|SunnyDay|[upkeep]\n|-sideend|p1: dasabe\u76d6\u6b27\u5361\u4fa0|move: Tailwind\n|upkeep\n|\n|t:|1772623491\n|switch|p1a: \u5c0f\u5934\u63a7\u5927\u5934|Farigiraf, L50, F, shiny|100/100\n|-enditem|p1a: \u5c0f\u5934\u63a7\u5927\u5934|Electric Seed\n|-boost|p1a: \u5c0f\u5934\u63a7\u5927\u5934|def|1|[from] item: Electric Seed\n|turn|5\n|\n|t:|1772623521\n|move|p2a: Tornadus|Protect|p2a: Tornadus\n|-singleturn|p2a: Tornadus|Protect\n|move|p1b: \u94f6\u91d1\u5996\u86c7|Dazzling Gleam|p2b: Amoonguss|[spread] p2b\n|-activate|p2a: Tornadus|move: Protect\n|-resisted|p2b: Amoonguss\n|-damage|p2b: Amoonguss|0 fnt\n|faint|p2b: Amoonguss\n|-damage|p1b: \u94f6\u91d1\u5996\u86c7|70/100|[from] item: Life Orb\n|move|p1a: \u5c0f\u5934\u63a7\u5927\u5934|Trick Room|p1a: \u5c0f\u5934\u63a7\u5927\u5934\n|-fieldstart|move: Trick Room|[of] p1a: \u5c0f\u5934\u63a7\u5927\u5934\n|\n|-weather|none\n|upkeep\n|\n|t:|1772623526\n|switch|p2b: Flutter Mane|Flutter Mane, L50|100/100\n|turn|6\n|j| pokemastersteven5\n|\n|t:|1772623534\n|-terastallize|p2b: Flutter Mane|Fairy\n|move|p2a: Tornadus|Sunny Day|p2a: Tornadus\n|-weather|SunnyDay\n|-activate|p2b: Flutter Mane|ability: Protosynthesis\n|-start|p2b: Flutter Mane|protosynthesisspa\n|move|p1a: \u5c0f\u5934\u63a7\u5927\u5934|Psychic|p2b: Flutter Mane\n|-damage|p2b: Flutter Mane|63/100\n|move|p1b: \u94f6\u91d1\u5996\u86c7|Electro Drift|p2b: Flutter Mane\n|-damage|p2b: Flutter Mane|0 fnt\n|faint|p2b: Flutter Mane\n|-end|p2b: Flutter Mane|Protosynthesis|[silent]\n|-damage|p1b: \u94f6\u91d1\u5996\u86c7|60/100|[from] item: Life Orb\n|\n|-weather|SunnyDay|[upkeep]\n|upkeep\n|turn|7\n|\n|t:|1772623546\n|move|p1a: \u5c0f\u5934\u63a7\u5927\u5934|Psychic|p2a: Tornadus\n|-damage|p2a: Tornadus|12/100\n|move|p1b: \u94f6\u91d1\u5996\u86c7|Electro Drift|p2a: Tornadus\n|-supereffective|p2a: Tornadus\n|-damage|p2a: Tornadus|0 fnt\n|faint|p2a: Tornadus\n|-damage|p1b: \u94f6\u91d1\u5996\u86c7|50/100|[from] item: Life Orb\n|\n|win|dasabe\u76d6\u6b27\u5361\u4fa0\n|n|\u2606dasabe\u76d6\u6b27\u5361\u4fa0|dasabe\n|n|\u2606salvx|salvx\n|n| Aggli II|aggliii\n|n| blackred123|blackred123\n|n| hugoggg|hugoggg\n|n| pokemastersteven5|pokemastersteven5\n","uploadtime":1772623546,"views":10,"formatid":"gen9vgc2026regi","rating":null,"private":0,"password":null}