{"id":"gen9vgc2026regi-2529361520","format":"[Gen 9] VGC 2026 Reg I","players":["ky123456","blackred123"],"log":"|j|\u2606ky123456\n|j|\u2606blackred123\n|t:|1769778887\n|gametype|doubles\n|player|p1|ky123456|cynthia-gen4|1504\n|player|p2|blackred123|iono-masters|1427\n|gen|9\n|tier|[Gen 9] VGC 2026 Reg I\n|rated|\n|rule|Species Clause: Limit one of each Pok\u00e9mon\n|rule|Item Clause: Limit 1 of each item\n|clearpoke\n|poke|p1|Calyrex-Shadow, L50|\n|poke|p1|Zamazenta-*, L50|\n|poke|p1|Roaring Moon, L50|\n|poke|p1|Maushold, L50|\n|poke|p1|Weezing, L50, M|\n|poke|p1|Amoonguss, L50, M|\n|poke|p2|Calyrex-Shadow, L50|\n|poke|p2|Koraidon, L50|\n|poke|p2|Flutter Mane, L50|\n|poke|p2|Rillaboom, L50, M|\n|poke|p2|Incineroar, L50, F|\n|poke|p2|Amoonguss, L50, M|\n|teampreview|4\n|inactive|Battle timer is ON: inactive players will automatically lose when time's up. (requested by blackred123)\n|\n|t:|1769778918\n|teamsize|p1|4\n|teamsize|p2|4\n|start\n|switch|p1a: Zamazenta|Zamazenta-Crowned, L50|100/100\n|switch|p1b: Roaring Moon|Roaring Moon, L50|100/100\n|switch|p2a: \u56fa\u5927\u5305\u52d2|Koraidon, L50|100/100\n|switch|p2b: \u6536\u957f\u5934\u53d1\uff5e|Flutter Mane, L50|100/100\n|-weather|SunnyDay|[from] ability: Orichalcum Pulse|[of] p2a: \u56fa\u5927\u5305\u52d2\n|-activate|p2b: \u6536\u957f\u5934\u53d1\uff5e|ability: Protosynthesis\n|-start|p2b: \u6536\u957f\u5934\u53d1\uff5e|protosynthesisspe\n|-activate|p1b: Roaring Moon|ability: Protosynthesis\n|-start|p1b: Roaring Moon|protosynthesisspe\n|-activate|p2a: \u56fa\u5927\u5305\u52d2|Orichalcum Pulse|[source]\n|-ability|p1a: Zamazenta|Dauntless Shield|boost\n|-boost|p1a: Zamazenta|def|1\n|turn|1\n|inactive|ky123456 has 30 seconds left.\n|inactive|ky123456 has 20 seconds left.\n|\n|t:|1769778954\n|-terastallize|p1b: Roaring Moon|Flying\n|-terastallize|p2a: \u56fa\u5927\u5305\u52d2|Fire\n|move|p2b: \u6536\u957f\u5934\u53d1\uff5e|Moonblast|p1b: Roaring Moon\n|-damage|p1b: Roaring Moon|52/100\n|move|p1b: Roaring Moon|Tailwind|p1b: Roaring Moon\n|-sidestart|p1: ky123456|move: Tailwind\n|move|p1a: Zamazenta|Heavy Slam|p2b: \u6536\u957f\u5934\u53d1\uff5e\n|-supereffective|p2b: \u6536\u957f\u5934\u53d1\uff5e\n|-enditem|p2b: \u6536\u957f\u5934\u53d1\uff5e|Focus Sash\n|-damage|p2b: \u6536\u957f\u5934\u53d1\uff5e|1/100\n|move|p2a: \u56fa\u5927\u5305\u52d2|Flame Charge|p1b: Roaring Moon\n|-damage|p1b: Roaring Moon|0 fnt\n|-boost|p2a: \u56fa\u5927\u5305\u52d2|spe|1\n|faint|p1b: Roaring Moon\n|-end|p1b: Roaring Moon|Protosynthesis|[silent]\n|\n|-weather|SunnyDay|[upkeep]\n|upkeep\n|\n|t:|1769778969\n|switch|p1b: Calyrex|Calyrex-Shadow, L50|100/100\n|-ability|p1b: Calyrex|As One\n|-ability|p1b: Calyrex|Unnerve\n|turn|2\n|\n|t:|1769778982\n|move|p2b: \u6536\u957f\u5934\u53d1\uff5e|Protect|p2b: \u6536\u957f\u5934\u53d1\uff5e\n|-singleturn|p2b: \u6536\u957f\u5934\u53d1\uff5e|Protect\n|move|p2a: \u56fa\u5927\u5305\u52d2|Protect|p2a: \u56fa\u5927\u5305\u52d2\n|-singleturn|p2a: \u56fa\u5927\u5305\u52d2|Protect\n|move|p1b: Calyrex|Astral Barrage|p2a: \u56fa\u5927\u5305\u52d2|[spread] \n|-activate|p2a: \u56fa\u5927\u5305\u52d2|move: Protect\n|-activate|p2b: \u6536\u957f\u5934\u53d1\uff5e|move: Protect\n|move|p1a: Zamazenta|Body Press|p2a: \u56fa\u5927\u5305\u52d2\n|-activate|p2a: \u56fa\u5927\u5305\u52d2|move: Protect\n|\n|-weather|SunnyDay|[upkeep]\n|upkeep\n|turn|3\n|inactive|blackred123 has 30 seconds left.\n|\n|t:|1769779012\n|-end|p2b: \u6536\u957f\u5934\u53d1\uff5e|Protosynthesis|[silent]\n|switch|p2b: \u90bb\u5c45|Rillaboom, L50, M|100/100\n|-fieldstart|move: Grassy Terrain|[from] ability: Grassy Surge|[of] p2b: \u90bb\u5c45\n|move|p1b: Calyrex|Astral Barrage|p2a: \u56fa\u5927\u5305\u52d2|[spread] p2a,p2b\n|-damage|p2a: \u56fa\u5927\u5305\u52d2|23/100\n|-damage|p2b: \u90bb\u5c45|47/100\n|move|p2a: \u56fa\u5927\u5305\u52d2|Flare Blitz|p1a: Zamazenta\n|-supereffective|p1a: Zamazenta\n|-damage|p1a: Zamazenta|11/100\n|-damage|p2a: \u56fa\u5927\u5305\u52d2|0 fnt|[from] Recoil\n|faint|p2a: \u56fa\u5927\u5305\u52d2\n|move|p1a: Zamazenta|Body Press|p2b: \u90bb\u5c45\n|-damage|p2b: \u90bb\u5c45|0 fnt\n|faint|p2b: \u90bb\u5c45\n|\n|-weather|SunnyDay|[upkeep]\n|-heal|p1a: Zamazenta|17/100|[from] Grassy Terrain\n|upkeep\n|\n|t:|1769779029\n|switch|p2a: \u6211\u8fd1\u89c6|Calyrex-Shadow, L50|100/100\n|switch|p2b: \u6536\u957f\u5934\u53d1\uff5e|Flutter Mane, L50|1/100\n|-ability|p2a: \u6211\u8fd1\u89c6|As One\n|-ability|p2a: \u6211\u8fd1\u89c6|Unnerve\n|-activate|p2b: \u6536\u957f\u5934\u53d1\uff5e|ability: Protosynthesis\n|-start|p2b: \u6536\u957f\u5934\u53d1\uff5e|protosynthesisspe\n|turn|4\n|\n|t:|1769779044\n|move|p2b: \u6536\u957f\u5934\u53d1\uff5e|Protect|p2b: \u6536\u957f\u5934\u53d1\uff5e\n|-singleturn|p2b: \u6536\u957f\u5934\u53d1\uff5e|Protect\n|move|p1a: Zamazenta|Wide Guard|p1a: Zamazenta\n|-singleturn|p1a: Zamazenta|Wide Guard\n|move|p1b: Calyrex|Astral Barrage|p2b: \u6536\u957f\u5934\u53d1\uff5e|[spread] p2a\n|-activate|p2b: \u6536\u957f\u5934\u53d1\uff5e|move: Protect\n|-supereffective|p2a: \u6211\u8fd1\u89c6\n|-damage|p2a: \u6211\u8fd1\u89c6|0 fnt\n|faint|p2a: \u6211\u8fd1\u89c6\n|-ability|p1b: Calyrex|Grim Neigh|boost\n|-boost|p1b: Calyrex|spa|1\n|\n|-weather|SunnyDay|[upkeep]\n|-heal|p2b: \u6536\u957f\u5934\u53d1\uff5e|7/100|[from] Grassy Terrain\n|-heal|p1a: Zamazenta|23/100|[from] Grassy Terrain\n|-sideend|p1: ky123456|move: Tailwind\n|upkeep\n|turn|5\n|-message|blackred123 forfeited.\n|\n|win|ky123456\n|raw|ky123456's rating: 1504 &rarr; <strong>1520</strong><br />(+16 for winning)\n|raw|blackred123's rating: 1427 &rarr; <strong>1411</strong><br />(-16 for losing)\n|l|\u2606blackred123\n|player|p2|\n|l|\u2606ky123456\n|player|p1|\n","uploadtime":1769779258,"views":14,"formatid":"gen9vgc2026regi","rating":1411,"private":0,"password":null}