{"id":"gen9vgc2026regi-2582786433","format":"[Gen 9] VGC 2026 Reg I","players":["pumpkinflame","pflaumbob"],"log":"|j|\u2606pumpkinflame\n|j|\u2606pflaumbob\n|t:|1776114049\n|gametype|doubles\n|player|p1|pumpkinflame|adaman-masters|1438\n|player|p2|pflaumbob|scientist|1493\n|gen|9\n|tier|[Gen 9] VGC 2026 Reg I\n|rated|\n|rule|Species Clause: Limit one of each Pok\u00e9mon\n|rule|Item Clause: Limit 1 of each item\n|clearpoke\n|poke|p1|Kyogre, L50|\n|poke|p1|Archaludon, L50, F|\n|poke|p1|Rillaboom, L50, F|\n|poke|p1|Roaring Moon, L50|\n|poke|p1|Calyrex-Ice, L50|\n|poke|p1|Incineroar, L50, F|\n|poke|p2|Calyrex-Ice, L50|\n|poke|p2|Miraidon, L50|\n|poke|p2|Grimmsnarl, L50, M|\n|poke|p2|Urshifu-*, L50, F|\n|poke|p2|Incineroar, L50, F|\n|poke|p2|Landorus, L50, M|\n|teampreview|4\n|inactive|Battle timer is ON: inactive players will automatically lose when time's up. (requested by pflaumbob)\npflaumbob has agreed to open team sheets.\n|\n|t:|1776114079\n|teamsize|p1|4\n|teamsize|p2|4\n|start\n|switch|p1a: K.O|Kyogre, L50|100/100\n|switch|p1b: Miraidon 2|Archaludon, L50, F|100/100\n|switch|p2a: Grimmsnarl|Grimmsnarl, L50, M|100/100\n|switch|p2b: Miraidon|Miraidon, L50|100/100\n|-fieldstart|move: Electric Terrain|[from] ability: Hadron Engine|[of] p2b: Miraidon\n|-weather|RainDance|[from] ability: Drizzle|[of] p1a: K.O\n|turn|1\n|\n|t:|1776114096\n|switch|p1a: Chilly and Willy|Calyrex-Ice, L50|100/100\n|-ability|p1a: Chilly and Willy|As One\n|-ability|p1a: Chilly and Willy|Unnerve\n|move|p2a: Grimmsnarl|Light Screen|p2a: Grimmsnarl\n|-sidestart|p2: pflaumbob|move: Light Screen\n|move|p2b: Miraidon|Volt Switch|p1a: Chilly and Willy\n|-damage|p1a: Chilly and Willy|53/100\n|\n|t:|1776114104\n|switch|p2b: Incineroar|Incineroar, L50, F|100/100|[from] Volt Switch\n|-ability|p2b: Incineroar|Intimidate|boost\n|-unboost|p1a: Chilly and Willy|atk|1\n|-unboost|p1b: Miraidon 2|atk|1\n|move|p1b: Miraidon 2|Electro Shot||[still]\n|-prepare|p1b: Miraidon 2|Electro Shot\n|-boost|p1b: Miraidon 2|spa|1\n|-anim|p1b: Miraidon 2|Electro Shot|p2a: Grimmsnarl\n|-damage|p2a: Grimmsnarl|48/100\n|\n|-weather|RainDance|[upkeep]\n|-heal|p1a: Chilly and Willy|58/100|[from] item: Leftovers\n|upkeep\n|turn|2\n|j| Jdca\n|\n|t:|1776114125\n|move|p1a: Chilly and Willy|Protect|p1a: Chilly and Willy\n|-singleturn|p1a: Chilly and Willy|Protect\n|move|p2b: Incineroar|Fake Out|p1a: Chilly and Willy\n|-activate|p1a: Chilly and Willy|move: Protect\n|move|p2a: Grimmsnarl|Reflect|p2a: Grimmsnarl\n|-sidestart|p2: pflaumbob|Reflect\n|move|p1b: Miraidon 2|Electro Shot||[still]\n|-prepare|p1b: Miraidon 2|Electro Shot\n|-boost|p1b: Miraidon 2|spa|1\n|-anim|p1b: Miraidon 2|Electro Shot|p2b: Incineroar\n|-damage|p2b: Incineroar|53/100\n|\n|-weather|RainDance|[upkeep]\n|-heal|p1a: Chilly and Willy|64/100|[from] item: Leftovers\n|upkeep\n|turn|3\n|\n|t:|1776114146\n|move|p2a: Grimmsnarl|Thunder Wave|p1b: Miraidon 2\n|-status|p1b: Miraidon 2|par\n|move|p2b: Incineroar|U-turn|p1a: Chilly and Willy\n|-supereffective|p1a: Chilly and Willy\n|-damage|p1a: Chilly and Willy|43/100\n|\n|t:|1776114151\n|switch|p2b: Urshifu|Urshifu-Rapid-Strike, L50, F|100/100|[from] U-turn\n|move|p1b: Miraidon 2|Electro Shot||[still]\n|-prepare|p1b: Miraidon 2|Electro Shot\n|-boost|p1b: Miraidon 2|spa|1\n|-anim|p1b: Miraidon 2|Electro Shot|p2b: Urshifu\n|-supereffective|p2b: Urshifu\n|-damage|p2b: Urshifu|0 fnt\n|faint|p2b: Urshifu\n|move|p1a: Chilly and Willy|Trick Room|p1a: Chilly and Willy\n|-fieldstart|move: Trick Room|[of] p1a: Chilly and Willy\n|\n|-weather|RainDance|[upkeep]\n|-heal|p1a: Chilly and Willy|49/100|[from] item: Leftovers\n|upkeep\n|\n|t:|1776114163\n|switch|p2b: Miraidon|Miraidon, L50|100/100\n|-activate|p2b: Miraidon|ability: Hadron Engine\n|turn|4\n|inactive|pumpkinflame has 30 seconds left.\n|\n|t:|1776114189\n|-terastallize|p2b: Miraidon|Fairy\n|move|p1b: Miraidon 2|Flash Cannon|p2a: Grimmsnarl\n|-supereffective|p2a: Grimmsnarl\n|-damage|p2a: Grimmsnarl|0 fnt\n|faint|p2a: Grimmsnarl\n|move|p1a: Chilly and Willy|Glacial Lance|p2b: Miraidon\n|-damage|p2b: Miraidon|77/100\n|move|p2b: Miraidon|Draco Meteor|p1b: Miraidon 2\n|-damage|p1b: Miraidon 2|5/100 par\n|-unboost|p2b: Miraidon|spa|2\n|-ability|p1b: Miraidon 2|Stamina|boost\n|-boost|p1b: Miraidon 2|def|1\n|\n|-weather|RainDance|[upkeep]\n|-heal|p1a: Chilly and Willy|55/100|[from] item: Leftovers\n|upkeep\n|\n|t:|1776114199\n|switch|p2a: Incineroar|Incineroar, L50, F|53/100\n|-ability|p2a: Incineroar|Intimidate|boost\n|-unboost|p1a: Chilly and Willy|atk|1\n|-unboost|p1b: Miraidon 2|atk|1\n|turn|5\n|inactive|pumpkinflame has 30 seconds left.\n|\n|t:|1776114227\n|switch|p1b: Mrs. Dreads|Rillaboom, L50, F, shiny|100/100\n|-fieldstart|move: Grassy Terrain|[from] ability: Grassy Surge|[of] p1b: Mrs. Dreads\n|move|p2a: Incineroar|Fake Out|p1a: Chilly and Willy\n|-damage|p1a: Chilly and Willy|48/100\n|cant|p1a: Chilly and Willy|flinch\n|move|p2b: Miraidon|Draco Meteor|p1b: Mrs. Dreads\n|-damage|p1b: Mrs. Dreads|41/100\n|-unboost|p2b: Miraidon|spa|2\n|\n|-weather|none\n|-heal|p1a: Chilly and Willy|54/100|[from] Grassy Terrain\n|-heal|p1a: Chilly and Willy|60/100|[from] item: Leftovers\n|-heal|p1b: Mrs. Dreads|47/100|[from] Grassy Terrain\n|-heal|p2a: Incineroar|60/100|[from] Grassy Terrain\n|-heal|p2b: Miraidon|83/100|[from] Grassy Terrain\n|upkeep\n|turn|6\n|\n|t:|1776114243\n|move|p1a: Chilly and Willy|Leech Seed|p2b: Miraidon\n|-start|p2b: Miraidon|move: Leech Seed\n|move|p1b: Mrs. Dreads|Wood Hammer|p2b: Miraidon\n|-damage|p2b: Miraidon|30/100\n|-damage|p1b: Mrs. Dreads|29/100|[from] Recoil\n|move|p2a: Incineroar|Flare Blitz|p1a: Chilly and Willy\n|-supereffective|p1a: Chilly and Willy\n|-damage|p1a: Chilly and Willy|2/100\n|-damage|p2a: Incineroar|39/100|[from] Recoil\n|move|p2b: Miraidon|Draco Meteor|p1b: Mrs. Dreads\n|-damage|p1b: Mrs. Dreads|0 fnt\n|-unboost|p2b: Miraidon|spa|2\n|faint|p1b: Mrs. Dreads\n|\n|-heal|p1a: Chilly and Willy|8/100|[from] Grassy Terrain\n|-heal|p1a: Chilly and Willy|14/100|[from] item: Leftovers\n|-heal|p2a: Incineroar|45/100|[from] Grassy Terrain\n|-heal|p2b: Miraidon|36/100|[from] Grassy Terrain\n|-damage|p2b: Miraidon|23/100|[from] Leech Seed|[of] p1a: Chilly and Willy\n|-heal|p1a: Chilly and Willy|26/100|[silent]\n|upkeep\n|\n|t:|1776114252\n|switch|p1b: K.O|Kyogre, L50|100/100\n|-weather|RainDance|[from] ability: Drizzle|[of] p1b: K.O\n|turn|7\n|\n|t:|1776114267\n|move|p1a: Chilly and Willy|Glacial Lance|p2a: Incineroar|[spread] p2a,p2b\n|-resisted|p2a: Incineroar\n|-damage|p2a: Incineroar|38/100\n|-damage|p2b: Miraidon|10/100\n|move|p1b: K.O|Water Spout|p2a: Incineroar|[spread] p2a,p2b\n|-supereffective|p2a: Incineroar\n|-damage|p2a: Incineroar|0 fnt\n|-damage|p2b: Miraidon|0 fnt\n|faint|p2a: Incineroar\n|faint|p2b: Miraidon\n|\n|win|pumpkinflame\n|raw|pumpkinflame's rating: 1438 &rarr; <strong>1461</strong><br />(+23 for winning)\n|raw|pflaumbob's rating: 1493 &rarr; <strong>1470</strong><br />(-23 for losing)\n|l|\u2606pflaumbob\n|player|p2|\n|l|\u2606pumpkinflame\n|player|p1|\n","uploadtime":1776114421,"views":14,"formatid":"gen9vgc2026regi","rating":1461,"private":0,"password":null}