{"id":"gen9vgc2026regi-2561830962","format":"[Gen 9] VGC 2026 Reg I","players":["DraftWiz","Jonen"],"log":"|j|\u2606DraftWiz\n|j|\u2606Jonen\n|t:|1773847397\n|gametype|doubles\n|player|p1|DraftWiz|265|1314\n|player|p2|Jonen|hiker-gen4|1363\n|gen|9\n|tier|[Gen 9] VGC 2026 Reg I\n|rated|\n|rule|Species Clause: Limit one of each Pok\u00e9mon\n|rule|Item Clause: Limit 1 of each item\n|clearpoke\n|poke|p1|Brute Bonnet, L50|\n|poke|p1|Lunala, L50|\n|poke|p1|Ursaluna, L50, F|\n|poke|p1|Chi-Yu, L50|\n|poke|p1|Koraidon, L50|\n|poke|p1|Flutter Mane, L50|\n|poke|p2|Groudon, L50|\n|poke|p2|Lunala, L50|\n|poke|p2|Sableye, L50, F|\n|poke|p2|Chi-Yu, L50|\n|poke|p2|Rillaboom, L50, F|\n|poke|p2|Jumpluff, L50, F|\n|teampreview|4\n|\n|t:|1773847431\n|teamsize|p1|4\n|teamsize|p2|4\n|start\n|switch|p1a: Brute Bonnet|Brute Bonnet, L50|100/100\n|switch|p1b: Lunala|Lunala, L50|100/100\n|switch|p2a: Lunala|Lunala, L50|100/100\n|switch|p2b: Sableye|Sableye, L50, F|100/100\n|turn|1\n|\n|t:|1773847444\n|move|p2b: Sableye|Gravity|p2b: Sableye\n|-fieldstart|move: Gravity\n|move|p2a: Lunala|Hypnosis|p1a: Brute Bonnet\n|-status|p1a: Brute Bonnet|slp|[from] move: Hypnosis\n|move|p1b: Lunala|Moongeist Beam|p2a: Lunala\n|-supereffective|p2a: Lunala\n|-damage|p2a: Lunala|6/100\n|cant|p1a: Brute Bonnet|slp\n|\n|upkeep\n|turn|2\n|\n|t:|1773847461\n|-curestatus|p1a: Brute Bonnet|slp|[msg]\n|move|p1a: Brute Bonnet|Rage Powder|p1a: Brute Bonnet\n|-singleturn|p1a: Brute Bonnet|move: Rage Powder\n|move|p2b: Sableye|Disable|p1a: Brute Bonnet\n|-hint|Since gen 7, Dark is immune to Prankster moves.\n|-immune|p1a: Brute Bonnet\n|move|p2a: Lunala|Meteor Beam||[still]\n|-prepare|p2a: Lunala|Meteor Beam\n|-boost|p2a: Lunala|spa|1\n|-enditem|p2a: Lunala|Power Herb\n|-anim|p2a: Lunala|Meteor Beam|p1a: Brute Bonnet\n|-damage|p1a: Brute Bonnet|46/100\n|-enditem|p1a: Brute Bonnet|Sitrus Berry|[eat]\n|-heal|p1a: Brute Bonnet|71/100|[from] item: Sitrus Berry\n|move|p1b: Lunala|Meteor Beam||[still]\n|-prepare|p1b: Lunala|Meteor Beam\n|-boost|p1b: Lunala|spa|1\n|-enditem|p1b: Lunala|Power Herb\n|-anim|p1b: Lunala|Meteor Beam|p2b: Sableye\n|-enditem|p2b: Sableye|Focus Sash\n|-damage|p2b: Sableye|1/100\n|\n|upkeep\n|turn|3\n|\n|t:|1773847488\n|switch|p2b: Chi-Yu|Chi-Yu, L50|100/100\n|-ability|p2b: Chi-Yu|Beads of Ruin\n|move|p1a: Brute Bonnet|Rage Powder|p1a: Brute Bonnet\n|-singleturn|p1a: Brute Bonnet|move: Rage Powder\n|move|p2a: Lunala|Hypnosis|p1a: Brute Bonnet\n|-status|p1a: Brute Bonnet|slp|[from] move: Hypnosis\n|move|p1b: Lunala|Trick Room|p1b: Lunala\n|-fieldstart|move: Trick Room|[of] p1b: Lunala\n|\n|upkeep\n|turn|4\n|\n|t:|1773847512\n|move|p2a: Lunala|Protect|p2a: Lunala\n|-singleturn|p2a: Lunala|Protect\n|cant|p1a: Brute Bonnet|slp\n|move|p1b: Lunala|Moongeist Beam|p2a: Lunala\n|-activate|p2a: Lunala|move: Protect\n|move|p2b: Chi-Yu|Dark Pulse|p1b: Lunala\n|-supereffective|p1b: Lunala\n|-damage|p1b: Lunala|16/100\n|\n|upkeep\n|turn|5\n|\n|t:|1773847527\n|switch|p1b: Ursaluna|Ursaluna, L50, F|100/100\n|switch|p2a: Sableye|Sableye, L50, F|1/100\n|-curestatus|p1a: Brute Bonnet|slp|[msg]\n|move|p1a: Brute Bonnet|Spore|p2b: Chi-Yu\n|-status|p2b: Chi-Yu|slp|[from] move: Spore\n|cant|p2b: Chi-Yu|slp\n|\n|-fieldend|move: Gravity\n|-status|p1b: Ursaluna|brn|[from] item: Flame Orb\n|upkeep\n|turn|6\n|\n|t:|1773847558\n|switch|p2b: Lunala|Lunala, L50|6/100\n|move|p1a: Brute Bonnet|Rage Powder|p1a: Brute Bonnet\n|-singleturn|p1a: Brute Bonnet|move: Rage Powder\n|move|p1b: Ursaluna|Earthquake|p2a: Sableye|[spread] p1a,p2a,p2b\n|-resisted|p1a: Brute Bonnet\n|-damage|p1a: Brute Bonnet|49/100\n|-damage|p2a: Sableye|0 fnt\n|-damage|p2b: Lunala|0 fnt\n|faint|p2a: Sableye\n|faint|p2b: Lunala\n|\n|-damage|p1b: Ursaluna|95/100 brn|[from] brn\n|upkeep\n|\n|t:|1773847564\n|switch|p2a: Groudon|Groudon, L50|100/100\n|switch|p2b: Chi-Yu|Chi-Yu, L50|100/100 slp\n|-weather|SunnyDay|[from] ability: Drought|[of] p2a: Groudon\n|-activate|p1a: Brute Bonnet|ability: Protosynthesis\n|-start|p1a: Brute Bonnet|protosynthesisdef\n|-ability|p2b: Chi-Yu|Beads of Ruin\n|turn|7\n|\n|t:|1773847573\n|-terastallize|p2b: Chi-Yu|Ghost\n|move|p1a: Brute Bonnet|Rage Powder|p1a: Brute Bonnet\n|-singleturn|p1a: Brute Bonnet|move: Rage Powder\n|move|p1b: Ursaluna|Facade|p2a: Groudon\n|-damage|p2a: Groudon|4/100\n|move|p2a: Groudon|Precipice Blades|p1b: Ursaluna|[spread] p1a,p1b\n|-resisted|p1a: Brute Bonnet\n|-crit|p1a: Brute Bonnet\n|-damage|p1a: Brute Bonnet|20/100\n|-damage|p1b: Ursaluna|43/100 brn\n|-damage|p2a: Groudon|0 fnt|[from] item: Life Orb\n|faint|p2a: Groudon\n|-curestatus|p2b: Chi-Yu|slp|[msg]\n|move|p2b: Chi-Yu|Heat Wave|p1a: Brute Bonnet|[spread] p1a,p1b\n|-supereffective|p1a: Brute Bonnet\n|-damage|p1a: Brute Bonnet|0 fnt\n|-damage|p1b: Ursaluna|0 fnt\n|faint|p1a: Brute Bonnet\n|-end|p1a: Brute Bonnet|Protosynthesis|[silent]\n|faint|p1b: Ursaluna\n|\n|-weather|SunnyDay|[upkeep]\n|-fieldend|move: Trick Room\n|upkeep\n|\n|t:|1773847584\n|switch|p1a: Lunala|Lunala, L50|16/100\n|switch|p1b: Flutter Mane|Flutter Mane, L50|100/100\n|-activate|p1b: Flutter Mane|ability: Protosynthesis\n|-start|p1b: Flutter Mane|protosynthesisspe\n|turn|8\n|\n|t:|1773847593\n|-terastallize|p1b: Flutter Mane|Stellar\n|move|p1b: Flutter Mane|Shadow Ball|p2b: Chi-Yu\n|-supereffective|p2b: Chi-Yu\n|-damage|p2b: Chi-Yu|0 fnt\n|faint|p2b: Chi-Yu\n|\n|win|DraftWiz\n|raw|DraftWiz's rating: 1314 &rarr; <strong>1337</strong><br />(+23 for winning)\n|raw|Jonen's rating: 1363 &rarr; <strong>1340</strong><br />(-23 for losing)\n","uploadtime":1773847593,"views":10,"formatid":"gen9vgc2026regi","rating":1337,"private":0,"password":null}