{"id":"gen9vgc2026regi-2591260932","format":"[Gen 9] VGC 2026 Reg I","players":["perruquer","Luca8"],"log":"|j|\u2606perruquer\n|j|\u2606Luca8\n|t:|1776884987\n|gametype|doubles\n|player|p1|perruquer|169|1515\n|player|p2|Luca8|flint|1582\n|gen|9\n|tier|[Gen 9] VGC 2026 Reg I\n|rated|\n|rule|Species Clause: Limit one of each Pok\u00e9mon\n|rule|Item Clause: Limit 1 of each item\n|clearpoke\n|poke|p1|Calyrex-Ice, L50|\n|poke|p1|Kyogre, L50|\n|poke|p1|Incineroar, L50, M|\n|poke|p1|Flutter Mane, L50|\n|poke|p1|Amoonguss, L50, M|\n|poke|p1|Smeargle, L50, F|\n|poke|p2|Zamazenta-*, L50|\n|poke|p2|Indeedee-F, L50, F|\n|poke|p2|Torkoal, L50, M|\n|poke|p2|Calyrex-Shadow, L50|\n|poke|p2|Pelipper, L50, M|\n|poke|p2|Tornadus, L50, M|\n|teampreview|4\n|j| Babyrex\n|\n|t:|1776885015\n|teamsize|p1|4\n|teamsize|p2|4\n|start\n|switch|p1a: Smeargle|Smeargle, L50, F|100/100\n|switch|p1b: Calyrex|Calyrex-Ice, L50|100/100\n|switch|p2a: Zamazenta|Zamazenta-Crowned, L50|100/100\n|switch|p2b: Calyrex|Calyrex-Shadow, L50|100/100\n|-ability|p2b: Calyrex|As One\n|-ability|p2b: Calyrex|Unnerve\n|-ability|p1b: Calyrex|As One\n|-ability|p1b: Calyrex|Unnerve\n|-ability|p2a: Zamazenta|Dauntless Shield|boost\n|-boost|p2a: Zamazenta|def|1\n|turn|1\n|\n|t:|1776885038\n|-terastallize|p1b: Calyrex|Fairy\n|move|p2b: Calyrex|Expanding Force|p1a: Smeargle\n|-enditem|p1a: Smeargle|Focus Sash\n|-damage|p1a: Smeargle|1/100\n|move|p2a: Zamazenta|Heavy Slam|p1a: Smeargle\n|-damage|p1a: Smeargle|0 fnt\n|faint|p1a: Smeargle\n|move|p1b: Calyrex|Leech Seed|p2a: Zamazenta\n|-start|p2a: Zamazenta|move: Leech Seed\n|\n|-damage|p2a: Zamazenta|88/100|[from] Leech Seed|[of] p1b: Calyrex\n|upkeep\n|\n|t:|1776885052\n|switch|p1a: Kyogre|Kyogre, L50|100/100\n|-weather|RainDance|[from] ability: Drizzle|[of] p1a: Kyogre\n|turn|2\n|\n|t:|1776885065\n|move|p1a: Kyogre|Protect|p1a: Kyogre\n|-singleturn|p1a: Kyogre|Protect\n|move|p2b: Calyrex|Astral Barrage|p1b: Calyrex|[spread] p1b\n|-activate|p1a: Kyogre|move: Protect\n|-crit|p1b: Calyrex\n|-damage|p1b: Calyrex|52/100\n|move|p2a: Zamazenta|Body Press|p1a: Kyogre\n|-activate|p1a: Kyogre|move: Protect\n|move|p1b: Calyrex|Trick Room|p1b: Calyrex\n|-fieldstart|move: Trick Room|[of] p1b: Calyrex\n|\n|-weather|RainDance|[upkeep]\n|-heal|p1b: Calyrex|58/100|[from] item: Leftovers\n|-damage|p2a: Zamazenta|76/100|[from] Leech Seed|[of] p1b: Calyrex\n|-heal|p1b: Calyrex|70/100|[silent]\n|upkeep\n|turn|3\n|\n|t:|1776885084\n|switch|p1a: Amoonguss|Amoonguss, L50, M|100/100\n|switch|p2b: Torkoal|Torkoal, L50, M|100/100\n|-weather|SunnyDay|[from] ability: Drought|[of] p2b: Torkoal\n|move|p1b: Calyrex|Glacial Lance|p2a: Zamazenta|[spread] p2a,p2b\n|-resisted|p2a: Zamazenta\n|-resisted|p2b: Torkoal\n|-damage|p2a: Zamazenta|67/100\n|-damage|p2b: Torkoal|81/100\n|move|p2a: Zamazenta|Body Press|p1a: Amoonguss\n|-resisted|p1a: Amoonguss\n|-damage|p1a: Amoonguss|69/100\n|-damage|p2a: Zamazenta|51/100|[from] item: Rocky Helmet|[of] p1a: Amoonguss\n|\n|-weather|SunnyDay|[upkeep]\n|-heal|p1b: Calyrex|75/100|[from] item: Leftovers\n|-damage|p2a: Zamazenta|39/100|[from] Leech Seed|[of] p1b: Calyrex\n|-heal|p1b: Calyrex|87/100|[silent]\n|upkeep\n|turn|4\n|\n|t:|1776885108\n|switch|p1a: Kyogre|Kyogre, L50|100/100\n|-weather|RainDance|[from] ability: Drizzle|[of] p1a: Kyogre\n|switch|p2a: Indeedee|Indeedee-F, L50, F|100/100\n|-fieldstart|move: Psychic Terrain|[from] ability: Psychic Surge|[of] p2a: Indeedee\n|move|p2b: Torkoal|Eruption|p1a: Kyogre|[spread] p1a,p1b\n|-resisted|p1a: Kyogre\n|-damage|p1a: Kyogre|93/100\n|-damage|p1b: Calyrex|73/100\n|move|p1b: Calyrex|Glacial Lance|p2b: Torkoal|[spread] p2a,p2b\n|-resisted|p2b: Torkoal\n|-damage|p2a: Indeedee|46/100\n|-damage|p2b: Torkoal|60/100\n|\n|-weather|RainDance|[upkeep]\n|-heal|p1b: Calyrex|79/100|[from] item: Leftovers\n|upkeep\n|turn|5\n|\n|t:|1776885142\n|switch|p2b: Zamazenta|Zamazenta-Crowned, L50|39/100\n|move|p1b: Calyrex|Glacial Lance|p2a: Indeedee|[spread] p2a,p2b\n|-resisted|p2b: Zamazenta\n|-damage|p2a: Indeedee|0 fnt\n|-damage|p2b: Zamazenta|25/100\n|faint|p2a: Indeedee\n|-ability|p1b: Calyrex|Chilling Neigh|boost\n|-boost|p1b: Calyrex|atk|1\n|move|p1a: Kyogre|Water Spout|p2b: Zamazenta\n|-damage|p2b: Zamazenta|0 fnt\n|faint|p2b: Zamazenta\n|\n|-weather|RainDance|[upkeep]\n|-heal|p1b: Calyrex|85/100|[from] item: Leftovers\n|upkeep\n|\n|t:|1776885159\n|switch|p2a: Torkoal|Torkoal, L50, M|60/100\n|switch|p2b: Calyrex|Calyrex-Shadow, L50|100/100\n|-ability|p2b: Calyrex|As One\n|-ability|p2b: Calyrex|Unnerve\n|-weather|SunnyDay|[from] ability: Drought|[of] p2a: Torkoal\n|turn|6\n|\n|t:|1776885179\n|move|p2a: Torkoal|Eruption|p1b: Calyrex|[spread] p1a,p1b\n|-resisted|p1a: Kyogre\n|-damage|p1a: Kyogre|74/100\n|-damage|p1b: Calyrex|53/100\n|move|p1b: Calyrex|Glacial Lance|p2a: Torkoal|[spread] p2a,p2b\n|-resisted|p2a: Torkoal\n|-damage|p2a: Torkoal|30/100\n|-enditem|p2b: Calyrex|Focus Sash\n|-damage|p2b: Calyrex|1/100\n|move|p1a: Kyogre|Water Spout|p2a: Torkoal|[spread] p2a,p2b\n|-supereffective|p2a: Torkoal\n|-damage|p2a: Torkoal|0 fnt\n|-damage|p2b: Calyrex|0 fnt\n|faint|p2a: Torkoal\n|faint|p2b: Calyrex\n|\n|win|perruquer\n|raw|perruquer's rating: 1515 &rarr; <strong>1539</strong><br />(+24 for winning)\n|raw|Luca8's rating: 1582 &rarr; <strong>1558</strong><br />(-24 for losing)\n|l|\u2606Luca8\n|player|p2|\n|l|\u2606perruquer\n|player|p1|\n|l| Babyrex\n","uploadtime":1776885336,"views":16,"formatid":"gen9vgc2026regi","rating":1539,"private":0,"password":null}