{"id":"gen9vgc2026regi-2552222002","format":"[Gen 9] VGC 2026 Reg I","players":["Low Tier Goodra","I\u2764\ufe0f\u5a1c\u7984forever"],"log":"|j|\u2606Low Tier Goodra\n|j|\u2606I\u2764\ufe0f\u5a1c\u7984forever\n|t:|1772691968\n|gametype|doubles\n|player|p1|Low Tier Goodra|jasmine|1444\n|player|p2|I\u2764\ufe0f\u5a1c\u7984forever|youngcouple-gen4dp|1386\n|gen|9\n|tier|[Gen 9] VGC 2026 Reg I\n|rated|\n|rule|Species Clause: Limit one of each Pok\u00e9mon\n|rule|Item Clause: Limit 1 of each item\n|clearpoke\n|poke|p1|Calyrex-Ice, L50|\n|poke|p1|Kyogre, L50|\n|poke|p1|Sinistcha-Masterpiece, L50|\n|poke|p1|Rillaboom, L50, M|\n|poke|p1|Ursaluna, L50, M|\n|poke|p1|Incineroar, L50, M|\n|poke|p2|Groudon, L50|\n|poke|p2|Kyurem-White, L50|\n|poke|p2|Heatran, L50, M|\n|poke|p2|Whimsicott, L50, F|\n|poke|p2|Roaring Moon, L50|\n|poke|p2|Ditto, L50|\n|teampreview|4\n|\n|t:|1772691985\n|teamsize|p1|4\n|teamsize|p2|4\n|start\n|switch|p1a: Incineroar|Incineroar, L50, M|100/100\n|switch|p1b: Calyrex|Calyrex-Ice, L50|100/100\n|switch|p2a: Kyurem|Kyurem-White, L50|100/100\n|switch|p2b: Heatran|Heatran, L50, M|100/100\n|-ability|p1b: Calyrex|As One\n|-ability|p1b: Calyrex|Unnerve\n|-ability|p2a: Kyurem|Turboblaze\n|-ability|p1a: Incineroar|Intimidate|boost\n|-unboost|p2a: Kyurem|atk|1\n|-unboost|p2b: Heatran|atk|1\n|turn|1\n|\n|t:|1772692013\n|-terastallize|p1b: Calyrex|Water\n|move|p1a: Incineroar|Fake Out|p2b: Heatran\n|-resisted|p2b: Heatran\n|-damage|p2b: Heatran|94/100\n|move|p2a: Kyurem|Blizzard|p1b: Calyrex|[spread] p1a\n|-miss|p2a: Kyurem|p1b: Calyrex\n|-enditem|p2a: Kyurem|Blunder Policy\n|-boost|p2a: Kyurem|spe|2\n|-resisted|p1a: Incineroar\n|-damage|p1a: Incineroar|74/100\n|cant|p2b: Heatran|flinch\n|move|p1b: Calyrex|Trick Room|p1b: Calyrex\n|-fieldstart|move: Trick Room|[of] p1b: Calyrex\n|\n|-heal|p2b: Heatran|100/100|[from] item: Leftovers\n|upkeep\n|turn|2\n|\n|t:|1772692036\n|move|p1b: Calyrex|Glacial Lance|p2b: Heatran|[spread] p2a,p2b\n|-resisted|p2b: Heatran\n|-damage|p2a: Kyurem|60/100\n|-damage|p2b: Heatran|90/100\n|move|p1a: Incineroar|Taunt|p2b: Heatran\n|-start|p2b: Heatran|move: Taunt\n|cant|p2b: Heatran|move: Taunt|Substitute\n|move|p2a: Kyurem|Shadow Ball|p1b: Calyrex\n|-damage|p1b: Calyrex|80/100\n|\n|-heal|p2b: Heatran|96/100|[from] item: Leftovers\n|upkeep\n|turn|3\n|\n|t:|1772692053\n|move|p1b: Calyrex|Glacial Lance|p2b: Heatran|[spread] p2a,p2b\n|-resisted|p2b: Heatran\n|-damage|p2a: Kyurem|21/100\n|-damage|p2b: Heatran|86/100\n|move|p1a: Incineroar|Knock Off|p2b: Heatran\n|-damage|p2b: Heatran|47/100\n|-enditem|p2b: Heatran|Leftovers|[from] move: Knock Off|[of] p1a: Incineroar\n|move|p2b: Heatran|Earth Power|p1a: Incineroar\n|-supereffective|p1a: Incineroar\n|-damage|p1a: Incineroar|16/100\n|move|p2a: Kyurem|Shadow Ball|p1b: Calyrex\n|-damage|p1b: Calyrex|62/100\n|\n|upkeep\n|turn|4\n|\n|t:|1772692097\n|switch|p1a: Ursaluna|Ursaluna, L50, M|100/100\n|move|p1b: Calyrex|Leech Seed|p2b: Heatran\n|-start|p2b: Heatran|move: Leech Seed\n|move|p2b: Heatran|Earth Power|p1a: Ursaluna\n|-damage|p1a: Ursaluna|73/100\n|-unboost|p1a: Ursaluna|spd|1\n|move|p2a: Kyurem|Shadow Ball|p1b: Calyrex\n|-damage|p1b: Calyrex|42/100\n|\n|-damage|p2b: Heatran|35/100|[from] Leech Seed|[of] p1b: Calyrex\n|-heal|p1b: Calyrex|54/100|[silent]\n|-end|p2b: Heatran|move: Taunt\n|-status|p1a: Ursaluna|brn|[from] item: Flame Orb\n|upkeep\n|turn|5\n|\n|t:|1772692115\n|move|p1a: Ursaluna|Protect|p1a: Ursaluna\n|-singleturn|p1a: Ursaluna|Protect\n|move|p2b: Heatran|Protect|p2b: Heatran\n|-singleturn|p2b: Heatran|Protect\n|move|p1b: Calyrex|Leech Seed|p2a: Kyurem\n|-start|p2a: Kyurem|move: Leech Seed\n|move|p2a: Kyurem|Blizzard|p1b: Calyrex|[spread] p1b\n|-activate|p1a: Ursaluna|move: Protect\n|-resisted|p1b: Calyrex\n|-damage|p1b: Calyrex|38/100\n|\n|-damage|p2b: Heatran|23/100|[from] Leech Seed|[of] p1b: Calyrex\n|-heal|p1b: Calyrex|49/100|[silent]\n|-damage|p2a: Kyurem|9/100|[from] Leech Seed|[of] p1b: Calyrex\n|-heal|p1b: Calyrex|63/100|[silent]\n|-damage|p1a: Ursaluna|68/100 brn|[from] brn\n|-fieldend|move: Trick Room\n|upkeep\n|turn|6\n|\n|t:|1772692133\n|switch|p1a: Incineroar|Incineroar, L50, M|16/100\n|-ability|p1a: Incineroar|Intimidate|boost\n|-unboost|p2a: Kyurem|atk|1\n|-unboost|p2b: Heatran|atk|1\n|move|p2a: Kyurem|Blizzard|p1a: Incineroar|[spread] p1a\n|-miss|p2a: Kyurem|p1b: Calyrex\n|-resisted|p1a: Incineroar\n|-damage|p1a: Incineroar|0 fnt\n|faint|p1a: Incineroar\n|move|p2b: Heatran|Earth Power|p1b: Calyrex\n|-crit|p1b: Calyrex\n|-damage|p1b: Calyrex|38/100\n|move|p1b: Calyrex|Trick Room|p1b: Calyrex\n|-fieldstart|move: Trick Room|[of] p1b: Calyrex\n|\n|-damage|p2b: Heatran|11/100|[from] Leech Seed|[of] p1b: Calyrex\n|-heal|p1b: Calyrex|50/100|[silent]\n|-damage|p2a: Kyurem|0 fnt|[from] Leech Seed|[of] p1b: Calyrex\n|-heal|p1b: Calyrex|59/100|[silent]\n|faint|p2a: Kyurem\n|upkeep\n|\n|t:|1772692156\n|switch|p1a: Ursaluna|Ursaluna, L50, M|68/100 brn\n|switch|p2a: Ditto|Ditto, L50|100/100\n|-transform|p2a: Ditto|p1b: Calyrex|[from] ability: Imposter\n|-ability|p2a: Ditto|As One\n|-ability|p2a: Ditto|Unnerve\n|-start|p2a: Ditto|typechange|Psychic/Ice|[silent]\n|turn|7\n|\n|t:|1772692172\n|switch|p2b: Groudon|Groudon, L50|100/100\n|-weather|SunnyDay|[from] ability: Drought|[of] p2b: Groudon\n|move|p1b: Calyrex|Leech Seed|p2a: Ditto\n|-start|p2a: Ditto|move: Leech Seed\n|move|p1a: Ursaluna|Facade|p2a: Ditto\n|-damage|p2a: Ditto|4/100\n|move|p2a: Ditto|Glacial Lance|p1a: Ursaluna|[spread] p1a,p1b\n|-supereffective|p1a: Ursaluna\n|-resisted|p1b: Calyrex\n|-damage|p1a: Ursaluna|0 fnt\n|-damage|p1b: Calyrex|45/100\n|faint|p1a: Ursaluna\n|-ability|p2a: Ditto|Chilling Neigh|boost\n|-boost|p2a: Ditto|atk|1\n|\n|-weather|SunnyDay|[upkeep]\n|-damage|p2a: Ditto|0 fnt|[from] Leech Seed|[of] p1b: Calyrex\n|-heal|p1b: Calyrex|48/100|[silent]\n|faint|p2a: Ditto\n|upkeep\n|\n|t:|1772692192\n|switch|p1a: Kyogre|Kyogre, L50|100/100\n|switch|p2a: Heatran|Heatran, L50, M|11/100\n|-weather|RainDance|[from] ability: Drizzle|[of] p1a: Kyogre\n|turn|8\n|\n|t:|1772692198\n|-terastallize|p2b: Groudon|Water\n|move|p2a: Heatran|Protect|p2a: Heatran\n|-singleturn|p2a: Heatran|Protect\n|move|p1a: Kyogre|Water Spout|p2b: Groudon|[spread] p2b\n|-activate|p2a: Heatran|move: Protect\n|-resisted|p2b: Groudon\n|-damage|p2b: Groudon|68/100\n|move|p1b: Calyrex|Glacial Lance|p2b: Groudon|[spread] p2b\n|-activate|p2a: Heatran|move: Protect\n|-resisted|p2b: Groudon\n|-damage|p2b: Groudon|52/100\n|move|p2b: Groudon|Precipice Blades|p1a: Kyogre|[spread] p1a,p1b\n|-damage|p1a: Kyogre|48/100\n|-damage|p1b: Calyrex|13/100\n|\n|-weather|RainDance|[upkeep]\n|upkeep\n|turn|9\n|\n|t:|1772692219\n|move|p1a: Kyogre|Thunder|p2b: Groudon\n|-supereffective|p2b: Groudon\n|-damage|p2b: Groudon|0 fnt\n|faint|p2b: Groudon\n|move|p1b: Calyrex|Glacial Lance|p2a: Heatran\n|-resisted|p2a: Heatran\n|-damage|p2a: Heatran|0 fnt\n|faint|p2a: Heatran\n|\n|win|Low Tier Goodra\n|raw|Low Tier Goodra's rating: 1444 &rarr; <strong>1461</strong><br />(+17 for winning)\n|raw|I\u2764\ufe0f\u5a1c\u7984forever's rating: 1386 &rarr; <strong>1369</strong><br />(-17 for losing)\n|l|\u2606I\u2764\ufe0f\u5a1c\u7984forever\n|player|p2|\n","uploadtime":1772692439,"views":23,"formatid":"gen9vgc2026regi","rating":1369,"private":0,"password":null}