{"id":"gen9vgc2026regi-2520412520","format":"[Gen 9] VGC 2026 Reg I","players":["Peytonvgc2025","yaochangzhe"],"log":"|j|\u2606Peytonvgc2025\n|j|\u2606yaochangzhe\n|t:|1768626158\n|gametype|doubles\n|player|p1|Peytonvgc2025|red|1257\n|player|p2|yaochangzhe|265|1375\n|gen|9\n|tier|[Gen 9] VGC 2026 Reg I\n|rated|\n|rule|Species Clause: Limit one of each Pok\u00e9mon\n|rule|Item Clause: Limit 1 of each item\n|clearpoke\n|poke|p1|Koraidon, L50|\n|poke|p1|Lunala, L50|\n|poke|p1|Flutter Mane, L50|\n|poke|p1|Incineroar, L50, M|\n|poke|p1|Amoonguss, L50, M|\n|poke|p1|Ursaluna, L50, M|\n|poke|p2|Miraidon, L50|\n|poke|p2|Calyrex-Ice, L50|\n|poke|p2|Ogerpon-Wellspring, L50, F|\n|poke|p2|Volcarona, L50, F|\n|poke|p2|Farigiraf, L50, M|\n|poke|p2|Ditto, L50|\n|teampreview|4\n|inactive|Battle timer is ON: inactive players will automatically lose when time's up. (requested by Peytonvgc2025)\n|inactive|Peytonvgc2025 has 60 seconds left.\n|inactive|yaochangzhe has 60 seconds left.\n|\n|t:|1768626199\n|teamsize|p1|4\n|teamsize|p2|4\n|start\n|switch|p1a: Incineroar|Incineroar, L50, M|100/100\n|switch|p1b: Lunala|Lunala, L50|100/100\n|switch|p2a: Ditto|Ditto, L50|100/100\n|switch|p2b: Miraidon|Miraidon, L50|100/100\n|-fieldstart|move: Electric Terrain|[from] ability: Hadron Engine|[of] p2b: Miraidon\n|-ability|p1a: Incineroar|Intimidate|boost\n|-unboost|p2a: Ditto|atk|1\n|-unboost|p2b: Miraidon|atk|1\n|-transform|p2a: Ditto|p1b: Lunala|[from] ability: Imposter\n|turn|1\n|\n|t:|1768626224\n|switch|p2a: Farigiraf|Farigiraf, L50, M|100/100\n|-enditem|p2a: Farigiraf|Electric Seed\n|-boost|p2a: Farigiraf|def|1|[from] item: Electric Seed\n|-enditem|p1a: Incineroar|Mirror Herb\n|-boost|p1a: Incineroar|def|1|[from] item: Mirror Herb\n|-terastallize|p2b: Miraidon|Electric\n|-terastallize|p1b: Lunala|Fairy\n|move|p2b: Miraidon|Electro Drift|p1a: Incineroar\n|-damage|p1a: Incineroar|0 fnt\n|faint|p1a: Incineroar\n|move|p1b: Lunala|Trick Room|p1b: Lunala\n|-fieldstart|move: Trick Room|[of] p1b: Lunala\n|\n|upkeep\n|\n|t:|1768626236\n|switch|p1a: Ursaluna|Ursaluna, L50, M|100/100\n|turn|2\n|\n|t:|1768626249\n|switch|p2b: Calyrex|Calyrex-Ice, L50|100/100\n|-ability|p2b: Calyrex|As One\n|-ability|p2b: Calyrex|Unnerve\n|move|p1a: Ursaluna|Headlong Rush|p2a: Farigiraf\n|-damage|p2a: Farigiraf|60/100\n|-unboost|p1a: Ursaluna|def|1\n|-unboost|p1a: Ursaluna|spd|1\n|move|p1b: Lunala|Moonblast|p2a: Farigiraf\n|-damage|p2a: Farigiraf|11/100\n|-unboost|p2a: Farigiraf|spa|1\n|move|p2a: Farigiraf|Trick Room|p2a: Farigiraf\n|-fieldend|move: Trick Room\n|\n|-status|p1a: Ursaluna|brn|[from] item: Flame Orb\n|upkeep\n|turn|3\n|\n|t:|1768626267\n|move|p2a: Farigiraf|Helping Hand|p2b: Calyrex\n|-singleturn|p2b: Calyrex|Helping Hand|[of] p2a: Farigiraf\n|move|p1a: Ursaluna|Protect|p1a: Ursaluna\n|-singleturn|p1a: Ursaluna|Protect\n|move|p2b: Calyrex|High Horsepower|p1a: Ursaluna\n|-activate|p1a: Ursaluna|move: Protect\n|move|p1b: Lunala|Trick Room|p1b: Lunala\n|-fieldstart|move: Trick Room|[of] p1b: Lunala\n|\n|-damage|p1a: Ursaluna|95/100 brn|[from] brn\n|upkeep\n|turn|4\n|\n|t:|1768626280\n|move|p2b: Calyrex|Protect|p2b: Calyrex\n|-singleturn|p2b: Calyrex|Protect\n|move|p1b: Lunala|Wide Guard|p1b: Lunala\n|-singleturn|p1b: Lunala|Wide Guard\n|move|p1a: Ursaluna|Facade|p2b: Calyrex\n|-activate|p2b: Calyrex|move: Protect\n|move|p2a: Farigiraf|Foul Play|p1a: Ursaluna\n|-damage|p1a: Ursaluna|51/100 brn\n|\n|-damage|p1a: Ursaluna|45/100 brn|[from] brn\n|upkeep\n|turn|5\n|\n|t:|1768626292\n|move|p1a: Ursaluna|Facade|p2b: Calyrex\n|-crit|p2b: Calyrex\n|-damage|p2b: Calyrex|0 fnt\n|faint|p2b: Calyrex\n|move|p2a: Farigiraf|Foul Play|p1a: Ursaluna\n|-damage|p1a: Ursaluna|6/100 brn\n|move|p1b: Lunala|Moonblast|p2a: Farigiraf\n|-damage|p2a: Farigiraf|0 fnt\n|faint|p2a: Farigiraf\n|\n|-damage|p1a: Ursaluna|0 fnt|[from] brn\n|faint|p1a: Ursaluna\n|-fieldend|move: Electric Terrain\n|upkeep\n|\n|t:|1768626312\n|switch|p1a: Koraidon|Koraidon, L50|100/100\n|switch|p2b: Miraidon|Miraidon, L50, tera:Electric|100/100\n|switch|p2a: Ditto|Ditto, L50|100/100\n|-transform|p2a: Ditto|p1b: Lunala|[from] ability: Imposter\n|-weather|SunnyDay|[from] ability: Orichalcum Pulse|[of] p1a: Koraidon\n|-activate|p1a: Koraidon|Orichalcum Pulse|[source]\n|-fieldstart|move: Electric Terrain|[from] ability: Hadron Engine|[of] p2b: Miraidon\n|-start|p2a: Ditto|typechange|Psychic/Ghost|[silent]\n|turn|6\n|\n|t:|1768626321\n|move|p2a: Ditto|Moonblast|p1a: Koraidon\n|-supereffective|p1a: Koraidon\n|-damage|p1a: Koraidon|0 fnt\n|faint|p1a: Koraidon\n|move|p1b: Lunala|Moongeist Beam|p2b: Miraidon\n|-damage|p2b: Miraidon|55/100\n|move|p2b: Miraidon|Electro Drift|p1b: Lunala\n|-damage|p1b: Lunala|53/100\n|\n|-weather|SunnyDay|[upkeep]\n|upkeep\n|turn|7\n|\n|t:|1768626331\n|move|p2a: Ditto|Moongeist Beam|p1b: Lunala\n|-damage|p1b: Lunala|16/100\n|move|p1b: Lunala|Moonblast|p2b: Miraidon\n|-damage|p2b: Miraidon|8/100\n|-unboost|p2b: Miraidon|spa|1\n|move|p2b: Miraidon|Electro Drift|p1b: Lunala\n|-damage|p1b: Lunala|0 fnt\n|faint|p1b: Lunala\n|\n|win|yaochangzhe\n|raw|Peytonvgc2025's rating: 1257 &rarr; <strong>1240</strong><br />(-17 for losing)\n|raw|yaochangzhe's rating: 1375 &rarr; <strong>1388</strong><br />(+13 for winning)\n|l|\u2606Peytonvgc2025\n|player|p1|\n|l|\u2606yaochangzhe\n|player|p2|\n","uploadtime":1768626565,"views":12,"formatid":"gen9vgc2026regi","rating":1240,"private":0,"password":null}