{"id":"gen9vgc2026regi-2563203987","format":"[Gen 9] VGC 2026 Reg I","players":["jj11j1","mikachu83983"],"log":"|j|\u2606jj11j1\n|j|\u2606mikachu83983\n|t:|1774002841\n|gametype|doubles\n|player|p1|jj11j1|102|1418\n|player|p2|mikachu83983|brock|1473\n|gen|9\n|tier|[Gen 9] VGC 2026 Reg I\n|rated|\n|rule|Species Clause: Limit one of each Pok\u00e9mon\n|rule|Item Clause: Limit 1 of each item\n|clearpoke\n|poke|p1|Kyogre, L50|\n|poke|p1|Calyrex-Ice, L50|\n|poke|p1|Landorus, L50, M|\n|poke|p1|Urshifu-*, L50, M|\n|poke|p1|Smeargle, L50, M|\n|poke|p1|Flutter Mane, L50|\n|poke|p2|Koraidon, L50|\n|poke|p2|Calyrex-Shadow, L50|\n|poke|p2|Scream Tail, L50|\n|poke|p2|Amoonguss, L50, F|\n|poke|p2|Flutter Mane, L50|\n|poke|p2|Incineroar, L50, M|\n|teampreview|4\n|inactive|Battle timer is ON: inactive players will automatically lose when time's up. (requested by jj11j1)\n|\n|t:|1774002868\n|teamsize|p1|4\n|teamsize|p2|4\n|start\n|switch|p1a: Flutter Mane|Flutter Mane, L50|100/100\n|switch|p1b: Smeargle|Smeargle, L50, M|100/100\n|switch|p2a: Spectral Stallion|Calyrex-Shadow, L50|100/100\n|switch|p2b: Hypnotic Hyphae|Amoonguss, L50, F, shiny|100/100\n|-ability|p2a: Spectral Stallion|As One\n|-ability|p2a: Spectral Stallion|Unnerve\n|turn|1\n|inactive|jj11j1 has 30 seconds left.\n|inactive|mikachu83983 has 30 seconds left.\n|\n|t:|1774002903\n|move|p2a: Spectral Stallion|Protect|p2a: Spectral Stallion\n|-singleturn|p2a: Spectral Stallion|Protect\n|move|p1b: Smeargle|Fake Out|p2b: Hypnotic Hyphae\n|-damage|p2b: Hypnotic Hyphae|96/100\n|move|p1a: Flutter Mane|Moonblast|p2a: Spectral Stallion\n|-activate|p2a: Spectral Stallion|move: Protect\n|cant|p2b: Hypnotic Hyphae|flinch\n|\n|-ability|p1b: Smeargle|Moody|boost\n|-boost|p1b: Smeargle|atk|2\n|-unboost|p1b: Smeargle|spd|1\n|-enditem|p1b: Smeargle|Eject Pack\n|upkeep\n|\n|t:|1774002917\n|switch|p1b: Calyrex|Calyrex-Ice, L50|100/100\n|-ability|p1b: Calyrex|As One\n|-ability|p1b: Calyrex|Unnerve\n|turn|2\n|\n|t:|1774002933\n|switch|p2b: Wolfey's Wrestler|Incineroar, L50, M|100/100\n|-ability|p2b: Wolfey's Wrestler|Intimidate|boost\n|-unboost|p1a: Flutter Mane|atk|1\n|-fail|p1b: Calyrex|unboost|[from] item: Clear Amulet|[of] p1b: Calyrex\n|-terastallize|p2a: Spectral Stallion|Water\n|-terastallize|p1b: Calyrex|Grass\n|move|p2a: Spectral Stallion|Astral Barrage|p1a: Flutter Mane|[spread] p1a,p1b\n|-supereffective|p1a: Flutter Mane\n|-enditem|p1a: Flutter Mane|Focus Sash\n|-damage|p1a: Flutter Mane|1/100\n|-damage|p1b: Calyrex|58/100\n|move|p1b: Calyrex|Glacial Lance|p2a: Spectral Stallion|[spread] p2a,p2b\n|-resisted|p2a: Spectral Stallion\n|-resisted|p2b: Wolfey's Wrestler\n|-damage|p2a: Spectral Stallion|67/100\n|-damage|p2b: Wolfey's Wrestler|78/100\n|move|p1a: Flutter Mane|Trick Room|p1a: Flutter Mane\n|-fieldstart|move: Trick Room|[of] p1a: Flutter Mane\n|\n|upkeep\n|turn|3\n|inactive|jj11j1 has 30 seconds left.\n|inactive|mikachu83983 has 30 seconds left.\n|inactive|mikachu83983 has 20 seconds left.\n|inactive|mikachu83983 has 15 seconds left.\n|inactive|jj11j1 has 20 seconds left.\n|inactive|mikachu83983 has 10 seconds left.\n|inactive|mikachu83983 has 5 seconds left.\n|\n|t:|1774002986\n|move|p1b: Calyrex|Glacial Lance|p2a: Spectral Stallion|[spread] p2a,p2b\n|-resisted|p2a: Spectral Stallion\n|-resisted|p2b: Wolfey's Wrestler\n|-damage|p2a: Spectral Stallion|36/100\n|-damage|p2b: Wolfey's Wrestler|56/100\n|move|p2b: Wolfey's Wrestler|U-turn|p1a: Flutter Mane\n|-resisted|p1a: Flutter Mane\n|-damage|p1a: Flutter Mane|0 fnt\n|faint|p1a: Flutter Mane\n|-end|p1a: Flutter Mane|Protosynthesis|[silent]\n|\n|t:|1774002994\n|switch|p2b: Hypnotic Hyphae|Amoonguss, L50, F, shiny|100/100|[from] U-turn\n|move|p2a: Spectral Stallion|Astral Barrage|p1b: Calyrex\n|-damage|p1b: Calyrex|0 fnt\n|faint|p1b: Calyrex\n|-ability|p2a: Spectral Stallion|Grim Neigh|boost\n|-boost|p2a: Spectral Stallion|spa|1\n|\n|upkeep\n|\n|t:|1774003006\n|switch|p1b: Kyogre|Kyogre, L50|100/100\n|switch|p1a: Smeargle|Smeargle, L50, M|100/100\n|-weather|RainDance|[from] ability: Drizzle|[of] p1b: Kyogre\n|turn|4\n|\n|t:|1774003022\n|move|p2a: Spectral Stallion|Protect|p2a: Spectral Stallion\n|-singleturn|p2a: Spectral Stallion|Protect\n|move|p1a: Smeargle|Fake Out|p2b: Hypnotic Hyphae\n|-damage|p2b: Hypnotic Hyphae|96/100\n|cant|p2b: Hypnotic Hyphae|flinch\n|move|p1b: Kyogre|Water Spout|p2b: Hypnotic Hyphae|[spread] p2b\n|-activate|p2a: Spectral Stallion|move: Protect\n|-resisted|p2b: Hypnotic Hyphae\n|-damage|p2b: Hypnotic Hyphae|48/100\n|\n|-weather|RainDance|[upkeep]\n|-ability|p1a: Smeargle|Moody|boost\n|-boost|p1a: Smeargle|def|2\n|-unboost|p1a: Smeargle|spe|1\n|upkeep\n|turn|5\n|inactive|jj11j1 has 30 seconds left.\n|inactive|mikachu83983 has 30 seconds left.\n|inactive|mikachu83983 has 20 seconds left.\n|\n|t:|1774003062\n|move|p1a: Smeargle|Follow Me|p1a: Smeargle\n|-singleturn|p1a: Smeargle|move: Follow Me\n|move|p2b: Hypnotic Hyphae|Spore|p1a: Smeargle\n|-status|p1a: Smeargle|slp|[from] move: Spore\n|move|p1b: Kyogre|Water Spout|p2b: Hypnotic Hyphae|[spread] p2a,p2b\n|-resisted|p2a: Spectral Stallion\n|-resisted|p2b: Hypnotic Hyphae\n|-damage|p2a: Spectral Stallion|0 fnt\n|-damage|p2b: Hypnotic Hyphae|0 fnt\n|faint|p2a: Spectral Stallion\n|faint|p2b: Hypnotic Hyphae\n|\n|-weather|RainDance|[upkeep]\n|-ability|p1a: Smeargle|Moody|boost\n|-boost|p1a: Smeargle|spd|2\n|-unboost|p1a: Smeargle|atk|1\n|upkeep\n|\n|t:|1774003068\n|switch|p2b: Primal Predator|Koraidon, L50, shiny|100/100\n|switch|p2a: Wolfey's Wrestler|Incineroar, L50, M|56/100\n|-ability|p2a: Wolfey's Wrestler|Intimidate|boost\n|-unboost|p1a: Smeargle|atk|1\n|-unboost|p1b: Kyogre|atk|1\n|-weather|SunnyDay|[from] ability: Orichalcum Pulse|[of] p2b: Primal Predator\n|-activate|p2b: Primal Predator|Orichalcum Pulse|[source]\n|turn|6\n|\n|t:|1774003095\n|move|p1b: Kyogre|Protect|p1b: Kyogre\n|-singleturn|p1b: Kyogre|Protect\n|move|p2a: Wolfey's Wrestler|Fake Out|p1b: Kyogre\n|-activate|p1b: Kyogre|move: Protect\n|cant|p1a: Smeargle|slp\n|move|p2b: Primal Predator|Flame Charge|p1a: Smeargle\n|-damage|p1a: Smeargle|36/100 slp\n|-boost|p2b: Primal Predator|spe|1\n|-damage|p2b: Primal Predator|91/100|[from] item: Life Orb\n|\n|-weather|SunnyDay|[upkeep]\n|-fieldend|move: Trick Room\n|-ability|p1a: Smeargle|Moody|boost\n|-boost|p1a: Smeargle|def|2\n|-unboost|p1a: Smeargle|spe|1\n|upkeep\n|turn|7\n|\n|t:|1774003116\n|cant|p1a: Smeargle|slp\n|move|p2b: Primal Predator|Flame Charge|p1a: Smeargle\n|-damage|p1a: Smeargle|0 fnt\n|-boost|p2b: Primal Predator|spe|1\n|faint|p1a: Smeargle\n|-damage|p2b: Primal Predator|81/100|[from] item: Life Orb\n|move|p2a: Wolfey's Wrestler|Knock Off|p1b: Kyogre\n|-damage|p1b: Kyogre|67/100\n|-enditem|p1b: Kyogre|Power Lens|[from] move: Knock Off|[of] p2a: Wolfey's Wrestler\n|move|p1b: Kyogre|Thunder|p2b: Primal Predator\n|-resisted|p2b: Primal Predator\n|-damage|p2b: Primal Predator|56/100\n|\n|-weather|SunnyDay|[upkeep]\n|upkeep\n|turn|8\n|\n|t:|1774003133\n|move|p1b: Kyogre|Protect|p1b: Kyogre\n|-singleturn|p1b: Kyogre|Protect\n|move|p2b: Primal Predator|Close Combat|p1b: Kyogre\n|-activate|p1b: Kyogre|move: Protect\n|move|p2a: Wolfey's Wrestler|Knock Off|p1b: Kyogre\n|-activate|p1b: Kyogre|move: Protect\n|\n|-weather|SunnyDay|[upkeep]\n|upkeep\n|turn|9\n|\n|t:|1774003149\n|move|p2b: Primal Predator|Close Combat|p1b: Kyogre\n|-damage|p1b: Kyogre|0 fnt\n|-unboost|p2b: Primal Predator|def|1\n|-unboost|p2b: Primal Predator|spd|1\n|faint|p1b: Kyogre\n|-damage|p2b: Primal Predator|47/100|[from] item: Life Orb\n|\n|win|mikachu83983\n|raw|jj11j1's rating: 1418 &rarr; <strong>1401</strong><br />(-17 for losing)\n|raw|mikachu83983's rating: 1473 &rarr; <strong>1490</strong><br />(+17 for winning)\n|l|\u2606jj11j1\n|player|p1|\n|l|\u2606mikachu83983\n|player|p2|\n","uploadtime":1774003351,"views":14,"formatid":"gen9vgc2026regi","rating":1401,"private":0,"password":null}