{"id":"gen9vgc2026regi-2543373003","format":"[Gen 9] VGC 2026 Reg I","players":["bullgod4ever","Peytonvgc2025"],"log":"|j|\u2606bullgod4ever\n|j|\u2606Peytonvgc2025\n|t:|1771561948\n|gametype|doubles\n|player|p1|bullgod4ever|102|1505\n|player|p2|Peytonvgc2025|red|1351\n|gen|9\n|tier|[Gen 9] VGC 2026 Reg I\n|rated|\n|rule|Species Clause: Limit one of each Pok\u00e9mon\n|rule|Item Clause: Limit 1 of each item\n|clearpoke\n|poke|p1|Calyrex-Shadow, L50|\n|poke|p1|Zamazenta-*, L50|\n|poke|p1|Chien-Pao, L50|\n|poke|p1|Dragonite, L50, M|\n|poke|p1|Amoonguss, L50, F|\n|poke|p1|Ogerpon-Cornerstone, L50, F|\n|poke|p2|Calyrex-Shadow, L50|\n|poke|p2|Zamazenta-*, L50|\n|poke|p2|Rillaboom, L50, M|\n|poke|p2|Incineroar, L50, M|\n|poke|p2|Politoed, L50, M|\n|poke|p2|Clefairy, L50, M|\n|teampreview|4\n|inactive|Battle timer is ON: inactive players will automatically lose when time's up. (requested by Peytonvgc2025)\n|inactive|bullgod4ever has 60 seconds left.\n|\n|t:|1771561995\n|teamsize|p1|4\n|teamsize|p2|4\n|start\n|switch|p1a: Chien-Pao|Chien-Pao, L50|100/100\n|switch|p1b: Zamazenta|Zamazenta-Crowned, L50|100/100\n|switch|p2a: Zamazenta|Zamazenta-Crowned, L50|100/100\n|switch|p2b: Incineroar|Incineroar, L50, M|100/100\n|-ability|p1a: Chien-Pao|Sword of Ruin\n|-ability|p1b: Zamazenta|Dauntless Shield|boost\n|-boost|p1b: Zamazenta|def|1\n|-ability|p2a: Zamazenta|Dauntless Shield|boost\n|-boost|p2a: Zamazenta|def|1\n|-ability|p2b: Incineroar|Intimidate|boost\n|-unboost|p1a: Chien-Pao|atk|1\n|-unboost|p1b: Zamazenta|atk|1\n|-enditem|p2b: Incineroar|Mirror Herb\n|-boost|p2b: Incineroar|def|1|[from] item: Mirror Herb\n|turn|1\n|\n|t:|1771562016\n|-terastallize|p1a: Chien-Pao|Ghost\n|move|p2b: Incineroar|Fake Out|p1b: Zamazenta\n|-resisted|p1b: Zamazenta\n|-damage|p1b: Zamazenta|98/100\n|move|p1a: Chien-Pao|Ruination|p2a: Zamazenta\n|-damage|p2a: Zamazenta|51/100\n|cant|p1b: Zamazenta|flinch\n|move|p2a: Zamazenta|Body Press|p1b: Zamazenta\n|-supereffective|p1b: Zamazenta\n|-damage|p1b: Zamazenta|25/100\n|\n|upkeep\n|turn|2\n|inactive|bullgod4ever has 30 seconds left.\n|\n|t:|1771562047\n|move|p1a: Chien-Pao|Ruination|p2b: Incineroar|[miss]\n|-miss|p1a: Chien-Pao|p2b: Incineroar\n|move|p1b: Zamazenta|Body Press|p2a: Zamazenta\n|-supereffective|p2a: Zamazenta\n|-damage|p2a: Zamazenta|0 fnt\n|faint|p2a: Zamazenta\n|move|p2b: Incineroar|Knock Off|p1a: Chien-Pao\n|-supereffective|p1a: Chien-Pao\n|-damage|p1a: Chien-Pao|14/100\n|-enditem|p1a: Chien-Pao|Assault Vest|[from] move: Knock Off|[of] p2b: Incineroar\n|\n|upkeep\n|\n|t:|1771562058\n|switch|p2a: Calyrex|Calyrex-Shadow, L50|100/100\n|-ability|p2a: Calyrex|As One\n|-ability|p2a: Calyrex|Unnerve\n|turn|3\n|\n|t:|1771562067\n|-terastallize|p2a: Calyrex|Water\n|move|p1a: Chien-Pao|Sucker Punch||[still]\n|-fail|p1a: Chien-Pao\n|move|p2a: Calyrex|Nasty Plot|p2a: Calyrex\n|-boost|p2a: Calyrex|spa|2\n|move|p1b: Zamazenta|Body Press|p2b: Incineroar\n|-supereffective|p2b: Incineroar\n|-damage|p2b: Incineroar|1/100\n|move|p2b: Incineroar|Flare Blitz|p1b: Zamazenta\n|-supereffective|p1b: Zamazenta\n|-damage|p1b: Zamazenta|0 fnt\n|faint|p1b: Zamazenta\n|-damage|p2b: Incineroar|0 fnt|[from] Recoil\n|faint|p2b: Incineroar\n|\n|upkeep\n|\n|t:|1771562086\n|switch|p1b: Dragonite|Dragonite, L50, M|100/100\n|switch|p2b: Politoed|Politoed, L50, M|100/100\n|-weather|RainDance|[from] ability: Drizzle|[of] p2b: Politoed\n|turn|4\n|\n|t:|1771562100\n|move|p2a: Calyrex|Protect|p2a: Calyrex\n|-singleturn|p2a: Calyrex|Protect\n|move|p1b: Dragonite|Extreme Speed|p2a: Calyrex\n|-activate|p2a: Calyrex|move: Protect\n|move|p1a: Chien-Pao|Sucker Punch||[still]\n|-fail|p1a: Chien-Pao\n|move|p2b: Politoed|Weather Ball|p1a: Chien-Pao\n|-damage|p1a: Chien-Pao|0 fnt\n|faint|p1a: Chien-Pao\n|\n|-weather|RainDance|[upkeep]\n|upkeep\n|\n|t:|1771562115\n|switch|p1a: Calyrex|Calyrex-Shadow, L50|100/100\n|-ability|p1a: Calyrex|As One\n|-ability|p1a: Calyrex|Unnerve\n|turn|5\n|\n|t:|1771562130\n|move|p1b: Dragonite|Extreme Speed|p2a: Calyrex\n|-damage|p2a: Calyrex|51/100\n|move|p1a: Calyrex|Astral Barrage|p2a: Calyrex|[spread] p2a,p2b\n|-damage|p2a: Calyrex|2/100\n|-damage|p2b: Politoed|56/100\n|move|p2a: Calyrex|Astral Barrage|p1b: Dragonite|[spread] p1a,p1b\n|-supereffective|p1a: Calyrex\n|-enditem|p1a: Calyrex|Focus Sash\n|-damage|p1a: Calyrex|1/100\n|-damage|p1b: Dragonite|12/100\n|move|p2b: Politoed|Perish Song|p2b: Politoed\n|-start|p1a: Calyrex|perish3|[silent]\n|-start|p1b: Dragonite|perish3|[silent]\n|-start|p2a: Calyrex|perish3|[silent]\n|-start|p2b: Politoed|perish3|[silent]\n|-fieldactivate|move: Perish Song\n|\n|-weather|RainDance|[upkeep]\n|-heal|p2b: Politoed|62/100|[from] item: Leftovers\n|-start|p2a: Calyrex|perish3\n|-start|p1a: Calyrex|perish3\n|-start|p1b: Dragonite|perish3\n|-start|p2b: Politoed|perish3\n|upkeep\n|turn|6\n|inactive|bullgod4ever has 30 seconds left.\n|inactive|Peytonvgc2025 has 30 seconds left.\n|\n|t:|1771562160\n|move|p1b: Dragonite|Extreme Speed|p2b: Politoed\n|-damage|p2b: Politoed|18/100\n|move|p2a: Calyrex|Astral Barrage|p1b: Dragonite|[spread] p1a,p1b\n|-supereffective|p1a: Calyrex\n|-damage|p1a: Calyrex|0 fnt\n|-damage|p1b: Dragonite|0 fnt\n|faint|p1a: Calyrex\n|faint|p1b: Dragonite\n|\n|win|Peytonvgc2025\n|raw|bullgod4ever's rating: 1505 &rarr; <strong>1477</strong><br />(-28 for losing)\n|raw|Peytonvgc2025's rating: 1351 &rarr; <strong>1379</strong><br />(+28 for winning)\n|l|\u2606Peytonvgc2025\n|player|p2|\n|l|\u2606bullgod4ever\n|player|p1|\n","uploadtime":1771562413,"views":21,"formatid":"gen9vgc2026regi","rating":1379,"private":0,"password":null}