{"id":"gen9vgc2026regi-2579548630","format":"[Gen 9] VGC 2026 Reg I","players":["navinsachump","TheManOfSausage"],"log":"|j|\u2606navinsachump\n|j|\u2606TheManOfSausage\n|t:|1775795798\n|gametype|doubles\n|player|p1|navinsachump|smasher|1554\n|player|p2|TheManOfSausage|miku-water|1621\n|gen|9\n|tier|[Gen 9] VGC 2026 Reg I\n|rated|\n|rule|Species Clause: Limit one of each Pok\u00e9mon\n|rule|Item Clause: Limit 1 of each item\n|clearpoke\n|poke|p1|Miraidon, L50|\n|poke|p1|Incineroar, L50, M|\n|poke|p1|Whimsicott, L50, M|\n|poke|p1|Urshifu-*, L50, M|\n|poke|p1|Lunala, L50|\n|poke|p1|Ursaluna, L50, F|\n|poke|p2|Calyrex-Ice, L50|\n|poke|p2|Miraidon, L50|\n|poke|p2|Farigiraf, L50, F|\n|poke|p2|Urshifu-*, L50, M|\n|poke|p2|Volcarona, L50, M|\n|poke|p2|Iron Hands, L50|\n|teampreview|4\n|inactive|Battle timer is ON: inactive players will automatically lose when time's up. (requested by navinsachump)\nTheManOfSausage has agreed to open team sheets.\n|\n|t:|1775795830\n|teamsize|p1|4\n|teamsize|p2|4\n|start\n|switch|p1a: Lunala|Lunala, L50|100/100\n|switch|p1b: Incineroar|Incineroar, L50, M|100/100\n|switch|p2a: Magical Mirai|Miraidon, L50|100/100\n|switch|p2b: Ogurin|Calyrex-Ice, L50|100/100\n|-ability|p2b: Ogurin|As One\n|-ability|p2b: Ogurin|Unnerve\n|-fieldstart|move: Electric Terrain|[from] ability: Hadron Engine|[of] p2a: Magical Mirai\n|-enditem|p1a: Lunala|Electric Seed\n|-boost|p1a: Lunala|def|1|[from] item: Electric Seed\n|-ability|p1b: Incineroar|Intimidate|boost\n|-unboost|p2a: Magical Mirai|atk|1\n|-fail|p2b: Ogurin|unboost|[from] item: Clear Amulet|[of] p2b: Ogurin\n|turn|1\n|inactive|navinsachump has 30 seconds left.\n|\n|t:|1775795857\n|-terastallize|p2b: Ogurin|Water\n|move|p2a: Magical Mirai|Volt Switch|p1a: Lunala\n|-damage|p1a: Lunala|76/100\n|\n|t:|1775795862\n|switch|p2a: Brian|Iron Hands, L50, shiny|100/100|[from] Volt Switch\n|-activate|p2a: Brian|ability: Quark Drive\n|-start|p2a: Brian|quarkdriveatk\n|move|p1a: Lunala|Moongeist Beam|p2b: Ogurin\n|-damage|p2b: Ogurin|63/100\n|move|p1b: Incineroar|U-turn|p2b: Ogurin\n|-damage|p2b: Ogurin|50/100\n|\n|t:|1775795867\n|switch|p1b: Ursaluna|Ursaluna, L50, F|100/100|[from] U-turn\n|move|p2b: Ogurin|Glacial Lance|p1b: Ursaluna|[spread] p1a,p1b\n|-supereffective|p1b: Ursaluna\n|-damage|p1a: Lunala|47/100\n|-damage|p1b: Ursaluna|5/100\n|\n|-status|p1b: Ursaluna|brn|[from] item: Flame Orb\n|upkeep\n|turn|2\n|inactive|navinsachump has 30 seconds left.\n|\n|t:|1775795895\n|-terastallize|p1b: Ursaluna|Ghost\n|move|p2b: Ogurin|Protect|p2b: Ogurin\n|-singleturn|p2b: Ogurin|Protect\n|move|p1a: Lunala|Wide Guard|p1a: Lunala\n|-singleturn|p1a: Lunala|Wide Guard\n|move|p1b: Ursaluna|Earthquake|p2b: Ogurin|[spread] p2a\n|-activate|p1a: Lunala|move: Wide Guard\n|-activate|p2b: Ogurin|move: Protect\n|-supereffective|p2a: Brian\n|-damage|p2a: Brian|13/100\n|move|p2a: Brian|Wild Charge|p1a: Lunala\n|-damage|p1a: Lunala|7/100\n|-damage|p2a: Brian|4/100|[from] Recoil\n|\n|-damage|p1b: Ursaluna|0 fnt|[from] brn\n|faint|p1b: Ursaluna\n|upkeep\n|\n|t:|1775795913\n|switch|p1b: Incineroar|Incineroar, L50, M|100/100\n|-ability|p1b: Incineroar|Intimidate|boost\n|-unboost|p2a: Brian|atk|1\n|-fail|p2b: Ogurin|unboost|[from] item: Clear Amulet|[of] p2b: Ogurin\n|turn|3\n|\n|t:|1775795932\n|switch|p2b: Magical Mirai|Miraidon, L50|100/100\n|-activate|p2b: Magical Mirai|ability: Hadron Engine\n|move|p1a: Lunala|Moongeist Beam|p2b: Magical Mirai\n|-damage|p2b: Magical Mirai|54/100\n|move|p1b: Incineroar|Knock Off|p2a: Brian\n|-resisted|p2a: Brian\n|-damage|p2a: Brian|0 fnt\n|-enditem|p2a: Brian|Assault Vest|[from] move: Knock Off|[of] p1b: Incineroar\n|faint|p2a: Brian\n|-end|p2a: Brian|Quark Drive|[silent]\n|\n|upkeep\n|\n|t:|1775795956\n|switch|p2a: Urshifu|Urshifu-Rapid-Strike, L50, M|100/100\n|turn|4\n|\n|t:|1775795970\n|move|p2b: Magical Mirai|Volt Switch|p1a: Lunala\n|-damage|p1a: Lunala|0 fnt\n|faint|p1a: Lunala\n|\n|t:|1775795972\n|switch|p2b: Ogurin|Calyrex-Ice, L50, tera:Water|50/100|[from] Volt Switch\n|-ability|p2b: Ogurin|As One\n|-ability|p2b: Ogurin|Unnerve\n|move|p2a: Urshifu|Close Combat|p1b: Incineroar\n|-supereffective|p1b: Incineroar\n|-damage|p1b: Incineroar|0 fnt\n|-unboost|p2a: Urshifu|def|1\n|-unboost|p2a: Urshifu|spd|1\n|faint|p1b: Incineroar\n|\n|upkeep\n|\n|t:|1775795975\n|switch|p1b: Miraidon|Miraidon, L50|100/100\n|-activate|p1b: Miraidon|ability: Hadron Engine\n|turn|5\n|\n|t:|1775795991\n|move|p1b: Miraidon|Electro Drift|p2b: Ogurin\n|-supereffective|p2b: Ogurin\n|-damage|p2b: Ogurin|0 fnt\n|faint|p2b: Ogurin\n|move|p2a: Urshifu|Close Combat|p1b: Miraidon\n|-damage|p1b: Miraidon|38/100\n|-unboost|p2a: Urshifu|def|1\n|-unboost|p2a: Urshifu|spd|1\n|\n|-fieldend|move: Electric Terrain\n|upkeep\n|\n|t:|1775795994\n|switch|p2b: Magical Mirai|Miraidon, L50|54/100\n|-fieldstart|move: Electric Terrain|[from] ability: Hadron Engine|[of] p2b: Magical Mirai\n|turn|6\n|-message|navinsachump forfeited.\n|\n|win|TheManOfSausage\n|raw|navinsachump's rating: 1554 &rarr; <strong>1538</strong><br />(-16 for losing)\n|raw|TheManOfSausage's rating: 1621 &rarr; <strong>1637</strong><br />(+16 for winning)\n|c|\u2606TheManOfSausage|gg\n|l|\u2606navinsachump\n|player|p1|\n|l|\u2606TheManOfSausage\n|player|p2|\n","uploadtime":1775796194,"views":14,"formatid":"gen9vgc2026regi","rating":1538,"private":0,"password":null}