{"id":"gen9vgc2026regi-2521656663","format":"[Gen 9] VGC 2026 Reg I","players":["vincent's life","yaochangzhe"],"log":"|j|\u2606vincent's life\n|j|\u2606yaochangzhe\n|t:|1768802488\n|gametype|doubles\n|player|p1|vincent's life|1|1397\n|player|p2|yaochangzhe|1|1271\n|gen|9\n|tier|[Gen 9] VGC 2026 Reg I\n|rated|\n|rule|Species Clause: Limit one of each Pok\u00e9mon\n|rule|Item Clause: Limit 1 of each item\n|clearpoke\n|poke|p1|Miraidon, L50|\n|poke|p1|Landorus, L50, M|\n|poke|p1|Incineroar, L50, M|\n|poke|p1|Iron Bundle, L50|\n|poke|p1|Farigiraf, L50, F|\n|poke|p1|Calyrex-Ice, L50|\n|poke|p2|Grimmsnarl, L50, M|\n|poke|p2|Kyogre, L50|\n|poke|p2|Calyrex-Ice, L50|\n|poke|p2|Rillaboom, L50, F|\n|poke|p2|Landorus, L50, M|\n|poke|p2|Urshifu-*, L50, F|\n|teampreview|4\n|\n|t:|1768802501\n|teamsize|p1|4\n|teamsize|p2|4\n|start\n|switch|p1a: Calyrex|Calyrex-Ice, L50|100/100\n|switch|p1b: Co-Star|Miraidon, L50|100/100\n|switch|p2a: Urshifu|Urshifu-Rapid-Strike, L50, F|100/100\n|switch|p2b: Grimmsnarl|Grimmsnarl, L50, M|100/100\n|-ability|p1a: Calyrex|As One\n|-ability|p1a: Calyrex|Unnerve\n|-fieldstart|move: Electric Terrain|[from] ability: Hadron Engine|[of] p1b: Co-Star\n|turn|1\n|\n|t:|1768802517\n|move|p1b: Co-Star|Volt Switch|p2b: Grimmsnarl\n|-damage|p2b: Grimmsnarl|0 fnt\n|faint|p2b: Grimmsnarl\n|\n|t:|1768802522\n|switch|p1b: the Star|Iron Bundle, L50|100/100|[from] Volt Switch\n|-activate|p1b: the Star|ability: Quark Drive\n|-start|p1b: the Star|quarkdrivespe\n|move|p2a: Urshifu|Surging Strikes|p1a: Calyrex\n|-crit|p1a: Calyrex\n|-damage|p1a: Calyrex|79/100\n|-crit|p1a: Calyrex\n|-damage|p1a: Calyrex|57/100\n|-crit|p1a: Calyrex\n|-damage|p1a: Calyrex|35/100\n|-hitcount|p1a: Calyrex|3\n|move|p1a: Calyrex|Glacial Lance|p2a: Urshifu\n|-resisted|p2a: Urshifu\n|-damage|p2a: Urshifu|64/100\n|\n|upkeep\n|\n|t:|1768802533\n|switch|p2b: Calyrex|Calyrex-Ice, L50|100/100\n|-ability|p2b: Calyrex|As One\n|-ability|p2b: Calyrex|Unnerve\n|turn|2\n|\n|t:|1768802543\n|move|p1b: the Star|Freeze-Dry|p2a: Urshifu\n|-supereffective|p2a: Urshifu\n|-damage|p2a: Urshifu|0 fnt\n|faint|p2a: Urshifu\n|move|p1a: Calyrex|Glacial Lance|p2b: Calyrex\n|-resisted|p2b: Calyrex\n|-damage|p2b: Calyrex|76/100\n|move|p2b: Calyrex|Trick Room|p2b: Calyrex\n|-fieldstart|move: Trick Room|[of] p2b: Calyrex\n|\n|-heal|p2b: Calyrex|82/100|[from] item: Leftovers\n|upkeep\n|\n|t:|1768802547\n|switch|p2a: Kyogre|Kyogre, L50|100/100\n|-weather|RainDance|[from] ability: Drizzle|[of] p2a: Kyogre\n|turn|3\n|\n|t:|1768802559\n|move|p1b: the Star|Protect|p1b: the Star\n|-singleturn|p1b: the Star|Protect\n|move|p1a: Calyrex|Glacial Lance|p2b: Calyrex|[spread] p2a,p2b\n|-resisted|p2a: Kyogre\n|-resisted|p2b: Calyrex\n|-damage|p2a: Kyogre|75/100\n|-damage|p2b: Calyrex|64/100\n|move|p2b: Calyrex|Glacial Lance|p1a: Calyrex|[spread] p1a\n|-activate|p1b: the Star|move: Protect\n|-resisted|p1a: Calyrex\n|-damage|p1a: Calyrex|17/100\n|move|p2a: Kyogre|Thunder|p1b: the Star\n|-activate|p1b: the Star|move: Protect\n|\n|-weather|RainDance|[upkeep]\n|-heal|p2b: Calyrex|70/100|[from] item: Leftovers\n|upkeep\n|turn|4\n|\n|t:|1768802577\n|move|p1a: Calyrex|Glacial Lance|p2a: Kyogre|[spread] p2a,p2b\n|-resisted|p2a: Kyogre\n|-resisted|p2b: Calyrex\n|-damage|p2a: Kyogre|48/100\n|-damage|p2b: Calyrex|54/100\n|move|p2b: Calyrex|Glacial Lance|p1b: the Star|[spread] p1a,p1b\n|-resisted|p1a: Calyrex\n|-resisted|p1b: the Star\n|-damage|p1a: Calyrex|0 fnt\n|-damage|p1b: the Star|85/100\n|faint|p1a: Calyrex\n|-ability|p2b: Calyrex|Chilling Neigh|boost\n|-boost|p2b: Calyrex|atk|1\n|move|p2a: Kyogre|Origin Pulse|p1b: the Star\n|-resisted|p1b: the Star\n|-damage|p1b: the Star|0 fnt\n|faint|p1b: the Star\n|-end|p1b: the Star|Quark Drive|[silent]\n|\n|-weather|RainDance|[upkeep]\n|-heal|p2b: Calyrex|60/100|[from] item: Leftovers\n|upkeep\n|\n|t:|1768802584\n|switch|p1a: the Manager|Farigiraf, L50, F|100/100\n|switch|p1b: Co-Star|Miraidon, L50|100/100\n|-activate|p1b: Co-Star|ability: Hadron Engine\n|turn|5\n|-message|vincent's life forfeited.\n|\n|win|yaochangzhe\n|raw|vincent&apos;s life's rating: 1397 &rarr; <strong>1370</strong><br />(-27 for losing)\n|raw|yaochangzhe's rating: 1271 &rarr; <strong>1305</strong><br />(+34 for winning)\n|l|\u2606vincent's life\n|player|p1|\n","uploadtime":1768802799,"views":13,"formatid":"gen9vgc2026regi","rating":1305,"private":0,"password":null}