{"id":"gen9vgc2026regi-2570391935","format":"[Gen 9] VGC 2026 Reg I","players":["EllenJoe2026","leozinmeengravida"],"log":"|j|\u2606EllenJoe2026\n|j|\u2606leozinmeengravida\n|t:|1774807459\n|gametype|doubles\n|player|p1|EllenJoe2026|elesa|1509\n|player|p2|leozinmeengravida|morty|1382\n|gen|9\n|tier|[Gen 9] VGC 2026 Reg I\n|rated|\n|rule|Species Clause: Limit one of each Pok\u00e9mon\n|rule|Item Clause: Limit 1 of each item\n|clearpoke\n|poke|p1|Calyrex-Shadow, L50|\n|poke|p1|Zamazenta-*, L50|\n|poke|p1|Incineroar, L50, F|\n|poke|p1|Rillaboom, L50, F|\n|poke|p1|Ogerpon-Cornerstone, L50, F|\n|poke|p1|Tornadus, L50, M|\n|poke|p2|Zamazenta-*, L50|\n|poke|p2|Calyrex-Shadow, L50|\n|poke|p2|Smeargle, L50, F|\n|poke|p2|Tornadus, L50, M|\n|poke|p2|Rillaboom, L50, M|\n|poke|p2|Raging Bolt, L50|\n|teampreview|4\n|inactive|Battle timer is ON: inactive players will automatically lose when time's up. (requested by leozinmeengravida)\n|inactive|EllenJoe2026 also wants the timer to be on.\n|inactive|EllenJoe2026 has 60 seconds left.\n|\n|t:|1774807494\n|teamsize|p1|4\n|teamsize|p2|4\n|start\n|switch|p1a: Zamazenta|Zamazenta-Crowned, L50, shiny|100/100\n|switch|p1b: Tornadus|Tornadus, L50, M, shiny|100/100\n|switch|p2a: Calyrex|Calyrex-Shadow, L50|100/100\n|switch|p2b: Ismirgu|Smeargle, L50, F|100/100\n|-ability|p2a: Calyrex|As One\n|-ability|p2a: Calyrex|Unnerve\n|-ability|p1a: Zamazenta|Dauntless Shield|boost\n|-boost|p1a: Zamazenta|def|1\n|turn|1\n|inactive|EllenJoe2026 has 30 seconds left.\n|\n|t:|1774807525\n|-terastallize|p1b: Tornadus|Dark\n|move|p1b: Tornadus|Taunt|p2b: Ismirgu\n|-start|p2b: Ismirgu|move: Taunt\n|move|p2a: Calyrex|Nasty Plot|p2a: Calyrex\n|-boost|p2a: Calyrex|spa|2\n|move|p1a: Zamazenta|Heavy Slam|p2a: Calyrex\n|-damage|p2a: Calyrex|50/100\n|cant|p2b: Ismirgu|move: Taunt|Spore\n|\n|-ability|p2b: Ismirgu|Moody|boost\n|-boost|p2b: Ismirgu|spd|2\n|-unboost|p2b: Ismirgu|spa|1\n|upkeep\n|turn|2\n|\n|t:|1774807549\n|switch|p2b: Rillaboom|Rillaboom, L50, M|100/100\n|-fieldstart|move: Grassy Terrain|[from] ability: Grassy Surge|[of] p2b: Rillaboom\n|move|p2a: Calyrex|Protect|p2a: Calyrex\n|-singleturn|p2a: Calyrex|Protect\n|move|p1b: Tornadus|Tailwind|p1b: Tornadus\n|-sidestart|p1: EllenJoe2026|move: Tailwind\n|move|p1a: Zamazenta|Heavy Slam|p2a: Calyrex\n|-activate|p2a: Calyrex|move: Protect\n|\n|-heal|p2a: Calyrex|56/100|[from] Grassy Terrain\n|upkeep\n|turn|3\n|inactive|EllenJoe2026 has 30 seconds left.\n|inactive|leozinmeengravida has 30 seconds left.\n|\n|t:|1774807575\n|move|p2b: Rillaboom|Fake Out|p1b: Tornadus\n|-damage|p1b: Tornadus|86/100\n|cant|p1b: Tornadus|flinch\n|move|p1a: Zamazenta|Heavy Slam|p2a: Calyrex\n|-damage|p2a: Calyrex|6/100\n|move|p2a: Calyrex|Astral Barrage|p1b: Tornadus|[spread] p1a,p1b\n|-resisted|p1b: Tornadus\n|-damage|p1a: Zamazenta|12/100\n|-damage|p1b: Tornadus|12/100\n|-damage|p2a: Calyrex|0 fnt|[from] item: Life Orb\n|faint|p2a: Calyrex\n|\n|-heal|p1a: Zamazenta|18/100|[from] Grassy Terrain\n|-heal|p1b: Tornadus|18/100|[from] Grassy Terrain\n|upkeep\n|\n|t:|1774807584\n|switch|p2a: Zamazenta|Zamazenta-Crowned, L50|100/100\n|-ability|p2a: Zamazenta|Dauntless Shield|boost\n|-boost|p2a: Zamazenta|def|1\n|turn|4\n|\n|t:|1774807608\n|move|p1b: Tornadus|Taunt|p2a: Zamazenta\n|-start|p2a: Zamazenta|move: Taunt\n|move|p2b: Rillaboom|Grassy Glide|p1b: Tornadus\n|-damage|p1b: Tornadus|0 fnt\n|faint|p1b: Tornadus\n|move|p1a: Zamazenta|Imprison|p1a: Zamazenta\n|-start|p1a: Zamazenta|move: Imprison\n|cant|p2a: Zamazenta|move: Imprison|Body Press\n|\n|-heal|p1a: Zamazenta|24/100|[from] Grassy Terrain\n|upkeep\n|\n|t:|1774807621\n|switch|p1b: Calyrex|Calyrex-Shadow, L50|100/100\n|-ability|p1b: Calyrex|As One\n|-ability|p1b: Calyrex|Unnerve\n|turn|5\n|\n|t:|1774807639\n|-terastallize|p2a: Zamazenta|Grass\n|move|p1b: Calyrex|Astral Barrage|p2a: Zamazenta|[spread] p2a,p2b\n|-damage|p2a: Zamazenta|57/100\n|-damage|p2b: Rillaboom|57/100\n|-damage|p1b: Calyrex|91/100|[from] item: Life Orb\n|move|p1a: Zamazenta|Body Press|p2b: Rillaboom\n|-damage|p2b: Rillaboom|0 fnt\n|faint|p2b: Rillaboom\n|move|p2a: Zamazenta|Behemoth Bash|p1b: Calyrex\n|-damage|p1b: Calyrex|43/100\n|\n|-heal|p1b: Calyrex|49/100|[from] Grassy Terrain\n|-heal|p1a: Zamazenta|30/100|[from] Grassy Terrain\n|-heal|p2a: Zamazenta|64/100|[from] Grassy Terrain\n|-sideend|p1: EllenJoe2026|move: Tailwind\n|upkeep\n|\n|t:|1774807643\n|switch|p2b: Ismirgu|Smeargle, L50, F|100/100\n|turn|6\n|inactive|EllenJoe2026 has 30 seconds left.\n|\n|t:|1774807668\n|move|p1b: Calyrex|Protect|p1b: Calyrex\n|-singleturn|p1b: Calyrex|Protect\n|move|p2b: Ismirgu|Fake Out|p1a: Zamazenta\n|-resisted|p1a: Zamazenta\n|-damage|p1a: Zamazenta|29/100\n|move|p2a: Zamazenta|Behemoth Bash|p1b: Calyrex\n|-activate|p1b: Calyrex|move: Protect\n|cant|p1a: Zamazenta|flinch\n|\n|-heal|p1b: Calyrex|56/100|[from] Grassy Terrain\n|-heal|p2a: Zamazenta|70/100|[from] Grassy Terrain\n|-heal|p1a: Zamazenta|36/100|[from] Grassy Terrain\n|-end|p2a: Zamazenta|move: Taunt\n|-fieldend|move: Grassy Terrain\n|-ability|p2b: Ismirgu|Moody|boost\n|-boost|p2b: Ismirgu|def|2\n|-unboost|p2b: Ismirgu|spe|1\n|upkeep\n|turn|7\n|\n|t:|1774807684\n|move|p2a: Zamazenta|Protect|p2a: Zamazenta\n|-singleturn|p2a: Zamazenta|Protect\n|move|p1b: Calyrex|Psychic|p2b: Ismirgu\n|-enditem|p2b: Ismirgu|Focus Sash\n|-damage|p2b: Ismirgu|1/100\n|-damage|p1b: Calyrex|46/100|[from] item: Life Orb\n|move|p1a: Zamazenta|Heavy Slam|p2b: Ismirgu\n|-crit|p2b: Ismirgu\n|-damage|p2b: Ismirgu|0 fnt\n|faint|p2b: Ismirgu\n|\n|upkeep\n|turn|8\n|-message|leozinmeengravida forfeited.\n|\n|win|EllenJoe2026\n","uploadtime":1774807461,"views":459,"formatid":"gen9vgc2026regi","rating":null,"private":0,"password":null}