{"id":"gen9vgc2026regi-2550790255","format":"[Gen 9] VGC 2026 Reg I","players":["Shuriky","fogdocker"],"log":"|j|\u2606Shuriky\n|j|\u2606fogdocker\n|t:|1772533695\n|gametype|doubles\n|player|p1|Shuriky|170|1438\n|player|p2|fogdocker|265|1463\n|gen|9\n|tier|[Gen 9] VGC 2026 Reg I\n|rated|\n|rule|Species Clause: Limit one of each Pok\u00e9mon\n|rule|Item Clause: Limit 1 of each item\n|clearpoke\n|poke|p1|Miraidon, L50|\n|poke|p1|Kyogre, L50|\n|poke|p1|Whimsicott, L50, F|\n|poke|p1|Iron Treads, L50|\n|poke|p1|Chi-Yu, L50|\n|poke|p1|Farigiraf, L50, F|\n|poke|p2|Calyrex-Ice, L50|\n|poke|p2|Koraidon, L50|\n|poke|p2|Flutter Mane, L50|\n|poke|p2|Incineroar, L50, F|\n|poke|p2|Rillaboom, L50, F|\n|poke|p2|Annihilape, L50, F|\n|teampreview|4\n|\n|t:|1772533731\n|teamsize|p1|4\n|teamsize|p2|4\n|start\n|switch|p1a: Lil Goldfish|Chi-Yu, L50|100/100\n|switch|p1b: Trollsicott|Whimsicott, L50, F, shiny|100/100\n|switch|p2a: Calyrex|Calyrex-Ice, L50|100/100\n|switch|p2b: Rillaboom|Rillaboom, L50, F|100/100\n|-ability|p2a: Calyrex|As One\n|-ability|p2a: Calyrex|Unnerve\n|-ability|p1a: Lil Goldfish|Beads of Ruin\n|-fieldstart|move: Grassy Terrain|[from] ability: Grassy Surge|[of] p2b: Rillaboom\n|turn|1\n|\n|t:|1772533765\n|switch|p2b: Incineroar|Incineroar, L50, F|100/100\n|-ability|p2b: Incineroar|Intimidate|boost\n|-unboost|p1a: Lil Goldfish|atk|1\n|-unboost|p1b: Trollsicott|atk|1\n|-terastallize|p1a: Lil Goldfish|Ghost\n|-terastallize|p2a: Calyrex|Water\n|move|p1b: Trollsicott|Encore|p2b: Incineroar\n|-hint|Since gen 7, Dark is immune to Prankster moves.\n|-immune|p2b: Incineroar\n|move|p1a: Lil Goldfish|Overheat|p2b: Incineroar\n|-resisted|p2b: Incineroar\n|-damage|p2b: Incineroar|63/100\n|-unboost|p1a: Lil Goldfish|spa|2\n|move|p2a: Calyrex|Glacial Lance|p1b: Trollsicott|[spread] p1a,p1b\n|-supereffective|p1b: Trollsicott\n|-damage|p1a: Lil Goldfish|35/100\n|-enditem|p1b: Trollsicott|Focus Sash\n|-damage|p1b: Trollsicott|1/100\n|\n|-heal|p1a: Lil Goldfish|41/100|[from] Grassy Terrain\n|-heal|p1b: Trollsicott|7/100|[from] Grassy Terrain\n|-heal|p2b: Incineroar|69/100|[from] Grassy Terrain\n|upkeep\n|turn|2\n|\n|t:|1772533821\n|switch|p1a: Fih|Kyogre, L50, shiny|100/100\n|-weather|RainDance|[from] ability: Drizzle|[of] p1a: Fih\n|switch|p1b: Larry|Miraidon, L50|100/100\n|-fieldstart|move: Electric Terrain|[from] ability: Hadron Engine|[of] p1b: Larry\n|move|p2b: Incineroar|Fake Out|p1b: Larry\n|-damage|p1b: Larry|91/100\n|move|p2a: Calyrex|Glacial Lance|p1b: Larry|[spread] p1a,p1b\n|-resisted|p1a: Fih\n|-supereffective|p1b: Larry\n|-damage|p1a: Fih|79/100\n|-damage|p1b: Larry|0 fnt\n|faint|p1b: Larry\n|-ability|p2a: Calyrex|Chilling Neigh|boost\n|-boost|p2a: Calyrex|atk|1\n|\n|-weather|RainDance|[upkeep]\n|upkeep\n|\n|t:|1772533834\n|switch|p1b: Trollsicott|Whimsicott, L50, F, shiny|7/100\n|turn|3\n|\n|t:|1772533856\n|switch|p2b: Rillaboom|Rillaboom, L50, F|100/100\n|-fieldstart|move: Grassy Terrain|[from] ability: Grassy Surge|[of] p2b: Rillaboom\n|move|p2a: Calyrex|Protect|p2a: Calyrex\n|-singleturn|p2a: Calyrex|Protect\n|move|p1b: Trollsicott|Endeavor|p2a: Calyrex\n|-activate|p2a: Calyrex|move: Protect\n|move|p1a: Fih|Water Spout|p2b: Rillaboom|[spread] p2b\n|-activate|p2a: Calyrex|move: Protect\n|-resisted|p2b: Rillaboom\n|-damage|p2b: Rillaboom|70/100\n|\n|-weather|RainDance|[upkeep]\n|-heal|p1b: Trollsicott|13/100|[from] Grassy Terrain\n|-heal|p1a: Fih|86/100|[from] Grassy Terrain\n|-heal|p2b: Rillaboom|76/100|[from] Grassy Terrain\n|upkeep\n|turn|4\n|\n|t:|1772533876\n|switch|p1b: Lil Goldfish|Chi-Yu, L50, tera:Ghost|41/100\n|-ability|p1b: Lil Goldfish|Beads of Ruin\n|move|p2b: Rillaboom|Fake Out|p1b: Lil Goldfish\n|-immune|p1b: Lil Goldfish\n|move|p1a: Fih|Ice Beam|p2b: Rillaboom\n|-supereffective|p2b: Rillaboom\n|-damage|p2b: Rillaboom|14/100\n|move|p2a: Calyrex|Glacial Lance|p1b: Lil Goldfish|[spread] p1a,p1b\n|-resisted|p1a: Fih\n|-damage|p1a: Fih|55/100\n|-damage|p1b: Lil Goldfish|0 fnt\n|faint|p1b: Lil Goldfish\n|-ability|p2a: Calyrex|Chilling Neigh|boost\n|-boost|p2a: Calyrex|atk|1\n|\n|-weather|RainDance|[upkeep]\n|-heal|p1a: Fih|61/100|[from] Grassy Terrain\n|-heal|p2b: Rillaboom|20/100|[from] Grassy Terrain\n|upkeep\n|\n|t:|1772533887\n|switch|p1b: Trollsicott|Whimsicott, L50, F, shiny|13/100\n|turn|5\n|\n|t:|1772533916\n|move|p2b: Rillaboom|Grassy Glide|p1a: Fih\n|-supereffective|p1a: Fih\n|-damage|p1a: Fih|0 fnt\n|faint|p1a: Fih\n|move|p1b: Trollsicott|Endeavor|p2b: Rillaboom\n|-damage|p2b: Rillaboom|8/100\n|move|p2a: Calyrex|Glacial Lance|p1b: Trollsicott\n|-supereffective|p1b: Trollsicott\n|-damage|p1b: Trollsicott|0 fnt\n|faint|p1b: Trollsicott\n|\n|win|fogdocker\n|raw|Shuriky's rating: 1438 &rarr; <strong>1419</strong><br />(-19 for losing)\n|raw|fogdocker's rating: 1463 &rarr; <strong>1482</strong><br />(+19 for winning)\n|l|\u2606Shuriky\n|player|p1|\n|l|\u2606fogdocker\n|player|p2|\n","uploadtime":1772533926,"views":19,"formatid":"gen9vgc2026regi","rating":1419,"private":0,"password":null}