{"id":"gen9vgc2026regi-2517616676","format":"[Gen 9] VGC 2026 Reg I","players":["yaochangzhe","OgreXX"],"log":"|j|\u2606yaochangzhe\n|j|\u2606OgreXX\n|t:|1768285812\n|gametype|doubles\n|player|p1|yaochangzhe|265|1198\n|player|p2|OgreXX|shadowtriad|1117\n|gen|9\n|tier|[Gen 9] VGC 2026 Reg I\n|rated|\n|rule|Species Clause: Limit one of each Pok\u00e9mon\n|rule|Item Clause: Limit 1 of each item\n|clearpoke\n|poke|p1|Kyogre, L50|\n|poke|p1|Calyrex-Ice, L50|\n|poke|p1|Urshifu-*, L50, F|\n|poke|p1|Grimmsnarl, L50, M|\n|poke|p1|Landorus, L50, M|\n|poke|p1|Rillaboom, L50, M|\n|poke|p2|Kyogre, L50|\n|poke|p2|Calyrex-Shadow, L50|\n|poke|p2|Kingambit, L50, M|\n|poke|p2|Rillaboom, L50, M|\n|poke|p2|Urshifu-*, L50, M|\n|poke|p2|Roaring Moon, L50|\n|teampreview|4\n|inactive|Battle timer is ON: inactive players will automatically lose when time's up. (requested by OgreXX)\n|inactive|yaochangzhe has 60 seconds left.\n|inactive|OgreXX has 60 seconds left.\n|inactive|yaochangzhe has 30 seconds left.\n|\n|t:|1768285876\n|teamsize|p1|4\n|teamsize|p2|4\n|start\n|switch|p1a: Kyogre|Kyogre, L50|100/100\n|switch|p1b: Grimmsnarl|Grimmsnarl, L50, M|100/100\n|switch|p2a: Kyogre|Kyogre, L50|100/100\n|switch|p2b: Roaring Moon|Roaring Moon, L50|100/100\n|-weather|RainDance|[from] ability: Drizzle|[of] p2a: Kyogre\n|-enditem|p2b: Roaring Moon|Booster Energy\n|-activate|p2b: Roaring Moon|ability: Protosynthesis|[fromitem]\n|-start|p2b: Roaring Moon|protosynthesisspe\n|turn|1\n|inactive|OgreXX has 30 seconds left.\n|\n|t:|1768285903\n|move|p1b: Grimmsnarl|Reflect|p1b: Grimmsnarl\n|-sidestart|p1: yaochangzhe|Reflect\n|move|p2b: Roaring Moon|Tailwind|p2b: Roaring Moon\n|-sidestart|p2: OgreXX|move: Tailwind\n|move|p2a: Kyogre|Water Spout|p1a: Kyogre|[spread] p1a,p1b\n|-resisted|p1a: Kyogre\n|-damage|p1a: Kyogre|77/100\n|-damage|p1b: Grimmsnarl|0 fnt\n|faint|p1b: Grimmsnarl\n|move|p1a: Kyogre|Thunder|p2a: Kyogre\n|-supereffective|p2a: Kyogre\n|-damage|p2a: Kyogre|41/100\n|\n|-weather|RainDance|[upkeep]\n|upkeep\n|\n|t:|1768285916\n|switch|p1b: Calyrex|Calyrex-Ice, L50|100/100\n|-ability|p1b: Calyrex|As One\n|-ability|p1b: Calyrex|Unnerve\n|turn|2\n|\n|t:|1768285929\n|move|p2b: Roaring Moon|Knock Off|p1b: Calyrex\n|-supereffective|p1b: Calyrex\n|-damage|p1b: Calyrex|64/100\n|-enditem|p1b: Calyrex|Leftovers|[from] move: Knock Off|[of] p2b: Roaring Moon\n|move|p2a: Kyogre|Origin Pulse|p1a: Kyogre|[spread] p1a,p1b\n|-resisted|p1a: Kyogre\n|-damage|p1a: Kyogre|57/100\n|-damage|p1b: Calyrex|7/100\n|move|p1a: Kyogre|Origin Pulse|p2b: Roaring Moon|[spread] p2a,p2b\n|-resisted|p2a: Kyogre\n|-resisted|p2b: Roaring Moon\n|-damage|p2a: Kyogre|14/100\n|-damage|p2b: Roaring Moon|69/100\n|move|p1b: Calyrex|Trick Room|p1b: Calyrex\n|-fieldstart|move: Trick Room|[of] p1b: Calyrex\n|\n|-weather|RainDance|[upkeep]\n|upkeep\n|turn|3\n|\n|t:|1768285953\n|move|p2a: Kyogre|Protect|p2a: Kyogre\n|-singleturn|p2a: Kyogre|Protect\n|move|p2b: Roaring Moon|Protect|p2b: Roaring Moon\n|-singleturn|p2b: Roaring Moon|Protect\n|move|p1b: Calyrex|Glacial Lance|p2b: Roaring Moon|[spread] \n|-activate|p2a: Kyogre|move: Protect\n|-activate|p2b: Roaring Moon|move: Protect\n|move|p1a: Kyogre|Origin Pulse|p2b: Roaring Moon|[spread] \n|-activate|p2a: Kyogre|move: Protect\n|-activate|p2b: Roaring Moon|move: Protect\n|\n|-weather|RainDance|[upkeep]\n|upkeep\n|turn|4\n|\n|t:|1768285970\n|move|p2a: Kyogre|Protect|p2a: Kyogre\n|-singleturn|p2a: Kyogre|Protect\n|move|p2b: Roaring Moon|Protect||[still]\n|-fail|p2b: Roaring Moon\n|move|p1b: Calyrex|Glacial Lance|p2b: Roaring Moon|[spread] p2b\n|-activate|p2a: Kyogre|move: Protect\n|-supereffective|p2b: Roaring Moon\n|-damage|p2b: Roaring Moon|0 fnt\n|faint|p2b: Roaring Moon\n|-end|p2b: Roaring Moon|Protosynthesis|[silent]\n|-ability|p1b: Calyrex|Chilling Neigh|boost\n|-boost|p1b: Calyrex|atk|1\n|move|p1a: Kyogre|Origin Pulse|p2a: Kyogre\n|-activate|p2a: Kyogre|move: Protect\n|\n|-weather|RainDance|[upkeep]\n|-sideend|p2: OgreXX|move: Tailwind\n|upkeep\n|\n|t:|1768285988\n|switch|p2b: Urshifu|Urshifu-Rapid-Strike, L50, M|100/100\n|turn|5\n|\n|t:|1768286007\n|move|p2b: Urshifu|Aqua Jet|p1b: Calyrex\n|-damage|p1b: Calyrex|0 fnt\n|faint|p1b: Calyrex\n|move|p1a: Kyogre|Thunder|p2b: Urshifu\n|-supereffective|p2b: Urshifu\n|-crit|p2b: Urshifu\n|-damage|p2b: Urshifu|0 fnt\n|faint|p2b: Urshifu\n|move|p2a: Kyogre|Origin Pulse|p1a: Kyogre\n|-resisted|p1a: Kyogre\n|-damage|p1a: Kyogre|30/100\n|\n|-weather|none\n|upkeep\n|\n|t:|1768286030\n|switch|p1b: Urshifu|Urshifu-Rapid-Strike, L50, F|100/100\n|switch|p2b: Calyrex|Calyrex-Shadow, L50|100/100\n|-ability|p2b: Calyrex|As One\n|-ability|p2b: Calyrex|Unnerve\n|turn|6\n|\n|t:|1768286054\n|-terastallize|p1a: Kyogre|Grass\n|move|p2b: Calyrex|Protect|p2b: Calyrex\n|-singleturn|p2b: Calyrex|Protect\n|move|p1a: Kyogre|Origin Pulse|p2b: Calyrex|[spread] p2a\n|-activate|p2b: Calyrex|move: Protect\n|-resisted|p2a: Kyogre\n|-damage|p2a: Kyogre|0 fnt\n|faint|p2a: Kyogre\n|move|p1b: Urshifu|Surging Strikes|p2b: Calyrex\n|-crit|p2b: Calyrex\n|-damage|p2b: Calyrex|78/100\n|-crit|p2b: Calyrex\n|-damage|p2b: Calyrex|57/100\n|-crit|p2b: Calyrex\n|-damage|p2b: Calyrex|32/100\n|-hitcount|p2b: Calyrex|3\n|\n|-fieldend|move: Trick Room\n|upkeep\n|turn|7\n|\n|t:|1768286073\n|move|p1b: Urshifu|Surging Strikes|p2b: Calyrex\n|-crit|p2b: Calyrex\n|-damage|p2b: Calyrex|10/100\n|-crit|p2b: Calyrex\n|-damage|p2b: Calyrex|0 fnt\n|faint|p2b: Calyrex\n|-hitcount|p2: Calyrex|2\n|\n|win|yaochangzhe\n|raw|yaochangzhe's rating: 1178 &rarr; <strong>1199</strong><br />(+21 for winning)\n|raw|OgreXX's rating: 1117 &rarr; <strong>1096</strong><br />(-21 for losing)\n|l|\u2606OgreXX\n|player|p2|\n","uploadtime":1768286353,"views":12,"formatid":"gen9vgc2026regi","rating":1096,"private":0,"password":null}