{"id":"gen9vgc2026regi-2586558966","format":"[Gen 9] VGC 2026 Reg I","players":["iccyman","Lil Tic"],"log":"|j|\u2606iccyman\n|j|\u2606Lil Tic\n|t:|1776442986\n|gametype|doubles\n|player|p1|iccyman|ghetsis-gen5bw|1408\n|player|p2|Lil Tic|101|1469\n|gen|9\n|tier|[Gen 9] VGC 2026 Reg I\n|rated|\n|rule|Species Clause: Limit one of each Pok\u00e9mon\n|rule|Item Clause: Limit 1 of each item\n|clearpoke\n|poke|p1|Calyrex-Ice, L50|\n|poke|p1|Miraidon, L50|\n|poke|p1|Urshifu-*, L50, M|\n|poke|p1|Incineroar, L50, M|\n|poke|p1|Landorus, L50, M|\n|poke|p1|Farigiraf, L50, M|\n|poke|p2|Koraidon, L50|\n|poke|p2|Flutter Mane, L50|\n|poke|p2|Ho-Oh, L50|\n|poke|p2|Incineroar, L50, M|\n|poke|p2|Amoonguss, L50, F|\n|poke|p2|Ting-Lu, L50|\n|teampreview|4\n|inactive|Battle timer is ON: inactive players will automatically lose when time's up. (requested by iccyman)\niccyman rejected open team sheets.\n|\n|t:|1776443033\n|teamsize|p1|4\n|teamsize|p2|4\n|start\n|switch|p1a: Farigiraf|Farigiraf, L50, M|100/100\n|switch|p1b: Calyrex|Calyrex-Ice, L50|100/100\n|switch|p2a: Ho-Oh|Ho-Oh, L50|100/100\n|switch|p2b: Ting-Lu|Ting-Lu, L50|100/100\n|-ability|p1b: Calyrex|As One\n|-ability|p1b: Calyrex|Unnerve\n|-ability|p2b: Ting-Lu|Vessel of Ruin\n|turn|1\n|\n|t:|1776443051\n|-terastallize|p1b: Calyrex|Water\n|move|p2a: Ho-Oh|Sacred Fire|p1b: Calyrex\n|-resisted|p1b: Calyrex\n|-damage|p1b: Calyrex|83/100\n|-status|p1b: Calyrex|brn\n|move|p1b: Calyrex|Glacial Lance|p2b: Ting-Lu|[spread] p2a,p2b\n|-supereffective|p2b: Ting-Lu\n|-damage|p2a: Ho-Oh|76/100\n|-damage|p2b: Ting-Lu|76/100\n|move|p2b: Ting-Lu|Stealth Rock|p1a: Farigiraf\n|-sidestart|p1: iccyman|move: Stealth Rock\n|move|p1a: Farigiraf|Trick Room|p1a: Farigiraf\n|-fieldstart|move: Trick Room|[of] p1a: Farigiraf\n|\n|-heal|p2b: Ting-Lu|82/100|[from] item: Leftovers\n|-heal|p1b: Calyrex|89/100 brn|[from] item: Leftovers\n|-damage|p1b: Calyrex|83/100 brn|[from] brn\n|upkeep\n|turn|2\n|\n|t:|1776443066\n|move|p1a: Farigiraf|Helping Hand|p1b: Calyrex\n|-singleturn|p1b: Calyrex|Helping Hand|[of] p1a: Farigiraf\n|move|p2b: Ting-Lu|Protect|p2b: Ting-Lu\n|-singleturn|p2b: Ting-Lu|Protect\n|move|p2a: Ho-Oh|Protect|p2a: Ho-Oh\n|-singleturn|p2a: Ho-Oh|Protect\n|move|p1b: Calyrex|Glacial Lance|p2a: Ho-Oh|[spread] \n|-activate|p2a: Ho-Oh|move: Protect\n|-activate|p2b: Ting-Lu|move: Protect\n|\n|-heal|p2b: Ting-Lu|88/100|[from] item: Leftovers\n|-heal|p1b: Calyrex|89/100 brn|[from] item: Leftovers\n|-damage|p1b: Calyrex|83/100 brn|[from] brn\n|upkeep\n|turn|3\n|\n|t:|1776443078\n|switch|p2b: Incineroar|Incineroar, L50, M|100/100\n|-ability|p2b: Incineroar|Intimidate|boost\n|-unboost|p1a: Farigiraf|atk|1\n|-unboost|p1b: Calyrex|atk|1\n|move|p1a: Farigiraf|Helping Hand|p1b: Calyrex\n|-singleturn|p1b: Calyrex|Helping Hand|[of] p1a: Farigiraf\n|move|p1b: Calyrex|Glacial Lance|p2b: Incineroar|[spread] p2a,p2b\n|-resisted|p2b: Incineroar\n|-damage|p2a: Ho-Oh|49/100\n|-damage|p2b: Incineroar|88/100\n|move|p2a: Ho-Oh|Sacred Fire|p1a: Farigiraf\n|-damage|p1a: Farigiraf|53/100\n|\n|-heal|p1b: Calyrex|89/100 brn|[from] item: Leftovers\n|-damage|p1b: Calyrex|83/100 brn|[from] brn\n|upkeep\n|turn|4\n|\n|t:|1776443100\n|switch|p1b: Urshifu|Urshifu-Rapid-Strike, L50, M|100/100\n|-damage|p1b: Urshifu|95/100|[from] Stealth Rock\n|move|p2a: Ho-Oh|Protect|p2a: Ho-Oh\n|-singleturn|p2a: Ho-Oh|Protect\n|move|p1a: Farigiraf|Dazzling Gleam|p2b: Incineroar|[spread] p2b\n|-activate|p2a: Ho-Oh|move: Protect\n|-damage|p2b: Incineroar|73/100\n|move|p2b: Incineroar|Knock Off|p1b: Urshifu\n|-resisted|p1b: Urshifu\n|-damage|p1b: Urshifu|71/100\n|-enditem|p1b: Urshifu|Choice Band|[from] move: Knock Off|[of] p2b: Incineroar\n|\n|upkeep\n|turn|5\n|\n|t:|1776443115\n|switch|p2a: Koraidon|Koraidon, L50|100/100\n|-weather|SunnyDay|[from] ability: Orichalcum Pulse|[of] p2a: Koraidon\n|-activate|p2a: Koraidon|Orichalcum Pulse|[source]\n|move|p1a: Farigiraf|Dazzling Gleam|p2a: Koraidon|[spread] p2a,p2b\n|-supereffective|p2a: Koraidon\n|-damage|p2a: Koraidon|34/100\n|-damage|p2b: Incineroar|58/100\n|move|p1b: Urshifu|Surging Strikes|p2a: Koraidon\n|-resisted|p2a: Koraidon\n|-crit|p2a: Koraidon\n|-damage|p2a: Koraidon|30/100\n|-resisted|p2a: Koraidon\n|-crit|p2a: Koraidon\n|-damage|p2a: Koraidon|25/100\n|-resisted|p2a: Koraidon\n|-crit|p2a: Koraidon\n|-damage|p2a: Koraidon|21/100\n|-hitcount|p2a: Koraidon|3\n|move|p2b: Incineroar|Knock Off|p1a: Farigiraf\n|-supereffective|p1a: Farigiraf\n|-damage|p1a: Farigiraf|0 fnt\n|-enditem|p1a: Farigiraf|Electric Seed|[from] move: Knock Off|[of] p2b: Incineroar\n|faint|p1a: Farigiraf\n|\n|-weather|SunnyDay|[upkeep]\n|-fieldend|move: Trick Room\n|upkeep\n|\n|t:|1776443125\n|switch|p1a: Incineroar|Incineroar, L50, M|100/100\n|-damage|p1a: Incineroar|76/100|[from] Stealth Rock\n|-ability|p1a: Incineroar|Intimidate|boost\n|-unboost|p2a: Koraidon|atk|1\n|-unboost|p2b: Incineroar|atk|1\n|turn|6\n|\n|t:|1776443143\n|switch|p2a: Ting-Lu|Ting-Lu, L50|88/100\n|-ability|p2a: Ting-Lu|Vessel of Ruin\n|move|p1a: Incineroar|Fake Out|p2a: Ting-Lu\n|-damage|p2a: Ting-Lu|84/100\n|move|p2b: Incineroar|Parting Shot|p1a: Incineroar\n|-unboost|p1a: Incineroar|atk|1\n|-unboost|p1a: Incineroar|spa|1\n|\n|t:|1776443151\n|switch|p2b: Koraidon|Koraidon, L50|21/100|[from] Parting Shot\n|-activate|p2b: Koraidon|ability: Orichalcum Pulse\n|move|p1b: Urshifu|Surging Strikes|p2b: Koraidon\n|-resisted|p2b: Koraidon\n|-crit|p2b: Koraidon\n|-damage|p2b: Koraidon|16/100\n|-resisted|p2b: Koraidon\n|-crit|p2b: Koraidon\n|-damage|p2b: Koraidon|11/100\n|-resisted|p2b: Koraidon\n|-crit|p2b: Koraidon\n|-damage|p2b: Koraidon|7/100\n|-hitcount|p2b: Koraidon|3\n|\n|-weather|SunnyDay|[upkeep]\n|-heal|p2a: Ting-Lu|90/100|[from] item: Leftovers\n|upkeep\n|turn|7\n|\n|t:|1776443163\n|move|p1b: Urshifu|Aqua Jet|p2b: Koraidon\n|-resisted|p2b: Koraidon\n|-damage|p2b: Koraidon|2/100\n|move|p2b: Koraidon|Collision Course|p1b: Urshifu\n|-damage|p1b: Urshifu|0 fnt\n|faint|p1b: Urshifu\n|-damage|p2b: Koraidon|0 fnt|[from] item: Life Orb\n|faint|p2b: Koraidon\n|move|p1a: Incineroar|U-turn|p2a: Ting-Lu\n|-supereffective|p2a: Ting-Lu\n|-damage|p2a: Ting-Lu|77/100\n|\n|t:|1776443167\n|switch|p1a: Calyrex|Calyrex-Ice, L50, tera:Water|83/100 brn|[from] U-turn\n|-ability|p1a: Calyrex|As One\n|-ability|p1a: Calyrex|Unnerve\n|-damage|p1a: Calyrex|71/100 brn|[from] Stealth Rock\n|move|p2a: Ting-Lu|Stomping Tantrum|p1a: Calyrex\n|-damage|p1a: Calyrex|53/100 brn\n|\n|-weather|SunnyDay|[upkeep]\n|-heal|p1a: Calyrex|59/100 brn|[from] item: Leftovers\n|-heal|p2a: Ting-Lu|84/100|[from] item: Leftovers\n|-damage|p1a: Calyrex|53/100 brn|[from] brn\n|upkeep\n|\n|t:|1776443173\n|switch|p2b: Incineroar|Incineroar, L50, M|58/100\n|switch|p1b: Incineroar|Incineroar, L50, M|76/100\n|-damage|p1b: Incineroar|51/100|[from] Stealth Rock\n|-ability|p1b: Incineroar|Intimidate|boost\n|-unboost|p2a: Ting-Lu|atk|1\n|-unboost|p2b: Incineroar|atk|1\n|-ability|p2b: Incineroar|Intimidate|boost\n|-unboost|p1a: Calyrex|atk|1\n|-unboost|p1b: Incineroar|atk|1\n|turn|8\n|\n|t:|1776443190\n|switch|p2a: Ho-Oh|Ho-Oh, L50|82/100\n|move|p1b: Incineroar|Fake Out|p2a: Ho-Oh\n|-damage|p2a: Ho-Oh|74/100\n|move|p2b: Incineroar|Fake Out|p1a: Calyrex\n|-damage|p1a: Calyrex|48/100 brn\n|cant|p1a: Calyrex|flinch\n|\n|-weather|SunnyDay|[upkeep]\n|-heal|p1a: Calyrex|54/100 brn|[from] item: Leftovers\n|-damage|p1a: Calyrex|48/100 brn|[from] brn\n|upkeep\n|turn|9\n|\n|t:|1776443201\n|move|p1b: Incineroar|Knock Off|p2a: Ho-Oh\n|-damage|p2a: Ho-Oh|50/100\n|-enditem|p2a: Ho-Oh|Clear Amulet|[from] move: Knock Off|[of] p1b: Incineroar\n|move|p2a: Ho-Oh|Brave Bird|p1b: Incineroar\n|-damage|p1b: Incineroar|0 fnt\n|faint|p1b: Incineroar\n|-damage|p2a: Ho-Oh|35/100|[from] Recoil\n|move|p2b: Incineroar|Knock Off|p1a: Calyrex\n|-damage|p1a: Calyrex|29/100 brn\n|-enditem|p1a: Calyrex|Leftovers|[from] move: Knock Off|[of] p2b: Incineroar\n|move|p1a: Calyrex|Trick Room|p1a: Calyrex\n|-fieldstart|move: Trick Room|[of] p1a: Calyrex\n|\n|-weather|none\n|-damage|p1a: Calyrex|23/100 brn|[from] brn\n|upkeep\n|turn|10\n|\n|t:|1776443214\n|move|p2a: Ho-Oh|Protect|p2a: Ho-Oh\n|-singleturn|p2a: Ho-Oh|Protect\n|move|p1a: Calyrex|Glacial Lance|p2b: Incineroar|[spread] p2b\n|-activate|p2a: Ho-Oh|move: Protect\n|-resisted|p2b: Incineroar\n|-damage|p2b: Incineroar|49/100\n|move|p2b: Incineroar|Parting Shot|p1a: Calyrex\n|-unboost|p1a: Calyrex|atk|1\n|-unboost|p1a: Calyrex|spa|1\n|\n|t:|1776443223\n|switch|p2b: Ting-Lu|Ting-Lu, L50|84/100|[from] Parting Shot\n|-ability|p2b: Ting-Lu|Vessel of Ruin\n|\n|-heal|p2b: Ting-Lu|90/100|[from] item: Leftovers\n|-damage|p1a: Calyrex|17/100 brn|[from] brn\n|upkeep\n|turn|11\n|-message|iccyman forfeited.\n|\n|win|Lil Tic\n|raw|iccyman's rating: 1408 &rarr; <strong>1391</strong><br />(-17 for losing)\n|raw|Lil Tic's rating: 1469 &rarr; <strong>1486</strong><br />(+17 for winning)\n|l|\u2606iccyman\n|player|p1|\n|l|\u2606Lil Tic\n|player|p2|\n","uploadtime":1776443414,"views":13,"formatid":"gen9vgc2026regi","rating":1391,"private":0,"password":null}