{"id":"gen9vgc2026regi-2541863561","format":"[Gen 9] VGC 2026 Reg I","players":["kojimuranishi","Mechromatt"],"log":"|j|\u2606kojimuranishi\n|j|\u2606Mechromatt\n|t:|1771378104\n|gametype|doubles\n|player|p1|kojimuranishi|265|1400\n|player|p2|Mechromatt|265|1359\n|gen|9\n|tier|[Gen 9] VGC 2026 Reg I\n|rated|\n|rule|Species Clause: Limit one of each Pok\u00e9mon\n|rule|Item Clause: Limit 1 of each item\n|clearpoke\n|poke|p1|Calyrex-Ice, L50|\n|poke|p1|Indeedee-F, L50, F|\n|poke|p1|Kyogre, L50|\n|poke|p1|Pincurchin, L50, F|\n|poke|p1|Iron Jugulis, L50|\n|poke|p1|Urshifu-*, L50, M|\n|poke|p2|Urshifu-*, L50, F|\n|poke|p2|Kyogre, L50|\n|poke|p2|Ninetales-Alola, L50, F|\n|poke|p2|Kyurem-White, L50|\n|poke|p2|Articuno, L50|\n|poke|p2|Iron Bundle, L50|\n|teampreview|4\n|inactive|Battle timer is ON: inactive players will automatically lose when time's up. (requested by kojimuranishi)\n|inactive|kojimuranishi has 60 seconds left.\n|inactive|Mechromatt has 60 seconds left.\n|inactive|Mechromatt has 30 seconds left.\n|\n|t:|1771378171\n|teamsize|p1|4\n|teamsize|p2|4\n|start\n|switch|p1a: Urshifu|Urshifu-Rapid-Strike, L50, M|100/100\n|switch|p1b: Calyrex|Calyrex-Ice, L50|100/100\n|switch|p2a: Kyogre|Kyogre, L50|100/100\n|switch|p2b: Urshifu|Urshifu-Rapid-Strike, L50, F|100/100\n|-ability|p1b: Calyrex|As One\n|-ability|p1b: Calyrex|Unnerve\n|-weather|RainDance|[from] ability: Drizzle|[of] p2a: Kyogre\n|turn|1\n|\n|t:|1771378194\n|-terastallize|p1b: Calyrex|Grass\n|move|p2a: Kyogre|Water Spout|p1a: Urshifu|[spread] p1a,p1b\n|-resisted|p1a: Urshifu\n|-resisted|p1b: Calyrex\n|-damage|p1a: Urshifu|24/100\n|-damage|p1b: Calyrex|69/100\n|move|p1a: Urshifu|Close Combat|p2b: Urshifu\n|-damage|p2b: Urshifu|25/100\n|-unboost|p1a: Urshifu|def|1\n|-unboost|p1a: Urshifu|spd|1\n|move|p2b: Urshifu|Surging Strikes|p1b: Calyrex\n|-resisted|p1b: Calyrex\n|-crit|p1b: Calyrex\n|-damage|p1b: Calyrex|58/100\n|-resisted|p1b: Calyrex\n|-crit|p1b: Calyrex\n|-damage|p1b: Calyrex|45/100\n|-resisted|p1b: Calyrex\n|-crit|p1b: Calyrex\n|-damage|p1b: Calyrex|34/100\n|-hitcount|p1b: Calyrex|3\n|move|p1b: Calyrex|Glacial Lance|p2a: Kyogre|[spread] p2a,p2b\n|-resisted|p2a: Kyogre\n|-resisted|p2b: Urshifu\n|-damage|p2a: Kyogre|63/100\n|-damage|p2b: Urshifu|0 fnt\n|faint|p2b: Urshifu\n|-ability|p1b: Calyrex|Chilling Neigh|boost\n|-boost|p1b: Calyrex|atk|1\n|\n|-weather|RainDance|[upkeep]\n|upkeep\n|inactive|Mechromatt has 30 seconds left.\n|\n|t:|1771378223\n|switch|p2b: Ninetales|Ninetales-Alola, L50, F|100/100\n|-weather|Snowscape|[from] ability: Snow Warning|[of] p2b: Ninetales\n|turn|2\n|inactive|Mechromatt has 30 seconds left.\n|\n|t:|1771378250\n|move|p1b: Calyrex|Protect|p1b: Calyrex\n|-singleturn|p1b: Calyrex|Protect\n|move|p2a: Kyogre|Water Spout|p1a: Urshifu|[spread] p1a\n|-activate|p1b: Calyrex|move: Protect\n|-resisted|p1a: Urshifu\n|-damage|p1a: Urshifu|0 fnt\n|faint|p1a: Urshifu\n|move|p2b: Ninetales|Aurora Veil|p2b: Ninetales\n|-sidestart|p2: Mechromatt|move: Aurora Veil\n|\n|-weather|Snowscape|[upkeep]\n|upkeep\n|\n|t:|1771378266\n|switch|p1a: Kyogre|Kyogre, L50|100/100\n|-weather|RainDance|[from] ability: Drizzle|[of] p1a: Kyogre\n|turn|3\n|\n|t:|1771378283\n|move|p2a: Kyogre|Water Spout|p1b: Calyrex|[spread] p1a,p1b\n|-resisted|p1a: Kyogre\n|-resisted|p1b: Calyrex\n|-damage|p1a: Kyogre|81/100\n|-damage|p1b: Calyrex|14/100\n|move|p2b: Ninetales|Icy Wind|p1a: Kyogre|[spread] p1a,p1b\n|-resisted|p1a: Kyogre\n|-supereffective|p1b: Calyrex\n|-damage|p1a: Kyogre|76/100\n|-damage|p1b: Calyrex|0 fnt\n|-unboost|p1a: Kyogre|spe|1\n|faint|p1b: Calyrex\n|move|p1a: Kyogre|Thunder|p2a: Kyogre\n|-supereffective|p2a: Kyogre\n|-damage|p2a: Kyogre|17/100\n|\n|-weather|RainDance|[upkeep]\n|upkeep\n|l|\u2606Mechromatt\n|inactive|Mechromatt disconnected and has a minute to reconnect!\n|player|p2|\n|\n|t:|1771378298\n|switch|p1b: Indeedee|Indeedee-F, L50, F|100/100\n|-fieldstart|move: Psychic Terrain|[from] ability: Psychic Surge|[of] p1b: Indeedee\n|turn|4\n|j|\u2606Mechromatt\n|inactive|Mechromatt reconnected and has 55 seconds left.\n|player|p2|Mechromatt|265|\n|\n|t:|1771378319\n|switch|p2a: Kyurem|Kyurem-White, L50|100/100\n|-ability|p2a: Kyurem|Turboblaze\n|move|p2b: Ninetales|Fake Tears|p1b: Indeedee\n|-unboost|p1b: Indeedee|spd|2\n|move|p1a: Kyogre|Origin Pulse|p2a: Kyurem|[spread] p2a,p2b\n|-resisted|p2a: Kyurem\n|-damage|p2a: Kyurem|85/100\n|-damage|p2b: Ninetales|43/100\n|move|p1b: Indeedee|Trick Room|p1b: Indeedee\n|-fieldstart|move: Trick Room|[of] p1b: Indeedee\n|\n|-weather|RainDance|[upkeep]\n|upkeep\n|turn|5\n|inactive|kojimuranishi has 30 seconds left.\n|\n|t:|1771378346\n|switch|p2b: Kyogre|Kyogre, L50|17/100\n|move|p1a: Kyogre|Origin Pulse|p2b: Kyogre|[spread] p2a\n|-miss|p1a: Kyogre|p2b: Kyogre\n|-resisted|p2a: Kyurem\n|-damage|p2a: Kyurem|68/100\n|move|p1b: Indeedee|Heal Pulse|p1a: Kyogre\n|-heal|p1a: Kyogre|100/100\n|move|p2a: Kyurem|Blizzard|p1a: Kyogre|[spread] \n|-miss|p2a: Kyurem|p1a: Kyogre\n|-miss|p2a: Kyurem|p1b: Indeedee\n|\n|-weather|RainDance|[upkeep]\n|upkeep\n|turn|6\n|\n|t:|1771378365\n|switch|p2b: Ninetales|Ninetales-Alola, L50, F|43/100\n|-weather|Snowscape|[from] ability: Snow Warning|[of] p2b: Ninetales\n|move|p1a: Kyogre|Origin Pulse|p2b: Ninetales|[spread] p2a,p2b\n|-resisted|p2a: Kyurem\n|-crit|p2b: Ninetales\n|-damage|p2a: Kyurem|59/100\n|-damage|p2b: Ninetales|0 fnt\n|faint|p2b: Ninetales\n|move|p1b: Indeedee|Psychic|p2a: Kyurem\n|-damage|p2a: Kyurem|45/100\n|-unboost|p2a: Kyurem|spd|1\n|move|p2a: Kyurem|Blizzard|p1b: Indeedee|[spread] p1a,p1b\n|-resisted|p1a: Kyogre\n|-damage|p1a: Kyogre|82/100\n|-damage|p1b: Indeedee|0 fnt\n|faint|p1b: Indeedee\n|\n|-weather|Snowscape|[upkeep]\n|-sideend|p2: Mechromatt|move: Aurora Veil\n|upkeep\n|\n|t:|1771378381\n|switch|p2b: Kyogre|Kyogre, L50|17/100\n|-weather|RainDance|[from] ability: Drizzle|[of] p2b: Kyogre\n|turn|7\n|\n|t:|1771378393\n|move|p1a: Kyogre|Water Spout|p2b: Kyogre|[spread] p2a,p2b\n|-resisted|p2a: Kyurem\n|-resisted|p2b: Kyogre\n|-damage|p2a: Kyurem|7/100\n|-damage|p2b: Kyogre|0 fnt\n|faint|p2b: Kyogre\n|move|p2a: Kyurem|Draco Meteor|p1a: Kyogre\n|-damage|p1a: Kyogre|28/100\n|-unboost|p2a: Kyurem|spa|2\n|\n|-weather|RainDance|[upkeep]\n|upkeep\n|turn|8\n|\n|t:|1771378410\n|move|p1a: Kyogre|Thunder|p2a: Kyurem\n|-resisted|p2a: Kyurem\n|-damage|p2a: Kyurem|0 fnt\n|faint|p2a: Kyurem\n|\n|win|kojimuranishi\n|raw|kojimuranishi's rating: 1400 &rarr; <strong>1418</strong><br />(+18 for winning)\n|raw|Mechromatt's rating: 1359 &rarr; <strong>1341</strong><br />(-18 for losing)\n|l|\u2606Mechromatt\n|player|p2|\n|l|\u2606kojimuranishi\n|player|p1|\n","uploadtime":1771378616,"views":14,"formatid":"gen9vgc2026regi","rating":1341,"private":0,"password":null}