{"id":"gen9vgc2026regi-2548226744","format":"[Gen 9] VGC 2026 Reg I","players":["xiaoliyunVGC","SaltyCore69"],"log":"|j|\u2606xiaoliyunVGC\n|j|\u2606SaltyCore69\n|t:|1772190412\n|gametype|doubles\n|player|p1|xiaoliyunVGC|liko|1417\n|player|p2|SaltyCore69|veteran|1415\n|gen|9\n|tier|[Gen 9] VGC 2026 Reg I\n|rated|\n|rule|Species Clause: Limit one of each Pok\u00e9mon\n|rule|Item Clause: Limit 1 of each item\n|clearpoke\n|poke|p1|Zamazenta-*, L50|\n|poke|p1|Kyogre, L50|\n|poke|p1|Raichu, L50, F|\n|poke|p1|Flutter Mane, L50|\n|poke|p1|Tornadus, L50, M|\n|poke|p1|Kingambit, L50, M|\n|poke|p2|Calyrex-Ice, L50|\n|poke|p2|Indeedee-F, L50, F|\n|poke|p2|Ursaluna, L50, F|\n|poke|p2|Necrozma-Dawn-Wings, L50|\n|poke|p2|Urshifu-*, L50, M|\n|poke|p2|Oranguru, L50, M|\n|teampreview|4\n|inactive|Battle timer is ON: inactive players will automatically lose when time's up. (requested by SaltyCore69)\n|inactive|xiaoliyunVGC also wants the timer to be on.\n|inactive|SaltyCore69 has 60 seconds left.\n|\n|t:|1772190461\n|teamsize|p1|4\n|teamsize|p2|4\n|start\n|switch|p1a: Kyogre|Kyogre, L50|100/100\n|switch|p1b: Raichu|Raichu, L50, F|100/100\n|switch|p2a: Urshifu|Urshifu, L50, M|100/100\n|switch|p2b: Calyrex|Calyrex-Ice, L50|100/100\n|-ability|p2b: Calyrex|As One\n|-ability|p2b: Calyrex|Unnerve\n|-weather|RainDance|[from] ability: Drizzle|[of] p1a: Kyogre\n|turn|1\n|\n|t:|1772190483\n|-terastallize|p1a: Kyogre|Water\n|move|p1b: Raichu|Feint|p2b: Calyrex\n|-damage|p2b: Calyrex|96/100\n|move|p1a: Kyogre|Water Spout|p2a: Urshifu|[spread] p2a,p2b\n|-enditem|p2a: Urshifu|Focus Sash\n|-damage|p2a: Urshifu|1/100\n|-damage|p2b: Calyrex|20/100\n|move|p2a: Urshifu|Wicked Blow|p1a: Kyogre\n|-crit|p1a: Kyogre\n|-damage|p1a: Kyogre|31/100\n|move|p2b: Calyrex|Trick Room|p2b: Calyrex\n|-fieldstart|move: Trick Room|[of] p2b: Calyrex\n|\n|-weather|RainDance|[upkeep]\n|upkeep\n|turn|2\n|\n|t:|1772190501\n|switch|p1a: Kingambit|Kingambit, L50, M|100/100\n|move|p2b: Calyrex|Protect|p2b: Calyrex\n|-singleturn|p2b: Calyrex|Protect\n|move|p1b: Raichu|Feint|p2a: Urshifu\n|-damage|p2a: Urshifu|0 fnt\n|faint|p2a: Urshifu\n|\n|-weather|RainDance|[upkeep]\n|upkeep\n|\n|t:|1772190506\n|switch|p2a: Oranguru|Oranguru, L50, M|100/100\n|turn|3\n|\n|t:|1772190519\n|move|p1a: Kingambit|Kowtow Cleave|p2b: Calyrex\n|-supereffective|p2b: Calyrex\n|-damage|p2b: Calyrex|0 fnt\n|faint|p2b: Calyrex\n|move|p2a: Oranguru|Instruct|p2: Calyrex|[notarget]\n|-fail|p2a: Oranguru\n|move|p1b: Raichu|Nuzzle|p2a: Oranguru\n|-damage|p2a: Oranguru|92/100\n|-status|p2a: Oranguru|par\n|\n|-weather|RainDance|[upkeep]\n|upkeep\n|\n|t:|1772190523\n|switch|p2b: Necrozma|Necrozma-Dawn-Wings, L50|100/100\n|turn|4\n|\n|t:|1772190543\n|-terastallize|p2b: Necrozma|Fairy\n|move|p1b: Raichu|Helping Hand|p1a: Kingambit\n|-singleturn|p1a: Kingambit|Helping Hand|[of] p1b: Raichu\n|move|p2a: Oranguru|Instruct||[still]\n|-fail|p2a: Oranguru\n|move|p1a: Kingambit|Kowtow Cleave|p2b: Necrozma\n|-resisted|p2b: Necrozma\n|-crit|p2b: Necrozma\n|-damage|p2b: Necrozma|35/100\n|move|p2b: Necrozma|Moongeist Beam|p1b: Raichu\n|-damage|p1b: Raichu|23/100\n|\n|-weather|RainDance|[upkeep]\n|upkeep\n|turn|5\n|-message|SaltyCore69 forfeited.\n|\n|win|xiaoliyunVGC\n|raw|xiaoliyunVGC's rating: 1417 &rarr; <strong>1437</strong><br />(+20 for winning)\n|raw|SaltyCore69's rating: 1415 &rarr; <strong>1395</strong><br />(-20 for losing)\n|l|\u2606SaltyCore69\n|player|p2|\n|l|\u2606xiaoliyunVGC\n|player|p1|\n","uploadtime":1772190758,"views":13,"formatid":"gen9vgc2026regi","rating":1395,"private":0,"password":null}