{"id":"gen9vgc2026regi-2577982678","format":"[Gen 9] VGC 2026 Reg I","players":["rainmanontheside","Zorse Mentality"],"log":"|j|\u2606rainmanontheside\n|j|\u2606Zorse Mentality\n|t:|1775630594\n|gametype|doubles\n|player|p1|rainmanontheside|burglar|1456\n|player|p2|Zorse Mentality|169|1482\n|gen|9\n|tier|[Gen 9] VGC 2026 Reg I\n|rated|\n|rule|Species Clause: Limit one of each Pok\u00e9mon\n|rule|Item Clause: Limit 1 of each item\n|clearpoke\n|poke|p1|Miraidon, L50|\n|poke|p1|Zamazenta-*, L50|\n|poke|p1|Grimmsnarl, L50, M|\n|poke|p1|Ogerpon-Cornerstone, L50, F|\n|poke|p1|Ting-Lu, L50|\n|poke|p1|Farigiraf, L50, M|\n|poke|p2|Calyrex-Ice, L50|\n|poke|p2|Kyogre, L50|\n|poke|p2|Incineroar, L50, M|\n|poke|p2|Smeargle, L50, F|\n|poke|p2|Urshifu-*, L50, M|\n|poke|p2|Rillaboom, L50, F|\n|teampreview|4\n|inactive|Battle timer is ON: inactive players will automatically lose when time's up. (requested by rainmanontheside)\n|\n|t:|1775630639\n|teamsize|p1|4\n|teamsize|p2|4\n|start\n|switch|p1a: Grimmsnarl|Grimmsnarl, L50, M|100/100\n|switch|p1b: Zamazenta|Zamazenta-Crowned, L50, shiny|100/100\n|switch|p2a: Calyrex|Calyrex-Ice, L50|100/100\n|switch|p2b: Incineroar|Incineroar, L50, M|100/100\n|-ability|p2a: Calyrex|As One\n|-ability|p2a: Calyrex|Unnerve\n|-ability|p1b: Zamazenta|Dauntless Shield|boost\n|-boost|p1b: Zamazenta|def|1\n|-ability|p2b: Incineroar|Intimidate|boost\n|-unboost|p1a: Grimmsnarl|atk|1\n|-unboost|p1b: Zamazenta|atk|1\n|turn|1\n|j| CrazyyBoi\n|\n|t:|1775630660\n|move|p2b: Incineroar|Fake Out|p1b: Zamazenta\n|-resisted|p1b: Zamazenta\n|-damage|p1b: Zamazenta|98/100\n|move|p1a: Grimmsnarl|Reflect|p1a: Grimmsnarl\n|-sidestart|p1: rainmanontheside|Reflect\n|cant|p1b: Zamazenta|flinch\n|move|p2a: Calyrex|Leech Seed|p1b: Zamazenta\n|-start|p1b: Zamazenta|move: Leech Seed\n|\n|-damage|p1b: Zamazenta|86/100|[from] Leech Seed|[of] p2a: Calyrex\n|upkeep\n|turn|2\n|\n|t:|1775630680\n|switch|p2b: Rillaboom|Rillaboom, L50, F|100/100\n|-fieldstart|move: Grassy Terrain|[from] ability: Grassy Surge|[of] p2b: Rillaboom\n|move|p1a: Grimmsnarl|Reflect||[still]\n|-fail|p1a: Grimmsnarl\n|move|p1b: Zamazenta|Body Press|p2a: Calyrex\n|-damage|p2a: Calyrex|58/100\n|move|p2a: Calyrex|Glacial Lance|p1a: Grimmsnarl|[spread] p1a,p1b\n|-resisted|p1b: Zamazenta\n|-damage|p1a: Grimmsnarl|69/100\n|-damage|p1b: Zamazenta|79/100\n|\n|-heal|p1b: Zamazenta|85/100|[from] Grassy Terrain\n|-heal|p1a: Grimmsnarl|75/100|[from] Grassy Terrain\n|-heal|p2a: Calyrex|64/100|[from] Grassy Terrain\n|-heal|p2a: Calyrex|70/100|[from] item: Leftovers\n|-damage|p1b: Zamazenta|73/100|[from] Leech Seed|[of] p2a: Calyrex\n|-heal|p2a: Calyrex|81/100|[silent]\n|upkeep\n|turn|3\n|inactive|Zorse Mentality has 30 seconds left.\n|\n|t:|1775630707\n|switch|p1b: Miraidon|Miraidon, L50|100/100\n|-fieldstart|move: Electric Terrain|[from] ability: Hadron Engine|[of] p1b: Miraidon\n|move|p2b: Rillaboom|Fake Out|p1b: Miraidon\n|-damage|p1b: Miraidon|93/100\n|move|p1a: Grimmsnarl|Light Screen|p1a: Grimmsnarl\n|-sidestart|p1: rainmanontheside|move: Light Screen\n|move|p2a: Calyrex|Leech Seed|p1a: Grimmsnarl\n|-start|p1a: Grimmsnarl|move: Leech Seed\n|\n|-heal|p2a: Calyrex|87/100|[from] item: Leftovers\n|-damage|p1a: Grimmsnarl|62/100|[from] Leech Seed|[of] p2a: Calyrex\n|-heal|p2a: Calyrex|99/100|[silent]\n|upkeep\n|turn|4\n|inactive|Zorse Mentality has 30 seconds left.\n|inactive|Zorse Mentality has 20 seconds left.\n|\n|t:|1775630747\n|switch|p1a: Zamazenta|Zamazenta-Crowned, L50, shiny|73/100\n|move|p2a: Calyrex|Protect|p2a: Calyrex\n|-singleturn|p2a: Calyrex|Protect\n|move|p1b: Miraidon|Volt Switch|p2b: Rillaboom\n|-resisted|p2b: Rillaboom\n|-damage|p2b: Rillaboom|71/100\n|\n|t:|1775630756\n|switch|p1b: Grimmsnarl|Grimmsnarl, L50, M|62/100|[from] Volt Switch\n|move|p2b: Rillaboom|U-turn|p1b: Grimmsnarl\n|-damage|p1b: Grimmsnarl|49/100\n|\n|t:|1775630766\n|switch|p2b: Incineroar|Incineroar, L50, M|100/100|[from] U-turn\n|-ability|p2b: Incineroar|Intimidate|boost\n|-unboost|p1a: Zamazenta|atk|1\n|-unboost|p1b: Grimmsnarl|atk|1\n|\n|-heal|p2a: Calyrex|100/100|[from] item: Leftovers\n|upkeep\n|turn|5\n|j| margival\n|inactive|rainmanontheside has 30 seconds left.\n|inactive|Zorse Mentality has 30 seconds left.\n|inactive|Zorse Mentality has 20 seconds left.\n|inactive|Zorse Mentality has 15 seconds left.\n|\n|t:|1775630815\n|move|p1a: Zamazenta|Protect|p1a: Zamazenta\n|-singleturn|p1a: Zamazenta|Protect\n|move|p2b: Incineroar|Fake Out|p1a: Zamazenta\n|-activate|p1a: Zamazenta|move: Protect\n|move|p1b: Grimmsnarl|Spirit Break|p2b: Incineroar\n|-damage|p2b: Incineroar|81/100\n|-unboost|p2b: Incineroar|spa|1\n|move|p2a: Calyrex|Leech Seed|p1a: Zamazenta\n|-activate|p1a: Zamazenta|move: Protect\n|\n|upkeep\n|turn|6\n|l| CrazyyBoi\n|inactive|rainmanontheside has 30 seconds left.\n|\n|t:|1775630841\n|switch|p1a: Ogerpon|Ogerpon-Cornerstone, L50, F|100/100\n|switch|p2b: Rillaboom|Rillaboom, L50, F|71/100\n|-fieldstart|move: Grassy Terrain|[from] ability: Grassy Surge|[of] p2b: Rillaboom\n|move|p1b: Grimmsnarl|Spirit Break|p2b: Rillaboom\n|-damage|p2b: Rillaboom|53/100\n|-unboost|p2b: Rillaboom|spa|1\n|move|p2a: Calyrex|Glacial Lance|p1b: Grimmsnarl|[spread] p1a,p1b\n|-supereffective|p1a: Ogerpon\n|-damage|p1a: Ogerpon|11/100\n|-damage|p1b: Grimmsnarl|16/100\n|\n|-heal|p1a: Ogerpon|17/100|[from] Grassy Terrain\n|-heal|p2b: Rillaboom|58/100|[from] Grassy Terrain\n|-heal|p1b: Grimmsnarl|22/100|[from] Grassy Terrain\n|upkeep\n|turn|7\n|inactive|Zorse Mentality has 30 seconds left.\n|\n|t:|1775630873\n|move|p1a: Ogerpon|Spiky Shield|p1a: Ogerpon\n|-singleturn|p1a: Ogerpon|move: Protect\n|move|p2b: Rillaboom|Grassy Glide|p1a: Ogerpon\n|-activate|p1a: Ogerpon|move: Protect\n|-damage|p2b: Rillaboom|46/100|[from] Spiky Shield|[of] p1a: Ogerpon\n|move|p1b: Grimmsnarl|Spirit Break|p2b: Rillaboom\n|-damage|p2b: Rillaboom|26/100\n|-unboost|p2b: Rillaboom|spa|1\n|move|p2a: Calyrex|Glacial Lance|p1a: Ogerpon|[spread] p1b\n|-activate|p1a: Ogerpon|move: Protect\n|-damage|p1b: Grimmsnarl|0 fnt\n|faint|p1b: Grimmsnarl\n|-ability|p2a: Calyrex|Chilling Neigh|boost\n|-boost|p2a: Calyrex|atk|1\n|\n|-heal|p1a: Ogerpon|22/100|[from] Grassy Terrain\n|-heal|p2b: Rillaboom|31/100|[from] Grassy Terrain\n|upkeep\n|\n|t:|1775630889\n|switch|p1b: Miraidon|Miraidon, L50|93/100\n|-fieldstart|move: Electric Terrain|[from] ability: Hadron Engine|[of] p1b: Miraidon\n|turn|8\n|\n|t:|1775630900\n|switch|p2b: Incineroar|Incineroar, L50, M|81/100\n|-ability|p2b: Incineroar|Intimidate|boost\n|-unboost|p1a: Ogerpon|atk|1\n|-unboost|p1b: Miraidon|atk|1\n|-terastallize|p1b: Miraidon|Fairy\n|move|p2a: Calyrex|Protect|p2a: Calyrex\n|-singleturn|p2a: Calyrex|Protect\n|move|p1b: Miraidon|Dazzling Gleam|p2b: Incineroar|[spread] p2b\n|-activate|p2a: Calyrex|move: Protect\n|-crit|p2b: Incineroar\n|-damage|p2b: Incineroar|2/100\n|move|p1a: Ogerpon|Ivy Cudgel|p2a: Calyrex|[anim] Ivy Cudgel Rock\n|-activate|p2a: Calyrex|move: Protect\n|\n|-sideend|p1: rainmanontheside|Reflect\n|upkeep\n|turn|9\n|inactive|Zorse Mentality has 30 seconds left.\n|inactive|Zorse Mentality has 20 seconds left.\n|inactive|Zorse Mentality has 15 seconds left.\n|\n|t:|1775630941\n|switch|p1b: Zamazenta|Zamazenta-Crowned, L50, shiny|73/100\n|-terastallize|p2a: Calyrex|Dragon\n|move|p1a: Ogerpon|Spiky Shield|p1a: Ogerpon\n|-singleturn|p1a: Ogerpon|move: Protect\n|move|p2b: Incineroar|Fake Out|p1b: Zamazenta\n|-resisted|p1b: Zamazenta\n|-damage|p1b: Zamazenta|70/100\n|move|p2a: Calyrex|Glacial Lance|p1a: Ogerpon|[spread] p1b\n|-activate|p1a: Ogerpon|move: Protect\n|-resisted|p1b: Zamazenta\n|-damage|p1b: Zamazenta|46/100\n|\n|upkeep\n|turn|10\n|\n|t:|1775630965\n|move|p2a: Calyrex|Protect|p2a: Calyrex\n|-singleturn|p2a: Calyrex|Protect\n|move|p1b: Zamazenta|Wide Guard|p1b: Zamazenta\n|-singleturn|p1b: Zamazenta|Wide Guard\n|move|p1a: Ogerpon|Ivy Cudgel|p2b: Incineroar|[anim] Ivy Cudgel Rock\n|-supereffective|p2b: Incineroar\n|-damage|p2b: Incineroar|0 fnt\n|faint|p2b: Incineroar\n|\n|-sideend|p1: rainmanontheside|move: Light Screen\n|upkeep\n|\n|t:|1775630977\n|switch|p2b: Rillaboom|Rillaboom, L50, F|31/100\n|-fieldstart|move: Grassy Terrain|[from] ability: Grassy Surge|[of] p2b: Rillaboom\n|turn|11\n|\n|t:|1775630996\n|switch|p2b: Kyogre|Kyogre, L50|100/100\n|-weather|RainDance|[from] ability: Drizzle|[of] p2b: Kyogre\n|move|p1a: Ogerpon|Spiky Shield|p1a: Ogerpon\n|-singleturn|p1a: Ogerpon|move: Protect\n|move|p1b: Zamazenta|Body Press|p2b: Kyogre\n|-damage|p2b: Kyogre|54/100\n|move|p2a: Calyrex|Glacial Lance|p1a: Ogerpon|[spread] p1b\n|-activate|p1a: Ogerpon|move: Protect\n|-resisted|p1b: Zamazenta\n|-damage|p1b: Zamazenta|21/100\n|\n|-weather|RainDance|[upkeep]\n|-heal|p2b: Kyogre|60/100|[from] Grassy Terrain\n|-heal|p1b: Zamazenta|27/100|[from] Grassy Terrain\n|-heal|p1a: Ogerpon|28/100|[from] Grassy Terrain\n|upkeep\n|turn|12\n|inactive|Zorse Mentality has 30 seconds left.\n|\n|t:|1775631024\n|move|p1b: Zamazenta|Wide Guard|p1b: Zamazenta\n|-singleturn|p1b: Zamazenta|Wide Guard\n|move|p2b: Kyogre|Hydro Pump|p1b: Zamazenta|[miss]\n|-miss|p2b: Kyogre|p1b: Zamazenta\n|move|p1a: Ogerpon|Wood Hammer|p2b: Kyogre\n|-supereffective|p2b: Kyogre\n|-damage|p2b: Kyogre|0 fnt\n|faint|p2b: Kyogre\n|-damage|p1a: Ogerpon|6/100|[from] Recoil\n|move|p2a: Calyrex|Glacial Lance|p1a: Ogerpon|[spread] \n|-activate|p1a: Ogerpon|move: Wide Guard\n|-activate|p1b: Zamazenta|move: Wide Guard\n|\n|-weather|RainDance|[upkeep]\n|-heal|p1b: Zamazenta|33/100|[from] Grassy Terrain\n|-heal|p1a: Ogerpon|11/100|[from] Grassy Terrain\n|upkeep\n|\n|t:|1775631042\n|switch|p2b: Rillaboom|Rillaboom, L50, F|31/100\n|turn|13\n|\n|t:|1775631056\n|switch|p1a: Miraidon|Miraidon, L50, tera:Fairy|93/100\n|-fieldstart|move: Electric Terrain|[from] ability: Hadron Engine|[of] p1a: Miraidon\n|move|p1b: Zamazenta|Wide Guard|p1b: Zamazenta\n|-singleturn|p1b: Zamazenta|Wide Guard\n|move|p2b: Rillaboom|Fake Out|p1b: Zamazenta\n|-resisted|p1b: Zamazenta\n|-damage|p1b: Zamazenta|30/100\n|move|p2a: Calyrex|Leech Seed|p1b: Zamazenta\n|-start|p1b: Zamazenta|move: Leech Seed\n|\n|-weather|RainDance|[upkeep]\n|-damage|p1b: Zamazenta|17/100|[from] Leech Seed|[of] p2a: Calyrex\n|upkeep\n|turn|14\n|inactive|Zorse Mentality has 30 seconds left.\n|inactive|Zorse Mentality has 20 seconds left.\n|inactive|Zorse Mentality has 15 seconds left.\n|\n|t:|1775631098\n|switch|p1b: Ogerpon|Ogerpon-Cornerstone, L50, F|11/100\n|move|p1a: Miraidon|Dazzling Gleam|p2a: Calyrex|[spread] p2a,p2b\n|-supereffective|p2a: Calyrex\n|-damage|p2a: Calyrex|24/100\n|-damage|p2b: Rillaboom|0 fnt\n|faint|p2b: Rillaboom\n|move|p2a: Calyrex|Glacial Lance|p1b: Ogerpon|[spread] p1a,p1b\n|-crit|p1a: Miraidon\n|-supereffective|p1b: Ogerpon\n|-damage|p1a: Miraidon|0 fnt\n|-damage|p1b: Ogerpon|0 fnt\n|faint|p1a: Miraidon\n|faint|p1b: Ogerpon\n|-ability|p2a: Calyrex|Chilling Neigh|boost\n|-boost|p2a: Calyrex|atk|2\n|\n|-weather|RainDance|[upkeep]\n|-heal|p2a: Calyrex|30/100|[from] item: Leftovers\n|upkeep\n|\n|t:|1775631109\n|switch|p1b: Zamazenta|Zamazenta-Crowned, L50, shiny|17/100\n|turn|15\n|\n|t:|1775631118\n|move|p2a: Calyrex|Protect|p2a: Calyrex\n|-singleturn|p2a: Calyrex|Protect\n|move|p1b: Zamazenta|Body Press|p2a: Calyrex\n|-activate|p2a: Calyrex|move: Protect\n|\n|-weather|none\n|-heal|p2a: Calyrex|36/100|[from] item: Leftovers\n|upkeep\n|turn|16\n|\n|t:|1775631128\n|move|p1b: Zamazenta|Body Press|p2a: Calyrex\n|-damage|p2a: Calyrex|9/100\n|move|p2a: Calyrex|Leech Seed|p1b: Zamazenta\n|-start|p1b: Zamazenta|move: Leech Seed\n|\n|-heal|p2a: Calyrex|15/100|[from] item: Leftovers\n|-damage|p1b: Zamazenta|5/100|[from] Leech Seed|[of] p2a: Calyrex\n|-heal|p2a: Calyrex|26/100|[silent]\n|upkeep\n|turn|17\n|-message|rainmanontheside forfeited.\n|\n|win|Zorse Mentality\n|raw|rainmanontheside's rating: 1456 &rarr; <strong>1437</strong><br />(-19 for losing)\n|raw|Zorse Mentality's rating: 1482 &rarr; <strong>1501</strong><br />(+19 for winning)\n|l|\u2606rainmanontheside\n|player|p1|\n|l| margival\n|l|\u2606Zorse Mentality\n|player|p2|\n","uploadtime":1775631343,"views":11,"formatid":"gen9vgc2026regi","rating":1437,"private":0,"password":null}