{"id":"gen9vgc2026regi-2565709716","format":"[Gen 9] VGC 2026 Reg I","players":["curfy320","Highkage2"],"log":"|j|\u2606curfy320\n|j|\u203dHighkage2\n|t:|1774297302\n|gametype|doubles\n|player|p1|curfy320|101|1498\n|player|p2|Highkage2|doubleteam|1566\n|gen|9\n|tier|[Gen 9] VGC 2026 Reg I\n|rated|\n|rule|Species Clause: Limit one of each Pok\u00e9mon\n|rule|Item Clause: Limit 1 of each item\n|clearpoke\n|poke|p1|Zacian-*, L50|\n|poke|p1|Lunala, L50|\n|poke|p1|Umbreon, L50, F|\n|poke|p1|Urshifu-*, L50, F|\n|poke|p1|Rillaboom, L50, M|\n|poke|p1|Thundurus, L50, M|\n|poke|p2|Incineroar, L50, F|\n|poke|p2|Calyrex-Ice, L50|\n|poke|p2|Miraidon, L50|\n|poke|p2|Farigiraf, L50, M|\n|poke|p2|Pelipper, L50, M|\n|poke|p2|Iron Treads, L50|\n|teampreview|4\n|inactive|Battle timer is ON: inactive players will automatically lose when time's up. (requested by curfy320)\n|inactive|Highkage2 has 60 seconds left.\n|\n|t:|1774297333\n|teamsize|p1|4\n|teamsize|p2|4\n|start\n|switch|p1a: Umbreon|Umbreon, L50, F, shiny|100/100\n|switch|p1b: Lunala|Lunala, L50|100/100\n|switch|p2a: Incineroar|Incineroar, L50, F|100/100\n|switch|p2b: Calyrex|Calyrex-Ice, L50|100/100\n|-ability|p2b: Calyrex|As One\n|-ability|p2b: Calyrex|Unnerve\n|-ability|p2a: Incineroar|Intimidate|boost\n|-fail|p1a: Umbreon|unboost|Attack|[from] ability: Inner Focus|[of] p1a: Umbreon\n|-unboost|p1b: Lunala|atk|1\n|turn|1\n|inactive|curfy320 has 30 seconds left.\n|inactive|curfy320 has 20 seconds left.\n|inactive|curfy320 has 15 seconds left.\n|\n|t:|1774297377\n|-terastallize|p2b: Calyrex|Fairy\n|move|p1b: Lunala|Meteor Beam||[still]\n|-prepare|p1b: Lunala|Meteor Beam\n|-boost|p1b: Lunala|spa|1\n|-enditem|p1b: Lunala|Power Herb\n|-anim|p1b: Lunala|Meteor Beam|p2b: Calyrex\n|-damage|p2b: Calyrex|64/100\n|move|p1a: Umbreon|Foul Play|p2b: Calyrex\n|-resisted|p2b: Calyrex\n|-damage|p2b: Calyrex|48/100\n|move|p2a: Incineroar|Knock Off|p1b: Lunala\n|-supereffective|p1b: Lunala\n|-damage|p1b: Lunala|63/100\n|move|p2b: Calyrex|Leech Seed|p1b: Lunala|[miss]\n|-miss|p2b: Calyrex|p1b: Lunala\n|\n|-heal|p2b: Calyrex|54/100|[from] item: Leftovers\n|upkeep\n|turn|2\n|inactive|curfy320 has 30 seconds left.\n|\n|t:|1774297404\n|-terastallize|p1b: Lunala|Water\n|move|p2b: Calyrex|Protect|p2b: Calyrex\n|-singleturn|p2b: Calyrex|Protect\n|move|p1b: Lunala|Meteor Beam||[still]\n|-prepare|p1b: Lunala|Meteor Beam\n|-boost|p1b: Lunala|spa|1\n|move|p1a: Umbreon|Taunt|p2b: Calyrex\n|-activate|p2b: Calyrex|move: Protect\n|move|p2a: Incineroar|U-turn|p1b: Lunala\n|-damage|p1b: Lunala|49/100\n|\n|t:|1774297416\n|switch|p2a: Miraidon|Miraidon, L50|100/100|[from] U-turn\n|-fieldstart|move: Electric Terrain|[from] ability: Hadron Engine|[of] p2a: Miraidon\n|\n|-heal|p2b: Calyrex|59/100|[from] item: Leftovers\n|upkeep\n|turn|3\n|\n|t:|1774297425\n|move|p2a: Miraidon|Volt Switch|p1b: Lunala\n|-supereffective|p1b: Lunala\n|-damage|p1b: Lunala|0 fnt\n|faint|p1b: Lunala\n|\n|t:|1774297430\n|switch|p2a: Incineroar|Incineroar, L50, F|100/100|[from] Volt Switch\n|-ability|p2a: Incineroar|Intimidate|boost\n|-fail|p1a: Umbreon|unboost|Attack|[from] ability: Inner Focus|[of] p1a: Umbreon\n|move|p1a: Umbreon|Taunt|p2b: Calyrex\n|-start|p2b: Calyrex|move: Taunt\n|move|p2b: Calyrex|Glacial Lance|p1a: Umbreon\n|-damage|p1a: Umbreon|48/100\n|\n|-heal|p2b: Calyrex|65/100|[from] item: Leftovers\n|upkeep\n|\n|t:|1774297442\n|switch|p1b: Zacian|Zacian-Crowned, L50|100/100\n|-ability|p1b: Zacian|Intrepid Sword|boost\n|-boost|p1b: Zacian|atk|1\n|turn|4\n|\n|t:|1774297456\n|switch|p2b: Iron Treads|Iron Treads, L50|100/100\n|-activate|p2b: Iron Treads|ability: Quark Drive\n|-start|p2b: Iron Treads|quarkdrivespe\n|move|p1b: Zacian|Protect|p1b: Zacian\n|-singleturn|p1b: Zacian|Protect\n|move|p1a: Umbreon|Foul Play|p2b: Iron Treads\n|-damage|p2b: Iron Treads|57/100\n|move|p2a: Incineroar|U-turn|p1a: Umbreon\n|-supereffective|p1a: Umbreon\n|-crit|p1a: Umbreon\n|-damage|p1a: Umbreon|11/100\n|\n|t:|1774297472\n|switch|p2a: Calyrex|Calyrex-Ice, L50, tera:Fairy|65/100|[from] U-turn\n|-ability|p2a: Calyrex|As One\n|-ability|p2a: Calyrex|Unnerve\n|\n|-heal|p2a: Calyrex|71/100|[from] item: Leftovers\n|upkeep\n|turn|5\n|inactive|Highkage2 has 30 seconds left.\n|\n|t:|1774297506\n|-end|p2b: Iron Treads|Quark Drive|[silent]\n|switch|p2b: Incineroar|Incineroar, L50, F|100/100\n|-ability|p2b: Incineroar|Intimidate|boost\n|-fail|p1a: Umbreon|unboost|Attack|[from] ability: Inner Focus|[of] p1a: Umbreon\n|-unboost|p1b: Zacian|atk|1\n|switch|p1a: Rillaboom|Rillaboom, L50, M|100/100\n|-fieldstart|move: Grassy Terrain|[from] ability: Grassy Surge|[of] p1a: Rillaboom\n|move|p1b: Zacian|Behemoth Blade|p2a: Calyrex\n|-supereffective|p2a: Calyrex\n|-damage|p2a: Calyrex|3/100\n|move|p2a: Calyrex|Glacial Lance|p1a: Rillaboom|[spread] p1a,p1b\n|-supereffective|p1a: Rillaboom\n|-resisted|p1b: Zacian\n|-damage|p1a: Rillaboom|0 fnt\n|-damage|p1b: Zacian|78/100\n|faint|p1a: Rillaboom\n|-ability|p2a: Calyrex|Chilling Neigh|boost\n|-boost|p2a: Calyrex|atk|1\n|\n|-heal|p1b: Zacian|84/100|[from] Grassy Terrain\n|-heal|p2a: Calyrex|9/100|[from] Grassy Terrain\n|-heal|p2a: Calyrex|15/100|[from] item: Leftovers\n|upkeep\n|-message|curfy320 forfeited.\n|\n|win|Highkage2\n|raw|curfy320's rating: 1498 &rarr; <strong>1482</strong><br />(-16 for losing)\n|raw|Highkage2's rating: 1566 &rarr; <strong>1582</strong><br />(+16 for winning)\n|l|\u2606curfy320\n|player|p1|\n","uploadtime":1774297684,"views":15,"formatid":"gen9vgc2026regi","rating":1482,"private":0,"password":null}