{"id":"gen9vgc2026regi-2588627156","format":"[Gen 9] VGC 2026 Reg I","players":["RamonS","clessvgc"],"log":"|j|\u2606RamonS\n|j|\u2606clessvgc\n|t:|1776651512\n|gametype|doubles\n|player|p1|RamonS|266|1329\n|player|p2|clessvgc|proton|1393\n|gen|9\n|tier|[Gen 9] VGC 2026 Reg I\n|rated|\n|rule|Species Clause: Limit one of each Pok\u00e9mon\n|rule|Item Clause: Limit 1 of each item\n|clearpoke\n|poke|p1|Miraidon, L50|\n|poke|p1|Farigiraf, L50, F|\n|poke|p1|Giratina, L50|\n|poke|p1|Iron Boulder, L50|\n|poke|p1|Moltres, L50|\n|poke|p1|Whimsicott, L50, F|\n|poke|p2|Landorus-Therian, L50, M|\n|poke|p2|Calyrex-Shadow, L50|\n|poke|p2|Iron Moth, L50|\n|poke|p2|Tornadus, L50, M|\n|poke|p2|Tinkaton, L50, F|\n|poke|p2|Kyogre, L50|\n|teampreview|4\n|inactive|Battle timer is ON: inactive players will automatically lose when time's up. (requested by clessvgc)\n|inactive|RamonS has 60 seconds left.\n|\n|t:|1776651550\n|teamsize|p1|4\n|teamsize|p2|4\n|start\n|switch|p1a: Iron Boulder|Iron Boulder, L50|100/100\n|switch|p1b: Whimsicott|Whimsicott, L50, F|100/100\n|switch|p2a: Iron Moth|Iron Moth, L50|100/100\n|switch|p2b: Tornadus|Tornadus, L50, M|100/100\n|turn|1\n|\n|t:|1776651572\n|switch|p1b: Miraidon|Miraidon, L50|100/100\n|-fieldstart|move: Electric Terrain|[from] ability: Hadron Engine|[of] p1b: Miraidon\n|-activate|p1a: Iron Boulder|ability: Quark Drive\n|-start|p1a: Iron Boulder|quarkdriveatk\n|-activate|p2a: Iron Moth|ability: Quark Drive\n|-start|p2a: Iron Moth|quarkdrivespa\n|-terastallize|p2b: Tornadus|Steel\n|move|p2b: Tornadus|Tailwind|p2b: Tornadus\n|-sidestart|p2: clessvgc|move: Tailwind\n|move|p2a: Iron Moth|Sludge Wave|p1b: Miraidon|[spread] p1a,p1b\n|-immune|p2b: Tornadus\n|-resisted|p1a: Iron Boulder\n|-damage|p1a: Iron Boulder|69/100\n|-damage|p1b: Miraidon|45/100\n|-status|p1b: Miraidon|psn\n|-damage|p2a: Iron Moth|91/100|[from] item: Life Orb\n|move|p1a: Iron Boulder|Mighty Cleave|p2a: Iron Moth\n|-supereffective|p2a: Iron Moth\n|-damage|p2a: Iron Moth|0 fnt\n|faint|p2a: Iron Moth\n|-end|p2a: Iron Moth|Quark Drive|[silent]\n|\n|-damage|p1b: Miraidon|33/100 psn|[from] psn\n|upkeep\n|\n|t:|1776651590\n|switch|p2a: Calyrex|Calyrex-Shadow, L50|100/100\n|-ability|p2a: Calyrex|As One\n|-ability|p2a: Calyrex|Unnerve\n|turn|2\n|\n|t:|1776651612\n|-end|p1a: Iron Boulder|Quark Drive|[silent]\n|switch|p1a: Whimsicott|Whimsicott, L50, F|100/100\n|switch|p1b: Farigiraf|Farigiraf, L50, F|100/100\n|-enditem|p1b: Farigiraf|Electric Seed\n|-boost|p1b: Farigiraf|def|1|[from] item: Electric Seed\n|move|p2a: Calyrex|Astral Barrage|p1b: Farigiraf|[spread] p1a\n|-immune|p1b: Farigiraf\n|-damage|p1a: Whimsicott|9/100\n|move|p2b: Tornadus|Bleakwind Storm|p1b: Farigiraf|[spread] p1a,p1b\n|-supereffective|p1a: Whimsicott\n|-damage|p1a: Whimsicott|0 fnt\n|-damage|p1b: Farigiraf|73/100\n|faint|p1a: Whimsicott\n|\n|upkeep\n|\n|t:|1776651635\n|switch|p1a: Iron Boulder|Iron Boulder, L50|69/100\n|-activate|p1a: Iron Boulder|ability: Quark Drive\n|-start|p1a: Iron Boulder|quarkdriveatk\n|turn|3\n|\n|t:|1776651649\n|move|p2a: Calyrex|Astral Barrage|p1a: Iron Boulder|[spread] p1a\n|-immune|p1b: Farigiraf\n|-supereffective|p1a: Iron Boulder\n|-damage|p1a: Iron Boulder|0 fnt\n|faint|p1a: Iron Boulder\n|-end|p1a: Iron Boulder|Quark Drive|[silent]\n|-ability|p2a: Calyrex|Grim Neigh|boost\n|-boost|p2a: Calyrex|spa|1\n|move|p2b: Tornadus|Bleakwind Storm|p1b: Farigiraf\n|-damage|p1b: Farigiraf|40/100\n|-unboost|p1b: Farigiraf|spe|1\n|move|p1b: Farigiraf|Trick Room|p1b: Farigiraf\n|-fieldstart|move: Trick Room|[of] p1b: Farigiraf\n|\n|upkeep\n|\n|t:|1776651663\n|switch|p1a: Miraidon|Miraidon, L50|33/100 psn\n|-activate|p1a: Miraidon|ability: Hadron Engine\n|turn|4\n|\n|t:|1776651673\n|-terastallize|p1b: Farigiraf|Ground\n|move|p2a: Calyrex|Protect|p2a: Calyrex\n|-singleturn|p2a: Calyrex|Protect\n|move|p1b: Farigiraf|Psychic|p2a: Calyrex\n|-activate|p2a: Calyrex|move: Protect\n|move|p1a: Miraidon|Discharge|p2b: Tornadus|[spread] p2b\n|-activate|p2a: Calyrex|move: Protect\n|-immune|p1b: Farigiraf\n|-damage|p2b: Tornadus|4/100\n|-status|p2b: Tornadus|par\n|move|p2b: Tornadus|Bleakwind Storm|p1a: Miraidon|[spread] p1a,p1b\n|-resisted|p1a: Miraidon\n|-damage|p1a: Miraidon|19/100 psn\n|-damage|p1b: Farigiraf|17/100\n|-unboost|p1a: Miraidon|spe|1\n|\n|-damage|p1a: Miraidon|7/100 psn|[from] psn\n|-sideend|p2: clessvgc|move: Tailwind\n|upkeep\n|turn|5\n|\n|t:|1776651698\n|move|p1b: Farigiraf|Psychic|p2a: Calyrex\n|-resisted|p2a: Calyrex\n|-damage|p2a: Calyrex|82/100\n|move|p2b: Tornadus|Bleakwind Storm|p1a: Miraidon|[spread] \n|-miss|p2b: Tornadus|p1a: Miraidon\n|-miss|p2b: Tornadus|p1b: Farigiraf\n|move|p1a: Miraidon|Discharge|p2a: Calyrex|[spread] p2a,p2b\n|-immune|p1b: Farigiraf\n|-damage|p2a: Calyrex|0 fnt\n|-damage|p2b: Tornadus|0 fnt\n|faint|p2a: Calyrex\n|faint|p2b: Tornadus\n|\n|-damage|p1a: Miraidon|0 fnt|[from] psn\n|faint|p1a: Miraidon\n|-fieldend|move: Electric Terrain\n|upkeep\n|\n|t:|1776651709\n|switch|p2b: Kyogre|Kyogre, L50|100/100\n|-weather|RainDance|[from] ability: Drizzle|[of] p2b: Kyogre\n|turn|6\n|\n|t:|1776651720\n|move|p1b: Farigiraf|Psychic|p2b: Kyogre\n|-damage|p2b: Kyogre|73/100\n|move|p2b: Kyogre|Water Spout|p1b: Farigiraf\n|-supereffective|p1b: Farigiraf\n|-crit|p1b: Farigiraf\n|-damage|p1b: Farigiraf|0 fnt\n|faint|p1b: Farigiraf\n|\n|win|clessvgc\n|raw|RamonS's rating: 1329 &rarr; <strong>1313</strong><br />(-16 for losing)\n|raw|clessvgc's rating: 1393 &rarr; <strong>1409</strong><br />(+16 for winning)\n|l|\u2606clessvgc\n|player|p2|\n|l|\u2606RamonS\n|player|p1|\n","uploadtime":1776651993,"views":11,"formatid":"gen9vgc2026regi","rating":1313,"private":0,"password":null}