{"id":"gen9vgc2026regi-2577681274","format":"[Gen 9] VGC 2026 Reg I","players":["DemonPingu","datbishgames"],"log":"|j|\u2606DemonPingu\n|j|\u2606datbishgames\n|t:|1775595794\n|gametype|doubles\n|player|p1|DemonPingu|fisherman-gen4|1271\n|player|p2|datbishgames|mira|1258\n|gen|9\n|tier|[Gen 9] VGC 2026 Reg I\n|rated|\n|rule|Species Clause: Limit one of each Pok\u00e9mon\n|rule|Item Clause: Limit 1 of each item\n|clearpoke\n|poke|p1|Farigiraf, L50, M|\n|poke|p1|Iron Hands, L50|\n|poke|p1|Incineroar, L50, F|\n|poke|p1|Urshifu-*, L50, F|\n|poke|p1|Miraidon, L50|\n|poke|p1|Calyrex-Ice, L50|\n|poke|p2|Dialga-Origin, L50|\n|poke|p2|Ho-Oh, L50|\n|poke|p2|Rotom-Wash, L50|\n|poke|p2|Amoonguss, L50, M|\n|poke|p2|Ursaluna, L50, M|\n|poke|p2|Zoroark-Hisui, L50, M|\n|teampreview|4\n|inactive|Battle timer is ON: inactive players will automatically lose when time's up. (requested by datbishgames)\n|inactive|DemonPingu has 60 seconds left.\n|inactive|datbishgames has 60 seconds left.\n|\n|t:|1775595845\n|teamsize|p1|4\n|teamsize|p2|4\n|start\n|switch|p1a: Miraidon|Miraidon, L50|100/100\n|switch|p1b: Calyrex|Calyrex-Ice, L50|100/100\n|switch|p2a: Dialga|Dialga-Origin, L50|100/100\n|switch|p2b: Ursaluna|Ursaluna, L50, M|100/100\n|-ability|p1b: Calyrex|As One\n|-ability|p1b: Calyrex|Unnerve\n|-fieldstart|move: Electric Terrain|[from] ability: Hadron Engine|[of] p1a: Miraidon\n|turn|1\n|inactive|DemonPingu has 30 seconds left.\n|\n|t:|1775595875\n|-terastallize|p2b: Ursaluna|Ghost\n|move|p1a: Miraidon|Volt Switch|p2a: Dialga\n|-resisted|p2a: Dialga\n|-damage|p2a: Dialga|76/100\n|\n|t:|1775595882\n|switch|p1a: Incineroar|Incineroar, L50, F|100/100|[from] Volt Switch\n|-ability|p1a: Incineroar|Intimidate|boost\n|-unboost|p2a: Dialga|atk|1\n|-unboost|p2b: Ursaluna|atk|1\n|move|p2b: Ursaluna|Swords Dance|p2b: Ursaluna\n|-boost|p2b: Ursaluna|atk|2\n|move|p2a: Dialga|Draco Meteor|p1a: Incineroar\n|-damage|p1a: Incineroar|22/100\n|-unboost|p2a: Dialga|spa|2\n|move|p1b: Calyrex|Glacial Lance|p2b: Ursaluna|[spread] p2a,p2b\n|-damage|p2a: Dialga|35/100\n|-damage|p2b: Ursaluna|55/100\n|\n|-status|p2b: Ursaluna|brn|[from] item: Flame Orb\n|upkeep\n|turn|2\n|inactive|DemonPingu has 30 seconds left.\n|\n|t:|1775595913\n|-terastallize|p1b: Calyrex|Water\n|move|p2b: Ursaluna|Earthquake|p1b: Calyrex|[spread] p1a,p1b\n|-activate|p2a: Dialga|ability: Telepathy\n|-supereffective|p1a: Incineroar\n|-damage|p1a: Incineroar|0 fnt\n|-damage|p1b: Calyrex|55/100\n|faint|p1a: Incineroar\n|move|p2a: Dialga|Flash Cannon|p1b: Calyrex\n|-resisted|p1b: Calyrex\n|-damage|p1b: Calyrex|45/100\n|move|p1b: Calyrex|High Horsepower|p2a: Dialga\n|-supereffective|p2a: Dialga\n|-damage|p2a: Dialga|0 fnt\n|faint|p2a: Dialga\n|-ability|p1b: Calyrex|Chilling Neigh|boost\n|-boost|p1b: Calyrex|atk|1\n|\n|-damage|p2b: Ursaluna|49/100 brn|[from] brn\n|upkeep\n|\n|t:|1775595931\n|switch|p2a: Rotom|Rotom-Wash, L50|100/100\n|switch|p1a: Miraidon|Miraidon, L50|100/100\n|-activate|p1a: Miraidon|ability: Hadron Engine\n|turn|3\n|\n|t:|1775595947\n|move|p2b: Ursaluna|Protect|p2b: Ursaluna\n|-singleturn|p2b: Ursaluna|Protect\n|move|p1b: Calyrex|Protect|p1b: Calyrex\n|-singleturn|p1b: Calyrex|Protect\n|move|p1a: Miraidon|Electro Drift|p2b: Ursaluna\n|-activate|p2b: Ursaluna|move: Protect\n|move|p2a: Rotom|Electroweb|p1a: Miraidon|[spread] p1a\n|-activate|p1b: Calyrex|move: Protect\n|-resisted|p1a: Miraidon\n|-damage|p1a: Miraidon|98/100\n|-unboost|p1a: Miraidon|spe|1\n|\n|-damage|p2b: Ursaluna|43/100 brn|[from] brn\n|upkeep\n|turn|4\n|\n|t:|1775595964\n|switch|p1b: Iron Hands|Iron Hands, L50|100/100\n|-activate|p1b: Iron Hands|ability: Quark Drive\n|-start|p1b: Iron Hands|quarkdriveatk\n|move|p1a: Miraidon|Electro Drift|p2b: Ursaluna\n|-damage|p2b: Ursaluna|0 fnt\n|faint|p2b: Ursaluna\n|move|p2a: Rotom|Electroweb|p1a: Miraidon|[spread] p1b\n|-miss|p2a: Rotom|p1a: Miraidon\n|-resisted|p1b: Iron Hands\n|-damage|p1b: Iron Hands|96/100\n|-unboost|p1b: Iron Hands|spe|1\n|\n|upkeep\n|\n|t:|1775595973\n|switch|p2b: Ho-Oh|Ho-Oh, L50|100/100\n|turn|5\n|inactive|DemonPingu has 30 seconds left.\n|\n|t:|1775596003\n|move|p1b: Iron Hands|Fake Out|p2b: Ho-Oh\n|-damage|p2b: Ho-Oh|85/100\n|move|p1a: Miraidon|Electro Drift|p2a: Rotom\n|-damage|p2a: Rotom|31/100\n|move|p2b: Ho-Oh|Sacred Fire|p1b: Iron Hands\n|-damage|p1b: Iron Hands|59/100\n|move|p2a: Rotom|Foul Play|p1a: Miraidon\n|-damage|p1a: Miraidon|81/100\n|\n|-fieldend|move: Electric Terrain\n|-end|p1b: Iron Hands|Quark Drive\n|upkeep\n|turn|6\n|inactive|DemonPingu has 30 seconds left.\n|\n|t:|1775596038\n|move|p1a: Miraidon|Electro Drift|p2b: Ho-Oh\n|-supereffective|p2b: Ho-Oh\n|-damage|p2b: Ho-Oh|2/100\n|move|p2b: Ho-Oh|Sacred Fire|p1a: Miraidon\n|-resisted|p1a: Miraidon\n|-damage|p1a: Miraidon|55/100\n|-status|p1a: Miraidon|brn\n|move|p2a: Rotom|Electroweb|p1b: Iron Hands|[spread] p1a,p1b\n|-resisted|p1a: Miraidon\n|-resisted|p1b: Iron Hands\n|-damage|p1a: Miraidon|52/100 brn\n|-damage|p1b: Iron Hands|56/100\n|-unboost|p1a: Miraidon|spe|1\n|-unboost|p1b: Iron Hands|spe|1\n|move|p1b: Iron Hands|Drain Punch|p2a: Rotom\n|-damage|p2a: Rotom|0 fnt\n|-heal|p1b: Iron Hands|65/100|[from] drain|[of] p2a: Rotom\n|faint|p2a: Rotom\n|\n|-damage|p1a: Miraidon|47/100 brn|[from] brn\n|upkeep\n|turn|7\n|-message|datbishgames forfeited.\n|\n|win|DemonPingu\n|raw|DemonPingu's rating: 1271 &rarr; <strong>1295</strong><br />(+24 for winning)\n|raw|datbishgames's rating: 1258 &rarr; <strong>1234</strong><br />(-24 for losing)\n|l|\u2606datbishgames\n|player|p2|\n|l|\u2606DemonPingu\n|player|p1|\n","uploadtime":1775596292,"views":10,"formatid":"gen9vgc2026regi","rating":1234,"private":0,"password":null}