{"id":"gen9vgc2026regi-2558610873","format":"[Gen 9] VGC 2026 Reg I","players":["lattewave","Cello L."],"log":"|j|\u2606lattewave\n|j|\u2606Cello L.\n|t:|1773453637\n|gametype|doubles\n|player|p1|lattewave|sisandbro|1317\n|player|p2|Cello L.|cynthia-gen4|1408\n|gen|9\n|tier|[Gen 9] VGC 2026 Reg I\n|rated|\n|rule|Species Clause: Limit one of each Pok\u00e9mon\n|rule|Item Clause: Limit 1 of each item\n|clearpoke\n|poke|p1|Terapagos, L50, M|\n|poke|p1|Ogerpon-Wellspring, L50, F|\n|poke|p1|Toxapex, L50, M|\n|poke|p1|Kleavor, L50, M|\n|poke|p1|Gouging Fire, L50|\n|poke|p1|Zacian-*, L50|\n|poke|p2|Terapagos, L50, M|\n|poke|p2|Calyrex-Shadow, L50|\n|poke|p2|Ogerpon-Cornerstone, L50, F|\n|poke|p2|Rillaboom, L50, M|\n|poke|p2|Incineroar, L50, F|\n|poke|p2|Amoonguss, L50, F|\n|teampreview|4\n|inactive|Battle timer is ON: inactive players will automatically lose when time's up. (requested by lattewave)\n|inactive|lattewave has 60 seconds left.\n|\n|t:|1773453680\n|teamsize|p1|4\n|teamsize|p2|4\n|start\n|switch|p1a: Kleavor|Kleavor, L50, M|100/100\n|switch|p1b: Terapagos|Terapagos, L50, M|100/100\n|switch|p2a: Terapagos|Terapagos, L50, M|100/100\n|switch|p2b: Incineroar|Incineroar, L50, F|100/100\n|-activate|p2a: Terapagos|ability: Tera Shift\n|detailschange|p2a: Terapagos|Terapagos-Terastal, L50, M\n|-heal|p2a: Terapagos|100/100|[silent]\n|-activate|p1b: Terapagos|ability: Tera Shift\n|detailschange|p1b: Terapagos|Terapagos-Terastal, L50, M\n|-heal|p1b: Terapagos|100/100|[silent]\n|-ability|p2b: Incineroar|Intimidate|boost\n|-fail|p1a: Kleavor|unboost|[from] item: Clear Amulet|[of] p1a: Kleavor\n|-unboost|p1b: Terapagos|atk|1\n|turn|1\n|\n|t:|1773453697\n|move|p2a: Terapagos|Calm Mind|p2a: Terapagos\n|-boost|p2a: Terapagos|spa|1\n|-boost|p2a: Terapagos|spd|1\n|move|p1a: Kleavor|Stone Axe|p2b: Incineroar\n|-supereffective|p2b: Incineroar\n|-damage|p2b: Incineroar|25/100\n|-sidestart|p2: Cello L.|move: Stealth Rock\n|move|p1b: Terapagos|Tera Starstorm|p2a: Terapagos\n|-activate|p2a: Terapagos|ability: Tera Shell\n|-resisted|p2a: Terapagos\n|-crit|p2a: Terapagos\n|-damage|p2a: Terapagos|42/100\n|move|p2b: Incineroar|Will-O-Wisp|p1a: Kleavor|[miss]\n|-miss|p2b: Incineroar|p1a: Kleavor\n|\n|-heal|p2a: Terapagos|48/100|[from] item: Leftovers\n|upkeep\n|turn|2\n|\n|t:|1773453716\n|move|p2a: Terapagos|Protect|p2a: Terapagos\n|-singleturn|p2a: Terapagos|Protect\n|move|p1a: Kleavor|Close Combat|p2a: Terapagos\n|-activate|p2a: Terapagos|move: Protect\n|move|p1b: Terapagos|Tera Starstorm|p2b: Incineroar\n|-damage|p2b: Incineroar|0 fnt\n|faint|p2b: Incineroar\n|\n|-heal|p2a: Terapagos|55/100|[from] item: Leftovers\n|upkeep\n|\n|t:|1773453728\n|switch|p2b: Calyrex|Calyrex-Shadow, L50|100/100\n|-ability|p2b: Calyrex|As One\n|-ability|p2b: Calyrex|Unnerve\n|-damage|p2b: Calyrex|88/100|[from] Stealth Rock\n|turn|3\n|\n|t:|1773453736\n|move|p2b: Calyrex|Pollen Puff|p2a: Terapagos\n|-heal|p2a: Terapagos|100/100\n|move|p2a: Terapagos|Tera Starstorm|p1a: Kleavor\n|-resisted|p1a: Kleavor\n|-crit|p1a: Kleavor\n|-damage|p1a: Kleavor|31/100\n|move|p1a: Kleavor|Close Combat|p2a: Terapagos\n|-activate|p2a: Terapagos|ability: Tera Shell\n|-resisted|p2a: Terapagos\n|-damage|p2a: Terapagos|85/100\n|-unboost|p1a: Kleavor|def|1\n|-unboost|p1a: Kleavor|spd|1\n|move|p1b: Terapagos|Tera Starstorm|p2a: Terapagos\n|-damage|p2a: Terapagos|38/100\n|\n|-heal|p2a: Terapagos|44/100|[from] item: Leftovers\n|upkeep\n|turn|4\n|\n|t:|1773453755\n|-terastallize|p2a: Terapagos|Stellar\n|detailschange|p2a: Terapagos|Terapagos-Stellar, L50, M, tera:Stellar\n|-heal|p2a: Terapagos|58/100|[silent]\n|move|p2b: Calyrex|Pollen Puff|p2a: Terapagos\n|-heal|p2a: Terapagos|100/100\n|move|p2a: Terapagos|Tera Starstorm|p1b: Terapagos|[spread] p1a,p1b\n|-activate|p1b: Terapagos|ability: Tera Shell\n|-resisted|p1b: Terapagos\n|-damage|p1a: Kleavor|0 fnt\n|-damage|p1b: Terapagos|80/100\n|faint|p1a: Kleavor\n|move|p1b: Terapagos|Tera Starstorm|p2a: Terapagos\n|-damage|p2a: Terapagos|62/100\n|\n|-heal|p2a: Terapagos|68/100|[from] item: Leftovers\n|upkeep\n|\n|t:|1773453775\n|switch|p1a: Gouging Fire|Gouging Fire, L50|100/100\n|-enditem|p1a: Gouging Fire|Booster Energy\n|-activate|p1a: Gouging Fire|ability: Protosynthesis|[fromitem]\n|-start|p1a: Gouging Fire|protosynthesisspe\n|turn|5\n|\n|t:|1773453782\n|-terastallize|p1b: Terapagos|Stellar\n|detailschange|p1b: Terapagos|Terapagos-Stellar, L50, M, tera:Stellar\n|-heal|p1b: Terapagos|85/100|[silent]\n|move|p1a: Gouging Fire|Crunch|p2b: Calyrex\n|-supereffective|p2b: Calyrex\n|-damage|p2b: Calyrex|0 fnt\n|faint|p2b: Calyrex\n|move|p2a: Terapagos|Tera Starstorm|p1a: Gouging Fire|[spread] p1a,p1b\n|-supereffective|p1b: Terapagos\n|-damage|p1a: Gouging Fire|52/100\n|-damage|p1b: Terapagos|17/100\n|move|p1b: Terapagos|Tera Starstorm|p2a: Terapagos\n|-supereffective|p2a: Terapagos\n|-damage|p2a: Terapagos|0 fnt\n|faint|p2a: Terapagos\n|detailschange|p2: Terapagos|Terapagos, L50, M|[silent]\n|\n|upkeep\n|-message|Cello L. forfeited.\n|\n|win|lattewave\n|raw|lattewave's rating: 1317 &rarr; <strong>1342</strong><br />(+25 for winning)\n|raw|Cello L.'s rating: 1408 &rarr; <strong>1383</strong><br />(-25 for losing)\n|l|\u2606lattewave\n|player|p1|\n|l|\u2606Cello L.\n|player|p2|\n","uploadtime":1773453975,"views":15,"formatid":"gen9vgc2026regi","rating":1342,"private":0,"password":null}