{"id":"gen9vgc2026regi-2532567792","format":"[Gen 9] VGC 2026 Reg I","players":["Stinky57","fogdocker"],"log":"|j|\u2606Stinky57\n|j|\u2606fogdocker\n|t:|1770198452\n|gametype|doubles\n|player|p1|Stinky57|170|1461\n|player|p2|fogdocker|169|1461\n|gen|9\n|tier|[Gen 9] VGC 2026 Reg I\n|rated|\n|rule|Species Clause: Limit one of each Pok\u00e9mon\n|rule|Item Clause: Limit 1 of each item\n|clearpoke\n|poke|p1|Miraidon, L50|\n|poke|p1|Necrozma-Dusk-Mane, L50|\n|poke|p1|Pelipper, L50, M|\n|poke|p1|Iron Hands, L50|\n|poke|p1|Whimsicott, L50, F|\n|poke|p1|Urshifu-*, L50, F|\n|poke|p2|Calyrex-Ice, L50|\n|poke|p2|Koraidon, L50|\n|poke|p2|Flutter Mane, L50|\n|poke|p2|Incineroar, L50, F|\n|poke|p2|Amoonguss, L50, M|\n|poke|p2|Gothitelle, L50, F|\n|teampreview|4\n|inactive|Battle timer is ON: inactive players will automatically lose when time's up. (requested by Stinky57)\n|inactive|fogdocker has 60 seconds left.\n|\n|t:|1770198510\n|teamsize|p1|4\n|teamsize|p2|4\n|start\n|switch|p1a: Miraidon|Miraidon, L50, shiny|100/100\n|switch|p1b: Whimsicott|Whimsicott, L50, F|100/100\n|switch|p2a: Koraidon|Koraidon, L50|100/100\n|switch|p2b: Gothitelle|Gothitelle, L50, F|100/100\n|-fieldstart|move: Electric Terrain|[from] ability: Hadron Engine|[of] p1a: Miraidon\n|-weather|SunnyDay|[from] ability: Orichalcum Pulse|[of] p2a: Koraidon\n|-activate|p2a: Koraidon|Orichalcum Pulse|[source]\n|turn|1\n|\n|t:|1770198532\n|-terastallize|p2a: Koraidon|Fire\n|move|p1a: Miraidon|Protect|p1a: Miraidon\n|-singleturn|p1a: Miraidon|Protect\n|move|p2b: Gothitelle|Fake Out|p1a: Miraidon\n|-activate|p1a: Miraidon|move: Protect\n|move|p1b: Whimsicott|Tailwind|p1b: Whimsicott\n|-sidestart|p1: Stinky57|move: Tailwind\n|move|p2a: Koraidon|Close Combat|p1a: Miraidon\n|-activate|p1a: Miraidon|move: Protect\n|\n|-weather|SunnyDay|[upkeep]\n|upkeep\n|turn|2\n|\n|t:|1770198547\n|switch|p2b: Amoonguss|Amoonguss, L50, M|100/100\n|move|p2a: Koraidon|Protect|p2a: Koraidon\n|-singleturn|p2a: Koraidon|Protect\n|move|p1b: Whimsicott|Encore||[still]\n|-fail|p1b: Whimsicott\n|move|p1a: Miraidon|Electro Drift|p2a: Koraidon\n|-activate|p2a: Koraidon|move: Protect\n|\n|-weather|SunnyDay|[upkeep]\n|upkeep\n|turn|3\n|\n|t:|1770198563\n|switch|p1b: Pelipper|Pelipper, L50, M|100/100\n|-weather|RainDance|[from] ability: Drizzle|[of] p1b: Pelipper\n|move|p2b: Amoonguss|Rage Powder|p2b: Amoonguss\n|-singleturn|p2b: Amoonguss|move: Rage Powder\n|move|p1a: Miraidon|Draco Meteor|p2b: Amoonguss\n|-damage|p2b: Amoonguss|0 fnt\n|-unboost|p1a: Miraidon|spa|2\n|faint|p2b: Amoonguss\n|-damage|p1a: Miraidon|91/100|[from] item: Life Orb\n|move|p2a: Koraidon|Close Combat|p1a: Miraidon\n|-damage|p1a: Miraidon|8/100\n|-unboost|p2a: Koraidon|def|1\n|-unboost|p2a: Koraidon|spd|1\n|-damage|p2a: Koraidon|91/100|[from] item: Life Orb\n|\n|-weather|RainDance|[upkeep]\n|upkeep\n|\n|t:|1770198576\n|switch|p2b: Gothitelle|Gothitelle, L50, F|100/100\n|turn|4\n|\n|t:|1770198594\n|switch|p2a: Calyrex|Calyrex-Ice, L50|100/100\n|-ability|p2a: Calyrex|As One\n|-ability|p2a: Calyrex|Unnerve\n|move|p1a: Miraidon|Volt Switch|p2b: Gothitelle\n|-damage|p2b: Gothitelle|71/100\n|-damage|p1a: Miraidon|0 fnt|[from] item: Life Orb\n|faint|p1a: Miraidon\n|move|p1b: Pelipper|Weather Ball|p2b: Gothitelle\n|-damage|p2b: Gothitelle|19/100\n|-enditem|p2b: Gothitelle|Sitrus Berry|[eat]\n|-heal|p2b: Gothitelle|43/100|[from] item: Sitrus Berry\n|move|p2b: Gothitelle|Psychic|p1b: Pelipper\n|-damage|p1b: Pelipper|48/100\n|-unboost|p1b: Pelipper|spd|1\n|\n|-weather|RainDance|[upkeep]\n|-sideend|p1: Stinky57|move: Tailwind\n|upkeep\n|\n|t:|1770198608\n|switch|p1a: Necrozma|Necrozma-Dusk-Mane, L50|100/100\n|turn|5\n|inactive|Stinky57 has 30 seconds left.\n|\n|t:|1770198643\n|move|p1b: Pelipper|Weather Ball|p2b: Gothitelle\n|-damage|p2b: Gothitelle|0 fnt\n|faint|p2b: Gothitelle\n|move|p1a: Necrozma|Sunsteel Strike|p2a: Calyrex\n|-supereffective|p2a: Calyrex\n|-damage|p2a: Calyrex|36/100\n|move|p2a: Calyrex|Glacial Lance|p1b: Pelipper|[spread] p1a,p1b\n|-resisted|p1a: Necrozma\n|-damage|p1a: Necrozma|83/100\n|-damage|p1b: Pelipper|0 fnt\n|faint|p1b: Pelipper\n|-ability|p2a: Calyrex|Chilling Neigh|boost\n|-boost|p2a: Calyrex|atk|1\n|\n|-weather|RainDance|[upkeep]\n|-heal|p2a: Calyrex|42/100|[from] item: Leftovers\n|-fieldend|move: Electric Terrain\n|upkeep\n|\n|t:|1770198653\n|switch|p1b: Whimsicott|Whimsicott, L50, F|100/100\n|switch|p2b: Koraidon|Koraidon, L50, tera:Fire|91/100\n|-weather|SunnyDay|[from] ability: Orichalcum Pulse|[of] p2b: Koraidon\n|-activate|p2b: Koraidon|Orichalcum Pulse|[source]\n|turn|6\n|\n|t:|1770198669\n|-terastallize|p1a: Necrozma|Dragon\n|move|p1b: Whimsicott|Tailwind|p1b: Whimsicott\n|-sidestart|p1: Stinky57|move: Tailwind\n|move|p1a: Necrozma|Sunsteel Strike|p2a: Calyrex\n|-supereffective|p2a: Calyrex\n|-damage|p2a: Calyrex|0 fnt\n|faint|p2a: Calyrex\n|move|p2b: Koraidon|Flare Blitz|p1a: Necrozma\n|-resisted|p1a: Necrozma\n|-damage|p1a: Necrozma|29/100\n|-status|p1a: Necrozma|brn\n|-damage|p2b: Koraidon|70/100|[from] Recoil\n|-damage|p2b: Koraidon|60/100|[from] item: Life Orb\n|\n|-weather|SunnyDay|[upkeep]\n|-damage|p1a: Necrozma|24/100 brn|[from] brn\n|upkeep\n|turn|7\n|\n|t:|1770198693\n|move|p1b: Whimsicott|Moonblast|p2b: Koraidon\n|-resisted|p2b: Koraidon\n|-damage|p2b: Koraidon|47/100\n|-unboost|p2b: Koraidon|spa|1\n|move|p1a: Necrozma|Photon Geyser|p2b: Koraidon\n|-damage|p2b: Koraidon|22/100\n|move|p2b: Koraidon|Flame Charge|p1b: Whimsicott\n|-supereffective|p1b: Whimsicott\n|-damage|p1b: Whimsicott|0 fnt\n|-boost|p2b: Koraidon|spe|1\n|faint|p1b: Whimsicott\n|-damage|p2b: Koraidon|12/100|[from] item: Life Orb\n|\n|-weather|SunnyDay|[upkeep]\n|-damage|p1a: Necrozma|18/100 brn|[from] brn\n|upkeep\n|turn|8\n|\n|t:|1770198711\n|move|p2b: Koraidon|Protect|p2b: Koraidon\n|-singleturn|p2b: Koraidon|Protect\n|move|p1a: Necrozma|Trick Room|p1a: Necrozma\n|-fieldstart|move: Trick Room|[of] p1a: Necrozma\n|\n|-weather|SunnyDay|[upkeep]\n|-damage|p1a: Necrozma|12/100 brn|[from] brn\n|upkeep\n|turn|9\n|\n|t:|1770198719\n|move|p1a: Necrozma|Photon Geyser|p2b: Koraidon\n|-damage|p2b: Koraidon|0 fnt\n|faint|p2b: Koraidon\n|\n|win|Stinky57\n|raw|Stinky57's rating: 1461 &rarr; <strong>1481</strong><br />(+20 for winning)\n|raw|fogdocker's rating: 1461 &rarr; <strong>1441</strong><br />(-20 for losing)\n|l|\u2606fogdocker\n|player|p2|\n|l|\u2606Stinky57\n|player|p1|\n","uploadtime":1770198909,"views":27,"formatid":"gen9vgc2026regi","rating":1441,"private":0,"password":null}