{"id":"gen9vgc2026regi-2590974785","format":"[Gen 9] VGC 2026 Reg I","players":["Carajo666","Luca8"],"log":"|j|\u2606Carajo666\n|j|\u2606Luca8\n|t:|1776865806\n|gametype|doubles\n|player|p1|Carajo666|101|1507\n|player|p2|Luca8|flint|1527\n|gen|9\n|tier|[Gen 9] VGC 2026 Reg I\n|rated|\n|rule|Species Clause: Limit one of each Pok\u00e9mon\n|rule|Item Clause: Limit 1 of each item\n|clearpoke\n|poke|p1|Terapagos, L50, M|\n|poke|p1|Urshifu-*, L50, M|\n|poke|p1|Ho-Oh, L50|\n|poke|p1|Toxapex, L50, F|\n|poke|p1|Flutter Mane, L50|\n|poke|p1|Rillaboom, L50, F|\n|poke|p2|Zamazenta-*, L50|\n|poke|p2|Indeedee-F, L50, F|\n|poke|p2|Torkoal, L50, M|\n|poke|p2|Calyrex-Shadow, L50|\n|poke|p2|Pelipper, L50, F|\n|poke|p2|Tornadus, L50, M|\n|teampreview|4\n|inactive|Battle timer is ON: inactive players will automatically lose when time's up. (requested by Carajo666)\n|inactive|Luca8 has 60 seconds left.\n|\n|t:|1776865859\n|teamsize|p1|4\n|teamsize|p2|4\n|start\n|switch|p1a: Ho-Oh|Ho-Oh, L50|100/100\n|switch|p1b: Urshifu|Urshifu, L50, M|100/100\n|switch|p2a: Indeedee|Indeedee-F, L50, F|100/100\n|switch|p2b: Zamazenta|Zamazenta-Crowned, L50|100/100\n|-ability|p2b: Zamazenta|Dauntless Shield|boost\n|-boost|p2b: Zamazenta|def|1\n|-fieldstart|move: Psychic Terrain|[from] ability: Psychic Surge|[of] p2a: Indeedee\n|turn|1\n|inactive|Luca8 has 30 seconds left.\n|\n|t:|1776865889\n|-terastallize|p2b: Zamazenta|Fighting\n|move|p1b: Urshifu|Wicked Blow|p2a: Indeedee\n|-supereffective|p2a: Indeedee\n|-crit|p2a: Indeedee\n|-damage|p2a: Indeedee|0 fnt\n|faint|p2a: Indeedee\n|move|p2b: Zamazenta|Body Press|p1b: Urshifu\n|-supereffective|p1b: Urshifu\n|-enditem|p1b: Urshifu|Focus Sash\n|-damage|p1b: Urshifu|1/100\n|move|p1a: Ho-Oh|Sacred Fire|p2b: Zamazenta\n|-damage|p2b: Zamazenta|83/100\n|-status|p2b: Zamazenta|brn\n|\n|-damage|p2b: Zamazenta|77/100 brn|[from] brn\n|upkeep\n|\n|t:|1776865906\n|switch|p2a: Calyrex|Calyrex-Shadow, L50|100/100\n|-ability|p2a: Calyrex|As One\n|-ability|p2a: Calyrex|Unnerve\n|turn|2\n|\n|t:|1776865920\n|switch|p1b: Toxapex|Toxapex, L50, F|100/100\n|move|p2a: Calyrex|Expanding Force|p1a: Ho-Oh|[spread] p1a,p1b\n|-supereffective|p1b: Toxapex\n|-damage|p1a: Ho-Oh|57/100\n|-damage|p1b: Toxapex|0 fnt\n|faint|p1b: Toxapex\n|-ability|p2a: Calyrex|Grim Neigh|boost\n|-boost|p2a: Calyrex|spa|1\n|move|p2b: Zamazenta|Body Press|p1a: Ho-Oh\n|-resisted|p1a: Ho-Oh\n|-damage|p1a: Ho-Oh|39/100\n|move|p1a: Ho-Oh|Brave Bird|p2b: Zamazenta\n|-supereffective|p2b: Zamazenta\n|-damage|p2b: Zamazenta|34/100 brn\n|-damage|p1a: Ho-Oh|26/100|[from] Recoil\n|\n|-damage|p2b: Zamazenta|28/100 brn|[from] brn\n|upkeep\n|\n|t:|1776865937\n|switch|p1b: Terapagos|Terapagos, L50, M|100/100\n|-activate|p1b: Terapagos|ability: Tera Shift\n|detailschange|p1b: Terapagos|Terapagos-Terastal, L50, M\n|-heal|p1b: Terapagos|100/100|[silent]\n|turn|3\n|\n|t:|1776865955\n|switch|p1a: Urshifu|Urshifu, L50, M|1/100\n|-terastallize|p1b: Terapagos|Stellar\n|detailschange|p1b: Terapagos|Terapagos-Stellar, L50, M, tera:Stellar\n|-heal|p1b: Terapagos|100/100|[silent]\n|-ability|p1b: Terapagos|Teraform Zero\n|-fieldend|move: Psychic Terrain\n|move|p2a: Calyrex|Expanding Force|p1a: Urshifu\n|-immune|p1a: Urshifu\n|move|p2b: Zamazenta|Body Press|p1b: Terapagos\n|-supereffective|p1b: Terapagos\n|-damage|p1b: Terapagos|41/100\n|move|p1b: Terapagos|Tera Starstorm|p2a: Calyrex|[spread] p2a,p2b\n|-supereffective|p2b: Zamazenta\n|-damage|p2a: Calyrex|57/100\n|-damage|p2b: Zamazenta|0 fnt\n|faint|p2b: Zamazenta\n|\n|-heal|p1b: Terapagos|47/100|[from] item: Leftovers\n|upkeep\n|\n|t:|1776865976\n|switch|p2b: Tornadus|Tornadus, L50, M|100/100\n|turn|4\n|\n|t:|1776865985\n|switch|p1a: Ho-Oh|Ho-Oh, L50|60/100\n|move|p2a: Calyrex|Protect|p2a: Calyrex\n|-singleturn|p2a: Calyrex|Protect\n|move|p2b: Tornadus|Bleakwind Storm|p1a: Ho-Oh|[spread] p1a\n|-miss|p2b: Tornadus|p1b: Terapagos\n|-damage|p1a: Ho-Oh|42/100\n|move|p1b: Terapagos|Calm Mind|p1b: Terapagos\n|-boost|p1b: Terapagos|spa|1\n|-boost|p1b: Terapagos|spd|1\n|\n|-heal|p1b: Terapagos|54/100|[from] item: Leftovers\n|upkeep\n|turn|5\n|\n|t:|1776866009\n|move|p2a: Calyrex|Astral Barrage|p1b: Terapagos|[spread] p1a\n|-immune|p1b: Terapagos\n|-damage|p1a: Ho-Oh|0 fnt\n|faint|p1a: Ho-Oh\n|-ability|p2a: Calyrex|Grim Neigh|boost\n|-boost|p2a: Calyrex|spa|1\n|move|p2b: Tornadus|Sludge Bomb|p1b: Terapagos\n|-damage|p1b: Terapagos|43/100\n|move|p1b: Terapagos|Tera Starstorm|p2b: Tornadus|[spread] p2a,p2b\n|-damage|p2a: Calyrex|0 fnt\n|-damage|p2b: Tornadus|39/100\n|faint|p2a: Calyrex\n|\n|-heal|p1b: Terapagos|49/100|[from] item: Leftovers\n|upkeep\n|\n|t:|1776866026\n|switch|p1a: Urshifu|Urshifu, L50, M|1/100\n|turn|6\n|\n|t:|1776866029\n|move|p1a: Urshifu|Sucker Punch|p2b: Tornadus\n|-damage|p2b: Tornadus|0 fnt\n|faint|p2b: Tornadus\n|\n|win|Carajo666\n|raw|Carajo666's rating: 1507 &rarr; <strong>1528</strong><br />(+21 for winning)\n|raw|Luca8's rating: 1527 &rarr; <strong>1506</strong><br />(-21 for losing)\n|l|\u2606Carajo666\n|player|p1|\n|l|\u2606Luca8\n|player|p2|\n","uploadtime":1776866213,"views":12,"formatid":"gen9vgc2026regi","rating":1506,"private":0,"password":null}