{"id":"gen9vgc2026regi-2568501305","format":"[Gen 9] VGC 2026 Reg I","players":["hfyssgtslaaa","kao play game"],"log":"|j|\u2606hfyssgtslaaa\n|j|\u2606kao play game\n|t:|1774586384\n|gametype|doubles\n|player|p1|hfyssgtslaaa|101|1224\n|player|p2|kao play game|cynthia-gen4|1173\n|gen|9\n|tier|[Gen 9] VGC 2026 Reg I\n|rated|\n|rule|Species Clause: Limit one of each Pok\u00e9mon\n|rule|Item Clause: Limit 1 of each item\n|clearpoke\n|poke|p1|Raging Bolt, L50|\n|poke|p1|Chien-Pao, L50|\n|poke|p1|Calyrex-Shadow, L50|\n|poke|p1|Rillaboom, L50, M|\n|poke|p1|Amoonguss, L50, M|\n|poke|p1|Zamazenta-*, L50|\n|poke|p2|Ogerpon-Hearthflame, L50, F|\n|poke|p2|Ninetales, L50, M|\n|poke|p2|Dragonite, L50, F|\n|poke|p2|Walking Wake, L50|\n|poke|p2|Miraidon, L50|\n|poke|p2|Goodra, L50, M|\n|teampreview|4\n|inactive|Battle timer is ON: inactive players will automatically lose when time's up. (requested by hfyssgtslaaa)\n|inactive|hfyssgtslaaa has 60 seconds left.\n|inactive|kao play game has 60 seconds left.\n|\n|t:|1774586422\n|teamsize|p1|4\n|teamsize|p2|4\n|start\n|switch|p1a: Raging Bolt|Raging Bolt, L50|100/100\n|switch|p1b: Zamazenta|Zamazenta-Crowned, L50|100/100\n|switch|p2a: Miraidon|Miraidon, L50|100/100\n|switch|p2b: Goodra|Goodra, L50, M|100/100\n|-fieldstart|move: Electric Terrain|[from] ability: Hadron Engine|[of] p2a: Miraidon\n|-enditem|p2b: Goodra|Electric Seed\n|-boost|p2b: Goodra|def|1|[from] item: Electric Seed\n|-ability|p1b: Zamazenta|Dauntless Shield|boost\n|-boost|p1b: Zamazenta|def|1\n|turn|1\n|inactive|kao play game has 30 seconds left.\n|\n|t:|1774586454\n|-terastallize|p2a: Miraidon|Fairy\n|-terastallize|p1a: Raging Bolt|Electric\n|move|p1b: Zamazenta|Protect|p1b: Zamazenta\n|-singleturn|p1b: Zamazenta|Protect\n|move|p2a: Miraidon|Overheat|p1b: Zamazenta\n|-activate|p1b: Zamazenta|move: Protect\n|move|p1a: Raging Bolt|Dragon Pulse|p2a: Miraidon\n|-immune|p2a: Miraidon\n|move|p2b: Goodra|Dragon Cheer|p2a: Miraidon\n|-start|p2a: Miraidon|move: Dragon Cheer\n|\n|upkeep\n|turn|2\n|inactive|hfyssgtslaaa has 30 seconds left.\n|\n|t:|1774586486\n|move|p2a: Miraidon|Overheat|p1a: Raging Bolt\n|-damage|p1a: Raging Bolt|50/100\n|-unboost|p2a: Miraidon|spa|2\n|move|p1b: Zamazenta|Behemoth Bash|p2a: Miraidon\n|-supereffective|p2a: Miraidon\n|-damage|p2a: Miraidon|22/100\n|move|p1a: Raging Bolt|Thunderbolt|p2a: Miraidon\n|-damage|p2a: Miraidon|0 fnt\n|faint|p2a: Miraidon\n|move|p2b: Goodra|Thunderbolt|p1b: Zamazenta\n|-damage|p1b: Zamazenta|77/100\n|\n|upkeep\n|\n|t:|1774586495\n|switch|p2a: Walking Wake|Walking Wake, L50|100/100\n|turn|3\n|\n|t:|1774586513\n|switch|p2b: Ninetales|Ninetales, L50, M|100/100\n|-weather|SunnyDay|[from] ability: Drought|[of] p2b: Ninetales\n|-activate|p2a: Walking Wake|ability: Protosynthesis\n|-start|p2a: Walking Wake|protosynthesisspa\n|-activate|p1a: Raging Bolt|ability: Protosynthesis\n|-start|p1a: Raging Bolt|protosynthesisspa\n|move|p2a: Walking Wake|Weather Ball|p1a: Raging Bolt\n|-damage|p1a: Raging Bolt|0 fnt\n|faint|p1a: Raging Bolt\n|-end|p1a: Raging Bolt|Protosynthesis|[silent]\n|move|p1b: Zamazenta|Body Press|p2a: Walking Wake\n|-damage|p2a: Walking Wake|21/100\n|\n|-weather|SunnyDay|[upkeep]\n|upkeep\n|\n|t:|1774586531\n|switch|p1a: Chien-Pao|Chien-Pao, L50|100/100\n|-ability|p1a: Chien-Pao|Sword of Ruin\n|turn|4\n|\n|t:|1774586545\n|move|p1a: Chien-Pao|Ice Spinner|p2b: Ninetales\n|-resisted|p2b: Ninetales\n|-damage|p2b: Ninetales|41/100\n|-fieldend|move: Electric Terrain\n|-damage|p1a: Chien-Pao|91/100|[from] item: Life Orb\n|move|p2a: Walking Wake|Weather Ball|p1b: Zamazenta\n|-supereffective|p1b: Zamazenta\n|-crit|p1b: Zamazenta\n|-damage|p1b: Zamazenta|0 fnt\n|faint|p1b: Zamazenta\n|move|p2b: Ninetales|Heat Wave|p1a: Chien-Pao\n|-supereffective|p1a: Chien-Pao\n|-damage|p1a: Chien-Pao|0 fnt\n|faint|p1a: Chien-Pao\n|-damage|p2b: Ninetales|32/100|[from] item: Life Orb\n|\n|-weather|SunnyDay|[upkeep]\n|upkeep\n|\n|t:|1774586560\n|switch|p1b: Calyrex|Calyrex-Shadow, L50|100/100\n|-ability|p1b: Calyrex|As One\n|-ability|p1b: Calyrex|Unnerve\n|turn|5\n|\n|t:|1774586567\n|move|p1b: Calyrex|Astral Barrage|p2a: Walking Wake|[spread] p2a,p2b\n|-damage|p2a: Walking Wake|0 fnt\n|-damage|p2b: Ninetales|0 fnt\n|faint|p2a: Walking Wake\n|-end|p2a: Walking Wake|Protosynthesis|[silent]\n|faint|p2b: Ninetales\n|-ability|p1b: Calyrex|Grim Neigh|boost\n|-boost|p1b: Calyrex|spa|2\n|\n|-weather|SunnyDay|[upkeep]\n|upkeep\n|\n|t:|1774586571\n|switch|p2b: Goodra|Goodra, L50, M|100/100\n|turn|6\n|\n|t:|1774586577\n|move|p1b: Calyrex|Astral Barrage|p2b: Goodra\n|-damage|p2b: Goodra|27/100\n|move|p2b: Goodra|Life Dew|p2b: Goodra\n|-heal|p2b: Goodra|52/100\n|\n|-weather|SunnyDay|[upkeep]\n|upkeep\n|turn|7\n|\n|t:|1774586584\n|move|p1b: Calyrex|Astral Barrage|p2b: Goodra\n|-damage|p2b: Goodra|0 fnt\n|faint|p2b: Goodra\n|\n|win|hfyssgtslaaa\n|raw|hfyssgtslaaa's rating: 1224 &rarr; <strong>1245</strong><br />(+21 for winning)\n|raw|kao play game's rating: 1173 &rarr; <strong>1152</strong><br />(-21 for losing)\n|l|\u2606hfyssgtslaaa\n|player|p1|\n|l|\u2606kao play game\n|player|p2|\n","uploadtime":1774586750,"views":11,"formatid":"gen9vgc2026regi","rating":1152,"private":0,"password":null}