{"id":"gen9vgc2026regi-2573557598","format":"[Gen 9] VGC 2026 Reg I","players":["feces fungal","asroarri"],"log":"|j|\u2606feces fungal\n|j|\u2606asroarri\n|t:|1775146569\n|gametype|doubles\n|player|p1|feces fungal|gardenia|1121\n|player|p2|asroarri|dawn|1224\n|gen|9\n|tier|[Gen 9] VGC 2026 Reg I\n|rated|\n|rule|Species Clause: Limit one of each Pok\u00e9mon\n|rule|Item Clause: Limit 1 of each item\n|clearpoke\n|poke|p1|Lurantis, L50, F|\n|poke|p1|Ting-Lu, L50|\n|poke|p1|Sinistcha-Masterpiece, L50|\n|poke|p1|Dialga-Origin, L50|\n|poke|p1|Calyrex-Ice, L50|\n|poke|p1|Monferno, L50, F|\n|poke|p2|Kyogre, L50|\n|poke|p2|Eternatus, L50|\n|poke|p2|Iron Crown, L50|\n|poke|p2|Indeedee-F, L50, F|\n|poke|p2|Overqwil, L50, F|\n|poke|p2|Araquanid, L50, F|\n|teampreview|4\n|inactive|Battle timer is ON: inactive players will automatically lose when time's up. (requested by feces fungal)\n|inactive|asroarri has 60 seconds left.\n|\n|t:|1775146615\n|teamsize|p1|4\n|teamsize|p2|4\n|start\n|switch|p1a: Sinistcha|Sinistcha-Masterpiece, L50|100/100\n|switch|p1b: Monferno|Monferno, L50, F|100/100\n|switch|p2a: Kyogre|Kyogre, L50|100/100\n|switch|p2b: Overqwil|Overqwil, L50, F|100/100\n|-weather|RainDance|[from] ability: Drizzle|[of] p2a: Kyogre\n|turn|1\n|\n|t:|1775146623\n|move|p1b: Monferno|Fake Out|p2a: Kyogre\n|-damage|p2a: Kyogre|92/100\n|move|p2b: Overqwil|Taunt|p1a: Sinistcha\n|-start|p1a: Sinistcha|move: Taunt\n|-enditem|p1a: Sinistcha|Mental Herb\n|-end|p1a: Sinistcha|move: Taunt\n|cant|p2a: Kyogre|flinch\n|move|p1a: Sinistcha|Trick Room|p1a: Sinistcha\n|-fieldstart|move: Trick Room|[of] p1a: Sinistcha\n|\n|-weather|RainDance|[upkeep]\n|upkeep\n|turn|2\n|inactive|feces fungal has 30 seconds left.\n|\n|t:|1775146651\n|switch|p2b: Indeedee|Indeedee-F, L50, F|100/100\n|-fieldstart|move: Psychic Terrain|[from] ability: Psychic Surge|[of] p2b: Indeedee\n|move|p1a: Sinistcha|Matcha Gotcha|p2a: Kyogre|[spread] p2a,p2b\n|-supereffective|p2a: Kyogre\n|-damage|p2a: Kyogre|57/100\n|-damage|p2b: Indeedee|76/100\n|move|p1b: Monferno|Taunt|p2b: Indeedee\n|-start|p2b: Indeedee|move: Taunt\n|move|p2a: Kyogre|Water Spout|p1a: Sinistcha|[spread] p1a,p1b\n|-resisted|p1a: Sinistcha\n|-supereffective|p1b: Monferno\n|-damage|p1a: Sinistcha|67/100\n|-damage|p1b: Monferno|0 fnt\n|faint|p1b: Monferno\n|\n|-weather|RainDance|[upkeep]\n|upkeep\n|inactive|feces fungal has 30 seconds left.\n|\n|t:|1775146678\n|switch|p1b: Calyrex|Calyrex-Ice, L50|100/100\n|-ability|p1b: Calyrex|As One\n|-ability|p1b: Calyrex|Unnerve\n|turn|3\n|\n|t:|1775146692\n|switch|p2b: Araquanid|Araquanid, L50, F|100/100\n|move|p2a: Kyogre|Protect|p2a: Kyogre\n|-singleturn|p2a: Kyogre|Protect\n|move|p1b: Calyrex|Glacial Lance|p2a: Kyogre|[spread] p2b\n|-activate|p2a: Kyogre|move: Protect\n|-resisted|p2b: Araquanid\n|-damage|p2b: Araquanid|76/100\n|move|p1a: Sinistcha|Matcha Gotcha|p2b: Araquanid|[spread] \n|-activate|p2a: Kyogre|move: Protect\n|-miss|p1a: Sinistcha|p2b: Araquanid\n|\n|-weather|RainDance|[upkeep]\n|upkeep\n|turn|4\n|\n|t:|1775146708\n|-terastallize|p2a: Kyogre|Water\n|move|p2b: Araquanid|Wide Guard|p2b: Araquanid\n|-singleturn|p2b: Araquanid|Wide Guard\n|move|p1a: Sinistcha|Rage Powder|p1a: Sinistcha\n|-singleturn|p1a: Sinistcha|move: Rage Powder\n|move|p1b: Calyrex|Glacial Lance|p2b: Araquanid|[spread] \n|-activate|p2a: Kyogre|move: Wide Guard\n|-activate|p2b: Araquanid|move: Wide Guard\n|move|p2a: Kyogre|Origin Pulse|p1a: Sinistcha|[spread] p1a,p1b\n|-resisted|p1a: Sinistcha\n|-damage|p1a: Sinistcha|5/100\n|-damage|p1b: Calyrex|16/100\n|\n|-weather|RainDance|[upkeep]\n|upkeep\n|turn|5\n|\n|t:|1775146723\n|move|p2b: Araquanid|Wide Guard|p2b: Araquanid\n|-singleturn|p2b: Araquanid|Wide Guard\n|move|p1b: Calyrex|Throat Chop|p2b: Araquanid\n|-damage|p2b: Araquanid|46/100\n|-start|p2b: Araquanid|Throat Chop|[silent]\n|move|p1a: Sinistcha|Strength Sap|p1b: Calyrex\n|-fail|p1b: Calyrex|unboost|[from] item: Clear Amulet|[of] p1b: Calyrex\n|-heal|p1a: Sinistcha|100/100\n|move|p2a: Kyogre|Origin Pulse|p1a: Sinistcha|[spread] p1a,p1b\n|-resisted|p1a: Sinistcha\n|-crit|p1b: Calyrex\n|-damage|p1a: Sinistcha|41/100\n|-damage|p1b: Calyrex|0 fnt\n|faint|p1b: Calyrex\n|\n|-weather|none\n|-fieldend|move: Trick Room\n|upkeep\n|\n|t:|1775146735\n|switch|p1b: Ting-Lu|Ting-Lu, L50, shiny|100/100\n|-ability|p1b: Ting-Lu|Vessel of Ruin\n|turn|6\n|\n|t:|1775146749\n|-terastallize|p1b: Ting-Lu|Steel\n|move|p2a: Kyogre|Origin Pulse|p1a: Sinistcha|[spread] p1a,p1b\n|-resisted|p1a: Sinistcha\n|-damage|p1a: Sinistcha|9/100\n|-damage|p1b: Ting-Lu|71/100\n|move|p1a: Sinistcha|Strength Sap|p2b: Araquanid\n|-unboost|p2b: Araquanid|atk|1\n|-heal|p1a: Sinistcha|60/100\n|move|p1b: Ting-Lu|Throat Chop|p2a: Kyogre\n|-damage|p2a: Kyogre|23/100\n|-start|p2a: Kyogre|Throat Chop|[silent]\n|move|p2b: Araquanid|Liquidation|p1b: Ting-Lu\n|-damage|p1b: Ting-Lu|56/100\n|\n|-end|p2b: Araquanid|Throat Chop|[silent]\n|-fieldend|move: Psychic Terrain\n|upkeep\n|turn|7\n|\n|t:|1775146776\n|switch|p2a: Indeedee|Indeedee-F, L50, F|76/100\n|-fieldstart|move: Psychic Terrain|[from] ability: Psychic Surge|[of] p2a: Indeedee\n|switch|p2b: Overqwil|Overqwil, L50, F|100/100\n|move|p1a: Sinistcha|Matcha Gotcha|p2a: Indeedee|[spread] p2a,p2b\n|-resisted|p2b: Overqwil\n|-damage|p2a: Indeedee|60/100\n|-heal|p1a: Sinistcha|68/100|[from] drain|[of] p2a: Indeedee\n|-damage|p2b: Overqwil|90/100\n|-heal|p1a: Sinistcha|74/100|[from] drain|[of] p2b: Overqwil\n|move|p1b: Ting-Lu|Throat Chop|p2a: Indeedee\n|-supereffective|p2a: Indeedee\n|-damage|p2a: Indeedee|3/100\n|-start|p2a: Indeedee|Throat Chop|[silent]\n|\n|upkeep\n|turn|8\n|\n|t:|1775146797\n|move|p2a: Indeedee|Follow Me|p2a: Indeedee\n|-singleturn|p2a: Indeedee|move: Follow Me\n|move|p2b: Overqwil|Taunt|p1a: Sinistcha\n|-start|p1a: Sinistcha|move: Taunt\n|move|p1b: Ting-Lu|Stomping Tantrum|p2a: Indeedee\n|-damage|p2a: Indeedee|0 fnt\n|faint|p2a: Indeedee\n|cant|p1a: Sinistcha|move: Taunt|Trick Room\n|\n|upkeep\n|\n|t:|1775146805\n|switch|p2a: Kyogre|Kyogre, L50, tera:Water|23/100\n|-weather|RainDance|[from] ability: Drizzle|[of] p2a: Kyogre\n|turn|9\n|\n|t:|1775146814\n|move|p2b: Overqwil|Acid Spray|p1a: Sinistcha\n|-damage|p1a: Sinistcha|66/100\n|-unboost|p1a: Sinistcha|spd|2\n|move|p2a: Kyogre|Origin Pulse|p1a: Sinistcha|[spread] p1a,p1b\n|-resisted|p1a: Sinistcha\n|-damage|p1a: Sinistcha|0 fnt\n|-damage|p1b: Ting-Lu|15/100\n|faint|p1a: Sinistcha\n|move|p1b: Ting-Lu|Stomping Tantrum|p2b: Overqwil\n|-supereffective|p2b: Overqwil\n|-damage|p2b: Overqwil|37/100\n|\n|-weather|RainDance|[upkeep]\n|upkeep\n|turn|10\n|\n|t:|1775146827\n|move|p2b: Overqwil|Crunch|p1b: Ting-Lu\n|-damage|p1b: Ting-Lu|0 fnt\n|faint|p1b: Ting-Lu\n|\n|win|asroarri\n|raw|feces fungal's rating: 1121 &rarr; <strong>1103</strong><br />(-18 for losing)\n|raw|asroarri's rating: 1224 &rarr; <strong>1242</strong><br />(+18 for winning)\n|l|\u2606asroarri\n|player|p2|\n|l|\u2606feces fungal\n|player|p1|\n","uploadtime":1775146990,"views":13,"formatid":"gen9vgc2026regi","rating":1103,"private":0,"password":null}