{"id":"gen9vgc2026regi-2527641494","format":"[Gen 9] VGC 2026 Reg I","players":["battlefront2remake","cdogp3"],"log":"|j|\u2606battlefront2remake\n|j|\u2606cdogp3\n|t:|1769558279\n|gametype|doubles\n|player|p1|battlefront2remake|170|1335\n|player|p2|cdogp3|hoopster|1503\n|gen|9\n|tier|[Gen 9] VGC 2026 Reg I\n|rated|\n|rule|Species Clause: Limit one of each Pok\u00e9mon\n|rule|Item Clause: Limit 1 of each item\n|clearpoke\n|poke|p1|Clefairy, L50, F|\n|poke|p1|Rillaboom, L50, M|\n|poke|p1|Calyrex-Shadow, L50|\n|poke|p1|Volcarona, L50, M|\n|poke|p1|Miraidon, L50|\n|poke|p1|Incineroar, L50, M|\n|poke|p2|Incineroar, L50, M|\n|poke|p2|Landorus, L50, M|\n|poke|p2|Calyrex-Shadow, L50|\n|poke|p2|Koraidon, L50|\n|poke|p2|Brute Bonnet, L50|\n|poke|p2|Raging Bolt, L50|\n|teampreview|4\n|inactive|Battle timer is ON: inactive players will automatically lose when time's up. (requested by cdogp3)\n|\n|t:|1769558309\n|teamsize|p1|4\n|teamsize|p2|4\n|start\n|switch|p1a: Miraidon|Miraidon, L50|100/100\n|switch|p1b: Volcarona|Volcarona, L50, M|100/100\n|switch|p2a: Matthias|Koraidon, L50|100/100\n|switch|p2b: Mao & Agati|Calyrex-Shadow, L50|100/100\n|-ability|p2b: Mao & Agati|As One\n|-ability|p2b: Mao & Agati|Unnerve\n|-fieldstart|move: Electric Terrain|[from] ability: Hadron Engine|[of] p1a: Miraidon\n|-enditem|p1b: Volcarona|Electric Seed\n|-boost|p1b: Volcarona|def|1|[from] item: Electric Seed\n|-weather|SunnyDay|[from] ability: Orichalcum Pulse|[of] p2a: Matthias\n|-activate|p2a: Matthias|Orichalcum Pulse|[source]\n|turn|1\n|inactive|battlefront2remake has 30 seconds left.\n|\n|t:|1769558338\n|-terastallize|p2a: Matthias|Fire\n|move|p1a: Miraidon|Volt Switch|p2b: Mao & Agati\n|-damage|p2b: Mao & Agati|27/100\n|\n|t:|1769558343\n|switch|p1a: Clefairy|Clefairy, L50, F|100/100|[from] Volt Switch\n|move|p2b: Mao & Agati|Astral Barrage|p1a: Clefairy|[spread] p1a,p1b\n|-damage|p1a: Clefairy|56/100\n|-damage|p1b: Volcarona|65/100\n|move|p2a: Matthias|Flare Blitz|p1b: Volcarona\n|-damage|p1b: Volcarona|7/100\n|-damage|p2a: Matthias|81/100|[from] Recoil\n|move|p1b: Volcarona|Struggle Bug|p2a: Matthias|[spread] p2a,p2b\n|-resisted|p2a: Matthias\n|-damage|p2a: Matthias|74/100\n|-damage|p2b: Mao & Agati|10/100\n|-unboost|p2b: Mao & Agati|spa|1\n|\n|-weather|SunnyDay|[upkeep]\n|upkeep\n|turn|2\n|inactive|battlefront2remake has 30 seconds left.\n|\n|t:|1769558371\n|move|p1a: Clefairy|Protect|p1a: Clefairy\n|-singleturn|p1a: Clefairy|Protect\n|move|p2b: Mao & Agati|Astral Barrage|p1b: Volcarona|[spread] p1b\n|-activate|p1a: Clefairy|move: Protect\n|-damage|p1b: Volcarona|0 fnt\n|faint|p1b: Volcarona\n|-ability|p2b: Mao & Agati|Grim Neigh|boost\n|-boost|p2b: Mao & Agati|spa|1\n|move|p2a: Matthias|Flame Charge|p1a: Clefairy\n|-activate|p1a: Clefairy|move: Protect\n|\n|-weather|SunnyDay|[upkeep]\n|upkeep\n|\n|t:|1769558385\n|switch|p1b: Calyrex|Calyrex-Shadow, L50|100/100\n|-ability|p1b: Calyrex|As One\n|-ability|p1b: Calyrex|Unnerve\n|turn|3\n|\n|t:|1769558393\n|-terastallize|p1b: Calyrex|Fairy\n|move|p1a: Clefairy|Helping Hand|p1b: Calyrex\n|-singleturn|p1b: Calyrex|Helping Hand|[of] p1a: Clefairy\n|move|p2b: Mao & Agati|Astral Barrage|p1b: Calyrex|[spread] p1a,p1b\n|-damage|p1a: Clefairy|9/100\n|-damage|p1b: Calyrex|61/100\n|move|p1b: Calyrex|Astral Barrage|p2b: Mao & Agati|[spread] p2a,p2b\n|-supereffective|p2b: Mao & Agati\n|-damage|p2a: Matthias|0 fnt\n|-damage|p2b: Mao & Agati|0 fnt\n|faint|p2a: Matthias\n|faint|p2b: Mao & Agati\n|-ability|p1b: Calyrex|Grim Neigh|boost\n|-boost|p1b: Calyrex|spa|2\n|\n|-weather|SunnyDay|[upkeep]\n|upkeep\n|\n|t:|1769558406\n|switch|p2b: Kareem|Incineroar, L50, M|100/100\n|switch|p2a: Navjit|Landorus, L50, M|100/100\n|-ability|p2b: Kareem|Intimidate|boost\n|-unboost|p1a: Clefairy|atk|1\n|-unboost|p1b: Calyrex|atk|1\n|turn|4\n|j| not world\n|\n|t:|1769558415\n|move|p1b: Calyrex|Protect|p1b: Calyrex\n|-singleturn|p1b: Calyrex|Protect\n|move|p1a: Clefairy|Protect|p1a: Clefairy\n|-singleturn|p1a: Clefairy|Protect\n|move|p2b: Kareem|Fake Out|p1a: Clefairy\n|-activate|p1a: Clefairy|move: Protect\n|move|p2a: Navjit|Sludge Bomb|p1b: Calyrex\n|-activate|p1b: Calyrex|move: Protect\n|\n|-weather|SunnyDay|[upkeep]\n|upkeep\n|turn|5\n|\n|t:|1769558427\n|move|p1a: Clefairy|Helping Hand|p1b: Calyrex\n|-singleturn|p1b: Calyrex|Helping Hand|[of] p1a: Clefairy\n|move|p1b: Calyrex|Astral Barrage|p2a: Navjit|[spread] p2a,p2b\n|-resisted|p2b: Kareem\n|-damage|p2a: Navjit|0 fnt\n|-damage|p2b: Kareem|36/100\n|faint|p2a: Navjit\n|-ability|p1b: Calyrex|Grim Neigh|boost\n|-boost|p1b: Calyrex|spa|1\n|move|p2b: Kareem|Knock Off|p1b: Calyrex\n|-resisted|p1b: Calyrex\n|-damage|p1b: Calyrex|46/100\n|-enditem|p1b: Calyrex|Covert Cloak|[from] move: Knock Off|[of] p2b: Kareem\n|\n|-weather|none\n|-fieldend|move: Electric Terrain\n|upkeep\n|turn|6\n|-message|cdogp3 forfeited.\n|\n|win|battlefront2remake\n|raw|battlefront2remake's rating: 1335 &rarr; <strong>1364</strong><br />(+29 for winning)\n|raw|cdogp3's rating: 1503 &rarr; <strong>1474</strong><br />(-29 for losing)\n|l|\u2606cdogp3\n|player|p2|\n|l| not world\n","uploadtime":1769558664,"views":16,"formatid":"gen9vgc2026regi","rating":1364,"private":0,"password":null}