{"id":"gen9vgc2026regi-2551919109","format":"[Gen 9] VGC 2026 Reg I","players":["oscraft89","CHR1SPHX"],"log":"|j|\u2606oscraft89\n|j|\u2606CHR1SPHX\n|t:|1772656504\n|gametype|doubles\n|player|p1|oscraft89|ethan|1374\n|player|p2|CHR1SPHX|hilbert-wonderlauncher|1300\n|gen|9\n|tier|[Gen 9] VGC 2026 Reg I\n|rated|\n|rule|Species Clause: Limit one of each Pok\u00e9mon\n|rule|Item Clause: Limit 1 of each item\n|clearpoke\n|poke|p1|Rillaboom, L50, M|\n|poke|p1|Incineroar, L50, M|\n|poke|p1|Clefairy, L50, F|\n|poke|p1|Calyrex-Shadow, L50|\n|poke|p1|Grimmsnarl, L50, M|\n|poke|p1|Miraidon, L50|\n|poke|p2|Lunala, L50|\n|poke|p2|Amoonguss, L50, M|\n|poke|p2|Ursaluna-Bloodmoon, L50, M|\n|poke|p2|Incineroar, L50, M|\n|poke|p2|Koraidon, L50|\n|poke|p2|Flutter Mane, L50|\n|teampreview|4\n|inactive|Battle timer is ON: inactive players will automatically lose when time's up. (requested by CHR1SPHX)\n|inactive|oscraft89 has 60 seconds left.\n|inactive|CHR1SPHX has 60 seconds left.\n|\n|t:|1772656540\n|teamsize|p1|4\n|teamsize|p2|4\n|start\n|switch|p1a: Miraidon|Miraidon, L50, shiny|100/100\n|switch|p1b: Incineroar|Incineroar, L50, M, shiny|100/100\n|switch|p2a: Lunala|Lunala, L50, shiny|100/100\n|switch|p2b: Flutter Mane|Flutter Mane, L50|100/100\n|-fieldstart|move: Electric Terrain|[from] ability: Hadron Engine|[of] p1a: Miraidon\n|-ability|p1b: Incineroar|Intimidate|boost\n|-unboost|p2a: Lunala|atk|1\n|-unboost|p2b: Flutter Mane|atk|1\n|turn|1\n|\n|t:|1772656562\n|-end|p2b: Flutter Mane|Protosynthesis|[silent]\n|switch|p2b: Ursaluna|Ursaluna-Bloodmoon, L50, M|100/100\n|-terastallize|p2a: Lunala|Fairy\n|move|p1a: Miraidon|Volt Switch|p2a: Lunala\n|-damage|p2a: Lunala|78/100\n|\n|t:|1772656570\n|switch|p1a: Calyrex|Calyrex-Shadow, L50|100/100|[from] Volt Switch\n|-ability|p1a: Calyrex|As One\n|-ability|p1a: Calyrex|Unnerve\n|move|p1b: Incineroar|Knock Off|p2a: Lunala\n|-resisted|p2a: Lunala\n|-damage|p2a: Lunala|65/100\n|-enditem|p2a: Lunala|Mental Herb|[from] move: Knock Off|[of] p1b: Incineroar\n|move|p2a: Lunala|Trick Room|p2a: Lunala\n|-fieldstart|move: Trick Room|[of] p2a: Lunala\n|\n|upkeep\n|turn|2\n|inactive|CHR1SPHX has 30 seconds left.\n|\n|t:|1772656595\n|switch|p1a: Clefairy|Clefairy, L50, F, shiny|100/100\n|move|p2a: Lunala|Wide Guard|p2a: Lunala\n|-singleturn|p2a: Lunala|Wide Guard\n|move|p2b: Ursaluna|Blood Moon|p1a: Clefairy\n|-damage|p1a: Clefairy|21/100\n|-damage|p2b: Ursaluna|91/100|[from] item: Life Orb\n|move|p1b: Incineroar|Parting Shot|p2b: Ursaluna\n|-unboost|p2b: Ursaluna|atk|1\n|-unboost|p2b: Ursaluna|spa|1\n|\n|t:|1772656608\n|switch|p1b: Calyrex|Calyrex-Shadow, L50|100/100|[from] Parting Shot\n|-ability|p1b: Calyrex|As One\n|-ability|p1b: Calyrex|Unnerve\n|\n|upkeep\n|turn|3\n|\n|t:|1772656620\n|-terastallize|p1b: Calyrex|Fairy\n|move|p1a: Clefairy|Protect|p1a: Clefairy\n|-singleturn|p1a: Clefairy|Protect\n|move|p2b: Ursaluna|Hyper Voice|p1b: Calyrex|[spread] p1b\n|-activate|p1a: Clefairy|move: Protect\n|-damage|p1b: Calyrex|78/100\n|-damage|p2b: Ursaluna|81/100|[from] item: Life Orb\n|move|p2a: Lunala|Moongeist Beam|p1b: Calyrex\n|-damage|p1b: Calyrex|20/100\n|move|p1b: Calyrex|Calm Mind|p1b: Calyrex\n|-boost|p1b: Calyrex|spa|1\n|-boost|p1b: Calyrex|spd|1\n|\n|upkeep\n|turn|4\n|inactive|CHR1SPHX has 30 seconds left.\n|\n|t:|1772656649\n|move|p1b: Calyrex|Protect|p1b: Calyrex\n|-singleturn|p1b: Calyrex|Protect\n|move|p2b: Ursaluna|Hyper Voice|p1b: Calyrex|[spread] p1a\n|-activate|p1b: Calyrex|move: Protect\n|-damage|p1a: Clefairy|0 fnt\n|faint|p1a: Clefairy\n|-damage|p2b: Ursaluna|72/100|[from] item: Life Orb\n|move|p2a: Lunala|Moonblast|p1b: Calyrex\n|-activate|p1b: Calyrex|move: Protect\n|\n|upkeep\n|\n|t:|1772656660\n|switch|p1a: Incineroar|Incineroar, L50, M, shiny|100/100\n|-ability|p1a: Incineroar|Intimidate|boost\n|-unboost|p2a: Lunala|atk|1\n|-unboost|p2b: Ursaluna|atk|1\n|turn|5\n|\n|t:|1772656676\n|move|p1a: Incineroar|Fake Out|p2a: Lunala\n|-damage|p2a: Lunala|57/100\n|move|p2b: Ursaluna|Hyper Voice|p1b: Calyrex|[spread] p1a,p1b\n|-damage|p1a: Incineroar|69/100\n|-damage|p1b: Calyrex|0 fnt\n|faint|p1b: Calyrex\n|-damage|p2b: Ursaluna|62/100|[from] item: Life Orb\n|cant|p2a: Lunala|flinch\n|\n|-fieldend|move: Trick Room\n|-fieldend|move: Electric Terrain\n|upkeep\n|\n|t:|1772656681\n|switch|p1b: Miraidon|Miraidon, L50, shiny|100/100\n|-fieldstart|move: Electric Terrain|[from] ability: Hadron Engine|[of] p1b: Miraidon\n|turn|6\n|\n|t:|1772656689\n|move|p1b: Miraidon|Electro Drift|p2a: Lunala\n|-damage|p2a: Lunala|0 fnt\n|faint|p2a: Lunala\n|move|p1a: Incineroar|Knock Off|p2b: Ursaluna\n|-damage|p2b: Ursaluna|33/100\n|-enditem|p2b: Ursaluna|Life Orb|[from] move: Knock Off|[of] p1a: Incineroar\n|move|p2b: Ursaluna|Earth Power|p1b: Miraidon\n|-supereffective|p1b: Miraidon\n|-damage|p1b: Miraidon|44/100\n|\n|upkeep\n|\n|t:|1772656702\n|switch|p2a: Flutter Mane|Flutter Mane, L50|100/100\n|turn|7\n|\n|t:|1772656707\n|switch|p2b: Koraidon|Koraidon, L50|100/100\n|-weather|SunnyDay|[from] ability: Orichalcum Pulse|[of] p2b: Koraidon\n|-activate|p2a: Flutter Mane|ability: Protosynthesis\n|-start|p2a: Flutter Mane|protosynthesisspe\n|-activate|p2b: Koraidon|Orichalcum Pulse|[source]\n|move|p2a: Flutter Mane|Dazzling Gleam|p1b: Miraidon|[spread] p1a,p1b\n|-supereffective|p1b: Miraidon\n|-damage|p1a: Incineroar|40/100\n|-damage|p1b: Miraidon|0 fnt\n|faint|p1b: Miraidon\n|move|p1a: Incineroar|Parting Shot|p2b: Koraidon\n|-fail|p2b: Koraidon|unboost|[from] item: Clear Amulet|[of] p2b: Koraidon\n|\n|-weather|SunnyDay|[upkeep]\n|upkeep\n|turn|8\n|-message|oscraft89 forfeited.\n|\n|win|CHR1SPHX\n|raw|oscraft89's rating: 1374 &rarr; <strong>1350</strong><br />(-24 for losing)\n|raw|CHR1SPHX's rating: 1300 &rarr; <strong>1330</strong><br />(+30 for winning)\n|l|\u2606oscraft89\n|player|p1|\n","uploadtime":1772656813,"views":14,"formatid":"gen9vgc2026regi","rating":1330,"private":0,"password":null}