{"id":"gen9vgc2026regi-2573969087","format":"[Gen 9] VGC 2026 Reg I","players":["1VLTSQ Joker","roykeenkennedy"],"log":"|raw|<div class=\"broadcast-blue\"><strong>This battle is required to be public due to a player having a name starting with '1vltsq'.</div>\n|j|\u26061VLTSQ Joker\n|j|\u2606roykeenkennedy\n|t:|1775183628\n|gametype|doubles\n|player|p1|1VLTSQ Joker|blue|1564\n|player|p2|roykeenkennedy|169|1669\n|gen|9\n|tier|[Gen 9] VGC 2026 Reg I\n|rated|\n|rule|Species Clause: Limit one of each Pok\u00e9mon\n|rule|Item Clause: Limit 1 of each item\n|clearpoke\n|poke|p1|Calyrex-Ice, L50|\n|poke|p1|Smeargle, L50, M|\n|poke|p1|Kyogre, L50|\n|poke|p1|Maushold, L50|\n|poke|p1|Volcarona, L50, M|\n|poke|p1|Pawmot, L50, F|\n|poke|p2|Calyrex-Ice, L50|\n|poke|p2|Annihilape, L50, F|\n|poke|p2|Grimmsnarl, L50, M|\n|poke|p2|Sinistcha-Masterpiece, L50|\n|poke|p2|Miraidon, L50|\n|poke|p2|Iron Hands, L50|\n|teampreview|4\n|\n|t:|1775183658\n|teamsize|p1|4\n|teamsize|p2|4\n|start\n|switch|p1a: Calyrex|Calyrex-Ice, L50|100/100\n|switch|p1b: Smeargle|Smeargle, L50, M|100/100\n|switch|p2a: Miraidon|Miraidon, L50|100/100\n|switch|p2b: Grimmsnarl|Grimmsnarl, L50, M|100/100\n|-ability|p1a: Calyrex|As One\n|-ability|p1a: Calyrex|Unnerve\n|-fieldstart|move: Electric Terrain|[from] ability: Hadron Engine|[of] p2a: Miraidon\n|turn|1\n|\n|t:|1775183681\n|switch|p2a: Iron Hands|Iron Hands, L50|100/100\n|-enditem|p2a: Iron Hands|Electric Seed\n|-boost|p2a: Iron Hands|def|1|[from] item: Electric Seed\n|-activate|p2a: Iron Hands|ability: Quark Drive\n|-start|p2a: Iron Hands|quarkdriveatk\n|-terastallize|p1a: Calyrex|Grass\n|move|p1b: Smeargle|Fake Out|p2a: Iron Hands\n|-damage|p2a: Iron Hands|98/100\n|move|p2b: Grimmsnarl|Reflect|p2b: Grimmsnarl\n|-sidestart|p2: roykeenkennedy|Reflect\n|move|p1a: Calyrex|Glacial Lance|p2b: Grimmsnarl|[spread] p2a,p2b\n|-damage|p2a: Iron Hands|81/100\n|-damage|p2b: Grimmsnarl|58/100\n|\n|-ability|p1b: Smeargle|Moody|boost\n|-boost|p1b: Smeargle|atk|2\n|-unboost|p1b: Smeargle|spd|1\n|upkeep\n|turn|2\n|\n|t:|1775183703\n|move|p2a: Iron Hands|Fake Out|p1b: Smeargle\n|-damage|p1b: Smeargle|50/100\n|move|p2b: Grimmsnarl|Thunder Wave|p1a: Calyrex\n|-status|p1a: Calyrex|par\n|cant|p1b: Smeargle|flinch\n|move|p1a: Calyrex|Glacial Lance|p2b: Grimmsnarl|[spread] p2a,p2b\n|-damage|p2a: Iron Hands|62/100\n|-damage|p2b: Grimmsnarl|21/100\n|\n|-ability|p1b: Smeargle|Moody|boost\n|-boost|p1b: Smeargle|def|2\n|-unboost|p1b: Smeargle|spd|1\n|upkeep\n|turn|3\n|\n|t:|1775183727\n|move|p1b: Smeargle|Follow Me|p1b: Smeargle\n|-singleturn|p1b: Smeargle|move: Follow Me\n|move|p2b: Grimmsnarl|Thunder Wave|p1b: Smeargle\n|-status|p1b: Smeargle|par\n|move|p2a: Iron Hands|Drain Punch|p1b: Smeargle\n|-supereffective|p1b: Smeargle\n|-damage|p1b: Smeargle|0 fnt\n|-heal|p2a: Iron Hands|79/100|[from] drain|[of] p1b: Smeargle\n|faint|p1b: Smeargle\n|move|p1a: Calyrex|Glacial Lance|p2a: Iron Hands|[spread] p2a,p2b\n|-damage|p2a: Iron Hands|62/100\n|-damage|p2b: Grimmsnarl|0 fnt\n|faint|p2b: Grimmsnarl\n|-ability|p1a: Calyrex|Chilling Neigh|boost\n|-boost|p1a: Calyrex|atk|1\n|\n|upkeep\n|\n|t:|1775183746\n|switch|p1b: Kyogre|Kyogre, L50|100/100\n|switch|p2b: Calyrex|Calyrex-Ice, L50|100/100\n|-ability|p2b: Calyrex|As One\n|-ability|p2b: Calyrex|Unnerve\n|-weather|RainDance|[from] ability: Drizzle|[of] p1b: Kyogre\n|turn|4\n|\n|t:|1775183782\n|-terastallize|p2a: Iron Hands|Water\n|move|p1b: Kyogre|Water Spout|p2a: Iron Hands|[spread] p2a,p2b\n|-resisted|p2a: Iron Hands\n|-damage|p2a: Iron Hands|29/100\n|-damage|p2b: Calyrex|36/100\n|move|p2b: Calyrex|Glacial Lance|p1b: Kyogre|[spread] p1a,p1b\n|-supereffective|p1a: Calyrex\n|-resisted|p1b: Kyogre\n|-damage|p1a: Calyrex|32/100 par\n|-damage|p1b: Kyogre|70/100\n|move|p2a: Iron Hands|Drain Punch|p1a: Calyrex\n|-damage|p1a: Calyrex|0 fnt\n|-heal|p2a: Iron Hands|42/100|[from] drain|[of] p1a: Calyrex\n|faint|p1a: Calyrex\n|\n|-weather|RainDance|[upkeep]\n|upkeep\n|\n|t:|1775183796\n|switch|p1a: Pawmot|Pawmot, L50, F|100/100\n|turn|5\n|\n|t:|1775183821\n|switch|p2b: Miraidon|Miraidon, L50|100/100\n|-activate|p2b: Miraidon|ability: Hadron Engine\n|move|p1a: Pawmot|Fake Out|p2a: Iron Hands\n|-damage|p2a: Iron Hands|39/100\n|move|p1b: Kyogre|Water Spout|p2a: Iron Hands|[spread] p2a,p2b\n|-resisted|p2a: Iron Hands\n|-resisted|p2b: Miraidon\n|-damage|p2a: Iron Hands|14/100\n|-damage|p2b: Miraidon|80/100\n|cant|p2a: Iron Hands|flinch\n|\n|-weather|RainDance|[upkeep]\n|-sideend|p2: roykeenkennedy|Reflect\n|-fieldend|move: Electric Terrain\n|-end|p2a: Iron Hands|Quark Drive\n|upkeep\n|turn|6\n|\n|t:|1775183844\n|move|p1b: Kyogre|Water Spout|p2b: Miraidon|[spread] p2a,p2b\n|-resisted|p2a: Iron Hands\n|-resisted|p2b: Miraidon\n|-damage|p2a: Iron Hands|0 fnt\n|-damage|p2b: Miraidon|63/100\n|faint|p2a: Iron Hands\n|-end|p2a: Iron Hands|Quark Drive|[silent]\n|move|p1a: Pawmot|Revival Blessing|p1a: Pawmot\n|\n|t:|1775183852\n|-heal|p1: Calyrex|50/100|[from] move: Revival Blessing\n|move|p2b: Miraidon|Electro Drift|p1b: Kyogre\n|-supereffective|p1b: Kyogre\n|-damage|p1b: Kyogre|0 fnt\n|faint|p1b: Kyogre\n|\n|-weather|RainDance|[upkeep]\n|upkeep\n|\n|t:|1775183863\n|switch|p1b: Calyrex|Calyrex-Ice, L50|50/100\n|switch|p2a: Calyrex|Calyrex-Ice, L50|36/100\n|-ability|p1b: Calyrex|As One\n|-ability|p1b: Calyrex|Unnerve\n|-ability|p2a: Calyrex|As One\n|-ability|p2a: Calyrex|Unnerve\n|turn|7\n|\n|t:|1775183918\n|move|p1a: Pawmot|Close Combat|p2a: Calyrex\n|-damage|p2a: Calyrex|10/100\n|-unboost|p1a: Pawmot|def|1\n|-unboost|p1a: Pawmot|spd|1\n|move|p2b: Miraidon|Draco Meteor|p1b: Calyrex\n|-damage|p1b: Calyrex|17/100\n|-unboost|p2b: Miraidon|spa|2\n|move|p1b: Calyrex|Glacial Lance|p2a: Calyrex|[spread] p2a,p2b\n|-resisted|p2a: Calyrex\n|-supereffective|p2b: Miraidon\n|-damage|p2a: Calyrex|0 fnt\n|-damage|p2b: Miraidon|0 fnt\n|faint|p2a: Calyrex\n|faint|p2b: Miraidon\n|\n|win|1VLTSQ Joker\n|raw|1VLTSQ Joker's rating: 1564 &rarr; <strong>1590</strong><br />(+26 for winning)\n|raw|roykeenkennedy's rating: 1669 &rarr; <strong>1643</strong><br />(-26 for losing)\n|c|\u26061VLTSQ Joker|ggs\n|l|\u2606roykeenkennedy\n|player|p2|\n|l|\u26061VLTSQ Joker\n|player|p1|\n","uploadtime":1775184064,"views":17,"formatid":"gen9vgc2026regi","rating":1590,"private":0,"password":null}