{"id":"gen9vgc2026regi-2586551368","format":"[Gen 9] VGC 2026 Reg I","players":["StephaneYT","Lil Tic"],"log":"|j|\u2606StephaneYT\n|j|\u2606Lil Tic\n|t:|1776442470\n|gametype|doubles\n|player|p1|StephaneYT|169|1454\n|player|p2|Lil Tic|101|1521\n|gen|9\n|tier|[Gen 9] VGC 2026 Reg I\n|rated|\n|rule|Species Clause: Limit one of each Pok\u00e9mon\n|rule|Item Clause: Limit 1 of each item\n|clearpoke\n|poke|p1|Zacian-*, L50|\n|poke|p1|Urshifu-*, L50, M|\n|poke|p1|Roaring Moon, L50|\n|poke|p1|Amoonguss, L50, F|\n|poke|p1|Chien-Pao, L50|\n|poke|p1|Kyogre, L50|\n|poke|p2|Koraidon, L50|\n|poke|p2|Flutter Mane, L50|\n|poke|p2|Ho-Oh, L50|\n|poke|p2|Incineroar, L50, M|\n|poke|p2|Amoonguss, L50, F|\n|poke|p2|Ting-Lu, L50|\n|teampreview|4\n|inactive|Battle timer is ON: inactive players will automatically lose when time's up. (requested by StephaneYT)\n|\n|t:|1776442505\n|teamsize|p1|4\n|teamsize|p2|4\n|start\n|switch|p1a: Zacian|Zacian-Crowned, L50|100/100\n|switch|p1b: Roaring Moon|Roaring Moon, L50|100/100\n|switch|p2a: Incineroar|Incineroar, L50, M|100/100\n|switch|p2b: Amoonguss|Amoonguss, L50, F|100/100\n|-ability|p1a: Zacian|Intrepid Sword|boost\n|-boost|p1a: Zacian|atk|1\n|-ability|p2a: Incineroar|Intimidate|boost\n|-unboost|p1a: Zacian|atk|1\n|-unboost|p1b: Roaring Moon|atk|1\n|-enditem|p1b: Roaring Moon|Booster Energy\n|-activate|p1b: Roaring Moon|ability: Protosynthesis|[fromitem]\n|-start|p1b: Roaring Moon|protosynthesisspe\n|turn|1\n|\n|t:|1776442519\n|switch|p2a: Ho-Oh|Ho-Oh, L50|100/100\n|move|p1b: Roaring Moon|Tailwind|p1b: Roaring Moon\n|-sidestart|p1: StephaneYT|move: Tailwind\n|move|p1a: Zacian|Swords Dance|p1a: Zacian\n|-boost|p1a: Zacian|atk|2\n|move|p2b: Amoonguss|Spore|p1a: Zacian\n|-status|p1a: Zacian|slp|[from] move: Spore\n|\n|upkeep\n|turn|2\n|\n|t:|1776442539\n|switch|p1a: Kyogre|Kyogre, L50|100/100\n|-weather|RainDance|[from] ability: Drizzle|[of] p1a: Kyogre\n|move|p1b: Roaring Moon|Knock Off|p2b: Amoonguss\n|-damage|p2b: Amoonguss|71/100\n|-damage|p1b: Roaring Moon|84/100|[from] item: Rocky Helmet|[of] p2b: Amoonguss\n|-enditem|p2b: Amoonguss|Rocky Helmet|[from] move: Knock Off|[of] p1b: Roaring Moon\n|move|p2a: Ho-Oh|Sacred Fire|p1a: Kyogre\n|-resisted|p1a: Kyogre\n|-damage|p1a: Kyogre|86/100\n|move|p2b: Amoonguss|Spore|p1b: Roaring Moon\n|-status|p1b: Roaring Moon|slp|[from] move: Spore\n|\n|-weather|RainDance|[upkeep]\n|upkeep\n|turn|3\n|\n|t:|1776442555\n|-end|p1b: Roaring Moon|Protosynthesis|[silent]\n|switch|p1b: Urshifu|Urshifu-Rapid-Strike, L50, M|100/100\n|switch|p2b: Koraidon|Koraidon, L50|100/100\n|-weather|SunnyDay|[from] ability: Orichalcum Pulse|[of] p2b: Koraidon\n|-activate|p2b: Koraidon|Orichalcum Pulse|[source]\n|move|p1a: Kyogre|Water Spout|p2a: Ho-Oh|[spread] p2a,p2b\n|-supereffective|p2a: Ho-Oh\n|-resisted|p2b: Koraidon\n|-damage|p2a: Ho-Oh|63/100\n|-damage|p2b: Koraidon|85/100\n|move|p2a: Ho-Oh|Tailwind|p2a: Ho-Oh\n|-sidestart|p2: Lil Tic|move: Tailwind\n|\n|-weather|SunnyDay|[upkeep]\n|upkeep\n|turn|4\n|\n|t:|1776442578\n|switch|p1a: Roaring Moon|Roaring Moon, L50|84/100 slp\n|-activate|p1a: Roaring Moon|ability: Protosynthesis\n|-start|p1a: Roaring Moon|protosynthesisatk\n|switch|p2a: Amoonguss|Amoonguss, L50, F|100/100\n|move|p1b: Urshifu|Detect|p1b: Urshifu\n|-singleturn|p1b: Urshifu|Protect\n|move|p2b: Koraidon|Collision Course|p1a: Roaring Moon\n|-supereffective|p1a: Roaring Moon\n|-damage|p1a: Roaring Moon|0 fnt\n|faint|p1a: Roaring Moon\n|-end|p1a: Roaring Moon|Protosynthesis|[silent]\n|-damage|p2b: Koraidon|75/100|[from] item: Life Orb\n|\n|-weather|SunnyDay|[upkeep]\n|-sideend|p1: StephaneYT|move: Tailwind\n|upkeep\n|\n|t:|1776442589\n|switch|p1a: Kyogre|Kyogre, L50|86/100\n|-weather|RainDance|[from] ability: Drizzle|[of] p1a: Kyogre\n|turn|5\n|\n|t:|1776442604\n|move|p2b: Koraidon|Protect|p2b: Koraidon\n|-singleturn|p2b: Koraidon|Protect\n|move|p1a: Kyogre|Protect|p1a: Kyogre\n|-singleturn|p1a: Kyogre|Protect\n|move|p1b: Urshifu|Taunt|p2a: Amoonguss\n|-start|p2a: Amoonguss|move: Taunt\n|cant|p2a: Amoonguss|move: Taunt|Spore\n|\n|-weather|RainDance|[upkeep]\n|upkeep\n|turn|6\n|\n|t:|1776442626\n|switch|p1a: Zacian|Zacian-Crowned, L50|100/100 slp\n|move|p2b: Koraidon|Collision Course|p1a: Zacian\n|-damage|p1a: Zacian|35/100 slp\n|-damage|p2b: Koraidon|66/100|[from] item: Life Orb\n|move|p1b: Urshifu|Surging Strikes|p2b: Koraidon\n|-resisted|p2b: Koraidon\n|-crit|p2b: Koraidon\n|-damage|p2b: Koraidon|49/100\n|-resisted|p2b: Koraidon\n|-crit|p2b: Koraidon\n|-damage|p2b: Koraidon|32/100\n|-resisted|p2b: Koraidon\n|-crit|p2b: Koraidon\n|-damage|p2b: Koraidon|15/100\n|-hitcount|p2b: Koraidon|3\n|move|p2a: Amoonguss|Sludge Bomb|p1a: Zacian\n|-immune|p1a: Zacian\n|\n|-weather|RainDance|[upkeep]\n|-sideend|p2: Lil Tic|move: Tailwind\n|upkeep\n|turn|7\n|\n|t:|1776442646\n|switch|p2b: Incineroar|Incineroar, L50, M|100/100\n|-ability|p2b: Incineroar|Intimidate|boost\n|-unboost|p1a: Zacian|atk|1\n|-unboost|p1b: Urshifu|atk|1\n|move|p1b: Urshifu|Aqua Jet|p2b: Incineroar\n|-supereffective|p2b: Incineroar\n|-damage|p2b: Incineroar|47/100\n|cant|p1a: Zacian|slp\n|move|p2a: Amoonguss|Sludge Bomb|p1b: Urshifu\n|-damage|p1b: Urshifu|59/100\n|\n|-weather|RainDance|[upkeep]\n|-end|p2a: Amoonguss|move: Taunt\n|upkeep\n|turn|8\n|j| Jason10005\n|inactive|Lil Tic has 30 seconds left.\n|\n|t:|1776442681\n|-curestatus|p1a: Zacian|slp|[msg]\n|move|p1a: Zacian|Protect|p1a: Zacian\n|-singleturn|p1a: Zacian|Protect\n|move|p1b: Urshifu|Taunt|p2a: Amoonguss\n|-start|p2a: Amoonguss|move: Taunt\n|move|p2b: Incineroar|Parting Shot|p1a: Zacian\n|-activate|p1a: Zacian|move: Protect\n|move|p2a: Amoonguss|Sludge Bomb|p1b: Urshifu\n|-damage|p1b: Urshifu|16/100\n|\n|-weather|RainDance|[upkeep]\n|upkeep\n|turn|9\n|\n|t:|1776442697\n|move|p1a: Zacian|Swords Dance|p1a: Zacian\n|-boost|p1a: Zacian|atk|2\n|move|p1b: Urshifu|Surging Strikes|p2b: Incineroar\n|-supereffective|p2b: Incineroar\n|-crit|p2b: Incineroar\n|-damage|p2b: Incineroar|0 fnt\n|faint|p2b: Incineroar\n|-hitcount|p2: Incineroar|1\n|move|p2a: Amoonguss|Sludge Bomb|p1b: Urshifu\n|-damage|p1b: Urshifu|0 fnt\n|faint|p1b: Urshifu\n|\n|-weather|none\n|upkeep\n|\n|t:|1776442706\n|switch|p1b: Kyogre|Kyogre, L50|86/100\n|switch|p2b: Ho-Oh|Ho-Oh, L50|96/100\n|-weather|RainDance|[from] ability: Drizzle|[of] p1b: Kyogre\n|turn|10\n|\n|t:|1776442721\n|move|p1a: Zacian|Protect|p1a: Zacian\n|-singleturn|p1a: Zacian|Protect\n|move|p2b: Ho-Oh|Protect|p2b: Ho-Oh\n|-singleturn|p2b: Ho-Oh|Protect\n|move|p1b: Kyogre|Water Spout|p2a: Amoonguss|[spread] p2a\n|-activate|p2b: Ho-Oh|move: Protect\n|-resisted|p2a: Amoonguss\n|-damage|p2a: Amoonguss|61/100\n|move|p2a: Amoonguss|Sludge Bomb|p1b: Kyogre\n|-damage|p1b: Kyogre|64/100\n|-status|p1b: Kyogre|psn\n|\n|-weather|RainDance|[upkeep]\n|-damage|p1b: Kyogre|52/100 psn|[from] psn\n|-end|p2a: Amoonguss|move: Taunt\n|upkeep\n|turn|11\n|\n|t:|1776442737\n|move|p2a: Amoonguss|Rage Powder|p2a: Amoonguss\n|-singleturn|p2a: Amoonguss|move: Rage Powder\n|move|p1a: Zacian|Behemoth Blade|p2a: Amoonguss\n|-damage|p2a: Amoonguss|0 fnt\n|faint|p2a: Amoonguss\n|move|p1b: Kyogre|Origin Pulse|p2b: Ho-Oh\n|-supereffective|p2b: Ho-Oh\n|-damage|p2b: Ho-Oh|0 fnt\n|faint|p2b: Ho-Oh\n|\n|-weather|RainDance|[upkeep]\n|-damage|p1b: Kyogre|40/100 psn|[from] psn\n|upkeep\n|\n|t:|1776442746\n|switch|p2b: Koraidon|Koraidon, L50|15/100\n|-weather|SunnyDay|[from] ability: Orichalcum Pulse|[of] p2b: Koraidon\n|-activate|p2b: Koraidon|Orichalcum Pulse|[source]\n|turn|12\n|c|\u2606Lil Tic|gg\n|\n|t:|1776442759\n|move|p1a: Zacian|Behemoth Blade|p2b: Koraidon\n|-damage|p2b: Koraidon|0 fnt\n|faint|p2b: Koraidon\n|\n|win|StephaneYT\n|raw|StephaneYT's rating: 1454 &rarr; <strong>1478</strong><br />(+24 for winning)\n|raw|Lil Tic's rating: 1521 &rarr; <strong>1497</strong><br />(-24 for losing)\n|c|\u2606StephaneYT|gg\n|l|\u2606Lil Tic\n|player|p2|\n|l|\u2606StephaneYT\n|player|p1|\n","uploadtime":1776443001,"views":7,"formatid":"gen9vgc2026regi","rating":1478,"private":0,"password":null}