{"id":"gen9vgc2026regi-2582265009","format":"[Gen 9] VGC 2026 Reg I","players":["MojaponVGC","magoromon"],"log":"|j|\u2606MojaponVGC\n|j|\u2606magoromon\n|t:|1776077719\n|gametype|doubles\n|player|p1|MojaponVGC|2|1503\n|player|p2|magoromon|lance|1564\n|gen|9\n|tier|[Gen 9] VGC 2026 Reg I\n|rated|\n|rule|Species Clause: Limit one of each Pok\u00e9mon\n|rule|Item Clause: Limit 1 of each item\n|clearpoke\n|poke|p1|Brute Bonnet, L50|\n|poke|p1|Lunala, L50|\n|poke|p1|Ursaluna, L50, M|\n|poke|p1|Chi-Yu, L50|\n|poke|p1|Koraidon, L50|\n|poke|p1|Flutter Mane, L50|\n|poke|p2|Kyogre, L50|\n|poke|p2|Calyrex-Ice, L50|\n|poke|p2|Rillaboom, L50, M|\n|poke|p2|Amoonguss, L50, M|\n|poke|p2|Urshifu-*, L50, F|\n|poke|p2|Flutter Mane, L50|\n|teampreview|4\n|inactive|Battle timer is ON: inactive players will automatically lose when time's up. (requested by magoromon)\n|\n|t:|1776077766\n|teamsize|p1|4\n|teamsize|p2|4\n|start\n|switch|p1a: Flutter Mane|Flutter Mane, L50|100/100\n|switch|p1b: Chi-Yu|Chi-Yu, L50|100/100\n|switch|p2a: Tyto|Flutter Mane, L50|100/100\n|switch|p2b: Kyogre|Kyogre, L50|100/100\n|-ability|p1b: Chi-Yu|Beads of Ruin\n|-weather|RainDance|[from] ability: Drizzle|[of] p2b: Kyogre\n|turn|1\n|inactive|MojaponVGC has 30 seconds left.\n|inactive|MojaponVGC has 20 seconds left.\n|\n|t:|1776077803\n|move|p1b: Chi-Yu|Snarl|p2a: Tyto|[spread] p2a,p2b\n|-damage|p2a: Tyto|65/100\n|-damage|p2b: Kyogre|79/100\n|-unboost|p2a: Tyto|spa|1\n|-unboost|p2b: Kyogre|spa|1\n|move|p2a: Tyto|Moonblast|p1a: Flutter Mane\n|-damage|p1a: Flutter Mane|55/100\n|-unboost|p1a: Flutter Mane|spa|1\n|move|p1a: Flutter Mane|Moonblast|p2b: Kyogre\n|-damage|p2b: Kyogre|49/100\n|move|p2b: Kyogre|Origin Pulse|p1b: Chi-Yu|[spread] p1a,p1b\n|-supereffective|p1b: Chi-Yu\n|-damage|p1a: Flutter Mane|0 fnt\n|-damage|p1b: Chi-Yu|0 fnt\n|faint|p1a: Flutter Mane\n|-end|p1a: Flutter Mane|Protosynthesis|[silent]\n|faint|p1b: Chi-Yu\n|\n|-weather|RainDance|[upkeep]\n|upkeep\n|\n|t:|1776077819\n|switch|p1a: Koraidon|Koraidon, L50|100/100\n|switch|p1b: Lunala|Lunala, L50|100/100\n|-weather|SunnyDay|[from] ability: Orichalcum Pulse|[of] p1a: Koraidon\n|-activate|p2a: Tyto|ability: Protosynthesis\n|-start|p2a: Tyto|protosynthesisspe\n|-activate|p1a: Koraidon|Orichalcum Pulse|[source]\n|turn|2\n|inactive|magoromon has 30 seconds left.\n|inactive|magoromon has 20 seconds left.\n|inactive|magoromon has 15 seconds left.\n|inactive|magoromon has 10 seconds left.\n|inactive|magoromon has 5 seconds left.\n|\n|t:|1776077873\n|switch|p2b: Amoonguss|Amoonguss, L50, M|100/100\n|-terastallize|p1a: Koraidon|Fire\n|move|p2a: Tyto|Moonblast|p1a: Koraidon\n|-resisted|p1a: Koraidon\n|-damage|p1a: Koraidon|85/100\n|-unboost|p1a: Koraidon|spa|1\n|move|p1a: Koraidon|Flame Charge|p2a: Tyto\n|-damage|p2a: Tyto|0 fnt\n|-boost|p1a: Koraidon|spe|1\n|faint|p2a: Tyto\n|-end|p2a: Tyto|Protosynthesis|[silent]\n|-damage|p1a: Koraidon|75/100|[from] item: Life Orb\n|move|p1b: Lunala|Meteor Beam||[still]\n|-prepare|p1b: Lunala|Meteor Beam\n|-boost|p1b: Lunala|spa|1\n|-enditem|p1b: Lunala|Power Herb\n|-anim|p1b: Lunala|Meteor Beam|p2b: Amoonguss\n|-damage|p2b: Amoonguss|50/100\n|\n|-weather|SunnyDay|[upkeep]\n|upkeep\n|\n|t:|1776077890\n|switch|p2a: Kyogre|Kyogre, L50|49/100\n|-weather|RainDance|[from] ability: Drizzle|[of] p2a: Kyogre\n|turn|3\n|inactive|MojaponVGC has 30 seconds left.\n|inactive|MojaponVGC has 20 seconds left.\n|inactive|MojaponVGC has 15 seconds left.\n|\n|t:|1776077932\n|move|p1a: Koraidon|Protect|p1a: Koraidon\n|-singleturn|p1a: Koraidon|Protect\n|move|p2b: Amoonguss|Rage Powder|p2b: Amoonguss\n|-singleturn|p2b: Amoonguss|move: Rage Powder\n|move|p2a: Kyogre|Hydro Pump|p1a: Koraidon\n|-activate|p1a: Koraidon|move: Protect\n|move|p1b: Lunala|Moongeist Beam|p2b: Amoonguss\n|-damage|p2b: Amoonguss|0 fnt\n|faint|p2b: Amoonguss\n|\n|-weather|RainDance|[upkeep]\n|upkeep\n|\n|t:|1776077942\n|switch|p2b: Calyrex|Calyrex-Ice, L50|100/100\n|-ability|p2b: Calyrex|As One\n|-ability|p2b: Calyrex|Unnerve\n|turn|4\n|inactive|MojaponVGC has 30 seconds left.\n|\n|t:|1776077975\n|-terastallize|p2b: Calyrex|Fairy\n|move|p2a: Kyogre|Protect|p2a: Kyogre\n|-singleturn|p2a: Kyogre|Protect\n|move|p1a: Koraidon|Close Combat|p2a: Kyogre\n|-activate|p2a: Kyogre|move: Protect\n|move|p1b: Lunala|Moongeist Beam|p2b: Calyrex\n|-damage|p2b: Calyrex|50/100\n|move|p2b: Calyrex|Leech Seed|p1b: Lunala\n|-start|p1b: Lunala|move: Leech Seed\n|\n|-weather|RainDance|[upkeep]\n|-heal|p2b: Calyrex|56/100|[from] item: Leftovers\n|-damage|p1b: Lunala|88/100|[from] Leech Seed|[of] p2b: Calyrex\n|-heal|p2b: Calyrex|70/100|[silent]\n|upkeep\n|turn|5\n|inactive|magoromon has 30 seconds left.\n|\n|t:|1776078006\n|move|p2a: Kyogre|Protect||[still]\n|-fail|p2a: Kyogre\n|move|p1a: Koraidon|Close Combat|p2a: Kyogre\n|-damage|p2a: Kyogre|0 fnt\n|-unboost|p1a: Koraidon|def|1\n|-unboost|p1a: Koraidon|spd|1\n|faint|p2a: Kyogre\n|-damage|p1a: Koraidon|65/100|[from] item: Life Orb\n|move|p1b: Lunala|Moongeist Beam|p2b: Calyrex\n|-damage|p2b: Calyrex|15/100\n|move|p2b: Calyrex|Leech Seed|p1a: Koraidon\n|-start|p1a: Koraidon|move: Leech Seed\n|\n|-weather|RainDance|[upkeep]\n|-heal|p2b: Calyrex|21/100|[from] item: Leftovers\n|-damage|p1a: Koraidon|53/100|[from] Leech Seed|[of] p2b: Calyrex\n|-heal|p2b: Calyrex|32/100|[silent]\n|-damage|p1b: Lunala|76/100|[from] Leech Seed|[of] p2b: Calyrex\n|-heal|p2b: Calyrex|46/100|[silent]\n|upkeep\n|turn|6\n|\n|t:|1776078023\n|move|p2b: Calyrex|Protect|p2b: Calyrex\n|-singleturn|p2b: Calyrex|Protect\n|move|p1a: Koraidon|Flare Blitz|p2b: Calyrex\n|-activate|p2b: Calyrex|move: Protect\n|move|p1b: Lunala|Moongeist Beam|p2b: Calyrex\n|-activate|p2b: Calyrex|move: Protect\n|\n|-weather|RainDance|[upkeep]\n|-heal|p2b: Calyrex|52/100|[from] item: Leftovers\n|-damage|p1a: Koraidon|40/100|[from] Leech Seed|[of] p2b: Calyrex\n|-heal|p2b: Calyrex|62/100|[silent]\n|-damage|p1b: Lunala|64/100|[from] Leech Seed|[of] p2b: Calyrex\n|-heal|p2b: Calyrex|76/100|[silent]\n|upkeep\n|turn|7\n|\n|t:|1776078036\n|move|p1a: Koraidon|Flare Blitz|p2b: Calyrex\n|-damage|p2b: Calyrex|54/100\n|-damage|p1a: Koraidon|31/100|[from] Recoil\n|-damage|p1a: Koraidon|22/100|[from] item: Life Orb\n|move|p1b: Lunala|Moongeist Beam|p2b: Calyrex\n|-damage|p2b: Calyrex|0 fnt\n|faint|p2b: Calyrex\n|\n|win|MojaponVGC\n|raw|MojaponVGC's rating: 1503 &rarr; <strong>1526</strong><br />(+23 for winning)\n|raw|magoromon's rating: 1564 &rarr; <strong>1541</strong><br />(-23 for losing)\n|l|\u2606magoromon\n|player|p2|\n|l|\u2606MojaponVGC\n|player|p1|\n","uploadtime":1776078213,"views":14,"formatid":"gen9vgc2026regi","rating":1526,"private":0,"password":null}