{"id":"gen9vgc2026regi-2530107355","format":"[Gen 9] VGC 2026 Reg I","players":["Zordor","blackred123"],"log":"|j|\u2606Zordor\n|j|\u2606blackred123\n|t:|1769876810\n|gametype|doubles\n|player|p1|Zordor|pilot|1431\n|player|p2|blackred123|iono-masters|1417\n|gen|9\n|tier|[Gen 9] VGC 2026 Reg I\n|rated|\n|rule|Species Clause: Limit one of each Pok\u00e9mon\n|rule|Item Clause: Limit 1 of each item\n|clearpoke\n|poke|p1|Entei, L50|\n|poke|p1|Walking Wake, L50|\n|poke|p1|Zacian-*, L50|\n|poke|p1|Groudon, L50|\n|poke|p1|Urshifu-*, L50, F|\n|poke|p1|Raging Bolt, L50|\n|poke|p2|Zacian-*, L50|\n|poke|p2|Kyogre, L50|\n|poke|p2|Amoonguss, L50, F|\n|poke|p2|Incineroar, L50, M|\n|poke|p2|Urshifu-*, L50, M|\n|poke|p2|Iron Jugulis, L50|\n|teampreview|4\n|inactive|Battle timer is ON: inactive players will automatically lose when time's up. (requested by blackred123)\n|inactive|Zordor has 60 seconds left.\n|\n|t:|1769876857\n|teamsize|p1|4\n|teamsize|p2|4\n|start\n|switch|p1a: Raging Bolt|Raging Bolt, L50|100/100\n|switch|p1b: Zacian|Zacian-Crowned, L50|100/100\n|switch|p2a: \u963f\u5c14\u6258\u8389\u96c5|Zacian-Crowned, L50, shiny|100/100\n|switch|p2b: \u4e3b\u4eba\ud83d\ude2d\ud83e\udd75|Incineroar, L50, M|100/100\n|-ability|p1b: Zacian|Intrepid Sword|boost\n|-boost|p1b: Zacian|atk|1\n|-ability|p2a: \u963f\u5c14\u6258\u8389\u96c5|Intrepid Sword|boost\n|-boost|p2a: \u963f\u5c14\u6258\u8389\u96c5|atk|1\n|-ability|p2b: \u4e3b\u4eba\ud83d\ude2d\ud83e\udd75|Intimidate|boost\n|-unboost|p1a: Raging Bolt|atk|1\n|-unboost|p1b: Zacian|atk|1\n|turn|1\n|\n|t:|1769876875\n|move|p1b: Zacian|Protect|p1b: Zacian\n|-singleturn|p1b: Zacian|Protect\n|move|p1a: Raging Bolt|Protect|p1a: Raging Bolt\n|-singleturn|p1a: Raging Bolt|Protect\n|move|p2a: \u963f\u5c14\u6258\u8389\u96c5|Play Rough|p1a: Raging Bolt\n|-activate|p1a: Raging Bolt|move: Protect\n|move|p2b: \u4e3b\u4eba\ud83d\ude2d\ud83e\udd75|Will-O-Wisp|p1b: Zacian\n|-activate|p1b: Zacian|move: Protect\n|\n|upkeep\n|turn|2\n|inactive|Zordor has 30 seconds left.\n|inactive|Zordor has 20 seconds left.\n|\n|t:|1769876912\n|-terastallize|p1a: Raging Bolt|Fairy\n|move|p1b: Zacian|Sacred Sword|p2b: \u4e3b\u4eba\ud83d\ude2d\ud83e\udd75\n|-supereffective|p2b: \u4e3b\u4eba\ud83d\ude2d\ud83e\udd75\n|-damage|p2b: \u4e3b\u4eba\ud83d\ude2d\ud83e\udd75|37/100\n|move|p2a: \u963f\u5c14\u6258\u8389\u96c5|Play Rough|p1a: Raging Bolt\n|-damage|p1a: Raging Bolt|40/100\n|move|p2b: \u4e3b\u4eba\ud83d\ude2d\ud83e\udd75|Will-O-Wisp|p1b: Zacian|[miss]\n|-miss|p2b: \u4e3b\u4eba\ud83d\ude2d\ud83e\udd75|p1b: Zacian\n|move|p1a: Raging Bolt|Electroweb|p2a: \u963f\u5c14\u6258\u8389\u96c5|[spread] p2a,p2b\n|-damage|p2a: \u963f\u5c14\u6258\u8389\u96c5|81/100\n|-damage|p2b: \u4e3b\u4eba\ud83d\ude2d\ud83e\udd75|17/100\n|-unboost|p2a: \u963f\u5c14\u6258\u8389\u96c5|spe|1\n|-unboost|p2b: \u4e3b\u4eba\ud83d\ude2d\ud83e\udd75|spe|1\n|\n|upkeep\n|turn|3\n|inactive|Zordor has 30 seconds left.\n|\n|t:|1769876942\n|switch|p2b: \u53eb\u6211\u4e3b\u4eba\ud83d\ude21|Urshifu-Rapid-Strike, L50, M|100/100\n|move|p1b: Zacian|Protect|p1b: Zacian\n|-singleturn|p1b: Zacian|Protect\n|move|p2a: \u963f\u5c14\u6258\u8389\u96c5|Protect|p2a: \u963f\u5c14\u6258\u8389\u96c5\n|-singleturn|p2a: \u963f\u5c14\u6258\u8389\u96c5|Protect\n|move|p1a: Raging Bolt|Protect||[still]\n|-fail|p1a: Raging Bolt\n|\n|upkeep\n|turn|4\n|\n|t:|1769876966\n|switch|p2b: \u4e3b\u4eba\ud83d\ude2d\ud83e\udd75|Incineroar, L50, M|17/100\n|-ability|p2b: \u4e3b\u4eba\ud83d\ude2d\ud83e\udd75|Intimidate|boost\n|-unboost|p1a: Raging Bolt|atk|1\n|-unboost|p1b: Zacian|atk|1\n|-end|p1a: Raging Bolt|Protosynthesis|[silent]\n|switch|p1a: Walking Wake|Walking Wake, L50|100/100\n|-enditem|p1a: Walking Wake|Booster Energy\n|-activate|p1a: Walking Wake|ability: Protosynthesis|[fromitem]\n|-start|p1a: Walking Wake|protosynthesisspe\n|move|p1b: Zacian|Behemoth Blade|p2a: \u963f\u5c14\u6258\u8389\u96c5\n|-damage|p2a: \u963f\u5c14\u6258\u8389\u96c5|48/100\n|move|p2a: \u963f\u5c14\u6258\u8389\u96c5|Behemoth Blade|p1a: Walking Wake\n|-resisted|p1a: Walking Wake\n|-damage|p1a: Walking Wake|55/100\n|\n|upkeep\n|turn|5\n|inactive|Zordor has 30 seconds left.\n|inactive|Zordor has 20 seconds left.\n|\n|t:|1769877004\n|switch|p2b: \u53eb\u6211\u4e3b\u4eba\ud83d\ude21|Urshifu-Rapid-Strike, L50, M|100/100\n|move|p1a: Walking Wake|Protect|p1a: Walking Wake\n|-singleturn|p1a: Walking Wake|Protect\n|move|p1b: Zacian|Protect|p1b: Zacian\n|-singleturn|p1b: Zacian|Protect\n|move|p2a: \u963f\u5c14\u6258\u8389\u96c5|Play Rough|p1a: Walking Wake\n|-activate|p1a: Walking Wake|move: Protect\n|\n|upkeep\n|turn|6\n|j| h1119\n|\n|t:|1769877014\n|switch|p2b: \u4e3b\u4eba\ud83d\ude2d\ud83e\udd75|Incineroar, L50, M|17/100\n|-ability|p2b: \u4e3b\u4eba\ud83d\ude2d\ud83e\udd75|Intimidate|boost\n|-unboost|p1a: Walking Wake|atk|1\n|-unboost|p1b: Zacian|atk|1\n|switch|p1b: Groudon|Groudon, L50|100/100\n|-weather|SunnyDay|[from] ability: Drought|[of] p1b: Groudon\n|move|p1a: Walking Wake|Hydro Steam|p2a: \u963f\u5c14\u6258\u8389\u96c5\n|-damage|p2a: \u963f\u5c14\u6258\u8389\u96c5|0 fnt\n|faint|p2a: \u963f\u5c14\u6258\u8389\u96c5\n|\n|-weather|SunnyDay|[upkeep]\n|upkeep\n|\n|t:|1769877027\n|switch|p2a: \u9a6c\u5243\u5929\u7231\u661f|Kyogre, L50, shiny|100/100\n|-weather|RainDance|[from] ability: Drizzle|[of] p2a: \u9a6c\u5243\u5929\u7231\u661f\n|turn|7\n|\n|t:|1769877041\n|switch|p2b: \u53eb\u6211\u4e3b\u4eba\ud83d\ude21|Urshifu-Rapid-Strike, L50, M|100/100\n|move|p1a: Walking Wake|Protect|p1a: Walking Wake\n|-singleturn|p1a: Walking Wake|Protect\n|move|p1b: Groudon|Protect|p1b: Groudon\n|-singleturn|p1b: Groudon|Protect\n|move|p2a: \u9a6c\u5243\u5929\u7231\u661f|Water Spout|p1b: Groudon|[spread] \n|-activate|p1a: Walking Wake|move: Protect\n|-activate|p1b: Groudon|move: Protect\n|\n|-weather|RainDance|[upkeep]\n|upkeep\n|turn|8\n|\n|t:|1769877057\n|switch|p1b: Zacian|Zacian-Crowned, L50|100/100\n|move|p1a: Walking Wake|Snarl|p2b: \u53eb\u6211\u4e3b\u4eba\ud83d\ude21|[spread] p2a,p2b\n|-resisted|p2b: \u53eb\u6211\u4e3b\u4eba\ud83d\ude21\n|-damage|p2a: \u9a6c\u5243\u5929\u7231\u661f|94/100\n|-damage|p2b: \u53eb\u6211\u4e3b\u4eba\ud83d\ude21|91/100\n|-unboost|p2a: \u9a6c\u5243\u5929\u7231\u661f|spa|1\n|-unboost|p2b: \u53eb\u6211\u4e3b\u4eba\ud83d\ude21|spa|1\n|move|p2b: \u53eb\u6211\u4e3b\u4eba\ud83d\ude21|Close Combat|p1a: Walking Wake\n|-damage|p1a: Walking Wake|0 fnt\n|-unboost|p2b: \u53eb\u6211\u4e3b\u4eba\ud83d\ude21|def|1\n|-unboost|p2b: \u53eb\u6211\u4e3b\u4eba\ud83d\ude21|spd|1\n|faint|p1a: Walking Wake\n|-end|p1a: Walking Wake|Protosynthesis|[silent]\n|move|p2a: \u9a6c\u5243\u5929\u7231\u661f|Origin Pulse|p1b: Zacian\n|-damage|p1b: Zacian|47/100\n|\n|-weather|RainDance|[upkeep]\n|upkeep\n|\n|t:|1769877066\n|switch|p1a: Raging Bolt|Raging Bolt, L50, tera:Fairy|40/100\n|turn|9\n|\n|t:|1769877083\n|switch|p1b: Groudon|Groudon, L50|100/100\n|-weather|SunnyDay|[from] ability: Drought|[of] p1b: Groudon\n|-activate|p1a: Raging Bolt|ability: Protosynthesis\n|-start|p1a: Raging Bolt|protosynthesisspa\n|switch|p2a: \u4e3b\u4eba\ud83d\ude2d\ud83e\udd75|Incineroar, L50, M|17/100\n|-ability|p2a: \u4e3b\u4eba\ud83d\ude2d\ud83e\udd75|Intimidate|boost\n|-unboost|p1a: Raging Bolt|atk|1\n|-fail|p1b: Groudon|unboost|[from] item: Clear Amulet|[of] p1b: Groudon\n|-terastallize|p2b: \u53eb\u6211\u4e3b\u4eba\ud83d\ude21|Ghost\n|move|p1a: Raging Bolt|Thunderclap|p2b: \u53eb\u6211\u4e3b\u4eba\ud83d\ude21\n|-damage|p2b: \u53eb\u6211\u4e3b\u4eba\ud83d\ude21|0 fnt\n|faint|p2b: \u53eb\u6211\u4e3b\u4eba\ud83d\ude21\n|\n|-weather|SunnyDay|[upkeep]\n|upkeep\n|\n|t:|1769877098\n|switch|p2b: \u9a6c\u5243\u5929\u7231\u661f|Kyogre, L50, shiny|94/100\n|-weather|RainDance|[from] ability: Drizzle|[of] p2b: \u9a6c\u5243\u5929\u7231\u661f\n|-end|p1a: Raging Bolt|Protosynthesis\n|turn|10\n|\n|t:|1769877106\n|move|p1b: Groudon|Protect|p1b: Groudon\n|-singleturn|p1b: Groudon|Protect\n|move|p1a: Raging Bolt|Protect|p1a: Raging Bolt\n|-singleturn|p1a: Raging Bolt|Protect\n|move|p2a: \u4e3b\u4eba\ud83d\ude2d\ud83e\udd75|Fake Out|p1a: Raging Bolt\n|-activate|p1a: Raging Bolt|move: Protect\n|move|p2b: \u9a6c\u5243\u5929\u7231\u661f|Water Spout|p1a: Raging Bolt|[spread] \n|-activate|p1a: Raging Bolt|move: Protect\n|-activate|p1b: Groudon|move: Protect\n|\n|-weather|RainDance|[upkeep]\n|upkeep\n|turn|11\n|\n|t:|1769877121\n|move|p1a: Raging Bolt|Thunderclap|p2b: \u9a6c\u5243\u5929\u7231\u661f\n|-supereffective|p2b: \u9a6c\u5243\u5929\u7231\u661f\n|-damage|p2b: \u9a6c\u5243\u5929\u7231\u661f|58/100\n|move|p2b: \u9a6c\u5243\u5929\u7231\u661f|Origin Pulse|p1a: Raging Bolt|[spread] p1a\n|-miss|p2b: \u9a6c\u5243\u5929\u7231\u661f|p1b: Groudon\n|-damage|p1a: Raging Bolt|0 fnt\n|faint|p1a: Raging Bolt\n|-end|p1a: Raging Bolt|Protosynthesis|[silent]\n|move|p2a: \u4e3b\u4eba\ud83d\ude2d\ud83e\udd75|Will-O-Wisp|p1b: Groudon\n|-status|p1b: Groudon|brn\n|move|p1b: Groudon|Precipice Blades|p2a: \u4e3b\u4eba\ud83d\ude2d\ud83e\udd75|[spread] p2a,p2b\n|-supereffective|p2a: \u4e3b\u4eba\ud83d\ude2d\ud83e\udd75\n|-damage|p2a: \u4e3b\u4eba\ud83d\ude2d\ud83e\udd75|0 fnt\n|-damage|p2b: \u9a6c\u5243\u5929\u7231\u661f|35/100\n|faint|p2a: \u4e3b\u4eba\ud83d\ude2d\ud83e\udd75\n|\n|-weather|RainDance|[upkeep]\n|-damage|p1b: Groudon|95/100 brn|[from] brn\n|upkeep\n|\n|t:|1769877125\n|switch|p1a: Zacian|Zacian-Crowned, L50|47/100\n|turn|12\n|\n|t:|1769877141\n|move|p1a: Zacian|Play Rough|p2b: \u9a6c\u5243\u5929\u7231\u661f\n|-damage|p2b: \u9a6c\u5243\u5929\u7231\u661f|0 fnt\n|faint|p2b: \u9a6c\u5243\u5929\u7231\u661f\n|\n|win|Zordor\n|raw|Zordor's rating: 1431 &rarr; <strong>1450</strong><br />(+19 for winning)\n|raw|blackred123's rating: 1417 &rarr; <strong>1398</strong><br />(-19 for losing)\n|l|\u2606blackred123\n|player|p2|\n|l|\u2606Zordor\n|player|p1|\n","uploadtime":1769877318,"views":14,"formatid":"gen9vgc2026regi","rating":1398,"private":0,"password":null}