{"id":"gen9vgc2026regi-2523556952","format":"[Gen 9] VGC 2026 Reg I","players":["zonavideovigilada","PM77Switch"],"log":"|j|\u2606zonavideovigilada\n|j|\u2606PM77Switch\n|t:|1769037396\n|gametype|doubles\n|player|p1|zonavideovigilada|102|1463\n|player|p2|PM77Switch|may-masters3|1421\n|gen|9\n|tier|[Gen 9] VGC 2026 Reg I\n|rated|\n|rule|Species Clause: Limit one of each Pok\u00e9mon\n|rule|Item Clause: Limit 1 of each item\n|clearpoke\n|poke|p1|Chien-Pao, L50|\n|poke|p1|Calyrex-Shadow, L50|\n|poke|p1|Zamazenta-*, L50|\n|poke|p1|Amoonguss, L50, M|\n|poke|p1|Chi-Yu, L50|\n|poke|p1|Rillaboom, L50, M|\n|poke|p2|Kyogre, L50|\n|poke|p2|Miraidon, L50|\n|poke|p2|Tornadus, L50, M|\n|poke|p2|Farigiraf, L50, F|\n|poke|p2|Clefairy, L50, M|\n|poke|p2|Iron Bundle, L50|\n|teampreview|4\n|inactive|Battle timer is ON: inactive players will automatically lose when time's up. (requested by zonavideovigilada)\n|\n|t:|1769037432\n|teamsize|p1|4\n|teamsize|p2|4\n|start\n|switch|p1a: Rillaboom|Rillaboom, L50, M|100/100\n|switch|p1b: Chien-Pao|Chien-Pao, L50|100/100\n|switch|p2a: Tornadus|Tornadus, L50, M, shiny|100/100\n|switch|p2b: Miraidon|Miraidon, L50|100/100\n|-ability|p1b: Chien-Pao|Sword of Ruin\n|-fieldstart|move: Electric Terrain|[from] ability: Hadron Engine|[of] p2b: Miraidon\n|-fieldstart|move: Grassy Terrain|[from] ability: Grassy Surge|[of] p1a: Rillaboom\n|turn|1\n|\n|t:|1769037449\n|switch|p2a: Farigiraf|Farigiraf, L50, F|100/100\n|-terastallize|p2b: Miraidon|Fairy\n|move|p1b: Chien-Pao|Ice Spinner|p2a: Farigiraf\n|-damage|p2a: Farigiraf|55/100\n|-fieldend|move: Grassy Terrain\n|move|p2b: Miraidon|Volt Switch|p1b: Chien-Pao\n|-damage|p1b: Chien-Pao|57/100\n|\n|t:|1769037467\n|switch|p2b: Tornadus|Tornadus, L50, M, shiny|100/100|[from] Volt Switch\n|move|p1a: Rillaboom|Wood Hammer|p2b: Tornadus\n|-resisted|p2b: Tornadus\n|-damage|p2b: Tornadus|53/100\n|-damage|p1a: Rillaboom|86/100|[from] Recoil\n|\n|upkeep\n|turn|2\n|\n|t:|1769037482\n|switch|p1a: Zamazenta|Zamazenta-Crowned, L50|100/100\n|-ability|p1a: Zamazenta|Dauntless Shield|boost\n|-boost|p1a: Zamazenta|def|1\n|move|p2b: Tornadus|Tailwind|p2b: Tornadus\n|-sidestart|p2: PM77Switch|move: Tailwind\n|move|p1b: Chien-Pao|Ice Spinner|p2b: Tornadus\n|-supereffective|p2b: Tornadus\n|-damage|p2b: Tornadus|0 fnt\n|faint|p2b: Tornadus\n|move|p2a: Farigiraf|Hyper Voice|p1b: Chien-Pao|[spread] p1a,p1b\n|-resisted|p1a: Zamazenta\n|-damage|p1a: Zamazenta|90/100\n|-damage|p1b: Chien-Pao|32/100\n|-enditem|p2a: Farigiraf|Throat Spray\n|-boost|p2a: Farigiraf|spa|1|[from] item: Throat Spray\n|\n|upkeep\n|\n|t:|1769037500\n|switch|p2b: Miraidon|Miraidon, L50, tera:Fairy|100/100\n|-fieldstart|move: Electric Terrain|[from] ability: Hadron Engine|[of] p2b: Miraidon\n|turn|3\n|\n|t:|1769037516\n|switch|p1b: Rillaboom|Rillaboom, L50, M|86/100\n|-fieldstart|move: Grassy Terrain|[from] ability: Grassy Surge|[of] p1b: Rillaboom\n|move|p2b: Miraidon|Volt Switch|p1b: Rillaboom\n|-resisted|p1b: Rillaboom\n|-damage|p1b: Rillaboom|62/100\n|\n|t:|1769037523\n|switch|p2b: Kyogre|Kyogre, L50|100/100|[from] Volt Switch\n|-weather|RainDance|[from] ability: Drizzle|[of] p2b: Kyogre\n|move|p1a: Zamazenta|Body Press|p2a: Farigiraf\n|-damage|p2a: Farigiraf|0 fnt\n|faint|p2a: Farigiraf\n|\n|-weather|RainDance|[upkeep]\n|-heal|p1a: Zamazenta|96/100|[from] Grassy Terrain\n|-heal|p1b: Rillaboom|68/100|[from] Grassy Terrain\n|upkeep\n|\n|t:|1769037530\n|switch|p2a: Miraidon|Miraidon, L50, tera:Fairy|100/100\n|-fieldstart|move: Electric Terrain|[from] ability: Hadron Engine|[of] p2a: Miraidon\n|turn|4\n|\n|t:|1769037542\n|switch|p1b: Chien-Pao|Chien-Pao, L50|32/100\n|-ability|p1b: Chien-Pao|Sword of Ruin\n|move|p1a: Zamazenta|Protect|p1a: Zamazenta\n|-singleturn|p1a: Zamazenta|Protect\n|move|p2a: Miraidon|Electro Drift|p1a: Zamazenta\n|-activate|p1a: Zamazenta|move: Protect\n|move|p2b: Kyogre|Water Spout|p1b: Chien-Pao|[spread] p1b\n|-activate|p1a: Zamazenta|move: Protect\n|-damage|p1b: Chien-Pao|0 fnt\n|faint|p1b: Chien-Pao\n|\n|-weather|RainDance|[upkeep]\n|upkeep\n|\n|t:|1769037554\n|switch|p1b: Rillaboom|Rillaboom, L50, M|68/100\n|-fieldstart|move: Grassy Terrain|[from] ability: Grassy Surge|[of] p1b: Rillaboom\n|turn|5\n|\n|t:|1769037562\n|-terastallize|p1a: Zamazenta|Dragon\n|move|p1b: Rillaboom|Fake Out|p2a: Miraidon\n|-damage|p2a: Miraidon|88/100\n|cant|p2a: Miraidon|flinch\n|move|p2b: Kyogre|Water Spout|p1a: Zamazenta|[spread] p1a,p1b\n|-resisted|p1a: Zamazenta\n|-resisted|p1b: Rillaboom\n|-damage|p1a: Zamazenta|60/100\n|-damage|p1b: Rillaboom|20/100\n|move|p1a: Zamazenta|Body Press|p2b: Kyogre\n|-damage|p2b: Kyogre|35/100\n|\n|-weather|RainDance|[upkeep]\n|-heal|p2a: Miraidon|94/100|[from] Grassy Terrain\n|-heal|p2b: Kyogre|41/100|[from] Grassy Terrain\n|-heal|p1a: Zamazenta|66/100|[from] Grassy Terrain\n|-heal|p1b: Rillaboom|26/100|[from] Grassy Terrain\n|-sideend|p2: PM77Switch|move: Tailwind\n|upkeep\n|turn|6\n|inactive|zonavideovigilada has 30 seconds left.\n|\n|t:|1769037591\n|move|p1a: Zamazenta|Protect|p1a: Zamazenta\n|-singleturn|p1a: Zamazenta|Protect\n|move|p1b: Rillaboom|Grassy Glide|p2b: Kyogre\n|-supereffective|p2b: Kyogre\n|-damage|p2b: Kyogre|0 fnt\n|faint|p2b: Kyogre\n|move|p2a: Miraidon|Electro Drift|p1a: Zamazenta\n|-activate|p1a: Zamazenta|move: Protect\n|\n|-weather|RainDance|[upkeep]\n|-heal|p2a: Miraidon|100/100|[from] Grassy Terrain\n|-heal|p1a: Zamazenta|72/100|[from] Grassy Terrain\n|-heal|p1b: Rillaboom|31/100|[from] Grassy Terrain\n|upkeep\n|turn|7\n|-message|PM77Switch forfeited.\n|\n|win|zonavideovigilada\n|raw|zonavideovigilada's rating: 1463 &rarr; <strong>1481</strong><br />(+18 for winning)\n|raw|PM77Switch's rating: 1421 &rarr; <strong>1403</strong><br />(-18 for losing)\n|l|\u2606PM77Switch\n|player|p2|\n|l|\u2606zonavideovigilada\n|player|p1|\n","uploadtime":1769037744,"views":17,"formatid":"gen9vgc2026regi","rating":1403,"private":0,"password":null}