{"id":"gen9vgc2026regi-2532277668","format":"[Gen 9] VGC 2026 Reg I","players":["kojimuranishi","marcxhenry"],"log":"|j|\u2606kojimuranishi\n|j|\u2606marcxhenry\n|t:|1770156883\n|gametype|doubles\n|player|p1|kojimuranishi|2|1445\n|player|p2|marcxhenry|hilbert-wonderlauncher|1573\n|gen|9\n|tier|[Gen 9] VGC 2026 Reg I\n|rated|\n|rule|Species Clause: Limit one of each Pok\u00e9mon\n|rule|Item Clause: Limit 1 of each item\n|clearpoke\n|poke|p1|Whimsicott, L50, M|\n|poke|p1|Chi-Yu, L50|\n|poke|p1|Calyrex-Ice, L50|\n|poke|p1|Miraidon, L50|\n|poke|p1|Ursaluna, L50, M|\n|poke|p1|Torkoal, L50, M|\n|poke|p2|Calyrex-Shadow, L50|\n|poke|p2|Urshifu-*, L50, M|\n|poke|p2|Roaring Moon, L50|\n|poke|p2|Kyogre, L50|\n|poke|p2|Tsareena, L50, F|\n|poke|p2|Kingambit, L50, M|\n|teampreview|4\n|inactive|Battle timer is ON: inactive players will automatically lose when time's up. (requested by kojimuranishi)\n|\n|t:|1770156908\n|teamsize|p1|4\n|teamsize|p2|4\n|start\n|switch|p1a: Miraidon|Miraidon, L50|100/100\n|switch|p1b: Calyrex|Calyrex-Ice, L50|100/100\n|switch|p2a: Ludwig|Calyrex-Shadow, L50|100/100\n|switch|p2b: Tripitz|Kyogre, L50, shiny|100/100\n|-ability|p2a: Ludwig|As One\n|-ability|p2a: Ludwig|Unnerve\n|-ability|p1b: Calyrex|As One\n|-ability|p1b: Calyrex|Unnerve\n|-fieldstart|move: Electric Terrain|[from] ability: Hadron Engine|[of] p1a: Miraidon\n|-weather|RainDance|[from] ability: Drizzle|[of] p2b: Tripitz\n|turn|1\n|\n|t:|1770156930\n|-terastallize|p2b: Tripitz|Ground\n|-terastallize|p1b: Calyrex|Ice\n|move|p1a: Miraidon|Snarl|p2b: Tripitz|[spread] p2a,p2b\n|-supereffective|p2a: Ludwig\n|-damage|p2a: Ludwig|20/100\n|-damage|p2b: Tripitz|86/100\n|-unboost|p2a: Ludwig|spa|1\n|-unboost|p2b: Tripitz|spa|1\n|move|p2a: Ludwig|Astral Barrage|p1b: Calyrex|[spread] p1a,p1b\n|-damage|p1a: Miraidon|66/100\n|-damage|p1b: Calyrex|69/100\n|move|p2b: Tripitz|Water Spout|p1a: Miraidon|[spread] p1a,p1b\n|-resisted|p1a: Miraidon\n|-damage|p1a: Miraidon|32/100\n|-damage|p1b: Calyrex|12/100\n|move|p1b: Calyrex|Glacial Lance|p2a: Ludwig|[spread] p2a,p2b\n|-supereffective|p2b: Tripitz\n|-damage|p2a: Ludwig|0 fnt\n|-damage|p2b: Tripitz|0 fnt\n|faint|p2a: Ludwig\n|faint|p2b: Tripitz\n|-ability|p1b: Calyrex|Chilling Neigh|boost\n|-boost|p1b: Calyrex|atk|2\n|\n|-weather|RainDance|[upkeep]\n|upkeep\n|\n|t:|1770156951\n|switch|p2a: Hermann|Kingambit, L50, M, shiny|100/100\n|switch|p2b: Eva|Tsareena, L50, F, shiny|100/100\n|turn|2\n|\n|t:|1770156971\n|switch|p1a: Whimsicott|Whimsicott, L50, M|100/100\n|switch|p1b: Torkoal|Torkoal, L50, M|100/100\n|-weather|SunnyDay|[from] ability: Drought|[of] p1b: Torkoal\n|move|p2b: Eva|Power Whip|p1b: Torkoal\n|-resisted|p1b: Torkoal\n|-damage|p1b: Torkoal|74/100\n|move|p2a: Hermann|Brick Break|p1a: Whimsicott\n|-resisted|p1a: Whimsicott\n|-damage|p1a: Whimsicott|79/100\n|\n|-weather|SunnyDay|[upkeep]\n|upkeep\n|turn|3\n|\n|t:|1770156994\n|move|p2b: Eva|Protect|p2b: Eva\n|-singleturn|p2b: Eva|Protect\n|move|p2a: Hermann|Sucker Punch|p1b: Torkoal\n|-damage|p1b: Torkoal|42/100\n|move|p1a: Whimsicott|Moonblast|p2b: Eva\n|-activate|p2b: Eva|move: Protect\n|move|p1b: Torkoal|Weather Ball|p2a: Hermann\n|-supereffective|p2a: Hermann\n|-damage|p2a: Hermann|37/100\n|\n|-weather|SunnyDay|[upkeep]\n|upkeep\n|turn|4\n|\n|t:|1770157018\n|move|p1a: Whimsicott|Moonblast|p2b: Eva\n|-damage|p2b: Eva|54/100\n|move|p2b: Eva|Triple Axel|p1a: Whimsicott\n|-supereffective|p1a: Whimsicott\n|-damage|p1a: Whimsicott|57/100\n|-supereffective|p1a: Whimsicott\n|-damage|p1a: Whimsicott|13/100\n|-supereffective|p1a: Whimsicott\n|-damage|p1a: Whimsicott|0 fnt\n|faint|p1a: Whimsicott\n|-hitcount|p1: Whimsicott|3\n|move|p2a: Hermann|Kowtow Cleave|p1b: Torkoal\n|-damage|p1b: Torkoal|3/100\n|move|p1b: Torkoal|Weather Ball|p2b: Eva\n|-supereffective|p2b: Eva\n|-damage|p2b: Eva|0 fnt\n|faint|p2b: Eva\n|\n|-weather|SunnyDay|[upkeep]\n|upkeep\n|inactive|kojimuranishi has 30 seconds left.\n|\n|t:|1770157044\n|switch|p1a: Miraidon|Miraidon, L50|32/100\n|-activate|p1a: Miraidon|ability: Hadron Engine\n|turn|5\n|\n|t:|1770157050\n|move|p2a: Hermann|Sucker Punch|p1a: Miraidon\n|-damage|p1a: Miraidon|0 fnt\n|faint|p1a: Miraidon\n|move|p1b: Torkoal|Weather Ball|p2a: Hermann\n|-supereffective|p2a: Hermann\n|-damage|p2a: Hermann|0 fnt\n|faint|p2a: Hermann\n|\n|win|kojimuranishi\n|raw|kojimuranishi's rating: 1445 &rarr; <strong>1472</strong><br />(+27 for winning)\n|raw|marcxhenry's rating: 1573 &rarr; <strong>1546</strong><br />(-27 for losing)\n|l|\u2606marcxhenry\n|player|p2|\n|l|\u2606kojimuranishi\n|player|p1|\n","uploadtime":1770157296,"views":23,"formatid":"gen9vgc2026regi","rating":1472,"private":0,"password":null}