{"id":"gen9vgc2026regi-2589965016","format":"[Gen 9] VGC 2026 Reg I","players":["Bodfachero","JakeNBake3D"],"log":"|j|\u2606Bodfachero\n|j|\u2606JakeNBake3D\n|t:|1776777811\n|gametype|doubles\n|player|p1|Bodfachero|hoopster|1416\n|player|p2|JakeNBake3D|2|1549\n|gen|9\n|tier|[Gen 9] VGC 2026 Reg I\n|rated|\n|rule|Species Clause: Limit one of each Pok\u00e9mon\n|rule|Item Clause: Limit 1 of each item\n|clearpoke\n|poke|p1|Kyogre, L50|\n|poke|p1|Zacian-*, L50|\n|poke|p1|Tornadus, L50, M|\n|poke|p1|Amoonguss, L50, M|\n|poke|p1|Urshifu-*, L50, F|\n|poke|p1|Ditto, L50|\n|poke|p2|Miraidon, L50|\n|poke|p2|Lunala, L50|\n|poke|p2|Incineroar, L50, M|\n|poke|p2|Urshifu-*, L50, M|\n|poke|p2|Grimmsnarl, L50, M|\n|poke|p2|Ursaluna, L50, F|\n|teampreview|4\n|inactive|Battle timer is ON: inactive players will automatically lose when time's up. (requested by Bodfachero)\n|\n|t:|1776777831\n|teamsize|p1|4\n|teamsize|p2|4\n|start\n|switch|p1a: Jerry Rivera|Kyogre, L50|100/100\n|switch|p1b: Bukele|Tornadus, L50, M|100/100\n|switch|p2a: Grimmsnarl|Grimmsnarl, L50, M, shiny|100/100\n|switch|p2b: Miraidon|Miraidon, L50|100/100\n|-fieldstart|move: Electric Terrain|[from] ability: Hadron Engine|[of] p2b: Miraidon\n|-weather|RainDance|[from] ability: Drizzle|[of] p1a: Jerry Rivera\n|turn|1\n|inactive|JakeNBake3D has 30 seconds left.\n|\n|t:|1776777859\n|-terastallize|p1a: Jerry Rivera|Ghost\n|move|p2a: Grimmsnarl|Light Screen|p2a: Grimmsnarl\n|-sidestart|p2: JakeNBake3D|move: Light Screen\n|move|p1b: Bukele|Bleakwind Storm|p2a: Grimmsnarl|[spread] p2a,p2b\n|-resisted|p2b: Miraidon\n|-damage|p2a: Grimmsnarl|77/100\n|-damage|p2b: Miraidon|93/100\n|-unboost|p2a: Grimmsnarl|spe|1\n|move|p2b: Miraidon|Volt Switch|p1b: Bukele\n|-supereffective|p1b: Bukele\n|-enditem|p1b: Bukele|Focus Sash\n|-damage|p1b: Bukele|1/100\n|\n|t:|1776777872\n|switch|p2b: Lunala|Lunala, L50, shiny|100/100|[from] Volt Switch\n|-enditem|p2b: Lunala|Electric Seed\n|-boost|p2b: Lunala|def|1|[from] item: Electric Seed\n|move|p1a: Jerry Rivera|Origin Pulse|p2a: Grimmsnarl|[spread] p2a,p2b\n|-crit|p2b: Lunala\n|-damage|p2a: Grimmsnarl|12/100\n|-damage|p2b: Lunala|43/100\n|\n|-weather|RainDance|[upkeep]\n|upkeep\n|turn|2\n|inactive|JakeNBake3D has 30 seconds left.\n|inactive|JakeNBake3D has 20 seconds left.\n|inactive|JakeNBake3D has 15 seconds left.\n|inactive|JakeNBake3D has 10 seconds left.\n|\n|t:|1776777922\n|move|p2a: Grimmsnarl|Thunder Wave|p1a: Jerry Rivera\n|-status|p1a: Jerry Rivera|par\n|move|p1b: Bukele|Bleakwind Storm|p2a: Grimmsnarl|[spread] p2a,p2b\n|-damage|p2a: Grimmsnarl|0 fnt\n|-damage|p2b: Lunala|23/100\n|faint|p2a: Grimmsnarl\n|move|p1a: Jerry Rivera|Origin Pulse|p2b: Lunala\n|-damage|p2b: Lunala|0 fnt\n|faint|p2b: Lunala\n|\n|-weather|RainDance|[upkeep]\n|upkeep\n|\n|t:|1776777936\n|switch|p2b: Ursaluna|Ursaluna, L50, F, shiny|100/100\n|switch|p2a: Miraidon|Miraidon, L50|93/100\n|-activate|p2a: Miraidon|ability: Hadron Engine\n|turn|3\n|inactive|Bodfachero has 30 seconds left.\n|\n|t:|1776777966\n|switch|p1a: HAO|Ditto, L50|100/100\n|-transform|p1a: HAO|p2b: Ursaluna|[from] ability: Imposter\n|-terastallize|p2a: Miraidon|Electric\n|move|p2b: Ursaluna|Protect|p2b: Ursaluna\n|-singleturn|p2b: Ursaluna|Protect\n|move|p1b: Bukele|Tailwind|p1b: Bukele\n|-sidestart|p1: Bodfachero|move: Tailwind\n|move|p2a: Miraidon|Electro Drift|p1a: HAO\n|-immune|p1a: HAO\n|\n|-weather|RainDance|[upkeep]\n|-status|p2b: Ursaluna|brn|[from] item: Flame Orb\n|upkeep\n|turn|4\n|inactive|JakeNBake3D has 30 seconds left.\n|inactive|JakeNBake3D has 20 seconds left.\n|inactive|JakeNBake3D has 15 seconds left.\n|\n|t:|1776778009\n|move|p1b: Bukele|Bleakwind Storm|p2b: Ursaluna|[spread] p2a,p2b\n|-resisted|p2a: Miraidon\n|-damage|p2a: Miraidon|86/100\n|-damage|p2b: Ursaluna|79/100 brn\n|-unboost|p2a: Miraidon|spe|1\n|move|p2a: Miraidon|Electro Drift|p1b: Bukele\n|-supereffective|p1b: Bukele\n|-damage|p1b: Bukele|0 fnt\n|faint|p1b: Bukele\n|move|p1a: HAO|Earthquake|p2a: Miraidon|[spread] p2a,p2b\n|-supereffective|p2a: Miraidon\n|-damage|p2a: Miraidon|7/100\n|-damage|p2b: Ursaluna|47/100 brn\n|move|p2b: Ursaluna|Facade|p1a: HAO\n|-damage|p1a: HAO|0 fnt\n|faint|p1a: HAO\n|\n|-weather|RainDance|[upkeep]\n|-damage|p2b: Ursaluna|41/100 brn|[from] brn\n|upkeep\n|\n|t:|1776778031\n|switch|p1b: F4b C4nch4|Zacian-Crowned, L50|100/100\n|switch|p1a: Jerry Rivera|Kyogre, L50, tera:Ghost|100/100 par\n|-ability|p1b: F4b C4nch4|Intrepid Sword|boost\n|-boost|p1b: F4b C4nch4|atk|1\n|turn|5\n|\n|t:|1776778049\n|move|p1b: F4b C4nch4|Sacred Sword|p2b: Ursaluna\n|-supereffective|p2b: Ursaluna\n|-damage|p2b: Ursaluna|0 fnt\n|faint|p2b: Ursaluna\n|move|p1a: Jerry Rivera|Origin Pulse|p2a: Miraidon\n|-damage|p2a: Miraidon|0 fnt\n|faint|p2a: Miraidon\n|\n|win|Bodfachero\n|raw|Bodfachero's rating: 1416 &rarr; <strong>1443</strong><br />(+27 for winning)\n|raw|JakeNBake3D's rating: 1549 &rarr; <strong>1522</strong><br />(-27 for losing)\n|l|\u2606JakeNBake3D\n|player|p2|\n|l|\u2606Bodfachero\n|player|p1|\n","uploadtime":1776778301,"views":8,"formatid":"gen9vgc2026regi","rating":1443,"private":0,"password":null}