{"id":"gen9vgc2026regi-2559705977","format":"[Gen 9] VGC 2026 Reg I","players":["Ouraiti","EllenJoe2026"],"log":"|j|\u2606Ouraiti\n|j|\u2606EllenJoe2026\n|t:|1773601629\n|gametype|doubles\n|player|p1|Ouraiti|shauntal|1336\n|player|p2|EllenJoe2026|iono|1519\n|gen|9\n|tier|[Gen 9] VGC 2026 Reg I\n|rated|\n|rule|Species Clause: Limit one of each Pok\u00e9mon\n|rule|Item Clause: Limit 1 of each item\n|clearpoke\n|poke|p1|Araquanid, L50, M|\n|poke|p1|Calyrex-Ice, L50|\n|poke|p1|Incineroar, L50, F|\n|poke|p1|Ursaluna, L50, F|\n|poke|p1|Farigiraf, L50, F|\n|poke|p1|Miraidon, L50|\n|poke|p2|Calyrex-Shadow, L50|\n|poke|p2|Zamazenta-*, L50|\n|poke|p2|Incineroar, L50, F|\n|poke|p2|Rillaboom, L50, F|\n|poke|p2|Ogerpon-Cornerstone, L50, F|\n|poke|p2|Tornadus, L50, M|\n|teampreview|4\n|inactive|Battle timer is ON: inactive players will automatically lose when time's up. (requested by EllenJoe2026)\n|inactive|EllenJoe2026 has 60 seconds left.\n|\n|t:|1773601664\n|teamsize|p1|4\n|teamsize|p2|4\n|start\n|switch|p1a: Miraidon|Miraidon, L50|100/100\n|switch|p1b: Farigiraf|Farigiraf, L50, F|100/100\n|switch|p2a: Zamazenta|Zamazenta-Crowned, L50, shiny|100/100\n|switch|p2b: Incineroar|Incineroar, L50, F, shiny|100/100\n|-fieldstart|move: Electric Terrain|[from] ability: Hadron Engine|[of] p1a: Miraidon\n|-enditem|p1b: Farigiraf|Electric Seed\n|-boost|p1b: Farigiraf|def|1|[from] item: Electric Seed\n|-ability|p2a: Zamazenta|Dauntless Shield|boost\n|-boost|p2a: Zamazenta|def|1\n|-ability|p2b: Incineroar|Intimidate|boost\n|-unboost|p1a: Miraidon|atk|1\n|-unboost|p1b: Farigiraf|atk|1\n|turn|1\n|\n|t:|1773601685\n|-terastallize|p2a: Zamazenta|Grass\n|move|p1a: Miraidon|Volt Switch|p2a: Zamazenta\n|-resisted|p2a: Zamazenta\n|-damage|p2a: Zamazenta|62/100\n|\n|t:|1773601690\n|switch|p1a: Ursaluna|Ursaluna, L50, F|100/100|[from] Volt Switch\n|move|p2a: Zamazenta|Body Press|p1a: Ursaluna\n|-supereffective|p1a: Ursaluna\n|-damage|p1a: Ursaluna|3/100\n|move|p2b: Incineroar|Taunt|p1b: Farigiraf\n|-start|p1b: Farigiraf|move: Taunt\n|cant|p1b: Farigiraf|move: Taunt|Trick Room\n|\n|-status|p1a: Ursaluna|brn|[from] item: Flame Orb\n|upkeep\n|turn|2\n|inactive|EllenJoe2026 has 30 seconds left.\n|\n|t:|1773601726\n|move|p2a: Zamazenta|Body Press|p1a: Ursaluna\n|-supereffective|p1a: Ursaluna\n|-damage|p1a: Ursaluna|0 fnt\n|faint|p1a: Ursaluna\n|move|p1b: Farigiraf|Hyper Voice|p2b: Incineroar|[spread] p2a,p2b\n|-damage|p2a: Zamazenta|46/100\n|-damage|p2b: Incineroar|79/100\n|move|p2b: Incineroar|Parting Shot|p1b: Farigiraf\n|-unboost|p1b: Farigiraf|atk|1\n|-unboost|p1b: Farigiraf|spa|1\n|\n|t:|1773601751\n|switch|p2b: Calyrex|Calyrex-Shadow, L50|100/100|[from] Parting Shot\n|-ability|p2b: Calyrex|As One\n|-ability|p2b: Calyrex|Unnerve\n|\n|upkeep\n|\n|t:|1773601753\n|switch|p1a: Miraidon|Miraidon, L50|100/100\n|-activate|p1a: Miraidon|ability: Hadron Engine\n|turn|3\n|inactive|Ouraiti has 30 seconds left.\n|\n|t:|1773601788\n|switch|p2b: Rillaboom|Rillaboom, L50, F, shiny|100/100\n|-fieldstart|move: Grassy Terrain|[from] ability: Grassy Surge|[of] p2b: Rillaboom\n|move|p1a: Miraidon|Electro Drift|p2a: Zamazenta\n|-resisted|p2a: Zamazenta\n|-damage|p2a: Zamazenta|15/100\n|move|p2a: Zamazenta|Body Press|p1a: Miraidon\n|-damage|p1a: Miraidon|25/100\n|move|p1b: Farigiraf|Hyper Voice|p2b: Rillaboom|[spread] p2a,p2b\n|-damage|p2a: Zamazenta|5/100\n|-damage|p2b: Rillaboom|90/100\n|\n|-heal|p1a: Miraidon|32/100|[from] Grassy Terrain\n|-heal|p2a: Zamazenta|11/100|[from] Grassy Terrain\n|-heal|p2b: Rillaboom|96/100|[from] Grassy Terrain\n|-end|p1b: Farigiraf|move: Taunt\n|upkeep\n|turn|4\n|inactive|Ouraiti has 30 seconds left.\n|inactive|EllenJoe2026 has 30 seconds left.\n|inactive|Ouraiti has 20 seconds left.\n|inactive|EllenJoe2026 has 20 seconds left.\n|\n|t:|1773601825\n|move|p1a: Miraidon|Electro Drift|p2a: Zamazenta\n|-resisted|p2a: Zamazenta\n|-damage|p2a: Zamazenta|0 fnt\n|faint|p2a: Zamazenta\n|move|p2b: Rillaboom|Wood Hammer|p1a: Miraidon\n|-resisted|p1a: Miraidon\n|-damage|p1a: Miraidon|0 fnt\n|faint|p1a: Miraidon\n|-damage|p2b: Rillaboom|87/100|[from] Recoil\n|move|p1b: Farigiraf|Trick Room|p1b: Farigiraf\n|-fieldstart|move: Trick Room|[of] p1b: Farigiraf\n|\n|-heal|p2b: Rillaboom|93/100|[from] Grassy Terrain\n|upkeep\n|\n|t:|1773601844\n|switch|p2a: Incineroar|Incineroar, L50, F, shiny|79/100\n|switch|p1a: Calyrex|Calyrex-Ice, L50|100/100\n|-ability|p1a: Calyrex|As One\n|-ability|p1a: Calyrex|Unnerve\n|-ability|p2a: Incineroar|Intimidate|boost\n|-fail|p1a: Calyrex|unboost|[from] item: Clear Amulet|[of] p1a: Calyrex\n|-unboost|p1b: Farigiraf|atk|1\n|turn|5\n|inactive|EllenJoe2026 has 30 seconds left.\n|\n|t:|1773601873\n|switch|p2b: Calyrex|Calyrex-Shadow, L50|100/100\n|-ability|p2b: Calyrex|As One\n|-ability|p2b: Calyrex|Unnerve\n|-terastallize|p1a: Calyrex|Fire\n|move|p1b: Farigiraf|Helping Hand|p1a: Calyrex\n|-singleturn|p1a: Calyrex|Helping Hand|[of] p1b: Farigiraf\n|move|p1a: Calyrex|Glacial Lance|p2b: Calyrex|[spread] p2a,p2b\n|-resisted|p2a: Incineroar\n|-damage|p2a: Incineroar|45/100\n|-damage|p2b: Calyrex|0 fnt\n|faint|p2b: Calyrex\n|-ability|p1a: Calyrex|Chilling Neigh|boost\n|-boost|p1a: Calyrex|atk|1\n|move|p2a: Incineroar|Knock Off|p1a: Calyrex\n|-damage|p1a: Calyrex|77/100\n|-enditem|p1a: Calyrex|Clear Amulet|[from] move: Knock Off|[of] p2a: Incineroar\n|\n|-heal|p1a: Calyrex|83/100|[from] Grassy Terrain\n|-heal|p2a: Incineroar|51/100|[from] Grassy Terrain\n|upkeep\n|-message|EllenJoe2026 forfeited.\n|\n|win|Ouraiti\n|raw|Ouraiti's rating: 1336 &rarr; <strong>1366</strong><br />(+30 for winning)\n|raw|EllenJoe2026's rating: 1519 &rarr; <strong>1489</strong><br />(-30 for losing)\n|l|\u2606EllenJoe2026\n|player|p2|\n","uploadtime":1773601908,"views":15,"formatid":"gen9vgc2026regi","rating":1366,"private":0,"password":null}