{"id":"gen9vgc2026regi-2523908298","format":"[Gen 9] VGC 2026 Reg I","players":["Rick98","Fogdocker"],"log":"|j|\u2606Rick98\n|j|\u2606Fogdocker\n|t:|1769089327\n|gametype|doubles\n|player|p1|Rick98|ethan|1346\n|player|p2|Fogdocker|2|1362\n|gen|9\n|tier|[Gen 9] VGC 2026 Reg I\n|rated|\n|rule|Species Clause: Limit one of each Pok\u00e9mon\n|rule|Item Clause: Limit 1 of each item\n|clearpoke\n|poke|p1|Groudon, L50|\n|poke|p1|Miraidon, L50|\n|poke|p1|Grimmsnarl, L50, M|\n|poke|p1|Volcarona, L50, M|\n|poke|p1|Incineroar, L50, M|\n|poke|p1|Flutter Mane, L50|\n|poke|p2|Calyrex-Ice, L50|\n|poke|p2|Kyogre, L50|\n|poke|p2|Urshifu-*, L50, F|\n|poke|p2|Rillaboom, L50, F|\n|poke|p2|Landorus, L50, M|\n|poke|p2|Tornadus, L50, M|\n|teampreview|4\n|inactive|Battle timer is ON: inactive players will automatically lose when time's up. (requested by Rick98)\n|inactive|Rick98 has 60 seconds left.\n|inactive|Fogdocker has 60 seconds left.\n|\n|t:|1769089380\n|teamsize|p1|4\n|teamsize|p2|4\n|start\n|switch|p1a: Volcarona|Volcarona, L50, M|100/100\n|switch|p1b: Incineroar|Incineroar, L50, M|100/100\n|switch|p2a: Calyrex|Calyrex-Ice, L50|100/100\n|switch|p2b: Landorus|Landorus, L50, M|100/100\n|-ability|p2a: Calyrex|As One\n|-ability|p2a: Calyrex|Unnerve\n|-ability|p1b: Incineroar|Intimidate|boost\n|-unboost|p2a: Calyrex|atk|1\n|-unboost|p2b: Landorus|atk|1\n|turn|1\n|\n|t:|1769089400\n|switch|p2a: Kyogre|Kyogre, L50|100/100\n|-weather|RainDance|[from] ability: Drizzle|[of] p2a: Kyogre\n|move|p1b: Incineroar|Fake Out|p2b: Landorus\n|-damage|p2b: Landorus|87/100\n|cant|p2b: Landorus|flinch\n|move|p1a: Volcarona|Quiver Dance|p1a: Volcarona\n|-boost|p1a: Volcarona|spa|1\n|-boost|p1a: Volcarona|spd|1\n|-boost|p1a: Volcarona|spe|1\n|\n|-weather|RainDance|[upkeep]\n|upkeep\n|turn|2\n|\n|t:|1769089422\n|switch|p1b: Groudon|Groudon, L50|100/100\n|-weather|SunnyDay|[from] ability: Drought|[of] p1b: Groudon\n|-terastallize|p1a: Volcarona|Grass\n|move|p2a: Kyogre|Protect|p2a: Kyogre\n|-singleturn|p2a: Kyogre|Protect\n|move|p1a: Volcarona|Struggle Bug|p2a: Kyogre|[spread] p2b\n|-activate|p2a: Kyogre|move: Protect\n|-resisted|p2b: Landorus\n|-damage|p2b: Landorus|71/100\n|-unboost|p2b: Landorus|spa|1\n|move|p2b: Landorus|Sandsear Storm|p1b: Groudon|[spread] p1a\n|-miss|p2b: Landorus|p1b: Groudon\n|-resisted|p1a: Volcarona\n|-damage|p1a: Volcarona|90/100\n|\n|-weather|SunnyDay|[upkeep]\n|-heal|p1a: Volcarona|96/100|[from] item: Leftovers\n|upkeep\n|turn|3\n|inactive|Rick98 has 30 seconds left.\n|\n|t:|1769089449\n|switch|p2a: Rillaboom|Rillaboom, L50, F|100/100\n|-fieldstart|move: Grassy Terrain|[from] ability: Grassy Surge|[of] p2a: Rillaboom\n|move|p2b: Landorus|Protect|p2b: Landorus\n|-singleturn|p2b: Landorus|Protect\n|move|p1a: Volcarona|Struggle Bug|p2a: Rillaboom|[spread] p2a\n|-activate|p2b: Landorus|move: Protect\n|-supereffective|p2a: Rillaboom\n|-damage|p2a: Rillaboom|71/100\n|-unboost|p2a: Rillaboom|spa|1\n|move|p1b: Groudon|Heat Crash|p2b: Landorus\n|-activate|p2b: Landorus|move: Protect\n|\n|-weather|SunnyDay|[upkeep]\n|-heal|p1a: Volcarona|100/100|[from] Grassy Terrain\n|-heal|p2a: Rillaboom|76/100|[from] Grassy Terrain\n|upkeep\n|turn|4\n|\n|t:|1769089468\n|switch|p2a: Kyogre|Kyogre, L50|100/100\n|-weather|RainDance|[from] ability: Drizzle|[of] p2a: Kyogre\n|move|p1b: Groudon|Protect|p1b: Groudon\n|-singleturn|p1b: Groudon|Protect\n|move|p1a: Volcarona|Fiery Dance|p2a: Kyogre\n|-resisted|p2a: Kyogre\n|-damage|p2a: Kyogre|92/100\n|move|p2b: Landorus|Sludge Bomb|p1a: Volcarona\n|-supereffective|p1a: Volcarona\n|-damage|p1a: Volcarona|61/100\n|\n|-weather|RainDance|[upkeep]\n|-heal|p1a: Volcarona|68/100|[from] Grassy Terrain\n|-heal|p1a: Volcarona|74/100|[from] item: Leftovers\n|-heal|p2a: Kyogre|98/100|[from] Grassy Terrain\n|upkeep\n|turn|5\n|\n|t:|1769089492\n|switch|p2b: Rillaboom|Rillaboom, L50, F|76/100\n|move|p1b: Groudon|Protect|p1b: Groudon\n|-singleturn|p1b: Groudon|Protect\n|move|p2a: Kyogre|Protect|p2a: Kyogre\n|-singleturn|p2a: Kyogre|Protect\n|move|p1a: Volcarona|Struggle Bug|p2a: Kyogre|[spread] p2b\n|-activate|p2a: Kyogre|move: Protect\n|-supereffective|p2b: Rillaboom\n|-damage|p2b: Rillaboom|44/100\n|-unboost|p2b: Rillaboom|spa|1\n|\n|-weather|RainDance|[upkeep]\n|-heal|p1a: Volcarona|80/100|[from] Grassy Terrain\n|-heal|p1a: Volcarona|86/100|[from] item: Leftovers\n|-heal|p2a: Kyogre|100/100|[from] Grassy Terrain\n|-heal|p2b: Rillaboom|50/100|[from] Grassy Terrain\n|upkeep\n|turn|6\n|\n|t:|1769089516\n|switch|p1b: Miraidon|Miraidon, L50|100/100\n|-fieldstart|move: Electric Terrain|[from] ability: Hadron Engine|[of] p1b: Miraidon\n|move|p1a: Volcarona|Protect|p1a: Volcarona\n|-singleturn|p1a: Volcarona|Protect\n|move|p2a: Kyogre|Water Spout|p1b: Miraidon|[spread] p1b\n|-activate|p1a: Volcarona|move: Protect\n|-resisted|p1b: Miraidon\n|-damage|p1b: Miraidon|67/100\n|move|p2b: Rillaboom|U-turn|p1b: Miraidon\n|-damage|p1b: Miraidon|47/100\n|inactive|Fogdocker has 30 seconds left.\n|\n|t:|1769089549\n|switch|p2b: Calyrex|Calyrex-Ice, L50|100/100|[from] U-turn\n|-ability|p2b: Calyrex|As One\n|-ability|p2b: Calyrex|Unnerve\n|\n|-weather|RainDance|[upkeep]\n|-heal|p1a: Volcarona|93/100|[from] item: Leftovers\n|upkeep\n|turn|7\n|inactive|Rick98 has 30 seconds left.\n|\n|t:|1769089576\n|switch|p2a: Rillaboom|Rillaboom, L50, F|50/100\n|-fieldstart|move: Grassy Terrain|[from] ability: Grassy Surge|[of] p2a: Rillaboom\n|move|p2b: Calyrex|Protect|p2b: Calyrex\n|-singleturn|p2b: Calyrex|Protect\n|move|p1a: Volcarona|Fiery Dance|p2b: Calyrex\n|-activate|p2b: Calyrex|move: Protect\n|move|p1b: Miraidon|Volt Switch|p2b: Calyrex\n|-activate|p2b: Calyrex|move: Protect\n|\n|-weather|RainDance|[upkeep]\n|-heal|p1a: Volcarona|99/100|[from] Grassy Terrain\n|-heal|p1a: Volcarona|100/100|[from] item: Leftovers\n|-heal|p1b: Miraidon|53/100|[from] Grassy Terrain\n|-heal|p2a: Rillaboom|56/100|[from] Grassy Terrain\n|upkeep\n|turn|8\n|inactive|Rick98 has 30 seconds left.\n|inactive|Fogdocker has 30 seconds left.\n|\n|t:|1769089609\n|switch|p1b: Incineroar|Incineroar, L50, M|100/100\n|-ability|p1b: Incineroar|Intimidate|boost\n|-unboost|p2a: Rillaboom|atk|1\n|-unboost|p2b: Calyrex|atk|1\n|move|p1a: Volcarona|Fiery Dance|p2b: Calyrex\n|-supereffective|p2b: Calyrex\n|-damage|p2b: Calyrex|71/100\n|move|p2a: Rillaboom|U-turn|p1b: Incineroar\n|-crit|p1b: Incineroar\n|-damage|p1b: Incineroar|74/100\n|-damage|p2a: Rillaboom|40/100|[from] item: Rocky Helmet|[of] p1b: Incineroar\n|\n|t:|1769089622\n|switch|p2a: Landorus|Landorus, L50, M|71/100|[from] U-turn\n|move|p2b: Calyrex|Trick Room|p2b: Calyrex\n|-fieldstart|move: Trick Room|[of] p2b: Calyrex\n|\n|-weather|none\n|-heal|p2b: Calyrex|76/100|[from] Grassy Terrain\n|-heal|p2b: Calyrex|82/100|[from] item: Leftovers\n|-heal|p1b: Incineroar|80/100|[from] Grassy Terrain\n|upkeep\n|turn|9\n|\n|t:|1769089641\n|move|p2b: Calyrex|Glacial Lance|p1b: Incineroar|[spread] p1a,p1b\n|-supereffective|p1a: Volcarona\n|-resisted|p1b: Incineroar\n|-damage|p1a: Volcarona|19/100\n|-damage|p1b: Incineroar|68/100\n|move|p1b: Incineroar|Knock Off|p2b: Calyrex\n|-supereffective|p2b: Calyrex\n|-damage|p2b: Calyrex|33/100\n|-enditem|p2b: Calyrex|Leftovers|[from] move: Knock Off|[of] p1b: Incineroar\n|move|p2a: Landorus|Sludge Bomb|p1a: Volcarona\n|-supereffective|p1a: Volcarona\n|-damage|p1a: Volcarona|0 fnt\n|faint|p1a: Volcarona\n|\n|-heal|p2b: Calyrex|39/100|[from] Grassy Terrain\n|-heal|p1b: Incineroar|74/100|[from] Grassy Terrain\n|upkeep\n|\n|t:|1769089658\n|switch|p1a: Groudon|Groudon, L50|100/100\n|-weather|SunnyDay|[from] ability: Drought|[of] p1a: Groudon\n|turn|10\n|\n|t:|1769089674\n|switch|p2b: Kyogre|Kyogre, L50|100/100\n|-weather|RainDance|[from] ability: Drizzle|[of] p2b: Kyogre\n|move|p1a: Groudon|Protect|p1a: Groudon\n|-singleturn|p1a: Groudon|Protect\n|move|p1b: Incineroar|Flare Blitz|p2b: Kyogre\n|-resisted|p2b: Kyogre\n|-crit|p2b: Kyogre\n|-damage|p2b: Kyogre|85/100\n|-damage|p1b: Incineroar|68/100|[from] Recoil\n|move|p2a: Landorus|Sandsear Storm|p1a: Groudon|[spread] p1b\n|-activate|p1a: Groudon|move: Protect\n|-supereffective|p1b: Incineroar\n|-damage|p1b: Incineroar|0 fnt\n|faint|p1b: Incineroar\n|\n|-weather|RainDance|[upkeep]\n|-heal|p2b: Kyogre|91/100|[from] Grassy Terrain\n|upkeep\n|-message|Rick98 forfeited.\n|\n|win|Fogdocker\n|raw|Rick98's rating: 1346 &rarr; <strong>1327</strong><br />(-19 for losing)\n|raw|Fogdocker's rating: 1362 &rarr; <strong>1381</strong><br />(+19 for winning)\n|l|\u2606Rick98\n|player|p1|\n|l|\u2606Fogdocker\n|player|p2|\n","uploadtime":1769089692,"views":15,"formatid":"gen9vgc2026regi","rating":1327,"private":0,"password":null}