{"id":"gen9vgc2026regi-2587146930","format":"[Gen 9] VGC 2026 Reg I","players":["JeffAdmin","BenSon_A27_Zong"],"log":"|j|\u2606JeffAdmin\n|j|\u2606BenSon_A27_Zong\n|t:|1776500279\n|gametype|doubles\n|player|p1|JeffAdmin|265|1095\n|player|p2|BenSon_A27_Zong|bugsy|1237\n|gen|9\n|tier|[Gen 9] VGC 2026 Reg I\n|rated|\n|rule|Species Clause: Limit one of each Pok\u00e9mon\n|rule|Item Clause: Limit 1 of each item\n|clearpoke\n|poke|p1|Calyrex-Ice, L50|\n|poke|p1|Incineroar, L50, M|\n|poke|p1|Hatterene, L50, F|\n|poke|p1|Ursaluna, L50, M|\n|poke|p1|Kingambit, L50, M|\n|poke|p1|Amoonguss, L50, M|\n|poke|p2|Muk-Alola, L50, F|\n|poke|p2|Dondozo, L50, M|\n|poke|p2|Grimmsnarl, L50, M|\n|poke|p2|Incineroar, L50, F|\n|poke|p2|Tatsugiri, L50, F|\n|poke|p2|Smeargle, L50, F|\n|teampreview|4\n|inactive|Battle timer is ON: inactive players will automatically lose when time's up. (requested by BenSon_A27_Zong)\n|inactive|BenSon_A27_Zong has 60 seconds left.\n|inactive|JeffAdmin has 60 seconds left.\n|\n|t:|1776500318\n|teamsize|p1|4\n|teamsize|p2|4\n|start\n|switch|p1a: Calyrex|Calyrex-Ice, L50|100/100\n|switch|p1b: Amoonguss|Amoonguss, L50, M|100/100\n|switch|p2a: Muk|Muk-Alola, L50, F|100/100\n|switch|p2b: Incineroar|Incineroar, L50, F|100/100\n|-ability|p1a: Calyrex|As One\n|-ability|p1a: Calyrex|Unnerve\n|-ability|p2b: Incineroar|Intimidate|boost\n|-fail|p1a: Calyrex|unboost|[from] item: Clear Amulet|[of] p1a: Calyrex\n|-unboost|p1b: Amoonguss|atk|1\n|turn|1\n|inactive|BenSon_A27_Zong has 30 seconds left.\n|\n|t:|1776500346\n|-terastallize|p1b: Amoonguss|Water\n|move|p2b: Incineroar|Fake Out|p1a: Calyrex\n|-damage|p1a: Calyrex|94/100\n|move|p1b: Amoonguss|Rage Powder|p1b: Amoonguss\n|-singleturn|p1b: Amoonguss|move: Rage Powder\n|move|p2a: Muk|Minimize|p2a: Muk\n|-boost|p2a: Muk|evasion|2\n|cant|p1a: Calyrex|flinch\n|\n|upkeep\n|turn|2\n|\n|t:|1776500366\n|move|p1b: Amoonguss|Rage Powder|p1b: Amoonguss\n|-singleturn|p1b: Amoonguss|move: Rage Powder\n|move|p2a: Muk|Minimize|p2a: Muk\n|-boost|p2a: Muk|evasion|2\n|move|p2b: Incineroar|Roar|p1b: Amoonguss\n|drag|p1b: Kingambit|Kingambit, L50, M|100/100\n|move|p1a: Calyrex|Trick Room|p1a: Calyrex\n|-fieldstart|move: Trick Room|[of] p1a: Calyrex\n|\n|upkeep\n|turn|3\n|inactive|JeffAdmin has 30 seconds left.\n|\n|t:|1776500401\n|move|p2a: Muk|Protect|p2a: Muk\n|-singleturn|p2a: Muk|Protect\n|move|p1a: Calyrex|Glacial Lance|p2a: Muk|[spread] p2b\n|-activate|p2a: Muk|move: Protect\n|-resisted|p2b: Incineroar\n|-damage|p2b: Incineroar|74/100\n|move|p1b: Kingambit|Iron Head|p2a: Muk\n|-activate|p2a: Muk|move: Protect\n|move|p2b: Incineroar|Parting Shot|p1a: Calyrex\n|-fail|p1a: Calyrex|unboost|[from] item: Clear Amulet|[of] p1a: Calyrex\n|\n|upkeep\n|turn|4\n|\n|t:|1776500424\n|switch|p2b: Smeargle|Smeargle, L50, F|100/100\n|-terastallize|p2a: Muk|Water\n|move|p1b: Kingambit|Iron Defense|p1b: Kingambit\n|-boost|p1b: Kingambit|def|2\n|move|p1a: Calyrex|Glacial Lance|p2a: Muk|[spread] p2b\n|-miss|p1a: Calyrex|p2a: Muk\n|-enditem|p2b: Smeargle|Focus Sash\n|-damage|p2b: Smeargle|1/100\n|move|p2a: Muk|Minimize|p2a: Muk\n|-boost|p2a: Muk|evasion|2\n|\n|-ability|p2b: Smeargle|Moody|boost\n|-boost|p2b: Smeargle|spa|2\n|-unboost|p2b: Smeargle|atk|1\n|upkeep\n|turn|5\n|\n|t:|1776500441\n|move|p2b: Smeargle|Follow Me|p2b: Smeargle\n|-singleturn|p2b: Smeargle|move: Follow Me\n|move|p1b: Kingambit|Iron Defense|p1b: Kingambit\n|-boost|p1b: Kingambit|def|2\n|move|p1a: Calyrex|Glacial Lance|p2b: Smeargle|[spread] p2a,p2b\n|-resisted|p2a: Muk\n|-damage|p2a: Muk|75/100\n|-damage|p2b: Smeargle|0 fnt\n|faint|p2b: Smeargle\n|-ability|p2a: Muk|Moody|Power of Alchemy|[from] ability: Power of Alchemy|[of] p2b: Smeargle\n|-ability|p1a: Calyrex|Chilling Neigh|boost\n|-boost|p1a: Calyrex|atk|1\n|move|p2a: Muk|Poison Jab|p1a: Calyrex\n|-damage|p1a: Calyrex|78/100\n|\n|-heal|p2a: Muk|81/100|[from] item: Leftovers\n|-ability|p2a: Muk|Moody|boost\n|-boost|p2a: Muk|spa|2\n|-unboost|p2a: Muk|def|1\n|upkeep\n|\n|t:|1776500444\n|switch|p2b: Grimmsnarl|Grimmsnarl, L50, M|100/100\n|turn|6\n|\n|t:|1776500454\n|move|p2a: Muk|Protect|p2a: Muk\n|-singleturn|p2a: Muk|Protect\n|move|p2b: Grimmsnarl|Reflect|p2b: Grimmsnarl\n|-sidestart|p2: BenSon_A27_Zong|Reflect\n|move|p1b: Kingambit|Iron Head|p2b: Grimmsnarl\n|-supereffective|p2b: Grimmsnarl\n|-damage|p2b: Grimmsnarl|24/100\n|move|p1a: Calyrex|Glacial Lance|p2b: Grimmsnarl|[spread] p2b\n|-activate|p2a: Muk|move: Protect\n|-damage|p2b: Grimmsnarl|0 fnt\n|faint|p2b: Grimmsnarl\n|-ability|p1a: Calyrex|Chilling Neigh|boost\n|-boost|p1a: Calyrex|atk|1\n|\n|-heal|p2a: Muk|87/100|[from] item: Leftovers\n|-fieldend|move: Trick Room\n|-ability|p2a: Muk|Moody|boost\n|-boost|p2a: Muk|spe|2\n|-unboost|p2a: Muk|spd|1\n|upkeep\n|\n|t:|1776500462\n|switch|p2b: Incineroar|Incineroar, L50, F|74/100\n|-ability|p2b: Incineroar|Intimidate|boost\n|-fail|p1a: Calyrex|unboost|[from] item: Clear Amulet|[of] p1a: Calyrex\n|-unboost|p1b: Kingambit|atk|1\n|-ability|p1b: Kingambit|Defiant|boost\n|-boost|p1b: Kingambit|atk|2\n|turn|7\n|inactive|JeffAdmin has 30 seconds left.\n|inactive|JeffAdmin has 20 seconds left.\n|inactive|JeffAdmin has 15 seconds left.\n|\n|t:|1776500503\n|move|p1a: Calyrex|Protect|p1a: Calyrex\n|-singleturn|p1a: Calyrex|Protect\n|move|p2b: Incineroar|Fake Out|p1a: Calyrex\n|-activate|p1a: Calyrex|move: Protect\n|move|p2a: Muk|Poison Jab|p1a: Calyrex\n|-activate|p1a: Calyrex|move: Protect\n|move|p1b: Kingambit|Kowtow Cleave|p2a: Muk\n|-damage|p2a: Muk|21/100\n|\n|-heal|p2a: Muk|27/100|[from] item: Leftovers\n|-ability|p2a: Muk|Moody|boost\n|-boost|p2a: Muk|spd|2\n|-unboost|p2a: Muk|spa|1\n|upkeep\n|turn|8\n|inactive|JeffAdmin has 30 seconds left.\n|\n|t:|1776500528\n|switch|p1a: Incineroar|Incineroar, L50, M|100/100\n|-ability|p1a: Incineroar|Intimidate|boost\n|-unboost|p2a: Muk|atk|1\n|-unboost|p2b: Incineroar|atk|1\n|move|p2a: Muk|Protect|p2a: Muk\n|-singleturn|p2a: Muk|Protect\n|move|p1b: Kingambit|Kowtow Cleave|p2a: Muk\n|-activate|p2a: Muk|move: Protect\n|move|p2b: Incineroar|Roar|p1a: Incineroar\n|drag|p1a: Calyrex|Calyrex-Ice, L50|78/100\n|-ability|p1a: Calyrex|As One\n|-ability|p1a: Calyrex|Unnerve\n|\n|-heal|p2a: Muk|33/100|[from] item: Leftovers\n|-ability|p2a: Muk|Moody|boost\n|-boost|p2a: Muk|spe|2\n|-unboost|p2a: Muk|spd|1\n|upkeep\n|turn|9\n|\n|t:|1776500548\n|move|p1a: Calyrex|Protect|p1a: Calyrex\n|-singleturn|p1a: Calyrex|Protect\n|move|p2a: Muk|Rest|p2a: Muk\n|-status|p2a: Muk|slp|[from] move: Rest\n|-heal|p2a: Muk|100/100 slp|[silent]\n|move|p1b: Kingambit|Kowtow Cleave|p2a: Muk\n|-damage|p2a: Muk|22/100 slp\n|move|p2b: Incineroar|Roar|p1b: Kingambit\n|drag|p1b: Amoonguss|Amoonguss, L50, M, tera:Water|100/100\n|\n|-heal|p2a: Muk|28/100 slp|[from] item: Leftovers\n|-ability|p2a: Muk|Moody|boost\n|-boost|p2a: Muk|atk|2\n|-unboost|p2a: Muk|spa|1\n|upkeep\n|turn|10\n|\n|t:|1776500571\n|move|p1b: Amoonguss|Rage Powder|p1b: Amoonguss\n|-singleturn|p1b: Amoonguss|move: Rage Powder\n|cant|p2a: Muk|slp\n|move|p2b: Incineroar|Roar|p1b: Amoonguss\n|drag|p1b: Kingambit|Kingambit, L50, M|100/100\n|move|p1a: Calyrex|Trick Room|p1a: Calyrex\n|-fieldstart|move: Trick Room|[of] p1a: Calyrex\n|\n|-heal|p2a: Muk|34/100 slp|[from] item: Leftovers\n|-ability|p2a: Muk|Moody|boost\n|-boost|p2a: Muk|spa|2\n|-unboost|p2a: Muk|def|1\n|upkeep\n|turn|11\n|\n|t:|1776500586\n|move|p1b: Kingambit|Kowtow Cleave|p2a: Muk\n|-damage|p2a: Muk|0 fnt\n|faint|p2a: Muk\n|move|p1a: Calyrex|Glacial Lance|p2b: Incineroar\n|-resisted|p2b: Incineroar\n|-damage|p2b: Incineroar|50/100\n|move|p2b: Incineroar|Roar|p1b: Kingambit\n|drag|p1b: Incineroar|Incineroar, L50, M|100/100\n|-ability|p1b: Incineroar|Intimidate|boost\n|-unboost|p2b: Incineroar|atk|1\n|\n|upkeep\n|turn|12\n|l|\u2606BenSon_A27_Zong\n|inactive|BenSon_A27_Zong disconnected and has a minute to reconnect!\n|player|p2|\n|inactive|BenSon_A27_Zong has 30 seconds left.\n|inactive|BenSon_A27_Zong has 20 seconds left.\n|inactive|BenSon_A27_Zong has 15 seconds left.\n|inactive|BenSon_A27_Zong has 10 seconds left.\n|inactive|BenSon_A27_Zong has 5 seconds left.\n|-message|BenSon_A27_Zong lost due to inactivity.\n|\n|win|JeffAdmin\n|raw|JeffAdmin's rating: 1095 &rarr; <strong>1131</strong><br />(+36 for winning)\n|raw|BenSon_A27_Zong's rating: 1237 &rarr; <strong>1202</strong><br />(-35 for losing)\n|l|\u2606JeffAdmin\n|player|p1|\n","uploadtime":1776500997,"views":7,"formatid":"gen9vgc2026regi","rating":1131,"private":0,"password":null}