{"id":"gen9vgc2026regi-2580364402","format":"[Gen 9] VGC 2026 Reg I","players":["Ice124567890","navinsachump"],"log":"|j|\u2606Ice124567890\n|j|\u2606navinsachump\n|t:|1775885688\n|gametype|doubles\n|player|p1|Ice124567890|169|1510\n|player|p2|navinsachump|smasher|1555\n|gen|9\n|tier|[Gen 9] VGC 2026 Reg I\n|rated|\n|rule|Species Clause: Limit one of each Pok\u00e9mon\n|rule|Item Clause: Limit 1 of each item\n|clearpoke\n|poke|p1|Incineroar, L50, M|\n|poke|p1|Chien-Pao, L50|\n|poke|p1|Lunala, L50|\n|poke|p1|Zamazenta-*, L50|\n|poke|p1|Dragonite, L50, M|\n|poke|p1|Rillaboom, L50, M|\n|poke|p2|Miraidon, L50|\n|poke|p2|Incineroar, L50, F|\n|poke|p2|Whimsicott, L50, F|\n|poke|p2|Urshifu-*, L50, F|\n|poke|p2|Lunala, L50|\n|poke|p2|Ursaluna, L50, M|\n|teampreview|4\n|inactive|Battle timer is ON: inactive players will automatically lose when time's up. (requested by Ice124567890)\n|inactive|navinsachump has 60 seconds left.\n|\n|t:|1775885724\n|teamsize|p1|4\n|teamsize|p2|4\n|start\n|switch|p1a: Lunala|Lunala, L50|100/100\n|switch|p1b: Rillaboom|Rillaboom, L50, M|100/100\n|switch|p2a: Lunala|Lunala, L50|100/100\n|switch|p2b: Incineroar|Incineroar, L50, F|100/100\n|-fieldstart|move: Grassy Terrain|[from] ability: Grassy Surge|[of] p1b: Rillaboom\n|-ability|p2b: Incineroar|Intimidate|boost\n|-unboost|p1a: Lunala|atk|1\n|-unboost|p1b: Rillaboom|atk|1\n|turn|1\n|\n|t:|1775885745\n|-terastallize|p2a: Lunala|Fairy\n|-terastallize|p1a: Lunala|Fairy\n|move|p1b: Rillaboom|Fake Out|p2a: Lunala\n|-damage|p2a: Lunala|97/100\n|move|p1a: Lunala|Calm Mind|p1a: Lunala\n|-boost|p1a: Lunala|spa|1\n|-boost|p1a: Lunala|spd|1\n|move|p2b: Incineroar|U-turn|p1b: Rillaboom\n|-supereffective|p1b: Rillaboom\n|-damage|p1b: Rillaboom|59/100\n|\n|t:|1775885752\n|switch|p2b: Ursaluna|Ursaluna, L50, M|100/100|[from] U-turn\n|cant|p2a: Lunala|flinch\n|\n|-heal|p2a: Lunala|100/100|[from] Grassy Terrain\n|-heal|p1b: Rillaboom|65/100|[from] Grassy Terrain\n|-status|p2b: Ursaluna|brn|[from] item: Flame Orb\n|upkeep\n|turn|2\n|\n|t:|1775885776\n|move|p2b: Ursaluna|Protect|p2b: Ursaluna\n|-singleturn|p2b: Ursaluna|Protect\n|move|p1a: Lunala|Calm Mind|p1a: Lunala\n|-boost|p1a: Lunala|spa|1\n|-boost|p1a: Lunala|spd|1\n|move|p1b: Rillaboom|U-turn|p2a: Lunala\n|-resisted|p2a: Lunala\n|-damage|p2a: Lunala|98/100\n|\n|t:|1775885777\n|switch|p1b: Incineroar|Incineroar, L50, M|100/100|[from] U-turn\n|-ability|p1b: Incineroar|Intimidate|boost\n|-unboost|p2a: Lunala|atk|1\n|-unboost|p2b: Ursaluna|atk|1\n|move|p2a: Lunala|Trick Room|p2a: Lunala\n|-fieldstart|move: Trick Room|[of] p2a: Lunala\n|\n|-heal|p2a: Lunala|100/100|[from] Grassy Terrain\n|-damage|p2b: Ursaluna|95/100 brn|[from] brn\n|upkeep\n|turn|3\n|\n|t:|1775885793\n|switch|p2b: Incineroar|Incineroar, L50, F|100/100\n|-ability|p2b: Incineroar|Intimidate|boost\n|-unboost|p1a: Lunala|atk|1\n|-unboost|p1b: Incineroar|atk|1\n|move|p1b: Incineroar|Fake Out|p2b: Incineroar\n|-damage|p2b: Incineroar|93/100\n|move|p1a: Lunala|Moonblast|p2b: Incineroar\n|-damage|p2b: Incineroar|30/100\n|-unboost|p2b: Incineroar|spa|1\n|move|p2a: Lunala|Moonblast|p1a: Lunala\n|-damage|p1a: Lunala|91/100\n|\n|-heal|p2b: Incineroar|36/100|[from] Grassy Terrain\n|-heal|p1a: Lunala|97/100|[from] Grassy Terrain\n|-heal|p1a: Lunala|100/100|[from] item: Leftovers\n|upkeep\n|turn|4\n|\n|t:|1775885814\n|move|p1a: Lunala|Protect|p1a: Lunala\n|-singleturn|p1a: Lunala|Protect\n|move|p1b: Incineroar|Parting Shot|p2a: Lunala\n|-unboost|p2a: Lunala|atk|1\n|-unboost|p2a: Lunala|spa|1\n|\n|t:|1775885821\n|switch|p1b: Rillaboom|Rillaboom, L50, M|65/100|[from] Parting Shot\n|move|p2b: Incineroar|U-turn|p1b: Rillaboom\n|-supereffective|p1b: Rillaboom\n|-crit|p1b: Rillaboom\n|-damage|p1b: Rillaboom|4/100\n|\n|t:|1775885829\n|switch|p2b: Ursaluna|Ursaluna, L50, M|95/100 brn|[from] U-turn\n|move|p2a: Lunala|Moonblast|p1a: Lunala\n|-activate|p1a: Lunala|move: Protect\n|\n|-heal|p2b: Ursaluna|100/100 brn|[from] Grassy Terrain\n|-heal|p1b: Rillaboom|10/100|[from] Grassy Terrain\n|-damage|p2b: Ursaluna|95/100 brn|[from] brn\n|upkeep\n|turn|5\n|\n|t:|1775885852\n|switch|p2a: Miraidon|Miraidon, L50|100/100\n|-fieldstart|move: Electric Terrain|[from] ability: Hadron Engine|[of] p2a: Miraidon\n|move|p1b: Rillaboom|Fake Out|p2b: Ursaluna\n|-damage|p2b: Ursaluna|85/100 brn\n|cant|p2b: Ursaluna|flinch\n|move|p1a: Lunala|Moongeist Beam|p2a: Miraidon\n|-damage|p2a: Miraidon|19/100\n|\n|-damage|p2b: Ursaluna|79/100 brn|[from] brn\n|upkeep\n|turn|6\n|\n|t:|1775885866\n|move|p1a: Lunala|Protect|p1a: Lunala\n|-singleturn|p1a: Lunala|Protect\n|move|p2b: Ursaluna|Facade|p1b: Rillaboom\n|-damage|p1b: Rillaboom|0 fnt\n|faint|p1b: Rillaboom\n|move|p2a: Miraidon|Volt Switch|p1a: Lunala\n|-activate|p1a: Lunala|move: Protect\n|\n|-damage|p2b: Ursaluna|74/100 brn|[from] brn\n|-fieldend|move: Trick Room\n|upkeep\n|\n|t:|1775885876\n|switch|p1b: Incineroar|Incineroar, L50, M|100/100\n|-ability|p1b: Incineroar|Intimidate|boost\n|-unboost|p2a: Miraidon|atk|1\n|-unboost|p2b: Ursaluna|atk|1\n|turn|7\n|\n|t:|1775885880\n|move|p2b: Ursaluna|Protect|p2b: Ursaluna\n|-singleturn|p2b: Ursaluna|Protect\n|move|p2a: Miraidon|Volt Switch|p1a: Lunala\n|-damage|p1a: Lunala|83/100\n|\n|t:|1775885888\n|switch|p2a: Lunala|Lunala, L50, tera:Fairy|100/100|[from] Volt Switch\n|-enditem|p2a: Lunala|Electric Seed\n|-boost|p2a: Lunala|def|1|[from] item: Electric Seed\n|move|p1a: Lunala|Moonblast|p2b: Ursaluna\n|-activate|p2b: Ursaluna|move: Protect\n|move|p1b: Incineroar|Parting Shot|p2a: Lunala\n|-unboost|p2a: Lunala|atk|1\n|-unboost|p2a: Lunala|spa|1\n|\n|t:|1775885897\n|switch|p1b: Zamazenta|Zamazenta-Crowned, L50|100/100|[from] Parting Shot\n|-ability|p1b: Zamazenta|Dauntless Shield|boost\n|-boost|p1b: Zamazenta|def|1\n|\n|-heal|p1a: Lunala|89/100|[from] item: Leftovers\n|-damage|p2b: Ursaluna|68/100 brn|[from] brn\n|upkeep\n|turn|8\n|j| womp monk\n|\n|t:|1775885904\n|switch|p2b: Incineroar|Incineroar, L50, F|36/100\n|-ability|p2b: Incineroar|Intimidate|boost\n|-unboost|p1a: Lunala|atk|1\n|-unboost|p1b: Zamazenta|atk|1\n|move|p1b: Zamazenta|Heavy Slam|p2a: Lunala\n|-supereffective|p2a: Lunala\n|-damage|p2a: Lunala|84/100\n|move|p1a: Lunala|Moonblast|p2a: Lunala\n|-damage|p2a: Lunala|17/100\n|-unboost|p2a: Lunala|spa|1\n|move|p2a: Lunala|Trick Room|p2a: Lunala\n|-fieldstart|move: Trick Room|[of] p2a: Lunala\n|\n|-heal|p1a: Lunala|96/100|[from] item: Leftovers\n|upkeep\n|turn|9\n|inactive|navinsachump has 30 seconds left.\n|\n|t:|1775885929\n|switch|p2b: Ursaluna|Ursaluna, L50, M|68/100 brn\n|move|p1a: Lunala|Protect|p1a: Lunala\n|-singleturn|p1a: Lunala|Protect\n|move|p2a: Lunala|Moonblast|p1a: Lunala\n|-activate|p1a: Lunala|move: Protect\n|move|p1b: Zamazenta|Body Press|p2b: Ursaluna\n|-supereffective|p2b: Ursaluna\n|-damage|p2b: Ursaluna|0 fnt\n|faint|p2b: Ursaluna\n|\n|-heal|p1a: Lunala|100/100|[from] item: Leftovers\n|-fieldend|move: Electric Terrain\n|upkeep\n|-message|navinsachump forfeited.\n|\n|win|Ice124567890\n|raw|Ice124567890's rating: 1510 &rarr; <strong>1533</strong><br />(+23 for winning)\n|raw|navinsachump's rating: 1555 &rarr; <strong>1532</strong><br />(-23 for losing)\n|l|\u2606navinsachump\n|player|p2|\n|l|\u2606Ice124567890\n|player|p1|\n","uploadtime":1775886185,"views":20,"formatid":"gen9vgc2026regi","rating":1532,"private":0,"password":null}