{"id":"gen9vgc2026regi-2562869930","format":"[Gen 9] VGC 2026 Reg I","players":["Sheeshshane925","etaniol1024"],"log":"|j|\u2606Sheeshshane925\n|j|\u2606etaniol1024\n|t:|1773957529\n|gametype|doubles\n|player|p1|Sheeshshane925|hiker-gen4|1428\n|player|p2|etaniol1024|101|1543\n|gen|9\n|tier|[Gen 9] VGC 2026 Reg I\n|rated|\n|rule|Species Clause: Limit one of each Pok\u00e9mon\n|rule|Item Clause: Limit 1 of each item\n|clearpoke\n|poke|p1|Calyrex-Ice, L50|\n|poke|p1|Miraidon, L50|\n|poke|p1|Farigiraf, L50, F|\n|poke|p1|Iron Hands, L50|\n|poke|p1|Scraggy, L50, M|\n|poke|p1|Iron Bundle, L50|\n|poke|p2|Terapagos, L50, M|\n|poke|p2|Lunala, L50|\n|poke|p2|Smeargle, L50, M|\n|poke|p2|Amoonguss, L50, F|\n|poke|p2|Ditto, L50|\n|poke|p2|Charjabug, L50, F|\n|teampreview|4\n|inactive|Battle timer is ON: inactive players will automatically lose when time's up. (requested by etaniol1024)\n|inactive|Sheeshshane925 has 60 seconds left.\n|\n|t:|1773957591\n|teamsize|p1|4\n|teamsize|p2|4\n|start\n|switch|p1a: Farigiraf|Farigiraf, L50, F, shiny|100/100\n|switch|p1b: Iron Hands|Iron Hands, L50, shiny|100/100\n|switch|p2a: Lunala|Lunala, L50|100/100\n|switch|p2b: Charjabug|Charjabug, L50, F|100/100\n|turn|1\n|\n|t:|1773957604\n|move|p2a: Lunala|Meteor Beam||[still]\n|-prepare|p2a: Lunala|Meteor Beam\n|-boost|p2a: Lunala|spa|1\n|-enditem|p2a: Lunala|Power Herb\n|-anim|p2a: Lunala|Meteor Beam|p1a: Farigiraf\n|-damage|p1a: Farigiraf|26/100\n|move|p1b: Iron Hands|Wild Charge|p2a: Lunala\n|-damage|p2a: Lunala|77/100\n|-damage|p1b: Iron Hands|95/100|[from] Recoil\n|move|p2b: Charjabug|Lunge|p1b: Iron Hands\n|-resisted|p1b: Iron Hands\n|-damage|p1b: Iron Hands|86/100\n|-unboost|p1b: Iron Hands|atk|1\n|move|p1a: Farigiraf|Trick Room|p1a: Farigiraf\n|-fieldstart|move: Trick Room|[of] p1a: Farigiraf\n|\n|upkeep\n|turn|2\n|inactive|Sheeshshane925 has 30 seconds left.\n|\n|t:|1773957634\n|move|p2b: Charjabug|Lunge|p1a: Farigiraf\n|-supereffective|p1a: Farigiraf\n|-damage|p1a: Farigiraf|0 fnt\n|faint|p1a: Farigiraf\n|move|p1b: Iron Hands|Wild Charge|p2a: Lunala\n|-damage|p2a: Lunala|46/100\n|-damage|p1b: Iron Hands|79/100|[from] Recoil\n|move|p2a: Lunala|Moongeist Beam|p1b: Iron Hands\n|-damage|p1b: Iron Hands|29/100\n|\n|upkeep\n|\n|t:|1773957643\n|switch|p1a: Scraggy|Scraggy, L50, M|100/100\n|-ability|p1a: Scraggy|Intimidate|boost\n|-unboost|p2a: Lunala|atk|1\n|-unboost|p2b: Charjabug|atk|1\n|turn|3\n|inactive|etaniol1024 has 30 seconds left.\n|inactive|etaniol1024 has 20 seconds left.\n|inactive|etaniol1024 has 15 seconds left.\n|\n|t:|1773957685\n|-end|p1b: Iron Hands|Quark Drive|[silent]\n|switch|p1b: Calyrex|Calyrex-Ice, L50|100/100\n|-ability|p1b: Calyrex|As One\n|-ability|p1b: Calyrex|Unnerve\n|move|p2b: Charjabug|Lunge|p1a: Scraggy\n|-damage|p1a: Scraggy|85/100\n|-unboost|p1a: Scraggy|atk|1\n|move|p1a: Scraggy|Foul Play|p2a: Lunala\n|-supereffective|p2a: Lunala\n|-damage|p2a: Lunala|0 fnt\n|faint|p2a: Lunala\n|\n|upkeep\n|inactive|etaniol1024 has 30 seconds left.\n|inactive|etaniol1024 has 20 seconds left.\n|inactive|etaniol1024 has 15 seconds left.\n|\n|t:|1773957730\n|switch|p2a: Terapagos|Terapagos, L50, M|100/100\n|-activate|p2a: Terapagos|ability: Tera Shift\n|detailschange|p2a: Terapagos|Terapagos-Terastal, L50, M\n|-heal|p2a: Terapagos|100/100|[silent]\n|turn|4\n|inactive|Sheeshshane925 has 30 seconds left.\n|inactive|etaniol1024 has 30 seconds left.\n|\n|t:|1773957765\n|-terastallize|p2a: Terapagos|Stellar\n|detailschange|p2a: Terapagos|Terapagos-Stellar, L50, M, tera:Stellar\n|-heal|p2a: Terapagos|100/100|[silent]\n|move|p2b: Charjabug|Lunge|p1b: Calyrex\n|-supereffective|p1b: Calyrex\n|-damage|p1b: Calyrex|80/100\n|move|p1a: Scraggy|Coaching|p1b: Calyrex\n|-boost|p1b: Calyrex|atk|1\n|-boost|p1b: Calyrex|def|1\n|move|p1b: Calyrex|Glacial Lance|p2a: Terapagos|[spread] p2a,p2b\n|-damage|p2a: Terapagos|40/100\n|-damage|p2b: Charjabug|41/100\n|move|p2a: Terapagos|Tera Starstorm|p1a: Scraggy|[spread] p1a,p1b\n|-damage|p1a: Scraggy|15/100\n|-damage|p1b: Calyrex|28/100\n|\n|upkeep\n|turn|5\n|inactive|Sheeshshane925 has 30 seconds left.\n|inactive|etaniol1024 has 30 seconds left.\n|\n|t:|1773957798\n|switch|p2a: Smeargle|Smeargle, L50, M|100/100\n|move|p2b: Charjabug|Lunge|p1a: Scraggy\n|-damage|p1a: Scraggy|0 fnt\n|faint|p1a: Scraggy\n|move|p1b: Calyrex|Glacial Lance|p2a: Smeargle|[spread] p2a,p2b\n|-enditem|p2a: Smeargle|Focus Sash\n|-damage|p2a: Smeargle|1/100\n|-damage|p2b: Charjabug|0 fnt\n|faint|p2b: Charjabug\n|-ability|p1b: Calyrex|Chilling Neigh|boost\n|-boost|p1b: Calyrex|atk|1\n|\n|-fieldend|move: Trick Room\n|-ability|p2a: Smeargle|Moody|boost\n|-boost|p2a: Smeargle|spe|2\n|-unboost|p2a: Smeargle|def|1\n|upkeep\n|\n|t:|1773957807\n|switch|p1a: Iron Hands|Iron Hands, L50, shiny|29/100\n|switch|p2b: Terapagos|Terapagos-Stellar, L50, M, tera:Stellar|40/100\n|turn|6\n|\n|t:|1773957819\n|move|p1b: Calyrex|Protect|p1b: Calyrex\n|-singleturn|p1b: Calyrex|Protect\n|move|p2a: Smeargle|Fake Out|p1b: Calyrex\n|-activate|p1b: Calyrex|move: Protect\n|move|p2b: Terapagos|Tera Starstorm|p1a: Iron Hands|[spread] p1a\n|-activate|p1b: Calyrex|move: Protect\n|-damage|p1a: Iron Hands|0 fnt\n|faint|p1a: Iron Hands\n|-end|p1a: Iron Hands|Quark Drive|[silent]\n|\n|-ability|p2a: Smeargle|Moody|boost\n|-boost|p2a: Smeargle|def|2\n|-unboost|p2a: Smeargle|atk|1\n|upkeep\n|turn|7\n|-message|Sheeshshane925 forfeited.\n|\n|win|etaniol1024\n|raw|Sheeshshane925's rating: 1428 &rarr; <strong>1414</strong><br />(-14 for losing)\n|raw|etaniol1024's rating: 1543 &rarr; <strong>1557</strong><br />(+14 for winning)\n|l|\u2606Sheeshshane925\n|player|p1|\n|l|\u2606etaniol1024\n|player|p2|\n","uploadtime":1773957979,"views":25,"formatid":"gen9vgc2026regi","rating":1414,"private":0,"password":null}