{"id":"gen9vgc2026regi-2567276922","format":"[Gen 9] VGC 2026 Reg I","players":["BreakTheShadowWall","pigs2fly"],"log":"|j|\u2606BreakTheShadowWall\n|j|\u2606pigs2fly\n|t:|1774462558\n|gametype|doubles\n|player|p1|BreakTheShadowWall|elesa|1451\n|player|p2|pigs2fly|dexio|1573\n|gen|9\n|tier|[Gen 9] VGC 2026 Reg I\n|rated|\n|rule|Species Clause: Limit one of each Pok\u00e9mon\n|rule|Item Clause: Limit 1 of each item\n|clearpoke\n|poke|p1|Miraidon, L50|\n|poke|p1|Iron Bundle, L50|\n|poke|p1|Lunala, L50|\n|poke|p1|Incineroar, L50, F|\n|poke|p1|Urshifu-*, L50, F|\n|poke|p1|Ursaluna, L50, F|\n|poke|p2|Annihilape, L50, M|\n|poke|p2|Tornadus, L50, M|\n|poke|p2|Dondozo, L50, M|\n|poke|p2|Tatsugiri, L50, M|\n|poke|p2|Zacian-*, L50|\n|poke|p2|Kyogre, L50|\n|teampreview|4\n|\n|t:|1774462597\n|teamsize|p1|4\n|teamsize|p2|4\n|start\n|switch|p1a: Miraidon|Miraidon, L50|100/100\n|switch|p1b: Iron Bundle|Iron Bundle, L50|100/100\n|switch|p2a: Dondozo|Dondozo, L50, M|100/100\n|switch|p2b: Annihilape|Annihilape, L50, M|100/100\n|-fieldstart|move: Electric Terrain|[from] ability: Hadron Engine|[of] p1a: Miraidon\n|-activate|p1b: Iron Bundle|ability: Quark Drive\n|-start|p1b: Iron Bundle|quarkdrivespe\n|turn|1\n|inactive|Battle timer is ON: inactive players will automatically lose when time's up. (requested by BreakTheShadowWall)\n|l|\u2606BreakTheShadowWall\n|inactive|BreakTheShadowWall disconnected and has a minute to reconnect!\n|player|p1|\n|j|\u2606BreakTheShadowWall\n|inactive|BreakTheShadowWall reconnected and has 70 seconds left.\n|player|p1|BreakTheShadowWall|elesa|\n|\n|t:|1774462636\n|switch|p2b: Tatsugiri|Tatsugiri, L50, M|100/100\n|-activate|p2b: Tatsugiri|ability: Commander|[of] p2a: Dondozo\n|-boost|p2a: Dondozo|atk|2\n|-boost|p2a: Dondozo|spa|2\n|-boost|p2a: Dondozo|spe|2\n|-boost|p2a: Dondozo|def|2\n|-boost|p2a: Dondozo|spd|2\n|-terastallize|p2a: Dondozo|Grass\n|move|p1b: Iron Bundle|Icy Wind|p2b: Tatsugiri|[spread] p2a\n|-miss|p1b: Iron Bundle|p2b: Tatsugiri\n|-supereffective|p2a: Dondozo\n|-damage|p2a: Dondozo|83/100\n|-unboost|p2a: Dondozo|spe|1\n|move|p1a: Miraidon|Volt Switch|p2b: Tatsugiri|[miss]\n|-miss|p1a: Miraidon|p2b: Tatsugiri\n|move|p2a: Dondozo|Earthquake|p1b: Iron Bundle|[spread] p1a,p1b\n|-miss|p2a: Dondozo|p2b: Tatsugiri\n|-supereffective|p1a: Miraidon\n|-damage|p1a: Miraidon|23/100\n|-damage|p1b: Iron Bundle|48/100\n|\n|-heal|p2a: Dondozo|89/100|[from] item: Leftovers\n|upkeep\n|turn|2\n|j| Pepinopequeno\n|inactive|BreakTheShadowWall has 30 seconds left.\n|inactive|BreakTheShadowWall has 20 seconds left.\n|\n|t:|1774462673\n|move|p1b: Iron Bundle|Encore|p2a: Dondozo\n|-start|p2a: Dondozo|Encore\n|move|p1a: Miraidon|Volt Switch|p2a: Dondozo\n|-resisted|p2a: Dondozo\n|-damage|p2a: Dondozo|70/100\n|\n|t:|1774462685\n|switch|p1a: Lunala|Lunala, L50, shiny|100/100|[from] Volt Switch\n|-enditem|p1a: Lunala|Electric Seed\n|-boost|p1a: Lunala|def|1|[from] item: Electric Seed\n|move|p2a: Dondozo|Earthquake|p1a: Lunala|[spread] p1a,p1b\n|-miss|p2a: Dondozo|p2b: Tatsugiri\n|-damage|p1a: Lunala|83/100\n|-damage|p1b: Iron Bundle|0 fnt\n|faint|p1b: Iron Bundle\n|-end|p1b: Iron Bundle|Quark Drive|[silent]\n|\n|-heal|p2a: Dondozo|77/100|[from] item: Leftovers\n|upkeep\n|inactive|BreakTheShadowWall has 30 seconds left.\n|inactive|BreakTheShadowWall has 20 seconds left.\n|inactive|BreakTheShadowWall has 15 seconds left.\n|inactive|BreakTheShadowWall has 10 seconds left.\n|inactive|BreakTheShadowWall has 5 seconds left.\n|\n|t:|1774462740\n|switch|p1b: Urshifu|Urshifu-Rapid-Strike, L50, F|100/100\n|turn|3\n|j| jt zimmerman\n|\n|t:|1774462764\n|move|p1a: Lunala|Wide Guard|p1a: Lunala\n|-singleturn|p1a: Lunala|Wide Guard\n|move|p1b: Urshifu|U-turn|p2a: Dondozo\n|-supereffective|p2a: Dondozo\n|-damage|p2a: Dondozo|51/100\n|\n|t:|1774462774\n|switch|p1b: Miraidon|Miraidon, L50|23/100|[from] U-turn\n|-activate|p1b: Miraidon|ability: Hadron Engine\n|move|p2a: Dondozo|Earthquake|p1b: Miraidon|[spread] \n|-miss|p2a: Dondozo|p2b: Tatsugiri\n|-activate|p1a: Lunala|move: Wide Guard\n|-activate|p1b: Miraidon|move: Wide Guard\n|\n|-heal|p2a: Dondozo|57/100|[from] item: Leftovers\n|upkeep\n|turn|4\n|inactive|BreakTheShadowWall has 30 seconds left.\n|\n|t:|1774462806\n|move|p1a: Lunala|Wide Guard|p1a: Lunala\n|-singleturn|p1a: Lunala|Wide Guard\n|move|p1b: Miraidon|Volt Switch|p2a: Dondozo\n|-resisted|p2a: Dondozo\n|-damage|p2a: Dondozo|39/100\n|\n|t:|1774462819\n|switch|p1b: Urshifu|Urshifu-Rapid-Strike, L50, F|100/100|[from] Volt Switch\n|move|p2a: Dondozo|Earthquake|p1b: Urshifu|[spread] \n|-miss|p2a: Dondozo|p2b: Tatsugiri\n|-activate|p1a: Lunala|move: Wide Guard\n|-activate|p1b: Urshifu|move: Wide Guard\n|\n|-heal|p2a: Dondozo|45/100|[from] item: Leftovers\n|-end|p2a: Dondozo|Encore\n|upkeep\n|turn|5\n|\n|t:|1774462837\n|move|p1b: Urshifu|Close Combat|p2a: Dondozo\n|-damage|p2a: Dondozo|9/100\n|-unboost|p1b: Urshifu|def|1\n|-unboost|p1b: Urshifu|spd|1\n|move|p1a: Lunala|Moongeist Beam|p2a: Dondozo\n|-damage|p2a: Dondozo|0 fnt\n|faint|p2a: Dondozo\n|\n|-fieldend|move: Electric Terrain\n|upkeep\n|\n|t:|1774462845\n|switch|p2a: Zacian|Zacian-Crowned, L50, shiny|100/100\n|-ability|p2a: Zacian|Intrepid Sword|boost\n|-boost|p2a: Zacian|atk|1\n|turn|6\n|\n|t:|1774462869\n|move|p2a: Zacian|Crunch|p1a: Lunala\n|-supereffective|p1a: Lunala\n|-damage|p1a: Lunala|0 fnt\n|faint|p1a: Lunala\n|move|p2b: Tatsugiri|Dragon Pulse|p1b: Urshifu\n|-damage|p1b: Urshifu|19/100\n|move|p1b: Urshifu|Close Combat|p2a: Zacian\n|-damage|p2a: Zacian|17/100\n|-unboost|p1b: Urshifu|def|1\n|-unboost|p1b: Urshifu|spd|1\n|\n|upkeep\n|\n|t:|1774462883\n|switch|p1a: Miraidon|Miraidon, L50|23/100\n|-fieldstart|move: Electric Terrain|[from] ability: Hadron Engine|[of] p1a: Miraidon\n|turn|7\n|l| jt zimmerman\n|\n|t:|1774462897\n|-terastallize|p1a: Miraidon|Fairy\n|move|p1a: Miraidon|Dazzling Gleam|p2a: Zacian|[spread] p2a,p2b\n|-resisted|p2a: Zacian\n|-supereffective|p2b: Tatsugiri\n|-damage|p2a: Zacian|0 fnt\n|-enditem|p2b: Tatsugiri|Focus Sash\n|-damage|p2b: Tatsugiri|1/100\n|faint|p2a: Zacian\n|move|p2b: Tatsugiri|Dragon Pulse|p1b: Urshifu\n|-damage|p1b: Urshifu|0 fnt\n|faint|p1b: Urshifu\n|\n|upkeep\n|\n|t:|1774462901\n|switch|p2a: Annihilape|Annihilape, L50, M|100/100\n|turn|8\n|\n|t:|1774462910\n|move|p2b: Tatsugiri|Protect|p2b: Tatsugiri\n|-singleturn|p2b: Tatsugiri|Protect\n|move|p2a: Annihilape|Final Gambit|p1a: Miraidon\n|-damage|p1a: Miraidon|0 fnt\n|faint|p2a: Annihilape\n|faint|p1a: Miraidon\n|\n|win|pigs2fly\n|raw|BreakTheShadowWall's rating: 1451 &rarr; <strong>1438</strong><br />(-13 for losing)\n|raw|pigs2fly's rating: 1573 &rarr; <strong>1586</strong><br />(+13 for winning)\n|l|\u2606BreakTheShadowWall\n|player|p1|\n|l|\u2606pigs2fly\n|player|p2|\n|l| Pepinopequeno\n","uploadtime":1774463087,"views":12,"formatid":"gen9vgc2026regi","rating":1438,"private":0,"password":null}