{"id":"gen9vgc2026regi-2551058129","format":"[Gen 9] VGC 2026 Reg I","players":["VioletVeiledQueen","Zorse Mentality"],"log":"|j|\u2606VioletVeiledQueen\n|j|\u2606Zorse Mentality\n|t:|1772561257\n|gametype|doubles\n|player|p1|VioletVeiledQueen|fantina|1152\n|player|p2|Zorse Mentality|266|1249\n|gen|9\n|tier|[Gen 9] VGC 2026 Reg I\n|rated|\n|rule|Species Clause: Limit one of each Pok\u00e9mon\n|rule|Item Clause: Limit 1 of each item\n|clearpoke\n|poke|p1|Calyrex-Ice, L50|\n|poke|p1|Lunala, L50|\n|poke|p1|Annihilape, L50, F|\n|poke|p1|Whimsicott, L50, M|\n|poke|p1|Indeedee-F, L50, F|\n|poke|p1|Pelipper, L50, F|\n|poke|p2|Miraidon, L50|\n|poke|p2|Lunala, L50|\n|poke|p2|Dondozo, L50, F|\n|poke|p2|Tatsugiri, L50, F|\n|poke|p2|Raichu-Alola, L50, M|\n|poke|p2|Ursaluna, L50, M|\n|teampreview|4\n|inactive|Battle timer is ON: inactive players will automatically lose when time's up. (requested by VioletVeiledQueen)\n|inactive|VioletVeiledQueen has 60 seconds left.\n|inactive|Zorse Mentality has 60 seconds left.\n|\n|t:|1772561313\n|teamsize|p1|4\n|teamsize|p2|4\n|start\n|switch|p1a: Annihilape|Annihilape, L50, F|100/100\n|switch|p1b: Whimsicott|Whimsicott, L50, M, shiny|100/100\n|switch|p2a: Lunala|Lunala, L50|100/100\n|switch|p2b: Miraidon|Miraidon, L50|100/100\n|-fieldstart|move: Electric Terrain|[from] ability: Hadron Engine|[of] p2b: Miraidon\n|-enditem|p2a: Lunala|Electric Seed\n|-boost|p2a: Lunala|def|1|[from] item: Electric Seed\n|turn|1\n|inactive|VioletVeiledQueen has 30 seconds left.\n|inactive|Zorse Mentality has 30 seconds left.\n|inactive|VioletVeiledQueen has 20 seconds left.\n|inactive|Zorse Mentality has 20 seconds left.\n|inactive|VioletVeiledQueen has 15 seconds left.\n|inactive|VioletVeiledQueen has 10 seconds left.\n|inactive|VioletVeiledQueen has 5 seconds left.\n|\n|t:|1772561363\n|switch|p2b: Raichu|Raichu-Alola, L50, M|100/100\n|move|p1b: Whimsicott|Beat Up|p2a: Lunala\n|-supereffective|p2a: Lunala\n|-damage|p2a: Lunala|98/100\n|-supereffective|p2a: Lunala\n|-damage|p2a: Lunala|95/100\n|-supereffective|p2a: Lunala\n|-damage|p2a: Lunala|90/100\n|-supereffective|p2a: Lunala\n|-damage|p2a: Lunala|83/100\n|-hitcount|p2a: Lunala|4\n|move|p1a: Annihilape|Rage Fist|p2a: Lunala\n|-supereffective|p2a: Lunala\n|-crit|p2a: Lunala\n|-damage|p2a: Lunala|0 fnt\n|faint|p2a: Lunala\n|\n|upkeep\n|\n|t:|1772561380\n|switch|p2a: Miraidon|Miraidon, L50|100/100\n|-activate|p2a: Miraidon|ability: Hadron Engine\n|turn|2\n|inactive|Zorse Mentality has 30 seconds left.\n|inactive|Zorse Mentality has 20 seconds left.\n|inactive|Zorse Mentality has 15 seconds left.\n|inactive|Zorse Mentality has 10 seconds left.\n|\n|t:|1772561429\n|move|p2b: Raichu|Nuzzle|p1b: Whimsicott\n|-resisted|p1b: Whimsicott\n|-damage|p1b: Whimsicott|95/100\n|-status|p1b: Whimsicott|par\n|move|p2a: Miraidon|Electro Drift|p1b: Whimsicott\n|-resisted|p1b: Whimsicott\n|-damage|p1b: Whimsicott|8/100 par\n|move|p1a: Annihilape|Rage Fist|p2a: Miraidon\n|-damage|p2a: Miraidon|83/100\n|move|p1b: Whimsicott|Beat Up|p1a: Annihilape\n|-damage|p1a: Annihilape|98/100\n|-damage|p1a: Annihilape|96/100\n|-damage|p1a: Annihilape|93/100\n|-damage|p1a: Annihilape|90/100\n|-hitcount|p1a: Annihilape|4\n|\n|upkeep\n|turn|3\n|inactive|VioletVeiledQueen has 30 seconds left.\n|inactive|Zorse Mentality has 30 seconds left.\n|\n|t:|1772561464\n|-terastallize|p2a: Miraidon|Electric\n|move|p1b: Whimsicott|Tailwind|p1b: Whimsicott\n|-sidestart|p1: VioletVeiledQueen|move: Tailwind\n|move|p2b: Raichu|Fling|p1a: Annihilape\n|-damage|p1a: Annihilape|84/100\n|-enditem|p2b: Raichu|King's Rock|[from] move: Fling\n|cant|p1a: Annihilape|flinch\n|move|p2a: Miraidon|Electro Drift|p1a: Annihilape\n|-damage|p1a: Annihilape|0 fnt\n|faint|p1a: Annihilape\n|\n|upkeep\n|\n|t:|1772561476\n|switch|p1a: Carmilla|Lunala, L50, shiny|100/100\n|turn|4\n|inactive|VioletVeiledQueen has 30 seconds left.\n|\n|t:|1772561503\n|move|p2b: Raichu|Nuzzle|p1a: Carmilla\n|-damage|p1a: Carmilla|98/100\n|-status|p1a: Carmilla|par\n|move|p2a: Miraidon|Electro Drift|p1a: Carmilla\n|-damage|p1a: Carmilla|12/100 par\n|move|p1b: Whimsicott|Moonblast|p2a: Miraidon\n|-damage|p2a: Miraidon|56/100\n|cant|p1a: Carmilla|par\n|\n|upkeep\n|turn|5\n|inactive|Zorse Mentality has 30 seconds left.\n|\n|t:|1772561530\n|move|p2b: Raichu|Volt Switch|p1b: Whimsicott\n|-resisted|p1b: Whimsicott\n|-damage|p1b: Whimsicott|0 fnt\n|faint|p1b: Whimsicott\n|\n|t:|1772561534\n|switch|p2b: Ursaluna|Ursaluna, L50, M|100/100|[from] Volt Switch\n|move|p2a: Miraidon|Electro Drift|p1a: Carmilla\n|-damage|p1a: Carmilla|0 fnt\n|faint|p1a: Carmilla\n|\n|-fieldend|move: Electric Terrain\n|-status|p2b: Ursaluna|brn|[from] item: Flame Orb\n|upkeep\n|\n|t:|1772561541\n|switch|p1a: Vlad II|Calyrex-Ice, L50|100/100\n|-ability|p1a: Vlad II|As One\n|-ability|p1a: Vlad II|Unnerve\n|turn|6\n|\n|t:|1772561560\n|move|p2b: Ursaluna|Protect|p2b: Ursaluna\n|-singleturn|p2b: Ursaluna|Protect\n|move|p2a: Miraidon|Electro Drift|p1a: Vlad II\n|-damage|p1a: Vlad II|36/100\n|move|p1a: Vlad II|Glacial Lance|p2a: Miraidon|[spread] p2a\n|-activate|p2b: Ursaluna|move: Protect\n|-damage|p2a: Miraidon|0 fnt\n|faint|p2a: Miraidon\n|-ability|p1a: Vlad II|Chilling Neigh|boost\n|-boost|p1a: Vlad II|atk|1\n|-damage|p1a: Vlad II|26/100|[from] item: Life Orb\n|\n|-damage|p2b: Ursaluna|95/100 brn|[from] brn\n|-sideend|p1: VioletVeiledQueen|move: Tailwind\n|upkeep\n|-message|VioletVeiledQueen forfeited.\n|\n|win|Zorse Mentality\n|raw|VioletVeiledQueen's rating: 1152 &rarr; <strong>1134</strong><br />(-18 for losing)\n|raw|Zorse Mentality's rating: 1249 &rarr; <strong>1267</strong><br />(+18 for winning)\n|l|\u2606VioletVeiledQueen\n|player|p1|\n|l|\u2606Zorse Mentality\n|player|p2|\n","uploadtime":1772561569,"views":17,"formatid":"gen9vgc2026regi","rating":1134,"private":0,"password":null}