{"id":"gen9vgc2026regi-2549387968","format":"[Gen 9] VGC 2026 Reg I","players":["dasabe\u76d6\u6b27\u5361\u4fa0","RyushinYuki"],"log":"|j|\u2606dasabe\u76d6\u6b27\u5361\u4fa0\n|j|\u2606RyushinYuki\n|t:|1772357650\n|gametype|doubles\n|player|p1|dasabe\u76d6\u6b27\u5361\u4fa0|may-masters4|1519\n|player|p2|RyushinYuki|roxie|1453\n|gen|9\n|tier|[Gen 9] VGC 2026 Reg I\n|rated|\n|rule|Species Clause: Limit one of each Pok\u00e9mon\n|rule|Item Clause: Limit 1 of each item\n|clearpoke\n|poke|p1|Kyogre, L50|\n|poke|p1|Miraidon, L50|\n|poke|p1|Whimsicott, L50, F|\n|poke|p1|Iron Hands, L50|\n|poke|p1|Farigiraf, L50, F|\n|poke|p1|Urshifu-*, L50, M|\n|poke|p2|Calyrex-Ice, L50|\n|poke|p2|Indeedee-F, L50, F|\n|poke|p2|Lunala, L50|\n|poke|p2|Smeargle, L50, M|\n|poke|p2|Murkrow, L50, M|\n|poke|p2|Torkoal, L50, M|\n|teampreview|4\n|j| westtail_VGC\n|\n|t:|1772357737\n|teamsize|p1|4\n|teamsize|p2|4\n|start\n|switch|p1a: \u6210\u90fd\u8001\u76d6|Kyogre, L50, shiny|100/100\n|switch|p1b: \u5c0f\u5934\u63a7\u5927\u5934|Farigiraf, L50, F, shiny|100/100\n|switch|p2a: Lunala|Lunala, L50|100/100\n|switch|p2b: Indeedee|Indeedee-F, L50, F|100/100\n|-weather|RainDance|[from] ability: Drizzle|[of] p1a: \u6210\u90fd\u8001\u76d6\n|-fieldstart|move: Psychic Terrain|[from] ability: Psychic Surge|[of] p2b: Indeedee\n|turn|1\n|\n|t:|1772357756\n|-terastallize|p1a: \u6210\u90fd\u8001\u76d6|Water\n|move|p1a: \u6210\u90fd\u8001\u76d6|Hydro Pump|p2a: Lunala\n|-damage|p2a: Lunala|27/100\n|move|p2a: Lunala|Meteor Beam||[still]\n|-prepare|p2a: Lunala|Meteor Beam\n|-boost|p2a: Lunala|spa|1\n|-enditem|p2a: Lunala|Power Herb\n|-anim|p2a: Lunala|Meteor Beam|p1a: \u6210\u90fd\u8001\u76d6\n|-damage|p1a: \u6210\u90fd\u8001\u76d6|47/100\n|move|p1b: \u5c0f\u5934\u63a7\u5927\u5934|Imprison|p1b: \u5c0f\u5934\u63a7\u5927\u5934\n|-start|p1b: \u5c0f\u5934\u63a7\u5927\u5934|move: Imprison\n|move|p2b: Indeedee|Dazzling Gleam|p1b: \u5c0f\u5934\u63a7\u5927\u5934|[spread] p1a,p1b\n|-crit|p1b: \u5c0f\u5934\u63a7\u5927\u5934\n|-damage|p1a: \u6210\u90fd\u8001\u76d6|35/100\n|-damage|p1b: \u5c0f\u5934\u63a7\u5927\u5934|84/100\n|\n|-weather|RainDance|[upkeep]\n|upkeep\n|turn|2\n|\n|t:|1772357812\n|switch|p1a: \u94f6\u91d1\u5996\u86c7|Miraidon, L50, shiny|100/100\n|-fieldstart|move: Electric Terrain|[from] ability: Hadron Engine|[of] p1a: \u94f6\u91d1\u5996\u86c7\n|-enditem|p1b: \u5c0f\u5934\u63a7\u5927\u5934|Electric Seed\n|-boost|p1b: \u5c0f\u5934\u63a7\u5927\u5934|def|1|[from] item: Electric Seed\n|move|p2a: Lunala|Wide Guard|p2a: Lunala\n|-singleturn|p2a: Lunala|Wide Guard\n|move|p1b: \u5c0f\u5934\u63a7\u5927\u5934|Psychic|p2a: Lunala\n|-resisted|p2a: Lunala\n|-damage|p2a: Lunala|15/100\n|move|p2b: Indeedee|Heal Pulse|p2a: Lunala\n|-heal|p2a: Lunala|66/100\n|\n|-weather|RainDance|[upkeep]\n|upkeep\n|turn|3\n|j| chengyihao\u560e\u5566\u560e\u5566\n|\n|t:|1772357861\n|switch|p2b: Calyrex|Calyrex-Ice, L50|100/100\n|-ability|p2b: Calyrex|As One\n|-ability|p2b: Calyrex|Unnerve\n|move|p1a: \u94f6\u91d1\u5996\u86c7|Electro Drift|p2a: Lunala\n|-damage|p2a: Lunala|0 fnt\n|faint|p2a: Lunala\n|-damage|p1a: \u94f6\u91d1\u5996\u86c7|91/100|[from] item: Life Orb\n|move|p1b: \u5c0f\u5934\u63a7\u5927\u5934|Psychic|p2b: Calyrex\n|-resisted|p2b: Calyrex\n|-damage|p2b: Calyrex|87/100\n|\n|-weather|RainDance|[upkeep]\n|upkeep\n|l| chengyihao\u560e\u5566\u560e\u5566\n|\n|t:|1772357873\n|switch|p2a: Indeedee|Indeedee-F, L50, F|100/100\n|-fieldstart|move: Psychic Terrain|[from] ability: Psychic Surge|[of] p2a: Indeedee\n|turn|4\n|\n|t:|1772357890\n|move|p1b: \u5c0f\u5934\u63a7\u5927\u5934|Helping Hand|p1a: \u94f6\u91d1\u5996\u86c7\n|-singleturn|p1a: \u94f6\u91d1\u5996\u86c7|Helping Hand|[of] p1b: \u5c0f\u5934\u63a7\u5927\u5934\n|move|p1a: \u94f6\u91d1\u5996\u86c7|Draco Meteor|p2a: Indeedee\n|-damage|p2a: Indeedee|0 fnt\n|-unboost|p1a: \u94f6\u91d1\u5996\u86c7|spa|2\n|faint|p2a: Indeedee\n|-damage|p1a: \u94f6\u91d1\u5996\u86c7|81/100|[from] item: Life Orb\n|move|p2b: Calyrex|Glacial Lance|p1b: \u5c0f\u5934\u63a7\u5927\u5934|[spread] p1a,p1b\n|-supereffective|p1a: \u94f6\u91d1\u5996\u86c7\n|-damage|p1a: \u94f6\u91d1\u5996\u86c7|0 fnt\n|-damage|p1b: \u5c0f\u5934\u63a7\u5927\u5934|50/100\n|faint|p1a: \u94f6\u91d1\u5996\u86c7\n|-ability|p2b: Calyrex|Chilling Neigh|boost\n|-boost|p2b: Calyrex|atk|1\n|\n|-weather|RainDance|[upkeep]\n|upkeep\n|\n|t:|1772357907\n|switch|p1a: \u4e94\u5bfc\u718a\u6e7f|Urshifu, L50, M|100/100\n|switch|p2a: Torkoal|Torkoal, L50, M|100/100\n|-weather|SunnyDay|[from] ability: Drought|[of] p2a: Torkoal\n|turn|5\n|\n|t:|1772357926\n|-terastallize|p2b: Calyrex|Fire\n|move|p1b: \u5c0f\u5934\u63a7\u5927\u5934|Helping Hand|p1a: \u4e94\u5bfc\u718a\u6e7f\n|-singleturn|p1a: \u4e94\u5bfc\u718a\u6e7f|Helping Hand|[of] p1b: \u5c0f\u5934\u63a7\u5927\u5934\n|move|p1a: \u4e94\u5bfc\u718a\u6e7f|Wicked Blow|p2a: Torkoal\n|-crit|p2a: Torkoal\n|-damage|p2a: Torkoal|0 fnt\n|faint|p2a: Torkoal\n|move|p2b: Calyrex|Glacial Lance|p1b: \u5c0f\u5934\u63a7\u5927\u5934|[spread] p1a,p1b\n|-damage|p1a: \u4e94\u5bfc\u718a\u6e7f|22/100\n|-damage|p1b: \u5c0f\u5934\u63a7\u5927\u5934|0 fnt\n|faint|p1b: \u5c0f\u5934\u63a7\u5927\u5934\n|-ability|p2b: Calyrex|Chilling Neigh|boost\n|-boost|p2b: Calyrex|atk|1\n|\n|-weather|SunnyDay|[upkeep]\n|upkeep\n|\n|t:|1772357929\n|switch|p1b: \u6210\u90fd\u8001\u76d6|Kyogre, L50, shiny, tera:Water|35/100\n|-weather|RainDance|[from] ability: Drizzle|[of] p1b: \u6210\u90fd\u8001\u76d6\n|turn|6\n|\n|t:|1772357942\n|move|p1a: \u4e94\u5bfc\u718a\u6e7f|Wicked Blow|p2b: Calyrex\n|-crit|p2b: Calyrex\n|-damage|p2b: Calyrex|29/100\n|move|p1b: \u6210\u90fd\u8001\u76d6|Water Spout|p2b: Calyrex\n|-supereffective|p2b: Calyrex\n|-damage|p2b: Calyrex|0 fnt\n|faint|p2b: Calyrex\n|\n|win|dasabe\u76d6\u6b27\u5361\u4fa0\n|raw|dasabe\u76d6\u6b27\u5361\u4fa0's rating: 1519 &rarr; <strong>1535</strong><br />(+16 for winning)\n|raw|RyushinYuki's rating: 1453 &rarr; <strong>1437</strong><br />(-16 for losing)\n|l|\u2606RyushinYuki\n|player|p2|\n|l|\u2606dasabe\u76d6\u6b27\u5361\u4fa0\n|player|p1|\n","uploadtime":1772358211,"views":13,"formatid":"gen9vgc2026regi","rating":1437,"private":0,"password":null}