{"id":"gen9vgc2026regi-2519920372","format":"[Gen 9] VGC 2026 Reg I","players":["Tepig_nNz_498","kojimuranishi"],"log":"|j|\u2606Tepig_nNz_498\n|j|\u2606kojimuranishi\n|t:|1768570534\n|gametype|doubles\n|player|p1|Tepig_nNz_498|169|1364\n|player|p2|kojimuranishi|102|1480\n|gen|9\n|tier|[Gen 9] VGC 2026 Reg I\n|rated|\n|rule|Species Clause: Limit one of each Pok\u00e9mon\n|rule|Item Clause: Limit 1 of each item\n|clearpoke\n|poke|p1|Whimsicott, L50, F|\n|poke|p1|Reshiram, L50|\n|poke|p1|Incineroar, L50, M|\n|poke|p1|Lilligant-Hisui, L50, F|\n|poke|p1|Brute Bonnet, L50|\n|poke|p1|Koraidon, L50|\n|poke|p2|Miraidon, L50|\n|poke|p2|Lunala, L50|\n|poke|p2|Chien-Pao, L50|\n|poke|p2|Dragonite, L50, M|\n|poke|p2|Ursaluna, L50, F|\n|poke|p2|Urshifu-*, L50, M|\n|teampreview|4\n|inactive|Battle timer is ON: inactive players will automatically lose when time's up. (requested by kojimuranishi)\n|inactive|Tepig_nNz_498 has 60 seconds left.\n|\n|t:|1768570575\n|teamsize|p1|4\n|teamsize|p2|4\n|start\n|switch|p1a: Lilligant|Lilligant-Hisui, L50, F|100/100\n|switch|p1b: Koraidon|Koraidon, L50|100/100\n|switch|p2a: Miraidon|Miraidon, L50|100/100\n|switch|p2b: Chien-Pao|Chien-Pao, L50|100/100\n|-fieldstart|move: Electric Terrain|[from] ability: Hadron Engine|[of] p2a: Miraidon\n|-ability|p2b: Chien-Pao|Sword of Ruin\n|-weather|SunnyDay|[from] ability: Orichalcum Pulse|[of] p1b: Koraidon\n|-activate|p1b: Koraidon|Orichalcum Pulse|[source]\n|turn|1\n|\n|t:|1768570593\n|move|p1a: Lilligant|After You|p1b: Koraidon\n|-activate|p1b: Koraidon|move: After You\n|move|p1b: Koraidon|Close Combat|p2a: Miraidon\n|-damage|p2a: Miraidon|0 fnt\n|-unboost|p1b: Koraidon|def|1\n|-unboost|p1b: Koraidon|spd|1\n|faint|p2a: Miraidon\n|-enditem|p1b: Koraidon|Eject Pack\n|\n|t:|1768570598\n|switch|p1b: Incineroar|Incineroar, L50, M|100/100\n|-ability|p1b: Incineroar|Intimidate|boost\n|-unboost|p2b: Chien-Pao|atk|1\n|move|p2b: Chien-Pao|Ice Spinner|p1a: Lilligant\n|-supereffective|p1a: Lilligant\n|-enditem|p1a: Lilligant|Focus Sash\n|-damage|p1a: Lilligant|1/100\n|-fieldend|move: Electric Terrain\n|-damage|p2b: Chien-Pao|91/100|[from] item: Life Orb\n|\n|-weather|SunnyDay|[upkeep]\n|upkeep\n|\n|t:|1768570612\n|switch|p2a: Lunala|Lunala, L50|100/100\n|turn|2\n|\n|t:|1768570623\n|switch|p2b: Ursaluna|Ursaluna, L50, F|100/100\n|move|p1a: Lilligant|After You|p1b: Incineroar\n|-activate|p1b: Incineroar|move: After You\n|move|p1b: Incineroar|Knock Off|p2a: Lunala\n|-supereffective|p2a: Lunala\n|-damage|p2a: Lunala|37/100\n|-enditem|p2a: Lunala|Power Herb|[from] move: Knock Off|[of] p1b: Incineroar\n|move|p2a: Lunala|Trick Room|p2a: Lunala\n|-fieldstart|move: Trick Room|[of] p2a: Lunala\n|\n|-weather|SunnyDay|[upkeep]\n|-status|p2b: Ursaluna|brn|[from] item: Flame Orb\n|upkeep\n|turn|3\n|\n|t:|1768570646\n|-terastallize|p1b: Incineroar|Ghost\n|move|p2b: Ursaluna|Facade|p1b: Incineroar\n|-immune|p1b: Incineroar\n|move|p1b: Incineroar|Parting Shot|p2b: Ursaluna\n|-unboost|p2b: Ursaluna|atk|1\n|-unboost|p2b: Ursaluna|spa|1\n|\n|t:|1768570653\n|switch|p1b: Reshiram|Reshiram, L50|100/100|[from] Parting Shot\n|-ability|p1b: Reshiram|Turboblaze\n|move|p2a: Lunala|Moongeist Beam|p1a: Lilligant\n|-damage|p1a: Lilligant|0 fnt\n|faint|p1a: Lilligant\n|\n|-weather|SunnyDay|[upkeep]\n|-damage|p2b: Ursaluna|95/100 brn|[from] brn\n|upkeep\n|\n|t:|1768570660\n|switch|p1a: Incineroar|Incineroar, L50, M, tera:Ghost|100/100\n|-ability|p1a: Incineroar|Intimidate|boost\n|-unboost|p2a: Lunala|atk|1\n|-unboost|p2b: Ursaluna|atk|1\n|turn|4\n|\n|t:|1768570673\n|move|p2b: Ursaluna|Protect|p2b: Ursaluna\n|-singleturn|p2b: Ursaluna|Protect\n|move|p1a: Incineroar|Knock Off|p2b: Ursaluna\n|-activate|p2b: Ursaluna|move: Protect\n|move|p1b: Reshiram|Heat Wave|p2a: Lunala|[spread] \n|-activate|p2b: Ursaluna|move: Protect\n|-miss|p1b: Reshiram|p2a: Lunala\n|move|p2a: Lunala|Moongeist Beam|p1a: Incineroar\n|-supereffective|p1a: Incineroar\n|-damage|p1a: Incineroar|22/100\n|\n|-weather|SunnyDay|[upkeep]\n|-damage|p2b: Ursaluna|89/100 brn|[from] brn\n|upkeep\n|turn|5\n|\n|t:|1768570696\n|-terastallize|p2a: Lunala|Normal\n|move|p2b: Ursaluna|Headlong Rush|p1b: Reshiram\n|-supereffective|p1b: Reshiram\n|-damage|p1b: Reshiram|3/100\n|-unboost|p2b: Ursaluna|def|1\n|-unboost|p2b: Ursaluna|spd|1\n|move|p1a: Incineroar|Knock Off|p2a: Lunala\n|-damage|p2a: Lunala|15/100\n|move|p1b: Reshiram|Heat Wave|p2a: Lunala|[spread] p2a,p2b\n|-damage|p2a: Lunala|0 fnt\n|-damage|p2b: Ursaluna|0 fnt\n|faint|p2a: Lunala\n|faint|p2b: Ursaluna\n|-damage|p1b: Reshiram|0 fnt|[from] item: Life Orb\n|faint|p1b: Reshiram\n|\n|-weather|none\n|upkeep\n|\n|t:|1768570714\n|switch|p2b: Chien-Pao|Chien-Pao, L50|91/100\n|switch|p1b: Koraidon|Koraidon, L50|100/100\n|-ability|p2b: Chien-Pao|Sword of Ruin\n|-weather|SunnyDay|[from] ability: Orichalcum Pulse|[of] p1b: Koraidon\n|-activate|p1b: Koraidon|Orichalcum Pulse|[source]\n|turn|6\n|\n|t:|1768570722\n|move|p2b: Chien-Pao|Protect|p2b: Chien-Pao\n|-singleturn|p2b: Chien-Pao|Protect\n|move|p1b: Koraidon|Protect|p1b: Koraidon\n|-singleturn|p1b: Koraidon|Protect\n|move|p1a: Incineroar|Will-O-Wisp|p2b: Chien-Pao\n|-activate|p2b: Chien-Pao|move: Protect\n|\n|-weather|SunnyDay|[upkeep]\n|-fieldend|move: Trick Room\n|upkeep\n|turn|7\n|\n|t:|1768570734\n|move|p2b: Chien-Pao|Ice Spinner|p1b: Koraidon\n|-supereffective|p1b: Koraidon\n|-damage|p1b: Koraidon|0 fnt\n|faint|p1b: Koraidon\n|-damage|p2b: Chien-Pao|81/100|[from] item: Life Orb\n|move|p1a: Incineroar|Will-O-Wisp|p2b: Chien-Pao\n|-status|p2b: Chien-Pao|brn\n|\n|-weather|SunnyDay|[upkeep]\n|-damage|p2b: Chien-Pao|75/100 brn|[from] brn\n|upkeep\n|turn|8\n|\n|t:|1768570747\n|move|p2b: Chien-Pao|Crunch|p1a: Incineroar\n|-supereffective|p1a: Incineroar\n|-damage|p1a: Incineroar|0 fnt\n|faint|p1a: Incineroar\n|-damage|p2b: Chien-Pao|66/100 brn|[from] item: Life Orb\n|\n|win|kojimuranishi\n|raw|Tepig_nNz_498's rating: 1364 &rarr; <strong>1350</strong><br />(-14 for losing)\n|raw|kojimuranishi's rating: 1480 &rarr; <strong>1494</strong><br />(+14 for winning)\n|l|\u2606Tepig_nNz_498\n|player|p1|\n|l|\u2606kojimuranishi\n|player|p2|\n","uploadtime":1768570892,"views":15,"formatid":"gen9vgc2026regi","rating":1350,"private":0,"password":null}