{"id":"gen9vgc2026regi-2564686968","format":"[Gen 9] VGC 2026 Reg I","players":["Chadrola18","blackred123"],"log":"|j|\u2606Chadrola18\n|j|\u2606blackred123\n|t:|1774186354\n|gametype|doubles\n|player|p1|Chadrola18|steven|1314\n|player|p2|blackred123|iono-masters|1396\n|gen|9\n|tier|[Gen 9] VGC 2026 Reg I\n|rated|\n|rule|Species Clause: Limit one of each Pok\u00e9mon\n|rule|Item Clause: Limit 1 of each item\n|clearpoke\n|poke|p1|Incineroar, L50, M|\n|poke|p1|Calyrex-Shadow, L50|\n|poke|p1|Raging Bolt, L50|\n|poke|p1|Landorus, L50, M|\n|poke|p1|Brute Bonnet, L50|\n|poke|p1|Koraidon, L50|\n|poke|p2|Lunala, L50|\n|poke|p2|Koraidon, L50|\n|poke|p2|Chi-Yu, L50|\n|poke|p2|Flutter Mane, L50|\n|poke|p2|Brute Bonnet, L50|\n|poke|p2|Ursaluna, L50, F|\n|teampreview|4\n|inactive|Battle timer is ON: inactive players will automatically lose when time's up. (requested by Chadrola18)\n|inactive|blackred123 also wants the timer to be on.\n|\n|t:|1774186384\n|teamsize|p1|4\n|teamsize|p2|4\n|start\n|switch|p1a: Brute Bonnet|Brute Bonnet, L50|100/100\n|switch|p1b: Calyrex|Calyrex-Shadow, L50|100/100\n|switch|p2a: Koraidon|Koraidon, L50|100/100\n|switch|p2b: Flutter Mane|Flutter Mane, L50|100/100\n|-ability|p1b: Calyrex|As One\n|-ability|p1b: Calyrex|Unnerve\n|-weather|SunnyDay|[from] ability: Orichalcum Pulse|[of] p2a: Koraidon\n|-activate|p2b: Flutter Mane|ability: Protosynthesis\n|-start|p2b: Flutter Mane|protosynthesisspe\n|-activate|p1a: Brute Bonnet|ability: Protosynthesis\n|-start|p1a: Brute Bonnet|protosynthesisdef\n|-activate|p2a: Koraidon|Orichalcum Pulse|[source]\n|turn|1\n|inactive|Chadrola18 has 30 seconds left.\n|\n|t:|1774186409\n|-terastallize|p1a: Brute Bonnet|Water\n|move|p1b: Calyrex|Protect|p1b: Calyrex\n|-singleturn|p1b: Calyrex|Protect\n|move|p2b: Flutter Mane|Icy Wind|p1a: Brute Bonnet|[spread] p1a\n|-activate|p1b: Calyrex|move: Protect\n|-resisted|p1a: Brute Bonnet\n|-damage|p1a: Brute Bonnet|94/100\n|move|p2a: Koraidon|Close Combat|p1a: Brute Bonnet\n|-damage|p1a: Brute Bonnet|31/100\n|-unboost|p2a: Koraidon|def|1\n|-unboost|p2a: Koraidon|spd|1\n|-damage|p2a: Koraidon|91/100|[from] item: Life Orb\n|move|p1a: Brute Bonnet|Spore|p2b: Flutter Mane\n|-status|p2b: Flutter Mane|slp|[from] move: Spore\n|\n|-weather|SunnyDay|[upkeep]\n|upkeep\n|turn|2\n|\n|t:|1774186427\n|switch|p2a: Chi-Yu|Chi-Yu, L50|100/100\n|-ability|p2a: Chi-Yu|Beads of Ruin\n|-end|p1a: Brute Bonnet|Protosynthesis|[silent]\n|switch|p1a: Incineroar|Incineroar, L50, M|100/100\n|-ability|p1a: Incineroar|Intimidate|boost\n|-unboost|p2a: Chi-Yu|atk|1\n|-unboost|p2b: Flutter Mane|atk|1\n|cant|p2b: Flutter Mane|slp\n|move|p1b: Calyrex|Psychic|p2a: Chi-Yu\n|-immune|p2a: Chi-Yu\n|\n|-weather|SunnyDay|[upkeep]\n|upkeep\n|turn|3\n|\n|t:|1774186445\n|move|p1a: Incineroar|Fake Out|p2a: Chi-Yu\n|-damage|p2a: Chi-Yu|83/100\n|-curestatus|p2b: Flutter Mane|slp|[msg]\n|move|p2b: Flutter Mane|Icy Wind|p1b: Calyrex|[spread] p1a,p1b\n|-resisted|p1a: Incineroar\n|-damage|p1a: Incineroar|91/100\n|-damage|p1b: Calyrex|82/100\n|-unboost|p1a: Incineroar|spe|1\n|-unboost|p1b: Calyrex|spe|1\n|cant|p2a: Chi-Yu|flinch\n|move|p1b: Calyrex|Astral Barrage|p2b: Flutter Mane|[spread] p2a,p2b\n|-resisted|p2a: Chi-Yu\n|-supereffective|p2b: Flutter Mane\n|-damage|p2a: Chi-Yu|55/100\n|-enditem|p2b: Flutter Mane|Focus Sash\n|-damage|p2b: Flutter Mane|1/100\n|\n|-weather|SunnyDay|[upkeep]\n|upkeep\n|turn|4\n|\n|t:|1774186461\n|move|p1b: Calyrex|Protect|p1b: Calyrex\n|-singleturn|p1b: Calyrex|Protect\n|move|p2b: Flutter Mane|Moonblast|p1a: Incineroar\n|-damage|p1a: Incineroar|27/100\n|move|p2a: Chi-Yu|Heat Wave|p1a: Incineroar|[spread] p1a\n|-activate|p1b: Calyrex|move: Protect\n|-resisted|p1a: Incineroar\n|-damage|p1a: Incineroar|0 fnt\n|faint|p1a: Incineroar\n|\n|-weather|SunnyDay|[upkeep]\n|upkeep\n|\n|t:|1774186472\n|switch|p1a: Brute Bonnet|Brute Bonnet, L50, tera:Water|31/100\n|-activate|p1a: Brute Bonnet|ability: Protosynthesis\n|-start|p1a: Brute Bonnet|protosynthesisdef\n|turn|5\n|\n|t:|1774186478\n|-end|p2b: Flutter Mane|Protosynthesis|[silent]\n|switch|p2b: Koraidon|Koraidon, L50|91/100\n|-activate|p2b: Koraidon|ability: Orichalcum Pulse\n|switch|p1b: Koraidon|Koraidon, L50|100/100\n|-activate|p1b: Koraidon|ability: Orichalcum Pulse\n|move|p1a: Brute Bonnet|Sucker Punch||[still]\n|-fail|p1a: Brute Bonnet\n|move|p2a: Chi-Yu|Heat Wave|p1b: Koraidon|[spread] p1a,p1b\n|-resisted|p1a: Brute Bonnet\n|-resisted|p1b: Koraidon\n|-damage|p1a: Brute Bonnet|0 fnt\n|-damage|p1b: Koraidon|65/100\n|faint|p1a: Brute Bonnet\n|-end|p1a: Brute Bonnet|Protosynthesis|[silent]\n|\n|-weather|none\n|upkeep\n|\n|t:|1774186481\n|switch|p1a: Calyrex|Calyrex-Shadow, L50|82/100\n|-ability|p1a: Calyrex|As One\n|-ability|p1a: Calyrex|Unnerve\n|turn|6\n|\n|t:|1774186497\n|switch|p2b: Flutter Mane|Flutter Mane, L50|1/100\n|move|p1a: Calyrex|Protect|p1a: Calyrex\n|-singleturn|p1a: Calyrex|Protect\n|move|p2a: Chi-Yu|Heat Wave|p1b: Koraidon|[spread] p1b\n|-activate|p1a: Calyrex|move: Protect\n|-resisted|p1b: Koraidon\n|-damage|p1b: Koraidon|40/100\n|move|p1b: Koraidon|Collision Course|p2a: Chi-Yu\n|-supereffective|p2a: Chi-Yu\n|-damage|p2a: Chi-Yu|0 fnt\n|faint|p2a: Chi-Yu\n|\n|upkeep\n|\n|t:|1774186502\n|switch|p2a: Koraidon|Koraidon, L50|91/100\n|-weather|SunnyDay|[from] ability: Orichalcum Pulse|[of] p2a: Koraidon\n|-activate|p2b: Flutter Mane|ability: Protosynthesis\n|-start|p2b: Flutter Mane|protosynthesisspe\n|-activate|p2a: Koraidon|Orichalcum Pulse|[source]\n|turn|7\n|\n|t:|1774186513\n|move|p1b: Koraidon|Protect|p1b: Koraidon\n|-singleturn|p1b: Koraidon|Protect\n|move|p2b: Flutter Mane|Shadow Ball|p1a: Calyrex\n|-supereffective|p1a: Calyrex\n|-damage|p1a: Calyrex|0 fnt\n|faint|p1a: Calyrex\n|move|p2a: Koraidon|Close Combat|p1b: Koraidon\n|-activate|p1b: Koraidon|move: Protect\n|\n|-weather|SunnyDay|[upkeep]\n|upkeep\n|turn|8\n|-message|Chadrola18 forfeited.\n|\n|win|blackred123\n|raw|Chadrola18's rating: 1314 &rarr; <strong>1299</strong><br />(-15 for losing)\n|raw|blackred123's rating: 1396 &rarr; <strong>1411</strong><br />(+15 for winning)\n|l|\u2606Chadrola18\n|player|p1|\n","uploadtime":1774186527,"views":10,"formatid":"gen9vgc2026regi","rating":1299,"private":0,"password":null}