{"id":"gen9vgc2026regi-2538006332","format":"[Gen 9] VGC 2026 Reg I","players":["Voth","TheManOfSausage"],"log":"|j|\u2606Voth\n|j|\u2606TheManOfSausage\n|t:|1770876467\n|gametype|doubles\n|player|p1|Voth|dawn|1356\n|player|p2|TheManOfSausage|miku-water|1353\n|gen|9\n|tier|[Gen 9] VGC 2026 Reg I\n|rated|\n|rule|Species Clause: Limit one of each Pok\u00e9mon\n|rule|Item Clause: Limit 1 of each item\n|clearpoke\n|poke|p1|Urshifu-*, L50, M|\n|poke|p1|Calyrex-Ice, L50|\n|poke|p1|Tornadus, L50, M|\n|poke|p1|Landorus, L50, M|\n|poke|p1|Rillaboom, L50, F|\n|poke|p1|Kyogre, L50|\n|poke|p2|Calyrex-Shadow, L50|\n|poke|p2|Koraidon, L50|\n|poke|p2|Weezing-Galar, L50, M|\n|poke|p2|Walking Wake, L50|\n|poke|p2|Raging Bolt, L50|\n|poke|p2|Landorus-Therian, L50, M|\n|teampreview|4\n|\n|t:|1770876498\n|teamsize|p1|4\n|teamsize|p2|4\n|start\n|switch|p1a: Aang|Tornadus, L50, M|100/100\n|switch|p1b: Mr miyagi|Urshifu-Rapid-Strike, L50, M|100/100\n|switch|p2a: Walking Wake|Walking Wake, L50|100/100\n|switch|p2b: Landorus|Landorus-Therian, L50, M|100/100\n|-ability|p2b: Landorus|Intimidate|boost\n|-unboost|p1a: Aang|atk|1\n|-unboost|p1b: Mr miyagi|atk|1\n|turn|1\n|\n|t:|1770876520\n|switch|p1b: Korra|Calyrex-Ice, L50|100/100\n|-ability|p1b: Korra|As One\n|-ability|p1b: Korra|Unnerve\n|move|p1a: Aang|Protect|p1a: Aang\n|-singleturn|p1a: Aang|Protect\n|move|p2b: Landorus|U-turn|p1b: Korra\n|-supereffective|p1b: Korra\n|-damage|p1b: Korra|70/100\n|\n|t:|1770876525\n|switch|p2b: Rice Shower|Calyrex-Shadow, L50|100/100|[from] U-turn\n|-ability|p2b: Rice Shower|As One\n|-ability|p2b: Rice Shower|Unnerve\n|move|p2a: Walking Wake|Hydro Steam|p1a: Aang\n|-activate|p1a: Aang|move: Protect\n|\n|-heal|p1b: Korra|75/100|[from] item: Leftovers\n|upkeep\n|turn|2\n|\n|t:|1770876541\n|-terastallize|p2b: Rice Shower|Ghost\n|-terastallize|p1b: Korra|Water\n|move|p2b: Rice Shower|Astral Barrage|p1b: Korra|[spread] p1a,p1b\n|-damage|p1a: Aang|16/100\n|-damage|p1b: Korra|32/100\n|move|p2a: Walking Wake|Dragon Pulse|p1b: Korra\n|-damage|p1b: Korra|0 fnt\n|faint|p1b: Korra\n|-damage|p2a: Walking Wake|91/100|[from] item: Life Orb\n|move|p1a: Aang|Bleakwind Storm|p2a: Walking Wake|[spread] p2a,p2b\n|-damage|p2a: Walking Wake|48/100\n|-damage|p2b: Rice Shower|66/100\n|\n|upkeep\n|\n|t:|1770876545\n|switch|p1b: Mr miyagi|Urshifu-Rapid-Strike, L50, M|100/100\n|turn|3\n|\n|t:|1770876555\n|switch|p2b: Koraidon|Koraidon, L50|100/100\n|-weather|SunnyDay|[from] ability: Orichalcum Pulse|[of] p2b: Koraidon\n|-activate|p2a: Walking Wake|ability: Protosynthesis\n|-start|p2a: Walking Wake|protosynthesisspe\n|-activate|p2b: Koraidon|Orichalcum Pulse|[source]\n|move|p1a: Aang|Tailwind|p1a: Aang\n|-sidestart|p1: Voth|move: Tailwind\n|move|p1b: Mr miyagi|Surging Strikes|p2b: Koraidon\n|-resisted|p2b: Koraidon\n|-crit|p2b: Koraidon\n|-damage|p2b: Koraidon|94/100\n|-resisted|p2b: Koraidon\n|-crit|p2b: Koraidon\n|-damage|p2b: Koraidon|88/100\n|-resisted|p2b: Koraidon\n|-crit|p2b: Koraidon\n|-damage|p2b: Koraidon|82/100\n|-hitcount|p2b: Koraidon|3\n|move|p2a: Walking Wake|Hydro Steam|p1a: Aang\n|-damage|p1a: Aang|0 fnt\n|faint|p1a: Aang\n|-damage|p2a: Walking Wake|39/100|[from] item: Life Orb\n|\n|-weather|SunnyDay|[upkeep]\n|upkeep\n|\n|t:|1770876559\n|switch|p1a: Nuke|Kyogre, L50|100/100\n|-weather|RainDance|[from] ability: Drizzle|[of] p1a: Nuke\n|-end|p2a: Walking Wake|Protosynthesis\n|turn|4\n|\n|t:|1770876568\n|switch|p2b: Landorus|Landorus-Therian, L50, M|100/100\n|-ability|p2b: Landorus|Intimidate|boost\n|-unboost|p1a: Nuke|atk|1\n|-unboost|p1b: Mr miyagi|atk|1\n|move|p1b: Mr miyagi|Surging Strikes|p2b: Landorus\n|-supereffective|p2b: Landorus\n|-crit|p2b: Landorus\n|-damage|p2b: Landorus|0 fnt\n|faint|p2b: Landorus\n|-hitcount|p2: Landorus|1\n|move|p1a: Nuke|Water Spout|p2a: Walking Wake\n|-resisted|p2a: Walking Wake\n|-damage|p2a: Walking Wake|0 fnt\n|faint|p2a: Walking Wake\n|-end|p2a: Walking Wake|Protosynthesis|[silent]\n|\n|-weather|RainDance|[upkeep]\n|upkeep\n|\n|t:|1770876571\n|switch|p2a: Koraidon|Koraidon, L50|82/100\n|switch|p2b: Rice Shower|Calyrex-Shadow, L50, tera:Ghost|66/100\n|-ability|p2b: Rice Shower|As One\n|-ability|p2b: Rice Shower|Unnerve\n|-weather|SunnyDay|[from] ability: Orichalcum Pulse|[of] p2a: Koraidon\n|-activate|p2a: Koraidon|Orichalcum Pulse|[source]\n|turn|5\n|\n|t:|1770876584\n|move|p1b: Mr miyagi|Surging Strikes|p2b: Rice Shower\n|-crit|p2b: Rice Shower\n|-damage|p2b: Rice Shower|45/100\n|-crit|p2b: Rice Shower\n|-damage|p2b: Rice Shower|25/100\n|-crit|p2b: Rice Shower\n|-damage|p2b: Rice Shower|6/100\n|-hitcount|p2b: Rice Shower|3\n|move|p1a: Nuke|Water Spout|p2b: Rice Shower|[spread] p2a,p2b\n|-resisted|p2a: Koraidon\n|-crit|p2a: Koraidon\n|-damage|p2a: Koraidon|55/100\n|-damage|p2b: Rice Shower|0 fnt\n|faint|p2b: Rice Shower\n|move|p2a: Koraidon|Collision Course|p1a: Nuke\n|-damage|p1a: Nuke|30/100\n|\n|-weather|SunnyDay|[upkeep]\n|upkeep\n|turn|6\n|\n|t:|1770876596\n|move|p1b: Mr miyagi|Surging Strikes|p2a: Koraidon\n|-resisted|p2a: Koraidon\n|-crit|p2a: Koraidon\n|-damage|p2a: Koraidon|49/100\n|-resisted|p2a: Koraidon\n|-crit|p2a: Koraidon\n|-damage|p2a: Koraidon|42/100\n|-resisted|p2a: Koraidon\n|-crit|p2a: Koraidon\n|-damage|p2a: Koraidon|36/100\n|-hitcount|p2a: Koraidon|3\n|move|p1a: Nuke|Origin Pulse|p2a: Koraidon\n|-resisted|p2a: Koraidon\n|-damage|p2a: Koraidon|17/100\n|move|p2a: Koraidon|Collision Course|p1b: Mr miyagi\n|-damage|p1b: Mr miyagi|24/100\n|\n|-weather|SunnyDay|[upkeep]\n|-sideend|p1: Voth|move: Tailwind\n|upkeep\n|turn|7\n|\n|t:|1770876611\n|move|p2a: Koraidon|Collision Course|p1b: Mr miyagi\n|-damage|p1b: Mr miyagi|0 fnt\n|faint|p1b: Mr miyagi\n|move|p1a: Nuke|Origin Pulse|p2a: Koraidon|[miss]\n|-miss|p1a: Nuke|p2a: Koraidon\n|\n|-weather|SunnyDay|[upkeep]\n|upkeep\n|turn|8\n|c|\u2606TheManOfSausage|gg\n|-message|Voth forfeited.\n|\n|win|TheManOfSausage\n|raw|Voth's rating: 1356 &rarr; <strong>1336</strong><br />(-20 for losing)\n|raw|TheManOfSausage's rating: 1353 &rarr; <strong>1373</strong><br />(+20 for winning)\n|l|\u2606Voth\n|player|p1|\n|l|\u2606TheManOfSausage\n|player|p2|\n","uploadtime":1770876799,"views":17,"formatid":"gen9vgc2026regi","rating":1336,"private":0,"password":null}