{"id":"gen9vgc2026regi-2571822262","format":"[Gen 9] VGC 2026 Reg I","players":["TheNamesBetty","parmesanlugubre206"],"log":"|j|\u2606TheNamesBetty\n|j|\u2606parmesanlugubre206\n|t:|1774966732\n|gametype|doubles\n|player|p1|TheNamesBetty|koga|1389\n|player|p2|parmesanlugubre206|ethan|1459\n|gen|9\n|tier|[Gen 9] VGC 2026 Reg I\n|rated|\n|rule|Species Clause: Limit one of each Pok\u00e9mon\n|rule|Item Clause: Limit 1 of each item\n|clearpoke\n|poke|p1|Koraidon, L50|\n|poke|p1|Calyrex-Shadow, L50|\n|poke|p1|Tornadus, L50, M|\n|poke|p1|Smeargle, L50, M|\n|poke|p1|Urshifu-*, L50, F|\n|poke|p1|Clefairy, L50, F|\n|poke|p2|Kyogre, L50|\n|poke|p2|Calyrex-Ice, L50|\n|poke|p2|Mimikyu, L50, M|\n|poke|p2|Smeargle, L50, M|\n|poke|p2|Conkeldurr, L50, M|\n|poke|p2|Tsareena, L50, F|\n|teampreview|4\n|inactive|Battle timer is ON: inactive players will automatically lose when time's up. (requested by parmesanlugubre206)\nparmesanlugubre206 rejected open team sheets.\n|c|\u2606TheNamesBetty|Okay\n|inactive|parmesanlugubre206 has 60 seconds left.\n|\n|t:|1774966784\n|teamsize|p1|4\n|teamsize|p2|4\n|start\n|switch|p1a: Houska se sal\u00e1mem|Urshifu, L50, F|100/100\n|switch|p1b: Kedluben|Calyrex-Shadow, L50|100/100\n|switch|p2a: Mimikyu|Mimikyu, L50, M, shiny|100/100\n|switch|p2b: Smeargle|Smeargle, L50, M, shiny|100/100\n|-ability|p1b: Kedluben|As One\n|-ability|p1b: Kedluben|Unnerve\n|turn|1\n|\n|t:|1774966805\n|switch|p1a: Koloto\u010d|Clefairy, L50, F|100/100\n|-terastallize|p1b: Kedluben|Dark\n|move|p2b: Smeargle|Fake Out|p1a: Koloto\u010d\n|-damage|p1a: Koloto\u010d|97/100\n|move|p1b: Kedluben|Psychic|p2b: Smeargle\n|-damage|p2b: Smeargle|0 fnt\n|faint|p2b: Smeargle\n|-ability|p1b: Kedluben|Grim Neigh|boost\n|-boost|p1b: Kedluben|spa|1\n|-damage|p1b: Kedluben|91/100|[from] item: Life Orb\n|move|p2a: Mimikyu|Trick Room|p2a: Mimikyu\n|-fieldstart|move: Trick Room|[of] p2a: Mimikyu\n|\n|upkeep\n|\n|t:|1774966812\n|switch|p2b: Conkeldurr|Conkeldurr, L50, M|100/100\n|turn|2\n|\n|t:|1774966827\n|-terastallize|p2b: Conkeldurr|Dark\n|move|p1b: Kedluben|Protect|p1b: Kedluben\n|-singleturn|p1b: Kedluben|Protect\n|move|p1a: Koloto\u010d|Encore|p2a: Mimikyu\n|-start|p2a: Mimikyu|Encore\n|-enditem|p2a: Mimikyu|Mental Herb\n|-end|p2a: Mimikyu|Encore\n|move|p2b: Conkeldurr|Close Combat|p1b: Kedluben\n|-activate|p1b: Kedluben|move: Protect\n|move|p2a: Mimikyu|Taunt|p1a: Koloto\u010d\n|-start|p1a: Koloto\u010d|move: Taunt\n|\n|-status|p2b: Conkeldurr|brn|[from] item: Flame Orb\n|upkeep\n|turn|3\n|\n|t:|1774966846\n|switch|p1a: Jan\u017di\u017ekaZTrocnova|Koraidon, L50|100/100\n|-weather|SunnyDay|[from] ability: Orichalcum Pulse|[of] p1a: Jan\u017di\u017ekaZTrocnova\n|-activate|p1a: Jan\u017di\u017ekaZTrocnova|Orichalcum Pulse|[source]\n|move|p1b: Kedluben|Protect||[still]\n|-fail|p1b: Kedluben\n|move|p2b: Conkeldurr|Close Combat|p1b: Kedluben\n|-supereffective|p1b: Kedluben\n|-damage|p1b: Kedluben|0 fnt\n|-unboost|p2b: Conkeldurr|def|1\n|-unboost|p2b: Conkeldurr|spd|1\n|faint|p1b: Kedluben\n|move|p2a: Mimikyu|Curse|p1a: Jan\u017di\u017ekaZTrocnova\n|-start|p1a: Jan\u017di\u017ekaZTrocnova|Curse|[of] p2a: Mimikyu\n|-damage|p2a: Mimikyu|50/100\n|\n|-weather|SunnyDay|[upkeep]\n|-damage|p2b: Conkeldurr|94/100 brn|[from] brn\n|-damage|p1a: Jan\u017di\u017ekaZTrocnova|76/100|[from] Curse\n|upkeep\n|\n|t:|1774966855\n|switch|p1b: Koloto\u010d|Clefairy, L50, F|97/100\n|turn|4\n|inactive|TheNamesBetty has 30 seconds left.\n|\n|t:|1774966882\n|switch|p1a: Houska se sal\u00e1mem|Urshifu, L50, F|100/100\n|move|p2b: Conkeldurr|Protect|p2b: Conkeldurr\n|-singleturn|p2b: Conkeldurr|Protect\n|move|p1b: Koloto\u010d|Encore|p2a: Mimikyu\n|-start|p2a: Mimikyu|Encore\n|move|p2a: Mimikyu|Curse|p1a: Houska se sal\u00e1mem\n|-start|p1a: Houska se sal\u00e1mem|Curse|[of] p2a: Mimikyu\n|-damage|p2a: Mimikyu|0 fnt\n|faint|p2a: Mimikyu\n|\n|-weather|SunnyDay|[upkeep]\n|-damage|p2b: Conkeldurr|88/100 brn|[from] brn\n|-damage|p1a: Houska se sal\u00e1mem|75/100|[from] Curse\n|upkeep\n|\n|t:|1774966894\n|switch|p2a: Calyrex|Calyrex-Ice, L50|100/100\n|-ability|p2a: Calyrex|As One\n|-ability|p2a: Calyrex|Unnerve\n|turn|5\n|inactive|parmesanlugubre206 has 30 seconds left.\n|inactive|parmesanlugubre206 has 20 seconds left.\n|inactive|parmesanlugubre206 has 15 seconds left.\n|inactive|parmesanlugubre206 has 10 seconds left.\n|inactive|parmesanlugubre206 has 5 seconds left.\n|\n|t:|1774966954\n|move|p1a: Houska se sal\u00e1mem|Sucker Punch|p2a: Calyrex\n|-supereffective|p2a: Calyrex\n|-damage|p2a: Calyrex|42/100\n|move|p1b: Koloto\u010d|Encore|p2b: Conkeldurr\n|-start|p2b: Conkeldurr|Encore\n|move|p2b: Conkeldurr|Protect||[still]\n|-fail|p2b: Conkeldurr\n|move|p2a: Calyrex|Glacial Lance|p1a: Houska se sal\u00e1mem|[spread] p1a,p1b\n|-damage|p1a: Houska se sal\u00e1mem|28/100\n|-damage|p1b: Koloto\u010d|55/100\n|\n|-weather|SunnyDay|[upkeep]\n|-damage|p2b: Conkeldurr|82/100 brn|[from] brn\n|-damage|p1a: Houska se sal\u00e1mem|3/100|[from] Curse\n|-fieldend|move: Trick Room\n|upkeep\n|turn|6\n|inactive|parmesanlugubre206 has 30 seconds left.\n|inactive|TheNamesBetty has 30 seconds left.\n|inactive|parmesanlugubre206 has 20 seconds left.\n|inactive|parmesanlugubre206 has 15 seconds left.\n|\n|t:|1774966995\n|move|p2a: Calyrex|Protect|p2a: Calyrex\n|-singleturn|p2a: Calyrex|Protect\n|move|p2b: Conkeldurr|Protect|p2b: Conkeldurr\n|-singleturn|p2b: Conkeldurr|Protect\n|move|p1b: Koloto\u010d|Protect|p1b: Koloto\u010d\n|-singleturn|p1b: Koloto\u010d|Protect\n|move|p1a: Houska se sal\u00e1mem|Sucker Punch||[still]\n|-fail|p1a: Houska se sal\u00e1mem\n|\n|-weather|SunnyDay|[upkeep]\n|-damage|p2b: Conkeldurr|76/100 brn|[from] brn\n|-damage|p1a: Houska se sal\u00e1mem|0 fnt|[from] Curse\n|faint|p1a: Houska se sal\u00e1mem\n|upkeep\n|\n|t:|1774966998\n|switch|p1a: Jan\u017di\u017ekaZTrocnova|Koraidon, L50|76/100\n|-activate|p1a: Jan\u017di\u017ekaZTrocnova|ability: Orichalcum Pulse\n|turn|7\n|-message|parmesanlugubre206 forfeited.\n|\n|win|TheNamesBetty\n|raw|TheNamesBetty's rating: 1389 &rarr; <strong>1413</strong><br />(+24 for winning)\n|raw|parmesanlugubre206's rating: 1459 &rarr; <strong>1435</strong><br />(-24 for losing)\n|l|\u2606parmesanlugubre206\n|player|p2|\n","uploadtime":1774967018,"views":14,"formatid":"gen9vgc2026regi","rating":1413,"private":0,"password":null}