{"id":"gen9vgc2026regi-2568760900","format":"[Gen 9] VGC 2026 Reg I","players":["pzyxhic","parapapa123"],"log":"|j|\u2606pzyxhic\n|j|\u2606parapapa123\n|t:|1774620807\n|gametype|doubles\n|player|p1|pzyxhic|169|1291\n|player|p2|parapapa123|dawn|1314\n|gen|9\n|tier|[Gen 9] VGC 2026 Reg I\n|rated|\n|rule|Species Clause: Limit one of each Pok\u00e9mon\n|rule|Item Clause: Limit 1 of each item\n|clearpoke\n|poke|p1|Calyrex-Ice, L50|\n|poke|p1|Miraidon, L50|\n|poke|p1|Sinistcha-Masterpiece, L50|\n|poke|p1|Incineroar, L50, F|\n|poke|p1|Urshifu-*, L50, F|\n|poke|p1|Grimmsnarl, L50, M|\n|poke|p2|Calyrex-Ice, L50|\n|poke|p2|Miraidon, L50|\n|poke|p2|Urshifu-*, L50, F|\n|poke|p2|Incineroar, L50, F|\n|poke|p2|Landorus, L50, M|\n|poke|p2|Farigiraf, L50, M|\n|teampreview|4\nparapapa123 rejected open team sheets.\n|\n|t:|1774620834\n|teamsize|p1|4\n|teamsize|p2|4\n|start\n|switch|p1a: Calyrex|Calyrex-Ice, L50|100/100\n|switch|p1b: Urshifu|Urshifu-Rapid-Strike, L50, F|100/100\n|switch|p2a: Miraidon|Miraidon, L50|100/100\n|switch|p2b: Calyrex|Calyrex-Ice, L50|100/100\n|-ability|p2b: Calyrex|As One\n|-ability|p2b: Calyrex|Unnerve\n|-ability|p1a: Calyrex|As One\n|-ability|p1a: Calyrex|Unnerve\n|-fieldstart|move: Electric Terrain|[from] ability: Hadron Engine|[of] p2a: Miraidon\n|turn|1\n|\n|t:|1774620866\n|-terastallize|p2b: Calyrex|Water\n|move|p2a: Miraidon|Snarl|p1a: Calyrex|[spread] p1a,p1b\n|-supereffective|p1a: Calyrex\n|-resisted|p1b: Urshifu\n|-damage|p1a: Calyrex|76/100\n|-damage|p1b: Urshifu|86/100\n|-unboost|p1b: Urshifu|spa|1\n|move|p1b: Urshifu|U-turn|p2a: Miraidon\n|-damage|p2a: Miraidon|73/100\n|\n|t:|1774620876\n|switch|p1b: Sinistcha|Sinistcha-Masterpiece, L50|100/100|[from] U-turn\n|-heal|p1a: Calyrex|100/100|[from] ability: Hospitality|[of] p1b: Sinistcha\n|move|p2b: Calyrex|Glacial Lance|p1a: Calyrex|[spread] p1a,p1b\n|-resisted|p1a: Calyrex\n|-supereffective|p1b: Sinistcha\n|-damage|p1a: Calyrex|84/100\n|-damage|p1b: Sinistcha|15/100\n|move|p1a: Calyrex|Imprison|p1a: Calyrex\n|-start|p1a: Calyrex|move: Imprison\n|\n|upkeep\n|turn|2\n|\n|t:|1774620903\n|switch|p1b: Urshifu|Urshifu-Rapid-Strike, L50, F|86/100\n|switch|p2b: Incineroar|Incineroar, L50, F|100/100\n|-ability|p2b: Incineroar|Intimidate|boost\n|-fail|p1a: Calyrex|unboost|[from] item: Clear Amulet|[of] p1a: Calyrex\n|-unboost|p1b: Urshifu|atk|1\n|move|p2a: Miraidon|Snarl|p1a: Calyrex|[spread] p1a,p1b\n|-supereffective|p1a: Calyrex\n|-resisted|p1b: Urshifu\n|-damage|p1a: Calyrex|58/100\n|-damage|p1b: Urshifu|70/100\n|-unboost|p1b: Urshifu|spa|1\n|move|p1a: Calyrex|Glacial Lance|p2a: Miraidon|[spread] p2a,p2b\n|-supereffective|p2a: Miraidon\n|-resisted|p2b: Incineroar\n|-damage|p2a: Miraidon|0 fnt\n|-damage|p2b: Incineroar|74/100\n|faint|p2a: Miraidon\n|-ability|p1a: Calyrex|Chilling Neigh|boost\n|-boost|p1a: Calyrex|atk|1\n|\n|upkeep\n|\n|t:|1774620921\n|switch|p2a: Farigiraf|Farigiraf, L50, M|100/100\n|-enditem|p2a: Farigiraf|Electric Seed\n|-boost|p2a: Farigiraf|def|1|[from] item: Electric Seed\n|turn|3\n|inactive|Battle timer is ON: inactive players will automatically lose when time's up. (requested by parapapa123)\n|\n|t:|1774620940\n|switch|p1b: Sinistcha|Sinistcha-Masterpiece, L50|15/100\n|-heal|p1a: Calyrex|83/100|[from] ability: Hospitality|[of] p1b: Sinistcha\n|move|p1a: Calyrex|Protect|p1a: Calyrex\n|-singleturn|p1a: Calyrex|Protect\n|move|p2b: Incineroar|Fake Out|p1b: Sinistcha\n|-immune|p1b: Sinistcha\n|move|p2a: Farigiraf|Foul Play|p1a: Calyrex\n|-activate|p1a: Calyrex|move: Protect\n|\n|upkeep\n|turn|4\n|inactive|pzyxhic has 30 seconds left.\n|inactive|pzyxhic has 20 seconds left.\n|inactive|pzyxhic has 15 seconds left.\n|\n|t:|1774620984\n|switch|p1a: Miraidon|Miraidon, L50|100/100\n|-activate|p1a: Miraidon|ability: Hadron Engine\n|move|p2b: Incineroar|Knock Off|p1a: Miraidon\n|-damage|p1a: Miraidon|67/100\n|-enditem|p1a: Miraidon|Assault Vest|[from] move: Knock Off|[of] p2b: Incineroar\n|move|p1b: Sinistcha|Strength Sap|p2b: Incineroar\n|-unboost|p2b: Incineroar|atk|1\n|-heal|p1b: Sinistcha|92/100\n|move|p2a: Farigiraf|Foul Play|p1a: Miraidon\n|-damage|p1a: Miraidon|51/100\n|\n|upkeep\n|turn|5\n|inactive|pzyxhic has 30 seconds left.\n|\n|t:|1774621011\n|switch|p1b: Urshifu|Urshifu-Rapid-Strike, L50, F|70/100\n|move|p1a: Miraidon|Electro Drift|p2a: Farigiraf\n|-damage|p2a: Farigiraf|8/100\n|move|p2b: Incineroar|U-turn|p1b: Urshifu\n|-resisted|p1b: Urshifu\n|-damage|p1b: Urshifu|63/100\n|\n|t:|1774621018\n|switch|p2b: Calyrex|Calyrex-Ice, L50, tera:Water|100/100|[from] U-turn\n|-ability|p2b: Calyrex|As One\n|-ability|p2b: Calyrex|Unnerve\n|move|p2a: Farigiraf|Trick Room|p2a: Farigiraf\n|-fieldstart|move: Trick Room|[of] p2a: Farigiraf\n|\n|-fieldend|move: Electric Terrain\n|upkeep\n|turn|6\n|\n|t:|1774621040\n|switch|p1a: Calyrex|Calyrex-Ice, L50|83/100\n|-ability|p1a: Calyrex|As One\n|-ability|p1a: Calyrex|Unnerve\n|move|p2a: Farigiraf|Helping Hand|p2b: Calyrex\n|-singleturn|p2b: Calyrex|Helping Hand|[of] p2a: Farigiraf\n|move|p2b: Calyrex|Glacial Lance|p1a: Calyrex|[spread] p1a,p1b\n|-resisted|p1a: Calyrex\n|-resisted|p1b: Urshifu\n|-damage|p1a: Calyrex|60/100\n|-damage|p1b: Urshifu|21/100\n|move|p1b: Urshifu|U-turn|p2a: Farigiraf\n|-supereffective|p2a: Farigiraf\n|-crit|p2a: Farigiraf\n|-damage|p2a: Farigiraf|0 fnt\n|faint|p2a: Farigiraf\n|\n|t:|1774621055\n|switch|p1b: Sinistcha|Sinistcha-Masterpiece, L50|92/100|[from] U-turn\n|-heal|p1a: Calyrex|85/100|[from] ability: Hospitality|[of] p1b: Sinistcha\n|\n|upkeep\n|\n|t:|1774621058\n|switch|p2a: Incineroar|Incineroar, L50, F|74/100\n|-ability|p2a: Incineroar|Intimidate|boost\n|-fail|p1a: Calyrex|unboost|[from] item: Clear Amulet|[of] p1a: Calyrex\n|-unboost|p1b: Sinistcha|atk|1\n|turn|7\n|inactive|pzyxhic has 30 seconds left.\n|\n|t:|1774621088\n|-terastallize|p1b: Sinistcha|Fire\n|move|p1a: Calyrex|Protect|p1a: Calyrex\n|-singleturn|p1a: Calyrex|Protect\n|move|p2b: Calyrex|Glacial Lance|p1b: Sinistcha|[spread] p1b\n|-activate|p1a: Calyrex|move: Protect\n|-resisted|p1b: Sinistcha\n|-damage|p1b: Sinistcha|73/100\n|move|p1b: Sinistcha|Strength Sap|p2a: Incineroar\n|-unboost|p2a: Incineroar|atk|1\n|-heal|p1b: Sinistcha|100/100\n|move|p2a: Incineroar|Knock Off|p1a: Calyrex\n|-activate|p1a: Calyrex|move: Protect\n|\n|upkeep\n|turn|8\n|\n|t:|1774621109\n|move|p1a: Calyrex|Imprison|p1a: Calyrex\n|-start|p1a: Calyrex|move: Imprison\n|cant|p2b: Calyrex|move: Imprison|Glacial Lance\n|move|p1b: Sinistcha|Strength Sap|p2a: Incineroar\n|-unboost|p2a: Incineroar|atk|1\n|move|p2a: Incineroar|Knock Off|p1a: Calyrex\n|-supereffective|p1a: Calyrex\n|-crit|p1a: Calyrex\n|-damage|p1a: Calyrex|7/100\n|-enditem|p1a: Calyrex|Clear Amulet|[from] move: Knock Off|[of] p2a: Incineroar\n|\n|upkeep\n|turn|9\n|inactive|pzyxhic has 30 seconds left.\n|\n|t:|1774621138\n|move|p1a: Calyrex|Protect|p1a: Calyrex\n|-singleturn|p1a: Calyrex|Protect\n|move|p1b: Sinistcha|Life Dew||[still]|[spread] p1a,p1b\n|-heal|p1a: Calyrex|32/100\n|-fail|p1b: Sinistcha|heal\n|move|p2a: Incineroar|Knock Off|p1a: Calyrex\n|-activate|p1a: Calyrex|move: Protect\n|move|p2b: Calyrex|Trick Room|p2b: Calyrex\n|-fieldend|move: Trick Room\n|\n|upkeep\n|turn|10\n|\n|t:|1774621155\n|move|p1b: Sinistcha|Rage Powder|p1b: Sinistcha\n|-singleturn|p1b: Sinistcha|move: Rage Powder\n|move|p2a: Incineroar|Knock Off|p1b: Sinistcha\n|-damage|p1b: Sinistcha|86/100\n|-damage|p2a: Incineroar|57/100|[from] item: Rocky Helmet|[of] p1b: Sinistcha\n|-enditem|p1b: Sinistcha|Rocky Helmet|[from] move: Knock Off|[of] p2a: Incineroar\n|move|p1a: Calyrex|High Horsepower|p2a: Incineroar\n|-supereffective|p2a: Incineroar\n|-damage|p2a: Incineroar|0 fnt\n|faint|p2a: Incineroar\n|-ability|p1a: Calyrex|Chilling Neigh|boost\n|-boost|p1a: Calyrex|atk|1\n|move|p2b: Calyrex|Trick Room|p2b: Calyrex\n|-fieldstart|move: Trick Room|[of] p2b: Calyrex\n|\n|upkeep\n|turn|11\n|-message|parapapa123 forfeited.\n|\n|win|pzyxhic\n|raw|pzyxhic's rating: 1291 &rarr; <strong>1318</strong><br />(+27 for winning)\n|raw|parapapa123's rating: 1314 &rarr; <strong>1293</strong><br />(-21 for losing)\n|l|\u2606parapapa123\n|player|p2|\n|l|\u2606pzyxhic\n|player|p1|\n","uploadtime":1774621399,"views":12,"formatid":"gen9vgc2026regi","rating":1293,"private":0,"password":null}