{"id":"gen9vgc2026regi-2587464678","format":"[Gen 9] VGC 2026 Reg I","players":["pupparelli","MadMozzy"],"log":"|j|\u2606pupparelli\n|j|\u2606MadMozzy\n|t:|1776534053\n|gametype|doubles\n|player|p1|pupparelli|unknown|1369\n|player|p2|MadMozzy|nate|1429\n|gen|9\n|tier|[Gen 9] VGC 2026 Reg I\n|rated|\n|rule|Species Clause: Limit one of each Pok\u00e9mon\n|rule|Item Clause: Limit 1 of each item\n|clearpoke\n|poke|p1|Brute Bonnet, L50|\n|poke|p1|Lunala, L50|\n|poke|p1|Ursaluna, L50, F|\n|poke|p1|Chi-Yu, L50|\n|poke|p1|Koraidon, L50|\n|poke|p1|Flutter Mane, L50|\n|poke|p2|Calyrex-Ice, L50|\n|poke|p2|Kyogre, L50|\n|poke|p2|Iron Jugulis, L50|\n|poke|p2|Basculegion, L50, M|\n|poke|p2|Smeargle, L50, F|\n|poke|p2|Rillaboom, L50, F|\n|teampreview|4\n|inactive|Battle timer is ON: inactive players will automatically lose when time's up. (requested by pupparelli)\nMadMozzy has agreed to open team sheets.\n|inactive|MadMozzy has 60 seconds left.\n|\n|t:|1776534103\n|teamsize|p1|4\n|teamsize|p2|4\n|start\n|switch|p1a: Chi-Yu|Chi-Yu, L50|100/100\n|switch|p1b: Lunala|Lunala, L50|100/100\n|switch|p2a: Kyogre|Kyogre, L50|100/100\n|switch|p2b: Basculegion|Basculegion, L50, M|100/100\n|-ability|p1a: Chi-Yu|Beads of Ruin\n|-weather|RainDance|[from] ability: Drizzle|[of] p2a: Kyogre\n|turn|1\n|inactive|pupparelli has 30 seconds left.\n|inactive|pupparelli has 20 seconds left.\n|\n|t:|1776534140\n|move|p2b: Basculegion|Protect|p2b: Basculegion\n|-singleturn|p2b: Basculegion|Protect\n|move|p1a: Chi-Yu|Snarl|p2a: Kyogre|[spread] p2a\n|-activate|p2b: Basculegion|move: Protect\n|-damage|p2a: Kyogre|82/100\n|-unboost|p2a: Kyogre|spa|1\n|move|p1b: Lunala|Moongeist Beam|p2a: Kyogre\n|-damage|p2a: Kyogre|35/100\n|move|p2a: Kyogre|Water Spout|p1a: Chi-Yu|[spread] p1a,p1b\n|-supereffective|p1a: Chi-Yu\n|-damage|p1a: Chi-Yu|38/100\n|-damage|p1b: Lunala|88/100\n|\n|-weather|RainDance|[upkeep]\n|upkeep\n|turn|2\n|inactive|MadMozzy has 30 seconds left.\n|\n|t:|1776534166\n|move|p2b: Basculegion|Last Respects|p1a: Chi-Yu\n|-resisted|p1a: Chi-Yu\n|-damage|p1a: Chi-Yu|11/100\n|-damage|p2b: Basculegion|91/100|[from] item: Life Orb\n|move|p1a: Chi-Yu|Snarl|p2a: Kyogre|[spread] p2a,p2b\n|-supereffective|p2b: Basculegion\n|-damage|p2a: Kyogre|14/100\n|-damage|p2b: Basculegion|27/100\n|-unboost|p2a: Kyogre|spa|1\n|-unboost|p2b: Basculegion|spa|1\n|move|p1b: Lunala|Moongeist Beam|p2b: Basculegion\n|-supereffective|p2b: Basculegion\n|-damage|p2b: Basculegion|0 fnt\n|faint|p2b: Basculegion\n|move|p2a: Kyogre|Hydro Pump|p1b: Lunala|[miss]\n|-miss|p2a: Kyogre|p1b: Lunala\n|\n|-weather|RainDance|[upkeep]\n|upkeep\n|\n|t:|1776534186\n|switch|p2b: Smeargle|Smeargle, L50, F|100/100\n|turn|3\n|\n|t:|1776534195\n|move|p2a: Kyogre|Protect|p2a: Kyogre\n|-singleturn|p2a: Kyogre|Protect\n|move|p2b: Smeargle|Fake Out|p1a: Chi-Yu\n|-damage|p1a: Chi-Yu|0 fnt\n|faint|p1a: Chi-Yu\n|move|p1b: Lunala|Meteor Beam||[still]\n|-prepare|p1b: Lunala|Meteor Beam\n|-boost|p1b: Lunala|spa|1\n|-enditem|p1b: Lunala|Power Herb\n|-anim|p1b: Lunala|Meteor Beam|p2b: Smeargle\n|-enditem|p2b: Smeargle|Focus Sash\n|-damage|p2b: Smeargle|1/100\n|\n|-weather|RainDance|[upkeep]\n|upkeep\n|\n|t:|1776534211\n|switch|p1a: Brute Bonnet|Brute Bonnet, L50|100/100\n|turn|4\n|\n|t:|1776534226\n|move|p2b: Smeargle|Follow Me|p2b: Smeargle\n|-singleturn|p2b: Smeargle|move: Follow Me\n|move|p1b: Lunala|Meteor Beam||[still]\n|-prepare|p1b: Lunala|Meteor Beam\n|-boost|p1b: Lunala|spa|1\n|move|p2a: Kyogre|Origin Pulse|p1b: Lunala|[spread] p1a,p1b\n|-resisted|p1a: Brute Bonnet\n|-damage|p1a: Brute Bonnet|80/100\n|-damage|p1b: Lunala|56/100\n|move|p1a: Brute Bonnet|Seed Bomb|p2b: Smeargle\n|-damage|p2b: Smeargle|0 fnt\n|faint|p2b: Smeargle\n|\n|-weather|RainDance|[upkeep]\n|upkeep\n|\n|t:|1776534237\n|switch|p2b: Calyrex|Calyrex-Ice, L50|100/100\n|-ability|p2b: Calyrex|As One\n|-ability|p2b: Calyrex|Unnerve\n|turn|5\n|inactive|pupparelli has 30 seconds left.\n|inactive|pupparelli has 20 seconds left.\n|\n|t:|1776534276\n|-terastallize|p2b: Calyrex|Fairy\n|move|p1a: Brute Bonnet|Sucker Punch|p2a: Kyogre\n|-damage|p2a: Kyogre|0 fnt\n|faint|p2a: Kyogre\n|move|p1b: Lunala|Meteor Beam|p2b: Calyrex|[from] lockedmove\n|-damage|p2b: Calyrex|48/100\n|move|p2b: Calyrex|Trick Room|p2b: Calyrex\n|-fieldstart|move: Trick Room|[of] p2b: Calyrex\n|\n|-weather|none\n|-heal|p2b: Calyrex|54/100|[from] item: Leftovers\n|upkeep\n|turn|6\n|inactive|pupparelli has 30 seconds left.\n|inactive|pupparelli has 20 seconds left.\n|inactive|pupparelli has 15 seconds left.\n|inactive|pupparelli has 10 seconds left.\n|\n|t:|1776534322\n|move|p2b: Calyrex|Glacial Lance|p1b: Lunala|[spread] p1a,p1b\n|-supereffective|p1a: Brute Bonnet\n|-damage|p1a: Brute Bonnet|10/100\n|-damage|p1b: Lunala|14/100\n|move|p1a: Brute Bonnet|Spore|p2b: Calyrex\n|-status|p2b: Calyrex|slp|[from] move: Spore\n|move|p1b: Lunala|Moongeist Beam|p2b: Calyrex\n|-damage|p2b: Calyrex|0 fnt\n|-enditem|p1a: Brute Bonnet|Sitrus Berry|[eat]\n|-heal|p1a: Brute Bonnet|35/100|[from] item: Sitrus Berry\n|faint|p2b: Calyrex\n|\n|win|pupparelli\n|raw|pupparelli's rating: 1369 &rarr; <strong>1392</strong><br />(+23 for winning)\n|raw|MadMozzy's rating: 1429 &rarr; <strong>1406</strong><br />(-23 for losing)\n|l|\u2606pupparelli\n|player|p1|\n","uploadtime":1776534479,"views":8,"formatid":"gen9vgc2026regi","rating":1392,"private":0,"password":null}