{"id":"gen9vgc2026regi-2560591592","format":"[Gen 9] VGC 2026 Reg I","players":["Than man3.14","pigs2fly"],"log":"|j|\u2606Than man3.14\n|j|\u2606pigs2fly\n|html|<table width=\"100%\"><tr><td align=\"left\">Than man3.14</td><td align=\"right\">pigs2fly</tr><tr><td align=\"left\"><i class=\"fa fa-circle-o\"></i> <i class=\"fa fa-circle-o\"></i> </td><td align=\"right\"><i class=\"fa fa-circle-o\"></i> <i class=\"fa fa-circle-o\"></i> </tr></table>\n|uhtml|bestof|<h2><strong>Game 1</strong> of <a href=\"/game-bestof3-gen9vgc2026regi-2560591591\">a best-of-3</a></h2>\n|t:|1773702294\n|gametype|doubles\n|player|p1|Than man3.14|steven|\n|player|p2|pigs2fly|dexio|\n|gen|9\n|tier|[Gen 9] VGC 2026 Reg I\n|rule|Species Clause: Limit one of each Pok\u00e9mon\n|rule|Item Clause: Limit 1 of each item\n|raw|<div class=\"infobox\"><details class=\"readmore\" open><summary><strong>1 custom rule:</strong></summary> Best of = 3</details></div>\n|clearpoke\n|poke|p1|Koraidon, L50|\n|poke|p1|Flutter Mane, L50|\n|poke|p1|Chi-Yu, L50|\n|poke|p1|Brute Bonnet, L50|\n|poke|p1|Lunala, L50|\n|poke|p1|Ursaluna, L50, M|\n|poke|p2|Annihilape, L50, M|\n|poke|p2|Tornadus, L50, M|\n|poke|p2|Dondozo, L50, M|\n|poke|p2|Tatsugiri, L50, M|\n|poke|p2|Zacian-*, L50|\n|poke|p2|Kyogre, L50|\n|teampreview|4\npigs2fly has agreed to open team sheets.\nThan man3.14 has agreed to open team sheets.\n|showteam|p1|Koraidon||LifeOrb|OrichalcumPulse|CloseCombat,FlareBlitz,FlameCharge,Protect||||||50|,,,,,Fire]Flutter Mane||FocusSash|Protosynthesis|Moonblast,ShadowBall,IcyWind,Protect||||||50|,,,,,Stellar]Chi-Yu||ChoiceScarf|BeadsofRuin|HeatWave,Overheat,DarkPulse,Snarl||||||50|,,,,,Ghost]Brute Bonnet||CovertCloak|Protosynthesis|Spore,RagePowder,SeedBomb,SuckerPunch||||||50|,,,,,Water]Lunala||PowerHerb|ShadowShield|MeteorBeam,MoongeistBeam,WideGuard,TrickRoom||||||50|,,,,,Fairy]Ursaluna||FlameOrb|Guts|Facade,HeadlongRush,Earthquake,Protect|||M|||50|,,,,,Ghost\n|showteam|p2|Annihilape||ChoiceScarf|Defiant|FinalGambit,Coaching,CloseCombat,ShadowClaw|||M|||50|,,,,,Ground]Tornadus||AbilityShield|Prankster|Protect,Tailwind,Hurricane,RainDance|||M|||50|,,,,,Steel]Dondozo||Leftovers|Unaware|Protect,OrderUp,Earthquake,WaveCrash|||M|||50|,,,,,Grass]Tatsugiri||FocusSash|Commander|Protect,Taunt,MuddyWater,DragonPulse|||M|||50|,,,,,Stellar]Zacian-Crowned||RustedSword|IntrepidSword|Protect,Substitute,PlayRough,behemothblade||||||50|,,,,,Fairy]Kyogre||ChoiceSpecs|Drizzle|IceBeam,HydroPump,OriginPulse,WaterSpout||||||50|,,,,,Ghost\n|\n|t:|1773702380\n|teamsize|p1|4\n|teamsize|p2|4\n|start\n|switch|p1a: Flutter Mane|Flutter Mane, L50, shiny|100/100\n|switch|p1b: Chi-Yu|Chi-Yu, L50, shiny|100/100\n|switch|p2a: Tornadus|Tornadus, L50, M|100/100\n|switch|p2b: Kyogre|Kyogre, L50|100/100\n|-ability|p1b: Chi-Yu|Beads of Ruin\n|-weather|RainDance|[from] ability: Drizzle|[of] p2b: Kyogre\n|turn|1\n|\n|t:|1773702414\n|switch|p1b: Koraidon|Koraidon, L50, shiny|100/100\n|-weather|SunnyDay|[from] ability: Orichalcum Pulse|[of] p1b: Koraidon\n|-activate|p1a: Flutter Mane|ability: Protosynthesis\n|-start|p1a: Flutter Mane|protosynthesisspe\n|-activate|p1b: Koraidon|Orichalcum Pulse|[source]\n|move|p2a: Tornadus|Tailwind|p2a: Tornadus\n|-sidestart|p2: pigs2fly|move: Tailwind\n|move|p1a: Flutter Mane|Icy Wind|p2a: Tornadus|[spread] p2a,p2b\n|-supereffective|p2a: Tornadus\n|-resisted|p2b: Kyogre\n|-damage|p2a: Tornadus|58/100\n|-damage|p2b: Kyogre|95/100\n|-unboost|p2a: Tornadus|spe|1\n|-unboost|p2b: Kyogre|spe|1\n|move|p2b: Kyogre|Water Spout|p1b: Koraidon|[spread] p1a,p1b\n|-resisted|p1b: Koraidon\n|-damage|p1a: Flutter Mane|50/100\n|-damage|p1b: Koraidon|76/100\n|\n|-weather|SunnyDay|[upkeep]\n|upkeep\n|turn|2\n|\n|t:|1773702451\n|-terastallize|p2b: Kyogre|Ghost\n|move|p1a: Flutter Mane|Protect|p1a: Flutter Mane\n|-singleturn|p1a: Flutter Mane|Protect\n|move|p2a: Tornadus|Rain Dance|p2a: Tornadus\n|-weather|RainDance\n|-end|p1a: Flutter Mane|Protosynthesis\n|move|p1b: Koraidon|Flame Charge|p2a: Tornadus\n|-damage|p2a: Tornadus|40/100\n|-boost|p1b: Koraidon|spe|1\n|-damage|p1b: Koraidon|66/100|[from] item: Life Orb\n|move|p2b: Kyogre|Water Spout|p1b: Koraidon|[spread] p1b\n|-activate|p1a: Flutter Mane|move: Protect\n|-resisted|p1b: Koraidon\n|-damage|p1b: Koraidon|0 fnt\n|faint|p1b: Koraidon\n|\n|-weather|RainDance|[upkeep]\n|upkeep\n|\n|t:|1773702472\n|switch|p1b: Lunala|Lunala, L50, shiny|100/100\n|turn|3\n|\n|t:|1773702484\n|switch|p2a: Tatsugiri|Tatsugiri, L50, M|100/100\n|switch|p2b: Dondozo|Dondozo, L50, M|100/100\n|-activate|p2a: Tatsugiri|ability: Commander|[of] p2b: Dondozo\n|-boost|p2b: Dondozo|atk|2\n|-boost|p2b: Dondozo|spa|2\n|-boost|p2b: Dondozo|spe|2\n|-boost|p2b: Dondozo|def|2\n|-boost|p2b: Dondozo|spd|2\n|move|p1a: Flutter Mane|Protect||[still]\n|-fail|p1a: Flutter Mane\n|move|p1b: Lunala|Meteor Beam||[still]\n|-prepare|p1b: Lunala|Meteor Beam\n|-boost|p1b: Lunala|spa|1\n|-enditem|p1b: Lunala|Power Herb\n|-anim|p1b: Lunala|Meteor Beam|p2a: Tatsugiri|[miss]\n|-miss|p1b: Lunala|p2a: Tatsugiri\n|\n|-weather|RainDance|[upkeep]\n|upkeep\n|turn|4\n|\n|t:|1773702516\n|-end|p1a: Flutter Mane|Protosynthesis|[silent]\n|switch|p1a: Chi-Yu|Chi-Yu, L50, shiny|100/100\n|-ability|p1a: Chi-Yu|Beads of Ruin\n|move|p2b: Dondozo|Earthquake|p1b: Lunala|[spread] p1a,p1b\n|-miss|p2b: Dondozo|p2a: Tatsugiri\n|-supereffective|p1a: Chi-Yu\n|-damage|p1a: Chi-Yu|0 fnt\n|-damage|p1b: Lunala|85/100\n|faint|p1a: Chi-Yu\n|move|p1b: Lunala|Moongeist Beam|p2b: Dondozo\n|-damage|p2b: Dondozo|58/100\n|\n|-weather|RainDance|[upkeep]\n|-heal|p2b: Dondozo|64/100|[from] item: Leftovers\n|-sideend|p2: pigs2fly|move: Tailwind\n|upkeep\n|\n|t:|1773702528\n|switch|p1a: Flutter Mane|Flutter Mane, L50, shiny|50/100\n|turn|5\n|\n|t:|1773702542\n|-terastallize|p1a: Flutter Mane|Stellar\n|move|p2b: Dondozo|Protect|p2b: Dondozo\n|-singleturn|p2b: Dondozo|Protect\n|move|p1a: Flutter Mane|Moonblast|p2b: Dondozo\n|-activate|p2b: Dondozo|move: Protect\n|move|p1b: Lunala|Moongeist Beam|p2b: Dondozo\n|-activate|p2b: Dondozo|move: Protect\n|\n|-weather|RainDance|[upkeep]\n|-heal|p2b: Dondozo|70/100|[from] item: Leftovers\n|upkeep\n|turn|6\n|\n|t:|1773702554\n|move|p1a: Flutter Mane|Moonblast|p2b: Dondozo\n|-damage|p2b: Dondozo|39/100\n|move|p2b: Dondozo|Wave Crash|p1a: Flutter Mane\n|-damage|p1a: Flutter Mane|0 fnt\n|faint|p1a: Flutter Mane\n|-end|p1a: Flutter Mane|Protosynthesis|[silent]\n|-damage|p2b: Dondozo|30/100|[from] Recoil\n|move|p1b: Lunala|Moongeist Beam|p2b: Dondozo\n|-damage|p2b: Dondozo|0 fnt\n|faint|p2b: Dondozo\n|\n|-weather|none\n|upkeep\n|\n|t:|1773702556\n|switch|p2b: Kyogre|Kyogre, L50, tera:Ghost|95/100\n|-weather|RainDance|[from] ability: Drizzle|[of] p2b: Kyogre\n|turn|7\n|\n|t:|1773702575\n|move|p2b: Kyogre|Water Spout|p1b: Lunala\n|-damage|p1b: Lunala|0 fnt\n|faint|p1b: Lunala\n|\n|win|pigs2fly\n||pigs2fly is ready for game 2.\n||Than man3.14 is ready for game 2.\n|uhtml|next|Next: <a href=\"/battle-gen9vgc2026regi-2560594412\"><strong>Game 2 of 3</strong></a>\n","uploadtime":1773702816,"views":5,"formatid":"gen9vgc2026regi","rating":null,"private":0,"password":null}