{"id":"gen9vgc2026regi-2563942795","format":"[Gen 9] VGC 2026 Reg I","players":["soten soten","Galact7adi"],"log":"|j|\u2606soten soten\n|j|\u2606Galact7adi\n|t:|1774089109\n|gametype|doubles\n|player|p1|soten soten|hilbert|1474\n|player|p2|Galact7adi|169|1565\n|gen|9\n|tier|[Gen 9] VGC 2026 Reg I\n|rated|\n|rule|Species Clause: Limit one of each Pok\u00e9mon\n|rule|Item Clause: Limit 1 of each item\n|clearpoke\n|poke|p1|Miraidon, L50|\n|poke|p1|Zamazenta-*, L50|\n|poke|p1|Grimmsnarl, L50, M|\n|poke|p1|Volcarona, L50, F|\n|poke|p1|Landorus, L50, M|\n|poke|p1|Ditto, L50|\n|poke|p2|Calyrex-Shadow, L50|\n|poke|p2|Zamazenta-*, L50|\n|poke|p2|Chien-Pao, L50|\n|poke|p2|Dragonite, L50, M|\n|poke|p2|Raging Bolt, L50|\n|poke|p2|Amoonguss, L50, M|\n|teampreview|4\n|inactive|Battle timer is ON: inactive players will automatically lose when time's up. (requested by Galact7adi)\n|inactive|soten soten also wants the timer to be on.\n|\n|t:|1774089137\n|teamsize|p1|4\n|teamsize|p2|4\n|start\n|switch|p1a: Miraidon|Miraidon, L50|100/100\n|switch|p1b: Grimmsnarl|Grimmsnarl, L50, M|100/100\n|switch|p2a: Dragonite|Dragonite, L50, M|100/100\n|switch|p2b: Chien-Pao|Chien-Pao, L50|100/100\n|-ability|p2b: Chien-Pao|Sword of Ruin\n|-fieldstart|move: Electric Terrain|[from] ability: Hadron Engine|[of] p1a: Miraidon\n|turn|1\n|inactive|soten soten has 30 seconds left.\n|\n|t:|1774089169\n|-terastallize|p1a: Miraidon|Electric\n|-terastallize|p2a: Dragonite|Normal\n|move|p1b: Grimmsnarl|Fake Out|p2b: Chien-Pao\n|-damage|p2b: Chien-Pao|87/100\n|move|p2a: Dragonite|Extreme Speed|p1b: Grimmsnarl\n|-damage|p1b: Grimmsnarl|17/100\n|cant|p2b: Chien-Pao|flinch\n|move|p1a: Miraidon|Electro Drift|p2b: Chien-Pao\n|-damage|p2b: Chien-Pao|0 fnt\n|faint|p2b: Chien-Pao\n|\n|upkeep\n|\n|t:|1774089186\n|switch|p2b: Calyrex|Calyrex-Shadow, L50|100/100\n|-ability|p2b: Calyrex|As One\n|-ability|p2b: Calyrex|Unnerve\n|turn|2\n|\n|t:|1774089199\n|move|p2b: Calyrex|Protect|p2b: Calyrex\n|-singleturn|p2b: Calyrex|Protect\n|move|p2a: Dragonite|Extreme Speed|p1b: Grimmsnarl\n|-damage|p1b: Grimmsnarl|0 fnt\n|faint|p1b: Grimmsnarl\n|move|p1a: Miraidon|Parabolic Charge|p2b: Calyrex|[spread] p2a\n|-activate|p2b: Calyrex|move: Protect\n|-damage|p2a: Dragonite|46/100\n|\n|upkeep\n|\n|t:|1774089201\n|switch|p1b: Ditto|Ditto, L50|100/100\n|-transform|p1b: Ditto|p2a: Dragonite|[from] ability: Imposter\n|-start|p1b: Ditto|typechange|Dragon/Flying|[silent]\n|turn|3\n|\n|t:|1774089219\n|move|p2a: Dragonite|Extreme Speed|p1b: Ditto\n|-damage|p1b: Ditto|15/100\n|move|p1b: Ditto|Aqua Jet|p2b: Calyrex\n|-damage|p2b: Calyrex|82/100\n|move|p2b: Calyrex|Encore|p1a: Miraidon\n|-start|p1a: Miraidon|Encore\n|move|p1a: Miraidon|Parabolic Charge|p2b: Calyrex|[spread] p1b,p2a,p2b\n|-damage|p1b: Ditto|0 fnt\n|-damage|p2a: Dragonite|0 fnt\n|-damage|p2b: Calyrex|21/100\n|faint|p1b: Ditto\n|faint|p2a: Dragonite\n|\n|upkeep\n|\n|t:|1774089226\n|switch|p2a: Zamazenta|Zamazenta-Crowned, L50|100/100\n|switch|p1b: Zamazenta|Zamazenta-Crowned, L50|100/100\n|-ability|p1b: Zamazenta|Dauntless Shield|boost\n|-boost|p1b: Zamazenta|def|1\n|-ability|p2a: Zamazenta|Dauntless Shield|boost\n|-boost|p2a: Zamazenta|def|1\n|turn|4\n|\n|t:|1774089238\n|move|p2a: Zamazenta|Wide Guard|p2a: Zamazenta\n|-singleturn|p2a: Zamazenta|Wide Guard\n|move|p2b: Calyrex|Psychic|p1b: Zamazenta\n|-damage|p1b: Zamazenta|63/100\n|move|p1a: Miraidon|Parabolic Charge|p2b: Calyrex|[spread] p1b\n|-activate|p2a: Zamazenta|move: Wide Guard\n|-activate|p2b: Calyrex|move: Wide Guard\n|-damage|p1b: Zamazenta|22/100\n|move|p1b: Zamazenta|Behemoth Bash|p2b: Calyrex\n|-damage|p2b: Calyrex|0 fnt\n|faint|p2b: Calyrex\n|\n|upkeep\n|turn|5\n|\n|t:|1774089250\n|move|p1b: Zamazenta|Protect|p1b: Zamazenta\n|-singleturn|p1b: Zamazenta|Protect\n|move|p2a: Zamazenta|Protect|p2a: Zamazenta\n|-singleturn|p2a: Zamazenta|Protect\n|move|p1a: Miraidon|Parabolic Charge|p2a: Zamazenta|[spread] \n|-activate|p1b: Zamazenta|move: Protect\n|-activate|p2a: Zamazenta|move: Protect\n|\n|-end|p1a: Miraidon|Encore\n|-fieldend|move: Electric Terrain\n|upkeep\n|turn|6\n|\n|t:|1774089256\n|move|p1a: Miraidon|Electro Drift|p2a: Zamazenta\n|-damage|p2a: Zamazenta|51/100\n|move|p1b: Zamazenta|Body Press|p2a: Zamazenta\n|-supereffective|p2a: Zamazenta\n|-damage|p2a: Zamazenta|0 fnt\n|faint|p2a: Zamazenta\n|\n|win|soten soten\n|raw|soten soten's rating: 1474 &rarr; <strong>1499</strong><br />(+25 for winning)\n|raw|Galact7adi's rating: 1565 &rarr; <strong>1540</strong><br />(-25 for losing)\n|l|\u2606soten soten\n|player|p1|\n|l|\u2606Galact7adi\n|player|p2|\n","uploadtime":1774089461,"views":16,"formatid":"gen9vgc2026regi","rating":1499,"private":0,"password":null}