{"id":"gen9vgc2026regi-2563818545","format":"[Gen 9] VGC 2026 Reg I","players":["zifeng","TheManOfSausage"],"log":"|j|\u2606zifeng\n|j|\u2606TheManOfSausage\n|t:|1774066405\n|gametype|doubles\n|player|p1|zifeng|lucas|1316\n|player|p2|TheManOfSausage|miku-water|1455\n|gen|9\n|tier|[Gen 9] VGC 2026 Reg I\n|rated|\n|rule|Species Clause: Limit one of each Pok\u00e9mon\n|rule|Item Clause: Limit 1 of each item\n|clearpoke\n|poke|p1|Kyogre, L50|\n|poke|p1|Tornadus, L50, M|\n|poke|p1|Urshifu-*, L50, M|\n|poke|p1|Landorus, L50, M|\n|poke|p1|Rillaboom, L50, M|\n|poke|p1|Calyrex-Shadow, L50|\n|poke|p2|Calyrex-Shadow, L50|\n|poke|p2|Miraidon, L50|\n|poke|p2|Clefairy, L50, M|\n|poke|p2|Rillaboom, L50, M|\n|poke|p2|Incineroar, L50, M|\n|poke|p2|Urshifu-*, L50, M|\n|teampreview|4\nTheManOfSausage has agreed to open team sheets.\n|\n|t:|1774066440\n|teamsize|p1|4\n|teamsize|p2|4\n|start\n|switch|p1a: Kyogre|Kyogre, L50|100/100\n|switch|p1b: Tornadus|Tornadus, L50, M|100/100\n|switch|p2a: Magical Mirai|Miraidon, L50|100/100\n|switch|p2b: Rice Shower|Calyrex-Shadow, L50|100/100\n|-ability|p2b: Rice Shower|As One\n|-ability|p2b: Rice Shower|Unnerve\n|-fieldstart|move: Electric Terrain|[from] ability: Hadron Engine|[of] p2a: Magical Mirai\n|-weather|RainDance|[from] ability: Drizzle|[of] p1a: Kyogre\n|turn|1\n|\n|t:|1774066457\n|-terastallize|p1a: Kyogre|Grass\n|move|p2b: Rice Shower|Protect|p2b: Rice Shower\n|-singleturn|p2b: Rice Shower|Protect\n|move|p1b: Tornadus|Tailwind|p1b: Tornadus\n|-sidestart|p1: zifeng|move: Tailwind\n|move|p1a: Kyogre|Water Spout|p2b: Rice Shower|[spread] p2a\n|-activate|p2b: Rice Shower|move: Protect\n|-resisted|p2a: Magical Mirai\n|-damage|p2a: Magical Mirai|47/100\n|move|p2a: Magical Mirai|Snarl|p1b: Tornadus|[spread] p1a,p1b\n|-damage|p1a: Kyogre|86/100\n|-damage|p1b: Tornadus|76/100\n|-unboost|p1a: Kyogre|spa|1\n|-unboost|p1b: Tornadus|spa|1\n|\n|-weather|RainDance|[upkeep]\n|upkeep\n|turn|2\n|\n|t:|1774066474\n|move|p1b: Tornadus|Bleakwind Storm|p2a: Magical Mirai|[spread] p2a,p2b\n|-resisted|p2a: Magical Mirai\n|-damage|p2a: Magical Mirai|36/100\n|-damage|p2b: Rice Shower|74/100\n|move|p1a: Kyogre|Water Spout|p2b: Rice Shower|[spread] p2a,p2b\n|-resisted|p2a: Magical Mirai\n|-damage|p2a: Magical Mirai|4/100\n|-damage|p2b: Rice Shower|5/100\n|move|p2a: Magical Mirai|Snarl|p1a: Kyogre|[spread] p1a,p1b\n|-damage|p1a: Kyogre|70/100\n|-damage|p1b: Tornadus|54/100\n|-unboost|p1a: Kyogre|spa|1\n|-unboost|p1b: Tornadus|spa|1\n|move|p2b: Rice Shower|Astral Barrage|p1a: Kyogre|[spread] p1a,p1b\n|-damage|p1a: Kyogre|28/100\n|-damage|p1b: Tornadus|0 fnt\n|faint|p1b: Tornadus\n|-ability|p2b: Rice Shower|Grim Neigh|boost\n|-boost|p2b: Rice Shower|spa|1\n|\n|-weather|RainDance|[upkeep]\n|upkeep\n|\n|t:|1774066494\n|switch|p1b: Calyrex|Calyrex-Shadow, L50|100/100\n|-ability|p1b: Calyrex|As One\n|-ability|p1b: Calyrex|Unnerve\n|turn|3\n|\n|t:|1774066499\n|switch|p1a: Landorus|Landorus, L50, M|100/100\n|switch|p2a: Rillaboom|Rillaboom, L50, M|100/100\n|-fieldstart|move: Grassy Terrain|[from] ability: Grassy Surge|[of] p2a: Rillaboom\n|move|p2b: Rice Shower|Protect|p2b: Rice Shower\n|-singleturn|p2b: Rice Shower|Protect\n|move|p1b: Calyrex|Astral Barrage|p2b: Rice Shower|[spread] p2a\n|-activate|p2b: Rice Shower|move: Protect\n|-damage|p2a: Rillaboom|63/100\n|\n|-weather|RainDance|[upkeep]\n|-heal|p2b: Rice Shower|11/100|[from] Grassy Terrain\n|-heal|p2a: Rillaboom|69/100|[from] Grassy Terrain\n|upkeep\n|turn|4\n|\n|t:|1774066527\n|switch|p2b: Incineroar|Incineroar, L50, M, shiny|100/100\n|-ability|p2b: Incineroar|Intimidate|boost\n|-unboost|p1a: Landorus|atk|1\n|-unboost|p1b: Calyrex|atk|1\n|move|p2a: Rillaboom|Fake Out|p1a: Landorus\n|-damage|p1a: Landorus|88/100\n|move|p1b: Calyrex|Psychic|p2b: Incineroar\n|-immune|p2b: Incineroar\n|cant|p1a: Landorus|flinch\n|\n|-weather|RainDance|[upkeep]\n|-heal|p2a: Rillaboom|75/100|[from] Grassy Terrain\n|-sideend|p1: zifeng|move: Tailwind\n|upkeep\n|turn|5\n|\n|t:|1774066549\n|move|p2b: Incineroar|Fake Out|p1a: Landorus\n|-damage|p1a: Landorus|76/100\n|move|p1b: Calyrex|Astral Barrage|p2a: Rillaboom|[spread] p2a,p2b\n|-resisted|p2b: Incineroar\n|-damage|p2a: Rillaboom|38/100\n|-damage|p2b: Incineroar|77/100\n|cant|p1a: Landorus|flinch\n|move|p2a: Rillaboom|U-turn|p1b: Calyrex\n|-damage|p1b: Calyrex|73/100\n|\n|t:|1774066556\n|switch|p2a: Magical Mirai|Miraidon, L50|4/100|[from] U-turn\n|-fieldstart|move: Electric Terrain|[from] ability: Hadron Engine|[of] p2a: Magical Mirai\n|\n|-weather|none\n|upkeep\n|turn|6\n|\n|t:|1774066567\n|switch|p1b: Kyogre|Kyogre, L50, tera:Grass|28/100\n|-weather|RainDance|[from] ability: Drizzle|[of] p1b: Kyogre\n|move|p2a: Magical Mirai|Draco Meteor|p1a: Landorus\n|-damage|p1a: Landorus|0 fnt\n|-unboost|p2a: Magical Mirai|spa|2\n|faint|p1a: Landorus\n|move|p2b: Incineroar|Knock Off|p1b: Kyogre\n|-damage|p1b: Kyogre|0 fnt\n|-enditem|p1b: Kyogre|Mystic Water|[from] move: Knock Off|[of] p2b: Incineroar\n|faint|p1b: Kyogre\n|\n|-weather|RainDance|[upkeep]\n|upkeep\n|c|\u2606TheManOfSausage|gg\n|\n|t:|1774066581\n|switch|p1b: Calyrex|Calyrex-Shadow, L50|73/100\n|-ability|p1b: Calyrex|As One\n|-ability|p1b: Calyrex|Unnerve\n|turn|7\n|\n|t:|1774066588\n|move|p2a: Magical Mirai|Draco Meteor|p1b: Calyrex\n|-damage|p1b: Calyrex|19/100\n|-unboost|p2a: Magical Mirai|spa|2\n|move|p1b: Calyrex|Astral Barrage|p2b: Incineroar|[spread] p2a,p2b\n|-resisted|p2b: Incineroar\n|-damage|p2a: Magical Mirai|0 fnt\n|-damage|p2b: Incineroar|48/100\n|faint|p2a: Magical Mirai\n|-ability|p1b: Calyrex|Grim Neigh|boost\n|-boost|p1b: Calyrex|spa|1\n|move|p2b: Incineroar|Knock Off|p1b: Calyrex\n|-supereffective|p1b: Calyrex\n|-crit|p1b: Calyrex\n|-damage|p1b: Calyrex|0 fnt\n|-enditem|p1b: Calyrex|Focus Sash|[from] move: Knock Off|[of] p2b: Incineroar\n|faint|p1b: Calyrex\n|\n|win|TheManOfSausage\n|raw|zifeng's rating: 1316 &rarr; <strong>1304</strong><br />(-12 for losing)\n|raw|TheManOfSausage's rating: 1455 &rarr; <strong>1467</strong><br />(+12 for winning)\n|l|\u2606zifeng\n|player|p1|\n|l|\u2606TheManOfSausage\n|player|p2|\n","uploadtime":1774066847,"views":13,"formatid":"gen9vgc2026regi","rating":1304,"private":0,"password":null}