{"id":"gen9vgc2026regi-2543496382","format":"[Gen 9] VGC 2026 Reg I","players":["luuthanhdong","fogdocker"],"log":"|j|\u2606luuthanhdong\n|j|\u2606fogdocker\n|t:|1771583858\n|gametype|doubles\n|player|p1|luuthanhdong|biker-gen4|1329\n|player|p2|fogdocker|1|1444\n|gen|9\n|tier|[Gen 9] VGC 2026 Reg I\n|rated|\n|rule|Species Clause: Limit one of each Pok\u00e9mon\n|rule|Item Clause: Limit 1 of each item\n|clearpoke\n|poke|p1|Groudon, L50|\n|poke|p1|Sableye, L50, M|\n|poke|p1|Iron Valiant, L50|\n|poke|p1|Chien-Pao, L50|\n|poke|p1|Ho-Oh, L50|\n|poke|p1|Flutter Mane, L50|\n|poke|p2|Calyrex-Ice, L50|\n|poke|p2|Koraidon, L50|\n|poke|p2|Flutter Mane, L50|\n|poke|p2|Incineroar, L50, M|\n|poke|p2|Rillaboom, L50, M|\n|poke|p2|Volcarona, L50, F|\n|teampreview|4\n|\n|t:|1771583887\n|teamsize|p1|4\n|teamsize|p2|4\n|start\n|switch|p1a: Sableye|Sableye, L50, M|100/100\n|switch|p1b: Iron Valiant|Iron Valiant, L50|100/100\n|switch|p2a: Calyrex|Calyrex-Ice, L50|100/100\n|switch|p2b: Incineroar|Incineroar, L50, M|100/100\n|-ability|p2a: Calyrex|As One\n|-ability|p2a: Calyrex|Unnerve\n|-ability|p2b: Incineroar|Intimidate|boost\n|-unboost|p1a: Sableye|atk|1\n|-unboost|p1b: Iron Valiant|atk|1\n|-enditem|p1b: Iron Valiant|Booster Energy\n|-activate|p1b: Iron Valiant|ability: Quark Drive|[fromitem]\n|-start|p1b: Iron Valiant|quarkdrivespe\n|turn|1\n|\n|t:|1771583923\n|move|p2b: Incineroar|Fake Out|p1b: Iron Valiant\n|-damage|p1b: Iron Valiant|88/100\n|move|p1a: Sableye|Gravity|p1a: Sableye\n|-fieldstart|move: Gravity\n|cant|p1b: Iron Valiant|flinch\n|move|p2a: Calyrex|Glacial Lance|p1b: Iron Valiant|[spread] p1a,p1b\n|-damage|p1a: Sableye|28/100\n|-damage|p1b: Iron Valiant|29/100\n|\n|upkeep\n|turn|2\n|\n|t:|1771583944\n|switch|p2b: Rillaboom|Rillaboom, L50, M|100/100\n|-fieldstart|move: Grassy Terrain|[from] ability: Grassy Surge|[of] p2b: Rillaboom\n|switch|p1a: Groudon|Groudon, L50|100/100\n|-weather|SunnyDay|[from] ability: Drought|[of] p1a: Groudon\n|move|p2a: Calyrex|Protect|p2a: Calyrex\n|-singleturn|p2a: Calyrex|Protect\n|move|p1b: Iron Valiant|Hypnosis|p2a: Calyrex\n|-activate|p2a: Calyrex|move: Protect\n|\n|-weather|SunnyDay|[upkeep]\n|-heal|p1b: Iron Valiant|35/100|[from] Grassy Terrain\n|upkeep\n|turn|3\n|\n|t:|1771583976\n|-terastallize|p1a: Groudon|Fire\n|move|p1b: Iron Valiant|Wide Guard|p1b: Iron Valiant\n|-singleturn|p1b: Iron Valiant|Wide Guard\n|move|p2b: Rillaboom|Fake Out|p1b: Iron Valiant\n|-damage|p1b: Iron Valiant|19/100\n|move|p1a: Groudon|Precipice Blades|p2b: Rillaboom|[spread] p2a,p2b\n|-resisted|p2b: Rillaboom\n|-damage|p2a: Calyrex|71/100\n|-damage|p2b: Rillaboom|71/100\n|move|p2a: Calyrex|Trick Room|p2a: Calyrex\n|-fieldstart|move: Trick Room|[of] p2a: Calyrex\n|\n|-weather|SunnyDay|[upkeep]\n|-heal|p2a: Calyrex|77/100|[from] Grassy Terrain\n|-heal|p2a: Calyrex|83/100|[from] item: Leftovers\n|-heal|p2b: Rillaboom|77/100|[from] Grassy Terrain\n|-heal|p1b: Iron Valiant|25/100|[from] Grassy Terrain\n|upkeep\n|turn|4\n|\n|t:|1771583999\n|move|p1b: Iron Valiant|Wide Guard|p1b: Iron Valiant\n|-singleturn|p1b: Iron Valiant|Wide Guard\n|move|p2a: Calyrex|Leech Seed|p1a: Groudon\n|-start|p1a: Groudon|move: Leech Seed\n|move|p2b: Rillaboom|Wood Hammer|p1b: Iron Valiant\n|-damage|p1b: Iron Valiant|0 fnt\n|faint|p1b: Iron Valiant\n|-end|p1b: Iron Valiant|Quark Drive|[silent]\n|-damage|p2b: Rillaboom|71/100|[from] Recoil\n|move|p1a: Groudon|Precipice Blades|p2a: Calyrex|[spread] p2a,p2b\n|-resisted|p2b: Rillaboom\n|-damage|p2a: Calyrex|51/100\n|-damage|p2b: Rillaboom|41/100\n|\n|-weather|SunnyDay|[upkeep]\n|-heal|p2a: Calyrex|57/100|[from] Grassy Terrain\n|-heal|p2a: Calyrex|62/100|[from] item: Leftovers\n|-heal|p2b: Rillaboom|47/100|[from] Grassy Terrain\n|-damage|p1a: Groudon|88/100|[from] Leech Seed|[of] p2a: Calyrex\n|-heal|p2a: Calyrex|74/100|[silent]\n|upkeep\n|\n|t:|1771584020\n|switch|p1b: Sableye|Sableye, L50, M|28/100\n|turn|5\n|\n|t:|1771584028\n|move|p2b: Rillaboom|Grassy Glide|p1b: Sableye\n|-damage|p1b: Sableye|0 fnt\n|faint|p1b: Sableye\n|move|p2a: Calyrex|Glacial Lance|p1a: Groudon\n|-resisted|p1a: Groudon\n|-damage|p1a: Groudon|68/100\n|move|p1a: Groudon|Heat Crash|p2b: Rillaboom\n|-supereffective|p2b: Rillaboom\n|-damage|p2b: Rillaboom|0 fnt\n|faint|p2b: Rillaboom\n|\n|-weather|SunnyDay|[upkeep]\n|-heal|p2a: Calyrex|80/100|[from] Grassy Terrain\n|-heal|p2a: Calyrex|86/100|[from] item: Leftovers\n|-heal|p1a: Groudon|74/100|[from] Grassy Terrain\n|-damage|p1a: Groudon|62/100|[from] Leech Seed|[of] p2a: Calyrex\n|-heal|p2a: Calyrex|97/100|[silent]\n|-fieldend|move: Gravity\n|upkeep\n|\n|t:|1771584047\n|switch|p1b: Flutter Mane|Flutter Mane, L50|100/100\n|switch|p2b: Incineroar|Incineroar, L50, M|100/100\n|-ability|p2b: Incineroar|Intimidate|boost\n|-unboost|p1a: Groudon|atk|1\n|-unboost|p1b: Flutter Mane|atk|1\n|-activate|p1b: Flutter Mane|ability: Protosynthesis\n|-start|p1b: Flutter Mane|protosynthesisspe\n|turn|6\n|-message|luuthanhdong forfeited.\n|\n|win|fogdocker\n|raw|luuthanhdong's rating: 1329 &rarr; <strong>1315</strong><br />(-14 for losing)\n|raw|fogdocker's rating: 1444 &rarr; <strong>1458</strong><br />(+14 for winning)\n|l|\u2606luuthanhdong\n|player|p1|\n|l|\u2606fogdocker\n|player|p2|\n|j|\u2606fogdocker\n|player|p2|fogdocker|1|\n","uploadtime":1771584243,"views":12,"formatid":"gen9vgc2026regi","rating":1315,"private":0,"password":null}