{"id":"gen9vgc2026regi-2557432605","format":"[Gen 9] VGC 2026 Reg I","players":["blackred123","carrotvg"],"log":"|j|\u2606blackred123\n|j|\u2606carrotvg\n|t:|1773325406\n|gametype|doubles\n|player|p1|blackred123|iono-masters|1427\n|player|p2|carrotvg|lucas|1608\n|gen|9\n|tier|[Gen 9] VGC 2026 Reg I\n|rated|\n|rule|Species Clause: Limit one of each Pok\u00e9mon\n|rule|Item Clause: Limit 1 of each item\n|clearpoke\n|poke|p1|Groudon, L50|\n|poke|p1|Volcarona, L50, F|\n|poke|p1|Incineroar, L50, F|\n|poke|p1|Miraidon, L50|\n|poke|p1|Flutter Mane, L50|\n|poke|p1|Chien-Pao, L50|\n|poke|p2|Gothitelle, L50, M|\n|poke|p2|Scream Tail, L50|\n|poke|p2|Koraidon, L50|\n|poke|p2|Flutter Mane, L50|\n|poke|p2|Amoonguss, L50, M|\n|poke|p2|Incineroar, L50, M|\n|teampreview|4\n|inactive|Battle timer is ON: inactive players will automatically lose when time's up. (requested by blackred123)\n|\n|t:|1773325426\n|teamsize|p1|4\n|teamsize|p2|4\n|start\n|switch|p1a: \u6c38\u96cf\u5854\u83f2|Groudon, L50|100/100\n|switch|p1b: \u548c\u6211\u6574\u7ffc\u53d1|Flutter Mane, L50|100/100\n|switch|p2a: Koraidon|Koraidon, L50|100/100\n|switch|p2b: Flutter Mane|Flutter Mane, L50|100/100\n|-weather|SunnyDay|[from] ability: Orichalcum Pulse|[of] p2a: Koraidon\n|-activate|p2b: Flutter Mane|ability: Protosynthesis\n|-start|p2b: Flutter Mane|protosynthesisspe\n|-activate|p1b: \u548c\u6211\u6574\u7ffc\u53d1|ability: Protosynthesis\n|-start|p1b: \u548c\u6211\u6574\u7ffc\u53d1|protosynthesisspe\n|-activate|p2a: Koraidon|Orichalcum Pulse|[source]\n|turn|1\n|inactive|carrotvg has 30 seconds left.\n|\n|t:|1773325460\n|move|p1b: \u548c\u6211\u6574\u7ffc\u53d1|Protect|p1b: \u548c\u6211\u6574\u7ffc\u53d1\n|-singleturn|p1b: \u548c\u6211\u6574\u7ffc\u53d1|Protect\n|move|p2b: Flutter Mane|Icy Wind|p1a: \u6c38\u96cf\u5854\u83f2|[spread] p1a\n|-activate|p1b: \u548c\u6211\u6574\u7ffc\u53d1|move: Protect\n|-supereffective|p1a: \u6c38\u96cf\u5854\u83f2\n|-damage|p1a: \u6c38\u96cf\u5854\u83f2|80/100\n|-unboost|p1a: \u6c38\u96cf\u5854\u83f2|spe|1\n|move|p2a: Koraidon|Flame Charge|p1b: \u548c\u6211\u6574\u7ffc\u53d1\n|-activate|p1b: \u548c\u6211\u6574\u7ffc\u53d1|move: Protect\n|move|p1a: \u6c38\u96cf\u5854\u83f2|Precipice Blades|p2a: Koraidon|[spread] p2a,p2b\n|-damage|p2a: Koraidon|52/100\n|-enditem|p2b: Flutter Mane|Focus Sash\n|-damage|p2b: Flutter Mane|1/100\n|\n|-weather|SunnyDay|[upkeep]\n|upkeep\n|turn|2\n|\n|t:|1773325479\n|move|p1b: \u548c\u6211\u6574\u7ffc\u53d1|Icy Wind|p2a: Koraidon|[spread] p2a,p2b\n|-supereffective|p2a: Koraidon\n|-damage|p2a: Koraidon|25/100\n|-damage|p2b: Flutter Mane|0 fnt\n|-unboost|p2a: Koraidon|spe|1\n|faint|p2b: Flutter Mane\n|-end|p2b: Flutter Mane|Protosynthesis|[silent]\n|move|p2a: Koraidon|Close Combat|p1a: \u6c38\u96cf\u5854\u83f2\n|-damage|p1a: \u6c38\u96cf\u5854\u83f2|0 fnt\n|-unboost|p2a: Koraidon|def|1\n|-unboost|p2a: Koraidon|spd|1\n|faint|p1a: \u6c38\u96cf\u5854\u83f2\n|-damage|p2a: Koraidon|15/100|[from] item: Life Orb\n|\n|-weather|SunnyDay|[upkeep]\n|upkeep\n|\n|t:|1773325490\n|switch|p2b: Incineroar|Incineroar, L50, M|100/100\n|switch|p1a: \u94f6\u91d1\u5996\u86c7|Miraidon, L50, shiny|100/100\n|-fieldstart|move: Electric Terrain|[from] ability: Hadron Engine|[of] p1a: \u94f6\u91d1\u5996\u86c7\n|-ability|p2b: Incineroar|Intimidate|boost\n|-unboost|p1a: \u94f6\u91d1\u5996\u86c7|atk|1\n|-unboost|p1b: \u548c\u6211\u6574\u7ffc\u53d1|atk|1\n|turn|3\n|\n|t:|1773325500\n|switch|p2a: Amoonguss|Amoonguss, L50, M|100/100\n|move|p2b: Incineroar|Fake Out|p1a: \u94f6\u91d1\u5996\u86c7\n|-damage|p1a: \u94f6\u91d1\u5996\u86c7|92/100\n|move|p1b: \u548c\u6211\u6574\u7ffc\u53d1|Moonblast|p2a: Amoonguss\n|-resisted|p2a: Amoonguss\n|-damage|p2a: Amoonguss|83/100\n|cant|p1a: \u94f6\u91d1\u5996\u86c7|flinch\n|\n|-weather|SunnyDay|[upkeep]\n|upkeep\n|turn|4\n|\n|t:|1773325516\n|move|p2b: Incineroar|Protect|p2b: Incineroar\n|-singleturn|p2b: Incineroar|Protect\n|move|p1b: \u548c\u6211\u6574\u7ffc\u53d1|Moonblast|p2b: Incineroar\n|-activate|p2b: Incineroar|move: Protect\n|move|p1a: \u94f6\u91d1\u5996\u86c7|Draco Meteor|p2a: Amoonguss\n|-damage|p2a: Amoonguss|16/100\n|-unboost|p1a: \u94f6\u91d1\u5996\u86c7|spa|2\n|move|p2a: Amoonguss|Sludge Bomb|p1b: \u548c\u6211\u6574\u7ffc\u53d1\n|-damage|p1b: \u548c\u6211\u6574\u7ffc\u53d1|72/100\n|-status|p1b: \u548c\u6211\u6574\u7ffc\u53d1|psn\n|\n|-weather|SunnyDay|[upkeep]\n|-damage|p1b: \u548c\u6211\u6574\u7ffc\u53d1|60/100 psn|[from] psn\n|upkeep\n|turn|5\n|inactive|carrotvg has 30 seconds left.\n|\n|t:|1773325541\n|switch|p1a: \u629b\u4e0b\u864e\u54e5\u5578\u7a74|Incineroar, L50, F|100/100\n|-ability|p1a: \u629b\u4e0b\u864e\u54e5\u5578\u7a74|Intimidate|boost\n|-unboost|p2a: Amoonguss|atk|1\n|-unboost|p2b: Incineroar|atk|1\n|move|p1b: \u548c\u6211\u6574\u7ffc\u53d1|Moonblast|p2a: Amoonguss\n|-resisted|p2a: Amoonguss\n|-damage|p2a: Amoonguss|0 fnt\n|faint|p2a: Amoonguss\n|move|p2b: Incineroar|Flare Blitz|p1b: \u548c\u6211\u6574\u7ffc\u53d1\n|-damage|p1b: \u548c\u6211\u6574\u7ffc\u53d1|0 fnt\n|faint|p1b: \u548c\u6211\u6574\u7ffc\u53d1\n|-end|p1b: \u548c\u6211\u6574\u7ffc\u53d1|Protosynthesis|[silent]\n|-damage|p2b: Incineroar|88/100|[from] Recoil\n|\n|-weather|none\n|upkeep\n|\n|t:|1773325549\n|switch|p1b: \u94f6\u91d1\u5996\u86c7|Miraidon, L50, shiny|92/100\n|switch|p2a: Koraidon|Koraidon, L50|15/100\n|-activate|p1b: \u94f6\u91d1\u5996\u86c7|ability: Hadron Engine\n|-weather|SunnyDay|[from] ability: Orichalcum Pulse|[of] p2a: Koraidon\n|-activate|p2a: Koraidon|Orichalcum Pulse|[source]\n|turn|6\n|\n|t:|1773325567\n|-terastallize|p1b: \u94f6\u91d1\u5996\u86c7|Fairy\n|move|p2a: Koraidon|Protect|p2a: Koraidon\n|-singleturn|p2a: Koraidon|Protect\n|move|p2b: Incineroar|Protect|p2b: Incineroar\n|-singleturn|p2b: Incineroar|Protect\n|move|p1b: \u94f6\u91d1\u5996\u86c7|Electro Drift|p2b: Incineroar\n|-activate|p2b: Incineroar|move: Protect\n|move|p1a: \u629b\u4e0b\u864e\u54e5\u5578\u7a74|Knock Off|p2b: Incineroar\n|-activate|p2b: Incineroar|move: Protect\n|\n|-weather|SunnyDay|[upkeep]\n|upkeep\n|turn|7\n|\n|t:|1773325577\n|-terastallize|p2a: Koraidon|Fire\n|move|p1b: \u94f6\u91d1\u5996\u86c7|Electro Drift|p2a: Koraidon\n|-damage|p2a: Koraidon|0 fnt\n|faint|p2a: Koraidon\n|move|p1a: \u629b\u4e0b\u864e\u54e5\u5578\u7a74|Knock Off|p2b: Incineroar\n|-resisted|p2b: Incineroar\n|-damage|p2b: Incineroar|72/100\n|-enditem|p2b: Incineroar|Safety Goggles|[from] move: Knock Off|[of] p1a: \u629b\u4e0b\u864e\u54e5\u5578\u7a74\n|move|p2b: Incineroar|Flare Blitz|p1b: \u94f6\u91d1\u5996\u86c7\n|-damage|p1b: \u94f6\u91d1\u5996\u86c7|51/100\n|-damage|p2b: Incineroar|58/100|[from] Recoil\n|\n|-weather|SunnyDay|[upkeep]\n|-fieldend|move: Electric Terrain\n|upkeep\n|turn|8\n|-message|carrotvg forfeited.\n|\n|win|blackred123\n|raw|blackred123's rating: 1427 &rarr; <strong>1457</strong><br />(+30 for winning)\n|raw|carrotvg's rating: 1608 &rarr; <strong>1578</strong><br />(-30 for losing)\n|l|\u2606carrotvg\n|player|p2|\n|l|\u2606blackred123\n|player|p1|\n","uploadtime":1773325747,"views":13,"formatid":"gen9vgc2026regi","rating":1457,"private":0,"password":null}