{"id":"gen9vgc2026regi-2552128481","format":"[Gen 9] VGC 2026 Reg I","players":["ryo8989","VJ2511"],"log":"|j|\u2606ryo8989\n|j|\u2606VJ2511\n|t:|1772678820\n|gametype|doubles\n|player|p1|ryo8989|erika|1526\n|player|p2|VJ2511|red-masters3|1516\n|gen|9\n|tier|[Gen 9] VGC 2026 Reg I\n|rated|\n|rule|Species Clause: Limit one of each Pok\u00e9mon\n|rule|Item Clause: Limit 1 of each item\n|clearpoke\n|poke|p1|Calyrex-Shadow, L50|\n|poke|p1|Zamazenta-*, L50|\n|poke|p1|Rillaboom, L50, M|\n|poke|p1|Incineroar, L50, M|\n|poke|p1|Raging Bolt, L50|\n|poke|p1|Tornadus, L50, M|\n|poke|p2|Calyrex-Shadow, L50|\n|poke|p2|Zamazenta-*, L50|\n|poke|p2|Chien-Pao, L50|\n|poke|p2|Dragonite, L50, M|\n|poke|p2|Raging Bolt, L50|\n|poke|p2|Amoonguss, L50, M|\n|teampreview|4\n|inactive|Battle timer is ON: inactive players will automatically lose when time's up. (requested by VJ2511)\n|\n|t:|1772678834\n|teamsize|p1|4\n|teamsize|p2|4\n|start\n|switch|p1a: Zamazenta|Zamazenta-Crowned, L50|100/100\n|switch|p1b: Tornadus|Tornadus, L50, M|100/100\n|switch|p2a: Zamazenta|Zamazenta-Crowned, L50|100/100\n|switch|p2b: Chien-Pao|Chien-Pao, L50|100/100\n|-ability|p2b: Chien-Pao|Sword of Ruin\n|-ability|p1a: Zamazenta|Dauntless Shield|boost\n|-boost|p1a: Zamazenta|def|1\n|-ability|p2a: Zamazenta|Dauntless Shield|boost\n|-boost|p2a: Zamazenta|def|1\n|turn|1\n|inactive|ryo8989 has 30 seconds left.\n|\n|t:|1772678861\n|-terastallize|p2b: Chien-Pao|Poison\n|-terastallize|p1a: Zamazenta|Grass\n|move|p1b: Tornadus|Tailwind|p1b: Tornadus\n|-sidestart|p1: ryo8989|move: Tailwind\n|move|p1a: Zamazenta|Body Press|p2b: Chien-Pao\n|-resisted|p2b: Chien-Pao\n|-damage|p2b: Chien-Pao|54/100\n|move|p2b: Chien-Pao|Icy Wind|p1b: Tornadus|[spread] p1a,p1b\n|-supereffective|p1a: Zamazenta\n|-supereffective|p1b: Tornadus\n|-damage|p1a: Zamazenta|84/100\n|-damage|p1b: Tornadus|73/100\n|-unboost|p1a: Zamazenta|spe|1\n|move|p2a: Zamazenta|Body Press|p1a: Zamazenta\n|-damage|p1a: Zamazenta|46/100\n|\n|upkeep\n|turn|2\n|\n|t:|1772678881\n|move|p2b: Chien-Pao|Sucker Punch|p1b: Tornadus\n|-damage|p1b: Tornadus|18/100\n|move|p1b: Tornadus|Bleakwind Storm|p2b: Chien-Pao|[spread] p2a,p2b\n|-damage|p2a: Zamazenta|77/100\n|-damage|p2b: Chien-Pao|19/100\n|-unboost|p2b: Chien-Pao|spe|1\n|move|p1a: Zamazenta|Body Press|p2a: Zamazenta\n|-supereffective|p2a: Zamazenta\n|-damage|p2a: Zamazenta|9/100\n|move|p2a: Zamazenta|Body Press|p1a: Zamazenta\n|-damage|p1a: Zamazenta|9/100\n|\n|upkeep\n|turn|3\n|\n|t:|1772678904\n|move|p1b: Tornadus|Taunt|p2a: Zamazenta\n|-start|p2a: Zamazenta|move: Taunt\n|move|p2b: Chien-Pao|Sucker Punch|p1a: Zamazenta\n|-damage|p1a: Zamazenta|0 fnt\n|faint|p1a: Zamazenta\n|move|p2a: Zamazenta|Body Press|p1b: Tornadus\n|-resisted|p1b: Tornadus\n|-damage|p1b: Tornadus|0 fnt\n|faint|p1b: Tornadus\n|\n|upkeep\n|\n|t:|1772678916\n|switch|p1a: Raging Bolt|Raging Bolt, L50|100/100\n|switch|p1b: Calyrex|Calyrex-Shadow, L50|100/100\n|-ability|p1b: Calyrex|As One\n|-ability|p1b: Calyrex|Unnerve\n|-enditem|p1a: Raging Bolt|Booster Energy\n|-activate|p1a: Raging Bolt|ability: Protosynthesis|[fromitem]\n|-start|p1a: Raging Bolt|protosynthesisspa\n|turn|4\n|\n|t:|1772678927\n|move|p1a: Raging Bolt|Thunderclap|p2b: Chien-Pao\n|-damage|p2b: Chien-Pao|0 fnt\n|faint|p2b: Chien-Pao\n|move|p1b: Calyrex|Astral Barrage|p2a: Zamazenta\n|-damage|p2a: Zamazenta|0 fnt\n|faint|p2a: Zamazenta\n|-ability|p1b: Calyrex|Grim Neigh|boost\n|-boost|p1b: Calyrex|spa|1\n|-damage|p1b: Calyrex|91/100|[from] item: Life Orb\n|\n|-sideend|p1: ryo8989|move: Tailwind\n|upkeep\n|\n|t:|1772678932\n|switch|p2b: Dragonite|Dragonite, L50, M, shiny|100/100\n|switch|p2a: Calyrex|Calyrex-Shadow, L50|100/100\n|-ability|p2a: Calyrex|As One\n|-ability|p2a: Calyrex|Unnerve\n|turn|5\n|\n|t:|1772678951\n|move|p2a: Calyrex|Protect|p2a: Calyrex\n|-singleturn|p2a: Calyrex|Protect\n|move|p1b: Calyrex|Protect|p1b: Calyrex\n|-singleturn|p1b: Calyrex|Protect\n|move|p2b: Dragonite|Extreme Speed|p1a: Raging Bolt\n|-damage|p1a: Raging Bolt|56/100\n|move|p1a: Raging Bolt|Thunderbolt|p2a: Calyrex\n|-activate|p2a: Calyrex|move: Protect\n|\n|upkeep\n|turn|6\n|inactive|ryo8989 has 30 seconds left.\n|inactive|ryo8989 has 20 seconds left.\n|inactive|ryo8989 has 15 seconds left.\n|inactive|ryo8989 has 10 seconds left.\n|inactive|ryo8989 has 5 seconds left.\n|\n|t:|1772679006\n|move|p2b: Dragonite|Extreme Speed|p1a: Raging Bolt\n|-damage|p1a: Raging Bolt|10/100\n|move|p2a: Calyrex|Astral Barrage|p1a: Raging Bolt|[spread] p1a,p1b\n|-supereffective|p1b: Calyrex\n|-damage|p1a: Raging Bolt|0 fnt\n|-damage|p1b: Calyrex|0 fnt\n|faint|p1a: Raging Bolt\n|-end|p1a: Raging Bolt|Protosynthesis|[silent]\n|faint|p1b: Calyrex\n|\n|win|VJ2511\n|raw|ryo8989's rating: 1526 &rarr; <strong>1505</strong><br />(-21 for losing)\n|raw|VJ2511's rating: 1516 &rarr; <strong>1537</strong><br />(+21 for winning)\n|l|\u2606ryo8989\n|player|p1|\n|l|\u2606VJ2511\n|player|p2|\n","uploadtime":1772679023,"views":32,"formatid":"gen9vgc2026regi","rating":1505,"private":0,"password":null}