{"id":"gen9vgc2026regi-2550603287","format":"[Gen 9] VGC 2026 Reg I","players":["KayyArr","Cello L."],"log":"|j|\u2606KayyArr\n|j|\u2606Cello L.\n|t:|1772505475\n|gametype|doubles\n|player|p1|KayyArr|lida|1300\n|player|p2|Cello L.|psychic-gen4|1492\n|gen|9\n|tier|[Gen 9] VGC 2026 Reg I\n|rated|\n|rule|Species Clause: Limit one of each Pok\u00e9mon\n|rule|Item Clause: Limit 1 of each item\n|clearpoke\n|poke|p1|Koraidon, L50|\n|poke|p1|Incineroar, L50, M|\n|poke|p1|Flutter Mane, L50|\n|poke|p1|Lunala, L50|\n|poke|p1|Rillaboom, L50, F|\n|poke|p1|Charizard, L50, F|\n|poke|p2|Kyogre, L50|\n|poke|p2|Calyrex-Ice, L50|\n|poke|p2|Flutter Mane, L50|\n|poke|p2|Basculegion, L50, M|\n|poke|p2|Amoonguss, L50, F|\n|poke|p2|Grimmsnarl, L50, M|\n|teampreview|4\n|inactive|Battle timer is ON: inactive players will automatically lose when time's up. (requested by KayyArr)\n|inactive|KayyArr has 60 seconds left.\n|inactive|Cello L. has 60 seconds left.\n|\n|t:|1772505514\n|teamsize|p1|4\n|teamsize|p2|4\n|start\n|switch|p1a: Incineroar|Incineroar, L50, M|100/100\n|switch|p1b: Lunala|Lunala, L50|100/100\n|switch|p2a: Kyogre|Kyogre, L50|100/100\n|switch|p2b: Flutter Mane|Flutter Mane, L50|100/100\n|-weather|RainDance|[from] ability: Drizzle|[of] p2a: Kyogre\n|-ability|p1a: Incineroar|Intimidate|boost\n|-unboost|p2a: Kyogre|atk|1\n|-unboost|p2b: Flutter Mane|atk|1\n|turn|1\n|\n|t:|1772505531\n|-terastallize|p1b: Lunala|Dark\n|move|p2a: Kyogre|Protect|p2a: Kyogre\n|-singleturn|p2a: Kyogre|Protect\n|move|p1a: Incineroar|Fake Out|p2a: Kyogre\n|-activate|p2a: Kyogre|move: Protect\n|move|p2b: Flutter Mane|Taunt|p1b: Lunala\n|-start|p1b: Lunala|move: Taunt\n|move|p1b: Lunala|Icy Wind|p2a: Kyogre|[spread] p2b\n|-activate|p2a: Kyogre|move: Protect\n|-damage|p2b: Flutter Mane|86/100\n|-unboost|p2b: Flutter Mane|spe|1\n|\n|-weather|RainDance|[upkeep]\n|upkeep\n|turn|2\n|\n|t:|1772505550\n|switch|p1a: Koraidon|Koraidon, L50|100/100\n|-weather|SunnyDay|[from] ability: Orichalcum Pulse|[of] p1a: Koraidon\n|-activate|p2b: Flutter Mane|ability: Protosynthesis\n|-start|p2b: Flutter Mane|protosynthesisspa\n|-activate|p1a: Koraidon|Orichalcum Pulse|[source]\n|move|p2a: Kyogre|Water Spout|p1a: Koraidon|[spread] p1a,p1b\n|-resisted|p1a: Koraidon\n|-damage|p1a: Koraidon|79/100\n|-damage|p1b: Lunala|88/100\n|move|p1b: Lunala|Moongeist Beam|p2b: Flutter Mane\n|-supereffective|p2b: Flutter Mane\n|-damage|p2b: Flutter Mane|0 fnt\n|faint|p2b: Flutter Mane\n|-end|p2b: Flutter Mane|Protosynthesis|[silent]\n|\n|-weather|SunnyDay|[upkeep]\n|upkeep\n|\n|t:|1772505564\n|switch|p2b: Calyrex|Calyrex-Ice, L50|100/100\n|-ability|p2b: Calyrex|As One\n|-ability|p2b: Calyrex|Unnerve\n|turn|3\n|\n|t:|1772505586\n|switch|p2a: Basculegion|Basculegion, L50, M|100/100\n|move|p2b: Calyrex|Protect|p2b: Calyrex\n|-singleturn|p2b: Calyrex|Protect\n|move|p1a: Koraidon|Collision Course|p2a: Basculegion\n|-immune|p2a: Basculegion\n|move|p1b: Lunala|Meteor Beam||[still]\n|-prepare|p1b: Lunala|Meteor Beam\n|-boost|p1b: Lunala|spa|1\n|-enditem|p1b: Lunala|Power Herb\n|-anim|p1b: Lunala|Meteor Beam|p2b: Calyrex\n|-activate|p2b: Calyrex|move: Protect\n|\n|-weather|SunnyDay|[upkeep]\n|-end|p1b: Lunala|move: Taunt\n|upkeep\n|turn|4\n|inactive|KayyArr has 30 seconds left.\n|inactive|Cello L. has 30 seconds left.\n|inactive|Cello L. has 20 seconds left.\n|inactive|Cello L. has 15 seconds left.\n|inactive|Cello L. has 10 seconds left.\n|\n|t:|1772505636\n|switch|p1a: Rillaboom|Rillaboom, L50, F|100/100\n|-fieldstart|move: Grassy Terrain|[from] ability: Grassy Surge|[of] p1a: Rillaboom\n|switch|p2a: Kyogre|Kyogre, L50|100/100\n|-weather|RainDance|[from] ability: Drizzle|[of] p2a: Kyogre\n|-terastallize|p2b: Calyrex|Fairy\n|move|p1b: Lunala|Moongeist Beam|p2b: Calyrex\n|-damage|p2b: Calyrex|53/100\n|move|p2b: Calyrex|Glacial Lance|p1a: Rillaboom|[spread] p1a,p1b\n|-supereffective|p1a: Rillaboom\n|-damage|p1a: Rillaboom|0 fnt\n|-damage|p1b: Lunala|41/100\n|faint|p1a: Rillaboom\n|-ability|p2b: Calyrex|Chilling Neigh|boost\n|-boost|p2b: Calyrex|atk|1\n|\n|-weather|RainDance|[upkeep]\n|-heal|p1b: Lunala|47/100|[from] Grassy Terrain\n|-heal|p2b: Calyrex|58/100|[from] Grassy Terrain\n|-heal|p2b: Calyrex|64/100|[from] item: Leftovers\n|upkeep\n|\n|t:|1772505647\n|switch|p1a: Koraidon|Koraidon, L50|79/100\n|-weather|SunnyDay|[from] ability: Orichalcum Pulse|[of] p1a: Koraidon\n|-activate|p1a: Koraidon|Orichalcum Pulse|[source]\n|turn|5\n|j| eclectic4034\n|inactive|KayyArr has 30 seconds left.\n|inactive|Cello L. has 30 seconds left.\n|inactive|Cello L. has 20 seconds left.\n|inactive|Cello L. has 15 seconds left.\n|inactive|Cello L. has 10 seconds left.\n|\n|t:|1772505693\n|move|p2a: Kyogre|Protect|p2a: Kyogre\n|-singleturn|p2a: Kyogre|Protect\n|move|p1a: Koraidon|Collision Course|p2b: Calyrex\n|-resisted|p2b: Calyrex\n|-damage|p2b: Calyrex|42/100\n|move|p1b: Lunala|Moongeist Beam|p2b: Calyrex\n|-damage|p2b: Calyrex|0 fnt\n|faint|p2b: Calyrex\n|\n|-weather|SunnyDay|[upkeep]\n|-heal|p1a: Koraidon|85/100|[from] Grassy Terrain\n|-heal|p1b: Lunala|53/100|[from] Grassy Terrain\n|upkeep\n|\n|t:|1772505704\n|switch|p2b: Basculegion|Basculegion, L50, M|100/100\n|turn|6\n|inactive|KayyArr has 30 seconds left.\n|\n|t:|1772505735\n|move|p2b: Basculegion|Protect|p2b: Basculegion\n|-singleturn|p2b: Basculegion|Protect\n|move|p1a: Koraidon|Collision Course|p2a: Kyogre\n|-damage|p2a: Kyogre|31/100\n|move|p2a: Kyogre|Origin Pulse|p1b: Lunala|[spread] \n|-miss|p2a: Kyogre|p1a: Koraidon\n|-miss|p2a: Kyogre|p1b: Lunala\n|move|p1b: Lunala|Moongeist Beam|p2a: Kyogre\n|-crit|p2a: Kyogre\n|-damage|p2a: Kyogre|0 fnt\n|faint|p2a: Kyogre\n|\n|-weather|SunnyDay|[upkeep]\n|-heal|p1a: Koraidon|91/100|[from] Grassy Terrain\n|-heal|p1b: Lunala|60/100|[from] Grassy Terrain\n|upkeep\n|turn|7\n|-message|Cello L. forfeited.\n|\n|win|KayyArr\n|raw|KayyArr's rating: 1300 &rarr; <strong>1338</strong><br />(+38 for winning)\n|raw|Cello L.'s rating: 1492 &rarr; <strong>1462</strong><br />(-30 for losing)\n","uploadtime":1772505749,"views":12,"formatid":"gen9vgc2026regi","rating":1338,"private":0,"password":null}