{"id":"gen9vgc2026regi-2526739490","format":"[Gen 9] VGC 2026 Reg I","players":["dthk1216","pokemon fan 281747"],"log":"|j|\u2606dthk1216\n|j|\u2606pokemon fan 281747\n|t:|1769453102\n|gametype|doubles\n|player|p1|dthk1216|dawn|1554\n|player|p2|pokemon fan 281747|mable|1426\n|gen|9\n|tier|[Gen 9] VGC 2026 Reg I\n|rated|\n|rule|Species Clause: Limit one of each Pok\u00e9mon\n|rule|Item Clause: Limit 1 of each item\n|clearpoke\n|poke|p1|Calyrex-Ice, L50|\n|poke|p1|Kyogre, L50|\n|poke|p1|Urshifu-*, L50, M|\n|poke|p1|Rillaboom, L50, M|\n|poke|p1|Grimmsnarl, L50, M|\n|poke|p1|Amoonguss, L50, F|\n|poke|p2|Miraidon, L50|\n|poke|p2|Iron Hands, L50|\n|poke|p2|Chi-Yu, L50|\n|poke|p2|Ditto, L50|\n|poke|p2|Calyrex-Ice, L50|\n|poke|p2|Farigiraf, L50, M|\n|teampreview|4\n|inactive|Battle timer is ON: inactive players will automatically lose when time's up. (requested by pokemon fan 281747)\n|inactive|pokemon fan 281747 has 60 seconds left.\n|\n|t:|1769453133\n|teamsize|p1|4\n|teamsize|p2|4\n|start\n|switch|p1a: Rillaboom|Rillaboom, L50, M|100/100\n|switch|p1b: Calyrex|Calyrex-Ice, L50|100/100\n|switch|p2a: Calyrex|Calyrex-Ice, L50|100/100\n|switch|p2b: Iron Hands|Iron Hands, L50|100/100\n|-ability|p1b: Calyrex|As One\n|-ability|p1b: Calyrex|Unnerve\n|-ability|p2a: Calyrex|As One\n|-ability|p2a: Calyrex|Unnerve\n|-fieldstart|move: Grassy Terrain|[from] ability: Grassy Surge|[of] p1a: Rillaboom\n|turn|1\n|\n|t:|1769453142\n|move|p1a: Rillaboom|Fake Out|p2a: Calyrex\n|-damage|p2a: Calyrex|91/100\n|move|p2b: Iron Hands|Fake Out|p1b: Calyrex\n|-damage|p1b: Calyrex|90/100\n|cant|p1b: Calyrex|flinch\n|cant|p2a: Calyrex|flinch\n|\n|-heal|p1b: Calyrex|96/100|[from] Grassy Terrain\n|-heal|p1b: Calyrex|100/100|[from] item: Leftovers\n|-heal|p2a: Calyrex|97/100|[from] Grassy Terrain\n|upkeep\n|turn|2\n|\n|t:|1769453152\n|switch|p2a: Chi-Yu|Chi-Yu, L50|100/100\n|-ability|p2a: Chi-Yu|Beads of Ruin\n|move|p1a: Rillaboom|U-turn|p2a: Chi-Yu\n|-damage|p2a: Chi-Yu|60/100\n|\n|t:|1769453159\n|switch|p1a: Kyogre|Kyogre, L50|100/100|[from] U-turn\n|-weather|RainDance|[from] ability: Drizzle|[of] p1a: Kyogre\n|move|p1b: Calyrex|Leech Seed|p2a: Chi-Yu\n|-start|p2a: Chi-Yu|move: Leech Seed\n|move|p2b: Iron Hands|Low Kick|p1b: Calyrex\n|-damage|p1b: Calyrex|54/100\n|\n|-weather|RainDance|[upkeep]\n|-heal|p2a: Chi-Yu|66/100|[from] Grassy Terrain\n|-heal|p1b: Calyrex|59/100|[from] Grassy Terrain\n|-heal|p1b: Calyrex|65/100|[from] item: Leftovers\n|-damage|p2a: Chi-Yu|54/100|[from] Leech Seed|[of] p1b: Calyrex\n|-heal|p1b: Calyrex|73/100|[silent]\n|upkeep\n|turn|3\n|\n|t:|1769453179\n|move|p2a: Chi-Yu|Dark Pulse|p1a: Kyogre\n|-damage|p1a: Kyogre|64/100\n|cant|p1a: Kyogre|flinch\n|move|p1b: Calyrex|Glacial Lance|p2b: Iron Hands|[spread] p2a,p2b\n|-resisted|p2a: Chi-Yu\n|-crit|p2a: Chi-Yu\n|-damage|p2a: Chi-Yu|0 fnt\n|-damage|p2b: Iron Hands|65/100\n|faint|p2a: Chi-Yu\n|-ability|p1b: Calyrex|Chilling Neigh|boost\n|-boost|p1b: Calyrex|atk|1\n|move|p2b: Iron Hands|Low Kick|p1a: Kyogre\n|-damage|p1a: Kyogre|0 fnt\n|faint|p1a: Kyogre\n|\n|-weather|RainDance|[upkeep]\n|-heal|p1b: Calyrex|79/100|[from] Grassy Terrain\n|-heal|p1b: Calyrex|85/100|[from] item: Leftovers\n|-heal|p2b: Iron Hands|71/100|[from] Grassy Terrain\n|upkeep\n|\n|t:|1769453202\n|switch|p2a: Calyrex|Calyrex-Ice, L50|97/100\n|switch|p1a: Grimmsnarl|Grimmsnarl, L50, M|100/100\n|-ability|p2a: Calyrex|As One\n|-ability|p2a: Calyrex|Unnerve\n|turn|4\n|\n|t:|1769453213\n|switch|p2a: Miraidon|Miraidon, L50|100/100\n|-fieldstart|move: Electric Terrain|[from] ability: Hadron Engine|[of] p2a: Miraidon\n|-activate|p2b: Iron Hands|ability: Quark Drive\n|-start|p2b: Iron Hands|quarkdriveatk\n|move|p1a: Grimmsnarl|Reflect|p1a: Grimmsnarl\n|-sidestart|p1: dthk1216|Reflect\n|move|p1b: Calyrex|Leech Seed|p2a: Miraidon\n|-start|p2a: Miraidon|move: Leech Seed\n|move|p2b: Iron Hands|Low Kick|p1b: Calyrex\n|-damage|p1b: Calyrex|46/100\n|\n|-weather|RainDance|[upkeep]\n|-heal|p1b: Calyrex|52/100|[from] item: Leftovers\n|-damage|p2a: Miraidon|88/100|[from] Leech Seed|[of] p1b: Calyrex\n|-heal|p1b: Calyrex|62/100|[silent]\n|upkeep\n|turn|5\n|\n|t:|1769453236\n|-terastallize|p1b: Calyrex|Grass\n|move|p2a: Miraidon|Volt Switch|p1a: Grimmsnarl\n|-damage|p1a: Grimmsnarl|17/100\n|\n|t:|1769453240\n|switch|p2a: Calyrex|Calyrex-Ice, L50|97/100|[from] Volt Switch\n|-ability|p2a: Calyrex|As One\n|-ability|p2a: Calyrex|Unnerve\n|move|p1a: Grimmsnarl|Foul Play|p2a: Calyrex\n|-supereffective|p2a: Calyrex\n|-damage|p2a: Calyrex|21/100\n|move|p1b: Calyrex|Glacial Lance|p2a: Calyrex|[spread] p2a,p2b\n|-resisted|p2a: Calyrex\n|-crit|p2a: Calyrex\n|-damage|p2a: Calyrex|0 fnt\n|-damage|p2b: Iron Hands|17/100\n|faint|p2a: Calyrex\n|-ability|p1b: Calyrex|Chilling Neigh|boost\n|-boost|p1b: Calyrex|atk|1\n|move|p2b: Iron Hands|Low Kick|p1a: Grimmsnarl\n|-damage|p1a: Grimmsnarl|0 fnt\n|faint|p1a: Grimmsnarl\n|\n|-weather|RainDance|[upkeep]\n|-heal|p1b: Calyrex|68/100|[from] item: Leftovers\n|upkeep\n|c|\u2606pokemon fan 281747|wpgg\n|-message|pokemon fan 281747 forfeited.\n|\n|win|dthk1216\n|raw|dthk1216's rating: 1554 &rarr; <strong>1567</strong><br />(+13 for winning)\n|raw|pokemon fan 281747's rating: 1426 &rarr; <strong>1413</strong><br />(-13 for losing)\n|l|\u2606dthk1216\n|player|p1|\n|l|\u2606pokemon fan 281747\n|player|p2|\n","uploadtime":1769453462,"views":15,"formatid":"gen9vgc2026regi","rating":1413,"private":0,"password":null}