{"id":"gen9vgc2026regi-2590030969","format":"[Gen 9] VGC 2026 Reg I","players":["wasaad5","grandmakicker99"],"log":"|j|\u2606wasaad5\n|j|\u2606grandmakicker99\n|t:|1776782454\n|gametype|doubles\n|player|p1|wasaad5|blue|1353\n|player|p2|grandmakicker99|2|1375\n|gen|9\n|tier|[Gen 9] VGC 2026 Reg I\n|rated|\n|rule|Species Clause: Limit one of each Pok\u00e9mon\n|rule|Item Clause: Limit 1 of each item\n|clearpoke\n|poke|p1|Kyurem-White, L50|\n|poke|p1|Zacian-*, L50|\n|poke|p1|Rillaboom, L50, M|\n|poke|p1|Urshifu-*, L50, F|\n|poke|p1|Amoonguss, L50, M|\n|poke|p1|Incineroar, L50, M|\n|poke|p2|Calyrex-Ice, L50|\n|poke|p2|Scraggy, L50, F|\n|poke|p2|Miraidon, L50|\n|poke|p2|Farigiraf, L50, F|\n|poke|p2|Iron Treads, L50|\n|poke|p2|Iron Hands, L50|\n|teampreview|4\n|inactive|Battle timer is ON: inactive players will automatically lose when time's up. (requested by grandmakicker99)\n|\n|t:|1776782485\n|teamsize|p1|4\n|teamsize|p2|4\n|start\n|switch|p1a: Kyurem|Kyurem-White, L50, shiny|100/100\n|switch|p1b: Amoonguss|Amoonguss, L50, M|100/100\n|switch|p2a: Miraidon|Miraidon, L50|100/100\n|switch|p2b: Farigiraf|Farigiraf, L50, F|100/100\n|-ability|p1a: Kyurem|Turboblaze\n|-fieldstart|move: Electric Terrain|[from] ability: Hadron Engine|[of] p2a: Miraidon\n|-enditem|p2b: Farigiraf|Electric Seed\n|-boost|p2b: Farigiraf|def|1|[from] item: Electric Seed\n|turn|1\n|inactive|wasaad5 has 30 seconds left.\n|inactive|grandmakicker99 has 30 seconds left.\n|inactive|grandmakicker99 has 20 seconds left.\n|inactive|wasaad5 has 20 seconds left.\n|\n|t:|1776782531\n|-terastallize|p2a: Miraidon|Fairy\n|move|p1b: Amoonguss|Protect|p1b: Amoonguss\n|-singleturn|p1b: Amoonguss|Protect\n|move|p1a: Kyurem|Fusion Flare|p2a: Miraidon\n|-damage|p2a: Miraidon|60/100\n|-damage|p1a: Kyurem|91/100|[from] item: Life Orb\n|move|p2a: Miraidon|Draco Meteor|p1a: Kyurem\n|-supereffective|p1a: Kyurem\n|-damage|p1a: Kyurem|0 fnt\n|-unboost|p2a: Miraidon|spa|2\n|faint|p1a: Kyurem\n|move|p2b: Farigiraf|Psychic|p1b: Amoonguss\n|-activate|p1b: Amoonguss|move: Protect\n|\n|upkeep\n|\n|t:|1776782534\n|switch|p1a: Zacian|Zacian-Crowned, L50|100/100\n|-ability|p1a: Zacian|Intrepid Sword|boost\n|-boost|p1a: Zacian|atk|1\n|turn|2\n|\n|t:|1776782549\n|switch|p2a: Scraggy|Scraggy, L50, F|100/100\n|-ability|p2a: Scraggy|Intimidate|boost\n|-unboost|p1a: Zacian|atk|1\n|-unboost|p1b: Amoonguss|atk|1\n|switch|p1b: Incineroar|Incineroar, L50, M|100/100\n|-ability|p1b: Incineroar|Intimidate|boost\n|-unboost|p2a: Scraggy|atk|1\n|-unboost|p2b: Farigiraf|atk|1\n|move|p1a: Zacian|Behemoth Blade|p2a: Scraggy\n|-damage|p2a: Scraggy|43/100\n|move|p2b: Farigiraf|Trick Room|p2b: Farigiraf\n|-fieldstart|move: Trick Room|[of] p2b: Farigiraf\n|\n|upkeep\n|turn|3\n|inactive|grandmakicker99 has 30 seconds left.\n|\n|t:|1776782580\n|switch|p2b: Calyrex|Calyrex-Ice, L50|100/100\n|-ability|p2b: Calyrex|As One\n|-ability|p2b: Calyrex|Unnerve\n|move|p1a: Zacian|Protect|p1a: Zacian\n|-singleturn|p1a: Zacian|Protect\n|move|p2a: Scraggy|Fake Out|p1a: Zacian\n|-activate|p1a: Zacian|move: Protect\n|move|p1b: Incineroar|Knock Off|p2b: Calyrex\n|-supereffective|p2b: Calyrex\n|-damage|p2b: Calyrex|57/100\n|-enditem|p2b: Calyrex|Clear Amulet|[from] move: Knock Off|[of] p1b: Incineroar\n|\n|upkeep\n|turn|4\n|\n|t:|1776782600\n|move|p2a: Scraggy|Endeavor|p1a: Zacian\n|-damage|p1a: Zacian|33/100\n|move|p2b: Calyrex|High Horsepower|p1a: Zacian\n|-supereffective|p1a: Zacian\n|-damage|p1a: Zacian|0 fnt\n|faint|p1a: Zacian\n|-ability|p2b: Calyrex|Chilling Neigh|boost\n|-boost|p2b: Calyrex|atk|1\n|move|p1b: Incineroar|Flare Blitz|p2a: Scraggy\n|-damage|p2a: Scraggy|0 fnt\n|faint|p2a: Scraggy\n|-damage|p1b: Incineroar|92/100|[from] Recoil\n|\n|upkeep\n|\n|t:|1776782612\n|switch|p2a: Miraidon|Miraidon, L50, tera:Fairy|60/100\n|switch|p1a: Amoonguss|Amoonguss, L50, M|100/100\n|-activate|p2a: Miraidon|ability: Hadron Engine\n|turn|5\n|\n|t:|1776782625\n|move|p1a: Amoonguss|Protect|p1a: Amoonguss\n|-singleturn|p1a: Amoonguss|Protect\n|move|p2b: Calyrex|Glacial Lance|p1b: Incineroar|[spread] p1b\n|-activate|p1a: Amoonguss|move: Protect\n|-resisted|p1b: Incineroar\n|-damage|p1b: Incineroar|49/100\n|move|p1b: Incineroar|Flare Blitz|p2b: Calyrex\n|-supereffective|p2b: Calyrex\n|-damage|p2b: Calyrex|2/100\n|-damage|p1b: Incineroar|30/100|[from] Recoil\n|move|p2a: Miraidon|Electro Drift|p1b: Incineroar\n|-damage|p1b: Incineroar|0 fnt\n|faint|p1b: Incineroar\n|\n|-fieldend|move: Electric Terrain\n|upkeep\n|turn|6\n|-message|wasaad5 forfeited.\n|\n|win|grandmakicker99\n|raw|wasaad5's rating: 1353 &rarr; <strong>1334</strong><br />(-19 for losing)\n|raw|grandmakicker99's rating: 1375 &rarr; <strong>1394</strong><br />(+19 for winning)\n|l|\u2606wasaad5\n|player|p1|\n|l|\u2606grandmakicker99\n|player|p2|\n","uploadtime":1776782823,"views":6,"formatid":"gen9vgc2026regi","rating":1334,"private":0,"password":null}