{"id":"gen9vgc2026regi-2515133002","format":"[Gen 9] VGC 2026 Reg I","players":["CCdeal","j0l0k0"],"log":"|j|\u2606CCdeal\n|j|\u2606j0l0k0\n|t:|1767958074\n|gametype|doubles\n|player|p1|CCdeal|2|1230\n|player|p2|j0l0k0|2|1247\n|gen|9\n|tier|[Gen 9] VGC 2026 Reg I\n|rated|\n|rule|Species Clause: Limit one of each Pok\u00e9mon\n|rule|Item Clause: Limit 1 of each item\n|clearpoke\n|poke|p1|Lunala, L50|\n|poke|p1|Chi-Yu, L50|\n|poke|p1|Roaring Moon, L50|\n|poke|p1|Groudon, L50|\n|poke|p1|Grimmsnarl, L50, M|\n|poke|p1|Rillaboom, L50, M|\n|poke|p2|Calyrex-Ice, L50|\n|poke|p2|Kyogre, L50|\n|poke|p2|Indeedee-F, L50, F|\n|poke|p2|Urshifu-*, L50, F|\n|poke|p2|Amoonguss, L50, F|\n|poke|p2|Annihilape, L50, F|\n|teampreview|4\n|inactive|Battle timer is ON: inactive players will automatically lose when time's up. (requested by j0l0k0)\n|\n|t:|1767958103\n|teamsize|p1|4\n|teamsize|p2|4\n|start\n|switch|p1a: Lunala|Lunala, L50|100/100\n|switch|p1b: Roaring Moon|Roaring Moon, L50|100/100\n|switch|p2a: Indeedee|Indeedee-F, L50, F, shiny|100/100\n|switch|p2b: Calyrex|Calyrex-Ice, L50|100/100\n|-ability|p2b: Calyrex|As One\n|-ability|p2b: Calyrex|Unnerve\n|-fieldstart|move: Psychic Terrain|[from] ability: Psychic Surge|[of] p2a: Indeedee\n|turn|1\n|inactive|CCdeal has 30 seconds left.\n|inactive|CCdeal has 20 seconds left.\n|inactive|CCdeal has 15 seconds left.\n|\n|t:|1767958150\n|-terastallize|p1b: Roaring Moon|Fire\n|move|p2a: Indeedee|Follow Me|p2a: Indeedee\n|-singleturn|p2a: Indeedee|move: Follow Me\n|move|p1b: Roaring Moon|Knock Off|p2a: Indeedee\n|-supereffective|p2a: Indeedee\n|-damage|p2a: Indeedee|0 fnt\n|-enditem|p2a: Indeedee|Safety Goggles|[from] move: Knock Off|[of] p1b: Roaring Moon\n|faint|p2a: Indeedee\n|-damage|p1b: Roaring Moon|91/100|[from] item: Life Orb\n|move|p1a: Lunala|Meteor Beam||[still]\n|-prepare|p1a: Lunala|Meteor Beam\n|-boost|p1a: Lunala|spa|1\n|-enditem|p1a: Lunala|Power Herb\n|-anim|p1a: Lunala|Meteor Beam|p2b: Calyrex\n|-supereffective|p2b: Calyrex\n|-damage|p2b: Calyrex|13/100\n|move|p2b: Calyrex|Trick Room|p2b: Calyrex\n|-fieldstart|move: Trick Room|[of] p2b: Calyrex\n|\n|upkeep\n|\n|t:|1767958165\n|switch|p2a: Kyogre|Kyogre, L50, shiny|100/100\n|-weather|RainDance|[from] ability: Drizzle|[of] p2a: Kyogre\n|turn|2\n|\n|t:|1767958188\n|-end|p1b: Roaring Moon|Protosynthesis|[silent]\n|switch|p1b: Rillaboom|Rillaboom, L50, M|100/100\n|-fieldstart|move: Grassy Terrain|[from] ability: Grassy Surge|[of] p1b: Rillaboom\n|move|p1a: Lunala|Wide Guard|p1a: Lunala\n|-singleturn|p1a: Lunala|Wide Guard\n|move|p2b: Calyrex|Crunch|p1a: Lunala\n|-supereffective|p1a: Lunala\n|-damage|p1a: Lunala|46/100\n|move|p2a: Kyogre|Hydro Pump|p1b: Rillaboom\n|-resisted|p1b: Rillaboom\n|-damage|p1b: Rillaboom|63/100\n|\n|-weather|RainDance|[upkeep]\n|-heal|p2b: Calyrex|18/100|[from] Grassy Terrain\n|-heal|p1b: Rillaboom|68/100|[from] Grassy Terrain\n|-heal|p1a: Lunala|52/100|[from] Grassy Terrain\n|upkeep\n|turn|3\n|inactive|CCdeal has 30 seconds left.\n|inactive|CCdeal has 20 seconds left.\n|inactive|CCdeal has 15 seconds left.\n|inactive|CCdeal has 10 seconds left.\n|inactive|CCdeal has 5 seconds left.\n|\n|t:|1767958238\n|-terastallize|p2a: Kyogre|Grass\n|move|p1b: Rillaboom|Grassy Glide|p2b: Calyrex\n|-damage|p2b: Calyrex|0 fnt\n|faint|p2b: Calyrex\n|move|p2a: Kyogre|Ice Beam|p1b: Rillaboom\n|-supereffective|p1b: Rillaboom\n|-damage|p1b: Rillaboom|19/100\n|move|p1a: Lunala|Trick Room|p1a: Lunala\n|-fieldend|move: Trick Room\n|\n|-weather|RainDance|[upkeep]\n|-heal|p1a: Lunala|58/100|[from] Grassy Terrain\n|-heal|p1b: Rillaboom|25/100|[from] Grassy Terrain\n|upkeep\n|\n|t:|1767958250\n|switch|p2b: Urshifu|Urshifu, L50, F|100/100\n|turn|4\n|\n|t:|1767958265\n|move|p1a: Lunala|Wide Guard|p1a: Lunala\n|-singleturn|p1a: Lunala|Wide Guard\n|move|p2b: Urshifu|Wicked Blow|p1a: Lunala\n|-supereffective|p1a: Lunala\n|-crit|p1a: Lunala\n|-damage|p1a: Lunala|0 fnt\n|faint|p1a: Lunala\n|move|p1b: Rillaboom|U-turn|p2a: Kyogre\n|-supereffective|p2a: Kyogre\n|-damage|p2a: Kyogre|55/100\n|\n|t:|1767958274\n|switch|p1b: Groudon|Groudon, L50|100/100|[from] U-turn\n|-weather|SunnyDay|[from] ability: Drought|[of] p1b: Groudon\n|move|p2a: Kyogre|Ice Beam|p1b: Groudon\n|-supereffective|p1b: Groudon\n|-damage|p1b: Groudon|28/100\n|\n|-weather|SunnyDay|[upkeep]\n|-heal|p1b: Groudon|34/100|[from] Grassy Terrain\n|-heal|p2a: Kyogre|61/100|[from] Grassy Terrain\n|upkeep\n|\n|t:|1767958294\n|switch|p1a: Rillaboom|Rillaboom, L50, M|25/100\n|turn|5\n|\n|t:|1767958307\n|move|p1a: Rillaboom|Fake Out|p2b: Urshifu\n|-damage|p2b: Urshifu|87/100\n|cant|p2b: Urshifu|flinch\n|move|p1b: Groudon|Heat Crash|p2a: Kyogre\n|-supereffective|p2a: Kyogre\n|-damage|p2a: Kyogre|0 fnt\n|faint|p2a: Kyogre\n|\n|-weather|SunnyDay|[upkeep]\n|-heal|p2b: Urshifu|92/100|[from] Grassy Terrain\n|-heal|p1a: Rillaboom|31/100|[from] Grassy Terrain\n|-heal|p1b: Groudon|40/100|[from] Grassy Terrain\n|upkeep\n|turn|6\n|\n|t:|1767958323\n|move|p2b: Urshifu|Wicked Blow|p1b: Groudon\n|-crit|p1b: Groudon\n|-damage|p1b: Groudon|0 fnt\n|faint|p1b: Groudon\n|move|p1a: Rillaboom|Wood Hammer|p2b: Urshifu\n|-damage|p2b: Urshifu|11/100\n|-damage|p1a: Rillaboom|8/100|[from] Recoil\n|\n|-weather|SunnyDay|[upkeep]\n|-heal|p2b: Urshifu|17/100|[from] Grassy Terrain\n|-heal|p1a: Rillaboom|14/100|[from] Grassy Terrain\n|-fieldend|move: Grassy Terrain\n|upkeep\n|\n|t:|1767958334\n|switch|p1b: Roaring Moon|Roaring Moon, L50, tera:Fire|91/100\n|-activate|p1b: Roaring Moon|ability: Protosynthesis\n|-start|p1b: Roaring Moon|protosynthesisatk\n|turn|7\n|\n|t:|1767958345\n|move|p1b: Roaring Moon|Tera Blast|p2b: Urshifu|[anim] Tera Blast Fire\n|-damage|p2b: Urshifu|0 fnt\n|faint|p2b: Urshifu\n|-damage|p1b: Roaring Moon|81/100|[from] item: Life Orb\n|\n|win|CCdeal\n|raw|CCdeal's rating: 1230 &rarr; <strong>1256</strong><br />(+26 for winning)\n|raw|j0l0k0's rating: 1247 &rarr; <strong>1221</strong><br />(-26 for losing)\n|c|\u2606j0l0k0|ggwp\n|l|\u2606j0l0k0\n|player|p2|\n|l|\u2606CCdeal\n|player|p1|\n","uploadtime":1767958618,"views":11,"formatid":"gen9vgc2026regi","rating":1221,"private":0,"password":null}