{"id":"gen9vgc2026regi-2562300298","format":"[Gen 9] VGC 2026 Reg I","players":["Dioxide8","pigs2fly"],"log":"|j|\u2606Dioxide8\n|j|\u2606pigs2fly\n|t:|1773893804\n|gametype|doubles\n|player|p1|Dioxide8|265|1421\n|player|p2|pigs2fly|dexio|1569\n|gen|9\n|tier|[Gen 9] VGC 2026 Reg I\n|rated|\n|rule|Species Clause: Limit one of each Pok\u00e9mon\n|rule|Item Clause: Limit 1 of each item\n|clearpoke\n|poke|p1|Calyrex-Shadow, L50|\n|poke|p1|Zamazenta-*, L50|\n|poke|p1|Smeargle, L50, M|\n|poke|p1|Rillaboom, L50, M|\n|poke|p1|Tornadus, L50, M|\n|poke|p1|Raging Bolt, L50|\n|poke|p2|Annihilape, L50, M|\n|poke|p2|Tornadus, L50, M|\n|poke|p2|Dondozo, L50, M|\n|poke|p2|Tatsugiri-Droopy, L50, F|\n|poke|p2|Zacian-*, L50|\n|poke|p2|Kyogre, L50|\n|teampreview|4\n|inactive|Battle timer is ON: inactive players will automatically lose when time's up. (requested by Dioxide8)\n|inactive|Dioxide8 has 60 seconds left.\n|\n|t:|1773893850\n|teamsize|p1|4\n|teamsize|p2|4\n|start\n|switch|p1a: Tornadus|Tornadus, L50, M|100/100\n|switch|p1b: Calyrex|Calyrex-Shadow, L50|100/100\n|switch|p2a: Tornadus|Tornadus, L50, M|100/100\n|switch|p2b: Kyogre|Kyogre, L50|100/100\n|-ability|p1b: Calyrex|As One\n|-ability|p1b: Calyrex|Unnerve\n|-weather|RainDance|[from] ability: Drizzle|[of] p2b: Kyogre\n|turn|1\n|\n|t:|1773893863\n|-terastallize|p1a: Tornadus|Dragon\n|move|p1b: Calyrex|Protect|p1b: Calyrex\n|-singleturn|p1b: Calyrex|Protect\n|move|p2a: Tornadus|Tailwind|p2a: Tornadus\n|-sidestart|p2: pigs2fly|move: Tailwind\n|move|p1a: Tornadus|Tailwind|p1a: Tornadus\n|-sidestart|p1: Dioxide8|move: Tailwind\n|move|p2b: Kyogre|Origin Pulse|p1b: Calyrex|[spread] p1a\n|-activate|p1b: Calyrex|move: Protect\n|-resisted|p1a: Tornadus\n|-damage|p1a: Tornadus|62/100\n|\n|-weather|RainDance|[upkeep]\n|upkeep\n|turn|2\n|\n|t:|1773893879\n|move|p1b: Calyrex|Astral Barrage|p2a: Tornadus|[spread] p2a,p2b\n|-damage|p2a: Tornadus|0 fnt\n|-damage|p2b: Kyogre|70/100\n|faint|p2a: Tornadus\n|-ability|p1b: Calyrex|Grim Neigh|boost\n|-boost|p1b: Calyrex|spa|1\n|-damage|p1b: Calyrex|91/100|[from] item: Life Orb\n|move|p1a: Tornadus|Bleakwind Storm|p2b: Kyogre\n|-damage|p2b: Kyogre|43/100\n|-unboost|p2b: Kyogre|spe|1\n|move|p2b: Kyogre|Origin Pulse|p1a: Tornadus|[spread] p1b\n|-miss|p2b: Kyogre|p1a: Tornadus\n|-damage|p1b: Calyrex|16/100\n|\n|-weather|RainDance|[upkeep]\n|upkeep\n|\n|t:|1773893886\n|switch|p2a: Tatsugiri|Tatsugiri-Droopy, L50, F|100/100\n|turn|3\n|\n|t:|1773893903\n|switch|p2b: Dondozo|Dondozo, L50, M|100/100\n|-activate|p2a: Tatsugiri|ability: Commander|[of] p2b: Dondozo\n|-boost|p2b: Dondozo|atk|2\n|-boost|p2b: Dondozo|spa|2\n|-boost|p2b: Dondozo|spe|2\n|-boost|p2b: Dondozo|def|2\n|-boost|p2b: Dondozo|spd|2\n|move|p1b: Calyrex|Astral Barrage|p2a: Tatsugiri|[spread] p2b\n|-miss|p1b: Calyrex|p2a: Tatsugiri\n|-damage|p2b: Dondozo|69/100\n|-damage|p1b: Calyrex|7/100|[from] item: Life Orb\n|move|p1a: Tornadus|Bleakwind Storm|p2b: Dondozo|[spread] p2b\n|-miss|p1a: Tornadus|p2a: Tatsugiri\n|-damage|p2b: Dondozo|53/100\n|\n|-weather|RainDance|[upkeep]\n|-heal|p2b: Dondozo|59/100|[from] item: Leftovers\n|upkeep\n|turn|4\n|inactive|Dioxide8 has 30 seconds left.\n|\n|t:|1773893930\n|move|p1b: Calyrex|Protect|p1b: Calyrex\n|-singleturn|p1b: Calyrex|Protect\n|move|p1a: Tornadus|Bleakwind Storm|p2b: Dondozo|[spread] p2b\n|-miss|p1a: Tornadus|p2a: Tatsugiri\n|-damage|p2b: Dondozo|42/100\n|move|p2b: Dondozo|Order Up|p1a: Tornadus\n|-supereffective|p1a: Tornadus\n|-damage|p1a: Tornadus|0 fnt\n|faint|p1a: Tornadus\n|-boost|p2b: Dondozo|def|1\n|\n|-weather|RainDance|[upkeep]\n|-heal|p2b: Dondozo|48/100|[from] item: Leftovers\n|-sideend|p2: pigs2fly|move: Tailwind\n|-sideend|p1: Dioxide8|move: Tailwind\n|upkeep\n|\n|t:|1773893942\n|switch|p1a: Rillaboom|Rillaboom, L50, M|100/100\n|-fieldstart|move: Grassy Terrain|[from] ability: Grassy Surge|[of] p1a: Rillaboom\n|turn|5\n|\n|t:|1773893946\n|move|p2b: Dondozo|Protect|p2b: Dondozo\n|-singleturn|p2b: Dondozo|Protect\n|move|p1a: Rillaboom|Fake Out|p2b: Dondozo\n|-activate|p2b: Dondozo|move: Protect\n|move|p1b: Calyrex|Nasty Plot|p1b: Calyrex\n|-boost|p1b: Calyrex|spa|2\n|\n|-weather|none\n|-heal|p1b: Calyrex|13/100|[from] Grassy Terrain\n|-heal|p2b: Dondozo|54/100|[from] Grassy Terrain\n|-heal|p2b: Dondozo|60/100|[from] item: Leftovers\n|upkeep\n|turn|6\n|\n|t:|1773893962\n|-terastallize|p2b: Dondozo|Grass\n|move|p1b: Calyrex|Psychic|p2b: Dondozo\n|-crit|p2b: Dondozo\n|-damage|p2b: Dondozo|0 fnt\n|faint|p2b: Dondozo\n|-ability|p1b: Calyrex|Grim Neigh|boost\n|-boost|p1b: Calyrex|spa|1\n|-damage|p1b: Calyrex|3/100|[from] item: Life Orb\n|move|p1a: Rillaboom|Wood Hammer|p2a: Tatsugiri\n|-enditem|p2a: Tatsugiri|Focus Sash\n|-damage|p2a: Tatsugiri|1/100\n|-damage|p1a: Rillaboom|78/100|[from] Recoil\n|\n|-heal|p1b: Calyrex|9/100|[from] Grassy Terrain\n|-heal|p2a: Tatsugiri|7/100|[from] Grassy Terrain\n|-heal|p1a: Rillaboom|84/100|[from] Grassy Terrain\n|upkeep\n|-message|pigs2fly forfeited.\n|\n|win|Dioxide8\n|raw|Dioxide8's rating: 1421 &rarr; <strong>1449</strong><br />(+28 for winning)\n|raw|pigs2fly's rating: 1569 &rarr; <strong>1541</strong><br />(-28 for losing)\n|l|\u2606pigs2fly\n|player|p2|\n|l|\u2606Dioxide8\n|player|p1|\n|j| OniGiriGuy\n","uploadtime":1773894207,"views":11,"formatid":"gen9vgc2026regi","rating":1449,"private":0,"password":null}