{"id":"gen9vgc2026regi-2535269293","format":"[Gen 9] VGC 2026 Reg I","players":["ppooiiuuyyttrreeww","j0l0k0"],"log":"|j|\u2606ppooiiuuyyttrreeww\n|j|\u2606j0l0k0\n|t:|1770541147\n|gametype|doubles\n|player|p1|ppooiiuuyyttrreeww|dawn-gen4pt|1166\n|player|p2|j0l0k0|brycen|1328\n|gen|9\n|tier|[Gen 9] VGC 2026 Reg I\n|rated|\n|rule|Species Clause: Limit one of each Pok\u00e9mon\n|rule|Item Clause: Limit 1 of each item\n|clearpoke\n|poke|p1|Eternatus, L50|\n|poke|p1|Ho-Oh, L50|\n|poke|p1|Incineroar, L50, M|\n|poke|p1|Ting-Lu, L50|\n|poke|p1|Ninetales-Alola, L50, F|\n|poke|p1|Rillaboom, L50, F|\n|poke|p2|Calyrex-Ice, L50|\n|poke|p2|Kyogre, L50|\n|poke|p2|Indeedee-F, L50, F|\n|poke|p2|Urshifu-*, L50, F|\n|poke|p2|Amoonguss, L50, F|\n|poke|p2|Landorus, L50, M|\n|teampreview|4\n|inactive|Battle timer is ON: inactive players will automatically lose when time's up. (requested by j0l0k0)\n|\n|t:|1770541172\n|teamsize|p1|4\n|teamsize|p2|4\n|start\n|switch|p1a: Eternatus|Eternatus, L50|100/100\n|switch|p1b: Rillaboom|Rillaboom, L50, F|100/100\n|switch|p2a: Kyogre|Kyogre, L50, shiny|100/100\n|switch|p2b: Landorus|Landorus, L50, M, shiny|100/100\n|-ability|p1a: Eternatus|Pressure\n|-fieldstart|move: Grassy Terrain|[from] ability: Grassy Surge|[of] p1b: Rillaboom\n|-weather|RainDance|[from] ability: Drizzle|[of] p2a: Kyogre\n|turn|1\n|\n|t:|1770541196\n|switch|p2a: Calyrex|Calyrex-Ice, L50|100/100\n|-ability|p2a: Calyrex|As One\n|-ability|p2a: Calyrex|Unnerve\n|-terastallize|p1a: Eternatus|Fairy\n|-terastallize|p2b: Landorus|Steel\n|move|p1b: Rillaboom|Fake Out|p2a: Calyrex\n|-damage|p2a: Calyrex|92/100\n|move|p1a: Eternatus|Cosmic Power|p1a: Eternatus\n|-boost|p1a: Eternatus|def|1\n|-boost|p1a: Eternatus|spd|1\n|move|p2b: Landorus|Sandsear Storm|p1a: Eternatus|[spread] p1a,p1b\n|-resisted|p1b: Rillaboom\n|-damage|p1a: Eternatus|75/100\n|-damage|p1b: Rillaboom|78/100\n|\n|-weather|RainDance|[upkeep]\n|-heal|p1a: Eternatus|81/100|[from] Grassy Terrain\n|-heal|p1a: Eternatus|87/100|[from] item: Leftovers\n|-heal|p1b: Rillaboom|84/100|[from] Grassy Terrain\n|-heal|p2a: Calyrex|98/100|[from] Grassy Terrain\n|upkeep\n|turn|2\n|inactive|ppooiiuuyyttrreeww has 30 seconds left.\n|inactive|j0l0k0 has 30 seconds left.\n|\n|t:|1770541229\n|switch|p1b: Ho-Oh|Ho-Oh, L50|100/100\n|move|p1a: Eternatus|Cosmic Power|p1a: Eternatus\n|-boost|p1a: Eternatus|def|1\n|-boost|p1a: Eternatus|spd|1\n|move|p2b: Landorus|Sludge Bomb|p1a: Eternatus\n|-supereffective|p1a: Eternatus\n|-damage|p1a: Eternatus|53/100\n|move|p2a: Calyrex|Trick Room|p2a: Calyrex\n|-fieldstart|move: Trick Room|[of] p2a: Calyrex\n|\n|-weather|RainDance|[upkeep]\n|-heal|p2a: Calyrex|100/100|[from] Grassy Terrain\n|-heal|p1a: Eternatus|59/100|[from] Grassy Terrain\n|-heal|p1a: Eternatus|65/100|[from] item: Leftovers\n|upkeep\n|turn|3\n|\n|t:|1770541251\n|move|p2a: Calyrex|Glacial Lance|p1b: Ho-Oh|[spread] p1a,p1b\n|-damage|p1a: Eternatus|47/100\n|-damage|p1b: Ho-Oh|50/100\n|move|p2b: Landorus|Sludge Bomb|p1a: Eternatus\n|-supereffective|p1a: Eternatus\n|-damage|p1a: Eternatus|14/100\n|move|p1b: Ho-Oh|Sacred Fire|p2a: Calyrex\n|-supereffective|p2a: Calyrex\n|-damage|p2a: Calyrex|72/100\n|-status|p2a: Calyrex|brn\n|move|p1a: Eternatus|Recover|p1a: Eternatus\n|-heal|p1a: Eternatus|64/100\n|\n|-weather|RainDance|[upkeep]\n|-heal|p2a: Calyrex|77/100 brn|[from] Grassy Terrain\n|-heal|p1a: Eternatus|70/100|[from] Grassy Terrain\n|-heal|p1a: Eternatus|76/100|[from] item: Leftovers\n|-damage|p2a: Calyrex|72/100 brn|[from] brn\n|upkeep\n|turn|4\n|inactive|ppooiiuuyyttrreeww has 30 seconds left.\n|\n|t:|1770541277\n|move|p2a: Calyrex|Glacial Lance|p1a: Eternatus|[spread] p1a,p1b\n|-crit|p1a: Eternatus\n|-damage|p1a: Eternatus|46/100\n|-damage|p1b: Ho-Oh|27/100\n|move|p2b: Landorus|Sludge Bomb|p1b: Ho-Oh\n|-damage|p1b: Ho-Oh|0 fnt\n|faint|p1b: Ho-Oh\n|move|p1a: Eternatus|Recover|p1a: Eternatus\n|-heal|p1a: Eternatus|96/100\n|\n|-weather|RainDance|[upkeep]\n|-heal|p2a: Calyrex|77/100 brn|[from] Grassy Terrain\n|-heal|p1a: Eternatus|100/100|[from] Grassy Terrain\n|-damage|p2a: Calyrex|72/100 brn|[from] brn\n|upkeep\n|inactive|ppooiiuuyyttrreeww has 30 seconds left.\n|\n|t:|1770541305\n|switch|p1b: Rillaboom|Rillaboom, L50, F|84/100\n|turn|5\n|\n|t:|1770541315\n|move|p1b: Rillaboom|Fake Out|p2b: Landorus\n|-resisted|p2b: Landorus\n|-damage|p2b: Landorus|94/100\n|move|p2a: Calyrex|Glacial Lance|p1b: Rillaboom|[spread] p1a,p1b\n|-supereffective|p1b: Rillaboom\n|-damage|p1a: Eternatus|91/100\n|-damage|p1b: Rillaboom|29/100\n|cant|p2b: Landorus|flinch\n|move|p1a: Eternatus|Cosmic Power|p1a: Eternatus\n|-boost|p1a: Eternatus|def|1\n|-boost|p1a: Eternatus|spd|1\n|\n|-weather|none\n|-heal|p2a: Calyrex|77/100 brn|[from] Grassy Terrain\n|-heal|p2b: Landorus|100/100|[from] Grassy Terrain\n|-heal|p1b: Rillaboom|35/100|[from] Grassy Terrain\n|-heal|p1a: Eternatus|97/100|[from] Grassy Terrain\n|-heal|p1a: Eternatus|100/100|[from] item: Leftovers\n|-damage|p2a: Calyrex|72/100 brn|[from] brn\n|-fieldend|move: Grassy Terrain\n|upkeep\n|turn|6\n|inactive|ppooiiuuyyttrreeww has 30 seconds left.\n|inactive|ppooiiuuyyttrreeww has 20 seconds left.\n|inactive|ppooiiuuyyttrreeww has 15 seconds left.\n|inactive|ppooiiuuyyttrreeww has 10 seconds left.\n|inactive|ppooiiuuyyttrreeww has 5 seconds left.\n|\n|t:|1770541366\n|switch|p1b: Ninetales|Ninetales-Alola, L50, F|100/100\n|-weather|Snowscape|[from] ability: Snow Warning|[of] p1b: Ninetales\n|move|p2a: Calyrex|Glacial Lance|p1a: Eternatus|[spread] p1a,p1b\n|-resisted|p1b: Ninetales\n|-damage|p1a: Eternatus|93/100\n|-damage|p1b: Ninetales|88/100\n|move|p2b: Landorus|Sludge Bomb|p1a: Eternatus\n|-supereffective|p1a: Eternatus\n|-damage|p1a: Eternatus|66/100\n|move|p1a: Eternatus|Fire Spin|p2b: Landorus|[miss]\n|-miss|p1a: Eternatus|p2b: Landorus\n|\n|-weather|Snowscape|[upkeep]\n|-heal|p1a: Eternatus|72/100|[from] item: Leftovers\n|-damage|p2a: Calyrex|66/100 brn|[from] brn\n|-fieldend|move: Trick Room\n|upkeep\n|turn|7\n|inactive|ppooiiuuyyttrreeww has 30 seconds left.\n|\n|t:|1770541394\n|move|p1b: Ninetales|Aurora Veil|p1b: Ninetales\n|-sidestart|p1: ppooiiuuyyttrreeww|move: Aurora Veil\n|move|p1a: Eternatus|Cosmic Power|p1a: Eternatus\n|-boost|p1a: Eternatus|def|1\n|-boost|p1a: Eternatus|spd|1\n|move|p2b: Landorus|Sludge Bomb|p1b: Ninetales\n|-supereffective|p1b: Ninetales\n|-damage|p1b: Ninetales|4/100\n|move|p2a: Calyrex|Trick Room|p2a: Calyrex\n|-fieldstart|move: Trick Room|[of] p2a: Calyrex\n|\n|-weather|Snowscape|[upkeep]\n|-heal|p1a: Eternatus|78/100|[from] item: Leftovers\n|-damage|p2a: Calyrex|60/100 brn|[from] brn\n|upkeep\n|turn|8\n|inactive|ppooiiuuyyttrreeww has 30 seconds left.\n|inactive|j0l0k0 has 30 seconds left.\n|\n|t:|1770541423\n|move|p1b: Ninetales|Protect|p1b: Ninetales\n|-singleturn|p1b: Ninetales|Protect\n|move|p2a: Calyrex|Crunch|p1b: Ninetales\n|-activate|p1b: Ninetales|move: Protect\n|move|p2b: Landorus|Sludge Bomb|p1a: Eternatus\n|-supereffective|p1a: Eternatus\n|-damage|p1a: Eternatus|62/100\n|move|p1a: Eternatus|Fire Spin|p2b: Landorus\n|-supereffective|p2b: Landorus\n|-damage|p2b: Landorus|75/100\n|-activate|p2b: Landorus|move: Fire Spin|[of] p1a: Eternatus\n|\n|-weather|Snowscape|[upkeep]\n|-heal|p1a: Eternatus|69/100|[from] item: Leftovers\n|-damage|p2a: Calyrex|54/100 brn|[from] brn\n|-damage|p2b: Landorus|63/100|[from] move: Fire Spin|[partiallytrapped]\n|upkeep\n|turn|9\n|inactive|ppooiiuuyyttrreeww has 30 seconds left.\n|\n|t:|1770541455\n|move|p1b: Ninetales|Protect|p1b: Ninetales\n|-singleturn|p1b: Ninetales|Protect\n|move|p2a: Calyrex|Crunch|p1b: Ninetales\n|-activate|p1b: Ninetales|move: Protect\n|move|p2b: Landorus|Sludge Bomb|p1a: Eternatus\n|-supereffective|p1a: Eternatus\n|-damage|p1a: Eternatus|54/100\n|move|p1a: Eternatus|Recover|p1a: Eternatus\n|-heal|p1a: Eternatus|100/100\n|\n|-weather|Snowscape|[upkeep]\n|-damage|p2a: Calyrex|48/100 brn|[from] brn\n|-damage|p2b: Landorus|50/100|[from] move: Fire Spin|[partiallytrapped]\n|upkeep\n|turn|10\n|inactive|ppooiiuuyyttrreeww has 30 seconds left.\n|\n|t:|1770541481\n|move|p2a: Calyrex|Crunch|p1a: Eternatus\n|-resisted|p1a: Eternatus\n|-damage|p1a: Eternatus|99/100\n|move|p2b: Landorus|Sandsear Storm|p1b: Ninetales|[spread] p1a,p1b\n|-damage|p1a: Eternatus|90/100\n|-damage|p1b: Ninetales|0 fnt\n|faint|p1b: Ninetales\n|move|p1a: Eternatus|Cosmic Power|p1a: Eternatus\n|-boost|p1a: Eternatus|def|1\n|-boost|p1a: Eternatus|spd|1\n|\n|-weather|none\n|-heal|p1a: Eternatus|96/100|[from] item: Leftovers\n|-damage|p2a: Calyrex|43/100 brn|[from] brn\n|-damage|p2b: Landorus|38/100|[from] move: Fire Spin|[partiallytrapped]\n|upkeep\n|\n|t:|1770541498\n|switch|p1b: Rillaboom|Rillaboom, L50, F|35/100\n|-fieldstart|move: Grassy Terrain|[from] ability: Grassy Surge|[of] p1b: Rillaboom\n|turn|11\n|\n|t:|1770541512\n|move|p1b: Rillaboom|Fake Out|p2b: Landorus\n|-resisted|p2b: Landorus\n|-damage|p2b: Landorus|31/100\n|move|p2a: Calyrex|Close Combat|p1b: Rillaboom\n|-damage|p1b: Rillaboom|20/100\n|-unboost|p2a: Calyrex|def|1\n|-unboost|p2a: Calyrex|spd|1\n|cant|p2b: Landorus|flinch\n|move|p1a: Eternatus|Cosmic Power|p1a: Eternatus\n|-boost|p1a: Eternatus|def|1\n|-boost|p1a: Eternatus|spd|1\n|\n|-heal|p2a: Calyrex|48/100 brn|[from] Grassy Terrain\n|-heal|p2b: Landorus|37/100|[from] Grassy Terrain\n|-heal|p1b: Rillaboom|26/100|[from] Grassy Terrain\n|-heal|p1a: Eternatus|100/100|[from] Grassy Terrain\n|-damage|p2a: Calyrex|43/100 brn|[from] brn\n|-damage|p2b: Landorus|25/100|[from] move: Fire Spin|[partiallytrapped]\n|-sideend|p1: ppooiiuuyyttrreeww|move: Aurora Veil\n|-fieldend|move: Trick Room\n|upkeep\n|turn|12\n|inactive|ppooiiuuyyttrreeww has 30 seconds left.\n|\n|t:|1770541541\n|move|p1b: Rillaboom|Grassy Glide|p2a: Calyrex\n|-damage|p2a: Calyrex|8/100 brn\n|move|p1a: Eternatus|Fire Spin|p2a: Calyrex\n|-supereffective|p2a: Calyrex\n|-damage|p2a: Calyrex|0 fnt\n|faint|p2a: Calyrex\n|move|p2b: Landorus|Sludge Bomb|p1b: Rillaboom\n|-supereffective|p1b: Rillaboom\n|-damage|p1b: Rillaboom|0 fnt\n|faint|p1b: Rillaboom\n|\n|-heal|p2b: Landorus|31/100|[from] Grassy Terrain\n|-end|p2b: Landorus|Fire Spin|[partiallytrapped]\n|upkeep\n|\n|t:|1770541566\n|switch|p2a: Urshifu|Urshifu, L50, F|100/100\n|turn|13\n|\n|t:|1770541575\n|move|p1a: Eternatus|Toxic|p2a: Urshifu\n|-status|p2a: Urshifu|tox\n|move|p2a: Urshifu|Poison Jab|p1a: Eternatus\n|-supereffective|p1a: Eternatus\n|-damage|p1a: Eternatus|90/100\n|-status|p1a: Eternatus|psn\n|move|p2b: Landorus|Sludge Bomb|p1a: Eternatus\n|-supereffective|p1a: Eternatus\n|-damage|p1a: Eternatus|73/100 psn\n|\n|-heal|p1a: Eternatus|79/100 psn|[from] Grassy Terrain\n|-heal|p1a: Eternatus|85/100 psn|[from] item: Leftovers\n|-heal|p2b: Landorus|37/100|[from] Grassy Terrain\n|-damage|p1a: Eternatus|73/100 psn|[from] psn\n|-damage|p2a: Urshifu|95/100 tox|[from] psn\n|upkeep\n|turn|14\n|\n|t:|1770541595\n|move|p1a: Eternatus|Fire Spin|p2b: Landorus\n|-supereffective|p2b: Landorus\n|-damage|p2b: Landorus|11/100\n|-activate|p2b: Landorus|move: Fire Spin|[of] p1a: Eternatus\n|move|p2a: Urshifu|Poison Jab|p1a: Eternatus\n|-supereffective|p1a: Eternatus\n|-damage|p1a: Eternatus|62/100 psn\n|move|p2b: Landorus|Sludge Bomb|p1a: Eternatus\n|-supereffective|p1a: Eternatus\n|-damage|p1a: Eternatus|46/100 psn\n|\n|-heal|p1a: Eternatus|52/100 psn|[from] Grassy Terrain\n|-heal|p1a: Eternatus|58/100 psn|[from] item: Leftovers\n|-heal|p2a: Urshifu|100/100 tox|[from] Grassy Terrain\n|-heal|p2b: Landorus|17/100|[from] Grassy Terrain\n|-damage|p1a: Eternatus|46/100 psn|[from] psn\n|-damage|p2a: Urshifu|89/100 tox|[from] psn\n|-damage|p2b: Landorus|5/100|[from] move: Fire Spin|[partiallytrapped]\n|upkeep\n|turn|15\n|\n|t:|1770541615\n|move|p1a: Eternatus|Recover|p1a: Eternatus\n|-heal|p1a: Eternatus|96/100 psn\n|move|p2a: Urshifu|Poison Jab|p1a: Eternatus\n|-supereffective|p1a: Eternatus\n|-damage|p1a: Eternatus|86/100 psn\n|move|p2b: Landorus|Sandsear Storm|p1a: Eternatus\n|-crit|p1a: Eternatus\n|-damage|p1a: Eternatus|0 fnt\n|faint|p1a: Eternatus\n|\n|win|j0l0k0\n|raw|ppooiiuuyyttrreeww's rating: 1166 &rarr; <strong>1152</strong><br />(-14 for losing)\n|raw|j0l0k0's rating: 1328 &rarr; <strong>1339</strong><br />(+11 for winning)\n|l|\u2606ppooiiuuyyttrreeww\n|player|p1|\n|l|\u2606j0l0k0\n|player|p2|\n|j| burd_vgc\n|l| burd_vgc\n|j| kblemon\n|l| kblemon\n","uploadtime":1770541900,"views":11,"formatid":"gen9vgc2026regi","rating":1152,"private":0,"password":null}