{"id":"gen9vgc2026regi-2538685360","format":"[Gen 9] VGC 2026 Reg I","players":["fogdocker","keturn"],"log":"|j|\u2606fogdocker\n|j|\u2606keturn\n|t:|1770956805\n|gametype|doubles\n|player|p1|fogdocker|1|1521\n|player|p2|keturn|170|1459\n|gen|9\n|tier|[Gen 9] VGC 2026 Reg I\n|rated|\n|rule|Species Clause: Limit one of each Pok\u00e9mon\n|rule|Item Clause: Limit 1 of each item\n|clearpoke\n|poke|p1|Calyrex-Ice, L50|\n|poke|p1|Koraidon, L50|\n|poke|p1|Flutter Mane, L50|\n|poke|p1|Incineroar, L50, M|\n|poke|p1|Rillaboom, L50, M|\n|poke|p1|Volcarona, L50, F|\n|poke|p2|Kyogre, L50|\n|poke|p2|Calyrex-Ice, L50|\n|poke|p2|Indeedee-F, L50, F|\n|poke|p2|Urshifu-*, L50, M|\n|poke|p2|Iron Jugulis, L50|\n|poke|p2|Pincurchin, L50, M|\n|teampreview|4\n|\n|t:|1770956867\n|teamsize|p1|4\n|teamsize|p2|4\n|start\n|switch|p1a: Calyrex|Calyrex-Ice, L50|100/100\n|switch|p1b: Rillaboom|Rillaboom, L50, M|100/100\n|switch|p2a: Calyrex|Calyrex-Ice, L50|100/100\n|switch|p2b: Urshifu|Urshifu-Rapid-Strike, L50, M|100/100\n|-ability|p2a: Calyrex|As One\n|-ability|p2a: Calyrex|Unnerve\n|-ability|p1a: Calyrex|As One\n|-ability|p1a: Calyrex|Unnerve\n|-fieldstart|move: Grassy Terrain|[from] ability: Grassy Surge|[of] p1b: Rillaboom\n|turn|1\n|\n|t:|1770956906\n|move|p1b: Rillaboom|Fake Out|p2a: Calyrex\n|-damage|p2a: Calyrex|92/100\n|move|p2b: Urshifu|U-turn|p1a: Calyrex\n|-supereffective|p1a: Calyrex\n|-damage|p1a: Calyrex|71/100\n|\n|t:|1770956915\n|switch|p2b: Kyogre|Kyogre, L50|100/100|[from] U-turn\n|-weather|RainDance|[from] ability: Drizzle|[of] p2b: Kyogre\n|cant|p2a: Calyrex|flinch\n|move|p1a: Calyrex|Leech Seed|p2b: Kyogre\n|-start|p2b: Kyogre|move: Leech Seed\n|\n|-weather|RainDance|[upkeep]\n|-heal|p2a: Calyrex|98/100|[from] Grassy Terrain\n|-heal|p1a: Calyrex|76/100|[from] Grassy Terrain\n|-heal|p1a: Calyrex|82/100|[from] item: Leftovers\n|-damage|p2b: Kyogre|88/100|[from] Leech Seed|[of] p1a: Calyrex\n|-heal|p1a: Calyrex|94/100|[silent]\n|upkeep\n|turn|2\n|\n|t:|1770956940\n|switch|p2b: Urshifu|Urshifu-Rapid-Strike, L50, M|100/100\n|-terastallize|p1a: Calyrex|Water\n|move|p1b: Rillaboom|U-turn|p2a: Calyrex\n|-supereffective|p2a: Calyrex\n|-damage|p2a: Calyrex|71/100\n|\n|t:|1770956947\n|switch|p1b: Incineroar|Incineroar, L50, M|100/100|[from] U-turn\n|-ability|p1b: Incineroar|Intimidate|boost\n|-unboost|p2a: Calyrex|atk|1\n|-unboost|p2b: Urshifu|atk|1\n|move|p2a: Calyrex|Glacial Lance|p1b: Incineroar|[spread] p1a,p1b\n|-resisted|p1a: Calyrex\n|-resisted|p1b: Incineroar\n|-damage|p1a: Calyrex|82/100\n|-damage|p1b: Incineroar|81/100\n|move|p1a: Calyrex|Leech Seed|p2a: Calyrex\n|-start|p2a: Calyrex|move: Leech Seed\n|\n|-weather|RainDance|[upkeep]\n|-heal|p1b: Incineroar|87/100|[from] Grassy Terrain\n|-heal|p2a: Calyrex|77/100|[from] Grassy Terrain\n|-heal|p1a: Calyrex|87/100|[from] Grassy Terrain\n|-heal|p1a: Calyrex|93/100|[from] item: Leftovers\n|-damage|p2a: Calyrex|64/100|[from] Leech Seed|[of] p1a: Calyrex\n|-heal|p1a: Calyrex|100/100|[silent]\n|upkeep\n|turn|3\n|\n|t:|1770957014\n|switch|p2a: Kyogre|Kyogre, L50|88/100\n|move|p1b: Incineroar|Fake Out|p2b: Urshifu\n|-damage|p2b: Urshifu|90/100\n|cant|p2b: Urshifu|flinch\n|move|p1a: Calyrex|Glacial Lance|p2b: Urshifu|[spread] p2a,p2b\n|-resisted|p2a: Kyogre\n|-resisted|p2b: Urshifu\n|-damage|p2a: Kyogre|64/100\n|-damage|p2b: Urshifu|66/100\n|\n|-weather|RainDance|[upkeep]\n|-heal|p2b: Urshifu|72/100|[from] Grassy Terrain\n|-heal|p2a: Kyogre|70/100|[from] Grassy Terrain\n|-heal|p1b: Incineroar|93/100|[from] Grassy Terrain\n|upkeep\n|turn|4\n|\n|t:|1770957046\n|switch|p2a: Calyrex|Calyrex-Ice, L50|64/100\n|-ability|p2a: Calyrex|As One\n|-ability|p2a: Calyrex|Unnerve\n|switch|p1b: Koraidon|Koraidon, L50|100/100\n|-weather|SunnyDay|[from] ability: Orichalcum Pulse|[of] p1b: Koraidon\n|-activate|p1b: Koraidon|Orichalcum Pulse|[source]\n|move|p2b: Urshifu|Coaching|p2a: Calyrex\n|-boost|p2a: Calyrex|atk|1\n|-boost|p2a: Calyrex|def|1\n|move|p1a: Calyrex|Leech Seed|p2a: Calyrex\n|-start|p2a: Calyrex|move: Leech Seed\n|\n|-weather|SunnyDay|[upkeep]\n|-heal|p2b: Urshifu|78/100|[from] Grassy Terrain\n|-heal|p2a: Calyrex|70/100|[from] Grassy Terrain\n|-damage|p2a: Calyrex|58/100|[from] Leech Seed|[of] p1a: Calyrex\n|upkeep\n|turn|5\n|\n|t:|1770957107\n|switch|p1b: Incineroar|Incineroar, L50, M|93/100\n|-ability|p1b: Incineroar|Intimidate|boost\n|-unboost|p2a: Calyrex|atk|1\n|-unboost|p2b: Urshifu|atk|1\n|move|p2b: Urshifu|Coaching|p2a: Calyrex\n|-boost|p2a: Calyrex|atk|1\n|-boost|p2a: Calyrex|def|1\n|move|p2a: Calyrex|Glacial Lance|p1a: Calyrex|[spread] p1a,p1b\n|-resisted|p1a: Calyrex\n|-resisted|p1b: Incineroar\n|-damage|p1a: Calyrex|71/100\n|-damage|p1b: Incineroar|48/100\n|move|p1a: Calyrex|Leech Seed|p2b: Urshifu|[miss]\n|-miss|p1a: Calyrex|p2b: Urshifu\n|\n|-weather|SunnyDay|[upkeep]\n|-heal|p2b: Urshifu|83/100|[from] Grassy Terrain\n|-heal|p1b: Incineroar|53/100|[from] Grassy Terrain\n|-heal|p2a: Calyrex|64/100|[from] Grassy Terrain\n|-heal|p1a: Calyrex|77/100|[from] Grassy Terrain\n|-heal|p1a: Calyrex|83/100|[from] item: Leftovers\n|-damage|p2a: Calyrex|52/100|[from] Leech Seed|[of] p1a: Calyrex\n|-heal|p1a: Calyrex|95/100|[silent]\n|-fieldend|move: Grassy Terrain\n|upkeep\n|turn|6\n|\n|t:|1770957136\n|move|p1b: Incineroar|Fake Out|p2a: Calyrex\n|-damage|p2a: Calyrex|48/100\n|move|p2b: Urshifu|Coaching|p2a: Calyrex\n|-boost|p2a: Calyrex|atk|1\n|-boost|p2a: Calyrex|def|1\n|cant|p2a: Calyrex|flinch\n|move|p1a: Calyrex|Leech Seed|p2b: Urshifu\n|-start|p2b: Urshifu|move: Leech Seed\n|\n|-weather|SunnyDay|[upkeep]\n|-heal|p1a: Calyrex|100/100|[from] item: Leftovers\n|-damage|p2b: Urshifu|71/100|[from] Leech Seed|[of] p1a: Calyrex\n|-damage|p2a: Calyrex|36/100|[from] Leech Seed|[of] p1a: Calyrex\n|upkeep\n|turn|7\n|\n|t:|1770957160\n|switch|p2b: Kyogre|Kyogre, L50|70/100\n|-weather|RainDance|[from] ability: Drizzle|[of] p2b: Kyogre\n|move|p2a: Calyrex|Protect|p2a: Calyrex\n|-singleturn|p2a: Calyrex|Protect\n|move|p1b: Incineroar|Knock Off|p2a: Calyrex\n|-activate|p2a: Calyrex|move: Protect\n|move|p1a: Calyrex|Glacial Lance|p2a: Calyrex|[spread] p2b\n|-activate|p2a: Calyrex|move: Protect\n|-resisted|p2b: Kyogre\n|-damage|p2b: Kyogre|47/100\n|\n|-weather|RainDance|[upkeep]\n|-damage|p2a: Calyrex|24/100|[from] Leech Seed|[of] p1a: Calyrex\n|upkeep\n|turn|8\n|\n|t:|1770957179\n|move|p1a: Calyrex|Protect|p1a: Calyrex\n|-singleturn|p1a: Calyrex|Protect\n|move|p2b: Kyogre|Origin Pulse|p1b: Incineroar|[spread] p1b\n|-activate|p1a: Calyrex|move: Protect\n|-supereffective|p1b: Incineroar\n|-damage|p1b: Incineroar|0 fnt\n|faint|p1b: Incineroar\n|move|p2a: Calyrex|Glacial Lance|p1a: Calyrex\n|-activate|p1a: Calyrex|move: Protect\n|\n|-weather|RainDance|[upkeep]\n|-damage|p2a: Calyrex|12/100|[from] Leech Seed|[of] p1a: Calyrex\n|upkeep\n|\n|t:|1770957185\n|switch|p1b: Koraidon|Koraidon, L50|100/100\n|-weather|SunnyDay|[from] ability: Orichalcum Pulse|[of] p1b: Koraidon\n|-activate|p1b: Koraidon|Orichalcum Pulse|[source]\n|turn|9\n|\n|t:|1770957219\n|switch|p2b: Urshifu|Urshifu-Rapid-Strike, L50, M|71/100\n|move|p1b: Koraidon|Flare Blitz|p2a: Calyrex\n|-supereffective|p2a: Calyrex\n|-crit|p2a: Calyrex\n|-damage|p2a: Calyrex|0 fnt\n|faint|p2a: Calyrex\n|-damage|p1b: Koraidon|96/100|[from] Recoil\n|-damage|p1b: Koraidon|86/100|[from] item: Life Orb\n|move|p1a: Calyrex|Glacial Lance|p2b: Urshifu\n|-resisted|p2b: Urshifu\n|-damage|p2b: Urshifu|41/100\n|\n|-weather|SunnyDay|[upkeep]\n|upkeep\n|\n|t:|1770957232\n|switch|p2a: Kyogre|Kyogre, L50|47/100\n|-weather|RainDance|[from] ability: Drizzle|[of] p2a: Kyogre\n|turn|10\n|\n|t:|1770957271\n|move|p2b: Urshifu|Close Combat|p1a: Calyrex\n|-damage|p1a: Calyrex|66/100\n|-unboost|p2b: Urshifu|def|1\n|-unboost|p2b: Urshifu|spd|1\n|move|p1b: Koraidon|Close Combat|p2a: Kyogre\n|-damage|p2a: Kyogre|0 fnt\n|-unboost|p1b: Koraidon|def|1\n|-unboost|p1b: Koraidon|spd|1\n|faint|p2a: Kyogre\n|-damage|p1b: Koraidon|76/100|[from] item: Life Orb\n|move|p1a: Calyrex|Leech Seed|p2b: Urshifu\n|-start|p2b: Urshifu|move: Leech Seed\n|\n|-weather|RainDance|[upkeep]\n|-heal|p1a: Calyrex|72/100|[from] item: Leftovers\n|-damage|p2b: Urshifu|29/100|[from] Leech Seed|[of] p1a: Calyrex\n|-heal|p1a: Calyrex|82/100|[silent]\n|upkeep\n|\n|t:|1770957286\n|switch|p2a: Indeedee|Indeedee-F, L50, F|100/100\n|-fieldstart|move: Psychic Terrain|[from] ability: Psychic Surge|[of] p2a: Indeedee\n|turn|11\n|-message|keturn forfeited.\n|\n|win|fogdocker\n|raw|fogdocker's rating: 1521 &rarr; <strong>1537</strong><br />(+16 for winning)\n|raw|keturn's rating: 1459 &rarr; <strong>1443</strong><br />(-16 for losing)\n|l|\u2606keturn\n|player|p2|\n","uploadtime":1770957321,"views":25,"formatid":"gen9vgc2026regi","rating":1443,"private":0,"password":null}