{"id":"gen9vgc2026regi-2578932418","format":"[Gen 9] VGC 2026 Reg I","players":["asroarri","buggybrain"],"log":"|j|\u2606asroarri\n|j|\u2606buggybrain\n|t:|1775737871\n|gametype|doubles\n|player|p1|asroarri|dawn|1581\n|player|p2|buggybrain|hiker-gen4|1596\n|gen|9\n|tier|[Gen 9] VGC 2026 Reg I\n|rated|\n|rule|Species Clause: Limit one of each Pok\u00e9mon\n|rule|Item Clause: Limit 1 of each item\n|clearpoke\n|poke|p1|Calyrex-Ice, L50|\n|poke|p1|Miraidon, L50|\n|poke|p1|Iron Hands, L50|\n|poke|p1|Farigiraf, L50, F|\n|poke|p1|Torkoal, L50, M|\n|poke|p1|Smeargle, L50, M|\n|poke|p2|Chien-Pao, L50|\n|poke|p2|Zacian-*, L50|\n|poke|p2|Kyogre, L50|\n|poke|p2|Urshifu-*, L50, M|\n|poke|p2|Roaring Moon, L50|\n|poke|p2|Amoonguss, L50, M|\n|teampreview|4\n|inactive|Battle timer is ON: inactive players will automatically lose when time's up. (requested by asroarri)\n|inactive|buggybrain has 60 seconds left.\n|\n|t:|1775737905\n|teamsize|p1|4\n|teamsize|p2|4\n|start\n|switch|p1a: Calyrex|Calyrex-Ice, L50|100/100\n|switch|p1b: Miraidon|Miraidon, L50|100/100\n|switch|p2a: Runaway|Kyogre, L50, shiny|100/100\n|switch|p2b: METAVISION|Amoonguss, L50, M, shiny|100/100\n|-ability|p1a: Calyrex|As One\n|-ability|p1a: Calyrex|Unnerve\n|-fieldstart|move: Electric Terrain|[from] ability: Hadron Engine|[of] p1b: Miraidon\n|-weather|RainDance|[from] ability: Drizzle|[of] p2a: Runaway\n|turn|1\n|\n|t:|1775737918\n|move|p1a: Calyrex|Protect|p1a: Calyrex\n|-singleturn|p1a: Calyrex|Protect\n|move|p2b: METAVISION|Rage Powder|p2b: METAVISION\n|-singleturn|p2b: METAVISION|move: Rage Powder\n|move|p1b: Miraidon|Volt Switch|p2b: METAVISION\n|-resisted|p2b: METAVISION\n|-damage|p2b: METAVISION|69/100\n|\n|t:|1775737923\n|switch|p1b: Iron Hands|Iron Hands, L50|100/100|[from] Volt Switch\n|-activate|p1b: Iron Hands|ability: Quark Drive\n|-start|p1b: Iron Hands|quarkdriveatk\n|move|p2a: Runaway|Water Spout|p1b: Iron Hands|[spread] p1b\n|-activate|p1a: Calyrex|move: Protect\n|-damage|p1b: Iron Hands|28/100\n|\n|-weather|RainDance|[upkeep]\n|upkeep\n|turn|2\n|\n|t:|1775737937\n|switch|p2b: Vulcan|Urshifu-Rapid-Strike, L50, M|100/100\n|move|p1b: Iron Hands|Fake Out|p2a: Runaway\n|-damage|p2a: Runaway|82/100\n|cant|p2a: Runaway|flinch\n|move|p1a: Calyrex|Trick Room|p1a: Calyrex\n|-fieldstart|move: Trick Room|[of] p1a: Calyrex\n|\n|-weather|RainDance|[upkeep]\n|upkeep\n|turn|3\n|\n|t:|1775737960\n|move|p2b: Vulcan|Aqua Jet|p1b: Iron Hands\n|-damage|p1b: Iron Hands|4/100\n|move|p1b: Iron Hands|Wild Charge|p2b: Vulcan\n|-supereffective|p2b: Vulcan\n|-damage|p2b: Vulcan|0 fnt\n|faint|p2b: Vulcan\n|-damage|p1b: Iron Hands|0 fnt|[from] Recoil\n|faint|p1b: Iron Hands\n|-end|p1b: Iron Hands|Quark Drive|[silent]\n|move|p1a: Calyrex|Glacial Lance|p2a: Runaway\n|-resisted|p2a: Runaway\n|-damage|p2a: Runaway|46/100\n|move|p2a: Runaway|Hydro Pump|p1a: Calyrex\n|-damage|p1a: Calyrex|16/100\n|\n|-weather|RainDance|[upkeep]\n|upkeep\n|\n|t:|1775737980\n|switch|p1b: Torkoal|Torkoal, L50, M|100/100\n|switch|p2b: METAVISION|Amoonguss, L50, M, shiny|100/100\n|-weather|SunnyDay|[from] ability: Drought|[of] p1b: Torkoal\n|turn|4\n|\n|t:|1775738008\n|-terastallize|p2b: METAVISION|Water\n|-terastallize|p1a: Calyrex|Ground\n|move|p2a: Runaway|Protect|p2a: Runaway\n|-singleturn|p2a: Runaway|Protect\n|move|p1b: Torkoal|Eruption|p2a: Runaway|[spread] p2b\n|-activate|p2a: Runaway|move: Protect\n|-resisted|p2b: METAVISION\n|-damage|p2b: METAVISION|49/100\n|move|p2b: METAVISION|Pollen Puff|p1a: Calyrex\n|-damage|p1a: Calyrex|4/100\n|move|p1a: Calyrex|Glacial Lance|p2a: Runaway|[spread] p2b\n|-activate|p2a: Runaway|move: Protect\n|-resisted|p2b: METAVISION\n|-damage|p2b: METAVISION|27/100\n|\n|-weather|SunnyDay|[upkeep]\n|upkeep\n|turn|5\n|inactive|buggybrain has 30 seconds left.\n|\n|t:|1775738035\n|move|p2b: METAVISION|Protect|p2b: METAVISION\n|-singleturn|p2b: METAVISION|Protect\n|move|p2a: Runaway|Protect|p2a: Runaway\n|-singleturn|p2a: Runaway|Protect\n|move|p1b: Torkoal|Eruption|p2a: Runaway|[spread] \n|-activate|p2a: Runaway|move: Protect\n|-activate|p2b: METAVISION|move: Protect\n|move|p1a: Calyrex|Glacial Lance|p2b: METAVISION|[spread] \n|-activate|p2a: Runaway|move: Protect\n|-activate|p2b: METAVISION|move: Protect\n|\n|-weather|SunnyDay|[upkeep]\n|-fieldend|move: Electric Terrain\n|upkeep\n|turn|6\n|\n|t:|1775738041\n|move|p2b: METAVISION|Protect|p2b: METAVISION\n|-singleturn|p2b: METAVISION|Protect\n|move|p2a: Runaway|Protect||[still]\n|-fail|p2a: Runaway\n|move|p1b: Torkoal|Eruption|p2b: METAVISION|[spread] p2a\n|-activate|p2b: METAVISION|move: Protect\n|-resisted|p2a: Runaway\n|-damage|p2a: Runaway|7/100\n|move|p1a: Calyrex|Glacial Lance|p2a: Runaway|[spread] p2a\n|-activate|p2b: METAVISION|move: Protect\n|-resisted|p2a: Runaway\n|-damage|p2a: Runaway|0 fnt\n|faint|p2a: Runaway\n|-ability|p1a: Calyrex|Chilling Neigh|boost\n|-boost|p1a: Calyrex|atk|1\n|\n|-weather|SunnyDay|[upkeep]\n|-fieldend|move: Trick Room\n|upkeep\n|\n|t:|1775738044\n|switch|p2a: Prince|Zacian-Crowned, L50, shiny|100/100\n|-ability|p2a: Prince|Intrepid Sword|boost\n|-boost|p2a: Prince|atk|1\n|turn|7\n|inactive|asroarri has 30 seconds left.\n|inactive|buggybrain has 30 seconds left.\n|inactive|buggybrain has 20 seconds left.\n|\n|t:|1775738084\n|move|p2a: Prince|Behemoth Blade|p1a: Calyrex\n|-damage|p1a: Calyrex|0 fnt\n|faint|p1a: Calyrex\n|move|p2b: METAVISION|Spore|p1b: Torkoal\n|-status|p1b: Torkoal|slp|[from] move: Spore\n|cant|p1b: Torkoal|slp\n|\n|-weather|SunnyDay|[upkeep]\n|upkeep\n|\n|t:|1775738089\n|switch|p1a: Miraidon|Miraidon, L50|100/100\n|-fieldstart|move: Electric Terrain|[from] ability: Hadron Engine|[of] p1a: Miraidon\n|turn|8\n|\n|t:|1775738102\n|move|p1a: Miraidon|Electro Drift|p2a: Prince\n|-damage|p2a: Prince|12/100\n|move|p2a: Prince|Play Rough|p1a: Miraidon\n|-supereffective|p1a: Miraidon\n|-damage|p1a: Miraidon|0 fnt\n|faint|p1a: Miraidon\n|move|p2b: METAVISION|Pollen Puff|p1b: Torkoal\n|-resisted|p1b: Torkoal\n|-damage|p1b: Torkoal|88/100 slp\n|cant|p1b: Torkoal|slp\n|\n|-weather|none\n|upkeep\n|turn|9\n|\n|t:|1775738120\n|move|p2a: Prince|Behemoth Blade|p1b: Torkoal\n|-resisted|p1b: Torkoal\n|-damage|p1b: Torkoal|59/100 slp\n|move|p2b: METAVISION|Pollen Puff|p2a: Prince\n|-heal|p2a: Prince|62/100\n|-curestatus|p1b: Torkoal|slp|[msg]\n|move|p1b: Torkoal|Eruption|p2b: METAVISION|[spread] p2a,p2b\n|-supereffective|p2a: Prince\n|-resisted|p2b: METAVISION\n|-crit|p2b: METAVISION\n|-damage|p2a: Prince|0 fnt\n|-damage|p2b: METAVISION|0 fnt\n|faint|p2a: Prince\n|faint|p2b: METAVISION\n|\n|win|asroarri\n|raw|asroarri's rating: 1581 &rarr; <strong>1602</strong><br />(+21 for winning)\n|raw|buggybrain's rating: 1596 &rarr; <strong>1575</strong><br />(-21 for losing)\n|l|\u2606asroarri\n|player|p1|\n|l|\u2606buggybrain\n|player|p2|\n","uploadtime":1775738320,"views":16,"formatid":"gen9vgc2026regi","rating":1575,"private":0,"password":null}