{"id":"gen9vgc2026regi-2544670107","format":"[Gen 9] VGC 2026 Reg I","players":["Unskilled99","VJ2511"],"log":"|j|\u2606Unskilled99\n|j|\u2606VJ2511\n|t:|1771736891\n|gametype|doubles\n|player|p1|Unskilled99|unknown|1462\n|player|p2|VJ2511|red-masters3|1471\n|gen|9\n|tier|[Gen 9] VGC 2026 Reg I\n|rated|\n|rule|Species Clause: Limit one of each Pok\u00e9mon\n|rule|Item Clause: Limit 1 of each item\n|clearpoke\n|poke|p1|Koraidon, L50|\n|poke|p1|Lunala, L50|\n|poke|p1|Flutter Mane, L50|\n|poke|p1|Chi-Yu, L50|\n|poke|p1|Brute Bonnet, L50|\n|poke|p1|Ursaluna, L50, M|\n|poke|p2|Calyrex-Shadow, L50|\n|poke|p2|Koraidon, L50|\n|poke|p2|Flutter Mane, L50|\n|poke|p2|Incineroar, L50, F|\n|poke|p2|Rillaboom, L50, F|\n|poke|p2|Clefairy, L50, F|\n|teampreview|4\n|c|\u2606VJ2511|hi unskilled\n|inactive|Battle timer is ON: inactive players will automatically lose when time's up. (requested by VJ2511)\n|c|\u2606Unskilled99|HI VJ\n|inactive|Unskilled99 has 60 seconds left.\n|inactive|VJ2511 has 60 seconds left.\n|\n|t:|1771736950\n|teamsize|p1|4\n|teamsize|p2|4\n|start\n|switch|p1a: Lunala|Lunala, L50|100/100\n|switch|p1b: Koraidon|Koraidon, L50|100/100\n|switch|p2a: Calyrex|Calyrex-Shadow, L50|100/100\n|switch|p2b: Flutter Mane|Flutter Mane, L50|100/100\n|-ability|p2a: Calyrex|As One\n|-ability|p2a: Calyrex|Unnerve\n|-weather|SunnyDay|[from] ability: Orichalcum Pulse|[of] p1b: Koraidon\n|-activate|p2b: Flutter Mane|ability: Protosynthesis\n|-start|p2b: Flutter Mane|protosynthesisspe\n|-activate|p1b: Koraidon|Orichalcum Pulse|[source]\n|turn|1\n|\n|t:|1771736969\n|-terastallize|p1b: Koraidon|Fire\n|move|p1a: Lunala|Wide Guard|p1a: Lunala\n|-singleturn|p1a: Lunala|Wide Guard\n|move|p2b: Flutter Mane|Icy Wind|p1a: Lunala|[spread] \n|-activate|p1a: Lunala|move: Wide Guard\n|-activate|p1b: Koraidon|move: Wide Guard\n|move|p1b: Koraidon|Flare Blitz|p2a: Calyrex\n|-damage|p2a: Calyrex|0 fnt\n|faint|p2a: Calyrex\n|-damage|p1b: Koraidon|65/100|[from] Recoil\n|-damage|p1b: Koraidon|56/100|[from] item: Life Orb\n|\n|-weather|SunnyDay|[upkeep]\n|upkeep\n|\n|t:|1771736974\n|switch|p2a: Koraidon|Koraidon, L50|100/100\n|-activate|p2a: Koraidon|ability: Orichalcum Pulse\n|turn|2\n|inactive|Unskilled99 has 30 seconds left.\n|\n|t:|1771737004\n|move|p2b: Flutter Mane|Icy Wind|p1b: Koraidon|[spread] p1a\n|-miss|p2b: Flutter Mane|p1b: Koraidon\n|-damage|p1a: Lunala|95/100\n|-unboost|p1a: Lunala|spe|1\n|move|p1b: Koraidon|Flame Charge|p2b: Flutter Mane\n|-enditem|p2b: Flutter Mane|Focus Sash\n|-damage|p2b: Flutter Mane|1/100\n|-boost|p1b: Koraidon|spe|1\n|-damage|p1b: Koraidon|46/100|[from] item: Life Orb\n|move|p2a: Koraidon|Low Kick|p1b: Koraidon\n|-damage|p1b: Koraidon|0 fnt\n|faint|p1b: Koraidon\n|move|p1a: Lunala|Moongeist Beam|p2b: Flutter Mane\n|-supereffective|p2b: Flutter Mane\n|-damage|p2b: Flutter Mane|0 fnt\n|faint|p2b: Flutter Mane\n|-end|p2b: Flutter Mane|Protosynthesis|[silent]\n|\n|-weather|SunnyDay|[upkeep]\n|upkeep\n|c|\u2606Unskilled99|:0\n|c|\u2606VJ2511|welp thats a pity\n|c|\u2606Unskilled99|sry\n|c|\u2606VJ2511|no worries lol\n|\n|t:|1771737025\n|switch|p2b: Incineroar|Incineroar, L50, F|100/100\n|switch|p1b: Flutter Mane|Flutter Mane, L50|100/100\n|-ability|p2b: Incineroar|Intimidate|boost\n|-unboost|p1a: Lunala|atk|1\n|-unboost|p1b: Flutter Mane|atk|1\n|-activate|p1b: Flutter Mane|ability: Protosynthesis\n|-start|p1b: Flutter Mane|protosynthesisspe\n|turn|3\n|c|\u2606VJ2511|im trying out a new team\n|\n|t:|1771737048\n|-terastallize|p2a: Koraidon|Fire\n|move|p1b: Flutter Mane|Shadow Ball|p2a: Koraidon\n|-damage|p2a: Koraidon|62/100\n|move|p2a: Koraidon|Flame Charge|p1a: Lunala\n|-damage|p1a: Lunala|37/100\n|-boost|p2a: Koraidon|spe|1\n|move|p1a: Lunala|Meteor Beam||[still]\n|-prepare|p1a: Lunala|Meteor Beam\n|-boost|p1a: Lunala|spa|1\n|-enditem|p1a: Lunala|Power Herb\n|-anim|p1a: Lunala|Meteor Beam|p2b: Incineroar\n|-supereffective|p2b: Incineroar\n|-damage|p2b: Incineroar|0 fnt\n|faint|p2b: Incineroar\n|\n|-weather|SunnyDay|[upkeep]\n|upkeep\n|turn|4\n|\n|t:|1771737064\n|move|p1b: Flutter Mane|Shadow Ball|p2a: Koraidon\n|-damage|p2a: Koraidon|27/100\n|move|p2a: Koraidon|Flame Charge|p1a: Lunala\n|-crit|p1a: Lunala\n|-damage|p1a: Lunala|0 fnt\n|-boost|p2a: Koraidon|spe|1\n|faint|p1a: Lunala\n|\n|-weather|SunnyDay|[upkeep]\n|upkeep\n|c|\u2606VJ2511|ggs wp\n|\n|t:|1771737070\n|switch|p1a: Chi-Yu|Chi-Yu, L50|100/100\n|-ability|p1a: Chi-Yu|Beads of Ruin\n|turn|5\n|c|\u2606Unskilled99|gg\n|\n|t:|1771737076\n|move|p2a: Koraidon|Flame Charge|p1b: Flutter Mane\n|-enditem|p1b: Flutter Mane|Focus Sash\n|-damage|p1b: Flutter Mane|1/100\n|-boost|p2a: Koraidon|spe|1\n|move|p1b: Flutter Mane|Shadow Ball|p2a: Koraidon\n|-damage|p2a: Koraidon|0 fnt\n|faint|p2a: Koraidon\n|\n|win|Unskilled99\n|raw|Unskilled99's rating: 1462 &rarr; <strong>1483</strong><br />(+21 for winning)\n|raw|VJ2511's rating: 1471 &rarr; <strong>1450</strong><br />(-21 for losing)\n|l|\u2606VJ2511\n|player|p2|\n|l|\u2606Unskilled99\n|player|p1|\n","uploadtime":1771737229,"views":14,"formatid":"gen9vgc2026regi","rating":1450,"private":0,"password":null}