{"id":"gen9vgc2026regi-2569053999","format":"[Gen 9] VGC 2026 Reg I","players":["Emdimian","sunny_zong2"],"log":"|j|\u203dEmdimian\n|j|\u2606sunny_zong2\n|t:|1774644542\n|gametype|doubles\n|player|p1|Emdimian|medium|1307\n|player|p2|sunny_zong2|265|1317\n|gen|9\n|tier|[Gen 9] VGC 2026 Reg I\n|rated|\n|rule|Species Clause: Limit one of each Pok\u00e9mon\n|rule|Item Clause: Limit 1 of each item\n|clearpoke\n|poke|p1|Lunala, L50|\n|poke|p1|Koraidon, L50|\n|poke|p1|Walking Wake, L50|\n|poke|p1|Flutter Mane, L50|\n|poke|p1|Raging Bolt, L50|\n|poke|p1|Iron Moth, L50|\n|poke|p2|Glimmora, L50, M|\n|poke|p2|Eternatus, L50|\n|poke|p2|Miraidon, L50|\n|poke|p2|Thundurus, L50, M|\n|poke|p2|Zapdos, L50|\n|poke|p2|Grimmsnarl, L50, M|\n|teampreview|4\n|inactive|Battle timer is ON: inactive players will automatically lose when time's up. (requested by sunny_zong2)\n|inactive|sunny_zong2 has 60 seconds left.\n|\n|t:|1774644591\n|teamsize|p1|4\n|teamsize|p2|4\n|start\n|switch|p1a: Lunala|Lunala, L50, shiny|100/100\n|switch|p1b: Koraidon|Koraidon, L50, shiny|100/100\n|switch|p2a: Grimmsnarl|Grimmsnarl, L50, M|100/100\n|switch|p2b: Miraidon|Miraidon, L50|100/100\n|-fieldstart|move: Electric Terrain|[from] ability: Hadron Engine|[of] p2b: Miraidon\n|-weather|SunnyDay|[from] ability: Orichalcum Pulse|[of] p1b: Koraidon\n|-activate|p1b: Koraidon|Orichalcum Pulse|[source]\n|turn|1\n|\n|t:|1774644616\n|-terastallize|p1b: Koraidon|Fire\n|move|p2a: Grimmsnarl|Reflect|p2a: Grimmsnarl\n|-sidestart|p2: sunny_zong2|Reflect\n|move|p2b: Miraidon|Snarl|p1a: Lunala|[spread] p1a,p1b\n|-supereffective|p1a: Lunala\n|-damage|p1a: Lunala|60/100\n|-damage|p1b: Koraidon|73/100\n|-unboost|p1b: Koraidon|spa|1\n|move|p1b: Koraidon|Flare Blitz|p2b: Miraidon\n|-resisted|p2b: Miraidon\n|-damage|p2b: Miraidon|50/100\n|-damage|p1b: Koraidon|59/100|[from] Recoil\n|move|p1a: Lunala|Moongeist Beam|p2b: Miraidon\n|-damage|p2b: Miraidon|0 fnt\n|faint|p2b: Miraidon\n|\n|-weather|SunnyDay|[upkeep]\n|-heal|p1b: Koraidon|65/100|[from] item: Leftovers\n|upkeep\n|\n|t:|1774644628\n|switch|p2b: Zapdos|Zapdos, L50|100/100\n|-ability|p2b: Zapdos|Pressure\n|turn|2\n|\n|t:|1774644645\n|move|p2b: Zapdos|Protect|p2b: Zapdos\n|-singleturn|p2b: Zapdos|Protect\n|move|p2a: Grimmsnarl|Light Screen|p2a: Grimmsnarl\n|-sidestart|p2: sunny_zong2|move: Light Screen\n|move|p1b: Koraidon|Flare Blitz|p2a: Grimmsnarl\n|-damage|p2a: Grimmsnarl|0 fnt\n|faint|p2a: Grimmsnarl\n|-damage|p1b: Koraidon|33/100|[from] Recoil\n|move|p1a: Lunala|Trick Room|p1a: Lunala\n|-fieldstart|move: Trick Room|[of] p1a: Lunala\n|\n|-weather|SunnyDay|[upkeep]\n|-heal|p1b: Koraidon|39/100|[from] item: Leftovers\n|upkeep\n|\n|t:|1774644649\n|switch|p2a: Eternatus|Eternatus, L50|100/100\n|-ability|p2a: Eternatus|Pressure\n|turn|3\n|\n|t:|1774644664\n|move|p1a: Lunala|Psychic|p2a: Eternatus\n|-supereffective|p2a: Eternatus\n|-damage|p2a: Eternatus|50/100\n|move|p2b: Zapdos|Thunder Wave|p1a: Lunala\n|-status|p1a: Lunala|par\n|move|p1b: Koraidon|Flare Blitz|p2b: Zapdos\n|-damage|p2b: Zapdos|11/100\n|-damage|p1b: Koraidon|11/100|[from] Recoil\n|move|p2a: Eternatus|Cosmic Power|p2a: Eternatus\n|-boost|p2a: Eternatus|def|1\n|-boost|p2a: Eternatus|spd|1\n|\n|-weather|SunnyDay|[upkeep]\n|-heal|p1b: Koraidon|16/100|[from] item: Leftovers\n|-heal|p2a: Eternatus|56/100|[from] item: Leftovers\n|upkeep\n|turn|4\n|\n|t:|1774644682\n|move|p2b: Zapdos|Protect|p2b: Zapdos\n|-singleturn|p2b: Zapdos|Protect\n|move|p2a: Eternatus|Protect|p2a: Eternatus\n|-singleturn|p2a: Eternatus|Protect\n|cant|p1a: Lunala|par\n|move|p1b: Koraidon|Dragon Tail|p2a: Eternatus\n|-activate|p2a: Eternatus|move: Protect\n|\n|-weather|SunnyDay|[upkeep]\n|-heal|p1b: Koraidon|22/100|[from] item: Leftovers\n|-heal|p2a: Eternatus|62/100|[from] item: Leftovers\n|upkeep\n|turn|5\n|inactive|Emdimian has 30 seconds left.\n|inactive|sunny_zong2 has 30 seconds left.\n|inactive|Emdimian has 20 seconds left.\n|inactive|Emdimian has 15 seconds left.\n|\n|t:|1774644724\n|move|p1a: Lunala|Psychic|p2a: Eternatus\n|-supereffective|p2a: Eternatus\n|-damage|p2a: Eternatus|31/100\n|move|p2b: Zapdos|Roost|p2b: Zapdos\n|-heal|p2b: Zapdos|61/100\n|-singleturn|p2b: Zapdos|move: Roost\n|move|p1b: Koraidon|Flare Blitz|p2a: Eternatus\n|-resisted|p2a: Eternatus\n|-damage|p2a: Eternatus|9/100\n|-damage|p1b: Koraidon|14/100|[from] Recoil\n|move|p2a: Eternatus|Recover|p2a: Eternatus\n|-heal|p2a: Eternatus|60/100\n|\n|-weather|none\n|-heal|p1b: Koraidon|19/100|[from] item: Leftovers\n|-heal|p2a: Eternatus|66/100|[from] item: Leftovers\n|-fieldend|move: Electric Terrain\n|upkeep\n|turn|6\n|inactive|Emdimian has 30 seconds left.\n|\n|t:|1774644753\n|cant|p1a: Lunala|par\n|move|p2b: Zapdos|Roost|p2b: Zapdos\n|-heal|p2b: Zapdos|100/100\n|-singleturn|p2b: Zapdos|move: Roost\n|move|p2a: Eternatus|Cosmic Power|p2a: Eternatus\n|-boost|p2a: Eternatus|def|1\n|-boost|p2a: Eternatus|spd|1\n|move|p1b: Koraidon|Dragon Tail|p2a: Eternatus\n|-supereffective|p2a: Eternatus\n|-damage|p2a: Eternatus|49/100\n|\n|-heal|p1b: Koraidon|25/100|[from] item: Leftovers\n|-heal|p2a: Eternatus|55/100|[from] item: Leftovers\n|-fieldend|move: Trick Room\n|upkeep\n|turn|7\n|inactive|Emdimian has 30 seconds left.\n|inactive|Emdimian has 20 seconds left.\n|inactive|Emdimian has 15 seconds left.\n|inactive|Emdimian has 10 seconds left.\n|inactive|Emdimian has 5 seconds left.\n|\n|t:|1774644808\n|move|p2a: Eternatus|Cosmic Power|p2a: Eternatus\n|-boost|p2a: Eternatus|def|1\n|-boost|p2a: Eternatus|spd|1\n|move|p1b: Koraidon|Flare Blitz|p2b: Zapdos\n|-damage|p2b: Zapdos|55/100\n|-damage|p1b: Koraidon|11/100|[from] Recoil\n|move|p2b: Zapdos|Thunder Wave|p1b: Koraidon|[miss]\n|-miss|p2b: Zapdos|p1b: Koraidon\n|move|p1a: Lunala|Trick Room|p1a: Lunala\n|-fieldstart|move: Trick Room|[of] p1a: Lunala\n|\n|-heal|p1b: Koraidon|16/100|[from] item: Leftovers\n|-heal|p2a: Eternatus|61/100|[from] item: Leftovers\n|upkeep\n|turn|8\n|inactive|Emdimian has 30 seconds left.\n|\n|t:|1774644835\n|move|p2b: Zapdos|Protect|p2b: Zapdos\n|-singleturn|p2b: Zapdos|Protect\n|move|p2a: Eternatus|Protect|p2a: Eternatus\n|-singleturn|p2a: Eternatus|Protect\n|move|p1a: Lunala|Psychic|p2a: Eternatus\n|-activate|p2a: Eternatus|move: Protect\n|move|p1b: Koraidon|Dragon Tail|p2a: Eternatus\n|-activate|p2a: Eternatus|move: Protect\n|\n|-heal|p1b: Koraidon|22/100|[from] item: Leftovers\n|-heal|p2a: Eternatus|67/100|[from] item: Leftovers\n|-sideend|p2: sunny_zong2|Reflect\n|upkeep\n|turn|9\n|inactive|Emdimian has 30 seconds left.\n|inactive|Emdimian has 20 seconds left.\n|\n|t:|1774644870\n|move|p1a: Lunala|Psychic|p2a: Eternatus\n|-supereffective|p2a: Eternatus\n|-damage|p2a: Eternatus|49/100\n|move|p2b: Zapdos|Roost|p2b: Zapdos\n|-heal|p2b: Zapdos|100/100\n|-singleturn|p2b: Zapdos|move: Roost\n|move|p2a: Eternatus|Cosmic Power|p2a: Eternatus\n|-boost|p2a: Eternatus|def|1\n|-boost|p2a: Eternatus|spd|1\n|move|p1b: Koraidon|Dragon Tail|p2a: Eternatus\n|-supereffective|p2a: Eternatus\n|-damage|p2a: Eternatus|34/100\n|\n|-heal|p1b: Koraidon|28/100|[from] item: Leftovers\n|-heal|p2a: Eternatus|40/100|[from] item: Leftovers\n|-sideend|p2: sunny_zong2|move: Light Screen\n|upkeep\n|turn|10\n|inactive|Emdimian has 30 seconds left.\n|inactive|Emdimian has 20 seconds left.\n|inactive|Emdimian has 15 seconds left.\n|inactive|Emdimian has 10 seconds left.\n|\n|t:|1774644915\n|move|p2a: Eternatus|Protect|p2a: Eternatus\n|-singleturn|p2a: Eternatus|Protect\n|cant|p1a: Lunala|par\n|move|p2b: Zapdos|Thunder Wave|p1b: Koraidon\n|-status|p1b: Koraidon|par\n|move|p1b: Koraidon|Dragon Tail|p2a: Eternatus\n|-activate|p2a: Eternatus|move: Protect\n|\n|-heal|p1b: Koraidon|34/100 par|[from] item: Leftovers\n|-heal|p2a: Eternatus|46/100|[from] item: Leftovers\n|upkeep\n|turn|11\n|\n|t:|1774644933\n|-terastallize|p2a: Eternatus|Grass\n|cant|p1a: Lunala|par\n|move|p2b: Zapdos|Volt Switch|p1b: Koraidon\n|-damage|p1b: Koraidon|8/100 par\n|move|p2a: Eternatus|Recover|p2a: Eternatus\n|-heal|p2a: Eternatus|96/100\n|move|p1b: Koraidon|Dragon Tail|p2a: Eternatus\n|-damage|p2a: Eternatus|88/100\n|\n|-heal|p1b: Koraidon|14/100 par|[from] item: Leftovers\n|-heal|p2a: Eternatus|94/100|[from] item: Leftovers\n|-fieldend|move: Trick Room\n|upkeep\n|turn|12\n|-message|Emdimian forfeited.\n|\n|win|sunny_zong2\n|raw|Emdimian's rating: 1307 &rarr; <strong>1288</strong><br />(-19 for losing)\n|raw|sunny_zong2's rating: 1317 &rarr; <strong>1336</strong><br />(+19 for winning)\n|l|\u203dEmdimian\n|player|p1|\n|l|\u2606sunny_zong2\n|player|p2|\n","uploadtime":1774645191,"views":11,"formatid":"gen9vgc2026regi","rating":1288,"private":0,"password":null}