{"id":"gen9vgc2026regi-2547863696","format":"[Gen 9] VGC 2026 Reg I","players":["cdogp3","EllenJoe2026"],"log":"|j|\u2606cdogp3\n|j|\u2606EllenJoe2026\n|t:|1772139222\n|gametype|doubles\n|player|p1|cdogp3|hoopster|1653\n|player|p2|EllenJoe2026|iono|1526\n|gen|9\n|tier|[Gen 9] VGC 2026 Reg I\n|rated|\n|rule|Species Clause: Limit one of each Pok\u00e9mon\n|rule|Item Clause: Limit 1 of each item\n|clearpoke\n|poke|p1|Sneasler, L50, F|\n|poke|p1|Ditto, L50|\n|poke|p1|Calyrex-Ice, L50|\n|poke|p1|Miraidon, L50|\n|poke|p1|Urshifu-*, L50, M|\n|poke|p1|Incineroar, L50, F|\n|poke|p2|Calyrex-Shadow, L50|\n|poke|p2|Zamazenta-*, L50|\n|poke|p2|Incineroar, L50, F|\n|poke|p2|Rillaboom, L50, F|\n|poke|p2|Ogerpon-Cornerstone, L50, F|\n|poke|p2|Tornadus, L50, M|\n|teampreview|4\n|inactive|Battle timer is ON: inactive players will automatically lose when time's up. (requested by cdogp3)\n|inactive|EllenJoe2026 also wants the timer to be on.\n|inactive|EllenJoe2026 has 60 seconds left.\n|\n|t:|1772139266\n|teamsize|p1|4\n|teamsize|p2|4\n|start\n|switch|p1a: Miraidon|Miraidon, L50|100/100\n|switch|p1b: Sneasler|Sneasler, L50, F|100/100\n|switch|p2a: Zamazenta|Zamazenta-Crowned, L50, shiny|100/100\n|switch|p2b: Rillaboom|Rillaboom, L50, F, shiny|100/100\n|-fieldstart|move: Electric Terrain|[from] ability: Hadron Engine|[of] p1a: Miraidon\n|-enditem|p1b: Sneasler|Electric Seed\n|-boost|p1b: Sneasler|def|1|[from] item: Electric Seed\n|-ability|p2a: Zamazenta|Dauntless Shield|boost\n|-boost|p2a: Zamazenta|def|1\n|-fieldstart|move: Grassy Terrain|[from] ability: Grassy Surge|[of] p2b: Rillaboom\n|turn|1\n|\n|t:|1772139284\n|switch|p2b: Incineroar|Incineroar, L50, F, shiny|100/100\n|-ability|p2b: Incineroar|Intimidate|boost\n|-unboost|p1a: Miraidon|atk|1\n|-unboost|p1b: Sneasler|atk|1\n|move|p1b: Sneasler|Dire Claw|p2b: Incineroar\n|-damage|p2b: Incineroar|81/100\n|-status|p2b: Incineroar|psn\n|move|p1a: Miraidon|Volt Switch|p2a: Zamazenta\n|-damage|p2a: Zamazenta|62/100\n|-damage|p1a: Miraidon|91/100|[from] item: Life Orb\n|\n|t:|1772139292\n|switch|p1a: Calyrex|Calyrex-Ice, L50|100/100|[from] Volt Switch\n|-ability|p1a: Calyrex|As One\n|-ability|p1a: Calyrex|Unnerve\n|move|p2a: Zamazenta|Body Press|p1a: Calyrex\n|-damage|p1a: Calyrex|58/100\n|\n|-heal|p2a: Zamazenta|69/100|[from] Grassy Terrain\n|-heal|p2b: Incineroar|87/100 psn|[from] Grassy Terrain\n|-heal|p1a: Calyrex|64/100|[from] Grassy Terrain\n|-damage|p2b: Incineroar|74/100 psn|[from] psn\n|upkeep\n|turn|2\n|inactive|EllenJoe2026 has 30 seconds left.\n|\n|t:|1772139321\n|move|p2b: Incineroar|Fake Out|p1b: Sneasler\n|-damage|p1b: Sneasler|91/100\n|cant|p1b: Sneasler|flinch\n|move|p2a: Zamazenta|Body Press|p1a: Calyrex\n|-damage|p1a: Calyrex|20/100\n|move|p1a: Calyrex|High Horsepower|p2b: Incineroar\n|-supereffective|p2b: Incineroar\n|-damage|p2b: Incineroar|15/100 psn\n|\n|-heal|p1b: Sneasler|97/100|[from] Grassy Terrain\n|-heal|p2a: Zamazenta|75/100|[from] Grassy Terrain\n|-heal|p2b: Incineroar|21/100 psn|[from] Grassy Terrain\n|-heal|p1a: Calyrex|26/100|[from] Grassy Terrain\n|-damage|p2b: Incineroar|8/100 psn|[from] psn\n|upkeep\n|turn|3\n|\n|t:|1772139340\n|switch|p2b: Rillaboom|Rillaboom, L50, F, shiny|100/100\n|move|p1b: Sneasler|Dire Claw|p2b: Rillaboom\n|-supereffective|p2b: Rillaboom\n|-damage|p2b: Rillaboom|45/100\n|move|p2a: Zamazenta|Body Press|p1a: Calyrex\n|-damage|p1a: Calyrex|0 fnt\n|faint|p1a: Calyrex\n|\n|-heal|p1b: Sneasler|100/100|[from] Grassy Terrain\n|-heal|p2a: Zamazenta|81/100|[from] Grassy Terrain\n|-heal|p2b: Rillaboom|51/100|[from] Grassy Terrain\n|upkeep\n|\n|t:|1772139349\n|switch|p1a: Miraidon|Miraidon, L50|91/100\n|-fieldstart|move: Electric Terrain|[from] ability: Hadron Engine|[of] p1a: Miraidon\n|turn|4\n|\n|t:|1772139355\n|switch|p2b: Incineroar|Incineroar, L50, F, shiny|8/100 psn\n|-ability|p2b: Incineroar|Intimidate|boost\n|-unboost|p1a: Miraidon|atk|1\n|-unboost|p1b: Sneasler|atk|1\n|move|p2a: Zamazenta|Protect|p2a: Zamazenta\n|-singleturn|p2a: Zamazenta|Protect\n|move|p1b: Sneasler|Dire Claw|p2b: Incineroar\n|-damage|p2b: Incineroar|0 fnt\n|faint|p2b: Incineroar\n|move|p1a: Miraidon|Volt Switch|p2a: Zamazenta\n|-activate|p2a: Zamazenta|move: Protect\n|\n|upkeep\n|\n|t:|1772139369\n|switch|p2b: Rillaboom|Rillaboom, L50, F, shiny|51/100\n|-fieldstart|move: Grassy Terrain|[from] ability: Grassy Surge|[of] p2b: Rillaboom\n|turn|5\n|\n|t:|1772139384\n|-terastallize|p1a: Miraidon|Electric\n|move|p2b: Rillaboom|Fake Out|p1b: Sneasler\n|-damage|p1b: Sneasler|87/100\n|cant|p1b: Sneasler|flinch\n|move|p1a: Miraidon|Electro Drift|p2a: Zamazenta\n|-damage|p2a: Zamazenta|6/100\n|-damage|p1a: Miraidon|81/100|[from] item: Life Orb\n|move|p2a: Zamazenta|Body Press|p1a: Miraidon\n|-damage|p1a: Miraidon|7/100\n|\n|-heal|p1b: Sneasler|93/100|[from] Grassy Terrain\n|-heal|p1a: Miraidon|12/100|[from] Grassy Terrain\n|-heal|p2a: Zamazenta|12/100|[from] Grassy Terrain\n|-heal|p2b: Rillaboom|57/100|[from] Grassy Terrain\n|upkeep\n|turn|6\n|inactive|EllenJoe2026 has 30 seconds left.\n|\n|t:|1772139416\n|move|p2a: Zamazenta|Protect|p2a: Zamazenta\n|-singleturn|p2a: Zamazenta|Protect\n|move|p2b: Rillaboom|Grassy Glide|p1a: Miraidon\n|-damage|p1a: Miraidon|0 fnt\n|faint|p1a: Miraidon\n|move|p1b: Sneasler|Dire Claw|p2b: Rillaboom\n|-supereffective|p2b: Rillaboom\n|-damage|p2b: Rillaboom|18/100\n|\n|-heal|p1b: Sneasler|99/100|[from] Grassy Terrain\n|-heal|p2a: Zamazenta|18/100|[from] Grassy Terrain\n|-heal|p2b: Rillaboom|24/100|[from] Grassy Terrain\n|upkeep\n|\n|t:|1772139427\n|switch|p1a: Urshifu|Urshifu-Rapid-Strike, L50, M|100/100\n|turn|7\n|inactive|EllenJoe2026 has 30 seconds left.\n|inactive|EllenJoe2026 has 20 seconds left.\n|inactive|EllenJoe2026 has 15 seconds left.\n|inactive|EllenJoe2026 has 10 seconds left.\n|inactive|EllenJoe2026 has 5 seconds left.\n|\n|t:|1772139478\n|move|p2a: Zamazenta|Protect|p2a: Zamazenta\n|-singleturn|p2a: Zamazenta|Protect\n|move|p1a: Urshifu|Detect|p1a: Urshifu\n|-singleturn|p1a: Urshifu|Protect\n|move|p2b: Rillaboom|Grassy Glide|p1a: Urshifu\n|-activate|p1a: Urshifu|move: Protect\n|move|p1b: Sneasler|Dire Claw|p2b: Rillaboom\n|-supereffective|p2b: Rillaboom\n|-crit|p2b: Rillaboom\n|-damage|p2b: Rillaboom|0 fnt\n|faint|p2b: Rillaboom\n|\n|-heal|p1b: Sneasler|100/100|[from] Grassy Terrain\n|-heal|p2a: Zamazenta|24/100|[from] Grassy Terrain\n|upkeep\n|j| Therazer456\n|\n|t:|1772139485\n|switch|p2b: Calyrex|Calyrex-Shadow, L50|100/100\n|-ability|p2b: Calyrex|As One\n|-ability|p2b: Calyrex|Unnerve\n|turn|8\n|\n|t:|1772139491\n|-terastallize|p2b: Calyrex|Dark\n|move|p1b: Sneasler|Low Kick|p2a: Zamazenta\n|-supereffective|p2a: Zamazenta\n|-damage|p2a: Zamazenta|0 fnt\n|faint|p2a: Zamazenta\n|move|p2b: Calyrex|Astral Barrage|p1a: Urshifu|[spread] p1a,p1b\n|-damage|p1a: Urshifu|4/100\n|-damage|p1b: Sneasler|22/100\n|move|p1a: Urshifu|Surging Strikes|p2b: Calyrex\n|-crit|p2b: Calyrex\n|-damage|p2b: Calyrex|76/100\n|-crit|p2b: Calyrex\n|-damage|p2b: Calyrex|52/100\n|-crit|p2b: Calyrex\n|-damage|p2b: Calyrex|24/100\n|-hitcount|p2b: Calyrex|3\n|\n|-heal|p1b: Sneasler|28/100|[from] Grassy Terrain\n|-heal|p2b: Calyrex|30/100|[from] Grassy Terrain\n|-heal|p1a: Urshifu|10/100|[from] Grassy Terrain\n|upkeep\n|turn|9\n|\n|t:|1772139506\n|move|p1a: Urshifu|Aqua Jet|p2b: Calyrex\n|-damage|p2b: Calyrex|3/100\n|move|p1b: Sneasler|Low Kick|p2b: Calyrex\n|-supereffective|p2b: Calyrex\n|-damage|p2b: Calyrex|0 fnt\n|faint|p2b: Calyrex\n|\n|win|cdogp3\n|raw|cdogp3's rating: 1653 &rarr; <strong>1666</strong><br />(+13 for winning)\n|raw|EllenJoe2026's rating: 1526 &rarr; <strong>1513</strong><br />(-13 for losing)\n|l|\u2606EllenJoe2026\n|player|p2|\n","uploadtime":1772139519,"views":22,"formatid":"gen9vgc2026regi","rating":1513,"private":0,"password":null}