{"id":"gen9vgc2026regi-2549539159","format":"[Gen 9] VGC 2026 Reg I","players":["Simon0123","yahweh42069"],"log":"|j|\u2606Simon0123\n|j|\u2606yahweh42069\n|t:|1772381603\n|gametype|doubles\n|player|p1|Simon0123|shadowtriad|1153\n|player|p2|yahweh42069|266|1257\n|gen|9\n|tier|[Gen 9] VGC 2026 Reg I\n|rated|\n|rule|Species Clause: Limit one of each Pok\u00e9mon\n|rule|Item Clause: Limit 1 of each item\n|clearpoke\n|poke|p1|Terapagos, L50, M|\n|poke|p1|Calyrex-Ice, L50|\n|poke|p1|Amoonguss, L50, F|\n|poke|p1|Farigiraf, L50, M|\n|poke|p1|Incineroar, L50, M|\n|poke|p1|Urshifu-*, L50, M|\n|poke|p2|Giratina-Origin, L50|\n|poke|p2|Sableye, L50, M|\n|poke|p2|Terapagos, L50, M|\n|poke|p2|Hitmonlee, L50, M|\n|teampreview|4\n|inactive|Battle timer is ON: inactive players will automatically lose when time's up. (requested by Simon0123)\n|inactive|Simon0123 has 60 seconds left.\n|inactive|yahweh42069 has 60 seconds left.\n|\n|t:|1772381652\n|teamsize|p1|4\n|teamsize|p2|4\n|start\n|switch|p1a: Incineroar|Incineroar, L50, M|100/100\n|switch|p1b: Urshifu|Urshifu-Rapid-Strike, L50, M|100/100\n|switch|p2a: Giratina|Giratina-Origin, L50|100/100\n|switch|p2b: Hitmonlee|Hitmonlee, L50, M|100/100\n|-ability|p1a: Incineroar|Intimidate|boost\n|-unboost|p2a: Giratina|atk|1\n|-unboost|p2b: Hitmonlee|atk|1\n|turn|1\n|inactive|yahweh42069 has 30 seconds left.\n|inactive|yahweh42069 has 20 seconds left.\n|\n|t:|1772381688\n|move|p1b: Urshifu|Protect|p1b: Urshifu\n|-singleturn|p1b: Urshifu|Protect\n|move|p2b: Hitmonlee|Fake Out|p1b: Urshifu\n|-activate|p1b: Urshifu|move: Protect\n|move|p2a: Giratina|Draco Meteor|p1b: Urshifu\n|-activate|p1b: Urshifu|move: Protect\n|move|p1a: Incineroar|Parting Shot|p2a: Giratina\n|-unboost|p2a: Giratina|atk|1\n|-unboost|p2a: Giratina|spa|1\n|\n|t:|1772381701\n|switch|p1a: Calyrex|Calyrex-Ice, L50|100/100|[from] Parting Shot\n|-ability|p1a: Calyrex|As One\n|-ability|p1a: Calyrex|Unnerve\n|\n|upkeep\n|turn|2\n|inactive|yahweh42069 has 30 seconds left.\n|inactive|yahweh42069 has 20 seconds left.\n|inactive|yahweh42069 has 15 seconds left.\n|inactive|yahweh42069 has 10 seconds left.\n|c|\u2606Simon0123|Ff\n|inactive|yahweh42069 has 5 seconds left.\n|\n|t:|1772381753\n|switch|p2a: Terapagos|Terapagos, L50, M|100/100\n|-activate|p2a: Terapagos|ability: Tera Shift\n|detailschange|p2a: Terapagos|Terapagos-Terastal, L50, M\n|-heal|p2a: Terapagos|100/100|[silent]\n|move|p1b: Urshifu|Surging Strikes|p2b: Hitmonlee\n|-crit|p2b: Hitmonlee\n|-damage|p2b: Hitmonlee|35/100\n|-crit|p2b: Hitmonlee\n|-damage|p2b: Hitmonlee|0 fnt\n|faint|p2b: Hitmonlee\n|-hitcount|p2: Hitmonlee|2\n|move|p1a: Calyrex|Trick Room|p1a: Calyrex\n|-fieldstart|move: Trick Room|[of] p1a: Calyrex\n|\n|upkeep\n|\n|t:|1772381772\n|switch|p2b: Sableye|Sableye, L50, M|100/100\n|turn|3\n|\n|t:|1772381794\n|move|p2b: Sableye|Reflect|p2b: Sableye\n|-sidestart|p2: yahweh42069|Reflect\n|move|p1a: Calyrex|Glacial Lance|p2b: Sableye|[spread] p2a,p2b\n|-activate|p2a: Terapagos|ability: Tera Shell\n|-resisted|p2a: Terapagos\n|-damage|p2a: Terapagos|85/100\n|-damage|p2b: Sableye|61/100\n|move|p2a: Terapagos|Calm Mind|p2a: Terapagos\n|-boost|p2a: Terapagos|spa|1\n|-boost|p2a: Terapagos|spd|1\n|move|p1b: Urshifu|Close Combat|p2a: Terapagos\n|-supereffective|p2a: Terapagos\n|-damage|p2a: Terapagos|14/100\n|-unboost|p1b: Urshifu|def|1\n|-unboost|p1b: Urshifu|spd|1\n|\n|-heal|p2a: Terapagos|20/100|[from] item: Leftovers\n|upkeep\n|turn|4\n|inactive|yahweh42069 has 30 seconds left.\n|\n|t:|1772381821\n|-terastallize|p2a: Terapagos|Stellar\n|detailschange|p2a: Terapagos|Terapagos-Stellar, L50, M, tera:Stellar\n|-heal|p2a: Terapagos|39/100|[silent]\n|move|p2b: Sableye|Disable|p1a: Calyrex\n|-start|p1a: Calyrex|Disable|Glacial Lance\n|move|p1b: Urshifu|Aqua Jet|p2a: Terapagos\n|-damage|p2a: Terapagos|29/100\n|cant|p1a: Calyrex|Disable|Glacial Lance\n|move|p2a: Terapagos|Tera Starstorm|p1a: Calyrex|[spread] p1a,p1b\n|-damage|p1a: Calyrex|59/100\n|-damage|p1b: Urshifu|0 fnt\n|faint|p1b: Urshifu\n|\n|-heal|p2a: Terapagos|35/100|[from] item: Leftovers\n|upkeep\n|\n|t:|1772381840\n|switch|p1b: Incineroar|Incineroar, L50, M|100/100\n|-ability|p1b: Incineroar|Intimidate|boost\n|-unboost|p2a: Terapagos|atk|1\n|-unboost|p2b: Sableye|atk|1\n|turn|5\n|\n|t:|1772381856\n|switch|p2b: Giratina|Giratina-Origin, L50|100/100\n|move|p2a: Terapagos|Protect|p2a: Terapagos\n|-singleturn|p2a: Terapagos|Protect\n|move|p1a: Calyrex|High Horsepower|p2a: Terapagos\n|-activate|p2a: Terapagos|move: Protect\n|move|p1b: Incineroar|Knock Off|p2a: Terapagos\n|-activate|p2a: Terapagos|move: Protect\n|\n|-heal|p2a: Terapagos|41/100|[from] item: Leftovers\n|upkeep\n|turn|6\n|inactive|yahweh42069 has 30 seconds left.\n|inactive|yahweh42069 has 20 seconds left.\n|inactive|yahweh42069 has 15 seconds left.\n|\n|t:|1772381900\n|switch|p2a: Sableye|Sableye, L50, M|61/100\n|move|p1a: Calyrex|Protect|p1a: Calyrex\n|-singleturn|p1a: Calyrex|Protect\n|move|p1b: Incineroar|Knock Off|p2a: Sableye\n|-damage|p2a: Sableye|38/100\n|-enditem|p2a: Sableye|Light Clay|[from] move: Knock Off|[of] p1b: Incineroar\n|move|p2b: Giratina|Poltergeist|p1a: Calyrex\n|-activate|p1a: Calyrex|move: Protect\n|\n|-fieldend|move: Trick Room\n|upkeep\n|turn|7\n|\n|t:|1772381921\n|switch|p1a: Terapagos|Terapagos, L50, M|100/100\n|-activate|p1a: Terapagos|ability: Tera Shift\n|detailschange|p1a: Terapagos|Terapagos-Terastal, L50, M\n|-heal|p1a: Terapagos|100/100|[silent]\n|move|p2a: Sableye|Encore||[still]\n|-fail|p2a: Sableye\n|move|p2b: Giratina|Draco Meteor|p1b: Incineroar\n|-damage|p1b: Incineroar|48/100\n|-unboost|p2b: Giratina|spa|2\n|-enditem|p1b: Incineroar|Sitrus Berry|[eat]\n|-heal|p1b: Incineroar|73/100|[from] item: Sitrus Berry\n|move|p1b: Incineroar|Knock Off|p2b: Giratina\n|-supereffective|p2b: Giratina\n|-damage|p2b: Giratina|78/100\n|\n|upkeep\n|turn|8\n|inactive|Simon0123 has 30 seconds left.\n|inactive|Simon0123 has 20 seconds left.\n|inactive|yahweh42069 has 30 seconds left.\n|inactive|yahweh42069 has 20 seconds left.\n|\n|t:|1772381976\n|switch|p2a: Terapagos|Terapagos-Stellar, L50, M, tera:Stellar|41/100\n|-terastallize|p1a: Terapagos|Stellar\n|detailschange|p1a: Terapagos|Terapagos-Stellar, L50, M, tera:Stellar\n|-heal|p1a: Terapagos|100/100|[silent]\n|move|p1a: Terapagos|Tera Starstorm|p2a: Terapagos|[spread] p2a,p2b\n|-supereffective|p2a: Terapagos\n|-damage|p2a: Terapagos|0 fnt\n|-damage|p2b: Giratina|49/100\n|faint|p2a: Terapagos\n|detailschange|p2: Terapagos|Terapagos, L50, M|[silent]\n|move|p2b: Giratina|Poltergeist||[still]\n|-fail|p2b: Giratina\n|move|p1b: Incineroar|Parting Shot|p2b: Giratina\n|-unboost|p2b: Giratina|atk|1\n|-unboost|p2b: Giratina|spa|1\n|\n|t:|1772381991\n|switch|p1b: Calyrex|Calyrex-Ice, L50|59/100|[from] Parting Shot\n|-ability|p1b: Calyrex|As One\n|-ability|p1b: Calyrex|Unnerve\n|\n|upkeep\n|c|\u2606Simon0123|Ff\n|\n|t:|1772381998\n|switch|p2a: Sableye|Sableye, L50, M|38/100\n|turn|9\n|\n|t:|1772382012\n|move|p2a: Sableye|Disable|p1a: Terapagos\n|-start|p1a: Terapagos|Disable|Tera Starstorm\n|cant|p1a: Terapagos|Disable|Tera Starstorm\n|move|p2b: Giratina|Poltergeist|p1b: Calyrex\n|-activate|p1b: Calyrex|move: Poltergeist|Weakness Policy\n|-supereffective|p1b: Calyrex\n|-crit|p1b: Calyrex\n|-damage|p1b: Calyrex|0 fnt\n|faint|p1b: Calyrex\n|\n|upkeep\n|\n|t:|1772382020\n|switch|p1b: Incineroar|Incineroar, L50, M|73/100\n|-ability|p1b: Incineroar|Intimidate|boost\n|-unboost|p2a: Sableye|atk|1\n|-unboost|p2b: Giratina|atk|1\n|turn|10\n|\n|t:|1772382044\n|move|p2a: Sableye|Encore|p1a: Terapagos\n|-start|p1a: Terapagos|Encore\n|cant|p1a: Terapagos|Disable|Tera Starstorm\n|move|p2b: Giratina|Poltergeist||[still]\n|-fail|p2b: Giratina\n|move|p1b: Incineroar|Knock Off|p2a: Sableye\n|-damage|p2a: Sableye|22/100\n|\n|-sideend|p2: yahweh42069|Reflect\n|upkeep\n|turn|11\n|\n|t:|1772382063\n|move|p2b: Giratina|Shadow Sneak|p1b: Incineroar\n|-resisted|p1b: Incineroar\n|-damage|p1b: Incineroar|67/100\n|move|p2a: Sableye|Reflect|p2a: Sableye\n|-sidestart|p2: yahweh42069|Reflect\n|-activate|p1a: Terapagos|move: Struggle\n|move|p1a: Terapagos|Struggle|p2b: Giratina\n|-damage|p2b: Giratina|43/100\n|-damage|p1a: Terapagos|75/100|[from] recoil\n|move|p1b: Incineroar|Flare Blitz|p2a: Sableye\n|-crit|p2a: Sableye\n|-damage|p2a: Sableye|0 fnt\n|faint|p2a: Sableye\n|-damage|p1b: Incineroar|61/100|[from] Recoil\n|\n|-heal|p1a: Terapagos|81/100|[from] item: Leftovers\n|upkeep\n|turn|12\n|-message|yahweh42069 forfeited.\n|\n|win|Simon0123\n|raw|Simon0123's rating: 1153 &rarr; <strong>1185</strong><br />(+32 for winning)\n|raw|yahweh42069's rating: 1257 &rarr; <strong>1225</strong><br />(-32 for losing)\n|l|\u2606yahweh42069\n|player|p2|\n|j|\u2606yahweh42069\n|player|p2|yahweh42069|266|\n|l|\u2606yahweh42069\n|player|p2|\n|l|\u2606Simon0123\n|player|p1|\n","uploadtime":1772382219,"views":18,"formatid":"gen9vgc2026regi","rating":1185,"private":0,"password":null}