{"id":"gen9vgc2026regi-2565193773","format":"[Gen 9] VGC 2026 Reg I","players":["Graves Wu","lstdddsg"],"log":"|j|\u2606Graves Wu\n|j|\u2606lstdddsg\n|t:|1774241405\n|gametype|doubles\n|player|p1|Graves Wu|steven|1383\n|player|p2|lstdddsg|riley|1436\n|gen|9\n|tier|[Gen 9] VGC 2026 Reg I\n|rated|\n|rule|Species Clause: Limit one of each Pok\u00e9mon\n|rule|Item Clause: Limit 1 of each item\n|clearpoke\n|poke|p1|Koraidon, L50|\n|poke|p1|Chi-Yu, L50|\n|poke|p1|Flutter Mane, L50|\n|poke|p1|Raging Bolt, L50|\n|poke|p1|Calyrex-Ice, L50|\n|poke|p1|Brute Bonnet, L50|\n|poke|p2|Giratina-Origin, L50|\n|poke|p2|Zamazenta-*, L50|\n|poke|p2|Chien-Pao, L50|\n|poke|p2|Entei, L50|\n|poke|p2|Urshifu-*, L50, F|\n|poke|p2|Rillaboom, L50, M|\n|teampreview|4\n|inactive|Battle timer is ON: inactive players will automatically lose when time's up. (requested by Graves Wu)\n|inactive|lstdddsg also wants the timer to be on.\n|\n|t:|1774241430\n|teamsize|p1|4\n|teamsize|p2|4\n|start\n|switch|p1a: Flutter Mane|Flutter Mane, L50|100/100\n|switch|p1b: Chi-Yu|Chi-Yu, L50, shiny|100/100\n|switch|p2a: Entei|Entei, L50|100/100\n|switch|p2b: Chien-Pao|Chien-Pao, L50|100/100\n|-ability|p1b: Chi-Yu|Beads of Ruin\n|-ability|p2b: Chien-Pao|Sword of Ruin\n|turn|1\n|\n|t:|1774241452\n|-terastallize|p1b: Chi-Yu|Ghost\n|move|p2b: Chien-Pao|Protect|p2b: Chien-Pao\n|-singleturn|p2b: Chien-Pao|Protect\n|move|p2a: Entei|Protect|p2a: Entei\n|-singleturn|p2a: Entei|Protect\n|move|p1b: Chi-Yu|Dark Pulse|p2b: Chien-Pao\n|-activate|p2b: Chien-Pao|move: Protect\n|move|p1a: Flutter Mane|Moonblast|p2b: Chien-Pao\n|-activate|p2b: Chien-Pao|move: Protect\n|\n|upkeep\n|turn|2\n|\n|t:|1774241467\n|switch|p1b: Calyrex|Calyrex-Ice, L50|100/100\n|-ability|p1b: Calyrex|As One\n|-ability|p1b: Calyrex|Unnerve\n|move|p2b: Chien-Pao|Sucker Punch||[still]\n|-fail|p2b: Chien-Pao\n|move|p1a: Flutter Mane|Moonblast|p2b: Chien-Pao\n|-supereffective|p2b: Chien-Pao\n|-enditem|p2b: Chien-Pao|Focus Sash\n|-damage|p2b: Chien-Pao|1/100\n|move|p2a: Entei|Sacred Fire|p1a: Flutter Mane\n|-enditem|p1a: Flutter Mane|Focus Sash\n|-damage|p1a: Flutter Mane|1/100\n|-damage|p2a: Entei|91/100|[from] item: Life Orb\n|\n|upkeep\n|turn|3\n|inactive|Graves Wu has 30 seconds left.\n|inactive|lstdddsg has 30 seconds left.\n|\n|t:|1774241498\n|move|p2b: Chien-Pao|Protect|p2b: Chien-Pao\n|-singleturn|p2b: Chien-Pao|Protect\n|move|p1a: Flutter Mane|Shadow Ball|p2a: Entei\n|-damage|p2a: Entei|47/100\n|-unboost|p2a: Entei|spd|1\n|move|p2a: Entei|Sacred Fire|p1b: Calyrex\n|-supereffective|p1b: Calyrex\n|-damage|p1b: Calyrex|0 fnt\n|faint|p1b: Calyrex\n|-damage|p2a: Entei|38/100|[from] item: Life Orb\n|\n|upkeep\n|\n|t:|1774241510\n|switch|p1b: Chi-Yu|Chi-Yu, L50, shiny, tera:Ghost|100/100\n|-ability|p1b: Chi-Yu|Beads of Ruin\n|turn|4\n|\n|t:|1774241523\n|move|p2a: Entei|Protect|p2a: Entei\n|-singleturn|p2a: Entei|Protect\n|move|p2b: Chien-Pao|Sucker Punch|p1b: Chi-Yu\n|-supereffective|p1b: Chi-Yu\n|-damage|p1b: Chi-Yu|0 fnt\n|faint|p1b: Chi-Yu\n|move|p1a: Flutter Mane|Shadow Ball|p2b: Chien-Pao\n|-resisted|p2b: Chien-Pao\n|-damage|p2b: Chien-Pao|0 fnt\n|faint|p2b: Chien-Pao\n|\n|upkeep\n|\n|t:|1774241535\n|switch|p2b: Giratina|Giratina-Origin, L50|100/100\n|switch|p1b: Koraidon|Koraidon, L50, shiny|100/100\n|-weather|SunnyDay|[from] ability: Orichalcum Pulse|[of] p1b: Koraidon\n|-activate|p1a: Flutter Mane|ability: Protosynthesis\n|-start|p1a: Flutter Mane|protosynthesisspe\n|-activate|p1b: Koraidon|Orichalcum Pulse|[source]\n|turn|5\n|\n|t:|1774241550\n|move|p1a: Flutter Mane|Protect|p1a: Flutter Mane\n|-singleturn|p1a: Flutter Mane|Protect\n|move|p2a: Entei|Extreme Speed|p1a: Flutter Mane\n|-activate|p1a: Flutter Mane|move: Protect\n|move|p2b: Giratina|Shadow Sneak|p1a: Flutter Mane\n|-activate|p1a: Flutter Mane|move: Protect\n|move|p1b: Koraidon|Close Combat|p2a: Entei\n|-damage|p2a: Entei|0 fnt\n|-unboost|p1b: Koraidon|def|1\n|-unboost|p1b: Koraidon|spd|1\n|faint|p2a: Entei\n|-damage|p1b: Koraidon|91/100|[from] item: Life Orb\n|\n|-weather|SunnyDay|[upkeep]\n|upkeep\n|\n|t:|1774241566\n|switch|p2a: Zamazenta|Zamazenta-Crowned, L50|100/100\n|-ability|p2a: Zamazenta|Dauntless Shield|boost\n|-boost|p2a: Zamazenta|def|1\n|turn|6\n|\n|t:|1774241578\n|-terastallize|p2b: Giratina|Fire\n|move|p1a: Flutter Mane|Shadow Ball|p2b: Giratina\n|-damage|p2b: Giratina|70/100\n|move|p1b: Koraidon|Flare Blitz|p2a: Zamazenta\n|-supereffective|p2a: Zamazenta\n|-damage|p2a: Zamazenta|8/100\n|-damage|p1b: Koraidon|57/100|[from] Recoil\n|-damage|p1b: Koraidon|48/100|[from] item: Life Orb\n|move|p2a: Zamazenta|Behemoth Bash|p1a: Flutter Mane\n|-supereffective|p1a: Flutter Mane\n|-crit|p1a: Flutter Mane\n|-damage|p1a: Flutter Mane|0 fnt\n|faint|p1a: Flutter Mane\n|-end|p1a: Flutter Mane|Protosynthesis|[silent]\n|move|p2b: Giratina|Draco Meteor|p1b: Koraidon\n|-supereffective|p1b: Koraidon\n|-damage|p1b: Koraidon|0 fnt\n|-unboost|p2b: Giratina|spa|2\n|faint|p1b: Koraidon\n|\n|win|lstdddsg\n|raw|Graves Wu's rating: 1383 &rarr; <strong>1366</strong><br />(-17 for losing)\n|raw|lstdddsg's rating: 1436 &rarr; <strong>1453</strong><br />(+17 for winning)\n|l|\u2606Graves Wu\n|player|p1|\n|l|\u2606lstdddsg\n|player|p2|\n","uploadtime":1774241811,"views":10,"formatid":"gen9vgc2026regi","rating":1366,"private":0,"password":null}