{"id":"gen9vgc2026regi-2514716111","format":"[Gen 9] VGC 2026 Reg I","players":["Cello L.","Tepig_nNz_498"],"log":"|j|\u2606Cello L.\n|j|\u2606Tepig_nNz_498\n|t:|1767900773\n|gametype|doubles\n|player|p1|Cello L.|1|1313\n|player|p2|Tepig_nNz_498|170|1282\n|gen|9\n|tier|[Gen 9] VGC 2026 Reg I\n|rated|\n|rule|Species Clause: Limit one of each Pok\u00e9mon\n|rule|Item Clause: Limit 1 of each item\n|clearpoke\n|poke|p1|Calyrex-Shadow, L50|\n|poke|p1|Zamazenta-*, L50|\n|poke|p1|Raging Bolt, L50|\n|poke|p1|Furret, L50, F|\n|poke|p1|Rillaboom, L50, F|\n|poke|p1|Incineroar, L50, F|\n|poke|p2|Whimsicott, L50, F|\n|poke|p2|Reshiram, L50|\n|poke|p2|Incineroar, L50, M|\n|poke|p2|Lilligant-Hisui, L50, F|\n|poke|p2|Brute Bonnet, L50|\n|poke|p2|Koraidon, L50|\n|teampreview|4\n|j| Rege1\n|l| Rege1\n|j| Rege1\n|l| Rege1\n|\n|t:|1767900812\n|teamsize|p1|4\n|teamsize|p2|4\n|start\n|switch|p1a: Zamazenta|Zamazenta-Crowned, L50|100/100\n|switch|p1b: Furret|Furret, L50, F|100/100\n|switch|p2a: Whimsicott|Whimsicott, L50, F|100/100\n|switch|p2b: Koraidon|Koraidon, L50|100/100\n|-weather|SunnyDay|[from] ability: Orichalcum Pulse|[of] p2b: Koraidon\n|-activate|p2b: Koraidon|Orichalcum Pulse|[source]\n|-ability|p1a: Zamazenta|Dauntless Shield|boost\n|-boost|p1a: Zamazenta|def|1\n|-item|p2a: Whimsicott|Covert Cloak|[from] ability: Frisk|[of] p1b: Furret\n|-item|p2b: Koraidon|Eject Pack|[from] ability: Frisk|[of] p1b: Furret\n|turn|1\n|\n|t:|1767900846\n|move|p1b: Furret|Follow Me|p1b: Furret\n|-singleturn|p1b: Furret|move: Follow Me\n|move|p2a: Whimsicott|Taunt|p1b: Furret\n|-start|p1b: Furret|move: Taunt\n|move|p2b: Koraidon|Close Combat|p1b: Furret\n|-supereffective|p1b: Furret\n|-enditem|p1b: Furret|Focus Sash\n|-damage|p1b: Furret|1/100\n|-unboost|p2b: Koraidon|def|1\n|-unboost|p2b: Koraidon|spd|1\n|-enditem|p2b: Koraidon|Eject Pack\n|\n|t:|1767900856\n|switch|p2b: Reshiram|Reshiram, L50|100/100\n|-ability|p2b: Reshiram|Turboblaze\n|move|p1a: Zamazenta|Heavy Slam|p2a: Whimsicott\n|-supereffective|p2a: Whimsicott\n|-damage|p2a: Whimsicott|0 fnt\n|faint|p2a: Whimsicott\n|\n|-weather|SunnyDay|[upkeep]\n|upkeep\n|\n|t:|1767900864\n|switch|p2a: Lilligant|Lilligant-Hisui, L50, F|100/100\n|turn|2\n|\n|t:|1767900874\n|move|p1a: Zamazenta|Protect|p1a: Zamazenta\n|-singleturn|p1a: Zamazenta|Protect\n|move|p2a: Lilligant|Sleep Powder|p1a: Zamazenta\n|-activate|p1a: Zamazenta|move: Protect\n|move|p1b: Furret|Super Fang|p2b: Reshiram\n|-damage|p2b: Reshiram|51/100\n|move|p2b: Reshiram|Heat Wave|p1b: Furret|[spread] p1b\n|-activate|p1a: Zamazenta|move: Protect\n|-damage|p1b: Furret|0 fnt\n|faint|p1b: Furret\n|-damage|p2b: Reshiram|41/100|[from] item: Life Orb\n|\n|-weather|SunnyDay|[upkeep]\n|upkeep\n|\n|t:|1767900909\n|switch|p1b: Calyrex|Calyrex-Shadow, L50|100/100\n|-ability|p1b: Calyrex|As One\n|-ability|p1b: Calyrex|Unnerve\n|turn|3\n|inactive|Battle timer is ON: inactive players will automatically lose when time's up. (requested by Tepig_nNz_498)\n|\n|t:|1767900927\n|move|p2b: Reshiram|Protect|p2b: Reshiram\n|-singleturn|p2b: Reshiram|Protect\n|move|p2a: Lilligant|Sleep Powder|p1a: Zamazenta\n|-status|p1a: Zamazenta|slp|[from] move: Sleep Powder\n|move|p1b: Calyrex|Astral Barrage|p2a: Lilligant|[spread] p2a\n|-activate|p2b: Reshiram|move: Protect\n|-enditem|p2a: Lilligant|Focus Sash\n|-damage|p2a: Lilligant|1/100\n|-damage|p1b: Calyrex|91/100|[from] item: Life Orb\n|cant|p1a: Zamazenta|slp\n|\n|-weather|SunnyDay|[upkeep]\n|upkeep\n|turn|4\n|inactive|Cello L. has 30 seconds left.\n|\n|t:|1767900957\n|-terastallize|p1a: Zamazenta|Water\n|-terastallize|p2b: Reshiram|Fire\n|move|p1b: Calyrex|Protect|p1b: Calyrex\n|-singleturn|p1b: Calyrex|Protect\n|move|p2a: Lilligant|After You|p2b: Reshiram\n|-activate|p2b: Reshiram|move: After You\n|move|p2b: Reshiram|Heat Wave|p1b: Calyrex|[spread] p1a\n|-activate|p1b: Calyrex|move: Protect\n|-resisted|p1a: Zamazenta\n|-damage|p1a: Zamazenta|54/100 slp\n|-damage|p2b: Reshiram|31/100|[from] item: Life Orb\n|cant|p1a: Zamazenta|slp\n|\n|-weather|SunnyDay|[upkeep]\n|upkeep\n|turn|5\n|inactive|Cello L. has 30 seconds left.\n|\n|t:|1767900984\n|move|p2a: Lilligant|After You|p2b: Reshiram\n|-activate|p2b: Reshiram|move: After You\n|move|p2b: Reshiram|Heat Wave|p1b: Calyrex|[spread] p1b\n|-miss|p2b: Reshiram|p1a: Zamazenta\n|-damage|p1b: Calyrex|0 fnt\n|faint|p1b: Calyrex\n|-damage|p2b: Reshiram|21/100|[from] item: Life Orb\n|cant|p1a: Zamazenta|slp\n|\n|-weather|none\n|upkeep\n|\n|t:|1767900993\n|switch|p1b: Raging Bolt|Raging Bolt, L50|100/100\n|-enditem|p1b: Raging Bolt|Booster Energy\n|-activate|p1b: Raging Bolt|ability: Protosynthesis|[fromitem]\n|-start|p1b: Raging Bolt|protosynthesisspa\n|turn|6\n|\n|t:|1767901001\n|switch|p2b: Koraidon|Koraidon, L50|100/100\n|-weather|SunnyDay|[from] ability: Orichalcum Pulse|[of] p2b: Koraidon\n|-activate|p2b: Koraidon|Orichalcum Pulse|[source]\n|move|p1b: Raging Bolt|Protect|p1b: Raging Bolt\n|-singleturn|p1b: Raging Bolt|Protect\n|move|p2a: Lilligant|Sleep Powder|p1b: Raging Bolt\n|-activate|p1b: Raging Bolt|move: Protect\n|-curestatus|p1a: Zamazenta|slp|[msg]\n|move|p1a: Zamazenta|Body Press|p2a: Lilligant\n|-damage|p2a: Lilligant|0 fnt\n|faint|p2a: Lilligant\n|\n|-weather|SunnyDay|[upkeep]\n|upkeep\n|\n|t:|1767901008\n|switch|p2a: Reshiram|Reshiram, L50, tera:Fire|21/100\n|-ability|p2a: Reshiram|Turboblaze\n|turn|7\n|\n|t:|1767901019\n|move|p2b: Koraidon|Dragon Claw|p1b: Raging Bolt\n|-supereffective|p1b: Raging Bolt\n|-damage|p1b: Raging Bolt|4/100\n|move|p1a: Zamazenta|Body Press|p2a: Reshiram\n|-damage|p2a: Reshiram|0 fnt\n|faint|p2a: Reshiram\n|move|p1b: Raging Bolt|Dragon Pulse|p2b: Koraidon\n|-supereffective|p2b: Koraidon\n|-damage|p2b: Koraidon|0 fnt\n|faint|p2b: Koraidon\n|\n|win|Cello L.\n|raw|Cello L.'s rating: 1313 &rarr; <strong>1331</strong><br />(+18 for winning)\n|raw|Tepig_nNz_498's rating: 1282 &rarr; <strong>1259</strong><br />(-23 for losing)\n|l|\u2606Tepig_nNz_498\n|player|p2|\n|l|\u2606Cello L.\n|player|p1|\n","uploadtime":1767901213,"views":13,"formatid":"gen9vgc2026regi","rating":1259,"private":0,"password":null}