{"id":"gen9vgc2026regi-2589080352","format":"[Gen 9] VGC 2026 Reg I","players":["pigduckeater","Mars002"],"log":"|j|\u2606pigduckeater\n|j|\u2606Mars002\n|t:|1776698329\n|gametype|doubles\n|player|p1|pigduckeater|102|1581\n|player|p2|Mars002|2|1518\n|gen|9\n|tier|[Gen 9] VGC 2026 Reg I\n|rated|\n|rule|Species Clause: Limit one of each Pok\u00e9mon\n|rule|Item Clause: Limit 1 of each item\n|clearpoke\n|poke|p1|Kyogre, L50|\n|poke|p1|Rillaboom, L50, F|\n|poke|p1|Urshifu-*, L50, F|\n|poke|p1|Zamazenta-*, L50|\n|poke|p1|Chien-Pao, L50|\n|poke|p1|Ditto, L50|\n|poke|p2|Groudon, L50|\n|poke|p2|Calyrex-Ice, L50|\n|poke|p2|Rillaboom, L50, M|\n|poke|p2|Annihilape, L50, M|\n|poke|p2|Walking Wake, L50|\n|poke|p2|Comfey, L50, M|\n|teampreview|4\n|inactive|Battle timer is ON: inactive players will automatically lose when time's up. (requested by Mars002)\n|inactive|pigduckeater has 60 seconds left.\n|inactive|pigduckeater has 30 seconds left.\n|\n|t:|1776698392\n|teamsize|p1|4\n|teamsize|p2|4\n|start\n|switch|p1a: Urshifu|Urshifu-Rapid-Strike, L50, F|100/100\n|switch|p1b: Kyogre|Kyogre, L50|100/100\n|switch|p2a: Annihilape|Annihilape, L50, M|100/100\n|switch|p2b: Walking Wake|Walking Wake, L50|100/100\n|-weather|RainDance|[from] ability: Drizzle|[of] p1b: Kyogre\n|turn|1\n|inactive|Mars002 has 30 seconds left.\n|\n|t:|1776698419\n|switch|p1b: Ditto|Ditto, L50|100/100\n|-transform|p1b: Ditto|p2a: Annihilape|[from] ability: Imposter\n|move|p2a: Annihilape|U-turn|p1a: Urshifu\n|-resisted|p1a: Urshifu\n|-damage|p1a: Urshifu|91/100\n|\n|t:|1776698427\n|switch|p2a: Comfey|Comfey, L50, M|100/100|[from] U-turn\n|move|p1a: Urshifu|U-turn|p2b: Walking Wake\n|-damage|p2b: Walking Wake|71/100\n|\n|t:|1776698434\n|switch|p1a: Chien-Pao|Chien-Pao, L50|100/100|[from] U-turn\n|-ability|p1a: Chien-Pao|Sword of Ruin\n|move|p2b: Walking Wake|Hydro Steam|p1a: Chien-Pao\n|-enditem|p1a: Chien-Pao|Focus Sash\n|-damage|p1a: Chien-Pao|1/100\n|\n|-weather|RainDance|[upkeep]\n|upkeep\n|turn|2\n|\n|t:|1776698453\n|move|p1a: Chien-Pao|Protect|p1a: Chien-Pao\n|-singleturn|p1a: Chien-Pao|Protect\n|move|p2a: Comfey|Draining Kiss|p1b: Ditto\n|-supereffective|p1b: Ditto\n|-damage|p1b: Ditto|58/100\n|move|p2b: Walking Wake|Hydro Steam|p1a: Chien-Pao\n|-activate|p1a: Chien-Pao|move: Protect\n|move|p1b: Ditto|Close Combat|p2b: Walking Wake\n|-damage|p2b: Walking Wake|0 fnt\n|-unboost|p1b: Ditto|def|1\n|-unboost|p1b: Ditto|spd|1\n|faint|p2b: Walking Wake\n|-end|p2b: Walking Wake|Protosynthesis|[silent]\n|\n|-weather|RainDance|[upkeep]\n|upkeep\n|\n|t:|1776698473\n|switch|p2b: Groudon|Groudon, L50|100/100\n|-weather|SunnyDay|[from] ability: Drought|[of] p2b: Groudon\n|turn|3\n|\n|t:|1776698494\n|switch|p1b: Kyogre|Kyogre, L50|100/100\n|-weather|RainDance|[from] ability: Drizzle|[of] p1b: Kyogre\n|-terastallize|p2b: Groudon|Water\n|move|p2a: Comfey|Draining Kiss|p1b: Kyogre\n|-crit|p1b: Kyogre\n|-damage|p1b: Kyogre|86/100\n|move|p1a: Chien-Pao|Icicle Crash|p2b: Groudon\n|-resisted|p2b: Groudon\n|-damage|p2b: Groudon|81/100\n|move|p2b: Groudon|Precipice Blades|p1b: Kyogre|[spread] p1a,p1b\n|-damage|p1a: Chien-Pao|0 fnt\n|-damage|p1b: Kyogre|32/100\n|faint|p1a: Chien-Pao\n|\n|-weather|RainDance|[upkeep]\n|upkeep\n|\n|t:|1776698502\n|switch|p1a: Urshifu|Urshifu-Rapid-Strike, L50, F|91/100\n|turn|4\n|inactive|Mars002 has 30 seconds left.\n|\n|t:|1776698531\n|-terastallize|p1a: Urshifu|Ghost\n|move|p2a: Comfey|Draining Kiss|p1a: Urshifu\n|-damage|p1a: Urshifu|68/100\n|move|p1a: Urshifu|Surging Strikes|p2a: Comfey\n|-crit|p2a: Comfey\n|-damage|p2a: Comfey|70/100\n|-damage|p1a: Urshifu|51/100|[from] item: Rocky Helmet|[of] p2a: Comfey\n|-crit|p2a: Comfey\n|-damage|p2a: Comfey|42/100\n|-damage|p1a: Urshifu|35/100|[from] item: Rocky Helmet|[of] p2a: Comfey\n|-crit|p2a: Comfey\n|-damage|p2a: Comfey|13/100\n|-damage|p1a: Urshifu|18/100|[from] item: Rocky Helmet|[of] p2a: Comfey\n|-hitcount|p2a: Comfey|3\n|move|p1b: Kyogre|Thunder Wave|p2b: Groudon\n|-status|p2b: Groudon|par\n|move|p2b: Groudon|Precipice Blades|p1b: Kyogre|[spread] p1a,p1b\n|-damage|p1a: Urshifu|0 fnt\n|-damage|p1b: Kyogre|0 fnt\n|faint|p1a: Urshifu\n|faint|p1b: Kyogre\n|\n|-weather|RainDance|[upkeep]\n|upkeep\n|\n|t:|1776698542\n|switch|p1a: Ditto|Ditto, L50|58/100\n|-transform|p1a: Ditto|p2b: Groudon|[from] ability: Imposter\n|-weather|SunnyDay|[from] ability: Drought|[of] p1a: Ditto\n|-start|p1a: Ditto|typechange|Ground|[silent]\n|turn|5\n|\n|t:|1776698566\n|move|p2a: Comfey|Draining Kiss|p1a: Ditto\n|-damage|p1a: Ditto|42/100\n|-heal|p2a: Comfey|25/100|[from] drain|[of] p1a: Ditto\n|move|p1a: Ditto|Rock Slide|p2a: Comfey|[spread] p2b\n|-miss|p1a: Ditto|p2a: Comfey\n|-damage|p2b: Groudon|67/100 par\n|move|p2b: Groudon|Shadow Claw|p1a: Ditto\n|-damage|p1a: Ditto|16/100\n|\n|-weather|SunnyDay|[upkeep]\n|upkeep\n|turn|6\n|-message|pigduckeater forfeited.\n|\n|win|Mars002\n|raw|pigduckeater's rating: 1581 &rarr; <strong>1557</strong><br />(-24 for losing)\n|raw|Mars002's rating: 1518 &rarr; <strong>1542</strong><br />(+24 for winning)\n|l|\u2606pigduckeater\n|player|p1|\n|l|\u2606Mars002\n|player|p2|\n","uploadtime":1776698761,"views":11,"formatid":"gen9vgc2026regi","rating":1542,"private":0,"password":null}