{"id":"gen9vgc2026regi-2565165357","format":"[Gen 9] VGC 2026 Reg I","players":["pengu","realcomrade379"],"log":"|j|\u2606pengu\n|j|\u2606realcomrade379\n|t:|1774237219\n|gametype|doubles\n|player|p1|pengu|rosa-masters|\n|player|p2|realcomrade379|shadowtriad|\n|gen|9\n|tier|[Gen 9] VGC 2026 Reg I\n|rated|Tournament battle\n|rule|Species Clause: Limit one of each Pok\u00e9mon\n|rule|Item Clause: Limit 1 of each item\n|raw|<div class=\"infobox\"><details class=\"readmore\" open><summary><strong>3 custom rules:</strong></summary> Open Team Sheets, Force Open Team Sheets, !Open Team Sheets</details></div>\n|clearpoke\n|poke|p1|Terapagos, L50, M|\n|poke|p1|Calyrex-Shadow, L50|\n|poke|p1|Rillaboom, L50, F|\n|poke|p1|Incineroar, L50, M|\n|poke|p1|Flutter Mane, L50|\n|poke|p1|Smeargle, L50, F|\n|poke|p2|Miraidon, L50|\n|poke|p2|Calyrex-Ice, L50|\n|poke|p2|Urshifu-*, L50, F|\n|poke|p2|Incineroar, L50, F|\n|poke|p2|Landorus, L50, M|\n|poke|p2|Grimmsnarl, L50, M|\n|teampreview|4\n|showteam|p1|Terapagos||Leftovers|TeraShift|TeraStarstorm,EarthPower,CalmMind,Protect|||M|||50|,,,,,Stellar]Calyrex-Shadow||LifeOrb|AsOneSpectrier|AstralBarrage,Psychic,NastyPlot,Protect||||||50|,,,,,Dark]Rillaboom||AssaultVest|GrassySurge|FakeOut,WoodHammer,GrassyGlide,Uturn|||F|||50|,,,,,Water]Incineroar||RockyHelmet|Intimidate|FakeOut,WillOWisp,KnockOff,PartingShot|||M|||50|,,,,,Grass]Flutter Mane||BoosterEnergy|Protosynthesis|Moonblast,IcyWind,Taunt,ThunderWave||||||50|,,,,,Fairy]Smeargle||FocusSash|Moody|Spore,FakeOut,FollowMe,WideGuard|||F|||50|,,,,,Ghost\n|showteam|p2|Miraidon||ChoiceSpecs|HadronEngine|ElectroDrift,VoltSwitch,DracoMeteor,DazzlingGleam||||||50|,,,,,Fairy]Calyrex-Ice||Leftovers|AsOneGlastrier|Protect,TrickRoom,LeechSeed,GlacialLance||||||50|,,,,,Water]Urshifu-Rapid-Strike||ChoiceBand|UnseenFist|SurgingStrikes,CloseCombat,Uturn,AquaJet|||F|||50|,,,,,Ghost]Incineroar||AssaultVest|Intimidate|FlareBlitz,KnockOff,Uturn,FakeOut|||F|||50|,,,,,Grass]Landorus||LifeOrb|SheerForce|Protect,Taunt,SludgeBomb,EarthPower|||M|||50|,,,,,Water]Grimmsnarl||LightClay|Prankster|SpiritBreak,LightScreen,Reflect,ThunderWave|||M|||50|,,,,,Ghost\n|inactive|Battle timer is ON: inactive players will automatically lose when time's up. (requested by pengu)\n|c|\u2606pengu|hf\n|c|\u2606realcomrade379|u2\n|j| Bricks And Steel\n|l| Bricks And Steel\n|\n|t:|1774237249\n|teamsize|p1|4\n|teamsize|p2|4\n|start\n|switch|p1a: Incineroar|Incineroar, L50, M|100/100\n|switch|p1b: Terapagos|Terapagos, L50, M|100/100\n|switch|p2a: Incineroar|Incineroar, L50, F|100/100\n|switch|p2b: Calyrex|Calyrex-Ice, L50|100/100\n|-activate|p1b: Terapagos|ability: Tera Shift\n|detailschange|p1b: Terapagos|Terapagos-Terastal, L50, M\n|-heal|p1b: Terapagos|100/100|[silent]\n|-ability|p2b: Calyrex|As One\n|-ability|p2b: Calyrex|Unnerve\n|-ability|p2a: Incineroar|Intimidate|boost\n|-unboost|p1a: Incineroar|atk|1\n|-unboost|p1b: Terapagos|atk|1\n|-ability|p1a: Incineroar|Intimidate|boost\n|-unboost|p2a: Incineroar|atk|1\n|-unboost|p2b: Calyrex|atk|1\n|turn|1\n|j| TimeforCHILLI\n|\n|t:|1774237265\n|move|p1b: Terapagos|Protect|p1b: Terapagos\n|-singleturn|p1b: Terapagos|Protect\n|move|p2a: Incineroar|Fake Out|p1a: Incineroar\n|-damage|p1a: Incineroar|95/100\n|-damage|p2a: Incineroar|84/100|[from] item: Rocky Helmet|[of] p1a: Incineroar\n|cant|p1a: Incineroar|flinch\n|move|p2b: Calyrex|Leech Seed|p1b: Terapagos\n|-activate|p1b: Terapagos|move: Protect\n|\n|upkeep\n|turn|2\n|\n|t:|1774237275\n|move|p2a: Incineroar|Knock Off|p1b: Terapagos\n|-activate|p1b: Terapagos|ability: Tera Shell\n|-resisted|p1b: Terapagos\n|-damage|p1b: Terapagos|92/100\n|-enditem|p1b: Terapagos|Leftovers|[from] move: Knock Off|[of] p2a: Incineroar\n|move|p1b: Terapagos|Calm Mind|p1b: Terapagos\n|-boost|p1b: Terapagos|spa|1\n|-boost|p1b: Terapagos|spd|1\n|move|p1a: Incineroar|Will-O-Wisp|p2b: Calyrex\n|-status|p2b: Calyrex|brn\n|move|p2b: Calyrex|Leech Seed|p1b: Terapagos\n|-start|p1b: Terapagos|move: Leech Seed\n|\n|-damage|p1b: Terapagos|80/100|[from] Leech Seed|[of] p2b: Calyrex\n|-damage|p2b: Calyrex|95/100 brn|[from] brn\n|upkeep\n|turn|3\n|\n|t:|1774237294\n|move|p2a: Incineroar|U-turn|p1a: Incineroar\n|-damage|p1a: Incineroar|86/100\n|-damage|p2a: Incineroar|67/100|[from] item: Rocky Helmet|[of] p1a: Incineroar\n|\n|t:|1774237302\n|switch|p2a: Miraidon|Miraidon, L50|100/100|[from] U-turn\n|-fieldstart|move: Electric Terrain|[from] ability: Hadron Engine|[of] p2a: Miraidon\n|move|p1b: Terapagos|Calm Mind|p1b: Terapagos\n|-boost|p1b: Terapagos|spa|1\n|-boost|p1b: Terapagos|spd|1\n|move|p1a: Incineroar|Knock Off|p2a: Miraidon\n|-damage|p2a: Miraidon|81/100\n|-enditem|p2a: Miraidon|Choice Specs|[from] move: Knock Off|[of] p1a: Incineroar\n|move|p2b: Calyrex|Glacial Lance|p1b: Terapagos|[spread] p1a,p1b\n|-resisted|p1a: Incineroar\n|-damage|p1a: Incineroar|80/100\n|-damage|p1b: Terapagos|68/100\n|\n|-heal|p2b: Calyrex|100/100 brn|[from] item: Leftovers\n|-damage|p1b: Terapagos|55/100|[from] Leech Seed|[of] p2b: Calyrex\n|-damage|p2b: Calyrex|95/100 brn|[from] brn\n|upkeep\n|turn|4\n|j|%Tb0lt\n|inactive|pengu has 30 seconds left.\n|inactive|pengu has 20 seconds left.\n|j| sillE roverT\n|\n|t:|1774237339\n|switch|p1a: Rillaboom|Rillaboom, L50, F|100/100\n|-fieldstart|move: Grassy Terrain|[from] ability: Grassy Surge|[of] p1a: Rillaboom\n|switch|p2b: Incineroar|Incineroar, L50, F|67/100\n|-ability|p2b: Incineroar|Intimidate|boost\n|-unboost|p1a: Rillaboom|atk|1\n|-unboost|p1b: Terapagos|atk|1\n|move|p2a: Miraidon|Volt Switch|p1a: Rillaboom\n|-resisted|p1a: Rillaboom\n|-damage|p1a: Rillaboom|90/100\n|\n|t:|1774237349\n|switch|p2a: Urshifu|Urshifu-Rapid-Strike, L50, F|100/100|[from] Volt Switch\n|move|p1b: Terapagos|Tera Starstorm|p2b: Incineroar\n|-damage|p2b: Incineroar|6/100\n|\n|-heal|p2b: Incineroar|12/100|[from] Grassy Terrain\n|-heal|p1b: Terapagos|61/100|[from] Grassy Terrain\n|-heal|p1a: Rillaboom|96/100|[from] Grassy Terrain\n|-damage|p1b: Terapagos|49/100|[from] Leech Seed|[of] p2b: Incineroar\n|-heal|p2b: Incineroar|24/100|[silent]\n|upkeep\n|turn|5\n|c| sillE roverT|3 fake outs\n|j| Bricks And Steel\n|j| JonnyNerd\n|c| sillE roverT|i feel like ruination spiky set is the best w the bros\n|inactive|pengu has 30 seconds left.\n|inactive|realcomrade379 has 30 seconds left.\n|l| Bricks And Steel\n|inactive|realcomrade379 has 20 seconds left.\n|\n|t:|1774237391\n|switch|p1b: Smeargle|Smeargle, L50, F|100/100\n|move|p2b: Incineroar|Fake Out|p1a: Rillaboom\n|-damage|p1a: Rillaboom|85/100\n|cant|p1a: Rillaboom|flinch\n|move|p2a: Urshifu|Surging Strikes|p1b: Smeargle\n|-crit|p1b: Smeargle\n|-damage|p1b: Smeargle|40/100\n|-crit|p1b: Smeargle\n|-damage|p1b: Smeargle|0 fnt\n|faint|p1b: Smeargle\n|-hitcount|p1: Smeargle|2\n|\n|-heal|p2b: Incineroar|31/100|[from] Grassy Terrain\n|-heal|p1a: Rillaboom|91/100|[from] Grassy Terrain\n|upkeep\n|\n|t:|1774237398\n|switch|p1b: Incineroar|Incineroar, L50, M|80/100\n|-ability|p1b: Incineroar|Intimidate|boost\n|-unboost|p2a: Urshifu|atk|1\n|-unboost|p2b: Incineroar|atk|1\n|turn|6\n|l| JonnyNerd\n|\n|t:|1774237414\n|switch|p2b: Calyrex|Calyrex-Ice, L50|95/100 brn\n|-ability|p2b: Calyrex|As One\n|-ability|p2b: Calyrex|Unnerve\n|switch|p2a: Miraidon|Miraidon, L50|81/100\n|-fieldstart|move: Electric Terrain|[from] ability: Hadron Engine|[of] p2a: Miraidon\n|move|p1a: Rillaboom|U-turn|p2a: Miraidon\n|-damage|p2a: Miraidon|66/100\n|\n|t:|1774237421\n|switch|p1a: Terapagos|Terapagos-Terastal, L50, M|49/100|[from] U-turn\n|move|p1b: Incineroar|Parting Shot|p2a: Miraidon\n|-unboost|p2a: Miraidon|atk|1\n|-unboost|p2a: Miraidon|spa|1\n|\n|t:|1774237423\n|switch|p1b: Rillaboom|Rillaboom, L50, F|91/100|[from] Parting Shot\n|-fieldstart|move: Grassy Terrain|[from] ability: Grassy Surge|[of] p1b: Rillaboom\n|\n|-heal|p2a: Miraidon|72/100|[from] Grassy Terrain\n|-heal|p1a: Terapagos|55/100|[from] Grassy Terrain\n|-heal|p1b: Rillaboom|97/100|[from] Grassy Terrain\n|-heal|p2b: Calyrex|100/100 brn|[from] Grassy Terrain\n|-damage|p2b: Calyrex|95/100 brn|[from] brn\n|upkeep\n|turn|7\n|\n|t:|1774237433\n|switch|p2a: Incineroar|Incineroar, L50, F|31/100\n|-ability|p2a: Incineroar|Intimidate|boost\n|-unboost|p1a: Terapagos|atk|1\n|-unboost|p1b: Rillaboom|atk|1\n|switch|p2b: Urshifu|Urshifu-Rapid-Strike, L50, F|100/100\n|move|p1a: Terapagos|Calm Mind|p1a: Terapagos\n|-boost|p1a: Terapagos|spa|1\n|-boost|p1a: Terapagos|spd|1\n|move|p1b: Rillaboom|U-turn|p2a: Incineroar\n|-damage|p2a: Incineroar|16/100\n|\n|t:|1774237438\n|switch|p1b: Incineroar|Incineroar, L50, M|80/100|[from] U-turn\n|-ability|p1b: Incineroar|Intimidate|boost\n|-unboost|p2a: Incineroar|atk|1\n|-unboost|p2b: Urshifu|atk|1\n|\n|-heal|p2a: Incineroar|22/100|[from] Grassy Terrain\n|-heal|p1a: Terapagos|61/100|[from] Grassy Terrain\n|-heal|p1b: Incineroar|86/100|[from] Grassy Terrain\n|upkeep\n|turn|8\n|\n|t:|1774237450\n|switch|p1a: Rillaboom|Rillaboom, L50, F|97/100\n|move|p2a: Incineroar|Fake Out|p1b: Incineroar\n|-damage|p1b: Incineroar|80/100\n|-damage|p2a: Incineroar|6/100|[from] item: Rocky Helmet|[of] p1b: Incineroar\n|move|p2b: Urshifu|Close Combat|p1a: Rillaboom\n|-damage|p1a: Rillaboom|34/100\n|-unboost|p2b: Urshifu|def|1\n|-unboost|p2b: Urshifu|spd|1\n|cant|p1b: Incineroar|flinch\n|\n|-heal|p2a: Incineroar|12/100|[from] Grassy Terrain\n|-heal|p1a: Rillaboom|40/100|[from] Grassy Terrain\n|-heal|p1b: Incineroar|86/100|[from] Grassy Terrain\n|upkeep\n|turn|9\n|j| cristorey24\n|\n|t:|1774237465\n|switch|p2b: Calyrex|Calyrex-Ice, L50|95/100 brn\n|-ability|p2b: Calyrex|As One\n|-ability|p2b: Calyrex|Unnerve\n|move|p1a: Rillaboom|Fake Out|p2b: Calyrex\n|-damage|p2b: Calyrex|86/100 brn\n|move|p2a: Incineroar|U-turn|p1a: Rillaboom\n|-supereffective|p1a: Rillaboom\n|-damage|p1a: Rillaboom|19/100\n|\n|t:|1774237480\n|switch|p2a: Urshifu|Urshifu-Rapid-Strike, L50, F|100/100|[from] U-turn\n|move|p1b: Incineroar|Parting Shot|p2b: Calyrex\n|-unboost|p2b: Calyrex|atk|1\n|-unboost|p2b: Calyrex|spa|1\n|\n|t:|1774237484\n|switch|p1b: Terapagos|Terapagos-Terastal, L50, M|61/100|[from] Parting Shot\n|\n|-heal|p1b: Terapagos|66/100|[from] Grassy Terrain\n|-heal|p1a: Rillaboom|25/100|[from] Grassy Terrain\n|-heal|p2b: Calyrex|92/100 brn|[from] Grassy Terrain\n|-heal|p2b: Calyrex|98/100 brn|[from] item: Leftovers\n|-damage|p2b: Calyrex|92/100 brn|[from] brn\n|upkeep\n|turn|10\n|\n|t:|1774237492\n|-terastallize|p2a: Urshifu|Ghost\n|move|p2a: Urshifu|Close Combat|p1b: Terapagos\n|-supereffective|p1b: Terapagos\n|-damage|p1b: Terapagos|0 fnt\n|-unboost|p2a: Urshifu|def|1\n|-unboost|p2a: Urshifu|spd|1\n|faint|p1b: Terapagos\n|move|p1a: Rillaboom|Wood Hammer|p2a: Urshifu\n|-damage|p2a: Urshifu|0 fnt\n|faint|p2a: Urshifu\n|-damage|p1a: Rillaboom|0 fnt|[from] Recoil\n|faint|p1a: Rillaboom\n|move|p2b: Calyrex|Glacial Lance|p1: Rillaboom|[notarget]\n|-fail|p2b: Calyrex\n|\n|-heal|p2b: Calyrex|98/100 brn|[from] Grassy Terrain\n|-heal|p2b: Calyrex|100/100 brn|[from] item: Leftovers\n|-damage|p2b: Calyrex|95/100 brn|[from] brn\n|-fieldend|move: Grassy Terrain\n|upkeep\n|c|\u2606pengu|gg\n|-message|pengu forfeited.\n|\n|win|realcomrade379\n|n|\u2606pengu|pengu\n|n|\u2606realcomrade379|realcomrade379\n|n| TimeforCHILLI|timeforchilli\n|n|%Tb0lt|tb0lt\n|n| sillE roverT|sillerovert\n|n| cristorey24|cristorey24\n|c|\u2606realcomrade379|gg\n|l|\u2606pengu\n|player|p1|\n|l|%Tb0lt\n","uploadtime":1774237507,"views":15,"formatid":"gen9vgc2026regi","rating":null,"private":0,"password":null}