{"id":"gen9vgc2026regi-2543552213","format":"[Gen 9] VGC 2026 Reg I","players":["blackred123","AidanPkmn"],"log":"|j|\u2606blackred123\n|j|\u2606AidanPkmn\n|t:|1771592157\n|gametype|doubles\n|player|p1|blackred123|iono-masters|1391\n|player|p2|AidanPkmn|ethan|1357\n|gen|9\n|tier|[Gen 9] VGC 2026 Reg I\n|rated|\n|rule|Species Clause: Limit one of each Pok\u00e9mon\n|rule|Item Clause: Limit 1 of each item\n|clearpoke\n|poke|p1|Miraidon, L50|\n|poke|p1|Calyrex-Ice, L50|\n|poke|p1|Incineroar, L50, M|\n|poke|p1|Grimmsnarl, L50, M|\n|poke|p1|Urshifu-*, L50, F|\n|poke|p1|Ursaluna-Bloodmoon, L50, M|\n|poke|p2|Flutter Mane, L50|\n|poke|p2|Terapagos, L50, M|\n|poke|p2|Urshifu-*, L50, F|\n|poke|p2|Incineroar, L50, F|\n|poke|p2|Rillaboom, L50, F|\n|poke|p2|Zacian-*, L50|\n|teampreview|4\n|inactive|Battle timer is ON: inactive players will automatically lose when time's up. (requested by AidanPkmn)\n|inactive|blackred123 also wants the timer to be on.\n|inactive|AidanPkmn has 60 seconds left.\n|\n|t:|1771592192\n|teamsize|p1|4\n|teamsize|p2|4\n|start\n|switch|p1a: \u94f6\u91d1\u7535\u86c7|Miraidon, L50, shiny|100/100\n|switch|p1b: \u5de8\u6839\u7537\u6a21|Grimmsnarl, L50, M|100/100\n|switch|p2a: Rillaboom|Rillaboom, L50, F|100/100\n|switch|p2b: Zacian|Zacian-Crowned, L50|100/100\n|-fieldstart|move: Electric Terrain|[from] ability: Hadron Engine|[of] p1a: \u94f6\u91d1\u7535\u86c7\n|-ability|p2b: Zacian|Intrepid Sword|boost\n|-boost|p2b: Zacian|atk|1\n|-fieldstart|move: Grassy Terrain|[from] ability: Grassy Surge|[of] p2a: Rillaboom\n|turn|1\n|\n|t:|1771592205\n|switch|p1a: \u629b\u4e0b\u864e\u54e5\u5578\u7a74|Incineroar, L50, M|100/100\n|-ability|p1a: \u629b\u4e0b\u864e\u54e5\u5578\u7a74|Intimidate|boost\n|-unboost|p2a: Rillaboom|atk|1\n|-unboost|p2b: Zacian|atk|1\n|move|p2a: Rillaboom|Fake Out|p1a: \u629b\u4e0b\u864e\u54e5\u5578\u7a74\n|-damage|p1a: \u629b\u4e0b\u864e\u54e5\u5578\u7a74|92/100\n|move|p1b: \u5de8\u6839\u7537\u6a21|Reflect|p1b: \u5de8\u6839\u7537\u6a21\n|-sidestart|p1: blackred123|Reflect\n|move|p2b: Zacian|Behemoth Blade|p1b: \u5de8\u6839\u7537\u6a21\n|-supereffective|p1b: \u5de8\u6839\u7537\u6a21\n|-damage|p1b: \u5de8\u6839\u7537\u6a21|19/100\n|\n|-heal|p1a: \u629b\u4e0b\u864e\u54e5\u5578\u7a74|98/100|[from] Grassy Terrain\n|-heal|p1b: \u5de8\u6839\u7537\u6a21|25/100|[from] Grassy Terrain\n|upkeep\n|turn|2\n|\n|t:|1771592224\n|move|p2b: Zacian|Protect|p2b: Zacian\n|-singleturn|p2b: Zacian|Protect\n|move|p1b: \u5de8\u6839\u7537\u6a21|Light Screen|p1b: \u5de8\u6839\u7537\u6a21\n|-sidestart|p1: blackred123|move: Light Screen\n|move|p2a: Rillaboom|U-turn|p1b: \u5de8\u6839\u7537\u6a21\n|-damage|p1b: \u5de8\u6839\u7537\u6a21|14/100\n|\n|t:|1771592229\n|switch|p2a: Incineroar|Incineroar, L50, F|100/100|[from] U-turn\n|-ability|p2a: Incineroar|Intimidate|boost\n|-unboost|p1a: \u629b\u4e0b\u864e\u54e5\u5578\u7a74|atk|1\n|-unboost|p1b: \u5de8\u6839\u7537\u6a21|atk|1\n|move|p1a: \u629b\u4e0b\u864e\u54e5\u5578\u7a74|Will-O-Wisp|p2b: Zacian\n|-activate|p2b: Zacian|move: Protect\n|\n|-heal|p1a: \u629b\u4e0b\u864e\u54e5\u5578\u7a74|100/100|[from] Grassy Terrain\n|-heal|p1b: \u5de8\u6839\u7537\u6a21|20/100|[from] Grassy Terrain\n|upkeep\n|turn|3\n|\n|t:|1771592243\n|move|p2a: Incineroar|Fake Out|p1a: \u629b\u4e0b\u864e\u54e5\u5578\u7a74\n|-damage|p1a: \u629b\u4e0b\u864e\u54e5\u5578\u7a74|94/100\n|move|p1b: \u5de8\u6839\u7537\u6a21|Thunder Wave|p2b: Zacian\n|-status|p2b: Zacian|par\n|cant|p2b: Zacian|par\n|move|p1a: \u629b\u4e0b\u864e\u54e5\u5578\u7a74|Will-O-Wisp||[still]\n|-fail|p1a: \u629b\u4e0b\u864e\u54e5\u5578\u7a74\n|\n|-heal|p1a: \u629b\u4e0b\u864e\u54e5\u5578\u7a74|99/100|[from] Grassy Terrain\n|-heal|p1b: \u5de8\u6839\u7537\u6a21|26/100|[from] Grassy Terrain\n|upkeep\n|turn|4\n|inactive|AidanPkmn has 30 seconds left.\n|\n|t:|1771592269\n|move|p2b: Zacian|Sacred Sword|p1a: \u629b\u4e0b\u864e\u54e5\u5578\u7a74\n|-supereffective|p1a: \u629b\u4e0b\u864e\u54e5\u5578\u7a74\n|-damage|p1a: \u629b\u4e0b\u864e\u54e5\u5578\u7a74|62/100\n|move|p2a: Incineroar|Knock Off|p1b: \u5de8\u6839\u7537\u6a21\n|-resisted|p1b: \u5de8\u6839\u7537\u6a21\n|-damage|p1b: \u5de8\u6839\u7537\u6a21|20/100\n|-enditem|p1b: \u5de8\u6839\u7537\u6a21|Light Clay|[from] move: Knock Off|[of] p2a: Incineroar\n|move|p1a: \u629b\u4e0b\u864e\u54e5\u5578\u7a74|Will-O-Wisp||[still]\n|-fail|p1a: \u629b\u4e0b\u864e\u54e5\u5578\u7a74\n|move|p1b: \u5de8\u6839\u7537\u6a21|Spirit Break|p2a: Incineroar\n|-damage|p2a: Incineroar|84/100\n|-unboost|p2a: Incineroar|spa|1\n|\n|-heal|p2a: Incineroar|90/100|[from] Grassy Terrain\n|-heal|p1a: \u629b\u4e0b\u864e\u54e5\u5578\u7a74|68/100|[from] Grassy Terrain\n|-heal|p1b: \u5de8\u6839\u7537\u6a21|26/100|[from] Grassy Terrain\n|upkeep\n|turn|5\n|\n|t:|1771592292\n|move|p2b: Zacian|Sacred Sword|p1a: \u629b\u4e0b\u864e\u54e5\u5578\u7a74\n|-supereffective|p1a: \u629b\u4e0b\u864e\u54e5\u5578\u7a74\n|-damage|p1a: \u629b\u4e0b\u864e\u54e5\u5578\u7a74|28/100\n|move|p2a: Incineroar|Knock Off|p1a: \u629b\u4e0b\u864e\u54e5\u5578\u7a74\n|-resisted|p1a: \u629b\u4e0b\u864e\u54e5\u5578\u7a74\n|-damage|p1a: \u629b\u4e0b\u864e\u54e5\u5578\u7a74|16/100\n|-enditem|p1a: \u629b\u4e0b\u864e\u54e5\u5578\u7a74|Covert Cloak|[from] move: Knock Off|[of] p2a: Incineroar\n|move|p1a: \u629b\u4e0b\u864e\u54e5\u5578\u7a74|Parting Shot|p2b: Zacian\n|-unboost|p2b: Zacian|atk|1\n|-unboost|p2b: Zacian|spa|1\n|\n|t:|1771592302\n|switch|p1a: \u94f6\u91d1\u7535\u86c7|Miraidon, L50, shiny|100/100|[from] Parting Shot\n|-fieldstart|move: Electric Terrain|[from] ability: Hadron Engine|[of] p1a: \u94f6\u91d1\u7535\u86c7\n|move|p1b: \u5de8\u6839\u7537\u6a21|Spirit Break|p2a: Incineroar\n|-damage|p2a: Incineroar|74/100\n|-unboost|p2a: Incineroar|spa|1\n|\n|upkeep\n|turn|6\n|\n|t:|1771592324\n|-terastallize|p1a: \u94f6\u91d1\u7535\u86c7|Electric\n|move|p2b: Zacian|Protect|p2b: Zacian\n|-singleturn|p2b: Zacian|Protect\n|move|p1a: \u94f6\u91d1\u7535\u86c7|Electro Drift|p2a: Incineroar\n|-damage|p2a: Incineroar|0 fnt\n|faint|p2a: Incineroar\n|move|p1b: \u5de8\u6839\u7537\u6a21|Spirit Break|p2b: Zacian\n|-activate|p2b: Zacian|move: Protect\n|\n|upkeep\n|\n|t:|1771592331\n|switch|p2a: Rillaboom|Rillaboom, L50, F|100/100\n|-fieldstart|move: Grassy Terrain|[from] ability: Grassy Surge|[of] p2a: Rillaboom\n|turn|7\n|\n|t:|1771592340\n|switch|p1a: \u629b\u4e0b\u864e\u54e5\u5578\u7a74|Incineroar, L50, M|16/100\n|-ability|p1a: \u629b\u4e0b\u864e\u54e5\u5578\u7a74|Intimidate|boost\n|-unboost|p2a: Rillaboom|atk|1\n|-unboost|p2b: Zacian|atk|1\n|move|p2a: Rillaboom|Fake Out|p1a: \u629b\u4e0b\u864e\u54e5\u5578\u7a74\n|-damage|p1a: \u629b\u4e0b\u864e\u54e5\u5578\u7a74|10/100\n|move|p1b: \u5de8\u6839\u7537\u6a21|Thunder Wave|p2a: Rillaboom\n|-status|p2a: Rillaboom|par\n|move|p2b: Zacian|Behemoth Blade|p1b: \u5de8\u6839\u7537\u6a21\n|-supereffective|p1b: \u5de8\u6839\u7537\u6a21\n|-damage|p1b: \u5de8\u6839\u7537\u6a21|0 fnt\n|faint|p1b: \u5de8\u6839\u7537\u6a21\n|\n|-heal|p1a: \u629b\u4e0b\u864e\u54e5\u5578\u7a74|16/100|[from] Grassy Terrain\n|upkeep\n|\n|t:|1771592355\n|switch|p1b: \u5996\u64b8\u51a0\u4e86|Calyrex-Ice, L50|100/100\n|-ability|p1b: \u5996\u64b8\u51a0\u4e86|As One\n|-ability|p1b: \u5996\u64b8\u51a0\u4e86|Unnerve\n|turn|8\n|\n|t:|1771592368\n|switch|p2b: Terapagos|Terapagos, L50, M|100/100\n|-activate|p2b: Terapagos|ability: Tera Shift\n|detailschange|p2b: Terapagos|Terapagos-Terastal, L50, M\n|-heal|p2b: Terapagos|100/100|[silent]\n|switch|p1a: \u94f6\u91d1\u7535\u86c7|Miraidon, L50, shiny, tera:Electric|100/100\n|-fieldstart|move: Electric Terrain|[from] ability: Hadron Engine|[of] p1a: \u94f6\u91d1\u7535\u86c7\n|move|p1b: \u5996\u64b8\u51a0\u4e86|Glacial Lance|p2a: Rillaboom|[spread] p2a,p2b\n|-supereffective|p2a: Rillaboom\n|-activate|p2b: Terapagos|ability: Tera Shell\n|-resisted|p2b: Terapagos\n|-damage|p2a: Rillaboom|4/100 par\n|-damage|p2b: Terapagos|82/100\n|move|p2a: Rillaboom|U-turn|p1a: \u94f6\u91d1\u7535\u86c7\n|-damage|p1a: \u94f6\u91d1\u7535\u86c7|92/100\n|\n|t:|1771592383\n|switch|p2a: Zacian|Zacian-Crowned, L50|100/100 par|[from] U-turn\n|\n|-heal|p2b: Terapagos|88/100|[from] item: Leftovers\n|-sideend|p1: blackred123|Reflect\n|upkeep\n|turn|9\n|\n|t:|1771592405\n|switch|p1a: \u629b\u4e0b\u864e\u54e5\u5578\u7a74|Incineroar, L50, M|16/100\n|-ability|p1a: \u629b\u4e0b\u864e\u54e5\u5578\u7a74|Intimidate|boost\n|-unboost|p2a: Zacian|atk|1\n|-unboost|p2b: Terapagos|atk|1\n|-terastallize|p2b: Terapagos|Stellar\n|detailschange|p2b: Terapagos|Terapagos-Stellar, L50, M, tera:Stellar\n|-heal|p2b: Terapagos|91/100|[silent]\n|-ability|p2b: Terapagos|Teraform Zero\n|-fieldend|move: Electric Terrain\n|move|p2b: Terapagos|Tera Starstorm|p1b: \u5996\u64b8\u51a0\u4e86|[spread] p1a,p1b\n|-damage|p1a: \u629b\u4e0b\u864e\u54e5\u5578\u7a74|0 fnt\n|-damage|p1b: \u5996\u64b8\u51a0\u4e86|88/100\n|faint|p1a: \u629b\u4e0b\u864e\u54e5\u5578\u7a74\n|move|p2a: Zacian|Behemoth Blade|p1b: \u5996\u64b8\u51a0\u4e86\n|-supereffective|p1b: \u5996\u64b8\u51a0\u4e86\n|-damage|p1b: \u5996\u64b8\u51a0\u4e86|42/100\n|move|p1b: \u5996\u64b8\u51a0\u4e86|Leech Seed|p2b: Terapagos\n|-start|p2b: Terapagos|move: Leech Seed\n|\n|-heal|p2b: Terapagos|97/100|[from] item: Leftovers\n|-heal|p1b: \u5996\u64b8\u51a0\u4e86|48/100|[from] item: Leftovers\n|-damage|p2b: Terapagos|85/100|[from] Leech Seed|[of] p1b: \u5996\u64b8\u51a0\u4e86\n|-heal|p1b: \u5996\u64b8\u51a0\u4e86|64/100|[silent]\n|-sideend|p1: blackred123|move: Light Screen\n|upkeep\n|\n|t:|1771592429\n|switch|p1a: \u94f6\u91d1\u7535\u86c7|Miraidon, L50, shiny, tera:Electric|92/100\n|-fieldstart|move: Electric Terrain|[from] ability: Hadron Engine|[of] p1a: \u94f6\u91d1\u7535\u86c7\n|turn|10\n|\n|t:|1771592441\n|switch|p2b: Rillaboom|Rillaboom, L50, F|4/100 par\n|-fieldstart|move: Grassy Terrain|[from] ability: Grassy Surge|[of] p2b: Rillaboom\n|move|p1a: \u94f6\u91d1\u7535\u86c7|Electro Drift|p2b: Rillaboom\n|-resisted|p2b: Rillaboom\n|-crit|p2b: Rillaboom\n|-damage|p2b: Rillaboom|0 fnt\n|faint|p2b: Rillaboom\n|cant|p2a: Zacian|par\n|move|p1b: \u5996\u64b8\u51a0\u4e86|Leech Seed|p2a: Zacian\n|-start|p2a: Zacian|move: Leech Seed\n|\n|-heal|p1a: \u94f6\u91d1\u7535\u86c7|98/100|[from] Grassy Terrain\n|-heal|p1b: \u5996\u64b8\u51a0\u4e86|70/100|[from] Grassy Terrain\n|-heal|p1b: \u5996\u64b8\u51a0\u4e86|75/100|[from] item: Leftovers\n|-damage|p2a: Zacian|88/100 par|[from] Leech Seed|[of] p1b: \u5996\u64b8\u51a0\u4e86\n|-heal|p1b: \u5996\u64b8\u51a0\u4e86|86/100|[silent]\n|upkeep\n|\n|t:|1771592452\n|switch|p2b: Terapagos|Terapagos-Stellar, L50, M, tera:Stellar|85/100\n|turn|11\n|\n|t:|1771592474\n|move|p1a: \u94f6\u91d1\u7535\u86c7|Electro Drift|p2a: Zacian\n|-damage|p2a: Zacian|32/100 par\n|move|p2b: Terapagos|Tera Starstorm|p1a: \u94f6\u91d1\u7535\u86c7|[spread] p1a,p1b\n|-supereffective|p1a: \u94f6\u91d1\u7535\u86c7\n|-damage|p1a: \u94f6\u91d1\u7535\u86c7|42/100\n|-damage|p1b: \u5996\u64b8\u51a0\u4e86|66/100\n|move|p2a: Zacian|Play Rough|p1a: \u94f6\u91d1\u7535\u86c7\n|-damage|p1a: \u94f6\u91d1\u7535\u86c7|7/100\n|move|p1b: \u5996\u64b8\u51a0\u4e86|Leech Seed|p2b: Terapagos|[miss]\n|-miss|p1b: \u5996\u64b8\u51a0\u4e86|p2b: Terapagos\n|\n|-heal|p1a: \u94f6\u91d1\u7535\u86c7|14/100|[from] Grassy Terrain\n|-heal|p2b: Terapagos|91/100|[from] Grassy Terrain\n|-heal|p2b: Terapagos|97/100|[from] item: Leftovers\n|-heal|p2a: Zacian|38/100 par|[from] Grassy Terrain\n|-heal|p1b: \u5996\u64b8\u51a0\u4e86|72/100|[from] Grassy Terrain\n|-heal|p1b: \u5996\u64b8\u51a0\u4e86|78/100|[from] item: Leftovers\n|-damage|p2a: Zacian|26/100 par|[from] Leech Seed|[of] p1b: \u5996\u64b8\u51a0\u4e86\n|-heal|p1b: \u5996\u64b8\u51a0\u4e86|88/100|[silent]\n|upkeep\n|turn|12\n|\n|t:|1771592495\n|move|p1a: \u94f6\u91d1\u7535\u86c7|Electro Drift|p2b: Terapagos\n|-damage|p2b: Terapagos|62/100\n|move|p2b: Terapagos|Tera Starstorm|p1b: \u5996\u64b8\u51a0\u4e86|[spread] p1a,p1b\n|-supereffective|p1a: \u94f6\u91d1\u7535\u86c7\n|-damage|p1a: \u94f6\u91d1\u7535\u86c7|0 fnt\n|-damage|p1b: \u5996\u64b8\u51a0\u4e86|68/100\n|faint|p1a: \u94f6\u91d1\u7535\u86c7\n|move|p2a: Zacian|Behemoth Blade|p1b: \u5996\u64b8\u51a0\u4e86\n|-supereffective|p1b: \u5996\u64b8\u51a0\u4e86\n|-damage|p1b: \u5996\u64b8\u51a0\u4e86|20/100\n|move|p1b: \u5996\u64b8\u51a0\u4e86|Glacial Lance|p2a: Zacian|[spread] p2a,p2b\n|-resisted|p2a: Zacian\n|-damage|p2a: Zacian|3/100 par\n|-damage|p2b: Terapagos|38/100\n|\n|-heal|p2b: Terapagos|44/100|[from] Grassy Terrain\n|-heal|p2b: Terapagos|50/100|[from] item: Leftovers\n|-heal|p2a: Zacian|9/100 par|[from] Grassy Terrain\n|-heal|p1b: \u5996\u64b8\u51a0\u4e86|26/100|[from] Grassy Terrain\n|-heal|p1b: \u5996\u64b8\u51a0\u4e86|32/100|[from] item: Leftovers\n|-damage|p2a: Zacian|0 fnt|[from] Leech Seed|[of] p1b: \u5996\u64b8\u51a0\u4e86\n|-heal|p1b: \u5996\u64b8\u51a0\u4e86|40/100|[silent]\n|faint|p2a: Zacian\n|upkeep\n|turn|13\n|\n|t:|1771592519\n|move|p2b: Terapagos|Protect|p2b: Terapagos\n|-singleturn|p2b: Terapagos|Protect\n|move|p1b: \u5996\u64b8\u51a0\u4e86|Protect||[still]\n|-fail|p1b: \u5996\u64b8\u51a0\u4e86\n|\n|-heal|p2b: Terapagos|56/100|[from] Grassy Terrain\n|-heal|p2b: Terapagos|62/100|[from] item: Leftovers\n|-heal|p1b: \u5996\u64b8\u51a0\u4e86|45/100|[from] Grassy Terrain\n|-heal|p1b: \u5996\u64b8\u51a0\u4e86|51/100|[from] item: Leftovers\n|upkeep\n|turn|14\n|\n|t:|1771592527\n|move|p2b: Terapagos|Calm Mind|p2b: Terapagos\n|-boost|p2b: Terapagos|spa|1\n|-boost|p2b: Terapagos|spd|1\n|move|p1b: \u5996\u64b8\u51a0\u4e86|Leech Seed|p2b: Terapagos\n|-start|p2b: Terapagos|move: Leech Seed\n|\n|-heal|p2b: Terapagos|68/100|[from] Grassy Terrain\n|-heal|p2b: Terapagos|74/100|[from] item: Leftovers\n|-heal|p1b: \u5996\u64b8\u51a0\u4e86|57/100|[from] Grassy Terrain\n|-heal|p1b: \u5996\u64b8\u51a0\u4e86|63/100|[from] item: Leftovers\n|-damage|p2b: Terapagos|62/100|[from] Leech Seed|[of] p1b: \u5996\u64b8\u51a0\u4e86\n|-heal|p1b: \u5996\u64b8\u51a0\u4e86|79/100|[silent]\n|-fieldend|move: Grassy Terrain\n|upkeep\n|turn|15\n|\n|t:|1771592541\n|move|p2b: Terapagos|Calm Mind|p2b: Terapagos\n|-boost|p2b: Terapagos|spa|1\n|-boost|p2b: Terapagos|spd|1\n|move|p1b: \u5996\u64b8\u51a0\u4e86|Trick Room|p1b: \u5996\u64b8\u51a0\u4e86\n|-fieldstart|move: Trick Room|[of] p1b: \u5996\u64b8\u51a0\u4e86\n|\n|-heal|p1b: \u5996\u64b8\u51a0\u4e86|85/100|[from] item: Leftovers\n|-heal|p2b: Terapagos|68/100|[from] item: Leftovers\n|-damage|p2b: Terapagos|56/100|[from] Leech Seed|[of] p1b: \u5996\u64b8\u51a0\u4e86\n|-heal|p1b: \u5996\u64b8\u51a0\u4e86|100/100|[silent]\n|upkeep\n|turn|16\n|\n|t:|1771592557\n|move|p1b: \u5996\u64b8\u51a0\u4e86|Glacial Lance|p2b: Terapagos\n|-damage|p2b: Terapagos|23/100\n|move|p2b: Terapagos|Tera Starstorm|p1b: \u5996\u64b8\u51a0\u4e86\n|-damage|p1b: \u5996\u64b8\u51a0\u4e86|51/100\n|\n|-heal|p1b: \u5996\u64b8\u51a0\u4e86|57/100|[from] item: Leftovers\n|-heal|p2b: Terapagos|29/100|[from] item: Leftovers\n|-damage|p2b: Terapagos|16/100|[from] Leech Seed|[of] p1b: \u5996\u64b8\u51a0\u4e86\n|-heal|p1b: \u5996\u64b8\u51a0\u4e86|73/100|[silent]\n|upkeep\n|turn|17\n|\n|t:|1771592569\n|move|p1b: \u5996\u64b8\u51a0\u4e86|Glacial Lance|p2b: Terapagos\n|-damage|p2b: Terapagos|0 fnt\n|faint|p2b: Terapagos\n|detailschange|p2: Terapagos|Terapagos, L50, M|[silent]\n|\n|win|blackred123\n|raw|blackred123's rating: 1391 &rarr; <strong>1409</strong><br />(+18 for winning)\n|raw|AidanPkmn's rating: 1357 &rarr; <strong>1339</strong><br />(-18 for losing)\n|l|\u2606AidanPkmn\n|player|p2|\n","uploadtime":1771592581,"views":14,"formatid":"gen9vgc2026regi","rating":1339,"private":0,"password":null}