{"id":"gen9vgc2026regi-2574066908","format":"[Gen 9] VGC 2026 Reg I","players":["blackred123","migrainelad2"],"log":"|j|\u2606blackred123\n|j|\u2606migrainelad2\n|t:|1775196314\n|gametype|doubles\n|player|p1|blackred123|iono-masters|1473\n|player|p2|migrainelad2|flint|1373\n|gen|9\n|tier|[Gen 9] VGC 2026 Reg I\n|rated|\n|rule|Species Clause: Limit one of each Pok\u00e9mon\n|rule|Item Clause: Limit 1 of each item\n|clearpoke\n|poke|p1|Kyogre, L50|\n|poke|p1|Zamazenta-*, L50|\n|poke|p1|Chien-Pao, L50|\n|poke|p1|Amoonguss, L50, F|\n|poke|p1|Dragonite, L50, M|\n|poke|p1|Rillaboom, L50, F|\n|poke|p2|Raichu-Alola, L50, F|\n|poke|p2|Miraidon, L50|\n|poke|p2|Farigiraf, L50, M|\n|poke|p2|Kyogre, L50|\n|poke|p2|Araquanid, L50, F|\n|poke|p2|Rhyperior, L50, F|\n|teampreview|4\n|inactive|Battle timer is ON: inactive players will automatically lose when time's up. (requested by blackred123)\n|j| Pandajoe143\n|inactive|migrainelad2 has 60 seconds left.\n|\n|t:|1775196347\n|teamsize|p1|4\n|teamsize|p2|4\n|start\n|switch|p1a: Zamazenta|Zamazenta-Crowned, L50|100/100\n|switch|p1b: Rillaboom|Rillaboom, L50, F|100/100\n|switch|p2a: Raichu|Raichu-Alola, L50, F|100/100\n|switch|p2b: Farigiraf|Farigiraf, L50, M|100/100\n|-ability|p1a: Zamazenta|Dauntless Shield|boost\n|-boost|p1a: Zamazenta|def|1\n|-fieldstart|move: Grassy Terrain|[from] ability: Grassy Surge|[of] p1b: Rillaboom\n|turn|1\n|\n|t:|1775196370\n|switch|p2a: Miraidon|Miraidon, L50|100/100\n|-fieldstart|move: Electric Terrain|[from] ability: Hadron Engine|[of] p2a: Miraidon\n|move|p1a: Zamazenta|Body Press|p2b: Farigiraf\n|-damage|p2b: Farigiraf|33/100\n|move|p1b: Rillaboom|U-turn|p2b: Farigiraf\n|-supereffective|p2b: Farigiraf\n|-damage|p2b: Farigiraf|0 fnt\n|faint|p2b: Farigiraf\n|\n|t:|1775196385\n|switch|p1b: Kyogre|Kyogre, L50|100/100|[from] U-turn\n|-weather|RainDance|[from] ability: Drizzle|[of] p1b: Kyogre\n|\n|-weather|RainDance|[upkeep]\n|upkeep\n|\n|t:|1775196389\n|switch|p2b: Raichu|Raichu-Alola, L50, F|100/100\n|turn|2\n|\n|t:|1775196399\n|switch|p1b: Rillaboom|Rillaboom, L50, F|100/100\n|-fieldstart|move: Grassy Terrain|[from] ability: Grassy Surge|[of] p1b: Rillaboom\n|-terastallize|p2b: Raichu|Electric\n|move|p2b: Raichu|Volt Tackle|p1b: Rillaboom\n|-resisted|p1b: Rillaboom\n|-damage|p1b: Rillaboom|75/100\n|-damage|p2b: Raichu|88/100|[from] Recoil\n|move|p2a: Miraidon|Draco Meteor|p1a: Zamazenta\n|-resisted|p1a: Zamazenta\n|-damage|p1a: Zamazenta|58/100\n|-unboost|p2a: Miraidon|spa|2\n|move|p1a: Zamazenta|Body Press|p2a: Miraidon\n|-damage|p2a: Miraidon|39/100\n|\n|-weather|RainDance|[upkeep]\n|-heal|p2b: Raichu|94/100|[from] Grassy Terrain\n|-heal|p2a: Miraidon|45/100|[from] Grassy Terrain\n|-heal|p1a: Zamazenta|64/100|[from] Grassy Terrain\n|-heal|p1b: Rillaboom|81/100|[from] Grassy Terrain\n|upkeep\n|turn|3\n|\n|t:|1775196419\n|switch|p2a: Araquanid|Araquanid, L50, F|100/100\n|move|p2b: Raichu|Nuzzle|p1a: Zamazenta\n|-damage|p1a: Zamazenta|52/100\n|-status|p1a: Zamazenta|par\n|move|p1b: Rillaboom|U-turn|p2b: Raichu\n|-crit|p2b: Raichu\n|-damage|p2b: Raichu|9/100\n|\n|t:|1775196431\n|switch|p1b: Dragonite|Dragonite, L50, M|100/100|[from] U-turn\n|move|p1a: Zamazenta|Body Press|p2b: Raichu\n|-damage|p2b: Raichu|0 fnt\n|faint|p2b: Raichu\n|\n|-weather|RainDance|[upkeep]\n|-heal|p1a: Zamazenta|58/100 par|[from] Grassy Terrain\n|upkeep\n|\n|t:|1775196436\n|switch|p2b: Miraidon|Miraidon, L50|45/100\n|-fieldstart|move: Electric Terrain|[from] ability: Hadron Engine|[of] p2b: Miraidon\n|turn|4\n|\n|t:|1775196446\n|switch|p1b: Rillaboom|Rillaboom, L50, F|81/100\n|-fieldstart|move: Grassy Terrain|[from] ability: Grassy Surge|[of] p1b: Rillaboom\n|move|p2b: Miraidon|Electro Drift|p1b: Rillaboom\n|-resisted|p1b: Rillaboom\n|-damage|p1b: Rillaboom|46/100\n|move|p1a: Zamazenta|Body Press|p2b: Miraidon\n|-damage|p2b: Miraidon|0 fnt\n|faint|p2b: Miraidon\n|move|p2a: Araquanid|Liquidation|p1a: Zamazenta\n|-damage|p1a: Zamazenta|13/100 par\n|\n|-weather|RainDance|[upkeep]\n|-heal|p1b: Rillaboom|52/100|[from] Grassy Terrain\n|-heal|p1a: Zamazenta|19/100 par|[from] Grassy Terrain\n|upkeep\n|turn|5\n|\n|t:|1775196465\n|move|p1b: Rillaboom|Fake Out|p2a: Araquanid\n|-damage|p2a: Araquanid|85/100\n|move|p1a: Zamazenta|Body Press|p2a: Araquanid\n|-resisted|p2a: Araquanid\n|-damage|p2a: Araquanid|44/100\n|cant|p2a: Araquanid|flinch\n|\n|-weather|none\n|-heal|p1b: Rillaboom|58/100|[from] Grassy Terrain\n|-heal|p1a: Zamazenta|25/100 par|[from] Grassy Terrain\n|-heal|p2a: Araquanid|50/100|[from] Grassy Terrain\n|upkeep\n|turn|6\n|l| Pandajoe143\n|\n|t:|1775196487\n|move|p1b: Rillaboom|Wood Hammer|p2a: Araquanid\n|-damage|p2a: Araquanid|0 fnt\n|faint|p2a: Araquanid\n|-damage|p1b: Rillaboom|44/100|[from] Recoil\n|\n|win|blackred123\n|raw|blackred123's rating: 1473 &rarr; <strong>1487</strong><br />(+14 for winning)\n|raw|migrainelad2's rating: 1373 &rarr; <strong>1359</strong><br />(-14 for losing)\n|l|\u2606migrainelad2\n|player|p2|\n|l|\u2606blackred123\n|player|p1|\n","uploadtime":1775196638,"views":11,"formatid":"gen9vgc2026regi","rating":1359,"private":0,"password":null}