{"id":"gen9vgc2026regi-2565614537","format":"[Gen 9] VGC 2026 Reg I","players":["Dbzone9001","kojimuranishi"],"log":"|j|\u2606Dbzone9001\n|j|\u2606kojimuranishi\n|t:|1774289532\n|gametype|doubles\n|player|p1|Dbzone9001|2|1498\n|player|p2|kojimuranishi|2|1603\n|gen|9\n|tier|[Gen 9] VGC 2026 Reg I\n|rated|\n|rule|Species Clause: Limit one of each Pok\u00e9mon\n|rule|Item Clause: Limit 1 of each item\n|clearpoke\n|poke|p1|Dondozo, L50, M|\n|poke|p1|Tatsugiri, L50, F|\n|poke|p1|Miraidon, L50|\n|poke|p1|Calyrex-Shadow, L50|\n|poke|p1|Okidogi, L50, M|\n|poke|p1|Grimmsnarl, L50, M|\n|poke|p2|Whimsicott, L50, M|\n|poke|p2|Calyrex-Ice, L50|\n|poke|p2|Miraidon, L50|\n|poke|p2|Chi-Yu, L50|\n|poke|p2|Landorus, L50, M|\n|poke|p2|Farigiraf, L50, M|\n|teampreview|4\n|inactive|Battle timer is ON: inactive players will automatically lose when time's up. (requested by kojimuranishi)\n|\n|t:|1774289569\n|teamsize|p1|4\n|teamsize|p2|4\n|start\n|switch|p1a: Grimmsnarl|Grimmsnarl, L50, M|100/100\n|switch|p1b: Miraidon|Miraidon, L50|100/100\n|switch|p2a: Whimsicott|Whimsicott, L50, M|100/100\n|switch|p2b: Calyrex|Calyrex-Ice, L50|100/100\n|-ability|p2b: Calyrex|As One\n|-ability|p2b: Calyrex|Unnerve\n|-fieldstart|move: Electric Terrain|[from] ability: Hadron Engine|[of] p1b: Miraidon\n|turn|1\n|\n|t:|1774289587\n|-terastallize|p2b: Calyrex|Ice\n|move|p2a: Whimsicott|Tailwind|p2a: Whimsicott\n|-sidestart|p2: kojimuranishi|move: Tailwind\n|move|p1a: Grimmsnarl|Reflect|p1a: Grimmsnarl\n|-sidestart|p1: Dbzone9001|Reflect\n|move|p1b: Miraidon|Volt Switch|p2b: Calyrex\n|-damage|p2b: Calyrex|44/100\n|\n|t:|1774289599\n|switch|p1b: Okidogi|Okidogi, L50, M|100/100|[from] Volt Switch\n|move|p2b: Calyrex|Glacial Lance|p1a: Grimmsnarl|[spread] p1a,p1b\n|-damage|p1a: Grimmsnarl|29/100\n|-damage|p1b: Okidogi|37/100\n|\n|upkeep\n|turn|2\n|inactive|Dbzone9001 has 30 seconds left.\n|\n|t:|1774289631\n|-terastallize|p1b: Okidogi|Water\n|move|p1a: Grimmsnarl|Light Screen|p1a: Grimmsnarl\n|-sidestart|p1: Dbzone9001|move: Light Screen\n|move|p2a: Whimsicott|Moonblast|p1b: Okidogi\n|-damage|p1b: Okidogi|22/100\n|-unboost|p1b: Okidogi|spa|1\n|move|p2b: Calyrex|Glacial Lance|p1a: Grimmsnarl|[spread] p1a,p1b\n|-resisted|p1b: Okidogi\n|-damage|p1a: Grimmsnarl|0 fnt\n|-damage|p1b: Okidogi|0 fnt\n|faint|p1a: Grimmsnarl\n|faint|p1b: Okidogi\n|-ability|p2b: Calyrex|Chilling Neigh|boost\n|-boost|p2b: Calyrex|atk|2\n|\n|upkeep\n|\n|t:|1774289642\n|switch|p1b: Calyrex|Calyrex-Shadow, L50|100/100\n|switch|p1a: Miraidon|Miraidon, L50|100/100\n|-ability|p1b: Calyrex|As One\n|-ability|p1b: Calyrex|Unnerve\n|-activate|p1a: Miraidon|ability: Hadron Engine\n|turn|3\n|\n|t:|1774289656\n|move|p2a: Whimsicott|Moonblast|p1b: Calyrex\n|-damage|p1b: Calyrex|74/100\n|-unboost|p1b: Calyrex|spa|1\n|move|p1a: Miraidon|Electro Drift|p2b: Calyrex\n|-damage|p2b: Calyrex|0 fnt\n|faint|p2b: Calyrex\n|move|p1b: Calyrex|Astral Barrage|p2a: Whimsicott\n|-damage|p2a: Whimsicott|17/100\n|\n|upkeep\n|\n|t:|1774289671\n|switch|p2b: Miraidon|Miraidon, L50|100/100\n|-activate|p2b: Miraidon|ability: Hadron Engine\n|turn|4\n|\n|t:|1774289689\n|move|p1b: Calyrex|Protect|p1b: Calyrex\n|-singleturn|p1b: Calyrex|Protect\n|move|p2b: Miraidon|Draco Meteor|p1a: Miraidon\n|-supereffective|p1a: Miraidon\n|-damage|p1a: Miraidon|12/100\n|-unboost|p2b: Miraidon|spa|2\n|move|p2a: Whimsicott|Moonblast|p1a: Miraidon\n|-supereffective|p1a: Miraidon\n|-damage|p1a: Miraidon|0 fnt\n|faint|p1a: Miraidon\n|\n|-sideend|p2: kojimuranishi|move: Tailwind\n|upkeep\n|turn|5\n|\n|t:|1774289707\n|switch|p2b: Chi-Yu|Chi-Yu, L50|100/100\n|-ability|p2b: Chi-Yu|Beads of Ruin\n|move|p2a: Whimsicott|Encore|p1b: Calyrex\n|-start|p1b: Calyrex|Encore\n|move|p1b: Calyrex|Protect||[still]\n|-fail|p1b: Calyrex\n|\n|-fieldend|move: Electric Terrain\n|upkeep\n|turn|6\n|-message|Dbzone9001 forfeited.\n|\n|win|kojimuranishi\n|raw|Dbzone9001's rating: 1498 &rarr; <strong>1484</strong><br />(-14 for losing)\n|raw|kojimuranishi's rating: 1603 &rarr; <strong>1617</strong><br />(+14 for winning)\n|l|\u2606Dbzone9001\n|player|p1|\n|l|\u2606kojimuranishi\n|player|p2|\n","uploadtime":1774289853,"views":15,"formatid":"gen9vgc2026regi","rating":1484,"private":0,"password":null}