{"id":"gen9vgc2026regi-2561201843","format":"[Gen 9] VGC 2026 Reg I","players":["Mirthinion","Owenpri56"],"log":"|j|\u2606Mirthinion\n|j|\u2606Owenpri56\n|t:|1773773088\n|gametype|doubles\n|player|p1|Mirthinion|janitor|1415\n|player|p2|Owenpri56|265|1399\n|gen|9\n|tier|[Gen 9] VGC 2026 Reg I\n|rated|\n|rule|Species Clause: Limit one of each Pok\u00e9mon\n|rule|Item Clause: Limit 1 of each item\n|clearpoke\n|poke|p1|Calyrex-Shadow, L50|\n|poke|p1|Zamazenta-*, L50|\n|poke|p1|Urshifu-*, L50, M|\n|poke|p1|Incineroar, L50, M|\n|poke|p1|Rillaboom, L50, M|\n|poke|p1|Tornadus, L50, M|\n|poke|p2|Calyrex-Shadow, L50|\n|poke|p2|Terapagos, L50, M|\n|poke|p2|Incineroar, L50, F|\n|poke|p2|Ogerpon-Cornerstone, L50, F|\n|poke|p2|Rillaboom, L50, M|\n|poke|p2|Amoonguss, L50, F|\n|teampreview|4\n|inactive|Battle timer is ON: inactive players will automatically lose when time's up. (requested by Owenpri56)\n|inactive|Mirthinion also wants the timer to be on.\nMirthinion rejected open team sheets.\n|\n|t:|1773773108\n|teamsize|p1|4\n|teamsize|p2|4\n|start\n|switch|p1a: Vangwe|Tornadus, L50, M|100/100\n|switch|p1b: Beowulf|Urshifu-Rapid-Strike, L50, M|100/100\n|switch|p2a: Calyrex|Calyrex-Shadow, L50|100/100\n|switch|p2b: Terapagos|Terapagos, L50, M|100/100\n|-activate|p2b: Terapagos|ability: Tera Shift\n|detailschange|p2b: Terapagos|Terapagos-Terastal, L50, M\n|-heal|p2b: Terapagos|100/100|[silent]\n|-ability|p2a: Calyrex|As One\n|-ability|p2a: Calyrex|Unnerve\n|turn|1\n|inactive|Mirthinion has 30 seconds left.\n|inactive|Mirthinion has 20 seconds left.\n|\n|t:|1773773146\n|switch|p2b: Rillaboom|Rillaboom, L50, M|100/100\n|-fieldstart|move: Grassy Terrain|[from] ability: Grassy Surge|[of] p2b: Rillaboom\n|move|p1a: Vangwe|Taunt|p2b: Rillaboom\n|-start|p2b: Rillaboom|move: Taunt\n|move|p2a: Calyrex|Astral Barrage|p1b: Beowulf|[spread] p1a,p1b\n|-damage|p1a: Vangwe|47/100\n|-damage|p1b: Beowulf|16/100\n|move|p1b: Beowulf|Surging Strikes|p2b: Rillaboom\n|-resisted|p2b: Rillaboom\n|-crit|p2b: Rillaboom\n|-damage|p2b: Rillaboom|87/100\n|-resisted|p2b: Rillaboom\n|-crit|p2b: Rillaboom\n|-damage|p2b: Rillaboom|73/100\n|-resisted|p2b: Rillaboom\n|-crit|p2b: Rillaboom\n|-damage|p2b: Rillaboom|59/100\n|-hitcount|p2b: Rillaboom|3\n|\n|-heal|p1b: Beowulf|23/100|[from] Grassy Terrain\n|-heal|p2b: Rillaboom|65/100|[from] Grassy Terrain\n|upkeep\n|turn|2\n|j| Ascitiesdrown\n|inactive|Mirthinion has 30 seconds left.\n|inactive|Owenpri56 has 30 seconds left.\n|\n|t:|1773773181\n|switch|p1b: Drambor|Zamazenta-Crowned, L50|100/100\n|-ability|p1b: Drambor|Dauntless Shield|boost\n|-boost|p1b: Drambor|def|1\n|move|p1a: Vangwe|Tailwind|p1a: Vangwe\n|-sidestart|p1: Mirthinion|move: Tailwind\n|move|p2b: Rillaboom|Grassy Glide|p1b: Drambor\n|-resisted|p1b: Drambor\n|-damage|p1b: Drambor|94/100\n|move|p2a: Calyrex|Astral Barrage|p1a: Vangwe|[spread] p1a,p1b\n|-damage|p1a: Vangwe|0 fnt\n|-damage|p1b: Drambor|49/100\n|faint|p1a: Vangwe\n|-ability|p2a: Calyrex|Grim Neigh|boost\n|-boost|p2a: Calyrex|spa|1\n|\n|-heal|p1b: Drambor|55/100|[from] Grassy Terrain\n|-heal|p2b: Rillaboom|71/100|[from] Grassy Terrain\n|upkeep\n|\n|t:|1773773197\n|switch|p1a: Mithrandir|Calyrex-Shadow, L50|100/100\n|-ability|p1a: Mithrandir|As One\n|-ability|p1a: Mithrandir|Unnerve\n|turn|3\n|\n|t:|1773773211\n|-terastallize|p1a: Mithrandir|Bug\n|move|p2a: Calyrex|Protect|p2a: Calyrex\n|-singleturn|p2a: Calyrex|Protect\n|move|p1a: Mithrandir|Astral Barrage|p2b: Rillaboom|[spread] p2b\n|-activate|p2a: Calyrex|move: Protect\n|-damage|p2b: Rillaboom|40/100\n|move|p1b: Drambor|Behemoth Bash|p2a: Calyrex\n|-activate|p2a: Calyrex|move: Protect\n|move|p2b: Rillaboom|Wood Hammer|p1a: Mithrandir\n|-resisted|p1a: Mithrandir\n|-damage|p1a: Mithrandir|61/100\n|-damage|p2b: Rillaboom|28/100|[from] Recoil\n|\n|-heal|p1a: Mithrandir|66/100|[from] Grassy Terrain\n|-heal|p1b: Drambor|62/100|[from] Grassy Terrain\n|-heal|p2b: Rillaboom|33/100|[from] Grassy Terrain\n|-end|p2b: Rillaboom|move: Taunt\n|upkeep\n|turn|4\n|inactive|Mirthinion has 30 seconds left.\n|inactive|Owenpri56 has 30 seconds left.\n|inactive|Mirthinion has 20 seconds left.\n|inactive|Owenpri56 has 20 seconds left.\n|inactive|Mirthinion has 15 seconds left.\n|inactive|Owenpri56 has 15 seconds left.\n|\n|t:|1773773256\n|switch|p2a: Incineroar|Incineroar, L50, F|100/100\n|-ability|p2a: Incineroar|Intimidate|boost\n|-unboost|p1a: Mithrandir|atk|1\n|-unboost|p1b: Drambor|atk|1\n|move|p1a: Mithrandir|Astral Barrage|p2a: Incineroar|[spread] p2a,p2b\n|-resisted|p2a: Incineroar\n|-damage|p2a: Incineroar|78/100\n|-damage|p2b: Rillaboom|2/100\n|move|p1b: Drambor|Body Press|p2b: Rillaboom\n|-damage|p2b: Rillaboom|0 fnt\n|faint|p2b: Rillaboom\n|\n|-heal|p1a: Mithrandir|72/100|[from] Grassy Terrain\n|-heal|p1b: Drambor|68/100|[from] Grassy Terrain\n|-heal|p2a: Incineroar|84/100|[from] Grassy Terrain\n|upkeep\n|\n|t:|1773773276\n|switch|p2b: Terapagos|Terapagos-Terastal, L50, M|100/100\n|turn|5\n|inactive|Mirthinion has 30 seconds left.\n|inactive|Mirthinion has 20 seconds left.\n|\n|t:|1773773313\n|move|p2b: Terapagos|Protect|p2b: Terapagos\n|-singleturn|p2b: Terapagos|Protect\n|move|p2a: Incineroar|Fake Out|p1b: Drambor\n|-resisted|p1b: Drambor\n|-damage|p1b: Drambor|65/100\n|move|p1a: Mithrandir|Pollen Puff|p2b: Terapagos\n|-activate|p2b: Terapagos|move: Protect\n|cant|p1b: Drambor|flinch\n|\n|-heal|p1a: Mithrandir|78/100|[from] Grassy Terrain\n|-heal|p1b: Drambor|72/100|[from] Grassy Terrain\n|-heal|p2a: Incineroar|90/100|[from] Grassy Terrain\n|-sideend|p1: Mirthinion|move: Tailwind\n|-fieldend|move: Grassy Terrain\n|upkeep\n|turn|6\n|inactive|Mirthinion has 30 seconds left.\n|\n|t:|1773773345\n|switch|p2b: Calyrex|Calyrex-Shadow, L50|100/100\n|-ability|p2b: Calyrex|As One\n|-ability|p2b: Calyrex|Unnerve\n|move|p1a: Mithrandir|Protect|p1a: Mithrandir\n|-singleturn|p1a: Mithrandir|Protect\n|move|p1b: Drambor|Body Press|p2a: Incineroar\n|-supereffective|p2a: Incineroar\n|-damage|p2a: Incineroar|3/100\n|move|p2a: Incineroar|Flare Blitz|p1a: Mithrandir\n|-activate|p1a: Mithrandir|move: Protect\n|\n|upkeep\n|turn|7\n|\n|t:|1773773367\n|move|p1a: Mithrandir|Astral Barrage|p2b: Calyrex|[spread] p2a,p2b\n|-resisted|p2a: Incineroar\n|-supereffective|p2b: Calyrex\n|-damage|p2a: Incineroar|0 fnt\n|-enditem|p2b: Calyrex|Focus Sash\n|-damage|p2b: Calyrex|1/100\n|faint|p2a: Incineroar\n|-ability|p1a: Mithrandir|Grim Neigh|boost\n|-boost|p1a: Mithrandir|spa|1\n|move|p2b: Calyrex|Astral Barrage|p1b: Drambor|[spread] p1a,p1b\n|-damage|p1a: Mithrandir|21/100\n|-damage|p1b: Drambor|27/100\n|move|p1b: Drambor|Behemoth Bash|p2b: Calyrex\n|-damage|p2b: Calyrex|0 fnt\n|faint|p2b: Calyrex\n|\n|upkeep\n|j| KittyPON2\n|l|\u2606Owenpri56\n|inactive|Owenpri56 disconnected and has a minute to reconnect!\n|player|p2|\n|inactive|Owenpri56 has 30 seconds left.\n|inactive|Owenpri56 has 20 seconds left.\n|inactive|Owenpri56 has 15 seconds left.\n|inactive|Owenpri56 has 10 seconds left.\n|inactive|Owenpri56 has 5 seconds left.\n|-message|Owenpri56 lost due to inactivity.\n|\n|win|Mirthinion\n|raw|Mirthinion's rating: 1415 &rarr; <strong>1434</strong><br />(+19 for winning)\n|raw|Owenpri56's rating: 1399 &rarr; <strong>1380</strong><br />(-19 for losing)\n","uploadtime":1773773426,"views":85,"formatid":"gen9vgc2026regi","rating":1380,"private":0,"password":null}