{"id":"gen9vgc2026regi-2560754497","format":"[Gen 9] VGC 2026 Reg I","players":["indiecollin","It'sJustKen VGC"],"log":"|j|\u2606indiecollin\n|j|\u2606It'sJustKen VGC\n|t:|1773720957\n|gametype|doubles\n|player|p1|indiecollin|101|1328\n|player|p2|It'sJustKen VGC|1|1372\n|gen|9\n|tier|[Gen 9] VGC 2026 Reg I\n|rated|\n|rule|Species Clause: Limit one of each Pok\u00e9mon\n|rule|Item Clause: Limit 1 of each item\n|clearpoke\n|poke|p1|Weezing, L50, F|\n|poke|p1|Toedscruel, L50, F|\n|poke|p1|Porygon2, L50|\n|poke|p1|Grimmsnarl, L50, M|\n|poke|p1|Calyrex-Shadow, L50|\n|poke|p1|Zamazenta-*, L50|\n|poke|p2|Koraidon, L50|\n|poke|p2|Incineroar, L50, M|\n|poke|p2|Raging Bolt, L50|\n|poke|p2|Amoonguss, L50, F|\n|poke|p2|Flutter Mane, L50|\n|poke|p2|Lunala, L50|\n|teampreview|4\n|inactive|Battle timer is ON: inactive players will automatically lose when time's up. (requested by It'sJustKen VGC)\n|inactive|It'sJustKen VGC has 60 seconds left.\n|\n|t:|1773720998\n|teamsize|p1|4\n|teamsize|p2|4\n|start\n|switch|p1a: Weezing|Weezing, L50, F|100/100\n|switch|p1b: Grimmsnarl|Grimmsnarl, L50, M|100/100\n|switch|p2a: Koraidon|Koraidon, L50|100/100\n|switch|p2b: Flutter Mane|Flutter Mane, L50|100/100\n|-ability|p1a: Weezing|Neutralizing Gas\n|-block|p1b: Grimmsnarl|item: Ability Shield\n|turn|1\n|\n|t:|1773721011\n|switch|p2a: Incineroar|Incineroar, L50, M|100/100\n|move|p1a: Weezing|Protect|p1a: Weezing\n|-singleturn|p1a: Weezing|Protect\n|move|p1b: Grimmsnarl|Thunder Wave|p2b: Flutter Mane\n|-status|p2b: Flutter Mane|par\n|move|p2b: Flutter Mane|Moonblast|p1b: Grimmsnarl\n|-supereffective|p1b: Grimmsnarl\n|-damage|p1b: Grimmsnarl|0 fnt\n|faint|p1b: Grimmsnarl\n|\n|upkeep\n|\n|t:|1773721022\n|switch|p1b: Toedscruel|Toedscruel, L50, F|100/100\n|turn|2\n|\n|t:|1773721029\n|move|p1b: Toedscruel|Protect|p1b: Toedscruel\n|-singleturn|p1b: Toedscruel|Protect\n|move|p2a: Incineroar|Fake Out|p1a: Weezing\n|-damage|p1a: Weezing|87/100\n|move|p2b: Flutter Mane|Icy Wind|p1b: Toedscruel|[spread] p1a\n|-activate|p1b: Toedscruel|move: Protect\n|-damage|p1a: Weezing|67/100\n|-unboost|p1a: Weezing|spe|1\n|cant|p1a: Weezing|flinch\n|\n|-heal|p1a: Weezing|73/100|[from] item: Leftovers\n|upkeep\n|turn|3\n|inactive|indiecollin has 30 seconds left.\n|\n|t:|1773721061\n|move|p1b: Toedscruel|Earth Power|p2a: Incineroar\n|-supereffective|p2a: Incineroar\n|-damage|p2a: Incineroar|55/100\n|move|p2b: Flutter Mane|Icy Wind|p1b: Toedscruel|[spread] p1a,p1b\n|-supereffective|p1b: Toedscruel\n|-damage|p1a: Weezing|55/100\n|-damage|p1b: Toedscruel|44/100\n|-unboost|p1a: Weezing|spe|1\n|-unboost|p1b: Toedscruel|spe|1\n|move|p2a: Incineroar|U-turn|p1b: Toedscruel\n|-supereffective|p1b: Toedscruel\n|-damage|p1b: Toedscruel|0 fnt\n|faint|p1b: Toedscruel\n|\n|t:|1773721080\n|switch|p2a: Lunala|Lunala, L50|100/100|[from] U-turn\n|move|p1a: Weezing|Sludge Bomb|p2b: Flutter Mane\n|-damage|p2b: Flutter Mane|65/100 par\n|\n|-heal|p1a: Weezing|60/100|[from] item: Leftovers\n|upkeep\n|\n|t:|1773721082\n|switch|p1b: Calyrex|Calyrex-Shadow, L50|100/100\n|-ability|p1b: Calyrex|As One\n|-ability|p1b: Calyrex|Unnerve\n|turn|4\n|j| Aeiko\n|\n|t:|1773721105\n|-terastallize|p1b: Calyrex|Fighting\n|move|p2a: Lunala|Wide Guard|p2a: Lunala\n|-singleturn|p2a: Lunala|Wide Guard\n|move|p1b: Calyrex|Hex|p2b: Flutter Mane\n|-supereffective|p2b: Flutter Mane\n|-damage|p2b: Flutter Mane|0 fnt\n|faint|p2b: Flutter Mane\n|-end|p2b: Flutter Mane|Protosynthesis|[silent]\n|-ability|p1b: Calyrex|Grim Neigh|boost\n|-boost|p1b: Calyrex|spa|1\n|move|p1a: Weezing|Pain Split|p2a: Lunala\n|-sethp|p2a: Lunala|70/100|[from] move: Pain Split|[silent]\n|-sethp|p1a: Weezing|100/100|[from] move: Pain Split\n|\n|upkeep\n|\n|t:|1773721121\n|switch|p2b: Koraidon|Koraidon, L50|100/100\n|turn|5\n|\n|t:|1773721136\n|switch|p2a: Incineroar|Incineroar, L50, M|55/100\n|-terastallize|p2b: Koraidon|Fire\n|move|p1b: Calyrex|Protect|p1b: Calyrex\n|-singleturn|p1b: Calyrex|Protect\n|move|p2b: Koraidon|Flame Charge|p1b: Calyrex\n|-activate|p1b: Calyrex|move: Protect\n|move|p1a: Weezing|Will-O-Wisp|p2b: Koraidon\n|-immune|p2b: Koraidon\n|\n|upkeep\n|turn|6\n|j| dansclops\n|\n|t:|1773721146\n|move|p1b: Calyrex|Protect||[still]\n|-fail|p1b: Calyrex\n|move|p2a: Incineroar|Fake Out|p1b: Calyrex\n|-damage|p1b: Calyrex|83/100\n|move|p2b: Koraidon|Flame Charge|p1b: Calyrex\n|-damage|p1b: Calyrex|43/100\n|-boost|p2b: Koraidon|spe|1\n|move|p1a: Weezing|Sludge Bomb|p2a: Incineroar\n|-damage|p2a: Incineroar|34/100\n|\n|upkeep\n|turn|7\n|\n|t:|1773721156\n|move|p1b: Calyrex|Protect|p1b: Calyrex\n|-singleturn|p1b: Calyrex|Protect\n|move|p2b: Koraidon|Flare Blitz|p1b: Calyrex\n|-activate|p1b: Calyrex|move: Protect\n|move|p2a: Incineroar|Knock Off|p1a: Weezing\n|-damage|p1a: Weezing|47/100\n|-enditem|p1a: Weezing|Leftovers|[from] move: Knock Off|[of] p2a: Incineroar\n|move|p1a: Weezing|Sludge Bomb|p2b: Koraidon\n|-damage|p2b: Koraidon|69/100\n|\n|upkeep\n|turn|8\n|inactive|It'sJustKen VGC has 30 seconds left.\n|inactive|It'sJustKen VGC has 20 seconds left.\n|inactive|It'sJustKen VGC has 15 seconds left.\n|\n|t:|1773721200\n|move|p1b: Calyrex|Protect||[still]\n|-fail|p1b: Calyrex\n|move|p2b: Koraidon|Flare Blitz|p1b: Calyrex\n|-damage|p1b: Calyrex|0 fnt\n|faint|p1b: Calyrex\n|-damage|p2b: Koraidon|56/100|[from] Recoil\n|move|p2a: Incineroar|Flare Blitz|p1a: Weezing\n|-damage|p1a: Weezing|0 fnt\n|faint|p1a: Weezing\n|-end|p1a: Weezing|ability: Neutralizing Gas\n|-weather|SunnyDay|[from] ability: Orichalcum Pulse|[of] p2b: Koraidon\n|-activate|p2b: Koraidon|Orichalcum Pulse|[source]\n|-damage|p2a: Incineroar|23/100|[from] Recoil\n|\n|win|It'sJustKen VGC\n|raw|indiecollin's rating: 1328 &rarr; <strong>1311</strong><br />(-17 for losing)\n|raw|It&apos;sJustKen VGC's rating: 1372 &rarr; <strong>1389</strong><br />(+17 for winning)\n|l|\u2606indiecollin\n|player|p1|\n|l|\u2606It'sJustKen VGC\n|player|p2|\n|l| dansclops\n|l| Aeiko\n","uploadtime":1773721204,"views":12,"formatid":"gen9vgc2026regi","rating":1311,"private":0,"password":null}