{"id":"gen9vgc2026regi-2543876566","format":"[Gen 9] VGC 2026 Reg I","players":["Shagrathisbeast","SiamCat"],"log":"|j|\u2606Shagrathisbeast\n|j|\u2606SiamCat\n|t:|1771625536\n|gametype|doubles\n|player|p1|Shagrathisbeast|steven|1236\n|player|p2|SiamCat|ltsurge|1200\n|gen|9\n|tier|[Gen 9] VGC 2026 Reg I\n|rated|\n|rule|Species Clause: Limit one of each Pok\u00e9mon\n|rule|Item Clause: Limit 1 of each item\n|clearpoke\n|poke|p1|Zamazenta-*, L50|\n|poke|p1|Calyrex-Ice, L50|\n|poke|p1|Ogerpon-Cornerstone, L50, F|\n|poke|p1|Raging Bolt, L50|\n|poke|p1|Tornadus, L50, M|\n|poke|p1|Urshifu-*, L50, F|\n|poke|p2|Miraidon, L50|\n|poke|p2|Oranguru, L50, M|\n|poke|p2|Palkia, L50|\n|poke|p2|Sinistcha-Masterpiece, L50|\n|poke|p2|Incineroar, L50, F|\n|poke|p2|Electivire, L50, M|\n|teampreview|4\n|inactive|Battle timer is ON: inactive players will automatically lose when time's up. (requested by SiamCat)\n|\n|t:|1771625573\n|teamsize|p1|4\n|teamsize|p2|4\n|start\n|switch|p1a: Ogerpon|Ogerpon-Cornerstone, L50, F|100/100\n|switch|p1b: Calyrex|Calyrex-Ice, L50|100/100\n|switch|p2a: Miraidon|Miraidon, L50, shiny|100/100\n|switch|p2b: Oranguru|Oranguru, L50, M, shiny|100/100\n|-ability|p1b: Calyrex|As One\n|-ability|p1b: Calyrex|Unnerve\n|-fieldstart|move: Electric Terrain|[from] ability: Hadron Engine|[of] p2a: Miraidon\n|-enditem|p2a: Miraidon|Electric Seed\n|-boost|p2a: Miraidon|def|1|[from] item: Electric Seed\n|-activate|p2b: Oranguru|ability: Symbiosis|Covert Cloak|[of] p2a: Miraidon\n|turn|1\n|inactive|Shagrathisbeast has 30 seconds left.\n|\n|t:|1771625605\n|-terastallize|p2a: Miraidon|Fairy\n|move|p1b: Calyrex|Protect|p1b: Calyrex\n|-singleturn|p1b: Calyrex|Protect\n|move|p1a: Ogerpon|Taunt|p2b: Oranguru\n|-start|p2b: Oranguru|move: Taunt\n|move|p2a: Miraidon|Calm Mind|p2a: Miraidon\n|-boost|p2a: Miraidon|spa|1\n|-boost|p2a: Miraidon|spd|1\n|move|p2b: Oranguru|Knock Off|p1b: Calyrex\n|-activate|p1b: Calyrex|move: Protect\n|\n|upkeep\n|turn|2\n|inactive|SiamCat has 30 seconds left.\n|\n|t:|1771625631\n|-terastallize|p1b: Calyrex|Grass\n|move|p1a: Ogerpon|Taunt|p2a: Miraidon\n|-start|p2a: Miraidon|move: Taunt\n|move|p2a: Miraidon|Parabolic Charge|p1a: Ogerpon|[spread] p2b,p1a,p1b\n|-resisted|p1a: Ogerpon\n|-resisted|p1b: Calyrex\n|-damage|p2b: Oranguru|59/100\n|-damage|p1a: Ogerpon|70/100\n|-damage|p1b: Calyrex|83/100\n|move|p2b: Oranguru|Knock Off|p1b: Calyrex\n|-damage|p1b: Calyrex|74/100\n|-enditem|p1b: Calyrex|Clear Amulet|[from] move: Knock Off|[of] p2b: Oranguru\n|move|p1b: Calyrex|Trick Room|p1b: Calyrex\n|-fieldstart|move: Trick Room|[of] p1b: Calyrex\n|\n|upkeep\n|turn|3\n|inactive|SiamCat has 30 seconds left.\n|\n|t:|1771625657\n|move|p2b: Oranguru|Knock Off|p1a: Ogerpon\n|-damage|p1a: Ogerpon|54/100\n|move|p1b: Calyrex|Glacial Lance|p2a: Miraidon|[spread] p2a,p2b\n|-damage|p2a: Miraidon|74/100\n|-damage|p2b: Oranguru|9/100\n|move|p2a: Miraidon|Dragon Pulse|p1b: Calyrex\n|-crit|p1b: Calyrex\n|-damage|p1b: Calyrex|2/100\n|move|p1a: Ogerpon|Ivy Cudgel|p2a: Miraidon|[anim] Ivy Cudgel Rock\n|-damage|p2a: Miraidon|46/100\n|\n|-end|p2b: Oranguru|move: Taunt\n|upkeep\n|turn|4\n|inactive|Shagrathisbeast has 30 seconds left.\n|inactive|Shagrathisbeast has 20 seconds left.\n|\n|t:|1771625694\n|move|p1b: Calyrex|Protect|p1b: Calyrex\n|-singleturn|p1b: Calyrex|Protect\n|move|p2b: Oranguru|Instruct|p2a: Miraidon\n|-singleturn|p2a: Miraidon|move: Instruct|[of] p2b: Oranguru\n|move|p2a: Miraidon|Dragon Pulse|p1b: Calyrex\n|-activate|p1b: Calyrex|move: Protect\n|move|p2a: Miraidon|Parabolic Charge|p1a: Ogerpon|[spread] p2b,p1a\n|-activate|p1b: Calyrex|move: Protect\n|-resisted|p1a: Ogerpon\n|-damage|p2b: Oranguru|0 fnt\n|-heal|p2a: Miraidon|50/100|[from] drain|[of] p2b: Oranguru\n|-damage|p1a: Ogerpon|24/100\n|-heal|p2a: Miraidon|62/100|[from] drain|[of] p1a: Ogerpon\n|faint|p2b: Oranguru\n|move|p1a: Ogerpon|Ivy Cudgel|p2a: Miraidon|[anim] Ivy Cudgel Rock\n|-damage|p2a: Miraidon|34/100\n|\n|-end|p2a: Miraidon|move: Taunt\n|upkeep\n|\n|t:|1771625714\n|switch|p2b: Sinistcha|Sinistcha-Masterpiece, L50, shiny|100/100\n|-heal|p2a: Miraidon|59/100|[from] ability: Hospitality|[of] p2b: Sinistcha\n|turn|5\n|\n|t:|1771625727\n|switch|p1a: Raging Bolt|Raging Bolt, L50|100/100\n|move|p2b: Sinistcha|Protect|p2b: Sinistcha\n|-singleturn|p2b: Sinistcha|Protect\n|move|p1b: Calyrex|Glacial Lance|p2a: Miraidon|[spread] p2a\n|-activate|p2b: Sinistcha|move: Protect\n|-damage|p2a: Miraidon|33/100\n|move|p2a: Miraidon|Parabolic Charge|p1a: Raging Bolt|[spread] p1a,p1b\n|-activate|p2b: Sinistcha|move: Protect\n|-resisted|p1a: Raging Bolt\n|-resisted|p1b: Calyrex\n|-damage|p1a: Raging Bolt|92/100\n|-heal|p2a: Miraidon|37/100|[from] drain|[of] p1a: Raging Bolt\n|-damage|p1b: Calyrex|0 fnt\n|-heal|p2a: Miraidon|38/100|[from] drain|[of] p1b: Calyrex\n|faint|p1b: Calyrex\n|\n|-fieldend|move: Electric Terrain\n|upkeep\n|\n|t:|1771625747\n|switch|p1b: Ogerpon|Ogerpon-Cornerstone, L50, F|24/100\n|turn|6\n|\n|t:|1771625753\n|move|p2a: Miraidon|Protect|p2a: Miraidon\n|-singleturn|p2a: Miraidon|Protect\n|move|p1b: Ogerpon|Spiky Shield|p1b: Ogerpon\n|-singleturn|p1b: Ogerpon|move: Protect\n|move|p2b: Sinistcha|Life Dew||[still]|[spread] p2a,p2b\n|-heal|p2a: Miraidon|63/100\n|-fail|p2b: Sinistcha|heal\n|move|p1a: Raging Bolt|Snarl|p2a: Miraidon|[spread] p2b\n|-activate|p2a: Miraidon|move: Protect\n|-supereffective|p2b: Sinistcha\n|-damage|p2b: Sinistcha|66/100\n|-unboost|p2b: Sinistcha|spa|1\n|\n|-fieldend|move: Trick Room\n|upkeep\n|turn|7\n|\n|t:|1771625772\n|move|p1b: Ogerpon|Ivy Cudgel|p2a: Miraidon|[anim] Ivy Cudgel Rock\n|-damage|p2a: Miraidon|37/100\n|move|p2a: Miraidon|Dragon Pulse|p1a: Raging Bolt\n|-supereffective|p1a: Raging Bolt\n|-damage|p1a: Raging Bolt|21/100\n|move|p1a: Raging Bolt|Snarl|p2b: Sinistcha|[spread] p2a,p2b\n|-resisted|p2a: Miraidon\n|-supereffective|p2b: Sinistcha\n|-damage|p2a: Miraidon|34/100\n|-damage|p2b: Sinistcha|32/100\n|-unboost|p2b: Sinistcha|spa|1\n|move|p2b: Sinistcha|Matcha Gotcha|p1a: Raging Bolt|[spread] p1a,p1b\n|-resisted|p1a: Raging Bolt\n|-damage|p1a: Raging Bolt|17/100\n|-heal|p2b: Sinistcha|34/100|[from] drain|[of] p1a: Raging Bolt\n|-damage|p1b: Ogerpon|8/100\n|-heal|p2b: Sinistcha|41/100|[from] drain|[of] p1b: Ogerpon\n|\n|upkeep\n|turn|8\n|inactive|Shagrathisbeast has 30 seconds left.\n|inactive|Shagrathisbeast has 20 seconds left.\n|inactive|Shagrathisbeast has 15 seconds left.\n|\n|t:|1771625812\n|move|p2a: Miraidon|Protect|p2a: Miraidon\n|-singleturn|p2a: Miraidon|Protect\n|move|p1b: Ogerpon|Ivy Cudgel|p2b: Sinistcha|[anim] Ivy Cudgel Rock\n|-damage|p2b: Sinistcha|0 fnt\n|faint|p2b: Sinistcha\n|move|p1a: Raging Bolt|Thunderbolt|p2a: Miraidon\n|-activate|p2a: Miraidon|move: Protect\n|\n|upkeep\n|\n|t:|1771625820\n|switch|p2b: Palkia|Palkia, L50, shiny|100/100\n|turn|9\n|\n|t:|1771625831\n|move|p1a: Raging Bolt|Thunderclap|p2a: Miraidon\n|-damage|p2a: Miraidon|15/100\n|move|p1b: Ogerpon|Ivy Cudgel|p2a: Miraidon|[anim] Ivy Cudgel Rock\n|-damage|p2a: Miraidon|0 fnt\n|faint|p2a: Miraidon\n|move|p2b: Palkia|Spacial Rend|p1a: Raging Bolt\n|-supereffective|p1a: Raging Bolt\n|-damage|p1a: Raging Bolt|0 fnt\n|faint|p1a: Raging Bolt\n|-end|p1a: Raging Bolt|Protosynthesis|[silent]\n|\n|upkeep\n|\n|t:|1771625837\n|switch|p1a: Zamazenta|Zamazenta-Crowned, L50, shiny|100/100\n|-ability|p1a: Zamazenta|Dauntless Shield|boost\n|-boost|p1a: Zamazenta|def|1\n|turn|10\n|\n|t:|1771625849\n|move|p1b: Ogerpon|Ivy Cudgel|p2b: Palkia|[anim] Ivy Cudgel Rock\n|-damage|p2b: Palkia|56/100\n|move|p1a: Zamazenta|Body Press|p2b: Palkia\n|-damage|p2b: Palkia|2/100\n|move|p2b: Palkia|Hydro Pump|p1a: Zamazenta\n|-damage|p1a: Zamazenta|56/100\n|\n|upkeep\n|turn|11\n|-message|SiamCat forfeited.\n|\n|win|Shagrathisbeast\n|raw|Shagrathisbeast's rating: 1236 &rarr; <strong>1258</strong><br />(+22 for winning)\n|raw|SiamCat's rating: 1200 &rarr; <strong>1178</strong><br />(-22 for losing)\n|l|\u2606SiamCat\n|player|p2|\n|l|\u2606Shagrathisbeast\n|player|p1|\n","uploadtime":1771626036,"views":12,"formatid":"gen9vgc2026regi","rating":1178,"private":0,"password":null}