{"id":"gen9vgc2026regi-2562652988","format":"[Gen 9] VGC 2026 Reg I","players":["Sh1k3","toad_HATES_bowser"],"log":"|j|\u2606Sh1k3\n|j|\u203dtoad_HATES_bowser\n|t:|1773938302\n|gametype|doubles\n|player|p1|Sh1k3|265|1117\n|player|p2|toad_HATES_bowser|schoolkid|1100\n|gen|9\n|tier|[Gen 9] VGC 2026 Reg I\n|rated|\n|rule|Species Clause: Limit one of each Pok\u00e9mon\n|rule|Item Clause: Limit 1 of each item\n|clearpoke\n|poke|p1|Calyrex-Ice, L50|\n|poke|p1|Kyogre, L50|\n|poke|p1|Indeedee-F, L50, F|\n|poke|p1|Basculegion, L50, M|\n|poke|p1|Smeargle, L50, F|\n|poke|p1|Roaring Moon, L50|\n|poke|p2|Lunala, L50|\n|poke|p2|Dragonite, L50, M|\n|poke|p2|Terapagos, L50, M|\n|poke|p2|Ogerpon-Cornerstone, L50, F|\n|poke|p2|Whimsicott, L50, M|\n|poke|p2|Haxorus, L50, F|\n|teampreview|4\n|inactive|Battle timer is ON: inactive players will automatically lose when time's up. (requested by toad_HATES_bowser)\n|inactive|toad_HATES_bowser has 60 seconds left.\n|\n|t:|1773938347\n|teamsize|p1|4\n|teamsize|p2|4\n|start\n|switch|p1a: Calyrex|Calyrex-Ice, L50|100/100\n|switch|p1b: Smeargle|Smeargle, L50, F|100/100\n|switch|p2a: Terapagos|Terapagos, L50, M|100/100\n|switch|p2b: Whimsicott|Whimsicott, L50, M|100/100\n|-activate|p2a: Terapagos|ability: Tera Shift\n|detailschange|p2a: Terapagos|Terapagos-Terastal, L50, M\n|-heal|p2a: Terapagos|100/100|[silent]\n|-ability|p1a: Calyrex|As One\n|-ability|p1a: Calyrex|Unnerve\n|turn|1\n|inactive|toad_HATES_bowser has 30 seconds left.\n|inactive|toad_HATES_bowser has 20 seconds left.\n|\n|t:|1773938386\n|move|p1b: Smeargle|Spore|p2a: Terapagos\n|-status|p2a: Terapagos|slp|[from] move: Spore\n|cant|p2a: Terapagos|slp\n|move|p2b: Whimsicott|Moonblast|p1a: Calyrex\n|-damage|p1a: Calyrex|83/100\n|move|p1a: Calyrex|Glacial Lance|p2a: Terapagos|[spread] p2a,p2b\n|-activate|p2a: Terapagos|ability: Tera Shell\n|-resisted|p2a: Terapagos\n|-supereffective|p2b: Whimsicott\n|-damage|p2a: Terapagos|76/100 slp\n|-damage|p2b: Whimsicott|9/100\n|\n|-heal|p1a: Calyrex|89/100|[from] item: Leftovers\n|-ability|p1b: Smeargle|Moody|boost\n|-boost|p1b: Smeargle|spa|2\n|-unboost|p1b: Smeargle|atk|1\n|upkeep\n|turn|2\n|inactive|toad_HATES_bowser has 30 seconds left.\n|\n|t:|1773938419\n|move|p2b: Whimsicott|Encore|p1b: Smeargle\n|-start|p1b: Smeargle|Encore\n|move|p1b: Smeargle|Spore|p2b: Whimsicott\n|-immune|p2b: Whimsicott\n|-curestatus|p2a: Terapagos|slp|[msg]\n|move|p2a: Terapagos|Dark Pulse|p1a: Calyrex\n|-supereffective|p1a: Calyrex\n|-damage|p1a: Calyrex|49/100\n|-damage|p2a: Terapagos|66/100|[from] item: Life Orb\n|move|p1a: Calyrex|Glacial Lance|p2b: Whimsicott|[spread] p2a,p2b\n|-supereffective|p2b: Whimsicott\n|-damage|p2a: Terapagos|16/100\n|-damage|p2b: Whimsicott|0 fnt\n|faint|p2b: Whimsicott\n|-ability|p1a: Calyrex|Chilling Neigh|boost\n|-boost|p1a: Calyrex|atk|1\n|\n|-heal|p1a: Calyrex|54/100|[from] item: Leftovers\n|-ability|p1b: Smeargle|Moody|boost\n|-boost|p1b: Smeargle|spe|2\n|-unboost|p1b: Smeargle|spd|1\n|upkeep\n|\n|t:|1773938432\n|switch|p2b: Ogerpon|Ogerpon-Cornerstone, L50, F|100/100\n|turn|3\n|\n|t:|1773938447\n|switch|p1b: Indeedee|Indeedee-F, L50, F|100/100\n|-fieldstart|move: Psychic Terrain|[from] ability: Psychic Surge|[of] p1b: Indeedee\n|-terastallize|p2a: Terapagos|Stellar\n|detailschange|p2a: Terapagos|Terapagos-Stellar, L50, M, tera:Stellar\n|-heal|p2a: Terapagos|40/100|[silent]\n|-ability|p2a: Terapagos|Teraform Zero\n|-fieldend|move: Psychic Terrain\n|move|p1a: Calyrex|Protect|p1a: Calyrex\n|-singleturn|p1a: Calyrex|Protect\n|move|p2b: Ogerpon|Follow Me|p2b: Ogerpon\n|-singleturn|p2b: Ogerpon|move: Follow Me\n|move|p2a: Terapagos|Tera Starstorm|p1a: Calyrex|[spread] p1b\n|-activate|p1a: Calyrex|move: Protect\n|-damage|p1b: Indeedee|50/100\n|-damage|p2a: Terapagos|30/100|[from] item: Life Orb\n|\n|-heal|p1a: Calyrex|60/100|[from] item: Leftovers\n|upkeep\n|turn|4\n|\n|t:|1773938464\n|move|p1b: Indeedee|Follow Me|p1b: Indeedee\n|-singleturn|p1b: Indeedee|move: Follow Me\n|move|p2a: Terapagos|Tera Starstorm|p1a: Calyrex|[spread] p1a,p1b\n|-damage|p1a: Calyrex|26/100\n|-damage|p1b: Indeedee|0 fnt\n|faint|p1b: Indeedee\n|-damage|p2a: Terapagos|20/100|[from] item: Life Orb\n|move|p2b: Ogerpon|Ivy Cudgel|p1a: Calyrex|[anim] Ivy Cudgel Rock\n|-supereffective|p1a: Calyrex\n|-damage|p1a: Calyrex|0 fnt\n|faint|p1a: Calyrex\n|\n|upkeep\n|\n|t:|1773938468\n|switch|p1b: Smeargle|Smeargle, L50, F|100/100\n|switch|p1a: Kyogre|Kyogre, L50|100/100\n|-weather|RainDance|[from] ability: Drizzle|[of] p1a: Kyogre\n|turn|5\n|inactive|toad_HATES_bowser has 30 seconds left.\n|\n|t:|1773938497\n|move|p1b: Smeargle|Fake Out|p2b: Ogerpon\n|-resisted|p2b: Ogerpon\n|-damage|p2b: Ogerpon|98/100\n|move|p1a: Kyogre|Water Spout|p2b: Ogerpon|[spread] p2a,p2b\n|-damage|p2a: Terapagos|0 fnt\n|-damage|p2b: Ogerpon|0 fnt\n|faint|p2a: Terapagos\n|detailschange|p2: Terapagos|Terapagos, L50, M|[silent]\n|faint|p2b: Ogerpon\n|\n|-weather|RainDance|[upkeep]\n|-ability|p1b: Smeargle|Moody|boost\n|-boost|p1b: Smeargle|spa|2\n|-unboost|p1b: Smeargle|spd|1\n|upkeep\n|\n|t:|1773938504\n|switch|p2b: Lunala|Lunala, L50|100/100\n|turn|6\n|-message|toad_HATES_bowser forfeited.\n|\n|win|Sh1k3\n|raw|Sh1k3's rating: 1117 &rarr; <strong>1141</strong><br />(+24 for winning)\n|raw|toad_HATES_bowser's rating: 1100 &rarr; <strong>1076</strong><br />(-24 for losing)\n|l|\u203dtoad_HATES_bowser\n|player|p2|\n","uploadtime":1773938526,"views":17,"formatid":"gen9vgc2026regi","rating":1076,"private":0,"password":null}