{"id":"gen9vgc2026regi-2565469932","format":"[Gen 9] VGC 2026 Reg I","players":["Rg89","blackred123"],"log":"|j|\u2606Rg89\n|j|\u2606blackred123\n|t:|1774278088\n|gametype|doubles\n|player|p1|Rg89|ghetsis|1294\n|player|p2|blackred123|iono-masters|1380\n|gen|9\n|tier|[Gen 9] VGC 2026 Reg I\n|rated|\n|rule|Species Clause: Limit one of each Pok\u00e9mon\n|rule|Item Clause: Limit 1 of each item\n|clearpoke\n|poke|p1|Calyrex-Ice, L50|\n|poke|p1|Scraggy, L50, F|\n|poke|p1|Amoonguss, L50, F|\n|poke|p1|Miraidon, L50|\n|poke|p1|Iron Hands, L50|\n|poke|p1|Chi-Yu, L50|\n|poke|p2|Amoonguss, L50, F|\n|poke|p2|Calyrex-Ice, L50|\n|poke|p2|Kyogre, L50|\n|poke|p2|Grimmsnarl, L50, M|\n|poke|p2|Flutter Mane, L50|\n|poke|p2|Basculegion, L50, M|\n|teampreview|4\n|inactive|Battle timer is ON: inactive players will automatically lose when time's up. (requested by Rg89)\n|inactive|blackred123 also wants the timer to be on.\n|\n|t:|1774278116\n|teamsize|p1|4\n|teamsize|p2|4\n|start\n|switch|p1a: Lindsay Lohands|Iron Hands, L50|100/100\n|switch|p1b: Grok-cycle|Miraidon, L50|100/100\n|switch|p2a: Calyrex|Calyrex-Ice, L50|100/100\n|switch|p2b: Grimmsnarl|Grimmsnarl, L50, M|100/100\n|-ability|p2a: Calyrex|As One\n|-ability|p2a: Calyrex|Unnerve\n|-fieldstart|move: Electric Terrain|[from] ability: Hadron Engine|[of] p1b: Grok-cycle\n|-activate|p1a: Lindsay Lohands|ability: Quark Drive\n|-start|p1a: Lindsay Lohands|quarkdriveatk\n|turn|1\n|\n|t:|1774278135\n|move|p1a: Lindsay Lohands|Fake Out|p2b: Grimmsnarl\n|-damage|p2b: Grimmsnarl|82/100\n|cant|p2b: Grimmsnarl|flinch\n|move|p1b: Grok-cycle|Volt Switch|p2b: Grimmsnarl\n|-damage|p2b: Grimmsnarl|4/100\n|-damage|p1b: Grok-cycle|91/100|[from] item: Life Orb\n|\n|t:|1774278143\n|switch|p1b: Hasbulla|Scraggy, L50, F|100/100|[from] Volt Switch\n|-ability|p1b: Hasbulla|Intimidate|boost\n|-unboost|p2a: Calyrex|atk|1\n|-unboost|p2b: Grimmsnarl|atk|1\n|move|p2a: Calyrex|Glacial Lance|p1b: Hasbulla|[spread] p1a,p1b\n|-damage|p1a: Lindsay Lohands|78/100\n|-damage|p1b: Hasbulla|71/100\n|\n|upkeep\n|turn|2\n|\n|t:|1774278166\n|move|p1b: Hasbulla|Fake Out|p2b: Grimmsnarl\n|-damage|p2b: Grimmsnarl|0 fnt\n|faint|p2b: Grimmsnarl\n|move|p2a: Calyrex|Leech Seed|p1a: Lindsay Lohands\n|-start|p1a: Lindsay Lohands|move: Leech Seed\n|move|p1a: Lindsay Lohands|Volt Switch|p2a: Calyrex\n|-damage|p2a: Calyrex|88/100\n|\n|t:|1774278175\n|-end|p1a: Lindsay Lohands|Quark Drive|[silent]\n|switch|p1a: Grok-cycle|Miraidon, L50|91/100|[from] Volt Switch\n|-activate|p1a: Grok-cycle|ability: Hadron Engine\n|\n|-heal|p2a: Calyrex|94/100|[from] item: Leftovers\n|upkeep\n|\n|t:|1774278181\n|switch|p2b: Amoonguss|Amoonguss, L50, F|100/100\n|turn|3\n|\n|t:|1774278198\n|switch|p1b: Lindsay Lohands|Iron Hands, L50|78/100\n|-activate|p1b: Lindsay Lohands|ability: Quark Drive\n|-start|p1b: Lindsay Lohands|quarkdriveatk\n|move|p2b: Amoonguss|Protect|p2b: Amoonguss\n|-singleturn|p2b: Amoonguss|Protect\n|move|p1a: Grok-cycle|Volt Switch|p2a: Calyrex\n|-damage|p2a: Calyrex|32/100\n|-damage|p1a: Grok-cycle|81/100|[from] item: Life Orb\n|\n|t:|1774278207\n|switch|p1a: Hasbulla|Scraggy, L50, F|71/100|[from] Volt Switch\n|-ability|p1a: Hasbulla|Intimidate|boost\n|-unboost|p2a: Calyrex|atk|1\n|-unboost|p2b: Amoonguss|atk|1\n|move|p2a: Calyrex|Glacial Lance|p1a: Hasbulla|[spread] p1a,p1b\n|-damage|p1a: Hasbulla|49/100\n|-damage|p1b: Lindsay Lohands|62/100\n|\n|-heal|p2a: Calyrex|38/100|[from] item: Leftovers\n|upkeep\n|turn|4\n|\n|t:|1774278232\n|move|p1b: Lindsay Lohands|Fake Out|p2b: Amoonguss\n|-crit|p2b: Amoonguss\n|-damage|p2b: Amoonguss|79/100\n|-damage|p1b: Lindsay Lohands|46/100|[from] item: Rocky Helmet|[of] p2b: Amoonguss\n|move|p2a: Calyrex|Leech Seed|p1b: Lindsay Lohands\n|-start|p1b: Lindsay Lohands|move: Leech Seed\n|move|p1a: Hasbulla|Foul Play|p2a: Calyrex\n|-supereffective|p2a: Calyrex\n|-damage|p2a: Calyrex|11/100\n|cant|p2b: Amoonguss|flinch\n|\n|-heal|p2a: Calyrex|16/100|[from] item: Leftovers\n|-damage|p1b: Lindsay Lohands|33/100|[from] Leech Seed|[of] p2a: Calyrex\n|-heal|p2a: Calyrex|32/100|[silent]\n|upkeep\n|turn|5\n|inactive|blackred123 has 30 seconds left.\n|\n|t:|1774278261\n|-end|p1b: Lindsay Lohands|Quark Drive|[silent]\n|switch|p1b: Vanilla Ice|Calyrex-Ice, L50|100/100\n|-ability|p1b: Vanilla Ice|As One\n|-ability|p1b: Vanilla Ice|Unnerve\n|move|p2b: Amoonguss|Rage Powder|p2b: Amoonguss\n|-singleturn|p2b: Amoonguss|move: Rage Powder\n|move|p1a: Hasbulla|Coaching|p1b: Vanilla Ice\n|-boost|p1b: Vanilla Ice|atk|1\n|-boost|p1b: Vanilla Ice|def|1\n|move|p2a: Calyrex|Trick Room|p2a: Calyrex\n|-fieldstart|move: Trick Room|[of] p2a: Calyrex\n|\n|-heal|p2a: Calyrex|38/100|[from] item: Leftovers\n|-fieldend|move: Electric Terrain\n|upkeep\n|turn|6\n|\n|t:|1774278286\n|switch|p1a: Grok-cycle|Miraidon, L50|81/100\n|-fieldstart|move: Electric Terrain|[from] ability: Hadron Engine|[of] p1a: Grok-cycle\n|move|p2b: Amoonguss|Pollen Puff|p2a: Calyrex\n|-heal|p2a: Calyrex|87/100\n|move|p1b: Vanilla Ice|Glacial Lance|p2a: Calyrex|[spread] p2a,p2b\n|-resisted|p2a: Calyrex\n|-supereffective|p2b: Amoonguss\n|-damage|p2a: Calyrex|69/100\n|-damage|p2b: Amoonguss|0 fnt\n|faint|p2b: Amoonguss\n|-ability|p1b: Vanilla Ice|Chilling Neigh|boost\n|-boost|p1b: Vanilla Ice|atk|1\n|move|p2a: Calyrex|Leech Seed|p1b: Vanilla Ice\n|-start|p1b: Vanilla Ice|move: Leech Seed\n|\n|-heal|p2a: Calyrex|74/100|[from] item: Leftovers\n|-damage|p1b: Vanilla Ice|88/100|[from] Leech Seed|[of] p2a: Calyrex\n|-heal|p2a: Calyrex|86/100|[silent]\n|upkeep\n|\n|t:|1774278297\n|switch|p2b: Kyogre|Kyogre, L50|100/100\n|-weather|RainDance|[from] ability: Drizzle|[of] p2b: Kyogre\n|turn|7\n|\n|t:|1774278313\n|-terastallize|p1b: Vanilla Ice|Water\n|move|p1b: Vanilla Ice|High Horsepower|p2b: Kyogre\n|-damage|p2b: Kyogre|29/100\n|move|p2a: Calyrex|Glacial Lance|p1a: Grok-cycle|[spread] p1a,p1b\n|-supereffective|p1a: Grok-cycle\n|-resisted|p1b: Vanilla Ice\n|-damage|p1a: Grok-cycle|40/100\n|-damage|p1b: Vanilla Ice|83/100\n|move|p2b: Kyogre|Origin Pulse|p1b: Vanilla Ice|[spread] \n|-miss|p2b: Kyogre|p1a: Grok-cycle\n|-miss|p2b: Kyogre|p1b: Vanilla Ice\n|move|p1a: Grok-cycle|Snarl|p2a: Calyrex|[spread] p2a,p2b\n|-supereffective|p2a: Calyrex\n|-damage|p2a: Calyrex|53/100\n|-damage|p2b: Kyogre|7/100\n|-unboost|p2a: Calyrex|spa|1\n|-unboost|p2b: Kyogre|spa|1\n|-damage|p1a: Grok-cycle|30/100|[from] item: Life Orb\n|\n|-weather|RainDance|[upkeep]\n|-heal|p2a: Calyrex|58/100|[from] item: Leftovers\n|-damage|p1b: Vanilla Ice|71/100|[from] Leech Seed|[of] p2a: Calyrex\n|-heal|p2a: Calyrex|71/100|[silent]\n|upkeep\n|turn|8\n|\n|t:|1774278333\n|switch|p1a: Hasbulla|Scraggy, L50, F|49/100\n|-ability|p1a: Hasbulla|Intimidate|boost\n|-unboost|p2a: Calyrex|atk|1\n|-unboost|p2b: Kyogre|atk|1\n|move|p2b: Kyogre|Protect|p2b: Kyogre\n|-singleturn|p2b: Kyogre|Protect\n|move|p1b: Vanilla Ice|Glacial Lance|p2a: Calyrex|[spread] p2a\n|-activate|p2b: Kyogre|move: Protect\n|-resisted|p2a: Calyrex\n|-damage|p2a: Calyrex|48/100\n|move|p2a: Calyrex|Glacial Lance|p1b: Vanilla Ice|[spread] p1a,p1b\n|-resisted|p1b: Vanilla Ice\n|-damage|p1a: Hasbulla|31/100\n|-damage|p1b: Vanilla Ice|67/100\n|\n|-weather|RainDance|[upkeep]\n|-heal|p2a: Calyrex|54/100|[from] item: Leftovers\n|-damage|p1b: Vanilla Ice|55/100|[from] Leech Seed|[of] p2a: Calyrex\n|-heal|p2a: Calyrex|66/100|[silent]\n|upkeep\n|turn|9\n|\n|t:|1774278343\n|move|p2b: Kyogre|Protect||[still]\n|-fail|p2b: Kyogre\n|move|p1a: Hasbulla|Fake Out|p2b: Kyogre\n|-damage|p2b: Kyogre|0 fnt\n|faint|p2b: Kyogre\n|move|p1b: Vanilla Ice|High Horsepower|p2a: Calyrex\n|-damage|p2a: Calyrex|31/100\n|move|p2a: Calyrex|Leech Seed|p1a: Hasbulla\n|-start|p1a: Hasbulla|move: Leech Seed\n|\n|-weather|RainDance|[upkeep]\n|-heal|p2a: Calyrex|37/100|[from] item: Leftovers\n|-damage|p1a: Hasbulla|20/100|[from] Leech Seed|[of] p2a: Calyrex\n|-heal|p2a: Calyrex|44/100|[silent]\n|-damage|p1b: Vanilla Ice|43/100|[from] Leech Seed|[of] p2a: Calyrex\n|-heal|p2a: Calyrex|56/100|[silent]\n|-fieldend|move: Trick Room\n|upkeep\n|turn|10\n|\n|t:|1774278361\n|move|p2a: Calyrex|Protect|p2a: Calyrex\n|-singleturn|p2a: Calyrex|Protect\n|move|p1b: Vanilla Ice|High Horsepower|p2a: Calyrex\n|-activate|p2a: Calyrex|move: Protect\n|move|p1a: Hasbulla|Endeavor|p2a: Calyrex\n|-activate|p2a: Calyrex|move: Protect\n|\n|-weather|RainDance|[upkeep]\n|-heal|p2a: Calyrex|62/100|[from] item: Leftovers\n|-damage|p1b: Vanilla Ice|30/100|[from] Leech Seed|[of] p2a: Calyrex\n|-heal|p2a: Calyrex|74/100|[silent]\n|-damage|p1a: Hasbulla|8/100|[from] Leech Seed|[of] p2a: Calyrex\n|-heal|p2a: Calyrex|81/100|[silent]\n|-fieldend|move: Electric Terrain\n|upkeep\n|turn|11\n|\n|t:|1774278376\n|switch|p1a: Lindsay Lohands|Iron Hands, L50|33/100\n|move|p2a: Calyrex|Glacial Lance|p1b: Vanilla Ice|[spread] p1a,p1b\n|-resisted|p1b: Vanilla Ice\n|-crit|p1b: Vanilla Ice\n|-damage|p1a: Lindsay Lohands|21/100\n|-damage|p1b: Vanilla Ice|7/100\n|move|p1b: Vanilla Ice|High Horsepower|p2a: Calyrex\n|-damage|p2a: Calyrex|47/100\n|\n|-weather|none\n|-heal|p2a: Calyrex|53/100|[from] item: Leftovers\n|-damage|p1b: Vanilla Ice|0 fnt|[from] Leech Seed|[of] p2a: Calyrex\n|-heal|p2a: Calyrex|59/100|[silent]\n|faint|p1b: Vanilla Ice\n|upkeep\n|\n|t:|1774278384\n|switch|p1b: Hasbulla|Scraggy, L50, F|8/100\n|-ability|p1b: Hasbulla|Intimidate|boost\n|-unboost|p2a: Calyrex|atk|1\n|turn|12\n|\n|t:|1774278391\n|move|p2a: Calyrex|Protect|p2a: Calyrex\n|-singleturn|p2a: Calyrex|Protect\n|move|p1a: Lindsay Lohands|Fake Out|p2a: Calyrex\n|-activate|p2a: Calyrex|move: Protect\n|move|p1b: Hasbulla|Endeavor|p2a: Calyrex\n|-activate|p2a: Calyrex|move: Protect\n|\n|-heal|p2a: Calyrex|65/100|[from] item: Leftovers\n|upkeep\n|turn|13\n|\n|t:|1774278410\n|-terastallize|p2a: Calyrex|Fairy\n|move|p2a: Calyrex|Glacial Lance|p1b: Hasbulla|[spread] p1a,p1b\n|-crit|p1a: Lindsay Lohands\n|-damage|p1a: Lindsay Lohands|0 fnt\n|-damage|p1b: Hasbulla|0 fnt\n|faint|p1a: Lindsay Lohands\n|-end|p1a: Lindsay Lohands|Quark Drive|[silent]\n|faint|p1b: Hasbulla\n|-ability|p2a: Calyrex|Chilling Neigh|boost\n|-boost|p2a: Calyrex|atk|2\n|\n|-heal|p2a: Calyrex|71/100|[from] item: Leftovers\n|upkeep\n|\n|t:|1774278415\n|switch|p1b: Grok-cycle|Miraidon, L50|30/100\n|-fieldstart|move: Electric Terrain|[from] ability: Hadron Engine|[of] p1b: Grok-cycle\n|turn|14\n|\n|t:|1774278418\n|move|p2a: Calyrex|Protect|p2a: Calyrex\n|-singleturn|p2a: Calyrex|Protect\n|move|p1b: Grok-cycle|Electro Drift|p2a: Calyrex\n|-activate|p2a: Calyrex|move: Protect\n|\n|-heal|p2a: Calyrex|77/100|[from] item: Leftovers\n|upkeep\n|turn|15\n|\n|t:|1774278428\n|move|p1b: Grok-cycle|Electro Drift|p2a: Calyrex\n|-damage|p2a: Calyrex|0 fnt\n|faint|p2a: Calyrex\n|-damage|p1b: Grok-cycle|20/100|[from] item: Life Orb\n|\n|win|Rg89\n|raw|Rg89's rating: 1294 &rarr; <strong>1325</strong><br />(+31 for winning)\n|raw|blackred123's rating: 1380 &rarr; <strong>1355</strong><br />(-25 for losing)\n|l|\u2606Rg89\n|player|p1|\n","uploadtime":1774278441,"views":11,"formatid":"gen9vgc2026regi","rating":1325,"private":0,"password":null}