{"id":"gen9vgc2026regi-2567368363","format":"[Gen 9] VGC 2026 Reg I","players":["Strikermohamud","terafireflareblitz"],"log":"|j|\u2606Strikermohamud\n|j|\u2606terafireflareblitz\n|t:|1774470168\n|gametype|doubles\n|player|p1|Strikermohamud|2|1388\n|player|p2|terafireflareblitz|sycamore|1572\n|gen|9\n|tier|[Gen 9] VGC 2026 Reg I\n|rated|\n|rule|Species Clause: Limit one of each Pok\u00e9mon\n|rule|Item Clause: Limit 1 of each item\n|clearpoke\n|poke|p1|Calyrex-Shadow, L50|\n|poke|p1|Zamazenta-*, L50|\n|poke|p1|Chien-Pao, L50|\n|poke|p1|Dragonite, L50, M|\n|poke|p1|Amoonguss, L50, F|\n|poke|p1|Ogerpon-Cornerstone, L50, F|\n|poke|p2|Koraidon, L50|\n|poke|p2|Lunala, L50|\n|poke|p2|Indeedee-F, L50, F|\n|poke|p2|Flutter Mane, L50|\n|poke|p2|Volcarona, L50, F|\n|poke|p2|Ursaluna, L50, F|\n|teampreview|4\n|inactive|Battle timer is ON: inactive players will automatically lose when time's up. (requested by terafireflareblitz)\n|inactive|Strikermohamud has 60 seconds left.\nStrikermohamud has agreed to open team sheets.\n|\n|t:|1774470220\n|teamsize|p1|4\n|teamsize|p2|4\n|start\n|switch|p1a: Chien-Pao|Chien-Pao, L50|100/100\n|switch|p1b: Amoonguss|Amoonguss, L50, F|100/100\n|switch|p2a: Lunala|Lunala, L50, shiny|100/100\n|switch|p2b: Indeedee|Indeedee-F, L50, F|100/100\n|-ability|p1a: Chien-Pao|Sword of Ruin\n|-fieldstart|move: Psychic Terrain|[from] ability: Psychic Surge|[of] p2b: Indeedee\n|turn|1\n|\n|t:|1774470234\n|-terastallize|p1b: Amoonguss|Fire\n|move|p2b: Indeedee|Follow Me|p2b: Indeedee\n|-singleturn|p2b: Indeedee|move: Follow Me\n|move|p1a: Chien-Pao|Ice Spinner|p2b: Indeedee\n|-damage|p2b: Indeedee|59/100\n|-fieldend|move: Psychic Terrain\n|move|p2a: Lunala|Meteor Beam||[still]\n|-prepare|p2a: Lunala|Meteor Beam\n|-boost|p2a: Lunala|spa|1\n|-enditem|p2a: Lunala|Power Herb\n|-anim|p2a: Lunala|Meteor Beam|p1a: Chien-Pao|[miss]\n|-miss|p2a: Lunala|p1a: Chien-Pao\n|move|p1b: Amoonguss|Spore|p2b: Indeedee\n|-activate|p2b: Indeedee|item: Safety Goggles|Spore\n|\n|upkeep\n|turn|2\n|\n|t:|1774470251\n|move|p2b: Indeedee|Helping Hand|p2a: Lunala\n|-singleturn|p2a: Lunala|Helping Hand|[of] p2b: Indeedee\n|move|p1a: Chien-Pao|Ruination|p2b: Indeedee\n|-damage|p2b: Indeedee|30/100\n|move|p2a: Lunala|Moongeist Beam|p1b: Amoonguss\n|-damage|p1b: Amoonguss|0 fnt\n|faint|p1b: Amoonguss\n|\n|upkeep\n|\n|t:|1774470261\n|switch|p1b: Zamazenta|Zamazenta-Crowned, L50|100/100\n|-ability|p1b: Zamazenta|Dauntless Shield|boost\n|-boost|p1b: Zamazenta|def|1\n|turn|3\n|\n|t:|1774470269\n|switch|p2b: Volcarona|Volcarona, L50, F|100/100\n|-terastallize|p2a: Lunala|Water\n|move|p1a: Chien-Pao|Ice Spinner|p2b: Volcarona\n|-resisted|p2b: Volcarona\n|-damage|p2b: Volcarona|81/100\n|-damage|p1a: Chien-Pao|84/100|[from] item: Rocky Helmet|[of] p2b: Volcarona\n|move|p1b: Zamazenta|Behemoth Bash|p2a: Lunala\n|-resisted|p2a: Lunala\n|-damage|p2a: Lunala|90/100\n|move|p2a: Lunala|Moongeist Beam|p1b: Zamazenta\n|-damage|p1b: Zamazenta|44/100\n|\n|upkeep\n|turn|4\n|\n|t:|1774470278\n|move|p1a: Chien-Pao|Ruination|p2a: Lunala\n|-damage|p2a: Lunala|46/100\n|move|p1b: Zamazenta|Body Press|p2a: Lunala\n|-damage|p2a: Lunala|0 fnt\n|faint|p2a: Lunala\n|move|p2b: Volcarona|Tailwind|p2b: Volcarona\n|-sidestart|p2: terafireflareblitz|move: Tailwind\n|\n|upkeep\n|\n|t:|1774470283\n|switch|p2a: Koraidon|Koraidon, L50, shiny|100/100\n|-weather|SunnyDay|[from] ability: Orichalcum Pulse|[of] p2a: Koraidon\n|-activate|p2a: Koraidon|Orichalcum Pulse|[source]\n|turn|5\n|\n|t:|1774470293\n|move|p1b: Zamazenta|Wide Guard|p1b: Zamazenta\n|-singleturn|p1b: Zamazenta|Wide Guard\n|move|p2b: Volcarona|Rage Powder|p2b: Volcarona\n|-singleturn|p2b: Volcarona|move: Rage Powder\n|move|p1a: Chien-Pao|Ice Shard|p2b: Volcarona\n|-resisted|p2b: Volcarona\n|-damage|p2b: Volcarona|70/100\n|move|p2a: Koraidon|Close Combat|p1b: Zamazenta\n|-supereffective|p1b: Zamazenta\n|-damage|p1b: Zamazenta|0 fnt\n|-unboost|p2a: Koraidon|def|1\n|-unboost|p2a: Koraidon|spd|1\n|faint|p1b: Zamazenta\n|-damage|p2a: Koraidon|91/100|[from] item: Life Orb\n|\n|-weather|SunnyDay|[upkeep]\n|upkeep\n|-message|Strikermohamud forfeited.\n|\n|win|terafireflareblitz\n|raw|Strikermohamud's rating: 1388 &rarr; <strong>1378</strong><br />(-10 for losing)\n|raw|terafireflareblitz's rating: 1572 &rarr; <strong>1582</strong><br />(+10 for winning)\n","uploadtime":1774470170,"views":19,"formatid":"gen9vgc2026regi","rating":1378,"private":0,"password":null}