{"id":"gen9vgc2026regi-2569466757","format":"[Gen 9] VGC 2026 Reg I","players":["dimthesimvgc","SnorlaxPikachu1"],"log":"|j|\u2606dimthesimvgc\n|j|\u2606SnorlaxPikachu1\n|t:|1774699684\n|gametype|doubles\n|player|p1|dimthesimvgc|#smogonxnpa2025draftee2|\n|player|p2|SnorlaxPikachu1|palmer|\n|gen|9\n|tier|[Gen 9] VGC 2026 Reg I\n|rated|Tournament battle\n|rule|Species Clause: Limit one of each Pok\u00e9mon\n|rule|Item Clause: Limit 1 of each item\n|raw|<div class=\"infobox\"><details class=\"readmore\" open><summary><strong>3 custom rules:</strong></summary> Open Team Sheets, Force Open Team Sheets, !Open Team Sheets</details></div>\n|clearpoke\n|poke|p1|Calyrex-Shadow, L50|\n|poke|p1|Clefairy, L50, M|\n|poke|p1|Incineroar, L50, M|\n|poke|p1|Ho-Oh, L50|\n|poke|p1|Rillaboom, L50, F|\n|poke|p1|Grimmsnarl, L50, M|\n|poke|p2|Weezing-Galar, L50, F|\n|poke|p2|Koraidon, L50|\n|poke|p2|Calyrex-Ice, L50|\n|poke|p2|Flutter Mane, L50|\n|poke|p2|Raging Bolt, L50|\n|poke|p2|Brute Bonnet, L50|\n|teampreview|4\n|showteam|p1|Calyrex-Shadow||CovertCloak|AsOneSpectrier|AstralBarrage,DrainingKiss,NastyPlot,Protect||||||50|,,,,,Fairy]Clefairy||Eviolite|FriendGuard|FollowMe,HelpingHand,LifeDew,Protect|||M|||50|,,,,,Water]Incineroar||SafetyGoggles|Intimidate|FakeOut,KnockOff,PartingShot,Taunt|||M|||50|,,,,,Water]Ho-Oh||ClearAmulet|Regenerator|SacredFire,BraveBird,Tailwind,Protect||||||50|,,,,,Grass]Rillaboom||AssaultVest|GrassySurge|WoodHammer,GrassyGlide,FakeOut,Uturn|||F|||50|,,,,,Fire]Grimmsnarl||LightClay|Prankster|SpiritBreak,Reflect,LightScreen,ThunderWave|||M|||50|,,,,,Ghost\n|showteam|p2|Weezing-Galar||SitrusBerry|NeutralizingGas|Taunt,WillOWisp,StrangeSteam,Protect|||F|||50|,,,,,Water]Koraidon||AbilityShield|OrichalcumPulse|LowKick,FlareBlitz,FlameCharge,Protect||||||50|,,,,,Fire]Calyrex-Ice||NeverMeltIce|AsOneGlastrier|GlacialLance,HighHorsepower,TrickRoom,Protect||||||50|,,,,,Fairy]Flutter Mane||FocusSash|Protosynthesis|Moonblast,ShadowBall,IcyWind,Protect||||||50|,,,,,Normal]Raging Bolt||AssaultVest|Protosynthesis|Thunderclap,Thunderbolt,DracoMeteor,Snarl||||||50|,,,,,Electric]Brute Bonnet||CovertCloak|Protosynthesis|Spore,RagePowder,SuckerPunch,SeedBomb||||||50|,,,,,Water\n|inactive|Battle timer is ON: inactive players will automatically lose when time's up. (requested by dimthesimvgc)\n|c|\u2606SnorlaxPikachu1|glhf\n|j| Boundyn\n|c|\u2606dimthesimvgc|glhf\n|inactive|dimthesimvgc has 60 seconds left.\n|inactive|SnorlaxPikachu1 has 60 seconds left.\n|\n|t:|1774699720\n|teamsize|p1|4\n|teamsize|p2|4\n|start\n|switch|p1a: Incineroar|Incineroar, L50, M|100/100\n|switch|p1b: Grimmsnarl|Grimmsnarl, L50, M|100/100\n|switch|p2a: Weezing|Weezing-Galar, L50, F|100/100\n|switch|p2b: Koraidon|Koraidon, L50|100/100\n|-ability|p2a: Weezing|Neutralizing Gas\n|-block|p2b: Koraidon|item: Ability Shield\n|-weather|SunnyDay|[from] ability: Orichalcum Pulse|[of] p2b: Koraidon\n|-activate|p2b: Koraidon|Orichalcum Pulse|[source]\n|turn|1\n|\n|t:|1774699736\n|-terastallize|p2b: Koraidon|Fire\n|move|p1a: Incineroar|Fake Out|p2a: Weezing\n|-damage|p2a: Weezing|92/100\n|move|p2b: Koraidon|Flame Charge|p1b: Grimmsnarl\n|-damage|p1b: Grimmsnarl|29/100\n|-boost|p2b: Koraidon|spe|1\n|cant|p2a: Weezing|flinch\n|move|p1b: Grimmsnarl|Reflect|p1b: Grimmsnarl\n|-sidestart|p1: dimthesimvgc|Reflect\n|\n|-weather|SunnyDay|[upkeep]\n|upkeep\n|turn|2\n|\n|t:|1774699755\n|move|p2b: Koraidon|Flame Charge|p1b: Grimmsnarl\n|-crit|p1b: Grimmsnarl\n|-damage|p1b: Grimmsnarl|0 fnt\n|-boost|p2b: Koraidon|spe|1\n|faint|p1b: Grimmsnarl\n|move|p2a: Weezing|Taunt|p1a: Incineroar\n|-start|p1a: Incineroar|move: Taunt\n|cant|p1a: Incineroar|move: Taunt|Parting Shot\n|\n|-weather|SunnyDay|[upkeep]\n|upkeep\n|\n|t:|1774699763\n|switch|p1b: Calyrex|Calyrex-Shadow, L50|100/100\n|-ability|p1b: Calyrex|As One\n|-ability|p1b: Calyrex|Unnerve\n|turn|3\n|\n|t:|1774699771\n|switch|p1a: Clefairy|Clefairy, L50, M|100/100\n|move|p2b: Koraidon|Flare Blitz|p1b: Calyrex\n|-damage|p1b: Calyrex|22/100\n|-damage|p2b: Koraidon|74/100|[from] Recoil\n|move|p1b: Calyrex|Nasty Plot|p1b: Calyrex\n|-boost|p1b: Calyrex|spa|2\n|move|p2a: Weezing|Taunt|p1a: Clefairy\n|-start|p1a: Clefairy|move: Taunt\n|\n|-weather|SunnyDay|[upkeep]\n|upkeep\n|turn|4\n|\n|t:|1774699791\n|switch|p1a: Incineroar|Incineroar, L50, M|100/100\n|move|p1b: Calyrex|Protect|p1b: Calyrex\n|-singleturn|p1b: Calyrex|Protect\n|move|p2b: Koraidon|Flare Blitz|p1b: Calyrex\n|-activate|p1b: Calyrex|move: Protect\n|move|p2a: Weezing|Strange Steam|p1a: Incineroar\n|-damage|p1a: Incineroar|78/100\n|\n|-weather|SunnyDay|[upkeep]\n|upkeep\n|turn|5\n|\n|t:|1774699803\n|-terastallize|p1b: Calyrex|Fairy\n|move|p2b: Koraidon|Protect|p2b: Koraidon\n|-singleturn|p2b: Koraidon|Protect\n|move|p1a: Incineroar|Fake Out|p2b: Koraidon\n|-activate|p2b: Koraidon|move: Protect\n|move|p1b: Calyrex|Draining Kiss|p1a: Incineroar\n|-damage|p1a: Incineroar|14/100\n|-heal|p1b: Calyrex|68/100|[from] drain|[of] p1a: Incineroar\n|move|p2a: Weezing|Strange Steam|p1b: Calyrex\n|-damage|p1b: Calyrex|45/100\n|\n|-weather|none\n|upkeep\n|turn|6\n|inactive|dimthesimvgc has 30 seconds left.\n|\n|t:|1774699831\n|move|p1b: Calyrex|Protect|p1b: Calyrex\n|-singleturn|p1b: Calyrex|Protect\n|move|p2b: Koraidon|Flare Blitz|p1b: Calyrex\n|-activate|p1b: Calyrex|move: Protect\n|move|p2a: Weezing|Taunt|p1a: Incineroar\n|-start|p1a: Incineroar|move: Taunt\n|move|p1a: Incineroar|Knock Off|p2b: Koraidon\n|-damage|p2b: Koraidon|47/100\n|-enditem|p2b: Koraidon|Ability Shield|[from] move: Knock Off|[of] p1a: Incineroar\n|\n|upkeep\n|turn|7\n|\n|t:|1774699843\n|switch|p1b: Clefairy|Clefairy, L50, M|100/100\n|move|p2b: Koraidon|Flare Blitz|p1b: Clefairy\n|-damage|p1b: Clefairy|69/100\n|-status|p1b: Clefairy|brn\n|-damage|p2b: Koraidon|38/100|[from] Recoil\n|move|p2a: Weezing|Taunt||[still]\n|-fail|p2a: Weezing\n|move|p1a: Incineroar|Knock Off|p2b: Koraidon\n|-damage|p2b: Koraidon|18/100\n|\n|-damage|p1b: Clefairy|63/100 brn|[from] brn\n|upkeep\n|turn|8\n|\n|t:|1774699864\n|move|p1b: Clefairy|Protect|p1b: Clefairy\n|-singleturn|p1b: Clefairy|Protect\n|move|p2b: Koraidon|Flare Blitz|p1a: Incineroar\n|-resisted|p1a: Incineroar\n|-damage|p1a: Incineroar|0 fnt\n|faint|p1a: Incineroar\n|-damage|p2b: Koraidon|14/100|[from] Recoil\n|move|p2a: Weezing|Strange Steam|p1b: Clefairy\n|-activate|p1b: Clefairy|move: Protect\n|\n|-damage|p1b: Clefairy|56/100 brn|[from] brn\n|-sideend|p1: dimthesimvgc|Reflect\n|upkeep\n|\n|t:|1774699875\n|switch|p1a: Calyrex|Calyrex-Shadow, L50, tera:Fairy|45/100\n|-ability|p1a: Calyrex|As One\n|-ability|p1a: Calyrex|Unnerve\n|turn|9\n|\n|t:|1774699883\n|move|p1b: Clefairy|Helping Hand|p1a: Calyrex\n|-singleturn|p1a: Calyrex|Helping Hand|[of] p1b: Clefairy\n|move|p2b: Koraidon|Protect|p2b: Koraidon\n|-singleturn|p2b: Koraidon|Protect\n|move|p1a: Calyrex|Astral Barrage|p2a: Weezing|[spread] p2a\n|-activate|p2b: Koraidon|move: Protect\n|-damage|p2a: Weezing|2/100\n|move|p2a: Weezing|Taunt|p1b: Clefairy\n|-start|p1b: Clefairy|move: Taunt\n|\n|-damage|p1b: Clefairy|50/100 brn|[from] brn\n|upkeep\n|turn|10\n|\n|t:|1774699897\n|move|p1a: Calyrex|Protect|p1a: Calyrex\n|-singleturn|p1a: Calyrex|Protect\n|move|p2b: Koraidon|Flare Blitz|p1a: Calyrex\n|-activate|p1a: Calyrex|move: Protect\n|move|p2a: Weezing|Strange Steam|p1b: Clefairy\n|-damage|p1b: Clefairy|24/100 brn\n|-activate|p1b: Clefairy|move: Struggle\n|move|p1b: Clefairy|Struggle|p2b: Koraidon\n|-damage|p2b: Koraidon|12/100\n|-damage|p1b: Clefairy|0 fnt|[from] recoil\n|faint|p1b: Clefairy\n|\n|upkeep\n|turn|11\n|-message|dimthesimvgc forfeited.\n|\n|win|SnorlaxPikachu1\n|n|\u2606dimthesimvgc|dimthesimvgc\n|n|\u2606SnorlaxPikachu1|snorlaxpikachu1\n|n| Boundyn|boundyn\n","uploadtime":1774699689,"views":18,"formatid":"gen9vgc2026regi","rating":null,"private":0,"password":null}