{"id":"gen9vgc2026regi-2564495252","format":"[Gen 9] VGC 2026 Reg I","players":["WrestlingDemon","itastelikeiron"],"log":"|j|\u2606WrestlingDemon\n|j|\u2606itastelikeiron\n|t:|1774152944\n|gametype|doubles\n|player|p1|WrestlingDemon|hiker-gen4|1363\n|player|p2|itastelikeiron|infielder|1393\n|gen|9\n|tier|[Gen 9] VGC 2026 Reg I\n|rated|\n|rule|Species Clause: Limit one of each Pok\u00e9mon\n|rule|Item Clause: Limit 1 of each item\n|clearpoke\n|poke|p1|Zamazenta-*, L50|\n|poke|p1|Calyrex-Shadow, L50|\n|poke|p1|Clefairy, L50, M|\n|poke|p1|Incineroar, L50, F|\n|poke|p1|Rillaboom, L50, M|\n|poke|p1|Grimmsnarl, L50, M|\n|poke|p2|Incineroar, L50, F|\n|poke|p2|Kyogre, L50|\n|poke|p2|Jumpluff, L50, M|\n|poke|p2|Groudon, L50|\n|poke|p2|Raging Bolt, L50|\n|poke|p2|Flutter Mane, L50|\n|teampreview|4\n|\n|t:|1774152971\n|teamsize|p1|4\n|teamsize|p2|4\n|start\n|switch|p1a: Rillaboom|Rillaboom, L50, M|100/100\n|switch|p1b: Grimmsnarl|Grimmsnarl, L50, M|100/100\n|switch|p2a: Jumpluff|Jumpluff, L50, M|100/100\n|switch|p2b: Groudon|Groudon, L50|100/100\n|-fieldstart|move: Grassy Terrain|[from] ability: Grassy Surge|[of] p1a: Rillaboom\n|-weather|SunnyDay|[from] ability: Drought|[of] p2b: Groudon\n|turn|1\n|\n|t:|1774152984\n|move|p1b: Grimmsnarl|Reflect|p1b: Grimmsnarl\n|-sidestart|p1: WrestlingDemon|Reflect\n|move|p2a: Jumpluff|Sleep Powder|p1b: Grimmsnarl\n|-status|p1b: Grimmsnarl|slp|[from] move: Sleep Powder\n|move|p1a: Rillaboom|U-turn|p2b: Groudon\n|-damage|p2b: Groudon|86/100\n|\n|t:|1774152994\n|switch|p1a: Calyrex|Calyrex-Shadow, L50|100/100|[from] U-turn\n|-ability|p1a: Calyrex|As One\n|-ability|p1a: Calyrex|Unnerve\n|move|p2b: Groudon|Heat Crash|p1a: Calyrex\n|-damage|p1a: Calyrex|49/100\n|\n|-weather|SunnyDay|[upkeep]\n|-heal|p1a: Calyrex|55/100|[from] Grassy Terrain\n|-heal|p2b: Groudon|92/100|[from] Grassy Terrain\n|upkeep\n|turn|2\n|inactive|Battle timer is ON: inactive players will automatically lose when time's up. (requested by WrestlingDemon)\n|\n|t:|1774153006\n|move|p1a: Calyrex|Protect|p1a: Calyrex\n|-singleturn|p1a: Calyrex|Protect\n|cant|p1b: Grimmsnarl|slp\n|move|p2a: Jumpluff|Sleep Powder|p1a: Calyrex\n|-activate|p1a: Calyrex|move: Protect\n|move|p2b: Groudon|Precipice Blades|p1a: Calyrex|[spread] p1b\n|-activate|p1a: Calyrex|move: Protect\n|-damage|p1b: Grimmsnarl|65/100 slp\n|\n|-weather|SunnyDay|[upkeep]\n|-heal|p1a: Calyrex|61/100|[from] Grassy Terrain\n|-heal|p2b: Groudon|98/100|[from] Grassy Terrain\n|-heal|p1b: Grimmsnarl|71/100 slp|[from] Grassy Terrain\n|upkeep\n|turn|3\n|\n|t:|1774153022\n|switch|p1a: Rillaboom|Rillaboom, L50, M|100/100\n|cant|p1b: Grimmsnarl|slp\n|move|p2a: Jumpluff|Encore||[still]\n|-fail|p2a: Jumpluff\n|move|p2b: Groudon|Precipice Blades|p1b: Grimmsnarl|[spread] p1a,p1b\n|-resisted|p1a: Rillaboom\n|-damage|p1a: Rillaboom|84/100\n|-damage|p1b: Grimmsnarl|37/100 slp\n|\n|-weather|SunnyDay|[upkeep]\n|-heal|p1a: Rillaboom|90/100|[from] Grassy Terrain\n|-heal|p2b: Groudon|100/100|[from] Grassy Terrain\n|-heal|p1b: Grimmsnarl|43/100 slp|[from] Grassy Terrain\n|upkeep\n|turn|4\n|\n|t:|1774153043\n|-terastallize|p2b: Groudon|Fire\n|cant|p1b: Grimmsnarl|slp\n|move|p2a: Jumpluff|Encore|p1b: Grimmsnarl\n|-start|p1b: Grimmsnarl|Encore\n|move|p1a: Rillaboom|Wood Hammer|p2b: Groudon\n|-resisted|p2b: Groudon\n|-damage|p2b: Groudon|76/100\n|-damage|p1a: Rillaboom|82/100|[from] Recoil\n|move|p2b: Groudon|Heat Crash|p1a: Rillaboom\n|-supereffective|p1a: Rillaboom\n|-damage|p1a: Rillaboom|0 fnt\n|faint|p1a: Rillaboom\n|\n|-weather|SunnyDay|[upkeep]\n|-heal|p2b: Groudon|82/100|[from] Grassy Terrain\n|-heal|p1b: Grimmsnarl|49/100 slp|[from] Grassy Terrain\n|upkeep\n|\n|t:|1774153053\n|switch|p1a: Calyrex|Calyrex-Shadow, L50|61/100\n|-ability|p1a: Calyrex|As One\n|-ability|p1a: Calyrex|Unnerve\n|turn|5\n|\n|t:|1774153057\n|move|p1a: Calyrex|Protect|p1a: Calyrex\n|-singleturn|p1a: Calyrex|Protect\n|-curestatus|p1b: Grimmsnarl|slp|[msg]\n|move|p1b: Grimmsnarl|Reflect||[still]\n|-fail|p1b: Grimmsnarl\n|move|p2a: Jumpluff|Tailwind|p2a: Jumpluff\n|-sidestart|p2: itastelikeiron|move: Tailwind\n|move|p2b: Groudon|Precipice Blades|p1b: Grimmsnarl|[spread] p1b\n|-activate|p1a: Calyrex|move: Protect\n|-damage|p1b: Grimmsnarl|17/100\n|\n|-weather|none\n|-heal|p2b: Groudon|88/100|[from] Grassy Terrain\n|-heal|p1a: Calyrex|68/100|[from] Grassy Terrain\n|-heal|p1b: Grimmsnarl|23/100|[from] Grassy Terrain\n|-fieldend|move: Grassy Terrain\n|upkeep\n|turn|6\n|\n|t:|1774153069\n|switch|p1b: Zamazenta|Zamazenta-Crowned, L50|100/100\n|-ability|p1b: Zamazenta|Dauntless Shield|boost\n|-boost|p1b: Zamazenta|def|1\n|move|p2a: Jumpluff|Encore|p1a: Calyrex\n|-start|p1a: Calyrex|Encore\n|move|p2b: Groudon|Precipice Blades|p1b: Zamazenta|[spread] p1a,p1b\n|-supereffective|p1b: Zamazenta\n|-crit|p1b: Zamazenta\n|-damage|p1a: Calyrex|26/100\n|-damage|p1b: Zamazenta|1/100\n|move|p1a: Calyrex|Protect||[still]\n|-fail|p1a: Calyrex\n|\n|upkeep\n|turn|7\n|-message|WrestlingDemon forfeited.\n|\n|win|itastelikeiron\n|raw|WrestlingDemon's rating: 1363 &rarr; <strong>1345</strong><br />(-18 for losing)\n|raw|itastelikeiron's rating: 1393 &rarr; <strong>1411</strong><br />(+18 for winning)\n|l|\u2606WrestlingDemon\n|player|p1|\n|l|\u2606itastelikeiron\n|player|p2|\n","uploadtime":1774153264,"views":11,"formatid":"gen9vgc2026regi","rating":1345,"private":0,"password":null}