{"id":"gen9vgc2026regi-2586737818","format":"[Gen 9] VGC 2026 Reg I","players":["jorge anglero","BenSon_A27_Zong"],"log":"|j|\u2606jorge anglero\n|j|\u2606BenSon_A27_Zong\n|t:|1776456011\n|gametype|doubles\n|player|p1|jorge anglero|265|1267\n|player|p2|BenSon_A27_Zong|bugsy|1166\n|gen|9\n|tier|[Gen 9] VGC 2026 Reg I\n|rated|\n|rule|Species Clause: Limit one of each Pok\u00e9mon\n|rule|Item Clause: Limit 1 of each item\n|clearpoke\n|poke|p1|Incineroar, L50, F|\n|poke|p1|Lunala, L50|\n|poke|p1|Lugia, L50|\n|poke|p1|Brute Bonnet, L50|\n|poke|p1|Landorus-Therian, L50, M|\n|poke|p1|Ursaluna, L50, F|\n|poke|p2|Muk-Alola, L50, F|\n|poke|p2|Dondozo, L50, F|\n|poke|p2|Grimmsnarl, L50, M|\n|poke|p2|Incineroar, L50, M|\n|poke|p2|Tatsugiri, L50, F|\n|poke|p2|Smeargle, L50, F|\n|teampreview|4\n|inactive|Battle timer is ON: inactive players will automatically lose when time's up. (requested by BenSon_A27_Zong)\n|inactive|jorge anglero has 60 seconds left.\n|\n|t:|1776456050\n|teamsize|p1|4\n|teamsize|p2|4\n|start\n|switch|p1a: Lugia|Lugia, L50, shiny|100/100\n|switch|p1b: Brute Bonnet|Brute Bonnet, L50|100/100\n|switch|p2a: Grimmsnarl|Grimmsnarl, L50, M|100/100\n|switch|p2b: Incineroar|Incineroar, L50, M|100/100\n|-ability|p2b: Incineroar|Intimidate|boost\n|-unboost|p1a: Lugia|atk|1\n|-unboost|p1b: Brute Bonnet|atk|1\n|turn|1\n|inactive|BenSon_A27_Zong has 30 seconds left.\n|\n|t:|1776456083\n|-terastallize|p1a: Lugia|Normal\n|move|p2b: Incineroar|Fake Out|p1b: Brute Bonnet\n|-damage|p1b: Brute Bonnet|92/100\n|move|p2a: Grimmsnarl|Light Screen|p2a: Grimmsnarl\n|-sidestart|p2: BenSon_A27_Zong|move: Light Screen\n|move|p1a: Lugia|Calm Mind|p1a: Lugia\n|-boost|p1a: Lugia|spa|1\n|-boost|p1a: Lugia|spd|1\n|cant|p1b: Brute Bonnet|flinch\n|\n|upkeep\n|turn|2\n|\n|t:|1776456100\n|move|p2a: Grimmsnarl|Reflect|p2a: Grimmsnarl\n|-sidestart|p2: BenSon_A27_Zong|Reflect\n|move|p1a: Lugia|Calm Mind|p1a: Lugia\n|-boost|p1a: Lugia|spa|1\n|-boost|p1a: Lugia|spd|1\n|move|p1b: Brute Bonnet|Spore|p2a: Grimmsnarl\n|-status|p2a: Grimmsnarl|slp|[from] move: Spore\n|move|p2b: Incineroar|Roar|p1b: Brute Bonnet\n|-end|p1b: Brute Bonnet|Protosynthesis|[silent]\n|drag|p1b: Ursaluna|Ursaluna, L50, F, shiny|100/100\n|\n|-status|p1b: Ursaluna|brn|[from] item: Flame Orb\n|upkeep\n|turn|3\n|inactive|jorge anglero has 30 seconds left.\n|\n|t:|1776456130\n|switch|p2a: Smeargle|Smeargle, L50, F|100/100\n|move|p1a: Lugia|Aeroblast|p2b: Incineroar\n|-damage|p2b: Incineroar|73/100\n|move|p2b: Incineroar|Parting Shot|p1b: Ursaluna\n|-unboost|p1b: Ursaluna|atk|1\n|-unboost|p1b: Ursaluna|spa|1\n|\n|t:|1776456137\n|switch|p2b: Grimmsnarl|Grimmsnarl, L50, M|100/100 slp|[from] Parting Shot\n|move|p1b: Ursaluna|Facade|p2b: Grimmsnarl\n|-damage|p2b: Grimmsnarl|30/100 slp\n|\n|-damage|p1b: Ursaluna|95/100 brn|[from] brn\n|-ability|p2a: Smeargle|Moody|boost\n|-boost|p2a: Smeargle|def|2\n|-unboost|p2a: Smeargle|spe|1\n|upkeep\n|turn|4\n|inactive|jorge anglero has 30 seconds left.\n|inactive|jorge anglero has 20 seconds left.\n|\n|t:|1776456174\n|switch|p2a: Incineroar|Incineroar, L50, M|73/100\n|-ability|p2a: Incineroar|Intimidate|boost\n|-unboost|p1a: Lugia|atk|1\n|-unboost|p1b: Ursaluna|atk|1\n|cant|p2b: Grimmsnarl|slp\n|move|p1a: Lugia|Aeroblast|p2a: Incineroar\n|-crit|p2a: Incineroar\n|-damage|p2a: Incineroar|9/100\n|-enditem|p2a: Incineroar|Sitrus Berry|[eat]\n|-heal|p2a: Incineroar|34/100|[from] item: Sitrus Berry\n|move|p1b: Ursaluna|Fire Punch|p2a: Incineroar\n|-resisted|p2a: Incineroar\n|-crit|p2a: Incineroar\n|-damage|p2a: Incineroar|1/100\n|\n|-damage|p1b: Ursaluna|89/100 brn|[from] brn\n|upkeep\n|turn|5\n|\n|t:|1776456198\n|switch|p2b: Smeargle|Smeargle, L50, F|100/100\n|move|p2a: Incineroar|Fake Out|p1b: Ursaluna\n|-damage|p1b: Ursaluna|81/100 brn\n|move|p1a: Lugia|Aeroblast|p2a: Incineroar|[miss]\n|-miss|p1a: Lugia|p2a: Incineroar\n|cant|p1b: Ursaluna|flinch\n|\n|-damage|p1b: Ursaluna|75/100 brn|[from] brn\n|-ability|p2b: Smeargle|Moody|boost\n|-boost|p2b: Smeargle|atk|2\n|-unboost|p2b: Smeargle|spd|1\n|upkeep\n|turn|6\n|\n|t:|1776456214\n|switch|p1b: Brute Bonnet|Brute Bonnet, L50|92/100\n|move|p1a: Lugia|Aeroblast|p2a: Incineroar\n|-damage|p2a: Incineroar|0 fnt\n|faint|p2a: Incineroar\n|move|p2b: Smeargle|Spore|p1a: Lugia\n|-status|p1a: Lugia|slp|[from] move: Spore\n|\n|-ability|p2b: Smeargle|Moody|boost\n|-boost|p2b: Smeargle|spd|2\n|-unboost|p2b: Smeargle|def|1\n|upkeep\n|\n|t:|1776456218\n|switch|p2a: Muk|Muk-Alola, L50, F|100/100\n|turn|7\n|\n|t:|1776456233\n|move|p2a: Muk|Protect|p2a: Muk\n|-singleturn|p2a: Muk|Protect\n|cant|p1a: Lugia|slp\n|move|p2b: Smeargle|Minimize|p2b: Smeargle\n|-boost|p2b: Smeargle|evasion|2\n|move|p1b: Brute Bonnet|Spore|p2a: Muk\n|-activate|p2a: Muk|move: Protect\n|\n|-ability|p2b: Smeargle|Moody|boost\n|-boost|p2b: Smeargle|def|2\n|-unboost|p2b: Smeargle|spa|1\n|upkeep\n|turn|8\n|\n|t:|1776456243\n|move|p2b: Smeargle|Follow Me|p2b: Smeargle\n|-singleturn|p2b: Smeargle|move: Follow Me\n|cant|p1a: Lugia|slp\n|move|p1b: Brute Bonnet|Spore|p2b: Smeargle|[miss]\n|-miss|p1b: Brute Bonnet|p2b: Smeargle\n|move|p2a: Muk|Minimize|p2a: Muk\n|-boost|p2a: Muk|evasion|2\n|\n|-sideend|p2: BenSon_A27_Zong|move: Light Screen\n|-ability|p2b: Smeargle|Moody|boost\n|-boost|p2b: Smeargle|def|2\n|-unboost|p2b: Smeargle|spd|1\n|upkeep\n|turn|9\n|\n|t:|1776456258\n|-curestatus|p1a: Lugia|slp|[msg]\n|move|p1a: Lugia|Aeroblast|p2a: Muk\n|-damage|p2a: Muk|50/100\n|move|p2b: Smeargle|Minimize|p2b: Smeargle\n|-boost|p2b: Smeargle|evasion|2\n|move|p1b: Brute Bonnet|Spore|p2a: Muk\n|-status|p2a: Muk|slp|[from] move: Spore\n|cant|p2a: Muk|slp\n|\n|-heal|p2a: Muk|57/100 slp|[from] item: Leftovers\n|-sideend|p2: BenSon_A27_Zong|Reflect\n|-ability|p2b: Smeargle|Moody|boost\n|-boost|p2b: Smeargle|spe|2\n|-unboost|p2b: Smeargle|spd|1\n|upkeep\n|turn|10\n|\n|t:|1776456277\n|move|p1b: Brute Bonnet|Sucker Punch||[still]\n|-fail|p1b: Brute Bonnet\n|move|p2b: Smeargle|Spore|p1a: Lugia\n|-status|p1a: Lugia|slp|[from] move: Spore\n|cant|p1a: Lugia|slp\n|-curestatus|p2a: Muk|slp|[msg]\n|move|p2a: Muk|Minimize|p2a: Muk\n|-boost|p2a: Muk|evasion|2\n|\n|-heal|p2a: Muk|63/100|[from] item: Leftovers\n|-ability|p2b: Smeargle|Moody|boost\n|-boost|p2b: Smeargle|spd|2\n|-unboost|p2b: Smeargle|atk|1\n|upkeep\n|turn|11\n|\n|t:|1776456292\n|move|p2b: Smeargle|Minimize|p2b: Smeargle\n|-boost|p2b: Smeargle|evasion|2\n|cant|p1a: Lugia|slp\n|move|p1b: Brute Bonnet|Spore|p2a: Muk\n|-status|p2a: Muk|slp|[from] move: Spore\n|cant|p2a: Muk|slp\n|\n|-heal|p2a: Muk|69/100 slp|[from] item: Leftovers\n|-ability|p2b: Smeargle|Moody|boost\n|-boost|p2b: Smeargle|atk|2\n|-unboost|p2b: Smeargle|def|1\n|upkeep\n|turn|12\n|\n|t:|1776456305\n|move|p2b: Smeargle|Minimize|p2b: Smeargle\n|-boost|p2b: Smeargle|evasion|0\n|-curestatus|p1a: Lugia|slp|[msg]\n|move|p1a: Lugia|Aeroblast|p2a: Muk\n|-damage|p2a: Muk|24/100 slp\n|move|p1b: Brute Bonnet|Spore|p2b: Smeargle|[miss]\n|-miss|p1b: Brute Bonnet|p2b: Smeargle\n|cant|p2a: Muk|slp\n|\n|-heal|p2a: Muk|30/100 slp|[from] item: Leftovers\n|-ability|p2b: Smeargle|Moody|boost\n|-boost|p2b: Smeargle|def|2\n|-unboost|p2b: Smeargle|atk|1\n|upkeep\n|turn|13\n|\n|t:|1776456318\n|move|p2b: Smeargle|Follow Me|p2b: Smeargle\n|-singleturn|p2b: Smeargle|move: Follow Me\n|move|p1a: Lugia|Aeroblast|p2b: Smeargle|[miss]\n|-miss|p1a: Lugia|p2b: Smeargle\n|move|p1b: Brute Bonnet|Spore|p2b: Smeargle\n|-status|p2b: Smeargle|slp|[from] move: Spore\n|cant|p2a: Muk|slp\n|\n|-heal|p2a: Muk|36/100 slp|[from] item: Leftovers\n|-ability|p2b: Smeargle|Moody|boost\n|-boost|p2b: Smeargle|spd|2\n|-unboost|p2b: Smeargle|atk|1\n|upkeep\n|turn|14\n|\n|t:|1776456338\n|cant|p2b: Smeargle|slp\n|move|p1a: Lugia|Aeroblast|p2a: Muk|[miss]\n|-miss|p1a: Lugia|p2a: Muk\n|move|p1b: Brute Bonnet|Substitute|p1b: Brute Bonnet\n|-start|p1b: Brute Bonnet|Substitute\n|-damage|p1b: Brute Bonnet|68/100\n|-curestatus|p2a: Muk|slp|[msg]\n|move|p2a: Muk|Rest|p2a: Muk\n|-status|p2a: Muk|slp|[from] move: Rest\n|-heal|p2a: Muk|100/100 slp|[silent]\n|\n|-ability|p2b: Smeargle|Moody|boost\n|-boost|p2b: Smeargle|spd|2\n|-unboost|p2b: Smeargle|spe|1\n|upkeep\n|turn|15\n|\n|t:|1776456353\n|cant|p2b: Smeargle|slp\n|move|p1a: Lugia|Dragon Pulse|p2a: Muk|[miss]\n|-miss|p1a: Lugia|p2a: Muk\n|move|p1b: Brute Bonnet|Spore|p2a: Muk|[miss]\n|-miss|p1b: Brute Bonnet|p2a: Muk\n|cant|p2a: Muk|slp\n|\n|-ability|p2b: Smeargle|Moody|boost\n|-boost|p2b: Smeargle|spa|2\n|-unboost|p2b: Smeargle|atk|1\n|upkeep\n|turn|16\n|\n|t:|1776456365\n|-curestatus|p2b: Smeargle|slp|[msg]\n|move|p2b: Smeargle|Follow Me|p2b: Smeargle\n|-singleturn|p2b: Smeargle|move: Follow Me\n|move|p1b: Brute Bonnet|Sucker Punch||[still]\n|-fail|p1b: Brute Bonnet\n|move|p1a: Lugia|Dragon Pulse|p2b: Smeargle|[miss]\n|-miss|p1a: Lugia|p2b: Smeargle\n|cant|p2a: Muk|slp\n|\n|-ability|p2b: Smeargle|Moody|boost\n|-boost|p2b: Smeargle|def|2\n|-unboost|p2b: Smeargle|spe|1\n|upkeep\n|turn|17\n|\n|t:|1776456382\n|move|p2b: Smeargle|Follow Me|p2b: Smeargle\n|-singleturn|p2b: Smeargle|move: Follow Me\n|move|p1b: Brute Bonnet|Sucker Punch||[still]\n|-fail|p1b: Brute Bonnet\n|move|p1a: Lugia|Dragon Pulse|p2b: Smeargle|[miss]\n|-miss|p1a: Lugia|p2b: Smeargle\n|-curestatus|p2a: Muk|slp|[msg]\n|move|p2a: Muk|Minimize|p2a: Muk\n|-boost|p2a: Muk|evasion|2\n|\n|-ability|p2b: Smeargle|Moody|boost\n|-boost|p2b: Smeargle|atk|2\n|-unboost|p2b: Smeargle|def|1\n|upkeep\n|turn|18\n|\n|t:|1776456397\n|move|p2b: Smeargle|Follow Me|p2b: Smeargle\n|-singleturn|p2b: Smeargle|move: Follow Me\n|move|p1a: Lugia|Dragon Pulse|p2b: Smeargle|[miss]\n|-miss|p1a: Lugia|p2b: Smeargle\n|move|p1b: Brute Bonnet|Spore|p2b: Smeargle|[miss]\n|-miss|p1b: Brute Bonnet|p2b: Smeargle\n|move|p2a: Muk|Poison Jab|p1b: Brute Bonnet\n|-supereffective|p1b: Brute Bonnet\n|-end|p1b: Brute Bonnet|Substitute\n|\n|-ability|p2b: Smeargle|Moody|boost\n|-boost|p2b: Smeargle|def|1\n|-unboost|p2b: Smeargle|spd|1\n|upkeep\n|turn|19\n|\n|t:|1776456406\n|move|p1a: Lugia|Dragon Pulse|p2b: Smeargle|[miss]\n|-miss|p1a: Lugia|p2b: Smeargle\n|move|p2b: Smeargle|Spore|p1a: Lugia\n|-status|p1a: Lugia|slp|[from] move: Spore\n|move|p1b: Brute Bonnet|Spore|p2b: Smeargle\n|-status|p2b: Smeargle|slp|[from] move: Spore\n|move|p2a: Muk|Poison Jab|p1b: Brute Bonnet\n|-supereffective|p1b: Brute Bonnet\n|-damage|p1b: Brute Bonnet|22/100\n|\n|-ability|p2b: Smeargle|Moody|boost\n|-boost|p2b: Smeargle|atk|2\n|-unboost|p2b: Smeargle|def|1\n|upkeep\n|turn|20\n|\n|t:|1776456430\n|switch|p1a: Ursaluna|Ursaluna, L50, F, shiny|75/100 brn\n|cant|p2b: Smeargle|slp\n|move|p1b: Brute Bonnet|Spore|p2a: Muk\n|-status|p2a: Muk|slp|[from] move: Spore\n|cant|p2a: Muk|slp\n|\n|-damage|p1a: Ursaluna|69/100 brn|[from] brn\n|-ability|p2b: Smeargle|Moody|boost\n|-boost|p2b: Smeargle|spe|2\n|-unboost|p2b: Smeargle|atk|1\n|upkeep\n|turn|21\n|\n|t:|1776456454\n|-end|p1b: Brute Bonnet|Protosynthesis|[silent]\n|switch|p1b: Landorus|Landorus-Therian, L50, M, shiny|100/100\n|-ability|p1b: Landorus|Intimidate|boost\n|-unboost|p2a: Muk|atk|1\n|-unboost|p2b: Smeargle|atk|1\n|-terastallize|p2a: Muk|Water\n|cant|p2b: Smeargle|slp\n|cant|p2a: Muk|slp\n|move|p1a: Ursaluna|Facade|p2a: Muk|[miss]\n|-miss|p1a: Ursaluna|p2a: Muk\n|\n|-damage|p1a: Ursaluna|63/100 brn|[from] brn\n|-ability|p2b: Smeargle|Moody|boost\n|-boost|p2b: Smeargle|spa|2\n|-unboost|p2b: Smeargle|spd|1\n|upkeep\n|turn|22\n|\n|t:|1776456475\n|-curestatus|p2b: Smeargle|slp|[msg]\n|move|p2b: Smeargle|Follow Me|p2b: Smeargle\n|-singleturn|p2b: Smeargle|move: Follow Me\n|move|p1b: Landorus|U-turn|p2b: Smeargle\n|-damage|p2b: Smeargle|80/100\n|\n|t:|1776456481\n|switch|p1b: Brute Bonnet|Brute Bonnet, L50|22/100|[from] U-turn\n|-curestatus|p2a: Muk|slp|[msg]\n|move|p2a: Muk|Poison Jab|p1a: Ursaluna\n|-resisted|p1a: Ursaluna\n|-damage|p1a: Ursaluna|56/100 brn\n|move|p1a: Ursaluna|Facade|p2b: Smeargle|[miss]\n|-miss|p1a: Ursaluna|p2b: Smeargle\n|\n|-damage|p1a: Ursaluna|50/100 brn|[from] brn\n|-ability|p2b: Smeargle|Moody|boost\n|-boost|p2b: Smeargle|spd|2\n|-unboost|p2b: Smeargle|spa|1\n|upkeep\n|turn|23\n|\n|t:|1776456492\n|move|p2b: Smeargle|Follow Me|p2b: Smeargle\n|-singleturn|p2b: Smeargle|move: Follow Me\n|move|p1b: Brute Bonnet|Spore|p2b: Smeargle|[miss]\n|-miss|p1b: Brute Bonnet|p2b: Smeargle\n|move|p2a: Muk|Poison Jab|p1b: Brute Bonnet\n|-supereffective|p1b: Brute Bonnet\n|-crit|p1b: Brute Bonnet\n|-damage|p1b: Brute Bonnet|0 fnt\n|faint|p1b: Brute Bonnet\n|-end|p1b: Brute Bonnet|Protosynthesis|[silent]\n|move|p1a: Ursaluna|Facade|p2b: Smeargle|[miss]\n|-miss|p1a: Ursaluna|p2b: Smeargle\n|\n|-damage|p1a: Ursaluna|44/100 brn|[from] brn\n|-ability|p2b: Smeargle|Moody|boost\n|-boost|p2b: Smeargle|def|1\n|-unboost|p2b: Smeargle|spd|1\n|upkeep\n|\n|t:|1776456504\n|switch|p1b: Lugia|Lugia, L50, shiny, tera:Normal|100/100 slp\n|turn|24\n|\n|t:|1776456511\n|move|p2b: Smeargle|Follow Me|p2b: Smeargle\n|-singleturn|p2b: Smeargle|move: Follow Me\n|cant|p1b: Lugia|slp\n|move|p2a: Muk|Poison Jab|p1a: Ursaluna\n|-resisted|p1a: Ursaluna\n|-damage|p1a: Ursaluna|37/100 brn\n|move|p1a: Ursaluna|Facade|p2b: Smeargle|[miss]\n|-miss|p1a: Ursaluna|p2b: Smeargle\n|\n|-damage|p1a: Ursaluna|31/100 brn|[from] brn\n|-ability|p2b: Smeargle|Moody|boost\n|-boost|p2b: Smeargle|spd|2\n|-unboost|p2b: Smeargle|spe|1\n|upkeep\n|turn|25\n|\n|t:|1776456521\n|move|p2b: Smeargle|Follow Me|p2b: Smeargle\n|-singleturn|p2b: Smeargle|move: Follow Me\n|cant|p1b: Lugia|slp\n|move|p2a: Muk|Poison Jab|p1a: Ursaluna\n|-resisted|p1a: Ursaluna\n|-damage|p1a: Ursaluna|24/100 brn\n|move|p1a: Ursaluna|Facade|p2b: Smeargle|[miss]\n|-miss|p1a: Ursaluna|p2b: Smeargle\n|\n|-damage|p1a: Ursaluna|18/100 brn|[from] brn\n|-ability|p2b: Smeargle|Moody|boost\n|-boost|p2b: Smeargle|spe|2\n|-unboost|p2b: Smeargle|spa|1\n|upkeep\n|turn|26\n|-message|jorge anglero forfeited.\n|\n|win|BenSon_A27_Zong\n|raw|jorge anglero's rating: 1267 &rarr; <strong>1235</strong><br />(-32 for losing)\n|raw|BenSon_A27_Zong's rating: 1166 &rarr; <strong>1198</strong><br />(+32 for winning)\n|l|\u2606jorge anglero\n|player|p1|\n|l|\u2606BenSon_A27_Zong\n|player|p2|\n","uploadtime":1776456700,"views":5,"formatid":"gen9vgc2026regi","rating":1198,"private":0,"password":null}