{"id":"gen9vgc2026regi-2540263579","format":"[Gen 9] VGC 2026 Reg I","players":["infinitygroudon","SEITA"],"log":"|j|\u2606infinitygroudon\n|j|\u2606SEITA\n|t:|1771182220\n|gametype|doubles\n|player|p1|infinitygroudon|101|1386\n|player|p2|SEITA|lucas-gen4pt|1530\n|gen|9\n|tier|[Gen 9] VGC 2026 Reg I\n|rated|\n|rule|Species Clause: Limit one of each Pok\u00e9mon\n|rule|Item Clause: Limit 1 of each item\n|clearpoke\n|poke|p1|Kyogre, L50|\n|poke|p1|Palkia-Origin, L50|\n|poke|p1|Farigiraf, L50, M|\n|poke|p1|Archaludon, L50, M|\n|poke|p1|Iron Jugulis, L50|\n|poke|p1|Raging Bolt, L50|\n|poke|p2|Zamazenta-*, L50|\n|poke|p2|Kyogre, L50|\n|poke|p2|Wo-Chien, L50|\n|poke|p2|Grimmsnarl, L50, M|\n|poke|p2|Rhyperior, L50, F|\n|poke|p2|Ditto, L50|\n|teampreview|4\n|\n|t:|1771182243\n|teamsize|p1|4\n|teamsize|p2|4\n|start\n|switch|p1a: Archibald|Archaludon, L50, M, shiny|100/100\n|switch|p1b: Piratebeard|Kyogre, L50|100/100\n|switch|p2a: Grimmsnarl|Grimmsnarl, L50, M|100/100\n|switch|p2b: Zamazenta|Zamazenta-Crowned, L50|100/100\n|-weather|RainDance|[from] ability: Drizzle|[of] p1b: Piratebeard\n|-ability|p2b: Zamazenta|Dauntless Shield|boost\n|-boost|p2b: Zamazenta|def|1\n|turn|1\n|\n|t:|1771182266\n|-terastallize|p2b: Zamazenta|Grass\n|-terastallize|p1a: Archibald|Fairy\n|move|p2a: Grimmsnarl|Light Screen|p2a: Grimmsnarl\n|-sidestart|p2: SEITA|move: Light Screen\n|move|p1b: Piratebeard|Water Spout|p2b: Zamazenta|[spread] p2a,p2b\n|-resisted|p2b: Zamazenta\n|-crit|p2b: Zamazenta\n|-damage|p2a: Grimmsnarl|30/100\n|-damage|p2b: Zamazenta|48/100\n|move|p2b: Zamazenta|Iron Defense|p2b: Zamazenta\n|-boost|p2b: Zamazenta|def|2\n|move|p1a: Archibald|Electro Shot||[still]\n|-prepare|p1a: Archibald|Electro Shot\n|-boost|p1a: Archibald|spa|1\n|-anim|p1a: Archibald|Electro Shot|p2b: Zamazenta\n|-resisted|p2b: Zamazenta\n|-damage|p2b: Zamazenta|34/100\n|\n|-weather|RainDance|[upkeep]\n|upkeep\n|turn|2\n|j| lunala fairy ghost\n|\n|t:|1771182299\n|move|p2a: Grimmsnarl|Parting Shot|p1b: Piratebeard\n|-unboost|p1b: Piratebeard|atk|1\n|-unboost|p1b: Piratebeard|spa|1\n|\n|t:|1771182303\n|switch|p2a: Kyogre|Kyogre, L50|100/100|[from] Parting Shot\n|move|p1b: Piratebeard|Water Spout|p2b: Zamazenta|[spread] p2a,p2b\n|-resisted|p2a: Kyogre\n|-resisted|p2b: Zamazenta\n|-damage|p2a: Kyogre|86/100\n|-damage|p2b: Zamazenta|19/100\n|move|p2b: Zamazenta|Heavy Slam|p1a: Archibald\n|-supereffective|p1a: Archibald\n|-damage|p1a: Archibald|31/100\n|-ability|p1a: Archibald|Stamina|boost\n|-boost|p1a: Archibald|def|1\n|move|p1a: Archibald|Electro Shot||[still]\n|-prepare|p1a: Archibald|Electro Shot\n|-boost|p1a: Archibald|spa|1\n|-anim|p1a: Archibald|Electro Shot|p2b: Zamazenta\n|-resisted|p2b: Zamazenta\n|-damage|p2b: Zamazenta|0 fnt\n|faint|p2b: Zamazenta\n|\n|-weather|RainDance|[upkeep]\n|-heal|p2a: Kyogre|92/100|[from] item: Leftovers\n|upkeep\n|\n|t:|1771182329\n|switch|p2b: Wo-Chien|Wo-Chien, L50|100/100\n|-ability|p2b: Wo-Chien|Tablets of Ruin\n|turn|3\n|l| lunala fairy ghost\n|\n|t:|1771182356\n|switch|p1b: Secretariat|Palkia-Origin, L50|100/100\n|-ability|p1b: Secretariat|Pressure\n|move|p2a: Kyogre|Protect|p2a: Kyogre\n|-singleturn|p2a: Kyogre|Protect\n|move|p2b: Wo-Chien|Leech Seed|p1a: Archibald\n|-start|p1a: Archibald|move: Leech Seed\n|move|p1a: Archibald|Electro Shot||[still]\n|-prepare|p1a: Archibald|Electro Shot\n|-boost|p1a: Archibald|spa|1\n|-anim|p1a: Archibald|Electro Shot|p2a: Kyogre\n|-activate|p2a: Kyogre|move: Protect\n|\n|-weather|RainDance|[upkeep]\n|-heal|p2a: Kyogre|98/100|[from] item: Leftovers\n|-damage|p1a: Archibald|19/100|[from] Leech Seed|[of] p2b: Wo-Chien\n|upkeep\n|turn|4\n|\n|t:|1771182380\n|move|p1b: Secretariat|Icy Wind|p2a: Kyogre|[spread] p2a,p2b\n|-resisted|p2a: Kyogre\n|-supereffective|p2b: Wo-Chien\n|-damage|p2a: Kyogre|95/100\n|-damage|p2b: Wo-Chien|88/100\n|-unboost|p2a: Kyogre|spe|1\n|-unboost|p2b: Wo-Chien|spe|1\n|move|p1a: Archibald|Electro Shot||[still]\n|-prepare|p1a: Archibald|Electro Shot\n|-boost|p1a: Archibald|spa|1\n|-anim|p1a: Archibald|Electro Shot|p2a: Kyogre\n|-supereffective|p2a: Kyogre\n|-damage|p2a: Kyogre|0 fnt\n|faint|p2a: Kyogre\n|move|p2b: Wo-Chien|Leech Seed|p1b: Secretariat\n|-start|p1b: Secretariat|move: Leech Seed\n|\n|-weather|RainDance|[upkeep]\n|-damage|p1b: Secretariat|88/100|[from] Leech Seed|[of] p2b: Wo-Chien\n|-heal|p2b: Wo-Chien|100/100|[silent]\n|-damage|p1a: Archibald|7/100|[from] Leech Seed|[of] p2b: Wo-Chien\n|upkeep\n|\n|t:|1771182398\n|switch|p2a: Grimmsnarl|Grimmsnarl, L50, M|30/100\n|turn|5\n|\n|t:|1771182425\n|move|p2a: Grimmsnarl|Parting Shot|p1b: Secretariat\n|-unboost|p1b: Secretariat|atk|1\n|-unboost|p1b: Secretariat|spa|1\n|move|p1b: Secretariat|Spacial Rend|p2b: Wo-Chien\n|-damage|p2b: Wo-Chien|80/100\n|move|p1a: Archibald|Electro Shot||[still]\n|-prepare|p1a: Archibald|Electro Shot\n|-boost|p1a: Archibald|spa|1\n|-anim|p1a: Archibald|Electro Shot|p2a: Grimmsnarl\n|-damage|p2a: Grimmsnarl|0 fnt\n|faint|p2a: Grimmsnarl\n|move|p2b: Wo-Chien|Pollen Puff|p2: Grimmsnarl|[notarget]\n|-fail|p2b: Wo-Chien\n|\n|-weather|none\n|-damage|p1b: Secretariat|76/100|[from] Leech Seed|[of] p2b: Wo-Chien\n|-heal|p2b: Wo-Chien|95/100|[silent]\n|-damage|p1a: Archibald|0 fnt|[from] Leech Seed|[of] p2b: Wo-Chien\n|-heal|p2b: Wo-Chien|100/100|[silent]\n|faint|p1a: Archibald\n|upkeep\n|\n|t:|1771182437\n|switch|p1a: Jorris|Iron Jugulis, L50|100/100\n|-enditem|p1a: Jorris|Booster Energy\n|-activate|p1a: Jorris|ability: Quark Drive|[fromitem]\n|-start|p1a: Jorris|quarkdrivespe\n|turn|6\n|\n|t:|1771182449\n|move|p1a: Jorris|Dragon Cheer|p1b: Secretariat\n|-start|p1b: Secretariat|move: Dragon Cheer\n|move|p1b: Secretariat|Spacial Rend|p2b: Wo-Chien\n|-crit|p2b: Wo-Chien\n|-damage|p2b: Wo-Chien|41/100\n|move|p2b: Wo-Chien|Leech Seed|p1a: Jorris\n|-start|p1a: Jorris|move: Leech Seed\n|\n|-damage|p1a: Jorris|88/100|[from] Leech Seed|[of] p2b: Wo-Chien\n|-heal|p2b: Wo-Chien|57/100|[silent]\n|-damage|p1b: Secretariat|64/100|[from] Leech Seed|[of] p2b: Wo-Chien\n|-heal|p2b: Wo-Chien|72/100|[silent]\n|upkeep\n|turn|7\n|\n|t:|1771182462\n|move|p2b: Wo-Chien|Protect|p2b: Wo-Chien\n|-singleturn|p2b: Wo-Chien|Protect\n|move|p1a: Jorris|Hurricane|p2b: Wo-Chien\n|-activate|p2b: Wo-Chien|move: Protect\n|move|p1b: Secretariat|Spacial Rend|p2b: Wo-Chien\n|-activate|p2b: Wo-Chien|move: Protect\n|\n|-damage|p1a: Jorris|76/100|[from] Leech Seed|[of] p2b: Wo-Chien\n|-heal|p2b: Wo-Chien|89/100|[silent]\n|-damage|p1b: Secretariat|52/100|[from] Leech Seed|[of] p2b: Wo-Chien\n|-heal|p2b: Wo-Chien|100/100|[silent]\n|upkeep\n|turn|8\n|\n|t:|1771182480\n|move|p1a: Jorris|Hurricane|p2b: Wo-Chien\n|-supereffective|p2b: Wo-Chien\n|-damage|p2b: Wo-Chien|59/100\n|move|p1b: Secretariat|Spacial Rend|p2b: Wo-Chien\n|-crit|p2b: Wo-Chien\n|-damage|p2b: Wo-Chien|0 fnt\n|faint|p2b: Wo-Chien\n|\n|win|infinitygroudon\n|raw|infinitygroudon's rating: 1409 &rarr; <strong>1436</strong><br />(+27 for winning)\n|raw|SEITA's rating: 1530 &rarr; <strong>1503</strong><br />(-27 for losing)\n|l|\u2606infinitygroudon\n|player|p1|\n|l|\u2606SEITA\n|player|p2|\n","uploadtime":1771182726,"views":31,"formatid":"gen9vgc2026regi","rating":1436,"private":0,"password":null}