{"id":"gen9vgc2026regi-2525204466","format":"[Gen 9] VGC 2026 Reg I","players":["Fogdocker","cobalion main"],"log":"|j|\u2606Fogdocker\n|j|\u2606cobalion main\n|t:|1769248455\n|gametype|doubles\n|player|p1|Fogdocker|265|1381\n|player|p2|cobalion main|steven|1316\n|gen|9\n|tier|[Gen 9] VGC 2026 Reg I\n|rated|\n|rule|Species Clause: Limit one of each Pok\u00e9mon\n|rule|Item Clause: Limit 1 of each item\n|clearpoke\n|poke|p1|Calyrex-Ice, L50|\n|poke|p1|Koraidon, L50|\n|poke|p1|Incineroar, L50, M|\n|poke|p1|Rillaboom, L50, F|\n|poke|p1|Landorus, L50, M|\n|poke|p1|Smeargle, L50, F|\n|poke|p2|Sableye, L50, F|\n|poke|p2|Groudon, L50|\n|poke|p2|Zamazenta-*, L50|\n|poke|p2|Chi-Yu, L50|\n|poke|p2|Rillaboom, L50, F|\n|poke|p2|Flutter Mane, L50|\n|teampreview|4\n|inactive|Battle timer is ON: inactive players will automatically lose when time's up. (requested by cobalion main)\n|j| riyuezi\n|\n|t:|1769248492\n|teamsize|p1|4\n|teamsize|p2|4\n|start\n|switch|p1a: Koraidon|Koraidon, L50|100/100\n|switch|p1b: Landorus|Landorus, L50, M|100/100\n|switch|p2a: THE GOAT|Groudon, L50, shiny|100/100\n|switch|p2b: Flutter Mane|Flutter Mane, L50, shiny|100/100\n|-weather|SunnyDay|[from] ability: Orichalcum Pulse|[of] p1a: Koraidon\n|-activate|p2b: Flutter Mane|ability: Protosynthesis\n|-start|p2b: Flutter Mane|protosynthesisspe\n|-activate|p1a: Koraidon|Orichalcum Pulse|[source]\n|turn|1\n|l| riyuezi\n|\n|t:|1769248504\n|switch|p1b: Rillaboom|Rillaboom, L50, F|100/100\n|-fieldstart|move: Grassy Terrain|[from] ability: Grassy Surge|[of] p1b: Rillaboom\n|move|p2b: Flutter Mane|Protect|p2b: Flutter Mane\n|-singleturn|p2b: Flutter Mane|Protect\n|move|p1a: Koraidon|Protect|p1a: Koraidon\n|-singleturn|p1a: Koraidon|Protect\n|move|p2a: THE GOAT|Protect||[still]\n|-fail|p2a: THE GOAT\n|\n|-weather|SunnyDay|[upkeep]\n|upkeep\n|turn|2\n|inactive|Fogdocker has 30 seconds left.\n|inactive|cobalion main has 30 seconds left.\n|j| riyuezi\n|\n|t:|1769248537\n|switch|p2a: Chi-Yu|Chi-Yu, L50, shiny|100/100\n|-ability|p2a: Chi-Yu|Beads of Ruin\n|-terastallize|p1a: Koraidon|Fire\n|move|p1b: Rillaboom|Fake Out|p2a: Chi-Yu\n|-damage|p2a: Chi-Yu|80/100\n|move|p2b: Flutter Mane|Dazzling Gleam|p1b: Rillaboom|[spread] p1a,p1b\n|-resisted|p1a: Koraidon\n|-damage|p1a: Koraidon|81/100\n|-damage|p1b: Rillaboom|66/100\n|move|p1a: Koraidon|Flame Charge|p2b: Flutter Mane\n|-enditem|p2b: Flutter Mane|Focus Sash\n|-damage|p2b: Flutter Mane|1/100\n|-boost|p1a: Koraidon|spe|1\n|\n|-weather|SunnyDay|[upkeep]\n|-heal|p2b: Flutter Mane|7/100|[from] Grassy Terrain\n|-heal|p1a: Koraidon|87/100|[from] Grassy Terrain\n|-heal|p2a: Chi-Yu|86/100|[from] Grassy Terrain\n|-heal|p1b: Rillaboom|72/100|[from] Grassy Terrain\n|upkeep\n|turn|3\n|l| riyuezi\n|inactive|Fogdocker has 30 seconds left.\n|inactive|cobalion main has 30 seconds left.\n|\n|t:|1769248571\n|-terastallize|p2a: Chi-Yu|Ghost\n|move|p2b: Flutter Mane|Protect|p2b: Flutter Mane\n|-singleturn|p2b: Flutter Mane|Protect\n|move|p1b: Rillaboom|Grassy Glide|p2b: Flutter Mane\n|-activate|p2b: Flutter Mane|move: Protect\n|move|p1a: Koraidon|Flare Blitz|p2a: Chi-Yu\n|-damage|p2a: Chi-Yu|0 fnt\n|faint|p2a: Chi-Yu\n|-damage|p1a: Koraidon|68/100|[from] Recoil\n|\n|-weather|SunnyDay|[upkeep]\n|-heal|p2b: Flutter Mane|14/100|[from] Grassy Terrain\n|-heal|p1a: Koraidon|74/100|[from] Grassy Terrain\n|-heal|p1b: Rillaboom|78/100|[from] Grassy Terrain\n|upkeep\n|\n|t:|1769248583\n|switch|p2a: Zamazenta|Zamazenta-Crowned, L50, shiny|100/100\n|-ability|p2a: Zamazenta|Dauntless Shield|boost\n|-boost|p2a: Zamazenta|def|1\n|turn|4\n|j| riyuezi\n|l| riyuezi\n|\n|t:|1769248601\n|move|p1b: Rillaboom|Grassy Glide|p2b: Flutter Mane\n|-damage|p2b: Flutter Mane|0 fnt\n|faint|p2b: Flutter Mane\n|-end|p2b: Flutter Mane|Protosynthesis|[silent]\n|move|p1a: Koraidon|Low Kick|p2a: Zamazenta\n|-supereffective|p2a: Zamazenta\n|-damage|p2a: Zamazenta|32/100\n|move|p2a: Zamazenta|Roar|p1a: Koraidon\n|drag|p1a: Landorus|Landorus, L50, M|100/100\n|\n|-weather|SunnyDay|[upkeep]\n|-heal|p2a: Zamazenta|39/100|[from] Grassy Terrain\n|-heal|p1b: Rillaboom|85/100|[from] Grassy Terrain\n|upkeep\n|\n|t:|1769248605\n|switch|p2b: THE GOAT|Groudon, L50, shiny|100/100\n|turn|5\n|\n|t:|1769248622\n|switch|p1b: Calyrex|Calyrex-Ice, L50|100/100\n|-ability|p1b: Calyrex|As One\n|-ability|p1b: Calyrex|Unnerve\n|move|p2a: Zamazenta|Body Press|p1b: Calyrex\n|-damage|p1b: Calyrex|56/100\n|move|p1a: Landorus|Earth Power|p2a: Zamazenta\n|-supereffective|p2a: Zamazenta\n|-damage|p2a: Zamazenta|0 fnt\n|faint|p2a: Zamazenta\n|move|p2b: THE GOAT|Heat Crash|p1b: Calyrex\n|-supereffective|p1b: Calyrex\n|-damage|p1b: Calyrex|27/100\n|\n|-weather|none\n|-heal|p1b: Calyrex|32/100|[from] Grassy Terrain\n|-heal|p1b: Calyrex|38/100|[from] item: Leftovers\n|-fieldend|move: Grassy Terrain\n|upkeep\n|turn|6\n|-message|cobalion main forfeited.\n|\n|win|Fogdocker\n|raw|Fogdocker's rating: 1381 &rarr; <strong>1397</strong><br />(+16 for winning)\n|raw|cobalion main's rating: 1316 &rarr; <strong>1300</strong><br />(-16 for losing)\n|l|\u2606cobalion main\n|player|p2|\n|l|\u2606Fogdocker\n|player|p1|\n","uploadtime":1769248803,"views":12,"formatid":"gen9vgc2026regi","rating":1300,"private":0,"password":null}