{"id":"gen9vgc2026regi-2558543788","format":"[Gen 9] VGC 2026 Reg I","players":["Cello L.","b3testing"],"log":"|j|\u2606Cello L.\n|j|\u2606b3testing\n|t:|1773445662\n|gametype|doubles\n|player|p1|Cello L.|cynthia-gen4|1455\n|player|p2|b3testing|101|1592\n|gen|9\n|tier|[Gen 9] VGC 2026 Reg I\n|rated|\n|rule|Species Clause: Limit one of each Pok\u00e9mon\n|rule|Item Clause: Limit 1 of each item\n|clearpoke\n|poke|p1|Terapagos, L50, M|\n|poke|p1|Calyrex-Shadow, L50|\n|poke|p1|Ogerpon-Cornerstone, L50, F|\n|poke|p1|Rillaboom, L50, F|\n|poke|p1|Incineroar, L50, M|\n|poke|p1|Amoonguss, L50, M|\n|poke|p2|Terapagos, L50, M|\n|poke|p2|Calyrex-Shadow, L50|\n|poke|p2|Incineroar, L50, F|\n|poke|p2|Amoonguss, L50, F|\n|poke|p2|Tornadus, L50, M|\n|poke|p2|Smeargle, L50, F|\n|teampreview|4\n|inactive|Battle timer is ON: inactive players will automatically lose when time's up. (requested by b3testing)\n|inactive|b3testing has 60 seconds left.\n|\n|t:|1773445708\n|teamsize|p1|4\n|teamsize|p2|4\n|start\n|switch|p1a: Terapagos|Terapagos, L50, M|100/100\n|switch|p1b: Ogerpon|Ogerpon-Cornerstone, L50, F|100/100\n|switch|p2a: Tornadus|Tornadus, L50, M|100/100\n|switch|p2b: Smeargle|Smeargle, L50, F|100/100\n|-activate|p1a: Terapagos|ability: Tera Shift\n|detailschange|p1a: Terapagos|Terapagos-Terastal, L50, M\n|-heal|p1a: Terapagos|100/100|[silent]\n|turn|1\n|inactive|Cello L. has 30 seconds left.\n|l|\u2606Cello L.\n|inactive|Cello L. disconnected and has a minute to reconnect!\n|player|p1|\n|inactive|Cello L. has 20 seconds left.\n|inactive|Cello L. has 15 seconds left.\n|j|\u2606Cello L.\n|inactive|Cello L. reconnected and has 15 seconds left.\n|player|p1|Cello L.|cynthia-gen4|\n|inactive|Cello L. has 10 seconds left.\n|\n|t:|1773445755\n|move|p1b: Ogerpon|Follow Me|p1b: Ogerpon\n|-singleturn|p1b: Ogerpon|move: Follow Me\n|move|p2a: Tornadus|Taunt|p1b: Ogerpon\n|-start|p1b: Ogerpon|move: Taunt\n|move|p2b: Smeargle|Spore|p1b: Ogerpon\n|-immune|p1b: Ogerpon\n|move|p1a: Terapagos|Calm Mind|p1a: Terapagos\n|-boost|p1a: Terapagos|spa|1\n|-boost|p1a: Terapagos|spd|1\n|\n|-ability|p2b: Smeargle|Moody|boost\n|-boost|p2b: Smeargle|spa|2\n|-unboost|p2b: Smeargle|spd|1\n|upkeep\n|turn|2\n|\n|t:|1773445778\n|switch|p1b: Incineroar|Incineroar, L50, M|100/100\n|-ability|p1b: Incineroar|Intimidate|boost\n|-unboost|p2a: Tornadus|atk|1\n|-unboost|p2b: Smeargle|atk|1\n|move|p1a: Terapagos|Protect|p1a: Terapagos\n|-singleturn|p1a: Terapagos|Protect\n|move|p2a: Tornadus|Tailwind|p2a: Tornadus\n|-sidestart|p2: b3testing|move: Tailwind\n|move|p2b: Smeargle|Spore|p1a: Terapagos\n|-activate|p1a: Terapagos|move: Protect\n|\n|-ability|p2b: Smeargle|Moody|boost\n|-boost|p2b: Smeargle|spe|2\n|-unboost|p2b: Smeargle|def|1\n|upkeep\n|turn|3\n|inactive|b3testing has 30 seconds left.\n|\n|t:|1773445806\n|move|p1b: Incineroar|Fake Out|p2b: Smeargle\n|-damage|p2b: Smeargle|66/100\n|move|p2a: Tornadus|Taunt|p1a: Terapagos\n|-start|p1a: Terapagos|move: Taunt\n|cant|p2b: Smeargle|flinch\n|move|p1a: Terapagos|Tera Starstorm|p2b: Smeargle\n|-damage|p2b: Smeargle|0 fnt\n|faint|p2b: Smeargle\n|\n|upkeep\n|\n|t:|1773445814\n|switch|p2b: Calyrex|Calyrex-Shadow, L50|100/100\n|-ability|p2b: Calyrex|As One\n|-ability|p2b: Calyrex|Unnerve\n|turn|4\n|j| luckyfoco\n|\n|t:|1773445832\n|-terastallize|p1a: Terapagos|Stellar\n|detailschange|p1a: Terapagos|Terapagos-Stellar, L50, M, tera:Stellar\n|-heal|p1a: Terapagos|100/100|[silent]\n|move|p2b: Calyrex|Encore|p1b: Incineroar\n|-start|p1b: Incineroar|Encore\n|move|p2a: Tornadus|Bleakwind Storm|p1a: Terapagos|[spread] p1a,p1b\n|-damage|p1a: Terapagos|84/100\n|-damage|p1b: Incineroar|64/100\n|move|p1a: Terapagos|Tera Starstorm|p2a: Tornadus|[spread] p2a,p2b\n|-damage|p2a: Tornadus|40/100\n|-damage|p2b: Calyrex|46/100\n|move|p1b: Incineroar|Fake Out||[still]\n|-hint|Fake Out only works on your first turn out.\n|-fail|p1b: Incineroar\n|\n|-heal|p1a: Terapagos|90/100|[from] item: Leftovers\n|upkeep\n|turn|5\n|\n|t:|1773445850\n|move|p1b: Incineroar|Fake Out||[still]\n|-hint|Fake Out only works on your first turn out.\n|-fail|p1b: Incineroar\n|move|p2b: Calyrex|Disable|p1a: Terapagos\n|-start|p1a: Terapagos|Disable|Tera Starstorm\n|move|p2a: Tornadus|Bleakwind Storm|p1a: Terapagos|[spread] p1a\n|-miss|p2a: Tornadus|p1b: Incineroar\n|-damage|p1a: Terapagos|73/100\n|cant|p1a: Terapagos|Disable|Tera Starstorm\n|\n|-heal|p1a: Terapagos|79/100|[from] item: Leftovers\n|-end|p1a: Terapagos|move: Taunt\n|-sideend|p2: b3testing|move: Tailwind\n|upkeep\n|turn|6\n|\n|t:|1773445866\n|move|p1b: Incineroar|Fake Out||[still]\n|-hint|Fake Out only works on your first turn out.\n|-fail|p1b: Incineroar\n|move|p2b: Calyrex|Encore|p1a: Terapagos\n|-start|p1a: Terapagos|Encore\n|move|p2a: Tornadus|Bleakwind Storm|p1a: Terapagos|[spread] p1a\n|-miss|p2a: Tornadus|p1b: Incineroar\n|-damage|p1a: Terapagos|63/100\n|cant|p1a: Terapagos|Disable|Tera Starstorm\n|\n|-heal|p1a: Terapagos|69/100|[from] item: Leftovers\n|-end|p1b: Incineroar|Encore\n|upkeep\n|turn|7\n|\n|t:|1773445882\n|switch|p1b: Calyrex|Calyrex-Shadow, L50|100/100\n|-ability|p1b: Calyrex|As One\n|-ability|p1b: Calyrex|Unnerve\n|move|p2b: Calyrex|Encore||[still]\n|-fail|p2b: Calyrex\n|move|p2a: Tornadus|Bleakwind Storm|p1a: Terapagos|[spread] p1a,p1b\n|-damage|p1a: Terapagos|52/100\n|-damage|p1b: Calyrex|57/100\n|-activate|p1a: Terapagos|move: Struggle\n|move|p1a: Terapagos|Struggle|p2a: Tornadus\n|-damage|p2a: Tornadus|28/100\n|-damage|p1a: Terapagos|27/100|[from] recoil\n|\n|-heal|p1a: Terapagos|34/100|[from] item: Leftovers\n|upkeep\n|turn|8\n|\n|t:|1773445905\n|move|p2a: Tornadus|Tailwind|p2a: Tornadus\n|-sidestart|p2: b3testing|move: Tailwind\n|move|p2b: Calyrex|Astral Barrage|p1b: Calyrex|[spread] p1b\n|-immune|p1a: Terapagos\n|-supereffective|p1b: Calyrex\n|-damage|p1b: Calyrex|0 fnt\n|faint|p1b: Calyrex\n|-ability|p2b: Calyrex|Grim Neigh|boost\n|-boost|p2b: Calyrex|spa|1\n|-damage|p2b: Calyrex|36/100|[from] item: Life Orb\n|-activate|p1a: Terapagos|move: Struggle\n|move|p1a: Terapagos|Struggle|p2b: Calyrex\n|-damage|p2b: Calyrex|23/100\n|-damage|p1a: Terapagos|9/100|[from] recoil\n|\n|-heal|p1a: Terapagos|15/100|[from] item: Leftovers\n|-end|p1a: Terapagos|Encore\n|-end|p1a: Terapagos|Disable\n|upkeep\n|\n|t:|1773445923\n|switch|p1b: Ogerpon|Ogerpon-Cornerstone, L50, F|100/100\n|turn|9\n|\n|t:|1773445931\n|move|p1b: Ogerpon|Follow Me|p1b: Ogerpon\n|-singleturn|p1b: Ogerpon|move: Follow Me\n|move|p2b: Calyrex|Astral Barrage|p1a: Terapagos|[spread] p1b\n|-immune|p1a: Terapagos\n|-crit|p1b: Ogerpon\n|-ability|p1b: Ogerpon|Sturdy\n|-damage|p1b: Ogerpon|1/100\n|-damage|p2b: Calyrex|13/100|[from] item: Life Orb\n|move|p2a: Tornadus|Bleakwind Storm|p1a: Terapagos|[spread] p1a,p1b\n|-damage|p1a: Terapagos|0 fnt\n|-damage|p1b: Ogerpon|0 fnt\n|faint|p1a: Terapagos\n|detailschange|p1: Terapagos|Terapagos, L50, M|[silent]\n|faint|p1b: Ogerpon\n|\n|upkeep\n|\n|t:|1773445946\n|switch|p1a: Incineroar|Incineroar, L50, M|64/100\n|-ability|p1a: Incineroar|Intimidate|boost\n|-unboost|p2a: Tornadus|atk|1\n|-unboost|p2b: Calyrex|atk|1\n|turn|10\n|\n|t:|1773445959\n|move|p2a: Tornadus|Protect|p2a: Tornadus\n|-singleturn|p2a: Tornadus|Protect\n|move|p2b: Calyrex|Protect|p2b: Calyrex\n|-singleturn|p2b: Calyrex|Protect\n|move|p1a: Incineroar|Knock Off|p2b: Calyrex\n|-activate|p2b: Calyrex|move: Protect\n|\n|upkeep\n|turn|11\n|\n|t:|1773445965\n|move|p2b: Calyrex|Disable|p1a: Incineroar\n|-start|p1a: Incineroar|Disable|Knock Off\n|move|p2a: Tornadus|Bleakwind Storm|p1a: Incineroar\n|-damage|p1a: Incineroar|15/100\n|move|p1a: Incineroar|Will-O-Wisp|p2b: Calyrex\n|-status|p2b: Calyrex|brn\n|\n|-damage|p2b: Calyrex|7/100 brn|[from] brn\n|-sideend|p2: b3testing|move: Tailwind\n|upkeep\n|turn|12\n|\n|t:|1773445975\n|move|p2b: Calyrex|Astral Barrage|p1a: Incineroar\n|-resisted|p1a: Incineroar\n|-damage|p1a: Incineroar|0 fnt\n|faint|p1a: Incineroar\n|-damage|p2b: Calyrex|0 fnt|[from] item: Life Orb\n|faint|p2b: Calyrex\n|\n|win|b3testing\n|raw|Cello L.'s rating: 1455 &rarr; <strong>1443</strong><br />(-12 for losing)\n|raw|b3testing's rating: 1592 &rarr; <strong>1604</strong><br />(+12 for winning)\n|l|\u2606Cello L.\n|player|p1|\n","uploadtime":1773445982,"views":18,"formatid":"gen9vgc2026regi","rating":1443,"private":0,"password":null}