{"id":"gen9vgc2026regi-2574212668","format":"[Gen 9] VGC 2026 Reg I","players":["navinsachump","Jkspaceferret"],"log":"|j|\u2606navinsachump\n|j|\u2606Jkspaceferret\n|t:|1775219311\n|gametype|doubles\n|player|p1|navinsachump|169|1533\n|player|p2|Jkspaceferret|265|1487\n|gen|9\n|tier|[Gen 9] VGC 2026 Reg I\n|rated|\n|rule|Species Clause: Limit one of each Pok\u00e9mon\n|rule|Item Clause: Limit 1 of each item\n|clearpoke\n|poke|p1|Calyrex-Shadow, L50|\n|poke|p1|Koraidon, L50|\n|poke|p1|Raging Bolt, L50|\n|poke|p1|Brute Bonnet, L50|\n|poke|p1|Landorus, L50, M|\n|poke|p1|Incineroar, L50, M|\n|poke|p2|Calyrex-Shadow, L50|\n|poke|p2|Zamazenta-*, L50|\n|poke|p2|Incineroar, L50, M|\n|poke|p2|Rillaboom, L50, F|\n|poke|p2|Amoonguss, L50, F|\n|poke|p2|Urshifu-*, L50, F|\n|teampreview|4\n|inactive|Battle timer is ON: inactive players will automatically lose when time's up. (requested by navinsachump)\n|inactive|Jkspaceferret has 60 seconds left.\n|\n|t:|1775219348\n|teamsize|p1|4\n|teamsize|p2|4\n|start\n|switch|p1a: Calyrex|Calyrex-Shadow, L50|100/100\n|switch|p1b: Brute Bonnet|Brute Bonnet, L50|100/100\n|switch|p2a: Urshifu|Urshifu, L50, F|100/100\n|switch|p2b: Calyrex|Calyrex-Shadow, L50|100/100\n|-ability|p2b: Calyrex|As One\n|-ability|p2b: Calyrex|Unnerve\n|-ability|p1a: Calyrex|As One\n|-ability|p1a: Calyrex|Unnerve\n|turn|1\n|inactive|navinsachump has 30 seconds left.\n|\n|t:|1775219376\n|switch|p2b: Rillaboom|Rillaboom, L50, F|100/100\n|-fieldstart|move: Grassy Terrain|[from] ability: Grassy Surge|[of] p2b: Rillaboom\n|move|p1b: Brute Bonnet|Rage Powder|p1b: Brute Bonnet\n|-singleturn|p1b: Brute Bonnet|move: Rage Powder\n|move|p1a: Calyrex|Astral Barrage|p2a: Urshifu|[spread] p2a,p2b\n|-resisted|p2a: Urshifu\n|-damage|p2a: Urshifu|61/100\n|-damage|p2b: Rillaboom|67/100\n|move|p2a: Urshifu|Close Combat|p1b: Brute Bonnet\n|-supereffective|p1b: Brute Bonnet\n|-damage|p1b: Brute Bonnet|9/100\n|-unboost|p2a: Urshifu|def|1\n|-unboost|p2a: Urshifu|spd|1\n|\n|-heal|p2a: Urshifu|67/100|[from] Grassy Terrain\n|-heal|p2b: Rillaboom|73/100|[from] Grassy Terrain\n|-heal|p1b: Brute Bonnet|15/100|[from] Grassy Terrain\n|upkeep\n|turn|2\n|inactive|Jkspaceferret has 30 seconds left.\n|j| salamstudu\n|inactive|Jkspaceferret has 20 seconds left.\n|inactive|Jkspaceferret has 15 seconds left.\n|inactive|Jkspaceferret has 10 seconds left.\n|\n|t:|1775219422\n|-terastallize|p1a: Calyrex|Ghost\n|move|p1b: Brute Bonnet|Rage Powder|p1b: Brute Bonnet\n|-singleturn|p1b: Brute Bonnet|move: Rage Powder\n|move|p2a: Urshifu|Sucker Punch||[still]\n|-fail|p2a: Urshifu\n|move|p1a: Calyrex|Astral Barrage|p2b: Rillaboom|[spread] p2a,p2b\n|-resisted|p2a: Urshifu\n|-damage|p2a: Urshifu|0 fnt\n|-damage|p2b: Rillaboom|28/100\n|faint|p2a: Urshifu\n|-ability|p1a: Calyrex|Grim Neigh|boost\n|-boost|p1a: Calyrex|spa|1\n|move|p2b: Rillaboom|Wood Hammer|p1b: Brute Bonnet\n|-resisted|p1b: Brute Bonnet\n|-damage|p1b: Brute Bonnet|0 fnt\n|faint|p1b: Brute Bonnet\n|-end|p1b: Brute Bonnet|Protosynthesis|[silent]\n|-damage|p2b: Rillaboom|23/100|[from] Recoil\n|\n|-heal|p2b: Rillaboom|29/100|[from] Grassy Terrain\n|upkeep\n|\n|t:|1775219436\n|switch|p2a: Zamazenta|Zamazenta-Crowned, L50|100/100\n|switch|p1b: Koraidon|Koraidon, L50|100/100\n|-weather|SunnyDay|[from] ability: Orichalcum Pulse|[of] p1b: Koraidon\n|-activate|p1b: Koraidon|Orichalcum Pulse|[source]\n|-ability|p2a: Zamazenta|Dauntless Shield|boost\n|-boost|p2a: Zamazenta|def|1\n|turn|3\n|\n|t:|1775219456\n|-terastallize|p2a: Zamazenta|Dragon\n|move|p2a: Zamazenta|Wide Guard|p2a: Zamazenta\n|-singleturn|p2a: Zamazenta|Wide Guard\n|move|p1a: Calyrex|Psychic|p2b: Rillaboom\n|-damage|p2b: Rillaboom|0 fnt\n|faint|p2b: Rillaboom\n|-ability|p1a: Calyrex|Grim Neigh|boost\n|-boost|p1a: Calyrex|spa|1\n|move|p1b: Koraidon|Collision Course|p2a: Zamazenta\n|-damage|p2a: Zamazenta|75/100\n|\n|-weather|SunnyDay|[upkeep]\n|-heal|p2a: Zamazenta|81/100|[from] Grassy Terrain\n|upkeep\n|\n|t:|1775219464\n|switch|p2b: Calyrex|Calyrex-Shadow, L50|100/100\n|-ability|p2b: Calyrex|As One\n|-ability|p2b: Calyrex|Unnerve\n|turn|4\n|\n|t:|1775219484\n|move|p1a: Calyrex|Protect|p1a: Calyrex\n|-singleturn|p1a: Calyrex|Protect\n|move|p2a: Zamazenta|Wide Guard|p2a: Zamazenta\n|-singleturn|p2a: Zamazenta|Wide Guard\n|move|p2b: Calyrex|Psychic|p1b: Koraidon\n|-supereffective|p1b: Koraidon\n|-damage|p1b: Koraidon|10/100\n|move|p1b: Koraidon|Flame Charge|p2b: Calyrex\n|-damage|p2b: Calyrex|64/100\n|-boost|p1b: Koraidon|spe|1\n|\n|-weather|SunnyDay|[upkeep]\n|-heal|p1b: Koraidon|17/100|[from] Grassy Terrain\n|-heal|p2b: Calyrex|70/100|[from] Grassy Terrain\n|-heal|p2a: Zamazenta|87/100|[from] Grassy Terrain\n|upkeep\n|turn|5\n|\n|t:|1775219499\n|move|p2b: Calyrex|Protect|p2b: Calyrex\n|-singleturn|p2b: Calyrex|Protect\n|move|p1b: Koraidon|Flare Blitz|p2b: Calyrex\n|-activate|p2b: Calyrex|move: Protect\n|move|p1a: Calyrex|Psychic|p2a: Zamazenta\n|-damage|p2a: Zamazenta|8/100\n|move|p2a: Zamazenta|Body Press|p1b: Koraidon\n|-damage|p1b: Koraidon|0 fnt\n|faint|p1b: Koraidon\n|\n|-weather|SunnyDay|[upkeep]\n|-heal|p2b: Calyrex|77/100|[from] Grassy Terrain\n|-heal|p2a: Zamazenta|14/100|[from] Grassy Terrain\n|-fieldend|move: Grassy Terrain\n|upkeep\n|\n|t:|1775219501\n|switch|p1b: Incineroar|Incineroar, L50, M|100/100\n|-ability|p1b: Incineroar|Intimidate|boost\n|-unboost|p2a: Zamazenta|atk|1\n|-unboost|p2b: Calyrex|atk|1\n|turn|6\n|\n|t:|1775219518\n|move|p2b: Calyrex|Protect||[still]\n|-fail|p2b: Calyrex\n|move|p1a: Calyrex|Psychic|p2a: Zamazenta\n|-damage|p2a: Zamazenta|0 fnt\n|faint|p2a: Zamazenta\n|-ability|p1a: Calyrex|Grim Neigh|boost\n|-boost|p1a: Calyrex|spa|1\n|move|p1b: Incineroar|Knock Off|p2b: Calyrex\n|-supereffective|p2b: Calyrex\n|-damage|p2b: Calyrex|0 fnt\n|-enditem|p2b: Calyrex|Focus Sash|[from] move: Knock Off|[of] p1b: Incineroar\n|faint|p2b: Calyrex\n|\n|win|navinsachump\n|raw|navinsachump's rating: 1533 &rarr; <strong>1550</strong><br />(+17 for winning)\n|raw|Jkspaceferret's rating: 1487 &rarr; <strong>1470</strong><br />(-17 for losing)\n|l|\u2606Jkspaceferret\n|player|p2|\n|l|\u2606navinsachump\n|player|p1|\n","uploadtime":1775219533,"views":10,"formatid":"gen9vgc2026regi","rating":1470,"private":0,"password":null}