{"id":"gen9vgc2026regi-2567270352","format":"[Gen 9] VGC 2026 Reg I","players":["bishmii","joelc16"],"log":"|j|\u2606bishmii\n|j|\u203djoelc16\n|t:|1774462069\n|gametype|doubles\n|player|p1|bishmii|170|1265\n|player|p2|joelc16|1|1277\n|gen|9\n|tier|[Gen 9] VGC 2026 Reg I\n|rated|\n|rule|Species Clause: Limit one of each Pok\u00e9mon\n|rule|Item Clause: Limit 1 of each item\n|clearpoke\n|poke|p1|Incineroar, L50, F|\n|poke|p1|Calyrex-Shadow, L50|\n|poke|p1|Tornadus, L50, M|\n|poke|p1|Rillaboom, L50, M|\n|poke|p1|Sylveon, L50, F|\n|poke|p1|Zamazenta-*, L50|\n|poke|p2|Calyrex-Ice, L50|\n|poke|p2|Scraggy, L50, F|\n|poke|p2|Miraidon, L50|\n|poke|p2|Farigiraf, L50, F|\n|poke|p2|Iron Treads, L50|\n|poke|p2|Iron Hands, L50|\n|teampreview|4\n|inactive|Battle timer is ON: inactive players will automatically lose when time's up. (requested by bishmii)\njoelc16 has agreed to open team sheets.\n|inactive|joelc16 has 60 seconds left.\nbishmii has agreed to open team sheets.\n|showteam|p1|Incineroar||SafetyGoggles|Intimidate|FakeOut,FlareBlitz,KnockOff,PartingShot|||F|||50|,,,,,Water]Calyrex-Shadow||FocusSash|AsOneSpectrier|AstralBarrage,Protect,NastyPlot,Psyshock||||||50|,,,,,Ghost]Tornadus||CovertCloak|Prankster|BleakwindStorm,Tailwind,Taunt,RainDance|||M|||50|,,,,,Dark]Rillaboom||AssaultVest|GrassySurge|FakeOut,WoodHammer,GrassyGlide,Uturn|||M|||50|,,,,,Fire]Sylveon||Leftovers|Pixilate|HyperVoice,TeraBlast,CalmMind,Protect|||F|||50|,,,,,Fire]Zamazenta-Crowned||RustedShield|DauntlessShield|BodyPress,WideGuard,Protect,IronDefense||||||50|,,,,,Dragon\n|showteam|p2|Calyrex-Ice||ClearAmulet|AsOneGlastrier|GlacialLance,HighHorsepower,TrickRoom,Protect||||||50|,,,,,Fire]Scraggy||Eviolite|Intimidate|FoulPlay,Endeavor,Coaching,FakeOut|||F|||50|,,,,,Poison]Miraidon||ChoiceSpecs|HadronEngine|VoltSwitch,DazzlingGleam,ElectroDrift,DracoMeteor||||||50|,,,,,Fairy]Farigiraf||ElectricSeed|ArmorTail|Psychic,HelpingHand,TrickRoom,FoulPlay|||F|||50|,,,,,Water]Iron Treads||LifeOrb|QuarkDrive|HighHorsepower,IronHead,KnockOff,Protect||||||50|,,,,,Ground]Iron Hands||AssaultVest|QuarkDrive|LowKick,FakeOut,DrainPunch,WildCharge||||||50|,,,,,Water\n|\n|t:|1774462128\n|teamsize|p1|4\n|teamsize|p2|4\n|start\n|switch|p1a: Sylveon|Sylveon, L50, F|100/100\n|switch|p1b: Incineroar|Incineroar, L50, F|100/100\n|switch|p2a: Calyrex|Calyrex-Ice, L50|100/100\n|switch|p2b: Iron Hands|Iron Hands, L50|100/100\n|-ability|p2a: Calyrex|As One\n|-ability|p2a: Calyrex|Unnerve\n|-ability|p1b: Incineroar|Intimidate|boost\n|-fail|p2a: Calyrex|unboost|[from] item: Clear Amulet|[of] p2a: Calyrex\n|-unboost|p2b: Iron Hands|atk|1\n|turn|1\n|inactive|joelc16 has 30 seconds left.\n|\n|t:|1774462154\n|move|p2a: Calyrex|Protect|p2a: Calyrex\n|-singleturn|p2a: Calyrex|Protect\n|move|p2b: Iron Hands|Fake Out|p1a: Sylveon\n|-damage|p1a: Sylveon|89/100\n|move|p1b: Incineroar|Knock Off|p2a: Calyrex\n|-activate|p2a: Calyrex|move: Protect\n|cant|p1a: Sylveon|flinch\n|\n|-heal|p1a: Sylveon|95/100|[from] item: Leftovers\n|upkeep\n|turn|2\n|\n|t:|1774462177\n|-end|p2b: Iron Hands|Quark Drive|[silent]\n|switch|p2b: Scraggy|Scraggy, L50, F|100/100\n|-ability|p2b: Scraggy|Intimidate|boost\n|-unboost|p1a: Sylveon|atk|1\n|-unboost|p1b: Incineroar|atk|1\n|-terastallize|p2a: Calyrex|Fire\n|move|p1b: Incineroar|Knock Off|p2a: Calyrex\n|-damage|p2a: Calyrex|85/100\n|-enditem|p2a: Calyrex|Clear Amulet|[from] move: Knock Off|[of] p1b: Incineroar\n|move|p1a: Sylveon|Calm Mind|p1a: Sylveon\n|-boost|p1a: Sylveon|spa|1\n|-boost|p1a: Sylveon|spd|1\n|move|p2a: Calyrex|Trick Room|p2a: Calyrex\n|-fieldstart|move: Trick Room|[of] p2a: Calyrex\n|\n|-heal|p1a: Sylveon|100/100|[from] item: Leftovers\n|upkeep\n|turn|3\n|\n|t:|1774462200\n|move|p1a: Sylveon|Protect|p1a: Sylveon\n|-singleturn|p1a: Sylveon|Protect\n|move|p2b: Scraggy|Coaching|p2a: Calyrex\n|-boost|p2a: Calyrex|atk|1\n|-boost|p2a: Calyrex|def|1\n|move|p2a: Calyrex|Glacial Lance|p1b: Incineroar|[spread] p1b\n|-activate|p1a: Sylveon|move: Protect\n|-resisted|p1b: Incineroar\n|-damage|p1b: Incineroar|61/100\n|move|p1b: Incineroar|Parting Shot|p2a: Calyrex\n|-unboost|p2a: Calyrex|atk|1\n|-unboost|p2a: Calyrex|spa|1\n|\n|t:|1774462214\n|switch|p1b: Rillaboom|Rillaboom, L50, M|100/100|[from] Parting Shot\n|-fieldstart|move: Grassy Terrain|[from] ability: Grassy Surge|[of] p1b: Rillaboom\n|\n|-heal|p2a: Calyrex|90/100|[from] Grassy Terrain\n|upkeep\n|turn|4\n|\n|t:|1774462221\n|switch|p1b: Incineroar|Incineroar, L50, F|61/100\n|-ability|p1b: Incineroar|Intimidate|boost\n|-unboost|p2a: Calyrex|atk|1\n|-unboost|p2b: Scraggy|atk|1\n|move|p2a: Calyrex|Protect|p2a: Calyrex\n|-singleturn|p2a: Calyrex|Protect\n|move|p2b: Scraggy|Coaching|p2a: Calyrex\n|-boost|p2a: Calyrex|atk|1\n|-boost|p2a: Calyrex|def|1\n|move|p1a: Sylveon|Calm Mind|p1a: Sylveon\n|-boost|p1a: Sylveon|spa|1\n|-boost|p1a: Sylveon|spd|1\n|\n|-heal|p2a: Calyrex|96/100|[from] Grassy Terrain\n|-heal|p1b: Incineroar|67/100|[from] Grassy Terrain\n|upkeep\n|turn|5\n|\n|t:|1774462239\n|move|p1b: Incineroar|Fake Out|p2a: Calyrex\n|-damage|p2a: Calyrex|92/100\n|move|p2b: Scraggy|Coaching|p2a: Calyrex\n|-boost|p2a: Calyrex|atk|1\n|-boost|p2a: Calyrex|def|1\n|cant|p2a: Calyrex|flinch\n|move|p1a: Sylveon|Hyper Voice|p2b: Scraggy|[spread] p2a,p2b\n|-resisted|p2a: Calyrex\n|-supereffective|p2b: Scraggy\n|-damage|p2a: Calyrex|71/100\n|-damage|p2b: Scraggy|0 fnt\n|faint|p2b: Scraggy\n|\n|-heal|p2a: Calyrex|76/100|[from] Grassy Terrain\n|-heal|p1b: Incineroar|73/100|[from] Grassy Terrain\n|upkeep\n|\n|t:|1774462248\n|switch|p2b: Iron Hands|Iron Hands, L50|100/100\n|turn|6\n|\n|t:|1774462266\n|switch|p1b: Rillaboom|Rillaboom, L50, M|100/100\n|move|p1a: Sylveon|Protect|p1a: Sylveon\n|-singleturn|p1a: Sylveon|Protect\n|move|p2a: Calyrex|High Horsepower|p1b: Rillaboom\n|-resisted|p1b: Rillaboom\n|-damage|p1b: Rillaboom|70/100\n|move|p2b: Iron Hands|Drain Punch|p1b: Rillaboom\n|-damage|p1b: Rillaboom|27/100\n|\n|-heal|p2a: Calyrex|82/100|[from] Grassy Terrain\n|-heal|p1b: Rillaboom|32/100|[from] Grassy Terrain\n|-fieldend|move: Trick Room\n|upkeep\n|turn|7\n|\n|t:|1774462282\n|-end|p2b: Iron Hands|Quark Drive|[silent]\n|switch|p2b: Miraidon|Miraidon, L50|100/100\n|-fieldstart|move: Electric Terrain|[from] ability: Hadron Engine|[of] p2b: Miraidon\n|move|p2a: Calyrex|Protect|p2a: Calyrex\n|-singleturn|p2a: Calyrex|Protect\n|move|p1b: Rillaboom|Fake Out|p2a: Calyrex\n|-activate|p2a: Calyrex|move: Protect\n|move|p1a: Sylveon|Hyper Voice|p2b: Miraidon|[spread] p2b\n|-activate|p2a: Calyrex|move: Protect\n|-supereffective|p2b: Miraidon\n|-damage|p2b: Miraidon|0 fnt\n|faint|p2b: Miraidon\n|\n|upkeep\n|\n|t:|1774462292\n|switch|p2b: Iron Hands|Iron Hands, L50|100/100\n|-activate|p2b: Iron Hands|ability: Quark Drive\n|-start|p2b: Iron Hands|quarkdriveatk\n|turn|8\n|\n|t:|1774462300\n|switch|p1b: Incineroar|Incineroar, L50, F|73/100\n|-ability|p1b: Incineroar|Intimidate|boost\n|-unboost|p2a: Calyrex|atk|1\n|-unboost|p2b: Iron Hands|atk|1\n|move|p1a: Sylveon|Protect|p1a: Sylveon\n|-singleturn|p1a: Sylveon|Protect\n|move|p2b: Iron Hands|Drain Punch|p1b: Incineroar\n|-supereffective|p1b: Incineroar\n|-damage|p1b: Incineroar|7/100\n|move|p2a: Calyrex|Trick Room|p2a: Calyrex\n|-fieldstart|move: Trick Room|[of] p2a: Calyrex\n|\n|upkeep\n|turn|9\n|\n|t:|1774462321\n|move|p2a: Calyrex|Protect|p2a: Calyrex\n|-singleturn|p2a: Calyrex|Protect\n|move|p1b: Incineroar|Fake Out|p2a: Calyrex\n|-activate|p2a: Calyrex|move: Protect\n|move|p2b: Iron Hands|Wild Charge|p1a: Sylveon\n|-damage|p1a: Sylveon|44/100\n|-damage|p2b: Iron Hands|89/100|[from] Recoil\n|move|p1a: Sylveon|Tera Blast|p2b: Iron Hands\n|-supereffective|p2b: Iron Hands\n|-damage|p2b: Iron Hands|4/100\n|\n|-heal|p1a: Sylveon|50/100|[from] item: Leftovers\n|upkeep\n|turn|10\n|inactive|joelc16 has 30 seconds left.\n|\n|t:|1774462349\n|switch|p1b: Rillaboom|Rillaboom, L50, M|32/100\n|-fieldstart|move: Grassy Terrain|[from] ability: Grassy Surge|[of] p1b: Rillaboom\n|-end|p2b: Iron Hands|Quark Drive\n|move|p1a: Sylveon|Protect|p1a: Sylveon\n|-singleturn|p1a: Sylveon|Protect\n|move|p2b: Iron Hands|Wild Charge|p1a: Sylveon\n|-activate|p1a: Sylveon|move: Protect\n|move|p2a: Calyrex|Glacial Lance|p1a: Sylveon|[spread] p1b\n|-activate|p1a: Sylveon|move: Protect\n|-supereffective|p1b: Rillaboom\n|-damage|p1b: Rillaboom|0 fnt\n|faint|p1b: Rillaboom\n|-ability|p2a: Calyrex|Chilling Neigh|boost\n|-boost|p2a: Calyrex|atk|1\n|\n|-heal|p2b: Iron Hands|10/100|[from] Grassy Terrain\n|-heal|p2a: Calyrex|88/100|[from] Grassy Terrain\n|-heal|p1a: Sylveon|56/100|[from] Grassy Terrain\n|-heal|p1a: Sylveon|63/100|[from] item: Leftovers\n|upkeep\n|\n|t:|1774462360\n|switch|p1b: Incineroar|Incineroar, L50, F|7/100\n|-ability|p1b: Incineroar|Intimidate|boost\n|-unboost|p2a: Calyrex|atk|1\n|-unboost|p2b: Iron Hands|atk|1\n|turn|11\n|\n|t:|1774462369\n|move|p2a: Calyrex|Protect|p2a: Calyrex\n|-singleturn|p2a: Calyrex|Protect\n|move|p1b: Incineroar|Fake Out|p2a: Calyrex\n|-activate|p2a: Calyrex|move: Protect\n|move|p2b: Iron Hands|Wild Charge|p1a: Sylveon\n|-damage|p1a: Sylveon|38/100\n|-damage|p2b: Iron Hands|5/100|[from] Recoil\n|move|p1a: Sylveon|Hyper Voice|p2b: Iron Hands|[spread] p2b\n|-activate|p2a: Calyrex|move: Protect\n|-supereffective|p2b: Iron Hands\n|-damage|p2b: Iron Hands|0 fnt\n|faint|p2b: Iron Hands\n|-end|p2b: Iron Hands|Quark Drive|[silent]\n|\n|-heal|p2a: Calyrex|94/100|[from] Grassy Terrain\n|-heal|p1a: Sylveon|44/100|[from] Grassy Terrain\n|-heal|p1a: Sylveon|50/100|[from] item: Leftovers\n|-heal|p1b: Incineroar|13/100|[from] Grassy Terrain\n|upkeep\n|turn|12\n|\n|t:|1774462379\n|switch|p1b: Zamazenta|Zamazenta-Crowned, L50|100/100\n|-ability|p1b: Zamazenta|Dauntless Shield|boost\n|-boost|p1b: Zamazenta|def|1\n|move|p1a: Sylveon|Protect|p1a: Sylveon\n|-singleturn|p1a: Sylveon|Protect\n|move|p2a: Calyrex|Glacial Lance|p1b: Zamazenta|[spread] p1b\n|-activate|p1a: Sylveon|move: Protect\n|-resisted|p1b: Zamazenta\n|-damage|p1b: Zamazenta|88/100\n|\n|-heal|p2a: Calyrex|99/100|[from] Grassy Terrain\n|-heal|p1a: Sylveon|56/100|[from] Grassy Terrain\n|-heal|p1a: Sylveon|63/100|[from] item: Leftovers\n|-heal|p1b: Zamazenta|94/100|[from] Grassy Terrain\n|-fieldend|move: Trick Room\n|upkeep\n|turn|13\n|-message|joelc16 forfeited.\n|\n|win|bishmii\n|raw|bishmii's rating: 1265 &rarr; <strong>1291</strong><br />(+26 for winning)\n|raw|joelc16's rating: 1277 &rarr; <strong>1251</strong><br />(-26 for losing)\n|l|\u203djoelc16\n|player|p2|\n|l|\u2606bishmii\n|player|p1|\n","uploadtime":1774462538,"views":11,"formatid":"gen9vgc2026regi","rating":1251,"private":0,"password":null}