{"id":"gen9vgc2026regi-2578869358","format":"[Gen 9] VGC 2026 Reg I","players":["testmon675","TheNamesBetty"],"log":"|j|\u2606testmon675\n|j|\u2606TheNamesBetty\n|t:|1775730102\n|gametype|doubles\n|player|p1|testmon675|barry|1448\n|player|p2|TheNamesBetty|koga|1368\n|gen|9\n|tier|[Gen 9] VGC 2026 Reg I\n|rated|\n|rule|Species Clause: Limit one of each Pok\u00e9mon\n|rule|Item Clause: Limit 1 of each item\n|clearpoke\n|poke|p1|Miraidon, L50|\n|poke|p1|Calyrex-Ice, L50|\n|poke|p1|Iron Hands, L50|\n|poke|p1|Ogerpon-Cornerstone, L50, F|\n|poke|p1|Incineroar, L50, M|\n|poke|p1|Whimsicott, L50, M|\n|poke|p2|Koraidon, L50|\n|poke|p2|Calyrex-Shadow, L50|\n|poke|p2|Tornadus, L50, M|\n|poke|p2|Urshifu-*, L50, M|\n|poke|p2|Dewgong, L50, F|\n|poke|p2|Electabuzz, L50, F|\n|teampreview|4\nTheNamesBetty has agreed to open team sheets.\n|\n|t:|1775730126\n|teamsize|p1|4\n|teamsize|p2|4\n|start\n|switch|p1a: Calyrex|Calyrex-Ice, L50|100/100\n|switch|p1b: Ogerpon|Ogerpon-Cornerstone, L50, F|100/100\n|switch|p2a: Kedluben|Calyrex-Shadow, L50|100/100\n|switch|p2b: Bleblebl\u00e1k|Electabuzz, L50, F|100/100\n|-ability|p2a: Kedluben|As One\n|-ability|p2a: Kedluben|Unnerve\n|-ability|p1a: Calyrex|As One\n|-ability|p1a: Calyrex|Unnerve\n|turn|1\n|\n|t:|1775730136\n|-terastallize|p1a: Calyrex|Fire\n|move|p2a: Kedluben|Astral Barrage|p1b: Ogerpon|[spread] p1a,p1b\n|-damage|p1a: Calyrex|57/100\n|-damage|p1b: Ogerpon|32/100\n|-damage|p2a: Kedluben|91/100|[from] item: Life Orb\n|move|p1b: Ogerpon|Ivy Cudgel|p2a: Kedluben|[anim] Ivy Cudgel Rock\n|-damage|p2a: Kedluben|34/100\n|move|p2b: Bleblebl\u00e1k|Taunt|p1a: Calyrex\n|-start|p1a: Calyrex|move: Taunt\n|cant|p1a: Calyrex|move: Taunt|Trick Room\n|\n|upkeep\n|turn|2\n|\n|t:|1775730164\n|move|p2b: Bleblebl\u00e1k|Follow Me|p2b: Bleblebl\u00e1k\n|-singleturn|p2b: Bleblebl\u00e1k|move: Follow Me\n|move|p2a: Kedluben|Psychic|p1a: Calyrex\n|-damage|p1a: Calyrex|7/100\n|-damage|p2a: Kedluben|24/100|[from] item: Life Orb\n|move|p1b: Ogerpon|Ivy Cudgel|p2b: Bleblebl\u00e1k|[anim] Ivy Cudgel Rock\n|-damage|p2b: Bleblebl\u00e1k|49/100\n|move|p1a: Calyrex|High Horsepower|p2b: Bleblebl\u00e1k\n|-supereffective|p2b: Bleblebl\u00e1k\n|-damage|p2b: Bleblebl\u00e1k|0 fnt\n|faint|p2b: Bleblebl\u00e1k\n|-ability|p1a: Calyrex|Chilling Neigh|boost\n|-boost|p1a: Calyrex|atk|1\n|\n|upkeep\n|\n|t:|1775730177\n|switch|p2b: Jan\u017di\u017ekaZTrocnova|Koraidon, L50|100/100\n|-weather|SunnyDay|[from] ability: Orichalcum Pulse|[of] p2b: Jan\u017di\u017ekaZTrocnova\n|-activate|p2b: Jan\u017di\u017ekaZTrocnova|Orichalcum Pulse|[source]\n|turn|3\n|\n|t:|1775730201\n|switch|p2b: DDDMaxVerstappen|Dewgong, L50, F|100/100\n|move|p1b: Ogerpon|Spiky Shield|p1b: Ogerpon\n|-singleturn|p1b: Ogerpon|move: Protect\n|move|p2a: Kedluben|Astral Barrage|p1a: Calyrex|[spread] p1a\n|-activate|p1b: Ogerpon|move: Protect\n|-damage|p1a: Calyrex|0 fnt\n|faint|p1a: Calyrex\n|-ability|p2a: Kedluben|Grim Neigh|boost\n|-boost|p2a: Kedluben|spa|1\n|-damage|p2a: Kedluben|15/100|[from] item: Life Orb\n|\n|-weather|SunnyDay|[upkeep]\n|upkeep\n|\n|t:|1775730215\n|switch|p1a: Iron Hands|Iron Hands, L50|100/100\n|turn|4\n|\n|t:|1775730230\n|move|p2b: DDDMaxVerstappen|Fake Out|p1a: Iron Hands\n|-damage|p1a: Iron Hands|95/100\n|move|p2a: Kedluben|Astral Barrage|p1b: Ogerpon|[spread] p1a,p1b\n|-damage|p1a: Iron Hands|42/100\n|-damage|p1b: Ogerpon|0 fnt\n|faint|p1b: Ogerpon\n|-ability|p2a: Kedluben|Grim Neigh|boost\n|-boost|p2a: Kedluben|spa|1\n|-damage|p2a: Kedluben|5/100|[from] item: Life Orb\n|cant|p1a: Iron Hands|flinch\n|\n|-weather|SunnyDay|[upkeep]\n|upkeep\n|\n|t:|1775730236\n|switch|p1b: Miraidon|Miraidon, L50|100/100\n|-fieldstart|move: Electric Terrain|[from] ability: Hadron Engine|[of] p1b: Miraidon\n|-activate|p1a: Iron Hands|ability: Quark Drive\n|-start|p1a: Iron Hands|quarkdriveatk\n|turn|5\n|\n|t:|1775730256\n|-terastallize|p2b: DDDMaxVerstappen|Ground\n|move|p2a: Kedluben|Astral Barrage|p1a: Iron Hands|[spread] p1a,p1b\n|-damage|p1a: Iron Hands|0 fnt\n|-damage|p1b: Miraidon|0 fnt\n|faint|p1a: Iron Hands\n|-end|p1a: Iron Hands|Quark Drive|[silent]\n|faint|p1b: Miraidon\n|-damage|p2a: Kedluben|0 fnt|[from] item: Life Orb\n|faint|p2a: Kedluben\n|\n|win|TheNamesBetty\n|raw|testmon675's rating: 1448 &rarr; <strong>1423</strong><br />(-25 for losing)\n|raw|TheNamesBetty's rating: 1368 &rarr; <strong>1393</strong><br />(+25 for winning)\n|l|\u2606TheNamesBetty\n|player|p2|\n|l|\u2606testmon675\n|player|p1|\n","uploadtime":1775730527,"views":7,"formatid":"gen9vgc2026regi","rating":1393,"private":0,"password":null}