{"id":"gen9vgc2026regi-2559992422","format":"[Gen 9] VGC 2026 Reg I","players":["bowserx19","It'sJustKen VGC"],"log":"|j|\u2606bowserx19\n|j|\u2606It'sJustKen VGC\n|t:|1773632880\n|gametype|doubles\n|player|p1|bowserx19|miku-ground|\n|player|p2|It'sJustKen VGC|102|\n|gen|9\n|tier|[Gen 9] VGC 2026 Reg I\n|rated|Tournament battle\n|rule|Species Clause: Limit one of each Pok\u00e9mon\n|rule|Item Clause: Limit 1 of each item\n|raw|<div class=\"infobox\"><details class=\"readmore\" open><summary><strong>3 custom rules:</strong></summary> Open Team Sheets, Force Open Team Sheets, !Open Team Sheets</details></div>\n|clearpoke\n|poke|p1|Miraidon, L50|\n|poke|p1|Terapagos, L50, M|\n|poke|p1|Ogerpon-Hearthflame, L50, F|\n|poke|p1|Whimsicott, L50, F|\n|poke|p1|Incineroar, L50, M|\n|poke|p1|Farigiraf, L50, F|\n|poke|p2|Incineroar, L50, F|\n|poke|p2|Amoonguss, L50, F|\n|poke|p2|Urshifu-*, L50, M|\n|poke|p2|Landorus, L50, M|\n|poke|p2|Miraidon, L50|\n|poke|p2|Calyrex-Ice, L50|\n|teampreview|4\n|showteam|p1|Miraidon||ChoiceSpecs|HadronEngine|ElectroDrift,DracoMeteor,DazzlingGleam,VoltSwitch||||||50|,,,,,Fairy]Terapagos||Leftovers|TeraShift|TeraStarstorm,EarthPower,CalmMind,Protect|||M|||50|,,,,,Stellar]Ogerpon-Hearthflame||HearthflameMask|MoldBreaker|WoodHammer,IvyCudgel,FollowMe,SpikyShield|||F|||50|,,,,,Fire]Whimsicott||CovertCloak|Prankster|Tailwind,Moonblast,Encore,SunnyDay|||F|||50|,,,,,Dark]Incineroar||SafetyGoggles|Intimidate|FakeOut,KnockOff,Snarl,PartingShot|||M|||50|,,,,,Ghost]Farigiraf||ElectricSeed|ArmorTail|PsychicNoise,FoulPlay,HelpingHand,TrickRoom|||F|||50|,,,,,Fairy\n|showteam|p2|Incineroar||AssaultVest|Intimidate|FakeOut,Uturn,KnockOff,FlareBlitz|||F|||50|,,,,,Grass]Amoonguss||SitrusBerry|Regenerator|Protect,PollenPuff,Spore,RagePowder|||F|||50|,,,,,Water]Urshifu-Rapid-Strike||ChoiceBand|UnseenFist|SurgingStrikes,CloseCombat,Uturn,AquaJet|||M|||50|,,,,,Ghost]Landorus||LifeOrb|SheerForce|Protect,EarthPower,SludgeBomb,SandsearStorm|||M|||50|,,,,,Ground]Miraidon||ChoiceSpecs|HadronEngine|ElectroDrift,VoltSwitch,Discharge,DracoMeteor||||||50|,,,,,Electric]Calyrex-Ice||ClearAmulet|AsOneGlastrier|Protect,GlacialLance,HighHorsepower,TrickRoom||||||50|,,,,,Fire\n|inactive|Battle timer is ON: inactive players will automatically lose when time's up. (requested by bowserx19)\n|inactive|It'sJustKen VGC also wants the timer to be on.\n|j| child Pikachu\n|j| INT Leite Ninho\n|l| child Pikachu\n|c|\u2606bowserx19|glhf\n|j|@Radio Free C-Side\n|c|\u2606It'sJustKen VGC|u2\n|l| INT Leite Ninho\n|inactive|It'sJustKen VGC has 60 seconds left.\n|\n|t:|1773632917\n|teamsize|p1|4\n|teamsize|p2|4\n|start\n|switch|p1a: Indigo|Terapagos, L50, M|100/100\n|switch|p1b: Ponpon|Ogerpon-Hearthflame, L50, F|100/100\n|switch|p2a: Russel|Calyrex-Ice, L50|100/100\n|switch|p2b: Hamilton|Incineroar, L50, F|100/100\n|-activate|p1a: Indigo|ability: Tera Shift\n|detailschange|p1a: Indigo|Terapagos-Terastal, L50, M\n|-heal|p1a: Indigo|100/100|[silent]\n|-ability|p2a: Russel|As One\n|-ability|p2a: Russel|Unnerve\n|-ability|p1b: Ponpon|Mold Breaker\n|-ability|p2b: Hamilton|Intimidate|boost\n|-unboost|p1a: Indigo|atk|1\n|-unboost|p1b: Ponpon|atk|1\n|turn|1\n|j| H4irashi\n|l| H4irashi\n|j| H4irashi\n|\n|t:|1773632931\n|switch|p1b: Twintail|Farigiraf, L50, F|100/100\n|move|p2b: Hamilton|Flare Blitz|p1b: Twintail\n|-damage|p1b: Twintail|48/100\n|-damage|p2b: Hamilton|80/100|[from] Recoil\n|move|p1a: Indigo|Calm Mind|p1a: Indigo\n|-boost|p1a: Indigo|spa|1\n|-boost|p1a: Indigo|spd|1\n|move|p2a: Russel|Trick Room|p2a: Russel\n|-fieldstart|move: Trick Room|[of] p2a: Russel\n|\n|upkeep\n|turn|2\n|\n|t:|1773632944\n|move|p1a: Indigo|Protect|p1a: Indigo\n|-singleturn|p1a: Indigo|Protect\n|move|p2a: Russel|Glacial Lance|p1a: Indigo|[spread] p1b\n|-activate|p1a: Indigo|move: Protect\n|-damage|p1b: Twintail|0 fnt\n|faint|p1b: Twintail\n|-ability|p2a: Russel|Chilling Neigh|boost\n|-boost|p2a: Russel|atk|1\n|move|p2b: Hamilton|U-turn|p1a: Indigo\n|-activate|p1a: Indigo|move: Protect\n|\n|upkeep\n|l| H4irashi\n|c|\u2606bowserx19|nice play\n|\n|t:|1773632952\n|switch|p1b: Ponpon|Ogerpon-Hearthflame, L50, F|100/100\n|-ability|p1b: Ponpon|Mold Breaker\n|turn|3\n|inactive|It'sJustKen VGC has 30 seconds left.\n|inactive|It'sJustKen VGC has 20 seconds left.\n|j| MEXES\n|inactive|It'sJustKen VGC has 15 seconds left.\n|\n|t:|1773632995\n|move|p1b: Ponpon|Spiky Shield|p1b: Ponpon\n|-singleturn|p1b: Ponpon|move: Protect\n|move|p2a: Russel|Glacial Lance|p1b: Ponpon|[spread] p1a\n|-activate|p1b: Ponpon|move: Protect\n|-activate|p1a: Indigo|ability: Tera Shell\n|-resisted|p1a: Indigo\n|-damage|p1a: Indigo|63/100\n|move|p1a: Indigo|Earth Power|p2b: Hamilton\n|-supereffective|p2b: Hamilton\n|-damage|p2b: Hamilton|18/100\n|move|p2b: Hamilton|Flare Blitz|p1b: Ponpon\n|-activate|p1b: Ponpon|move: Protect\n|-damage|p2b: Hamilton|6/100|[from] Spiky Shield|[of] p1b: Ponpon\n|\n|-heal|p1a: Indigo|69/100|[from] item: Leftovers\n|upkeep\n|turn|4\n|j| Carrielis\n|\n|t:|1773633015\n|-terastallize|p2a: Russel|Fire\n|-terastallize|p1b: Ponpon|Fire\n|detailschange|p1b: Ponpon|Ogerpon-Hearthflame-Tera, L50, F, tera:Fire\n|-ability|p1b: Ponpon|Embody Aspect (Hearthflame)|boost\n|-boost|p1b: Ponpon|atk|1\n|move|p1a: Indigo|Protect|p1a: Indigo\n|-singleturn|p1a: Indigo|Protect\n|move|p2a: Russel|Glacial Lance|p1b: Ponpon|[spread] p1b\n|-activate|p1a: Indigo|move: Protect\n|-resisted|p1b: Ponpon\n|-damage|p1b: Ponpon|54/100\n|move|p2b: Hamilton|Flare Blitz|p1a: Indigo\n|-activate|p1a: Indigo|move: Protect\n|move|p1b: Ponpon|Ivy Cudgel|p2a: Russel|[anim] Ivy Cudgel Fire\n|-resisted|p2a: Russel\n|-damage|p2a: Russel|63/100\n|\n|-heal|p1a: Indigo|75/100|[from] item: Leftovers\n|upkeep\n|turn|5\n|c|\u2606bowserx19|how does everyone always know when Im gonna do that over Pagos\n|c|\u2606bowserx19|is it really that telegraphed because Im doing that as a mixup lol\n|inactive|bowserx19 has 30 seconds left.\n|inactive|It'sJustKen VGC has 30 seconds left.\n|\n|t:|1773633046\n|move|p2a: Russel|Glacial Lance|p1b: Ponpon|[spread] p1a,p1b\n|-resisted|p1b: Ponpon\n|-damage|p1a: Indigo|0 fnt\n|-damage|p1b: Ponpon|7/100\n|faint|p1a: Indigo\n|-ability|p2a: Russel|Chilling Neigh|boost\n|-boost|p2a: Russel|atk|1\n|move|p2b: Hamilton|U-turn|p1b: Ponpon\n|-resisted|p1b: Ponpon\n|-damage|p1b: Ponpon|0 fnt\n|faint|p1b: Ponpon\n|detailschange|p1: Ponpon|Ogerpon-Hearthflame, L50, F|[silent]\n|c|@Radio Free C-Side|because pagos was gonna die anyway if it tera'd and attacked there\n|c|@Radio Free C-Side|so it was a safe call\n|\n|t:|1773633051\n|switch|p2b: Amoonguss|Amoonguss, L50, F|100/100|[from] U-turn\n|\n|-fieldend|move: Trick Room\n|upkeep\n|c|\u2606bowserx19|ah fair enough\n|\n|t:|1773633058\n|switch|p1b: Agias|Miraidon, L50|100/100\n|-fieldstart|move: Electric Terrain|[from] ability: Hadron Engine|[of] p1b: Agias\n|turn|6\n|\n|t:|1773633068\n|move|p2a: Russel|Protect|p2a: Russel\n|-singleturn|p2a: Russel|Protect\n|move|p2b: Amoonguss|Protect|p2b: Amoonguss\n|-singleturn|p2b: Amoonguss|Protect\n|move|p1b: Agias|Draco Meteor|p2b: Amoonguss\n|-activate|p2b: Amoonguss|move: Protect\n|\n|upkeep\n|turn|7\n|\n|t:|1773633072\n|move|p2b: Amoonguss|Rage Powder|p2b: Amoonguss\n|-singleturn|p2b: Amoonguss|move: Rage Powder\n|move|p1b: Agias|Draco Meteor|p2b: Amoonguss\n|-damage|p2b: Amoonguss|0 fnt\n|-unboost|p1b: Agias|spa|2\n|faint|p2b: Amoonguss\n|move|p2a: Russel|Glacial Lance|p1b: Agias\n|-supereffective|p1b: Agias\n|-damage|p1b: Agias|0 fnt\n|faint|p1b: Agias\n|\n|win|It'sJustKen VGC\n|n|\u2606bowserx19|bowserx19\n|n|\u2606It'sJustKen VGC|itsjustkenvgc\n|n|+Radio Free C-Side|radiofreecside\n|n| MEXES|mexes\n|n| Carrielis|carrielis\n|c|\u2606bowserx19|gg\n|l|+Radio Free C-Side\n|c|\u2606It'sJustKen VGC|gg\n|l|\u2606bowserx19\n|player|p1|\n","uploadtime":1773633079,"views":10,"formatid":"gen9vgc2026regi","rating":null,"private":0,"password":null}