{"id":"gen9vgc2026regi-2561248665","format":"[Gen 9] VGC 2026 Reg I","players":["flamingorangexd","Mirthinion"],"log":"|j|\u2606flamingorangexd\n|j|\u2606Mirthinion\n|t:|1773777117\n|gametype|doubles\n|player|p1|flamingorangexd|102|1321\n|player|p2|Mirthinion|janitor|1467\n|gen|9\n|tier|[Gen 9] VGC 2026 Reg I\n|rated|\n|rule|Species Clause: Limit one of each Pok\u00e9mon\n|rule|Item Clause: Limit 1 of each item\n|clearpoke\n|poke|p1|Amoonguss, L50, F|\n|poke|p1|Calyrex-Ice, L50|\n|poke|p1|Kyogre, L50|\n|poke|p1|Grimmsnarl, L50, M|\n|poke|p1|Flutter Mane, L50|\n|poke|p1|Basculegion, L50, M|\n|poke|p2|Calyrex-Shadow, L50|\n|poke|p2|Zamazenta-*, L50|\n|poke|p2|Urshifu-*, L50, M|\n|poke|p2|Incineroar, L50, M|\n|poke|p2|Rillaboom, L50, M|\n|poke|p2|Tornadus, L50, M|\n|teampreview|4\n|inactive|Battle timer is ON: inactive players will automatically lose when time's up. (requested by Mirthinion)\nMirthinion rejected open team sheets.\n|inactive|Mirthinion has 60 seconds left.\n|\n|t:|1773777171\n|teamsize|p1|4\n|teamsize|p2|4\n|start\n|switch|p1a: Flutter Mane|Flutter Mane, L50|100/100\n|switch|p1b: Calyrex|Calyrex-Ice, L50|100/100\n|switch|p2a: Wolfgang|Incineroar, L50, M|100/100\n|switch|p2b: Beowulf|Urshifu-Rapid-Strike, L50, M|100/100\n|-ability|p1b: Calyrex|As One\n|-ability|p1b: Calyrex|Unnerve\n|-ability|p2a: Wolfgang|Intimidate|boost\n|-unboost|p1a: Flutter Mane|atk|1\n|-unboost|p1b: Calyrex|atk|1\n|turn|1\n|\n|t:|1773777192\n|-terastallize|p2b: Beowulf|Ghost\n|move|p2a: Wolfgang|Fake Out|p1b: Calyrex\n|-damage|p1b: Calyrex|95/100\n|move|p1a: Flutter Mane|Moonblast|p2a: Wolfgang\n|-damage|p2a: Wolfgang|66/100\n|-unboost|p2a: Wolfgang|spa|1\n|move|p2b: Beowulf|Surging Strikes|p1a: Flutter Mane\n|-crit|p1a: Flutter Mane\n|-damage|p1a: Flutter Mane|36/100\n|-crit|p1a: Flutter Mane\n|-damage|p1a: Flutter Mane|0 fnt\n|faint|p1a: Flutter Mane\n|-end|p1a: Flutter Mane|Protosynthesis|[silent]\n|-hitcount|p1: Flutter Mane|2\n|cant|p1b: Calyrex|flinch\n|\n|-heal|p1b: Calyrex|100/100|[from] item: Leftovers\n|upkeep\n|\n|t:|1773777198\n|switch|p1a: Kyogre|Kyogre, L50|100/100\n|-weather|RainDance|[from] ability: Drizzle|[of] p1a: Kyogre\n|turn|2\n|\n|t:|1773777215\n|move|p2b: Beowulf|Surging Strikes|p1b: Calyrex\n|-crit|p1b: Calyrex\n|-damage|p1b: Calyrex|79/100\n|-crit|p1b: Calyrex\n|-damage|p1b: Calyrex|54/100\n|-crit|p1b: Calyrex\n|-damage|p1b: Calyrex|31/100\n|-hitcount|p1b: Calyrex|3\n|move|p1a: Kyogre|Origin Pulse|p2a: Wolfgang|[spread] p2a,p2b\n|-supereffective|p2a: Wolfgang\n|-damage|p2a: Wolfgang|0 fnt\n|-damage|p2b: Beowulf|0 fnt\n|faint|p2a: Wolfgang\n|faint|p2b: Beowulf\n|move|p1b: Calyrex|Trick Room|p1b: Calyrex\n|-fieldstart|move: Trick Room|[of] p1b: Calyrex\n|\n|-weather|RainDance|[upkeep]\n|-heal|p1b: Calyrex|37/100|[from] item: Leftovers\n|upkeep\n|\n|t:|1773777228\n|switch|p2a: Drambor|Zamazenta-Crowned, L50|100/100\n|switch|p2b: Mithrandir|Calyrex-Shadow, L50|100/100\n|-ability|p2b: Mithrandir|As One\n|-ability|p2b: Mithrandir|Unnerve\n|-ability|p2a: Drambor|Dauntless Shield|boost\n|-boost|p2a: Drambor|def|1\n|turn|3\n|inactive|Mirthinion has 30 seconds left.\n|\n|t:|1773777259\n|move|p2a: Drambor|Protect|p2a: Drambor\n|-singleturn|p2a: Drambor|Protect\n|move|p2b: Mithrandir|Protect|p2b: Mithrandir\n|-singleturn|p2b: Mithrandir|Protect\n|move|p1b: Calyrex|Leech Seed|p2a: Drambor\n|-activate|p2a: Drambor|move: Protect\n|move|p1a: Kyogre|Origin Pulse|p2b: Mithrandir|[spread] \n|-activate|p2a: Drambor|move: Protect\n|-activate|p2b: Mithrandir|move: Protect\n|\n|-weather|RainDance|[upkeep]\n|-heal|p1b: Calyrex|43/100|[from] item: Leftovers\n|upkeep\n|turn|4\n|\n|t:|1773777274\n|-terastallize|p1b: Calyrex|Fairy\n|move|p1b: Calyrex|Leech Seed|p2b: Mithrandir\n|-start|p2b: Mithrandir|move: Leech Seed\n|move|p1a: Kyogre|Origin Pulse|p2a: Drambor|[spread] p2a,p2b\n|-damage|p2a: Drambor|28/100\n|-damage|p2b: Mithrandir|8/100\n|move|p2a: Drambor|Body Press|p1a: Kyogre\n|-damage|p1a: Kyogre|28/100\n|move|p2b: Mithrandir|Astral Barrage|p1a: Kyogre|[spread] p1a,p1b\n|-damage|p1a: Kyogre|0 fnt\n|-damage|p1b: Calyrex|11/100\n|faint|p1a: Kyogre\n|-ability|p2b: Mithrandir|Grim Neigh|boost\n|-boost|p2b: Mithrandir|spa|1\n|\n|-weather|RainDance|[upkeep]\n|-heal|p1b: Calyrex|16/100|[from] item: Leftovers\n|-damage|p2b: Mithrandir|0 fnt|[from] Leech Seed|[of] p1b: Calyrex\n|-heal|p1b: Calyrex|23/100|[silent]\n|faint|p2b: Mithrandir\n|upkeep\n|\n|t:|1773777280\n|switch|p1a: Basculegion|Basculegion, L50, M|100/100\n|turn|5\n|\n|t:|1773777297\n|move|p1a: Basculegion|Aqua Jet|p2a: Drambor\n|-damage|p2a: Drambor|10/100\n|-damage|p1a: Basculegion|91/100|[from] item: Life Orb\n|move|p1b: Calyrex|Leech Seed|p2a: Drambor\n|-start|p2a: Drambor|move: Leech Seed\n|move|p2a: Drambor|Behemoth Bash|p1b: Calyrex\n|-supereffective|p1b: Calyrex\n|-damage|p1b: Calyrex|0 fnt\n|faint|p1b: Calyrex\n|\n|-weather|RainDance|[upkeep]\n|upkeep\n|turn|6\n|\n|t:|1773777308\n|move|p2a: Drambor|Protect|p2a: Drambor\n|-singleturn|p2a: Drambor|Protect\n|move|p1a: Basculegion|Protect||[still]\n|-fail|p1a: Basculegion\n|\n|-weather|none\n|-fieldend|move: Trick Room\n|upkeep\n|turn|7\n|\n|t:|1773777320\n|move|p1a: Basculegion|Protect|p1a: Basculegion\n|-singleturn|p1a: Basculegion|Protect\n|move|p2a: Drambor|Behemoth Bash|p1a: Basculegion\n|-activate|p1a: Basculegion|move: Protect\n|\n|upkeep\n|turn|8\n|\n|t:|1773777327\n|move|p1a: Basculegion|Aqua Jet|p2a: Drambor\n|-crit|p2a: Drambor\n|-damage|p2a: Drambor|0 fnt\n|faint|p2a: Drambor\n|-damage|p1a: Basculegion|81/100|[from] item: Life Orb\n|\n|win|flamingorangexd\n|raw|flamingorangexd's rating: 1321 &rarr; <strong>1349</strong><br />(+28 for winning)\n|raw|Mirthinion's rating: 1467 &rarr; <strong>1439</strong><br />(-28 for losing)\n|l|\u2606flamingorangexd\n|player|p1|\n|c|\u2606Mirthinion|gg\n","uploadtime":1773777336,"views":86,"formatid":"gen9vgc2026regi","rating":1349,"private":0,"password":null}