{"id":"gen9vgc2026regi-2527507112","format":"[Gen 9] VGC 2026 Reg I","players":["cy2rexfiy","ArisHazard"],"log":"|j|\u203dcy2rexfiy\n|j|\u2606ArisHazard\n|t:|1769544567\n|gametype|doubles\n|player|p1|cy2rexfiy|265|1330\n|player|p2|ArisHazard|266|1330\n|gen|9\n|tier|[Gen 9] VGC 2026 Reg I\n|rated|\n|rule|Species Clause: Limit one of each Pok\u00e9mon\n|rule|Item Clause: Limit 1 of each item\n|clearpoke\n|poke|p1|Calyrex-Ice, L50|\n|poke|p1|Rillaboom, L50, M|\n|poke|p1|Incineroar, L50, F|\n|poke|p1|Terapagos, L50, M|\n|poke|p1|Walking Wake, L50|\n|poke|p1|Smeargle, L50, F|\n|poke|p2|Smeargle, L50, M|\n|poke|p2|Muk-Alola, L50, M|\n|poke|p2|Raging Bolt, L50|\n|poke|p2|Terapagos, L50, M|\n|poke|p2|Ho-Oh, L50|\n|poke|p2|Sableye, L50, M|\n|teampreview|4\n|inactive|Battle timer is ON: inactive players will automatically lose when time's up. (requested by cy2rexfiy)\n|\n|t:|1769544589\n|teamsize|p1|4\n|teamsize|p2|4\n|start\n|switch|p1a: Incineroar|Incineroar, L50, F|100/100\n|switch|p1b: Terapagos|Terapagos, L50, M|100/100\n|switch|p2a: Smeargle|Smeargle, L50, M|100/100\n|switch|p2b: Muk|Muk-Alola, L50, M|100/100\n|-activate|p1b: Terapagos|ability: Tera Shift\n|detailschange|p1b: Terapagos|Terapagos-Terastal, L50, M\n|-heal|p1b: Terapagos|100/100|[silent]\n|-ability|p1a: Incineroar|Intimidate|boost\n|-unboost|p2a: Smeargle|atk|1\n|-unboost|p2b: Muk|atk|1\n|turn|1\n|inactive|cy2rexfiy has 30 seconds left.\n|inactive|cy2rexfiy has 20 seconds left.\n|inactive|cy2rexfiy has 15 seconds left.\n|inactive|cy2rexfiy has 10 seconds left.\n|inactive|cy2rexfiy has 5 seconds left.\n|\n|t:|1769544642\n|move|p2a: Smeargle|Fake Out|p1b: Terapagos\n|-activate|p1b: Terapagos|ability: Tera Shell\n|-resisted|p1b: Terapagos\n|-damage|p1b: Terapagos|99/100\n|cant|p1b: Terapagos|flinch\n|move|p1a: Incineroar|Knock Off|p2b: Muk\n|-resisted|p2b: Muk\n|-damage|p2b: Muk|86/100\n|-enditem|p2b: Muk|Leftovers|[from] move: Knock Off|[of] p1a: Incineroar\n|move|p2b: Muk|Toxic|p1b: Terapagos\n|-status|p1b: Terapagos|tox\n|\n|-heal|p1b: Terapagos|100/100 tox|[from] item: Leftovers\n|-damage|p1b: Terapagos|95/100 tox|[from] psn\n|-ability|p2a: Smeargle|Moody|boost\n|-boost|p2a: Smeargle|def|2\n|-unboost|p2a: Smeargle|spe|1\n|upkeep\n|turn|2\n|\n|t:|1769544665\n|move|p2a: Smeargle|Follow Me|p2a: Smeargle\n|-singleturn|p2a: Smeargle|move: Follow Me\n|move|p1b: Terapagos|Earth Power|p2a: Smeargle\n|-damage|p2a: Smeargle|44/100\n|move|p1a: Incineroar|Knock Off|p2a: Smeargle\n|-damage|p2a: Smeargle|0 fnt\n|-enditem|p2a: Smeargle|Focus Sash|[from] move: Knock Off|[of] p1a: Incineroar\n|faint|p2a: Smeargle\n|-ability|p2b: Muk|Moody|Power of Alchemy|[from] ability: Power of Alchemy|[of] p2a: Smeargle\n|move|p2b: Muk|Minimize|p2b: Muk\n|-boost|p2b: Muk|evasion|2\n|\n|-heal|p1b: Terapagos|100/100 tox|[from] item: Leftovers\n|-damage|p1b: Terapagos|89/100 tox|[from] psn\n|-ability|p2b: Muk|Moody|boost\n|-boost|p2b: Muk|def|2\n|-unboost|p2b: Muk|spa|1\n|upkeep\n|\n|t:|1769544685\n|switch|p2a: Sableye|Sableye, L50, M|100/100\n|turn|3\n|\n|t:|1769544704\n|move|p2a: Sableye|Disable|p1b: Terapagos\n|-start|p1b: Terapagos|Disable|Earth Power\n|cant|p1b: Terapagos|Disable|Earth Power\n|move|p1a: Incineroar|Knock Off|p2a: Sableye\n|-damage|p2a: Sableye|47/100\n|-enditem|p2a: Sableye|Sitrus Berry|[from] move: Knock Off|[of] p1a: Incineroar\n|move|p2b: Muk|Minimize|p2b: Muk\n|-boost|p2b: Muk|evasion|2\n|\n|-heal|p1b: Terapagos|95/100 tox|[from] item: Leftovers\n|-damage|p1b: Terapagos|77/100 tox|[from] psn\n|-ability|p2b: Muk|Moody|boost\n|-boost|p2b: Muk|spe|2\n|-unboost|p2b: Muk|spa|1\n|upkeep\n|turn|4\n|\n|t:|1769544721\n|switch|p1b: Calyrex|Calyrex-Ice, L50|100/100\n|-ability|p1b: Calyrex|As One\n|-ability|p1b: Calyrex|Unnerve\n|move|p2a: Sableye|Encore||[still]\n|-fail|p2a: Sableye\n|move|p2b: Muk|Toxic|p1a: Incineroar\n|-status|p1a: Incineroar|tox\n|move|p1a: Incineroar|Snarl|p2a: Sableye|[spread] p2a,p2b\n|-resisted|p2b: Muk\n|-damage|p2a: Sableye|33/100\n|-damage|p2b: Muk|82/100\n|-unboost|p2a: Sableye|spa|1\n|-unboost|p2b: Muk|spa|1\n|\n|-damage|p1a: Incineroar|95/100 tox|[from] psn\n|-ability|p2b: Muk|Moody|boost\n|-boost|p2b: Muk|spd|2\n|-unboost|p2b: Muk|atk|1\n|upkeep\n|turn|5\n|\n|t:|1769544743\n|move|p2a: Sableye|Protect|p2a: Sableye\n|-singleturn|p2a: Sableye|Protect\n|move|p2b: Muk|Toxic|p1b: Calyrex\n|-status|p1b: Calyrex|tox\n|move|p1a: Incineroar|Knock Off|p2a: Sableye\n|-activate|p2a: Sableye|move: Protect\n|move|p1b: Calyrex|Leech Seed|p2b: Muk|[miss]\n|-miss|p1b: Calyrex|p2b: Muk\n|\n|-damage|p1a: Incineroar|83/100 tox|[from] psn\n|-damage|p1b: Calyrex|95/100 tox|[from] psn\n|-ability|p2b: Muk|Moody|boost\n|-boost|p2b: Muk|spa|2\n|-unboost|p2b: Muk|spd|1\n|upkeep\n|turn|6\n|inactive|cy2rexfiy has 30 seconds left.\n|\n|t:|1769544769\n|move|p2a: Sableye|Disable|p1b: Calyrex\n|-start|p1b: Calyrex|Disable|Leech Seed\n|move|p2b: Muk|Minimize|p2b: Muk\n|-boost|p2b: Muk|evasion|2\n|move|p1a: Incineroar|Parting Shot|p2a: Sableye\n|-unboost|p2a: Sableye|atk|1\n|-unboost|p2a: Sableye|spa|1\n|\n|t:|1769544775\n|switch|p1a: Terapagos|Terapagos-Terastal, L50, M|77/100 tox|[from] Parting Shot\n|cant|p1b: Calyrex|Disable|Leech Seed\n|\n|-heal|p1a: Terapagos|83/100 tox|[from] item: Leftovers\n|-damage|p1a: Terapagos|77/100 tox|[from] psn\n|-damage|p1b: Calyrex|83/100 tox|[from] psn\n|-ability|p2b: Muk|Moody|boost\n|-boost|p2b: Muk|def|2\n|-unboost|p2b: Muk|spa|1\n|upkeep\n|turn|7\n|\n|t:|1769544791\n|switch|p2a: Ho-Oh|Ho-Oh, L50|100/100\n|switch|p1b: Incineroar|Incineroar, L50, F|83/100 tox\n|-ability|p1b: Incineroar|Intimidate|boost\n|-fail|p2a: Ho-Oh|unboost|[from] item: Clear Amulet|[of] p2a: Ho-Oh\n|-unboost|p2b: Muk|atk|1\n|move|p2b: Muk|Knock Off|p1a: Terapagos\n|-damage|p1a: Terapagos|66/100 tox\n|-enditem|p1a: Terapagos|Leftovers|[from] move: Knock Off|[of] p2b: Muk\n|move|p1a: Terapagos|Earth Power|p2a: Ho-Oh\n|-immune|p2a: Ho-Oh\n|\n|-damage|p1a: Terapagos|55/100 tox|[from] psn\n|-damage|p1b: Incineroar|77/100 tox|[from] psn\n|-ability|p2b: Muk|Moody|boost\n|-boost|p2b: Muk|spa|2\n|-unboost|p2b: Muk|atk|1\n|upkeep\n|turn|8\n|inactive|cy2rexfiy has 30 seconds left.\n|-message|cy2rexfiy forfeited.\n|\n|win|ArisHazard\n|raw|cy2rexfiy's rating: 1330 &rarr; <strong>1310</strong><br />(-20 for losing)\n|raw|ArisHazard's rating: 1330 &rarr; <strong>1350</strong><br />(+20 for winning)\n|l|\u203dcy2rexfiy\n|player|p1|\n|c|\u2606ArisHazard|Gg\n|l|\u2606ArisHazard\n|player|p2|\n","uploadtime":1769545032,"views":13,"formatid":"gen9vgc2026regi","rating":1310,"private":0,"password":null}