{"id":"gen9vgc2026regi-2561519977","format":"[Gen 9] VGC 2026 Reg I","players":["It'sJustKen VGC","daniiivgc"],"log":"|j|\u2606It'sJustKen VGC\n|j|\u203ddaniiivgc\n|t:|1773806121\n|gametype|doubles\n|player|p1|It'sJustKen VGC|1|1438\n|player|p2|daniiivgc|giovanni|1488\n|gen|9\n|tier|[Gen 9] VGC 2026 Reg I\n|rated|\n|rule|Species Clause: Limit one of each Pok\u00e9mon\n|rule|Item Clause: Limit 1 of each item\n|clearpoke\n|poke|p1|Iron Hands, L50|\n|poke|p1|Incineroar, L50, M|\n|poke|p1|Calyrex-Shadow, L50|\n|poke|p1|Whimsicott, L50, M|\n|poke|p1|Farigiraf, L50, F|\n|poke|p1|Miraidon, L50|\n|poke|p2|Infernape, L50, M|\n|poke|p2|Groudon, L50|\n|poke|p2|Walking Wake, L50|\n|poke|p2|Raging Bolt, L50|\n|poke|p2|Zacian-*, L50|\n|poke|p2|Annihilape, L50, F|\n|teampreview|4\n|inactive|Battle timer is ON: inactive players will automatically lose when time's up. (requested by It'sJustKen VGC)\n|inactive|It'sJustKen VGC has 60 seconds left.\n|\n|t:|1773806172\n|teamsize|p1|4\n|teamsize|p2|4\n|start\n|switch|p1a: Miraidon|Miraidon, L50, shiny|100/100\n|switch|p1b: Whimsicott|Whimsicott, L50, M|100/100\n|switch|p2a: Infernape|Infernape, L50, M|100/100\n|switch|p2b: Groudon|Groudon, L50|100/100\n|-fieldstart|move: Electric Terrain|[from] ability: Hadron Engine|[of] p1a: Miraidon\n|-weather|SunnyDay|[from] ability: Drought|[of] p2b: Groudon\n|turn|1\n|\n|t:|1773806191\n|-terastallize|p1a: Miraidon|Fairy\n|move|p1b: Whimsicott|Moonblast|p2a: Infernape\n|-damage|p2a: Infernape|55/100\n|-unboost|p2a: Infernape|spa|1\n|move|p2a: Infernape|Flamethrower|p1b: Whimsicott\n|-supereffective|p1b: Whimsicott\n|-crit|p1b: Whimsicott\n|-damage|p1b: Whimsicott|0 fnt\n|faint|p1b: Whimsicott\n|move|p1a: Miraidon|Volt Switch|p2a: Infernape\n|-damage|p2a: Infernape|0 fnt\n|faint|p2a: Infernape\n|\n|t:|1773806198\n|switch|p1a: Incineroar|Incineroar, L50, M|100/100|[from] Volt Switch\n|-ability|p1a: Incineroar|Intimidate|boost\n|-unboost|p2b: Groudon|atk|1\n|move|p2b: Groudon|Precipice Blades|p1a: Incineroar\n|-supereffective|p1a: Incineroar\n|-damage|p1a: Incineroar|22/100\n|\n|-weather|SunnyDay|[upkeep]\n|upkeep\n|\n|t:|1773806217\n|switch|p1b: Calyrex|Calyrex-Shadow, L50|100/100\n|switch|p2a: Raging Bolt|Raging Bolt, L50|100/100\n|-ability|p1b: Calyrex|As One\n|-ability|p1b: Calyrex|Unnerve\n|-activate|p2a: Raging Bolt|ability: Protosynthesis\n|-start|p2a: Raging Bolt|protosynthesisspa\n|turn|2\n|\n|t:|1773806231\n|move|p1a: Incineroar|Fake Out|p2b: Groudon\n|-damage|p2b: Groudon|94/100\n|move|p1b: Calyrex|Astral Barrage|p2a: Raging Bolt|[spread] p2a,p2b\n|-crit|p2a: Raging Bolt\n|-damage|p2a: Raging Bolt|21/100\n|-damage|p2b: Groudon|60/100\n|cant|p2b: Groudon|flinch\n|move|p2a: Raging Bolt|Thunderbolt|p1b: Calyrex\n|-enditem|p1b: Calyrex|Focus Sash\n|-damage|p1b: Calyrex|1/100\n|-damage|p2a: Raging Bolt|11/100|[from] item: Life Orb\n|\n|-weather|SunnyDay|[upkeep]\n|upkeep\n|turn|3\n|inactive|daniiivgc has 30 seconds left.\n|\n|t:|1773806260\n|move|p1b: Calyrex|Protect|p1b: Calyrex\n|-singleturn|p1b: Calyrex|Protect\n|move|p2a: Raging Bolt|Thunderclap||[still]\n|-fail|p2a: Raging Bolt\n|move|p2b: Groudon|High Horsepower|p1a: Incineroar\n|-supereffective|p1a: Incineroar\n|-damage|p1a: Incineroar|0 fnt\n|-damage|p2b: Groudon|43/100|[from] item: Rocky Helmet|[of] p1a: Incineroar\n|faint|p1a: Incineroar\n|\n|-weather|SunnyDay|[upkeep]\n|upkeep\n|\n|t:|1773806280\n|switch|p1a: Miraidon|Miraidon, L50, shiny, tera:Fairy|100/100\n|-activate|p1a: Miraidon|ability: Hadron Engine\n|turn|4\n|inactive|daniiivgc has 30 seconds left.\n|j| Kaiju Krush\n|\n|t:|1773806313\n|-terastallize|p2a: Raging Bolt|Electric\n|move|p1b: Calyrex|Protect||[still]\n|-fail|p1b: Calyrex\n|move|p2a: Raging Bolt|Thunderclap|p1a: Miraidon\n|-damage|p1a: Miraidon|1/100\n|-damage|p2a: Raging Bolt|2/100|[from] item: Life Orb\n|move|p1a: Miraidon|Dazzling Gleam|p2a: Raging Bolt|[spread] p2a,p2b\n|-damage|p2a: Raging Bolt|0 fnt\n|-damage|p2b: Groudon|5/100\n|faint|p2a: Raging Bolt\n|-end|p2a: Raging Bolt|Protosynthesis|[silent]\n|move|p2b: Groudon|Heat Crash|p1b: Calyrex\n|-crit|p1b: Calyrex\n|-damage|p1b: Calyrex|0 fnt\n|faint|p1b: Calyrex\n|\n|-weather|SunnyDay|[upkeep]\n|upkeep\n|\n|t:|1773806322\n|switch|p2a: Zacian|Zacian-Crowned, L50|100/100\n|-ability|p2a: Zacian|Intrepid Sword|boost\n|-boost|p2a: Zacian|atk|1\n|turn|5\n|inactive|It'sJustKen VGC has 30 seconds left.\n|inactive|It'sJustKen VGC has 20 seconds left.\n|inactive|It'sJustKen VGC has 15 seconds left.\n|inactive|It'sJustKen VGC has 10 seconds left.\n|inactive|It'sJustKen VGC has 5 seconds left.\n|\n|t:|1773806377\n|move|p2a: Zacian|Behemoth Blade|p1a: Miraidon\n|-supereffective|p1a: Miraidon\n|-damage|p1a: Miraidon|0 fnt\n|faint|p1a: Miraidon\n|\n|win|daniiivgc\n|raw|It&apos;sJustKen VGC's rating: 1438 &rarr; <strong>1421</strong><br />(-17 for losing)\n|raw|daniiivgc's rating: 1488 &rarr; <strong>1505</strong><br />(+17 for winning)\n|l|\u203ddaniiivgc\n|player|p2|\n","uploadtime":1773806405,"views":15,"formatid":"gen9vgc2026regi","rating":1421,"private":0,"password":null}