{"id":"gen9vgc2026regi-2530654009","format":"[Gen 9] VGC 2026 Reg I","players":["i\u2764\u5a1c\u7984forever","Like a Fish"],"log":"|j|\u2606i\u2764\u5a1c\u7984forever\n|j|\u2606Like a Fish\n|t:|1769956236\n|gametype|doubles\n|player|p1|i\u2764\u5a1c\u7984forever|youngcouple|1509\n|player|p2|Like a Fish|n|1488\n|gen|9\n|tier|[Gen 9] VGC 2026 Reg I\n|rated|\n|rule|Species Clause: Limit one of each Pok\u00e9mon\n|rule|Item Clause: Limit 1 of each item\n|clearpoke\n|poke|p1|Groudon, L50|\n|poke|p1|Kyurem-White, L50|\n|poke|p1|Heatran, L50, F|\n|poke|p1|Whimsicott, L50, F|\n|poke|p1|Roaring Moon, L50|\n|poke|p1|Ditto, L50|\n|poke|p2|Chien-Pao, L50|\n|poke|p2|Zamazenta-*, L50|\n|poke|p2|Tornadus, L50, M|\n|poke|p2|Urshifu-*, L50, F|\n|poke|p2|Dragonite, L50, F|\n|poke|p2|Calyrex-Shadow, L50|\n|teampreview|4\n|inactive|Battle timer is ON: inactive players will automatically lose when time's up. (requested by Like a Fish)\n|inactive|Like a Fish has 60 seconds left.\n|\n|t:|1769956275\n|teamsize|p1|4\n|teamsize|p2|4\n|start\n|switch|p1a: Whimsicott|Whimsicott, L50, F|100/100\n|switch|p1b: Kyurem|Kyurem-White, L50|100/100\n|switch|p2a: Tornadus|Tornadus, L50, M|100/100\n|switch|p2b: Urshifu|Urshifu-Rapid-Strike, L50, F|100/100\n|-ability|p1b: Kyurem|Turboblaze\n|turn|1\n|\n|t:|1769956296\n|-terastallize|p2a: Tornadus|Water\n|move|p1a: Whimsicott|Tailwind|p1a: Whimsicott\n|-sidestart|p1: i\u2764\u5a1c\u7984forever|move: Tailwind\n|move|p2a: Tornadus|Tailwind|p2a: Tornadus\n|-sidestart|p2: Like a Fish|move: Tailwind\n|move|p2b: Urshifu|Close Combat|p1b: Kyurem\n|-supereffective|p1b: Kyurem\n|-damage|p1b: Kyurem|0 fnt\n|-unboost|p2b: Urshifu|def|1\n|-unboost|p2b: Urshifu|spd|1\n|faint|p1b: Kyurem\n|\n|upkeep\n|\n|t:|1769956309\n|switch|p1b: Groudon|Groudon, L50|100/100\n|-weather|SunnyDay|[from] ability: Drought|[of] p1b: Groudon\n|turn|2\n|\n|t:|1769956323\n|switch|p2b: Dragonite|Dragonite, L50, F|100/100\n|move|p2a: Tornadus|Rain Dance|p2a: Tornadus\n|-weather|RainDance\n|move|p1a: Whimsicott|Energy Ball|p2b: Dragonite\n|-resisted|p2b: Dragonite\n|-damage|p2b: Dragonite|96/100\n|move|p1b: Groudon|Precipice Blades|p2b: Dragonite|[spread] \n|-immune|p2b: Dragonite\n|-miss|p1b: Groudon|p2a: Tornadus\n|\n|-weather|RainDance|[upkeep]\n|upkeep\n|turn|3\n|inactive|i\u2764\u5a1c\u7984forever has 30 seconds left.\n|\n|t:|1769956352\n|move|p2b: Dragonite|Extreme Speed|p1a: Whimsicott\n|-damage|p1a: Whimsicott|15/100\n|move|p1a: Whimsicott|Energy Ball|p2a: Tornadus\n|-supereffective|p2a: Tornadus\n|-damage|p2a: Tornadus|13/100\n|move|p2a: Tornadus|Bleakwind Storm|p1a: Whimsicott|[spread] p1a,p1b\n|-supereffective|p1a: Whimsicott\n|-damage|p1a: Whimsicott|0 fnt\n|-damage|p1b: Groudon|77/100\n|-unboost|p1b: Groudon|spe|1\n|faint|p1a: Whimsicott\n|move|p1b: Groudon|Crunch|p2a: Tornadus\n|-damage|p2a: Tornadus|0 fnt\n|faint|p2a: Tornadus\n|\n|-weather|RainDance|[upkeep]\n|upkeep\n|\n|t:|1769956370\n|switch|p1a: Ditto|Ditto, L50|100/100\n|switch|p2a: Urshifu|Urshifu-Rapid-Strike, L50, F|100/100\n|-transform|p1a: Ditto|p2b: Dragonite|[from] ability: Imposter\n|turn|4\n|\n|t:|1769956386\n|-terastallize|p1b: Groudon|Water\n|move|p2b: Dragonite|Extreme Speed|p1a: Ditto\n|-damage|p1a: Ditto|75/100\n|move|p2a: Urshifu|Surging Strikes|p1b: Groudon\n|-resisted|p1b: Groudon\n|-crit|p1b: Groudon\n|-damage|p1b: Groudon|65/100\n|-resisted|p1b: Groudon\n|-crit|p1b: Groudon\n|-damage|p1b: Groudon|54/100\n|-resisted|p1b: Groudon\n|-crit|p1b: Groudon\n|-damage|p1b: Groudon|44/100\n|-hitcount|p1b: Groudon|3\n|move|p1a: Ditto|Outrage|p2a: Urshifu\n|-damage|p2a: Urshifu|28/100\n|move|p1b: Groudon|Precipice Blades|p2a: Urshifu|[spread] p2a\n|-immune|p2b: Dragonite\n|-damage|p2a: Urshifu|0 fnt\n|faint|p2a: Urshifu\n|\n|-weather|RainDance|[upkeep]\n|-sideend|p2: Like a Fish|move: Tailwind\n|-sideend|p1: i\u2764\u5a1c\u7984forever|move: Tailwind\n|upkeep\n|\n|t:|1769956405\n|switch|p2a: Zamazenta|Zamazenta-Crowned, L50|100/100\n|-ability|p2a: Zamazenta|Dauntless Shield|boost\n|-boost|p2a: Zamazenta|def|1\n|turn|5\n|\n|t:|1769956413\n|move|p2b: Dragonite|Extreme Speed|p1a: Ditto|[miss]\n|-miss|p2b: Dragonite|p1a: Ditto\n|move|p2a: Zamazenta|Body Press|p1b: Groudon\n|-damage|p1b: Groudon|2/100\n|move|p1a: Ditto|Outrage|p2b: Dragonite|[from] lockedmove\n|-supereffective|p2b: Dragonite\n|-damage|p2b: Dragonite|0 fnt\n|faint|p2b: Dragonite\n|-start|p1a: Ditto|confusion|[fatigue]\n|move|p1b: Groudon|Precipice Blades|p2a: Zamazenta\n|-supereffective|p2a: Zamazenta\n|-damage|p2a: Zamazenta|48/100\n|\n|-weather|RainDance|[upkeep]\n|upkeep\n|turn|6\n|\n|t:|1769956434\n|move|p2a: Zamazenta|Body Press|p1b: Groudon\n|-damage|p1b: Groudon|0 fnt\n|faint|p1b: Groudon\n|-activate|p1a: Ditto|confusion\n|move|p1a: Ditto|Low Kick|p2a: Zamazenta\n|-supereffective|p2a: Zamazenta\n|-damage|p2a: Zamazenta|14/100\n|\n|-weather|none\n|upkeep\n|turn|7\n|\n|t:|1769956445\n|move|p2a: Zamazenta|Protect|p2a: Zamazenta\n|-singleturn|p2a: Zamazenta|Protect\n|-end|p1a: Ditto|confusion\n|move|p1a: Ditto|Low Kick|p2a: Zamazenta\n|-activate|p2a: Zamazenta|move: Protect\n|\n|upkeep\n|turn|8\n|\n|t:|1769956452\n|move|p2a: Zamazenta|Heavy Slam|p1a: Ditto\n|-damage|p1a: Ditto|39/100\n|move|p1a: Ditto|Low Kick|p2a: Zamazenta\n|-supereffective|p2a: Zamazenta\n|-crit|p2a: Zamazenta\n|-damage|p2a: Zamazenta|0 fnt\n|faint|p2a: Zamazenta\n|\n|win|i\u2764\u5a1c\u7984forever\n|raw|i\u2764\u5a1c\u7984forever's rating: 1509 &rarr; <strong>1528</strong><br />(+19 for winning)\n|raw|Like a Fish's rating: 1488 &rarr; <strong>1469</strong><br />(-19 for losing)\n|l|\u2606Like a Fish\n|player|p2|\n|l|\u2606i\u2764\u5a1c\u7984forever\n|player|p1|\n","uploadtime":1769956707,"views":43,"formatid":"gen9vgc2026regi","rating":1469,"private":0,"password":null}