{"id":"gen9vgc2026regi-2548202803","format":"[Gen 9] VGC 2026 Reg I","players":["blkolgl","xiaoliyunVGC"],"log":"|j|\u2606blkolgl\n|j|\u2606xiaoliyunVGC\n|t:|1772186537\n|gametype|doubles\n|player|p1|blkolgl|101|1303\n|player|p2|xiaoliyunVGC|liko|1470\n|gen|9\n|tier|[Gen 9] VGC 2026 Reg I\n|rated|\n|rule|Species Clause: Limit one of each Pok\u00e9mon\n|rule|Item Clause: Limit 1 of each item\n|clearpoke\n|poke|p1|Calyrex-Shadow, L50|\n|poke|p1|Zamazenta-*, L50|\n|poke|p1|Incineroar, L50, F|\n|poke|p1|Amoonguss, L50, F|\n|poke|p1|Raging Bolt, L50|\n|poke|p1|Ogerpon-Cornerstone, L50, F|\n|poke|p2|Zamazenta-*, L50|\n|poke|p2|Kyogre, L50|\n|poke|p2|Raichu, L50, F|\n|poke|p2|Flutter Mane, L50|\n|poke|p2|Tornadus, L50, M|\n|poke|p2|Kingambit, L50, M|\n|teampreview|4\n|inactive|Battle timer is ON: inactive players will automatically lose when time's up. (requested by blkolgl)\n|inactive|xiaoliyunVGC also wants the timer to be on.\n|\n|t:|1772186563\n|teamsize|p1|4\n|teamsize|p2|4\n|start\n|switch|p1a: Amoonguss|Amoonguss, L50, F|100/100\n|switch|p1b: Zamazenta|Zamazenta-Crowned, L50|100/100\n|switch|p2a: Kyogre|Kyogre, L50|100/100\n|switch|p2b: Raichu|Raichu, L50, F|100/100\n|-weather|RainDance|[from] ability: Drizzle|[of] p2a: Kyogre\n|-ability|p1b: Zamazenta|Dauntless Shield|boost\n|-boost|p1b: Zamazenta|def|1\n|turn|1\n|\n|t:|1772186580\n|-terastallize|p2a: Kyogre|Water\n|move|p1b: Zamazenta|Wide Guard|p1b: Zamazenta\n|-singleturn|p1b: Zamazenta|Wide Guard\n|move|p2b: Raichu|Feint|p1b: Zamazenta\n|-activate|p1b: Zamazenta|move: Feint\n|-resisted|p1b: Zamazenta\n|-damage|p1b: Zamazenta|99/100\n|move|p2a: Kyogre|Water Spout|p1b: Zamazenta|[spread] p1a,p1b\n|-resisted|p1a: Amoonguss\n|-damage|p1a: Amoonguss|41/100\n|-damage|p1b: Zamazenta|6/100\n|move|p1a: Amoonguss|Spore|p2a: Kyogre\n|-status|p2a: Kyogre|slp|[from] move: Spore\n|\n|-weather|RainDance|[upkeep]\n|upkeep\n|turn|2\n|\n|t:|1772186597\n|move|p1a: Amoonguss|Rage Powder|p1a: Amoonguss\n|-singleturn|p1a: Amoonguss|move: Rage Powder\n|cant|p2a: Kyogre|slp\n|move|p2b: Raichu|Nuzzle|p1a: Amoonguss\n|-resisted|p1a: Amoonguss\n|-damage|p1a: Amoonguss|38/100\n|-status|p1a: Amoonguss|par\n|-damage|p2b: Raichu|84/100|[from] item: Rocky Helmet|[of] p1a: Amoonguss\n|move|p1b: Zamazenta|Body Press|p2b: Raichu\n|-damage|p2b: Raichu|0 fnt\n|faint|p2b: Raichu\n|\n|-weather|RainDance|[upkeep]\n|upkeep\n|\n|t:|1772186608\n|switch|p2b: Flutter Mane|Flutter Mane, L50|100/100\n|-enditem|p2b: Flutter Mane|Booster Energy\n|-activate|p2b: Flutter Mane|ability: Protosynthesis|[fromitem]\n|-start|p2b: Flutter Mane|protosynthesisspe\n|turn|3\n|\n|t:|1772186625\n|move|p1b: Zamazenta|Wide Guard|p1b: Zamazenta\n|-singleturn|p1b: Zamazenta|Wide Guard\n|move|p2b: Flutter Mane|Taunt|p1a: Amoonguss\n|-start|p1a: Amoonguss|move: Taunt\n|cant|p2a: Kyogre|slp\n|cant|p1a: Amoonguss|move: Taunt|Spore\n|\n|-weather|RainDance|[upkeep]\n|upkeep\n|turn|4\n|\n|t:|1772186639\n|switch|p1b: Raging Bolt|Raging Bolt, L50|100/100\n|move|p2b: Flutter Mane|Moonblast|p1b: Raging Bolt\n|-supereffective|p1b: Raging Bolt\n|-damage|p1b: Raging Bolt|12/100\n|cant|p2a: Kyogre|slp\n|move|p1a: Amoonguss|Sludge Bomb|p2b: Flutter Mane\n|-damage|p2b: Flutter Mane|71/100\n|\n|-weather|RainDance|[upkeep]\n|upkeep\n|turn|5\n|\n|t:|1772186657\n|switch|p2a: Zamazenta|Zamazenta-Crowned, L50, shiny|100/100\n|-ability|p2a: Zamazenta|Dauntless Shield|boost\n|-boost|p2a: Zamazenta|def|1\n|-terastallize|p1b: Raging Bolt|Electric\n|move|p1b: Raging Bolt|Thunderclap||[still]\n|-fail|p1b: Raging Bolt\n|move|p2b: Flutter Mane|Icy Wind|p1b: Raging Bolt|[spread] p1b\n|-miss|p2b: Flutter Mane|p1a: Amoonguss\n|-damage|p1b: Raging Bolt|0 fnt\n|faint|p1b: Raging Bolt\n|-end|p1b: Raging Bolt|Protosynthesis|[silent]\n|move|p1a: Amoonguss|Sludge Bomb|p2b: Flutter Mane\n|-damage|p2b: Flutter Mane|45/100\n|-status|p2b: Flutter Mane|psn\n|\n|-weather|none\n|-damage|p2b: Flutter Mane|33/100 psn|[from] psn\n|-end|p1a: Amoonguss|move: Taunt\n|upkeep\n|\n|t:|1772186668\n|switch|p1b: Calyrex|Calyrex-Shadow, L50|100/100\n|-ability|p1b: Calyrex|As One\n|-ability|p1b: Calyrex|Unnerve\n|turn|6\n|inactive|xiaoliyunVGC has 30 seconds left.\n|\n|t:|1772186693\n|move|p1b: Calyrex|Protect|p1b: Calyrex\n|-singleturn|p1b: Calyrex|Protect\n|move|p2b: Flutter Mane|Icy Wind|p1b: Calyrex|[spread] p1a\n|-activate|p1b: Calyrex|move: Protect\n|-supereffective|p1a: Amoonguss\n|-damage|p1a: Amoonguss|12/100 par\n|-unboost|p1a: Amoonguss|spe|1\n|move|p2a: Zamazenta|Behemoth Bash|p1b: Calyrex\n|-activate|p1b: Calyrex|move: Protect\n|move|p1a: Amoonguss|Spore|p2a: Zamazenta\n|-status|p2a: Zamazenta|slp|[from] move: Spore\n|\n|-damage|p2b: Flutter Mane|20/100 psn|[from] psn\n|upkeep\n|turn|7\n|inactive|xiaoliyunVGC has 30 seconds left.\n|\n|t:|1772186729\n|move|p2b: Flutter Mane|Moonblast|p1b: Calyrex\n|-damage|p1b: Calyrex|52/100\n|-unboost|p1b: Calyrex|spa|1\n|move|p1b: Calyrex|Astral Barrage|p2a: Zamazenta|[spread] p2a,p2b\n|-supereffective|p2b: Flutter Mane\n|-damage|p2a: Zamazenta|76/100 slp\n|-damage|p2b: Flutter Mane|0 fnt\n|faint|p2b: Flutter Mane\n|-end|p2b: Flutter Mane|Protosynthesis|[silent]\n|-ability|p1b: Calyrex|Grim Neigh|boost\n|-boost|p1b: Calyrex|spa|1\n|cant|p2a: Zamazenta|slp\n|cant|p1a: Amoonguss|par\n|\n|upkeep\n|\n|t:|1772186743\n|switch|p2b: Kyogre|Kyogre, L50, tera:Water|100/100 slp\n|-weather|RainDance|[from] ability: Drizzle|[of] p2b: Kyogre\n|turn|8\n|\n|t:|1772186754\n|move|p1b: Calyrex|Protect|p1b: Calyrex\n|-singleturn|p1b: Calyrex|Protect\n|-curestatus|p2b: Kyogre|slp|[msg]\n|move|p2b: Kyogre|Thunder|p1a: Amoonguss\n|-resisted|p1a: Amoonguss\n|-damage|p1a: Amoonguss|0 fnt\n|faint|p1a: Amoonguss\n|-curestatus|p2a: Zamazenta|slp|[msg]\n|move|p2a: Zamazenta|Behemoth Bash|p1b: Calyrex\n|-activate|p1b: Calyrex|move: Protect\n|\n|-weather|RainDance|[upkeep]\n|upkeep\n|\n|t:|1772186759\n|switch|p1a: Zamazenta|Zamazenta-Crowned, L50|6/100\n|turn|9\n|inactive|blkolgl has 30 seconds left.\n|\n|t:|1772186785\n|move|p2b: Kyogre|Thunder|p1a: Zamazenta\n|-damage|p1a: Zamazenta|0 fnt\n|faint|p1a: Zamazenta\n|move|p1b: Calyrex|Astral Barrage|p2a: Zamazenta|[spread] p2a,p2b\n|-damage|p2a: Zamazenta|40/100\n|-damage|p2b: Kyogre|56/100\n|move|p2a: Zamazenta|Behemoth Bash|p1b: Calyrex\n|-damage|p1b: Calyrex|3/100\n|\n|-weather|RainDance|[upkeep]\n|upkeep\n|turn|10\n|\n|t:|1772186797\n|move|p2b: Kyogre|Thunder|p1b: Calyrex\n|-damage|p1b: Calyrex|0 fnt\n|faint|p1b: Calyrex\n|\n|win|xiaoliyunVGC\n|raw|blkolgl's rating: 1303 &rarr; <strong>1292</strong><br />(-11 for losing)\n|raw|xiaoliyunVGC's rating: 1470 &rarr; <strong>1481</strong><br />(+11 for winning)\n|l|\u2606blkolgl\n|player|p1|\n","uploadtime":1772187057,"views":12,"formatid":"gen9vgc2026regi","rating":1292,"private":0,"password":null}