{"id":"gen9vgc2026regi-2535855371","format":"[Gen 9] VGC 2026 Reg I","players":["Unskilled99","fogdocker"],"log":"|j|\u2606Unskilled99\n|j|\u2606fogdocker\n|t:|1770621071\n|gametype|doubles\n|player|p1|Unskilled99|unknown|1566\n|player|p2|fogdocker|101|1485\n|gen|9\n|tier|[Gen 9] VGC 2026 Reg I\n|rated|\n|rule|Species Clause: Limit one of each Pok\u00e9mon\n|rule|Item Clause: Limit 1 of each item\n|clearpoke\n|poke|p1|Calyrex-Ice, L50|\n|poke|p1|Miraidon, L50|\n|poke|p1|Incineroar, L50, F|\n|poke|p1|Urshifu-*, L50, M|\n|poke|p1|Landorus, L50, M|\n|poke|p1|Amoonguss, L50, M|\n|poke|p2|Calyrex-Ice, L50|\n|poke|p2|Koraidon, L50|\n|poke|p2|Flutter Mane, L50|\n|poke|p2|Incineroar, L50, M|\n|poke|p2|Rillaboom, L50, F|\n|poke|p2|Volcarona, L50, F|\n|teampreview|4\n|\n|t:|1770621091\n|teamsize|p1|4\n|teamsize|p2|4\n|start\n|switch|p1a: Incineroar|Incineroar, L50, F|100/100\n|switch|p1b: Calyrex|Calyrex-Ice, L50|100/100\n|switch|p2a: Koraidon|Koraidon, L50|100/100\n|switch|p2b: Rillaboom|Rillaboom, L50, F|100/100\n|-ability|p1b: Calyrex|As One\n|-ability|p1b: Calyrex|Unnerve\n|-weather|SunnyDay|[from] ability: Orichalcum Pulse|[of] p2a: Koraidon\n|-activate|p2a: Koraidon|Orichalcum Pulse|[source]\n|-fieldstart|move: Grassy Terrain|[from] ability: Grassy Surge|[of] p2b: Rillaboom\n|-ability|p1a: Incineroar|Intimidate|boost\n|-unboost|p2a: Koraidon|atk|1\n|-unboost|p2b: Rillaboom|atk|1\n|turn|1\n|\n|t:|1770621101\n|switch|p2b: Volcarona|Volcarona, L50, F|100/100\n|switch|p1a: Amoonguss|Amoonguss, L50, M|100/100\n|move|p2a: Koraidon|Protect|p2a: Koraidon\n|-singleturn|p2a: Koraidon|Protect\n|move|p1b: Calyrex|Protect||[still]\n|-fail|p1b: Calyrex\n|\n|-weather|SunnyDay|[upkeep]\n|upkeep\n|turn|2\n|\n|t:|1770621119\n|-terastallize|p2a: Koraidon|Fire\n|-terastallize|p1b: Calyrex|Fire\n|move|p1a: Amoonguss|Protect|p1a: Amoonguss\n|-singleturn|p1a: Amoonguss|Protect\n|move|p2a: Koraidon|Flare Blitz|p1a: Amoonguss\n|-activate|p1a: Amoonguss|move: Protect\n|move|p2b: Volcarona|Heat Wave|p1b: Calyrex|[spread] p1b\n|-activate|p1a: Amoonguss|move: Protect\n|-resisted|p1b: Calyrex\n|-damage|p1b: Calyrex|86/100\n|move|p1b: Calyrex|Trick Room|p1b: Calyrex\n|-fieldstart|move: Trick Room|[of] p1b: Calyrex\n|\n|-weather|SunnyDay|[upkeep]\n|-heal|p1b: Calyrex|92/100|[from] Grassy Terrain\n|upkeep\n|turn|3\n|\n|t:|1770621139\n|switch|p2a: Calyrex|Calyrex-Ice, L50|100/100\n|-ability|p2a: Calyrex|As One\n|-ability|p2a: Calyrex|Unnerve\n|move|p1a: Amoonguss|Spore|p2b: Volcarona\n|-status|p2b: Volcarona|slp|[from] move: Spore\n|move|p1b: Calyrex|High Horsepower|p2a: Calyrex\n|-damage|p2a: Calyrex|79/100\n|cant|p2b: Volcarona|slp\n|\n|-weather|SunnyDay|[upkeep]\n|-heal|p2a: Calyrex|85/100|[from] Grassy Terrain\n|-heal|p2a: Calyrex|91/100|[from] item: Leftovers\n|-heal|p1b: Calyrex|98/100|[from] Grassy Terrain\n|upkeep\n|turn|4\n|\n|t:|1770621156\n|move|p2a: Calyrex|Protect|p2a: Calyrex\n|-singleturn|p2a: Calyrex|Protect\n|move|p1a: Amoonguss|Spore|p2a: Calyrex\n|-activate|p2a: Calyrex|move: Protect\n|move|p1b: Calyrex|High Horsepower|p2b: Volcarona\n|-damage|p2b: Volcarona|63/100 slp\n|-damage|p1b: Calyrex|81/100|[from] item: Rocky Helmet|[of] p2b: Volcarona\n|-curestatus|p2b: Volcarona|slp|[msg]\n|move|p2b: Volcarona|Heat Wave|p1b: Calyrex|[spread] p1a,p1b\n|-supereffective|p1a: Amoonguss\n|-resisted|p1b: Calyrex\n|-damage|p1a: Amoonguss|20/100\n|-damage|p1b: Calyrex|65/100\n|\n|-weather|SunnyDay|[upkeep]\n|-heal|p1a: Amoonguss|26/100|[from] Grassy Terrain\n|-heal|p2a: Calyrex|97/100|[from] Grassy Terrain\n|-heal|p2a: Calyrex|100/100|[from] item: Leftovers\n|-heal|p1b: Calyrex|71/100|[from] Grassy Terrain\n|-heal|p2b: Volcarona|69/100|[from] Grassy Terrain\n|upkeep\n|turn|5\n|c|\u2606Unskilled99|:(\n|\n|t:|1770621173\n|move|p1a: Amoonguss|Spore|p2a: Calyrex\n|-status|p2a: Calyrex|slp|[from] move: Spore\n|cant|p2a: Calyrex|slp\n|move|p1b: Calyrex|High Horsepower|p2a: Calyrex\n|-damage|p2a: Calyrex|79/100 slp\n|move|p2b: Volcarona|Heat Wave|p1a: Amoonguss|[spread] p1a,p1b\n|-supereffective|p1a: Amoonguss\n|-resisted|p1b: Calyrex\n|-damage|p1a: Amoonguss|0 fnt\n|-damage|p1b: Calyrex|55/100\n|faint|p1a: Amoonguss\n|\n|-weather|none\n|-heal|p2a: Calyrex|85/100 slp|[from] Grassy Terrain\n|-heal|p2a: Calyrex|90/100 slp|[from] item: Leftovers\n|-heal|p1b: Calyrex|61/100|[from] Grassy Terrain\n|-heal|p2b: Volcarona|75/100|[from] Grassy Terrain\n|-fieldend|move: Grassy Terrain\n|upkeep\n|\n|t:|1770621182\n|switch|p1a: Incineroar|Incineroar, L50, F|100/100\n|-ability|p1a: Incineroar|Intimidate|boost\n|-unboost|p2a: Calyrex|atk|1\n|-unboost|p2b: Volcarona|atk|1\n|turn|6\n|\n|t:|1770621190\n|-curestatus|p2a: Calyrex|slp|[msg]\n|move|p2a: Calyrex|Leech Seed|p1b: Calyrex\n|-start|p1b: Calyrex|move: Leech Seed\n|move|p1a: Incineroar|Flare Blitz|p2b: Volcarona\n|-damage|p2b: Volcarona|34/100\n|-damage|p1a: Incineroar|84/100|[from] item: Rocky Helmet|[of] p2b: Volcarona\n|-damage|p1a: Incineroar|71/100|[from] Recoil\n|move|p1b: Calyrex|High Horsepower|p2a: Calyrex\n|-damage|p2a: Calyrex|68/100\n|move|p2b: Volcarona|Morning Sun|p2b: Volcarona\n|-heal|p2b: Volcarona|84/100\n|\n|-heal|p2a: Calyrex|74/100|[from] item: Leftovers\n|-damage|p1b: Calyrex|49/100|[from] Leech Seed|[of] p2a: Calyrex\n|-heal|p2a: Calyrex|86/100|[silent]\n|-fieldend|move: Trick Room\n|upkeep\n|turn|7\n|c|\u2606Unskilled99|:(\n|c|\u2606Unskilled99|two instant wake\n|\n|t:|1770621217\n|switch|p1b: Miraidon|Miraidon, L50|100/100\n|-fieldstart|move: Electric Terrain|[from] ability: Hadron Engine|[of] p1b: Miraidon\n|move|p2a: Calyrex|Protect|p2a: Calyrex\n|-singleturn|p2a: Calyrex|Protect\n|move|p2b: Volcarona|Struggle Bug|p1b: Miraidon|[spread] p1a,p1b\n|-damage|p1a: Incineroar|60/100\n|-damage|p1b: Miraidon|87/100\n|-unboost|p1a: Incineroar|spa|1\n|-unboost|p1b: Miraidon|spa|1\n|move|p1a: Incineroar|U-turn|p2a: Calyrex\n|-activate|p2a: Calyrex|move: Protect\n|\n|-heal|p2a: Calyrex|92/100|[from] item: Leftovers\n|upkeep\n|turn|8\n|-message|Unskilled99 forfeited.\n|\n|win|fogdocker\n|raw|Unskilled99's rating: 1566 &rarr; <strong>1541</strong><br />(-25 for losing)\n|raw|fogdocker's rating: 1485 &rarr; <strong>1510</strong><br />(+25 for winning)\n|l|\u2606Unskilled99\n|player|p1|\n|l|\u2606fogdocker\n|player|p2|\n","uploadtime":1770621455,"views":26,"formatid":"gen9vgc2026regi","rating":1510,"private":0,"password":null}