{"id":"gen9vgc2026regi-2565368563","format":"[Gen 9] VGC 2026 Reg I","players":["fogdocker","dasabe\u76d6\u6b27\u5361\u4fa0"],"log":"|j|\u2606fogdocker\n|j|\u2606dasabe\u76d6\u6b27\u5361\u4fa0\n|t:|1774268611\n|gametype|doubles\n|player|p1|fogdocker|170|1509\n|player|p2|dasabe\u76d6\u6b27\u5361\u4fa0|may-masters4|1593\n|gen|9\n|tier|[Gen 9] VGC 2026 Reg I\n|rated|\n|rule|Species Clause: Limit one of each Pok\u00e9mon\n|rule|Item Clause: Limit 1 of each item\n|clearpoke\n|poke|p1|Calyrex-Ice, L50|\n|poke|p1|Koraidon, L50|\n|poke|p1|Flutter Mane, L50|\n|poke|p1|Incineroar, L50, M|\n|poke|p1|Rillaboom, L50, F|\n|poke|p1|Volcarona, L50, F|\n|poke|p2|Kyogre, L50|\n|poke|p2|Zacian-*, L50|\n|poke|p2|Clefairy, L50, F|\n|poke|p2|Tornadus, L50, M|\n|poke|p2|Landorus, L50, M|\n|poke|p2|Smeargle, L50, M|\n|teampreview|4\n|\n|t:|1774268634\n|teamsize|p1|4\n|teamsize|p2|4\n|start\n|switch|p1a: Calyrex|Calyrex-Ice, L50|100/100\n|switch|p1b: Rillaboom|Rillaboom, L50, F|100/100\n|switch|p2a: \u6210\u90fd\u8001\u76d6|Kyogre, L50, shiny|100/100\n|switch|p2b: \u5c0f\u7b14\u7ea2\u80bf|Smeargle, L50, M, shiny|100/100\n|-ability|p1a: Calyrex|As One\n|-ability|p1a: Calyrex|Unnerve\n|-weather|RainDance|[from] ability: Drizzle|[of] p2a: \u6210\u90fd\u8001\u76d6\n|-fieldstart|move: Grassy Terrain|[from] ability: Grassy Surge|[of] p1b: Rillaboom\n|turn|1\n|\n|t:|1774268657\n|-terastallize|p1a: Calyrex|Water\n|move|p2b: \u5c0f\u7b14\u7ea2\u80bf|Fake Out|p1b: Rillaboom\n|-damage|p1b: Rillaboom|95/100\n|cant|p1b: Rillaboom|flinch\n|move|p2a: \u6210\u90fd\u8001\u76d6|Water Spout|p1b: Rillaboom|[spread] p1a,p1b\n|-resisted|p1a: Calyrex\n|-resisted|p1b: Rillaboom\n|-damage|p1a: Calyrex|51/100\n|-damage|p1b: Rillaboom|51/100\n|move|p1a: Calyrex|Glacial Lance|p2b: \u5c0f\u7b14\u7ea2\u80bf|[spread] p2a,p2b\n|-resisted|p2a: \u6210\u90fd\u8001\u76d6\n|-damage|p2a: \u6210\u90fd\u8001\u76d6|74/100\n|-enditem|p2b: \u5c0f\u7b14\u7ea2\u80bf|Focus Sash\n|-damage|p2b: \u5c0f\u7b14\u7ea2\u80bf|1/100\n|\n|-weather|RainDance|[upkeep]\n|-heal|p2a: \u6210\u90fd\u8001\u76d6|80/100|[from] Grassy Terrain\n|-heal|p2b: \u5c0f\u7b14\u7ea2\u80bf|7/100|[from] Grassy Terrain\n|-heal|p1b: Rillaboom|57/100|[from] Grassy Terrain\n|-heal|p1a: Calyrex|57/100|[from] Grassy Terrain\n|-heal|p1a: Calyrex|63/100|[from] item: Leftovers\n|-ability|p2b: \u5c0f\u7b14\u7ea2\u80bf|Moody|boost\n|-boost|p2b: \u5c0f\u7b14\u7ea2\u80bf|spe|2\n|-unboost|p2b: \u5c0f\u7b14\u7ea2\u80bf|spa|1\n|upkeep\n|turn|2\n|\n|t:|1774268672\n|switch|p1a: Koraidon|Koraidon, L50|100/100\n|-weather|SunnyDay|[from] ability: Orichalcum Pulse|[of] p1a: Koraidon\n|-activate|p1a: Koraidon|Orichalcum Pulse|[source]\n|-terastallize|p2a: \u6210\u90fd\u8001\u76d6|Water\n|move|p2b: \u5c0f\u7b14\u7ea2\u80bf|Follow Me|p2b: \u5c0f\u7b14\u7ea2\u80bf\n|-singleturn|p2b: \u5c0f\u7b14\u7ea2\u80bf|move: Follow Me\n|move|p1b: Rillaboom|Grassy Glide|p2b: \u5c0f\u7b14\u7ea2\u80bf\n|-damage|p2b: \u5c0f\u7b14\u7ea2\u80bf|0 fnt\n|faint|p2b: \u5c0f\u7b14\u7ea2\u80bf\n|move|p2a: \u6210\u90fd\u8001\u76d6|Water Spout|p1a: Koraidon|[spread] p1a,p1b\n|-resisted|p1a: Koraidon\n|-resisted|p1b: Rillaboom\n|-damage|p1a: Koraidon|70/100\n|-damage|p1b: Rillaboom|41/100\n|\n|-weather|SunnyDay|[upkeep]\n|-heal|p1a: Koraidon|76/100|[from] Grassy Terrain\n|-heal|p2a: \u6210\u90fd\u8001\u76d6|86/100|[from] Grassy Terrain\n|-heal|p1b: Rillaboom|47/100|[from] Grassy Terrain\n|upkeep\n|\n|t:|1774268677\n|switch|p2b: \u8981\u9646\u4e91\u4e86|Landorus, L50, M|100/100\n|turn|3\n|j| Hao_poke\n|\n|t:|1774268692\n|switch|p2a: \u9a82\u8c01\u542b\u5251|Zacian-Crowned, L50|100/100\n|-ability|p2a: \u9a82\u8c01\u542b\u5251|Intrepid Sword|boost\n|-boost|p2a: \u9a82\u8c01\u542b\u5251|atk|1\n|move|p1b: Rillaboom|Grassy Glide|p2a: \u9a82\u8c01\u542b\u5251\n|-resisted|p2a: \u9a82\u8c01\u542b\u5251\n|-damage|p2a: \u9a82\u8c01\u542b\u5251|85/100\n|move|p2b: \u8981\u9646\u4e91\u4e86|Sludge Bomb|p1b: Rillaboom\n|-supereffective|p1b: Rillaboom\n|-damage|p1b: Rillaboom|0 fnt\n|faint|p1b: Rillaboom\n|move|p1a: Koraidon|Flare Blitz|p2b: \u8981\u9646\u4e91\u4e86\n|-damage|p2b: \u8981\u9646\u4e91\u4e86|0 fnt\n|faint|p2b: \u8981\u9646\u4e91\u4e86\n|-damage|p1a: Koraidon|45/100|[from] Recoil\n|-damage|p1a: Koraidon|35/100|[from] item: Life Orb\n|\n|-weather|SunnyDay|[upkeep]\n|-heal|p2a: \u9a82\u8c01\u542b\u5251|90/100|[from] Grassy Terrain\n|-heal|p1a: Koraidon|41/100|[from] Grassy Terrain\n|upkeep\n|\n|t:|1774268701\n|switch|p2b: \u6210\u90fd\u8001\u76d6|Kyogre, L50, shiny, tera:Water|86/100\n|switch|p1b: Volcarona|Volcarona, L50, F|100/100\n|-weather|RainDance|[from] ability: Drizzle|[of] p2b: \u6210\u90fd\u8001\u76d6\n|turn|4\n|\n|t:|1774268708\n|switch|p1a: Calyrex|Calyrex-Ice, L50, tera:Water|63/100\n|-ability|p1a: Calyrex|As One\n|-ability|p1a: Calyrex|Unnerve\n|move|p1b: Volcarona|Protect|p1b: Volcarona\n|-singleturn|p1b: Volcarona|Protect\n|move|p2a: \u9a82\u8c01\u542b\u5251|Swords Dance|p2a: \u9a82\u8c01\u542b\u5251\n|-boost|p2a: \u9a82\u8c01\u542b\u5251|atk|2\n|move|p2b: \u6210\u90fd\u8001\u76d6|Origin Pulse|p1b: Volcarona|[spread] p1a\n|-activate|p1b: Volcarona|move: Protect\n|-resisted|p1a: Calyrex\n|-damage|p1a: Calyrex|15/100\n|\n|-weather|RainDance|[upkeep]\n|-heal|p2a: \u9a82\u8c01\u542b\u5251|96/100|[from] Grassy Terrain\n|-heal|p2b: \u6210\u90fd\u8001\u76d6|91/100|[from] Grassy Terrain\n|-heal|p1a: Calyrex|20/100|[from] Grassy Terrain\n|-heal|p1a: Calyrex|26/100|[from] item: Leftovers\n|upkeep\n|turn|5\n|\n|t:|1774268734\n|switch|p1b: Koraidon|Koraidon, L50|41/100\n|-weather|SunnyDay|[from] ability: Orichalcum Pulse|[of] p1b: Koraidon\n|-activate|p1b: Koraidon|Orichalcum Pulse|[source]\n|move|p2a: \u9a82\u8c01\u542b\u5251|Behemoth Blade|p1b: Koraidon\n|-damage|p1b: Koraidon|0 fnt\n|faint|p1b: Koraidon\n|move|p2b: \u6210\u90fd\u8001\u76d6|Origin Pulse|p1a: Calyrex\n|-resisted|p1a: Calyrex\n|-damage|p1a: Calyrex|5/100\n|move|p1a: Calyrex|Trick Room|p1a: Calyrex\n|-fieldstart|move: Trick Room|[of] p1a: Calyrex\n|\n|-weather|SunnyDay|[upkeep]\n|-heal|p1a: Calyrex|11/100|[from] Grassy Terrain\n|-heal|p1a: Calyrex|17/100|[from] item: Leftovers\n|-heal|p2b: \u6210\u90fd\u8001\u76d6|97/100|[from] Grassy Terrain\n|-heal|p2a: \u9a82\u8c01\u542b\u5251|100/100|[from] Grassy Terrain\n|-fieldend|move: Grassy Terrain\n|upkeep\n|\n|t:|1774268745\n|switch|p1b: Volcarona|Volcarona, L50, F|100/100\n|turn|6\n|\n|t:|1774268750\n|move|p2a: \u9a82\u8c01\u542b\u5251|Protect|p2a: \u9a82\u8c01\u542b\u5251\n|-singleturn|p2a: \u9a82\u8c01\u542b\u5251|Protect\n|move|p1a: Calyrex|Leech Seed|p2b: \u6210\u90fd\u8001\u76d6|[miss]\n|-miss|p1a: Calyrex|p2b: \u6210\u90fd\u8001\u76d6\n|move|p1b: Volcarona|Fiery Dance|p2a: \u9a82\u8c01\u542b\u5251\n|-activate|p2a: \u9a82\u8c01\u542b\u5251|move: Protect\n|move|p2b: \u6210\u90fd\u8001\u76d6|Origin Pulse|p1b: Volcarona|[spread] p1a,p1b\n|-resisted|p1a: Calyrex\n|-supereffective|p1b: Volcarona\n|-damage|p1a: Calyrex|1/100\n|-damage|p1b: Volcarona|15/100\n|\n|-weather|SunnyDay|[upkeep]\n|-heal|p1a: Calyrex|7/100|[from] item: Leftovers\n|upkeep\n|turn|7\n|\n|t:|1774268767\n|move|p2a: \u9a82\u8c01\u542b\u5251|Protect||[still]\n|-fail|p2a: \u9a82\u8c01\u542b\u5251\n|move|p1a: Calyrex|Leech Seed|p2b: \u6210\u90fd\u8001\u76d6\n|-start|p2b: \u6210\u90fd\u8001\u76d6|move: Leech Seed\n|move|p1b: Volcarona|Fiery Dance|p2a: \u9a82\u8c01\u542b\u5251\n|-supereffective|p2a: \u9a82\u8c01\u542b\u5251\n|-damage|p2a: \u9a82\u8c01\u542b\u5251|15/100\n|move|p2b: \u6210\u90fd\u8001\u76d6|Origin Pulse|p1b: Volcarona|[spread] p1a\n|-miss|p2b: \u6210\u90fd\u8001\u76d6|p1b: Volcarona\n|-resisted|p1a: Calyrex\n|-damage|p1a: Calyrex|0 fnt\n|faint|p1a: Calyrex\n|\n|-weather|SunnyDay|[upkeep]\n|upkeep\n|turn|8\n|\n|t:|1774268780\n|move|p1b: Volcarona|Struggle Bug|p2b: \u6210\u90fd\u8001\u76d6|[spread] p2a,p2b\n|-resisted|p2a: \u9a82\u8c01\u542b\u5251\n|-damage|p2a: \u9a82\u8c01\u542b\u5251|12/100\n|-damage|p2b: \u6210\u90fd\u8001\u76d6|83/100\n|-unboost|p2a: \u9a82\u8c01\u542b\u5251|spa|1\n|-unboost|p2b: \u6210\u90fd\u8001\u76d6|spa|1\n|move|p2b: \u6210\u90fd\u8001\u76d6|Origin Pulse|p1b: Volcarona\n|-supereffective|p1b: Volcarona\n|-damage|p1b: Volcarona|0 fnt\n|faint|p1b: Volcarona\n|\n|win|dasabe\u76d6\u6b27\u5361\u4fa0\n|raw|fogdocker's rating: 1509 &rarr; <strong>1494</strong><br />(-15 for losing)\n|raw|dasabe\u76d6\u6b27\u5361\u4fa0's rating: 1593 &rarr; <strong>1608</strong><br />(+15 for winning)\n|l|\u2606fogdocker\n|player|p1|\n|l|\u2606dasabe\u76d6\u6b27\u5361\u4fa0\n|player|p2|\n|l| Hao_poke\n","uploadtime":1774268992,"views":17,"formatid":"gen9vgc2026regi","rating":1494,"private":0,"password":null}