{"id":"gen9vgc2026regi-2526653088","format":"[Gen 9] VGC 2026 Reg I","players":["Nemmy23","ArisHazard"],"log":"|j|\u2606Nemmy23\n|j|\u2606ArisHazard\n|t:|1769444826\n|gametype|doubles\n|player|p1|Nemmy23|pokemonbreeder|1350\n|player|p2|ArisHazard|1|1251\n|gen|9\n|tier|[Gen 9] VGC 2026 Reg I\n|rated|\n|rule|Species Clause: Limit one of each Pok\u00e9mon\n|rule|Item Clause: Limit 1 of each item\n|clearpoke\n|poke|p1|Calyrex-Shadow, L50|\n|poke|p1|Koraidon, L50|\n|poke|p1|Volcarona, L50, M|\n|poke|p1|Incineroar, L50, F|\n|poke|p1|Rillaboom, L50, F|\n|poke|p1|Regieleki, L50|\n|poke|p2|Calyrex-Ice, L50|\n|poke|p2|Terapagos, L50, M|\n|poke|p2|Tornadus, L50, M|\n|poke|p2|Urshifu-*, L50, F|\n|poke|p2|Ogerpon-Wellspring, L50, F|\n|poke|p2|Goodra-Hisui, L50, M|\n|teampreview|4\n|inactive|Battle timer is ON: inactive players will automatically lose when time's up. (requested by Nemmy23)\n|inactive|ArisHazard has 60 seconds left.\n|\n|t:|1769444863\n|teamsize|p1|4\n|teamsize|p2|4\n|start\n|switch|p1a: Incineroar|Incineroar, L50, F|100/100\n|switch|p1b: Calyrex|Calyrex-Shadow, L50|100/100\n|switch|p2a: Tornadus|Tornadus, L50, M|100/100\n|switch|p2b: Terapagos|Terapagos, L50, M|100/100\n|-activate|p2b: Terapagos|ability: Tera Shift\n|detailschange|p2b: Terapagos|Terapagos-Terastal, L50, M\n|-heal|p2b: Terapagos|100/100|[silent]\n|-ability|p1b: Calyrex|As One\n|-ability|p1b: Calyrex|Unnerve\n|-ability|p1a: Incineroar|Intimidate|boost\n|-unboost|p2a: Tornadus|atk|1\n|-unboost|p2b: Terapagos|atk|1\n|turn|1\n|\n|t:|1769444883\n|move|p2a: Tornadus|Taunt|p1b: Calyrex\n|-start|p1b: Calyrex|move: Taunt\n|cant|p1b: Calyrex|move: Taunt|Nasty Plot\n|move|p2b: Terapagos|Tera Starstorm|p1a: Incineroar\n|-damage|p1a: Incineroar|21/100\n|move|p1a: Incineroar|Knock Off|p2b: Terapagos\n|-activate|p2b: Terapagos|ability: Tera Shell\n|-resisted|p2b: Terapagos\n|-damage|p2b: Terapagos|84/100\n|-enditem|p2b: Terapagos|Choice Specs|[from] move: Knock Off|[of] p1a: Incineroar\n|\n|upkeep\n|turn|2\n|\n|t:|1769444900\n|switch|p1a: Volcarona|Volcarona, L50, M|100/100\n|move|p2a: Tornadus|Tailwind|p2a: Tornadus\n|-sidestart|p2: ArisHazard|move: Tailwind\n|move|p2b: Terapagos|Dark Pulse|p1b: Calyrex\n|-supereffective|p1b: Calyrex\n|-damage|p1b: Calyrex|13/100\n|move|p1b: Calyrex|Psychic|p2b: Terapagos\n|-damage|p2b: Terapagos|31/100\n|-damage|p1b: Calyrex|4/100|[from] item: Life Orb\n|\n|upkeep\n|turn|3\n|\n|t:|1769444915\n|switch|p1b: Incineroar|Incineroar, L50, F|21/100\n|-ability|p1b: Incineroar|Intimidate|boost\n|-unboost|p2a: Tornadus|atk|1\n|-unboost|p2b: Terapagos|atk|1\n|move|p2a: Tornadus|Bleakwind Storm|p1b: Incineroar|[spread] \n|-miss|p2a: Tornadus|p1a: Volcarona\n|-miss|p2a: Tornadus|p1b: Incineroar\n|move|p2b: Terapagos|Tera Starstorm|p1a: Volcarona\n|-crit|p1a: Volcarona\n|-damage|p1a: Volcarona|27/100\n|move|p1a: Volcarona|Fiery Dance|p2b: Terapagos\n|-damage|p2b: Terapagos|1/100\n|\n|-heal|p1a: Volcarona|33/100|[from] item: Leftovers\n|upkeep\n|turn|4\n|\n|t:|1769444937\n|move|p1b: Incineroar|Fake Out|p2b: Terapagos\n|-damage|p2b: Terapagos|0 fnt\n|faint|p2b: Terapagos\n|move|p2a: Tornadus|Bleakwind Storm|p1a: Volcarona|[spread] p1a,p1b\n|-supereffective|p1a: Volcarona\n|-damage|p1a: Volcarona|0 fnt\n|-damage|p1b: Incineroar|0 fnt\n|faint|p1a: Volcarona\n|faint|p1b: Incineroar\n|\n|upkeep\n|\n|t:|1769444947\n|switch|p1a: Calyrex|Calyrex-Shadow, L50|4/100\n|switch|p2b: Urshifu|Urshifu, L50, F|100/100\n|switch|p1b: Koraidon|Koraidon, L50|100/100\n|-ability|p1a: Calyrex|As One\n|-ability|p1a: Calyrex|Unnerve\n|-weather|SunnyDay|[from] ability: Orichalcum Pulse|[of] p1b: Koraidon\n|-activate|p1b: Koraidon|Orichalcum Pulse|[source]\n|turn|5\n|\n|t:|1769444962\n|-terastallize|p1b: Koraidon|Fire\n|move|p1a: Calyrex|Protect|p1a: Calyrex\n|-singleturn|p1a: Calyrex|Protect\n|move|p2a: Tornadus|Snowscape|p2a: Tornadus\n|-weather|Snowscape\n|move|p2b: Urshifu|Wicked Blow|p1a: Calyrex\n|-supereffective|p1a: Calyrex\n|-crit|p1a: Calyrex\n|-damage|p1a: Calyrex|0 fnt\n|faint|p1a: Calyrex\n|move|p1b: Koraidon|Flame Charge|p2b: Urshifu\n|-damage|p2b: Urshifu|72/100\n|-boost|p1b: Koraidon|spe|1\n|\n|-weather|Snowscape|[upkeep]\n|-sideend|p2: ArisHazard|move: Tailwind\n|upkeep\n|turn|6\n|\n|t:|1769444981\n|move|p1b: Koraidon|Collision Course|p2b: Urshifu\n|-supereffective|p2b: Urshifu\n|-damage|p2b: Urshifu|0 fnt\n|faint|p2b: Urshifu\n|move|p2a: Tornadus|Bleakwind Storm|p1b: Koraidon\n|-damage|p1b: Koraidon|64/100\n|\n|-weather|Snowscape|[upkeep]\n|upkeep\n|\n|t:|1769444990\n|switch|p2b: Ogerpon|Ogerpon-Wellspring, L50, F|100/100\n|turn|7\n|\n|t:|1769444999\n|-terastallize|p2b: Ogerpon|Water\n|detailschange|p2b: Ogerpon|Ogerpon-Wellspring-Tera, L50, F, tera:Water\n|-ability|p2b: Ogerpon|Embody Aspect (Wellspring)|boost\n|-boost|p2b: Ogerpon|spd|1\n|move|p1b: Koraidon|Collision Course|p2b: Ogerpon\n|-damage|p2b: Ogerpon|43/100\n|move|p2b: Ogerpon|Ivy Cudgel|p1b: Koraidon|[anim] Ivy Cudgel Water\n|-supereffective|p1b: Koraidon\n|-damage|p1b: Koraidon|0 fnt\n|faint|p1b: Koraidon\n|\n|win|ArisHazard\n|raw|Nemmy23's rating: 1350 &rarr; <strong>1324</strong><br />(-26 for losing)\n|raw|ArisHazard's rating: 1251 &rarr; <strong>1283</strong><br />(+32 for winning)\n|l|\u2606Nemmy23\n|player|p1|\n|l|\u2606ArisHazard\n|player|p2|\n","uploadtime":1769445189,"views":11,"formatid":"gen9vgc2026regi","rating":1283,"private":0,"password":null}