{"id":"gen9vgc2026regi-2523497381","format":"[Gen 9] VGC 2026 Reg I","players":["jamel1","Bman311"],"log":"|j|\u2606jamel1\n|j|\u2606Bman311\n|t:|1769031034\n|gametype|doubles\n|player|p1|jamel1|cyrus|1295\n|player|p2|Bman311|101|1428\n|gen|9\n|tier|[Gen 9] VGC 2026 Reg I\n|rated|\n|rule|Species Clause: Limit one of each Pok\u00e9mon\n|rule|Item Clause: Limit 1 of each item\n|clearpoke\n|poke|p1|Armarouge, L50, M|\n|poke|p1|Stonjourner, L50, F|\n|poke|p1|Indeedee-F, L50, F|\n|poke|p1|Sneasler, L50, F|\n|poke|p1|Oranguru, L50, F|\n|poke|p1|Calyrex-Ice, L50|\n|poke|p2|Miraidon, L50|\n|poke|p2|Calyrex-Ice, L50|\n|poke|p2|Incineroar, L50, M|\n|poke|p2|Farigiraf, L50, F|\n|poke|p2|Whimsicott, L50, M|\n|poke|p2|Ursaluna, L50, M|\n|teampreview|4\n|inactive|Battle timer is ON: inactive players will automatically lose when time's up. (requested by Bman311)\n|inactive|jamel1 has 60 seconds left.\n|inactive|Bman311 has 60 seconds left.\n|\n|t:|1769031079\n|teamsize|p1|4\n|teamsize|p2|4\n|start\n|switch|p1a: Oranguru|Oranguru, L50, F|100/100\n|switch|p1b: Calyrex|Calyrex-Ice, L50|100/100\n|switch|p2a: Calyrex|Calyrex-Ice, L50|100/100\n|switch|p2b: Miraidon|Miraidon, L50|100/100\n|-ability|p2a: Calyrex|As One\n|-ability|p2a: Calyrex|Unnerve\n|-ability|p1b: Calyrex|As One\n|-ability|p1b: Calyrex|Unnerve\n|-fieldstart|move: Electric Terrain|[from] ability: Hadron Engine|[of] p2b: Miraidon\n|turn|1\n|\n|t:|1769031094\n|switch|p1a: Indeedee|Indeedee-F, L50, F|100/100\n|-fieldstart|move: Psychic Terrain|[from] ability: Psychic Surge|[of] p1a: Indeedee\n|move|p2b: Miraidon|Volt Switch|p1a: Indeedee\n|-damage|p1a: Indeedee|30/100\n|\n|t:|1769031098\n|switch|p2b: Ursaluna|Ursaluna, L50, M|100/100|[from] Volt Switch\n|move|p2a: Calyrex|Glacial Lance|p1b: Calyrex|[spread] p1a,p1b\n|-resisted|p1b: Calyrex\n|-damage|p1a: Indeedee|0 fnt\n|-damage|p1b: Calyrex|81/100\n|faint|p1a: Indeedee\n|-ability|p2a: Calyrex|Chilling Neigh|boost\n|-boost|p2a: Calyrex|atk|1\n|move|p1b: Calyrex|Curse|p1b: Calyrex\n|-unboost|p1b: Calyrex|spe|1\n|-boost|p1b: Calyrex|atk|1\n|-boost|p1b: Calyrex|def|1\n|\n|-status|p2b: Ursaluna|brn|[from] item: Flame Orb\n|upkeep\n|\n|t:|1769031109\n|switch|p1a: Oranguru|Oranguru, L50, F|100/100\n|turn|2\n|\n|t:|1769031116\n|-terastallize|p2b: Ursaluna|Ghost\n|move|p2a: Calyrex|Glacial Lance|p1a: Oranguru|[spread] p1a,p1b\n|-resisted|p1b: Calyrex\n|-damage|p1a: Oranguru|35/100\n|-damage|p1b: Calyrex|63/100\n|move|p2b: Ursaluna|Facade|p1a: Oranguru\n|-damage|p1a: Oranguru|0 fnt\n|faint|p1a: Oranguru\n|move|p1b: Calyrex|Glacial Lance|p2a: Calyrex|[spread] p2a,p2b\n|-resisted|p2a: Calyrex\n|-damage|p2a: Calyrex|74/100\n|-damage|p2b: Ursaluna|33/100 brn\n|\n|-damage|p2b: Ursaluna|27/100 brn|[from] brn\n|upkeep\n|\n|t:|1769031128\n|switch|p1a: Sneasler|Sneasler, L50, F|100/100\n|-enditem|p1a: Sneasler|Psychic Seed\n|-boost|p1a: Sneasler|spd|1|[from] item: Psychic Seed\n|turn|3\n|\n|t:|1769031146\n|switch|p2b: Incineroar|Incineroar, L50, M|100/100\n|-ability|p2b: Incineroar|Intimidate|boost\n|-unboost|p1a: Sneasler|atk|1\n|-fail|p1b: Calyrex|unboost|[from] item: Clear Amulet|[of] p1b: Calyrex\n|move|p1a: Sneasler|Throat Chop|p2b: Incineroar\n|-resisted|p2b: Incineroar\n|-damage|p2b: Incineroar|93/100\n|-start|p2b: Incineroar|Throat Chop|[silent]\n|move|p2a: Calyrex|High Horsepower|p1a: Sneasler\n|-supereffective|p1a: Sneasler\n|-damage|p1a: Sneasler|0 fnt\n|faint|p1a: Sneasler\n|-ability|p2a: Calyrex|Chilling Neigh|boost\n|-boost|p2a: Calyrex|atk|1\n|move|p1b: Calyrex|Trick Room|p1b: Calyrex\n|-fieldstart|move: Trick Room|[of] p1b: Calyrex\n|\n|upkeep\n|turn|4\n|\n|t:|1769031167\n|-terastallize|p1b: Calyrex|Fire\n|move|p2a: Calyrex|Protect|p2a: Calyrex\n|-singleturn|p2a: Calyrex|Protect\n|move|p1b: Calyrex|High Horsepower|p2b: Incineroar\n|-supereffective|p2b: Incineroar\n|-damage|p2b: Incineroar|0 fnt\n|faint|p2b: Incineroar\n|-ability|p1b: Calyrex|Chilling Neigh|boost\n|-boost|p1b: Calyrex|atk|1\n|\n|upkeep\n|\n|t:|1769031173\n|switch|p2b: Miraidon|Miraidon, L50|100/100\n|-fieldstart|move: Electric Terrain|[from] ability: Hadron Engine|[of] p2b: Miraidon\n|turn|5\n|\n|t:|1769031179\n|move|p1b: Calyrex|Glacial Lance|p2b: Miraidon|[spread] p2a,p2b\n|-resisted|p2a: Calyrex\n|-crit|p2a: Calyrex\n|-supereffective|p2b: Miraidon\n|-damage|p2a: Calyrex|14/100\n|-damage|p2b: Miraidon|0 fnt\n|faint|p2b: Miraidon\n|-ability|p1b: Calyrex|Chilling Neigh|boost\n|-boost|p1b: Calyrex|atk|1\n|move|p2a: Calyrex|High Horsepower|p1b: Calyrex\n|-supereffective|p1b: Calyrex\n|-damage|p1b: Calyrex|0 fnt\n|faint|p1b: Calyrex\n|\n|win|Bman311\n|raw|jamel1's rating: 1295 &rarr; <strong>1279</strong><br />(-16 for losing)\n|raw|Bman311's rating: 1428 &rarr; <strong>1441</strong><br />(+13 for winning)\n|l|\u2606Bman311\n|player|p2|\n|l|\u2606jamel1\n|player|p1|\n","uploadtime":1769031415,"views":13,"formatid":"gen9vgc2026regi","rating":1279,"private":0,"password":null}