{"id":"gen9vgc2026regi-2578332024","format":"[Gen 9] VGC 2026 Reg I","players":["DaviLT13","buggybrain"],"log":"|j|\u2606DaviLT13\n|j|\u2606buggybrain\n|t:|1775669163\n|gametype|doubles\n|player|p1|DaviLT13|striker|1449\n|player|p2|buggybrain|hiker-gen4|1575\n|gen|9\n|tier|[Gen 9] VGC 2026 Reg I\n|rated|\n|rule|Species Clause: Limit one of each Pok\u00e9mon\n|rule|Item Clause: Limit 1 of each item\n|clearpoke\n|poke|p1|Terapagos, L50, M|\n|poke|p1|Calyrex-Shadow, L50|\n|poke|p1|Chi-Yu, L50|\n|poke|p1|Rillaboom, L50, F|\n|poke|p1|Sinistcha, L50|\n|poke|p1|Incineroar, L50, F|\n|poke|p2|Chien-Pao, L50|\n|poke|p2|Zacian-*, L50|\n|poke|p2|Kyogre, L50|\n|poke|p2|Urshifu-*, L50, M|\n|poke|p2|Roaring Moon, L50|\n|poke|p2|Amoonguss, L50, M|\n|teampreview|4\n|inactive|Battle timer is ON: inactive players will automatically lose when time's up. (requested by DaviLT13)\n|inactive|DaviLT13 has 60 seconds left.\n|inactive|buggybrain has 60 seconds left.\n|\n|t:|1775669204\n|teamsize|p1|4\n|teamsize|p2|4\n|start\n|switch|p1a: Terapagos|Terapagos, L50, M|100/100\n|switch|p1b: Rillaboom|Rillaboom, L50, F|100/100\n|switch|p2a: Vulcan|Urshifu-Rapid-Strike, L50, M|100/100\n|switch|p2b: Stars|Roaring Moon, L50|100/100\n|-activate|p1a: Terapagos|ability: Tera Shift\n|detailschange|p1a: Terapagos|Terapagos-Terastal, L50, M\n|-heal|p1a: Terapagos|100/100|[silent]\n|-fieldstart|move: Grassy Terrain|[from] ability: Grassy Surge|[of] p1b: Rillaboom\n|-enditem|p2b: Stars|Booster Energy\n|-activate|p2b: Stars|ability: Protosynthesis|[fromitem]\n|-start|p2b: Stars|protosynthesisspe\n|turn|1\n|\n|t:|1775669226\n|move|p1b: Rillaboom|Fake Out|p2a: Vulcan\n|-damage|p2a: Vulcan|89/100\n|move|p2b: Stars|Acrobatics|p1b: Rillaboom\n|-supereffective|p1b: Rillaboom\n|-damage|p1b: Rillaboom|37/100\n|cant|p2a: Vulcan|flinch\n|move|p1a: Terapagos|Calm Mind|p1a: Terapagos\n|-boost|p1a: Terapagos|spa|1\n|-boost|p1a: Terapagos|spd|1\n|\n|-heal|p2a: Vulcan|95/100|[from] Grassy Terrain\n|-heal|p1b: Rillaboom|43/100|[from] Grassy Terrain\n|upkeep\n|turn|2\n|inactive|buggybrain has 30 seconds left.\n|inactive|buggybrain has 20 seconds left.\n|\n|t:|1775669264\n|switch|p1b: Incineroar|Incineroar, L50, F|100/100\n|-ability|p1b: Incineroar|Intimidate|boost\n|-unboost|p2a: Vulcan|atk|1\n|-unboost|p2b: Stars|atk|1\n|move|p2a: Vulcan|Detect|p2a: Vulcan\n|-singleturn|p2a: Vulcan|Protect\n|move|p2b: Stars|Acrobatics|p1b: Incineroar\n|-damage|p1b: Incineroar|83/100\n|-damage|p2b: Stars|84/100|[from] item: Rocky Helmet|[of] p1b: Incineroar\n|move|p1a: Terapagos|Tera Starstorm|p2a: Vulcan\n|-activate|p2a: Vulcan|move: Protect\n|\n|-heal|p2b: Stars|90/100|[from] Grassy Terrain\n|-heal|p2a: Vulcan|100/100|[from] Grassy Terrain\n|-heal|p1b: Incineroar|89/100|[from] Grassy Terrain\n|upkeep\n|turn|3\n|\n|t:|1775669277\n|move|p1b: Incineroar|Fake Out|p2a: Vulcan\n|-damage|p2a: Vulcan|90/100\n|move|p2b: Stars|Knock Off|p1a: Terapagos\n|-activate|p1a: Terapagos|ability: Tera Shell\n|-resisted|p1a: Terapagos\n|-damage|p1a: Terapagos|90/100\n|-enditem|p1a: Terapagos|Leftovers|[from] move: Knock Off|[of] p2b: Stars\n|cant|p2a: Vulcan|flinch\n|move|p1a: Terapagos|Calm Mind|p1a: Terapagos\n|-boost|p1a: Terapagos|spa|1\n|-boost|p1a: Terapagos|spd|1\n|\n|-heal|p2b: Stars|96/100|[from] Grassy Terrain\n|-heal|p2a: Vulcan|96/100|[from] Grassy Terrain\n|-heal|p1a: Terapagos|96/100|[from] Grassy Terrain\n|-heal|p1b: Incineroar|95/100|[from] Grassy Terrain\n|upkeep\n|turn|4\n|inactive|buggybrain has 30 seconds left.\n|\n|t:|1775669306\n|-terastallize|p1a: Terapagos|Stellar\n|detailschange|p1a: Terapagos|Terapagos-Stellar, L50, M, tera:Stellar\n|-heal|p1a: Terapagos|97/100|[silent]\n|-ability|p1a: Terapagos|Teraform Zero\n|-fieldend|move: Grassy Terrain\n|move|p2b: Stars|Acrobatics|p1a: Terapagos\n|-damage|p1a: Terapagos|85/100\n|move|p2a: Vulcan|Surging Strikes|p1b: Incineroar\n|-supereffective|p1b: Incineroar\n|-crit|p1b: Incineroar\n|-damage|p1b: Incineroar|56/100\n|-damage|p2a: Vulcan|79/100|[from] item: Rocky Helmet|[of] p1b: Incineroar\n|-supereffective|p1b: Incineroar\n|-crit|p1b: Incineroar\n|-damage|p1b: Incineroar|23/100\n|-damage|p2a: Vulcan|63/100|[from] item: Rocky Helmet|[of] p1b: Incineroar\n|-supereffective|p1b: Incineroar\n|-crit|p1b: Incineroar\n|-damage|p1b: Incineroar|0 fnt\n|-damage|p2a: Vulcan|47/100|[from] item: Rocky Helmet|[of] p1b: Incineroar\n|faint|p1b: Incineroar\n|-hitcount|p1: Incineroar|3\n|move|p1a: Terapagos|Tera Starstorm|p2a: Vulcan|[spread] p2a,p2b\n|-damage|p2a: Vulcan|0 fnt\n|-damage|p2b: Stars|33/100\n|faint|p2a: Vulcan\n|\n|upkeep\n|inactive|buggybrain has 30 seconds left.\n|\n|t:|1775669336\n|switch|p2a: Prince|Zacian-Crowned, L50, shiny|100/100\n|switch|p1b: Rillaboom|Rillaboom, L50, F|43/100\n|-ability|p2a: Prince|Intrepid Sword|boost\n|-boost|p2a: Prince|atk|1\n|-fieldstart|move: Grassy Terrain|[from] ability: Grassy Surge|[of] p1b: Rillaboom\n|turn|5\n|\n|t:|1775669360\n|move|p2b: Stars|Protect|p2b: Stars\n|-singleturn|p2b: Stars|Protect\n|move|p2a: Prince|Protect|p2a: Prince\n|-singleturn|p2a: Prince|Protect\n|move|p1b: Rillaboom|Fake Out|p2a: Prince\n|-activate|p2a: Prince|move: Protect\n|move|p1a: Terapagos|Tera Starstorm|p2a: Prince|[spread] \n|-activate|p2a: Prince|move: Protect\n|-activate|p2b: Stars|move: Protect\n|\n|-heal|p2b: Stars|40/100|[from] Grassy Terrain\n|-heal|p1b: Rillaboom|48/100|[from] Grassy Terrain\n|-heal|p1a: Terapagos|92/100|[from] Grassy Terrain\n|upkeep\n|turn|6\n|\n|t:|1775669377\n|move|p1a: Terapagos|Protect|p1a: Terapagos\n|-singleturn|p1a: Terapagos|Protect\n|move|p2b: Stars|Tailwind|p2b: Stars\n|-sidestart|p2: buggybrain|move: Tailwind\n|move|p2a: Prince|Behemoth Blade|p1b: Rillaboom\n|-damage|p1b: Rillaboom|0 fnt\n|faint|p1b: Rillaboom\n|\n|-heal|p2b: Stars|46/100|[from] Grassy Terrain\n|-heal|p1a: Terapagos|98/100|[from] Grassy Terrain\n|upkeep\n|\n|t:|1775669383\n|switch|p1b: Sinistcha|Sinistcha, L50|100/100\n|-heal|p1a: Terapagos|100/100|[from] ability: Hospitality|[of] p1b: Sinistcha\n|turn|7\n|inactive|buggybrain has 30 seconds left.\n|\n|t:|1775669410\n|move|p2b: Stars|Knock Off|p1b: Sinistcha\n|-supereffective|p1b: Sinistcha\n|-crit|p1b: Sinistcha\n|-enditem|p1b: Sinistcha|Focus Sash\n|-damage|p1b: Sinistcha|1/100\n|move|p2a: Prince|Behemoth Blade|p1a: Terapagos\n|-damage|p1a: Terapagos|60/100\n|move|p1a: Terapagos|Tera Starstorm|p2a: Prince|[spread] p2a,p2b\n|-damage|p2a: Prince|44/100\n|-damage|p2b: Stars|0 fnt\n|faint|p2b: Stars\n|-end|p2b: Stars|Protosynthesis|[silent]\n|move|p1b: Sinistcha|Life Dew|p1b: Sinistcha|[spread] p1a,p1b\n|-heal|p1a: Terapagos|85/100\n|-heal|p1b: Sinistcha|26/100\n|\n|-heal|p2a: Prince|50/100|[from] Grassy Terrain\n|-heal|p1a: Terapagos|92/100|[from] Grassy Terrain\n|-heal|p1b: Sinistcha|33/100|[from] Grassy Terrain\n|upkeep\n|\n|t:|1775669422\n|switch|p2b: Runaway|Kyogre, L50, shiny|100/100\n|-weather|RainDance|[from] ability: Drizzle|[of] p2b: Runaway\n|turn|8\n|\n|t:|1775669443\n|move|p2a: Prince|Protect|p2a: Prince\n|-singleturn|p2a: Prince|Protect\n|move|p1b: Sinistcha|Rage Powder|p1b: Sinistcha\n|-singleturn|p1b: Sinistcha|move: Rage Powder\n|move|p2b: Runaway|Water Spout|p1b: Sinistcha|[spread] p1a,p1b\n|-resisted|p1b: Sinistcha\n|-damage|p1a: Terapagos|58/100\n|-damage|p1b: Sinistcha|0 fnt\n|faint|p1b: Sinistcha\n|move|p1a: Terapagos|Tera Starstorm|p2b: Runaway|[spread] p2b\n|-activate|p2a: Prince|move: Protect\n|-damage|p2b: Runaway|54/100\n|\n|-weather|RainDance|[upkeep]\n|-heal|p2a: Prince|56/100|[from] Grassy Terrain\n|-heal|p2b: Runaway|60/100|[from] Grassy Terrain\n|-heal|p1a: Terapagos|64/100|[from] Grassy Terrain\n|upkeep\n|turn|9\n|inactive|buggybrain has 30 seconds left.\n|\n|t:|1775669471\n|move|p1a: Terapagos|Protect|p1a: Terapagos\n|-singleturn|p1a: Terapagos|Protect\n|move|p2a: Prince|Behemoth Blade|p1a: Terapagos\n|-activate|p1a: Terapagos|move: Protect\n|move|p2b: Runaway|Water Spout|p1a: Terapagos\n|-activate|p1a: Terapagos|move: Protect\n|\n|-weather|RainDance|[upkeep]\n|-heal|p2a: Prince|62/100|[from] Grassy Terrain\n|-heal|p2b: Runaway|66/100|[from] Grassy Terrain\n|-heal|p1a: Terapagos|70/100|[from] Grassy Terrain\n|-sideend|p2: buggybrain|move: Tailwind\n|-fieldend|move: Grassy Terrain\n|upkeep\n|turn|10\n|\n|t:|1775669486\n|move|p2a: Prince|Behemoth Blade|p1a: Terapagos\n|-damage|p1a: Terapagos|29/100\n|move|p2b: Runaway|Water Spout|p1a: Terapagos\n|-damage|p1a: Terapagos|0 fnt\n|faint|p1a: Terapagos\n|detailschange|p1: Terapagos|Terapagos, L50, M|[silent]\n|\n|win|buggybrain\n|raw|DaviLT13's rating: 1449 &rarr; <strong>1436</strong><br />(-13 for losing)\n|raw|buggybrain's rating: 1575 &rarr; <strong>1588</strong><br />(+13 for winning)\n|l|\u2606DaviLT13\n|player|p1|\n|l|\u2606buggybrain\n|player|p2|\n","uploadtime":1775669654,"views":9,"formatid":"gen9vgc2026regi","rating":1436,"private":0,"password":null}