{"id":"gen9vgc2026regi-2580800870","format":"[Gen 9] VGC 2026 Reg I","players":["TheNamesBetty","alexfind"],"log":"|j|\u2606TheNamesBetty\n|j|\u203dalexfind\n|t:|1775933557\n|gametype|doubles\n|player|p1|TheNamesBetty|chuck|1369\n|player|p2|alexfind|2|1399\n|gen|9\n|tier|[Gen 9] VGC 2026 Reg I\n|rated|\n|rule|Species Clause: Limit one of each Pok\u00e9mon\n|rule|Item Clause: Limit 1 of each item\n|clearpoke\n|poke|p1|Weezing-Galar, L50, M|\n|poke|p1|Grimmsnarl, L50, M|\n|poke|p1|Wo-Chien, L50|\n|poke|p1|Ting-Lu, L50|\n|poke|p1|Ho-Oh, L50|\n|poke|p1|Miraidon, L50|\n|poke|p2|Ting-Lu, L50|\n|poke|p2|Volcarona, L50, M|\n|poke|p2|Zamazenta-*, L50|\n|poke|p2|Rayquaza, L50|\n|poke|p2|Chien-Pao, L50|\n|poke|p2|Ogerpon-Wellspring, L50, F|\n|teampreview|4\n|\n|t:|1775933586\n|teamsize|p1|4\n|teamsize|p2|4\n|start\n|switch|p1a: Weezing|Weezing-Galar, L50, M|100/100\n|switch|p1b: Ting-Lu|Ting-Lu, L50|100/100\n|switch|p2a: Ting-Lu|Ting-Lu, L50|100/100\n|switch|p2b: Rayquaza|Rayquaza, L50|100/100\n|-ability|p1a: Weezing|Neutralizing Gas\n|turn|1\n|inactive|Battle timer is ON: inactive players will automatically lose when time's up. (requested by alexfind)\n|\n|t:|1775933597\n|move|p2b: Rayquaza|Protect|p2b: Rayquaza\n|-singleturn|p2b: Rayquaza|Protect\n|move|p1a: Weezing|Toxic Spikes|p2a: Ting-Lu\n|-sidestart|p2: alexfind|move: Toxic Spikes\n|move|p1b: Ting-Lu|Stealth Rock|p2a: Ting-Lu\n|-sidestart|p2: alexfind|move: Stealth Rock\n|move|p2a: Ting-Lu|Sand Tomb|p1a: Weezing\n|-supereffective|p1a: Weezing\n|-damage|p1a: Weezing|82/100\n|-activate|p1a: Weezing|move: Sand Tomb|[of] p2a: Ting-Lu\n|\n|-damage|p1a: Weezing|70/100|[from] move: Sand Tomb|[partiallytrapped]\n|upkeep\n|turn|2\n|\n|t:|1775933619\n|move|p2b: Rayquaza|Swords Dance|p2b: Rayquaza\n|-boost|p2b: Rayquaza|atk|2\n|move|p1a: Weezing|Poison Gas|p2b: Rayquaza|[spread] p2b\n|-miss|p1a: Weezing|p2a: Ting-Lu\n|-status|p2b: Rayquaza|psn\n|move|p2a: Ting-Lu|Ruination|p1b: Ting-Lu\n|-damage|p1b: Ting-Lu|50/100\n|move|p1b: Ting-Lu|Whirlwind|p2a: Ting-Lu\n|drag|p2a: Chien-Pao|Chien-Pao, L50|100/100\n|-status|p2a: Chien-Pao|psn\n|-damage|p2a: Chien-Pao|76/100 psn|[from] Stealth Rock\n|\n|-damage|p2a: Chien-Pao|64/100 psn|[from] psn\n|-damage|p2b: Rayquaza|88/100 psn|[from] psn\n|-end|p1a: Weezing|Sand Tomb|[partiallytrapped]|[silent]\n|upkeep\n|turn|3\n|inactive|TheNamesBetty has 30 seconds left.\n|\n|t:|1775933645\n|-terastallize|p2b: Rayquaza|Normal\n|move|p2b: Rayquaza|Extreme Speed|p1a: Weezing\n|-damage|p1a: Weezing|0 fnt\n|faint|p1a: Weezing\n|-end|p1a: Weezing|ability: Neutralizing Gas\n|-ability|p2a: Chien-Pao|Sword of Ruin\n|-ability|p1b: Ting-Lu|Vessel of Ruin\n|-damage|p2b: Rayquaza|78/100 psn|[from] item: Life Orb\n|move|p2a: Chien-Pao|Ice Spinner|p1b: Ting-Lu\n|-supereffective|p1b: Ting-Lu\n|-damage|p1b: Ting-Lu|0 fnt\n|faint|p1b: Ting-Lu\n|\n|-damage|p2a: Chien-Pao|51/100 psn|[from] psn\n|-damage|p2b: Rayquaza|66/100 psn|[from] psn\n|upkeep\n|\n|t:|1775933651\n|switch|p1a: Ho-Oh|Ho-Oh, L50|100/100\n|switch|p1b: Wo-Chien|Wo-Chien, L50|100/100\n|-ability|p1b: Wo-Chien|Tablets of Ruin\n|turn|4\n|\n|t:|1775933673\n|-terastallize|p1b: Wo-Chien|Water\n|move|p2b: Rayquaza|Extreme Speed|p1a: Ho-Oh\n|-damage|p1a: Ho-Oh|0 fnt\n|faint|p1a: Ho-Oh\n|-damage|p2b: Rayquaza|56/100 psn|[from] item: Life Orb\n|move|p2a: Chien-Pao|Ice Spinner|p1b: Wo-Chien\n|-resisted|p1b: Wo-Chien\n|-damage|p1b: Wo-Chien|80/100\n|move|p1b: Wo-Chien|Substitute|p1b: Wo-Chien\n|-start|p1b: Wo-Chien|Substitute\n|-damage|p1b: Wo-Chien|55/100\n|\n|-heal|p1b: Wo-Chien|61/100|[from] item: Leftovers\n|-damage|p2a: Chien-Pao|39/100 psn|[from] psn\n|-damage|p2b: Rayquaza|44/100 psn|[from] psn\n|upkeep\n|turn|5\n|\n|t:|1775933696\n|move|p1b: Wo-Chien|Protect|p1b: Wo-Chien\n|-singleturn|p1b: Wo-Chien|Protect\n|move|p2b: Rayquaza|Extreme Speed|p1b: Wo-Chien\n|-activate|p1b: Wo-Chien|move: Protect\n|move|p2a: Chien-Pao|Throat Chop|p1b: Wo-Chien\n|-activate|p1b: Wo-Chien|move: Protect\n|\n|-heal|p1b: Wo-Chien|67/100|[from] item: Leftovers\n|-damage|p2a: Chien-Pao|27/100 psn|[from] psn\n|-damage|p2b: Rayquaza|32/100 psn|[from] psn\n|upkeep\n|turn|6\n|\n|t:|1775933709\n|move|p2a: Chien-Pao|Throat Chop|p1b: Wo-Chien\n|-end|p1b: Wo-Chien|Substitute\n|move|p2b: Rayquaza|Dragon Ascent|p1b: Wo-Chien\n|-damage|p1b: Wo-Chien|0 fnt\n|-unboost|p2b: Rayquaza|def|1\n|-unboost|p2b: Rayquaza|spd|1\n|faint|p1b: Wo-Chien\n|-damage|p2b: Rayquaza|22/100 psn|[from] item: Life Orb\n|\n|win|alexfind\n|raw|TheNamesBetty's rating: 1369 &rarr; <strong>1351</strong><br />(-18 for losing)\n|raw|alexfind's rating: 1399 &rarr; <strong>1417</strong><br />(+18 for winning)\n|l|\u2606TheNamesBetty\n|player|p1|\n|l|\u203dalexfind\n|player|p2|\n","uploadtime":1775933861,"views":13,"formatid":"gen9vgc2026regi","rating":1351,"private":0,"password":null}