{"id":"gen9vgc2026regi-2569430833","format":"[Gen 9] VGC 2026 Reg I","players":["Gurrasnurra5","ido1234567890"],"log":"|j|\u2606Gurrasnurra5\n|j|\u2606ido1234567890\n|html|<table width=\"100%\"><tr><td align=\"left\">Gurrasnurra5</td><td align=\"right\">ido1234567890</tr><tr><td align=\"left\"><i class=\"fa fa-circle-o\"></i> <i class=\"fa fa-circle-o\"></i> </td><td align=\"right\"><i class=\"fa fa-circle-o\"></i> <i class=\"fa fa-circle\"></i> </tr></table>\n|uhtml|bestof|<h2><strong>Game 2</strong> of <a href=\"/game-bestof3-gen9vgc2026regi-2569429557\">a best-of-3</a></h2>\n|t:|1774693946\n|gametype|doubles\n|player|p1|Gurrasnurra5|169|\n|player|p2|ido1234567890|calem|\n|gen|9\n|tier|[Gen 9] VGC 2026 Reg I\n|rated|Tournament battle\n|rule|Species Clause: Limit one of each Pok\u00e9mon\n|rule|Item Clause: Limit 1 of each item\n|raw|<div class=\"infobox\"><details class=\"readmore\" open><summary><strong>4 custom rules:</strong></summary> Open Team Sheets, Force Open Team Sheets, !Open Team Sheets, Best of = 3</details></div>\n|clearpoke\n|poke|p1|Calyrex-Shadow, L50|\n|poke|p1|Zamazenta-*, L50|\n|poke|p1|Tornadus, L50, M|\n|poke|p1|Urshifu-*, L50, F|\n|poke|p1|Rillaboom, L50, M|\n|poke|p1|Chien-Pao, L50|\n|poke|p2|Rhydon, L50, F|\n|poke|p2|Chien-Pao, L50|\n|poke|p2|Kyogre, L50|\n|poke|p2|Urshifu-*, L50, F|\n|poke|p2|Zacian-*, L50|\n|poke|p2|Tornadus, L50, M|\n|teampreview|4\n|showteam|p1|Calyrex-Shadow||LifeOrb|AsOneSpectrier|AstralBarrage,Psychic,NastyPlot,Protect||||||50|,,,,,Dark]Zamazenta-Crowned||RustedShield|DauntlessShield|BodyPress,HeavySlam,WideGuard,Protect||||||50|,,,,,Water]Tornadus||CovertCloak|Prankster|BleakwindStorm,RainDance,Taunt,Tailwind|||M|||50|,,,,,Dark]Urshifu-Rapid-Strike||ChoiceBand|UnseenFist|SurgingStrikes,CloseCombat,AquaJet,Uturn|||F|||50|,,,,,Ghost]Rillaboom||AssaultVest|GrassySurge|FakeOut,WoodHammer,GrassyGlide,Uturn|||M|||50|,,,,,Fire]Chien-Pao||FocusSash|SwordofRuin|IcicleCrash,SuckerPunch,Ruination,Protect||||||50|,,,,,Ghost\n|showteam|p2|Rhydon||Eviolite|LightningRod|HighHorsepower,Protect,RockSlide,SwordsDance|||F|||50|,,,,,Fairy]Chien-Pao||FocusSash|SwordofRuin|Protect,SuckerPunch,ThroatChop,IcicleCrash||||||50|,,,,,Stellar]Kyogre||MysticWater|Drizzle|WaterSpout,OriginPulse,Protect,Thunder||||||50|,,,,,Grass]Urshifu-Rapid-Strike||ChoiceScarf|UnseenFist|SurgingStrikes,AquaJet,CloseCombat,Uturn|||F|||50|,,,,,Water]Zacian-Crowned||RustedSword|IntrepidSword|behemothblade,Protect,PlayRough,SacredSword||||||50|,,,,,Stellar]Tornadus||CovertCloak|Prankster|Tailwind,BleakwindStorm,Taunt,RainDance|||M|||50|,,,,,Dark\n|j| prague for the win\n|\n|t:|1774693988\n|teamsize|p1|4\n|teamsize|p2|4\n|start\n|switch|p1a: Rillaboom|Rillaboom, L50, M|100/100\n|switch|p1b: Calyrex|Calyrex-Shadow, L50|100/100\n|switch|p2a: Tornadus|Tornadus, L50, M|100/100\n|switch|p2b: Zacian|Zacian-Crowned, L50|100/100\n|-ability|p1b: Calyrex|As One\n|-ability|p1b: Calyrex|Unnerve\n|-ability|p2b: Zacian|Intrepid Sword|boost\n|-boost|p2b: Zacian|atk|1\n|-fieldstart|move: Grassy Terrain|[from] ability: Grassy Surge|[of] p1a: Rillaboom\n|turn|1\n|j| aurora ltd\n|\n|t:|1774694008\n|move|p1a: Rillaboom|Fake Out|p2b: Zacian\n|-resisted|p2b: Zacian\n|-damage|p2b: Zacian|94/100\n|move|p2a: Tornadus|Taunt|p1b: Calyrex\n|-start|p1b: Calyrex|move: Taunt\n|cant|p1b: Calyrex|move: Taunt|Nasty Plot\n|cant|p2b: Zacian|flinch\n|\n|-heal|p2b: Zacian|99/100|[from] Grassy Terrain\n|upkeep\n|turn|2\n|l| aurora ltd\n|\n|t:|1774694025\n|switch|p1b: Zamazenta|Zamazenta-Crowned, L50|100/100\n|-ability|p1b: Zamazenta|Dauntless Shield|boost\n|-boost|p1b: Zamazenta|def|1\n|move|p2a: Tornadus|Tailwind|p2a: Tornadus\n|-sidestart|p2: ido1234567890|move: Tailwind\n|move|p2b: Zacian|Behemoth Blade|p1b: Zamazenta\n|-resisted|p1b: Zamazenta\n|-damage|p1b: Zamazenta|84/100\n|move|p1a: Rillaboom|U-turn|p2b: Zacian\n|-resisted|p2b: Zacian\n|-damage|p2b: Zacian|95/100\n|\n|t:|1774694033\n|switch|p1a: Tornadus|Tornadus, L50, M|100/100|[from] U-turn\n|\n|-heal|p2b: Zacian|100/100|[from] Grassy Terrain\n|-heal|p1b: Zamazenta|90/100|[from] Grassy Terrain\n|upkeep\n|turn|3\n|\n|t:|1774694045\n|-terastallize|p2b: Zacian|Stellar\n|-terastallize|p1a: Tornadus|Dark\n|move|p2a: Tornadus|Taunt|p1a: Tornadus\n|-hint|Since gen 7, Dark is immune to Prankster moves.\n|-immune|p1a: Tornadus\n|move|p1a: Tornadus|Tailwind|p1a: Tornadus\n|-sidestart|p1: Gurrasnurra5|move: Tailwind\n|move|p2b: Zacian|Sacred Sword|p1b: Zamazenta\n|-supereffective|p1b: Zamazenta\n|-damage|p1b: Zamazenta|23/100\n|move|p1b: Zamazenta|Body Press|p2b: Zacian\n|-damage|p2b: Zacian|36/100\n|\n|-heal|p2b: Zacian|42/100|[from] Grassy Terrain\n|-heal|p1b: Zamazenta|29/100|[from] Grassy Terrain\n|upkeep\n|turn|4\n|\n|t:|1774694075\n|move|p1b: Zamazenta|Protect|p1b: Zamazenta\n|-singleturn|p1b: Zamazenta|Protect\n|move|p2b: Zacian|Sacred Sword|p1b: Zamazenta\n|-activate|p1b: Zamazenta|move: Protect\n|move|p2a: Tornadus|Bleakwind Storm|p1a: Tornadus|[spread] p1a\n|-activate|p1b: Zamazenta|move: Protect\n|-damage|p1a: Tornadus|63/100\n|move|p1a: Tornadus|Bleakwind Storm|p2a: Tornadus|[spread] p2a\n|-miss|p1a: Tornadus|p2b: Zacian\n|-damage|p2a: Tornadus|69/100\n|\n|-heal|p2b: Zacian|48/100|[from] Grassy Terrain\n|-heal|p1b: Zamazenta|36/100|[from] Grassy Terrain\n|-heal|p1a: Tornadus|69/100|[from] Grassy Terrain\n|upkeep\n|turn|5\n|\n|t:|1774694124\n|switch|p1b: Calyrex|Calyrex-Shadow, L50|100/100\n|-ability|p1b: Calyrex|As One\n|-ability|p1b: Calyrex|Unnerve\n|move|p1a: Tornadus|Taunt|p2a: Tornadus\n|-start|p2a: Tornadus|move: Taunt\n|move|p2b: Zacian|Behemoth Blade|p1b: Calyrex\n|-damage|p1b: Calyrex|0 fnt\n|faint|p1b: Calyrex\n|move|p2a: Tornadus|Bleakwind Storm|p1a: Tornadus\n|-damage|p1a: Tornadus|21/100\n|\n|-heal|p2b: Zacian|54/100|[from] Grassy Terrain\n|-heal|p1a: Tornadus|27/100|[from] Grassy Terrain\n|-sideend|p2: ido1234567890|move: Tailwind\n|-fieldend|move: Grassy Terrain\n|upkeep\n|c|\u2606ido1234567890|ohhhhh\n|c|\u2606ido1234567890|predicted\n|\n|t:|1774694136\n|switch|p1b: Zamazenta|Zamazenta-Crowned, L50|36/100\n|turn|6\n|\n|t:|1774694157\n|move|p2b: Zacian|Protect|p2b: Zacian\n|-singleturn|p2b: Zacian|Protect\n|move|p1b: Zamazenta|Body Press|p2b: Zacian\n|-activate|p2b: Zacian|move: Protect\n|move|p1a: Tornadus|Bleakwind Storm|p2b: Zacian|[spread] p2a\n|-activate|p2b: Zacian|move: Protect\n|-damage|p2a: Tornadus|37/100\n|move|p2a: Tornadus|Bleakwind Storm|p1b: Zamazenta|[spread] p1a,p1b\n|-damage|p1a: Tornadus|0 fnt\n|-damage|p1b: Zamazenta|13/100\n|faint|p1a: Tornadus\n|\n|-sideend|p1: Gurrasnurra5|move: Tailwind\n|upkeep\n|\n|t:|1774694160\n|switch|p1a: Rillaboom|Rillaboom, L50, M|100/100\n|-fieldstart|move: Grassy Terrain|[from] ability: Grassy Surge|[of] p1a: Rillaboom\n|turn|7\n|\n|t:|1774694176\n|move|p1a: Rillaboom|Fake Out|p2b: Zacian\n|-resisted|p2b: Zacian\n|-damage|p2b: Zacian|47/100\n|cant|p2b: Zacian|flinch\n|move|p1b: Zamazenta|Body Press|p2b: Zacian\n|-damage|p2b: Zacian|6/100\n|move|p2a: Tornadus|Bleakwind Storm|p1b: Zamazenta|[spread] p1a\n|-miss|p2a: Tornadus|p1b: Zamazenta\n|-supereffective|p1a: Rillaboom\n|-damage|p1a: Rillaboom|65/100\n|-unboost|p1a: Rillaboom|spe|1\n|\n|-heal|p2b: Zacian|11/100|[from] Grassy Terrain\n|-heal|p1b: Zamazenta|19/100|[from] Grassy Terrain\n|-heal|p1a: Rillaboom|71/100|[from] Grassy Terrain\n|-end|p2a: Tornadus|move: Taunt\n|upkeep\n|turn|8\n|j| aurora ltd\n|l| aurora ltd\n|\n|t:|1774694188\n|move|p2b: Zacian|Protect|p2b: Zacian\n|-singleturn|p2b: Zacian|Protect\n|move|p2a: Tornadus|Tailwind|p2a: Tornadus\n|-sidestart|p2: ido1234567890|move: Tailwind\n|move|p1a: Rillaboom|Grassy Glide|p2b: Zacian\n|-activate|p2b: Zacian|move: Protect\n|move|p1b: Zamazenta|Heavy Slam|p2a: Tornadus\n|-damage|p2a: Tornadus|0 fnt\n|faint|p2a: Tornadus\n|\n|-heal|p2b: Zacian|17/100|[from] Grassy Terrain\n|-heal|p1b: Zamazenta|25/100|[from] Grassy Terrain\n|-heal|p1a: Rillaboom|77/100|[from] Grassy Terrain\n|upkeep\n|\n|t:|1774694196\n|switch|p2a: Kyogre|Kyogre, L50|100/100\n|-weather|RainDance|[from] ability: Drizzle|[of] p2a: Kyogre\n|turn|9\n|c|\u2606ido1234567890|gg i think\n|\n|t:|1774694213\n|move|p1b: Zamazenta|Protect|p1b: Zamazenta\n|-singleturn|p1b: Zamazenta|Protect\n|move|p2b: Zacian|Behemoth Blade|p1a: Rillaboom\n|-damage|p1a: Rillaboom|0 fnt\n|faint|p1a: Rillaboom\n|move|p2a: Kyogre|Origin Pulse|p1b: Zamazenta\n|-activate|p1b: Zamazenta|move: Protect\n|\n|-weather|RainDance|[upkeep]\n|-heal|p2b: Zacian|23/100|[from] Grassy Terrain\n|-heal|p1b: Zamazenta|31/100|[from] Grassy Terrain\n|upkeep\n|turn|10\n|c|\u2606Gurrasnurra5|ggwp!\n|-message|Gurrasnurra5 forfeited.\n|\n|win|ido1234567890\n|l|\u2606ido1234567890\n|player|p2|\n|l| prague for the win\n|j| aurora ltd\n","uploadtime":1774694555,"views":15,"formatid":"gen9vgc2026regi","rating":null,"private":0,"password":null}