{"id":"gen9vgc2026regi-2544485002","format":"[Gen 9] VGC 2026 Reg I","players":["crustle48","fogdocker"],"log":"|j|\u2606crustle48\n|j|\u2606fogdocker\n|t:|1771712351\n|gametype|doubles\n|player|p1|crustle48|brycen|1276\n|player|p2|fogdocker|169|1401\n|gen|9\n|tier|[Gen 9] VGC 2026 Reg I\n|rated|\n|rule|Species Clause: Limit one of each Pok\u00e9mon\n|rule|Item Clause: Limit 1 of each item\n|clearpoke\n|poke|p1|Kyogre, L50|\n|poke|p1|Zacian-*, L50|\n|poke|p1|Ogerpon-Hearthflame, L50, F|\n|poke|p1|Urshifu-*, L50, M|\n|poke|p1|Tornadus, L50, M|\n|poke|p1|Luxray, L50, F|\n|poke|p2|Calyrex-Ice, L50|\n|poke|p2|Koraidon, L50|\n|poke|p2|Flutter Mane, L50|\n|poke|p2|Incineroar, L50, M|\n|poke|p2|Rillaboom, L50, M|\n|poke|p2|Volcarona, L50, F|\n|teampreview|4\n|\n|t:|1771712381\n|teamsize|p1|4\n|teamsize|p2|4\n|start\n|switch|p1a: Kyogre|Kyogre, L50|100/100\n|switch|p1b: Luxray|Luxray, L50, F|100/100\n|switch|p2a: Calyrex|Calyrex-Ice, L50|100/100\n|switch|p2b: Rillaboom|Rillaboom, L50, M|100/100\n|-ability|p2a: Calyrex|As One\n|-ability|p2a: Calyrex|Unnerve\n|-weather|RainDance|[from] ability: Drizzle|[of] p1a: Kyogre\n|-ability|p1b: Luxray|Intimidate|boost\n|-unboost|p2a: Calyrex|atk|1\n|-unboost|p2b: Rillaboom|atk|1\n|-fieldstart|move: Grassy Terrain|[from] ability: Grassy Surge|[of] p2b: Rillaboom\n|turn|1\n|inactive|Battle timer is ON: inactive players will automatically lose when time's up. (requested by fogdocker)\n|\n|t:|1771712426\n|switch|p1a: Ogerpon|Ogerpon-Hearthflame, L50, F|100/100\n|-ability|p1a: Ogerpon|Mold Breaker\n|move|p2b: Rillaboom|Fake Out|p1a: Ogerpon\n|-damage|p1a: Ogerpon|90/100\n|move|p1b: Luxray|Thunder Wave|p2a: Calyrex\n|-status|p2a: Calyrex|par\n|move|p2a: Calyrex|Glacial Lance|p1a: Ogerpon|[spread] p1a,p1b\n|-damage|p1a: Ogerpon|58/100\n|-damage|p1b: Luxray|66/100\n|\n|-weather|RainDance|[upkeep]\n|-heal|p1b: Luxray|72/100|[from] Grassy Terrain\n|-heal|p1a: Ogerpon|64/100|[from] Grassy Terrain\n|upkeep\n|turn|2\n|inactive|crustle48 has 30 seconds left.\n|\n|t:|1771712452\n|switch|p2b: Incineroar|Incineroar, L50, M|100/100\n|-ability|p2b: Incineroar|Intimidate|boost\n|-unboost|p1a: Ogerpon|atk|1\n|-unboost|p1b: Luxray|atk|1\n|-terastallize|p1a: Ogerpon|Fire\n|detailschange|p1a: Ogerpon|Ogerpon-Hearthflame-Tera, L50, F, tera:Fire\n|-ability|p1a: Ogerpon|Embody Aspect (Hearthflame)|boost\n|-boost|p1a: Ogerpon|atk|1\n|-terastallize|p2a: Calyrex|Water\n|move|p1b: Luxray|Helping Hand|p1a: Ogerpon\n|-singleturn|p1a: Ogerpon|Helping Hand|[of] p1b: Luxray\n|move|p1a: Ogerpon|Ivy Cudgel|p2a: Calyrex|[anim] Ivy Cudgel Fire\n|-resisted|p2a: Calyrex\n|-crit|p2a: Calyrex\n|-damage|p2a: Calyrex|76/100 par\n|move|p2a: Calyrex|Glacial Lance|p1a: Ogerpon|[spread] p1a,p1b\n|-resisted|p1a: Ogerpon\n|-damage|p1a: Ogerpon|47/100\n|-damage|p1b: Luxray|35/100\n|\n|-weather|RainDance|[upkeep]\n|-heal|p1b: Luxray|41/100|[from] Grassy Terrain\n|-heal|p1a: Ogerpon|53/100|[from] Grassy Terrain\n|-heal|p2a: Calyrex|82/100 par|[from] Grassy Terrain\n|-heal|p2a: Calyrex|88/100 par|[from] item: Leftovers\n|upkeep\n|turn|3\n|inactive|fogdocker has 30 seconds left.\n|inactive|crustle48 has 30 seconds left.\n|inactive|fogdocker has 20 seconds left.\n|inactive|crustle48 has 20 seconds left.\n|inactive|fogdocker has 15 seconds left.\n|inactive|crustle48 has 15 seconds left.\n|inactive|fogdocker has 10 seconds left.\n|\n|t:|1771712499\n|switch|p2a: Rillaboom|Rillaboom, L50, M|100/100\n|move|p1b: Luxray|Helping Hand|p1a: Ogerpon\n|-singleturn|p1a: Ogerpon|Helping Hand|[of] p1b: Luxray\n|move|p1a: Ogerpon|Horn Leech|p2a: Rillaboom\n|-resisted|p2a: Rillaboom\n|-damage|p2a: Rillaboom|52/100\n|-heal|p1a: Ogerpon|79/100|[from] drain|[of] p2a: Rillaboom\n|move|p2b: Incineroar|Knock Off|p1b: Luxray\n|-damage|p1b: Luxray|0 fnt\n|-enditem|p1b: Luxray|Terrain Extender|[from] move: Knock Off|[of] p2b: Incineroar\n|faint|p1b: Luxray\n|\n|-weather|RainDance|[upkeep]\n|-heal|p1a: Ogerpon|84/100|[from] Grassy Terrain\n|-heal|p2a: Rillaboom|58/100|[from] Grassy Terrain\n|upkeep\n|\n|t:|1771712514\n|switch|p1b: Kyogre|Kyogre, L50|100/100\n|turn|4\n|\n|t:|1771712520\n|switch|p2b: Koraidon|Koraidon, L50|100/100\n|-weather|SunnyDay|[from] ability: Orichalcum Pulse|[of] p2b: Koraidon\n|-activate|p2b: Koraidon|Orichalcum Pulse|[source]\n|move|p2a: Rillaboom|Fake Out|p1a: Ogerpon\n|-damage|p1a: Ogerpon|69/100\n|move|p1b: Kyogre|Water Spout|p2a: Rillaboom|[spread] p2a,p2b\n|-resisted|p2a: Rillaboom\n|-resisted|p2b: Koraidon\n|-damage|p2a: Rillaboom|45/100\n|-damage|p2b: Koraidon|78/100\n|cant|p1a: Ogerpon|flinch\n|\n|-weather|SunnyDay|[upkeep]\n|-heal|p2b: Koraidon|84/100|[from] Grassy Terrain\n|-heal|p1a: Ogerpon|75/100|[from] Grassy Terrain\n|-heal|p2a: Rillaboom|51/100|[from] Grassy Terrain\n|upkeep\n|turn|5\n|\n|t:|1771712542\n|switch|p2a: Incineroar|Incineroar, L50, M|100/100\n|-ability|p2a: Incineroar|Intimidate|boost\n|-unboost|p1a: Ogerpon|atk|1\n|-unboost|p1b: Kyogre|atk|1\n|move|p2b: Koraidon|Close Combat|p1b: Kyogre\n|-damage|p1b: Kyogre|0 fnt\n|-unboost|p2b: Koraidon|def|1\n|-unboost|p2b: Koraidon|spd|1\n|faint|p1b: Kyogre\n|-damage|p2b: Koraidon|74/100|[from] item: Life Orb\n|move|p1a: Ogerpon|Ivy Cudgel|p2a: Incineroar|[anim] Ivy Cudgel Fire\n|-resisted|p2a: Incineroar\n|-damage|p2a: Incineroar|66/100\n|\n|-weather|SunnyDay|[upkeep]\n|-heal|p2b: Koraidon|80/100|[from] Grassy Terrain\n|-heal|p1a: Ogerpon|81/100|[from] Grassy Terrain\n|-heal|p2a: Incineroar|72/100|[from] Grassy Terrain\n|-fieldend|move: Grassy Terrain\n|upkeep\n|\n|t:|1771712549\n|switch|p1b: Zacian|Zacian-Crowned, L50|100/100\n|-ability|p1b: Zacian|Intrepid Sword|boost\n|-boost|p1b: Zacian|atk|1\n|turn|6\n|\n|t:|1771712566\n|move|p1a: Ogerpon|Spiky Shield|p1a: Ogerpon\n|-singleturn|p1a: Ogerpon|move: Protect\n|move|p2a: Incineroar|Fake Out|p1b: Zacian\n|-resisted|p1b: Zacian\n|-damage|p1b: Zacian|95/100\n|cant|p1b: Zacian|flinch\n|move|p2b: Koraidon|Close Combat|p1a: Ogerpon\n|-activate|p1a: Ogerpon|move: Protect\n|-damage|p2b: Koraidon|68/100|[from] Spiky Shield|[of] p1a: Ogerpon\n|\n|-weather|SunnyDay|[upkeep]\n|upkeep\n|turn|7\n|\n|t:|1771712586\n|switch|p2a: Rillaboom|Rillaboom, L50, M|51/100\n|-fieldstart|move: Grassy Terrain|[from] ability: Grassy Surge|[of] p2a: Rillaboom\n|move|p2b: Koraidon|Protect|p2b: Koraidon\n|-singleturn|p2b: Koraidon|Protect\n|move|p1b: Zacian|Play Rough|p2a: Rillaboom\n|-damage|p2a: Rillaboom|0 fnt\n|faint|p2a: Rillaboom\n|move|p1a: Ogerpon|Ivy Cudgel|p2b: Koraidon|[anim] Ivy Cudgel Fire\n|-activate|p2b: Koraidon|move: Protect\n|\n|-weather|SunnyDay|[upkeep]\n|-heal|p1b: Zacian|100/100|[from] Grassy Terrain\n|-heal|p2b: Koraidon|74/100|[from] Grassy Terrain\n|-heal|p1a: Ogerpon|87/100|[from] Grassy Terrain\n|upkeep\n|\n|t:|1771712589\n|switch|p2a: Incineroar|Incineroar, L50, M|72/100\n|-ability|p2a: Incineroar|Intimidate|boost\n|-unboost|p1a: Ogerpon|atk|1\n|-unboost|p1b: Zacian|atk|1\n|turn|8\n|inactive|crustle48 has 30 seconds left.\n|inactive|fogdocker has 30 seconds left.\n|\n|t:|1771712617\n|switch|p2b: Calyrex|Calyrex-Ice, L50, tera:Water|88/100 par\n|-ability|p2b: Calyrex|As One\n|-ability|p2b: Calyrex|Unnerve\n|move|p1b: Zacian|Protect|p1b: Zacian\n|-singleturn|p1b: Zacian|Protect\n|move|p1a: Ogerpon|Spiky Shield|p1a: Ogerpon\n|-singleturn|p1a: Ogerpon|move: Protect\n|move|p2a: Incineroar|Parting Shot|p2b: Calyrex\n|-unboost|p2b: Calyrex|atk|1\n|-unboost|p2b: Calyrex|spa|1\n|\n|t:|1771712620\n|switch|p2a: Koraidon|Koraidon, L50|74/100|[from] Parting Shot\n|-activate|p2a: Koraidon|ability: Orichalcum Pulse\n|\n|-weather|none\n|-heal|p2a: Koraidon|79/100|[from] Grassy Terrain\n|-heal|p1a: Ogerpon|92/100|[from] Grassy Terrain\n|-heal|p2b: Calyrex|94/100 par|[from] Grassy Terrain\n|-heal|p2b: Calyrex|99/100 par|[from] item: Leftovers\n|upkeep\n|turn|9\n|inactive|crustle48 has 30 seconds left.\n|\n|t:|1771712648\n|switch|p2a: Incineroar|Incineroar, L50, M|72/100\n|-ability|p2a: Incineroar|Intimidate|boost\n|-unboost|p1a: Ogerpon|atk|1\n|-unboost|p1b: Zacian|atk|1\n|move|p1b: Zacian|Play Rough|p2a: Incineroar\n|-damage|p2a: Incineroar|47/100\n|move|p1a: Ogerpon|Horn Leech|p2b: Calyrex\n|-supereffective|p2b: Calyrex\n|-damage|p2b: Calyrex|73/100 par\n|-heal|p1a: Ogerpon|100/100|[from] drain|[of] p2b: Calyrex\n|cant|p2b: Calyrex|par\n|\n|-heal|p2a: Incineroar|52/100|[from] Grassy Terrain\n|-heal|p2b: Calyrex|79/100 par|[from] Grassy Terrain\n|-heal|p2b: Calyrex|85/100 par|[from] item: Leftovers\n|upkeep\n|turn|10\n|\n|t:|1771712669\n|move|p2a: Incineroar|Fake Out|p1a: Ogerpon\n|-damage|p1a: Ogerpon|88/100\n|move|p1b: Zacian|Play Rough|p2a: Incineroar\n|-damage|p2a: Incineroar|26/100\n|cant|p1a: Ogerpon|flinch\n|cant|p2b: Calyrex|par\n|\n|-heal|p1a: Ogerpon|94/100|[from] Grassy Terrain\n|-heal|p2a: Incineroar|32/100|[from] Grassy Terrain\n|-heal|p2b: Calyrex|91/100 par|[from] Grassy Terrain\n|-heal|p2b: Calyrex|97/100 par|[from] item: Leftovers\n|upkeep\n|turn|11\n|\n|t:|1771712685\n|move|p1b: Zacian|Play Rough|p2a: Incineroar\n|-damage|p2a: Incineroar|3/100\n|move|p1a: Ogerpon|Horn Leech|p2a: Incineroar\n|-resisted|p2a: Incineroar\n|-damage|p2a: Incineroar|0 fnt\n|-heal|p1a: Ogerpon|96/100|[from] drain|[of] p2a: Incineroar\n|faint|p2a: Incineroar\n|cant|p2b: Calyrex|par\n|\n|-heal|p1a: Ogerpon|100/100|[from] Grassy Terrain\n|-heal|p2b: Calyrex|100/100 par|[from] Grassy Terrain\n|-fieldend|move: Grassy Terrain\n|upkeep\n|\n|t:|1771712692\n|switch|p2a: Koraidon|Koraidon, L50|79/100\n|-weather|SunnyDay|[from] ability: Orichalcum Pulse|[of] p2a: Koraidon\n|-activate|p2a: Koraidon|Orichalcum Pulse|[source]\n|turn|12\n|\n|t:|1771712700\n|move|p2a: Koraidon|Protect|p2a: Koraidon\n|-singleturn|p2a: Koraidon|Protect\n|move|p1a: Ogerpon|Spiky Shield|p1a: Ogerpon\n|-singleturn|p1a: Ogerpon|move: Protect\n|move|p1b: Zacian|Play Rough|p2a: Koraidon\n|-activate|p2a: Koraidon|move: Protect\n|move|p2b: Calyrex|Trick Room|p2b: Calyrex\n|-fieldstart|move: Trick Room|[of] p2b: Calyrex\n|\n|-weather|SunnyDay|[upkeep]\n|upkeep\n|turn|13\n|\n|t:|1771712725\n|move|p2b: Calyrex|Leech Seed|p1b: Zacian\n|-start|p1b: Zacian|move: Leech Seed\n|move|p1a: Ogerpon|Horn Leech|p2b: Calyrex\n|-supereffective|p2b: Calyrex\n|-damage|p2b: Calyrex|77/100 par\n|move|p2a: Koraidon|Close Combat|p1a: Ogerpon\n|-damage|p1a: Ogerpon|0 fnt\n|-unboost|p2a: Koraidon|def|1\n|-unboost|p2a: Koraidon|spd|1\n|faint|p1a: Ogerpon\n|detailschange|p1: Ogerpon|Ogerpon-Hearthflame, L50, F|[silent]\n|-damage|p2a: Koraidon|70/100|[from] item: Life Orb\n|move|p1b: Zacian|Play Rough|p2a: Koraidon\n|-supereffective|p2a: Koraidon\n|-damage|p2a: Koraidon|0 fnt\n|faint|p2a: Koraidon\n|\n|-weather|SunnyDay|[upkeep]\n|-heal|p2b: Calyrex|83/100 par|[from] item: Leftovers\n|-damage|p1b: Zacian|89/100|[from] Leech Seed|[of] p2b: Calyrex\n|-heal|p2b: Calyrex|93/100 par|[silent]\n|upkeep\n|turn|14\n|inactive|crustle48 has 30 seconds left.\n|\n|t:|1771712751\n|move|p2b: Calyrex|Glacial Lance|p1b: Zacian\n|-resisted|p1b: Zacian\n|-damage|p1b: Zacian|65/100\n|move|p1b: Zacian|Play Rough|p2b: Calyrex|[miss]\n|-miss|p1b: Zacian|p2b: Calyrex\n|\n|-weather|SunnyDay|[upkeep]\n|-heal|p2b: Calyrex|99/100 par|[from] item: Leftovers\n|-damage|p1b: Zacian|53/100|[from] Leech Seed|[of] p2b: Calyrex\n|-heal|p2b: Calyrex|100/100 par|[silent]\n|upkeep\n|turn|15\n|\n|t:|1771712776\n|move|p1b: Zacian|Protect|p1b: Zacian\n|-singleturn|p1b: Zacian|Protect\n|cant|p2b: Calyrex|par\n|\n|-weather|SunnyDay|[upkeep]\n|-damage|p1b: Zacian|41/100|[from] Leech Seed|[of] p2b: Calyrex\n|upkeep\n|turn|16\n|\n|t:|1771712783\n|move|p2b: Calyrex|Glacial Lance|p1b: Zacian\n|-resisted|p1b: Zacian\n|-damage|p1b: Zacian|20/100\n|move|p1b: Zacian|Play Rough|p2b: Calyrex\n|-damage|p2b: Calyrex|80/100 par\n|\n|-weather|none\n|-heal|p2b: Calyrex|86/100 par|[from] item: Leftovers\n|-damage|p1b: Zacian|8/100|[from] Leech Seed|[of] p2b: Calyrex\n|-heal|p2b: Calyrex|95/100 par|[silent]\n|-fieldend|move: Trick Room\n|upkeep\n|turn|17\n|-message|crustle48 forfeited.\n|\n|win|fogdocker\n|raw|crustle48's rating: 1276 &rarr; <strong>1260</strong><br />(-16 for losing)\n|raw|fogdocker's rating: 1401 &rarr; <strong>1414</strong><br />(+13 for winning)\n|l|\u2606crustle48\n|player|p1|\n","uploadtime":1771712797,"views":11,"formatid":"gen9vgc2026regi","rating":1260,"private":0,"password":null}