{"id":"gen9vgc2026regi-2560647248","format":"[Gen 9] VGC 2026 Reg I","players":["vestige666","Zkprep"],"log":"|j|\u2606vestige666\n|j|\u2606Zkprep\n|t:|1773708163\n|gametype|doubles\n|player|p1|vestige666|102|1268\n|player|p2|Zkprep|1|1377\n|gen|9\n|tier|[Gen 9] VGC 2026 Reg I\n|rated|\n|rule|Species Clause: Limit one of each Pok\u00e9mon\n|rule|Item Clause: Limit 1 of each item\n|clearpoke\n|poke|p1|Rayquaza, L50|\n|poke|p1|Calyrex-Shadow, L50|\n|poke|p1|Tornadus, L50, M|\n|poke|p1|Smeargle, L50, F|\n|poke|p1|Urshifu-*, L50, F|\n|poke|p1|Clefairy, L50, F|\n|poke|p2|Calyrex-Shadow, L50|\n|poke|p2|Miraidon, L50|\n|poke|p2|Whimsicott, L50, F|\n|poke|p2|Chien-Pao, L50|\n|poke|p2|Chi-Yu, L50|\n|poke|p2|Ogerpon-Wellspring, L50, F|\n|teampreview|4\n|inactive|Battle timer is ON: inactive players will automatically lose when time's up. (requested by Zkprep)\n|\n|t:|1773708202\n|teamsize|p1|4\n|teamsize|p2|4\n|start\n|switch|p1a: Tornadus|Tornadus, L50, M|100/100\n|switch|p1b: Urshifu|Urshifu-Rapid-Strike, L50, F|100/100\n|switch|p2a: Calyrex|Calyrex-Shadow, L50|100/100\n|switch|p2b: Whimsicott|Whimsicott, L50, F|100/100\n|-ability|p2a: Calyrex|As One\n|-ability|p2a: Calyrex|Unnerve\n|turn|1\n|\n|t:|1773708225\n|switch|p2a: Ogerpon|Ogerpon-Wellspring, L50, F|100/100\n|move|p2b: Whimsicott|Tailwind|p2b: Whimsicott\n|-sidestart|p2: Zkprep|move: Tailwind\n|move|p1a: Tornadus|Tailwind|p1a: Tornadus\n|-sidestart|p1: vestige666|move: Tailwind\n|move|p1b: Urshifu|U-turn|p2b: Whimsicott\n|-damage|p2b: Whimsicott|69/100\n|\n|t:|1773708236\n|switch|p1b: Calyrex|Calyrex-Shadow, L50|100/100|[from] U-turn\n|-ability|p1b: Calyrex|As One\n|-ability|p1b: Calyrex|Unnerve\n|\n|upkeep\n|turn|2\n|\n|t:|1773708249\n|move|p2b: Whimsicott|Encore|p1a: Tornadus\n|-start|p1a: Tornadus|Encore\n|move|p1b: Calyrex|Astral Barrage|p2b: Whimsicott|[spread] p2a,p2b\n|-crit|p2b: Whimsicott\n|-damage|p2a: Ogerpon|11/100\n|-damage|p2b: Whimsicott|0 fnt\n|faint|p2b: Whimsicott\n|-ability|p1b: Calyrex|Grim Neigh|boost\n|-boost|p1b: Calyrex|spa|1\n|-damage|p1b: Calyrex|91/100|[from] item: Life Orb\n|move|p2a: Ogerpon|Ivy Cudgel|p1b: Calyrex|[anim] Ivy Cudgel Water\n|-damage|p1b: Calyrex|22/100\n|move|p1a: Tornadus|Tailwind||[still]\n|-fail|p1a: Tornadus\n|\n|upkeep\n|inactive|Zkprep has 30 seconds left.\n|\n|t:|1773708275\n|switch|p2b: Calyrex|Calyrex-Shadow, L50|100/100\n|-ability|p2b: Calyrex|As One\n|-ability|p2b: Calyrex|Unnerve\n|turn|3\n|\n|t:|1773708288\n|switch|p1a: Rayquaza|Rayquaza, L50|100/100\n|-ability|p1a: Rayquaza|Air Lock\n|move|p1b: Calyrex|Protect|p1b: Calyrex\n|-singleturn|p1b: Calyrex|Protect\n|move|p2a: Ogerpon|Spiky Shield|p2a: Ogerpon\n|-singleturn|p2a: Ogerpon|move: Protect\n|move|p2b: Calyrex|Astral Barrage|p1a: Rayquaza|[spread] p1a\n|-activate|p1b: Calyrex|move: Protect\n|-damage|p1a: Rayquaza|52/100\n|\n|upkeep\n|turn|4\n|inactive|vestige666 has 30 seconds left.\n|inactive|Zkprep has 30 seconds left.\n|inactive|vestige666 has 20 seconds left.\n|inactive|Zkprep has 20 seconds left.\n|\n|t:|1773708327\n|switch|p2a: Miraidon|Miraidon, L50|100/100\n|-fieldstart|move: Electric Terrain|[from] ability: Hadron Engine|[of] p2a: Miraidon\n|-terastallize|p1a: Rayquaza|Normal\n|move|p1b: Calyrex|Astral Barrage|p2a: Miraidon|[spread] p2a,p2b\n|-supereffective|p2b: Calyrex\n|-damage|p2a: Miraidon|40/100\n|-enditem|p2b: Calyrex|Focus Sash\n|-damage|p2b: Calyrex|1/100\n|-damage|p1b: Calyrex|12/100|[from] item: Life Orb\n|move|p2b: Calyrex|Astral Barrage|p1b: Calyrex|[spread] p1b\n|-immune|p1a: Rayquaza\n|-supereffective|p1b: Calyrex\n|-damage|p1b: Calyrex|0 fnt\n|faint|p1b: Calyrex\n|-ability|p2b: Calyrex|Grim Neigh|boost\n|-boost|p2b: Calyrex|spa|1\n|move|p1a: Rayquaza|Dragon Ascent|p2b: Calyrex\n|-damage|p2b: Calyrex|0 fnt\n|-unboost|p1a: Rayquaza|def|1\n|-unboost|p1a: Rayquaza|spd|1\n|faint|p2b: Calyrex\n|\n|-sideend|p1: vestige666|move: Tailwind\n|-sideend|p2: Zkprep|move: Tailwind\n|upkeep\n|inactive|vestige666 has 30 seconds left.\n|inactive|Zkprep has 30 seconds left.\n|\n|t:|1773708358\n|switch|p2b: Ogerpon|Ogerpon-Wellspring, L50, F|11/100\n|switch|p1b: Tornadus|Tornadus, L50, M|100/100\n|turn|5\n|\n|t:|1773708381\n|move|p1a: Rayquaza|Protect|p1a: Rayquaza\n|-singleturn|p1a: Rayquaza|Protect\n|move|p1b: Tornadus|Tailwind|p1b: Tornadus\n|-sidestart|p1: vestige666|move: Tailwind\n|move|p2a: Miraidon|Electro Drift|p1a: Rayquaza\n|-activate|p1a: Rayquaza|move: Protect\n|move|p2b: Ogerpon|Ivy Cudgel|p1a: Rayquaza|[anim] Ivy Cudgel Water\n|-activate|p1a: Rayquaza|move: Protect\n|\n|upkeep\n|turn|6\n|inactive|Zkprep has 30 seconds left.\n|\n|t:|1773708406\n|move|p1a: Rayquaza|Extreme Speed|p2a: Miraidon\n|-damage|p2a: Miraidon|0 fnt\n|faint|p2a: Miraidon\n|move|p1b: Tornadus|Bleakwind Storm|p2b: Ogerpon\n|-supereffective|p2b: Ogerpon\n|-damage|p2b: Ogerpon|0 fnt\n|faint|p2b: Ogerpon\n|\n|win|vestige666\n|raw|vestige666's rating: 1268 &rarr; <strong>1301</strong><br />(+33 for winning)\n|raw|Zkprep's rating: 1377 &rarr; <strong>1351</strong><br />(-26 for losing)\n|c|\u2606vestige666|Gg\n|l|\u2606Zkprep\n|player|p2|\n|l|\u2606vestige666\n|player|p1|\n","uploadtime":1773708635,"views":13,"formatid":"gen9vgc2026regi","rating":1301,"private":0,"password":null}