{"id":"gen9vgc2026regi-2564001191","format":"[Gen 9] VGC 2026 Reg I","players":["Like a Fish","TheManOfSausage"],"log":"|j|\u2606Like a Fish\n|j|\u2606TheManOfSausage\n|t:|1774098292\n|gametype|doubles\n|player|p1|Like a Fish|n|1470\n|player|p2|TheManOfSausage|miku-water|1498\n|gen|9\n|tier|[Gen 9] VGC 2026 Reg I\n|rated|\n|rule|Species Clause: Limit one of each Pok\u00e9mon\n|rule|Item Clause: Limit 1 of each item\n|clearpoke\n|poke|p1|Calyrex-Shadow, L50|\n|poke|p1|Miraidon, L50|\n|poke|p1|Incineroar, L50, F|\n|poke|p1|Clefairy, L50, M|\n|poke|p1|Grimmsnarl, L50, M|\n|poke|p1|Urshifu-*, L50, F|\n|poke|p2|Calyrex-Shadow, L50|\n|poke|p2|Koraidon, L50|\n|poke|p2|Weezing-Galar, L50, M|\n|poke|p2|Ditto, L50|\n|poke|p2|Regieleki, L50|\n|poke|p2|Walking Wake, L50|\n|teampreview|4\n|inactive|Battle timer is ON: inactive players will automatically lose when time's up. (requested by Like a Fish)\nTheManOfSausage has agreed to open team sheets.\n|inactive|Like a Fish has 60 seconds left.\n|inactive|TheManOfSausage has 60 seconds left.\n|\n|t:|1774098343\n|teamsize|p1|4\n|teamsize|p2|4\n|start\n|switch|p1a: Grimmsnarl|Grimmsnarl, L50, M|100/100\n|switch|p1b: Miraidon|Miraidon, L50|100/100\n|switch|p2a: Weezing|Weezing-Galar, L50, M|100/100\n|switch|p2b: Rice Shower|Calyrex-Shadow, L50|100/100\n|-ability|p2a: Weezing|Neutralizing Gas\n|-ability|p2b: Rice Shower|As One\n|-ability|p2b: Rice Shower|Unnerve\n|turn|1\n|\n|t:|1774098354\n|move|p2b: Rice Shower|Protect|p2b: Rice Shower\n|-singleturn|p2b: Rice Shower|Protect\n|move|p1a: Grimmsnarl|Sucker Punch||[still]\n|-fail|p1a: Grimmsnarl\n|move|p1b: Miraidon|Volt Switch|p2b: Rice Shower\n|-activate|p2b: Rice Shower|move: Protect\n|move|p2a: Weezing|Sludge Bomb|p1a: Grimmsnarl\n|-supereffective|p1a: Grimmsnarl\n|-damage|p1a: Grimmsnarl|46/100\n|\n|upkeep\n|turn|2\n|inactive|Like a Fish has 30 seconds left.\n|\n|t:|1774098381\n|switch|p2b: Koraidon|Koraidon, L50|100/100\n|-weather|SunnyDay|[from] ability: Orichalcum Pulse|[of] p2b: Koraidon\n|-activate|p2b: Koraidon|Orichalcum Pulse|[source]\n|switch|p1a: Clefairy|Clefairy, L50, M|100/100\n|-terastallize|p1b: Miraidon|Electric\n|move|p1b: Miraidon|Electro Drift|p2a: Weezing\n|-damage|p2a: Weezing|0 fnt\n|-damage|p1b: Miraidon|84/100|[from] item: Rocky Helmet|[of] p2a: Weezing\n|faint|p2a: Weezing\n|-end|p2a: Weezing|ability: Neutralizing Gas\n|-fieldstart|move: Electric Terrain|[from] ability: Hadron Engine|[of] p1b: Miraidon\n|-damage|p1b: Miraidon|74/100|[from] item: Life Orb\n|\n|-weather|SunnyDay|[upkeep]\n|upkeep\n|\n|t:|1774098391\n|switch|p2a: Regieleki|Regieleki, L50|100/100\n|turn|3\n|\n|t:|1774098404\n|move|p2b: Koraidon|Protect|p2b: Koraidon\n|-singleturn|p2b: Koraidon|Protect\n|move|p1a: Clefairy|Follow Me|p1a: Clefairy\n|-singleturn|p1a: Clefairy|move: Follow Me\n|move|p2a: Regieleki|Electroweb|p1a: Clefairy|[spread] p1a,p1b\n|-resisted|p1b: Miraidon\n|-damage|p1a: Clefairy|69/100\n|-damage|p1b: Miraidon|60/100\n|-unboost|p1a: Clefairy|spe|1\n|-unboost|p1b: Miraidon|spe|1\n|-damage|p2a: Regieleki|91/100|[from] item: Life Orb\n|move|p1b: Miraidon|Draco Meteor|p2b: Koraidon\n|-activate|p2b: Koraidon|move: Protect\n|\n|-weather|SunnyDay|[upkeep]\n|upkeep\n|turn|4\n|\n|t:|1774098419\n|move|p1a: Clefairy|Follow Me|p1a: Clefairy\n|-singleturn|p1a: Clefairy|move: Follow Me\n|move|p2a: Regieleki|Volt Switch|p1a: Clefairy\n|-damage|p1a: Clefairy|18/100\n|-damage|p2a: Regieleki|81/100|[from] item: Life Orb\n|\n|t:|1774098423\n|switch|p2a: Rice Shower|Calyrex-Shadow, L50|100/100|[from] Volt Switch\n|-ability|p2a: Rice Shower|As One\n|-ability|p2a: Rice Shower|Unnerve\n|move|p2b: Koraidon|Collision Course|p1a: Clefairy\n|-resisted|p1a: Clefairy\n|-damage|p1a: Clefairy|0 fnt\n|faint|p1a: Clefairy\n|move|p1b: Miraidon|Draco Meteor|p2b: Koraidon\n|-supereffective|p2b: Koraidon\n|-damage|p2b: Koraidon|0 fnt\n|-unboost|p1b: Miraidon|spa|2\n|faint|p2b: Koraidon\n|-damage|p1b: Miraidon|51/100|[from] item: Life Orb\n|\n|-weather|SunnyDay|[upkeep]\n|upkeep\n|\n|t:|1774098443\n|switch|p2b: Regieleki|Regieleki, L50|81/100\n|switch|p1a: Grimmsnarl|Grimmsnarl, L50, M|46/100\n|turn|5\n|\n|t:|1774098454\n|-terastallize|p2a: Rice Shower|Ghost\n|move|p1a: Grimmsnarl|Sucker Punch|p2a: Rice Shower\n|-supereffective|p2a: Rice Shower\n|-damage|p2a: Rice Shower|32/100\n|move|p2b: Regieleki|Electroweb|p1a: Grimmsnarl|[spread] p1a,p1b\n|-resisted|p1b: Miraidon\n|-damage|p1a: Grimmsnarl|0 fnt\n|-damage|p1b: Miraidon|31/100\n|-unboost|p1b: Miraidon|spe|1\n|faint|p1a: Grimmsnarl\n|-damage|p2b: Regieleki|72/100|[from] item: Life Orb\n|move|p2a: Rice Shower|Astral Barrage|p1b: Miraidon\n|-damage|p1b: Miraidon|0 fnt\n|faint|p1b: Miraidon\n|-ability|p2a: Rice Shower|Grim Neigh|boost\n|-boost|p2a: Rice Shower|spa|1\n|\n|-weather|SunnyDay|[upkeep]\n|upkeep\n|\n|t:|1774098463\n|switch|p1b: Calyrex|Calyrex-Shadow, L50|100/100\n|-ability|p1b: Calyrex|As One\n|-ability|p1b: Calyrex|Unnerve\n|turn|6\n|\n|t:|1774098467\n|move|p2a: Rice Shower|Protect|p2a: Rice Shower\n|-singleturn|p2a: Rice Shower|Protect\n|move|p1b: Calyrex|Astral Barrage|p2a: Rice Shower|[spread] p2b\n|-activate|p2a: Rice Shower|move: Protect\n|-damage|p2b: Regieleki|0 fnt\n|faint|p2b: Regieleki\n|-ability|p1b: Calyrex|Grim Neigh|boost\n|-boost|p1b: Calyrex|spa|1\n|\n|-weather|none\n|-fieldend|move: Electric Terrain\n|upkeep\n|turn|7\n|\n|t:|1774098475\n|move|p1b: Calyrex|Astral Barrage|p2a: Rice Shower\n|-supereffective|p2a: Rice Shower\n|-damage|p2a: Rice Shower|0 fnt\n|faint|p2a: Rice Shower\n|\n|win|Like a Fish\n|raw|Like a Fish's rating: 1470 &rarr; <strong>1492</strong><br />(+22 for winning)\n|raw|TheManOfSausage's rating: 1498 &rarr; <strong>1476</strong><br />(-22 for losing)\n|c|\u2606TheManOfSausage|gg\n|l|\u2606TheManOfSausage\n|player|p2|\n|l|\u2606Like a Fish\n|player|p1|\n","uploadtime":1774098650,"views":18,"formatid":"gen9vgc2026regi","rating":1476,"private":0,"password":null}