{"id":"gen9vgc2026regi-2576801665","format":"[Gen 9] VGC 2026 Reg I","players":["Gameplaya","ScribbleScribble"],"log":"|j|\u2606Gameplaya\n|j|\u2606ScribbleScribble\n|t:|1775506839\n|gametype|doubles\n|player|p1|Gameplaya|teamrocket|1531\n|player|p2|ScribbleScribble|mina-lgpe|1684\n|gen|9\n|tier|[Gen 9] VGC 2026 Reg I\n|rated|\n|rule|Species Clause: Limit one of each Pok\u00e9mon\n|rule|Item Clause: Limit 1 of each item\n|clearpoke\n|poke|p1|Miraidon, L50|\n|poke|p1|Calyrex-Ice, L50|\n|poke|p1|Weezing-Galar, L50, F|\n|poke|p1|Regigigas, L50|\n|poke|p1|Iron Hands, L50|\n|poke|p1|Flutter Mane, L50|\n|poke|p2|Calyrex-Ice, L50|\n|poke|p2|Kyogre, L50|\n|poke|p2|Tornadus, L50, M|\n|poke|p2|Indeedee-F, L50, F|\n|poke|p2|Urshifu-*, L50, M|\n|poke|p2|Landorus, L50, M|\n|teampreview|4\n|inactive|Battle timer is ON: inactive players will automatically lose when time's up. (requested by ScribbleScribble)\n|inactive|Gameplaya also wants the timer to be on.\n|\n|t:|1775506866\n|teamsize|p1|4\n|teamsize|p2|4\n|start\n|switch|p1a: Weezing|Weezing-Galar, L50, F|100/100\n|switch|p1b: Calyrex|Calyrex-Ice, L50|100/100\n|switch|p2a: Tornadus|Tornadus, L50, M|100/100\n|switch|p2b: Calyrex|Calyrex-Ice, L50|100/100\n|-ability|p1a: Weezing|Neutralizing Gas\n|-ability|p2b: Calyrex|As One\n|-ability|p2b: Calyrex|Unnerve\n|-ability|p1b: Calyrex|As One\n|-ability|p1b: Calyrex|Unnerve\n|turn|1\n|\n|t:|1775506888\n|-terastallize|p2b: Calyrex|Grass\n|move|p2a: Tornadus|Taunt|p1a: Weezing\n|-start|p1a: Weezing|move: Taunt\n|move|p2b: Calyrex|Imprison|p2b: Calyrex\n|-start|p2b: Calyrex|move: Imprison\n|cant|p1a: Weezing|move: Taunt|Will-O-Wisp\n|cant|p1b: Calyrex|move: Imprison|Glacial Lance\n|\n|upkeep\n|turn|2\n|\n|t:|1775506903\n|move|p2a: Tornadus|Bleakwind Storm|p1a: Weezing|[spread] p1a,p1b\n|-damage|p1a: Weezing|60/100\n|-damage|p1b: Calyrex|72/100\n|-unboost|p1b: Calyrex|spe|1\n|move|p2b: Calyrex|Glacial Lance|p1a: Weezing|[spread] p1a,p1b\n|-resisted|p1b: Calyrex\n|-damage|p1a: Weezing|15/100\n|-damage|p1b: Calyrex|56/100\n|move|p1a: Weezing|Strange Steam|p2a: Tornadus\n|-damage|p2a: Tornadus|66/100\n|move|p1b: Calyrex|Leech Seed|p2a: Tornadus\n|-start|p2a: Tornadus|move: Leech Seed\n|\n|-heal|p1b: Calyrex|62/100|[from] item: Leftovers\n|-damage|p2a: Tornadus|53/100|[from] Leech Seed|[of] p1b: Calyrex\n|-heal|p1b: Calyrex|71/100|[silent]\n|upkeep\n|turn|3\n|\n|t:|1775506924\n|move|p1b: Calyrex|Protect|p1b: Calyrex\n|-singleturn|p1b: Calyrex|Protect\n|move|p2a: Tornadus|Tailwind|p2a: Tornadus\n|-sidestart|p2: ScribbleScribble|move: Tailwind\n|move|p2b: Calyrex|Glacial Lance|p1b: Calyrex|[spread] p1a\n|-activate|p1b: Calyrex|move: Protect\n|-damage|p1a: Weezing|0 fnt\n|faint|p1a: Weezing\n|-end|p1a: Weezing|ability: Neutralizing Gas\n|-ability|p2b: Calyrex|Chilling Neigh|boost\n|-boost|p2b: Calyrex|atk|1\n|\n|-heal|p1b: Calyrex|77/100|[from] item: Leftovers\n|-damage|p2a: Tornadus|41/100|[from] Leech Seed|[of] p1b: Calyrex\n|-heal|p1b: Calyrex|86/100|[silent]\n|upkeep\n|\n|t:|1775506941\n|switch|p1a: Miraidon|Miraidon, L50|100/100\n|-fieldstart|move: Electric Terrain|[from] ability: Hadron Engine|[of] p1a: Miraidon\n|turn|4\n|inactive|Gameplaya has 30 seconds left.\n|\n|t:|1775506966\n|switch|p2a: Indeedee|Indeedee-F, L50, F, shiny|100/100\n|-fieldstart|move: Psychic Terrain|[from] ability: Psychic Surge|[of] p2a: Indeedee\n|-enditem|p2a: Indeedee|Psychic Seed\n|-boost|p2a: Indeedee|spd|1|[from] item: Psychic Seed\n|switch|p1b: Iron Hands|Iron Hands, L50|100/100\n|-terastallize|p1a: Miraidon|Electric\n|move|p2b: Calyrex|Glacial Lance|p1a: Miraidon|[spread] p1a,p1b\n|-damage|p1a: Miraidon|23/100\n|-damage|p1b: Iron Hands|52/100\n|move|p1a: Miraidon|Draco Meteor|p2b: Calyrex\n|-damage|p2b: Calyrex|44/100\n|-unboost|p1a: Miraidon|spa|2\n|\n|upkeep\n|turn|5\n|\n|t:|1775506988\n|switch|p1a: Calyrex|Calyrex-Ice, L50|86/100\n|-ability|p1a: Calyrex|As One\n|-ability|p1a: Calyrex|Unnerve\n|move|p2b: Calyrex|Glacial Lance|p1a: Calyrex|[spread] p1a,p1b\n|-resisted|p1a: Calyrex\n|-damage|p1a: Calyrex|64/100\n|-damage|p1b: Iron Hands|2/100\n|move|p2a: Indeedee|Psychic|p1b: Iron Hands\n|-supereffective|p1b: Iron Hands\n|-damage|p1b: Iron Hands|0 fnt\n|faint|p1b: Iron Hands\n|-end|p1b: Iron Hands|Quark Drive|[silent]\n|\n|-heal|p1a: Calyrex|70/100|[from] item: Leftovers\n|upkeep\n|\n|t:|1775507000\n|switch|p1b: Miraidon|Miraidon, L50, tera:Electric|23/100\n|-fieldstart|move: Electric Terrain|[from] ability: Hadron Engine|[of] p1b: Miraidon\n|turn|6\n|\n|t:|1775507009\n|switch|p2a: Tornadus|Tornadus, L50, M|41/100\n|move|p1b: Miraidon|Protect|p1b: Miraidon\n|-singleturn|p1b: Miraidon|Protect\n|move|p2b: Calyrex|Glacial Lance|p1a: Calyrex|[spread] p1a\n|-activate|p1b: Miraidon|move: Protect\n|-resisted|p1a: Calyrex\n|-damage|p1a: Calyrex|47/100\n|move|p1a: Calyrex|Leech Seed|p2a: Tornadus\n|-start|p2a: Tornadus|move: Leech Seed\n|\n|-heal|p1a: Calyrex|53/100|[from] item: Leftovers\n|-damage|p2a: Tornadus|29/100|[from] Leech Seed|[of] p1a: Calyrex\n|-heal|p1a: Calyrex|62/100|[silent]\n|-sideend|p2: ScribbleScribble|move: Tailwind\n|upkeep\n|turn|7\n|\n|t:|1775507028\n|move|p1a: Calyrex|Protect|p1a: Calyrex\n|-singleturn|p1a: Calyrex|Protect\n|move|p2a: Tornadus|Tailwind|p2a: Tornadus\n|-sidestart|p2: ScribbleScribble|move: Tailwind\n|move|p2b: Calyrex|Glacial Lance|p1a: Calyrex|[spread] p1b\n|-activate|p1a: Calyrex|move: Protect\n|-damage|p1b: Miraidon|0 fnt\n|faint|p1b: Miraidon\n|-ability|p2b: Calyrex|Chilling Neigh|boost\n|-boost|p2b: Calyrex|atk|1\n|\n|-heal|p1a: Calyrex|68/100|[from] item: Leftovers\n|-damage|p2a: Tornadus|17/100|[from] Leech Seed|[of] p1a: Calyrex\n|-heal|p1a: Calyrex|77/100|[silent]\n|upkeep\n|turn|8\n|-message|Gameplaya forfeited.\n|\n|win|ScribbleScribble\n|raw|Gameplaya's rating: 1531 &rarr; <strong>1520</strong><br />(-11 for losing)\n|raw|ScribbleScribble's rating: 1696 &rarr; <strong>1707</strong><br />(+11 for winning)\n|l|\u2606Gameplaya\n|player|p1|\n|l|\u2606ScribbleScribble\n|player|p2|\n","uploadtime":1775507270,"views":17,"formatid":"gen9vgc2026regi","rating":1520,"private":0,"password":null}