{"id":"gen9vgc2026regi-2550594681","format":"[Gen 9] VGC 2026 Reg I","players":["Cello L.","ScribbleScribble"],"log":"|j|\u2606Cello L.\n|j|\u2606ScribbleScribble\n|t:|1772504458\n|gametype|doubles\n|player|p1|Cello L.|psychic-gen4|1480\n|player|p2|ScribbleScribble|mina-lgpe|1598\n|gen|9\n|tier|[Gen 9] VGC 2026 Reg I\n|rated|\n|rule|Species Clause: Limit one of each Pok\u00e9mon\n|rule|Item Clause: Limit 1 of each item\n|clearpoke\n|poke|p1|Kyogre, L50|\n|poke|p1|Calyrex-Ice, L50|\n|poke|p1|Flutter Mane, L50|\n|poke|p1|Basculegion, L50, M|\n|poke|p1|Amoonguss, L50, F|\n|poke|p1|Grimmsnarl, L50, M|\n|poke|p2|Calyrex-Ice, L50|\n|poke|p2|Kyogre, L50|\n|poke|p2|Tornadus, L50, M|\n|poke|p2|Indeedee-F, L50, F|\n|poke|p2|Urshifu-*, L50, F|\n|poke|p2|Landorus, L50, M|\n|teampreview|4\n|inactive|Battle timer is ON: inactive players will automatically lose when time's up. (requested by ScribbleScribble)\n|inactive|Cello L. has 60 seconds left.\n|\n|t:|1772504489\n|teamsize|p1|4\n|teamsize|p2|4\n|start\n|switch|p1a: Calyrex|Calyrex-Ice, L50|100/100\n|switch|p1b: Grimmsnarl|Grimmsnarl, L50, M|100/100\n|switch|p2a: Tornadus|Tornadus, L50, M|100/100\n|switch|p2b: Calyrex|Calyrex-Ice, L50|100/100\n|-ability|p2b: Calyrex|As One\n|-ability|p2b: Calyrex|Unnerve\n|-ability|p1a: Calyrex|As One\n|-ability|p1a: Calyrex|Unnerve\n|turn|1\n|\n|t:|1772504504\n|move|p2a: Tornadus|Taunt|p1a: Calyrex\n|-start|p1a: Calyrex|move: Taunt\n|move|p1b: Grimmsnarl|Reflect|p1b: Grimmsnarl\n|-sidestart|p1: Cello L.|Reflect\n|move|p2b: Calyrex|Imprison|p2b: Calyrex\n|-start|p2b: Calyrex|move: Imprison\n|cant|p1a: Calyrex|move: Imprison|Glacial Lance\n|\n|upkeep\n|turn|2\n|\n|t:|1772504515\n|switch|p1a: Kyogre|Kyogre, L50|100/100\n|-weather|RainDance|[from] ability: Drizzle|[of] p1a: Kyogre\n|move|p1b: Grimmsnarl|Thunder Wave|p2b: Calyrex\n|-status|p2b: Calyrex|par\n|move|p2a: Tornadus|Bleakwind Storm|p1a: Kyogre|[spread] p1a,p1b\n|-damage|p1a: Kyogre|74/100\n|-damage|p1b: Grimmsnarl|66/100\n|-unboost|p1a: Kyogre|spe|1\n|move|p2b: Calyrex|Glacial Lance|p1b: Grimmsnarl|[spread] p1a,p1b\n|-resisted|p1a: Kyogre\n|-damage|p1a: Kyogre|55/100\n|-damage|p1b: Grimmsnarl|27/100\n|\n|-weather|RainDance|[upkeep]\n|upkeep\n|turn|3\n|\n|t:|1772504532\n|-terastallize|p2b: Calyrex|Grass\n|move|p1b: Grimmsnarl|Thunder Wave|p2a: Tornadus\n|-status|p2a: Tornadus|par\n|move|p1a: Kyogre|Origin Pulse|p2b: Calyrex|[spread] p2a,p2b\n|-resisted|p2b: Calyrex\n|-enditem|p2a: Tornadus|Focus Sash\n|-damage|p2a: Tornadus|1/100 par\n|-damage|p2b: Calyrex|64/100 par\n|move|p2a: Tornadus|Bleakwind Storm|p1a: Kyogre|[spread] p1a,p1b\n|-damage|p1a: Kyogre|28/100\n|-damage|p1b: Grimmsnarl|0 fnt\n|faint|p1b: Grimmsnarl\n|move|p2b: Calyrex|Seed Bomb|p1a: Kyogre\n|-supereffective|p1a: Kyogre\n|-damage|p1a: Kyogre|0 fnt\n|faint|p1a: Kyogre\n|-ability|p2b: Calyrex|Chilling Neigh|boost\n|-boost|p2b: Calyrex|atk|1\n|\n|-weather|RainDance|[upkeep]\n|upkeep\n|\n|t:|1772504549\n|switch|p1a: Calyrex|Calyrex-Ice, L50|100/100\n|switch|p1b: Basculegion|Basculegion, L50, M|100/100\n|-ability|p1a: Calyrex|As One\n|-ability|p1a: Calyrex|Unnerve\n|turn|4\n|\n|t:|1772504559\n|-terastallize|p1b: Basculegion|Ghost\n|cant|p2a: Tornadus|par\n|move|p1b: Basculegion|Last Respects|p2b: Calyrex\n|-damage|p2b: Calyrex|0 fnt\n|faint|p2b: Calyrex\n|-damage|p1b: Basculegion|91/100|[from] item: Life Orb\n|move|p1a: Calyrex|Leech Seed|p2a: Tornadus\n|-start|p2a: Tornadus|move: Leech Seed\n|\n|-weather|RainDance|[upkeep]\n|-damage|p2a: Tornadus|0 fnt|[from] Leech Seed|[of] p1a: Calyrex\n|faint|p2a: Tornadus\n|upkeep\n|\n|t:|1772504562\n|switch|p2a: Kyogre|Kyogre, L50|100/100\n|switch|p2b: Indeedee|Indeedee-F, L50, F, shiny|100/100\n|-fieldstart|move: Psychic Terrain|[from] ability: Psychic Surge|[of] p2b: Indeedee\n|-enditem|p2b: Indeedee|Psychic Seed\n|-boost|p2b: Indeedee|spd|1|[from] item: Psychic Seed\n|turn|5\n|\n|t:|1772504579\n|move|p2b: Indeedee|Follow Me|p2b: Indeedee\n|-singleturn|p2b: Indeedee|move: Follow Me\n|move|p1b: Basculegion|Wave Crash|p2b: Indeedee\n|-damage|p2b: Indeedee|0 fnt\n|faint|p2b: Indeedee\n|-damage|p1b: Basculegion|63/100|[from] Recoil\n|-damage|p1b: Basculegion|53/100|[from] item: Life Orb\n|move|p2a: Kyogre|Water Spout|p1b: Basculegion|[spread] p1a,p1b\n|-damage|p1a: Calyrex|27/100\n|-damage|p1b: Basculegion|0 fnt\n|faint|p1b: Basculegion\n|move|p1a: Calyrex|Leech Seed|p2a: Kyogre\n|-start|p2a: Kyogre|move: Leech Seed\n|\n|-weather|RainDance|[upkeep]\n|-heal|p1a: Calyrex|32/100|[from] item: Leftovers\n|-damage|p2a: Kyogre|88/100|[from] Leech Seed|[of] p1a: Calyrex\n|-heal|p1a: Calyrex|43/100|[silent]\n|upkeep\n|turn|6\n|\n|t:|1772504596\n|move|p1a: Calyrex|Protect|p1a: Calyrex\n|-singleturn|p1a: Calyrex|Protect\n|move|p2a: Kyogre|Water Spout|p1a: Calyrex\n|-activate|p1a: Calyrex|move: Protect\n|\n|-weather|none\n|-heal|p1a: Calyrex|49/100|[from] item: Leftovers\n|-damage|p2a: Kyogre|76/100|[from] Leech Seed|[of] p1a: Calyrex\n|-heal|p1a: Calyrex|59/100|[silent]\n|upkeep\n|turn|7\n|\n|t:|1772504605\n|move|p2a: Kyogre|Water Spout|p1a: Calyrex\n|-damage|p1a: Calyrex|10/100\n|move|p1a: Calyrex|Glacial Lance|p2a: Kyogre\n|-resisted|p2a: Kyogre\n|-damage|p2a: Kyogre|40/100\n|\n|-heal|p1a: Calyrex|16/100|[from] item: Leftovers\n|-damage|p2a: Kyogre|28/100|[from] Leech Seed|[of] p1a: Calyrex\n|-heal|p1a: Calyrex|27/100|[silent]\n|upkeep\n|turn|8\n|\n|t:|1772504614\n|move|p1a: Calyrex|Protect|p1a: Calyrex\n|-singleturn|p1a: Calyrex|Protect\n|move|p2a: Kyogre|Hydro Pump|p1a: Calyrex\n|-activate|p1a: Calyrex|move: Protect\n|\n|-heal|p1a: Calyrex|32/100|[from] item: Leftovers\n|-damage|p2a: Kyogre|15/100|[from] Leech Seed|[of] p1a: Calyrex\n|-heal|p1a: Calyrex|43/100|[silent]\n|-sideend|p1: Cello L.|Reflect\n|upkeep\n|turn|9\n|inactive|Cello L. has 30 seconds left.\n|inactive|Cello L. has 20 seconds left.\n|\n|t:|1772504653\n|move|p1a: Calyrex|Protect||[still]\n|-fail|p1a: Calyrex\n|move|p2a: Kyogre|Hydro Pump|p1a: Calyrex\n|-damage|p1a: Calyrex|0 fnt\n|faint|p1a: Calyrex\n|\n|win|ScribbleScribble\n|raw|Cello L.'s rating: 1480 &rarr; <strong>1467</strong><br />(-13 for losing)\n|raw|ScribbleScribble's rating: 1598 &rarr; <strong>1611</strong><br />(+13 for winning)\n|c|\u2606ScribbleScribble|gg\n|c|\u2606Cello L.|gg\n|l|\u2606Cello L.\n|player|p1|\n|l|\u2606ScribbleScribble\n|player|p2|\n","uploadtime":1772504659,"views":17,"formatid":"gen9vgc2026regi","rating":1467,"private":0,"password":null}