{"id":"gen9vgc2026regi-2534717154","format":"[Gen 9] VGC 2026 Reg I","players":["Gosmerko24","j0l0k0"],"log":"|j|\u2606Gosmerko24\n|j|\u2606j0l0k0\n|t:|1770466988\n|gametype|doubles\n|player|p1|Gosmerko24|liko|1314\n|player|p2|j0l0k0|brycen|1408\n|gen|9\n|tier|[Gen 9] VGC 2026 Reg I\n|rated|\n|rule|Species Clause: Limit one of each Pok\u00e9mon\n|rule|Item Clause: Limit 1 of each item\n|clearpoke\n|poke|p1|Calyrex-Ice, L50|\n|poke|p1|Indeedee-F, L50, F|\n|poke|p1|Giratina-Origin, L50|\n|poke|p1|Iron Hands, L50|\n|poke|p1|Landorus-Therian, L50, M|\n|poke|p1|Iron Valiant, L50|\n|poke|p2|Calyrex-Ice, L50|\n|poke|p2|Kyogre, L50|\n|poke|p2|Indeedee-F, L50, F|\n|poke|p2|Urshifu-*, L50, F|\n|poke|p2|Amoonguss, L50, F|\n|poke|p2|Landorus, L50, M|\n|teampreview|4\n|inactive|Battle timer is ON: inactive players will automatically lose when time's up. (requested by j0l0k0)\n|inactive|Gosmerko24 also wants the timer to be on.\n|inactive|Gosmerko24 has 60 seconds left.\n|\n|t:|1770467032\n|teamsize|p1|4\n|teamsize|p2|4\n|start\n|switch|p1a: Landorus|Landorus-Therian, L50, M|100/100\n|switch|p1b: Iron Valiant|Iron Valiant, L50|100/100\n|switch|p2a: Landorus|Landorus, L50, M, shiny|100/100\n|switch|p2b: Kyogre|Kyogre, L50, shiny|100/100\n|-ability|p1a: Landorus|Intimidate|boost\n|-unboost|p2a: Landorus|atk|1\n|-unboost|p2b: Kyogre|atk|1\n|-weather|RainDance|[from] ability: Drizzle|[of] p2b: Kyogre\n|turn|1\n|inactive|Gosmerko24 has 30 seconds left.\n|inactive|Gosmerko24 has 20 seconds left.\n|\n|t:|1770467067\n|move|p1b: Iron Valiant|Wide Guard|p1b: Iron Valiant\n|-singleturn|p1b: Iron Valiant|Wide Guard\n|move|p1a: Landorus|Earthquake|p2b: Kyogre|[spread] p2b\n|-activate|p1b: Iron Valiant|move: Wide Guard\n|-immune|p2a: Landorus\n|-damage|p2b: Kyogre|32/100\n|move|p2b: Kyogre|Ice Beam|p1a: Landorus\n|-supereffective|p1a: Landorus\n|-damage|p1a: Landorus|0 fnt\n|faint|p1a: Landorus\n|move|p2a: Landorus|Sludge Bomb|p1b: Iron Valiant\n|-supereffective|p1b: Iron Valiant\n|-enditem|p1b: Iron Valiant|Focus Sash\n|-damage|p1b: Iron Valiant|1/100\n|\n|-weather|RainDance|[upkeep]\n|upkeep\n|\n|t:|1770467085\n|switch|p1a: Calyrex|Calyrex-Ice, L50|100/100\n|-ability|p1a: Calyrex|As One\n|-ability|p1a: Calyrex|Unnerve\n|turn|2\n|\n|t:|1770467098\n|-terastallize|p2a: Landorus|Steel\n|move|p1b: Iron Valiant|Spirit Break|p2a: Landorus\n|-resisted|p2a: Landorus\n|-damage|p2a: Landorus|82/100\n|-unboost|p2a: Landorus|spa|1\n|move|p2a: Landorus|Sandsear Storm|p1b: Iron Valiant|[spread] p1a,p1b\n|-damage|p1a: Calyrex|70/100\n|-damage|p1b: Iron Valiant|0 fnt\n|faint|p1b: Iron Valiant\n|-end|p1b: Iron Valiant|Quark Drive|[silent]\n|move|p2b: Kyogre|Hydro Pump|p1a: Calyrex\n|-damage|p1a: Calyrex|0 fnt\n|faint|p1a: Calyrex\n|\n|-weather|RainDance|[upkeep]\n|upkeep\n|\n|t:|1770467110\n|switch|p1b: Giratina|Giratina-Origin, L50|100/100\n|turn|3\n|\n|t:|1770467125\n|move|p1b: Giratina|Shadow Force||[still]\n|-prepare|p1b: Giratina|Shadow Force\n|move|p2b: Kyogre|Ice Beam|p1b: Giratina|[miss]\n|-miss|p2b: Kyogre|p1b: Giratina\n|move|p2a: Landorus|Sludge Bomb|p1b: Giratina|[miss]\n|-miss|p2a: Landorus|p1b: Giratina\n|\n|-weather|RainDance|[upkeep]\n|upkeep\n|turn|4\n|\n|t:|1770467136\n|move|p1b: Giratina|Shadow Force|p2b: Kyogre|[from] lockedmove\n|-damage|p2b: Kyogre|0 fnt\n|faint|p2b: Kyogre\n|move|p2a: Landorus|Sludge Bomb|p1b: Giratina\n|-resisted|p1b: Giratina\n|-damage|p1b: Giratina|89/100\n|\n|-weather|RainDance|[upkeep]\n|upkeep\n|\n|t:|1770467144\n|switch|p2b: Urshifu|Urshifu, L50, F|100/100\n|turn|5\n|\n|t:|1770467155\n|-terastallize|p1b: Giratina|Steel\n|move|p2b: Urshifu|Wicked Blow|p1b: Giratina\n|-crit|p1b: Giratina\n|-damage|p1b: Giratina|43/100\n|move|p1b: Giratina|Shadow Force||[still]\n|-prepare|p1b: Giratina|Shadow Force\n|move|p2a: Landorus|Sludge Bomb|p1b: Giratina|[miss]\n|-miss|p2a: Landorus|p1b: Giratina\n|\n|-weather|none\n|upkeep\n|turn|6\n|\n|t:|1770467168\n|move|p2b: Urshifu|Protect|p2b: Urshifu\n|-singleturn|p2b: Urshifu|Protect\n|move|p2a: Landorus|Protect|p2a: Landorus\n|-singleturn|p2a: Landorus|Protect\n|move|p1b: Giratina|Shadow Force|p2b: Urshifu|[from] lockedmove\n|-activate|p2b: Urshifu|move: Shadow Force|[broken]\n|-resisted|p2b: Urshifu\n|-damage|p2b: Urshifu|62/100\n|\n|upkeep\n|turn|7\n|\n|t:|1770467181\n|move|p2a: Landorus|Protect||[still]\n|-fail|p2a: Landorus\n|move|p2b: Urshifu|Close Combat|p1b: Giratina\n|-supereffective|p1b: Giratina\n|-damage|p1b: Giratina|0 fnt\n|-unboost|p2b: Urshifu|def|1\n|-unboost|p2b: Urshifu|spd|1\n|faint|p1b: Giratina\n|\n|win|j0l0k0\n|raw|Gosmerko24's rating: 1314 &rarr; <strong>1299</strong><br />(-15 for losing)\n|raw|j0l0k0's rating: 1408 &rarr; <strong>1423</strong><br />(+15 for winning)\n|l|\u2606Gosmerko24\n|player|p1|\n|l|\u2606j0l0k0\n|player|p2|\n","uploadtime":1770467427,"views":11,"formatid":"gen9vgc2026regi","rating":1299,"private":0,"password":null}