{"id":"gen9vgc2026regi-2538518040","format":"[Gen 9] VGC 2026 Reg I","players":["eye-zitt","tinygiant05"],"log":"|j|\u2606eye-zitt\n|j|\u2606tinygiant05\n|t:|1770935644\n|gametype|doubles\n|player|p1|eye-zitt|hilbert|1118\n|player|p2|tinygiant05|gambler|1046\n|gen|9\n|tier|[Gen 9] VGC 2026 Reg I\n|rated|\n|rule|Species Clause: Limit one of each Pok\u00e9mon\n|rule|Item Clause: Limit 1 of each item\n|clearpoke\n|poke|p1|Iron Bundle, L50|\n|poke|p1|Iron Hands, L50|\n|poke|p1|Ursaluna, L50, F|\n|poke|p1|Farigiraf, L50, M|\n|poke|p1|Ho-Oh, L50|\n|poke|p1|Miraidon, L50|\n|poke|p2|Miraidon, L50|\n|poke|p2|Thundurus-Therian, L50, M|\n|poke|p2|Pelipper, L50, M|\n|poke|p2|Archaludon, L50, M|\n|poke|p2|Necrozma-Dawn-Wings, L50|\n|poke|p2|Iron Valiant, L50|\n|teampreview|4\n|inactive|Battle timer is ON: inactive players will automatically lose when time's up. (requested by eye-zitt)\n|\n|t:|1770935667\n|teamsize|p1|4\n|teamsize|p2|4\n|start\n|switch|p1a: Miraidon|Miraidon, L50, shiny|100/100\n|switch|p1b: Iron Bundle|Iron Bundle, L50, shiny|100/100\n|switch|p2a: Pelipper|Pelipper, L50, M, shiny|100/100\n|switch|p2b: Iron Valiant|Iron Valiant, L50, shiny|100/100\n|-fieldstart|move: Electric Terrain|[from] ability: Hadron Engine|[of] p1a: Miraidon\n|-activate|p1b: Iron Bundle|ability: Quark Drive\n|-start|p1b: Iron Bundle|quarkdrivespe\n|-activate|p2b: Iron Valiant|ability: Quark Drive\n|-start|p2b: Iron Valiant|quarkdrivespe\n|-weather|RainDance|[from] ability: Drizzle|[of] p2a: Pelipper\n|turn|1\n|inactive|tinygiant05 has 30 seconds left.\n|\n|t:|1770935696\n|move|p1b: Iron Bundle|Freeze-Dry|p2b: Iron Valiant\n|-damage|p2b: Iron Valiant|32/100\n|move|p2b: Iron Valiant|Spirit Break|p1a: Miraidon\n|-supereffective|p1a: Miraidon\n|-damage|p1a: Miraidon|26/100\n|-unboost|p1a: Miraidon|spa|1\n|move|p1a: Miraidon|Volt Switch|p2a: Pelipper\n|-supereffective|p2a: Pelipper\n|-crit|p2a: Pelipper\n|-enditem|p2a: Pelipper|Focus Sash\n|-damage|p2a: Pelipper|1/100\n|\n|t:|1770935707\n|switch|p1a: Ursaluna|Ursaluna, L50, F, shiny|100/100|[from] Volt Switch\n|move|p2a: Pelipper|Tailwind|p2a: Pelipper\n|-sidestart|p2: tinygiant05|move: Tailwind\n|\n|-weather|RainDance|[upkeep]\n|-status|p1a: Ursaluna|brn|[from] item: Flame Orb\n|upkeep\n|turn|2\n|inactive|tinygiant05 has 30 seconds left.\n|inactive|tinygiant05 has 20 seconds left.\n|inactive|tinygiant05 has 15 seconds left.\n|\n|t:|1770935748\n|-terastallize|p1a: Ursaluna|Normal\n|move|p2a: Pelipper|Protect|p2a: Pelipper\n|-singleturn|p2a: Pelipper|Protect\n|move|p2b: Iron Valiant|Close Combat|p1b: Iron Bundle\n|-supereffective|p1b: Iron Bundle\n|-enditem|p1b: Iron Bundle|Focus Sash\n|-damage|p1b: Iron Bundle|1/100\n|-unboost|p2b: Iron Valiant|def|1\n|-unboost|p2b: Iron Valiant|spd|1\n|move|p1b: Iron Bundle|Icy Wind|p2b: Iron Valiant|[spread] p2b\n|-activate|p2a: Pelipper|move: Protect\n|-damage|p2b: Iron Valiant|0 fnt\n|faint|p2b: Iron Valiant\n|-end|p2b: Iron Valiant|Quark Drive|[silent]\n|move|p1a: Ursaluna|Facade|p2a: Pelipper\n|-activate|p2a: Pelipper|move: Protect\n|\n|-weather|RainDance|[upkeep]\n|-damage|p1a: Ursaluna|94/100 brn|[from] brn\n|upkeep\n|inactive|tinygiant05 has 30 seconds left.\n|\n|t:|1770935778\n|switch|p2b: Miraidon|Miraidon, L50, shiny|100/100\n|-activate|p2b: Miraidon|ability: Hadron Engine\n|turn|3\n|inactive|eye-zitt has 30 seconds left.\n|\n|t:|1770935813\n|switch|p2a: Thundurus|Thundurus-Therian, L50, M, shiny|100/100\n|move|p1a: Ursaluna|Protect|p1a: Ursaluna\n|-singleturn|p1a: Ursaluna|Protect\n|move|p2b: Miraidon|Discharge|p1b: Iron Bundle|[spread] p1b\n|-activate|p1a: Ursaluna|move: Protect\n|-immune|p2a: Thundurus|[from] ability: Volt Absorb\n|-supereffective|p1b: Iron Bundle\n|-damage|p1b: Iron Bundle|0 fnt\n|faint|p1b: Iron Bundle\n|-end|p1b: Iron Bundle|Quark Drive|[silent]\n|-damage|p2b: Miraidon|91/100|[from] item: Life Orb\n|\n|-weather|RainDance|[upkeep]\n|-damage|p1a: Ursaluna|88/100 brn|[from] brn\n|upkeep\n|\n|t:|1770935821\n|switch|p1b: Miraidon|Miraidon, L50, shiny|26/100\n|-activate|p1b: Miraidon|ability: Hadron Engine\n|turn|4\n|inactive|tinygiant05 has 30 seconds left.\n|\n|t:|1770935848\n|switch|p1b: Ho-Oh|Ho-Oh, L50, shiny|100/100\n|-terastallize|p2b: Miraidon|Fairy\n|move|p2a: Thundurus|Focus Blast|p1a: Ursaluna\n|-supereffective|p1a: Ursaluna\n|-damage|p1a: Ursaluna|14/100 brn\n|move|p2b: Miraidon|Discharge|p1a: Ursaluna|[spread] p1a,p1b\n|-immune|p2a: Thundurus|[from] ability: Volt Absorb\n|-supereffective|p1b: Ho-Oh\n|-damage|p1a: Ursaluna|0 fnt\n|-damage|p1b: Ho-Oh|11/100\n|-status|p1b: Ho-Oh|par\n|faint|p1a: Ursaluna\n|-damage|p2b: Miraidon|81/100|[from] item: Life Orb\n|\n|-weather|RainDance|[upkeep]\n|-sideend|p2: tinygiant05|move: Tailwind\n|upkeep\n|\n|t:|1770935855\n|switch|p1a: Miraidon|Miraidon, L50, shiny|26/100\n|-activate|p1a: Miraidon|ability: Hadron Engine\n|turn|5\n|\n|t:|1770935874\n|move|p1a: Miraidon|Dazzling Gleam|p2a: Thundurus|[spread] p2a,p2b\n|-damage|p2a: Thundurus|60/100\n|-damage|p2b: Miraidon|55/100\n|move|p2a: Thundurus|Focus Blast|p1b: Ho-Oh\n|-resisted|p1b: Ho-Oh\n|-damage|p1b: Ho-Oh|0 fnt\n|faint|p1b: Ho-Oh\n|move|p2b: Miraidon|Discharge|p1a: Miraidon|[spread] p1a\n|-heal|p2a: Thundurus|85/100|[from] ability: Volt Absorb|[of] p2b: Miraidon\n|-resisted|p1a: Miraidon\n|-damage|p1a: Miraidon|12/100\n|-damage|p2b: Miraidon|46/100|[from] item: Life Orb\n|\n|-weather|none\n|-fieldend|move: Electric Terrain\n|upkeep\n|turn|6\n|\n|t:|1770935896\n|move|p1a: Miraidon|Dazzling Gleam|p2b: Miraidon|[spread] p2a,p2b\n|-damage|p2a: Thundurus|50/100\n|-damage|p2b: Miraidon|25/100\n|move|p2a: Thundurus|Focus Blast|p1a: Miraidon|[miss]\n|-miss|p2a: Thundurus|p1a: Miraidon\n|move|p2b: Miraidon|Dragon Pulse|p1a: Miraidon\n|-supereffective|p1a: Miraidon\n|-damage|p1a: Miraidon|0 fnt\n|faint|p1a: Miraidon\n|-damage|p2b: Miraidon|15/100|[from] item: Life Orb\n|\n|win|tinygiant05\n|raw|eye-zitt's rating: 1118 &rarr; <strong>1088</strong><br />(-30 for losing)\n|raw|tinygiant05's rating: 1046 &rarr; <strong>1086</strong><br />(+40 for winning)\n","uploadtime":1770935898,"views":21,"formatid":"gen9vgc2026regi","rating":1086,"private":0,"password":null}