{"id":"gen9vgc2026regi-2561947238","format":"[Gen 9] VGC 2026 Reg I","players":["Dbzone9001","ArisHazard"],"log":"|j|\u2606Dbzone9001\n|j|\u2606ArisHazard\n|t:|1773857150\n|gametype|doubles\n|player|p1|Dbzone9001|266|1395\n|player|p2|ArisHazard|1|1384\n|gen|9\n|tier|[Gen 9] VGC 2026 Reg I\n|rated|\n|rule|Species Clause: Limit one of each Pok\u00e9mon\n|rule|Item Clause: Limit 1 of each item\n|clearpoke\n|poke|p1|Miraidon, L50|\n|poke|p1|Kingambit, L50, M|\n|poke|p1|Calyrex-Ice, L50|\n|poke|p1|Whimsicott, L50, F|\n|poke|p1|Iron Hands, L50|\n|poke|p1|Urshifu-*, L50, M|\n|poke|p2|Calyrex-Ice, L50|\n|poke|p2|Hitmontop, L50, M|\n|poke|p2|Miraidon, L50|\n|poke|p2|Sableye, L50, F|\n|poke|p2|Ting-Lu, L50|\n|poke|p2|Iron Valiant, L50|\n|teampreview|4\n|inactive|Battle timer is ON: inactive players will automatically lose when time's up. (requested by ArisHazard)\n|\n|t:|1773857186\n|teamsize|p1|4\n|teamsize|p2|4\n|start\n|switch|p1a: Iron Hands|Iron Hands, L50|100/100\n|switch|p1b: Miraidon|Miraidon, L50|100/100\n|switch|p2a: Calyrex|Calyrex-Ice, L50|100/100\n|switch|p2b: Miraidon|Miraidon, L50|100/100\n|-ability|p2a: Calyrex|As One\n|-ability|p2a: Calyrex|Unnerve\n|-fieldstart|move: Electric Terrain|[from] ability: Hadron Engine|[of] p1b: Miraidon\n|-activate|p1a: Iron Hands|ability: Quark Drive\n|-start|p1a: Iron Hands|quarkdriveatk\n|-activate|p2b: Miraidon|ability: Hadron Engine\n|turn|1\n|\n|t:|1773857204\n|switch|p2b: Hitmontop|Hitmontop, L50, M|100/100\n|-ability|p2b: Hitmontop|Intimidate|boost\n|-unboost|p1a: Iron Hands|atk|1\n|-unboost|p1b: Miraidon|atk|1\n|move|p2a: Calyrex|Protect|p2a: Calyrex\n|-singleturn|p2a: Calyrex|Protect\n|move|p1b: Miraidon|Volt Switch|p2b: Hitmontop\n|-damage|p2b: Hitmontop|43/100\n|\n|t:|1773857217\n|switch|p1b: Calyrex|Calyrex-Ice, L50|100/100|[from] Volt Switch\n|-ability|p1b: Calyrex|As One\n|-ability|p1b: Calyrex|Unnerve\n|move|p1a: Iron Hands|Low Kick|p2a: Calyrex\n|-activate|p2a: Calyrex|move: Protect\n|\n|upkeep\n|turn|2\n|\n|t:|1773857232\n|-terastallize|p2a: Calyrex|Fire\n|move|p2b: Hitmontop|Coaching|p2a: Calyrex\n|-boost|p2a: Calyrex|atk|1\n|-boost|p2a: Calyrex|def|1\n|move|p1b: Calyrex|Leech Seed|p2a: Calyrex\n|-start|p2a: Calyrex|move: Leech Seed\n|move|p1a: Iron Hands|Thunder Punch|p2b: Hitmontop\n|-damage|p2b: Hitmontop|0 fnt\n|faint|p2b: Hitmontop\n|move|p2a: Calyrex|Stomping Tantrum|p1a: Iron Hands\n|-supereffective|p1a: Iron Hands\n|-damage|p1a: Iron Hands|36/100\n|\n|-damage|p2a: Calyrex|88/100|[from] Leech Seed|[of] p1b: Calyrex\n|upkeep\n|\n|t:|1773857248\n|switch|p2b: Sableye|Sableye, L50, F|100/100\n|turn|3\n|inactive|Dbzone9001 has 30 seconds left.\n|\n|t:|1773857282\n|move|p2b: Sableye|Encore|p1b: Calyrex\n|-start|p1b: Calyrex|Encore\n|move|p1a: Iron Hands|Low Kick|p2a: Calyrex\n|-damage|p2a: Calyrex|63/100\n|move|p2a: Calyrex|Glacial Lance|p1a: Iron Hands|[spread] p1a,p1b\n|-resisted|p1b: Calyrex\n|-damage|p1a: Iron Hands|0 fnt\n|-damage|p1b: Calyrex|75/100\n|faint|p1a: Iron Hands\n|-end|p1a: Iron Hands|Quark Drive|[silent]\n|-ability|p2a: Calyrex|Chilling Neigh|boost\n|-boost|p2a: Calyrex|atk|1\n|move|p1b: Calyrex|Leech Seed|p2a: Calyrex|[miss]\n|-miss|p1b: Calyrex|p2a: Calyrex\n|\n|-heal|p1b: Calyrex|81/100|[from] item: Leftovers\n|-damage|p2a: Calyrex|51/100|[from] Leech Seed|[of] p1b: Calyrex\n|-heal|p1b: Calyrex|93/100|[silent]\n|upkeep\n|inactive|Dbzone9001 has 30 seconds left.\n|\n|t:|1773857311\n|switch|p1a: Kingambit|Kingambit, L50, M|100/100\n|turn|4\n|\n|t:|1773857320\n|move|p1a: Kingambit|Protect|p1a: Kingambit\n|-singleturn|p1a: Kingambit|Protect\n|move|p2b: Sableye|Disable|p1b: Calyrex\n|-start|p1b: Calyrex|Disable|Leech Seed\n|cant|p1b: Calyrex|Disable|Leech Seed\n|move|p2a: Calyrex|Stomping Tantrum|p1a: Kingambit\n|-activate|p1a: Kingambit|move: Protect\n|\n|-heal|p1b: Calyrex|99/100|[from] item: Leftovers\n|-damage|p2a: Calyrex|38/100|[from] Leech Seed|[of] p1b: Calyrex\n|-heal|p1b: Calyrex|100/100|[silent]\n|upkeep\n|turn|5\n|\n|t:|1773857338\n|move|p1a: Kingambit|Kowtow Cleave|p2a: Calyrex\n|-damage|p2a: Calyrex|15/100\n|-activate|p1b: Calyrex|move: Struggle\n|move|p1b: Calyrex|Struggle|p2b: Sableye\n|-damage|p2b: Sableye|73/100\n|-damage|p1b: Calyrex|75/100|[from] recoil\n|move|p2b: Sableye|Foul Play|p1b: Calyrex\n|-supereffective|p1b: Calyrex\n|-damage|p1b: Calyrex|0 fnt\n|faint|p1b: Calyrex\n|move|p2a: Calyrex|Glacial Lance|p1a: Kingambit\n|-resisted|p1a: Kingambit\n|-damage|p1a: Kingambit|42/100\n|\n|-fieldend|move: Electric Terrain\n|upkeep\n|\n|t:|1773857351\n|switch|p1b: Miraidon|Miraidon, L50|100/100\n|-fieldstart|move: Electric Terrain|[from] ability: Hadron Engine|[of] p1b: Miraidon\n|turn|6\n|\n|t:|1773857360\n|-terastallize|p1b: Miraidon|Fairy\n|move|p2b: Sableye|Protect|p2b: Sableye\n|-singleturn|p2b: Sableye|Protect\n|move|p2a: Calyrex|Protect|p2a: Calyrex\n|-singleturn|p2a: Calyrex|Protect\n|move|p1a: Kingambit|Sucker Punch||[still]\n|-fail|p1a: Kingambit\n|move|p1b: Miraidon|Dazzling Gleam|p2b: Sableye|[spread] \n|-activate|p2a: Calyrex|move: Protect\n|-activate|p2b: Sableye|move: Protect\n|\n|-damage|p2a: Calyrex|3/100|[from] Leech Seed|[of] p1b: Miraidon\n|upkeep\n|turn|7\n|\n|t:|1773857379\n|move|p1a: Kingambit|Sucker Punch|p2a: Calyrex\n|-damage|p2a: Calyrex|0 fnt\n|faint|p2a: Calyrex\n|move|p2b: Sableye|Disable|p1b: Miraidon\n|-start|p1b: Miraidon|Disable|Dazzling Gleam\n|cant|p1b: Miraidon|Disable|Dazzling Gleam\n|\n|upkeep\n|\n|t:|1773857387\n|switch|p2a: Miraidon|Miraidon, L50|100/100\n|-activate|p2a: Miraidon|ability: Hadron Engine\n|turn|8\n|\n|t:|1773857392\n|move|p1a: Kingambit|Protect|p1a: Kingambit\n|-singleturn|p1a: Kingambit|Protect\n|-activate|p1b: Miraidon|move: Struggle\n|move|p1b: Miraidon|Struggle|p2b: Sableye\n|-damage|p2b: Sableye|63/100\n|-damage|p1b: Miraidon|75/100|[from] recoil\n|move|p2a: Miraidon|Electro Drift|p1a: Kingambit\n|-activate|p1a: Kingambit|move: Protect\n|move|p2b: Sableye|Foul Play|p1b: Miraidon\n|-resisted|p1b: Miraidon\n|-damage|p1b: Miraidon|63/100\n|\n|upkeep\n|turn|9\n|\n|t:|1773857411\n|move|p1a: Kingambit|Sucker Punch|p2a: Miraidon\n|-damage|p2a: Miraidon|61/100\n|move|p2b: Sableye|Encore|p1a: Kingambit\n|-hint|Since gen 7, Dark is immune to Prankster moves.\n|-immune|p1a: Kingambit\n|-activate|p1b: Miraidon|move: Struggle\n|move|p1b: Miraidon|Struggle|p2a: Miraidon\n|-damage|p2a: Miraidon|53/100\n|-damage|p1b: Miraidon|38/100|[from] recoil\n|move|p2a: Miraidon|Electro Drift|p1a: Kingambit\n|-damage|p1a: Kingambit|0 fnt\n|faint|p1a: Kingambit\n|\n|upkeep\n|turn|10\n|-message|Dbzone9001 forfeited.\n|\n|win|ArisHazard\n|raw|Dbzone9001's rating: 1395 &rarr; <strong>1374</strong><br />(-21 for losing)\n|raw|ArisHazard's rating: 1384 &rarr; <strong>1405</strong><br />(+21 for winning)\n|l|\u2606Dbzone9001\n|player|p1|\n|l|\u2606ArisHazard\n|player|p2|\n","uploadtime":1773857593,"views":10,"formatid":"gen9vgc2026regi","rating":1374,"private":0,"password":null}