{"id":"gen9vgc2026regi-2536018101","format":"[Gen 9] VGC 2026 Reg I","players":["Moosewii7","xiaoliyunVGC"],"log":"|j|\u2606Moosewii7\n|j|\u2606xiaoliyunVGC\n|t:|1770646097\n|gametype|doubles\n|player|p1|Moosewii7|1|1330\n|player|p2|xiaoliyunVGC|liko|1453\n|gen|9\n|tier|[Gen 9] VGC 2026 Reg I\n|rated|\n|rule|Species Clause: Limit one of each Pok\u00e9mon\n|rule|Item Clause: Limit 1 of each item\n|clearpoke\n|poke|p1|Calyrex-Shadow, L50|\n|poke|p1|Indeedee-F, L50, F|\n|poke|p1|Kyogre, L50|\n|poke|p1|Amoonguss, L50, F|\n|poke|p1|Rillaboom, L50, M|\n|poke|p1|Clefairy, L50, M|\n|poke|p2|Zamazenta-*, L50|\n|poke|p2|Kyogre, L50|\n|poke|p2|Raichu, L50, F|\n|poke|p2|Flutter Mane, L50|\n|poke|p2|Tornadus, L50, M|\n|poke|p2|Kingambit, L50, M|\n|teampreview|4\n|inactive|Battle timer is ON: inactive players will automatically lose when time's up. (requested by xiaoliyunVGC)\n|inactive|xiaoliyunVGC has 60 seconds left.\n|\n|t:|1770646156\n|teamsize|p1|4\n|teamsize|p2|4\n|start\n|switch|p1a: Indeedee|Indeedee-F, L50, F|100/100\n|switch|p1b: Kyogre|Kyogre, L50|100/100\n|switch|p2a: Zamazenta|Zamazenta-Crowned, L50, shiny|100/100\n|switch|p2b: Flutter Mane|Flutter Mane, L50|100/100\n|-ability|p2a: Zamazenta|Dauntless Shield|boost\n|-boost|p2a: Zamazenta|def|1\n|-weather|RainDance|[from] ability: Drizzle|[of] p1b: Kyogre\n|-fieldstart|move: Psychic Terrain|[from] ability: Psychic Surge|[of] p1a: Indeedee\n|-enditem|p2b: Flutter Mane|Booster Energy\n|-activate|p2b: Flutter Mane|ability: Protosynthesis|[fromitem]\n|-start|p2b: Flutter Mane|protosynthesisspe\n|turn|1\n|\n|t:|1770646171\n|move|p1b: Kyogre|Protect|p1b: Kyogre\n|-singleturn|p1b: Kyogre|Protect\n|move|p2a: Zamazenta|Wide Guard|p2a: Zamazenta\n|-singleturn|p2a: Zamazenta|Wide Guard\n|move|p2b: Flutter Mane|Taunt|p1a: Indeedee\n|-start|p1a: Indeedee|move: Taunt\n|cant|p1a: Indeedee|move: Taunt|Trick Room\n|\n|-weather|RainDance|[upkeep]\n|upkeep\n|turn|2\n|inactive|Moosewii7 has 30 seconds left.\n|\n|t:|1770646199\n|switch|p1b: Clefairy|Clefairy, L50, M|100/100\n|-terastallize|p2a: Zamazenta|Fighting\n|move|p2b: Flutter Mane|Moonblast|p1a: Indeedee\n|-damage|p1a: Indeedee|70/100\n|-unboost|p1a: Indeedee|spa|1\n|move|p2a: Zamazenta|Body Press|p1b: Clefairy\n|-resisted|p1b: Clefairy\n|-damage|p1b: Clefairy|43/100\n|move|p1a: Indeedee|Psychic|p2a: Zamazenta\n|-supereffective|p2a: Zamazenta\n|-damage|p2a: Zamazenta|70/100\n|\n|-weather|RainDance|[upkeep]\n|upkeep\n|turn|3\n|inactive|xiaoliyunVGC has 30 seconds left.\n|\n|t:|1770646228\n|switch|p1a: Kyogre|Kyogre, L50|100/100\n|move|p1b: Clefairy|Follow Me|p1b: Clefairy\n|-singleturn|p1b: Clefairy|move: Follow Me\n|move|p2b: Flutter Mane|Moonblast|p1b: Clefairy\n|-damage|p1b: Clefairy|4/100\n|move|p2a: Zamazenta|Behemoth Bash|p1b: Clefairy\n|-supereffective|p1b: Clefairy\n|-damage|p1b: Clefairy|0 fnt\n|faint|p1b: Clefairy\n|\n|-weather|RainDance|[upkeep]\n|upkeep\n|\n|t:|1770646242\n|switch|p1b: Indeedee|Indeedee-F, L50, F|70/100\n|turn|4\n|inactive|xiaoliyunVGC has 30 seconds left.\n|\n|t:|1770646267\n|switch|p1b: Calyrex|Calyrex-Shadow, L50|100/100\n|-ability|p1b: Calyrex|As One\n|-ability|p1b: Calyrex|Unnerve\n|-terastallize|p1a: Kyogre|Water\n|move|p2a: Zamazenta|Protect|p2a: Zamazenta\n|-singleturn|p2a: Zamazenta|Protect\n|move|p2b: Flutter Mane|Taunt|p1b: Calyrex\n|-start|p1b: Calyrex|move: Taunt\n|move|p1a: Kyogre|Tera Blast|p2b: Flutter Mane|[anim] Tera Blast Water\n|-damage|p2b: Flutter Mane|4/100\n|\n|-weather|RainDance|[upkeep]\n|upkeep\n|turn|5\n|inactive|xiaoliyunVGC has 30 seconds left.\n|\n|t:|1770646294\n|switch|p1b: Indeedee|Indeedee-F, L50, F|70/100\n|move|p1a: Kyogre|Protect|p1a: Kyogre\n|-singleturn|p1a: Kyogre|Protect\n|move|p2b: Flutter Mane|Icy Wind|p1b: Indeedee|[spread] p1b\n|-activate|p1a: Kyogre|move: Protect\n|-crit|p1b: Indeedee\n|-damage|p1b: Indeedee|52/100\n|-unboost|p1b: Indeedee|spe|1\n|move|p2a: Zamazenta|Body Press|p1a: Kyogre\n|-activate|p1a: Kyogre|move: Protect\n|\n|-weather|none\n|-fieldend|move: Psychic Terrain\n|upkeep\n|turn|6\n|inactive|Moosewii7 has 30 seconds left.\n|\n|t:|1770646325\n|switch|p1a: Calyrex|Calyrex-Shadow, L50|100/100\n|-ability|p1a: Calyrex|As One\n|-ability|p1a: Calyrex|Unnerve\n|move|p2b: Flutter Mane|Moonblast|p1a: Calyrex\n|-damage|p1a: Calyrex|47/100\n|move|p2a: Zamazenta|Body Press|p1a: Calyrex\n|-immune|p1a: Calyrex\n|move|p1b: Indeedee|Trick Room|p1b: Indeedee\n|-fieldstart|move: Trick Room|[of] p1b: Indeedee\n|\n|upkeep\n|turn|7\n|inactive|xiaoliyunVGC has 30 seconds left.\n|\n|t:|1770646356\n|switch|p1a: Kyogre|Kyogre, L50, tera:Water|100/100\n|-weather|RainDance|[from] ability: Drizzle|[of] p1a: Kyogre\n|move|p1b: Indeedee|Psychic|p2b: Flutter Mane\n|-damage|p2b: Flutter Mane|0 fnt\n|faint|p2b: Flutter Mane\n|-end|p2b: Flutter Mane|Protosynthesis|[silent]\n|move|p2a: Zamazenta|Body Press|p1b: Indeedee\n|-damage|p1b: Indeedee|0 fnt\n|-damage|p2a: Zamazenta|54/100|[from] item: Rocky Helmet|[of] p1b: Indeedee\n|faint|p1b: Indeedee\n|\n|-weather|RainDance|[upkeep]\n|upkeep\n|\n|t:|1770646371\n|switch|p1b: Calyrex|Calyrex-Shadow, L50|47/100\n|switch|p2b: Kingambit|Kingambit, L50, M|100/100\n|-ability|p1b: Calyrex|As One\n|-ability|p1b: Calyrex|Unnerve\n|turn|8\n|\n|t:|1770646381\n|move|p1b: Calyrex|Protect|p1b: Calyrex\n|-singleturn|p1b: Calyrex|Protect\n|move|p2b: Kingambit|Kowtow Cleave|p1a: Kyogre\n|-damage|p1a: Kyogre|27/100\n|move|p1a: Kyogre|Tera Blast|p2a: Zamazenta|[anim] Tera Blast Water\n|-damage|p2a: Zamazenta|0 fnt\n|faint|p2a: Zamazenta\n|\n|-weather|RainDance|[upkeep]\n|upkeep\n|\n|t:|1770646388\n|switch|p2a: Tornadus|Tornadus, L50, M, shiny|100/100\n|turn|9\n|\n|t:|1770646400\n|move|p1a: Kyogre|Protect|p1a: Kyogre\n|-singleturn|p1a: Kyogre|Protect\n|move|p2b: Kingambit|Kowtow Cleave|p1b: Calyrex\n|-supereffective|p1b: Calyrex\n|-damage|p1b: Calyrex|0 fnt\n|faint|p1b: Calyrex\n|move|p2a: Tornadus|Hurricane|p1a: Kyogre\n|-activate|p1a: Kyogre|move: Protect\n|\n|-weather|RainDance|[upkeep]\n|upkeep\n|turn|10\n|\n|t:|1770646409\n|move|p2b: Kingambit|Kowtow Cleave|p1a: Kyogre\n|-damage|p1a: Kyogre|0 fnt\n|faint|p1a: Kyogre\n|\n|win|xiaoliyunVGC\n|raw|Moosewii7's rating: 1330 &rarr; <strong>1317</strong><br />(-13 for losing)\n|raw|xiaoliyunVGC's rating: 1453 &rarr; <strong>1466</strong><br />(+13 for winning)\n|l|\u2606Moosewii7\n|player|p1|\n","uploadtime":1770646669,"views":11,"formatid":"gen9vgc2026regi","rating":1317,"private":0,"password":null}