{"id":"gen9vgc2026regi-2582604485","format":"[Gen 9] VGC 2026 Reg I","players":["Sunny_zong3","Sebasbeta2002"],"log":"|j|\u2606Sunny_zong3\n|j|\u2606Sebasbeta2002\n|t:|1776102126\n|gametype|doubles\n|player|p1|Sunny_zong3|bugsy|1435\n|player|p2|Sebasbeta2002|drayden|1393\n|gen|9\n|tier|[Gen 9] VGC 2026 Reg I\n|rated|\n|rule|Species Clause: Limit one of each Pok\u00e9mon\n|rule|Item Clause: Limit 1 of each item\n|clearpoke\n|poke|p1|Muk-Alola, L50, F|\n|poke|p1|Flamigo, L50, M|\n|poke|p1|Miraidon, L50|\n|poke|p1|Calyrex-Shadow, L50|\n|poke|p1|Indeedee, L50, M|\n|poke|p1|Smeargle, L50, F|\n|poke|p2|Miraidon, L50|\n|poke|p2|Malamar, L50, M|\n|poke|p2|Calyrex-Ice, L50|\n|poke|p2|Iron Hands, L50|\n|poke|p2|Farigiraf, L50, M|\n|poke|p2|Incineroar, L50, F|\n|teampreview|4\n|inactive|Battle timer is ON: inactive players will automatically lose when time's up. (requested by Sunny_zong3)\n|inactive|Sebasbeta2002 has 60 seconds left.\n|\n|t:|1776102158\n|teamsize|p1|4\n|teamsize|p2|4\n|start\n|switch|p1a: Smeargle|Smeargle, L50, F|100/100\n|switch|p1b: Miraidon|Miraidon, L50|100/100\n|switch|p2a: Miraidon|Miraidon, L50|100/100\n|switch|p2b: Malamar|Malamar, L50, M, shiny|100/100\n|-fieldstart|move: Electric Terrain|[from] ability: Hadron Engine|[of] p1b: Miraidon\n|-activate|p2a: Miraidon|ability: Hadron Engine\n|turn|1\n|inactive|Sebasbeta2002 has 30 seconds left.\n|\n|t:|1776102188\n|-terastallize|p2a: Miraidon|Fairy\n|move|p1a: Smeargle|Wide Guard|p1a: Smeargle\n|-singleturn|p1a: Smeargle|Wide Guard\n|move|p1b: Miraidon|Electro Drift|p2b: Malamar\n|-damage|p2b: Malamar|0 fnt\n|faint|p2b: Malamar\n|-damage|p1b: Miraidon|91/100|[from] item: Life Orb\n|move|p2a: Miraidon|Draco Meteor|p1a: Smeargle\n|-enditem|p1a: Smeargle|Focus Sash\n|-damage|p1a: Smeargle|1/100\n|-unboost|p2a: Miraidon|spa|2\n|\n|-ability|p1a: Smeargle|Moody|boost\n|-boost|p1a: Smeargle|atk|2\n|-unboost|p1a: Smeargle|def|1\n|upkeep\n|\n|t:|1776102204\n|switch|p2b: Calyrex|Calyrex-Ice, L50|100/100\n|-ability|p2b: Calyrex|As One\n|-ability|p2b: Calyrex|Unnerve\n|turn|2\n|\n|t:|1776102218\n|switch|p2a: Farigiraf|Farigiraf, L50, M, shiny|100/100\n|-enditem|p2a: Farigiraf|Electric Seed\n|-boost|p2a: Farigiraf|def|1|[from] item: Electric Seed\n|move|p1b: Miraidon|Electro Drift|p2a: Farigiraf\n|-damage|p2a: Farigiraf|0 fnt\n|faint|p2a: Farigiraf\n|-damage|p1b: Miraidon|81/100|[from] item: Life Orb\n|move|p1a: Smeargle|Minimize|p1a: Smeargle\n|-boost|p1a: Smeargle|evasion|2\n|move|p2b: Calyrex|Trick Room|p2b: Calyrex\n|-fieldstart|move: Trick Room|[of] p2b: Calyrex\n|\n|-ability|p1a: Smeargle|Moody|boost\n|-boost|p1a: Smeargle|def|2\n|-unboost|p1a: Smeargle|spd|1\n|upkeep\n|\n|t:|1776102236\n|switch|p2a: Miraidon|Miraidon, L50, tera:Fairy|100/100\n|-activate|p2a: Miraidon|ability: Hadron Engine\n|turn|3\n|\n|t:|1776102256\n|move|p1a: Smeargle|Wide Guard|p1a: Smeargle\n|-singleturn|p1a: Smeargle|Wide Guard\n|move|p2b: Calyrex|Glacial Lance|p1b: Miraidon|[spread] \n|-activate|p1a: Smeargle|move: Wide Guard\n|-activate|p1b: Miraidon|move: Wide Guard\n|move|p2a: Miraidon|Dazzling Gleam|p1a: Smeargle|[spread] \n|-activate|p1a: Smeargle|move: Wide Guard\n|-activate|p1b: Miraidon|move: Wide Guard\n|move|p1b: Miraidon|Electro Drift|p2a: Miraidon\n|-damage|p2a: Miraidon|40/100\n|-damage|p1b: Miraidon|71/100|[from] item: Life Orb\n|\n|-ability|p1a: Smeargle|Moody|boost\n|-boost|p1a: Smeargle|spe|2\n|-unboost|p1a: Smeargle|spd|1\n|upkeep\n|turn|4\n|\n|t:|1776102264\n|move|p1a: Smeargle|Wide Guard|p1a: Smeargle\n|-singleturn|p1a: Smeargle|Wide Guard\n|move|p2b: Calyrex|Glacial Lance|p1a: Smeargle|[spread] \n|-activate|p1a: Smeargle|move: Wide Guard\n|-activate|p1b: Miraidon|move: Wide Guard\n|move|p2a: Miraidon|Dazzling Gleam|p1a: Smeargle|[spread] \n|-activate|p1a: Smeargle|move: Wide Guard\n|-activate|p1b: Miraidon|move: Wide Guard\n|move|p1b: Miraidon|Electro Drift|p2a: Miraidon\n|-damage|p2a: Miraidon|0 fnt\n|faint|p2a: Miraidon\n|-damage|p1b: Miraidon|62/100|[from] item: Life Orb\n|\n|-ability|p1a: Smeargle|Moody|boost\n|-boost|p1a: Smeargle|atk|2\n|-unboost|p1a: Smeargle|spe|1\n|upkeep\n|turn|5\n|\n|t:|1776102278\n|move|p1a: Smeargle|Wide Guard|p1a: Smeargle\n|-singleturn|p1a: Smeargle|Wide Guard\n|move|p2b: Calyrex|Glacial Lance|p1a: Smeargle|[spread] \n|-activate|p1a: Smeargle|move: Wide Guard\n|-activate|p1b: Miraidon|move: Wide Guard\n|move|p1b: Miraidon|Electro Drift|p2b: Calyrex\n|-damage|p2b: Calyrex|25/100\n|-damage|p1b: Miraidon|52/100|[from] item: Life Orb\n|\n|-fieldend|move: Electric Terrain\n|-ability|p1a: Smeargle|Moody|boost\n|-boost|p1a: Smeargle|spd|2\n|-unboost|p1a: Smeargle|spa|1\n|upkeep\n|turn|6\n|\n|t:|1776102281\n|move|p1a: Smeargle|Wide Guard|p1a: Smeargle\n|-singleturn|p1a: Smeargle|Wide Guard\n|move|p2b: Calyrex|Glacial Lance|p1b: Miraidon|[spread] \n|-activate|p1a: Smeargle|move: Wide Guard\n|-activate|p1b: Miraidon|move: Wide Guard\n|move|p1b: Miraidon|Electro Drift|p2b: Calyrex\n|-damage|p2b: Calyrex|0 fnt\n|faint|p2b: Calyrex\n|-damage|p1b: Miraidon|42/100|[from] item: Life Orb\n|\n|win|Sunny_zong3\n|raw|Sunny_zong3's rating: 1435 &rarr; <strong>1453</strong><br />(+18 for winning)\n|raw|Sebasbeta2002's rating: 1393 &rarr; <strong>1375</strong><br />(-18 for losing)\n|l|\u2606Sunny_zong3\n|player|p1|\n|l|\u2606Sebasbeta2002\n|player|p2|\n","uploadtime":1776102484,"views":16,"formatid":"gen9vgc2026regi","rating":1375,"private":0,"password":null}