{"id":"gen9vgc2026regi-2556390715","format":"[Gen 9] VGC 2026 Reg I","players":["ArisHazard","AnonFY"],"log":"|j|\u2606ArisHazard\n|j|\u2606AnonFY\n|t:|1773198256\n|gametype|doubles\n|player|p1|ArisHazard|169|1380\n|player|p2|AnonFY|101|1362\n|gen|9\n|tier|[Gen 9] VGC 2026 Reg I\n|rated|\n|rule|Species Clause: Limit one of each Pok\u00e9mon\n|rule|Item Clause: Limit 1 of each item\n|clearpoke\n|poke|p1|Calyrex-Ice, L50|\n|poke|p1|Urshifu-*, L50, F|\n|poke|p1|Miraidon, L50|\n|poke|p1|Tornadus, L50, M|\n|poke|p1|Sableye, L50, M|\n|poke|p1|Ting-Lu, L50|\n|poke|p2|Calyrex-Shadow, L50|\n|poke|p2|Zamazenta-*, L50|\n|poke|p2|Chien-Pao, L50|\n|poke|p2|Raging Bolt, L50|\n|poke|p2|Whimsicott, L50, F|\n|poke|p2|Ogerpon-Cornerstone, L50, F|\n|teampreview|4\n|\n|t:|1773198280\n|teamsize|p1|4\n|teamsize|p2|4\n|start\n|switch|p1a: Miraidon|Miraidon, L50|100/100\n|switch|p1b: Tornadus|Tornadus, L50, M|100/100\n|switch|p2a: Zamazenta|Zamazenta-Crowned, L50|100/100\n|switch|p2b: Whimsicott|Whimsicott, L50, F|100/100\n|-fieldstart|move: Electric Terrain|[from] ability: Hadron Engine|[of] p1a: Miraidon\n|-ability|p2a: Zamazenta|Dauntless Shield|boost\n|-boost|p2a: Zamazenta|def|1\n|turn|1\n|\n|t:|1773198301\n|move|p2b: Whimsicott|Tailwind|p2b: Whimsicott\n|-sidestart|p2: AnonFY|move: Tailwind\n|move|p1b: Tornadus|Tailwind|p1b: Tornadus\n|-sidestart|p1: ArisHazard|move: Tailwind\n|move|p1a: Miraidon|Electro Drift|p2a: Zamazenta\n|-damage|p2a: Zamazenta|35/100\n|move|p2a: Zamazenta|Body Press|p1a: Miraidon\n|-damage|p1a: Miraidon|43/100\n|\n|upkeep\n|turn|2\n|\n|t:|1773198321\n|move|p2a: Zamazenta|Protect|p2a: Zamazenta\n|-singleturn|p2a: Zamazenta|Protect\n|move|p2b: Whimsicott|Encore|p1b: Tornadus\n|-start|p1b: Tornadus|Encore\n|move|p1a: Miraidon|Volt Switch|p2b: Whimsicott\n|-resisted|p2b: Whimsicott\n|-damage|p2b: Whimsicott|62/100\n|\n|t:|1773198329\n|switch|p1a: Calyrex|Calyrex-Ice, L50|100/100|[from] Volt Switch\n|-ability|p1a: Calyrex|As One\n|-ability|p1a: Calyrex|Unnerve\n|move|p1b: Tornadus|Tailwind||[still]\n|-fail|p1b: Tornadus\n|\n|upkeep\n|turn|3\n|\n|t:|1773198347\n|switch|p1b: Miraidon|Miraidon, L50|43/100\n|-activate|p1b: Miraidon|ability: Hadron Engine\n|move|p1a: Calyrex|Protect|p1a: Calyrex\n|-singleturn|p1a: Calyrex|Protect\n|move|p2b: Whimsicott|Encore|p1a: Calyrex\n|-activate|p1a: Calyrex|move: Protect\n|move|p2a: Zamazenta|Body Press|p1a: Calyrex\n|-activate|p1a: Calyrex|move: Protect\n|\n|upkeep\n|turn|4\n|inactive|Battle timer is ON: inactive players will automatically lose when time's up. (requested by ArisHazard)\n|inactive|AnonFY has 60 seconds left.\n|\n|t:|1773198403\n|switch|p1a: Tornadus|Tornadus, L50, M|100/100\n|move|p2a: Zamazenta|Protect|p2a: Zamazenta\n|-singleturn|p2a: Zamazenta|Protect\n|move|p2b: Whimsicott|Encore||[still]\n|-fail|p2b: Whimsicott\n|move|p1b: Miraidon|Electro Drift|p2a: Zamazenta\n|-activate|p2a: Zamazenta|move: Protect\n|\n|-sideend|p2: AnonFY|move: Tailwind\n|-sideend|p1: ArisHazard|move: Tailwind\n|upkeep\n|turn|5\n|\n|t:|1773198425\n|switch|p2a: Ogerpon|Ogerpon-Cornerstone, L50, F|100/100\n|move|p2b: Whimsicott|Tailwind|p2b: Whimsicott\n|-sidestart|p2: AnonFY|move: Tailwind\n|move|p1a: Tornadus|Tailwind|p1a: Tornadus\n|-sidestart|p1: ArisHazard|move: Tailwind\n|move|p1b: Miraidon|Electro Drift|p2a: Ogerpon\n|-resisted|p2a: Ogerpon\n|-damage|p2a: Ogerpon|40/100\n|\n|-fieldend|move: Electric Terrain\n|upkeep\n|turn|6\n|\n|t:|1773198450\n|switch|p1a: Ting-Lu|Ting-Lu, L50|100/100\n|-ability|p1a: Ting-Lu|Vessel of Ruin\n|move|p2a: Ogerpon|Spiky Shield|p2a: Ogerpon\n|-singleturn|p2a: Ogerpon|move: Protect\n|move|p2b: Whimsicott|Encore|p1a: Ting-Lu\n|-hint|Since gen 7, Dark is immune to Prankster moves.\n|-immune|p1a: Ting-Lu\n|move|p1b: Miraidon|Volt Switch|p2a: Ogerpon\n|-activate|p2a: Ogerpon|move: Protect\n|\n|upkeep\n|turn|7\n|inactive|AnonFY has 30 seconds left.\n|\n|t:|1773198476\n|-terastallize|p2a: Ogerpon|Rock\n|detailschange|p2a: Ogerpon|Ogerpon-Cornerstone-Tera, L50, F, tera:Rock\n|-ability|p2a: Ogerpon|Embody Aspect (Cornerstone)|boost\n|-boost|p2a: Ogerpon|def|1\n|move|p2b: Whimsicott|Helping Hand|p2a: Ogerpon\n|-singleturn|p2a: Ogerpon|Helping Hand|[of] p2b: Whimsicott\n|move|p1b: Miraidon|Volt Switch|p2a: Ogerpon\n|-crit|p2a: Ogerpon\n|-damage|p2a: Ogerpon|0 fnt\n|faint|p2a: Ogerpon\n|detailschange|p2: Ogerpon|Ogerpon-Cornerstone, L50, F|[silent]\n|\n|t:|1773198488\n|switch|p1b: Tornadus|Tornadus, L50, M|100/100|[from] Volt Switch\n|move|p1a: Ting-Lu|Stomping Tantrum|p2b: Whimsicott\n|-resisted|p2b: Whimsicott\n|-damage|p2b: Whimsicott|44/100\n|-damage|p1a: Ting-Lu|84/100|[from] item: Rocky Helmet|[of] p2b: Whimsicott\n|\n|upkeep\n|\n|t:|1773198497\n|switch|p2a: Calyrex|Calyrex-Shadow, L50|100/100\n|-ability|p2a: Calyrex|As One\n|-ability|p2a: Calyrex|Unnerve\n|turn|8\n|\n|t:|1773198513\n|move|p2b: Whimsicott|Helping Hand|p2a: Calyrex\n|-singleturn|p2a: Calyrex|Helping Hand|[of] p2b: Whimsicott\n|move|p2a: Calyrex|Astral Barrage|p1b: Tornadus|[spread] p1a,p1b\n|-resisted|p1a: Ting-Lu\n|-damage|p1a: Ting-Lu|64/100\n|-damage|p1b: Tornadus|35/100\n|move|p1b: Tornadus|Bleakwind Storm|p2a: Calyrex|[spread] \n|-miss|p1b: Tornadus|p2a: Calyrex\n|-miss|p1b: Tornadus|p2b: Whimsicott\n|move|p1a: Ting-Lu|Sand Tomb|p2a: Calyrex\n|-damage|p2a: Calyrex|83/100\n|-activate|p2a: Calyrex|move: Sand Tomb|[of] p1a: Ting-Lu\n|\n|-damage|p2a: Calyrex|71/100|[from] move: Sand Tomb|[partiallytrapped]\n|-sideend|p1: ArisHazard|move: Tailwind\n|-sideend|p2: AnonFY|move: Tailwind\n|upkeep\n|turn|9\n|inactive|ArisHazard has 30 seconds left.\n|\n|t:|1773198545\n|move|p2b: Whimsicott|Tailwind|p2b: Whimsicott\n|-sidestart|p2: AnonFY|move: Tailwind\n|move|p1b: Tornadus|Tailwind|p1b: Tornadus\n|-sidestart|p1: ArisHazard|move: Tailwind\n|move|p2a: Calyrex|Psychic|p1a: Ting-Lu\n|-immune|p1a: Ting-Lu\n|move|p1a: Ting-Lu|Stomping Tantrum|p2a: Calyrex\n|-damage|p2a: Calyrex|36/100\n|\n|-damage|p2a: Calyrex|24/100|[from] move: Sand Tomb|[partiallytrapped]\n|upkeep\n|turn|10\n|\n|t:|1773198566\n|move|p1b: Tornadus|Taunt|p2b: Whimsicott\n|-start|p2b: Whimsicott|move: Taunt\n|move|p2a: Calyrex|Astral Barrage|p1a: Ting-Lu|[spread] p1a,p1b\n|-resisted|p1a: Ting-Lu\n|-damage|p1a: Ting-Lu|49/100\n|-damage|p1b: Tornadus|0 fnt\n|faint|p1b: Tornadus\n|-ability|p2a: Calyrex|Grim Neigh|boost\n|-boost|p2a: Calyrex|spa|1\n|move|p2b: Whimsicott|Moonblast|p1a: Ting-Lu\n|-supereffective|p1a: Ting-Lu\n|-damage|p1a: Ting-Lu|20/100\n|move|p1a: Ting-Lu|Stomping Tantrum|p2a: Calyrex\n|-damage|p2a: Calyrex|0 fnt\n|faint|p2a: Calyrex\n|\n|upkeep\n|\n|t:|1773198586\n|switch|p2a: Zamazenta|Zamazenta-Crowned, L50|35/100\n|switch|p1b: Miraidon|Miraidon, L50|43/100\n|-fieldstart|move: Electric Terrain|[from] ability: Hadron Engine|[of] p1b: Miraidon\n|turn|11\n|\n|t:|1773198596\n|-terastallize|p1a: Ting-Lu|Poison\n|move|p2a: Zamazenta|Protect|p2a: Zamazenta\n|-singleturn|p2a: Zamazenta|Protect\n|move|p1b: Miraidon|Electro Drift|p2a: Zamazenta\n|-activate|p2a: Zamazenta|move: Protect\n|move|p2b: Whimsicott|Moonblast|p1b: Miraidon\n|-supereffective|p1b: Miraidon\n|-damage|p1b: Miraidon|20/100\n|move|p1a: Ting-Lu|Stomping Tantrum|p2b: Whimsicott\n|-resisted|p2b: Whimsicott\n|-damage|p2b: Whimsicott|26/100\n|-damage|p1a: Ting-Lu|4/100|[from] item: Rocky Helmet|[of] p2b: Whimsicott\n|\n|upkeep\n|turn|12\n|inactive|ArisHazard has 30 seconds left.\n|\n|t:|1773198622\n|move|p2a: Zamazenta|Protect||[still]\n|-fail|p2a: Zamazenta\n|move|p1b: Miraidon|Electro Drift|p2a: Zamazenta\n|-damage|p2a: Zamazenta|0 fnt\n|faint|p2a: Zamazenta\n|move|p2b: Whimsicott|Moonblast|p1b: Miraidon\n|-supereffective|p1b: Miraidon\n|-damage|p1b: Miraidon|0 fnt\n|faint|p1b: Miraidon\n|move|p1a: Ting-Lu|Stomping Tantrum|p2b: Whimsicott\n|-resisted|p2b: Whimsicott\n|-damage|p2b: Whimsicott|10/100\n|-damage|p1a: Ting-Lu|0 fnt|[from] item: Rocky Helmet|[of] p2b: Whimsicott\n|faint|p1a: Ting-Lu\n|\n|-end|p2b: Whimsicott|move: Taunt\n|-sideend|p1: ArisHazard|move: Tailwind\n|-sideend|p2: AnonFY|move: Tailwind\n|upkeep\n|c|\u2606ArisHazard|Gg\n|\n|t:|1773198642\n|switch|p1a: Calyrex|Calyrex-Ice, L50|100/100\n|-ability|p1a: Calyrex|As One\n|-ability|p1a: Calyrex|Unnerve\n|turn|13\n|-message|AnonFY forfeited.\n|\n|win|ArisHazard\n|raw|ArisHazard's rating: 1380 &rarr; <strong>1399</strong><br />(+19 for winning)\n|raw|AnonFY's rating: 1362 &rarr; <strong>1343</strong><br />(-19 for losing)\n|l|\u2606ArisHazard\n|player|p1|\n","uploadtime":1773198805,"views":15,"formatid":"gen9vgc2026regi","rating":1343,"private":0,"password":null}