{"id":"gen9vgc2026regi-2561446724","format":"[Gen 9] VGC 2026 Reg I","players":["LechonkBro","bbqsus"],"log":"|j|\u2606LechonkBro\n|j|\u2606bbqsus\n|t:|1773797148\n|gametype|doubles\n|player|p1|LechonkBro|102|1548\n|player|p2|bbqsus|brycenman|1445\n|gen|9\n|tier|[Gen 9] VGC 2026 Reg I\n|rated|\n|rule|Species Clause: Limit one of each Pok\u00e9mon\n|rule|Item Clause: Limit 1 of each item\n|clearpoke\n|poke|p1|Chien-Pao, L50|\n|poke|p1|Calyrex-Shadow, L50|\n|poke|p1|Dondozo, L50, F|\n|poke|p1|Zamazenta-*, L50|\n|poke|p1|Dragonite, L50, M|\n|poke|p1|Tatsugiri, L50, M|\n|poke|p2|Calyrex-Shadow, L50|\n|poke|p2|Smeargle, L50, F|\n|poke|p2|Torkoal, L50, F|\n|poke|p2|Flamigo, L50, F|\n|poke|p2|Dialga-Origin, L50|\n|poke|p2|Muk-Alola, L50, F|\n|teampreview|4\n|inactive|Battle timer is ON: inactive players will automatically lose when time's up. (requested by LechonkBro)\n|\n|t:|1773797177\n|teamsize|p1|4\n|teamsize|p2|4\n|start\n|switch|p1a: Dondozo|Dondozo, L50, F|100/100\n|switch|p1b: Calyrex|Calyrex-Shadow, L50|100/100\n|switch|p2a: Smeargle|Smeargle, L50, F, shiny|100/100\n|switch|p2b: Muk|Muk-Alola, L50, F, shiny|100/100\n|-ability|p1b: Calyrex|As One\n|-ability|p1b: Calyrex|Unnerve\n|turn|1\n|\n|t:|1773797191\n|move|p1b: Calyrex|Trick|p2b: Muk\n|-activate|p1b: Calyrex|move: Trick|[of] p2b: Muk\n|-item|p2b: Muk|Choice Scarf|[from] move: Trick\n|-item|p1b: Calyrex|Leftovers|[from] move: Trick\n|move|p2a: Smeargle|Spore|p1b: Calyrex\n|-status|p1b: Calyrex|slp|[from] move: Spore\n|move|p2b: Muk|Minimize|p2b: Muk\n|-boost|p2b: Muk|evasion|2\n|move|p1a: Dondozo|Substitute|p1a: Dondozo\n|-start|p1a: Dondozo|Substitute\n|-damage|p1a: Dondozo|75/100\n|\n|-heal|p1a: Dondozo|82/100|[from] item: Leftovers\n|-ability|p2a: Smeargle|Moody|boost\n|-boost|p2a: Smeargle|def|2\n|-unboost|p2a: Smeargle|spa|1\n|upkeep\n|turn|2\n|\n|t:|1773797213\n|move|p1a: Dondozo|Protect|p1a: Dondozo\n|-singleturn|p1a: Dondozo|Protect\n|cant|p1b: Calyrex|slp\n|move|p2a: Smeargle|Salt Cure|p1a: Dondozo\n|-activate|p1a: Dondozo|move: Protect\n|move|p2b: Muk|Minimize|p2b: Muk\n|-boost|p2b: Muk|evasion|2\n|\n|-heal|p1a: Dondozo|88/100|[from] item: Leftovers\n|-ability|p2a: Smeargle|Moody|boost\n|-boost|p2a: Smeargle|spd|2\n|-unboost|p2a: Smeargle|atk|1\n|upkeep\n|turn|3\n|\n|t:|1773797237\n|-curestatus|p1b: Calyrex|slp|[msg]\n|move|p1b: Calyrex|Psychic|p2a: Smeargle\n|-damage|p2a: Smeargle|41/100\n|move|p2a: Smeargle|Salt Cure|p1b: Calyrex\n|-damage|p1b: Calyrex|98/100\n|-start|p1b: Calyrex|Salt Cure\n|move|p2b: Muk|Minimize|p2b: Muk\n|-boost|p2b: Muk|evasion|2\n|move|p1a: Dondozo|Order Up|p2a: Smeargle\n|-damage|p2a: Smeargle|0 fnt\n|faint|p2a: Smeargle\n|-ability|p2b: Muk|Moody|Power of Alchemy|[from] ability: Power of Alchemy|[of] p2a: Smeargle\n|\n|-heal|p1b: Calyrex|100/100|[from] item: Leftovers\n|-heal|p1a: Dondozo|94/100|[from] item: Leftovers\n|-damage|p1b: Calyrex|88/100|[from] Salt Cure\n|-ability|p2b: Muk|Moody|boost\n|-boost|p2b: Muk|spa|2\n|-unboost|p2b: Muk|spd|1\n|upkeep\n|\n|t:|1773797248\n|switch|p2a: Flamigo|Flamigo, L50, F, shiny|100/100\n|-copyboost|p2a: Flamigo|p2b: Muk|[from] ability: Costar\n|-enditem|p2a: Flamigo|White Herb\n|-clearnegativeboost|p2a: Flamigo|[silent]\n|turn|4\n|inactive|bbqsus has 30 seconds left.\n|\n|t:|1773797275\n|switch|p1b: Tatsugiri|Tatsugiri, L50, M|100/100\n|-activate|p1b: Tatsugiri|ability: Commander|[of] p1a: Dondozo\n|-boost|p1a: Dondozo|atk|2\n|-boost|p1a: Dondozo|spa|2\n|-boost|p1a: Dondozo|spe|2\n|-boost|p1a: Dondozo|def|2\n|-boost|p1a: Dondozo|spd|2\n|move|p2a: Flamigo|Close Combat|p1a: Dondozo\n|-activate|p1a: Dondozo|move: Substitute|[damage]\n|-unboost|p2a: Flamigo|def|1\n|-unboost|p2a: Flamigo|spd|1\n|move|p1a: Dondozo|Order Up|p2a: Flamigo\n|-damage|p2a: Flamigo|38/100\n|-boost|p1a: Dondozo|atk|1\n|move|p2b: Muk|Minimize|p2b: Muk\n|-boost|p2b: Muk|evasion|0\n|\n|-heal|p1a: Dondozo|100/100|[from] item: Leftovers\n|-ability|p2b: Muk|Moody|boost\n|-boost|p2b: Muk|atk|2\n|-unboost|p2b: Muk|spe|1\n|upkeep\n|turn|5\n|inactive|LechonkBro has 30 seconds left.\n|\n|t:|1773797301\n|switch|p2b: Calyrex|Calyrex-Shadow, L50|100/100\n|-ability|p2b: Calyrex|As One\n|-ability|p2b: Calyrex|Unnerve\n|move|p2a: Flamigo|Close Combat|p1a: Dondozo\n|-end|p1a: Dondozo|Substitute\n|-unboost|p2a: Flamigo|def|1\n|-unboost|p2a: Flamigo|spd|1\n|move|p1a: Dondozo|Order Up|p2a: Flamigo\n|-damage|p2a: Flamigo|0 fnt\n|faint|p2a: Flamigo\n|-boost|p1a: Dondozo|atk|1\n|\n|upkeep\n|\n|t:|1773797313\n|switch|p2a: Muk|Muk-Alola, L50, F, shiny|100/100\n|turn|6\n|\n|t:|1773797328\n|move|p2b: Calyrex|Astral Barrage|p1b: Tatsugiri|[spread] p1a\n|-miss|p2b: Calyrex|p1b: Tatsugiri\n|-damage|p1a: Dondozo|77/100\n|move|p1a: Dondozo|Earthquake|p2b: Calyrex|[spread] p2a,p2b\n|-miss|p1a: Dondozo|p1b: Tatsugiri\n|-supereffective|p2a: Muk\n|-damage|p2a: Muk|0 fnt\n|-damage|p2b: Calyrex|21/100\n|faint|p2a: Muk\n|\n|-heal|p1a: Dondozo|83/100|[from] item: Leftovers\n|upkeep\n|turn|7\n|-message|bbqsus forfeited.\n|\n|win|LechonkBro\n|raw|LechonkBro's rating: 1548 &rarr; <strong>1562</strong><br />(+14 for winning)\n|raw|bbqsus's rating: 1445 &rarr; <strong>1431</strong><br />(-14 for losing)\n|l|\u2606bbqsus\n|player|p2|\n|l|\u2606LechonkBro\n|player|p1|\n","uploadtime":1773797496,"views":11,"formatid":"gen9vgc2026regi","rating":1431,"private":0,"password":null}