{"id":"gen9vgc2026regi-2590752217","format":"[Gen 9] VGC 2026 Reg I","players":["dumb team testing","stupid test8"],"log":"|j|\u2606dumb team testing\n|j|\u2606stupid test8\n|t:|1776843171\n|gametype|doubles\n|player|p1|dumb team testing|266|1508\n|player|p2|stupid test8|170|1426\n|gen|9\n|tier|[Gen 9] VGC 2026 Reg I\n|rated|\n|rule|Species Clause: Limit one of each Pok\u00e9mon\n|rule|Item Clause: Limit 1 of each item\n|clearpoke\n|poke|p1|Whimsicott, L50, M|\n|poke|p1|Calyrex-Ice, L50|\n|poke|p1|Lunala, L50|\n|poke|p1|Incineroar, L50, M|\n|poke|p1|Chien-Pao, L50|\n|poke|p1|Urshifu-*, L50, F|\n|poke|p2|Lugia, L50|\n|poke|p2|Kyogre, L50|\n|poke|p2|Urshifu-*, L50, M|\n|poke|p2|Chien-Pao, L50|\n|poke|p2|Farigiraf, L50, M|\n|poke|p2|Rillaboom, L50, M|\n|teampreview|4\n|\n|t:|1776843276\n|teamsize|p1|4\n|teamsize|p2|4\n|start\n|switch|p1a: Incineroar|Incineroar, L50, M|100/100\n|switch|p1b: Lunala|Lunala, L50|100/100\n|switch|p2a: Farigiraf|Farigiraf, L50, M|100/100\n|switch|p2b: Rillaboom|Rillaboom, L50, M|100/100\n|-ability|p1a: Incineroar|Intimidate|boost\n|-unboost|p2a: Farigiraf|atk|1\n|-unboost|p2b: Rillaboom|atk|1\n|-fieldstart|move: Grassy Terrain|[from] ability: Grassy Surge|[of] p2b: Rillaboom\n|-enditem|p2a: Farigiraf|Grassy Seed\n|-boost|p2a: Farigiraf|def|1|[from] item: Grassy Seed\n|turn|1\n|\n|t:|1776843309\n|move|p1b: Lunala|Meteor Beam||[still]\n|-prepare|p1b: Lunala|Meteor Beam\n|-boost|p1b: Lunala|spa|1\n|-enditem|p1b: Lunala|Power Herb\n|-anim|p1b: Lunala|Meteor Beam|p2a: Farigiraf\n|-damage|p2a: Farigiraf|32/100\n|move|p1a: Incineroar|Knock Off|p2a: Farigiraf\n|-supereffective|p2a: Farigiraf\n|-damage|p2a: Farigiraf|0 fnt\n|faint|p2a: Farigiraf\n|move|p2b: Rillaboom|U-turn|p1b: Lunala\n|-damage|p1b: Lunala|93/100\n|\n|t:|1776843336\n|switch|p2b: Urshifu|Urshifu-Rapid-Strike, L50, M|100/100|[from] U-turn\n|\n|-heal|p1b: Lunala|99/100|[from] Grassy Terrain\n|upkeep\n|\n|t:|1776843338\n|switch|p2a: Kyogre|Kyogre, L50|100/100\n|-weather|RainDance|[from] ability: Drizzle|[of] p2a: Kyogre\n|turn|2\n|\n|t:|1776843366\n|-terastallize|p1a: Incineroar|Fairy\n|move|p2b: Urshifu|Surging Strikes|p1b: Lunala\n|-crit|p1b: Lunala\n|-damage|p1b: Lunala|67/100\n|-crit|p1b: Lunala\n|-damage|p1b: Lunala|34/100\n|-crit|p1b: Lunala\n|-damage|p1b: Lunala|2/100\n|-hitcount|p1b: Lunala|3\n|move|p1b: Lunala|Moonblast|p2b: Urshifu\n|-supereffective|p2b: Urshifu\n|-damage|p2b: Urshifu|0 fnt\n|faint|p2b: Urshifu\n|move|p2a: Kyogre|Origin Pulse|p1a: Incineroar|[spread] p1a,p1b\n|-damage|p1a: Incineroar|48/100\n|-damage|p1b: Lunala|0 fnt\n|faint|p1b: Lunala\n|move|p1a: Incineroar|Knock Off|p2a: Kyogre\n|-damage|p2a: Kyogre|64/100\n|-enditem|p2a: Kyogre|Wide Lens|[from] move: Knock Off|[of] p1a: Incineroar\n|\n|-weather|RainDance|[upkeep]\n|-heal|p1a: Incineroar|54/100|[from] Grassy Terrain\n|-heal|p2a: Kyogre|70/100|[from] Grassy Terrain\n|upkeep\n|\n|t:|1776843388\n|switch|p1b: Chien-Pao|Chien-Pao, L50|100/100\n|switch|p2b: Rillaboom|Rillaboom, L50, M|100/100\n|-ability|p1b: Chien-Pao|Sword of Ruin\n|turn|3\n|\n|t:|1776843424\n|-terastallize|p2b: Rillaboom|Water\n|move|p2b: Rillaboom|Fake Out|p1a: Incineroar\n|-damage|p1a: Incineroar|33/100\n|move|p1b: Chien-Pao|Ice Spinner|p2b: Rillaboom\n|-resisted|p2b: Rillaboom\n|-damage|p2b: Rillaboom|77/100\n|-fieldend|move: Grassy Terrain\n|move|p2a: Kyogre|Calm Mind|p2a: Kyogre\n|-boost|p2a: Kyogre|spa|1\n|-boost|p2a: Kyogre|spd|1\n|cant|p1a: Incineroar|flinch\n|\n|-weather|RainDance|[upkeep]\n|upkeep\n|turn|4\n|\n|t:|1776843439\n|move|p1b: Chien-Pao|Throat Chop|p2a: Kyogre\n|-damage|p2a: Kyogre|27/100\n|-start|p2a: Kyogre|Throat Chop|[silent]\n|move|p1a: Incineroar|Knock Off|p2a: Kyogre\n|-damage|p2a: Kyogre|0 fnt\n|faint|p2a: Kyogre\n|move|p2b: Rillaboom|Wood Hammer|p1b: Chien-Pao\n|-damage|p1b: Chien-Pao|21/100\n|-damage|p2b: Rillaboom|58/100|[from] Recoil\n|\n|-weather|RainDance|[upkeep]\n|upkeep\n|turn|5\n|-message|stupid test8 forfeited.\n|\n|win|dumb team testing\n|raw|dumb team testing's rating: 1508 &rarr; <strong>1523</strong><br />(+15 for winning)\n|raw|stupid test8's rating: 1426 &rarr; <strong>1411</strong><br />(-15 for losing)\n|l|\u2606stupid test8\n|player|p2|\n|l|\u2606dumb team testing\n|player|p1|\n","uploadtime":1776843692,"views":10,"formatid":"gen9vgc2026regi","rating":1411,"private":0,"password":null}