{"id":"gen9vgc2026regi-2517990932","format":"[Gen 9] VGC 2026 Reg I","players":["ToiletClogger456","kojimuranishi"],"log":"|j|\u2606ToiletClogger456\n|j|\u2606kojimuranishi\n|t:|1768331658\n|gametype|doubles\n|player|p1|ToiletClogger456|1|1407\n|player|p2|kojimuranishi|169|1402\n|gen|9\n|tier|[Gen 9] VGC 2026 Reg I\n|rated|\n|rule|Species Clause: Limit one of each Pok\u00e9mon\n|rule|Item Clause: Limit 1 of each item\n|clearpoke\n|poke|p1|Eternatus, L50|\n|poke|p1|Ho-Oh, L50|\n|poke|p1|Rillaboom, L50, M|\n|poke|p1|Incineroar, L50, F|\n|poke|p1|Ting-Lu, L50|\n|poke|p1|Vaporeon, L50, M|\n|poke|p2|Raging Bolt, L50|\n|poke|p2|Calyrex-Ice, L50|\n|poke|p2|Kyogre, L50|\n|poke|p2|Indeedee-F, L50, F|\n|poke|p2|Ursaluna, L50, F|\n|poke|p2|Urshifu-*, L50, M|\n|teampreview|4\n|inactive|Battle timer is ON: inactive players will automatically lose when time's up. (requested by kojimuranishi)\n|\n|t:|1768331675\n|teamsize|p1|4\n|teamsize|p2|4\n|start\n|switch|p1a: Eternatus|Eternatus, L50|100/100\n|switch|p1b: Rillaboom|Rillaboom, L50, M|100/100\n|switch|p2a: Calyrex|Calyrex-Ice, L50|100/100\n|switch|p2b: Kyogre|Kyogre, L50|100/100\n|-ability|p2a: Calyrex|As One\n|-ability|p2a: Calyrex|Unnerve\n|-weather|RainDance|[from] ability: Drizzle|[of] p2b: Kyogre\n|-ability|p1a: Eternatus|Pressure\n|-fieldstart|move: Grassy Terrain|[from] ability: Grassy Surge|[of] p1b: Rillaboom\n|turn|1\n|\n|t:|1768331694\n|switch|p2b: Indeedee|Indeedee-F, L50, F|100/100\n|-fieldstart|move: Psychic Terrain|[from] ability: Psychic Surge|[of] p2b: Indeedee\n|move|p1a: Eternatus|Toxic Spikes|p2a: Calyrex\n|-sidestart|p2: kojimuranishi|move: Toxic Spikes\n|move|p1b: Rillaboom|U-turn|p2a: Calyrex\n|-supereffective|p2a: Calyrex\n|-damage|p2a: Calyrex|75/100\n|\n|t:|1768331696\n|switch|p1b: Vaporeon|Vaporeon, L50, M|100/100|[from] U-turn\n|move|p2a: Calyrex|Leech Seed|p1a: Eternatus\n|-start|p1a: Eternatus|move: Leech Seed\n|\n|-weather|RainDance|[upkeep]\n|-heal|p2a: Calyrex|81/100|[from] item: Leftovers\n|-damage|p1a: Eternatus|88/100|[from] Leech Seed|[of] p2a: Calyrex\n|-heal|p2a: Calyrex|95/100|[silent]\n|upkeep\n|turn|2\n|\n|t:|1768331721\n|switch|p1a: Ho-Oh|Ho-Oh, L50|100/100\n|move|p1b: Vaporeon|Yawn|p2a: Calyrex\n|-start|p2a: Calyrex|move: Yawn|[of] p1b: Vaporeon\n|move|p2a: Calyrex|Leech Seed|p1b: Vaporeon\n|-start|p1b: Vaporeon|move: Leech Seed\n|move|p2b: Indeedee|Trick Room|p2b: Indeedee\n|-fieldstart|move: Trick Room|[of] p2b: Indeedee\n|\n|-weather|RainDance|[upkeep]\n|-heal|p2a: Calyrex|100/100|[from] item: Leftovers\n|-damage|p1b: Vaporeon|88/100|[from] Leech Seed|[of] p2a: Calyrex\n|upkeep\n|turn|3\n|inactive|ToiletClogger456 has 30 seconds left.\n|\n|t:|1768331747\n|switch|p2a: Ursaluna|Ursaluna, L50, F|100/100\n|-status|p2a: Ursaluna|psn\n|move|p2b: Indeedee|Psychic|p1b: Vaporeon\n|-damage|p1b: Vaporeon|59/100\n|move|p1b: Vaporeon|Scald|p2a: Ursaluna\n|-supereffective|p2a: Ursaluna\n|-damage|p2a: Ursaluna|17/100 psn\n|move|p1a: Ho-Oh|Whirlwind|p1b: Vaporeon\n|drag|p1b: Rillaboom|Rillaboom, L50, M|100/100\n|-fieldstart|move: Grassy Terrain|[from] ability: Grassy Surge|[of] p1b: Rillaboom\n|\n|-weather|RainDance|[upkeep]\n|-heal|p2a: Ursaluna|23/100 psn|[from] Grassy Terrain\n|-damage|p2a: Ursaluna|11/100 psn|[from] psn\n|upkeep\n|turn|4\n|inactive|ToiletClogger456 has 30 seconds left.\n|\n|t:|1768331776\n|switch|p1a: Eternatus|Eternatus, L50|88/100\n|-ability|p1a: Eternatus|Pressure\n|-terastallize|p2a: Ursaluna|Ghost\n|move|p1b: Rillaboom|Grassy Glide|p2a: Ursaluna\n|-damage|p2a: Ursaluna|0 fnt\n|faint|p2a: Ursaluna\n|move|p2b: Indeedee|Heal Pulse|p2: Ursaluna|[notarget]\n|-fail|p2b: Indeedee\n|\n|-weather|RainDance|[upkeep]\n|-heal|p1a: Eternatus|94/100|[from] Grassy Terrain\n|upkeep\n|\n|t:|1768331791\n|switch|p2a: Calyrex|Calyrex-Ice, L50|100/100\n|-ability|p2a: Calyrex|As One\n|-ability|p2a: Calyrex|Unnerve\n|-status|p2a: Calyrex|psn\n|turn|5\n|\n|t:|1768331803\n|switch|p1b: Ho-Oh|Ho-Oh, L50|100/100\n|move|p1a: Eternatus|Protect|p1a: Eternatus\n|-singleturn|p1a: Eternatus|Protect\n|move|p2a: Calyrex|Trick Room|p2a: Calyrex\n|-fieldend|move: Trick Room\n|move|p2b: Indeedee|Trick Room|p2b: Indeedee\n|-fieldstart|move: Trick Room|[of] p2b: Indeedee\n|\n|-weather|none\n|-heal|p1a: Eternatus|99/100|[from] Grassy Terrain\n|-damage|p2a: Calyrex|88/100 psn|[from] psn\n|upkeep\n|turn|6\n|\n|t:|1768331826\n|switch|p1a: Vaporeon|Vaporeon, L50, M|59/100\n|move|p2a: Calyrex|Leech Seed|p1b: Ho-Oh|[miss]\n|-miss|p2a: Calyrex|p1b: Ho-Oh\n|move|p2b: Indeedee|Psychic|p1a: Vaporeon\n|-damage|p1a: Vaporeon|36/100\n|move|p1b: Ho-Oh|Life Dew||[still]|[spread] \n|-heal|p1a: Vaporeon|61/100|[from] ability: Water Absorb|[of] p1b: Ho-Oh\n|-fail|p1b: Ho-Oh|heal\n|\n|-heal|p2a: Calyrex|94/100 psn|[from] Grassy Terrain\n|-heal|p2a: Calyrex|99/100 psn|[from] item: Leftovers\n|-heal|p1a: Vaporeon|67/100|[from] Grassy Terrain\n|-damage|p2a: Calyrex|88/100 psn|[from] psn\n|upkeep\n|turn|7\n|inactive|kojimuranishi has 30 seconds left.\n|inactive|kojimuranishi has 20 seconds left.\n|\n|t:|1768331865\n|move|p2a: Calyrex|Leech Seed|p1a: Vaporeon\n|-start|p1a: Vaporeon|move: Leech Seed\n|move|p2b: Indeedee|Psychic|p1a: Vaporeon\n|-damage|p1a: Vaporeon|44/100\n|move|p1a: Vaporeon|Yawn|p2b: Indeedee\n|-start|p2b: Indeedee|move: Yawn|[of] p1a: Vaporeon\n|move|p1b: Ho-Oh|Whirlwind|p1a: Vaporeon\n|drag|p1a: Eternatus|Eternatus, L50|99/100\n|-ability|p1a: Eternatus|Pressure\n|\n|-heal|p2a: Calyrex|94/100 psn|[from] Grassy Terrain\n|-heal|p2a: Calyrex|99/100 psn|[from] item: Leftovers\n|-heal|p1a: Eternatus|100/100|[from] Grassy Terrain\n|-damage|p2a: Calyrex|87/100 psn|[from] psn\n|-fieldend|move: Grassy Terrain\n|upkeep\n|turn|8\n|inactive|kojimuranishi has 30 seconds left.\n|\n|t:|1768331890\n|switch|p2b: Kyogre|Kyogre, L50|100/100\n|-status|p2b: Kyogre|psn\n|-weather|RainDance|[from] ability: Drizzle|[of] p2b: Kyogre\n|move|p1a: Eternatus|Protect|p1a: Eternatus\n|-singleturn|p1a: Eternatus|Protect\n|move|p2a: Calyrex|Glacial Lance|p1b: Ho-Oh|[spread] p1b\n|-activate|p1a: Eternatus|move: Protect\n|-damage|p1b: Ho-Oh|69/100\n|-enditem|p1b: Ho-Oh|Red Card|[of] p2a: Calyrex\n|drag|p2a: Indeedee|Indeedee-F, L50, F|100/100\n|-status|p2a: Indeedee|psn\n|-fieldstart|move: Psychic Terrain|[from] ability: Psychic Surge|[of] p2a: Indeedee\n|move|p1b: Ho-Oh|Whirlwind|p1a: Eternatus\n|drag|p1a: Vaporeon|Vaporeon, L50, M|44/100\n|\n|-weather|RainDance|[upkeep]\n|-damage|p2a: Indeedee|88/100 psn|[from] psn\n|-damage|p2b: Kyogre|88/100 psn|[from] psn\n|upkeep\n|turn|9\n|inactive|ToiletClogger456 has 30 seconds left.\n|inactive|kojimuranishi has 30 seconds left.\n|\n|t:|1768331917\n|switch|p1b: Rillaboom|Rillaboom, L50, M|100/100\n|-fieldstart|move: Grassy Terrain|[from] ability: Grassy Surge|[of] p1b: Rillaboom\n|move|p1a: Vaporeon|Detect|p1a: Vaporeon\n|-singleturn|p1a: Vaporeon|Protect\n|move|p2a: Indeedee|Psychic|p1b: Rillaboom\n|-damage|p1b: Rillaboom|81/100\n|move|p2b: Kyogre|Thunder|p1b: Rillaboom\n|-resisted|p1b: Rillaboom\n|-damage|p1b: Rillaboom|68/100\n|-status|p1b: Rillaboom|par\n|\n|-weather|RainDance|[upkeep]\n|-heal|p1b: Rillaboom|74/100 par|[from] Grassy Terrain\n|-heal|p2a: Indeedee|94/100 psn|[from] Grassy Terrain\n|-heal|p1a: Vaporeon|49/100|[from] Grassy Terrain\n|-heal|p2b: Kyogre|94/100 psn|[from] Grassy Terrain\n|-damage|p2a: Indeedee|82/100 psn|[from] psn\n|-damage|p2b: Kyogre|82/100 psn|[from] psn\n|-fieldend|move: Trick Room\n|upkeep\n|turn|10\n|\n|t:|1768331937\n|switch|p2b: Calyrex|Calyrex-Ice, L50|87/100 psn\n|-ability|p2b: Calyrex|As One\n|-ability|p2b: Calyrex|Unnerve\n|switch|p1a: Eternatus|Eternatus, L50|100/100\n|-ability|p1a: Eternatus|Pressure\n|move|p2a: Indeedee|Psychic|p1a: Eternatus\n|-supereffective|p1a: Eternatus\n|-damage|p1a: Eternatus|64/100\n|move|p1b: Rillaboom|U-turn|p2a: Indeedee\n|-supereffective|p2a: Indeedee\n|-damage|p2a: Indeedee|37/100 psn\n|-damage|p1b: Rillaboom|58/100 par|[from] item: Rocky Helmet|[of] p2a: Indeedee\n|\n|t:|1768331949\n|switch|p1b: Vaporeon|Vaporeon, L50, M|49/100|[from] U-turn\n|\n|-weather|RainDance|[upkeep]\n|-heal|p1a: Eternatus|70/100|[from] Grassy Terrain\n|-heal|p1b: Vaporeon|55/100|[from] Grassy Terrain\n|-heal|p2a: Indeedee|43/100 psn|[from] Grassy Terrain\n|-heal|p2b: Calyrex|93/100 psn|[from] Grassy Terrain\n|-heal|p2b: Calyrex|99/100 psn|[from] item: Leftovers\n|-damage|p2a: Indeedee|30/100 psn|[from] psn\n|-damage|p2b: Calyrex|87/100 psn|[from] psn\n|upkeep\n|turn|11\n|\n|t:|1768331964\n|switch|p1a: Ho-Oh|Ho-Oh, L50|100/100\n|move|p1b: Vaporeon|Whirlpool|p2b: Calyrex\n|-damage|p2b: Calyrex|76/100 psn\n|-activate|p2b: Calyrex|move: Whirlpool|[of] p1b: Vaporeon\n|move|p2a: Indeedee|Psychic|p1b: Vaporeon\n|-damage|p1b: Vaporeon|30/100\n|move|p2b: Calyrex|Glacial Lance|p1b: Vaporeon|[spread] p1a,p1b\n|-crit|p1a: Ho-Oh\n|-resisted|p1b: Vaporeon\n|-crit|p1b: Vaporeon\n|-damage|p1a: Ho-Oh|54/100\n|-damage|p1b: Vaporeon|4/100\n|\n|-weather|RainDance|[upkeep]\n|-heal|p1b: Vaporeon|10/100|[from] Grassy Terrain\n|-heal|p2a: Indeedee|37/100 psn|[from] Grassy Terrain\n|-heal|p2b: Calyrex|82/100 psn|[from] Grassy Terrain\n|-heal|p2b: Calyrex|88/100 psn|[from] item: Leftovers\n|-damage|p2a: Indeedee|24/100 psn|[from] psn\n|-damage|p2b: Calyrex|76/100 psn|[from] psn\n|-damage|p2b: Calyrex|64/100 psn|[from] move: Whirlpool|[partiallytrapped]\n|upkeep\n|turn|12\n|inactive|kojimuranishi has 30 seconds left.\n|\n|t:|1768331994\n|move|p1b: Vaporeon|Detect|p1b: Vaporeon\n|-singleturn|p1b: Vaporeon|Protect\n|move|p1a: Ho-Oh|Life Dew|p1a: Ho-Oh|[spread] p1a\n|-heal|p1b: Vaporeon|35/100|[from] ability: Water Absorb|[of] p1a: Ho-Oh\n|-heal|p1a: Ho-Oh|79/100\n|move|p2a: Indeedee|Heal Pulse|p2b: Calyrex\n|-heal|p2b: Calyrex|100/100 psn\n|move|p2b: Calyrex|Glacial Lance|p1b: Vaporeon|[spread] p1a\n|-activate|p1b: Vaporeon|move: Protect\n|-damage|p1a: Ho-Oh|47/100\n|\n|-weather|none\n|-heal|p1b: Vaporeon|41/100|[from] Grassy Terrain\n|-heal|p2a: Indeedee|30/100 psn|[from] Grassy Terrain\n|-damage|p2a: Indeedee|18/100 psn|[from] psn\n|-damage|p2b: Calyrex|88/100 psn|[from] psn\n|-damage|p2b: Calyrex|76/100 psn|[from] move: Whirlpool|[partiallytrapped]\n|upkeep\n|turn|13\n|\n|t:|1768332015\n|move|p1a: Ho-Oh|Life Dew|p1a: Ho-Oh|[spread] p1a\n|-heal|p1b: Vaporeon|66/100|[from] ability: Water Absorb|[of] p1a: Ho-Oh\n|-heal|p1a: Ho-Oh|71/100\n|move|p1b: Vaporeon|Scald|p2a: Indeedee\n|-damage|p2a: Indeedee|0 fnt\n|faint|p2a: Indeedee\n|move|p2b: Calyrex|Glacial Lance|p1b: Vaporeon|[spread] p1a,p1b\n|-resisted|p1b: Vaporeon\n|-damage|p1a: Ho-Oh|40/100\n|-damage|p1b: Vaporeon|47/100\n|\n|-heal|p1b: Vaporeon|53/100|[from] Grassy Terrain\n|-heal|p2b: Calyrex|82/100 psn|[from] Grassy Terrain\n|-heal|p2b: Calyrex|88/100 psn|[from] item: Leftovers\n|-damage|p2b: Calyrex|76/100 psn|[from] psn\n|-damage|p2b: Calyrex|64/100 psn|[from] move: Whirlpool|[partiallytrapped]\n|-fieldend|move: Grassy Terrain\n|upkeep\n|\n|t:|1768332033\n|switch|p2a: Kyogre|Kyogre, L50|82/100 psn\n|-weather|RainDance|[from] ability: Drizzle|[of] p2a: Kyogre\n|turn|14\n|\n|t:|1768332040\n|move|p1a: Ho-Oh|Protect|p1a: Ho-Oh\n|-singleturn|p1a: Ho-Oh|Protect\n|move|p2a: Kyogre|Thunder|p1a: Ho-Oh\n|-activate|p1a: Ho-Oh|move: Protect\n|move|p1b: Vaporeon|Whirlpool|p2a: Kyogre\n|-resisted|p2a: Kyogre\n|-damage|p2a: Kyogre|74/100 psn\n|-activate|p2a: Kyogre|move: Whirlpool|[of] p1b: Vaporeon\n|move|p2b: Calyrex|Trick Room|p2b: Calyrex\n|-fieldstart|move: Trick Room|[of] p2b: Calyrex\n|\n|-weather|RainDance|[upkeep]\n|-heal|p2b: Calyrex|70/100 psn|[from] item: Leftovers\n|-damage|p2b: Calyrex|58/100 psn|[from] psn\n|-damage|p2a: Kyogre|62/100 psn|[from] psn\n|-damage|p2b: Calyrex|45/100 psn|[from] move: Whirlpool|[partiallytrapped]\n|-damage|p2a: Kyogre|49/100 psn|[from] move: Whirlpool|[partiallytrapped]\n|upkeep\n|turn|15\n|\n|t:|1768332063\n|move|p2b: Calyrex|Leech Seed|p1a: Ho-Oh\n|-start|p1a: Ho-Oh|move: Leech Seed\n|move|p1b: Vaporeon|Scald|p2b: Calyrex\n|-damage|p2b: Calyrex|17/100 psn\n|move|p1a: Ho-Oh|Life Dew|p1a: Ho-Oh|[spread] p1a\n|-heal|p1b: Vaporeon|78/100|[from] ability: Water Absorb|[of] p1a: Ho-Oh\n|-heal|p1a: Ho-Oh|65/100\n|move|p2a: Kyogre|Thunder|p1b: Vaporeon\n|-supereffective|p1b: Vaporeon\n|-damage|p1b: Vaporeon|9/100\n|-status|p1b: Vaporeon|par\n|\n|-weather|RainDance|[upkeep]\n|-heal|p2b: Calyrex|23/100 psn|[from] item: Leftovers\n|-damage|p1a: Ho-Oh|53/100|[from] Leech Seed|[of] p2b: Calyrex\n|-heal|p2b: Calyrex|36/100 psn|[silent]\n|-damage|p2b: Calyrex|24/100 psn|[from] psn\n|-damage|p2a: Kyogre|37/100 psn|[from] psn\n|-damage|p2b: Calyrex|12/100 psn|[from] move: Whirlpool|[partiallytrapped]\n|-damage|p2a: Kyogre|24/100 psn|[from] move: Whirlpool|[partiallytrapped]\n|upkeep\n|turn|16\n|inactive|kojimuranishi has 30 seconds left.\n|\n|t:|1768332094\n|switch|p1a: Rillaboom|Rillaboom, L50, M|58/100 par\n|-fieldstart|move: Grassy Terrain|[from] ability: Grassy Surge|[of] p1a: Rillaboom\n|move|p1b: Vaporeon|Detect|p1b: Vaporeon\n|-singleturn|p1b: Vaporeon|Protect\n|move|p2b: Calyrex|Glacial Lance|p1b: Vaporeon|[spread] p1a\n|-activate|p1b: Vaporeon|move: Protect\n|-supereffective|p1a: Rillaboom\n|-damage|p1a: Rillaboom|0 fnt\n|faint|p1a: Rillaboom\n|-ability|p2b: Calyrex|Chilling Neigh|boost\n|-boost|p2b: Calyrex|atk|1\n|move|p2a: Kyogre|Thunder|p1b: Vaporeon\n|-activate|p1b: Vaporeon|move: Protect\n|\n|-weather|RainDance|[upkeep]\n|-heal|p1b: Vaporeon|15/100 par|[from] Grassy Terrain\n|-heal|p2b: Calyrex|17/100 psn|[from] Grassy Terrain\n|-heal|p2b: Calyrex|23/100 psn|[from] item: Leftovers\n|-heal|p2a: Kyogre|31/100 psn|[from] Grassy Terrain\n|-damage|p2b: Calyrex|11/100 psn|[from] psn\n|-damage|p2a: Kyogre|18/100 psn|[from] psn\n|-end|p2b: Calyrex|Whirlpool|[partiallytrapped]\n|-damage|p2a: Kyogre|6/100 psn|[from] move: Whirlpool|[partiallytrapped]\n|upkeep\n|\n|t:|1768332116\n|switch|p1a: Ho-Oh|Ho-Oh, L50|86/100\n|turn|17\n|\n|t:|1768332123\n|move|p1a: Ho-Oh|Protect|p1a: Ho-Oh\n|-singleturn|p1a: Ho-Oh|Protect\n|move|p1b: Vaporeon|Scald|p2b: Calyrex\n|-damage|p2b: Calyrex|0 fnt\n|faint|p2b: Calyrex\n|move|p2a: Kyogre|Thunder|p1a: Ho-Oh\n|-activate|p1a: Ho-Oh|move: Protect\n|\n|-weather|RainDance|[upkeep]\n|-heal|p1b: Vaporeon|21/100 par|[from] Grassy Terrain\n|-heal|p2a: Kyogre|12/100 psn|[from] Grassy Terrain\n|-damage|p2a: Kyogre|0 fnt|[from] psn\n|faint|p2a: Kyogre\n|\n|win|ToiletClogger456\n|raw|ToiletClogger456's rating: 1407 &rarr; <strong>1427</strong><br />(+20 for winning)\n|raw|kojimuranishi's rating: 1402 &rarr; <strong>1382</strong><br />(-20 for losing)\n|l|\u2606kojimuranishi\n|player|p2|\n|l|\u2606ToiletClogger456\n|player|p1|\n","uploadtime":1768332380,"views":32,"formatid":"gen9vgc2026regi","rating":1382,"private":0,"password":null}