{"id":"gen9vgc2026regi-2578727856","format":"[Gen 9] VGC 2026 Reg I","players":["gab_pv","alexit93"],"log":"|j|\u2606gab_pv\n|j|\u2606alexit93\n|t:|1775709003\n|gametype|doubles\n|player|p1|gab_pv|1|1336\n|player|p2|alexit93|lucas-gen4pt|1367\n|gen|9\n|tier|[Gen 9] VGC 2026 Reg I\n|rated|\n|rule|Species Clause: Limit one of each Pok\u00e9mon\n|rule|Item Clause: Limit 1 of each item\n|clearpoke\n|poke|p1|Eternatus, L50|\n|poke|p1|Glimmora, L50, M|\n|poke|p1|Ting-Lu, L50|\n|poke|p1|Lunala, L50|\n|poke|p1|Ogerpon-Wellspring, L50, F|\n|poke|p1|Amoonguss, L50, M|\n|poke|p2|Zamazenta-*, L50|\n|poke|p2|Chien-Pao, L50|\n|poke|p2|Calyrex-Shadow, L50|\n|poke|p2|Whimsicott, L50, F|\n|poke|p2|Rillaboom, L50, F|\n|poke|p2|Urshifu-*, L50, F|\n|teampreview|4\n|inactive|Battle timer is ON: inactive players will automatically lose when time's up. (requested by gab_pv)\n|\n|t:|1775709022\n|teamsize|p1|4\n|teamsize|p2|4\n|start\n|switch|p1a: Eternatus|Eternatus, L50|100/100\n|switch|p1b: Glimmora|Glimmora, L50, M|100/100\n|switch|p2a: Calyrex|Calyrex-Shadow, L50|100/100\n|switch|p2b: Whimsicott|Whimsicott, L50, F|100/100\n|-ability|p2a: Calyrex|As One\n|-ability|p2a: Calyrex|Unnerve\n|-ability|p1a: Eternatus|Pressure\n|turn|1\n|\n|t:|1775709045\n|move|p2a: Calyrex|Protect|p2a: Calyrex\n|-singleturn|p2a: Calyrex|Protect\n|move|p2b: Whimsicott|Moonblast|p1b: Glimmora\n|-resisted|p1b: Glimmora\n|-damage|p1b: Glimmora|78/100\n|move|p1a: Eternatus|Cosmic Power|p1a: Eternatus\n|-boost|p1a: Eternatus|def|1\n|-boost|p1a: Eternatus|spd|1\n|move|p1b: Glimmora|Sludge Bomb|p2b: Whimsicott\n|-supereffective|p2b: Whimsicott\n|-damage|p2b: Whimsicott|0 fnt\n|faint|p2b: Whimsicott\n|\n|upkeep\n|\n|t:|1775709051\n|switch|p2b: Chien-Pao|Chien-Pao, L50|100/100\n|-ability|p2b: Chien-Pao|Sword of Ruin\n|turn|2\n|\n|t:|1775709067\n|switch|p1b: Ting-Lu|Ting-Lu, L50|100/100\n|-ability|p1b: Ting-Lu|Vessel of Ruin\n|move|p2a: Calyrex|Astral Barrage|p1a: Eternatus|[spread] p1a,p1b\n|-resisted|p1b: Ting-Lu\n|-damage|p1a: Eternatus|81/100\n|-damage|p1b: Ting-Lu|90/100\n|move|p2b: Chien-Pao|Ice Spinner|p1a: Eternatus\n|-supereffective|p1a: Eternatus\n|-damage|p1a: Eternatus|11/100\n|move|p1a: Eternatus|Cosmic Power|p1a: Eternatus\n|-boost|p1a: Eternatus|def|1\n|-boost|p1a: Eternatus|spd|1\n|\n|upkeep\n|turn|3\n|\n|t:|1775709085\n|-terastallize|p2a: Calyrex|Dark\n|move|p2a: Calyrex|Psychic|p1a: Eternatus\n|-supereffective|p1a: Eternatus\n|-damage|p1a: Eternatus|0 fnt\n|faint|p1a: Eternatus\n|-ability|p2a: Calyrex|Grim Neigh|boost\n|-boost|p2a: Calyrex|spa|1\n|move|p2b: Chien-Pao|Ice Spinner|p1b: Ting-Lu\n|-supereffective|p1b: Ting-Lu\n|-damage|p1b: Ting-Lu|4/100\n|move|p1b: Ting-Lu|Snarl|p2a: Calyrex|[spread] p2a\n|-miss|p1b: Ting-Lu|p2b: Chien-Pao\n|-resisted|p2a: Calyrex\n|-damage|p2a: Calyrex|96/100\n|-unboost|p2a: Calyrex|spa|1\n|\n|upkeep\n|\n|t:|1775709102\n|switch|p1a: Lunala|Lunala, L50|100/100\n|turn|4\n|\n|t:|1775709114\n|-terastallize|p1a: Lunala|Fairy\n|move|p2a: Calyrex|Astral Barrage|p1a: Lunala|[spread] p1a,p1b\n|-resisted|p1b: Ting-Lu\n|-crit|p1b: Ting-Lu\n|-damage|p1a: Lunala|87/100\n|-damage|p1b: Ting-Lu|0 fnt\n|faint|p1b: Ting-Lu\n|-ability|p2a: Calyrex|Grim Neigh|boost\n|-boost|p2a: Calyrex|spa|1\n|move|p2b: Chien-Pao|Ice Spinner|p1a: Lunala\n|-damage|p1a: Lunala|22/100\n|move|p1a: Lunala|Moonblast|p2a: Calyrex\n|-supereffective|p2a: Calyrex\n|-damage|p2a: Calyrex|0 fnt\n|faint|p2a: Calyrex\n|\n|-heal|p1a: Lunala|28/100|[from] item: Leftovers\n|upkeep\n|\n|t:|1775709133\n|switch|p2a: Zamazenta|Zamazenta-Crowned, L50, shiny|100/100\n|switch|p1b: Glimmora|Glimmora, L50, M|78/100\n|-ability|p2a: Zamazenta|Dauntless Shield|boost\n|-boost|p2a: Zamazenta|def|1\n|turn|5\n|\n|t:|1775709149\n|move|p2b: Chien-Pao|Ice Spinner|p1a: Lunala\n|-damage|p1a: Lunala|0 fnt\n|faint|p1a: Lunala\n|move|p2a: Zamazenta|Body Press|p1b: Glimmora\n|-crit|p1b: Glimmora\n|-damage|p1b: Glimmora|0 fnt\n|-activate|p1b: Glimmora|ability: Toxic Debris\n|-sidestart|p2: alexit93|move: Toxic Spikes\n|faint|p1b: Glimmora\n|\n|win|alexit93\n|raw|gab_pv's rating: 1336 &rarr; <strong>1318</strong><br />(-18 for losing)\n|raw|alexit93's rating: 1367 &rarr; <strong>1385</strong><br />(+18 for winning)\n|l|\u2606alexit93\n|player|p2|\n|l|\u2606gab_pv\n|player|p1|\n","uploadtime":1775709408,"views":7,"formatid":"gen9vgc2026regi","rating":1318,"private":0,"password":null}