{"id":"gen9vgc2026regi-2559196490","format":"[Gen 9] VGC 2026 Reg I","players":["PATRIOTS_VG","wartortcorp"],"log":"|j|\u2606PATRIOTS_VG\n|j|\u2606wartortcorp\n|t:|1773531359\n|gametype|doubles\n|player|p1|PATRIOTS_VG|drayden|1453\n|player|p2|wartortcorp|102|1424\n|gen|9\n|tier|[Gen 9] VGC 2026 Reg I\n|rated|\n|rule|Species Clause: Limit one of each Pok\u00e9mon\n|rule|Item Clause: Limit 1 of each item\n|clearpoke\n|poke|p1|Incineroar, L50, F|\n|poke|p1|Sinistcha-Masterpiece, L50|\n|poke|p1|Miraidon, L50|\n|poke|p1|Terapagos, L50, M|\n|poke|p1|Iron Treads, L50|\n|poke|p1|Iron Hands, L50|\n|poke|p2|Calyrex-Shadow, L50|\n|poke|p2|Talonflame, L50, M|\n|poke|p2|Dondozo, L50, F|\n|poke|p2|Tatsugiri-Stretchy, L50, F|\n|poke|p2|Pawmot, L50, F|\n|poke|p2|Weezing-Galar, L50, M|\n|teampreview|4\n|inactive|Battle timer is ON: inactive players will automatically lose when time's up. (requested by PATRIOTS_VG)\n|\n|t:|1773531397\n|teamsize|p1|4\n|teamsize|p2|4\n|start\n|switch|p1a: Miraidon|Miraidon, L50|100/100\n|switch|p1b: Terapagos|Terapagos, L50, M|100/100\n|switch|p2a: Calyrex|Calyrex-Shadow, L50|100/100\n|switch|p2b: Weezing|Weezing-Galar, L50, M|100/100\n|-activate|p1b: Terapagos|ability: Tera Shift\n|detailschange|p1b: Terapagos|Terapagos-Terastal, L50, M\n|-heal|p1b: Terapagos|100/100|[silent]\n|-ability|p2b: Weezing|Neutralizing Gas\n|-ability|p2a: Calyrex|As One\n|-ability|p2a: Calyrex|Unnerve\n|turn|1\n|inactive|wartortcorp has 30 seconds left.\n|inactive|wartortcorp has 20 seconds left.\n|\n|t:|1773531432\n|move|p1a: Miraidon|Electro Drift|p2b: Weezing\n|-damage|p2b: Weezing|38/100\n|move|p2a: Calyrex|Shadow Ball|p1a: Miraidon\n|-damage|p1a: Miraidon|46/100\n|-unboost|p1a: Miraidon|spd|1\n|move|p1b: Terapagos|Earth Power|p2b: Weezing\n|-supereffective|p2b: Weezing\n|-damage|p2b: Weezing|0 fnt\n|faint|p2b: Weezing\n|-end|p2b: Weezing|ability: Neutralizing Gas\n|-fieldstart|move: Electric Terrain|[from] ability: Hadron Engine|[of] p1a: Miraidon\n|-enditem|p1b: Terapagos|Electric Seed\n|-boost|p1b: Terapagos|def|1|[from] item: Electric Seed\n|\n|upkeep\n|\n|t:|1773531454\n|switch|p2b: Pawmot|Pawmot, L50, F|100/100\n|turn|2\n|inactive|wartortcorp has 30 seconds left.\n|\n|t:|1773531482\n|switch|p1a: Incineroar|Incineroar, L50, F|100/100\n|-ability|p1a: Incineroar|Intimidate|boost\n|-unboost|p2a: Calyrex|atk|1\n|-unboost|p2b: Pawmot|atk|1\n|move|p1b: Terapagos|Protect|p1b: Terapagos\n|-singleturn|p1b: Terapagos|Protect\n|move|p2a: Calyrex|Shadow Ball|p1a: Incineroar\n|-resisted|p1a: Incineroar\n|-damage|p1a: Incineroar|68/100\n|move|p2b: Pawmot|Revival Blessing|p2b: Pawmot\n|\n|t:|1773531486\n|-heal|p2: Weezing|50/100|[from] move: Revival Blessing\n|\n|upkeep\n|turn|3\n|\n|t:|1773531502\n|switch|p2a: Weezing|Weezing-Galar, L50, M|50/100\n|-ability|p2a: Weezing|Neutralizing Gas\n|move|p1a: Incineroar|Fake Out|p2b: Pawmot\n|-crit|p2b: Pawmot\n|-damage|p2b: Pawmot|72/100\n|cant|p2b: Pawmot|flinch\n|move|p1b: Terapagos|Calm Mind|p1b: Terapagos\n|-boost|p1b: Terapagos|spa|1\n|-boost|p1b: Terapagos|spd|1\n|\n|upkeep\n|turn|4\n|\n|t:|1773531522\n|move|p2b: Pawmot|Double Shock|p1a: Incineroar\n|-damage|p1a: Incineroar|35/100\n|-start|p2b: Pawmot|typechange|???/Fighting|[from] move: Double Shock\n|-damage|p2b: Pawmot|55/100|[from] item: Rocky Helmet|[of] p1a: Incineroar\n|move|p1b: Terapagos|Tera Starstorm|p2a: Weezing\n|-damage|p2a: Weezing|0 fnt\n|faint|p2a: Weezing\n|-end|p2a: Weezing|ability: Neutralizing Gas\n|-ability|p1a: Incineroar|Intimidate|boost\n|-unboost|p2b: Pawmot|atk|1\n|move|p1a: Incineroar|Flare Blitz|p2b: Pawmot\n|-damage|p2b: Pawmot|0 fnt\n|faint|p2b: Pawmot\n|-damage|p1a: Incineroar|22/100|[from] Recoil\n|\n|upkeep\n|\n|t:|1773531530\n|switch|p2b: Tatsugiri|Tatsugiri-Stretchy, L50, F|100/100\n|switch|p2a: Calyrex|Calyrex-Shadow, L50|100/100\n|-ability|p2a: Calyrex|As One\n|-ability|p2a: Calyrex|Unnerve\n|turn|5\n|-message|wartortcorp forfeited.\n|\n|win|PATRIOTS_VG\n|raw|PATRIOTS_VG's rating: 1453 &rarr; <strong>1471</strong><br />(+18 for winning)\n|raw|wartortcorp's rating: 1424 &rarr; <strong>1406</strong><br />(-18 for losing)\n|l|\u2606wartortcorp\n|player|p2|\n|l|\u2606PATRIOTS_VG\n|player|p1|\n","uploadtime":1773531690,"views":13,"formatid":"gen9vgc2026regi","rating":1406,"private":0,"password":null}