{"id":"gen9vgc2026regi-2573918662","format":"[Gen 9] VGC 2026 Reg I","players":["Robat478","asroarri"],"log":"|j|\u2606Robat478\n|j|\u2606asroarri\n|t:|1775178171\n|gametype|doubles\n|player|p1|Robat478|170|1345\n|player|p2|asroarri|dawn|1277\n|gen|9\n|tier|[Gen 9] VGC 2026 Reg I\n|rated|\n|rule|Species Clause: Limit one of each Pok\u00e9mon\n|rule|Item Clause: Limit 1 of each item\n|clearpoke\n|poke|p1|Incineroar, L50, M|\n|poke|p1|Calyrex-Shadow, L50|\n|poke|p1|Rillaboom, L50, M|\n|poke|p1|Grimmsnarl, L50, M|\n|poke|p1|Terapagos, L50, M|\n|poke|p1|Iron Bundle, L50|\n|poke|p2|Kyogre, L50|\n|poke|p2|Calyrex-Ice, L50|\n|poke|p2|Iron Crown, L50|\n|poke|p2|Indeedee-F, L50, F|\n|poke|p2|Overqwil, L50, M|\n|poke|p2|Araquanid, L50, F|\n|teampreview|4\n|inactive|Battle timer is ON: inactive players will automatically lose when time's up. (requested by Robat478)\n|inactive|Robat478 has 60 seconds left.\n|inactive|asroarri has 60 seconds left.\n|\n|t:|1775178207\n|teamsize|p1|4\n|teamsize|p2|4\n|start\n|switch|p1a: Terapagos|Terapagos, L50, M|100/100\n|switch|p1b: Incineroar|Incineroar, L50, M|100/100\n|switch|p2a: Kyogre|Kyogre, L50|100/100\n|switch|p2b: Overqwil|Overqwil, L50, M|100/100\n|-activate|p1a: Terapagos|ability: Tera Shift\n|detailschange|p1a: Terapagos|Terapagos-Terastal, L50, M\n|-heal|p1a: Terapagos|100/100|[silent]\n|-weather|RainDance|[from] ability: Drizzle|[of] p2a: Kyogre\n|-ability|p1b: Incineroar|Intimidate|boost\n|-unboost|p2a: Kyogre|atk|1\n|-unboost|p2b: Overqwil|atk|1\n|turn|1\n|\n|t:|1775178222\n|move|p2a: Kyogre|Protect|p2a: Kyogre\n|-singleturn|p2a: Kyogre|Protect\n|move|p1b: Incineroar|Fake Out|p2a: Kyogre\n|-activate|p2a: Kyogre|move: Protect\n|move|p2b: Overqwil|Acid Spray|p1a: Terapagos\n|-activate|p1a: Terapagos|ability: Tera Shell\n|-resisted|p1a: Terapagos\n|-damage|p1a: Terapagos|97/100\n|-unboost|p1a: Terapagos|spd|2\n|move|p1a: Terapagos|Calm Mind|p1a: Terapagos\n|-boost|p1a: Terapagos|spa|1\n|-boost|p1a: Terapagos|spd|1\n|\n|-weather|RainDance|[upkeep]\n|-heal|p1a: Terapagos|100/100|[from] item: Leftovers\n|upkeep\n|turn|2\n|inactive|Robat478 has 30 seconds left.\n|inactive|asroarri has 30 seconds left.\n|\n|t:|1775178250\n|-terastallize|p1a: Terapagos|Stellar\n|detailschange|p1a: Terapagos|Terapagos-Stellar, L50, M, tera:Stellar\n|-heal|p1a: Terapagos|100/100|[silent]\n|-ability|p1a: Terapagos|Teraform Zero\n|-weather|none\n|move|p2a: Kyogre|Water Spout|p1a: Terapagos|[spread] p1a,p1b\n|-supereffective|p1b: Incineroar\n|-damage|p1a: Terapagos|26/100\n|-damage|p1b: Incineroar|0 fnt\n|faint|p1b: Incineroar\n|-damage|p2a: Kyogre|91/100|[from] item: Life Orb\n|move|p2b: Overqwil|Acid Spray|p1a: Terapagos\n|-damage|p1a: Terapagos|17/100\n|-unboost|p1a: Terapagos|spd|2\n|move|p1a: Terapagos|Tera Starstorm|p2b: Overqwil|[spread] p2a,p2b\n|-damage|p2a: Kyogre|44/100\n|-damage|p2b: Overqwil|26/100\n|\n|-heal|p1a: Terapagos|23/100|[from] item: Leftovers\n|upkeep\n|\n|t:|1775178270\n|switch|p1b: Rillaboom|Rillaboom, L50, M|100/100\n|-fieldstart|move: Grassy Terrain|[from] ability: Grassy Surge|[of] p1b: Rillaboom\n|turn|3\n|\n|t:|1775178292\n|switch|p2a: Indeedee|Indeedee-F, L50, F|100/100\n|-fieldstart|move: Psychic Terrain|[from] ability: Psychic Surge|[of] p2a: Indeedee\n|switch|p2b: Iron Crown|Iron Crown, L50|100/100\n|-enditem|p2b: Iron Crown|Booster Energy\n|-activate|p2b: Iron Crown|ability: Quark Drive|[fromitem]\n|-start|p2b: Iron Crown|quarkdrivespe\n|move|p1a: Terapagos|Protect|p1a: Terapagos\n|-singleturn|p1a: Terapagos|Protect\n|move|p1b: Rillaboom|Fake Out|p2b: Iron Crown\n|-activate|p2b: Iron Crown|move: Psychic Terrain\n|\n|-heal|p1a: Terapagos|29/100|[from] item: Leftovers\n|upkeep\n|turn|4\n|\n|t:|1775178314\n|move|p2a: Indeedee|Helping Hand|p2b: Iron Crown\n|-singleturn|p2b: Iron Crown|Helping Hand|[of] p2a: Indeedee\n|move|p2b: Iron Crown|Expanding Force|p1a: Terapagos|[spread] p1a,p1b\n|-damage|p1a: Terapagos|0 fnt\n|-damage|p1b: Rillaboom|58/100\n|faint|p1a: Terapagos\n|detailschange|p1: Terapagos|Terapagos, L50, M|[silent]\n|move|p1b: Rillaboom|U-turn|p2a: Indeedee\n|-supereffective|p2a: Indeedee\n|-damage|p2a: Indeedee|63/100\n|\n|t:|1775178321\n|switch|p1b: Grimmsnarl|Grimmsnarl, L50, M|100/100|[from] U-turn\n|\n|upkeep\n|\n|t:|1775178324\n|switch|p1a: Rillaboom|Rillaboom, L50, M|58/100\n|-fieldstart|move: Grassy Terrain|[from] ability: Grassy Surge|[of] p1a: Rillaboom\n|turn|5\n|\n|t:|1775178339\n|switch|p2a: Overqwil|Overqwil, L50, M|26/100\n|move|p1a: Rillaboom|Grassy Glide|p2a: Overqwil\n|-resisted|p2a: Overqwil\n|-damage|p2a: Overqwil|12/100\n|move|p1b: Grimmsnarl|Sucker Punch|p2b: Iron Crown\n|-supereffective|p2b: Iron Crown\n|-damage|p2b: Iron Crown|41/100\n|move|p2b: Iron Crown|Tachyon Cutter|p1b: Grimmsnarl\n|-supereffective|p1b: Grimmsnarl\n|-damage|p1b: Grimmsnarl|43/100\n|-supereffective|p1b: Grimmsnarl\n|-damage|p1b: Grimmsnarl|0 fnt\n|faint|p1b: Grimmsnarl\n|-hitcount|p1: Grimmsnarl|2\n|\n|-heal|p2b: Iron Crown|47/100|[from] Grassy Terrain\n|-heal|p2a: Overqwil|19/100|[from] Grassy Terrain\n|-heal|p1a: Rillaboom|64/100|[from] Grassy Terrain\n|upkeep\n|turn|6\n|\n|t:|1775178358\n|move|p2b: Iron Crown|Tachyon Cutter|p1a: Rillaboom\n|-damage|p1a: Rillaboom|51/100\n|-damage|p1a: Rillaboom|39/100\n|-hitcount|p1a: Rillaboom|2\n|move|p2a: Overqwil|Acid Spray|p1a: Rillaboom\n|-supereffective|p1a: Rillaboom\n|-damage|p1a: Rillaboom|29/100\n|-unboost|p1a: Rillaboom|spd|2\n|move|p1a: Rillaboom|Wood Hammer|p2b: Iron Crown\n|-resisted|p2b: Iron Crown\n|-damage|p2b: Iron Crown|11/100\n|-damage|p1a: Rillaboom|19/100|[from] Recoil\n|\n|-heal|p2b: Iron Crown|16/100|[from] Grassy Terrain\n|-heal|p2a: Overqwil|25/100|[from] Grassy Terrain\n|-heal|p1a: Rillaboom|25/100|[from] Grassy Terrain\n|upkeep\n|turn|7\n|\n|t:|1775178373\n|switch|p2a: Indeedee|Indeedee-F, L50, F|63/100\n|-fieldstart|move: Psychic Terrain|[from] ability: Psychic Surge|[of] p2a: Indeedee\n|move|p2b: Iron Crown|Expanding Force|p1a: Rillaboom\n|-damage|p1a: Rillaboom|0 fnt\n|faint|p1a: Rillaboom\n|\n|win|asroarri\n|raw|Robat478's rating: 1345 &rarr; <strong>1321</strong><br />(-24 for losing)\n|raw|asroarri's rating: 1277 &rarr; <strong>1307</strong><br />(+30 for winning)\n|l|\u2606asroarri\n|player|p2|\n|l|\u2606Robat478\n|player|p1|\n","uploadtime":1775178544,"views":8,"formatid":"gen9vgc2026regi","rating":1307,"private":0,"password":null}