{"id":"gen9vgc2026regi-2560100538","format":"[Gen 9] VGC 2026 Reg I","players":["slimeslatt252","EllenJoe2026"],"log":"|j|\u2606slimeslatt252\n|j|\u2606EllenJoe2026\n|t:|1773651830\n|gametype|doubles\n|player|p1|slimeslatt252|170|1384\n|player|p2|EllenJoe2026|102|1621\n|gen|9\n|tier|[Gen 9] VGC 2026 Reg I\n|rated|\n|rule|Species Clause: Limit one of each Pok\u00e9mon\n|rule|Item Clause: Limit 1 of each item\n|clearpoke\n|poke|p1|Miraidon, L50|\n|poke|p1|Calyrex-Ice, L50|\n|poke|p1|Amoonguss, L50, F|\n|poke|p1|Incineroar, L50, M|\n|poke|p1|Urshifu-*, L50, F|\n|poke|p1|Landorus, L50, M|\n|poke|p2|Calyrex-Shadow, L50|\n|poke|p2|Zamazenta-*, L50|\n|poke|p2|Incineroar, L50, F|\n|poke|p2|Rillaboom, L50, F|\n|poke|p2|Ogerpon-Cornerstone, L50, F|\n|poke|p2|Tornadus, L50, M|\n|teampreview|4\n|inactive|Battle timer is ON: inactive players will automatically lose when time's up. (requested by EllenJoe2026)\n|inactive|slimeslatt252 also wants the timer to be on.\n|\n|t:|1773651857\n|teamsize|p1|4\n|teamsize|p2|4\n|start\n|switch|p1a: Calyrex|Calyrex-Ice, L50|100/100\n|switch|p1b: Amoonguss|Amoonguss, L50, F|100/100\n|switch|p2a: Zamazenta|Zamazenta-Crowned, L50, shiny|100/100\n|switch|p2b: Incineroar|Incineroar, L50, F, shiny|100/100\n|-ability|p1a: Calyrex|As One\n|-ability|p1a: Calyrex|Unnerve\n|-ability|p2a: Zamazenta|Dauntless Shield|boost\n|-boost|p2a: Zamazenta|def|1\n|-ability|p2b: Incineroar|Intimidate|boost\n|-fail|p1a: Calyrex|unboost|[from] item: Clear Amulet|[of] p1a: Calyrex\n|-unboost|p1b: Amoonguss|atk|1\n|turn|1\n|inactive|EllenJoe2026 has 30 seconds left.\n|\n|t:|1773651890\n|move|p1a: Calyrex|Protect|p1a: Calyrex\n|-singleturn|p1a: Calyrex|Protect\n|move|p1b: Amoonguss|Protect|p1b: Amoonguss\n|-singleturn|p1b: Amoonguss|Protect\n|move|p2b: Incineroar|Fake Out|p1b: Amoonguss\n|-activate|p1b: Amoonguss|move: Protect\n|move|p2a: Zamazenta|Body Press|p1a: Calyrex\n|-activate|p1a: Calyrex|move: Protect\n|\n|upkeep\n|turn|2\n|\n|t:|1773651907\n|-terastallize|p1a: Calyrex|Fire\n|move|p2a: Zamazenta|Heavy Slam|p1b: Amoonguss\n|-damage|p1b: Amoonguss|59/100\n|-damage|p2a: Zamazenta|84/100|[from] item: Rocky Helmet|[of] p1b: Amoonguss\n|move|p2b: Incineroar|Taunt|p1b: Amoonguss\n|-start|p1b: Amoonguss|move: Taunt\n|cant|p1b: Amoonguss|move: Taunt|Spore\n|move|p1a: Calyrex|Trick Room|p1a: Calyrex\n|-fieldstart|move: Trick Room|[of] p1a: Calyrex\n|\n|upkeep\n|turn|3\n|\n|t:|1773651926\n|switch|p1b: Landorus|Landorus, L50, M|100/100\n|move|p1a: Calyrex|High Horsepower|p2b: Incineroar\n|-supereffective|p2b: Incineroar\n|-damage|p2b: Incineroar|37/100\n|move|p2b: Incineroar|Knock Off|p1a: Calyrex\n|-damage|p1a: Calyrex|75/100\n|-enditem|p1a: Calyrex|Clear Amulet|[from] move: Knock Off|[of] p2b: Incineroar\n|move|p2a: Zamazenta|Body Press|p1a: Calyrex\n|-crit|p1a: Calyrex\n|-damage|p1a: Calyrex|0 fnt\n|faint|p1a: Calyrex\n|\n|upkeep\n|\n|t:|1773651938\n|switch|p1a: Amoonguss|Amoonguss, L50, F|93/100\n|turn|4\n|inactive|slimeslatt252 has 30 seconds left.\n|\n|t:|1773651963\n|-terastallize|p2a: Zamazenta|Grass\n|move|p1a: Amoonguss|Protect|p1a: Amoonguss\n|-singleturn|p1a: Amoonguss|Protect\n|move|p2b: Incineroar|Knock Off|p1b: Landorus\n|-damage|p1b: Landorus|61/100\n|-enditem|p1b: Landorus|Life Orb|[from] move: Knock Off|[of] p2b: Incineroar\n|move|p1b: Landorus|Earth Power|p2b: Incineroar\n|-supereffective|p2b: Incineroar\n|-damage|p2b: Incineroar|0 fnt\n|faint|p2b: Incineroar\n|move|p2a: Zamazenta|Heavy Slam|p1b: Landorus\n|-damage|p1b: Landorus|9/100\n|\n|upkeep\n|\n|t:|1773651981\n|switch|p2b: Rillaboom|Rillaboom, L50, F, shiny|100/100\n|-fieldstart|move: Grassy Terrain|[from] ability: Grassy Surge|[of] p2b: Rillaboom\n|turn|5\n|\n|t:|1773652011\n|move|p1b: Landorus|Protect|p1b: Landorus\n|-singleturn|p1b: Landorus|Protect\n|move|p2b: Rillaboom|Fake Out|p1a: Amoonguss\n|-damage|p1a: Amoonguss|81/100\n|-damage|p2b: Rillaboom|84/100|[from] item: Rocky Helmet|[of] p1a: Amoonguss\n|cant|p1a: Amoonguss|flinch\n|move|p2a: Zamazenta|Body Press|p1b: Landorus\n|-activate|p1b: Landorus|move: Protect\n|\n|-heal|p1a: Amoonguss|87/100|[from] Grassy Terrain\n|-heal|p2b: Rillaboom|90/100|[from] Grassy Terrain\n|-heal|p2a: Zamazenta|90/100|[from] Grassy Terrain\n|upkeep\n|turn|6\n|\n|t:|1773652026\n|switch|p1b: Miraidon|Miraidon, L50|100/100\n|-fieldstart|move: Electric Terrain|[from] ability: Hadron Engine|[of] p1b: Miraidon\n|move|p1a: Amoonguss|Pollen Puff|p2b: Rillaboom\n|-supereffective|p2b: Rillaboom\n|-damage|p2b: Rillaboom|65/100\n|move|p2b: Rillaboom|Grassy Glide|p1b: Miraidon\n|-resisted|p1b: Miraidon\n|-damage|p1b: Miraidon|88/100\n|move|p2a: Zamazenta|Heavy Slam|p1a: Amoonguss\n|-damage|p1a: Amoonguss|43/100\n|-damage|p2a: Zamazenta|74/100|[from] item: Rocky Helmet|[of] p1a: Amoonguss\n|\n|-fieldend|move: Trick Room\n|upkeep\n|turn|7\n|\n|t:|1773652048\n|move|p1b: Miraidon|Draco Meteor|p2a: Zamazenta\n|-damage|p2a: Zamazenta|11/100\n|-unboost|p1b: Miraidon|spa|2\n|move|p2a: Zamazenta|Body Press|p1b: Miraidon\n|-damage|p1b: Miraidon|18/100\n|move|p2b: Rillaboom|U-turn|p1b: Miraidon\n|-damage|p1b: Miraidon|0 fnt\n|faint|p1b: Miraidon\n|-message|slimeslatt252 forfeited.\n|\n|win|EllenJoe2026\n|raw|slimeslatt252's rating: 1384 &rarr; <strong>1376</strong><br />(-8 for losing)\n|raw|EllenJoe2026's rating: 1621 &rarr; <strong>1629</strong><br />(+8 for winning)\n|l|\u2606EllenJoe2026\n|player|p2|\n","uploadtime":1773652272,"views":14,"formatid":"gen9vgc2026regi","rating":1376,"private":0,"password":null}