{"id":"gen9vgc2026regi-2536266084","format":"[Gen 9] VGC 2026 Reg I","players":["yamato-tak","fulgrim2024"],"log":"|j|\u2606yamato-tak\n|j|\u2606fulgrim2024\n|t:|1770669316\n|gametype|doubles\n|player|p1|yamato-tak|266|1512\n|player|p2|fulgrim2024|nate|1425\n|gen|9\n|tier|[Gen 9] VGC 2026 Reg I\n|rated|\n|rule|Species Clause: Limit one of each Pok\u00e9mon\n|rule|Item Clause: Limit 1 of each item\n|clearpoke\n|poke|p1|Miraidon, L50|\n|poke|p1|Calyrex-Ice, L50|\n|poke|p1|Volcarona, L50, F|\n|poke|p1|Araquanid, L50, F|\n|poke|p1|Grimmsnarl, L50, M|\n|poke|p1|Rillaboom, L50, M|\n|poke|p2|Miraidon, L50|\n|poke|p2|Necrozma-Dusk-Mane, L50|\n|poke|p2|Grimmsnarl, L50, M|\n|poke|p2|Iron Hands, L50|\n|poke|p2|Ogerpon-Hearthflame, L50, F|\n|poke|p2|Chien-Pao, L50|\n|teampreview|4\n|inactive|Battle timer is ON: inactive players will automatically lose when time's up. (requested by yamato-tak)\n|inactive|fulgrim2024 has 60 seconds left.\n|\n|t:|1770669357\n|teamsize|p1|4\n|teamsize|p2|4\n|start\n|switch|p1a: Grimmsnarl|Grimmsnarl, L50, M, shiny|100/100\n|switch|p1b: Miraidon|Miraidon, L50, shiny|100/100\n|switch|p2a: Ogerpon|Ogerpon-Hearthflame, L50, F|100/100\n|switch|p2b: Iron Hands|Iron Hands, L50|100/100\n|-fieldstart|move: Electric Terrain|[from] ability: Hadron Engine|[of] p1b: Miraidon\n|-activate|p2b: Iron Hands|ability: Quark Drive\n|-start|p2b: Iron Hands|quarkdriveatk\n|-ability|p2a: Ogerpon|Mold Breaker\n|turn|1\n|\n|t:|1770669379\n|move|p1a: Grimmsnarl|Fake Out|p2a: Ogerpon\n|-damage|p2a: Ogerpon|88/100\n|move|p2b: Iron Hands|Fake Out|p1b: Miraidon\n|-damage|p1b: Miraidon|84/100\n|move|p1b: Miraidon|Calm Mind|p1b: Miraidon\n|-boost|p1b: Miraidon|spa|1\n|-boost|p1b: Miraidon|spd|1\n|cant|p2a: Ogerpon|flinch\n|\n|upkeep\n|turn|2\n|\n|t:|1770669399\n|move|p1a: Grimmsnarl|Reflect|p1a: Grimmsnarl\n|-sidestart|p1: yamato-tak|Reflect\n|move|p1b: Miraidon|Electro Drift|p2a: Ogerpon\n|-resisted|p2a: Ogerpon\n|-damage|p2a: Ogerpon|28/100\n|move|p2a: Ogerpon|Ivy Cudgel|p1b: Miraidon|[anim] Ivy Cudgel Fire\n|-resisted|p1b: Miraidon\n|-damage|p1b: Miraidon|68/100\n|move|p2b: Iron Hands|Low Kick|p1b: Miraidon\n|-damage|p1b: Miraidon|22/100\n|\n|upkeep\n|turn|3\n|\n|t:|1770669420\n|move|p2a: Ogerpon|Follow Me|p2a: Ogerpon\n|-singleturn|p2a: Ogerpon|move: Follow Me\n|move|p1a: Grimmsnarl|Light Screen|p1a: Grimmsnarl\n|-sidestart|p1: yamato-tak|move: Light Screen\n|move|p1b: Miraidon|Parabolic Charge|p2a: Ogerpon|[spread] p1a,p2a,p2b\n|-resisted|p2a: Ogerpon\n|-resisted|p2b: Iron Hands\n|-damage|p1a: Grimmsnarl|60/100\n|-heal|p1b: Miraidon|42/100|[from] drain|[of] p1a: Grimmsnarl\n|-damage|p2a: Ogerpon|0 fnt\n|-heal|p1b: Miraidon|54/100|[from] drain|[of] p2a: Ogerpon\n|-damage|p2b: Iron Hands|85/100\n|-heal|p1b: Miraidon|63/100|[from] drain|[of] p2b: Iron Hands\n|faint|p2a: Ogerpon\n|move|p2b: Iron Hands|Low Kick|p1b: Miraidon\n|-damage|p1b: Miraidon|17/100\n|\n|upkeep\n|\n|t:|1770669434\n|switch|p2a: Chien-Pao|Chien-Pao, L50|100/100\n|-ability|p2a: Chien-Pao|Sword of Ruin\n|turn|4\n|\n|t:|1770669455\n|move|p1a: Grimmsnarl|Parting Shot|p2b: Iron Hands\n|-unboost|p2b: Iron Hands|atk|1\n|-unboost|p2b: Iron Hands|spa|1\n|\n|t:|1770669458\n|switch|p1a: Volcarona|Volcarona, L50, F, shiny|100/100|[from] Parting Shot\n|move|p2a: Chien-Pao|Throat Chop|p1b: Miraidon\n|-damage|p1b: Miraidon|0 fnt\n|faint|p1b: Miraidon\n|move|p2b: Iron Hands|Wild Charge|p1a: Volcarona\n|-crit|p1a: Volcarona\n|-damage|p1a: Volcarona|0 fnt\n|faint|p1a: Volcarona\n|-damage|p2b: Iron Hands|67/100|[from] Recoil\n|\n|upkeep\n|\n|t:|1770669465\n|switch|p1b: Calyrex|Calyrex-Ice, L50|100/100\n|switch|p1a: Grimmsnarl|Grimmsnarl, L50, M, shiny|60/100\n|-ability|p1b: Calyrex|As One\n|-ability|p1b: Calyrex|Unnerve\n|turn|5\n|\n|t:|1770669484\n|-terastallize|p1b: Calyrex|Fairy\n|move|p2a: Chien-Pao|Protect|p2a: Chien-Pao\n|-singleturn|p2a: Chien-Pao|Protect\n|move|p1a: Grimmsnarl|Fake Out|p2a: Chien-Pao\n|-activate|p2a: Chien-Pao|move: Protect\n|move|p1b: Calyrex|Glacial Lance|p2a: Chien-Pao|[spread] p2b\n|-activate|p2a: Chien-Pao|move: Protect\n|-damage|p2b: Iron Hands|17/100\n|move|p2b: Iron Hands|Low Kick|p1b: Calyrex\n|-resisted|p1b: Calyrex\n|-crit|p1b: Calyrex\n|-damage|p1b: Calyrex|46/100\n|\n|-fieldend|move: Electric Terrain\n|-end|p2b: Iron Hands|Quark Drive\n|upkeep\n|turn|6\n|-message|yamato-tak forfeited.\n|\n|win|fulgrim2024\n|raw|yamato-tak's rating: 1512 &rarr; <strong>1487</strong><br />(-25 for losing)\n|raw|fulgrim2024's rating: 1425 &rarr; <strong>1450</strong><br />(+25 for winning)\n|l|\u2606fulgrim2024\n|player|p2|\n|l|\u2606yamato-tak\n|player|p1|\n","uploadtime":1770669679,"views":19,"formatid":"gen9vgc2026regi","rating":1450,"private":0,"password":null}