{"id":"gen9vgc2026regi-2553184125","format":"[Gen 9] VGC 2026 Reg I","players":["Simon0123","fogdocker"],"log":"|j|\u2606Simon0123\n|j|\u2606fogdocker\n|t:|1772807936\n|gametype|doubles\n|player|p1|Simon0123|benga|1359\n|player|p2|fogdocker|2|1543\n|gen|9\n|tier|[Gen 9] VGC 2026 Reg I\n|rated|\n|rule|Species Clause: Limit one of each Pok\u00e9mon\n|rule|Item Clause: Limit 1 of each item\n|clearpoke\n|poke|p1|Terapagos, L50, M|\n|poke|p1|Calyrex-Ice, L50|\n|poke|p1|Amoonguss, L50, F|\n|poke|p1|Farigiraf, L50, M|\n|poke|p1|Incineroar, L50, M|\n|poke|p1|Urshifu-*, L50, M|\n|poke|p2|Calyrex-Ice, L50|\n|poke|p2|Koraidon, L50|\n|poke|p2|Flutter Mane, L50|\n|poke|p2|Incineroar, L50, M|\n|poke|p2|Rillaboom, L50, F|\n|poke|p2|Annihilape, L50, F|\n|teampreview|4\n|inactive|Battle timer is ON: inactive players will automatically lose when time's up. (requested by Simon0123)\n|inactive|Simon0123 has 60 seconds left.\n|inactive|fogdocker has 60 seconds left.\n|\n|t:|1772807982\n|teamsize|p1|4\n|teamsize|p2|4\n|start\n|switch|p1a: Farigiraf|Farigiraf, L50, M|100/100\n|switch|p1b: Calyrex|Calyrex-Ice, L50|100/100\n|switch|p2a: Annihilape|Annihilape, L50, F|100/100\n|switch|p2b: Calyrex|Calyrex-Ice, L50|100/100\n|-ability|p2b: Calyrex|As One\n|-ability|p2b: Calyrex|Unnerve\n|-ability|p1b: Calyrex|As One\n|-ability|p1b: Calyrex|Unnerve\n|turn|1\n|l|\u2606Simon0123\n|inactive|Simon0123 disconnected and has a minute to reconnect!\n|player|p1|\n|j|\u2606Simon0123\n|inactive|Simon0123 reconnected and has 40 seconds left.\n|player|p1|Simon0123|benga|\n|inactive|Simon0123 has 30 seconds left.\n|inactive|Simon0123 has 20 seconds left.\n|inactive|Simon0123 has 15 seconds left.\n|inactive|Simon0123 has 10 seconds left.\n|inactive|Simon0123 has 5 seconds left.\n|\n|t:|1772808036\n|move|p1b: Calyrex|Protect|p1b: Calyrex\n|-singleturn|p1b: Calyrex|Protect\n|move|p2a: Annihilape|Final Gambit|p1b: Calyrex\n|-activate|p1b: Calyrex|move: Protect\n|move|p1a: Farigiraf|Psychic|p2a: Annihilape\n|-supereffective|p2a: Annihilape\n|-damage|p2a: Annihilape|42/100\n|move|p2b: Calyrex|Glacial Lance|p1a: Farigiraf|[spread] p1a\n|-activate|p1b: Calyrex|move: Protect\n|-damage|p1a: Farigiraf|62/100\n|\n|upkeep\n|turn|2\n|\n|t:|1772808055\n|switch|p2a: Incineroar|Incineroar, L50, M|100/100\n|-ability|p2a: Incineroar|Intimidate|boost\n|-unboost|p1a: Farigiraf|atk|1\n|-fail|p1b: Calyrex|unboost|[from] item: Clear Amulet|[of] p1b: Calyrex\n|move|p1b: Calyrex|Glacial Lance|p2b: Calyrex|[spread] p2a,p2b\n|-resisted|p2a: Incineroar\n|-resisted|p2b: Calyrex\n|-damage|p2a: Incineroar|78/100\n|-damage|p2b: Calyrex|84/100\n|move|p2b: Calyrex|Glacial Lance|p1b: Calyrex|[spread] p1a,p1b\n|-resisted|p1b: Calyrex\n|-damage|p1a: Farigiraf|23/100\n|-damage|p1b: Calyrex|87/100\n|move|p1a: Farigiraf|Trick Room|p1a: Farigiraf\n|-fieldstart|move: Trick Room|[of] p1a: Farigiraf\n|\n|-heal|p2b: Calyrex|89/100|[from] item: Leftovers\n|upkeep\n|turn|3\n|inactive|Simon0123 has 30 seconds left.\n|\n|t:|1772808080\n|switch|p1b: Amoonguss|Amoonguss, L50, F|100/100\n|move|p1a: Farigiraf|Protect|p1a: Farigiraf\n|-singleturn|p1a: Farigiraf|Protect\n|move|p2b: Calyrex|Glacial Lance|p1b: Amoonguss|[spread] p1b\n|-activate|p1a: Farigiraf|move: Protect\n|-supereffective|p1b: Amoonguss\n|-damage|p1b: Amoonguss|13/100\n|move|p2a: Incineroar|Knock Off|p1b: Amoonguss\n|-damage|p1b: Amoonguss|0 fnt\n|-damage|p2a: Incineroar|62/100|[from] item: Rocky Helmet|[of] p1b: Amoonguss\n|-enditem|p1b: Amoonguss|Rocky Helmet|[from] move: Knock Off|[of] p2a: Incineroar\n|faint|p1b: Amoonguss\n|\n|-heal|p2b: Calyrex|95/100|[from] item: Leftovers\n|upkeep\n|\n|t:|1772808086\n|switch|p1b: Terapagos|Terapagos, L50, M|100/100\n|-activate|p1b: Terapagos|ability: Tera Shift\n|detailschange|p1b: Terapagos|Terapagos-Terastal, L50, M\n|-heal|p1b: Terapagos|100/100|[silent]\n|turn|4\n|\n|t:|1772808095\n|move|p2b: Calyrex|Glacial Lance|p1a: Farigiraf|[spread] p1a,p1b\n|-activate|p1b: Terapagos|ability: Tera Shell\n|-resisted|p1b: Terapagos\n|-damage|p1a: Farigiraf|0 fnt\n|-damage|p1b: Terapagos|81/100\n|faint|p1a: Farigiraf\n|-ability|p2b: Calyrex|Chilling Neigh|boost\n|-boost|p2b: Calyrex|atk|1\n|move|p2a: Incineroar|Knock Off|p1b: Terapagos\n|-damage|p1b: Terapagos|50/100\n|-enditem|p1b: Terapagos|Leftovers|[from] move: Knock Off|[of] p2a: Incineroar\n|move|p1b: Terapagos|Calm Mind|p1b: Terapagos\n|-boost|p1b: Terapagos|spa|1\n|-boost|p1b: Terapagos|spd|1\n|\n|-heal|p2b: Calyrex|100/100|[from] item: Leftovers\n|upkeep\n|\n|t:|1772808101\n|switch|p1a: Calyrex|Calyrex-Ice, L50|87/100\n|-ability|p1a: Calyrex|As One\n|-ability|p1a: Calyrex|Unnerve\n|turn|5\n|\n|t:|1772808121\n|-terastallize|p1b: Terapagos|Stellar\n|detailschange|p1b: Terapagos|Terapagos-Stellar, L50, M, tera:Stellar\n|-heal|p1b: Terapagos|62/100|[silent]\n|move|p1a: Calyrex|High Horsepower|p2b: Calyrex\n|-damage|p2b: Calyrex|77/100\n|move|p2a: Incineroar|Knock Off|p1a: Calyrex\n|-supereffective|p1a: Calyrex\n|-damage|p1a: Calyrex|38/100\n|-enditem|p1a: Calyrex|Clear Amulet|[from] move: Knock Off|[of] p2a: Incineroar\n|move|p1b: Terapagos|Tera Starstorm|p2a: Incineroar|[spread] p2a,p2b\n|-damage|p2a: Incineroar|13/100\n|-damage|p2b: Calyrex|39/100\n|move|p2b: Calyrex|Trick Room|p2b: Calyrex\n|-fieldend|move: Trick Room\n|\n|-heal|p2b: Calyrex|44/100|[from] item: Leftovers\n|upkeep\n|turn|6\n|\n|t:|1772808140\n|move|p1a: Calyrex|Protect|p1a: Calyrex\n|-singleturn|p1a: Calyrex|Protect\n|move|p1b: Terapagos|Tera Starstorm|p2b: Calyrex|[spread] p2a,p2b\n|-damage|p2a: Incineroar|0 fnt\n|-damage|p2b: Calyrex|7/100\n|faint|p2a: Incineroar\n|move|p2b: Calyrex|Glacial Lance|p1a: Calyrex|[spread] p1b\n|-activate|p1a: Calyrex|move: Protect\n|-damage|p1b: Terapagos|19/100\n|\n|-heal|p2b: Calyrex|13/100|[from] item: Leftovers\n|upkeep\n|\n|t:|1772808146\n|switch|p2a: Koraidon|Koraidon, L50|100/100\n|-weather|SunnyDay|[from] ability: Orichalcum Pulse|[of] p2a: Koraidon\n|-activate|p2a: Koraidon|Orichalcum Pulse|[source]\n|turn|7\n|\n|t:|1772808155\n|-terastallize|p2a: Koraidon|Fire\n|move|p2a: Koraidon|Close Combat|p1b: Terapagos\n|-supereffective|p1b: Terapagos\n|-damage|p1b: Terapagos|0 fnt\n|-unboost|p2a: Koraidon|def|1\n|-unboost|p2a: Koraidon|spd|1\n|faint|p1b: Terapagos\n|detailschange|p1: Terapagos|Terapagos, L50, M|[silent]\n|-damage|p2a: Koraidon|91/100|[from] item: Life Orb\n|move|p1a: Calyrex|Glacial Lance|p2a: Koraidon|[spread] p2a,p2b\n|-resisted|p2a: Koraidon\n|-resisted|p2b: Calyrex\n|-damage|p2a: Koraidon|51/100\n|-damage|p2b: Calyrex|0 fnt\n|faint|p2b: Calyrex\n|-ability|p1a: Calyrex|Chilling Neigh|boost\n|-boost|p1a: Calyrex|atk|1\n|\n|-weather|SunnyDay|[upkeep]\n|upkeep\n|\n|t:|1772808160\n|switch|p2b: Annihilape|Annihilape, L50, F|42/100\n|turn|8\n|\n|t:|1772808173\n|move|p2b: Annihilape|Final Gambit|p1a: Calyrex\n|-damage|p1a: Calyrex|0 fnt\n|faint|p2b: Annihilape\n|faint|p1a: Calyrex\n|\n|win|fogdocker\n|raw|Simon0123's rating: 1359 &rarr; <strong>1349</strong><br />(-10 for losing)\n|raw|fogdocker's rating: 1543 &rarr; <strong>1553</strong><br />(+10 for winning)\n","uploadtime":1772808180,"views":15,"formatid":"gen9vgc2026regi","rating":1349,"private":0,"password":null}