{"id":"gen9vgc2026regi-2588662304","format":"[Gen 9] VGC 2026 Reg I","players":["clessvgc","ngocang"],"log":"|j|\u2606clessvgc\n|j|\u2606ngocang\n|t:|1776655060\n|gametype|doubles\n|player|p1|clessvgc|proton|1509\n|player|p2|ngocang|1|1530\n|gen|9\n|tier|[Gen 9] VGC 2026 Reg I\n|rated|\n|rule|Species Clause: Limit one of each Pok\u00e9mon\n|rule|Item Clause: Limit 1 of each item\n|clearpoke\n|poke|p1|Landorus-Therian, L50, M|\n|poke|p1|Calyrex-Shadow, L50|\n|poke|p1|Iron Moth, L50|\n|poke|p1|Tornadus, L50, M|\n|poke|p1|Tinkaton, L50, F|\n|poke|p1|Kyogre, L50|\n|poke|p2|Miraidon, L50|\n|poke|p2|Calyrex-Ice, L50|\n|poke|p2|Whimsicott, L50, M|\n|poke|p2|Incineroar, L50, F|\n|poke|p2|Volcarona, L50, F|\n|poke|p2|Urshifu-*, L50, M|\n|teampreview|4\n|inactive|Battle timer is ON: inactive players will automatically lose when time's up. (requested by clessvgc)\n|inactive|ngocang has 60 seconds left.\n|inactive|ngocang has 30 seconds left.\n|inactive|ngocang has 20 seconds left.\n|inactive|ngocang has 15 seconds left.\n|inactive|ngocang has 10 seconds left.\n|inactive|ngocang has 5 seconds left.\n|\n|t:|1776655151\n|teamsize|p1|4\n|teamsize|p2|4\n|start\n|switch|p1a: Tinkaton|Tinkaton, L50, F|100/100\n|switch|p1b: Iron Moth|Iron Moth, L50|100/100\n|switch|p2a: Miraidon|Miraidon, L50|100/100\n|switch|p2b: Calyrex|Calyrex-Ice, L50|100/100\n|-ability|p2b: Calyrex|As One\n|-ability|p2b: Calyrex|Unnerve\n|-fieldstart|move: Electric Terrain|[from] ability: Hadron Engine|[of] p2a: Miraidon\n|-activate|p1b: Iron Moth|ability: Quark Drive\n|-start|p1b: Iron Moth|quarkdrivespa\n|-ability|p1a: Tinkaton|Mold Breaker\n|turn|1\n|\n|t:|1776655172\n|-terastallize|p1b: Iron Moth|Grass\n|move|p1a: Tinkaton|Fake Out|p2b: Calyrex\n|-damage|p2b: Calyrex|97/100\n|move|p1b: Iron Moth|Heat Wave|p2b: Calyrex|[spread] p2a,p2b\n|-resisted|p2a: Miraidon\n|-supereffective|p2b: Calyrex\n|-damage|p2a: Miraidon|75/100\n|-damage|p2b: Calyrex|10/100\n|-damage|p1b: Iron Moth|91/100|[from] item: Life Orb\n|move|p2a: Miraidon|Electro Drift|p1b: Iron Moth\n|-resisted|p1b: Iron Moth\n|-damage|p1b: Iron Moth|38/100\n|cant|p2b: Calyrex|flinch\n|\n|upkeep\n|turn|2\n|\n|t:|1776655196\n|switch|p2b: Incineroar|Incineroar, L50, F|100/100\n|-ability|p2b: Incineroar|Intimidate|boost\n|-unboost|p1a: Tinkaton|atk|1\n|-unboost|p1b: Iron Moth|atk|1\n|move|p1b: Iron Moth|Protect|p1b: Iron Moth\n|-singleturn|p1b: Iron Moth|Protect\n|move|p2a: Miraidon|Volt Switch|p1b: Iron Moth\n|-activate|p1b: Iron Moth|move: Protect\n|move|p1a: Tinkaton|Gigaton Hammer|p2b: Incineroar\n|-resisted|p2b: Incineroar\n|-damage|p2b: Incineroar|89/100\n|\n|upkeep\n|turn|3\n|\n|t:|1776655221\n|-end|p1b: Iron Moth|Quark Drive|[silent]\n|switch|p1b: Calyrex|Calyrex-Shadow, L50|100/100\n|-ability|p1b: Calyrex|As One\n|-ability|p1b: Calyrex|Unnerve\n|move|p2a: Miraidon|Draco Meteor|p1a: Tinkaton\n|-immune|p1a: Tinkaton\n|move|p1a: Tinkaton|Play Rough|p2a: Miraidon\n|-supereffective|p2a: Miraidon\n|-damage|p2a: Miraidon|51/100\n|move|p2b: Incineroar|Flare Blitz|p1b: Calyrex\n|-damage|p1b: Calyrex|31/100\n|-damage|p2b: Incineroar|68/100|[from] Recoil\n|\n|upkeep\n|turn|4\n|\n|t:|1776655245\n|move|p1b: Calyrex|Astral Barrage|p2b: Incineroar|[spread] p2a,p2b\n|-resisted|p2b: Incineroar\n|-damage|p2a: Miraidon|11/100\n|-damage|p2b: Incineroar|52/100\n|move|p2a: Miraidon|Snarl|p1b: Calyrex|[spread] p1a,p1b\n|-resisted|p1a: Tinkaton\n|-supereffective|p1b: Calyrex\n|-damage|p1a: Tinkaton|96/100\n|-damage|p1b: Calyrex|0 fnt\n|-unboost|p1a: Tinkaton|spa|1\n|faint|p1b: Calyrex\n|move|p1a: Tinkaton|Play Rough|p2a: Miraidon\n|-supereffective|p2a: Miraidon\n|-damage|p2a: Miraidon|0 fnt\n|faint|p2a: Miraidon\n|move|p2b: Incineroar|Flare Blitz|p1a: Tinkaton\n|-supereffective|p1a: Tinkaton\n|-damage|p1a: Tinkaton|0 fnt\n|faint|p1a: Tinkaton\n|-damage|p2b: Incineroar|22/100|[from] Recoil\n|\n|upkeep\n|\n|t:|1776655261\n|switch|p1b: Iron Moth|Iron Moth, L50, tera:Grass|38/100\n|switch|p2a: Whimsicott|Whimsicott, L50, M|100/100\n|switch|p1a: Kyogre|Kyogre, L50|100/100\n|-weather|RainDance|[from] ability: Drizzle|[of] p1a: Kyogre\n|-activate|p1b: Iron Moth|ability: Quark Drive\n|-start|p1b: Iron Moth|quarkdrivespa\n|turn|5\n|\n|t:|1776655270\n|move|p2a: Whimsicott|Tailwind|p2a: Whimsicott\n|-sidestart|p2: ngocang|move: Tailwind\n|move|p1b: Iron Moth|Heat Wave|p2a: Whimsicott|[spread] p2a,p2b\n|-supereffective|p2a: Whimsicott\n|-crit|p2a: Whimsicott\n|-resisted|p2b: Incineroar\n|-enditem|p2a: Whimsicott|Focus Sash\n|-damage|p2a: Whimsicott|1/100\n|-damage|p2b: Incineroar|13/100\n|-damage|p1b: Iron Moth|29/100|[from] item: Life Orb\n|move|p2b: Incineroar|Knock Off|p1a: Kyogre\n|-damage|p1a: Kyogre|53/100\n|-enditem|p1a: Kyogre|Mystic Water|[from] move: Knock Off|[of] p2b: Incineroar\n|move|p1a: Kyogre|Water Spout|p2a: Whimsicott|[spread] p2a,p2b\n|-resisted|p2a: Whimsicott\n|-supereffective|p2b: Incineroar\n|-damage|p2a: Whimsicott|0 fnt\n|-damage|p2b: Incineroar|0 fnt\n|faint|p2a: Whimsicott\n|faint|p2b: Incineroar\n|\n|-weather|RainDance|[upkeep]\n|-fieldend|move: Electric Terrain\n|-end|p1b: Iron Moth|Quark Drive\n|upkeep\n|\n|t:|1776655276\n|switch|p2b: Calyrex|Calyrex-Ice, L50|10/100\n|-ability|p2b: Calyrex|As One\n|-ability|p2b: Calyrex|Unnerve\n|turn|6\n|\n|t:|1776655287\n|move|p1b: Iron Moth|Energy Ball|p2b: Calyrex\n|-damage|p2b: Calyrex|0 fnt\n|faint|p2b: Calyrex\n|-damage|p1b: Iron Moth|19/100|[from] item: Life Orb\n|\n|win|clessvgc\n|raw|clessvgc's rating: 1509 &rarr; <strong>1530</strong><br />(+21 for winning)\n|raw|ngocang's rating: 1530 &rarr; <strong>1509</strong><br />(-21 for losing)\n|l|\u2606clessvgc\n|player|p1|\n|l|\u2606ngocang\n|player|p2|\n","uploadtime":1776655560,"views":14,"formatid":"gen9vgc2026regi","rating":1509,"private":0,"password":null}