{"id":"gen9vgc2026regi-2554104186","format":"[Gen 9] VGC 2026 Reg I","players":["Aronaldo","b3testing"],"log":"|j|\u2606Aronaldo\n|j|\u2606b3testing\n|t:|1772920100\n|gametype|doubles\n|player|p1|Aronaldo|169|1356\n|player|p2|b3testing|102|1452\n|gen|9\n|tier|[Gen 9] VGC 2026 Reg I\n|rated|\n|rule|Species Clause: Limit one of each Pok\u00e9mon\n|rule|Item Clause: Limit 1 of each item\n|clearpoke\n|poke|p1|Ho-Oh, L50|\n|poke|p1|Terapagos, L50, M|\n|poke|p1|Rillaboom, L50, F|\n|poke|p1|Urshifu-*, L50, F|\n|poke|p1|Roaring Moon, L50|\n|poke|p1|Hitmontop, L50, M|\n|poke|p2|Terapagos, L50, M|\n|poke|p2|Calyrex-Shadow, L50|\n|poke|p2|Incineroar, L50, F|\n|poke|p2|Amoonguss, L50, M|\n|poke|p2|Tornadus, L50, M|\n|poke|p2|Smeargle, L50, M|\n|teampreview|4\n|inactive|Battle timer is ON: inactive players will automatically lose when time's up. (requested by b3testing)\n|inactive|Aronaldo also wants the timer to be on.\n|inactive|b3testing has 60 seconds left.\n|\n|t:|1772920147\n|teamsize|p1|4\n|teamsize|p2|4\n|start\n|switch|p1a: Terapagos|Terapagos, L50, M|100/100\n|switch|p1b: Hitmontop|Hitmontop, L50, M|100/100\n|switch|p2a: Incineroar|Incineroar, L50, F|100/100\n|switch|p2b: Terapagos|Terapagos, L50, M|100/100\n|-activate|p2b: Terapagos|ability: Tera Shift\n|detailschange|p2b: Terapagos|Terapagos-Terastal, L50, M\n|-heal|p2b: Terapagos|100/100|[silent]\n|-activate|p1a: Terapagos|ability: Tera Shift\n|detailschange|p1a: Terapagos|Terapagos-Terastal, L50, M\n|-heal|p1a: Terapagos|100/100|[silent]\n|-ability|p1b: Hitmontop|Intimidate|boost\n|-unboost|p2a: Incineroar|atk|1\n|-unboost|p2b: Terapagos|atk|1\n|-ability|p2a: Incineroar|Intimidate|boost\n|-unboost|p1a: Terapagos|atk|1\n|-unboost|p1b: Hitmontop|atk|1\n|turn|1\n|\n|t:|1772920166\n|move|p1b: Hitmontop|Fake Out|p2b: Terapagos\n|-activate|p2b: Terapagos|ability: Tera Shell\n|-resisted|p2b: Terapagos\n|-damage|p2b: Terapagos|98/100\n|move|p2a: Incineroar|Fake Out|p1a: Terapagos\n|-activate|p1a: Terapagos|ability: Tera Shell\n|-resisted|p1a: Terapagos\n|-crit|p1a: Terapagos\n|-damage|p1a: Terapagos|95/100\n|move|p2b: Terapagos|Calm Mind|p2b: Terapagos\n|-boost|p2b: Terapagos|spa|1\n|-boost|p2b: Terapagos|spd|1\n|move|p1a: Terapagos|Calm Mind|p1a: Terapagos\n|-boost|p1a: Terapagos|spa|1\n|-boost|p1a: Terapagos|spd|1\n|\n|upkeep\n|turn|2\n|inactive|b3testing has 30 seconds left.\n|\n|t:|1772920194\n|move|p2b: Terapagos|Protect|p2b: Terapagos\n|-singleturn|p2b: Terapagos|Protect\n|move|p1a: Terapagos|Calm Mind|p1a: Terapagos\n|-boost|p1a: Terapagos|spa|1\n|-boost|p1a: Terapagos|spd|1\n|move|p1b: Hitmontop|Close Combat|p2a: Incineroar\n|-supereffective|p2a: Incineroar\n|-damage|p2a: Incineroar|56/100\n|-unboost|p1b: Hitmontop|def|1\n|-unboost|p1b: Hitmontop|spd|1\n|move|p2a: Incineroar|U-turn|p1b: Hitmontop\n|-resisted|p1b: Hitmontop\n|-damage|p1b: Hitmontop|87/100\n|-enditem|p1b: Hitmontop|Eject Button\n|\n|t:|1772920209\n|switch|p1b: Roaring Moon|Roaring Moon, L50|100/100\n|-enditem|p1b: Roaring Moon|Booster Energy\n|-activate|p1b: Roaring Moon|ability: Protosynthesis|[fromitem]\n|-start|p1b: Roaring Moon|protosynthesisspe\n|\n|upkeep\n|turn|3\n|\n|t:|1772920221\n|-terastallize|p1a: Terapagos|Stellar\n|detailschange|p1a: Terapagos|Terapagos-Stellar, L50, M, tera:Stellar\n|-heal|p1a: Terapagos|96/100|[silent]\n|move|p1b: Roaring Moon|Taunt|p2b: Terapagos\n|-start|p2b: Terapagos|move: Taunt\n|move|p2b: Terapagos|Tera Starstorm|p1b: Roaring Moon\n|-damage|p1b: Roaring Moon|17/100\n|move|p1a: Terapagos|Earth Power|p2a: Incineroar\n|-supereffective|p2a: Incineroar\n|-damage|p2a: Incineroar|0 fnt\n|faint|p2a: Incineroar\n|\n|upkeep\n|\n|t:|1772920235\n|switch|p2a: Calyrex|Calyrex-Shadow, L50|100/100\n|-ability|p2a: Calyrex|As One\n|-ability|p2a: Calyrex|Unnerve\n|turn|4\n|inactive|b3testing has 30 seconds left.\n|inactive|b3testing has 20 seconds left.\n|\n|t:|1772920275\n|move|p1b: Roaring Moon|Tailwind|p1b: Roaring Moon\n|-sidestart|p1: Aronaldo|move: Tailwind\n|move|p1a: Terapagos|Tera Starstorm|p2b: Terapagos|[spread] p2a,p2b\n|-damage|p2a: Calyrex|36/100\n|-damage|p2b: Terapagos|58/100\n|move|p2a: Calyrex|Disable|p1a: Terapagos\n|-start|p1a: Terapagos|Disable|Tera Starstorm\n|move|p2b: Terapagos|Tera Starstorm|p1b: Roaring Moon\n|-damage|p1b: Roaring Moon|0 fnt\n|faint|p1b: Roaring Moon\n|-end|p1b: Roaring Moon|Protosynthesis|[silent]\n|\n|upkeep\n|\n|t:|1772920287\n|switch|p1b: Hitmontop|Hitmontop, L50, M|87/100\n|-ability|p1b: Hitmontop|Intimidate|boost\n|-unboost|p2a: Calyrex|atk|1\n|-unboost|p2b: Terapagos|atk|1\n|turn|5\n|\n|t:|1772920298\n|switch|p2a: Amoonguss|Amoonguss, L50, M|100/100\n|-terastallize|p2b: Terapagos|Stellar\n|detailschange|p2b: Terapagos|Terapagos-Stellar, L50, M, tera:Stellar\n|-heal|p2b: Terapagos|69/100|[silent]\n|move|p1a: Terapagos|Earth Power|p2a: Amoonguss\n|-damage|p2a: Amoonguss|39/100\n|move|p1b: Hitmontop|Close Combat|p2b: Terapagos\n|-supereffective|p2b: Terapagos\n|-damage|p2b: Terapagos|20/100\n|-unboost|p1b: Hitmontop|def|1\n|-unboost|p1b: Hitmontop|spd|1\n|move|p2b: Terapagos|Tera Starstorm|p1a: Terapagos|[spread] p1a,p1b\n|-supereffective|p1a: Terapagos\n|-damage|p1a: Terapagos|56/100\n|-damage|p1b: Hitmontop|17/100\n|\n|-end|p2b: Terapagos|move: Taunt\n|upkeep\n|turn|6\n|inactive|Aronaldo has 30 seconds left.\n|inactive|b3testing has 30 seconds left.\n|inactive|b3testing has 20 seconds left.\n|inactive|b3testing has 15 seconds left.\n|inactive|b3testing has 10 seconds left.\n|\n|t:|1772920343\n|switch|p2b: Calyrex|Calyrex-Shadow, L50|36/100\n|-ability|p2b: Calyrex|As One\n|-ability|p2b: Calyrex|Unnerve\n|move|p2a: Amoonguss|Protect|p2a: Amoonguss\n|-singleturn|p2a: Amoonguss|Protect\n|move|p1a: Terapagos|Earth Power|p2a: Amoonguss\n|-activate|p2a: Amoonguss|move: Protect\n|move|p1b: Hitmontop|Close Combat|p2b: Calyrex\n|-immune|p2b: Calyrex\n|\n|upkeep\n|turn|7\n|inactive|Aronaldo has 30 seconds left.\n|inactive|b3testing has 30 seconds left.\n|\n|t:|1772920371\n|switch|p1b: Ho-Oh|Ho-Oh, L50|100/100\n|move|p2a: Amoonguss|Rage Powder|p2a: Amoonguss\n|-singleturn|p2a: Amoonguss|move: Rage Powder\n|move|p1a: Terapagos|Earth Power|p2a: Amoonguss\n|-damage|p2a: Amoonguss|0 fnt\n|faint|p2a: Amoonguss\n|move|p2b: Calyrex|Astral Barrage|p1a: Terapagos|[spread] p1b\n|-immune|p1a: Terapagos\n|-damage|p1b: Ho-Oh|57/100\n|-damage|p2b: Calyrex|26/100|[from] item: Life Orb\n|\n|-sideend|p1: Aronaldo|move: Tailwind\n|upkeep\n|\n|t:|1772920375\n|switch|p2a: Terapagos|Terapagos-Stellar, L50, M, tera:Stellar|20/100\n|turn|8\n|\n|t:|1772920385\n|move|p2b: Calyrex|Astral Barrage|p1b: Ho-Oh|[spread] p1b\n|-immune|p1a: Terapagos\n|-damage|p1b: Ho-Oh|19/100\n|-damage|p2b: Calyrex|16/100|[from] item: Life Orb\n|move|p1b: Ho-Oh|Life Dew|p1b: Ho-Oh|[spread] p1a,p1b\n|-heal|p1a: Terapagos|81/100\n|-heal|p1b: Ho-Oh|44/100\n|move|p2a: Terapagos|Tera Starstorm|p1b: Ho-Oh|[spread] p1a,p1b\n|-supereffective|p1a: Terapagos\n|-crit|p1a: Terapagos\n|-damage|p1a: Terapagos|5/100\n|-damage|p1b: Ho-Oh|23/100\n|move|p1a: Terapagos|Earth Power|p2a: Terapagos\n|-damage|p2a: Terapagos|0 fnt\n|faint|p2a: Terapagos\n|detailschange|p2: Terapagos|Terapagos, L50, M|[silent]\n|\n|-end|p1a: Terapagos|Disable\n|upkeep\n|turn|9\n|-message|b3testing forfeited.\n|\n|win|Aronaldo\n|raw|Aronaldo's rating: 1356 &rarr; <strong>1381</strong><br />(+25 for winning)\n|raw|b3testing's rating: 1452 &rarr; <strong>1427</strong><br />(-25 for losing)\n|l|\u2606b3testing\n|player|p2|\n|l|\u2606Aronaldo\n|player|p1|\n","uploadtime":1772920642,"views":13,"formatid":"gen9vgc2026regi","rating":1381,"private":0,"password":null}