{"id":"gen9vgc2026regi-2553694854","format":"[Gen 9] VGC 2026 Reg I","players":["siyam332211","I\u2764\ufe0f\u5a1c\u7984forever"],"log":"|j|\u2606siyam332211\n|j|\u2606I\u2764\ufe0f\u5a1c\u7984forever\n|t:|1772862711\n|gametype|doubles\n|player|p1|siyam332211|102|1337\n|player|p2|I\u2764\ufe0f\u5a1c\u7984forever|youngcouple-gen4dp|1344\n|gen|9\n|tier|[Gen 9] VGC 2026 Reg I\n|rated|\n|rule|Species Clause: Limit one of each Pok\u00e9mon\n|rule|Item Clause: Limit 1 of each item\n|clearpoke\n|poke|p1|Koraidon, L50|\n|poke|p1|Flutter Mane, L50|\n|poke|p1|Incineroar, L50, M|\n|poke|p1|Calyrex-Shadow, L50|\n|poke|p1|Rillaboom, L50, F|\n|poke|p1|Pelipper, L50, F|\n|poke|p2|Groudon, L50|\n|poke|p2|Kyurem-White, L50|\n|poke|p2|Heatran, L50, F|\n|poke|p2|Whimsicott, L50, M|\n|poke|p2|Roaring Moon, L50|\n|poke|p2|Ditto, L50|\n|teampreview|4\n|inactive|Battle timer is ON: inactive players will automatically lose when time's up. (requested by siyam332211)\n|\n|t:|1772862740\n|teamsize|p1|4\n|teamsize|p2|4\n|start\n|switch|p1a: Koraidon|Koraidon, L50|100/100\n|switch|p1b: Flutter Mane|Flutter Mane, L50, shiny|100/100\n|switch|p2a: Whimsicott|Whimsicott, L50, M|100/100\n|switch|p2b: Kyurem|Kyurem-White, L50|100/100\n|-weather|SunnyDay|[from] ability: Orichalcum Pulse|[of] p1a: Koraidon\n|-activate|p1b: Flutter Mane|ability: Protosynthesis\n|-start|p1b: Flutter Mane|protosynthesisspe\n|-activate|p1a: Koraidon|Orichalcum Pulse|[source]\n|-ability|p2b: Kyurem|Turboblaze\n|turn|1\n|\n|t:|1772862755\n|-terastallize|p1b: Flutter Mane|Stellar\n|move|p1a: Koraidon|Protect|p1a: Koraidon\n|-singleturn|p1a: Koraidon|Protect\n|move|p1b: Flutter Mane|Moonblast|p2b: Kyurem\n|-supereffective|p2b: Kyurem\n|-damage|p2b: Kyurem|0 fnt\n|faint|p2b: Kyurem\n|move|p2a: Whimsicott|Trick Room|p2a: Whimsicott\n|-fieldstart|move: Trick Room|[of] p2a: Whimsicott\n|\n|-weather|SunnyDay|[upkeep]\n|upkeep\n|\n|t:|1772862779\n|switch|p2b: Groudon|Groudon, L50|100/100\n|turn|2\n|\n|t:|1772862788\n|switch|p1a: Pelipper|Pelipper, L50, F|100/100\n|-weather|RainDance|[from] ability: Drizzle|[of] p1a: Pelipper\n|-end|p1b: Flutter Mane|Protosynthesis\n|-terastallize|p2b: Groudon|Water\n|move|p1b: Flutter Mane|Protect|p1b: Flutter Mane\n|-singleturn|p1b: Flutter Mane|Protect\n|move|p2b: Groudon|Precipice Blades|p1a: Pelipper|[spread] \n|-activate|p1b: Flutter Mane|move: Protect\n|-immune|p1a: Pelipper\n|move|p2a: Whimsicott|Energy Ball|p1b: Flutter Mane\n|-activate|p1b: Flutter Mane|move: Protect\n|\n|-weather|RainDance|[upkeep]\n|upkeep\n|turn|3\n|inactive|siyam332211 has 30 seconds left.\n|\n|t:|1772862822\n|move|p1a: Pelipper|Wide Guard|p1a: Pelipper\n|-singleturn|p1a: Pelipper|Wide Guard\n|move|p2b: Groudon|Precipice Blades|p1b: Flutter Mane|[spread] \n|-activate|p1a: Pelipper|move: Wide Guard\n|-activate|p1b: Flutter Mane|move: Wide Guard\n|move|p2a: Whimsicott|Energy Ball|p1b: Flutter Mane\n|-damage|p1b: Flutter Mane|63/100\n|move|p1b: Flutter Mane|Shadow Ball|p2b: Groudon\n|-damage|p2b: Groudon|67/100\n|\n|-weather|RainDance|[upkeep]\n|upkeep\n|turn|4\n|inactive|I\u2764\ufe0f\u5a1c\u7984forever has 30 seconds left.\n|\n|t:|1772862850\n|move|p1b: Flutter Mane|Protect|p1b: Flutter Mane\n|-singleturn|p1b: Flutter Mane|Protect\n|move|p1a: Pelipper|Hurricane|p2a: Whimsicott\n|-supereffective|p2a: Whimsicott\n|-enditem|p2a: Whimsicott|Focus Sash\n|-damage|p2a: Whimsicott|1/100\n|-start|p2a: Whimsicott|confusion\n|move|p2b: Groudon|Iron Head|p1b: Flutter Mane\n|-activate|p1b: Flutter Mane|move: Protect\n|-activate|p2a: Whimsicott|confusion\n|-damage|p2a: Whimsicott|0 fnt|[from] confusion\n|faint|p2a: Whimsicott\n|\n|-weather|RainDance|[upkeep]\n|upkeep\n|\n|t:|1772862853\n|switch|p2a: Ditto|Ditto, L50|100/100\n|-transform|p2a: Ditto|p1b: Flutter Mane|[from] ability: Imposter\n|-start|p2a: Ditto|typechange|Ghost/Fairy|[silent]\n|turn|5\n|inactive|siyam332211 has 30 seconds left.\n|inactive|siyam332211 has 20 seconds left.\n|\n|t:|1772862889\n|-end|p1b: Flutter Mane|Protosynthesis|[silent]\n|switch|p1b: Incineroar|Incineroar, L50, M, shiny|100/100\n|-ability|p1b: Incineroar|Intimidate|boost\n|-unboost|p2a: Ditto|atk|1\n|-unboost|p2b: Groudon|atk|1\n|move|p1a: Pelipper|Tailwind|p1a: Pelipper\n|-sidestart|p1: siyam332211|move: Tailwind\n|move|p2b: Groudon|Iron Head|p1b: Incineroar\n|-resisted|p1b: Incineroar\n|-damage|p1b: Incineroar|90/100\n|move|p2a: Ditto|Shadow Ball|p1a: Pelipper\n|-crit|p1a: Pelipper\n|-damage|p1a: Pelipper|39/100\n|-enditem|p1a: Pelipper|Sitrus Berry|[eat]\n|-heal|p1a: Pelipper|63/100|[from] item: Sitrus Berry\n|\n|-weather|RainDance|[upkeep]\n|-fieldend|move: Trick Room\n|upkeep\n|turn|6\n|inactive|siyam332211 has 30 seconds left.\n|\n|t:|1772862920\n|move|p1b: Incineroar|Fake Out|p2b: Groudon\n|-damage|p2b: Groudon|58/100\n|move|p2a: Ditto|Icy Wind|p1a: Pelipper|[spread] p1a,p1b\n|-resisted|p1b: Incineroar\n|-damage|p1a: Pelipper|48/100\n|-damage|p1b: Incineroar|84/100\n|-unboost|p1a: Pelipper|spe|1\n|-unboost|p1b: Incineroar|spe|1\n|move|p1a: Pelipper|Weather Ball|p2a: Ditto\n|-damage|p2a: Ditto|51/100\n|cant|p2b: Groudon|flinch\n|\n|-weather|none\n|upkeep\n|turn|7\n|\n|t:|1772862940\n|move|p1a: Pelipper|Wide Guard|p1a: Pelipper\n|-singleturn|p1a: Pelipper|Wide Guard\n|move|p2a: Ditto|Moonblast|p1a: Pelipper\n|-damage|p1a: Pelipper|0 fnt\n|faint|p1a: Pelipper\n|move|p2b: Groudon|Precipice Blades|p1b: Incineroar\n|-activate|p1b: Incineroar|move: Wide Guard\n|move|p1b: Incineroar|Will-O-Wisp|p2b: Groudon\n|-status|p2b: Groudon|brn\n|\n|-damage|p2b: Groudon|53/100 brn|[from] brn\n|upkeep\n|\n|t:|1772862959\n|switch|p1a: Flutter Mane|Flutter Mane, L50, shiny, tera:Stellar|63/100\n|turn|8\n|\n|t:|1772862975\n|move|p1a: Flutter Mane|Protect|p1a: Flutter Mane\n|-singleturn|p1a: Flutter Mane|Protect\n|move|p2a: Ditto|Shadow Ball|p1a: Flutter Mane\n|-activate|p1a: Flutter Mane|move: Protect\n|move|p2b: Groudon|Precipice Blades|p1a: Flutter Mane|[spread] p1b\n|-activate|p1a: Flutter Mane|move: Protect\n|-supereffective|p1b: Incineroar\n|-damage|p1b: Incineroar|51/100\n|move|p1b: Incineroar|Flare Blitz|p2a: Ditto\n|-damage|p2a: Ditto|0 fnt\n|faint|p2a: Ditto\n|-end|p2a: Ditto|Protosynthesis|[silent]\n|-damage|p1b: Incineroar|38/100|[from] Recoil\n|\n|-damage|p2b: Groudon|47/100 brn|[from] brn\n|-sideend|p1: siyam332211|move: Tailwind\n|upkeep\n|turn|9\n|\n|t:|1772862996\n|move|p1a: Flutter Mane|Moonblast|p2b: Groudon\n|-damage|p2b: Groudon|16/100 brn\n|move|p2b: Groudon|Iron Head|p1a: Flutter Mane\n|-supereffective|p1a: Flutter Mane\n|-damage|p1a: Flutter Mane|16/100\n|move|p1b: Incineroar|Parting Shot|p2b: Groudon\n|-unboost|p2b: Groudon|atk|1\n|-unboost|p2b: Groudon|spa|1\n|\n|t:|1772863006\n|switch|p1b: Koraidon|Koraidon, L50|100/100|[from] Parting Shot\n|-weather|SunnyDay|[from] ability: Orichalcum Pulse|[of] p1b: Koraidon\n|-activate|p1a: Flutter Mane|ability: Protosynthesis\n|-start|p1a: Flutter Mane|protosynthesisspe\n|-activate|p1b: Koraidon|Orichalcum Pulse|[source]\n|\n|-weather|SunnyDay|[upkeep]\n|-damage|p2b: Groudon|11/100 brn|[from] brn\n|upkeep\n|turn|10\n|inactive|I\u2764\ufe0f\u5a1c\u7984forever has 30 seconds left.\n|\n|t:|1772863032\n|switch|p1b: Incineroar|Incineroar, L50, M, shiny|38/100\n|-ability|p1b: Incineroar|Intimidate|boost\n|-unboost|p2b: Groudon|atk|1\n|move|p1a: Flutter Mane|Icy Wind|p2b: Groudon\n|-resisted|p2b: Groudon\n|-damage|p2b: Groudon|2/100 brn\n|-unboost|p2b: Groudon|spe|1\n|move|p2b: Groudon|Precipice Blades|p1a: Flutter Mane|[spread] p1a,p1b\n|-supereffective|p1b: Incineroar\n|-damage|p1a: Flutter Mane|0 fnt\n|-damage|p1b: Incineroar|17/100\n|faint|p1a: Flutter Mane\n|-end|p1a: Flutter Mane|Protosynthesis|[silent]\n|\n|-weather|SunnyDay|[upkeep]\n|-damage|p2b: Groudon|0 fnt|[from] brn\n|faint|p2b: Groudon\n|\n|win|siyam332211\n|raw|siyam332211's rating: 1337 &rarr; <strong>1359</strong><br />(+22 for winning)\n|raw|I\u2764\ufe0f\u5a1c\u7984forever's rating: 1374 &rarr; <strong>1352</strong><br />(-22 for losing)\n|l|\u2606I\u2764\ufe0f\u5a1c\u7984forever\n|player|p2|\n|l|\u2606siyam332211\n|player|p1|\n","uploadtime":1772863262,"views":12,"formatid":"gen9vgc2026regi","rating":1352,"private":0,"password":null}