{"id":"gen9vgc2026regi-2547996049","format":"[Gen 9] VGC 2026 Reg I","players":["alexit93","756sleepy"],"log":"|j|\u2606alexit93\n|j|\u2606756sleepy\n|t:|1772154192\n|gametype|doubles\n|player|p1|alexit93|lucas-gen4pt|1427\n|player|p2|756sleepy|pokekid|1411\n|gen|9\n|tier|[Gen 9] VGC 2026 Reg I\n|rated|\n|rule|Species Clause: Limit one of each Pok\u00e9mon\n|rule|Item Clause: Limit 1 of each item\n|clearpoke\n|poke|p1|Zamazenta-*, L50|\n|poke|p1|Chien-Pao, L50|\n|poke|p1|Miraidon, L50|\n|poke|p1|Iron Jugulis, L50|\n|poke|p1|Riolu, L50, F|\n|poke|p1|Landorus, L50, M|\n|poke|p2|Eternatus, L50|\n|poke|p2|Calyrex-Ice, L50|\n|poke|p2|Rillaboom, L50, F|\n|poke|p2|Ursaluna, L50, F|\n|poke|p2|Thundurus, L50, M|\n|poke|p2|Farigiraf, L50, M|\n|teampreview|4\n|inactive|Battle timer is ON: inactive players will automatically lose when time's up. (requested by 756sleepy)\n|\n|t:|1772154212\n|teamsize|p1|4\n|teamsize|p2|4\n|start\n|switch|p1a: Chien-Pao|Chien-Pao, L50|100/100\n|switch|p1b: Iron Jugulis|Iron Jugulis, L50|100/100\n|switch|p2a: Calyrex|Calyrex-Ice, L50|100/100\n|switch|p2b: Thundurus|Thundurus, L50, M|100/100\n|-ability|p2a: Calyrex|As One\n|-ability|p2a: Calyrex|Unnerve\n|-ability|p1a: Chien-Pao|Sword of Ruin\n|turn|1\n|\n|t:|1772154233\n|move|p1a: Chien-Pao|Crunch|p2a: Calyrex\n|-supereffective|p2a: Calyrex\n|-damage|p2a: Calyrex|28/100\n|move|p1b: Iron Jugulis|Hurricane|p2a: Calyrex|[miss]\n|-miss|p1b: Iron Jugulis|p2a: Calyrex\n|move|p2b: Thundurus|Wildbolt Storm|p1a: Chien-Pao|[spread] p1b\n|-miss|p2b: Thundurus|p1a: Chien-Pao\n|-supereffective|p1b: Iron Jugulis\n|-crit|p1b: Iron Jugulis\n|-damage|p1b: Iron Jugulis|1/100\n|move|p2a: Calyrex|Trick Room|p2a: Calyrex\n|-fieldstart|move: Trick Room|[of] p2a: Calyrex\n|\n|-heal|p2a: Calyrex|34/100|[from] item: Leftovers\n|upkeep\n|turn|2\n|\n|t:|1772154256\n|-end|p1b: Iron Jugulis|Quark Drive|[silent]\n|switch|p1b: Zamazenta|Zamazenta-Crowned, L50, shiny|100/100\n|-ability|p1b: Zamazenta|Dauntless Shield|boost\n|-boost|p1b: Zamazenta|def|1\n|move|p2a: Calyrex|Protect|p2a: Calyrex\n|-singleturn|p2a: Calyrex|Protect\n|move|p2b: Thundurus|Wildbolt Storm|p1b: Zamazenta|[spread] p1a,p1b\n|-damage|p1a: Chien-Pao|48/100\n|-damage|p1b: Zamazenta|74/100\n|-status|p1a: Chien-Pao|par\n|move|p1a: Chien-Pao|Crunch|p2a: Calyrex\n|-activate|p2a: Calyrex|move: Protect\n|\n|-heal|p2a: Calyrex|40/100|[from] item: Leftovers\n|upkeep\n|turn|3\n|\n|t:|1772154275\n|switch|p1a: Riolu|Riolu, L50, F|100/100\n|move|p1b: Zamazenta|Wide Guard|p1b: Zamazenta\n|-singleturn|p1b: Zamazenta|Wide Guard\n|move|p2a: Calyrex|Leech Seed|p1b: Zamazenta|[miss]\n|-miss|p2a: Calyrex|p1b: Zamazenta\n|move|p2b: Thundurus|Wildbolt Storm|p1a: Riolu|[spread] \n|-activate|p1a: Riolu|move: Wide Guard\n|-activate|p1b: Zamazenta|move: Wide Guard\n|\n|-heal|p2a: Calyrex|45/100|[from] item: Leftovers\n|upkeep\n|turn|4\n|\n|t:|1772154297\n|move|p1a: Riolu|Feint|p2a: Calyrex\n|-damage|p2a: Calyrex|43/100\n|move|p2b: Thundurus|Thunder Wave|p1b: Zamazenta\n|-status|p1b: Zamazenta|par\n|move|p2a: Calyrex|Leech Seed|p1b: Zamazenta\n|-start|p1b: Zamazenta|move: Leech Seed\n|move|p1b: Zamazenta|Body Press|p2a: Calyrex\n|-damage|p2a: Calyrex|11/100\n|\n|-heal|p2a: Calyrex|16/100|[from] item: Leftovers\n|-damage|p1b: Zamazenta|62/100 par|[from] Leech Seed|[of] p2a: Calyrex\n|-heal|p2a: Calyrex|26/100|[silent]\n|upkeep\n|turn|5\n|\n|t:|1772154313\n|move|p2a: Calyrex|Protect|p2a: Calyrex\n|-singleturn|p2a: Calyrex|Protect\n|move|p1b: Zamazenta|Protect|p1b: Zamazenta\n|-singleturn|p1b: Zamazenta|Protect\n|move|p1a: Riolu|Coaching|p1b: Zamazenta\n|-boost|p1b: Zamazenta|atk|1\n|-boost|p1b: Zamazenta|def|1\n|move|p2b: Thundurus|Wildbolt Storm|p1b: Zamazenta|[spread] \n|-activate|p1b: Zamazenta|move: Protect\n|-miss|p2b: Thundurus|p1a: Riolu\n|\n|-heal|p2a: Calyrex|32/100|[from] item: Leftovers\n|-damage|p1b: Zamazenta|50/100 par|[from] Leech Seed|[of] p2a: Calyrex\n|-heal|p2a: Calyrex|42/100|[silent]\n|-fieldend|move: Trick Room\n|upkeep\n|turn|6\n|\n|t:|1772154336\n|move|p1a: Riolu|Feint|p2a: Calyrex\n|-damage|p2a: Calyrex|39/100\n|move|p2b: Thundurus|Wildbolt Storm|p1a: Riolu|[spread] p1b\n|-miss|p2b: Thundurus|p1a: Riolu\n|-damage|p1b: Zamazenta|24/100 par\n|move|p1b: Zamazenta|Body Press|p2a: Calyrex\n|-damage|p2a: Calyrex|0 fnt\n|faint|p2a: Calyrex\n|\n|upkeep\n|\n|t:|1772154346\n|switch|p2a: Eternatus|Eternatus, L50|100/100\n|-ability|p2a: Eternatus|Pressure\n|turn|7\n|\n|t:|1772154356\n|switch|p1a: Chien-Pao|Chien-Pao, L50|48/100 par\n|-ability|p1a: Chien-Pao|Sword of Ruin\n|cant|p1b: Zamazenta|par\n|move|p2b: Thundurus|Wildbolt Storm|p1a: Chien-Pao|[spread] p1a,p1b\n|-damage|p1a: Chien-Pao|0 fnt\n|-damage|p1b: Zamazenta|0 fnt\n|faint|p1a: Chien-Pao\n|faint|p1b: Zamazenta\n|move|p2a: Eternatus|Cosmic Power|p2a: Eternatus\n|-boost|p2a: Eternatus|def|1\n|-boost|p2a: Eternatus|spd|1\n|\n|upkeep\n|-message|alexit93 forfeited.\n|\n|win|756sleepy\n|raw|alexit93's rating: 1427 &rarr; <strong>1406</strong><br />(-21 for losing)\n|raw|756sleepy's rating: 1411 &rarr; <strong>1432</strong><br />(+21 for winning)\n|l|\u2606alexit93\n|player|p1|\n|l|\u2606756sleepy\n|player|p2|\n","uploadtime":1772154566,"views":21,"formatid":"gen9vgc2026regi","rating":1406,"private":0,"password":null}