{"id":"gen9vgc2026regi-2555683348","format":"[Gen 9] VGC 2026 Reg I","players":["ArisHazard","cy2rexfiy"],"log":"|j|\u2606ArisHazard\n|j|\u2606cy2rexfiy\n|t:|1773118122\n|gametype|doubles\n|player|p1|ArisHazard|170|1368\n|player|p2|cy2rexfiy|102|1234\n|gen|9\n|tier|[Gen 9] VGC 2026 Reg I\n|rated|\n|rule|Species Clause: Limit one of each Pok\u00e9mon\n|rule|Item Clause: Limit 1 of each item\n|clearpoke\n|poke|p1|Calyrex-Ice, L50|\n|poke|p1|Urshifu-*, L50, F|\n|poke|p1|Miraidon, L50|\n|poke|p1|Tornadus, L50, M|\n|poke|p1|Sableye, L50, M|\n|poke|p1|Ting-Lu, L50|\n|poke|p2|Miraidon, L50|\n|poke|p2|Incineroar, L50, F|\n|poke|p2|Farigiraf, L50, F|\n|poke|p2|Iron Hands, L50|\n|poke|p2|Calyrex-Ice, L50|\n|poke|p2|Whimsicott, L50, F|\n|teampreview|4\n|inactive|Battle timer is ON: inactive players will automatically lose when time's up. (requested by cy2rexfiy)\n|inactive|ArisHazard has 60 seconds left.\n|\n|t:|1773118190\n|teamsize|p1|4\n|teamsize|p2|4\n|start\n|switch|p1a: Calyrex|Calyrex-Ice, L50|100/100\n|switch|p1b: Sableye|Sableye, L50, M|100/100\n|switch|p2a: Whimsicott|Whimsicott, L50, F|100/100\n|switch|p2b: Miraidon|Miraidon, L50|100/100\n|-ability|p1a: Calyrex|As One\n|-ability|p1a: Calyrex|Unnerve\n|-fieldstart|move: Electric Terrain|[from] ability: Hadron Engine|[of] p2b: Miraidon\n|turn|1\n|\n|t:|1773118213\n|switch|p2a: Calyrex|Calyrex-Ice, L50|100/100\n|-ability|p2a: Calyrex|As One\n|-ability|p2a: Calyrex|Unnerve\n|switch|p1b: Ting-Lu|Ting-Lu, L50|100/100\n|-ability|p1b: Ting-Lu|Vessel of Ruin\n|move|p1a: Calyrex|Protect|p1a: Calyrex\n|-singleturn|p1a: Calyrex|Protect\n|move|p2b: Miraidon|Volt Switch|p1b: Ting-Lu\n|-immune|p1b: Ting-Lu\n|\n|upkeep\n|turn|2\n|inactive|ArisHazard has 30 seconds left.\n|\n|t:|1773118245\n|-terastallize|p1b: Ting-Lu|Poison\n|move|p2b: Miraidon|Volt Switch|p1a: Calyrex\n|-damage|p1a: Calyrex|51/100\n|\n|t:|1773118250\n|switch|p2b: Iron Hands|Iron Hands, L50|100/100|[from] Volt Switch\n|-activate|p2b: Iron Hands|ability: Quark Drive\n|-start|p2b: Iron Hands|quarkdriveatk\n|move|p2a: Calyrex|Leech Seed|p1b: Ting-Lu\n|-start|p1b: Ting-Lu|move: Leech Seed\n|move|p1a: Calyrex|Glacial Lance|p2a: Calyrex|[spread] p2a,p2b\n|-resisted|p2a: Calyrex\n|-damage|p2a: Calyrex|82/100\n|-damage|p2b: Iron Hands|58/100\n|move|p1b: Ting-Lu|Ruination|p2a: Calyrex|[miss]\n|-miss|p1b: Ting-Lu|p2a: Calyrex\n|\n|-heal|p2a: Calyrex|88/100|[from] item: Leftovers\n|-damage|p1b: Ting-Lu|88/100|[from] Leech Seed|[of] p2a: Calyrex\n|-heal|p2a: Calyrex|100/100|[silent]\n|upkeep\n|turn|3\n|\n|t:|1773118267\n|switch|p1b: Sableye|Sableye, L50, M|100/100\n|move|p1a: Calyrex|Protect|p1a: Calyrex\n|-singleturn|p1a: Calyrex|Protect\n|move|p2b: Iron Hands|Fake Out|p1a: Calyrex\n|-activate|p1a: Calyrex|move: Protect\n|move|p2a: Calyrex|Glacial Lance|p1b: Sableye|[spread] p1b\n|-activate|p1a: Calyrex|move: Protect\n|-damage|p1b: Sableye|36/100\n|\n|upkeep\n|turn|4\n|\n|t:|1773118284\n|move|p1b: Sableye|Disable|p2a: Calyrex\n|-start|p2a: Calyrex|Disable|Glacial Lance\n|cant|p2a: Calyrex|Disable|Glacial Lance\n|move|p1a: Calyrex|Stomping Tantrum|p2b: Iron Hands\n|-supereffective|p2b: Iron Hands\n|-damage|p2b: Iron Hands|8/100\n|move|p2b: Iron Hands|Low Kick|p1a: Calyrex\n|-damage|p1a: Calyrex|0 fnt\n|faint|p1a: Calyrex\n|\n|upkeep\n|\n|t:|1773118296\n|switch|p1a: Miraidon|Miraidon, L50|100/100\n|-activate|p1a: Miraidon|ability: Hadron Engine\n|turn|5\n|\n|t:|1773118304\n|-end|p2b: Iron Hands|Quark Drive|[silent]\n|switch|p2b: Whimsicott|Whimsicott, L50, F|100/100\n|move|p1b: Sableye|Encore|p2a: Calyrex\n|-start|p2a: Calyrex|Encore\n|move|p1a: Miraidon|Snarl|p2b: Whimsicott|[spread] p2a,p2b\n|-supereffective|p2a: Calyrex\n|-resisted|p2b: Whimsicott\n|-damage|p2a: Calyrex|73/100\n|-damage|p2b: Whimsicott|87/100\n|-unboost|p2a: Calyrex|spa|1\n|cant|p2a: Calyrex|Disable|Glacial Lance\n|\n|-heal|p2a: Calyrex|79/100|[from] item: Leftovers\n|-fieldend|move: Electric Terrain\n|upkeep\n|turn|6\n|\n|t:|1773118321\n|switch|p2a: Iron Hands|Iron Hands, L50|8/100\n|-enditem|p1b: Sableye|Sitrus Berry|[eat]\n|-heal|p1b: Sableye|60/100|[from] item: Sitrus Berry\n|move|p1b: Sableye|Protect|p1b: Sableye\n|-singleturn|p1b: Sableye|Protect\n|move|p2b: Whimsicott|Moonblast|p1b: Sableye\n|-activate|p1b: Sableye|move: Protect\n|move|p1a: Miraidon|Electro Drift|p2a: Iron Hands\n|-resisted|p2a: Iron Hands\n|-damage|p2a: Iron Hands|0 fnt\n|faint|p2a: Iron Hands\n|-end|p2a: Iron Hands|Quark Drive|[silent]\n|\n|upkeep\n|\n|t:|1773118329\n|switch|p2a: Miraidon|Miraidon, L50|100/100\n|-fieldstart|move: Electric Terrain|[from] ability: Hadron Engine|[of] p2a: Miraidon\n|turn|7\n|\n|t:|1773118342\n|switch|p1b: Ting-Lu|Ting-Lu, L50, tera:Poison|88/100\n|-ability|p1b: Ting-Lu|Vessel of Ruin\n|-terastallize|p2a: Miraidon|Fairy\n|move|p2b: Whimsicott|Tailwind|p2b: Whimsicott\n|-sidestart|p2: cy2rexfiy|move: Tailwind\n|move|p2a: Miraidon|Dazzling Gleam|p1a: Miraidon|[spread] p1a,p1b\n|-supereffective|p1a: Miraidon\n|-resisted|p1b: Ting-Lu\n|-damage|p1a: Miraidon|38/100\n|-damage|p1b: Ting-Lu|69/100\n|move|p1a: Miraidon|Snarl|p2b: Whimsicott|[spread] p2a,p2b\n|-resisted|p2a: Miraidon\n|-resisted|p2b: Whimsicott\n|-damage|p2a: Miraidon|94/100\n|-damage|p2b: Whimsicott|77/100\n|-unboost|p2a: Miraidon|spa|1\n|\n|upkeep\n|turn|8\n|\n|t:|1773118362\n|move|p2b: Whimsicott|Light Screen|p2b: Whimsicott\n|-sidestart|p2: cy2rexfiy|move: Light Screen\n|move|p2a: Miraidon|Dazzling Gleam|p1b: Ting-Lu|[spread] p1a,p1b\n|-supereffective|p1a: Miraidon\n|-resisted|p1b: Ting-Lu\n|-damage|p1a: Miraidon|0 fnt\n|-damage|p1b: Ting-Lu|58/100\n|faint|p1a: Miraidon\n|move|p1b: Ting-Lu|Sand Tomb|p2a: Miraidon\n|-damage|p2a: Miraidon|81/100\n|-activate|p2a: Miraidon|move: Sand Tomb|[of] p1b: Ting-Lu\n|\n|-damage|p2a: Miraidon|68/100|[from] move: Sand Tomb|[partiallytrapped]\n|upkeep\n|\n|t:|1773118374\n|switch|p1a: Sableye|Sableye, L50, M|60/100\n|turn|9\n|\n|t:|1773118384\n|switch|p2b: Calyrex|Calyrex-Ice, L50|79/100\n|-ability|p2b: Calyrex|As One\n|-ability|p2b: Calyrex|Unnerve\n|move|p1a: Sableye|Disable|p2a: Miraidon\n|-start|p2a: Miraidon|Disable|Dazzling Gleam\n|cant|p2a: Miraidon|Disable|Dazzling Gleam\n|move|p1b: Ting-Lu|Sand Tomb|p2b: Calyrex\n|-damage|p2b: Calyrex|70/100\n|-activate|p2b: Calyrex|move: Sand Tomb|[of] p1b: Ting-Lu\n|\n|-heal|p2b: Calyrex|76/100|[from] item: Leftovers\n|-damage|p2a: Miraidon|56/100|[from] move: Sand Tomb|[partiallytrapped]\n|-damage|p2b: Calyrex|64/100|[from] move: Sand Tomb|[partiallytrapped]\n|upkeep\n|turn|10\n|\n|t:|1773118401\n|move|p1a: Sableye|Protect|p1a: Sableye\n|-singleturn|p1a: Sableye|Protect\n|move|p1b: Ting-Lu|Protect|p1b: Ting-Lu\n|-singleturn|p1b: Ting-Lu|Protect\n|-activate|p2a: Miraidon|move: Struggle\n|move|p2a: Miraidon|Struggle|p1a: Sableye\n|-activate|p1a: Sableye|move: Protect\n|move|p2b: Calyrex|Glacial Lance|p1b: Ting-Lu|[spread] \n|-activate|p1a: Sableye|move: Protect\n|-activate|p1b: Ting-Lu|move: Protect\n|\n|-heal|p2b: Calyrex|70/100|[from] item: Leftovers\n|-damage|p2a: Miraidon|43/100|[from] move: Sand Tomb|[partiallytrapped]\n|-damage|p2b: Calyrex|58/100|[from] move: Sand Tomb|[partiallytrapped]\n|-sideend|p2: cy2rexfiy|move: Tailwind\n|upkeep\n|turn|11\n|\n|t:|1773118419\n|move|p1a: Sableye|Disable|p2b: Calyrex\n|-start|p2b: Calyrex|Disable|Glacial Lance\n|-activate|p2a: Miraidon|move: Struggle\n|move|p2a: Miraidon|Struggle|p1b: Ting-Lu\n|-damage|p1b: Ting-Lu|53/100\n|-damage|p2a: Miraidon|27/100|[from] item: Rocky Helmet|[of] p1b: Ting-Lu\n|-damage|p2a: Miraidon|2/100|[from] recoil\n|move|p2b: Calyrex|Leech Seed|p1b: Ting-Lu\n|-start|p1b: Ting-Lu|move: Leech Seed\n|move|p1b: Ting-Lu|Ruination|p2b: Calyrex\n|-damage|p2b: Calyrex|29/100\n|\n|-heal|p2b: Calyrex|35/100|[from] item: Leftovers\n|-damage|p1b: Ting-Lu|40/100|[from] Leech Seed|[of] p2b: Calyrex\n|-heal|p2b: Calyrex|50/100|[silent]\n|-damage|p2a: Miraidon|0 fnt|[from] move: Sand Tomb|[partiallytrapped]\n|faint|p2a: Miraidon\n|-damage|p2b: Calyrex|38/100|[from] move: Sand Tomb|[partiallytrapped]\n|-fieldend|move: Electric Terrain\n|upkeep\n|\n|t:|1773118432\n|switch|p2a: Whimsicott|Whimsicott, L50, F|77/100\n|turn|12\n|\n|t:|1773118448\n|move|p1a: Sableye|Protect|p1a: Sableye\n|-singleturn|p1a: Sableye|Protect\n|move|p2b: Calyrex|Protect|p2b: Calyrex\n|-singleturn|p2b: Calyrex|Protect\n|move|p2a: Whimsicott|Moonblast|p1a: Sableye\n|-activate|p1a: Sableye|move: Protect\n|move|p1b: Ting-Lu|Ruination|p2b: Calyrex\n|-activate|p2b: Calyrex|move: Protect\n|\n|-heal|p2b: Calyrex|44/100|[from] item: Leftovers\n|-damage|p1b: Ting-Lu|28/100|[from] Leech Seed|[of] p2b: Calyrex\n|-heal|p2b: Calyrex|59/100|[silent]\n|-damage|p2b: Calyrex|47/100|[from] move: Sand Tomb|[partiallytrapped]\n|-sideend|p2: cy2rexfiy|move: Light Screen\n|upkeep\n|turn|13\n|\n|t:|1773118465\n|move|p2a: Whimsicott|Encore|p1b: Ting-Lu\n|-start|p1b: Ting-Lu|Encore\n|move|p1a: Sableye|Disable|p2a: Whimsicott\n|-start|p2a: Whimsicott|Disable|Encore\n|move|p2b: Calyrex|Leech Seed|p1a: Sableye\n|-start|p1a: Sableye|move: Leech Seed\n|move|p1b: Ting-Lu|Ruination|p2b: Calyrex\n|-damage|p2b: Calyrex|24/100\n|\n|-heal|p2b: Calyrex|30/100|[from] item: Leftovers\n|-damage|p1a: Sableye|48/100|[from] Leech Seed|[of] p2b: Calyrex\n|-heal|p2b: Calyrex|39/100|[silent]\n|-damage|p1b: Ting-Lu|16/100|[from] Leech Seed|[of] p2b: Calyrex\n|-heal|p2b: Calyrex|55/100|[silent]\n|-end|p2b: Calyrex|Sand Tomb|[partiallytrapped]\n|upkeep\n|turn|14\n|-message|ArisHazard forfeited.\n|\n|win|cy2rexfiy\n|raw|ArisHazard's rating: 1368 &rarr; <strong>1341</strong><br />(-27 for losing)\n|raw|cy2rexfiy's rating: 1234 &rarr; <strong>1268</strong><br />(+34 for winning)\n|l|\u2606ArisHazard\n|player|p1|\n|l|\u2606cy2rexfiy\n|player|p2|\n","uploadtime":1773118732,"views":14,"formatid":"gen9vgc2026regi","rating":1268,"private":0,"password":null}