{"id":"gen9vgc2026regi-2568549003","format":"[Gen 9] VGC 2026 Reg I","players":["Ah (surskit voice)","jerry rivera"],"log":"|j|\u2606Ah (surskit voice)\n|j|\u2606jerry rivera\n|t:|1774594442\n|gametype|doubles\n|player|p1|Ah (surskit voice)|1|1315\n|player|p2|jerry rivera|silver|1414\n|gen|9\n|tier|[Gen 9] VGC 2026 Reg I\n|rated|\n|rule|Species Clause: Limit one of each Pok\u00e9mon\n|rule|Item Clause: Limit 1 of each item\n|clearpoke\n|poke|p1|Miraidon, L50|\n|poke|p1|Lunala, L50|\n|poke|p1|Iron Hands, L50|\n|poke|p1|Grimmsnarl, L50, M|\n|poke|p1|Moltres-Galar, L50|\n|poke|p1|Ogerpon-Cornerstone, L50, F|\n|poke|p2|Kyogre, L50|\n|poke|p2|Zacian-*, L50|\n|poke|p2|Tornadus, L50, M|\n|poke|p2|Amoonguss, L50, F|\n|poke|p2|Chien-Pao, L50|\n|poke|p2|Urshifu-*, L50, F|\n|teampreview|4\n|inactive|Battle timer is ON: inactive players will automatically lose when time's up. (requested by jerry rivera)\n|\n|t:|1774594492\n|teamsize|p1|4\n|teamsize|p2|4\n|start\n|switch|p1a: Moltres|Moltres-Galar, L50|100/100\n|switch|p1b: Iron Hands|Iron Hands, L50|100/100\n|switch|p2a: Kyogre|Kyogre, L50|100/100\n|switch|p2b: Tornadus|Tornadus, L50, M|100/100\n|-weather|RainDance|[from] ability: Drizzle|[of] p2a: Kyogre\n|turn|1\n|\n|t:|1774594514\n|-terastallize|p2b: Tornadus|Ghost\n|move|p2a: Kyogre|Protect|p2a: Kyogre\n|-singleturn|p2a: Kyogre|Protect\n|move|p1b: Iron Hands|Fake Out|p2a: Kyogre\n|-activate|p2a: Kyogre|move: Protect\n|move|p2b: Tornadus|Tailwind|p2b: Tornadus\n|-sidestart|p2: jerry rivera|move: Tailwind\n|move|p1a: Moltres|Snarl|p2a: Kyogre|[spread] \n|-activate|p2a: Kyogre|move: Protect\n|-miss|p1a: Moltres|p2b: Tornadus\n|\n|-weather|RainDance|[upkeep]\n|upkeep\n|turn|2\n|inactive|Ah (surskit voice) has 30 seconds left.\n|\n|t:|1774594539\n|move|p2b: Tornadus|Bleakwind Storm|p1b: Iron Hands|[spread] p1a,p1b\n|-damage|p1a: Moltres|79/100\n|-damage|p1b: Iron Hands|76/100\n|move|p2a: Kyogre|Water Spout|p1b: Iron Hands|[spread] p1a,p1b\n|-damage|p1a: Moltres|16/100\n|-damage|p1b: Iron Hands|4/100\n|-ability|p1a: Moltres|Berserk|boost\n|-boost|p1a: Moltres|spa|1\n|-enditem|p1a: Moltres|Sitrus Berry|[eat]\n|-heal|p1a: Moltres|41/100|[from] item: Sitrus Berry\n|move|p1a: Moltres|Snarl|p2b: Tornadus|[spread] p2a,p2b\n|-supereffective|p2b: Tornadus\n|-damage|p2a: Kyogre|84/100\n|-damage|p2b: Tornadus|42/100\n|-unboost|p2a: Kyogre|spa|1\n|-unboost|p2b: Tornadus|spa|1\n|move|p1b: Iron Hands|Wild Charge|p2a: Kyogre\n|-supereffective|p2a: Kyogre\n|-crit|p2a: Kyogre\n|-damage|p2a: Kyogre|0 fnt\n|faint|p2a: Kyogre\n|-damage|p1b: Iron Hands|0 fnt|[from] Recoil\n|faint|p1b: Iron Hands\n|-end|p1b: Iron Hands|Quark Drive|[silent]\n|\n|-weather|RainDance|[upkeep]\n|upkeep\n|inactive|Ah (surskit voice) has 30 seconds left.\n|\n|t:|1774594566\n|switch|p2a: Zacian|Zacian-Crowned, L50|100/100\n|switch|p1b: Lunala|Lunala, L50|100/100\n|-ability|p2a: Zacian|Intrepid Sword|boost\n|-boost|p2a: Zacian|atk|1\n|turn|3\n|inactive|Ah (surskit voice) has 30 seconds left.\n|\n|t:|1774594598\n|-terastallize|p1a: Moltres|Poison\n|move|p2b: Tornadus|Taunt|p1b: Lunala\n|-start|p1b: Lunala|move: Taunt\n|move|p2a: Zacian|Behemoth Blade|p1a: Moltres\n|-damage|p1a: Moltres|0 fnt\n|faint|p1a: Moltres\n|move|p1b: Lunala|Moongeist Beam|p2b: Tornadus\n|-supereffective|p2b: Tornadus\n|-damage|p2b: Tornadus|0 fnt\n|faint|p2b: Tornadus\n|\n|-weather|RainDance|[upkeep]\n|upkeep\n|\n|t:|1774594610\n|switch|p2b: Amoonguss|Amoonguss, L50, F|100/100\n|switch|p1a: Miraidon|Miraidon, L50|100/100\n|-fieldstart|move: Electric Terrain|[from] ability: Hadron Engine|[of] p1a: Miraidon\n|-enditem|p1b: Lunala|Electric Seed\n|-boost|p1b: Lunala|def|1|[from] item: Electric Seed\n|turn|4\n|\n|t:|1774594626\n|move|p1a: Miraidon|Protect|p1a: Miraidon\n|-singleturn|p1a: Miraidon|Protect\n|move|p2b: Amoonguss|Rage Powder|p2b: Amoonguss\n|-singleturn|p2b: Amoonguss|move: Rage Powder\n|move|p2a: Zacian|Swords Dance|p2a: Zacian\n|-boost|p2a: Zacian|atk|2\n|move|p1b: Lunala|Moongeist Beam|p2b: Amoonguss\n|-damage|p2b: Amoonguss|47/100\n|\n|-weather|RainDance|[upkeep]\n|-sideend|p2: jerry rivera|move: Tailwind\n|upkeep\n|turn|5\n|\n|t:|1774594646\n|move|p2b: Amoonguss|Protect|p2b: Amoonguss\n|-singleturn|p2b: Amoonguss|Protect\n|move|p2a: Zacian|Play Rough|p1a: Miraidon\n|-supereffective|p1a: Miraidon\n|-damage|p1a: Miraidon|0 fnt\n|faint|p1a: Miraidon\n|move|p1b: Lunala|Moongeist Beam|p2a: Zacian\n|-damage|p2a: Zacian|50/100\n|\n|-weather|none\n|-end|p1b: Lunala|move: Taunt\n|upkeep\n|turn|6\n|\n|t:|1774594666\n|move|p2b: Amoonguss|Rage Powder|p2b: Amoonguss\n|-singleturn|p2b: Amoonguss|move: Rage Powder\n|move|p2a: Zacian|Behemoth Blade|p1b: Lunala\n|-damage|p1b: Lunala|62/100\n|move|p1b: Lunala|Moongeist Beam|p2b: Amoonguss\n|-damage|p2b: Amoonguss|0 fnt\n|faint|p2b: Amoonguss\n|\n|upkeep\n|turn|7\n|\n|t:|1774594680\n|move|p2a: Zacian|Behemoth Blade|p1b: Lunala\n|-damage|p1b: Lunala|0 fnt\n|faint|p1b: Lunala\n|\n|win|jerry rivera\n|raw|Ah (surskit voice)'s rating: 1315 &rarr; <strong>1301</strong><br />(-14 for losing)\n|raw|jerry rivera's rating: 1414 &rarr; <strong>1428</strong><br />(+14 for winning)\n|c|\u2606jerry rivera|gg\n|c|\u2606Ah (surskit voice)|Gg\n|l|\u2606jerry rivera\n|player|p2|\n|l|\u2606Ah (surskit voice)\n|player|p1|\n","uploadtime":1774594842,"views":11,"formatid":"gen9vgc2026regi","rating":1301,"private":0,"password":null}