{"id":"gen9vgc2026regi-2566936170","format":"[Gen 9] VGC 2026 Reg I","players":["shecallmedada","Opj-100"],"log":"|j|\u2606shecallmedada\n|j|\u203dOpj-100\n|t:|1774432052\n|gametype|doubles\n|player|p1|shecallmedada|burglar-gen1rb|1277\n|player|p2|Opj-100|pokemonranger-gen4|1209\n|gen|9\n|tier|[Gen 9] VGC 2026 Reg I\n|rated|\n|rule|Species Clause: Limit one of each Pok\u00e9mon\n|rule|Item Clause: Limit 1 of each item\n|clearpoke\n|poke|p1|Dondozo, L50, F|\n|poke|p1|Calyrex-Ice, L50|\n|poke|p1|Miraidon, L50|\n|poke|p1|Tatsugiri-Droopy, L50, M|\n|poke|p1|Weezing, L50, M|\n|poke|p1|Landorus, L50, M|\n|poke|p2|Calyrex-Shadow, L50|\n|poke|p2|Whimsicott, L50, M|\n|poke|p2|Kyogre, L50|\n|poke|p2|Archaludon, L50, M|\n|poke|p2|Electrode-Hisui, L50|\n|poke|p2|Chi-Yu, L50|\n|teampreview|4\n|inactive|Battle timer is ON: inactive players will automatically lose when time's up. (requested by Opj-100)\n|\n|t:|1774432092\n|teamsize|p1|4\n|teamsize|p2|4\n|start\n|switch|p1a: Goobnut|Weezing, L50, M|100/100\n|switch|p1b: Ao Shin|Miraidon, L50|100/100\n|switch|p2a: Archaludon|Archaludon, L50, M|100/100\n|switch|p2b: Kyogre|Kyogre, L50|100/100\n|-ability|p1a: Goobnut|Neutralizing Gas\n|-block|p1b: Ao Shin|item: Ability Shield\n|-fieldstart|move: Electric Terrain|[from] ability: Hadron Engine|[of] p1b: Ao Shin\n|turn|1\n|\n|t:|1774432113\n|switch|p2b: Whimsicott|Whimsicott, L50, M|100/100\n|move|p2a: Archaludon|Protect|p2a: Archaludon\n|-singleturn|p2a: Archaludon|Protect\n|move|p1b: Ao Shin|Electro Drift|p2b: Whimsicott\n|-resisted|p2b: Whimsicott\n|-damage|p2b: Whimsicott|41/100\n|move|p1a: Goobnut|Toxic Spikes|p2a: Archaludon\n|-sidestart|p2: Opj-100|move: Toxic Spikes\n|\n|upkeep\n|turn|2\n|\n|t:|1774432129\n|move|p1b: Ao Shin|Volt Switch|p2a: Archaludon\n|-resisted|p2a: Archaludon\n|-crit|p2a: Archaludon\n|-damage|p2a: Archaludon|23/100\n|\n|t:|1774432147\n|switch|p1b: Sheist|Dondozo, L50, F|100/100|[from] Volt Switch\n|move|p2b: Whimsicott|Tailwind|p2b: Whimsicott\n|-sidestart|p2: Opj-100|move: Tailwind\n|move|p2a: Archaludon|Draco Meteor|p1b: Sheist\n|-damage|p1b: Sheist|53/100\n|-unboost|p2a: Archaludon|spa|2\n|move|p1a: Goobnut|Sludge Bomb|p2b: Whimsicott\n|-supereffective|p2b: Whimsicott\n|-damage|p2b: Whimsicott|0 fnt\n|faint|p2b: Whimsicott\n|\n|-heal|p1b: Sheist|59/100|[from] item: Leftovers\n|upkeep\n|\n|t:|1774432156\n|switch|p2b: Calyrex|Calyrex-Shadow, L50|100/100\n|-ability|p2b: Calyrex|As One\n|-ability|p2b: Calyrex|Unnerve\n|-status|p2b: Calyrex|psn\n|turn|3\n|\n|t:|1774432172\n|move|p1b: Sheist|Protect|p1b: Sheist\n|-singleturn|p1b: Sheist|Protect\n|move|p2b: Calyrex|Astral Barrage|p1b: Sheist|[spread] p1a\n|-activate|p1b: Sheist|move: Protect\n|-damage|p1a: Goobnut|30/100\n|-damage|p2b: Calyrex|91/100 psn|[from] item: Life Orb\n|move|p2a: Archaludon|Electro Shot||[still]\n|-prepare|p2a: Archaludon|Electro Shot\n|-boost|p2a: Archaludon|spa|1\n|-enditem|p2a: Archaludon|Power Herb\n|-anim|p2a: Archaludon|Electro Shot|p1a: Goobnut\n|-damage|p1a: Goobnut|0 fnt\n|faint|p1a: Goobnut\n|-end|p1a: Goobnut|ability: Neutralizing Gas\n|\n|-heal|p1b: Sheist|66/100|[from] item: Leftovers\n|-damage|p2b: Calyrex|78/100 psn|[from] psn\n|upkeep\n|\n|t:|1774432186\n|switch|p1a: Raw|Tatsugiri-Droopy, L50, M|100/100\n|-activate|p1a: Raw|ability: Commander|[of] p1b: Sheist\n|-boost|p1b: Sheist|atk|2\n|-boost|p1b: Sheist|spa|2\n|-boost|p1b: Sheist|spe|2\n|-boost|p1b: Sheist|def|2\n|-boost|p1b: Sheist|spd|2\n|turn|4\n|\n|t:|1774432203\n|switch|p2a: Kyogre|Kyogre, L50|100/100\n|-status|p2a: Kyogre|psn\n|-weather|RainDance|[from] ability: Drizzle|[of] p2a: Kyogre\n|-terastallize|p1b: Sheist|Grass\n|move|p2b: Calyrex|Astral Barrage|p1b: Sheist|[spread] p1b\n|-miss|p2b: Calyrex|p1a: Raw\n|-damage|p1b: Sheist|37/100\n|-damage|p2b: Calyrex|69/100 psn|[from] item: Life Orb\n|move|p1b: Sheist|Order Up|p2a: Kyogre\n|-damage|p2a: Kyogre|62/100 psn\n|-boost|p1b: Sheist|def|1\n|\n|-weather|RainDance|[upkeep]\n|-heal|p1b: Sheist|44/100|[from] item: Leftovers\n|-damage|p2b: Calyrex|56/100 psn|[from] psn\n|-damage|p2a: Kyogre|50/100 psn|[from] psn\n|upkeep\n|turn|5\n|\n|t:|1774432222\n|switch|p2b: Archaludon|Archaludon, L50, M|23/100\n|move|p1b: Sheist|Protect|p1b: Sheist\n|-singleturn|p1b: Sheist|Protect\n|move|p2a: Kyogre|Blizzard|p1a: Raw|[spread] \n|-miss|p2a: Kyogre|p1a: Raw\n|-activate|p1b: Sheist|move: Protect\n|\n|-weather|RainDance|[upkeep]\n|-heal|p1b: Sheist|50/100|[from] item: Leftovers\n|-damage|p2a: Kyogre|38/100 psn|[from] psn\n|-sideend|p2: Opj-100|move: Tailwind\n|-fieldend|move: Electric Terrain\n|upkeep\n|turn|6\n|\n|t:|1774432233\n|move|p2a: Kyogre|Blizzard|p1a: Raw|[spread] \n|-miss|p2a: Kyogre|p1a: Raw\n|-miss|p2a: Kyogre|p1b: Sheist\n|move|p1b: Sheist|Earthquake|p2a: Kyogre|[spread] p2a,p2b\n|-miss|p1b: Sheist|p1a: Raw\n|-supereffective|p2b: Archaludon\n|-damage|p2a: Kyogre|0 fnt\n|-damage|p2b: Archaludon|0 fnt\n|faint|p2a: Kyogre\n|faint|p2b: Archaludon\n|\n|-weather|RainDance|[upkeep]\n|-heal|p1b: Sheist|56/100|[from] item: Leftovers\n|upkeep\n|\n|t:|1774432243\n|switch|p2b: Calyrex|Calyrex-Shadow, L50|56/100 psn\n|-ability|p2b: Calyrex|As One\n|-ability|p2b: Calyrex|Unnerve\n|turn|7\n|\n|t:|1774432245\n|move|p1b: Sheist|Protect|p1b: Sheist\n|-singleturn|p1b: Sheist|Protect\n|move|p2b: Calyrex|Astral Barrage|p1b: Sheist|[spread] \n|-miss|p2b: Calyrex|p1a: Raw\n|-activate|p1b: Sheist|move: Protect\n|\n|-weather|RainDance|[upkeep]\n|-heal|p1b: Sheist|62/100|[from] item: Leftovers\n|-damage|p2b: Calyrex|44/100 psn|[from] psn\n|upkeep\n|turn|8\n|\n|t:|1774432248\n|-terastallize|p2b: Calyrex|Ghost\n|move|p2b: Calyrex|Astral Barrage|p1a: Raw|[spread] p1b\n|-miss|p2b: Calyrex|p1a: Raw\n|-damage|p1b: Sheist|28/100\n|-damage|p2b: Calyrex|34/100 psn|[from] item: Life Orb\n|move|p1b: Sheist|Order Up|p2b: Calyrex\n|-damage|p2b: Calyrex|0 fnt\n|faint|p2b: Calyrex\n|\n|win|shecallmedada\n|raw|shecallmedada's rating: 1277 &rarr; <strong>1297</strong><br />(+20 for winning)\n|raw|Opj-100's rating: 1209 &rarr; <strong>1189</strong><br />(-20 for losing)\n|l|\u2606shecallmedada\n|player|p1|\n|l|\u203dOpj-100\n|player|p2|\n","uploadtime":1774432486,"views":15,"formatid":"gen9vgc2026regi","rating":1189,"private":0,"password":null}