{"id":"gen9vgc2026regi-2557421799","format":"[Gen 9] VGC 2026 Reg I","players":["GucciSoup","blackred123"],"log":"|j|\u2606GucciSoup\n|j|\u2606blackred123\n|t:|1773324416\n|gametype|doubles\n|player|p1|GucciSoup|wallace|1480\n|player|p2|blackred123|iono-masters|1444\n|gen|9\n|tier|[Gen 9] VGC 2026 Reg I\n|rated|\n|rule|Species Clause: Limit one of each Pok\u00e9mon\n|rule|Item Clause: Limit 1 of each item\n|clearpoke\n|poke|p1|Grimmsnarl, L50, M|\n|poke|p1|Okidogi, L50, M|\n|poke|p1|Incineroar, L50, M|\n|poke|p1|Iron Valiant, L50|\n|poke|p1|Calyrex-Ice, L50|\n|poke|p1|Miraidon, L50|\n|poke|p2|Groudon, L50|\n|poke|p2|Volcarona, L50, F|\n|poke|p2|Incineroar, L50, M|\n|poke|p2|Miraidon, L50|\n|poke|p2|Flutter Mane, L50|\n|poke|p2|Chien-Pao, L50|\n|teampreview|4\n|inactive|Battle timer is ON: inactive players will automatically lose when time's up. (requested by blackred123)\n|\n|t:|1773324429\n|teamsize|p1|4\n|teamsize|p2|4\n|start\n|switch|p1a: Grimmsnarl|Grimmsnarl, L50, M|100/100\n|switch|p1b: Incineroar|Incineroar, L50, M|100/100\n|switch|p2a: \u6c38\u96cf\u5854\u83f2|Groudon, L50|100/100\n|switch|p2b: \u94f6\u91d1\u7535\u86c7|Miraidon, L50, shiny|100/100\n|-fieldstart|move: Electric Terrain|[from] ability: Hadron Engine|[of] p2b: \u94f6\u91d1\u7535\u86c7\n|-weather|SunnyDay|[from] ability: Drought|[of] p2a: \u6c38\u96cf\u5854\u83f2\n|-ability|p1b: Incineroar|Intimidate|boost\n|-unboost|p2a: \u6c38\u96cf\u5854\u83f2|atk|1\n|-unboost|p2b: \u94f6\u91d1\u7535\u86c7|atk|1\n|turn|1\n|\n|t:|1773324444\n|-terastallize|p2b: \u94f6\u91d1\u7535\u86c7|Fairy\n|move|p1b: Incineroar|Fake Out|p2b: \u94f6\u91d1\u7535\u86c7\n|-damage|p2b: \u94f6\u91d1\u7535\u86c7|92/100\n|move|p1a: Grimmsnarl|Reflect|p1a: Grimmsnarl\n|-sidestart|p1: GucciSoup|Reflect\n|cant|p2b: \u94f6\u91d1\u7535\u86c7|flinch\n|move|p2a: \u6c38\u96cf\u5854\u83f2|Precipice Blades|p1a: Grimmsnarl|[spread] p1b\n|-miss|p2a: \u6c38\u96cf\u5854\u83f2|p1a: Grimmsnarl\n|-supereffective|p1b: Incineroar\n|-damage|p1b: Incineroar|61/100\n|\n|-weather|SunnyDay|[upkeep]\n|upkeep\n|turn|2\n|\n|t:|1773324459\n|move|p1a: Grimmsnarl|Light Screen|p1a: Grimmsnarl\n|-sidestart|p1: GucciSoup|move: Light Screen\n|move|p2b: \u94f6\u91d1\u7535\u86c7|Electro Drift|p1b: Incineroar\n|-damage|p1b: Incineroar|13/100\n|move|p2a: \u6c38\u96cf\u5854\u83f2|Precipice Blades|p1a: Grimmsnarl|[spread] p1a,p1b\n|-supereffective|p1b: Incineroar\n|-damage|p1a: Grimmsnarl|78/100\n|-damage|p1b: Incineroar|0 fnt\n|faint|p1b: Incineroar\n|\n|-weather|SunnyDay|[upkeep]\n|upkeep\n|\n|t:|1773324479\n|switch|p1b: Calyrex|Calyrex-Ice, L50|100/100\n|-ability|p1b: Calyrex|As One\n|-ability|p1b: Calyrex|Unnerve\n|turn|3\n|\n|t:|1773324493\n|switch|p2b: \u629b\u4e0b\u864e\u54e5\u5578\u7a74|Incineroar, L50, M|100/100\n|-ability|p2b: \u629b\u4e0b\u864e\u54e5\u5578\u7a74|Intimidate|boost\n|-unboost|p1a: Grimmsnarl|atk|1\n|-fail|p1b: Calyrex|unboost|[from] item: Clear Amulet|[of] p1b: Calyrex\n|switch|p2a: \u516d\u7ffc\u4e01\u771f|Volcarona, L50, F|100/100\n|-enditem|p2a: \u516d\u7ffc\u4e01\u771f|Electric Seed\n|-boost|p2a: \u516d\u7ffc\u4e01\u771f|def|1|[from] item: Electric Seed\n|move|p1a: Grimmsnarl|Thunder Wave|p2b: \u629b\u4e0b\u864e\u54e5\u5578\u7a74\n|-hint|Since gen 7, Dark is immune to Prankster moves.\n|-immune|p2b: \u629b\u4e0b\u864e\u54e5\u5578\u7a74\n|move|p1b: Calyrex|Glacial Lance|p2b: \u629b\u4e0b\u864e\u54e5\u5578\u7a74|[spread] p2a,p2b\n|-resisted|p2a: \u516d\u7ffc\u4e01\u771f\n|-resisted|p2b: \u629b\u4e0b\u864e\u54e5\u5578\u7a74\n|-damage|p2a: \u516d\u7ffc\u4e01\u771f|76/100\n|-damage|p2b: \u629b\u4e0b\u864e\u54e5\u5578\u7a74|83/100\n|\n|-weather|SunnyDay|[upkeep]\n|upkeep\n|turn|4\n|inactive|GucciSoup has 30 seconds left.\n|\n|t:|1773324528\n|switch|p1b: Miraidon|Miraidon, L50|100/100\n|-activate|p1b: Miraidon|ability: Hadron Engine\n|-enditem|p1b: Miraidon|Electric Seed\n|-boost|p1b: Miraidon|def|1|[from] item: Electric Seed\n|move|p2b: \u629b\u4e0b\u864e\u54e5\u5578\u7a74|Fake Out|p1a: Grimmsnarl\n|-damage|p1a: Grimmsnarl|71/100\n|cant|p1a: Grimmsnarl|flinch\n|move|p2a: \u516d\u7ffc\u4e01\u771f|Fiery Dance|p1a: Grimmsnarl\n|-damage|p1a: Grimmsnarl|31/100\n|-boost|p2a: \u516d\u7ffc\u4e01\u771f|spa|1\n|\n|-weather|SunnyDay|[upkeep]\n|upkeep\n|turn|5\n|inactive|blackred123 has 30 seconds left.\n|\n|t:|1773324558\n|switch|p2b: \u6c38\u96cf\u5854\u83f2|Groudon, L50|100/100\n|move|p1a: Grimmsnarl|Thunder Wave|p2a: \u516d\u7ffc\u4e01\u771f\n|-status|p2a: \u516d\u7ffc\u4e01\u771f|par\n|move|p1b: Miraidon|Calm Mind|p1b: Miraidon\n|-boost|p1b: Miraidon|spa|1\n|-boost|p1b: Miraidon|spd|1\n|move|p2a: \u516d\u7ffc\u4e01\u771f|Fiery Dance|p1a: Grimmsnarl\n|-damage|p1a: Grimmsnarl|0 fnt\n|-boost|p2a: \u516d\u7ffc\u4e01\u771f|spa|1\n|faint|p1a: Grimmsnarl\n|\n|-weather|none\n|-fieldend|move: Electric Terrain\n|upkeep\n|\n|t:|1773324569\n|switch|p1a: Calyrex|Calyrex-Ice, L50|100/100\n|-ability|p1a: Calyrex|As One\n|-ability|p1a: Calyrex|Unnerve\n|turn|6\n|j| kunkakunkaikakusai\n|\n|t:|1773324582\n|move|p1b: Miraidon|Dragon Pulse|p2b: \u6c38\u96cf\u5854\u83f2\n|-damage|p2b: \u6c38\u96cf\u5854\u83f2|62/100\n|move|p2b: \u6c38\u96cf\u5854\u83f2|Precipice Blades|p1a: Calyrex|[spread] p1a,p1b\n|-supereffective|p1b: Miraidon\n|-damage|p1a: Calyrex|78/100\n|-damage|p1b: Miraidon|58/100\n|move|p1a: Calyrex|Glacial Lance|p2a: \u516d\u7ffc\u4e01\u771f|[spread] p2a,p2b\n|-resisted|p2a: \u516d\u7ffc\u4e01\u771f\n|-supereffective|p2b: \u6c38\u96cf\u5854\u83f2\n|-damage|p2a: \u516d\u7ffc\u4e01\u771f|53/100 par\n|-damage|p2b: \u6c38\u96cf\u5854\u83f2|0 fnt\n|faint|p2b: \u6c38\u96cf\u5854\u83f2\n|-ability|p1a: Calyrex|Chilling Neigh|boost\n|-boost|p1a: Calyrex|atk|1\n|move|p2a: \u516d\u7ffc\u4e01\u771f|Struggle Bug|p1a: Calyrex|[spread] p1a,p1b\n|-supereffective|p1a: Calyrex\n|-damage|p1a: Calyrex|49/100\n|-damage|p1b: Miraidon|46/100\n|-unboost|p1b: Miraidon|spa|1\n|\n|upkeep\n|\n|t:|1773324603\n|switch|p2b: \u629b\u4e0b\u864e\u54e5\u5578\u7a74|Incineroar, L50, M|83/100\n|-ability|p2b: \u629b\u4e0b\u864e\u54e5\u5578\u7a74|Intimidate|boost\n|-fail|p1a: Calyrex|unboost|[from] item: Clear Amulet|[of] p1a: Calyrex\n|-unboost|p1b: Miraidon|atk|1\n|turn|7\n|\n|t:|1773324610\n|move|p1b: Miraidon|Protect|p1b: Miraidon\n|-singleturn|p1b: Miraidon|Protect\n|move|p1a: Calyrex|Protect|p1a: Calyrex\n|-singleturn|p1a: Calyrex|Protect\n|move|p2b: \u629b\u4e0b\u864e\u54e5\u5578\u7a74|Fake Out|p1b: Miraidon\n|-activate|p1b: Miraidon|move: Protect\n|move|p2a: \u516d\u7ffc\u4e01\u771f|Struggle Bug|p1b: Miraidon|[spread] \n|-activate|p1a: Calyrex|move: Protect\n|-activate|p1b: Miraidon|move: Protect\n|\n|upkeep\n|turn|8\n|\n|t:|1773324628\n|-terastallize|p1a: Calyrex|Fire\n|move|p1b: Miraidon|Calm Mind|p1b: Miraidon\n|-boost|p1b: Miraidon|spa|1\n|-boost|p1b: Miraidon|spd|1\n|move|p1a: Calyrex|Life Dew|p1a: Calyrex|[spread] p1a,p1b\n|-heal|p1a: Calyrex|74/100\n|-heal|p1b: Miraidon|71/100\n|move|p2b: \u629b\u4e0b\u864e\u54e5\u5578\u7a74|Flare Blitz|p1a: Calyrex\n|-resisted|p1a: Calyrex\n|-damage|p1a: Calyrex|65/100\n|-damage|p2b: \u629b\u4e0b\u864e\u54e5\u5578\u7a74|79/100|[from] Recoil\n|move|p2a: \u516d\u7ffc\u4e01\u771f|Fiery Dance|p1a: Calyrex\n|-resisted|p1a: Calyrex\n|-damage|p1a: Calyrex|50/100\n|-boost|p2a: \u516d\u7ffc\u4e01\u771f|spa|1\n|\n|-sideend|p1: GucciSoup|Reflect\n|upkeep\n|turn|9\n|inactive|blackred123 has 30 seconds left.\n|\n|t:|1773324655\n|move|p1a: Calyrex|Protect|p1a: Calyrex\n|-singleturn|p1a: Calyrex|Protect\n|move|p1b: Miraidon|Dragon Pulse|p2a: \u516d\u7ffc\u4e01\u771f\n|-damage|p2a: \u516d\u7ffc\u4e01\u771f|0 fnt\n|faint|p2a: \u516d\u7ffc\u4e01\u771f\n|move|p2b: \u629b\u4e0b\u864e\u54e5\u5578\u7a74|Parting Shot|p1b: Miraidon\n|-unboost|p1b: Miraidon|atk|1\n|-unboost|p1b: Miraidon|spa|1\n|\n|t:|1773324661\n|switch|p2b: \u94f6\u91d1\u7535\u86c7|Miraidon, L50, shiny, tera:Fairy|92/100|[from] Parting Shot\n|-fieldstart|move: Electric Terrain|[from] ability: Hadron Engine|[of] p2b: \u94f6\u91d1\u7535\u86c7\n|\n|-sideend|p1: GucciSoup|move: Light Screen\n|upkeep\n|\n|t:|1773324663\n|switch|p2a: \u629b\u4e0b\u864e\u54e5\u5578\u7a74|Incineroar, L50, M|79/100\n|-ability|p2a: \u629b\u4e0b\u864e\u54e5\u5578\u7a74|Intimidate|boost\n|-fail|p1a: Calyrex|unboost|[from] item: Clear Amulet|[of] p1a: Calyrex\n|-unboost|p1b: Miraidon|atk|1\n|turn|10\n|inactive|blackred123 has 30 seconds left.\n|\n|t:|1773324692\n|move|p2a: \u629b\u4e0b\u864e\u54e5\u5578\u7a74|Fake Out|p1b: Miraidon\n|-damage|p1b: Miraidon|65/100\n|move|p2b: \u94f6\u91d1\u7535\u86c7|Draco Meteor|p1a: Calyrex\n|-damage|p1a: Calyrex|0 fnt\n|-unboost|p2b: \u94f6\u91d1\u7535\u86c7|spa|2\n|faint|p1a: Calyrex\n|cant|p1b: Miraidon|flinch\n|\n|upkeep\n|turn|11\n|inactive|GucciSoup has 30 seconds left.\n|\n|t:|1773324718\n|move|p2b: \u94f6\u91d1\u7535\u86c7|Draco Meteor|p1b: Miraidon\n|-supereffective|p1b: Miraidon\n|-damage|p1b: Miraidon|29/100\n|-unboost|p2b: \u94f6\u91d1\u7535\u86c7|spa|2\n|move|p1b: Miraidon|Parabolic Charge|p2a: \u629b\u4e0b\u864e\u54e5\u5578\u7a74|[spread] p2a,p2b\n|-damage|p2a: \u629b\u4e0b\u864e\u54e5\u5578\u7a74|38/100\n|-heal|p1b: Miraidon|49/100|[from] drain|[of] p2a: \u629b\u4e0b\u864e\u54e5\u5578\u7a74\n|-damage|p2b: \u94f6\u91d1\u7535\u86c7|62/100\n|-heal|p1b: Miraidon|65/100|[from] drain|[of] p2b: \u94f6\u91d1\u7535\u86c7\n|move|p2a: \u629b\u4e0b\u864e\u54e5\u5578\u7a74|Knock Off|p1b: Miraidon\n|-damage|p1b: Miraidon|51/100\n|\n|upkeep\n|turn|12\n|inactive|blackred123 has 30 seconds left.\n|\n|t:|1773324744\n|move|p2b: \u94f6\u91d1\u7535\u86c7|Draco Meteor|p1b: Miraidon\n|-supereffective|p1b: Miraidon\n|-damage|p1b: Miraidon|26/100\n|-unboost|p2b: \u94f6\u91d1\u7535\u86c7|spa|2\n|move|p1b: Miraidon|Dragon Pulse|p2a: \u629b\u4e0b\u864e\u54e5\u5578\u7a74\n|-damage|p2a: \u629b\u4e0b\u864e\u54e5\u5578\u7a74|0 fnt\n|faint|p2a: \u629b\u4e0b\u864e\u54e5\u5578\u7a74\n|\n|upkeep\n|turn|13\n|\n|t:|1773324752\n|move|p2b: \u94f6\u91d1\u7535\u86c7|Draco Meteor|p1b: Miraidon\n|-supereffective|p1b: Miraidon\n|-damage|p1b: Miraidon|7/100\n|move|p1b: Miraidon|Parabolic Charge|p2b: \u94f6\u91d1\u7535\u86c7\n|-damage|p2b: \u94f6\u91d1\u7535\u86c7|15/100\n|-heal|p1b: Miraidon|30/100|[from] drain|[of] p2b: \u94f6\u91d1\u7535\u86c7\n|\n|-fieldend|move: Electric Terrain\n|upkeep\n|turn|14\n|\n|t:|1773324758\n|move|p2b: \u94f6\u91d1\u7535\u86c7|Draco Meteor|p1b: Miraidon\n|-supereffective|p1b: Miraidon\n|-damage|p1b: Miraidon|15/100\n|move|p1b: Miraidon|Parabolic Charge|p2b: \u94f6\u91d1\u7535\u86c7\n|-damage|p2b: \u94f6\u91d1\u7535\u86c7|0 fnt\n|-heal|p1b: Miraidon|23/100|[from] drain|[of] p2b: \u94f6\u91d1\u7535\u86c7\n|faint|p2b: \u94f6\u91d1\u7535\u86c7\n|\n|win|GucciSoup\n|raw|GucciSoup's rating: 1480 &rarr; <strong>1498</strong><br />(+18 for winning)\n|raw|blackred123's rating: 1444 &rarr; <strong>1426</strong><br />(-18 for losing)\n|l|\u2606GucciSoup\n|player|p1|\n|l|\u2606blackred123\n|player|p2|\n","uploadtime":1773324920,"views":11,"formatid":"gen9vgc2026regi","rating":1426,"private":0,"password":null}