{"id":"gen9vgc2026regi-2529338596","format":"[Gen 9] VGC 2026 Reg I","players":["Tepig_nNz_498","ky123456"],"log":"|j|\u2606Tepig_nNz_498\n|j|\u2606ky123456\n|t:|1769775820\n|gametype|doubles\n|player|p1|Tepig_nNz_498|101|1381\n|player|p2|ky123456|cynthia-gen4|1467\n|gen|9\n|tier|[Gen 9] VGC 2026 Reg I\n|rated|\n|rule|Species Clause: Limit one of each Pok\u00e9mon\n|rule|Item Clause: Limit 1 of each item\n|clearpoke\n|poke|p1|Indeedee-F, L50, F|\n|poke|p1|Calyrex-Shadow, L50|\n|poke|p1|Meowstic, L50, M|\n|poke|p1|Clefairy, L50, F|\n|poke|p1|Mewtwo, L50|\n|poke|p1|Drifblim, L50, M|\n|poke|p2|Calyrex-Shadow, L50|\n|poke|p2|Zamazenta-*, L50|\n|poke|p2|Roaring Moon, L50|\n|poke|p2|Maushold, L50|\n|poke|p2|Weezing, L50, M|\n|poke|p2|Amoonguss, L50, M|\n|teampreview|4\n|\n|t:|1769775867\n|teamsize|p1|4\n|teamsize|p2|4\n|start\n|switch|p1a: Calyrex|Calyrex-Shadow, L50|100/100\n|switch|p1b: Indeedee|Indeedee-F, L50, F|100/100\n|switch|p2a: Zamazenta|Zamazenta-Crowned, L50|100/100\n|switch|p2b: Roaring Moon|Roaring Moon, L50|100/100\n|-ability|p1a: Calyrex|As One\n|-ability|p1a: Calyrex|Unnerve\n|-ability|p2a: Zamazenta|Dauntless Shield|boost\n|-boost|p2a: Zamazenta|def|1\n|-fieldstart|move: Psychic Terrain|[from] ability: Psychic Surge|[of] p1b: Indeedee\n|-enditem|p2b: Roaring Moon|Booster Energy\n|-activate|p2b: Roaring Moon|ability: Protosynthesis|[fromitem]\n|-start|p2b: Roaring Moon|protosynthesisspe\n|turn|1\n|\n|t:|1769775883\n|-terastallize|p1a: Calyrex|Stellar\n|move|p1b: Indeedee|Follow Me|p1b: Indeedee\n|-singleturn|p1b: Indeedee|move: Follow Me\n|move|p2b: Roaring Moon|Knock Off|p1b: Indeedee\n|-supereffective|p1b: Indeedee\n|-damage|p1b: Indeedee|0 fnt\n|-enditem|p1b: Indeedee|Eject Button|[from] move: Knock Off|[of] p2b: Roaring Moon\n|faint|p1b: Indeedee\n|move|p1a: Calyrex|Draining Kiss|p2b: Roaring Moon\n|-supereffective|p2b: Roaring Moon\n|-damage|p2b: Roaring Moon|0 fnt\n|faint|p2b: Roaring Moon\n|-end|p2b: Roaring Moon|Protosynthesis|[silent]\n|-ability|p1a: Calyrex|Grim Neigh|boost\n|-boost|p1a: Calyrex|spa|1\n|move|p2a: Zamazenta|Body Press|p1a: Calyrex\n|-immune|p1a: Calyrex\n|\n|upkeep\n|j| circleming\n|\n|t:|1769775909\n|switch|p2b: Calyrex|Calyrex-Shadow, L50|100/100\n|switch|p1b: Drifblim|Drifblim, L50, M|100/100\n|-ability|p2b: Calyrex|As One\n|-ability|p2b: Calyrex|Unnerve\n|-enditem|p1b: Drifblim|Psychic Seed\n|-boost|p1b: Drifblim|spd|1|[from] item: Psychic Seed\n|turn|2\n|\n|t:|1769775956\n|-terastallize|p2b: Calyrex|Ghost\n|move|p2a: Zamazenta|Wide Guard|p2a: Zamazenta\n|-singleturn|p2a: Zamazenta|Wide Guard\n|move|p1b: Drifblim|Tailwind|p1b: Drifblim\n|-sidestart|p1: Tepig_nNz_498|move: Tailwind\n|move|p1a: Calyrex|Draining Kiss|p2b: Calyrex\n|-damage|p2b: Calyrex|67/100\n|move|p2b: Calyrex|Astral Barrage|p1a: Calyrex|[spread] p1a,p1b\n|-supereffective|p1a: Calyrex\n|-supereffective|p1b: Drifblim\n|-enditem|p1a: Calyrex|Focus Sash\n|-damage|p1a: Calyrex|1/100\n|-damage|p1b: Drifblim|0 fnt\n|faint|p1b: Drifblim\n|-ability|p2b: Calyrex|Grim Neigh|boost\n|-boost|p2b: Calyrex|spa|1\n|\n|upkeep\n|\n|t:|1769775967\n|switch|p1b: Mewtwo|Mewtwo, L50|100/100\n|-ability|p1b: Mewtwo|Unnerve\n|turn|3\n|\n|t:|1769775983\n|move|p2a: Zamazenta|Wide Guard|p2a: Zamazenta\n|-singleturn|p2a: Zamazenta|Wide Guard\n|move|p1a: Calyrex|Expanding Force|p2a: Zamazenta|[spread] \n|-activate|p2a: Zamazenta|move: Wide Guard\n|-activate|p2b: Calyrex|move: Wide Guard\n|move|p1b: Mewtwo|Dark Pulse|p2b: Calyrex\n|-supereffective|p2b: Calyrex\n|-damage|p2b: Calyrex|0 fnt\n|faint|p2b: Calyrex\n|-damage|p1b: Mewtwo|91/100|[from] item: Life Orb\n|\n|upkeep\n|\n|t:|1769775992\n|switch|p2b: Maushold|Maushold, L50|100/100\n|turn|4\n|\n|t:|1769776009\n|move|p2b: Maushold|Follow Me|p2b: Maushold\n|-singleturn|p2b: Maushold|move: Follow Me\n|move|p1a: Calyrex|Draining Kiss|p2b: Maushold\n|-damage|p2b: Maushold|67/100\n|-heal|p1a: Calyrex|27/100|[from] drain|[of] p2b: Maushold\n|move|p1b: Mewtwo|Fire Blast|p2b: Maushold\n|-damage|p2b: Maushold|9/100\n|-damage|p1b: Mewtwo|81/100|[from] item: Life Orb\n|move|p2a: Zamazenta|Heavy Slam|p1a: Calyrex\n|-damage|p1a: Calyrex|0 fnt\n|faint|p1a: Calyrex\n|\n|upkeep\n|turn|5\n|\n|t:|1769776024\n|move|p2b: Maushold|Helping Hand|p2a: Zamazenta\n|-singleturn|p2a: Zamazenta|Helping Hand|[of] p2b: Maushold\n|move|p1b: Mewtwo|Expanding Force|p2b: Maushold|[spread] p2a,p2b\n|-damage|p2a: Zamazenta|53/100\n|-damage|p2b: Maushold|0 fnt\n|faint|p2b: Maushold\n|-damage|p1b: Mewtwo|71/100|[from] item: Life Orb\n|move|p2a: Zamazenta|Heavy Slam|p1b: Mewtwo\n|-damage|p1b: Mewtwo|0 fnt\n|faint|p1b: Mewtwo\n|\n|win|ky123456\n|raw|Tepig_nNz_498's rating: 1381 &rarr; <strong>1366</strong><br />(-15 for losing)\n|raw|ky123456's rating: 1467 &rarr; <strong>1482</strong><br />(+15 for winning)\n|l|\u2606Tepig_nNz_498\n|player|p1|\n|l|\u2606ky123456\n|player|p2|\n|l| circleming\n","uploadtime":1769776282,"views":23,"formatid":"gen9vgc2026regi","rating":1366,"private":0,"password":null}