{"id":"gen9vgc2026regi-2586911002","format":"[Gen 9] VGC 2026 Reg I","players":["TstingMorals","wasaad5"],"log":"|j|\u2606TstingMorals\n|j|\u2606wasaad5\n|t:|1776470991\n|gametype|doubles\n|player|p1|TstingMorals|1|1309\n|player|p2|wasaad5|blue|1310\n|gen|9\n|tier|[Gen 9] VGC 2026 Reg I\n|rated|\n|rule|Species Clause: Limit one of each Pok\u00e9mon\n|rule|Item Clause: Limit 1 of each item\n|clearpoke\n|poke|p1|Pikachu, L50, M|\n|poke|p1|Koraidon, L50|\n|poke|p1|Flutter Mane, L50|\n|poke|p1|Amoonguss, L50, M|\n|poke|p1|Torkoal, L50, M|\n|poke|p1|Solgaleo, L50|\n|poke|p2|Kyurem-White, L50|\n|poke|p2|Zacian-*, L50|\n|poke|p2|Sableye, L50, M|\n|poke|p2|Urshifu-*, L50, F|\n|poke|p2|Amoonguss, L50, M|\n|poke|p2|Incineroar, L50, M|\n|teampreview|4\n|\n|t:|1776471013\n|teamsize|p1|4\n|teamsize|p2|4\n|start\n|switch|p1a: Koraidon|Koraidon, L50|100/100\n|switch|p1b: Solgaleo|Solgaleo, L50|100/100\n|switch|p2a: Urshifu|Urshifu-Rapid-Strike, L50, F|100/100\n|switch|p2b: Sableye|Sableye, L50, M|100/100\n|-weather|SunnyDay|[from] ability: Orichalcum Pulse|[of] p1a: Koraidon\n|-activate|p1a: Koraidon|Orichalcum Pulse|[source]\n|turn|1\n|\n|t:|1776471037\n|switch|p1a: Amoonguss|Amoonguss, L50, M|100/100\n|move|p2b: Sableye|Rain Dance|p2b: Sableye\n|-weather|RainDance\n|move|p2a: Urshifu|U-turn|p1b: Solgaleo\n|-damage|p1b: Solgaleo|80/100\n|\n|t:|1776471048\n|switch|p2a: Kyurem|Kyurem-White, L50, shiny|100/100|[from] U-turn\n|-ability|p2a: Kyurem|Turboblaze\n|move|p1b: Solgaleo|Psychic Fangs|p2a: Kyurem\n|-damage|p2a: Kyurem|55/100\n|\n|-weather|RainDance|[upkeep]\n|upkeep\n|turn|2\n|\n|t:|1776471069\n|-terastallize|p1a: Amoonguss|Dark\n|move|p1a: Amoonguss|Rage Powder|p1a: Amoonguss\n|-singleturn|p1a: Amoonguss|move: Rage Powder\n|move|p2b: Sableye|Disable|p1a: Amoonguss\n|-hint|Since gen 7, Dark is immune to Prankster moves.\n|-immune|p1a: Amoonguss\n|move|p2a: Kyurem|Freeze-Dry|p1a: Amoonguss\n|-damage|p1a: Amoonguss|45/100\n|-damage|p2a: Kyurem|45/100|[from] item: Life Orb\n|move|p1b: Solgaleo|Sunsteel Strike|p2a: Kyurem\n|-supereffective|p2a: Kyurem\n|-damage|p2a: Kyurem|0 fnt\n|faint|p2a: Kyurem\n|\n|-weather|RainDance|[upkeep]\n|upkeep\n|\n|t:|1776471075\n|switch|p2a: Urshifu|Urshifu-Rapid-Strike, L50, F|100/100\n|turn|3\n|\n|t:|1776471096\n|-terastallize|p2a: Urshifu|Water\n|move|p1a: Amoonguss|Rage Powder|p1a: Amoonguss\n|-singleturn|p1a: Amoonguss|move: Rage Powder\n|move|p2b: Sableye|Rain Dance||[still]\n|-fail|p2b: Sableye\n|move|p2a: Urshifu|Surging Strikes|p1a: Amoonguss\n|-crit|p1a: Amoonguss\n|-damage|p1a: Amoonguss|9/100\n|-damage|p2a: Urshifu|84/100|[from] item: Rocky Helmet|[of] p1a: Amoonguss\n|-crit|p1a: Amoonguss\n|-damage|p1a: Amoonguss|0 fnt\n|-damage|p2a: Urshifu|68/100|[from] item: Rocky Helmet|[of] p1a: Amoonguss\n|faint|p1a: Amoonguss\n|-hitcount|p1: Amoonguss|2\n|move|p1b: Solgaleo|Sunsteel Strike|p2b: Sableye\n|-damage|p2b: Sableye|47/100\n|\n|-weather|RainDance|[upkeep]\n|upkeep\n|\n|t:|1776471115\n|switch|p1a: Koraidon|Koraidon, L50|100/100\n|-weather|SunnyDay|[from] ability: Orichalcum Pulse|[of] p1a: Koraidon\n|-activate|p1a: Koraidon|Orichalcum Pulse|[source]\n|turn|4\n|\n|t:|1776471125\n|move|p2b: Sableye|Rain Dance|p2b: Sableye\n|-weather|RainDance\n|move|p2a: Urshifu|Surging Strikes|p1b: Solgaleo\n|-crit|p1b: Solgaleo\n|-damage|p1b: Solgaleo|45/100\n|-crit|p1b: Solgaleo\n|-damage|p1b: Solgaleo|9/100\n|-crit|p1b: Solgaleo\n|-damage|p1b: Solgaleo|0 fnt\n|faint|p1b: Solgaleo\n|-hitcount|p1: Solgaleo|3\n|move|p1a: Koraidon|Crunch|p2b: Sableye\n|-damage|p2b: Sableye|16/100\n|\n|-weather|RainDance|[upkeep]\n|upkeep\n|\n|t:|1776471137\n|switch|p1b: Torkoal|Torkoal, L50, M|100/100\n|-weather|SunnyDay|[from] ability: Drought|[of] p1b: Torkoal\n|turn|5\n|\n|t:|1776471155\n|move|p2b: Sableye|Rain Dance|p2b: Sableye\n|-weather|RainDance\n|move|p2a: Urshifu|Surging Strikes|p1b: Torkoal\n|-supereffective|p1b: Torkoal\n|-crit|p1b: Torkoal\n|-damage|p1b: Torkoal|42/100\n|-supereffective|p1b: Torkoal\n|-crit|p1b: Torkoal\n|-damage|p1b: Torkoal|0 fnt\n|faint|p1b: Torkoal\n|-hitcount|p1: Torkoal|2\n|move|p1a: Koraidon|Collision Course|p2a: Urshifu\n|-damage|p2a: Urshifu|7/100\n|\n|-weather|RainDance|[upkeep]\n|upkeep\n|turn|6\n|\n|t:|1776471175\n|move|p2b: Sableye|Disable|p1a: Koraidon\n|-start|p1a: Koraidon|Disable|Collision Course\n|move|p2a: Urshifu|Surging Strikes|p1a: Koraidon\n|-resisted|p1a: Koraidon\n|-crit|p1a: Koraidon\n|-damage|p1a: Koraidon|78/100\n|-resisted|p1a: Koraidon\n|-crit|p1a: Koraidon\n|-damage|p1a: Koraidon|56/100\n|-resisted|p1a: Koraidon\n|-crit|p1a: Koraidon\n|-damage|p1a: Koraidon|34/100\n|-hitcount|p1a: Koraidon|3\n|move|p1a: Koraidon|Crunch|p2a: Urshifu\n|-damage|p2a: Urshifu|0 fnt\n|faint|p2a: Urshifu\n|\n|-weather|RainDance|[upkeep]\n|upkeep\n|\n|t:|1776471181\n|switch|p2a: Zacian|Zacian-Crowned, L50|100/100\n|-ability|p2a: Zacian|Intrepid Sword|boost\n|-boost|p2a: Zacian|atk|1\n|turn|7\n|-message|TstingMorals forfeited.\n|\n|win|wasaad5\n|raw|TstingMorals's rating: 1309 &rarr; <strong>1289</strong><br />(-20 for losing)\n|raw|wasaad5's rating: 1310 &rarr; <strong>1330</strong><br />(+20 for winning)\n|l|\u2606TstingMorals\n|player|p1|\n|l|\u2606wasaad5\n|player|p2|\n","uploadtime":1776471373,"views":10,"formatid":"gen9vgc2026regi","rating":1289,"private":0,"password":null}