{"id":"gen9vgc2026regi-2526600077","format":"[Gen 9] VGC 2026 Reg I","players":["pzyxhic","zorio011"],"log":"|j|\u2606pzyxhic\n|j|\u2606zorio011\n|t:|1769439327\n|gametype|doubles\n|player|p1|pzyxhic|170|1168\n|player|p2|zorio011|hugh|1169\n|gen|9\n|tier|[Gen 9] VGC 2026 Reg I\n|rated|\n|rule|Species Clause: Limit one of each Pok\u00e9mon\n|rule|Item Clause: Limit 1 of each item\n|clearpoke\n|poke|p1|Calyrex-Shadow, L50|\n|poke|p1|Incineroar, L50, F|\n|poke|p1|Whimsicott, L50, F|\n|poke|p1|Urshifu-*, L50, F|\n|poke|p1|Farigiraf, L50, F|\n|poke|p1|Dialga-Origin, L50|\n|poke|p2|Sylveon, L50, F|\n|poke|p2|Ursaluna-Bloodmoon, L50, M|\n|poke|p2|Farigiraf, L50, M|\n|poke|p2|Hydrapple, L50, M|\n|poke|p2|Calyrex-Ice, L50|\n|poke|p2|Terapagos, L50, M|\n|teampreview|4\n|\n|t:|1769439375\n|teamsize|p1|4\n|teamsize|p2|4\n|start\n|switch|p1a: Calyrex|Calyrex-Shadow, L50|100/100\n|switch|p1b: Dialga|Dialga-Origin, L50|100/100\n|switch|p2a: Farigiraf|Farigiraf, L50, M|100/100\n|switch|p2b: Terapagos|Terapagos, L50, M|100/100\n|-activate|p2b: Terapagos|ability: Tera Shift\n|detailschange|p2b: Terapagos|Terapagos-Terastal, L50, M\n|-heal|p2b: Terapagos|100/100|[silent]\n|-ability|p1a: Calyrex|As One\n|-ability|p1a: Calyrex|Unnerve\n|-ability|p1b: Dialga|Pressure\n|turn|1\n|\n|t:|1769439410\n|move|p1a: Calyrex|Trick|p2b: Terapagos\n|-activate|p1a: Calyrex|move: Trick|[of] p2b: Terapagos\n|-item|p2b: Terapagos|Choice Scarf|[from] move: Trick\n|-item|p1a: Calyrex|Choice Specs|[from] move: Trick\n|move|p2b: Terapagos|Dark Pulse|p1a: Calyrex\n|-supereffective|p1a: Calyrex\n|-damage|p1a: Calyrex|0 fnt\n|faint|p1a: Calyrex\n|move|p1b: Dialga|Flash Cannon|p2b: Terapagos\n|-activate|p2b: Terapagos|ability: Tera Shell\n|-resisted|p2b: Terapagos\n|-damage|p2b: Terapagos|78/100\n|move|p2a: Farigiraf|Foul Play|p1b: Dialga\n|-damage|p1b: Dialga|87/100\n|\n|upkeep\n|\n|t:|1769439426\n|switch|p1a: Urshifu|Urshifu-Rapid-Strike, L50, F|100/100\n|turn|2\n|\n|t:|1769439454\n|switch|p2b: Hydrapple|Hydrapple, L50, M, shiny|100/100\n|-terastallize|p1a: Urshifu|Water\n|move|p1a: Urshifu|Surging Strikes|p2b: Hydrapple\n|-resisted|p2b: Hydrapple\n|-crit|p2b: Hydrapple\n|-damage|p2b: Hydrapple|95/100\n|-resisted|p2b: Hydrapple\n|-crit|p2b: Hydrapple\n|-damage|p2b: Hydrapple|89/100\n|-resisted|p2b: Hydrapple\n|-crit|p2b: Hydrapple\n|-damage|p2b: Hydrapple|84/100\n|-hitcount|p2b: Hydrapple|3\n|move|p1b: Dialga|Draco Meteor|p2b: Hydrapple\n|-supereffective|p2b: Hydrapple\n|-damage|p2b: Hydrapple|0 fnt\n|-unboost|p1b: Dialga|spa|2\n|faint|p2b: Hydrapple\n|move|p2a: Farigiraf|Foul Play|p1b: Dialga\n|-damage|p1b: Dialga|74/100\n|\n|upkeep\n|\n|t:|1769439474\n|switch|p2b: Terapagos|Terapagos-Terastal, L50, M|78/100\n|turn|3\n|\n|t:|1769439496\n|switch|p1b: Incineroar|Incineroar, L50, F|100/100\n|-ability|p1b: Incineroar|Intimidate|boost\n|-unboost|p2a: Farigiraf|atk|1\n|-unboost|p2b: Terapagos|atk|1\n|-terastallize|p2b: Terapagos|Stellar\n|detailschange|p2b: Terapagos|Terapagos-Stellar, L50, M, tera:Stellar\n|-heal|p2b: Terapagos|84/100|[silent]\n|move|p1a: Urshifu|Detect|p1a: Urshifu\n|-singleturn|p1a: Urshifu|Protect\n|move|p2b: Terapagos|Tera Starstorm|p1b: Incineroar|[spread] p1b\n|-activate|p1a: Urshifu|move: Protect\n|-damage|p1b: Incineroar|79/100\n|move|p2a: Farigiraf|Foul Play|p1a: Urshifu\n|-activate|p1a: Urshifu|move: Protect\n|\n|upkeep\n|turn|4\n|\n|t:|1769439526\n|move|p2a: Farigiraf|Helping Hand|p2b: Terapagos\n|-singleturn|p2b: Terapagos|Helping Hand|[of] p2a: Farigiraf\n|move|p2b: Terapagos|Tera Starstorm|p1b: Incineroar|[spread] p1a,p1b\n|-supereffective|p1a: Urshifu\n|-enditem|p1a: Urshifu|Focus Sash\n|-damage|p1a: Urshifu|1/100\n|-damage|p1b: Incineroar|47/100\n|move|p1a: Urshifu|Surging Strikes|p2b: Terapagos\n|-crit|p2b: Terapagos\n|-damage|p2b: Terapagos|66/100\n|-crit|p2b: Terapagos\n|-damage|p2b: Terapagos|47/100\n|-crit|p2b: Terapagos\n|-damage|p2b: Terapagos|27/100\n|-hitcount|p2b: Terapagos|3\n|move|p1b: Incineroar|Knock Off|p2a: Farigiraf\n|-supereffective|p2a: Farigiraf\n|-damage|p2a: Farigiraf|21/100\n|-enditem|p2a: Farigiraf|Mental Herb|[from] move: Knock Off|[of] p1b: Incineroar\n|\n|upkeep\n|turn|5\n|\n|t:|1769439550\n|move|p2a: Farigiraf|Helping Hand|p2b: Terapagos\n|-singleturn|p2b: Terapagos|Helping Hand|[of] p2a: Farigiraf\n|move|p1a: Urshifu|Detect|p1a: Urshifu\n|-singleturn|p1a: Urshifu|Protect\n|move|p2b: Terapagos|Tera Starstorm|p1b: Incineroar|[spread] p1b\n|-activate|p1a: Urshifu|move: Protect\n|-damage|p1b: Incineroar|14/100\n|move|p1b: Incineroar|Flare Blitz|p2b: Terapagos\n|-damage|p2b: Terapagos|0 fnt\n|faint|p2b: Terapagos\n|detailschange|p2: Terapagos|Terapagos, L50, M|[silent]\n|-damage|p1b: Incineroar|2/100|[from] Recoil\n|\n|upkeep\n|\n|t:|1769439564\n|switch|p2b: Ursaluna|Ursaluna-Bloodmoon, L50, M|100/100\n|turn|6\n|\n|t:|1769439581\n|move|p1a: Urshifu|Surging Strikes|p2b: Ursaluna\n|-supereffective|p2b: Ursaluna\n|-crit|p2b: Ursaluna\n|-damage|p2b: Ursaluna|60/100\n|-supereffective|p2b: Ursaluna\n|-crit|p2b: Ursaluna\n|-damage|p2b: Ursaluna|22/100\n|-supereffective|p2b: Ursaluna\n|-crit|p2b: Ursaluna\n|-damage|p2b: Ursaluna|0 fnt\n|faint|p2b: Ursaluna\n|-hitcount|p2: Ursaluna|3\n|move|p1b: Incineroar|U-turn|p2a: Farigiraf\n|-supereffective|p2a: Farigiraf\n|-damage|p2a: Farigiraf|0 fnt\n|faint|p2a: Farigiraf\n|\n|win|pzyxhic\n|raw|pzyxhic's rating: 1168 &rarr; <strong>1193</strong><br />(+25 for winning)\n|raw|zorio011's rating: 1169 &rarr; <strong>1144</strong><br />(-25 for losing)\n|l|\u2606zorio011\n|player|p2|\n|l|\u2606pzyxhic\n|player|p1|\n","uploadtime":1769439829,"views":14,"formatid":"gen9vgc2026regi","rating":1144,"private":0,"password":null}