{"id":"gen9vgc2026regi-2572298022","format":"[Gen 9] VGC 2026 Reg I","players":["nightdeer","sevaag"],"log":"|j|\u2606nightdeer\n|j|\u2606sevaag\n|t:|1775006784\n|gametype|doubles\n|player|p1|nightdeer|skierf|1327\n|player|p2|sevaag|clerkf|1357\n|gen|9\n|tier|[Gen 9] VGC 2026 Reg I\n|rated|\n|rule|Species Clause: Limit one of each Pok\u00e9mon\n|rule|Item Clause: Limit 1 of each item\n|clearpoke\n|poke|p1|Inteleon, L50, M|\n|poke|p1|Miraidon, L50|\n|poke|p1|Pelipper, L50, M|\n|poke|p1|Calyrex-Ice, L50|\n|poke|p1|Whimsicott, L50, M|\n|poke|p1|Iron Hands, L50|\n|poke|p2|Miraidon, L50|\n|poke|p2|Lunala, L50|\n|poke|p2|Whimsicott, L50, M|\n|poke|p2|Urshifu-*, L50, F|\n|poke|p2|Incineroar, L50, M|\n|poke|p2|Ursaluna, L50, F|\n|teampreview|4\n|\n|t:|1775006811\n|teamsize|p1|4\n|teamsize|p2|4\n|start\n|switch|p1a: Whimsicott|Whimsicott, L50, M|100/100\n|switch|p1b: Miraidon|Miraidon, L50|100/100\n|switch|p2a: Incineroar|Incineroar, L50, M|100/100\n|switch|p2b: Lunala|Lunala, L50|100/100\n|-fieldstart|move: Electric Terrain|[from] ability: Hadron Engine|[of] p1b: Miraidon\n|-enditem|p2b: Lunala|Electric Seed\n|-boost|p2b: Lunala|def|1|[from] item: Electric Seed\n|-ability|p2a: Incineroar|Intimidate|boost\n|-unboost|p1a: Whimsicott|atk|1\n|-unboost|p1b: Miraidon|atk|1\n|turn|1\n|\n|t:|1775006825\n|move|p2a: Incineroar|Fake Out|p1b: Miraidon\n|-damage|p1b: Miraidon|90/100\n|cant|p1b: Miraidon|flinch\n|move|p1a: Whimsicott|Trick Room|p1a: Whimsicott\n|-fieldstart|move: Trick Room|[of] p1a: Whimsicott\n|move|p2b: Lunala|Trick Room|p2b: Lunala\n|-fieldend|move: Trick Room\n|\n|upkeep\n|turn|2\n|c|\u2606sevaag|lmao sheeeet\n|c|\u2606nightdeer|bo1 classic\n|c|\u2606sevaag|average closed team sheet match up\n|\n|t:|1775006877\n|switch|p1a: Iron Hands|Iron Hands, L50|100/100\n|-activate|p1a: Iron Hands|ability: Quark Drive\n|-start|p1a: Iron Hands|quarkdriveatk\n|switch|p2b: Ursaluna|Ursaluna, L50, F|100/100\n|move|p1b: Miraidon|Volt Switch|p2b: Ursaluna\n|-immune|p2b: Ursaluna\n|move|p2a: Incineroar|Flare Blitz|p1a: Iron Hands\n|-damage|p1a: Iron Hands|67/100\n|-damage|p2a: Incineroar|88/100|[from] Recoil\n|\n|-status|p2b: Ursaluna|brn|[from] item: Flame Orb\n|upkeep\n|turn|3\n|\n|t:|1775006918\n|move|p2b: Ursaluna|Protect|p2b: Ursaluna\n|-singleturn|p2b: Ursaluna|Protect\n|move|p1b: Miraidon|Electro Drift|p2b: Ursaluna\n|-activate|p2b: Ursaluna|move: Protect\n|move|p2a: Incineroar|U-turn|p1b: Miraidon\n|-damage|p1b: Miraidon|70/100\n|\n|t:|1775006925\n|switch|p2a: Lunala|Lunala, L50|100/100|[from] U-turn\n|move|p1a: Iron Hands|Drain Punch|p2b: Ursaluna\n|-activate|p2b: Ursaluna|move: Protect\n|\n|-damage|p2b: Ursaluna|94/100 brn|[from] brn\n|upkeep\n|turn|4\n|c|\u2606sevaag|average life orb\n|\n|t:|1775006954\n|switch|p2b: Incineroar|Incineroar, L50, M|88/100\n|-ability|p2b: Incineroar|Intimidate|boost\n|-unboost|p1a: Iron Hands|atk|1\n|-unboost|p1b: Miraidon|atk|1\n|-end|p1a: Iron Hands|Quark Drive|[silent]\n|switch|p1a: Whimsicott|Whimsicott, L50, M|100/100\n|-terastallize|p2a: Lunala|Fairy\n|move|p1b: Miraidon|Protect|p1b: Miraidon\n|-singleturn|p1b: Miraidon|Protect\n|move|p2a: Lunala|Moonblast|p1b: Miraidon\n|-activate|p1b: Miraidon|move: Protect\n|\n|upkeep\n|turn|5\n|c|\u2606sevaag|here we go again\n|c|\u2606nightdeer|this game is so stupid what am i even playing\n|c|\u2606sevaag|idk\n|\n|t:|1775007017\n|switch|p1b: Calyrex|Calyrex-Ice, L50|100/100\n|-ability|p1b: Calyrex|As One\n|-ability|p1b: Calyrex|Unnerve\n|move|p2b: Incineroar|Fake Out|p1b: Calyrex\n|-damage|p1b: Calyrex|94/100\n|move|p2a: Lunala|Moonblast|p1b: Calyrex\n|-damage|p1b: Calyrex|56/100\n|move|p1a: Whimsicott|Trick Room|p1a: Whimsicott\n|-fieldstart|move: Trick Room|[of] p1a: Whimsicott\n|\n|-fieldend|move: Electric Terrain\n|upkeep\n|turn|6\n|\n|t:|1775007050\n|move|p1b: Calyrex|Protect|p1b: Calyrex\n|-singleturn|p1b: Calyrex|Protect\n|move|p2b: Incineroar|Knock Off|p1b: Calyrex\n|-activate|p1b: Calyrex|move: Protect\n|move|p2a: Lunala|Moonblast|p1b: Calyrex\n|-activate|p1b: Calyrex|move: Protect\n|move|p1a: Whimsicott|Moonblast|p2a: Lunala\n|-damage|p2a: Lunala|90/100\n|-unboost|p2a: Lunala|spa|1\n|\n|upkeep\n|turn|7\n|c|\u2606sevaag|good turn\n|\n|t:|1775007071\n|switch|p1a: Iron Hands|Iron Hands, L50|67/100\n|-terastallize|p1b: Calyrex|Ground\n|move|p1b: Calyrex|High Horsepower|p2b: Incineroar\n|-supereffective|p2b: Incineroar\n|-damage|p2b: Incineroar|0 fnt\n|faint|p2b: Incineroar\n|-ability|p1b: Calyrex|Chilling Neigh|boost\n|-boost|p1b: Calyrex|atk|1\n|move|p2a: Lunala|Moonblast|p1b: Calyrex\n|-damage|p1b: Calyrex|31/100\n|\n|upkeep\n|\n|t:|1775007081\n|switch|p2b: Ursaluna|Ursaluna, L50, F|94/100 brn\n|turn|8\n|\n|t:|1775007120\n|move|p1b: Calyrex|Protect|p1b: Calyrex\n|-singleturn|p1b: Calyrex|Protect\n|move|p2b: Ursaluna|Protect|p2b: Ursaluna\n|-singleturn|p2b: Ursaluna|Protect\n|move|p1a: Iron Hands|Drain Punch|p2b: Ursaluna\n|-activate|p2b: Ursaluna|move: Protect\n|move|p2a: Lunala|Moonblast|p1a: Iron Hands\n|-supereffective|p1a: Iron Hands\n|-damage|p1a: Iron Hands|11/100\n|\n|-damage|p2b: Ursaluna|88/100 brn|[from] brn\n|upkeep\n|turn|9\n|c|\u2606nightdeer|oh i wanted that to kill\n|c|\u2606nightdeer|getting whimsicott in for free there would have been great\n|c|\u2606nightdeer|well 50/50 time\n|\n|t:|1775007182\n|switch|p2b: Miraidon|Miraidon, L50|100/100\n|-fieldstart|move: Electric Terrain|[from] ability: Hadron Engine|[of] p2b: Miraidon\n|-activate|p1a: Iron Hands|ability: Quark Drive\n|-start|p1a: Iron Hands|quarkdriveatk\n|move|p2a: Lunala|Wide Guard|p2a: Lunala\n|-singleturn|p2a: Lunala|Wide Guard\n|move|p1b: Calyrex|Glacial Lance|p2b: Miraidon|[spread] \n|-activate|p2a: Lunala|move: Wide Guard\n|-activate|p2b: Miraidon|move: Wide Guard\n|move|p1a: Iron Hands|Drain Punch|p2b: Miraidon\n|-damage|p2b: Miraidon|11/100\n|-heal|p1a: Iron Hands|45/100|[from] drain|[of] p2b: Miraidon\n|\n|-fieldend|move: Trick Room\n|upkeep\n|turn|10\n|\n|t:|1775007205\n|move|p1b: Calyrex|Protect|p1b: Calyrex\n|-singleturn|p1b: Calyrex|Protect\n|move|p2b: Miraidon|Draco Meteor|p1b: Calyrex\n|-activate|p1b: Calyrex|move: Protect\n|move|p2a: Lunala|Moonblast|p1a: Iron Hands\n|-supereffective|p1a: Iron Hands\n|-damage|p1a: Iron Hands|0 fnt\n|faint|p1a: Iron Hands\n|-end|p1a: Iron Hands|Quark Drive|[silent]\n|\n|upkeep\n|\n|t:|1775007215\n|switch|p1a: Whimsicott|Whimsicott, L50, M|100/100\n|turn|11\n|c|\u2606sevaag|what the hell is going on\n|\n|t:|1775007235\n|move|p2b: Miraidon|Draco Meteor|p1b: Calyrex\n|-damage|p1b: Calyrex|0 fnt\n|-unboost|p2b: Miraidon|spa|2\n|faint|p1b: Calyrex\n|-damage|p2b: Miraidon|2/100|[from] item: Life Orb\n|move|p1a: Whimsicott|Moonblast|p2b: Miraidon\n|-supereffective|p2b: Miraidon\n|-crit|p2b: Miraidon\n|-damage|p2b: Miraidon|0 fnt\n|faint|p2b: Miraidon\n|move|p2a: Lunala|Trick Room|p2a: Lunala\n|-fieldstart|move: Trick Room|[of] p2a: Lunala\n|\n|upkeep\n|c|\u2606nightdeer|this game actually sucks idk\n|\n|t:|1775007246\n|switch|p1b: Miraidon|Miraidon, L50|70/100\n|switch|p2b: Ursaluna|Ursaluna, L50, F|88/100 brn\n|-activate|p1b: Miraidon|ability: Hadron Engine\n|turn|12\n|\n|t:|1775007279\n|move|p1a: Whimsicott|Encore|p2a: Lunala\n|-start|p2a: Lunala|Encore\n|move|p2b: Ursaluna|Facade|p1b: Miraidon\n|-damage|p1b: Miraidon|0 fnt\n|faint|p1b: Miraidon\n|move|p2a: Lunala|Trick Room|p2a: Lunala\n|-fieldend|move: Trick Room\n|\n|-damage|p2b: Ursaluna|82/100 brn|[from] brn\n|upkeep\n|turn|13\n|c|\u2606sevaag|good ursaluna faster\n|c|\u2606nightdeer|yeah im not running min speed miraidon\n|c|\u2606sevaag|well\n|c|\u2606sevaag|slower than my miraidon\n|\n|t:|1775007320\n|move|p1a: Whimsicott|Moonblast|p2b: Ursaluna\n|-damage|p2b: Ursaluna|54/100 brn\n|move|p2b: Ursaluna|Facade|p1a: Whimsicott\n|-damage|p1a: Whimsicott|0 fnt\n|faint|p1a: Whimsicott\n|\n|win|sevaag\n|raw|nightdeer's rating: 1327 &rarr; <strong>1309</strong><br />(-18 for losing)\n|raw|sevaag's rating: 1357 &rarr; <strong>1375</strong><br />(+18 for winning)\n|c|\u2606nightdeer|gg\n|c|\u2606sevaag|gg\n|c|\u2606nightdeer|great game\n|c|\u2606sevaag|ya lol\n","uploadtime":1775007362,"views":18,"formatid":"gen9vgc2026regi","rating":1309,"private":0,"password":null}