{"id":"gen9vgc2026regi-2553823083","format":"[Gen 9] VGC 2026 Reg I","players":["trashbros","g0dGun"],"log":"|j|\u2606trashbros\n|j|\u2606g0dGun\n|t:|1772886848\n|gametype|doubles\n|player|p1|trashbros|rood|1336\n|player|p2|g0dGun|blue|1458\n|gen|9\n|tier|[Gen 9] VGC 2026 Reg I\n|rated|\n|rule|Species Clause: Limit one of each Pok\u00e9mon\n|rule|Item Clause: Limit 1 of each item\n|clearpoke\n|poke|p1|Miraidon, L50|\n|poke|p1|Calyrex-Ice, L50|\n|poke|p1|Grimmsnarl, L50, M|\n|poke|p1|Incineroar, L50, M|\n|poke|p1|Pelipper, L50, M|\n|poke|p1|Urshifu-*, L50, M|\n|poke|p2|Hitmontop, L50, M|\n|poke|p2|Terapagos, L50, M|\n|poke|p2|Calyrex-Shadow, L50|\n|poke|p2|Ogerpon-Cornerstone, L50, F|\n|poke|p2|Urshifu-*, L50, F|\n|poke|p2|Whimsicott, L50, F|\n|teampreview|4\n|inactive|Battle timer is ON: inactive players will automatically lose when time's up. (requested by g0dGun)\n|inactive|trashbros has 60 seconds left.\n|\n|t:|1772886886\n|teamsize|p1|4\n|teamsize|p2|4\n|start\n|switch|p1a: Bill Gacks|Miraidon, L50|100/100\n|switch|p1b: The Frozen One|Calyrex-Ice, L50|100/100\n|switch|p2a: Hitmontop|Hitmontop, L50, M|100/100\n|switch|p2b: Terapagos|Terapagos, L50, M|100/100\n|-activate|p2b: Terapagos|ability: Tera Shift\n|detailschange|p2b: Terapagos|Terapagos-Terastal, L50, M\n|-heal|p2b: Terapagos|100/100|[silent]\n|-ability|p1b: The Frozen One|As One\n|-ability|p1b: The Frozen One|Unnerve\n|-fieldstart|move: Electric Terrain|[from] ability: Hadron Engine|[of] p1a: Bill Gacks\n|-ability|p2a: Hitmontop|Intimidate|boost\n|-unboost|p1a: Bill Gacks|atk|1\n|-unboost|p1b: The Frozen One|atk|1\n|turn|1\n|\n|t:|1772886906\n|-terastallize|p2b: Terapagos|Stellar\n|detailschange|p2b: Terapagos|Terapagos-Stellar, L50, M, tera:Stellar\n|-heal|p2b: Terapagos|100/100|[silent]\n|-ability|p2b: Terapagos|Teraform Zero\n|-fieldend|move: Electric Terrain\n|move|p2a: Hitmontop|Vacuum Wave|p2b: Terapagos\n|-supereffective|p2b: Terapagos\n|-damage|p2b: Terapagos|95/100\n|-enditem|p2b: Terapagos|Weakness Policy\n|-boost|p2b: Terapagos|atk|2|[from] item: Weakness Policy\n|-boost|p2b: Terapagos|spa|2|[from] item: Weakness Policy\n|move|p1a: Bill Gacks|Snarl|p2a: Hitmontop|[spread] p2a,p2b\n|-resisted|p2a: Hitmontop\n|-damage|p2a: Hitmontop|95/100\n|-damage|p2b: Terapagos|85/100\n|-unboost|p2a: Hitmontop|spa|1\n|-unboost|p2b: Terapagos|spa|1\n|-enditem|p2a: Hitmontop|Eject Button\n|\n|t:|1772886925\n|switch|p2a: Calyrex|Calyrex-Shadow, L50|100/100\n|-ability|p2a: Calyrex|As One\n|-ability|p2a: Calyrex|Unnerve\n|move|p2b: Terapagos|Tera Starstorm|p1b: The Frozen One|[spread] p1a,p1b\n|-damage|p1a: Bill Gacks|52/100\n|-damage|p1b: The Frozen One|64/100\n|move|p1b: The Frozen One|Leech Seed|p2b: Terapagos\n|-start|p2b: Terapagos|move: Leech Seed\n|\n|-heal|p1b: The Frozen One|70/100|[from] item: Leftovers\n|-damage|p2b: Terapagos|73/100|[from] Leech Seed|[of] p1b: The Frozen One\n|-heal|p1b: The Frozen One|86/100|[silent]\n|upkeep\n|turn|2\n|\n|t:|1772886942\n|move|p1b: The Frozen One|Protect|p1b: The Frozen One\n|-singleturn|p1b: The Frozen One|Protect\n|move|p1a: Bill Gacks|Snarl|p2a: Calyrex|[spread] p2a,p2b\n|-supereffective|p2a: Calyrex\n|-damage|p2a: Calyrex|37/100\n|-damage|p2b: Terapagos|63/100\n|-unboost|p2a: Calyrex|spa|1\n|-unboost|p2b: Terapagos|spa|1\n|move|p2a: Calyrex|Astral Barrage|p1b: The Frozen One|[spread] p1a\n|-activate|p1b: The Frozen One|move: Protect\n|-damage|p1a: Bill Gacks|23/100\n|move|p2b: Terapagos|Tera Starstorm|p1a: Bill Gacks|[spread] p1a\n|-activate|p1b: The Frozen One|move: Protect\n|-damage|p1a: Bill Gacks|0 fnt\n|faint|p1a: Bill Gacks\n|\n|-heal|p1b: The Frozen One|92/100|[from] item: Leftovers\n|-damage|p2b: Terapagos|50/100|[from] Leech Seed|[of] p1b: The Frozen One\n|-heal|p1b: The Frozen One|100/100|[silent]\n|upkeep\n|\n|t:|1772886958\n|switch|p1a: Larry|Pelipper, L50, M|100/100\n|-weather|RainDance|[from] ability: Drizzle|[of] p1a: Larry\n|turn|3\n|\n|t:|1772886969\n|switch|p2b: Ogerpon|Ogerpon-Cornerstone, L50, F|100/100\n|move|p1a: Larry|Wide Guard|p1a: Larry\n|-singleturn|p1a: Larry|Wide Guard\n|move|p2a: Calyrex|Encore|p1b: The Frozen One\n|-start|p1b: The Frozen One|Encore\n|move|p1b: The Frozen One|Protect||[still]\n|-fail|p1b: The Frozen One\n|\n|-weather|RainDance|[upkeep]\n|upkeep\n|turn|4\n|\n|t:|1772886986\n|switch|p1b: Mr Pibb|Incineroar, L50, M, shiny|100/100\n|-ability|p1b: Mr Pibb|Intimidate|boost\n|-unboost|p2a: Calyrex|atk|1\n|-unboost|p2b: Ogerpon|atk|1\n|-terastallize|p1a: Larry|Grass\n|move|p2a: Calyrex|Encore|p1a: Larry\n|-start|p1a: Larry|Encore\n|move|p2b: Ogerpon|Ivy Cudgel|p1a: Larry|[anim] Ivy Cudgel Rock\n|-damage|p1a: Larry|61/100\n|move|p1a: Larry|Wide Guard||[still]\n|-fail|p1a: Larry\n|\n|-weather|RainDance|[upkeep]\n|upkeep\n|turn|5\n|\n|t:|1772887006\n|switch|p2a: Hitmontop|Hitmontop, L50, M|95/100\n|-ability|p2a: Hitmontop|Intimidate|boost\n|-unboost|p1a: Larry|atk|1\n|-unboost|p1b: Mr Pibb|atk|1\n|switch|p1a: The Frozen One|Calyrex-Ice, L50|100/100\n|-ability|p1a: The Frozen One|As One\n|-ability|p1a: The Frozen One|Unnerve\n|move|p2b: Ogerpon|Ivy Cudgel|p1b: Mr Pibb|[anim] Ivy Cudgel Rock\n|-supereffective|p1b: Mr Pibb\n|-damage|p1b: Mr Pibb|24/100\n|move|p1b: Mr Pibb|Knock Off|p2a: Hitmontop\n|-resisted|p2a: Hitmontop\n|-damage|p2a: Hitmontop|85/100\n|\n|-weather|RainDance|[upkeep]\n|upkeep\n|turn|6\n|\n|t:|1772887027\n|move|p2a: Hitmontop|Fake Out|p1a: The Frozen One\n|-damage|p1a: The Frozen One|94/100\n|move|p2b: Ogerpon|Ivy Cudgel|p1b: Mr Pibb|[anim] Ivy Cudgel Rock\n|-supereffective|p1b: Mr Pibb\n|-crit|p1b: Mr Pibb\n|-damage|p1b: Mr Pibb|0 fnt\n|faint|p1b: Mr Pibb\n|cant|p1a: The Frozen One|flinch\n|\n|-weather|RainDance|[upkeep]\n|-heal|p1a: The Frozen One|100/100|[from] item: Leftovers\n|upkeep\n|-message|trashbros forfeited.\n|\n|win|g0dGun\n|raw|trashbros's rating: 1336 &rarr; <strong>1323</strong><br />(-13 for losing)\n|raw|g0dGun's rating: 1458 &rarr; <strong>1471</strong><br />(+13 for winning)\n|l|\u2606trashbros\n|player|p1|\n|l|\u2606g0dGun\n|player|p2|\n","uploadtime":1772887045,"views":16,"formatid":"gen9vgc2026regi","rating":1323,"private":0,"password":null}