{"id":"gen9vgc2026regi-2569234543","format":"[Gen 9] VGC 2026 Reg I","players":["Darknight677","VJ2511"],"log":"|j|\u2606Darknight677\n|j|\u2606VJ2511\n|t:|1774663101\n|gametype|doubles\n|player|p1|Darknight677|will|1464\n|player|p2|VJ2511|1|1573\n|gen|9\n|tier|[Gen 9] VGC 2026 Reg I\n|rated|\n|rule|Species Clause: Limit one of each Pok\u00e9mon\n|rule|Item Clause: Limit 1 of each item\n|clearpoke\n|poke|p1|Miraidon, L50|\n|poke|p1|Lunala, L50|\n|poke|p1|Whimsicott, L50, M|\n|poke|p1|Urshifu-*, L50, M|\n|poke|p1|Incineroar, L50, F|\n|poke|p1|Ursaluna, L50, M|\n|poke|p2|Calyrex-Shadow, L50|\n|poke|p2|Zamazenta-*, L50|\n|poke|p2|Chien-Pao, L50|\n|poke|p2|Dragonite, L50, F|\n|poke|p2|Raging Bolt, L50|\n|poke|p2|Amoonguss, L50, M|\n|teampreview|4\n|inactive|Battle timer is ON: inactive players will automatically lose when time's up. (requested by VJ2511)\n|inactive|Darknight677 has 60 seconds left.\n|\n|t:|1774663145\n|teamsize|p1|4\n|teamsize|p2|4\n|start\n|switch|p1a: Miraidon|Miraidon, L50|100/100\n|switch|p1b: Incineroar|Incineroar, L50, F|100/100\n|switch|p2a: Zamazenta|Zamazenta-Crowned, L50|100/100\n|switch|p2b: Chien-Pao|Chien-Pao, L50|100/100\n|-ability|p2b: Chien-Pao|Sword of Ruin\n|-fieldstart|move: Electric Terrain|[from] ability: Hadron Engine|[of] p1a: Miraidon\n|-ability|p2a: Zamazenta|Dauntless Shield|boost\n|-boost|p2a: Zamazenta|def|1\n|-ability|p1b: Incineroar|Intimidate|boost\n|-unboost|p2a: Zamazenta|atk|1\n|-unboost|p2b: Chien-Pao|atk|1\n|turn|1\n|\n|t:|1774663164\n|-terastallize|p1a: Miraidon|Electric\n|move|p1b: Incineroar|Fake Out|p2b: Chien-Pao\n|-damage|p2b: Chien-Pao|85/100\n|cant|p2b: Chien-Pao|flinch\n|move|p1a: Miraidon|Electro Drift|p2a: Zamazenta\n|-damage|p2a: Zamazenta|0 fnt\n|faint|p2a: Zamazenta\n|-damage|p1a: Miraidon|91/100|[from] item: Life Orb\n|\n|upkeep\n|\n|t:|1774663173\n|switch|p2a: Dragonite|Dragonite, L50, F, shiny|100/100\n|turn|2\n|\n|t:|1774663183\n|-terastallize|p2a: Dragonite|Normal\n|move|p1a: Miraidon|Protect|p1a: Miraidon\n|-singleturn|p1a: Miraidon|Protect\n|move|p2a: Dragonite|Extreme Speed|p1b: Incineroar\n|-damage|p1b: Incineroar|14/100\n|move|p2b: Chien-Pao|Ice Spinner|p1b: Incineroar\n|-resisted|p1b: Incineroar\n|-damage|p1b: Incineroar|1/100\n|-fieldend|move: Electric Terrain\n|move|p1b: Incineroar|U-turn|p2b: Chien-Pao\n|-supereffective|p2b: Chien-Pao\n|-damage|p2b: Chien-Pao|27/100\n|\n|t:|1774663197\n|switch|p1b: Lunala|Lunala, L50|100/100|[from] U-turn\n|\n|upkeep\n|turn|3\n|\n|t:|1774663212\n|move|p2a: Dragonite|Extreme Speed|p1a: Miraidon\n|-damage|p1a: Miraidon|0 fnt\n|faint|p1a: Miraidon\n|move|p2b: Chien-Pao|Ruination|p1b: Lunala\n|-damage|p1b: Lunala|50/100\n|move|p1b: Lunala|Moonblast|p2b: Chien-Pao\n|-supereffective|p2b: Chien-Pao\n|-damage|p2b: Chien-Pao|0 fnt\n|faint|p2b: Chien-Pao\n|\n|upkeep\n|\n|t:|1774663220\n|switch|p2b: Calyrex|Calyrex-Shadow, L50|100/100\n|switch|p1a: Whimsicott|Whimsicott, L50, M|100/100\n|-ability|p2b: Calyrex|As One\n|-ability|p2b: Calyrex|Unnerve\n|turn|4\n|\n|t:|1774663235\n|move|p1b: Lunala|Wide Guard|p1b: Lunala\n|-singleturn|p1b: Lunala|Wide Guard\n|move|p2a: Dragonite|Extreme Speed|p1a: Whimsicott\n|-damage|p1a: Whimsicott|19/100\n|move|p2b: Calyrex|Astral Barrage|p1b: Lunala|[spread] \n|-activate|p1a: Whimsicott|move: Wide Guard\n|-activate|p1b: Lunala|move: Wide Guard\n|move|p1a: Whimsicott|Moonblast|p2b: Calyrex\n|-damage|p2b: Calyrex|71/100\n|-unboost|p2b: Calyrex|spa|1\n|\n|upkeep\n|turn|5\n|\n|t:|1774663241\n|move|p2a: Dragonite|Extreme Speed|p1a: Whimsicott\n|-damage|p1a: Whimsicott|0 fnt\n|faint|p1a: Whimsicott\n|move|p2b: Calyrex|Astral Barrage|p1b: Lunala\n|-supereffective|p1b: Lunala\n|-damage|p1b: Lunala|0 fnt\n|faint|p1b: Lunala\n|-ability|p2b: Calyrex|Grim Neigh|boost\n|-boost|p2b: Calyrex|spa|1\n|\n|upkeep\n|-message|Darknight677 forfeited.\n|\n|win|VJ2511\n|raw|Darknight677's rating: 1464 &rarr; <strong>1450</strong><br />(-14 for losing)\n|raw|VJ2511's rating: 1573 &rarr; <strong>1587</strong><br />(+14 for winning)\n|l|\u2606Darknight677\n|player|p1|\n","uploadtime":1774663254,"views":30,"formatid":"gen9vgc2026regi","rating":1450,"private":0,"password":null}