{"id":"gen9vgc2026regi-2565826906","format":"[Gen 9] VGC 2026 Reg I","players":["jd8erh","moggyoh"],"log":"|j|\u2606jd8erh\n|j|\u2606moggyoh\n|t:|1774308106\n|gametype|doubles\n|player|p1|jd8erh|1|1401\n|player|p2|moggyoh|ethan|1443\n|gen|9\n|tier|[Gen 9] VGC 2026 Reg I\n|rated|\n|rule|Species Clause: Limit one of each Pok\u00e9mon\n|rule|Item Clause: Limit 1 of each item\n|clearpoke\n|poke|p1|Incineroar, L50, F|\n|poke|p1|Calyrex-Shadow, L50|\n|poke|p1|Rillaboom, L50, M|\n|poke|p1|Ogerpon-Cornerstone, L50, F|\n|poke|p1|Whimsicott, L50, F|\n|poke|p1|Ho-Oh, L50|\n|poke|p2|Incineroar, L50, M|\n|poke|p2|Rillaboom, L50, M|\n|poke|p2|Miraidon, L50|\n|poke|p2|Grimmsnarl, L50, M|\n|poke|p2|Ogerpon-Wellspring, L50, F|\n|poke|p2|Lunala, L50|\n|teampreview|4\n|inactive|Battle timer is ON: inactive players will automatically lose when time's up. (requested by jd8erh)\njd8erh has agreed to open team sheets.\n|inactive|jd8erh has 60 seconds left.\n|inactive|moggyoh has 60 seconds left.\n|\n|t:|1774308149\n|teamsize|p1|4\n|teamsize|p2|4\n|start\n|switch|p1a: Ho-Oh|Ho-Oh, L50|100/100\n|switch|p1b: Rillaboom|Rillaboom, L50, M|100/100\n|switch|p2a: Pon Pon Wayx3|Ogerpon-Wellspring, L50, F|100/100\n|switch|p2b: Liger Zero|Incineroar, L50, M, shiny|100/100\n|-fieldstart|move: Grassy Terrain|[from] ability: Grassy Surge|[of] p1b: Rillaboom\n|-ability|p2b: Liger Zero|Intimidate|boost\n|-fail|p1a: Ho-Oh|unboost|[from] item: Clear Amulet|[of] p1a: Ho-Oh\n|-unboost|p1b: Rillaboom|atk|1\n|turn|1\n|inactive|moggyoh has 30 seconds left.\n|\n|t:|1774308176\n|move|p2a: Pon Pon Wayx3|Spiky Shield|p2a: Pon Pon Wayx3\n|-singleturn|p2a: Pon Pon Wayx3|move: Protect\n|move|p1a: Ho-Oh|Protect|p1a: Ho-Oh\n|-singleturn|p1a: Ho-Oh|Protect\n|move|p1b: Rillaboom|U-turn|p2a: Pon Pon Wayx3\n|-activate|p2a: Pon Pon Wayx3|move: Protect\n|-damage|p1b: Rillaboom|88/100|[from] Spiky Shield|[of] p2a: Pon Pon Wayx3\n|move|p2b: Liger Zero|Will-O-Wisp|p1b: Rillaboom\n|-status|p1b: Rillaboom|brn\n|\n|-heal|p1b: Rillaboom|94/100 brn|[from] Grassy Terrain\n|-damage|p1b: Rillaboom|88/100 brn|[from] brn\n|upkeep\n|turn|2\n|inactive|moggyoh has 30 seconds left.\n|\n|t:|1774308204\n|-terastallize|p1a: Ho-Oh|Grass\n|move|p2a: Pon Pon Wayx3|Ivy Cudgel|p1a: Ho-Oh|[anim] Ivy Cudgel Water\n|-resisted|p1a: Ho-Oh\n|-crit|p1a: Ho-Oh\n|-damage|p1a: Ho-Oh|65/100\n|move|p1a: Ho-Oh|Brave Bird|p2a: Pon Pon Wayx3\n|-supereffective|p2a: Pon Pon Wayx3\n|-damage|p2a: Pon Pon Wayx3|0 fnt\n|faint|p2a: Pon Pon Wayx3\n|-damage|p1a: Ho-Oh|36/100|[from] Recoil\n|move|p1b: Rillaboom|U-turn|p2b: Liger Zero\n|-crit|p2b: Liger Zero\n|-damage|p2b: Liger Zero|87/100\n|-damage|p1b: Rillaboom|72/100 brn|[from] item: Rocky Helmet|[of] p2b: Liger Zero\n|\n|t:|1774308217\n|switch|p1b: Whimsicott|Whimsicott, L50, F|100/100|[from] U-turn\n|move|p2b: Liger Zero|Knock Off|p1a: Ho-Oh\n|-damage|p1a: Ho-Oh|3/100\n|-enditem|p1a: Ho-Oh|Clear Amulet|[from] move: Knock Off|[of] p2b: Liger Zero\n|\n|-heal|p1a: Ho-Oh|9/100|[from] Grassy Terrain\n|-heal|p2b: Liger Zero|93/100|[from] Grassy Terrain\n|upkeep\n|\n|t:|1774308234\n|switch|p2a: Marceline|Lunala, L50, shiny|100/100\n|turn|3\n|j| KittyPON2\n|\n|t:|1774308251\n|move|p1b: Whimsicott|Moonblast|p2a: Marceline\n|-damage|p2a: Marceline|90/100\n|move|p2a: Marceline|Moongeist Beam|p1b: Whimsicott\n|-damage|p1b: Whimsicott|41/100\n|move|p1a: Ho-Oh|Recover|p1a: Ho-Oh\n|-heal|p1a: Ho-Oh|60/100\n|move|p2b: Liger Zero|Knock Off|p1a: Ho-Oh\n|-damage|p1a: Ho-Oh|35/100\n|\n|-heal|p1b: Whimsicott|47/100|[from] Grassy Terrain\n|-heal|p2a: Marceline|96/100|[from] Grassy Terrain\n|-heal|p2a: Marceline|100/100|[from] item: Leftovers\n|-heal|p1a: Ho-Oh|41/100|[from] Grassy Terrain\n|-heal|p2b: Liger Zero|99/100|[from] Grassy Terrain\n|upkeep\n|turn|4\n|\n|t:|1774308273\n|move|p1b: Whimsicott|Encore|p2a: Marceline\n|-start|p2a: Marceline|Encore\n|move|p2a: Marceline|Moongeist Beam|p1b: Whimsicott\n|-damage|p1b: Whimsicott|0 fnt\n|faint|p1b: Whimsicott\n|move|p1a: Ho-Oh|Brave Bird|p2b: Liger Zero\n|-damage|p2b: Liger Zero|51/100\n|-damage|p1a: Ho-Oh|25/100|[from] item: Rocky Helmet|[of] p2b: Liger Zero\n|-damage|p1a: Ho-Oh|10/100|[from] Recoil\n|move|p2b: Liger Zero|Parting Shot|p1a: Ho-Oh\n|-unboost|p1a: Ho-Oh|atk|1\n|-unboost|p1a: Ho-Oh|spa|1\n|\n|t:|1774308287\n|switch|p2b: Miraidon|Miraidon, L50, shiny|100/100|[from] Parting Shot\n|-fieldstart|move: Electric Terrain|[from] ability: Hadron Engine|[of] p2b: Miraidon\n|\n|upkeep\n|\n|t:|1774308289\n|switch|p1b: Calyrex|Calyrex-Shadow, L50|100/100\n|-ability|p1b: Calyrex|As One\n|-ability|p1b: Calyrex|Unnerve\n|turn|5\n|\n|t:|1774308309\n|switch|p1a: Rillaboom|Rillaboom, L50, M|72/100 brn\n|-fieldstart|move: Grassy Terrain|[from] ability: Grassy Surge|[of] p1a: Rillaboom\n|-terastallize|p2a: Marceline|Fairy\n|move|p2b: Miraidon|Snarl|p1a: Rillaboom|[spread] p1a,p1b\n|-supereffective|p1b: Calyrex\n|-damage|p1a: Rillaboom|61/100 brn\n|-damage|p1b: Calyrex|36/100\n|-unboost|p1a: Rillaboom|spa|1\n|-unboost|p1b: Calyrex|spa|1\n|move|p1b: Calyrex|Disable|p2a: Marceline\n|-start|p2a: Marceline|Disable|Moongeist Beam\n|cant|p2a: Marceline|Disable|Moongeist Beam\n|\n|-heal|p1b: Calyrex|42/100|[from] Grassy Terrain\n|-heal|p1a: Rillaboom|67/100 brn|[from] Grassy Terrain\n|-damage|p1a: Rillaboom|61/100 brn|[from] brn\n|upkeep\n|turn|6\n|\n|t:|1774308331\n|switch|p2a: Liger Zero|Incineroar, L50, M, shiny|51/100\n|-ability|p2a: Liger Zero|Intimidate|boost\n|-unboost|p1a: Rillaboom|atk|1\n|-unboost|p1b: Calyrex|atk|1\n|move|p2b: Miraidon|Snarl|p1b: Calyrex|[spread] p1a,p1b\n|-crit|p1a: Rillaboom\n|-supereffective|p1b: Calyrex\n|-damage|p1a: Rillaboom|46/100 brn\n|-damage|p1b: Calyrex|0 fnt\n|-unboost|p1a: Rillaboom|spa|1\n|faint|p1b: Calyrex\n|move|p1a: Rillaboom|U-turn|p2b: Miraidon\n|-damage|p2b: Miraidon|93/100\n|\n|t:|1774308340\n|switch|p1a: Ho-Oh|Ho-Oh, L50, tera:Grass|43/100|[from] U-turn\n|\n|-heal|p2b: Miraidon|99/100|[from] Grassy Terrain\n|-heal|p1a: Ho-Oh|49/100|[from] Grassy Terrain\n|-heal|p2a: Liger Zero|57/100|[from] Grassy Terrain\n|upkeep\n|\n|t:|1774308341\n|switch|p1b: Rillaboom|Rillaboom, L50, M|46/100 brn\n|turn|7\n|\n|t:|1774308358\n|switch|p2b: Marceline|Lunala, L50, shiny, tera:Fairy|100/100\n|move|p1a: Ho-Oh|Recover|p1a: Ho-Oh\n|-heal|p1a: Ho-Oh|99/100\n|move|p1b: Rillaboom|Wood Hammer|p2b: Marceline\n|-damage|p2b: Marceline|88/100\n|-damage|p1b: Rillaboom|41/100 brn|[from] Recoil\n|move|p2a: Liger Zero|Will-O-Wisp|p1a: Ho-Oh\n|-status|p1a: Ho-Oh|brn\n|\n|-heal|p2b: Marceline|94/100|[from] Grassy Terrain\n|-heal|p2b: Marceline|99/100|[from] item: Leftovers\n|-heal|p1a: Ho-Oh|100/100 brn|[from] Grassy Terrain\n|-heal|p1b: Rillaboom|47/100 brn|[from] Grassy Terrain\n|-heal|p2a: Liger Zero|63/100|[from] Grassy Terrain\n|-damage|p1a: Ho-Oh|94/100 brn|[from] brn\n|-damage|p1b: Rillaboom|41/100 brn|[from] brn\n|upkeep\n|turn|8\n|\n|t:|1774308380\n|move|p2b: Marceline|Calm Mind|p2b: Marceline\n|-boost|p2b: Marceline|spa|1\n|-boost|p2b: Marceline|spd|1\n|move|p1a: Ho-Oh|Sacred Fire|p2b: Marceline\n|-damage|p2b: Marceline|82/100\n|move|p1b: Rillaboom|Wood Hammer|p2b: Marceline\n|-damage|p2b: Marceline|57/100\n|-damage|p1b: Rillaboom|32/100 brn|[from] Recoil\n|move|p2a: Liger Zero|Parting Shot|p1a: Ho-Oh\n|-unboost|p1a: Ho-Oh|atk|1\n|-unboost|p1a: Ho-Oh|spa|1\n|-message|jd8erh forfeited.\n|\n|win|moggyoh\n|raw|jd8erh's rating: 1401 &rarr; <strong>1383</strong><br />(-18 for losing)\n|raw|moggyoh's rating: 1443 &rarr; <strong>1461</strong><br />(+18 for winning)\n|l|\u2606jd8erh\n|player|p1|\n|l|\u2606moggyoh\n|player|p2|\n","uploadtime":1774308401,"views":12,"formatid":"gen9vgc2026regi","rating":1383,"private":0,"password":null}