{"id":"gen9vgc2026regi-2564651755","format":"[Gen 9] VGC 2026 Reg I","players":["chenxiangruxie","kilothegreat"],"log":"|j|\u2606chenxiangruxie\n|j|\u2606kilothegreat\n|t:|1774181238\n|gametype|doubles\n|player|p1|chenxiangruxie|dawn-gen4pt|1547\n|player|p2|kilothegreat|102|1552\n|gen|9\n|tier|[Gen 9] VGC 2026 Reg I\n|rated|\n|rule|Species Clause: Limit one of each Pok\u00e9mon\n|rule|Item Clause: Limit 1 of each item\n|clearpoke\n|poke|p1|Tornadus, L50, M|\n|poke|p1|Miraidon, L50|\n|poke|p1|Grimmsnarl, L50, M|\n|poke|p1|Urshifu-*, L50, M|\n|poke|p1|Calyrex-Ice, L50|\n|poke|p1|Landorus-Therian, L50, M|\n|poke|p2|Miraidon, L50|\n|poke|p2|Calyrex-Ice, L50|\n|poke|p2|Incineroar, L50, M|\n|poke|p2|Amoonguss, L50, M|\n|poke|p2|Landorus, L50, M|\n|poke|p2|Urshifu-*, L50, F|\n|teampreview|4\nchenxiangruxie rejected open team sheets.\n|inactive|Battle timer is ON: inactive players will automatically lose when time's up. (requested by chenxiangruxie)\n|inactive|kilothegreat has 60 seconds left.\n|\n|t:|1774181322\n|teamsize|p1|4\n|teamsize|p2|4\n|start\n|switch|p1a: Grimmsnarl|Grimmsnarl, L50, M|100/100\n|switch|p1b: Calyrex|Calyrex-Ice, L50|100/100\n|switch|p2a: Miraidon|Miraidon, L50|100/100\n|switch|p2b: Calyrex|Calyrex-Ice, L50|100/100\n|-ability|p1b: Calyrex|As One\n|-ability|p1b: Calyrex|Unnerve\n|-ability|p2b: Calyrex|As One\n|-ability|p2b: Calyrex|Unnerve\n|-fieldstart|move: Electric Terrain|[from] ability: Hadron Engine|[of] p2a: Miraidon\n|turn|1\n|\n|t:|1774181338\n|switch|p2a: Incineroar|Incineroar, L50, M|100/100\n|-ability|p2a: Incineroar|Intimidate|boost\n|-unboost|p1a: Grimmsnarl|atk|1\n|-unboost|p1b: Calyrex|atk|1\n|move|p1a: Grimmsnarl|Fake Out|p2a: Incineroar\n|-damage|p2a: Incineroar|91/100\n|move|p1b: Calyrex|Glacial Lance|p2b: Calyrex|[spread] p2a,p2b\n|-resisted|p2a: Incineroar\n|-resisted|p2b: Calyrex\n|-damage|p2a: Incineroar|73/100\n|-damage|p2b: Calyrex|88/100\n|move|p2b: Calyrex|Leech Seed|p1b: Calyrex|[miss]\n|-miss|p2b: Calyrex|p1b: Calyrex\n|\n|-heal|p2b: Calyrex|94/100|[from] item: Leftovers\n|upkeep\n|turn|2\n|\n|t:|1774181355\n|move|p1b: Calyrex|Protect|p1b: Calyrex\n|-singleturn|p1b: Calyrex|Protect\n|move|p2a: Incineroar|Fake Out|p1a: Grimmsnarl\n|-damage|p1a: Grimmsnarl|82/100\n|move|p1a: Grimmsnarl|Thunder Wave|p2b: Calyrex\n|-status|p2b: Calyrex|par\n|move|p2b: Calyrex|Leech Seed|p1a: Grimmsnarl\n|-start|p1a: Grimmsnarl|move: Leech Seed\n|\n|-heal|p2b: Calyrex|99/100 par|[from] item: Leftovers\n|-damage|p1a: Grimmsnarl|70/100|[from] Leech Seed|[of] p2b: Calyrex\n|-heal|p2b: Calyrex|100/100 par|[silent]\n|upkeep\n|turn|3\n|\n|t:|1774181371\n|move|p1a: Grimmsnarl|False Surrender|p2b: Calyrex\n|-supereffective|p2b: Calyrex\n|-crit|p2b: Calyrex\n|-damage|p2b: Calyrex|21/100 par\n|move|p1b: Calyrex|Iron Defense|p1b: Calyrex\n|-boost|p1b: Calyrex|def|2\n|move|p2a: Incineroar|Knock Off|p1b: Calyrex\n|-supereffective|p1b: Calyrex\n|-damage|p1b: Calyrex|70/100\n|-enditem|p1b: Calyrex|Leftovers|[from] move: Knock Off|[of] p2a: Incineroar\n|move|p2b: Calyrex|Leech Seed|p1b: Calyrex\n|-start|p1b: Calyrex|move: Leech Seed\n|\n|-heal|p2b: Calyrex|27/100 par|[from] item: Leftovers\n|-damage|p1a: Grimmsnarl|57/100|[from] Leech Seed|[of] p2b: Calyrex\n|-heal|p2b: Calyrex|38/100 par|[silent]\n|-damage|p1b: Calyrex|58/100|[from] Leech Seed|[of] p2b: Calyrex\n|-heal|p2b: Calyrex|48/100 par|[silent]\n|upkeep\n|turn|4\n|\n|t:|1774181391\n|move|p2b: Calyrex|Protect|p2b: Calyrex\n|-singleturn|p2b: Calyrex|Protect\n|move|p1a: Grimmsnarl|Parting Shot|p2b: Calyrex\n|-activate|p2b: Calyrex|move: Protect\n|move|p1b: Calyrex|Body Press|p2a: Incineroar\n|-supereffective|p2a: Incineroar\n|-damage|p2a: Incineroar|0 fnt\n|faint|p2a: Incineroar\n|-ability|p1b: Calyrex|Chilling Neigh|boost\n|-boost|p1b: Calyrex|atk|1\n|\n|-heal|p2b: Calyrex|54/100 par|[from] item: Leftovers\n|-damage|p1a: Grimmsnarl|45/100|[from] Leech Seed|[of] p2b: Calyrex\n|-heal|p2b: Calyrex|65/100 par|[silent]\n|-damage|p1b: Calyrex|46/100|[from] Leech Seed|[of] p2b: Calyrex\n|-heal|p2b: Calyrex|75/100 par|[silent]\n|upkeep\n|\n|t:|1774181402\n|switch|p2a: Miraidon|Miraidon, L50|100/100\n|-activate|p2a: Miraidon|ability: Hadron Engine\n|turn|5\n|\n|t:|1774181419\n|-terastallize|p1b: Calyrex|Dragon\n|move|p1a: Grimmsnarl|Parting Shot|p2a: Miraidon\n|-unboost|p2a: Miraidon|atk|1\n|-unboost|p2a: Miraidon|spa|1\n|\n|t:|1774181426\n|switch|p1a: Landorus|Landorus-Therian, L50, M|100/100|[from] Parting Shot\n|-ability|p1a: Landorus|Intimidate|boost\n|-unboost|p2a: Miraidon|atk|1\n|-unboost|p2b: Calyrex|atk|1\n|move|p2a: Miraidon|Electro Drift|p1b: Calyrex\n|-resisted|p1b: Calyrex\n|-damage|p1b: Calyrex|21/100\n|move|p1b: Calyrex|Glacial Lance|p2a: Miraidon|[spread] p2a,p2b\n|-supereffective|p2a: Miraidon\n|-resisted|p2b: Calyrex\n|-damage|p2a: Miraidon|0 fnt\n|-damage|p2b: Calyrex|58/100 par\n|faint|p2a: Miraidon\n|-ability|p1b: Calyrex|Chilling Neigh|boost\n|-boost|p1b: Calyrex|atk|1\n|cant|p2b: Calyrex|par\n|\n|-heal|p2b: Calyrex|64/100 par|[from] item: Leftovers\n|-damage|p1b: Calyrex|9/100|[from] Leech Seed|[of] p2b: Calyrex\n|-heal|p2b: Calyrex|74/100 par|[silent]\n|-fieldend|move: Electric Terrain\n|upkeep\n|\n|t:|1774181430\n|switch|p2a: Urshifu|Urshifu-Rapid-Strike, L50, F|100/100\n|turn|6\n|inactive|chenxiangruxie has 30 seconds left.\n|inactive|chenxiangruxie has 20 seconds left.\n|inactive|chenxiangruxie has 15 seconds left.\n|\n|t:|1774181473\n|move|p2a: Urshifu|Surging Strikes|p1a: Landorus\n|-supereffective|p1a: Landorus\n|-crit|p1a: Landorus\n|-damage|p1a: Landorus|60/100\n|-supereffective|p1a: Landorus\n|-crit|p1a: Landorus\n|-damage|p1a: Landorus|17/100\n|-supereffective|p1a: Landorus\n|-crit|p1a: Landorus\n|-damage|p1a: Landorus|0 fnt\n|faint|p1a: Landorus\n|-hitcount|p1: Landorus|3\n|move|p1b: Calyrex|Glacial Lance|p2a: Urshifu|[spread] p2a,p2b\n|-resisted|p2a: Urshifu\n|-resisted|p2b: Calyrex\n|-damage|p2a: Urshifu|57/100\n|-damage|p2b: Calyrex|48/100 par\n|move|p2b: Calyrex|Trick Room|p2b: Calyrex\n|-fieldstart|move: Trick Room|[of] p2b: Calyrex\n|\n|-heal|p2b: Calyrex|54/100 par|[from] item: Leftovers\n|-damage|p1b: Calyrex|0 fnt|[from] Leech Seed|[of] p2b: Calyrex\n|-heal|p2b: Calyrex|61/100 par|[silent]\n|faint|p1b: Calyrex\n|upkeep\n|\n|t:|1774181489\n|switch|p1b: Miraidon|Miraidon, L50|100/100\n|switch|p1a: Grimmsnarl|Grimmsnarl, L50, M|45/100\n|-fieldstart|move: Electric Terrain|[from] ability: Hadron Engine|[of] p1b: Miraidon\n|turn|7\n|\n|t:|1774181514\n|move|p2b: Calyrex|Protect|p2b: Calyrex\n|-singleturn|p2b: Calyrex|Protect\n|move|p2a: Urshifu|Detect|p2a: Urshifu\n|-singleturn|p2a: Urshifu|Protect\n|move|p1a: Grimmsnarl|Fake Out|p2b: Calyrex\n|-activate|p2b: Calyrex|move: Protect\n|move|p1b: Miraidon|Electro Drift|p2a: Urshifu\n|-activate|p2a: Urshifu|move: Protect\n|\n|-heal|p2b: Calyrex|67/100 par|[from] item: Leftovers\n|upkeep\n|turn|8\n|\n|t:|1774181532\n|-terastallize|p2b: Calyrex|Fairy\n|move|p1a: Grimmsnarl|Thunder Wave|p2a: Urshifu\n|-status|p2a: Urshifu|par\n|move|p2b: Calyrex|Glacial Lance|p1a: Grimmsnarl|[spread] p1a,p1b\n|-supereffective|p1b: Miraidon\n|-damage|p1a: Grimmsnarl|0 fnt\n|-damage|p1b: Miraidon|32/100\n|faint|p1a: Grimmsnarl\n|-ability|p2b: Calyrex|Chilling Neigh|boost\n|-boost|p2b: Calyrex|atk|1\n|cant|p2a: Urshifu|par\n|move|p1b: Miraidon|Electro Drift|p2b: Calyrex\n|-damage|p2b: Calyrex|3/100 par\n|\n|-heal|p2b: Calyrex|9/100 par|[from] item: Leftovers\n|upkeep\n|turn|9\n|-message|chenxiangruxie forfeited.\n|\n|win|kilothegreat\n|raw|chenxiangruxie's rating: 1547 &rarr; <strong>1527</strong><br />(-20 for losing)\n|raw|kilothegreat's rating: 1552 &rarr; <strong>1572</strong><br />(+20 for winning)\n|l|\u2606chenxiangruxie\n|player|p1|\n|l|\u2606kilothegreat\n|player|p2|\n","uploadtime":1774181770,"views":13,"formatid":"gen9vgc2026regi","rating":1527,"private":0,"password":null}