{"id":"gen9vgc2026regi-2529336874","format":"[Gen 9] VGC 2026 Reg I","players":["SniffLazer","ky123456"],"log":"|j|\u2606SniffLazer\n|j|\u2606ky123456\n|t:|1769775575\n|gametype|doubles\n|player|p1|SniffLazer|2|1307\n|player|p2|ky123456|cynthia-gen4|1455\n|gen|9\n|tier|[Gen 9] VGC 2026 Reg I\n|rated|\n|rule|Species Clause: Limit one of each Pok\u00e9mon\n|rule|Item Clause: Limit 1 of each item\n|clearpoke\n|poke|p1|Koraidon, L50|\n|poke|p1|Ho-Oh, L50|\n|poke|p1|Flutter Mane, L50|\n|poke|p1|Scream Tail, L50|\n|poke|p1|Gothitelle, L50, M|\n|poke|p1|Incineroar, L50, M|\n|poke|p2|Calyrex-Shadow, L50|\n|poke|p2|Zamazenta-*, L50|\n|poke|p2|Roaring Moon, L50|\n|poke|p2|Maushold, L50|\n|poke|p2|Weezing, L50, F|\n|poke|p2|Amoonguss, L50, M|\n|teampreview|4\n|\n|t:|1769775603\n|teamsize|p1|4\n|teamsize|p2|4\n|start\n|switch|p1a: Ho-Oh|Ho-Oh, L50|100/100\n|switch|p1b: Incineroar|Incineroar, L50, M|100/100\n|switch|p2a: Zamazenta|Zamazenta-Crowned, L50|100/100\n|switch|p2b: Roaring Moon|Roaring Moon, L50|100/100\n|-ability|p2a: Zamazenta|Dauntless Shield|boost\n|-boost|p2a: Zamazenta|def|1\n|-ability|p1b: Incineroar|Intimidate|boost\n|-unboost|p2a: Zamazenta|atk|1\n|-unboost|p2b: Roaring Moon|atk|1\n|-enditem|p2b: Roaring Moon|Booster Energy\n|-activate|p2b: Roaring Moon|ability: Protosynthesis|[fromitem]\n|-start|p2b: Roaring Moon|protosynthesisspe\n|turn|1\n|inactive|Battle timer is ON: inactive players will automatically lose when time's up. (requested by SniffLazer)\n|inactive|ky123456 has 60 seconds left.\n|\n|t:|1769775645\n|move|p1b: Incineroar|Fake Out|p2a: Zamazenta\n|-resisted|p2a: Zamazenta\n|-damage|p2a: Zamazenta|99/100\n|move|p2b: Roaring Moon|Tailwind|p2b: Roaring Moon\n|-sidestart|p2: ky123456|move: Tailwind\n|cant|p2a: Zamazenta|flinch\n|move|p1a: Ho-Oh|Sacred Fire|p2b: Roaring Moon\n|-resisted|p2b: Roaring Moon\n|-damage|p2b: Roaring Moon|62/100\n|-status|p2b: Roaring Moon|brn\n|\n|-damage|p2b: Roaring Moon|56/100 brn|[from] brn\n|upkeep\n|turn|2\n|j| riyuezi\n|\n|t:|1769775657\n|move|p1b: Incineroar|Protect|p1b: Incineroar\n|-singleturn|p1b: Incineroar|Protect\n|move|p2b: Roaring Moon|Knock Off|p1a: Ho-Oh\n|-damage|p1a: Ho-Oh|86/100\n|-enditem|p1a: Ho-Oh|Clear Amulet|[from] move: Knock Off|[of] p2b: Roaring Moon\n|move|p2a: Zamazenta|Body Press|p1b: Incineroar\n|-activate|p1b: Incineroar|move: Protect\n|move|p1a: Ho-Oh|Sacred Fire|p2a: Zamazenta\n|-supereffective|p2a: Zamazenta\n|-damage|p2a: Zamazenta|59/100\n|-status|p2a: Zamazenta|brn\n|\n|-damage|p2b: Roaring Moon|50/100 brn|[from] brn\n|-damage|p2a: Zamazenta|53/100 brn|[from] brn\n|upkeep\n|turn|3\n|\n|t:|1769775676\n|move|p2b: Roaring Moon|Taunt|p1a: Ho-Oh\n|-start|p1a: Ho-Oh|move: Taunt\n|move|p2a: Zamazenta|Body Press|p1b: Incineroar\n|-supereffective|p1b: Incineroar\n|-damage|p1b: Incineroar|45/100\n|move|p1a: Ho-Oh|Brave Bird|p2b: Roaring Moon\n|-damage|p2b: Roaring Moon|0 fnt\n|faint|p2b: Roaring Moon\n|-end|p2b: Roaring Moon|Protosynthesis|[silent]\n|-damage|p1a: Ho-Oh|72/100|[from] Recoil\n|move|p1b: Incineroar|Parting Shot|p2a: Zamazenta\n|-unboost|p2a: Zamazenta|atk|1\n|-unboost|p2a: Zamazenta|spa|1\n|\n|t:|1769775691\n|switch|p1b: Koraidon|Koraidon, L50|100/100|[from] Parting Shot\n|-weather|SunnyDay|[from] ability: Orichalcum Pulse|[of] p1b: Koraidon\n|-activate|p1b: Koraidon|Orichalcum Pulse|[source]\n|\n|-weather|SunnyDay|[upkeep]\n|-damage|p2a: Zamazenta|47/100 brn|[from] brn\n|upkeep\n|\n|t:|1769775695\n|switch|p2b: Calyrex|Calyrex-Shadow, L50|100/100\n|-ability|p2b: Calyrex|As One\n|-ability|p2b: Calyrex|Unnerve\n|turn|4\n|l| riyuezi\n|\n|t:|1769775703\n|switch|p1b: Incineroar|Incineroar, L50, M|45/100\n|-ability|p1b: Incineroar|Intimidate|boost\n|-unboost|p2a: Zamazenta|atk|1\n|-unboost|p2b: Calyrex|atk|1\n|-terastallize|p2b: Calyrex|Ghost\n|move|p2b: Calyrex|Astral Barrage|p1a: Ho-Oh|[spread] p1a,p1b\n|-resisted|p1b: Incineroar\n|-damage|p1a: Ho-Oh|9/100\n|-damage|p1b: Incineroar|0 fnt\n|faint|p1b: Incineroar\n|-ability|p2b: Calyrex|Grim Neigh|boost\n|-boost|p2b: Calyrex|spa|1\n|move|p2a: Zamazenta|Body Press|p1a: Ho-Oh\n|-resisted|p1a: Ho-Oh\n|-damage|p1a: Ho-Oh|0 fnt\n|faint|p1a: Ho-Oh\n|\n|-weather|SunnyDay|[upkeep]\n|-damage|p2a: Zamazenta|41/100 brn|[from] brn\n|-sideend|p2: ky123456|move: Tailwind\n|upkeep\n|\n|t:|1769775718\n|switch|p1a: Flutter Mane|Flutter Mane, L50|100/100\n|switch|p1b: Koraidon|Koraidon, L50|100/100\n|-activate|p1b: Koraidon|ability: Orichalcum Pulse\n|-activate|p1a: Flutter Mane|ability: Protosynthesis\n|-start|p1a: Flutter Mane|protosynthesisspe\n|turn|5\n|\n|t:|1769775735\n|switch|p2b: Maushold|Maushold, L50|100/100\n|-terastallize|p1a: Flutter Mane|Normal\n|move|p1b: Koraidon|Protect|p1b: Koraidon\n|-singleturn|p1b: Koraidon|Protect\n|move|p1a: Flutter Mane|Icy Wind|p2a: Zamazenta|[spread] p2a,p2b\n|-resisted|p2a: Zamazenta\n|-damage|p2a: Zamazenta|38/100 brn\n|-damage|p2b: Maushold|84/100\n|-unboost|p2a: Zamazenta|spe|1\n|move|p2a: Zamazenta|Heavy Slam|p1a: Flutter Mane\n|-damage|p1a: Flutter Mane|78/100\n|\n|-weather|SunnyDay|[upkeep]\n|-damage|p2a: Zamazenta|31/100 brn|[from] brn\n|upkeep\n|turn|6\n|inactive|ky123456 has 30 seconds left.\n|inactive|ky123456 has 20 seconds left.\n|inactive|ky123456 has 15 seconds left.\n|\n|t:|1769775778\n|move|p1a: Flutter Mane|Protect|p1a: Flutter Mane\n|-singleturn|p1a: Flutter Mane|Protect\n|move|p2b: Maushold|Follow Me|p2b: Maushold\n|-singleturn|p2b: Maushold|move: Follow Me\n|move|p1b: Koraidon|Close Combat|p2b: Maushold\n|-supereffective|p2b: Maushold\n|-damage|p2b: Maushold|0 fnt\n|-unboost|p1b: Koraidon|def|1\n|-unboost|p1b: Koraidon|spd|1\n|faint|p2b: Maushold\n|-damage|p1b: Koraidon|91/100|[from] item: Life Orb\n|move|p2a: Zamazenta|Body Press|p1a: Flutter Mane\n|-activate|p1a: Flutter Mane|move: Protect\n|\n|-weather|SunnyDay|[upkeep]\n|-damage|p2a: Zamazenta|25/100 brn|[from] brn\n|upkeep\n|\n|t:|1769775781\n|switch|p2b: Calyrex|Calyrex-Shadow, L50, tera:Ghost|100/100\n|-ability|p2b: Calyrex|As One\n|-ability|p2b: Calyrex|Unnerve\n|turn|7\n|\n|t:|1769775796\n|move|p1a: Flutter Mane|Shadow Ball|p2b: Calyrex\n|-supereffective|p2b: Calyrex\n|-damage|p2b: Calyrex|8/100\n|move|p2b: Calyrex|Astral Barrage|p1b: Koraidon|[spread] p1b\n|-immune|p1a: Flutter Mane\n|-damage|p1b: Koraidon|0 fnt\n|faint|p1b: Koraidon\n|-ability|p2b: Calyrex|Grim Neigh|boost\n|-boost|p2b: Calyrex|spa|1\n|move|p2a: Zamazenta|Body Press|p1a: Flutter Mane\n|-supereffective|p1a: Flutter Mane\n|-damage|p1a: Flutter Mane|0 fnt\n|faint|p1a: Flutter Mane\n|-end|p1a: Flutter Mane|Protosynthesis|[silent]\n|\n|win|ky123456\n|raw|SniffLazer's rating: 1307 &rarr; <strong>1295</strong><br />(-12 for losing)\n|raw|ky123456's rating: 1455 &rarr; <strong>1467</strong><br />(+12 for winning)\n|l|\u2606SniffLazer\n|player|p1|\n|l|\u2606ky123456\n|player|p2|\n","uploadtime":1769776007,"views":11,"formatid":"gen9vgc2026regi","rating":1295,"private":0,"password":null}