{"id":"gen9vgc2026regi-2588634402","format":"[Gen 9] VGC 2026 Reg I","players":["Vestibulan","clessvgc"],"log":"|j|\u2606Vestibulan\n|j|\u2606clessvgc\n|t:|1776652219\n|gametype|doubles\n|player|p1|Vestibulan|101|1531\n|player|p2|clessvgc|proton|1443\n|gen|9\n|tier|[Gen 9] VGC 2026 Reg I\n|rated|\n|rule|Species Clause: Limit one of each Pok\u00e9mon\n|rule|Item Clause: Limit 1 of each item\n|clearpoke\n|poke|p1|Raging Bolt, L50|\n|poke|p1|Whimsicott, L50, M|\n|poke|p1|Zacian-*, L50|\n|poke|p1|Farigiraf, L50, M|\n|poke|p1|Terapagos, L50, M|\n|poke|p1|Arcanine-Hisui, L50, M|\n|poke|p2|Landorus-Therian, L50, M|\n|poke|p2|Calyrex-Shadow, L50|\n|poke|p2|Iron Moth, L50|\n|poke|p2|Tornadus, L50, M|\n|poke|p2|Tinkaton, L50, F|\n|poke|p2|Kyogre, L50|\n|teampreview|4\n|inactive|Battle timer is ON: inactive players will automatically lose when time's up. (requested by clessvgc)\n|\n|t:|1776652237\n|teamsize|p1|4\n|teamsize|p2|4\n|start\n|switch|p1a: Arcanine|Arcanine-Hisui, L50, M|100/100\n|switch|p1b: Whimsicott|Whimsicott, L50, M|100/100\n|switch|p2a: Tinkaton|Tinkaton, L50, F|100/100\n|switch|p2b: Kyogre|Kyogre, L50|100/100\n|-weather|RainDance|[from] ability: Drizzle|[of] p2b: Kyogre\n|-ability|p2a: Tinkaton|Mold Breaker\n|turn|1\n|inactive|Vestibulan has 30 seconds left.\n|\n|t:|1776652267\n|move|p2a: Tinkaton|Fake Out|p1a: Arcanine\n|-resisted|p1a: Arcanine\n|-damage|p1a: Arcanine|97/100\n|move|p1b: Whimsicott|Tailwind|p1b: Whimsicott\n|-sidestart|p1: Vestibulan|move: Tailwind\n|cant|p1a: Arcanine|flinch\n|move|p2b: Kyogre|Water Spout|p1b: Whimsicott|[spread] p1a,p1b\n|-supereffective|p1a: Arcanine\n|-resisted|p1b: Whimsicott\n|-damage|p1a: Arcanine|0 fnt\n|-damage|p1b: Whimsicott|20/100\n|faint|p1a: Arcanine\n|\n|-weather|RainDance|[upkeep]\n|upkeep\n|\n|t:|1776652274\n|switch|p1a: Raging Bolt|Raging Bolt, L50|100/100\n|-enditem|p1a: Raging Bolt|Booster Energy\n|-activate|p1a: Raging Bolt|ability: Protosynthesis|[fromitem]\n|-start|p1a: Raging Bolt|protosynthesisdef\n|turn|2\n|\n|t:|1776652285\n|switch|p2a: Landorus|Landorus-Therian, L50, M|100/100\n|-ability|p2a: Landorus|Intimidate|boost\n|-unboost|p1a: Raging Bolt|atk|1\n|-unboost|p1b: Whimsicott|atk|1\n|-terastallize|p2b: Kyogre|Dragon\n|move|p1b: Whimsicott|Encore||[still]\n|-fail|p1b: Whimsicott\n|move|p1a: Raging Bolt|Thunderclap|p2b: Kyogre\n|-resisted|p2b: Kyogre\n|-damage|p2b: Kyogre|88/100\n|move|p2b: Kyogre|Water Spout|p1b: Whimsicott|[spread] p1a,p1b\n|-resisted|p1a: Raging Bolt\n|-resisted|p1b: Whimsicott\n|-damage|p1a: Raging Bolt|55/100\n|-damage|p1b: Whimsicott|0 fnt\n|faint|p1b: Whimsicott\n|\n|-weather|RainDance|[upkeep]\n|upkeep\n|\n|t:|1776652297\n|switch|p1b: Zacian|Zacian-Crowned, L50|100/100\n|-ability|p1b: Zacian|Intrepid Sword|boost\n|-boost|p1b: Zacian|atk|1\n|turn|3\n|\n|t:|1776652305\n|switch|p2a: Tinkaton|Tinkaton, L50, F|100/100\n|-ability|p2a: Tinkaton|Mold Breaker\n|move|p2b: Kyogre|Protect|p2b: Kyogre\n|-singleturn|p2b: Kyogre|Protect\n|move|p1b: Zacian|Behemoth Blade|p2a: Tinkaton\n|-damage|p2a: Tinkaton|2/100\n|move|p1a: Raging Bolt|Dragon Pulse|p2b: Kyogre\n|-activate|p2b: Kyogre|move: Protect\n|\n|-weather|RainDance|[upkeep]\n|upkeep\n|turn|4\n|inactive|clessvgc has 30 seconds left.\n|\n|t:|1776652330\n|move|p2a: Tinkaton|Fake Out|p1b: Zacian\n|-resisted|p1b: Zacian\n|-damage|p1b: Zacian|97/100\n|cant|p1b: Zacian|flinch\n|move|p1a: Raging Bolt|Dragon Pulse|p2b: Kyogre\n|-supereffective|p2b: Kyogre\n|-damage|p2b: Kyogre|33/100\n|move|p2b: Kyogre|Origin Pulse|p1a: Raging Bolt|[spread] p1a\n|-miss|p2b: Kyogre|p1b: Zacian\n|-resisted|p1a: Raging Bolt\n|-damage|p1a: Raging Bolt|19/100\n|\n|-weather|RainDance|[upkeep]\n|-sideend|p1: Vestibulan|move: Tailwind\n|upkeep\n|turn|5\n|\n|t:|1776652351\n|switch|p2a: Landorus|Landorus-Therian, L50, M|100/100\n|-ability|p2a: Landorus|Intimidate|boost\n|-unboost|p1a: Raging Bolt|atk|1\n|-unboost|p1b: Zacian|atk|1\n|move|p1b: Zacian|Play Rough|p2b: Kyogre\n|-supereffective|p2b: Kyogre\n|-damage|p2b: Kyogre|0 fnt\n|faint|p2b: Kyogre\n|move|p1a: Raging Bolt|Calm Mind|p1a: Raging Bolt\n|-boost|p1a: Raging Bolt|spa|1\n|-boost|p1a: Raging Bolt|spd|1\n|\n|-weather|none\n|upkeep\n|\n|t:|1776652360\n|switch|p2b: Tinkaton|Tinkaton, L50, F|2/100\n|-ability|p2b: Tinkaton|Mold Breaker\n|turn|6\n|\n|t:|1776652365\n|move|p1b: Zacian|Protect|p1b: Zacian\n|-singleturn|p1b: Zacian|Protect\n|move|p2b: Tinkaton|Fake Out|p1b: Zacian\n|-activate|p1b: Zacian|move: Protect\n|move|p2a: Landorus|Stomping Tantrum|p1a: Raging Bolt\n|-supereffective|p1a: Raging Bolt\n|-damage|p1a: Raging Bolt|0 fnt\n|faint|p1a: Raging Bolt\n|-end|p1a: Raging Bolt|Protosynthesis|[silent]\n|\n|upkeep\n|turn|7\n|\n|t:|1776652380\n|move|p2a: Landorus|Stomping Tantrum|p1b: Zacian\n|-supereffective|p1b: Zacian\n|-damage|p1b: Zacian|9/100\n|move|p1b: Zacian|Behemoth Blade|p2a: Landorus\n|-damage|p2a: Landorus|34/100\n|move|p2b: Tinkaton|Gigaton Hammer|p1b: Zacian\n|-damage|p1b: Zacian|0 fnt\n|faint|p1b: Zacian\n|\n|win|clessvgc\n|raw|Vestibulan's rating: 1531 &rarr; <strong>1506</strong><br />(-25 for losing)\n|raw|clessvgc's rating: 1443 &rarr; <strong>1468</strong><br />(+25 for winning)\n|l|\u2606Vestibulan\n|player|p1|\n|l|\u2606clessvgc\n|player|p2|\n","uploadtime":1776652541,"views":8,"formatid":"gen9vgc2026regi","rating":1468,"private":0,"password":null}