{"id":"gen9vgc2026regi-2570964259","format":"[Gen 9] VGC 2026 Reg I","players":["notmetastuff","JakeNBake3D"],"log":"|j|\u2606notmetastuff\n|j|\u2606JakeNBake3D\n|t:|1774874591\n|gametype|doubles\n|player|p1|notmetastuff|1|1287\n|player|p2|JakeNBake3D|102|1258\n|gen|9\n|tier|[Gen 9] VGC 2026 Reg I\n|rated|\n|rule|Species Clause: Limit one of each Pok\u00e9mon\n|rule|Item Clause: Limit 1 of each item\n|clearpoke\n|poke|p1|Kyurem-White, L50|\n|poke|p1|Solgaleo, L50|\n|poke|p1|Tornadus, L50, M|\n|poke|p1|Smeargle, L50, M|\n|poke|p1|Incineroar, L50, M|\n|poke|p1|Farigiraf, L50, F|\n|poke|p2|Calyrex-Ice, L50|\n|poke|p2|Lunala, L50|\n|poke|p2|Ursaluna, L50, M|\n|poke|p2|Indeedee-F, L50, F|\n|poke|p2|Urshifu-*, L50, M|\n|poke|p2|Amoonguss, L50, F|\n|teampreview|4\n|inactive|Battle timer is ON: inactive players will automatically lose when time's up. (requested by JakeNBake3D)\n|\n|t:|1774874648\n|teamsize|p1|4\n|teamsize|p2|4\n|start\n|switch|p1a: Incineroar|Incineroar, L50, M|100/100\n|switch|p1b: Solgaleo|Solgaleo, L50|100/100\n|switch|p2a: Calyrex|Calyrex-Ice, L50|100/100\n|switch|p2b: Indeedee|Indeedee-F, L50, F|100/100\n|-ability|p2a: Calyrex|As One\n|-ability|p2a: Calyrex|Unnerve\n|-fieldstart|move: Psychic Terrain|[from] ability: Psychic Surge|[of] p2b: Indeedee\n|-ability|p1a: Incineroar|Intimidate|boost\n|-fail|p2a: Calyrex|unboost|[from] item: Clear Amulet|[of] p2a: Calyrex\n|-unboost|p2b: Indeedee|atk|1\n|turn|1\n|inactive|notmetastuff has 30 seconds left.\n|\n|t:|1774874676\n|move|p2b: Indeedee|Follow Me|p2b: Indeedee\n|-singleturn|p2b: Indeedee|move: Follow Me\n|move|p1b: Solgaleo|Rock Slide|p2a: Calyrex|[spread] p2a,p2b\n|-supereffective|p2a: Calyrex\n|-damage|p2a: Calyrex|76/100\n|-damage|p2b: Indeedee|84/100\n|move|p1a: Incineroar|Knock Off|p2b: Indeedee\n|-supereffective|p2b: Indeedee\n|-damage|p2b: Indeedee|5/100\n|-enditem|p2b: Indeedee|Safety Goggles|[from] move: Knock Off|[of] p1a: Incineroar\n|move|p2a: Calyrex|Trick Room|p2a: Calyrex\n|-fieldstart|move: Trick Room|[of] p2a: Calyrex\n|\n|upkeep\n|turn|2\n|inactive|JakeNBake3D has 30 seconds left.\n|inactive|JakeNBake3D has 20 seconds left.\n|\n|t:|1774874715\n|switch|p2b: Ursaluna|Ursaluna, L50, M|100/100\n|move|p2a: Calyrex|Body Press|p1a: Incineroar\n|-supereffective|p1a: Incineroar\n|-damage|p1a: Incineroar|57/100\n|move|p1a: Incineroar|Will-O-Wisp|p2a: Calyrex\n|-status|p2a: Calyrex|brn\n|move|p1b: Solgaleo|Sunsteel Strike|p2a: Calyrex\n|-supereffective|p2a: Calyrex\n|-damage|p2a: Calyrex|18/100 brn\n|\n|-damage|p2a: Calyrex|13/100 brn|[from] brn\n|-status|p2b: Ursaluna|brn|[from] item: Flame Orb\n|upkeep\n|turn|3\n|inactive|JakeNBake3D has 30 seconds left.\n|inactive|JakeNBake3D has 20 seconds left.\n|inactive|JakeNBake3D has 15 seconds left.\n|inactive|JakeNBake3D has 10 seconds left.\n|inactive|JakeNBake3D has 5 seconds left.\n|\n|t:|1774874767\n|switch|p2a: Indeedee|Indeedee-F, L50, F|5/100\n|move|p1b: Solgaleo|Protect|p1b: Solgaleo\n|-singleturn|p1b: Solgaleo|Protect\n|move|p2b: Ursaluna|Earthquake|p1b: Solgaleo|[spread] p2a,p1a\n|-activate|p1b: Solgaleo|move: Protect\n|-supereffective|p1a: Incineroar\n|-damage|p2a: Indeedee|0 fnt\n|-damage|p1a: Incineroar|0 fnt\n|faint|p2a: Indeedee\n|faint|p1a: Incineroar\n|\n|-damage|p2b: Ursaluna|95/100 brn|[from] brn\n|upkeep\n|\n|t:|1774874787\n|switch|p1a: Smeargle|Smeargle, L50, M|100/100\n|switch|p2a: Calyrex|Calyrex-Ice, L50|13/100 brn\n|-ability|p2a: Calyrex|As One\n|-ability|p2a: Calyrex|Unnerve\n|turn|4\n|inactive|notmetastuff has 30 seconds left.\n|inactive|notmetastuff has 20 seconds left.\n|inactive|notmetastuff has 15 seconds left.\n|inactive|notmetastuff has 10 seconds left.\n|\n|t:|1774874837\n|move|p1a: Smeargle|Follow Me|p1a: Smeargle\n|-singleturn|p1a: Smeargle|move: Follow Me\n|move|p2b: Ursaluna|Headlong Rush|p1a: Smeargle\n|-enditem|p1a: Smeargle|Focus Sash\n|-damage|p1a: Smeargle|1/100\n|-unboost|p2b: Ursaluna|def|1\n|-unboost|p2b: Ursaluna|spd|1\n|move|p2a: Calyrex|Glacial Lance|p1b: Solgaleo|[spread] p1a,p1b\n|-resisted|p1b: Solgaleo\n|-damage|p1a: Smeargle|0 fnt\n|-damage|p1b: Solgaleo|90/100\n|faint|p1a: Smeargle\n|-ability|p2a: Calyrex|Chilling Neigh|boost\n|-boost|p2a: Calyrex|atk|1\n|move|p1b: Solgaleo|Rock Slide|p2a: Calyrex|[spread] p2a,p2b\n|-supereffective|p2a: Calyrex\n|-resisted|p2b: Ursaluna\n|-damage|p2a: Calyrex|0 fnt\n|-damage|p2b: Ursaluna|85/100 brn\n|faint|p2a: Calyrex\n|\n|-damage|p2b: Ursaluna|79/100 brn|[from] brn\n|upkeep\n|\n|t:|1774874859\n|switch|p2a: Urshifu|Urshifu, L50, M|100/100\n|switch|p1a: Kyurem|Kyurem-White, L50|100/100\n|-ability|p1a: Kyurem|Turboblaze\n|turn|5\n|inactive|JakeNBake3D has 30 seconds left.\n|\n|t:|1774874885\n|-terastallize|p1b: Solgaleo|Rock\n|move|p1a: Kyurem|Protect|p1a: Kyurem\n|-singleturn|p1a: Kyurem|Protect\n|move|p1b: Solgaleo|Protect|p1b: Solgaleo\n|-singleturn|p1b: Solgaleo|Protect\n|move|p2b: Ursaluna|Facade|p1a: Kyurem\n|-activate|p1a: Kyurem|move: Protect\n|move|p2a: Urshifu|Close Combat|p1b: Solgaleo\n|-supereffective|p1b: Solgaleo\n|-damage|p1b: Solgaleo|0 fnt\n|-unboost|p2a: Urshifu|def|1\n|-unboost|p2a: Urshifu|spd|1\n|faint|p1b: Solgaleo\n|\n|-damage|p2b: Ursaluna|73/100 brn|[from] brn\n|-fieldend|move: Trick Room\n|-fieldend|move: Psychic Terrain\n|upkeep\n|turn|6\n|inactive|JakeNBake3D has 30 seconds left.\n|\n|t:|1774874913\n|move|p2b: Ursaluna|Protect|p2b: Ursaluna\n|-singleturn|p2b: Ursaluna|Protect\n|move|p1a: Kyurem|Blizzard|p2b: Ursaluna|[spread] p2a\n|-activate|p2b: Ursaluna|move: Protect\n|-damage|p2a: Urshifu|0 fnt\n|faint|p2a: Urshifu\n|-damage|p1a: Kyurem|91/100|[from] item: Life Orb\n|\n|-damage|p2b: Ursaluna|67/100 brn|[from] brn\n|upkeep\n|turn|7\n|\n|t:|1774874927\n|-terastallize|p2b: Ursaluna|Ghost\n|move|p1a: Kyurem|Freeze-Dry|p2b: Ursaluna\n|-damage|p2b: Ursaluna|0 fnt\n|faint|p2b: Ursaluna\n|-damage|p1a: Kyurem|81/100|[from] item: Life Orb\n|\n|win|notmetastuff\n|raw|notmetastuff's rating: 1287 &rarr; <strong>1310</strong><br />(+23 for winning)\n|raw|JakeNBake3D's rating: 1258 &rarr; <strong>1235</strong><br />(-23 for losing)\n|c|\u2606notmetastuff|gg\n","uploadtime":1774874941,"views":16,"formatid":"gen9vgc2026regi","rating":1235,"private":0,"password":null}