{"id":"gen9vgc2026regi-2552378282","format":"[Gen 9] VGC 2026 Reg I","players":["bigbadbirdvgc","fogdocker"],"log":"|j|\u2606bigbadbirdvgc\n|j|\u2606fogdocker\n|t:|1772715479\n|gametype|doubles\n|player|p1|bigbadbirdvgc|101|1420\n|player|p2|fogdocker|2|1524\n|gen|9\n|tier|[Gen 9] VGC 2026 Reg I\n|rated|\n|rule|Species Clause: Limit one of each Pok\u00e9mon\n|rule|Item Clause: Limit 1 of each item\n|clearpoke\n|poke|p1|Kyogre, L50|\n|poke|p1|Farigiraf, L50, M|\n|poke|p1|Miraidon, L50|\n|poke|p1|Tornadus, L50, M|\n|poke|p1|Sableye, L50, F|\n|poke|p1|Gholdengo, L50|\n|poke|p2|Calyrex-Ice, L50|\n|poke|p2|Koraidon, L50|\n|poke|p2|Flutter Mane, L50|\n|poke|p2|Incineroar, L50, M|\n|poke|p2|Rillaboom, L50, M|\n|poke|p2|Annihilape, L50, M|\n|teampreview|4\n|\n|t:|1772715521\n|teamsize|p1|4\n|teamsize|p2|4\n|start\n|switch|p1a: Farigiraf|Farigiraf, L50, M|100/100\n|switch|p1b: Miraidon|Miraidon, L50|100/100\n|switch|p2a: Rillaboom|Rillaboom, L50, M|100/100\n|switch|p2b: Calyrex|Calyrex-Ice, L50|100/100\n|-ability|p2b: Calyrex|As One\n|-ability|p2b: Calyrex|Unnerve\n|-fieldstart|move: Electric Terrain|[from] ability: Hadron Engine|[of] p1b: Miraidon\n|-enditem|p1a: Farigiraf|Electric Seed\n|-boost|p1a: Farigiraf|def|1|[from] item: Electric Seed\n|-fieldstart|move: Grassy Terrain|[from] ability: Grassy Surge|[of] p2a: Rillaboom\n|turn|1\n|\n|t:|1772715552\n|move|p1b: Miraidon|Volt Switch|p2a: Rillaboom\n|-resisted|p2a: Rillaboom\n|-damage|p2a: Rillaboom|89/100\n|\n|t:|1772715558\n|switch|p1b: Sableye|Sableye, L50, F|100/100|[from] Volt Switch\n|move|p2a: Rillaboom|U-turn|p1a: Farigiraf\n|-supereffective|p1a: Farigiraf\n|-damage|p1a: Farigiraf|72/100\n|\n|t:|1772715568\n|switch|p2a: Flutter Mane|Flutter Mane, L50|100/100|[from] U-turn\n|move|p1a: Farigiraf|Psychic|p2a: Flutter Mane\n|-damage|p2a: Flutter Mane|63/100\n|move|p2b: Calyrex|Glacial Lance|p1b: Sableye|[spread] p1a,p1b\n|-damage|p1a: Farigiraf|38/100\n|-damage|p1b: Sableye|52/100\n|\n|-heal|p2a: Flutter Mane|69/100|[from] Grassy Terrain\n|-heal|p1a: Farigiraf|45/100|[from] Grassy Terrain\n|-heal|p1b: Sableye|58/100|[from] Grassy Terrain\n|upkeep\n|turn|2\n|\n|t:|1772715586\n|move|p1b: Sableye|Reflect|p1b: Sableye\n|-sidestart|p1: bigbadbirdvgc|Reflect\n|move|p2a: Flutter Mane|Moonblast|p1b: Sableye\n|-supereffective|p1b: Sableye\n|-damage|p1b: Sableye|0 fnt\n|faint|p1b: Sableye\n|move|p2b: Calyrex|Leech Seed|p1a: Farigiraf\n|-start|p1a: Farigiraf|move: Leech Seed\n|move|p1a: Farigiraf|Trick Room|p1a: Farigiraf\n|-fieldstart|move: Trick Room|[of] p1a: Farigiraf\n|\n|-heal|p1a: Farigiraf|51/100|[from] Grassy Terrain\n|-heal|p2a: Flutter Mane|75/100|[from] Grassy Terrain\n|-damage|p1a: Farigiraf|38/100|[from] Leech Seed|[of] p2b: Calyrex\n|upkeep\n|\n|t:|1772715598\n|switch|p1b: Gholdengo|Gholdengo, L50|100/100\n|turn|3\n|\n|t:|1772715624\n|-terastallize|p2b: Calyrex|Water\n|move|p1a: Farigiraf|Protect|p1a: Farigiraf\n|-singleturn|p1a: Farigiraf|Protect\n|move|p2a: Flutter Mane|Protect|p2a: Flutter Mane\n|-singleturn|p2a: Flutter Mane|Protect\n|move|p1b: Gholdengo|Nasty Plot|p1b: Gholdengo\n|-boost|p1b: Gholdengo|spa|2\n|move|p2b: Calyrex|Trick Room|p2b: Calyrex\n|-fieldend|move: Trick Room\n|\n|-heal|p2a: Flutter Mane|81/100|[from] Grassy Terrain\n|-heal|p1a: Farigiraf|45/100|[from] Grassy Terrain\n|-damage|p1a: Farigiraf|32/100|[from] Leech Seed|[of] p2b: Calyrex\n|upkeep\n|turn|4\n|\n|t:|1772715653\n|move|p1a: Farigiraf|Helping Hand|p1b: Gholdengo\n|-immune|p1b: Gholdengo|[from] ability: Good as Gold\n|move|p2a: Flutter Mane|Shadow Ball|p1b: Gholdengo\n|-supereffective|p1b: Gholdengo\n|-damage|p1b: Gholdengo|13/100\n|move|p1b: Gholdengo|Shadow Ball|p2b: Calyrex\n|-damage|p2b: Calyrex|33/100\n|-damage|p1b: Gholdengo|3/100|[from] item: Life Orb\n|move|p2b: Calyrex|Glacial Lance|p1a: Farigiraf|[spread] p1a,p1b\n|-crit|p1a: Farigiraf\n|-resisted|p1b: Gholdengo\n|-damage|p1a: Farigiraf|0 fnt\n|-damage|p1b: Gholdengo|0 fnt\n|faint|p1a: Farigiraf\n|faint|p1b: Gholdengo\n|-ability|p2b: Calyrex|Chilling Neigh|boost\n|-boost|p2b: Calyrex|atk|2\n|\n|-heal|p2a: Flutter Mane|87/100|[from] Grassy Terrain\n|-heal|p2b: Calyrex|39/100|[from] Grassy Terrain\n|-heal|p2b: Calyrex|44/100|[from] item: Leftovers\n|upkeep\n|\n|t:|1772715672\n|switch|p1b: Miraidon|Miraidon, L50|100/100\n|-fieldstart|move: Electric Terrain|[from] ability: Hadron Engine|[of] p1b: Miraidon\n|turn|5\n|\n|t:|1772715679\n|-end|p2a: Flutter Mane|Protosynthesis|[silent]\n|switch|p2a: Rillaboom|Rillaboom, L50, M|89/100\n|-fieldstart|move: Grassy Terrain|[from] ability: Grassy Surge|[of] p2a: Rillaboom\n|-terastallize|p1b: Miraidon|Fairy\n|move|p2b: Calyrex|Protect|p2b: Calyrex\n|-singleturn|p2b: Calyrex|Protect\n|move|p1b: Miraidon|Dazzling Gleam|p2b: Calyrex|[spread] p2a\n|-activate|p2b: Calyrex|move: Protect\n|-damage|p2a: Rillaboom|70/100\n|\n|-heal|p2a: Rillaboom|76/100|[from] Grassy Terrain\n|-heal|p2b: Calyrex|50/100|[from] Grassy Terrain\n|-heal|p2b: Calyrex|56/100|[from] item: Leftovers\n|upkeep\n|turn|6\n|\n|t:|1772715690\n|move|p2a: Rillaboom|Fake Out|p1b: Miraidon\n|-damage|p1b: Miraidon|93/100\n|cant|p1b: Miraidon|flinch\n|move|p2b: Calyrex|Glacial Lance|p1b: Miraidon\n|-damage|p1b: Miraidon|29/100\n|\n|-heal|p1b: Miraidon|34/100|[from] Grassy Terrain\n|-heal|p2a: Rillaboom|82/100|[from] Grassy Terrain\n|-heal|p2b: Calyrex|62/100|[from] Grassy Terrain\n|-heal|p2b: Calyrex|68/100|[from] item: Leftovers\n|-sideend|p1: bigbadbirdvgc|Reflect\n|upkeep\n|turn|7\n|-message|bigbadbirdvgc forfeited.\n|\n|win|fogdocker\n|raw|bigbadbirdvgc's rating: 1420 &rarr; <strong>1406</strong><br />(-14 for losing)\n|raw|fogdocker's rating: 1524 &rarr; <strong>1538</strong><br />(+14 for winning)\n|l|\u2606bigbadbirdvgc\n|player|p1|\n","uploadtime":1772715703,"views":13,"formatid":"gen9vgc2026regi","rating":1406,"private":0,"password":null}