{"id":"gen9vgc2026regi-2577757550","format":"[Gen 9] VGC 2026 Reg I","players":["jerry rivera","ritovic10"],"log":"|j|\u2606jerry rivera\n|j|\u2606ritovic10\n|t:|1775602865\n|gametype|doubles\n|player|p1|jerry rivera|silver|1547\n|player|p2|ritovic10|blaine|1496\n|gen|9\n|tier|[Gen 9] VGC 2026 Reg I\n|rated|\n|rule|Species Clause: Limit one of each Pok\u00e9mon\n|rule|Item Clause: Limit 1 of each item\n|clearpoke\n|poke|p1|Kyogre, L50|\n|poke|p1|Zacian-*, L50|\n|poke|p1|Tornadus, L50, M|\n|poke|p1|Indeedee-F, L50, F|\n|poke|p1|Urshifu-*, L50, F|\n|poke|p1|Ditto, L50|\n|poke|p2|Roaring Moon, L50|\n|poke|p2|Zacian-*, L50|\n|poke|p2|Chien-Pao, L50|\n|poke|p2|Groudon, L50|\n|poke|p2|Tornadus, L50, M|\n|poke|p2|Ogerpon-Hearthflame, L50, F|\n|teampreview|4\nritovic10 has agreed to open team sheets.\n|inactive|Battle timer is ON: inactive players will automatically lose when time's up. (requested by ritovic10)\n|\n|t:|1775602920\n|teamsize|p1|4\n|teamsize|p2|4\n|start\n|switch|p1a: Jerry Rivera|Kyogre, L50|100/100\n|switch|p1b: Bukele|Tornadus, L50, M|100/100\n|switch|p2a: Tornadus|Tornadus, L50, M|100/100\n|switch|p2b: Groudon|Groudon, L50|100/100\n|-weather|RainDance|[from] ability: Drizzle|[of] p1a: Jerry Rivera\n|-weather|SunnyDay|[from] ability: Drought|[of] p2b: Groudon\n|turn|1\n|inactive|jerry rivera has 30 seconds left.\n|inactive|ritovic10 has 30 seconds left.\n|\n|t:|1775602953\n|-terastallize|p2b: Groudon|Dark\n|move|p1b: Bukele|Rain Dance|p1b: Bukele\n|-weather|RainDance\n|move|p2a: Tornadus|Tailwind|p2a: Tornadus\n|-sidestart|p2: ritovic10|move: Tailwind\n|move|p2b: Groudon|Precipice Blades|p1a: Jerry Rivera|[spread] p1a\n|-immune|p1b: Bukele\n|-damage|p1a: Jerry Rivera|34/100\n|move|p1a: Jerry Rivera|Origin Pulse|p2a: Tornadus|[spread] p2a,p2b\n|-damage|p2a: Tornadus|0 fnt\n|-damage|p2b: Groudon|39/100\n|faint|p2a: Tornadus\n|\n|-weather|RainDance|[upkeep]\n|upkeep\n|\n|t:|1775602966\n|switch|p2a: Zacian|Zacian-Crowned, L50|100/100\n|-ability|p2a: Zacian|Intrepid Sword|boost\n|-boost|p2a: Zacian|atk|1\n|turn|2\n|\n|t:|1775602981\n|switch|p2b: Roaring Moon|Roaring Moon, L50|100/100\n|move|p1b: Bukele|Tailwind|p1b: Bukele\n|-sidestart|p1: jerry rivera|move: Tailwind\n|move|p2a: Zacian|Play Rough|p1a: Jerry Rivera\n|-damage|p1a: Jerry Rivera|0 fnt\n|faint|p1a: Jerry Rivera\n|\n|-weather|RainDance|[upkeep]\n|upkeep\n|\n|t:|1775602992\n|switch|p1a: F4b C4nch4|Zacian-Crowned, L50|100/100\n|-ability|p1a: F4b C4nch4|Intrepid Sword|boost\n|-boost|p1a: F4b C4nch4|atk|1\n|turn|3\n|\n|t:|1775603009\n|-end|p2b: Roaring Moon|Protosynthesis|[silent]\n|switch|p2b: Groudon|Groudon, L50, tera:Dark|39/100\n|-weather|SunnyDay|[from] ability: Drought|[of] p2b: Groudon\n|move|p1a: F4b C4nch4|Protect|p1a: F4b C4nch4\n|-singleturn|p1a: F4b C4nch4|Protect\n|move|p2a: Zacian|Behemoth Blade|p1a: F4b C4nch4\n|-activate|p1a: F4b C4nch4|move: Protect\n|move|p1b: Bukele|Bleakwind Storm|p2b: Groudon|[spread] p2a,p2b\n|-resisted|p2a: Zacian\n|-damage|p2a: Zacian|83/100\n|-damage|p2b: Groudon|16/100\n|\n|-weather|SunnyDay|[upkeep]\n|upkeep\n|turn|4\n|\n|t:|1775603030\n|-terastallize|p1a: F4b C4nch4|Dragon\n|move|p2a: Zacian|Behemoth Blade|p1a: F4b C4nch4\n|-damage|p1a: F4b C4nch4|26/100\n|move|p1a: F4b C4nch4|Behemoth Blade|p2a: Zacian\n|-damage|p2a: Zacian|6/100\n|move|p1b: Bukele|Bleakwind Storm|p2a: Zacian|[spread] p2a,p2b\n|-resisted|p2a: Zacian\n|-damage|p2a: Zacian|0 fnt\n|-damage|p2b: Groudon|0 fnt\n|faint|p2a: Zacian\n|faint|p2b: Groudon\n|\n|-weather|SunnyDay|[upkeep]\n|-sideend|p2: ritovic10|move: Tailwind\n|upkeep\n|\n|t:|1775603038\n|switch|p2b: Roaring Moon|Roaring Moon, L50|100/100\n|-activate|p2b: Roaring Moon|ability: Protosynthesis\n|-start|p2b: Roaring Moon|protosynthesisspe\n|turn|5\n|\n|t:|1775603049\n|move|p1b: Bukele|Rain Dance|p1b: Bukele\n|-weather|RainDance\n|-end|p2b: Roaring Moon|Protosynthesis\n|move|p1a: F4b C4nch4|Play Rough|p2b: Roaring Moon\n|-supereffective|p2b: Roaring Moon\n|-damage|p2b: Roaring Moon|0 fnt\n|faint|p2b: Roaring Moon\n|-end|p2b: Roaring Moon|Protosynthesis|[silent]\n|\n|win|jerry rivera\n|raw|jerry rivera's rating: 1547 &rarr; <strong>1564</strong><br />(+17 for winning)\n|raw|ritovic10's rating: 1496 &rarr; <strong>1479</strong><br />(-17 for losing)\n|l|\u2606ritovic10\n|player|p2|\n|l|\u2606jerry rivera\n|player|p1|\n","uploadtime":1775603187,"views":9,"formatid":"gen9vgc2026regi","rating":1479,"private":0,"password":null}