{"id":"gen9vgc2026regi-2563321801","format":"[Gen 9] VGC 2026 Reg I","players":["ScribbleScribble","Ice124567890"],"log":"|j|\u2606ScribbleScribble\n|j|\u2606Ice124567890\n|t:|1774016180\n|gametype|doubles\n|player|p1|ScribbleScribble|mina-lgpe|1663\n|player|p2|Ice124567890|265|1621\n|gen|9\n|tier|[Gen 9] VGC 2026 Reg I\n|rated|\n|rule|Species Clause: Limit one of each Pok\u00e9mon\n|rule|Item Clause: Limit 1 of each item\n|clearpoke\n|poke|p1|Calyrex-Ice, L50|\n|poke|p1|Kyogre, L50|\n|poke|p1|Tornadus, L50, M|\n|poke|p1|Indeedee-F, L50, F|\n|poke|p1|Urshifu-*, L50, M|\n|poke|p1|Landorus, L50, M|\n|poke|p2|Zacian-*, L50|\n|poke|p2|Calyrex-Shadow, L50|\n|poke|p2|Tornadus, L50, M|\n|poke|p2|Landorus, L50, M|\n|poke|p2|Incineroar, L50, M|\n|poke|p2|Ogerpon-Wellspring, L50, F|\n|teampreview|4\n|inactive|Battle timer is ON: inactive players will automatically lose when time's up. (requested by ScribbleScribble)\n|inactive|Ice124567890 also wants the timer to be on.\n|\n|t:|1774016203\n|teamsize|p1|4\n|teamsize|p2|4\n|start\n|switch|p1a: Calyrex|Calyrex-Ice, L50|100/100\n|switch|p1b: Indeedee|Indeedee-F, L50, F, shiny|100/100\n|switch|p2a: Ogerpon|Ogerpon-Wellspring, L50, F|100/100\n|switch|p2b: Incineroar|Incineroar, L50, M|100/100\n|-ability|p1a: Calyrex|As One\n|-ability|p1a: Calyrex|Unnerve\n|-fieldstart|move: Psychic Terrain|[from] ability: Psychic Surge|[of] p1b: Indeedee\n|-enditem|p1b: Indeedee|Psychic Seed\n|-boost|p1b: Indeedee|spd|1|[from] item: Psychic Seed\n|-ability|p2b: Incineroar|Intimidate|boost\n|-fail|p1a: Calyrex|unboost|[from] item: Clear Amulet|[of] p1a: Calyrex\n|-unboost|p1b: Indeedee|atk|1\n|turn|1\n|\n|t:|1774016223\n|move|p1b: Indeedee|Follow Me|p1b: Indeedee\n|-singleturn|p1b: Indeedee|move: Follow Me\n|move|p2a: Ogerpon|Ivy Cudgel|p1b: Indeedee|[anim] Ivy Cudgel Water\n|-damage|p1b: Indeedee|49/100\n|move|p1a: Calyrex|Glacial Lance|p2a: Ogerpon|[spread] p2a,p2b\n|-resisted|p2b: Incineroar\n|-damage|p2a: Ogerpon|42/100\n|-damage|p2b: Incineroar|79/100\n|move|p2b: Incineroar|U-turn|p1b: Indeedee\n|-supereffective|p1b: Indeedee\n|-damage|p1b: Indeedee|11/100\n|\n|t:|1774016236\n|switch|p2b: Calyrex|Calyrex-Shadow, L50|100/100|[from] U-turn\n|-ability|p2b: Calyrex|As One\n|-ability|p2b: Calyrex|Unnerve\n|\n|upkeep\n|turn|2\n|inactive|ScribbleScribble has 30 seconds left.\n|inactive|ScribbleScribble has 20 seconds left.\n|inactive|ScribbleScribble has 15 seconds left.\n|inactive|ScribbleScribble has 10 seconds left.\n|\n|t:|1774016286\n|switch|p2b: Incineroar|Incineroar, L50, M|79/100\n|-ability|p2b: Incineroar|Intimidate|boost\n|-fail|p1a: Calyrex|unboost|[from] item: Clear Amulet|[of] p1a: Calyrex\n|-unboost|p1b: Indeedee|atk|1\n|-terastallize|p1a: Calyrex|Grass\n|move|p2a: Ogerpon|Ivy Cudgel|p1b: Indeedee|[anim] Ivy Cudgel Water\n|-damage|p1b: Indeedee|0 fnt\n|faint|p1b: Indeedee\n|move|p1a: Calyrex|Trick Room|p1a: Calyrex\n|-fieldstart|move: Trick Room|[of] p1a: Calyrex\n|\n|upkeep\n|\n|t:|1774016289\n|switch|p1b: Kyogre|Kyogre, L50|100/100\n|-weather|RainDance|[from] ability: Drizzle|[of] p1b: Kyogre\n|turn|3\n|\n|t:|1774016308\n|move|p2b: Incineroar|Flare Blitz|p1a: Calyrex\n|-supereffective|p1a: Calyrex\n|-damage|p1a: Calyrex|68/100\n|-damage|p2b: Incineroar|69/100|[from] Recoil\n|move|p1a: Calyrex|Glacial Lance|p2a: Ogerpon|[spread] p2a,p2b\n|-resisted|p2b: Incineroar\n|-damage|p2a: Ogerpon|0 fnt\n|-damage|p2b: Incineroar|45/100\n|faint|p2a: Ogerpon\n|-ability|p1a: Calyrex|Chilling Neigh|boost\n|-boost|p1a: Calyrex|atk|1\n|move|p1b: Kyogre|Water Spout|p2b: Incineroar\n|-supereffective|p2b: Incineroar\n|-damage|p2b: Incineroar|0 fnt\n|faint|p2b: Incineroar\n|\n|-weather|RainDance|[upkeep]\n|upkeep\n|\n|t:|1774016315\n|switch|p2b: Zacian|Zacian-Crowned, L50|100/100\n|switch|p2a: Calyrex|Calyrex-Shadow, L50|100/100\n|-ability|p2a: Calyrex|As One\n|-ability|p2a: Calyrex|Unnerve\n|-ability|p2b: Zacian|Intrepid Sword|boost\n|-boost|p2b: Zacian|atk|1\n|turn|4\n|\n|t:|1774016328\n|move|p2b: Zacian|Protect|p2b: Zacian\n|-singleturn|p2b: Zacian|Protect\n|move|p2a: Calyrex|Protect|p2a: Calyrex\n|-singleturn|p2a: Calyrex|Protect\n|move|p1a: Calyrex|Glacial Lance|p2b: Zacian|[spread] \n|-activate|p2a: Calyrex|move: Protect\n|-activate|p2b: Zacian|move: Protect\n|move|p1b: Kyogre|Water Spout|p2a: Calyrex|[spread] \n|-activate|p2a: Calyrex|move: Protect\n|-activate|p2b: Zacian|move: Protect\n|\n|-weather|RainDance|[upkeep]\n|upkeep\n|turn|5\n|\n|t:|1774016343\n|move|p2b: Zacian|Protect||[still]\n|-fail|p2b: Zacian\n|move|p2a: Calyrex|Protect|p2a: Calyrex\n|-singleturn|p2a: Calyrex|Protect\n|move|p1a: Calyrex|Glacial Lance|p2b: Zacian|[spread] p2b\n|-activate|p2a: Calyrex|move: Protect\n|-resisted|p2b: Zacian\n|-damage|p2b: Zacian|68/100\n|move|p1b: Kyogre|Water Spout|p2a: Calyrex|[spread] p2b\n|-activate|p2a: Calyrex|move: Protect\n|-damage|p2b: Zacian|0 fnt\n|faint|p2b: Zacian\n|\n|-weather|RainDance|[upkeep]\n|-fieldend|move: Psychic Terrain\n|upkeep\n|turn|6\n|\n|t:|1774016350\n|move|p2a: Calyrex|Protect||[still]\n|-fail|p2a: Calyrex\n|move|p1a: Calyrex|Glacial Lance|p2a: Calyrex\n|-enditem|p2a: Calyrex|Focus Sash\n|-damage|p2a: Calyrex|1/100\n|move|p1b: Kyogre|Water Spout|p2a: Calyrex\n|-damage|p2a: Calyrex|0 fnt\n|faint|p2a: Calyrex\n|\n|win|ScribbleScribble\n|raw|ScribbleScribble's rating: 1636 &rarr; <strong>1655</strong><br />(+19 for winning)\n|raw|Ice124567890's rating: 1621 &rarr; <strong>1602</strong><br />(-19 for losing)\n|l|\u2606ScribbleScribble\n|player|p1|\n|l|\u2606Ice124567890\n|player|p2|\n","uploadtime":1774016490,"views":61,"formatid":"gen9vgc2026regi","rating":1602,"private":0,"password":null}