{"id":"gen9vgc2026regi-2561690588","format":"[Gen 9] VGC 2026 Reg I","players":["TheManOfSausage","ev_evan"],"log":"|j|\u2606TheManOfSausage\n|j|\u2606ev_evan\n|t:|1773833322\n|gametype|doubles\n|player|p1|TheManOfSausage|miku-water|1441\n|player|p2|ev_evan|2|1302\n|gen|9\n|tier|[Gen 9] VGC 2026 Reg I\n|rated|\n|rule|Species Clause: Limit one of each Pok\u00e9mon\n|rule|Item Clause: Limit 1 of each item\n|clearpoke\n|poke|p1|Calyrex-Shadow, L50|\n|poke|p1|Miraidon, L50|\n|poke|p1|Clefairy, L50, M|\n|poke|p1|Rillaboom, L50, M|\n|poke|p1|Incineroar, L50, M|\n|poke|p1|Iron Bundle, L50|\n|poke|p2|Raging Bolt, L50|\n|poke|p2|Miraidon, L50|\n|poke|p2|Calyrex-Ice, L50|\n|poke|p2|Incineroar, L50, M|\n|poke|p2|Iron Jugulis, L50|\n|poke|p2|Ursaluna-Bloodmoon, L50, M|\n|teampreview|4\n|inactive|Battle timer is ON: inactive players will automatically lose when time's up. (requested by ev_evan)\nTheManOfSausage has agreed to open team sheets.\n|\n|t:|1773833342\n|teamsize|p1|4\n|teamsize|p2|4\n|start\n|switch|p1a: Magical Mirai|Miraidon, L50|100/100\n|switch|p1b: Iron Bundle|Iron Bundle, L50|100/100\n|switch|p2a: Iron Jugulis|Iron Jugulis, L50|100/100\n|switch|p2b: Incineroar|Incineroar, L50, M|100/100\n|-fieldstart|move: Electric Terrain|[from] ability: Hadron Engine|[of] p1a: Magical Mirai\n|-activate|p1b: Iron Bundle|ability: Quark Drive\n|-start|p1b: Iron Bundle|quarkdrivespe\n|-activate|p2a: Iron Jugulis|ability: Quark Drive\n|-start|p2a: Iron Jugulis|quarkdrivespe\n|-ability|p2b: Incineroar|Intimidate|boost\n|-unboost|p1a: Magical Mirai|atk|1\n|-unboost|p1b: Iron Bundle|atk|1\n|turn|1\n|\n|t:|1773833349\n|move|p2b: Incineroar|Fake Out|p1b: Iron Bundle\n|-damage|p1b: Iron Bundle|82/100\n|cant|p1b: Iron Bundle|flinch\n|move|p2a: Iron Jugulis|Tailwind|p2a: Iron Jugulis\n|-sidestart|p2: ev_evan|move: Tailwind\n|move|p1a: Magical Mirai|Volt Switch|p2a: Iron Jugulis\n|-supereffective|p2a: Iron Jugulis\n|-damage|p2a: Iron Jugulis|0 fnt\n|faint|p2a: Iron Jugulis\n|-end|p2a: Iron Jugulis|Quark Drive|[silent]\n|\n|t:|1773833355\n|switch|p1a: Rice Shower|Calyrex-Shadow, L50|100/100|[from] Volt Switch\n|-ability|p1a: Rice Shower|As One\n|-ability|p1a: Rice Shower|Unnerve\n|\n|upkeep\n|\n|t:|1773833363\n|switch|p2a: Miraidon|Miraidon, L50|100/100\n|-activate|p2a: Miraidon|ability: Hadron Engine\n|turn|2\n|\n|t:|1773833368\n|move|p1a: Rice Shower|Protect|p1a: Rice Shower\n|-singleturn|p1a: Rice Shower|Protect\n|move|p2a: Miraidon|Volt Switch|p1a: Rice Shower\n|-activate|p1a: Rice Shower|move: Protect\n|move|p1b: Iron Bundle|Icy Wind|p2a: Miraidon|[spread] p2a,p2b\n|-supereffective|p2a: Miraidon\n|-resisted|p2b: Incineroar\n|-damage|p2a: Miraidon|59/100\n|-damage|p2b: Incineroar|94/100\n|-unboost|p2a: Miraidon|spe|1\n|-unboost|p2b: Incineroar|spe|1\n|move|p2b: Incineroar|Knock Off|p1a: Rice Shower\n|-activate|p1a: Rice Shower|move: Protect\n|\n|upkeep\n|turn|3\n|\n|t:|1773833378\n|-terastallize|p1a: Rice Shower|Fairy\n|move|p1b: Iron Bundle|Icy Wind|p2b: Incineroar|[spread] p2a,p2b\n|-supereffective|p2a: Miraidon\n|-resisted|p2b: Incineroar\n|-damage|p2a: Miraidon|18/100\n|-damage|p2b: Incineroar|88/100\n|-unboost|p2a: Miraidon|spe|1\n|-unboost|p2b: Incineroar|spe|1\n|move|p1a: Rice Shower|Astral Barrage|p2b: Incineroar|[spread] p2a,p2b\n|-resisted|p2b: Incineroar\n|-damage|p2a: Miraidon|0 fnt\n|-damage|p2b: Incineroar|71/100\n|faint|p2a: Miraidon\n|-ability|p1a: Rice Shower|Grim Neigh|boost\n|-boost|p1a: Rice Shower|spa|1\n|move|p2b: Incineroar|Knock Off|p1a: Rice Shower\n|-resisted|p1a: Rice Shower\n|-damage|p1a: Rice Shower|73/100\n|-enditem|p1a: Rice Shower|Covert Cloak|[from] move: Knock Off|[of] p2b: Incineroar\n|\n|upkeep\n|\n|t:|1773833387\n|switch|p2a: Raging Bolt|Raging Bolt, L50|100/100\n|turn|4\n|\n|t:|1773833401\n|-end|p1b: Iron Bundle|Quark Drive|[silent]\n|switch|p1b: Clefairy|Clefairy, L50, M|100/100\n|-terastallize|p2a: Raging Bolt|Electric\n|move|p1a: Rice Shower|Protect|p1a: Rice Shower\n|-singleturn|p1a: Rice Shower|Protect\n|move|p2a: Raging Bolt|Thunderclap||[still]\n|-fail|p2a: Raging Bolt\n|move|p2b: Incineroar|Knock Off|p1b: Clefairy\n|-resisted|p1b: Clefairy\n|-damage|p1b: Clefairy|76/100\n|-enditem|p1b: Clefairy|Eviolite|[from] move: Knock Off|[of] p2b: Incineroar\n|\n|-sideend|p2: ev_evan|move: Tailwind\n|upkeep\n|turn|5\n|\n|t:|1773833414\n|move|p1b: Clefairy|Follow Me|p1b: Clefairy\n|-singleturn|p1b: Clefairy|move: Follow Me\n|move|p1a: Rice Shower|Astral Barrage|p2a: Raging Bolt|[spread] p2a,p2b\n|-resisted|p2b: Incineroar\n|-damage|p2a: Raging Bolt|33/100\n|-damage|p2b: Incineroar|45/100\n|move|p2a: Raging Bolt|Rising Voltage|p1b: Clefairy\n|-hint|Rising Voltage's BP doubled on grounded target.\n|-damage|p1b: Clefairy|0 fnt\n|faint|p1b: Clefairy\n|-damage|p2a: Raging Bolt|23/100|[from] item: Life Orb\n|move|p2b: Incineroar|Flare Blitz|p1a: Rice Shower\n|-damage|p1a: Rice Shower|0 fnt\n|faint|p1a: Rice Shower\n|-damage|p2b: Incineroar|23/100|[from] Recoil\n|\n|-fieldend|move: Electric Terrain\n|upkeep\n|\n|t:|1773833418\n|switch|p1a: Iron Bundle|Iron Bundle, L50|82/100\n|switch|p1b: Magical Mirai|Miraidon, L50|100/100\n|-fieldstart|move: Electric Terrain|[from] ability: Hadron Engine|[of] p1b: Magical Mirai\n|-activate|p1a: Iron Bundle|ability: Quark Drive\n|-start|p1a: Iron Bundle|quarkdrivespe\n|turn|6\n|\n|t:|1773833434\n|move|p2a: Raging Bolt|Thunderclap||[still]\n|-fail|p2a: Raging Bolt\n|move|p1a: Iron Bundle|Encore|p2a: Raging Bolt\n|-start|p2a: Raging Bolt|Encore\n|move|p1b: Magical Mirai|Electro Drift|p2b: Incineroar\n|-damage|p2b: Incineroar|0 fnt\n|faint|p2b: Incineroar\n|\n|upkeep\n|turn|7\n|\n|t:|1773833443\n|move|p2a: Raging Bolt|Thunderclap|p1b: Magical Mirai\n|-resisted|p1b: Magical Mirai\n|-damage|p1b: Magical Mirai|82/100\n|-damage|p2a: Raging Bolt|13/100|[from] item: Life Orb\n|move|p1a: Iron Bundle|Encore|p1b: Magical Mirai\n|-start|p1b: Magical Mirai|Encore\n|move|p1b: Magical Mirai|Electro Drift|p2a: Raging Bolt\n|-resisted|p2a: Raging Bolt\n|-damage|p2a: Raging Bolt|0 fnt\n|faint|p2a: Raging Bolt\n|-end|p2a: Raging Bolt|Protosynthesis|[silent]\n|\n|win|TheManOfSausage\n|raw|TheManOfSausage's rating: 1441 &rarr; <strong>1453</strong><br />(+12 for winning)\n|raw|ev_evan's rating: 1302 &rarr; <strong>1290</strong><br />(-12 for losing)\n|l|\u2606ev_evan\n|player|p2|\n|c|\u2606TheManOfSausage|gg\n|l|\u2606TheManOfSausage\n|player|p1|\n","uploadtime":1773833672,"views":11,"formatid":"gen9vgc2026regi","rating":1290,"private":0,"password":null}