{"id":"gen9vgc2026regi-2579608641","format":"[Gen 9] VGC 2026 Reg I","players":["xiaoliyunVGC","TheManOfSausage"],"log":"|j|\u2606xiaoliyunVGC\n|j|\u2606TheManOfSausage\n|t:|1775805154\n|gametype|doubles\n|player|p1|xiaoliyunVGC|liko|1504\n|player|p2|TheManOfSausage|miku-water|1647\n|gen|9\n|tier|[Gen 9] VGC 2026 Reg I\n|rated|\n|rule|Species Clause: Limit one of each Pok\u00e9mon\n|rule|Item Clause: Limit 1 of each item\n|clearpoke\n|poke|p1|Miraidon, L50|\n|poke|p1|Zamazenta-*, L50|\n|poke|p1|Dragonite, L50, F|\n|poke|p1|Chien-Pao, L50|\n|poke|p1|Clefairy, L50, F|\n|poke|p1|Volcarona, L50, F|\n|poke|p2|Calyrex-Ice, L50|\n|poke|p2|Miraidon, L50|\n|poke|p2|Farigiraf, L50, F|\n|poke|p2|Urshifu-*, L50, M|\n|poke|p2|Volcarona, L50, M|\n|poke|p2|Iron Hands, L50|\n|teampreview|4\n|inactive|Battle timer is ON: inactive players will automatically lose when time's up. (requested by xiaoliyunVGC)\nTheManOfSausage has agreed to open team sheets.\nxiaoliyunVGC has agreed to open team sheets.\n|showteam|p1|Miraidon||LifeOrb|HadronEngine|ElectroDrift,VoltSwitch,DracoMeteor,Protect||||||50|,,,,,Electric]Zamazenta-Crowned||RustedShield|DauntlessShield|BodyPress,behemothbash,WideGuard,Protect||||||50|,,,,,Fighting]Dragonite||ChoiceBand|InnerFocus|ExtremeSpeed,Outrage,StompingTantrum,LowKick|||F|||50|,,,,,Normal]Chien-Pao||AssaultVest|SwordofRuin|IcyWind,Ruination,IcicleCrash,SuckerPunch||||||50|,,,,,Ghost]Clefairy||Eviolite|FriendGuard|FollowMe,AfterYou,Protect,HelpingHand|||F|||50|,,,,,Ground]Volcarona||Leftovers|FlameBody|Flamethrower,QuiverDance,Protect,StruggleBug|||F|||50|,,,,,Dragon\n|showteam|p2|Calyrex-Ice||ClearAmulet|AsOneGlastrier|GlacialLance,HighHorsepower,TrickRoom,Protect||||||50|,,,,,Water]Miraidon||ChoiceScarf|HadronEngine|ElectroDrift,VoltSwitch,DracoMeteor,Snarl||||||50|,,,,,Electric]Farigiraf||ElectricSeed|ArmorTail|Psychic,FoulPlay,TrickRoom,HelpingHand|||F|||50|,,,,,Water]Urshifu-Rapid-Strike||FocusSash|UnseenFist|CloseCombat,SurgingStrikes,AquaJet,Detect|||M|||50|,,,,,Stellar]Volcarona||RockyHelmet|FlameBody|FieryDance,StruggleBug,RagePowder,Protect|||M|||50|,,,,,Dragon]Iron Hands||AssaultVest|QuarkDrive|DrainPunch,WildCharge,LowKick,FakeOut||||||50|,,,,,Water\n|inactive|xiaoliyunVGC has 60 seconds left.\n|\n|t:|1775805196\n|teamsize|p1|4\n|teamsize|p2|4\n|start\n|switch|p1a: Zamazenta|Zamazenta-Crowned, L50, shiny|100/100\n|switch|p1b: Chien-Pao|Chien-Pao, L50, shiny|100/100\n|switch|p2a: Magical Mirai|Miraidon, L50|100/100\n|switch|p2b: Ogurin|Calyrex-Ice, L50|100/100\n|-ability|p2b: Ogurin|As One\n|-ability|p2b: Ogurin|Unnerve\n|-fieldstart|move: Electric Terrain|[from] ability: Hadron Engine|[of] p2a: Magical Mirai\n|-ability|p1b: Chien-Pao|Sword of Ruin\n|-ability|p1a: Zamazenta|Dauntless Shield|boost\n|-boost|p1a: Zamazenta|def|1\n|turn|1\n|\n|t:|1775805216\n|switch|p2b: Volcarona|Volcarona, L50, M, shiny|100/100\n|-terastallize|p2a: Magical Mirai|Electric\n|-terastallize|p1a: Zamazenta|Fighting\n|move|p2a: Magical Mirai|Electro Drift|p1b: Chien-Pao\n|-damage|p1b: Chien-Pao|0 fnt\n|faint|p1b: Chien-Pao\n|move|p1a: Zamazenta|Body Press|p2b: Volcarona\n|-resisted|p2b: Volcarona\n|-damage|p2b: Volcarona|41/100\n|-damage|p1a: Zamazenta|84/100|[from] item: Rocky Helmet|[of] p2b: Volcarona\n|\n|upkeep\n|\n|t:|1775805226\n|switch|p1b: Miraidon|Miraidon, L50, shiny|100/100\n|-activate|p1b: Miraidon|ability: Hadron Engine\n|turn|2\n|\n|t:|1775805236\n|move|p1a: Zamazenta|Protect|p1a: Zamazenta\n|-singleturn|p1a: Zamazenta|Protect\n|move|p2b: Volcarona|Rage Powder|p2b: Volcarona\n|-singleturn|p2b: Volcarona|move: Rage Powder\n|move|p2a: Magical Mirai|Electro Drift|p1a: Zamazenta\n|-activate|p1a: Zamazenta|move: Protect\n|move|p1b: Miraidon|Volt Switch|p2b: Volcarona\n|-damage|p2b: Volcarona|0 fnt\n|faint|p2b: Volcarona\n|-damage|p1b: Miraidon|91/100|[from] item: Life Orb\n|\n|t:|1775805242\n|switch|p1b: Clefairy|Clefairy, L50, F, shiny|100/100|[from] Volt Switch\n|\n|upkeep\n|\n|t:|1775805254\n|switch|p2b: Brian|Iron Hands, L50, shiny|100/100\n|-activate|p2b: Brian|ability: Quark Drive\n|-start|p2b: Brian|quarkdriveatk\n|turn|3\n|\n|t:|1775805269\n|move|p1b: Clefairy|Follow Me|p1b: Clefairy\n|-singleturn|p1b: Clefairy|move: Follow Me\n|move|p2a: Magical Mirai|Electro Drift|p1b: Clefairy\n|-damage|p1b: Clefairy|0 fnt\n|faint|p1b: Clefairy\n|move|p1a: Zamazenta|Body Press|p2a: Magical Mirai\n|-damage|p2a: Magical Mirai|6/100\n|move|p2b: Brian|Low Kick|p1a: Zamazenta\n|-damage|p1a: Zamazenta|46/100\n|\n|upkeep\n|\n|t:|1775805280\n|switch|p1b: Miraidon|Miraidon, L50, shiny|91/100\n|-activate|p1b: Miraidon|ability: Hadron Engine\n|turn|4\n|\n|t:|1775805300\n|move|p2a: Magical Mirai|Electro Drift|p1b: Miraidon\n|-resisted|p1b: Miraidon\n|-damage|p1b: Miraidon|60/100\n|move|p1b: Miraidon|Volt Switch|p2a: Magical Mirai\n|-resisted|p2a: Magical Mirai\n|-damage|p2a: Magical Mirai|0 fnt\n|faint|p2a: Magical Mirai\n|-damage|p1b: Miraidon|51/100|[from] item: Life Orb\n|move|p1a: Zamazenta|Body Press|p2b: Brian\n|-damage|p2b: Brian|39/100\n|move|p2b: Brian|Low Kick|p1b: Miraidon\n|-damage|p1b: Miraidon|0 fnt\n|faint|p1b: Miraidon\n|\n|upkeep\n|\n|t:|1775805303\n|switch|p2a: Ogurin|Calyrex-Ice, L50|100/100\n|-ability|p2a: Ogurin|As One\n|-ability|p2a: Ogurin|Unnerve\n|turn|5\n|\n|t:|1775805323\n|move|p1a: Zamazenta|Body Press|p2b: Brian\n|-damage|p2b: Brian|0 fnt\n|faint|p2b: Brian\n|-end|p2b: Brian|Quark Drive|[silent]\n|move|p2a: Ogurin|Glacial Lance|p1a: Zamazenta\n|-damage|p1a: Zamazenta|16/100\n|\n|-fieldend|move: Electric Terrain\n|upkeep\n|turn|6\n|\n|t:|1775805330\n|move|p1a: Zamazenta|Body Press|p2a: Ogurin\n|-damage|p2a: Ogurin|42/100\n|move|p2a: Ogurin|Glacial Lance|p1a: Zamazenta\n|-damage|p1a: Zamazenta|0 fnt\n|faint|p1a: Zamazenta\n|\n|win|TheManOfSausage\n|raw|xiaoliyunVGC's rating: 1504 &rarr; <strong>1492</strong><br />(-12 for losing)\n|raw|TheManOfSausage's rating: 1647 &rarr; <strong>1659</strong><br />(+12 for winning)\n|l|\u2606xiaoliyunVGC\n|player|p1|\n|l|\u2606TheManOfSausage\n|player|p2|\n","uploadtime":1775805553,"views":13,"formatid":"gen9vgc2026regi","rating":1492,"private":0,"password":null}