{"id":"gen9vgc2026regi-2522796542","format":"[Gen 9] VGC 2026 Reg I","players":["j0l0k0","RedDrag"],"log":"|j|\u2606j0l0k0\n|j|\u2606RedDrag\n|t:|1768945060\n|gametype|doubles\n|player|p1|j0l0k0|brycen|1331\n|player|p2|RedDrag|red|1373\n|gen|9\n|tier|[Gen 9] VGC 2026 Reg I\n|rated|\n|rule|Species Clause: Limit one of each Pok\u00e9mon\n|rule|Item Clause: Limit 1 of each item\n|clearpoke\n|poke|p1|Calyrex-Ice, L50|\n|poke|p1|Kyogre, L50|\n|poke|p1|Indeedee-F, L50, F|\n|poke|p1|Urshifu-*, L50, F|\n|poke|p1|Amoonguss, L50, F|\n|poke|p1|Landorus, L50, M|\n|poke|p2|Miraidon, L50|\n|poke|p2|Riolu, L50, F|\n|poke|p2|Ursaluna, L50, M|\n|poke|p2|Dialga-Origin, L50|\n|poke|p2|Dondozo, L50, F|\n|poke|p2|Tatsugiri, L50, M|\n|teampreview|4\n|inactive|Battle timer is ON: inactive players will automatically lose when time's up. (requested by j0l0k0)\n|j| BigMalice\n|inactive|RedDrag has 60 seconds left.\n|\n|t:|1768945121\n|teamsize|p1|4\n|teamsize|p2|4\n|start\n|switch|p1a: Indeedee|Indeedee-F, L50, F, shiny|100/100\n|switch|p1b: Calyrex|Calyrex-Ice, L50|100/100\n|switch|p2a: Miraidon|Miraidon, L50|100/100\n|switch|p2b: Tatsugiri|Tatsugiri, L50, M|100/100\n|-ability|p1b: Calyrex|As One\n|-ability|p1b: Calyrex|Unnerve\n|-fieldstart|move: Electric Terrain|[from] ability: Hadron Engine|[of] p2a: Miraidon\n|-fieldstart|move: Psychic Terrain|[from] ability: Psychic Surge|[of] p1a: Indeedee\n|turn|1\n|inactive|RedDrag has 30 seconds left.\n|inactive|j0l0k0 has 30 seconds left.\n|\n|t:|1768945154\n|switch|p1b: Amoonguss|Amoonguss, L50, F, shiny|100/100\n|move|p2b: Tatsugiri|Endure|p2b: Tatsugiri\n|-singleturn|p2b: Tatsugiri|move: Endure\n|move|p2a: Miraidon|Volt Switch|p1a: Indeedee\n|-damage|p1a: Indeedee|67/100\n|\n|t:|1768945166\n|switch|p2a: Dondozo|Dondozo, L50, F|100/100|[from] Volt Switch\n|-activate|p2b: Tatsugiri|ability: Commander|[of] p2a: Dondozo\n|-boost|p2a: Dondozo|atk|2\n|-boost|p2a: Dondozo|spa|2\n|-boost|p2a: Dondozo|spe|2\n|-boost|p2a: Dondozo|def|2\n|-boost|p2a: Dondozo|spd|2\n|move|p1a: Indeedee|Trick Room|p1a: Indeedee\n|-fieldstart|move: Trick Room|[of] p1a: Indeedee\n|\n|-status|p2b: Tatsugiri|tox|[from] item: Toxic Orb\n|upkeep\n|turn|2\n|\n|t:|1768945187\n|-terastallize|p2a: Dondozo|Grass\n|move|p1b: Amoonguss|Clear Smog|p2a: Dondozo\n|-supereffective|p2a: Dondozo\n|-damage|p2a: Dondozo|82/100\n|-clearboost|p2a: Dondozo\n|move|p2a: Dondozo|Order Up|p1a: Indeedee\n|-damage|p1a: Indeedee|39/100\n|-boost|p2a: Dondozo|atk|1\n|move|p1a: Indeedee|Psychic|p2a: Dondozo\n|-damage|p2a: Dondozo|43/100\n|\n|-heal|p2a: Dondozo|50/100|[from] item: Leftovers\n|-damage|p2b: Tatsugiri|95/100 tox|[from] psn\n|upkeep\n|turn|3\n|\n|t:|1768945205\n|move|p1a: Indeedee|Helping Hand|p1b: Amoonguss\n|-singleturn|p1b: Amoonguss|Helping Hand|[of] p1a: Indeedee\n|move|p1b: Amoonguss|Clear Smog|p2a: Dondozo\n|-supereffective|p2a: Dondozo\n|-damage|p2a: Dondozo|0 fnt\n|-clearboost|p2a: Dondozo\n|faint|p2a: Dondozo\n|\n|-damage|p2b: Tatsugiri|84/100 tox|[from] psn\n|upkeep\n|l| BigMalice\n|\n|t:|1768945218\n|switch|p2a: Dialga|Dialga-Origin, L50|100/100\n|turn|4\n|\n|t:|1768945227\n|move|p1a: Indeedee|Follow Me|p1a: Indeedee\n|-singleturn|p1a: Indeedee|move: Follow Me\n|move|p1b: Amoonguss|Spore|p2a: Dialga\n|-status|p2a: Dialga|slp|[from] move: Spore\n|move|p2b: Tatsugiri|Dragon Pulse|p1a: Indeedee\n|-damage|p1a: Indeedee|4/100\n|cant|p2a: Dialga|slp\n|\n|-damage|p2b: Tatsugiri|67/100 tox|[from] psn\n|upkeep\n|turn|5\n|inactive|j0l0k0 has 30 seconds left.\n|\n|t:|1768945262\n|move|p1a: Indeedee|Follow Me|p1a: Indeedee\n|-singleturn|p1a: Indeedee|move: Follow Me\n|move|p1b: Amoonguss|Energy Ball|p2b: Tatsugiri\n|-damage|p2b: Tatsugiri|27/100 tox\n|-unboost|p2b: Tatsugiri|spd|1\n|move|p2b: Tatsugiri|Muddy Water|p1b: Amoonguss|[spread] p1a,p1b\n|-resisted|p1b: Amoonguss\n|-damage|p1a: Indeedee|0 fnt\n|-damage|p1b: Amoonguss|85/100\n|faint|p1a: Indeedee\n|cant|p2a: Dialga|slp\n|\n|-damage|p2b: Tatsugiri|5/100 tox|[from] psn\n|-fieldend|move: Trick Room\n|-fieldend|move: Psychic Terrain\n|upkeep\n|\n|t:|1768945280\n|switch|p1a: Calyrex|Calyrex-Ice, L50|100/100\n|-ability|p1a: Calyrex|As One\n|-ability|p1a: Calyrex|Unnerve\n|turn|6\n|\n|t:|1768945292\n|-curestatus|p2a: Dialga|slp|[msg]\n|move|p2a: Dialga|Protect|p2a: Dialga\n|-singleturn|p2a: Dialga|Protect\n|move|p1b: Amoonguss|Rage Powder|p1b: Amoonguss\n|-singleturn|p1b: Amoonguss|move: Rage Powder\n|move|p2b: Tatsugiri|Draco Meteor|p1b: Amoonguss\n|-damage|p1b: Amoonguss|30/100\n|-unboost|p2b: Tatsugiri|spa|2\n|move|p1a: Calyrex|Trick Room|p1a: Calyrex\n|-fieldstart|move: Trick Room|[of] p1a: Calyrex\n|\n|-damage|p2b: Tatsugiri|0 fnt|[from] psn\n|faint|p2b: Tatsugiri\n|upkeep\n|\n|t:|1768945307\n|switch|p2b: Miraidon|Miraidon, L50|100/100\n|-fieldstart|move: Electric Terrain|[from] ability: Hadron Engine|[of] p2b: Miraidon\n|turn|7\n|inactive|j0l0k0 has 30 seconds left.\n|inactive|j0l0k0 has 20 seconds left.\n|inactive|j0l0k0 has 15 seconds left.\n|inactive|j0l0k0 has 10 seconds left.\n|\n|t:|1768945356\n|move|p1b: Amoonguss|Rage Powder|p1b: Amoonguss\n|-singleturn|p1b: Amoonguss|move: Rage Powder\n|move|p1a: Calyrex|Glacial Lance|p2a: Dialga|[spread] p2a,p2b\n|-supereffective|p2b: Miraidon\n|-damage|p2a: Dialga|48/100\n|-damage|p2b: Miraidon|0 fnt\n|faint|p2b: Miraidon\n|-ability|p1a: Calyrex|Chilling Neigh|boost\n|-boost|p1a: Calyrex|atk|1\n|move|p2a: Dialga|Flash Cannon|p1b: Amoonguss\n|-damage|p1b: Amoonguss|0 fnt\n|faint|p1b: Amoonguss\n|\n|upkeep\n|\n|t:|1768945366\n|switch|p1b: Kyogre|Kyogre, L50, shiny|100/100\n|-weather|RainDance|[from] ability: Drizzle|[of] p1b: Kyogre\n|turn|8\n|-message|RedDrag forfeited.\n|\n|win|j0l0k0\n|raw|j0l0k0's rating: 1331 &rarr; <strong>1353</strong><br />(+22 for winning)\n|raw|RedDrag's rating: 1373 &rarr; <strong>1351</strong><br />(-22 for losing)\n|l|\u2606RedDrag\n|player|p2|\n|c|\u2606j0l0k0|ggwp\n|l|\u2606j0l0k0\n|player|p1|\n","uploadtime":1768945521,"views":14,"formatid":"gen9vgc2026regi","rating":1351,"private":0,"password":null}