{"id":"gen9vgc2026regi-2521120742","format":"[Gen 9] VGC 2026 Reg I","players":["kojimuranishi","porygon-epilepz"],"log":"|j|\u2606kojimuranishi\n|j|\u2606porygon-epilepz\n|t:|1768732810\n|gametype|doubles\n|player|p1|kojimuranishi|169|1421\n|player|p2|porygon-epilepz|ghetsis-gen5bw|1417\n|gen|9\n|tier|[Gen 9] VGC 2026 Reg I\n|rated|\n|rule|Species Clause: Limit one of each Pok\u00e9mon\n|rule|Item Clause: Limit 1 of each item\n|clearpoke\n|poke|p1|Miraidon, L50|\n|poke|p1|Lunala, L50|\n|poke|p1|Chien-Pao, L50|\n|poke|p1|Dragonite, L50, M|\n|poke|p1|Ursaluna, L50, M|\n|poke|p1|Urshifu-*, L50, F|\n|poke|p2|Incineroar, L50, F|\n|poke|p2|Calyrex-Ice, L50|\n|poke|p2|Rillaboom, L50, M|\n|poke|p2|Smeargle, L50, M|\n|poke|p2|Landorus, L50, M|\n|poke|p2|Koraidon, L50|\n|teampreview|4\n|inactive|Battle timer is ON: inactive players will automatically lose when time's up. (requested by kojimuranishi)\n|\n|t:|1768732843\n|teamsize|p1|4\n|teamsize|p2|4\n|start\n|switch|p1a: Miraidon|Miraidon, L50|100/100\n|switch|p1b: Lunala|Lunala, L50|100/100\n|switch|p2a: Smeargle|Smeargle, L50, M|100/100\n|switch|p2b: Landorus|Landorus, L50, M|100/100\n|-fieldstart|move: Electric Terrain|[from] ability: Hadron Engine|[of] p1a: Miraidon\n|turn|1\n|inactive|kojimuranishi has 30 seconds left.\n|\n|t:|1768732869\n|switch|p1a: Dragonite|Dragonite, L50, M|100/100\n|move|p2b: Landorus|Protect|p2b: Landorus\n|-singleturn|p2b: Landorus|Protect\n|move|p2a: Smeargle|Ruination|p1b: Lunala\n|-damage|p1b: Lunala|50/100\n|move|p1b: Lunala|Moonblast|p2a: Smeargle\n|-damage|p2a: Smeargle|30/100\n|\n|-ability|p2a: Smeargle|Moody|boost\n|-boost|p2a: Smeargle|spa|2\n|-unboost|p2a: Smeargle|def|1\n|upkeep\n|turn|2\n|\n|t:|1768732888\n|switch|p1b: Chien-Pao|Chien-Pao, L50|100/100\n|-ability|p1b: Chien-Pao|Sword of Ruin\n|-terastallize|p1a: Dragonite|Normal\n|move|p2a: Smeargle|Follow Me|p2a: Smeargle\n|-singleturn|p2a: Smeargle|move: Follow Me\n|move|p1a: Dragonite|Extreme Speed|p2a: Smeargle\n|-damage|p2a: Smeargle|0 fnt\n|faint|p2a: Smeargle\n|move|p2b: Landorus|Earth Power|p1b: Chien-Pao\n|-damage|p1b: Chien-Pao|0 fnt\n|faint|p1b: Chien-Pao\n|\n|upkeep\n|\n|t:|1768732904\n|switch|p1b: Lunala|Lunala, L50|50/100\n|switch|p2a: Calyrex|Calyrex-Ice, L50|100/100\n|-ability|p2a: Calyrex|As One\n|-ability|p2a: Calyrex|Unnerve\n|turn|3\n|\n|t:|1768732913\n|-terastallize|p2a: Calyrex|Fairy\n|move|p1a: Dragonite|Extreme Speed|p2b: Landorus\n|-damage|p2b: Landorus|25/100\n|move|p2b: Landorus|Earth Power|p1b: Lunala\n|-crit|p1b: Lunala\n|-damage|p1b: Lunala|0 fnt\n|faint|p1b: Lunala\n|move|p2a: Calyrex|Glacial Lance|p1a: Dragonite\n|-damage|p1a: Dragonite|63/100\n|\n|upkeep\n|\n|t:|1768732925\n|switch|p1b: Miraidon|Miraidon, L50|100/100\n|-activate|p1b: Miraidon|ability: Hadron Engine\n|turn|4\n|\n|t:|1768732940\n|move|p1a: Dragonite|Extreme Speed|p2a: Calyrex\n|-crit|p2a: Calyrex\n|-damage|p2a: Calyrex|41/100\n|move|p1b: Miraidon|Electro Drift|p2a: Calyrex\n|-damage|p2a: Calyrex|0 fnt\n|faint|p2a: Calyrex\n|move|p2b: Landorus|Sandsear Storm|p1b: Miraidon|[spread] p1a,p1b\n|-supereffective|p1b: Miraidon\n|-damage|p1a: Dragonite|3/100\n|-damage|p1b: Miraidon|0 fnt\n|faint|p1b: Miraidon\n|\n|upkeep\n|\n|t:|1768732950\n|switch|p2a: Koraidon|Koraidon, L50|100/100\n|-weather|SunnyDay|[from] ability: Orichalcum Pulse|[of] p2a: Koraidon\n|-activate|p2a: Koraidon|Orichalcum Pulse|[source]\n|turn|5\n|-message|kojimuranishi forfeited.\n|\n|win|porygon-epilepz\n|raw|kojimuranishi's rating: 1421 &rarr; <strong>1401</strong><br />(-20 for losing)\n|raw|porygon-epilepz's rating: 1417 &rarr; <strong>1437</strong><br />(+20 for winning)\n|l|\u2606kojimuranishi\n|player|p1|\n|l|\u2606porygon-epilepz\n|player|p2|\n","uploadtime":1768732956,"views":18,"formatid":"gen9vgc2026regi","rating":1401,"private":0,"password":null}