{"id":"gen9vgc2026regi-2516299524","format":"[Gen 9] VGC 2026 Reg I","players":["fogdocker","sprocke123"],"log":"|j|\u2606fogdocker\n|j|\u2606sprocke123\n|t:|1768115794\n|gametype|doubles\n|player|p1|fogdocker|102|1246\n|player|p2|sprocke123|102|1208\n|gen|9\n|tier|[Gen 9] VGC 2026 Reg I\n|rated|\n|rule|Species Clause: Limit one of each Pok\u00e9mon\n|rule|Item Clause: Limit 1 of each item\n|clearpoke\n|poke|p1|Koraidon, L50|\n|poke|p1|Flutter Mane, L50|\n|poke|p1|Calyrex-Ice, L50|\n|poke|p1|Incineroar, L50, F|\n|poke|p1|Rillaboom, L50, M|\n|poke|p1|Smeargle, L50, M|\n|poke|p2|Calyrex-Shadow, L50|\n|poke|p2|Terapagos, L50, M|\n|poke|p2|Rillaboom, L50, F|\n|poke|p2|Volcarona, L50, M|\n|poke|p2|Urshifu-*, L50, F|\n|poke|p2|Skeledirge, L50, M|\n|teampreview|4\n|\n|t:|1768115823\n|teamsize|p1|4\n|teamsize|p2|4\n|start\n|switch|p1a: Koraidon|Koraidon, L50|100/100\n|switch|p1b: Flutter Mane|Flutter Mane, L50|100/100\n|switch|p2a: Terapagos|Terapagos, L50, M|100/100\n|switch|p2b: Rillaboom|Rillaboom, L50, F|100/100\n|-activate|p2a: Terapagos|ability: Tera Shift\n|detailschange|p2a: Terapagos|Terapagos-Terastal, L50, M\n|-heal|p2a: Terapagos|100/100|[silent]\n|-weather|SunnyDay|[from] ability: Orichalcum Pulse|[of] p1a: Koraidon\n|-activate|p1b: Flutter Mane|ability: Protosynthesis\n|-start|p1b: Flutter Mane|protosynthesisspe\n|-activate|p1a: Koraidon|Orichalcum Pulse|[source]\n|-fieldstart|move: Grassy Terrain|[from] ability: Grassy Surge|[of] p2b: Rillaboom\n|-enditem|p2a: Terapagos|Grassy Seed\n|-boost|p2a: Terapagos|def|1|[from] item: Grassy Seed\n|turn|1\n|\n|t:|1768115841\n|-end|p1b: Flutter Mane|Protosynthesis|[silent]\n|switch|p1b: Calyrex|Calyrex-Ice, L50|100/100\n|-ability|p1b: Calyrex|As One\n|-ability|p1b: Calyrex|Unnerve\n|move|p1a: Koraidon|Protect|p1a: Koraidon\n|-singleturn|p1a: Koraidon|Protect\n|move|p2b: Rillaboom|Fake Out|p1a: Koraidon\n|-activate|p1a: Koraidon|move: Protect\n|move|p2a: Terapagos|Calm Mind|p2a: Terapagos\n|-boost|p2a: Terapagos|spa|1\n|-boost|p2a: Terapagos|spd|1\n|\n|-weather|SunnyDay|[upkeep]\n|upkeep\n|turn|2\n|\n|t:|1768115855\n|switch|p2b: Volcarona|Volcarona, L50, M|100/100\n|move|p2a: Terapagos|Protect|p2a: Terapagos\n|-singleturn|p2a: Terapagos|Protect\n|move|p1a: Koraidon|Close Combat|p2a: Terapagos\n|-activate|p2a: Terapagos|move: Protect\n|move|p1b: Calyrex|Glacial Lance|p2a: Terapagos|[spread] p2b\n|-activate|p2a: Terapagos|move: Protect\n|-resisted|p2b: Volcarona\n|-damage|p2b: Volcarona|77/100\n|\n|-weather|SunnyDay|[upkeep]\n|-heal|p2b: Volcarona|83/100|[from] Grassy Terrain\n|upkeep\n|turn|3\n|\n|t:|1768115894\n|-terastallize|p2a: Terapagos|Stellar\n|detailschange|p2a: Terapagos|Terapagos-Stellar, L50, M, tera:Stellar\n|-heal|p2a: Terapagos|100/100|[silent]\n|-ability|p2a: Terapagos|Teraform Zero\n|-weather|none\n|-fieldend|move: Grassy Terrain\n|move|p2b: Volcarona|Rage Powder|p2b: Volcarona\n|-singleturn|p2b: Volcarona|move: Rage Powder\n|move|p1a: Koraidon|Flare Blitz|p2b: Volcarona\n|-damage|p2b: Volcarona|35/100\n|-damage|p1a: Koraidon|84/100|[from] item: Rocky Helmet|[of] p2b: Volcarona\n|-status|p1a: Koraidon|brn|[from] ability: Flame Body|[of] p2b: Volcarona\n|-damage|p1a: Koraidon|67/100 brn|[from] Recoil\n|-damage|p1a: Koraidon|57/100 brn|[from] item: Life Orb\n|move|p2a: Terapagos|Dark Pulse|p1b: Calyrex\n|-supereffective|p1b: Calyrex\n|-damage|p1b: Calyrex|43/100\n|move|p1b: Calyrex|Leech Seed|p2b: Volcarona\n|-start|p2b: Volcarona|move: Leech Seed\n|\n|-heal|p1b: Calyrex|48/100|[from] item: Leftovers\n|-damage|p2b: Volcarona|22/100|[from] Leech Seed|[of] p1b: Calyrex\n|-heal|p1b: Calyrex|60/100|[silent]\n|-damage|p1a: Koraidon|51/100 brn|[from] brn\n|upkeep\n|turn|4\n|\n|t:|1768115922\n|switch|p1a: Incineroar|Incineroar, L50, F|100/100\n|-ability|p1a: Incineroar|Intimidate|boost\n|-unboost|p2a: Terapagos|atk|1\n|-unboost|p2b: Volcarona|atk|1\n|move|p1b: Calyrex|Protect|p1b: Calyrex\n|-singleturn|p1b: Calyrex|Protect\n|move|p2b: Volcarona|Rage Powder|p2b: Volcarona\n|-singleturn|p2b: Volcarona|move: Rage Powder\n|move|p2a: Terapagos|Tera Starstorm|p1a: Incineroar|[spread] p1a\n|-activate|p1b: Calyrex|move: Protect\n|-damage|p1a: Incineroar|44/100\n|\n|-heal|p1b: Calyrex|66/100|[from] item: Leftovers\n|-damage|p2b: Volcarona|10/100|[from] Leech Seed|[of] p1b: Calyrex\n|-heal|p1b: Calyrex|77/100|[silent]\n|upkeep\n|turn|5\n|\n|t:|1768115938\n|move|p2a: Terapagos|Protect|p2a: Terapagos\n|-singleturn|p2a: Terapagos|Protect\n|move|p1a: Incineroar|Fake Out|p2a: Terapagos\n|-activate|p2a: Terapagos|move: Protect\n|move|p2b: Volcarona|Will-O-Wisp|p1b: Calyrex\n|-status|p1b: Calyrex|brn\n|move|p1b: Calyrex|Trick Room|p1b: Calyrex\n|-fieldstart|move: Trick Room|[of] p1b: Calyrex\n|\n|-heal|p1b: Calyrex|83/100 brn|[from] item: Leftovers\n|-damage|p2b: Volcarona|0 fnt|[from] Leech Seed|[of] p1b: Calyrex\n|-heal|p1b: Calyrex|92/100 brn|[silent]\n|faint|p2b: Volcarona\n|-damage|p1b: Calyrex|86/100 brn|[from] brn\n|upkeep\n|\n|t:|1768115951\n|switch|p2b: Rillaboom|Rillaboom, L50, F|100/100\n|-fieldstart|move: Grassy Terrain|[from] ability: Grassy Surge|[of] p2b: Rillaboom\n|turn|6\n|\n|t:|1768115963\n|move|p1b: Calyrex|Protect|p1b: Calyrex\n|-singleturn|p1b: Calyrex|Protect\n|move|p2b: Rillaboom|Fake Out|p1b: Calyrex\n|-activate|p1b: Calyrex|move: Protect\n|move|p1a: Incineroar|Parting Shot|p2a: Terapagos\n|-unboost|p2a: Terapagos|atk|1\n|-unboost|p2a: Terapagos|spa|1\n|\n|t:|1768115970\n|switch|p1a: Koraidon|Koraidon, L50|51/100 brn|[from] Parting Shot\n|-weather|SunnyDay|[from] ability: Orichalcum Pulse|[of] p1a: Koraidon\n|-activate|p1a: Koraidon|Orichalcum Pulse|[source]\n|move|p2a: Terapagos|Tera Starstorm|p1b: Calyrex|[spread] p1a\n|-activate|p1b: Calyrex|move: Protect\n|-damage|p1a: Koraidon|11/100 brn\n|\n|-weather|SunnyDay|[upkeep]\n|-heal|p1b: Calyrex|92/100 brn|[from] Grassy Terrain\n|-heal|p1b: Calyrex|98/100 brn|[from] item: Leftovers\n|-heal|p1a: Koraidon|16/100 brn|[from] Grassy Terrain\n|-damage|p1b: Calyrex|92/100 brn|[from] brn\n|-damage|p1a: Koraidon|11/100 brn|[from] brn\n|upkeep\n|turn|7\n|\n|t:|1768115989\n|move|p2a: Terapagos|Protect|p2a: Terapagos\n|-singleturn|p2a: Terapagos|Protect\n|move|p1b: Calyrex|Leech Seed|p2a: Terapagos\n|-activate|p2a: Terapagos|move: Protect\n|move|p2b: Rillaboom|U-turn|p1a: Koraidon\n|-resisted|p1a: Koraidon\n|-damage|p1a: Koraidon|0 fnt\n|faint|p1a: Koraidon\n|\n|t:|1768115997\n|switch|p2b: Calyrex|Calyrex-Shadow, L50|100/100|[from] U-turn\n|-ability|p2b: Calyrex|As One\n|-ability|p2b: Calyrex|Unnerve\n|\n|-weather|SunnyDay|[upkeep]\n|-heal|p1b: Calyrex|98/100 brn|[from] Grassy Terrain\n|-heal|p1b: Calyrex|100/100 brn|[from] item: Leftovers\n|-damage|p1b: Calyrex|95/100 brn|[from] brn\n|upkeep\n|\n|t:|1768116001\n|switch|p1a: Incineroar|Incineroar, L50, F|44/100\n|-ability|p1a: Incineroar|Intimidate|boost\n|-unboost|p2a: Terapagos|atk|1\n|-unboost|p2b: Calyrex|atk|1\n|turn|8\n|\n|t:|1768116016\n|move|p1b: Calyrex|Leech Seed|p2a: Terapagos\n|-start|p2a: Terapagos|move: Leech Seed\n|move|p1a: Incineroar|Knock Off|p2b: Calyrex\n|-supereffective|p2b: Calyrex\n|-enditem|p2b: Calyrex|Focus Sash\n|-damage|p2b: Calyrex|1/100\n|move|p2a: Terapagos|Calm Mind|p2a: Terapagos\n|-boost|p2a: Terapagos|spa|1\n|-boost|p2a: Terapagos|spd|1\n|move|p2b: Calyrex|Astral Barrage|p1b: Calyrex|[spread] p1a,p1b\n|-resisted|p1a: Incineroar\n|-supereffective|p1b: Calyrex\n|-damage|p1a: Incineroar|20/100\n|-damage|p1b: Calyrex|22/100 brn\n|\n|-weather|SunnyDay|[upkeep]\n|-heal|p1b: Calyrex|28/100 brn|[from] Grassy Terrain\n|-heal|p1b: Calyrex|34/100 brn|[from] item: Leftovers\n|-heal|p1a: Incineroar|26/100|[from] Grassy Terrain\n|-heal|p2b: Calyrex|7/100|[from] Grassy Terrain\n|-damage|p2a: Terapagos|88/100|[from] Leech Seed|[of] p1b: Calyrex\n|-heal|p1b: Calyrex|50/100 brn|[silent]\n|-damage|p1b: Calyrex|44/100 brn|[from] brn\n|upkeep\n|turn|9\n|\n|t:|1768116039\n|move|p1b: Calyrex|Protect|p1b: Calyrex\n|-singleturn|p1b: Calyrex|Protect\n|move|p2a: Terapagos|Protect|p2a: Terapagos\n|-singleturn|p2a: Terapagos|Protect\n|move|p2b: Calyrex|Protect|p2b: Calyrex\n|-singleturn|p2b: Calyrex|Protect\n|move|p1a: Incineroar|Parting Shot|p2a: Terapagos\n|-activate|p2a: Terapagos|move: Protect\n|\n|-weather|SunnyDay|[upkeep]\n|-heal|p1b: Calyrex|50/100 brn|[from] Grassy Terrain\n|-heal|p1b: Calyrex|56/100 brn|[from] item: Leftovers\n|-heal|p1a: Incineroar|32/100|[from] Grassy Terrain\n|-heal|p2a: Terapagos|94/100|[from] Grassy Terrain\n|-heal|p2b: Calyrex|12/100|[from] Grassy Terrain\n|-damage|p2a: Terapagos|82/100|[from] Leech Seed|[of] p1b: Calyrex\n|-heal|p1b: Calyrex|72/100 brn|[silent]\n|-damage|p1b: Calyrex|66/100 brn|[from] brn\n|-fieldend|move: Trick Room\n|upkeep\n|turn|10\n|\n|t:|1768116069\n|move|p2b: Calyrex|Astral Barrage|p1b: Calyrex|[spread] p1a,p1b\n|-resisted|p1a: Incineroar\n|-supereffective|p1b: Calyrex\n|-damage|p1a: Incineroar|5/100\n|-damage|p1b: Calyrex|4/100 brn\n|move|p2a: Terapagos|Tera Starstorm|p1b: Calyrex|[spread] p1a,p1b\n|-damage|p1a: Incineroar|0 fnt\n|-damage|p1b: Calyrex|0 fnt\n|faint|p1a: Incineroar\n|faint|p1b: Calyrex\n|\n|-weather|none\n|-heal|p2b: Calyrex|18/100|[from] Grassy Terrain\n|-heal|p2a: Terapagos|88/100|[from] Grassy Terrain\n|-fieldend|move: Grassy Terrain\n|upkeep\n|-message|fogdocker forfeited.\n|\n|win|sprocke123\n|raw|fogdocker's rating: 1246 &rarr; <strong>1218</strong><br />(-28 for losing)\n|raw|sprocke123's rating: 1208 &rarr; <strong>1236</strong><br />(+28 for winning)\n|l|\u2606fogdocker\n|player|p1|\n|l|\u2606sprocke123\n|player|p2|\n","uploadtime":1768116293,"views":15,"formatid":"gen9vgc2026regi","rating":1218,"private":0,"password":null}