{"id":"gen9vgc2026regi-2580365000","format":"[Gen 9] VGC 2026 Reg I","players":["Noobilio","RandomcatFFR"],"log":"|j|\u2606Noobilio\n|j|\u2606RandomcatFFR\n|t:|1775885769\n|gametype|doubles\n|player|p1|Noobilio|nurse|1442\n|player|p2|RandomcatFFR|bugcatcher-gen4dp|1496\n|gen|9\n|tier|[Gen 9] VGC 2026 Reg I\n|rated|\n|rule|Species Clause: Limit one of each Pok\u00e9mon\n|rule|Item Clause: Limit 1 of each item\n|clearpoke\n|poke|p1|Calyrex-Shadow, L50|\n|poke|p1|Zamazenta-*, L50|\n|poke|p1|Whimsicott, L50, F|\n|poke|p1|Raging Bolt, L50|\n|poke|p1|Chien-Pao, L50|\n|poke|p1|Ogerpon-Hearthflame, L50, F|\n|poke|p2|Miraidon, L50|\n|poke|p2|Lunala, L50|\n|poke|p2|Whimsicott, L50, M|\n|poke|p2|Urshifu-*, L50, F|\n|poke|p2|Incineroar, L50, M|\n|poke|p2|Ursaluna, L50, F|\n|teampreview|4\n|\n|t:|1775885807\n|teamsize|p1|4\n|teamsize|p2|4\n|start\n|switch|p1a: Theo|Zamazenta-Crowned, L50|100/100\n|switch|p1b: 'Manda|Chien-Pao, L50|100/100\n|switch|p2a: Miraidon|Miraidon, L50|100/100\n|switch|p2b: Whimsicott|Whimsicott, L50, M|100/100\n|-ability|p1b: 'Manda|Sword of Ruin\n|-fieldstart|move: Electric Terrain|[from] ability: Hadron Engine|[of] p2a: Miraidon\n|-ability|p1a: Theo|Dauntless Shield|boost\n|-boost|p1a: Theo|def|1\n|turn|1\n|\n|t:|1775885826\n|-terastallize|p1a: Theo|Dragon\n|move|p1b: 'Manda|Protect|p1b: 'Manda\n|-singleturn|p1b: 'Manda|Protect\n|move|p2a: Miraidon|Protect|p2a: Miraidon\n|-singleturn|p2a: Miraidon|Protect\n|move|p2b: Whimsicott|Tailwind|p2b: Whimsicott\n|-sidestart|p2: RandomcatFFR|move: Tailwind\n|move|p1a: Theo|Behemoth Bash|p2b: Whimsicott\n|-supereffective|p2b: Whimsicott\n|-damage|p2b: Whimsicott|0 fnt\n|faint|p2b: Whimsicott\n|\n|upkeep\n|\n|t:|1775885842\n|switch|p2b: Incineroar|Incineroar, L50, M|100/100\n|-ability|p2b: Incineroar|Intimidate|boost\n|-unboost|p1a: Theo|atk|1\n|-unboost|p1b: 'Manda|atk|1\n|turn|2\n|\n|t:|1775885863\n|switch|p1b: Trystan|Ogerpon-Hearthflame, L50, F|100/100\n|-ability|p1b: Trystan|Mold Breaker\n|move|p1a: Theo|Protect|p1a: Theo\n|-singleturn|p1a: Theo|Protect\n|move|p2b: Incineroar|Fake Out|p1b: Trystan\n|-damage|p1b: Trystan|92/100\n|move|p2a: Miraidon|Draco Meteor|p1a: Theo\n|-activate|p1a: Theo|move: Protect\n|\n|upkeep\n|turn|3\n|\n|t:|1775885883\n|move|p1b: Trystan|Follow Me|p1b: Trystan\n|-singleturn|p1b: Trystan|move: Follow Me\n|move|p2a: Miraidon|Draco Meteor|p1b: Trystan\n|-crit|p1b: Trystan\n|-damage|p1b: Trystan|0 fnt\n|-unboost|p2a: Miraidon|spa|2\n|faint|p1b: Trystan\n|-damage|p2a: Miraidon|91/100|[from] item: Life Orb\n|move|p2b: Incineroar|U-turn|p1a: Theo\n|-damage|p1a: Theo|93/100\n|\n|t:|1775885888\n|switch|p2b: Lunala|Lunala, L50|100/100|[from] U-turn\n|-enditem|p2b: Lunala|Electric Seed\n|-boost|p2b: Lunala|def|1|[from] item: Electric Seed\n|move|p1a: Theo|Body Press|p2b: Lunala\n|-immune|p2b: Lunala\n|\n|upkeep\n|j| womp monk\n|\n|t:|1775885898\n|switch|p1b: 'Manda|Chien-Pao, L50|100/100\n|-ability|p1b: 'Manda|Sword of Ruin\n|turn|4\n|\n|t:|1775885910\n|move|p2a: Miraidon|Volt Switch|p1b: 'Manda\n|-damage|p1b: 'Manda|25/100\n|-damage|p2a: Miraidon|81/100|[from] item: Life Orb\n|\n|t:|1775885912\n|switch|p2a: Incineroar|Incineroar, L50, M|100/100|[from] Volt Switch\n|-ability|p2a: Incineroar|Intimidate|boost\n|-unboost|p1a: Theo|atk|1\n|-unboost|p1b: 'Manda|atk|1\n|move|p1b: 'Manda|Ruination|p2b: Lunala|[miss]\n|-miss|p1b: 'Manda|p2b: Lunala\n|move|p1a: Theo|Body Press|p2a: Incineroar\n|-supereffective|p2a: Incineroar\n|-damage|p2a: Incineroar|0 fnt\n|faint|p2a: Incineroar\n|move|p2b: Lunala|Trick Room|p2b: Lunala\n|-fieldstart|move: Trick Room|[of] p2b: Lunala\n|\n|-sideend|p2: RandomcatFFR|move: Tailwind\n|upkeep\n|\n|t:|1775885916\n|switch|p2a: Miraidon|Miraidon, L50|81/100\n|-activate|p2a: Miraidon|ability: Hadron Engine\n|turn|5\n|\n|t:|1775885950\n|-terastallize|p2b: Lunala|Fairy\n|move|p1b: 'Manda|Sucker Punch|p2b: Lunala\n|-resisted|p2b: Lunala\n|-damage|p2b: Lunala|97/100\n|move|p2b: Lunala|Moonblast|p1b: 'Manda\n|-supereffective|p1b: 'Manda\n|-damage|p1b: 'Manda|0 fnt\n|faint|p1b: 'Manda\n|move|p1a: Theo|Behemoth Bash|p2b: Lunala\n|-supereffective|p2b: Lunala\n|-damage|p2b: Lunala|74/100\n|move|p2a: Miraidon|Draco Meteor|p1a: Theo\n|-supereffective|p1a: Theo\n|-damage|p1a: Theo|0 fnt\n|-unboost|p2a: Miraidon|spa|2\n|faint|p1a: Theo\n|-damage|p2a: Miraidon|71/100|[from] item: Life Orb\n|\n|-fieldend|move: Electric Terrain\n|upkeep\n|\n|t:|1775885963\n|switch|p1a: Gretel|Calyrex-Shadow, L50|100/100\n|-ability|p1a: Gretel|As One\n|-ability|p1a: Gretel|Unnerve\n|turn|6\n|\n|t:|1775885975\n|move|p2b: Lunala|Moongeist Beam|p1a: Gretel\n|-supereffective|p1a: Gretel\n|-damage|p1a: Gretel|0 fnt\n|faint|p1a: Gretel\n|\n|win|RandomcatFFR\n|raw|Noobilio's rating: 1442 &rarr; <strong>1425</strong><br />(-17 for losing)\n|raw|RandomcatFFR's rating: 1496 &rarr; <strong>1513</strong><br />(+17 for winning)\n|c|\u2606RandomcatFFR|gg\n|l|\u2606RandomcatFFR\n|player|p2|\n|l| womp monk\n","uploadtime":1775886185,"views":15,"formatid":"gen9vgc2026regi","rating":1425,"private":0,"password":null}