{"id":"gen9vgc2026regi-2553384044","format":"[Gen 9] VGC 2026 Reg I","players":["shangenb5","drive stone"],"log":"|j|\u2606shangenb5\n|j|\u2606drive stone\n|t:|1772825875\n|gametype|doubles\n|player|p1|shangenb5|2|1435\n|player|p2|drive stone|cilan|1428\n|gen|9\n|tier|[Gen 9] VGC 2026 Reg I\n|rated|\n|rule|Species Clause: Limit one of each Pok\u00e9mon\n|rule|Item Clause: Limit 1 of each item\n|clearpoke\n|poke|p1|Miraidon, L50|\n|poke|p1|Groudon, L50|\n|poke|p1|Walking Wake, L50|\n|poke|p1|Grimmsnarl, L50, M|\n|poke|p1|Incineroar, L50, M|\n|poke|p1|Volcarona, L50, F|\n|poke|p2|Regieleki, L50|\n|poke|p2|Calyrex-Shadow, L50|\n|poke|p2|Koraidon, L50|\n|poke|p2|Incineroar, L50, F|\n|poke|p2|Rillaboom, L50, M|\n|poke|p2|Volcarona, L50, F|\n|teampreview|4\n|j| g0dGun\n|\n|t:|1772825913\n|teamsize|p1|4\n|teamsize|p2|4\n|start\n|switch|p1a: Volcarona|Volcarona, L50, F|100/100\n|switch|p1b: Grimmsnarl|Grimmsnarl, L50, M|100/100\n|switch|p2a: Calyrex|Calyrex-Shadow, L50|100/100\n|switch|p2b: Rillaboom|Rillaboom, L50, M|100/100\n|-ability|p2a: Calyrex|As One\n|-ability|p2a: Calyrex|Unnerve\n|-fieldstart|move: Grassy Terrain|[from] ability: Grassy Surge|[of] p2b: Rillaboom\n|turn|1\n|\n|t:|1772825927\n|move|p2b: Rillaboom|Fake Out|p1b: Grimmsnarl\n|-crit|p1b: Grimmsnarl\n|-damage|p1b: Grimmsnarl|81/100\n|cant|p1b: Grimmsnarl|flinch\n|move|p2a: Calyrex|Nasty Plot|p2a: Calyrex\n|-boost|p2a: Calyrex|spa|2\n|move|p1a: Volcarona|Quiver Dance|p1a: Volcarona\n|-boost|p1a: Volcarona|spa|1\n|-boost|p1a: Volcarona|spd|1\n|-boost|p1a: Volcarona|spe|1\n|\n|-heal|p1b: Grimmsnarl|87/100|[from] Grassy Terrain\n|upkeep\n|turn|2\n|\n|t:|1772825948\n|-terastallize|p2a: Calyrex|Dark\n|move|p1b: Grimmsnarl|Light Screen|p1b: Grimmsnarl\n|-sidestart|p1: shangenb5|move: Light Screen\n|move|p1a: Volcarona|Fiery Dance|p2b: Rillaboom\n|-supereffective|p2b: Rillaboom\n|-damage|p2b: Rillaboom|36/100\n|move|p2a: Calyrex|Nasty Plot|p2a: Calyrex\n|-boost|p2a: Calyrex|spa|2\n|move|p2b: Rillaboom|U-turn|p1b: Grimmsnarl\n|-damage|p1b: Grimmsnarl|66/100\n|\n|t:|1772825959\n|switch|p2b: Regieleki|Regieleki, L50|100/100|[from] U-turn\n|\n|-heal|p1b: Grimmsnarl|72/100|[from] Grassy Terrain\n|upkeep\n|turn|3\n|\n|t:|1772825979\n|move|p2a: Calyrex|Protect|p2a: Calyrex\n|-singleturn|p2a: Calyrex|Protect\n|move|p1b: Grimmsnarl|Reflect|p1b: Grimmsnarl\n|-sidestart|p1: shangenb5|Reflect\n|move|p2b: Regieleki|Electroweb|p1a: Volcarona|[spread] p1a,p1b\n|-damage|p1a: Volcarona|90/100\n|-damage|p1b: Grimmsnarl|54/100\n|-unboost|p1a: Volcarona|spe|1\n|-unboost|p1b: Grimmsnarl|spe|1\n|move|p1a: Volcarona|Fiery Dance|p2a: Calyrex\n|-activate|p2a: Calyrex|move: Protect\n|\n|-heal|p1a: Volcarona|96/100|[from] Grassy Terrain\n|-heal|p1a: Volcarona|100/100|[from] item: Leftovers\n|-heal|p1b: Grimmsnarl|60/100|[from] Grassy Terrain\n|upkeep\n|turn|4\n|\n|t:|1772826011\n|move|p1b: Grimmsnarl|Sucker Punch|p2b: Regieleki\n|-damage|p2b: Regieleki|42/100\n|move|p2b: Regieleki|Electroweb|p1b: Grimmsnarl|[spread] p1a,p1b\n|-damage|p1a: Volcarona|91/100\n|-damage|p1b: Grimmsnarl|44/100\n|-unboost|p1a: Volcarona|spe|1\n|-unboost|p1b: Grimmsnarl|spe|1\n|move|p2a: Calyrex|Astral Barrage|p1a: Volcarona|[spread] p1a,p1b\n|-resisted|p1b: Grimmsnarl\n|-damage|p1a: Volcarona|3/100\n|-damage|p1b: Grimmsnarl|0 fnt\n|faint|p1b: Grimmsnarl\n|-ability|p2a: Calyrex|Grim Neigh|boost\n|-boost|p2a: Calyrex|spa|1\n|-damage|p2a: Calyrex|91/100|[from] item: Life Orb\n|move|p1a: Volcarona|Giga Drain|p2a: Calyrex\n|-crit|p2a: Calyrex\n|-damage|p2a: Calyrex|28/100\n|-heal|p1a: Volcarona|35/100|[from] drain|[of] p2a: Calyrex\n|\n|-heal|p2b: Regieleki|48/100|[from] Grassy Terrain\n|-heal|p2a: Calyrex|34/100|[from] Grassy Terrain\n|-heal|p1a: Volcarona|41/100|[from] Grassy Terrain\n|-heal|p1a: Volcarona|47/100|[from] item: Leftovers\n|upkeep\n|\n|t:|1772826032\n|switch|p1b: Miraidon|Miraidon, L50, shiny|100/100\n|-fieldstart|move: Electric Terrain|[from] ability: Hadron Engine|[of] p1b: Miraidon\n|turn|5\n|-message|shangenb5 forfeited.\n|\n|win|drive stone\n|raw|shangenb5's rating: 1435 &rarr; <strong>1415</strong><br />(-20 for losing)\n|raw|drive stone's rating: 1428 &rarr; <strong>1448</strong><br />(+20 for winning)\n|l|\u2606shangenb5\n|player|p1|\n|l| g0dGun\n|l|\u2606drive stone\n|player|p2|\n","uploadtime":1772826312,"views":14,"formatid":"gen9vgc2026regi","rating":1415,"private":0,"password":null}