{"id":"gen9vgc2026regi-2563830383","format":"[Gen 9] VGC 2026 Reg I","players":["terafireflareblitz","ronnoc02"],"log":"|j|\u2606terafireflareblitz\n|j|\u2606ronnoc02\n|t:|1774068145\n|gametype|doubles\n|player|p1|terafireflareblitz|sycamore|1346\n|player|p2|ronnoc02|1|1247\n|gen|9\n|tier|[Gen 9] VGC 2026 Reg I\n|rated|\n|rule|Species Clause: Limit one of each Pok\u00e9mon\n|rule|Item Clause: Limit 1 of each item\n|clearpoke\n|poke|p1|Koraidon, L50|\n|poke|p1|Lunala, L50|\n|poke|p1|Indeedee-F, L50, F|\n|poke|p1|Flutter Mane, L50|\n|poke|p1|Volcarona, L50, F|\n|poke|p1|Ursaluna, L50, M|\n|poke|p2|Rayquaza, L50|\n|poke|p2|Calyrex-Shadow, L50|\n|poke|p2|Weezing-Galar, L50, F|\n|poke|p2|Clefairy, L50, M|\n|poke|p2|Tornadus, L50, M|\n|poke|p2|Urshifu-*, L50, M|\n|teampreview|4\n|inactive|Battle timer is ON: inactive players will automatically lose when time's up. (requested by terafireflareblitz)\n|\n|t:|1774068163\n|teamsize|p1|4\n|teamsize|p2|4\n|start\n|switch|p1a: Lunala|Lunala, L50, shiny|100/100\n|switch|p1b: Indeedee|Indeedee-F, L50, F|100/100\n|switch|p2a: Rayquaza|Rayquaza, L50, shiny|100/100\n|switch|p2b: Weezing|Weezing-Galar, L50, F|100/100\n|-ability|p2b: Weezing|Neutralizing Gas\n|turn|1\n|\n|t:|1774068180\n|-terastallize|p2b: Weezing|Dark\n|move|p1a: Lunala|Meteor Beam||[still]\n|-prepare|p1a: Lunala|Meteor Beam\n|-boost|p1a: Lunala|spa|1\n|-enditem|p1a: Lunala|Power Herb\n|-anim|p1a: Lunala|Meteor Beam|p2a: Rayquaza\n|-supereffective|p2a: Rayquaza\n|-damage|p2a: Rayquaza|0 fnt\n|faint|p2a: Rayquaza\n|move|p2b: Weezing|Dark Pulse|p1a: Lunala\n|-supereffective|p1a: Lunala\n|-damage|p1a: Lunala|0 fnt\n|faint|p1a: Lunala\n|move|p1b: Indeedee|Alluring Voice|p2b: Weezing\n|-supereffective|p2b: Weezing\n|-damage|p2b: Weezing|38/100\n|\n|upkeep\n|\n|t:|1774068192\n|switch|p1a: Flutter Mane|Flutter Mane, L50|100/100\n|switch|p2a: Calyrex|Calyrex-Shadow, L50|100/100\n|-ability|p2a: Calyrex|As One\n|-ability|p2a: Calyrex|Unnerve\n|turn|2\n|\n|t:|1774068209\n|-terastallize|p1a: Flutter Mane|Normal\n|move|p2a: Calyrex|Protect|p2a: Calyrex\n|-singleturn|p2a: Calyrex|Protect\n|move|p1a: Flutter Mane|Shadow Ball|p2a: Calyrex\n|-activate|p2a: Calyrex|move: Protect\n|move|p2b: Weezing|Dark Pulse|p1a: Flutter Mane\n|-damage|p1a: Flutter Mane|45/100\n|move|p1b: Indeedee|Alluring Voice|p2a: Calyrex\n|-activate|p2a: Calyrex|move: Protect\n|\n|upkeep\n|turn|3\n|\n|t:|1774068224\n|switch|p2a: Tornadus|Tornadus, L50, M|100/100\n|move|p1b: Indeedee|Follow Me|p1b: Indeedee\n|-singleturn|p1b: Indeedee|move: Follow Me\n|move|p1a: Flutter Mane|Moonblast|p2b: Weezing\n|-supereffective|p2b: Weezing\n|-damage|p2b: Weezing|0 fnt\n|faint|p2b: Weezing\n|-end|p2b: Weezing|ability: Neutralizing Gas\n|-fieldstart|move: Psychic Terrain|[from] ability: Psychic Surge|[of] p1b: Indeedee\n|\n|upkeep\n|\n|t:|1774068227\n|switch|p2b: Calyrex|Calyrex-Shadow, L50|100/100\n|-ability|p2b: Calyrex|As One\n|-ability|p2b: Calyrex|Unnerve\n|turn|4\n|\n|t:|1774068235\n|move|p2b: Calyrex|Protect|p2b: Calyrex\n|-singleturn|p2b: Calyrex|Protect\n|move|p1a: Flutter Mane|Protect|p1a: Flutter Mane\n|-singleturn|p1a: Flutter Mane|Protect\n|move|p2a: Tornadus|Bleakwind Storm|p1a: Flutter Mane|[spread] p1b\n|-activate|p1a: Flutter Mane|move: Protect\n|-damage|p1b: Indeedee|50/100\n|-unboost|p1b: Indeedee|spe|1\n|move|p1b: Indeedee|Trick Room|p1b: Indeedee\n|-fieldstart|move: Trick Room|[of] p1b: Indeedee\n|\n|upkeep\n|turn|5\n|\n|t:|1774068250\n|move|p1b: Indeedee|Alluring Voice|p2b: Calyrex\n|-damage|p2b: Calyrex|83/100\n|move|p2a: Tornadus|Bleakwind Storm|p1b: Indeedee|[spread] p1a,p1b\n|-damage|p1a: Flutter Mane|0 fnt\n|-damage|p1b: Indeedee|0 fnt\n|faint|p1a: Flutter Mane\n|-end|p1a: Flutter Mane|Protosynthesis|[silent]\n|faint|p1b: Indeedee\n|move|p2b: Calyrex|Psychic|p1: Flutter Mane|[notarget]\n|-fail|p2b: Calyrex\n|\n|upkeep\n|\n|t:|1774068258\n|switch|p1b: Koraidon|Koraidon, L50, shiny|100/100\n|-weather|SunnyDay|[from] ability: Orichalcum Pulse|[of] p1b: Koraidon\n|-activate|p1b: Koraidon|Orichalcum Pulse|[source]\n|turn|6\n|\n|t:|1774068266\n|move|p2a: Tornadus|Bleakwind Storm|p1b: Koraidon\n|-supereffective|p1b: Koraidon\n|-damage|p1b: Koraidon|0 fnt\n|faint|p1b: Koraidon\n|\n|win|ronnoc02\n|raw|terafireflareblitz's rating: 1346 &rarr; <strong>1320</strong><br />(-26 for losing)\n|raw|ronnoc02's rating: 1247 &rarr; <strong>1279</strong><br />(+32 for winning)\n|l|\u2606terafireflareblitz\n|player|p1|\n|c|\u2606ronnoc02|gg\n|l|\u2606ronnoc02\n|player|p2|\n","uploadtime":1774068267,"views":14,"formatid":"gen9vgc2026regi","rating":1279,"private":0,"password":null}