{"id":"gen9vgc2026regi-2575813790","format":"[Gen 9] VGC 2026 Reg I","players":["N jordan","timebroken"],"log":"|j|\u2606N jordan\n|j|\u2606timebroken\n|t:|1775403337\n|gametype|doubles\n|player|p1|N jordan|n|1365\n|player|p2|timebroken|willow|1486\n|gen|9\n|tier|[Gen 9] VGC 2026 Reg I\n|rated|\n|rule|Species Clause: Limit one of each Pok\u00e9mon\n|rule|Item Clause: Limit 1 of each item\n|clearpoke\n|poke|p1|Calyrex-Ice, L50|\n|poke|p1|Grimmsnarl, L50, M|\n|poke|p1|Incineroar, L50, M|\n|poke|p1|Pelipper, L50, M|\n|poke|p1|Kyurem-Black, L50|\n|poke|p1|Rillaboom, L50, M|\n|poke|p2|Calyrex-Shadow, L50|\n|poke|p2|Zamazenta-*, L50|\n|poke|p2|Chien-Pao, L50|\n|poke|p2|Rillaboom, L50, F|\n|poke|p2|Tornadus, L50, M|\n|poke|p2|Incineroar, L50, F|\n|teampreview|4\n|inactive|Battle timer is ON: inactive players will automatically lose when time's up. (requested by timebroken)\n|inactive|N jordan has 60 seconds left.\n|inactive|N jordan has 30 seconds left.\n|inactive|N jordan has 20 seconds left.\n|inactive|N jordan has 15 seconds left.\n|inactive|N jordan has 10 seconds left.\n|inactive|N jordan has 5 seconds left.\n|\n|t:|1775403426\n|teamsize|p1|4\n|teamsize|p2|4\n|start\n|switch|p1a: Grimmsnarl|Grimmsnarl, L50, M|100/100\n|switch|p1b: Calyrex|Calyrex-Ice, L50|100/100\n|switch|p2a: Zamazenta|Zamazenta-Crowned, L50|100/100\n|switch|p2b: Chien-Pao|Chien-Pao, L50|100/100\n|-ability|p1b: Calyrex|As One\n|-ability|p1b: Calyrex|Unnerve\n|-ability|p2b: Chien-Pao|Sword of Ruin\n|-ability|p2a: Zamazenta|Dauntless Shield|boost\n|-boost|p2a: Zamazenta|def|1\n|turn|1\n|inactive|N jordan has 30 seconds left.\n|inactive|N jordan has 20 seconds left.\n|inactive|N jordan has 15 seconds left.\n|inactive|N jordan has 10 seconds left.\n|inactive|N jordan has 5 seconds left.\n|\n|t:|1775403481\n|-terastallize|p1b: Calyrex|Water\n|move|p1a: Grimmsnarl|Reflect|p1a: Grimmsnarl\n|-sidestart|p1: N jordan|Reflect\n|move|p2b: Chien-Pao|Taunt|p1b: Calyrex\n|-start|p1b: Calyrex|move: Taunt\n|-enditem|p1b: Calyrex|Mental Herb\n|-end|p1b: Calyrex|move: Taunt\n|move|p2a: Zamazenta|Heavy Slam|p1a: Grimmsnarl\n|-supereffective|p1a: Grimmsnarl\n|-damage|p1a: Grimmsnarl|0 fnt\n|faint|p1a: Grimmsnarl\n|move|p1b: Calyrex|Trick Room|p1b: Calyrex\n|-fieldstart|move: Trick Room|[of] p1b: Calyrex\n|\n|upkeep\n|\n|t:|1775403494\n|switch|p1a: Incineroar|Incineroar, L50, M|100/100\n|-ability|p1a: Incineroar|Intimidate|boost\n|-unboost|p2a: Zamazenta|atk|1\n|-unboost|p2b: Chien-Pao|atk|1\n|turn|2\n|\n|t:|1775403505\n|move|p2a: Zamazenta|Protect|p2a: Zamazenta\n|-singleturn|p2a: Zamazenta|Protect\n|move|p2b: Chien-Pao|Protect|p2b: Chien-Pao\n|-singleturn|p2b: Chien-Pao|Protect\n|move|p1b: Calyrex|Leech Seed|p2b: Chien-Pao\n|-activate|p2b: Chien-Pao|move: Protect\n|move|p1a: Incineroar|Flare Blitz|p2a: Zamazenta\n|-activate|p2a: Zamazenta|move: Protect\n|\n|upkeep\n|turn|3\n|\n|t:|1775403517\n|-terastallize|p2a: Zamazenta|Water\n|move|p1b: Calyrex|Leech Seed|p2a: Zamazenta\n|-start|p2a: Zamazenta|move: Leech Seed\n|move|p1a: Incineroar|Flare Blitz|p2b: Chien-Pao\n|-supereffective|p2b: Chien-Pao\n|-damage|p2b: Chien-Pao|0 fnt\n|faint|p2b: Chien-Pao\n|-damage|p1a: Incineroar|75/100|[from] Recoil\n|move|p2a: Zamazenta|Body Press|p1a: Incineroar\n|-supereffective|p1a: Incineroar\n|-damage|p1a: Incineroar|0 fnt\n|faint|p1a: Incineroar\n|\n|-damage|p2a: Zamazenta|88/100|[from] Leech Seed|[of] p1b: Calyrex\n|upkeep\n|\n|t:|1775403526\n|switch|p1a: Kyurem|Kyurem-Black, L50|100/100\n|switch|p2b: Incineroar|Incineroar, L50, F|100/100\n|-ability|p2b: Incineroar|Intimidate|boost\n|-unboost|p1a: Kyurem|atk|1\n|-unboost|p1b: Calyrex|atk|1\n|-ability|p1a: Kyurem|Teravolt\n|turn|4\n|\n|t:|1775403542\n|move|p2b: Incineroar|Fake Out|p1b: Calyrex\n|-damage|p1b: Calyrex|96/100\n|cant|p1b: Calyrex|flinch\n|move|p1a: Kyurem|Outrage|p2a: Zamazenta\n|-crit|p2a: Zamazenta\n|-damage|p2a: Zamazenta|0 fnt\n|faint|p2a: Zamazenta\n|\n|upkeep\n|\n|t:|1775403548\n|switch|p2a: Calyrex|Calyrex-Shadow, L50|100/100\n|-ability|p2a: Calyrex|As One\n|-ability|p2a: Calyrex|Unnerve\n|turn|5\n|\n|t:|1775403562\n|move|p2a: Calyrex|Protect|p2a: Calyrex\n|-singleturn|p2a: Calyrex|Protect\n|move|p1b: Calyrex|Leech Seed|p2b: Incineroar\n|-start|p2b: Incineroar|move: Leech Seed\n|move|p2b: Incineroar|Knock Off|p1a: Kyurem\n|-damage|p1a: Kyurem|79/100\n|-enditem|p1a: Kyurem|Choice Band|[from] move: Knock Off|[of] p2b: Incineroar\n|move|p1a: Kyurem|Outrage|p2b: Incineroar|[from] lockedmove\n|-damage|p2b: Incineroar|31/100\n|-start|p1a: Kyurem|confusion|[fatigue]\n|\n|-damage|p2b: Incineroar|19/100|[from] Leech Seed|[of] p1b: Calyrex\n|-heal|p1b: Calyrex|100/100|[silent]\n|-fieldend|move: Trick Room\n|upkeep\n|turn|6\n|\n|t:|1775403585\n|move|p2a: Calyrex|Astral Barrage|p1b: Calyrex|[spread] p1a,p1b\n|-damage|p1a: Kyurem|30/100\n|-damage|p1b: Calyrex|72/100\n|-activate|p1a: Kyurem|confusion\n|-damage|p1a: Kyurem|20/100|[from] confusion\n|move|p2b: Incineroar|Flare Blitz|p1a: Kyurem\n|-damage|p1a: Kyurem|0 fnt\n|faint|p1a: Kyurem\n|-damage|p2b: Incineroar|10/100|[from] Recoil\n|move|p1b: Calyrex|Glacial Lance|p2b: Incineroar|[spread] p2a,p2b\n|-resisted|p2b: Incineroar\n|-crit|p2b: Incineroar\n|-damage|p2a: Calyrex|62/100\n|-damage|p2b: Incineroar|0 fnt\n|faint|p2b: Incineroar\n|-ability|p1b: Calyrex|Chilling Neigh|boost\n|-boost|p1b: Calyrex|atk|1\n|\n|upkeep\n|turn|7\n|c|\u2606timebroken|so many crits\n|\n|t:|1775403609\n|move|p2a: Calyrex|Astral Barrage|p1b: Calyrex\n|-damage|p1b: Calyrex|31/100\n|move|p1b: Calyrex|Glacial Lance|p2a: Calyrex\n|-damage|p2a: Calyrex|0 fnt\n|faint|p2a: Calyrex\n|\n|win|N jordan\n|raw|N jordan's rating: 1365 &rarr; <strong>1392</strong><br />(+27 for winning)\n|raw|timebroken's rating: 1486 &rarr; <strong>1459</strong><br />(-27 for losing)\n|l|\u2606N jordan\n|player|p1|\n|j| EnvySenpai\n|j| KingX200109\n|j| Jamstiffer\n|j| LanternComic\n|l| EnvySenpai\n|l| KingX200109\n|l|\u2606timebroken\n|player|p2|\n|j|\u2606timebroken\n|player|p2|timebroken|willow|\n|j| axtonaxtonaxton\n|l| axtonaxtonaxton\n|l| LanternComic\n|j| level 1 kricketot\n|l| level 1 kricketot\n|l|\u2606timebroken\n|player|p2|\n|l| Jamstiffer\n|j| aurora ltd\n","uploadtime":1775403639,"views":9,"formatid":"gen9vgc2026regi","rating":1392,"private":0,"password":null}