{"id":"gen9vgc2026regi-2518639053","format":"[Gen 9] VGC 2026 Reg I","players":["Kenobi_1","VJ2511"],"log":"|j|\u2606Kenobi_1\n|j|\u2606VJ2511\n|t:|1768412109\n|gametype|doubles\n|player|p1|Kenobi_1|ash-alola|\n|player|p2|VJ2511|red-masters3|\n|gen|9\n|tier|[Gen 9] VGC 2026 Reg I\n|rule|Species Clause: Limit one of each Pok\u00e9mon\n|rule|Item Clause: Limit 1 of each item\n|clearpoke\n|poke|p1|Calyrex-Shadow, L50|\n|poke|p1|Zamazenta-*, L50|\n|poke|p1|Smeargle, L50, F|\n|poke|p1|Raging Bolt, L50|\n|poke|p1|Rillaboom, L50, M|\n|poke|p1|Tornadus, L50, M|\n|poke|p2|Calyrex-Ice, L50|\n|poke|p2|Miraidon, L50|\n|poke|p2|Iron Hands, L50|\n|poke|p2|Incineroar, L50, M|\n|poke|p2|Iron Bundle, L50|\n|poke|p2|Farigiraf, L50, M|\n|teampreview|4\n|inactive|Battle timer is ON: inactive players will automatically lose when time's up. (requested by VJ2511)\n|\n|t:|1768412134\n|teamsize|p1|4\n|teamsize|p2|4\n|start\n|switch|p1a: Calyrex|Calyrex-Shadow, L50|100/100\n|switch|p1b: Smeargle|Smeargle, L50, F, shiny|100/100\n|switch|p2a: Calyrex|Calyrex-Ice, L50|100/100\n|switch|p2b: Farigiraf|Farigiraf, L50, M, shiny|100/100\n|-ability|p1a: Calyrex|As One\n|-ability|p1a: Calyrex|Unnerve\n|-ability|p2a: Calyrex|As One\n|-ability|p2a: Calyrex|Unnerve\n|turn|1\n|\n|t:|1768412151\n|-terastallize|p1a: Calyrex|Dark\n|move|p2a: Calyrex|Protect|p2a: Calyrex\n|-singleturn|p2a: Calyrex|Protect\n|move|p1a: Calyrex|Astral Barrage|p2a: Calyrex|[spread] \n|-activate|p2a: Calyrex|move: Protect\n|-immune|p2b: Farigiraf\n|move|p1b: Smeargle|Spore|p2a: Calyrex\n|-activate|p2a: Calyrex|move: Protect\n|move|p2b: Farigiraf|Roar|p1b: Smeargle\n|drag|p1b: Rillaboom|Rillaboom, L50, M, shiny|100/100\n|-fieldstart|move: Grassy Terrain|[from] ability: Grassy Surge|[of] p1b: Rillaboom\n|\n|upkeep\n|turn|2\n|\n|t:|1768412169\n|-terastallize|p2a: Calyrex|Fairy\n|move|p1a: Calyrex|Astral Barrage|p2a: Calyrex|[spread] p2a\n|-immune|p2b: Farigiraf\n|-damage|p2a: Calyrex|59/100\n|-damage|p1a: Calyrex|91/100|[from] item: Life Orb\n|move|p1b: Rillaboom|U-turn|p2b: Farigiraf\n|-supereffective|p2b: Farigiraf\n|-damage|p2b: Farigiraf|61/100\n|\n|t:|1768412181\n|switch|p1b: Smeargle|Smeargle, L50, F, shiny|100/100|[from] U-turn\n|move|p2a: Calyrex|Glacial Lance|p1b: Smeargle|[spread] p1a,p1b\n|-damage|p1a: Calyrex|32/100\n|-enditem|p1b: Smeargle|Focus Sash\n|-damage|p1b: Smeargle|1/100\n|move|p2b: Farigiraf|Trick Room|p2b: Farigiraf\n|-fieldstart|move: Trick Room|[of] p2b: Farigiraf\n|\n|-heal|p2a: Calyrex|65/100|[from] Grassy Terrain\n|-heal|p2b: Farigiraf|67/100|[from] Grassy Terrain\n|-heal|p1b: Smeargle|7/100|[from] Grassy Terrain\n|-heal|p1a: Calyrex|38/100|[from] Grassy Terrain\n|-ability|p1b: Smeargle|Moody|boost\n|-boost|p1b: Smeargle|spe|2\n|-unboost|p1b: Smeargle|def|1\n|upkeep\n|turn|3\n|\n|t:|1768412203\n|move|p1b: Smeargle|Follow Me|p1b: Smeargle\n|-singleturn|p1b: Smeargle|move: Follow Me\n|move|p2a: Calyrex|Glacial Lance|p1a: Calyrex|[spread] p1a,p1b\n|-damage|p1a: Calyrex|0 fnt\n|-damage|p1b: Smeargle|0 fnt\n|faint|p1a: Calyrex\n|faint|p1b: Smeargle\n|-ability|p2a: Calyrex|Chilling Neigh|boost\n|-boost|p2a: Calyrex|atk|2\n|move|p2b: Farigiraf|Foul Play|p1: Calyrex|[notarget]\n|-fail|p2b: Farigiraf\n|\n|-heal|p2a: Calyrex|71/100|[from] Grassy Terrain\n|-heal|p2b: Farigiraf|73/100|[from] Grassy Terrain\n|upkeep\n|\n|t:|1768412210\n|switch|p1b: Rillaboom|Rillaboom, L50, M, shiny|100/100\n|switch|p1a: Zamazenta|Zamazenta-Crowned, L50, shiny|100/100\n|-ability|p1a: Zamazenta|Dauntless Shield|boost\n|-boost|p1a: Zamazenta|def|1\n|turn|4\n|\n|t:|1768412216\n|move|p2b: Farigiraf|Helping Hand|p2a: Calyrex\n|-singleturn|p2a: Calyrex|Helping Hand|[of] p2b: Farigiraf\n|move|p2a: Calyrex|High Horsepower|p1a: Zamazenta\n|-supereffective|p1a: Zamazenta\n|-damage|p1a: Zamazenta|0 fnt\n|faint|p1a: Zamazenta\n|-ability|p2a: Calyrex|Chilling Neigh|boost\n|-boost|p2a: Calyrex|atk|1\n|move|p1b: Rillaboom|Wood Hammer|p2b: Farigiraf\n|-damage|p2b: Farigiraf|14/100\n|-damage|p1b: Rillaboom|80/100|[from] Recoil\n|\n|-heal|p2a: Calyrex|76/100|[from] Grassy Terrain\n|-heal|p2b: Farigiraf|20/100|[from] Grassy Terrain\n|-heal|p1b: Rillaboom|86/100|[from] Grassy Terrain\n|upkeep\n|turn|5\n|-message|Kenobi_1 forfeited.\n|\n|win|VJ2511\n|l|\u2606Kenobi_1\n|player|p1|\n","uploadtime":1768412234,"views":12,"formatid":"gen9vgc2026regi","rating":null,"private":0,"password":null}