{"id":"gen9vgc2026regi-2561346023","format":"[Gen 9] VGC 2026 Reg I","players":["Flatbread42","Cello L."],"log":"|j|\u2606Flatbread42\n|j|\u2606Cello L.\n|t:|1773786311\n|gametype|doubles\n|player|p1|Flatbread42|170|1506\n|player|p2|Cello L.|169|1417\n|gen|9\n|tier|[Gen 9] VGC 2026 Reg I\n|rated|\n|rule|Species Clause: Limit one of each Pok\u00e9mon\n|rule|Item Clause: Limit 1 of each item\n|clearpoke\n|poke|p1|Koraidon, L50|\n|poke|p1|Calyrex-Shadow, L50|\n|poke|p1|Landorus, L50, M|\n|poke|p1|Incineroar, L50, F|\n|poke|p1|Brute Bonnet, L50|\n|poke|p1|Raging Bolt, L50|\n|poke|p2|Kyogre, L50|\n|poke|p2|Zamazenta-*, L50|\n|poke|p2|Chien-Pao, L50|\n|poke|p2|Tornadus, L50, M|\n|poke|p2|Rillaboom, L50, M|\n|poke|p2|Clefairy, L50, F|\n|teampreview|4\n|inactive|Battle timer is ON: inactive players will automatically lose when time's up. (requested by Flatbread42)\n|inactive|Flatbread42 has 60 seconds left.\nCello L. has agreed to open team sheets.\nFlatbread42 has agreed to open team sheets.\n|showteam|p1|Koraidon||ClearAmulet|OrichalcumPulse|Protect,FlameCharge,CollisionCourse,FlareBlitz||||||50|,,,,,Fire]Calyrex-Shadow||FocusSash|AsOneSpectrier|Protect,Encore,Psychic,AstralBarrage||||||50|,,,,,Ghost]Landorus||LifeOrb|SheerForce|Protect,SludgeBomb,EarthPower,SandsearStorm|||M|||50|,,,,,Water]Incineroar||RockyHelmet|Intimidate|HelpingHand,FakeOut,KnockOff,PartingShot|||F|||50|,,,,,Water]Brute Bonnet||CovertCloak|Protosynthesis|SeedBomb,RagePowder,SuckerPunch,Spore||||||50|,,,,,Water]Raging Bolt||AssaultVest|Protosynthesis|Thunderbolt,Thunderclap,DragonPulse,VoltSwitch||||||50|,,,,,Electric\n|showteam|p2|Kyogre||MysticWater|Drizzle|WaterSpout,OriginPulse,HydroPump,Protect||||||50|,,,,,Grass]Zamazenta-Crowned||RustedShield|DauntlessShield|BodyPress,HeavySlam,WideGuard,Protect||||||50|,,,,,Grass]Chien-Pao||FocusSash|SwordofRuin|IcicleCrash,ThroatChop,SuckerPunch,Protect||||||50|,,,,,Stellar]Tornadus||CovertCloak|Prankster|BleakwindStorm,Tailwind,Taunt,RainDance|||M|||50|,,,,,Dark]Rillaboom||AssaultVest|GrassySurge|WoodHammer,GrassyGlide,FakeOut,Uturn|||M|||50|,,,,,Fire]Clefairy||Eviolite|FriendGuard|FollowMe,HelpingHand,Encore,Protect|||F|||50|,,,,,Grass\n|inactive|Flatbread42 has 30 seconds left.\n|inactive|Flatbread42 has 20 seconds left.\n|inactive|Flatbread42 has 15 seconds left.\n|inactive|Flatbread42 has 10 seconds left.\n|\n|t:|1773786397\n|teamsize|p1|4\n|teamsize|p2|4\n|start\n|switch|p1a: Raging Bolt|Raging Bolt, L50|100/100\n|switch|p1b: Calyrex|Calyrex-Shadow, L50|100/100\n|switch|p2a: Zamazenta|Zamazenta-Crowned, L50|100/100\n|switch|p2b: Tornadus|Tornadus, L50, M|100/100\n|-ability|p1b: Calyrex|As One\n|-ability|p1b: Calyrex|Unnerve\n|-ability|p2a: Zamazenta|Dauntless Shield|boost\n|-boost|p2a: Zamazenta|def|1\n|turn|1\n|inactive|Flatbread42 has 30 seconds left.\n|inactive|Cello L. has 30 seconds left.\n|inactive|Flatbread42 has 20 seconds left.\n|\n|t:|1773786433\n|move|p1b: Calyrex|Protect|p1b: Calyrex\n|-singleturn|p1b: Calyrex|Protect\n|move|p2b: Tornadus|Tailwind|p2b: Tornadus\n|-sidestart|p2: Cello L.|move: Tailwind\n|move|p2a: Zamazenta|Heavy Slam|p1b: Calyrex\n|-activate|p1b: Calyrex|move: Protect\n|move|p1a: Raging Bolt|Thunderbolt|p2b: Tornadus\n|-supereffective|p2b: Tornadus\n|-damage|p2b: Tornadus|0 fnt\n|faint|p2b: Tornadus\n|\n|upkeep\n|\n|t:|1773786443\n|switch|p2b: Chien-Pao|Chien-Pao, L50|100/100\n|-ability|p2b: Chien-Pao|Sword of Ruin\n|turn|2\n|inactive|Flatbread42 has 30 seconds left.\n|inactive|Flatbread42 has 20 seconds left.\n|inactive|Cello L. has 30 seconds left.\n|inactive|Flatbread42 has 15 seconds left.\n|inactive|Flatbread42 has 10 seconds left.\n|\n|t:|1773786490\n|switch|p1b: Brute Bonnet|Brute Bonnet, L50|100/100\n|move|p2b: Chien-Pao|Icicle Crash|p1b: Brute Bonnet\n|-supereffective|p1b: Brute Bonnet\n|-damage|p1b: Brute Bonnet|29/100\n|move|p2a: Zamazenta|Body Press|p1a: Raging Bolt\n|-damage|p1a: Raging Bolt|29/100\n|move|p1a: Raging Bolt|Volt Switch|p2b: Chien-Pao\n|-damage|p2b: Chien-Pao|34/100\n|\n|t:|1773786512\n|-end|p1a: Raging Bolt|Protosynthesis|[silent]\n|switch|p1a: Calyrex|Calyrex-Shadow, L50|100/100|[from] Volt Switch\n|-ability|p1a: Calyrex|As One\n|-ability|p1a: Calyrex|Unnerve\n|\n|upkeep\n|turn|3\n|\n|t:|1773786536\n|move|p1a: Calyrex|Protect|p1a: Calyrex\n|-singleturn|p1a: Calyrex|Protect\n|move|p1b: Brute Bonnet|Sucker Punch|p2b: Chien-Pao\n|-resisted|p2b: Chien-Pao\n|-damage|p2b: Chien-Pao|13/100\n|move|p2b: Chien-Pao|Icicle Crash|p1b: Brute Bonnet\n|-supereffective|p1b: Brute Bonnet\n|-damage|p1b: Brute Bonnet|0 fnt\n|faint|p1b: Brute Bonnet\n|-end|p1b: Brute Bonnet|Protosynthesis|[silent]\n|move|p2a: Zamazenta|Body Press|p1a: Calyrex\n|-activate|p1a: Calyrex|move: Protect\n|\n|upkeep\n|\n|t:|1773786550\n|switch|p1b: Raging Bolt|Raging Bolt, L50|29/100\n|turn|4\n|\n|t:|1773786557\n|move|p2b: Chien-Pao|Sucker Punch|p1b: Raging Bolt\n|-damage|p1b: Raging Bolt|0 fnt\n|faint|p1b: Raging Bolt\n|-end|p1b: Raging Bolt|Protosynthesis|[silent]\n|move|p2a: Zamazenta|Heavy Slam|p1a: Calyrex\n|-damage|p1a: Calyrex|20/100\n|move|p1a: Calyrex|Encore|p2a: Zamazenta\n|-start|p2a: Zamazenta|Encore\n|\n|-sideend|p2: Cello L.|move: Tailwind\n|upkeep\n|\n|t:|1773786563\n|switch|p1b: Koraidon|Koraidon, L50|100/100\n|-weather|SunnyDay|[from] ability: Orichalcum Pulse|[of] p1b: Koraidon\n|-activate|p1b: Koraidon|Orichalcum Pulse|[source]\n|turn|5\n|\n|t:|1773786578\n|switch|p2b: Kyogre|Kyogre, L50|100/100\n|-weather|RainDance|[from] ability: Drizzle|[of] p2b: Kyogre\n|move|p1a: Calyrex|Protect|p1a: Calyrex\n|-singleturn|p1a: Calyrex|Protect\n|move|p1b: Koraidon|Flame Charge|p2b: Kyogre\n|-resisted|p2b: Kyogre\n|-damage|p2b: Kyogre|96/100\n|-boost|p1b: Koraidon|spe|1\n|move|p2a: Zamazenta|Heavy Slam|p1b: Koraidon\n|-damage|p1b: Koraidon|81/100\n|\n|-weather|RainDance|[upkeep]\n|upkeep\n|turn|6\n|inactive|Flatbread42 has 30 seconds left.\n|\n|t:|1773786609\n|-terastallize|p1a: Calyrex|Ghost\n|move|p1b: Koraidon|Collision Course|p2b: Kyogre\n|-crit|p2b: Kyogre\n|-damage|p2b: Kyogre|22/100\n|move|p1a: Calyrex|Astral Barrage|p2b: Kyogre|[spread] p2a,p2b\n|-crit|p2b: Kyogre\n|-damage|p2a: Zamazenta|44/100\n|-damage|p2b: Kyogre|0 fnt\n|faint|p2b: Kyogre\n|-ability|p1a: Calyrex|Grim Neigh|boost\n|-boost|p1a: Calyrex|spa|1\n|move|p2a: Zamazenta|Heavy Slam|p1a: Calyrex\n|-damage|p1a: Calyrex|0 fnt\n|faint|p1a: Calyrex\n|\n|-weather|RainDance|[upkeep]\n|upkeep\n|\n|t:|1773786634\n|switch|p2b: Chien-Pao|Chien-Pao, L50|13/100\n|-ability|p2b: Chien-Pao|Sword of Ruin\n|turn|7\n|inactive|Flatbread42 has 30 seconds left.\n|inactive|Flatbread42 has 20 seconds left.\n|\n|t:|1773786669\n|-terastallize|p2b: Chien-Pao|Stellar\n|move|p1b: Koraidon|Flare Blitz|p2b: Chien-Pao\n|-supereffective|p2b: Chien-Pao\n|-damage|p2b: Chien-Pao|0 fnt\n|faint|p2b: Chien-Pao\n|-damage|p1b: Koraidon|78/100|[from] Recoil\n|move|p2a: Zamazenta|Heavy Slam|p1b: Koraidon\n|-damage|p1b: Koraidon|58/100\n|\n|-weather|RainDance|[upkeep]\n|-end|p2a: Zamazenta|Encore\n|upkeep\n|turn|8\n|-message|Cello L. forfeited.\n|\n|win|Flatbread42\n|raw|Flatbread42's rating: 1506 &rarr; <strong>1521</strong><br />(+15 for winning)\n|raw|Cello L.'s rating: 1417 &rarr; <strong>1402</strong><br />(-15 for losing)\n|l|\u2606Flatbread42\n|player|p1|\n|l|\u2606Cello L.\n|player|p2|\n","uploadtime":1773786863,"views":11,"formatid":"gen9vgc2026regi","rating":1402,"private":0,"password":null}