{"id":"gen9vgc2026regi-2570053467","format":"[Gen 9] VGC 2026 Reg I","players":["fallacy277","speedyturtle87"],"log":"|j|\u2606fallacy277\n|j|\u2606speedyturtle87\n|t:|1774762201\n|gametype|doubles\n|player|p1|fallacy277|102|1306\n|player|p2|speedyturtle87|canari|1393\n|gen|9\n|tier|[Gen 9] VGC 2026 Reg I\n|rated|\n|rule|Species Clause: Limit one of each Pok\u00e9mon\n|rule|Item Clause: Limit 1 of each item\n|clearpoke\n|poke|p1|Groudon, L50|\n|poke|p1|Calyrex-Ice, L50|\n|poke|p1|Flutter Mane, L50|\n|poke|p1|Gouging Fire, L50|\n|poke|p1|Jumpluff, L50, M|\n|poke|p1|Raging Bolt, L50|\n|poke|p2|Miraidon, L50|\n|poke|p2|Iron Hands, L50|\n|poke|p2|Chi-Yu, L50|\n|poke|p2|Whimsicott, L50, M|\n|poke|p2|Calyrex-Ice, L50|\n|poke|p2|Farigiraf, L50, F|\n|teampreview|4\n|inactive|Battle timer is ON: inactive players will automatically lose when time's up. (requested by speedyturtle87)\n|inactive|fallacy277 has 60 seconds left.\n|inactive|speedyturtle87 has 60 seconds left.\n|\n|t:|1774762235\n|teamsize|p1|4\n|teamsize|p2|4\n|start\n|switch|p1a: Groudon|Groudon, L50|100/100\n|switch|p1b: Flutter Mane|Flutter Mane, L50|100/100\n|switch|p2a: Iron Hands|Iron Hands, L50|100/100\n|switch|p2b: Calyrex|Calyrex-Ice, L50|100/100\n|-ability|p2b: Calyrex|As One\n|-ability|p2b: Calyrex|Unnerve\n|-weather|SunnyDay|[from] ability: Drought|[of] p1a: Groudon\n|-activate|p1b: Flutter Mane|ability: Protosynthesis\n|-start|p1b: Flutter Mane|protosynthesisspe\n|turn|1\n|\n|t:|1774762244\n|move|p1b: Flutter Mane|Moonblast|p2a: Iron Hands\n|-supereffective|p2a: Iron Hands\n|-damage|p2a: Iron Hands|54/100\n|move|p1a: Groudon|Will-O-Wisp|p2b: Calyrex\n|-status|p2b: Calyrex|brn\n|move|p2b: Calyrex|Glacial Lance|p1b: Flutter Mane|[spread] p1a,p1b\n|-supereffective|p1a: Groudon\n|-damage|p1a: Groudon|68/100\n|-damage|p1b: Flutter Mane|65/100\n|move|p2a: Iron Hands|Wild Charge|p1b: Flutter Mane\n|-damage|p1b: Flutter Mane|0 fnt\n|faint|p1b: Flutter Mane\n|-end|p1b: Flutter Mane|Protosynthesis|[silent]\n|-damage|p2a: Iron Hands|45/100|[from] Recoil\n|\n|-weather|SunnyDay|[upkeep]\n|-damage|p2b: Calyrex|95/100 brn|[from] brn\n|upkeep\n|\n|t:|1774762260\n|switch|p1b: Calyrex|Calyrex-Ice, L50|100/100\n|-ability|p1b: Calyrex|As One\n|-ability|p1b: Calyrex|Unnerve\n|turn|2\n|\n|t:|1774762269\n|-end|p2a: Iron Hands|Quark Drive|[silent]\n|switch|p2a: Whimsicott|Whimsicott, L50, M|100/100\n|-terastallize|p1b: Calyrex|Fire\n|-terastallize|p2b: Calyrex|Water\n|move|p1a: Groudon|Precipice Blades|p2a: Whimsicott|[spread] p2a,p2b\n|-resisted|p2a: Whimsicott\n|-damage|p2a: Whimsicott|69/100\n|-damage|p2b: Calyrex|67/100 brn\n|move|p1b: Calyrex|Tera Blast|p2b: Calyrex|[anim] Tera Blast Fire\n|-resisted|p2b: Calyrex\n|-damage|p2b: Calyrex|44/100 brn\n|move|p2b: Calyrex|Leech Seed|p1a: Groudon\n|-start|p1a: Groudon|move: Leech Seed\n|\n|-weather|SunnyDay|[upkeep]\n|-heal|p2b: Calyrex|50/100 brn|[from] item: Leftovers\n|-damage|p1a: Groudon|56/100|[from] Leech Seed|[of] p2b: Calyrex\n|-heal|p2b: Calyrex|62/100 brn|[silent]\n|-damage|p2b: Calyrex|57/100 brn|[from] brn\n|upkeep\n|turn|3\n|\n|t:|1774762290\n|switch|p1a: Gouging Fire|Gouging Fire, L50|100/100\n|-activate|p1a: Gouging Fire|ability: Protosynthesis\n|-start|p1a: Gouging Fire|protosynthesisspe\n|move|p2a: Whimsicott|Tailwind|p2a: Whimsicott\n|-sidestart|p2: speedyturtle87|move: Tailwind\n|move|p2b: Calyrex|Leech Seed|p1b: Calyrex\n|-start|p1b: Calyrex|move: Leech Seed\n|move|p1b: Calyrex|Solar Blade||[still]\n|-prepare|p1b: Calyrex|Solar Blade\n|-anim|p1b: Calyrex|Solar Blade|p2b: Calyrex\n|-supereffective|p2b: Calyrex\n|-damage|p2b: Calyrex|0 fnt\n|faint|p2b: Calyrex\n|-ability|p1b: Calyrex|Chilling Neigh|boost\n|-boost|p1b: Calyrex|atk|1\n|\n|-weather|SunnyDay|[upkeep]\n|upkeep\n|\n|t:|1774762306\n|switch|p2b: Miraidon|Miraidon, L50|100/100\n|-fieldstart|move: Electric Terrain|[from] ability: Hadron Engine|[of] p2b: Miraidon\n|turn|4\n|\n|t:|1774762328\n|move|p1a: Gouging Fire|Protect|p1a: Gouging Fire\n|-singleturn|p1a: Gouging Fire|Protect\n|move|p2a: Whimsicott|Encore|p1b: Calyrex\n|-start|p1b: Calyrex|Encore\n|move|p2b: Miraidon|Draco Meteor|p1a: Gouging Fire\n|-activate|p1a: Gouging Fire|move: Protect\n|move|p1b: Calyrex|Solar Blade||[still]\n|-prepare|p1b: Calyrex|Solar Blade\n|-anim|p1b: Calyrex|Solar Blade|p2a: Whimsicott\n|-resisted|p2a: Whimsicott\n|-damage|p2a: Whimsicott|23/100\n|\n|-weather|SunnyDay|[upkeep]\n|-damage|p1b: Calyrex|88/100|[from] Leech Seed|[of] p2b: Miraidon\n|upkeep\n|turn|5\n|\n|t:|1774762350\n|switch|p1b: Groudon|Groudon, L50|56/100\n|move|p2b: Miraidon|Draco Meteor|p1a: Gouging Fire\n|-supereffective|p1a: Gouging Fire\n|-damage|p1a: Gouging Fire|0 fnt\n|-unboost|p2b: Miraidon|spa|2\n|faint|p1a: Gouging Fire\n|-end|p1a: Gouging Fire|Protosynthesis|[silent]\n|move|p2a: Whimsicott|Endeavor|p1b: Groudon\n|-damage|p1b: Groudon|19/100\n|\n|-weather|none\n|upkeep\n|\n|t:|1774762360\n|switch|p1a: Calyrex|Calyrex-Ice, L50, tera:Fire|88/100\n|-ability|p1a: Calyrex|As One\n|-ability|p1a: Calyrex|Unnerve\n|turn|6\n|\n|t:|1774762371\n|move|p2b: Miraidon|Draco Meteor|p1b: Groudon\n|-damage|p1b: Groudon|0 fnt\n|-unboost|p2b: Miraidon|spa|2\n|faint|p1b: Groudon\n|move|p2a: Whimsicott|Endeavor|p1a: Calyrex\n|-damage|p1a: Calyrex|19/100\n|move|p1a: Calyrex|Glacial Lance|p2b: Miraidon|[spread] p2a,p2b\n|-supereffective|p2a: Whimsicott\n|-supereffective|p2b: Miraidon\n|-damage|p2a: Whimsicott|0 fnt\n|-damage|p2b: Miraidon|0 fnt\n|faint|p2a: Whimsicott\n|faint|p2b: Miraidon\n|-ability|p1a: Calyrex|Chilling Neigh|boost\n|-boost|p1a: Calyrex|atk|2\n|\n|-sideend|p2: speedyturtle87|move: Tailwind\n|upkeep\n|\n|t:|1774762380\n|switch|p2b: Iron Hands|Iron Hands, L50|45/100\n|-activate|p2b: Iron Hands|ability: Quark Drive\n|-start|p2b: Iron Hands|quarkdriveatk\n|turn|7\n|\n|t:|1774762383\n|move|p2b: Iron Hands|Fake Out|p1a: Calyrex\n|-damage|p1a: Calyrex|7/100\n|cant|p1a: Calyrex|flinch\n|\n|upkeep\n|turn|8\n|\n|t:|1774762386\n|move|p1a: Calyrex|Glacial Lance|p2b: Iron Hands\n|-damage|p2b: Iron Hands|0 fnt\n|faint|p2b: Iron Hands\n|-end|p2b: Iron Hands|Quark Drive|[silent]\n|\n|win|fallacy277\n|raw|fallacy277's rating: 1306 &rarr; <strong>1331</strong><br />(+25 for winning)\n|raw|speedyturtle87's rating: 1393 &rarr; <strong>1368</strong><br />(-25 for losing)\n|c|\u2606speedyturtle87|well played cool team\n|l|\u2606speedyturtle87\n|player|p2|\n|l|\u2606fallacy277\n|player|p1|\n","uploadtime":1774762593,"views":10,"formatid":"gen9vgc2026regi","rating":1331,"private":0,"password":null}