{"id":"gen9vgc2026regi-2515811046","format":"[Gen 9] VGC 2026 Reg I","players":["wumuida312","fogdocker"],"log":"|j|\u2606wumuida312\n|j|\u2606fogdocker\n|t:|1768044346\n|gametype|doubles\n|player|p1|wumuida312|clemont|1285\n|player|p2|fogdocker|2|1302\n|gen|9\n|tier|[Gen 9] VGC 2026 Reg I\n|rated|\n|rule|Species Clause: Limit one of each Pok\u00e9mon\n|rule|Item Clause: Limit 1 of each item\n|clearpoke\n|poke|p1|Calyrex-Ice, L50|\n|poke|p1|Miraidon, L50|\n|poke|p1|Sneasler, L50, M|\n|poke|p1|Urshifu-*, L50, M|\n|poke|p1|Incineroar, L50, M|\n|poke|p1|Landorus, L50, M|\n|poke|p2|Calyrex-Shadow, L50|\n|poke|p2|Zacian-*, L50|\n|poke|p2|Incineroar, L50, F|\n|poke|p2|Ogerpon-Wellspring, L50, F|\n|poke|p2|Landorus, L50, M|\n|poke|p2|Tornadus, L50, M|\n|teampreview|4\n|\n|t:|1768044438\n|teamsize|p1|4\n|teamsize|p2|4\n|start\n|switch|p1a: \u7c73\u52d2\u53c8\u987f|Miraidon, L50, shiny|100/100\n|switch|p1b: \u5927\u72c3\u62c9\u4e0d\u4f1a\u9047\u89c1\u56f4\u5dfe\u9b3c\u9a6c|Sneasler, L50, M, shiny|100/100\n|switch|p2a: Landorus|Landorus, L50, M|100/100\n|switch|p2b: Incineroar|Incineroar, L50, F|100/100\n|-fieldstart|move: Electric Terrain|[from] ability: Hadron Engine|[of] p1a: \u7c73\u52d2\u53c8\u987f\n|-enditem|p1b: \u5927\u72c3\u62c9\u4e0d\u4f1a\u9047\u89c1\u56f4\u5dfe\u9b3c\u9a6c|Electric Seed\n|-boost|p1b: \u5927\u72c3\u62c9\u4e0d\u4f1a\u9047\u89c1\u56f4\u5dfe\u9b3c\u9a6c|def|1|[from] item: Electric Seed\n|-ability|p2b: Incineroar|Intimidate|boost\n|-unboost|p1a: \u7c73\u52d2\u53c8\u987f|atk|1\n|-unboost|p1b: \u5927\u72c3\u62c9\u4e0d\u4f1a\u9047\u89c1\u56f4\u5dfe\u9b3c\u9a6c|atk|1\n|turn|1\n|\n|t:|1768044466\n|move|p1b: \u5927\u72c3\u62c9\u4e0d\u4f1a\u9047\u89c1\u56f4\u5dfe\u9b3c\u9a6c|Fake Out|p2a: Landorus\n|-damage|p2a: Landorus|92/100\n|move|p2b: Incineroar|Fake Out|p1a: \u7c73\u52d2\u53c8\u987f\n|-damage|p1a: \u7c73\u52d2\u53c8\u987f|90/100\n|cant|p1a: \u7c73\u52d2\u53c8\u987f|flinch\n|cant|p2a: Landorus|flinch\n|\n|upkeep\n|turn|2\n|\n|t:|1768044495\n|switch|p1b: \u6211\u6ca1dlc\u9001\u6211\u62cd\u843d\u6280\u80fd\u673a|Incineroar, L50, M, shiny|100/100\n|-ability|p1b: \u6211\u6ca1dlc\u9001\u6211\u62cd\u843d\u6280\u80fd\u673a|Intimidate|boost\n|-unboost|p2a: Landorus|atk|1\n|-unboost|p2b: Incineroar|atk|1\n|move|p2a: Landorus|Protect|p2a: Landorus\n|-singleturn|p2a: Landorus|Protect\n|move|p1a: \u7c73\u52d2\u53c8\u987f|Draco Meteor|p2a: Landorus\n|-activate|p2a: Landorus|move: Protect\n|move|p2b: Incineroar|U-turn|p1a: \u7c73\u52d2\u53c8\u987f\n|-damage|p1a: \u7c73\u52d2\u53c8\u987f|79/100\n|\n|t:|1768044506\n|switch|p2b: Ogerpon|Ogerpon-Wellspring, L50, F|100/100|[from] U-turn\n|\n|upkeep\n|turn|3\n|\n|t:|1768044539\n|move|p1b: \u6211\u6ca1dlc\u9001\u6211\u62cd\u843d\u6280\u80fd\u673a|Fake Out|p2b: Ogerpon\n|-damage|p2b: Ogerpon|88/100\n|move|p1a: \u7c73\u52d2\u53c8\u987f|Draco Meteor|p2a: Landorus\n|-damage|p2a: Landorus|0 fnt\n|-unboost|p1a: \u7c73\u52d2\u53c8\u987f|spa|2\n|faint|p2a: Landorus\n|cant|p2b: Ogerpon|flinch\n|\n|upkeep\n|\n|t:|1768044548\n|switch|p2a: Zacian|Zacian-Crowned, L50|100/100\n|-ability|p2a: Zacian|Intrepid Sword|boost\n|-boost|p2a: Zacian|atk|1\n|turn|4\n|\n|t:|1768044583\n|switch|p1a: \u5927\u72c3\u62c9\u4e0d\u4f1a\u9047\u89c1\u56f4\u5dfe\u9b3c\u9a6c|Sneasler, L50, M, shiny|100/100\n|-terastallize|p1b: \u6211\u6ca1dlc\u9001\u6211\u62cd\u843d\u6280\u80fd\u673a|Water\n|move|p2a: Zacian|Play Rough|p1a: \u5927\u72c3\u62c9\u4e0d\u4f1a\u9047\u89c1\u56f4\u5dfe\u9b3c\u9a6c\n|-damage|p1a: \u5927\u72c3\u62c9\u4e0d\u4f1a\u9047\u89c1\u56f4\u5dfe\u9b3c\u9a6c|0 fnt\n|faint|p1a: \u5927\u72c3\u62c9\u4e0d\u4f1a\u9047\u89c1\u56f4\u5dfe\u9b3c\u9a6c\n|move|p2b: Ogerpon|Ivy Cudgel|p1b: \u6211\u6ca1dlc\u9001\u6211\u62cd\u843d\u6280\u80fd\u673a|[anim] Ivy Cudgel Water\n|-resisted|p1b: \u6211\u6ca1dlc\u9001\u6211\u62cd\u843d\u6280\u80fd\u673a\n|-damage|p1b: \u6211\u6ca1dlc\u9001\u6211\u62cd\u843d\u6280\u80fd\u673a|81/100\n|move|p1b: \u6211\u6ca1dlc\u9001\u6211\u62cd\u843d\u6280\u80fd\u673a|U-turn|p2b: Ogerpon\n|-supereffective|p2b: Ogerpon\n|-damage|p2b: Ogerpon|42/100\n|\n|t:|1768044596\n|switch|p1b: \u7c73\u52d2\u53c8\u987f|Miraidon, L50, shiny|79/100|[from] U-turn\n|-activate|p1b: \u7c73\u52d2\u53c8\u987f|ability: Hadron Engine\n|\n|upkeep\n|\n|t:|1768044601\n|switch|p1a: \u6211\u6ca1dlc\u9001\u6211\u62cd\u843d\u6280\u80fd\u673a|Incineroar, L50, M, shiny, tera:Water|81/100\n|-ability|p1a: \u6211\u6ca1dlc\u9001\u6211\u62cd\u843d\u6280\u80fd\u673a|Intimidate|boost\n|-unboost|p2a: Zacian|atk|1\n|-unboost|p2b: Ogerpon|atk|1\n|turn|5\n|\n|t:|1768044620\n|move|p2a: Zacian|Protect|p2a: Zacian\n|-singleturn|p2a: Zacian|Protect\n|move|p2b: Ogerpon|Spiky Shield|p2b: Ogerpon\n|-singleturn|p2b: Ogerpon|move: Protect\n|move|p1a: \u6211\u6ca1dlc\u9001\u6211\u62cd\u843d\u6280\u80fd\u673a|Fake Out|p2a: Zacian\n|-activate|p2a: Zacian|move: Protect\n|move|p1b: \u7c73\u52d2\u53c8\u987f|Electro Drift|p2b: Ogerpon\n|-activate|p2b: Ogerpon|move: Protect\n|-damage|p1b: \u7c73\u52d2\u53c8\u987f|66/100|[from] Spiky Shield|[of] p2b: Ogerpon\n|\n|-fieldend|move: Electric Terrain\n|upkeep\n|turn|6\n|\n|t:|1768044639\n|switch|p1b: \u9a6c\u52a0\u9a91|Calyrex-Ice, L50|100/100\n|-ability|p1b: \u9a6c\u52a0\u9a91|As One\n|-ability|p1b: \u9a6c\u52a0\u9a91|Unnerve\n|switch|p2b: Incineroar|Incineroar, L50, F|100/100\n|-ability|p2b: Incineroar|Intimidate|boost\n|-unboost|p1a: \u6211\u6ca1dlc\u9001\u6211\u62cd\u843d\u6280\u80fd\u673a|atk|1\n|-fail|p1b: \u9a6c\u52a0\u9a91|unboost|[from] item: Clear Amulet|[of] p1b: \u9a6c\u52a0\u9a91\n|move|p2a: Zacian|Play Rough|p1b: \u9a6c\u52a0\u9a91\n|-damage|p1b: \u9a6c\u52a0\u9a91|68/100\n|move|p1a: \u6211\u6ca1dlc\u9001\u6211\u62cd\u843d\u6280\u80fd\u673a|U-turn|p2b: Incineroar\n|-damage|p2b: Incineroar|90/100\n|\n|t:|1768044653\n|switch|p1a: \u7c73\u52d2\u53c8\u987f|Miraidon, L50, shiny|66/100|[from] U-turn\n|-fieldstart|move: Electric Terrain|[from] ability: Hadron Engine|[of] p1a: \u7c73\u52d2\u53c8\u987f\n|\n|upkeep\n|turn|7\n|\n|t:|1768044695\n|switch|p1a: \u6211\u6ca1dlc\u9001\u6211\u62cd\u843d\u6280\u80fd\u673a|Incineroar, L50, M, shiny, tera:Water|81/100\n|-ability|p1a: \u6211\u6ca1dlc\u9001\u6211\u62cd\u843d\u6280\u80fd\u673a|Intimidate|boost\n|-unboost|p2a: Zacian|atk|1\n|-unboost|p2b: Incineroar|atk|1\n|move|p2b: Incineroar|Fake Out|p1b: \u9a6c\u52a0\u9a91\n|-damage|p1b: \u9a6c\u52a0\u9a91|64/100\n|move|p2a: Zacian|Play Rough|p1a: \u6211\u6ca1dlc\u9001\u6211\u62cd\u843d\u6280\u80fd\u673a\n|-damage|p1a: \u6211\u6ca1dlc\u9001\u6211\u62cd\u843d\u6280\u80fd\u673a|55/100\n|cant|p1b: \u9a6c\u52a0\u9a91|flinch\n|\n|upkeep\n|turn|8\n|\n|t:|1768044726\n|move|p1a: \u6211\u6ca1dlc\u9001\u6211\u62cd\u843d\u6280\u80fd\u673a|Fake Out|p2a: Zacian\n|-resisted|p2a: Zacian\n|-damage|p2a: Zacian|95/100\n|cant|p2a: Zacian|flinch\n|move|p2b: Incineroar|Knock Off|p1b: \u9a6c\u52a0\u9a91\n|-supereffective|p1b: \u9a6c\u52a0\u9a91\n|-damage|p1b: \u9a6c\u52a0\u9a91|34/100\n|-enditem|p1b: \u9a6c\u52a0\u9a91|Clear Amulet|[from] move: Knock Off|[of] p2b: Incineroar\n|move|p1b: \u9a6c\u52a0\u9a91|Close Combat|p2b: Incineroar\n|-supereffective|p2b: Incineroar\n|-damage|p2b: Incineroar|14/100\n|-unboost|p1b: \u9a6c\u52a0\u9a91|def|1\n|-unboost|p1b: \u9a6c\u52a0\u9a91|spd|1\n|\n|upkeep\n|turn|9\n|\n|t:|1768044752\n|switch|p2a: Ogerpon|Ogerpon-Wellspring, L50, F|42/100\n|move|p1a: \u6211\u6ca1dlc\u9001\u6211\u62cd\u843d\u6280\u80fd\u673a|U-turn|p2b: Incineroar\n|-damage|p2b: Incineroar|0 fnt\n|faint|p2b: Incineroar\n|\n|t:|1768044757\n|switch|p1a: \u7c73\u52d2\u53c8\u987f|Miraidon, L50, shiny|66/100|[from] U-turn\n|-activate|p1a: \u7c73\u52d2\u53c8\u987f|ability: Hadron Engine\n|move|p1b: \u9a6c\u52a0\u9a91|Glacial Lance|p2a: Ogerpon\n|-damage|p2a: Ogerpon|0 fnt\n|faint|p2a: Ogerpon\n|-ability|p1b: \u9a6c\u52a0\u9a91|Chilling Neigh|boost\n|-boost|p1b: \u9a6c\u52a0\u9a91|atk|1\n|\n|upkeep\n|\n|t:|1768044761\n|switch|p2b: Zacian|Zacian-Crowned, L50|95/100\n|turn|10\n|\n|t:|1768044784\n|switch|p1b: \u6211\u6ca1dlc\u9001\u6211\u62cd\u843d\u6280\u80fd\u673a|Incineroar, L50, M, shiny, tera:Water|55/100\n|-ability|p1b: \u6211\u6ca1dlc\u9001\u6211\u62cd\u843d\u6280\u80fd\u673a|Intimidate|boost\n|-unboost|p2b: Zacian|atk|1\n|move|p1a: \u7c73\u52d2\u53c8\u987f|Electro Drift|p2b: Zacian\n|-damage|p2b: Zacian|8/100\n|move|p2b: Zacian|Behemoth Blade|p1b: \u6211\u6ca1dlc\u9001\u6211\u62cd\u843d\u6280\u80fd\u673a\n|-resisted|p1b: \u6211\u6ca1dlc\u9001\u6211\u62cd\u843d\u6280\u80fd\u673a\n|-damage|p1b: \u6211\u6ca1dlc\u9001\u6211\u62cd\u843d\u6280\u80fd\u673a|38/100\n|\n|-fieldend|move: Electric Terrain\n|upkeep\n|turn|11\n|-message|fogdocker forfeited.\n|\n|win|wumuida312\n|raw|wumuida312's rating: 1285 &rarr; <strong>1311</strong><br />(+26 for winning)\n|raw|fogdocker's rating: 1302 &rarr; <strong>1281</strong><br />(-21 for losing)\n|l|\u2606fogdocker\n|player|p2|\n|l|\u2606wumuida312\n|player|p1|\n","uploadtime":1768044929,"views":16,"formatid":"gen9vgc2026regi","rating":1281,"private":0,"password":null}