{"id":"gen9vgc2026regi-2548138464","format":"[Gen 9] VGC 2026 Reg I","players":["dasabe\u76d6\u6b27\u5361\u4fa0","Aki nakaha"],"log":"|j|\u2606dasabe\u76d6\u6b27\u5361\u4fa0\n|j|\u2606Aki nakaha\n|t:|1772175132\n|gametype|doubles\n|player|p1|dasabe\u76d6\u6b27\u5361\u4fa0|may-masters4|1534\n|player|p2|Aki nakaha|twins-gen4dp|1383\n|gen|9\n|tier|[Gen 9] VGC 2026 Reg I\n|rated|\n|rule|Species Clause: Limit one of each Pok\u00e9mon\n|rule|Item Clause: Limit 1 of each item\n|clearpoke\n|poke|p1|Kyogre, L50|\n|poke|p1|Miraidon, L50|\n|poke|p1|Whimsicott, L50, F|\n|poke|p1|Iron Hands, L50|\n|poke|p1|Farigiraf, L50, F|\n|poke|p1|Urshifu-*, L50, M|\n|poke|p2|Miraidon, L50|\n|poke|p2|Zamazenta-*, L50|\n|poke|p2|Entei, L50|\n|poke|p2|Chien-Pao, L50|\n|poke|p2|Pelipper, L50, M|\n|poke|p2|Urshifu-*, L50, M|\n|teampreview|4\n|inactive|Battle timer is ON: inactive players will automatically lose when time's up. (requested by Aki nakaha)\n|\n|t:|1772175157\n|teamsize|p1|4\n|teamsize|p2|4\n|start\n|switch|p1a: \u5996\u820d\u7cbe\u62c9|Whimsicott, L50, F, shiny|100/100\n|switch|p1b: \u94f6\u91d1\u5996\u86c7|Miraidon, L50, shiny|100/100\n|switch|p2a: Chien-Pao|Chien-Pao, L50|100/100\n|switch|p2b: Zamazenta|Zamazenta-Crowned, L50|100/100\n|-ability|p2a: Chien-Pao|Sword of Ruin\n|-fieldstart|move: Electric Terrain|[from] ability: Hadron Engine|[of] p1b: \u94f6\u91d1\u5996\u86c7\n|-ability|p2b: Zamazenta|Dauntless Shield|boost\n|-boost|p2b: Zamazenta|def|1\n|turn|1\n|\n|t:|1772175168\n|move|p1b: \u94f6\u91d1\u5996\u86c7|Protect|p1b: \u94f6\u91d1\u5996\u86c7\n|-singleturn|p1b: \u94f6\u91d1\u5996\u86c7|Protect\n|move|p1a: \u5996\u820d\u7cbe\u62c9|Tailwind|p1a: \u5996\u820d\u7cbe\u62c9\n|-sidestart|p1: dasabe\u76d6\u6b27\u5361\u4fa0|move: Tailwind\n|move|p2a: Chien-Pao|Icicle Crash|p1a: \u5996\u820d\u7cbe\u62c9\n|-supereffective|p1a: \u5996\u820d\u7cbe\u62c9\n|-enditem|p1a: \u5996\u820d\u7cbe\u62c9|Focus Sash\n|-damage|p1a: \u5996\u820d\u7cbe\u62c9|1/100\n|move|p2b: Zamazenta|Body Press|p1b: \u94f6\u91d1\u5996\u86c7\n|-activate|p1b: \u94f6\u91d1\u5996\u86c7|move: Protect\n|\n|upkeep\n|turn|2\n|\n|t:|1772175187\n|-terastallize|p1b: \u94f6\u91d1\u5996\u86c7|Fairy\n|move|p2a: Chien-Pao|Sucker Punch|p1a: \u5996\u820d\u7cbe\u62c9\n|-resisted|p1a: \u5996\u820d\u7cbe\u62c9\n|-damage|p1a: \u5996\u820d\u7cbe\u62c9|0 fnt\n|faint|p1a: \u5996\u820d\u7cbe\u62c9\n|move|p1b: \u94f6\u91d1\u5996\u86c7|Dazzling Gleam|p2a: Chien-Pao|[spread] p2a,p2b\n|-supereffective|p2a: Chien-Pao\n|-enditem|p2a: Chien-Pao|Focus Sash\n|-damage|p2a: Chien-Pao|1/100\n|-damage|p2b: Zamazenta|52/100\n|-damage|p1b: \u94f6\u91d1\u5996\u86c7|91/100|[from] item: Life Orb\n|move|p2b: Zamazenta|Body Press|p1b: \u94f6\u91d1\u5996\u86c7\n|-resisted|p1b: \u94f6\u91d1\u5996\u86c7\n|-damage|p1b: \u94f6\u91d1\u5996\u86c7|43/100\n|\n|upkeep\n|\n|t:|1772175193\n|switch|p1a: \u6210\u90fd\u8001\u76d6|Kyogre, L50, shiny|100/100\n|-weather|RainDance|[from] ability: Drizzle|[of] p1a: \u6210\u90fd\u8001\u76d6\n|turn|3\n|\n|t:|1772175207\n|move|p2a: Chien-Pao|Protect|p2a: Chien-Pao\n|-singleturn|p2a: Chien-Pao|Protect\n|move|p2b: Zamazenta|Protect|p2b: Zamazenta\n|-singleturn|p2b: Zamazenta|Protect\n|move|p1b: \u94f6\u91d1\u5996\u86c7|Electro Drift|p2a: Chien-Pao\n|-activate|p2a: Chien-Pao|move: Protect\n|move|p1a: \u6210\u90fd\u8001\u76d6|Hydro Pump|p2b: Zamazenta\n|-activate|p2b: Zamazenta|move: Protect\n|\n|-weather|RainDance|[upkeep]\n|upkeep\n|turn|4\n|\n|t:|1772175222\n|-terastallize|p2b: Zamazenta|Dragon\n|move|p2a: Chien-Pao|Sucker Punch|p1a: \u6210\u90fd\u8001\u76d6\n|-damage|p1a: \u6210\u90fd\u8001\u76d6|48/100\n|move|p1b: \u94f6\u91d1\u5996\u86c7|Dazzling Gleam|p2b: Zamazenta|[spread] p2a,p2b\n|-supereffective|p2a: Chien-Pao\n|-supereffective|p2b: Zamazenta\n|-damage|p2a: Chien-Pao|0 fnt\n|-damage|p2b: Zamazenta|0 fnt\n|faint|p2a: Chien-Pao\n|faint|p2b: Zamazenta\n|-damage|p1b: \u94f6\u91d1\u5996\u86c7|33/100|[from] item: Life Orb\n|move|p1a: \u6210\u90fd\u8001\u76d6|Hydro Pump|p2: Chien-Pao|[notarget]\n|-fail|p1a: \u6210\u90fd\u8001\u76d6\n|\n|-weather|RainDance|[upkeep]\n|-sideend|p1: dasabe\u76d6\u6b27\u5361\u4fa0|move: Tailwind\n|upkeep\n|\n|t:|1772175225\n|switch|p2a: Miraidon|Miraidon, L50|100/100\n|switch|p2b: Pelipper|Pelipper, L50, M|100/100\n|-activate|p2a: Miraidon|ability: Hadron Engine\n|turn|5\n|\n|t:|1772175234\n|move|p2a: Miraidon|Dazzling Gleam|p1b: \u94f6\u91d1\u5996\u86c7|[spread] p1a,p1b\n|-damage|p1a: \u6210\u90fd\u8001\u76d6|17/100\n|-damage|p1b: \u94f6\u91d1\u5996\u86c7|0 fnt\n|faint|p1b: \u94f6\u91d1\u5996\u86c7\n|-damage|p2a: Miraidon|91/100|[from] item: Life Orb\n|move|p1a: \u6210\u90fd\u8001\u76d6|Hydro Pump|p2a: Miraidon\n|-resisted|p2a: Miraidon\n|-damage|p2a: Miraidon|16/100\n|move|p2b: Pelipper|Tailwind|p2b: Pelipper\n|-sidestart|p2: Aki nakaha|move: Tailwind\n|\n|-weather|RainDance|[upkeep]\n|-fieldend|move: Electric Terrain\n|upkeep\n|\n|t:|1772175236\n|switch|p1b: \u5c0f\u5934\u63a7\u5927\u5934|Farigiraf, L50, F, shiny|100/100\n|turn|6\n|\n|t:|1772175243\n|move|p2a: Miraidon|Dazzling Gleam|p1b: \u5c0f\u5934\u63a7\u5927\u5934|[spread] p1a,p1b\n|-damage|p1a: \u6210\u90fd\u8001\u76d6|0 fnt\n|-damage|p1b: \u5c0f\u5934\u63a7\u5927\u5934|74/100\n|faint|p1a: \u6210\u90fd\u8001\u76d6\n|-damage|p2a: Miraidon|7/100|[from] item: Life Orb\n|move|p2b: Pelipper|Hurricane|p1b: \u5c0f\u5934\u63a7\u5927\u5934\n|-damage|p1b: \u5c0f\u5934\u63a7\u5927\u5934|44/100\n|-start|p1b: \u5c0f\u5934\u63a7\u5927\u5934|confusion\n|-activate|p1b: \u5c0f\u5934\u63a7\u5927\u5934|confusion\n|-damage|p1b: \u5c0f\u5934\u63a7\u5927\u5934|38/100|[from] confusion\n|\n|-weather|RainDance|[upkeep]\n|upkeep\n|turn|7\n|-message|dasabe\u76d6\u6b27\u5361\u4fa0 forfeited.\n|\n|win|Aki nakaha\n|raw|dasabe\u76d6\u6b27\u5361\u4fa0's rating: 1534 &rarr; <strong>1506</strong><br />(-28 for losing)\n|raw|Aki nakaha's rating: 1383 &rarr; <strong>1411</strong><br />(+28 for winning)\n|l|\u2606dasabe\u76d6\u6b27\u5361\u4fa0\n|player|p1|\n","uploadtime":1772175463,"views":13,"formatid":"gen9vgc2026regi","rating":1411,"private":0,"password":null}