{"id":"gen9vgc2026regi-2531700032","format":"[Gen 9] VGC 2026 Reg I","players":["ky123456","palhunter"],"log":"|j|\u2606ky123456\n|j|\u2606palhunter\n|t:|1770085734\n|gametype|doubles\n|player|p1|ky123456|cynthia-gen4|1558\n|player|p2|palhunter|dawn|1659\n|gen|9\n|tier|[Gen 9] VGC 2026 Reg I\n|rated|\n|rule|Species Clause: Limit one of each Pok\u00e9mon\n|rule|Item Clause: Limit 1 of each item\n|clearpoke\n|poke|p1|Koraidon, L50|\n|poke|p1|Calyrex-Ice, L50|\n|poke|p1|Incineroar, L50, M|\n|poke|p1|Smeargle, L50, F|\n|poke|p1|Rillaboom, L50, F|\n|poke|p1|Landorus, L50, M|\n|poke|p2|Miraidon, L50|\n|poke|p2|Amoonguss, L50, F|\n|poke|p2|Calyrex-Ice, L50|\n|poke|p2|Urshifu-*, L50, M|\n|poke|p2|Incineroar, L50, F|\n|poke|p2|Landorus, L50, M|\n|teampreview|4\n|inactive|Battle timer is ON: inactive players will automatically lose when time's up. (requested by palhunter)\n|inactive|palhunter has 60 seconds left.\n|\n|t:|1770085791\n|teamsize|p1|4\n|teamsize|p2|4\n|start\n|switch|p1a: Rillaboom|Rillaboom, L50, F|100/100\n|switch|p1b: Landorus|Landorus, L50, M|100/100\n|switch|p2a: Calyrex|Calyrex-Ice, L50|100/100\n|switch|p2b: Incineroar|Incineroar, L50, F, shiny|100/100\n|-ability|p2a: Calyrex|As One\n|-ability|p2a: Calyrex|Unnerve\n|-fieldstart|move: Grassy Terrain|[from] ability: Grassy Surge|[of] p1a: Rillaboom\n|-ability|p2b: Incineroar|Intimidate|boost\n|-unboost|p1a: Rillaboom|atk|1\n|-unboost|p1b: Landorus|atk|1\n|turn|1\n|\n|t:|1770085810\n|move|p1a: Rillaboom|Fake Out|p2a: Calyrex\n|-damage|p2a: Calyrex|96/100\n|move|p2b: Incineroar|Fake Out|p1b: Landorus\n|-damage|p1b: Landorus|88/100\n|cant|p1b: Landorus|flinch\n|cant|p2a: Calyrex|flinch\n|\n|-heal|p2a: Calyrex|100/100|[from] Grassy Terrain\n|upkeep\n|turn|2\n|inactive|ky123456 has 30 seconds left.\n|inactive|palhunter has 30 seconds left.\n|\n|t:|1770085840\n|switch|p2b: Landorus|Landorus, L50, M, shiny|100/100\n|-terastallize|p1b: Landorus|Water\n|move|p1a: Rillaboom|U-turn|p2a: Calyrex\n|-supereffective|p2a: Calyrex\n|-damage|p2a: Calyrex|82/100\n|\n|t:|1770085847\n|switch|p1a: Calyrex|Calyrex-Ice, L50|100/100|[from] U-turn\n|-ability|p1a: Calyrex|As One\n|-ability|p1a: Calyrex|Unnerve\n|move|p1b: Landorus|Earth Power|p2b: Landorus\n|-immune|p2b: Landorus\n|move|p2a: Calyrex|Trick Room|p2a: Calyrex\n|-fieldstart|move: Trick Room|[of] p2a: Calyrex\n|\n|-heal|p2a: Calyrex|88/100|[from] Grassy Terrain\n|-heal|p1b: Landorus|94/100|[from] Grassy Terrain\n|upkeep\n|turn|3\n|inactive|palhunter has 30 seconds left.\n|inactive|palhunter has 20 seconds left.\n|\n|t:|1770085885\n|move|p2b: Landorus|Protect|p2b: Landorus\n|-singleturn|p2b: Landorus|Protect\n|move|p2a: Calyrex|High Horsepower|p1b: Landorus|[miss]\n|-miss|p2a: Calyrex|p1b: Landorus\n|move|p1a: Calyrex|Leech Seed|p2a: Calyrex\n|-start|p2a: Calyrex|move: Leech Seed\n|move|p1b: Landorus|Earth Power|p2b: Landorus\n|-activate|p2b: Landorus|move: Protect\n|\n|-heal|p2a: Calyrex|94/100|[from] Grassy Terrain\n|-heal|p1b: Landorus|99/100|[from] Grassy Terrain\n|-damage|p2a: Calyrex|82/100|[from] Leech Seed|[of] p1a: Calyrex\n|upkeep\n|turn|4\n|j| chronikler\n|\n|t:|1770085911\n|switch|p2a: Incineroar|Incineroar, L50, F, shiny|100/100\n|-ability|p2a: Incineroar|Intimidate|boost\n|-unboost|p1a: Calyrex|atk|1\n|-unboost|p1b: Landorus|atk|1\n|-terastallize|p2b: Landorus|Water\n|move|p1b: Landorus|Protect|p1b: Landorus\n|-singleturn|p1b: Landorus|Protect\n|move|p1a: Calyrex|Glacial Lance|p2b: Landorus|[spread] p2a,p2b\n|-resisted|p2a: Incineroar\n|-resisted|p2b: Landorus\n|-damage|p2a: Incineroar|85/100\n|-damage|p2b: Landorus|84/100\n|move|p2b: Landorus|Sandsear Storm|p1a: Calyrex|[spread] p1a\n|-activate|p1b: Landorus|move: Protect\n|-damage|p1a: Calyrex|65/100\n|\n|-heal|p1a: Calyrex|71/100|[from] Grassy Terrain\n|-heal|p1a: Calyrex|76/100|[from] item: Leftovers\n|-heal|p2a: Incineroar|91/100|[from] Grassy Terrain\n|-heal|p2b: Landorus|90/100|[from] Grassy Terrain\n|-heal|p1b: Landorus|100/100|[from] Grassy Terrain\n|upkeep\n|turn|5\n|inactive|ky123456 has 30 seconds left.\n|inactive|palhunter has 30 seconds left.\n|\n|t:|1770085940\n|move|p1b: Landorus|Protect||[still]\n|-fail|p1b: Landorus\n|move|p2a: Incineroar|Fake Out|p1b: Landorus\n|-crit|p1b: Landorus\n|-damage|p1b: Landorus|82/100\n|move|p1a: Calyrex|Leech Seed|p2b: Landorus\n|-start|p2b: Landorus|move: Leech Seed\n|move|p2b: Landorus|Sandsear Storm|p1b: Landorus|[spread] p1a\n|-miss|p2b: Landorus|p1b: Landorus\n|-damage|p1a: Calyrex|42/100\n|\n|-heal|p1a: Calyrex|48/100|[from] Grassy Terrain\n|-heal|p1a: Calyrex|54/100|[from] item: Leftovers\n|-heal|p2a: Incineroar|97/100|[from] Grassy Terrain\n|-heal|p2b: Landorus|96/100|[from] Grassy Terrain\n|-heal|p1b: Landorus|88/100|[from] Grassy Terrain\n|-damage|p2b: Landorus|84/100|[from] Leech Seed|[of] p1a: Calyrex\n|-heal|p1a: Calyrex|65/100|[silent]\n|-fieldend|move: Grassy Terrain\n|upkeep\n|turn|6\n|\n|t:|1770085957\n|switch|p1a: Rillaboom|Rillaboom, L50, F|100/100\n|-fieldstart|move: Grassy Terrain|[from] ability: Grassy Surge|[of] p1a: Rillaboom\n|switch|p2b: Calyrex|Calyrex-Ice, L50|82/100\n|-ability|p2b: Calyrex|As One\n|-ability|p2b: Calyrex|Unnerve\n|move|p1b: Landorus|Protect|p1b: Landorus\n|-singleturn|p1b: Landorus|Protect\n|move|p2a: Incineroar|Knock Off|p1b: Landorus\n|-activate|p1b: Landorus|move: Protect\n|\n|-heal|p2b: Calyrex|87/100|[from] Grassy Terrain\n|-heal|p2a: Incineroar|100/100|[from] Grassy Terrain\n|-heal|p1b: Landorus|94/100|[from] Grassy Terrain\n|-fieldend|move: Trick Room\n|upkeep\n|turn|7\n|inactive|palhunter has 30 seconds left.\n|inactive|ky123456 has 30 seconds left.\n|\n|t:|1770085990\n|move|p1a: Rillaboom|Fake Out|p2b: Calyrex\n|-damage|p2b: Calyrex|80/100\n|move|p1b: Landorus|Earth Power|p2a: Incineroar\n|-supereffective|p2a: Incineroar\n|-damage|p2a: Incineroar|7/100\n|move|p2a: Incineroar|U-turn|p1a: Rillaboom\n|-supereffective|p1a: Rillaboom\n|-damage|p1a: Rillaboom|56/100\n|\n|t:|1770085999\n|switch|p2a: Miraidon|Miraidon, L50|100/100|[from] U-turn\n|-fieldstart|move: Electric Terrain|[from] ability: Hadron Engine|[of] p2a: Miraidon\n|cant|p2b: Calyrex|flinch\n|\n|upkeep\n|turn|8\n|j| qwerikda\n|inactive|palhunter has 30 seconds left.\n|\n|t:|1770086031\n|switch|p1a: Calyrex|Calyrex-Ice, L50|65/100\n|-ability|p1a: Calyrex|As One\n|-ability|p1a: Calyrex|Unnerve\n|move|p1b: Landorus|Protect|p1b: Landorus\n|-singleturn|p1b: Landorus|Protect\n|move|p2b: Calyrex|Protect|p2b: Calyrex\n|-singleturn|p2b: Calyrex|Protect\n|move|p2a: Miraidon|Volt Switch|p1b: Landorus\n|-activate|p1b: Landorus|move: Protect\n|\n|-heal|p1a: Calyrex|71/100|[from] item: Leftovers\n|upkeep\n|turn|9\n|inactive|ky123456 has 30 seconds left.\n|inactive|palhunter has 30 seconds left.\n|inactive|ky123456 has 20 seconds left.\n|\n|t:|1770086070\n|move|p1b: Landorus|Protect|p1b: Landorus\n|-singleturn|p1b: Landorus|Protect\n|move|p2a: Miraidon|Volt Switch|p1b: Landorus\n|-activate|p1b: Landorus|move: Protect\n|move|p1a: Calyrex|Leech Seed|p2b: Calyrex\n|-start|p2b: Calyrex|move: Leech Seed\n|move|p2b: Calyrex|Glacial Lance|p1b: Landorus|[spread] p1a\n|-activate|p1b: Landorus|move: Protect\n|-resisted|p1a: Calyrex\n|-damage|p1a: Calyrex|54/100\n|\n|-heal|p1a: Calyrex|59/100|[from] item: Leftovers\n|-damage|p2b: Calyrex|68/100|[from] Leech Seed|[of] p1a: Calyrex\n|-heal|p1a: Calyrex|72/100|[silent]\n|upkeep\n|turn|10\n|inactive|ky123456 has 30 seconds left.\n|inactive|ky123456 has 20 seconds left.\n|\n|t:|1770086105\n|move|p2a: Miraidon|Volt Switch|p1b: Landorus\n|-supereffective|p1b: Landorus\n|-damage|p1b: Landorus|0 fnt\n|faint|p1b: Landorus\n|\n|t:|1770086116\n|switch|p2a: Landorus|Landorus, L50, M, shiny, tera:Water|84/100|[from] Volt Switch\n|move|p1a: Calyrex|Glacial Lance|p2a: Landorus|[spread] p2a,p2b\n|-resisted|p2a: Landorus\n|-resisted|p2b: Calyrex\n|-damage|p2a: Landorus|56/100\n|-damage|p2b: Calyrex|51/100\n|move|p2b: Calyrex|Glacial Lance|p1a: Calyrex\n|-resisted|p1a: Calyrex\n|-damage|p1a: Calyrex|50/100\n|\n|-heal|p1a: Calyrex|56/100|[from] item: Leftovers\n|-damage|p2b: Calyrex|39/100|[from] Leech Seed|[of] p1a: Calyrex\n|-heal|p1a: Calyrex|68/100|[silent]\n|upkeep\n|\n|t:|1770086127\n|switch|p1b: Rillaboom|Rillaboom, L50, F|56/100\n|-fieldstart|move: Grassy Terrain|[from] ability: Grassy Surge|[of] p1b: Rillaboom\n|turn|11\n|inactive|ky123456 has 30 seconds left.\n|inactive|ky123456 has 20 seconds left.\n|inactive|ky123456 has 15 seconds left.\n|inactive|ky123456 has 10 seconds left.\n|\n|t:|1770086176\n|switch|p2b: Incineroar|Incineroar, L50, F, shiny|7/100\n|-ability|p2b: Incineroar|Intimidate|boost\n|-unboost|p1a: Calyrex|atk|1\n|-unboost|p1b: Rillaboom|atk|1\n|move|p2a: Landorus|Protect|p2a: Landorus\n|-singleturn|p2a: Landorus|Protect\n|move|p1b: Rillaboom|Grassy Glide|p2a: Landorus\n|-activate|p2a: Landorus|move: Protect\n|move|p1a: Calyrex|Glacial Lance|p2b: Incineroar|[spread] p2b\n|-activate|p2a: Landorus|move: Protect\n|-resisted|p2b: Incineroar\n|-damage|p2b: Incineroar|0 fnt\n|faint|p2b: Incineroar\n|-ability|p1a: Calyrex|Chilling Neigh|boost\n|-boost|p1a: Calyrex|atk|1\n|\n|-heal|p1b: Rillaboom|62/100|[from] Grassy Terrain\n|-heal|p2a: Landorus|62/100|[from] Grassy Terrain\n|-heal|p1a: Calyrex|73/100|[from] Grassy Terrain\n|-heal|p1a: Calyrex|79/100|[from] item: Leftovers\n|upkeep\n|\n|t:|1770086184\n|switch|p2b: Miraidon|Miraidon, L50|100/100\n|-fieldstart|move: Electric Terrain|[from] ability: Hadron Engine|[of] p2b: Miraidon\n|turn|12\n|inactive|ky123456 has 30 seconds left.\n|inactive|ky123456 has 20 seconds left.\n|\n|t:|1770086223\n|move|p1a: Calyrex|Protect|p1a: Calyrex\n|-singleturn|p1a: Calyrex|Protect\n|move|p2b: Miraidon|Volt Switch|p1b: Rillaboom\n|-resisted|p1b: Rillaboom\n|-damage|p1b: Rillaboom|33/100\n|\n|t:|1770086230\n|switch|p2b: Calyrex|Calyrex-Ice, L50|39/100|[from] Volt Switch\n|-ability|p2b: Calyrex|As One\n|-ability|p2b: Calyrex|Unnerve\n|move|p1b: Rillaboom|Wood Hammer|p2a: Landorus\n|-supereffective|p2a: Landorus\n|-damage|p2a: Landorus|0 fnt\n|faint|p2a: Landorus\n|-damage|p1b: Rillaboom|12/100|[from] Recoil\n|\n|-heal|p1a: Calyrex|85/100|[from] item: Leftovers\n|upkeep\n|\n|t:|1770086244\n|switch|p2a: Miraidon|Miraidon, L50|100/100\n|-activate|p2a: Miraidon|ability: Hadron Engine\n|turn|13\n|inactive|palhunter has 30 seconds left.\n|\n|t:|1770086270\n|move|p2a: Miraidon|Electro Drift|p1a: Calyrex\n|-damage|p1a: Calyrex|29/100\n|move|p1b: Rillaboom|Wood Hammer|p2b: Calyrex\n|-damage|p2b: Calyrex|16/100\n|-damage|p1b: Rillaboom|4/100|[from] Recoil\n|move|p1a: Calyrex|Glacial Lance|p2b: Calyrex|[spread] p2a,p2b\n|-supereffective|p2a: Miraidon\n|-resisted|p2b: Calyrex\n|-damage|p2a: Miraidon|0 fnt\n|-damage|p2b: Calyrex|0 fnt\n|faint|p2a: Miraidon\n|faint|p2b: Calyrex\n|\n|win|ky123456\n|raw|ky123456's rating: 1558 &rarr; <strong>1584</strong><br />(+26 for winning)\n|raw|palhunter's rating: 1659 &rarr; <strong>1633</strong><br />(-26 for losing)\n|l|\u2606palhunter\n|player|p2|\n|l|\u2606ky123456\n|player|p1|\n|l| chronikler\n|l| qwerikda\n","uploadtime":1770086489,"views":108,"formatid":"gen9vgc2026regi","rating":1584,"private":0,"password":null}