{"id":"gen9vgc2026regi-2519314310","format":"[Gen 9] VGC 2026 Reg I","players":["TaintOfHeart","jpto5"],"log":"|j|\u2606TaintOfHeart\n|j|\u2606jpto5\n|t:|1768494876\n|gametype|doubles\n|player|p1|TaintOfHeart|101|1140\n|player|p2|jpto5|266|1250\n|gen|9\n|tier|[Gen 9] VGC 2026 Reg I\n|rated|\n|rule|Species Clause: Limit one of each Pok\u00e9mon\n|rule|Item Clause: Limit 1 of each item\n|clearpoke\n|poke|p1|Calyrex-Shadow, L50|\n|poke|p1|Koraidon, L50|\n|poke|p1|Flutter Mane, L50|\n|poke|p1|Tornadus, L50, M|\n|poke|p1|Incineroar, L50, M|\n|poke|p1|Ogerpon-Hearthflame, L50, F|\n|poke|p2|Tornadus, L50, M|\n|poke|p2|Kyogre, L50|\n|poke|p2|Zacian-*, L50|\n|poke|p2|Incineroar, L50, F|\n|poke|p2|Basculegion, L50, M|\n|poke|p2|Kilowattrel, L50, F|\n|teampreview|4\n|inactive|Battle timer is ON: inactive players will automatically lose when time's up. (requested by jpto5)\n|inactive|TaintOfHeart has 60 seconds left.\n|inactive|jpto5 has 60 seconds left.\n|\n|t:|1768494923\n|teamsize|p1|4\n|teamsize|p2|4\n|start\n|switch|p1a: Calyrex|Calyrex-Shadow, L50|100/100\n|switch|p1b: Tornadus|Tornadus, L50, M, shiny|100/100\n|switch|p2a: Kilowattrel|Kilowattrel, L50, F, shiny|100/100\n|switch|p2b: Incineroar|Incineroar, L50, F|100/100\n|-ability|p1a: Calyrex|As One\n|-ability|p1a: Calyrex|Unnerve\n|-ability|p2b: Incineroar|Intimidate|boost\n|-unboost|p1a: Calyrex|atk|1\n|-unboost|p1b: Tornadus|atk|1\n|turn|1\n|\n|t:|1768494937\n|move|p2b: Incineroar|Fake Out|p1b: Tornadus\n|-damage|p1b: Tornadus|84/100\n|move|p1b: Tornadus|Tailwind|p1b: Tornadus\n|-sidestart|p1: TaintOfHeart|move: Tailwind\n|move|p1a: Calyrex|Nasty Plot|p1a: Calyrex\n|-boost|p1a: Calyrex|spa|2\n|move|p2a: Kilowattrel|Tailwind|p2a: Kilowattrel\n|-sidestart|p2: jpto5|move: Tailwind\n|\n|upkeep\n|turn|2\n|\n|t:|1768494956\n|switch|p1b: Ogerpon|Ogerpon-Hearthflame, L50, F|100/100\n|-ability|p1b: Ogerpon|Mold Breaker\n|move|p2a: Kilowattrel|Protect|p2a: Kilowattrel\n|-singleturn|p2a: Kilowattrel|Protect\n|move|p1a: Calyrex|Astral Barrage|p2b: Incineroar|[spread] p2b\n|-activate|p2a: Kilowattrel|move: Protect\n|-resisted|p2b: Incineroar\n|-damage|p2b: Incineroar|62/100\n|move|p2b: Incineroar|Knock Off|p1a: Calyrex\n|-supereffective|p1a: Calyrex\n|-enditem|p1a: Calyrex|Focus Sash\n|-damage|p1a: Calyrex|1/100\n|\n|upkeep\n|turn|3\n|inactive|jpto5 has 30 seconds left.\n|\n|t:|1768494985\n|move|p1b: Ogerpon|Follow Me|p1b: Ogerpon\n|-singleturn|p1b: Ogerpon|move: Follow Me\n|move|p1a: Calyrex|Astral Barrage|p2a: Kilowattrel|[spread] p2a,p2b\n|-resisted|p2b: Incineroar\n|-damage|p2a: Kilowattrel|0 fnt\n|-damage|p2b: Incineroar|26/100\n|faint|p2a: Kilowattrel\n|-ability|p1a: Calyrex|Grim Neigh|boost\n|-boost|p1a: Calyrex|spa|1\n|move|p2b: Incineroar|Knock Off|p1b: Ogerpon\n|-damage|p1b: Ogerpon|73/100\n|\n|upkeep\n|\n|t:|1768494990\n|switch|p2a: Basculegion|Basculegion, L50, M|100/100\n|turn|4\n|\n|t:|1768495015\n|move|p2a: Basculegion|Protect|p2a: Basculegion\n|-singleturn|p2a: Basculegion|Protect\n|move|p1b: Ogerpon|Follow Me|p1b: Ogerpon\n|-singleturn|p1b: Ogerpon|move: Follow Me\n|move|p1a: Calyrex|Astral Barrage|p2a: Basculegion|[spread] p2b\n|-activate|p2a: Basculegion|move: Protect\n|-resisted|p2b: Incineroar\n|-damage|p2b: Incineroar|0 fnt\n|faint|p2b: Incineroar\n|-ability|p1a: Calyrex|Grim Neigh|boost\n|-boost|p1a: Calyrex|spa|1\n|\n|-sideend|p2: jpto5|move: Tailwind\n|-sideend|p1: TaintOfHeart|move: Tailwind\n|upkeep\n|\n|t:|1768495018\n|switch|p2b: Kyogre|Kyogre, L50|100/100\n|-weather|RainDance|[from] ability: Drizzle|[of] p2b: Kyogre\n|turn|5\n|\n|t:|1768495037\n|move|p1b: Ogerpon|Follow Me|p1b: Ogerpon\n|-singleturn|p1b: Ogerpon|move: Follow Me\n|move|p2a: Basculegion|Last Respects|p1b: Ogerpon\n|-damage|p1b: Ogerpon|0 fnt\n|faint|p1b: Ogerpon\n|-damage|p2a: Basculegion|91/100|[from] item: Life Orb\n|move|p1a: Calyrex|Astral Barrage|p2a: Basculegion|[spread] p2a,p2b\n|-supereffective|p2a: Basculegion\n|-damage|p2a: Basculegion|0 fnt\n|-damage|p2b: Kyogre|18/100\n|faint|p2a: Basculegion\n|-ability|p1a: Calyrex|Grim Neigh|boost\n|-boost|p1a: Calyrex|spa|1\n|move|p2b: Kyogre|Water Spout|p1a: Calyrex\n|-damage|p1a: Calyrex|0 fnt\n|faint|p1a: Calyrex\n|\n|-weather|RainDance|[upkeep]\n|upkeep\n|\n|t:|1768495048\n|switch|p1a: Tornadus|Tornadus, L50, M, shiny|84/100\n|switch|p1b: Koraidon|Koraidon, L50, shiny|100/100\n|-weather|SunnyDay|[from] ability: Orichalcum Pulse|[of] p1b: Koraidon\n|-activate|p1b: Koraidon|Orichalcum Pulse|[source]\n|turn|6\n|\n|t:|1768495055\n|-terastallize|p2b: Kyogre|Ground\n|move|p1a: Tornadus|Taunt|p2b: Kyogre\n|-start|p2b: Kyogre|move: Taunt\n|move|p1b: Koraidon|Close Combat|p2b: Kyogre\n|-damage|p2b: Kyogre|0 fnt\n|-unboost|p1b: Koraidon|def|1\n|-unboost|p1b: Koraidon|spd|1\n|faint|p2b: Kyogre\n|-damage|p1b: Koraidon|91/100|[from] item: Life Orb\n|\n|win|TaintOfHeart\n|raw|TaintOfHeart's rating: 1140 &rarr; <strong>1173</strong><br />(+33 for winning)\n|raw|jpto5's rating: 1250 &rarr; <strong>1217</strong><br />(-33 for losing)\n|l|\u2606TaintOfHeart\n|player|p1|\n|l|\u2606jpto5\n|player|p2|\n","uploadtime":1768495244,"views":15,"formatid":"gen9vgc2026regi","rating":1173,"private":0,"password":null}