{"id":"gen9vgc2026regi-2563351795","format":"[Gen 9] VGC 2026 Reg I","players":["shecallmedada","victlary"],"log":"|j|\u2606shecallmedada\n|j|\u203dvictlary\n|t:|1774018835\n|gametype|doubles\n|player|p1|shecallmedada|burglar-gen1rb|1365\n|player|p2|victlary|carmine-festival|1461\n|gen|9\n|tier|[Gen 9] VGC 2026 Reg I\n|rated|\n|rule|Species Clause: Limit one of each Pok\u00e9mon\n|rule|Item Clause: Limit 1 of each item\n|clearpoke\n|poke|p1|Koraidon, L50|\n|poke|p1|Miraidon, L50|\n|poke|p1|Incineroar, L50, F|\n|poke|p1|Iron Bundle, L50|\n|poke|p1|Toxapex, L50, M|\n|poke|p1|Landorus, L50, M|\n|poke|p2|Kyogre, L50|\n|poke|p2|Calyrex-Ice, L50|\n|poke|p2|Rillaboom, L50, M|\n|poke|p2|Farigiraf, L50, M|\n|poke|p2|Urshifu-*, L50, M|\n|poke|p2|Whimsicott, L50, M|\n|teampreview|4\n|\n|t:|1774018886\n|teamsize|p1|4\n|teamsize|p2|4\n|start\n|switch|p1a: Miraidon|Miraidon, L50|100/100\n|switch|p1b: Toxapex|Toxapex, L50, M|100/100\n|switch|p2a: Kyogre|Kyogre, L50|100/100\n|switch|p2b: Urshifu|Urshifu-Rapid-Strike, L50, M|100/100\n|-fieldstart|move: Electric Terrain|[from] ability: Hadron Engine|[of] p1a: Miraidon\n|-weather|RainDance|[from] ability: Drizzle|[of] p2a: Kyogre\n|turn|1\n|inactive|Battle timer is ON: inactive players will automatically lose when time's up. (requested by shecallmedada)\n|inactive|victlary also wants the timer to be on.\n|\n|t:|1774018905\n|switch|p2b: Rillaboom|Rillaboom, L50, M|100/100\n|-fieldstart|move: Grassy Terrain|[from] ability: Grassy Surge|[of] p2b: Rillaboom\n|-terastallize|p2a: Kyogre|Grass\n|move|p1a: Miraidon|Volt Switch|p2b: Rillaboom\n|-resisted|p2b: Rillaboom\n|-damage|p2b: Rillaboom|85/100\n|-damage|p1a: Miraidon|91/100|[from] item: Life Orb\n|\n|t:|1774018914\n|switch|p1a: Koraidon|Koraidon, L50|100/100|[from] Volt Switch\n|-weather|SunnyDay|[from] ability: Orichalcum Pulse|[of] p1a: Koraidon\n|-activate|p1a: Koraidon|Orichalcum Pulse|[source]\n|move|p2a: Kyogre|Thunder|p1b: Toxapex|[miss]\n|-miss|p2a: Kyogre|p1b: Toxapex\n|move|p1b: Toxapex|Infestation|p2a: Kyogre\n|-supereffective|p2a: Kyogre\n|-damage|p2a: Kyogre|97/100\n|-activate|p2a: Kyogre|move: Infestation|[of] p1b: Toxapex\n|\n|-weather|SunnyDay|[upkeep]\n|-heal|p2a: Kyogre|100/100|[from] Grassy Terrain\n|-heal|p2b: Rillaboom|91/100|[from] Grassy Terrain\n|-damage|p2a: Kyogre|88/100|[from] move: Infestation|[partiallytrapped]\n|upkeep\n|turn|2\n|\n|t:|1774018930\n|move|p1a: Koraidon|Protect|p1a: Koraidon\n|-singleturn|p1a: Koraidon|Protect\n|move|p1b: Toxapex|Baneful Bunker|p1b: Toxapex\n|-singleturn|p1b: Toxapex|move: Protect\n|move|p2b: Rillaboom|Fake Out|p1a: Koraidon\n|-activate|p1a: Koraidon|move: Protect\n|move|p2a: Kyogre|Thunder|p1b: Toxapex\n|-activate|p1b: Toxapex|move: Protect\n|\n|-weather|SunnyDay|[upkeep]\n|-heal|p2a: Kyogre|94/100|[from] Grassy Terrain\n|-heal|p2b: Rillaboom|97/100|[from] Grassy Terrain\n|-damage|p2a: Kyogre|82/100|[from] move: Infestation|[partiallytrapped]\n|upkeep\n|turn|3\n|\n|t:|1774018952\n|switch|p2b: Urshifu|Urshifu-Rapid-Strike, L50, M|100/100\n|move|p1a: Koraidon|Flare Blitz|p2a: Kyogre\n|-supereffective|p2a: Kyogre\n|-damage|p2a: Kyogre|0 fnt\n|faint|p2a: Kyogre\n|-damage|p1a: Koraidon|73/100|[from] Recoil\n|move|p1b: Toxapex|Infestation|p2b: Urshifu\n|-resisted|p2b: Urshifu\n|-damage|p2b: Urshifu|98/100\n|-activate|p2b: Urshifu|move: Infestation|[of] p1b: Toxapex\n|\n|-weather|SunnyDay|[upkeep]\n|-heal|p1a: Koraidon|79/100|[from] Grassy Terrain\n|-heal|p2b: Urshifu|100/100|[from] Grassy Terrain\n|-damage|p2b: Urshifu|88/100|[from] move: Infestation|[partiallytrapped]\n|upkeep\n|\n|t:|1774018966\n|switch|p2a: Calyrex|Calyrex-Ice, L50|100/100\n|-ability|p2a: Calyrex|As One\n|-ability|p2a: Calyrex|Unnerve\n|turn|4\n|\n|t:|1774018979\n|switch|p1a: Incineroar|Incineroar, L50, F|100/100\n|-ability|p1a: Incineroar|Intimidate|boost\n|-fail|p2a: Calyrex|unboost|[from] item: Clear Amulet|[of] p2a: Calyrex\n|-unboost|p2b: Urshifu|atk|1\n|move|p2a: Calyrex|Protect|p2a: Calyrex\n|-singleturn|p2a: Calyrex|Protect\n|move|p2b: Urshifu|Close Combat|p1a: Incineroar\n|-supereffective|p1a: Incineroar\n|-damage|p1a: Incineroar|0 fnt\n|-unboost|p2b: Urshifu|def|1\n|-unboost|p2b: Urshifu|spd|1\n|faint|p1a: Incineroar\n|move|p1b: Toxapex|Infestation|p2a: Calyrex\n|-activate|p2a: Calyrex|move: Protect\n|\n|-weather|SunnyDay|[upkeep]\n|-heal|p2b: Urshifu|94/100|[from] Grassy Terrain\n|-damage|p2b: Urshifu|82/100|[from] move: Infestation|[partiallytrapped]\n|upkeep\n|\n|t:|1774018991\n|switch|p1a: Koraidon|Koraidon, L50|79/100\n|-activate|p1a: Koraidon|ability: Orichalcum Pulse\n|turn|5\n|inactive|shecallmedada has 30 seconds left.\n|\n|t:|1774019025\n|move|p1a: Koraidon|Body Press|p2b: Urshifu\n|-damage|p2b: Urshifu|1/100\n|move|p2b: Urshifu|Close Combat|p1a: Koraidon\n|-damage|p1a: Koraidon|38/100\n|-unboost|p2b: Urshifu|def|1\n|-unboost|p2b: Urshifu|spd|1\n|move|p2a: Calyrex|Leech Seed|p1b: Toxapex\n|-start|p1b: Toxapex|move: Leech Seed\n|move|p1b: Toxapex|Infestation|p2a: Calyrex\n|-supereffective|p2a: Calyrex\n|-damage|p2a: Calyrex|97/100\n|-activate|p2a: Calyrex|move: Infestation|[of] p1b: Toxapex\n|\n|-weather|none\n|-heal|p1a: Koraidon|44/100|[from] Grassy Terrain\n|-heal|p2b: Urshifu|7/100|[from] Grassy Terrain\n|-heal|p2a: Calyrex|100/100|[from] Grassy Terrain\n|-damage|p1b: Toxapex|88/100|[from] Leech Seed|[of] p2a: Calyrex\n|-damage|p2b: Urshifu|0 fnt|[from] move: Infestation|[partiallytrapped]\n|faint|p2b: Urshifu\n|-damage|p2a: Calyrex|88/100|[from] move: Infestation|[partiallytrapped]\n|-fieldend|move: Grassy Terrain\n|upkeep\n|\n|t:|1774019043\n|switch|p2b: Rillaboom|Rillaboom, L50, M|97/100\n|-fieldstart|move: Grassy Terrain|[from] ability: Grassy Surge|[of] p2b: Rillaboom\n|turn|6\n|\n|t:|1774019061\n|switch|p1b: Miraidon|Miraidon, L50|91/100\n|-fieldstart|move: Electric Terrain|[from] ability: Hadron Engine|[of] p1b: Miraidon\n|-enditem|p1a: Koraidon|Electric Seed\n|-boost|p1a: Koraidon|def|1|[from] item: Electric Seed\n|move|p1a: Koraidon|Protect|p1a: Koraidon\n|-singleturn|p1a: Koraidon|Protect\n|move|p2b: Rillaboom|Knock Off|p1b: Miraidon\n|-crit|p1b: Miraidon\n|-damage|p1b: Miraidon|40/100\n|-enditem|p1b: Miraidon|Life Orb|[from] move: Knock Off|[of] p2b: Rillaboom\n|move|p2a: Calyrex|Glacial Lance|p1b: Miraidon|[spread] p1b\n|-activate|p1a: Koraidon|move: Protect\n|-supereffective|p1b: Miraidon\n|-damage|p1b: Miraidon|0 fnt\n|faint|p1b: Miraidon\n|-ability|p2a: Calyrex|Chilling Neigh|boost\n|-boost|p2a: Calyrex|atk|1\n|\n|-end|p2a: Calyrex|Infestation|[partiallytrapped]|[silent]\n|upkeep\n|\n|t:|1774019073\n|switch|p1b: Toxapex|Toxapex, L50, M|100/100\n|turn|7\n|\n|t:|1774019096\n|-terastallize|p1a: Koraidon|Fire\n|move|p1a: Koraidon|Flare Blitz|p2a: Calyrex\n|-supereffective|p2a: Calyrex\n|-damage|p2a: Calyrex|19/100\n|-damage|p1a: Koraidon|20/100|[from] Recoil\n|move|p2b: Rillaboom|Knock Off|p1a: Koraidon\n|-damage|p1a: Koraidon|12/100\n|move|p2a: Calyrex|Glacial Lance|p1b: Toxapex|[spread] p1a,p1b\n|-resisted|p1a: Koraidon\n|-resisted|p1b: Toxapex\n|-damage|p1a: Koraidon|0 fnt\n|-damage|p1b: Toxapex|72/100\n|faint|p1a: Koraidon\n|-ability|p2a: Calyrex|Chilling Neigh|boost\n|-boost|p2a: Calyrex|atk|1\n|move|p1b: Toxapex|Infestation|p2b: Rillaboom\n|-supereffective|p2b: Rillaboom\n|-damage|p2b: Rillaboom|91/100\n|-activate|p2b: Rillaboom|move: Infestation|[of] p1b: Toxapex\n|\n|-damage|p2b: Rillaboom|79/100|[from] move: Infestation|[partiallytrapped]\n|upkeep\n|turn|8\n|\n|t:|1774019117\n|move|p1b: Toxapex|Baneful Bunker|p1b: Toxapex\n|-singleturn|p1b: Toxapex|move: Protect\n|move|p2b: Rillaboom|Grassy Glide|p1b: Toxapex\n|-activate|p1b: Toxapex|move: Protect\n|-status|p2b: Rillaboom|psn\n|move|p2a: Calyrex|Glacial Lance|p1b: Toxapex\n|-activate|p1b: Toxapex|move: Protect\n|\n|-damage|p2b: Rillaboom|67/100 psn|[from] psn\n|-damage|p2b: Rillaboom|55/100 psn|[from] move: Infestation|[partiallytrapped]\n|upkeep\n|turn|9\n|\n|t:|1774019130\n|move|p2b: Rillaboom|Grassy Glide|p1b: Toxapex\n|-damage|p1b: Toxapex|52/100\n|-damage|p2b: Rillaboom|38/100 psn|[from] item: Rocky Helmet|[of] p1b: Toxapex\n|move|p2a: Calyrex|Leech Seed|p1b: Toxapex\n|-start|p1b: Toxapex|move: Leech Seed\n|move|p1b: Toxapex|Infestation|p2a: Calyrex\n|-supereffective|p2a: Calyrex\n|-crit|p2a: Calyrex\n|-damage|p2a: Calyrex|13/100\n|-activate|p2a: Calyrex|move: Infestation|[of] p1b: Toxapex\n|\n|-damage|p1b: Toxapex|40/100|[from] Leech Seed|[of] p2a: Calyrex\n|-heal|p2a: Calyrex|22/100|[silent]\n|-damage|p2b: Rillaboom|26/100 psn|[from] psn\n|-damage|p2b: Rillaboom|14/100 psn|[from] move: Infestation|[partiallytrapped]\n|-damage|p2a: Calyrex|10/100|[from] move: Infestation|[partiallytrapped]\n|upkeep\n|turn|10\n|\n|t:|1774019147\n|move|p2b: Rillaboom|Fake Out||[still]\n|-hint|Fake Out only works on your first turn out.\n|-fail|p2b: Rillaboom\n|move|p2a: Calyrex|Glacial Lance|p1b: Toxapex\n|-resisted|p1b: Toxapex\n|-damage|p1b: Toxapex|0 fnt\n|faint|p1b: Toxapex\n|\n|win|victlary\n|raw|shecallmedada's rating: 1365 &rarr; <strong>1350</strong><br />(-15 for losing)\n|raw|victlary's rating: 1461 &rarr; <strong>1476</strong><br />(+15 for winning)\n|l|\u203dvictlary\n|player|p2|\n|l|\u2606shecallmedada\n|player|p1|\n|j|\u2606shecallmedada\n|player|p1|shecallmedada|burglar-gen1rb|\n|l|\u2606shecallmedada\n|player|p1|\n","uploadtime":1774019365,"views":10,"formatid":"gen9vgc2026regi","rating":1350,"private":0,"password":null}