{"id":"gen9vgc2026regi-2577762128","format":"[Gen 9] VGC 2026 Reg I","players":["MyWorkAccountUwU","uhh daneooo"],"log":"|j|\u2606MyWorkAccountUwU\n|j|\u2606uhh daneooo\n|t:|1775603330\n|gametype|doubles\n|player|p1|MyWorkAccountUwU|madame-gen4|1257\n|player|p2|uhh daneooo|2|1352\n|gen|9\n|tier|[Gen 9] VGC 2026 Reg I\n|rated|\n|rule|Species Clause: Limit one of each Pok\u00e9mon\n|rule|Item Clause: Limit 1 of each item\n|clearpoke\n|poke|p1|Calyrex-Shadow, L50|\n|poke|p1|Whimsicott, L50, M|\n|poke|p1|Flutter Mane, L50|\n|poke|p1|Groudon, L50|\n|poke|p1|Incineroar, L50, F|\n|poke|p1|Urshifu-*, L50, F|\n|poke|p2|Grafaiai, L50, F|\n|poke|p2|Miraidon, L50|\n|poke|p2|Tornadus, L50, M|\n|poke|p2|Kyogre, L50|\n|poke|p2|Iron Treads, L50|\n|poke|p2|Flutter Mane, L50|\n|teampreview|4\n|\n|t:|1775603369\n|teamsize|p1|4\n|teamsize|p2|4\n|start\n|switch|p1a: Calyrex|Calyrex-Shadow, L50|100/100\n|switch|p1b: Incineroar|Incineroar, L50, F|100/100\n|switch|p2a: Tornadus|Tornadus, L50, M|100/100\n|switch|p2b: Kyogre|Kyogre, L50|100/100\n|-ability|p1a: Calyrex|As One\n|-ability|p1a: Calyrex|Unnerve\n|-weather|RainDance|[from] ability: Drizzle|[of] p2b: Kyogre\n|-ability|p1b: Incineroar|Intimidate|boost\n|-unboost|p2a: Tornadus|atk|1\n|-unboost|p2b: Kyogre|atk|1\n|turn|1\n|inactive|Battle timer is ON: inactive players will automatically lose when time's up. (requested by uhh daneooo)\n|\n|t:|1775603396\n|switch|p1b: Groudon|Groudon, L50|100/100\n|-weather|SunnyDay|[from] ability: Drought|[of] p1b: Groudon\n|-terastallize|p2b: Kyogre|Ghost\n|move|p2a: Tornadus|Tailwind|p2a: Tornadus\n|-sidestart|p2: uhh daneooo|move: Tailwind\n|move|p2b: Kyogre|Water Spout|p1b: Groudon|[spread] p1a,p1b\n|-supereffective|p1b: Groudon\n|-damage|p1a: Calyrex|47/100\n|-damage|p1b: Groudon|0 fnt\n|faint|p1b: Groudon\n|move|p1a: Calyrex|Astral Barrage|p2b: Kyogre|[spread] p2a,p2b\n|-supereffective|p2b: Kyogre\n|-damage|p2a: Tornadus|12/100\n|-damage|p2b: Kyogre|0 fnt\n|faint|p2b: Kyogre\n|-ability|p1a: Calyrex|Grim Neigh|boost\n|-boost|p1a: Calyrex|spa|1\n|-damage|p1a: Calyrex|38/100|[from] item: Life Orb\n|\n|-weather|SunnyDay|[upkeep]\n|upkeep\n|\n|t:|1775603415\n|switch|p2b: Miraidon|Miraidon, L50|100/100\n|switch|p1b: Incineroar|Incineroar, L50, F|100/100\n|-fieldstart|move: Electric Terrain|[from] ability: Hadron Engine|[of] p2b: Miraidon\n|-ability|p1b: Incineroar|Intimidate|boost\n|-unboost|p2a: Tornadus|atk|1\n|-unboost|p2b: Miraidon|atk|1\n|turn|2\n|\n|t:|1775603425\n|move|p2a: Tornadus|Protect|p2a: Tornadus\n|-singleturn|p2a: Tornadus|Protect\n|move|p1b: Incineroar|Fake Out|p2b: Miraidon\n|-damage|p2b: Miraidon|89/100\n|move|p2b: Miraidon|Electro Drift|p1a: Calyrex\n|-damage|p1a: Calyrex|0 fnt\n|faint|p1a: Calyrex\n|\n|-weather|SunnyDay|[upkeep]\n|upkeep\n|\n|t:|1775603434\n|switch|p1a: Flutter Mane|Flutter Mane, L50|100/100\n|-activate|p1a: Flutter Mane|ability: Protosynthesis\n|-start|p1a: Flutter Mane|protosynthesisspa\n|turn|3\n|\n|t:|1775603454\n|move|p2b: Miraidon|Protect|p2b: Miraidon\n|-singleturn|p2b: Miraidon|Protect\n|move|p1a: Flutter Mane|Protect|p1a: Flutter Mane\n|-singleturn|p1a: Flutter Mane|Protect\n|move|p2a: Tornadus|Bleakwind Storm|p1a: Flutter Mane|[spread] p1b\n|-activate|p1a: Flutter Mane|move: Protect\n|-damage|p1b: Incineroar|82/100\n|move|p1b: Incineroar|Knock Off|p2a: Tornadus\n|-damage|p2a: Tornadus|0 fnt\n|-damage|p1b: Incineroar|66/100|[from] item: Rocky Helmet|[of] p2a: Tornadus\n|-enditem|p2a: Tornadus|Rocky Helmet|[from] move: Knock Off|[of] p1b: Incineroar\n|faint|p2a: Tornadus\n|\n|-weather|SunnyDay|[upkeep]\n|upkeep\n|\n|t:|1775603464\n|switch|p2a: Grafaiai|Grafaiai, L50, F|100/100\n|-enditem|p2a: Grafaiai|Electric Seed\n|-boost|p2a: Grafaiai|def|1|[from] item: Electric Seed\n|turn|4\n|inactive|MyWorkAccountUwU has 30 seconds left.\n|\n|t:|1775603490\n|move|p2a: Grafaiai|Acid Spray|p1a: Flutter Mane\n|-damage|p1a: Flutter Mane|91/100\n|-unboost|p1a: Flutter Mane|spd|2\n|move|p2b: Miraidon|Electro Drift|p1a: Flutter Mane\n|-damage|p1a: Flutter Mane|0 fnt\n|faint|p1a: Flutter Mane\n|-end|p1a: Flutter Mane|Protosynthesis|[silent]\n|move|p1b: Incineroar|Flare Blitz|p2a: Grafaiai\n|-damage|p2a: Grafaiai|20/100\n|-damage|p1b: Incineroar|40/100|[from] Recoil\n|\n|-weather|SunnyDay|[upkeep]\n|-sideend|p2: uhh daneooo|move: Tailwind\n|upkeep\n|turn|5\n|-message|MyWorkAccountUwU forfeited.\n|\n|win|uhh daneooo\n|raw|MyWorkAccountUwU's rating: 1257 &rarr; <strong>1239</strong><br />(-18 for losing)\n|raw|uhh daneooo's rating: 1352 &rarr; <strong>1367</strong><br />(+15 for winning)\n|l|\u2606MyWorkAccountUwU\n|player|p1|\n|l|\u2606uhh daneooo\n|player|p2|\n","uploadtime":1775603737,"views":17,"formatid":"gen9vgc2026regi","rating":1239,"private":0,"password":null}