{"id":"gen9vgc2026regi-2573480897","format":"[Gen 9] VGC 2026 Reg I","players":["sheeshshane925","Tepig_nNz_498"],"log":"|j|\u2606sheeshshane925\n|j|\u2606Tepig_nNz_498\n|t:|1775140422\n|gametype|doubles\n|player|p1|sheeshshane925|chuck|1522\n|player|p2|Tepig_nNz_498|266|1529\n|gen|9\n|tier|[Gen 9] VGC 2026 Reg I\n|rated|\n|rule|Species Clause: Limit one of each Pok\u00e9mon\n|rule|Item Clause: Limit 1 of each item\n|clearpoke\n|poke|p1|Calyrex-Ice, L50|\n|poke|p1|Miraidon, L50|\n|poke|p1|Farigiraf, L50, M|\n|poke|p1|Iron Hands, L50|\n|poke|p1|Scraggy, L50, F|\n|poke|p1|Iron Bundle, L50|\n|poke|p2|Whimsicott, L50, F|\n|poke|p2|Reshiram, L50|\n|poke|p2|Incineroar, L50, M|\n|poke|p2|Lilligant-Hisui, L50, F|\n|poke|p2|Brute Bonnet, L50|\n|poke|p2|Koraidon, L50|\n|teampreview|4\n|inactive|Battle timer is ON: inactive players will automatically lose when time's up. (requested by sheeshshane925)\n|\n|t:|1775140446\n|teamsize|p1|4\n|teamsize|p2|4\n|start\n|switch|p1a: Miraidon|Miraidon, L50, shiny|100/100\n|switch|p1b: Iron Bundle|Iron Bundle, L50, shiny|100/100\n|switch|p2a: Koraidon|Koraidon, L50|100/100\n|switch|p2b: Lilligant|Lilligant-Hisui, L50, F|100/100\n|-weather|SunnyDay|[from] ability: Orichalcum Pulse|[of] p2a: Koraidon\n|-activate|p2a: Koraidon|Orichalcum Pulse|[source]\n|-fieldstart|move: Electric Terrain|[from] ability: Hadron Engine|[of] p1a: Miraidon\n|-activate|p1b: Iron Bundle|ability: Quark Drive\n|-start|p1b: Iron Bundle|quarkdrivespe\n|turn|1\n|\n|t:|1775140456\n|move|p2b: Lilligant|After You|p2a: Koraidon\n|-activate|p2a: Koraidon|move: After You\n|move|p2a: Koraidon|Dragon Claw|p1a: Miraidon\n|-supereffective|p1a: Miraidon\n|-damage|p1a: Miraidon|2/100\n|move|p1b: Iron Bundle|Icy Wind|p2b: Lilligant|[spread] p2a,p2b\n|-supereffective|p2a: Koraidon\n|-supereffective|p2b: Lilligant\n|-damage|p2a: Koraidon|56/100\n|-damage|p2b: Lilligant|41/100\n|-unboost|p2a: Koraidon|spe|1\n|-unboost|p2b: Lilligant|spe|1\n|-enditem|p2a: Koraidon|Eject Pack\n|\n|t:|1775140462\n|switch|p2a: Incineroar|Incineroar, L50, M|100/100\n|-ability|p2a: Incineroar|Intimidate|boost\n|-unboost|p1a: Miraidon|atk|1\n|-unboost|p1b: Iron Bundle|atk|1\n|move|p1a: Miraidon|Dazzling Gleam|p2a: Incineroar|[spread] p2a,p2b\n|-supereffective|p2b: Lilligant\n|-damage|p2a: Incineroar|70/100\n|-damage|p2b: Lilligant|0 fnt\n|faint|p2b: Lilligant\n|-damage|p1a: Miraidon|0 fnt|[from] item: Life Orb\n|faint|p1a: Miraidon\n|\n|-weather|SunnyDay|[upkeep]\n|upkeep\n|\n|t:|1775140475\n|switch|p2b: Reshiram|Reshiram, L50|100/100\n|switch|p1a: Calyrex|Calyrex-Ice, L50|100/100\n|-ability|p1a: Calyrex|As One\n|-ability|p1a: Calyrex|Unnerve\n|-ability|p2b: Reshiram|Turboblaze\n|turn|2\n|\n|t:|1775140492\n|-end|p1b: Iron Bundle|Quark Drive|[silent]\n|switch|p1b: Scraggy|Scraggy, L50, F|100/100\n|-ability|p1b: Scraggy|Intimidate|boost\n|-unboost|p2a: Incineroar|atk|1\n|-unboost|p2b: Reshiram|atk|1\n|-terastallize|p2b: Reshiram|Fire\n|move|p1a: Calyrex|Protect|p1a: Calyrex\n|-singleturn|p1a: Calyrex|Protect\n|move|p2a: Incineroar|Fake Out|p1b: Scraggy\n|-damage|p1b: Scraggy|93/100\n|move|p2b: Reshiram|Heat Wave|p1a: Calyrex|[spread] p1b\n|-activate|p1a: Calyrex|move: Protect\n|-damage|p1b: Scraggy|0 fnt\n|faint|p1b: Scraggy\n|-damage|p2b: Reshiram|91/100|[from] item: Life Orb\n|\n|-weather|SunnyDay|[upkeep]\n|upkeep\n|\n|t:|1775140496\n|switch|p1b: Iron Bundle|Iron Bundle, L50, shiny|100/100\n|-activate|p1b: Iron Bundle|ability: Quark Drive\n|-start|p1b: Iron Bundle|quarkdrivespe\n|turn|3\n|\n|t:|1775140512\n|-terastallize|p1a: Calyrex|Fire\n|move|p1b: Iron Bundle|Encore|p2a: Incineroar\n|-start|p2a: Incineroar|Encore\n|move|p2b: Reshiram|Heat Wave|p1b: Iron Bundle|[spread] p1a\n|-miss|p2b: Reshiram|p1b: Iron Bundle\n|-resisted|p1a: Calyrex\n|-damage|p1a: Calyrex|64/100\n|-damage|p2b: Reshiram|81/100|[from] item: Life Orb\n|move|p2a: Incineroar|Fake Out||[still]\n|-hint|Fake Out only works on your first turn out.\n|-fail|p2a: Incineroar\n|move|p1a: Calyrex|Trick Room|p1a: Calyrex\n|-fieldstart|move: Trick Room|[of] p1a: Calyrex\n|\n|-weather|SunnyDay|[upkeep]\n|upkeep\n|turn|4\n|\n|t:|1775140526\n|switch|p2a: Koraidon|Koraidon, L50|56/100\n|-activate|p2a: Koraidon|ability: Orichalcum Pulse\n|move|p1a: Calyrex|High Horsepower|p2b: Reshiram\n|-supereffective|p2b: Reshiram\n|-crit|p2b: Reshiram\n|-damage|p2b: Reshiram|0 fnt\n|faint|p2b: Reshiram\n|-ability|p1a: Calyrex|Chilling Neigh|boost\n|-boost|p1a: Calyrex|atk|1\n|move|p1b: Iron Bundle|Freeze-Dry|p2a: Koraidon\n|-supereffective|p2a: Koraidon\n|-damage|p2a: Koraidon|0 fnt\n|faint|p2a: Koraidon\n|\n|-weather|SunnyDay|[upkeep]\n|upkeep\n|\n|t:|1775140529\n|switch|p2b: Incineroar|Incineroar, L50, M|70/100\n|-ability|p2b: Incineroar|Intimidate|boost\n|-fail|p1a: Calyrex|unboost|[from] item: Clear Amulet|[of] p1a: Calyrex\n|-unboost|p1b: Iron Bundle|atk|1\n|turn|5\n|\n|t:|1775140542\n|move|p1a: Calyrex|High Horsepower|p2b: Incineroar\n|-supereffective|p2b: Incineroar\n|-damage|p2b: Incineroar|0 fnt\n|faint|p2b: Incineroar\n|\n|win|sheeshshane925\n|raw|sheeshshane925's rating: 1522 &rarr; <strong>1542</strong><br />(+20 for winning)\n|raw|Tepig_nNz_498's rating: 1529 &rarr; <strong>1509</strong><br />(-20 for losing)\n|l|\u2606sheeshshane925\n|player|p1|\n","uploadtime":1775140700,"views":16,"formatid":"gen9vgc2026regi","rating":1509,"private":0,"password":null}