{"id":"gen9vgc2026regi-2551155346","format":"[Gen 9] VGC 2026 Reg I","players":["lpve","JustPeace3247"],"log":"|j|\u2606lpve\n|j|\u2606JustPeace3247\n|t:|1772569555\n|gametype|doubles\n|player|p1|lpve|102|1181\n|player|p2|JustPeace3247|hilbert|1149\n|gen|9\n|tier|[Gen 9] VGC 2026 Reg I\n|rated|\n|rule|Species Clause: Limit one of each Pok\u00e9mon\n|rule|Item Clause: Limit 1 of each item\n|clearpoke\n|poke|p1|Kyogre, L50|\n|poke|p1|Tornadus, L50, M|\n|poke|p1|Rillaboom, L50, M|\n|poke|p1|Incineroar, L50, M|\n|poke|p1|Raging Bolt, L50|\n|poke|p1|Calyrex-Shadow, L50|\n|poke|p2|Kyurem-White, L50|\n|poke|p2|Incineroar, L50, M|\n|poke|p2|Zamazenta-*, L50|\n|poke|p2|Indeedee, L50, M|\n|poke|p2|Ninetales-Alola, L50, M|\n|poke|p2|Ogerpon-Wellspring, L50, F|\n|teampreview|4\n|inactive|Battle timer is ON: inactive players will automatically lose when time's up. (requested by JustPeace3247)\n|inactive|lpve has 60 seconds left.\n|inactive|JustPeace3247 has 60 seconds left.\n|\n|t:|1772569599\n|teamsize|p1|4\n|teamsize|p2|4\n|start\n|switch|p1a: Kyogre|Kyogre, L50|100/100\n|switch|p1b: Tornadus|Tornadus, L50, M|100/100\n|switch|p2a: Craig|Kyurem-White, L50, shiny|100/100\n|switch|p2b: Indeedee|Indeedee, L50, M|100/100\n|-ability|p2a: Craig|Turboblaze\n|-weather|RainDance|[from] ability: Drizzle|[of] p1a: Kyogre\n|-fieldstart|move: Psychic Terrain|[from] ability: Psychic Surge|[of] p2b: Indeedee\n|turn|1\n|inactive|lpve has 30 seconds left.\n|\n|t:|1772569632\n|switch|p2b: Ninetales|Ninetales-Alola, L50, M|100/100\n|-weather|Snowscape|[from] ability: Snow Warning|[of] p2b: Ninetales\n|move|p1b: Tornadus|Tailwind|p1b: Tornadus\n|-sidestart|p1: lpve|move: Tailwind\n|move|p1a: Kyogre|Water Spout|p2a: Craig|[spread] p2a,p2b\n|-resisted|p2a: Craig\n|-damage|p2a: Craig|65/100\n|-damage|p2b: Ninetales|6/100\n|move|p2a: Craig|Blizzard|p1b: Tornadus|[spread] p1a,p1b\n|-resisted|p1a: Kyogre\n|-supereffective|p1b: Tornadus\n|-damage|p1a: Kyogre|81/100\n|-damage|p1b: Tornadus|0 fnt\n|faint|p1b: Tornadus\n|\n|-weather|Snowscape|[upkeep]\n|upkeep\n|\n|t:|1772569644\n|switch|p1b: Calyrex|Calyrex-Shadow, L50|100/100\n|-ability|p1b: Calyrex|As One\n|-ability|p1b: Calyrex|Unnerve\n|turn|2\n|\n|t:|1772569651\n|move|p1b: Calyrex|Astral Barrage|p2a: Craig|[spread] p2a,p2b\n|-damage|p2a: Craig|18/100\n|-damage|p2b: Ninetales|0 fnt\n|faint|p2b: Ninetales\n|-ability|p1b: Calyrex|Grim Neigh|boost\n|-boost|p1b: Calyrex|spa|1\n|move|p1a: Kyogre|Water Spout|p2a: Craig\n|-resisted|p2a: Craig\n|-damage|p2a: Craig|0 fnt\n|faint|p2a: Craig\n|\n|-weather|Snowscape|[upkeep]\n|upkeep\n|\n|t:|1772569657\n|switch|p2b: Zamazenta|Zamazenta-Crowned, L50|100/100\n|switch|p2a: Indeedee|Indeedee, L50, M|100/100\n|-ability|p2b: Zamazenta|Dauntless Shield|boost\n|-boost|p2b: Zamazenta|def|1\n|turn|3\n|\n|t:|1772569672\n|move|p2b: Zamazenta|Wide Guard|p2b: Zamazenta\n|-singleturn|p2b: Zamazenta|Wide Guard\n|move|p1b: Calyrex|Psychic|p2b: Zamazenta\n|-damage|p2b: Zamazenta|25/100\n|move|p1a: Kyogre|Hydro Pump|p2a: Indeedee|[miss]\n|-miss|p1a: Kyogre|p2a: Indeedee\n|move|p2a: Indeedee|Trick Room|p2a: Indeedee\n|-fieldstart|move: Trick Room|[of] p2a: Indeedee\n|\n|-weather|Snowscape|[upkeep]\n|upkeep\n|turn|4\n|\n|t:|1772569692\n|move|p1a: Kyogre|Protect|p1a: Kyogre\n|-singleturn|p1a: Kyogre|Protect\n|move|p1b: Calyrex|Protect|p1b: Calyrex\n|-singleturn|p1b: Calyrex|Protect\n|move|p2a: Indeedee|Expanding Force|p1a: Kyogre|[spread] \n|-activate|p1a: Kyogre|move: Protect\n|-activate|p1b: Calyrex|move: Protect\n|move|p2b: Zamazenta|Heavy Slam|p1b: Calyrex\n|-activate|p1b: Calyrex|move: Protect\n|\n|-weather|Snowscape|[upkeep]\n|-sideend|p1: lpve|move: Tailwind\n|upkeep\n|turn|5\n|\n|t:|1772569706\n|-terastallize|p2a: Indeedee|Psychic\n|move|p2b: Zamazenta|Wide Guard|p2b: Zamazenta\n|-singleturn|p2b: Zamazenta|Wide Guard\n|move|p2a: Indeedee|Expanding Force|p1a: Kyogre|[spread] p1a,p1b\n|-crit|p1a: Kyogre\n|-resisted|p1b: Calyrex\n|-damage|p1a: Kyogre|0 fnt\n|-damage|p1b: Calyrex|62/100\n|faint|p1a: Kyogre\n|move|p1b: Calyrex|Psychic|p2a: Indeedee\n|-resisted|p2a: Indeedee\n|-damage|p2a: Indeedee|35/100\n|\n|-weather|none\n|-fieldend|move: Psychic Terrain\n|upkeep\n|\n|t:|1772569716\n|switch|p1a: Raging Bolt|Raging Bolt, L50|100/100\n|turn|6\n|inactive|lpve has 30 seconds left.\n|\n|t:|1772569742\n|move|p2a: Indeedee|Protect|p2a: Indeedee\n|-singleturn|p2a: Indeedee|Protect\n|move|p1b: Calyrex|Protect|p1b: Calyrex\n|-singleturn|p1b: Calyrex|Protect\n|move|p1a: Raging Bolt|Thunder|p2a: Indeedee\n|-activate|p2a: Indeedee|move: Protect\n|move|p2b: Zamazenta|Heavy Slam|p1b: Calyrex\n|-activate|p1b: Calyrex|move: Protect\n|\n|upkeep\n|turn|7\n|\n|t:|1772569763\n|move|p2a: Indeedee|Expanding Force|p1b: Calyrex\n|-resisted|p1b: Calyrex\n|-crit|p1b: Calyrex\n|-damage|p1b: Calyrex|20/100\n|move|p1a: Raging Bolt|Thunder|p2a: Indeedee|[miss]\n|-miss|p1a: Raging Bolt|p2a: Indeedee\n|move|p2b: Zamazenta|Heavy Slam|p1b: Calyrex\n|-damage|p1b: Calyrex|0 fnt\n|faint|p1b: Calyrex\n|\n|-fieldend|move: Trick Room\n|upkeep\n|turn|8\n|inactive|lpve has 30 seconds left.\n|inactive|JustPeace3247 has 30 seconds left.\n|inactive|lpve has 20 seconds left.\n|\n|t:|1772569800\n|-terastallize|p1a: Raging Bolt|Fairy\n|move|p2b: Zamazenta|Body Press|p1a: Raging Bolt\n|-resisted|p1a: Raging Bolt\n|-damage|p1a: Raging Bolt|77/100\n|move|p1a: Raging Bolt|Draco Meteor|p2b: Zamazenta|[miss]\n|-miss|p1a: Raging Bolt|p2b: Zamazenta\n|move|p2a: Indeedee|Expanding Force|p1a: Raging Bolt\n|-damage|p1a: Raging Bolt|34/100\n|\n|upkeep\n|turn|9\n|\n|t:|1772569809\n|move|p1a: Raging Bolt|Thunderclap|p2a: Indeedee\n|-damage|p2a: Indeedee|0 fnt\n|faint|p2a: Indeedee\n|-damage|p1a: Raging Bolt|24/100|[from] item: Life Orb\n|move|p2b: Zamazenta|Heavy Slam|p1a: Raging Bolt\n|-supereffective|p1a: Raging Bolt\n|-damage|p1a: Raging Bolt|0 fnt\n|faint|p1a: Raging Bolt\n|-end|p1a: Raging Bolt|Protosynthesis|[silent]\n|\n|win|JustPeace3247\n|raw|lpve's rating: 1181 &rarr; <strong>1154</strong><br />(-27 for losing)\n|raw|JustPeace3247's rating: 1149 &rarr; <strong>1176</strong><br />(+27 for winning)\n|c|\u2606JustPeace3247|gg\n|n|!lpve|lpve\n|l|!lpve\n|player|p1|\n|l|\u2606JustPeace3247\n|player|p2|\n","uploadtime":1772569815,"views":14,"formatid":"gen9vgc2026regi","rating":1154,"private":0,"password":null}