{"id":"gen9vgc2026regi-2546228517","format":"[Gen 9] VGC 2026 Reg I","players":["Simon0123","Kawaii_Zombie"],"log":"|j|\u2606Simon0123\n|j|\u2606Kawaii_Zombie\n|t:|1771945273\n|gametype|doubles\n|player|p1|Simon0123|benga|1093\n|player|p2|Kawaii_Zombie|clerkf|1057\n|gen|9\n|tier|[Gen 9] VGC 2026 Reg I\n|rated|\n|rule|Species Clause: Limit one of each Pok\u00e9mon\n|rule|Item Clause: Limit 1 of each item\n|clearpoke\n|poke|p1|Miraidon, L50|\n|poke|p1|Flutter Mane, L50|\n|poke|p1|Incineroar, L50, M|\n|poke|p1|Urshifu-*, L50, F|\n|poke|p1|Tornadus, L50, M|\n|poke|p1|Amoonguss, L50, M|\n|poke|p2|Terapagos, L50, M|\n|poke|p2|Volcarona, L50, F|\n|poke|p2|Grimmsnarl, L50, M|\n|poke|p2|Eternatus, L50|\n|poke|p2|Latios, L50, M|\n|poke|p2|Torterra, L50, M|\n|teampreview|4\n|inactive|Battle timer is ON: inactive players will automatically lose when time's up. (requested by Simon0123)\n|inactive|Simon0123 has 60 seconds left.\n|inactive|Kawaii_Zombie has 60 seconds left.\n|inactive|Simon0123 has 30 seconds left.\n|\n|t:|1771945338\n|teamsize|p1|4\n|teamsize|p2|4\n|start\n|switch|p1a: Miraidon|Miraidon, L50|100/100\n|switch|p1b: Tornadus|Tornadus, L50, M|100/100\n|switch|p2a: Torterra|Torterra, L50, M|100/100\n|switch|p2b: Grimmsnarl|Grimmsnarl, L50, M|100/100\n|-fieldstart|move: Electric Terrain|[from] ability: Hadron Engine|[of] p1a: Miraidon\n|turn|1\n|\n|t:|1771945357\n|switch|p1a: Incineroar|Incineroar, L50, M|100/100\n|-ability|p1a: Incineroar|Intimidate|boost\n|-unboost|p2a: Torterra|atk|1\n|-unboost|p2b: Grimmsnarl|atk|1\n|-enditem|p2a: Torterra|White Herb\n|-clearnegativeboost|p2a: Torterra|[silent]\n|move|p2b: Grimmsnarl|Light Screen|p2b: Grimmsnarl\n|-sidestart|p2: Kawaii_Zombie|move: Light Screen\n|move|p1b: Tornadus|Bleakwind Storm|p2a: Torterra|[spread] p2b\n|-miss|p1b: Tornadus|p2a: Torterra\n|-damage|p2b: Grimmsnarl|81/100\n|move|p2a: Torterra|Shell Smash|p2a: Torterra\n|-unboost|p2a: Torterra|def|1\n|-unboost|p2a: Torterra|spd|1\n|-boost|p2a: Torterra|atk|2\n|-boost|p2a: Torterra|spa|2\n|-boost|p2a: Torterra|spe|2\n|\n|upkeep\n|turn|2\n|inactive|Kawaii_Zombie has 30 seconds left.\n|\n|t:|1771945384\n|move|p1a: Incineroar|Fake Out|p2a: Torterra\n|-damage|p2a: Torterra|87/100\n|move|p2b: Grimmsnarl|Thunder Wave|p1b: Tornadus\n|-status|p1b: Tornadus|par\n|cant|p2a: Torterra|flinch\n|cant|p1b: Tornadus|par\n|\n|upkeep\n|turn|3\n|\n|t:|1771945399\n|move|p1b: Tornadus|Tailwind|p1b: Tornadus\n|-sidestart|p1: Simon0123|move: Tailwind\n|move|p2a: Torterra|Stockpile|p2a: Torterra\n|-start|p2a: Torterra|stockpile1\n|-boost|p2a: Torterra|def|1\n|-boost|p2a: Torterra|spd|1\n|move|p1a: Incineroar|Flare Blitz|p2a: Torterra\n|-supereffective|p2a: Torterra\n|-damage|p2a: Torterra|0 fnt\n|faint|p2a: Torterra\n|-damage|p1a: Incineroar|74/100|[from] Recoil\n|move|p2b: Grimmsnarl|Spirit Break|p1a: Incineroar\n|-damage|p1a: Incineroar|57/100\n|-unboost|p1a: Incineroar|spa|1\n|\n|upkeep\n|\n|t:|1771945415\n|switch|p2a: Terapagos|Terapagos, L50, M|100/100\n|-activate|p2a: Terapagos|ability: Tera Shift\n|detailschange|p2a: Terapagos|Terapagos-Terastal, L50, M\n|-heal|p2a: Terapagos|100/100|[silent]\n|turn|4\n|\n|t:|1771945422\n|move|p1b: Tornadus|Taunt|p2a: Terapagos\n|-start|p2a: Terapagos|move: Taunt\n|move|p2b: Grimmsnarl|Reflect|p2b: Grimmsnarl\n|-sidestart|p2: Kawaii_Zombie|Reflect\n|move|p1a: Incineroar|Parting Shot|p2a: Terapagos\n|-unboost|p2a: Terapagos|atk|1\n|-unboost|p2a: Terapagos|spa|1\n|\n|t:|1771945436\n|switch|p1a: Miraidon|Miraidon, L50|100/100|[from] Parting Shot\n|-activate|p1a: Miraidon|ability: Hadron Engine\n|cant|p2a: Terapagos|move: Taunt|Calm Mind\n|\n|upkeep\n|turn|5\n|\n|t:|1771945452\n|switch|p2a: Eternatus|Eternatus, L50|100/100\n|-ability|p2a: Eternatus|Pressure\n|-terastallize|p1a: Miraidon|Electric\n|move|p1a: Miraidon|Electro Drift|p2a: Eternatus\n|-resisted|p2a: Eternatus\n|-damage|p2a: Eternatus|54/100\n|move|p1b: Tornadus|Bleakwind Storm|p2b: Grimmsnarl|[spread] p2a,p2b\n|-damage|p2a: Eternatus|37/100\n|-damage|p2b: Grimmsnarl|61/100\n|move|p2b: Grimmsnarl|Spirit Break|p1a: Miraidon\n|-damage|p1a: Miraidon|80/100\n|-unboost|p1a: Miraidon|spa|1\n|\n|-fieldend|move: Electric Terrain\n|upkeep\n|turn|6\n|inactive|Simon0123 has 30 seconds left.\n|inactive|Simon0123 has 20 seconds left.\n|inactive|Simon0123 has 15 seconds left.\n|\n|t:|1771945494\n|move|p2a: Eternatus|Protect|p2a: Eternatus\n|-singleturn|p2a: Eternatus|Protect\n|move|p1a: Miraidon|Electro Drift|p2a: Eternatus\n|-activate|p2a: Eternatus|move: Protect\n|move|p1b: Tornadus|Bleakwind Storm|p2a: Eternatus|[spread] p2b\n|-activate|p2a: Eternatus|move: Protect\n|-damage|p2b: Grimmsnarl|42/100\n|move|p2b: Grimmsnarl|Spirit Break|p1a: Miraidon\n|-damage|p1a: Miraidon|58/100\n|-unboost|p1a: Miraidon|spa|1\n|\n|-sideend|p1: Simon0123|move: Tailwind\n|upkeep\n|turn|7\n|inactive|Kawaii_Zombie has 30 seconds left.\n|\n|t:|1771945521\n|switch|p1a: Incineroar|Incineroar, L50, M|57/100\n|-ability|p1a: Incineroar|Intimidate|boost\n|-fail|p2a: Eternatus|unboost|[from] item: Clear Amulet|[of] p2a: Eternatus\n|-unboost|p2b: Grimmsnarl|atk|1\n|move|p1b: Tornadus|Tailwind|p1b: Tornadus\n|-sidestart|p1: Simon0123|move: Tailwind\n|move|p2a: Eternatus|Sludge Bomb|p1a: Incineroar\n|-damage|p1a: Incineroar|15/100\n|move|p2b: Grimmsnarl|Spirit Break|p1a: Incineroar\n|-damage|p1a: Incineroar|1/100\n|-unboost|p1a: Incineroar|spa|1\n|\n|upkeep\n|turn|8\n|inactive|Kawaii_Zombie has 30 seconds left.\n|\n|t:|1771945548\n|move|p2a: Eternatus|Protect|p2a: Eternatus\n|-singleturn|p2a: Eternatus|Protect\n|move|p1a: Incineroar|Fake Out|p2a: Eternatus\n|-activate|p2a: Eternatus|move: Protect\n|cant|p1b: Tornadus|par\n|move|p2b: Grimmsnarl|Spirit Break|p1b: Tornadus\n|-damage|p1b: Tornadus|80/100 par\n|\n|-sideend|p2: Kawaii_Zombie|move: Light Screen\n|upkeep\n|turn|9\n|inactive|Simon0123 has 30 seconds left.\n|\n|t:|1771945573\n|switch|p2b: Terapagos|Terapagos-Terastal, L50, M|100/100\n|cant|p1b: Tornadus|par\n|move|p1a: Incineroar|Knock Off|p2a: Eternatus\n|-damage|p2a: Eternatus|17/100\n|-enditem|p2a: Eternatus|Clear Amulet|[from] move: Knock Off|[of] p1a: Incineroar\n|move|p2a: Eternatus|Cosmic Power|p2a: Eternatus\n|-boost|p2a: Eternatus|def|1\n|-boost|p2a: Eternatus|spd|1\n|\n|upkeep\n|turn|10\n|\n|t:|1771945592\n|move|p1b: Tornadus|Taunt|p2a: Eternatus\n|-start|p2a: Eternatus|move: Taunt\n|move|p1a: Incineroar|Parting Shot|p2b: Terapagos\n|-unboost|p2b: Terapagos|atk|1\n|-unboost|p2b: Terapagos|spa|1\n|\n|t:|1771945604\n|switch|p1a: Urshifu|Urshifu-Rapid-Strike, L50, F|100/100|[from] Parting Shot\n|cant|p2a: Eternatus|move: Taunt|Recover\n|move|p2b: Terapagos|Calm Mind|p2b: Terapagos\n|-boost|p2b: Terapagos|spa|1\n|-boost|p2b: Terapagos|spd|1\n|\n|-sideend|p1: Simon0123|move: Tailwind\n|upkeep\n|turn|11\n|\n|t:|1771945619\n|-terastallize|p2b: Terapagos|Stellar\n|detailschange|p2b: Terapagos|Terapagos-Stellar, L50, M, tera:Stellar\n|-heal|p2b: Terapagos|100/100|[silent]\n|cant|p1b: Tornadus|par\n|move|p1a: Urshifu|Surging Strikes|p2a: Eternatus\n|-resisted|p2a: Eternatus\n|-crit|p2a: Eternatus\n|-damage|p2a: Eternatus|8/100\n|-resisted|p2a: Eternatus\n|-crit|p2a: Eternatus\n|-damage|p2a: Eternatus|0 fnt\n|faint|p2a: Eternatus\n|-hitcount|p2: Eternatus|2\n|move|p2b: Terapagos|Tera Starstorm|p1a: Urshifu|[spread] p1a,p1b\n|-damage|p1a: Urshifu|47/100\n|-damage|p1b: Tornadus|35/100 par\n|\n|-sideend|p2: Kawaii_Zombie|Reflect\n|upkeep\n|\n|t:|1771945637\n|switch|p2a: Grimmsnarl|Grimmsnarl, L50, M|42/100\n|turn|12\n|inactive|Simon0123 has 30 seconds left.\n|\n|t:|1771945670\n|move|p1b: Tornadus|Taunt|p2b: Terapagos\n|-start|p2b: Terapagos|move: Taunt\n|move|p1a: Urshifu|Surging Strikes|p2b: Terapagos\n|-crit|p2b: Terapagos\n|-damage|p2b: Terapagos|87/100\n|-crit|p2b: Terapagos\n|-damage|p2b: Terapagos|73/100\n|-crit|p2b: Terapagos\n|-damage|p2b: Terapagos|59/100\n|-hitcount|p2b: Terapagos|3\n|cant|p2b: Terapagos|move: Taunt|Calm Mind\n|move|p2a: Grimmsnarl|Spirit Break|p1a: Urshifu\n|-supereffective|p1a: Urshifu\n|-damage|p1a: Urshifu|0 fnt\n|faint|p1a: Urshifu\n|\n|-heal|p2b: Terapagos|65/100|[from] item: Leftovers\n|upkeep\n|\n|t:|1771945684\n|switch|p1a: Miraidon|Miraidon, L50, tera:Electric|58/100\n|-fieldstart|move: Electric Terrain|[from] ability: Hadron Engine|[of] p1a: Miraidon\n|turn|13\n|\n|t:|1771945691\n|move|p2a: Grimmsnarl|Light Screen|p2a: Grimmsnarl\n|-sidestart|p2: Kawaii_Zombie|move: Light Screen\n|move|p1a: Miraidon|Electro Drift|p2b: Terapagos\n|-damage|p2b: Terapagos|14/100\n|move|p2b: Terapagos|Tera Starstorm|p1b: Tornadus|[spread] p1a,p1b\n|-supereffective|p1a: Miraidon\n|-damage|p1a: Miraidon|0 fnt\n|-damage|p1b: Tornadus|0 fnt\n|faint|p1a: Miraidon\n|faint|p1b: Tornadus\n|\n|-heal|p2b: Terapagos|20/100|[from] item: Leftovers\n|upkeep\n|\n|t:|1771945701\n|switch|p1a: Incineroar|Incineroar, L50, M|1/100\n|-ability|p1a: Incineroar|Intimidate|boost\n|-unboost|p2a: Grimmsnarl|atk|1\n|-unboost|p2b: Terapagos|atk|1\n|turn|14\n|l|\u2606Simon0123\n|inactive|Simon0123 disconnected and has a minute to reconnect!\n|player|p1|\n|inactive|Simon0123 has 30 seconds left.\n|inactive|Simon0123 has 20 seconds left.\n|inactive|Simon0123 has 15 seconds left.\n|inactive|Simon0123 has 10 seconds left.\n|inactive|Simon0123 has 5 seconds left.\n|-message|Simon0123 lost due to inactivity.\n|\n|win|Kawaii_Zombie\n|raw|Simon0123's rating: 1093 &rarr; <strong>1067</strong><br />(-26 for losing)\n|raw|Kawaii_Zombie's rating: 1057 &rarr; <strong>1092</strong><br />(+35 for winning)\n|c|\u2606Kawaii_Zombie|GG\n|l|\u2606Kawaii_Zombie\n|player|p2|\n","uploadtime":1771945998,"views":11,"formatid":"gen9vgc2026regi","rating":1067,"private":0,"password":null}