{"id":"gen9vgc2026regi-2561836455","format":"[Gen 9] VGC 2026 Reg I","players":["dasabe\u76d6\u6b27\u5361\u4fa0","Realfrytki"],"log":"|j|\u2606dasabe\u76d6\u6b27\u5361\u4fa0\n|j|\u2606Realfrytki\n|t:|1773847859\n|gametype|doubles\n|player|p1|dasabe\u76d6\u6b27\u5361\u4fa0|may-masters4|1610\n|player|p2|Realfrytki|veteranf|1659\n|gen|9\n|tier|[Gen 9] VGC 2026 Reg I\n|rated|\n|rule|Species Clause: Limit one of each Pok\u00e9mon\n|rule|Item Clause: Limit 1 of each item\n|clearpoke\n|poke|p1|Calyrex-Ice, L50|\n|poke|p1|Kyogre, L50|\n|poke|p1|Smeargle, L50, M|\n|poke|p1|Rillaboom, L50, F|\n|poke|p1|Landorus, L50, M|\n|poke|p1|Tornadus, L50, M|\n|poke|p2|Terapagos, L50, M|\n|poke|p2|Grimmsnarl, L50, M|\n|poke|p2|Volcarona, L50, F|\n|poke|p2|Miraidon, L50|\n|poke|p2|Iron Hands, L50|\n|poke|p2|Amoonguss, L50, M|\n|teampreview|4\n|\n|t:|1773847901\n|teamsize|p1|4\n|teamsize|p2|4\n|start\n|switch|p1a: \u6210\u90fd\u8001\u76d6|Kyogre, L50|100/100\n|switch|p1b: \u5c0f\u7b14\u7ea2\u80bf|Smeargle, L50, M, shiny|100/100\n|switch|p2a: Grimmsnarl|Grimmsnarl, L50, M|100/100\n|switch|p2b: Miraidon|Miraidon, L50|100/100\n|-fieldstart|move: Electric Terrain|[from] ability: Hadron Engine|[of] p2b: Miraidon\n|-weather|RainDance|[from] ability: Drizzle|[of] p1a: \u6210\u90fd\u8001\u76d6\n|turn|1\n|\n|t:|1773847918\n|switch|p1a: \u63e1\u8349\u733f|Rillaboom, L50, F|100/100\n|-fieldstart|move: Grassy Terrain|[from] ability: Grassy Surge|[of] p1a: \u63e1\u8349\u733f\n|move|p2a: Grimmsnarl|Fake Out|p1a: \u63e1\u8349\u733f\n|-damage|p1a: \u63e1\u8349\u733f|90/100\n|move|p2b: Miraidon|Volt Switch|p1b: \u5c0f\u7b14\u7ea2\u80bf\n|-damage|p1b: \u5c0f\u7b14\u7ea2\u80bf|10/100\n|-damage|p2b: Miraidon|90/100|[from] item: Life Orb\n|\n|t:|1773847927\n|switch|p2b: Amoonguss|Amoonguss, L50, M|100/100|[from] Volt Switch\n|move|p1b: \u5c0f\u7b14\u7ea2\u80bf|Spore|p2b: Amoonguss\n|-immune|p2b: Amoonguss\n|\n|-weather|RainDance|[upkeep]\n|-heal|p1b: \u5c0f\u7b14\u7ea2\u80bf|17/100|[from] Grassy Terrain\n|-heal|p1a: \u63e1\u8349\u733f|96/100|[from] Grassy Terrain\n|-ability|p1b: \u5c0f\u7b14\u7ea2\u80bf|Moody|boost\n|-boost|p1b: \u5c0f\u7b14\u7ea2\u80bf|spe|2\n|-unboost|p1b: \u5c0f\u7b14\u7ea2\u80bf|spa|1\n|upkeep\n|turn|2\n|\n|t:|1773847947\n|move|p1a: \u63e1\u8349\u733f|Fake Out|p2b: Amoonguss\n|-damage|p2b: Amoonguss|90/100\n|-damage|p1a: \u63e1\u8349\u733f|80/100|[from] item: Rocky Helmet|[of] p2b: Amoonguss\n|move|p2a: Grimmsnarl|Thunder Wave|p1a: \u63e1\u8349\u733f\n|-status|p1a: \u63e1\u8349\u733f|par\n|move|p1b: \u5c0f\u7b14\u7ea2\u80bf|Spore|p2a: Grimmsnarl\n|-status|p2a: Grimmsnarl|slp|[from] move: Spore\n|cant|p2b: Amoonguss|flinch\n|\n|-weather|RainDance|[upkeep]\n|-heal|p1b: \u5c0f\u7b14\u7ea2\u80bf|23/100|[from] Grassy Terrain\n|-heal|p1a: \u63e1\u8349\u733f|85/100 par|[from] Grassy Terrain\n|-heal|p2b: Amoonguss|95/100|[from] Grassy Terrain\n|-ability|p1b: \u5c0f\u7b14\u7ea2\u80bf|Moody|boost\n|-boost|p1b: \u5c0f\u7b14\u7ea2\u80bf|spa|2\n|-unboost|p1b: \u5c0f\u7b14\u7ea2\u80bf|spd|1\n|upkeep\n|turn|3\n|\n|t:|1773847966\n|move|p1b: \u5c0f\u7b14\u7ea2\u80bf|Follow Me|p1b: \u5c0f\u7b14\u7ea2\u80bf\n|-singleturn|p1b: \u5c0f\u7b14\u7ea2\u80bf|move: Follow Me\n|cant|p2a: Grimmsnarl|slp\n|move|p1a: \u63e1\u8349\u733f|U-turn|p2a: Grimmsnarl\n|-damage|p2a: Grimmsnarl|76/100 slp\n|\n|t:|1773847973\n|switch|p1a: \u6210\u90fd\u8001\u76d6|Kyogre, L50|100/100|[from] U-turn\n|move|p2b: Amoonguss|Pollen Puff|p1b: \u5c0f\u7b14\u7ea2\u80bf\n|-damage|p1b: \u5c0f\u7b14\u7ea2\u80bf|0 fnt\n|faint|p1b: \u5c0f\u7b14\u7ea2\u80bf\n|\n|-weather|RainDance|[upkeep]\n|-heal|p2a: Grimmsnarl|82/100 slp|[from] Grassy Terrain\n|-heal|p2b: Amoonguss|100/100|[from] Grassy Terrain\n|upkeep\n|\n|t:|1773847977\n|switch|p1b: \u9e7f\u51a0\u738b|Calyrex-Ice, L50|100/100\n|-ability|p1b: \u9e7f\u51a0\u738b|As One\n|-ability|p1b: \u9e7f\u51a0\u738b|Unnerve\n|turn|4\n|\n|t:|1773848009\n|-terastallize|p2b: Amoonguss|Water\n|move|p1a: \u6210\u90fd\u8001\u76d6|Water Spout|p2b: Amoonguss|[spread] p2a,p2b\n|-resisted|p2b: Amoonguss\n|-damage|p2a: Grimmsnarl|0 fnt\n|-damage|p2b: Amoonguss|36/100\n|faint|p2a: Grimmsnarl\n|move|p1b: \u9e7f\u51a0\u738b|Glacial Lance|p2b: Amoonguss\n|-resisted|p2b: Amoonguss\n|-damage|p2b: Amoonguss|8/100\n|move|p2b: Amoonguss|Spore|p1b: \u9e7f\u51a0\u738b\n|-status|p1b: \u9e7f\u51a0\u738b|slp|[from] move: Spore\n|\n|-weather|RainDance|[upkeep]\n|-heal|p2b: Amoonguss|14/100|[from] Grassy Terrain\n|upkeep\n|\n|t:|1773848022\n|switch|p2a: Miraidon|Miraidon, L50|90/100\n|-fieldstart|move: Electric Terrain|[from] ability: Hadron Engine|[of] p2a: Miraidon\n|turn|5\n|\n|t:|1773848033\n|switch|p1a: \u63e1\u8349\u733f|Rillaboom, L50, F|85/100 par\n|-fieldstart|move: Grassy Terrain|[from] ability: Grassy Surge|[of] p1a: \u63e1\u8349\u733f\n|switch|p2b: Terapagos|Terapagos, L50, M|100/100\n|-activate|p2b: Terapagos|ability: Tera Shift\n|detailschange|p2b: Terapagos|Terapagos-Terastal, L50, M\n|-heal|p2b: Terapagos|100/100|[silent]\n|move|p2a: Miraidon|Protect|p2a: Miraidon\n|-singleturn|p2a: Miraidon|Protect\n|cant|p1b: \u9e7f\u51a0\u738b|slp\n|\n|-weather|none\n|-heal|p2a: Miraidon|97/100|[from] Grassy Terrain\n|-heal|p1a: \u63e1\u8349\u733f|91/100 par|[from] Grassy Terrain\n|upkeep\n|turn|6\n|\n|t:|1773848059\n|move|p1a: \u63e1\u8349\u733f|Fake Out|p2a: Miraidon\n|-damage|p2a: Miraidon|84/100\n|cant|p2a: Miraidon|flinch\n|move|p2b: Terapagos|Tera Starstorm|p1b: \u9e7f\u51a0\u738b\n|-damage|p1b: \u9e7f\u51a0\u738b|49/100 slp\n|-curestatus|p1b: \u9e7f\u51a0\u738b|slp|[msg]\n|move|p1b: \u9e7f\u51a0\u738b|Glacial Lance|p2a: Miraidon|[spread] p2a,p2b\n|-supereffective|p2a: Miraidon\n|-activate|p2b: Terapagos|ability: Tera Shell\n|-resisted|p2b: Terapagos\n|-damage|p2a: Miraidon|0 fnt\n|-damage|p2b: Terapagos|77/100\n|faint|p2a: Miraidon\n|-ability|p1b: \u9e7f\u51a0\u738b|Chilling Neigh|boost\n|-boost|p1b: \u9e7f\u51a0\u738b|atk|1\n|\n|-heal|p2b: Terapagos|83/100|[from] Grassy Terrain\n|-heal|p1b: \u9e7f\u51a0\u738b|55/100|[from] Grassy Terrain\n|-heal|p1b: \u9e7f\u51a0\u738b|61/100|[from] item: Leftovers\n|-heal|p1a: \u63e1\u8349\u733f|97/100 par|[from] Grassy Terrain\n|upkeep\n|\n|t:|1773848077\n|switch|p2a: Amoonguss|Amoonguss, L50, M, tera:Water|47/100\n|turn|7\n|\n|t:|1773848096\n|move|p2b: Terapagos|Tera Starstorm|p1a: \u63e1\u8349\u733f\n|-damage|p1a: \u63e1\u8349\u733f|44/100 par\n|move|p1b: \u9e7f\u51a0\u738b|Leech Seed|p2b: Terapagos|[miss]\n|-miss|p1b: \u9e7f\u51a0\u738b|p2b: Terapagos\n|move|p1a: \u63e1\u8349\u733f|Wood Hammer|p2a: Amoonguss\n|-supereffective|p2a: Amoonguss\n|-damage|p2a: Amoonguss|0 fnt\n|-damage|p1a: \u63e1\u8349\u733f|28/100 par|[from] item: Rocky Helmet|[of] p2a: Amoonguss\n|faint|p2a: Amoonguss\n|-damage|p1a: \u63e1\u8349\u733f|11/100 par|[from] Recoil\n|\n|-heal|p2b: Terapagos|90/100|[from] Grassy Terrain\n|-heal|p1b: \u9e7f\u51a0\u738b|67/100|[from] Grassy Terrain\n|-heal|p1b: \u9e7f\u51a0\u738b|72/100|[from] item: Leftovers\n|-heal|p1a: \u63e1\u8349\u733f|17/100 par|[from] Grassy Terrain\n|upkeep\n|turn|8\n|\n|t:|1773848111\n|move|p2b: Terapagos|Tera Starstorm|p1b: \u9e7f\u51a0\u738b\n|-damage|p1b: \u9e7f\u51a0\u738b|18/100\n|move|p1b: \u9e7f\u51a0\u738b|Leech Seed|p2b: Terapagos\n|-start|p2b: Terapagos|move: Leech Seed\n|cant|p1a: \u63e1\u8349\u733f|par\n|\n|-heal|p2b: Terapagos|96/100|[from] Grassy Terrain\n|-heal|p1b: \u9e7f\u51a0\u738b|24/100|[from] Grassy Terrain\n|-heal|p1b: \u9e7f\u51a0\u738b|30/100|[from] item: Leftovers\n|-heal|p1a: \u63e1\u8349\u733f|23/100 par|[from] Grassy Terrain\n|-damage|p2b: Terapagos|83/100|[from] Leech Seed|[of] p1b: \u9e7f\u51a0\u738b\n|-heal|p1b: \u9e7f\u51a0\u738b|41/100|[silent]\n|upkeep\n|turn|9\n|\n|t:|1773848124\n|move|p2b: Terapagos|Tera Starstorm|p1b: \u9e7f\u51a0\u738b\n|-damage|p1b: \u9e7f\u51a0\u738b|0 fnt\n|faint|p1b: \u9e7f\u51a0\u738b\n|move|p1a: \u63e1\u8349\u733f|U-turn|p2b: Terapagos\n|-damage|p2b: Terapagos|62/100\n|\n|t:|1773848126\n|switch|p1a: \u6210\u90fd\u8001\u76d6|Kyogre, L50|100/100|[from] U-turn\n|-weather|RainDance|[from] ability: Drizzle|[of] p1a: \u6210\u90fd\u8001\u76d6\n|\n|-weather|RainDance|[upkeep]\n|-heal|p2b: Terapagos|69/100|[from] Grassy Terrain\n|-fieldend|move: Grassy Terrain\n|upkeep\n|\n|t:|1773848128\n|switch|p1b: \u63e1\u8349\u733f|Rillaboom, L50, F|23/100 par\n|-fieldstart|move: Grassy Terrain|[from] ability: Grassy Surge|[of] p1b: \u63e1\u8349\u733f\n|turn|10\n|\n|t:|1773848146\n|move|p1b: \u63e1\u8349\u733f|Fake Out|p2b: Terapagos\n|-damage|p2b: Terapagos|57/100\n|move|p1a: \u6210\u90fd\u8001\u76d6|Water Spout|p2b: Terapagos\n|-damage|p2b: Terapagos|0 fnt\n|faint|p2b: Terapagos\n|\n|win|dasabe\u76d6\u6b27\u5361\u4fa0\n|raw|dasabe\u76d6\u6b27\u5361\u4fa0's rating: 1610 &rarr; <strong>1633</strong><br />(+23 for winning)\n|raw|Realfrytki's rating: 1659 &rarr; <strong>1636</strong><br />(-23 for losing)\n|l|\u2606Realfrytki\n|player|p2|\n|l|\u2606dasabe\u76d6\u6b27\u5361\u4fa0\n|player|p1|\n","uploadtime":1773848368,"views":161,"formatid":"gen9vgc2026regi","rating":1633,"private":0,"password":null}