{"id":"gen9vgc2026regi-2561679511","format":"[Gen 9] VGC 2026 Reg I","players":["sheeshshane925","PATRIOTS_VG"],"log":"|j|\u2606sheeshshane925\n|j|\u2606PATRIOTS_VG\n|t:|1773831899\n|gametype|doubles\n|player|p1|sheeshshane925|chuck|1446\n|player|p2|PATRIOTS_VG|drayden|1598\n|gen|9\n|tier|[Gen 9] VGC 2026 Reg I\n|rated|\n|rule|Species Clause: Limit one of each Pok\u00e9mon\n|rule|Item Clause: Limit 1 of each item\n|clearpoke\n|poke|p1|Calyrex-Ice, L50|\n|poke|p1|Miraidon, L50|\n|poke|p1|Farigiraf, L50, M|\n|poke|p1|Iron Hands, L50|\n|poke|p1|Scraggy, L50, M|\n|poke|p1|Iron Bundle, L50|\n|poke|p2|Kyogre, L50|\n|poke|p2|Rillaboom, L50, F|\n|poke|p2|Urshifu-*, L50, F|\n|poke|p2|Flutter Mane, L50|\n|poke|p2|Calyrex-Ice, L50|\n|poke|p2|Amoonguss, L50, M|\n|teampreview|4\n|\n|t:|1773831972\n|teamsize|p1|4\n|teamsize|p2|4\n|start\n|switch|p1a: Calyrex|Calyrex-Ice, L50|100/100\n|switch|p1b: Farigiraf|Farigiraf, L50, M, shiny|100/100\n|switch|p2a: Calyrex|Calyrex-Ice, L50|100/100\n|switch|p2b: Flutter Mane|Flutter Mane, L50|100/100\n|-ability|p2a: Calyrex|As One\n|-ability|p2a: Calyrex|Unnerve\n|-ability|p1a: Calyrex|As One\n|-ability|p1a: Calyrex|Unnerve\n|turn|1\n|\n|t:|1773831991\n|-terastallize|p1a: Calyrex|Fire\n|move|p2b: Flutter Mane|Taunt|p1b: Farigiraf\n|-start|p1b: Farigiraf|move: Taunt\n|move|p2a: Calyrex|Leech Seed|p1a: Calyrex\n|-start|p1a: Calyrex|move: Leech Seed\n|move|p1b: Farigiraf|Foul Play|p2a: Calyrex\n|-supereffective|p2a: Calyrex\n|-damage|p2a: Calyrex|66/100\n|move|p1a: Calyrex|Trick Room|p1a: Calyrex\n|-fieldstart|move: Trick Room|[of] p1a: Calyrex\n|\n|-heal|p2a: Calyrex|72/100|[from] item: Leftovers\n|-damage|p1a: Calyrex|88/100|[from] Leech Seed|[of] p2a: Calyrex\n|-heal|p2a: Calyrex|84/100|[silent]\n|upkeep\n|turn|2\n|\n|t:|1773832009\n|switch|p1b: Scraggy|Scraggy, L50, M|100/100\n|-ability|p1b: Scraggy|Intimidate|boost\n|-unboost|p2a: Calyrex|atk|1\n|-unboost|p2b: Flutter Mane|atk|1\n|move|p1a: Calyrex|Glacial Lance|p2a: Calyrex|[spread] p2a,p2b\n|-resisted|p2a: Calyrex\n|-damage|p2a: Calyrex|68/100\n|-enditem|p2b: Flutter Mane|Focus Sash\n|-damage|p2b: Flutter Mane|1/100\n|move|p2a: Calyrex|Glacial Lance|p1a: Calyrex|[spread] p1a,p1b\n|-resisted|p1a: Calyrex\n|-crit|p1a: Calyrex\n|-damage|p1a: Calyrex|67/100\n|-damage|p1b: Scraggy|69/100\n|move|p2b: Flutter Mane|Shadow Ball|p1a: Calyrex\n|-damage|p1a: Calyrex|37/100\n|\n|-heal|p2a: Calyrex|74/100|[from] item: Leftovers\n|-damage|p1a: Calyrex|25/100|[from] Leech Seed|[of] p2a: Calyrex\n|-heal|p2a: Calyrex|86/100|[silent]\n|upkeep\n|turn|3\n|\n|t:|1773832036\n|-end|p2b: Flutter Mane|Protosynthesis|[silent]\n|switch|p2b: Urshifu|Urshifu-Rapid-Strike, L50, F|100/100\n|move|p1b: Scraggy|Endeavor|p2a: Calyrex\n|-damage|p2a: Calyrex|42/100\n|move|p1a: Calyrex|Glacial Lance|p2b: Urshifu|[spread] p2a,p2b\n|-resisted|p2a: Calyrex\n|-resisted|p2b: Urshifu\n|-damage|p2a: Calyrex|27/100\n|-damage|p2b: Urshifu|75/100\n|move|p2a: Calyrex|Leech Seed|p1b: Scraggy\n|-start|p1b: Scraggy|move: Leech Seed\n|\n|-heal|p2a: Calyrex|32/100|[from] item: Leftovers\n|-damage|p1b: Scraggy|57/100|[from] Leech Seed|[of] p2a: Calyrex\n|-heal|p2a: Calyrex|40/100|[silent]\n|-damage|p1a: Calyrex|13/100|[from] Leech Seed|[of] p2a: Calyrex\n|-heal|p2a: Calyrex|52/100|[silent]\n|upkeep\n|turn|4\n|\n|t:|1773832062\n|switch|p1a: Farigiraf|Farigiraf, L50, M, shiny|100/100\n|move|p2b: Urshifu|Aqua Jet||[still]\n|cant|p1a: Farigiraf|ability: Armor Tail|Aqua Jet|[of] p2b: Urshifu\n|move|p1b: Scraggy|Coaching|p1a: Farigiraf\n|-boost|p1a: Farigiraf|atk|1\n|-boost|p1a: Farigiraf|def|1\n|move|p2a: Calyrex|Leech Seed||[still]\n|-fail|p2a: Calyrex\n|\n|-heal|p2a: Calyrex|58/100|[from] item: Leftovers\n|-damage|p1b: Scraggy|45/100|[from] Leech Seed|[of] p2a: Calyrex\n|-heal|p2a: Calyrex|65/100|[silent]\n|upkeep\n|turn|5\n|\n|t:|1773832083\n|switch|p1b: Iron Hands|Iron Hands, L50|100/100\n|move|p2b: Urshifu|Detect|p2b: Urshifu\n|-singleturn|p2b: Urshifu|Protect\n|move|p1a: Farigiraf|Psychic|p2b: Urshifu\n|-activate|p2b: Urshifu|move: Protect\n|move|p2a: Calyrex|Leech Seed|p1a: Farigiraf\n|-start|p1a: Farigiraf|move: Leech Seed\n|\n|-heal|p2a: Calyrex|71/100|[from] item: Leftovers\n|-damage|p1a: Farigiraf|88/100|[from] Leech Seed|[of] p2a: Calyrex\n|-heal|p2a: Calyrex|84/100|[silent]\n|-fieldend|move: Trick Room\n|upkeep\n|turn|6\n|\n|t:|1773832100\n|switch|p2b: Flutter Mane|Flutter Mane, L50|1/100\n|move|p1b: Iron Hands|Fake Out|p2b: Flutter Mane\n|-immune|p2b: Flutter Mane\n|move|p2a: Calyrex|Leech Seed|p1b: Iron Hands\n|-start|p1b: Iron Hands|move: Leech Seed\n|move|p1a: Farigiraf|Trick Room|p1a: Farigiraf\n|-fieldstart|move: Trick Room|[of] p1a: Farigiraf\n|\n|-heal|p2a: Calyrex|90/100|[from] item: Leftovers\n|-damage|p1b: Iron Hands|88/100|[from] Leech Seed|[of] p2a: Calyrex\n|-heal|p2a: Calyrex|100/100|[silent]\n|-damage|p1a: Farigiraf|75/100|[from] Leech Seed|[of] p2a: Calyrex\n|upkeep\n|turn|7\n|\n|t:|1773832120\n|-end|p1b: Iron Hands|Quark Drive|[silent]\n|switch|p1b: Scraggy|Scraggy, L50, M|45/100\n|-ability|p1b: Scraggy|Intimidate|boost\n|-unboost|p2a: Calyrex|atk|1\n|-unboost|p2b: Flutter Mane|atk|1\n|switch|p2a: Urshifu|Urshifu-Rapid-Strike, L50, F|75/100\n|move|p1a: Farigiraf|Psychic|p2b: Flutter Mane\n|-damage|p2b: Flutter Mane|0 fnt\n|faint|p2b: Flutter Mane\n|-end|p2b: Flutter Mane|Protosynthesis|[silent]\n|\n|-damage|p1a: Farigiraf|63/100|[from] Leech Seed|[of] p2a: Urshifu\n|-heal|p2a: Urshifu|90/100|[silent]\n|upkeep\n|\n|t:|1773832129\n|switch|p2b: Calyrex|Calyrex-Ice, L50|100/100\n|-ability|p2b: Calyrex|As One\n|-ability|p2b: Calyrex|Unnerve\n|turn|8\n|\n|t:|1773832146\n|switch|p1b: Iron Hands|Iron Hands, L50|88/100\n|-terastallize|p2a: Urshifu|Ghost\n|move|p1a: Farigiraf|Psychic|p2a: Urshifu\n|-crit|p2a: Urshifu\n|-damage|p2a: Urshifu|31/100\n|move|p2b: Calyrex|Glacial Lance|p1b: Iron Hands|[spread] p1a,p1b\n|-damage|p1a: Farigiraf|37/100\n|-damage|p1b: Iron Hands|55/100\n|move|p2a: Urshifu|Surging Strikes|p1b: Iron Hands\n|-crit|p1b: Iron Hands\n|-damage|p1b: Iron Hands|39/100\n|-crit|p1b: Iron Hands\n|-damage|p1b: Iron Hands|22/100\n|-crit|p1b: Iron Hands\n|-damage|p1b: Iron Hands|5/100\n|-hitcount|p1b: Iron Hands|3\n|\n|-damage|p1a: Farigiraf|25/100|[from] Leech Seed|[of] p2a: Urshifu\n|-heal|p2a: Urshifu|46/100|[silent]\n|upkeep\n|turn|9\n|\n|t:|1773832167\n|switch|p1a: Scraggy|Scraggy, L50, M|45/100\n|-ability|p1a: Scraggy|Intimidate|boost\n|-unboost|p2a: Urshifu|atk|1\n|-unboost|p2b: Calyrex|atk|1\n|switch|p2a: Rillaboom|Rillaboom, L50, F|100/100\n|-fieldstart|move: Grassy Terrain|[from] ability: Grassy Surge|[of] p2a: Rillaboom\n|move|p1b: Iron Hands|Wild Charge|p2a: Rillaboom\n|-resisted|p2a: Rillaboom\n|-damage|p2a: Rillaboom|78/100\n|-damage|p1b: Iron Hands|0 fnt|[from] Recoil\n|faint|p1b: Iron Hands\n|-end|p1b: Iron Hands|Quark Drive|[silent]\n|move|p2b: Calyrex|Glacial Lance|p1a: Scraggy\n|-damage|p1a: Scraggy|7/100\n|\n|-heal|p1a: Scraggy|12/100|[from] Grassy Terrain\n|-heal|p2a: Rillaboom|84/100|[from] Grassy Terrain\n|upkeep\n|\n|t:|1773832184\n|switch|p1b: Calyrex|Calyrex-Ice, L50, tera:Fire|13/100\n|-ability|p1b: Calyrex|As One\n|-ability|p1b: Calyrex|Unnerve\n|turn|10\n|\n|t:|1773832193\n|switch|p1a: Farigiraf|Farigiraf, L50, M, shiny|25/100\n|move|p2a: Rillaboom|Fake Out||[still]\n|cant|p1a: Farigiraf|ability: Armor Tail|Fake Out|[of] p2a: Rillaboom\n|move|p1b: Calyrex|Glacial Lance|p2a: Rillaboom|[spread] p2a,p2b\n|-supereffective|p2a: Rillaboom\n|-crit|p2a: Rillaboom\n|-resisted|p2b: Calyrex\n|-damage|p2a: Rillaboom|0 fnt\n|-damage|p2b: Calyrex|84/100\n|faint|p2a: Rillaboom\n|-ability|p1b: Calyrex|Chilling Neigh|boost\n|-boost|p1b: Calyrex|atk|1\n|move|p2b: Calyrex|Glacial Lance|p1a: Farigiraf|[spread] p1a,p1b\n|-resisted|p1b: Calyrex\n|-damage|p1a: Farigiraf|0 fnt\n|-damage|p1b: Calyrex|3/100\n|faint|p1a: Farigiraf\n|-ability|p2b: Calyrex|Chilling Neigh|boost\n|-boost|p2b: Calyrex|atk|1\n|\n|-heal|p1b: Calyrex|9/100|[from] Grassy Terrain\n|-heal|p2b: Calyrex|90/100|[from] Grassy Terrain\n|-heal|p2b: Calyrex|96/100|[from] item: Leftovers\n|-fieldend|move: Trick Room\n|upkeep\n|\n|t:|1773832201\n|switch|p2a: Urshifu|Urshifu-Rapid-Strike, L50, F, tera:Ghost|46/100\n|switch|p1a: Scraggy|Scraggy, L50, M|12/100\n|-ability|p1a: Scraggy|Intimidate|boost\n|-unboost|p2a: Urshifu|atk|1\n|-unboost|p2b: Calyrex|atk|1\n|turn|11\n|-message|sheeshshane925 forfeited.\n|\n|win|PATRIOTS_VG\n|raw|sheeshshane925's rating: 1446 &rarr; <strong>1434</strong><br />(-12 for losing)\n|raw|PATRIOTS_VG's rating: 1598 &rarr; <strong>1610</strong><br />(+12 for winning)\n|l|\u2606sheeshshane925\n|player|p1|\n|l|\u2606PATRIOTS_VG\n|player|p2|\n","uploadtime":1773832441,"views":13,"formatid":"gen9vgc2026regi","rating":1434,"private":0,"password":null}