{"id":"gen9vgc2026regi-2551546937","format":"[Gen 9] VGC 2026 Reg I","players":["revaly","yaochangzhe"],"log":"|j|\u2606revaly\n|j|\u2606yaochangzhe\n|t:|1772619467\n|gametype|doubles\n|player|p1|revaly|koga|1274\n|player|p2|yaochangzhe|1|1317\n|gen|9\n|tier|[Gen 9] VGC 2026 Reg I\n|rated|\n|rule|Species Clause: Limit one of each Pok\u00e9mon\n|rule|Item Clause: Limit 1 of each item\n|clearpoke\n|poke|p1|Lunala, L50|\n|poke|p1|Ursaluna, L50, F|\n|poke|p1|Urshifu-*, L50, M|\n|poke|p1|Miraidon, L50|\n|poke|p1|Grimmsnarl, L50, M|\n|poke|p1|Incineroar, L50, M|\n|poke|p2|Lunala, L50|\n|poke|p2|Smeargle, L50, M|\n|poke|p2|Muk-Alola, L50, M|\n|poke|p2|Flamigo, L50, M|\n|poke|p2|Iron Valiant, L50|\n|poke|p2|Ho-Oh, L50|\n|teampreview|4\n|\n|t:|1772619480\n|teamsize|p1|4\n|teamsize|p2|4\n|start\n|switch|p1a: Incineroar|Incineroar, L50, M|100/100\n|switch|p1b: Miraidon|Miraidon, L50|100/100\n|switch|p2a: Muk|Muk-Alola, L50, M|100/100\n|switch|p2b: Smeargle|Smeargle, L50, M|100/100\n|-fieldstart|move: Electric Terrain|[from] ability: Hadron Engine|[of] p1b: Miraidon\n|-ability|p1a: Incineroar|Intimidate|boost\n|-unboost|p2a: Muk|atk|1\n|-unboost|p2b: Smeargle|atk|1\n|turn|1\n|inactive|Battle timer is ON: inactive players will automatically lose when time's up. (requested by yaochangzhe)\n|\n|t:|1772619509\n|move|p1a: Incineroar|Fake Out|p2b: Smeargle\n|-damage|p2b: Smeargle|81/100\n|cant|p2b: Smeargle|flinch\n|move|p1b: Miraidon|Electro Drift|p2b: Smeargle\n|-damage|p2b: Smeargle|0 fnt\n|faint|p2b: Smeargle\n|-ability|p2a: Muk|Moody|Power of Alchemy|[from] ability: Power of Alchemy|[of] p2b: Smeargle\n|move|p2a: Muk|Minimize|p2a: Muk\n|-boost|p2a: Muk|evasion|2\n|\n|-ability|p2a: Muk|Moody|boost\n|-boost|p2a: Muk|spd|2\n|-unboost|p2a: Muk|spa|1\n|upkeep\n|\n|t:|1772619520\n|switch|p2b: Flamigo|Flamigo, L50, M|100/100\n|-copyboost|p2b: Flamigo|p2a: Muk|[from] ability: Costar\n|-enditem|p2b: Flamigo|White Herb\n|-clearnegativeboost|p2b: Flamigo|[silent]\n|turn|2\n|\n|t:|1772619544\n|move|p1b: Miraidon|Electro Drift|p2b: Flamigo\n|-supereffective|p2b: Flamigo\n|-damage|p2b: Flamigo|0 fnt\n|faint|p2b: Flamigo\n|move|p1a: Incineroar|Will-O-Wisp|p2a: Muk\n|-status|p2a: Muk|brn\n|move|p2a: Muk|Minimize|p2a: Muk\n|-boost|p2a: Muk|evasion|2\n|\n|-damage|p2a: Muk|94/100 brn|[from] brn\n|-ability|p2a: Muk|Moody|boost\n|-boost|p2a: Muk|atk|2\n|-unboost|p2a: Muk|spd|1\n|upkeep\n|\n|t:|1772619549\n|switch|p2b: Lunala|Lunala, L50|100/100\n|turn|3\n|\n|t:|1772619566\n|move|p1b: Miraidon|Electro Drift|p2a: Muk|[miss]\n|-miss|p1b: Miraidon|p2a: Muk\n|move|p2b: Lunala|Psych Up|p2a: Muk\n|-copyboost|p2b: Lunala|p2a: Muk|[from] move: Psych Up\n|move|p1a: Incineroar|Knock Off|p2b: Lunala|[miss]\n|-miss|p1a: Incineroar|p2b: Lunala\n|move|p2a: Muk|Minimize|p2a: Muk\n|-boost|p2a: Muk|evasion|2\n|\n|-heal|p2a: Muk|100/100 brn|[from] item: Leftovers\n|-damage|p2a: Muk|94/100 brn|[from] brn\n|-ability|p2a: Muk|Moody|boost\n|-boost|p2a: Muk|spd|2\n|-unboost|p2a: Muk|spe|1\n|upkeep\n|turn|4\n|\n|t:|1772619590\n|move|p1b: Miraidon|Electro Drift|p2a: Muk|[miss]\n|-miss|p1b: Miraidon|p2a: Muk\n|move|p2b: Lunala|Psych Up|p2a: Muk\n|-copyboost|p2b: Lunala|p2a: Muk|[from] move: Psych Up\n|move|p1a: Incineroar|Knock Off|p2b: Lunala\n|-supereffective|p2b: Lunala\n|-damage|p2b: Lunala|43/100\n|-enditem|p2b: Lunala|Mental Herb|[from] move: Knock Off|[of] p1a: Incineroar\n|move|p2a: Muk|Poison Gas|p1b: Miraidon|[spread] p1a,p1b\n|-status|p1a: Incineroar|psn\n|-status|p1b: Miraidon|psn\n|\n|-heal|p2a: Muk|100/100 brn|[from] item: Leftovers\n|-damage|p1b: Miraidon|88/100 psn|[from] psn\n|-damage|p1a: Incineroar|88/100 psn|[from] psn\n|-damage|p2a: Muk|94/100 brn|[from] brn\n|-ability|p2a: Muk|Moody|boost\n|-boost|p2a: Muk|spd|2\n|-unboost|p2a: Muk|def|1\n|upkeep\n|turn|5\n|inactive|revaly has 30 seconds left.\n|inactive|yaochangzhe has 30 seconds left.\n|inactive|yaochangzhe has 20 seconds left.\n|\n|t:|1772619626\n|move|p1b: Miraidon|Electro Drift|p2b: Lunala\n|-damage|p2b: Lunala|17/100\n|move|p2b: Lunala|Moonlight|p2b: Lunala\n|-heal|p2b: Lunala|67/100\n|move|p1a: Incineroar|Knock Off|p2a: Muk|[miss]\n|-miss|p1a: Incineroar|p2a: Muk\n|move|p2a: Muk|Knock Off|p1b: Miraidon\n|-damage|p1b: Miraidon|68/100 psn\n|-enditem|p1b: Miraidon|Assault Vest|[from] move: Knock Off|[of] p2a: Muk\n|\n|-heal|p2a: Muk|100/100 brn|[from] item: Leftovers\n|-damage|p1b: Miraidon|56/100 psn|[from] psn\n|-damage|p1a: Incineroar|76/100 psn|[from] psn\n|-damage|p2a: Muk|94/100 brn|[from] brn\n|-fieldend|move: Electric Terrain\n|-ability|p2a: Muk|Moody|boost\n|-boost|p2a: Muk|spe|2\n|-unboost|p2a: Muk|spa|1\n|upkeep\n|turn|6\n|inactive|revaly has 30 seconds left.\n|inactive|revaly has 20 seconds left.\n|\n|t:|1772619664\n|move|p1b: Miraidon|Electro Drift|p2a: Muk|[miss]\n|-miss|p1b: Miraidon|p2a: Muk\n|move|p2a: Muk|Knock Off|p1a: Incineroar\n|-resisted|p1a: Incineroar\n|-damage|p1a: Incineroar|66/100 psn\n|-damage|p2a: Muk|78/100 brn|[from] item: Rocky Helmet|[of] p1a: Incineroar\n|-enditem|p1a: Incineroar|Rocky Helmet|[from] move: Knock Off|[of] p2a: Muk\n|move|p2b: Lunala|Moonlight|p2b: Lunala\n|-heal|p2b: Lunala|100/100\n|move|p1a: Incineroar|Knock Off|p2a: Muk|[miss]\n|-miss|p1a: Incineroar|p2a: Muk\n|\n|-heal|p2a: Muk|84/100 brn|[from] item: Leftovers\n|-damage|p1b: Miraidon|43/100 psn|[from] psn\n|-damage|p1a: Incineroar|54/100 psn|[from] psn\n|-damage|p2a: Muk|78/100 brn|[from] brn\n|-ability|p2a: Muk|Moody|boost\n|-boost|p2a: Muk|def|2\n|-unboost|p2a: Muk|atk|1\n|upkeep\n|turn|7\n|inactive|revaly has 30 seconds left.\n|inactive|yaochangzhe has 30 seconds left.\n|inactive|yaochangzhe has 20 seconds left.\n|inactive|yaochangzhe has 15 seconds left.\n|inactive|yaochangzhe has 10 seconds left.\n|inactive|yaochangzhe has 5 seconds left.\n|\n|t:|1772619719\n|move|p1b: Miraidon|Electro Drift|p2a: Muk\n|-damage|p2a: Muk|64/100 brn\n|move|p2a: Muk|Knock Off|p1a: Incineroar\n|-resisted|p1a: Incineroar\n|-crit|p1a: Incineroar\n|-damage|p1a: Incineroar|48/100 psn\n|move|p2b: Lunala|Moonblast|p1a: Incineroar\n|-damage|p1a: Incineroar|30/100 psn\n|move|p1a: Incineroar|Knock Off|p2a: Muk|[miss]\n|-miss|p1a: Incineroar|p2a: Muk\n|\n|-heal|p2a: Muk|70/100 brn|[from] item: Leftovers\n|-damage|p1b: Miraidon|31/100 psn|[from] psn\n|-damage|p1a: Incineroar|17/100 psn|[from] psn\n|-damage|p2a: Muk|64/100 brn|[from] brn\n|-ability|p2a: Muk|Moody|boost\n|-boost|p2a: Muk|spa|2\n|-unboost|p2a: Muk|spe|1\n|upkeep\n|turn|8\n|inactive|revaly has 30 seconds left.\n|\n|t:|1772619745\n|move|p1b: Miraidon|Electro Drift|p2a: Muk|[miss]\n|-miss|p1b: Miraidon|p2a: Muk\n|move|p2b: Lunala|Moonblast|p1a: Incineroar\n|-damage|p1a: Incineroar|0 fnt\n|faint|p1a: Incineroar\n|move|p2a: Muk|Knock Off|p1b: Miraidon\n|-damage|p1b: Miraidon|21/100 psn\n|\n|-heal|p2a: Muk|70/100 brn|[from] item: Leftovers\n|-damage|p1b: Miraidon|9/100 psn|[from] psn\n|-damage|p2a: Muk|64/100 brn|[from] brn\n|-ability|p2a: Muk|Moody|boost\n|-boost|p2a: Muk|def|2\n|-unboost|p2a: Muk|atk|1\n|upkeep\n|\n|t:|1772619764\n|switch|p1a: Ursaluna|Ursaluna, L50, F|100/100\n|turn|9\n|\n|t:|1772619782\n|move|p1a: Ursaluna|Protect|p1a: Ursaluna\n|-singleturn|p1a: Ursaluna|Protect\n|move|p1b: Miraidon|Volt Switch|p2a: Muk|[miss]\n|-miss|p1b: Miraidon|p2a: Muk\n|move|p2b: Lunala|Psych Up|p2a: Muk\n|-copyboost|p2b: Lunala|p2a: Muk|[from] move: Psych Up\n|move|p2a: Muk|Knock Off|p1a: Ursaluna\n|-activate|p1a: Ursaluna|move: Protect\n|\n|-heal|p2a: Muk|70/100 brn|[from] item: Leftovers\n|-damage|p1b: Miraidon|0 fnt|[from] psn\n|faint|p1b: Miraidon\n|-damage|p2a: Muk|64/100 brn|[from] brn\n|-ability|p2a: Muk|Moody|boost\n|-boost|p2a: Muk|spd|1\n|-unboost|p2a: Muk|spa|1\n|-status|p1a: Ursaluna|brn|[from] item: Flame Orb\n|upkeep\n|\n|t:|1772619802\n|switch|p1b: Lunala|Lunala, L50|100/100\n|turn|10\n|-message|revaly forfeited.\n|\n|win|yaochangzhe\n|raw|revaly's rating: 1274 &rarr; <strong>1252</strong><br />(-22 for losing)\n|raw|yaochangzhe's rating: 1317 &rarr; <strong>1335</strong><br />(+18 for winning)\n|l|\u2606yaochangzhe\n|player|p2|\n","uploadtime":1772620021,"views":12,"formatid":"gen9vgc2026regi","rating":1252,"private":0,"password":null}