{"id":"gen9vgc2026regi-2528596153","format":"[Gen 9] VGC 2026 Reg I","players":["ky123456","Low Tier Goodra"],"log":"|j|\u2606ky123456\n|j|\u2606Low Tier Goodra\n|t:|1769683214\n|gametype|doubles\n|player|p1|ky123456|cynthia-gen4|1477\n|player|p2|Low Tier Goodra|jasmine|1514\n|gen|9\n|tier|[Gen 9] VGC 2026 Reg I\n|rated|\n|rule|Species Clause: Limit one of each Pok\u00e9mon\n|rule|Item Clause: Limit 1 of each item\n|clearpoke\n|poke|p1|Kyogre, L50|\n|poke|p1|Calyrex-Ice, L50|\n|poke|p1|Grimmsnarl, L50, M|\n|poke|p1|Rillaboom, L50, F|\n|poke|p1|Landorus, L50, M|\n|poke|p1|Urshifu-*, L50, M|\n|poke|p2|Calyrex-Ice, L50|\n|poke|p2|Kyogre, L50|\n|poke|p2|Sinistcha-Masterpiece, L50|\n|poke|p2|Rillaboom, L50, M|\n|poke|p2|Ursaluna, L50, F|\n|poke|p2|Incineroar, L50, M|\n|teampreview|4\n|\n|t:|1769683240\n|teamsize|p1|4\n|teamsize|p2|4\n|start\n|switch|p1a: Kyogre|Kyogre, L50|100/100\n|switch|p1b: Urshifu|Urshifu-Rapid-Strike, L50, M|100/100\n|switch|p2a: Rillaboom|Rillaboom, L50, M|100/100\n|switch|p2b: Calyrex|Calyrex-Ice, L50|100/100\n|-ability|p2b: Calyrex|As One\n|-ability|p2b: Calyrex|Unnerve\n|-fieldstart|move: Grassy Terrain|[from] ability: Grassy Surge|[of] p2a: Rillaboom\n|-weather|RainDance|[from] ability: Drizzle|[of] p1a: Kyogre\n|turn|1\n|inactive|Battle timer is ON: inactive players will automatically lose when time's up. (requested by ky123456)\n|\n|t:|1769683323\n|-terastallize|p1a: Kyogre|Grass\n|move|p1b: Urshifu|Surging Strikes|p2b: Calyrex\n|-crit|p2b: Calyrex\n|-damage|p2b: Calyrex|79/100\n|-crit|p2b: Calyrex\n|-damage|p2b: Calyrex|60/100\n|-crit|p2b: Calyrex\n|-damage|p2b: Calyrex|41/100\n|-hitcount|p2b: Calyrex|3\n|move|p2a: Rillaboom|Wood Hammer|p1a: Kyogre\n|-resisted|p1a: Kyogre\n|-damage|p1a: Kyogre|57/100\n|-damage|p2a: Rillaboom|85/100|[from] Recoil\n|move|p1a: Kyogre|Water Spout|p2b: Calyrex|[spread] p2a,p2b\n|-resisted|p2a: Rillaboom\n|-damage|p2a: Rillaboom|48/100\n|-damage|p2b: Calyrex|6/100\n|move|p2b: Calyrex|Trick Room|p2b: Calyrex\n|-fieldstart|move: Trick Room|[of] p2b: Calyrex\n|\n|-weather|RainDance|[upkeep]\n|-heal|p2b: Calyrex|12/100|[from] Grassy Terrain\n|-heal|p1a: Kyogre|63/100|[from] Grassy Terrain\n|-heal|p2a: Rillaboom|53/100|[from] Grassy Terrain\n|upkeep\n|turn|2\n|inactive|ky123456 has 30 seconds left.\n|inactive|ky123456 has 20 seconds left.\n|inactive|ky123456 has 15 seconds left.\n|inactive|ky123456 has 10 seconds left.\n|\n|t:|1769683372\n|switch|p1a: Calyrex|Calyrex-Ice, L50|100/100\n|-ability|p1a: Calyrex|As One\n|-ability|p1a: Calyrex|Unnerve\n|switch|p1b: Grimmsnarl|Grimmsnarl, L50, M|100/100\n|move|p2b: Calyrex|Glacial Lance|p1a: Calyrex|[spread] p1a,p1b\n|-resisted|p1a: Calyrex\n|-damage|p1a: Calyrex|86/100\n|-damage|p1b: Grimmsnarl|55/100\n|move|p2a: Rillaboom|Wood Hammer|p1b: Grimmsnarl\n|-damage|p1b: Grimmsnarl|0 fnt\n|faint|p1b: Grimmsnarl\n|-damage|p2a: Rillaboom|33/100|[from] Recoil\n|\n|-weather|RainDance|[upkeep]\n|-heal|p2b: Calyrex|18/100|[from] Grassy Terrain\n|-heal|p1a: Calyrex|92/100|[from] Grassy Terrain\n|-heal|p1a: Calyrex|98/100|[from] item: Leftovers\n|-heal|p2a: Rillaboom|39/100|[from] Grassy Terrain\n|upkeep\n|\n|t:|1769683388\n|switch|p1b: Urshifu|Urshifu-Rapid-Strike, L50, M|100/100\n|turn|3\n|\n|t:|1769683410\n|-terastallize|p2a: Rillaboom|Water\n|move|p1b: Urshifu|Aqua Jet|p2a: Rillaboom\n|-resisted|p2a: Rillaboom\n|-damage|p2a: Rillaboom|21/100\n|move|p2b: Calyrex|Leech Seed|p1a: Calyrex\n|-start|p1a: Calyrex|move: Leech Seed\n|move|p1a: Calyrex|Glacial Lance|p2a: Rillaboom|[spread] p2a,p2b\n|-resisted|p2a: Rillaboom\n|-resisted|p2b: Calyrex\n|-damage|p2a: Rillaboom|0 fnt\n|-damage|p2b: Calyrex|0 fnt\n|faint|p2a: Rillaboom\n|faint|p2b: Calyrex\n|-ability|p1a: Calyrex|Chilling Neigh|boost\n|-boost|p1a: Calyrex|atk|2\n|\n|-weather|RainDance|[upkeep]\n|-heal|p1a: Calyrex|100/100|[from] Grassy Terrain\n|upkeep\n|\n|t:|1769683425\n|switch|p2b: Sinistcha|Sinistcha-Masterpiece, L50|100/100\n|switch|p2a: Kyogre|Kyogre, L50|100/100\n|-enditem|p2b: Sinistcha|Grassy Seed\n|-boost|p2b: Sinistcha|def|1|[from] item: Grassy Seed\n|turn|4\n|\n|t:|1769683437\n|move|p1b: Urshifu|Aqua Jet|p2a: Kyogre\n|-resisted|p2a: Kyogre\n|-damage|p2a: Kyogre|84/100\n|move|p2a: Kyogre|Water Spout|p1b: Urshifu|[spread] p1a,p1b\n|-crit|p1a: Calyrex\n|-resisted|p1b: Urshifu\n|-damage|p1a: Calyrex|20/100\n|-damage|p1b: Urshifu|28/100\n|move|p2b: Sinistcha|Shadow Ball|p1a: Calyrex\n|-supereffective|p1a: Calyrex\n|-damage|p1a: Calyrex|0 fnt\n|faint|p1a: Calyrex\n|\n|-weather|RainDance|[upkeep]\n|-heal|p2a: Kyogre|89/100|[from] Grassy Terrain\n|-heal|p1b: Urshifu|34/100|[from] Grassy Terrain\n|upkeep\n|\n|t:|1769683447\n|switch|p1a: Kyogre|Kyogre, L50, tera:Grass|63/100\n|turn|5\n|\n|t:|1769683459\n|move|p1b: Urshifu|Aqua Jet|p2a: Kyogre\n|-resisted|p2a: Kyogre\n|-damage|p2a: Kyogre|74/100\n|move|p2a: Kyogre|Water Spout|p1a: Kyogre|[spread] p1a,p1b\n|-resisted|p1a: Kyogre\n|-resisted|p1b: Urshifu\n|-damage|p1a: Kyogre|45/100\n|-damage|p1b: Urshifu|0 fnt\n|faint|p1b: Urshifu\n|move|p2b: Sinistcha|Shadow Ball|p1a: Kyogre\n|-damage|p1a: Kyogre|24/100\n|move|p1a: Kyogre|Thunder|p2a: Kyogre\n|-supereffective|p2a: Kyogre\n|-damage|p2a: Kyogre|10/100\n|\n|-weather|none\n|-heal|p2a: Kyogre|16/100|[from] Grassy Terrain\n|-heal|p1a: Kyogre|30/100|[from] Grassy Terrain\n|-fieldend|move: Trick Room\n|-fieldend|move: Grassy Terrain\n|upkeep\n|turn|6\n|\n|t:|1769683476\n|move|p2a: Kyogre|Protect|p2a: Kyogre\n|-singleturn|p2a: Kyogre|Protect\n|move|p1a: Kyogre|Origin Pulse|p2a: Kyogre|[spread] p2b\n|-activate|p2a: Kyogre|move: Protect\n|-resisted|p2b: Sinistcha\n|-damage|p2b: Sinistcha|67/100\n|move|p2b: Sinistcha|Trick Room|p2b: Sinistcha\n|-fieldstart|move: Trick Room|[of] p2b: Sinistcha\n|\n|upkeep\n|turn|7\n|\n|t:|1769683489\n|move|p2a: Kyogre|Origin Pulse|p1a: Kyogre\n|-resisted|p1a: Kyogre\n|-damage|p1a: Kyogre|15/100\n|move|p2b: Sinistcha|Shadow Ball|p1a: Kyogre\n|-damage|p1a: Kyogre|0 fnt\n|faint|p1a: Kyogre\n|\n|win|Low Tier Goodra\n|raw|ky123456's rating: 1477 &rarr; <strong>1459</strong><br />(-18 for losing)\n|raw|Low Tier Goodra's rating: 1514 &rarr; <strong>1532</strong><br />(+18 for winning)\n|l|\u2606ky123456\n|player|p1|\n","uploadtime":1769683655,"views":43,"formatid":"gen9vgc2026regi","rating":1459,"private":0,"password":null}