{"id":"gen9vgc2026regi-2560642807","format":"[Gen 9] VGC 2026 Reg I","players":["OyamaLama","vestige666"],"log":"|j|\u2606OyamaLama\n|j|\u2606vestige666\n|t:|1773707698\n|gametype|doubles\n|player|p1|OyamaLama|2|1186\n|player|p2|vestige666|102|1247\n|gen|9\n|tier|[Gen 9] VGC 2026 Reg I\n|rated|\n|rule|Species Clause: Limit one of each Pok\u00e9mon\n|rule|Item Clause: Limit 1 of each item\n|clearpoke\n|poke|p1|Koraidon, L50|\n|poke|p1|Calyrex-Shadow, L50|\n|poke|p1|Clefairy, L50, F|\n|poke|p1|Incineroar, L50, M|\n|poke|p1|Flutter Mane, L50|\n|poke|p1|Whimsicott, L50, F|\n|poke|p2|Rayquaza, L50|\n|poke|p2|Calyrex-Shadow, L50|\n|poke|p2|Tornadus, L50, M|\n|poke|p2|Smeargle, L50, M|\n|poke|p2|Urshifu-*, L50, M|\n|poke|p2|Clefairy, L50, M|\n|teampreview|4\n|inactive|Battle timer is ON: inactive players will automatically lose when time's up. (requested by OyamaLama)\n|\n|t:|1773707729\n|teamsize|p1|4\n|teamsize|p2|4\n|start\n|switch|p1a: Whimsicott|Whimsicott, L50, F, shiny|100/100\n|switch|p1b: Calyrex|Calyrex-Shadow, L50|100/100\n|switch|p2a: Rayquaza|Rayquaza, L50|100/100\n|switch|p2b: Smeargle|Smeargle, L50, M|100/100\n|-ability|p1b: Calyrex|As One\n|-ability|p1b: Calyrex|Unnerve\n|-ability|p2a: Rayquaza|Air Lock\n|turn|1\n|inactive|OyamaLama has 30 seconds left.\n|inactive|vestige666 has 30 seconds left.\n|\n|t:|1773707759\n|-terastallize|p2a: Rayquaza|Normal\n|move|p1b: Calyrex|Protect|p1b: Calyrex\n|-singleturn|p1b: Calyrex|Protect\n|move|p1a: Whimsicott|Moonblast|p2b: Smeargle\n|-damage|p2b: Smeargle|6/100\n|-unboost|p2b: Smeargle|spa|1\n|move|p2b: Smeargle|Decorate|p2a: Rayquaza\n|-boost|p2a: Rayquaza|atk|2\n|-boost|p2a: Rayquaza|spa|2\n|move|p2a: Rayquaza|Swords Dance|p2a: Rayquaza\n|-boost|p2a: Rayquaza|atk|2\n|\n|-ability|p2b: Smeargle|Moody|boost\n|-boost|p2b: Smeargle|atk|2\n|-unboost|p2b: Smeargle|spe|1\n|upkeep\n|turn|2\n|inactive|OyamaLama has 30 seconds left.\n|\n|t:|1773707791\n|move|p2a: Rayquaza|Extreme Speed|p1a: Whimsicott\n|-damage|p1a: Whimsicott|0 fnt\n|faint|p1a: Whimsicott\n|move|p2b: Smeargle|Follow Me|p2b: Smeargle\n|-singleturn|p2b: Smeargle|move: Follow Me\n|move|p1b: Calyrex|Psychic|p2b: Smeargle\n|-damage|p2b: Smeargle|0 fnt\n|faint|p2b: Smeargle\n|-ability|p1b: Calyrex|Grim Neigh|boost\n|-boost|p1b: Calyrex|spa|1\n|-damage|p1b: Calyrex|91/100|[from] item: Life Orb\n|\n|upkeep\n|\n|t:|1773707805\n|switch|p1a: Incineroar|Incineroar, L50, M|100/100\n|switch|p2b: Urshifu|Urshifu-Rapid-Strike, L50, M|100/100\n|-ability|p1a: Incineroar|Intimidate|boost\n|-fail|p2a: Rayquaza|unboost|[from] item: Clear Amulet|[of] p2a: Rayquaza\n|-unboost|p2b: Urshifu|atk|1\n|turn|3\n|inactive|OyamaLama has 30 seconds left.\n|inactive|vestige666 has 30 seconds left.\n|inactive|vestige666 has 20 seconds left.\n|inactive|vestige666 has 15 seconds left.\n|\n|t:|1773707849\n|move|p1a: Incineroar|Fake Out|p2b: Urshifu\n|-damage|p2b: Urshifu|89/100\n|cant|p2b: Urshifu|flinch\n|move|p1b: Calyrex|Psychic|p2a: Rayquaza\n|-damage|p2a: Rayquaza|0 fnt\n|faint|p2a: Rayquaza\n|-ability|p1b: Calyrex|Grim Neigh|boost\n|-boost|p1b: Calyrex|spa|1\n|-damage|p1b: Calyrex|81/100|[from] item: Life Orb\n|\n|upkeep\n|\n|t:|1773707861\n|switch|p2a: Calyrex|Calyrex-Shadow, L50|100/100\n|-ability|p2a: Calyrex|As One\n|-ability|p2a: Calyrex|Unnerve\n|turn|4\n|inactive|vestige666 has 30 seconds left.\n|inactive|vestige666 has 20 seconds left.\n|inactive|vestige666 has 15 seconds left.\n|\n|t:|1773707904\n|switch|p1a: Koraidon|Koraidon, L50|100/100\n|-weather|SunnyDay|[from] ability: Orichalcum Pulse|[of] p1a: Koraidon\n|-activate|p1a: Koraidon|Orichalcum Pulse|[source]\n|-terastallize|p1b: Calyrex|Dark\n|move|p2b: Urshifu|Close Combat|p1b: Calyrex\n|-supereffective|p1b: Calyrex\n|-damage|p1b: Calyrex|0 fnt\n|-unboost|p2b: Urshifu|def|1\n|-unboost|p2b: Urshifu|spd|1\n|faint|p1b: Calyrex\n|move|p2a: Calyrex|Astral Barrage|p1a: Koraidon\n|-damage|p1a: Koraidon|0 fnt\n|faint|p1a: Koraidon\n|-ability|p2a: Calyrex|Grim Neigh|boost\n|-boost|p2a: Calyrex|spa|1\n|-damage|p2a: Calyrex|91/100|[from] item: Life Orb\n|\n|-weather|SunnyDay|[upkeep]\n|upkeep\n|c|\u2606OyamaLama|wow\n|c|\u2606OyamaLama|nice call!\n|c|\u2606vestige666|Haha\n|\n|t:|1773707926\n|switch|p1b: Incineroar|Incineroar, L50, M|100/100\n|-ability|p1b: Incineroar|Intimidate|boost\n|-unboost|p2a: Calyrex|atk|1\n|-unboost|p2b: Urshifu|atk|1\n|turn|5\n|c|\u2606OyamaLama|gg\n|c|\u2606vestige666|I thought u wouldn't switch koraidon on shadow\n|c|\u2606vestige666|bc of the boost\n|inactive|vestige666 has 30 seconds left.\n|\n|t:|1773707956\n|move|p2b: Urshifu|Close Combat|p1b: Incineroar\n|-supereffective|p1b: Incineroar\n|-damage|p1b: Incineroar|45/100\n|-unboost|p2b: Urshifu|def|1\n|-unboost|p2b: Urshifu|spd|1\n|move|p2a: Calyrex|Astral Barrage|p1b: Incineroar\n|-resisted|p1b: Incineroar\n|-damage|p1b: Incineroar|4/100\n|-damage|p2a: Calyrex|81/100|[from] item: Life Orb\n|move|p1b: Incineroar|Knock Off|p2a: Calyrex\n|-supereffective|p2a: Calyrex\n|-damage|p2a: Calyrex|0 fnt\n|-enditem|p2a: Calyrex|Life Orb|[from] move: Knock Off|[of] p1b: Incineroar\n|faint|p2a: Calyrex\n|\n|-weather|SunnyDay|[upkeep]\n|upkeep\n|turn|6\n|\n|t:|1773707975\n|move|p2b: Urshifu|Close Combat|p1b: Incineroar\n|-supereffective|p1b: Incineroar\n|-damage|p1b: Incineroar|0 fnt\n|-unboost|p2b: Urshifu|def|1\n|-unboost|p2b: Urshifu|spd|1\n|faint|p1b: Incineroar\n|\n|win|vestige666\n|raw|OyamaLama's rating: 1186 &rarr; <strong>1165</strong><br />(-21 for losing)\n|raw|vestige666's rating: 1247 &rarr; <strong>1268</strong><br />(+21 for winning)\n|l|\u2606OyamaLama\n|player|p1|\n|c|\u2606vestige666|Ggs I was definitely behind\n","uploadtime":1773708150,"views":10,"formatid":"gen9vgc2026regi","rating":1165,"private":0,"password":null}