{"id":"gen9vgc2026regi-2574050463","format":"[Gen 9] VGC 2026 Reg I","players":["bishmii","Douglas Viana"],"log":"|j|\u2606bishmii\n|j|\u2606Douglas Viana\n|t:|1775193788\n|gametype|doubles\n|player|p1|bishmii|169|1359\n|player|p2|Douglas Viana|juan|1456\n|gen|9\n|tier|[Gen 9] VGC 2026 Reg I\n|rated|\n|rule|Species Clause: Limit one of each Pok\u00e9mon\n|rule|Item Clause: Limit 1 of each item\n|clearpoke\n|poke|p1|Whimsicott, L50, M|\n|poke|p1|Calyrex-Shadow, L50|\n|poke|p1|Miraidon, L50|\n|poke|p1|Iron Hands, L50|\n|poke|p1|Chi-Yu, L50|\n|poke|p1|Farigiraf, L50, M|\n|poke|p2|Calyrex-Ice, L50|\n|poke|p2|Miraidon, L50|\n|poke|p2|Urshifu-*, L50, M|\n|poke|p2|Incineroar, L50, M|\n|poke|p2|Amoonguss, L50, F|\n|poke|p2|Landorus, L50, M|\n|teampreview|4\n|inactive|Battle timer is ON: inactive players will automatically lose when time's up. (requested by bishmii)\n|inactive|Douglas Viana has 60 seconds left.\n|\n|t:|1775193836\n|teamsize|p1|4\n|teamsize|p2|4\n|start\n|switch|p1a: Miraidon|Miraidon, L50|100/100\n|switch|p1b: Calyrex|Calyrex-Shadow, L50|100/100\n|switch|p2a: Calyrex|Calyrex-Ice, L50|100/100\n|switch|p2b: Incineroar|Incineroar, L50, M|100/100\n|-ability|p1b: Calyrex|As One\n|-ability|p1b: Calyrex|Unnerve\n|-ability|p2a: Calyrex|As One\n|-ability|p2a: Calyrex|Unnerve\n|-fieldstart|move: Electric Terrain|[from] ability: Hadron Engine|[of] p1a: Miraidon\n|-ability|p2b: Incineroar|Intimidate|boost\n|-unboost|p1a: Miraidon|atk|1\n|-unboost|p1b: Calyrex|atk|1\n|turn|1\n|\n|t:|1775193857\n|-terastallize|p1b: Calyrex|Ghost\n|-terastallize|p2a: Calyrex|Water\n|move|p2b: Incineroar|Fake Out|p1a: Miraidon\n|-damage|p1a: Miraidon|90/100\n|move|p1b: Calyrex|Astral Barrage|p2b: Incineroar|[spread] p2a,p2b\n|-resisted|p2b: Incineroar\n|-damage|p2a: Calyrex|55/100\n|-damage|p2b: Incineroar|78/100\n|cant|p1a: Miraidon|flinch\n|move|p2a: Calyrex|Trick Room|p2a: Calyrex\n|-fieldstart|move: Trick Room|[of] p2a: Calyrex\n|\n|upkeep\n|turn|2\n|inactive|bishmii has 30 seconds left.\n|\n|t:|1775193883\n|switch|p1a: Farigiraf|Farigiraf, L50, M|100/100\n|-enditem|p1a: Farigiraf|Electric Seed\n|-boost|p1a: Farigiraf|def|1|[from] item: Electric Seed\n|move|p1b: Calyrex|Protect|p1b: Calyrex\n|-singleturn|p1b: Calyrex|Protect\n|move|p2a: Calyrex|Glacial Lance|p1a: Farigiraf|[spread] p1a\n|-activate|p1b: Calyrex|move: Protect\n|-damage|p1a: Farigiraf|71/100\n|move|p2b: Incineroar|Knock Off|p1b: Calyrex\n|-activate|p1b: Calyrex|move: Protect\n|\n|upkeep\n|turn|3\n|\n|t:|1775193908\n|switch|p1b: Iron Hands|Iron Hands, L50|100/100\n|-activate|p1b: Iron Hands|ability: Quark Drive\n|-start|p1b: Iron Hands|quarkdriveatk\n|move|p1a: Farigiraf|Foul Play|p2a: Calyrex\n|-damage|p2a: Calyrex|30/100\n|move|p2a: Calyrex|Glacial Lance|p1a: Farigiraf|[spread] p1a,p1b\n|-damage|p1a: Farigiraf|41/100\n|-damage|p1b: Iron Hands|60/100\n|move|p2b: Incineroar|Knock Off|p1b: Iron Hands\n|-resisted|p1b: Iron Hands\n|-damage|p1b: Iron Hands|48/100\n|-enditem|p1b: Iron Hands|Assault Vest|[from] move: Knock Off|[of] p2b: Incineroar\n|\n|upkeep\n|turn|4\n|inactive|bishmii has 30 seconds left.\n|inactive|Douglas Viana has 30 seconds left.\n|inactive|bishmii has 20 seconds left.\n|\n|t:|1775193947\n|move|p1b: Iron Hands|Drain Punch|p2b: Incineroar\n|-supereffective|p2b: Incineroar\n|-damage|p2b: Incineroar|0 fnt\n|-heal|p1b: Iron Hands|80/100|[from] drain|[of] p2b: Incineroar\n|faint|p2b: Incineroar\n|move|p1a: Farigiraf|Psychic Noise|p2a: Calyrex\n|-damage|p2a: Calyrex|13/100\n|-start|p2a: Calyrex|move: Heal Block\n|move|p2a: Calyrex|High Horsepower|p1b: Iron Hands\n|-supereffective|p1b: Iron Hands\n|-damage|p1b: Iron Hands|19/100\n|\n|upkeep\n|\n|t:|1775193962\n|switch|p2b: Amoonguss|Amoonguss, L50, F|100/100\n|turn|5\n|\n|t:|1775193978\n|move|p2b: Amoonguss|Rage Powder|p2b: Amoonguss\n|-singleturn|p2b: Amoonguss|move: Rage Powder\n|move|p1b: Iron Hands|Wild Charge|p2b: Amoonguss\n|-resisted|p2b: Amoonguss\n|-damage|p2b: Amoonguss|69/100\n|-damage|p1b: Iron Hands|3/100|[from] item: Rocky Helmet|[of] p2b: Amoonguss\n|-damage|p1b: Iron Hands|0 fnt|[from] Recoil\n|faint|p1b: Iron Hands\n|-end|p1b: Iron Hands|Quark Drive|[silent]\n|move|p1a: Farigiraf|Psychic Noise|p2b: Amoonguss\n|-supereffective|p2b: Amoonguss\n|-damage|p2b: Amoonguss|14/100\n|-start|p2b: Amoonguss|move: Heal Block\n|move|p2a: Calyrex|Glacial Lance|p1a: Farigiraf\n|-damage|p1a: Farigiraf|2/100\n|\n|-end|p2a: Calyrex|move: Heal Block\n|-fieldend|move: Trick Room\n|-fieldend|move: Electric Terrain\n|upkeep\n|\n|t:|1775193993\n|switch|p1b: Calyrex|Calyrex-Shadow, L50, tera:Ghost|100/100\n|-ability|p1b: Calyrex|As One\n|-ability|p1b: Calyrex|Unnerve\n|turn|6\n|inactive|Douglas Viana has 30 seconds left.\n|\n|t:|1775194028\n|move|p1b: Calyrex|Astral Barrage|p2b: Amoonguss|[spread] p2a,p2b\n|-damage|p2a: Calyrex|0 fnt\n|-damage|p2b: Amoonguss|0 fnt\n|faint|p2a: Calyrex\n|faint|p2b: Amoonguss\n|-ability|p1b: Calyrex|Grim Neigh|boost\n|-boost|p1b: Calyrex|spa|2\n|move|p1a: Farigiraf|Psychic Noise|p2: Calyrex|[notarget]\n|-fail|p1a: Farigiraf\n|\n|upkeep\n|-message|Douglas Viana forfeited.\n|\n|win|bishmii\n|raw|bishmii's rating: 1359 &rarr; <strong>1384</strong><br />(+25 for winning)\n|raw|Douglas Viana's rating: 1456 &rarr; <strong>1431</strong><br />(-25 for losing)\n|l|\u2606Douglas Viana\n|player|p2|\n|l|\u2606bishmii\n|player|p1|\n","uploadtime":1775194304,"views":10,"formatid":"gen9vgc2026regi","rating":1384,"private":0,"password":null}