{"id":"gen9vgc2026regi-2560956984","format":"[Gen 9] VGC 2026 Reg I","players":["fomtarro","jd8erh"],"log":"|j|\u2606fomtarro\n|j|\u2606jd8erh\n|t:|1773751850\n|gametype|doubles\n|player|p1|fomtarro|102|1327\n|player|p2|jd8erh|170|1317\n|gen|9\n|tier|[Gen 9] VGC 2026 Reg I\n|rated|\n|rule|Species Clause: Limit one of each Pok\u00e9mon\n|rule|Item Clause: Limit 1 of each item\n|clearpoke\n|poke|p1|Dialga-Origin, L50|\n|poke|p1|Miraidon, L50|\n|poke|p1|Ursaluna, L50, F|\n|poke|p1|Iron Bundle, L50|\n|poke|p1|Iron Hands, L50|\n|poke|p1|Farigiraf, L50, F|\n|poke|p2|Calyrex-Shadow, L50|\n|poke|p2|Koraidon, L50|\n|poke|p2|Brute Bonnet, L50|\n|poke|p2|Raging Bolt, L50|\n|poke|p2|Incineroar, L50, M|\n|poke|p2|Gholdengo, L50|\n|teampreview|4\n|inactive|Battle timer is ON: inactive players will automatically lose when time's up. (requested by jd8erh)\n|l|\u2606jd8erh\n|inactive|jd8erh disconnected and has a minute to reconnect!\n|player|p2|\n|j|\u2606jd8erh\n|inactive|jd8erh reconnected and has 65 seconds left.\n|player|p2|jd8erh|170|\n|inactive|jd8erh has 60 seconds left.\n|inactive|fomtarro has 60 seconds left.\n|l|\u2606jd8erh\n|inactive|jd8erh disconnected and has a minute to reconnect!\n|player|p2|\n|inactive|fomtarro has 30 seconds left.\n|j|\u2606jd8erh\n|inactive|jd8erh reconnected.\n|player|p2|jd8erh|170|\njd8erh has agreed to open team sheets.\n|\n|t:|1773751927\n|teamsize|p1|4\n|teamsize|p2|4\n|start\n|switch|p1a: S&P Futures|Miraidon, L50|100/100\n|switch|p1b: Long Position|Farigiraf, L50, F|100/100\n|switch|p2a: Koraidon|Koraidon, L50|100/100\n|switch|p2b: Raging Bolt|Raging Bolt, L50|100/100\n|-fieldstart|move: Electric Terrain|[from] ability: Hadron Engine|[of] p1a: S&P Futures\n|-enditem|p1b: Long Position|Electric Seed\n|-boost|p1b: Long Position|def|1|[from] item: Electric Seed\n|-weather|SunnyDay|[from] ability: Orichalcum Pulse|[of] p2a: Koraidon\n|-activate|p2b: Raging Bolt|ability: Protosynthesis\n|-start|p2b: Raging Bolt|protosynthesisspa\n|-activate|p2a: Koraidon|Orichalcum Pulse|[source]\n|turn|1\n|inactive|fomtarro has 30 seconds left.\n|\n|t:|1773751957\n|-terastallize|p2a: Koraidon|Fire\n|move|p1b: Long Position|Ally Switch|p1b: Long Position\n|swap|p1b: Long Position|0|[from] move: Ally Switch\n|move|p1b: S&P Futures|Draco Meteor|p2a: Koraidon\n|-damage|p2a: Koraidon|5/100\n|-unboost|p1b: S&P Futures|spa|2\n|-damage|p1b: S&P Futures|91/100|[from] item: Life Orb\n|move|p2a: Koraidon|Flare Blitz|p1b: S&P Futures\n|-resisted|p1b: S&P Futures\n|-damage|p1b: S&P Futures|27/100\n|-damage|p2a: Koraidon|0 fnt|[from] Recoil\n|faint|p2a: Koraidon\n|move|p2b: Raging Bolt|Thunderbolt|p1b: S&P Futures\n|-resisted|p1b: S&P Futures\n|-damage|p1b: S&P Futures|9/100\n|\n|-weather|SunnyDay|[upkeep]\n|upkeep\n|\n|t:|1773751963\n|switch|p2a: Calyrex|Calyrex-Shadow, L50|100/100\n|-ability|p2a: Calyrex|As One\n|-ability|p2a: Calyrex|Unnerve\n|turn|2\n|\n|t:|1773751981\n|switch|p1b: Bear Market|Ursaluna, L50, F|100/100\n|move|p2a: Calyrex|Psychic|p1b: Bear Market\n|-crit|p1b: Bear Market\n|-damage|p1b: Bear Market|21/100\n|-damage|p2a: Calyrex|91/100|[from] item: Life Orb\n|move|p2b: Raging Bolt|Thunderbolt|p1a: Long Position\n|-damage|p1a: Long Position|38/100\n|move|p1a: Long Position|Trick Room|p1a: Long Position\n|-fieldstart|move: Trick Room|[of] p1a: Long Position\n|\n|-weather|SunnyDay|[upkeep]\n|-status|p1b: Bear Market|brn|[from] item: Flame Orb\n|upkeep\n|turn|3\n|\n|t:|1773752000\n|switch|p1a: Day Trader|Dialga-Origin, L50|100/100\n|switch|p2a: Incineroar|Incineroar, L50, M|100/100\n|-ability|p2a: Incineroar|Intimidate|boost\n|-unboost|p1a: Day Trader|atk|1\n|-unboost|p1b: Bear Market|atk|1\n|move|p1b: Bear Market|Earthquake|p2a: Incineroar|[spread] p2a,p2b\n|-activate|p1a: Day Trader|ability: Telepathy\n|-supereffective|p2a: Incineroar\n|-supereffective|p2b: Raging Bolt\n|-damage|p2a: Incineroar|19/100\n|-damage|p2b: Raging Bolt|27/100\n|move|p2b: Raging Bolt|Draco Meteor|p1b: Bear Market\n|-damage|p1b: Bear Market|0 fnt\n|-unboost|p2b: Raging Bolt|spa|2\n|faint|p1b: Bear Market\n|\n|-weather|SunnyDay|[upkeep]\n|upkeep\n|l|\u2606jd8erh\n|inactive|jd8erh disconnected and has a minute to reconnect!\n|player|p2|\n|\n|t:|1773752016\n|switch|p1b: Long Position|Farigiraf, L50, F|38/100\n|turn|4\n|j|\u2606jd8erh\n|inactive|jd8erh reconnected and has 55 seconds left.\n|player|p2|jd8erh|170|\n|\n|t:|1773752032\n|move|p1b: Long Position|Psychic Noise|p2b: Raging Bolt\n|-damage|p2b: Raging Bolt|14/100\n|-start|p2b: Raging Bolt|move: Heal Block\n|move|p2a: Incineroar|Knock Off|p1b: Long Position\n|-supereffective|p1b: Long Position\n|-damage|p1b: Long Position|0 fnt\n|faint|p1b: Long Position\n|move|p2b: Raging Bolt|Snarl|p1a: Day Trader\n|-damage|p1a: Day Trader|91/100\n|-unboost|p1a: Day Trader|spa|1\n|move|p1a: Day Trader|Dragon Pulse|p2a: Incineroar\n|-damage|p2a: Incineroar|0 fnt\n|faint|p2a: Incineroar\n|\n|-weather|SunnyDay|[upkeep]\n|upkeep\n|\n|t:|1773752046\n|switch|p1b: S&P Futures|Miraidon, L50|9/100\n|switch|p2a: Calyrex|Calyrex-Shadow, L50|91/100\n|-ability|p2a: Calyrex|As One\n|-ability|p2a: Calyrex|Unnerve\n|-activate|p1b: S&P Futures|ability: Hadron Engine\n|turn|5\n|l|\u2606jd8erh\n|inactive|jd8erh disconnected and has a minute to reconnect!\n|player|p2|\n|inactive|fomtarro has 30 seconds left.\n|j|\u2606jd8erh\n|inactive|jd8erh reconnected.\n|player|p2|jd8erh|170|\n|\n|t:|1773752073\n|move|p1b: S&P Futures|Protect|p1b: S&P Futures\n|-singleturn|p1b: S&P Futures|Protect\n|move|p2b: Raging Bolt|Draco Meteor|p1b: S&P Futures\n|-activate|p1b: S&P Futures|move: Protect\n|move|p1a: Day Trader|Dragon Pulse|p2a: Calyrex\n|-damage|p2a: Calyrex|53/100\n|move|p2a: Calyrex|Nasty Plot|p2a: Calyrex\n|-boost|p2a: Calyrex|spa|2\n|\n|-weather|none\n|-end|p2b: Raging Bolt|Protosynthesis\n|-end|p2b: Raging Bolt|move: Heal Block\n|-fieldend|move: Electric Terrain\n|upkeep\n|turn|6\n|inactive|fomtarro has 30 seconds left.\n|\n|t:|1773752099\n|move|p2a: Calyrex|Protect|p2a: Calyrex\n|-singleturn|p2a: Calyrex|Protect\n|move|p2b: Raging Bolt|Draco Meteor|p1b: S&P Futures\n|-supereffective|p1b: S&P Futures\n|-damage|p1b: S&P Futures|0 fnt\n|-unboost|p2b: Raging Bolt|spa|2\n|faint|p1b: S&P Futures\n|move|p1a: Day Trader|Dragon Pulse|p2a: Calyrex\n|-activate|p2a: Calyrex|move: Protect\n|\n|-fieldend|move: Trick Room\n|upkeep\n|turn|7\n|\n|t:|1773752113\n|-terastallize|p1a: Day Trader|Dragon\n|move|p2a: Calyrex|Astral Barrage|p1a: Day Trader\n|-damage|p1a: Day Trader|0 fnt\n|faint|p1a: Day Trader\n|-damage|p2a: Calyrex|43/100|[from] item: Life Orb\n|\n|win|jd8erh\n|raw|fomtarro's rating: 1327 &rarr; <strong>1306</strong><br />(-21 for losing)\n|raw|jd8erh's rating: 1317 &rarr; <strong>1338</strong><br />(+21 for winning)\n","uploadtime":1773752117,"views":11,"formatid":"gen9vgc2026regi","rating":1306,"private":0,"password":null}