{"id":"gen9vgc2026regi-2560582088","format":"[Gen 9] VGC 2026 Reg I","players":["pigs2fly","Than man3.14"],"log":"|j|\u2606pigs2fly\n|j|\u2606Than man3.14\n|html|<table width=\"100%\"><tr><td align=\"left\">pigs2fly</td><td align=\"right\">Than man3.14</tr><tr><td align=\"left\"><i class=\"fa fa-circle-o\"></i> <i class=\"fa fa-circle-o\"></i> </td><td align=\"right\"><i class=\"fa fa-circle-o\"></i> <i class=\"fa fa-circle-o\"></i> </tr></table>\n|uhtml|bestof|<h2><strong>Game 1</strong> of <a href=\"/game-bestof3-gen9vgc2026regi-2560582087\">a best-of-3</a></h2>\n|t:|1773701344\n|gametype|doubles\n|player|p1|pigs2fly|dexio|\n|player|p2|Than man3.14|steven|\n|gen|9\n|tier|[Gen 9] VGC 2026 Reg I\n|rule|Species Clause: Limit one of each Pok\u00e9mon\n|rule|Item Clause: Limit 1 of each item\n|raw|<div class=\"infobox\"><details class=\"readmore\" open><summary><strong>1 custom rule:</strong></summary> Best of = 3</details></div>\n|clearpoke\n|poke|p1|Ursaluna, L50, M|\n|poke|p1|Cresselia, L50, F|\n|poke|p1|Amoonguss, L50, M|\n|poke|p1|Basculegion, L50, M|\n|poke|p1|Zamazenta-*, L50|\n|poke|p1|Kyogre, L50|\n|poke|p2|Koraidon, L50|\n|poke|p2|Flutter Mane, L50|\n|poke|p2|Chi-Yu, L50|\n|poke|p2|Brute Bonnet, L50|\n|poke|p2|Lunala, L50|\n|poke|p2|Ursaluna, L50, M|\n|teampreview|4\npigs2fly has agreed to open team sheets.\nThan man3.14 has agreed to open team sheets.\n|showteam|p1|Ursaluna||FlameOrb|Guts|Protect,Facade,Substitute,Earthquake|||M|||50|,,,,,Ghost]Cresselia||SafetyGoggles|Levitate|TrickRoom,LunarBlessing,HelpingHand,DazzlingGleam|||F|||50|,,,,,Dark]Amoonguss||CovertCloak|Regenerator|Protect,Spore,PollenPuff,RagePowder|||M|||50|,,,,,Fire]Basculegion||LifeOrb|SwiftSwim|Protect,AquaJet,WaveCrash,LastRespects|||M|||50|,,,,,Water]Zamazenta-Crowned||RustedShield|DauntlessShield|Imprison,BodyPress,WideGuard,HeavySlam||||||50|,,,,,Ghost]Kyogre||MysticWater|Drizzle|Protect,IceBeam,WaterSpout,OriginPulse||||||50|,,,,,Grass\n|showteam|p2|Koraidon||LifeOrb|OrichalcumPulse|CloseCombat,FlareBlitz,FlameCharge,Protect||||||50|,,,,,Fire]Flutter Mane||FocusSash|Protosynthesis|Moonblast,ShadowBall,IcyWind,Protect||||||50|,,,,,Stellar]Chi-Yu||ChoiceScarf|BeadsofRuin|HeatWave,Overheat,DarkPulse,Snarl||||||50|,,,,,Ghost]Brute Bonnet||CovertCloak|Protosynthesis|Spore,RagePowder,SeedBomb,SuckerPunch||||||50|,,,,,Water]Lunala||PowerHerb|ShadowShield|MeteorBeam,MoongeistBeam,WideGuard,TrickRoom||||||50|,,,,,Fairy]Ursaluna||FlameOrb|Guts|Facade,HeadlongRush,Earthquake,Protect|||M|||50|,,,,,Ghost\n|\n|t:|1773701418\n|teamsize|p1|4\n|teamsize|p2|4\n|start\n|switch|p1a: Cresselia|Cresselia, L50, F|100/100\n|switch|p1b: Kyogre|Kyogre, L50|100/100\n|switch|p2a: Chi-Yu|Chi-Yu, L50, shiny|100/100\n|switch|p2b: Flutter Mane|Flutter Mane, L50, shiny|100/100\n|-ability|p2a: Chi-Yu|Beads of Ruin\n|-weather|RainDance|[from] ability: Drizzle|[of] p1b: Kyogre\n|turn|1\n|\n|t:|1773701437\n|-end|p2b: Flutter Mane|Protosynthesis|[silent]\n|switch|p2b: Koraidon|Koraidon, L50, shiny|100/100\n|-weather|SunnyDay|[from] ability: Orichalcum Pulse|[of] p2b: Koraidon\n|-activate|p2b: Koraidon|Orichalcum Pulse|[source]\n|switch|p1a: Amoonguss|Amoonguss, L50, M|100/100\n|move|p2a: Chi-Yu|Snarl|p1a: Amoonguss|[spread] p1a,p1b\n|-damage|p1a: Amoonguss|74/100\n|-damage|p1b: Kyogre|81/100\n|-unboost|p1b: Kyogre|spa|1\n|move|p1b: Kyogre|Origin Pulse|p2b: Koraidon|[spread] p2a,p2b\n|-supereffective|p2a: Chi-Yu\n|-resisted|p2b: Koraidon\n|-damage|p2a: Chi-Yu|62/100\n|-damage|p2b: Koraidon|89/100\n|\n|-weather|SunnyDay|[upkeep]\n|upkeep\n|turn|2\n|\n|t:|1773701478\n|-terastallize|p2b: Koraidon|Fire\n|move|p1b: Kyogre|Protect|p1b: Kyogre\n|-singleturn|p1b: Kyogre|Protect\n|move|p1a: Amoonguss|Protect|p1a: Amoonguss\n|-singleturn|p1a: Amoonguss|Protect\n|move|p2a: Chi-Yu|Snarl|p1b: Kyogre|[spread] \n|-activate|p1a: Amoonguss|move: Protect\n|-activate|p1b: Kyogre|move: Protect\n|move|p2b: Koraidon|Flare Blitz|p1a: Amoonguss\n|-activate|p1a: Amoonguss|move: Protect\n|\n|-weather|SunnyDay|[upkeep]\n|upkeep\n|turn|3\n|\n|t:|1773701506\n|move|p1a: Amoonguss|Protect|p1a: Amoonguss\n|-singleturn|p1a: Amoonguss|Protect\n|move|p2a: Chi-Yu|Snarl|p1b: Kyogre|[spread] p1b\n|-activate|p1a: Amoonguss|move: Protect\n|-damage|p1b: Kyogre|63/100\n|-unboost|p1b: Kyogre|spa|1\n|move|p2b: Koraidon|Flame Charge|p1a: Amoonguss\n|-activate|p1a: Amoonguss|move: Protect\n|move|p1b: Kyogre|Origin Pulse|p2a: Chi-Yu|[spread] p2a,p2b\n|-supereffective|p2a: Chi-Yu\n|-supereffective|p2b: Koraidon\n|-damage|p2a: Chi-Yu|30/100\n|-damage|p2b: Koraidon|50/100\n|\n|-weather|SunnyDay|[upkeep]\n|upkeep\n|turn|4\n|\n|t:|1773701521\n|move|p1a: Amoonguss|Protect|p1a: Amoonguss\n|-singleturn|p1a: Amoonguss|Protect\n|move|p2a: Chi-Yu|Snarl|p1a: Amoonguss|[spread] p1b\n|-activate|p1a: Amoonguss|move: Protect\n|-damage|p1b: Kyogre|44/100\n|-unboost|p1b: Kyogre|spa|1\n|move|p2b: Koraidon|Flare Blitz|p1a: Amoonguss\n|-activate|p1a: Amoonguss|move: Protect\n|move|p1b: Kyogre|Origin Pulse|p2a: Chi-Yu|[spread] p2a,p2b\n|-supereffective|p2a: Chi-Yu\n|-supereffective|p2b: Koraidon\n|-damage|p2a: Chi-Yu|6/100\n|-damage|p2b: Koraidon|22/100\n|\n|-weather|SunnyDay|[upkeep]\n|upkeep\n|turn|5\n|\n|t:|1773701554\n|move|p1a: Amoonguss|Protect||[still]\n|-fail|p1a: Amoonguss\n|move|p2a: Chi-Yu|Snarl|p1a: Amoonguss|[spread] p1b\n|-miss|p2a: Chi-Yu|p1a: Amoonguss\n|-damage|p1b: Kyogre|26/100\n|-unboost|p1b: Kyogre|spa|1\n|move|p2b: Koraidon|Flare Blitz|p1a: Amoonguss\n|-supereffective|p1a: Amoonguss\n|-damage|p1a: Amoonguss|0 fnt\n|faint|p1a: Amoonguss\n|-damage|p2b: Koraidon|0 fnt|[from] Recoil\n|faint|p2b: Koraidon\n|move|p1b: Kyogre|Origin Pulse|p2a: Chi-Yu\n|-supereffective|p2a: Chi-Yu\n|-damage|p2a: Chi-Yu|0 fnt\n|faint|p2a: Chi-Yu\n|\n|-weather|none\n|upkeep\n|\n|t:|1773701563\n|switch|p2b: Brute Bonnet|Brute Bonnet, L50, shiny|100/100\n|switch|p2a: Flutter Mane|Flutter Mane, L50, shiny|100/100\n|switch|p1a: Cresselia|Cresselia, L50, F|100/100\n|turn|6\n|\n|t:|1773701576\n|-terastallize|p1a: Cresselia|Dark\n|move|p2a: Flutter Mane|Shadow Ball|p1a: Cresselia\n|-resisted|p1a: Cresselia\n|-damage|p1a: Cresselia|87/100\n|move|p1b: Kyogre|Origin Pulse|p2b: Brute Bonnet|[spread] p2a,p2b\n|-resisted|p2b: Brute Bonnet\n|-damage|p2a: Flutter Mane|81/100\n|-damage|p2b: Brute Bonnet|94/100\n|move|p2b: Brute Bonnet|Spore|p1b: Kyogre\n|-status|p1b: Kyogre|slp|[from] move: Spore\n|move|p1a: Cresselia|Trick Room|p1a: Cresselia\n|-fieldstart|move: Trick Room|[of] p1a: Cresselia\n|\n|upkeep\n|turn|7\n|\n|t:|1773701608\n|switch|p1a: Ursaluna|Ursaluna, L50, M|100/100\n|move|p2b: Brute Bonnet|Spore|p1b: Kyogre\n|-fail|p1b: Kyogre|slp\n|cant|p1b: Kyogre|slp\n|move|p2a: Flutter Mane|Moonblast|p1a: Ursaluna\n|-damage|p1a: Ursaluna|57/100\n|\n|-status|p1a: Ursaluna|brn|[from] item: Flame Orb\n|upkeep\n|turn|8\n|\n|t:|1773701624\n|switch|p1b: Cresselia|Cresselia, L50, F, tera:Dark|87/100\n|move|p1a: Ursaluna|Protect|p1a: Ursaluna\n|-singleturn|p1a: Ursaluna|Protect\n|move|p2a: Flutter Mane|Protect|p2a: Flutter Mane\n|-singleturn|p2a: Flutter Mane|Protect\n|move|p2b: Brute Bonnet|Seed Bomb|p1a: Ursaluna\n|-activate|p1a: Ursaluna|move: Protect\n|\n|-damage|p1a: Ursaluna|51/100 brn|[from] brn\n|upkeep\n|turn|9\n|\n|t:|1773701634\n|move|p2a: Flutter Mane|Protect||[still]\n|-fail|p2a: Flutter Mane\n|move|p1a: Ursaluna|Facade|p2b: Brute Bonnet\n|-damage|p2b: Brute Bonnet|22/100\n|move|p2b: Brute Bonnet|Seed Bomb|p1a: Ursaluna\n|-supereffective|p1a: Ursaluna\n|-damage|p1a: Ursaluna|2/100 brn\n|move|p1b: Cresselia|Lunar Blessing|p1b: Cresselia|[spread] p1a,p1b\n|-heal|p1a: Ursaluna|27/100 brn\n|-curestatus|p1a: Ursaluna|brn|[msg]\n|-heal|p1b: Cresselia|100/100\n|\n|-status|p1a: Ursaluna|brn|[from] item: Flame Orb\n|upkeep\n|turn|10\n|\n|t:|1773701697\n|move|p2b: Brute Bonnet|Rage Powder|p2b: Brute Bonnet\n|-singleturn|p2b: Brute Bonnet|move: Rage Powder\n|move|p1a: Ursaluna|Substitute|p1a: Ursaluna\n|-start|p1a: Ursaluna|Substitute\n|-damage|p1a: Ursaluna|2/100 brn\n|move|p1b: Cresselia|Lunar Blessing||[still]|[still]|[spread] p1a,p1b\n|-fail|p1b: Cresselia\n|-fail|p1b: Cresselia\n|move|p2a: Flutter Mane|Moonblast|p1a: Ursaluna\n|-end|p1a: Ursaluna|Substitute\n|\n|-damage|p1a: Ursaluna|0 fnt|[from] brn\n|faint|p1a: Ursaluna\n|-fieldend|move: Trick Room\n|upkeep\n|\n|t:|1773701712\n|switch|p1a: Kyogre|Kyogre, L50|26/100 slp\n|-weather|RainDance|[from] ability: Drizzle|[of] p1a: Kyogre\n|turn|11\n|\n|t:|1773701734\n|move|p2a: Flutter Mane|Moonblast|p1a: Kyogre\n|-damage|p1a: Kyogre|0 fnt\n|faint|p1a: Kyogre\n|move|p1b: Cresselia|Dazzling Gleam|p2b: Brute Bonnet|[spread] p2a,p2b\n|-supereffective|p2b: Brute Bonnet\n|-damage|p2a: Flutter Mane|70/100\n|-damage|p2b: Brute Bonnet|3/100\n|move|p2b: Brute Bonnet|Seed Bomb|p1b: Cresselia\n|-damage|p1b: Cresselia|80/100\n|\n|-weather|RainDance|[upkeep]\n|upkeep\n|turn|12\n|\n|t:|1773701746\n|move|p2b: Brute Bonnet|Sucker Punch|p1b: Cresselia\n|-resisted|p1b: Cresselia\n|-damage|p1b: Cresselia|71/100\n|move|p2a: Flutter Mane|Moonblast|p1b: Cresselia\n|-supereffective|p1b: Cresselia\n|-damage|p1b: Cresselia|15/100\n|move|p1b: Cresselia|Dazzling Gleam|p2a: Flutter Mane|[spread] p2a,p2b\n|-supereffective|p2b: Brute Bonnet\n|-damage|p2a: Flutter Mane|58/100\n|-damage|p2b: Brute Bonnet|0 fnt\n|faint|p2b: Brute Bonnet\n|-end|p2b: Brute Bonnet|Protosynthesis|[silent]\n|\n|-weather|RainDance|[upkeep]\n|upkeep\n|turn|13\n|\n|t:|1773701754\n|move|p2a: Flutter Mane|Moonblast|p1b: Cresselia\n|-supereffective|p1b: Cresselia\n|-damage|p1b: Cresselia|0 fnt\n|faint|p1b: Cresselia\n|\n|win|Than man3.14\n||pigs2fly is ready for game 2.\n|inactive|Than man3.14 has 30 seconds to confirm battle start!\n||Than man3.14 is ready for game 2.\n|uhtml|next|Next: <a href=\"/battle-gen9vgc2026regi-2560586363\"><strong>Game 2 of 3</strong></a>\n","uploadtime":1773702366,"views":9,"formatid":"gen9vgc2026regi","rating":null,"private":0,"password":null}