{"id":"gen9vgc2026regi-2557811540","format":"[Gen 9] VGC 2026 Reg I","players":["korean noob","Cello L."],"log":"|j|\u2606korean noob\n|j|\u2606Cello L.\n|t:|1773360658\n|gametype|doubles\n|player|p1|korean noob|101|1465\n|player|p2|Cello L.|cynthia-gen4|1499\n|gen|9\n|tier|[Gen 9] VGC 2026 Reg I\n|rated|\n|rule|Species Clause: Limit one of each Pok\u00e9mon\n|rule|Item Clause: Limit 1 of each item\n|clearpoke\n|poke|p1|Calyrex-Shadow, L50|\n|poke|p1|Smeargle, L50, M|\n|poke|p1|Muk-Alola, L50, M|\n|poke|p1|Flamigo, L50, M|\n|poke|p1|Carbink, L50|\n|poke|p1|Kyogre, L50|\n|poke|p2|Terapagos, L50, M|\n|poke|p2|Calyrex-Shadow, L50|\n|poke|p2|Ogerpon-Cornerstone, L50, F|\n|poke|p2|Amoonguss, L50, M|\n|poke|p2|Rillaboom, L50, F|\n|poke|p2|Incineroar, L50, M|\n|teampreview|4\n|inactive|Battle timer is ON: inactive players will automatically lose when time's up. (requested by korean noob)\n|inactive|Cello L. has 60 seconds left.\n|\n|t:|1773360697\n|teamsize|p1|4\n|teamsize|p2|4\n|start\n|switch|p1a: Calyrex|Calyrex-Shadow, L50|100/100\n|switch|p1b: Smeargle|Smeargle, L50, M, shiny|100/100\n|switch|p2a: Terapagos|Terapagos, L50, M|100/100\n|switch|p2b: Amoonguss|Amoonguss, L50, M|100/100\n|-activate|p2a: Terapagos|ability: Tera Shift\n|detailschange|p2a: Terapagos|Terapagos-Terastal, L50, M\n|-heal|p2a: Terapagos|100/100|[silent]\n|-ability|p1a: Calyrex|As One\n|-ability|p1a: Calyrex|Unnerve\n|turn|1\n|inactive|korean noob has 30 seconds left.\n|inactive|Cello L. has 30 seconds left.\n|\n|t:|1773360728\n|move|p1b: Smeargle|Fake Out|p2b: Amoonguss\n|-damage|p2b: Amoonguss|94/100\n|-damage|p1b: Smeargle|84/100|[from] item: Rocky Helmet|[of] p2b: Amoonguss\n|cant|p2b: Amoonguss|flinch\n|move|p2a: Terapagos|Calm Mind|p2a: Terapagos\n|-boost|p2a: Terapagos|spa|1\n|-boost|p2a: Terapagos|spd|1\n|move|p1a: Calyrex|Trick Room|p1a: Calyrex\n|-fieldstart|move: Trick Room|[of] p1a: Calyrex\n|\n|upkeep\n|turn|2\n|\n|t:|1773360750\n|-terastallize|p1a: Calyrex|Grass\n|move|p2b: Amoonguss|Spore|p1b: Smeargle\n|-status|p1b: Smeargle|slp|[from] move: Spore\n|move|p1a: Calyrex|Astral Barrage|p2a: Terapagos|[spread] p2b\n|-immune|p2a: Terapagos\n|-crit|p2b: Amoonguss\n|-damage|p2b: Amoonguss|16/100\n|move|p2a: Terapagos|Calm Mind|p2a: Terapagos\n|-boost|p2a: Terapagos|spa|1\n|-boost|p2a: Terapagos|spd|1\n|cant|p1b: Smeargle|slp\n|\n|upkeep\n|turn|3\n|\n|t:|1773360769\n|-terastallize|p2a: Terapagos|Stellar\n|detailschange|p2a: Terapagos|Terapagos-Stellar, L50, M, tera:Stellar\n|-heal|p2a: Terapagos|100/100|[silent]\n|move|p2b: Amoonguss|Pollen Puff|p1a: Calyrex\n|-supereffective|p1a: Calyrex\n|-damage|p1a: Calyrex|68/100\n|move|p1a: Calyrex|Astral Barrage|p2a: Terapagos|[spread] p2b\n|-immune|p2a: Terapagos\n|-damage|p2b: Amoonguss|0 fnt\n|faint|p2b: Amoonguss\n|-ability|p1a: Calyrex|Grim Neigh|boost\n|-boost|p1a: Calyrex|spa|1\n|move|p2a: Terapagos|Tera Starstorm|p1a: Calyrex|[spread] p1a,p1b\n|-supereffective|p1a: Calyrex\n|-damage|p1a: Calyrex|0 fnt\n|-damage|p1b: Smeargle|0 fnt\n|faint|p1a: Calyrex\n|faint|p1b: Smeargle\n|\n|upkeep\n|\n|t:|1773360787\n|switch|p2b: Rillaboom|Rillaboom, L50, F|100/100\n|switch|p1b: Flamigo|Flamigo, L50, M, shiny|100/100\n|switch|p1a: Kyogre|Kyogre, L50, shiny|100/100\n|-weather|RainDance|[from] ability: Drizzle|[of] p1a: Kyogre\n|-fieldstart|move: Grassy Terrain|[from] ability: Grassy Surge|[of] p2b: Rillaboom\n|turn|4\n|\n|t:|1773360800\n|move|p1b: Flamigo|Quick Guard|p1b: Flamigo\n|-singleturn|p1b: Flamigo|Quick Guard\n|move|p2b: Rillaboom|Fake Out|p1b: Flamigo\n|-activate|p1b: Flamigo|move: Quick Guard\n|move|p1a: Kyogre|Water Spout|p2b: Rillaboom|[spread] p2a,p2b\n|-resisted|p2b: Rillaboom\n|-damage|p2a: Terapagos|68/100\n|-damage|p2b: Rillaboom|69/100\n|move|p2a: Terapagos|Tera Starstorm|p1a: Kyogre|[spread] p1a,p1b\n|-damage|p1a: Kyogre|54/100\n|-damage|p1b: Flamigo|0 fnt\n|faint|p1b: Flamigo\n|\n|-weather|RainDance|[upkeep]\n|-heal|p1a: Kyogre|60/100|[from] Grassy Terrain\n|-heal|p2b: Rillaboom|74/100|[from] Grassy Terrain\n|-heal|p2a: Terapagos|74/100|[from] Grassy Terrain\n|-heal|p2a: Terapagos|80/100|[from] item: Leftovers\n|upkeep\n|turn|5\n|-message|korean noob forfeited.\n|\n|win|Cello L.\n|raw|korean noob's rating: 1465 &rarr; <strong>1447</strong><br />(-18 for losing)\n|raw|Cello L.'s rating: 1499 &rarr; <strong>1517</strong><br />(+18 for winning)\n|l|\u2606korean noob\n|player|p1|\n","uploadtime":1773360816,"views":17,"formatid":"gen9vgc2026regi","rating":1447,"private":0,"password":null}