{"id":"gen9vgc2026regi-2574567464","format":"[Gen 9] VGC 2026 Reg I","players":["beckybug","WilliamguidiVGC"],"log":"|j|\u2606beckybug\n|j|\u2606WilliamguidiVGC\n|t:|1775251523\n|gametype|doubles\n|player|p1|beckybug|briar|1471\n|player|p2|WilliamguidiVGC|2|1516\n|gen|9\n|tier|[Gen 9] VGC 2026 Reg I\n|rated|\n|rule|Species Clause: Limit one of each Pok\u00e9mon\n|rule|Item Clause: Limit 1 of each item\n|clearpoke\n|poke|p1|Koraidon, L50|\n|poke|p1|Lunala, L50|\n|poke|p1|Indeedee-F, L50, F|\n|poke|p1|Chi-Yu, L50|\n|poke|p1|Flutter Mane, L50|\n|poke|p1|Ogerpon-Cornerstone, L50, F|\n|poke|p2|Calyrex-Shadow, L50|\n|poke|p2|Smeargle, L50, M|\n|poke|p2|Raging Bolt, L50|\n|poke|p2|Rillaboom, L50, M|\n|poke|p2|Tornadus, L50, M|\n|poke|p2|Zamazenta-*, L50|\n|teampreview|4\n|inactive|Battle timer is ON: inactive players will automatically lose when time's up. (requested by WilliamguidiVGC)\n|\n|t:|1775251549\n|teamsize|p1|4\n|teamsize|p2|4\n|start\n|switch|p1a: Lunala|Lunala, L50|100/100\n|switch|p1b: Indeedee|Indeedee-F, L50, F|100/100\n|switch|p2a: Smeargle|Smeargle, L50, M|100/100\n|switch|p2b: Calyrex|Calyrex-Shadow, L50|100/100\n|-ability|p2b: Calyrex|As One\n|-ability|p2b: Calyrex|Unnerve\n|-fieldstart|move: Psychic Terrain|[from] ability: Psychic Surge|[of] p1b: Indeedee\n|turn|1\n|inactive|beckybug has 30 seconds left.\n|\n|t:|1775251576\n|-terastallize|p2b: Calyrex|Dark\n|move|p1a: Lunala|Wide Guard|p1a: Lunala\n|-singleturn|p1a: Lunala|Wide Guard\n|move|p2b: Calyrex|Nasty Plot|p2b: Calyrex\n|-boost|p2b: Calyrex|spa|2\n|move|p2a: Smeargle|Spore|p1b: Indeedee\n|-activate|p1b: Indeedee|item: Safety Goggles|Spore\n|move|p1b: Indeedee|Trick Room|p1b: Indeedee\n|-fieldstart|move: Trick Room|[of] p1b: Indeedee\n|\n|-ability|p2a: Smeargle|Moody|boost\n|-boost|p2a: Smeargle|def|2\n|-unboost|p2a: Smeargle|spa|1\n|upkeep\n|turn|2\n|inactive|WilliamguidiVGC has 30 seconds left.\n|inactive|WilliamguidiVGC has 20 seconds left.\n|\n|t:|1775251613\n|-terastallize|p1a: Lunala|Water\n|move|p2a: Smeargle|Follow Me|p2a: Smeargle\n|-singleturn|p2a: Smeargle|move: Follow Me\n|move|p1b: Indeedee|Psychic|p2a: Smeargle\n|-damage|p2a: Smeargle|11/100\n|move|p1a: Lunala|Meteor Beam||[still]\n|-prepare|p1a: Lunala|Meteor Beam\n|-boost|p1a: Lunala|spa|1\n|-enditem|p1a: Lunala|Power Herb\n|-anim|p1a: Lunala|Meteor Beam|p2a: Smeargle\n|-damage|p2a: Smeargle|0 fnt\n|faint|p2a: Smeargle\n|move|p2b: Calyrex|Astral Barrage|p1a: Lunala|[spread] p1a\n|-immune|p1b: Indeedee\n|-damage|p1a: Lunala|46/100\n|-damage|p2b: Calyrex|91/100|[from] item: Life Orb\n|\n|upkeep\n|\n|t:|1775251633\n|switch|p2a: Raging Bolt|Raging Bolt, L50|100/100\n|-enditem|p2a: Raging Bolt|Booster Energy\n|-activate|p2a: Raging Bolt|ability: Protosynthesis|[fromitem]\n|-start|p2a: Raging Bolt|protosynthesisspa\n|turn|3\n|\n|t:|1775251644\n|move|p2b: Calyrex|Protect|p2b: Calyrex\n|-singleturn|p2b: Calyrex|Protect\n|move|p1b: Indeedee|Follow Me|p1b: Indeedee\n|-singleturn|p1b: Indeedee|move: Follow Me\n|move|p2a: Raging Bolt|Thunderbolt|p1b: Indeedee\n|-damage|p1b: Indeedee|34/100\n|move|p1a: Lunala|Moongeist Beam|p2a: Raging Bolt\n|-damage|p2a: Raging Bolt|36/100\n|\n|upkeep\n|turn|4\n|inactive|WilliamguidiVGC has 30 seconds left.\n|\n|t:|1775251676\n|switch|p2b: Zamazenta|Zamazenta-Crowned, L50|100/100\n|-ability|p2b: Zamazenta|Dauntless Shield|boost\n|-boost|p2b: Zamazenta|def|1\n|move|p1b: Indeedee|Follow Me|p1b: Indeedee\n|-singleturn|p1b: Indeedee|move: Follow Me\n|move|p2a: Raging Bolt|Thunderbolt|p1b: Indeedee\n|-damage|p1b: Indeedee|0 fnt\n|faint|p1b: Indeedee\n|move|p1a: Lunala|Moongeist Beam|p2b: Zamazenta\n|-damage|p2b: Zamazenta|49/100\n|\n|upkeep\n|\n|t:|1775251689\n|switch|p1b: Koraidon|Koraidon, L50|100/100\n|-weather|SunnyDay|[from] ability: Orichalcum Pulse|[of] p1b: Koraidon\n|-activate|p1b: Koraidon|Orichalcum Pulse|[source]\n|turn|5\n|\n|t:|1775251699\n|move|p2a: Raging Bolt|Protect|p2a: Raging Bolt\n|-singleturn|p2a: Raging Bolt|Protect\n|move|p2b: Zamazenta|Protect|p2b: Zamazenta\n|-singleturn|p2b: Zamazenta|Protect\n|move|p1a: Lunala|Moongeist Beam|p2a: Raging Bolt\n|-activate|p2a: Raging Bolt|move: Protect\n|move|p1b: Koraidon|Flame Charge|p2a: Raging Bolt\n|-activate|p2a: Raging Bolt|move: Protect\n|\n|-weather|SunnyDay|[upkeep]\n|-fieldend|move: Trick Room\n|-fieldend|move: Psychic Terrain\n|upkeep\n|turn|6\n|inactive|WilliamguidiVGC has 30 seconds left.\n|\n|t:|1775251729\n|switch|p1a: Chi-Yu|Chi-Yu, L50|100/100\n|-ability|p1a: Chi-Yu|Beads of Ruin\n|move|p2a: Raging Bolt|Thunderclap||[still]\n|-fail|p2a: Raging Bolt\n|move|p1b: Koraidon|Flame Charge|p2b: Zamazenta\n|-supereffective|p2b: Zamazenta\n|-damage|p2b: Zamazenta|14/100\n|-boost|p1b: Koraidon|spe|1\n|-damage|p1b: Koraidon|91/100|[from] item: Life Orb\n|move|p2b: Zamazenta|Body Press|p1b: Koraidon\n|-damage|p1b: Koraidon|29/100\n|\n|-weather|SunnyDay|[upkeep]\n|upkeep\n|turn|7\n|\n|t:|1775251750\n|move|p1b: Koraidon|Protect|p1b: Koraidon\n|-singleturn|p1b: Koraidon|Protect\n|move|p2b: Zamazenta|Protect|p2b: Zamazenta\n|-singleturn|p2b: Zamazenta|Protect\n|move|p2a: Raging Bolt|Thunderclap||[still]\n|-fail|p2a: Raging Bolt\n|move|p1a: Chi-Yu|Dark Pulse|p2b: Zamazenta\n|-activate|p2b: Zamazenta|move: Protect\n|\n|-weather|SunnyDay|[upkeep]\n|upkeep\n|turn|8\n|\n|t:|1775251771\n|move|p1b: Koraidon|Protect||[still]\n|-fail|p1b: Koraidon\n|move|p2b: Zamazenta|Protect||[still]\n|-fail|p2b: Zamazenta\n|move|p2a: Raging Bolt|Thunderclap||[still]\n|-fail|p2a: Raging Bolt\n|move|p1a: Chi-Yu|Dark Pulse|p2b: Zamazenta\n|-resisted|p2b: Zamazenta\n|-damage|p2b: Zamazenta|0 fnt\n|faint|p2b: Zamazenta\n|\n|-weather|SunnyDay|[upkeep]\n|upkeep\n|\n|t:|1775251775\n|switch|p2b: Calyrex|Calyrex-Shadow, L50, tera:Dark|91/100\n|-ability|p2b: Calyrex|As One\n|-ability|p2b: Calyrex|Unnerve\n|turn|9\n|\n|t:|1775251792\n|move|p1b: Koraidon|Protect|p1b: Koraidon\n|-singleturn|p1b: Koraidon|Protect\n|move|p2a: Raging Bolt|Thunderclap||[still]\n|-fail|p2a: Raging Bolt\n|move|p1a: Chi-Yu|Dark Pulse|p2a: Raging Bolt\n|-damage|p2a: Raging Bolt|0 fnt\n|faint|p2a: Raging Bolt\n|-end|p2a: Raging Bolt|Protosynthesis|[silent]\n|move|p2b: Calyrex|Astral Barrage|p1a: Chi-Yu|[spread] p1a\n|-activate|p1b: Koraidon|move: Protect\n|-resisted|p1a: Chi-Yu\n|-damage|p1a: Chi-Yu|58/100\n|-damage|p2b: Calyrex|81/100|[from] item: Life Orb\n|\n|-weather|none\n|upkeep\n|turn|10\n|\n|t:|1775251805\n|move|p1b: Koraidon|Close Combat|p2b: Calyrex\n|-supereffective|p2b: Calyrex\n|-damage|p2b: Calyrex|0 fnt\n|-unboost|p1b: Koraidon|def|1\n|-unboost|p1b: Koraidon|spd|1\n|faint|p2b: Calyrex\n|-damage|p1b: Koraidon|20/100|[from] item: Life Orb\n|\n|win|beckybug\n|raw|beckybug's rating: 1471 &rarr; <strong>1494</strong><br />(+23 for winning)\n|raw|WilliamguidiVGC's rating: 1516 &rarr; <strong>1493</strong><br />(-23 for losing)\n|l|\u2606WilliamguidiVGC\n|player|p2|\n","uploadtime":1775251818,"views":12,"formatid":"gen9vgc2026regi","rating":1493,"private":0,"password":null}