{"id":"gen9vgc2026regi-2568779914","format":"[Gen 9] VGC 2026 Reg I","players":["dankkiwiii","LabubuMechanics"],"log":"|j|\u2606dankkiwiii\n|j|\u2606LabubuMechanics\n|t:|1774622369\n|gametype|doubles\n|player|p1|dankkiwiii|lucas|1129\n|player|p2|LabubuMechanics|266|1052\n|gen|9\n|tier|[Gen 9] VGC 2026 Reg I\n|rated|\n|rule|Species Clause: Limit one of each Pok\u00e9mon\n|rule|Item Clause: Limit 1 of each item\n|clearpoke\n|poke|p1|Mimikyu, L50, F|\n|poke|p1|Indeedee-F, L50, F|\n|poke|p1|Calyrex-Ice, L50|\n|poke|p1|Miraidon, L50|\n|poke|p1|Empoleon, L50, M|\n|poke|p1|Ursaluna, L50, F|\n|poke|p2|Sinistcha, L50|\n|poke|p2|Urshifu-*, L50, M|\n|poke|p2|Terapagos, L50, M|\n|poke|p2|Miraidon, L50|\n|poke|p2|Incineroar, L50, F|\n|poke|p2|Iron Treads, L50|\n|teampreview|4\n|\n|t:|1774622405\n|teamsize|p1|4\n|teamsize|p2|4\n|start\n|switch|p1a: Mimikyu|Mimikyu, L50, F|100/100\n|switch|p1b: Empoleon|Empoleon, L50, M|100/100\n|switch|p2a: Urshifu|Urshifu-Rapid-Strike, L50, M|100/100\n|switch|p2b: Iron Treads|Iron Treads, L50|100/100\n|turn|1\n|\n|t:|1774622450\n|-end|p2b: Iron Treads|Quark Drive|[silent]\n|switch|p2b: Sinistcha|Sinistcha, L50|100/100\n|switch|p1b: Ursaluna|Ursaluna, L50, F|100/100\n|-terastallize|p1a: Mimikyu|Grass\n|move|p2a: Urshifu|Surging Strikes|p1a: Mimikyu\n|-activate|p1a: Mimikyu|ability: Disguise\n|-damage|p1a: Mimikyu|100/100\n|detailschange|p1a: Mimikyu|Mimikyu-Busted, L50, F, tera:Grass\n|-damage|p1a: Mimikyu|88/100|[from] pokemon: Mimikyu-Busted\n|-resisted|p1a: Mimikyu\n|-crit|p1a: Mimikyu\n|-damage|p1a: Mimikyu|77/100\n|-resisted|p1a: Mimikyu\n|-crit|p1a: Mimikyu\n|-damage|p1a: Mimikyu|66/100\n|-hitcount|p1a: Mimikyu|3\n|move|p1a: Mimikyu|Trick Room|p1a: Mimikyu\n|-fieldstart|move: Trick Room|[of] p1a: Mimikyu\n|\n|-status|p1b: Ursaluna|brn|[from] item: Flame Orb\n|upkeep\n|turn|2\n|inactive|Battle timer is ON: inactive players will automatically lose when time's up. (requested by LabubuMechanics)\n|\n|t:|1774622506\n|move|p2b: Sinistcha|Rage Powder|p2b: Sinistcha\n|-singleturn|p2b: Sinistcha|move: Rage Powder\n|move|p1b: Ursaluna|Facade|p2b: Sinistcha\n|-immune|p2b: Sinistcha\n|move|p1a: Mimikyu|Play Rough|p2a: Urshifu\n|-supereffective|p2a: Urshifu\n|-damage|p2a: Urshifu|36/100\n|move|p2a: Urshifu|Surging Strikes|p1b: Ursaluna\n|-supereffective|p1b: Ursaluna\n|-crit|p1b: Ursaluna\n|-damage|p1b: Ursaluna|70/100 brn\n|-supereffective|p1b: Ursaluna\n|-crit|p1b: Ursaluna\n|-damage|p1b: Ursaluna|40/100 brn\n|-supereffective|p1b: Ursaluna\n|-crit|p1b: Ursaluna\n|-damage|p1b: Ursaluna|7/100 brn\n|-hitcount|p1b: Ursaluna|3\n|\n|-damage|p1b: Ursaluna|1/100 brn|[from] brn\n|upkeep\n|turn|3\n|inactive|dankkiwiii has 30 seconds left.\n|\n|t:|1774622531\n|switch|p1b: Empoleon|Empoleon, L50, M|100/100\n|switch|p2b: Incineroar|Incineroar, L50, F|100/100\n|-ability|p2b: Incineroar|Intimidate|boost\n|-unboost|p1a: Mimikyu|atk|1\n|-unboost|p1b: Empoleon|atk|1\n|-ability|p1b: Empoleon|Competitive|boost\n|-boost|p1b: Empoleon|spa|2\n|move|p2a: Urshifu|Detect|p2a: Urshifu\n|-singleturn|p2a: Urshifu|Protect\n|move|p1a: Mimikyu|Play Rough|p2a: Urshifu\n|-activate|p2a: Urshifu|move: Protect\n|\n|upkeep\n|turn|4\n|\n|t:|1774622549\n|switch|p2a: Sinistcha|Sinistcha, L50|100/100\n|move|p1b: Empoleon|Hydro Cannon|p2b: Incineroar\n|-supereffective|p2b: Incineroar\n|-damage|p2b: Incineroar|0 fnt\n|-mustrecharge|p1b: Empoleon\n|faint|p2b: Incineroar\n|move|p1a: Mimikyu|Play Rough|p2a: Sinistcha\n|-damage|p2a: Sinistcha|86/100\n|-enditem|p2a: Sinistcha|Eject Button\n|\n|t:|1774622556\n|switch|p2a: Urshifu|Urshifu-Rapid-Strike, L50, M|36/100\n|\n|upkeep\n|\n|t:|1774622559\n|switch|p2b: Sinistcha|Sinistcha, L50|86/100\n|-heal|p2a: Urshifu|61/100|[from] ability: Hospitality|[of] p2b: Sinistcha\n|turn|5\n|\n|t:|1774622574\n|move|p2a: Urshifu|Detect|p2a: Urshifu\n|-singleturn|p2a: Urshifu|Protect\n|cant|p1b: Empoleon|recharge\n|move|p2b: Sinistcha|Matcha Gotcha|p1b: Empoleon|[spread] p1b\n|-miss|p2b: Sinistcha|p1a: Mimikyu\n|-damage|p1b: Empoleon|82/100\n|-heal|p2b: Sinistcha|97/100|[from] drain|[of] p1b: Empoleon\n|move|p1a: Mimikyu|Play Rough|p2a: Urshifu\n|-activate|p2a: Urshifu|move: Protect\n|\n|-fieldend|move: Trick Room\n|upkeep\n|turn|6\n|\n|t:|1774622594\n|move|p2a: Urshifu|Surging Strikes|p1a: Mimikyu\n|-resisted|p1a: Mimikyu\n|-crit|p1a: Mimikyu\n|-damage|p1a: Mimikyu|55/100\n|-resisted|p1a: Mimikyu\n|-crit|p1a: Mimikyu\n|-damage|p1a: Mimikyu|43/100\n|-resisted|p1a: Mimikyu\n|-crit|p1a: Mimikyu\n|-damage|p1a: Mimikyu|32/100\n|-hitcount|p1a: Mimikyu|3\n|move|p1a: Mimikyu|Play Rough|p2a: Urshifu\n|-supereffective|p2a: Urshifu\n|-damage|p2a: Urshifu|19/100\n|move|p2b: Sinistcha|Matcha Gotcha|p1b: Empoleon|[spread] p1a,p1b\n|-resisted|p1a: Mimikyu\n|-damage|p1a: Mimikyu|19/100\n|-heal|p2b: Sinistcha|100/100|[from] drain|[of] p1a: Mimikyu\n|-damage|p1b: Empoleon|64/100\n|move|p1b: Empoleon|Ice Beam|p2b: Sinistcha\n|-supereffective|p2b: Sinistcha\n|-crit|p2b: Sinistcha\n|-damage|p2b: Sinistcha|0 fnt\n|faint|p2b: Sinistcha\n|\n|upkeep\n|\n|t:|1774622615\n|switch|p2b: Iron Treads|Iron Treads, L50|100/100\n|turn|7\n|\n|t:|1774622626\n|-terastallize|p2b: Iron Treads|Ground\n|move|p2b: Iron Treads|High Horsepower|p1b: Empoleon\n|-supereffective|p1b: Empoleon\n|-damage|p1b: Empoleon|0 fnt\n|faint|p1b: Empoleon\n|-damage|p2b: Iron Treads|91/100|[from] item: Life Orb\n|move|p2a: Urshifu|Surging Strikes|p1a: Mimikyu\n|-resisted|p1a: Mimikyu\n|-crit|p1a: Mimikyu\n|-damage|p1a: Mimikyu|8/100\n|-resisted|p1a: Mimikyu\n|-crit|p1a: Mimikyu\n|-damage|p1a: Mimikyu|0 fnt\n|faint|p1a: Mimikyu\n|-hitcount|p1: Mimikyu|2\n|\n|upkeep\n|\n|t:|1774622631\n|switch|p1a: Calyrex|Calyrex-Ice, L50|100/100\n|switch|p1b: Ursaluna|Ursaluna, L50, F|1/100 brn\n|-ability|p1a: Calyrex|As One\n|-ability|p1a: Calyrex|Unnerve\n|turn|8\n|inactive|LabubuMechanics has 30 seconds left.\n|\n|t:|1774622662\n|move|p2b: Iron Treads|Rock Slide|p1b: Ursaluna|[spread] p1a,p1b\n|-supereffective|p1a: Calyrex\n|-resisted|p1b: Ursaluna\n|-damage|p1a: Calyrex|69/100\n|-damage|p1b: Ursaluna|0 fnt\n|faint|p1b: Ursaluna\n|-damage|p2b: Iron Treads|81/100|[from] item: Life Orb\n|move|p2a: Urshifu|Surging Strikes|p1a: Calyrex\n|-crit|p1a: Calyrex\n|-damage|p1a: Calyrex|56/100\n|-crit|p1a: Calyrex\n|-damage|p1a: Calyrex|42/100\n|-crit|p1a: Calyrex\n|-damage|p1a: Calyrex|28/100\n|-hitcount|p1a: Calyrex|3\n|cant|p1a: Calyrex|flinch\n|\n|upkeep\n|turn|9\n|\n|t:|1774622679\n|move|p2b: Iron Treads|Rock Slide|p1a: Calyrex\n|-supereffective|p1a: Calyrex\n|-damage|p1a: Calyrex|0 fnt\n|faint|p1a: Calyrex\n|-damage|p2b: Iron Treads|71/100|[from] item: Life Orb\n|\n|win|LabubuMechanics\n|raw|dankkiwiii's rating: 1129 &rarr; <strong>1099</strong><br />(-30 for losing)\n|raw|LabubuMechanics's rating: 1052 &rarr; <strong>1091</strong><br />(+39 for winning)\n","uploadtime":1774622686,"views":26,"formatid":"gen9vgc2026regi","rating":1091,"private":0,"password":null}