{"id":"gen9vgc2026regi-2562075081","format":"[Gen 9] VGC 2026 Reg I","players":["Yx3003","Mirthinion"],"log":"|j|\u203dYx3003\n|j|\u2606Mirthinion\n|t:|1773868641\n|gametype|doubles\n|player|p1|Yx3003|bugcatcher-gen4dp|1423\n|player|p2|Mirthinion|janitor|1476\n|gen|9\n|tier|[Gen 9] VGC 2026 Reg I\n|rated|\n|rule|Species Clause: Limit one of each Pok\u00e9mon\n|rule|Item Clause: Limit 1 of each item\n|clearpoke\n|poke|p1|Groudon, L50|\n|poke|p1|Calyrex-Shadow, L50|\n|poke|p1|Walking Wake, L50|\n|poke|p1|Ogerpon-Hearthflame, L50, F|\n|poke|p1|Chi-Yu, L50|\n|poke|p1|Indeedee-F, L50, F|\n|poke|p2|Calyrex-Shadow, L50|\n|poke|p2|Zamazenta-*, L50|\n|poke|p2|Urshifu-*, L50, M|\n|poke|p2|Incineroar, L50, M|\n|poke|p2|Rillaboom, L50, M|\n|poke|p2|Tornadus, L50, M|\n|teampreview|4\n|inactive|Battle timer is ON: inactive players will automatically lose when time's up. (requested by Mirthinion)\n|inactive|Yx3003 also wants the timer to be on.\nMirthinion rejected open team sheets.\n|inactive|Yx3003 has 60 seconds left.\n|inactive|Mirthinion has 60 seconds left.\n|\n|t:|1773868688\n|teamsize|p1|4\n|teamsize|p2|4\n|start\n|switch|p1a: Calyrex|Calyrex-Shadow, L50|100/100\n|switch|p1b: Chi-Yu|Chi-Yu, L50|100/100\n|switch|p2a: Vangwe|Tornadus, L50, M|100/100\n|switch|p2b: Beowulf|Urshifu-Rapid-Strike, L50, M|100/100\n|-ability|p1a: Calyrex|As One\n|-ability|p1a: Calyrex|Unnerve\n|-ability|p1b: Chi-Yu|Beads of Ruin\n|turn|1\n|j| Mooose\n|inactive|Mirthinion has 30 seconds left.\n|\n|t:|1773868722\n|switch|p1a: Walking Wake|Walking Wake, L50|100/100\n|move|p2b: Beowulf|Aqua Jet|p1b: Chi-Yu\n|-supereffective|p1b: Chi-Yu\n|-damage|p1b: Chi-Yu|2/100\n|move|p2a: Vangwe|Rain Dance|p2a: Vangwe\n|-weather|RainDance\n|move|p1b: Chi-Yu|Dark Pulse|p2a: Vangwe\n|-damage|p2a: Vangwe|38/100\n|\n|-weather|RainDance|[upkeep]\n|upkeep\n|turn|2\n|l| Mooose\n|inactive|Yx3003 has 30 seconds left.\n|\n|t:|1773868752\n|switch|p1b: Groudon|Groudon, L50|100/100\n|-weather|SunnyDay|[from] ability: Drought|[of] p1b: Groudon\n|-activate|p1a: Walking Wake|ability: Protosynthesis\n|-start|p1a: Walking Wake|protosynthesisspe\n|switch|p2b: Drambor|Zamazenta-Crowned, L50|100/100\n|-ability|p2b: Drambor|Dauntless Shield|boost\n|-boost|p2b: Drambor|def|1\n|move|p2a: Vangwe|Tailwind|p2a: Vangwe\n|-sidestart|p2: Mirthinion|move: Tailwind\n|move|p1a: Walking Wake|Hydro Steam|p2a: Vangwe\n|-damage|p2a: Vangwe|0 fnt\n|faint|p2a: Vangwe\n|-damage|p1a: Walking Wake|91/100|[from] item: Life Orb\n|\n|-weather|SunnyDay|[upkeep]\n|upkeep\n|\n|t:|1773868769\n|switch|p2a: Mithrandir|Calyrex-Shadow, L50|100/100\n|-ability|p2a: Mithrandir|As One\n|-ability|p2a: Mithrandir|Unnerve\n|turn|3\n|\n|t:|1773868792\n|move|p1a: Walking Wake|Protect|p1a: Walking Wake\n|-singleturn|p1a: Walking Wake|Protect\n|move|p2a: Mithrandir|Astral Barrage|p1b: Groudon|[spread] p1b\n|-activate|p1a: Walking Wake|move: Protect\n|-damage|p1b: Groudon|70/100\n|move|p2b: Drambor|Body Press|p1b: Groudon\n|-damage|p1b: Groudon|24/100\n|move|p1b: Groudon|Shadow Claw|p2a: Mithrandir\n|-supereffective|p2a: Mithrandir\n|-enditem|p2a: Mithrandir|Focus Sash\n|-damage|p2a: Mithrandir|1/100\n|\n|-weather|SunnyDay|[upkeep]\n|upkeep\n|turn|4\n|\n|t:|1773868816\n|move|p2a: Mithrandir|Astral Barrage|p1b: Groudon|[spread] p1a,p1b\n|-damage|p1a: Walking Wake|40/100\n|-damage|p1b: Groudon|0 fnt\n|faint|p1b: Groudon\n|-ability|p2a: Mithrandir|Grim Neigh|boost\n|-boost|p2a: Mithrandir|spa|1\n|move|p2b: Drambor|Body Press|p1a: Walking Wake\n|-damage|p1a: Walking Wake|0 fnt\n|faint|p1a: Walking Wake\n|-end|p1a: Walking Wake|Protosynthesis|[silent]\n|\n|-weather|SunnyDay|[upkeep]\n|upkeep\n|\n|t:|1773868819\n|switch|p1a: Calyrex|Calyrex-Shadow, L50|100/100\n|switch|p1b: Chi-Yu|Chi-Yu, L50|2/100\n|-ability|p1a: Calyrex|As One\n|-ability|p1a: Calyrex|Unnerve\n|-ability|p1b: Chi-Yu|Beads of Ruin\n|turn|5\n|inactive|Mirthinion has 30 seconds left.\n|\n|t:|1773868846\n|-terastallize|p1a: Calyrex|Normal\n|move|p2a: Mithrandir|Astral Barrage|p1a: Calyrex|[spread] p1b\n|-immune|p1a: Calyrex\n|-resisted|p1b: Chi-Yu\n|-damage|p1b: Chi-Yu|0 fnt\n|faint|p1b: Chi-Yu\n|-ability|p2a: Mithrandir|Grim Neigh|boost\n|-boost|p2a: Mithrandir|spa|1\n|move|p2b: Drambor|Behemoth Bash|p1a: Calyrex\n|-damage|p1a: Calyrex|52/100\n|move|p1a: Calyrex|Astral Barrage|p2a: Mithrandir|[spread] p2a,p2b\n|-supereffective|p2a: Mithrandir\n|-damage|p2a: Mithrandir|0 fnt\n|-damage|p2b: Drambor|56/100\n|faint|p2a: Mithrandir\n|-ability|p1a: Calyrex|Grim Neigh|boost\n|-boost|p1a: Calyrex|spa|1\n|\n|-weather|SunnyDay|[upkeep]\n|-sideend|p2: Mirthinion|move: Tailwind\n|upkeep\n|\n|t:|1773868864\n|switch|p2a: Beowulf|Urshifu-Rapid-Strike, L50, M|100/100\n|turn|6\n|inactive|Mirthinion has 30 seconds left.\n|\n|t:|1773868897\n|-terastallize|p2b: Drambor|Grass\n|move|p2b: Drambor|Wide Guard|p2b: Drambor\n|-singleturn|p2b: Drambor|Wide Guard\n|move|p2a: Beowulf|Aqua Jet|p1a: Calyrex\n|-damage|p1a: Calyrex|32/100\n|move|p1a: Calyrex|Expanding Force|p2a: Beowulf\n|-supereffective|p2a: Beowulf\n|-damage|p2a: Beowulf|0 fnt\n|faint|p2a: Beowulf\n|-ability|p1a: Calyrex|Grim Neigh|boost\n|-boost|p1a: Calyrex|spa|1\n|\n|-weather|none\n|upkeep\n|turn|7\n|\n|t:|1773868909\n|move|p1a: Calyrex|Astral Barrage|p2b: Drambor\n|-damage|p2b: Drambor|0 fnt\n|faint|p2b: Drambor\n|\n|win|Yx3003\n|raw|Yx3003's rating: 1423 &rarr; <strong>1446</strong><br />(+23 for winning)\n|raw|Mirthinion's rating: 1476 &rarr; <strong>1453</strong><br />(-23 for losing)\n|c|\u2606Mirthinion|gg\n","uploadtime":1773868919,"views":80,"formatid":"gen9vgc2026regi","rating":1446,"private":0,"password":null}