{"id":"gen9vgc2026regi-2582609472","format":"[Gen 9] VGC 2026 Reg I","players":["Sunny_zong3","njr25"],"log":"|j|\u2606Sunny_zong3\n|j|\u2606njr25\n|t:|1776102431\n|gametype|doubles\n|player|p1|Sunny_zong3|bugsy|1437\n|player|p2|njr25|fisherman-gen4|1537\n|gen|9\n|tier|[Gen 9] VGC 2026 Reg I\n|rated|\n|rule|Species Clause: Limit one of each Pok\u00e9mon\n|rule|Item Clause: Limit 1 of each item\n|clearpoke\n|poke|p1|Muk-Alola, L50, F|\n|poke|p1|Flamigo, L50, M|\n|poke|p1|Miraidon, L50|\n|poke|p1|Calyrex-Shadow, L50|\n|poke|p1|Indeedee, L50, M|\n|poke|p1|Smeargle, L50, M|\n|poke|p2|Kyogre, L50|\n|poke|p2|Tornadus, L50, M|\n|poke|p2|Zacian-*, L50|\n|poke|p2|Chi-Yu, L50|\n|poke|p2|Indeedee-F, L50, F|\n|poke|p2|Chesnaught, L50, M|\n|teampreview|4\n|inactive|Battle timer is ON: inactive players will automatically lose when time's up. (requested by Sunny_zong3)\nnjr25 rejected open team sheets.\n|\n|t:|1776102442\n|teamsize|p1|4\n|teamsize|p2|4\n|start\n|switch|p1a: Smeargle|Smeargle, L50, M|100/100\n|switch|p1b: Miraidon|Miraidon, L50|100/100\n|switch|p2a: Fish|Kyogre, L50|100/100\n|switch|p2b: WOOSH|Tornadus, L50, M|100/100\n|-fieldstart|move: Electric Terrain|[from] ability: Hadron Engine|[of] p1b: Miraidon\n|-weather|RainDance|[from] ability: Drizzle|[of] p2a: Fish\n|turn|1\n|\n|t:|1776102459\n|-terastallize|p2a: Fish|Ground\n|move|p1a: Smeargle|Wide Guard|p1a: Smeargle\n|-singleturn|p1a: Smeargle|Wide Guard\n|move|p1b: Miraidon|Electro Drift|p2b: WOOSH\n|-supereffective|p2b: WOOSH\n|-enditem|p2b: WOOSH|Focus Sash\n|-damage|p2b: WOOSH|1/100\n|-damage|p1b: Miraidon|91/100|[from] item: Life Orb\n|move|p2a: Fish|Ice Beam|p1b: Miraidon\n|-supereffective|p1b: Miraidon\n|-damage|p1b: Miraidon|32/100\n|move|p2b: WOOSH|Bleakwind Storm|p1a: Smeargle|[spread] \n|-activate|p1a: Smeargle|move: Wide Guard\n|-activate|p1b: Miraidon|move: Wide Guard\n|\n|-weather|RainDance|[upkeep]\n|-ability|p1a: Smeargle|Moody|boost\n|-boost|p1a: Smeargle|spd|2\n|-unboost|p1a: Smeargle|spa|1\n|upkeep\n|turn|2\n|\n|t:|1776102491\n|move|p1a: Smeargle|Follow Me|p1a: Smeargle\n|-singleturn|p1a: Smeargle|move: Follow Me\n|move|p2b: WOOSH|Taunt|p1a: Smeargle\n|-start|p1a: Smeargle|move: Taunt\n|move|p1b: Miraidon|Snarl|p2b: WOOSH|[spread] p2a,p2b\n|-damage|p2a: Fish|83/100\n|-damage|p2b: WOOSH|0 fnt\n|faint|p2b: WOOSH\n|-damage|p1b: Miraidon|23/100|[from] item: Life Orb\n|move|p2a: Fish|Ice Beam|p1a: Smeargle\n|-damage|p1a: Smeargle|59/100\n|\n|-weather|RainDance|[upkeep]\n|-ability|p1a: Smeargle|Moody|boost\n|-boost|p1a: Smeargle|spa|2\n|-unboost|p1a: Smeargle|atk|1\n|upkeep\n|\n|t:|1776102505\n|switch|p2b: BIG swrod|Zacian-Crowned, L50|100/100\n|-ability|p2b: BIG swrod|Intrepid Sword|boost\n|-boost|p2b: BIG swrod|atk|1\n|turn|3\n|\n|t:|1776102513\n|switch|p1b: Muk|Muk-Alola, L50, F|100/100\n|move|p2b: BIG swrod|Protect|p2b: BIG swrod\n|-singleturn|p2b: BIG swrod|Protect\n|move|p2a: Fish|Water Spout|p1a: Smeargle|[spread] p1a,p1b\n|-damage|p1a: Smeargle|0 fnt\n|-damage|p1b: Muk|45/100\n|faint|p1a: Smeargle\n|-ability|p1b: Muk|Moody|Power of Alchemy|[from] ability: Power of Alchemy|[of] p1a: Smeargle\n|\n|-weather|RainDance|[upkeep]\n|-heal|p1b: Muk|51/100|[from] item: Leftovers\n|-ability|p1b: Muk|Moody|boost\n|-boost|p1b: Muk|atk|2\n|-unboost|p1b: Muk|spe|1\n|upkeep\n|\n|t:|1776102518\n|switch|p1a: Miraidon|Miraidon, L50|23/100\n|-activate|p1a: Miraidon|ability: Hadron Engine\n|turn|4\n|\n|t:|1776102533\n|move|p1b: Muk|Protect|p1b: Muk\n|-singleturn|p1b: Muk|Protect\n|move|p2b: BIG swrod|Play Rough|p1a: Miraidon\n|-supereffective|p1a: Miraidon\n|-damage|p1a: Miraidon|0 fnt\n|faint|p1a: Miraidon\n|move|p2a: Fish|Thunder|p1b: Muk\n|-activate|p1b: Muk|move: Protect\n|\n|-weather|RainDance|[upkeep]\n|-heal|p1b: Muk|57/100|[from] item: Leftovers\n|-ability|p1b: Muk|Moody|boost\n|-boost|p1b: Muk|atk|2\n|-unboost|p1b: Muk|spd|1\n|upkeep\n|\n|t:|1776102536\n|switch|p1a: Flamigo|Flamigo, L50, M|100/100\n|-copyboost|p1a: Flamigo|p1b: Muk|[from] ability: Costar\n|-enditem|p1a: Flamigo|White Herb\n|-clearnegativeboost|p1a: Flamigo|[silent]\n|turn|5\n|\n|t:|1776102554\n|-terastallize|p1a: Flamigo|Flying\n|move|p2b: BIG swrod|Play Rough|p1a: Flamigo\n|-damage|p1a: Flamigo|0 fnt\n|faint|p1a: Flamigo\n|move|p2a: Fish|Thunder|p1b: Muk\n|-damage|p1b: Muk|0 fnt\n|faint|p1b: Muk\n|\n|win|njr25\n|raw|Sunny_zong3's rating: 1437 &rarr; <strong>1423</strong><br />(-14 for losing)\n|raw|njr25's rating: 1537 &rarr; <strong>1551</strong><br />(+14 for winning)\n|l|\u2606Sunny_zong3\n|player|p1|\n|l|\u2606njr25\n|player|p2|\n","uploadtime":1776102765,"views":9,"formatid":"gen9vgc2026regi","rating":1423,"private":0,"password":null}