{"id":"gen9vgc2026regi-2571018018","format":"[Gen 9] VGC 2026 Reg I","players":["mcslugs","JakeNBake3D"],"log":"|j|\u2606mcslugs\n|j|\u2606JakeNBake3D\n|t:|1774879614\n|gametype|doubles\n|player|p1|mcslugs|clair|1182\n|player|p2|JakeNBake3D|102|1261\n|gen|9\n|tier|[Gen 9] VGC 2026 Reg I\n|rated|\n|rule|Species Clause: Limit one of each Pok\u00e9mon\n|rule|Item Clause: Limit 1 of each item\n|clearpoke\n|poke|p1|Koraidon, L50|\n|poke|p1|Ho-Oh, L50|\n|poke|p1|Raging Bolt, L50|\n|poke|p1|Flutter Mane, L50|\n|poke|p1|Iron Treads, L50|\n|poke|p1|Incineroar, L50, F|\n|poke|p2|Calyrex-Ice, L50|\n|poke|p2|Miraidon, L50|\n|poke|p2|Amoonguss, L50, M|\n|poke|p2|Incineroar, L50, F|\n|poke|p2|Farigiraf, L50, F|\n|poke|p2|Iron Hands, L50|\n|teampreview|4\n|inactive|Battle timer is ON: inactive players will automatically lose when time's up. (requested by mcslugs)\nmcslugs rejected open team sheets.\n|inactive|JakeNBake3D has 60 seconds left.\n|\n|t:|1774879680\n|teamsize|p1|4\n|teamsize|p2|4\n|start\n|switch|p1a: Flutter Mane|Flutter Mane, L50|100/100\n|switch|p1b: Incineroar|Incineroar, L50, F|100/100\n|switch|p2a: Incineroar|Incineroar, L50, F|100/100\n|switch|p2b: Farigiraf|Farigiraf, L50, F|100/100\n|-ability|p2a: Incineroar|Intimidate|boost\n|-unboost|p1a: Flutter Mane|atk|1\n|-unboost|p1b: Incineroar|atk|1\n|-ability|p1b: Incineroar|Intimidate|boost\n|-unboost|p2a: Incineroar|atk|1\n|-unboost|p2b: Farigiraf|atk|1\n|turn|1\n|inactive|mcslugs has 30 seconds left.\n|\n|t:|1774879715\n|switch|p1b: Koraidon|Koraidon, L50|100/100\n|-weather|SunnyDay|[from] ability: Orichalcum Pulse|[of] p1b: Koraidon\n|-activate|p1a: Flutter Mane|ability: Protosynthesis\n|-start|p1a: Flutter Mane|protosynthesisspe\n|-activate|p1b: Koraidon|Orichalcum Pulse|[source]\n|move|p2a: Incineroar|Fake Out|p1b: Koraidon\n|-damage|p1b: Koraidon|95/100\n|move|p1a: Flutter Mane|Moonblast|p2b: Farigiraf\n|-damage|p2b: Farigiraf|63/100\n|-unboost|p2b: Farigiraf|spa|1\n|move|p2b: Farigiraf|Trick Room|p2b: Farigiraf\n|-fieldstart|move: Trick Room|[of] p2b: Farigiraf\n|\n|-weather|SunnyDay|[upkeep]\n|upkeep\n|turn|2\n|inactive|mcslugs has 30 seconds left.\n|inactive|JakeNBake3D has 30 seconds left.\n|inactive|mcslugs has 20 seconds left.\n|inactive|JakeNBake3D has 20 seconds left.\n|inactive|mcslugs has 15 seconds left.\n|inactive|mcslugs has 10 seconds left.\n|\n|t:|1774879765\n|move|p1a: Flutter Mane|Protect|p1a: Flutter Mane\n|-singleturn|p1a: Flutter Mane|Protect\n|move|p2b: Farigiraf|Foul Play|p1a: Flutter Mane\n|-activate|p1a: Flutter Mane|move: Protect\n|move|p2a: Incineroar|Knock Off|p1b: Koraidon\n|-resisted|p1b: Koraidon\n|-damage|p1b: Koraidon|84/100\n|-enditem|p1b: Koraidon|Loaded Dice|[from] move: Knock Off|[of] p2a: Incineroar\n|move|p1b: Koraidon|Collision Course|p2a: Incineroar\n|-supereffective|p2a: Incineroar\n|-damage|p2a: Incineroar|0 fnt\n|faint|p2a: Incineroar\n|\n|-weather|SunnyDay|[upkeep]\n|upkeep\n|\n|t:|1774879782\n|switch|p2a: Calyrex|Calyrex-Ice, L50|100/100\n|-ability|p2a: Calyrex|As One\n|-ability|p2a: Calyrex|Unnerve\n|turn|3\n|inactive|JakeNBake3D has 30 seconds left.\n|\n|t:|1774879812\n|-end|p1a: Flutter Mane|Protosynthesis|[silent]\n|switch|p1a: Incineroar|Incineroar, L50, F|100/100\n|-ability|p1a: Incineroar|Intimidate|boost\n|-unboost|p2a: Calyrex|atk|1\n|-unboost|p2b: Farigiraf|atk|1\n|-terastallize|p2a: Calyrex|Fire\n|-terastallize|p1b: Koraidon|Fire\n|move|p2a: Calyrex|Glacial Lance|p1a: Incineroar|[spread] p1a,p1b\n|-resisted|p1a: Incineroar\n|-resisted|p1b: Koraidon\n|-damage|p1a: Incineroar|87/100\n|-damage|p1b: Koraidon|70/100\n|move|p2b: Farigiraf|Foul Play|p1a: Incineroar\n|-resisted|p1a: Incineroar\n|-damage|p1a: Incineroar|78/100\n|-damage|p2b: Farigiraf|47/100|[from] item: Rocky Helmet|[of] p1a: Incineroar\n|move|p1b: Koraidon|Flare Blitz|p2a: Calyrex\n|-resisted|p2a: Calyrex\n|-damage|p2a: Calyrex|61/100\n|-damage|p1b: Koraidon|56/100|[from] Recoil\n|\n|-weather|SunnyDay|[upkeep]\n|-heal|p2a: Calyrex|67/100|[from] item: Leftovers\n|upkeep\n|turn|4\n|inactive|JakeNBake3D has 30 seconds left.\n|inactive|JakeNBake3D has 20 seconds left.\n|inactive|JakeNBake3D has 15 seconds left.\n|inactive|JakeNBake3D has 10 seconds left.\n|\n|t:|1774879858\n|switch|p2b: Amoonguss|Amoonguss, L50, M|100/100\n|move|p2a: Calyrex|Leech Seed|p1b: Koraidon\n|-start|p1b: Koraidon|move: Leech Seed\n|move|p1a: Incineroar|Knock Off|p2b: Amoonguss\n|-damage|p2b: Amoonguss|66/100\n|-damage|p1a: Incineroar|61/100|[from] item: Rocky Helmet|[of] p2b: Amoonguss\n|-enditem|p2b: Amoonguss|Rocky Helmet|[from] move: Knock Off|[of] p1a: Incineroar\n|move|p1b: Koraidon|Scale Shot|p2a: Calyrex\n|-damage|p2a: Calyrex|55/100\n|-damage|p2a: Calyrex|42/100\n|-hitcount|p2a: Calyrex|2\n|-unboost|p1b: Koraidon|def|1\n|-boost|p1b: Koraidon|spe|1\n|\n|-weather|SunnyDay|[upkeep]\n|-heal|p2a: Calyrex|47/100|[from] item: Leftovers\n|-damage|p1b: Koraidon|44/100|[from] Leech Seed|[of] p2a: Calyrex\n|-heal|p2a: Calyrex|59/100|[silent]\n|upkeep\n|turn|5\n|inactive|mcslugs has 30 seconds left.\n|inactive|JakeNBake3D has 30 seconds left.\n|inactive|mcslugs has 20 seconds left.\n|inactive|JakeNBake3D has 20 seconds left.\n|inactive|mcslugs has 15 seconds left.\n|inactive|JakeNBake3D has 15 seconds left.\n|\n|t:|1774879903\n|move|p1b: Koraidon|Protect|p1b: Koraidon\n|-singleturn|p1b: Koraidon|Protect\n|move|p2b: Amoonguss|Spore|p1b: Koraidon\n|-activate|p1b: Koraidon|move: Protect\n|move|p2a: Calyrex|Glacial Lance|p1b: Koraidon|[spread] p1a\n|-activate|p1b: Koraidon|move: Protect\n|-resisted|p1a: Incineroar\n|-damage|p1a: Incineroar|49/100\n|move|p1a: Incineroar|Parting Shot|p2a: Calyrex\n|-unboost|p2a: Calyrex|atk|1\n|-unboost|p2a: Calyrex|spa|1\n|inactive|mcslugs has 30 seconds left.\n|\n|t:|1774879934\n|switch|p1a: Iron Treads|Iron Treads, L50|100/100|[from] Parting Shot\n|\n|-weather|none\n|-heal|p2a: Calyrex|65/100|[from] item: Leftovers\n|-damage|p1b: Koraidon|32/100|[from] Leech Seed|[of] p2a: Calyrex\n|-heal|p2a: Calyrex|76/100|[silent]\n|-fieldend|move: Trick Room\n|upkeep\n|turn|6\n|inactive|JakeNBake3D has 30 seconds left.\n|\n|t:|1774879961\n|move|p2a: Calyrex|Protect|p2a: Calyrex\n|-singleturn|p2a: Calyrex|Protect\n|move|p1b: Koraidon|Flare Blitz|p2b: Amoonguss\n|-supereffective|p2b: Amoonguss\n|-damage|p2b: Amoonguss|0 fnt\n|faint|p2b: Amoonguss\n|-damage|p1b: Koraidon|8/100|[from] Recoil\n|move|p1a: Iron Treads|High Horsepower|p2a: Calyrex\n|-activate|p2a: Calyrex|move: Protect\n|\n|-heal|p2a: Calyrex|82/100|[from] item: Leftovers\n|-damage|p1b: Koraidon|0 fnt|[from] Leech Seed|[of] p2a: Calyrex\n|-heal|p2a: Calyrex|89/100|[silent]\n|faint|p1b: Koraidon\n|upkeep\n|\n|t:|1774879977\n|switch|p1b: Incineroar|Incineroar, L50, F|49/100\n|switch|p2b: Farigiraf|Farigiraf, L50, F|47/100\n|-ability|p1b: Incineroar|Intimidate|boost\n|-unboost|p2a: Calyrex|atk|1\n|-unboost|p2b: Farigiraf|atk|1\n|turn|7\n|\n|t:|1774880001\n|move|p1a: Iron Treads|High Horsepower|p2a: Calyrex\n|-supereffective|p2a: Calyrex\n|-damage|p2a: Calyrex|24/100\n|-damage|p1a: Iron Treads|91/100|[from] item: Life Orb\n|move|p1b: Incineroar|Knock Off|p2b: Farigiraf\n|-supereffective|p2b: Farigiraf\n|-damage|p2b: Farigiraf|0 fnt\n|-enditem|p2b: Farigiraf|Electric Seed|[from] move: Knock Off|[of] p1b: Incineroar\n|faint|p2b: Farigiraf\n|move|p2a: Calyrex|Leech Seed|p1a: Iron Treads\n|-start|p1a: Iron Treads|move: Leech Seed\n|\n|-heal|p2a: Calyrex|29/100|[from] item: Leftovers\n|-damage|p1a: Iron Treads|79/100|[from] Leech Seed|[of] p2a: Calyrex\n|-heal|p2a: Calyrex|39/100|[silent]\n|upkeep\n|turn|8\n|\n|t:|1774880020\n|move|p2a: Calyrex|Protect|p2a: Calyrex\n|-singleturn|p2a: Calyrex|Protect\n|move|p1a: Iron Treads|High Horsepower|p2a: Calyrex\n|-activate|p2a: Calyrex|move: Protect\n|move|p1b: Incineroar|Parting Shot|p2a: Calyrex\n|-activate|p2a: Calyrex|move: Protect\n|\n|-heal|p2a: Calyrex|45/100|[from] item: Leftovers\n|-damage|p1a: Iron Treads|67/100|[from] Leech Seed|[of] p2a: Calyrex\n|-heal|p2a: Calyrex|55/100|[silent]\n|upkeep\n|turn|9\n|\n|t:|1774880036\n|move|p1a: Iron Treads|High Horsepower|p2a: Calyrex\n|-supereffective|p2a: Calyrex\n|-damage|p2a: Calyrex|0 fnt\n|faint|p2a: Calyrex\n|-damage|p1a: Iron Treads|57/100|[from] item: Life Orb\n|\n|win|mcslugs\n|raw|mcslugs's rating: 1182 &rarr; <strong>1213</strong><br />(+31 for winning)\n|raw|JakeNBake3D's rating: 1261 &rarr; <strong>1230</strong><br />(-31 for losing)\n","uploadtime":1774880043,"views":11,"formatid":"gen9vgc2026regi","rating":1213,"private":0,"password":null}