{"id":"gen9vgc2026regi-2534118455","format":"[Gen 9] VGC 2026 Reg I","players":["Darknight918","yamato-tak"],"log":"|j|\u2606Darknight918\n|j|\u2606yamato-tak\n|t:|1770389454\n|gametype|doubles\n|player|p1|Darknight918|will|1428\n|player|p2|yamato-tak|101|1566\n|gen|9\n|tier|[Gen 9] VGC 2026 Reg I\n|rated|\n|rule|Species Clause: Limit one of each Pok\u00e9mon\n|rule|Item Clause: Limit 1 of each item\n|clearpoke\n|poke|p1|Miraidon, L50|\n|poke|p1|Calyrex-Ice, L50|\n|poke|p1|Incineroar, L50, F|\n|poke|p1|Landorus, L50, M|\n|poke|p1|Amoonguss, L50, F|\n|poke|p1|Urshifu-*, L50, F|\n|poke|p2|Miraidon, L50|\n|poke|p2|Calyrex-Ice, L50|\n|poke|p2|Volcarona, L50, F|\n|poke|p2|Araquanid, L50, F|\n|poke|p2|Grimmsnarl, L50, M|\n|poke|p2|Rillaboom, L50, F|\n|teampreview|4\n|inactive|Battle timer is ON: inactive players will automatically lose when time's up. (requested by yamato-tak)\n|\n|t:|1770389480\n|teamsize|p1|4\n|teamsize|p2|4\n|start\n|switch|p1a: Miraidon|Miraidon, L50|100/100\n|switch|p1b: Incineroar|Incineroar, L50, F|100/100\n|switch|p2a: Grimmsnarl|Grimmsnarl, L50, M, shiny|100/100\n|switch|p2b: Miraidon|Miraidon, L50, shiny|100/100\n|-fieldstart|move: Electric Terrain|[from] ability: Hadron Engine|[of] p1a: Miraidon\n|-activate|p2b: Miraidon|ability: Hadron Engine\n|-ability|p1b: Incineroar|Intimidate|boost\n|-unboost|p2a: Grimmsnarl|atk|1\n|-unboost|p2b: Miraidon|atk|1\n|turn|1\n|\n|t:|1770389501\n|-terastallize|p2b: Miraidon|Electric\n|move|p1b: Incineroar|Fake Out|p2a: Grimmsnarl\n|-damage|p2a: Grimmsnarl|89/100\n|cant|p2a: Grimmsnarl|flinch\n|move|p1a: Miraidon|Volt Switch|p2a: Grimmsnarl\n|-damage|p2a: Grimmsnarl|19/100\n|\n|t:|1770389509\n|switch|p1a: Landorus|Landorus, L50, M|100/100|[from] Volt Switch\n|move|p2b: Miraidon|Calm Mind|p2b: Miraidon\n|-boost|p2b: Miraidon|spa|1\n|-boost|p2b: Miraidon|spd|1\n|\n|upkeep\n|turn|2\n|j| lunala fairy ghost\n|\n|t:|1770389526\n|move|p2a: Grimmsnarl|Parting Shot|p1a: Landorus\n|-unboost|p1a: Landorus|atk|1\n|-unboost|p1a: Landorus|spa|1\n|\n|t:|1770389529\n|switch|p2a: Calyrex|Calyrex-Ice, L50|100/100|[from] Parting Shot\n|-ability|p2a: Calyrex|As One\n|-ability|p2a: Calyrex|Unnerve\n|move|p2b: Miraidon|Electro Drift|p1b: Incineroar\n|-damage|p1b: Incineroar|7/100\n|move|p1a: Landorus|Sandsear Storm|p2b: Miraidon|[spread] p2a,p2b\n|-crit|p2a: Calyrex\n|-supereffective|p2b: Miraidon\n|-damage|p2a: Calyrex|46/100\n|-damage|p2b: Miraidon|59/100\n|move|p1b: Incineroar|Knock Off|p2b: Miraidon\n|-damage|p2b: Miraidon|22/100\n|-enditem|p2b: Miraidon|Covert Cloak|[from] move: Knock Off|[of] p1b: Incineroar\n|\n|upkeep\n|turn|3\n|\n|t:|1770389550\n|move|p1a: Landorus|Protect|p1a: Landorus\n|-singleturn|p1a: Landorus|Protect\n|move|p2b: Miraidon|Draco Meteor|p1a: Landorus\n|-activate|p1a: Landorus|move: Protect\n|move|p1b: Incineroar|U-turn|p2a: Calyrex\n|-supereffective|p2a: Calyrex\n|-damage|p2a: Calyrex|21/100\n|\n|t:|1770389558\n|switch|p1b: Calyrex|Calyrex-Ice, L50|100/100|[from] U-turn\n|-ability|p1b: Calyrex|As One\n|-ability|p1b: Calyrex|Unnerve\n|move|p2a: Calyrex|Glacial Lance|p1a: Landorus|[spread] p1b\n|-activate|p1a: Landorus|move: Protect\n|-resisted|p1b: Calyrex\n|-damage|p1b: Calyrex|84/100\n|\n|upkeep\n|turn|4\n|inactive|Darknight918 has 30 seconds left.\n|inactive|yamato-tak has 30 seconds left.\n|inactive|Darknight918 has 20 seconds left.\n|inactive|yamato-tak has 20 seconds left.\n|\n|t:|1770389597\n|switch|p2b: Araquanid|Araquanid, L50, F, shiny|100/100\n|switch|p1a: Incineroar|Incineroar, L50, F|7/100\n|-ability|p1a: Incineroar|Intimidate|boost\n|-fail|p2a: Calyrex|unboost|[from] item: Clear Amulet|[of] p2a: Calyrex\n|-unboost|p2b: Araquanid|atk|1\n|move|p1b: Calyrex|Protect|p1b: Calyrex\n|-singleturn|p1b: Calyrex|Protect\n|move|p2a: Calyrex|Glacial Lance|p1b: Calyrex|[spread] p1a\n|-activate|p1b: Calyrex|move: Protect\n|-resisted|p1a: Incineroar\n|-damage|p1a: Incineroar|0 fnt\n|faint|p1a: Incineroar\n|-ability|p2a: Calyrex|Chilling Neigh|boost\n|-boost|p2a: Calyrex|atk|1\n|\n|upkeep\n|\n|t:|1770389608\n|switch|p1a: Miraidon|Miraidon, L50|100/100\n|-activate|p1a: Miraidon|ability: Hadron Engine\n|turn|5\n|inactive|Darknight918 has 30 seconds left.\n|\n|t:|1770389641\n|-terastallize|p1a: Miraidon|Electric\n|move|p2b: Araquanid|Protect|p2b: Araquanid\n|-singleturn|p2b: Araquanid|Protect\n|move|p1a: Miraidon|Electro Drift|p2b: Araquanid\n|-activate|p2b: Araquanid|move: Protect\n|move|p2a: Calyrex|Glacial Lance|p1b: Calyrex|[spread] p1a,p1b\n|-resisted|p1b: Calyrex\n|-damage|p1a: Miraidon|27/100\n|-damage|p1b: Calyrex|61/100\n|move|p1b: Calyrex|High Horsepower|p2a: Calyrex\n|-damage|p2a: Calyrex|0 fnt\n|faint|p2a: Calyrex\n|-ability|p1b: Calyrex|Chilling Neigh|boost\n|-boost|p1b: Calyrex|atk|1\n|\n|-fieldend|move: Electric Terrain\n|upkeep\n|\n|t:|1770389652\n|switch|p2a: Miraidon|Miraidon, L50, shiny, tera:Electric|22/100\n|-fieldstart|move: Electric Terrain|[from] ability: Hadron Engine|[of] p2a: Miraidon\n|turn|6\n|inactive|Darknight918 has 30 seconds left.\n|inactive|yamato-tak has 30 seconds left.\n|inactive|yamato-tak has 20 seconds left.\n|inactive|yamato-tak has 15 seconds left.\n|inactive|Darknight918 has 20 seconds left.\n|inactive|yamato-tak has 10 seconds left.\n|\n|t:|1770389701\n|switch|p2b: Grimmsnarl|Grimmsnarl, L50, M, shiny|19/100\n|move|p1a: Miraidon|Electro Drift|p2a: Miraidon\n|-resisted|p2a: Miraidon\n|-damage|p2a: Miraidon|0 fnt\n|faint|p2a: Miraidon\n|move|p1b: Calyrex|Glacial Lance|p2b: Grimmsnarl\n|-damage|p2b: Grimmsnarl|0 fnt\n|faint|p2b: Grimmsnarl\n|-ability|p1b: Calyrex|Chilling Neigh|boost\n|-boost|p1b: Calyrex|atk|1\n|\n|upkeep\n|-message|yamato-tak forfeited.\n|\n|win|Darknight918\n|raw|Darknight918's rating: 1428 &rarr; <strong>1456</strong><br />(+28 for winning)\n|raw|yamato-tak's rating: 1566 &rarr; <strong>1538</strong><br />(-28 for losing)\n|l|\u2606yamato-tak\n|player|p2|\n|l|\u2606Darknight918\n|player|p1|\n","uploadtime":1770389960,"views":17,"formatid":"gen9vgc2026regi","rating":1456,"private":0,"password":null}