{"id":"gen9vgc2026regi-2552816910","format":"[Gen 9] VGC 2026 Reg I","players":["Cello L.","palHunter"],"log":"|j|\u2606Cello L.\n|j|\u2606palHunter\n|t:|1772757018\n|gametype|doubles\n|player|p1|Cello L.|psychic-gen4|1493\n|player|p2|palHunter|dawn|1539\n|gen|9\n|tier|[Gen 9] VGC 2026 Reg I\n|rated|\n|rule|Species Clause: Limit one of each Pok\u00e9mon\n|rule|Item Clause: Limit 1 of each item\n|clearpoke\n|poke|p1|Calyrex-Shadow, L50|\n|poke|p1|Zamazenta-*, L50|\n|poke|p1|Chien-Pao, L50|\n|poke|p1|Raging Bolt, L50|\n|poke|p1|Rillaboom, L50, F|\n|poke|p1|Amoonguss, L50, F|\n|poke|p2|Miraidon, L50|\n|poke|p2|Amoonguss, L50, F|\n|poke|p2|Calyrex-Ice, L50|\n|poke|p2|Urshifu-*, L50, M|\n|poke|p2|Incineroar, L50, F|\n|poke|p2|Landorus, L50, M|\n|teampreview|4\n|inactive|Battle timer is ON: inactive players will automatically lose when time's up. (requested by palHunter)\n|\n|t:|1772757040\n|teamsize|p1|4\n|teamsize|p2|4\n|start\n|switch|p1a: Zamazenta|Zamazenta-Crowned, L50|100/100\n|switch|p1b: Chien-Pao|Chien-Pao, L50|100/100\n|switch|p2a: Incineroar|Incineroar, L50, F, shiny|100/100\n|switch|p2b: Calyrex|Calyrex-Ice, L50|100/100\n|-ability|p2b: Calyrex|As One\n|-ability|p2b: Calyrex|Unnerve\n|-ability|p1b: Chien-Pao|Sword of Ruin\n|-ability|p1a: Zamazenta|Dauntless Shield|boost\n|-boost|p1a: Zamazenta|def|1\n|-ability|p2a: Incineroar|Intimidate|boost\n|-unboost|p1a: Zamazenta|atk|1\n|-unboost|p1b: Chien-Pao|atk|1\n|turn|1\n|\n|t:|1772757059\n|-terastallize|p1b: Chien-Pao|Ghost\n|move|p2a: Incineroar|Fake Out|p1a: Zamazenta\n|-resisted|p1a: Zamazenta\n|-damage|p1a: Zamazenta|97/100\n|move|p1b: Chien-Pao|Taunt|p2b: Calyrex\n|-start|p2b: Calyrex|move: Taunt\n|cant|p1a: Zamazenta|flinch\n|move|p2b: Calyrex|High Horsepower|p1a: Zamazenta\n|-supereffective|p1a: Zamazenta\n|-damage|p1a: Zamazenta|47/100\n|\n|upkeep\n|turn|2\n|inactive|palHunter has 30 seconds left.\n|inactive|palHunter has 20 seconds left.\n|inactive|Cello L. has 30 seconds left.\n|\n|t:|1772757112\n|move|p1b: Chien-Pao|Sucker Punch|p2b: Calyrex\n|-supereffective|p2b: Calyrex\n|-damage|p2b: Calyrex|62/100\n|move|p1a: Zamazenta|Body Press|p2a: Incineroar\n|-supereffective|p2a: Incineroar\n|-damage|p2a: Incineroar|0 fnt\n|faint|p2a: Incineroar\n|move|p2b: Calyrex|Glacial Lance|p1b: Chien-Pao|[spread] p1a,p1b\n|-resisted|p1a: Zamazenta\n|-damage|p1a: Zamazenta|32/100\n|-damage|p1b: Chien-Pao|23/100\n|\n|upkeep\n|\n|t:|1772757124\n|switch|p2a: Miraidon|Miraidon, L50|100/100\n|-fieldstart|move: Electric Terrain|[from] ability: Hadron Engine|[of] p2a: Miraidon\n|turn|3\n|inactive|Cello L. has 30 seconds left.\n|inactive|palHunter has 30 seconds left.\n|\n|t:|1772757155\n|switch|p2b: Amoonguss|Amoonguss, L50, F, shiny|100/100\n|move|p1a: Zamazenta|Protect|p1a: Zamazenta\n|-singleturn|p1a: Zamazenta|Protect\n|move|p1b: Chien-Pao|Sucker Punch|p2a: Miraidon\n|-damage|p2a: Miraidon|68/100\n|move|p2a: Miraidon|Volt Switch|p1a: Zamazenta\n|-activate|p1a: Zamazenta|move: Protect\n|\n|upkeep\n|turn|4\n|inactive|Cello L. has 30 seconds left.\n|\n|t:|1772757185\n|switch|p1b: Rillaboom|Rillaboom, L50, F|100/100\n|-fieldstart|move: Grassy Terrain|[from] ability: Grassy Surge|[of] p1b: Rillaboom\n|move|p2a: Miraidon|Volt Switch|p1b: Rillaboom\n|-resisted|p1b: Rillaboom\n|-damage|p1b: Rillaboom|76/100\n|\n|t:|1772757192\n|switch|p2a: Calyrex|Calyrex-Ice, L50|62/100|[from] Volt Switch\n|-ability|p2a: Calyrex|As One\n|-ability|p2a: Calyrex|Unnerve\n|move|p1a: Zamazenta|Body Press|p2a: Calyrex\n|-damage|p2a: Calyrex|23/100\n|move|p2b: Amoonguss|Pollen Puff|p2a: Calyrex\n|-heal|p2a: Calyrex|72/100\n|\n|-heal|p1a: Zamazenta|38/100|[from] Grassy Terrain\n|-heal|p1b: Rillaboom|82/100|[from] Grassy Terrain\n|-heal|p2a: Calyrex|78/100|[from] Grassy Terrain\n|upkeep\n|turn|5\n|inactive|Cello L. has 30 seconds left.\n|inactive|palHunter has 30 seconds left.\n|inactive|Cello L. has 20 seconds left.\n|inactive|Cello L. has 15 seconds left.\n|inactive|Cello L. has 10 seconds left.\n|\n|t:|1772757238\n|-terastallize|p2a: Calyrex|Fire\n|move|p1a: Zamazenta|Body Press|p2a: Calyrex\n|-damage|p2a: Calyrex|36/100\n|move|p1b: Rillaboom|Wood Hammer|p2a: Calyrex\n|-resisted|p2a: Calyrex\n|-crit|p2a: Calyrex\n|-damage|p2a: Calyrex|0 fnt\n|faint|p2a: Calyrex\n|-damage|p1b: Rillaboom|70/100|[from] Recoil\n|move|p2b: Amoonguss|Spore|p1a: Zamazenta\n|-status|p1a: Zamazenta|slp|[from] move: Spore\n|\n|-heal|p1a: Zamazenta|44/100 slp|[from] Grassy Terrain\n|-heal|p1b: Rillaboom|76/100|[from] Grassy Terrain\n|upkeep\n|-message|palHunter forfeited.\n|\n|win|Cello L.\n|raw|Cello L.'s rating: 1493 &rarr; <strong>1516</strong><br />(+23 for winning)\n|raw|palHunter's rating: 1539 &rarr; <strong>1516</strong><br />(-23 for losing)\n|l|\u2606palHunter\n|player|p2|\n|l|\u2606Cello L.\n|player|p1|\n","uploadtime":1772757251,"views":19,"formatid":"gen9vgc2026regi","rating":1516,"private":0,"password":null}