{"id":"gen9vgc2026regi-2525784469","format":"[Gen 9] VGC 2026 Reg I","players":["lacewing33","Fogdocker"],"log":"|j|\u2606lacewing33\n|j|\u2606Fogdocker\n|t:|1769325703\n|gametype|doubles\n|player|p1|lacewing33|viola-masters|1508\n|player|p2|Fogdocker|169|1407\n|gen|9\n|tier|[Gen 9] VGC 2026 Reg I\n|rated|\n|rule|Species Clause: Limit one of each Pok\u00e9mon\n|rule|Item Clause: Limit 1 of each item\n|clearpoke\n|poke|p1|Indeedee-F, L50, F|\n|poke|p1|Pelipper, L50, F|\n|poke|p1|Kyogre, L50|\n|poke|p1|Volcarona, L50, F|\n|poke|p1|Calyrex-Ice, L50|\n|poke|p1|Smeargle, L50, F|\n|poke|p2|Koraidon, L50|\n|poke|p2|Flutter Mane, L50|\n|poke|p2|Calyrex-Ice, L50|\n|poke|p2|Incineroar, L50, M|\n|poke|p2|Rillaboom, L50, F|\n|poke|p2|Amoonguss, L50, F|\n|teampreview|4\n|inactive|Battle timer is ON: inactive players will automatically lose when time's up. (requested by lacewing33)\n|\n|t:|1769325727\n|teamsize|p1|4\n|teamsize|p2|4\n|start\n|switch|p1a: Smeargle|Smeargle, L50, F|100/100\n|switch|p1b: Calyrex|Calyrex-Ice, L50|100/100\n|switch|p2a: Calyrex|Calyrex-Ice, L50|100/100\n|switch|p2b: Incineroar|Incineroar, L50, M|100/100\n|-ability|p1b: Calyrex|As One\n|-ability|p1b: Calyrex|Unnerve\n|-ability|p2a: Calyrex|As One\n|-ability|p2a: Calyrex|Unnerve\n|-ability|p2b: Incineroar|Intimidate|boost\n|-unboost|p1a: Smeargle|atk|1\n|-unboost|p1b: Calyrex|atk|1\n|turn|1\n|\n|t:|1769325749\n|move|p1a: Smeargle|Fake Out|p2a: Calyrex\n|-damage|p2a: Calyrex|99/100\n|move|p2b: Incineroar|Fake Out|p1a: Smeargle\n|-damage|p1a: Smeargle|76/100\n|move|p1b: Calyrex|High Horsepower|p2b: Incineroar\n|-supereffective|p2b: Incineroar\n|-damage|p2b: Incineroar|61/100\n|cant|p2a: Calyrex|flinch\n|\n|-heal|p2a: Calyrex|100/100|[from] item: Leftovers\n|-ability|p1a: Smeargle|Moody|boost\n|-boost|p1a: Smeargle|def|2\n|-unboost|p1a: Smeargle|spe|1\n|upkeep\n|turn|2\n|\n|t:|1769325770\n|move|p2a: Calyrex|Protect|p2a: Calyrex\n|-singleturn|p2a: Calyrex|Protect\n|move|p1a: Smeargle|Decorate|p1b: Calyrex\n|-boost|p1b: Calyrex|atk|2\n|-boost|p1b: Calyrex|spa|2\n|move|p1b: Calyrex|Glacial Lance|p2b: Incineroar|[spread] p2b\n|-activate|p2a: Calyrex|move: Protect\n|-resisted|p2b: Incineroar\n|-damage|p2b: Incineroar|27/100\n|move|p2b: Incineroar|Flare Blitz|p1a: Smeargle\n|-damage|p1a: Smeargle|18/100\n|-damage|p2b: Incineroar|11/100|[from] Recoil\n|\n|-ability|p1a: Smeargle|Moody|boost\n|-boost|p1a: Smeargle|spd|2\n|-unboost|p1a: Smeargle|spe|1\n|upkeep\n|turn|3\n|inactive|lacewing33 has 30 seconds left.\n|\n|t:|1769325796\n|move|p1a: Smeargle|Follow Me|p1a: Smeargle\n|-singleturn|p1a: Smeargle|move: Follow Me\n|move|p1b: Calyrex|Glacial Lance|p2b: Incineroar|[spread] p2a,p2b\n|-resisted|p2a: Calyrex\n|-crit|p2a: Calyrex\n|-resisted|p2b: Incineroar\n|-damage|p2a: Calyrex|61/100\n|-damage|p2b: Incineroar|0 fnt\n|faint|p2b: Incineroar\n|-ability|p1b: Calyrex|Chilling Neigh|boost\n|-boost|p1b: Calyrex|atk|1\n|move|p2a: Calyrex|Leech Seed|p1a: Smeargle\n|-start|p1a: Smeargle|move: Leech Seed\n|\n|-heal|p2a: Calyrex|67/100|[from] item: Leftovers\n|-damage|p1a: Smeargle|6/100|[from] Leech Seed|[of] p2a: Calyrex\n|-heal|p2a: Calyrex|77/100|[silent]\n|-ability|p1a: Smeargle|Moody|boost\n|-boost|p1a: Smeargle|def|2\n|-unboost|p1a: Smeargle|spe|1\n|upkeep\n|\n|t:|1769325809\n|switch|p2b: Koraidon|Koraidon, L50|100/100\n|-weather|SunnyDay|[from] ability: Orichalcum Pulse|[of] p2b: Koraidon\n|-activate|p2b: Koraidon|Orichalcum Pulse|[source]\n|turn|4\n|\n|t:|1769325821\n|move|p2b: Koraidon|Protect|p2b: Koraidon\n|-singleturn|p2b: Koraidon|Protect\n|move|p2a: Calyrex|Protect|p2a: Calyrex\n|-singleturn|p2a: Calyrex|Protect\n|move|p1a: Smeargle|Follow Me|p1a: Smeargle\n|-singleturn|p1a: Smeargle|move: Follow Me\n|move|p1b: Calyrex|High Horsepower|p2b: Koraidon\n|-activate|p2b: Koraidon|move: Protect\n|\n|-weather|SunnyDay|[upkeep]\n|-heal|p2a: Calyrex|83/100|[from] item: Leftovers\n|-damage|p1a: Smeargle|0 fnt|[from] Leech Seed|[of] p2a: Calyrex\n|-heal|p2a: Calyrex|87/100|[silent]\n|faint|p1a: Smeargle\n|upkeep\n|\n|t:|1769325836\n|switch|p1a: Kyogre|Kyogre, L50|100/100\n|-weather|RainDance|[from] ability: Drizzle|[of] p1a: Kyogre\n|turn|5\n|\n|t:|1769325847\n|switch|p2b: Rillaboom|Rillaboom, L50, F|100/100\n|-fieldstart|move: Grassy Terrain|[from] ability: Grassy Surge|[of] p2b: Rillaboom\n|-terastallize|p1a: Kyogre|Water\n|-terastallize|p2a: Calyrex|Water\n|move|p1a: Kyogre|Water Spout|p2a: Calyrex|[spread] p2a,p2b\n|-resisted|p2a: Calyrex\n|-crit|p2a: Calyrex\n|-resisted|p2b: Rillaboom\n|-damage|p2a: Calyrex|29/100\n|-damage|p2b: Rillaboom|57/100\n|move|p1b: Calyrex|Glacial Lance|p2b: Rillaboom|[spread] p2a,p2b\n|-resisted|p2a: Calyrex\n|-supereffective|p2b: Rillaboom\n|-damage|p2a: Calyrex|0 fnt\n|-damage|p2b: Rillaboom|0 fnt\n|faint|p2a: Calyrex\n|faint|p2b: Rillaboom\n|-ability|p1b: Calyrex|Chilling Neigh|boost\n|-boost|p1b: Calyrex|atk|2\n|\n|-weather|RainDance|[upkeep]\n|upkeep\n|-message|Fogdocker forfeited.\n|\n|win|lacewing33\n|raw|lacewing33's rating: 1508 &rarr; <strong>1522</strong><br />(+14 for winning)\n|raw|Fogdocker's rating: 1407 &rarr; <strong>1393</strong><br />(-14 for losing)\n|l|\u2606Fogdocker\n|player|p2|\n|l|\u2606lacewing33\n|player|p1|\n","uploadtime":1769326123,"views":14,"formatid":"gen9vgc2026regi","rating":1393,"private":0,"password":null}