{"id":"gen9vgc2026regi-2555328948","format":"[Gen 9] VGC 2026 Reg I","players":["dthk1216","eggtophat_real"],"log":"|j|\u2606dthk1216\n|j|\u2606eggtophat_real\n|t:|1773079541\n|gametype|doubles\n|player|p1|dthk1216|dawn|1522\n|player|p2|eggtophat_real|miku-fire|1423\n|gen|9\n|tier|[Gen 9] VGC 2026 Reg I\n|rated|\n|rule|Species Clause: Limit one of each Pok\u00e9mon\n|rule|Item Clause: Limit 1 of each item\n|clearpoke\n|poke|p1|Calyrex-Ice, L50|\n|poke|p1|Kyogre, L50|\n|poke|p1|Urshifu-*, L50, M|\n|poke|p1|Rillaboom, L50, F|\n|poke|p1|Grimmsnarl, L50, M|\n|poke|p1|Amoonguss, L50, M|\n|poke|p2|Koraidon, L50|\n|poke|p2|Lunala, L50|\n|poke|p2|Flutter Mane, L50|\n|poke|p2|Chi-Yu, L50|\n|poke|p2|Ursaluna, L50, M|\n|poke|p2|Brute Bonnet, L50|\n|teampreview|4\n|inactive|Battle timer is ON: inactive players will automatically lose when time's up. (requested by eggtophat_real)\n|inactive|eggtophat_real has 60 seconds left.\n|\n|t:|1773079585\n|teamsize|p1|4\n|teamsize|p2|4\n|start\n|switch|p1a: Amoonguss|Amoonguss, L50, M|100/100\n|switch|p1b: Calyrex|Calyrex-Ice, L50|100/100\n|switch|p2a: Brute Bonnet|Brute Bonnet, L50, shiny|100/100\n|switch|p2b: Flutter Mane|Flutter Mane, L50|100/100\n|-ability|p1b: Calyrex|As One\n|-ability|p1b: Calyrex|Unnerve\n|turn|1\n|\n|t:|1773079597\n|-terastallize|p1b: Calyrex|Grass\n|move|p2b: Flutter Mane|Protect|p2b: Flutter Mane\n|-singleturn|p2b: Flutter Mane|Protect\n|move|p2a: Brute Bonnet|Spore|p1b: Calyrex\n|-immune|p1b: Calyrex\n|move|p1b: Calyrex|Glacial Lance|p2a: Brute Bonnet|[spread] p2a\n|-activate|p2b: Flutter Mane|move: Protect\n|-supereffective|p2a: Brute Bonnet\n|-damage|p2a: Brute Bonnet|29/100\n|move|p1a: Amoonguss|Spore|p2b: Flutter Mane\n|-activate|p2b: Flutter Mane|move: Protect\n|\n|upkeep\n|turn|2\n|\n|t:|1773079616\n|move|p2a: Brute Bonnet|Sucker Punch|p1b: Calyrex\n|-damage|p1b: Calyrex|83/100\n|move|p2b: Flutter Mane|Moonblast|p1b: Calyrex\n|-damage|p1b: Calyrex|54/100\n|-unboost|p1b: Calyrex|spa|1\n|move|p1b: Calyrex|Glacial Lance|p2b: Flutter Mane|[spread] p2a,p2b\n|-supereffective|p2a: Brute Bonnet\n|-damage|p2a: Brute Bonnet|0 fnt\n|-enditem|p2b: Flutter Mane|Focus Sash\n|-damage|p2b: Flutter Mane|1/100\n|faint|p2a: Brute Bonnet\n|-end|p2a: Brute Bonnet|Protosynthesis|[silent]\n|-ability|p1b: Calyrex|Chilling Neigh|boost\n|-boost|p1b: Calyrex|atk|1\n|move|p1a: Amoonguss|Spore|p2b: Flutter Mane\n|-status|p2b: Flutter Mane|slp|[from] move: Spore\n|\n|-heal|p1b: Calyrex|59/100|[from] item: Leftovers\n|upkeep\n|\n|t:|1773079624\n|switch|p2a: Koraidon|Koraidon, L50|100/100\n|-weather|SunnyDay|[from] ability: Orichalcum Pulse|[of] p2a: Koraidon\n|-activate|p2b: Flutter Mane|ability: Protosynthesis\n|-start|p2b: Flutter Mane|protosynthesisspe\n|-activate|p2a: Koraidon|Orichalcum Pulse|[source]\n|turn|3\n|\n|t:|1773079645\n|-end|p2b: Flutter Mane|Protosynthesis|[silent]\n|switch|p2b: Lunala|Lunala, L50, shiny|100/100\n|switch|p1a: Kyogre|Kyogre, L50|100/100\n|-weather|RainDance|[from] ability: Drizzle|[of] p1a: Kyogre\n|move|p2a: Koraidon|Protect|p2a: Koraidon\n|-singleturn|p2a: Koraidon|Protect\n|move|p1b: Calyrex|Trick Room|p1b: Calyrex\n|-fieldstart|move: Trick Room|[of] p1b: Calyrex\n|\n|-weather|RainDance|[upkeep]\n|-heal|p1b: Calyrex|65/100|[from] item: Leftovers\n|upkeep\n|turn|4\n|\n|t:|1773079666\n|switch|p2a: Flutter Mane|Flutter Mane, L50|1/100 slp\n|move|p2b: Lunala|Wide Guard|p2b: Lunala\n|-singleturn|p2b: Lunala|Wide Guard\n|move|p1b: Calyrex|Leech Seed|p2b: Lunala\n|-start|p2b: Lunala|move: Leech Seed\n|move|p1a: Kyogre|Ice Beam|p2a: Flutter Mane\n|-damage|p2a: Flutter Mane|0 fnt\n|faint|p2a: Flutter Mane\n|-end|p2a: Flutter Mane|Protosynthesis|[silent]\n|\n|-weather|RainDance|[upkeep]\n|-heal|p1b: Calyrex|71/100|[from] item: Leftovers\n|-damage|p2b: Lunala|88/100|[from] Leech Seed|[of] p1b: Calyrex\n|-heal|p1b: Calyrex|85/100|[silent]\n|upkeep\n|\n|t:|1773079673\n|switch|p2a: Koraidon|Koraidon, L50|100/100\n|-weather|SunnyDay|[from] ability: Orichalcum Pulse|[of] p2a: Koraidon\n|-activate|p2a: Koraidon|Orichalcum Pulse|[source]\n|turn|5\n|c|\u2606dthk1216|gg\n|\n|t:|1773079688\n|switch|p1a: Urshifu|Urshifu-Rapid-Strike, L50, M|100/100\n|-terastallize|p2a: Koraidon|Fire\n|move|p1b: Calyrex|Protect|p1b: Calyrex\n|-singleturn|p1b: Calyrex|Protect\n|move|p2b: Lunala|Moongeist Beam|p1b: Calyrex\n|-activate|p1b: Calyrex|move: Protect\n|move|p2a: Koraidon|Close Combat|p1a: Urshifu\n|-damage|p1a: Urshifu|0 fnt\n|-unboost|p2a: Koraidon|def|1\n|-unboost|p2a: Koraidon|spd|1\n|faint|p1a: Urshifu\n|-damage|p2a: Koraidon|91/100|[from] item: Life Orb\n|\n|-weather|SunnyDay|[upkeep]\n|-heal|p1b: Calyrex|90/100|[from] item: Leftovers\n|-damage|p2b: Lunala|76/100|[from] Leech Seed|[of] p1b: Calyrex\n|-heal|p1b: Calyrex|100/100|[silent]\n|upkeep\n|-message|eggtophat_real forfeited.\n|\n|win|dthk1216\n|raw|dthk1216's rating: 1522 &rarr; <strong>1536</strong><br />(+14 for winning)\n|raw|eggtophat_real's rating: 1423 &rarr; <strong>1409</strong><br />(-14 for losing)\n|l|\u2606eggtophat_real\n|player|p2|\n|l|\u2606dthk1216\n|player|p1|\n","uploadtime":1773079862,"views":19,"formatid":"gen9vgc2026regi","rating":1409,"private":0,"password":null}