{"id":"gen9vgc2026regi-2568705397","format":"[Gen 9] VGC 2026 Reg I","players":["finalbossbackwiper","Binky11"],"log":"|j|\u2606finalbossbackwiper\n|j|\u2606Binky11\n|t:|1774615865\n|gametype|doubles\n|player|p1|finalbossbackwiper|265|1438\n|player|p2|Binky11|miku-ice|1389\n|gen|9\n|tier|[Gen 9] VGC 2026 Reg I\n|rated|\n|rule|Species Clause: Limit one of each Pok\u00e9mon\n|rule|Item Clause: Limit 1 of each item\n|clearpoke\n|poke|p1|Miraidon, L50|\n|poke|p1|Calyrex-Ice, L50|\n|poke|p1|Pelipper, L50, M|\n|poke|p1|Urshifu-*, L50, M|\n|poke|p1|Incineroar, L50, F|\n|poke|p1|Slowking-Galar, L50, F|\n|poke|p2|Kyogre, L50|\n|poke|p2|Necrozma-Dusk-Mane, L50|\n|poke|p2|Amoonguss, L50, M|\n|poke|p2|Iron Jugulis, L50|\n|poke|p2|Raging Bolt, L50|\n|poke|p2|Urshifu-*, L50, F|\n|teampreview|4\n|inactive|Battle timer is ON: inactive players will automatically lose when time's up. (requested by finalbossbackwiper)\n|inactive|finalbossbackwiper has 60 seconds left.\n|inactive|finalbossbackwiper has 30 seconds left.\n|\n|t:|1774615944\n|teamsize|p1|4\n|teamsize|p2|4\n|start\n|switch|p1a: Miraidon|Miraidon, L50|100/100\n|switch|p1b: Calyrex|Calyrex-Ice, L50|100/100\n|switch|p2a: Kyogre|Kyogre, L50|100/100\n|switch|p2b: Urshifu|Urshifu-Rapid-Strike, L50, F|100/100\n|-ability|p1b: Calyrex|As One\n|-ability|p1b: Calyrex|Unnerve\n|-fieldstart|move: Electric Terrain|[from] ability: Hadron Engine|[of] p1a: Miraidon\n|-weather|RainDance|[from] ability: Drizzle|[of] p2a: Kyogre\n|turn|1\n|\n|t:|1774615962\n|-terastallize|p1b: Calyrex|Grass\n|move|p1a: Miraidon|Volt Switch|p2b: Urshifu\n|-supereffective|p2b: Urshifu\n|-damage|p2b: Urshifu|0 fnt\n|faint|p2b: Urshifu\n|-damage|p1a: Miraidon|91/100|[from] item: Life Orb\n|\n|t:|1774615969\n|switch|p1a: Urshifu|Urshifu-Rapid-Strike, L50, M|100/100|[from] Volt Switch\n|move|p2a: Kyogre|Water Spout|p1a: Urshifu|[spread] p1a,p1b\n|-resisted|p1a: Urshifu\n|-resisted|p1b: Calyrex\n|-damage|p1a: Urshifu|5/100\n|-damage|p1b: Calyrex|56/100\n|move|p1b: Calyrex|Glacial Lance|p2a: Kyogre\n|-resisted|p2a: Kyogre\n|-damage|p2a: Kyogre|65/100\n|\n|-weather|RainDance|[upkeep]\n|upkeep\n|\n|t:|1774615984\n|switch|p2b: Raging Bolt|Raging Bolt, L50|100/100\n|turn|2\n|\n|t:|1774615993\n|move|p1b: Calyrex|Protect|p1b: Calyrex\n|-singleturn|p1b: Calyrex|Protect\n|move|p1a: Urshifu|Close Combat|p2a: Kyogre\n|-damage|p2a: Kyogre|4/100\n|-unboost|p1a: Urshifu|def|1\n|-unboost|p1a: Urshifu|spd|1\n|move|p2a: Kyogre|Water Spout|p1a: Urshifu|[spread] p1a\n|-activate|p1b: Calyrex|move: Protect\n|-resisted|p1a: Urshifu\n|-damage|p1a: Urshifu|0 fnt\n|faint|p1a: Urshifu\n|move|p2b: Raging Bolt|Draco Meteor|p1b: Calyrex\n|-activate|p1b: Calyrex|move: Protect\n|\n|-weather|RainDance|[upkeep]\n|upkeep\n|\n|t:|1774616002\n|switch|p1a: Miraidon|Miraidon, L50|91/100\n|-activate|p1a: Miraidon|ability: Hadron Engine\n|turn|3\n|\n|t:|1774616024\n|switch|p1b: Incineroar|Incineroar, L50, F|100/100\n|-ability|p1b: Incineroar|Intimidate|boost\n|-unboost|p2a: Kyogre|atk|1\n|-unboost|p2b: Raging Bolt|atk|1\n|-terastallize|p2b: Raging Bolt|Fairy\n|move|p1a: Miraidon|Volt Switch|p2b: Raging Bolt\n|-damage|p2b: Raging Bolt|49/100\n|-damage|p1a: Miraidon|81/100|[from] item: Life Orb\n|\n|t:|1774616028\n|switch|p1a: Calyrex|Calyrex-Ice, L50, tera:Grass|56/100|[from] Volt Switch\n|-ability|p1a: Calyrex|As One\n|-ability|p1a: Calyrex|Unnerve\n|move|p2a: Kyogre|Hydro Pump|p1b: Incineroar\n|-supereffective|p1b: Incineroar\n|-damage|p1b: Incineroar|0 fnt\n|faint|p1b: Incineroar\n|move|p2b: Raging Bolt|Draco Meteor|p1a: Calyrex\n|-damage|p1a: Calyrex|11/100\n|-unboost|p2b: Raging Bolt|spa|2\n|\n|-weather|RainDance|[upkeep]\n|upkeep\n|\n|t:|1774616031\n|switch|p1b: Miraidon|Miraidon, L50|81/100\n|-activate|p1b: Miraidon|ability: Hadron Engine\n|turn|4\n|\n|t:|1774616055\n|-end|p2b: Raging Bolt|Protosynthesis|[silent]\n|switch|p2b: Necrozma|Necrozma-Dusk-Mane, L50|100/100\n|move|p1b: Miraidon|Electro Drift|p2b: Necrozma\n|-damage|p2b: Necrozma|0 fnt\n|faint|p2b: Necrozma\n|-damage|p1b: Miraidon|72/100|[from] item: Life Orb\n|move|p2a: Kyogre|Hydro Pump|p1a: Calyrex\n|-resisted|p1a: Calyrex\n|-damage|p1a: Calyrex|0 fnt\n|faint|p1a: Calyrex\n|\n|-weather|RainDance|[upkeep]\n|upkeep\n|\n|t:|1774616061\n|switch|p2b: Raging Bolt|Raging Bolt, L50, tera:Fairy|49/100\n|turn|5\n|\n|t:|1774616072\n|move|p2b: Raging Bolt|Thunderclap|p1b: Miraidon\n|-resisted|p1b: Miraidon\n|-damage|p1b: Miraidon|60/100\n|move|p1b: Miraidon|Electro Drift|p2b: Raging Bolt\n|-damage|p2b: Raging Bolt|0 fnt\n|faint|p2b: Raging Bolt\n|-end|p2b: Raging Bolt|Protosynthesis|[silent]\n|-damage|p1b: Miraidon|50/100|[from] item: Life Orb\n|move|p2a: Kyogre|Hydro Pump|p1b: Miraidon\n|-resisted|p1b: Miraidon\n|-damage|p1b: Miraidon|0 fnt\n|faint|p1b: Miraidon\n|\n|win|Binky11\n|raw|finalbossbackwiper's rating: 1438 &rarr; <strong>1415</strong><br />(-23 for losing)\n|raw|Binky11's rating: 1389 &rarr; <strong>1412</strong><br />(+23 for winning)\n|l|\u2606finalbossbackwiper\n|player|p1|\n|l|\u2606Binky11\n|player|p2|\n","uploadtime":1774616075,"views":31,"formatid":"gen9vgc2026regi","rating":1412,"private":0,"password":null}