{"id":"gen9vgc2026regi-2516437185","format":"[Gen 9] VGC 2026 Reg I","players":["poke\\(0w0)/ball","dasabe\u76d6\u6b27\u5361\u4fa0"],"log":"|j|\u2606poke\\(0w0)/ball\n|j|\u2606dasabe\u76d6\u6b27\u5361\u4fa0\n|t:|1768141141\n|gametype|doubles\n|player|p1|poke\\(0w0)/ball|n|1325\n|player|p2|dasabe\u76d6\u6b27\u5361\u4fa0|may-masters4|1353\n|gen|9\n|tier|[Gen 9] VGC 2026 Reg I\n|rated|\n|rule|Species Clause: Limit one of each Pok\u00e9mon\n|rule|Item Clause: Limit 1 of each item\n|clearpoke\n|poke|p1|Solgaleo, L50|\n|poke|p1|Calyrex-Shadow, L50|\n|poke|p1|Talonflame, L50, M|\n|poke|p1|Ditto, L50|\n|poke|p1|Rillaboom, L50, M|\n|poke|p1|Tsareena, L50, F|\n|poke|p2|Kyogre, L50|\n|poke|p2|Miraidon, L50|\n|poke|p2|Whimsicott, L50, F|\n|poke|p2|Iron Hands, L50|\n|poke|p2|Farigiraf, L50, F|\n|poke|p2|Urshifu-*, L50, M|\n|teampreview|4\n|j| icefdlblt\n|j| happyorunhappy\u6625\u548c\u666f\u660e\n|\n|t:|1768141200\n|teamsize|p1|4\n|teamsize|p2|4\n|start\n|switch|p1a: Calyrex|Calyrex-Shadow, L50|100/100\n|switch|p1b: Solgaleo|Solgaleo, L50|100/100\n|switch|p2a: \u624b\u94f6|Iron Hands, L50, shiny|100/100\n|switch|p2b: \u5c0f\u5934\u63a7\u5927\u5934|Farigiraf, L50, F, shiny|100/100\n|-ability|p1a: Calyrex|As One\n|-ability|p1a: Calyrex|Unnerve\n|turn|1\n|\n|t:|1768141274\n|switch|p1b: Ditto|Ditto, L50|100/100\n|-transform|p1b: Ditto|p2a: \u624b\u94f6|[from] ability: Imposter\n|-terastallize|p2a: \u624b\u94f6|Water\n|move|p1a: Calyrex|Astral Barrage|p2b: \u5c0f\u5934\u63a7\u5927\u5934|[spread] p2a\n|-immune|p2b: \u5c0f\u5934\u63a7\u5927\u5934\n|-damage|p2a: \u624b\u94f6|69/100\n|move|p2b: \u5c0f\u5934\u63a7\u5927\u5934|Psychic|p1a: Calyrex\n|-resisted|p1a: Calyrex\n|-damage|p1a: Calyrex|83/100\n|-unboost|p1a: Calyrex|spd|1\n|move|p2a: \u624b\u94f6|Wild Charge|p1a: Calyrex\n|-damage|p1a: Calyrex|19/100\n|-damage|p2a: \u624b\u94f6|57/100|[from] Recoil\n|\n|upkeep\n|turn|2\n|inactive|Battle timer is ON: inactive players will automatically lose when time's up. (requested by dasabe\u76d6\u6b27\u5361\u4fa0)\n|\n|t:|1768141359\n|move|p1a: Calyrex|Protect|p1a: Calyrex\n|-singleturn|p1a: Calyrex|Protect\n|move|p2b: \u5c0f\u5934\u63a7\u5927\u5934|Psychic|p1b: Ditto\n|-supereffective|p1b: Ditto\n|-damage|p1b: Ditto|18/100\n|move|p1b: Ditto|Wild Charge|p2a: \u624b\u94f6\n|-supereffective|p2a: \u624b\u94f6\n|-damage|p2a: \u624b\u94f6|0 fnt\n|faint|p2a: \u624b\u94f6\n|-end|p2a: \u624b\u94f6|Quark Drive|[silent]\n|-damage|p1b: Ditto|0 fnt|[from] Recoil\n|faint|p1b: Ditto\n|-end|p1b: Ditto|Quark Drive|[silent]\n|\n|upkeep\n|\n|t:|1768141374\n|switch|p1b: Solgaleo|Solgaleo, L50|100/100\n|switch|p2a: \u94f6\u91d1\u5996\u86c7|Miraidon, L50, shiny|100/100\n|-fieldstart|move: Electric Terrain|[from] ability: Hadron Engine|[of] p2a: \u94f6\u91d1\u5996\u86c7\n|-enditem|p2b: \u5c0f\u5934\u63a7\u5927\u5934|Electric Seed\n|-boost|p2b: \u5c0f\u5934\u63a7\u5927\u5934|def|1|[from] item: Electric Seed\n|turn|3\n|\n|t:|1768141396\n|-terastallize|p1b: Solgaleo|Rock\n|move|p2b: \u5c0f\u5934\u63a7\u5927\u5934|Helping Hand|p2a: \u94f6\u91d1\u5996\u86c7\n|-singleturn|p2a: \u94f6\u91d1\u5996\u86c7|Helping Hand|[of] p2b: \u5c0f\u5934\u63a7\u5927\u5934\n|move|p1a: Calyrex|Bulldoze|p2a: \u94f6\u91d1\u5996\u86c7|[spread] p1b,p2a,p2b\n|-supereffective|p1b: Solgaleo\n|-supereffective|p2a: \u94f6\u91d1\u5996\u86c7\n|-damage|p1b: Solgaleo|88/100\n|-damage|p2a: \u94f6\u91d1\u5996\u86c7|85/100\n|-damage|p2b: \u5c0f\u5934\u63a7\u5927\u5934|96/100\n|-unboost|p2a: \u94f6\u91d1\u5996\u86c7|spe|1\n|-unboost|p2b: \u5c0f\u5934\u63a7\u5927\u5934|spe|1\n|-enditem|p1b: Solgaleo|Weakness Policy\n|-boost|p1b: Solgaleo|atk|2|[from] item: Weakness Policy\n|-boost|p1b: Solgaleo|spa|2|[from] item: Weakness Policy\n|move|p1b: Solgaleo|Rock Slide|p2a: \u94f6\u91d1\u5996\u86c7|[spread] p2a,p2b\n|-damage|p2a: \u94f6\u91d1\u5996\u86c7|28/100\n|-damage|p2b: \u5c0f\u5934\u63a7\u5927\u5934|54/100\n|cant|p2a: \u94f6\u91d1\u5996\u86c7|flinch\n|\n|upkeep\n|turn|4\n|l| icefdlblt\n|inactive|poke\\(0w0)/ball has 30 seconds left.\n|\n|t:|1768141430\n|move|p2a: \u94f6\u91d1\u5996\u86c7|Protect|p2a: \u94f6\u91d1\u5996\u86c7\n|-singleturn|p2a: \u94f6\u91d1\u5996\u86c7|Protect\n|move|p1a: Calyrex|Astral Barrage|p2a: \u94f6\u91d1\u5996\u86c7|[spread] \n|-activate|p2a: \u94f6\u91d1\u5996\u86c7|move: Protect\n|-immune|p2b: \u5c0f\u5934\u63a7\u5927\u5934\n|move|p1b: Solgaleo|Knock Off|p2b: \u5c0f\u5934\u63a7\u5927\u5934\n|-supereffective|p2b: \u5c0f\u5934\u63a7\u5927\u5934\n|-damage|p2b: \u5c0f\u5934\u63a7\u5927\u5934|0 fnt\n|faint|p2b: \u5c0f\u5934\u63a7\u5927\u5934\n|\n|upkeep\n|\n|t:|1768141438\n|switch|p2b: \u6210\u90fd\u8001\u76d6|Kyogre, L50, shiny|100/100\n|-weather|RainDance|[from] ability: Drizzle|[of] p2b: \u6210\u90fd\u8001\u76d6\n|turn|5\n|\n|t:|1768141442\n|move|p1b: Solgaleo|Wide Guard|p1b: Solgaleo\n|-singleturn|p1b: Solgaleo|Wide Guard\n|move|p1a: Calyrex|Bulldoze|p2b: \u6210\u90fd\u8001\u76d6|[spread] p2a,p2b\n|-activate|p1b: Solgaleo|move: Wide Guard\n|-supereffective|p2a: \u94f6\u91d1\u5996\u86c7\n|-crit|p2a: \u94f6\u91d1\u5996\u86c7\n|-crit|p2b: \u6210\u90fd\u8001\u76d6\n|-damage|p2a: \u94f6\u91d1\u5996\u86c7|4/100\n|-damage|p2b: \u6210\u90fd\u8001\u76d6|86/100\n|-unboost|p2a: \u94f6\u91d1\u5996\u86c7|spe|1\n|-unboost|p2b: \u6210\u90fd\u8001\u76d6|spe|1\n|move|p2b: \u6210\u90fd\u8001\u76d6|Hydro Pump|p1a: Calyrex\n|-damage|p1a: Calyrex|0 fnt\n|faint|p1a: Calyrex\n|move|p2a: \u94f6\u91d1\u5996\u86c7|Electro Drift|p1b: Solgaleo\n|-damage|p1b: Solgaleo|0 fnt\n|faint|p1b: Solgaleo\n|-damage|p2a: \u94f6\u91d1\u5996\u86c7|0 fnt|[from] item: Life Orb\n|faint|p2a: \u94f6\u91d1\u5996\u86c7\n|\n|-weather|RainDance|[upkeep]\n|upkeep\n|\n|t:|1768141455\n|switch|p1b: Rillaboom|Rillaboom, L50, M|100/100\n|-fieldstart|move: Grassy Terrain|[from] ability: Grassy Surge|[of] p1b: Rillaboom\n|turn|6\n|\n|t:|1768141464\n|move|p1b: Rillaboom|Wood Hammer|p2b: \u6210\u90fd\u8001\u76d6\n|-supereffective|p2b: \u6210\u90fd\u8001\u76d6\n|-damage|p2b: \u6210\u90fd\u8001\u76d6|0 fnt\n|faint|p2b: \u6210\u90fd\u8001\u76d6\n|-damage|p1b: Rillaboom|76/100|[from] Recoil\n|\n|win|poke\\(0w0)/ball\n|raw|poke\\(0w0)&#x2f;ball's rating: 1325 &rarr; <strong>1347</strong><br />(+22 for winning)\n|raw|dasabe\u76d6\u6b27\u5361\u4fa0's rating: 1353 &rarr; <strong>1331</strong><br />(-22 for losing)\n|l|\u2606dasabe\u76d6\u6b27\u5361\u4fa0\n|player|p2|\n|l|\u2606poke\\(0w0)/ball\n|player|p1|\n","uploadtime":1768141666,"views":11,"formatid":"gen9vgc2026regi","rating":1331,"private":0,"password":null}