{"id":"gen9vgc2026regi-2513034463","format":"[Gen 9] VGC 2026 Reg I","players":["vincent's life","VJ2511"],"log":"|j|\u2606vincent's life\n|j|\u2606VJ2511\n|t:|1767680738\n|gametype|doubles\n|player|p1|vincent's life|170|1182\n|player|p2|VJ2511|red-masters3|1342\n|gen|9\n|tier|[Gen 9] VGC 2026 Reg I\n|rated|\n|rule|Species Clause: Limit one of each Pok\u00e9mon\n|rule|Item Clause: Limit 1 of each item\n|clearpoke\n|poke|p1|Miraidon, L50|\n|poke|p1|Landorus, L50, M|\n|poke|p1|Incineroar, L50, M|\n|poke|p1|Iron Bundle, L50|\n|poke|p1|Farigiraf, L50, F|\n|poke|p1|Calyrex-Ice, L50|\n|poke|p2|Calyrex-Shadow, L50|\n|poke|p2|Zamazenta-*, L50|\n|poke|p2|Smeargle, L50, F|\n|poke|p2|Incineroar, L50, F|\n|poke|p2|Rillaboom, L50, F|\n|poke|p2|Raging Bolt, L50|\n|teampreview|4\n|inactive|Battle timer is ON: inactive players will automatically lose when time's up. (requested by VJ2511)\n|\n|t:|1767680753\n|teamsize|p1|4\n|teamsize|p2|4\n|start\n|switch|p1a: Landorus|Landorus, L50, M|100/100\n|switch|p1b: the Manager|Farigiraf, L50, F|100/100\n|switch|p2a: Calyrex|Calyrex-Shadow, L50|100/100\n|switch|p2b: Zamazenta|Zamazenta-Crowned, L50|100/100\n|-ability|p2a: Calyrex|As One\n|-ability|p2a: Calyrex|Unnerve\n|-ability|p2b: Zamazenta|Dauntless Shield|boost\n|-boost|p2b: Zamazenta|def|1\n|turn|1\n|\n|t:|1767680763\n|-terastallize|p2b: Zamazenta|Water\n|move|p2a: Calyrex|Psychic|p1b: the Manager\n|-resisted|p1b: the Manager\n|-damage|p1b: the Manager|71/100\n|-damage|p2a: Calyrex|91/100|[from] item: Life Orb\n|move|p2b: Zamazenta|Body Press|p1b: the Manager\n|-damage|p1b: the Manager|1/100\n|move|p1a: Landorus|Sandsear Storm|p2b: Zamazenta|[spread] p2b\n|-miss|p1a: Landorus|p2a: Calyrex\n|-damage|p2b: Zamazenta|54/100\n|move|p1b: the Manager|Trick Room|p1b: the Manager\n|-fieldstart|move: Trick Room|[of] p1b: the Manager\n|\n|upkeep\n|turn|2\n|\n|t:|1767680780\n|switch|p2a: Rillaboom|Rillaboom, L50, F|100/100\n|-fieldstart|move: Grassy Terrain|[from] ability: Grassy Surge|[of] p2a: Rillaboom\n|move|p1b: the Manager|Foul Play|p2a: Rillaboom\n|-damage|p2a: Rillaboom|74/100\n|move|p1a: Landorus|Earth Power|p2b: Zamazenta\n|-damage|p2b: Zamazenta|0 fnt\n|faint|p2b: Zamazenta\n|\n|-heal|p1b: the Manager|7/100|[from] Grassy Terrain\n|-heal|p2a: Rillaboom|80/100|[from] Grassy Terrain\n|upkeep\n|\n|t:|1767680785\n|switch|p2b: Incineroar|Incineroar, L50, F|100/100\n|-ability|p2b: Incineroar|Intimidate|boost\n|-unboost|p1a: Landorus|atk|1\n|-unboost|p1b: the Manager|atk|1\n|turn|3\n|\n|t:|1767680810\n|move|p1b: the Manager|Helping Hand|p1a: Landorus\n|-singleturn|p1a: Landorus|Helping Hand|[of] p1b: the Manager\n|move|p2b: Incineroar|Knock Off|p1a: Landorus\n|-damage|p1a: Landorus|55/100\n|-enditem|p1a: Landorus|Life Orb|[from] move: Knock Off|[of] p2b: Incineroar\n|move|p2a: Rillaboom|Wood Hammer|p1a: Landorus\n|-damage|p1a: Landorus|0 fnt\n|faint|p1a: Landorus\n|-damage|p2a: Rillaboom|66/100|[from] Recoil\n|\n|-heal|p1b: the Manager|13/100|[from] Grassy Terrain\n|-heal|p2a: Rillaboom|72/100|[from] Grassy Terrain\n|upkeep\n|\n|t:|1767680816\n|switch|p1a: Calyrex|Calyrex-Ice, L50|100/100\n|-ability|p1a: Calyrex|As One\n|-ability|p1a: Calyrex|Unnerve\n|turn|4\n|\n|t:|1767680823\n|-terastallize|p1a: Calyrex|Water\n|move|p1b: the Manager|Helping Hand|p1a: Calyrex\n|-singleturn|p1a: Calyrex|Helping Hand|[of] p1b: the Manager\n|move|p1a: Calyrex|Glacial Lance|p2b: Incineroar|[spread] p2a,p2b\n|-supereffective|p2a: Rillaboom\n|-resisted|p2b: Incineroar\n|-damage|p2a: Rillaboom|0 fnt\n|-damage|p2b: Incineroar|73/100\n|faint|p2a: Rillaboom\n|-ability|p1a: Calyrex|Chilling Neigh|boost\n|-boost|p1a: Calyrex|atk|1\n|move|p2b: Incineroar|Knock Off|p1a: Calyrex\n|-damage|p1a: Calyrex|77/100\n|-enditem|p1a: Calyrex|Clear Amulet|[from] move: Knock Off|[of] p2b: Incineroar\n|\n|-heal|p1a: Calyrex|82/100|[from] Grassy Terrain\n|-heal|p1b: the Manager|19/100|[from] Grassy Terrain\n|-heal|p2b: Incineroar|79/100|[from] Grassy Terrain\n|upkeep\n|\n|t:|1767680829\n|switch|p2a: Calyrex|Calyrex-Shadow, L50|91/100\n|-ability|p2a: Calyrex|As One\n|-ability|p2a: Calyrex|Unnerve\n|turn|5\n|\n|t:|1767680836\n|move|p1b: the Manager|Helping Hand|p1a: Calyrex\n|-singleturn|p1a: Calyrex|Helping Hand|[of] p1b: the Manager\n|move|p2a: Calyrex|Protect|p2a: Calyrex\n|-singleturn|p2a: Calyrex|Protect\n|move|p1a: Calyrex|High Horsepower|p2b: Incineroar\n|-supereffective|p2b: Incineroar\n|-damage|p2b: Incineroar|0 fnt\n|faint|p2b: Incineroar\n|-ability|p1a: Calyrex|Chilling Neigh|boost\n|-boost|p1a: Calyrex|atk|1\n|\n|-heal|p1a: Calyrex|88/100|[from] Grassy Terrain\n|-heal|p1b: the Manager|26/100|[from] Grassy Terrain\n|-heal|p2a: Calyrex|97/100|[from] Grassy Terrain\n|-fieldend|move: Trick Room\n|upkeep\n|turn|6\n|\n|t:|1767680848\n|move|p2a: Calyrex|Psychic|p1b: the Manager\n|-resisted|p1b: the Manager\n|-damage|p1b: the Manager|0 fnt\n|faint|p1b: the Manager\n|-ability|p2a: Calyrex|Grim Neigh|boost\n|-boost|p2a: Calyrex|spa|1\n|-damage|p2a: Calyrex|88/100|[from] item: Life Orb\n|move|p1a: Calyrex|Glacial Lance|p2a: Calyrex\n|-damage|p2a: Calyrex|0 fnt\n|faint|p2a: Calyrex\n|\n|win|vincent's life\n|raw|vincent&apos;s life's rating: 1182 &rarr; <strong>1218</strong><br />(+36 for winning)\n|raw|VJ2511's rating: 1342 &rarr; <strong>1313</strong><br />(-29 for losing)\n|l|\u2606VJ2511\n|player|p2|\n","uploadtime":1767680857,"views":13,"formatid":"gen9vgc2026regi","rating":1218,"private":0,"password":null}