{"id":"gen9vgc2026regi-2573488180","format":"[Gen 9] VGC 2026 Reg I","players":["swordsdanceurshifu","hdhsjsko"],"log":"|j|\u2606swordsdanceurshifu\n|j|\u2606hdhsjsko\n|t:|1775141017\n|gametype|doubles\n|player|p1|swordsdanceurshifu|265|1417\n|player|p2|hdhsjsko|backpacker|1395\n|gen|9\n|tier|[Gen 9] VGC 2026 Reg I\n|rated|\n|rule|Species Clause: Limit one of each Pok\u00e9mon\n|rule|Item Clause: Limit 1 of each item\n|clearpoke\n|poke|p1|Terapagos, L50, M|\n|poke|p1|Ho-Oh, L50|\n|poke|p1|Raging Bolt, L50|\n|poke|p1|Urshifu-*, L50, M|\n|poke|p1|Incineroar, L50, M|\n|poke|p1|Sinistcha, L50|\n|poke|p2|Calyrex-Shadow, L50|\n|poke|p2|Zamazenta-*, L50|\n|poke|p2|Incineroar, L50, M|\n|poke|p2|Brute Bonnet, L50|\n|poke|p2|Urshifu-*, L50, M|\n|poke|p2|Whimsicott, L50, F|\n|teampreview|4\n|inactive|Battle timer is ON: inactive players will automatically lose when time's up. (requested by swordsdanceurshifu)\n|\n|t:|1775141045\n|teamsize|p1|4\n|teamsize|p2|4\n|start\n|switch|p1a: Ho-Oh|Ho-Oh, L50|100/100\n|switch|p1b: Terapagos|Terapagos, L50, M|100/100\n|switch|p2a: Whimsicott|Whimsicott, L50, F|100/100\n|switch|p2b: Zamazenta|Zamazenta-Crowned, L50|100/100\n|-activate|p1b: Terapagos|ability: Tera Shift\n|detailschange|p1b: Terapagos|Terapagos-Terastal, L50, M\n|-heal|p1b: Terapagos|100/100|[silent]\n|-ability|p2b: Zamazenta|Dauntless Shield|boost\n|-boost|p2b: Zamazenta|def|1\n|turn|1\n|\n|t:|1775141067\n|move|p2a: Whimsicott|Taunt|p1b: Terapagos\n|-start|p1b: Terapagos|move: Taunt\n|move|p2b: Zamazenta|Body Press|p1b: Terapagos\n|-activate|p1b: Terapagos|ability: Tera Shell\n|-resisted|p1b: Terapagos\n|-damage|p1b: Terapagos|68/100\n|move|p1a: Ho-Oh|Sacred Fire|p2a: Whimsicott\n|-supereffective|p2a: Whimsicott\n|-damage|p2a: Whimsicott|0 fnt\n|faint|p2a: Whimsicott\n|cant|p1b: Terapagos|move: Taunt|Calm Mind\n|\n|upkeep\n|\n|t:|1775141075\n|switch|p2a: Incineroar|Incineroar, L50, M|100/100\n|-ability|p2a: Incineroar|Intimidate|boost\n|-fail|p1a: Ho-Oh|unboost|[from] item: Clear Amulet|[of] p1a: Ho-Oh\n|-unboost|p1b: Terapagos|atk|1\n|turn|2\n|\n|t:|1775141100\n|move|p2a: Incineroar|Fake Out|p1a: Ho-Oh\n|-damage|p1a: Ho-Oh|89/100\n|move|p2b: Zamazenta|Body Press|p1b: Terapagos\n|-supereffective|p1b: Terapagos\n|-damage|p1b: Terapagos|0 fnt\n|faint|p1b: Terapagos\n|cant|p1a: Ho-Oh|flinch\n|\n|upkeep\n|\n|t:|1775141106\n|switch|p1b: Incineroar|Incineroar, L50, M|100/100\n|-ability|p1b: Incineroar|Intimidate|boost\n|-unboost|p2a: Incineroar|atk|1\n|-unboost|p2b: Zamazenta|atk|1\n|turn|3\n|inactive|hdhsjsko has 30 seconds left.\n|inactive|hdhsjsko has 20 seconds left.\n|inactive|hdhsjsko has 15 seconds left.\n|inactive|hdhsjsko has 10 seconds left.\n|inactive|hdhsjsko has 5 seconds left.\n|\n|t:|1775141161\n|move|p2a: Incineroar|Fake Out||[still]\n|-hint|Fake Out only works on your first turn out.\n|-fail|p2a: Incineroar\n|move|p1b: Incineroar|Fake Out|p2b: Zamazenta\n|-resisted|p2b: Zamazenta\n|-damage|p2b: Zamazenta|98/100\n|cant|p2b: Zamazenta|flinch\n|move|p1a: Ho-Oh|Tailwind|p1a: Ho-Oh\n|-sidestart|p1: swordsdanceurshifu|move: Tailwind\n|\n|upkeep\n|turn|4\n|\n|t:|1775141180\n|switch|p1b: Sinistcha|Sinistcha, L50|100/100\n|-heal|p1a: Ho-Oh|100/100|[from] ability: Hospitality|[of] p1b: Sinistcha\n|move|p2b: Zamazenta|Protect|p2b: Zamazenta\n|-singleturn|p2b: Zamazenta|Protect\n|move|p1a: Ho-Oh|Sacred Fire|p2b: Zamazenta\n|-activate|p2b: Zamazenta|move: Protect\n|move|p2a: Incineroar|Knock Off|p1a: Ho-Oh\n|-damage|p1a: Ho-Oh|75/100\n|-enditem|p1a: Ho-Oh|Clear Amulet|[from] move: Knock Off|[of] p2a: Incineroar\n|\n|upkeep\n|turn|5\n|inactive|hdhsjsko has 30 seconds left.\n|inactive|swordsdanceurshifu has 30 seconds left.\n|\n|t:|1775141214\n|switch|p1b: Incineroar|Incineroar, L50, M|100/100\n|-ability|p1b: Incineroar|Intimidate|boost\n|-unboost|p2a: Incineroar|atk|1\n|-unboost|p2b: Zamazenta|atk|1\n|-terastallize|p2b: Zamazenta|Dragon\n|move|p1a: Ho-Oh|Sacred Fire|p2b: Zamazenta\n|-resisted|p2b: Zamazenta\n|-damage|p2b: Zamazenta|89/100\n|move|p2b: Zamazenta|Behemoth Bash|p1b: Incineroar\n|-resisted|p1b: Incineroar\n|-damage|p1b: Incineroar|93/100\n|move|p2a: Incineroar|Flare Blitz|p1b: Incineroar\n|-resisted|p1b: Incineroar\n|-damage|p1b: Incineroar|81/100\n|-damage|p2a: Incineroar|97/100|[from] Recoil\n|\n|upkeep\n|turn|6\n|inactive|hdhsjsko has 30 seconds left.\n|inactive|hdhsjsko has 20 seconds left.\n|inactive|hdhsjsko has 15 seconds left.\n|inactive|hdhsjsko has 10 seconds left.\n|inactive|hdhsjsko has 5 seconds left.\n|\n|t:|1775141269\n|move|p2a: Incineroar|Fake Out||[still]\n|-hint|Fake Out only works on your first turn out.\n|-fail|p2a: Incineroar\n|move|p1a: Ho-Oh|Sacred Fire|p2b: Zamazenta\n|-resisted|p2b: Zamazenta\n|-damage|p2b: Zamazenta|80/100\n|move|p1b: Incineroar|U-turn|p2a: Incineroar\n|-damage|p2a: Incineroar|80/100\n|\n|t:|1775141277\n|switch|p1b: Sinistcha|Sinistcha, L50|100/100|[from] U-turn\n|-heal|p1a: Ho-Oh|99/100|[from] ability: Hospitality|[of] p1b: Sinistcha\n|move|p2b: Zamazenta|Body Press|p1a: Ho-Oh\n|-resisted|p1a: Ho-Oh\n|-damage|p1a: Ho-Oh|72/100\n|\n|-sideend|p1: swordsdanceurshifu|move: Tailwind\n|upkeep\n|turn|7\n|\n|t:|1775141297\n|move|p2b: Zamazenta|Behemoth Bash|p1b: Sinistcha\n|-damage|p1b: Sinistcha|82/100\n|move|p1a: Ho-Oh|Tailwind|p1a: Ho-Oh\n|-sidestart|p1: swordsdanceurshifu|move: Tailwind\n|move|p1b: Sinistcha|Strength Sap|p2b: Zamazenta\n|-unboost|p2b: Zamazenta|atk|1\n|-heal|p1b: Sinistcha|100/100\n|move|p2a: Incineroar|Knock Off|p1b: Sinistcha\n|-supereffective|p1b: Sinistcha\n|-damage|p1b: Sinistcha|52/100\n|-enditem|p1b: Sinistcha|Focus Sash|[from] move: Knock Off|[of] p2a: Incineroar\n|\n|upkeep\n|turn|8\n|\n|t:|1775141319\n|switch|p2a: Calyrex|Calyrex-Shadow, L50|100/100\n|-ability|p2a: Calyrex|As One\n|-ability|p2a: Calyrex|Unnerve\n|move|p1a: Ho-Oh|Sacred Fire|p2b: Zamazenta\n|-resisted|p2b: Zamazenta\n|-damage|p2b: Zamazenta|72/100\n|-status|p2b: Zamazenta|brn\n|move|p1b: Sinistcha|Strength Sap|p2a: Calyrex\n|-unboost|p2a: Calyrex|atk|1\n|-heal|p1b: Sinistcha|98/100\n|move|p2b: Zamazenta|Body Press|p1a: Ho-Oh\n|-resisted|p1a: Ho-Oh\n|-damage|p1a: Ho-Oh|58/100\n|\n|-damage|p2b: Zamazenta|66/100 brn|[from] brn\n|upkeep\n|turn|9\n|\n|t:|1775141334\n|switch|p1a: Incineroar|Incineroar, L50, M|81/100\n|-ability|p1a: Incineroar|Intimidate|boost\n|-unboost|p2a: Calyrex|atk|1\n|-unboost|p2b: Zamazenta|atk|1\n|move|p1b: Sinistcha|Shadow Ball|p2a: Calyrex\n|-supereffective|p2a: Calyrex\n|-damage|p2a: Calyrex|0 fnt\n|faint|p2a: Calyrex\n|move|p2b: Zamazenta|Body Press|p1b: Sinistcha\n|-immune|p1b: Sinistcha\n|\n|-damage|p2b: Zamazenta|60/100 brn|[from] brn\n|upkeep\n|-message|hdhsjsko forfeited.\n|\n|win|swordsdanceurshifu\n|raw|swordsdanceurshifu's rating: 1417 &rarr; <strong>1436</strong><br />(+19 for winning)\n|raw|hdhsjsko's rating: 1395 &rarr; <strong>1376</strong><br />(-19 for losing)\n|l|\u2606hdhsjsko\n|player|p2|\n","uploadtime":1775141354,"views":12,"formatid":"gen9vgc2026regi","rating":1376,"private":0,"password":null}