{"id":"gen9vgc2026regi-2534486989","format":"[Gen 9] VGC 2026 Reg I","players":["Darknight918","cdogp3"],"log":"|j|\u2606Darknight918\n|j|\u2606cdogp3\n|t:|1770427175\n|gametype|doubles\n|player|p1|Darknight918|will|1435\n|player|p2|cdogp3|hoopster|1536\n|gen|9\n|tier|[Gen 9] VGC 2026 Reg I\n|rated|\n|rule|Species Clause: Limit one of each Pok\u00e9mon\n|rule|Item Clause: Limit 1 of each item\n|clearpoke\n|poke|p1|Koraidon, L50|\n|poke|p1|Flutter Mane, L50|\n|poke|p1|Rillaboom, L50, F|\n|poke|p1|Incineroar, L50, M|\n|poke|p1|Clefairy, L50, M|\n|poke|p1|Calyrex-Shadow, L50|\n|poke|p2|Calyrex-Shadow, L50|\n|poke|p2|Zamazenta-*, L50|\n|poke|p2|Chien-Pao, L50|\n|poke|p2|Raging Bolt, L50|\n|poke|p2|Ogerpon-Cornerstone, L50, F|\n|poke|p2|Amoonguss, L50, F|\n|teampreview|4\n|inactive|Battle timer is ON: inactive players will automatically lose when time's up. (requested by cdogp3)\n|inactive|cdogp3 has 60 seconds left.\n|\n|t:|1770427206\n|teamsize|p1|4\n|teamsize|p2|4\n|start\n|switch|p1a: Koraidon|Koraidon, L50|100/100\n|switch|p1b: Flutter Mane|Flutter Mane, L50, shiny|100/100\n|switch|p2a: Sean|Chien-Pao, L50|100/100\n|switch|p2b: Zamazenta|Zamazenta-Crowned, L50|100/100\n|-ability|p2a: Sean|Sword of Ruin\n|-weather|SunnyDay|[from] ability: Orichalcum Pulse|[of] p1a: Koraidon\n|-activate|p1b: Flutter Mane|ability: Protosynthesis\n|-start|p1b: Flutter Mane|protosynthesisspe\n|-activate|p1a: Koraidon|Orichalcum Pulse|[source]\n|-ability|p2b: Zamazenta|Dauntless Shield|boost\n|-boost|p2b: Zamazenta|def|1\n|turn|1\n|\n|t:|1770427229\n|-terastallize|p1a: Koraidon|Fire\n|-terastallize|p2b: Zamazenta|Dragon\n|move|p2a: Sean|Ice Shard|p1b: Flutter Mane\n|-damage|p1b: Flutter Mane|56/100\n|move|p1b: Flutter Mane|Icy Wind|p2a: Sean|[spread] p2a,p2b\n|-resisted|p2a: Sean\n|-supereffective|p2b: Zamazenta\n|-damage|p2a: Sean|93/100\n|-damage|p2b: Zamazenta|81/100\n|-unboost|p2a: Sean|spe|1\n|-unboost|p2b: Zamazenta|spe|1\n|move|p1a: Koraidon|Low Kick|p2b: Zamazenta\n|-crit|p2b: Zamazenta\n|-damage|p2b: Zamazenta|0 fnt\n|faint|p2b: Zamazenta\n|\n|-weather|SunnyDay|[upkeep]\n|upkeep\n|\n|t:|1770427243\n|switch|p2b: Calyrex|Calyrex-Shadow, L50|100/100\n|-ability|p2b: Calyrex|As One\n|-ability|p2b: Calyrex|Unnerve\n|turn|2\n|\n|t:|1770427257\n|move|p1b: Flutter Mane|Protect|p1b: Flutter Mane\n|-singleturn|p1b: Flutter Mane|Protect\n|move|p2a: Sean|Sucker Punch||[still]\n|-fail|p2a: Sean\n|move|p2b: Calyrex|Encore|p1a: Koraidon\n|-start|p1a: Koraidon|Encore\n|move|p1a: Koraidon|Low Kick|p2b: Calyrex\n|-immune|p2b: Calyrex\n|\n|-weather|SunnyDay|[upkeep]\n|upkeep\n|turn|3\n|\n|t:|1770427271\n|-end|p1b: Flutter Mane|Protosynthesis|[silent]\n|switch|p1b: Clefairy|Clefairy, L50, M, shiny|100/100\n|move|p2a: Sean|Sucker Punch||[still]\n|-fail|p2a: Sean\n|move|p2b: Calyrex|Astral Barrage|p1b: Clefairy|[spread] p1a,p1b\n|-damage|p1a: Koraidon|65/100\n|-damage|p1b: Clefairy|55/100\n|move|p1a: Koraidon|Low Kick|p2a: Sean\n|-supereffective|p2a: Sean\n|-damage|p2a: Sean|0 fnt\n|faint|p2a: Sean\n|\n|-weather|SunnyDay|[upkeep]\n|upkeep\n|\n|t:|1770427280\n|switch|p2a: Shahar|Raging Bolt, L50|100/100\n|-activate|p2a: Shahar|ability: Protosynthesis\n|-start|p2a: Shahar|protosynthesisspa\n|turn|4\n|\n|t:|1770427302\n|move|p1b: Clefairy|Helping Hand|p1a: Koraidon\n|-singleturn|p1a: Koraidon|Helping Hand|[of] p1b: Clefairy\n|move|p2a: Shahar|Thunderclap|p1a: Koraidon\n|-damage|p1a: Koraidon|32/100\n|move|p2b: Calyrex|Astral Barrage|p1b: Clefairy|[spread] p1a,p1b\n|-damage|p1a: Koraidon|0 fnt\n|-damage|p1b: Clefairy|7/100\n|faint|p1a: Koraidon\n|-ability|p2b: Calyrex|Grim Neigh|boost\n|-boost|p2b: Calyrex|spa|1\n|\n|-weather|SunnyDay|[upkeep]\n|upkeep\n|\n|t:|1770427316\n|switch|p1a: Calyrex|Calyrex-Shadow, L50|100/100\n|-ability|p1a: Calyrex|As One\n|-ability|p1a: Calyrex|Unnerve\n|turn|5\n|\n|t:|1770427326\n|move|p1b: Clefairy|Follow Me|p1b: Clefairy\n|-singleturn|p1b: Clefairy|move: Follow Me\n|move|p2b: Calyrex|Astral Barrage|p1a: Calyrex|[spread] p1a,p1b\n|-supereffective|p1a: Calyrex\n|-damage|p1a: Calyrex|0 fnt\n|-damage|p1b: Clefairy|0 fnt\n|faint|p1a: Calyrex\n|faint|p1b: Clefairy\n|-ability|p2b: Calyrex|Grim Neigh|boost\n|-boost|p2b: Calyrex|spa|2\n|move|p2a: Shahar|Thunderbolt|p1: Calyrex|[notarget]\n|-fail|p2a: Shahar\n|\n|-weather|none\n|-end|p2a: Shahar|Protosynthesis\n|upkeep\n|-enditem|p2a: Shahar|Booster Energy\n|-activate|p2a: Shahar|ability: Protosynthesis|[fromitem]\n|-start|p2a: Shahar|protosynthesisspa\n|-message|Darknight918 forfeited.\n|\n|win|cdogp3\n|raw|Darknight918's rating: 1435 &rarr; <strong>1421</strong><br />(-14 for losing)\n|raw|cdogp3's rating: 1536 &rarr; <strong>1550</strong><br />(+14 for winning)\n|l|\u2606Darknight918\n|player|p1|\n|l|\u2606cdogp3\n|player|p2|\n","uploadtime":1770427515,"views":14,"formatid":"gen9vgc2026regi","rating":1421,"private":0,"password":null}