{"id":"gen9vgc2026regi-2558376116","format":"[Gen 9] VGC 2026 Reg I","players":["pzyxhic","tatata1"],"log":"|badge|p2|silver|gen9randombattle|30-8\n|uhtml|medal-msg|<div class=\"broadcast-blue\">Curious what those medals under the avatar are? PS now has Ladder Seasons! For more information, check out the <a href=\"https://www.smogon.com/forums/threads/3740067/\">thread on Smogon.</a></div>\n|j|\u2606pzyxhic\n|j|\u2606tatata1\n|t:|1773428591\n|gametype|doubles\n|player|p1|pzyxhic|102|1294\n|player|p2|tatata1|schoolkid|1313\n|gen|9\n|tier|[Gen 9] VGC 2026 Reg I\n|rated|\n|rule|Species Clause: Limit one of each Pok\u00e9mon\n|rule|Item Clause: Limit 1 of each item\n|clearpoke\n|poke|p1|Calyrex-Shadow, L50|\n|poke|p1|Chi-Yu, L50|\n|poke|p1|Whimsicott, L50, F|\n|poke|p1|Urshifu-*, L50, F|\n|poke|p1|Farigiraf, L50, F|\n|poke|p1|Kyurem-White, L50|\n|poke|p2|Tornadus, L50, M|\n|poke|p2|Urshifu-*, L50, M|\n|poke|p2|Ursaluna, L50, M|\n|poke|p2|Groudon, L50|\n|poke|p2|Meowstic, L50, M|\n|poke|p2|Miraidon, L50|\n|teampreview|4\n|inactive|Battle timer is ON: inactive players will automatically lose when time's up. (requested by tatata1)\n|\n|t:|1773428613\n|teamsize|p1|4\n|teamsize|p2|4\n|start\n|switch|p1a: Calyrex|Calyrex-Shadow, L50|100/100\n|switch|p1b: Whimsicott|Whimsicott, L50, F|100/100\n|switch|p2a: Tornadus|Tornadus, L50, M|100/100\n|switch|p2b: Urshifu|Urshifu-Rapid-Strike, L50, M|100/100\n|-ability|p1a: Calyrex|As One\n|-ability|p1a: Calyrex|Unnerve\n|turn|1\n|\n|t:|1773428633\n|-terastallize|p2b: Urshifu|Water\n|move|p2a: Tornadus|Rain Dance|p2a: Tornadus\n|-weather|RainDance\n|move|p1b: Whimsicott|Tailwind|p1b: Whimsicott\n|-sidestart|p1: pzyxhic|move: Tailwind\n|move|p1a: Calyrex|Astral Barrage|p2b: Urshifu|[spread] p2a,p2b\n|-damage|p2a: Tornadus|38/100\n|-damage|p2b: Urshifu|11/100\n|move|p2b: Urshifu|Surging Strikes|p1a: Calyrex\n|-crit|p1a: Calyrex\n|-damage|p1a: Calyrex|59/100\n|-crit|p1a: Calyrex\n|-damage|p1a: Calyrex|12/100\n|-crit|p1a: Calyrex\n|-damage|p1a: Calyrex|0 fnt\n|faint|p1a: Calyrex\n|-hitcount|p1: Calyrex|3\n|\n|-weather|RainDance|[upkeep]\n|upkeep\n|\n|t:|1773428652\n|switch|p1a: Kyurem|Kyurem-White, L50|100/100\n|-ability|p1a: Kyurem|Turboblaze\n|turn|2\n|\n|t:|1773428659\n|move|p1b: Whimsicott|Encore|p2a: Tornadus\n|-start|p2a: Tornadus|Encore\n|-enditem|p2a: Tornadus|Mental Herb\n|-end|p2a: Tornadus|Encore\n|move|p2a: Tornadus|Tailwind|p2a: Tornadus\n|-sidestart|p2: tatata1|move: Tailwind\n|move|p2b: Urshifu|Surging Strikes|p1a: Kyurem\n|-resisted|p1a: Kyurem\n|-crit|p1a: Kyurem\n|-damage|p1a: Kyurem|82/100\n|-resisted|p1a: Kyurem\n|-crit|p1a: Kyurem\n|-damage|p1a: Kyurem|62/100\n|-resisted|p1a: Kyurem\n|-crit|p1a: Kyurem\n|-damage|p1a: Kyurem|44/100\n|-hitcount|p1a: Kyurem|3\n|move|p1a: Kyurem|Freeze-Dry|p2b: Urshifu\n|-supereffective|p2b: Urshifu\n|-damage|p2b: Urshifu|0 fnt\n|faint|p2b: Urshifu\n|-damage|p1a: Kyurem|34/100|[from] item: Life Orb\n|\n|-weather|RainDance|[upkeep]\n|upkeep\n|\n|t:|1773428676\n|switch|p2b: Miraidon|Miraidon, L50|100/100\n|-fieldstart|move: Electric Terrain|[from] ability: Hadron Engine|[of] p2b: Miraidon\n|turn|3\n|\n|t:|1773428691\n|move|p1a: Kyurem|Protect|p1a: Kyurem\n|-singleturn|p1a: Kyurem|Protect\n|move|p2a: Tornadus|Taunt|p1b: Whimsicott\n|-start|p1b: Whimsicott|move: Taunt\n|cant|p1b: Whimsicott|move: Taunt|Encore\n|move|p2b: Miraidon|Electro Drift|p1a: Kyurem\n|-activate|p1a: Kyurem|move: Protect\n|\n|-weather|RainDance|[upkeep]\n|upkeep\n|turn|4\n|\n|t:|1773428714\n|switch|p1b: Chi-Yu|Chi-Yu, L50|100/100\n|-ability|p1b: Chi-Yu|Beads of Ruin\n|move|p2b: Miraidon|Electro Drift|p1a: Kyurem\n|-resisted|p1a: Kyurem\n|-damage|p1a: Kyurem|0 fnt\n|faint|p1a: Kyurem\n|move|p2a: Tornadus|Bleakwind Storm|p1b: Chi-Yu\n|-damage|p1b: Chi-Yu|56/100\n|\n|-weather|RainDance|[upkeep]\n|-heal|p1b: Chi-Yu|62/100|[from] item: Leftovers\n|-sideend|p1: pzyxhic|move: Tailwind\n|upkeep\n|\n|t:|1773428728\n|switch|p1a: Whimsicott|Whimsicott, L50, F|100/100\n|turn|5\n|\n|t:|1773428739\n|move|p1b: Chi-Yu|Protect|p1b: Chi-Yu\n|-singleturn|p1b: Chi-Yu|Protect\n|move|p2b: Miraidon|Electro Drift|p1a: Whimsicott\n|-resisted|p1a: Whimsicott\n|-damage|p1a: Whimsicott|7/100\n|move|p2a: Tornadus|Bleakwind Storm|p1a: Whimsicott|[spread] p1a\n|-activate|p1b: Chi-Yu|move: Protect\n|-supereffective|p1a: Whimsicott\n|-damage|p1a: Whimsicott|0 fnt\n|faint|p1a: Whimsicott\n|\n|-weather|none\n|-heal|p1b: Chi-Yu|67/100|[from] item: Leftovers\n|-sideend|p2: tatata1|move: Tailwind\n|upkeep\n|turn|6\n|-message|pzyxhic forfeited.\n|\n|win|tatata1\n|raw|pzyxhic's rating: 1294 &rarr; <strong>1270</strong><br />(-24 for losing)\n|raw|tatata1's rating: 1313 &rarr; <strong>1332</strong><br />(+19 for winning)\n|l|\u2606pzyxhic\n|player|p1|\n","uploadtime":1773428763,"views":14,"formatid":"gen9vgc2026regi","rating":1270,"private":0,"password":null}