{"id":"gen9vgc2026regi-2514604504","format":"[Gen 9] VGC 2026 Reg I","players":["liam.2025","ClewwThe"],"log":"|j|\u2606liam.2025\n|j|\u2606ClewwThe\n|t:|1767890111\n|gametype|doubles\n|player|p1|liam.2025|policeman|1202\n|player|p2|ClewwThe|1|1192\n|gen|9\n|tier|[Gen 9] VGC 2026 Reg I\n|rated|\n|rule|Species Clause: Limit one of each Pok\u00e9mon\n|rule|Item Clause: Limit 1 of each item\n|clearpoke\n|poke|p1|Murkrow, L50, F|\n|poke|p1|Weezing-Galar, L50, F|\n|poke|p1|Terapagos, L50, M|\n|poke|p1|Smeargle, L50, M|\n|poke|p1|Calyrex-Ice, L50|\n|poke|p1|Ursaluna, L50, M|\n|poke|p2|Indeedee-F, L50, F|\n|poke|p2|Calyrex-Ice, L50|\n|poke|p2|Hatterene, L50, F|\n|poke|p2|Gallade, L50, M|\n|poke|p2|Torkoal, L50, F|\n|poke|p2|Smeargle, L50, F|\n|teampreview|4\n|inactive|Battle timer is ON: inactive players will automatically lose when time's up. (requested by ClewwThe)\n|\n|t:|1767890137\n|teamsize|p1|4\n|teamsize|p2|4\n|start\n|switch|p1a: Murkrow|Murkrow, L50, F|100/100\n|switch|p1b: Calyrex|Calyrex-Ice, L50|100/100\n|switch|p2a: Calyrex|Calyrex-Ice, L50|100/100\n|switch|p2b: Smeargle|Smeargle, L50, F, shiny|100/100\n|-ability|p1b: Calyrex|As One\n|-ability|p1b: Calyrex|Unnerve\n|-ability|p2a: Calyrex|As One\n|-ability|p2a: Calyrex|Unnerve\n|turn|1\n|\n|t:|1767890156\n|move|p1a: Murkrow|Protect|p1a: Murkrow\n|-singleturn|p1a: Murkrow|Protect\n|move|p2b: Smeargle|Fake Out|p1a: Murkrow\n|-activate|p1a: Murkrow|move: Protect\n|move|p1b: Calyrex|Imprison|p1b: Calyrex\n|-start|p1b: Calyrex|move: Imprison\n|cant|p2a: Calyrex|move: Imprison|Imprison\n|\n|upkeep\n|turn|2\n|inactive|ClewwThe has 30 seconds left.\n|\n|t:|1767890188\n|switch|p2a: Torkoal|Torkoal, L50, F, shiny|100/100\n|-weather|SunnyDay|[from] ability: Drought|[of] p2a: Torkoal\n|move|p1a: Murkrow|Taunt|p2b: Smeargle\n|-start|p2b: Smeargle|move: Taunt\n|cant|p2b: Smeargle|move: Taunt|Spore\n|move|p1b: Calyrex|Glacial Lance|p2a: Torkoal|[spread] p2a,p2b\n|-resisted|p2a: Torkoal\n|-damage|p2a: Torkoal|83/100\n|-enditem|p2b: Smeargle|Focus Sash\n|-damage|p2b: Smeargle|1/100\n|\n|-weather|SunnyDay|[upkeep]\n|upkeep\n|turn|3\n|\n|t:|1767890212\n|switch|p2b: Hatterene|Hatterene, L50, F, shiny|100/100\n|-terastallize|p1b: Calyrex|Water\n|-terastallize|p2a: Torkoal|Fire\n|move|p1a: Murkrow|Brave Bird|p2a: Torkoal\n|-damage|p2a: Torkoal|42/100\n|-damage|p1a: Murkrow|83/100|[from] Recoil\n|move|p1b: Calyrex|Glacial Lance|p2b: Hatterene|[spread] p2a,p2b\n|-resisted|p2a: Torkoal\n|-damage|p2a: Torkoal|25/100\n|-damage|p2b: Hatterene|46/100\n|move|p2a: Torkoal|Eruption|p1a: Murkrow|[spread] p1a,p1b\n|-resisted|p1b: Calyrex\n|-damage|p1a: Murkrow|0 fnt\n|-damage|p1b: Calyrex|88/100\n|faint|p1a: Murkrow\n|\n|-weather|SunnyDay|[upkeep]\n|upkeep\n|\n|t:|1767890231\n|switch|p1a: Smeargle|Smeargle, L50, M|100/100\n|turn|4\n|\n|t:|1767890252\n|move|p1a: Smeargle|Decorate|p1b: Calyrex\n|-boost|p1b: Calyrex|atk|2\n|-boost|p1b: Calyrex|spa|2\n|move|p1b: Calyrex|Glacial Lance|p2a: Torkoal|[spread] p2a,p2b\n|-resisted|p2a: Torkoal\n|-damage|p2a: Torkoal|0 fnt\n|-damage|p2b: Hatterene|0 fnt\n|faint|p2a: Torkoal\n|faint|p2b: Hatterene\n|-ability|p1b: Calyrex|Chilling Neigh|boost\n|-boost|p1b: Calyrex|atk|2\n|\n|-weather|SunnyDay|[upkeep]\n|upkeep\n|\n|t:|1767890266\n|switch|p2b: Smeargle|Smeargle, L50, F, shiny|1/100\n|switch|p2a: Calyrex|Calyrex-Ice, L50|100/100\n|-ability|p2a: Calyrex|As One\n|-ability|p2a: Calyrex|Unnerve\n|turn|5\n|\n|t:|1767890277\n|move|p1a: Smeargle|Quick Guard|p1a: Smeargle\n|-singleturn|p1a: Smeargle|Quick Guard\n|move|p2b: Smeargle|Spore|p1b: Calyrex\n|-status|p1b: Calyrex|slp|[from] move: Spore\n|cant|p1b: Calyrex|slp\n|-activate|p2a: Calyrex|move: Struggle\n|move|p2a: Calyrex|Struggle|p1b: Calyrex\n|-damage|p1b: Calyrex|75/100 slp\n|-damage|p2a: Calyrex|75/100|[from] recoil\n|\n|-weather|SunnyDay|[upkeep]\n|upkeep\n|turn|6\n|\n|t:|1767890293\n|move|p1a: Smeargle|Feint|p2b: Smeargle\n|-damage|p2b: Smeargle|0 fnt\n|faint|p2b: Smeargle\n|-curestatus|p1b: Calyrex|slp|[msg]\n|move|p1b: Calyrex|Glacial Lance|p2a: Calyrex\n|-resisted|p2a: Calyrex\n|-damage|p2a: Calyrex|20/100\n|-activate|p2a: Calyrex|move: Struggle\n|move|p2a: Calyrex|Struggle|p1a: Smeargle\n|-damage|p1a: Smeargle|36/100\n|-damage|p2a: Calyrex|0 fnt|[from] recoil\n|faint|p2a: Calyrex\n|\n|win|liam.2025\n|raw|liam.2025's rating: 1202 &rarr; <strong>1226</strong><br />(+24 for winning)\n|raw|ClewwThe's rating: 1192 &rarr; <strong>1168</strong><br />(-24 for losing)\n|l|\u2606ClewwThe\n|player|p2|\n","uploadtime":1767890445,"views":16,"formatid":"gen9vgc2026regi","rating":1168,"private":0,"password":null}