{"id":"gen9vgc2026regi-2513767866","format":"[Gen 9] VGC 2026 Reg I","players":["Schimmli","phfg"],"log":"|j|\u2606Schimmli\n|j|\u2606phfg\n|t:|1767779247\n|gametype|doubles\n|player|p1|Schimmli|265|1237\n|player|p2|phfg|hilda|1157\n|gen|9\n|tier|[Gen 9] VGC 2026 Reg I\n|rated|\n|rule|Species Clause: Limit one of each Pok\u00e9mon\n|rule|Item Clause: Limit 1 of each item\n|clearpoke\n|poke|p1|Farigiraf, L50, F|\n|poke|p1|Miraidon, L50|\n|poke|p1|Rayquaza, L50|\n|poke|p1|Chien-Pao, L50|\n|poke|p1|Iron Hands, L50|\n|poke|p1|Volcarona, L50, F|\n|poke|p2|Miraidon, L50|\n|poke|p2|Calyrex-Ice, L50|\n|poke|p2|Landorus, L50, M|\n|poke|p2|Urshifu-*, L50, M|\n|poke|p2|Incineroar, L50, M|\n|poke|p2|Farigiraf, L50, F|\n|teampreview|4\n|\n|t:|1767779300\n|teamsize|p1|4\n|teamsize|p2|4\n|start\n|switch|p1a: Iron Hands|Iron Hands, L50|100/100\n|switch|p1b: Volcarona|Volcarona, L50, F|100/100\n|switch|p2a: Calyrex|Calyrex-Ice, L50|100/100\n|switch|p2b: Incineroar|Incineroar, L50, M|100/100\n|-ability|p2a: Calyrex|As One\n|-ability|p2a: Calyrex|Unnerve\n|-ability|p2b: Incineroar|Intimidate|boost\n|-unboost|p1a: Iron Hands|atk|1\n|-unboost|p1b: Volcarona|atk|1\n|turn|1\n|\n|t:|1767779316\n|-terastallize|p2a: Calyrex|Fire\n|move|p2b: Incineroar|Fake Out|p1a: Iron Hands\n|-damage|p1a: Iron Hands|93/100\n|move|p1b: Volcarona|Flamethrower|p2a: Calyrex\n|-resisted|p2a: Calyrex\n|-damage|p2a: Calyrex|87/100\n|move|p2a: Calyrex|High Horsepower|p1a: Iron Hands\n|-supereffective|p1a: Iron Hands\n|-damage|p1a: Iron Hands|40/100\n|cant|p1a: Iron Hands|flinch\n|\n|upkeep\n|turn|2\n|\n|t:|1767779339\n|move|p1b: Volcarona|Rage Powder|p1b: Volcarona\n|-singleturn|p1b: Volcarona|move: Rage Powder\n|move|p2b: Incineroar|Flare Blitz|p1b: Volcarona\n|-damage|p1b: Volcarona|54/100\n|-damage|p2b: Incineroar|84/100|[from] item: Rocky Helmet|[of] p1b: Volcarona\n|-damage|p2b: Incineroar|69/100|[from] Recoil\n|move|p2a: Calyrex|High Horsepower|p1b: Volcarona\n|-damage|p1b: Volcarona|18/100\n|-damage|p2a: Calyrex|71/100|[from] item: Rocky Helmet|[of] p1b: Volcarona\n|move|p1a: Iron Hands|Drain Punch|p2b: Incineroar\n|-supereffective|p2b: Incineroar\n|-damage|p2b: Incineroar|10/100\n|-heal|p1a: Iron Hands|64/100|[from] drain|[of] p2b: Incineroar\n|\n|upkeep\n|turn|3\n|\n|t:|1767779375\n|move|p2b: Incineroar|Flare Blitz|p1a: Iron Hands\n|-damage|p1a: Iron Hands|32/100\n|-damage|p2b: Incineroar|0 fnt|[from] Recoil\n|faint|p2b: Incineroar\n|move|p1b: Volcarona|Struggle Bug|p2a: Calyrex\n|-resisted|p2a: Calyrex\n|-damage|p2a: Calyrex|65/100\n|move|p2a: Calyrex|Glacial Lance|p1b: Volcarona|[spread] p1a,p1b\n|-resisted|p1b: Volcarona\n|-damage|p1a: Iron Hands|0 fnt\n|-damage|p1b: Volcarona|0 fnt\n|faint|p1a: Iron Hands\n|-end|p1a: Iron Hands|Quark Drive|[silent]\n|faint|p1b: Volcarona\n|-ability|p2a: Calyrex|Chilling Neigh|boost\n|-boost|p2a: Calyrex|atk|2\n|\n|upkeep\n|\n|t:|1767779391\n|switch|p2b: Urshifu|Urshifu-Rapid-Strike, L50, M|100/100\n|switch|p1b: Chien-Pao|Chien-Pao, L50|100/100\n|switch|p1a: Rayquaza|Rayquaza, L50|100/100\n|-ability|p1b: Chien-Pao|Sword of Ruin\n|-ability|p1a: Rayquaza|Air Lock\n|turn|4\n|\n|t:|1767779412\n|-terastallize|p1a: Rayquaza|Normal\n|move|p1a: Rayquaza|Extreme Speed|p2b: Urshifu\n|-damage|p2b: Urshifu|35/100\n|move|p1b: Chien-Pao|Sucker Punch|p2b: Urshifu\n|-resisted|p2b: Urshifu\n|-damage|p2b: Urshifu|11/100\n|move|p2b: Urshifu|Surging Strikes|p1b: Chien-Pao\n|-crit|p1b: Chien-Pao\n|-damage|p1b: Chien-Pao|73/100\n|-crit|p1b: Chien-Pao\n|-damage|p1b: Chien-Pao|43/100\n|-crit|p1b: Chien-Pao\n|-damage|p1b: Chien-Pao|15/100\n|-hitcount|p1b: Chien-Pao|3\n|move|p2a: Calyrex|Trick Room|p2a: Calyrex\n|-fieldstart|move: Trick Room|[of] p2a: Calyrex\n|\n|upkeep\n|turn|5\n|\n|t:|1767779429\n|move|p2b: Urshifu|Detect|p2b: Urshifu\n|-singleturn|p2b: Urshifu|Protect\n|move|p1a: Rayquaza|Extreme Speed|p2a: Calyrex\n|-damage|p2a: Calyrex|25/100\n|move|p1b: Chien-Pao|Sucker Punch|p2a: Calyrex\n|-damage|p2a: Calyrex|0 fnt\n|faint|p2a: Calyrex\n|\n|upkeep\n|\n|t:|1767779437\n|switch|p2a: Landorus|Landorus, L50, M|100/100\n|turn|6\n|\n|t:|1767779464\n|move|p1a: Rayquaza|Extreme Speed|p2b: Urshifu\n|-damage|p2b: Urshifu|0 fnt\n|faint|p2b: Urshifu\n|move|p1b: Chien-Pao|Sucker Punch|p2a: Landorus\n|-damage|p2a: Landorus|55/100\n|move|p2a: Landorus|Earth Power|p1b: Chien-Pao\n|-crit|p1b: Chien-Pao\n|-damage|p1b: Chien-Pao|0 fnt\n|faint|p1b: Chien-Pao\n|\n|upkeep\n|turn|7\n|\n|t:|1767779479\n|move|p2a: Landorus|Earth Power|p1a: Rayquaza\n|-damage|p1a: Rayquaza|29/100\n|move|p1a: Rayquaza|Dragon Ascent|p2a: Landorus\n|-damage|p2a: Landorus|0 fnt\n|-unboost|p1a: Rayquaza|def|1\n|-unboost|p1a: Rayquaza|spd|1\n|faint|p2a: Landorus\n|\n|win|Schimmli\n|raw|Schimmli's rating: 1237 &rarr; <strong>1256</strong><br />(+19 for winning)\n|raw|phfg's rating: 1157 &rarr; <strong>1138</strong><br />(-19 for losing)\n|l|\u2606phfg\n|player|p2|\n|l|\u2606Schimmli\n|player|p1|\n","uploadtime":1767779629,"views":12,"formatid":"gen9vgc2026regi","rating":1138,"private":0,"password":null}