{"id":"gen9vgc2026regi-2565715949","format":"[Gen 9] VGC 2026 Reg I","players":["KaiMVGC","alkdfe"],"log":"|j|\u2606KaiMVGC\n|j|\u2606alkdfe\n|t:|1774297836\n|gametype|doubles\n|player|p1|KaiMVGC|boarder|1322\n|player|p2|alkdfe|elesa|1233\n|gen|9\n|tier|[Gen 9] VGC 2026 Reg I\n|rated|\n|rule|Species Clause: Limit one of each Pok\u00e9mon\n|rule|Item Clause: Limit 1 of each item\n|clearpoke\n|poke|p1|Calyrex-Shadow, L50|\n|poke|p1|Zamazenta-*, L50|\n|poke|p1|Rillaboom, L50, F|\n|poke|p1|Raging Bolt, L50|\n|poke|p1|Smeargle, L50, M|\n|poke|p1|Ogerpon-Cornerstone, L50, F|\n|poke|p2|Amoonguss, L50, F|\n|poke|p2|Calyrex-Ice, L50|\n|poke|p2|Kyogre, L50|\n|poke|p2|Urshifu-*, L50, F|\n|poke|p2|Rillaboom, L50, F|\n|poke|p2|Flutter Mane, L50|\n|teampreview|4\n|l|\u2606KaiMVGC\n|player|p1|\n|\n|t:|1774297880\n|teamsize|p1|4\n|teamsize|p2|4\n|start\n|switch|p1a: Ogerpon|Ogerpon-Cornerstone, L50, F|100/100\n|switch|p1b: Rillaboom|Rillaboom, L50, F|100/100\n|switch|p2a: Kyogre|Kyogre, L50|100/100\n|switch|p2b: Flutter Mane|Flutter Mane, L50|100/100\n|-weather|RainDance|[from] ability: Drizzle|[of] p2a: Kyogre\n|-fieldstart|move: Grassy Terrain|[from] ability: Grassy Surge|[of] p1b: Rillaboom\n|turn|1\n|inactive|Battle timer is ON: inactive players will automatically lose when time's up. (requested by alkdfe)\n|j|\u2606KaiMVGC\n|inactive|KaiMVGC reconnected and has 90 seconds left.\n|player|p1|KaiMVGC|boarder|\n|\n|t:|1774297905\n|-end|p2b: Flutter Mane|Protosynthesis|[silent]\n|switch|p2b: Calyrex|Calyrex-Ice, L50|100/100\n|-ability|p2b: Calyrex|As One\n|-ability|p2b: Calyrex|Unnerve\n|move|p2a: Kyogre|Protect|p2a: Kyogre\n|-singleturn|p2a: Kyogre|Protect\n|move|p1b: Rillaboom|Fake Out|p2a: Kyogre\n|-activate|p2a: Kyogre|move: Protect\n|move|p1a: Ogerpon|Ivy Cudgel|p2b: Calyrex|[anim] Ivy Cudgel Rock\n|-supereffective|p2b: Calyrex\n|-damage|p2b: Calyrex|47/100\n|\n|-weather|RainDance|[upkeep]\n|-heal|p2b: Calyrex|53/100|[from] Grassy Terrain\n|-heal|p2b: Calyrex|59/100|[from] item: Leftovers\n|upkeep\n|turn|2\n|\n|t:|1774297928\n|move|p2b: Calyrex|Protect|p2b: Calyrex\n|-singleturn|p2b: Calyrex|Protect\n|move|p1b: Rillaboom|Grassy Glide|p2b: Calyrex\n|-activate|p2b: Calyrex|move: Protect\n|move|p1a: Ogerpon|Ivy Cudgel|p2b: Calyrex|[anim] Ivy Cudgel Rock\n|-activate|p2b: Calyrex|move: Protect\n|move|p2a: Kyogre|Origin Pulse|p1a: Ogerpon|[spread] p1b\n|-miss|p2a: Kyogre|p1a: Ogerpon\n|-resisted|p1b: Rillaboom\n|-damage|p1b: Rillaboom|71/100\n|\n|-weather|RainDance|[upkeep]\n|-heal|p1b: Rillaboom|77/100|[from] Grassy Terrain\n|-heal|p2b: Calyrex|65/100|[from] Grassy Terrain\n|-heal|p2b: Calyrex|71/100|[from] item: Leftovers\n|upkeep\n|turn|3\n|inactive|alkdfe has 30 seconds left.\n|\n|t:|1774297957\n|-terastallize|p2b: Calyrex|Fairy\n|move|p2a: Kyogre|Protect|p2a: Kyogre\n|-singleturn|p2a: Kyogre|Protect\n|move|p1a: Ogerpon|Ivy Cudgel|p2b: Calyrex|[anim] Ivy Cudgel Rock\n|-damage|p2b: Calyrex|44/100\n|move|p1b: Rillaboom|U-turn|p2b: Calyrex\n|-resisted|p2b: Calyrex\n|-damage|p2b: Calyrex|38/100\n|\n|t:|1774297962\n|switch|p1b: Zamazenta|Zamazenta-Crowned, L50|100/100|[from] U-turn\n|-ability|p1b: Zamazenta|Dauntless Shield|boost\n|-boost|p1b: Zamazenta|def|1\n|move|p2b: Calyrex|Trick Room|p2b: Calyrex\n|-fieldstart|move: Trick Room|[of] p2b: Calyrex\n|\n|-weather|RainDance|[upkeep]\n|-heal|p2b: Calyrex|44/100|[from] Grassy Terrain\n|-heal|p2b: Calyrex|50/100|[from] item: Leftovers\n|upkeep\n|turn|4\n|inactive|alkdfe has 30 seconds left.\n|\n|t:|1774297988\n|-terastallize|p1b: Zamazenta|Water\n|move|p1b: Zamazenta|Wide Guard|p1b: Zamazenta\n|-singleturn|p1b: Zamazenta|Wide Guard\n|move|p2b: Calyrex|Leech Seed|p1b: Zamazenta\n|-start|p1b: Zamazenta|move: Leech Seed\n|move|p2a: Kyogre|Hydro Pump|p1a: Ogerpon\n|-ability|p1a: Ogerpon|Sturdy\n|-damage|p1a: Ogerpon|1/100\n|move|p1a: Ogerpon|Ivy Cudgel|p2b: Calyrex|[anim] Ivy Cudgel Rock\n|-damage|p2b: Calyrex|22/100\n|\n|-weather|RainDance|[upkeep]\n|-heal|p2b: Calyrex|28/100|[from] Grassy Terrain\n|-heal|p2b: Calyrex|33/100|[from] item: Leftovers\n|-heal|p1a: Ogerpon|7/100|[from] Grassy Terrain\n|-damage|p1b: Zamazenta|88/100|[from] Leech Seed|[of] p2b: Calyrex\n|-heal|p2b: Calyrex|45/100|[silent]\n|upkeep\n|turn|5\n|inactive|KaiMVGC has 30 seconds left.\n|inactive|KaiMVGC has 20 seconds left.\n|\n|t:|1774298024\n|move|p2b: Calyrex|Protect|p2b: Calyrex\n|-singleturn|p2b: Calyrex|Protect\n|move|p1a: Ogerpon|Follow Me|p1a: Ogerpon\n|-singleturn|p1a: Ogerpon|move: Follow Me\n|move|p2a: Kyogre|Origin Pulse|p1a: Ogerpon|[spread] p1a,p1b\n|-resisted|p1b: Zamazenta\n|-damage|p1a: Ogerpon|0 fnt\n|-damage|p1b: Zamazenta|57/100\n|faint|p1a: Ogerpon\n|move|p1b: Zamazenta|Body Press|p2a: Kyogre\n|-damage|p2a: Kyogre|32/100\n|\n|-weather|none\n|-heal|p2b: Calyrex|51/100|[from] Grassy Terrain\n|-heal|p2b: Calyrex|57/100|[from] item: Leftovers\n|-heal|p2a: Kyogre|38/100|[from] Grassy Terrain\n|-heal|p1b: Zamazenta|63/100|[from] Grassy Terrain\n|-damage|p1b: Zamazenta|51/100|[from] Leech Seed|[of] p2b: Calyrex\n|-heal|p2b: Calyrex|68/100|[silent]\n|-fieldend|move: Grassy Terrain\n|upkeep\n|\n|t:|1774298032\n|switch|p1a: Rillaboom|Rillaboom, L50, F|77/100\n|-fieldstart|move: Grassy Terrain|[from] ability: Grassy Surge|[of] p1a: Rillaboom\n|turn|6\n|\n|t:|1774298053\n|switch|p2a: Flutter Mane|Flutter Mane, L50|100/100\n|move|p2b: Calyrex|Protect|p2b: Calyrex\n|-singleturn|p2b: Calyrex|Protect\n|move|p1a: Rillaboom|Fake Out|p2b: Calyrex\n|-activate|p2b: Calyrex|move: Protect\n|move|p1b: Zamazenta|Heavy Slam|p2b: Calyrex\n|-activate|p2b: Calyrex|move: Protect\n|\n|-heal|p2b: Calyrex|74/100|[from] Grassy Terrain\n|-heal|p2b: Calyrex|80/100|[from] item: Leftovers\n|-heal|p1a: Rillaboom|83/100|[from] Grassy Terrain\n|-heal|p1b: Zamazenta|57/100|[from] Grassy Terrain\n|-damage|p1b: Zamazenta|45/100|[from] Leech Seed|[of] p2b: Calyrex\n|-heal|p2b: Calyrex|91/100|[silent]\n|upkeep\n|turn|7\n|inactive|alkdfe has 30 seconds left.\n|\n|t:|1774298081\n|switch|p2b: Urshifu|Urshifu-Rapid-Strike, L50, F|100/100\n|move|p1b: Zamazenta|Wide Guard|p1b: Zamazenta\n|-singleturn|p1b: Zamazenta|Wide Guard\n|move|p1a: Rillaboom|Wood Hammer|p2b: Urshifu\n|-supereffective|p2b: Urshifu\n|-damage|p2b: Urshifu|0 fnt\n|faint|p2b: Urshifu\n|-damage|p1a: Rillaboom|55/100|[from] Recoil\n|move|p2a: Flutter Mane|Icy Wind|p1a: Rillaboom|[spread] \n|-activate|p1a: Rillaboom|move: Wide Guard\n|-activate|p1b: Zamazenta|move: Wide Guard\n|\n|-heal|p1a: Rillaboom|61/100|[from] Grassy Terrain\n|-heal|p1b: Zamazenta|51/100|[from] Grassy Terrain\n|-fieldend|move: Trick Room\n|upkeep\n|\n|t:|1774298099\n|switch|p2b: Kyogre|Kyogre, L50|38/100\n|-weather|RainDance|[from] ability: Drizzle|[of] p2b: Kyogre\n|turn|8\n|\n|t:|1774298121\n|move|p1b: Zamazenta|Protect|p1b: Zamazenta\n|-singleturn|p1b: Zamazenta|Protect\n|move|p1a: Rillaboom|Grassy Glide|p2a: Flutter Mane\n|-damage|p2a: Flutter Mane|22/100\n|move|p2a: Flutter Mane|Shadow Ball|p1a: Rillaboom\n|-damage|p1a: Rillaboom|31/100\n|move|p2b: Kyogre|Hydro Pump|p1b: Zamazenta\n|-activate|p1b: Zamazenta|move: Protect\n|\n|-weather|RainDance|[upkeep]\n|-heal|p2a: Flutter Mane|28/100|[from] Grassy Terrain\n|-heal|p1b: Zamazenta|57/100|[from] Grassy Terrain\n|-heal|p2b: Kyogre|44/100|[from] Grassy Terrain\n|-heal|p1a: Rillaboom|37/100|[from] Grassy Terrain\n|-damage|p1b: Zamazenta|45/100|[from] Leech Seed|[of] p2b: Kyogre\n|-heal|p2b: Kyogre|57/100|[silent]\n|upkeep\n|turn|9\n|inactive|alkdfe has 30 seconds left.\n|\n|t:|1774298149\n|-end|p2a: Flutter Mane|Protosynthesis|[silent]\n|switch|p2a: Calyrex|Calyrex-Ice, L50, tera:Fairy|91/100\n|-ability|p2a: Calyrex|As One\n|-ability|p2a: Calyrex|Unnerve\n|move|p1a: Rillaboom|Grassy Glide|p2a: Calyrex\n|-damage|p2a: Calyrex|72/100\n|move|p1b: Zamazenta|Body Press|p2b: Kyogre\n|-damage|p2b: Kyogre|0 fnt\n|faint|p2b: Kyogre\n|\n|-weather|RainDance|[upkeep]\n|-heal|p1b: Zamazenta|51/100|[from] Grassy Terrain\n|-heal|p1a: Rillaboom|43/100|[from] Grassy Terrain\n|-heal|p2a: Calyrex|78/100|[from] Grassy Terrain\n|-heal|p2a: Calyrex|84/100|[from] item: Leftovers\n|upkeep\n|\n|t:|1774298166\n|switch|p2b: Flutter Mane|Flutter Mane, L50|28/100\n|turn|10\n|\n|t:|1774298182\n|move|p2b: Flutter Mane|Moonblast|p1b: Zamazenta\n|-damage|p1b: Zamazenta|18/100\n|-unboost|p1b: Zamazenta|spa|1\n|move|p1b: Zamazenta|Heavy Slam|p2a: Calyrex\n|-supereffective|p2a: Calyrex\n|-damage|p2a: Calyrex|66/100\n|move|p1a: Rillaboom|Wood Hammer|p2a: Calyrex\n|-damage|p2a: Calyrex|26/100\n|-damage|p1a: Rillaboom|30/100|[from] Recoil\n|move|p2a: Calyrex|Glacial Lance|p1b: Zamazenta|[spread] p1a,p1b\n|-supereffective|p1a: Rillaboom\n|-resisted|p1b: Zamazenta\n|-damage|p1a: Rillaboom|0 fnt\n|-damage|p1b: Zamazenta|9/100\n|faint|p1a: Rillaboom\n|-ability|p2a: Calyrex|Chilling Neigh|boost\n|-boost|p2a: Calyrex|atk|1\n|\n|-weather|RainDance|[upkeep]\n|-heal|p2b: Flutter Mane|34/100|[from] Grassy Terrain\n|-heal|p1b: Zamazenta|15/100|[from] Grassy Terrain\n|-heal|p2a: Calyrex|32/100|[from] Grassy Terrain\n|-heal|p2a: Calyrex|38/100|[from] item: Leftovers\n|-damage|p1b: Zamazenta|3/100|[from] Leech Seed|[of] p2b: Flutter Mane\n|-heal|p2b: Flutter Mane|52/100|[silent]\n|-fieldend|move: Grassy Terrain\n|upkeep\n|\n|t:|1774298189\n|switch|p1a: Calyrex|Calyrex-Shadow, L50|100/100\n|-ability|p1a: Calyrex|As One\n|-ability|p1a: Calyrex|Unnerve\n|turn|11\n|inactive|alkdfe has 30 seconds left.\n|\n|t:|1774298223\n|move|p2b: Flutter Mane|Shadow Ball|p1a: Calyrex\n|-supereffective|p1a: Calyrex\n|-damage|p1a: Calyrex|0 fnt\n|faint|p1a: Calyrex\n|move|p1b: Zamazenta|Heavy Slam|p2b: Flutter Mane\n|-supereffective|p2b: Flutter Mane\n|-damage|p2b: Flutter Mane|0 fnt\n|faint|p2b: Flutter Mane\n|-end|p2b: Flutter Mane|Protosynthesis|[silent]\n|move|p2a: Calyrex|Trick Room|p2a: Calyrex\n|-fieldstart|move: Trick Room|[of] p2a: Calyrex\n|\n|-weather|RainDance|[upkeep]\n|-heal|p2a: Calyrex|43/100|[from] item: Leftovers\n|upkeep\n|turn|12\n|-message|KaiMVGC forfeited.\n|\n|win|alkdfe\n|raw|KaiMVGC's rating: 1322 &rarr; <strong>1297</strong><br />(-25 for losing)\n|raw|alkdfe's rating: 1233 &rarr; <strong>1264</strong><br />(+31 for winning)\n|l|\u2606KaiMVGC\n|player|p1|\n","uploadtime":1774298238,"views":34,"formatid":"gen9vgc2026regi","rating":1264,"private":0,"password":null}