{"id":"gen9vgc2026regi-2576749765","format":"[Gen 9] VGC 2026 Reg I","players":["zestylesty","Mirthinion"],"log":"|j|\u2606zestylesty\n|j|\u2606Mirthinion\n|t:|1775502671\n|gametype|doubles\n|player|p1|zestylesty|cynthia-gen4|1383\n|player|p2|Mirthinion|janitor|1522\n|gen|9\n|tier|[Gen 9] VGC 2026 Reg I\n|rated|\n|rule|Species Clause: Limit one of each Pok\u00e9mon\n|rule|Item Clause: Limit 1 of each item\n|clearpoke\n|poke|p1|Calyrex-Ice, L50|\n|poke|p1|Miraidon, L50|\n|poke|p1|Grimmsnarl, L50, M|\n|poke|p1|Urshifu-*, L50, M|\n|poke|p1|Incineroar, L50, M|\n|poke|p1|Landorus, L50, M|\n|poke|p2|Calyrex-Shadow, L50|\n|poke|p2|Zamazenta-*, L50|\n|poke|p2|Urshifu-*, L50, M|\n|poke|p2|Incineroar, L50, M|\n|poke|p2|Rillaboom, L50, M|\n|poke|p2|Tornadus, L50, M|\n|teampreview|4\n|inactive|Battle timer is ON: inactive players will automatically lose when time's up. (requested by Mirthinion)\nMirthinion rejected open team sheets.\n|inactive|Mirthinion has 60 seconds left.\n|\n|t:|1775502719\n|teamsize|p1|4\n|teamsize|p2|4\n|start\n|switch|p1a: Calyrex|Calyrex-Ice, L50|100/100\n|switch|p1b: Grimmsnarl|Grimmsnarl, L50, M|100/100\n|switch|p2a: Beowulf|Urshifu-Rapid-Strike, L50, M|100/100\n|switch|p2b: Drambor|Zamazenta-Crowned, L50|100/100\n|-ability|p1a: Calyrex|As One\n|-ability|p1a: Calyrex|Unnerve\n|-ability|p2b: Drambor|Dauntless Shield|boost\n|-boost|p2b: Drambor|def|1\n|turn|1\n|\n|t:|1775502743\n|-terastallize|p1a: Calyrex|Water\n|move|p1b: Grimmsnarl|Reflect|p1b: Grimmsnarl\n|-sidestart|p1: zestylesty|Reflect\n|move|p2b: Drambor|Body Press|p1a: Calyrex\n|-damage|p1a: Calyrex|75/100\n|move|p2a: Beowulf|Surging Strikes|p1a: Calyrex\n|-resisted|p1a: Calyrex\n|-crit|p1a: Calyrex\n|-damage|p1a: Calyrex|65/100\n|-resisted|p1a: Calyrex\n|-crit|p1a: Calyrex\n|-damage|p1a: Calyrex|57/100\n|-resisted|p1a: Calyrex\n|-crit|p1a: Calyrex\n|-damage|p1a: Calyrex|47/100\n|-hitcount|p1a: Calyrex|3\n|move|p1a: Calyrex|Leech Seed|p2b: Drambor\n|-start|p2b: Drambor|move: Leech Seed\n|\n|-heal|p1a: Calyrex|53/100|[from] item: Leftovers\n|-damage|p2b: Drambor|88/100|[from] Leech Seed|[of] p1a: Calyrex\n|-heal|p1a: Calyrex|64/100|[silent]\n|upkeep\n|turn|2\n|inactive|zestylesty has 30 seconds left.\n|inactive|Mirthinion has 30 seconds left.\n|\n|t:|1775502775\n|move|p2b: Drambor|Body Press|p1a: Calyrex\n|-damage|p1a: Calyrex|35/100\n|move|p2a: Beowulf|Surging Strikes|p1a: Calyrex\n|-resisted|p1a: Calyrex\n|-crit|p1a: Calyrex\n|-damage|p1a: Calyrex|27/100\n|-resisted|p1a: Calyrex\n|-crit|p1a: Calyrex\n|-damage|p1a: Calyrex|17/100\n|-resisted|p1a: Calyrex\n|-crit|p1a: Calyrex\n|-damage|p1a: Calyrex|9/100\n|-hitcount|p1a: Calyrex|3\n|move|p1b: Grimmsnarl|Spirit Break|p2a: Beowulf\n|-supereffective|p2a: Beowulf\n|-damage|p2a: Beowulf|41/100\n|-unboost|p2a: Beowulf|spa|1\n|move|p1a: Calyrex|Trick Room|p1a: Calyrex\n|-fieldstart|move: Trick Room|[of] p1a: Calyrex\n|\n|-heal|p1a: Calyrex|15/100|[from] item: Leftovers\n|-damage|p2b: Drambor|76/100|[from] Leech Seed|[of] p1a: Calyrex\n|-heal|p1a: Calyrex|25/100|[silent]\n|upkeep\n|turn|3\n|inactive|zestylesty has 30 seconds left.\n|inactive|Mirthinion has 30 seconds left.\n|inactive|zestylesty has 20 seconds left.\n|inactive|zestylesty has 15 seconds left.\n|\n|t:|1775502819\n|-terastallize|p2a: Beowulf|Ghost\n|move|p1a: Calyrex|Protect|p1a: Calyrex\n|-singleturn|p1a: Calyrex|Protect\n|move|p2b: Drambor|Wide Guard|p2b: Drambor\n|-singleturn|p2b: Drambor|Wide Guard\n|move|p1b: Grimmsnarl|Spirit Break|p2a: Beowulf\n|-damage|p2a: Beowulf|9/100\n|-unboost|p2a: Beowulf|spa|1\n|move|p2a: Beowulf|Surging Strikes|p1a: Calyrex\n|-resisted|p1a: Calyrex\n|-crit|p1a: Calyrex\n|-damage|p1a: Calyrex|15/100\n|-resisted|p1a: Calyrex\n|-crit|p1a: Calyrex\n|-damage|p1a: Calyrex|6/100\n|-resisted|p1a: Calyrex\n|-crit|p1a: Calyrex\n|-damage|p1a: Calyrex|0 fnt\n|faint|p1a: Calyrex\n|-hitcount|p1: Calyrex|3\n|\n|upkeep\n|\n|t:|1775502843\n|switch|p1a: Incineroar|Incineroar, L50, M|100/100\n|-ability|p1a: Incineroar|Intimidate|boost\n|-unboost|p2a: Beowulf|atk|1\n|-unboost|p2b: Drambor|atk|1\n|turn|4\n|\n|t:|1775502856\n|switch|p2a: Hoplite|Rillaboom, L50, M|100/100\n|-fieldstart|move: Grassy Terrain|[from] ability: Grassy Surge|[of] p2a: Hoplite\n|move|p1a: Incineroar|Fake Out|p2b: Drambor\n|-resisted|p2b: Drambor\n|-damage|p2b: Drambor|73/100\n|move|p1b: Grimmsnarl|Spirit Break|p2a: Hoplite\n|-damage|p2a: Hoplite|72/100\n|-unboost|p2a: Hoplite|spa|1\n|cant|p2b: Drambor|flinch\n|\n|-heal|p2a: Hoplite|78/100|[from] Grassy Terrain\n|-heal|p2b: Drambor|80/100|[from] Grassy Terrain\n|-damage|p2b: Drambor|67/100|[from] Leech Seed|[of] p1a: Incineroar\n|upkeep\n|turn|5\n|inactive|zestylesty has 30 seconds left.\n|\n|t:|1775502888\n|move|p1b: Grimmsnarl|Spirit Break|p2b: Drambor\n|-damage|p2b: Drambor|53/100\n|-unboost|p2b: Drambor|spa|1\n|move|p2a: Hoplite|High Horsepower|p1a: Incineroar\n|-supereffective|p1a: Incineroar\n|-damage|p1a: Incineroar|60/100\n|move|p1a: Incineroar|Flare Blitz|p2a: Hoplite\n|-supereffective|p2a: Hoplite\n|-damage|p2a: Hoplite|0 fnt\n|faint|p2a: Hoplite\n|-damage|p1a: Incineroar|32/100|[from] Recoil\n|move|p2b: Drambor|Body Press|p1a: Incineroar\n|-supereffective|p1a: Incineroar\n|-crit|p1a: Incineroar\n|-damage|p1a: Incineroar|0 fnt\n|faint|p1a: Incineroar\n|\n|-heal|p2b: Drambor|59/100|[from] Grassy Terrain\n|upkeep\n|\n|t:|1775502908\n|switch|p2a: Beowulf|Urshifu-Rapid-Strike, L50, M, tera:Ghost|9/100\n|switch|p1a: Miraidon|Miraidon, L50, shiny|100/100\n|-fieldstart|move: Electric Terrain|[from] ability: Hadron Engine|[of] p1a: Miraidon\n|turn|6\n|inactive|zestylesty has 30 seconds left.\n|inactive|Mirthinion has 30 seconds left.\n|\n|t:|1775502938\n|move|p1b: Grimmsnarl|Spirit Break|p2a: Beowulf\n|-damage|p2a: Beowulf|0 fnt\n|faint|p2a: Beowulf\n|move|p1a: Miraidon|Electro Drift|p2b: Drambor\n|-damage|p2b: Drambor|0 fnt\n|faint|p2b: Drambor\n|\n|-fieldend|move: Trick Room\n|upkeep\n|\n|t:|1775502949\n|switch|p2b: Mithrandir|Calyrex-Shadow, L50|100/100\n|-ability|p2b: Mithrandir|As One\n|-ability|p2b: Mithrandir|Unnerve\n|turn|7\n|\n|t:|1775502954\n|move|p1b: Grimmsnarl|Light Screen|p1b: Grimmsnarl\n|-sidestart|p1: zestylesty|move: Light Screen\n|move|p2b: Mithrandir|Astral Barrage|p1b: Grimmsnarl|[spread] p1a,p1b\n|-resisted|p1b: Grimmsnarl\n|-damage|p1a: Miraidon|77/100\n|-damage|p1b: Grimmsnarl|87/100\n|move|p1a: Miraidon|Electro Drift|p2b: Mithrandir\n|-enditem|p2b: Mithrandir|Focus Sash\n|-damage|p2b: Mithrandir|1/100\n|\n|upkeep\n|turn|8\n|\n|t:|1775502972\n|move|p1b: Grimmsnarl|Thunder Wave|p2b: Mithrandir\n|-status|p2b: Mithrandir|par\n|move|p1a: Miraidon|Electro Drift|p2b: Mithrandir\n|-damage|p2b: Mithrandir|0 fnt\n|faint|p2b: Mithrandir\n|\n|win|zestylesty\n|raw|zestylesty's rating: 1383 &rarr; <strong>1411</strong><br />(+28 for winning)\n|raw|Mirthinion's rating: 1522 &rarr; <strong>1494</strong><br />(-28 for losing)\n","uploadtime":1775502981,"views":27,"formatid":"gen9vgc2026regi","rating":1411,"private":0,"password":null}