{"id":"gen9vgc2026regi-2565948501","format":"[Gen 9] VGC 2026 Reg I","players":["VJ2511","ScribbleScribble"],"log":"|j|\u2606VJ2511\n|j|\u2606ScribbleScribble\n|t:|1774321229\n|gametype|doubles\n|player|p1|VJ2511|1|1591\n|player|p2|ScribbleScribble|mina-lgpe|1706\n|gen|9\n|tier|[Gen 9] VGC 2026 Reg I\n|rated|\n|rule|Species Clause: Limit one of each Pok\u00e9mon\n|rule|Item Clause: Limit 1 of each item\n|clearpoke\n|poke|p1|Calyrex-Shadow, L50|\n|poke|p1|Zamazenta-*, L50|\n|poke|p1|Chien-Pao, L50|\n|poke|p1|Dragonite, L50, F|\n|poke|p1|Raging Bolt, L50|\n|poke|p1|Amoonguss, L50, F|\n|poke|p2|Calyrex-Ice, L50|\n|poke|p2|Kyogre, L50|\n|poke|p2|Tornadus, L50, M|\n|poke|p2|Indeedee-F, L50, F|\n|poke|p2|Urshifu-*, L50, F|\n|poke|p2|Landorus, L50, M|\n|teampreview|4\n|inactive|Battle timer is ON: inactive players will automatically lose when time's up. (requested by ScribbleScribble)\n|\n|t:|1774321244\n|teamsize|p1|4\n|teamsize|p2|4\n|start\n|switch|p1a: Zamazenta|Zamazenta-Crowned, L50|100/100\n|switch|p1b: Chien-Pao|Chien-Pao, L50|100/100\n|switch|p2a: Tornadus|Tornadus, L50, M|100/100\n|switch|p2b: Landorus|Landorus, L50, M|100/100\n|-ability|p1b: Chien-Pao|Sword of Ruin\n|-ability|p1a: Zamazenta|Dauntless Shield|boost\n|-boost|p1a: Zamazenta|def|1\n|turn|1\n|\n|t:|1774321253\n|-terastallize|p1a: Zamazenta|Dragon\n|move|p2b: Landorus|Protect|p2b: Landorus\n|-singleturn|p2b: Landorus|Protect\n|move|p1b: Chien-Pao|Ice Spinner|p2a: Tornadus\n|-supereffective|p2a: Tornadus\n|-enditem|p2a: Tornadus|Focus Sash\n|-damage|p2a: Tornadus|1/100\n|move|p2a: Tornadus|Bleakwind Storm|p1b: Chien-Pao|[spread] p1a,p1b\n|-damage|p1a: Zamazenta|77/100\n|-damage|p1b: Chien-Pao|65/100\n|move|p1a: Zamazenta|Heavy Slam|p2b: Landorus\n|-activate|p2b: Landorus|move: Protect\n|\n|upkeep\n|turn|2\n|\n|t:|1774321262\n|move|p2a: Tornadus|Tailwind|p2a: Tornadus\n|-sidestart|p2: ScribbleScribble|move: Tailwind\n|move|p2b: Landorus|Earth Power|p1b: Chien-Pao\n|-damage|p1b: Chien-Pao|0 fnt\n|faint|p1b: Chien-Pao\n|move|p1a: Zamazenta|Heavy Slam|p2b: Landorus\n|-damage|p2b: Landorus|51/100\n|\n|upkeep\n|\n|t:|1774321270\n|switch|p1b: Raging Bolt|Raging Bolt, L50|100/100\n|-enditem|p1b: Raging Bolt|Booster Energy\n|-activate|p1b: Raging Bolt|ability: Protosynthesis|[fromitem]\n|-start|p1b: Raging Bolt|protosynthesisspa\n|turn|3\n|\n|t:|1774321277\n|move|p1b: Raging Bolt|Protect|p1b: Raging Bolt\n|-singleturn|p1b: Raging Bolt|Protect\n|move|p2a: Tornadus|Taunt|p1a: Zamazenta\n|-start|p1a: Zamazenta|move: Taunt\n|move|p2b: Landorus|Earth Power|p1b: Raging Bolt\n|-activate|p1b: Raging Bolt|move: Protect\n|move|p1a: Zamazenta|Heavy Slam|p2b: Landorus\n|-damage|p2b: Landorus|3/100\n|\n|upkeep\n|turn|4\n|\n|t:|1774321291\n|switch|p2a: Urshifu|Urshifu-Rapid-Strike, L50, F|100/100\n|move|p1b: Raging Bolt|Thunderclap||[still]\n|-fail|p1b: Raging Bolt\n|move|p2b: Landorus|Sandsear Storm|p1b: Raging Bolt|[spread] p1b\n|-miss|p2b: Landorus|p1a: Zamazenta\n|-supereffective|p1b: Raging Bolt\n|-damage|p1b: Raging Bolt|0 fnt\n|faint|p1b: Raging Bolt\n|-end|p1b: Raging Bolt|Protosynthesis|[silent]\n|move|p1a: Zamazenta|Heavy Slam|p2b: Landorus\n|-damage|p2b: Landorus|0 fnt\n|faint|p2b: Landorus\n|\n|upkeep\n|\n|t:|1774321302\n|switch|p2b: Kyogre|Kyogre, L50|100/100\n|switch|p1b: Calyrex|Calyrex-Shadow, L50|100/100\n|-ability|p1b: Calyrex|As One\n|-ability|p1b: Calyrex|Unnerve\n|-weather|RainDance|[from] ability: Drizzle|[of] p2b: Kyogre\n|turn|5\n|\n|t:|1774321311\n|-terastallize|p2a: Urshifu|Ghost\n|move|p1b: Calyrex|Protect|p1b: Calyrex\n|-singleturn|p1b: Calyrex|Protect\n|move|p2b: Kyogre|Water Spout|p1b: Calyrex|[spread] p1a\n|-activate|p1b: Calyrex|move: Protect\n|-resisted|p1a: Zamazenta\n|-crit|p1a: Zamazenta\n|-damage|p1a: Zamazenta|19/100\n|move|p2a: Urshifu|Surging Strikes|p1b: Calyrex\n|-crit|p1b: Calyrex\n|-damage|p1b: Calyrex|44/100\n|-crit|p1b: Calyrex\n|-damage|p1b: Calyrex|0 fnt\n|faint|p1b: Calyrex\n|-hitcount|p1: Calyrex|2\n|move|p1a: Zamazenta|Body Press|p2b: Kyogre\n|-damage|p2b: Kyogre|29/100\n|\n|-weather|RainDance|[upkeep]\n|-end|p1a: Zamazenta|move: Taunt\n|-sideend|p2: ScribbleScribble|move: Tailwind\n|upkeep\n|turn|6\n|-message|VJ2511 forfeited.\n|\n|win|ScribbleScribble\n|raw|VJ2511's rating: 1591 &rarr; <strong>1577</strong><br />(-14 for losing)\n|raw|ScribbleScribble's rating: 1706 &rarr; <strong>1720</strong><br />(+14 for winning)\n|l|\u2606VJ2511\n|player|p1|\n|l|\u2606ScribbleScribble\n|player|p2|\n","uploadtime":1774321532,"views":18,"formatid":"gen9vgc2026regi","rating":1577,"private":0,"password":null}