{"id":"gen9vgc2026regi-2559849211","format":"[Gen 9] VGC 2026 Reg I","players":["b3testing","navinsachump"],"log":"|j|\u2606b3testing\n|j|\u2606navinsachump\n|t:|1773615997\n|gametype|doubles\n|player|p1|b3testing|1|1639\n|player|p2|navinsachump|266|1520\n|gen|9\n|tier|[Gen 9] VGC 2026 Reg I\n|rated|\n|rule|Species Clause: Limit one of each Pok\u00e9mon\n|rule|Item Clause: Limit 1 of each item\n|clearpoke\n|poke|p1|Terapagos, L50, M|\n|poke|p1|Calyrex-Shadow, L50|\n|poke|p1|Incineroar, L50, M|\n|poke|p1|Amoonguss, L50, F|\n|poke|p1|Tornadus, L50, M|\n|poke|p1|Smeargle, L50, M|\n|poke|p2|Calyrex-Ice, L50|\n|poke|p2|Miraidon, L50|\n|poke|p2|Incineroar, L50, F|\n|poke|p2|Landorus, L50, M|\n|poke|p2|Whimsicott, L50, M|\n|poke|p2|Urshifu-*, L50, F|\n|teampreview|4\n|inactive|Battle timer is ON: inactive players will automatically lose when time's up. (requested by b3testing)\n|inactive|b3testing has 60 seconds left.\n|\n|t:|1773616036\n|teamsize|p1|4\n|teamsize|p2|4\n|start\n|switch|p1a: Smeargle|Smeargle, L50, M|100/100\n|switch|p1b: Terapagos|Terapagos, L50, M|100/100\n|switch|p2a: Calyrex|Calyrex-Ice, L50|100/100\n|switch|p2b: Miraidon|Miraidon, L50|100/100\n|-activate|p1b: Terapagos|ability: Tera Shift\n|detailschange|p1b: Terapagos|Terapagos-Terastal, L50, M\n|-heal|p1b: Terapagos|100/100|[silent]\n|-ability|p2a: Calyrex|As One\n|-ability|p2a: Calyrex|Unnerve\n|-fieldstart|move: Electric Terrain|[from] ability: Hadron Engine|[of] p2b: Miraidon\n|turn|1\n|inactive|navinsachump has 30 seconds left.\n|inactive|navinsachump has 20 seconds left.\n|inactive|navinsachump has 15 seconds left.\n|\n|t:|1773616077\n|-terastallize|p1b: Terapagos|Stellar\n|detailschange|p1b: Terapagos|Terapagos-Stellar, L50, M, tera:Stellar\n|-heal|p1b: Terapagos|100/100|[silent]\n|-ability|p1b: Terapagos|Teraform Zero\n|-fieldend|move: Electric Terrain\n|move|p2a: Calyrex|Protect|p2a: Calyrex\n|-singleturn|p2a: Calyrex|Protect\n|move|p2b: Miraidon|Volt Switch|p1b: Terapagos\n|-damage|p1b: Terapagos|73/100\n|\n|t:|1773616081\n|switch|p2b: Incineroar|Incineroar, L50, F|100/100|[from] Volt Switch\n|-ability|p2b: Incineroar|Intimidate|boost\n|-unboost|p1a: Smeargle|atk|1\n|-unboost|p1b: Terapagos|atk|1\n|move|p1a: Smeargle|Spore|p2a: Calyrex\n|-activate|p2a: Calyrex|move: Protect\n|move|p1b: Terapagos|Calm Mind|p1b: Terapagos\n|-boost|p1b: Terapagos|spa|1\n|-boost|p1b: Terapagos|spd|1\n|\n|-ability|p1a: Smeargle|Moody|boost\n|-boost|p1a: Smeargle|def|2\n|-unboost|p1a: Smeargle|spa|1\n|upkeep\n|turn|2\n|\n|t:|1773616103\n|switch|p1a: Calyrex|Calyrex-Shadow, L50|100/100\n|-ability|p1a: Calyrex|As One\n|-ability|p1a: Calyrex|Unnerve\n|switch|p2b: Miraidon|Miraidon, L50|100/100\n|-fieldstart|move: Electric Terrain|[from] ability: Hadron Engine|[of] p2b: Miraidon\n|move|p1b: Terapagos|Tera Starstorm|p2a: Calyrex|[spread] p2a,p2b\n|-damage|p2a: Calyrex|60/100\n|-damage|p2b: Miraidon|64/100\n|move|p2a: Calyrex|Leech Seed|p1b: Terapagos\n|-start|p1b: Terapagos|move: Leech Seed\n|\n|-damage|p1b: Terapagos|60/100|[from] Leech Seed|[of] p2a: Calyrex\n|-heal|p2a: Calyrex|75/100|[silent]\n|upkeep\n|turn|3\n|inactive|navinsachump has 30 seconds left.\n|inactive|b3testing has 30 seconds left.\n|inactive|navinsachump has 20 seconds left.\n|inactive|navinsachump has 15 seconds left.\n|\n|t:|1773616146\n|move|p2a: Calyrex|Protect|p2a: Calyrex\n|-singleturn|p2a: Calyrex|Protect\n|move|p1a: Calyrex|Astral Barrage|p2a: Calyrex|[spread] p2b\n|-activate|p2a: Calyrex|move: Protect\n|-damage|p2b: Miraidon|18/100\n|-damage|p1a: Calyrex|91/100|[from] item: Life Orb\n|move|p2b: Miraidon|Electro Drift|p1b: Terapagos\n|-damage|p1b: Terapagos|16/100\n|move|p1b: Terapagos|Tera Starstorm|p2a: Calyrex|[spread] p2b\n|-activate|p2a: Calyrex|move: Protect\n|-damage|p2b: Miraidon|0 fnt\n|faint|p2b: Miraidon\n|\n|-damage|p1b: Terapagos|4/100|[from] Leech Seed|[of] p2a: Calyrex\n|-heal|p2a: Calyrex|91/100|[silent]\n|upkeep\n|\n|t:|1773616161\n|switch|p2b: Incineroar|Incineroar, L50, F|100/100\n|-ability|p2b: Incineroar|Intimidate|boost\n|-unboost|p1a: Calyrex|atk|1\n|-unboost|p1b: Terapagos|atk|1\n|turn|4\n|inactive|b3testing has 30 seconds left.\n|\n|t:|1773616188\n|-terastallize|p2a: Calyrex|Normal\n|move|p2b: Incineroar|Fake Out|p1b: Terapagos\n|-damage|p1b: Terapagos|0 fnt\n|faint|p1b: Terapagos\n|detailschange|p1: Terapagos|Terapagos, L50, M|[silent]\n|move|p1a: Calyrex|Encore|p2a: Calyrex\n|-start|p2a: Calyrex|Encore\n|move|p2a: Calyrex|Protect||[still]\n|-fail|p2a: Calyrex\n|\n|upkeep\n|\n|t:|1773616198\n|switch|p1b: Smeargle|Smeargle, L50, M|100/100\n|turn|5\n|\n|t:|1773616209\n|switch|p2a: Urshifu|Urshifu-Rapid-Strike, L50, F|100/100\n|move|p1a: Calyrex|Encore|p2b: Incineroar\n|-start|p2b: Incineroar|Encore\n|move|p1b: Smeargle|Decorate|p1a: Calyrex\n|-boost|p1a: Calyrex|atk|2\n|-boost|p1a: Calyrex|spa|2\n|move|p2b: Incineroar|Fake Out||[still]\n|-hint|Fake Out only works on your first turn out.\n|-fail|p2b: Incineroar\n|\n|-ability|p1b: Smeargle|Moody|boost\n|-boost|p1b: Smeargle|spa|2\n|-unboost|p1b: Smeargle|spe|1\n|upkeep\n|turn|6\n|inactive|b3testing has 30 seconds left.\n|\n|t:|1773616234\n|switch|p2b: Calyrex|Calyrex-Ice, L50, tera:Normal|91/100\n|-ability|p2b: Calyrex|As One\n|-ability|p2b: Calyrex|Unnerve\n|move|p2a: Urshifu|Detect|p2a: Urshifu\n|-singleturn|p2a: Urshifu|Protect\n|move|p1b: Smeargle|Follow Me|p1b: Smeargle\n|-singleturn|p1b: Smeargle|move: Follow Me\n|move|p1a: Calyrex|Astral Barrage|p2b: Calyrex|[spread] \n|-activate|p2a: Urshifu|move: Protect\n|-immune|p2b: Calyrex\n|\n|-fieldend|move: Electric Terrain\n|-ability|p1b: Smeargle|Moody|boost\n|-boost|p1b: Smeargle|spa|2\n|-unboost|p1b: Smeargle|def|1\n|upkeep\n|turn|7\n|\n|t:|1773616252\n|move|p1a: Calyrex|Encore|p2a: Urshifu\n|-start|p2a: Urshifu|Encore\n|move|p2a: Urshifu|Detect||[still]\n|-fail|p2a: Urshifu\n|move|p1b: Smeargle|Spore|p2b: Calyrex\n|-status|p2b: Calyrex|slp|[from] move: Spore\n|cant|p2b: Calyrex|slp\n|\n|-ability|p1b: Smeargle|Moody|boost\n|-boost|p1b: Smeargle|def|2\n|-unboost|p1b: Smeargle|spd|1\n|upkeep\n|turn|8\n|\n|t:|1773616273\n|switch|p2a: Incineroar|Incineroar, L50, F|100/100\n|-ability|p2a: Incineroar|Intimidate|boost\n|-unboost|p1a: Calyrex|atk|1\n|-unboost|p1b: Smeargle|atk|1\n|switch|p1b: Amoonguss|Amoonguss, L50, F|100/100\n|move|p1a: Calyrex|Astral Barrage|p2b: Calyrex|[spread] p2a\n|-immune|p2b: Calyrex\n|-resisted|p2a: Incineroar\n|-damage|p2a: Incineroar|47/100\n|-damage|p1a: Calyrex|81/100|[from] item: Life Orb\n|-curestatus|p2b: Calyrex|slp|[msg]\n|move|p2b: Calyrex|Glacial Lance|p1b: Amoonguss|[spread] p1a,p1b\n|-supereffective|p1b: Amoonguss\n|-damage|p1a: Calyrex|6/100\n|-damage|p1b: Amoonguss|18/100\n|\n|upkeep\n|turn|9\n|\n|t:|1773616298\n|move|p2a: Incineroar|Fake Out|p1b: Amoonguss\n|-damage|p1b: Amoonguss|10/100\n|-damage|p2a: Incineroar|30/100|[from] item: Rocky Helmet|[of] p1b: Amoonguss\n|cant|p1b: Amoonguss|flinch\n|move|p1a: Calyrex|Disable|p2b: Calyrex\n|-start|p2b: Calyrex|Disable|Glacial Lance\n|move|p2b: Calyrex|Trick Room|p2b: Calyrex\n|-fieldstart|move: Trick Room|[of] p2b: Calyrex\n|\n|upkeep\n|turn|10\n|inactive|b3testing has 30 seconds left.\n|inactive|navinsachump has 30 seconds left.\n|c|\u2606navinsachump|gg\n|inactive|b3testing has 20 seconds left.\n|inactive|navinsachump has 20 seconds left.\n|\n|t:|1773616338\n|switch|p1a: Smeargle|Smeargle, L50, M|100/100\n|move|p1b: Amoonguss|Spore|p2a: Incineroar\n|-status|p2a: Incineroar|slp|[from] move: Spore\n|move|p2b: Calyrex|Leech Seed|p1a: Smeargle\n|-start|p1a: Smeargle|move: Leech Seed\n|cant|p2a: Incineroar|slp\n|\n|-damage|p1a: Smeargle|89/100|[from] Leech Seed|[of] p2b: Calyrex\n|-heal|p2b: Calyrex|99/100|[silent]\n|-ability|p1a: Smeargle|Moody|boost\n|-boost|p1a: Smeargle|spa|2\n|-unboost|p1a: Smeargle|def|1\n|upkeep\n|turn|11\n|\n|t:|1773616360\n|switch|p1a: Calyrex|Calyrex-Shadow, L50|6/100\n|-ability|p1a: Calyrex|As One\n|-ability|p1a: Calyrex|Unnerve\n|move|p2b: Calyrex|Protect|p2b: Calyrex\n|-singleturn|p2b: Calyrex|Protect\n|move|p1b: Amoonguss|Pollen Puff|p1a: Calyrex\n|-heal|p1a: Calyrex|56/100\n|cant|p2a: Incineroar|slp\n|\n|upkeep\n|turn|12\n|\n|t:|1773616381\n|move|p1a: Calyrex|Protect|p1a: Calyrex\n|-singleturn|p1a: Calyrex|Protect\n|move|p1b: Amoonguss|Spore|p2b: Calyrex\n|-status|p2b: Calyrex|slp|[from] move: Spore\n|cant|p2b: Calyrex|slp\n|-curestatus|p2a: Incineroar|slp|[msg]\n|move|p2a: Incineroar|Knock Off|p1b: Amoonguss\n|-damage|p1b: Amoonguss|0 fnt\n|-damage|p2a: Incineroar|14/100|[from] item: Rocky Helmet|[of] p1b: Amoonguss\n|-enditem|p1b: Amoonguss|Rocky Helmet|[from] move: Knock Off|[of] p2a: Incineroar\n|faint|p1b: Amoonguss\n|\n|-end|p2b: Calyrex|Disable\n|upkeep\n|\n|t:|1773616385\n|switch|p1b: Smeargle|Smeargle, L50, M|89/100\n|turn|13\n|\n|t:|1773616398\n|move|p1b: Smeargle|Fake Out|p2a: Incineroar\n|-damage|p2a: Incineroar|9/100\n|-damage|p1b: Smeargle|72/100|[from] item: Rocky Helmet|[of] p2a: Incineroar\n|cant|p2b: Calyrex|slp\n|cant|p2a: Incineroar|flinch\n|move|p1a: Calyrex|Astral Barrage|p2a: Incineroar|[spread] p2a\n|-immune|p2b: Calyrex\n|-resisted|p2a: Incineroar\n|-damage|p2a: Incineroar|0 fnt\n|faint|p2a: Incineroar\n|-ability|p1a: Calyrex|Grim Neigh|boost\n|-boost|p1a: Calyrex|spa|1\n|-damage|p1a: Calyrex|46/100|[from] item: Life Orb\n|\n|-fieldend|move: Trick Room\n|-ability|p1b: Smeargle|Moody|boost\n|-boost|p1b: Smeargle|spa|2\n|-unboost|p1b: Smeargle|def|1\n|upkeep\n|\n|t:|1773616403\n|switch|p2a: Urshifu|Urshifu-Rapid-Strike, L50, F|100/100\n|turn|14\n|\n|t:|1773616411\n|move|p2a: Urshifu|Aqua Jet|p1b: Smeargle\n|-damage|p1b: Smeargle|0 fnt\n|faint|p1b: Smeargle\n|move|p1a: Calyrex|Astral Barrage|p2a: Urshifu|[spread] p2a\n|-immune|p2b: Calyrex\n|-damage|p2a: Urshifu|0 fnt\n|faint|p2a: Urshifu\n|-ability|p1a: Calyrex|Grim Neigh|boost\n|-boost|p1a: Calyrex|spa|1\n|-damage|p1a: Calyrex|36/100|[from] item: Life Orb\n|-curestatus|p2b: Calyrex|slp|[msg]\n|move|p2b: Calyrex|Glacial Lance|p1a: Calyrex\n|-damage|p1a: Calyrex|0 fnt\n|faint|p1a: Calyrex\n|\n|win|navinsachump\n|raw|b3testing's rating: 1639 &rarr; <strong>1612</strong><br />(-27 for losing)\n|raw|navinsachump's rating: 1520 &rarr; <strong>1547</strong><br />(+27 for winning)\n|l|\u2606navinsachump\n|player|p2|\n|l|\u2606b3testing\n|player|p1|\n","uploadtime":1773616594,"views":22,"formatid":"gen9vgc2026regi","rating":1547,"private":0,"password":null}