{"id":"gen9vgc2026regi-2522734346","format":"[Gen 9] VGC 2026 Reg I","players":["Tepig_nNz_498","Schimmli"],"log":"|j|\u2606Tepig_nNz_498\n|j|\u2606Schimmli\n|t:|1768939034\n|gametype|doubles\n|player|p1|Tepig_nNz_498|170|1292\n|player|p2|Schimmli|170|1478\n|gen|9\n|tier|[Gen 9] VGC 2026 Reg I\n|rated|\n|rule|Species Clause: Limit one of each Pok\u00e9mon\n|rule|Item Clause: Limit 1 of each item\n|clearpoke\n|poke|p1|Sinistcha-Masterpiece, L50|\n|poke|p1|Munkidori, L50, M|\n|poke|p1|Fezandipiti, L50, M|\n|poke|p1|Ogerpon-Cornerstone, L50, F|\n|poke|p1|Terapagos, L50, M|\n|poke|p1|Okidogi, L50, M|\n|poke|p2|Terapagos, L50, M|\n|poke|p2|Calyrex-Shadow, L50|\n|poke|p2|Flutter Mane, L50|\n|poke|p2|Ogerpon-Cornerstone, L50, F|\n|poke|p2|Incineroar, L50, F|\n|poke|p2|Rillaboom, L50, M|\n|teampreview|4\n|inactive|Battle timer is ON: inactive players will automatically lose when time's up. (requested by Tepig_nNz_498)\n|\n|t:|1768939076\n|teamsize|p1|4\n|teamsize|p2|4\n|start\n|switch|p1a: Okidogi|Okidogi, L50, M|100/100\n|switch|p1b: Sinistcha|Sinistcha-Masterpiece, L50|100/100\n|switch|p2a: Terapagos|Terapagos, L50, M|100/100\n|switch|p2b: Calyrex|Calyrex-Shadow, L50|100/100\n|-activate|p2a: Terapagos|ability: Tera Shift\n|detailschange|p2a: Terapagos|Terapagos-Terastal, L50, M\n|-heal|p2a: Terapagos|100/100|[silent]\n|-ability|p2b: Calyrex|As One\n|-ability|p2b: Calyrex|Unnerve\n|turn|1\n|\n|t:|1768939102\n|-terastallize|p1b: Sinistcha|Water\n|move|p2b: Calyrex|Astral Barrage|p1a: Okidogi|[spread] p1a,p1b\n|-damage|p1a: Okidogi|61/100\n|-damage|p1b: Sinistcha|38/100\n|move|p2a: Terapagos|Calm Mind|p2a: Terapagos\n|-boost|p2a: Terapagos|spa|1\n|-boost|p2a: Terapagos|spd|1\n|move|p1a: Okidogi|Knock Off|p2b: Calyrex\n|-supereffective|p2b: Calyrex\n|-enditem|p2b: Calyrex|Focus Sash\n|-damage|p2b: Calyrex|1/100\n|move|p1b: Sinistcha|Trick Room|p1b: Sinistcha\n|-fieldstart|move: Trick Room|[of] p1b: Sinistcha\n|\n|upkeep\n|turn|2\n|\n|t:|1768939126\n|move|p2b: Calyrex|Protect|p2b: Calyrex\n|-singleturn|p2b: Calyrex|Protect\n|move|p1b: Sinistcha|Matcha Gotcha|p2b: Calyrex|[spread] p2a\n|-activate|p2b: Calyrex|move: Protect\n|-activate|p2a: Terapagos|ability: Tera Shell\n|-resisted|p2a: Terapagos\n|-damage|p2a: Terapagos|94/100\n|-heal|p1b: Sinistcha|42/100|[from] drain|[of] p2a: Terapagos\n|move|p1a: Okidogi|Low Kick|p2a: Terapagos\n|-supereffective|p2a: Terapagos\n|-damage|p2a: Terapagos|61/100\n|move|p2a: Terapagos|Earth Power|p1a: Okidogi\n|-supereffective|p1a: Okidogi\n|-damage|p1a: Okidogi|13/100\n|\n|-heal|p2a: Terapagos|68/100|[from] item: Leftovers\n|upkeep\n|turn|3\n|inactive|Tepig_nNz_498 has 30 seconds left.\n|inactive|Schimmli has 30 seconds left.\n|\n|t:|1768939160\n|switch|p2b: Rillaboom|Rillaboom, L50, M|100/100\n|-fieldstart|move: Grassy Terrain|[from] ability: Grassy Surge|[of] p2b: Rillaboom\n|move|p1b: Sinistcha|Matcha Gotcha|p2b: Rillaboom|[spread] p2a,p2b\n|-resisted|p2b: Rillaboom\n|-damage|p2a: Terapagos|49/100\n|-heal|p1b: Sinistcha|52/100|[from] drain|[of] p2a: Terapagos\n|-damage|p2b: Rillaboom|92/100\n|-heal|p1b: Sinistcha|57/100|[from] drain|[of] p2b: Rillaboom\n|-status|p2a: Terapagos|brn\n|move|p1a: Okidogi|Knock Off|p2a: Terapagos\n|-damage|p2a: Terapagos|24/100 brn\n|-enditem|p2a: Terapagos|Leftovers|[from] move: Knock Off|[of] p1a: Okidogi\n|move|p2a: Terapagos|Tera Starstorm|p1a: Okidogi\n|-damage|p1a: Okidogi|0 fnt\n|faint|p1a: Okidogi\n|\n|-heal|p1b: Sinistcha|63/100|[from] Grassy Terrain\n|-heal|p2b: Rillaboom|98/100|[from] Grassy Terrain\n|-heal|p2a: Terapagos|31/100 brn|[from] Grassy Terrain\n|-damage|p2a: Terapagos|24/100 brn|[from] brn\n|upkeep\n|inactive|Tepig_nNz_498 has 30 seconds left.\n|\n|t:|1768939187\n|switch|p1a: Terapagos|Terapagos, L50, M|100/100\n|-activate|p1a: Terapagos|ability: Tera Shift\n|detailschange|p1a: Terapagos|Terapagos-Terastal, L50, M\n|-heal|p1a: Terapagos|100/100|[silent]\n|turn|4\n|\n|t:|1768939193\n|-terastallize|p2a: Terapagos|Stellar\n|detailschange|p2a: Terapagos|Terapagos-Stellar, L50, M, tera:Stellar\n|-heal|p2a: Terapagos|44/100 brn|[silent]\n|-ability|p2a: Terapagos|Teraform Zero\n|-fieldend|move: Grassy Terrain\n|move|p2b: Rillaboom|Fake Out|p1a: Terapagos\n|-activate|p1a: Terapagos|ability: Tera Shell\n|-resisted|p1a: Terapagos\n|-damage|p1a: Terapagos|96/100\n|move|p1b: Sinistcha|Matcha Gotcha|p2a: Terapagos|[spread] p2a,p2b\n|-resisted|p2b: Rillaboom\n|-damage|p2a: Terapagos|34/100 brn\n|-heal|p1b: Sinistcha|71/100|[from] drain|[of] p2a: Terapagos\n|-damage|p2b: Rillaboom|90/100\n|-heal|p1b: Sinistcha|75/100|[from] drain|[of] p2b: Rillaboom\n|cant|p1a: Terapagos|flinch\n|move|p2a: Terapagos|Tera Starstorm|p1b: Sinistcha|[spread] p1a,p1b\n|-supereffective|p1b: Sinistcha\n|-damage|p1a: Terapagos|59/100\n|-damage|p1b: Sinistcha|0 fnt\n|faint|p1b: Sinistcha\n|\n|-damage|p2a: Terapagos|28/100 brn|[from] brn\n|upkeep\n|\n|t:|1768939212\n|switch|p1b: Munkidori|Munkidori, L50, M|100/100\n|turn|5\n|j| riyuezi\n|\n|t:|1768939226\n|move|p2a: Terapagos|Protect|p2a: Terapagos\n|-singleturn|p2a: Terapagos|Protect\n|move|p1b: Munkidori|Fake Out|p2a: Terapagos\n|-activate|p2a: Terapagos|move: Protect\n|move|p1a: Terapagos|Meteor Beam||[still]\n|-prepare|p1a: Terapagos|Meteor Beam\n|-boost|p1a: Terapagos|spa|1\n|-enditem|p1a: Terapagos|Power Herb\n|-anim|p1a: Terapagos|Meteor Beam|p2b: Rillaboom\n|-damage|p2b: Rillaboom|58/100\n|move|p2b: Rillaboom|U-turn|p1a: Terapagos\n|-damage|p1a: Terapagos|42/100\n|\n|t:|1768939244\n|switch|p2b: Incineroar|Incineroar, L50, F, shiny|100/100|[from] U-turn\n|-ability|p2b: Incineroar|Intimidate|boost\n|-unboost|p1a: Terapagos|atk|1\n|-unboost|p1b: Munkidori|atk|1\n|\n|-damage|p2a: Terapagos|22/100 brn|[from] brn\n|-fieldend|move: Trick Room\n|upkeep\n|turn|6\n|\n|t:|1768939252\n|move|p2b: Incineroar|Fake Out|p1b: Munkidori\n|-damage|p1b: Munkidori|80/100\n|cant|p1b: Munkidori|flinch\n|move|p2a: Terapagos|Tera Starstorm|p1b: Munkidori|[spread] p1a,p1b\n|-damage|p1a: Terapagos|4/100\n|-damage|p1b: Munkidori|22/100\n|move|p1a: Terapagos|Earth Power|p2b: Incineroar\n|-supereffective|p2b: Incineroar\n|-damage|p2b: Incineroar|15/100\n|\n|-damage|p2a: Terapagos|15/100 brn|[from] brn\n|upkeep\n|turn|7\n|\n|t:|1768939272\n|move|p1b: Munkidori|Psychic|p2a: Terapagos\n|-damage|p2a: Terapagos|0 fnt\n|faint|p2a: Terapagos\n|detailschange|p2: Terapagos|Terapagos, L50, M|[silent]\n|move|p1a: Terapagos|Earth Power|p2b: Incineroar\n|-supereffective|p2b: Incineroar\n|-damage|p2b: Incineroar|0 fnt\n|faint|p2b: Incineroar\n|\n|upkeep\n|\n|t:|1768939277\n|switch|p2a: Rillaboom|Rillaboom, L50, M|58/100\n|switch|p2b: Calyrex|Calyrex-Shadow, L50|1/100\n|-ability|p2b: Calyrex|As One\n|-ability|p2b: Calyrex|Unnerve\n|-fieldstart|move: Grassy Terrain|[from] ability: Grassy Surge|[of] p2a: Rillaboom\n|turn|8\n|-message|Tepig_nNz_498 forfeited.\n|\n|win|Schimmli\n|raw|Tepig_nNz_498's rating: 1292 &rarr; <strong>1279</strong><br />(-13 for losing)\n|raw|Schimmli's rating: 1478 &rarr; <strong>1488</strong><br />(+10 for winning)\n|l|\u2606Tepig_nNz_498\n|player|p1|\n|l|\u2606Schimmli\n|player|p2|\n","uploadtime":1768939503,"views":16,"formatid":"gen9vgc2026regi","rating":1279,"private":0,"password":null}