{"id":"gen9vgc2026regi-2535157659","format":"[Gen 9] VGC 2026 Reg I","players":["Unskilled99","dasabe\u76d6\u6b27\u5361\u4fa0"],"log":"|j|\u2606Unskilled99\n|j|\u2606dasabe\u76d6\u6b27\u5361\u4fa0\n|t:|1770521447\n|gametype|doubles\n|player|p1|Unskilled99|unknown|1488\n|player|p2|dasabe\u76d6\u6b27\u5361\u4fa0|may-masters4|1652\n|gen|9\n|tier|[Gen 9] VGC 2026 Reg I\n|rated|\n|rule|Species Clause: Limit one of each Pok\u00e9mon\n|rule|Item Clause: Limit 1 of each item\n|clearpoke\n|poke|p1|Calyrex-Ice, L50|\n|poke|p1|Miraidon, L50|\n|poke|p1|Incineroar, L50, F|\n|poke|p1|Urshifu-*, L50, F|\n|poke|p1|Landorus, L50, M|\n|poke|p1|Amoonguss, L50, M|\n|poke|p2|Lunala, L50|\n|poke|p2|Kyogre, L50|\n|poke|p2|Indeedee-F, L50, F|\n|poke|p2|Ursaluna-Bloodmoon, L50, M|\n|poke|p2|Urshifu-*, L50, M|\n|poke|p2|Regieleki, L50|\n|teampreview|4\n|c|\u2606dasabe\u76d6\u6b27\u5361\u4fa0|6\n|c|\u2606Unskilled99|:]\n|\n|t:|1770521518\n|teamsize|p1|4\n|teamsize|p2|4\n|start\n|switch|p1a: Incineroar|Incineroar, L50, F|100/100\n|switch|p1b: Calyrex|Calyrex-Ice, L50|100/100\n|switch|p2a: \u9732\u51a0\u65f6\u95f4\u5230\u62c9|Lunala, L50|100/100\n|switch|p2b: \u6210\u90fd\u8001\u76d6|Kyogre, L50|100/100\n|-ability|p1b: Calyrex|As One\n|-ability|p1b: Calyrex|Unnerve\n|-weather|RainDance|[from] ability: Drizzle|[of] p2b: \u6210\u90fd\u8001\u76d6\n|-ability|p1a: Incineroar|Intimidate|boost\n|-unboost|p2a: \u9732\u51a0\u65f6\u95f4\u5230\u62c9|atk|1\n|-unboost|p2b: \u6210\u90fd\u8001\u76d6|atk|1\n|turn|1\n|\n|t:|1770521535\n|-terastallize|p1a: Incineroar|Water\n|move|p1b: Calyrex|Protect|p1b: Calyrex\n|-singleturn|p1b: Calyrex|Protect\n|move|p2b: \u6210\u90fd\u8001\u76d6|Water Spout|p1b: Calyrex|[spread] p1a\n|-activate|p1b: Calyrex|move: Protect\n|-resisted|p1a: Incineroar\n|-damage|p1a: Incineroar|71/100\n|move|p2a: \u9732\u51a0\u65f6\u95f4\u5230\u62c9|Meteor Beam||[still]\n|-prepare|p2a: \u9732\u51a0\u65f6\u95f4\u5230\u62c9|Meteor Beam\n|-boost|p2a: \u9732\u51a0\u65f6\u95f4\u5230\u62c9|spa|1\n|-enditem|p2a: \u9732\u51a0\u65f6\u95f4\u5230\u62c9|Power Herb\n|-anim|p2a: \u9732\u51a0\u65f6\u95f4\u5230\u62c9|Meteor Beam|p1a: Incineroar\n|-damage|p1a: Incineroar|23/100\n|move|p1a: Incineroar|U-turn|p2a: \u9732\u51a0\u65f6\u95f4\u5230\u62c9\n|-damage|p2a: \u9732\u51a0\u65f6\u95f4\u5230\u62c9|93/100\n|\n|t:|1770521551\n|switch|p1a: Miraidon|Miraidon, L50|100/100|[from] U-turn\n|-fieldstart|move: Electric Terrain|[from] ability: Hadron Engine|[of] p1a: Miraidon\n|\n|-weather|RainDance|[upkeep]\n|upkeep\n|turn|2\n|\n|t:|1770521558\n|switch|p2b: \u4f8d\u7684\u6211\u7231\u5bfc\u7ba1|Indeedee-F, L50, F|100/100\n|-fieldstart|move: Psychic Terrain|[from] ability: Psychic Surge|[of] p2b: \u4f8d\u7684\u6211\u7231\u5bfc\u7ba1\n|move|p1a: Miraidon|Snarl|p2a: \u9732\u51a0\u65f6\u95f4\u5230\u62c9|[spread] p2a,p2b\n|-supereffective|p2a: \u9732\u51a0\u65f6\u95f4\u5230\u62c9\n|-supereffective|p2b: \u4f8d\u7684\u6211\u7231\u5bfc\u7ba1\n|-damage|p2a: \u9732\u51a0\u65f6\u95f4\u5230\u62c9|56/100\n|-damage|p2b: \u4f8d\u7684\u6211\u7231\u5bfc\u7ba1|72/100\n|-unboost|p2a: \u9732\u51a0\u65f6\u95f4\u5230\u62c9|spa|1\n|-unboost|p2b: \u4f8d\u7684\u6211\u7231\u5bfc\u7ba1|spa|1\n|-enditem|p2b: \u4f8d\u7684\u6211\u7231\u5bfc\u7ba1|Eject Button\n|\n|t:|1770521567\n|switch|p2b: \u4e94\u5bfc\u718a\u6e7f|Urshifu-Rapid-Strike, L50, M|100/100\n|move|p2a: \u9732\u51a0\u65f6\u95f4\u5230\u62c9|Expanding Force|p1b: Calyrex|[spread] p1a,p1b\n|-resisted|p1b: Calyrex\n|-damage|p1a: Miraidon|50/100\n|-damage|p1b: Calyrex|80/100\n|move|p1b: Calyrex|Glacial Lance|p2a: \u9732\u51a0\u65f6\u95f4\u5230\u62c9|[spread] p2a,p2b\n|-resisted|p2b: \u4e94\u5bfc\u718a\u6e7f\n|-damage|p2a: \u9732\u51a0\u65f6\u95f4\u5230\u62c9|11/100\n|-damage|p2b: \u4e94\u5bfc\u718a\u6e7f|74/100\n|\n|-weather|RainDance|[upkeep]\n|upkeep\n|turn|3\n|c|\u2606dasabe\u76d6\u6b27\u5361\u4fa0|\u5e7f\u9632\u4e0d\u5e7f\u9632\n|\n|t:|1770521593\n|switch|p1b: Amoonguss|Amoonguss, L50, M|100/100\n|-terastallize|p2b: \u4e94\u5bfc\u718a\u6e7f|Stellar\n|move|p1a: Miraidon|Snarl|p2a: \u9732\u51a0\u65f6\u95f4\u5230\u62c9|[spread] p2a,p2b\n|-supereffective|p2a: \u9732\u51a0\u65f6\u95f4\u5230\u62c9\n|-resisted|p2b: \u4e94\u5bfc\u718a\u6e7f\n|-damage|p2a: \u9732\u51a0\u65f6\u95f4\u5230\u62c9|0 fnt\n|-damage|p2b: \u4e94\u5bfc\u718a\u6e7f|64/100\n|-unboost|p2b: \u4e94\u5bfc\u718a\u6e7f|spa|1\n|faint|p2a: \u9732\u51a0\u65f6\u95f4\u5230\u62c9\n|move|p2b: \u4e94\u5bfc\u718a\u6e7f|Surging Strikes|p1b: Amoonguss\n|-resisted|p1b: Amoonguss\n|-crit|p1b: Amoonguss\n|-damage|p1b: Amoonguss|77/100\n|-damage|p2b: \u4e94\u5bfc\u718a\u6e7f|48/100|[from] item: Rocky Helmet|[of] p1b: Amoonguss\n|-resisted|p1b: Amoonguss\n|-crit|p1b: Amoonguss\n|-damage|p1b: Amoonguss|50/100\n|-damage|p2b: \u4e94\u5bfc\u718a\u6e7f|31/100|[from] item: Rocky Helmet|[of] p1b: Amoonguss\n|-resisted|p1b: Amoonguss\n|-crit|p1b: Amoonguss\n|-damage|p1b: Amoonguss|25/100\n|-damage|p2b: \u4e94\u5bfc\u718a\u6e7f|15/100|[from] item: Rocky Helmet|[of] p1b: Amoonguss\n|-hitcount|p1b: Amoonguss|3\n|-damage|p2b: \u4e94\u5bfc\u718a\u6e7f|5/100|[from] item: Life Orb\n|\n|-weather|RainDance|[upkeep]\n|upkeep\n|\n|t:|1770521598\n|switch|p2a: \u6210\u90fd\u8001\u76d6|Kyogre, L50|100/100\n|turn|4\n|\n|t:|1770521620\n|switch|p1b: Incineroar|Incineroar, L50, F, tera:Water|23/100\n|-ability|p1b: Incineroar|Intimidate|boost\n|-unboost|p2a: \u6210\u90fd\u8001\u76d6|atk|1\n|-unboost|p2b: \u4e94\u5bfc\u718a\u6e7f|atk|1\n|move|p2b: \u4e94\u5bfc\u718a\u6e7f|Detect|p2b: \u4e94\u5bfc\u718a\u6e7f\n|-singleturn|p2b: \u4e94\u5bfc\u718a\u6e7f|Protect\n|move|p1a: Miraidon|Snarl|p2b: \u4e94\u5bfc\u718a\u6e7f|[spread] p2a\n|-activate|p2b: \u4e94\u5bfc\u718a\u6e7f|move: Protect\n|-damage|p2a: \u6210\u90fd\u8001\u76d6|89/100\n|-unboost|p2a: \u6210\u90fd\u8001\u76d6|spa|1\n|move|p2a: \u6210\u90fd\u8001\u76d6|Ice Beam|p1b: Incineroar\n|-resisted|p1b: Incineroar\n|-damage|p1b: Incineroar|15/100\n|\n|-weather|RainDance|[upkeep]\n|upkeep\n|turn|5\n|c|\u2606Unskilled99|\u592a\u6676\u6c34\u771f\u662f\u500b\u597d\u6771\u897f\n|\n|t:|1770521658\n|switch|p2b: \u4f8d\u7684\u6211\u7231\u5bfc\u7ba1|Indeedee-F, L50, F|72/100\n|move|p1a: Miraidon|Snarl|p2a: \u6210\u90fd\u8001\u76d6|[spread] p2b\n|-miss|p1a: Miraidon|p2a: \u6210\u90fd\u8001\u76d6\n|-supereffective|p2b: \u4f8d\u7684\u6211\u7231\u5bfc\u7ba1\n|-damage|p2b: \u4f8d\u7684\u6211\u7231\u5bfc\u7ba1|45/100\n|-unboost|p2b: \u4f8d\u7684\u6211\u7231\u5bfc\u7ba1|spa|1\n|move|p2a: \u6210\u90fd\u8001\u76d6|Ice Beam|p1a: Miraidon\n|-supereffective|p1a: Miraidon\n|-damage|p1a: Miraidon|13/100\n|move|p1b: Incineroar|U-turn|p2a: \u6210\u90fd\u8001\u76d6\n|-damage|p2a: \u6210\u90fd\u8001\u76d6|68/100\n|c|\u2606dasabe\u76d6\u6b27\u5361\u4fa0|\ud83d\ude21\n|\n|t:|1770521671\n|switch|p1b: Calyrex|Calyrex-Ice, L50|80/100|[from] U-turn\n|-ability|p1b: Calyrex|As One\n|-ability|p1b: Calyrex|Unnerve\n|\n|-weather|none\n|upkeep\n|turn|6\n|-message|dasabe\u76d6\u6b27\u5361\u4fa0 forfeited.\n|\n|win|Unskilled99\n|raw|Unskilled99's rating: 1488 &rarr; <strong>1517</strong><br />(+29 for winning)\n|raw|dasabe\u76d6\u6b27\u5361\u4fa0's rating: 1652 &rarr; <strong>1623</strong><br />(-29 for losing)\n|c|\u2606Unskilled99|>:)\n|l|\u2606Unskilled99\n|player|p1|\n|l|\u2606dasabe\u76d6\u6b27\u5361\u4fa0\n|player|p2|\n","uploadtime":1770521899,"views":20,"formatid":"gen9vgc2026regi","rating":1517,"private":0,"password":null}