{"id":"gen9vgc2026regi-2516296945","format":"[Gen 9] VGC 2026 Reg I","players":["fogdocker","dravenak1"],"log":"|j|\u2606fogdocker\n|j|\u2606dravenak1\n|t:|1768115306\n|gametype|doubles\n|player|p1|fogdocker|102|1230\n|player|p2|dravenak1|hugh|1105\n|gen|9\n|tier|[Gen 9] VGC 2026 Reg I\n|rated|\n|rule|Species Clause: Limit one of each Pok\u00e9mon\n|rule|Item Clause: Limit 1 of each item\n|clearpoke\n|poke|p1|Koraidon, L50|\n|poke|p1|Flutter Mane, L50|\n|poke|p1|Calyrex-Ice, L50|\n|poke|p1|Incineroar, L50, M|\n|poke|p1|Rillaboom, L50, M|\n|poke|p1|Ursaluna, L50, M|\n|poke|p2|Zamazenta-*, L50|\n|poke|p2|Giratina-Origin, L50|\n|poke|p2|Chien-Pao, L50|\n|poke|p2|Entei, L50|\n|poke|p2|Urshifu-*, L50, M|\n|poke|p2|Rillaboom, L50, F|\n|teampreview|4\n|inactive|Battle timer is ON: inactive players will automatically lose when time's up. (requested by dravenak1)\n|inactive|fogdocker has 60 seconds left.\n|inactive|dravenak1 has 60 seconds left.\n|inactive|dravenak1 has 30 seconds left.\n|inactive|dravenak1 has 20 seconds left.\n|inactive|dravenak1 has 15 seconds left.\n|inactive|dravenak1 has 10 seconds left.\n|inactive|dravenak1 has 5 seconds left.\n|\n|t:|1768115396\n|teamsize|p1|4\n|teamsize|p2|4\n|start\n|switch|p1a: Koraidon|Koraidon, L50|100/100\n|switch|p1b: Flutter Mane|Flutter Mane, L50|100/100\n|switch|p2a: Zamazenta|Zamazenta-Crowned, L50|100/100\n|switch|p2b: Giratina|Giratina-Origin, L50, shiny|100/100\n|-weather|SunnyDay|[from] ability: Orichalcum Pulse|[of] p1a: Koraidon\n|-activate|p1b: Flutter Mane|ability: Protosynthesis\n|-start|p1b: Flutter Mane|protosynthesisspe\n|-activate|p1a: Koraidon|Orichalcum Pulse|[source]\n|-ability|p2a: Zamazenta|Dauntless Shield|boost\n|-boost|p2a: Zamazenta|def|1\n|turn|1\n|inactive|fogdocker has 30 seconds left.\n|inactive|dravenak1 has 30 seconds left.\n|inactive|dravenak1 has 20 seconds left.\n|inactive|dravenak1 has 15 seconds left.\n|\n|t:|1768115438\n|-terastallize|p2b: Giratina|Fire\n|move|p1a: Koraidon|Protect|p1a: Koraidon\n|-singleturn|p1a: Koraidon|Protect\n|move|p1b: Flutter Mane|Moonblast|p2b: Giratina\n|-resisted|p2b: Giratina\n|-damage|p2b: Giratina|83/100\n|move|p2a: Zamazenta|Behemoth Bash|p1b: Flutter Mane\n|-supereffective|p1b: Flutter Mane\n|-enditem|p1b: Flutter Mane|Focus Sash\n|-damage|p1b: Flutter Mane|1/100\n|move|p2b: Giratina|Draco Meteor|p1a: Koraidon\n|-activate|p1a: Koraidon|move: Protect\n|\n|-weather|SunnyDay|[upkeep]\n|upkeep\n|turn|2\n|inactive|fogdocker has 30 seconds left.\n|inactive|fogdocker has 20 seconds left.\n|inactive|fogdocker has 15 seconds left.\n|\n|t:|1768115480\n|switch|p1a: Incineroar|Incineroar, L50, M|100/100\n|-ability|p1a: Incineroar|Intimidate|boost\n|-unboost|p2a: Zamazenta|atk|1\n|-unboost|p2b: Giratina|atk|1\n|move|p2a: Zamazenta|Protect|p2a: Zamazenta\n|-singleturn|p2a: Zamazenta|Protect\n|move|p2b: Giratina|Shadow Sneak|p1b: Flutter Mane\n|-supereffective|p1b: Flutter Mane\n|-damage|p1b: Flutter Mane|0 fnt\n|faint|p1b: Flutter Mane\n|-end|p1b: Flutter Mane|Protosynthesis|[silent]\n|\n|-weather|SunnyDay|[upkeep]\n|upkeep\n|\n|t:|1768115493\n|switch|p1b: Koraidon|Koraidon, L50|100/100\n|-activate|p1b: Koraidon|ability: Orichalcum Pulse\n|turn|3\n|\n|t:|1768115499\n|move|p1a: Incineroar|Fake Out|p2b: Giratina\n|-damage|p2b: Giratina|76/100\n|move|p1b: Koraidon|Flare Blitz|p2a: Zamazenta\n|-supereffective|p2a: Zamazenta\n|-damage|p2a: Zamazenta|17/100\n|-damage|p1b: Koraidon|72/100|[from] Recoil\n|-damage|p1b: Koraidon|63/100|[from] item: Life Orb\n|move|p2a: Zamazenta|Body Press|p1a: Incineroar\n|-supereffective|p1a: Incineroar\n|-damage|p1a: Incineroar|0 fnt\n|faint|p1a: Incineroar\n|cant|p2b: Giratina|flinch\n|\n|-weather|SunnyDay|[upkeep]\n|upkeep\n|\n|t:|1768115508\n|switch|p1a: Calyrex|Calyrex-Ice, L50|100/100\n|-ability|p1a: Calyrex|As One\n|-ability|p1a: Calyrex|Unnerve\n|turn|4\n|\n|t:|1768115533\n|-terastallize|p1a: Calyrex|Water\n|move|p2a: Zamazenta|Protect|p2a: Zamazenta\n|-singleturn|p2a: Zamazenta|Protect\n|move|p1b: Koraidon|Close Combat|p2b: Giratina\n|-damage|p2b: Giratina|1/100\n|-unboost|p1b: Koraidon|def|1\n|-unboost|p1b: Koraidon|spd|1\n|-damage|p1b: Koraidon|53/100|[from] item: Life Orb\n|move|p2b: Giratina|Poltergeist|p1a: Calyrex|[miss]\n|-miss|p2b: Giratina|p1a: Calyrex\n|move|p1a: Calyrex|Glacial Lance|p2a: Zamazenta|[spread] p2b\n|-activate|p2a: Zamazenta|move: Protect\n|-resisted|p2b: Giratina\n|-damage|p2b: Giratina|0 fnt\n|faint|p2b: Giratina\n|-ability|p1a: Calyrex|Chilling Neigh|boost\n|-boost|p1a: Calyrex|atk|1\n|\n|-weather|SunnyDay|[upkeep]\n|upkeep\n|\n|t:|1768115552\n|switch|p2b: Entei|Entei, L50|100/100\n|turn|5\n|\n|t:|1768115576\n|move|p1b: Koraidon|Protect|p1b: Koraidon\n|-singleturn|p1b: Koraidon|Protect\n|move|p2a: Zamazenta|Wide Guard|p2a: Zamazenta\n|-singleturn|p2a: Zamazenta|Wide Guard\n|move|p2b: Entei|Sacred Fire|p1a: Calyrex\n|-resisted|p1a: Calyrex\n|-damage|p1a: Calyrex|71/100\n|-damage|p2b: Entei|91/100|[from] item: Life Orb\n|move|p1a: Calyrex|Leech Seed|p2b: Entei\n|-start|p2b: Entei|move: Leech Seed\n|\n|-weather|none\n|-heal|p1a: Calyrex|76/100|[from] item: Leftovers\n|-damage|p2b: Entei|78/100|[from] Leech Seed|[of] p1a: Calyrex\n|-heal|p1a: Calyrex|89/100|[silent]\n|upkeep\n|turn|6\n|\n|t:|1768115594\n|move|p2a: Zamazenta|Wide Guard|p2a: Zamazenta\n|-singleturn|p2a: Zamazenta|Wide Guard\n|move|p1b: Koraidon|Close Combat|p2b: Entei\n|-damage|p2b: Entei|4/100\n|-unboost|p1b: Koraidon|def|1\n|-unboost|p1b: Koraidon|spd|1\n|-damage|p1b: Koraidon|43/100|[from] item: Life Orb\n|move|p2b: Entei|Sacred Fire|p1a: Calyrex\n|-resisted|p1a: Calyrex\n|-damage|p1a: Calyrex|71/100\n|-damage|p2b: Entei|0 fnt|[from] item: Life Orb\n|faint|p2b: Entei\n|move|p1a: Calyrex|Trick Room|p1a: Calyrex\n|-fieldstart|move: Trick Room|[of] p1a: Calyrex\n|\n|-heal|p1a: Calyrex|76/100|[from] item: Leftovers\n|upkeep\n|\n|t:|1768115607\n|switch|p2b: Chien-Pao|Chien-Pao, L50|100/100\n|-ability|p2b: Chien-Pao|Sword of Ruin\n|turn|7\n|\n|t:|1768115631\n|move|p1b: Koraidon|Protect|p1b: Koraidon\n|-singleturn|p1b: Koraidon|Protect\n|move|p2a: Zamazenta|Wide Guard|p2a: Zamazenta\n|-singleturn|p2a: Zamazenta|Wide Guard\n|move|p2b: Chien-Pao|Sucker Punch||[still]\n|-fail|p2b: Chien-Pao\n|move|p1a: Calyrex|Leech Seed|p2b: Chien-Pao\n|-start|p2b: Chien-Pao|move: Leech Seed\n|\n|-heal|p1a: Calyrex|82/100|[from] item: Leftovers\n|-damage|p2b: Chien-Pao|88/100|[from] Leech Seed|[of] p1a: Calyrex\n|-heal|p1a: Calyrex|91/100|[silent]\n|upkeep\n|turn|8\n|\n|t:|1768115646\n|move|p2b: Chien-Pao|Sucker Punch|p1b: Koraidon\n|-resisted|p1b: Koraidon\n|-damage|p1b: Koraidon|2/100\n|move|p1a: Calyrex|Glacial Lance|p2a: Zamazenta|[spread] p2a,p2b\n|-resisted|p2a: Zamazenta\n|-resisted|p2b: Chien-Pao\n|-damage|p2a: Zamazenta|0 fnt\n|-damage|p2b: Chien-Pao|38/100\n|faint|p2a: Zamazenta\n|-ability|p1a: Calyrex|Chilling Neigh|boost\n|-boost|p1a: Calyrex|atk|1\n|move|p1b: Koraidon|Close Combat|p2b: Chien-Pao\n|-supereffective|p2b: Chien-Pao\n|-damage|p2b: Chien-Pao|0 fnt\n|-unboost|p1b: Koraidon|def|1\n|-unboost|p1b: Koraidon|spd|1\n|faint|p2b: Chien-Pao\n|-damage|p1b: Koraidon|0 fnt|[from] item: Life Orb\n|faint|p1b: Koraidon\n|\n|win|fogdocker\n|raw|fogdocker's rating: 1230 &rarr; <strong>1246</strong><br />(+16 for winning)\n|raw|dravenak1's rating: 1105 &rarr; <strong>1089</strong><br />(-16 for losing)\n|l|\u2606dravenak1\n|player|p2|\n|l|\u2606fogdocker\n|player|p1|\n","uploadtime":1768116018,"views":12,"formatid":"gen9vgc2026regi","rating":1089,"private":0,"password":null}