{"id":"gen9vgc2026regi-2552420220","format":"[Gen 9] VGC 2026 Reg I","players":["blackred123\u6c38\u96cf\u5854\u83f2\u4fa0","shangenb5"],"log":"|j|\u2606blackred123\u6c38\u96cf\u5854\u83f2\u4fa0\n|j|\u2606shangenb5\n|t:|1772720068\n|gametype|doubles\n|player|p1|blackred123\u6c38\u96cf\u5854\u83f2\u4fa0|iono-masters|1462\n|player|p2|shangenb5|101|1392\n|gen|9\n|tier|[Gen 9] VGC 2026 Reg I\n|rated|\n|rule|Species Clause: Limit one of each Pok\u00e9mon\n|rule|Item Clause: Limit 1 of each item\n|clearpoke\n|poke|p1|Kyogre, L50|\n|poke|p1|Zamazenta-*, L50|\n|poke|p1|Chien-Pao, L50|\n|poke|p1|Amoonguss, L50, M|\n|poke|p1|Dragonite, L50, F|\n|poke|p1|Rillaboom, L50, M|\n|poke|p2|Calyrex-Shadow, L50|\n|poke|p2|Zamazenta-*, L50|\n|poke|p2|Rillaboom, L50, F|\n|poke|p2|Raging Bolt, L50|\n|poke|p2|Ogerpon-Hearthflame, L50, F|\n|poke|p2|Smeargle, L50, M|\n|teampreview|4\n|inactive|Battle timer is ON: inactive players will automatically lose when time's up. (requested by blackred123\u6c38\u96cf\u5854\u83f2\u4fa0)\n|inactive|shangenb5 has 60 seconds left.\n|\n|t:|1772720101\n|teamsize|p1|4\n|teamsize|p2|4\n|start\n|switch|p1a: Zamazenta|Zamazenta-Crowned, L50|100/100\n|switch|p1b: Chien-Pao|Chien-Pao, L50|100/100\n|switch|p2a: Smeargle|Smeargle, L50, M|100/100\n|switch|p2b: Calyrex|Calyrex-Shadow, L50|100/100\n|-ability|p2b: Calyrex|As One\n|-ability|p2b: Calyrex|Unnerve\n|-ability|p1b: Chien-Pao|Sword of Ruin\n|-ability|p1a: Zamazenta|Dauntless Shield|boost\n|-boost|p1a: Zamazenta|def|1\n|turn|1\n|\n|t:|1772720118\n|move|p2a: Smeargle|Fake Out|p1b: Chien-Pao\n|-damage|p1b: Chien-Pao|94/100\n|move|p2b: Calyrex|Nasty Plot|p2b: Calyrex\n|-boost|p2b: Calyrex|spa|2\n|cant|p1b: Chien-Pao|flinch\n|move|p1a: Zamazenta|Heavy Slam|p2b: Calyrex\n|-damage|p2b: Calyrex|25/100\n|\n|-ability|p2a: Smeargle|Moody|boost\n|-boost|p2a: Smeargle|spa|2\n|-unboost|p2a: Smeargle|spe|1\n|upkeep\n|turn|2\n|\n|t:|1772720135\n|move|p2b: Calyrex|Protect|p2b: Calyrex\n|-singleturn|p2b: Calyrex|Protect\n|move|p1a: Zamazenta|Wide Guard|p1a: Zamazenta\n|-singleturn|p1a: Zamazenta|Wide Guard\n|move|p1b: Chien-Pao|Taunt|p2a: Smeargle\n|-start|p2a: Smeargle|move: Taunt\n|cant|p2a: Smeargle|move: Taunt|Spore\n|\n|-ability|p2a: Smeargle|Moody|boost\n|-boost|p2a: Smeargle|spa|2\n|-unboost|p2a: Smeargle|spd|1\n|upkeep\n|turn|3\n|\n|t:|1772720149\n|-terastallize|p2b: Calyrex|Dark\n|move|p2a: Smeargle|Feint|p1b: Chien-Pao\n|-damage|p1b: Chien-Pao|88/100\n|move|p2b: Calyrex|Astral Barrage|p1a: Zamazenta|[spread] p1a,p1b\n|-resisted|p1b: Chien-Pao\n|-damage|p1a: Zamazenta|6/100\n|-damage|p1b: Chien-Pao|0 fnt\n|faint|p1b: Chien-Pao\n|-ability|p2b: Calyrex|Grim Neigh|boost\n|-boost|p2b: Calyrex|spa|1\n|-damage|p2b: Calyrex|16/100|[from] item: Life Orb\n|move|p1a: Zamazenta|Body Press|p2b: Calyrex\n|-supereffective|p2b: Calyrex\n|-damage|p2b: Calyrex|0 fnt\n|faint|p2b: Calyrex\n|\n|-ability|p2a: Smeargle|Moody|boost\n|-boost|p2a: Smeargle|spe|2\n|-unboost|p2a: Smeargle|def|1\n|upkeep\n|\n|t:|1772720170\n|switch|p2b: Raging Bolt|Raging Bolt, L50|100/100\n|switch|p1b: Kyogre|Kyogre, L50|100/100\n|-weather|RainDance|[from] ability: Drizzle|[of] p1b: Kyogre\n|-enditem|p2b: Raging Bolt|Booster Energy\n|-activate|p2b: Raging Bolt|ability: Protosynthesis|[fromitem]\n|-start|p2b: Raging Bolt|protosynthesisspa\n|turn|4\n|\n|t:|1772720187\n|switch|p1a: Dragonite|Dragonite, L50, F|100/100\n|-terastallize|p1b: Kyogre|Ghost\n|move|p2a: Smeargle|Feint|p1b: Kyogre\n|-immune|p1b: Kyogre\n|move|p2b: Raging Bolt|Thunderclap|p1b: Kyogre\n|-damage|p1b: Kyogre|62/100\n|move|p1b: Kyogre|Water Spout|p2b: Raging Bolt|[spread] p2a,p2b\n|-resisted|p2b: Raging Bolt\n|-enditem|p2a: Smeargle|Focus Sash\n|-damage|p2a: Smeargle|1/100\n|-damage|p2b: Raging Bolt|75/100\n|\n|-weather|RainDance|[upkeep]\n|-end|p2a: Smeargle|move: Taunt\n|-ability|p2a: Smeargle|Moody|boost\n|-boost|p2a: Smeargle|spa|2\n|-unboost|p2a: Smeargle|atk|1\n|upkeep\n|turn|5\n|inactive|shangenb5 has 30 seconds left.\n|\n|t:|1772720216\n|switch|p1b: Zamazenta|Zamazenta-Crowned, L50|6/100\n|move|p1a: Dragonite|Extreme Speed|p2a: Smeargle\n|-damage|p2a: Smeargle|0 fnt\n|faint|p2a: Smeargle\n|move|p2b: Raging Bolt|Dragon Pulse|p1a: Dragonite\n|-supereffective|p1a: Dragonite\n|-damage|p1a: Dragonite|0 fnt\n|faint|p1a: Dragonite\n|\n|-weather|RainDance|[upkeep]\n|upkeep\n|\n|t:|1772720227\n|switch|p2a: Zamazenta|Zamazenta-Crowned, L50|100/100\n|switch|p1a: Kyogre|Kyogre, L50, tera:Ghost|62/100\n|-ability|p2a: Zamazenta|Dauntless Shield|boost\n|-boost|p2a: Zamazenta|def|1\n|turn|6\n|\n|t:|1772720250\n|move|p2b: Raging Bolt|Thunderclap|p1a: Kyogre\n|-damage|p1a: Kyogre|22/100\n|move|p1a: Kyogre|Origin Pulse|p2a: Zamazenta|[spread] p2a,p2b\n|-resisted|p2b: Raging Bolt\n|-crit|p2b: Raging Bolt\n|-damage|p2a: Zamazenta|58/100\n|-damage|p2b: Raging Bolt|29/100\n|move|p1b: Zamazenta|Imprison|p1b: Zamazenta\n|-start|p1b: Zamazenta|move: Imprison\n|cant|p2a: Zamazenta|move: Imprison|Body Press\n|\n|-weather|RainDance|[upkeep]\n|upkeep\n|turn|7\n|inactive|blackred123\u6c38\u96cf\u5854\u83f2\u4fa0 has 30 seconds left.\n|\n|t:|1772720277\n|move|p2a: Zamazenta|Protect|p2a: Zamazenta\n|-singleturn|p2a: Zamazenta|Protect\n|move|p2b: Raging Bolt|Thunderclap||[still]\n|-fail|p2b: Raging Bolt\n|move|p1a: Kyogre|Origin Pulse|p2b: Raging Bolt|[spread] p2b\n|-activate|p2a: Zamazenta|move: Protect\n|-resisted|p2b: Raging Bolt\n|-damage|p2b: Raging Bolt|0 fnt\n|faint|p2b: Raging Bolt\n|-end|p2b: Raging Bolt|Protosynthesis|[silent]\n|move|p1b: Zamazenta|Imprison||[still]\n|-fail|p1b: Zamazenta\n|\n|-weather|RainDance|[upkeep]\n|upkeep\n|turn|8\n|-message|shangenb5 forfeited.\n|\n|win|blackred123\u6c38\u96cf\u5854\u83f2\u4fa0\n|raw|blackred123\u6c38\u96cf\u5854\u83f2\u4fa0's rating: 1462 &rarr; <strong>1478</strong><br />(+16 for winning)\n|raw|shangenb5's rating: 1392 &rarr; <strong>1376</strong><br />(-16 for losing)\n|l|\u2606shangenb5\n|player|p2|\n","uploadtime":1772720296,"views":12,"formatid":"gen9vgc2026regi","rating":1376,"private":0,"password":null}