{"id":"gen9vgc2026regi-2544206420","format":"[Gen 9] VGC 2026 Reg I","players":["BanKingambit69247","Crawsomeness"],"log":"|j|\u2606BanKingambit69247\n|j|\u2606Crawsomeness\n|t:|1771677889\n|gametype|doubles\n|player|p1|BanKingambit69247|102|1363\n|player|p2|Crawsomeness|hiker-gen4|1337\n|gen|9\n|tier|[Gen 9] VGC 2026 Reg I\n|rated|\n|rule|Species Clause: Limit one of each Pok\u00e9mon\n|rule|Item Clause: Limit 1 of each item\n|clearpoke\n|poke|p1|Calyrex-Shadow, L50|\n|poke|p1|Zamazenta-*, L50|\n|poke|p1|Chien-Pao, L50|\n|poke|p1|Dragonite, L50, F|\n|poke|p1|Rillaboom, L50, M|\n|poke|p1|Incineroar, L50, F|\n|poke|p2|Miraidon, L50|\n|poke|p2|Whimsicott, L50, F|\n|poke|p2|Zacian-*, L50|\n|poke|p2|Ursaluna-Bloodmoon, L50, M|\n|poke|p2|Farigiraf, L50, M|\n|poke|p2|Iron Hands, L50|\n|teampreview|4\n|inactive|Battle timer is ON: inactive players will automatically lose when time's up. (requested by BanKingambit69247)\n|\n|t:|1771677907\n|teamsize|p1|4\n|teamsize|p2|4\n|start\n|switch|p1a: \u795e\u7684\u4f1f\u5927\u65e0\u9700\u591a\u8a00|Incineroar, L50, F|100/100\n|switch|p1b: \u90a3\u6211\u7f3a\u7684\u5636\u9e23\u8fd9\u4e00\u5757\u8c01\u7ed9\u6211\u8865\u554a\u267f\u267f\u267f|Calyrex-Shadow, L50|100/100\n|switch|p2a: Farigiraf|Farigiraf, L50, M|100/100\n|switch|p2b: Miraidon|Miraidon, L50|100/100\n|-ability|p1b: \u90a3\u6211\u7f3a\u7684\u5636\u9e23\u8fd9\u4e00\u5757\u8c01\u7ed9\u6211\u8865\u554a\u267f\u267f\u267f|As One\n|-ability|p1b: \u90a3\u6211\u7f3a\u7684\u5636\u9e23\u8fd9\u4e00\u5757\u8c01\u7ed9\u6211\u8865\u554a\u267f\u267f\u267f|Unnerve\n|-fieldstart|move: Electric Terrain|[from] ability: Hadron Engine|[of] p2b: Miraidon\n|-enditem|p2a: Farigiraf|Electric Seed\n|-boost|p2a: Farigiraf|def|1|[from] item: Electric Seed\n|-ability|p1a: \u795e\u7684\u4f1f\u5927\u65e0\u9700\u591a\u8a00|Intimidate|boost\n|-unboost|p2a: Farigiraf|atk|1\n|-unboost|p2b: Miraidon|atk|1\n|turn|1\n|\n|t:|1771677917\n|switch|p1b: \u9999\u2642\u8549\u541b|Rillaboom, L50, M|100/100\n|-fieldstart|move: Grassy Terrain|[from] ability: Grassy Surge|[of] p1b: \u9999\u2642\u8549\u541b\n|move|p2b: Miraidon|Volt Switch|p1a: \u795e\u7684\u4f1f\u5927\u65e0\u9700\u591a\u8a00\n|-damage|p1a: \u795e\u7684\u4f1f\u5927\u65e0\u9700\u591a\u8a00|51/100\n|\n|t:|1771677925\n|switch|p2b: Iron Hands|Iron Hands, L50|100/100|[from] Volt Switch\n|move|p1a: \u795e\u7684\u4f1f\u5927\u65e0\u9700\u591a\u8a00|Knock Off|p2b: Iron Hands\n|-resisted|p2b: Iron Hands\n|-damage|p2b: Iron Hands|87/100\n|-enditem|p2b: Iron Hands|Assault Vest|[from] move: Knock Off|[of] p1a: \u795e\u7684\u4f1f\u5927\u65e0\u9700\u591a\u8a00\n|move|p2a: Farigiraf|Trick Room|p2a: Farigiraf\n|-fieldstart|move: Trick Room|[of] p2a: Farigiraf\n|\n|-heal|p2b: Iron Hands|93/100|[from] Grassy Terrain\n|-heal|p1a: \u795e\u7684\u4f1f\u5927\u65e0\u9700\u591a\u8a00|57/100|[from] Grassy Terrain\n|upkeep\n|turn|2\n|\n|t:|1771677937\n|switch|p1a: \u90a3\u6211\u7f3a\u7684\u5636\u9e23\u8fd9\u4e00\u5757\u8c01\u7ed9\u6211\u8865\u554a\u267f\u267f\u267f|Calyrex-Shadow, L50|100/100\n|-ability|p1a: \u90a3\u6211\u7f3a\u7684\u5636\u9e23\u8fd9\u4e00\u5757\u8c01\u7ed9\u6211\u8865\u554a\u267f\u267f\u267f|As One\n|-ability|p1a: \u90a3\u6211\u7f3a\u7684\u5636\u9e23\u8fd9\u4e00\u5757\u8c01\u7ed9\u6211\u8865\u554a\u267f\u267f\u267f|Unnerve\n|move|p2a: Farigiraf|Helping Hand|p2b: Iron Hands\n|-singleturn|p2b: Iron Hands|Helping Hand|[of] p2a: Farigiraf\n|move|p2b: Iron Hands|Low Kick|p1a: \u90a3\u6211\u7f3a\u7684\u5636\u9e23\u8fd9\u4e00\u5757\u8c01\u7ed9\u6211\u8865\u554a\u267f\u267f\u267f\n|-immune|p1a: \u90a3\u6211\u7f3a\u7684\u5636\u9e23\u8fd9\u4e00\u5757\u8c01\u7ed9\u6211\u8865\u554a\u267f\u267f\u267f\n|move|p1b: \u9999\u2642\u8549\u541b|U-turn|p2a: Farigiraf\n|-supereffective|p2a: Farigiraf\n|-damage|p2a: Farigiraf|76/100\n|\n|t:|1771677948\n|switch|p1b: \u795e\u7684\u4f1f\u5927\u65e0\u9700\u591a\u8a00|Incineroar, L50, F|57/100|[from] U-turn\n|-ability|p1b: \u795e\u7684\u4f1f\u5927\u65e0\u9700\u591a\u8a00|Intimidate|boost\n|-unboost|p2a: Farigiraf|atk|1\n|-unboost|p2b: Iron Hands|atk|1\n|\n|-heal|p2b: Iron Hands|99/100|[from] Grassy Terrain\n|-heal|p2a: Farigiraf|82/100|[from] Grassy Terrain\n|-heal|p1b: \u795e\u7684\u4f1f\u5927\u65e0\u9700\u591a\u8a00|63/100|[from] Grassy Terrain\n|upkeep\n|turn|3\n|\n|t:|1771677970\n|move|p2a: Farigiraf|Helping Hand|p2b: Iron Hands\n|-singleturn|p2b: Iron Hands|Helping Hand|[of] p2a: Farigiraf\n|move|p2b: Iron Hands|Low Kick|p1b: \u795e\u7684\u4f1f\u5927\u65e0\u9700\u591a\u8a00\n|-supereffective|p1b: \u795e\u7684\u4f1f\u5927\u65e0\u9700\u591a\u8a00\n|-damage|p1b: \u795e\u7684\u4f1f\u5927\u65e0\u9700\u591a\u8a00|0 fnt\n|faint|p1b: \u795e\u7684\u4f1f\u5927\u65e0\u9700\u591a\u8a00\n|move|p1a: \u90a3\u6211\u7f3a\u7684\u5636\u9e23\u8fd9\u4e00\u5757\u8c01\u7ed9\u6211\u8865\u554a\u267f\u267f\u267f|Psychic|p2b: Iron Hands\n|-supereffective|p2b: Iron Hands\n|-damage|p2b: Iron Hands|25/100\n|\n|-heal|p2b: Iron Hands|31/100|[from] Grassy Terrain\n|-heal|p2a: Farigiraf|88/100|[from] Grassy Terrain\n|upkeep\n|\n|t:|1771677977\n|switch|p1b: \u70ab\u70ab\u70ab\u70ab\u70ab\u70ab\u70ab\u70ab\ud83d\udc36\ud83d\udc36\ud83d\udc36|Zamazenta-Crowned, L50|100/100\n|-ability|p1b: \u70ab\u70ab\u70ab\u70ab\u70ab\u70ab\u70ab\u70ab\ud83d\udc36\ud83d\udc36\ud83d\udc36|Dauntless Shield|boost\n|-boost|p1b: \u70ab\u70ab\u70ab\u70ab\u70ab\u70ab\u70ab\u70ab\ud83d\udc36\ud83d\udc36\ud83d\udc36|def|1\n|turn|4\n|\n|t:|1771677984\n|move|p2b: Iron Hands|Low Kick|p1b: \u70ab\u70ab\u70ab\u70ab\u70ab\u70ab\u70ab\u70ab\ud83d\udc36\ud83d\udc36\ud83d\udc36\n|-supereffective|p1b: \u70ab\u70ab\u70ab\u70ab\u70ab\u70ab\u70ab\u70ab\ud83d\udc36\ud83d\udc36\ud83d\udc36\n|-damage|p1b: \u70ab\u70ab\u70ab\u70ab\u70ab\u70ab\u70ab\u70ab\ud83d\udc36\ud83d\udc36\ud83d\udc36|64/100\n|move|p2a: Farigiraf|Psychic|p1b: \u70ab\u70ab\u70ab\u70ab\u70ab\u70ab\u70ab\u70ab\ud83d\udc36\ud83d\udc36\ud83d\udc36\n|-damage|p1b: \u70ab\u70ab\u70ab\u70ab\u70ab\u70ab\u70ab\u70ab\ud83d\udc36\ud83d\udc36\ud83d\udc36|39/100\n|move|p1b: \u70ab\u70ab\u70ab\u70ab\u70ab\u70ab\u70ab\u70ab\ud83d\udc36\ud83d\udc36\ud83d\udc36|Body Press|p2a: Farigiraf\n|-damage|p2a: Farigiraf|51/100\n|move|p1a: \u90a3\u6211\u7f3a\u7684\u5636\u9e23\u8fd9\u4e00\u5757\u8c01\u7ed9\u6211\u8865\u554a\u267f\u267f\u267f|Psychic|p2b: Iron Hands\n|-supereffective|p2b: Iron Hands\n|-damage|p2b: Iron Hands|0 fnt\n|faint|p2b: Iron Hands\n|-end|p2b: Iron Hands|Quark Drive|[silent]\n|-ability|p1a: \u90a3\u6211\u7f3a\u7684\u5636\u9e23\u8fd9\u4e00\u5757\u8c01\u7ed9\u6211\u8865\u554a\u267f\u267f\u267f|Grim Neigh|boost\n|-boost|p1a: \u90a3\u6211\u7f3a\u7684\u5636\u9e23\u8fd9\u4e00\u5757\u8c01\u7ed9\u6211\u8865\u554a\u267f\u267f\u267f|spa|1\n|\n|-heal|p2a: Farigiraf|57/100|[from] Grassy Terrain\n|-heal|p1b: \u70ab\u70ab\u70ab\u70ab\u70ab\u70ab\u70ab\u70ab\ud83d\udc36\ud83d\udc36\ud83d\udc36|45/100|[from] Grassy Terrain\n|upkeep\n|\n|t:|1771677993\n|switch|p2b: Ursaluna|Ursaluna-Bloodmoon, L50, M|100/100\n|turn|5\n|\n|t:|1771678002\n|switch|p1b: \u9999\u2642\u8549\u541b|Rillaboom, L50, M|100/100\n|move|p1a: \u90a3\u6211\u7f3a\u7684\u5636\u9e23\u8fd9\u4e00\u5757\u8c01\u7ed9\u6211\u8865\u554a\u267f\u267f\u267f|Protect|p1a: \u90a3\u6211\u7f3a\u7684\u5636\u9e23\u8fd9\u4e00\u5757\u8c01\u7ed9\u6211\u8865\u554a\u267f\u267f\u267f\n|-singleturn|p1a: \u90a3\u6211\u7f3a\u7684\u5636\u9e23\u8fd9\u4e00\u5757\u8c01\u7ed9\u6211\u8865\u554a\u267f\u267f\u267f|Protect\n|move|p2a: Farigiraf|Foul Play|p1a: \u90a3\u6211\u7f3a\u7684\u5636\u9e23\u8fd9\u4e00\u5757\u8c01\u7ed9\u6211\u8865\u554a\u267f\u267f\u267f\n|-activate|p1a: \u90a3\u6211\u7f3a\u7684\u5636\u9e23\u8fd9\u4e00\u5757\u8c01\u7ed9\u6211\u8865\u554a\u267f\u267f\u267f|move: Protect\n|move|p2b: Ursaluna|Earth Power|p1b: \u9999\u2642\u8549\u541b\n|-resisted|p1b: \u9999\u2642\u8549\u541b\n|-damage|p1b: \u9999\u2642\u8549\u541b|80/100\n|-damage|p2b: Ursaluna|91/100|[from] item: Life Orb\n|\n|-heal|p2a: Farigiraf|63/100|[from] Grassy Terrain\n|-heal|p1b: \u9999\u2642\u8549\u541b|86/100|[from] Grassy Terrain\n|-heal|p2b: Ursaluna|97/100|[from] Grassy Terrain\n|-fieldend|move: Trick Room\n|-fieldend|move: Grassy Terrain\n|upkeep\n|turn|6\n|\n|t:|1771678022\n|-terastallize|p2a: Farigiraf|Fire\n|move|p2b: Ursaluna|Protect|p2b: Ursaluna\n|-singleturn|p2b: Ursaluna|Protect\n|move|p1a: \u90a3\u6211\u7f3a\u7684\u5636\u9e23\u8fd9\u4e00\u5757\u8c01\u7ed9\u6211\u8865\u554a\u267f\u267f\u267f|Encore|p2a: Farigiraf\n|-start|p2a: Farigiraf|Encore\n|move|p1b: \u9999\u2642\u8549\u541b|Wood Hammer|p2b: Ursaluna\n|-activate|p2b: Ursaluna|move: Protect\n|move|p2a: Farigiraf|Foul Play|p1b: \u9999\u2642\u8549\u541b\n|-damage|p1b: \u9999\u2642\u8549\u541b|58/100\n|\n|upkeep\n|turn|7\n|\n|t:|1771678035\n|move|p1a: \u90a3\u6211\u7f3a\u7684\u5636\u9e23\u8fd9\u4e00\u5757\u8c01\u7ed9\u6211\u8865\u554a\u267f\u267f\u267f|Protect|p1a: \u90a3\u6211\u7f3a\u7684\u5636\u9e23\u8fd9\u4e00\u5757\u8c01\u7ed9\u6211\u8865\u554a\u267f\u267f\u267f\n|-singleturn|p1a: \u90a3\u6211\u7f3a\u7684\u5636\u9e23\u8fd9\u4e00\u5757\u8c01\u7ed9\u6211\u8865\u554a\u267f\u267f\u267f|Protect\n|move|p2b: Ursaluna|Blood Moon|p1a: \u90a3\u6211\u7f3a\u7684\u5636\u9e23\u8fd9\u4e00\u5757\u8c01\u7ed9\u6211\u8865\u554a\u267f\u267f\u267f\n|-activate|p1a: \u90a3\u6211\u7f3a\u7684\u5636\u9e23\u8fd9\u4e00\u5757\u8c01\u7ed9\u6211\u8865\u554a\u267f\u267f\u267f|move: Protect\n|move|p1b: \u9999\u2642\u8549\u541b|U-turn|p2a: Farigiraf\n|-resisted|p2a: Farigiraf\n|-damage|p2a: Farigiraf|57/100\n|\n|t:|1771678038\n|switch|p1b: \u70ab\u70ab\u70ab\u70ab\u70ab\u70ab\u70ab\u70ab\ud83d\udc36\ud83d\udc36\ud83d\udc36|Zamazenta-Crowned, L50|45/100|[from] U-turn\n|move|p2a: Farigiraf|Foul Play|p1a: \u90a3\u6211\u7f3a\u7684\u5636\u9e23\u8fd9\u4e00\u5757\u8c01\u7ed9\u6211\u8865\u554a\u267f\u267f\u267f\n|-activate|p1a: \u90a3\u6211\u7f3a\u7684\u5636\u9e23\u8fd9\u4e00\u5757\u8c01\u7ed9\u6211\u8865\u554a\u267f\u267f\u267f|move: Protect\n|\n|upkeep\n|turn|8\n|\n|t:|1771678062\n|move|p2b: Ursaluna|Protect|p2b: Ursaluna\n|-singleturn|p2b: Ursaluna|Protect\n|move|p1a: \u90a3\u6211\u7f3a\u7684\u5636\u9e23\u8fd9\u4e00\u5757\u8c01\u7ed9\u6211\u8865\u554a\u267f\u267f\u267f|Psychic|p2a: Farigiraf\n|-damage|p2a: Farigiraf|0 fnt\n|faint|p2a: Farigiraf\n|-ability|p1a: \u90a3\u6211\u7f3a\u7684\u5636\u9e23\u8fd9\u4e00\u5757\u8c01\u7ed9\u6211\u8865\u554a\u267f\u267f\u267f|Grim Neigh|boost\n|-boost|p1a: \u90a3\u6211\u7f3a\u7684\u5636\u9e23\u8fd9\u4e00\u5757\u8c01\u7ed9\u6211\u8865\u554a\u267f\u267f\u267f|spa|1\n|move|p1b: \u70ab\u70ab\u70ab\u70ab\u70ab\u70ab\u70ab\u70ab\ud83d\udc36\ud83d\udc36\ud83d\udc36|Body Press|p2b: Ursaluna\n|-activate|p2b: Ursaluna|move: Protect\n|\n|upkeep\n|\n|t:|1771678067\n|switch|p2a: Miraidon|Miraidon, L50|100/100\n|-fieldstart|move: Electric Terrain|[from] ability: Hadron Engine|[of] p2a: Miraidon\n|turn|9\n|\n|t:|1771678073\n|-terastallize|p1a: \u90a3\u6211\u7f3a\u7684\u5636\u9e23\u8fd9\u4e00\u5757\u8c01\u7ed9\u6211\u8865\u554a\u267f\u267f\u267f|Ghost\n|move|p1a: \u90a3\u6211\u7f3a\u7684\u5636\u9e23\u8fd9\u4e00\u5757\u8c01\u7ed9\u6211\u8865\u554a\u267f\u267f\u267f|Astral Barrage|p2a: Miraidon|[spread] p2a\n|-immune|p2b: Ursaluna\n|-damage|p2a: Miraidon|0 fnt\n|faint|p2a: Miraidon\n|-ability|p1a: \u90a3\u6211\u7f3a\u7684\u5636\u9e23\u8fd9\u4e00\u5757\u8c01\u7ed9\u6211\u8865\u554a\u267f\u267f\u267f|Grim Neigh|boost\n|-boost|p1a: \u90a3\u6211\u7f3a\u7684\u5636\u9e23\u8fd9\u4e00\u5757\u8c01\u7ed9\u6211\u8865\u554a\u267f\u267f\u267f|spa|1\n|move|p1b: \u70ab\u70ab\u70ab\u70ab\u70ab\u70ab\u70ab\u70ab\ud83d\udc36\ud83d\udc36\ud83d\udc36|Body Press|p2b: Ursaluna\n|-supereffective|p2b: Ursaluna\n|-damage|p2b: Ursaluna|13/100\n|move|p2b: Ursaluna|Hyper Voice|p1a: \u90a3\u6211\u7f3a\u7684\u5636\u9e23\u8fd9\u4e00\u5757\u8c01\u7ed9\u6211\u8865\u554a\u267f\u267f\u267f|[spread] p1a,p1b\n|-resisted|p1b: \u70ab\u70ab\u70ab\u70ab\u70ab\u70ab\u70ab\u70ab\ud83d\udc36\ud83d\udc36\ud83d\udc36\n|-damage|p1a: \u90a3\u6211\u7f3a\u7684\u5636\u9e23\u8fd9\u4e00\u5757\u8c01\u7ed9\u6211\u8865\u554a\u267f\u267f\u267f|54/100\n|-damage|p1b: \u70ab\u70ab\u70ab\u70ab\u70ab\u70ab\u70ab\u70ab\ud83d\udc36\ud83d\udc36\ud83d\udc36|29/100\n|-damage|p2b: Ursaluna|4/100|[from] item: Life Orb\n|\n|upkeep\n|turn|10\n|-message|Crawsomeness forfeited.\n|\n|win|BanKingambit69247\n|raw|BanKingambit69247's rating: 1363 &rarr; <strong>1382</strong><br />(+19 for winning)\n|raw|Crawsomeness's rating: 1337 &rarr; <strong>1318</strong><br />(-19 for losing)\n|l|\u2606Crawsomeness\n|player|p2|\n","uploadtime":1771678081,"views":12,"formatid":"gen9vgc2026regi","rating":1318,"private":0,"password":null}