{"id":"gen9vgc2026regi-2516898114","format":"[Gen 9] VGC 2026 Reg I","players":["Elohan","yaochangzhe"],"log":"|j|\u2606Elohan\n|j|\u2606yaochangzhe\n|t:|1768196617\n|gametype|doubles\n|player|p1|Elohan|skyla|1113\n|player|p2|yaochangzhe|169|1148\n|gen|9\n|tier|[Gen 9] VGC 2026 Reg I\n|rated|\n|rule|Species Clause: Limit one of each Pok\u00e9mon\n|rule|Item Clause: Limit 1 of each item\n|clearpoke\n|poke|p1|Zamazenta-*, L50|\n|poke|p1|Calyrex-Shadow, L50|\n|poke|p1|Rillaboom, L50, F|\n|poke|p1|Chien-Pao, L50|\n|poke|p1|Raging Bolt, L50|\n|poke|p1|Tornadus, L50, M|\n|poke|p2|Miraidon, L50|\n|poke|p2|Calyrex-Ice, L50|\n|poke|p2|Grimmsnarl, L50, M|\n|poke|p2|Urshifu-*, L50, M|\n|poke|p2|Landorus, L50, M|\n|poke|p2|Incineroar, L50, F|\n|teampreview|4\n|\n|t:|1768196693\n|teamsize|p1|4\n|teamsize|p2|4\n|start\n|switch|p1a: Zamazenta|Zamazenta-Crowned, L50|100/100\n|switch|p1b: Rillaboom|Rillaboom, L50, F|100/100\n|switch|p2a: Calyrex|Calyrex-Ice, L50|100/100\n|switch|p2b: Grimmsnarl|Grimmsnarl, L50, M|100/100\n|-ability|p2a: Calyrex|As One\n|-ability|p2a: Calyrex|Unnerve\n|-ability|p1a: Zamazenta|Dauntless Shield|boost\n|-boost|p1a: Zamazenta|def|1\n|-fieldstart|move: Grassy Terrain|[from] ability: Grassy Surge|[of] p1b: Rillaboom\n|turn|1\n|inactive|Battle timer is ON: inactive players will automatically lose when time's up. (requested by yaochangzhe)\n|\n|t:|1768196729\n|-terastallize|p1b: Rillaboom|Fire\n|move|p1b: Rillaboom|Fake Out|p2b: Grimmsnarl\n|-damage|p2b: Grimmsnarl|89/100\n|move|p2b: Grimmsnarl|Fake Out|p1a: Zamazenta\n|-resisted|p1a: Zamazenta\n|-damage|p1a: Zamazenta|99/100\n|cant|p1a: Zamazenta|flinch\n|move|p2a: Calyrex|Trick Room|p2a: Calyrex\n|-fieldstart|move: Trick Room|[of] p2a: Calyrex\n|\n|-heal|p2b: Grimmsnarl|95/100|[from] Grassy Terrain\n|-heal|p1a: Zamazenta|100/100|[from] Grassy Terrain\n|upkeep\n|turn|2\n|inactive|Elohan has 30 seconds left.\n|inactive|yaochangzhe has 30 seconds left.\n|inactive|yaochangzhe has 20 seconds left.\n|inactive|Elohan has 20 seconds left.\n|inactive|yaochangzhe has 15 seconds left.\n|inactive|Elohan has 15 seconds left.\n|inactive|Elohan has 10 seconds left.\n|\n|t:|1768196780\n|move|p2a: Calyrex|Protect|p2a: Calyrex\n|-singleturn|p2a: Calyrex|Protect\n|move|p2b: Grimmsnarl|Parting Shot|p1b: Rillaboom\n|-unboost|p1b: Rillaboom|atk|1\n|-unboost|p1b: Rillaboom|spa|1\n|\n|t:|1768196785\n|switch|p2b: Landorus|Landorus, L50, M|100/100|[from] Parting Shot\n|move|p1b: Rillaboom|U-turn|p2a: Calyrex\n|-activate|p2a: Calyrex|move: Protect\n|move|p1a: Zamazenta|Heavy Slam|p2b: Landorus\n|-damage|p2b: Landorus|48/100\n|\n|upkeep\n|turn|3\n|inactive|Elohan has 30 seconds left.\n|\n|t:|1768196818\n|move|p1a: Zamazenta|Protect|p1a: Zamazenta\n|-singleturn|p1a: Zamazenta|Protect\n|move|p2a: Calyrex|Close Combat|p1a: Zamazenta\n|-activate|p1a: Zamazenta|move: Protect\n|move|p1b: Rillaboom|U-turn|p2a: Calyrex\n|-supereffective|p2a: Calyrex\n|-damage|p2a: Calyrex|83/100\n|\n|t:|1768196826\n|switch|p1b: Chien-Pao|Chien-Pao, L50|100/100|[from] U-turn\n|-ability|p1b: Chien-Pao|Sword of Ruin\n|move|p2b: Landorus|Earth Power|p1b: Chien-Pao\n|-damage|p1b: Chien-Pao|0 fnt\n|faint|p1b: Chien-Pao\n|\n|-heal|p2a: Calyrex|89/100|[from] Grassy Terrain\n|upkeep\n|\n|t:|1768196835\n|switch|p1b: Rillaboom|Rillaboom, L50, F, tera:Fire|100/100\n|turn|4\n|\n|t:|1768196841\n|move|p1b: Rillaboom|Fake Out|p2a: Calyrex\n|-damage|p2a: Calyrex|82/100\n|cant|p2a: Calyrex|flinch\n|move|p1a: Zamazenta|Body Press|p2b: Landorus\n|-resisted|p2b: Landorus\n|-damage|p2b: Landorus|9/100\n|move|p2b: Landorus|Earth Power|p1a: Zamazenta\n|-supereffective|p1a: Zamazenta\n|-damage|p1a: Zamazenta|0 fnt\n|faint|p1a: Zamazenta\n|\n|-heal|p2a: Calyrex|87/100|[from] Grassy Terrain\n|upkeep\n|\n|t:|1768196853\n|switch|p1a: Calyrex|Calyrex-Shadow, L50|100/100\n|-ability|p1a: Calyrex|As One\n|-ability|p1a: Calyrex|Unnerve\n|turn|5\n|inactive|Elohan has 30 seconds left.\n|\n|t:|1768196880\n|switch|p2b: Grimmsnarl|Grimmsnarl, L50, M|95/100\n|move|p1a: Calyrex|Protect|p1a: Calyrex\n|-singleturn|p1a: Calyrex|Protect\n|move|p1b: Rillaboom|Grassy Glide|p2a: Calyrex\n|-damage|p2a: Calyrex|71/100\n|move|p2a: Calyrex|Glacial Lance|p1b: Rillaboom|[spread] p1b\n|-activate|p1a: Calyrex|move: Protect\n|-resisted|p1b: Rillaboom\n|-damage|p1b: Rillaboom|73/100\n|\n|-heal|p2b: Grimmsnarl|100/100|[from] Grassy Terrain\n|-heal|p2a: Calyrex|77/100|[from] Grassy Terrain\n|-heal|p1b: Rillaboom|79/100|[from] Grassy Terrain\n|-fieldend|move: Trick Room\n|-fieldend|move: Grassy Terrain\n|upkeep\n|turn|6\n|inactive|yaochangzhe has 30 seconds left.\n|\n|t:|1768196907\n|move|p2a: Calyrex|Protect|p2a: Calyrex\n|-singleturn|p2a: Calyrex|Protect\n|move|p2b: Grimmsnarl|Light Screen|p2b: Grimmsnarl\n|-sidestart|p2: yaochangzhe|move: Light Screen\n|move|p1a: Calyrex|Taunt|p2a: Calyrex\n|-activate|p2a: Calyrex|move: Protect\n|move|p1b: Rillaboom|Wood Hammer|p2b: Grimmsnarl\n|-damage|p2b: Grimmsnarl|47/100\n|-damage|p1b: Rillaboom|61/100|[from] Recoil\n|\n|upkeep\n|turn|7\n|\n|t:|1768196926\n|move|p2b: Grimmsnarl|Parting Shot|p1a: Calyrex\n|-unboost|p1a: Calyrex|atk|1\n|-unboost|p1a: Calyrex|spa|1\n|\n|t:|1768196929\n|switch|p2b: Miraidon|Miraidon, L50|100/100|[from] Parting Shot\n|-fieldstart|move: Electric Terrain|[from] ability: Hadron Engine|[of] p2b: Miraidon\n|move|p1a: Calyrex|Astral Barrage|p2a: Calyrex|[spread] p2a,p2b\n|-supereffective|p2a: Calyrex\n|-damage|p2a: Calyrex|42/100\n|-damage|p2b: Miraidon|86/100\n|move|p1b: Rillaboom|Wood Hammer|p2b: Miraidon\n|-resisted|p2b: Miraidon\n|-damage|p2b: Miraidon|62/100\n|-damage|p1b: Rillaboom|55/100|[from] Recoil\n|move|p2a: Calyrex|Glacial Lance|p1b: Rillaboom|[spread] p1a,p1b\n|-resisted|p1b: Rillaboom\n|-damage|p1a: Calyrex|32/100\n|-damage|p1b: Rillaboom|30/100\n|\n|upkeep\n|turn|8\n|inactive|Elohan has 30 seconds left.\n|\n|t:|1768196955\n|move|p1a: Calyrex|Astral Barrage|p2b: Miraidon|[spread] p2a,p2b\n|-supereffective|p2a: Calyrex\n|-damage|p2a: Calyrex|8/100\n|-damage|p2b: Miraidon|49/100\n|move|p2b: Miraidon|Parabolic Charge|p1b: Rillaboom|[spread] p2a,p1a,p1b\n|-damage|p2a: Calyrex|0 fnt\n|-heal|p2b: Miraidon|53/100|[from] drain|[of] p2a: Calyrex\n|-damage|p1a: Calyrex|0 fnt\n|-heal|p2b: Miraidon|69/100|[from] drain|[of] p1a: Calyrex\n|-damage|p1b: Rillaboom|3/100\n|-heal|p2b: Miraidon|85/100|[from] drain|[of] p1b: Rillaboom\n|faint|p2a: Calyrex\n|faint|p1a: Calyrex\n|move|p1b: Rillaboom|Wood Hammer|p2b: Miraidon\n|-resisted|p2b: Miraidon\n|-damage|p2b: Miraidon|59/100\n|-damage|p1b: Rillaboom|0 fnt|[from] Recoil\n|faint|p1b: Rillaboom\n|\n|win|yaochangzhe\n|raw|Elohan's rating: 1113 &rarr; <strong>1091</strong><br />(-22 for losing)\n|raw|yaochangzhe's rating: 1148 &rarr; <strong>1170</strong><br />(+22 for winning)\n|l|\u2606Elohan\n|player|p1|\n","uploadtime":1768197303,"views":15,"formatid":"gen9vgc2026regi","rating":1091,"private":0,"password":null}