{"id":"gen9vgc2026regi-2555643939","format":"[Gen 9] VGC 2026 Reg I","players":["501JFW","b3testing"],"log":"|j|\u2606501JFW\n|j|\u2606b3testing\n|t:|1773112494\n|gametype|doubles\n|player|p1|501JFW|1|1600\n|player|p2|b3testing|101|1585\n|gen|9\n|tier|[Gen 9] VGC 2026 Reg I\n|rated|\n|rule|Species Clause: Limit one of each Pok\u00e9mon\n|rule|Item Clause: Limit 1 of each item\n|clearpoke\n|poke|p1|Lunala, L50|\n|poke|p1|Koraidon, L50|\n|poke|p1|Jumpluff, L50, F|\n|poke|p1|Ogerpon-Cornerstone, L50, F|\n|poke|p1|Raging Bolt, L50|\n|poke|p1|Ursaluna, L50, F|\n|poke|p2|Terapagos, L50, M|\n|poke|p2|Calyrex-Shadow, L50|\n|poke|p2|Incineroar, L50, M|\n|poke|p2|Amoonguss, L50, F|\n|poke|p2|Tornadus, L50, M|\n|poke|p2|Smeargle, L50, F|\n|teampreview|4\n|inactive|Battle timer is ON: inactive players will automatically lose when time's up. (requested by b3testing)\n|\n|t:|1773112512\n|teamsize|p1|4\n|teamsize|p2|4\n|start\n|switch|p1a: Koraidon|Koraidon, L50, shiny|100/100\n|switch|p1b: Jumpluff|Jumpluff, L50, F, shiny|100/100\n|switch|p2a: Tornadus|Tornadus, L50, M|100/100\n|switch|p2b: Smeargle|Smeargle, L50, F|100/100\n|-weather|SunnyDay|[from] ability: Orichalcum Pulse|[of] p1a: Koraidon\n|-activate|p1a: Koraidon|Orichalcum Pulse|[source]\n|turn|1\n|\n|t:|1773112526\n|switch|p1a: Ursaluna|Ursaluna, L50, F, shiny|100/100\n|move|p2b: Smeargle|Fake Out|p1a: Ursaluna\n|-damage|p1a: Ursaluna|96/100\n|move|p2a: Tornadus|Taunt|p1b: Jumpluff\n|-start|p1b: Jumpluff|move: Taunt\n|cant|p1b: Jumpluff|move: Taunt|Sleep Powder\n|\n|-weather|SunnyDay|[upkeep]\n|-ability|p2b: Smeargle|Moody|boost\n|-boost|p2b: Smeargle|def|2\n|-unboost|p2b: Smeargle|spd|1\n|-status|p1a: Ursaluna|brn|[from] item: Flame Orb\n|upkeep\n|turn|2\n|inactive|501JFW has 30 seconds left.\n|\n|t:|1773112556\n|move|p1b: Jumpluff|Pollen Puff|p2b: Smeargle\n|-damage|p2b: Smeargle|60/100\n|move|p2b: Smeargle|Decorate|p2a: Tornadus\n|-boost|p2a: Tornadus|atk|2\n|-boost|p2a: Tornadus|spa|2\n|move|p2a: Tornadus|Bleakwind Storm|p1a: Ursaluna|[spread] p1a,p1b\n|-crit|p1a: Ursaluna\n|-supereffective|p1b: Jumpluff\n|-damage|p1a: Ursaluna|0 fnt\n|-damage|p1b: Jumpluff|0 fnt\n|faint|p1a: Ursaluna\n|faint|p1b: Jumpluff\n|\n|-weather|SunnyDay|[upkeep]\n|-ability|p2b: Smeargle|Moody|boost\n|-boost|p2b: Smeargle|spa|2\n|-unboost|p2b: Smeargle|spd|1\n|upkeep\n|\n|t:|1773112569\n|switch|p1b: Koraidon|Koraidon, L50, shiny|100/100\n|switch|p1a: Lunala|Lunala, L50, shiny|100/100\n|-activate|p1b: Koraidon|ability: Orichalcum Pulse\n|turn|3\n|inactive|501JFW has 30 seconds left.\n|\n|t:|1773112599\n|move|p2a: Tornadus|Tailwind|p2a: Tornadus\n|-sidestart|p2: b3testing|move: Tailwind\n|move|p2b: Smeargle|Spore|p1a: Lunala\n|-status|p1a: Lunala|slp|[from] move: Spore\n|move|p1b: Koraidon|Close Combat|p2b: Smeargle\n|-supereffective|p2b: Smeargle\n|-damage|p2b: Smeargle|0 fnt\n|-unboost|p1b: Koraidon|def|1\n|-unboost|p1b: Koraidon|spd|1\n|faint|p2b: Smeargle\n|cant|p1a: Lunala|slp\n|\n|-weather|SunnyDay|[upkeep]\n|upkeep\n|\n|t:|1773112607\n|switch|p2b: Terapagos|Terapagos, L50, M|100/100\n|-activate|p2b: Terapagos|ability: Tera Shift\n|detailschange|p2b: Terapagos|Terapagos-Terastal, L50, M\n|-heal|p2b: Terapagos|100/100|[silent]\n|turn|4\n|\n|t:|1773112623\n|-terastallize|p2b: Terapagos|Stellar\n|detailschange|p2b: Terapagos|Terapagos-Stellar, L50, M, tera:Stellar\n|-heal|p2b: Terapagos|100/100|[silent]\n|-ability|p2b: Terapagos|Teraform Zero\n|-weather|none\n|move|p1b: Koraidon|Protect|p1b: Koraidon\n|-singleturn|p1b: Koraidon|Protect\n|move|p2a: Tornadus|Bleakwind Storm|p1a: Lunala|[spread] p1a\n|-activate|p1b: Koraidon|move: Protect\n|-damage|p1a: Lunala|69/100 slp\n|move|p2b: Terapagos|Tera Starstorm|p1a: Lunala|[spread] p1a\n|-activate|p1b: Koraidon|move: Protect\n|-damage|p1a: Lunala|34/100 slp\n|cant|p1a: Lunala|slp\n|\n|upkeep\n|turn|5\n|-message|501JFW forfeited.\n|\n|win|b3testing\n|raw|501JFW's rating: 1600 &rarr; <strong>1579</strong><br />(-21 for losing)\n|raw|b3testing's rating: 1585 &rarr; <strong>1606</strong><br />(+21 for winning)\n|l|\u2606501JFW\n|player|p1|\n|l|\u2606b3testing\n|player|p2|\n","uploadtime":1773112880,"views":38,"formatid":"gen9vgc2026regi","rating":1579,"private":0,"password":null}