{"id":"gen9vgc2026regi-2570085321","format":"[Gen 9] VGC 2026 Reg I","players":["Mentalsyndrome","Vectorpd"],"log":"|j|\u2606Mentalsyndrome\n|j|\u2606Vectorpd\n|t:|1774767551\n|gametype|doubles\n|player|p1|Mentalsyndrome|2|1376\n|player|p2|Vectorpd|picnicker|1477\n|gen|9\n|tier|[Gen 9] VGC 2026 Reg I\n|rated|\n|rule|Species Clause: Limit one of each Pok\u00e9mon\n|rule|Item Clause: Limit 1 of each item\n|clearpoke\n|poke|p1|Bastiodon, L50, M|\n|poke|p1|Miraidon, L50|\n|poke|p1|Calyrex-Shadow, L50|\n|poke|p1|Incineroar, L50, M|\n|poke|p1|Whimsicott, L50, M|\n|poke|p1|Iron Hands, L50|\n|poke|p2|Calyrex-Shadow, L50|\n|poke|p2|Zamazenta-*, L50|\n|poke|p2|Raging Bolt, L50|\n|poke|p2|Rillaboom, L50, M|\n|poke|p2|Tornadus, L50, M|\n|poke|p2|Smeargle, L50, M|\n|teampreview|4\n|inactive|Battle timer is ON: inactive players will automatically lose when time's up. (requested by Mentalsyndrome)\n|inactive|Mentalsyndrome has 60 seconds left.\n|inactive|Vectorpd has 60 seconds left.\n|\n|t:|1774767600\n|teamsize|p1|4\n|teamsize|p2|4\n|start\n|switch|p1a: Don Arrogance|Calyrex-Shadow, L50|100/100\n|switch|p1b: Don HateCrime|Whimsicott, L50, M, shiny|100/100\n|switch|p2a: Rillaboom|Rillaboom, L50, M|100/100\n|switch|p2b: Zamazenta|Zamazenta-Crowned, L50|100/100\n|-ability|p1a: Don Arrogance|As One\n|-ability|p1a: Don Arrogance|Unnerve\n|-ability|p2b: Zamazenta|Dauntless Shield|boost\n|-boost|p2b: Zamazenta|def|1\n|-fieldstart|move: Grassy Terrain|[from] ability: Grassy Surge|[of] p2a: Rillaboom\n|turn|1\n|\n|t:|1774767613\n|-terastallize|p1b: Don HateCrime|Fire\n|move|p1b: Don HateCrime|Fake Tears|p2a: Rillaboom\n|-unboost|p2a: Rillaboom|spd|2\n|move|p1a: Don Arrogance|Pollen Puff|p2a: Rillaboom\n|-supereffective|p2a: Rillaboom\n|-damage|p2a: Rillaboom|0 fnt\n|faint|p2a: Rillaboom\n|-ability|p1a: Don Arrogance|Grim Neigh|boost\n|-boost|p1a: Don Arrogance|spa|1\n|-damage|p1a: Don Arrogance|91/100|[from] item: Life Orb\n|move|p2b: Zamazenta|Heavy Slam|p1b: Don HateCrime\n|-resisted|p1b: Don HateCrime\n|-damage|p1b: Don HateCrime|73/100\n|\n|-heal|p1a: Don Arrogance|96/100|[from] Grassy Terrain\n|-heal|p1b: Don HateCrime|79/100|[from] Grassy Terrain\n|upkeep\n|\n|t:|1774767627\n|switch|p2a: Calyrex|Calyrex-Shadow, L50|100/100\n|-ability|p2a: Calyrex|As One\n|-ability|p2a: Calyrex|Unnerve\n|turn|2\n|\n|t:|1774767642\n|-terastallize|p2a: Calyrex|Dark\n|move|p1a: Don Arrogance|Protect|p1a: Don Arrogance\n|-singleturn|p1a: Don Arrogance|Protect\n|move|p1b: Don HateCrime|Tailwind|p1b: Don HateCrime\n|-sidestart|p1: Mentalsyndrome|move: Tailwind\n|move|p2a: Calyrex|Astral Barrage|p1a: Don Arrogance|[spread] p1b\n|-activate|p1a: Don Arrogance|move: Protect\n|-damage|p1b: Don HateCrime|6/100\n|-damage|p2a: Calyrex|91/100|[from] item: Life Orb\n|move|p2b: Zamazenta|Heavy Slam|p1a: Don Arrogance\n|-activate|p1a: Don Arrogance|move: Protect\n|\n|-heal|p1a: Don Arrogance|100/100|[from] Grassy Terrain\n|-heal|p1b: Don HateCrime|12/100|[from] Grassy Terrain\n|-heal|p2a: Calyrex|97/100|[from] Grassy Terrain\n|upkeep\n|turn|3\n|\n|t:|1774767672\n|switch|p1b: Don Feet|Iron Hands, L50|100/100\n|move|p2a: Calyrex|Protect|p2a: Calyrex\n|-singleturn|p2a: Calyrex|Protect\n|move|p1a: Don Arrogance|Pollen Puff|p2a: Calyrex\n|-activate|p2a: Calyrex|move: Protect\n|move|p2b: Zamazenta|Body Press|p1b: Don Feet\n|-damage|p1b: Don Feet|50/100\n|\n|-heal|p2a: Calyrex|100/100|[from] Grassy Terrain\n|-heal|p1b: Don Feet|57/100|[from] Grassy Terrain\n|upkeep\n|turn|4\n|\n|t:|1774767695\n|switch|p2a: Tornadus|Tornadus, L50, M|100/100\n|move|p2b: Zamazenta|Protect|p2b: Zamazenta\n|-singleturn|p2b: Zamazenta|Protect\n|move|p1a: Don Arrogance|Pollen Puff|p2a: Tornadus\n|-resisted|p2a: Tornadus\n|-damage|p2a: Tornadus|62/100\n|-damage|p1a: Don Arrogance|91/100|[from] item: Life Orb\n|move|p1b: Don Feet|Low Kick|p2b: Zamazenta\n|-activate|p2b: Zamazenta|move: Protect\n|\n|-heal|p1a: Don Arrogance|96/100|[from] Grassy Terrain\n|-heal|p1b: Don Feet|63/100|[from] Grassy Terrain\n|upkeep\n|turn|5\n|\n|t:|1774767715\n|move|p2a: Tornadus|Tailwind|p2a: Tornadus\n|-sidestart|p2: Vectorpd|move: Tailwind\n|move|p1a: Don Arrogance|Astral Barrage|p2b: Zamazenta|[spread] p2a,p2b\n|-damage|p2a: Tornadus|0 fnt\n|-damage|p2b: Zamazenta|21/100\n|faint|p2a: Tornadus\n|-ability|p1a: Don Arrogance|Grim Neigh|boost\n|-boost|p1a: Don Arrogance|spa|1\n|-damage|p1a: Don Arrogance|87/100|[from] item: Life Orb\n|move|p2b: Zamazenta|Body Press|p1b: Don Feet\n|-damage|p1b: Don Feet|11/100\n|move|p1b: Don Feet|Low Kick|p2b: Zamazenta\n|-supereffective|p2b: Zamazenta\n|-damage|p2b: Zamazenta|0 fnt\n|faint|p2b: Zamazenta\n|\n|-heal|p1a: Don Arrogance|92/100|[from] Grassy Terrain\n|-heal|p1b: Don Feet|18/100|[from] Grassy Terrain\n|-sideend|p1: Mentalsyndrome|move: Tailwind\n|-fieldend|move: Grassy Terrain\n|upkeep\n|\n|t:|1774767721\n|switch|p2b: Calyrex|Calyrex-Shadow, L50, tera:Dark|100/100\n|-ability|p2b: Calyrex|As One\n|-ability|p2b: Calyrex|Unnerve\n|turn|6\n|\n|t:|1774767731\n|move|p1a: Don Arrogance|Protect|p1a: Don Arrogance\n|-singleturn|p1a: Don Arrogance|Protect\n|move|p2b: Calyrex|Astral Barrage|p1a: Don Arrogance|[spread] p1b\n|-activate|p1a: Don Arrogance|move: Protect\n|-damage|p1b: Don Feet|0 fnt\n|faint|p1b: Don Feet\n|-end|p1b: Don Feet|Quark Drive|[silent]\n|-ability|p2b: Calyrex|Grim Neigh|boost\n|-boost|p2b: Calyrex|spa|1\n|-damage|p2b: Calyrex|91/100|[from] item: Life Orb\n|\n|upkeep\n|\n|t:|1774767732\n|switch|p1b: Don HateCrime|Whimsicott, L50, M, shiny, tera:Fire|12/100\n|turn|7\n|\n|t:|1774767736\n|move|p1b: Don HateCrime|Tailwind|p1b: Don HateCrime\n|-sidestart|p1: Mentalsyndrome|move: Tailwind\n|move|p1a: Don Arrogance|Pollen Puff|p2b: Calyrex\n|-supereffective|p2b: Calyrex\n|-damage|p2b: Calyrex|0 fnt\n|faint|p2b: Calyrex\n|-damage|p1a: Don Arrogance|83/100|[from] item: Life Orb\n|\n|win|Mentalsyndrome\n|raw|Mentalsyndrome's rating: 1376 &rarr; <strong>1402</strong><br />(+26 for winning)\n|raw|Vectorpd's rating: 1477 &rarr; <strong>1451</strong><br />(-26 for losing)\n|l|\u2606Vectorpd\n|player|p2|\n","uploadtime":1774767748,"views":19,"formatid":"gen9vgc2026regi","rating":1402,"private":0,"password":null}