{"id":"gen9vgc2026regi-2516345486","format":"[Gen 9] VGC 2026 Reg I","players":["blackred123\u6c38\u96cf\u5854\u83f2\u4fa0","Tepig_nNz_498"],"log":"|j|\u2606blackred123\u6c38\u96cf\u5854\u83f2\u4fa0\n|j|\u2606Tepig_nNz_498\n|t:|1768125299\n|gametype|doubles\n|player|p1|blackred123\u6c38\u96cf\u5854\u83f2\u4fa0|iono-masters|1294\n|player|p2|Tepig_nNz_498|265|1368\n|gen|9\n|tier|[Gen 9] VGC 2026 Reg I\n|rated|\n|rule|Species Clause: Limit one of each Pok\u00e9mon\n|rule|Item Clause: Limit 1 of each item\n|clearpoke\n|poke|p1|Calyrex-Shadow, L50|\n|poke|p1|Koraidon, L50|\n|poke|p1|Brute Bonnet, L50|\n|poke|p1|Landorus, L50, M|\n|poke|p1|Raging Bolt, L50|\n|poke|p1|Incineroar, L50, F|\n|poke|p2|Whimsicott, L50, F|\n|poke|p2|Reshiram, L50|\n|poke|p2|Incineroar, L50, M|\n|poke|p2|Lilligant-Hisui, L50, F|\n|poke|p2|Brute Bonnet, L50|\n|poke|p2|Koraidon, L50|\n|teampreview|4\n|inactive|Battle timer is ON: inactive players will automatically lose when time's up. (requested by blackred123\u6c38\u96cf\u5854\u83f2\u4fa0)\n|\n|t:|1768125324\n|teamsize|p1|4\n|teamsize|p2|4\n|start\n|switch|p1a: Koraidon|Koraidon, L50|100/100\n|switch|p1b: Brute Bonnet|Brute Bonnet, L50, shiny|100/100\n|switch|p2a: Whimsicott|Whimsicott, L50, F|100/100\n|switch|p2b: Koraidon|Koraidon, L50|100/100\n|-weather|SunnyDay|[from] ability: Orichalcum Pulse|[of] p2b: Koraidon\n|-activate|p1b: Brute Bonnet|ability: Protosynthesis\n|-start|p1b: Brute Bonnet|protosynthesisdef\n|-activate|p2b: Koraidon|Orichalcum Pulse|[source]\n|-activate|p1a: Koraidon|ability: Orichalcum Pulse\n|turn|1\n|\n|t:|1768125339\n|-terastallize|p1b: Brute Bonnet|Fire\n|move|p1a: Koraidon|Protect|p1a: Koraidon\n|-singleturn|p1a: Koraidon|Protect\n|move|p2a: Whimsicott|Taunt|p1b: Brute Bonnet\n|-start|p1b: Brute Bonnet|move: Taunt\n|move|p2b: Koraidon|Close Combat|p1b: Brute Bonnet\n|-damage|p1b: Brute Bonnet|60/100\n|-unboost|p2b: Koraidon|def|1\n|-unboost|p2b: Koraidon|spd|1\n|-enditem|p2b: Koraidon|Eject Pack\n|\n|t:|1768125347\n|switch|p2b: Reshiram|Reshiram, L50|100/100\n|-ability|p2b: Reshiram|Turboblaze\n|cant|p1b: Brute Bonnet|move: Taunt|Spore\n|\n|-weather|SunnyDay|[upkeep]\n|upkeep\n|turn|2\n|\n|t:|1768125358\n|switch|p1a: Incineroar|Incineroar, L50, F|100/100\n|-ability|p1a: Incineroar|Intimidate|boost\n|-unboost|p2a: Whimsicott|atk|1\n|-unboost|p2b: Reshiram|atk|1\n|move|p2a: Whimsicott|Tailwind|p2a: Whimsicott\n|-sidestart|p2: Tepig_nNz_498|move: Tailwind\n|move|p1b: Brute Bonnet|Sucker Punch|p2b: Reshiram\n|-damage|p2b: Reshiram|77/100\n|move|p2b: Reshiram|Dragon Pulse|p1a: Incineroar\n|-damage|p1a: Incineroar|34/100\n|-damage|p2b: Reshiram|67/100|[from] item: Life Orb\n|\n|-weather|SunnyDay|[upkeep]\n|upkeep\n|turn|3\n|inactive|blackred123\u6c38\u96cf\u5854\u83f2\u4fa0 has 30 seconds left.\n|inactive|Tepig_nNz_498 has 30 seconds left.\n|\n|t:|1768125388\n|switch|p2a: Lilligant|Lilligant-Hisui, L50, F|100/100\n|move|p1a: Incineroar|Fake Out|p2a: Lilligant\n|-damage|p2a: Lilligant|84/100\n|move|p2b: Reshiram|Earth Power|p1a: Incineroar\n|-supereffective|p1a: Incineroar\n|-damage|p1a: Incineroar|0 fnt\n|faint|p1a: Incineroar\n|-damage|p2b: Reshiram|57/100|[from] item: Life Orb\n|move|p1b: Brute Bonnet|Seed Bomb|p2a: Lilligant\n|-resisted|p2a: Lilligant\n|-damage|p2a: Lilligant|57/100\n|\n|-weather|SunnyDay|[upkeep]\n|-end|p1b: Brute Bonnet|move: Taunt\n|upkeep\n|\n|t:|1768125397\n|switch|p1a: Koraidon|Koraidon, L50|100/100\n|-activate|p1a: Koraidon|ability: Orichalcum Pulse\n|turn|4\n|\n|t:|1768125414\n|move|p1b: Brute Bonnet|Rage Powder|p1b: Brute Bonnet\n|-singleturn|p1b: Brute Bonnet|move: Rage Powder\n|move|p2a: Lilligant|Sleep Powder|p1a: Koraidon\n|-status|p1a: Koraidon|slp|[from] move: Sleep Powder\n|move|p2b: Reshiram|Earth Power|p1b: Brute Bonnet\n|-supereffective|p1b: Brute Bonnet\n|-damage|p1b: Brute Bonnet|0 fnt\n|faint|p1b: Brute Bonnet\n|-end|p1b: Brute Bonnet|Protosynthesis|[silent]\n|-damage|p2b: Reshiram|47/100|[from] item: Life Orb\n|cant|p1a: Koraidon|slp\n|\n|-weather|SunnyDay|[upkeep]\n|upkeep\n|\n|t:|1768125422\n|switch|p1b: Calyrex|Calyrex-Shadow, L50|100/100\n|-ability|p1b: Calyrex|As One\n|-ability|p1b: Calyrex|Unnerve\n|turn|5\n|\n|t:|1768125447\n|-terastallize|p2b: Reshiram|Fire\n|move|p2a: Lilligant|Solar Blade||[still]\n|-prepare|p2a: Lilligant|Solar Blade\n|-anim|p2a: Lilligant|Solar Blade|p1b: Calyrex\n|-damage|p1b: Calyrex|37/100\n|move|p2b: Reshiram|Heat Wave|p1a: Koraidon|[spread] p1a,p1b\n|-resisted|p1a: Koraidon\n|-damage|p1a: Koraidon|57/100 slp\n|-damage|p1b: Calyrex|0 fnt\n|faint|p1b: Calyrex\n|-damage|p2b: Reshiram|38/100|[from] item: Life Orb\n|cant|p1a: Koraidon|slp\n|\n|-weather|none\n|-sideend|p2: Tepig_nNz_498|move: Tailwind\n|upkeep\n|turn|6\n|-message|blackred123\u6c38\u96cf\u5854\u83f2\u4fa0 forfeited.\n|\n|win|Tepig_nNz_498\n|raw|blackred123\u6c38\u96cf\u5854\u83f2\u4fa0's rating: 1294 &rarr; <strong>1274</strong><br />(-20 for losing)\n|raw|Tepig_nNz_498's rating: 1368 &rarr; <strong>1384</strong><br />(+16 for winning)\n|l|\u2606blackred123\u6c38\u96cf\u5854\u83f2\u4fa0\n|player|p1|\n|l|\u2606Tepig_nNz_498\n|player|p2|\n","uploadtime":1768125710,"views":15,"formatid":"gen9vgc2026regi","rating":1274,"private":0,"password":null}