{"id":"gen9vgc2026regi-2547195792","format":"[Gen 9] VGC 2026 Reg I","players":["lalo's pollos","juacox300"],"log":"|j|\u2606lalo's pollos\n|j|\u2606juacox300\n|t:|1772055983\n|gametype|doubles\n|player|p1|lalo's pollos|266|1536\n|player|p2|juacox300|unknown|1584\n|gen|9\n|tier|[Gen 9] VGC 2026 Reg I\n|rated|\n|rule|Species Clause: Limit one of each Pok\u00e9mon\n|rule|Item Clause: Limit 1 of each item\n|clearpoke\n|poke|p1|Zamazenta-*, L50|\n|poke|p1|Lunala, L50|\n|poke|p1|Rillaboom, L50, M|\n|poke|p1|Incineroar, L50, F|\n|poke|p1|Urshifu-*, L50, M|\n|poke|p1|Tornadus, L50, M|\n|poke|p2|Miraidon, L50|\n|poke|p2|Iron Hands, L50|\n|poke|p2|Calyrex-Ice, L50|\n|poke|p2|Chien-Pao, L50|\n|poke|p2|Chi-Yu, L50|\n|poke|p2|Alcremie-Salted-Cream, L50, F|\n|teampreview|4\n|inactive|Battle timer is ON: inactive players will automatically lose when time's up. (requested by juacox300)\n|\n|t:|1772056041\n|teamsize|p1|4\n|teamsize|p2|4\n|start\n|switch|p1a: Lunala|Lunala, L50|100/100\n|switch|p1b: Zamazenta|Zamazenta-Crowned, L50|100/100\n|switch|p2a: Chi-Yu|Chi-Yu, L50|100/100\n|switch|p2b: Calyrex|Calyrex-Ice, L50|100/100\n|-ability|p2b: Calyrex|As One\n|-ability|p2b: Calyrex|Unnerve\n|-ability|p2a: Chi-Yu|Beads of Ruin\n|-ability|p1b: Zamazenta|Dauntless Shield|boost\n|-boost|p1b: Zamazenta|def|1\n|turn|1\n|\n|t:|1772056052\n|move|p1a: Lunala|Protect|p1a: Lunala\n|-singleturn|p1a: Lunala|Protect\n|move|p2a: Chi-Yu|Overheat|p1b: Zamazenta\n|-supereffective|p1b: Zamazenta\n|-damage|p1b: Zamazenta|0 fnt\n|-unboost|p2a: Chi-Yu|spa|2\n|faint|p1b: Zamazenta\n|move|p2b: Calyrex|Glacial Lance|p1a: Lunala\n|-activate|p1a: Lunala|move: Protect\n|\n|upkeep\n|\n|t:|1772056058\n|switch|p1b: Incineroar|Incineroar, L50, F|100/100\n|-ability|p1b: Incineroar|Intimidate|boost\n|-unboost|p2a: Chi-Yu|atk|1\n|-fail|p2b: Calyrex|unboost|[from] item: Clear Amulet|[of] p2b: Calyrex\n|turn|2\n|\n|t:|1772056067\n|switch|p2a: Chien-Pao|Chien-Pao, L50|100/100\n|-ability|p2a: Chien-Pao|Sword of Ruin\n|move|p2b: Calyrex|Protect|p2b: Calyrex\n|-singleturn|p2b: Calyrex|Protect\n|move|p1b: Incineroar|Fake Out|p2b: Calyrex\n|-activate|p2b: Calyrex|move: Protect\n|move|p1a: Lunala|Calm Mind|p1a: Lunala\n|-boost|p1a: Lunala|spa|1\n|-boost|p1a: Lunala|spd|1\n|\n|upkeep\n|turn|3\n|\n|t:|1772056082\n|-terastallize|p1a: Lunala|Fairy\n|-terastallize|p2b: Calyrex|Dragon\n|move|p2a: Chien-Pao|Sacred Sword|p1b: Incineroar\n|-supereffective|p1b: Incineroar\n|-damage|p1b: Incineroar|39/100\n|move|p1a: Lunala|Moonblast|p2a: Chien-Pao\n|-supereffective|p2a: Chien-Pao\n|-enditem|p2a: Chien-Pao|Focus Sash\n|-damage|p2a: Chien-Pao|1/100\n|move|p1b: Incineroar|Knock Off|p2a: Chien-Pao\n|-resisted|p2a: Chien-Pao\n|-damage|p2a: Chien-Pao|0 fnt\n|faint|p2a: Chien-Pao\n|move|p2b: Calyrex|Glacial Lance|p1b: Incineroar|[spread] p1a,p1b\n|-resisted|p1b: Incineroar\n|-damage|p1a: Lunala|79/100\n|-damage|p1b: Incineroar|14/100\n|\n|-heal|p1a: Lunala|85/100|[from] item: Leftovers\n|upkeep\n|\n|t:|1772056094\n|switch|p2a: Miraidon|Miraidon, L50|100/100\n|-fieldstart|move: Electric Terrain|[from] ability: Hadron Engine|[of] p2a: Miraidon\n|turn|4\n|\n|t:|1772056106\n|move|p1a: Lunala|Protect|p1a: Lunala\n|-singleturn|p1a: Lunala|Protect\n|move|p2a: Miraidon|Electro Drift|p1a: Lunala\n|-activate|p1a: Lunala|move: Protect\n|move|p1b: Incineroar|Parting Shot|p2b: Calyrex\n|-fail|p2b: Calyrex|unboost|[from] item: Clear Amulet|[of] p2b: Calyrex\n|move|p2b: Calyrex|Glacial Lance|p1a: Lunala|[spread] p1b\n|-activate|p1a: Lunala|move: Protect\n|-resisted|p1b: Incineroar\n|-damage|p1b: Incineroar|0 fnt\n|faint|p1b: Incineroar\n|-ability|p2b: Calyrex|Chilling Neigh|boost\n|-boost|p2b: Calyrex|atk|1\n|\n|-heal|p1a: Lunala|91/100|[from] item: Leftovers\n|upkeep\n|c|\u2606lalo's pollos|oops\n|\n|t:|1772056114\n|switch|p1b: Rillaboom|Rillaboom, L50, M|100/100\n|-fieldstart|move: Grassy Terrain|[from] ability: Grassy Surge|[of] p1b: Rillaboom\n|turn|5\n|\n|t:|1772056120\n|switch|p2a: Chi-Yu|Chi-Yu, L50|100/100\n|-ability|p2a: Chi-Yu|Beads of Ruin\n|move|p2b: Calyrex|Protect|p2b: Calyrex\n|-singleturn|p2b: Calyrex|Protect\n|move|p1b: Rillaboom|Fake Out|p2b: Calyrex\n|-activate|p2b: Calyrex|move: Protect\n|move|p1a: Lunala|Calm Mind|p1a: Lunala\n|-boost|p1a: Lunala|spa|1\n|-boost|p1a: Lunala|spd|1\n|\n|-heal|p1a: Lunala|97/100|[from] Grassy Terrain\n|-heal|p1a: Lunala|100/100|[from] item: Leftovers\n|upkeep\n|turn|6\n|\n|t:|1772056135\n|move|p2a: Chi-Yu|Snarl|p1b: Rillaboom|[spread] p1a,p1b\n|-resisted|p1a: Lunala\n|-damage|p1a: Lunala|97/100\n|-damage|p1b: Rillaboom|77/100\n|-unboost|p1a: Lunala|spa|1\n|-unboost|p1b: Rillaboom|spa|1\n|move|p1a: Lunala|Moonblast|p2a: Chi-Yu\n|-damage|p2a: Chi-Yu|8/100\n|move|p1b: Rillaboom|Wood Hammer|p2b: Calyrex\n|-resisted|p2b: Calyrex\n|-damage|p2b: Calyrex|79/100\n|-damage|p1b: Rillaboom|69/100|[from] Recoil\n|move|p2b: Calyrex|Glacial Lance|p1b: Rillaboom|[spread] p1a,p1b\n|-supereffective|p1b: Rillaboom\n|-damage|p1a: Lunala|26/100\n|-damage|p1b: Rillaboom|0 fnt\n|faint|p1b: Rillaboom\n|-ability|p2b: Calyrex|Chilling Neigh|boost\n|-boost|p2b: Calyrex|atk|1\n|\n|-heal|p2a: Chi-Yu|14/100|[from] Grassy Terrain\n|-heal|p1a: Lunala|32/100|[from] Grassy Terrain\n|-heal|p1a: Lunala|38/100|[from] item: Leftovers\n|-heal|p2b: Calyrex|84/100|[from] Grassy Terrain\n|upkeep\n|turn|7\n|-message|lalo's pollos forfeited.\n|\n|win|juacox300\n|raw|lalo&apos;s pollos's rating: 1536 &rarr; <strong>1519</strong><br />(-17 for losing)\n|raw|juacox300's rating: 1584 &rarr; <strong>1601</strong><br />(+17 for winning)\n|l|\u2606lalo's pollos\n|player|p1|\n|l|\u2606juacox300\n|player|p2|\n","uploadtime":1772056347,"views":22,"formatid":"gen9vgc2026regi","rating":1519,"private":0,"password":null}