{"id":"gen9vgc2026regi-2581845290","format":"[Gen 9] VGC 2026 Reg I","players":["sunny_zong2","Gavinci"],"log":"|j|\u2606sunny_zong2\n|j|\u2606Gavinci\n|t:|1776033162\n|gametype|doubles\n|player|p1|sunny_zong2|101|1376\n|player|p2|Gavinci|cynthia-gen4|1391\n|gen|9\n|tier|[Gen 9] VGC 2026 Reg I\n|rated|\n|rule|Species Clause: Limit one of each Pok\u00e9mon\n|rule|Item Clause: Limit 1 of each item\n|clearpoke\n|poke|p1|Muk-Alola, L50, F|\n|poke|p1|Flamigo, L50, M|\n|poke|p1|Lugia, L50|\n|poke|p1|Calyrex-Shadow, L50|\n|poke|p1|Indeedee, L50, M|\n|poke|p1|Smeargle, L50, F|\n|poke|p2|Koraidon, L50|\n|poke|p2|Flutter Mane, L50|\n|poke|p2|Rillaboom, L50, M|\n|poke|p2|Ogerpon-Hearthflame, L50, F|\n|poke|p2|Ursaluna-Bloodmoon, L50, M|\n|poke|p2|Lunala, L50|\n|teampreview|4\n|inactive|Battle timer is ON: inactive players will automatically lose when time's up. (requested by Gavinci)\n|inactive|sunny_zong2 also wants the timer to be on.\n|inactive|sunny_zong2 has 60 seconds left.\n|\n|t:|1776033209\n|teamsize|p1|4\n|teamsize|p2|4\n|start\n|switch|p1a: Smeargle|Smeargle, L50, F|100/100\n|switch|p1b: Muk|Muk-Alola, L50, F|100/100\n|switch|p2a: Rillaboom|Rillaboom, L50, M|100/100\n|switch|p2b: Ogerpon|Ogerpon-Hearthflame, L50, F|100/100\n|-ability|p2b: Ogerpon|Mold Breaker\n|-fieldstart|move: Grassy Terrain|[from] ability: Grassy Surge|[of] p2a: Rillaboom\n|turn|1\n|\n|t:|1776033219\n|move|p1b: Muk|Protect|p1b: Muk\n|-singleturn|p1b: Muk|Protect\n|move|p2a: Rillaboom|Fake Out|p1b: Muk\n|-activate|p1b: Muk|move: Protect\n|move|p2b: Ogerpon|Ivy Cudgel|p1b: Muk|[anim] Ivy Cudgel Fire\n|-activate|p1b: Muk|move: Protect\n|move|p1a: Smeargle|Metal Burst||[still]\n|-fail|p1a: Smeargle\n|\n|-ability|p1a: Smeargle|Moody|boost\n|-boost|p1a: Smeargle|spa|2\n|-unboost|p1a: Smeargle|spd|1\n|upkeep\n|turn|2\n|inactive|Gavinci has 30 seconds left.\n|\n|t:|1776033248\n|move|p1a: Smeargle|Follow Me|p1a: Smeargle\n|-singleturn|p1a: Smeargle|move: Follow Me\n|move|p2b: Ogerpon|Ivy Cudgel|p1a: Smeargle|[anim] Ivy Cudgel Fire\n|-enditem|p1a: Smeargle|Focus Sash\n|-damage|p1a: Smeargle|1/100\n|move|p2a: Rillaboom|Wood Hammer|p1a: Smeargle\n|-damage|p1a: Smeargle|0 fnt\n|faint|p1a: Smeargle\n|-ability|p1b: Muk|Moody|Power of Alchemy|[from] ability: Power of Alchemy|[of] p1a: Smeargle\n|-damage|p2a: Rillaboom|99/100|[from] Recoil\n|move|p1b: Muk|Minimize|p1b: Muk\n|-boost|p1b: Muk|evasion|2\n|\n|-heal|p2a: Rillaboom|100/100|[from] Grassy Terrain\n|-ability|p1b: Muk|Moody|boost\n|-boost|p1b: Muk|spe|2\n|-unboost|p1b: Muk|spa|1\n|upkeep\n|\n|t:|1776033263\n|switch|p1a: Indeedee|Indeedee, L50, M|100/100\n|-fieldstart|move: Psychic Terrain|[from] ability: Psychic Surge|[of] p1a: Indeedee\n|turn|3\n|\n|t:|1776033278\n|move|p2b: Ogerpon|Ivy Cudgel|p1b: Muk|[anim] Ivy Cudgel Fire\n|-damage|p1b: Muk|53/100\n|move|p1b: Muk|Minimize|p1b: Muk\n|-boost|p1b: Muk|evasion|2\n|move|p1a: Indeedee|Expanding Force|p2a: Rillaboom|[spread] p2a,p2b\n|-crit|p2b: Ogerpon\n|-damage|p2a: Rillaboom|16/100\n|-damage|p2b: Ogerpon|0 fnt\n|faint|p2b: Ogerpon\n|move|p2a: Rillaboom|U-turn|p1a: Indeedee\n|-supereffective|p1a: Indeedee\n|-damage|p1a: Indeedee|14/100\n|\n|t:|1776033294\n|switch|p2a: Koraidon|Koraidon, L50|100/100|[from] U-turn\n|-weather|SunnyDay|[from] ability: Orichalcum Pulse|[of] p2a: Koraidon\n|-activate|p2a: Koraidon|Orichalcum Pulse|[source]\n|\n|-weather|SunnyDay|[upkeep]\n|-heal|p1b: Muk|59/100|[from] item: Black Sludge\n|-ability|p1b: Muk|Moody|boost\n|-boost|p1b: Muk|atk|2\n|-unboost|p1b: Muk|spd|1\n|upkeep\n|\n|t:|1776033295\n|switch|p2b: Rillaboom|Rillaboom, L50, M|16/100\n|-fieldstart|move: Grassy Terrain|[from] ability: Grassy Surge|[of] p2b: Rillaboom\n|turn|4\n|\n|t:|1776033311\n|-terastallize|p2a: Koraidon|Fire\n|move|p1b: Muk|Protect|p1b: Muk\n|-singleturn|p1b: Muk|Protect\n|move|p2b: Rillaboom|Fake Out|p1a: Indeedee\n|-damage|p1a: Indeedee|0 fnt\n|faint|p1a: Indeedee\n|move|p2a: Koraidon|Flare Blitz|p1b: Muk\n|-activate|p1b: Muk|move: Protect\n|\n|-weather|SunnyDay|[upkeep]\n|-heal|p1b: Muk|66/100|[from] Grassy Terrain\n|-heal|p1b: Muk|72/100|[from] item: Black Sludge\n|-heal|p2b: Rillaboom|22/100|[from] Grassy Terrain\n|-ability|p1b: Muk|Moody|boost\n|-boost|p1b: Muk|def|2\n|-unboost|p1b: Muk|spa|1\n|upkeep\n|\n|t:|1776033314\n|switch|p1a: Calyrex|Calyrex-Shadow, L50|100/100\n|-ability|p1a: Calyrex|As One\n|-ability|p1a: Calyrex|Unnerve\n|turn|5\n|\n|t:|1776033326\n|move|p2b: Rillaboom|Grassy Glide|p1a: Calyrex\n|-damage|p1a: Calyrex|48/100\n|move|p1a: Calyrex|Astral Barrage|p2a: Koraidon|[spread] p2a,p2b\n|-damage|p2a: Koraidon|59/100\n|-damage|p2b: Rillaboom|0 fnt\n|faint|p2b: Rillaboom\n|-ability|p1a: Calyrex|Grim Neigh|boost\n|-boost|p1a: Calyrex|spa|1\n|move|p2a: Koraidon|Flare Blitz|p1a: Calyrex\n|-damage|p1a: Calyrex|0 fnt\n|faint|p1a: Calyrex\n|-damage|p2a: Koraidon|44/100|[from] Recoil\n|move|p1b: Muk|Poison Jab|p2a: Koraidon\n|-damage|p2a: Koraidon|0 fnt\n|faint|p2a: Koraidon\n|\n|-weather|SunnyDay|[upkeep]\n|-heal|p1b: Muk|78/100|[from] Grassy Terrain\n|-heal|p1b: Muk|84/100|[from] item: Black Sludge\n|-ability|p1b: Muk|Moody|boost\n|-boost|p1b: Muk|def|2\n|-unboost|p1b: Muk|atk|1\n|upkeep\n|\n|t:|1776033332\n|switch|p2b: Lunala|Lunala, L50|100/100\n|turn|6\n|\n|t:|1776033336\n|move|p1b: Muk|Minimize|p1b: Muk\n|-boost|p1b: Muk|evasion|2\n|move|p2b: Lunala|Meteor Beam||[still]\n|-prepare|p2b: Lunala|Meteor Beam\n|-boost|p2b: Lunala|spa|1\n|-enditem|p2b: Lunala|Power Herb\n|-anim|p2b: Lunala|Meteor Beam|p1b: Muk|[miss]\n|-miss|p2b: Lunala|p1b: Muk\n|\n|-weather|SunnyDay|[upkeep]\n|-heal|p1b: Muk|90/100|[from] Grassy Terrain\n|-heal|p1b: Muk|96/100|[from] item: Black Sludge\n|-ability|p1b: Muk|Moody|boost\n|-boost|p1b: Muk|atk|2\n|-unboost|p1b: Muk|spa|1\n|upkeep\n|turn|7\n|\n|t:|1776033343\n|move|p1b: Muk|Poison Jab|p2b: Lunala\n|-resisted|p2b: Lunala\n|-damage|p2b: Lunala|89/100\n|move|p2b: Lunala|Moongeist Beam|p1b: Muk|[miss]\n|-miss|p2b: Lunala|p1b: Muk\n|\n|-weather|none\n|-heal|p1b: Muk|100/100|[from] Grassy Terrain\n|-heal|p2b: Lunala|95/100|[from] Grassy Terrain\n|-ability|p1b: Muk|Moody|boost\n|-boost|p1b: Muk|atk|2\n|-unboost|p1b: Muk|spa|1\n|upkeep\n|turn|8\n|\n|t:|1776033347\n|move|p1b: Muk|Poison Jab|p2b: Lunala\n|-resisted|p2b: Lunala\n|-damage|p2b: Lunala|56/100\n|-status|p2b: Lunala|psn\n|move|p2b: Lunala|Moongeist Beam|p1b: Muk|[miss]\n|-miss|p2b: Lunala|p1b: Muk\n|\n|-heal|p2b: Lunala|62/100 psn|[from] Grassy Terrain\n|-damage|p2b: Lunala|50/100 psn|[from] psn\n|-fieldend|move: Grassy Terrain\n|-ability|p1b: Muk|Moody|boost\n|-boost|p1b: Muk|spe|2\n|-unboost|p1b: Muk|def|1\n|upkeep\n|turn|9\n|\n|t:|1776033351\n|move|p1b: Muk|Poison Jab|p2b: Lunala\n|-resisted|p2b: Lunala\n|-damage|p2b: Lunala|11/100 psn\n|move|p2b: Lunala|Moongeist Beam|p1b: Muk\n|-resisted|p1b: Muk\n|-damage|p1b: Muk|50/100\n|\n|-heal|p1b: Muk|56/100|[from] item: Black Sludge\n|-damage|p2b: Lunala|0 fnt|[from] psn\n|faint|p2b: Lunala\n|\n|win|sunny_zong2\n|raw|sunny_zong2's rating: 1376 &rarr; <strong>1397</strong><br />(+21 for winning)\n|raw|Gavinci's rating: 1391 &rarr; <strong>1370</strong><br />(-21 for losing)\n|l|\u2606Gavinci\n|player|p2|\n|l|\u2606sunny_zong2\n|player|p1|\n","uploadtime":1776033598,"views":9,"formatid":"gen9vgc2026regi","rating":1370,"private":0,"password":null}