{"id":"gen9vgc2026regi-2542711796","format":"[Gen 9] VGC 2026 Reg I","players":["greenpoad","fogdocker"],"log":"|j|\u2606greenpoad\n|j|\u2606fogdocker\n|t:|1771483773\n|gametype|doubles\n|player|p1|greenpoad|2|1307\n|player|p2|fogdocker|1|1452\n|gen|9\n|tier|[Gen 9] VGC 2026 Reg I\n|rated|\n|rule|Species Clause: Limit one of each Pok\u00e9mon\n|rule|Item Clause: Limit 1 of each item\n|clearpoke\n|poke|p1|Venusaur, L50, F|\n|poke|p1|Kyogre, L50|\n|poke|p1|Urshifu-*, L50, F|\n|poke|p1|Iron Valiant, L50|\n|poke|p1|Raichu, L50, F|\n|poke|p1|Lunala, L50|\n|poke|p2|Calyrex-Ice, L50|\n|poke|p2|Koraidon, L50|\n|poke|p2|Flutter Mane, L50|\n|poke|p2|Incineroar, L50, M|\n|poke|p2|Rillaboom, L50, M|\n|poke|p2|Volcarona, L50, M|\n|teampreview|4\n|inactive|Battle timer is ON: inactive players will automatically lose when time's up. (requested by greenpoad)\n|inactive|fogdocker has 60 seconds left.\n|\n|t:|1771483857\n|teamsize|p1|4\n|teamsize|p2|4\n|start\n|switch|p1a: Venusaur|Venusaur, L50, F|100/100\n|switch|p1b: Urshifu|Urshifu, L50, F|100/100\n|switch|p2a: Calyrex|Calyrex-Ice, L50|100/100\n|switch|p2b: Flutter Mane|Flutter Mane, L50|100/100\n|-ability|p2a: Calyrex|As One\n|-ability|p2a: Calyrex|Unnerve\n|turn|1\n|\n|t:|1771483881\n|-terastallize|p1b: Urshifu|Poison\n|-terastallize|p2a: Calyrex|Water\n|move|p2b: Flutter Mane|Moonblast|p1b: Urshifu\n|-resisted|p1b: Urshifu\n|-damage|p1b: Urshifu|62/100\n|-unboost|p1b: Urshifu|spa|1\n|move|p1b: Urshifu|Wicked Blow|p2a: Calyrex\n|-crit|p2a: Calyrex\n|-damage|p2a: Calyrex|55/100\n|move|p1a: Venusaur|Sleep Powder|p2a: Calyrex|[miss]\n|-miss|p1a: Venusaur|p2a: Calyrex\n|move|p2a: Calyrex|Glacial Lance|p1a: Venusaur|[spread] p1a,p1b\n|-supereffective|p1a: Venusaur\n|-damage|p1a: Venusaur|0 fnt\n|-damage|p1b: Urshifu|15/100\n|faint|p1a: Venusaur\n|-ability|p2a: Calyrex|Chilling Neigh|boost\n|-boost|p2a: Calyrex|atk|1\n|\n|-heal|p2a: Calyrex|61/100|[from] item: Leftovers\n|upkeep\n|inactive|greenpoad has 30 seconds left.\n|\n|t:|1771483907\n|switch|p1a: Kyogre|Kyogre, L50|100/100\n|-weather|RainDance|[from] ability: Drizzle|[of] p1a: Kyogre\n|turn|2\n|\n|t:|1771483922\n|switch|p1b: Iron Valiant|Iron Valiant, L50|100/100\n|-enditem|p1b: Iron Valiant|Booster Energy\n|-activate|p1b: Iron Valiant|ability: Quark Drive|[fromitem]\n|-start|p1b: Iron Valiant|quarkdrivespe\n|move|p2b: Flutter Mane|Moonblast|p1a: Kyogre\n|-damage|p1a: Kyogre|64/100\n|move|p1a: Kyogre|Water Spout|p2b: Flutter Mane|[spread] p2a,p2b\n|-resisted|p2a: Calyrex\n|-damage|p2a: Calyrex|34/100\n|-damage|p2b: Flutter Mane|6/100\n|move|p2a: Calyrex|Glacial Lance|p1b: Iron Valiant|[spread] p1a,p1b\n|-resisted|p1a: Kyogre\n|-damage|p1a: Kyogre|23/100\n|-damage|p1b: Iron Valiant|12/100\n|\n|-weather|RainDance|[upkeep]\n|-heal|p2a: Calyrex|40/100|[from] item: Leftovers\n|upkeep\n|turn|3\n|inactive|fogdocker has 30 seconds left.\n|\n|t:|1771483955\n|switch|p1a: Urshifu|Urshifu, L50, F, tera:Poison|15/100\n|move|p2b: Flutter Mane|Protect|p2b: Flutter Mane\n|-singleturn|p2b: Flutter Mane|Protect\n|move|p1b: Iron Valiant|Wide Guard|p1b: Iron Valiant\n|-singleturn|p1b: Iron Valiant|Wide Guard\n|move|p2a: Calyrex|Glacial Lance|p1a: Urshifu|[spread] \n|-activate|p1a: Urshifu|move: Wide Guard\n|-activate|p1b: Iron Valiant|move: Wide Guard\n|\n|-weather|RainDance|[upkeep]\n|-heal|p2a: Calyrex|46/100|[from] item: Leftovers\n|upkeep\n|turn|4\n|inactive|fogdocker has 30 seconds left.\n|\n|t:|1771483986\n|move|p1b: Iron Valiant|Spirit Break|p2b: Flutter Mane\n|-damage|p2b: Flutter Mane|0 fnt\n|faint|p2b: Flutter Mane\n|-end|p2b: Flutter Mane|Protosynthesis|[silent]\n|move|p1a: Urshifu|Wicked Blow|p2a: Calyrex\n|-crit|p2a: Calyrex\n|-damage|p2a: Calyrex|0 fnt\n|faint|p2a: Calyrex\n|\n|-weather|RainDance|[upkeep]\n|upkeep\n|\n|t:|1771483993\n|switch|p2b: Koraidon|Koraidon, L50|100/100\n|switch|p2a: Rillaboom|Rillaboom, L50, M|100/100\n|-weather|SunnyDay|[from] ability: Orichalcum Pulse|[of] p2b: Koraidon\n|-activate|p2b: Koraidon|Orichalcum Pulse|[source]\n|-fieldstart|move: Grassy Terrain|[from] ability: Grassy Surge|[of] p2a: Rillaboom\n|turn|5\n|\n|t:|1771484009\n|move|p1b: Iron Valiant|Protect|p1b: Iron Valiant\n|-singleturn|p1b: Iron Valiant|Protect\n|move|p2a: Rillaboom|Fake Out|p1b: Iron Valiant\n|-activate|p1b: Iron Valiant|move: Protect\n|move|p2b: Koraidon|Close Combat|p1a: Urshifu\n|-resisted|p1a: Urshifu\n|-damage|p1a: Urshifu|0 fnt\n|-unboost|p2b: Koraidon|def|1\n|-unboost|p2b: Koraidon|spd|1\n|faint|p1a: Urshifu\n|-damage|p2b: Koraidon|91/100|[from] item: Life Orb\n|\n|-weather|SunnyDay|[upkeep]\n|-heal|p1b: Iron Valiant|18/100|[from] Grassy Terrain\n|-heal|p2b: Koraidon|96/100|[from] Grassy Terrain\n|upkeep\n|\n|t:|1771484024\n|switch|p1a: Kyogre|Kyogre, L50|23/100\n|-weather|RainDance|[from] ability: Drizzle|[of] p1a: Kyogre\n|turn|6\n|\n|t:|1771484031\n|move|p2a: Rillaboom|Grassy Glide|p1b: Iron Valiant\n|-damage|p1b: Iron Valiant|0 fnt\n|faint|p1b: Iron Valiant\n|-end|p1b: Iron Valiant|Quark Drive|[silent]\n|move|p2b: Koraidon|Close Combat|p1a: Kyogre\n|-damage|p1a: Kyogre|0 fnt\n|-unboost|p2b: Koraidon|def|1\n|-unboost|p2b: Koraidon|spd|1\n|faint|p1a: Kyogre\n|-damage|p2b: Koraidon|87/100|[from] item: Life Orb\n|\n|win|fogdocker\n|raw|greenpoad's rating: 1307 &rarr; <strong>1295</strong><br />(-12 for losing)\n|raw|fogdocker's rating: 1452 &rarr; <strong>1464</strong><br />(+12 for winning)\n|l|\u2606greenpoad\n|player|p1|\n","uploadtime":1771484230,"views":11,"formatid":"gen9vgc2026regi","rating":1295,"private":0,"password":null}