{"id":"gen9vgc2026regi-2521030068","format":"[Gen 9] VGC 2026 Reg I","players":["blackred123","reccanohono"],"log":"|j|\u2606blackred123\n|j|\u2606reccanohono\n|t:|1768714499\n|gametype|doubles\n|player|p1|blackred123|iono-masters|1189\n|player|p2|reccanohono|cynthia-gen4|1138\n|gen|9\n|tier|[Gen 9] VGC 2026 Reg I\n|rated|\n|rule|Species Clause: Limit one of each Pok\u00e9mon\n|rule|Item Clause: Limit 1 of each item\n|clearpoke\n|poke|p1|Zacian-*, L50|\n|poke|p1|Kyogre, L50|\n|poke|p1|Amoonguss, L50, F|\n|poke|p1|Incineroar, L50, M|\n|poke|p1|Urshifu-*, L50, M|\n|poke|p1|Iron Jugulis, L50|\n|poke|p2|Koraidon, L50|\n|poke|p2|Groudon, L50|\n|poke|p2|Heatran, L50, F|\n|poke|p2|Moltres, L50|\n|poke|p2|Chi-Yu, L50|\n|poke|p2|Gouging Fire, L50|\n|teampreview|4\n|inactive|Battle timer is ON: inactive players will automatically lose when time's up. (requested by blackred123)\n|j| Yancy0902\u56fe\u56fe\u72ac\u4fa0\n|inactive|blackred123 has 60 seconds left.\n|inactive|reccanohono has 60 seconds left.\n|\n|t:|1768714562\n|teamsize|p1|4\n|teamsize|p2|4\n|start\n|switch|p1a: \u4e3b\u4eba\ud83d\ude2d\ud83e\udd75|Incineroar, L50, M|100/100\n|switch|p1b: \u963f\u5c14\u6258\u8389\u96c5|Zacian-Crowned, L50, shiny|100/100\n|switch|p2a: Gouging Fire|Gouging Fire, L50|100/100\n|switch|p2b: Koraidon|Koraidon, L50|100/100\n|-ability|p1b: \u963f\u5c14\u6258\u8389\u96c5|Intrepid Sword|boost\n|-boost|p1b: \u963f\u5c14\u6258\u8389\u96c5|atk|1\n|-weather|SunnyDay|[from] ability: Orichalcum Pulse|[of] p2b: Koraidon\n|-activate|p2a: Gouging Fire|ability: Protosynthesis\n|-start|p2a: Gouging Fire|protosynthesisatk\n|-activate|p2b: Koraidon|Orichalcum Pulse|[source]\n|-ability|p1a: \u4e3b\u4eba\ud83d\ude2d\ud83e\udd75|Intimidate|boost\n|-unboost|p2a: Gouging Fire|atk|1\n|-unboost|p2b: Koraidon|atk|1\n|turn|1\n|inactive|reccanohono has 30 seconds left.\n|\n|t:|1768714591\n|switch|p1a: \u9a6c\u5243\u5929\u7231\u661f|Kyogre, L50, shiny|100/100\n|-weather|RainDance|[from] ability: Drizzle|[of] p1a: \u9a6c\u5243\u5929\u7231\u661f\n|-end|p2a: Gouging Fire|Protosynthesis\n|move|p2a: Gouging Fire|Flare Blitz|p1b: \u963f\u5c14\u6258\u8389\u96c5\n|-supereffective|p1b: \u963f\u5c14\u6258\u8389\u96c5\n|-damage|p1b: \u963f\u5c14\u6258\u8389\u96c5|70/100\n|-status|p1b: \u963f\u5c14\u6258\u8389\u96c5|brn\n|-damage|p2a: Gouging Fire|91/100|[from] Recoil\n|move|p1b: \u963f\u5c14\u6258\u8389\u96c5|Play Rough|p2b: Koraidon\n|-supereffective|p2b: Koraidon\n|-damage|p2b: Koraidon|0 fnt\n|faint|p2b: Koraidon\n|\n|-weather|RainDance|[upkeep]\n|-damage|p1b: \u963f\u5c14\u6258\u8389\u96c5|64/100 brn|[from] brn\n|upkeep\n|\n|t:|1768714609\n|switch|p2b: Groudon|Groudon, L50|100/100\n|-weather|SunnyDay|[from] ability: Drought|[of] p2b: Groudon\n|-activate|p2a: Gouging Fire|ability: Protosynthesis\n|-start|p2a: Gouging Fire|protosynthesisspe\n|turn|2\n|\n|t:|1768714632\n|switch|p1a: \u4e3b\u4eba\ud83d\ude2d\ud83e\udd75|Incineroar, L50, M|100/100\n|-ability|p1a: \u4e3b\u4eba\ud83d\ude2d\ud83e\udd75|Intimidate|boost\n|-unboost|p2a: Gouging Fire|atk|1\n|-unboost|p2b: Groudon|atk|1\n|move|p1b: \u963f\u5c14\u6258\u8389\u96c5|Protect|p1b: \u963f\u5c14\u6258\u8389\u96c5\n|-singleturn|p1b: \u963f\u5c14\u6258\u8389\u96c5|Protect\n|move|p2a: Gouging Fire|Flare Blitz|p1b: \u963f\u5c14\u6258\u8389\u96c5\n|-activate|p1b: \u963f\u5c14\u6258\u8389\u96c5|move: Protect\n|move|p2b: Groudon|Solar Beam||[still]\n|-prepare|p2b: Groudon|Solar Beam\n|-anim|p2b: Groudon|Solar Beam|p1a: \u4e3b\u4eba\ud83d\ude2d\ud83e\udd75\n|-resisted|p1a: \u4e3b\u4eba\ud83d\ude2d\ud83e\udd75\n|-damage|p1a: \u4e3b\u4eba\ud83d\ude2d\ud83e\udd75|83/100\n|-damage|p2b: Groudon|91/100|[from] item: Life Orb\n|\n|-weather|SunnyDay|[upkeep]\n|-damage|p1b: \u963f\u5c14\u6258\u8389\u96c5|57/100 brn|[from] brn\n|upkeep\n|turn|3\n|l| Yancy0902\u56fe\u56fe\u72ac\u4fa0\n|inactive|blackred123 has 30 seconds left.\n|inactive|reccanohono has 30 seconds left.\n|\n|t:|1768714665\n|-end|p2a: Gouging Fire|Protosynthesis|[silent]\n|switch|p2a: Moltres|Moltres, L50|100/100\n|-ability|p2a: Moltres|Pressure\n|switch|p1a: \u9a6c\u5243\u5929\u7231\u661f|Kyogre, L50, shiny|100/100\n|-weather|RainDance|[from] ability: Drizzle|[of] p1a: \u9a6c\u5243\u5929\u7231\u661f\n|move|p1b: \u963f\u5c14\u6258\u8389\u96c5|Behemoth Blade|p2b: Groudon\n|-damage|p2b: Groudon|60/100\n|move|p2b: Groudon|Earthquake|p1a: \u9a6c\u5243\u5929\u7231\u661f|[spread] p1a,p1b\n|-immune|p2a: Moltres\n|-supereffective|p1b: \u963f\u5c14\u6258\u8389\u96c5\n|-damage|p1a: \u9a6c\u5243\u5929\u7231\u661f|66/100\n|-damage|p1b: \u963f\u5c14\u6258\u8389\u96c5|0 fnt\n|faint|p1b: \u963f\u5c14\u6258\u8389\u96c5\n|-damage|p2b: Groudon|50/100|[from] item: Life Orb\n|\n|-weather|RainDance|[upkeep]\n|upkeep\n|\n|t:|1768714682\n|switch|p1b: \u53eb\u6211\u4e3b\u4eba\ud83d\ude21|Urshifu-Rapid-Strike, L50, M|100/100\n|turn|4\n|\n|t:|1768714692\n|switch|p2b: Gouging Fire|Gouging Fire, L50|91/100\n|move|p1b: \u53eb\u6211\u4e3b\u4eba\ud83d\ude21|Surging Strikes|p2b: Gouging Fire\n|-crit|p2b: Gouging Fire\n|-damage|p2b: Gouging Fire|66/100\n|-crit|p2b: Gouging Fire\n|-damage|p2b: Gouging Fire|39/100\n|-crit|p2b: Gouging Fire\n|-damage|p2b: Gouging Fire|13/100\n|-hitcount|p2b: Gouging Fire|3\n|move|p2a: Moltres|Tailwind|p2a: Moltres\n|-sidestart|p2: reccanohono|move: Tailwind\n|move|p1a: \u9a6c\u5243\u5929\u7231\u661f|Origin Pulse|p2a: Moltres|[spread] p2a,p2b\n|-supereffective|p2a: Moltres\n|-damage|p2a: Moltres|0 fnt\n|-damage|p2b: Gouging Fire|0 fnt\n|faint|p2a: Moltres\n|faint|p2b: Gouging Fire\n|-end|p2b: Gouging Fire|Protosynthesis|[silent]\n|\n|-weather|RainDance|[upkeep]\n|upkeep\n|\n|t:|1768714714\n|switch|p2a: Groudon|Groudon, L50|50/100\n|-weather|SunnyDay|[from] ability: Drought|[of] p2a: Groudon\n|turn|5\n|\n|t:|1768714737\n|switch|p1a: \u4e3b\u4eba\ud83d\ude2d\ud83e\udd75|Incineroar, L50, M|83/100\n|-ability|p1a: \u4e3b\u4eba\ud83d\ude2d\ud83e\udd75|Intimidate|boost\n|-unboost|p2a: Groudon|atk|1\n|move|p2a: Groudon|Earthquake|p1a: \u4e3b\u4eba\ud83d\ude2d\ud83e\udd75|[spread] p1a,p1b\n|-supereffective|p1a: \u4e3b\u4eba\ud83d\ude2d\ud83e\udd75\n|-damage|p1a: \u4e3b\u4eba\ud83d\ude2d\ud83e\udd75|16/100\n|-damage|p1b: \u53eb\u6211\u4e3b\u4eba\ud83d\ude21|67/100\n|-damage|p2a: Groudon|40/100|[from] item: Life Orb\n|move|p1b: \u53eb\u6211\u4e3b\u4eba\ud83d\ude21|Surging Strikes|p2a: Groudon\n|-supereffective|p2a: Groudon\n|-crit|p2a: Groudon\n|-damage|p2a: Groudon|27/100\n|-supereffective|p2a: Groudon\n|-crit|p2a: Groudon\n|-damage|p2a: Groudon|12/100\n|-supereffective|p2a: Groudon\n|-crit|p2a: Groudon\n|-damage|p2a: Groudon|0 fnt\n|faint|p2a: Groudon\n|-hitcount|p2: Groudon|3\n|\n|win|blackred123\n|raw|blackred123's rating: 1189 &rarr; <strong>1210</strong><br />(+21 for winning)\n|raw|reccanohono's rating: 1138 &rarr; <strong>1117</strong><br />(-21 for losing)\n|j| Yancy0902\u56fe\u56fe\u72ac\u4fa0\n|l|\u2606reccanohono\n|player|p2|\n|l|\u2606blackred123\n|player|p1|\n|l| Yancy0902\u56fe\u56fe\u72ac\u4fa0\n","uploadtime":1768715025,"views":15,"formatid":"gen9vgc2026regi","rating":1117,"private":0,"password":null}