{"id":"gen9vgc2026regi-2561520535","format":"[Gen 9] VGC 2026 Reg I","players":["sheeshshane925","greenlightdmp"],"log":"|j|\u2606sheeshshane925\n|j|\u2606greenlightdmp\n|t:|1773806202\n|gametype|doubles\n|player|p1|sheeshshane925|chuck|1411\n|player|p2|greenlightdmp|170|1422\n|gen|9\n|tier|[Gen 9] VGC 2026 Reg I\n|rated|\n|rule|Species Clause: Limit one of each Pok\u00e9mon\n|rule|Item Clause: Limit 1 of each item\n|clearpoke\n|poke|p1|Miraidon, L50|\n|poke|p1|Lunala, L50|\n|poke|p1|Ursaluna, L50, F|\n|poke|p1|Whimsicott, L50, F|\n|poke|p1|Incineroar, L50, M|\n|poke|p1|Urshifu-*, L50, M|\n|poke|p2|Calyrex-Ice, L50|\n|poke|p2|Koraidon, L50|\n|poke|p2|Rillaboom, L50, M|\n|poke|p2|Incineroar, L50, M|\n|poke|p2|Landorus, L50, M|\n|poke|p2|Flutter Mane, L50|\n|teampreview|4\n|\n|t:|1773806288\n|teamsize|p1|4\n|teamsize|p2|4\n|start\n|switch|p1a: Miraidon|Miraidon, L50|100/100\n|switch|p1b: Whimsicott|Whimsicott, L50, F|100/100\n|switch|p2a: Calyrex|Calyrex-Ice, L50|100/100\n|switch|p2b: Incineroar|Incineroar, L50, M|100/100\n|-ability|p2a: Calyrex|As One\n|-ability|p2a: Calyrex|Unnerve\n|-fieldstart|move: Electric Terrain|[from] ability: Hadron Engine|[of] p1a: Miraidon\n|-ability|p2b: Incineroar|Intimidate|boost\n|-unboost|p1a: Miraidon|atk|1\n|-unboost|p1b: Whimsicott|atk|1\n|turn|1\n|\n|t:|1773806326\n|switch|p1b: Lunala|Lunala, L50|100/100\n|-enditem|p1b: Lunala|Electric Seed\n|-boost|p1b: Lunala|def|1|[from] item: Electric Seed\n|move|p2b: Incineroar|Fake Out|p1a: Miraidon\n|-damage|p1a: Miraidon|89/100\n|cant|p1a: Miraidon|flinch\n|move|p2a: Calyrex|Glacial Lance|p1b: Lunala|[spread] p1a,p1b\n|-supereffective|p1a: Miraidon\n|-damage|p1a: Miraidon|0 fnt\n|-damage|p1b: Lunala|87/100\n|faint|p1a: Miraidon\n|-ability|p2a: Calyrex|Chilling Neigh|boost\n|-boost|p2a: Calyrex|atk|1\n|\n|upkeep\n|\n|t:|1773806335\n|switch|p1a: Urshifu|Urshifu-Rapid-Strike, L50, M|100/100\n|turn|2\n|inactive|Battle timer is ON: inactive players will automatically lose when time's up. (requested by sheeshshane925)\n|\n|t:|1773806350\n|switch|p2b: Rillaboom|Rillaboom, L50, M|100/100\n|-fieldstart|move: Grassy Terrain|[from] ability: Grassy Surge|[of] p2b: Rillaboom\n|move|p1a: Urshifu|Surging Strikes|p2b: Rillaboom\n|-resisted|p2b: Rillaboom\n|-crit|p2b: Rillaboom\n|-damage|p2b: Rillaboom|85/100\n|-resisted|p2b: Rillaboom\n|-crit|p2b: Rillaboom\n|-damage|p2b: Rillaboom|70/100\n|-resisted|p2b: Rillaboom\n|-crit|p2b: Rillaboom\n|-damage|p2b: Rillaboom|53/100\n|-hitcount|p2b: Rillaboom|3\n|move|p1b: Lunala|Moongeist Beam|p2a: Calyrex\n|-supereffective|p2a: Calyrex\n|-damage|p2a: Calyrex|37/100\n|move|p2a: Calyrex|Leech Seed|p1b: Lunala\n|-start|p1b: Lunala|move: Leech Seed\n|\n|-heal|p2b: Rillaboom|59/100|[from] Grassy Terrain\n|-heal|p1b: Lunala|93/100|[from] Grassy Terrain\n|-heal|p2a: Calyrex|43/100|[from] Grassy Terrain\n|-heal|p2a: Calyrex|48/100|[from] item: Leftovers\n|-damage|p1b: Lunala|80/100|[from] Leech Seed|[of] p2a: Calyrex\n|-heal|p2a: Calyrex|63/100|[silent]\n|upkeep\n|turn|3\n|inactive|greenlightdmp has 30 seconds left.\n|inactive|greenlightdmp has 20 seconds left.\n|inactive|greenlightdmp has 15 seconds left.\n|\n|t:|1773806392\n|-terastallize|p1a: Urshifu|Ghost\n|-terastallize|p2a: Calyrex|Fairy\n|move|p2b: Rillaboom|Wood Hammer|p1a: Urshifu\n|-damage|p1a: Urshifu|37/100\n|-damage|p2b: Rillaboom|39/100|[from] Recoil\n|move|p1a: Urshifu|Surging Strikes|p2a: Calyrex\n|-crit|p2a: Calyrex\n|-damage|p2a: Calyrex|42/100\n|-crit|p2a: Calyrex\n|-damage|p2a: Calyrex|23/100\n|-crit|p2a: Calyrex\n|-damage|p2a: Calyrex|4/100\n|-hitcount|p2a: Calyrex|3\n|move|p1b: Lunala|Moongeist Beam|p2a: Calyrex\n|-damage|p2a: Calyrex|0 fnt\n|faint|p2a: Calyrex\n|\n|-heal|p2b: Rillaboom|45/100|[from] Grassy Terrain\n|-heal|p1a: Urshifu|43/100|[from] Grassy Terrain\n|-heal|p1b: Lunala|87/100|[from] Grassy Terrain\n|upkeep\n|\n|t:|1773806409\n|switch|p2a: Flutter Mane|Flutter Mane, L50|100/100\n|turn|4\n|\n|t:|1773806421\n|switch|p1a: Whimsicott|Whimsicott, L50, F|100/100\n|move|p2a: Flutter Mane|Shadow Ball|p1b: Lunala\n|-supereffective|p1b: Lunala\n|-damage|p1b: Lunala|0 fnt\n|faint|p1b: Lunala\n|move|p2b: Rillaboom|Wood Hammer|p1a: Whimsicott\n|-resisted|p1a: Whimsicott\n|-damage|p1a: Whimsicott|61/100\n|-damage|p2b: Rillaboom|34/100|[from] Recoil\n|\n|-heal|p2b: Rillaboom|40/100|[from] Grassy Terrain\n|-heal|p1a: Whimsicott|67/100|[from] Grassy Terrain\n|upkeep\n|\n|t:|1773806425\n|switch|p1b: Urshifu|Urshifu-Rapid-Strike, L50, M, tera:Ghost|43/100\n|turn|5\n|\n|t:|1773806440\n|move|p1a: Whimsicott|Tailwind|p1a: Whimsicott\n|-sidestart|p1: sheeshshane925|move: Tailwind\n|move|p1b: Urshifu|Surging Strikes|p2a: Flutter Mane\n|-crit|p2a: Flutter Mane\n|-damage|p2a: Flutter Mane|29/100\n|-crit|p2a: Flutter Mane\n|-damage|p2a: Flutter Mane|0 fnt\n|faint|p2a: Flutter Mane\n|-end|p2a: Flutter Mane|Protosynthesis|[silent]\n|-hitcount|p2: Flutter Mane|2\n|move|p2b: Rillaboom|Wood Hammer|p1b: Urshifu\n|-damage|p1b: Urshifu|0 fnt\n|faint|p1b: Urshifu\n|-damage|p2b: Rillaboom|26/100|[from] Recoil\n|\n|-heal|p1a: Whimsicott|73/100|[from] Grassy Terrain\n|-heal|p2b: Rillaboom|33/100|[from] Grassy Terrain\n|upkeep\n|\n|t:|1773806447\n|switch|p2a: Incineroar|Incineroar, L50, M|100/100\n|-ability|p2a: Incineroar|Intimidate|boost\n|-unboost|p1a: Whimsicott|atk|1\n|turn|6\n|-message|sheeshshane925 forfeited.\n|\n|win|greenlightdmp\n|raw|sheeshshane925's rating: 1411 &rarr; <strong>1392</strong><br />(-19 for losing)\n|raw|greenlightdmp's rating: 1422 &rarr; <strong>1441</strong><br />(+19 for winning)\n|l|\u2606sheeshshane925\n|player|p1|\n","uploadtime":1773806451,"views":14,"formatid":"gen9vgc2026regi","rating":1392,"private":0,"password":null}