{"id":"gen9vgc2026regi-2528910973","format":"[Gen 9] VGC 2026 Reg I","players":["noobtoilet1000","CHR1SPHX"],"log":"|j|\u2606noobtoilet1000\n|j|\u2606CHR1SPHX\n|t:|1769717073\n|gametype|doubles\n|player|p1|noobtoilet1000|170|1238\n|player|p2|CHR1SPHX|hilbert-wonderlauncher|1200\n|gen|9\n|tier|[Gen 9] VGC 2026 Reg I\n|rated|\n|rule|Species Clause: Limit one of each Pok\u00e9mon\n|rule|Item Clause: Limit 1 of each item\n|clearpoke\n|poke|p1|Miraidon, L50|\n|poke|p1|Lunala, L50|\n|poke|p1|Sylveon, L50, F|\n|poke|p1|Incineroar, L50, F|\n|poke|p1|Whimsicott, L50, M|\n|poke|p1|Urshifu-*, L50, M|\n|poke|p2|Incineroar, L50, M|\n|poke|p2|Koraidon, L50|\n|poke|p2|Flutter Mane, L50|\n|poke|p2|Brute Bonnet, L50|\n|poke|p2|Indeedee-F, L50, F|\n|poke|p2|Calyrex-Ice, L50|\n|teampreview|4\n|inactive|Battle timer is ON: inactive players will automatically lose when time's up. (requested by CHR1SPHX)\n|\n|t:|1769717095\n|teamsize|p1|4\n|teamsize|p2|4\n|start\n|switch|p1a: Miraidon|Miraidon, L50, shiny|100/100\n|switch|p1b: Whimsicott|Whimsicott, L50, M, shiny|100/100\n|switch|p2a: Brute Bonnet|Brute Bonnet, L50, shiny|100/100\n|switch|p2b: Flutter Mane|Flutter Mane, L50|100/100\n|-fieldstart|move: Electric Terrain|[from] ability: Hadron Engine|[of] p1a: Miraidon\n|turn|1\n|\n|t:|1769717108\n|-end|p2b: Flutter Mane|Protosynthesis|[silent]\n|switch|p2b: Indeedee|Indeedee-F, L50, F|100/100\n|-fieldstart|move: Psychic Terrain|[from] ability: Psychic Surge|[of] p2b: Indeedee\n|move|p1b: Whimsicott|Tailwind|p1b: Whimsicott\n|-sidestart|p1: noobtoilet1000|move: Tailwind\n|move|p1a: Miraidon|Volt Switch|p2b: Indeedee\n|-damage|p2b: Indeedee|39/100\n|\n|t:|1769717110\n|switch|p1a: Incineroar|Incineroar, L50, F|100/100|[from] Volt Switch\n|-ability|p1a: Incineroar|Intimidate|boost\n|-unboost|p2a: Brute Bonnet|atk|1\n|-unboost|p2b: Indeedee|atk|1\n|move|p2a: Brute Bonnet|Spore|p1a: Incineroar\n|-status|p1a: Incineroar|slp|[from] move: Spore\n|\n|upkeep\n|turn|2\n|inactive|CHR1SPHX has 30 seconds left.\n|\n|t:|1769717140\n|-end|p2a: Brute Bonnet|Protosynthesis|[silent]\n|switch|p2a: Calyrex|Calyrex-Ice, L50|100/100\n|-ability|p2a: Calyrex|As One\n|-ability|p2a: Calyrex|Unnerve\n|move|p2b: Indeedee|Follow Me|p2b: Indeedee\n|-singleturn|p2b: Indeedee|move: Follow Me\n|move|p1b: Whimsicott|Moonblast|p2b: Indeedee\n|-damage|p2b: Indeedee|3/100\n|cant|p1a: Incineroar|slp\n|\n|upkeep\n|turn|3\n|\n|t:|1769717161\n|move|p1b: Whimsicott|Moonblast|p2b: Indeedee\n|-damage|p2b: Indeedee|0 fnt\n|faint|p2b: Indeedee\n|cant|p1a: Incineroar|slp\n|move|p2a: Calyrex|Glacial Lance|p1b: Whimsicott|[spread] p1a,p1b\n|-resisted|p1a: Incineroar\n|-supereffective|p1b: Whimsicott\n|-damage|p1a: Incineroar|82/100 slp\n|-enditem|p1b: Whimsicott|Focus Sash\n|-damage|p1b: Whimsicott|1/100\n|\n|upkeep\n|inactive|CHR1SPHX has 30 seconds left.\n|\n|t:|1769717190\n|switch|p2b: Brute Bonnet|Brute Bonnet, L50, shiny|100/100\n|turn|4\n|\n|t:|1769717200\n|move|p2b: Brute Bonnet|Rage Powder|p2b: Brute Bonnet\n|-singleturn|p2b: Brute Bonnet|move: Rage Powder\n|move|p1b: Whimsicott|Endeavor|p2a: Calyrex\n|-damage|p2a: Calyrex|1/100\n|cant|p1a: Incineroar|slp\n|move|p2a: Calyrex|Glacial Lance|p1a: Incineroar|[spread] p1a,p1b\n|-resisted|p1a: Incineroar\n|-supereffective|p1b: Whimsicott\n|-damage|p1a: Incineroar|61/100 slp\n|-damage|p1b: Whimsicott|0 fnt\n|faint|p1b: Whimsicott\n|-ability|p2a: Calyrex|Chilling Neigh|boost\n|-boost|p2a: Calyrex|atk|1\n|\n|-sideend|p1: noobtoilet1000|move: Tailwind\n|upkeep\n|\n|t:|1769717209\n|switch|p1b: Miraidon|Miraidon, L50, shiny|100/100\n|-fieldstart|move: Electric Terrain|[from] ability: Hadron Engine|[of] p1b: Miraidon\n|turn|5\n|\n|t:|1769717226\n|-terastallize|p1b: Miraidon|Fairy\n|-terastallize|p2a: Calyrex|Ground\n|move|p2b: Brute Bonnet|Sucker Punch|p1b: Miraidon\n|-resisted|p1b: Miraidon\n|-damage|p1b: Miraidon|85/100\n|move|p1b: Miraidon|Dazzling Gleam|p2b: Brute Bonnet|[spread] p2a,p2b\n|-supereffective|p2b: Brute Bonnet\n|-damage|p2a: Calyrex|0 fnt\n|-damage|p2b: Brute Bonnet|3/100\n|-enditem|p2b: Brute Bonnet|Sitrus Berry|[eat]\n|-heal|p2b: Brute Bonnet|28/100|[from] item: Sitrus Berry\n|faint|p2a: Calyrex\n|-curestatus|p1a: Incineroar|slp|[msg]\n|move|p1a: Incineroar|U-turn|p2b: Brute Bonnet\n|-supereffective|p2b: Brute Bonnet\n|-damage|p2b: Brute Bonnet|0 fnt\n|faint|p2b: Brute Bonnet\n|-end|p2b: Brute Bonnet|Protosynthesis|[silent]\n|\n|t:|1769717239\n|switch|p1a: Lunala|Lunala, L50|100/100|[from] U-turn\n|-enditem|p1a: Lunala|Electric Seed\n|-boost|p1a: Lunala|def|1|[from] item: Electric Seed\n|\n|upkeep\n|\n|t:|1769717245\n|switch|p2b: Flutter Mane|Flutter Mane, L50|100/100\n|turn|6\n|-message|CHR1SPHX forfeited.\n|\n|win|noobtoilet1000\n|raw|noobtoilet1000's rating: 1238 &rarr; <strong>1260</strong><br />(+22 for winning)\n|raw|CHR1SPHX's rating: 1200 &rarr; <strong>1178</strong><br />(-22 for losing)\n|l|\u2606CHR1SPHX\n|player|p2|\n","uploadtime":1769717289,"views":12,"formatid":"gen9vgc2026regi","rating":1178,"private":0,"password":null}