{"id":"gen9vgc2026regi-2579687228","format":"[Gen 9] VGC 2026 Reg I","players":["Cheesey027","Simon0123"],"log":"|j|\u2606Cheesey027\n|j|\u2606Simon0123\n|t:|1775816629\n|gametype|doubles\n|player|p1|Cheesey027|rocketgrunt|1351\n|player|p2|Simon0123|benga|1306\n|gen|9\n|tier|[Gen 9] VGC 2026 Reg I\n|rated|\n|rule|Species Clause: Limit one of each Pok\u00e9mon\n|rule|Item Clause: Limit 1 of each item\n|clearpoke\n|poke|p1|Kyogre, L50|\n|poke|p1|Tornadus, L50, M|\n|poke|p1|Rhydon, L50, M|\n|poke|p1|Araquanid, L50, M|\n|poke|p1|Gholdengo, L50|\n|poke|p1|Chien-Pao, L50|\n|poke|p2|Kyogre, L50|\n|poke|p2|Calyrex-Ice, L50|\n|poke|p2|Indeedee-F, L50, F|\n|poke|p2|Farigiraf, L50, F|\n|poke|p2|Ursaluna, L50, F|\n|poke|p2|Amoonguss, L50, M|\n|teampreview|4\n|inactive|Battle timer is ON: inactive players will automatically lose when time's up. (requested by Simon0123)\n|inactive|Simon0123 has 60 seconds left.\n|\n|t:|1775816672\n|teamsize|p1|4\n|teamsize|p2|4\n|start\n|switch|p1a: Kyogre|Kyogre, L50|100/100\n|switch|p1b: Tornadus|Tornadus, L50, M|100/100\n|switch|p2a: Indeedee|Indeedee-F, L50, F, shiny|100/100\n|switch|p2b: Ursaluna|Ursaluna, L50, F, shiny|100/100\n|-weather|RainDance|[from] ability: Drizzle|[of] p1a: Kyogre\n|-fieldstart|move: Psychic Terrain|[from] ability: Psychic Surge|[of] p2a: Indeedee\n|-enditem|p2a: Indeedee|Psychic Seed\n|-boost|p2a: Indeedee|spd|1|[from] item: Psychic Seed\n|turn|1\n|inactive|Cheesey027 has 30 seconds left.\n|inactive|Cheesey027 has 20 seconds left.\n|inactive|Cheesey027 has 15 seconds left.\n|inactive|Cheesey027 has 10 seconds left.\n|inactive|Cheesey027 has 5 seconds left.\n|\n|t:|1775816727\n|move|p2b: Ursaluna|Protect|p2b: Ursaluna\n|-singleturn|p2b: Ursaluna|Protect\n|move|p1b: Tornadus|Tailwind|p1b: Tornadus\n|-sidestart|p1: Cheesey027|move: Tailwind\n|move|p1a: Kyogre|Water Spout|p2a: Indeedee|[spread] p2a\n|-activate|p2b: Ursaluna|move: Protect\n|-damage|p2a: Indeedee|45/100\n|move|p2a: Indeedee|Trick Room|p2a: Indeedee\n|-fieldstart|move: Trick Room|[of] p2a: Indeedee\n|\n|-weather|RainDance|[upkeep]\n|-status|p2b: Ursaluna|brn|[from] item: Flame Orb\n|upkeep\n|turn|2\n|\n|t:|1775816742\n|-terastallize|p1a: Kyogre|Ghost\n|move|p2a: Indeedee|Helping Hand|p2b: Ursaluna\n|-singleturn|p2b: Ursaluna|Helping Hand|[of] p2a: Indeedee\n|move|p2b: Ursaluna|Facade|p1a: Kyogre\n|-immune|p1a: Kyogre\n|move|p1a: Kyogre|Water Spout|p2b: Ursaluna|[spread] p2a,p2b\n|-supereffective|p2b: Ursaluna\n|-damage|p2a: Indeedee|0 fnt\n|-damage|p2b: Ursaluna|0 fnt\n|faint|p2a: Indeedee\n|faint|p2b: Ursaluna\n|move|p1b: Tornadus|Bleakwind Storm|p2: Indeedee|[notarget]\n|-fail|p1b: Tornadus\n|\n|-weather|RainDance|[upkeep]\n|upkeep\n|c|\u2606Simon0123|Tera Ghost\n|c|\u2606Simon0123|Really\n|\n|t:|1775816756\n|switch|p2b: Calyrex|Calyrex-Ice, L50|100/100\n|switch|p2a: Amoonguss|Amoonguss, L50, M, shiny|100/100\n|-ability|p2b: Calyrex|As One\n|-ability|p2b: Calyrex|Unnerve\n|turn|3\n|\n|t:|1775816779\n|switch|p1a: Araquanid|Araquanid, L50, M|100/100\n|move|p1b: Tornadus|Taunt|p2a: Amoonguss\n|-activate|p2a: Amoonguss|move: Psychic Terrain\n|move|p2a: Amoonguss|Spore|p1a: Araquanid\n|-activate|p1a: Araquanid|item: Safety Goggles|Spore\n|move|p2b: Calyrex|Glacial Lance|p1a: Araquanid|[spread] p1a,p1b\n|-resisted|p1a: Araquanid\n|-supereffective|p1b: Tornadus\n|-damage|p1a: Araquanid|72/100\n|-damage|p1b: Tornadus|0 fnt\n|faint|p1b: Tornadus\n|-ability|p2b: Calyrex|Chilling Neigh|boost\n|-boost|p2b: Calyrex|atk|1\n|\n|-weather|RainDance|[upkeep]\n|upkeep\n|\n|t:|1775816792\n|switch|p1b: Rhydon|Rhydon, L50, M|100/100\n|turn|4\n|\n|t:|1775816804\n|move|p1b: Rhydon|Protect|p1b: Rhydon\n|-singleturn|p1b: Rhydon|Protect\n|move|p1a: Araquanid|Wide Guard|p1a: Araquanid\n|-singleturn|p1a: Araquanid|Wide Guard\n|move|p2a: Amoonguss|Rage Powder|p2a: Amoonguss\n|-singleturn|p2a: Amoonguss|move: Rage Powder\n|move|p2b: Calyrex|Glacial Lance|p1a: Araquanid|[spread] \n|-activate|p1a: Araquanid|move: Wide Guard\n|-activate|p1b: Rhydon|move: Wide Guard\n|\n|-weather|RainDance|[upkeep]\n|-sideend|p1: Cheesey027|move: Tailwind\n|upkeep\n|turn|5\n|inactive|Simon0123 has 30 seconds left.\n|inactive|Cheesey027 has 30 seconds left.\n|\n|t:|1775816836\n|move|p2a: Amoonguss|Rage Powder|p2a: Amoonguss\n|-singleturn|p2a: Amoonguss|move: Rage Powder\n|move|p2b: Calyrex|High Horsepower|p1a: Araquanid\n|-resisted|p1a: Araquanid\n|-damage|p1a: Araquanid|40/100\n|move|p1b: Rhydon|Rock Slide|p2a: Amoonguss|[spread] p2a,p2b\n|-supereffective|p2b: Calyrex\n|-damage|p2a: Amoonguss|71/100\n|-damage|p2b: Calyrex|57/100\n|move|p1a: Araquanid|Leech Life|p2b: Calyrex\n|-supereffective|p2b: Calyrex\n|-damage|p2b: Calyrex|21/100\n|-heal|p1a: Araquanid|61/100|[from] drain|[of] p2b: Calyrex\n|\n|-weather|none\n|-fieldend|move: Trick Room\n|-fieldend|move: Psychic Terrain\n|upkeep\n|turn|6\n|-message|Simon0123 forfeited.\n|\n|win|Cheesey027\n|raw|Cheesey027's rating: 1351 &rarr; <strong>1368</strong><br />(+17 for winning)\n|raw|Simon0123's rating: 1306 &rarr; <strong>1289</strong><br />(-17 for losing)\n|l|\u2606Simon0123\n|player|p2|\n|l|\u2606Cheesey027\n|player|p1|\n","uploadtime":1775817067,"views":8,"formatid":"gen9vgc2026regi","rating":1289,"private":0,"password":null}