{"id":"gen9vgc2026regi-2570741544","format":"[Gen 9] VGC 2026 Reg I","players":["Snowsquall brute","Highkage2"],"log":"|j|\u2606Snowsquall brute\n|j|\u203dHighkage2\n|t:|1774842011\n|gametype|doubles\n|player|p1|Snowsquall brute|veteran|1618\n|player|p2|Highkage2|doubleteam|1628\n|gen|9\n|tier|[Gen 9] VGC 2026 Reg I\n|rated|\n|rule|Species Clause: Limit one of each Pok\u00e9mon\n|rule|Item Clause: Limit 1 of each item\n|clearpoke\n|poke|p1|Miraidon, L50|\n|poke|p1|Landorus-Therian, L50, M|\n|poke|p1|Volcarona, L50, M|\n|poke|p1|Kyogre, L50|\n|poke|p2|Incineroar, L50, F|\n|poke|p2|Calyrex-Ice, L50|\n|poke|p2|Miraidon, L50|\n|poke|p2|Iron Treads, L50|\n|poke|p2|Volcarona, L50, F|\n|poke|p2|Farigiraf, L50, M|\n|teampreview|4\n|inactive|Battle timer is ON: inactive players will automatically lose when time's up. (requested by Highkage2)\n|\n|t:|1774842053\n|teamsize|p1|4\n|teamsize|p2|4\n|start\n|switch|p1a: Miraidon|Miraidon, L50|100/100\n|switch|p1b: Landorus|Landorus-Therian, L50, M|100/100\n|switch|p2a: Miraidon|Miraidon, L50|100/100\n|switch|p2b: Incineroar|Incineroar, L50, F|100/100\n|-fieldstart|move: Electric Terrain|[from] ability: Hadron Engine|[of] p2a: Miraidon\n|-enditem|p1a: Miraidon|Electric Seed\n|-boost|p1a: Miraidon|def|1|[from] item: Electric Seed\n|-activate|p1a: Miraidon|ability: Hadron Engine\n|-ability|p1b: Landorus|Intimidate|boost\n|-unboost|p2a: Miraidon|atk|1\n|-unboost|p2b: Incineroar|atk|1\n|-ability|p2b: Incineroar|Intimidate|boost\n|-unboost|p1a: Miraidon|atk|1\n|-unboost|p1b: Landorus|atk|1\n|turn|1\n|\n|t:|1774842074\n|move|p1a: Miraidon|Protect|p1a: Miraidon\n|-singleturn|p1a: Miraidon|Protect\n|move|p2b: Incineroar|Fake Out|p1b: Landorus\n|-damage|p1b: Landorus|93/100\n|move|p2a: Miraidon|Draco Meteor|p1a: Miraidon\n|-activate|p1a: Miraidon|move: Protect\n|cant|p1b: Landorus|flinch\n|\n|upkeep\n|turn|2\n|\n|t:|1774842085\n|-terastallize|p1a: Miraidon|Electric\n|move|p2a: Miraidon|Draco Meteor|p1a: Miraidon\n|-damage|p1a: Miraidon|9/100\n|-unboost|p2a: Miraidon|spa|2\n|move|p1a: Miraidon|Parabolic Charge|p2b: Incineroar|[spread] p2a,p2b\n|-immune|p1b: Landorus\n|-resisted|p2a: Miraidon\n|-damage|p2a: Miraidon|91/100\n|-heal|p1a: Miraidon|13/100|[from] drain|[of] p2a: Miraidon\n|-damage|p2b: Incineroar|72/100\n|-heal|p1a: Miraidon|27/100|[from] drain|[of] p2b: Incineroar\n|move|p1b: Landorus|Stomping Tantrum|p2a: Miraidon\n|-supereffective|p2a: Miraidon\n|-damage|p2a: Miraidon|0 fnt\n|faint|p2a: Miraidon\n|move|p2b: Incineroar|U-turn|p1a: Miraidon\n|-damage|p1a: Miraidon|21/100\n|\n|t:|1774842095\n|switch|p2b: Iron Treads|Iron Treads, L50|100/100|[from] U-turn\n|-activate|p2b: Iron Treads|ability: Quark Drive\n|-start|p2b: Iron Treads|quarkdrivespe\n|\n|upkeep\n|\n|t:|1774842099\n|switch|p2a: Calyrex|Calyrex-Ice, L50|100/100\n|-ability|p2a: Calyrex|As One\n|-ability|p2a: Calyrex|Unnerve\n|turn|3\n|inactive|Highkage2 has 30 seconds left.\n|\n|t:|1774842124\n|-terastallize|p2b: Iron Treads|Ghost\n|move|p2b: Iron Treads|High Horsepower|p1a: Miraidon\n|-supereffective|p1a: Miraidon\n|-damage|p1a: Miraidon|0 fnt\n|faint|p1a: Miraidon\n|move|p1b: Landorus|U-turn|p2a: Calyrex\n|-supereffective|p2a: Calyrex\n|-damage|p2a: Calyrex|77/100\n|\n|t:|1774842128\n|switch|p1b: Kyogre|Kyogre, L50|100/100|[from] U-turn\n|-weather|RainDance|[from] ability: Drizzle|[of] p1b: Kyogre\n|move|p2a: Calyrex|Glacial Lance|p1b: Kyogre\n|-resisted|p1b: Kyogre\n|-damage|p1b: Kyogre|75/100\n|\n|-weather|RainDance|[upkeep]\n|-heal|p1b: Kyogre|81/100|[from] item: Leftovers\n|-heal|p2a: Calyrex|83/100|[from] item: Leftovers\n|upkeep\n|\n|t:|1774842131\n|switch|p1a: Landorus|Landorus-Therian, L50, M|93/100\n|-ability|p1a: Landorus|Intimidate|boost\n|-unboost|p2a: Calyrex|atk|1\n|-unboost|p2b: Iron Treads|atk|1\n|turn|4\n|\n|t:|1774842148\n|-end|p2b: Iron Treads|Quark Drive|[silent]\n|switch|p2b: Incineroar|Incineroar, L50, F|72/100\n|-ability|p2b: Incineroar|Intimidate|boost\n|-unboost|p1a: Landorus|atk|1\n|-unboost|p1b: Kyogre|atk|1\n|switch|p1a: Volcarona|Volcarona, L50, M|100/100\n|move|p2a: Calyrex|Protect|p2a: Calyrex\n|-singleturn|p2a: Calyrex|Protect\n|move|p1b: Kyogre|Origin Pulse|p2b: Incineroar|[spread] p2b\n|-activate|p2a: Calyrex|move: Protect\n|-supereffective|p2b: Incineroar\n|-damage|p2b: Incineroar|0 fnt\n|faint|p2b: Incineroar\n|\n|-weather|RainDance|[upkeep]\n|-heal|p1b: Kyogre|87/100|[from] item: Leftovers\n|-heal|p2a: Calyrex|89/100|[from] item: Leftovers\n|upkeep\n|\n|t:|1774842151\n|switch|p2b: Iron Treads|Iron Treads, L50, tera:Ghost|100/100\n|-activate|p2b: Iron Treads|ability: Quark Drive\n|-start|p2b: Iron Treads|quarkdrivespe\n|turn|5\n|\n|t:|1774842170\n|switch|p1a: Landorus|Landorus-Therian, L50, M|93/100\n|-ability|p1a: Landorus|Intimidate|boost\n|-unboost|p2a: Calyrex|atk|1\n|-unboost|p2b: Iron Treads|atk|1\n|move|p2b: Iron Treads|Rock Slide|p1b: Kyogre|[spread] p1a,p1b\n|-damage|p1a: Landorus|75/100\n|-damage|p1b: Kyogre|74/100\n|move|p1b: Kyogre|Origin Pulse|p2b: Iron Treads|[spread] p2a,p2b\n|-damage|p2a: Calyrex|55/100\n|-damage|p2b: Iron Treads|14/100\n|move|p2a: Calyrex|Leech Seed|p1b: Kyogre\n|-start|p1b: Kyogre|move: Leech Seed\n|\n|-weather|RainDance|[upkeep]\n|-heal|p1b: Kyogre|80/100|[from] item: Leftovers\n|-heal|p2a: Calyrex|61/100|[from] item: Leftovers\n|-damage|p1b: Kyogre|68/100|[from] Leech Seed|[of] p2a: Calyrex\n|-heal|p2a: Calyrex|73/100|[silent]\n|-fieldend|move: Electric Terrain\n|-end|p2b: Iron Treads|Quark Drive\n|upkeep\n|turn|6\n|inactive|Highkage2 has 30 seconds left.\n|\n|t:|1774842201\n|move|p2b: Iron Treads|Rock Slide|p1b: Kyogre|[spread] p1a,p1b\n|-damage|p1a: Landorus|56/100\n|-damage|p1b: Kyogre|56/100\n|cant|p1a: Landorus|flinch\n|move|p1b: Kyogre|Thunder|p2b: Iron Treads\n|-damage|p2b: Iron Treads|0 fnt\n|faint|p2b: Iron Treads\n|-end|p2b: Iron Treads|Quark Drive|[silent]\n|move|p2a: Calyrex|Glacial Lance|p1b: Kyogre|[spread] p1a,p1b\n|-supereffective|p1a: Landorus\n|-resisted|p1b: Kyogre\n|-damage|p1a: Landorus|0 fnt\n|-damage|p1b: Kyogre|47/100\n|faint|p1a: Landorus\n|-ability|p2a: Calyrex|Chilling Neigh|boost\n|-boost|p2a: Calyrex|atk|1\n|\n|-weather|RainDance|[upkeep]\n|-heal|p1b: Kyogre|53/100|[from] item: Leftovers\n|-heal|p2a: Calyrex|79/100|[from] item: Leftovers\n|-damage|p1b: Kyogre|41/100|[from] Leech Seed|[of] p2a: Calyrex\n|-heal|p2a: Calyrex|91/100|[silent]\n|upkeep\n|\n|t:|1774842205\n|switch|p1a: Volcarona|Volcarona, L50, M|100/100\n|turn|7\n|inactive|Highkage2 has 30 seconds left.\n|\n|t:|1774842231\n|move|p2a: Calyrex|Protect|p2a: Calyrex\n|-singleturn|p2a: Calyrex|Protect\n|move|p1a: Volcarona|Will-O-Wisp|p2a: Calyrex\n|-activate|p2a: Calyrex|move: Protect\n|move|p1b: Kyogre|Origin Pulse|p2a: Calyrex\n|-activate|p2a: Calyrex|move: Protect\n|\n|-weather|none\n|-heal|p1b: Kyogre|47/100|[from] item: Leftovers\n|-heal|p2a: Calyrex|97/100|[from] item: Leftovers\n|-damage|p1b: Kyogre|34/100|[from] Leech Seed|[of] p2a: Calyrex\n|-heal|p2a: Calyrex|100/100|[silent]\n|upkeep\n|turn|8\n|\n|t:|1774842237\n|move|p1a: Volcarona|Will-O-Wisp|p2a: Calyrex\n|-status|p2a: Calyrex|brn\n|move|p1b: Kyogre|Origin Pulse|p2a: Calyrex\n|-damage|p2a: Calyrex|67/100 brn\n|move|p2a: Calyrex|Leech Seed|p1a: Volcarona\n|-start|p1a: Volcarona|move: Leech Seed\n|\n|-heal|p1b: Kyogre|40/100|[from] item: Leftovers\n|-heal|p2a: Calyrex|73/100 brn|[from] item: Leftovers\n|-damage|p1a: Volcarona|88/100|[from] Leech Seed|[of] p2a: Calyrex\n|-heal|p2a: Calyrex|84/100 brn|[silent]\n|-damage|p1b: Kyogre|28/100|[from] Leech Seed|[of] p2a: Calyrex\n|-heal|p2a: Calyrex|96/100 brn|[silent]\n|-damage|p2a: Calyrex|90/100 brn|[from] brn\n|upkeep\n|turn|9\n|\n|t:|1774842245\n|move|p2a: Calyrex|Protect|p2a: Calyrex\n|-singleturn|p2a: Calyrex|Protect\n|move|p1a: Volcarona|Struggle Bug|p2a: Calyrex\n|-activate|p2a: Calyrex|move: Protect\n|move|p1b: Kyogre|Origin Pulse|p2a: Calyrex\n|-activate|p2a: Calyrex|move: Protect\n|\n|-heal|p1b: Kyogre|34/100|[from] item: Leftovers\n|-heal|p2a: Calyrex|96/100 brn|[from] item: Leftovers\n|-damage|p1a: Volcarona|76/100|[from] Leech Seed|[of] p2a: Calyrex\n|-heal|p2a: Calyrex|100/100 brn|[silent]\n|-damage|p1b: Kyogre|22/100|[from] Leech Seed|[of] p2a: Calyrex\n|-damage|p2a: Calyrex|95/100 brn|[from] brn\n|upkeep\n|turn|10\n|\n|t:|1774842260\n|move|p1a: Volcarona|Struggle Bug|p2a: Calyrex\n|-supereffective|p2a: Calyrex\n|-damage|p2a: Calyrex|68/100 brn\n|-unboost|p2a: Calyrex|spa|1\n|move|p1b: Kyogre|Origin Pulse|p2a: Calyrex\n|-damage|p2a: Calyrex|37/100 brn\n|move|p2a: Calyrex|Trick Room|p2a: Calyrex\n|-fieldstart|move: Trick Room|[of] p2a: Calyrex\n|\n|-heal|p2a: Calyrex|43/100 brn|[from] item: Leftovers\n|-heal|p1b: Kyogre|28/100|[from] item: Leftovers\n|-damage|p1b: Kyogre|16/100|[from] Leech Seed|[of] p2a: Calyrex\n|-heal|p2a: Calyrex|55/100 brn|[silent]\n|-damage|p1a: Volcarona|64/100|[from] Leech Seed|[of] p2a: Calyrex\n|-heal|p2a: Calyrex|66/100 brn|[silent]\n|-damage|p2a: Calyrex|60/100 brn|[from] brn\n|upkeep\n|turn|11\n|\n|t:|1774842271\n|move|p2a: Calyrex|Protect|p2a: Calyrex\n|-singleturn|p2a: Calyrex|Protect\n|move|p1b: Kyogre|Origin Pulse|p2a: Calyrex\n|-activate|p2a: Calyrex|move: Protect\n|move|p1a: Volcarona|Struggle Bug|p2a: Calyrex\n|-activate|p2a: Calyrex|move: Protect\n|\n|-heal|p2a: Calyrex|66/100 brn|[from] item: Leftovers\n|-heal|p1b: Kyogre|21/100|[from] item: Leftovers\n|-damage|p1b: Kyogre|9/100|[from] Leech Seed|[of] p2a: Calyrex\n|-heal|p2a: Calyrex|78/100 brn|[silent]\n|-damage|p1a: Volcarona|51/100|[from] Leech Seed|[of] p2a: Calyrex\n|-heal|p2a: Calyrex|89/100 brn|[silent]\n|-damage|p2a: Calyrex|84/100 brn|[from] brn\n|upkeep\n|turn|12\n|\n|t:|1774842284\n|move|p2a: Calyrex|Glacial Lance|p1a: Volcarona|[spread] p1a,p1b\n|-resisted|p1a: Volcarona\n|-resisted|p1b: Kyogre\n|-damage|p1a: Volcarona|43/100\n|-damage|p1b: Kyogre|3/100\n|move|p1b: Kyogre|Origin Pulse|p2a: Calyrex\n|-damage|p2a: Calyrex|55/100 brn\n|move|p1a: Volcarona|Struggle Bug|p2a: Calyrex\n|-supereffective|p2a: Calyrex\n|-damage|p2a: Calyrex|26/100 brn\n|-unboost|p2a: Calyrex|spa|1\n|\n|-heal|p2a: Calyrex|31/100 brn|[from] item: Leftovers\n|-heal|p1b: Kyogre|9/100|[from] item: Leftovers\n|-damage|p1b: Kyogre|0 fnt|[from] Leech Seed|[of] p2a: Calyrex\n|-heal|p2a: Calyrex|40/100 brn|[silent]\n|faint|p1b: Kyogre\n|-damage|p1a: Volcarona|30/100|[from] Leech Seed|[of] p2a: Calyrex\n|-heal|p2a: Calyrex|51/100 brn|[silent]\n|-damage|p2a: Calyrex|45/100 brn|[from] brn\n|upkeep\n|turn|13\n|\n|t:|1774842291\n|move|p2a: Calyrex|Protect|p2a: Calyrex\n|-singleturn|p2a: Calyrex|Protect\n|move|p1a: Volcarona|Struggle Bug|p2a: Calyrex\n|-activate|p2a: Calyrex|move: Protect\n|\n|-heal|p2a: Calyrex|51/100 brn|[from] item: Leftovers\n|-damage|p1a: Volcarona|18/100|[from] Leech Seed|[of] p2a: Calyrex\n|-heal|p2a: Calyrex|62/100 brn|[silent]\n|-damage|p2a: Calyrex|56/100 brn|[from] brn\n|upkeep\n|turn|14\n|\n|t:|1774842297\n|move|p2a: Calyrex|Glacial Lance|p1a: Volcarona\n|-resisted|p1a: Volcarona\n|-damage|p1a: Volcarona|7/100\n|move|p1a: Volcarona|Struggle Bug|p2a: Calyrex\n|-supereffective|p2a: Calyrex\n|-damage|p2a: Calyrex|27/100 brn\n|-unboost|p2a: Calyrex|spa|1\n|\n|-heal|p2a: Calyrex|33/100 brn|[from] item: Leftovers\n|-damage|p1a: Volcarona|0 fnt|[from] Leech Seed|[of] p2a: Calyrex\n|-heal|p2a: Calyrex|39/100 brn|[silent]\n|faint|p1a: Volcarona\n|\n|win|Highkage2\n|raw|Snowsquall brute's rating: 1618 &rarr; <strong>1599</strong><br />(-19 for losing)\n|raw|Highkage2's rating: 1628 &rarr; <strong>1647</strong><br />(+19 for winning)\n|l|\u2606Snowsquall brute\n|player|p1|\n","uploadtime":1774842559,"views":33,"formatid":"gen9vgc2026regi","rating":1599,"private":0,"password":null}