{"id":"gen9vgc2026regi-2546264129","format":"[Gen 9] VGC 2026 Reg I","players":["mr_amonguss","kojimuranishi"],"log":"|j|\u2606mr_amonguss\n|j|\u2606kojimuranishi\n|t:|1771948708\n|gametype|doubles\n|player|p1|mr_amonguss|ghetsis|1337\n|player|p2|kojimuranishi|266|1520\n|gen|9\n|tier|[Gen 9] VGC 2026 Reg I\n|rated|\n|rule|Species Clause: Limit one of each Pok\u00e9mon\n|rule|Item Clause: Limit 1 of each item\n|clearpoke\n|poke|p1|Miraidon, L50|\n|poke|p1|Terapagos, L50, M|\n|poke|p1|Incineroar, L50, F|\n|poke|p1|Sinistcha, L50|\n|poke|p1|Iron Treads, L50|\n|poke|p1|Urshifu-*, L50, F|\n|poke|p2|Raging Bolt, L50|\n|poke|p2|Calyrex-Ice, L50|\n|poke|p2|Kyogre, L50|\n|poke|p2|Indeedee-F, L50, F|\n|poke|p2|Ursaluna, L50, M|\n|poke|p2|Urshifu-*, L50, M|\n|teampreview|4\n|inactive|Battle timer is ON: inactive players will automatically lose when time's up. (requested by mr_amonguss)\n|inactive|mr_amonguss has 60 seconds left.\n|\n|t:|1771948759\n|teamsize|p1|4\n|teamsize|p2|4\n|start\n|switch|p1a: Terapagos|Terapagos, L50, M|100/100\n|switch|p1b: Miraidon|Miraidon, L50|100/100\n|switch|p2a: Urshifu|Urshifu-Rapid-Strike, L50, M|100/100\n|switch|p2b: Calyrex|Calyrex-Ice, L50|100/100\n|-activate|p1a: Terapagos|ability: Tera Shift\n|detailschange|p1a: Terapagos|Terapagos-Terastal, L50, M\n|-heal|p1a: Terapagos|100/100|[silent]\n|-ability|p2b: Calyrex|As One\n|-ability|p2b: Calyrex|Unnerve\n|-fieldstart|move: Electric Terrain|[from] ability: Hadron Engine|[of] p1b: Miraidon\n|-enditem|p1a: Terapagos|Electric Seed\n|-boost|p1a: Terapagos|def|1|[from] item: Electric Seed\n|turn|1\n|\n|t:|1771948781\n|switch|p2a: Indeedee|Indeedee-F, L50, F|100/100\n|-fieldstart|move: Psychic Terrain|[from] ability: Psychic Surge|[of] p2a: Indeedee\n|move|p1b: Miraidon|Volt Switch|p2a: Indeedee\n|-damage|p2a: Indeedee|45/100\n|\n|t:|1771948789\n|switch|p1b: Incineroar|Incineroar, L50, F|100/100|[from] Volt Switch\n|-ability|p1b: Incineroar|Intimidate|boost\n|-unboost|p2a: Indeedee|atk|1\n|-unboost|p2b: Calyrex|atk|1\n|move|p1a: Terapagos|Calm Mind|p1a: Terapagos\n|-boost|p1a: Terapagos|spa|1\n|-boost|p1a: Terapagos|spd|1\n|move|p2b: Calyrex|Leech Seed|p1a: Terapagos\n|-start|p1a: Terapagos|move: Leech Seed\n|\n|-damage|p1a: Terapagos|88/100|[from] Leech Seed|[of] p2b: Calyrex\n|upkeep\n|turn|2\n|\n|t:|1771948809\n|switch|p2a: Ursaluna|Ursaluna, L50, M|100/100\n|-terastallize|p1a: Terapagos|Stellar\n|detailschange|p1a: Terapagos|Terapagos-Stellar, L50, M, tera:Stellar\n|-heal|p1a: Terapagos|91/100|[silent]\n|-ability|p1a: Terapagos|Teraform Zero\n|-fieldend|move: Psychic Terrain\n|move|p1b: Incineroar|Fake Out|p2b: Calyrex\n|-damage|p2b: Calyrex|92/100\n|move|p1a: Terapagos|Tera Starstorm|p2a: Ursaluna|[spread] p2a,p2b\n|-damage|p2a: Ursaluna|55/100\n|-damage|p2b: Calyrex|66/100\n|cant|p2b: Calyrex|flinch\n|\n|-heal|p2b: Calyrex|72/100|[from] item: Leftovers\n|-damage|p1a: Terapagos|79/100|[from] Leech Seed|[of] p2b: Calyrex\n|-heal|p2b: Calyrex|87/100|[silent]\n|-status|p2a: Ursaluna|brn|[from] item: Flame Orb\n|upkeep\n|turn|3\n|inactive|kojimuranishi has 30 seconds left.\n|inactive|kojimuranishi has 20 seconds left.\n|\n|t:|1771948847\n|move|p2a: Ursaluna|Protect|p2a: Ursaluna\n|-singleturn|p2a: Ursaluna|Protect\n|move|p1a: Terapagos|Tera Starstorm|p2b: Calyrex|[spread] p2b\n|-activate|p2a: Ursaluna|move: Protect\n|-damage|p2b: Calyrex|58/100\n|move|p1b: Incineroar|Knock Off|p2b: Calyrex\n|-supereffective|p2b: Calyrex\n|-damage|p2b: Calyrex|5/100\n|-enditem|p2b: Calyrex|Leftovers|[from] move: Knock Off|[of] p1b: Incineroar\n|move|p2b: Calyrex|Trick Room|p2b: Calyrex\n|-fieldstart|move: Trick Room|[of] p2b: Calyrex\n|\n|-damage|p1a: Terapagos|66/100|[from] Leech Seed|[of] p2b: Calyrex\n|-heal|p2b: Calyrex|21/100|[silent]\n|-damage|p2a: Ursaluna|49/100 brn|[from] brn\n|upkeep\n|turn|4\n|\n|t:|1771948865\n|switch|p1b: Sinistcha|Sinistcha, L50|100/100\n|-heal|p1a: Terapagos|91/100|[from] ability: Hospitality|[of] p1b: Sinistcha\n|move|p2b: Calyrex|Protect|p2b: Calyrex\n|-singleturn|p2b: Calyrex|Protect\n|move|p2a: Ursaluna|Facade|p1a: Terapagos\n|-damage|p1a: Terapagos|44/100\n|move|p1a: Terapagos|Tera Starstorm|p2a: Ursaluna|[spread] p2a\n|-activate|p2b: Calyrex|move: Protect\n|-damage|p2a: Ursaluna|0 fnt\n|faint|p2a: Ursaluna\n|\n|-damage|p1a: Terapagos|32/100|[from] Leech Seed|[of] p2b: Calyrex\n|-heal|p2b: Calyrex|36/100|[silent]\n|upkeep\n|\n|t:|1771948883\n|switch|p2a: Indeedee|Indeedee-F, L50, F|45/100\n|-fieldstart|move: Psychic Terrain|[from] ability: Psychic Surge|[of] p2a: Indeedee\n|turn|5\n|\n|t:|1771948904\n|move|p2b: Calyrex|Glacial Lance|p1b: Sinistcha|[spread] p1a,p1b\n|-supereffective|p1b: Sinistcha\n|-damage|p1a: Terapagos|20/100\n|-damage|p1b: Sinistcha|56/100\n|move|p2a: Indeedee|Heal Pulse|p2b: Calyrex\n|-heal|p2b: Calyrex|86/100\n|move|p1b: Sinistcha|Shadow Ball|p2b: Calyrex\n|-supereffective|p2b: Calyrex\n|-damage|p2b: Calyrex|52/100\n|move|p1a: Terapagos|Tera Starstorm|p2a: Indeedee|[spread] p2a,p2b\n|-damage|p2a: Indeedee|0 fnt\n|-damage|p2b: Calyrex|24/100\n|faint|p2a: Indeedee\n|\n|-damage|p1a: Terapagos|8/100|[from] Leech Seed|[of] p2b: Calyrex\n|-heal|p2b: Calyrex|39/100|[silent]\n|upkeep\n|\n|t:|1771948921\n|switch|p2a: Urshifu|Urshifu-Rapid-Strike, L50, M|100/100\n|turn|6\n|\n|t:|1771948943\n|-terastallize|p2a: Urshifu|Water\n|move|p2b: Calyrex|Glacial Lance|p1a: Terapagos|[spread] p1a,p1b\n|-supereffective|p1b: Sinistcha\n|-damage|p1a: Terapagos|0 fnt\n|-damage|p1b: Sinistcha|16/100\n|faint|p1a: Terapagos\n|detailschange|p1: Terapagos|Terapagos, L50, M|[silent]\n|-ability|p2b: Calyrex|Chilling Neigh|boost\n|-boost|p2b: Calyrex|atk|1\n|move|p1b: Sinistcha|Life Dew|p1b: Sinistcha\n|-heal|p1b: Sinistcha|41/100\n|move|p2a: Urshifu|Surging Strikes|p1b: Sinistcha\n|-resisted|p1b: Sinistcha\n|-crit|p1b: Sinistcha\n|-damage|p1b: Sinistcha|30/100\n|-resisted|p1b: Sinistcha\n|-crit|p1b: Sinistcha\n|-damage|p1b: Sinistcha|19/100\n|-resisted|p1b: Sinistcha\n|-crit|p1b: Sinistcha\n|-damage|p1b: Sinistcha|9/100\n|-hitcount|p1b: Sinistcha|3\n|\n|upkeep\n|\n|t:|1771948959\n|switch|p1a: Incineroar|Incineroar, L50, F|100/100\n|-ability|p1a: Incineroar|Intimidate|boost\n|-unboost|p2a: Urshifu|atk|1\n|-unboost|p2b: Calyrex|atk|1\n|turn|7\n|\n|t:|1771948984\n|move|p2b: Calyrex|Glacial Lance|p1a: Incineroar|[spread] p1a,p1b\n|-resisted|p1a: Incineroar\n|-supereffective|p1b: Sinistcha\n|-damage|p1a: Incineroar|87/100\n|-damage|p1b: Sinistcha|0 fnt\n|faint|p1b: Sinistcha\n|-ability|p2b: Calyrex|Chilling Neigh|boost\n|-boost|p2b: Calyrex|atk|1\n|move|p1a: Incineroar|Flare Blitz|p2b: Calyrex\n|-supereffective|p2b: Calyrex\n|-damage|p2b: Calyrex|0 fnt\n|faint|p2b: Calyrex\n|-damage|p1a: Incineroar|74/100|[from] Recoil\n|move|p2a: Urshifu|Surging Strikes|p1a: Incineroar\n|-supereffective|p1a: Incineroar\n|-crit|p1a: Incineroar\n|-damage|p1a: Incineroar|17/100\n|-supereffective|p1a: Incineroar\n|-crit|p1a: Incineroar\n|-damage|p1a: Incineroar|0 fnt\n|faint|p1a: Incineroar\n|-hitcount|p1: Incineroar|2\n|\n|-fieldend|move: Trick Room\n|upkeep\n|\n|t:|1771948993\n|switch|p1b: Miraidon|Miraidon, L50|100/100\n|-fieldstart|move: Electric Terrain|[from] ability: Hadron Engine|[of] p1b: Miraidon\n|turn|8\n|\n|t:|1771949008\n|move|p2a: Urshifu|Detect|p2a: Urshifu\n|-singleturn|p2a: Urshifu|Protect\n|move|p1b: Miraidon|Electro Drift|p2a: Urshifu\n|-activate|p2a: Urshifu|move: Protect\n|\n|upkeep\n|turn|9\n|\n|t:|1771949016\n|move|p1b: Miraidon|Electro Drift|p2a: Urshifu\n|-supereffective|p2a: Urshifu\n|-enditem|p2a: Urshifu|Focus Sash\n|-damage|p2a: Urshifu|1/100\n|move|p2a: Urshifu|Close Combat|p1b: Miraidon\n|-damage|p1b: Miraidon|60/100\n|-unboost|p2a: Urshifu|def|1\n|-unboost|p2a: Urshifu|spd|1\n|\n|upkeep\n|turn|10\n|-message|kojimuranishi forfeited.\n|\n|win|mr_amonguss\n|raw|mr_amonguss's rating: 1337 &rarr; <strong>1367</strong><br />(+30 for winning)\n|raw|kojimuranishi's rating: 1520 &rarr; <strong>1490</strong><br />(-30 for losing)\n|l|\u2606kojimuranishi\n|player|p2|\n|l|\u2606mr_amonguss\n|player|p1|\n","uploadtime":1771949232,"views":16,"formatid":"gen9vgc2026regi","rating":1367,"private":0,"password":null}