{"id":"gen9vgc2026regi-2546068260","format":"[Gen 9] VGC 2026 Reg I","players":["Simon0123","ff7012"],"log":"|j|\u2606Simon0123\n|j|\u2606ff7012\n|t:|1771923701\n|gametype|doubles\n|player|p1|Simon0123|benga|1097\n|player|p2|ff7012|rosa|1213\n|gen|9\n|tier|[Gen 9] VGC 2026 Reg I\n|rated|\n|rule|Species Clause: Limit one of each Pok\u00e9mon\n|rule|Item Clause: Limit 1 of each item\n|clearpoke\n|poke|p1|Miraidon, L50|\n|poke|p1|Flutter Mane, L50|\n|poke|p1|Incineroar, L50, M|\n|poke|p1|Urshifu-*, L50, F|\n|poke|p1|Tornadus, L50, M|\n|poke|p1|Amoonguss, L50, M|\n|poke|p2|Groudon, L50|\n|poke|p2|Scovillain, L50, F|\n|poke|p2|Calyrex-Ice, L50|\n|poke|p2|Jumpluff, L50, F|\n|poke|p2|Walking Wake, L50|\n|poke|p2|Landorus, L50, M|\n|teampreview|4\n|inactive|Battle timer is ON: inactive players will automatically lose when time's up. (requested by Simon0123)\n|inactive|ff7012 has 60 seconds left.\n|inactive|ff7012 has 30 seconds left.\n|inactive|ff7012 has 20 seconds left.\n|inactive|ff7012 has 15 seconds left.\n|inactive|ff7012 has 10 seconds left.\n|\n|t:|1771923782\n|teamsize|p1|4\n|teamsize|p2|4\n|start\n|switch|p1a: Miraidon|Miraidon, L50|100/100\n|switch|p1b: Tornadus|Tornadus, L50, M|100/100\n|switch|p2a: Groudon|Groudon, L50|100/100\n|switch|p2b: Jumpluff|Jumpluff, L50, F|100/100\n|-fieldstart|move: Electric Terrain|[from] ability: Hadron Engine|[of] p1a: Miraidon\n|-weather|SunnyDay|[from] ability: Drought|[of] p2a: Groudon\n|turn|1\n|\n|t:|1771923801\n|move|p1b: Tornadus|Tailwind|p1b: Tornadus\n|-sidestart|p1: Simon0123|move: Tailwind\n|move|p1a: Miraidon|Volt Switch|p2b: Jumpluff\n|-damage|p2b: Jumpluff|0 fnt\n|faint|p2b: Jumpluff\n|\n|t:|1771923812\n|switch|p1a: Flutter Mane|Flutter Mane, L50|100/100|[from] Volt Switch\n|-activate|p1a: Flutter Mane|ability: Protosynthesis\n|-start|p1a: Flutter Mane|protosynthesisspe\n|move|p2a: Groudon|High Horsepower|p1a: Flutter Mane\n|-enditem|p1a: Flutter Mane|Focus Sash\n|-damage|p1a: Flutter Mane|1/100\n|\n|-weather|SunnyDay|[upkeep]\n|upkeep\n|\n|t:|1771923819\n|switch|p2b: Calyrex|Calyrex-Ice, L50|100/100\n|-ability|p2b: Calyrex|As One\n|-ability|p2b: Calyrex|Unnerve\n|turn|2\n|inactive|Simon0123 has 30 seconds left.\n|inactive|Simon0123 has 20 seconds left.\n|\n|t:|1771923854\n|-terastallize|p2b: Calyrex|Fairy\n|move|p2a: Groudon|Protect|p2a: Groudon\n|-singleturn|p2a: Groudon|Protect\n|move|p1a: Flutter Mane|Moonblast|p2b: Calyrex\n|-damage|p2b: Calyrex|64/100\n|-unboost|p2b: Calyrex|spa|1\n|move|p1b: Tornadus|Bleakwind Storm|p2a: Groudon|[spread] p2b\n|-activate|p2a: Groudon|move: Protect\n|-damage|p2b: Calyrex|43/100\n|move|p2b: Calyrex|Glacial Lance|p1b: Tornadus|[spread] p1a,p1b\n|-supereffective|p1b: Tornadus\n|-damage|p1a: Flutter Mane|0 fnt\n|-damage|p1b: Tornadus|0 fnt\n|faint|p1a: Flutter Mane\n|-end|p1a: Flutter Mane|Protosynthesis|[silent]\n|faint|p1b: Tornadus\n|-ability|p2b: Calyrex|Chilling Neigh|boost\n|-boost|p2b: Calyrex|atk|2\n|\n|-weather|SunnyDay|[upkeep]\n|-heal|p2b: Calyrex|48/100|[from] item: Leftovers\n|upkeep\n|\n|t:|1771923871\n|switch|p1a: Incineroar|Incineroar, L50, M|100/100\n|switch|p1b: Miraidon|Miraidon, L50|100/100\n|-activate|p1b: Miraidon|ability: Hadron Engine\n|-ability|p1a: Incineroar|Intimidate|boost\n|-fail|p2a: Groudon|unboost|[from] item: Clear Amulet|[of] p2a: Groudon\n|-unboost|p2b: Calyrex|atk|1\n|turn|3\n|inactive|Simon0123 has 30 seconds left.\n|inactive|Simon0123 has 20 seconds left.\n|\n|t:|1771923909\n|move|p2b: Calyrex|Protect|p2b: Calyrex\n|-singleturn|p2b: Calyrex|Protect\n|move|p1a: Incineroar|Fake Out|p2a: Groudon\n|-damage|p2a: Groudon|93/100\n|move|p1b: Miraidon|Dazzling Gleam|p2a: Groudon|[spread] p2a\n|-activate|p2b: Calyrex|move: Protect\n|-damage|p2a: Groudon|54/100\n|cant|p2a: Groudon|flinch\n|\n|-weather|SunnyDay|[upkeep]\n|-heal|p2b: Calyrex|54/100|[from] item: Leftovers\n|upkeep\n|turn|4\n|\n|t:|1771923930\n|move|p1b: Miraidon|Dazzling Gleam|p2a: Groudon|[spread] p2a,p2b\n|-damage|p2a: Groudon|13/100\n|-damage|p2b: Calyrex|25/100\n|move|p1a: Incineroar|Flare Blitz|p2b: Calyrex\n|-damage|p2b: Calyrex|0 fnt\n|faint|p2b: Calyrex\n|-damage|p1a: Incineroar|92/100|[from] Recoil\n|move|p2a: Groudon|Precipice Blades|p1b: Miraidon|[spread] p1b\n|-miss|p2a: Groudon|p1a: Incineroar\n|-supereffective|p1b: Miraidon\n|-damage|p1b: Miraidon|0 fnt\n|faint|p1b: Miraidon\n|\n|-weather|SunnyDay|[upkeep]\n|-sideend|p1: Simon0123|move: Tailwind\n|upkeep\n|\n|t:|1771923942\n|switch|p2b: Landorus|Landorus, L50, M|100/100\n|turn|5\n|\n|t:|1771923951\n|move|p2b: Landorus|Earth Power|p1a: Incineroar\n|-supereffective|p1a: Incineroar\n|-damage|p1a: Incineroar|0 fnt\n|faint|p1a: Incineroar\n|\n|win|ff7012\n|raw|Simon0123's rating: 1097 &rarr; <strong>1080</strong><br />(-17 for losing)\n|raw|ff7012's rating: 1213 &rarr; <strong>1230</strong><br />(+17 for winning)\n|l|\u2606ff7012\n|player|p2|\n|l|\u2606Simon0123\n|player|p1|\n","uploadtime":1771924293,"views":11,"formatid":"gen9vgc2026regi","rating":1080,"private":0,"password":null}