{"id":"gen9vgc2026regi-2549435813","format":"[Gen 9] VGC 2026 Reg I","players":["nachetefilete","Simon0123"],"log":"|j|\u2606nachetefilete\n|j|\u2606Simon0123\n|t:|1772366939\n|gametype|doubles\n|player|p1|nachetefilete|hilbert|1152\n|player|p2|Simon0123|shadowtriad|1249\n|gen|9\n|tier|[Gen 9] VGC 2026 Reg I\n|rated|\n|rule|Species Clause: Limit one of each Pok\u00e9mon\n|rule|Item Clause: Limit 1 of each item\n|clearpoke\n|poke|p1|Sneasler, L50, F|\n|poke|p1|Calyrex-Shadow, L50|\n|poke|p1|Dondozo, L50, F|\n|poke|p1|Tatsugiri-Droopy, L50, M|\n|poke|p1|Chi-Yu, L50|\n|poke|p1|Miraidon, L50|\n|poke|p2|Terapagos, L50, M|\n|poke|p2|Calyrex-Ice, L50|\n|poke|p2|Amoonguss, L50, F|\n|poke|p2|Farigiraf, L50, F|\n|poke|p2|Incineroar, L50, M|\n|poke|p2|Urshifu-*, L50, M|\n|teampreview|4\n|inactive|Battle timer is ON: inactive players will automatically lose when time's up. (requested by Simon0123)\n|inactive|nachetefilete also wants the timer to be on.\n|inactive|nachetefilete has 60 seconds left.\n|inactive|Simon0123 has 60 seconds left.\n|inactive|Simon0123 has 30 seconds left.\n|\n|t:|1772367002\n|teamsize|p1|4\n|teamsize|p2|4\n|start\n|switch|p1a: Calyrex|Calyrex-Shadow, L50|100/100\n|switch|p1b: Chi-Yu|Chi-Yu, L50|100/100\n|switch|p2a: Farigiraf|Farigiraf, L50, F|100/100\n|switch|p2b: Incineroar|Incineroar, L50, M|100/100\n|-ability|p1a: Calyrex|As One\n|-ability|p1a: Calyrex|Unnerve\n|-ability|p1b: Chi-Yu|Beads of Ruin\n|-ability|p2b: Incineroar|Intimidate|boost\n|-unboost|p1a: Calyrex|atk|1\n|-unboost|p1b: Chi-Yu|atk|1\n|turn|1\n|\n|t:|1772367022\n|move|p2b: Incineroar|Fake Out|p1b: Chi-Yu\n|-damage|p1b: Chi-Yu|82/100\n|cant|p1b: Chi-Yu|flinch\n|move|p1a: Calyrex|Astral Barrage|p2a: Farigiraf|[spread] p2b\n|-immune|p2a: Farigiraf\n|-resisted|p2b: Incineroar\n|-damage|p2b: Incineroar|66/100\n|-damage|p1a: Calyrex|91/100|[from] item: Life Orb\n|move|p2a: Farigiraf|Trick Room|p2a: Farigiraf\n|-fieldstart|move: Trick Room|[of] p2a: Farigiraf\n|\n|upkeep\n|turn|2\n|inactive|nachetefilete has 30 seconds left.\n|inactive|Simon0123 has 30 seconds left.\n|\n|t:|1772367051\n|move|p2a: Farigiraf|Protect|p2a: Farigiraf\n|-singleturn|p2a: Farigiraf|Protect\n|move|p1a: Calyrex|Protect|p1a: Calyrex\n|-singleturn|p1a: Calyrex|Protect\n|move|p2b: Incineroar|Parting Shot|p1a: Calyrex\n|-activate|p1a: Calyrex|move: Protect\n|move|p1b: Chi-Yu|Dark Pulse|p2a: Farigiraf\n|-activate|p2a: Farigiraf|move: Protect\n|\n|upkeep\n|turn|3\n|\n|t:|1772367069\n|move|p2a: Farigiraf|Psychic|p1a: Calyrex\n|-resisted|p1a: Calyrex\n|-damage|p1a: Calyrex|70/100\n|move|p2b: Incineroar|Knock Off|p1a: Calyrex\n|-supereffective|p1a: Calyrex\n|-damage|p1a: Calyrex|0 fnt\n|-enditem|p1a: Calyrex|Life Orb|[from] move: Knock Off|[of] p2b: Incineroar\n|faint|p1a: Calyrex\n|move|p1b: Chi-Yu|Dark Pulse|p2a: Farigiraf\n|-supereffective|p2a: Farigiraf\n|-damage|p2a: Farigiraf|12/100\n|\n|upkeep\n|\n|t:|1772367079\n|switch|p1a: Dondozo|Dondozo, L50, F|100/100\n|turn|4\n|\n|t:|1772367097\n|switch|p1b: Tatsugiri|Tatsugiri-Droopy, L50, M|100/100\n|-activate|p1b: Tatsugiri|ability: Commander|[of] p1a: Dondozo\n|-boost|p1a: Dondozo|atk|2\n|-boost|p1a: Dondozo|spa|2\n|-boost|p1a: Dondozo|spe|2\n|-boost|p1a: Dondozo|def|2\n|-boost|p1a: Dondozo|spd|2\n|-terastallize|p1a: Dondozo|Grass\n|move|p2a: Farigiraf|Psychic|p1a: Dondozo\n|-damage|p1a: Dondozo|86/100\n|-unboost|p1a: Dondozo|spd|1\n|move|p2b: Incineroar|Parting Shot|p1b: Tatsugiri|[miss]\n|-miss|p2b: Incineroar|p1b: Tatsugiri\n|move|p1a: Dondozo|Earthquake|p2b: Incineroar|[spread] p2a,p2b\n|-miss|p1a: Dondozo|p1b: Tatsugiri\n|-supereffective|p2b: Incineroar\n|-damage|p2a: Farigiraf|0 fnt\n|-damage|p2b: Incineroar|8/100\n|-enditem|p2b: Incineroar|Sitrus Berry|[eat]\n|-heal|p2b: Incineroar|33/100|[from] item: Sitrus Berry\n|faint|p2a: Farigiraf\n|\n|-heal|p1a: Dondozo|92/100|[from] item: Leftovers\n|upkeep\n|\n|t:|1772367115\n|switch|p2a: Calyrex|Calyrex-Ice, L50|100/100\n|-ability|p2a: Calyrex|As One\n|-ability|p2a: Calyrex|Unnerve\n|turn|5\n|\n|t:|1772367135\n|move|p2a: Calyrex|Glacial Lance|p1a: Dondozo|[spread] p1a\n|-miss|p2a: Calyrex|p1b: Tatsugiri\n|-supereffective|p1a: Dondozo\n|-damage|p1a: Dondozo|60/100\n|move|p2b: Incineroar|Parting Shot|p1a: Dondozo\n|-unboost|p1a: Dondozo|atk|1\n|-unboost|p1a: Dondozo|spa|1\n|\n|t:|1772367143\n|switch|p2b: Amoonguss|Amoonguss, L50, F|100/100|[from] Parting Shot\n|move|p1a: Dondozo|Order Up|p2b: Amoonguss\n|-damage|p2b: Amoonguss|76/100\n|-boost|p1a: Dondozo|def|1\n|\n|-heal|p1a: Dondozo|66/100|[from] item: Leftovers\n|-fieldend|move: Trick Room\n|upkeep\n|turn|6\n|inactive|nachetefilete has 30 seconds left.\n|inactive|Simon0123 has 30 seconds left.\n|inactive|nachetefilete has 20 seconds left.\n|\n|t:|1772367183\n|move|p1a: Dondozo|Body Press|p2a: Calyrex\n|-damage|p2a: Calyrex|62/100\n|move|p2a: Calyrex|Glacial Lance|p1b: Tatsugiri|[spread] p1a\n|-miss|p2a: Calyrex|p1b: Tatsugiri\n|-supereffective|p1a: Dondozo\n|-damage|p1a: Dondozo|42/100\n|move|p2b: Amoonguss|Pollen Puff|p1a: Dondozo\n|-supereffective|p1a: Dondozo\n|-damage|p1a: Dondozo|18/100\n|\n|-heal|p1a: Dondozo|24/100|[from] item: Leftovers\n|upkeep\n|turn|7\n|\n|t:|1772367204\n|move|p2a: Calyrex|Protect|p2a: Calyrex\n|-singleturn|p2a: Calyrex|Protect\n|move|p1a: Dondozo|Body Press|p2a: Calyrex\n|-activate|p2a: Calyrex|move: Protect\n|move|p2b: Amoonguss|Pollen Puff|p1a: Dondozo\n|-supereffective|p1a: Dondozo\n|-damage|p1a: Dondozo|3/100\n|\n|-heal|p1a: Dondozo|9/100|[from] item: Leftovers\n|upkeep\n|turn|8\n|\n|t:|1772367223\n|move|p1a: Dondozo|Body Press|p2a: Calyrex\n|-damage|p2a: Calyrex|17/100\n|move|p2b: Amoonguss|Pollen Puff|p2a: Calyrex\n|-heal|p2a: Calyrex|67/100\n|move|p2a: Calyrex|Trick Room|p2a: Calyrex\n|-fieldstart|move: Trick Room|[of] p2a: Calyrex\n|\n|-heal|p1a: Dondozo|15/100|[from] item: Leftovers\n|upkeep\n|turn|9\n|-message|nachetefilete forfeited.\n|\n|win|Simon0123\n|raw|nachetefilete's rating: 1152 &rarr; <strong>1134</strong><br />(-18 for losing)\n|raw|Simon0123's rating: 1249 &rarr; <strong>1267</strong><br />(+18 for winning)\n|l|\u2606nachetefilete\n|player|p1|\n|l|\u2606Simon0123\n|player|p2|\n","uploadtime":1772367396,"views":14,"formatid":"gen9vgc2026regi","rating":1134,"private":0,"password":null}