{"id":"gen9vgc2026regi-2552655284","format":"[Gen 9] VGC 2026 Reg I","players":["j0l0k0","Maphoo"],"log":"|j|\u2606j0l0k0\n|j|\u2606Maphoo\n|t:|1772740660\n|gametype|doubles\n|player|p1|j0l0k0|brycen|1429\n|player|p2|Maphoo|170|1442\n|gen|9\n|tier|[Gen 9] VGC 2026 Reg I\n|rated|\n|rule|Species Clause: Limit one of each Pok\u00e9mon\n|rule|Item Clause: Limit 1 of each item\n|clearpoke\n|poke|p1|Calyrex-Ice, L50|\n|poke|p1|Kyogre, L50|\n|poke|p1|Indeedee-F, L50, F|\n|poke|p1|Urshifu-*, L50, F|\n|poke|p1|Amoonguss, L50, F|\n|poke|p1|Landorus, L50, M|\n|poke|p2|Lunala, L50|\n|poke|p2|Indeedee-F, L50, F|\n|poke|p2|Roaring Moon, L50|\n|poke|p2|Kyogre, L50|\n|poke|p2|Urshifu-*, L50, M|\n|poke|p2|Ursaluna, L50, M|\n|teampreview|4\n|inactive|Battle timer is ON: inactive players will automatically lose when time's up. (requested by j0l0k0)\n|c|\u2606j0l0k0|noooo\n|inactive|j0l0k0 has 60 seconds left.\n|\n|t:|1772740701\n|teamsize|p1|4\n|teamsize|p2|4\n|start\n|switch|p1a: Urshifu|Urshifu, L50, F|100/100\n|switch|p1b: Kyogre|Kyogre, L50, shiny|100/100\n|switch|p2a: Lunala|Lunala, L50, shiny|100/100\n|switch|p2b: Urshifu|Urshifu-Rapid-Strike, L50, M|100/100\n|-weather|RainDance|[from] ability: Drizzle|[of] p1b: Kyogre\n|turn|1\n|\n|t:|1772740715\n|-terastallize|p2a: Lunala|Fairy\n|move|p2b: Urshifu|Surging Strikes|p1a: Urshifu\n|-crit|p1a: Urshifu\n|-damage|p1a: Urshifu|66/100\n|-crit|p1a: Urshifu\n|-damage|p1a: Urshifu|30/100\n|-crit|p1a: Urshifu\n|-damage|p1a: Urshifu|0 fnt\n|faint|p1a: Urshifu\n|-hitcount|p1: Urshifu|3\n|move|p2a: Lunala|Meteor Beam||[still]\n|-prepare|p2a: Lunala|Meteor Beam\n|-boost|p2a: Lunala|spa|1\n|-enditem|p2a: Lunala|Power Herb\n|-anim|p2a: Lunala|Meteor Beam|p1b: Kyogre\n|-damage|p1b: Kyogre|69/100\n|move|p1b: Kyogre|Thunder|p2b: Urshifu\n|-supereffective|p2b: Urshifu\n|-enditem|p2b: Urshifu|Focus Sash\n|-damage|p2b: Urshifu|1/100\n|-status|p2b: Urshifu|par\n|\n|-weather|RainDance|[upkeep]\n|upkeep\n|\n|t:|1772740727\n|switch|p1a: Calyrex|Calyrex-Ice, L50|100/100\n|-ability|p1a: Calyrex|As One\n|-ability|p1a: Calyrex|Unnerve\n|turn|2\n|inactive|Maphoo has 30 seconds left.\n|\n|t:|1772740756\n|-terastallize|p1a: Calyrex|Normal\n|move|p2a: Lunala|Moongeist Beam|p1a: Calyrex\n|-immune|p1a: Calyrex\n|move|p1b: Kyogre|Thunder|p2a: Lunala\n|-damage|p2a: Lunala|85/100\n|-status|p2a: Lunala|par\n|move|p2b: Urshifu|Surging Strikes|p1a: Calyrex\n|-crit|p1a: Calyrex\n|-damage|p1a: Calyrex|78/100\n|-crit|p1a: Calyrex\n|-damage|p1a: Calyrex|59/100\n|-crit|p1a: Calyrex\n|-damage|p1a: Calyrex|38/100\n|-hitcount|p1a: Calyrex|3\n|move|p1a: Calyrex|Trick Room|p1a: Calyrex\n|-fieldstart|move: Trick Room|[of] p1a: Calyrex\n|\n|-weather|RainDance|[upkeep]\n|upkeep\n|turn|3\n|inactive|Maphoo has 30 seconds left.\n|\n|t:|1772740781\n|move|p1a: Calyrex|Glacial Lance|p2a: Lunala|[spread] p2a,p2b\n|-resisted|p2b: Urshifu\n|-damage|p2a: Lunala|34/100 par\n|-damage|p2b: Urshifu|0 fnt\n|faint|p2b: Urshifu\n|-ability|p1a: Calyrex|Chilling Neigh|boost\n|-boost|p1a: Calyrex|atk|1\n|move|p2a: Lunala|Expanding Force|p1b: Kyogre\n|-damage|p1b: Kyogre|36/100\n|move|p1b: Kyogre|Hydro Pump|p2a: Lunala\n|-damage|p2a: Lunala|0 fnt\n|faint|p2a: Lunala\n|\n|-weather|RainDance|[upkeep]\n|upkeep\n|\n|t:|1772740795\n|switch|p2a: Roaring Moon|Roaring Moon, L50|100/100\n|switch|p2b: Kyogre|Kyogre, L50|100/100\n|-enditem|p2a: Roaring Moon|Booster Energy\n|-activate|p2a: Roaring Moon|ability: Protosynthesis|[fromitem]\n|-start|p2a: Roaring Moon|protosynthesisspe\n|turn|4\n|\n|t:|1772740804\n|move|p2a: Roaring Moon|Protect|p2a: Roaring Moon\n|-singleturn|p2a: Roaring Moon|Protect\n|move|p1a: Calyrex|Glacial Lance|p2a: Roaring Moon|[spread] p2b\n|-activate|p2a: Roaring Moon|move: Protect\n|-resisted|p2b: Kyogre\n|-damage|p2b: Kyogre|60/100\n|move|p1b: Kyogre|Thunder|p2b: Kyogre\n|-supereffective|p2b: Kyogre\n|-damage|p2b: Kyogre|4/100\n|move|p2b: Kyogre|Origin Pulse|p1a: Calyrex|[spread] p1b\n|-miss|p2b: Kyogre|p1a: Calyrex\n|-resisted|p1b: Kyogre\n|-damage|p1b: Kyogre|15/100\n|\n|-weather|RainDance|[upkeep]\n|upkeep\n|turn|5\n|-message|Maphoo forfeited.\n|\n|win|j0l0k0\n|raw|j0l0k0's rating: 1429 &rarr; <strong>1450</strong><br />(+21 for winning)\n|raw|Maphoo's rating: 1442 &rarr; <strong>1421</strong><br />(-21 for losing)\n|l|\u2606Maphoo\n|player|p2|\n|c|\u2606j0l0k0|ggwp\n|l|\u2606j0l0k0\n|player|p1|\n","uploadtime":1772741025,"views":13,"formatid":"gen9vgc2026regi","rating":1421,"private":0,"password":null}