{"id":"gen9vgc2026regi-2539487889","format":"[Gen 9] VGC 2026 Reg I","players":["ryo8989","13579HXM"],"log":"|j|\u2606ryo8989\n|j|\u260613579HXM\n|t:|1771069218\n|gametype|doubles\n|player|p1|ryo8989|erika|1443\n|player|p2|13579HXM|dawn|1314\n|gen|9\n|tier|[Gen 9] VGC 2026 Reg I\n|rated|\n|rule|Species Clause: Limit one of each Pok\u00e9mon\n|rule|Item Clause: Limit 1 of each item\n|clearpoke\n|poke|p1|Calyrex-Ice, L50|\n|poke|p1|Miraidon, L50|\n|poke|p1|Incineroar, L50, F|\n|poke|p1|Farigiraf, L50, M|\n|poke|p1|Urshifu-*, L50, M|\n|poke|p1|Whimsicott, L50, F|\n|poke|p2|Kyogre, L50|\n|poke|p2|Zacian-*, L50|\n|poke|p2|Chien-Pao, L50|\n|poke|p2|Rillaboom, L50, F|\n|poke|p2|Tornadus, L50, M|\n|poke|p2|Landorus, L50, M|\n|teampreview|4\n|\n|t:|1771069242\n|teamsize|p1|4\n|teamsize|p2|4\n|start\n|switch|p1a: Miraidon|Miraidon, L50|100/100\n|switch|p1b: Whimsicott|Whimsicott, L50, F|100/100\n|switch|p2a: Tornadus|Tornadus, L50, M|100/100\n|switch|p2b: Kyogre|Kyogre, L50|100/100\n|-fieldstart|move: Electric Terrain|[from] ability: Hadron Engine|[of] p1a: Miraidon\n|-weather|RainDance|[from] ability: Drizzle|[of] p2b: Kyogre\n|turn|1\n|\n|t:|1771069264\n|switch|p2a: Landorus|Landorus, L50, M|100/100\n|move|p1b: Whimsicott|Tailwind|p1b: Whimsicott\n|-sidestart|p1: ryo8989|move: Tailwind\n|move|p1a: Miraidon|Electro Drift|p2a: Landorus\n|-immune|p2a: Landorus\n|move|p2b: Kyogre|Water Spout|p1a: Miraidon|[spread] p1a,p1b\n|-resisted|p1a: Miraidon\n|-resisted|p1b: Whimsicott\n|-damage|p1a: Miraidon|52/100\n|-enditem|p1b: Whimsicott|Focus Sash\n|-damage|p1b: Whimsicott|1/100\n|\n|-weather|RainDance|[upkeep]\n|upkeep\n|turn|2\n|\n|t:|1771069307\n|-terastallize|p2b: Kyogre|Grass\n|move|p2a: Landorus|Protect|p2a: Landorus\n|-singleturn|p2a: Landorus|Protect\n|move|p1b: Whimsicott|Endeavor|p2a: Landorus\n|-activate|p2a: Landorus|move: Protect\n|move|p1a: Miraidon|Electro Drift|p2b: Kyogre\n|-resisted|p2b: Kyogre\n|-damage|p2b: Kyogre|61/100\n|move|p2b: Kyogre|Origin Pulse|p1b: Whimsicott|[spread] p1a,p1b\n|-resisted|p1a: Miraidon\n|-resisted|p1b: Whimsicott\n|-damage|p1a: Miraidon|14/100\n|-damage|p1b: Whimsicott|0 fnt\n|faint|p1b: Whimsicott\n|\n|-weather|RainDance|[upkeep]\n|upkeep\n|\n|t:|1771069325\n|switch|p1b: Urshifu|Urshifu-Rapid-Strike, L50, M|100/100\n|turn|3\n|\n|t:|1771069362\n|move|p1a: Miraidon|Draco Meteor|p2a: Landorus\n|-damage|p2a: Landorus|0 fnt\n|-unboost|p1a: Miraidon|spa|2\n|faint|p2a: Landorus\n|move|p1b: Urshifu|Surging Strikes|p2b: Kyogre\n|-resisted|p2b: Kyogre\n|-crit|p2b: Kyogre\n|-damage|p2b: Kyogre|40/100\n|-resisted|p2b: Kyogre\n|-crit|p2b: Kyogre\n|-damage|p2b: Kyogre|19/100\n|-resisted|p2b: Kyogre\n|-crit|p2b: Kyogre\n|-damage|p2b: Kyogre|0 fnt\n|faint|p2b: Kyogre\n|-hitcount|p2: Kyogre|3\n|\n|-weather|RainDance|[upkeep]\n|upkeep\n|\n|t:|1771069378\n|switch|p2a: Zacian|Zacian-Crowned, L50|100/100\n|switch|p2b: Tornadus|Tornadus, L50, M|100/100\n|-ability|p2a: Zacian|Intrepid Sword|boost\n|-boost|p2a: Zacian|atk|1\n|turn|4\n|\n|t:|1771069392\n|switch|p1a: Incineroar|Incineroar, L50, F|100/100\n|-ability|p1a: Incineroar|Intimidate|boost\n|-unboost|p2a: Zacian|atk|1\n|-unboost|p2b: Tornadus|atk|1\n|-terastallize|p1b: Urshifu|Grass\n|move|p2b: Tornadus|Tailwind|p2b: Tornadus\n|-sidestart|p2: 13579HXM|move: Tailwind\n|move|p2a: Zacian|Play Rough|p1b: Urshifu\n|-damage|p1b: Urshifu|46/100\n|-unboost|p1b: Urshifu|atk|1\n|move|p1b: Urshifu|Surging Strikes|p2a: Zacian\n|-crit|p2a: Zacian\n|-damage|p2a: Zacian|55/100\n|-crit|p2a: Zacian\n|-damage|p2a: Zacian|13/100\n|-crit|p2a: Zacian\n|-damage|p2a: Zacian|0 fnt\n|faint|p2a: Zacian\n|-hitcount|p2: Zacian|3\n|\n|-weather|RainDance|[upkeep]\n|-sideend|p1: ryo8989|move: Tailwind\n|upkeep\n|turn|5\n|\n|t:|1771069436\n|move|p2b: Tornadus|Bleakwind Storm|p1a: Incineroar|[spread] p1a,p1b\n|-supereffective|p1b: Urshifu\n|-crit|p1b: Urshifu\n|-damage|p1a: Incineroar|81/100\n|-damage|p1b: Urshifu|0 fnt\n|-unboost|p1a: Incineroar|spe|1\n|faint|p1b: Urshifu\n|move|p1a: Incineroar|Knock Off|p2b: Tornadus\n|-damage|p2b: Tornadus|36/100\n|-enditem|p2b: Tornadus|Covert Cloak|[from] move: Knock Off|[of] p1a: Incineroar\n|\n|-weather|none\n|-fieldend|move: Electric Terrain\n|upkeep\n|\n|t:|1771069447\n|switch|p1b: Miraidon|Miraidon, L50|14/100\n|-fieldstart|move: Electric Terrain|[from] ability: Hadron Engine|[of] p1b: Miraidon\n|turn|6\n|\n|t:|1771069453\n|move|p1b: Miraidon|Protect|p1b: Miraidon\n|-singleturn|p1b: Miraidon|Protect\n|move|p2b: Tornadus|Bleakwind Storm|p1a: Incineroar|[spread] p1a\n|-activate|p1b: Miraidon|move: Protect\n|-damage|p1a: Incineroar|58/100\n|-unboost|p1a: Incineroar|spe|1\n|move|p1a: Incineroar|Flare Blitz|p2b: Tornadus\n|-damage|p2b: Tornadus|0 fnt\n|faint|p2b: Tornadus\n|-damage|p1a: Incineroar|49/100|[from] Recoil\n|\n|win|ryo8989\n|raw|ryo8989's rating: 1443 &rarr; <strong>1456</strong><br />(+13 for winning)\n|raw|13579HXM's rating: 1314 &rarr; <strong>1301</strong><br />(-13 for losing)\n|l|\u2606ryo8989\n|player|p1|\n|l|\u260613579HXM\n|player|p2|\n","uploadtime":1771069690,"views":27,"formatid":"gen9vgc2026regi","rating":1301,"private":0,"password":null}