{"id":"gen9vgc2026regi-2521131059","format":"[Gen 9] VGC 2026 Reg I","players":["jpto5","j0l0k0"],"log":"|j|\u2606jpto5\n|j|\u2606j0l0k0\n|t:|1768734835\n|gametype|doubles\n|player|p1|jpto5|1|1328\n|player|p2|j0l0k0|brycen|1385\n|gen|9\n|tier|[Gen 9] VGC 2026 Reg I\n|rated|\n|rule|Species Clause: Limit one of each Pok\u00e9mon\n|rule|Item Clause: Limit 1 of each item\n|clearpoke\n|poke|p1|Tornadus, L50, M|\n|poke|p1|Kyogre, L50|\n|poke|p1|Zacian-*, L50|\n|poke|p1|Incineroar, L50, F|\n|poke|p1|Basculegion, L50, M|\n|poke|p1|Kilowattrel, L50, F|\n|poke|p2|Calyrex-Ice, L50|\n|poke|p2|Kyogre, L50|\n|poke|p2|Indeedee-F, L50, F|\n|poke|p2|Urshifu-*, L50, F|\n|poke|p2|Amoonguss, L50, F|\n|poke|p2|Landorus, L50, M|\n|teampreview|4\n|inactive|Battle timer is ON: inactive players will automatically lose when time's up. (requested by j0l0k0)\n|inactive|jpto5 also wants the timer to be on.\n|inactive|jpto5 has 60 seconds left.\n|\n|t:|1768734893\n|teamsize|p1|4\n|teamsize|p2|4\n|start\n|switch|p1a: Tornadus|Tornadus, L50, M|100/100\n|switch|p1b: Kyogre|Kyogre, L50|100/100\n|switch|p2a: Kyogre|Kyogre, L50, shiny|100/100\n|switch|p2b: Landorus|Landorus, L50, M, shiny|100/100\n|-weather|RainDance|[from] ability: Drizzle|[of] p1b: Kyogre\n|turn|1\n|\n|t:|1768734911\n|move|p2b: Landorus|Protect|p2b: Landorus\n|-singleturn|p2b: Landorus|Protect\n|move|p1a: Tornadus|Tailwind|p1a: Tornadus\n|-sidestart|p1: jpto5|move: Tailwind\n|move|p1b: Kyogre|Water Spout|p2b: Landorus|[spread] p2a\n|-activate|p2b: Landorus|move: Protect\n|-resisted|p2a: Kyogre\n|-damage|p2a: Kyogre|77/100\n|move|p2a: Kyogre|Thunder|p1b: Kyogre\n|-supereffective|p1b: Kyogre\n|-damage|p1b: Kyogre|48/100\n|-status|p1b: Kyogre|par\n|\n|-weather|RainDance|[upkeep]\n|upkeep\n|turn|2\n|inactive|j0l0k0 has 30 seconds left.\n|\n|t:|1768734939\n|switch|p2b: Urshifu|Urshifu, L50, F|100/100\n|move|p1a: Tornadus|Bleakwind Storm|p2a: Kyogre|[spread] p2a,p2b\n|-supereffective|p2b: Urshifu\n|-damage|p2a: Kyogre|61/100\n|-enditem|p2b: Urshifu|Focus Sash\n|-damage|p2b: Urshifu|1/100\n|-unboost|p2a: Kyogre|spe|1\n|cant|p1b: Kyogre|par\n|move|p2a: Kyogre|Thunder|p1b: Kyogre\n|-supereffective|p1b: Kyogre\n|-damage|p1b: Kyogre|0 fnt\n|faint|p1b: Kyogre\n|\n|-weather|RainDance|[upkeep]\n|upkeep\n|\n|t:|1768734954\n|switch|p1b: Basculegion|Basculegion, L50, M|100/100\n|turn|3\n|\n|t:|1768734962\n|move|p2b: Urshifu|Protect|p2b: Urshifu\n|-singleturn|p2b: Urshifu|Protect\n|move|p1b: Basculegion|Last Respects|p2a: Kyogre\n|-damage|p2a: Kyogre|0 fnt\n|faint|p2a: Kyogre\n|-damage|p1b: Basculegion|91/100|[from] item: Life Orb\n|move|p1a: Tornadus|Bleakwind Storm|p2b: Urshifu\n|-activate|p2b: Urshifu|move: Protect\n|\n|-weather|RainDance|[upkeep]\n|upkeep\n|\n|t:|1768734973\n|switch|p2a: Calyrex|Calyrex-Ice, L50|100/100\n|-ability|p2a: Calyrex|As One\n|-ability|p2a: Calyrex|Unnerve\n|turn|4\n|\n|t:|1768734987\n|-terastallize|p2a: Calyrex|Normal\n|move|p1b: Basculegion|Last Respects|p2a: Calyrex\n|-immune|p2a: Calyrex\n|move|p1a: Tornadus|Bleakwind Storm|p2a: Calyrex|[spread] p2a,p2b\n|-supereffective|p2b: Urshifu\n|-crit|p2b: Urshifu\n|-damage|p2a: Calyrex|76/100\n|-damage|p2b: Urshifu|0 fnt\n|faint|p2b: Urshifu\n|move|p2a: Calyrex|Trick Room|p2a: Calyrex\n|-fieldstart|move: Trick Room|[of] p2a: Calyrex\n|\n|-weather|RainDance|[upkeep]\n|-sideend|p1: jpto5|move: Tailwind\n|upkeep\n|\n|t:|1768734998\n|switch|p2b: Landorus|Landorus, L50, M, shiny|100/100\n|turn|5\n|\n|t:|1768735011\n|switch|p1a: Zacian|Zacian-Crowned, L50|100/100\n|-ability|p1a: Zacian|Intrepid Sword|boost\n|-boost|p1a: Zacian|atk|1\n|move|p2a: Calyrex|Glacial Lance|p1b: Basculegion|[spread] p1a,p1b\n|-resisted|p1a: Zacian\n|-resisted|p1b: Basculegion\n|-crit|p1b: Basculegion\n|-damage|p1a: Zacian|74/100\n|-damage|p1b: Basculegion|28/100\n|move|p2b: Landorus|Sludge Bomb|p1a: Zacian\n|-immune|p1a: Zacian\n|move|p1b: Basculegion|Wave Crash|p2b: Landorus\n|-supereffective|p2b: Landorus\n|-damage|p2b: Landorus|0 fnt\n|faint|p2b: Landorus\n|-damage|p1b: Basculegion|0 fnt|[from] Recoil\n|faint|p1b: Basculegion\n|\n|-weather|none\n|upkeep\n|\n|t:|1768735028\n|switch|p1b: Tornadus|Tornadus, L50, M|100/100\n|turn|6\n|\n|t:|1768735039\n|move|p2a: Calyrex|Glacial Lance|p1a: Zacian|[spread] p1a,p1b\n|-resisted|p1a: Zacian\n|-supereffective|p1b: Tornadus\n|-damage|p1a: Zacian|42/100\n|-enditem|p1b: Tornadus|Focus Sash\n|-damage|p1b: Tornadus|1/100\n|move|p1b: Tornadus|Bleakwind Storm|p2a: Calyrex\n|-damage|p2a: Calyrex|41/100\n|move|p1a: Zacian|Sacred Sword|p2a: Calyrex\n|-supereffective|p2a: Calyrex\n|-damage|p2a: Calyrex|0 fnt\n|faint|p2a: Calyrex\n|\n|win|jpto5\n|raw|jpto5's rating: 1328 &rarr; <strong>1351</strong><br />(+23 for winning)\n|raw|j0l0k0's rating: 1385 &rarr; <strong>1362</strong><br />(-23 for losing)\n|l|\u2606j0l0k0\n|player|p2|\n|l|\u2606jpto5\n|player|p1|\n","uploadtime":1768735299,"views":15,"formatid":"gen9vgc2026regi","rating":1351,"private":0,"password":null}