{"id":"gen9vgc2026regi-2589963660","format":"[Gen 9] VGC 2026 Reg I","players":["swordsdanceurshifu","dawgtamerpuss"],"log":"|j|\u2606swordsdanceurshifu\n|j|\u2606dawgtamerpuss\n|t:|1776777710\n|gametype|doubles\n|player|p1|swordsdanceurshifu|170|1606\n|player|p2|dawgtamerpuss|102|1484\n|gen|9\n|tier|[Gen 9] VGC 2026 Reg I\n|rated|\n|rule|Species Clause: Limit one of each Pok\u00e9mon\n|rule|Item Clause: Limit 1 of each item\n|clearpoke\n|poke|p1|Iron Bundle, L50|\n|poke|p1|Farigiraf, L50, F|\n|poke|p1|Calyrex-Ice, L50|\n|poke|p1|Miraidon, L50|\n|poke|p1|Iron Hands, L50|\n|poke|p1|Annihilape, L50, M|\n|poke|p2|Kyogre, L50|\n|poke|p2|Archaludon, L50, M|\n|poke|p2|Basculegion, L50, M|\n|poke|p2|Zamazenta-*, L50|\n|poke|p2|Whimsicott, L50, M|\n|poke|p2|Amoonguss, L50, M|\n|teampreview|4\n|inactive|Battle timer is ON: inactive players will automatically lose when time's up. (requested by swordsdanceurshifu)\n|inactive|dawgtamerpuss also wants the timer to be on.\n|\n|t:|1776777734\n|teamsize|p1|4\n|teamsize|p2|4\n|start\n|switch|p1a: Miraidon|Miraidon, L50|100/100\n|switch|p1b: Iron Bundle|Iron Bundle, L50|100/100\n|switch|p2a: Whimsicott|Whimsicott, L50, M, shiny|100/100\n|switch|p2b: Kyogre|Kyogre, L50|100/100\n|-fieldstart|move: Electric Terrain|[from] ability: Hadron Engine|[of] p1a: Miraidon\n|-activate|p1b: Iron Bundle|ability: Quark Drive\n|-start|p1b: Iron Bundle|quarkdrivespe\n|-weather|RainDance|[from] ability: Drizzle|[of] p2b: Kyogre\n|turn|1\n|inactive|dawgtamerpuss has 30 seconds left.\n|\n|t:|1776777760\n|move|p2b: Kyogre|Protect|p2b: Kyogre\n|-singleturn|p2b: Kyogre|Protect\n|move|p2a: Whimsicott|Tailwind|p2a: Whimsicott\n|-sidestart|p2: dawgtamerpuss|move: Tailwind\n|move|p1b: Iron Bundle|Icy Wind|p2b: Kyogre|[spread] p2a\n|-activate|p2b: Kyogre|move: Protect\n|-supereffective|p2a: Whimsicott\n|-damage|p2a: Whimsicott|60/100\n|move|p1a: Miraidon|Electro Drift|p2b: Kyogre\n|-activate|p2b: Kyogre|move: Protect\n|\n|-weather|RainDance|[upkeep]\n|upkeep\n|turn|2\n|\n|t:|1776777780\n|-terastallize|p2b: Kyogre|Grass\n|move|p1b: Iron Bundle|Encore|p2b: Kyogre\n|-start|p2b: Kyogre|Encore\n|move|p2b: Kyogre|Protect||[still]\n|-fail|p2b: Kyogre\n|move|p2a: Whimsicott|Moonblast|p1a: Miraidon\n|-supereffective|p1a: Miraidon\n|-damage|p1a: Miraidon|52/100\n|-unboost|p1a: Miraidon|spa|1\n|move|p1a: Miraidon|Volt Switch|p2a: Whimsicott\n|-resisted|p2a: Whimsicott\n|-damage|p2a: Whimsicott|30/100\n|-damage|p1a: Miraidon|42/100|[from] item: Life Orb\n|\n|t:|1776777788\n|switch|p1a: Calyrex|Calyrex-Ice, L50|100/100|[from] Volt Switch\n|-ability|p1a: Calyrex|As One\n|-ability|p1a: Calyrex|Unnerve\n|\n|-weather|RainDance|[upkeep]\n|upkeep\n|turn|3\n|j| lonck13\n|inactive|swordsdanceurshifu has 30 seconds left.\n|inactive|dawgtamerpuss has 30 seconds left.\n|inactive|swordsdanceurshifu has 20 seconds left.\n|inactive|swordsdanceurshifu has 15 seconds left.\n|\n|t:|1776777833\n|switch|p2b: Archaludon|Archaludon, L50, M, shiny|100/100\n|move|p1b: Iron Bundle|Protect|p1b: Iron Bundle\n|-singleturn|p1b: Iron Bundle|Protect\n|move|p2a: Whimsicott|Moonblast|p1b: Iron Bundle\n|-activate|p1b: Iron Bundle|move: Protect\n|move|p1a: Calyrex|Glacial Lance|p2b: Archaludon|[spread] p2a,p2b\n|-supereffective|p2a: Whimsicott\n|-damage|p2a: Whimsicott|0 fnt\n|-damage|p2b: Archaludon|63/100\n|-ability|p2b: Archaludon|Stamina|boost\n|-boost|p2b: Archaludon|def|1\n|faint|p2a: Whimsicott\n|-ability|p1a: Calyrex|Chilling Neigh|boost\n|-boost|p1a: Calyrex|atk|1\n|\n|-weather|RainDance|[upkeep]\n|upkeep\n|\n|t:|1776777849\n|switch|p2a: Zamazenta|Zamazenta-Crowned, L50|100/100\n|-ability|p2a: Zamazenta|Dauntless Shield|boost\n|-boost|p2a: Zamazenta|def|1\n|turn|4\n|l| lonck13\n|inactive|dawgtamerpuss has 30 seconds left.\n|\n|t:|1776777876\n|move|p1a: Calyrex|Protect|p1a: Calyrex\n|-singleturn|p1a: Calyrex|Protect\n|move|p2a: Zamazenta|Iron Defense|p2a: Zamazenta\n|-boost|p2a: Zamazenta|def|2\n|move|p1b: Iron Bundle|Ice Beam|p2b: Archaludon\n|-damage|p2b: Archaludon|25/100\n|-ability|p2b: Archaludon|Stamina|boost\n|-boost|p2b: Archaludon|def|1\n|move|p2b: Archaludon|Electro Shot||[still]\n|-prepare|p2b: Archaludon|Electro Shot\n|-boost|p2b: Archaludon|spa|1\n|-anim|p2b: Archaludon|Electro Shot|p1b: Iron Bundle\n|-supereffective|p1b: Iron Bundle\n|-enditem|p1b: Iron Bundle|Focus Sash\n|-damage|p1b: Iron Bundle|1/100\n|\n|-weather|RainDance|[upkeep]\n|-sideend|p2: dawgtamerpuss|move: Tailwind\n|upkeep\n|turn|5\n|inactive|swordsdanceurshifu has 30 seconds left.\n|inactive|dawgtamerpuss has 30 seconds left.\n|inactive|swordsdanceurshifu has 20 seconds left.\n|inactive|swordsdanceurshifu has 15 seconds left.\n|inactive|swordsdanceurshifu has 10 seconds left.\n|\n|t:|1776777924\n|-terastallize|p1a: Calyrex|Fairy\n|move|p1b: Iron Bundle|Ice Beam|p2b: Archaludon\n|-damage|p2b: Archaludon|0 fnt\n|faint|p2b: Archaludon\n|move|p2a: Zamazenta|Body Press|p1a: Calyrex\n|-resisted|p1a: Calyrex\n|-damage|p1a: Calyrex|68/100\n|move|p1a: Calyrex|Leech Seed|p2a: Zamazenta\n|-start|p2a: Zamazenta|move: Leech Seed\n|\n|-weather|none\n|-heal|p1a: Calyrex|74/100|[from] item: Leftovers\n|-damage|p2a: Zamazenta|88/100|[from] Leech Seed|[of] p1a: Calyrex\n|-heal|p1a: Calyrex|85/100|[silent]\n|-fieldend|move: Electric Terrain\n|-end|p1b: Iron Bundle|Quark Drive\n|upkeep\n|\n|t:|1776777934\n|switch|p2b: Kyogre|Kyogre, L50, tera:Grass|100/100\n|-weather|RainDance|[from] ability: Drizzle|[of] p2b: Kyogre\n|turn|6\n|\n|t:|1776777942\n|move|p1b: Iron Bundle|Protect|p1b: Iron Bundle\n|-singleturn|p1b: Iron Bundle|Protect\n|move|p2b: Kyogre|Protect|p2b: Kyogre\n|-singleturn|p2b: Kyogre|Protect\n|move|p1a: Calyrex|Protect|p1a: Calyrex\n|-singleturn|p1a: Calyrex|Protect\n|move|p2a: Zamazenta|Body Press|p1b: Iron Bundle\n|-activate|p1b: Iron Bundle|move: Protect\n|\n|-weather|RainDance|[upkeep]\n|-heal|p1a: Calyrex|90/100|[from] item: Leftovers\n|-damage|p2a: Zamazenta|76/100|[from] Leech Seed|[of] p1a: Calyrex\n|-heal|p1a: Calyrex|100/100|[silent]\n|upkeep\n|turn|7\n|\n|t:|1776777955\n|move|p1b: Iron Bundle|Encore|p2b: Kyogre\n|-start|p2b: Kyogre|Encore\n|move|p2a: Zamazenta|Behemoth Bash|p1a: Calyrex\n|-supereffective|p1a: Calyrex\n|-damage|p1a: Calyrex|48/100\n|move|p2b: Kyogre|Protect||[still]\n|-fail|p2b: Kyogre\n|move|p1a: Calyrex|Glacial Lance|p2b: Kyogre|[spread] p2a,p2b\n|-resisted|p2a: Zamazenta\n|-supereffective|p2b: Kyogre\n|-damage|p2a: Zamazenta|67/100\n|-damage|p2b: Kyogre|0 fnt\n|faint|p2b: Kyogre\n|-ability|p1a: Calyrex|Chilling Neigh|boost\n|-boost|p1a: Calyrex|atk|1\n|\n|-weather|RainDance|[upkeep]\n|-heal|p1a: Calyrex|54/100|[from] item: Leftovers\n|-damage|p2a: Zamazenta|54/100|[from] Leech Seed|[of] p1a: Calyrex\n|-heal|p1a: Calyrex|65/100|[silent]\n|upkeep\n|turn|8\n|\n|t:|1776777974\n|move|p1a: Calyrex|Protect|p1a: Calyrex\n|-singleturn|p1a: Calyrex|Protect\n|move|p1b: Iron Bundle|Ice Beam|p2a: Zamazenta\n|-resisted|p2a: Zamazenta\n|-damage|p2a: Zamazenta|37/100\n|move|p2a: Zamazenta|Iron Defense|p2a: Zamazenta\n|-boost|p2a: Zamazenta|def|2\n|\n|-weather|RainDance|[upkeep]\n|-heal|p1a: Calyrex|71/100|[from] item: Leftovers\n|-damage|p2a: Zamazenta|25/100|[from] Leech Seed|[of] p1a: Calyrex\n|-heal|p1a: Calyrex|81/100|[silent]\n|upkeep\n|turn|9\n|\n|t:|1776777991\n|move|p1b: Iron Bundle|Encore|p2a: Zamazenta\n|-start|p2a: Zamazenta|Encore\n|move|p2a: Zamazenta|Iron Defense|p2a: Zamazenta\n|-boost|p2a: Zamazenta|def|1\n|move|p1a: Calyrex|Glacial Lance|p2a: Zamazenta\n|-resisted|p2a: Zamazenta\n|-damage|p2a: Zamazenta|13/100\n|\n|-weather|RainDance|[upkeep]\n|-heal|p1a: Calyrex|87/100|[from] item: Leftovers\n|-damage|p2a: Zamazenta|0 fnt|[from] Leech Seed|[of] p1a: Calyrex\n|-heal|p1a: Calyrex|98/100|[silent]\n|faint|p2a: Zamazenta\n|\n|win|swordsdanceurshifu\n|raw|swordsdanceurshifu's rating: 1606 &rarr; <strong>1619</strong><br />(+13 for winning)\n|raw|dawgtamerpuss's rating: 1484 &rarr; <strong>1471</strong><br />(-13 for losing)\n|l|\u2606dawgtamerpuss\n|player|p2|\n|l|\u2606swordsdanceurshifu\n|player|p1|\n|j|\u2606swordsdanceurshifu\n|player|p1|swordsdanceurshifu|170|\n|l|\u2606swordsdanceurshifu\n|player|p1|\n","uploadtime":1776778049,"views":17,"formatid":"gen9vgc2026regi","rating":1471,"private":0,"password":null}