{"id":"gen9vgc2026regi-2575492176","format":"[Gen 9] VGC 2026 Reg I","players":["Chenpion192","asouleoe"],"log":"|j|\u2606Chenpion192\n|j|\u2606asouleoe\n|t:|1775358466\n|gametype|doubles\n|player|p1|Chenpion192|cynthia-gen4|1420\n|player|p2|asouleoe|blue|1563\n|gen|9\n|tier|[Gen 9] VGC 2026 Reg I\n|rated|\n|rule|Species Clause: Limit one of each Pok\u00e9mon\n|rule|Item Clause: Limit 1 of each item\n|clearpoke\n|poke|p1|Calyrex-Ice, L50|\n|poke|p1|Miraidon, L50|\n|poke|p1|Grimmsnarl, L50, M|\n|poke|p1|Urshifu-*, L50, F|\n|poke|p1|Incineroar, L50, F|\n|poke|p1|Landorus, L50, M|\n|poke|p2|Hitmontop, L50, M|\n|poke|p2|Terapagos, L50, M|\n|poke|p2|Calyrex-Shadow, L50|\n|poke|p2|Ogerpon-Cornerstone, L50, F|\n|poke|p2|Whimsicott, L50, F|\n|poke|p2|Indeedee-F, L50, F|\n|teampreview|4\n|inactive|Battle timer is ON: inactive players will automatically lose when time's up. (requested by asouleoe)\n|inactive|Chenpion192 also wants the timer to be on.\n|\n|t:|1775358489\n|teamsize|p1|4\n|teamsize|p2|4\n|start\n|switch|p1a: Grimmsnarl|Grimmsnarl, L50, M|100/100\n|switch|p1b: Miraidon|Miraidon, L50|100/100\n|switch|p2a: Hitmontop|Hitmontop, L50, M|100/100\n|switch|p2b: Terapagos|Terapagos, L50, M|100/100\n|-activate|p2b: Terapagos|ability: Tera Shift\n|detailschange|p2b: Terapagos|Terapagos-Terastal, L50, M\n|-heal|p2b: Terapagos|100/100|[silent]\n|-fieldstart|move: Electric Terrain|[from] ability: Hadron Engine|[of] p1b: Miraidon\n|-ability|p2a: Hitmontop|Intimidate|boost\n|-unboost|p1a: Grimmsnarl|atk|1\n|-unboost|p1b: Miraidon|atk|1\n|turn|1\n|inactive|asouleoe has 30 seconds left.\n|\n|t:|1775358524\n|-terastallize|p2b: Terapagos|Stellar\n|detailschange|p2b: Terapagos|Terapagos-Stellar, L50, M, tera:Stellar\n|-heal|p2b: Terapagos|100/100|[silent]\n|-ability|p2b: Terapagos|Teraform Zero\n|-fieldend|move: Electric Terrain\n|move|p2a: Hitmontop|Vacuum Wave|p2b: Terapagos\n|-supereffective|p2b: Terapagos\n|-damage|p2b: Terapagos|95/100\n|-enditem|p2b: Terapagos|Weakness Policy\n|-boost|p2b: Terapagos|atk|2|[from] item: Weakness Policy\n|-boost|p2b: Terapagos|spa|2|[from] item: Weakness Policy\n|move|p1a: Grimmsnarl|Thunder Wave|p2b: Terapagos|[miss]\n|-miss|p1a: Grimmsnarl|p2b: Terapagos\n|move|p1b: Miraidon|Volt Switch|p2a: Hitmontop\n|-damage|p2a: Hitmontop|60/100\n|-enditem|p2a: Hitmontop|Eject Button\n|\n|t:|1775358540\n|switch|p2a: Indeedee|Indeedee-F, L50, F|100/100\n|-fieldstart|move: Psychic Terrain|[from] ability: Psychic Surge|[of] p2a: Indeedee\n|move|p2b: Terapagos|Tera Starstorm|p1b: Miraidon|[spread] p1a,p1b\n|-damage|p1a: Grimmsnarl|34/100\n|-damage|p1b: Miraidon|42/100\n|\n|upkeep\n|turn|2\n|\n|t:|1775358553\n|move|p2a: Indeedee|Follow Me|p2a: Indeedee\n|-singleturn|p2a: Indeedee|move: Follow Me\n|move|p1a: Grimmsnarl|Light Screen|p1a: Grimmsnarl\n|-sidestart|p1: Chenpion192|move: Light Screen\n|move|p1b: Miraidon|Volt Switch|p2a: Indeedee\n|-damage|p2a: Indeedee|56/100\n|\n|t:|1775358562\n|switch|p1b: Urshifu|Urshifu-Rapid-Strike, L50, F|100/100|[from] Volt Switch\n|move|p2b: Terapagos|Rock Polish|p2b: Terapagos\n|-boost|p2b: Terapagos|spe|2\n|\n|upkeep\n|turn|3\n|inactive|Chenpion192 has 30 seconds left.\n|\n|t:|1775358595\n|move|p2a: Indeedee|Follow Me|p2a: Indeedee\n|-singleturn|p2a: Indeedee|move: Follow Me\n|move|p2b: Terapagos|Tera Starstorm|p1b: Urshifu|[spread] p1a,p1b\n|-damage|p1a: Grimmsnarl|0 fnt\n|-damage|p1b: Urshifu|42/100\n|faint|p1a: Grimmsnarl\n|move|p1b: Urshifu|Surging Strikes|p2a: Indeedee\n|-crit|p2a: Indeedee\n|-damage|p2a: Indeedee|23/100\n|-crit|p2a: Indeedee\n|-damage|p2a: Indeedee|0 fnt\n|faint|p2a: Indeedee\n|-hitcount|p2: Indeedee|2\n|\n|upkeep\n|\n|t:|1775358608\n|switch|p1a: Miraidon|Miraidon, L50|42/100\n|switch|p2a: Hitmontop|Hitmontop, L50, M|60/100\n|-fieldstart|move: Electric Terrain|[from] ability: Hadron Engine|[of] p1a: Miraidon\n|-ability|p2a: Hitmontop|Intimidate|boost\n|-unboost|p1a: Miraidon|atk|1\n|-unboost|p1b: Urshifu|atk|1\n|turn|4\n|\n|t:|1775358619\n|move|p2a: Hitmontop|Fake Out|p1a: Miraidon\n|-damage|p1a: Miraidon|34/100\n|move|p2b: Terapagos|Tera Starstorm|p1b: Urshifu|[spread] p1a,p1b\n|-damage|p1a: Miraidon|0 fnt\n|-damage|p1b: Urshifu|0 fnt\n|faint|p1a: Miraidon\n|faint|p1b: Urshifu\n|\n|upkeep\n|\n|t:|1775358625\n|switch|p1b: Calyrex|Calyrex-Ice, L50|100/100\n|-ability|p1b: Calyrex|As One\n|-ability|p1b: Calyrex|Unnerve\n|turn|5\n|\n|t:|1775358634\n|move|p2b: Terapagos|Tera Starstorm|p1b: Calyrex\n|-damage|p1b: Calyrex|57/100\n|move|p2a: Hitmontop|Brick Break|p1b: Calyrex\n|-sideend|p1: Chenpion192|move: Light Screen\n|-damage|p1b: Calyrex|40/100\n|move|p1b: Calyrex|Leech Seed|p2b: Terapagos\n|-start|p2b: Terapagos|move: Leech Seed\n|\n|-heal|p1b: Calyrex|46/100|[from] item: Leftovers\n|-damage|p2b: Terapagos|83/100|[from] Leech Seed|[of] p1b: Calyrex\n|-heal|p1b: Calyrex|61/100|[silent]\n|upkeep\n|turn|6\n|\n|t:|1775358646\n|switch|p2a: Calyrex|Calyrex-Shadow, L50|100/100\n|-ability|p2a: Calyrex|As One\n|-ability|p2a: Calyrex|Unnerve\n|move|p1b: Calyrex|Protect|p1b: Calyrex\n|-singleturn|p1b: Calyrex|Protect\n|move|p2b: Terapagos|Tera Starstorm|p1b: Calyrex\n|-activate|p1b: Calyrex|move: Protect\n|\n|-heal|p1b: Calyrex|67/100|[from] item: Leftovers\n|-damage|p2b: Terapagos|70/100|[from] Leech Seed|[of] p1b: Calyrex\n|-heal|p1b: Calyrex|83/100|[silent]\n|upkeep\n|turn|7\n|\n|t:|1775358664\n|move|p2b: Terapagos|Tera Starstorm|p1b: Calyrex\n|-crit|p1b: Calyrex\n|-damage|p1b: Calyrex|0 fnt\n|faint|p1b: Calyrex\n|\n|win|asouleoe\n|raw|Chenpion192's rating: 1420 &rarr; <strong>1408</strong><br />(-12 for losing)\n|raw|asouleoe's rating: 1563 &rarr; <strong>1575</strong><br />(+12 for winning)\n|l|\u2606Chenpion192\n|player|p1|\n","uploadtime":1775358674,"views":13,"formatid":"gen9vgc2026regi","rating":1408,"private":0,"password":null}