{"id":"gen9vgc2026regi-2579544341","format":"[Gen 9] VGC 2026 Reg I","players":["Galact7adi","TheManOfSausage"],"log":"|j|\u2606Galact7adi\n|j|\u2606TheManOfSausage\n|t:|1775795188\n|gametype|doubles\n|player|p1|Galact7adi|hilbert|1465\n|player|p2|TheManOfSausage|miku-water|1639\n|gen|9\n|tier|[Gen 9] VGC 2026 Reg I\n|rated|\n|rule|Species Clause: Limit one of each Pok\u00e9mon\n|rule|Item Clause: Limit 1 of each item\n|clearpoke\n|poke|p1|Lunala, L50|\n|poke|p1|Groudon, L50|\n|poke|p1|Grimmsnarl, L50, M|\n|poke|p1|Incineroar, L50, F|\n|poke|p1|Rillaboom, L50, M|\n|poke|p1|Flutter Mane, L50|\n|poke|p2|Calyrex-Ice, L50|\n|poke|p2|Miraidon, L50|\n|poke|p2|Farigiraf, L50, F|\n|poke|p2|Urshifu-*, L50, M|\n|poke|p2|Volcarona, L50, M|\n|poke|p2|Iron Hands, L50|\n|teampreview|4\n|inactive|Battle timer is ON: inactive players will automatically lose when time's up. (requested by Galact7adi)\nTheManOfSausage has agreed to open team sheets.\n|inactive|Galact7adi has 60 seconds left.\n|\n|t:|1775795223\n|teamsize|p1|4\n|teamsize|p2|4\n|start\n|switch|p1a: Lunala|Lunala, L50|100/100\n|switch|p1b: Rillaboom|Rillaboom, L50, M|100/100\n|switch|p2a: Magical Mirai|Miraidon, L50|100/100\n|switch|p2b: Farigiraf|Farigiraf, L50, F|100/100\n|-fieldstart|move: Electric Terrain|[from] ability: Hadron Engine|[of] p2a: Magical Mirai\n|-enditem|p2b: Farigiraf|Electric Seed\n|-boost|p2b: Farigiraf|def|1|[from] item: Electric Seed\n|-fieldstart|move: Grassy Terrain|[from] ability: Grassy Surge|[of] p1b: Rillaboom\n|turn|1\n|\n|t:|1775795235\n|move|p2a: Magical Mirai|Snarl|p1b: Rillaboom|[spread] p1a,p1b\n|-supereffective|p1a: Lunala\n|-damage|p1a: Lunala|78/100\n|-damage|p1b: Rillaboom|89/100\n|-unboost|p1a: Lunala|spa|1\n|-unboost|p1b: Rillaboom|spa|1\n|move|p1a: Lunala|Calm Mind|p1a: Lunala\n|-boost|p1a: Lunala|spa|1\n|-boost|p1a: Lunala|spd|1\n|move|p1b: Rillaboom|U-turn|p2b: Farigiraf\n|-supereffective|p2b: Farigiraf\n|-damage|p2b: Farigiraf|77/100\n|\n|t:|1775795240\n|switch|p1b: Groudon|Groudon, L50|100/100|[from] U-turn\n|-weather|SunnyDay|[from] ability: Drought|[of] p1b: Groudon\n|move|p2b: Farigiraf|Foul Play|p1a: Lunala\n|-supereffective|p1a: Lunala\n|-damage|p1a: Lunala|31/100\n|\n|-weather|SunnyDay|[upkeep]\n|-heal|p1a: Lunala|37/100|[from] Grassy Terrain\n|-heal|p1a: Lunala|43/100|[from] item: Leftovers\n|-heal|p2b: Farigiraf|83/100|[from] Grassy Terrain\n|upkeep\n|turn|2\n|\n|t:|1775795256\n|switch|p2a: Volcarona|Volcarona, L50, M, shiny|100/100\n|-terastallize|p1a: Lunala|Fairy\n|move|p1a: Lunala|Calm Mind|p1a: Lunala\n|-boost|p1a: Lunala|spa|1\n|-boost|p1a: Lunala|spd|1\n|move|p1b: Groudon|Precipice Blades|p2b: Farigiraf|[spread] p2a,p2b\n|-damage|p2a: Volcarona|28/100\n|-damage|p2b: Farigiraf|56/100\n|move|p2b: Farigiraf|Foul Play|p1b: Groudon\n|-damage|p1b: Groudon|75/100\n|\n|-weather|SunnyDay|[upkeep]\n|-heal|p1a: Lunala|49/100|[from] Grassy Terrain\n|-heal|p1a: Lunala|54/100|[from] item: Leftovers\n|-heal|p2a: Volcarona|34/100|[from] Grassy Terrain\n|-heal|p1b: Groudon|81/100|[from] Grassy Terrain\n|-heal|p2b: Farigiraf|61/100|[from] Grassy Terrain\n|upkeep\n|turn|3\n|\n|t:|1775795276\n|move|p2b: Farigiraf|Helping Hand|p2a: Volcarona\n|-singleturn|p2a: Volcarona|Helping Hand|[of] p2b: Farigiraf\n|move|p1a: Lunala|Moongeist Beam|p2a: Volcarona\n|-damage|p2a: Volcarona|0 fnt\n|faint|p2a: Volcarona\n|move|p1b: Groudon|Precipice Blades|p2b: Farigiraf\n|-damage|p2b: Farigiraf|24/100\n|\n|-weather|SunnyDay|[upkeep]\n|-heal|p1a: Lunala|60/100|[from] Grassy Terrain\n|-heal|p1a: Lunala|66/100|[from] item: Leftovers\n|-heal|p1b: Groudon|87/100|[from] Grassy Terrain\n|-heal|p2b: Farigiraf|30/100|[from] Grassy Terrain\n|upkeep\n|\n|t:|1775795281\n|switch|p2a: Ogurin|Calyrex-Ice, L50|100/100\n|-ability|p2a: Ogurin|As One\n|-ability|p2a: Ogurin|Unnerve\n|turn|4\n|\n|t:|1775795289\n|switch|p1b: Incineroar|Incineroar, L50, F|100/100\n|-ability|p1b: Incineroar|Intimidate|boost\n|-fail|p2a: Ogurin|unboost|[from] item: Clear Amulet|[of] p2a: Ogurin\n|-unboost|p2b: Farigiraf|atk|1\n|-terastallize|p2a: Ogurin|Water\n|move|p1a: Lunala|Moongeist Beam|p2a: Ogurin\n|-damage|p2a: Ogurin|50/100\n|move|p2b: Farigiraf|Foul Play|p1b: Incineroar\n|-resisted|p1b: Incineroar\n|-damage|p1b: Incineroar|92/100\n|move|p2a: Ogurin|Trick Room|p2a: Ogurin\n|-fieldstart|move: Trick Room|[of] p2a: Ogurin\n|\n|-weather|SunnyDay|[upkeep]\n|-heal|p2a: Ogurin|56/100|[from] Grassy Terrain\n|-heal|p1b: Incineroar|98/100|[from] Grassy Terrain\n|-heal|p2b: Farigiraf|35/100|[from] Grassy Terrain\n|-heal|p1a: Lunala|72/100|[from] Grassy Terrain\n|-heal|p1a: Lunala|78/100|[from] item: Leftovers\n|upkeep\n|turn|5\n|\n|t:|1775795308\n|move|p2b: Farigiraf|Helping Hand|p2a: Ogurin\n|-singleturn|p2a: Ogurin|Helping Hand|[of] p2b: Farigiraf\n|move|p2a: Ogurin|Glacial Lance|p1a: Lunala|[spread] p1a,p1b\n|-resisted|p1b: Incineroar\n|-damage|p1a: Lunala|16/100\n|-damage|p1b: Incineroar|62/100\n|move|p1b: Incineroar|Will-O-Wisp|p2a: Ogurin\n|-status|p2a: Ogurin|brn\n|move|p1a: Lunala|Moonblast|p2b: Farigiraf\n|-damage|p2b: Farigiraf|0 fnt\n|faint|p2b: Farigiraf\n|\n|-weather|none\n|-heal|p2a: Ogurin|61/100 brn|[from] Grassy Terrain\n|-heal|p1b: Incineroar|68/100|[from] Grassy Terrain\n|-heal|p1a: Lunala|22/100|[from] Grassy Terrain\n|-heal|p1a: Lunala|28/100|[from] item: Leftovers\n|-damage|p2a: Ogurin|56/100 brn|[from] brn\n|-fieldend|move: Grassy Terrain\n|upkeep\n|\n|t:|1775795310\n|switch|p2b: Magical Mirai|Miraidon, L50|100/100\n|-fieldstart|move: Electric Terrain|[from] ability: Hadron Engine|[of] p2b: Magical Mirai\n|turn|6\n|\n|t:|1775795319\n|move|p1a: Lunala|Protect|p1a: Lunala\n|-singleturn|p1a: Lunala|Protect\n|move|p2a: Ogurin|Glacial Lance|p1a: Lunala|[spread] p1b\n|-activate|p1a: Lunala|move: Protect\n|-resisted|p1b: Incineroar\n|-damage|p1b: Incineroar|56/100\n|move|p1b: Incineroar|Parting Shot|p2a: Ogurin\n|-fail|p2a: Ogurin|unboost|[from] item: Clear Amulet|[of] p2a: Ogurin\n|move|p2b: Magical Mirai|Draco Meteor|p1b: Incineroar\n|-damage|p1b: Incineroar|0 fnt\n|-unboost|p2b: Magical Mirai|spa|2\n|faint|p1b: Incineroar\n|\n|-heal|p1a: Lunala|34/100|[from] item: Leftovers\n|-damage|p2a: Ogurin|50/100 brn|[from] brn\n|upkeep\n|\n|t:|1775795323\n|switch|p1b: Rillaboom|Rillaboom, L50, M|89/100\n|-fieldstart|move: Grassy Terrain|[from] ability: Grassy Surge|[of] p1b: Rillaboom\n|turn|7\n|\n|t:|1775795330\n|move|p2a: Ogurin|Glacial Lance|p1b: Rillaboom|[spread] p1a,p1b\n|-supereffective|p1b: Rillaboom\n|-crit|p1b: Rillaboom\n|-damage|p1a: Lunala|14/100\n|-damage|p1b: Rillaboom|5/100\n|move|p1b: Rillaboom|Wood Hammer|p2a: Ogurin\n|-supereffective|p2a: Ogurin\n|-damage|p2a: Ogurin|0 fnt\n|faint|p2a: Ogurin\n|-damage|p1b: Rillaboom|0 fnt|[from] Recoil\n|faint|p1b: Rillaboom\n|move|p1a: Lunala|Moonblast|p2b: Magical Mirai\n|-supereffective|p2b: Magical Mirai\n|-damage|p2b: Magical Mirai|0 fnt\n|faint|p2b: Magical Mirai\n|\n|win|Galact7adi\n|raw|Galact7adi's rating: 1465 &rarr; <strong>1494</strong><br />(+29 for winning)\n|raw|TheManOfSausage's rating: 1639 &rarr; <strong>1610</strong><br />(-29 for losing)\n|c|\u2606TheManOfSausage|gg\n|c|\u2606Galact7adi|Gg wp\n|c|\u2606TheManOfSausage|wp\n|l|\u2606TheManOfSausage\n|player|p2|\n|l|\u2606Galact7adi\n|player|p1|\n","uploadtime":1775795516,"views":13,"formatid":"gen9vgc2026regi","rating":1494,"private":0,"password":null}