{"id":"gen9vgc2026regi-2580023855","format":"[Gen 9] VGC 2026 Reg I","players":["chip1123","sunny_zong4"],"log":"|j|\u2606chip1123\n|j|\u2606sunny_zong4\n|t:|1775847349\n|gametype|doubles\n|player|p1|chip1123|cynthia|1440\n|player|p2|sunny_zong4|265|1338\n|gen|9\n|tier|[Gen 9] VGC 2026 Reg I\n|rated|\n|rule|Species Clause: Limit one of each Pok\u00e9mon\n|rule|Item Clause: Limit 1 of each item\n|clearpoke\n|poke|p1|Calyrex-Shadow, L50|\n|poke|p1|Miraidon, L50|\n|poke|p1|Iron Hands, L50|\n|poke|p1|Landorus, L50, M|\n|poke|p1|Whimsicott, L50, F|\n|poke|p1|Incineroar, L50, F|\n|poke|p2|Miraidon, L50|\n|poke|p2|Grimmsnarl, L50, M|\n|poke|p2|Groudon, L50|\n|poke|p2|Wo-Chien, L50|\n|poke|p2|Ting-Lu, L50|\n|poke|p2|Landorus-Therian, L50, M|\n|teampreview|4\n|inactive|Battle timer is ON: inactive players will automatically lose when time's up. (requested by sunny_zong4)\n|\n|t:|1775847371\n|teamsize|p1|4\n|teamsize|p2|4\n|start\n|switch|p1a: Incineroar|Incineroar, L50, F, shiny|100/100\n|switch|p1b: Miraidon|Miraidon, L50, shiny|100/100\n|switch|p2a: Grimmsnarl|Grimmsnarl, L50, M|100/100\n|switch|p2b: Wo-Chien|Wo-Chien, L50|100/100\n|-fieldstart|move: Electric Terrain|[from] ability: Hadron Engine|[of] p1b: Miraidon\n|-ability|p2b: Wo-Chien|Tablets of Ruin\n|-ability|p1a: Incineroar|Intimidate|boost\n|-unboost|p2a: Grimmsnarl|atk|1\n|-unboost|p2b: Wo-Chien|atk|1\n|turn|1\n|\n|t:|1775847386\n|switch|p2a: Groudon|Groudon, L50|100/100\n|-weather|SunnyDay|[from] ability: Drought|[of] p2a: Groudon\n|-terastallize|p1b: Miraidon|Fairy\n|move|p1a: Incineroar|Fake Out|p2a: Groudon\n|-damage|p2a: Groudon|95/100\n|move|p1b: Miraidon|Dazzling Gleam|p2a: Groudon|[spread] p2a,p2b\n|-supereffective|p2b: Wo-Chien\n|-damage|p2a: Groudon|53/100\n|-damage|p2b: Wo-Chien|32/100\n|move|p2b: Wo-Chien|Snarl|p1b: Miraidon|[spread] p1a,p1b\n|-resisted|p1a: Incineroar\n|-resisted|p1b: Miraidon\n|-crit|p1b: Miraidon\n|-damage|p1a: Incineroar|95/100\n|-damage|p1b: Miraidon|91/100\n|-unboost|p1a: Incineroar|spa|1\n|-unboost|p1b: Miraidon|spa|1\n|\n|-weather|SunnyDay|[upkeep]\n|-heal|p2b: Wo-Chien|38/100|[from] item: Leftovers\n|upkeep\n|turn|2\n|\n|t:|1775847409\n|move|p1b: Miraidon|Dazzling Gleam|p2a: Groudon|[spread] p2a,p2b\n|-supereffective|p2b: Wo-Chien\n|-damage|p2a: Groudon|26/100\n|-damage|p2b: Wo-Chien|0 fnt\n|faint|p2b: Wo-Chien\n|move|p2a: Groudon|Heavy Slam|p1b: Miraidon\n|-supereffective|p1b: Miraidon\n|-damage|p1b: Miraidon|27/100\n|move|p1a: Incineroar|Flare Blitz|p2a: Groudon\n|-damage|p2a: Groudon|0 fnt\n|faint|p2a: Groudon\n|-damage|p1a: Incineroar|86/100|[from] Recoil\n|\n|-weather|SunnyDay|[upkeep]\n|upkeep\n|\n|t:|1775847414\n|switch|p2a: Miraidon|Miraidon, L50|100/100\n|switch|p2b: Grimmsnarl|Grimmsnarl, L50, M|100/100\n|-activate|p2a: Miraidon|ability: Hadron Engine\n|turn|3\n|\n|t:|1775847436\n|-terastallize|p2b: Grimmsnarl|Ground\n|move|p2b: Grimmsnarl|Thunder Wave|p1b: Miraidon\n|-status|p1b: Miraidon|par\n|move|p2a: Miraidon|Parabolic Charge|p1a: Incineroar|[spread] p1a,p1b\n|-immune|p2b: Grimmsnarl\n|-damage|p1a: Incineroar|20/100\n|-damage|p1b: Miraidon|0 fnt\n|faint|p1b: Miraidon\n|-damage|p2a: Miraidon|91/100|[from] item: Life Orb\n|move|p1a: Incineroar|Knock Off|p2a: Miraidon\n|-crit|p2a: Miraidon\n|-damage|p2a: Miraidon|42/100\n|-enditem|p2a: Miraidon|Life Orb|[from] move: Knock Off|[of] p1a: Incineroar\n|\n|-weather|SunnyDay|[upkeep]\n|upkeep\n|inactive|chip1123 has 30 seconds left.\n|\n|t:|1775847464\n|switch|p1b: Calyrex|Calyrex-Shadow, L50|100/100\n|-ability|p1b: Calyrex|As One\n|-ability|p1b: Calyrex|Unnerve\n|turn|4\n|\n|t:|1775847474\n|move|p1b: Calyrex|Protect|p1b: Calyrex\n|-singleturn|p1b: Calyrex|Protect\n|move|p2b: Grimmsnarl|Thunder Wave|p1b: Calyrex\n|-activate|p1b: Calyrex|move: Protect\n|move|p2a: Miraidon|Parabolic Charge|p1b: Calyrex|[spread] p1a\n|-activate|p1b: Calyrex|move: Protect\n|-immune|p2b: Grimmsnarl\n|-damage|p1a: Incineroar|0 fnt\n|-heal|p2a: Miraidon|53/100|[from] drain|[of] p1a: Incineroar\n|faint|p1a: Incineroar\n|\n|-weather|SunnyDay|[upkeep]\n|upkeep\n|\n|t:|1775847488\n|switch|p1a: Iron Hands|Iron Hands, L50, shiny|100/100\n|-activate|p1a: Iron Hands|ability: Quark Drive\n|-start|p1a: Iron Hands|quarkdriveatk\n|turn|5\n|\n|t:|1775847495\n|move|p1a: Iron Hands|Fake Out|p2b: Grimmsnarl\n|-damage|p2b: Grimmsnarl|74/100\n|cant|p2b: Grimmsnarl|flinch\n|move|p1b: Calyrex|Astral Barrage|p2b: Grimmsnarl|[spread] p2a,p2b\n|-damage|p2a: Miraidon|8/100\n|-damage|p2b: Grimmsnarl|32/100\n|move|p2a: Miraidon|Parabolic Charge|p1a: Iron Hands|[spread] p1a,p1b\n|-immune|p2b: Grimmsnarl\n|-resisted|p1a: Iron Hands\n|-damage|p1a: Iron Hands|88/100\n|-heal|p2a: Miraidon|15/100|[from] drain|[of] p1a: Iron Hands\n|-damage|p1b: Calyrex|51/100\n|-heal|p2a: Miraidon|38/100|[from] drain|[of] p1b: Calyrex\n|\n|-weather|none\n|-fieldend|move: Electric Terrain\n|-end|p1a: Iron Hands|Quark Drive\n|upkeep\n|turn|6\n|\n|t:|1775847517\n|move|p1b: Calyrex|Protect|p1b: Calyrex\n|-singleturn|p1b: Calyrex|Protect\n|move|p2b: Grimmsnarl|Light Screen|p2b: Grimmsnarl\n|-sidestart|p2: sunny_zong4|move: Light Screen\n|move|p2a: Miraidon|Parabolic Charge|p1b: Calyrex|[spread] p1a\n|-activate|p1b: Calyrex|move: Protect\n|-immune|p2b: Grimmsnarl\n|-resisted|p1a: Iron Hands\n|-damage|p1a: Iron Hands|80/100\n|-heal|p2a: Miraidon|43/100|[from] drain|[of] p1a: Iron Hands\n|move|p1a: Iron Hands|Low Kick|p2a: Miraidon\n|-crit|p2a: Miraidon\n|-damage|p2a: Miraidon|0 fnt\n|faint|p2a: Miraidon\n|\n|upkeep\n|turn|7\n|-message|sunny_zong4 forfeited.\n|\n|win|chip1123\n|raw|chip1123's rating: 1440 &rarr; <strong>1454</strong><br />(+14 for winning)\n|raw|sunny_zong4's rating: 1338 &rarr; <strong>1324</strong><br />(-14 for losing)\n|l|\u2606sunny_zong4\n|player|p2|\n|l|\u2606chip1123\n|player|p1|\n","uploadtime":1775847755,"views":11,"formatid":"gen9vgc2026regi","rating":1324,"private":0,"password":null}