{"id":"gen9vgc2026regi-2560533672","format":"[Gen 9] VGC 2026 Reg I","players":["NorthGDH","Mirthinion"],"log":"|j|\u2606NorthGDH\n|j|\u2606Mirthinion\n|t:|1773696691\n|gametype|doubles\n|player|p1|NorthGDH|pokemonranger-gen4|1318\n|player|p2|Mirthinion|janitor|1381\n|gen|9\n|tier|[Gen 9] VGC 2026 Reg I\n|rated|\n|rule|Species Clause: Limit one of each Pok\u00e9mon\n|rule|Item Clause: Limit 1 of each item\n|clearpoke\n|poke|p1|Lunala, L50|\n|poke|p1|Whimsicott, L50, F|\n|poke|p1|Miraidon, L50|\n|poke|p1|Ursaluna, L50, F|\n|poke|p1|Farigiraf, L50, M|\n|poke|p1|Chi-Yu, L50|\n|poke|p2|Calyrex-Shadow, L50|\n|poke|p2|Zamazenta-*, L50|\n|poke|p2|Urshifu-*, L50, M|\n|poke|p2|Incineroar, L50, M|\n|poke|p2|Rillaboom, L50, M|\n|poke|p2|Tornadus, L50, M|\n|teampreview|4\n|inactive|Battle timer is ON: inactive players will automatically lose when time's up. (requested by Mirthinion)\n|inactive|NorthGDH also wants the timer to be on.\nMirthinion rejected open team sheets.\n|inactive|NorthGDH has 60 seconds left.\n|inactive|Mirthinion has 60 seconds left.\n|\n|t:|1773696746\n|teamsize|p1|4\n|teamsize|p2|4\n|start\n|switch|p1a: Agott|Farigiraf, L50, M|100/100\n|switch|p1b: Olruggio|Chi-Yu, L50, shiny|100/100\n|switch|p2a: Hoplite|Rillaboom, L50, M|100/100\n|switch|p2b: Beowulf|Urshifu-Rapid-Strike, L50, M|100/100\n|-ability|p1b: Olruggio|Beads of Ruin\n|-fieldstart|move: Grassy Terrain|[from] ability: Grassy Surge|[of] p2a: Hoplite\n|turn|1\n|\n|t:|1773696765\n|-terastallize|p1b: Olruggio|Grass\n|-terastallize|p2a: Hoplite|Fire\n|move|p2b: Beowulf|Surging Strikes|p1a: Agott\n|-crit|p1a: Agott\n|-damage|p1a: Agott|81/100\n|-damage|p2b: Beowulf|84/100|[from] item: Rocky Helmet|[of] p1a: Agott\n|-crit|p1a: Agott\n|-damage|p1a: Agott|58/100\n|-damage|p2b: Beowulf|68/100|[from] item: Rocky Helmet|[of] p1a: Agott\n|-crit|p1a: Agott\n|-damage|p1a: Agott|35/100\n|-damage|p2b: Beowulf|51/100|[from] item: Rocky Helmet|[of] p1a: Agott\n|-hitcount|p1a: Agott|3\n|move|p1b: Olruggio|Heat Wave|p2b: Beowulf|[spread] p2a,p2b\n|-resisted|p2a: Hoplite\n|-resisted|p2b: Beowulf\n|-damage|p2a: Hoplite|72/100\n|-damage|p2b: Beowulf|0 fnt\n|faint|p2b: Beowulf\n|move|p2a: Hoplite|Wood Hammer|p1a: Agott\n|-damage|p1a: Agott|0 fnt\n|-damage|p2a: Hoplite|55/100|[from] item: Rocky Helmet|[of] p1a: Agott\n|faint|p1a: Agott\n|-damage|p2a: Hoplite|43/100|[from] Recoil\n|\n|-heal|p2a: Hoplite|48/100|[from] Grassy Terrain\n|upkeep\n|\n|t:|1773696789\n|switch|p2b: Drambor|Zamazenta-Crowned, L50|100/100\n|switch|p1a: Coco|Miraidon, L50|100/100\n|-fieldstart|move: Electric Terrain|[from] ability: Hadron Engine|[of] p1a: Coco\n|-ability|p2b: Drambor|Dauntless Shield|boost\n|-boost|p2b: Drambor|def|1\n|turn|2\n|inactive|Mirthinion has 30 seconds left.\n|\n|t:|1773696815\n|switch|p2a: Mithrandir|Calyrex-Shadow, L50|100/100\n|-ability|p2a: Mithrandir|As One\n|-ability|p2a: Mithrandir|Unnerve\n|move|p2b: Drambor|Wide Guard|p2b: Drambor\n|-singleturn|p2b: Drambor|Wide Guard\n|move|p1a: Coco|Volt Switch|p2a: Mithrandir\n|-crit|p2a: Mithrandir\n|-enditem|p2a: Mithrandir|Focus Sash\n|-damage|p2a: Mithrandir|1/100\n|\n|t:|1773696822\n|switch|p1a: Richeh|Ursaluna, L50, F|100/100|[from] Volt Switch\n|move|p1b: Olruggio|Heat Wave|p2b: Drambor|[spread] \n|-activate|p2a: Mithrandir|move: Wide Guard\n|-activate|p2b: Drambor|move: Wide Guard\n|\n|-status|p1a: Richeh|brn|[from] item: Flame Orb\n|upkeep\n|turn|3\n|\n|t:|1773696847\n|move|p2a: Mithrandir|Protect|p2a: Mithrandir\n|-singleturn|p2a: Mithrandir|Protect\n|move|p1a: Richeh|Protect|p1a: Richeh\n|-singleturn|p1a: Richeh|Protect\n|move|p2b: Drambor|Body Press|p1a: Richeh\n|-activate|p1a: Richeh|move: Protect\n|move|p1b: Olruggio|Heat Wave|p2a: Mithrandir|[spread] p2b\n|-activate|p2a: Mithrandir|move: Protect\n|-supereffective|p2b: Drambor\n|-damage|p2b: Drambor|0 fnt\n|faint|p2b: Drambor\n|\n|-damage|p1a: Richeh|95/100 brn|[from] brn\n|upkeep\n|\n|t:|1773696859\n|switch|p2b: Hoplite|Rillaboom, L50, M, tera:Fire|48/100\n|-fieldstart|move: Grassy Terrain|[from] ability: Grassy Surge|[of] p2b: Hoplite\n|turn|4\n|\n|t:|1773696882\n|switch|p1a: Coco|Miraidon, L50|100/100\n|-fieldstart|move: Electric Terrain|[from] ability: Hadron Engine|[of] p1a: Coco\n|move|p2a: Mithrandir|Pollen Puff|p1b: Olruggio\n|-supereffective|p1b: Olruggio\n|-damage|p1b: Olruggio|19/100\n|move|p1b: Olruggio|Heat Wave|p2a: Mithrandir|[spread] p2a,p2b\n|-resisted|p2b: Hoplite\n|-damage|p2a: Mithrandir|0 fnt\n|-damage|p2b: Hoplite|20/100\n|faint|p2a: Mithrandir\n|move|p2b: Hoplite|Wood Hammer|p1a: Coco\n|-resisted|p1a: Coco\n|-damage|p1a: Coco|71/100\n|-damage|p2b: Hoplite|12/100|[from] Recoil\n|\n|upkeep\n|turn|5\n|\n|t:|1773696903\n|move|p1a: Coco|Electro Drift|p2b: Hoplite\n|-damage|p2b: Hoplite|0 fnt\n|faint|p2b: Hoplite\n|\n|win|NorthGDH\n|raw|NorthGDH's rating: 1318 &rarr; <strong>1342</strong><br />(+24 for winning)\n|raw|Mirthinion's rating: 1381 &rarr; <strong>1357</strong><br />(-24 for losing)\n|c|\u2606Mirthinion|gg\n|l|\u2606NorthGDH\n|player|p1|\n","uploadtime":1773696909,"views":163,"formatid":"gen9vgc2026regi","rating":1342,"private":0,"password":null}