{"id":"gen9vgc2026regi-2561446379","format":"[Gen 9] VGC 2026 Reg I","players":["tortapoundervgc","Bman311"],"log":"|j|\u2606tortapoundervgc\n|j|\u2606Bman311\n|t:|1773797109\n|gametype|doubles\n|player|p1|tortapoundervgc|youngster-gen1rb|1367\n|player|p2|Bman311|cynthia-gen7|1502\n|gen|9\n|tier|[Gen 9] VGC 2026 Reg I\n|rated|\n|rule|Species Clause: Limit one of each Pok\u00e9mon\n|rule|Item Clause: Limit 1 of each item\n|clearpoke\n|poke|p1|Koraidon, L50|\n|poke|p1|Calyrex-Shadow, L50|\n|poke|p1|Chi-Yu, L50|\n|poke|p1|Mienshao, L50, M|\n|poke|p1|Whimsicott, L50, F|\n|poke|p1|Indeedee-F, L50, F|\n|poke|p2|Miraidon, L50|\n|poke|p2|Calyrex-Ice, L50|\n|poke|p2|Incineroar, L50, M|\n|poke|p2|Farigiraf, L50, F|\n|poke|p2|Iron Valiant, L50|\n|poke|p2|Ursaluna, L50, F|\n|teampreview|4\n|inactive|Battle timer is ON: inactive players will automatically lose when time's up. (requested by Bman311)\n|inactive|tortapoundervgc also wants the timer to be on.\n|inactive|tortapoundervgc has 60 seconds left.\n|inactive|Bman311 has 60 seconds left.\n|\n|t:|1773797150\n|teamsize|p1|4\n|teamsize|p2|4\n|start\n|switch|p1a: Diddyfreak|Indeedee-F, L50, F|100/100\n|switch|p1b: Chicken Joe|Koraidon, L50|100/100\n|switch|p2a: Iron Valiant|Iron Valiant, L50|100/100\n|switch|p2b: Miraidon|Miraidon, L50|100/100\n|-weather|SunnyDay|[from] ability: Orichalcum Pulse|[of] p1b: Chicken Joe\n|-activate|p1b: Chicken Joe|Orichalcum Pulse|[source]\n|-fieldstart|move: Electric Terrain|[from] ability: Hadron Engine|[of] p2b: Miraidon\n|-activate|p2a: Iron Valiant|ability: Quark Drive\n|-start|p2a: Iron Valiant|quarkdrivespe\n|-fieldstart|move: Psychic Terrain|[from] ability: Psychic Surge|[of] p1a: Diddyfreak\n|-end|p2a: Iron Valiant|Quark Drive\n|turn|1\n|inactive|tortapoundervgc has 30 seconds left.\n|\n|t:|1773797181\n|switch|p2b: Incineroar|Incineroar, L50, M|100/100\n|-ability|p2b: Incineroar|Intimidate|boost\n|-unboost|p1a: Diddyfreak|atk|1\n|-fail|p1b: Chicken Joe|unboost|[from] item: Clear Amulet|[of] p1b: Chicken Joe\n|-terastallize|p1b: Chicken Joe|Fire\n|move|p1a: Diddyfreak|Follow Me|p1a: Diddyfreak\n|-singleturn|p1a: Diddyfreak|move: Follow Me\n|move|p2a: Iron Valiant|Icy Wind|p1a: Diddyfreak|[spread] p1a,p1b\n|-resisted|p1b: Chicken Joe\n|-damage|p1a: Diddyfreak|89/100\n|-damage|p1b: Chicken Joe|96/100\n|-unboost|p1a: Diddyfreak|spe|1\n|move|p1b: Chicken Joe|Flame Charge|p2a: Iron Valiant\n|-damage|p2a: Iron Valiant|18/100\n|-boost|p1b: Chicken Joe|spe|1\n|\n|-weather|SunnyDay|[upkeep]\n|upkeep\n|turn|2\n|\n|t:|1773797193\n|-end|p2a: Iron Valiant|Quark Drive|[silent]\n|switch|p2a: Miraidon|Miraidon, L50|100/100\n|-fieldstart|move: Electric Terrain|[from] ability: Hadron Engine|[of] p2a: Miraidon\n|move|p2b: Incineroar|Fake Out|p1b: Chicken Joe\n|-damage|p1b: Chicken Joe|86/100\n|move|p1a: Diddyfreak|Follow Me|p1a: Diddyfreak\n|-singleturn|p1a: Diddyfreak|move: Follow Me\n|cant|p1b: Chicken Joe|flinch\n|\n|-weather|SunnyDay|[upkeep]\n|upkeep\n|turn|3\n|\n|t:|1773797208\n|-terastallize|p2b: Incineroar|Bug\n|move|p1a: Diddyfreak|Follow Me|p1a: Diddyfreak\n|-singleturn|p1a: Diddyfreak|move: Follow Me\n|move|p1b: Chicken Joe|Collision Course|p2b: Incineroar\n|-resisted|p2b: Incineroar\n|-damage|p2b: Incineroar|72/100\n|move|p2a: Miraidon|Volt Switch|p1a: Diddyfreak\n|-damage|p1a: Diddyfreak|0 fnt\n|faint|p1a: Diddyfreak\n|\n|t:|1773797223\n|switch|p2a: Iron Valiant|Iron Valiant, L50|18/100|[from] Volt Switch\n|-activate|p2a: Iron Valiant|ability: Quark Drive\n|-start|p2a: Iron Valiant|quarkdrivespe\n|move|p2b: Incineroar|Knock Off|p1b: Chicken Joe\n|-damage|p1b: Chicken Joe|53/100\n|-enditem|p1b: Chicken Joe|Clear Amulet|[from] move: Knock Off|[of] p2b: Incineroar\n|\n|-weather|SunnyDay|[upkeep]\n|upkeep\n|\n|t:|1773797242\n|switch|p1a: Mao Zedong|Mienshao, L50, M, shiny|100/100\n|turn|4\n|\n|t:|1773797261\n|move|p1a: Mao Zedong|Fake Out|p2a: Iron Valiant\n|-damage|p2a: Iron Valiant|0 fnt\n|faint|p2a: Iron Valiant\n|-end|p2a: Iron Valiant|Quark Drive|[silent]\n|move|p1b: Chicken Joe|Flare Blitz|p2b: Incineroar\n|-supereffective|p2b: Incineroar\n|-damage|p2b: Incineroar|0 fnt\n|faint|p2b: Incineroar\n|-damage|p1b: Chicken Joe|29/100|[from] Recoil\n|\n|-weather|SunnyDay|[upkeep]\n|upkeep\n|\n|t:|1773797264\n|switch|p2a: Miraidon|Miraidon, L50|100/100\n|switch|p2b: Calyrex|Calyrex-Ice, L50|100/100\n|-ability|p2b: Calyrex|As One\n|-ability|p2b: Calyrex|Unnerve\n|-activate|p2a: Miraidon|ability: Hadron Engine\n|turn|5\n|\n|t:|1773797276\n|move|p1a: Mao Zedong|Feint|p2b: Calyrex\n|-damage|p2b: Calyrex|94/100\n|move|p1b: Chicken Joe|Flare Blitz|p2b: Calyrex\n|-supereffective|p2b: Calyrex\n|-damage|p2b: Calyrex|0 fnt\n|faint|p2b: Calyrex\n|-damage|p1b: Chicken Joe|0 fnt|[from] Recoil\n|faint|p1b: Chicken Joe\n|move|p2a: Miraidon|Electro Drift|p1a: Mao Zedong\n|-enditem|p1a: Mao Zedong|Focus Sash\n|-damage|p1a: Mao Zedong|1/100\n|\n|-weather|none\n|upkeep\n|\n|t:|1773797279\n|switch|p1b: Shmeatrider|Calyrex-Shadow, L50|100/100\n|-ability|p1b: Shmeatrider|As One\n|-ability|p1b: Shmeatrider|Unnerve\n|turn|6\n|\n|t:|1773797294\n|move|p1b: Shmeatrider|Astral Barrage|p2a: Miraidon\n|-crit|p2a: Miraidon\n|-damage|p2a: Miraidon|0 fnt\n|faint|p2a: Miraidon\n|-damage|p1b: Shmeatrider|91/100|[from] item: Life Orb\n|\n|win|tortapoundervgc\n|raw|tortapoundervgc's rating: 1367 &rarr; <strong>1394</strong><br />(+27 for winning)\n|raw|Bman311's rating: 1502 &rarr; <strong>1475</strong><br />(-27 for losing)\n|l|\u2606Bman311\n|player|p2|\n|l|\u2606tortapoundervgc\n|player|p1|\n","uploadtime":1773797496,"views":10,"formatid":"gen9vgc2026regi","rating":1394,"private":0,"password":null}