{"id":"gen9vgc2026regi-2563645744","format":"[Gen 9] VGC 2026 Reg I","players":["ArisHazard","EllenJoe2026"],"log":"|j|\u2606ArisHazard\n|j|\u2606EllenJoe2026\n|t:|1774045733\n|gametype|doubles\n|player|p1|ArisHazard|2|1401\n|player|p2|EllenJoe2026|102|1469\n|gen|9\n|tier|[Gen 9] VGC 2026 Reg I\n|rated|\n|rule|Species Clause: Limit one of each Pok\u00e9mon\n|rule|Item Clause: Limit 1 of each item\n|clearpoke\n|poke|p1|Calyrex-Ice, L50|\n|poke|p1|Hitmontop, L50, M|\n|poke|p1|Miraidon, L50|\n|poke|p1|Sableye, L50, F|\n|poke|p1|Ting-Lu, L50|\n|poke|p1|Iron Valiant, L50|\n|poke|p2|Calyrex-Shadow, L50|\n|poke|p2|Zamazenta-*, L50|\n|poke|p2|Incineroar, L50, F|\n|poke|p2|Rillaboom, L50, F|\n|poke|p2|Ogerpon-Cornerstone, L50, F|\n|poke|p2|Tornadus, L50, M|\n|teampreview|4\n|inactive|Battle timer is ON: inactive players will automatically lose when time's up. (requested by EllenJoe2026)\n|inactive|EllenJoe2026 has 60 seconds left.\n|\n|t:|1774045764\n|teamsize|p1|4\n|teamsize|p2|4\n|start\n|switch|p1a: Calyrex|Calyrex-Ice, L50|100/100\n|switch|p1b: Hitmontop|Hitmontop, L50, M|100/100\n|switch|p2a: Rillaboom|Rillaboom, L50, F, shiny|100/100\n|switch|p2b: Incineroar|Incineroar, L50, F, shiny|100/100\n|-ability|p1a: Calyrex|As One\n|-ability|p1a: Calyrex|Unnerve\n|-fieldstart|move: Grassy Terrain|[from] ability: Grassy Surge|[of] p2a: Rillaboom\n|-ability|p1b: Hitmontop|Intimidate|boost\n|-unboost|p2a: Rillaboom|atk|1\n|-unboost|p2b: Incineroar|atk|1\n|-ability|p2b: Incineroar|Intimidate|boost\n|-fail|p1a: Calyrex|unboost|[from] item: Clear Amulet|[of] p1a: Calyrex\n|-unboost|p1b: Hitmontop|atk|1\n|turn|1\n|j| Knightdozo\n|inactive|EllenJoe2026 has 30 seconds left.\n|l| Knightdozo\n|\n|t:|1774045794\n|switch|p2b: Zamazenta|Zamazenta-Crowned, L50, shiny|100/100\n|-ability|p2b: Zamazenta|Dauntless Shield|boost\n|-boost|p2b: Zamazenta|def|1\n|move|p1a: Calyrex|Protect|p1a: Calyrex\n|-singleturn|p1a: Calyrex|Protect\n|move|p2a: Rillaboom|U-turn|p1b: Hitmontop\n|-resisted|p1b: Hitmontop\n|-damage|p1b: Hitmontop|92/100\n|\n|t:|1774045803\n|switch|p2a: Incineroar|Incineroar, L50, F, shiny|100/100|[from] U-turn\n|-ability|p2a: Incineroar|Intimidate|boost\n|-fail|p1a: Calyrex|unboost|[from] item: Clear Amulet|[of] p1a: Calyrex\n|-unboost|p1b: Hitmontop|atk|1\n|move|p1b: Hitmontop|Coaching|p1a: Calyrex\n|-boost|p1a: Calyrex|atk|1\n|-boost|p1a: Calyrex|def|1\n|\n|-heal|p1b: Hitmontop|98/100|[from] Grassy Terrain\n|upkeep\n|turn|2\n|\n|t:|1774045827\n|-terastallize|p1a: Calyrex|Fire\n|move|p1a: Calyrex|Protect||[still]\n|-fail|p1a: Calyrex\n|move|p2b: Zamazenta|Body Press|p1a: Calyrex\n|-damage|p1a: Calyrex|72/100\n|move|p1b: Hitmontop|Coaching|p1a: Calyrex\n|-boost|p1a: Calyrex|atk|1\n|-boost|p1a: Calyrex|def|1\n|move|p2a: Incineroar|Knock Off|p1a: Calyrex\n|-crit|p1a: Calyrex\n|-damage|p1a: Calyrex|36/100\n|-enditem|p1a: Calyrex|Clear Amulet|[from] move: Knock Off|[of] p2a: Incineroar\n|\n|-heal|p1b: Hitmontop|100/100|[from] Grassy Terrain\n|-heal|p1a: Calyrex|42/100|[from] Grassy Terrain\n|upkeep\n|turn|3\n|\n|t:|1774045849\n|move|p1a: Calyrex|Protect|p1a: Calyrex\n|-singleturn|p1a: Calyrex|Protect\n|move|p2b: Zamazenta|Body Press|p1a: Calyrex\n|-activate|p1a: Calyrex|move: Protect\n|move|p1b: Hitmontop|Coaching|p1a: Calyrex\n|-boost|p1a: Calyrex|atk|1\n|-boost|p1a: Calyrex|def|1\n|move|p2a: Incineroar|Parting Shot|p1a: Calyrex\n|-activate|p1a: Calyrex|move: Protect\n|\n|-heal|p1a: Calyrex|49/100|[from] Grassy Terrain\n|upkeep\n|turn|4\n|inactive|EllenJoe2026 has 30 seconds left.\n|inactive|EllenJoe2026 has 20 seconds left.\n|inactive|EllenJoe2026 has 15 seconds left.\n|\n|t:|1774045890\n|switch|p1b: Sableye|Sableye, L50, F|100/100\n|-terastallize|p2b: Zamazenta|Grass\n|move|p2b: Zamazenta|Wide Guard|p2b: Zamazenta\n|-singleturn|p2b: Zamazenta|Wide Guard\n|move|p2a: Incineroar|Parting Shot|p1a: Calyrex\n|-unboost|p1a: Calyrex|atk|1\n|-unboost|p1a: Calyrex|spa|1\n|\n|t:|1774045902\n|switch|p2a: Calyrex|Calyrex-Shadow, L50|100/100|[from] Parting Shot\n|-ability|p2a: Calyrex|As One\n|-ability|p2a: Calyrex|Unnerve\n|move|p1a: Calyrex|Stomping Tantrum|p2b: Zamazenta\n|-resisted|p2b: Zamazenta\n|-damage|p2b: Zamazenta|89/100\n|\n|-heal|p2b: Zamazenta|95/100|[from] Grassy Terrain\n|-heal|p1a: Calyrex|55/100|[from] Grassy Terrain\n|upkeep\n|turn|5\n|\n|t:|1774045925\n|move|p1b: Sableye|Protect|p1b: Sableye\n|-singleturn|p1b: Sableye|Protect\n|move|p1a: Calyrex|Protect|p1a: Calyrex\n|-singleturn|p1a: Calyrex|Protect\n|move|p2a: Calyrex|Astral Barrage|p1a: Calyrex|[spread] \n|-activate|p1a: Calyrex|move: Protect\n|-activate|p1b: Sableye|move: Protect\n|move|p2b: Zamazenta|Body Press|p1a: Calyrex\n|-activate|p1a: Calyrex|move: Protect\n|\n|-heal|p2b: Zamazenta|100/100|[from] Grassy Terrain\n|-heal|p1a: Calyrex|61/100|[from] Grassy Terrain\n|-fieldend|move: Grassy Terrain\n|upkeep\n|turn|6\n|\n|t:|1774045943\n|switch|p2a: Incineroar|Incineroar, L50, F, shiny|100/100\n|-ability|p2a: Incineroar|Intimidate|boost\n|-unboost|p1a: Calyrex|atk|1\n|-unboost|p1b: Sableye|atk|1\n|move|p1b: Sableye|Disable|p2a: Incineroar\n|-hint|Since gen 7, Dark is immune to Prankster moves.\n|-immune|p2a: Incineroar\n|move|p2b: Zamazenta|Body Press|p1a: Calyrex\n|-damage|p1a: Calyrex|41/100\n|move|p1a: Calyrex|Trick Room|p1a: Calyrex\n|-fieldstart|move: Trick Room|[of] p1a: Calyrex\n|\n|upkeep\n|turn|7\n|j| opalprince\n|\n|t:|1774045965\n|switch|p2a: Rillaboom|Rillaboom, L50, F, shiny|100/100\n|-fieldstart|move: Grassy Terrain|[from] ability: Grassy Surge|[of] p2a: Rillaboom\n|move|p1a: Calyrex|Protect|p1a: Calyrex\n|-singleturn|p1a: Calyrex|Protect\n|move|p2b: Zamazenta|Wide Guard|p2b: Zamazenta\n|-singleturn|p2b: Zamazenta|Wide Guard\n|move|p1b: Sableye|Disable|p2b: Zamazenta\n|-start|p2b: Zamazenta|Disable|Wide Guard\n|\n|-heal|p1a: Calyrex|47/100|[from] Grassy Terrain\n|upkeep\n|turn|8\n|inactive|EllenJoe2026 has 30 seconds left.\n|\n|t:|1774045991\n|switch|p1b: Hitmontop|Hitmontop, L50, M|100/100\n|-ability|p1b: Hitmontop|Intimidate|boost\n|-unboost|p2a: Rillaboom|atk|1\n|-unboost|p2b: Zamazenta|atk|1\n|move|p2a: Rillaboom|Fake Out|p1a: Calyrex\n|-damage|p1a: Calyrex|45/100\n|cant|p1a: Calyrex|flinch\n|move|p2b: Zamazenta|Heavy Slam|p1b: Hitmontop\n|-damage|p1b: Hitmontop|64/100\n|\n|-heal|p1a: Calyrex|51/100|[from] Grassy Terrain\n|-heal|p1b: Hitmontop|70/100|[from] Grassy Terrain\n|upkeep\n|turn|9\n|\n|t:|1774046012\n|switch|p2a: Incineroar|Incineroar, L50, F, shiny|100/100\n|-ability|p2a: Incineroar|Intimidate|boost\n|-unboost|p1a: Calyrex|atk|1\n|-unboost|p1b: Hitmontop|atk|1\n|move|p1a: Calyrex|Glacial Lance|p2b: Zamazenta|[spread] p2a,p2b\n|-resisted|p2a: Incineroar\n|-supereffective|p2b: Zamazenta\n|-damage|p2a: Incineroar|79/100\n|-damage|p2b: Zamazenta|54/100\n|move|p1b: Hitmontop|Close Combat|p2a: Incineroar\n|-supereffective|p2a: Incineroar\n|-damage|p2a: Incineroar|38/100\n|-unboost|p1b: Hitmontop|def|1\n|-unboost|p1b: Hitmontop|spd|1\n|move|p2b: Zamazenta|Body Press|p1b: Hitmontop\n|-damage|p1b: Hitmontop|0 fnt\n|faint|p1b: Hitmontop\n|\n|-heal|p1a: Calyrex|57/100|[from] Grassy Terrain\n|-heal|p2a: Incineroar|44/100|[from] Grassy Terrain\n|-heal|p2b: Zamazenta|60/100|[from] Grassy Terrain\n|upkeep\n|\n|t:|1774046033\n|switch|p1b: Sableye|Sableye, L50, F|100/100\n|turn|10\n|\n|t:|1774046040\n|move|p1a: Calyrex|Protect|p1a: Calyrex\n|-singleturn|p1a: Calyrex|Protect\n|move|p2a: Incineroar|Fake Out|p1a: Calyrex\n|-activate|p1a: Calyrex|move: Protect\n|move|p1b: Sableye|Disable||[still]\n|-fail|p1b: Sableye\n|move|p2b: Zamazenta|Heavy Slam|p1b: Sableye\n|-damage|p1b: Sableye|62/100\n|\n|-heal|p1a: Calyrex|63/100|[from] Grassy Terrain\n|-heal|p1b: Sableye|68/100|[from] Grassy Terrain\n|-heal|p2a: Incineroar|50/100|[from] Grassy Terrain\n|-heal|p2b: Zamazenta|66/100|[from] Grassy Terrain\n|-fieldend|move: Trick Room\n|upkeep\n|turn|11\n|\n|t:|1774046060\n|move|p2b: Zamazenta|Body Press|p1a: Calyrex\n|-damage|p1a: Calyrex|43/100\n|move|p2a: Incineroar|Parting Shot|p1a: Calyrex\n|-unboost|p1a: Calyrex|atk|1\n|-unboost|p1a: Calyrex|spa|1\n|\n|t:|1774046068\n|switch|p2a: Calyrex|Calyrex-Shadow, L50|100/100|[from] Parting Shot\n|-ability|p2a: Calyrex|As One\n|-ability|p2a: Calyrex|Unnerve\n|move|p1b: Sableye|Foul Play|p2a: Calyrex\n|-supereffective|p2a: Calyrex\n|-damage|p2a: Calyrex|4/100\n|move|p1a: Calyrex|Stomping Tantrum|p2a: Calyrex\n|-damage|p2a: Calyrex|0 fnt\n|faint|p2a: Calyrex\n|-ability|p1a: Calyrex|Chilling Neigh|boost\n|-boost|p1a: Calyrex|atk|1\n|\n|-heal|p2b: Zamazenta|73/100|[from] Grassy Terrain\n|-heal|p1b: Sableye|74/100|[from] Grassy Terrain\n|-heal|p1a: Calyrex|49/100|[from] Grassy Terrain\n|-end|p2b: Zamazenta|Disable\n|-fieldend|move: Grassy Terrain\n|upkeep\n|\n|t:|1774046086\n|switch|p2a: Incineroar|Incineroar, L50, F, shiny|50/100\n|-ability|p2a: Incineroar|Intimidate|boost\n|-unboost|p1a: Calyrex|atk|1\n|-unboost|p1b: Sableye|atk|1\n|turn|12\n|\n|t:|1774046103\n|move|p1b: Sableye|Protect|p1b: Sableye\n|-singleturn|p1b: Sableye|Protect\n|move|p2b: Zamazenta|Heavy Slam|p1b: Sableye\n|-activate|p1b: Sableye|move: Protect\n|move|p2a: Incineroar|Knock Off|p1b: Sableye\n|-activate|p1b: Sableye|move: Protect\n|move|p1a: Calyrex|Trick Room|p1a: Calyrex\n|-fieldstart|move: Trick Room|[of] p1a: Calyrex\n|\n|upkeep\n|turn|13\n|\n|t:|1774046122\n|move|p1b: Sableye|Disable|p2b: Zamazenta\n|-start|p2b: Zamazenta|Disable|Heavy Slam\n|move|p1a: Calyrex|Stomping Tantrum|p2a: Incineroar\n|-supereffective|p2a: Incineroar\n|-damage|p2a: Incineroar|15/100\n|move|p2a: Incineroar|Parting Shot|p1a: Calyrex\n|-unboost|p1a: Calyrex|atk|1\n|-unboost|p1a: Calyrex|spa|1\n|\n|t:|1774046132\n|switch|p2a: Rillaboom|Rillaboom, L50, F, shiny|100/100|[from] Parting Shot\n|-fieldstart|move: Grassy Terrain|[from] ability: Grassy Surge|[of] p2a: Rillaboom\n|move|p2b: Zamazenta|Body Press|p1a: Calyrex\n|-damage|p1a: Calyrex|31/100\n|\n|-heal|p1a: Calyrex|37/100|[from] Grassy Terrain\n|-heal|p1b: Sableye|79/100|[from] Grassy Terrain\n|-heal|p2b: Zamazenta|79/100|[from] Grassy Terrain\n|upkeep\n|turn|14\n|\n|t:|1774046150\n|move|p1b: Sableye|Protect|p1b: Sableye\n|-singleturn|p1b: Sableye|Protect\n|move|p1a: Calyrex|Protect|p1a: Calyrex\n|-singleturn|p1a: Calyrex|Protect\n|move|p2b: Zamazenta|Wide Guard|p2b: Zamazenta\n|-singleturn|p2b: Zamazenta|Wide Guard\n|move|p2a: Rillaboom|Wood Hammer|p1b: Sableye\n|-activate|p1b: Sableye|move: Protect\n|\n|-heal|p1a: Calyrex|43/100|[from] Grassy Terrain\n|-heal|p1b: Sableye|85/100|[from] Grassy Terrain\n|-heal|p2b: Zamazenta|85/100|[from] Grassy Terrain\n|upkeep\n|turn|15\n|\n|t:|1774046165\n|switch|p1a: Miraidon|Miraidon, L50|100/100\n|-fieldstart|move: Electric Terrain|[from] ability: Hadron Engine|[of] p1a: Miraidon\n|move|p2b: Zamazenta|Wide Guard|p2b: Zamazenta\n|-singleturn|p2b: Zamazenta|Wide Guard\n|move|p1b: Sableye|Encore|p2b: Zamazenta\n|-start|p2b: Zamazenta|Encore\n|move|p2a: Rillaboom|Wood Hammer|p1b: Sableye\n|-damage|p1b: Sableye|9/100\n|-enditem|p1b: Sableye|Sitrus Berry|[eat]\n|-heal|p1b: Sableye|34/100|[from] item: Sitrus Berry\n|-damage|p2a: Rillaboom|81/100|[from] Recoil\n|\n|upkeep\n|turn|16\n|\n|t:|1774046184\n|switch|p1b: Calyrex|Calyrex-Ice, L50, tera:Fire|43/100\n|-ability|p1b: Calyrex|As One\n|-ability|p1b: Calyrex|Unnerve\n|move|p2b: Zamazenta|Wide Guard|p2b: Zamazenta\n|-singleturn|p2b: Zamazenta|Wide Guard\n|move|p2a: Rillaboom|U-turn|p1b: Calyrex\n|-resisted|p1b: Calyrex\n|-damage|p1b: Calyrex|35/100\n|j| baba567\n|\n|t:|1774046193\n|switch|p2a: Incineroar|Incineroar, L50, F, shiny|15/100|[from] U-turn\n|-ability|p2a: Incineroar|Intimidate|boost\n|-unboost|p1a: Miraidon|atk|1\n|-unboost|p1b: Calyrex|atk|1\n|move|p1a: Miraidon|Volt Switch|p2a: Incineroar\n|-damage|p2a: Incineroar|0 fnt\n|faint|p2a: Incineroar\n|l| baba567\n|\n|t:|1774046203\n|switch|p1a: Sableye|Sableye, L50, F|34/100|[from] Volt Switch\n|\n|-end|p2b: Zamazenta|Disable\n|-fieldend|move: Trick Room\n|upkeep\n|\n|t:|1774046206\n|switch|p2a: Rillaboom|Rillaboom, L50, F, shiny|81/100\n|-fieldstart|move: Grassy Terrain|[from] ability: Grassy Surge|[of] p2a: Rillaboom\n|turn|17\n|\n|t:|1774046216\n|move|p1a: Sableye|Protect|p1a: Sableye\n|-singleturn|p1a: Sableye|Protect\n|move|p2b: Zamazenta|Wide Guard|p2b: Zamazenta\n|-singleturn|p2b: Zamazenta|Wide Guard\n|move|p2a: Rillaboom|Wood Hammer|p1a: Sableye\n|-activate|p1a: Sableye|move: Protect\n|move|p1b: Calyrex|Glacial Lance|p2b: Zamazenta|[spread] \n|-activate|p2a: Rillaboom|move: Wide Guard\n|-activate|p2b: Zamazenta|move: Wide Guard\n|\n|-heal|p2b: Zamazenta|91/100|[from] Grassy Terrain\n|-heal|p2a: Rillaboom|87/100|[from] Grassy Terrain\n|-heal|p1a: Sableye|39/100|[from] Grassy Terrain\n|-heal|p1b: Calyrex|41/100|[from] Grassy Terrain\n|upkeep\n|turn|18\n|\n|t:|1774046235\n|switch|p1b: Miraidon|Miraidon, L50|100/100\n|-fieldstart|move: Electric Terrain|[from] ability: Hadron Engine|[of] p1b: Miraidon\n|move|p2b: Zamazenta|Wide Guard|p2b: Zamazenta\n|-singleturn|p2b: Zamazenta|Wide Guard\n|move|p1a: Sableye|Disable|p2a: Rillaboom\n|-start|p2a: Rillaboom|Disable|Wood Hammer\n|move|p2a: Rillaboom|Grassy Glide|p1a: Sableye\n|-damage|p1a: Sableye|9/100\n|\n|-end|p2b: Zamazenta|Encore\n|upkeep\n|turn|19\n|\n|t:|1774046256\n|move|p1a: Sableye|Encore|p2b: Zamazenta\n|-start|p2b: Zamazenta|Encore\n|move|p1b: Miraidon|Electro Drift|p2a: Rillaboom\n|-resisted|p2a: Rillaboom\n|-damage|p2a: Rillaboom|52/100\n|move|p2b: Zamazenta|Wide Guard|p2b: Zamazenta\n|-singleturn|p2b: Zamazenta|Wide Guard\n|move|p2a: Rillaboom|Grassy Glide|p1a: Sableye\n|-damage|p1a: Sableye|0 fnt\n|faint|p1a: Sableye\n|\n|upkeep\n|\n|t:|1774046270\n|switch|p1a: Calyrex|Calyrex-Ice, L50, tera:Fire|41/100\n|-ability|p1a: Calyrex|As One\n|-ability|p1a: Calyrex|Unnerve\n|turn|20\n|j| Knightdozo\n|inactive|EllenJoe2026 has 30 seconds left.\n|inactive|EllenJoe2026 has 20 seconds left.\n|inactive|EllenJoe2026 has 15 seconds left.\n|inactive|EllenJoe2026 has 10 seconds left.\n|inactive|EllenJoe2026 has 5 seconds left.\n|\n|t:|1774046325\n|move|p2b: Zamazenta|Wide Guard|p2b: Zamazenta\n|-singleturn|p2b: Zamazenta|Wide Guard\n|move|p1b: Miraidon|Electro Drift|p2a: Rillaboom\n|-resisted|p2a: Rillaboom\n|-damage|p2a: Rillaboom|18/100\n|move|p2a: Rillaboom|U-turn|p1a: Calyrex\n|-resisted|p1a: Calyrex\n|-damage|p1a: Calyrex|34/100\n|move|p1a: Calyrex|Stomping Tantrum|p2a: Rillaboom\n|-resisted|p2a: Rillaboom\n|-damage|p2a: Rillaboom|4/100\n|\n|upkeep\n|turn|21\n|inactive|EllenJoe2026 has 20 seconds left this turn.\n|inactive|EllenJoe2026 has 15 seconds left.\n|inactive|EllenJoe2026 has 10 seconds left.\n|inactive|EllenJoe2026 has 5 seconds left.\n|-message|EllenJoe2026 lost due to inactivity.\n|\n|win|ArisHazard\n|raw|ArisHazard's rating: 1401 &rarr; <strong>1423</strong><br />(+22 for winning)\n|raw|EllenJoe2026's rating: 1443 &rarr; <strong>1421</strong><br />(-22 for losing)\n|l|\u2606ArisHazard\n|player|p1|\n|l| Knightdozo\n|l| opalprince\n","uploadtime":1774046555,"views":13,"formatid":"gen9vgc2026regi","rating":1421,"private":0,"password":null}