{"id":"gen9vgc2026regi-2551213053","format":"[Gen 9] VGC 2026 Reg I","players":["it'sjustken vgc","Ritmonardo"],"log":"|j|\u2606it'sjustken vgc\n|j|\u2606Ritmonardo\n|t:|1772574983\n|gametype|doubles\n|player|p1|it'sjustken vgc|169|1441\n|player|p2|Ritmonardo|170|1431\n|gen|9\n|tier|[Gen 9] VGC 2026 Reg I\n|rated|\n|rule|Species Clause: Limit one of each Pok\u00e9mon\n|rule|Item Clause: Limit 1 of each item\n|clearpoke\n|poke|p1|Koraidon, L50|\n|poke|p1|Incineroar, L50, F|\n|poke|p1|Calyrex-Shadow, L50|\n|poke|p1|Amoonguss, L50, F|\n|poke|p1|Urshifu-*, L50, F|\n|poke|p1|Tornadus, L50, M|\n|poke|p2|Calyrex-Shadow, L50|\n|poke|p2|Weezing-Galar, L50, F|\n|poke|p2|Whimsicott, L50, F|\n|poke|p2|Urshifu-*, L50, F|\n|poke|p2|Incineroar, L50, M|\n|poke|p2|Flutter Mane, L50|\n|teampreview|4\n|inactive|Battle timer is ON: inactive players will automatically lose when time's up. (requested by it'sjustken vgc)\n|inactive|Ritmonardo has 60 seconds left.\n|\n|t:|1772575024\n|teamsize|p1|4\n|teamsize|p2|4\n|start\n|switch|p1a: Calyrex|Calyrex-Shadow, L50|100/100\n|switch|p1b: Amoonguss|Amoonguss, L50, F|100/100\n|switch|p2a: Whimsicott|Whimsicott, L50, F|100/100\n|switch|p2b: Calyrex|Calyrex-Shadow, L50|100/100\n|-ability|p2b: Calyrex|As One\n|-ability|p2b: Calyrex|Unnerve\n|-ability|p1a: Calyrex|As One\n|-ability|p1a: Calyrex|Unnerve\n|turn|1\n|inactive|it'sjustken vgc has 30 seconds left.\n|\n|t:|1772575050\n|switch|p1a: Incineroar|Incineroar, L50, F|100/100\n|-ability|p1a: Incineroar|Intimidate|boost\n|-unboost|p2a: Whimsicott|atk|1\n|-unboost|p2b: Calyrex|atk|1\n|move|p2a: Whimsicott|Fake Tears|p1b: Amoonguss\n|-unboost|p1b: Amoonguss|spd|2\n|move|p2b: Calyrex|Astral Barrage|p1b: Amoonguss|[spread] p1a,p1b\n|-resisted|p1a: Incineroar\n|-damage|p1a: Incineroar|81/100\n|-damage|p1b: Amoonguss|7/100\n|move|p1b: Amoonguss|Spore|p2b: Calyrex\n|-status|p2b: Calyrex|slp|[from] move: Spore\n|\n|upkeep\n|turn|2\n|inactive|Ritmonardo has 30 seconds left.\n|\n|t:|1772575078\n|switch|p1b: Calyrex|Calyrex-Shadow, L50|100/100\n|-ability|p1b: Calyrex|As One\n|-ability|p1b: Calyrex|Unnerve\n|cant|p2b: Calyrex|slp\n|move|p2a: Whimsicott|Moonblast|p1b: Calyrex\n|-damage|p1b: Calyrex|66/100\n|move|p1a: Incineroar|Knock Off|p2b: Calyrex\n|-supereffective|p2b: Calyrex\n|-crit|p2b: Calyrex\n|-enditem|p2b: Calyrex|Focus Sash\n|-damage|p2b: Calyrex|1/100 slp\n|\n|upkeep\n|turn|3\n|\n|t:|1772575102\n|switch|p2b: Incineroar|Incineroar, L50, M|100/100\n|-ability|p2b: Incineroar|Intimidate|boost\n|-unboost|p1a: Incineroar|atk|1\n|-unboost|p1b: Calyrex|atk|1\n|move|p2a: Whimsicott|Tailwind|p2a: Whimsicott\n|-sidestart|p2: Ritmonardo|move: Tailwind\n|move|p1b: Calyrex|Astral Barrage|p2a: Whimsicott|[spread] p2a,p2b\n|-resisted|p2b: Incineroar\n|-damage|p2a: Whimsicott|0 fnt\n|-damage|p2b: Incineroar|64/100\n|faint|p2a: Whimsicott\n|-ability|p1b: Calyrex|Grim Neigh|boost\n|-boost|p1b: Calyrex|spa|1\n|-damage|p1b: Calyrex|56/100|[from] item: Life Orb\n|move|p1a: Incineroar|U-turn|p2b: Incineroar\n|-damage|p2b: Incineroar|52/100\n|\n|t:|1772575109\n|switch|p1a: Urshifu|Urshifu-Rapid-Strike, L50, F|100/100|[from] U-turn\n|\n|upkeep\n|\n|t:|1772575114\n|switch|p2a: Flutter Mane|Flutter Mane, L50|100/100\n|-enditem|p2a: Flutter Mane|Booster Energy\n|-activate|p2a: Flutter Mane|ability: Protosynthesis|[fromitem]\n|-start|p2a: Flutter Mane|protosynthesisspe\n|turn|4\n|\n|t:|1772575125\n|switch|p1a: Incineroar|Incineroar, L50, F|81/100\n|-ability|p1a: Incineroar|Intimidate|boost\n|-unboost|p2a: Flutter Mane|atk|1\n|-unboost|p2b: Incineroar|atk|1\n|-terastallize|p2a: Flutter Mane|Normal\n|move|p1b: Calyrex|Protect|p1b: Calyrex\n|-singleturn|p1b: Calyrex|Protect\n|move|p2b: Incineroar|Fake Out|p1a: Incineroar\n|-crit|p1a: Incineroar\n|-damage|p1a: Incineroar|63/100\n|move|p2a: Flutter Mane|Dazzling Gleam|p1a: Incineroar|[spread] p1a\n|-activate|p1b: Calyrex|move: Protect\n|-damage|p1a: Incineroar|39/100\n|\n|upkeep\n|turn|5\n|\n|t:|1772575145\n|-terastallize|p1b: Calyrex|Ghost\n|move|p1a: Incineroar|Fake Out|p2a: Flutter Mane\n|-damage|p2a: Flutter Mane|73/100\n|cant|p2a: Flutter Mane|flinch\n|move|p1b: Calyrex|Astral Barrage|p2a: Flutter Mane|[spread] p2b\n|-immune|p2a: Flutter Mane\n|-resisted|p2b: Incineroar\n|-damage|p2b: Incineroar|0 fnt\n|faint|p2b: Incineroar\n|-ability|p1b: Calyrex|Grim Neigh|boost\n|-boost|p1b: Calyrex|spa|1\n|-damage|p1b: Calyrex|47/100|[from] item: Life Orb\n|\n|upkeep\n|\n|t:|1772575150\n|switch|p2b: Calyrex|Calyrex-Shadow, L50|1/100 slp\n|-ability|p2b: Calyrex|As One\n|-ability|p2b: Calyrex|Unnerve\n|turn|6\n|\n|t:|1772575161\n|move|p2a: Flutter Mane|Dazzling Gleam|p1a: Incineroar|[spread] p1a,p1b\n|-damage|p1a: Incineroar|16/100\n|-damage|p1b: Calyrex|14/100\n|cant|p2b: Calyrex|slp\n|move|p1b: Calyrex|Astral Barrage|p2a: Flutter Mane|[spread] p2b\n|-immune|p2a: Flutter Mane\n|-supereffective|p2b: Calyrex\n|-damage|p2b: Calyrex|0 fnt\n|faint|p2b: Calyrex\n|-ability|p1b: Calyrex|Grim Neigh|boost\n|-boost|p1b: Calyrex|spa|1\n|-damage|p1b: Calyrex|5/100|[from] item: Life Orb\n|move|p1a: Incineroar|U-turn|p2a: Flutter Mane\n|-damage|p2a: Flutter Mane|21/100\n|\n|t:|1772575165\n|switch|p1a: Urshifu|Urshifu-Rapid-Strike, L50, F|100/100|[from] U-turn\n|\n|-sideend|p2: Ritmonardo|move: Tailwind\n|upkeep\n|turn|7\n|\n|t:|1772575170\n|move|p1a: Urshifu|Aqua Jet|p2a: Flutter Mane\n|-damage|p2a: Flutter Mane|0 fnt\n|faint|p2a: Flutter Mane\n|-end|p2a: Flutter Mane|Protosynthesis|[silent]\n|\n|win|it'sjustken vgc\n|raw|it&apos;sjustken vgc's rating: 1441 &rarr; <strong>1460</strong><br />(+19 for winning)\n|raw|Ritmonardo's rating: 1431 &rarr; <strong>1412</strong><br />(-19 for losing)\n|c|\u2606it'sjustken vgc|gg wp\n","uploadtime":1772575172,"views":15,"formatid":"gen9vgc2026regi","rating":1412,"private":0,"password":null}