{"id":"gen9vgc2026regi-2548830591","format":"[Gen 9] VGC 2026 Reg I","players":["Schimmli","RickyZainer"],"log":"|j|\u2606Schimmli\n|j|\u2606RickyZainer\n|t:|1772265168\n|gametype|doubles\n|player|p1|Schimmli|101|1457\n|player|p2|RickyZainer|266|1370\n|gen|9\n|tier|[Gen 9] VGC 2026 Reg I\n|rated|\n|rule|Species Clause: Limit one of each Pok\u00e9mon\n|rule|Item Clause: Limit 1 of each item\n|clearpoke\n|poke|p1|Farigiraf, L50, F|\n|poke|p1|Miraidon, L50|\n|poke|p1|Rayquaza, L50|\n|poke|p1|Chien-Pao, L50|\n|poke|p1|Iron Hands, L50|\n|poke|p1|Volcarona, L50, F|\n|poke|p2|Calyrex-Ice, L50|\n|poke|p2|Koraidon, L50|\n|poke|p2|Incineroar, L50, F|\n|poke|p2|Brute Bonnet, L50|\n|poke|p2|Flutter Mane, L50|\n|poke|p2|Enamorus-Therian, L50, F|\n|teampreview|4\n|\n|t:|1772265195\n|teamsize|p1|4\n|teamsize|p2|4\n|start\n|switch|p1a: Miraidon|Miraidon, L50|100/100\n|switch|p1b: Rayquaza|Rayquaza, L50|100/100\n|switch|p2a: Calyrex|Calyrex-Ice, L50|100/100\n|switch|p2b: Incineroar|Incineroar, L50, F|100/100\n|-ability|p2a: Calyrex|As One\n|-ability|p2a: Calyrex|Unnerve\n|-fieldstart|move: Electric Terrain|[from] ability: Hadron Engine|[of] p1a: Miraidon\n|-ability|p1b: Rayquaza|Air Lock\n|-ability|p2b: Incineroar|Intimidate|boost\n|-unboost|p1a: Miraidon|atk|1\n|-fail|p1b: Rayquaza|unboost|[from] item: Clear Amulet|[of] p1b: Rayquaza\n|turn|1\n|\n|t:|1772265215\n|move|p1b: Rayquaza|Protect|p1b: Rayquaza\n|-singleturn|p1b: Rayquaza|Protect\n|move|p2b: Incineroar|Fake Out|p1a: Miraidon\n|-damage|p1a: Miraidon|91/100\n|cant|p1a: Miraidon|flinch\n|move|p2a: Calyrex|Trick Room|p2a: Calyrex\n|-fieldstart|move: Trick Room|[of] p2a: Calyrex\n|\n|upkeep\n|turn|2\n|\n|t:|1772265231\n|switch|p1a: Volcarona|Volcarona, L50, F|100/100\n|-terastallize|p1b: Rayquaza|Normal\n|move|p2a: Calyrex|Glacial Lance|p1a: Volcarona|[spread] p1a,p1b\n|-resisted|p1a: Volcarona\n|-damage|p1a: Volcarona|74/100\n|-damage|p1b: Rayquaza|35/100\n|move|p2b: Incineroar|Knock Off|p1b: Rayquaza\n|-damage|p1b: Rayquaza|2/100\n|-enditem|p1b: Rayquaza|Clear Amulet|[from] move: Knock Off|[of] p2b: Incineroar\n|move|p1b: Rayquaza|Swords Dance|p1b: Rayquaza\n|-boost|p1b: Rayquaza|atk|2\n|\n|upkeep\n|turn|3\n|\n|t:|1772265249\n|move|p2a: Calyrex|Protect|p2a: Calyrex\n|-singleturn|p2a: Calyrex|Protect\n|move|p1b: Rayquaza|Protect|p1b: Rayquaza\n|-singleturn|p1b: Rayquaza|Protect\n|move|p2b: Incineroar|Knock Off|p1b: Rayquaza\n|-activate|p1b: Rayquaza|move: Protect\n|move|p1a: Volcarona|Flamethrower|p2a: Calyrex\n|-activate|p2a: Calyrex|move: Protect\n|\n|upkeep\n|turn|4\n|\n|t:|1772265264\n|move|p1b: Rayquaza|Extreme Speed|p2a: Calyrex\n|-damage|p2a: Calyrex|26/100\n|move|p2a: Calyrex|High Horsepower|p1a: Volcarona\n|-damage|p1a: Volcarona|38/100\n|-damage|p2a: Calyrex|9/100|[from] item: Rocky Helmet|[of] p1a: Volcarona\n|move|p2b: Incineroar|Knock Off|p1b: Rayquaza\n|-damage|p1b: Rayquaza|0 fnt\n|faint|p1b: Rayquaza\n|move|p1a: Volcarona|Flamethrower|p2a: Calyrex\n|-supereffective|p2a: Calyrex\n|-damage|p2a: Calyrex|0 fnt\n|faint|p2a: Calyrex\n|\n|upkeep\n|\n|t:|1772265273\n|switch|p2a: Enamorus|Enamorus-Therian, L50, F|100/100\n|switch|p1b: Iron Hands|Iron Hands, L50|100/100\n|-activate|p1b: Iron Hands|ability: Quark Drive\n|-start|p1b: Iron Hands|quarkdriveatk\n|turn|5\n|\n|t:|1772265298\n|move|p2a: Enamorus|Moonblast|p1b: Iron Hands\n|-supereffective|p1b: Iron Hands\n|-damage|p1b: Iron Hands|1/100\n|-unboost|p1b: Iron Hands|spa|1\n|move|p1b: Iron Hands|Wild Charge|p2a: Enamorus\n|-supereffective|p2a: Enamorus\n|-damage|p2a: Enamorus|0 fnt\n|faint|p2a: Enamorus\n|-damage|p1b: Iron Hands|0 fnt|[from] Recoil\n|faint|p1b: Iron Hands\n|-end|p1b: Iron Hands|Quark Drive|[silent]\n|move|p2b: Incineroar|Knock Off|p1a: Volcarona\n|-damage|p1a: Volcarona|4/100\n|-damage|p2b: Incineroar|84/100|[from] item: Rocky Helmet|[of] p1a: Volcarona\n|-enditem|p1a: Volcarona|Rocky Helmet|[from] move: Knock Off|[of] p2b: Incineroar\n|move|p1a: Volcarona|Struggle Bug|p2b: Incineroar\n|-damage|p2b: Incineroar|64/100\n|-unboost|p2b: Incineroar|spa|1\n|\n|-fieldend|move: Trick Room\n|-fieldend|move: Electric Terrain\n|upkeep\n|\n|t:|1772265314\n|switch|p1b: Miraidon|Miraidon, L50|91/100\n|switch|p2a: Brute Bonnet|Brute Bonnet, L50|100/100\n|-fieldstart|move: Electric Terrain|[from] ability: Hadron Engine|[of] p1b: Miraidon\n|turn|6\n|\n|t:|1772265327\n|move|p2a: Brute Bonnet|Sucker Punch|p1a: Volcarona\n|-damage|p1a: Volcarona|0 fnt\n|-status|p2a: Brute Bonnet|brn|[from] ability: Flame Body|[of] p1a: Volcarona\n|faint|p1a: Volcarona\n|move|p1b: Miraidon|Electro Drift|p2b: Incineroar\n|-damage|p2b: Incineroar|0 fnt\n|faint|p2b: Incineroar\n|\n|-damage|p2a: Brute Bonnet|95/100 brn|[from] brn\n|upkeep\n|turn|7\n|\n|t:|1772265338\n|move|p1b: Miraidon|Electro Drift|p2a: Brute Bonnet\n|-resisted|p2a: Brute Bonnet\n|-damage|p2a: Brute Bonnet|56/100 brn\n|move|p2a: Brute Bonnet|Seed Bomb|p1b: Miraidon\n|-resisted|p1b: Miraidon\n|-damage|p1b: Miraidon|84/100\n|\n|-damage|p2a: Brute Bonnet|50/100 brn|[from] brn\n|upkeep\n|turn|8\n|\n|t:|1772265346\n|move|p2a: Brute Bonnet|Sucker Punch|p1b: Miraidon\n|-damage|p1b: Miraidon|72/100\n|move|p1b: Miraidon|Electro Drift|p2a: Brute Bonnet\n|-resisted|p2a: Brute Bonnet\n|-damage|p2a: Brute Bonnet|12/100 brn\n|\n|-damage|p2a: Brute Bonnet|6/100 brn|[from] brn\n|upkeep\n|turn|9\n|-message|RickyZainer forfeited.\n|\n|win|Schimmli\n|raw|Schimmli's rating: 1457 &rarr; <strong>1472</strong><br />(+15 for winning)\n|raw|RickyZainer's rating: 1370 &rarr; <strong>1355</strong><br />(-15 for losing)\n|l|\u2606RickyZainer\n|player|p2|\n|l|\u2606Schimmli\n|player|p1|\n","uploadtime":1772265523,"views":14,"formatid":"gen9vgc2026regi","rating":1355,"private":0,"password":null}