{"id":"gen9vgc2026regi-2573270923","format":"[Gen 9] VGC 2026 Reg I","players":["Bman311","lpinotti"],"log":"|j|\u2606Bman311\n|j|\u2606lpinotti\n|t:|1775112819\n|gametype|doubles\n|player|p1|Bman311|265|1457\n|player|p2|lpinotti|1|1380\n|gen|9\n|tier|[Gen 9] VGC 2026 Reg I\n|rated|\n|rule|Species Clause: Limit one of each Pok\u00e9mon\n|rule|Item Clause: Limit 1 of each item\n|clearpoke\n|poke|p1|Koraidon, L50|\n|poke|p1|Calyrex-Ice, L50|\n|poke|p1|Incineroar, L50, M|\n|poke|p1|Brute Bonnet, L50|\n|poke|p1|Flutter Mane, L50|\n|poke|p1|Gouging Fire, L50|\n|poke|p2|Koraidon, L50|\n|poke|p2|Ho-Oh, L50|\n|poke|p2|Whimsicott, L50, F|\n|poke|p2|Flutter Mane, L50|\n|poke|p2|Raging Bolt, L50|\n|poke|p2|Incineroar, L50, F|\n|teampreview|4\n|inactive|Battle timer is ON: inactive players will automatically lose when time's up. (requested by lpinotti)\n|inactive|Bman311 also wants the timer to be on.\n|inactive|lpinotti has 60 seconds left.\n|\n|t:|1775112857\n|teamsize|p1|4\n|teamsize|p2|4\n|start\n|switch|p1a: Calyrex|Calyrex-Ice, L50|100/100\n|switch|p1b: Incineroar|Incineroar, L50, M|100/100\n|switch|p2a: Whimsicott|Whimsicott, L50, F|100/100\n|switch|p2b: Ho-Oh|Ho-Oh, L50|100/100\n|-ability|p1a: Calyrex|As One\n|-ability|p1a: Calyrex|Unnerve\n|-ability|p1b: Incineroar|Intimidate|boost\n|-unboost|p2a: Whimsicott|atk|1\n|-unboost|p2b: Ho-Oh|atk|1\n|turn|1\n|\n|t:|1775112867\n|-terastallize|p1a: Calyrex|Water\n|move|p2a: Whimsicott|Protect|p2a: Whimsicott\n|-singleturn|p2a: Whimsicott|Protect\n|move|p2b: Ho-Oh|Sacred Fire|p1a: Calyrex\n|-resisted|p1a: Calyrex\n|-damage|p1a: Calyrex|90/100\n|-status|p1a: Calyrex|brn\n|move|p1b: Incineroar|Flare Blitz|p2a: Whimsicott\n|-activate|p2a: Whimsicott|move: Protect\n|move|p1a: Calyrex|Trick Room|p1a: Calyrex\n|-fieldstart|move: Trick Room|[of] p1a: Calyrex\n|\n|-damage|p1a: Calyrex|85/100 brn|[from] brn\n|upkeep\n|turn|2\n|inactive|lpinotti has 30 seconds left.\n|\n|t:|1775112896\n|move|p2a: Whimsicott|Encore|p1a: Calyrex\n|-start|p1a: Calyrex|Encore\n|move|p1a: Calyrex|Trick Room|p1a: Calyrex\n|-fieldend|move: Trick Room\n|move|p2b: Ho-Oh|Brave Bird|p1b: Incineroar\n|-damage|p1b: Incineroar|61/100\n|-damage|p2b: Ho-Oh|88/100|[from] Recoil\n|move|p1b: Incineroar|U-turn|p2a: Whimsicott\n|-damage|p2a: Whimsicott|67/100\n|\n|t:|1775112904\n|switch|p1b: Koraidon|Koraidon, L50|100/100|[from] U-turn\n|-weather|SunnyDay|[from] ability: Orichalcum Pulse|[of] p1b: Koraidon\n|-activate|p1b: Koraidon|Orichalcum Pulse|[source]\n|\n|-weather|SunnyDay|[upkeep]\n|-heal|p2b: Ho-Oh|94/100|[from] item: Leftovers\n|-damage|p1a: Calyrex|79/100 brn|[from] brn\n|upkeep\n|turn|3\n|\n|t:|1775112919\n|move|p2a: Whimsicott|Protect|p2a: Whimsicott\n|-singleturn|p2a: Whimsicott|Protect\n|move|p1b: Koraidon|Flame Charge|p2a: Whimsicott\n|-activate|p2a: Whimsicott|move: Protect\n|move|p2b: Ho-Oh|Brave Bird|p1b: Koraidon\n|-supereffective|p1b: Koraidon\n|-damage|p1b: Koraidon|25/100\n|-damage|p2b: Ho-Oh|74/100|[from] Recoil\n|move|p1a: Calyrex|Trick Room|p1a: Calyrex\n|-fieldstart|move: Trick Room|[of] p1a: Calyrex\n|\n|-weather|SunnyDay|[upkeep]\n|-heal|p2b: Ho-Oh|80/100|[from] item: Leftovers\n|-damage|p1a: Calyrex|73/100 brn|[from] brn\n|upkeep\n|turn|4\n|\n|t:|1775112940\n|switch|p1a: Brute Bonnet|Brute Bonnet, L50|100/100\n|-activate|p1a: Brute Bonnet|ability: Protosynthesis\n|-start|p1a: Brute Bonnet|protosynthesisdef\n|switch|p1b: Incineroar|Incineroar, L50, M|61/100\n|-ability|p1b: Incineroar|Intimidate|boost\n|-unboost|p2a: Whimsicott|atk|1\n|-unboost|p2b: Ho-Oh|atk|1\n|move|p2b: Ho-Oh|Substitute|p2b: Ho-Oh\n|-start|p2b: Ho-Oh|Substitute\n|-damage|p2b: Ho-Oh|55/100\n|move|p2a: Whimsicott|Moonblast|p1b: Incineroar\n|-damage|p1b: Incineroar|41/100\n|\n|-weather|SunnyDay|[upkeep]\n|-heal|p2b: Ho-Oh|61/100|[from] item: Leftovers\n|upkeep\n|turn|5\n|\n|t:|1775112965\n|-end|p1a: Brute Bonnet|Protosynthesis|[silent]\n|switch|p1a: Calyrex|Calyrex-Ice, L50, tera:Water|73/100 brn\n|-ability|p1a: Calyrex|As One\n|-ability|p1a: Calyrex|Unnerve\n|move|p2a: Whimsicott|Protect|p2a: Whimsicott\n|-singleturn|p2a: Whimsicott|Protect\n|move|p1b: Incineroar|Knock Off|p2b: Ho-Oh\n|-end|p2b: Ho-Oh|Substitute\n|move|p2b: Ho-Oh|Sacred Fire|p1a: Calyrex\n|-resisted|p1a: Calyrex\n|-damage|p1a: Calyrex|60/100 brn\n|\n|-weather|SunnyDay|[upkeep]\n|-heal|p2b: Ho-Oh|67/100|[from] item: Leftovers\n|-damage|p1a: Calyrex|54/100 brn|[from] brn\n|upkeep\n|turn|6\n|\n|t:|1775112987\n|switch|p2a: Incineroar|Incineroar, L50, F|100/100\n|-ability|p2a: Incineroar|Intimidate|boost\n|-fail|p1a: Calyrex|unboost|[from] item: Clear Amulet|[of] p1a: Calyrex\n|-unboost|p1b: Incineroar|atk|1\n|move|p2b: Ho-Oh|Protect|p2b: Ho-Oh\n|-singleturn|p2b: Ho-Oh|Protect\n|move|p1a: Calyrex|Glacial Lance|p2a: Incineroar|[spread] p2a\n|-activate|p2b: Ho-Oh|move: Protect\n|-resisted|p2a: Incineroar\n|-damage|p2a: Incineroar|87/100\n|move|p1b: Incineroar|U-turn|p2a: Incineroar\n|-damage|p2a: Incineroar|74/100\n|\n|t:|1775112991\n|switch|p1b: Brute Bonnet|Brute Bonnet, L50|100/100|[from] U-turn\n|-activate|p1b: Brute Bonnet|ability: Protosynthesis\n|-start|p1b: Brute Bonnet|protosynthesisdef\n|\n|-weather|none\n|-end|p1b: Brute Bonnet|Protosynthesis\n|-heal|p2b: Ho-Oh|73/100|[from] item: Leftovers\n|-damage|p1a: Calyrex|48/100 brn|[from] brn\n|upkeep\n|turn|7\n|\n|t:|1775113014\n|switch|p1a: Incineroar|Incineroar, L50, M|41/100\n|-ability|p1a: Incineroar|Intimidate|boost\n|-unboost|p2a: Incineroar|atk|1\n|-unboost|p2b: Ho-Oh|atk|1\n|move|p2a: Incineroar|Fake Out|p1b: Brute Bonnet\n|-damage|p1b: Brute Bonnet|95/100\n|move|p1b: Brute Bonnet|Spore|p2b: Ho-Oh\n|-status|p2b: Ho-Oh|slp|[from] move: Spore\n|cant|p2b: Ho-Oh|slp\n|\n|-heal|p2b: Ho-Oh|79/100 slp|[from] item: Leftovers\n|-fieldend|move: Trick Room\n|upkeep\n|turn|8\n|inactive|lpinotti has 30 seconds left.\n|\n|t:|1775113042\n|switch|p2b: Whimsicott|Whimsicott, L50, F|67/100\n|move|p1a: Incineroar|U-turn|p2a: Incineroar\n|-damage|p2a: Incineroar|52/100\n|\n|t:|1775113048\n|switch|p1a: Calyrex|Calyrex-Ice, L50, tera:Water|48/100 brn|[from] U-turn\n|-ability|p1a: Calyrex|As One\n|-ability|p1a: Calyrex|Unnerve\n|move|p2a: Incineroar|Flare Blitz|p1b: Brute Bonnet\n|-supereffective|p1b: Brute Bonnet\n|-damage|p1b: Brute Bonnet|51/100\n|-damage|p2a: Incineroar|36/100|[from] Recoil\n|move|p1b: Brute Bonnet|Spore|p2a: Incineroar\n|-status|p2a: Incineroar|slp|[from] move: Spore\n|\n|-damage|p1a: Calyrex|43/100 brn|[from] brn\n|upkeep\n|turn|9\n|\n|t:|1775113071\n|move|p2b: Whimsicott|Protect|p2b: Whimsicott\n|-singleturn|p2b: Whimsicott|Protect\n|cant|p2a: Incineroar|slp\n|move|p1b: Brute Bonnet|Spore|p2a: Incineroar\n|-fail|p2a: Incineroar|slp\n|move|p1a: Calyrex|Glacial Lance|p2a: Incineroar|[spread] p2a\n|-activate|p2b: Whimsicott|move: Protect\n|-resisted|p2a: Incineroar\n|-damage|p2a: Incineroar|23/100 slp\n|\n|-damage|p1a: Calyrex|37/100 brn|[from] brn\n|upkeep\n|turn|10\n|\n|t:|1775113082\n|move|p1b: Brute Bonnet|Sucker Punch|p2b: Whimsicott\n|-resisted|p2b: Whimsicott\n|-damage|p2b: Whimsicott|43/100\n|move|p2b: Whimsicott|Moonblast|p1b: Brute Bonnet\n|-supereffective|p1b: Brute Bonnet\n|-damage|p1b: Brute Bonnet|0 fnt\n|faint|p1b: Brute Bonnet\n|-end|p1b: Brute Bonnet|Protosynthesis|[silent]\n|-curestatus|p2a: Incineroar|slp|[msg]\n|move|p2a: Incineroar|Flare Blitz|p1a: Calyrex\n|-resisted|p1a: Calyrex\n|-damage|p1a: Calyrex|27/100 brn\n|-damage|p2a: Incineroar|19/100|[from] Recoil\n|move|p1a: Calyrex|Glacial Lance|p2b: Whimsicott|[spread] p2a,p2b\n|-resisted|p2a: Incineroar\n|-supereffective|p2b: Whimsicott\n|-damage|p2a: Incineroar|5/100\n|-damage|p2b: Whimsicott|0 fnt\n|faint|p2b: Whimsicott\n|-ability|p1a: Calyrex|Chilling Neigh|boost\n|-boost|p1a: Calyrex|atk|1\n|\n|-damage|p1a: Calyrex|21/100 brn|[from] brn\n|upkeep\n|\n|t:|1775113091\n|switch|p2b: Koraidon|Koraidon, L50|100/100\n|switch|p1b: Incineroar|Incineroar, L50, M|41/100\n|-weather|SunnyDay|[from] ability: Orichalcum Pulse|[of] p2b: Koraidon\n|-activate|p2b: Koraidon|Orichalcum Pulse|[source]\n|-ability|p1b: Incineroar|Intimidate|boost\n|-unboost|p2a: Incineroar|atk|1\n|-unboost|p2b: Koraidon|atk|1\n|turn|11\n|j| Halfgallon67\n|\n|t:|1775113100\n|switch|p2b: Ho-Oh|Ho-Oh, L50|100/100 slp\n|move|p1b: Incineroar|Fake Out|p2b: Ho-Oh\n|-damage|p2b: Ho-Oh|89/100 slp\n|move|p2a: Incineroar|Flare Blitz|p1b: Incineroar\n|-resisted|p1b: Incineroar\n|-damage|p1b: Incineroar|26/100\n|-damage|p2a: Incineroar|0 fnt|[from] Recoil\n|faint|p2a: Incineroar\n|move|p1a: Calyrex|Trick Room|p1a: Calyrex\n|-fieldstart|move: Trick Room|[of] p1a: Calyrex\n|\n|-weather|SunnyDay|[upkeep]\n|-heal|p2b: Ho-Oh|95/100 slp|[from] item: Leftovers\n|-damage|p1a: Calyrex|15/100 brn|[from] brn\n|upkeep\n|\n|t:|1775113103\n|switch|p2a: Koraidon|Koraidon, L50|100/100\n|-activate|p2a: Koraidon|ability: Orichalcum Pulse\n|turn|12\n|\n|t:|1775113122\n|move|p2a: Koraidon|Protect|p2a: Koraidon\n|-singleturn|p2a: Koraidon|Protect\n|move|p1a: Calyrex|Glacial Lance|p2a: Koraidon|[spread] p2b\n|-activate|p2a: Koraidon|move: Protect\n|-damage|p2b: Ho-Oh|57/100 slp\n|move|p1b: Incineroar|Knock Off|p2b: Ho-Oh\n|-damage|p2b: Ho-Oh|16/100 slp\n|-enditem|p2b: Ho-Oh|Leftovers|[from] move: Knock Off|[of] p1b: Incineroar\n|cant|p2b: Ho-Oh|slp\n|\n|-weather|SunnyDay|[upkeep]\n|-damage|p1a: Calyrex|10/100 brn|[from] brn\n|upkeep\n|turn|13\n|\n|t:|1775113146\n|-terastallize|p2a: Koraidon|Fire\n|cant|p2b: Ho-Oh|slp\n|move|p1a: Calyrex|Glacial Lance|p2b: Ho-Oh|[spread] p2a,p2b\n|-resisted|p2a: Koraidon\n|-damage|p2a: Koraidon|81/100\n|-damage|p2b: Ho-Oh|0 fnt\n|faint|p2b: Ho-Oh\n|-ability|p1a: Calyrex|Chilling Neigh|boost\n|-boost|p1a: Calyrex|atk|1\n|move|p1b: Incineroar|U-turn|p2a: Koraidon\n|-resisted|p2a: Koraidon\n|-damage|p2a: Koraidon|71/100\n|\n|t:|1775113153\n|switch|p1b: Koraidon|Koraidon, L50|25/100|[from] U-turn\n|-activate|p1b: Koraidon|ability: Orichalcum Pulse\n|move|p2a: Koraidon|Flare Blitz|p1a: Calyrex\n|-resisted|p1a: Calyrex\n|-damage|p1a: Calyrex|0 fnt\n|faint|p1a: Calyrex\n|-damage|p2a: Koraidon|68/100|[from] Recoil\n|-damage|p2a: Koraidon|58/100|[from] item: Life Orb\n|\n|-weather|SunnyDay|[upkeep]\n|upkeep\n|\n|t:|1775113154\n|switch|p1a: Incineroar|Incineroar, L50, M|26/100\n|-ability|p1a: Incineroar|Intimidate|boost\n|-unboost|p2a: Koraidon|atk|1\n|turn|14\n|\n|t:|1775113165\n|move|p2a: Koraidon|Protect|p2a: Koraidon\n|-singleturn|p2a: Koraidon|Protect\n|move|p1a: Incineroar|Fake Out|p2a: Koraidon\n|-activate|p2a: Koraidon|move: Protect\n|move|p1b: Koraidon|Flame Charge|p1a: Incineroar\n|-resisted|p1a: Incineroar\n|-damage|p1a: Incineroar|7/100\n|-boost|p1b: Koraidon|spe|1\n|-damage|p1b: Koraidon|16/100|[from] item: Life Orb\n|\n|-weather|SunnyDay|[upkeep]\n|upkeep\n|turn|15\n|\n|t:|1775113175\n|move|p1b: Koraidon|Protect|p1b: Koraidon\n|-singleturn|p1b: Koraidon|Protect\n|move|p1a: Incineroar|Knock Off|p2a: Koraidon\n|-damage|p2a: Koraidon|23/100\n|-enditem|p2a: Koraidon|Life Orb|[from] move: Knock Off|[of] p1a: Incineroar\n|move|p2a: Koraidon|Close Combat|p1b: Koraidon\n|-activate|p1b: Koraidon|move: Protect\n|\n|-weather|none\n|-fieldend|move: Trick Room\n|upkeep\n|turn|16\n|l| Halfgallon67\n|\n|t:|1775113181\n|move|p1b: Koraidon|Close Combat|p2a: Koraidon\n|-damage|p2a: Koraidon|0 fnt\n|-unboost|p1b: Koraidon|def|1\n|-unboost|p1b: Koraidon|spd|1\n|faint|p2a: Koraidon\n|-damage|p1b: Koraidon|6/100|[from] item: Life Orb\n|\n|win|Bman311\n|raw|Bman311's rating: 1457 &rarr; <strong>1473</strong><br />(+16 for winning)\n|raw|lpinotti's rating: 1380 &rarr; <strong>1364</strong><br />(-16 for losing)\n|c|\u2606Bman311|gg\n|c|\u2606lpinotti|Gg indeed\n","uploadtime":1775113193,"views":23,"formatid":"gen9vgc2026regi","rating":1364,"private":0,"password":null}