{"id":"gen9vgc2026regi-2537520810","format":"[Gen 9] VGC 2026 Reg I","players":["Galaxiangg","Schimmli"],"log":"|j|\u2606Galaxiangg\n|j|\u2606Schimmli\n|t:|1770823776\n|gametype|doubles\n|player|p1|Galaxiangg|aromalady|1391\n|player|p2|Schimmli|101|1406\n|gen|9\n|tier|[Gen 9] VGC 2026 Reg I\n|rated|\n|rule|Species Clause: Limit one of each Pok\u00e9mon\n|rule|Item Clause: Limit 1 of each item\n|clearpoke\n|poke|p1|Miraidon, L50|\n|poke|p1|Farigiraf, L50, M|\n|poke|p1|Salamence, L50, F|\n|poke|p1|Flutter Mane, L50|\n|poke|p1|Kingambit, L50, F|\n|poke|p1|Kyogre, L50|\n|poke|p2|Terapagos, L50, M|\n|poke|p2|Calyrex-Shadow, L50|\n|poke|p2|Flutter Mane, L50|\n|poke|p2|Ogerpon-Cornerstone, L50, F|\n|poke|p2|Incineroar, L50, F|\n|poke|p2|Rillaboom, L50, M|\n|teampreview|4\n|inactive|Battle timer is ON: inactive players will automatically lose when time's up. (requested by Schimmli)\n|\n|t:|1770823858\n|teamsize|p1|4\n|teamsize|p2|4\n|start\n|switch|p1a: Salamence|Salamence, L50, F, shiny|100/100\n|switch|p1b: Kingambit|Kingambit, L50, F, shiny|100/100\n|switch|p2a: Terapagos|Terapagos, L50, M|100/100\n|switch|p2b: Rillaboom|Rillaboom, L50, M|100/100\n|-activate|p2a: Terapagos|ability: Tera Shift\n|detailschange|p2a: Terapagos|Terapagos-Terastal, L50, M\n|-heal|p2a: Terapagos|100/100|[silent]\n|-ability|p1a: Salamence|Intimidate|boost\n|-unboost|p2a: Terapagos|atk|1\n|-unboost|p2b: Rillaboom|atk|1\n|-fieldstart|move: Grassy Terrain|[from] ability: Grassy Surge|[of] p2b: Rillaboom\n|turn|1\n|\n|t:|1770823880\n|switch|p1a: Farigiraf|Farigiraf, L50, M|100/100\n|move|p2b: Rillaboom|Fake Out||[still]\n|cant|p1a: Farigiraf|ability: Armor Tail|Fake Out|[of] p2b: Rillaboom\n|move|p2a: Terapagos|Calm Mind|p2a: Terapagos\n|-boost|p2a: Terapagos|spa|1\n|-boost|p2a: Terapagos|spd|1\n|move|p1b: Kingambit|Kowtow Cleave|p2a: Terapagos\n|-activate|p2a: Terapagos|ability: Tera Shell\n|-resisted|p2a: Terapagos\n|-damage|p2a: Terapagos|82/100\n|\n|-heal|p2a: Terapagos|88/100|[from] Grassy Terrain\n|-heal|p2a: Terapagos|94/100|[from] item: Leftovers\n|upkeep\n|turn|2\n|\n|t:|1770823894\n|move|p1b: Kingambit|Protect|p1b: Kingambit\n|-singleturn|p1b: Kingambit|Protect\n|move|p2a: Terapagos|Calm Mind|p2a: Terapagos\n|-boost|p2a: Terapagos|spa|1\n|-boost|p2a: Terapagos|spd|1\n|move|p2b: Rillaboom|Wood Hammer|p1b: Kingambit\n|-activate|p1b: Kingambit|move: Protect\n|move|p1a: Farigiraf|Light Screen|p1a: Farigiraf\n|-sidestart|p1: Galaxiangg|move: Light Screen\n|\n|-heal|p2a: Terapagos|100/100|[from] Grassy Terrain\n|upkeep\n|turn|3\n|\n|t:|1770823913\n|move|p1a: Farigiraf|Helping Hand|p1b: Kingambit\n|-singleturn|p1b: Kingambit|Helping Hand|[of] p1a: Farigiraf\n|move|p2a: Terapagos|Calm Mind|p2a: Terapagos\n|-boost|p2a: Terapagos|spa|1\n|-boost|p2a: Terapagos|spd|1\n|move|p2b: Rillaboom|U-turn|p1a: Farigiraf\n|-supereffective|p1a: Farigiraf\n|-damage|p1a: Farigiraf|78/100\n|\n|t:|1770823921\n|switch|p2b: Incineroar|Incineroar, L50, F, shiny|100/100|[from] U-turn\n|-ability|p2b: Incineroar|Intimidate|boost\n|-unboost|p1a: Farigiraf|atk|1\n|-unboost|p1b: Kingambit|atk|1\n|-ability|p1b: Kingambit|Defiant|boost\n|-boost|p1b: Kingambit|atk|2\n|move|p1b: Kingambit|Kowtow Cleave|p2a: Terapagos\n|-activate|p2a: Terapagos|ability: Tera Shell\n|-resisted|p2a: Terapagos\n|-damage|p2a: Terapagos|55/100\n|\n|-heal|p2a: Terapagos|61/100|[from] Grassy Terrain\n|-heal|p2a: Terapagos|68/100|[from] item: Leftovers\n|-heal|p1a: Farigiraf|84/100|[from] Grassy Terrain\n|upkeep\n|turn|4\n|\n|t:|1770823939\n|move|p2a: Terapagos|Protect|p2a: Terapagos\n|-singleturn|p2a: Terapagos|Protect\n|move|p1b: Kingambit|Protect|p1b: Kingambit\n|-singleturn|p1b: Kingambit|Protect\n|move|p2b: Incineroar|Will-O-Wisp|p1b: Kingambit\n|-activate|p1b: Kingambit|move: Protect\n|move|p1a: Farigiraf|Trick Room|p1a: Farigiraf\n|-fieldstart|move: Trick Room|[of] p1a: Farigiraf\n|\n|-heal|p1a: Farigiraf|90/100|[from] Grassy Terrain\n|-heal|p2a: Terapagos|74/100|[from] Grassy Terrain\n|-heal|p2a: Terapagos|80/100|[from] item: Leftovers\n|upkeep\n|turn|5\n|\n|t:|1770823957\n|-terastallize|p2a: Terapagos|Stellar\n|detailschange|p2a: Terapagos|Terapagos-Stellar, L50, M, tera:Stellar\n|-heal|p2a: Terapagos|85/100|[silent]\n|-ability|p2a: Terapagos|Teraform Zero\n|-fieldend|move: Grassy Terrain\n|move|p1a: Farigiraf|Helping Hand|p1b: Kingambit\n|-singleturn|p1b: Kingambit|Helping Hand|[of] p1a: Farigiraf\n|move|p2b: Incineroar|Will-O-Wisp|p1b: Kingambit\n|-status|p1b: Kingambit|brn\n|move|p1b: Kingambit|Kowtow Cleave|p2a: Terapagos\n|-crit|p2a: Terapagos\n|-damage|p2a: Terapagos|40/100\n|move|p2a: Terapagos|Tera Starstorm|p1a: Farigiraf|[spread] p1a,p1b\n|-crit|p1b: Kingambit\n|-damage|p1a: Farigiraf|42/100\n|-damage|p1b: Kingambit|0 fnt\n|faint|p1b: Kingambit\n|\n|-heal|p2a: Terapagos|46/100|[from] item: Leftovers\n|upkeep\n|-message|Galaxiangg forfeited.\n|\n|win|Schimmli\n|raw|Galaxiangg's rating: 1391 &rarr; <strong>1372</strong><br />(-19 for losing)\n|raw|Schimmli's rating: 1406 &rarr; <strong>1425</strong><br />(+19 for winning)\n|l|\u2606Galaxiangg\n|player|p1|\n|l|\u2606Schimmli\n|player|p2|\n","uploadtime":1770824164,"views":26,"formatid":"gen9vgc2026regi","rating":1372,"private":0,"password":null}