{"id":"gen9vgc2026regi-2562129248","format":"[Gen 9] VGC 2026 Reg I","players":["Mstr_Hawk","It'sJustKen VGC"],"log":"|j|\u2606Mstr_Hawk\n|j|\u2606It'sJustKen VGC\n|t:|1773873998\n|gametype|doubles\n|player|p1|Mstr_Hawk|infielder|\n|player|p2|It'sJustKen VGC|265|\n|gen|9\n|tier|[Gen 9] VGC 2026 Reg I\n|rated|Tournament battle\n|rule|Species Clause: Limit one of each Pok\u00e9mon\n|rule|Item Clause: Limit 1 of each item\n|raw|<div class=\"infobox\"><details class=\"readmore\" open><summary><strong>3 custom rules:</strong></summary> Open Team Sheets, Force Open Team Sheets, !Open Team Sheets</details></div>\n|clearpoke\n|poke|p1|Calyrex-Shadow, L50|\n|poke|p1|Zamazenta-*, L50|\n|poke|p1|Chien-Pao, L50|\n|poke|p1|Dragonite, L50, F|\n|poke|p1|Raging Bolt, L50|\n|poke|p1|Amoonguss, L50, F|\n|poke|p2|Iron Hands, L50|\n|poke|p2|Incineroar, L50, F|\n|poke|p2|Calyrex-Shadow, L50|\n|poke|p2|Whimsicott, L50, F|\n|poke|p2|Farigiraf, L50, M|\n|poke|p2|Miraidon, L50|\n|teampreview|4\n|showteam|p1|Calyrex-Shadow||FocusSash|AsOneSpectrier|AstralBarrage,PollenPuff,Encore,Protect||||||50|,,,,,Ghost]Zamazenta-Crowned||RustedShield|DauntlessShield|BodyPress,HeavySlam,WideGuard,Protect||||||50|,,,,,Dragon]Chien-Pao||AssaultVest|SwordofRuin|IceSpinner,SuckerPunch,Ruination,IcyWind||||||50|,,,,,Ghost]Dragonite||ChoiceBand|InnerFocus|ExtremeSpeed,LowKick,AquaJet,Outrage|||F|||50|,,,,,Normal]Raging Bolt||Magnet|Protosynthesis|Thunderbolt,Thunderclap,DragonPulse,Protect||||||50|,,,,,Electric]Amoonguss||RockyHelmet|Regenerator|Spore,PollenPuff,RagePowder,Protect|||F|||50|,,,,,Water\n|showteam|p2|Iron Hands||AssaultVest|QuarkDrive|FakeOut,DrainPunch,WildCharge,LowKick||||||50|,,,,,Water]Incineroar||RockyHelmet|Intimidate|FakeOut,Uturn,KnockOff,FlareBlitz|||F|||50|,,,,,Bug]Calyrex-Shadow||FocusSash|AsOneSpectrier|Protect,AstralBarrage,Psychic,Imprison||||||50|,,,,,Ghost]Whimsicott||CovertCloak|Prankster|Tailwind,Encore,Moonblast,LightScreen|||F|||50|,,,,,Fire]Farigiraf||ElectricSeed|ArmorTail|Psychic,Roar,TrickRoom,HelpingHand|||M|||50|,,,,,Water]Miraidon||ChoiceSpecs|HadronEngine|ElectroDrift,VoltSwitch,DracoMeteor,DazzlingGleam||||||50|,,,,,Fairy\n|inactive|Battle timer is ON: inactive players will automatically lose when time's up. (requested by Mstr_Hawk)\n|inactive|It'sJustKen VGC also wants the timer to be on.\n|\n|t:|1773874026\n|teamsize|p1|4\n|teamsize|p2|4\n|start\n|switch|p1a: Arlie|Chien-Pao, L50, shiny|100/100\n|switch|p1b: PinkPonyClub|Calyrex-Shadow, L50|100/100\n|switch|p2a: Miraidon|Miraidon, L50, shiny|100/100\n|switch|p2b: Whimsicott|Whimsicott, L50, F|100/100\n|-ability|p1b: PinkPonyClub|As One\n|-ability|p1b: PinkPonyClub|Unnerve\n|-ability|p1a: Arlie|Sword of Ruin\n|-fieldstart|move: Electric Terrain|[from] ability: Hadron Engine|[of] p2a: Miraidon\n|turn|1\n|inactive|Mstr_Hawk has 30 seconds left.\n|\n|t:|1773874054\n|move|p1b: PinkPonyClub|Protect|p1b: PinkPonyClub\n|-singleturn|p1b: PinkPonyClub|Protect\n|move|p2b: Whimsicott|Tailwind|p2b: Whimsicott\n|-sidestart|p2: It'sJustKen VGC|move: Tailwind\n|move|p2a: Miraidon|Electro Drift|p1a: Arlie\n|-damage|p1a: Arlie|0 fnt\n|faint|p1a: Arlie\n|\n|upkeep\n|\n|t:|1773874062\n|switch|p1a: Verizon|Amoonguss, L50, F|100/100\n|turn|2\n|\n|t:|1773874074\n|move|p1a: Verizon|Rage Powder|p1a: Verizon\n|-singleturn|p1a: Verizon|move: Rage Powder\n|move|p2b: Whimsicott|Moonblast|p1b: PinkPonyClub\n|-damage|p1b: PinkPonyClub|75/100\n|move|p2a: Miraidon|Electro Drift|p1a: Verizon\n|-resisted|p1a: Verizon\n|-damage|p1a: Verizon|37/100\n|-damage|p2a: Miraidon|84/100|[from] item: Rocky Helmet|[of] p1a: Verizon\n|move|p1b: PinkPonyClub|Astral Barrage|p2b: Whimsicott|[spread] p2a,p2b\n|-damage|p2a: Miraidon|39/100\n|-damage|p2b: Whimsicott|19/100\n|\n|upkeep\n|turn|3\n|\n|t:|1773874093\n|switch|p2a: Incineroar|Incineroar, L50, F|100/100\n|-ability|p2a: Incineroar|Intimidate|boost\n|-unboost|p1a: Verizon|atk|1\n|-unboost|p1b: PinkPonyClub|atk|1\n|move|p1a: Verizon|Rage Powder|p1a: Verizon\n|-singleturn|p1a: Verizon|move: Rage Powder\n|move|p2b: Whimsicott|Light Screen|p2b: Whimsicott\n|-sidestart|p2: It'sJustKen VGC|move: Light Screen\n|move|p1b: PinkPonyClub|Astral Barrage|p2b: Whimsicott|[spread] p2a,p2b\n|-resisted|p2a: Incineroar\n|-damage|p2a: Incineroar|83/100\n|-damage|p2b: Whimsicott|0 fnt\n|faint|p2b: Whimsicott\n|-ability|p1b: PinkPonyClub|Grim Neigh|boost\n|-boost|p1b: PinkPonyClub|spa|1\n|\n|upkeep\n|inactive|It'sJustKen VGC has 30 seconds left.\n|inactive|It'sJustKen VGC has 20 seconds left.\n|inactive|It'sJustKen VGC has 15 seconds left.\n|inactive|It'sJustKen VGC has 10 seconds left.\n|j| Hockeystick7\n|inactive|It'sJustKen VGC has 5 seconds left.\n|\n|t:|1773874148\n|switch|p2b: Miraidon|Miraidon, L50, shiny|39/100\n|-activate|p2b: Miraidon|ability: Hadron Engine\n|turn|4\n|inactive|It'sJustKen VGC has 30 seconds left.\n|inactive|It'sJustKen VGC has 20 seconds left.\n|inactive|It'sJustKen VGC has 15 seconds left.\n|inactive|It'sJustKen VGC has 10 seconds left.\n|\n|t:|1773874197\n|switch|p1a: protec|Zamazenta-Crowned, L50|100/100\n|-ability|p1a: protec|Dauntless Shield|boost\n|-boost|p1a: protec|def|1\n|move|p1b: PinkPonyClub|Protect|p1b: PinkPonyClub\n|-singleturn|p1b: PinkPonyClub|Protect\n|move|p2b: Miraidon|Volt Switch|p1a: protec\n|-damage|p1a: protec|33/100\n|\n|t:|1773874199\n|switch|p2b: Calyrex|Calyrex-Shadow, L50|100/100|[from] Volt Switch\n|-ability|p2b: Calyrex|As One\n|-ability|p2b: Calyrex|Unnerve\n|move|p2a: Incineroar|Knock Off|p1b: PinkPonyClub\n|-activate|p1b: PinkPonyClub|move: Protect\n|\n|-sideend|p2: It'sJustKen VGC|move: Tailwind\n|upkeep\n|turn|5\n|inactive|Mstr_Hawk has 30 seconds left.\n|inactive|Mstr_Hawk has 20 seconds left.\n|\n|t:|1773874238\n|switch|p1b: Verizon|Amoonguss, L50, F|71/100\n|-terastallize|p2b: Calyrex|Ghost\n|move|p2b: Calyrex|Imprison|p2b: Calyrex\n|-start|p2b: Calyrex|move: Imprison\n|move|p1a: protec|Body Press|p2a: Incineroar\n|-supereffective|p2a: Incineroar\n|-damage|p2a: Incineroar|0 fnt\n|-damage|p1a: protec|17/100|[from] item: Rocky Helmet|[of] p2a: Incineroar\n|faint|p2a: Incineroar\n|\n|-fieldend|move: Electric Terrain\n|upkeep\n|\n|t:|1773874260\n|switch|p2a: Miraidon|Miraidon, L50, shiny|39/100\n|-fieldstart|move: Electric Terrain|[from] ability: Hadron Engine|[of] p2a: Miraidon\n|turn|6\n|inactive|Mstr_Hawk has 30 seconds left.\n|inactive|Mstr_Hawk has 20 seconds left.\n|inactive|Mstr_Hawk has 15 seconds left.\n|inactive|Mstr_Hawk has 10 seconds left.\n|\n|t:|1773874309\n|-terastallize|p1a: protec|Dragon\n|move|p1b: Verizon|Rage Powder|p1b: Verizon\n|-singleturn|p1b: Verizon|move: Rage Powder\n|move|p2b: Calyrex|Psychic|p1b: Verizon\n|-supereffective|p1b: Verizon\n|-damage|p1b: Verizon|0 fnt\n|faint|p1b: Verizon\n|-ability|p2b: Calyrex|Grim Neigh|boost\n|-boost|p2b: Calyrex|spa|1\n|move|p2a: Miraidon|Draco Meteor|p1a: protec|[miss]\n|-miss|p2a: Miraidon|p1a: protec\n|move|p1a: protec|Heavy Slam|p2b: Calyrex\n|-damage|p2b: Calyrex|46/100\n|\n|upkeep\n|j| parks34\n|\n|t:|1773874322\n|switch|p1b: PinkPonyClub|Calyrex-Shadow, L50|75/100\n|-ability|p1b: PinkPonyClub|As One\n|-ability|p1b: PinkPonyClub|Unnerve\n|turn|7\n|inactive|Mstr_Hawk has 30 seconds left.\n|inactive|Mstr_Hawk has 20 seconds left.\n|\n|t:|1773874358\n|move|p2b: Calyrex|Astral Barrage|p1a: protec|[spread] p1a,p1b\n|-supereffective|p1b: PinkPonyClub\n|-damage|p1a: protec|0 fnt\n|-damage|p1b: PinkPonyClub|0 fnt\n|faint|p1a: protec\n|faint|p1b: PinkPonyClub\n|\n|win|It'sJustKen VGC\n|n|\u2606Mstr_Hawk|mstrhawk\n|n|\u2606It'sJustKen VGC|itsjustkenvgc\n|n| Hockeystick7|hockeystick7\n|n| parks34|parks34\n|l|\u2606Mstr_Hawk\n|player|p1|\n|l| parks34\n","uploadtime":1773874384,"views":9,"formatid":"gen9vgc2026regi","rating":null,"private":0,"password":null}