{"id":"gen9vgc2026regi-2518501075","format":"[Gen 9] VGC 2026 Reg I","players":["Actoradoboy fan","Billlmadz"],"log":"|j|\u2606Actoradoboy fan\n|j|\u2606Billlmadz\n|t:|1768398466\n|gametype|doubles\n|player|p1|Actoradoboy fan|nate|1297\n|player|p2|Billlmadz|red|1326\n|gen|9\n|tier|[Gen 9] VGC 2026 Reg I\n|rated|\n|rule|Species Clause: Limit one of each Pok\u00e9mon\n|rule|Item Clause: Limit 1 of each item\n|clearpoke\n|poke|p1|Smeargle, L50, F|\n|poke|p1|Clefairy, L50, M|\n|poke|p1|Whimsicott, L50, M|\n|poke|p1|Zamazenta-*, L50|\n|poke|p1|Calyrex-Shadow, L50|\n|poke|p1|Rillaboom, L50, F|\n|poke|p2|Miraidon, L50|\n|poke|p2|Zamazenta-*, L50|\n|poke|p2|Chien-Pao, L50|\n|poke|p2|Entei, L50|\n|poke|p2|Iron Hands, L50|\n|poke|p2|Whimsicott, L50, F|\n|teampreview|4\n|inactive|Battle timer is ON: inactive players will automatically lose when time's up. (requested by Actoradoboy fan)\n|\n|t:|1768398487\n|teamsize|p1|4\n|teamsize|p2|4\n|start\n|switch|p1a: Calyrex|Calyrex-Shadow, L50|100/100\n|switch|p1b: Smeargle|Smeargle, L50, F|100/100\n|switch|p2a: Zamazenta|Zamazenta-Crowned, L50|100/100\n|switch|p2b: Chien-Pao|Chien-Pao, L50, shiny|100/100\n|-ability|p1a: Calyrex|As One\n|-ability|p1a: Calyrex|Unnerve\n|-ability|p2b: Chien-Pao|Sword of Ruin\n|-ability|p2a: Zamazenta|Dauntless Shield|boost\n|-boost|p2a: Zamazenta|def|1\n|turn|1\n|\n|t:|1768398501\n|move|p1b: Smeargle|Fake Out|p2b: Chien-Pao\n|-damage|p2b: Chien-Pao|94/100\n|cant|p2b: Chien-Pao|flinch\n|move|p1a: Calyrex|Nasty Plot|p1a: Calyrex\n|-boost|p1a: Calyrex|spa|2\n|move|p2a: Zamazenta|Body Press|p1b: Smeargle\n|-supereffective|p1b: Smeargle\n|-enditem|p1b: Smeargle|Focus Sash\n|-damage|p1b: Smeargle|1/100\n|\n|-ability|p1b: Smeargle|Moody|boost\n|-boost|p1b: Smeargle|spe|2\n|-unboost|p1b: Smeargle|def|1\n|upkeep\n|turn|2\n|\n|t:|1768398517\n|-terastallize|p1a: Calyrex|Dark\n|move|p2a: Zamazenta|Protect|p2a: Zamazenta\n|-singleturn|p2a: Zamazenta|Protect\n|move|p1b: Smeargle|Feint|p2a: Zamazenta\n|-activate|p2a: Zamazenta|move: Feint\n|-resisted|p2a: Zamazenta\n|-damage|p2a: Zamazenta|99/100\n|move|p2b: Chien-Pao|Taunt|p1b: Smeargle\n|-start|p1b: Smeargle|move: Taunt\n|move|p1a: Calyrex|Astral Barrage|p2a: Zamazenta|[spread] p2a,p2b\n|-resisted|p2b: Chien-Pao\n|-damage|p2a: Zamazenta|0 fnt\n|-damage|p2b: Chien-Pao|0 fnt\n|faint|p2a: Zamazenta\n|faint|p2b: Chien-Pao\n|-ability|p1a: Calyrex|Grim Neigh|boost\n|-boost|p1a: Calyrex|spa|2\n|-damage|p1a: Calyrex|91/100|[from] item: Life Orb\n|\n|-ability|p1b: Smeargle|Moody|boost\n|-boost|p1b: Smeargle|spd|2\n|-unboost|p1b: Smeargle|spe|1\n|upkeep\n|\n|t:|1768398526\n|switch|p2b: Entei|Entei, L50|100/100\n|switch|p2a: Miraidon|Miraidon, L50|100/100\n|-fieldstart|move: Electric Terrain|[from] ability: Hadron Engine|[of] p2a: Miraidon\n|turn|3\n|\n|t:|1768398540\n|switch|p1b: Rillaboom|Rillaboom, L50, F|100/100\n|-fieldstart|move: Grassy Terrain|[from] ability: Grassy Surge|[of] p1b: Rillaboom\n|-terastallize|p2b: Entei|Normal\n|move|p1a: Calyrex|Protect|p1a: Calyrex\n|-singleturn|p1a: Calyrex|Protect\n|move|p2b: Entei|Extreme Speed|p1b: Rillaboom\n|-damage|p1b: Rillaboom|53/100\n|move|p2a: Miraidon|Electro Drift|p1b: Rillaboom\n|-resisted|p1b: Rillaboom\n|-damage|p1b: Rillaboom|25/100\n|\n|-heal|p1a: Calyrex|97/100|[from] Grassy Terrain\n|-heal|p1b: Rillaboom|31/100|[from] Grassy Terrain\n|upkeep\n|turn|4\n|\n|t:|1768398555\n|move|p2b: Entei|Extreme Speed|p1a: Calyrex\n|-damage|p1a: Calyrex|21/100\n|move|p1a: Calyrex|Psychic|p2b: Entei\n|-damage|p2b: Entei|0 fnt\n|faint|p2b: Entei\n|-ability|p1a: Calyrex|Grim Neigh|boost\n|-boost|p1a: Calyrex|spa|1\n|-damage|p1a: Calyrex|11/100|[from] item: Life Orb\n|move|p2a: Miraidon|Electro Drift|p1b: Rillaboom\n|-resisted|p1b: Rillaboom\n|-damage|p1b: Rillaboom|0 fnt\n|faint|p1b: Rillaboom\n|\n|-heal|p1a: Calyrex|17/100|[from] Grassy Terrain\n|upkeep\n|\n|t:|1768398559\n|switch|p1b: Zamazenta|Zamazenta-Crowned, L50|100/100\n|-ability|p1b: Zamazenta|Dauntless Shield|boost\n|-boost|p1b: Zamazenta|def|1\n|turn|5\n|\n|t:|1768398563\n|move|p1a: Calyrex|Astral Barrage|p2a: Miraidon\n|-damage|p2a: Miraidon|0 fnt\n|faint|p2a: Miraidon\n|-damage|p1a: Calyrex|7/100|[from] item: Life Orb\n|\n|win|Actoradoboy fan\n|raw|Actoradoboy fan's rating: 1297 &rarr; <strong>1324</strong><br />(+27 for winning)\n|raw|Billlmadz's rating: 1326 &rarr; <strong>1304</strong><br />(-22 for losing)\n|l|\u2606Actoradoboy fan\n|player|p1|\n","uploadtime":1768398819,"views":13,"formatid":"gen9vgc2026regi","rating":1304,"private":0,"password":null}