{"id":"gen9vgc2026regi-2589089659","format":"[Gen 9] VGC 2026 Reg I","players":["yoander5003","blackred123"],"log":"|j|\u2606yoander5003\n|j|\u2606blackred123\n|t:|1776698940\n|gametype|doubles\n|player|p1|yoander5003|skyla|1398\n|player|p2|blackred123|iono-masters|1638\n|gen|9\n|tier|[Gen 9] VGC 2026 Reg I\n|rated|\n|rule|Species Clause: Limit one of each Pok\u00e9mon\n|rule|Item Clause: Limit 1 of each item\n|clearpoke\n|poke|p1|Miraidon, L50|\n|poke|p1|Incineroar, L50, M|\n|poke|p1|Whimsicott, L50, F|\n|poke|p1|Lunala, L50|\n|poke|p1|Ursaluna, L50, F|\n|poke|p1|Urshifu-*, L50, F|\n|poke|p2|Calyrex-Shadow, L50|\n|poke|p2|Zamazenta-*, L50|\n|poke|p2|Tornadus, L50, M|\n|poke|p2|Rillaboom, L50, F|\n|poke|p2|Ogerpon-Hearthflame, L50, F|\n|poke|p2|Raging Bolt, L50|\n|teampreview|4\n|inactive|Battle timer is ON: inactive players will automatically lose when time's up. (requested by blackred123)\n|inactive|yoander5003 has 60 seconds left.\n|\n|t:|1776698982\n|teamsize|p1|4\n|teamsize|p2|4\n|start\n|switch|p1a: Incineroar|Incineroar, L50, M|100/100\n|switch|p1b: Lunala|Lunala, L50|100/100\n|switch|p2a: Zamazenta|Zamazenta-Crowned, L50|100/100\n|switch|p2b: Rillaboom|Rillaboom, L50, F|100/100\n|-ability|p2a: Zamazenta|Dauntless Shield|boost\n|-boost|p2a: Zamazenta|def|1\n|-fieldstart|move: Grassy Terrain|[from] ability: Grassy Surge|[of] p2b: Rillaboom\n|-ability|p1a: Incineroar|Intimidate|boost\n|-unboost|p2a: Zamazenta|atk|1\n|-unboost|p2b: Rillaboom|atk|1\n|turn|1\n|inactive|yoander5003 has 30 seconds left.\n|inactive|blackred123 has 30 seconds left.\n|inactive|yoander5003 has 20 seconds left.\n|\n|t:|1776699018\n|switch|p1b: Miraidon|Miraidon, L50|100/100\n|-fieldstart|move: Electric Terrain|[from] ability: Hadron Engine|[of] p1b: Miraidon\n|move|p2a: Zamazenta|Protect|p2a: Zamazenta\n|-singleturn|p2a: Zamazenta|Protect\n|move|p2b: Rillaboom|U-turn|p1b: Miraidon\n|-damage|p1b: Miraidon|87/100\n|inactive|blackred123 has 30 seconds left.\n|\n|t:|1776699044\n|switch|p2b: Ogerpon|Ogerpon-Hearthflame, L50, F|100/100|[from] U-turn\n|-ability|p2b: Ogerpon|Mold Breaker\n|move|p1a: Incineroar|Flare Blitz|p2a: Zamazenta\n|-activate|p2a: Zamazenta|move: Protect\n|\n|upkeep\n|turn|2\n|\n|t:|1776699066\n|switch|p1a: Lunala|Lunala, L50|100/100\n|-enditem|p1a: Lunala|Electric Seed\n|-boost|p1a: Lunala|def|1|[from] item: Electric Seed\n|move|p2b: Ogerpon|Follow Me|p2b: Ogerpon\n|-singleturn|p2b: Ogerpon|move: Follow Me\n|move|p1b: Miraidon|Volt Switch|p2b: Ogerpon\n|-resisted|p2b: Ogerpon\n|-damage|p2b: Ogerpon|56/100\n|-damage|p1b: Miraidon|78/100|[from] item: Life Orb\n|\n|t:|1776699079\n|switch|p1b: Incineroar|Incineroar, L50, M|100/100|[from] Volt Switch\n|-ability|p1b: Incineroar|Intimidate|boost\n|-unboost|p2a: Zamazenta|atk|1\n|-unboost|p2b: Ogerpon|atk|1\n|move|p2a: Zamazenta|Body Press|p1a: Lunala\n|-immune|p1a: Lunala\n|\n|upkeep\n|turn|3\n|\n|t:|1776699100\n|move|p1b: Incineroar|Fake Out|p2b: Ogerpon\n|-damage|p2b: Ogerpon|46/100\n|move|p2a: Zamazenta|Body Press|p1b: Incineroar\n|-supereffective|p1b: Incineroar\n|-damage|p1b: Incineroar|0 fnt\n|faint|p1b: Incineroar\n|cant|p2b: Ogerpon|flinch\n|move|p1a: Lunala|Moongeist Beam|p2b: Ogerpon\n|-damage|p2b: Ogerpon|0 fnt\n|faint|p2b: Ogerpon\n|\n|upkeep\n|\n|t:|1776699114\n|switch|p2b: Rillaboom|Rillaboom, L50, F|100/100\n|switch|p1b: Whimsicott|Whimsicott, L50, F|100/100\n|-fieldstart|move: Grassy Terrain|[from] ability: Grassy Surge|[of] p2b: Rillaboom\n|turn|4\n|inactive|yoander5003 has 30 seconds left.\n|\n|t:|1776699142\n|move|p2b: Rillaboom|Fake Out|p1b: Whimsicott\n|-damage|p1b: Whimsicott|86/100\n|move|p1b: Whimsicott|Tailwind|p1b: Whimsicott\n|-sidestart|p1: yoander5003|move: Tailwind\n|move|p1a: Lunala|Moongeist Beam|p2a: Zamazenta\n|-damage|p2a: Zamazenta|57/100\n|move|p2a: Zamazenta|Heavy Slam|p1b: Whimsicott\n|-supereffective|p1b: Whimsicott\n|-damage|p1b: Whimsicott|24/100\n|\n|-heal|p1b: Whimsicott|30/100|[from] Grassy Terrain\n|-heal|p2a: Zamazenta|63/100|[from] Grassy Terrain\n|upkeep\n|turn|5\n|\n|t:|1776699159\n|move|p2a: Zamazenta|Protect|p2a: Zamazenta\n|-singleturn|p2a: Zamazenta|Protect\n|move|p1b: Whimsicott|Encore|p2b: Rillaboom\n|-start|p2b: Rillaboom|Encore\n|move|p1a: Lunala|Moongeist Beam|p2a: Zamazenta\n|-activate|p2a: Zamazenta|move: Protect\n|move|p2b: Rillaboom|Fake Out||[still]\n|-hint|Fake Out only works on your first turn out.\n|-fail|p2b: Rillaboom\n|\n|-heal|p1b: Whimsicott|36/100|[from] Grassy Terrain\n|-heal|p2a: Zamazenta|69/100|[from] Grassy Terrain\n|upkeep\n|turn|6\n|\n|t:|1776699172\n|switch|p1b: Miraidon|Miraidon, L50|78/100\n|-fieldstart|move: Electric Terrain|[from] ability: Hadron Engine|[of] p1b: Miraidon\n|switch|p2b: Calyrex|Calyrex-Shadow, L50|100/100\n|-ability|p2b: Calyrex|As One\n|-ability|p2b: Calyrex|Unnerve\n|move|p1a: Lunala|Moongeist Beam|p2a: Zamazenta\n|-damage|p2a: Zamazenta|29/100\n|move|p2a: Zamazenta|Heavy Slam|p1b: Miraidon\n|-resisted|p1b: Miraidon\n|-damage|p1b: Miraidon|70/100\n|\n|upkeep\n|turn|7\n|\n|t:|1776699194\n|move|p2b: Calyrex|Protect|p2b: Calyrex\n|-singleturn|p2b: Calyrex|Protect\n|move|p1a: Lunala|Wide Guard|p1a: Lunala\n|-singleturn|p1a: Lunala|Wide Guard\n|move|p1b: Miraidon|Volt Switch|p2b: Calyrex\n|-activate|p2b: Calyrex|move: Protect\n|move|p2a: Zamazenta|Body Press|p1b: Miraidon\n|-damage|p1b: Miraidon|8/100\n|\n|-sideend|p1: yoander5003|move: Tailwind\n|upkeep\n|turn|8\n|\n|t:|1776699217\n|switch|p2b: Rillaboom|Rillaboom, L50, F|100/100\n|-fieldstart|move: Grassy Terrain|[from] ability: Grassy Surge|[of] p2b: Rillaboom\n|move|p1b: Miraidon|Volt Switch|p2b: Rillaboom\n|-resisted|p2b: Rillaboom\n|-damage|p2b: Rillaboom|84/100\n|-damage|p1b: Miraidon|0 fnt|[from] item: Life Orb\n|faint|p1b: Miraidon\n|move|p2a: Zamazenta|Body Press|p1a: Lunala\n|-immune|p1a: Lunala\n|move|p1a: Lunala|Moongeist Beam|p2b: Rillaboom\n|-damage|p2b: Rillaboom|40/100\n|\n|-heal|p2a: Zamazenta|35/100|[from] Grassy Terrain\n|-heal|p2b: Rillaboom|46/100|[from] Grassy Terrain\n|upkeep\n|\n|t:|1776699223\n|switch|p1b: Whimsicott|Whimsicott, L50, F|36/100\n|turn|9\n|inactive|yoander5003 has 30 seconds left.\n|\n|t:|1776699255\n|move|p1b: Whimsicott|Encore|p2a: Zamazenta\n|-start|p2a: Zamazenta|Encore\n|move|p2a: Zamazenta|Body Press|p1b: Whimsicott\n|-resisted|p1b: Whimsicott\n|-damage|p1b: Whimsicott|0 fnt\n|faint|p1b: Whimsicott\n|move|p1a: Lunala|Moongeist Beam|p2a: Zamazenta\n|-damage|p2a: Zamazenta|0 fnt\n|faint|p2a: Zamazenta\n|move|p2b: Rillaboom|U-turn|p1a: Lunala\n|-damage|p1a: Lunala|94/100\n|\n|t:|1776699265\n|switch|p2b: Calyrex|Calyrex-Shadow, L50|100/100|[from] U-turn\n|-ability|p2b: Calyrex|As One\n|-ability|p2b: Calyrex|Unnerve\n|\n|-heal|p1a: Lunala|100/100|[from] Grassy Terrain\n|upkeep\n|\n|t:|1776699267\n|switch|p2a: Rillaboom|Rillaboom, L50, F|46/100\n|turn|10\n|\n|t:|1776699279\n|-terastallize|p2b: Calyrex|Ghost\n|-terastallize|p1a: Lunala|Fairy\n|move|p2a: Rillaboom|Grassy Glide|p1a: Lunala\n|-damage|p1a: Lunala|90/100\n|move|p2b: Calyrex|Astral Barrage|p1a: Lunala\n|-damage|p1a: Lunala|18/100\n|move|p1a: Lunala|Moongeist Beam|p2b: Calyrex\n|-supereffective|p2b: Calyrex\n|-enditem|p2b: Calyrex|Focus Sash\n|-damage|p2b: Calyrex|1/100\n|\n|-heal|p2b: Calyrex|7/100|[from] Grassy Terrain\n|-heal|p1a: Lunala|24/100|[from] Grassy Terrain\n|-heal|p2a: Rillaboom|52/100|[from] Grassy Terrain\n|upkeep\n|turn|11\n|\n|t:|1776699298\n|move|p2b: Calyrex|Astral Barrage|p1a: Lunala\n|-damage|p1a: Lunala|0 fnt\n|faint|p1a: Lunala\n|\n|win|blackred123\n|raw|yoander5003's rating: 1398 &rarr; <strong>1390</strong><br />(-8 for losing)\n|raw|blackred123's rating: 1638 &rarr; <strong>1646</strong><br />(+8 for winning)\n|l|\u2606yoander5003\n|player|p1|\n","uploadtime":1776699316,"views":9,"formatid":"gen9vgc2026regi","rating":1390,"private":0,"password":null}