{"id":"gen9vgc2026regi-2559399927","format":"[Gen 9] VGC 2026 Reg I","players":["mokuzz","terafireflareblitz"],"log":"|j|\u2606mokuzz\n|j|\u2606terafireflareblitz\n|t:|1773559163\n|gametype|doubles\n|player|p1|mokuzz|skierf|1152\n|player|p2|terafireflareblitz|sycamore|1112\n|gen|9\n|tier|[Gen 9] VGC 2026 Reg I\n|rated|\n|rule|Species Clause: Limit one of each Pok\u00e9mon\n|rule|Item Clause: Limit 1 of each item\n|clearpoke\n|poke|p1|Calyrex-Ice, L50|\n|poke|p1|Lunala, L50|\n|poke|p1|Smeargle, L50, M|\n|poke|p1|Torkoal, L50, F|\n|poke|p1|Urshifu-*, L50, F|\n|poke|p1|Indeedee-F, L50, F|\n|poke|p2|Koraidon, L50|\n|poke|p2|Lunala, L50|\n|poke|p2|Indeedee-F, L50, F|\n|poke|p2|Flutter Mane, L50|\n|poke|p2|Chi-Yu, L50|\n|poke|p2|Ursaluna, L50, F|\n|teampreview|4\n|inactive|Battle timer is ON: inactive players will automatically lose when time's up. (requested by terafireflareblitz)\n|inactive|mokuzz has 60 seconds left.\n|\n|t:|1773559202\n|teamsize|p1|4\n|teamsize|p2|4\n|start\n|switch|p1a: Smeargle|Smeargle, L50, M|100/100\n|switch|p1b: Indeedee|Indeedee-F, L50, F|100/100\n|switch|p2a: Lunala|Lunala, L50, shiny|100/100\n|switch|p2b: Indeedee|Indeedee-F, L50, F|100/100\n|-fieldstart|move: Psychic Terrain|[from] ability: Psychic Surge|[of] p2b: Indeedee\n|turn|1\n|inactive|mokuzz has 30 seconds left.\n|\n|t:|1773559230\n|move|p2b: Indeedee|Follow Me|p2b: Indeedee\n|-singleturn|p2b: Indeedee|move: Follow Me\n|move|p1a: Smeargle|Spore|p2b: Indeedee\n|-activate|p2b: Indeedee|item: Safety Goggles|Spore\n|move|p2a: Lunala|Meteor Beam||[still]\n|-prepare|p2a: Lunala|Meteor Beam\n|-boost|p2a: Lunala|spa|1\n|-enditem|p2a: Lunala|Power Herb\n|-anim|p2a: Lunala|Meteor Beam|p1a: Smeargle|[miss]\n|-miss|p2a: Lunala|p1a: Smeargle\n|move|p1b: Indeedee|Trick Room|p1b: Indeedee\n|-fieldstart|move: Trick Room|[of] p1b: Indeedee\n|\n|upkeep\n|turn|2\n|\n|t:|1773559252\n|switch|p1a: Calyrex|Calyrex-Ice, L50|100/100\n|-ability|p1a: Calyrex|As One\n|-ability|p1a: Calyrex|Unnerve\n|move|p1b: Indeedee|Alluring Voice|p2a: Lunala\n|-damage|p2a: Lunala|94/100\n|move|p2b: Indeedee|Alluring Voice|p1a: Calyrex\n|-damage|p1a: Calyrex|89/100\n|move|p2a: Lunala|Expanding Force|p1b: Indeedee|[spread] p1a,p1b\n|-resisted|p1a: Calyrex\n|-resisted|p1b: Indeedee\n|-damage|p1a: Calyrex|58/100\n|-damage|p1b: Indeedee|53/100\n|\n|upkeep\n|turn|3\n|\n|t:|1773559276\n|-terastallize|p2a: Lunala|Water\n|move|p1b: Indeedee|Helping Hand|p1a: Calyrex\n|-singleturn|p1a: Calyrex|Helping Hand|[of] p1b: Indeedee\n|move|p2b: Indeedee|Helping Hand|p2a: Lunala\n|-singleturn|p2a: Lunala|Helping Hand|[of] p2b: Indeedee\n|move|p1a: Calyrex|Glacial Lance|p2b: Indeedee|[spread] p2a,p2b\n|-resisted|p2a: Lunala\n|-damage|p2a: Lunala|60/100\n|-damage|p2b: Indeedee|12/100\n|move|p2a: Lunala|Expanding Force|p1a: Calyrex|[spread] p1a,p1b\n|-resisted|p1a: Calyrex\n|-resisted|p1b: Indeedee\n|-damage|p1a: Calyrex|5/100\n|-damage|p1b: Indeedee|0 fnt\n|faint|p1b: Indeedee\n|\n|upkeep\n|\n|t:|1773559297\n|switch|p1b: Lunala|Lunala, L50|100/100\n|turn|4\n|\n|t:|1773559306\n|move|p2a: Lunala|Wide Guard|p2a: Lunala\n|-singleturn|p2a: Lunala|Wide Guard\n|move|p1a: Calyrex|Glacial Lance|p2b: Indeedee|[spread] \n|-activate|p2a: Lunala|move: Wide Guard\n|-activate|p2b: Indeedee|move: Wide Guard\n|move|p2b: Indeedee|Alluring Voice|p1a: Calyrex\n|-damage|p1a: Calyrex|0 fnt\n|faint|p1a: Calyrex\n|move|p1b: Lunala|Moongeist Beam|p2a: Lunala\n|-damage|p2a: Lunala|18/100\n|\n|upkeep\n|\n|t:|1773559319\n|switch|p1a: Smeargle|Smeargle, L50, M|100/100\n|turn|5\n|\n|t:|1773559344\n|move|p2b: Indeedee|Follow Me|p2b: Indeedee\n|-singleturn|p2b: Indeedee|move: Follow Me\n|move|p2a: Lunala|Expanding Force|p1a: Smeargle|[spread] p1a,p1b\n|-resisted|p1b: Lunala\n|-enditem|p1a: Smeargle|Focus Sash\n|-damage|p1a: Smeargle|1/100\n|-damage|p1b: Lunala|82/100\n|move|p1b: Lunala|Expanding Force|p2a: Lunala|[spread] p2a,p2b\n|-resisted|p2b: Indeedee\n|-damage|p2a: Lunala|0 fnt\n|-damage|p2b: Indeedee|0 fnt\n|faint|p2a: Lunala\n|faint|p2b: Indeedee\n|move|p1a: Smeargle|Decorate|p1b: Lunala\n|-boost|p1b: Lunala|atk|2\n|-boost|p1b: Lunala|spa|2\n|\n|-fieldend|move: Trick Room\n|-fieldend|move: Psychic Terrain\n|upkeep\n|\n|t:|1773559348\n|switch|p2a: Koraidon|Koraidon, L50, shiny|100/100\n|switch|p2b: Ursaluna|Ursaluna, L50, F|100/100\n|-weather|SunnyDay|[from] ability: Orichalcum Pulse|[of] p2a: Koraidon\n|-activate|p2a: Koraidon|Orichalcum Pulse|[source]\n|turn|6\n|\n|t:|1773559370\n|move|p2a: Koraidon|Protect|p2a: Koraidon\n|-singleturn|p2a: Koraidon|Protect\n|move|p1a: Smeargle|Follow Me|p1a: Smeargle\n|-singleturn|p1a: Smeargle|move: Follow Me\n|move|p1b: Lunala|Moongeist Beam|p2a: Koraidon\n|-activate|p2a: Koraidon|move: Protect\n|move|p2b: Ursaluna|Earthquake|p1a: Smeargle|[spread] p1a,p1b\n|-activate|p2a: Koraidon|move: Protect\n|-damage|p1a: Smeargle|0 fnt\n|-damage|p1b: Lunala|49/100\n|faint|p1a: Smeargle\n|\n|-weather|SunnyDay|[upkeep]\n|-status|p2b: Ursaluna|brn|[from] item: Flame Orb\n|upkeep\n|turn|7\n|\n|t:|1773559382\n|move|p2a: Koraidon|Flare Blitz|p1b: Lunala\n|-damage|p1b: Lunala|0 fnt\n|faint|p1b: Lunala\n|-damage|p2a: Koraidon|78/100|[from] Recoil\n|-damage|p2a: Koraidon|68/100|[from] item: Life Orb\n|\n|win|terafireflareblitz\n|raw|mokuzz's rating: 1152 &rarr; <strong>1124</strong><br />(-28 for losing)\n|raw|terafireflareblitz's rating: 1112 &rarr; <strong>1140</strong><br />(+28 for winning)\n","uploadtime":1773559383,"views":13,"formatid":"gen9vgc2026regi","rating":1124,"private":0,"password":null}