{"id":"gen9vgc2026regi-2570188272","format":"[Gen 9] VGC 2026 Reg I","players":["chenxiangruxie","dasabe\u76d6\u6b27\u5361\u4fa0"],"log":"|j|\u2606chenxiangruxie\n|j|\u2606dasabe\u76d6\u6b27\u5361\u4fa0\n|t:|1774785947\n|gametype|doubles\n|player|p1|chenxiangruxie|dawn-gen4pt|1532\n|player|p2|dasabe\u76d6\u6b27\u5361\u4fa0|may-masters4|1471\n|gen|9\n|tier|[Gen 9] VGC 2026 Reg I\n|rated|\n|rule|Species Clause: Limit one of each Pok\u00e9mon\n|rule|Item Clause: Limit 1 of each item\n|clearpoke\n|poke|p1|Zacian-*, L50|\n|poke|p1|Raging Bolt, L50|\n|poke|p1|Tornadus, L50, M|\n|poke|p1|Chien-Pao, L50|\n|poke|p1|Kyogre, L50|\n|poke|p1|Grimmsnarl, L50, M|\n|poke|p2|Miraidon, L50|\n|poke|p2|Groudon, L50|\n|poke|p2|Farigiraf, L50, F|\n|poke|p2|Ogerpon-Hearthflame, L50, F|\n|poke|p2|Iron Hands, L50|\n|poke|p2|Jumpluff, L50, F|\n|teampreview|4\n|\n|t:|1774785970\n|teamsize|p1|4\n|teamsize|p2|4\n|start\n|switch|p1a: Grimmsnarl|Grimmsnarl, L50, M|100/100\n|switch|p1b: Kyogre|Kyogre, L50|100/100\n|switch|p2a: \u5f3a\u6bfd\u5c0f\u5b50|Jumpluff, L50, F, shiny|100/100\n|switch|p2b: \u94f6\u91d1\u5996\u86c7|Miraidon, L50, shiny|100/100\n|-fieldstart|move: Electric Terrain|[from] ability: Hadron Engine|[of] p2b: \u94f6\u91d1\u5996\u86c7\n|-weather|RainDance|[from] ability: Drizzle|[of] p1b: Kyogre\n|turn|1\n|\n|t:|1774785989\n|move|p1a: Grimmsnarl|Fake Out|p2b: \u94f6\u91d1\u5996\u86c7\n|-damage|p2b: \u94f6\u91d1\u5996\u86c7|87/100\n|cant|p2b: \u94f6\u91d1\u5996\u86c7|flinch\n|move|p2a: \u5f3a\u6bfd\u5c0f\u5b50|Fling|p1b: Kyogre\n|-crit|p1b: Kyogre\n|-damage|p1b: Kyogre|92/100\n|-enditem|p2a: \u5f3a\u6bfd\u5c0f\u5b50|King's Rock|[from] move: Fling\n|cant|p1b: Kyogre|flinch\n|\n|-weather|RainDance|[upkeep]\n|upkeep\n|turn|2\n|c|\u2606chenxiangruxie|\u9006\u5929\u540d\u79f0\n|c|\u2606dasabe\u76d6\u6b27\u5361\u4fa0|\u9006\u5929\u5728\u54ea\n|\n|t:|1774786019\n|switch|p2a: P\u56fa\u771f\u5927|Groudon, L50, shiny|100/100\n|-weather|SunnyDay|[from] ability: Drought|[of] p2a: P\u56fa\u771f\u5927\n|-terastallize|p1b: Kyogre|Ground\n|move|p1a: Grimmsnarl|Scary Face|p2b: \u94f6\u91d1\u5996\u86c7\n|-unboost|p2b: \u94f6\u91d1\u5996\u86c7|spe|2\n|move|p1b: Kyogre|Water Spout|p2a: P\u56fa\u771f\u5927|[spread] p2a,p2b\n|-supereffective|p2a: P\u56fa\u771f\u5927\n|-resisted|p2b: \u94f6\u91d1\u5996\u86c7\n|-damage|p2a: P\u56fa\u771f\u5927|19/100\n|-damage|p2b: \u94f6\u91d1\u5996\u86c7|66/100\n|move|p2b: \u94f6\u91d1\u5996\u86c7|Volt Switch|p1a: Grimmsnarl\n|-damage|p1a: Grimmsnarl|0 fnt\n|faint|p1a: Grimmsnarl\n|\n|t:|1774786028\n|switch|p2b: \u5f3a\u6bfd\u5c0f\u5b50|Jumpluff, L50, F, shiny|100/100|[from] Volt Switch\n|\n|-weather|SunnyDay|[upkeep]\n|upkeep\n|\n|t:|1774786037\n|switch|p1a: Tornadus|Tornadus, L50, M|100/100\n|turn|3\n|\n|t:|1774786055\n|move|p1a: Tornadus|Tailwind|p1a: Tornadus\n|-sidestart|p1: chenxiangruxie|move: Tailwind\n|move|p2b: \u5f3a\u6bfd\u5c0f\u5b50|Tailwind|p2b: \u5f3a\u6bfd\u5c0f\u5b50\n|-sidestart|p2: dasabe\u76d6\u6b27\u5361\u4fa0|move: Tailwind\n|move|p1b: Kyogre|Water Spout|p2a: P\u56fa\u771f\u5927|[spread] p2a,p2b\n|-supereffective|p2a: P\u56fa\u771f\u5927\n|-resisted|p2b: \u5f3a\u6bfd\u5c0f\u5b50\n|-damage|p2a: P\u56fa\u771f\u5927|0 fnt\n|-damage|p2b: \u5f3a\u6bfd\u5c0f\u5b50|78/100\n|faint|p2a: P\u56fa\u771f\u5927\n|\n|-weather|SunnyDay|[upkeep]\n|upkeep\n|\n|t:|1774786060\n|switch|p2a: \u94f6\u91d1\u5996\u86c7|Miraidon, L50, shiny|66/100\n|-activate|p2a: \u94f6\u91d1\u5996\u86c7|ability: Hadron Engine\n|turn|4\n|\n|t:|1774786071\n|switch|p1b: Zacian|Zacian-Crowned, L50|100/100\n|-ability|p1b: Zacian|Intrepid Sword|boost\n|-boost|p1b: Zacian|atk|1\n|move|p1a: Tornadus|Rain Dance|p1a: Tornadus\n|-weather|RainDance\n|move|p2a: \u94f6\u91d1\u5996\u86c7|Draco Meteor|p1b: Zacian\n|-immune|p1b: Zacian\n|move|p2b: \u5f3a\u6bfd\u5c0f\u5b50|Encore|p1a: Tornadus\n|-start|p1a: Tornadus|Encore\n|\n|-weather|RainDance|[upkeep]\n|upkeep\n|turn|5\n|\n|t:|1774786098\n|switch|p1a: Kyogre|Kyogre, L50, tera:Ground|92/100\n|switch|p2b: \u692a\u692a\u8be1\u5934|Ogerpon-Hearthflame, L50, F|100/100\n|-ability|p2b: \u692a\u692a\u8be1\u5934|Mold Breaker\n|-terastallize|p2a: \u94f6\u91d1\u5996\u86c7|Electric\n|move|p1b: Zacian|Play Rough|p2a: \u94f6\u91d1\u5996\u86c7\n|-damage|p2a: \u94f6\u91d1\u5996\u86c7|0 fnt\n|faint|p2a: \u94f6\u91d1\u5996\u86c7\n|\n|-weather|RainDance|[upkeep]\n|-fieldend|move: Electric Terrain\n|upkeep\n|\n|t:|1774786102\n|switch|p2a: \u5f3a\u6bfd\u5c0f\u5b50|Jumpluff, L50, F, shiny|78/100\n|turn|6\n|-message|dasabe\u76d6\u6b27\u5361\u4fa0 forfeited.\n|\n|win|chenxiangruxie\n|raw|chenxiangruxie's rating: 1532 &rarr; <strong>1549</strong><br />(+17 for winning)\n|raw|dasabe\u76d6\u6b27\u5361\u4fa0's rating: 1471 &rarr; <strong>1454</strong><br />(-17 for losing)\n|l|\u2606dasabe\u76d6\u6b27\u5361\u4fa0\n|player|p2|\n|c|\u2606chenxiangruxie|\u611f\u8c22\n|l|\u2606chenxiangruxie\n|player|p1|\n","uploadtime":1774786295,"views":17,"formatid":"gen9vgc2026regi","rating":1454,"private":0,"password":null}