{"id":"gen9vgc2026regi-2576804794","format":"[Gen 9] VGC 2026 Reg I","players":["jerry rivera","ScribbleScribble"],"log":"|j|\u2606jerry rivera\n|j|\u2606ScribbleScribble\n|t:|1775507093\n|gametype|doubles\n|player|p1|jerry rivera|silver|1461\n|player|p2|ScribbleScribble|mina-lgpe|1707\n|gen|9\n|tier|[Gen 9] VGC 2026 Reg I\n|rated|\n|rule|Species Clause: Limit one of each Pok\u00e9mon\n|rule|Item Clause: Limit 1 of each item\n|clearpoke\n|poke|p1|Kyogre, L50|\n|poke|p1|Zacian-*, L50|\n|poke|p1|Tornadus, L50, M|\n|poke|p1|Chien-Pao, L50|\n|poke|p1|Urshifu-*, L50, F|\n|poke|p1|Ditto, L50|\n|poke|p2|Calyrex-Ice, L50|\n|poke|p2|Kyogre, L50|\n|poke|p2|Tornadus, L50, M|\n|poke|p2|Indeedee-F, L50, F|\n|poke|p2|Urshifu-*, L50, M|\n|poke|p2|Landorus, L50, M|\n|teampreview|4\n|inactive|Battle timer is ON: inactive players will automatically lose when time's up. (requested by ScribbleScribble)\n|\n|t:|1775507107\n|teamsize|p1|4\n|teamsize|p2|4\n|start\n|switch|p1a: Bukele|Tornadus, L50, M|100/100\n|switch|p1b: Kyogre|Kyogre, L50|100/100\n|switch|p2a: Tornadus|Tornadus, L50, M|100/100\n|switch|p2b: Kyogre|Kyogre, L50|100/100\n|-weather|RainDance|[from] ability: Drizzle|[of] p1b: Kyogre\n|turn|1\n|\n|t:|1775507117\n|move|p1a: Bukele|Tailwind|p1a: Bukele\n|-sidestart|p1: jerry rivera|move: Tailwind\n|move|p1b: Kyogre|Water Spout|p2a: Tornadus|[spread] p2a,p2b\n|-resisted|p2b: Kyogre\n|-enditem|p2a: Tornadus|Focus Sash\n|-damage|p2a: Tornadus|1/100\n|-damage|p2b: Kyogre|45/100\n|move|p2a: Tornadus|Bleakwind Storm|p1a: Bukele|[spread] p1a,p1b\n|-damage|p1a: Bukele|46/100\n|-damage|p1b: Kyogre|69/100\n|move|p2b: Kyogre|Water Spout|p1b: Kyogre|[spread] p1a,p1b\n|-resisted|p1b: Kyogre\n|-damage|p1a: Bukele|0 fnt\n|-damage|p1b: Kyogre|50/100\n|faint|p1a: Bukele\n|\n|-weather|RainDance|[upkeep]\n|upkeep\n|\n|t:|1775507132\n|switch|p1a: Fernandito|Ditto, L50|100/100\n|-transform|p1a: Fernandito|p2b: Kyogre|[from] ability: Imposter\n|turn|2\n|\n|t:|1775507140\n|move|p2b: Kyogre|Protect|p2b: Kyogre\n|-singleturn|p2b: Kyogre|Protect\n|move|p2a: Tornadus|Tailwind|p2a: Tornadus\n|-sidestart|p2: ScribbleScribble|move: Tailwind\n|move|p1b: Kyogre|Water Spout|p2b: Kyogre|[spread] p2a\n|-activate|p2b: Kyogre|move: Protect\n|-damage|p2a: Tornadus|0 fnt\n|faint|p2a: Tornadus\n|move|p1a: Fernandito|Thunder|p2b: Kyogre\n|-activate|p2b: Kyogre|move: Protect\n|\n|-weather|RainDance|[upkeep]\n|upkeep\n|\n|t:|1775507156\n|switch|p2a: Indeedee|Indeedee-F, L50, F, shiny|100/100\n|-fieldstart|move: Psychic Terrain|[from] ability: Psychic Surge|[of] p2a: Indeedee\n|-enditem|p2a: Indeedee|Psychic Seed\n|-boost|p2a: Indeedee|spd|1|[from] item: Psychic Seed\n|turn|3\n|\n|t:|1775507166\n|-terastallize|p2b: Kyogre|Grass\n|move|p2a: Indeedee|Helping Hand|p2b: Kyogre\n|-singleturn|p2b: Kyogre|Helping Hand|[of] p2a: Indeedee\n|move|p1b: Kyogre|Water Spout|p2b: Kyogre|[spread] p2a,p2b\n|-resisted|p2b: Kyogre\n|-damage|p2a: Indeedee|55/100\n|-damage|p2b: Kyogre|17/100\n|move|p2b: Kyogre|Thunder|p1b: Kyogre\n|-supereffective|p1b: Kyogre\n|-damage|p1b: Kyogre|0 fnt\n|faint|p1b: Kyogre\n|move|p1a: Fernandito|Water Spout|p2a: Indeedee|[spread] p2a,p2b\n|-resisted|p2b: Kyogre\n|-damage|p2a: Indeedee|0 fnt\n|-damage|p2b: Kyogre|0 fnt\n|faint|p2a: Indeedee\n|faint|p2b: Kyogre\n|\n|-weather|RainDance|[upkeep]\n|upkeep\n|\n|t:|1775507177\n|switch|p1b: F4b C4nch4|Zacian-Crowned, L50|100/100\n|switch|p2b: Landorus|Landorus, L50, M|100/100\n|-ability|p1b: F4b C4nch4|Intrepid Sword|boost\n|-boost|p1b: F4b C4nch4|atk|1\n|turn|4\n|\n|t:|1775507195\n|-terastallize|p1b: F4b C4nch4|Dragon\n|move|p2b: Landorus|Protect|p2b: Landorus\n|-singleturn|p2b: Landorus|Protect\n|move|p1b: F4b C4nch4|Behemoth Blade|p2b: Landorus\n|-activate|p2b: Landorus|move: Protect\n|move|p1a: Fernandito|Hydro Pump|p2b: Landorus\n|-activate|p2b: Landorus|move: Protect\n|\n|-weather|RainDance|[upkeep]\n|-sideend|p1: jerry rivera|move: Tailwind\n|upkeep\n|turn|5\n|\n|t:|1775507202\n|move|p1b: F4b C4nch4|Protect|p1b: F4b C4nch4\n|-singleturn|p1b: F4b C4nch4|Protect\n|move|p1a: Fernandito|Protect|p1a: Fernandito\n|-singleturn|p1a: Fernandito|Protect\n|move|p2b: Landorus|Sandsear Storm|p1b: F4b C4nch4|[spread] \n|-activate|p1a: Fernandito|move: Protect\n|-activate|p1b: F4b C4nch4|move: Protect\n|\n|-weather|none\n|-sideend|p2: ScribbleScribble|move: Tailwind\n|upkeep\n|turn|6\n|\n|t:|1775507207\n|move|p1b: F4b C4nch4|Behemoth Blade|p2b: Landorus\n|-damage|p2b: Landorus|15/100\n|move|p1a: Fernandito|Water Spout|p2b: Landorus\n|-supereffective|p2b: Landorus\n|-damage|p2b: Landorus|0 fnt\n|faint|p2b: Landorus\n|\n|win|jerry rivera\n|raw|jerry rivera's rating: 1461 &rarr; <strong>1493</strong><br />(+32 for winning)\n|raw|ScribbleScribble's rating: 1707 &rarr; <strong>1675</strong><br />(-32 for losing)\n|l|\u2606ScribbleScribble\n|player|p2|\n|l|\u2606jerry rivera\n|player|p1|\n","uploadtime":1775507409,"views":19,"formatid":"gen9vgc2026regi","rating":1493,"private":0,"password":null}