{"id":"gen9vgc2026regi-2529250711","format":"[Gen 9] VGC 2026 Reg I","players":["marcxhenry","stinky57"],"log":"|j|\u2606marcxhenry\n|j|\u2606stinky57\n|t:|1769761502\n|gametype|doubles\n|player|p1|marcxhenry|hilbert-wonderlauncher|1556\n|player|p2|stinky57|265|1509\n|gen|9\n|tier|[Gen 9] VGC 2026 Reg I\n|rated|\n|rule|Species Clause: Limit one of each Pok\u00e9mon\n|rule|Item Clause: Limit 1 of each item\n|clearpoke\n|poke|p1|Calyrex-Shadow, L50|\n|poke|p1|Urshifu-*, L50, M|\n|poke|p1|Roaring Moon, L50|\n|poke|p1|Kyogre, L50|\n|poke|p1|Tsareena, L50, F|\n|poke|p1|Kingambit, L50, M|\n|poke|p2|Miraidon, L50|\n|poke|p2|Necrozma-Dusk-Mane, L50|\n|poke|p2|Pelipper, L50, M|\n|poke|p2|Iron Hands, L50|\n|poke|p2|Whimsicott, L50, F|\n|poke|p2|Urshifu-*, L50, F|\n|teampreview|4\n|\n|t:|1769761526\n|teamsize|p1|4\n|teamsize|p2|4\n|start\n|switch|p1a: Ludwig|Calyrex-Shadow, L50|100/100\n|switch|p1b: Roter Baron|Roaring Moon, L50, shiny|100/100\n|switch|p2a: Whimsicott|Whimsicott, L50, F|100/100\n|switch|p2b: Miraidon|Miraidon, L50, shiny|100/100\n|-ability|p1a: Ludwig|As One\n|-ability|p1a: Ludwig|Unnerve\n|-fieldstart|move: Electric Terrain|[from] ability: Hadron Engine|[of] p2b: Miraidon\n|-enditem|p1b: Roter Baron|Booster Energy\n|-activate|p1b: Roter Baron|ability: Protosynthesis|[fromitem]\n|-start|p1b: Roter Baron|protosynthesisspe\n|turn|1\n|inactive|Battle timer is ON: inactive players will automatically lose when time's up. (requested by stinky57)\n|inactive|stinky57 has 60 seconds left.\n|\n|t:|1769761559\n|-terastallize|p1b: Roter Baron|Flying\n|move|p2a: Whimsicott|Light Screen|p2a: Whimsicott\n|-sidestart|p2: stinky57|move: Light Screen\n|move|p1b: Roter Baron|Acrobatics|p2a: Whimsicott\n|-supereffective|p2a: Whimsicott\n|-damage|p2a: Whimsicott|0 fnt\n|faint|p2a: Whimsicott\n|move|p2b: Miraidon|Electro Drift|p1a: Ludwig\n|-enditem|p1a: Ludwig|Focus Sash\n|-damage|p1a: Ludwig|1/100\n|-damage|p2b: Miraidon|91/100|[from] item: Life Orb\n|move|p1a: Ludwig|Trick Room|p1a: Ludwig\n|-fieldstart|move: Trick Room|[of] p1a: Ludwig\n|\n|upkeep\n|\n|t:|1769761571\n|switch|p2a: Urshifu|Urshifu-Rapid-Strike, L50, F|100/100\n|turn|2\n|\n|t:|1769761581\n|-end|p1b: Roter Baron|Protosynthesis|[silent]\n|switch|p1b: Eva|Tsareena, L50, F, shiny|100/100\n|move|p2a: Urshifu|Surging Strikes|p1a: Ludwig\n|-crit|p1a: Ludwig\n|-damage|p1a: Ludwig|0 fnt\n|faint|p1a: Ludwig\n|-hitcount|p1: Ludwig|1\n|move|p2b: Miraidon|Electro Drift|p1b: Eva\n|-resisted|p1b: Eva\n|-damage|p1b: Eva|31/100\n|-damage|p2b: Miraidon|81/100|[from] item: Life Orb\n|\n|upkeep\n|\n|t:|1769761592\n|switch|p1a: Tripitz|Kyogre, L50, shiny|100/100\n|-weather|RainDance|[from] ability: Drizzle|[of] p1a: Tripitz\n|turn|3\n|inactive|stinky57 has 30 seconds left.\n|j| lunala fairy ghost\n|\n|t:|1769761623\n|move|p2b: Miraidon|Protect|p2b: Miraidon\n|-singleturn|p2b: Miraidon|Protect\n|move|p1b: Eva|Triple Axel|p2b: Miraidon\n|-activate|p2b: Miraidon|move: Protect\n|move|p1a: Tripitz|Water Spout|p2b: Miraidon|[spread] p2a\n|-activate|p2b: Miraidon|move: Protect\n|-resisted|p2a: Urshifu\n|-damage|p2a: Urshifu|34/100\n|move|p2a: Urshifu|Surging Strikes|p1a: Tripitz\n|-resisted|p1a: Tripitz\n|-crit|p1a: Tripitz\n|-damage|p1a: Tripitz|72/100\n|-resisted|p1a: Tripitz\n|-crit|p1a: Tripitz\n|-damage|p1a: Tripitz|44/100\n|-resisted|p1a: Tripitz\n|-crit|p1a: Tripitz\n|-damage|p1a: Tripitz|19/100\n|-hitcount|p1a: Tripitz|3\n|\n|-weather|RainDance|[upkeep]\n|upkeep\n|turn|4\n|\n|t:|1769761644\n|move|p1b: Eva|Power Whip|p2b: Miraidon\n|-resisted|p2b: Miraidon\n|-damage|p2b: Miraidon|51/100\n|move|p1a: Tripitz|Origin Pulse|p2a: Urshifu|[spread] p2a\n|-miss|p1a: Tripitz|p2b: Miraidon\n|-resisted|p2a: Urshifu\n|-damage|p2a: Urshifu|0 fnt\n|faint|p2a: Urshifu\n|move|p2b: Miraidon|Volt Switch|p1b: Eva\n|-resisted|p1b: Eva\n|-damage|p1b: Eva|0 fnt\n|faint|p1b: Eva\n|-damage|p2b: Miraidon|41/100|[from] item: Life Orb\n|\n|t:|1769761651\n|switch|p2b: Necrozma|Necrozma-Dusk-Mane, L50|100/100|[from] Volt Switch\n|\n|-weather|RainDance|[upkeep]\n|upkeep\n|\n|t:|1769761660\n|switch|p1b: Roter Baron|Roaring Moon, L50, shiny, tera:Flying|100/100\n|switch|p2a: Miraidon|Miraidon, L50, shiny|41/100\n|-activate|p2a: Miraidon|ability: Hadron Engine\n|turn|5\n|\n|t:|1769761672\n|-terastallize|p2b: Necrozma|Dragon\n|move|p1a: Tripitz|Protect|p1a: Tripitz\n|-singleturn|p1a: Tripitz|Protect\n|move|p2a: Miraidon|Protect|p2a: Miraidon\n|-singleturn|p2a: Miraidon|Protect\n|move|p2b: Necrozma|Photon Geyser|p1a: Tripitz\n|-activate|p1a: Tripitz|move: Protect\n|move|p1b: Roter Baron|Tailwind|p1b: Roter Baron\n|-sidestart|p1: marcxhenry|move: Tailwind\n|\n|-weather|RainDance|[upkeep]\n|-sideend|p2: stinky57|move: Light Screen\n|-fieldend|move: Trick Room\n|-fieldend|move: Electric Terrain\n|upkeep\n|turn|6\n|inactive|marcxhenry has 30 seconds left.\n|l| lunala fairy ghost\n|\n|t:|1769761701\n|move|p2a: Miraidon|Protect||[still]\n|-fail|p2a: Miraidon\n|move|p1b: Roter Baron|Knock Off|p2a: Miraidon\n|-damage|p2a: Miraidon|0 fnt\n|-enditem|p2a: Miraidon|Life Orb|[from] move: Knock Off|[of] p1b: Roter Baron\n|faint|p2a: Miraidon\n|move|p1a: Tripitz|Origin Pulse|p2b: Necrozma|[miss]\n|-miss|p1a: Tripitz|p2b: Necrozma\n|move|p2b: Necrozma|Photon Geyser|p1a: Tripitz\n|-damage|p1a: Tripitz|0 fnt\n|faint|p1a: Tripitz\n|\n|-weather|RainDance|[upkeep]\n|upkeep\n|turn|7\n|\n|t:|1769761716\n|move|p2b: Necrozma|Protect|p2b: Necrozma\n|-singleturn|p2b: Necrozma|Protect\n|move|p1b: Roter Baron|Knock Off|p2b: Necrozma\n|-activate|p2b: Necrozma|move: Protect\n|\n|-weather|none\n|upkeep\n|turn|8\n|\n|t:|1769761722\n|move|p1b: Roter Baron|Knock Off|p2b: Necrozma\n|-damage|p2b: Necrozma|63/100\n|-enditem|p2b: Necrozma|Clear Amulet|[from] move: Knock Off|[of] p1b: Roter Baron\n|move|p2b: Necrozma|Sunsteel Strike|p1b: Roter Baron\n|-damage|p1b: Roter Baron|29/100\n|\n|-sideend|p1: marcxhenry|move: Tailwind\n|upkeep\n|turn|9\n|\n|t:|1769761731\n|move|p1b: Roter Baron|Acrobatics|p2b: Necrozma\n|-damage|p2b: Necrozma|23/100\n|move|p2b: Necrozma|Sunsteel Strike|p1b: Roter Baron\n|-damage|p1b: Roter Baron|0 fnt\n|faint|p1b: Roter Baron\n|-end|p1b: Roter Baron|Protosynthesis|[silent]\n|\n|win|stinky57\n|raw|marcxhenry's rating: 1556 &rarr; <strong>1533</strong><br />(-23 for losing)\n|raw|stinky57's rating: 1509 &rarr; <strong>1532</strong><br />(+23 for winning)\n|l|\u2606marcxhenry\n|player|p1|\n|l|\u2606stinky57\n|player|p2|\n","uploadtime":1769761874,"views":56,"formatid":"gen9vgc2026regi","rating":1532,"private":0,"password":null}