{"id":"gen9vgc2026regi-2528330605","format":"[Gen 9] VGC 2026 Reg I","players":["ronnoc02","fogdocker"],"log":"|j|\u2606ronnoc02\n|j|\u2606fogdocker\n|t:|1769642706\n|gametype|doubles\n|player|p1|ronnoc02|2|1327\n|player|p2|fogdocker|266|1454\n|gen|9\n|tier|[Gen 9] VGC 2026 Reg I\n|rated|\n|rule|Species Clause: Limit one of each Pok\u00e9mon\n|rule|Item Clause: Limit 1 of each item\n|clearpoke\n|poke|p1|Rayquaza, L50|\n|poke|p1|Calyrex-Shadow, L50|\n|poke|p1|Weezing-Galar, L50, M|\n|poke|p1|Incineroar, L50, F|\n|poke|p1|Urshifu-*, L50, M|\n|poke|p1|Clefairy, L50, F|\n|poke|p2|Koraidon, L50|\n|poke|p2|Flutter Mane, L50|\n|poke|p2|Calyrex-Ice, L50|\n|poke|p2|Incineroar, L50, F|\n|poke|p2|Rillaboom, L50, M|\n|poke|p2|Amoonguss, L50, F|\n|teampreview|4\n|inactive|Battle timer is ON: inactive players will automatically lose when time's up. (requested by ronnoc02)\n|j| yippeee_hooray\n|\n|t:|1769642735\n|teamsize|p1|4\n|teamsize|p2|4\n|start\n|switch|p1a: Incineroar|Incineroar, L50, F|100/100\n|switch|p1b: Weezing|Weezing-Galar, L50, M, shiny|100/100\n|switch|p2a: Koraidon|Koraidon, L50|100/100\n|switch|p2b: Flutter Mane|Flutter Mane, L50|100/100\n|-ability|p1b: Weezing|Neutralizing Gas\n|-block|p1a: Incineroar|item: Ability Shield\n|-ability|p1a: Incineroar|Intimidate|boost\n|-unboost|p2a: Koraidon|atk|1\n|-unboost|p2b: Flutter Mane|atk|1\n|turn|1\n|\n|t:|1769642750\n|move|p2a: Koraidon|Protect|p2a: Koraidon\n|-singleturn|p2a: Koraidon|Protect\n|move|p2b: Flutter Mane|Moonblast|p1b: Weezing\n|-resisted|p1b: Weezing\n|-damage|p1b: Weezing|72/100\n|move|p1b: Weezing|Will-O-Wisp|p2a: Koraidon\n|-activate|p2a: Koraidon|move: Protect\n|move|p1a: Incineroar|Flare Blitz|p2b: Flutter Mane\n|-damage|p2b: Flutter Mane|4/100\n|-damage|p1a: Incineroar|79/100|[from] Recoil\n|\n|-heal|p1b: Weezing|79/100|[from] item: Leftovers\n|upkeep\n|turn|2\n|\n|t:|1769642765\n|move|p1b: Weezing|Protect|p1b: Weezing\n|-singleturn|p1b: Weezing|Protect\n|move|p2a: Koraidon|Flare Blitz|p1b: Weezing\n|-activate|p1b: Weezing|move: Protect\n|move|p2b: Flutter Mane|Shadow Ball|p1b: Weezing\n|-activate|p1b: Weezing|move: Protect\n|move|p1a: Incineroar|Parting Shot|p2a: Koraidon\n|-unboost|p2a: Koraidon|atk|1\n|-unboost|p2a: Koraidon|spa|1\n|\n|t:|1769642774\n|switch|p1a: Calyrex|Calyrex-Shadow, L50|100/100|[from] Parting Shot\n|-ability|p1a: Calyrex|As One\n|-ability|p1a: Calyrex|Unnerve\n|\n|-heal|p1b: Weezing|85/100|[from] item: Leftovers\n|upkeep\n|turn|3\n|j| riyuezi\n|\n|t:|1769642787\n|switch|p2a: Incineroar|Incineroar, L50, F|100/100\n|-terastallize|p1a: Calyrex|Normal\n|move|p2b: Flutter Mane|Protect|p2b: Flutter Mane\n|-singleturn|p2b: Flutter Mane|Protect\n|move|p1a: Calyrex|Astral Barrage|p2b: Flutter Mane|[spread] p2a\n|-activate|p2b: Flutter Mane|move: Protect\n|-resisted|p2a: Incineroar\n|-damage|p2a: Incineroar|73/100\n|-damage|p1a: Calyrex|91/100|[from] item: Life Orb\n|move|p1b: Weezing|Will-O-Wisp|p2a: Incineroar\n|-immune|p2a: Incineroar\n|\n|-heal|p1b: Weezing|91/100|[from] item: Leftovers\n|upkeep\n|turn|4\n|l| riyuezi\n|inactive|fogdocker has 30 seconds left.\n|inactive|fogdocker has 20 seconds left.\n|\n|t:|1769642822\n|move|p1a: Calyrex|Protect|p1a: Calyrex\n|-singleturn|p1a: Calyrex|Protect\n|move|p2a: Incineroar|Fake Out|p1a: Calyrex\n|-activate|p1a: Calyrex|move: Protect\n|move|p2b: Flutter Mane|Shadow Ball|p1b: Weezing\n|-crit|p1b: Weezing\n|-damage|p1b: Weezing|31/100\n|move|p1b: Weezing|Sludge Bomb|p2a: Incineroar\n|-damage|p2a: Incineroar|50/100\n|-status|p2a: Incineroar|psn\n|\n|-heal|p1b: Weezing|37/100|[from] item: Leftovers\n|-damage|p2a: Incineroar|38/100 psn|[from] psn\n|upkeep\n|turn|5\n|\n|t:|1769642843\n|-terastallize|p2b: Flutter Mane|Normal\n|move|p1a: Calyrex|Astral Barrage|p2b: Flutter Mane|[spread] p2a\n|-immune|p2b: Flutter Mane\n|-resisted|p2a: Incineroar\n|-damage|p2a: Incineroar|5/100 psn\n|-damage|p1a: Calyrex|81/100|[from] item: Life Orb\n|move|p2b: Flutter Mane|Moonblast|p1b: Weezing\n|-resisted|p1b: Weezing\n|-damage|p1b: Weezing|12/100\n|move|p1b: Weezing|Sludge Bomb|p2a: Incineroar\n|-damage|p2a: Incineroar|0 fnt\n|faint|p2a: Incineroar\n|\n|-heal|p1b: Weezing|19/100|[from] item: Leftovers\n|upkeep\n|-message|fogdocker forfeited.\n|\n|win|ronnoc02\n|raw|ronnoc02's rating: 1327 &rarr; <strong>1354</strong><br />(+27 for winning)\n|raw|fogdocker's rating: 1454 &rarr; <strong>1427</strong><br />(-27 for losing)\n|l|\u2606fogdocker\n|player|p2|\n|l|\u2606ronnoc02\n|player|p1|\n","uploadtime":1769642996,"views":15,"formatid":"gen9vgc2026regi","rating":1354,"private":0,"password":null}