{"id":"gen9vgc2026regi-2582371965","format":"[Gen 9] VGC 2026 Reg I","players":["pumpkinflame","KCLord"],"log":"|j|\u2606pumpkinflame\n|j|\u2606KCLord\n|t:|1776087186\n|gametype|doubles\n|player|p1|pumpkinflame|adaman-masters|1365\n|player|p2|KCLord|cynthia-gen4|1474\n|gen|9\n|tier|[Gen 9] VGC 2026 Reg I\n|rated|\n|rule|Species Clause: Limit one of each Pok\u00e9mon\n|rule|Item Clause: Limit 1 of each item\n|clearpoke\n|poke|p1|Kyogre, L50|\n|poke|p1|Archaludon, L50, F|\n|poke|p1|Rillaboom, L50, F|\n|poke|p1|Roaring Moon, L50|\n|poke|p1|Calyrex-Ice, L50|\n|poke|p1|Incineroar, L50, F|\n|poke|p2|Calyrex-Shadow, L50|\n|poke|p2|Zamazenta-*, L50|\n|poke|p2|Chien-Pao, L50|\n|poke|p2|Dragonite, L50, F|\n|poke|p2|Raging Bolt, L50|\n|poke|p2|Ogerpon-Cornerstone, L50, F|\n|teampreview|4\n|\n|t:|1776087218\n|teamsize|p1|4\n|teamsize|p2|4\n|start\n|switch|p1a: Salamence Megav2|Roaring Moon, L50|100/100\n|switch|p1b: K.O|Kyogre, L50|100/100\n|switch|p2a: Green Goober|Dragonite, L50, F|100/100\n|switch|p2b: Zamazenta|Zamazenta-Crowned, L50|100/100\n|-ability|p2b: Zamazenta|Dauntless Shield|boost\n|-boost|p2b: Zamazenta|def|1\n|-weather|RainDance|[from] ability: Drizzle|[of] p1b: K.O\n|-enditem|p1a: Salamence Megav2|Booster Energy\n|-activate|p1a: Salamence Megav2|ability: Protosynthesis|[fromitem]\n|-start|p1a: Salamence Megav2|protosynthesisspe\n|turn|1\n|\n|t:|1776087242\n|move|p1b: K.O|Protect|p1b: K.O\n|-singleturn|p1b: K.O|Protect\n|move|p2a: Green Goober|Extreme Speed|p1b: K.O\n|-activate|p1b: K.O|move: Protect\n|move|p1a: Salamence Megav2|Tailwind|p1a: Salamence Megav2\n|-sidestart|p1: pumpkinflame|move: Tailwind\n|move|p2b: Zamazenta|Body Press|p1a: Salamence Megav2\n|-supereffective|p1a: Salamence Megav2\n|-crit|p1a: Salamence Megav2\n|-damage|p1a: Salamence Megav2|0 fnt\n|faint|p1a: Salamence Megav2\n|-end|p1a: Salamence Megav2|Protosynthesis|[silent]\n|\n|-weather|RainDance|[upkeep]\n|upkeep\n|\n|t:|1776087254\n|switch|p1a: Mrs. Dreads|Rillaboom, L50, F, shiny|100/100\n|-fieldstart|move: Grassy Terrain|[from] ability: Grassy Surge|[of] p1a: Mrs. Dreads\n|turn|2\n|\n|t:|1776087308\n|-terastallize|p2b: Zamazenta|Dragon\n|move|p2a: Green Goober|Extreme Speed|p1b: K.O\n|-damage|p1b: K.O|57/100\n|move|p1b: K.O|Origin Pulse|p2a: Green Goober|[spread] p2a,p2b\n|-resisted|p2a: Green Goober\n|-resisted|p2b: Zamazenta\n|-damage|p2a: Green Goober|63/100\n|-damage|p2b: Zamazenta|73/100\n|move|p1a: Mrs. Dreads|High Horsepower|p2b: Zamazenta\n|-damage|p2b: Zamazenta|61/100\n|move|p2b: Zamazenta|Body Press|p1b: K.O\n|-damage|p1b: K.O|0 fnt\n|faint|p1b: K.O\n|\n|-weather|RainDance|[upkeep]\n|-heal|p2b: Zamazenta|67/100|[from] Grassy Terrain\n|upkeep\n|\n|t:|1776087322\n|switch|p1b: Chilly and Willy|Calyrex-Ice, L50|100/100\n|-ability|p1b: Chilly and Willy|As One\n|-ability|p1b: Chilly and Willy|Unnerve\n|turn|3\n|\n|t:|1776087342\n|move|p2a: Green Goober|Extreme Speed|p1b: Chilly and Willy\n|-damage|p1b: Chilly and Willy|74/100\n|move|p1a: Mrs. Dreads|Wood Hammer|p2b: Zamazenta\n|-resisted|p2b: Zamazenta\n|-damage|p2b: Zamazenta|48/100\n|-damage|p1a: Mrs. Dreads|94/100|[from] Recoil\n|move|p2b: Zamazenta|Body Press|p1b: Chilly and Willy\n|-damage|p1b: Chilly and Willy|34/100\n|move|p1b: Chilly and Willy|Glacial Lance|p2a: Green Goober|[spread] p2a,p2b\n|-supereffective|p2a: Green Goober\n|-supereffective|p2b: Zamazenta\n|-damage|p2a: Green Goober|0 fnt\n|-damage|p2b: Zamazenta|14/100\n|faint|p2a: Green Goober\n|-ability|p1b: Chilly and Willy|Chilling Neigh|boost\n|-boost|p1b: Chilly and Willy|atk|1\n|\n|-weather|RainDance|[upkeep]\n|-heal|p1a: Mrs. Dreads|99/100|[from] Grassy Terrain\n|-heal|p2b: Zamazenta|20/100|[from] Grassy Terrain\n|-heal|p1b: Chilly and Willy|40/100|[from] Grassy Terrain\n|-heal|p1b: Chilly and Willy|46/100|[from] item: Leftovers\n|upkeep\n|\n|t:|1776087370\n|switch|p2a: PinkPonyClub|Calyrex-Shadow, L50|100/100\n|-ability|p2a: PinkPonyClub|As One\n|-ability|p2a: PinkPonyClub|Unnerve\n|turn|4\n|inactive|Battle timer is ON: inactive players will automatically lose when time's up. (requested by KCLord)\n|\n|t:|1776087421\n|move|p1b: Chilly and Willy|Protect|p1b: Chilly and Willy\n|-singleturn|p1b: Chilly and Willy|Protect\n|move|p1a: Mrs. Dreads|Grassy Glide|p2a: PinkPonyClub\n|-damage|p2a: PinkPonyClub|48/100\n|move|p2a: PinkPonyClub|Astral Barrage|p1b: Chilly and Willy|[spread] p1a\n|-activate|p1b: Chilly and Willy|move: Protect\n|-damage|p1a: Mrs. Dreads|40/100\n|move|p2b: Zamazenta|Body Press|p1b: Chilly and Willy\n|-activate|p1b: Chilly and Willy|move: Protect\n|\n|-weather|RainDance|[upkeep]\n|-heal|p1a: Mrs. Dreads|46/100|[from] Grassy Terrain\n|-heal|p2a: PinkPonyClub|54/100|[from] Grassy Terrain\n|-heal|p2b: Zamazenta|26/100|[from] Grassy Terrain\n|-heal|p1b: Chilly and Willy|52/100|[from] Grassy Terrain\n|-heal|p1b: Chilly and Willy|58/100|[from] item: Leftovers\n|-sideend|p1: pumpkinflame|move: Tailwind\n|upkeep\n|turn|5\n|inactive|KCLord has 30 seconds left.\n|\n|t:|1776087446\n|switch|p2a: Arlie|Chien-Pao, L50|100/100\n|-ability|p2a: Arlie|Sword of Ruin\n|move|p1a: Mrs. Dreads|Grassy Glide|p2a: Arlie\n|-damage|p2a: Arlie|40/100\n|move|p2b: Zamazenta|Body Press|p1b: Chilly and Willy\n|-damage|p1b: Chilly and Willy|0 fnt\n|faint|p1b: Chilly and Willy\n|\n|-weather|none\n|-heal|p2a: Arlie|47/100|[from] Grassy Terrain\n|-heal|p2b: Zamazenta|32/100|[from] Grassy Terrain\n|-heal|p1a: Mrs. Dreads|52/100|[from] Grassy Terrain\n|upkeep\n|turn|6\n|inactive|KCLord has 30 seconds left.\n|inactive|KCLord has 20 seconds left.\n|inactive|KCLord has 15 seconds left.\n|\n|t:|1776087487\n|-terastallize|p1a: Mrs. Dreads|Fairy\n|move|p1a: Mrs. Dreads|Grassy Glide|p2a: Arlie\n|-damage|p2a: Arlie|0 fnt\n|faint|p2a: Arlie\n|move|p2b: Zamazenta|Body Press|p1a: Mrs. Dreads\n|-resisted|p1a: Mrs. Dreads\n|-damage|p1a: Mrs. Dreads|21/100\n|\n|-heal|p2b: Zamazenta|39/100|[from] Grassy Terrain\n|-heal|p1a: Mrs. Dreads|27/100|[from] Grassy Terrain\n|-fieldend|move: Grassy Terrain\n|upkeep\n|\n|t:|1776087494\n|switch|p2a: PinkPonyClub|Calyrex-Shadow, L50|54/100\n|-ability|p2a: PinkPonyClub|As One\n|-ability|p2a: PinkPonyClub|Unnerve\n|turn|7\n|\n|t:|1776087506\n|move|p2a: PinkPonyClub|Astral Barrage|p1a: Mrs. Dreads\n|-damage|p1a: Mrs. Dreads|0 fnt\n|faint|p1a: Mrs. Dreads\n|\n|win|KCLord\n|raw|pumpkinflame's rating: 1365 &rarr; <strong>1351</strong><br />(-14 for losing)\n|raw|KCLord's rating: 1474 &rarr; <strong>1488</strong><br />(+14 for winning)\n|l|\u2606pumpkinflame\n|player|p1|\n","uploadtime":1776087653,"views":12,"formatid":"gen9vgc2026regi","rating":1351,"private":0,"password":null}