{"id":"gen9vgc2026regi-2527989539","format":"[Gen 9] VGC 2026 Reg I","players":["ployueng","ky123456"],"log":"|j|\u2606ployueng\n|j|\u2606ky123456\n|t:|1769609356\n|gametype|doubles\n|player|p1|ployueng|1|1469\n|player|p2|ky123456|cynthia-gen4|1583\n|gen|9\n|tier|[Gen 9] VGC 2026 Reg I\n|rated|\n|rule|Species Clause: Limit one of each Pok\u00e9mon\n|rule|Item Clause: Limit 1 of each item\n|clearpoke\n|poke|p1|Koraidon, L50|\n|poke|p1|Calyrex-Shadow, L50|\n|poke|p1|Indeedee-F, L50, F|\n|poke|p1|Brute Bonnet, L50|\n|poke|p1|Scream Tail, L50|\n|poke|p1|Whimsicott, L50, M|\n|poke|p2|Kyogre, L50|\n|poke|p2|Calyrex-Ice, L50|\n|poke|p2|Grimmsnarl, L50, M|\n|poke|p2|Rillaboom, L50, F|\n|poke|p2|Landorus, L50, M|\n|poke|p2|Urshifu-*, L50, F|\n|teampreview|4\n|\n|t:|1769609393\n|teamsize|p1|4\n|teamsize|p2|4\n|start\n|switch|p1a: Scream Tail|Scream Tail, L50|100/100\n|switch|p1b: Brute Bonnet|Brute Bonnet, L50|100/100\n|switch|p2a: Calyrex|Calyrex-Ice, L50|100/100\n|switch|p2b: Grimmsnarl|Grimmsnarl, L50, M|100/100\n|-ability|p2a: Calyrex|As One\n|-ability|p2a: Calyrex|Unnerve\n|-enditem|p1a: Scream Tail|Booster Energy\n|-activate|p1a: Scream Tail|ability: Protosynthesis|[fromitem]\n|-start|p1a: Scream Tail|protosynthesisspe\n|turn|1\n|\n|t:|1769609414\n|move|p2b: Grimmsnarl|Thunder Wave|p1b: Brute Bonnet\n|-hint|Since gen 7, Dark is immune to Prankster moves.\n|-immune|p1b: Brute Bonnet\n|move|p1a: Scream Tail|Reflect|p1a: Scream Tail\n|-sidestart|p1: ployueng|Reflect\n|move|p1b: Brute Bonnet|Taunt|p2a: Calyrex\n|-start|p2a: Calyrex|move: Taunt\n|move|p2a: Calyrex|Glacial Lance|p1b: Brute Bonnet|[spread] p1a,p1b\n|-supereffective|p1b: Brute Bonnet\n|-damage|p1a: Scream Tail|73/100\n|-damage|p1b: Brute Bonnet|55/100\n|\n|upkeep\n|turn|2\n|\n|t:|1769609437\n|move|p2b: Grimmsnarl|Reflect|p2b: Grimmsnarl\n|-sidestart|p2: ky123456|Reflect\n|move|p1a: Scream Tail|Psychic Fangs|p2a: Calyrex\n|-sideend|p2: ky123456|Reflect\n|-resisted|p2a: Calyrex\n|-damage|p2a: Calyrex|94/100\n|move|p1b: Brute Bonnet|Spore|p2a: Calyrex\n|-status|p2a: Calyrex|slp|[from] move: Spore\n|cant|p2a: Calyrex|slp\n|\n|-heal|p2a: Calyrex|99/100 slp|[from] item: Leftovers\n|upkeep\n|turn|3\n|\n|t:|1769609456\n|-end|p1a: Scream Tail|Protosynthesis|[silent]\n|switch|p1a: Koraidon|Koraidon, L50|100/100\n|-weather|SunnyDay|[from] ability: Orichalcum Pulse|[of] p1a: Koraidon\n|-activate|p1b: Brute Bonnet|ability: Protosynthesis\n|-start|p1b: Brute Bonnet|protosynthesisdef\n|-activate|p1a: Koraidon|Orichalcum Pulse|[source]\n|switch|p2a: Kyogre|Kyogre, L50|100/100\n|-weather|RainDance|[from] ability: Drizzle|[of] p2a: Kyogre\n|-end|p1b: Brute Bonnet|Protosynthesis\n|move|p2b: Grimmsnarl|Thunder Wave|p1a: Koraidon|[miss]\n|-miss|p2b: Grimmsnarl|p1a: Koraidon\n|move|p1b: Brute Bonnet|Spore|p2b: Grimmsnarl\n|-status|p2b: Grimmsnarl|slp|[from] move: Spore\n|\n|-weather|RainDance|[upkeep]\n|upkeep\n|turn|4\n|\n|t:|1769609480\n|cant|p2b: Grimmsnarl|slp\n|move|p1a: Koraidon|Close Combat|p2b: Grimmsnarl\n|-damage|p2b: Grimmsnarl|28/100 slp\n|-unboost|p1a: Koraidon|def|1\n|-unboost|p1a: Koraidon|spd|1\n|-damage|p1a: Koraidon|91/100|[from] item: Life Orb\n|move|p2a: Kyogre|Ice Beam|p1b: Brute Bonnet\n|-supereffective|p1b: Brute Bonnet\n|-damage|p1b: Brute Bonnet|0 fnt\n|faint|p1b: Brute Bonnet\n|-end|p1b: Brute Bonnet|Protosynthesis|[silent]\n|\n|-weather|RainDance|[upkeep]\n|upkeep\n|\n|t:|1769609491\n|switch|p1b: Calyrex|Calyrex-Shadow, L50|100/100\n|-ability|p1b: Calyrex|As One\n|-ability|p1b: Calyrex|Unnerve\n|turn|5\n|\n|t:|1769609510\n|switch|p1a: Scream Tail|Scream Tail, L50|73/100\n|-curestatus|p2b: Grimmsnarl|slp|[msg]\n|move|p2b: Grimmsnarl|Thunder Wave|p1b: Calyrex|[miss]\n|-miss|p2b: Grimmsnarl|p1b: Calyrex\n|move|p1b: Calyrex|Astral Barrage|p2a: Kyogre|[spread] p2a,p2b\n|-resisted|p2b: Grimmsnarl\n|-damage|p2a: Kyogre|78/100\n|-damage|p2b: Grimmsnarl|1/100\n|move|p2a: Kyogre|Origin Pulse|p1b: Calyrex|[spread] p1a,p1b\n|-damage|p1a: Scream Tail|16/100\n|-damage|p1b: Calyrex|22/100\n|\n|-weather|RainDance|[upkeep]\n|-sideend|p1: ployueng|Reflect\n|upkeep\n|turn|6\n|\n|t:|1769609549\n|move|p1b: Calyrex|Protect|p1b: Calyrex\n|-singleturn|p1b: Calyrex|Protect\n|move|p2b: Grimmsnarl|Thunder Wave|p1b: Calyrex\n|-activate|p1b: Calyrex|move: Protect\n|move|p1a: Scream Tail|Light Screen|p1a: Scream Tail\n|-sidestart|p1: ployueng|move: Light Screen\n|move|p2a: Kyogre|Water Spout|p1a: Scream Tail|[spread] p1a\n|-activate|p1b: Calyrex|move: Protect\n|-damage|p1a: Scream Tail|0 fnt\n|faint|p1a: Scream Tail\n|-end|p1a: Scream Tail|Protosynthesis|[silent]\n|\n|-weather|RainDance|[upkeep]\n|upkeep\n|\n|t:|1769609560\n|switch|p1a: Koraidon|Koraidon, L50|91/100\n|-weather|SunnyDay|[from] ability: Orichalcum Pulse|[of] p1a: Koraidon\n|-activate|p1a: Koraidon|Orichalcum Pulse|[source]\n|turn|7\n|\n|t:|1769609579\n|move|p2b: Grimmsnarl|Thunder Wave|p1a: Koraidon\n|-status|p1a: Koraidon|par\n|move|p1b: Calyrex|Astral Barrage|p2b: Grimmsnarl|[spread] p2a,p2b\n|-resisted|p2b: Grimmsnarl\n|-damage|p2a: Kyogre|50/100\n|-damage|p2b: Grimmsnarl|0 fnt\n|faint|p2b: Grimmsnarl\n|-ability|p1b: Calyrex|Grim Neigh|boost\n|-boost|p1b: Calyrex|spa|1\n|move|p2a: Kyogre|Ice Beam|p1a: Koraidon\n|-supereffective|p1a: Koraidon\n|-damage|p1a: Koraidon|36/100 par\n|move|p1a: Koraidon|Close Combat|p2a: Kyogre\n|-damage|p2a: Kyogre|0 fnt\n|-unboost|p1a: Koraidon|def|1\n|-unboost|p1a: Koraidon|spd|1\n|faint|p2a: Kyogre\n|-damage|p1a: Koraidon|27/100 par|[from] item: Life Orb\n|\n|-weather|SunnyDay|[upkeep]\n|upkeep\n|\n|t:|1769609592\n|switch|p2a: Calyrex|Calyrex-Ice, L50|99/100 slp\n|switch|p2b: Urshifu|Urshifu-Rapid-Strike, L50, F|100/100\n|-ability|p2a: Calyrex|As One\n|-ability|p2a: Calyrex|Unnerve\n|turn|8\n|\n|t:|1769609624\n|-terastallize|p2a: Calyrex|Fairy\n|move|p2b: Urshifu|Surging Strikes|p1b: Calyrex\n|-crit|p1b: Calyrex\n|-damage|p1b: Calyrex|8/100\n|-crit|p1b: Calyrex\n|-damage|p1b: Calyrex|0 fnt\n|faint|p1b: Calyrex\n|-hitcount|p1: Calyrex|2\n|move|p1a: Koraidon|Scale Shot|p2b: Urshifu\n|-damage|p2b: Urshifu|78/100\n|-damage|p2b: Urshifu|52/100\n|-damage|p2b: Urshifu|28/100\n|-hitcount|p2b: Urshifu|3\n|-unboost|p1a: Koraidon|def|1\n|-boost|p1a: Koraidon|spe|1\n|-damage|p1a: Koraidon|17/100 par|[from] item: Life Orb\n|cant|p2a: Calyrex|slp\n|\n|-weather|SunnyDay|[upkeep]\n|-heal|p2a: Calyrex|100/100 slp|[from] item: Leftovers\n|upkeep\n|turn|9\n|-message|ployueng forfeited.\n|\n|win|ky123456\n|raw|ployueng's rating: 1469 &rarr; <strong>1455</strong><br />(-14 for losing)\n|raw|ky123456's rating: 1583 &rarr; <strong>1597</strong><br />(+14 for winning)\n|l|\u2606ployueng\n|player|p1|\n|l|\u2606ky123456\n|player|p2|\n","uploadtime":1769609909,"views":16,"formatid":"gen9vgc2026regi","rating":1455,"private":0,"password":null}