{"id":"gen9vgc2026regi-2551536987","format":"[Gen 9] VGC 2026 Reg I","players":["b3testing","WarlogFV"],"log":"|j|\u2606b3testing\n|j|\u2606WarlogFV\n|t:|1772617956\n|gametype|doubles\n|player|p1|b3testing|101|1410\n|player|p2|WarlogFV|erika|1707\n|gen|9\n|tier|[Gen 9] VGC 2026 Reg I\n|rated|\n|rule|Species Clause: Limit one of each Pok\u00e9mon\n|rule|Item Clause: Limit 1 of each item\n|clearpoke\n|poke|p1|Terapagos, L50, M|\n|poke|p1|Calyrex-Shadow, L50|\n|poke|p1|Incineroar, L50, F|\n|poke|p1|Amoonguss, L50, F|\n|poke|p1|Tornadus, L50, M|\n|poke|p1|Smeargle, L50, M|\n|poke|p2|Lunala, L50|\n|poke|p2|Zamazenta-*, L50|\n|poke|p2|Comfey, L50, M|\n|poke|p2|Rillaboom, L50, F|\n|poke|p2|Ogerpon-Cornerstone, L50, F|\n|poke|p2|Chi-Yu, L50|\n|teampreview|4\n|inactive|Battle timer is ON: inactive players will automatically lose when time's up. (requested by b3testing)\n|inactive|b3testing has 60 seconds left.\n|\n|t:|1772617991\n|teamsize|p1|4\n|teamsize|p2|4\n|start\n|switch|p1a: Incineroar|Incineroar, L50, F|100/100\n|switch|p1b: Terapagos|Terapagos, L50, M|100/100\n|switch|p2a: Chi-Yu|Chi-Yu, L50|100/100\n|switch|p2b: Zamazenta|Zamazenta-Crowned, L50|100/100\n|-activate|p1b: Terapagos|ability: Tera Shift\n|detailschange|p1b: Terapagos|Terapagos-Terastal, L50, M\n|-heal|p1b: Terapagos|100/100|[silent]\n|-ability|p2a: Chi-Yu|Beads of Ruin\n|-ability|p2b: Zamazenta|Dauntless Shield|boost\n|-boost|p2b: Zamazenta|def|1\n|-ability|p1a: Incineroar|Intimidate|boost\n|-unboost|p2a: Chi-Yu|atk|1\n|-unboost|p2b: Zamazenta|atk|1\n|turn|1\n|\n|t:|1772618001\n|switch|p2a: Lunala|Lunala, L50|100/100\n|move|p1a: Incineroar|Fake Out|p2b: Zamazenta\n|-resisted|p2b: Zamazenta\n|-damage|p2b: Zamazenta|98/100\n|cant|p2b: Zamazenta|flinch\n|move|p1b: Terapagos|Calm Mind|p1b: Terapagos\n|-boost|p1b: Terapagos|spa|1\n|-boost|p1b: Terapagos|spd|1\n|\n|upkeep\n|turn|2\n|inactive|b3testing has 30 seconds left.\n|inactive|b3testing has 20 seconds left.\n|\n|t:|1772618037\n|switch|p1a: Tornadus|Tornadus, L50, M|100/100\n|move|p1b: Terapagos|Protect|p1b: Terapagos\n|-singleturn|p1b: Terapagos|Protect\n|move|p2b: Zamazenta|Body Press|p1a: Tornadus\n|-resisted|p1a: Tornadus\n|-damage|p1a: Tornadus|67/100\n|move|p2a: Lunala|Moongeist Beam|p1a: Tornadus\n|-damage|p1a: Tornadus|0 fnt\n|faint|p1a: Tornadus\n|\n|upkeep\n|\n|t:|1772618048\n|switch|p1a: Calyrex|Calyrex-Shadow, L50|100/100\n|-ability|p1a: Calyrex|As One\n|-ability|p1a: Calyrex|Unnerve\n|turn|3\n|\n|t:|1772618065\n|-terastallize|p1b: Terapagos|Stellar\n|detailschange|p1b: Terapagos|Terapagos-Stellar, L50, M, tera:Stellar\n|-heal|p1b: Terapagos|100/100|[silent]\n|move|p2b: Zamazenta|Wide Guard|p2b: Zamazenta\n|-singleturn|p2b: Zamazenta|Wide Guard\n|move|p1a: Calyrex|Disable|p2b: Zamazenta\n|-start|p2b: Zamazenta|Disable|Wide Guard\n|move|p2a: Lunala|Calm Mind|p2a: Lunala\n|-boost|p2a: Lunala|spa|1\n|-boost|p2a: Lunala|spd|1\n|move|p1b: Terapagos|Tera Starstorm|p2b: Zamazenta|[spread] \n|-activate|p2a: Lunala|move: Wide Guard\n|-activate|p2b: Zamazenta|move: Wide Guard\n|\n|upkeep\n|turn|4\n|\n|t:|1772618086\n|move|p2a: Lunala|Protect|p2a: Lunala\n|-singleturn|p2a: Lunala|Protect\n|move|p1a: Calyrex|Encore|p2b: Zamazenta\n|-start|p2b: Zamazenta|Encore\n|cant|p2b: Zamazenta|Disable|Wide Guard\n|move|p1b: Terapagos|Tera Starstorm|p2a: Lunala|[spread] p2b\n|-activate|p2a: Lunala|move: Protect\n|-damage|p2b: Zamazenta|60/100\n|\n|upkeep\n|turn|5\n|\n|t:|1772618102\n|move|p1a: Calyrex|Encore|p2a: Lunala\n|-start|p2a: Lunala|Encore\n|-activate|p2b: Zamazenta|move: Struggle\n|move|p2b: Zamazenta|Struggle|p1b: Terapagos\n|-damage|p1b: Terapagos|94/100\n|-damage|p2b: Zamazenta|35/100|[from] recoil\n|move|p2a: Lunala|Protect||[still]\n|-fail|p2a: Lunala\n|move|p1b: Terapagos|Tera Starstorm|p2b: Zamazenta|[spread] p2a,p2b\n|-damage|p2a: Lunala|87/100\n|-damage|p2b: Zamazenta|0 fnt\n|faint|p2b: Zamazenta\n|\n|-heal|p2a: Lunala|93/100|[from] item: Leftovers\n|upkeep\n|\n|t:|1772618113\n|switch|p2b: Chi-Yu|Chi-Yu, L50|100/100\n|-ability|p2b: Chi-Yu|Beads of Ruin\n|turn|6\n|\n|t:|1772618123\n|switch|p1a: Incineroar|Incineroar, L50, F|100/100\n|-ability|p1a: Incineroar|Intimidate|boost\n|-unboost|p2a: Lunala|atk|1\n|-unboost|p2b: Chi-Yu|atk|1\n|move|p2a: Lunala|Protect|p2a: Lunala\n|-singleturn|p2a: Lunala|Protect\n|move|p1b: Terapagos|Protect|p1b: Terapagos\n|-singleturn|p1b: Terapagos|Protect\n|move|p2b: Chi-Yu|Snarl|p1a: Incineroar|[spread] p1a\n|-activate|p1b: Terapagos|move: Protect\n|-resisted|p1a: Incineroar\n|-damage|p1a: Incineroar|92/100\n|-unboost|p1a: Incineroar|spa|1\n|\n|-heal|p2a: Lunala|99/100|[from] item: Leftovers\n|upkeep\n|turn|7\n|\n|t:|1772618135\n|-terastallize|p2a: Lunala|Fairy\n|move|p2a: Lunala|Protect||[still]\n|-fail|p2a: Lunala\n|move|p1a: Incineroar|Fake Out|p2b: Chi-Yu\n|-damage|p2b: Chi-Yu|80/100\n|cant|p2b: Chi-Yu|flinch\n|move|p1b: Terapagos|Calm Mind|p1b: Terapagos\n|-boost|p1b: Terapagos|spa|1\n|-boost|p1b: Terapagos|spd|1\n|\n|-heal|p2a: Lunala|100/100|[from] item: Leftovers\n|-end|p2a: Lunala|Encore\n|upkeep\n|turn|8\n|\n|t:|1772618151\n|move|p2b: Chi-Yu|Snarl|p1a: Incineroar|[spread] p1a,p1b\n|-resisted|p1a: Incineroar\n|-damage|p1a: Incineroar|83/100\n|-damage|p1b: Terapagos|84/100\n|-unboost|p1a: Incineroar|spa|1\n|move|p2a: Lunala|Calm Mind|p2a: Lunala\n|-boost|p2a: Lunala|spa|1\n|-boost|p2a: Lunala|spd|1\n|move|p1b: Terapagos|Tera Starstorm|p2a: Lunala|[spread] p2a,p2b\n|-supereffective|p2a: Lunala\n|-damage|p2a: Lunala|62/100\n|-damage|p2b: Chi-Yu|0 fnt\n|faint|p2b: Chi-Yu\n|move|p1a: Incineroar|U-turn|p2a: Lunala\n|-resisted|p2a: Lunala\n|-damage|p2a: Lunala|54/100\n|\n|t:|1772618156\n|switch|p1a: Calyrex|Calyrex-Shadow, L50|100/100|[from] U-turn\n|-ability|p1a: Calyrex|As One\n|-ability|p1a: Calyrex|Unnerve\n|\n|-heal|p2a: Lunala|60/100|[from] item: Leftovers\n|upkeep\n|\n|t:|1772618163\n|switch|p2b: Comfey|Comfey, L50, M, shiny|100/100\n|turn|9\n|\n|t:|1772618169\n|move|p2a: Lunala|Protect|p2a: Lunala\n|-singleturn|p2a: Lunala|Protect\n|move|p1a: Calyrex|Encore|p2a: Lunala\n|-activate|p2a: Lunala|move: Protect\n|move|p1b: Terapagos|Tera Starstorm|p2b: Comfey|[spread] p2b\n|-activate|p2a: Lunala|move: Protect\n|-damage|p2b: Comfey|26/100\n|move|p2b: Comfey|Trick Room|p2b: Comfey\n|-fieldstart|move: Trick Room|[of] p2b: Comfey\n|\n|-heal|p2a: Lunala|67/100|[from] item: Leftovers\n|upkeep\n|turn|10\n|\n|t:|1772618183\n|switch|p1a: Incineroar|Incineroar, L50, F|83/100\n|-enditem|p2b: Comfey|Sitrus Berry|[eat]\n|-heal|p2b: Comfey|50/100|[from] item: Sitrus Berry\n|-ability|p1a: Incineroar|Intimidate|boost\n|-unboost|p2a: Lunala|atk|1\n|-unboost|p2b: Comfey|atk|1\n|move|p2b: Comfey|Floral Healing|p2a: Lunala\n|-heal|p2a: Lunala|100/100\n|move|p1b: Terapagos|Tera Starstorm|p2b: Comfey|[spread] p2a,p2b\n|-supereffective|p2a: Lunala\n|-damage|p2a: Lunala|72/100\n|-damage|p2b: Comfey|0 fnt\n|faint|p2b: Comfey\n|move|p2a: Lunala|Moonblast|p1b: Terapagos\n|-damage|p1b: Terapagos|51/100\n|\n|-heal|p2a: Lunala|78/100|[from] item: Leftovers\n|upkeep\n|turn|11\n|\n|t:|1772618200\n|move|p2a: Lunala|Protect|p2a: Lunala\n|-singleturn|p2a: Lunala|Protect\n|move|p1a: Incineroar|Fake Out|p2a: Lunala\n|-activate|p2a: Lunala|move: Protect\n|move|p1b: Terapagos|Calm Mind|p1b: Terapagos\n|-boost|p1b: Terapagos|spa|1\n|-boost|p1b: Terapagos|spd|1\n|\n|-heal|p2a: Lunala|85/100|[from] item: Leftovers\n|upkeep\n|turn|12\n|\n|t:|1772618213\n|move|p1a: Incineroar|Knock Off|p2a: Lunala\n|-resisted|p2a: Lunala\n|-damage|p2a: Lunala|67/100\n|-enditem|p2a: Lunala|Leftovers|[from] move: Knock Off|[of] p1a: Incineroar\n|move|p1b: Terapagos|Tera Starstorm|p2a: Lunala\n|-supereffective|p2a: Lunala\n|-damage|p2a: Lunala|0 fnt\n|faint|p2a: Lunala\n|\n|win|b3testing\n|raw|b3testing's rating: 1410 &rarr; <strong>1444</strong><br />(+34 for winning)\n|raw|WarlogFV's rating: 1707 &rarr; <strong>1673</strong><br />(-34 for losing)\n|l|\u2606WarlogFV\n|player|p2|\n|l|\u2606b3testing\n|player|p1|\n","uploadtime":1772618375,"views":14,"formatid":"gen9vgc2026regi","rating":1444,"private":0,"password":null}