{"id":"gen9vgc2026regi-2550494903","format":"[Gen 9] VGC 2026 Reg I","players":["Mechromatt","alexit93"],"log":"|j|\u2606Mechromatt\n|j|\u2606alexit93\n|t:|1772493027\n|gametype|doubles\n|player|p1|Mechromatt|101|1314\n|player|p2|alexit93|lucas-gen4pt|1417\n|gen|9\n|tier|[Gen 9] VGC 2026 Reg I\n|rated|\n|rule|Species Clause: Limit one of each Pok\u00e9mon\n|rule|Item Clause: Limit 1 of each item\n|clearpoke\n|poke|p1|Miraidon, L50|\n|poke|p1|Kyurem-White, L50|\n|poke|p1|Ninetales-Alola, L50, M|\n|poke|p1|Iron Jugulis, L50|\n|poke|p1|Garchomp, L50, M|\n|poke|p1|Urshifu-*, L50, M|\n|poke|p2|Zamazenta-*, L50|\n|poke|p2|Chien-Pao, L50|\n|poke|p2|Miraidon, L50|\n|poke|p2|Iron Jugulis, L50|\n|poke|p2|Farigiraf, L50, F|\n|poke|p2|Landorus, L50, M|\n|teampreview|4\n|inactive|Battle timer is ON: inactive players will automatically lose when time's up. (requested by alexit93)\n|inactive|Mechromatt has 60 seconds left.\n|\n|t:|1772493114\n|teamsize|p1|4\n|teamsize|p2|4\n|start\n|switch|p1a: Iron Jugulis|Iron Jugulis, L50, shiny|100/100\n|switch|p1b: Garchomp|Garchomp, L50, M, shiny|100/100\n|switch|p2a: Miraidon|Miraidon, L50, shiny|100/100\n|switch|p2b: Iron Jugulis|Iron Jugulis, L50|100/100\n|-fieldstart|move: Electric Terrain|[from] ability: Hadron Engine|[of] p2a: Miraidon\n|-activate|p2b: Iron Jugulis|ability: Quark Drive\n|-start|p2b: Iron Jugulis|quarkdrivespe\n|-activate|p1a: Iron Jugulis|ability: Quark Drive\n|-start|p1a: Iron Jugulis|quarkdrivespe\n|turn|1\n|\n|t:|1772493139\n|-terastallize|p2a: Miraidon|Fairy\n|move|p1b: Garchomp|Protect|p1b: Garchomp\n|-singleturn|p1b: Garchomp|Protect\n|move|p2b: Iron Jugulis|Tailwind|p2b: Iron Jugulis\n|-sidestart|p2: alexit93|move: Tailwind\n|move|p2a: Miraidon|Dazzling Gleam|p1a: Iron Jugulis|[spread] p1a\n|-activate|p1b: Garchomp|move: Protect\n|-supereffective|p1a: Iron Jugulis\n|-damage|p1a: Iron Jugulis|0 fnt\n|faint|p1a: Iron Jugulis\n|-end|p1a: Iron Jugulis|Quark Drive|[silent]\n|\n|upkeep\n|\n|t:|1772493157\n|switch|p1a: Miraidon|Miraidon, L50, shiny|100/100\n|-activate|p1a: Miraidon|ability: Hadron Engine\n|turn|2\n|\n|t:|1772493168\n|-terastallize|p1b: Garchomp|Ground\n|move|p2b: Iron Jugulis|Hurricane|p1a: Miraidon|[miss]\n|-miss|p2b: Iron Jugulis|p1a: Miraidon\n|move|p2a: Miraidon|Dazzling Gleam|p1a: Miraidon|[spread] p1a,p1b\n|-supereffective|p1a: Miraidon\n|-damage|p1a: Miraidon|34/100\n|-damage|p1b: Garchomp|26/100\n|move|p1a: Miraidon|Parabolic Charge|p2b: Iron Jugulis|[spread] p2a,p2b\n|-immune|p1b: Garchomp\n|-supereffective|p2b: Iron Jugulis\n|-damage|p2a: Miraidon|59/100\n|-heal|p1a: Miraidon|52/100|[from] drain|[of] p2a: Miraidon\n|-damage|p2b: Iron Jugulis|8/100\n|-heal|p1a: Miraidon|97/100|[from] drain|[of] p2b: Iron Jugulis\n|move|p1b: Garchomp|Scale Shot|p2b: Iron Jugulis\n|-crit|p2b: Iron Jugulis\n|-damage|p2b: Iron Jugulis|0 fnt\n|faint|p2b: Iron Jugulis\n|-end|p2b: Iron Jugulis|Quark Drive|[silent]\n|-hitcount|p2: Iron Jugulis|1\n|-unboost|p1b: Garchomp|def|1\n|-boost|p1b: Garchomp|spe|1\n|\n|upkeep\n|\n|t:|1772493178\n|switch|p2b: Zamazenta|Zamazenta-Crowned, L50, shiny|100/100\n|-ability|p2b: Zamazenta|Dauntless Shield|boost\n|-boost|p2b: Zamazenta|def|1\n|turn|3\n|inactive|Mechromatt has 30 seconds left.\n|\n|t:|1772493210\n|move|p1b: Garchomp|Protect|p1b: Garchomp\n|-singleturn|p1b: Garchomp|Protect\n|move|p2a: Miraidon|Dazzling Gleam|p1b: Garchomp|[spread] p1a\n|-activate|p1b: Garchomp|move: Protect\n|-supereffective|p1a: Miraidon\n|-damage|p1a: Miraidon|29/100\n|move|p2b: Zamazenta|Body Press|p1a: Miraidon\n|-damage|p1a: Miraidon|0 fnt\n|faint|p1a: Miraidon\n|\n|upkeep\n|\n|t:|1772493220\n|switch|p1a: Kyurem|Kyurem-White, L50, shiny|100/100\n|-ability|p1a: Kyurem|Turboblaze\n|turn|4\n|\n|t:|1772493228\n|move|p1a: Kyurem|Protect|p1a: Kyurem\n|-singleturn|p1a: Kyurem|Protect\n|move|p2a: Miraidon|Dazzling Gleam|p1a: Kyurem|[spread] p1b\n|-activate|p1a: Kyurem|move: Protect\n|-damage|p1b: Garchomp|0 fnt\n|faint|p1b: Garchomp\n|move|p2b: Zamazenta|Body Press|p1a: Kyurem\n|-activate|p1a: Kyurem|move: Protect\n|\n|-sideend|p2: alexit93|move: Tailwind\n|upkeep\n|turn|5\n|\n|t:|1772493241\n|move|p2a: Miraidon|Dazzling Gleam|p1a: Kyurem\n|-supereffective|p1a: Kyurem\n|-damage|p1a: Kyurem|0 fnt\n|faint|p1a: Kyurem\n|\n|win|alexit93\n|raw|Mechromatt's rating: 1314 &rarr; <strong>1300</strong><br />(-14 for losing)\n|raw|alexit93's rating: 1417 &rarr; <strong>1431</strong><br />(+14 for winning)\n|l|\u2606Mechromatt\n|player|p1|\n","uploadtime":1772493469,"views":12,"formatid":"gen9vgc2026regi","rating":1300,"private":0,"password":null}