{"id":"gen9vgc2026regi-2570073187","format":"[Gen 9] VGC 2026 Reg I","players":["wasaad5","regiregirockrock"],"log":"|j|\u2606wasaad5\n|j|\u2606regiregirockrock\n|t:|1774765371\n|gametype|doubles\n|player|p1|wasaad5|blue|1288\n|player|p2|regiregirockrock|265|1426\n|gen|9\n|tier|[Gen 9] VGC 2026 Reg I\n|rated|\n|rule|Species Clause: Limit one of each Pok\u00e9mon\n|rule|Item Clause: Limit 1 of each item\n|clearpoke\n|poke|p1|Kyurem-White, L50|\n|poke|p1|Zacian-*, L50|\n|poke|p1|Sableye, L50, F|\n|poke|p1|Urshifu-*, L50, M|\n|poke|p1|Amoonguss, L50, M|\n|poke|p1|Incineroar, L50, F|\n|poke|p2|Koraidon, L50|\n|poke|p2|Flutter Mane, L50|\n|poke|p2|Calyrex-Ice, L50|\n|poke|p2|Raging Bolt, L50|\n|poke|p2|Incineroar, L50, F|\n|poke|p2|Ogerpon-Cornerstone, L50, F|\n|teampreview|4\n|inactive|Battle timer is ON: inactive players will automatically lose when time's up. (requested by wasaad5)\n|\n|t:|1774765451\n|teamsize|p1|4\n|teamsize|p2|4\n|start\n|switch|p1a: Sableye|Sableye, L50, F|100/100\n|switch|p1b: Urshifu|Urshifu-Rapid-Strike, L50, M|100/100\n|switch|p2a: Incineroar|Incineroar, L50, F|100/100\n|switch|p2b: Calyrex|Calyrex-Ice, L50|100/100\n|-ability|p2b: Calyrex|As One\n|-ability|p2b: Calyrex|Unnerve\n|-ability|p2a: Incineroar|Intimidate|boost\n|-unboost|p1a: Sableye|atk|1\n|-unboost|p1b: Urshifu|atk|1\n|turn|1\n|\n|t:|1774765472\n|switch|p2a: Koraidon|Koraidon, L50|100/100\n|-weather|SunnyDay|[from] ability: Orichalcum Pulse|[of] p2a: Koraidon\n|-activate|p2a: Koraidon|Orichalcum Pulse|[source]\n|switch|p2b: Raging Bolt|Raging Bolt, L50|100/100\n|-activate|p2b: Raging Bolt|ability: Protosynthesis\n|-start|p2b: Raging Bolt|protosynthesisspa\n|move|p1a: Sableye|Rain Dance|p1a: Sableye\n|-weather|RainDance\n|-end|p2b: Raging Bolt|Protosynthesis\n|move|p1b: Urshifu|Surging Strikes|p2a: Koraidon\n|-resisted|p2a: Koraidon\n|-crit|p2a: Koraidon\n|-damage|p2a: Koraidon|86/100\n|-resisted|p2a: Koraidon\n|-crit|p2a: Koraidon\n|-damage|p2a: Koraidon|73/100\n|-resisted|p2a: Koraidon\n|-crit|p2a: Koraidon\n|-damage|p2a: Koraidon|60/100\n|-hitcount|p2a: Koraidon|3\n|\n|-weather|RainDance|[upkeep]\n|upkeep\n|turn|2\n|inactive|wasaad5 has 30 seconds left.\n|inactive|regiregirockrock has 30 seconds left.\n|inactive|regiregirockrock has 20 seconds left.\n|inactive|regiregirockrock has 15 seconds left.\n|inactive|wasaad5 has 20 seconds left.\n|inactive|regiregirockrock has 10 seconds left.\n|inactive|regiregirockrock has 5 seconds left.\n|inactive|wasaad5 has 15 seconds left.\n|\n|t:|1774765529\n|switch|p1b: Kyurem|Kyurem-White, L50, shiny|100/100\n|-ability|p1b: Kyurem|Turboblaze\n|switch|p1a: Zacian|Zacian-Crowned, L50|100/100\n|-ability|p1a: Zacian|Intrepid Sword|boost\n|-boost|p1a: Zacian|atk|1\n|move|p2b: Raging Bolt|Thunderclap||[still]\n|-fail|p2b: Raging Bolt\n|move|p2a: Koraidon|Flare Blitz|p1b: Kyurem\n|-damage|p1b: Kyurem|81/100\n|-damage|p2a: Koraidon|52/100|[from] Recoil\n|\n|-weather|RainDance|[upkeep]\n|upkeep\n|turn|3\n|inactive|regiregirockrock has 30 seconds left.\n|inactive|wasaad5 has 30 seconds left.\n|inactive|regiregirockrock has 20 seconds left.\n|inactive|wasaad5 has 20 seconds left.\n|\n|t:|1774765570\n|switch|p2a: Incineroar|Incineroar, L50, F|100/100\n|-ability|p2a: Incineroar|Intimidate|boost\n|-unboost|p1a: Zacian|atk|1\n|-unboost|p1b: Kyurem|atk|1\n|switch|p1b: Sableye|Sableye, L50, F|100/100\n|-terastallize|p1a: Zacian|Ground\n|-terastallize|p2b: Raging Bolt|Electric\n|move|p1a: Zacian|Tera Blast|p2a: Incineroar|[anim] Tera Blast Ground\n|-supereffective|p2a: Incineroar\n|-damage|p2a: Incineroar|20/100\n|move|p2b: Raging Bolt|Dragon Pulse|p1b: Sableye\n|-enditem|p1b: Sableye|Focus Sash\n|-damage|p1b: Sableye|1/100\n|-damage|p2b: Raging Bolt|91/100|[from] item: Life Orb\n|\n|-weather|RainDance|[upkeep]\n|upkeep\n|turn|4\n|inactive|regiregirockrock has 30 seconds left.\n|\n|t:|1774765603\n|move|p2a: Incineroar|Fake Out|p1a: Zacian\n|-crit|p1a: Zacian\n|-damage|p1a: Zacian|86/100\n|move|p1b: Sableye|Disable|p2b: Raging Bolt\n|-start|p2b: Raging Bolt|Disable|Dragon Pulse\n|cant|p1a: Zacian|flinch\n|cant|p2b: Raging Bolt|Disable|Dragon Pulse\n|\n|-weather|RainDance|[upkeep]\n|upkeep\n|turn|5\n|\n|t:|1774765625\n|-end|p2b: Raging Bolt|Protosynthesis|[silent]\n|switch|p2b: Calyrex|Calyrex-Ice, L50|100/100\n|-ability|p2b: Calyrex|As One\n|-ability|p2b: Calyrex|Unnerve\n|move|p1b: Sableye|Encore||[still]\n|-fail|p1b: Sableye\n|move|p1a: Zacian|Tera Blast|p2a: Incineroar|[anim] Tera Blast Ground\n|-supereffective|p2a: Incineroar\n|-damage|p2a: Incineroar|0 fnt\n|faint|p2a: Incineroar\n|\n|-weather|none\n|upkeep\n|inactive|regiregirockrock has 30 seconds left.\n|\n|t:|1774765654\n|switch|p2a: Koraidon|Koraidon, L50|52/100\n|-weather|SunnyDay|[from] ability: Orichalcum Pulse|[of] p2a: Koraidon\n|-activate|p2a: Koraidon|Orichalcum Pulse|[source]\n|turn|6\n|\n|t:|1774765669\n|move|p1b: Sableye|Rain Dance|p1b: Sableye\n|-weather|RainDance\n|move|p1a: Zacian|Play Rough|p2a: Koraidon\n|-supereffective|p2a: Koraidon\n|-damage|p2a: Koraidon|0 fnt\n|faint|p2a: Koraidon\n|move|p2b: Calyrex|Glacial Lance|p1a: Zacian|[spread] p1a,p1b\n|-supereffective|p1a: Zacian\n|-damage|p1a: Zacian|0 fnt\n|-damage|p1b: Sableye|0 fnt\n|faint|p1a: Zacian\n|faint|p1b: Sableye\n|-ability|p2b: Calyrex|Chilling Neigh|boost\n|-boost|p2b: Calyrex|atk|2\n|\n|-weather|RainDance|[upkeep]\n|upkeep\n|\n|t:|1774765677\n|switch|p1a: Kyurem|Kyurem-White, L50, shiny|81/100\n|switch|p2a: Raging Bolt|Raging Bolt, L50, tera:Electric|91/100\n|switch|p1b: Urshifu|Urshifu-Rapid-Strike, L50, M|100/100\n|-ability|p1a: Kyurem|Turboblaze\n|turn|7\n|\n|t:|1774765695\n|move|p2a: Raging Bolt|Thunderclap|p1b: Urshifu\n|-supereffective|p1b: Urshifu\n|-damage|p1b: Urshifu|0 fnt\n|faint|p1b: Urshifu\n|-damage|p2a: Raging Bolt|81/100|[from] item: Life Orb\n|move|p1a: Kyurem|Blizzard|p2a: Raging Bolt|[spread] \n|-miss|p1a: Kyurem|p2a: Raging Bolt\n|-miss|p1a: Kyurem|p2b: Calyrex\n|move|p2b: Calyrex|Glacial Lance|p1a: Kyurem\n|-damage|p1a: Kyurem|0 fnt\n|faint|p1a: Kyurem\n|\n|win|regiregirockrock\n|raw|wasaad5's rating: 1288 &rarr; <strong>1272</strong><br />(-16 for losing)\n|raw|regiregirockrock's rating: 1426 &rarr; <strong>1438</strong><br />(+12 for winning)\n|l|\u2606wasaad5\n|player|p1|\n|l|\u2606regiregirockrock\n|player|p2|\n","uploadtime":1774765895,"views":10,"formatid":"gen9vgc2026regi","rating":1272,"private":0,"password":null}