{"id":"gen9vgc2026regi-2573704103","format":"[Gen 9] VGC 2026 Reg I","players":["chappell murkroan","ScribbleScribble"],"log":"|j|\u2606chappell murkroan\n|j|\u2606ScribbleScribble\n|t:|1775157957\n|gametype|doubles\n|player|p1|chappell murkroan|caitlin|1625\n|player|p2|ScribbleScribble|mina-lgpe|1587\n|gen|9\n|tier|[Gen 9] VGC 2026 Reg I\n|rated|\n|rule|Species Clause: Limit one of each Pok\u00e9mon\n|rule|Item Clause: Limit 1 of each item\n|clearpoke\n|poke|p1|Calyrex-Ice, L50|\n|poke|p1|Lunala, L50|\n|poke|p1|Smeargle, L50, M|\n|poke|p1|Urshifu-*, L50, M|\n|poke|p1|Torkoal, L50, M|\n|poke|p1|Indeedee-F, L50, F|\n|poke|p2|Calyrex-Ice, L50|\n|poke|p2|Kyogre, L50|\n|poke|p2|Tornadus, L50, M|\n|poke|p2|Indeedee-F, L50, F|\n|poke|p2|Landorus, L50, M|\n|poke|p2|Urshifu-*, L50, F|\n|teampreview|4\n|inactive|Battle timer is ON: inactive players will automatically lose when time's up. (requested by ScribbleScribble)\n|inactive|chappell murkroan also wants the timer to be on.\n|inactive|ScribbleScribble has 60 seconds left.\n|\n|t:|1775157988\n|teamsize|p1|4\n|teamsize|p2|4\n|start\n|switch|p1a: Torkoal|Torkoal, L50, M, shiny|100/100\n|switch|p1b: Lunala|Lunala, L50|100/100\n|switch|p2a: Calyrex|Calyrex-Ice, L50|100/100\n|switch|p2b: Tornadus|Tornadus, L50, M|100/100\n|-ability|p2a: Calyrex|As One\n|-ability|p2a: Calyrex|Unnerve\n|-weather|SunnyDay|[from] ability: Drought|[of] p1a: Torkoal\n|turn|1\n|\n|t:|1775158000\n|switch|p2b: Kyogre|Kyogre, L50|100/100\n|-weather|RainDance|[from] ability: Drizzle|[of] p2b: Kyogre\n|switch|p1a: Calyrex|Calyrex-Ice, L50|100/100\n|-ability|p1a: Calyrex|As One\n|-ability|p1a: Calyrex|Unnerve\n|-terastallize|p2a: Calyrex|Grass\n|move|p1b: Lunala|Meteor Beam||[still]\n|-prepare|p1b: Lunala|Meteor Beam\n|-boost|p1b: Lunala|spa|1\n|-enditem|p1b: Lunala|Power Herb\n|-anim|p1b: Lunala|Meteor Beam|p2b: Kyogre\n|-damage|p2b: Kyogre|53/100\n|move|p2a: Calyrex|Imprison|p2a: Calyrex\n|-start|p2a: Calyrex|move: Imprison\n|\n|-weather|RainDance|[upkeep]\n|upkeep\n|turn|2\n|inactive|ScribbleScribble has 30 seconds left.\n|\n|t:|1775158028\n|switch|p2b: Indeedee|Indeedee-F, L50, F, shiny|100/100\n|-fieldstart|move: Psychic Terrain|[from] ability: Psychic Surge|[of] p2b: Indeedee\n|-enditem|p2b: Indeedee|Psychic Seed\n|-boost|p2b: Indeedee|spd|1|[from] item: Psychic Seed\n|switch|p1a: Indeedee|Indeedee-F, L50, F, shiny|100/100\n|move|p1b: Lunala|Expanding Force|p2b: Indeedee|[spread] p2a,p2b\n|-resisted|p2b: Indeedee\n|-damage|p2a: Calyrex|28/100\n|-damage|p2b: Indeedee|69/100\n|move|p2a: Calyrex|Glacial Lance|p1a: Indeedee|[spread] p1a,p1b\n|-crit|p1b: Lunala\n|-damage|p1a: Indeedee|55/100\n|-damage|p1b: Lunala|70/100\n|\n|-weather|RainDance|[upkeep]\n|upkeep\n|turn|3\n|\n|t:|1775158037\n|move|p1a: Indeedee|Helping Hand|p1b: Lunala\n|-singleturn|p1b: Lunala|Helping Hand|[of] p1a: Indeedee\n|move|p1b: Lunala|Expanding Force|p2a: Calyrex|[spread] p2a,p2b\n|-resisted|p2b: Indeedee\n|-damage|p2a: Calyrex|0 fnt\n|-damage|p2b: Indeedee|24/100\n|faint|p2a: Calyrex\n|move|p2b: Indeedee|Psychic|p1b: Lunala\n|-resisted|p1b: Lunala\n|-damage|p1b: Lunala|55/100\n|\n|-weather|RainDance|[upkeep]\n|upkeep\n|\n|t:|1775158038\n|switch|p2a: Kyogre|Kyogre, L50|53/100\n|turn|4\n|\n|t:|1775158047\n|switch|p2b: Tornadus|Tornadus, L50, M|100/100\n|switch|p1a: Torkoal|Torkoal, L50, M, shiny|100/100\n|-weather|SunnyDay|[from] ability: Drought|[of] p1a: Torkoal\n|move|p2a: Kyogre|Protect|p2a: Kyogre\n|-singleturn|p2a: Kyogre|Protect\n|move|p1b: Lunala|Expanding Force|p2b: Tornadus|[spread] p2b\n|-activate|p2a: Kyogre|move: Protect\n|-enditem|p2b: Tornadus|Focus Sash\n|-damage|p2b: Tornadus|1/100\n|\n|-weather|SunnyDay|[upkeep]\n|upkeep\n|turn|5\n|\n|t:|1775158064\n|switch|p1a: Calyrex|Calyrex-Ice, L50|100/100\n|-ability|p1a: Calyrex|As One\n|-ability|p1a: Calyrex|Unnerve\n|move|p2b: Tornadus|Rain Dance|p2b: Tornadus\n|-weather|RainDance\n|move|p2a: Kyogre|Water Spout|p1b: Lunala|[spread] p1a,p1b\n|-damage|p1a: Calyrex|59/100\n|-damage|p1b: Lunala|14/100\n|move|p1b: Lunala|Expanding Force|p2b: Tornadus|[spread] p2a,p2b\n|-damage|p2a: Kyogre|0 fnt\n|-damage|p2b: Tornadus|0 fnt\n|faint|p2a: Kyogre\n|faint|p2b: Tornadus\n|\n|-weather|RainDance|[upkeep]\n|upkeep\n|-message|ScribbleScribble forfeited.\n|\n|win|chappell murkroan\n|raw|chappell murkroan's rating: 1625 &rarr; <strong>1644</strong><br />(+19 for winning)\n|raw|ScribbleScribble's rating: 1611 &rarr; <strong>1592</strong><br />(-19 for losing)\n|l|\u2606ScribbleScribble\n|player|p2|\n|l|\u2606chappell murkroan\n|player|p1|\n","uploadtime":1775158299,"views":33,"formatid":"gen9vgc2026regi","rating":1592,"private":0,"password":null}