{"id":"gen9vgc2026regi-2547083118","format":"[Gen 9] VGC 2026 Reg I","players":["cxy090506","jepeg"],"log":"|j|\u2606cxy090506\n|j|\u2606jepeg\n|t:|1772045018\n|gametype|doubles\n|player|p1|cxy090506|wallace|1337\n|player|p2|jepeg|beauty-gen4dp|1315\n|gen|9\n|tier|[Gen 9] VGC 2026 Reg I\n|rated|\n|rule|Species Clause: Limit one of each Pok\u00e9mon\n|rule|Item Clause: Limit 1 of each item\n|clearpoke\n|poke|p1|Calyrex-Shadow, L50|\n|poke|p1|Indeedee-F, L50, F|\n|poke|p1|Whimsicott, L50, F|\n|poke|p1|Amoonguss, L50, F|\n|poke|p1|Zamazenta-*, L50|\n|poke|p1|Urshifu-*, L50, M|\n|poke|p2|Calyrex-Shadow, L50|\n|poke|p2|Oranguru, L50, F|\n|poke|p2|Miraidon, L50|\n|poke|p2|Ogerpon-Hearthflame, L50, F|\n|poke|p2|Bruxish, L50, F|\n|poke|p2|Torkoal, L50, F|\n|teampreview|4\n|\n|t:|1772045043\n|teamsize|p1|4\n|teamsize|p2|4\n|start\n|switch|p1a: Calyrex|Calyrex-Shadow, L50|100/100\n|switch|p1b: Urshifu|Urshifu, L50, M|100/100\n|switch|p2a: Calyrex|Calyrex-Shadow, L50|100/100\n|switch|p2b: Oranguru|Oranguru, L50, F, shiny|100/100\n|-ability|p2a: Calyrex|As One\n|-ability|p2a: Calyrex|Unnerve\n|-ability|p1a: Calyrex|As One\n|-ability|p1a: Calyrex|Unnerve\n|turn|1\n|inactive|Battle timer is ON: inactive players will automatically lose when time's up. (requested by cxy090506)\n|\n|t:|1772045066\n|-terastallize|p2b: Oranguru|Grass\n|move|p1a: Calyrex|Protect|p1a: Calyrex\n|-singleturn|p1a: Calyrex|Protect\n|move|p1b: Urshifu|Wicked Blow|p2a: Calyrex\n|-supereffective|p2a: Calyrex\n|-crit|p2a: Calyrex\n|-damage|p2a: Calyrex|0 fnt\n|faint|p2a: Calyrex\n|move|p2b: Oranguru|Trick Room|p2b: Oranguru\n|-fieldstart|move: Trick Room|[of] p2b: Oranguru\n|\n|upkeep\n|\n|t:|1772045074\n|switch|p2a: Torkoal|Torkoal, L50, F|100/100\n|-weather|SunnyDay|[from] ability: Drought|[of] p2a: Torkoal\n|turn|2\n|inactive|cxy090506 has 30 seconds left.\n|\n|t:|1772045106\n|-terastallize|p1a: Calyrex|Ghost\n|move|p2a: Torkoal|Heat Wave|p1b: Urshifu|[spread] p1a,p1b\n|-damage|p1a: Calyrex|37/100\n|-damage|p1b: Urshifu|29/100\n|move|p2b: Oranguru|Instruct|p2a: Torkoal\n|-singleturn|p2a: Torkoal|move: Instruct|[of] p2b: Oranguru\n|move|p2a: Torkoal|Heat Wave|p1a: Calyrex|[spread] p1a,p1b\n|-damage|p1a: Calyrex|0 fnt\n|-damage|p1b: Urshifu|0 fnt\n|faint|p1a: Calyrex\n|faint|p1b: Urshifu\n|\n|-weather|SunnyDay|[upkeep]\n|upkeep\n|\n|t:|1772045116\n|switch|p1b: Zamazenta|Zamazenta-Crowned, L50|100/100\n|switch|p1a: Whimsicott|Whimsicott, L50, F|100/100\n|-ability|p1b: Zamazenta|Dauntless Shield|boost\n|-boost|p1b: Zamazenta|def|1\n|turn|3\n|\n|t:|1772045129\n|move|p1b: Zamazenta|Wide Guard|p1b: Zamazenta\n|-singleturn|p1b: Zamazenta|Wide Guard\n|move|p2a: Torkoal|Heat Wave|p1a: Whimsicott|[spread] \n|-activate|p1a: Whimsicott|move: Wide Guard\n|-activate|p1b: Zamazenta|move: Wide Guard\n|move|p2b: Oranguru|Instruct|p2a: Torkoal\n|-singleturn|p2a: Torkoal|move: Instruct|[of] p2b: Oranguru\n|move|p2a: Torkoal|Heat Wave|p1a: Whimsicott|[spread] \n|-activate|p1a: Whimsicott|move: Wide Guard\n|-activate|p1b: Zamazenta|move: Wide Guard\n|move|p1a: Whimsicott|Moonblast|p2b: Oranguru\n|-damage|p2b: Oranguru|71/100\n|-unboost|p2b: Oranguru|spa|1\n|\n|-weather|SunnyDay|[upkeep]\n|upkeep\n|turn|4\n|inactive|cxy090506 has 30 seconds left.\n|\n|t:|1772045154\n|switch|p2a: Miraidon|Miraidon, L50|100/100\n|-fieldstart|move: Electric Terrain|[from] ability: Hadron Engine|[of] p2a: Miraidon\n|move|p1b: Zamazenta|Wide Guard|p1b: Zamazenta\n|-singleturn|p1b: Zamazenta|Wide Guard\n|move|p2b: Oranguru|Encore|p1b: Zamazenta\n|-start|p1b: Zamazenta|Encore\n|move|p1a: Whimsicott|Moonblast|p2b: Oranguru\n|-damage|p2b: Oranguru|41/100\n|\n|-weather|SunnyDay|[upkeep]\n|upkeep\n|turn|5\n|inactive|jepeg has 30 seconds left.\n|\n|t:|1772045183\n|move|p1b: Zamazenta|Wide Guard|p1b: Zamazenta\n|-singleturn|p1b: Zamazenta|Wide Guard\n|move|p1a: Whimsicott|Light Screen|p1a: Whimsicott\n|-sidestart|p1: cxy090506|move: Light Screen\n|move|p2b: Oranguru|Encore|p1a: Whimsicott\n|-start|p1a: Whimsicott|Encore\n|move|p2a: Miraidon|Electro Drift|p1b: Zamazenta\n|-damage|p1b: Zamazenta|57/100\n|\n|-weather|SunnyDay|[upkeep]\n|-fieldend|move: Trick Room\n|upkeep\n|turn|6\n|l|\u2606cxy090506\n|inactive|cxy090506 disconnected and has a minute to reconnect!\n|player|p1|\n|inactive|cxy090506 has 30 seconds left.\n|inactive|cxy090506 has 20 seconds left.\n|inactive|cxy090506 has 15 seconds left.\n|inactive|cxy090506 has 10 seconds left.\n|inactive|cxy090506 has 5 seconds left.\n|-message|cxy090506 lost due to inactivity.\n|\n|win|jepeg\n|raw|cxy090506's rating: 1337 &rarr; <strong>1316</strong><br />(-21 for losing)\n|raw|jepeg's rating: 1315 &rarr; <strong>1336</strong><br />(+21 for winning)\n|l|\u2606jepeg\n|player|p2|\n|j|\u2606cxy090506\n|player|p1|cxy090506|wallace|\n","uploadtime":1772045430,"views":13,"formatid":"gen9vgc2026regi","rating":1316,"private":0,"password":null}