{"id":"gen9vgc2026regi-2579679061","format":"[Gen 9] VGC 2026 Reg I","players":["mightymagikarp0475","Simon0123"],"log":"|j|\u2606mightymagikarp0475\n|j|\u2606Simon0123\n|t:|1775815470\n|gametype|doubles\n|player|p1|mightymagikarp0475|hilbert|1180\n|player|p2|Simon0123|benga|1280\n|gen|9\n|tier|[Gen 9] VGC 2026 Reg I\n|rated|\n|rule|Species Clause: Limit one of each Pok\u00e9mon\n|rule|Item Clause: Limit 1 of each item\n|clearpoke\n|poke|p1|Gyarados, L50, M|\n|poke|p1|Vikavolt, L50, M|\n|poke|p1|Golem-Alola, L50, M|\n|poke|p1|Terapagos, L50, M|\n|poke|p1|Gardevoir, L50, F|\n|poke|p1|Murkrow, L50, M|\n|poke|p2|Kyogre, L50|\n|poke|p2|Calyrex-Ice, L50|\n|poke|p2|Indeedee-F, L50, F|\n|poke|p2|Farigiraf, L50, M|\n|poke|p2|Ursaluna, L50, F|\n|poke|p2|Amoonguss, L50, F|\n|teampreview|4\n|inactive|Battle timer is ON: inactive players will automatically lose when time's up. (requested by Simon0123)\n|inactive|mightymagikarp0475 has 60 seconds left.\n|inactive|Simon0123 has 60 seconds left.\n|\n|t:|1775815519\n|teamsize|p1|4\n|teamsize|p2|4\n|start\n|switch|p1a: Terapagos|Terapagos, L50, M|100/100\n|switch|p1b: Gardevoir|Gardevoir, L50, F, shiny|100/100\n|switch|p2a: Indeedee|Indeedee-F, L50, F, shiny|100/100\n|switch|p2b: Amoonguss|Amoonguss, L50, F, shiny|100/100\n|-activate|p1a: Terapagos|ability: Tera Shift\n|detailschange|p1a: Terapagos|Terapagos-Terastal, L50, M\n|-heal|p1a: Terapagos|100/100|[silent]\n|-fieldstart|move: Psychic Terrain|[from] ability: Psychic Surge|[of] p2a: Indeedee\n|-enditem|p2a: Indeedee|Psychic Seed\n|-boost|p2a: Indeedee|spd|1|[from] item: Psychic Seed\n|turn|1\n|inactive|mightymagikarp0475 has 30 seconds left.\n|\n|t:|1775815551\n|-terastallize|p1a: Terapagos|Stellar\n|detailschange|p1a: Terapagos|Terapagos-Stellar, L50, M, tera:Stellar\n|-heal|p1a: Terapagos|100/100|[silent]\n|-ability|p1a: Terapagos|Teraform Zero\n|-fieldend|move: Psychic Terrain\n|move|p1a: Terapagos|Sleep Talk||[still]\n|-fail|p1a: Terapagos\n|move|p2b: Amoonguss|Spore|p1a: Terapagos\n|-status|p1a: Terapagos|slp|[from] move: Spore\n|move|p2a: Indeedee|Trick Room|p2a: Indeedee\n|-fieldstart|move: Trick Room|[of] p2a: Indeedee\n|move|p1b: Gardevoir|Trick Room|p1b: Gardevoir\n|-fieldend|move: Trick Room\n|\n|upkeep\n|turn|2\n|inactive|Simon0123 has 30 seconds left.\n|\n|t:|1775815584\n|switch|p2a: Kyogre|Kyogre, L50, shiny|100/100\n|-weather|RainDance|[from] ability: Drizzle|[of] p2a: Kyogre\n|move|p1b: Gardevoir|Helping Hand|p1a: Terapagos\n|-singleturn|p1a: Terapagos|Helping Hand|[of] p1b: Gardevoir\n|cant|p1a: Terapagos|slp\n|move|p1a: Terapagos|Sleep Talk|p1a: Terapagos\n|move|p1a: Terapagos|Tera Starstorm|p2a: Kyogre|[from] move: Sleep Talk|[spread] p2a,p2b\n|-damage|p2a: Kyogre|38/100\n|-damage|p2b: Amoonguss|28/100\n|move|p2b: Amoonguss|Spore|p1b: Gardevoir\n|-status|p1b: Gardevoir|slp|[from] move: Spore\n|\n|-weather|RainDance|[upkeep]\n|upkeep\n|turn|3\n|\n|t:|1775815606\n|cant|p1a: Terapagos|slp\n|move|p1a: Terapagos|Sleep Talk|p1a: Terapagos\n|move|p1a: Terapagos|Tera Starstorm|p2b: Amoonguss|[from] move: Sleep Talk|[spread] p2a,p2b\n|-damage|p2a: Kyogre|0 fnt\n|-damage|p2b: Amoonguss|0 fnt\n|faint|p2a: Kyogre\n|faint|p2b: Amoonguss\n|cant|p1b: Gardevoir|slp\n|\n|-weather|RainDance|[upkeep]\n|upkeep\n|\n|t:|1775815617\n|switch|p2a: Indeedee|Indeedee-F, L50, F, shiny|100/100\n|switch|p2b: Calyrex|Calyrex-Ice, L50|100/100\n|-ability|p2b: Calyrex|As One\n|-ability|p2b: Calyrex|Unnerve\n|-fieldstart|move: Psychic Terrain|[from] ability: Psychic Surge|[of] p2a: Indeedee\n|turn|4\n|\n|t:|1775815627\n|move|p2a: Indeedee|Helping Hand|p2b: Calyrex\n|-singleturn|p2b: Calyrex|Helping Hand|[of] p2a: Indeedee\n|cant|p1b: Gardevoir|slp\n|-curestatus|p1a: Terapagos|slp|[msg]\n|move|p1a: Terapagos|Sleep Talk||[still]\n|-fail|p1a: Terapagos\n|move|p2b: Calyrex|Glacial Lance|p1a: Terapagos|[spread] p1a,p1b\n|-crit|p1b: Gardevoir\n|-damage|p1a: Terapagos|45/100\n|-enditem|p1b: Gardevoir|Focus Sash\n|-damage|p1b: Gardevoir|1/100 slp\n|\n|-weather|RainDance|[upkeep]\n|upkeep\n|turn|5\n|\n|t:|1775815645\n|switch|p1a: Vikavolt|Vikavolt, L50, M|100/100\n|switch|p1b: Gyarados|Gyarados, L50, M|100/100\n|move|p2b: Calyrex|Protect|p2b: Calyrex\n|-singleturn|p2b: Calyrex|Protect\n|move|p2a: Indeedee|Trick Room|p2a: Indeedee\n|-fieldstart|move: Trick Room|[of] p2a: Indeedee\n|\n|-weather|RainDance|[upkeep]\n|upkeep\n|turn|6\n|\n|t:|1775815666\n|-terastallize|p2b: Calyrex|Fire\n|move|p2a: Indeedee|Helping Hand|p2b: Calyrex\n|-singleturn|p2b: Calyrex|Helping Hand|[of] p2a: Indeedee\n|move|p1a: Vikavolt|Bug Buzz|p2b: Calyrex\n|-resisted|p2b: Calyrex\n|-damage|p2b: Calyrex|81/100\n|-enditem|p1a: Vikavolt|Throat Spray\n|-boost|p1a: Vikavolt|spa|1|[from] item: Throat Spray\n|move|p2b: Calyrex|Glacial Lance|p1a: Vikavolt|[spread] p1a,p1b\n|-damage|p1a: Vikavolt|0 fnt\n|-damage|p1b: Gyarados|0 fnt\n|faint|p1a: Vikavolt\n|faint|p1b: Gyarados\n|-ability|p2b: Calyrex|Chilling Neigh|boost\n|-boost|p2b: Calyrex|atk|2\n|\n|-weather|none\n|upkeep\n|\n|t:|1775815680\n|switch|p1a: Terapagos|Terapagos-Stellar, L50, M, tera:Stellar|45/100\n|switch|p1b: Gardevoir|Gardevoir, L50, F, shiny|1/100 slp\n|turn|7\n|c|\u2606Simon0123|Ez\n|c|\u2606Simon0123|Little.rat\n|\n|t:|1775815700\n|-curestatus|p1b: Gardevoir|slp|[msg]\n|move|p1b: Gardevoir|Helping Hand|p1a: Terapagos\n|-singleturn|p1a: Terapagos|Helping Hand|[of] p1b: Gardevoir\n|move|p2a: Indeedee|Helping Hand|p2b: Calyrex\n|-singleturn|p2b: Calyrex|Helping Hand|[of] p2a: Indeedee\n|move|p2b: Calyrex|Glacial Lance|p1a: Terapagos|[spread] p1a,p1b\n|-damage|p1a: Terapagos|0 fnt\n|-damage|p1b: Gardevoir|0 fnt\n|faint|p1a: Terapagos\n|detailschange|p1: Terapagos|Terapagos, L50, M|[silent]\n|faint|p1b: Gardevoir\n|\n|win|Simon0123\n|raw|mightymagikarp0475's rating: 1180 &rarr; <strong>1162</strong><br />(-18 for losing)\n|raw|Simon0123's rating: 1280 &rarr; <strong>1298</strong><br />(+18 for winning)\n|c|\u2606mightymagikarp0475|dang it\n|l|\u2606Simon0123\n|player|p2|\n|l|\u2606mightymagikarp0475\n|player|p1|\n","uploadtime":1775816107,"views":14,"formatid":"gen9vgc2026regi","rating":1162,"private":0,"password":null}