{"id":"gen9vgc2026regi-2556279645","format":"[Gen 9] VGC 2026 Reg I","players":["jj11j1","Icious"],"log":"|j|\u2606jj11j1\n|j|\u2606Icious\n|t:|1773185241\n|gametype|doubles\n|player|p1|jj11j1|266|1539\n|player|p2|Icious|102|1514\n|gen|9\n|tier|[Gen 9] VGC 2026 Reg I\n|rated|\n|rule|Species Clause: Limit one of each Pok\u00e9mon\n|rule|Item Clause: Limit 1 of each item\n|clearpoke\n|poke|p1|Kyogre, L50|\n|poke|p1|Calyrex-Ice, L50|\n|poke|p1|Landorus, L50, M|\n|poke|p1|Urshifu-*, L50, M|\n|poke|p1|Smeargle, L50, M|\n|poke|p1|Flutter Mane, L50|\n|poke|p2|Amoonguss, L50, F|\n|poke|p2|Calyrex-Ice, L50|\n|poke|p2|Kyogre, L50|\n|poke|p2|Grimmsnarl, L50, M|\n|poke|p2|Flutter Mane, L50|\n|poke|p2|Basculegion, L50, M|\n|teampreview|4\n|inactive|Battle timer is ON: inactive players will automatically lose when time's up. (requested by Icious)\n|\n|t:|1773185279\n|teamsize|p1|4\n|teamsize|p2|4\n|start\n|switch|p1a: Smeargle|Smeargle, L50, M|100/100\n|switch|p1b: Calyrex|Calyrex-Ice, L50|100/100\n|switch|p2a: Flutter Mane|Flutter Mane, L50|100/100\n|switch|p2b: Kyogre|Kyogre, L50|100/100\n|-ability|p1b: Calyrex|As One\n|-ability|p1b: Calyrex|Unnerve\n|-weather|RainDance|[from] ability: Drizzle|[of] p2b: Kyogre\n|turn|1\n|\n|t:|1773185301\n|-terastallize|p1b: Calyrex|Grass\n|move|p2b: Kyogre|Protect|p2b: Kyogre\n|-singleturn|p2b: Kyogre|Protect\n|move|p1a: Smeargle|Fake Out|p2b: Kyogre\n|-activate|p2b: Kyogre|move: Protect\n|move|p2a: Flutter Mane|Taunt|p1b: Calyrex\n|-start|p1b: Calyrex|move: Taunt\n|cant|p1b: Calyrex|move: Taunt|Trick Room\n|\n|-weather|RainDance|[upkeep]\n|-ability|p1a: Smeargle|Moody|boost\n|-boost|p1a: Smeargle|spe|2\n|-unboost|p1a: Smeargle|spd|1\n|-enditem|p1a: Smeargle|Eject Pack\n|upkeep\n|\n|t:|1773185311\n|switch|p1a: Flutter Mane|Flutter Mane, L50|100/100\n|turn|2\n|\n|t:|1773185329\n|switch|p1b: Smeargle|Smeargle, L50, M|100/100\n|move|p2a: Flutter Mane|Icy Wind|p1a: Flutter Mane|[spread] p1a,p1b\n|-damage|p1a: Flutter Mane|83/100\n|-damage|p1b: Smeargle|74/100\n|-unboost|p1a: Flutter Mane|spe|1\n|-unboost|p1b: Smeargle|spe|1\n|move|p2b: Kyogre|Water Spout|p1a: Flutter Mane|[spread] p1a,p1b\n|-damage|p1a: Flutter Mane|0 fnt\n|-damage|p1b: Smeargle|0 fnt\n|faint|p1a: Flutter Mane\n|-end|p1a: Flutter Mane|Protosynthesis|[silent]\n|faint|p1b: Smeargle\n|\n|-weather|RainDance|[upkeep]\n|upkeep\n|\n|t:|1773185345\n|switch|p1a: Kyogre|Kyogre, L50|100/100\n|switch|p1b: Calyrex|Calyrex-Ice, L50, tera:Grass|100/100\n|-ability|p1b: Calyrex|As One\n|-ability|p1b: Calyrex|Unnerve\n|turn|3\n|\n|t:|1773185356\n|move|p2b: Kyogre|Protect|p2b: Kyogre\n|-singleturn|p2b: Kyogre|Protect\n|move|p2a: Flutter Mane|Taunt|p1b: Calyrex\n|-start|p1b: Calyrex|move: Taunt\n|move|p1b: Calyrex|Glacial Lance|p2a: Flutter Mane|[spread] p2a\n|-activate|p2b: Kyogre|move: Protect\n|-enditem|p2a: Flutter Mane|Focus Sash\n|-damage|p2a: Flutter Mane|1/100\n|move|p1a: Kyogre|Thunder|p2b: Kyogre\n|-activate|p2b: Kyogre|move: Protect\n|\n|-weather|RainDance|[upkeep]\n|upkeep\n|turn|4\n|\n|t:|1773185376\n|move|p1a: Kyogre|Protect|p1a: Kyogre\n|-singleturn|p1a: Kyogre|Protect\n|move|p2a: Flutter Mane|Icy Wind|p1b: Calyrex|[spread] p1b\n|-activate|p1a: Kyogre|move: Protect\n|-supereffective|p1b: Calyrex\n|-damage|p1b: Calyrex|79/100\n|move|p2b: Kyogre|Water Spout|p1a: Kyogre|[spread] p1b\n|-activate|p1a: Kyogre|move: Protect\n|-resisted|p1b: Calyrex\n|-damage|p1b: Calyrex|37/100\n|move|p1b: Calyrex|Glacial Lance|p2a: Flutter Mane|[spread] p2a,p2b\n|-resisted|p2b: Kyogre\n|-damage|p2a: Flutter Mane|0 fnt\n|-damage|p2b: Kyogre|71/100\n|faint|p2a: Flutter Mane\n|-end|p2a: Flutter Mane|Protosynthesis|[silent]\n|-ability|p1b: Calyrex|Chilling Neigh|boost\n|-boost|p1b: Calyrex|atk|1\n|\n|-weather|RainDance|[upkeep]\n|upkeep\n|\n|t:|1773185387\n|switch|p2a: Basculegion|Basculegion, L50, M|100/100\n|turn|5\n|\n|t:|1773185400\n|-terastallize|p2a: Basculegion|Ghost\n|move|p2a: Basculegion|Last Respects|p1a: Kyogre\n|-damage|p1a: Kyogre|9/100\n|-damage|p2a: Basculegion|91/100|[from] item: Life Orb\n|move|p2b: Kyogre|Origin Pulse|p1b: Calyrex|[spread] p1a,p1b\n|-resisted|p1a: Kyogre\n|-resisted|p1b: Calyrex\n|-damage|p1a: Kyogre|0 fnt\n|-damage|p1b: Calyrex|8/100\n|faint|p1a: Kyogre\n|move|p1b: Calyrex|Glacial Lance|p2b: Kyogre|[spread] p2a,p2b\n|-resisted|p2b: Kyogre\n|-damage|p2a: Basculegion|0 fnt\n|-damage|p2b: Kyogre|25/100\n|faint|p2a: Basculegion\n|-ability|p1b: Calyrex|Chilling Neigh|boost\n|-boost|p1b: Calyrex|atk|1\n|\n|-weather|none\n|-end|p1b: Calyrex|move: Taunt\n|upkeep\n|\n|t:|1773185412\n|switch|p2a: Calyrex|Calyrex-Ice, L50|100/100\n|-ability|p2a: Calyrex|As One\n|-ability|p2a: Calyrex|Unnerve\n|turn|6\n|\n|t:|1773185424\n|move|p2b: Kyogre|Water Spout|p1b: Calyrex\n|-resisted|p1b: Calyrex\n|-damage|p1b: Calyrex|0 fnt\n|faint|p1b: Calyrex\n|\n|win|Icious\n|raw|jj11j1's rating: 1539 &rarr; <strong>1518</strong><br />(-21 for losing)\n|raw|Icious's rating: 1514 &rarr; <strong>1535</strong><br />(+21 for winning)\n|l|\u2606jj11j1\n|player|p1|\n|l|\u2606Icious\n|player|p2|\n","uploadtime":1773185565,"views":18,"formatid":"gen9vgc2026regi","rating":1518,"private":0,"password":null}