{"id":"gen9vgc2026regi-2552258665","format":"[Gen 9] VGC 2026 Reg I","players":["I\u2764\ufe0f\u5a1c\u7984forever","togahasakikotoga"],"log":"|j|\u2606I\u2764\ufe0f\u5a1c\u7984forever\n|j|\u2606togahasakikotoga\n|t:|1772698205\n|gametype|doubles\n|player|p1|I\u2764\ufe0f\u5a1c\u7984forever|youngcouple-gen4dp|1420\n|player|p2|togahasakikotoga|caitlin|1346\n|gen|9\n|tier|[Gen 9] VGC 2026 Reg I\n|rated|\n|rule|Species Clause: Limit one of each Pok\u00e9mon\n|rule|Item Clause: Limit 1 of each item\n|clearpoke\n|poke|p1|Groudon, L50|\n|poke|p1|Kyurem-White, L50|\n|poke|p1|Heatran, L50, F|\n|poke|p1|Whimsicott, L50, M|\n|poke|p1|Roaring Moon, L50|\n|poke|p1|Ditto, L50|\n|poke|p2|Smeargle, L50, F|\n|poke|p2|Calyrex-Ice, L50|\n|poke|p2|Lunala, L50|\n|poke|p2|Torkoal, L50, F|\n|poke|p2|Urshifu-*, L50, F|\n|poke|p2|Indeedee-F, L50, F|\n|teampreview|4\n|inactive|Battle timer is ON: inactive players will automatically lose when time's up. (requested by togahasakikotoga)\n|\n|t:|1772698229\n|teamsize|p1|4\n|teamsize|p2|4\n|start\n|switch|p1a: Kyurem|Kyurem-White, L50|100/100\n|switch|p1b: Heatran|Heatran, L50, F|100/100\n|switch|p2a: Smeargle|Smeargle, L50, F, shiny|100/100\n|switch|p2b: Calyrex|Calyrex-Ice, L50|100/100\n|-ability|p2b: Calyrex|As One\n|-ability|p2b: Calyrex|Unnerve\n|-ability|p1a: Kyurem|Turboblaze\n|turn|1\n|\n|t:|1772698249\n|-terastallize|p2b: Calyrex|Fire\n|move|p2a: Smeargle|Spore|p1a: Kyurem\n|-status|p1a: Kyurem|slp|[from] move: Spore\n|cant|p1a: Kyurem|slp\n|move|p1b: Heatran|Substitute|p1b: Heatran\n|-start|p1b: Heatran|Substitute\n|-damage|p1b: Heatran|76/100\n|move|p2b: Calyrex|Trick Room|p2b: Calyrex\n|-fieldstart|move: Trick Room|[of] p2b: Calyrex\n|\n|-heal|p1b: Heatran|82/100|[from] item: Leftovers\n|-ability|p2a: Smeargle|Moody|boost\n|-boost|p2a: Smeargle|def|2\n|-unboost|p2a: Smeargle|spe|1\n|upkeep\n|turn|2\n|inactive|togahasakikotoga has 30 seconds left.\n|inactive|togahasakikotoga has 20 seconds left.\n|\n|t:|1772698285\n|move|p1b: Heatran|Protect|p1b: Heatran\n|-singleturn|p1b: Heatran|Protect\n|move|p2a: Smeargle|Follow Me|p2a: Smeargle\n|-singleturn|p2a: Smeargle|move: Follow Me\n|move|p2b: Calyrex|Glacial Lance|p1a: Kyurem|[spread] p1a\n|-activate|p1b: Heatran|move: Protect\n|-damage|p1a: Kyurem|54/100 slp\n|cant|p1a: Kyurem|slp\n|\n|-heal|p1b: Heatran|88/100|[from] item: Leftovers\n|-ability|p2a: Smeargle|Moody|boost\n|-boost|p2a: Smeargle|spe|2\n|-unboost|p2a: Smeargle|atk|1\n|upkeep\n|turn|3\n|\n|t:|1772698304\n|move|p2a: Smeargle|Follow Me|p2a: Smeargle\n|-singleturn|p2a: Smeargle|move: Follow Me\n|move|p2b: Calyrex|Glacial Lance|p1b: Heatran|[spread] p1a,p1b\n|-resisted|p1b: Heatran\n|-activate|p1b: Heatran|move: Substitute|[damage]\n|-damage|p1a: Kyurem|0 fnt\n|faint|p1a: Kyurem\n|-ability|p2b: Calyrex|Chilling Neigh|boost\n|-boost|p2b: Calyrex|atk|1\n|move|p1b: Heatran|Heat Wave|p2a: Smeargle|[spread] p2b\n|-miss|p1b: Heatran|p2a: Smeargle\n|-resisted|p2b: Calyrex\n|-damage|p2b: Calyrex|89/100\n|\n|-heal|p1b: Heatran|94/100|[from] item: Leftovers\n|-ability|p2a: Smeargle|Moody|boost\n|-boost|p2a: Smeargle|spa|2\n|-unboost|p2a: Smeargle|spd|1\n|upkeep\n|\n|t:|1772698318\n|switch|p1a: Ditto|Ditto, L50|100/100\n|-transform|p1a: Ditto|p2b: Calyrex|[from] ability: Imposter\n|-ability|p1a: Ditto|As One\n|-ability|p1a: Ditto|Unnerve\n|-start|p1a: Ditto|typechange|Psychic/Ice|[silent]\n|turn|4\n|\n|t:|1772698337\n|move|p2b: Calyrex|Protect|p2b: Calyrex\n|-singleturn|p2b: Calyrex|Protect\n|move|p1a: Ditto|Glacial Lance|p2a: Smeargle|[spread] p2a\n|-activate|p2b: Calyrex|move: Protect\n|-damage|p2a: Smeargle|13/100\n|move|p1b: Heatran|Heat Wave|p2a: Smeargle|[spread] p2a\n|-activate|p2b: Calyrex|move: Protect\n|-damage|p2a: Smeargle|0 fnt\n|faint|p2a: Smeargle\n|\n|-heal|p1b: Heatran|99/100|[from] item: Leftovers\n|upkeep\n|\n|t:|1772698351\n|switch|p2a: Torkoal|Torkoal, L50, F|100/100\n|-weather|SunnyDay|[from] ability: Drought|[of] p2a: Torkoal\n|turn|5\n|\n|t:|1772698359\n|move|p1a: Ditto|Protect|p1a: Ditto\n|-singleturn|p1a: Ditto|Protect\n|move|p2a: Torkoal|Weather Ball|p1a: Ditto\n|-activate|p1a: Ditto|move: Protect\n|move|p2b: Calyrex|Glacial Lance|p1b: Heatran|[spread] p1b\n|-activate|p1a: Ditto|move: Protect\n|-resisted|p1b: Heatran\n|-end|p1b: Heatran|Substitute\n|move|p1b: Heatran|Earth Power|p2a: Torkoal\n|-supereffective|p2a: Torkoal\n|-damage|p2a: Torkoal|12/100\n|\n|-weather|SunnyDay|[upkeep]\n|-heal|p1b: Heatran|100/100|[from] item: Leftovers\n|-fieldend|move: Trick Room\n|upkeep\n|turn|6\n|j| zarakuren41\n|inactive|togahasakikotoga has 30 seconds left.\n|inactive|togahasakikotoga has 20 seconds left.\n|l| zarakuren41\n|inactive|togahasakikotoga has 15 seconds left.\n|inactive|togahasakikotoga has 10 seconds left.\n|\n|t:|1772698408\n|move|p1b: Heatran|Heat Wave|p2b: Calyrex|[spread] p2a,p2b\n|-resisted|p2a: Torkoal\n|-resisted|p2b: Calyrex\n|-damage|p2a: Torkoal|0 fnt\n|-damage|p2b: Calyrex|70/100\n|faint|p2a: Torkoal\n|move|p1a: Ditto|High Horsepower|p2b: Calyrex\n|-supereffective|p2b: Calyrex\n|-damage|p2b: Calyrex|0 fnt\n|faint|p2b: Calyrex\n|-ability|p1a: Ditto|Chilling Neigh|boost\n|-boost|p1a: Ditto|atk|1\n|\n|-weather|SunnyDay|[upkeep]\n|upkeep\n|-message|togahasakikotoga forfeited.\n|\n|win|I\u2764\ufe0f\u5a1c\u7984forever\n|raw|I\u2764\ufe0f\u5a1c\u7984forever's rating: 1420 &rarr; <strong>1436</strong><br />(+16 for winning)\n|raw|togahasakikotoga's rating: 1346 &rarr; <strong>1330</strong><br />(-16 for losing)\n|l|\u2606togahasakikotoga\n|player|p2|\n|l|\u2606I\u2764\ufe0f\u5a1c\u7984forever\n|player|p1|\n","uploadtime":1772698617,"views":16,"formatid":"gen9vgc2026regi","rating":1330,"private":0,"password":null}