{"id":"gen9vgc2026regi-2559926100","format":"[Gen 9] VGC 2026 Reg I","players":["sleemo2","speedyturtle87"],"log":"|j|\u2606sleemo2\n|j|\u2606speedyturtle87\n|t:|1773624679\n|gametype|doubles\n|player|p1|sleemo2|acetrainerf|1435\n|player|p2|speedyturtle87|canari|1489\n|gen|9\n|tier|[Gen 9] VGC 2026 Reg I\n|rated|\n|rule|Species Clause: Limit one of each Pok\u00e9mon\n|rule|Item Clause: Limit 1 of each item\n|clearpoke\n|poke|p1|Calyrex-Shadow, L50|\n|poke|p1|Zamazenta-*, L50|\n|poke|p1|Whimsicott, L50, F|\n|poke|p1|Amoonguss, L50, F|\n|poke|p1|Chi-Yu, L50|\n|poke|p1|Regieleki, L50|\n|poke|p2|Miraidon, L50|\n|poke|p2|Chi-Yu, L50|\n|poke|p2|Farigiraf, L50, F|\n|poke|p2|Iron Hands, L50|\n|poke|p2|Calyrex-Ice, L50|\n|poke|p2|Urshifu-*, L50, F|\n|teampreview|4\n|inactive|Battle timer is ON: inactive players will automatically lose when time's up. (requested by speedyturtle87)\n|\n|t:|1773624695\n|teamsize|p1|4\n|teamsize|p2|4\n|start\n|switch|p1a: Regieleki|Regieleki, L50|100/100\n|switch|p1b: Calyrex|Calyrex-Shadow, L50|100/100\n|switch|p2a: Iron Hands|Iron Hands, L50, shiny|100/100\n|switch|p2b: Calyrex|Calyrex-Ice, L50|100/100\n|-ability|p1b: Calyrex|As One\n|-ability|p1b: Calyrex|Unnerve\n|-ability|p2b: Calyrex|As One\n|-ability|p2b: Calyrex|Unnerve\n|turn|1\n|\n|t:|1773624705\n|-terastallize|p1b: Calyrex|Ghost\n|-terastallize|p2b: Calyrex|Water\n|move|p2a: Iron Hands|Fake Out|p1a: Regieleki\n|-damage|p1a: Regieleki|75/100\n|cant|p1a: Regieleki|flinch\n|move|p1b: Calyrex|Astral Barrage|p2a: Iron Hands|[spread] p2a,p2b\n|-damage|p2a: Iron Hands|56/100\n|-damage|p2b: Calyrex|47/100\n|move|p2b: Calyrex|Trick Room|p2b: Calyrex\n|-fieldstart|move: Trick Room|[of] p2b: Calyrex\n|\n|upkeep\n|turn|2\n|\n|t:|1773624717\n|switch|p1a: Zamazenta|Zamazenta-Crowned, L50|100/100\n|-ability|p1a: Zamazenta|Dauntless Shield|boost\n|-boost|p1a: Zamazenta|def|1\n|move|p1b: Calyrex|Protect|p1b: Calyrex\n|-singleturn|p1b: Calyrex|Protect\n|move|p2b: Calyrex|Glacial Lance|p1b: Calyrex|[spread] p1a\n|-activate|p1b: Calyrex|move: Protect\n|-resisted|p1a: Zamazenta\n|-damage|p1a: Zamazenta|90/100\n|move|p2a: Iron Hands|Wild Charge|p1b: Calyrex\n|-activate|p1b: Calyrex|move: Protect\n|\n|upkeep\n|turn|3\n|inactive|sleemo2 has 30 seconds left.\n|inactive|sleemo2 has 20 seconds left.\n|inactive|sleemo2 has 15 seconds left.\n|inactive|sleemo2 has 10 seconds left.\n|inactive|sleemo2 has 5 seconds left.\n|\n|t:|1773624768\n|move|p2b: Calyrex|High Horsepower|p1b: Calyrex\n|-damage|p1b: Calyrex|51/100\n|move|p2a: Iron Hands|Wild Charge|p1b: Calyrex\n|-damage|p1b: Calyrex|0 fnt\n|faint|p1b: Calyrex\n|-damage|p2a: Iron Hands|47/100|[from] Recoil\n|move|p1a: Zamazenta|Body Press|p2b: Calyrex\n|-damage|p2b: Calyrex|0 fnt\n|faint|p2b: Calyrex\n|\n|upkeep\n|\n|t:|1773624778\n|switch|p2b: Farigiraf|Farigiraf, L50, F, shiny|100/100\n|switch|p1b: Regieleki|Regieleki, L50|75/100\n|turn|4\n|\n|t:|1773624793\n|move|p2a: Iron Hands|Drain Punch|p1b: Regieleki\n|-damage|p1b: Regieleki|0 fnt\n|-heal|p2a: Iron Hands|75/100|[from] drain|[of] p1b: Regieleki\n|faint|p1b: Regieleki\n|move|p2b: Farigiraf|Psychic|p1a: Zamazenta\n|-damage|p1a: Zamazenta|57/100\n|move|p1a: Zamazenta|Body Press|p2a: Iron Hands\n|-damage|p2a: Iron Hands|26/100\n|\n|upkeep\n|\n|t:|1773624797\n|switch|p1b: Chi-Yu|Chi-Yu, L50|100/100\n|-ability|p1b: Chi-Yu|Beads of Ruin\n|turn|5\n|\n|t:|1773624809\n|move|p2b: Farigiraf|Helping Hand|p2a: Iron Hands\n|-singleturn|p2a: Iron Hands|Helping Hand|[of] p2b: Farigiraf\n|move|p2a: Iron Hands|Wild Charge|p1b: Chi-Yu\n|-damage|p1b: Chi-Yu|0 fnt\n|faint|p1b: Chi-Yu\n|-damage|p2a: Iron Hands|13/100|[from] Recoil\n|move|p1a: Zamazenta|Body Press|p2b: Farigiraf\n|-damage|p2b: Farigiraf|32/100\n|\n|-fieldend|move: Trick Room\n|upkeep\n|turn|6\n|-message|sleemo2 forfeited.\n|\n|win|speedyturtle87\n|raw|sleemo2's rating: 1435 &rarr; <strong>1418</strong><br />(-17 for losing)\n|raw|speedyturtle87's rating: 1489 &rarr; <strong>1506</strong><br />(+17 for winning)\n|l|\u2606sleemo2\n|player|p1|\n|l|\u2606speedyturtle87\n|player|p2|\n","uploadtime":1773624994,"views":11,"formatid":"gen9vgc2026regi","rating":1418,"private":0,"password":null}