{"id":"gen9vgc2026regi-2561291051","format":"[Gen 9] VGC 2026 Reg I","players":["AlejoB7","It'sJustKen VGC"],"log":"|j|\u2606AlejoB7\n|j|\u2606It'sJustKen VGC\n|t:|1773780983\n|gametype|doubles\n|player|p1|AlejoB7|lance|1284\n|player|p2|It'sJustKen VGC|102|1384\n|gen|9\n|tier|[Gen 9] VGC 2026 Reg I\n|rated|\n|rule|Species Clause: Limit one of each Pok\u00e9mon\n|rule|Item Clause: Limit 1 of each item\n|clearpoke\n|poke|p1|Terapagos, L50, M|\n|poke|p1|Incineroar, L50, F|\n|poke|p1|Rillaboom, L50, F|\n|poke|p1|Ogerpon-Cornerstone, L50, F|\n|poke|p1|Flutter Mane, L50|\n|poke|p1|Calyrex-Shadow, L50|\n|poke|p2|Iron Hands, L50|\n|poke|p2|Incineroar, L50, M|\n|poke|p2|Calyrex-Shadow, L50|\n|poke|p2|Whimsicott, L50, M|\n|poke|p2|Farigiraf, L50, F|\n|poke|p2|Miraidon, L50|\n|teampreview|4\n|inactive|Battle timer is ON: inactive players will automatically lose when time's up. (requested by It'sJustKen VGC)\n|inactive|AlejoB7 has 60 seconds left.\n|inactive|It'sJustKen VGC has 60 seconds left.\n|\n|t:|1773781033\n|teamsize|p1|4\n|teamsize|p2|4\n|start\n|switch|p1a: Calyrex|Calyrex-Shadow, L50|100/100\n|switch|p1b: Flutter Mane|Flutter Mane, L50|100/100\n|switch|p2a: Farigiraf|Farigiraf, L50, F|100/100\n|switch|p2b: Miraidon|Miraidon, L50, shiny|100/100\n|-ability|p1a: Calyrex|As One\n|-ability|p1a: Calyrex|Unnerve\n|-fieldstart|move: Electric Terrain|[from] ability: Hadron Engine|[of] p2b: Miraidon\n|-enditem|p2a: Farigiraf|Electric Seed\n|-boost|p2a: Farigiraf|def|1|[from] item: Electric Seed\n|-enditem|p1b: Flutter Mane|Booster Energy\n|-activate|p1b: Flutter Mane|ability: Protosynthesis|[fromitem]\n|-start|p1b: Flutter Mane|protosynthesisspe\n|turn|1\n|\n|t:|1773781053\n|move|p1b: Flutter Mane|Icy Wind|p2b: Miraidon|[spread] p2a,p2b\n|-supereffective|p2b: Miraidon\n|-damage|p2a: Farigiraf|88/100\n|-damage|p2b: Miraidon|80/100\n|-unboost|p2a: Farigiraf|spe|1\n|-unboost|p2b: Miraidon|spe|1\n|move|p1a: Calyrex|Astral Barrage|p2b: Miraidon|[spread] p2b\n|-immune|p2a: Farigiraf\n|-damage|p2b: Miraidon|39/100\n|move|p2b: Miraidon|Volt Switch|p1a: Calyrex\n|-enditem|p1a: Calyrex|Focus Sash\n|-damage|p1a: Calyrex|1/100\n|\n|t:|1773781062\n|switch|p2b: Incineroar|Incineroar, L50, M|100/100|[from] Volt Switch\n|-ability|p2b: Incineroar|Intimidate|boost\n|-unboost|p1a: Calyrex|atk|1\n|-unboost|p1b: Flutter Mane|atk|1\n|move|p2a: Farigiraf|Psychic|p1a: Calyrex\n|-resisted|p1a: Calyrex\n|-damage|p1a: Calyrex|0 fnt\n|faint|p1a: Calyrex\n|\n|upkeep\n|\n|t:|1773781068\n|switch|p1a: Ogerpon|Ogerpon-Cornerstone, L50, F|100/100\n|turn|2\n|inactive|AlejoB7 has 30 seconds left.\n|inactive|It'sJustKen VGC has 30 seconds left.\n|\n|t:|1773781102\n|-terastallize|p1a: Ogerpon|Rock\n|detailschange|p1a: Ogerpon|Ogerpon-Cornerstone-Tera, L50, F, tera:Rock\n|-ability|p1a: Ogerpon|Embody Aspect (Cornerstone)|boost\n|-boost|p1a: Ogerpon|def|1\n|move|p2b: Incineroar|Fake Out|p1a: Ogerpon\n|-resisted|p1a: Ogerpon\n|-damage|p1a: Ogerpon|96/100\n|move|p1b: Flutter Mane|Moonblast|p2a: Farigiraf\n|-damage|p2a: Farigiraf|48/100\n|cant|p1a: Ogerpon|flinch\n|move|p2a: Farigiraf|Trick Room|p2a: Farigiraf\n|-fieldstart|move: Trick Room|[of] p2a: Farigiraf\n|\n|upkeep\n|turn|3\n|\n|t:|1773781119\n|move|p2a: Farigiraf|Psychic|p1b: Flutter Mane\n|-damage|p1b: Flutter Mane|71/100\n|-unboost|p1b: Flutter Mane|spd|1\n|move|p2b: Incineroar|Flare Blitz|p1b: Flutter Mane\n|-damage|p1b: Flutter Mane|4/100\n|-damage|p2b: Incineroar|83/100|[from] Recoil\n|move|p1a: Ogerpon|Ivy Cudgel|p2b: Incineroar|[anim] Ivy Cudgel Rock\n|-supereffective|p2b: Incineroar\n|-damage|p2b: Incineroar|0 fnt\n|faint|p2b: Incineroar\n|move|p1b: Flutter Mane|Moonblast|p2a: Farigiraf\n|-damage|p2a: Farigiraf|9/100\n|\n|upkeep\n|\n|t:|1773781140\n|switch|p2b: Miraidon|Miraidon, L50, shiny|39/100\n|-activate|p2b: Miraidon|ability: Hadron Engine\n|turn|4\n|\n|t:|1773781154\n|-terastallize|p2b: Miraidon|Fairy\n|move|p2a: Farigiraf|Psychic|p1a: Ogerpon\n|-damage|p1a: Ogerpon|55/100\n|move|p2b: Miraidon|Dazzling Gleam|p1b: Flutter Mane|[spread] p1a,p1b\n|-damage|p1a: Ogerpon|0 fnt\n|-damage|p1b: Flutter Mane|0 fnt\n|faint|p1a: Ogerpon\n|detailschange|p1: Ogerpon|Ogerpon-Cornerstone, L50, F|[silent]\n|faint|p1b: Flutter Mane\n|-end|p1b: Flutter Mane|Protosynthesis|[silent]\n|\n|upkeep\n|\n|t:|1773781163\n|switch|p1b: Rillaboom|Rillaboom, L50, F|100/100\n|-fieldstart|move: Grassy Terrain|[from] ability: Grassy Surge|[of] p1b: Rillaboom\n|turn|5\n|c|\u2606AlejoB7|gg, learn a new team, veru very slow miraidon\n|c|\u2606AlejoB7|well played\n|-message|AlejoB7 forfeited.\n|\n|win|It'sJustKen VGC\n|raw|AlejoB7's rating: 1284 &rarr; <strong>1264</strong><br />(-20 for losing)\n|raw|It&apos;sJustKen VGC's rating: 1359 &rarr; <strong>1375</strong><br />(+16 for winning)\n|l|\u2606AlejoB7\n|player|p1|\n|c|\u2606It'sJustKen VGC|gg wp\n","uploadtime":1773781198,"views":10,"formatid":"gen9vgc2026regi","rating":1264,"private":0,"password":null}