{"id":"gen9vgc2026regi-2565614164","format":"[Gen 9] VGC 2026 Reg I","players":["undead25","Shagrathisbeast"],"log":"|j|\u2606undead25\n|j|\u2606Shagrathisbeast\n|t:|1774289505\n|gametype|doubles\n|player|p1|undead25|fisherman-gen4|1247\n|player|p2|Shagrathisbeast|101|1356\n|gen|9\n|tier|[Gen 9] VGC 2026 Reg I\n|rated|\n|rule|Species Clause: Limit one of each Pok\u00e9mon\n|rule|Item Clause: Limit 1 of each item\n|clearpoke\n|poke|p1|Roaring Moon, L50|\n|poke|p1|Iron Crown, L50|\n|poke|p1|Kyogre, L50|\n|poke|p1|Indeedee-F, L50, F|\n|poke|p1|Calyrex-Ice, L50|\n|poke|p1|Iron Hands, L50|\n|poke|p2|Zacian-*, L50|\n|poke|p2|Tornadus, L50, M|\n|poke|p2|Urshifu-*, L50, F|\n|poke|p2|Iron Valiant, L50|\n|poke|p2|Farigiraf, L50, M|\n|poke|p2|Miraidon, L50|\n|teampreview|4\n|\n|t:|1774289593\n|teamsize|p1|4\n|teamsize|p2|4\n|start\n|switch|p1a: Roaring Moon|Roaring Moon, L50|100/100\n|switch|p1b: Kyogre|Kyogre, L50|100/100\n|switch|p2a: Tornadus|Tornadus, L50, M|100/100\n|switch|p2b: Urshifu|Urshifu-Rapid-Strike, L50, F|100/100\n|-weather|RainDance|[from] ability: Drizzle|[of] p1b: Kyogre\n|-enditem|p1a: Roaring Moon|Booster Energy\n|-activate|p1a: Roaring Moon|ability: Protosynthesis|[fromitem]\n|-start|p1a: Roaring Moon|protosynthesisspe\n|turn|1\n|\n|t:|1774289629\n|-terastallize|p2b: Urshifu|Stellar\n|move|p2a: Tornadus|Tailwind|p2a: Tornadus\n|-sidestart|p2: Shagrathisbeast|move: Tailwind\n|move|p2b: Urshifu|Close Combat|p1b: Kyogre\n|-damage|p1b: Kyogre|16/100\n|-unboost|p2b: Urshifu|def|1\n|-unboost|p2b: Urshifu|spd|1\n|move|p1a: Roaring Moon|Tailwind|p1a: Roaring Moon\n|-sidestart|p1: undead25|move: Tailwind\n|move|p1b: Kyogre|Origin Pulse|p2a: Tornadus|[spread] p2a,p2b\n|-resisted|p2b: Urshifu\n|-damage|p2a: Tornadus|0 fnt\n|-enditem|p2b: Urshifu|Focus Sash\n|-damage|p2b: Urshifu|1/100\n|faint|p2a: Tornadus\n|\n|-weather|RainDance|[upkeep]\n|upkeep\n|\n|t:|1774289647\n|switch|p2a: Zacian|Zacian-Crowned, L50, shiny|100/100\n|-ability|p2a: Zacian|Intrepid Sword|boost\n|-boost|p2a: Zacian|atk|1\n|turn|2\n|\n|t:|1774289688\n|move|p2b: Urshifu|Detect|p2b: Urshifu\n|-singleturn|p2b: Urshifu|Protect\n|move|p1a: Roaring Moon|Acrobatics|p2b: Urshifu\n|-activate|p2b: Urshifu|move: Protect\n|move|p2a: Zacian|Behemoth Blade|p1b: Kyogre\n|-resisted|p1b: Kyogre\n|-damage|p1b: Kyogre|0 fnt\n|faint|p1b: Kyogre\n|\n|-weather|RainDance|[upkeep]\n|upkeep\n|\n|t:|1774289704\n|switch|p1b: Iron Crown|Iron Crown, L50|100/100\n|turn|3\n|\n|t:|1774289731\n|move|p2b: Urshifu|Aqua Jet|p1a: Roaring Moon\n|-resisted|p1a: Roaring Moon\n|-damage|p1a: Roaring Moon|73/100\n|move|p1a: Roaring Moon|Knock Off|p2b: Urshifu\n|-resisted|p2b: Urshifu\n|-damage|p2b: Urshifu|0 fnt\n|faint|p2b: Urshifu\n|move|p2a: Zacian|Behemoth Blade|p1a: Roaring Moon\n|-damage|p1a: Roaring Moon|0 fnt\n|faint|p1a: Roaring Moon\n|-end|p1a: Roaring Moon|Protosynthesis|[silent]\n|move|p1b: Iron Crown|Expanding Force|p2a: Zacian\n|-resisted|p2a: Zacian\n|-damage|p2a: Zacian|81/100\n|-damage|p1b: Iron Crown|91/100|[from] item: Life Orb\n|\n|-weather|RainDance|[upkeep]\n|upkeep\n|\n|t:|1774289747\n|switch|p1a: Calyrex|Calyrex-Ice, L50|100/100\n|switch|p2b: Iron Valiant|Iron Valiant, L50, shiny|100/100\n|-ability|p1a: Calyrex|As One\n|-ability|p1a: Calyrex|Unnerve\n|turn|4\n|\n|t:|1774289775\n|-terastallize|p1a: Calyrex|Fire\n|move|p2a: Zacian|Protect|p2a: Zacian\n|-singleturn|p2a: Zacian|Protect\n|move|p2b: Iron Valiant|Taunt|p1a: Calyrex\n|-start|p1a: Calyrex|move: Taunt\n|move|p1b: Iron Crown|Tachyon Cutter|p2b: Iron Valiant\n|-supereffective|p2b: Iron Valiant\n|-damage|p2b: Iron Valiant|14/100\n|-supereffective|p2b: Iron Valiant\n|-damage|p2b: Iron Valiant|0 fnt\n|faint|p2b: Iron Valiant\n|-end|p2b: Iron Valiant|Quark Drive|[silent]\n|-hitcount|p2: Iron Valiant|2\n|-damage|p1b: Iron Crown|82/100|[from] item: Life Orb\n|move|p1a: Calyrex|Glacial Lance|p2a: Zacian\n|-activate|p2a: Zacian|move: Protect\n|\n|-weather|RainDance|[upkeep]\n|-sideend|p2: Shagrathisbeast|move: Tailwind\n|-sideend|p1: undead25|move: Tailwind\n|upkeep\n|turn|5\n|-message|Shagrathisbeast forfeited.\n|\n|win|undead25\n|raw|undead25's rating: 1247 &rarr; <strong>1280</strong><br />(+33 for winning)\n|raw|Shagrathisbeast's rating: 1356 &rarr; <strong>1330</strong><br />(-26 for losing)\n|l|\u2606Shagrathisbeast\n|player|p2|\n|l|\u2606undead25\n|player|p1|\n","uploadtime":1774289991,"views":10,"formatid":"gen9vgc2026regi","rating":1280,"private":0,"password":null}