{"id":"gen9vgc2026regi-2553014129","format":"[Gen 9] VGC 2026 Reg I","players":["501JFW","snickiret"],"log":"|j|\u2606501JFW\n|j|\u2606snickiret\n|t:|1772785184\n|gametype|doubles\n|player|p1|501JFW|169|1441\n|player|p2|snickiret|hooligans|1471\n|gen|9\n|tier|[Gen 9] VGC 2026 Reg I\n|rated|\n|rule|Species Clause: Limit one of each Pok\u00e9mon\n|rule|Item Clause: Limit 1 of each item\n|clearpoke\n|poke|p1|Lunala, L50|\n|poke|p1|Koraidon, L50|\n|poke|p1|Jumpluff, L50, F|\n|poke|p1|Ogerpon-Cornerstone, L50, F|\n|poke|p1|Raging Bolt, L50|\n|poke|p1|Ursaluna, L50, M|\n|poke|p2|Calyrex-Shadow, L50|\n|poke|p2|Terapagos, L50, M|\n|poke|p2|Smeargle, L50, M|\n|poke|p2|Whimsicott, L50, M|\n|poke|p2|Iron Hands, L50|\n|poke|p2|Urshifu-*, L50, M|\n|teampreview|4\n|inactive|Battle timer is ON: inactive players will automatically lose when time's up. (requested by 501JFW)\n|\n|t:|1772785208\n|teamsize|p1|4\n|teamsize|p2|4\n|start\n|switch|p1a: Koraidon|Koraidon, L50, shiny|100/100\n|switch|p1b: Jumpluff|Jumpluff, L50, F, shiny|100/100\n|switch|p2a: Terapagos|Terapagos, L50, M|100/100\n|switch|p2b: Smeargle|Smeargle, L50, M|100/100\n|-activate|p2a: Terapagos|ability: Tera Shift\n|detailschange|p2a: Terapagos|Terapagos-Terastal, L50, M\n|-heal|p2a: Terapagos|100/100|[silent]\n|-weather|SunnyDay|[from] ability: Orichalcum Pulse|[of] p1a: Koraidon\n|-activate|p1a: Koraidon|Orichalcum Pulse|[source]\n|turn|1\n|inactive|501JFW has 30 seconds left.\n|inactive|snickiret has 30 seconds left.\n|\n|t:|1772785241\n|-terastallize|p2a: Terapagos|Stellar\n|detailschange|p2a: Terapagos|Terapagos-Stellar, L50, M, tera:Stellar\n|-heal|p2a: Terapagos|100/100|[silent]\n|-ability|p2a: Terapagos|Teraform Zero\n|-weather|none\n|move|p1a: Koraidon|U-turn|p2a: Terapagos\n|-damage|p2a: Terapagos|84/100\n|\n|t:|1772785261\n|switch|p1a: Lunala|Lunala, L50, shiny|100/100|[from] U-turn\n|move|p1b: Jumpluff|Sleep Powder|p2b: Smeargle\n|-status|p2b: Smeargle|slp|[from] move: Sleep Powder\n|cant|p2b: Smeargle|slp\n|move|p2a: Terapagos|Tera Starstorm|p1b: Jumpluff|[spread] p1a,p1b\n|-damage|p1a: Lunala|76/100\n|-damage|p1b: Jumpluff|32/100\n|\n|-ability|p2b: Smeargle|Moody|boost\n|-boost|p2b: Smeargle|spa|2\n|-unboost|p2b: Smeargle|spe|1\n|upkeep\n|turn|2\n|\n|t:|1772785281\n|switch|p2a: Whimsicott|Whimsicott, L50, M|100/100\n|move|p1b: Jumpluff|Sleep Powder|p2a: Whimsicott\n|-immune|p2a: Whimsicott\n|move|p1a: Lunala|Meteor Beam||[still]\n|-prepare|p1a: Lunala|Meteor Beam\n|-boost|p1a: Lunala|spa|1\n|-enditem|p1a: Lunala|Power Herb\n|-anim|p1a: Lunala|Meteor Beam|p2a: Whimsicott\n|-crit|p2a: Whimsicott\n|-damage|p2a: Whimsicott|0 fnt\n|faint|p2a: Whimsicott\n|cant|p2b: Smeargle|slp\n|\n|-ability|p2b: Smeargle|Moody|boost\n|-boost|p2b: Smeargle|spa|2\n|-unboost|p2b: Smeargle|atk|1\n|upkeep\n|\n|t:|1772785294\n|switch|p2a: Terapagos|Terapagos-Stellar, L50, M, tera:Stellar|84/100\n|turn|3\n|\n|t:|1772785308\n|move|p1b: Jumpluff|Sleep Powder|p2a: Terapagos\n|-status|p2a: Terapagos|slp|[from] move: Sleep Powder\n|move|p1a: Lunala|Heat Wave|p2b: Smeargle|[spread] p2a,p2b\n|-damage|p2a: Terapagos|57/100 slp\n|-damage|p2b: Smeargle|13/100 slp\n|cant|p2a: Terapagos|slp\n|-curestatus|p2b: Smeargle|slp|[msg]\n|move|p2b: Smeargle|Spore|p1a: Lunala\n|-status|p1a: Lunala|slp|[from] move: Spore\n|\n|-ability|p2b: Smeargle|Moody|boost\n|-boost|p2b: Smeargle|spa|2\n|-unboost|p2b: Smeargle|spd|1\n|upkeep\n|turn|4\n|inactive|501JFW has 30 seconds left.\n|inactive|snickiret has 30 seconds left.\n|inactive|501JFW has 20 seconds left.\n|inactive|snickiret has 20 seconds left.\n|inactive|snickiret has 15 seconds left.\n|inactive|501JFW has 15 seconds left.\n|\n|t:|1772785355\n|move|p1b: Jumpluff|Sleep Powder|p2b: Smeargle|[miss]\n|-miss|p1b: Jumpluff|p2b: Smeargle\n|cant|p1a: Lunala|slp\n|cant|p2a: Terapagos|slp\n|move|p2b: Smeargle|Decorate|p2a: Terapagos\n|-boost|p2a: Terapagos|atk|2\n|-boost|p2a: Terapagos|spa|2\n|\n|-ability|p2b: Smeargle|Moody|boost\n|-boost|p2b: Smeargle|spd|2\n|-unboost|p2b: Smeargle|atk|1\n|upkeep\n|turn|5\n|\n|t:|1772785372\n|cant|p1a: Lunala|slp\n|move|p1b: Jumpluff|Sleep Powder|p2b: Smeargle\n|-status|p2b: Smeargle|slp|[from] move: Sleep Powder\n|-curestatus|p2a: Terapagos|slp|[msg]\n|move|p2a: Terapagos|Tera Starstorm|p1a: Lunala|[spread] p1a,p1b\n|-damage|p1a: Lunala|0 fnt\n|-damage|p1b: Jumpluff|0 fnt\n|faint|p1a: Lunala\n|faint|p1b: Jumpluff\n|cant|p2b: Smeargle|slp\n|\n|-ability|p2b: Smeargle|Moody|boost\n|-boost|p2b: Smeargle|def|2\n|-unboost|p2b: Smeargle|spa|1\n|upkeep\n|\n|t:|1772785376\n|switch|p1b: Koraidon|Koraidon, L50, shiny|100/100\n|switch|p1a: Ursaluna|Ursaluna, L50, M, shiny|100/100\n|-weather|SunnyDay|[from] ability: Orichalcum Pulse|[of] p1b: Koraidon\n|-activate|p1b: Koraidon|Orichalcum Pulse|[source]\n|turn|6\n|inactive|snickiret has 30 seconds left.\n|\n|t:|1772785404\n|move|p1b: Koraidon|Close Combat|p2a: Terapagos\n|-supereffective|p2a: Terapagos\n|-damage|p2a: Terapagos|0 fnt\n|-unboost|p1b: Koraidon|def|1\n|-unboost|p1b: Koraidon|spd|1\n|faint|p2a: Terapagos\n|detailschange|p2: Terapagos|Terapagos, L50, M|[silent]\n|-curestatus|p2b: Smeargle|slp|[msg]\n|move|p2b: Smeargle|Spore|p1b: Koraidon\n|-status|p1b: Koraidon|slp|[from] move: Spore\n|move|p1a: Ursaluna|Facade|p2b: Smeargle\n|-damage|p2b: Smeargle|0 fnt\n|faint|p2b: Smeargle\n|\n|-weather|SunnyDay|[upkeep]\n|-status|p1a: Ursaluna|brn|[from] item: Flame Orb\n|upkeep\n|\n|t:|1772785406\n|switch|p2b: Calyrex|Calyrex-Shadow, L50|100/100\n|-ability|p2b: Calyrex|As One\n|-ability|p2b: Calyrex|Unnerve\n|turn|7\n|inactive|501JFW has 30 seconds left.\n|inactive|501JFW has 20 seconds left.\n|\n|t:|1772785443\n|move|p2b: Calyrex|Psychic|p1a: Ursaluna\n|-damage|p1a: Ursaluna|30/100 brn\n|-damage|p2b: Calyrex|91/100|[from] item: Life Orb\n|cant|p1b: Koraidon|slp\n|move|p1a: Ursaluna|Earthquake|p2b: Calyrex|[spread] p1b,p2b\n|-crit|p1b: Koraidon\n|-enditem|p1b: Koraidon|Focus Sash\n|-damage|p1b: Koraidon|1/100 slp\n|-damage|p2b: Calyrex|20/100\n|\n|-weather|SunnyDay|[upkeep]\n|-damage|p1a: Ursaluna|24/100 brn|[from] brn\n|upkeep\n|turn|8\n|inactive|501JFW has 30 seconds left.\n|\n|t:|1772785477\n|move|p2b: Calyrex|Psychic|p1a: Ursaluna\n|-damage|p1a: Ursaluna|0 fnt\n|faint|p1a: Ursaluna\n|-ability|p2b: Calyrex|Grim Neigh|boost\n|-boost|p2b: Calyrex|spa|1\n|-damage|p2b: Calyrex|11/100|[from] item: Life Orb\n|-curestatus|p1b: Koraidon|slp|[msg]\n|move|p1b: Koraidon|Shadow Claw|p2b: Calyrex\n|-supereffective|p2b: Calyrex\n|-crit|p2b: Calyrex\n|-damage|p2b: Calyrex|0 fnt\n|faint|p2b: Calyrex\n|\n|win|501JFW\n|raw|501JFW's rating: 1441 &rarr; <strong>1463</strong><br />(+22 for winning)\n|raw|snickiret's rating: 1471 &rarr; <strong>1449</strong><br />(-22 for losing)\n|l|\u2606snickiret\n|player|p2|\n|l|\u2606501JFW\n|player|p1|\n","uploadtime":1772785686,"views":17,"formatid":"gen9vgc2026regi","rating":1449,"private":0,"password":null}