{"id":"gen9vgc2026regi-2549534992","format":"[Gen 9] VGC 2026 Reg I","players":["shangenb1","VJ2511"],"log":"|j|\u2606shangenb1\n|j|\u2606VJ2511\n|t:|1772381106\n|gametype|doubles\n|player|p1|shangenb1|169|1408\n|player|p2|VJ2511|red-masters3|1459\n|gen|9\n|tier|[Gen 9] VGC 2026 Reg I\n|rated|\n|rule|Species Clause: Limit one of each Pok\u00e9mon\n|rule|Item Clause: Limit 1 of each item\n|clearpoke\n|poke|p1|Calyrex-Shadow, L50|\n|poke|p1|Zamazenta-*, L50|\n|poke|p1|Rillaboom, L50, M|\n|poke|p1|Raging Bolt, L50|\n|poke|p1|Ogerpon-Hearthflame, L50, F|\n|poke|p1|Smeargle, L50, F|\n|poke|p2|Calyrex-Shadow, L50|\n|poke|p2|Zamazenta-*, L50|\n|poke|p2|Chien-Pao, L50|\n|poke|p2|Dragonite, L50, M|\n|poke|p2|Raging Bolt, L50|\n|poke|p2|Amoonguss, L50, M|\n|teampreview|4\n|inactive|Battle timer is ON: inactive players will automatically lose when time's up. (requested by shangenb1)\n|inactive|shangenb1 has 60 seconds left.\n|inactive|VJ2511 has 60 seconds left.\n|\n|t:|1772381157\n|teamsize|p1|4\n|teamsize|p2|4\n|start\n|switch|p1a: Smeargle|Smeargle, L50, F|100/100\n|switch|p1b: Calyrex|Calyrex-Shadow, L50|100/100\n|switch|p2a: Zamazenta|Zamazenta-Crowned, L50|100/100\n|switch|p2b: Chien-Pao|Chien-Pao, L50|100/100\n|-ability|p1b: Calyrex|As One\n|-ability|p1b: Calyrex|Unnerve\n|-ability|p2b: Chien-Pao|Sword of Ruin\n|-ability|p2a: Zamazenta|Dauntless Shield|boost\n|-boost|p2a: Zamazenta|def|1\n|turn|1\n|\n|t:|1772381179\n|move|p1a: Smeargle|Fake Out|p2b: Chien-Pao\n|-crit|p2b: Chien-Pao\n|-damage|p2b: Chien-Pao|90/100\n|move|p1b: Calyrex|Nasty Plot|p1b: Calyrex\n|-boost|p1b: Calyrex|spa|2\n|cant|p2b: Chien-Pao|flinch\n|move|p2a: Zamazenta|Heavy Slam|p1a: Smeargle\n|-enditem|p1a: Smeargle|Focus Sash\n|-damage|p1a: Smeargle|1/100\n|\n|-ability|p1a: Smeargle|Moody|boost\n|-boost|p1a: Smeargle|atk|2\n|-unboost|p1a: Smeargle|spa|1\n|upkeep\n|turn|2\n|\n|t:|1772381197\n|-terastallize|p1b: Calyrex|Dark\n|move|p1a: Smeargle|Feint|p2b: Chien-Pao\n|-damage|p2b: Chien-Pao|80/100\n|move|p1b: Calyrex|Astral Barrage|p2a: Zamazenta|[spread] p2a,p2b\n|-resisted|p2b: Chien-Pao\n|-damage|p2a: Zamazenta|12/100\n|-damage|p2b: Chien-Pao|17/100\n|-damage|p1b: Calyrex|91/100|[from] item: Life Orb\n|move|p2b: Chien-Pao|Icy Wind|p1a: Smeargle|[spread] p1a,p1b\n|-damage|p1a: Smeargle|0 fnt\n|-damage|p1b: Calyrex|79/100\n|-unboost|p1b: Calyrex|spe|1\n|faint|p1a: Smeargle\n|move|p2a: Zamazenta|Heavy Slam|p1b: Calyrex\n|-damage|p1b: Calyrex|7/100\n|\n|upkeep\n|\n|t:|1772381220\n|switch|p1a: Ogerpon|Ogerpon-Hearthflame, L50, F|100/100\n|-ability|p1a: Ogerpon|Mold Breaker\n|turn|3\n|\n|t:|1772381232\n|move|p1a: Ogerpon|Spiky Shield|p1a: Ogerpon\n|-singleturn|p1a: Ogerpon|move: Protect\n|move|p2b: Chien-Pao|Icy Wind|p1a: Ogerpon|[spread] p1b\n|-activate|p1a: Ogerpon|move: Protect\n|-damage|p1b: Calyrex|0 fnt\n|faint|p1b: Calyrex\n|move|p2a: Zamazenta|Body Press|p1a: Ogerpon\n|-activate|p1a: Ogerpon|move: Protect\n|-damage|p2a: Zamazenta|0 fnt|[from] Spiky Shield|[of] p1a: Ogerpon\n|faint|p2a: Zamazenta\n|\n|upkeep\n|\n|t:|1772381245\n|switch|p1b: Zamazenta|Zamazenta-Crowned, L50|100/100\n|switch|p2a: Calyrex|Calyrex-Shadow, L50|100/100\n|-ability|p2a: Calyrex|As One\n|-ability|p2a: Calyrex|Unnerve\n|-ability|p1b: Zamazenta|Dauntless Shield|boost\n|-boost|p1b: Zamazenta|def|1\n|turn|4\n|\n|t:|1772381260\n|move|p2a: Calyrex|Psychic|p1a: Ogerpon\n|-damage|p1a: Ogerpon|49/100\n|move|p2b: Chien-Pao|Ice Spinner|p1a: Ogerpon\n|-damage|p1a: Ogerpon|2/100\n|move|p1b: Zamazenta|Heavy Slam|p2a: Calyrex\n|-damage|p2a: Calyrex|18/100\n|move|p1a: Ogerpon|Ivy Cudgel|p2b: Chien-Pao|[anim] Ivy Cudgel Fire\n|-supereffective|p2b: Chien-Pao\n|-damage|p2b: Chien-Pao|0 fnt\n|faint|p2b: Chien-Pao\n|\n|upkeep\n|\n|t:|1772381266\n|switch|p2b: Dragonite|Dragonite, L50, M, shiny|100/100\n|turn|5\n|\n|t:|1772381285\n|move|p2a: Calyrex|Protect|p2a: Calyrex\n|-singleturn|p2a: Calyrex|Protect\n|move|p1a: Ogerpon|Spiky Shield|p1a: Ogerpon\n|-singleturn|p1a: Ogerpon|move: Protect\n|move|p1b: Zamazenta|Heavy Slam|p2a: Calyrex\n|-activate|p2a: Calyrex|move: Protect\n|move|p2b: Dragonite|Low Kick|p1b: Zamazenta\n|-supereffective|p1b: Zamazenta\n|-damage|p1b: Zamazenta|52/100\n|\n|upkeep\n|turn|6\n|\n|t:|1772381304\n|move|p1a: Ogerpon|Follow Me|p1a: Ogerpon\n|-singleturn|p1a: Ogerpon|move: Follow Me\n|move|p2a: Calyrex|Psychic|p1a: Ogerpon\n|-damage|p1a: Ogerpon|0 fnt\n|faint|p1a: Ogerpon\n|-ability|p2a: Calyrex|Grim Neigh|boost\n|-boost|p2a: Calyrex|spa|1\n|move|p1b: Zamazenta|Heavy Slam|p2a: Calyrex\n|-damage|p2a: Calyrex|0 fnt\n|faint|p2a: Calyrex\n|move|p2b: Dragonite|Low Kick|p1b: Zamazenta\n|-supereffective|p1b: Zamazenta\n|-damage|p1b: Zamazenta|0 fnt\n|faint|p1b: Zamazenta\n|\n|win|VJ2511\n|raw|shangenb1's rating: 1408 &rarr; <strong>1391</strong><br />(-17 for losing)\n|raw|VJ2511's rating: 1459 &rarr; <strong>1476</strong><br />(+17 for winning)\n|l|\u2606VJ2511\n|player|p2|\n|l|\u2606shangenb1\n|player|p1|\n","uploadtime":1772381533,"views":16,"formatid":"gen9vgc2026regi","rating":1391,"private":0,"password":null}