{"id":"gen9vgc2026regi-2589675747","format":"[Gen 9] VGC 2026 Reg I","players":["dekukun12","lalo's pollos"],"log":"|j|\u2606dekukun12\n|j|\u2606lalo's pollos\n|t:|1776745906\n|gametype|doubles\n|player|p1|dekukun12|nate|1411\n|player|p2|lalo's pollos|102|1577\n|gen|9\n|tier|[Gen 9] VGC 2026 Reg I\n|rated|\n|rule|Species Clause: Limit one of each Pok\u00e9mon\n|rule|Item Clause: Limit 1 of each item\n|clearpoke\n|poke|p1|Calyrex-Shadow, L50|\n|poke|p1|Zamazenta-*, L50|\n|poke|p1|Incineroar, L50, F|\n|poke|p1|Rillaboom, L50, M|\n|poke|p1|Urshifu-*, L50, F|\n|poke|p1|Iron Valiant, L50|\n|poke|p2|Miraidon, L50|\n|poke|p2|Landorus, L50, M|\n|poke|p2|Incineroar, L50, M|\n|poke|p2|Iron Bundle, L50|\n|poke|p2|Farigiraf, L50, F|\n|poke|p2|Calyrex-Ice, L50|\n|teampreview|4\n|\n|t:|1776745920\n|teamsize|p1|4\n|teamsize|p2|4\n|start\n|switch|p1a: Iron Valiant|Iron Valiant, L50|100/100\n|switch|p1b: Zamazenta|Zamazenta-Crowned, L50|100/100\n|switch|p2a: the Manager|Farigiraf, L50, F|100/100\n|switch|p2b: Landorus|Landorus, L50, M|100/100\n|-ability|p1b: Zamazenta|Dauntless Shield|boost\n|-boost|p1b: Zamazenta|def|1\n|-enditem|p1a: Iron Valiant|Booster Energy\n|-activate|p1a: Iron Valiant|ability: Quark Drive|[fromitem]\n|-start|p1a: Iron Valiant|quarkdrivespe\n|turn|1\n|\n|t:|1776745939\n|move|p1a: Iron Valiant|Spirit Break|p2b: Landorus\n|-damage|p2b: Landorus|64/100\n|-unboost|p2b: Landorus|spa|1\n|move|p1b: Zamazenta|Body Press|p2a: the Manager\n|-damage|p2a: the Manager|19/100\n|move|p2b: Landorus|Sandsear Storm|p1a: Iron Valiant|[spread] p1a\n|-miss|p2b: Landorus|p1b: Zamazenta\n|-crit|p1a: Iron Valiant\n|-damage|p1a: Iron Valiant|0 fnt\n|faint|p1a: Iron Valiant\n|-end|p1a: Iron Valiant|Quark Drive|[silent]\n|move|p2a: the Manager|Trick Room|p2a: the Manager\n|-fieldstart|move: Trick Room|[of] p2a: the Manager\n|\n|upkeep\n|\n|t:|1776745952\n|switch|p1a: Urshifu|Urshifu, L50, F|100/100\n|turn|2\n|\n|t:|1776745973\n|switch|p2b: Incineroar|Incineroar, L50, M|100/100\n|-ability|p2b: Incineroar|Intimidate|boost\n|-unboost|p1a: Urshifu|atk|1\n|-unboost|p1b: Zamazenta|atk|1\n|-terastallize|p1a: Urshifu|Dark\n|move|p2a: the Manager|Psychic|p1b: Zamazenta\n|-damage|p1b: Zamazenta|72/100\n|move|p1a: Urshifu|Wicked Blow|p2b: Incineroar\n|-resisted|p2b: Incineroar\n|-crit|p2b: Incineroar\n|-damage|p2b: Incineroar|71/100\n|move|p1b: Zamazenta|Behemoth Bash|p2a: the Manager\n|-damage|p2a: the Manager|0 fnt\n|faint|p2a: the Manager\n|\n|upkeep\n|\n|t:|1776745981\n|switch|p2a: Calyrex|Calyrex-Ice, L50|100/100\n|-ability|p2a: Calyrex|As One\n|-ability|p2a: Calyrex|Unnerve\n|turn|3\n|\n|t:|1776745994\n|-terastallize|p2a: Calyrex|Water\n|move|p1a: Urshifu|Detect|p1a: Urshifu\n|-singleturn|p1a: Urshifu|Protect\n|move|p1b: Zamazenta|Protect|p1b: Zamazenta\n|-singleturn|p1b: Zamazenta|Protect\n|move|p2b: Incineroar|Fake Out|p1b: Zamazenta\n|-activate|p1b: Zamazenta|move: Protect\n|move|p2a: Calyrex|Glacial Lance|p1b: Zamazenta|[spread] \n|-activate|p1a: Urshifu|move: Protect\n|-activate|p1b: Zamazenta|move: Protect\n|\n|upkeep\n|turn|4\n|\n|t:|1776746008\n|move|p1b: Zamazenta|Wide Guard|p1b: Zamazenta\n|-singleturn|p1b: Zamazenta|Wide Guard\n|move|p2a: Calyrex|High Horsepower|p1a: Urshifu\n|-damage|p1a: Urshifu|59/100\n|move|p2b: Incineroar|U-turn|p1a: Urshifu\n|-supereffective|p1a: Urshifu\n|-damage|p1a: Urshifu|23/100\n|\n|t:|1776746014\n|switch|p2b: Landorus|Landorus, L50, M|64/100|[from] U-turn\n|move|p1a: Urshifu|Wicked Blow|p2a: Calyrex\n|-crit|p2a: Calyrex\n|-damage|p2a: Calyrex|42/100\n|\n|upkeep\n|turn|5\n|\n|t:|1776746038\n|switch|p2a: Incineroar|Incineroar, L50, M|71/100\n|-ability|p2a: Incineroar|Intimidate|boost\n|-unboost|p1a: Urshifu|atk|1\n|-unboost|p1b: Zamazenta|atk|1\n|move|p1a: Urshifu|Detect|p1a: Urshifu\n|-singleturn|p1a: Urshifu|Protect\n|move|p1b: Zamazenta|Wide Guard|p1b: Zamazenta\n|-singleturn|p1b: Zamazenta|Wide Guard\n|move|p2b: Landorus|Earth Power|p1b: Zamazenta\n|-supereffective|p1b: Zamazenta\n|-damage|p1b: Zamazenta|0 fnt\n|faint|p1b: Zamazenta\n|\n|-fieldend|move: Trick Room\n|upkeep\n|\n|t:|1776746050\n|switch|p1b: Calyrex|Calyrex-Shadow, L50|100/100\n|-ability|p1b: Calyrex|As One\n|-ability|p1b: Calyrex|Unnerve\n|turn|6\n|\n|t:|1776746058\n|move|p1b: Calyrex|Astral Barrage|p2a: Incineroar|[spread] p2a,p2b\n|-resisted|p2a: Incineroar\n|-damage|p2a: Incineroar|50/100\n|-damage|p2b: Landorus|0 fnt\n|faint|p2b: Landorus\n|-ability|p1b: Calyrex|Grim Neigh|boost\n|-boost|p1b: Calyrex|spa|1\n|-damage|p1b: Calyrex|91/100|[from] item: Life Orb\n|move|p1a: Urshifu|Close Combat|p2a: Incineroar\n|-supereffective|p2a: Incineroar\n|-damage|p2a: Incineroar|0 fnt\n|-unboost|p1a: Urshifu|def|1\n|-unboost|p1a: Urshifu|spd|1\n|faint|p2a: Incineroar\n|\n|upkeep\n|-message|lalo's pollos forfeited.\n|\n|win|dekukun12\n|raw|dekukun12's rating: 1411 &rarr; <strong>1440</strong><br />(+29 for winning)\n|raw|lalo&apos;s pollos's rating: 1577 &rarr; <strong>1548</strong><br />(-29 for losing)\n|l|\u2606lalo's pollos\n|player|p2|\n|l|\u2606dekukun12\n|player|p1|\n","uploadtime":1776746208,"views":8,"formatid":"gen9vgc2026regi","rating":1440,"private":0,"password":null}