{"id":"gen9vgc2026regi-2565602566","format":"[Gen 9] VGC 2026 Reg I","players":["ArisHazard","Erseo05"],"log":"|j|\u2606ArisHazard\n|j|\u2606Erseo05\n|t:|1774288595\n|gametype|doubles\n|player|p1|ArisHazard|170|1406\n|player|p2|Erseo05|1|1480\n|gen|9\n|tier|[Gen 9] VGC 2026 Reg I\n|rated|\n|rule|Species Clause: Limit one of each Pok\u00e9mon\n|rule|Item Clause: Limit 1 of each item\n|clearpoke\n|poke|p1|Calyrex-Ice, L50|\n|poke|p1|Hitmontop, L50, M|\n|poke|p1|Miraidon, L50|\n|poke|p1|Sableye, L50, F|\n|poke|p1|Ting-Lu, L50|\n|poke|p1|Volcarona, L50, F|\n|poke|p2|Calyrex-Shadow, L50|\n|poke|p2|Indeedee-F, L50, F|\n|poke|p2|Urshifu-*, L50, M|\n|poke|p2|Kyogre, L50|\n|poke|p2|Tornadus, L50, M|\n|poke|p2|Landorus, L50, M|\n|teampreview|4\n|l|\u2606ArisHazard\n|player|p1|\n|j|\u2606ArisHazard\n|player|p1|ArisHazard|170|\n|j| Obed\n|\n|t:|1774288657\n|teamsize|p1|4\n|teamsize|p2|4\n|start\n|switch|p1a: Calyrex|Calyrex-Ice, L50|100/100\n|switch|p1b: Miraidon|Miraidon, L50|100/100\n|switch|p2a: Calyrex|Calyrex-Shadow, L50|100/100\n|switch|p2b: Kyogre|Kyogre, L50|100/100\n|-ability|p2a: Calyrex|As One\n|-ability|p2a: Calyrex|Unnerve\n|-ability|p1a: Calyrex|As One\n|-ability|p1a: Calyrex|Unnerve\n|-fieldstart|move: Electric Terrain|[from] ability: Hadron Engine|[of] p1b: Miraidon\n|-weather|RainDance|[from] ability: Drizzle|[of] p2b: Kyogre\n|turn|1\n|inactive|Battle timer is ON: inactive players will automatically lose when time's up. (requested by ArisHazard)\n|\n|t:|1774288681\n|-terastallize|p2b: Kyogre|Grass\n|move|p1a: Calyrex|Protect|p1a: Calyrex\n|-singleturn|p1a: Calyrex|Protect\n|move|p2a: Calyrex|Astral Barrage|p1a: Calyrex|[spread] p1b\n|-activate|p1a: Calyrex|move: Protect\n|-damage|p1b: Miraidon|70/100\n|move|p1b: Miraidon|Snarl|p2a: Calyrex|[spread] p2a,p2b\n|-supereffective|p2a: Calyrex\n|-damage|p2a: Calyrex|21/100\n|-damage|p2b: Kyogre|87/100\n|-unboost|p2a: Calyrex|spa|1\n|-unboost|p2b: Kyogre|spa|1\n|move|p2b: Kyogre|Thunder|p1a: Calyrex\n|-activate|p1a: Calyrex|move: Protect\n|\n|-weather|RainDance|[upkeep]\n|upkeep\n|turn|2\n|\n|t:|1774288702\n|switch|p1a: Ting-Lu|Ting-Lu, L50|100/100\n|-ability|p1a: Ting-Lu|Vessel of Ruin\n|move|p2a: Calyrex|Encore||[still]\n|-fail|p2a: Calyrex\n|move|p1b: Miraidon|Volt Switch|p2b: Kyogre\n|-resisted|p2b: Kyogre\n|-crit|p2b: Kyogre\n|-damage|p2b: Kyogre|59/100\n|\n|t:|1774288713\n|switch|p1b: Calyrex|Calyrex-Ice, L50|100/100|[from] Volt Switch\n|-ability|p1b: Calyrex|As One\n|-ability|p1b: Calyrex|Unnerve\n|move|p2b: Kyogre|Ice Beam|p1b: Calyrex\n|-resisted|p1b: Calyrex\n|-crit|p1b: Calyrex\n|-damage|p1b: Calyrex|87/100\n|\n|-weather|RainDance|[upkeep]\n|upkeep\n|turn|3\n|\n|t:|1774288726\n|switch|p2a: Urshifu|Urshifu-Rapid-Strike, L50, M|100/100\n|switch|p1a: Miraidon|Miraidon, L50|70/100\n|-activate|p1a: Miraidon|ability: Hadron Engine\n|move|p2b: Kyogre|Protect|p2b: Kyogre\n|-singleturn|p2b: Kyogre|Protect\n|move|p1b: Calyrex|Protect||[still]\n|-fail|p1b: Calyrex\n|\n|-weather|RainDance|[upkeep]\n|upkeep\n|turn|4\n|\n|t:|1774288750\n|switch|p2b: Indeedee|Indeedee-F, L50, F|100/100\n|-fieldstart|move: Psychic Terrain|[from] ability: Psychic Surge|[of] p2b: Indeedee\n|move|p2a: Urshifu|Close Combat|p1a: Miraidon\n|-damage|p1a: Miraidon|17/100\n|-unboost|p2a: Urshifu|def|1\n|-unboost|p2a: Urshifu|spd|1\n|move|p1a: Miraidon|Electro Drift|p2a: Urshifu\n|-supereffective|p2a: Urshifu\n|-damage|p2a: Urshifu|0 fnt\n|faint|p2a: Urshifu\n|move|p1b: Calyrex|Trick Room|p1b: Calyrex\n|-fieldstart|move: Trick Room|[of] p1b: Calyrex\n|\n|-weather|RainDance|[upkeep]\n|upkeep\n|inactive|Erseo05 has 30 seconds left.\n|\n|t:|1774288777\n|switch|p2a: Kyogre|Kyogre, L50, tera:Grass|59/100\n|turn|5\n|j| zacattack110\n|\n|t:|1774288787\n|move|p2a: Kyogre|Protect|p2a: Kyogre\n|-singleturn|p2a: Kyogre|Protect\n|move|p1a: Miraidon|Volt Switch|p2b: Indeedee\n|-damage|p2b: Indeedee|63/100\n|\n|t:|1774288795\n|switch|p1a: Ting-Lu|Ting-Lu, L50|100/100|[from] Volt Switch\n|-ability|p1a: Ting-Lu|Vessel of Ruin\n|move|p1b: Calyrex|Trick Room|p1b: Calyrex\n|-fieldend|move: Trick Room\n|move|p2b: Indeedee|Trick Room|p2b: Indeedee\n|-fieldstart|move: Trick Room|[of] p2b: Indeedee\n|\n|-weather|none\n|upkeep\n|turn|6\n|-message|Erseo05 forfeited.\n|\n|win|ArisHazard\n|raw|ArisHazard's rating: 1406 &rarr; <strong>1430</strong><br />(+24 for winning)\n|raw|Erseo05's rating: 1480 &rarr; <strong>1456</strong><br />(-24 for losing)\n|l|\u2606Erseo05\n|player|p2|\n|l| Obed\n|l|\u2606ArisHazard\n|player|p1|\n|j|\u2606ArisHazard\n|player|p1|ArisHazard|170|\n|l|\u2606ArisHazard\n|player|p1|\n","uploadtime":1774289030,"views":11,"formatid":"gen9vgc2026regi","rating":1430,"private":0,"password":null}