{"id":"gen9vgc2026regi-2561657204","format":"[Gen 9] VGC 2026 Reg I","players":["Noobilio","wasaad5"],"log":"|j|\u2606Noobilio\n|j|\u2606wasaad5\n|t:|1773828864\n|gametype|doubles\n|player|p1|Noobilio|anabel-gen7|1222\n|player|p2|wasaad5|blue|1198\n|gen|9\n|tier|[Gen 9] VGC 2026 Reg I\n|rated|\n|rule|Species Clause: Limit one of each Pok\u00e9mon\n|rule|Item Clause: Limit 1 of each item\n|clearpoke\n|poke|p1|Kyogre, L50|\n|poke|p1|Rillaboom, L50, F|\n|poke|p1|Urshifu-*, L50, F|\n|poke|p1|Flutter Mane, L50|\n|poke|p1|Amoonguss, L50, F|\n|poke|p1|Calyrex-Ice, L50|\n|poke|p2|Kyurem-White, L50|\n|poke|p2|Zacian-*, L50|\n|poke|p2|Ninetales-Alola, L50, F|\n|poke|p2|Urshifu-*, L50, F|\n|poke|p2|Amoonguss, L50, M|\n|poke|p2|Incineroar, L50, M|\n|teampreview|4\n|\n|t:|1773828892\n|teamsize|p1|4\n|teamsize|p2|4\n|start\n|switch|p1a: ICE RIDAAAA|Calyrex-Ice, L50|100/100\n|switch|p1b: Finger|Amoonguss, L50, F|100/100\n|switch|p2a: Kyurem|Kyurem-White, L50, shiny|100/100\n|switch|p2b: Zacian|Zacian-Crowned, L50|100/100\n|-ability|p1a: ICE RIDAAAA|As One\n|-ability|p1a: ICE RIDAAAA|Unnerve\n|-ability|p2b: Zacian|Intrepid Sword|boost\n|-boost|p2b: Zacian|atk|1\n|-ability|p2a: Kyurem|Turboblaze\n|turn|1\n|\n|t:|1773828903\n|-terastallize|p1b: Finger|Water\n|move|p1a: ICE RIDAAAA|Protect|p1a: ICE RIDAAAA\n|-singleturn|p1a: ICE RIDAAAA|Protect\n|move|p2b: Zacian|Behemoth Blade|p1a: ICE RIDAAAA\n|-activate|p1a: ICE RIDAAAA|move: Protect\n|move|p2a: Kyurem|Fusion Flare|p1b: Finger\n|-resisted|p1b: Finger\n|-damage|p1b: Finger|73/100\n|move|p1b: Finger|Spore|p2b: Zacian\n|-status|p2b: Zacian|slp|[from] move: Spore\n|\n|upkeep\n|turn|2\n|\n|t:|1773828933\n|switch|p2a: Urshifu|Urshifu, L50, F|100/100\n|move|p1b: Finger|Rage Powder|p1b: Finger\n|-singleturn|p1b: Finger|move: Rage Powder\n|cant|p2b: Zacian|slp\n|move|p1a: ICE RIDAAAA|Glacial Lance|p2a: Urshifu|[spread] p2a,p2b\n|-resisted|p2b: Zacian\n|-damage|p2a: Urshifu|54/100\n|-damage|p2b: Zacian|79/100 slp\n|\n|upkeep\n|turn|3\n|\n|t:|1773828957\n|-terastallize|p2a: Urshifu|Dark\n|move|p1b: Finger|Rage Powder|p1b: Finger\n|-singleturn|p1b: Finger|move: Rage Powder\n|cant|p2b: Zacian|slp\n|move|p2a: Urshifu|Wicked Blow|p1b: Finger\n|-crit|p1b: Finger\n|-damage|p1b: Finger|8/100\n|-damage|p2a: Urshifu|38/100|[from] item: Rocky Helmet|[of] p1b: Finger\n|move|p1a: ICE RIDAAAA|Glacial Lance|p2b: Zacian|[spread] p2a,p2b\n|-resisted|p2b: Zacian\n|-damage|p2a: Urshifu|0 fnt\n|-damage|p2b: Zacian|57/100 slp\n|faint|p2a: Urshifu\n|-ability|p1a: ICE RIDAAAA|Chilling Neigh|boost\n|-boost|p1a: ICE RIDAAAA|atk|1\n|\n|upkeep\n|\n|t:|1773828966\n|switch|p2a: Ninetales|Ninetales-Alola, L50, F|100/100\n|-weather|Snowscape|[from] ability: Snow Warning|[of] p2a: Ninetales\n|turn|4\n|\n|t:|1773828987\n|move|p1b: Finger|Rage Powder|p1b: Finger\n|-singleturn|p1b: Finger|move: Rage Powder\n|move|p2a: Ninetales|Moonblast|p1b: Finger\n|-damage|p1b: Finger|0 fnt\n|faint|p1b: Finger\n|cant|p2b: Zacian|slp\n|move|p1a: ICE RIDAAAA|Leech Seed|p2b: Zacian\n|-start|p2b: Zacian|move: Leech Seed\n|\n|-weather|Snowscape|[upkeep]\n|-damage|p2b: Zacian|45/100 slp|[from] Leech Seed|[of] p1a: ICE RIDAAAA\n|upkeep\n|\n|t:|1773828997\n|switch|p1b: Wulaosu|Urshifu-Rapid-Strike, L50, F|100/100\n|turn|5\n|\n|t:|1773829008\n|move|p2a: Ninetales|Moonblast|p1b: Wulaosu\n|-supereffective|p1b: Wulaosu\n|-damage|p1b: Wulaosu|0 fnt\n|faint|p1b: Wulaosu\n|-curestatus|p2b: Zacian|slp|[msg]\n|move|p2b: Zacian|Behemoth Blade|p1a: ICE RIDAAAA\n|-supereffective|p1a: ICE RIDAAAA\n|-damage|p1a: ICE RIDAAAA|36/100\n|move|p1a: ICE RIDAAAA|Glacial Lance|p2a: Ninetales|[spread] p2a,p2b\n|-resisted|p2a: Ninetales\n|-resisted|p2b: Zacian\n|-damage|p2a: Ninetales|66/100\n|-damage|p2b: Zacian|12/100\n|\n|-weather|Snowscape|[upkeep]\n|-heal|p1a: ICE RIDAAAA|42/100|[from] item: Leftovers\n|-damage|p2b: Zacian|0 fnt|[from] Leech Seed|[of] p1a: ICE RIDAAAA\n|-heal|p1a: ICE RIDAAAA|51/100|[silent]\n|faint|p2b: Zacian\n|upkeep\n|\n|t:|1773829020\n|switch|p2b: Kyurem|Kyurem-White, L50, shiny|100/100\n|switch|p1b: Fih|Kyogre, L50|100/100\n|-ability|p2b: Kyurem|Turboblaze\n|-weather|RainDance|[from] ability: Drizzle|[of] p1b: Fih\n|turn|6\n|\n|t:|1773829037\n|move|p2a: Ninetales|Moonblast|p1b: Fih\n|-damage|p1b: Fih|74/100\n|move|p2b: Kyurem|Freeze-Dry|p1b: Fih\n|-supereffective|p1b: Fih\n|-damage|p1b: Fih|0 fnt\n|faint|p1b: Fih\n|move|p1a: ICE RIDAAAA|Glacial Lance|p2b: Kyurem|[spread] p2a,p2b\n|-resisted|p2a: Ninetales\n|-damage|p2a: Ninetales|13/100\n|-damage|p2b: Kyurem|37/100\n|\n|-weather|RainDance|[upkeep]\n|-heal|p1a: ICE RIDAAAA|57/100|[from] item: Leftovers\n|upkeep\n|turn|7\n|\n|t:|1773829052\n|move|p1a: ICE RIDAAAA|Protect|p1a: ICE RIDAAAA\n|-singleturn|p1a: ICE RIDAAAA|Protect\n|move|p2a: Ninetales|Moonblast|p1a: ICE RIDAAAA\n|-activate|p1a: ICE RIDAAAA|move: Protect\n|move|p2b: Kyurem|Freeze-Dry|p1a: ICE RIDAAAA\n|-activate|p1a: ICE RIDAAAA|move: Protect\n|\n|-weather|RainDance|[upkeep]\n|-heal|p1a: ICE RIDAAAA|62/100|[from] item: Leftovers\n|upkeep\n|turn|8\n|\n|t:|1773829055\n|move|p2a: Ninetales|Moonblast|p1a: ICE RIDAAAA\n|-damage|p1a: ICE RIDAAAA|39/100\n|move|p2b: Kyurem|Freeze-Dry|p1a: ICE RIDAAAA\n|-resisted|p1a: ICE RIDAAAA\n|-damage|p1a: ICE RIDAAAA|20/100\n|move|p1a: ICE RIDAAAA|Glacial Lance|p2b: Kyurem|[spread] p2a,p2b\n|-resisted|p2a: Ninetales\n|-damage|p2a: Ninetales|0 fnt\n|-damage|p2b: Kyurem|0 fnt\n|faint|p2a: Ninetales\n|faint|p2b: Kyurem\n|\n|win|Noobilio\n|raw|Noobilio's rating: 1222 &rarr; <strong>1245</strong><br />(+23 for winning)\n|raw|wasaad5's rating: 1198 &rarr; <strong>1175</strong><br />(-23 for losing)\n|l|\u2606wasaad5\n|player|p2|\n","uploadtime":1773829066,"views":19,"formatid":"gen9vgc2026regi","rating":1175,"private":0,"password":null}