{"id":"gen9vgc2026regi-2561015547","format":"[Gen 9] VGC 2026 Reg I","players":["CulantroVGC","PATRIOTS_VG"],"log":"|j|\u2606CulantroVGC\n|j|\u2606PATRIOTS_VG\n|t:|1773757608\n|gametype|doubles\n|player|p1|CulantroVGC|170|1520\n|player|p2|PATRIOTS_VG|drayden|1503\n|gen|9\n|tier|[Gen 9] VGC 2026 Reg I\n|rated|\n|rule|Species Clause: Limit one of each Pok\u00e9mon\n|rule|Item Clause: Limit 1 of each item\n|clearpoke\n|poke|p1|Miraidon, L50|\n|poke|p1|Calyrex-Ice, L50|\n|poke|p1|Weezing-Galar, L50, F|\n|poke|p1|Chi-Yu, L50|\n|poke|p1|Dondozo, L50, F|\n|poke|p1|Tatsugiri-Droopy, L50, F|\n|poke|p2|Incineroar, L50, M|\n|poke|p2|Calyrex-Shadow, L50|\n|poke|p2|Flutter Mane, L50|\n|poke|p2|Ogerpon-Cornerstone, L50, F|\n|poke|p2|Rillaboom, L50, M|\n|poke|p2|Terapagos, L50, M|\n|teampreview|4\n|inactive|Battle timer is ON: inactive players will automatically lose when time's up. (requested by CulantroVGC)\n|\n|t:|1773757648\n|teamsize|p1|4\n|teamsize|p2|4\n|start\n|switch|p1a: Miraidon|Miraidon, L50|100/100\n|switch|p1b: Weezing|Weezing-Galar, L50, F|100/100\n|switch|p2a: Flutter Mane|Flutter Mane, L50, shiny|100/100\n|switch|p2b: Ogerpon|Ogerpon-Cornerstone, L50, F|100/100\n|-ability|p1b: Weezing|Neutralizing Gas\n|-block|p1a: Miraidon|item: Ability Shield\n|-fieldstart|move: Electric Terrain|[from] ability: Hadron Engine|[of] p1a: Miraidon\n|turn|1\n|inactive|CulantroVGC has 30 seconds left.\n|inactive|PATRIOTS_VG has 30 seconds left.\n|\n|t:|1773757681\n|move|p1a: Miraidon|Electro Drift|p2a: Flutter Mane\n|-damage|p2a: Flutter Mane|15/100\n|move|p2a: Flutter Mane|Moonblast|p1a: Miraidon\n|-supereffective|p1a: Miraidon\n|-damage|p1a: Miraidon|26/100\n|move|p2b: Ogerpon|Ivy Cudgel|p1a: Miraidon|[anim] Ivy Cudgel Rock\n|-damage|p1a: Miraidon|0 fnt\n|faint|p1a: Miraidon\n|move|p1b: Weezing|Poison Gas|p2b: Ogerpon|[spread] p2a,p2b\n|-status|p2a: Flutter Mane|psn\n|-status|p2b: Ogerpon|psn\n|\n|-damage|p2b: Ogerpon|88/100 psn|[from] psn\n|-damage|p2a: Flutter Mane|3/100 psn|[from] psn\n|upkeep\n|\n|t:|1773757698\n|switch|p1a: Dondozo|Dondozo, L50, F|100/100\n|turn|2\n|\n|t:|1773757703\n|move|p1a: Dondozo|Protect|p1a: Dondozo\n|-singleturn|p1a: Dondozo|Protect\n|move|p2b: Ogerpon|Ivy Cudgel|p1b: Weezing|[anim] Ivy Cudgel Rock\n|-crit|p1b: Weezing\n|-damage|p1b: Weezing|17/100\n|move|p2a: Flutter Mane|Thunder Wave|p1a: Dondozo\n|-activate|p1a: Dondozo|move: Protect\n|move|p1b: Weezing|Toxic Spikes|p2b: Ogerpon\n|-sidestart|p2: PATRIOTS_VG|move: Toxic Spikes\n|\n|-damage|p2b: Ogerpon|75/100 psn|[from] psn\n|-damage|p2a: Flutter Mane|0 fnt|[from] psn\n|faint|p2a: Flutter Mane\n|-end|p2a: Flutter Mane|Protosynthesis|[silent]\n|upkeep\n|\n|t:|1773757713\n|switch|p2a: Incineroar|Incineroar, L50, M|100/100\n|-status|p2a: Incineroar|psn\n|turn|3\n|\n|t:|1773757729\n|-end|p1b: Weezing|ability: Neutralizing Gas\n|-ability|p2a: Incineroar|Intimidate|boost\n|-unboost|p1a: Dondozo|atk|1\n|-unboost|p1b: Weezing|atk|1\n|switch|p1b: Tatsugiri|Tatsugiri-Droopy, L50, F|100/100\n|-activate|p1b: Tatsugiri|ability: Commander|[of] p1a: Dondozo\n|-boost|p1a: Dondozo|atk|2\n|-boost|p1a: Dondozo|spa|2\n|-boost|p1a: Dondozo|spe|2\n|-boost|p1a: Dondozo|def|2\n|-boost|p1a: Dondozo|spd|2\n|move|p2b: Ogerpon|Knock Off|p1a: Dondozo\n|-damage|p1a: Dondozo|89/100\n|-enditem|p1a: Dondozo|Leftovers|[from] move: Knock Off|[of] p2b: Ogerpon\n|move|p1a: Dondozo|Order Up|p2a: Incineroar\n|-damage|p2a: Incineroar|80/100 psn\n|-boost|p1a: Dondozo|def|1\n|move|p2a: Incineroar|Will-O-Wisp|p1a: Dondozo\n|-status|p1a: Dondozo|brn\n|\n|-damage|p2b: Ogerpon|63/100 psn|[from] psn\n|-damage|p2a: Incineroar|67/100 psn|[from] psn\n|-damage|p1a: Dondozo|83/100 brn|[from] brn\n|upkeep\n|turn|4\n|\n|t:|1773757752\n|move|p2b: Ogerpon|Ivy Cudgel|p1a: Dondozo|[anim] Ivy Cudgel Rock\n|-damage|p1a: Dondozo|71/100 brn\n|move|p1a: Dondozo|Order Up|p2a: Incineroar\n|-damage|p2a: Incineroar|57/100 psn\n|-boost|p1a: Dondozo|def|1\n|move|p2a: Incineroar|Parting Shot|p1a: Dondozo\n|-unboost|p1a: Dondozo|atk|1\n|-unboost|p1a: Dondozo|spa|1\n|\n|t:|1773757757\n|switch|p2a: Calyrex|Calyrex-Shadow, L50|100/100|[from] Parting Shot\n|-ability|p2a: Calyrex|As One\n|-ability|p2a: Calyrex|Unnerve\n|-status|p2a: Calyrex|psn\n|\n|-damage|p2a: Calyrex|88/100 psn|[from] psn\n|-damage|p2b: Ogerpon|50/100 psn|[from] psn\n|-damage|p1a: Dondozo|65/100 brn|[from] brn\n|upkeep\n|turn|5\n|\n|t:|1773757773\n|switch|p2b: Incineroar|Incineroar, L50, M|57/100 psn\n|-ability|p2b: Incineroar|Intimidate|boost\n|-unboost|p1a: Dondozo|atk|1\n|-unboost|p1b: Tatsugiri|atk|1\n|-terastallize|p2a: Calyrex|Ghost\n|move|p1a: Dondozo|Protect|p1a: Dondozo\n|-singleturn|p1a: Dondozo|Protect\n|move|p2a: Calyrex|Astral Barrage|p1a: Dondozo|[spread] \n|-miss|p2a: Calyrex|p1b: Tatsugiri\n|-activate|p1a: Dondozo|move: Protect\n|\n|-damage|p2a: Calyrex|75/100 psn|[from] psn\n|-damage|p2b: Incineroar|44/100 psn|[from] psn\n|-damage|p1a: Dondozo|59/100 brn|[from] brn\n|-fieldend|move: Electric Terrain\n|upkeep\n|turn|6\n|\n|t:|1773757792\n|move|p2b: Incineroar|Fake Out|p1a: Dondozo\n|-damage|p1a: Dondozo|56/100 brn\n|move|p2a: Calyrex|Astral Barrage|p1a: Dondozo|[spread] p1a\n|-miss|p2a: Calyrex|p1b: Tatsugiri\n|-damage|p1a: Dondozo|34/100 brn\n|cant|p1a: Dondozo|flinch\n|\n|-damage|p2a: Calyrex|63/100 psn|[from] psn\n|-damage|p2b: Incineroar|32/100 psn|[from] psn\n|-damage|p1a: Dondozo|28/100 brn|[from] brn\n|upkeep\n|turn|7\n|\n|t:|1773757803\n|switch|p2b: Ogerpon|Ogerpon-Cornerstone, L50, F|50/100 psn\n|move|p1a: Dondozo|Protect|p1a: Dondozo\n|-singleturn|p1a: Dondozo|Protect\n|move|p2a: Calyrex|Pollen Puff|p2b: Ogerpon\n|-heal|p2b: Ogerpon|100/100 psn\n|\n|-damage|p2a: Calyrex|50/100 psn|[from] psn\n|-damage|p2b: Ogerpon|88/100 psn|[from] psn\n|-damage|p1a: Dondozo|22/100 brn|[from] brn\n|upkeep\n|turn|8\n|l|\u2606CulantroVGC\n|inactive|CulantroVGC disconnected and has a minute to reconnect!\n|player|p1|\n|inactive|CulantroVGC has 30 seconds left.\n|inactive|CulantroVGC has 20 seconds left.\n|inactive|CulantroVGC has 15 seconds left.\n|inactive|CulantroVGC has 10 seconds left.\n|inactive|CulantroVGC has 5 seconds left.\n|-message|CulantroVGC lost due to inactivity.\n|\n|win|PATRIOTS_VG\n|raw|CulantroVGC's rating: 1520 &rarr; <strong>1499</strong><br />(-21 for losing)\n|raw|PATRIOTS_VG's rating: 1503 &rarr; <strong>1524</strong><br />(+21 for winning)\n","uploadtime":1773757868,"views":20,"formatid":"gen9vgc2026regi","rating":1499,"private":0,"password":null}