{"id":"gen9vgc2026regi-2558829721","format":"[Gen 9] VGC 2026 Reg I","players":["MVPHEE","PATRIOTS_VG"],"log":"|j|\u2606MVPHEE\n|j|\u2606PATRIOTS_VG\n|t:|1773490128\n|gametype|doubles\n|player|p1|MVPHEE|169|1398\n|player|p2|PATRIOTS_VG|drayden|1489\n|gen|9\n|tier|[Gen 9] VGC 2026 Reg I\n|rated|\n|rule|Species Clause: Limit one of each Pok\u00e9mon\n|rule|Item Clause: Limit 1 of each item\n|clearpoke\n|poke|p1|Amoonguss, L50, F|\n|poke|p1|Calyrex-Ice, L50|\n|poke|p1|Kyogre, L50|\n|poke|p1|Grimmsnarl, L50, M|\n|poke|p1|Flutter Mane, L50|\n|poke|p1|Basculegion, L50, M|\n|poke|p2|Ogerpon-Hearthflame, L50, F|\n|poke|p2|Raging Bolt, L50|\n|poke|p2|Whimsicott, L50, F|\n|poke|p2|Chien-Pao, L50|\n|poke|p2|Zamazenta-*, L50|\n|poke|p2|Calyrex-Shadow, L50|\n|teampreview|4\nMVPHEE has agreed to open team sheets.\n|inactive|Battle timer is ON: inactive players will automatically lose when time's up. (requested by MVPHEE)\n|\n|t:|1773490162\n|teamsize|p1|4\n|teamsize|p2|4\n|start\n|switch|p1a: Calyrex|Calyrex-Ice, L50|100/100\n|switch|p1b: Grimmsnarl|Grimmsnarl, L50, M|100/100\n|switch|p2a: Ogerpon|Ogerpon-Hearthflame, L50, F|100/100\n|switch|p2b: Calyrex|Calyrex-Shadow, L50|100/100\n|-ability|p2b: Calyrex|As One\n|-ability|p2b: Calyrex|Unnerve\n|-ability|p1a: Calyrex|As One\n|-ability|p1a: Calyrex|Unnerve\n|-ability|p2a: Ogerpon|Mold Breaker\n|turn|1\n|\n|t:|1773490172\n|-terastallize|p1a: Calyrex|Grass\n|move|p1b: Grimmsnarl|Light Screen|p1b: Grimmsnarl\n|-sidestart|p1: MVPHEE|move: Light Screen\n|move|p2b: Calyrex|Astral Barrage|p1a: Calyrex|[spread] p1a,p1b\n|-resisted|p1b: Grimmsnarl\n|-damage|p1a: Calyrex|71/100\n|-damage|p1b: Grimmsnarl|80/100\n|-damage|p2b: Calyrex|91/100|[from] item: Life Orb\n|move|p2a: Ogerpon|Ivy Cudgel|p1b: Grimmsnarl|[anim] Ivy Cudgel Fire\n|-damage|p1b: Grimmsnarl|25/100\n|move|p1a: Calyrex|Trick Room|p1a: Calyrex\n|-fieldstart|move: Trick Room|[of] p1a: Calyrex\n|\n|-heal|p1a: Calyrex|76/100|[from] item: Leftovers\n|upkeep\n|turn|2\n|\n|t:|1773490195\n|move|p1b: Grimmsnarl|Reflect|p1b: Grimmsnarl\n|-sidestart|p1: MVPHEE|Reflect\n|move|p1a: Calyrex|Glacial Lance|p2b: Calyrex|[spread] p2a,p2b\n|-damage|p2a: Ogerpon|56/100\n|-damage|p2b: Calyrex|37/100\n|move|p2a: Ogerpon|Ivy Cudgel|p1a: Calyrex|[anim] Ivy Cudgel Fire\n|-supereffective|p1a: Calyrex\n|-damage|p1a: Calyrex|41/100\n|move|p2b: Calyrex|Astral Barrage|p1a: Calyrex|[spread] p1a,p1b\n|-resisted|p1b: Grimmsnarl\n|-damage|p1a: Calyrex|11/100\n|-damage|p1b: Grimmsnarl|4/100\n|-damage|p2b: Calyrex|28/100|[from] item: Life Orb\n|\n|-heal|p1a: Calyrex|17/100|[from] item: Leftovers\n|upkeep\n|turn|3\n|\n|t:|1773490216\n|switch|p2b: Zamazenta|Zamazenta-Crowned, L50|100/100\n|-ability|p2b: Zamazenta|Dauntless Shield|boost\n|-boost|p2b: Zamazenta|def|1\n|move|p1a: Calyrex|Protect|p1a: Calyrex\n|-singleturn|p1a: Calyrex|Protect\n|move|p2a: Ogerpon|Spiky Shield|p2a: Ogerpon\n|-singleturn|p2a: Ogerpon|move: Protect\n|move|p1b: Grimmsnarl|Spirit Break|p2a: Ogerpon\n|-activate|p2a: Ogerpon|move: Protect\n|-damage|p1b: Grimmsnarl|0 fnt|[from] Spiky Shield|[of] p2a: Ogerpon\n|faint|p1b: Grimmsnarl\n|\n|-heal|p1a: Calyrex|23/100|[from] item: Leftovers\n|upkeep\n|\n|t:|1773490225\n|switch|p1b: Kyogre|Kyogre, L50|100/100\n|-weather|RainDance|[from] ability: Drizzle|[of] p1b: Kyogre\n|turn|4\n|\n|t:|1773490230\n|move|p2b: Zamazenta|Wide Guard|p2b: Zamazenta\n|-singleturn|p2b: Zamazenta|Wide Guard\n|move|p1a: Calyrex|Leech Seed|p2b: Zamazenta\n|-start|p2b: Zamazenta|move: Leech Seed\n|move|p2a: Ogerpon|Ivy Cudgel|p1a: Calyrex|[anim] Ivy Cudgel Fire\n|-supereffective|p1a: Calyrex\n|-crit|p1a: Calyrex\n|-damage|p1a: Calyrex|0 fnt\n|faint|p1a: Calyrex\n|move|p1b: Kyogre|Hydro Pump|p2a: Ogerpon\n|-damage|p2a: Ogerpon|0 fnt\n|faint|p2a: Ogerpon\n|\n|-weather|RainDance|[upkeep]\n|upkeep\n|\n|t:|1773490241\n|switch|p1a: Basculegion|Basculegion, L50, M|100/100\n|switch|p2a: Raging Bolt|Raging Bolt, L50|100/100\n|-enditem|p2a: Raging Bolt|Booster Energy\n|-activate|p2a: Raging Bolt|ability: Protosynthesis|[fromitem]\n|-start|p2a: Raging Bolt|protosynthesisspa\n|turn|5\n|\n|t:|1773490254\n|-terastallize|p2b: Zamazenta|Dragon\n|move|p1a: Basculegion|Protect|p1a: Basculegion\n|-singleturn|p1a: Basculegion|Protect\n|move|p2a: Raging Bolt|Thunderbolt|p1a: Basculegion\n|-activate|p1a: Basculegion|move: Protect\n|move|p1b: Kyogre|Hydro Pump|p2b: Zamazenta\n|-resisted|p2b: Zamazenta\n|-crit|p2b: Zamazenta\n|-damage|p2b: Zamazenta|32/100\n|move|p2b: Zamazenta|Body Press|p1b: Kyogre\n|-damage|p1b: Kyogre|54/100\n|\n|-weather|RainDance|[upkeep]\n|-damage|p2b: Zamazenta|19/100|[from] Leech Seed|[of] p1a: Basculegion\n|-fieldend|move: Trick Room\n|upkeep\n|turn|6\n|inactive|PATRIOTS_VG has 30 seconds left.\n|\n|t:|1773490284\n|move|p2a: Raging Bolt|Thunderclap|p1b: Kyogre\n|-supereffective|p1b: Kyogre\n|-damage|p1b: Kyogre|5/100\n|move|p1a: Basculegion|Last Respects|p2a: Raging Bolt\n|-damage|p2a: Raging Bolt|24/100\n|-damage|p1a: Basculegion|91/100|[from] item: Life Orb\n|move|p2b: Zamazenta|Body Press|p1b: Kyogre\n|-damage|p1b: Kyogre|0 fnt\n|faint|p1b: Kyogre\n|\n|-weather|RainDance|[upkeep]\n|-damage|p2b: Zamazenta|7/100|[from] Leech Seed|[of] p1a: Basculegion\n|-heal|p1a: Basculegion|100/100|[silent]\n|upkeep\n|turn|7\n|\n|t:|1773490296\n|move|p2a: Raging Bolt|Protect|p2a: Raging Bolt\n|-singleturn|p2a: Raging Bolt|Protect\n|move|p1a: Basculegion|Aqua Jet|p2a: Raging Bolt\n|-activate|p2a: Raging Bolt|move: Protect\n|move|p2b: Zamazenta|Heavy Slam|p1a: Basculegion\n|-resisted|p1a: Basculegion\n|-damage|p1a: Basculegion|81/100\n|\n|-weather|RainDance|[upkeep]\n|-damage|p2b: Zamazenta|0 fnt|[from] Leech Seed|[of] p1a: Basculegion\n|-heal|p1a: Basculegion|87/100|[silent]\n|faint|p2b: Zamazenta\n|upkeep\n|\n|t:|1773490301\n|switch|p2b: Calyrex|Calyrex-Shadow, L50|28/100\n|-ability|p2b: Calyrex|As One\n|-ability|p2b: Calyrex|Unnerve\n|turn|8\n|\n|t:|1773490320\n|move|p1a: Basculegion|Last Respects|p2b: Calyrex\n|-supereffective|p2b: Calyrex\n|-damage|p2b: Calyrex|0 fnt\n|faint|p2b: Calyrex\n|-damage|p1a: Basculegion|77/100|[from] item: Life Orb\n|move|p2a: Raging Bolt|Thunderbolt|p1a: Basculegion\n|-supereffective|p1a: Basculegion\n|-damage|p1a: Basculegion|0 fnt\n|faint|p1a: Basculegion\n|\n|win|PATRIOTS_VG\n|raw|MVPHEE's rating: 1398 &rarr; <strong>1383</strong><br />(-15 for losing)\n|raw|PATRIOTS_VG's rating: 1489 &rarr; <strong>1504</strong><br />(+15 for winning)\n|l|\u2606MVPHEE\n|player|p1|\n|l|\u2606PATRIOTS_VG\n|player|p2|\n","uploadtime":1773490576,"views":17,"formatid":"gen9vgc2026regi","rating":1383,"private":0,"password":null}