{"id":"gen9vgc2026regi-2580100455","format":"[Gen 9] VGC 2026 Reg I","players":["Phosfire","Harry Koekenpan"],"log":"|j|\u2606Phosfire\n|j|\u2606Harry Koekenpan\n|t:|1775854172\n|gametype|doubles\n|player|p1|Phosfire|265|1362\n|player|p2|Harry Koekenpan|2|1356\n|gen|9\n|tier|[Gen 9] VGC 2026 Reg I\n|rated|\n|rule|Species Clause: Limit one of each Pok\u00e9mon\n|rule|Item Clause: Limit 1 of each item\n|clearpoke\n|poke|p1|Calyrex-Shadow, L50|\n|poke|p1|Zamazenta-*, L50|\n|poke|p1|Chien-Pao, L50|\n|poke|p1|Dragonite, L50, F|\n|poke|p1|Amoonguss, L50, F|\n|poke|p1|Ogerpon-Cornerstone, L50, F|\n|poke|p2|Weezing-Galar, L50, F|\n|poke|p2|Calyrex-Shadow, L50|\n|poke|p2|Regigigas, L50|\n|poke|p2|Koraidon, L50|\n|poke|p2|Chi-Yu, L50|\n|poke|p2|Jumpluff, L50, M|\n|teampreview|4\n|inactive|Battle timer is ON: inactive players will automatically lose when time's up. (requested by Phosfire)\n|inactive|Phosfire has 60 seconds left.\n|\n|t:|1775854214\n|teamsize|p1|4\n|teamsize|p2|4\n|start\n|switch|p1a: Calyrex|Calyrex-Shadow, L50|100/100\n|switch|p1b: Amoonguss|Amoonguss, L50, F|100/100\n|switch|p2a: Koraidon|Koraidon, L50|100/100\n|switch|p2b: Jumpluff|Jumpluff, L50, M|100/100\n|-ability|p1a: Calyrex|As One\n|-ability|p1a: Calyrex|Unnerve\n|-weather|SunnyDay|[from] ability: Orichalcum Pulse|[of] p2a: Koraidon\n|-activate|p2a: Koraidon|Orichalcum Pulse|[source]\n|turn|1\n|inactive|Harry Koekenpan has 30 seconds left.\n|inactive|Harry Koekenpan has 20 seconds left.\n|\n|t:|1775854251\n|-terastallize|p2a: Koraidon|Fire\n|-terastallize|p1b: Amoonguss|Fire\n|move|p2b: Jumpluff|Sleep Powder|p1a: Calyrex\n|-status|p1a: Calyrex|slp|[from] move: Sleep Powder\n|cant|p1a: Calyrex|slp\n|move|p2a: Koraidon|Flare Blitz|p1b: Amoonguss\n|-resisted|p1b: Amoonguss\n|-damage|p1b: Amoonguss|41/100\n|-damage|p2a: Koraidon|84/100|[from] item: Rocky Helmet|[of] p1b: Amoonguss\n|-damage|p2a: Koraidon|60/100|[from] Recoil\n|move|p1b: Amoonguss|Spore|p2a: Koraidon\n|-status|p2a: Koraidon|slp|[from] move: Spore\n|\n|-weather|SunnyDay|[upkeep]\n|upkeep\n|turn|2\n|inactive|Phosfire has 30 seconds left.\n|inactive|Harry Koekenpan has 30 seconds left.\n|\n|t:|1775854281\n|switch|p1a: Zamazenta|Zamazenta-Crowned, L50|100/100\n|-ability|p1a: Zamazenta|Dauntless Shield|boost\n|-boost|p1a: Zamazenta|def|1\n|switch|p1b: Chien-Pao|Chien-Pao, L50|100/100\n|-ability|p1b: Chien-Pao|Sword of Ruin\n|cant|p2a: Koraidon|slp\n|move|p2b: Jumpluff|Tailwind|p2b: Jumpluff\n|-sidestart|p2: Harry Koekenpan|move: Tailwind\n|\n|-weather|SunnyDay|[upkeep]\n|upkeep\n|turn|3\n|\n|t:|1775854305\n|move|p1b: Chien-Pao|Ice Shard|p2b: Jumpluff\n|-supereffective|p2b: Jumpluff\n|-damage|p2b: Jumpluff|0 fnt\n|faint|p2b: Jumpluff\n|-curestatus|p2a: Koraidon|slp|[msg]\n|move|p2a: Koraidon|Flare Blitz|p1a: Zamazenta\n|-supereffective|p1a: Zamazenta\n|-damage|p1a: Zamazenta|0 fnt\n|faint|p1a: Zamazenta\n|-damage|p2a: Koraidon|23/100|[from] Recoil\n|\n|-weather|SunnyDay|[upkeep]\n|upkeep\n|j| oherrodersir\n|\n|t:|1775854322\n|switch|p2b: Chi-Yu|Chi-Yu, L50|100/100\n|switch|p1a: Amoonguss|Amoonguss, L50, F, tera:Fire|74/100\n|-ability|p2b: Chi-Yu|Beads of Ruin\n|turn|4\n|\n|t:|1775854330\n|move|p1b: Chien-Pao|Sucker Punch|p2a: Koraidon\n|-damage|p2a: Koraidon|0 fnt\n|faint|p2a: Koraidon\n|move|p2b: Chi-Yu|Heat Wave|p1a: Amoonguss|[spread] p1b\n|-miss|p2b: Chi-Yu|p1a: Amoonguss\n|-supereffective|p1b: Chien-Pao\n|-damage|p1b: Chien-Pao|0 fnt\n|faint|p1b: Chien-Pao\n|move|p1a: Amoonguss|Spore|p2b: Chi-Yu\n|-status|p2b: Chi-Yu|slp|[from] move: Spore\n|\n|-weather|SunnyDay|[upkeep]\n|upkeep\n|\n|t:|1775854340\n|switch|p1b: Calyrex|Calyrex-Shadow, L50|100/100 slp\n|switch|p2a: Calyrex|Calyrex-Shadow, L50|100/100\n|-ability|p2a: Calyrex|As One\n|-ability|p2a: Calyrex|Unnerve\n|-ability|p1b: Calyrex|As One\n|-ability|p1b: Calyrex|Unnerve\n|turn|5\n|\n|t:|1775854357\n|move|p1a: Amoonguss|Protect|p1a: Amoonguss\n|-singleturn|p1a: Amoonguss|Protect\n|move|p2a: Calyrex|Astral Barrage|p1b: Calyrex|[spread] p1b\n|-activate|p1a: Amoonguss|move: Protect\n|-supereffective|p1b: Calyrex\n|-enditem|p1b: Calyrex|Focus Sash\n|-damage|p1b: Calyrex|1/100 slp\n|-damage|p2a: Calyrex|91/100|[from] item: Life Orb\n|cant|p2b: Chi-Yu|slp\n|-curestatus|p1b: Calyrex|slp|[msg]\n|move|p1b: Calyrex|Astral Barrage|p2a: Calyrex|[spread] p2a,p2b\n|-supereffective|p2a: Calyrex\n|-resisted|p2b: Chi-Yu\n|-damage|p2a: Calyrex|0 fnt\n|-damage|p2b: Chi-Yu|69/100 slp\n|faint|p2a: Calyrex\n|-ability|p1b: Calyrex|Grim Neigh|boost\n|-boost|p1b: Calyrex|spa|1\n|\n|-weather|none\n|-sideend|p2: Harry Koekenpan|move: Tailwind\n|upkeep\n|turn|6\n|\n|t:|1775854380\n|move|p1b: Calyrex|Astral Barrage|p2b: Chi-Yu\n|-resisted|p2b: Chi-Yu\n|-damage|p2b: Chi-Yu|5/100 slp\n|cant|p2b: Chi-Yu|slp\n|move|p1a: Amoonguss|Sludge Bomb|p2b: Chi-Yu\n|-damage|p2b: Chi-Yu|0 fnt\n|faint|p2b: Chi-Yu\n|\n|win|Phosfire\n|raw|Phosfire's rating: 1362 &rarr; <strong>1382</strong><br />(+20 for winning)\n|raw|Harry Koekenpan's rating: 1356 &rarr; <strong>1336</strong><br />(-20 for losing)\n|l|\u2606Phosfire\n|player|p1|\n|l|\u2606Harry Koekenpan\n|player|p2|\n","uploadtime":1775854605,"views":10,"formatid":"gen9vgc2026regi","rating":1336,"private":0,"password":null}