{"id":"gen9vgc2026regi-2582277347","format":"[Gen 9] VGC 2026 Reg I","players":["chardoub","sunny_zong2"],"log":"|j|\u2606chardoub\n|j|\u2606sunny_zong2\n|t:|1776079005\n|gametype|doubles\n|player|p1|chardoub|266|1374\n|player|p2|sunny_zong2|102|1405\n|gen|9\n|tier|[Gen 9] VGC 2026 Reg I\n|rated|\n|rule|Species Clause: Limit one of each Pok\u00e9mon\n|rule|Item Clause: Limit 1 of each item\n|clearpoke\n|poke|p1|Koraidon, L50|\n|poke|p1|Lunala, L50|\n|poke|p1|Ursaluna, L50, F|\n|poke|p1|Grimmsnarl, L50, M|\n|poke|p1|Flutter Mane, L50|\n|poke|p1|Ogerpon-Wellspring, L50, F|\n|poke|p2|Muk-Alola, L50, F|\n|poke|p2|Flamigo, L50, F|\n|poke|p2|Miraidon, L50|\n|poke|p2|Calyrex-Shadow, L50|\n|poke|p2|Indeedee, L50, M|\n|poke|p2|Smeargle, L50, M|\n|teampreview|4\n|inactive|Battle timer is ON: inactive players will automatically lose when time's up. (requested by sunny_zong2)\n|inactive|sunny_zong2 has 60 seconds left.\n|\n|t:|1776079040\n|teamsize|p1|4\n|teamsize|p2|4\n|start\n|switch|p1a: Lunala|Lunala, L50|100/100\n|switch|p1b: Grimmsnarl|Grimmsnarl, L50, M|100/100\n|switch|p2a: Smeargle|Smeargle, L50, M|100/100\n|switch|p2b: Calyrex|Calyrex-Shadow, L50|100/100\n|-ability|p2b: Calyrex|As One\n|-ability|p2b: Calyrex|Unnerve\n|turn|1\n|\n|t:|1776079059\n|switch|p2b: Muk|Muk-Alola, L50, F|100/100\n|move|p1b: Grimmsnarl|Fake Out|p2a: Smeargle\n|-crit|p2a: Smeargle\n|-damage|p2a: Smeargle|31/100\n|cant|p2a: Smeargle|flinch\n|move|p1a: Lunala|Trick Room|p1a: Lunala\n|-fieldstart|move: Trick Room|[of] p1a: Lunala\n|\n|-ability|p2a: Smeargle|Moody|boost\n|-boost|p2a: Smeargle|spd|2\n|-unboost|p2a: Smeargle|atk|1\n|upkeep\n|turn|2\n|\n|t:|1776079078\n|move|p1b: Grimmsnarl|Taunt|p2a: Smeargle\n|-start|p2a: Smeargle|move: Taunt\n|move|p2b: Muk|Minimize|p2b: Muk\n|-boost|p2b: Muk|evasion|2\n|cant|p2a: Smeargle|move: Taunt|Spore\n|move|p1a: Lunala|Meteor Beam||[still]\n|-prepare|p1a: Lunala|Meteor Beam\n|-boost|p1a: Lunala|spa|1\n|-enditem|p1a: Lunala|Power Herb\n|-anim|p1a: Lunala|Meteor Beam|p2b: Muk|[miss]\n|-miss|p1a: Lunala|p2b: Muk\n|\n|-ability|p2a: Smeargle|Moody|boost\n|-boost|p2a: Smeargle|spe|2\n|-unboost|p2a: Smeargle|spa|1\n|upkeep\n|turn|3\n|\n|t:|1776079101\n|switch|p1b: Ursaluna|Ursaluna, L50, F|100/100\n|move|p2b: Muk|Minimize|p2b: Muk\n|-boost|p2b: Muk|evasion|2\n|move|p1a: Lunala|Moongeist Beam|p2b: Muk|[miss]\n|-miss|p1a: Lunala|p2b: Muk\n|-activate|p2a: Smeargle|move: Struggle\n|move|p2a: Smeargle|Struggle|p1b: Ursaluna\n|-damage|p1b: Ursaluna|99/100\n|-damage|p2a: Smeargle|6/100|[from] recoil\n|\n|-status|p1b: Ursaluna|brn|[from] item: Flame Orb\n|-ability|p2a: Smeargle|Moody|boost\n|-boost|p2a: Smeargle|spa|2\n|-unboost|p2a: Smeargle|atk|1\n|upkeep\n|turn|4\n|\n|t:|1776079120\n|move|p2b: Muk|Protect|p2b: Muk\n|-singleturn|p2b: Muk|Protect\n|move|p1b: Ursaluna|Facade|p2b: Muk\n|-activate|p2b: Muk|move: Protect\n|move|p1a: Lunala|Moongeist Beam|p2b: Muk\n|-activate|p2b: Muk|move: Protect\n|-activate|p2a: Smeargle|move: Struggle\n|move|p2a: Smeargle|Struggle|p1a: Lunala\n|-damage|p1a: Lunala|99/100\n|-damage|p2a: Smeargle|0 fnt|[from] recoil\n|faint|p2a: Smeargle\n|-ability|p2b: Muk|Moody|Power of Alchemy|[from] ability: Power of Alchemy|[of] p2a: Smeargle\n|\n|-damage|p1b: Ursaluna|93/100 brn|[from] brn\n|-ability|p2b: Muk|Moody|boost\n|-boost|p2b: Muk|spd|2\n|-unboost|p2b: Muk|spe|1\n|upkeep\n|\n|t:|1776079126\n|switch|p2a: Calyrex|Calyrex-Shadow, L50|100/100\n|-ability|p2a: Calyrex|As One\n|-ability|p2a: Calyrex|Unnerve\n|turn|5\n|inactive|sunny_zong2 has 30 seconds left.\n|inactive|chardoub has 30 seconds left.\n|\n|t:|1776079158\n|-terastallize|p2b: Muk|Water\n|move|p2b: Muk|Minimize|p2b: Muk\n|-boost|p2b: Muk|evasion|2\n|move|p1b: Ursaluna|Facade|p2b: Muk|[miss]\n|-miss|p1b: Ursaluna|p2b: Muk\n|move|p1a: Lunala|Moongeist Beam|p2a: Calyrex\n|-supereffective|p2a: Calyrex\n|-damage|p2a: Calyrex|0 fnt\n|faint|p2a: Calyrex\n|\n|-damage|p1b: Ursaluna|87/100 brn|[from] brn\n|-fieldend|move: Trick Room\n|-ability|p2b: Muk|Moody|boost\n|-boost|p2b: Muk|spd|2\n|-unboost|p2b: Muk|spa|1\n|upkeep\n|\n|t:|1776079160\n|switch|p2a: Flamigo|Flamigo, L50, F|100/100\n|-copyboost|p2a: Flamigo|p2b: Muk|[from] ability: Costar\n|-enditem|p2a: Flamigo|White Herb\n|-clearnegativeboost|p2a: Flamigo|[silent]\n|turn|6\n|\n|t:|1776079181\n|move|p1b: Ursaluna|Protect|p1b: Ursaluna\n|-singleturn|p1b: Ursaluna|Protect\n|move|p2a: Flamigo|Substitute|p2a: Flamigo\n|-start|p2a: Flamigo|Substitute\n|-damage|p2a: Flamigo|76/100\n|move|p2b: Muk|Poison Jab|p1a: Lunala\n|-resisted|p1a: Lunala\n|-damage|p1a: Lunala|86/100\n|move|p1a: Lunala|Trick Room|p1a: Lunala\n|-fieldstart|move: Trick Room|[of] p1a: Lunala\n|\n|-damage|p1b: Ursaluna|82/100 brn|[from] brn\n|-ability|p2b: Muk|Moody|boost\n|-boost|p2b: Muk|spd|2\n|-unboost|p2b: Muk|def|1\n|upkeep\n|turn|7\n|\n|t:|1776079198\n|move|p2b: Muk|Poison Jab|p1a: Lunala\n|-resisted|p1a: Lunala\n|-crit|p1a: Lunala\n|-damage|p1a: Lunala|67/100\n|move|p1b: Ursaluna|Facade|p2a: Flamigo\n|-end|p2a: Flamigo|Substitute\n|move|p1a: Lunala|Moongeist Beam|p2a: Flamigo|[miss]\n|-miss|p1a: Lunala|p2a: Flamigo\n|move|p2a: Flamigo|Close Combat|p1b: Ursaluna\n|-supereffective|p1b: Ursaluna\n|-damage|p1b: Ursaluna|0 fnt\n|-unboost|p2a: Flamigo|def|1\n|-unboost|p2a: Flamigo|spd|1\n|faint|p1b: Ursaluna\n|\n|-ability|p2b: Muk|Moody|boost\n|-boost|p2b: Muk|atk|2\n|-unboost|p2b: Muk|spd|1\n|upkeep\n|inactive|chardoub has 30 seconds left.\n|\n|t:|1776079229\n|switch|p1b: Grimmsnarl|Grimmsnarl, L50, M|100/100\n|turn|8\n|\n|t:|1776079235\n|move|p2b: Muk|Protect|p2b: Muk\n|-singleturn|p2b: Muk|Protect\n|move|p1b: Grimmsnarl|Spirit Break|p2a: Flamigo|[miss]\n|-miss|p1b: Grimmsnarl|p2a: Flamigo\n|move|p1a: Lunala|Moongeist Beam|p2a: Flamigo|[miss]\n|-miss|p1a: Lunala|p2a: Flamigo\n|move|p2a: Flamigo|Substitute|p2a: Flamigo\n|-start|p2a: Flamigo|Substitute\n|-damage|p2a: Flamigo|51/100\n|\n|-ability|p2b: Muk|Moody|boost\n|-boost|p2b: Muk|def|2\n|-unboost|p2b: Muk|spa|1\n|upkeep\n|turn|9\n|\n|t:|1776079254\n|move|p2b: Muk|Poison Jab|p1b: Grimmsnarl\n|-supereffective|p1b: Grimmsnarl\n|-damage|p1b: Grimmsnarl|0 fnt\n|faint|p1b: Grimmsnarl\n|move|p1a: Lunala|Moongeist Beam|p2a: Flamigo\n|-end|p2a: Flamigo|Substitute\n|move|p2a: Flamigo|Roost|p2a: Flamigo\n|-heal|p2a: Flamigo|100/100\n|-singleturn|p2a: Flamigo|move: Roost\n|\n|-ability|p2b: Muk|Moody|boost\n|-boost|p2b: Muk|spa|2\n|-unboost|p2b: Muk|spe|1\n|upkeep\n|\n|t:|1776079269\n|switch|p1b: Koraidon|Koraidon, L50|100/100\n|-weather|SunnyDay|[from] ability: Orichalcum Pulse|[of] p1b: Koraidon\n|-activate|p1b: Koraidon|Orichalcum Pulse|[source]\n|turn|10\n|\n|t:|1776079280\n|move|p2b: Muk|Poison Jab|p1b: Koraidon\n|-damage|p1b: Koraidon|45/100\n|move|p1a: Lunala|Moongeist Beam|p2a: Flamigo\n|-damage|p2a: Flamigo|44/100\n|move|p2a: Flamigo|Brave Bird|p1b: Koraidon\n|-supereffective|p1b: Koraidon\n|-damage|p1b: Koraidon|0 fnt\n|faint|p1b: Koraidon\n|-damage|p2a: Flamigo|28/100|[from] Recoil\n|\n|-weather|SunnyDay|[upkeep]\n|-fieldend|move: Trick Room\n|-ability|p2b: Muk|Moody|boost\n|-boost|p2b: Muk|spa|2\n|-unboost|p2b: Muk|atk|1\n|upkeep\n|turn|11\n|\n|t:|1776079299\n|move|p2a: Flamigo|Roost|p2a: Flamigo\n|-heal|p2a: Flamigo|78/100\n|-singleturn|p2a: Flamigo|move: Roost\n|move|p1a: Lunala|Moongeist Beam|p2a: Flamigo|[miss]\n|-miss|p1a: Lunala|p2a: Flamigo\n|move|p2b: Muk|Poison Jab|p1a: Lunala\n|-resisted|p1a: Lunala\n|-damage|p1a: Lunala|45/100\n|\n|-weather|SunnyDay|[upkeep]\n|-ability|p2b: Muk|Moody|boost\n|-boost|p2b: Muk|spd|1\n|-unboost|p2b: Muk|def|1\n|upkeep\n|turn|12\n|\n|t:|1776079317\n|move|p2a: Flamigo|Brave Bird|p1a: Lunala\n|-damage|p1a: Lunala|0 fnt\n|faint|p1a: Lunala\n|-damage|p2a: Flamigo|58/100|[from] Recoil\n|\n|win|sunny_zong2\n|raw|chardoub's rating: 1374 &rarr; <strong>1356</strong><br />(-18 for losing)\n|raw|sunny_zong2's rating: 1405 &rarr; <strong>1423</strong><br />(+18 for winning)\n|l|\u2606chardoub\n|player|p1|\n|l|\u2606sunny_zong2\n|player|p2|\n","uploadtime":1776079589,"views":9,"formatid":"gen9vgc2026regi","rating":1356,"private":0,"password":null}