{"id":"gen9vgc2026regi-2560897435","format":"[Gen 9] VGC 2026 Reg I","players":["Nahro1001","dankkiwiii"],"log":"|j|\u2606Nahro1001\n|j|\u2606dankkiwiii\n|t:|1773744497\n|gametype|doubles\n|player|p1|Nahro1001|101|1362\n|player|p2|dankkiwiii|lucas|1257\n|gen|9\n|tier|[Gen 9] VGC 2026 Reg I\n|rated|\n|rule|Species Clause: Limit one of each Pok\u00e9mon\n|rule|Item Clause: Limit 1 of each item\n|clearpoke\n|poke|p1|Zamazenta-*, L50|\n|poke|p1|Chien-Pao, L50|\n|poke|p1|Miraidon, L50|\n|poke|p1|Whimsicott, L50, F|\n|poke|p1|Iron Hands, L50|\n|poke|p1|Volcarona, L50, F|\n|poke|p2|Iron Treads, L50|\n|poke|p2|Clodsire, L50, F|\n|poke|p2|Ho-Oh, L50|\n|poke|p2|Koraidon, L50|\n|poke|p2|Sableye, L50, F|\n|poke|p2|Flutter Mane, L50|\n|teampreview|4\n|inactive|Battle timer is ON: inactive players will automatically lose when time's up. (requested by Nahro1001)\n|\n|t:|1773744556\n|teamsize|p1|4\n|teamsize|p2|4\n|start\n|switch|p1a: Miranda|Miraidon, L50, shiny|100/100\n|switch|p1b: Chien-Paolo|Chien-Pao, L50, shiny|100/100\n|switch|p2a: Iron Treads|Iron Treads, L50|100/100\n|switch|p2b: Clodsire|Clodsire, L50, F|100/100\n|-ability|p1b: Chien-Paolo|Sword of Ruin\n|-fieldstart|move: Electric Terrain|[from] ability: Hadron Engine|[of] p1a: Miranda\n|-activate|p2a: Iron Treads|ability: Quark Drive\n|-start|p2a: Iron Treads|quarkdrivespe\n|turn|1\n|inactive|Nahro1001 has 30 seconds left.\n|\n|t:|1773744582\n|switch|p1a: Iron Hands|Iron Hands, L50, shiny|100/100\n|-activate|p1a: Iron Hands|ability: Quark Drive\n|-start|p1a: Iron Hands|quarkdriveatk\n|move|p2a: Iron Treads|Steel Roller|p1b: Chien-Paolo\n|-supereffective|p1b: Chien-Paolo\n|-enditem|p1b: Chien-Paolo|Focus Sash\n|-damage|p1b: Chien-Paolo|1/100\n|-fieldend|move: Electric Terrain\n|-end|p2a: Iron Treads|Quark Drive\n|-end|p1a: Iron Hands|Quark Drive\n|move|p1b: Chien-Paolo|Icicle Crash|p2b: Clodsire\n|-supereffective|p2b: Clodsire\n|-damage|p2b: Clodsire|0 fnt\n|faint|p2b: Clodsire\n|\n|upkeep\n|\n|t:|1773744606\n|switch|p2b: Ho-Oh|Ho-Oh, L50|100/100\n|turn|2\n|inactive|Nahro1001 has 30 seconds left.\n|\n|t:|1773744632\n|move|p2b: Ho-Oh|Protect|p2b: Ho-Oh\n|-singleturn|p2b: Ho-Oh|Protect\n|move|p1a: Iron Hands|Fake Out|p2a: Iron Treads\n|-resisted|p2a: Iron Treads\n|-damage|p2a: Iron Treads|91/100\n|move|p1b: Chien-Paolo|Icicle Crash|p2b: Ho-Oh\n|-activate|p2b: Ho-Oh|move: Protect\n|cant|p2a: Iron Treads|flinch\n|\n|upkeep\n|turn|3\n|inactive|dankkiwiii has 30 seconds left.\n|\n|t:|1773744661\n|move|p1b: Chien-Paolo|Icicle Crash|p2b: Ho-Oh\n|-damage|p2b: Ho-Oh|60/100\n|move|p2a: Iron Treads|High Horsepower|p1a: Iron Hands\n|-supereffective|p1a: Iron Hands\n|-damage|p1a: Iron Hands|27/100\n|move|p2b: Ho-Oh|Tailwind|p2b: Ho-Oh\n|-sidestart|p2: dankkiwiii|move: Tailwind\n|move|p1a: Iron Hands|Wild Charge|p2b: Ho-Oh\n|-supereffective|p2b: Ho-Oh\n|-damage|p2b: Ho-Oh|0 fnt\n|faint|p2b: Ho-Oh\n|-damage|p1a: Iron Hands|15/100|[from] Recoil\n|\n|upkeep\n|\n|t:|1773744673\n|switch|p2b: Koraidon|Koraidon, L50|100/100\n|-weather|SunnyDay|[from] ability: Orichalcum Pulse|[of] p2b: Koraidon\n|-activate|p2b: Koraidon|Orichalcum Pulse|[source]\n|turn|4\n|\n|t:|1773744692\n|-terastallize|p2b: Koraidon|Fire\n|move|p1b: Chien-Paolo|Protect|p1b: Chien-Paolo\n|-singleturn|p1b: Chien-Paolo|Protect\n|move|p2b: Koraidon|Flame Charge|p1a: Iron Hands\n|-damage|p1a: Iron Hands|0 fnt\n|-boost|p2b: Koraidon|spe|1\n|faint|p1a: Iron Hands\n|-end|p1a: Iron Hands|Quark Drive|[silent]\n|move|p2a: Iron Treads|High Horsepower|p1b: Chien-Paolo\n|-activate|p1b: Chien-Paolo|move: Protect\n|\n|-weather|SunnyDay|[upkeep]\n|upkeep\n|\n|t:|1773744704\n|switch|p1a: Zamazenta|Zamazenta-Crowned, L50, shiny|100/100\n|-ability|p1a: Zamazenta|Dauntless Shield|boost\n|-boost|p1a: Zamazenta|def|1\n|turn|5\n|inactive|Nahro1001 has 30 seconds left.\n|\n|t:|1773744732\n|-terastallize|p1a: Zamazenta|Water\n|move|p1b: Chien-Paolo|Sucker Punch|p2b: Koraidon\n|-damage|p2b: Koraidon|56/100\n|move|p2b: Koraidon|Flare Blitz|p1a: Zamazenta\n|-resisted|p1a: Zamazenta\n|-damage|p1a: Zamazenta|68/100\n|-status|p1a: Zamazenta|brn\n|-damage|p2b: Koraidon|45/100|[from] Recoil\n|move|p2a: Iron Treads|High Horsepower|p1b: Chien-Paolo\n|-damage|p1b: Chien-Paolo|0 fnt\n|faint|p1b: Chien-Paolo\n|move|p1a: Zamazenta|Body Press|p2a: Iron Treads\n|-supereffective|p2a: Iron Treads\n|-damage|p2a: Iron Treads|18/100\n|\n|-weather|SunnyDay|[upkeep]\n|-damage|p1a: Zamazenta|62/100 brn|[from] brn\n|upkeep\n|\n|t:|1773744748\n|switch|p1b: Miranda|Miraidon, L50, shiny|100/100\n|-fieldstart|move: Electric Terrain|[from] ability: Hadron Engine|[of] p1b: Miranda\n|-activate|p2a: Iron Treads|ability: Quark Drive\n|-start|p2a: Iron Treads|quarkdrivespe\n|turn|6\n|inactive|dankkiwiii has 30 seconds left.\n|\n|t:|1773744776\n|move|p2b: Koraidon|Close Combat|p1b: Miranda\n|-crit|p1b: Miranda\n|-damage|p1b: Miranda|0 fnt\n|-unboost|p2b: Koraidon|def|1\n|-unboost|p2b: Koraidon|spd|1\n|faint|p1b: Miranda\n|move|p2a: Iron Treads|Steel Roller|p1a: Zamazenta\n|-resisted|p1a: Zamazenta\n|-damage|p1a: Zamazenta|52/100 brn\n|-fieldend|move: Electric Terrain\n|-end|p2a: Iron Treads|Quark Drive\n|move|p1a: Zamazenta|Body Press|p2b: Koraidon\n|-damage|p2b: Koraidon|0 fnt\n|faint|p2b: Koraidon\n|\n|-weather|SunnyDay|[upkeep]\n|-damage|p1a: Zamazenta|46/100 brn|[from] brn\n|-sideend|p2: dankkiwiii|move: Tailwind\n|upkeep\n|turn|7\n|inactive|dankkiwiii has 30 seconds left.\n|\n|t:|1773744803\n|move|p2a: Iron Treads|Iron Head|p1a: Zamazenta\n|-resisted|p1a: Zamazenta\n|-damage|p1a: Zamazenta|38/100 brn\n|move|p1a: Zamazenta|Body Press|p2a: Iron Treads\n|-supereffective|p2a: Iron Treads\n|-damage|p2a: Iron Treads|0 fnt\n|faint|p2a: Iron Treads\n|-end|p2a: Iron Treads|Quark Drive|[silent]\n|\n|win|Nahro1001\n|raw|Nahro1001's rating: 1362 &rarr; <strong>1376</strong><br />(+14 for winning)\n|raw|dankkiwiii's rating: 1257 &rarr; <strong>1239</strong><br />(-18 for losing)\n|l|\u2606dankkiwiii\n|player|p2|\n|l|\u2606Nahro1001\n|player|p1|\n","uploadtime":1773744977,"views":12,"formatid":"gen9vgc2026regi","rating":1239,"private":0,"password":null}