{"id":"gen9vgc2026regi-2590939146","format":"[Gen 9] VGC 2026 Reg I","players":["jalikilmak","tontower"],"log":"|j|\u2606jalikilmak\n|j|\u2606tontower\n|t:|1776863131\n|gametype|doubles\n|player|p1|jalikilmak|2|1539\n|player|p2|tontower|ingo|1384\n|gen|9\n|tier|[Gen 9] VGC 2026 Reg I\n|rated|\n|rule|Species Clause: Limit one of each Pok\u00e9mon\n|rule|Item Clause: Limit 1 of each item\n|clearpoke\n|poke|p1|Whimsicott, L50, F|\n|poke|p1|Miraidon, L50|\n|poke|p1|Ursaluna, L50, M|\n|poke|p1|Incineroar, L50, M|\n|poke|p1|Urshifu-*, L50, F|\n|poke|p1|Lunala, L50|\n|poke|p2|Groudon, L50|\n|poke|p2|Jumpluff, L50, M|\n|poke|p2|Calyrex-Shadow, L50|\n|poke|p2|Raging Bolt, L50|\n|poke|p2|Heracross, L50, M|\n|poke|p2|Incineroar, L50, F|\n|teampreview|4\n|inactive|Battle timer is ON: inactive players will automatically lose when time's up. (requested by jalikilmak)\n|l|\u2606tontower\n|inactive|tontower disconnected and has a minute to reconnect!\n|player|p2|\n|inactive|tontower has 30 seconds to reconnect!\n|inactive|tontower has 20 seconds to reconnect!\n|inactive|tontower has 15 seconds to reconnect!\n|inactive|tontower has 10 seconds to reconnect!\n|inactive|tontower has 5 seconds to reconnect!\n|j|\u2606tontower\n|inactive|tontower reconnected and has 15 seconds left.\n|player|p2|tontower|ingo|\n|inactive|tontower has 10 seconds left.\n|inactive|tontower has 5 seconds left.\n|\n|t:|1776863238\n|teamsize|p1|4\n|teamsize|p2|4\n|start\n|switch|p1a: Miraidon|Miraidon, L50|100/100\n|switch|p1b: Lunala|Lunala, L50|100/100\n|switch|p2a: Jumpluff|Jumpluff, L50, M|100/100\n|switch|p2b: Incineroar|Incineroar, L50, F|100/100\n|-fieldstart|move: Electric Terrain|[from] ability: Hadron Engine|[of] p1a: Miraidon\n|-enditem|p1b: Lunala|Electric Seed\n|-boost|p1b: Lunala|def|1|[from] item: Electric Seed\n|-ability|p2b: Incineroar|Intimidate|boost\n|-unboost|p1a: Miraidon|atk|1\n|-unboost|p1b: Lunala|atk|1\n|turn|1\n|inactive|jalikilmak has 30 seconds left.\n|inactive|jalikilmak has 20 seconds left.\n|inactive|jalikilmak has 15 seconds left.\n|inactive|jalikilmak has 10 seconds left.\n|inactive|jalikilmak has 5 seconds left.\n|\n|t:|1776863293\n|move|p1a: Miraidon|Electro Drift|p2a: Jumpluff\n|-crit|p2a: Jumpluff\n|-damage|p2a: Jumpluff|0 fnt\n|faint|p2a: Jumpluff\n|-damage|p1a: Miraidon|91/100|[from] item: Life Orb\n|move|p1b: Lunala|Moongeist Beam|p2b: Incineroar\n|-resisted|p2b: Incineroar\n|-damage|p2b: Incineroar|72/100\n|move|p2b: Incineroar|Knock Off|p1b: Lunala\n|-supereffective|p1b: Lunala\n|-damage|p1b: Lunala|63/100\n|\n|upkeep\n|\n|t:|1776863305\n|switch|p2a: Groudon|Groudon, L50|100/100\n|-weather|SunnyDay|[from] ability: Drought|[of] p2a: Groudon\n|turn|2\n|inactive|jalikilmak has 30 seconds left.\n|inactive|jalikilmak has 20 seconds left.\n|inactive|jalikilmak has 15 seconds left.\n|inactive|jalikilmak has 10 seconds left.\n|inactive|jalikilmak has 5 seconds left.\n|\n|t:|1776863360\n|move|p1a: Miraidon|Electro Drift|p2a: Groudon\n|-immune|p2a: Groudon\n|move|p1b: Lunala|Moongeist Beam|p2a: Groudon\n|-damage|p2a: Groudon|43/100\n|move|p2a: Groudon|Heat Crash|p1b: Lunala\n|-damage|p1b: Lunala|17/100\n|move|p2b: Incineroar|Knock Off|p1b: Lunala\n|-supereffective|p1b: Lunala\n|-damage|p1b: Lunala|0 fnt\n|faint|p1b: Lunala\n|\n|-weather|SunnyDay|[upkeep]\n|-heal|p2a: Groudon|49/100|[from] item: Leftovers\n|upkeep\n|inactive|jalikilmak has 30 seconds left.\n|inactive|jalikilmak has 20 seconds left.\n|inactive|jalikilmak has 15 seconds left.\n|inactive|jalikilmak has 10 seconds left.\n|inactive|jalikilmak has 5 seconds left.\n|\n|t:|1776863415\n|switch|p1b: Ursaluna|Ursaluna, L50, M|100/100\n|turn|3\n|\n|t:|1776863439\n|move|p1b: Ursaluna|Protect|p1b: Ursaluna\n|-singleturn|p1b: Ursaluna|Protect\n|move|p1a: Miraidon|Electro Drift|p2b: Incineroar\n|-damage|p2b: Incineroar|0 fnt\n|-damage|p1a: Miraidon|74/100|[from] item: Rocky Helmet|[of] p2b: Incineroar\n|faint|p2b: Incineroar\n|-damage|p1a: Miraidon|65/100|[from] item: Life Orb\n|move|p2a: Groudon|Precipice Blades|p1a: Miraidon|[spread] p1a\n|-activate|p1b: Ursaluna|move: Protect\n|-supereffective|p1a: Miraidon\n|-damage|p1a: Miraidon|0 fnt\n|faint|p1a: Miraidon\n|\n|-weather|SunnyDay|[upkeep]\n|-heal|p2a: Groudon|55/100|[from] item: Leftovers\n|-status|p1b: Ursaluna|brn|[from] item: Flame Orb\n|upkeep\n|\n|t:|1776863455\n|switch|p1a: Incineroar|Incineroar, L50, M|100/100\n|switch|p2b: Heracross|Heracross, L50, M|100/100\n|-ability|p1a: Incineroar|Intimidate|boost\n|-unboost|p2a: Groudon|atk|1\n|-unboost|p2b: Heracross|atk|1\n|turn|4\n|\n|t:|1776863463\n|-terastallize|p1a: Incineroar|Bug\n|move|p2b: Heracross|Protect|p2b: Heracross\n|-singleturn|p2b: Heracross|Protect\n|move|p2a: Groudon|Protect|p2a: Groudon\n|-singleturn|p2a: Groudon|Protect\n|move|p1a: Incineroar|Flare Blitz|p2b: Heracross\n|-activate|p2b: Heracross|move: Protect\n|move|p1b: Ursaluna|Facade|p2a: Groudon\n|-activate|p2a: Groudon|move: Protect\n|\n|-weather|SunnyDay|[upkeep]\n|-heal|p2a: Groudon|61/100|[from] item: Leftovers\n|-damage|p1b: Ursaluna|95/100 brn|[from] brn\n|-status|p2b: Heracross|brn|[from] item: Flame Orb\n|upkeep\n|turn|5\n|\n|t:|1776863483\n|-terastallize|p2b: Heracross|Normal\n|move|p1b: Ursaluna|Protect|p1b: Ursaluna\n|-singleturn|p1b: Ursaluna|Protect\n|move|p2b: Heracross|Close Combat|p1b: Ursaluna\n|-activate|p1b: Ursaluna|move: Protect\n|move|p2a: Groudon|Heat Crash|p1a: Incineroar\n|-supereffective|p1a: Incineroar\n|-damage|p1a: Incineroar|32/100\n|move|p1a: Incineroar|Flare Blitz|p2b: Heracross\n|-damage|p2b: Heracross|0 fnt\n|faint|p2b: Heracross\n|-damage|p1a: Incineroar|6/100|[from] Recoil\n|\n|-weather|SunnyDay|[upkeep]\n|-heal|p2a: Groudon|67/100|[from] item: Leftovers\n|-damage|p1b: Ursaluna|89/100 brn|[from] brn\n|-fieldend|move: Electric Terrain\n|upkeep\n|turn|6\n|\n|t:|1776863501\n|move|p2a: Groudon|Precipice Blades|p1a: Incineroar|[spread] p1a,p1b\n|-resisted|p1a: Incineroar\n|-damage|p1a: Incineroar|0 fnt\n|-damage|p1b: Ursaluna|64/100 brn\n|faint|p1a: Incineroar\n|move|p1b: Ursaluna|Facade|p2a: Groudon\n|-damage|p2a: Groudon|0 fnt\n|faint|p2a: Groudon\n|\n|win|jalikilmak\n|raw|jalikilmak's rating: 1539 &rarr; <strong>1551</strong><br />(+12 for winning)\n|raw|tontower's rating: 1384 &rarr; <strong>1372</strong><br />(-12 for losing)\n|l|\u2606tontower\n|player|p2|\n|l|\u2606jalikilmak\n|player|p1|\n","uploadtime":1776863744,"views":10,"formatid":"gen9vgc2026regi","rating":1372,"private":0,"password":null}