{"id":"gen9vgc2026regi-2540020240","format":"[Gen 9] VGC 2026 Reg I","players":["blackred123","colombarda"],"log":"|j|\u2606blackred123\n|j|\u2606colombarda\n|t:|1771146185\n|gametype|doubles\n|player|p1|blackred123|iono-masters|1375\n|player|p2|colombarda|blaine|1343\n|gen|9\n|tier|[Gen 9] VGC 2026 Reg I\n|rated|\n|rule|Species Clause: Limit one of each Pok\u00e9mon\n|rule|Item Clause: Limit 1 of each item\n|clearpoke\n|poke|p1|Lunala, L50|\n|poke|p1|Ursaluna, L50, F|\n|poke|p1|Urshifu-*, L50, F|\n|poke|p1|Miraidon, L50|\n|poke|p1|Grimmsnarl, L50, M|\n|poke|p1|Incineroar, L50, M|\n|poke|p2|Koraidon, L50|\n|poke|p2|Lunala, L50|\n|poke|p2|Rillaboom, L50, M|\n|poke|p2|Scream Tail, L50|\n|poke|p2|Gouging Fire, L50|\n|poke|p2|Tornadus, L50, M|\n|teampreview|4\n|inactive|Battle timer is ON: inactive players will automatically lose when time's up. (requested by colombarda)\n|inactive|blackred123 also wants the timer to be on.\n|\n|t:|1771146215\n|teamsize|p1|4\n|teamsize|p2|4\n|start\n|switch|p1a: Lunala|Lunala, L50|100/100\n|switch|p1b: Grimmsnarl|Grimmsnarl, L50, M|100/100\n|switch|p2a: Rillaboom|Rillaboom, L50, M|100/100\n|switch|p2b: Lunala|Lunala, L50|100/100\n|-fieldstart|move: Grassy Terrain|[from] ability: Grassy Surge|[of] p2a: Rillaboom\n|turn|1\n|\n|t:|1771146226\n|-terastallize|p1a: Lunala|Fairy\n|move|p2a: Rillaboom|Fake Out|p1b: Grimmsnarl\n|-damage|p1b: Grimmsnarl|87/100\n|cant|p1b: Grimmsnarl|flinch\n|move|p2b: Lunala|Calm Mind|p2b: Lunala\n|-boost|p2b: Lunala|spa|1\n|-boost|p2b: Lunala|spd|1\n|move|p1a: Lunala|Trick Room|p1a: Lunala\n|-fieldstart|move: Trick Room|[of] p1a: Lunala\n|\n|-heal|p1b: Grimmsnarl|93/100|[from] Grassy Terrain\n|upkeep\n|turn|2\n|\n|t:|1771146237\n|switch|p1b: Ursaluna|Ursaluna, L50, F|100/100\n|-terastallize|p2b: Lunala|Fairy\n|move|p2a: Rillaboom|Wood Hammer|p1a: Lunala\n|-damage|p1a: Lunala|72/100\n|-damage|p2a: Rillaboom|90/100|[from] Recoil\n|move|p1a: Lunala|Moongeist Beam|p2b: Lunala\n|-damage|p2b: Lunala|87/100\n|move|p2b: Lunala|Moongeist Beam|p1a: Lunala\n|-damage|p1a: Lunala|6/100\n|\n|-heal|p2a: Rillaboom|96/100|[from] Grassy Terrain\n|-heal|p1a: Lunala|12/100|[from] Grassy Terrain\n|-heal|p2b: Lunala|93/100|[from] Grassy Terrain\n|-heal|p2b: Lunala|99/100|[from] item: Leftovers\n|-status|p1b: Ursaluna|brn|[from] item: Flame Orb\n|upkeep\n|turn|3\n|inactive|blackred123 has 30 seconds left.\n|\n|t:|1771146266\n|switch|p1a: Grimmsnarl|Grimmsnarl, L50, M|93/100\n|move|p2b: Lunala|Protect|p2b: Lunala\n|-singleturn|p2b: Lunala|Protect\n|move|p2a: Rillaboom|Grassy Glide|p1a: Grimmsnarl\n|-damage|p1a: Grimmsnarl|54/100\n|move|p1b: Ursaluna|Facade|p2b: Lunala\n|-activate|p2b: Lunala|move: Protect\n|\n|-heal|p1a: Grimmsnarl|60/100|[from] Grassy Terrain\n|-heal|p2a: Rillaboom|100/100|[from] Grassy Terrain\n|-heal|p2b: Lunala|100/100|[from] Grassy Terrain\n|-damage|p1b: Ursaluna|95/100 brn|[from] brn\n|upkeep\n|turn|4\n|j| Yancy0721\u56fe\u56fe\u72ac\u4fa0\n|\n|t:|1771146276\n|move|p1a: Grimmsnarl|Reflect|p1a: Grimmsnarl\n|-sidestart|p1: blackred123|Reflect\n|move|p1b: Ursaluna|Facade|p2a: Rillaboom\n|-damage|p2a: Rillaboom|0 fnt\n|faint|p2a: Rillaboom\n|move|p2b: Lunala|Moonblast|p1b: Ursaluna\n|-damage|p1b: Ursaluna|16/100 brn\n|-unboost|p1b: Ursaluna|spa|1\n|\n|-heal|p1b: Ursaluna|22/100 brn|[from] Grassy Terrain\n|-heal|p1a: Grimmsnarl|66/100|[from] Grassy Terrain\n|-damage|p1b: Ursaluna|16/100 brn|[from] brn\n|upkeep\n|\n|t:|1771146290\n|switch|p2a: Koraidon|Koraidon, L50|100/100\n|-weather|SunnyDay|[from] ability: Orichalcum Pulse|[of] p2a: Koraidon\n|-activate|p2a: Koraidon|Orichalcum Pulse|[source]\n|turn|5\n|\n|t:|1771146304\n|move|p2b: Lunala|Protect|p2b: Lunala\n|-singleturn|p2b: Lunala|Protect\n|move|p2a: Koraidon|Protect|p2a: Koraidon\n|-singleturn|p2a: Koraidon|Protect\n|move|p1b: Ursaluna|Facade|p2b: Lunala\n|-activate|p2b: Lunala|move: Protect\n|move|p1a: Grimmsnarl|Spirit Break|p2a: Koraidon\n|-activate|p2a: Koraidon|move: Protect\n|\n|-weather|SunnyDay|[upkeep]\n|-heal|p1b: Ursaluna|22/100 brn|[from] Grassy Terrain\n|-heal|p1a: Grimmsnarl|72/100|[from] Grassy Terrain\n|-damage|p1b: Ursaluna|16/100 brn|[from] brn\n|-fieldend|move: Trick Room\n|-fieldend|move: Grassy Terrain\n|upkeep\n|turn|6\n|\n|t:|1771146316\n|move|p2a: Koraidon|Flame Charge|p1b: Ursaluna\n|-damage|p1b: Ursaluna|0 fnt\n|-boost|p2a: Koraidon|spe|1\n|faint|p1b: Ursaluna\n|move|p2b: Lunala|Moonblast|p1a: Grimmsnarl\n|-supereffective|p1a: Grimmsnarl\n|-damage|p1a: Grimmsnarl|0 fnt\n|faint|p1a: Grimmsnarl\n|\n|-weather|SunnyDay|[upkeep]\n|upkeep\n|\n|t:|1771146319\n|switch|p1a: Lunala|Lunala, L50, tera:Fairy|12/100\n|switch|p1b: Miraidon|Miraidon, L50|100/100\n|-fieldstart|move: Electric Terrain|[from] ability: Hadron Engine|[of] p1b: Miraidon\n|-enditem|p1a: Lunala|Electric Seed\n|-boost|p1a: Lunala|def|1|[from] item: Electric Seed\n|turn|7\n|l| Yancy0721\u56fe\u56fe\u72ac\u4fa0\n|\n|t:|1771146336\n|move|p2a: Koraidon|Flame Charge|p1a: Lunala\n|-damage|p1a: Lunala|1/100\n|-boost|p2a: Koraidon|spe|1\n|move|p1b: Miraidon|Snarl|p2b: Lunala|[spread] p2a,p2b\n|-resisted|p2a: Koraidon\n|-resisted|p2b: Lunala\n|-damage|p2a: Koraidon|91/100\n|-damage|p2b: Lunala|98/100\n|-unboost|p2b: Lunala|spa|1\n|move|p2b: Lunala|Moonblast|p1b: Miraidon\n|-supereffective|p1b: Miraidon\n|-crit|p1b: Miraidon\n|-damage|p1b: Miraidon|18/100\n|move|p1a: Lunala|Moonblast|p2a: Koraidon\n|-supereffective|p2a: Koraidon\n|-damage|p2a: Koraidon|0 fnt\n|faint|p2a: Koraidon\n|\n|-weather|SunnyDay|[upkeep]\n|-heal|p2b: Lunala|100/100|[from] item: Leftovers\n|upkeep\n|\n|t:|1771146342\n|switch|p2a: Scream Tail|Scream Tail, L50|100/100\n|-activate|p2a: Scream Tail|ability: Protosynthesis\n|-start|p2a: Scream Tail|protosynthesisspe\n|turn|8\n|j| psyspam goat\n|-message|blackred123 forfeited.\n|\n|win|colombarda\n|raw|blackred123's rating: 1375 &rarr; <strong>1353</strong><br />(-22 for losing)\n|raw|colombarda's rating: 1343 &rarr; <strong>1365</strong><br />(+22 for winning)\n|l|\u2606blackred123\n|player|p1|\n|l|\u2606colombarda\n|player|p2|\n","uploadtime":1771146705,"views":26,"formatid":"gen9vgc2026regi","rating":1353,"private":0,"password":null}