{"id":"gen9vgc2026regi-2568400752","format":"[Gen 9] VGC 2026 Reg I","players":["tryashy","Cellpab1"],"log":"|j|\u2606tryashy\n|j|\u2606Cellpab1\n|t:|1774574393\n|gametype|doubles\n|player|p1|tryashy|dawn|1514\n|player|p2|Cellpab1|170|1523\n|gen|9\n|tier|[Gen 9] VGC 2026 Reg I\n|rated|\n|rule|Species Clause: Limit one of each Pok\u00e9mon\n|rule|Item Clause: Limit 1 of each item\n|clearpoke\n|poke|p1|Groudon, L50|\n|poke|p1|Lunala, L50|\n|poke|p1|Flutter Mane, L50|\n|poke|p1|Gouging Fire, L50|\n|poke|p1|Raging Bolt, L50|\n|poke|p1|Jumpluff, L50, M|\n|poke|p2|Calyrex-Ice, L50|\n|poke|p2|Miraidon, L50|\n|poke|p2|Landorus, L50, M|\n|poke|p2|Farigiraf, L50, F|\n|poke|p2|Incineroar, L50, F|\n|poke|p2|Amoonguss, L50, M|\n|teampreview|4\n|inactive|Battle timer is ON: inactive players will automatically lose when time's up. (requested by tryashy)\n|inactive|Cellpab1 has 60 seconds left.\n|inactive|Cellpab1 has 30 seconds left.\n|\n|t:|1774574459\n|teamsize|p1|4\n|teamsize|p2|4\n|start\n|switch|p1a: Groudon|Groudon, L50|100/100\n|switch|p1b: Lunala|Lunala, L50|100/100\n|switch|p2a: Calyrex|Calyrex-Ice, L50|100/100\n|switch|p2b: Landorus|Landorus, L50, M|100/100\n|-ability|p2a: Calyrex|As One\n|-ability|p2a: Calyrex|Unnerve\n|-weather|SunnyDay|[from] ability: Drought|[of] p1a: Groudon\n|turn|1\n|inactive|Cellpab1 has 30 seconds left.\n|inactive|Cellpab1 has 20 seconds left.\n|\n|t:|1774574494\n|move|p2b: Landorus|Earth Power|p1a: Groudon\n|-damage|p1a: Groudon|51/100\n|move|p1a: Groudon|Will-O-Wisp|p2a: Calyrex|[miss]\n|-miss|p1a: Groudon|p2a: Calyrex\n|move|p1b: Lunala|Moongeist Beam|p2b: Landorus\n|-damage|p2b: Landorus|0 fnt\n|faint|p2b: Landorus\n|move|p2a: Calyrex|Leech Seed|p1b: Lunala\n|-start|p1b: Lunala|move: Leech Seed\n|\n|-weather|SunnyDay|[upkeep]\n|-damage|p1b: Lunala|88/100|[from] Leech Seed|[of] p2a: Calyrex\n|upkeep\n|inactive|Cellpab1 has 30 seconds left.\n|\n|t:|1774574528\n|switch|p2b: Amoonguss|Amoonguss, L50, M|100/100\n|turn|2\n|inactive|tryashy has 30 seconds left.\n|inactive|Cellpab1 has 30 seconds left.\n|inactive|Cellpab1 has 20 seconds left.\n|inactive|Cellpab1 has 15 seconds left.\n|inactive|Cellpab1 has 10 seconds left.\n|inactive|Cellpab1 has 5 seconds left.\n|\n|t:|1774574580\n|-terastallize|p2a: Calyrex|Fairy\n|move|p1a: Groudon|Heat Crash|p2b: Amoonguss\n|-supereffective|p2b: Amoonguss\n|-damage|p2b: Amoonguss|0 fnt\n|-damage|p1a: Groudon|35/100|[from] item: Rocky Helmet|[of] p2b: Amoonguss\n|faint|p2b: Amoonguss\n|move|p1b: Lunala|Moongeist Beam|p2a: Calyrex\n|-damage|p2a: Calyrex|46/100\n|move|p2a: Calyrex|Glacial Lance|p1b: Lunala|[spread] p1a,p1b\n|-supereffective|p1a: Groudon\n|-damage|p1a: Groudon|0 fnt\n|-damage|p1b: Lunala|43/100\n|faint|p1a: Groudon\n|-ability|p2a: Calyrex|Chilling Neigh|boost\n|-boost|p2a: Calyrex|atk|1\n|\n|-weather|SunnyDay|[upkeep]\n|-heal|p2a: Calyrex|52/100|[from] item: Leftovers\n|-damage|p1b: Lunala|31/100|[from] Leech Seed|[of] p2a: Calyrex\n|-heal|p2a: Calyrex|67/100|[silent]\n|upkeep\n|\n|t:|1774574598\n|switch|p1a: Gouging Fire|Gouging Fire, L50|100/100\n|switch|p2b: Incineroar|Incineroar, L50, F|100/100\n|-ability|p2b: Incineroar|Intimidate|boost\n|-unboost|p1a: Gouging Fire|atk|1\n|-unboost|p1b: Lunala|atk|1\n|-activate|p1a: Gouging Fire|ability: Protosynthesis\n|-start|p1a: Gouging Fire|protosynthesisspe\n|turn|3\n|inactive|Cellpab1 has 30 seconds left.\n|inactive|tryashy has 30 seconds left.\n|inactive|tryashy has 20 seconds left.\n|inactive|tryashy has 15 seconds left.\n|\n|t:|1774574644\n|move|p2b: Incineroar|Fake Out|p1a: Gouging Fire\n|-damage|p1a: Gouging Fire|93/100\n|cant|p1a: Gouging Fire|flinch\n|move|p1b: Lunala|Moongeist Beam|p2a: Calyrex\n|-damage|p2a: Calyrex|16/100\n|move|p2a: Calyrex|Trick Room|p2a: Calyrex\n|-fieldstart|move: Trick Room|[of] p2a: Calyrex\n|\n|-weather|SunnyDay|[upkeep]\n|-heal|p2a: Calyrex|21/100|[from] item: Leftovers\n|-damage|p1b: Lunala|18/100|[from] Leech Seed|[of] p2a: Calyrex\n|-heal|p2a: Calyrex|36/100|[silent]\n|upkeep\n|turn|4\n|\n|t:|1774574664\n|-terastallize|p1a: Gouging Fire|Fire\n|move|p2a: Calyrex|Protect|p2a: Calyrex\n|-singleturn|p2a: Calyrex|Protect\n|move|p2b: Incineroar|Knock Off|p1a: Gouging Fire\n|-damage|p1a: Gouging Fire|68/100\n|-enditem|p1a: Gouging Fire|Charcoal|[from] move: Knock Off|[of] p2b: Incineroar\n|move|p1b: Lunala|Moongeist Beam|p2a: Calyrex\n|-activate|p2a: Calyrex|move: Protect\n|move|p1a: Gouging Fire|Flare Blitz|p2a: Calyrex\n|-activate|p2a: Calyrex|move: Protect\n|\n|-weather|SunnyDay|[upkeep]\n|-heal|p2a: Calyrex|42/100|[from] item: Leftovers\n|-damage|p1b: Lunala|6/100|[from] Leech Seed|[of] p2a: Calyrex\n|-heal|p2a: Calyrex|57/100|[silent]\n|upkeep\n|turn|5\n|inactive|Cellpab1 has 30 seconds left.\n|\n|t:|1774574692\n|move|p2a: Calyrex|Glacial Lance|p1a: Gouging Fire|[spread] p1a,p1b\n|-resisted|p1a: Gouging Fire\n|-damage|p1a: Gouging Fire|35/100\n|-damage|p1b: Lunala|0 fnt\n|faint|p1b: Lunala\n|-ability|p2a: Calyrex|Chilling Neigh|boost\n|-boost|p2a: Calyrex|atk|1\n|move|p2b: Incineroar|Knock Off|p1a: Gouging Fire\n|-damage|p1a: Gouging Fire|15/100\n|move|p1a: Gouging Fire|Flare Blitz|p2a: Calyrex\n|-damage|p2a: Calyrex|11/100\n|-status|p2a: Calyrex|brn\n|-damage|p1a: Gouging Fire|0 fnt|[from] Recoil\n|faint|p1a: Gouging Fire\n|-end|p1a: Gouging Fire|Protosynthesis|[silent]\n|\n|-weather|none\n|-heal|p2a: Calyrex|17/100 brn|[from] item: Leftovers\n|-damage|p2a: Calyrex|11/100 brn|[from] brn\n|upkeep\n|\n|t:|1774574704\n|switch|p1a: Raging Bolt|Raging Bolt, L50|100/100\n|turn|6\n|\n|t:|1774574713\n|move|p2a: Calyrex|Leech Seed|p1a: Raging Bolt\n|-start|p1a: Raging Bolt|move: Leech Seed\n|move|p2b: Incineroar|Knock Off|p1a: Raging Bolt\n|-damage|p1a: Raging Bolt|72/100\n|-enditem|p1a: Raging Bolt|Assault Vest|[from] move: Knock Off|[of] p2b: Incineroar\n|move|p1a: Raging Bolt|Thunderbolt|p2a: Calyrex\n|-damage|p2a: Calyrex|0 fnt\n|faint|p2a: Calyrex\n|\n|upkeep\n|turn|7\n|\n|t:|1774574725\n|move|p2b: Incineroar|Knock Off|p1a: Raging Bolt\n|-damage|p1a: Raging Bolt|52/100\n|move|p1a: Raging Bolt|Thunderbolt|p2b: Incineroar\n|-damage|p2b: Incineroar|70/100\n|\n|-fieldend|move: Trick Room\n|upkeep\n|turn|8\n|\n|t:|1774574732\n|move|p1a: Raging Bolt|Thunderbolt|p2b: Incineroar\n|-damage|p2b: Incineroar|41/100\n|move|p2b: Incineroar|Knock Off|p1a: Raging Bolt\n|-damage|p1a: Raging Bolt|33/100\n|\n|upkeep\n|turn|9\n|\n|t:|1774574743\n|move|p1a: Raging Bolt|Thunderbolt|p2b: Incineroar\n|-damage|p2b: Incineroar|11/100\n|move|p2b: Incineroar|Knock Off|p1a: Raging Bolt\n|-damage|p1a: Raging Bolt|13/100\n|\n|upkeep\n|turn|10\n|\n|t:|1774574749\n|move|p1a: Raging Bolt|Thunderbolt|p2b: Incineroar\n|-damage|p2b: Incineroar|0 fnt\n|faint|p2b: Incineroar\n|\n|win|tryashy\n|raw|tryashy's rating: 1514 &rarr; <strong>1533</strong><br />(+19 for winning)\n|raw|Cellpab1's rating: 1497 &rarr; <strong>1478</strong><br />(-19 for losing)\n|l|\u2606tryashy\n|player|p1|\n|l|\u2606Cellpab1\n|player|p2|\n","uploadtime":1774574937,"views":15,"formatid":"gen9vgc2026regi","rating":1478,"private":0,"password":null}