{"id":"gen9vgc2026regi-2553803754","format":"[Gen 9] VGC 2026 Reg I","players":["Loiradotchan16","pzyxhic"],"log":"|j|\u2606Loiradotchan16\n|j|\u2606pzyxhic\n|t:|1772883551\n|gametype|doubles\n|player|p1|Loiradotchan16|265|1352\n|player|p2|pzyxhic|266|1341\n|gen|9\n|tier|[Gen 9] VGC 2026 Reg I\n|rated|\n|rule|Species Clause: Limit one of each Pok\u00e9mon\n|rule|Item Clause: Limit 1 of each item\n|clearpoke\n|poke|p1|Calyrex-Ice, L50|\n|poke|p1|Scraggy, L50, M|\n|poke|p1|Miraidon, L50|\n|poke|p1|Farigiraf, L50, M|\n|poke|p1|Iron Treads, L50|\n|poke|p1|Iron Hands, L50|\n|poke|p2|Calyrex-Shadow, L50|\n|poke|p2|Chi-Yu, L50|\n|poke|p2|Whimsicott, L50, F|\n|poke|p2|Urshifu-*, L50, F|\n|poke|p2|Farigiraf, L50, F|\n|poke|p2|Kyurem-White, L50|\n|teampreview|4\n|inactive|Battle timer is ON: inactive players will automatically lose when time's up. (requested by Loiradotchan16)\n|inactive|pzyxhic has 60 seconds left.\n|\n|t:|1772883590\n|teamsize|p1|4\n|teamsize|p2|4\n|start\n|switch|p1a: Scraggy|Scraggy, L50, M|100/100\n|switch|p1b: Calyrex|Calyrex-Ice, L50|100/100\n|switch|p2a: Calyrex|Calyrex-Shadow, L50|100/100\n|switch|p2b: Kyurem|Kyurem-White, L50|100/100\n|-ability|p2a: Calyrex|As One\n|-ability|p2a: Calyrex|Unnerve\n|-ability|p1b: Calyrex|As One\n|-ability|p1b: Calyrex|Unnerve\n|-ability|p2b: Kyurem|Turboblaze\n|-ability|p1a: Scraggy|Intimidate|boost\n|-unboost|p2a: Calyrex|atk|1\n|-unboost|p2b: Kyurem|atk|1\n|turn|1\n|inactive|pzyxhic has 30 seconds left.\n|\n|t:|1772883618\n|switch|p2a: Farigiraf|Farigiraf, L50, F|100/100\n|-terastallize|p1b: Calyrex|Fire\n|move|p1a: Scraggy|Fake Out||[still]\n|cant|p2a: Farigiraf|ability: Armor Tail|Fake Out|[of] p1a: Scraggy\n|move|p2b: Kyurem|Freeze-Dry|p1a: Scraggy\n|-damage|p1a: Scraggy|51/100\n|-damage|p2b: Kyurem|91/100|[from] item: Life Orb\n|move|p1b: Calyrex|Trick Room|p1b: Calyrex\n|-fieldstart|move: Trick Room|[of] p1b: Calyrex\n|\n|upkeep\n|turn|2\n|\n|t:|1772883641\n|move|p1a: Scraggy|Coaching|p1b: Calyrex\n|-boost|p1b: Calyrex|atk|1\n|-boost|p1b: Calyrex|def|1\n|move|p1b: Calyrex|Glacial Lance|p2b: Kyurem|[spread] p2a,p2b\n|-damage|p2a: Farigiraf|31/100\n|-damage|p2b: Kyurem|8/100\n|move|p2b: Kyurem|Earth Power|p1b: Calyrex\n|-supereffective|p1b: Calyrex\n|-damage|p1b: Calyrex|33/100\n|-damage|p2b: Kyurem|0 fnt|[from] item: Life Orb\n|faint|p2b: Kyurem\n|move|p2a: Farigiraf|Trick Room|p2a: Farigiraf\n|-fieldend|move: Trick Room\n|\n|upkeep\n|\n|t:|1772883655\n|switch|p2b: Calyrex|Calyrex-Shadow, L50|100/100\n|-ability|p2b: Calyrex|As One\n|-ability|p2b: Calyrex|Unnerve\n|turn|3\n|\n|t:|1772883672\n|-terastallize|p2b: Calyrex|Ghost\n|move|p1b: Calyrex|Protect|p1b: Calyrex\n|-singleturn|p1b: Calyrex|Protect\n|move|p2b: Calyrex|Astral Barrage|p1a: Scraggy|[spread] p1a\n|-activate|p1b: Calyrex|move: Protect\n|-resisted|p1a: Scraggy\n|-damage|p1a: Scraggy|18/100\n|move|p2a: Farigiraf|Hyper Voice|p1a: Scraggy|[spread] p1a\n|-activate|p1b: Calyrex|move: Protect\n|-damage|p1a: Scraggy|0 fnt\n|faint|p1a: Scraggy\n|\n|upkeep\n|\n|t:|1772883687\n|switch|p1a: Miraidon|Miraidon, L50|100/100\n|-fieldstart|move: Electric Terrain|[from] ability: Hadron Engine|[of] p1a: Miraidon\n|turn|4\n|\n|t:|1772883697\n|move|p2a: Farigiraf|Helping Hand|p2b: Calyrex\n|-singleturn|p2b: Calyrex|Helping Hand|[of] p2a: Farigiraf\n|move|p2b: Calyrex|Astral Barrage|p1a: Miraidon|[spread] p1a,p1b\n|-damage|p1a: Miraidon|16/100\n|-damage|p1b: Calyrex|0 fnt\n|faint|p1b: Calyrex\n|-ability|p2b: Calyrex|Grim Neigh|boost\n|-boost|p2b: Calyrex|spa|1\n|move|p1a: Miraidon|Electro Drift|p2b: Calyrex\n|-damage|p2b: Calyrex|0 fnt\n|faint|p2b: Calyrex\n|\n|upkeep\n|\n|t:|1772883712\n|switch|p2b: Chi-Yu|Chi-Yu, L50|100/100\n|switch|p1b: Iron Hands|Iron Hands, L50|100/100\n|-ability|p2b: Chi-Yu|Beads of Ruin\n|-activate|p1b: Iron Hands|ability: Quark Drive\n|-start|p1b: Iron Hands|quarkdriveatk\n|turn|5\n|inactive|pzyxhic has 30 seconds left.\n|inactive|pzyxhic has 20 seconds left.\n|\n|t:|1772883747\n|move|p1a: Miraidon|Electro Drift|p2a: Farigiraf\n|-damage|p2a: Farigiraf|0 fnt\n|faint|p2a: Farigiraf\n|move|p2b: Chi-Yu|Heat Wave|p1a: Miraidon|[spread] p1a,p1b\n|-resisted|p1a: Miraidon\n|-damage|p1a: Miraidon|0 fnt\n|-damage|p1b: Iron Hands|78/100\n|faint|p1a: Miraidon\n|move|p1b: Iron Hands|Drain Punch|p2b: Chi-Yu\n|-supereffective|p2b: Chi-Yu\n|-damage|p2b: Chi-Yu|0 fnt\n|-heal|p1b: Iron Hands|100/100|[from] drain|[of] p2b: Chi-Yu\n|faint|p2b: Chi-Yu\n|\n|win|Loiradotchan16\n|raw|Loiradotchan16's rating: 1352 &rarr; <strong>1371</strong><br />(+19 for winning)\n|raw|pzyxhic's rating: 1341 &rarr; <strong>1322</strong><br />(-19 for losing)\n|l|\u2606pzyxhic\n|player|p2|\n|l|\u2606Loiradotchan16\n|player|p1|\n","uploadtime":1772883951,"views":17,"formatid":"gen9vgc2026regi","rating":1322,"private":0,"password":null}