{"id":"gen9vgc2026regi-2576244654","format":"[Gen 9] VGC 2026 Reg I","players":["25th_mang","yubanmeiqin"],"log":"|j|\u260625th_mang\n|j|\u2606yubanmeiqin\n|t:|1775444619\n|gametype|doubles\n|player|p1|25th_mang|ballguy|1361\n|player|p2|yubanmeiqin|lillie-masters2|1512\n|gen|9\n|tier|[Gen 9] VGC 2026 Reg I\n|rated|\n|rule|Species Clause: Limit one of each Pok\u00e9mon\n|rule|Item Clause: Limit 1 of each item\n|clearpoke\n|poke|p1|Zacian-*, L50|\n|poke|p1|Kyogre, L50|\n|poke|p1|Urshifu-*, L50, F|\n|poke|p1|Amoonguss, L50, M|\n|poke|p1|Iron Hands, L50|\n|poke|p1|Roaring Moon, L50|\n|poke|p2|Zacian-*, L50|\n|poke|p2|Kyogre, L50|\n|poke|p2|Amoonguss, L50, F|\n|poke|p2|Landorus, L50, M|\n|poke|p2|Incineroar, L50, M|\n|poke|p2|Iron Jugulis, L50|\n|teampreview|4\n|inactive|Battle timer is ON: inactive players will automatically lose when time's up. (requested by 25th_mang)\n|j| blackred123\n|inactive|25th_mang has 60 seconds left.\n|\n|t:|1775444665\n|teamsize|p1|4\n|teamsize|p2|4\n|start\n|switch|p1a: Kyogre|Kyogre, L50|100/100\n|switch|p1b: Amoonguss|Amoonguss, L50, M|100/100\n|switch|p2a: \u9a6c\u5243\u5929\u7231\u661f|Kyogre, L50, shiny|100/100\n|switch|p2b: Incineroar|Incineroar, L50, M|100/100\n|-weather|RainDance|[from] ability: Drizzle|[of] p2a: \u9a6c\u5243\u5929\u7231\u661f\n|-ability|p2b: Incineroar|Intimidate|boost\n|-unboost|p1a: Kyogre|atk|1\n|-unboost|p1b: Amoonguss|atk|1\n|turn|1\n|\n|t:|1775444689\n|switch|p2a: \u6211\u559c\u6b22\u4f60|Amoonguss, L50, F|100/100\n|move|p2b: Incineroar|Fake Out|p1a: Kyogre\n|-damage|p1a: Kyogre|92/100\n|move|p1b: Amoonguss|Rage Powder|p1b: Amoonguss\n|-singleturn|p1b: Amoonguss|move: Rage Powder\n|cant|p1a: Kyogre|flinch\n|\n|-weather|RainDance|[upkeep]\n|upkeep\n|turn|2\n|inactive|25th_mang has 30 seconds left.\n|inactive|yubanmeiqin has 30 seconds left.\n|\n|t:|1775444723\n|switch|p2b: \u9a6c\u5243\u5929\u7231\u661f|Kyogre, L50, shiny|100/100\n|move|p1a: Kyogre|Water Spout|p2a: \u6211\u559c\u6b22\u4f60|[spread] p2a,p2b\n|-resisted|p2a: \u6211\u559c\u6b22\u4f60\n|-resisted|p2b: \u9a6c\u5243\u5929\u7231\u661f\n|-damage|p2a: \u6211\u559c\u6b22\u4f60|54/100\n|-damage|p2b: \u9a6c\u5243\u5929\u7231\u661f|76/100\n|move|p2a: \u6211\u559c\u6b22\u4f60|Spore|p1a: Kyogre\n|-status|p1a: Kyogre|slp|[from] move: Spore\n|move|p1b: Amoonguss|Spore|p2b: \u9a6c\u5243\u5929\u7231\u661f\n|-status|p2b: \u9a6c\u5243\u5929\u7231\u661f|slp|[from] move: Spore\n|\n|-weather|RainDance|[upkeep]\n|upkeep\n|turn|3\n|\n|t:|1775444745\n|switch|p2a: \u963f\u5c14\u6258\u8389\u96c5|Zacian-Crowned, L50, shiny|100/100\n|-ability|p2a: \u963f\u5c14\u6258\u8389\u96c5|Intrepid Sword|boost\n|-boost|p2a: \u963f\u5c14\u6258\u8389\u96c5|atk|1\n|cant|p2b: \u9a6c\u5243\u5929\u7231\u661f|slp\n|cant|p1a: Kyogre|slp\n|move|p1b: Amoonguss|Pollen Puff|p1a: Kyogre\n|-heal|p1a: Kyogre|100/100 slp\n|\n|-weather|RainDance|[upkeep]\n|upkeep\n|turn|4\n|\n|t:|1775444766\n|-terastallize|p2a: \u963f\u5c14\u6258\u8389\u96c5|Grass\n|move|p2a: \u963f\u5c14\u6258\u8389\u96c5|Behemoth Blade|p1b: Amoonguss\n|-damage|p1b: Amoonguss|32/100\n|-damage|p2a: \u963f\u5c14\u6258\u8389\u96c5|84/100|[from] item: Rocky Helmet|[of] p1b: Amoonguss\n|-curestatus|p2b: \u9a6c\u5243\u5929\u7231\u661f|slp|[msg]\n|move|p2b: \u9a6c\u5243\u5929\u7231\u661f|Water Spout|p1a: Kyogre|[spread] p1a,p1b\n|-resisted|p1a: Kyogre\n|-resisted|p1b: Amoonguss\n|-damage|p1a: Kyogre|76/100 slp\n|-damage|p1b: Amoonguss|0 fnt\n|faint|p1b: Amoonguss\n|cant|p1a: Kyogre|slp\n|\n|-weather|RainDance|[upkeep]\n|upkeep\n|\n|t:|1775444784\n|switch|p1b: Roaring Moon|Roaring Moon, L50|100/100\n|-enditem|p1b: Roaring Moon|Booster Energy\n|-activate|p1b: Roaring Moon|ability: Protosynthesis|[fromitem]\n|-start|p1b: Roaring Moon|protosynthesisspe\n|turn|5\n|\n|t:|1775444794\n|switch|p2b: Incineroar|Incineroar, L50, M|100/100\n|-ability|p2b: Incineroar|Intimidate|boost\n|-unboost|p1a: Kyogre|atk|1\n|-unboost|p1b: Roaring Moon|atk|1\n|-terastallize|p1b: Roaring Moon|Flying\n|move|p1b: Roaring Moon|Tailwind|p1b: Roaring Moon\n|-sidestart|p1: 25th_mang|move: Tailwind\n|cant|p1a: Kyogre|slp\n|move|p2a: \u963f\u5c14\u6258\u8389\u96c5|Play Rough|p1b: Roaring Moon\n|-damage|p1b: Roaring Moon|0 fnt\n|faint|p1b: Roaring Moon\n|-end|p1b: Roaring Moon|Protosynthesis|[silent]\n|\n|-weather|none\n|upkeep\n|\n|t:|1775444807\n|switch|p1b: Iron Hands|Iron Hands, L50|100/100\n|turn|6\n|\n|t:|1775444818\n|switch|p2b: \u6211\u559c\u6b22\u4f60|Amoonguss, L50, F|87/100\n|move|p2a: \u963f\u5c14\u6258\u8389\u96c5|Protect|p2a: \u963f\u5c14\u6258\u8389\u96c5\n|-singleturn|p2a: \u963f\u5c14\u6258\u8389\u96c5|Protect\n|-curestatus|p1a: Kyogre|slp|[msg]\n|move|p1a: Kyogre|Origin Pulse|p2b: \u6211\u559c\u6b22\u4f60|[spread] p2b\n|-activate|p2a: \u963f\u5c14\u6258\u8389\u96c5|move: Protect\n|-resisted|p2b: \u6211\u559c\u6b22\u4f60\n|-damage|p2b: \u6211\u559c\u6b22\u4f60|61/100\n|move|p1b: Iron Hands|Drain Punch|p2b: \u6211\u559c\u6b22\u4f60\n|-resisted|p2b: \u6211\u559c\u6b22\u4f60\n|-damage|p2b: \u6211\u559c\u6b22\u4f60|42/100\n|-damage|p1b: Iron Hands|84/100|[from] item: Rocky Helmet|[of] p2b: \u6211\u559c\u6b22\u4f60\n|\n|upkeep\n|turn|7\n|inactive|yubanmeiqin has 30 seconds left.\n|\n|t:|1775444848\n|switch|p2b: Incineroar|Incineroar, L50, M|100/100\n|-ability|p2b: Incineroar|Intimidate|boost\n|-unboost|p1a: Kyogre|atk|1\n|-unboost|p1b: Iron Hands|atk|1\n|move|p1a: Kyogre|Ice Beam|p2a: \u963f\u5c14\u6258\u8389\u96c5\n|-supereffective|p2a: \u963f\u5c14\u6258\u8389\u96c5\n|-damage|p2a: \u963f\u5c14\u6258\u8389\u96c5|23/100\n|move|p2a: \u963f\u5c14\u6258\u8389\u96c5|Play Rough|p1b: Iron Hands|[miss]\n|-miss|p2a: \u963f\u5c14\u6258\u8389\u96c5|p1b: Iron Hands\n|move|p1b: Iron Hands|Drain Punch|p2a: \u963f\u5c14\u6258\u8389\u96c5\n|-damage|p2a: \u963f\u5c14\u6258\u8389\u96c5|0 fnt\n|-heal|p1b: Iron Hands|92/100|[from] drain|[of] p2a: \u963f\u5c14\u6258\u8389\u96c5\n|faint|p2a: \u963f\u5c14\u6258\u8389\u96c5\n|\n|upkeep\n|\n|t:|1775444854\n|switch|p2a: \u9a6c\u5243\u5929\u7231\u661f|Kyogre, L50, shiny|76/100\n|-weather|RainDance|[from] ability: Drizzle|[of] p2a: \u9a6c\u5243\u5929\u7231\u661f\n|turn|8\n|\n|t:|1775444878\n|move|p2b: Incineroar|Fake Out|p1a: Kyogre\n|-damage|p1a: Kyogre|67/100\n|cant|p1a: Kyogre|flinch\n|move|p1b: Iron Hands|Low Kick|p2a: \u9a6c\u5243\u5929\u7231\u661f\n|-damage|p2a: \u9a6c\u5243\u5929\u7231\u661f|37/100\n|move|p2a: \u9a6c\u5243\u5929\u7231\u661f|Origin Pulse|p1a: Kyogre|[spread] p1a\n|-miss|p2a: \u9a6c\u5243\u5929\u7231\u661f|p1b: Iron Hands\n|-resisted|p1a: Kyogre\n|-damage|p1a: Kyogre|44/100\n|\n|-weather|RainDance|[upkeep]\n|-sideend|p1: 25th_mang|move: Tailwind\n|upkeep\n|turn|9\n|\n|t:|1775444900\n|move|p2a: \u9a6c\u5243\u5929\u7231\u661f|Thunder|p1a: Kyogre\n|-supereffective|p1a: Kyogre\n|-damage|p1a: Kyogre|0 fnt\n|faint|p1a: Kyogre\n|move|p2b: Incineroar|Will-O-Wisp|p1b: Iron Hands\n|-status|p1b: Iron Hands|brn\n|move|p1b: Iron Hands|Drain Punch|p2a: \u9a6c\u5243\u5929\u7231\u661f\n|-damage|p2a: \u9a6c\u5243\u5929\u7231\u661f|25/100\n|-heal|p1b: Iron Hands|96/100 brn|[from] drain|[of] p2a: \u9a6c\u5243\u5929\u7231\u661f\n|\n|-weather|RainDance|[upkeep]\n|-damage|p1b: Iron Hands|90/100 brn|[from] brn\n|upkeep\n|turn|10\n|\n|t:|1775444908\n|switch|p2a: \u6211\u559c\u6b22\u4f60|Amoonguss, L50, F|75/100\n|move|p2b: Incineroar|Parting Shot|p1b: Iron Hands\n|-unboost|p1b: Iron Hands|atk|1\n|-unboost|p1b: Iron Hands|spa|1\n|\n|t:|1775444913\n|switch|p2b: \u9a6c\u5243\u5929\u7231\u661f|Kyogre, L50, shiny|25/100|[from] Parting Shot\n|move|p1b: Iron Hands|Drain Punch|p2b: \u9a6c\u5243\u5929\u7231\u661f\n|-crit|p2b: \u9a6c\u5243\u5929\u7231\u661f\n|-damage|p2b: \u9a6c\u5243\u5929\u7231\u661f|0 fnt\n|-heal|p1b: Iron Hands|100/100 brn|[from] drain|[of] p2b: \u9a6c\u5243\u5929\u7231\u661f\n|faint|p2b: \u9a6c\u5243\u5929\u7231\u661f\n|\n|-weather|RainDance|[upkeep]\n|-damage|p1b: Iron Hands|94/100 brn|[from] brn\n|upkeep\n|\n|t:|1775444914\n|switch|p2b: Incineroar|Incineroar, L50, M|100/100\n|-ability|p2b: Incineroar|Intimidate|boost\n|-unboost|p1b: Iron Hands|atk|1\n|turn|11\n|\n|t:|1775444921\n|move|p2b: Incineroar|Knock Off|p1b: Iron Hands\n|-resisted|p1b: Iron Hands\n|-damage|p1b: Iron Hands|80/100 brn\n|-enditem|p1b: Iron Hands|Assault Vest|[from] move: Knock Off|[of] p2b: Incineroar\n|move|p1b: Iron Hands|Drain Punch|p2b: Incineroar\n|-supereffective|p2b: Incineroar\n|-damage|p2b: Incineroar|87/100\n|-heal|p1b: Iron Hands|86/100 brn|[from] drain|[of] p2b: Incineroar\n|move|p2a: \u6211\u559c\u6b22\u4f60|Pollen Puff|p1b: Iron Hands\n|-resisted|p1b: Iron Hands\n|-damage|p1b: Iron Hands|79/100 brn\n|\n|-weather|RainDance|[upkeep]\n|-damage|p1b: Iron Hands|73/100 brn|[from] brn\n|upkeep\n|turn|12\n|\n|t:|1775444931\n|move|p2a: \u6211\u559c\u6b22\u4f60|Rage Powder|p2a: \u6211\u559c\u6b22\u4f60\n|-singleturn|p2a: \u6211\u559c\u6b22\u4f60|move: Rage Powder\n|move|p2b: Incineroar|Knock Off|p1b: Iron Hands\n|-resisted|p1b: Iron Hands\n|-damage|p1b: Iron Hands|63/100 brn\n|move|p1b: Iron Hands|Drain Punch|p2a: \u6211\u559c\u6b22\u4f60\n|-resisted|p2a: \u6211\u559c\u6b22\u4f60\n|-damage|p2a: \u6211\u559c\u6b22\u4f60|72/100\n|-heal|p1b: Iron Hands|64/100 brn|[from] drain|[of] p2a: \u6211\u559c\u6b22\u4f60\n|-damage|p1b: Iron Hands|48/100 brn|[from] item: Rocky Helmet|[of] p2a: \u6211\u559c\u6b22\u4f60\n|\n|-weather|none\n|-damage|p1b: Iron Hands|41/100 brn|[from] brn\n|upkeep\n|turn|13\n|\n|t:|1775444940\n|move|p2a: \u6211\u559c\u6b22\u4f60|Rage Powder|p2a: \u6211\u559c\u6b22\u4f60\n|-singleturn|p2a: \u6211\u559c\u6b22\u4f60|move: Rage Powder\n|move|p2b: Incineroar|Knock Off|p1b: Iron Hands\n|-resisted|p1b: Iron Hands\n|-damage|p1b: Iron Hands|33/100 brn\n|move|p1b: Iron Hands|Wild Charge|p2a: \u6211\u559c\u6b22\u4f60\n|-resisted|p2a: \u6211\u559c\u6b22\u4f60\n|-damage|p2a: \u6211\u559c\u6b22\u4f60|67/100\n|-damage|p1b: Iron Hands|16/100 brn|[from] item: Rocky Helmet|[of] p2a: \u6211\u559c\u6b22\u4f60\n|-damage|p1b: Iron Hands|15/100 brn|[from] Recoil\n|\n|-damage|p1b: Iron Hands|9/100 brn|[from] brn\n|upkeep\n|turn|14\n|\n|t:|1775444949\n|move|p2a: \u6211\u559c\u6b22\u4f60|Rage Powder|p2a: \u6211\u559c\u6b22\u4f60\n|-singleturn|p2a: \u6211\u559c\u6b22\u4f60|move: Rage Powder\n|move|p2b: Incineroar|Knock Off|p1b: Iron Hands\n|-resisted|p1b: Iron Hands\n|-damage|p1b: Iron Hands|0 fnt\n|faint|p1b: Iron Hands\n|-end|p1b: Iron Hands|Quark Drive|[silent]\n|\n|win|yubanmeiqin\n|raw|25th_mang's rating: 1361 &rarr; <strong>1349</strong><br />(-12 for losing)\n|raw|yubanmeiqin's rating: 1512 &rarr; <strong>1524</strong><br />(+12 for winning)\n|l|\u260625th_mang\n|player|p1|\n","uploadtime":1775444961,"views":8,"formatid":"gen9vgc2026regi","rating":1349,"private":0,"password":null}