{"id":"gen9vgc2026regi-2564044055","format":"[Gen 9] VGC 2026 Reg I","players":["1VLTSQ Joker","ScribbleScribble"],"log":"|raw|<div class=\"broadcast-blue\"><strong>This battle is required to be public due to a player having a name starting with '1vltsq'.</div>\n|j|\u26061VLTSQ Joker\n|j|\u2606ScribbleScribble\n|t:|1774103699\n|gametype|doubles\n|player|p1|1VLTSQ Joker|blue|1610\n|player|p2|ScribbleScribble|mina-lgpe|1722\n|gen|9\n|tier|[Gen 9] VGC 2026 Reg I\n|rated|\n|rule|Species Clause: Limit one of each Pok\u00e9mon\n|rule|Item Clause: Limit 1 of each item\n|clearpoke\n|poke|p1|Calyrex-Ice, L50|\n|poke|p1|Smeargle, L50, M|\n|poke|p1|Kyogre, L50|\n|poke|p1|Maushold, L50|\n|poke|p1|Volcarona, L50, M|\n|poke|p1|Chesnaught, L50, F|\n|poke|p2|Calyrex-Ice, L50|\n|poke|p2|Kyogre, L50|\n|poke|p2|Tornadus, L50, M|\n|poke|p2|Indeedee-F, L50, F|\n|poke|p2|Urshifu-*, L50, M|\n|poke|p2|Landorus, L50, M|\n|teampreview|4\n|inactive|Battle timer is ON: inactive players will automatically lose when time's up. (requested by ScribbleScribble)\n|\n|t:|1774103715\n|teamsize|p1|4\n|teamsize|p2|4\n|start\n|switch|p1a: Calyrex|Calyrex-Ice, L50|100/100\n|switch|p1b: Smeargle|Smeargle, L50, M|100/100\n|switch|p2a: Tornadus|Tornadus, L50, M|100/100\n|switch|p2b: Calyrex|Calyrex-Ice, L50|100/100\n|-ability|p2b: Calyrex|As One\n|-ability|p2b: Calyrex|Unnerve\n|-ability|p1a: Calyrex|As One\n|-ability|p1a: Calyrex|Unnerve\n|turn|1\n|c|\u26061VLTSQ Joker|ScribbleScribble\n|inactive|1VLTSQ Joker has 30 seconds left.\n|inactive|1VLTSQ Joker has 20 seconds left.\n|c|\u2606ScribbleScribble|Hi\n|\n|t:|1774103753\n|-terastallize|p1a: Calyrex|Grass\n|move|p1b: Smeargle|Fake Out|p2a: Tornadus\n|-damage|p2a: Tornadus|93/100\n|cant|p2a: Tornadus|flinch\n|move|p2b: Calyrex|Imprison|p2b: Calyrex\n|-start|p2b: Calyrex|move: Imprison\n|cant|p1a: Calyrex|move: Imprison|Glacial Lance\n|\n|-ability|p1b: Smeargle|Moody|boost\n|-boost|p1b: Smeargle|def|2\n|-unboost|p1b: Smeargle|spe|1\n|upkeep\n|turn|2\n|c|\u26061VLTSQ Joker|very fast nice\n|j| b3testing\n|inactive|1VLTSQ Joker has 30 seconds left.\n|\n|t:|1774103782\n|move|p2a: Tornadus|Taunt|p1b: Smeargle\n|-start|p1b: Smeargle|move: Taunt\n|move|p2b: Calyrex|Glacial Lance|p1b: Smeargle|[spread] p1a,p1b\n|-supereffective|p1a: Calyrex\n|-damage|p1a: Calyrex|33/100\n|-damage|p1b: Smeargle|37/100\n|cant|p1b: Smeargle|move: Taunt|Spore\n|move|p1a: Calyrex|Crunch|p2b: Calyrex\n|-supereffective|p2b: Calyrex\n|-damage|p2b: Calyrex|55/100\n|\n|-ability|p1b: Smeargle|Moody|boost\n|-boost|p1b: Smeargle|spd|2\n|-unboost|p1b: Smeargle|spe|1\n|upkeep\n|turn|3\n|\n|t:|1774103802\n|switch|p1a: Kyogre|Kyogre, L50|100/100\n|-weather|RainDance|[from] ability: Drizzle|[of] p1a: Kyogre\n|move|p1b: Smeargle|Fake Out||[still]\n|-hint|Fake Out only works on your first turn out.\n|-fail|p1b: Smeargle\n|move|p2a: Tornadus|Tailwind|p2a: Tornadus\n|-sidestart|p2: ScribbleScribble|move: Tailwind\n|move|p2b: Calyrex|Glacial Lance|p1a: Kyogre|[spread] p1a,p1b\n|-resisted|p1a: Kyogre\n|-damage|p1a: Kyogre|70/100\n|-damage|p1b: Smeargle|0 fnt\n|faint|p1b: Smeargle\n|-ability|p2b: Calyrex|Chilling Neigh|boost\n|-boost|p2b: Calyrex|atk|1\n|\n|-weather|RainDance|[upkeep]\n|upkeep\n|\n|t:|1774103814\n|switch|p1b: Chesnaught|Chesnaught, L50, F|100/100\n|turn|4\n|j| touchdownJulio\n|\n|t:|1774103822\n|-terastallize|p2b: Calyrex|Grass\n|move|p1b: Chesnaught|Wide Guard|p1b: Chesnaught\n|-singleturn|p1b: Chesnaught|Wide Guard\n|move|p2a: Tornadus|Taunt|p1b: Chesnaught\n|-start|p1b: Chesnaught|move: Taunt\n|move|p1a: Kyogre|Origin Pulse|p2b: Calyrex|[spread] p2a,p2b\n|-resisted|p2b: Calyrex\n|-damage|p2a: Tornadus|0 fnt\n|-damage|p2b: Calyrex|30/100\n|faint|p2a: Tornadus\n|move|p2b: Calyrex|Seed Bomb|p1a: Kyogre\n|-supereffective|p1a: Kyogre\n|-damage|p1a: Kyogre|0 fnt\n|faint|p1a: Kyogre\n|-ability|p2b: Calyrex|Chilling Neigh|boost\n|-boost|p2b: Calyrex|atk|1\n|\n|-weather|RainDance|[upkeep]\n|upkeep\n|\n|t:|1774103828\n|switch|p2a: Kyogre|Kyogre, L50|100/100\n|switch|p1a: Calyrex|Calyrex-Ice, L50, tera:Grass|33/100\n|-ability|p1a: Calyrex|As One\n|-ability|p1a: Calyrex|Unnerve\n|turn|5\n|\n|t:|1774103842\n|move|p2a: Kyogre|Water Spout|p1b: Chesnaught|[spread] p1a,p1b\n|-resisted|p1a: Calyrex\n|-resisted|p1b: Chesnaught\n|-damage|p1a: Calyrex|6/100\n|-damage|p1b: Chesnaught|38/100\n|move|p2b: Calyrex|Glacial Lance|p1b: Chesnaught|[spread] p1a,p1b\n|-supereffective|p1a: Calyrex\n|-supereffective|p1b: Chesnaught\n|-damage|p1a: Calyrex|0 fnt\n|-damage|p1b: Chesnaught|0 fnt\n|faint|p1a: Calyrex\n|faint|p1b: Chesnaught\n|\n|win|ScribbleScribble\n|raw|1VLTSQ Joker's rating: 1610 &rarr; <strong>1596</strong><br />(-14 for losing)\n|raw|ScribbleScribble's rating: 1722 &rarr; <strong>1736</strong><br />(+14 for winning)\n|c|\u2606ScribbleScribble|gg\n|l| touchdownJulio\n|l| b3testing\n|l|\u26061VLTSQ Joker\n|player|p1|\n|l|\u2606ScribbleScribble\n|player|p2|\n","uploadtime":1774103984,"views":41,"formatid":"gen9vgc2026regi","rating":1596,"private":0,"password":null}