{"id":"gen9vgc2026regi-2536465007","format":"[Gen 9] VGC 2026 Reg I","players":["lalo's pollos","MarEQuinox"],"log":"|j|\u2606lalo's pollos\n|j|\u2606MarEQuinox\n|t:|1770691304\n|gametype|doubles\n|player|p1|lalo's pollos|102|1525\n|player|p2|MarEQuinox|cynthia-gen4|1440\n|gen|9\n|tier|[Gen 9] VGC 2026 Reg I\n|rated|\n|rule|Species Clause: Limit one of each Pok\u00e9mon\n|rule|Item Clause: Limit 1 of each item\n|clearpoke\n|poke|p1|Zamazenta-*, L50|\n|poke|p1|Lunala, L50|\n|poke|p1|Rillaboom, L50, M|\n|poke|p1|Incineroar, L50, M|\n|poke|p1|Urshifu-*, L50, F|\n|poke|p1|Tornadus, L50, M|\n|poke|p2|Miraidon, L50|\n|poke|p2|Calyrex-Ice, L50|\n|poke|p2|Dondozo, L50, M|\n|poke|p2|Tatsugiri, L50, M|\n|poke|p2|Chien-Pao, L50|\n|poke|p2|Dragonite, L50, F|\n|teampreview|4\n|\n|t:|1770691358\n|teamsize|p1|4\n|teamsize|p2|4\n|start\n|switch|p1a: Zamazenta|Zamazenta-Crowned, L50|100/100\n|switch|p1b: Rillaboom|Rillaboom, L50, M|100/100\n|switch|p2a: Miraidon|Miraidon, L50|100/100\n|switch|p2b: Dondozo|Dondozo, L50, M|100/100\n|-fieldstart|move: Electric Terrain|[from] ability: Hadron Engine|[of] p2a: Miraidon\n|-ability|p1a: Zamazenta|Dauntless Shield|boost\n|-boost|p1a: Zamazenta|def|1\n|-fieldstart|move: Grassy Terrain|[from] ability: Grassy Surge|[of] p1b: Rillaboom\n|turn|1\n|\n|t:|1770691376\n|move|p2a: Miraidon|Volt Switch|p1b: Rillaboom\n|-resisted|p1b: Rillaboom\n|-damage|p1b: Rillaboom|86/100\n|\n|t:|1770691380\n|switch|p2a: Tatsugiri|Tatsugiri, L50, M|100/100|[from] Volt Switch\n|-activate|p2a: Tatsugiri|ability: Commander|[of] p2b: Dondozo\n|-boost|p2b: Dondozo|atk|2\n|-boost|p2b: Dondozo|spa|2\n|-boost|p2b: Dondozo|spe|2\n|-boost|p2b: Dondozo|def|2\n|-boost|p2b: Dondozo|spd|2\n|move|p1a: Zamazenta|Body Press|p2b: Dondozo\n|-damage|p2b: Dondozo|76/100\n|move|p1b: Rillaboom|U-turn|p2b: Dondozo\n|-damage|p2b: Dondozo|69/100\n|\n|t:|1770691390\n|switch|p1b: Lunala|Lunala, L50|100/100|[from] U-turn\n|move|p2b: Dondozo|Order Up|p1b: Lunala\n|-damage|p1b: Lunala|79/100\n|-boost|p2b: Dondozo|atk|1\n|\n|-heal|p1b: Lunala|85/100|[from] Grassy Terrain\n|-heal|p1b: Lunala|91/100|[from] item: Leftovers\n|-heal|p2b: Dondozo|76/100|[from] Grassy Terrain\n|upkeep\n|turn|2\n|\n|t:|1770691399\n|move|p1a: Zamazenta|Body Press|p2b: Dondozo\n|-damage|p2b: Dondozo|52/100\n|move|p1b: Lunala|Moongeist Beam|p2b: Dondozo\n|-damage|p2b: Dondozo|29/100\n|move|p2b: Dondozo|Wave Crash|p1b: Lunala\n|-damage|p1b: Lunala|0 fnt\n|faint|p1b: Lunala\n|-damage|p2b: Dondozo|0 fnt|[from] Recoil\n|faint|p2b: Dondozo\n|\n|upkeep\n|\n|t:|1770691412\n|switch|p1b: Rillaboom|Rillaboom, L50, M|86/100\n|switch|p2b: Calyrex|Calyrex-Ice, L50|100/100\n|-ability|p2b: Calyrex|As One\n|-ability|p2b: Calyrex|Unnerve\n|turn|3\n|\n|t:|1770691420\n|move|p2a: Tatsugiri|Protect|p2a: Tatsugiri\n|-singleturn|p2a: Tatsugiri|Protect\n|move|p2b: Calyrex|Protect|p2b: Calyrex\n|-singleturn|p2b: Calyrex|Protect\n|move|p1b: Rillaboom|Fake Out|p2a: Tatsugiri\n|-activate|p2a: Tatsugiri|move: Protect\n|move|p1a: Zamazenta|Body Press|p2b: Calyrex\n|-activate|p2b: Calyrex|move: Protect\n|\n|-heal|p1b: Rillaboom|92/100|[from] Grassy Terrain\n|upkeep\n|turn|4\n|\n|t:|1770691430\n|-terastallize|p1b: Rillaboom|Fire\n|move|p1a: Zamazenta|Body Press|p2b: Calyrex\n|-damage|p2b: Calyrex|59/100\n|move|p2a: Tatsugiri|Draco Meteor|p1b: Rillaboom\n|-damage|p1b: Rillaboom|40/100\n|-unboost|p2a: Tatsugiri|spa|2\n|move|p1b: Rillaboom|Wood Hammer|p2b: Calyrex\n|-damage|p2b: Calyrex|22/100\n|-damage|p1b: Rillaboom|27/100|[from] Recoil\n|move|p2b: Calyrex|Leech Seed|p1a: Zamazenta\n|-start|p1a: Zamazenta|move: Leech Seed\n|\n|-heal|p1b: Rillaboom|33/100|[from] Grassy Terrain\n|-heal|p2b: Calyrex|28/100|[from] Grassy Terrain\n|-heal|p2b: Calyrex|33/100|[from] item: Leftovers\n|-damage|p1a: Zamazenta|88/100|[from] Leech Seed|[of] p2b: Calyrex\n|-heal|p2b: Calyrex|44/100|[silent]\n|upkeep\n|turn|5\n|\n|t:|1770691452\n|move|p2a: Tatsugiri|Protect|p2a: Tatsugiri\n|-singleturn|p2a: Tatsugiri|Protect\n|move|p2b: Calyrex|Protect|p2b: Calyrex\n|-singleturn|p2b: Calyrex|Protect\n|move|p1a: Zamazenta|Body Press|p2a: Tatsugiri\n|-activate|p2a: Tatsugiri|move: Protect\n|move|p1b: Rillaboom|U-turn|p1a: Zamazenta\n|-resisted|p1a: Zamazenta\n|-damage|p1a: Zamazenta|86/100\n|\n|t:|1770691460\n|switch|p1b: Tornadus|Tornadus, L50, M|100/100|[from] U-turn\n|\n|-heal|p1a: Zamazenta|93/100|[from] Grassy Terrain\n|-heal|p2b: Calyrex|50/100|[from] Grassy Terrain\n|-heal|p2b: Calyrex|56/100|[from] item: Leftovers\n|-damage|p1a: Zamazenta|80/100|[from] Leech Seed|[of] p2b: Calyrex\n|-heal|p2b: Calyrex|66/100|[silent]\n|-fieldend|move: Grassy Terrain\n|upkeep\n|turn|6\n|\n|t:|1770691481\n|move|p1b: Tornadus|Bleakwind Storm|p2a: Tatsugiri|[spread] p2a,p2b\n|-damage|p2a: Tatsugiri|46/100\n|-damage|p2b: Calyrex|44/100\n|move|p1a: Zamazenta|Body Press|p2b: Calyrex\n|-damage|p2b: Calyrex|5/100\n|move|p2a: Tatsugiri|Draco Meteor|p1b: Tornadus|[miss]\n|-miss|p2a: Tatsugiri|p1b: Tornadus\n|move|p2b: Calyrex|Leech Seed|p1b: Tornadus\n|-start|p1b: Tornadus|move: Leech Seed\n|\n|-heal|p2b: Calyrex|11/100|[from] item: Leftovers\n|-damage|p1b: Tornadus|88/100|[from] Leech Seed|[of] p2b: Calyrex\n|-heal|p2b: Calyrex|20/100|[silent]\n|-damage|p1a: Zamazenta|68/100|[from] Leech Seed|[of] p2b: Calyrex\n|-heal|p2b: Calyrex|31/100|[silent]\n|upkeep\n|turn|7\n|\n|t:|1770691503\n|move|p2b: Calyrex|Protect|p2b: Calyrex\n|-singleturn|p2b: Calyrex|Protect\n|move|p1b: Tornadus|Rain Dance|p1b: Tornadus\n|-weather|RainDance\n|move|p1a: Zamazenta|Body Press|p2b: Calyrex\n|-activate|p2b: Calyrex|move: Protect\n|move|p2a: Tatsugiri|Draco Meteor|p1b: Tornadus\n|-damage|p1b: Tornadus|42/100\n|-unboost|p2a: Tatsugiri|spa|2\n|\n|-weather|RainDance|[upkeep]\n|-heal|p2b: Calyrex|37/100|[from] item: Leftovers\n|-damage|p1b: Tornadus|30/100|[from] Leech Seed|[of] p2b: Calyrex\n|-heal|p2b: Calyrex|46/100|[silent]\n|-damage|p1a: Zamazenta|55/100|[from] Leech Seed|[of] p2b: Calyrex\n|-heal|p2b: Calyrex|57/100|[silent]\n|upkeep\n|turn|8\n|\n|t:|1770691529\n|move|p2a: Tatsugiri|Protect|p2a: Tatsugiri\n|-singleturn|p2a: Tatsugiri|Protect\n|move|p1b: Tornadus|Bleakwind Storm|p2b: Calyrex|[spread] p2b\n|-activate|p2a: Tatsugiri|move: Protect\n|-crit|p2b: Calyrex\n|-damage|p2b: Calyrex|26/100\n|-unboost|p2b: Calyrex|spe|1\n|move|p1a: Zamazenta|Body Press|p2b: Calyrex\n|-damage|p2b: Calyrex|0 fnt\n|faint|p2b: Calyrex\n|\n|-weather|RainDance|[upkeep]\n|upkeep\n|\n|t:|1770691535\n|switch|p2b: Miraidon|Miraidon, L50|100/100\n|-fieldstart|move: Electric Terrain|[from] ability: Hadron Engine|[of] p2b: Miraidon\n|turn|9\n|\n|t:|1770691550\n|-terastallize|p2b: Miraidon|Electric\n|move|p2a: Tatsugiri|Helping Hand|p2b: Miraidon\n|-singleturn|p2b: Miraidon|Helping Hand|[of] p2a: Tatsugiri\n|move|p1b: Tornadus|Tailwind|p1b: Tornadus\n|-sidestart|p1: lalo's pollos|move: Tailwind\n|move|p1a: Zamazenta|Body Press|p2b: Miraidon\n|-damage|p2b: Miraidon|34/100\n|move|p2b: Miraidon|Electro Drift|p1a: Zamazenta\n|-damage|p1a: Zamazenta|0 fnt\n|faint|p1a: Zamazenta\n|\n|-weather|RainDance|[upkeep]\n|-damage|p1b: Tornadus|17/100|[from] Leech Seed|[of] p2b: Miraidon\n|-heal|p2b: Miraidon|43/100|[silent]\n|upkeep\n|\n|t:|1770691558\n|switch|p1a: Rillaboom|Rillaboom, L50, M, tera:Fire|33/100\n|-fieldstart|move: Grassy Terrain|[from] ability: Grassy Surge|[of] p1a: Rillaboom\n|turn|10\n|inactive|Battle timer is ON: inactive players will automatically lose when time's up. (requested by MarEQuinox)\n|\n|t:|1770691586\n|move|p2a: Tatsugiri|Protect|p2a: Tatsugiri\n|-singleturn|p2a: Tatsugiri|Protect\n|move|p1a: Rillaboom|Fake Out|p2b: Miraidon\n|-damage|p2b: Miraidon|33/100\n|move|p1b: Tornadus|Bleakwind Storm|p2b: Miraidon|[spread] p2b\n|-activate|p2a: Tatsugiri|move: Protect\n|-resisted|p2b: Miraidon\n|-damage|p2b: Miraidon|18/100\n|cant|p2b: Miraidon|flinch\n|\n|-weather|RainDance|[upkeep]\n|-heal|p1a: Rillaboom|39/100|[from] Grassy Terrain\n|-heal|p2b: Miraidon|24/100|[from] Grassy Terrain\n|-heal|p2a: Tatsugiri|53/100|[from] Grassy Terrain\n|-damage|p1b: Tornadus|5/100|[from] Leech Seed|[of] p2b: Miraidon\n|-heal|p2b: Miraidon|33/100|[silent]\n|upkeep\n|turn|11\n|\n|t:|1770691599\n|move|p1b: Tornadus|Bleakwind Storm|p2b: Miraidon|[spread] p2a,p2b\n|-resisted|p2b: Miraidon\n|-damage|p2a: Tatsugiri|0 fnt\n|-damage|p2b: Miraidon|19/100\n|faint|p2a: Tatsugiri\n|move|p1a: Rillaboom|Wood Hammer|p2b: Miraidon\n|-damage|p2b: Miraidon|0 fnt\n|faint|p2b: Miraidon\n|-damage|p1a: Rillaboom|32/100|[from] Recoil\n|\n|win|lalo's pollos\n|raw|lalo&apos;s pollos's rating: 1525 &rarr; <strong>1540</strong><br />(+15 for winning)\n|raw|MarEQuinox's rating: 1440 &rarr; <strong>1425</strong><br />(-15 for losing)\n|l|\u2606MarEQuinox\n|player|p2|\n","uploadtime":1770691869,"views":28,"formatid":"gen9vgc2026regi","rating":1425,"private":0,"password":null}