{"id":"gen9vgc2026regi-2562484037","format":"[Gen 9] VGC 2026 Reg I","players":["den45","Iroha Sakayori"],"log":"|j|\u2606den45\n|j|\u2606Iroha Sakayori\n|t:|1773922805\n|gametype|doubles\n|player|p1|den45|102|1376\n|player|p2|Iroha Sakayori|1|1351\n|gen|9\n|tier|[Gen 9] VGC 2026 Reg I\n|rated|\n|rule|Species Clause: Limit one of each Pok\u00e9mon\n|rule|Item Clause: Limit 1 of each item\n|clearpoke\n|poke|p1|Calyrex-Shadow, L50|\n|poke|p1|Zamazenta-*, L50|\n|poke|p1|Entei, L50|\n|poke|p1|Chien-Pao, L50|\n|poke|p1|Amoonguss, L50, F|\n|poke|p1|Raging Bolt, L50|\n|poke|p2|Miraidon, L50|\n|poke|p2|Incineroar, L50, M|\n|poke|p2|Urshifu-*, L50, M|\n|poke|p2|Lunala, L50|\n|poke|p2|Ursaluna, L50, F|\n|poke|p2|Whimsicott, L50, F|\n|teampreview|4\n|inactive|Battle timer is ON: inactive players will automatically lose when time's up. (requested by den45)\n|inactive|den45 has 60 seconds left.\n|\n|t:|1773922837\n|teamsize|p1|4\n|teamsize|p2|4\n|start\n|switch|p1a: Calyrex|Calyrex-Shadow, L50|100/100\n|switch|p1b: Zamazenta|Zamazenta-Crowned, L50|100/100\n|switch|p2a: Whimsicott|Whimsicott, L50, F|100/100\n|switch|p2b: Miraidon|Miraidon, L50|100/100\n|-ability|p1a: Calyrex|As One\n|-ability|p1a: Calyrex|Unnerve\n|-fieldstart|move: Electric Terrain|[from] ability: Hadron Engine|[of] p2b: Miraidon\n|-ability|p1b: Zamazenta|Dauntless Shield|boost\n|-boost|p1b: Zamazenta|def|1\n|turn|1\n|inactive|Iroha Sakayori has 30 seconds left.\n|\n|t:|1773922863\n|move|p2a: Whimsicott|Light Screen|p2a: Whimsicott\n|-sidestart|p2: Iroha Sakayori|move: Light Screen\n|move|p1a: Calyrex|Nasty Plot|p1a: Calyrex\n|-boost|p1a: Calyrex|spa|2\n|move|p2b: Miraidon|Electro Drift|p1a: Calyrex\n|-damage|p1a: Calyrex|0 fnt\n|faint|p1a: Calyrex\n|-damage|p2b: Miraidon|91/100|[from] item: Life Orb\n|move|p1b: Zamazenta|Heavy Slam|p2a: Whimsicott\n|-supereffective|p2a: Whimsicott\n|-damage|p2a: Whimsicott|0 fnt\n|faint|p2a: Whimsicott\n|\n|upkeep\n|\n|t:|1773922880\n|switch|p1a: Chien-Pao|Chien-Pao, L50, shiny|100/100\n|switch|p2a: Lunala|Lunala, L50|100/100\n|-ability|p1a: Chien-Pao|Sword of Ruin\n|-enditem|p2a: Lunala|Electric Seed\n|-boost|p2a: Lunala|def|1|[from] item: Electric Seed\n|turn|2\n|\n|t:|1773922895\n|-terastallize|p1b: Zamazenta|Dragon\n|move|p1a: Chien-Pao|Ice Spinner|p2a: Lunala\n|-damage|p2a: Lunala|88/100\n|-fieldend|move: Electric Terrain\n|move|p2b: Miraidon|Electro Drift|p1b: Zamazenta\n|-resisted|p1b: Zamazenta\n|-damage|p1b: Zamazenta|79/100\n|-damage|p2b: Miraidon|82/100|[from] item: Life Orb\n|move|p1b: Zamazenta|Heavy Slam|p2a: Lunala\n|-damage|p2a: Lunala|54/100\n|move|p2a: Lunala|Trick Room|p2a: Lunala\n|-fieldstart|move: Trick Room|[of] p2a: Lunala\n|\n|upkeep\n|turn|3\n|\n|t:|1773922916\n|-terastallize|p2a: Lunala|Fairy\n|move|p1b: Zamazenta|Protect|p1b: Zamazenta\n|-singleturn|p1b: Zamazenta|Protect\n|move|p2a: Lunala|Moonblast|p1a: Chien-Pao\n|-supereffective|p1a: Chien-Pao\n|-enditem|p1a: Chien-Pao|Focus Sash\n|-damage|p1a: Chien-Pao|1/100\n|move|p2b: Miraidon|Draco Meteor|p1b: Zamazenta\n|-activate|p1b: Zamazenta|move: Protect\n|move|p1a: Chien-Pao|Ice Spinner|p2b: Miraidon\n|-supereffective|p2b: Miraidon\n|-damage|p2b: Miraidon|0 fnt\n|faint|p2b: Miraidon\n|\n|upkeep\n|\n|t:|1773922930\n|switch|p2b: Urshifu|Urshifu-Rapid-Strike, L50, M|100/100\n|turn|4\n|\n|t:|1773922946\n|switch|p1b: Entei|Entei, L50|100/100\n|move|p1a: Chien-Pao|Sucker Punch|p2a: Lunala\n|-resisted|p2a: Lunala\n|-damage|p2a: Lunala|43/100\n|move|p2a: Lunala|Moonblast|p1b: Entei\n|-resisted|p1b: Entei\n|-damage|p1b: Entei|67/100\n|move|p2b: Urshifu|Surging Strikes|p1b: Entei\n|-supereffective|p1b: Entei\n|-crit|p1b: Entei\n|-damage|p1b: Entei|0 fnt\n|faint|p1b: Entei\n|-hitcount|p1: Entei|1\n|\n|upkeep\n|\n|t:|1773922955\n|switch|p1b: Zamazenta|Zamazenta-Crowned, L50, tera:Dragon|79/100\n|turn|5\n|-message|den45 forfeited.\n|\n|win|Iroha Sakayori\n|raw|den45's rating: 1376 &rarr; <strong>1355</strong><br />(-21 for losing)\n|raw|Iroha Sakayori's rating: 1351 &rarr; <strong>1372</strong><br />(+21 for winning)\n|l|\u2606den45\n|player|p1|\n|l|\u2606Iroha Sakayori\n|player|p2|\n","uploadtime":1773923115,"views":15,"formatid":"gen9vgc2026regi","rating":1355,"private":0,"password":null}