{"id":"gen9vgc2026regi-2559552968","format":"[Gen 9] VGC 2026 Reg I","players":["Highkage2","IXx Cuda xXI"],"log":"|j|\u203dHighkage2\n|j|\u2606IXx Cuda xXI\n|t:|1773585462\n|gametype|doubles\n|player|p1|Highkage2|doubleteam|1191\n|player|p2|IXx Cuda xXI|101|1308\n|gen|9\n|tier|[Gen 9] VGC 2026 Reg I\n|rated|\n|rule|Species Clause: Limit one of each Pok\u00e9mon\n|rule|Item Clause: Limit 1 of each item\n|clearpoke\n|poke|p1|Incineroar, L50, M|\n|poke|p1|Landorus, L50, M|\n|poke|p1|Calyrex-Ice, L50|\n|poke|p1|Miraidon, L50|\n|poke|p1|Farigiraf, L50, F|\n|poke|p1|Urshifu-*, L50, F|\n|poke|p2|Calyrex-Ice, L50|\n|poke|p2|Urshifu-*, L50, M|\n|poke|p2|Miraidon, L50|\n|poke|p2|Iron Hands, L50|\n|poke|p2|Farigiraf, L50, M|\n|teampreview|4\n|inactive|Battle timer is ON: inactive players will automatically lose when time's up. (requested by Highkage2)\n|inactive|Highkage2 has 60 seconds left.\n|\n|t:|1773585525\n|teamsize|p1|4\n|teamsize|p2|4\n|start\n|switch|p1a: Incineroar|Incineroar, L50, M|100/100\n|switch|p1b: Urshifu|Urshifu-Rapid-Strike, L50, F|100/100\n|switch|p2a: Calyrex|Calyrex-Ice, L50|100/100\n|switch|p2b: Iron Hands|Iron Hands, L50|100/100\n|-ability|p2a: Calyrex|As One\n|-ability|p2a: Calyrex|Unnerve\n|-ability|p1a: Incineroar|Intimidate|boost\n|-fail|p2a: Calyrex|unboost|[from] item: Clear Amulet|[of] p2a: Calyrex\n|-unboost|p2b: Iron Hands|atk|1\n|turn|1\n|inactive|Highkage2 has 30 seconds left.\n|inactive|IXx Cuda xXI has 30 seconds left.\n|\n|t:|1773585560\n|move|p1a: Incineroar|Fake Out|p2b: Iron Hands\n|-damage|p2b: Iron Hands|93/100\n|move|p1b: Urshifu|Surging Strikes|p2b: Iron Hands\n|-crit|p2b: Iron Hands\n|-damage|p2b: Iron Hands|80/100\n|-crit|p2b: Iron Hands\n|-damage|p2b: Iron Hands|66/100\n|-crit|p2b: Iron Hands\n|-damage|p2b: Iron Hands|52/100\n|-hitcount|p2b: Iron Hands|3\n|cant|p2b: Iron Hands|flinch\n|move|p2a: Calyrex|Trick Room|p2a: Calyrex\n|-fieldstart|move: Trick Room|[of] p2a: Calyrex\n|\n|upkeep\n|turn|2\n|inactive|Highkage2 has 30 seconds left.\n|inactive|IXx Cuda xXI has 30 seconds left.\n|\n|t:|1773585591\n|-end|p2b: Iron Hands|Quark Drive|[silent]\n|switch|p2b: Miraidon|Miraidon, L50|100/100\n|-fieldstart|move: Electric Terrain|[from] ability: Hadron Engine|[of] p2b: Miraidon\n|switch|p1a: Calyrex|Calyrex-Ice, L50|100/100\n|-ability|p1a: Calyrex|As One\n|-ability|p1a: Calyrex|Unnerve\n|-terastallize|p2a: Calyrex|Electric\n|move|p1b: Urshifu|Detect|p1b: Urshifu\n|-singleturn|p1b: Urshifu|Protect\n|move|p2a: Calyrex|Tera Blast|p1b: Urshifu|[anim] Tera Blast Electric\n|-activate|p1b: Urshifu|move: Protect\n|\n|upkeep\n|turn|3\n|inactive|Highkage2 has 30 seconds left.\n|inactive|IXx Cuda xXI has 30 seconds left.\n|\n|t:|1773585621\n|switch|p2b: Urshifu|Urshifu-Rapid-Strike, L50, M|100/100\n|move|p2a: Calyrex|Tera Blast|p1b: Urshifu|[anim] Tera Blast Electric\n|-supereffective|p1b: Urshifu\n|-enditem|p1b: Urshifu|Focus Sash\n|-damage|p1b: Urshifu|1/100\n|move|p1a: Calyrex|Glacial Lance|p2b: Urshifu|[spread] p2a,p2b\n|-resisted|p2b: Urshifu\n|-damage|p2a: Calyrex|66/100\n|-damage|p2b: Urshifu|77/100\n|move|p1b: Urshifu|Close Combat|p2b: Urshifu\n|-damage|p2b: Urshifu|15/100\n|-unboost|p1b: Urshifu|def|1\n|-unboost|p1b: Urshifu|spd|1\n|\n|upkeep\n|turn|4\n|\n|t:|1773585639\n|switch|p1b: Incineroar|Incineroar, L50, M|100/100\n|-ability|p1b: Incineroar|Intimidate|boost\n|-fail|p2a: Calyrex|unboost|[from] item: Clear Amulet|[of] p2a: Calyrex\n|-unboost|p2b: Urshifu|atk|1\n|move|p2b: Urshifu|Surging Strikes|p1a: Calyrex\n|-crit|p1a: Calyrex\n|-damage|p1a: Calyrex|87/100\n|-crit|p1a: Calyrex\n|-damage|p1a: Calyrex|75/100\n|-crit|p1a: Calyrex\n|-damage|p1a: Calyrex|61/100\n|-hitcount|p1a: Calyrex|3\n|move|p2a: Calyrex|Glacial Lance|p1b: Incineroar|[spread] p1a,p1b\n|-resisted|p1a: Calyrex\n|-resisted|p1b: Incineroar\n|-damage|p1a: Calyrex|42/100\n|-damage|p1b: Incineroar|77/100\n|move|p1a: Calyrex|Glacial Lance|p2a: Calyrex|[spread] p2a,p2b\n|-resisted|p2b: Urshifu\n|-damage|p2a: Calyrex|32/100\n|-damage|p2b: Urshifu|0 fnt\n|faint|p2b: Urshifu\n|-ability|p1a: Calyrex|Chilling Neigh|boost\n|-boost|p1a: Calyrex|atk|1\n|\n|-heal|p1a: Calyrex|47/100|[from] item: Leftovers\n|upkeep\n|\n|t:|1773585663\n|switch|p2b: Iron Hands|Iron Hands, L50|52/100\n|-activate|p2b: Iron Hands|ability: Quark Drive\n|-start|p2b: Iron Hands|quarkdriveatk\n|turn|5\n|\n|t:|1773585670\n|move|p2b: Iron Hands|Fake Out|p1b: Incineroar\n|-damage|p1b: Incineroar|62/100\n|cant|p1b: Incineroar|flinch\n|move|p2a: Calyrex|Tera Blast|p1a: Calyrex|[anim] Tera Blast Electric\n|-damage|p1a: Calyrex|4/100\n|move|p1a: Calyrex|Glacial Lance|p2a: Calyrex|[spread] p2a,p2b\n|-damage|p2a: Calyrex|0 fnt\n|-damage|p2b: Iron Hands|4/100\n|faint|p2a: Calyrex\n|-ability|p1a: Calyrex|Chilling Neigh|boost\n|-boost|p1a: Calyrex|atk|1\n|\n|-heal|p1a: Calyrex|10/100|[from] item: Leftovers\n|-fieldend|move: Trick Room\n|upkeep\n|\n|t:|1773585686\n|switch|p2a: Miraidon|Miraidon, L50|100/100\n|-activate|p2a: Miraidon|ability: Hadron Engine\n|turn|6\n|inactive|Highkage2 has 30 seconds left.\n|\n|t:|1773585716\n|switch|p1b: Urshifu|Urshifu-Rapid-Strike, L50, F|1/100\n|move|p2a: Miraidon|Electro Drift|p1a: Calyrex\n|-damage|p1a: Calyrex|0 fnt\n|faint|p1a: Calyrex\n|move|p2b: Iron Hands|Drain Punch|p1b: Urshifu\n|-damage|p1b: Urshifu|0 fnt\n|-heal|p2b: Iron Hands|5/100|[from] drain|[of] p1b: Urshifu\n|faint|p1b: Urshifu\n|\n|-fieldend|move: Electric Terrain\n|-end|p2b: Iron Hands|Quark Drive\n|upkeep\n|\n|t:|1773585722\n|switch|p1b: Miraidon|Miraidon, L50|100/100\n|switch|p1a: Incineroar|Incineroar, L50, M|62/100\n|-fieldstart|move: Electric Terrain|[from] ability: Hadron Engine|[of] p1b: Miraidon\n|-activate|p2b: Iron Hands|ability: Quark Drive\n|-start|p2b: Iron Hands|quarkdriveatk\n|-ability|p1a: Incineroar|Intimidate|boost\n|-unboost|p2a: Miraidon|atk|1\n|-unboost|p2b: Iron Hands|atk|1\n|turn|7\n|-message|IXx Cuda xXI forfeited.\n|\n|win|Highkage2\n|raw|Highkage2's rating: 1191 &rarr; <strong>1224</strong><br />(+33 for winning)\n|raw|IXx Cuda xXI's rating: 1308 &rarr; <strong>1282</strong><br />(-26 for losing)\n|l|\u2606IXx Cuda xXI\n|player|p2|\n","uploadtime":1773585896,"views":12,"formatid":"gen9vgc2026regi","rating":1224,"private":0,"password":null}