{"id":"gen9vgc2026regi-2588638024","format":"[Gen 9] VGC 2026 Reg I","players":["lolpoopypants","clessvgc"],"log":"|j|\u2606lolpoopypants\n|j|\u2606clessvgc\n|t:|1776652582\n|gametype|doubles\n|player|p1|lolpoopypants|blue|1556\n|player|p2|clessvgc|proton|1448\n|gen|9\n|tier|[Gen 9] VGC 2026 Reg I\n|rated|\n|rule|Species Clause: Limit one of each Pok\u00e9mon\n|rule|Item Clause: Limit 1 of each item\n|clearpoke\n|poke|p1|Calyrex-Shadow, L50|\n|poke|p1|Zamazenta-*, L50|\n|poke|p1|Chien-Pao, L50|\n|poke|p1|Dragonite, L50, F|\n|poke|p1|Amoonguss, L50, F|\n|poke|p1|Ogerpon-Cornerstone, L50, F|\n|poke|p2|Landorus-Therian, L50, M|\n|poke|p2|Calyrex-Shadow, L50|\n|poke|p2|Iron Moth, L50|\n|poke|p2|Tornadus, L50, M|\n|poke|p2|Tinkaton, L50, F|\n|poke|p2|Kyogre, L50|\n|teampreview|4\n|inactive|Battle timer is ON: inactive players will automatically lose when time's up. (requested by clessvgc)\n|inactive|lolpoopypants also wants the timer to be on.\n|inactive|clessvgc has 60 seconds left.\n|\n|t:|1776652613\n|teamsize|p1|4\n|teamsize|p2|4\n|start\n|switch|p1a: Zamazenta|Zamazenta-Crowned, L50|100/100\n|switch|p1b: Dragonite|Dragonite, L50, F|100/100\n|switch|p2a: Tinkaton|Tinkaton, L50, F|100/100\n|switch|p2b: Iron Moth|Iron Moth, L50|100/100\n|-ability|p1a: Zamazenta|Dauntless Shield|boost\n|-boost|p1a: Zamazenta|def|1\n|-ability|p2a: Tinkaton|Mold Breaker\n|turn|1\n|inactive|lolpoopypants has 30 seconds left.\n|\n|t:|1776652646\n|-terastallize|p1b: Dragonite|Normal\n|move|p2a: Tinkaton|Fake Out|p1b: Dragonite\n|-damage|p1b: Dragonite|94/100\n|cant|p1b: Dragonite|flinch\n|move|p2b: Iron Moth|Heat Wave|p1b: Dragonite|[spread] p1a,p1b\n|-supereffective|p1a: Zamazenta\n|-damage|p1a: Zamazenta|32/100\n|-damage|p1b: Dragonite|53/100\n|-damage|p2b: Iron Moth|91/100|[from] item: Life Orb\n|move|p1a: Zamazenta|Behemoth Bash|p2a: Tinkaton\n|-damage|p2a: Tinkaton|53/100\n|\n|upkeep\n|turn|2\n|\n|t:|1776652660\n|switch|p2a: Calyrex|Calyrex-Shadow, L50|100/100\n|-ability|p2a: Calyrex|As One\n|-ability|p2a: Calyrex|Unnerve\n|move|p2b: Iron Moth|Protect|p2b: Iron Moth\n|-singleturn|p2b: Iron Moth|Protect\n|move|p1a: Zamazenta|Protect|p1a: Zamazenta\n|-singleturn|p1a: Zamazenta|Protect\n|move|p1b: Dragonite|Extreme Speed|p2b: Iron Moth\n|-activate|p2b: Iron Moth|move: Protect\n|\n|upkeep\n|turn|3\n|\n|t:|1776652674\n|-end|p2b: Iron Moth|Quark Drive|[silent]\n|switch|p2b: Tinkaton|Tinkaton, L50, F|53/100\n|-ability|p2b: Tinkaton|Mold Breaker\n|move|p1a: Zamazenta|Wide Guard|p1a: Zamazenta\n|-singleturn|p1a: Zamazenta|Wide Guard\n|move|p1b: Dragonite|Extreme Speed|p2b: Tinkaton\n|-resisted|p2b: Tinkaton\n|-damage|p2b: Tinkaton|10/100\n|move|p2a: Calyrex|Psychic|p1a: Zamazenta\n|-damage|p1a: Zamazenta|0 fnt\n|faint|p1a: Zamazenta\n|-ability|p2a: Calyrex|Grim Neigh|boost\n|-boost|p2a: Calyrex|spa|1\n|\n|upkeep\n|\n|t:|1776652677\n|switch|p1a: Calyrex|Calyrex-Shadow, L50|100/100\n|-ability|p1a: Calyrex|As One\n|-ability|p1a: Calyrex|Unnerve\n|turn|4\n|\n|t:|1776652688\n|move|p1a: Calyrex|Protect|p1a: Calyrex\n|-singleturn|p1a: Calyrex|Protect\n|move|p2b: Tinkaton|Fake Out|p1b: Dragonite\n|-damage|p1b: Dragonite|46/100\n|cant|p1b: Dragonite|flinch\n|move|p2a: Calyrex|Astral Barrage|p1a: Calyrex|[spread] \n|-activate|p1a: Calyrex|move: Protect\n|-immune|p1b: Dragonite\n|\n|upkeep\n|turn|5\n|\n|t:|1776652706\n|-terastallize|p2a: Calyrex|Normal\n|move|p1b: Dragonite|Extreme Speed|p2b: Tinkaton\n|-resisted|p2b: Tinkaton\n|-damage|p2b: Tinkaton|0 fnt\n|faint|p2b: Tinkaton\n|move|p1a: Calyrex|Astral Barrage|p2a: Calyrex\n|-immune|p2a: Calyrex\n|move|p2a: Calyrex|Encore|p1a: Calyrex\n|-start|p1a: Calyrex|Encore\n|\n|upkeep\n|\n|t:|1776652719\n|switch|p2b: Kyogre|Kyogre, L50|100/100\n|-weather|RainDance|[from] ability: Drizzle|[of] p2b: Kyogre\n|turn|6\n|\n|t:|1776652727\n|move|p2b: Kyogre|Protect|p2b: Kyogre\n|-singleturn|p2b: Kyogre|Protect\n|move|p1b: Dragonite|Extreme Speed|p2a: Calyrex\n|-damage|p2a: Calyrex|8/100\n|move|p2a: Calyrex|Psychic|p1b: Dragonite\n|-damage|p1b: Dragonite|0 fnt\n|faint|p1b: Dragonite\n|-ability|p2a: Calyrex|Grim Neigh|boost\n|-boost|p2a: Calyrex|spa|1\n|move|p1a: Calyrex|Astral Barrage|p2a: Calyrex|[spread] \n|-activate|p2b: Kyogre|move: Protect\n|-immune|p2a: Calyrex\n|\n|-weather|RainDance|[upkeep]\n|upkeep\n|\n|t:|1776652732\n|switch|p1b: Ogerpon|Ogerpon-Cornerstone, L50, F|100/100\n|turn|7\n|\n|t:|1776652739\n|move|p1a: Calyrex|Astral Barrage|p2a: Calyrex|[spread] p2b\n|-immune|p2a: Calyrex\n|-damage|p2b: Kyogre|56/100\n|move|p2a: Calyrex|Astral Barrage|p1a: Calyrex|[spread] p1a,p1b\n|-supereffective|p1a: Calyrex\n|-enditem|p1a: Calyrex|Focus Sash\n|-damage|p1a: Calyrex|1/100\n|-ability|p1b: Ogerpon|Sturdy\n|-damage|p1b: Ogerpon|1/100\n|move|p1b: Ogerpon|Power Whip|p2b: Kyogre\n|-supereffective|p2b: Kyogre\n|-damage|p2b: Kyogre|0 fnt\n|faint|p2b: Kyogre\n|\n|-weather|RainDance|[upkeep]\n|upkeep\n|\n|t:|1776652742\n|switch|p2b: Iron Moth|Iron Moth, L50|91/100\n|turn|8\n|\n|t:|1776652764\n|move|p2a: Calyrex|Astral Barrage|p1b: Ogerpon|[spread] p1a,p1b\n|-supereffective|p1a: Calyrex\n|-damage|p1a: Calyrex|0 fnt\n|-damage|p1b: Ogerpon|0 fnt\n|faint|p1a: Calyrex\n|faint|p1b: Ogerpon\n|\n|win|clessvgc\n|raw|lolpoopypants's rating: 1556 &rarr; <strong>1530</strong><br />(-26 for losing)\n|raw|clessvgc's rating: 1448 &rarr; <strong>1474</strong><br />(+26 for winning)\n|l|\u2606lolpoopypants\n|player|p1|\n|l|\u2606clessvgc\n|player|p2|\n","uploadtime":1776652953,"views":10,"formatid":"gen9vgc2026regi","rating":1474,"private":0,"password":null}