{"id":"gen9vgc2026regi-2539370175","format":"[Gen 9] VGC 2026 Reg I","players":["ryo8989","AlonzerGovernor"],"log":"|j|\u2606ryo8989\n|j|\u203dAlonzerGovernor\n|t:|1771045375\n|gametype|doubles\n|player|p1|ryo8989|erika|1422\n|player|p2|AlonzerGovernor|169|1436\n|gen|9\n|tier|[Gen 9] VGC 2026 Reg I\n|rated|\n|rule|Species Clause: Limit one of each Pok\u00e9mon\n|rule|Item Clause: Limit 1 of each item\n|clearpoke\n|poke|p1|Calyrex-Ice, L50|\n|poke|p1|Miraidon, L50|\n|poke|p1|Incineroar, L50, M|\n|poke|p1|Farigiraf, L50, M|\n|poke|p1|Urshifu-*, L50, M|\n|poke|p1|Whimsicott, L50, F|\n|poke|p2|Smeargle, L50, M|\n|poke|p2|Muk-Alola, L50, M|\n|poke|p2|Flamigo, L50, M|\n|poke|p2|Calyrex-Shadow, L50|\n|poke|p2|Dondozo, L50, M|\n|poke|p2|Tatsugiri, L50, F|\n|teampreview|4\n|inactive|Battle timer is ON: inactive players will automatically lose when time's up. (requested by AlonzerGovernor)\n|inactive|ryo8989 has 60 seconds left.\n|\n|t:|1771045408\n|teamsize|p1|4\n|teamsize|p2|4\n|start\n|switch|p1a: Miraidon|Miraidon, L50|100/100\n|switch|p1b: Farigiraf|Farigiraf, L50, M|100/100\n|switch|p2a: Smeargle|Smeargle, L50, M, shiny|100/100\n|switch|p2b: Muk|Muk-Alola, L50, M, shiny|100/100\n|-fieldstart|move: Electric Terrain|[from] ability: Hadron Engine|[of] p1a: Miraidon\n|-enditem|p1b: Farigiraf|Electric Seed\n|-boost|p1b: Farigiraf|def|1|[from] item: Electric Seed\n|turn|1\n|inactive|AlonzerGovernor has 30 seconds left.\n|\n|t:|1771045439\n|move|p2a: Smeargle|Ruination|p1a: Miraidon\n|-damage|p1a: Miraidon|51/100\n|move|p1a: Miraidon|Volt Switch|p2a: Smeargle\n|-damage|p2a: Smeargle|0 fnt\n|faint|p2a: Smeargle\n|-ability|p2b: Muk|Moody|Power of Alchemy|[from] ability: Power of Alchemy|[of] p2a: Smeargle\n|\n|t:|1771045449\n|switch|p1a: Calyrex|Calyrex-Ice, L50|100/100|[from] Volt Switch\n|-ability|p1a: Calyrex|As One\n|-ability|p1a: Calyrex|Unnerve\n|move|p2b: Muk|Minimize|p2b: Muk\n|-boost|p2b: Muk|evasion|2\n|move|p1b: Farigiraf|Roar|p2b: Muk\n|drag|p2b: Flamigo|Flamigo, L50, M, shiny|100/100\n|\n|upkeep\n|\n|t:|1771045473\n|switch|p2a: Calyrex|Calyrex-Shadow, L50|100/100\n|-ability|p2a: Calyrex|As One\n|-ability|p2a: Calyrex|Unnerve\n|turn|2\n|inactive|AlonzerGovernor has 30 seconds left.\n|\n|t:|1771045498\n|-terastallize|p1a: Calyrex|Fire\n|move|p2a: Calyrex|Astral Barrage|p1b: Farigiraf|[spread] p1a\n|-immune|p1b: Farigiraf\n|-damage|p1a: Calyrex|66/100\n|move|p2b: Flamigo|Close Combat|p1b: Farigiraf\n|-damage|p1b: Farigiraf|72/100\n|-unboost|p2b: Flamigo|def|1\n|-unboost|p2b: Flamigo|spd|1\n|-enditem|p2b: Flamigo|White Herb\n|-clearnegativeboost|p2b: Flamigo|[silent]\n|move|p1b: Farigiraf|Foul Play|p2a: Calyrex\n|-supereffective|p2a: Calyrex\n|-crit|p2a: Calyrex\n|-enditem|p2a: Calyrex|Focus Sash\n|-damage|p2a: Calyrex|1/100\n|move|p1a: Calyrex|Trick Room|p1a: Calyrex\n|-fieldstart|move: Trick Room|[of] p1a: Calyrex\n|\n|upkeep\n|turn|3\n|inactive|ryo8989 has 30 seconds left.\n|inactive|AlonzerGovernor has 30 seconds left.\n|inactive|AlonzerGovernor has 20 seconds left.\n|inactive|AlonzerGovernor has 15 seconds left.\n|\n|t:|1771045543\n|-terastallize|p2b: Flamigo|Steel\n|move|p1a: Calyrex|Glacial Lance|p2a: Calyrex|[spread] p2a,p2b\n|-resisted|p2b: Flamigo\n|-damage|p2a: Calyrex|0 fnt\n|-damage|p2b: Flamigo|63/100\n|faint|p2a: Calyrex\n|-ability|p1a: Calyrex|Chilling Neigh|boost\n|-boost|p1a: Calyrex|atk|1\n|move|p1b: Farigiraf|Foul Play|p2b: Flamigo\n|-damage|p2b: Flamigo|24/100\n|move|p2b: Flamigo|Close Combat|p1a: Calyrex\n|-damage|p1a: Calyrex|32/100\n|-unboost|p2b: Flamigo|def|1\n|-unboost|p2b: Flamigo|spd|1\n|\n|upkeep\n|\n|t:|1771045554\n|switch|p2a: Muk|Muk-Alola, L50, M, shiny|100/100\n|turn|4\n|\n|t:|1771045566\n|switch|p1b: Miraidon|Miraidon, L50|51/100\n|-activate|p1b: Miraidon|ability: Hadron Engine\n|move|p2b: Flamigo|Wide Guard|p2b: Flamigo\n|-singleturn|p2b: Flamigo|Wide Guard\n|move|p1a: Calyrex|Glacial Lance|p2a: Muk|[spread] \n|-activate|p2a: Muk|move: Wide Guard\n|-activate|p2b: Flamigo|move: Wide Guard\n|move|p2a: Muk|Minimize|p2a: Muk\n|-boost|p2a: Muk|evasion|2\n|\n|upkeep\n|turn|5\n|\n|t:|1771045583\n|move|p2b: Flamigo|Wide Guard|p2b: Flamigo\n|-singleturn|p2b: Flamigo|Wide Guard\n|move|p1a: Calyrex|Glacial Lance|p2a: Muk|[spread] \n|-activate|p2a: Muk|move: Wide Guard\n|-activate|p2b: Flamigo|move: Wide Guard\n|move|p2a: Muk|Minimize|p2a: Muk\n|-boost|p2a: Muk|evasion|2\n|move|p1b: Miraidon|Electro Drift|p2b: Flamigo\n|-damage|p2b: Flamigo|0 fnt\n|faint|p2b: Flamigo\n|-ability|p2a: Muk|Costar|Power of Alchemy|[from] ability: Power of Alchemy|[of] p2b: Flamigo\n|\n|-fieldend|move: Electric Terrain\n|upkeep\n|turn|6\n|inactive|AlonzerGovernor has 30 seconds left.\n|\n|t:|1771045611\n|move|p1a: Calyrex|High Horsepower|p2a: Muk|[miss]\n|-miss|p1a: Calyrex|p2a: Muk\n|move|p2a: Muk|Poison Gas|p1a: Calyrex|[spread] p1a,p1b\n|-status|p1a: Calyrex|psn\n|-status|p1b: Miraidon|psn\n|move|p1b: Miraidon|Electro Drift|p2a: Muk|[miss]\n|-miss|p1b: Miraidon|p2a: Muk\n|\n|-damage|p1a: Calyrex|20/100 psn|[from] psn\n|-damage|p1b: Miraidon|38/100 psn|[from] psn\n|-fieldend|move: Trick Room\n|upkeep\n|turn|7\n|\n|t:|1771045628\n|move|p1b: Miraidon|Electro Drift|p2a: Muk\n|-damage|p2a: Muk|49/100\n|move|p2a: Muk|Minimize|p2a: Muk\n|-boost|p2a: Muk|evasion|2\n|move|p1a: Calyrex|High Horsepower|p2a: Muk|[miss]\n|-miss|p1a: Calyrex|p2a: Muk\n|\n|-heal|p2a: Muk|55/100|[from] item: Leftovers\n|-damage|p1b: Miraidon|26/100 psn|[from] psn\n|-damage|p1a: Calyrex|8/100 psn|[from] psn\n|upkeep\n|turn|8\n|\n|t:|1771045649\n|move|p2a: Muk|Protect|p2a: Muk\n|-singleturn|p2a: Muk|Protect\n|move|p1b: Miraidon|Electro Drift|p2a: Muk\n|-activate|p2a: Muk|move: Protect\n|move|p1a: Calyrex|High Horsepower|p2a: Muk\n|-activate|p2a: Muk|move: Protect\n|\n|-heal|p2a: Muk|61/100|[from] item: Leftovers\n|-damage|p1b: Miraidon|13/100 psn|[from] psn\n|-damage|p1a: Calyrex|0 fnt|[from] psn\n|faint|p1a: Calyrex\n|upkeep\n|\n|t:|1771045664\n|switch|p1a: Incineroar|Incineroar, L50, M|100/100\n|-ability|p1a: Incineroar|Intimidate|boost\n|-unboost|p2a: Muk|atk|1\n|turn|9\n|\n|t:|1771045677\n|move|p1a: Incineroar|Fake Out|p2a: Muk\n|-damage|p2a: Muk|53/100\n|move|p1b: Miraidon|Electro Drift|p2a: Muk|[miss]\n|-miss|p1b: Miraidon|p2a: Muk\n|cant|p2a: Muk|flinch\n|\n|-heal|p2a: Muk|59/100|[from] item: Leftovers\n|-damage|p1b: Miraidon|1/100 psn|[from] psn\n|upkeep\n|turn|10\n|\n|t:|1771045692\n|switch|p1b: Farigiraf|Farigiraf, L50, M|72/100\n|move|p1a: Incineroar|Flare Blitz|p2a: Muk\n|-damage|p2a: Muk|21/100\n|-damage|p1a: Incineroar|87/100|[from] Recoil\n|move|p2a: Muk|Poison Gas|p1b: Farigiraf|[spread] p1b\n|-miss|p2a: Muk|p1a: Incineroar\n|-status|p1b: Farigiraf|psn\n|\n|-heal|p2a: Muk|27/100|[from] item: Leftovers\n|-damage|p1b: Farigiraf|60/100 psn|[from] psn\n|upkeep\n|turn|11\n|\n|t:|1771045709\n|move|p2a: Muk|Protect|p2a: Muk\n|-singleturn|p2a: Muk|Protect\n|move|p1a: Incineroar|Flare Blitz|p2a: Muk\n|-activate|p2a: Muk|move: Protect\n|move|p1b: Farigiraf|Foul Play|p2a: Muk\n|-activate|p2a: Muk|move: Protect\n|\n|-heal|p2a: Muk|33/100|[from] item: Leftovers\n|-damage|p1b: Farigiraf|48/100 psn|[from] psn\n|upkeep\n|turn|12\n|\n|t:|1771045722\n|move|p1a: Incineroar|Flare Blitz|p2a: Muk|[miss]\n|-miss|p1a: Incineroar|p2a: Muk\n|move|p1b: Farigiraf|Foul Play|p2a: Muk|[miss]\n|-miss|p1b: Farigiraf|p2a: Muk\n|move|p2a: Muk|Poison Gas|p1b: Farigiraf|[spread] \n|-miss|p2a: Muk|p1a: Incineroar\n|-fail|p1b: Farigiraf|psn\n|\n|-heal|p2a: Muk|39/100|[from] item: Leftovers\n|-damage|p1b: Farigiraf|35/100 psn|[from] psn\n|upkeep\n|turn|13\n|\n|t:|1771045737\n|move|p1a: Incineroar|Flare Blitz|p2a: Muk\n|-damage|p2a: Muk|0 fnt\n|faint|p2a: Muk\n|-damage|p1a: Incineroar|74/100|[from] Recoil\n|\n|win|ryo8989\n|raw|ryo8989's rating: 1422 &rarr; <strong>1443</strong><br />(+21 for winning)\n|raw|AlonzerGovernor's rating: 1436 &rarr; <strong>1415</strong><br />(-21 for losing)\n|l|\u2606ryo8989\n|player|p1|\n|l|\u203dAlonzerGovernor\n|player|p2|\n","uploadtime":1771045894,"views":31,"formatid":"gen9vgc2026regi","rating":1415,"private":0,"password":null}