{"id":"gen9vgc2026regi-2579585652","format":"[Gen 9] VGC 2026 Reg I","players":["Sheevp","DBWaffles"],"log":"|j|\u2606Sheevp\n|j|\u203dDBWaffles\n|t:|1775801573\n|gametype|doubles\n|player|p1|Sheevp|170|1416\n|player|p2|DBWaffles|hiker-gen4|1460\n|gen|9\n|tier|[Gen 9] VGC 2026 Reg I\n|rated|\n|rule|Species Clause: Limit one of each Pok\u00e9mon\n|rule|Item Clause: Limit 1 of each item\n|clearpoke\n|poke|p1|Calyrex-Ice, L50|\n|poke|p1|Kyogre, L50|\n|poke|p1|Smeargle, L50, F|\n|poke|p1|Roaring Moon, L50|\n|poke|p1|Amoonguss, L50, F|\n|poke|p1|Landorus, L50, M|\n|poke|p2|Ho-Oh, L50|\n|poke|p2|Gyarados, L50, F|\n|poke|p2|Amoonguss, L50, F|\n|poke|p2|Dialga-Origin, L50|\n|poke|p2|Tyranitar, L50, F|\n|poke|p2|Excadrill, L50, F|\n|teampreview|4\n|inactive|Battle timer is ON: inactive players will automatically lose when time's up. (requested by DBWaffles)\n|inactive|DBWaffles has 60 seconds left.\n|\n|t:|1775801606\n|teamsize|p1|4\n|teamsize|p2|4\n|start\n|switch|p1a: Kyogre|Kyogre, L50|100/100\n|switch|p1b: Landorus|Landorus, L50, M|100/100\n|switch|p2a: Ho-Oh|Ho-Oh, L50|100/100\n|switch|p2b: Amoonguss|Amoonguss, L50, F|100/100\n|-weather|RainDance|[from] ability: Drizzle|[of] p1a: Kyogre\n|turn|1\n|\n|t:|1775801621\n|move|p2a: Ho-Oh|Protect|p2a: Ho-Oh\n|-singleturn|p2a: Ho-Oh|Protect\n|move|p1b: Landorus|Earth Power|p2b: Amoonguss\n|-damage|p2b: Amoonguss|44/100\n|-enditem|p2b: Amoonguss|Sitrus Berry|[eat]\n|-heal|p2b: Amoonguss|69/100|[from] item: Sitrus Berry\n|move|p1a: Kyogre|Origin Pulse|p2a: Ho-Oh|[spread] p2b\n|-activate|p2a: Ho-Oh|move: Protect\n|-resisted|p2b: Amoonguss\n|-damage|p2b: Amoonguss|40/100\n|move|p2b: Amoonguss|Spore|p1a: Kyogre\n|-status|p1a: Kyogre|slp|[from] move: Spore\n|\n|-weather|RainDance|[upkeep]\n|upkeep\n|turn|2\n|\n|t:|1775801637\n|switch|p2b: Gyarados|Gyarados, L50, F|100/100\n|-ability|p2b: Gyarados|Intimidate|boost\n|-unboost|p1a: Kyogre|atk|1\n|-unboost|p1b: Landorus|atk|1\n|move|p1b: Landorus|Earth Power|p2b: Gyarados\n|-immune|p2b: Gyarados\n|cant|p1a: Kyogre|slp\n|move|p2a: Ho-Oh|Brave Bird|p1b: Landorus\n|-damage|p1b: Landorus|26/100\n|-damage|p2a: Ho-Oh|79/100|[from] Recoil\n|\n|-weather|RainDance|[upkeep]\n|-heal|p2a: Ho-Oh|85/100|[from] item: Leftovers\n|upkeep\n|turn|3\n|\n|t:|1775801651\n|switch|p1b: Calyrex|Calyrex-Ice, L50|100/100\n|-ability|p1b: Calyrex|As One\n|-ability|p1b: Calyrex|Unnerve\n|cant|p1a: Kyogre|slp\n|move|p2a: Ho-Oh|Brave Bird|p1a: Kyogre\n|-damage|p1a: Kyogre|35/100 slp\n|-damage|p2a: Ho-Oh|64/100|[from] Recoil\n|move|p2b: Gyarados|Waterfall|p1b: Calyrex\n|-damage|p1b: Calyrex|72/100\n|\n|-weather|RainDance|[upkeep]\n|-heal|p2a: Ho-Oh|70/100|[from] item: Leftovers\n|-heal|p1b: Calyrex|78/100|[from] item: Leftovers\n|upkeep\n|turn|4\n|inactive|DBWaffles has 30 seconds left.\n|\n|t:|1775801679\n|move|p2a: Ho-Oh|Protect|p2a: Ho-Oh\n|-singleturn|p2a: Ho-Oh|Protect\n|cant|p1a: Kyogre|slp\n|move|p2b: Gyarados|Waterfall|p1b: Calyrex\n|-damage|p1b: Calyrex|50/100\n|move|p1b: Calyrex|Glacial Lance|p2b: Gyarados|[spread] p2b\n|-activate|p2a: Ho-Oh|move: Protect\n|-damage|p2b: Gyarados|57/100\n|\n|-weather|RainDance|[upkeep]\n|-heal|p2a: Ho-Oh|76/100|[from] item: Leftovers\n|-heal|p1b: Calyrex|56/100|[from] item: Leftovers\n|upkeep\n|turn|5\n|\n|t:|1775801693\n|switch|p2a: Dialga|Dialga-Origin, L50|100/100\n|-curestatus|p1a: Kyogre|slp|[msg]\n|move|p1a: Kyogre|Origin Pulse|p2b: Gyarados|[spread] p2a,p2b\n|-resisted|p2a: Dialga\n|-resisted|p2b: Gyarados\n|-damage|p2a: Dialga|64/100\n|-damage|p2b: Gyarados|13/100\n|move|p2b: Gyarados|Thunder Wave|p1b: Calyrex\n|-status|p1b: Calyrex|par\n|move|p1b: Calyrex|Glacial Lance|p2a: Dialga|[spread] p2a,p2b\n|-damage|p2a: Dialga|20/100\n|-damage|p2b: Gyarados|0 fnt\n|faint|p2b: Gyarados\n|-ability|p1b: Calyrex|Chilling Neigh|boost\n|-boost|p1b: Calyrex|atk|1\n|\n|-weather|none\n|-heal|p1b: Calyrex|62/100 par|[from] item: Leftovers\n|upkeep\n|\n|t:|1775801703\n|switch|p2b: Ho-Oh|Ho-Oh, L50|100/100\n|turn|6\n|\n|t:|1775801727\n|switch|p2a: Amoonguss|Amoonguss, L50, F|73/100\n|switch|p1a: Smeargle|Smeargle, L50, F|100/100\n|-terastallize|p2b: Ho-Oh|Grass\n|move|p1b: Calyrex|Protect|p1b: Calyrex\n|-singleturn|p1b: Calyrex|Protect\n|move|p2b: Ho-Oh|Sacred Fire|p1b: Calyrex\n|-activate|p1b: Calyrex|move: Protect\n|\n|-heal|p1b: Calyrex|68/100 par|[from] item: Leftovers\n|upkeep\n|turn|7\n|\n|t:|1775801739\n|move|p1a: Smeargle|Follow Me|p1a: Smeargle\n|-singleturn|p1a: Smeargle|move: Follow Me\n|move|p2a: Amoonguss|Rage Powder|p2a: Amoonguss\n|-singleturn|p2a: Amoonguss|move: Rage Powder\n|move|p2b: Ho-Oh|Sacred Fire|p1a: Smeargle\n|-damage|p1a: Smeargle|17/100\n|cant|p1b: Calyrex|par\n|\n|-heal|p1b: Calyrex|73/100 par|[from] item: Leftovers\n|upkeep\n|turn|8\n|\n|t:|1775801755\n|move|p2a: Amoonguss|Protect|p2a: Amoonguss\n|-singleturn|p2a: Amoonguss|Protect\n|move|p1a: Smeargle|Follow Me|p1a: Smeargle\n|-singleturn|p1a: Smeargle|move: Follow Me\n|move|p2b: Ho-Oh|Sacred Fire|p1a: Smeargle\n|-damage|p1a: Smeargle|0 fnt\n|faint|p1a: Smeargle\n|move|p1b: Calyrex|Glacial Lance|p2a: Amoonguss|[spread] p2b\n|-activate|p2a: Amoonguss|move: Protect\n|-supereffective|p2b: Ho-Oh\n|-damage|p2b: Ho-Oh|0 fnt\n|faint|p2b: Ho-Oh\n|-ability|p1b: Calyrex|Chilling Neigh|boost\n|-boost|p1b: Calyrex|atk|1\n|\n|-heal|p1b: Calyrex|79/100 par|[from] item: Leftovers\n|upkeep\n|-message|DBWaffles forfeited.\n|\n|win|Sheevp\n|raw|Sheevp's rating: 1416 &rarr; <strong>1439</strong><br />(+23 for winning)\n|raw|DBWaffles's rating: 1460 &rarr; <strong>1437</strong><br />(-23 for losing)\n|l|\u203dDBWaffles\n|player|p2|\n|l|\u2606Sheevp\n|player|p1|\n","uploadtime":1775802025,"views":10,"formatid":"gen9vgc2026regi","rating":1437,"private":0,"password":null}