{"id":"gen9vgc2026regi-2567050242","format":"[Gen 9] VGC 2026 Reg I","players":["Highkage2","suc vat vk"],"log":"|j|\u203dHighkage2\n|j|\u2606suc vat vk\n|t:|1774444923\n|gametype|doubles\n|player|p1|Highkage2|doubleteam|1650\n|player|p2|suc vat vk|kimonogirl|1580\n|gen|9\n|tier|[Gen 9] VGC 2026 Reg I\n|rated|\n|rule|Species Clause: Limit one of each Pok\u00e9mon\n|rule|Item Clause: Limit 1 of each item\n|clearpoke\n|poke|p1|Incineroar, L50, M|\n|poke|p1|Calyrex-Ice, L50|\n|poke|p1|Miraidon, L50|\n|poke|p1|Pelipper, L50, F|\n|poke|p1|Iron Treads, L50|\n|poke|p1|Volcarona, L50, M|\n|poke|p2|Kyogre, L50|\n|poke|p2|Iron Jugulis, L50|\n|poke|p2|Amoonguss, L50, F|\n|poke|p2|Calyrex-Ice, L50|\n|poke|p2|Indeedee-F, L50, F|\n|poke|p2|Urshifu-*, L50, M|\n|teampreview|4\n|inactive|Battle timer is ON: inactive players will automatically lose when time's up. (requested by Highkage2)\n|inactive|Highkage2 has 60 seconds left.\n|inactive|suc vat vk has 60 seconds left.\n|\n|t:|1774444961\n|teamsize|p1|4\n|teamsize|p2|4\n|start\n|switch|p1a: Volcarona|Volcarona, L50, M|100/100\n|switch|p1b: Calyrex|Calyrex-Ice, L50|100/100\n|switch|p2a: Indeedee|Indeedee-F, L50, F|100/100\n|switch|p2b: Calyrex|Calyrex-Ice, L50|100/100\n|-ability|p1b: Calyrex|As One\n|-ability|p1b: Calyrex|Unnerve\n|-ability|p2b: Calyrex|As One\n|-ability|p2b: Calyrex|Unnerve\n|-fieldstart|move: Psychic Terrain|[from] ability: Psychic Surge|[of] p2a: Indeedee\n|turn|1\n|inactive|suc vat vk has 30 seconds left.\n|inactive|suc vat vk has 20 seconds left.\n|inactive|suc vat vk has 15 seconds left.\n|\n|t:|1774445002\n|move|p2a: Indeedee|Follow Me|p2a: Indeedee\n|-singleturn|p2a: Indeedee|move: Follow Me\n|move|p1a: Volcarona|Will-O-Wisp|p2a: Indeedee|[miss]\n|-miss|p1a: Volcarona|p2a: Indeedee\n|move|p1b: Calyrex|Glacial Lance|p2a: Indeedee|[spread] p2a,p2b\n|-resisted|p2b: Calyrex\n|-damage|p2a: Indeedee|46/100\n|-damage|p2b: Calyrex|86/100\n|-enditem|p2a: Indeedee|Eject Button\n|inactive|suc vat vk has 30 seconds left.\n|\n|t:|1774445033\n|switch|p2a: Kyogre|Kyogre, L50, shiny|100/100\n|-weather|RainDance|[from] ability: Drizzle|[of] p2a: Kyogre\n|move|p2b: Calyrex|Swords Dance|p2b: Calyrex\n|-boost|p2b: Calyrex|atk|2\n|\n|-weather|RainDance|[upkeep]\n|upkeep\n|turn|2\n|\n|t:|1774445049\n|-terastallize|p1a: Volcarona|Water\n|move|p2a: Kyogre|Water Spout|p1a: Volcarona|[spread] p1a,p1b\n|-resisted|p1a: Volcarona\n|-damage|p1a: Volcarona|39/100\n|-damage|p1b: Calyrex|8/100\n|move|p1a: Volcarona|Will-O-Wisp|p2b: Calyrex\n|-status|p2b: Calyrex|brn\n|move|p1b: Calyrex|Leech Seed|p2a: Kyogre\n|-start|p2a: Kyogre|move: Leech Seed\n|move|p2b: Calyrex|Trick Room|p2b: Calyrex\n|-fieldstart|move: Trick Room|[of] p2b: Calyrex\n|\n|-weather|RainDance|[upkeep]\n|-heal|p1b: Calyrex|14/100|[from] item: Leftovers\n|-damage|p2a: Kyogre|88/100|[from] Leech Seed|[of] p1b: Calyrex\n|-heal|p1b: Calyrex|24/100|[silent]\n|-damage|p2b: Calyrex|80/100 brn|[from] brn\n|upkeep\n|turn|3\n|\n|t:|1774445074\n|switch|p2a: Amoonguss|Amoonguss, L50, F, shiny|100/100\n|move|p1b: Calyrex|Protect|p1b: Calyrex\n|-singleturn|p1b: Calyrex|Protect\n|move|p2b: Calyrex|Glacial Lance|p1a: Volcarona|[spread] p1a\n|-activate|p1b: Calyrex|move: Protect\n|-resisted|p1a: Volcarona\n|-damage|p1a: Volcarona|1/100\n|move|p1a: Volcarona|Struggle Bug|p2b: Calyrex|[spread] p2a,p2b\n|-supereffective|p2b: Calyrex\n|-damage|p2a: Amoonguss|88/100\n|-damage|p2b: Calyrex|59/100 brn\n|-unboost|p2a: Amoonguss|spa|1\n|-unboost|p2b: Calyrex|spa|1\n|\n|-weather|RainDance|[upkeep]\n|-heal|p1b: Calyrex|29/100|[from] item: Leftovers\n|-damage|p2b: Calyrex|53/100 brn|[from] brn\n|upkeep\n|turn|4\n|inactive|Highkage2 has 30 seconds left.\n|inactive|suc vat vk has 30 seconds left.\n|inactive|Highkage2 has 20 seconds left.\n|\n|t:|1774445112\n|switch|p1a: Miraidon|Miraidon, L50|100/100\n|-fieldstart|move: Electric Terrain|[from] ability: Hadron Engine|[of] p1a: Miraidon\n|move|p2a: Amoonguss|Spore|p1b: Calyrex\n|-activate|p1b: Calyrex|move: Electric Terrain\n|move|p2b: Calyrex|Glacial Lance|p1a: Miraidon|[spread] p1a,p1b\n|-supereffective|p1a: Miraidon\n|-resisted|p1b: Calyrex\n|-damage|p1a: Miraidon|0 fnt\n|-damage|p1b: Calyrex|8/100\n|faint|p1a: Miraidon\n|-ability|p2b: Calyrex|Chilling Neigh|boost\n|-boost|p2b: Calyrex|atk|1\n|move|p1b: Calyrex|Glacial Lance|p2a: Amoonguss|[spread] p2a,p2b\n|-supereffective|p2a: Amoonguss\n|-resisted|p2b: Calyrex\n|-damage|p2a: Amoonguss|0 fnt\n|-damage|p2b: Calyrex|39/100 brn\n|faint|p2a: Amoonguss\n|-ability|p1b: Calyrex|Chilling Neigh|boost\n|-boost|p1b: Calyrex|atk|1\n|\n|-weather|RainDance|[upkeep]\n|-heal|p1b: Calyrex|14/100|[from] item: Leftovers\n|-damage|p2b: Calyrex|33/100 brn|[from] brn\n|upkeep\n|\n|t:|1774445127\n|switch|p2a: Kyogre|Kyogre, L50, shiny|88/100\n|switch|p1a: Iron Treads|Iron Treads, L50|100/100\n|-activate|p1a: Iron Treads|ability: Quark Drive\n|-start|p1a: Iron Treads|quarkdrivespe\n|turn|5\n|inactive|Highkage2 has 30 seconds left.\n|inactive|Highkage2 has 20 seconds left.\n|\n|t:|1774445166\n|move|p1b: Calyrex|Protect|p1b: Calyrex\n|-singleturn|p1b: Calyrex|Protect\n|move|p2b: Calyrex|Glacial Lance|p1a: Iron Treads|[spread] p1a\n|-activate|p1b: Calyrex|move: Protect\n|-damage|p1a: Iron Treads|30/100\n|move|p2a: Kyogre|Water Spout|p1a: Iron Treads|[spread] p1a\n|-activate|p1b: Calyrex|move: Protect\n|-supereffective|p1a: Iron Treads\n|-damage|p1a: Iron Treads|0 fnt\n|faint|p1a: Iron Treads\n|-end|p1a: Iron Treads|Quark Drive|[silent]\n|\n|-weather|none\n|-heal|p1b: Calyrex|20/100|[from] item: Leftovers\n|-damage|p2b: Calyrex|28/100 brn|[from] brn\n|upkeep\n|-message|Highkage2 forfeited.\n|\n|win|suc vat vk\n|raw|Highkage2's rating: 1650 &rarr; <strong>1627</strong><br />(-23 for losing)\n|raw|suc vat vk's rating: 1599 &rarr; <strong>1622</strong><br />(+23 for winning)\n|l|\u203dHighkage2\n|player|p1|\n|l|\u2606suc vat vk\n|player|p2|\n","uploadtime":1774445335,"views":54,"formatid":"gen9vgc2026regi","rating":1622,"private":0,"password":null}