{"id":"gen9vgc2026regi-2524500358","format":"[Gen 9] VGC 2026 Reg I","players":["Teamtest09","a\u98ce\u5996\u7cbe\u4fa0qingxi"],"log":"|j|\u2606Teamtest09\n|j|\u2606a\u98ce\u5996\u7cbe\u4fa0qingxi\n|t:|1769159027\n|gametype|doubles\n|player|p1|Teamtest09|unknown|1467\n|player|p2|a\u98ce\u5996\u7cbe\u4fa0qingxi|battlegirl-gen4|1439\n|gen|9\n|tier|[Gen 9] VGC 2026 Reg I\n|rated|\n|rule|Species Clause: Limit one of each Pok\u00e9mon\n|rule|Item Clause: Limit 1 of each item\n|clearpoke\n|poke|p1|Calyrex-Shadow, L50|\n|poke|p1|Zamazenta-*, L50|\n|poke|p1|Chien-Pao, L50|\n|poke|p1|Dragonite, L50, M|\n|poke|p1|Raging Bolt, L50|\n|poke|p1|Amoonguss, L50, M|\n|poke|p2|Calyrex-Shadow, L50|\n|poke|p2|Zamazenta-*, L50|\n|poke|p2|Whimsicott, L50, M|\n|poke|p2|Maushold-Four, L50|\n|poke|p2|Chi-Yu, L50|\n|poke|p2|Amoonguss, L50, F|\n|teampreview|4\n|inactive|Battle timer is ON: inactive players will automatically lose when time's up. (requested by a\u98ce\u5996\u7cbe\u4fa0qingxi)\n|\n|t:|1769159049\n|teamsize|p1|4\n|teamsize|p2|4\n|start\n|switch|p1a: Zamazenta|Zamazenta-Crowned, L50|100/100\n|switch|p1b: Calyrex|Calyrex-Shadow, L50|100/100\n|switch|p2a: Whimsicott|Whimsicott, L50, M, shiny|100/100\n|switch|p2b: Zamazenta|Zamazenta-Crowned, L50|100/100\n|-ability|p1b: Calyrex|As One\n|-ability|p1b: Calyrex|Unnerve\n|-ability|p1a: Zamazenta|Dauntless Shield|boost\n|-boost|p1a: Zamazenta|def|1\n|-ability|p2b: Zamazenta|Dauntless Shield|boost\n|-boost|p2b: Zamazenta|def|1\n|turn|1\n|\n|t:|1769159054\n|move|p2a: Whimsicott|Tailwind|p2a: Whimsicott\n|-sidestart|p2: a\u98ce\u5996\u7cbe\u4fa0qingxi|move: Tailwind\n|move|p2b: Zamazenta|Imprison|p2b: Zamazenta\n|-start|p2b: Zamazenta|move: Imprison\n|move|p1b: Calyrex|Encore|p2a: Whimsicott\n|-start|p2a: Whimsicott|Encore\n|cant|p1a: Zamazenta|move: Imprison|Body Press\n|\n|upkeep\n|turn|2\n|\n|t:|1769159070\n|switch|p2a: Chi-Yu|Chi-Yu, L50, shiny|100/100\n|-ability|p2a: Chi-Yu|Beads of Ruin\n|switch|p1a: Raging Bolt|Raging Bolt, L50|100/100\n|-enditem|p1a: Raging Bolt|Booster Energy\n|-activate|p1a: Raging Bolt|ability: Protosynthesis|[fromitem]\n|-start|p1a: Raging Bolt|protosynthesisspa\n|-terastallize|p1b: Calyrex|Ghost\n|move|p2b: Zamazenta|Heavy Slam|p1b: Calyrex\n|-damage|p1b: Calyrex|46/100\n|move|p1b: Calyrex|Astral Barrage|p2b: Zamazenta|[spread] p2a,p2b\n|-resisted|p2a: Chi-Yu\n|-damage|p2a: Chi-Yu|60/100\n|-damage|p2b: Zamazenta|38/100\n|\n|upkeep\n|turn|3\n|\n|t:|1769159090\n|switch|p1b: Zamazenta|Zamazenta-Crowned, L50|100/100\n|move|p1a: Raging Bolt|Thunderclap|p2b: Zamazenta\n|-damage|p2b: Zamazenta|0 fnt\n|faint|p2b: Zamazenta\n|move|p2a: Chi-Yu|Heat Wave|p1a: Raging Bolt|[spread] p1a,p1b\n|-resisted|p1a: Raging Bolt\n|-supereffective|p1b: Zamazenta\n|-damage|p1a: Raging Bolt|70/100\n|-damage|p1b: Zamazenta|9/100\n|\n|upkeep\n|\n|t:|1769159100\n|switch|p2b: Calyrex|Calyrex-Shadow, L50|100/100\n|-ability|p2b: Calyrex|As One\n|-ability|p2b: Calyrex|Unnerve\n|turn|4\n|\n|t:|1769159113\n|move|p1b: Zamazenta|Wide Guard|p1b: Zamazenta\n|-singleturn|p1b: Zamazenta|Wide Guard\n|move|p2b: Calyrex|Psychic|p1a: Raging Bolt\n|-damage|p1a: Raging Bolt|0 fnt\n|faint|p1a: Raging Bolt\n|-end|p1a: Raging Bolt|Protosynthesis|[silent]\n|-ability|p2b: Calyrex|Grim Neigh|boost\n|-boost|p2b: Calyrex|spa|1\n|-damage|p2b: Calyrex|91/100|[from] item: Life Orb\n|move|p2a: Chi-Yu|Heat Wave|p1b: Zamazenta\n|-activate|p1b: Zamazenta|move: Wide Guard\n|\n|-sideend|p2: a\u98ce\u5996\u7cbe\u4fa0qingxi|move: Tailwind\n|upkeep\n|\n|t:|1769159126\n|switch|p1a: Chien-Pao|Chien-Pao, L50|100/100\n|-ability|p1a: Chien-Pao|Sword of Ruin\n|turn|5\n|j| Rxu\n|\n|t:|1769159134\n|move|p2b: Calyrex|Protect|p2b: Calyrex\n|-singleturn|p2b: Calyrex|Protect\n|move|p1a: Chien-Pao|Sucker Punch||[still]\n|-fail|p1a: Chien-Pao\n|move|p2a: Chi-Yu|Heat Wave|p1a: Chien-Pao|[spread] p1a,p1b\n|-supereffective|p1a: Chien-Pao\n|-supereffective|p1b: Zamazenta\n|-damage|p1a: Chien-Pao|0 fnt\n|-damage|p1b: Zamazenta|0 fnt\n|faint|p1a: Chien-Pao\n|faint|p1b: Zamazenta\n|\n|upkeep\n|\n|t:|1769159145\n|switch|p1a: Calyrex|Calyrex-Shadow, L50, tera:Ghost|46/100\n|-ability|p1a: Calyrex|As One\n|-ability|p1a: Calyrex|Unnerve\n|turn|6\n|\n|t:|1769159149\n|-terastallize|p2b: Calyrex|Dark\n|move|p2b: Calyrex|Astral Barrage|p1a: Calyrex\n|-supereffective|p1a: Calyrex\n|-damage|p1a: Calyrex|0 fnt\n|faint|p1a: Calyrex\n|-damage|p2b: Calyrex|81/100|[from] item: Life Orb\n|\n|win|a\u98ce\u5996\u7cbe\u4fa0qingxi\n|raw|Teamtest09's rating: 1467 &rarr; <strong>1445</strong><br />(-22 for losing)\n|raw|a\u98ce\u5996\u7cbe\u4fa0qingxi's rating: 1439 &rarr; <strong>1461</strong><br />(+22 for winning)\n|l|\u2606Teamtest09\n|player|p1|\n|l|\u2606a\u98ce\u5996\u7cbe\u4fa0qingxi\n|player|p2|\n|l| Rxu\n","uploadtime":1769159357,"views":24,"formatid":"gen9vgc2026regi","rating":1445,"private":0,"password":null}