{"id":"gen9vgc2026regi-2573965443","format":"[Gen 9] VGC 2026 Reg I","players":["Frannykidnappedme","1VLTSQ Joker"],"log":"|raw|<div class=\"broadcast-blue\"><strong>This battle is required to be public due to a player having a name starting with '1vltsq'.</div>\n|j|\u2606Frannykidnappedme\n|j|\u26061VLTSQ Joker\n|t:|1775183228\n|gametype|doubles\n|player|p1|Frannykidnappedme|kieran|1590\n|player|p2|1VLTSQ Joker|blue|1541\n|gen|9\n|tier|[Gen 9] VGC 2026 Reg I\n|rated|\n|rule|Species Clause: Limit one of each Pok\u00e9mon\n|rule|Item Clause: Limit 1 of each item\n|clearpoke\n|poke|p1|Sneasler, L50, F|\n|poke|p1|Miraidon, L50|\n|poke|p1|Dragonite, L50, M|\n|poke|p1|Chien-Pao, L50|\n|poke|p1|Zamazenta-*, L50|\n|poke|p1|Ditto, L50|\n|poke|p2|Calyrex-Ice, L50|\n|poke|p2|Smeargle, L50, M|\n|poke|p2|Kyogre, L50|\n|poke|p2|Maushold, L50|\n|poke|p2|Volcarona, L50, F|\n|poke|p2|Pawmot, L50, F|\n|teampreview|4\n|inactive|Battle timer is ON: inactive players will automatically lose when time's up. (requested by Frannykidnappedme)\n|inactive|Frannykidnappedme has 60 seconds left.\n|j| Shuple\n|\n|t:|1775183272\n|teamsize|p1|4\n|teamsize|p2|4\n|start\n|switch|p1a: Miraidon|Miraidon, L50|100/100\n|switch|p1b: Sneasler|Sneasler, L50, F|100/100\n|switch|p2a: Calyrex|Calyrex-Ice, L50|100/100\n|switch|p2b: Smeargle|Smeargle, L50, M|100/100\n|-ability|p2a: Calyrex|As One\n|-ability|p2a: Calyrex|Unnerve\n|-fieldstart|move: Electric Terrain|[from] ability: Hadron Engine|[of] p1a: Miraidon\n|-enditem|p1b: Sneasler|Electric Seed\n|-boost|p1b: Sneasler|def|1|[from] item: Electric Seed\n|turn|1\n|inactive|1VLTSQ Joker has 30 seconds left.\n|inactive|1VLTSQ Joker has 20 seconds left.\n|\n|t:|1775183307\n|-terastallize|p1a: Miraidon|Fairy\n|-terastallize|p2b: Smeargle|Ghost\n|move|p1b: Sneasler|Fake Out|p2a: Calyrex\n|-damage|p2a: Calyrex|90/100\n|move|p2b: Smeargle|Fake Out|p1a: Miraidon\n|-damage|p1a: Miraidon|95/100\n|cant|p1a: Miraidon|flinch\n|cant|p2a: Calyrex|flinch\n|\n|-ability|p2b: Smeargle|Moody|boost\n|-boost|p2b: Smeargle|spd|2\n|-unboost|p2b: Smeargle|spe|1\n|upkeep\n|turn|2\n|inactive|Frannykidnappedme has 30 seconds left.\n|inactive|Frannykidnappedme has 20 seconds left.\n|inactive|Frannykidnappedme has 15 seconds left.\n|inactive|Frannykidnappedme has 10 seconds left.\n|inactive|Frannykidnappedme has 5 seconds left.\n|\n|t:|1775183360\n|switch|p1b: Dragonite|Dragonite, L50, M|100/100\n|move|p2b: Smeargle|Follow Me|p2b: Smeargle\n|-singleturn|p2b: Smeargle|move: Follow Me\n|move|p1a: Miraidon|Dazzling Gleam|p2b: Smeargle|[spread] p2a,p2b\n|-damage|p2a: Calyrex|62/100\n|-damage|p2b: Smeargle|34/100\n|move|p2a: Calyrex|Glacial Lance|p1a: Miraidon|[spread] p1a,p1b\n|-supereffective|p1b: Dragonite\n|-damage|p1a: Miraidon|42/100\n|-damage|p1b: Dragonite|0 fnt\n|faint|p1b: Dragonite\n|-ability|p2a: Calyrex|Chilling Neigh|boost\n|-boost|p2a: Calyrex|atk|1\n|\n|-ability|p2b: Smeargle|Moody|boost\n|-boost|p2b: Smeargle|atk|2\n|-unboost|p2b: Smeargle|def|1\n|upkeep\n|j| sfghfdsfgg\n|\n|t:|1775183374\n|switch|p1b: Sneasler|Sneasler, L50, F|100/100\n|turn|3\n|inactive|1VLTSQ Joker has 30 seconds left.\n|inactive|1VLTSQ Joker has 20 seconds left.\n|\n|t:|1775183412\n|switch|p2a: Volcarona|Volcarona, L50, F|100/100\n|move|p1b: Sneasler|Fake Out|p2a: Volcarona\n|-damage|p2a: Volcarona|87/100\n|-damage|p1b: Sneasler|84/100|[from] item: Rocky Helmet|[of] p2a: Volcarona\n|move|p1a: Miraidon|Dazzling Gleam|p2b: Smeargle|[spread] p2a,p2b\n|-resisted|p2a: Volcarona\n|-damage|p2a: Volcarona|59/100\n|-damage|p2b: Smeargle|0 fnt\n|faint|p2b: Smeargle\n|\n|upkeep\n|\n|t:|1775183423\n|switch|p2b: Calyrex|Calyrex-Ice, L50|62/100\n|-ability|p2b: Calyrex|As One\n|-ability|p2b: Calyrex|Unnerve\n|turn|4\n|inactive|Frannykidnappedme has 30 seconds left.\n|inactive|Frannykidnappedme has 20 seconds left.\n|\n|t:|1775183461\n|switch|p1a: Chien-Pao|Chien-Pao, L50|100/100\n|-ability|p1a: Chien-Pao|Sword of Ruin\n|move|p2a: Volcarona|Rage Powder|p2a: Volcarona\n|-singleturn|p2a: Volcarona|move: Rage Powder\n|move|p1b: Sneasler|Dire Claw|p2a: Volcarona\n|-damage|p2a: Volcarona|8/100\n|-damage|p1b: Sneasler|68/100|[from] item: Rocky Helmet|[of] p2a: Volcarona\n|move|p2b: Calyrex|Glacial Lance|p1a: Chien-Pao|[spread] p1a,p1b\n|-resisted|p1a: Chien-Pao\n|-crit|p1b: Sneasler\n|-damage|p1a: Chien-Pao|62/100\n|-damage|p1b: Sneasler|0 fnt\n|faint|p1b: Sneasler\n|-ability|p2b: Calyrex|Chilling Neigh|boost\n|-boost|p2b: Calyrex|atk|1\n|\n|upkeep\n|\n|t:|1775183472\n|switch|p1b: Miraidon|Miraidon, L50, tera:Fairy|42/100\n|-activate|p1b: Miraidon|ability: Hadron Engine\n|turn|5\n|c| sfghfdsfgg|ed\n|inactive|1VLTSQ Joker has 30 seconds left.\n|c| sfghfdsfgg|kill rona\n|\n|t:|1775183500\n|move|p2a: Volcarona|Rage Powder|p2a: Volcarona\n|-singleturn|p2a: Volcarona|move: Rage Powder\n|move|p1b: Miraidon|Electro Drift|p2a: Volcarona\n|-damage|p2a: Volcarona|0 fnt\n|-damage|p1b: Miraidon|25/100|[from] item: Rocky Helmet|[of] p2a: Volcarona\n|faint|p2a: Volcarona\n|move|p1a: Chien-Pao|Icicle Crash|p2b: Calyrex\n|-resisted|p2b: Calyrex\n|-damage|p2b: Calyrex|46/100\n|move|p2b: Calyrex|Glacial Lance|p1b: Miraidon|[spread] p1a,p1b\n|-resisted|p1a: Chien-Pao\n|-damage|p1a: Chien-Pao|6/100\n|-damage|p1b: Miraidon|0 fnt\n|faint|p1b: Miraidon\n|-ability|p2b: Calyrex|Chilling Neigh|boost\n|-boost|p2b: Calyrex|atk|1\n|\n|-fieldend|move: Electric Terrain\n|upkeep\n|c| sfghfdsfgg|then kill cal\n|\n|t:|1775183506\n|switch|p2a: Kyogre|Kyogre, L50|100/100\n|-weather|RainDance|[from] ability: Drizzle|[of] p2a: Kyogre\n|turn|6\n|\n|t:|1775183518\n|move|p2a: Kyogre|Water Spout|p1a: Chien-Pao\n|-damage|p1a: Chien-Pao|0 fnt\n|faint|p1a: Chien-Pao\n|\n|win|1VLTSQ Joker\n|raw|Frannykidnappedme's rating: 1590 &rarr; <strong>1567</strong><br />(-23 for losing)\n|raw|1VLTSQ Joker's rating: 1541 &rarr; <strong>1564</strong><br />(+23 for winning)\n|l|\u2606Frannykidnappedme\n|player|p1|\n|c| sfghfdsfgg|why did you make him faster\n|l| Shuple\n|l|\u26061VLTSQ Joker\n|player|p2|\n|l| sfghfdsfgg\n","uploadtime":1775183789,"views":14,"formatid":"gen9vgc2026regi","rating":1564,"private":0,"password":null}