{"id":"gen9vgc2026regi-2575901894","format":"[Gen 9] VGC 2026 Reg I","players":["LabubuMechanics","Malin_xd"],"log":"|j|\u2606LabubuMechanics\n|j|\u2606Malin_xd\n|t:|1775411489\n|gametype|doubles\n|player|p1|LabubuMechanics|266|1163\n|player|p2|Malin_xd|170|1141\n|gen|9\n|tier|[Gen 9] VGC 2026 Reg I\n|rated|\n|rule|Species Clause: Limit one of each Pok\u00e9mon\n|rule|Item Clause: Limit 1 of each item\n|clearpoke\n|poke|p1|Terapagos, L50, M|\n|poke|p1|Miraidon, L50|\n|poke|p1|Urshifu-*, L50, M|\n|poke|p1|Iron Treads, L50|\n|poke|p1|Incineroar, L50, M|\n|poke|p1|Sinistcha, L50|\n|poke|p2|Calyrex-Shadow, L50|\n|poke|p2|Zamazenta-*, L50|\n|poke|p2|Chien-Pao, L50|\n|poke|p2|Dragonite, L50, M|\n|poke|p2|Ting-Lu, L50|\n|poke|p2|Amoonguss, L50, M|\n|teampreview|4\n|\n|t:|1775411529\n|teamsize|p1|4\n|teamsize|p2|4\n|start\n|switch|p1a: Terapagos|Terapagos, L50, M|100/100\n|switch|p1b: Miraidon|Miraidon, L50, shiny|100/100\n|switch|p2a: Ting-Lu|Ting-Lu, L50|100/100\n|switch|p2b: Zamazenta|Zamazenta-Crowned, L50, shiny|100/100\n|-activate|p1a: Terapagos|ability: Tera Shift\n|detailschange|p1a: Terapagos|Terapagos-Terastal, L50, M\n|-heal|p1a: Terapagos|100/100|[silent]\n|-fieldstart|move: Electric Terrain|[from] ability: Hadron Engine|[of] p1b: Miraidon\n|-enditem|p1a: Terapagos|Electric Seed\n|-boost|p1a: Terapagos|def|1|[from] item: Electric Seed\n|-ability|p2b: Zamazenta|Dauntless Shield|boost\n|-boost|p2b: Zamazenta|def|1\n|-ability|p2a: Ting-Lu|Vessel of Ruin\n|turn|1\n|\n|t:|1775411560\n|move|p1a: Terapagos|Protect|p1a: Terapagos\n|-singleturn|p1a: Terapagos|Protect\n|move|p1b: Miraidon|Volt Switch|p2b: Zamazenta\n|-damage|p2b: Zamazenta|59/100\n|\n|t:|1775411568\n|switch|p1b: Incineroar|Incineroar, L50, M|100/100|[from] Volt Switch\n|-ability|p1b: Incineroar|Intimidate|boost\n|-unboost|p2a: Ting-Lu|atk|1\n|-unboost|p2b: Zamazenta|atk|1\n|move|p2b: Zamazenta|Iron Defense|p2b: Zamazenta\n|-boost|p2b: Zamazenta|def|2\n|move|p2a: Ting-Lu|Stealth Rock|p1a: Terapagos\n|-sidestart|p1: LabubuMechanics|move: Stealth Rock\n|\n|upkeep\n|turn|2\n|\n|t:|1775411584\n|move|p1b: Incineroar|Fake Out|p2b: Zamazenta\n|-resisted|p2b: Zamazenta\n|-damage|p2b: Zamazenta|58/100\n|cant|p2b: Zamazenta|flinch\n|move|p1a: Terapagos|Calm Mind|p1a: Terapagos\n|-boost|p1a: Terapagos|spa|1\n|-boost|p1a: Terapagos|spd|1\n|move|p2a: Ting-Lu|Whirlwind|p1a: Terapagos\n|drag|p1a: Sinistcha|Sinistcha, L50|100/100\n|-damage|p1a: Sinistcha|88/100|[from] Stealth Rock\n|\n|upkeep\n|turn|3\n|\n|t:|1775411609\n|move|p1a: Sinistcha|Rage Powder|p1a: Sinistcha\n|-singleturn|p1a: Sinistcha|move: Rage Powder\n|move|p2b: Zamazenta|Body Press|p1a: Sinistcha\n|-immune|p1a: Sinistcha\n|move|p1b: Incineroar|Flare Blitz|p2b: Zamazenta\n|-supereffective|p2b: Zamazenta\n|-damage|p2b: Zamazenta|34/100\n|-status|p2b: Zamazenta|brn\n|-damage|p1b: Incineroar|93/100|[from] Recoil\n|move|p2a: Ting-Lu|Ruination|p1a: Sinistcha\n|-damage|p1a: Sinistcha|44/100\n|-enditem|p1a: Sinistcha|Eject Button\n|\n|t:|1775411622\n|switch|p1a: Miraidon|Miraidon, L50, shiny|100/100\n|-damage|p1a: Miraidon|88/100|[from] Stealth Rock\n|-activate|p1a: Miraidon|ability: Hadron Engine\n|\n|-damage|p2b: Zamazenta|29/100 brn|[from] brn\n|upkeep\n|turn|4\n|\n|t:|1775411635\n|move|p1a: Miraidon|Volt Switch|p2b: Zamazenta\n|-damage|p2b: Zamazenta|0 fnt\n|faint|p2b: Zamazenta\n|\n|t:|1775411644\n|switch|p1a: Terapagos|Terapagos-Terastal, L50, M|100/100|[from] Volt Switch\n|-damage|p1a: Terapagos|88/100|[from] Stealth Rock\n|move|p1b: Incineroar|U-turn|p2a: Ting-Lu\n|-supereffective|p2a: Ting-Lu\n|-damage|p2a: Ting-Lu|83/100\n|\n|t:|1775411651\n|switch|p1b: Sinistcha|Sinistcha, L50|44/100|[from] U-turn\n|-damage|p1b: Sinistcha|32/100|[from] Stealth Rock\n|-heal|p1a: Terapagos|100/100|[from] ability: Hospitality|[of] p1b: Sinistcha\n|move|p2a: Ting-Lu|Ruination|p1a: Terapagos|[miss]\n|-miss|p2a: Ting-Lu|p1a: Terapagos\n|\n|-heal|p2a: Ting-Lu|90/100|[from] item: Leftovers\n|upkeep\n|\n|t:|1775411661\n|switch|p2b: Dragonite|Dragonite, L50, M|100/100\n|turn|5\n|\n|t:|1775411697\n|switch|p2b: Calyrex|Calyrex-Shadow, L50|100/100\n|-ability|p2b: Calyrex|As One\n|-ability|p2b: Calyrex|Unnerve\n|-terastallize|p1a: Terapagos|Stellar\n|detailschange|p1a: Terapagos|Terapagos-Stellar, L50, M, tera:Stellar\n|-heal|p1a: Terapagos|100/100|[silent]\n|-ability|p1a: Terapagos|Teraform Zero\n|-fieldend|move: Electric Terrain\n|move|p1a: Terapagos|Tera Starstorm|p2b: Calyrex|[spread] p2a,p2b\n|-damage|p2a: Ting-Lu|73/100\n|-damage|p2b: Calyrex|76/100\n|move|p1b: Sinistcha|Life Dew||[still]|[spread] p1a,p1b\n|-fail|p1a: Terapagos|heal\n|-heal|p1b: Sinistcha|57/100\n|move|p2a: Ting-Lu|Whirlwind|p1a: Terapagos\n|drag|p1a: Miraidon|Miraidon, L50, shiny|88/100\n|-damage|p1a: Miraidon|76/100|[from] Stealth Rock\n|-fieldstart|move: Electric Terrain|[from] ability: Hadron Engine|[of] p1a: Miraidon\n|\n|-heal|p2a: Ting-Lu|79/100|[from] item: Leftovers\n|upkeep\n|turn|6\n|\n|t:|1775411726\n|move|p1a: Miraidon|Electro Drift|p2b: Calyrex\n|-damage|p2b: Calyrex|6/100\n|move|p2b: Calyrex|Astral Barrage|p1b: Sinistcha|[spread] p1a,p1b\n|-supereffective|p1b: Sinistcha\n|-damage|p1a: Miraidon|42/100\n|-damage|p1b: Sinistcha|0 fnt\n|faint|p1b: Sinistcha\n|-ability|p2b: Calyrex|Grim Neigh|boost\n|-boost|p2b: Calyrex|spa|1\n|move|p2a: Ting-Lu|Whirlwind|p1a: Miraidon\n|drag|p1a: Incineroar|Incineroar, L50, M|93/100\n|-damage|p1a: Incineroar|68/100|[from] Stealth Rock\n|-ability|p1a: Incineroar|Intimidate|boost\n|-unboost|p2a: Ting-Lu|atk|1\n|-unboost|p2b: Calyrex|atk|1\n|\n|-heal|p2a: Ting-Lu|86/100|[from] item: Leftovers\n|upkeep\n|\n|t:|1775411735\n|switch|p1b: Miraidon|Miraidon, L50, shiny|42/100\n|-damage|p1b: Miraidon|30/100|[from] Stealth Rock\n|-activate|p1b: Miraidon|ability: Hadron Engine\n|turn|7\n|\n|t:|1775411760\n|move|p2b: Calyrex|Protect|p2b: Calyrex\n|-singleturn|p2b: Calyrex|Protect\n|move|p1a: Incineroar|Fake Out|p2a: Ting-Lu\n|-damage|p2a: Ting-Lu|81/100\n|move|p1b: Miraidon|Volt Switch|p2b: Calyrex\n|-activate|p2b: Calyrex|move: Protect\n|cant|p2a: Ting-Lu|flinch\n|\n|-heal|p2a: Ting-Lu|87/100|[from] item: Leftovers\n|upkeep\n|turn|8\n|\n|t:|1775411792\n|move|p1b: Miraidon|Volt Switch|p2b: Calyrex\n|-damage|p2b: Calyrex|0 fnt\n|faint|p2b: Calyrex\n|\n|t:|1775411795\n|switch|p1b: Terapagos|Terapagos-Stellar, L50, M, tera:Stellar|100/100|[from] Volt Switch\n|-damage|p1b: Terapagos|88/100|[from] Stealth Rock\n|move|p1a: Incineroar|U-turn|p2a: Ting-Lu\n|-supereffective|p2a: Ting-Lu\n|-damage|p2a: Ting-Lu|71/100\n|\n|t:|1775411802\n|switch|p1a: Miraidon|Miraidon, L50, shiny|30/100|[from] U-turn\n|-damage|p1a: Miraidon|18/100|[from] Stealth Rock\n|-activate|p1a: Miraidon|ability: Hadron Engine\n|move|p2a: Ting-Lu|Whirlwind|p1b: Terapagos\n|drag|p1b: Incineroar|Incineroar, L50, M|68/100\n|-damage|p1b: Incineroar|43/100|[from] Stealth Rock\n|-ability|p1b: Incineroar|Intimidate|boost\n|-unboost|p2a: Ting-Lu|atk|1\n|\n|-heal|p2a: Ting-Lu|77/100|[from] item: Leftovers\n|upkeep\n|\n|t:|1775411815\n|switch|p2b: Dragonite|Dragonite, L50, M|100/100\n|turn|9\n|\n|t:|1775411829\n|-terastallize|p2b: Dragonite|Normal\n|move|p1b: Incineroar|Fake Out|p2b: Dragonite\n|-damage|p2b: Dragonite|90/100\n|move|p2b: Dragonite|Extreme Speed|p1a: Miraidon\n|-damage|p1a: Miraidon|0 fnt\n|faint|p1a: Miraidon\n|-damage|p2b: Dragonite|80/100|[from] item: Life Orb\n|move|p2a: Ting-Lu|Whirlwind|p1b: Incineroar\n|drag|p1b: Terapagos|Terapagos-Stellar, L50, M, tera:Stellar|88/100\n|-damage|p1b: Terapagos|76/100|[from] Stealth Rock\n|\n|-heal|p2a: Ting-Lu|83/100|[from] item: Leftovers\n|-fieldend|move: Electric Terrain\n|upkeep\n|\n|t:|1775411838\n|switch|p1a: Incineroar|Incineroar, L50, M|43/100\n|-damage|p1a: Incineroar|18/100|[from] Stealth Rock\n|-ability|p1a: Incineroar|Intimidate|boost\n|-unboost|p2a: Ting-Lu|atk|1\n|-fail|p2b: Dragonite|unboost|Attack|[from] ability: Inner Focus|[of] p2b: Dragonite\n|turn|10\n|\n|t:|1775411866\n|move|p1a: Incineroar|Fake Out|p2a: Ting-Lu\n|-damage|p2a: Ting-Lu|78/100\n|move|p2b: Dragonite|Extreme Speed|p1a: Incineroar\n|-damage|p1a: Incineroar|0 fnt\n|faint|p1a: Incineroar\n|-damage|p2b: Dragonite|71/100|[from] item: Life Orb\n|move|p1b: Terapagos|Tera Starstorm|p2a: Ting-Lu|[spread] p2a,p2b\n|-supereffective|p2b: Dragonite\n|-damage|p2a: Ting-Lu|60/100\n|-damage|p2b: Dragonite|28/100\n|cant|p2a: Ting-Lu|flinch\n|\n|-heal|p2a: Ting-Lu|66/100|[from] item: Leftovers\n|upkeep\n|turn|11\n|\n|t:|1775411885\n|move|p2b: Dragonite|Protect|p2b: Dragonite\n|-singleturn|p2b: Dragonite|Protect\n|move|p1b: Terapagos|Tera Starstorm|p2a: Ting-Lu|[spread] p2a\n|-activate|p2b: Dragonite|move: Protect\n|-damage|p2a: Ting-Lu|49/100\n|move|p2a: Ting-Lu|Ruination|p1b: Terapagos\n|-damage|p1b: Terapagos|38/100\n|\n|-heal|p2a: Ting-Lu|55/100|[from] item: Leftovers\n|upkeep\n|turn|12\n|\n|t:|1775411909\n|move|p1b: Terapagos|Tera Starstorm|p2b: Dragonite|[spread] p2a,p2b\n|-supereffective|p2b: Dragonite\n|-damage|p2a: Ting-Lu|39/100\n|-damage|p2b: Dragonite|0 fnt\n|faint|p2b: Dragonite\n|move|p2a: Ting-Lu|Ruination|p1b: Terapagos\n|-damage|p1b: Terapagos|20/100\n|\n|-heal|p2a: Ting-Lu|45/100|[from] item: Leftovers\n|upkeep\n|turn|13\n|-message|Malin_xd forfeited.\n|\n|win|LabubuMechanics\n|raw|LabubuMechanics's rating: 1163 &rarr; <strong>1186</strong><br />(+23 for winning)\n|raw|Malin_xd's rating: 1141 &rarr; <strong>1118</strong><br />(-23 for losing)\n|l|\u2606Malin_xd\n|player|p2|\n","uploadtime":1775411930,"views":10,"formatid":"gen9vgc2026regi","rating":1118,"private":0,"password":null}