{"id":"gen9vgc2026regi-2517688214","format":"[Gen 9] VGC 2026 Reg I","players":["dasabe\u76d6\u6b27\u5361\u4fa0","sazar saifi"],"log":"|j|\u2606dasabe\u76d6\u6b27\u5361\u4fa0\n|j|\u2606sazar saifi\n|t:|1768298457\n|gametype|doubles\n|player|p1|dasabe\u76d6\u6b27\u5361\u4fa0|may-masters4|1432\n|player|p2|sazar saifi|1|1348\n|gen|9\n|tier|[Gen 9] VGC 2026 Reg I\n|rated|\n|rule|Species Clause: Limit one of each Pok\u00e9mon\n|rule|Item Clause: Limit 1 of each item\n|clearpoke\n|poke|p1|Calyrex-Shadow, L50|\n|poke|p1|Koraidon, L50|\n|poke|p1|Chi-Yu, L50|\n|poke|p1|Tornadus, L50, M|\n|poke|p1|Indeedee-F, L50, F|\n|poke|p1|Smeargle, L50, M|\n|poke|p2|Calyrex-Shadow, L50|\n|poke|p2|Incineroar, L50, F|\n|poke|p2|Whimsicott, L50, M|\n|poke|p2|Farigiraf, L50, F|\n|poke|p2|Miraidon, L50|\n|poke|p2|Iron Hands, L50|\n|teampreview|4\n|j| wuminshi\n|c|\u2606sazar saifi|glhf\n|\n|t:|1768298492\n|teamsize|p1|4\n|teamsize|p2|4\n|start\n|switch|p1a: \u9a6c\u6b7b\u4e86|Calyrex-Shadow, L50|100/100\n|switch|p1b: \u5c0f\u7b14\u7ea2\u80bf|Smeargle, L50, M, shiny|100/100\n|switch|p2a: Miraidon|Miraidon, L50|100/100\n|switch|p2b: Whimsicott|Whimsicott, L50, M|100/100\n|-ability|p1a: \u9a6c\u6b7b\u4e86|As One\n|-ability|p1a: \u9a6c\u6b7b\u4e86|Unnerve\n|-fieldstart|move: Electric Terrain|[from] ability: Hadron Engine|[of] p2a: Miraidon\n|turn|1\n|inactive|Battle timer is ON: inactive players will automatically lose when time's up. (requested by sazar saifi)\n|\n|t:|1768298510\n|switch|p2b: Farigiraf|Farigiraf, L50, F|100/100\n|-terastallize|p1a: \u9a6c\u6b7b\u4e86|Ghost\n|-terastallize|p2a: Miraidon|Fairy\n|move|p1b: \u5c0f\u7b14\u7ea2\u80bf|Fake Out||[still]\n|cant|p2b: Farigiraf|ability: Armor Tail|Fake Out|[of] p1b: \u5c0f\u7b14\u7ea2\u80bf\n|move|p1a: \u9a6c\u6b7b\u4e86|Astral Barrage|p2b: Farigiraf|[spread] p2a\n|-immune|p2b: Farigiraf\n|-damage|p2a: Miraidon|7/100\n|move|p2a: Miraidon|Dazzling Gleam|p1a: \u9a6c\u6b7b\u4e86|[spread] p1a,p1b\n|-crit|p1a: \u9a6c\u6b7b\u4e86\n|-damage|p1a: \u9a6c\u6b7b\u4e86|6/100\n|-enditem|p1b: \u5c0f\u7b14\u7ea2\u80bf|Focus Sash\n|-damage|p1b: \u5c0f\u7b14\u7ea2\u80bf|1/100\n|\n|-ability|p1b: \u5c0f\u7b14\u7ea2\u80bf|Moody|boost\n|-boost|p1b: \u5c0f\u7b14\u7ea2\u80bf|spa|2\n|-unboost|p1b: \u5c0f\u7b14\u7ea2\u80bf|spd|1\n|upkeep\n|turn|2\n|inactive|sazar saifi has 30 seconds left.\n|\n|t:|1768298539\n|switch|p1a: \u4f60\u6731\u5417|Koraidon, L50, shiny|100/100\n|-weather|SunnyDay|[from] ability: Orichalcum Pulse|[of] p1a: \u4f60\u6731\u5417\n|-activate|p1a: \u4f60\u6731\u5417|Orichalcum Pulse|[source]\n|switch|p2a: Whimsicott|Whimsicott, L50, M|100/100\n|move|p1b: \u5c0f\u7b14\u7ea2\u80bf|Wide Guard|p1b: \u5c0f\u7b14\u7ea2\u80bf\n|-singleturn|p1b: \u5c0f\u7b14\u7ea2\u80bf|Wide Guard\n|move|p2b: Farigiraf|Trick Room|p2b: Farigiraf\n|-fieldstart|move: Trick Room|[of] p2b: Farigiraf\n|\n|-weather|SunnyDay|[upkeep]\n|-ability|p1b: \u5c0f\u7b14\u7ea2\u80bf|Moody|boost\n|-boost|p1b: \u5c0f\u7b14\u7ea2\u80bf|spd|2\n|-unboost|p1b: \u5c0f\u7b14\u7ea2\u80bf|def|1\n|upkeep\n|turn|3\n|\n|t:|1768298560\n|switch|p1b: \u4f8d\u7684\u6211\u7231\u5bfc\u7ba1|Indeedee-F, L50, F, shiny|100/100\n|-fieldstart|move: Psychic Terrain|[from] ability: Psychic Surge|[of] p1b: \u4f8d\u7684\u6211\u7231\u5bfc\u7ba1\n|move|p1a: \u4f60\u6731\u5417|Protect|p1a: \u4f60\u6731\u5417\n|-singleturn|p1a: \u4f60\u6731\u5417|Protect\n|move|p2b: Farigiraf|Psychic|p1a: \u4f60\u6731\u5417\n|-activate|p1a: \u4f60\u6731\u5417|move: Protect\n|move|p2a: Whimsicott|Moonblast|p1b: \u4f8d\u7684\u6211\u7231\u5bfc\u7ba1\n|-damage|p1b: \u4f8d\u7684\u6211\u7231\u5bfc\u7ba1|73/100\n|\n|-weather|SunnyDay|[upkeep]\n|upkeep\n|turn|4\n|\n|t:|1768298576\n|move|p2a: Whimsicott|Light Screen|p2a: Whimsicott\n|-sidestart|p2: sazar saifi|move: Light Screen\n|move|p2b: Farigiraf|Hyper Voice|p1b: \u4f8d\u7684\u6211\u7231\u5bfc\u7ba1|[spread] p1a,p1b\n|-damage|p1a: \u4f60\u6731\u5417|65/100\n|-damage|p1b: \u4f8d\u7684\u6211\u7231\u5bfc\u7ba1|37/100\n|-enditem|p2b: Farigiraf|Throat Spray\n|-boost|p2b: Farigiraf|spa|1|[from] item: Throat Spray\n|move|p1a: \u4f60\u6731\u5417|Flare Blitz|p2b: Farigiraf\n|-damage|p2b: Farigiraf|0 fnt\n|faint|p2b: Farigiraf\n|-damage|p1a: \u4f60\u6731\u5417|22/100|[from] Recoil\n|-damage|p1a: \u4f60\u6731\u5417|12/100|[from] item: Life Orb\n|move|p1b: \u4f8d\u7684\u6211\u7231\u5bfc\u7ba1|Trick Room|p1b: \u4f8d\u7684\u6211\u7231\u5bfc\u7ba1\n|-fieldend|move: Trick Room\n|\n|-weather|SunnyDay|[upkeep]\n|upkeep\n|\n|t:|1768298587\n|switch|p2b: Miraidon|Miraidon, L50, tera:Fairy|7/100\n|-fieldstart|move: Electric Terrain|[from] ability: Hadron Engine|[of] p2b: Miraidon\n|turn|5\n|\n|t:|1768298594\n|move|p1a: \u4f60\u6731\u5417|Protect|p1a: \u4f60\u6731\u5417\n|-singleturn|p1a: \u4f60\u6731\u5417|Protect\n|move|p2a: Whimsicott|Tailwind|p2a: Whimsicott\n|-sidestart|p2: sazar saifi|move: Tailwind\n|move|p2b: Miraidon|Dazzling Gleam|p1b: \u4f8d\u7684\u6211\u7231\u5bfc\u7ba1|[spread] p1b\n|-activate|p1a: \u4f60\u6731\u5417|move: Protect\n|-damage|p1b: \u4f8d\u7684\u6211\u7231\u5bfc\u7ba1|0 fnt\n|faint|p1b: \u4f8d\u7684\u6211\u7231\u5bfc\u7ba1\n|\n|-weather|SunnyDay|[upkeep]\n|upkeep\n|\n|t:|1768298597\n|switch|p1b: \u5c0f\u7b14\u7ea2\u80bf|Smeargle, L50, M, shiny|1/100\n|turn|6\n|\n|t:|1768298603\n|switch|p2b: Iron Hands|Iron Hands, L50|100/100\n|-activate|p2b: Iron Hands|ability: Quark Drive\n|-start|p2b: Iron Hands|quarkdriveatk\n|move|p1b: \u5c0f\u7b14\u7ea2\u80bf|Wide Guard|p1b: \u5c0f\u7b14\u7ea2\u80bf\n|-singleturn|p1b: \u5c0f\u7b14\u7ea2\u80bf|Wide Guard\n|move|p2a: Whimsicott|Moonblast|p1a: \u4f60\u6731\u5417\n|-supereffective|p1a: \u4f60\u6731\u5417\n|-damage|p1a: \u4f60\u6731\u5417|0 fnt\n|faint|p1a: \u4f60\u6731\u5417\n|\n|-weather|none\n|-ability|p1b: \u5c0f\u7b14\u7ea2\u80bf|Moody|boost\n|-boost|p1b: \u5c0f\u7b14\u7ea2\u80bf|def|2\n|-unboost|p1b: \u5c0f\u7b14\u7ea2\u80bf|spe|1\n|upkeep\n|\n|t:|1768298605\n|switch|p1a: \u9a6c\u6b7b\u4e86|Calyrex-Shadow, L50, tera:Ghost|6/100\n|-ability|p1a: \u9a6c\u6b7b\u4e86|As One\n|-ability|p1a: \u9a6c\u6b7b\u4e86|Unnerve\n|turn|7\n|\n|t:|1768298626\n|move|p1b: \u5c0f\u7b14\u7ea2\u80bf|Follow Me|p1b: \u5c0f\u7b14\u7ea2\u80bf\n|-singleturn|p1b: \u5c0f\u7b14\u7ea2\u80bf|move: Follow Me\n|move|p2a: Whimsicott|Encore|p1b: \u5c0f\u7b14\u7ea2\u80bf\n|-start|p1b: \u5c0f\u7b14\u7ea2\u80bf|Encore\n|move|p1a: \u9a6c\u6b7b\u4e86|Astral Barrage|p2b: Iron Hands|[spread] p2a,p2b\n|-damage|p2a: Whimsicott|12/100\n|-damage|p2b: Iron Hands|55/100\n|move|p2b: Iron Hands|Wild Charge|p1b: \u5c0f\u7b14\u7ea2\u80bf\n|-damage|p1b: \u5c0f\u7b14\u7ea2\u80bf|0 fnt\n|faint|p1b: \u5c0f\u7b14\u7ea2\u80bf\n|-damage|p2b: Iron Hands|55/100|[from] Recoil\n|\n|upkeep\n|turn|8\n|-message|dasabe\u76d6\u6b27\u5361\u4fa0 forfeited.\n|\n|win|sazar saifi\n|raw|dasabe\u76d6\u6b27\u5361\u4fa0's rating: 1432 &rarr; <strong>1407</strong><br />(-25 for losing)\n|raw|sazar saifi's rating: 1348 &rarr; <strong>1373</strong><br />(+25 for winning)\n|l|\u2606dasabe\u76d6\u6b27\u5361\u4fa0\n|player|p1|\n|l|\u2606sazar saifi\n|player|p2|\n|l| wuminshi\n","uploadtime":1768298857,"views":17,"formatid":"gen9vgc2026regi","rating":1373,"private":0,"password":null}