{"id":"gen9vgc2026regi-2572596412","format":"[Gen 9] VGC 2026 Reg I","players":["OvLSora","Galact7adi"],"log":"|j|\u2606OvLSora\n|j|\u2606Galact7adi\n|t:|1775047384\n|gametype|doubles\n|player|p1|OvLSora|acetrainer|1471\n|player|p2|Galact7adi|1|1496\n|gen|9\n|tier|[Gen 9] VGC 2026 Reg I\n|rated|\n|rule|Species Clause: Limit one of each Pok\u00e9mon\n|rule|Item Clause: Limit 1 of each item\n|clearpoke\n|poke|p1|Miraidon, L50|\n|poke|p1|Lunala, L50|\n|poke|p1|Ursaluna, L50, F|\n|poke|p1|Amoonguss, L50, M|\n|poke|p1|Grimmsnarl, L50, M|\n|poke|p1|Incineroar, L50, M|\n|poke|p2|Kyogre, L50|\n|poke|p2|Zamazenta-*, L50|\n|poke|p2|Raichu, L50, F|\n|poke|p2|Tornadus, L50, M|\n|poke|p2|Incineroar, L50, M|\n|poke|p2|Chien-Pao, L50|\n|teampreview|4\n|inactive|Battle timer is ON: inactive players will automatically lose when time's up. (requested by Galact7adi)\n|inactive|OvLSora has 60 seconds left.\n|inactive|Galact7adi has 60 seconds left.\n|j| salamstudu\n|c|\u2606OvLSora|mh\n|inactive|OvLSora has 30 seconds left.\n|inactive|OvLSora has 20 seconds left.\n|inactive|OvLSora has 15 seconds left.\n|inactive|OvLSora has 10 seconds left.\n|\n|t:|1775047469\n|teamsize|p1|4\n|teamsize|p2|4\n|start\n|switch|p1a: Lunala|Lunala, L50|100/100\n|switch|p1b: Amoonguss|Amoonguss, L50, M|100/100\n|switch|p2a: Incineroar|Incineroar, L50, M|100/100\n|switch|p2b: Zamazenta|Zamazenta-Crowned, L50|100/100\n|-ability|p2b: Zamazenta|Dauntless Shield|boost\n|-boost|p2b: Zamazenta|def|1\n|-ability|p2a: Incineroar|Intimidate|boost\n|-unboost|p1a: Lunala|atk|1\n|-unboost|p1b: Amoonguss|atk|1\n|turn|1\n|inactive|Galact7adi has 30 seconds left.\n|\n|t:|1775047498\n|move|p1b: Amoonguss|Rage Powder|p1b: Amoonguss\n|-singleturn|p1b: Amoonguss|move: Rage Powder\n|move|p2b: Zamazenta|Imprison|p2b: Zamazenta\n|-start|p2b: Zamazenta|move: Imprison\n|move|p2a: Incineroar|Knock Off|p1a: Lunala\n|-supereffective|p1a: Lunala\n|-damage|p1a: Lunala|50/100\n|-enditem|p1a: Lunala|Electric Seed|[from] move: Knock Off|[of] p2a: Incineroar\n|move|p1a: Lunala|Trick Room|p1a: Lunala\n|-fieldstart|move: Trick Room|[of] p1a: Lunala\n|\n|upkeep\n|turn|2\n|inactive|OvLSora has 30 seconds left.\n|inactive|OvLSora has 20 seconds left.\n|\n|t:|1775047534\n|move|p1b: Amoonguss|Spore|p2b: Zamazenta\n|-status|p2b: Zamazenta|slp|[from] move: Spore\n|move|p2a: Incineroar|Knock Off|p1a: Lunala\n|-supereffective|p1a: Lunala\n|-damage|p1a: Lunala|0 fnt\n|faint|p1a: Lunala\n|cant|p2b: Zamazenta|slp\n|\n|upkeep\n|\n|t:|1775047544\n|switch|p1a: Ursaluna|Ursaluna, L50, F|100/100\n|turn|3\n|\n|t:|1775047565\n|move|p1a: Ursaluna|Protect|p1a: Ursaluna\n|-singleturn|p1a: Ursaluna|Protect\n|move|p1b: Amoonguss|Sludge Bomb|p2a: Incineroar\n|-damage|p2a: Incineroar|78/100\n|-status|p2a: Incineroar|psn\n|move|p2a: Incineroar|Knock Off|p1a: Ursaluna\n|-activate|p1a: Ursaluna|move: Protect\n|-curestatus|p2b: Zamazenta|slp|[msg]\n|move|p2b: Zamazenta|Heavy Slam|p1a: Ursaluna\n|-activate|p1a: Ursaluna|move: Protect\n|\n|-damage|p2a: Incineroar|66/100 psn|[from] psn\n|-status|p1a: Ursaluna|brn|[from] item: Flame Orb\n|upkeep\n|turn|4\n|\n|t:|1775047580\n|-terastallize|p2b: Zamazenta|Water\n|move|p1b: Amoonguss|Spore|p2b: Zamazenta\n|-status|p2b: Zamazenta|slp|[from] move: Spore\n|move|p1a: Ursaluna|Facade|p2a: Incineroar\n|-damage|p2a: Incineroar|0 fnt\n|faint|p2a: Incineroar\n|cant|p2b: Zamazenta|slp\n|\n|-damage|p1a: Ursaluna|95/100 brn|[from] brn\n|upkeep\n|\n|t:|1775047590\n|switch|p2a: Kyogre|Kyogre, L50|100/100\n|-weather|RainDance|[from] ability: Drizzle|[of] p2a: Kyogre\n|turn|5\n|\n|t:|1775047598\n|move|p2a: Kyogre|Protect|p2a: Kyogre\n|-singleturn|p2a: Kyogre|Protect\n|move|p1b: Amoonguss|Rage Powder|p1b: Amoonguss\n|-singleturn|p1b: Amoonguss|move: Rage Powder\n|move|p1a: Ursaluna|Facade|p2a: Kyogre\n|-activate|p2a: Kyogre|move: Protect\n|cant|p2b: Zamazenta|slp\n|\n|-weather|RainDance|[upkeep]\n|-damage|p1a: Ursaluna|89/100 brn|[from] brn\n|-fieldend|move: Trick Room\n|upkeep\n|turn|6\n|\n|t:|1775047607\n|move|p1b: Amoonguss|Rage Powder|p1b: Amoonguss\n|-singleturn|p1b: Amoonguss|move: Rage Powder\n|cant|p2b: Zamazenta|slp\n|move|p2a: Kyogre|Water Spout|p1a: Ursaluna|[spread] p1a,p1b\n|-supereffective|p1a: Ursaluna\n|-resisted|p1b: Amoonguss\n|-damage|p1a: Ursaluna|0 fnt\n|-damage|p1b: Amoonguss|47/100\n|faint|p1a: Ursaluna\n|\n|-weather|RainDance|[upkeep]\n|upkeep\n|-message|OvLSora forfeited.\n|\n|win|Galact7adi\n|raw|OvLSora's rating: 1471 &rarr; <strong>1452</strong><br />(-19 for losing)\n|raw|Galact7adi's rating: 1496 &rarr; <strong>1515</strong><br />(+19 for winning)\n|l|\u2606OvLSora\n|player|p1|\n","uploadtime":1775047632,"views":27,"formatid":"gen9vgc2026regi","rating":1452,"private":0,"password":null}