{"id":"gen9vgc2026regi-2542976352","format":"[Gen 9] VGC 2026 Reg I","players":["Munchlaxxxxxxxxxxx","quisiimo"],"log":"|j|\u2606Munchlaxxxxxxxxxxx\n|j|\u2606quisiimo\n|t:|1771519164\n|gametype|doubles\n|player|p1|Munchlaxxxxxxxxxxx|2|1231\n|player|p2|quisiimo|169|1205\n|gen|9\n|tier|[Gen 9] VGC 2026 Reg I\n|rated|\n|rule|Species Clause: Limit one of each Pok\u00e9mon\n|rule|Item Clause: Limit 1 of each item\n|clearpoke\n|poke|p1|Miraidon, L50|\n|poke|p1|Kyogre, L50|\n|poke|p1|Tornadus, L50, M|\n|poke|p1|Clefairy, L50, M|\n|poke|p1|Urshifu-*, L50, F|\n|poke|p1|Altaria, L50, M|\n|poke|p2|Calyrex-Shadow, L50|\n|poke|p2|Zamazenta-*, L50|\n|poke|p2|Ursaluna, L50, F|\n|poke|p2|Incineroar, L50, M|\n|poke|p2|Urshifu-*, L50, F|\n|poke|p2|Raging Bolt, L50|\n|teampreview|4\n|inactive|Battle timer is ON: inactive players will automatically lose when time's up. (requested by Munchlaxxxxxxxxxxx)\n|inactive|quisiimo has 60 seconds left.\n|\n|t:|1771519248\n|teamsize|p1|4\n|teamsize|p2|4\n|start\n|switch|p1a: Tornadus|Tornadus, L50, M|100/100\n|switch|p1b: Altaria|Altaria, L50, M|100/100\n|switch|p2a: Urshifu|Urshifu-Rapid-Strike, L50, F|100/100\n|switch|p2b: Calyrex|Calyrex-Shadow, L50|100/100\n|-ability|p2b: Calyrex|As One\n|-ability|p2b: Calyrex|Unnerve\n|turn|1\n|\n|t:|1771519270\n|move|p1a: Tornadus|Tailwind|p1a: Tornadus\n|-sidestart|p1: Munchlaxxxxxxxxxxx|move: Tailwind\n|move|p1b: Altaria|Hurricane|p2a: Urshifu\n|-supereffective|p2a: Urshifu\n|-damage|p2a: Urshifu|0 fnt\n|faint|p2a: Urshifu\n|move|p2b: Calyrex|Astral Barrage|p1a: Tornadus|[spread] p1a,p1b\n|-damage|p1a: Tornadus|25/100\n|-damage|p1b: Altaria|29/100\n|\n|upkeep\n|inactive|quisiimo has 30 seconds left.\n|\n|t:|1771519300\n|switch|p2a: Ursaluna|Ursaluna, L50, F, shiny|100/100\n|turn|2\n|\n|t:|1771519307\n|move|p2b: Calyrex|Protect|p2b: Calyrex\n|-singleturn|p2b: Calyrex|Protect\n|move|p2a: Ursaluna|Protect|p2a: Ursaluna\n|-singleturn|p2a: Ursaluna|Protect\n|move|p1a: Tornadus|Rain Dance|p1a: Tornadus\n|-weather|RainDance\n|move|p1b: Altaria|Hurricane|p2b: Calyrex\n|-activate|p2b: Calyrex|move: Protect\n|\n|-weather|RainDance|[upkeep]\n|-status|p2a: Ursaluna|brn|[from] item: Flame Orb\n|upkeep\n|turn|3\n|\n|t:|1771519325\n|switch|p2b: Zamazenta|Zamazenta-Crowned, L50, shiny|100/100\n|-ability|p2b: Zamazenta|Dauntless Shield|boost\n|-boost|p2b: Zamazenta|def|1\n|move|p1a: Tornadus|Bleakwind Storm|p2a: Ursaluna|[spread] p2a,p2b\n|-damage|p2a: Ursaluna|70/100 brn\n|-damage|p2b: Zamazenta|70/100\n|move|p1b: Altaria|Hurricane|p2b: Zamazenta\n|-crit|p2b: Zamazenta\n|-damage|p2b: Zamazenta|0 fnt\n|faint|p2b: Zamazenta\n|move|p2a: Ursaluna|Facade|p1b: Altaria\n|-damage|p1b: Altaria|0 fnt\n|faint|p1b: Altaria\n|\n|-weather|RainDance|[upkeep]\n|-damage|p2a: Ursaluna|64/100 brn|[from] brn\n|upkeep\n|\n|t:|1771519344\n|switch|p2b: Calyrex|Calyrex-Shadow, L50|100/100\n|switch|p1b: Kyogre|Kyogre, L50|100/100\n|-ability|p2b: Calyrex|As One\n|-ability|p2b: Calyrex|Unnerve\n|turn|4\n|\n|t:|1771519353\n|move|p2b: Calyrex|Protect|p2b: Calyrex\n|-singleturn|p2b: Calyrex|Protect\n|move|p2a: Ursaluna|Protect|p2a: Ursaluna\n|-singleturn|p2a: Ursaluna|Protect\n|move|p1b: Kyogre|Water Spout|p2a: Ursaluna|[spread] \n|-activate|p2a: Ursaluna|move: Protect\n|-activate|p2b: Calyrex|move: Protect\n|move|p1a: Tornadus|Bleakwind Storm|p2a: Ursaluna|[spread] \n|-activate|p2a: Ursaluna|move: Protect\n|-activate|p2b: Calyrex|move: Protect\n|\n|-weather|RainDance|[upkeep]\n|-damage|p2a: Ursaluna|58/100 brn|[from] brn\n|-sideend|p1: Munchlaxxxxxxxxxxx|move: Tailwind\n|upkeep\n|turn|5\n|\n|t:|1771519372\n|-terastallize|p1b: Kyogre|Water\n|-terastallize|p2a: Ursaluna|Water\n|move|p1a: Tornadus|Tailwind|p1a: Tornadus\n|-sidestart|p1: Munchlaxxxxxxxxxxx|move: Tailwind\n|move|p1b: Kyogre|Water Spout|p2a: Ursaluna|[spread] p2a,p2b\n|-resisted|p2a: Ursaluna\n|-damage|p2a: Ursaluna|0 fnt\n|-enditem|p2b: Calyrex|Focus Sash\n|-damage|p2b: Calyrex|1/100\n|faint|p2a: Ursaluna\n|move|p2b: Calyrex|Astral Barrage|p1b: Kyogre|[spread] p1a,p1b\n|-damage|p1a: Tornadus|0 fnt\n|-damage|p1b: Kyogre|52/100\n|faint|p1a: Tornadus\n|-ability|p2b: Calyrex|Grim Neigh|boost\n|-boost|p2b: Calyrex|spa|1\n|\n|-weather|RainDance|[upkeep]\n|upkeep\n|\n|t:|1771519383\n|switch|p1a: Miraidon|Miraidon, L50|100/100\n|-fieldstart|move: Electric Terrain|[from] ability: Hadron Engine|[of] p1a: Miraidon\n|turn|6\n|-message|quisiimo forfeited.\n|\n|win|Munchlaxxxxxxxxxxx\n|raw|Munchlaxxxxxxxxxxx's rating: 1231 &rarr; <strong>1254</strong><br />(+23 for winning)\n|raw|quisiimo's rating: 1205 &rarr; <strong>1182</strong><br />(-23 for losing)\n|l|\u2606quisiimo\n|player|p2|\n","uploadtime":1771519395,"views":16,"formatid":"gen9vgc2026regi","rating":1182,"private":0,"password":null}