{"id":"gen9vgc2026regi-2513774692","format":"[Gen 9] VGC 2026 Reg I","players":["thevietguy","dasabe\u76d6\u6b27\u5361\u4fa0"],"log":"|j|\u2606thevietguy\n|j|\u2606dasabe\u76d6\u6b27\u5361\u4fa0\n|t:|1767780481\n|gametype|doubles\n|player|p1|thevietguy|clown|1203\n|player|p2|dasabe\u76d6\u6b27\u5361\u4fa0|may-masters4|1100\n|gen|9\n|tier|[Gen 9] VGC 2026 Reg I\n|rated|\n|rule|Species Clause: Limit one of each Pok\u00e9mon\n|rule|Item Clause: Limit 1 of each item\n|clearpoke\n|poke|p1|Miraidon, L50|\n|poke|p1|Calyrex-Ice, L50|\n|poke|p1|Ursaluna-Bloodmoon, L50, M|\n|poke|p1|Incineroar, L50, M|\n|poke|p1|Ogerpon-Wellspring, L50, F|\n|poke|p1|Whimsicott, L50, F|\n|poke|p2|Zamazenta-*, L50|\n|poke|p2|Calyrex-Ice, L50|\n|poke|p2|Raging Bolt, L50|\n|poke|p2|Urshifu-*, L50, M|\n|poke|p2|Amoonguss, L50, M|\n|poke|p2|Rillaboom, L50, F|\n|teampreview|4\n|\n|t:|1767780502\n|teamsize|p1|4\n|teamsize|p2|4\n|start\n|switch|p1a: RacismMF|Calyrex-Ice, L50|100/100\n|switch|p1b: GojoHimSelf|Incineroar, L50, M|100/100\n|switch|p2a: \u556a\u53fd\u556a\uff08\u6251\u51fb\u58f0\uff09|Zamazenta-Crowned, L50|100/100\n|switch|p2b: \u63e1\u8349\u733f|Rillaboom, L50, F|100/100\n|-ability|p1a: RacismMF|As One\n|-ability|p1a: RacismMF|Unnerve\n|-ability|p2a: \u556a\u53fd\u556a\uff08\u6251\u51fb\u58f0\uff09|Dauntless Shield|boost\n|-boost|p2a: \u556a\u53fd\u556a\uff08\u6251\u51fb\u58f0\uff09|def|1\n|-fieldstart|move: Grassy Terrain|[from] ability: Grassy Surge|[of] p2b: \u63e1\u8349\u733f\n|-ability|p1b: GojoHimSelf|Intimidate|boost\n|-unboost|p2a: \u556a\u53fd\u556a\uff08\u6251\u51fb\u58f0\uff09|atk|1\n|-unboost|p2b: \u63e1\u8349\u733f|atk|1\n|turn|1\n|\n|t:|1767780526\n|-terastallize|p2a: \u556a\u53fd\u556a\uff08\u6251\u51fb\u58f0\uff09|Ghost\n|move|p1a: RacismMF|Protect|p1a: RacismMF\n|-singleturn|p1a: RacismMF|Protect\n|move|p2a: \u556a\u53fd\u556a\uff08\u6251\u51fb\u58f0\uff09|Body Press|p1b: GojoHimSelf\n|-supereffective|p1b: GojoHimSelf\n|-damage|p1b: GojoHimSelf|0 fnt\n|faint|p1b: GojoHimSelf\n|move|p2b: \u63e1\u8349\u733f|U-turn|p1a: RacismMF\n|-activate|p1a: RacismMF|move: Protect\n|\n|upkeep\n|\n|t:|1767780536\n|switch|p1b: DaBike|Miraidon, L50|100/100\n|-fieldstart|move: Electric Terrain|[from] ability: Hadron Engine|[of] p1b: DaBike\n|turn|2\n|\n|t:|1767780548\n|switch|p2b: \u9e7f\u51a0\u738b|Calyrex-Ice, L50|100/100\n|-ability|p2b: \u9e7f\u51a0\u738b|As One\n|-ability|p2b: \u9e7f\u51a0\u738b|Unnerve\n|move|p2a: \u556a\u53fd\u556a\uff08\u6251\u51fb\u58f0\uff09|Protect|p2a: \u556a\u53fd\u556a\uff08\u6251\u51fb\u58f0\uff09\n|-singleturn|p2a: \u556a\u53fd\u556a\uff08\u6251\u51fb\u58f0\uff09|Protect\n|move|p1b: DaBike|Electro Drift|p2a: \u556a\u53fd\u556a\uff08\u6251\u51fb\u58f0\uff09\n|-activate|p2a: \u556a\u53fd\u556a\uff08\u6251\u51fb\u58f0\uff09|move: Protect\n|move|p1a: RacismMF|Glacial Lance|p2b: \u9e7f\u51a0\u738b|[spread] p2b\n|-activate|p2a: \u556a\u53fd\u556a\uff08\u6251\u51fb\u58f0\uff09|move: Protect\n|-resisted|p2b: \u9e7f\u51a0\u738b\n|-crit|p2b: \u9e7f\u51a0\u738b\n|-damage|p2b: \u9e7f\u51a0\u738b|75/100\n|\n|-heal|p2b: \u9e7f\u51a0\u738b|81/100|[from] item: Leftovers\n|upkeep\n|turn|3\n|\n|t:|1767780569\n|switch|p2a: \u63e1\u8349\u733f|Rillaboom, L50, F|100/100\n|-fieldstart|move: Grassy Terrain|[from] ability: Grassy Surge|[of] p2a: \u63e1\u8349\u733f\n|move|p1b: DaBike|Electro Drift|p2b: \u9e7f\u51a0\u738b\n|-damage|p2b: \u9e7f\u51a0\u738b|27/100\n|move|p1a: RacismMF|Glacial Lance|p2a: \u63e1\u8349\u733f|[spread] p2a,p2b\n|-supereffective|p2a: \u63e1\u8349\u733f\n|-resisted|p2b: \u9e7f\u51a0\u738b\n|-damage|p2a: \u63e1\u8349\u733f|0 fnt\n|-damage|p2b: \u9e7f\u51a0\u738b|9/100\n|faint|p2a: \u63e1\u8349\u733f\n|-ability|p1a: RacismMF|Chilling Neigh|boost\n|-boost|p1a: RacismMF|atk|1\n|move|p2b: \u9e7f\u51a0\u738b|Glacial Lance|p1b: DaBike|[spread] p1a,p1b\n|-resisted|p1a: RacismMF\n|-supereffective|p1b: DaBike\n|-damage|p1a: RacismMF|79/100\n|-damage|p1b: DaBike|0 fnt\n|faint|p1b: DaBike\n|-ability|p2b: \u9e7f\u51a0\u738b|Chilling Neigh|boost\n|-boost|p2b: \u9e7f\u51a0\u738b|atk|1\n|\n|-heal|p1a: RacismMF|84/100|[from] Grassy Terrain\n|-heal|p2b: \u9e7f\u51a0\u738b|15/100|[from] Grassy Terrain\n|-heal|p2b: \u9e7f\u51a0\u738b|21/100|[from] item: Leftovers\n|upkeep\n|\n|t:|1767780587\n|switch|p1b: Ursaluna|Ursaluna-Bloodmoon, L50, M|100/100\n|switch|p2a: \u556a\u53fd\u556a\uff08\u6251\u51fb\u58f0\uff09|Zamazenta-Crowned, L50, tera:Ghost|100/100\n|turn|4\n|\n|t:|1767780611\n|-terastallize|p1b: Ursaluna|Normal\n|move|p2a: \u556a\u53fd\u556a\uff08\u6251\u51fb\u58f0\uff09|Protect|p2a: \u556a\u53fd\u556a\uff08\u6251\u51fb\u58f0\uff09\n|-singleturn|p2a: \u556a\u53fd\u556a\uff08\u6251\u51fb\u58f0\uff09|Protect\n|move|p2b: \u9e7f\u51a0\u738b|Protect|p2b: \u9e7f\u51a0\u738b\n|-singleturn|p2b: \u9e7f\u51a0\u738b|Protect\n|move|p1b: Ursaluna|Blood Moon|p2a: \u556a\u53fd\u556a\uff08\u6251\u51fb\u58f0\uff09\n|-activate|p2a: \u556a\u53fd\u556a\uff08\u6251\u51fb\u58f0\uff09|move: Protect\n|move|p1a: RacismMF|Glacial Lance|p2b: \u9e7f\u51a0\u738b|[spread] \n|-activate|p2a: \u556a\u53fd\u556a\uff08\u6251\u51fb\u58f0\uff09|move: Protect\n|-activate|p2b: \u9e7f\u51a0\u738b|move: Protect\n|\n|-heal|p1a: RacismMF|90/100|[from] Grassy Terrain\n|-heal|p2b: \u9e7f\u51a0\u738b|27/100|[from] Grassy Terrain\n|-heal|p2b: \u9e7f\u51a0\u738b|32/100|[from] item: Leftovers\n|upkeep\n|turn|5\n|\n|t:|1767780625\n|move|p2a: \u556a\u53fd\u556a\uff08\u6251\u51fb\u58f0\uff09|Body Press|p1b: Ursaluna\n|-supereffective|p1b: Ursaluna\n|-damage|p1b: Ursaluna|30/100\n|move|p1b: Ursaluna|Hyper Voice|p2a: \u556a\u53fd\u556a\uff08\u6251\u51fb\u58f0\uff09|[spread] p2a,p2b\n|-damage|p2a: \u556a\u53fd\u556a\uff08\u6251\u51fb\u58f0\uff09|65/100\n|-damage|p2b: \u9e7f\u51a0\u738b|0 fnt\n|faint|p2b: \u9e7f\u51a0\u738b\n|move|p1a: RacismMF|Glacial Lance|p2a: \u556a\u53fd\u556a\uff08\u6251\u51fb\u58f0\uff09\n|-damage|p2a: \u556a\u53fd\u556a\uff08\u6251\u51fb\u58f0\uff09|1/100\n|\n|-heal|p2a: \u556a\u53fd\u556a\uff08\u6251\u51fb\u58f0\uff09|7/100|[from] Grassy Terrain\n|-heal|p1b: Ursaluna|37/100|[from] Grassy Terrain\n|-heal|p1a: RacismMF|96/100|[from] Grassy Terrain\n|upkeep\n|-message|dasabe\u76d6\u6b27\u5361\u4fa0 forfeited.\n|\n|win|thevietguy\n|raw|thevietguy's rating: 1203 &rarr; <strong>1221</strong><br />(+18 for winning)\n|raw|dasabe\u76d6\u6b27\u5361\u4fa0's rating: 1100 &rarr; <strong>1082</strong><br />(-18 for losing)\n|l|\u2606dasabe\u76d6\u6b27\u5361\u4fa0\n|player|p2|\n|l|\u2606thevietguy\n|player|p1|\n","uploadtime":1767781031,"views":20,"formatid":"gen9vgc2026regi","rating":1082,"private":0,"password":null}