{"id":"gen9vgc2026regi-2549444465","format":"[Gen 9] VGC 2026 Reg I","players":["meh is good","partigiano jonny"],"log":"|j|\u2606meh is good\n|j|\u2606partigiano jonny\n|t:|1772368472\n|gametype|doubles\n|player|p1|meh is good|flannery|1505\n|player|p2|partigiano jonny|265|1613\n|gen|9\n|tier|[Gen 9] VGC 2026 Reg I\n|rated|\n|rule|Species Clause: Limit one of each Pok\u00e9mon\n|rule|Item Clause: Limit 1 of each item\n|clearpoke\n|poke|p1|Miraidon, L50|\n|poke|p1|Lunala, L50|\n|poke|p1|Ursaluna, L50, F|\n|poke|p1|Volcarona, L50, M|\n|poke|p1|Urshifu-*, L50, M|\n|poke|p1|Incineroar, L50, M|\n|poke|p2|Terapagos, L50, M|\n|poke|p2|Miraidon, L50|\n|poke|p2|Incineroar, L50, M|\n|poke|p2|Iron Treads, L50|\n|poke|p2|Sinistcha, L50|\n|poke|p2|Urshifu-*, L50, F|\n|teampreview|4\n|inactive|Battle timer is ON: inactive players will automatically lose when time's up. (requested by meh is good)\n|\n|t:|1772368488\n|teamsize|p1|4\n|teamsize|p2|4\n|start\n|switch|p1a: Lunala|Lunala, L50, shiny|100/100\n|switch|p1b: Incineroar|Incineroar, L50, M|100/100\n|switch|p2a: Terapagos|Terapagos, L50, M|100/100\n|switch|p2b: Miraidon|Miraidon, L50|100/100\n|-activate|p2a: Terapagos|ability: Tera Shift\n|detailschange|p2a: Terapagos|Terapagos-Terastal, L50, M\n|-heal|p2a: Terapagos|100/100|[silent]\n|-fieldstart|move: Electric Terrain|[from] ability: Hadron Engine|[of] p2b: Miraidon\n|-enditem|p1a: Lunala|Electric Seed\n|-boost|p1a: Lunala|def|1|[from] item: Electric Seed\n|-enditem|p2a: Terapagos|Electric Seed\n|-boost|p2a: Terapagos|def|1|[from] item: Electric Seed\n|-ability|p1b: Incineroar|Intimidate|boost\n|-unboost|p2a: Terapagos|atk|1\n|-unboost|p2b: Miraidon|atk|1\n|turn|1\n|\n|t:|1772368510\n|move|p1b: Incineroar|Fake Out|p2b: Miraidon\n|-damage|p2b: Miraidon|90/100\n|cant|p2b: Miraidon|flinch\n|move|p2a: Terapagos|Calm Mind|p2a: Terapagos\n|-boost|p2a: Terapagos|spa|1\n|-boost|p2a: Terapagos|spd|1\n|move|p1a: Lunala|Trick Room|p1a: Lunala\n|-fieldstart|move: Trick Room|[of] p1a: Lunala\n|\n|upkeep\n|turn|2\n|\n|t:|1772368529\n|move|p1b: Incineroar|Parting Shot|p2a: Terapagos\n|-unboost|p2a: Terapagos|atk|1\n|-unboost|p2a: Terapagos|spa|1\n|\n|t:|1772368533\n|switch|p1b: Ursaluna|Ursaluna, L50, F|100/100|[from] Parting Shot\n|move|p2a: Terapagos|Tera Starstorm|p1b: Ursaluna\n|-damage|p1b: Ursaluna|53/100\n|move|p1a: Lunala|Moonblast|p2b: Miraidon\n|-supereffective|p2b: Miraidon\n|-damage|p2b: Miraidon|54/100\n|move|p2b: Miraidon|Draco Meteor|p1b: Ursaluna\n|-damage|p1b: Ursaluna|0 fnt\n|-unboost|p2b: Miraidon|spa|2\n|faint|p1b: Ursaluna\n|\n|upkeep\n|\n|t:|1772368551\n|switch|p1b: Miraidon|Miraidon, L50|100/100\n|-activate|p1b: Miraidon|ability: Hadron Engine\n|turn|3\n|\n|t:|1772368562\n|switch|p2b: Iron Treads|Iron Treads, L50|100/100\n|-activate|p2b: Iron Treads|ability: Quark Drive\n|-start|p2b: Iron Treads|quarkdrivespe\n|-terastallize|p1a: Lunala|Fairy\n|move|p2a: Terapagos|Calm Mind|p2a: Terapagos\n|-boost|p2a: Terapagos|spa|1\n|-boost|p2a: Terapagos|spd|1\n|move|p1a: Lunala|Moonblast|p2b: Iron Treads\n|-resisted|p2b: Iron Treads\n|-damage|p2b: Iron Treads|64/100\n|move|p1b: Miraidon|Snarl|p2b: Iron Treads|[spread] p2a,p2b\n|-activate|p2a: Terapagos|ability: Tera Shell\n|-resisted|p2a: Terapagos\n|-damage|p2a: Terapagos|96/100\n|-damage|p2b: Iron Treads|37/100\n|-unboost|p2a: Terapagos|spa|1\n|-unboost|p2b: Iron Treads|spa|1\n|\n|upkeep\n|turn|4\n|\n|t:|1772368586\n|move|p2b: Iron Treads|Protect|p2b: Iron Treads\n|-singleturn|p2b: Iron Treads|Protect\n|move|p2a: Terapagos|Calm Mind|p2a: Terapagos\n|-boost|p2a: Terapagos|spa|1\n|-boost|p2a: Terapagos|spd|1\n|move|p1a: Lunala|Moongeist Beam|p2b: Iron Treads\n|-activate|p2b: Iron Treads|move: Protect\n|move|p1b: Miraidon|Snarl|p2a: Terapagos|[spread] p2a\n|-activate|p2b: Iron Treads|move: Protect\n|-damage|p2a: Terapagos|89/100\n|-unboost|p2a: Terapagos|spa|1\n|\n|upkeep\n|turn|5\n|\n|t:|1772368595\n|-end|p2b: Iron Treads|Quark Drive|[silent]\n|switch|p2b: Sinistcha|Sinistcha, L50|100/100\n|-heal|p2a: Terapagos|100/100|[from] ability: Hospitality|[of] p2b: Sinistcha\n|move|p2a: Terapagos|Calm Mind|p2a: Terapagos\n|-boost|p2a: Terapagos|spa|1\n|-boost|p2a: Terapagos|spd|1\n|move|p1a: Lunala|Moongeist Beam|p2b: Sinistcha\n|-supereffective|p2b: Sinistcha\n|-enditem|p2b: Sinistcha|Focus Sash\n|-damage|p2b: Sinistcha|1/100\n|move|p1b: Miraidon|Snarl|p2a: Terapagos|[spread] p2a,p2b\n|-activate|p2a: Terapagos|ability: Tera Shell\n|-resisted|p2a: Terapagos\n|-supereffective|p2b: Sinistcha\n|-damage|p2a: Terapagos|97/100\n|-damage|p2b: Sinistcha|0 fnt\n|-unboost|p2a: Terapagos|spa|1\n|faint|p2b: Sinistcha\n|\n|-fieldend|move: Trick Room\n|-fieldend|move: Electric Terrain\n|upkeep\n|\n|t:|1772368606\n|switch|p2b: Miraidon|Miraidon, L50|54/100\n|-fieldstart|move: Electric Terrain|[from] ability: Hadron Engine|[of] p2b: Miraidon\n|turn|6\n|\n|t:|1772368622\n|switch|p1b: Incineroar|Incineroar, L50, M|100/100\n|-ability|p1b: Incineroar|Intimidate|boost\n|-unboost|p2a: Terapagos|atk|1\n|-unboost|p2b: Miraidon|atk|1\n|-terastallize|p2a: Terapagos|Stellar\n|detailschange|p2a: Terapagos|Terapagos-Stellar, L50, M, tera:Stellar\n|-heal|p2a: Terapagos|98/100|[silent]\n|-ability|p2a: Terapagos|Teraform Zero\n|-fieldend|move: Electric Terrain\n|move|p2b: Miraidon|Electro Drift|p1a: Lunala\n|-damage|p1a: Lunala|83/100\n|move|p1a: Lunala|Moonblast|p2b: Miraidon\n|-supereffective|p2b: Miraidon\n|-damage|p2b: Miraidon|0 fnt\n|faint|p2b: Miraidon\n|move|p2a: Terapagos|Tera Starstorm|p1a: Lunala|[spread] p1a,p1b\n|-supereffective|p1a: Lunala\n|-damage|p1a: Lunala|29/100\n|-damage|p1b: Incineroar|67/100\n|\n|upkeep\n|\n|t:|1772368639\n|switch|p2b: Iron Treads|Iron Treads, L50|37/100\n|turn|7\n|\n|t:|1772368662\n|move|p1a: Lunala|Wide Guard|p1a: Lunala\n|-singleturn|p1a: Lunala|Wide Guard\n|move|p2b: Iron Treads|High Horsepower|p1a: Lunala\n|-damage|p1a: Lunala|1/100\n|-damage|p2b: Iron Treads|28/100|[from] item: Life Orb\n|move|p2a: Terapagos|Tera Starstorm|p1b: Incineroar|[spread] \n|-activate|p1a: Lunala|move: Wide Guard\n|-activate|p1b: Incineroar|move: Wide Guard\n|move|p1b: Incineroar|Flare Blitz|p2b: Iron Treads\n|-supereffective|p2b: Iron Treads\n|-damage|p2b: Iron Treads|0 fnt\n|faint|p2b: Iron Treads\n|-end|p2b: Iron Treads|Quark Drive|[silent]\n|-damage|p1b: Incineroar|59/100|[from] Recoil\n|\n|upkeep\n|turn|8\n|\n|t:|1772368685\n|move|p1a: Lunala|Wide Guard|p1a: Lunala\n|-singleturn|p1a: Lunala|Wide Guard\n|move|p2a: Terapagos|Calm Mind|p2a: Terapagos\n|-boost|p2a: Terapagos|spa|1\n|-boost|p2a: Terapagos|spd|1\n|move|p1b: Incineroar|Parting Shot|p2a: Terapagos\n|-unboost|p2a: Terapagos|atk|1\n|-unboost|p2a: Terapagos|spa|1\n|\n|t:|1772368690\n|switch|p1b: Miraidon|Miraidon, L50|100/100|[from] Parting Shot\n|-fieldstart|move: Electric Terrain|[from] ability: Hadron Engine|[of] p1b: Miraidon\n|\n|upkeep\n|turn|9\n|\n|t:|1772368704\n|switch|p1a: Incineroar|Incineroar, L50, M|59/100\n|-ability|p1a: Incineroar|Intimidate|boost\n|-unboost|p2a: Terapagos|atk|1\n|move|p1b: Miraidon|Snarl|p2a: Terapagos\n|-crit|p2a: Terapagos\n|-damage|p2a: Terapagos|73/100\n|-unboost|p2a: Terapagos|spa|1\n|move|p2a: Terapagos|Earth Power|p1b: Miraidon\n|-supereffective|p1b: Miraidon\n|-crit|p1b: Miraidon\n|-damage|p1b: Miraidon|48/100\n|\n|upkeep\n|turn|10\n|\n|t:|1772368720\n|move|p2a: Terapagos|Protect|p2a: Terapagos\n|-singleturn|p2a: Terapagos|Protect\n|move|p1a: Incineroar|Fake Out|p2a: Terapagos\n|-activate|p2a: Terapagos|move: Protect\n|move|p1b: Miraidon|Snarl|p2a: Terapagos\n|-activate|p2a: Terapagos|move: Protect\n|\n|upkeep\n|turn|11\n|\n|t:|1772368729\n|move|p1b: Miraidon|Snarl|p2a: Terapagos\n|-damage|p2a: Terapagos|68/100\n|-unboost|p2a: Terapagos|spa|1\n|move|p2a: Terapagos|Earth Power|p1b: Miraidon\n|-supereffective|p1b: Miraidon\n|-damage|p1b: Miraidon|29/100\n|move|p1a: Incineroar|Flare Blitz|p2a: Terapagos\n|-damage|p2a: Terapagos|46/100\n|-damage|p1a: Incineroar|50/100|[from] Recoil\n|\n|upkeep\n|turn|12\n|\n|t:|1772368742\n|move|p1b: Miraidon|Snarl|p2a: Terapagos\n|-damage|p2a: Terapagos|41/100\n|-unboost|p2a: Terapagos|spa|1\n|move|p2a: Terapagos|Tera Starstorm|p1b: Miraidon|[spread] p1a,p1b\n|-damage|p1a: Incineroar|36/100\n|-damage|p1b: Miraidon|22/100\n|move|p1a: Incineroar|Flare Blitz|p2a: Terapagos\n|-damage|p2a: Terapagos|23/100\n|-damage|p1a: Incineroar|28/100|[from] Recoil\n|\n|-fieldend|move: Electric Terrain\n|upkeep\n|turn|13\n|\n|t:|1772368757\n|move|p1b: Miraidon|Volt Switch|p2a: Terapagos\n|-damage|p2a: Terapagos|16/100\n|\n|t:|1772368760\n|switch|p1b: Lunala|Lunala, L50, shiny, tera:Fairy|1/100|[from] Volt Switch\n|move|p2a: Terapagos|Tera Starstorm|p1a: Incineroar|[spread] p1a,p1b\n|-supereffective|p1b: Lunala\n|-damage|p1a: Incineroar|14/100\n|-damage|p1b: Lunala|0 fnt\n|faint|p1b: Lunala\n|move|p1a: Incineroar|Flare Blitz|p2a: Terapagos\n|-damage|p2a: Terapagos|0 fnt\n|faint|p2a: Terapagos\n|detailschange|p2: Terapagos|Terapagos, L50, M|[silent]\n|-damage|p1a: Incineroar|7/100|[from] Recoil\n|\n|win|meh is good\n|raw|meh is good's rating: 1505 &rarr; <strong>1531</strong><br />(+26 for winning)\n|raw|partigiano jonny's rating: 1613 &rarr; <strong>1587</strong><br />(-26 for losing)\n|l|\u2606partigiano jonny\n|player|p2|\n|l|\u2606meh is good\n|player|p1|\n","uploadtime":1772368760,"views":31,"formatid":"gen9vgc2026regi","rating":1531,"private":0,"password":null}