{"id":"gen9vgc2026regi-2524601886","format":"[Gen 9] VGC 2026 Reg I","players":["thienhaha555","1zha"],"log":"|j|\u2606thienhaha555\n|j|\u26061zha\n|t:|1769174705\n|gametype|doubles\n|player|p1|thienhaha555|beauty-gen4dp|1377\n|player|p2|1zha|1|1403\n|gen|9\n|tier|[Gen 9] VGC 2026 Reg I\n|rated|\n|rule|Species Clause: Limit one of each Pok\u00e9mon\n|rule|Item Clause: Limit 1 of each item\n|clearpoke\n|poke|p1|Eternatus, L50|\n|poke|p1|Incineroar, L50, F|\n|poke|p1|Rillaboom, L50, M|\n|poke|p1|Toxapex, L50, M|\n|poke|p1|Calyrex-Shadow, L50|\n|poke|p1|Indeedee-F, L50, F|\n|poke|p2|Calyrex-Shadow, L50|\n|poke|p2|Zamazenta-*, L50|\n|poke|p2|Whimsicott, L50, F|\n|poke|p2|Maushold-Four, L50|\n|poke|p2|Chi-Yu, L50|\n|poke|p2|Amoonguss, L50, M|\n|teampreview|4\n|inactive|Battle timer is ON: inactive players will automatically lose when time's up. (requested by thienhaha555)\n|\n|t:|1769174718\n|teamsize|p1|4\n|teamsize|p2|4\n|start\n|switch|p1a: Eternatus|Eternatus, L50|100/100\n|switch|p1b: Toxapex|Toxapex, L50, M, shiny|100/100\n|switch|p2a: Whimsicott|Whimsicott, L50, F, shiny|100/100\n|switch|p2b: Chi-Yu|Chi-Yu, L50, shiny|100/100\n|-ability|p2b: Chi-Yu|Beads of Ruin\n|-ability|p1a: Eternatus|Pressure\n|turn|1\n|\n|t:|1769174725\n|move|p2a: Whimsicott|Taunt|p1b: Toxapex\n|-start|p1b: Toxapex|move: Taunt\n|move|p2b: Chi-Yu|Snarl|p1a: Eternatus|[spread] p1a,p1b\n|-crit|p1b: Toxapex\n|-damage|p1a: Eternatus|74/100\n|-damage|p1b: Toxapex|52/100\n|-unboost|p1a: Eternatus|spa|1\n|-unboost|p1b: Toxapex|spa|1\n|move|p1a: Eternatus|Cosmic Power|p1a: Eternatus\n|-boost|p1a: Eternatus|def|1\n|-boost|p1a: Eternatus|spd|1\n|cant|p1b: Toxapex|move: Taunt|Toxic Spikes\n|\n|-heal|p1a: Eternatus|80/100|[from] item: Leftovers\n|-heal|p1b: Toxapex|58/100|[from] item: Black Sludge\n|upkeep\n|turn|2\n|\n|t:|1769174738\n|switch|p1b: Indeedee|Indeedee-F, L50, F|100/100\n|-fieldstart|move: Psychic Terrain|[from] ability: Psychic Surge|[of] p1b: Indeedee\n|-enditem|p1b: Indeedee|Psychic Seed\n|-boost|p1b: Indeedee|spd|1|[from] item: Psychic Seed\n|move|p2a: Whimsicott|Taunt|p1a: Eternatus\n|-activate|p1a: Eternatus|move: Psychic Terrain\n|move|p2b: Chi-Yu|Snarl|p1b: Indeedee|[spread] p1a,p1b\n|-supereffective|p1b: Indeedee\n|-damage|p1a: Eternatus|62/100\n|-damage|p1b: Indeedee|56/100\n|-unboost|p1a: Eternatus|spa|1\n|-unboost|p1b: Indeedee|spa|1\n|move|p1a: Eternatus|Cosmic Power|p1a: Eternatus\n|-boost|p1a: Eternatus|def|1\n|-boost|p1a: Eternatus|spd|1\n|\n|-heal|p1a: Eternatus|69/100|[from] item: Leftovers\n|upkeep\n|turn|3\n|\n|t:|1769174757\n|move|p2a: Whimsicott|Endeavor|p1a: Eternatus\n|-damage|p1a: Eternatus|56/100\n|move|p2b: Chi-Yu|Snarl|p1a: Eternatus|[spread] p1a,p1b\n|-crit|p1a: Eternatus\n|-supereffective|p1b: Indeedee\n|-damage|p1a: Eternatus|15/100\n|-damage|p1b: Indeedee|4/100\n|-unboost|p1a: Eternatus|spa|1\n|-unboost|p1b: Indeedee|spa|1\n|move|p1a: Eternatus|Cosmic Power|p1a: Eternatus\n|-boost|p1a: Eternatus|def|1\n|-boost|p1a: Eternatus|spd|1\n|move|p1b: Indeedee|Heal Pulse|p1a: Eternatus\n|-heal|p1a: Eternatus|65/100\n|\n|-heal|p1a: Eternatus|71/100|[from] item: Leftovers\n|upkeep\n|turn|4\n|\n|t:|1769174773\n|switch|p1b: Toxapex|Toxapex, L50, M, shiny|91/100\n|move|p1a: Eternatus|Protect|p1a: Eternatus\n|-singleturn|p1a: Eternatus|Protect\n|move|p2a: Whimsicott|Endeavor|p1a: Eternatus\n|-activate|p1a: Eternatus|move: Protect\n|move|p2b: Chi-Yu|Snarl|p1a: Eternatus|[spread] p1b\n|-activate|p1a: Eternatus|move: Protect\n|-damage|p1b: Toxapex|58/100\n|-unboost|p1b: Toxapex|spa|1\n|\n|-heal|p1a: Eternatus|77/100|[from] item: Leftovers\n|-heal|p1b: Toxapex|64/100|[from] item: Black Sludge\n|upkeep\n|turn|5\n|\n|t:|1769174782\n|move|p2a: Whimsicott|Endeavor|p1a: Eternatus\n|-damage|p1a: Eternatus|56/100\n|move|p2b: Chi-Yu|Snarl|p1a: Eternatus|[spread] p1a,p1b\n|-damage|p1a: Eternatus|43/100\n|-damage|p1b: Toxapex|34/100\n|-unboost|p1a: Eternatus|spa|1\n|-unboost|p1b: Toxapex|spa|1\n|move|p1a: Eternatus|Fire Spin|p2b: Chi-Yu\n|-resisted|p2b: Chi-Yu\n|-damage|p2b: Chi-Yu|98/100\n|-activate|p2b: Chi-Yu|move: Fire Spin|[of] p1a: Eternatus\n|move|p1b: Toxapex|Toxic|p2b: Chi-Yu\n|-status|p2b: Chi-Yu|tox\n|\n|-heal|p1a: Eternatus|49/100|[from] item: Leftovers\n|-heal|p1b: Toxapex|39/100|[from] item: Black Sludge\n|-damage|p2b: Chi-Yu|93/100 tox|[from] psn\n|-damage|p2b: Chi-Yu|81/100 tox|[from] move: Fire Spin|[partiallytrapped]\n|upkeep\n|turn|6\n|\n|t:|1769174796\n|switch|p2a: Zamazenta|Zamazenta-Crowned, L50|100/100\n|-ability|p2a: Zamazenta|Dauntless Shield|boost\n|-boost|p2a: Zamazenta|def|1\n|move|p2b: Chi-Yu|Snarl|p1b: Toxapex|[spread] p1a,p1b\n|-damage|p1a: Eternatus|38/100\n|-damage|p1b: Toxapex|7/100\n|-unboost|p1a: Eternatus|spa|1\n|-unboost|p1b: Toxapex|spa|1\n|move|p1a: Eternatus|Recover|p1a: Eternatus\n|-heal|p1a: Eternatus|88/100\n|move|p1b: Toxapex|Toxic Spikes|p2b: Chi-Yu\n|-sidestart|p2: 1zha|move: Toxic Spikes\n|\n|-heal|p1a: Eternatus|94/100|[from] item: Leftovers\n|-heal|p1b: Toxapex|13/100|[from] item: Black Sludge\n|-damage|p2b: Chi-Yu|70/100 tox|[from] psn\n|-damage|p2b: Chi-Yu|58/100 tox|[from] move: Fire Spin|[partiallytrapped]\n|-fieldend|move: Psychic Terrain\n|upkeep\n|turn|7\n|inactive|1zha has 30 seconds left.\n|\n|t:|1769174823\n|switch|p2a: Whimsicott|Whimsicott, L50, F, shiny|100/100\n|-status|p2a: Whimsicott|psn\n|move|p1a: Eternatus|Protect|p1a: Eternatus\n|-singleturn|p1a: Eternatus|Protect\n|move|p1b: Toxapex|Baneful Bunker|p1b: Toxapex\n|-singleturn|p1b: Toxapex|move: Protect\n|move|p2b: Chi-Yu|Snarl|p1a: Eternatus|[spread] \n|-activate|p1a: Eternatus|move: Protect\n|-activate|p1b: Toxapex|move: Protect\n|\n|-heal|p1a: Eternatus|100/100|[from] item: Leftovers\n|-heal|p1b: Toxapex|18/100|[from] item: Black Sludge\n|-damage|p2a: Whimsicott|88/100 psn|[from] psn\n|-damage|p2b: Chi-Yu|41/100 tox|[from] psn\n|-damage|p2b: Chi-Yu|29/100 tox|[from] move: Fire Spin|[partiallytrapped]\n|upkeep\n|turn|8\n|\n|t:|1769174838\n|switch|p1b: Indeedee|Indeedee-F, L50, F|4/100\n|-fieldstart|move: Psychic Terrain|[from] ability: Psychic Surge|[of] p1b: Indeedee\n|move|p2a: Whimsicott|Endeavor|p1a: Eternatus\n|-damage|p1a: Eternatus|49/100\n|move|p2b: Chi-Yu|Snarl|p1b: Indeedee|[spread] p1a,p1b\n|-supereffective|p1b: Indeedee\n|-damage|p1a: Eternatus|37/100\n|-damage|p1b: Indeedee|0 fnt\n|-unboost|p1a: Eternatus|spa|1\n|faint|p1b: Indeedee\n|move|p1a: Eternatus|Fire Spin|p2a: Whimsicott\n|-supereffective|p2a: Whimsicott\n|-damage|p2a: Whimsicott|75/100 psn\n|-activate|p2a: Whimsicott|move: Fire Spin|[of] p1a: Eternatus\n|\n|-heal|p1a: Eternatus|43/100|[from] item: Leftovers\n|-damage|p2a: Whimsicott|62/100 psn|[from] psn\n|-damage|p2b: Chi-Yu|6/100 tox|[from] psn\n|-damage|p2a: Whimsicott|50/100 psn|[from] move: Fire Spin|[partiallytrapped]\n|-damage|p2b: Chi-Yu|0 fnt|[from] move: Fire Spin|[partiallytrapped]\n|faint|p2b: Chi-Yu\n|upkeep\n|\n|t:|1769174854\n|switch|p2b: Calyrex|Calyrex-Shadow, L50|100/100\n|switch|p1b: Calyrex|Calyrex-Shadow, L50|100/100\n|-ability|p2b: Calyrex|As One\n|-ability|p2b: Calyrex|Unnerve\n|-ability|p1b: Calyrex|As One\n|-ability|p1b: Calyrex|Unnerve\n|-status|p2b: Calyrex|psn\n|turn|9\n|\n|t:|1769174869\n|-terastallize|p2b: Calyrex|Dark\n|move|p1b: Calyrex|Protect|p1b: Calyrex\n|-singleturn|p1b: Calyrex|Protect\n|move|p1a: Eternatus|Protect|p1a: Eternatus\n|-singleturn|p1a: Eternatus|Protect\n|move|p2a: Whimsicott|Tailwind|p2a: Whimsicott\n|-sidestart|p2: 1zha|move: Tailwind\n|move|p2b: Calyrex|Psychic|p1a: Eternatus\n|-activate|p1a: Eternatus|move: Protect\n|\n|-heal|p1a: Eternatus|49/100|[from] item: Leftovers\n|-damage|p2b: Calyrex|88/100 psn|[from] psn\n|-damage|p2a: Whimsicott|37/100 psn|[from] psn\n|-damage|p2a: Whimsicott|25/100 psn|[from] move: Fire Spin|[partiallytrapped]\n|upkeep\n|turn|10\n|\n|t:|1769174885\n|-terastallize|p1a: Eternatus|Dark\n|move|p2a: Whimsicott|Tailwind||[still]\n|-fail|p2a: Whimsicott\n|move|p2b: Calyrex|Psychic|p1a: Eternatus\n|-immune|p1a: Eternatus\n|move|p1b: Calyrex|Encore|p2b: Calyrex\n|-start|p2b: Calyrex|Encore\n|move|p1a: Eternatus|Recover|p1a: Eternatus\n|-heal|p1a: Eternatus|99/100\n|\n|-heal|p1a: Eternatus|100/100|[from] item: Leftovers\n|-damage|p2b: Calyrex|75/100 psn|[from] psn\n|-damage|p2a: Whimsicott|12/100 psn|[from] psn\n|-damage|p2a: Whimsicott|0 fnt|[from] move: Fire Spin|[partiallytrapped]\n|faint|p2a: Whimsicott\n|upkeep\n|\n|t:|1769174894\n|switch|p2a: Zamazenta|Zamazenta-Crowned, L50|100/100\n|turn|11\n|\n|t:|1769174902\n|move|p1b: Calyrex|Protect|p1b: Calyrex\n|-singleturn|p1b: Calyrex|Protect\n|move|p1a: Eternatus|Protect|p1a: Eternatus\n|-singleturn|p1a: Eternatus|Protect\n|move|p2b: Calyrex|Psychic|p1b: Calyrex\n|-activate|p1b: Calyrex|move: Protect\n|move|p2a: Zamazenta|Body Press|p1a: Eternatus\n|-activate|p1a: Eternatus|move: Protect\n|\n|-damage|p2b: Calyrex|63/100 psn|[from] psn\n|upkeep\n|turn|12\n|\n|t:|1769174917\n|move|p2b: Calyrex|Psychic|p1b: Calyrex\n|-resisted|p1b: Calyrex\n|-damage|p1b: Calyrex|52/100\n|-damage|p2b: Calyrex|53/100 psn|[from] item: Life Orb\n|move|p2a: Zamazenta|Body Press|p1a: Eternatus\n|-supereffective|p1a: Eternatus\n|-damage|p1a: Eternatus|76/100\n|move|p1b: Calyrex|Psychic|p2a: Zamazenta\n|-damage|p2a: Zamazenta|51/100\n|move|p1a: Eternatus|Fire Spin|p2a: Zamazenta\n|-supereffective|p2a: Zamazenta\n|-damage|p2a: Zamazenta|47/100\n|-activate|p2a: Zamazenta|move: Fire Spin|[of] p1a: Eternatus\n|\n|-heal|p1a: Eternatus|82/100|[from] item: Leftovers\n|-damage|p2b: Calyrex|41/100 psn|[from] psn\n|-damage|p2a: Zamazenta|35/100|[from] move: Fire Spin|[partiallytrapped]\n|-sideend|p2: 1zha|move: Tailwind\n|-fieldend|move: Psychic Terrain\n|upkeep\n|turn|13\n|-message|1zha forfeited.\n|\n|win|thienhaha555\n|raw|thienhaha555's rating: 1377 &rarr; <strong>1398</strong><br />(+21 for winning)\n|raw|1zha's rating: 1403 &rarr; <strong>1382</strong><br />(-21 for losing)\n|l|\u26061zha\n|player|p2|\n|l|\u2606thienhaha555\n|player|p1|\n","uploadtime":1769175109,"views":30,"formatid":"gen9vgc2026regi","rating":1382,"private":0,"password":null}