{"id":"gen9vgc2026regi-2560748437","format":"[Gen 9] VGC 2026 Reg I","players":["patrickthisisnt","sleemo2"],"log":"|j|\u2606patrickthisisnt\n|j|\u2606sleemo2\n|t:|1773720078\n|gametype|doubles\n|player|p1|patrickthisisnt|169|1299\n|player|p2|sleemo2|acetrainerf|1479\n|gen|9\n|tier|[Gen 9] VGC 2026 Reg I\n|rated|\n|rule|Species Clause: Limit one of each Pok\u00e9mon\n|rule|Item Clause: Limit 1 of each item\n|clearpoke\n|poke|p1|Scream Tail, L50|\n|poke|p1|Ho-Oh, L50|\n|poke|p1|Calyrex-Shadow, L50|\n|poke|p1|Politoed, L50, M|\n|poke|p1|Gothitelle, L50, M|\n|poke|p1|Basculegion, L50, M|\n|poke|p2|Koraidon, L50|\n|poke|p2|Lunala, L50|\n|poke|p2|Flutter Mane, L50|\n|poke|p2|Chi-Yu, L50|\n|poke|p2|Ursaluna, L50, M|\n|poke|p2|Brute Bonnet, L50|\n|teampreview|4\npatrickthisisnt has agreed to open team sheets.\n|inactive|Battle timer is ON: inactive players will automatically lose when time's up. (requested by patrickthisisnt)\n|\n|t:|1773720122\n|teamsize|p1|4\n|teamsize|p2|4\n|start\n|switch|p1a: Calyrex|Calyrex-Shadow, L50|100/100\n|switch|p1b: Scream Tail|Scream Tail, L50|100/100\n|switch|p2a: Flutter Mane|Flutter Mane, L50|100/100\n|switch|p2b: fish|Chi-Yu, L50|100/100\n|-ability|p1a: Calyrex|As One\n|-ability|p1a: Calyrex|Unnerve\n|-ability|p2b: fish|Beads of Ruin\n|-enditem|p1b: Scream Tail|Booster Energy\n|-activate|p1b: Scream Tail|ability: Protosynthesis|[fromitem]\n|-start|p1b: Scream Tail|protosynthesisspe\n|turn|1\n|\n|t:|1773720140\n|switch|p2b: prince|Koraidon, L50|100/100\n|-weather|SunnyDay|[from] ability: Orichalcum Pulse|[of] p2b: prince\n|-activate|p2a: Flutter Mane|ability: Protosynthesis\n|-start|p2a: Flutter Mane|protosynthesisspe\n|-activate|p2b: prince|Orichalcum Pulse|[source]\n|move|p1b: Scream Tail|Protect|p1b: Scream Tail\n|-singleturn|p1b: Scream Tail|Protect\n|move|p1a: Calyrex|Protect|p1a: Calyrex\n|-singleturn|p1a: Calyrex|Protect\n|move|p2a: Flutter Mane|Icy Wind|p1b: Scream Tail|[spread] \n|-activate|p1a: Calyrex|move: Protect\n|-activate|p1b: Scream Tail|move: Protect\n|\n|-weather|SunnyDay|[upkeep]\n|upkeep\n|turn|2\n|\n|t:|1773720158\n|switch|p1a: Politoed|Politoed, L50, M|100/100\n|-weather|RainDance|[from] ability: Drizzle|[of] p1a: Politoed\n|-end|p2a: Flutter Mane|Protosynthesis\n|switch|p2b: big mushroom|Brute Bonnet, L50|100/100\n|move|p1b: Scream Tail|Perish Song|p1b: Scream Tail\n|-start|p1a: Politoed|perish3|[silent]\n|-start|p1b: Scream Tail|perish3|[silent]\n|-start|p2a: Flutter Mane|perish3|[silent]\n|-start|p2b: big mushroom|perish3|[silent]\n|-fieldactivate|move: Perish Song\n|move|p2a: Flutter Mane|Icy Wind|p1b: Scream Tail|[spread] p1a,p1b\n|-resisted|p1a: Politoed\n|-damage|p1a: Politoed|93/100\n|-damage|p1b: Scream Tail|89/100\n|-unboost|p1a: Politoed|spe|1\n|-unboost|p1b: Scream Tail|spe|1\n|\n|-weather|RainDance|[upkeep]\n|-heal|p1a: Politoed|99/100|[from] item: Leftovers\n|-start|p2a: Flutter Mane|perish3\n|-start|p1b: Scream Tail|perish3\n|-start|p2b: big mushroom|perish3\n|-start|p1a: Politoed|perish3\n|upkeep\n|turn|3\n|inactive|patrickthisisnt has 30 seconds left.\n|\n|t:|1773720185\n|-end|p2a: Flutter Mane|Protosynthesis|[silent]\n|switch|p2a: prince|Koraidon, L50|100/100\n|-weather|SunnyDay|[from] ability: Orichalcum Pulse|[of] p2a: prince\n|-activate|p2b: big mushroom|ability: Protosynthesis\n|-start|p2b: big mushroom|protosynthesisdef\n|-activate|p2a: prince|Orichalcum Pulse|[source]\n|switch|p1a: Gothitelle|Gothitelle, L50, M|100/100\n|move|p1b: Scream Tail|Encore||[still]\n|-fail|p1b: Scream Tail\n|move|p2b: big mushroom|Spore|p1a: Gothitelle\n|-status|p1a: Gothitelle|slp|[from] move: Spore\n|\n|-weather|SunnyDay|[upkeep]\n|-start|p1b: Scream Tail|perish2\n|-start|p2b: big mushroom|perish2\n|upkeep\n|turn|4\n|inactive|sleemo2 has 30 seconds left.\n|\n|t:|1773720215\n|-end|p1b: Scream Tail|Protosynthesis|[silent]\n|switch|p1b: Politoed|Politoed, L50, M|99/100\n|-weather|RainDance|[from] ability: Drizzle|[of] p1b: Politoed\n|-end|p2b: big mushroom|Protosynthesis\n|cant|p1a: Gothitelle|slp\n|move|p2a: prince|Close Combat|p1b: Politoed\n|-damage|p1b: Politoed|7/100\n|-unboost|p2a: prince|def|1\n|-unboost|p2a: prince|spd|1\n|-damage|p2a: prince|91/100|[from] item: Life Orb\n|move|p2b: big mushroom|Seed Bomb|p1a: Gothitelle\n|-damage|p1a: Gothitelle|66/100 slp\n|\n|-weather|RainDance|[upkeep]\n|-heal|p1b: Politoed|13/100|[from] item: Leftovers\n|-start|p2b: big mushroom|perish1\n|upkeep\n|turn|5\n|inactive|patrickthisisnt has 30 seconds left.\n|\n|t:|1773720248\n|switch|p1a: Calyrex|Calyrex-Shadow, L50|100/100\n|-ability|p1a: Calyrex|As One\n|-ability|p1a: Calyrex|Unnerve\n|move|p2a: prince|Flame Charge|p1a: Calyrex\n|-damage|p1a: Calyrex|87/100\n|-boost|p2a: prince|spe|1\n|-damage|p2a: prince|81/100|[from] item: Life Orb\n|move|p1b: Politoed|Muddy Water|p2b: big mushroom|[spread] p2b\n|-miss|p1b: Politoed|p2a: prince\n|-resisted|p2b: big mushroom\n|-damage|p2b: big mushroom|81/100\n|move|p2b: big mushroom|Seed Bomb|p1a: Calyrex\n|-damage|p1a: Calyrex|44/100\n|\n|-weather|RainDance|[upkeep]\n|-heal|p1b: Politoed|19/100|[from] item: Leftovers\n|-start|p2b: big mushroom|perish0\n|upkeep\n|faint|p2b: big mushroom\n|-end|p2b: big mushroom|Protosynthesis|[silent]\n|\n|t:|1773720257\n|switch|p2b: fish|Chi-Yu, L50|100/100\n|-ability|p2b: fish|Beads of Ruin\n|turn|6\n|\n|t:|1773720281\n|move|p2a: prince|Flare Blitz|p1a: Calyrex\n|-damage|p1a: Calyrex|9/100\n|-damage|p2a: prince|70/100|[from] Recoil\n|-damage|p2a: prince|60/100|[from] item: Life Orb\n|move|p2b: fish|Snarl|p1a: Calyrex|[spread] p1a,p1b\n|-supereffective|p1a: Calyrex\n|-damage|p1a: Calyrex|0 fnt\n|-damage|p1b: Politoed|0 fnt\n|faint|p1a: Calyrex\n|faint|p1b: Politoed\n|\n|-weather|RainDance|[upkeep]\n|upkeep\n|-message|patrickthisisnt forfeited.\n|\n|win|sleemo2\n|raw|patrickthisisnt's rating: 1299 &rarr; <strong>1286</strong><br />(-13 for losing)\n|raw|sleemo2's rating: 1479 &rarr; <strong>1489</strong><br />(+10 for winning)\n|l|\u2606patrickthisisnt\n|player|p1|\n|l|\u2606sleemo2\n|player|p2|\n","uploadtime":1773720559,"views":11,"formatid":"gen9vgc2026regi","rating":1286,"private":0,"password":null}