{"id":"gen9vgc2026regi-2534125609","format":"[Gen 9] VGC 2026 Reg I","players":["mohammed mo7trf","VJ2511"],"log":"|j|\u2606mohammed mo7trf\n|j|\u2606VJ2511\n|t:|1770390157\n|gametype|doubles\n|player|p1|mohammed mo7trf|nate|1378\n|player|p2|VJ2511|red-masters3|1634\n|gen|9\n|tier|[Gen 9] VGC 2026 Reg I\n|rated|\n|rule|Species Clause: Limit one of each Pok\u00e9mon\n|rule|Item Clause: Limit 1 of each item\n|clearpoke\n|poke|p1|Calyrex-Ice, L50|\n|poke|p1|Lunala, L50|\n|poke|p1|Smeargle, L50, M|\n|poke|p1|Iron Hands, L50|\n|poke|p1|Torkoal, L50, M|\n|poke|p1|Ursaluna, L50, M|\n|poke|p2|Calyrex-Shadow, L50|\n|poke|p2|Zamazenta-*, L50|\n|poke|p2|Chien-Pao, L50|\n|poke|p2|Dragonite, L50, F|\n|poke|p2|Raging Bolt, L50|\n|poke|p2|Amoonguss, L50, F|\n|teampreview|4\n|inactive|Battle timer is ON: inactive players will automatically lose when time's up. (requested by VJ2511)\n|\n|t:|1770390179\n|teamsize|p1|4\n|teamsize|p2|4\n|start\n|switch|p1a: Lunala|Lunala, L50, shiny|100/100\n|switch|p1b: \u0631\u0633\u0627\u0645|Smeargle, L50, M|100/100\n|switch|p2a: Calyrex|Calyrex-Shadow, L50|100/100\n|switch|p2b: Dragonite|Dragonite, L50, F, shiny|100/100\n|-ability|p2a: Calyrex|As One\n|-ability|p2a: Calyrex|Unnerve\n|turn|1\n|\n|t:|1770390195\n|-terastallize|p1a: Lunala|Fairy\n|move|p2a: Calyrex|Astral Barrage|p1b: \u0631\u0633\u0627\u0645|[spread] p1a\n|-immune|p1b: \u0631\u0633\u0627\u0645\n|-crit|p1a: Lunala\n|-damage|p1a: Lunala|73/100\n|move|p1b: \u0631\u0633\u0627\u0645|Spore|p2a: Calyrex\n|-status|p2a: Calyrex|slp|[from] move: Spore\n|move|p2b: Dragonite|Outrage|p1a: Lunala\n|-immune|p1a: Lunala\n|move|p1a: Lunala|Trick Room|p1a: Lunala\n|-fieldstart|move: Trick Room|[of] p1a: Lunala\n|\n|-heal|p1a: Lunala|80/100|[from] item: Leftovers\n|-ability|p1b: \u0631\u0633\u0627\u0645|Moody|boost\n|-boost|p1b: \u0631\u0633\u0627\u0645|spe|2\n|-unboost|p1b: \u0631\u0633\u0627\u0645|spd|1\n|upkeep\n|turn|2\n|\n|t:|1770390218\n|move|p1a: Lunala|Moongeist Beam|p2a: Calyrex\n|-supereffective|p2a: Calyrex\n|-enditem|p2a: Calyrex|Focus Sash\n|-damage|p2a: Calyrex|1/100 slp\n|move|p2b: Dragonite|Outrage|p1a: Lunala\n|-immune|p1a: Lunala\n|move|p1b: \u0631\u0633\u0627\u0645|Spore|p2b: Dragonite\n|-status|p2b: Dragonite|slp|[from] move: Spore\n|cant|p2a: Calyrex|slp\n|\n|-heal|p1a: Lunala|86/100|[from] item: Leftovers\n|-ability|p1b: \u0631\u0633\u0627\u0645|Moody|boost\n|-boost|p1b: \u0631\u0633\u0627\u0645|spe|2\n|-unboost|p1b: \u0631\u0633\u0627\u0645|def|1\n|upkeep\n|turn|3\n|\n|t:|1770390230\n|move|p1a: Lunala|Moongeist Beam|p2a: Calyrex\n|-supereffective|p2a: Calyrex\n|-damage|p2a: Calyrex|0 fnt\n|faint|p2a: Calyrex\n|cant|p2b: Dragonite|slp\n|move|p1b: \u0631\u0633\u0627\u0645|Decorate|p1a: Lunala\n|-boost|p1a: Lunala|atk|2\n|-boost|p1a: Lunala|spa|2\n|\n|-heal|p1a: Lunala|92/100|[from] item: Leftovers\n|-ability|p1b: \u0631\u0633\u0627\u0645|Moody|boost\n|-boost|p1b: \u0631\u0633\u0627\u0645|atk|2\n|-unboost|p1b: \u0631\u0633\u0627\u0645|def|1\n|upkeep\n|\n|t:|1770390237\n|switch|p2a: Zamazenta|Zamazenta-Crowned, L50|100/100\n|-ability|p2a: Zamazenta|Dauntless Shield|boost\n|-boost|p2a: Zamazenta|def|1\n|turn|4\n|\n|t:|1770390249\n|move|p1b: \u0631\u0633\u0627\u0645|Follow Me|p1b: \u0631\u0633\u0627\u0645\n|-singleturn|p1b: \u0631\u0633\u0627\u0645|move: Follow Me\n|move|p1a: Lunala|Moonblast|p2b: Dragonite\n|-supereffective|p2b: Dragonite\n|-damage|p2b: Dragonite|0 fnt\n|faint|p2b: Dragonite\n|move|p2a: Zamazenta|Heavy Slam|p1b: \u0631\u0633\u0627\u0645\n|-enditem|p1b: \u0631\u0633\u0627\u0645|Focus Sash\n|-damage|p1b: \u0631\u0633\u0627\u0645|1/100\n|\n|-heal|p1a: Lunala|98/100|[from] item: Leftovers\n|-ability|p1b: \u0631\u0633\u0627\u0645|Moody|boost\n|-boost|p1b: \u0631\u0633\u0627\u0645|atk|2\n|-unboost|p1b: \u0631\u0633\u0627\u0645|spa|1\n|upkeep\n|\n|t:|1770390253\n|switch|p2b: Amoonguss|Amoonguss, L50, F|100/100\n|turn|5\n|\n|t:|1770390262\n|move|p1b: \u0631\u0633\u0627\u0645|Follow Me|p1b: \u0631\u0633\u0627\u0645\n|-singleturn|p1b: \u0631\u0633\u0627\u0645|move: Follow Me\n|move|p2b: Amoonguss|Sludge Bomb|p1b: \u0631\u0633\u0627\u0645\n|-damage|p1b: \u0631\u0633\u0627\u0645|0 fnt\n|faint|p1b: \u0631\u0633\u0627\u0645\n|move|p1a: Lunala|Moongeist Beam|p2b: Amoonguss\n|-damage|p2b: Amoonguss|7/100\n|move|p2a: Zamazenta|Heavy Slam|p1a: Lunala\n|-supereffective|p1a: Lunala\n|-damage|p1a: Lunala|26/100\n|\n|-heal|p1a: Lunala|32/100|[from] item: Leftovers\n|-fieldend|move: Trick Room\n|upkeep\n|\n|t:|1770390270\n|switch|p1b: Calyrex|Calyrex-Ice, L50|100/100\n|-ability|p1b: Calyrex|As One\n|-ability|p1b: Calyrex|Unnerve\n|turn|6\n|\n|t:|1770390290\n|-terastallize|p2b: Amoonguss|Water\n|move|p2a: Zamazenta|Heavy Slam|p1a: Lunala\n|-supereffective|p1a: Lunala\n|-damage|p1a: Lunala|0 fnt\n|faint|p1a: Lunala\n|move|p1b: Calyrex|Glacial Lance|p2b: Amoonguss|[spread] p2a,p2b\n|-resisted|p2a: Zamazenta\n|-resisted|p2b: Amoonguss\n|-damage|p2a: Zamazenta|89/100\n|-damage|p2b: Amoonguss|0 fnt\n|faint|p2b: Amoonguss\n|-ability|p1b: Calyrex|Chilling Neigh|boost\n|-boost|p1b: Calyrex|atk|1\n|\n|upkeep\n|\n|t:|1770390294\n|switch|p1a: Torkoal|Torkoal, L50, M, shiny|100/100\n|-weather|SunnyDay|[from] ability: Drought|[of] p1a: Torkoal\n|turn|7\n|\n|t:|1770390299\n|move|p2a: Zamazenta|Body Press|p1a: Torkoal\n|-damage|p1a: Torkoal|44/100\n|move|p1a: Torkoal|Heat Wave|p2a: Zamazenta\n|-supereffective|p2a: Zamazenta\n|-damage|p2a: Zamazenta|0 fnt\n|faint|p2a: Zamazenta\n|\n|win|mohammed mo7trf\n|raw|mohammed mo7trf's rating: 1378 &rarr; <strong>1411</strong><br />(+33 for winning)\n|raw|VJ2511's rating: 1634 &rarr; <strong>1601</strong><br />(-33 for losing)\n|l|\u2606VJ2511\n|player|p2|\n|l|\u2606mohammed mo7trf\n|player|p1|\n","uploadtime":1770390510,"views":14,"formatid":"gen9vgc2026regi","rating":1411,"private":0,"password":null}