{"id":"gen9vgc2026regi-2565982569","format":"[Gen 9] VGC 2026 Reg I","players":["mytestteams","pigs2fly"],"log":"|j|\u2606mytestteams\n|j|\u2606pigs2fly\n|t:|1774325678\n|gametype|doubles\n|player|p1|mytestteams|burglar|1476\n|player|p2|pigs2fly|dexio|1435\n|gen|9\n|tier|[Gen 9] VGC 2026 Reg I\n|rated|\n|rule|Species Clause: Limit one of each Pok\u00e9mon\n|rule|Item Clause: Limit 1 of each item\n|clearpoke\n|poke|p1|Calyrex-Ice, L50|\n|poke|p1|Iron Treads, L50|\n|poke|p1|Iron Hands, L50|\n|poke|p1|Farigiraf, L50, M|\n|poke|p1|Ogerpon-Hearthflame, L50, F|\n|poke|p1|Miraidon, L50|\n|poke|p2|Annihilape, L50, M|\n|poke|p2|Tornadus, L50, M|\n|poke|p2|Dondozo, L50, M|\n|poke|p2|Tatsugiri, L50, M|\n|poke|p2|Zacian-*, L50|\n|poke|p2|Kyogre, L50|\n|teampreview|4\n|\n|t:|1774325726\n|teamsize|p1|4\n|teamsize|p2|4\n|start\n|switch|p1a: Miraidon|Miraidon, L50|100/100\n|switch|p1b: Iron Treads|Iron Treads, L50|100/100\n|switch|p2a: Zacian|Zacian-Crowned, L50, shiny|100/100\n|switch|p2b: Annihilape|Annihilape, L50, M|100/100\n|-ability|p2a: Zacian|Intrepid Sword|boost\n|-boost|p2a: Zacian|atk|1\n|-fieldstart|move: Electric Terrain|[from] ability: Hadron Engine|[of] p1a: Miraidon\n|-activate|p1b: Iron Treads|ability: Quark Drive\n|-start|p1b: Iron Treads|quarkdrivespe\n|turn|1\n|\n|t:|1774325749\n|-terastallize|p2b: Annihilape|Ground\n|-terastallize|p1a: Miraidon|Fairy\n|move|p2a: Zacian|Protect|p2a: Zacian\n|-singleturn|p2a: Zacian|Protect\n|move|p1b: Iron Treads|High Horsepower|p2b: Annihilape\n|-damage|p2b: Annihilape|41/100\n|-damage|p1b: Iron Treads|91/100|[from] item: Life Orb\n|move|p2b: Annihilape|Final Gambit|p1a: Miraidon\n|-damage|p1a: Miraidon|52/100\n|faint|p2b: Annihilape\n|move|p1a: Miraidon|Dazzling Gleam|p2a: Zacian\n|-activate|p2a: Zacian|move: Protect\n|\n|upkeep\n|\n|t:|1774325772\n|switch|p2b: Tatsugiri|Tatsugiri, L50, M|100/100\n|turn|2\n|\n|t:|1774325785\n|move|p1b: Iron Treads|High Horsepower|p2a: Zacian\n|-supereffective|p2a: Zacian\n|-damage|p2a: Zacian|6/100\n|-damage|p1b: Iron Treads|81/100|[from] item: Life Orb\n|move|p2a: Zacian|Behemoth Blade|p1a: Miraidon\n|-supereffective|p1a: Miraidon\n|-damage|p1a: Miraidon|0 fnt\n|faint|p1a: Miraidon\n|move|p2b: Tatsugiri|Muddy Water|p1b: Iron Treads\n|-supereffective|p1b: Iron Treads\n|-damage|p1b: Iron Treads|0 fnt\n|faint|p1b: Iron Treads\n|-end|p1b: Iron Treads|Quark Drive|[silent]\n|\n|upkeep\n|\n|t:|1774325791\n|switch|p1a: Ogerpon|Ogerpon-Hearthflame, L50, F|100/100\n|switch|p1b: Iron Hands|Iron Hands, L50|100/100\n|-ability|p1a: Ogerpon|Mold Breaker\n|-activate|p1b: Iron Hands|ability: Quark Drive\n|-start|p1b: Iron Hands|quarkdriveatk\n|turn|3\n|\n|t:|1774325804\n|move|p2a: Zacian|Protect|p2a: Zacian\n|-singleturn|p2a: Zacian|Protect\n|move|p2b: Tatsugiri|Protect|p2b: Tatsugiri\n|-singleturn|p2b: Tatsugiri|Protect\n|move|p1b: Iron Hands|Fake Out|p2b: Tatsugiri\n|-activate|p2b: Tatsugiri|move: Protect\n|move|p1a: Ogerpon|Wood Hammer|p2b: Tatsugiri\n|-activate|p2b: Tatsugiri|move: Protect\n|\n|upkeep\n|turn|4\n|\n|t:|1774325827\n|move|p2b: Tatsugiri|Helping Hand|p2a: Zacian\n|-singleturn|p2a: Zacian|Helping Hand|[of] p2b: Tatsugiri\n|move|p2a: Zacian|Play Rough|p1b: Iron Hands\n|-supereffective|p1b: Iron Hands\n|-damage|p1b: Iron Hands|0 fnt\n|faint|p1b: Iron Hands\n|-end|p1b: Iron Hands|Quark Drive|[silent]\n|move|p1a: Ogerpon|Ivy Cudgel|p2a: Zacian|[anim] Ivy Cudgel Fire\n|-supereffective|p2a: Zacian\n|-damage|p2a: Zacian|0 fnt\n|faint|p2a: Zacian\n|\n|upkeep\n|\n|t:|1774325829\n|switch|p2a: Dondozo|Dondozo, L50, M|100/100\n|-activate|p2b: Tatsugiri|ability: Commander|[of] p2a: Dondozo\n|-boost|p2a: Dondozo|atk|2\n|-boost|p2a: Dondozo|spa|2\n|-boost|p2a: Dondozo|spe|2\n|-boost|p2a: Dondozo|def|2\n|-boost|p2a: Dondozo|spd|2\n|turn|5\n|\n|t:|1774325834\n|move|p1a: Ogerpon|Wood Hammer|p2a: Dondozo\n|-supereffective|p2a: Dondozo\n|-damage|p2a: Dondozo|50/100\n|-damage|p1a: Ogerpon|75/100|[from] Recoil\n|move|p2a: Dondozo|Order Up|p1a: Ogerpon\n|-damage|p1a: Ogerpon|17/100\n|-boost|p2a: Dondozo|atk|1\n|\n|-heal|p2a: Dondozo|56/100|[from] item: Leftovers\n|-fieldend|move: Electric Terrain\n|upkeep\n|turn|6\n|\n|t:|1774325839\n|move|p2a: Dondozo|Protect|p2a: Dondozo\n|-singleturn|p2a: Dondozo|Protect\n|move|p1a: Ogerpon|Wood Hammer|p2a: Dondozo\n|-activate|p2a: Dondozo|move: Protect\n|\n|-heal|p2a: Dondozo|62/100|[from] item: Leftovers\n|upkeep\n|turn|7\n|\n|t:|1774325841\n|move|p1a: Ogerpon|Wood Hammer|p2a: Dondozo\n|-supereffective|p2a: Dondozo\n|-damage|p2a: Dondozo|16/100\n|-damage|p1a: Ogerpon|0 fnt|[from] Recoil\n|faint|p1a: Ogerpon\n|\n|win|pigs2fly\n|raw|mytestteams's rating: 1476 &rarr; <strong>1454</strong><br />(-22 for losing)\n|raw|pigs2fly's rating: 1435 &rarr; <strong>1457</strong><br />(+22 for winning)\n|l|\u2606mytestteams\n|player|p1|\n|l|\u2606pigs2fly\n|player|p2|\n","uploadtime":1774326032,"views":25,"formatid":"gen9vgc2026regi","rating":1454,"private":0,"password":null}