{"id":"gen9vgc2026regi-2543411233","format":"[Gen 9] VGC 2026 Reg I","players":["Preuve_3","TheManOfSausage"],"log":"|j|\u2606Preuve_3\n|j|\u2606TheManOfSausage\n|t:|1771568381\n|gametype|doubles\n|player|p1|Preuve_3|2|1490\n|player|p2|TheManOfSausage|miku-water|1496\n|gen|9\n|tier|[Gen 9] VGC 2026 Reg I\n|rated|\n|rule|Species Clause: Limit one of each Pok\u00e9mon\n|rule|Item Clause: Limit 1 of each item\n|clearpoke\n|poke|p1|Zamazenta-*, L50|\n|poke|p1|Ho-Oh, L50|\n|poke|p1|Dondozo, L50, F|\n|poke|p1|Wyrdeer, L50, M|\n|poke|p1|Rhydon, L50, M|\n|poke|p1|Ninetales-Alola, L50, F|\n|poke|p2|Miraidon, L50|\n|poke|p2|Groudon, L50|\n|poke|p2|Amoonguss, L50, F|\n|poke|p2|Incineroar, L50, M|\n|poke|p2|Iron Jugulis, L50|\n|poke|p2|Farigiraf, L50, F|\n|teampreview|4\n|\n|t:|1771568469\n|teamsize|p1|4\n|teamsize|p2|4\n|start\n|switch|p1a: Zamazenta|Zamazenta-Crowned, L50|100/100\n|switch|p1b: Rhydon|Rhydon, L50, M|100/100\n|switch|p2a: Miraidon|Miraidon, L50|100/100\n|switch|p2b: Iron Jugulis|Iron Jugulis, L50|100/100\n|-fieldstart|move: Electric Terrain|[from] ability: Hadron Engine|[of] p2a: Miraidon\n|-activate|p2b: Iron Jugulis|ability: Quark Drive\n|-start|p2b: Iron Jugulis|quarkdrivespe\n|-ability|p1a: Zamazenta|Dauntless Shield|boost\n|-boost|p1a: Zamazenta|def|1\n|turn|1\n|\n|t:|1771568482\n|-terastallize|p1b: Rhydon|Fairy\n|move|p2b: Iron Jugulis|Dragon Cheer|p2a: Miraidon\n|-start|p2a: Miraidon|move: Dragon Cheer\n|move|p2a: Miraidon|Overheat|p1a: Zamazenta\n|-supereffective|p1a: Zamazenta\n|-crit|p1a: Zamazenta\n|-damage|p1a: Zamazenta|0 fnt\n|-unboost|p2a: Miraidon|spa|2\n|faint|p1a: Zamazenta\n|move|p1b: Rhydon|High Horsepower|p2a: Miraidon\n|-supereffective|p2a: Miraidon\n|-crit|p2a: Miraidon\n|-damage|p2a: Miraidon|0 fnt\n|faint|p2a: Miraidon\n|\n|upkeep\n|\n|t:|1771568501\n|switch|p2a: Groudon|Groudon, L50|100/100\n|switch|p1a: Ninetales|Ninetales-Alola, L50, F|100/100\n|-weather|Snowscape|[from] ability: Snow Warning|[of] p1a: Ninetales\n|-weather|SunnyDay|[from] ability: Drought|[of] p2a: Groudon\n|turn|2\n|\n|t:|1771568520\n|switch|p1a: Ho-Oh|Ho-Oh, L50|100/100\n|move|p2a: Groudon|Protect|p2a: Groudon\n|-singleturn|p2a: Groudon|Protect\n|move|p2b: Iron Jugulis|Tailwind|p2b: Iron Jugulis\n|-sidestart|p2: TheManOfSausage|move: Tailwind\n|move|p1b: Rhydon|Rock Slide|p2b: Iron Jugulis|[spread] p2b\n|-activate|p2a: Groudon|move: Protect\n|-supereffective|p2b: Iron Jugulis\n|-damage|p2b: Iron Jugulis|52/100\n|\n|-weather|SunnyDay|[upkeep]\n|upkeep\n|turn|3\n|\n|t:|1771568541\n|-end|p2b: Iron Jugulis|Quark Drive|[silent]\n|switch|p2b: Marvelous|Incineroar, L50, M, shiny|100/100\n|-ability|p2b: Marvelous|Intimidate|boost\n|-unboost|p1a: Ho-Oh|atk|1\n|-unboost|p1b: Rhydon|atk|1\n|move|p1a: Ho-Oh|Protect|p1a: Ho-Oh\n|-singleturn|p1a: Ho-Oh|Protect\n|move|p2a: Groudon|Swords Dance|p2a: Groudon\n|-boost|p2a: Groudon|atk|2\n|move|p1b: Rhydon|Rock Slide|p2a: Groudon|[spread] p2a,p2b\n|-resisted|p2a: Groudon\n|-supereffective|p2b: Marvelous\n|-damage|p2a: Groudon|96/100\n|-damage|p2b: Marvelous|75/100\n|\n|-weather|SunnyDay|[upkeep]\n|upkeep\n|turn|4\n|\n|t:|1771568568\n|switch|p1a: Ninetales|Ninetales-Alola, L50, F|100/100\n|-weather|Snowscape|[from] ability: Snow Warning|[of] p1a: Ninetales\n|move|p2a: Groudon|Fire Punch|p1b: Rhydon\n|-damage|p1b: Rhydon|69/100\n|move|p2b: Marvelous|Parting Shot|p1a: Ninetales\n|-unboost|p1a: Ninetales|atk|1\n|-unboost|p1a: Ninetales|spa|1\n|\n|t:|1771568570\n|switch|p2b: Iron Jugulis|Iron Jugulis, L50|52/100|[from] Parting Shot\n|-activate|p2b: Iron Jugulis|ability: Quark Drive\n|-start|p2b: Iron Jugulis|quarkdrivespe\n|move|p1b: Rhydon|High Horsepower|p2b: Iron Jugulis\n|-immune|p2b: Iron Jugulis\n|\n|-weather|Snowscape|[upkeep]\n|upkeep\n|turn|5\n|\n|t:|1771568598\n|switch|p1a: Ho-Oh|Ho-Oh, L50|100/100\n|move|p2b: Iron Jugulis|Protect|p2b: Iron Jugulis\n|-singleturn|p2b: Iron Jugulis|Protect\n|move|p2a: Groudon|Fire Punch|p1a: Ho-Oh\n|-resisted|p1a: Ho-Oh\n|-damage|p1a: Ho-Oh|71/100\n|move|p1b: Rhydon|Rock Slide|p2a: Groudon|[spread] p2a\n|-activate|p2b: Iron Jugulis|move: Protect\n|-resisted|p2a: Groudon\n|-damage|p2a: Groudon|91/100\n|\n|-weather|Snowscape|[upkeep]\n|-heal|p1a: Ho-Oh|76/100|[from] item: Leftovers\n|-sideend|p2: TheManOfSausage|move: Tailwind\n|-fieldend|move: Electric Terrain\n|-end|p2b: Iron Jugulis|Quark Drive\n|upkeep\n|turn|6\n|\n|t:|1771568631\n|move|p2b: Iron Jugulis|Tailwind|p2b: Iron Jugulis\n|-sidestart|p2: TheManOfSausage|move: Tailwind\n|move|p2a: Groudon|Precipice Blades|p1a: Ho-Oh|[spread] p1b\n|-immune|p1a: Ho-Oh\n|-damage|p1b: Rhydon|18/100\n|move|p1a: Ho-Oh|Giga Drain|p2a: Groudon\n|-supereffective|p2a: Groudon\n|-damage|p2a: Groudon|42/100\n|-heal|p1a: Ho-Oh|100/100|[from] drain|[of] p2a: Groudon\n|move|p1b: Rhydon|Rock Slide|p2b: Iron Jugulis|[spread] p2b\n|-miss|p1b: Rhydon|p2a: Groudon\n|-supereffective|p2b: Iron Jugulis\n|-damage|p2b: Iron Jugulis|18/100\n|\n|-weather|Snowscape|[upkeep]\n|upkeep\n|turn|7\n|\n|t:|1771568654\n|-terastallize|p2a: Groudon|Fire\n|move|p1b: Rhydon|Protect|p1b: Rhydon\n|-singleturn|p1b: Rhydon|Protect\n|move|p2b: Iron Jugulis|Dragon Cheer|p2a: Groudon\n|-start|p2a: Groudon|move: Dragon Cheer\n|move|p2a: Groudon|Fire Punch|p1b: Rhydon\n|-activate|p1b: Rhydon|move: Protect\n|move|p1a: Ho-Oh|Giga Drain|p2a: Groudon\n|-resisted|p2a: Groudon\n|-damage|p2a: Groudon|30/100\n|\n|-weather|Snowscape|[upkeep]\n|upkeep\n|turn|8\n|\n|t:|1771568677\n|-end|p2b: Iron Jugulis|Quark Drive|[silent]\n|switch|p2b: Marvelous|Incineroar, L50, M, shiny|75/100\n|-ability|p2b: Marvelous|Intimidate|boost\n|-unboost|p1a: Ho-Oh|atk|1\n|-unboost|p1b: Rhydon|atk|1\n|move|p2a: Groudon|Fire Punch|p1b: Rhydon\n|-damage|p1b: Rhydon|0 fnt\n|faint|p1b: Rhydon\n|move|p1a: Ho-Oh|Earth Power|p2a: Groudon\n|-supereffective|p2a: Groudon\n|-damage|p2a: Groudon|0 fnt\n|faint|p2a: Groudon\n|\n|-weather|none\n|upkeep\n|-message|TheManOfSausage forfeited.\n|\n|win|Preuve_3\n|raw|Preuve_3's rating: 1490 &rarr; <strong>1510</strong><br />(+20 for winning)\n|raw|TheManOfSausage's rating: 1496 &rarr; <strong>1476</strong><br />(-20 for losing)\n|l|\u2606TheManOfSausage\n|player|p2|\n|l|\u2606Preuve_3\n|player|p1|\n","uploadtime":1771568827,"views":20,"formatid":"gen9vgc2026regi","rating":1476,"private":0,"password":null}