{"id":"gen9vgc2026regi-2519771018","format":"[Gen 9] VGC 2026 Reg I","players":["abdulahad16427","yaochangzhe"],"log":"|j|\u2606abdulahad16427\n|j|\u2606yaochangzhe\n|t:|1768546958\n|gametype|doubles\n|player|p1|abdulahad16427|iris-gen5bw2|1301\n|player|p2|yaochangzhe|170|1306\n|gen|9\n|tier|[Gen 9] VGC 2026 Reg I\n|rated|\n|rule|Species Clause: Limit one of each Pok\u00e9mon\n|rule|Item Clause: Limit 1 of each item\n|clearpoke\n|poke|p1|Ogerpon-Hearthflame, L50, F|\n|poke|p1|Koraidon, L50|\n|poke|p1|Scream Tail, L50|\n|poke|p1|Rillaboom, L50, F|\n|poke|p1|Calyrex-Shadow, L50|\n|poke|p1|Hitmontop, L50, M|\n|poke|p2|Kyogre, L50|\n|poke|p2|Calyrex-Ice, L50|\n|poke|p2|Urshifu-*, L50, M|\n|poke|p2|Grimmsnarl, L50, M|\n|poke|p2|Landorus, L50, M|\n|poke|p2|Farigiraf, L50, F|\n|teampreview|4\n|inactive|Battle timer is ON: inactive players will automatically lose when time's up. (requested by abdulahad16427)\n|\n|t:|1768546988\n|teamsize|p1|4\n|teamsize|p2|4\n|start\n|switch|p1a: Calyrex|Calyrex-Shadow, L50|100/100\n|switch|p1b: Hitmontop|Hitmontop, L50, M|100/100\n|switch|p2a: Urshifu|Urshifu-Rapid-Strike, L50, M|100/100\n|switch|p2b: Grimmsnarl|Grimmsnarl, L50, M|100/100\n|-ability|p1a: Calyrex|As One\n|-ability|p1a: Calyrex|Unnerve\n|-ability|p1b: Hitmontop|Intimidate|boost\n|-unboost|p2a: Urshifu|atk|1\n|-unboost|p2b: Grimmsnarl|atk|1\n|turn|1\n|inactive|yaochangzhe has 30 seconds left.\n|inactive|yaochangzhe has 20 seconds left.\n|inactive|yaochangzhe has 15 seconds left.\n|inactive|yaochangzhe has 10 seconds left.\n|\n|t:|1768547033\n|switch|p2b: Kyogre|Kyogre, L50|100/100\n|-weather|RainDance|[from] ability: Drizzle|[of] p2b: Kyogre\n|-terastallize|p2a: Urshifu|Ghost\n|move|p1b: Hitmontop|Fake Out|p2a: Urshifu\n|-immune|p2a: Urshifu\n|move|p2a: Urshifu|Surging Strikes|p1a: Calyrex\n|-crit|p1a: Calyrex\n|-damage|p1a: Calyrex|64/100\n|-crit|p1a: Calyrex\n|-damage|p1a: Calyrex|29/100\n|-crit|p1a: Calyrex\n|-damage|p1a: Calyrex|0 fnt\n|faint|p1a: Calyrex\n|-hitcount|p1: Calyrex|3\n|\n|-weather|RainDance|[upkeep]\n|upkeep\n|\n|t:|1768547044\n|switch|p1a: Koraidon|Koraidon, L50|100/100\n|-weather|SunnyDay|[from] ability: Orichalcum Pulse|[of] p1a: Koraidon\n|-activate|p1a: Koraidon|Orichalcum Pulse|[source]\n|turn|2\n|inactive|yaochangzhe has 30 seconds left.\n|\n|t:|1768547073\n|switch|p2a: Grimmsnarl|Grimmsnarl, L50, M|100/100\n|switch|p1b: Scream Tail|Scream Tail, L50|100/100\n|-activate|p1b: Scream Tail|ability: Protosynthesis\n|-start|p1b: Scream Tail|protosynthesisspe\n|switch|p2b: Calyrex|Calyrex-Ice, L50|100/100\n|-ability|p2b: Calyrex|As One\n|-ability|p2b: Calyrex|Unnerve\n|move|p1a: Koraidon|Flame Charge|p2a: Grimmsnarl\n|-damage|p2a: Grimmsnarl|62/100\n|-boost|p1a: Koraidon|spe|1\n|\n|-weather|SunnyDay|[upkeep]\n|upkeep\n|turn|3\n|inactive|abdulahad16427 has 30 seconds left.\n|inactive|yaochangzhe has 30 seconds left.\n|\n|t:|1768547107\n|-terastallize|p1a: Koraidon|Fire\n|move|p2b: Calyrex|Protect|p2b: Calyrex\n|-singleturn|p2b: Calyrex|Protect\n|move|p2a: Grimmsnarl|Reflect|p2a: Grimmsnarl\n|-sidestart|p2: yaochangzhe|Reflect\n|move|p1a: Koraidon|Collision Course|p2b: Calyrex\n|-activate|p2b: Calyrex|move: Protect\n|move|p1b: Scream Tail|Trick Room|p1b: Scream Tail\n|-fieldstart|move: Trick Room|[of] p1b: Scream Tail\n|\n|-weather|SunnyDay|[upkeep]\n|upkeep\n|turn|4\n|\n|t:|1768547133\n|switch|p2b: Kyogre|Kyogre, L50|100/100\n|-weather|RainDance|[from] ability: Drizzle|[of] p2b: Kyogre\n|-end|p1b: Scream Tail|Protosynthesis\n|-enditem|p1b: Scream Tail|Booster Energy\n|-activate|p1b: Scream Tail|ability: Protosynthesis|[fromitem]\n|-start|p1b: Scream Tail|protosynthesisspe\n|move|p2a: Grimmsnarl|Foul Play|p1a: Koraidon\n|-damage|p1a: Koraidon|52/100\n|move|p1b: Scream Tail|Psychic Fangs|p2b: Kyogre\n|-sideend|p2: yaochangzhe|Reflect\n|-damage|p2b: Kyogre|81/100\n|move|p1a: Koraidon|Collision Course|p2b: Kyogre\n|-damage|p2b: Kyogre|33/100\n|\n|-weather|RainDance|[upkeep]\n|upkeep\n|turn|5\n|j| riyuezi\n|inactive|abdulahad16427 has 30 seconds left.\n|\n|t:|1768547158\n|switch|p1a: Hitmontop|Hitmontop, L50, M|100/100\n|-ability|p1a: Hitmontop|Intimidate|boost\n|-unboost|p2a: Grimmsnarl|atk|1\n|-unboost|p2b: Kyogre|atk|1\n|move|p2a: Grimmsnarl|Foul Play|p1a: Hitmontop\n|-resisted|p1a: Hitmontop\n|-damage|p1a: Hitmontop|69/100\n|move|p2b: Kyogre|Origin Pulse|p1b: Scream Tail|[spread] p1a,p1b\n|-damage|p1a: Hitmontop|0 fnt\n|-damage|p1b: Scream Tail|49/100\n|faint|p1a: Hitmontop\n|move|p1b: Scream Tail|Disable|p2b: Kyogre\n|-start|p2b: Kyogre|Disable|Origin Pulse\n|\n|-weather|RainDance|[upkeep]\n|upkeep\n|\n|t:|1768547169\n|switch|p1a: Koraidon|Koraidon, L50, tera:Fire|52/100\n|-weather|SunnyDay|[from] ability: Orichalcum Pulse|[of] p1a: Koraidon\n|-activate|p1a: Koraidon|Orichalcum Pulse|[source]\n|turn|6\n|inactive|yaochangzhe has 30 seconds left.\n|inactive|yaochangzhe has 20 seconds left.\n|\n|t:|1768547206\n|switch|p2b: Calyrex|Calyrex-Ice, L50|100/100\n|-ability|p2b: Calyrex|As One\n|-ability|p2b: Calyrex|Unnerve\n|move|p2a: Grimmsnarl|Foul Play|p1a: Koraidon\n|-damage|p1a: Koraidon|0 fnt\n|faint|p1a: Koraidon\n|move|p1b: Scream Tail|Psychic Fangs|p2b: Calyrex\n|-resisted|p2b: Calyrex\n|-damage|p2b: Calyrex|94/100\n|\n|-weather|SunnyDay|[upkeep]\n|-heal|p2b: Calyrex|99/100|[from] item: Leftovers\n|upkeep\n|turn|7\n|-message|abdulahad16427 forfeited.\n|\n|win|yaochangzhe\n|raw|abdulahad16427's rating: 1301 &rarr; <strong>1281</strong><br />(-20 for losing)\n|raw|yaochangzhe's rating: 1306 &rarr; <strong>1326</strong><br />(+20 for winning)\n|l|\u2606abdulahad16427\n|player|p1|\n|l|\u2606yaochangzhe\n|player|p2|\n","uploadtime":1768547437,"views":12,"formatid":"gen9vgc2026regi","rating":1281,"private":0,"password":null}