{"id":"gen9vgc2026regi-2515888613","format":"[Gen 9] VGC 2026 Reg I","players":["Fuck Cops","blackred123\u6c38\u96cf\u5854\u83f2\u4fa0"],"log":"|j|\u203dFuck Cops\n|j|\u2606blackred123\u6c38\u96cf\u5854\u83f2\u4fa0\n|t:|1768056564\n|gametype|doubles\n|player|p1|Fuck Cops|265|1334\n|player|p2|blackred123\u6c38\u96cf\u5854\u83f2\u4fa0|iono-masters|1364\n|gen|9\n|tier|[Gen 9] VGC 2026 Reg I\n|rated|\n|rule|Species Clause: Limit one of each Pok\u00e9mon\n|rule|Item Clause: Limit 1 of each item\n|clearpoke\n|poke|p1|Kyogre, L50|\n|poke|p1|Whimsicott, L50, F|\n|poke|p1|Urshifu-*, L50, M|\n|poke|p1|Landorus, L50, M|\n|poke|p1|Zacian-*, L50|\n|poke|p1|Roaring Moon, L50|\n|poke|p2|Calyrex-Shadow, L50|\n|poke|p2|Koraidon, L50|\n|poke|p2|Brute Bonnet, L50|\n|poke|p2|Landorus, L50, M|\n|poke|p2|Raging Bolt, L50|\n|poke|p2|Incineroar, L50, M|\n|teampreview|4\n|inactive|Battle timer is ON: inactive players will automatically lose when time's up. (requested by Fuck Cops)\n|inactive|blackred123\u6c38\u96cf\u5854\u83f2\u4fa0 also wants the timer to be on.\n|inactive|Fuck Cops has 60 seconds left.\n|\n|t:|1768056608\n|teamsize|p1|4\n|teamsize|p2|4\n|start\n|switch|p1a: Whimsicott|Whimsicott, L50, F|100/100\n|switch|p1b: Zacian|Zacian-Crowned, L50|100/100\n|switch|p2a: Koraidon|Koraidon, L50|100/100\n|switch|p2b: \u5146\u7ea7\u7535\u538b|Raging Bolt, L50|100/100\n|-ability|p1b: Zacian|Intrepid Sword|boost\n|-boost|p1b: Zacian|atk|1\n|-weather|SunnyDay|[from] ability: Orichalcum Pulse|[of] p2a: Koraidon\n|-activate|p2b: \u5146\u7ea7\u7535\u538b|ability: Protosynthesis\n|-start|p2b: \u5146\u7ea7\u7535\u538b|protosynthesisspa\n|-activate|p2a: Koraidon|Orichalcum Pulse|[source]\n|turn|1\n|inactive|blackred123\u6c38\u96cf\u5854\u83f2\u4fa0 has 30 seconds left.\n|\n|t:|1768056636\n|switch|p2a: Incineroar|Incineroar, L50, M|100/100\n|-ability|p2a: Incineroar|Intimidate|boost\n|-unboost|p1a: Whimsicott|atk|1\n|-unboost|p1b: Zacian|atk|1\n|move|p1b: Zacian|Protect|p1b: Zacian\n|-singleturn|p1b: Zacian|Protect\n|move|p1a: Whimsicott|Tailwind|p1a: Whimsicott\n|-sidestart|p1: Fuck Cops|move: Tailwind\n|move|p2b: \u5146\u7ea7\u7535\u538b|Thunderbolt|p1b: Zacian\n|-activate|p1b: Zacian|move: Protect\n|\n|-weather|SunnyDay|[upkeep]\n|upkeep\n|turn|2\n|inactive|Fuck Cops has 30 seconds left.\n|inactive|Fuck Cops has 20 seconds left.\n|inactive|blackred123\u6c38\u96cf\u5854\u83f2\u4fa0 has 30 seconds left.\n|\n|t:|1768056677\n|switch|p1b: Landorus|Landorus, L50, M|100/100\n|move|p1a: Whimsicott|Encore|p2b: \u5146\u7ea7\u7535\u538b\n|-start|p2b: \u5146\u7ea7\u7535\u538b|Encore\n|move|p2a: Incineroar|Knock Off|p1a: Whimsicott\n|-resisted|p1a: Whimsicott\n|-damage|p1a: Whimsicott|79/100\n|-enditem|p1a: Whimsicott|Covert Cloak|[from] move: Knock Off|[of] p2a: Incineroar\n|move|p2b: \u5146\u7ea7\u7535\u538b|Thunderbolt|p1a: Whimsicott\n|-resisted|p1a: Whimsicott\n|-damage|p1a: Whimsicott|37/100\n|-status|p1a: Whimsicott|par\n|\n|-weather|SunnyDay|[upkeep]\n|upkeep\n|turn|3\n|inactive|blackred123\u6c38\u96cf\u5854\u83f2\u4fa0 has 30 seconds left.\n|inactive|blackred123\u6c38\u96cf\u5854\u83f2\u4fa0 has 20 seconds left.\n|inactive|blackred123\u6c38\u96cf\u5854\u83f2\u4fa0 has 15 seconds left.\n|inactive|blackred123\u6c38\u96cf\u5854\u83f2\u4fa0 has 10 seconds left.\n|\n|t:|1768056724\n|switch|p1a: Kyogre|Kyogre, L50|100/100\n|-weather|RainDance|[from] ability: Drizzle|[of] p1a: Kyogre\n|-end|p2b: \u5146\u7ea7\u7535\u538b|Protosynthesis\n|switch|p2a: Koraidon|Koraidon, L50|100/100\n|-weather|SunnyDay|[from] ability: Orichalcum Pulse|[of] p2a: Koraidon\n|-activate|p2b: \u5146\u7ea7\u7535\u538b|ability: Protosynthesis\n|-start|p2b: \u5146\u7ea7\u7535\u538b|protosynthesisspa\n|-activate|p2a: Koraidon|Orichalcum Pulse|[source]\n|-terastallize|p2b: \u5146\u7ea7\u7535\u538b|Fairy\n|move|p1b: Landorus|Sandsear Storm|p2b: \u5146\u7ea7\u7535\u538b|[spread] p2a,p2b\n|-damage|p2a: Koraidon|45/100\n|-damage|p2b: \u5146\u7ea7\u7535\u538b|66/100\n|move|p2b: \u5146\u7ea7\u7535\u538b|Thunderbolt|p1a: Kyogre\n|-supereffective|p1a: Kyogre\n|-damage|p1a: Kyogre|41/100\n|\n|-weather|SunnyDay|[upkeep]\n|upkeep\n|turn|4\n|inactive|blackred123\u6c38\u96cf\u5854\u83f2\u4fa0 has 30 seconds left.\n|\n|t:|1768056752\n|-terastallize|p1a: Kyogre|Ghost\n|move|p2a: Koraidon|Protect|p2a: Koraidon\n|-singleturn|p2a: Koraidon|Protect\n|move|p1a: Kyogre|Ice Beam|p2a: Koraidon\n|-activate|p2a: Koraidon|move: Protect\n|move|p1b: Landorus|Sandsear Storm|p2b: \u5146\u7ea7\u7535\u538b|[spread] p2b\n|-activate|p2a: Koraidon|move: Protect\n|-damage|p2b: \u5146\u7ea7\u7535\u538b|31/100\n|move|p2b: \u5146\u7ea7\u7535\u538b|Thunderbolt|p1a: Kyogre\n|-damage|p1a: Kyogre|9/100\n|\n|-weather|SunnyDay|[upkeep]\n|-end|p2b: \u5146\u7ea7\u7535\u538b|Encore\n|-sideend|p1: Fuck Cops|move: Tailwind\n|upkeep\n|turn|5\n|inactive|blackred123\u6c38\u96cf\u5854\u83f2\u4fa0 has 30 seconds left.\n|\n|t:|1768056778\n|move|p1b: Landorus|Protect|p1b: Landorus\n|-singleturn|p1b: Landorus|Protect\n|move|p2a: Koraidon|Flare Blitz|p1b: Landorus\n|-activate|p1b: Landorus|move: Protect\n|move|p1a: Kyogre|Ice Beam|p2a: Koraidon\n|-supereffective|p2a: Koraidon\n|-damage|p2a: Koraidon|0 fnt\n|faint|p2a: Koraidon\n|move|p2b: \u5146\u7ea7\u7535\u538b|Snarl|p1a: Kyogre|[spread] p1a\n|-activate|p1b: Landorus|move: Protect\n|-supereffective|p1a: Kyogre\n|-damage|p1a: Kyogre|0 fnt\n|faint|p1a: Kyogre\n|\n|-weather|SunnyDay|[upkeep]\n|upkeep\n|\n|t:|1768056790\n|switch|p2a: Incineroar|Incineroar, L50, M|100/100\n|switch|p1a: Whimsicott|Whimsicott, L50, F|37/100 par\n|-ability|p2a: Incineroar|Intimidate|boost\n|-unboost|p1a: Whimsicott|atk|1\n|-unboost|p1b: Landorus|atk|1\n|turn|6\n|\n|t:|1768056812\n|switch|p1b: Zacian|Zacian-Crowned, L50|100/100\n|move|p2a: Incineroar|Fake Out|p1b: Zacian\n|-resisted|p1b: Zacian\n|-damage|p1b: Zacian|96/100\n|move|p2b: \u5146\u7ea7\u7535\u538b|Thunderbolt|p1a: Whimsicott\n|-resisted|p1a: Whimsicott\n|-damage|p1a: Whimsicott|0 fnt\n|faint|p1a: Whimsicott\n|\n|-weather|SunnyDay|[upkeep]\n|upkeep\n|\n|t:|1768056814\n|switch|p1a: Landorus|Landorus, L50, M|100/100\n|turn|7\n|\n|t:|1768056833\n|move|p2b: \u5146\u7ea7\u7535\u538b|Thunderclap|p1b: Zacian\n|-damage|p1b: Zacian|52/100\n|move|p1b: Zacian|Behemoth Blade|p2b: \u5146\u7ea7\u7535\u538b\n|-supereffective|p2b: \u5146\u7ea7\u7535\u538b\n|-damage|p2b: \u5146\u7ea7\u7535\u538b|0 fnt\n|faint|p2b: \u5146\u7ea7\u7535\u538b\n|-end|p2b: \u5146\u7ea7\u7535\u538b|Protosynthesis|[silent]\n|move|p1a: Landorus|Sandsear Storm|p2a: Incineroar|[miss]\n|-miss|p1a: Landorus|p2a: Incineroar\n|move|p2a: Incineroar|Knock Off|p1a: Landorus\n|-damage|p1a: Landorus|66/100\n|-enditem|p1a: Landorus|Life Orb|[from] move: Knock Off|[of] p2a: Incineroar\n|\n|-weather|none\n|upkeep\n|\n|t:|1768056845\n|switch|p2b: Calyrex|Calyrex-Shadow, L50|100/100\n|-ability|p2b: Calyrex|As One\n|-ability|p2b: Calyrex|Unnerve\n|turn|8\n|\n|t:|1768056862\n|move|p2a: Incineroar|Helping Hand|p2b: Calyrex\n|-singleturn|p2b: Calyrex|Helping Hand|[of] p2a: Incineroar\n|move|p2b: Calyrex|Astral Barrage|p1a: Landorus|[spread] p1a,p1b\n|-damage|p1a: Landorus|0 fnt\n|-damage|p1b: Zacian|0 fnt\n|faint|p1a: Landorus\n|faint|p1b: Zacian\n|\n|win|blackred123\u6c38\u96cf\u5854\u83f2\u4fa0\n|raw|Fuck Cops's rating: 1334 &rarr; <strong>1316</strong><br />(-18 for losing)\n|raw|blackred123\u6c38\u96cf\u5854\u83f2\u4fa0's rating: 1364 &rarr; <strong>1382</strong><br />(+18 for winning)\n|l|\u203dFuck Cops\n|player|p1|\n|j| QAQeee\u5609\u7136\u4fa0\n","uploadtime":1768056919,"views":18,"formatid":"gen9vgc2026regi","rating":1316,"private":0,"password":null}