{"id":"gen9vgc2026regi-2577662170","format":"[Gen 9] VGC 2026 Reg I","players":["4Test4","massson77777"],"log":"|j|\u26064Test4\n|j|\u2606massson77777\n|t:|1775594145\n|gametype|doubles\n|player|p1|4Test4|blue|1284\n|player|p2|massson77777|266|1337\n|gen|9\n|tier|[Gen 9] VGC 2026 Reg I\n|rated|\n|rule|Species Clause: Limit one of each Pok\u00e9mon\n|rule|Item Clause: Limit 1 of each item\n|clearpoke\n|poke|p1|Calyrex-Shadow, L50|\n|poke|p1|Flamigo, L50, M|\n|poke|p1|Terapagos, L50, M|\n|poke|p1|Rillaboom, L50, M|\n|poke|p1|Volcarona, L50, F|\n|poke|p1|Roaring Moon, L50|\n|poke|p2|Lunala, L50|\n|poke|p2|Miraidon, L50|\n|poke|p2|Iron Bundle, L50|\n|poke|p2|Ogerpon-Cornerstone, L50, F|\n|poke|p2|Iron Moth, L50|\n|poke|p2|Landorus, L50, M|\n|teampreview|4\n|\n|t:|1775594170\n|teamsize|p1|4\n|teamsize|p2|4\n|start\n|switch|p1a: Rillaboom|Rillaboom, L50, M|100/100\n|switch|p1b: Terapagos|Terapagos, L50, M|100/100\n|switch|p2a: Lunala|Lunala, L50|100/100\n|switch|p2b: Iron Moth|Iron Moth, L50|100/100\n|-activate|p1b: Terapagos|ability: Tera Shift\n|detailschange|p1b: Terapagos|Terapagos-Terastal, L50, M\n|-heal|p1b: Terapagos|100/100|[silent]\n|-fieldstart|move: Grassy Terrain|[from] ability: Grassy Surge|[of] p1a: Rillaboom\n|-enditem|p1b: Terapagos|Grassy Seed\n|-boost|p1b: Terapagos|def|1|[from] item: Grassy Seed\n|turn|1\n|\n|t:|1775594194\n|move|p1a: Rillaboom|Fake Out|p2b: Iron Moth\n|-damage|p2b: Iron Moth|82/100\n|move|p2b: Iron Moth|Acid Spray|p1b: Terapagos\n|-activate|p1b: Terapagos|ability: Tera Shell\n|-resisted|p1b: Terapagos\n|-damage|p1b: Terapagos|93/100\n|-unboost|p1b: Terapagos|spd|2\n|move|p1b: Terapagos|Calm Mind|p1b: Terapagos\n|-boost|p1b: Terapagos|spa|1\n|-boost|p1b: Terapagos|spd|1\n|move|p2a: Lunala|Moonblast|p1b: Terapagos\n|-damage|p1b: Terapagos|50/100\n|\n|-heal|p2b: Iron Moth|88/100|[from] Grassy Terrain\n|-heal|p1b: Terapagos|56/100|[from] Grassy Terrain\n|upkeep\n|turn|2\n|\n|t:|1775594229\n|-terastallize|p1a: Rillaboom|Fire\n|move|p1b: Terapagos|Protect|p1b: Terapagos\n|-singleturn|p1b: Terapagos|Protect\n|move|p2b: Iron Moth|Flamethrower|p1b: Terapagos\n|-activate|p1b: Terapagos|move: Protect\n|move|p1a: Rillaboom|High Horsepower|p2b: Iron Moth|[miss]\n|-miss|p1a: Rillaboom|p2b: Iron Moth\n|move|p2a: Lunala|Moongeist Beam|p1a: Rillaboom\n|-damage|p1a: Rillaboom|23/100\n|\n|-heal|p2b: Iron Moth|93/100|[from] Grassy Terrain\n|-heal|p1a: Rillaboom|29/100|[from] Grassy Terrain\n|-heal|p1b: Terapagos|62/100|[from] Grassy Terrain\n|upkeep\n|turn|3\n|\n|t:|1775594286\n|move|p2b: Iron Moth|Flamethrower|p1b: Terapagos\n|-damage|p1b: Terapagos|4/100\n|move|p1a: Rillaboom|High Horsepower|p2b: Iron Moth\n|-supereffective|p2b: Iron Moth\n|-damage|p2b: Iron Moth|0 fnt\n|faint|p2b: Iron Moth\n|-end|p2b: Iron Moth|Quark Drive|[silent]\n|move|p1b: Terapagos|Calm Mind|p1b: Terapagos\n|-boost|p1b: Terapagos|spa|1\n|-boost|p1b: Terapagos|spd|1\n|move|p2a: Lunala|Moongeist Beam|p1a: Rillaboom\n|-damage|p1a: Rillaboom|0 fnt\n|faint|p1a: Rillaboom\n|\n|-heal|p1b: Terapagos|10/100|[from] Grassy Terrain\n|upkeep\n|\n|t:|1775594311\n|switch|p2b: Iron Bundle|Iron Bundle, L50|100/100\n|switch|p1a: Calyrex|Calyrex-Shadow, L50|100/100\n|-ability|p1a: Calyrex|As One\n|-ability|p1a: Calyrex|Unnerve\n|turn|4\n|\n|t:|1775594333\n|switch|p2a: Miraidon|Miraidon, L50|100/100\n|-fieldstart|move: Electric Terrain|[from] ability: Hadron Engine|[of] p2a: Miraidon\n|-activate|p2b: Iron Bundle|ability: Quark Drive\n|-start|p2b: Iron Bundle|quarkdrivespe\n|move|p1a: Calyrex|Pollen Puff|p1b: Terapagos\n|-heal|p1b: Terapagos|60/100\n|move|p2b: Iron Bundle|Icy Wind|p1b: Terapagos|[spread] p1a,p1b\n|-damage|p1a: Calyrex|79/100\n|-damage|p1b: Terapagos|45/100\n|-unboost|p1a: Calyrex|spe|1\n|-unboost|p1b: Terapagos|spe|1\n|move|p1b: Terapagos|Calm Mind|p1b: Terapagos\n|-boost|p1b: Terapagos|spa|1\n|-boost|p1b: Terapagos|spd|1\n|\n|upkeep\n|turn|5\n|\n|t:|1775594363\n|switch|p1a: Flamigo|Flamigo, L50, M|100/100\n|move|p2b: Iron Bundle|Encore|p1b: Terapagos\n|-start|p1b: Terapagos|Encore\n|move|p2a: Miraidon|Electro Drift|p1a: Flamigo\n|-supereffective|p1a: Flamigo\n|-enditem|p1a: Flamigo|Focus Sash\n|-damage|p1a: Flamigo|1/100\n|move|p1b: Terapagos|Calm Mind|p1b: Terapagos\n|-boost|p1b: Terapagos|spa|1\n|-boost|p1b: Terapagos|spd|1\n|\n|upkeep\n|turn|6\n|-message|4Test4 forfeited.\n|\n|win|massson77777\n|raw|4Test4's rating: 1284 &rarr; <strong>1263</strong><br />(-21 for losing)\n|raw|massson77777's rating: 1337 &rarr; <strong>1354</strong><br />(+17 for winning)\n|l|\u26064Test4\n|player|p1|\n|l|\u2606massson77777\n|player|p2|\n","uploadtime":1775594638,"views":8,"formatid":"gen9vgc2026regi","rating":1263,"private":0,"password":null}