{"id":"gen9vgc2026regi-2569980909","format":"[Gen 9] VGC 2026 Reg I","players":["phone complx","vestige666"],"log":"|j|\u2606phone complx\n|j|\u2606vestige666\n|t:|1774752888\n|gametype|doubles\n|player|p1|phone complx|169|1216\n|player|p2|vestige666|blackbelt-gen4dp|1323\n|gen|9\n|tier|[Gen 9] VGC 2026 Reg I\n|rated|\n|rule|Species Clause: Limit one of each Pok\u00e9mon\n|rule|Item Clause: Limit 1 of each item\n|clearpoke\n|poke|p1|Calyrex-Ice, L50|\n|poke|p1|Iron Hands, L50|\n|poke|p1|Ogerpon-Hearthflame, L50, F|\n|poke|p1|Terapagos, L50, M|\n|poke|p1|Indeedee-F, L50, F|\n|poke|p1|Rhyperior, L50, M|\n|poke|p2|Rayquaza, L50|\n|poke|p2|Calyrex-Shadow, L50|\n|poke|p2|Tornadus, L50, M|\n|poke|p2|Smeargle, L50, F|\n|poke|p2|Urshifu-*, L50, F|\n|poke|p2|Clefairy, L50, M|\n|teampreview|4\n|inactive|Battle timer is ON: inactive players will automatically lose when time's up. (requested by phone complx)\n|\n|t:|1774752914\n|teamsize|p1|4\n|teamsize|p2|4\n|start\n|switch|p1a: Calyrex|Calyrex-Ice, L50|100/100\n|switch|p1b: Indeedee|Indeedee-F, L50, F|100/100\n|switch|p2a: Otonose Kanade|Rayquaza, L50|100/100\n|switch|p2b: Nerissa Ravencroft|Calyrex-Shadow, L50|100/100\n|-ability|p2b: Nerissa Ravencroft|As One\n|-ability|p2b: Nerissa Ravencroft|Unnerve\n|-ability|p1a: Calyrex|As One\n|-ability|p1a: Calyrex|Unnerve\n|-ability|p2a: Otonose Kanade|Air Lock\n|-fieldstart|move: Psychic Terrain|[from] ability: Psychic Surge|[of] p1b: Indeedee\n|turn|1\n|\n|t:|1774752935\n|-terastallize|p1a: Calyrex|Fairy\n|move|p1b: Indeedee|Helping Hand|p1a: Calyrex\n|-singleturn|p1a: Calyrex|Helping Hand|[of] p1b: Indeedee\n|move|p2b: Nerissa Ravencroft|Astral Barrage|p1b: Indeedee|[spread] p1a\n|-immune|p1b: Indeedee\n|-damage|p1a: Calyrex|49/100\n|-damage|p2b: Nerissa Ravencroft|91/100|[from] item: Life Orb\n|move|p2a: Otonose Kanade|Dragon Ascent|p1b: Indeedee\n|-damage|p1b: Indeedee|32/100\n|-unboost|p2a: Otonose Kanade|def|1\n|-unboost|p2a: Otonose Kanade|spd|1\n|move|p1a: Calyrex|Glacial Lance|p2b: Nerissa Ravencroft|[spread] p2a,p2b\n|-supereffective|p2a: Otonose Kanade\n|-damage|p2a: Otonose Kanade|0 fnt\n|-damage|p2b: Nerissa Ravencroft|0 fnt\n|faint|p2a: Otonose Kanade\n|faint|p2b: Nerissa Ravencroft\n|-ability|p1a: Calyrex|Chilling Neigh|boost\n|-boost|p1a: Calyrex|atk|2\n|\n|upkeep\n|\n|t:|1774752948\n|switch|p2b: Gigi Murin|Smeargle, L50, F|100/100\n|switch|p2a: Ouro Kronii|Urshifu-Rapid-Strike, L50, F|100/100\n|turn|2\n|\n|t:|1774752972\n|-terastallize|p2a: Ouro Kronii|Water\n|move|p1b: Indeedee|Follow Me|p1b: Indeedee\n|-singleturn|p1b: Indeedee|move: Follow Me\n|move|p2a: Ouro Kronii|Surging Strikes|p1b: Indeedee\n|-crit|p1b: Indeedee\n|-damage|p1b: Indeedee|6/100\n|-crit|p1b: Indeedee\n|-damage|p1b: Indeedee|0 fnt\n|faint|p1b: Indeedee\n|-hitcount|p1: Indeedee|2\n|move|p2b: Gigi Murin|Spore|p1a: Calyrex\n|-status|p1a: Calyrex|slp|[from] move: Spore\n|cant|p1a: Calyrex|slp\n|\n|-ability|p2b: Gigi Murin|Moody|boost\n|-boost|p2b: Gigi Murin|atk|2\n|-unboost|p2b: Gigi Murin|spe|1\n|upkeep\n|\n|t:|1774752985\n|switch|p1b: Iron Hands|Iron Hands, L50|100/100\n|turn|3\n|\n|t:|1774753000\n|move|p2a: Ouro Kronii|Surging Strikes|p1b: Iron Hands\n|-crit|p1b: Iron Hands\n|-damage|p1b: Iron Hands|81/100\n|-crit|p1b: Iron Hands\n|-damage|p1b: Iron Hands|60/100\n|-crit|p1b: Iron Hands\n|-damage|p1b: Iron Hands|39/100\n|-hitcount|p1b: Iron Hands|3\n|move|p2b: Gigi Murin|Spore|p1b: Iron Hands\n|-status|p1b: Iron Hands|slp|[from] move: Spore\n|cant|p1b: Iron Hands|slp\n|cant|p1a: Calyrex|slp\n|\n|-ability|p2b: Gigi Murin|Moody|boost\n|-boost|p2b: Gigi Murin|atk|2\n|-unboost|p2b: Gigi Murin|def|1\n|upkeep\n|turn|4\n|inactive|vestige666 has 30 seconds left.\n|\n|t:|1774753027\n|move|p2b: Gigi Murin|Follow Me|p2b: Gigi Murin\n|-singleturn|p2b: Gigi Murin|move: Follow Me\n|move|p2a: Ouro Kronii|Surging Strikes|p1a: Calyrex\n|-crit|p1a: Calyrex\n|-damage|p1a: Calyrex|28/100 slp\n|-crit|p1a: Calyrex\n|-damage|p1a: Calyrex|9/100 slp\n|-crit|p1a: Calyrex\n|-damage|p1a: Calyrex|0 fnt\n|faint|p1a: Calyrex\n|-hitcount|p1: Calyrex|3\n|cant|p1b: Iron Hands|slp\n|\n|-ability|p2b: Gigi Murin|Moody|boost\n|-boost|p2b: Gigi Murin|spe|2\n|-unboost|p2b: Gigi Murin|def|1\n|upkeep\n|\n|t:|1774753035\n|switch|p1a: Terapagos|Terapagos, L50, M|100/100\n|-activate|p1a: Terapagos|ability: Tera Shift\n|detailschange|p1a: Terapagos|Terapagos-Terastal, L50, M\n|-heal|p1a: Terapagos|100/100|[silent]\n|turn|5\n|inactive|vestige666 has 30 seconds left.\n|inactive|vestige666 has 20 seconds left.\n|\n|t:|1774753073\n|move|p2a: Ouro Kronii|Surging Strikes|p1b: Iron Hands\n|-crit|p1b: Iron Hands\n|-damage|p1b: Iron Hands|18/100 slp\n|-crit|p1b: Iron Hands\n|-damage|p1b: Iron Hands|0 fnt\n|faint|p1b: Iron Hands\n|-end|p1b: Iron Hands|Quark Drive|[silent]\n|-hitcount|p1: Iron Hands|2\n|move|p2b: Gigi Murin|Spore|p1a: Terapagos\n|-status|p1a: Terapagos|slp|[from] move: Spore\n|cant|p1a: Terapagos|slp\n|\n|-fieldend|move: Psychic Terrain\n|-ability|p2b: Gigi Murin|Moody|boost\n|-boost|p2b: Gigi Murin|atk|2\n|-unboost|p2b: Gigi Murin|def|1\n|upkeep\n|turn|6\n|-message|phone complx forfeited.\n|\n|win|vestige666\n|raw|phone complx's rating: 1216 &rarr; <strong>1198</strong><br />(-18 for losing)\n|raw|vestige666's rating: 1323 &rarr; <strong>1337</strong><br />(+14 for winning)\n|l|\u2606phone complx\n|player|p1|\n|c|\u2606vestige666|U didn't tera?\n|c|\u2606vestige666|Oh\n|c|\u2606vestige666|Calt\n|c|\u2606vestige666|Caly\n|l|\u2606vestige666\n|player|p2|\n","uploadtime":1774753284,"views":10,"formatid":"gen9vgc2026regi","rating":1198,"private":0,"password":null}