{"id":"gen9vgc2026regi-2551895612","format":"[Gen 9] VGC 2026 Reg I","players":["Pokemonst3r","ConnerTEP"],"log":"|j|\u2606Pokemonst3r\n|j|\u2606ConnerTEP\n|t:|1772654378\n|gametype|doubles\n|player|p1|Pokemonst3r|266|1514\n|player|p2|ConnerTEP|acerola-masters2|1623\n|gen|9\n|tier|[Gen 9] VGC 2026 Reg I\n|rated|\n|rule|Species Clause: Limit one of each Pok\u00e9mon\n|rule|Item Clause: Limit 1 of each item\n|clearpoke\n|poke|p1|Chien-Pao, L50|\n|poke|p1|Calyrex-Shadow, L50|\n|poke|p1|Dondozo, L50, F|\n|poke|p1|Zamazenta-*, L50|\n|poke|p1|Dragonite, L50, F|\n|poke|p1|Tatsugiri, L50, M|\n|poke|p2|Groudon, L50|\n|poke|p2|Zacian-*, L50|\n|poke|p2|Chien-Pao, L50|\n|poke|p2|Volcarona, L50, M|\n|poke|p2|Raging Bolt, L50|\n|poke|p2|Walking Wake, L50|\n|teampreview|4\n|inactive|Battle timer is ON: inactive players will automatically lose when time's up. (requested by ConnerTEP)\n|inactive|Pokemonst3r also wants the timer to be on.\n|\n|t:|1772654408\n|teamsize|p1|4\n|teamsize|p2|4\n|start\n|switch|p1a: Calyrex|Calyrex-Shadow, L50|100/100\n|switch|p1b: Dragonite|Dragonite, L50, F|100/100\n|switch|p2a: Groudon|Groudon, L50|100/100\n|switch|p2b: Walking Wake|Walking Wake, L50|100/100\n|-ability|p1a: Calyrex|As One\n|-ability|p1a: Calyrex|Unnerve\n|-weather|SunnyDay|[from] ability: Drought|[of] p2a: Groudon\n|-activate|p2b: Walking Wake|ability: Protosynthesis\n|-start|p2b: Walking Wake|protosynthesisspe\n|turn|1\n|\n|t:|1772654430\n|-terastallize|p2a: Groudon|Fire\n|-terastallize|p1b: Dragonite|Normal\n|move|p1b: Dragonite|Extreme Speed|p2b: Walking Wake\n|-damage|p2b: Walking Wake|22/100\n|move|p1a: Calyrex|Astral Barrage|p2a: Groudon|[spread] p2a,p2b\n|-damage|p2a: Groudon|55/100\n|-damage|p2b: Walking Wake|0 fnt\n|faint|p2b: Walking Wake\n|-end|p2b: Walking Wake|Protosynthesis|[silent]\n|-ability|p1a: Calyrex|Grim Neigh|boost\n|-boost|p1a: Calyrex|spa|1\n|move|p2a: Groudon|Heat Crash|p1a: Calyrex\n|-damage|p1a: Calyrex|0 fnt\n|faint|p1a: Calyrex\n|\n|-weather|SunnyDay|[upkeep]\n|upkeep\n|\n|t:|1772654450\n|switch|p1a: Zamazenta|Zamazenta-Crowned, L50|100/100\n|switch|p2b: Zacian|Zacian-Crowned, L50|100/100\n|-ability|p2b: Zacian|Intrepid Sword|boost\n|-boost|p2b: Zacian|atk|1\n|-ability|p1a: Zamazenta|Dauntless Shield|boost\n|-boost|p1a: Zamazenta|def|1\n|turn|2\n|\n|t:|1772654468\n|move|p1b: Dragonite|Extreme Speed|p2b: Zacian\n|-resisted|p2b: Zacian\n|-damage|p2b: Zacian|71/100\n|move|p2b: Zacian|Sacred Sword|p1b: Dragonite\n|-supereffective|p1b: Dragonite\n|-damage|p1b: Dragonite|5/100\n|move|p1a: Zamazenta|Body Press|p2a: Groudon\n|-damage|p2a: Groudon|6/100\n|move|p2a: Groudon|Will-O-Wisp|p1a: Zamazenta\n|-status|p1a: Zamazenta|brn\n|\n|-weather|SunnyDay|[upkeep]\n|-damage|p1a: Zamazenta|94/100 brn|[from] brn\n|upkeep\n|turn|3\n|\n|t:|1772654491\n|move|p2b: Zacian|Protect|p2b: Zacian\n|-singleturn|p2b: Zacian|Protect\n|move|p2a: Groudon|Protect|p2a: Groudon\n|-singleturn|p2a: Groudon|Protect\n|move|p1b: Dragonite|Extreme Speed|p2a: Groudon\n|-activate|p2a: Groudon|move: Protect\n|move|p1a: Zamazenta|Body Press|p2b: Zacian\n|-activate|p2b: Zacian|move: Protect\n|\n|-weather|SunnyDay|[upkeep]\n|-damage|p1a: Zamazenta|88/100 brn|[from] brn\n|upkeep\n|turn|4\n|inactive|Pokemonst3r has 30 seconds left.\n|\n|t:|1772654519\n|move|p1b: Dragonite|Extreme Speed|p2b: Zacian\n|-resisted|p2b: Zacian\n|-damage|p2b: Zacian|38/100\n|move|p2b: Zacian|Sacred Sword|p1a: Zamazenta\n|-supereffective|p1a: Zamazenta\n|-damage|p1a: Zamazenta|27/100 brn\n|move|p1a: Zamazenta|Body Press|p2b: Zacian\n|-damage|p2b: Zacian|7/100\n|move|p2a: Groudon|Precipice Blades|p1b: Dragonite|[spread] p1a,p1b\n|-supereffective|p1a: Zamazenta\n|-damage|p1a: Zamazenta|0 fnt\n|-damage|p1b: Dragonite|0 fnt\n|faint|p1a: Zamazenta\n|faint|p1b: Dragonite\n|\n|-weather|SunnyDay|[upkeep]\n|upkeep\n|\n|t:|1772654534\n|switch|p1b: Chien-Pao|Chien-Pao, L50|100/100\n|-ability|p1b: Chien-Pao|Sword of Ruin\n|turn|5\n|c|\u2606Pokemonst3r|what evs are on that groudon, full SP and Defence?\n|inactive|Pokemonst3r has 30 seconds left.\n|inactive|Pokemonst3r has 20 seconds left.\n|c|\u2606ConnerTEP|Lots of spdef but not very much defense\n|inactive|Pokemonst3r has 15 seconds left.\n|\n|t:|1772654575\n|move|p2b: Zacian|Behemoth Blade|p1b: Chien-Pao\n|-supereffective|p1b: Chien-Pao\n|-enditem|p1b: Chien-Pao|Focus Sash\n|-damage|p1b: Chien-Pao|1/100\n|move|p1b: Chien-Pao|Ice Spinner|p2a: Groudon\n|-resisted|p2a: Groudon\n|-damage|p2a: Groudon|0 fnt\n|faint|p2a: Groudon\n|\n|-weather|none\n|upkeep\n|j| Xen077\n|\n|t:|1772654582\n|switch|p2a: Chien-Pao|Chien-Pao, L50|100/100\n|-ability|p2a: Chien-Pao|Sword of Ruin\n|turn|6\n|-message|Pokemonst3r forfeited.\n|\n|win|ConnerTEP\n|raw|Pokemonst3r's rating: 1514 &rarr; <strong>1500</strong><br />(-14 for losing)\n|raw|ConnerTEP's rating: 1623 &rarr; <strong>1637</strong><br />(+14 for winning)\n|l|\u2606Pokemonst3r\n|player|p1|\n|c|\u2606ConnerTEP|gg\n|l|\u2606ConnerTEP\n|player|p2|\n|l| Xen077\n","uploadtime":1772654730,"views":22,"formatid":"gen9vgc2026regi","rating":1500,"private":0,"password":null}