{"id":"gen9vgc2026regi-2573584961","format":"[Gen 9] VGC 2026 Reg I","players":["JoyBoy311","KaiMVGC"],"log":"|j|\u2606JoyBoy311\n|j|\u2606KaiMVGC\n|t:|1775148719\n|gametype|doubles\n|player|p1|JoyBoy311|102|1495\n|player|p2|KaiMVGC|boarder|1509\n|gen|9\n|tier|[Gen 9] VGC 2026 Reg I\n|rated|\n|rule|Species Clause: Limit one of each Pok\u00e9mon\n|rule|Item Clause: Limit 1 of each item\n|clearpoke\n|poke|p1|Calyrex-Shadow, L50|\n|poke|p1|Zamazenta-*, L50|\n|poke|p1|Chien-Pao, L50|\n|poke|p1|Dragonite, L50, M|\n|poke|p1|Raging Bolt, L50|\n|poke|p1|Amoonguss, L50, M|\n|poke|p2|Calyrex-Shadow, L50|\n|poke|p2|Zamazenta-*, L50|\n|poke|p2|Rillaboom, L50, F|\n|poke|p2|Raging Bolt, L50|\n|poke|p2|Smeargle, L50, M|\n|poke|p2|Tornadus, L50, M|\n|teampreview|4\n|\n|t:|1775148756\n|teamsize|p1|4\n|teamsize|p2|4\n|start\n|switch|p1a: Calyrex|Calyrex-Shadow, L50|100/100\n|switch|p1b: Zamazenta|Zamazenta-Crowned, L50|100/100\n|switch|p2a: T-Wind|Tornadus, L50, M|100/100\n|switch|p2b: Dark Void X|Smeargle, L50, M|100/100\n|-ability|p1a: Calyrex|As One\n|-ability|p1a: Calyrex|Unnerve\n|-ability|p1b: Zamazenta|Dauntless Shield|boost\n|-boost|p1b: Zamazenta|def|1\n|turn|1\n|\n|t:|1775148767\n|move|p2a: T-Wind|Tailwind|p2a: T-Wind\n|-sidestart|p2: KaiMVGC|move: Tailwind\n|move|p2b: Dark Void X|Spore|p1b: Zamazenta\n|-status|p1b: Zamazenta|slp|[from] move: Spore\n|move|p1a: Calyrex|Psychic|p2b: Dark Void X\n|-enditem|p2b: Dark Void X|Focus Sash\n|-damage|p2b: Dark Void X|1/100\n|cant|p1b: Zamazenta|slp\n|\n|-ability|p2b: Dark Void X|Moody|boost\n|-boost|p2b: Dark Void X|atk|2\n|-unboost|p2b: Dark Void X|spa|1\n|upkeep\n|turn|2\n|\n|t:|1775148780\n|move|p1a: Calyrex|Protect|p1a: Calyrex\n|-singleturn|p1a: Calyrex|Protect\n|-curestatus|p1b: Zamazenta|slp|[msg]\n|move|p1b: Zamazenta|Wide Guard|p1b: Zamazenta\n|-singleturn|p1b: Zamazenta|Wide Guard\n|move|p2a: T-Wind|Bleakwind Storm|p1b: Zamazenta|[spread] \n|-activate|p1a: Calyrex|move: Wide Guard\n|-activate|p1b: Zamazenta|move: Wide Guard\n|move|p2b: Dark Void X|Spore|p1a: Calyrex\n|-activate|p1a: Calyrex|move: Protect\n|\n|-ability|p2b: Dark Void X|Moody|boost\n|-boost|p2b: Dark Void X|spd|2\n|-unboost|p2b: Dark Void X|spa|1\n|upkeep\n|turn|3\n|\n|t:|1775148796\n|move|p2a: T-Wind|Taunt|p1b: Zamazenta\n|-start|p1b: Zamazenta|move: Taunt\n|move|p2b: Dark Void X|Spore|p1a: Calyrex\n|-status|p1a: Calyrex|slp|[from] move: Spore\n|cant|p1a: Calyrex|slp\n|move|p1b: Zamazenta|Behemoth Bash|p2b: Dark Void X\n|-damage|p2b: Dark Void X|0 fnt\n|faint|p2b: Dark Void X\n|\n|upkeep\n|\n|t:|1775148802\n|switch|p2b: Notorious CSR|Calyrex-Shadow, L50|100/100\n|-ability|p2b: Notorious CSR|As One\n|-ability|p2b: Notorious CSR|Unnerve\n|turn|4\n|\n|t:|1775148811\n|-terastallize|p2b: Notorious CSR|Dark\n|move|p2b: Notorious CSR|Astral Barrage|p1b: Zamazenta|[spread] p1a,p1b\n|-supereffective|p1a: Calyrex\n|-enditem|p1a: Calyrex|Focus Sash\n|-damage|p1a: Calyrex|1/100 slp\n|-damage|p1b: Zamazenta|49/100\n|-damage|p2b: Notorious CSR|91/100|[from] item: Life Orb\n|move|p2a: T-Wind|Bleakwind Storm|p1b: Zamazenta|[spread] p1a,p1b\n|-damage|p1a: Calyrex|0 fnt\n|-damage|p1b: Zamazenta|18/100\n|-unboost|p1b: Zamazenta|spe|1\n|faint|p1a: Calyrex\n|move|p1b: Zamazenta|Behemoth Bash|p2b: Notorious CSR\n|-damage|p2b: Notorious CSR|40/100\n|\n|-sideend|p2: KaiMVGC|move: Tailwind\n|upkeep\n|\n|t:|1775148823\n|switch|p1a: Dragonite|Dragonite, L50, M|100/100\n|turn|5\n|\n|t:|1775148831\n|switch|p1b: Chien-Pao|Chien-Pao, L50|100/100\n|-ability|p1b: Chien-Pao|Sword of Ruin\n|-terastallize|p1a: Dragonite|Normal\n|move|p2b: Notorious CSR|Protect|p2b: Notorious CSR\n|-singleturn|p2b: Notorious CSR|Protect\n|move|p1a: Dragonite|Extreme Speed|p2b: Notorious CSR\n|-activate|p2b: Notorious CSR|move: Protect\n|move|p2a: T-Wind|Bleakwind Storm|p1b: Chien-Pao|[spread] p1a,p1b\n|-damage|p1a: Dragonite|60/100\n|-damage|p1b: Chien-Pao|64/100\n|\n|upkeep\n|turn|6\n|\n|t:|1775148841\n|switch|p2b: 50 Zent|Zamazenta-Crowned, L50|100/100\n|-ability|p2b: 50 Zent|Dauntless Shield|boost\n|-boost|p2b: 50 Zent|def|1\n|move|p1a: Dragonite|Extreme Speed|p2b: 50 Zent\n|-resisted|p2b: 50 Zent\n|-damage|p2b: 50 Zent|84/100\n|move|p1b: Chien-Pao|Ice Spinner|p2a: T-Wind\n|-supereffective|p2a: T-Wind\n|-damage|p2a: T-Wind|0 fnt\n|faint|p2a: T-Wind\n|\n|upkeep\n|\n|t:|1775148849\n|switch|p2a: Notorious CSR|Calyrex-Shadow, L50, tera:Dark|40/100\n|-ability|p2a: Notorious CSR|As One\n|-ability|p2a: Notorious CSR|Unnerve\n|turn|7\n|\n|t:|1775148859\n|switch|p1a: Zamazenta|Zamazenta-Crowned, L50|18/100\n|move|p2a: Notorious CSR|Protect|p2a: Notorious CSR\n|-singleturn|p2a: Notorious CSR|Protect\n|move|p1b: Chien-Pao|Icy Wind|p2a: Notorious CSR|[spread] p2b\n|-activate|p2a: Notorious CSR|move: Protect\n|-resisted|p2b: 50 Zent\n|-damage|p2b: 50 Zent|80/100\n|-unboost|p2b: 50 Zent|spe|1\n|move|p2b: 50 Zent|Body Press|p1a: Zamazenta\n|-supereffective|p1a: Zamazenta\n|-damage|p1a: Zamazenta|0 fnt\n|faint|p1a: Zamazenta\n|\n|upkeep\n|\n|t:|1775148866\n|switch|p1a: Dragonite|Dragonite, L50, M, tera:Normal|60/100\n|turn|8\n|\n|t:|1775148880\n|move|p1b: Chien-Pao|Ice Spinner|p2a: Notorious CSR\n|-damage|p2a: Notorious CSR|0 fnt\n|faint|p2a: Notorious CSR\n|move|p2b: 50 Zent|Body Press|p1a: Dragonite\n|-supereffective|p1a: Dragonite\n|-damage|p1a: Dragonite|0 fnt\n|faint|p1a: Dragonite\n|\n|upkeep\n|turn|9\n|\n|t:|1775148889\n|move|p1b: Chien-Pao|Ruination|p2b: 50 Zent|[miss]\n|-miss|p1b: Chien-Pao|p2b: 50 Zent\n|move|p2b: 50 Zent|Body Press|p1b: Chien-Pao\n|-supereffective|p1b: Chien-Pao\n|-damage|p1b: Chien-Pao|0 fnt\n|faint|p1b: Chien-Pao\n|\n|win|KaiMVGC\n|raw|JoyBoy311's rating: 1495 &rarr; <strong>1476</strong><br />(-19 for losing)\n|raw|KaiMVGC's rating: 1509 &rarr; <strong>1528</strong><br />(+19 for winning)\n|l|\u2606JoyBoy311\n|player|p1|\n|l|\u2606KaiMVGC\n|player|p2|\n","uploadtime":1775149059,"views":17,"formatid":"gen9vgc2026regi","rating":1476,"private":0,"password":null}