{"id":"gen9vgc2026regi-2581927058","format":"[Gen 9] VGC 2026 Reg I","players":["clessvgc","parrotboy"],"log":"|j|\u2606clessvgc\n|j|\u2606parrotboy\n|t:|1776040448\n|gametype|doubles\n|player|p1|clessvgc|proton|1278\n|player|p2|parrotboy|hiker-gen4|1231\n|gen|9\n|tier|[Gen 9] VGC 2026 Reg I\n|rated|\n|rule|Species Clause: Limit one of each Pok\u00e9mon\n|rule|Item Clause: Limit 1 of each item\n|clearpoke\n|poke|p1|Calyrex-Ice, L50|\n|poke|p1|Gastrodon, L50, F|\n|poke|p1|Tyranitar, L50, F|\n|poke|p1|Grimmsnarl, L50, M|\n|poke|p1|Landorus-Therian, L50, M|\n|poke|p1|Terapagos, L50, M|\n|poke|p2|Wartortle, L50, F|\n|poke|p2|Calyrex-Ice, L50|\n|poke|p2|Dragonite, L50, M|\n|poke|p2|Chien-Pao, L50|\n|poke|p2|Zamazenta-*, L50|\n|poke|p2|Scream Tail, L50|\n|teampreview|4\n|inactive|Battle timer is ON: inactive players will automatically lose when time's up. (requested by clessvgc)\n|\n|t:|1776040474\n|teamsize|p1|4\n|teamsize|p2|4\n|start\n|switch|p1a: Grimmsnarl|Grimmsnarl, L50, M|100/100\n|switch|p1b: Tyranitar|Tyranitar, L50, F|100/100\n|switch|p2a: Zamazenta|Zamazenta-Crowned, L50|100/100\n|switch|p2b: Wartortle|Wartortle, L50, F|100/100\n|-ability|p2a: Zamazenta|Dauntless Shield|boost\n|-boost|p2a: Zamazenta|def|1\n|-weather|Sandstorm|[from] ability: Sand Stream|[of] p1b: Tyranitar\n|turn|1\n|\n|t:|1776040483\n|switch|p2b: Scream Tail|Scream Tail, L50|100/100\n|-enditem|p2b: Scream Tail|Booster Energy\n|-activate|p2b: Scream Tail|ability: Protosynthesis|[fromitem]\n|-start|p2b: Scream Tail|protosynthesisspe\n|move|p1a: Grimmsnarl|Fake Out|p2a: Zamazenta\n|-resisted|p2a: Zamazenta\n|-damage|p2a: Zamazenta|98/100\n|cant|p2a: Zamazenta|flinch\n|move|p1b: Tyranitar|Dragon Dance|p1b: Tyranitar\n|-boost|p1b: Tyranitar|atk|1\n|-boost|p1b: Tyranitar|spe|1\n|\n|-weather|Sandstorm|[upkeep]\n|-damage|p2b: Scream Tail|94/100|[from] Sandstorm\n|-damage|p1a: Grimmsnarl|95/100|[from] Sandstorm\n|upkeep\n|turn|2\n|\n|t:|1776040494\n|move|p1b: Tyranitar|Protect|p1b: Tyranitar\n|-singleturn|p1b: Tyranitar|Protect\n|move|p1a: Grimmsnarl|Thunder Wave|p2b: Scream Tail|[miss]\n|-miss|p1a: Grimmsnarl|p2b: Scream Tail\n|move|p2b: Scream Tail|Encore|p1a: Grimmsnarl\n|-start|p1a: Grimmsnarl|Encore\n|move|p2a: Zamazenta|Iron Defense|p2a: Zamazenta\n|-boost|p2a: Zamazenta|def|2\n|\n|-weather|Sandstorm|[upkeep]\n|-damage|p2b: Scream Tail|88/100|[from] Sandstorm\n|-damage|p1a: Grimmsnarl|89/100|[from] Sandstorm\n|upkeep\n|turn|3\n|\n|t:|1776040506\n|-terastallize|p2b: Scream Tail|Dark\n|-terastallize|p1b: Tyranitar|Ghost\n|move|p2a: Zamazenta|Protect|p2a: Zamazenta\n|-singleturn|p2a: Zamazenta|Protect\n|move|p1a: Grimmsnarl|Thunder Wave|p2b: Scream Tail\n|-hint|Since gen 7, Dark is immune to Prankster moves.\n|-immune|p2b: Scream Tail\n|move|p2b: Scream Tail|Encore|p1b: Tyranitar\n|-start|p1b: Tyranitar|Encore\n|move|p1b: Tyranitar|Protect||[still]\n|-fail|p1b: Tyranitar\n|\n|-weather|Sandstorm|[upkeep]\n|-damage|p2b: Scream Tail|82/100|[from] Sandstorm\n|-damage|p1b: Tyranitar|95/100|[from] Sandstorm\n|-damage|p1a: Grimmsnarl|83/100|[from] Sandstorm\n|upkeep\n|turn|4\n|\n|t:|1776040520\n|switch|p1a: Landorus|Landorus-Therian, L50, M|100/100\n|-ability|p1a: Landorus|Intimidate|boost\n|-unboost|p2a: Zamazenta|atk|1\n|-unboost|p2b: Scream Tail|atk|1\n|move|p1b: Tyranitar|Protect|p1b: Tyranitar\n|-singleturn|p1b: Tyranitar|Protect\n|move|p2b: Scream Tail|Disable|p1b: Tyranitar\n|-activate|p1b: Tyranitar|move: Protect\n|move|p2a: Zamazenta|Body Press|p1a: Landorus\n|-resisted|p1a: Landorus\n|-damage|p1a: Landorus|31/100\n|\n|-weather|Sandstorm|[upkeep]\n|-damage|p2b: Scream Tail|76/100|[from] Sandstorm\n|-damage|p1b: Tyranitar|89/100|[from] Sandstorm\n|upkeep\n|turn|5\n|\n|t:|1776040541\n|move|p1b: Tyranitar|Protect|p1b: Tyranitar\n|-singleturn|p1b: Tyranitar|Protect\n|move|p2b: Scream Tail|Dazzling Gleam|p1a: Landorus|[spread] p1a\n|-activate|p1b: Tyranitar|move: Protect\n|-damage|p1a: Landorus|13/100\n|move|p1a: Landorus|U-turn|p2b: Scream Tail\n|-supereffective|p2b: Scream Tail\n|-damage|p2b: Scream Tail|34/100\n|\n|t:|1776040549\n|switch|p1a: Grimmsnarl|Grimmsnarl, L50, M|83/100|[from] U-turn\n|move|p2a: Zamazenta|Body Press|p1a: Grimmsnarl\n|-damage|p1a: Grimmsnarl|0 fnt\n|faint|p1a: Grimmsnarl\n|\n|-weather|none\n|-end|p1b: Tyranitar|Encore\n|upkeep\n|\n|t:|1776040555\n|switch|p1a: Landorus|Landorus-Therian, L50, M|13/100\n|-ability|p1a: Landorus|Intimidate|boost\n|-unboost|p2a: Zamazenta|atk|1\n|-unboost|p2b: Scream Tail|atk|1\n|turn|6\n|-message|clessvgc forfeited.\n|\n|win|parrotboy\n|raw|clessvgc's rating: 1278 &rarr; <strong>1250</strong><br />(-28 for losing)\n|raw|parrotboy's rating: 1231 &rarr; <strong>1259</strong><br />(+28 for winning)\n|l|\u2606clessvgc\n|player|p1|\n|l|\u2606parrotboy\n|player|p2|\n","uploadtime":1776040740,"views":8,"formatid":"gen9vgc2026regi","rating":1250,"private":0,"password":null}