{"id":"gen9vgc2026regi-2577970238","format":"[Gen 9] VGC 2026 Reg I","players":["nolemonnomelon","sukaww"],"log":"|j|\u2606nolemonnomelon\n|j|\u2606sukaww\n|t:|1775628558\n|gametype|doubles\n|player|p1|nolemonnomelon|1|1323\n|player|p2|sukaww|1|1468\n|gen|9\n|tier|[Gen 9] VGC 2026 Reg I\n|rated|\n|rule|Species Clause: Limit one of each Pok\u00e9mon\n|rule|Item Clause: Limit 1 of each item\n|clearpoke\n|poke|p1|Kyogre, L50|\n|poke|p1|Tornadus, L50, M|\n|poke|p1|Tinkaton, L50, F|\n|poke|p1|Calyrex-Ice, L50|\n|poke|p1|Landorus, L50, M|\n|poke|p1|Indeedee-F, L50, F|\n|poke|p2|Calyrex-Ice, L50|\n|poke|p2|Miraidon, L50|\n|poke|p2|Iron Hands, L50|\n|poke|p2|Farigiraf, L50, F|\n|poke|p2|Ursaluna-Bloodmoon, L50, M|\n|poke|p2|Torkoal, L50, M|\n|teampreview|4\n|inactive|Battle timer is ON: inactive players will automatically lose when time's up. (requested by nolemonnomelon)\n|\n|t:|1775628586\n|teamsize|p1|4\n|teamsize|p2|4\n|start\n|switch|p1a: Kyogre|Kyogre, L50|100/100\n|switch|p1b: Tinkaton|Tinkaton, L50, F|100/100\n|switch|p2a: Miraidon|Miraidon, L50|100/100\n|switch|p2b: Farigiraf|Farigiraf, L50, F|100/100\n|-fieldstart|move: Electric Terrain|[from] ability: Hadron Engine|[of] p2a: Miraidon\n|-enditem|p2b: Farigiraf|Electric Seed\n|-boost|p2b: Farigiraf|def|1|[from] item: Electric Seed\n|-ability|p1b: Tinkaton|Mold Breaker\n|-weather|RainDance|[from] ability: Drizzle|[of] p1a: Kyogre\n|turn|1\n|\n|t:|1775628604\n|move|p1b: Tinkaton|Fake Out|p2a: Miraidon\n|-damage|p2a: Miraidon|93/100\n|cant|p2a: Miraidon|flinch\n|move|p1a: Kyogre|Ice Beam|p2a: Miraidon\n|-supereffective|p2a: Miraidon\n|-damage|p2a: Miraidon|0 fnt\n|faint|p2a: Miraidon\n|move|p2b: Farigiraf|Trick Room|p2b: Farigiraf\n|-fieldstart|move: Trick Room|[of] p2b: Farigiraf\n|\n|-weather|RainDance|[upkeep]\n|upkeep\n|\n|t:|1775628618\n|switch|p2a: Iron Hands|Iron Hands, L50|100/100\n|-activate|p2a: Iron Hands|ability: Quark Drive\n|-start|p2a: Iron Hands|quarkdriveatk\n|turn|2\n|\n|t:|1775628636\n|switch|p2b: Calyrex|Calyrex-Ice, L50|100/100\n|-ability|p2b: Calyrex|As One\n|-ability|p2b: Calyrex|Unnerve\n|switch|p1a: Landorus|Landorus, L50, M|100/100\n|switch|p1b: Calyrex|Calyrex-Ice, L50|100/100\n|-ability|p1b: Calyrex|As One\n|-ability|p1b: Calyrex|Unnerve\n|-terastallize|p2a: Iron Hands|Fighting\n|move|p2a: Iron Hands|Low Kick|p1a: Landorus\n|-resisted|p1a: Landorus\n|-damage|p1a: Landorus|56/100\n|\n|-weather|RainDance|[upkeep]\n|upkeep\n|turn|3\n|inactive|nolemonnomelon has 30 seconds left.\n|\n|t:|1775628665\n|move|p1b: Calyrex|Protect|p1b: Calyrex\n|-singleturn|p1b: Calyrex|Protect\n|move|p1a: Landorus|Protect|p1a: Landorus\n|-singleturn|p1a: Landorus|Protect\n|move|p2a: Iron Hands|Low Kick|p1b: Calyrex\n|-activate|p1b: Calyrex|move: Protect\n|move|p2b: Calyrex|Glacial Lance|p1a: Landorus|[spread] \n|-activate|p1a: Landorus|move: Protect\n|-activate|p1b: Calyrex|move: Protect\n|\n|-weather|RainDance|[upkeep]\n|upkeep\n|turn|4\n|\n|t:|1775628676\n|switch|p1a: Tinkaton|Tinkaton, L50, F|100/100\n|-ability|p1a: Tinkaton|Mold Breaker\n|move|p2a: Iron Hands|Low Kick|p1b: Calyrex\n|-damage|p1b: Calyrex|29/100\n|move|p1b: Calyrex|Glacial Lance|p2b: Calyrex|[spread] p2a,p2b\n|-resisted|p2b: Calyrex\n|-crit|p2b: Calyrex\n|-damage|p2a: Iron Hands|58/100\n|-damage|p2b: Calyrex|72/100\n|move|p2b: Calyrex|Glacial Lance|p1a: Tinkaton|[spread] p1a,p1b\n|-resisted|p1a: Tinkaton\n|-resisted|p1b: Calyrex\n|-crit|p1b: Calyrex\n|-damage|p1a: Tinkaton|74/100\n|-damage|p1b: Calyrex|4/100\n|\n|-weather|RainDance|[upkeep]\n|upkeep\n|turn|5\n|inactive|nolemonnomelon has 30 seconds left.\n|inactive|sukaww has 30 seconds left.\n|\n|t:|1775628703\n|-end|p2a: Iron Hands|Quark Drive|[silent]\n|switch|p2a: Farigiraf|Farigiraf, L50, F|100/100\n|move|p1a: Tinkaton|Fake Out|p2a: Farigiraf\n|-damage|p2a: Farigiraf|92/100\n|move|p1b: Calyrex|Glacial Lance|p2b: Calyrex|[spread] p2a,p2b\n|-resisted|p2b: Calyrex\n|-damage|p2a: Farigiraf|27/100\n|-damage|p2b: Calyrex|55/100\n|move|p2b: Calyrex|Imprison|p2b: Calyrex\n|-start|p2b: Calyrex|move: Imprison\n|\n|-weather|none\n|-fieldend|move: Trick Room\n|-fieldend|move: Electric Terrain\n|upkeep\n|turn|6\n|inactive|sukaww has 30 seconds left.\n|\n|t:|1775628735\n|switch|p2b: Iron Hands|Iron Hands, L50, tera:Fighting|58/100\n|move|p1a: Tinkaton|Gigaton Hammer|p2b: Iron Hands\n|-damage|p2b: Iron Hands|27/100\n|move|p1b: Calyrex|Bullet Seed|p2a: Farigiraf\n|-crit|p2a: Farigiraf\n|-damage|p2a: Farigiraf|10/100\n|-damage|p2a: Farigiraf|0 fnt\n|faint|p2a: Farigiraf\n|-ability|p1b: Calyrex|Chilling Neigh|boost\n|-boost|p1b: Calyrex|atk|1\n|-hitcount|p2: Farigiraf|2\n|\n|upkeep\n|\n|t:|1775628744\n|switch|p2a: Calyrex|Calyrex-Ice, L50|55/100\n|-ability|p2a: Calyrex|As One\n|-ability|p2a: Calyrex|Unnerve\n|turn|7\n|\n|t:|1775628760\n|move|p1b: Calyrex|Protect|p1b: Calyrex\n|-singleturn|p1b: Calyrex|Protect\n|move|p2b: Iron Hands|Fake Out|p1a: Tinkaton\n|-resisted|p1a: Tinkaton\n|-damage|p1a: Tinkaton|66/100\n|cant|p1a: Tinkaton|flinch\n|move|p2a: Calyrex|Trick Room|p2a: Calyrex\n|-fieldstart|move: Trick Room|[of] p2a: Calyrex\n|\n|upkeep\n|turn|8\n|\n|t:|1775628781\n|move|p2b: Iron Hands|Drain Punch|p1a: Tinkaton\n|-damage|p1a: Tinkaton|9/100\n|-heal|p2b: Iron Hands|49/100|[from] drain|[of] p1a: Tinkaton\n|move|p1b: Calyrex|Bullet Seed|p2a: Calyrex\n|-damage|p2a: Calyrex|45/100\n|-damage|p2a: Calyrex|34/100\n|-damage|p2a: Calyrex|23/100\n|-damage|p2a: Calyrex|12/100\n|-damage|p2a: Calyrex|1/100\n|-hitcount|p2a: Calyrex|5\n|move|p2a: Calyrex|Glacial Lance|p1a: Tinkaton|[spread] p1a,p1b\n|-resisted|p1a: Tinkaton\n|-resisted|p1b: Calyrex\n|-damage|p1a: Tinkaton|0 fnt\n|-damage|p1b: Calyrex|0 fnt\n|faint|p1a: Tinkaton\n|faint|p1b: Calyrex\n|-ability|p2a: Calyrex|Chilling Neigh|boost\n|-boost|p2a: Calyrex|atk|2\n|\n|upkeep\n|\n|t:|1775628793\n|switch|p1b: Landorus|Landorus, L50, M|56/100\n|switch|p1a: Kyogre|Kyogre, L50|100/100\n|-weather|RainDance|[from] ability: Drizzle|[of] p1a: Kyogre\n|turn|9\n|\n|t:|1775628807\n|-terastallize|p1a: Kyogre|Ghost\n|move|p1b: Landorus|Protect|p1b: Landorus\n|-singleturn|p1b: Landorus|Protect\n|move|p2b: Iron Hands|Low Kick|p1a: Kyogre\n|-immune|p1a: Kyogre\n|move|p2a: Calyrex|Glacial Lance|p1a: Kyogre|[spread] p1a\n|-activate|p1b: Landorus|move: Protect\n|-damage|p1a: Kyogre|0 fnt\n|faint|p1a: Kyogre\n|-ability|p2a: Calyrex|Chilling Neigh|boost\n|-boost|p2a: Calyrex|atk|1\n|\n|-weather|RainDance|[upkeep]\n|upkeep\n|turn|10\n|\n|t:|1775628822\n|move|p1b: Landorus|Protect|p1b: Landorus\n|-singleturn|p1b: Landorus|Protect\n|move|p2b: Iron Hands|Drain Punch|p1b: Landorus\n|-activate|p1b: Landorus|move: Protect\n|move|p2a: Calyrex|Glacial Lance|p1b: Landorus\n|-activate|p1b: Landorus|move: Protect\n|\n|-weather|RainDance|[upkeep]\n|upkeep\n|turn|11\n|\n|t:|1775628826\n|move|p1b: Landorus|Protect||[still]\n|-fail|p1b: Landorus\n|move|p2b: Iron Hands|Drain Punch|p1b: Landorus\n|-resisted|p1b: Landorus\n|-damage|p1b: Landorus|24/100\n|-heal|p2b: Iron Hands|61/100|[from] drain|[of] p1b: Landorus\n|move|p2a: Calyrex|Glacial Lance|p1b: Landorus\n|-supereffective|p1b: Landorus\n|-damage|p1b: Landorus|0 fnt\n|faint|p1b: Landorus\n|\n|win|sukaww\n|raw|nolemonnomelon's rating: 1323 &rarr; <strong>1311</strong><br />(-12 for losing)\n|raw|sukaww's rating: 1468 &rarr; <strong>1480</strong><br />(+12 for winning)\n|c|\u2606nolemonnomelon|gg'\n|l|\u2606nolemonnomelon\n|player|p1|\n|l|\u2606sukaww\n|player|p2|\n","uploadtime":1775628988,"views":12,"formatid":"gen9vgc2026regi","rating":1311,"private":0,"password":null}