{"id":"gen9vgc2026regi-2559016527","format":"[Gen 9] VGC 2026 Reg I","players":["vgctest658","SnorlaxPikachu1"],"log":"|j|\u2606vgctest658\n|j|\u2606SnorlaxPikachu1\n|t:|1773512001\n|gametype|doubles\n|player|p1|vgctest658|hilbert-wonderlauncher|\n|player|p2|SnorlaxPikachu1|palmer|\n|gen|9\n|tier|[Gen 9] VGC 2026 Reg I\n|rated|Tournament battle\n|rule|Species Clause: Limit one of each Pok\u00e9mon\n|rule|Item Clause: Limit 1 of each item\n|raw|<div class=\"infobox\"><details class=\"readmore\" open><summary><strong>3 custom rules:</strong></summary> Open Team Sheets, Force Open Team Sheets, !Open Team Sheets</details></div>\n|clearpoke\n|poke|p1|Incineroar, L50, M|\n|poke|p1|Lunala, L50|\n|poke|p1|Grimmsnarl, L50, M|\n|poke|p1|Ursaluna, L50, M|\n|poke|p1|Miraidon, L50|\n|poke|p1|Urshifu-*, L50, M|\n|poke|p2|Calyrex-Ice, L50|\n|poke|p2|Groudon, L50|\n|poke|p2|Iron Valiant, L50|\n|poke|p2|Incineroar, L50, M|\n|poke|p2|Volcarona, L50, M|\n|poke|p2|Raging Bolt, L50|\n|teampreview|4\n|showteam|p1|Incineroar||RockyHelmet|Intimidate|FakeOut,PartingShot,WillOWisp,KnockOff|||M|||50|,,,,,Bug]Lunala||ElectricSeed|ShadowShield|MoongeistBeam,Moonblast,TrickRoom,WideGuard||||||50|,,,,,Fairy]Grimmsnarl||LightClay|Prankster|Reflect,SpiritBreak,LightScreen,ThunderWave|||M|||50|,,,,,Ghost]Ursaluna||FlameOrb|Guts|HeadlongRush,Facade,Earthquake,Protect|||M|||50|,,,,,Ghost]Miraidon||AssaultVest|HadronEngine|ElectroDrift,VoltSwitch,DracoMeteor,Snarl||||||50|,,,,,Electric]Urshifu-Rapid-Strike||ChoiceBand|UnseenFist|SurgingStrikes,Uturn,AquaJet,CloseCombat|||M|||50|,,,,,Ghost\n|showteam|p2|Calyrex-Ice||Leftovers|AsOneGlastrier|GlacialLance,LeechSeed,TrickRoom,Protect||||||50|,,,,,Water]Groudon||AssaultVest|Drought|PrecipiceBlades,HeatCrash,HighHorsepower,RockSlide||||||50|,,,,,Fire]Iron Valiant||BoosterEnergy|QuarkDrive|SpiritBreak,Coaching,WideGuard,MistyTerrain||||||50|,,,,,Ghost]Incineroar||SitrusBerry|Intimidate|FakeOut,FlareBlitz,PartingShot,KnockOff|||M|||50|,,,,,Water]Volcarona||RockyHelmet|FlameBody|Tailwind,RagePowder,StruggleBug,Overheat|||M|||50|,,,,,Dragon]Raging Bolt||LifeOrb|Protosynthesis|Thunderclap,Thunderbolt,DracoMeteor,Protect||||||50|,,,,,Electric\n|c|\u2606SnorlaxPikachu1|glhf\n|c|\u2606vgctest658|u2\n|j| sille rovert\n|inactive|Battle timer is ON: inactive players will automatically lose when time's up. (requested by SnorlaxPikachu1)\n|inactive|vgctest658 has 60 seconds left.\n|j| Red Fang X\n|l| Red Fang X\n|inactive|vgctest658 has 30 seconds left.\n|inactive|vgctest658 has 20 seconds left.\n|j| cyanfrancis\n|inactive|vgctest658 has 15 seconds left.\n|inactive|vgctest658 has 10 seconds left.\n|\n|t:|1773512121\n|teamsize|p1|4\n|teamsize|p2|4\n|start\n|switch|p1a: Incineroar|Incineroar, L50, M|100/100\n|switch|p1b: Lunala|Lunala, L50|100/100\n|switch|p2a: Groudon|Groudon, L50|100/100\n|switch|p2b: Iron Valiant|Iron Valiant, L50|100/100\n|-weather|SunnyDay|[from] ability: Drought|[of] p2a: Groudon\n|-ability|p1a: Incineroar|Intimidate|boost\n|-unboost|p2a: Groudon|atk|1\n|-unboost|p2b: Iron Valiant|atk|1\n|-enditem|p2b: Iron Valiant|Booster Energy\n|-activate|p2b: Iron Valiant|ability: Quark Drive|[fromitem]\n|-start|p2b: Iron Valiant|quarkdrivespe\n|turn|1\n|j| breakb4ckblitz\n|\n|t:|1773512135\n|switch|p1a: Grimmsnarl|Grimmsnarl, L50, M|100/100\n|move|p2b: Iron Valiant|Coaching|p2a: Groudon\n|-boost|p2a: Groudon|atk|1\n|-boost|p2a: Groudon|def|1\n|move|p1b: Lunala|Moonblast|p2b: Iron Valiant\n|-supereffective|p2b: Iron Valiant\n|-damage|p2b: Iron Valiant|24/100\n|-unboost|p2b: Iron Valiant|spa|1\n|move|p2a: Groudon|Precipice Blades|p1a: Grimmsnarl|[spread] p1a\n|-miss|p2a: Groudon|p1b: Lunala\n|-damage|p1a: Grimmsnarl|49/100\n|\n|-weather|SunnyDay|[upkeep]\n|upkeep\n|turn|2\n|l| breakb4ckblitz\n|\n|t:|1773512149\n|move|p1a: Grimmsnarl|Reflect|p1a: Grimmsnarl\n|-sidestart|p1: vgctest658|Reflect\n|move|p2b: Iron Valiant|Coaching|p2a: Groudon\n|-boost|p2a: Groudon|atk|1\n|-boost|p2a: Groudon|def|1\n|move|p1b: Lunala|Moongeist Beam|p2b: Iron Valiant\n|-damage|p2b: Iron Valiant|0 fnt\n|faint|p2b: Iron Valiant\n|-end|p2b: Iron Valiant|Quark Drive|[silent]\n|move|p2a: Groudon|Precipice Blades|p1a: Grimmsnarl|[spread] \n|-miss|p2a: Groudon|p1a: Grimmsnarl\n|-miss|p2a: Groudon|p1b: Lunala\n|\n|-weather|SunnyDay|[upkeep]\n|upkeep\n|c|\u2606vgctest658|mb\n|c|\u2606SnorlaxPikachu1|nah playing groudon is basically asking for it\n|\n|t:|1773512173\n|switch|p2b: Incineroar|Incineroar, L50, M|100/100\n|-ability|p2b: Incineroar|Intimidate|boost\n|-unboost|p1a: Grimmsnarl|atk|1\n|-unboost|p1b: Lunala|atk|1\n|turn|3\n|j| SilksongIsReallll\n|inactive|vgctest658 has 30 seconds left.\n|inactive|vgctest658 has 20 seconds left.\n|inactive|vgctest658 has 15 seconds left.\n|inactive|vgctest658 has 10 seconds left.\n|j| Red Fang X\n|\n|t:|1773512218\n|-terastallize|p1b: Lunala|Fairy\n|move|p1b: Lunala|Moonblast|p2b: Incineroar\n|-damage|p2b: Incineroar|54/100\n|move|p2a: Groudon|Precipice Blades|p1b: Lunala|[spread] p1a,p1b\n|-damage|p1a: Grimmsnarl|0 fnt\n|-damage|p1b: Lunala|81/100\n|faint|p1a: Grimmsnarl\n|move|p2b: Incineroar|Parting Shot|p1b: Lunala\n|-unboost|p1b: Lunala|atk|1\n|-unboost|p1b: Lunala|spa|1\n|j| don juan dozo\n|\n|t:|1773512228\n|switch|p2b: Calyrex|Calyrex-Ice, L50|100/100|[from] Parting Shot\n|-ability|p2b: Calyrex|As One\n|-ability|p2b: Calyrex|Unnerve\n|\n|-weather|SunnyDay|[upkeep]\n|upkeep\n|\n|t:|1773512232\n|switch|p1a: Incineroar|Incineroar, L50, M|100/100\n|-ability|p1a: Incineroar|Intimidate|boost\n|-unboost|p2a: Groudon|atk|1\n|-unboost|p2b: Calyrex|atk|1\n|turn|4\n|l| don juan dozo\n|\n|t:|1773512251\n|switch|p1a: Ursaluna|Ursaluna, L50, M|100/100\n|-terastallize|p2a: Groudon|Fire\n|move|p1b: Lunala|Moongeist Beam|p2b: Calyrex\n|-supereffective|p2b: Calyrex\n|-damage|p2b: Calyrex|54/100\n|move|p2a: Groudon|Precipice Blades|p1b: Lunala|[spread] p1a\n|-miss|p2a: Groudon|p1b: Lunala\n|-damage|p1a: Ursaluna|72/100\n|move|p2b: Calyrex|Leech Seed|p1b: Lunala\n|-start|p1b: Lunala|move: Leech Seed\n|\n|-weather|SunnyDay|[upkeep]\n|-heal|p2b: Calyrex|60/100|[from] item: Leftovers\n|-damage|p1b: Lunala|69/100|[from] Leech Seed|[of] p2b: Calyrex\n|-heal|p2b: Calyrex|73/100|[silent]\n|-status|p1a: Ursaluna|brn|[from] item: Flame Orb\n|upkeep\n|turn|5\n|\n|t:|1773512266\n|switch|p2b: Incineroar|Incineroar, L50, M|54/100\n|-ability|p2b: Incineroar|Intimidate|boost\n|-unboost|p1a: Ursaluna|atk|1\n|-unboost|p1b: Lunala|atk|1\n|move|p1b: Lunala|Wide Guard|p1b: Lunala\n|-singleturn|p1b: Lunala|Wide Guard\n|move|p2a: Groudon|Precipice Blades|p1b: Lunala|[spread] \n|-activate|p1a: Ursaluna|move: Wide Guard\n|-activate|p1b: Lunala|move: Wide Guard\n|move|p1a: Ursaluna|Earthquake|p2b: Incineroar|[spread] p2a,p2b\n|-activate|p1b: Lunala|move: Wide Guard\n|-supereffective|p2a: Groudon\n|-supereffective|p2b: Incineroar\n|-damage|p2a: Groudon|74/100\n|-damage|p2b: Incineroar|0 fnt\n|faint|p2b: Incineroar\n|\n|-weather|none\n|-damage|p1a: Ursaluna|66/100 brn|[from] brn\n|upkeep\n|\n|t:|1773512272\n|switch|p2b: Calyrex|Calyrex-Ice, L50|73/100\n|-ability|p2b: Calyrex|As One\n|-ability|p2b: Calyrex|Unnerve\n|turn|6\n|\n|t:|1773512279\n|move|p1b: Lunala|Wide Guard|p1b: Lunala\n|-singleturn|p1b: Lunala|Wide Guard\n|move|p2a: Groudon|High Horsepower|p1a: Ursaluna\n|-damage|p1a: Ursaluna|40/100 brn\n|move|p2b: Calyrex|Leech Seed|p1a: Ursaluna\n|-start|p1a: Ursaluna|move: Leech Seed\n|move|p1a: Ursaluna|Headlong Rush|p2a: Groudon\n|-supereffective|p2a: Groudon\n|-damage|p2a: Groudon|28/100\n|-unboost|p1a: Ursaluna|def|1\n|-unboost|p1a: Ursaluna|spd|1\n|\n|-heal|p2b: Calyrex|79/100|[from] item: Leftovers\n|-damage|p1b: Lunala|56/100|[from] Leech Seed|[of] p2b: Calyrex\n|-heal|p2b: Calyrex|93/100|[silent]\n|-damage|p1a: Ursaluna|28/100 brn|[from] Leech Seed|[of] p2b: Calyrex\n|-heal|p2b: Calyrex|100/100|[silent]\n|-damage|p1a: Ursaluna|22/100 brn|[from] brn\n|upkeep\n|turn|7\n|j| vgcltjtido\n|l| Red Fang X\n|\n|t:|1773512300\n|switch|p1a: Incineroar|Incineroar, L50, M|100/100\n|-ability|p1a: Incineroar|Intimidate|boost\n|-unboost|p2a: Groudon|atk|1\n|-unboost|p2b: Calyrex|atk|1\n|move|p1b: Lunala|Moongeist Beam|p2b: Calyrex\n|-supereffective|p2b: Calyrex\n|-damage|p2b: Calyrex|50/100\n|move|p2a: Groudon|High Horsepower|p1a: Incineroar\n|-supereffective|p1a: Incineroar\n|-damage|p1a: Incineroar|65/100\n|-damage|p2a: Groudon|12/100|[from] item: Rocky Helmet|[of] p1a: Incineroar\n|move|p2b: Calyrex|Glacial Lance|p1b: Lunala|[spread] p1a,p1b\n|-resisted|p1a: Incineroar\n|-damage|p1a: Incineroar|56/100\n|-damage|p1b: Lunala|39/100\n|\n|-heal|p2b: Calyrex|56/100|[from] item: Leftovers\n|-damage|p1b: Lunala|27/100|[from] Leech Seed|[of] p2b: Calyrex\n|-heal|p2b: Calyrex|70/100|[silent]\n|upkeep\n|turn|8\n|\n|t:|1773512315\n|move|p1a: Incineroar|Fake Out|p2b: Calyrex\n|-damage|p2b: Calyrex|62/100\n|move|p1b: Lunala|Moongeist Beam|p2a: Groudon\n|-damage|p2a: Groudon|0 fnt\n|faint|p2a: Groudon\n|cant|p2b: Calyrex|flinch\n|\n|-heal|p2b: Calyrex|68/100|[from] item: Leftovers\n|-damage|p1b: Lunala|14/100|[from] Leech Seed|[of] p2b: Calyrex\n|-heal|p2b: Calyrex|82/100|[silent]\n|upkeep\n|turn|9\n|\n|t:|1773512325\n|switch|p1b: Ursaluna|Ursaluna, L50, M|22/100 brn\n|move|p2b: Calyrex|Protect|p2b: Calyrex\n|-singleturn|p2b: Calyrex|Protect\n|move|p1a: Incineroar|Will-O-Wisp|p2b: Calyrex\n|-activate|p2b: Calyrex|move: Protect\n|\n|-heal|p2b: Calyrex|87/100|[from] item: Leftovers\n|-damage|p1b: Ursaluna|16/100 brn|[from] brn\n|-sideend|p1: vgctest658|Reflect\n|upkeep\n|turn|10\n|\n|t:|1773512336\n|move|p1b: Ursaluna|Protect|p1b: Ursaluna\n|-singleturn|p1b: Ursaluna|Protect\n|move|p2b: Calyrex|Glacial Lance|p1b: Ursaluna|[spread] p1a\n|-activate|p1b: Ursaluna|move: Protect\n|-resisted|p1a: Incineroar\n|-damage|p1a: Incineroar|45/100\n|move|p1a: Incineroar|Will-O-Wisp|p2b: Calyrex\n|-status|p2b: Calyrex|brn\n|\n|-heal|p2b: Calyrex|93/100 brn|[from] item: Leftovers\n|-damage|p2b: Calyrex|87/100 brn|[from] brn\n|-damage|p1b: Ursaluna|10/100 brn|[from] brn\n|upkeep\n|turn|11\n|\n|t:|1773512347\n|move|p2b: Calyrex|Glacial Lance|p1b: Ursaluna|[spread] p1a,p1b\n|-resisted|p1a: Incineroar\n|-supereffective|p1b: Ursaluna\n|-damage|p1a: Incineroar|38/100\n|-damage|p1b: Ursaluna|0 fnt\n|faint|p1b: Ursaluna\n|-ability|p2b: Calyrex|Chilling Neigh|boost\n|-boost|p2b: Calyrex|atk|1\n|move|p1a: Incineroar|Knock Off|p2b: Calyrex\n|-supereffective|p2b: Calyrex\n|-damage|p2b: Calyrex|46/100 brn\n|-enditem|p2b: Calyrex|Leftovers|[from] move: Knock Off|[of] p1a: Incineroar\n|\n|-damage|p2b: Calyrex|40/100 brn|[from] brn\n|upkeep\n|\n|t:|1773512349\n|switch|p1b: Lunala|Lunala, L50, tera:Fairy|14/100\n|turn|12\n|l| SilksongIsReallll\n|\n|t:|1773512368\n|move|p1b: Lunala|Wide Guard|p1b: Lunala\n|-singleturn|p1b: Lunala|Wide Guard\n|move|p2b: Calyrex|Glacial Lance|p1a: Incineroar|[spread] \n|-activate|p1a: Incineroar|move: Wide Guard\n|-activate|p1b: Lunala|move: Wide Guard\n|move|p1a: Incineroar|Knock Off|p2b: Calyrex\n|-supereffective|p2b: Calyrex\n|-damage|p2b: Calyrex|10/100 brn\n|\n|-damage|p2b: Calyrex|4/100 brn|[from] brn\n|upkeep\n|turn|13\n|c|\u2606vgctest658|ggs\n|c|\u2606SnorlaxPikachu1|ggs\n|-message|SnorlaxPikachu1 forfeited.\n|\n|win|vgctest658\n|n|\u2606vgctest658|vgctest658\n|n|\u2606SnorlaxPikachu1|snorlaxpikachu1\n|n| sille rovert|sillerovert\n|n| cyanfrancis|cyanfrancis\n|n| vgcltjtido|vgcltjtido\n|l|\u2606SnorlaxPikachu1\n|player|p2|\n|c|\u2606vgctest658|sorry about all the misses\n","uploadtime":1773512396,"views":18,"formatid":"gen9vgc2026regi","rating":null,"private":0,"password":null}