{"id":"gen9vgc2026regi-2568553198","format":"[Gen 9] VGC 2026 Reg I","players":["MarSky","yjin"],"log":"|j|\u2606MarSky\n|j|\u2606yjin\n|t:|1774595231\n|gametype|doubles\n|player|p1|MarSky|2|1343\n|player|p2|yjin|169|1243\n|gen|9\n|tier|[Gen 9] VGC 2026 Reg I\n|rated|\n|rule|Species Clause: Limit one of each Pok\u00e9mon\n|rule|Item Clause: Limit 1 of each item\n|clearpoke\n|poke|p1|Calyrex-Shadow, L50|\n|poke|p1|Zamazenta-*, L50|\n|poke|p1|Chien-Pao, L50|\n|poke|p1|Dragonite, L50, M|\n|poke|p1|Raging Bolt, L50|\n|poke|p1|Amoonguss, L50, M|\n|poke|p2|Incineroar, L50, M|\n|poke|p2|Landorus, L50, M|\n|poke|p2|Calyrex-Shadow, L50|\n|poke|p2|Koraidon, L50|\n|poke|p2|Brute Bonnet, L50|\n|poke|p2|Raging Bolt, L50|\n|teampreview|4\n|inactive|Battle timer is ON: inactive players will automatically lose when time's up. (requested by yjin)\n|\n|t:|1774595255\n|teamsize|p1|4\n|teamsize|p2|4\n|start\n|switch|p1a: Zamazenta|Zamazenta-Crowned, L50|100/100\n|switch|p1b: Chien-Pao|Chien-Pao, L50|100/100\n|switch|p2a: Matthias|Koraidon, L50, shiny|100/100\n|switch|p2b: Wacka|Brute Bonnet, L50|100/100\n|-ability|p1b: Chien-Pao|Sword of Ruin\n|-weather|SunnyDay|[from] ability: Orichalcum Pulse|[of] p2a: Matthias\n|-activate|p2b: Wacka|ability: Protosynthesis\n|-start|p2b: Wacka|protosynthesisdef\n|-activate|p2a: Matthias|Orichalcum Pulse|[source]\n|-ability|p1a: Zamazenta|Dauntless Shield|boost\n|-boost|p1a: Zamazenta|def|1\n|turn|1\n|inactive|MarSky has 30 seconds left.\n|inactive|yjin has 30 seconds left.\n|inactive|MarSky has 20 seconds left.\n|\n|t:|1774595293\n|switch|p2a: Kareem|Incineroar, L50, M|100/100\n|-ability|p2a: Kareem|Intimidate|boost\n|-unboost|p1a: Zamazenta|atk|1\n|-unboost|p1b: Chien-Pao|atk|1\n|-terastallize|p2b: Wacka|Water\n|move|p1b: Chien-Pao|Icy Wind|p2a: Kareem|[spread] p2a,p2b\n|-resisted|p2a: Kareem\n|-resisted|p2b: Wacka\n|-damage|p2a: Kareem|96/100\n|-damage|p2b: Wacka|96/100\n|-unboost|p2a: Kareem|spe|1\n|move|p1a: Zamazenta|Body Press|p2b: Wacka\n|-damage|p2b: Wacka|47/100\n|move|p2b: Wacka|Spore|p1a: Zamazenta\n|-status|p1a: Zamazenta|slp|[from] move: Spore\n|\n|-weather|SunnyDay|[upkeep]\n|upkeep\n|turn|2\n|inactive|yjin has 30 seconds left.\n|\n|t:|1774595327\n|switch|p2a: Matthias|Koraidon, L50, shiny|100/100\n|-activate|p2a: Matthias|ability: Orichalcum Pulse\n|move|p1b: Chien-Pao|Ruination|p2a: Matthias\n|-damage|p2a: Matthias|51/100\n|cant|p1a: Zamazenta|slp\n|move|p2b: Wacka|Spore|p1b: Chien-Pao\n|-status|p1b: Chien-Pao|slp|[from] move: Spore\n|\n|-weather|SunnyDay|[upkeep]\n|upkeep\n|turn|3\n|\n|t:|1774595346\n|cant|p1b: Chien-Pao|slp\n|move|p2a: Matthias|Collision Course|p1a: Zamazenta\n|-supereffective|p1a: Zamazenta\n|-damage|p1a: Zamazenta|5/100 slp\n|-curestatus|p1a: Zamazenta|slp|[msg]\n|move|p1a: Zamazenta|Body Press|p2a: Matthias\n|-damage|p2a: Matthias|0 fnt\n|faint|p2a: Matthias\n|move|p2b: Wacka|Seed Bomb|p1b: Chien-Pao\n|-damage|p1b: Chien-Pao|57/100 slp\n|\n|-weather|SunnyDay|[upkeep]\n|upkeep\n|\n|t:|1774595359\n|switch|p2a: Mao & Agati|Calyrex-Shadow, L50|100/100\n|-ability|p2a: Mao & Agati|As One\n|-ability|p2a: Mao & Agati|Unnerve\n|turn|4\n|\n|t:|1774595376\n|-end|p2b: Wacka|Protosynthesis|[silent]\n|switch|p2b: Kareem|Incineroar, L50, M|96/100\n|-ability|p2b: Kareem|Intimidate|boost\n|-unboost|p1a: Zamazenta|atk|1\n|-unboost|p1b: Chien-Pao|atk|1\n|move|p1a: Zamazenta|Protect|p1a: Zamazenta\n|-singleturn|p1a: Zamazenta|Protect\n|move|p2a: Mao & Agati|Psychic|p1a: Zamazenta\n|-activate|p1a: Zamazenta|move: Protect\n|-curestatus|p1b: Chien-Pao|slp|[msg]\n|move|p1b: Chien-Pao|Icy Wind|p2b: Kareem|[spread] p2b\n|-miss|p1b: Chien-Pao|p2a: Mao & Agati\n|-resisted|p2b: Kareem\n|-damage|p2b: Kareem|91/100\n|-unboost|p2b: Kareem|spe|1\n|\n|-weather|SunnyDay|[upkeep]\n|upkeep\n|turn|5\n|inactive|MarSky has 30 seconds left.\n|inactive|yjin has 30 seconds left.\n|inactive|MarSky has 20 seconds left.\n|inactive|MarSky has 15 seconds left.\n|inactive|MarSky has 10 seconds left.\n|\n|t:|1774595423\n|switch|p1a: Raging Bolt|Raging Bolt, L50|100/100\n|-activate|p1a: Raging Bolt|ability: Protosynthesis\n|-start|p1a: Raging Bolt|protosynthesisspa\n|move|p2b: Kareem|Fake Out|p1b: Chien-Pao\n|-crit|p1b: Chien-Pao\n|-damage|p1b: Chien-Pao|37/100\n|move|p2a: Mao & Agati|Psychic|p1a: Raging Bolt\n|-damage|p1a: Raging Bolt|56/100\n|cant|p1b: Chien-Pao|flinch\n|\n|-weather|none\n|-end|p1a: Raging Bolt|Protosynthesis\n|upkeep\n|-enditem|p1a: Raging Bolt|Booster Energy\n|-activate|p1a: Raging Bolt|ability: Protosynthesis|[fromitem]\n|-start|p1a: Raging Bolt|protosynthesisspa\n|turn|6\n|inactive|yjin has 30 seconds left.\n|\n|t:|1774595453\n|switch|p2a: Wacka|Brute Bonnet, L50, tera:Water|47/100\n|move|p1b: Chien-Pao|Icy Wind|p2b: Kareem|[spread] p2a,p2b\n|-resisted|p2a: Wacka\n|-resisted|p2b: Kareem\n|-damage|p2a: Wacka|42/100\n|-damage|p2b: Kareem|87/100\n|-unboost|p2b: Kareem|spe|1\n|move|p1a: Raging Bolt|Thunderbolt|p2b: Kareem\n|-damage|p2b: Kareem|28/100\n|move|p2b: Kareem|Knock Off|p1b: Chien-Pao\n|-resisted|p1b: Chien-Pao\n|-damage|p1b: Chien-Pao|13/100\n|-enditem|p1b: Chien-Pao|Assault Vest|[from] move: Knock Off|[of] p2b: Kareem\n|\n|upkeep\n|turn|7\n|inactive|yjin has 30 seconds left.\n|\n|t:|1774595480\n|switch|p1b: Zamazenta|Zamazenta-Crowned, L50|5/100\n|move|p1a: Raging Bolt|Thunderbolt|p2a: Wacka\n|-supereffective|p2a: Wacka\n|-damage|p2a: Wacka|0 fnt\n|faint|p2a: Wacka\n|-end|p2a: Wacka|Protosynthesis|[silent]\n|move|p2b: Kareem|Parting Shot|p1a: Raging Bolt\n|-unboost|p1a: Raging Bolt|atk|1\n|-unboost|p1a: Raging Bolt|spa|1\n|\n|t:|1774595489\n|switch|p2b: Mao & Agati|Calyrex-Shadow, L50|100/100|[from] Parting Shot\n|-ability|p2b: Mao & Agati|As One\n|-ability|p2b: Mao & Agati|Unnerve\n|\n|upkeep\n|\n|t:|1774595494\n|switch|p2a: Kareem|Incineroar, L50, M|28/100\n|-ability|p2a: Kareem|Intimidate|boost\n|-unboost|p1a: Raging Bolt|atk|1\n|-unboost|p1b: Zamazenta|atk|1\n|turn|8\n|\n|t:|1774595504\n|move|p2a: Kareem|Helping Hand|p2b: Mao & Agati\n|-singleturn|p2b: Mao & Agati|Helping Hand|[of] p2a: Kareem\n|move|p1b: Zamazenta|Protect|p1b: Zamazenta\n|-singleturn|p1b: Zamazenta|Protect\n|move|p1a: Raging Bolt|Protect|p1a: Raging Bolt\n|-singleturn|p1a: Raging Bolt|Protect\n|move|p2b: Mao & Agati|Psychic|p1a: Raging Bolt\n|-activate|p1a: Raging Bolt|move: Protect\n|\n|upkeep\n|turn|9\n|\n|t:|1774595517\n|move|p2a: Kareem|Helping Hand|p2b: Mao & Agati\n|-singleturn|p2b: Mao & Agati|Helping Hand|[of] p2a: Kareem\n|move|p1a: Raging Bolt|Thunderclap|p2b: Mao & Agati\n|-damage|p2b: Mao & Agati|64/100\n|move|p2b: Mao & Agati|Astral Barrage|p1a: Raging Bolt|[spread] p1a,p1b\n|-damage|p1a: Raging Bolt|0 fnt\n|-damage|p1b: Zamazenta|0 fnt\n|faint|p1a: Raging Bolt\n|-end|p1a: Raging Bolt|Protosynthesis|[silent]\n|faint|p1b: Zamazenta\n|-ability|p2b: Mao & Agati|Grim Neigh|boost\n|-boost|p2b: Mao & Agati|spa|2\n|\n|upkeep\n|\n|t:|1774595525\n|switch|p1b: Chien-Pao|Chien-Pao, L50|13/100\n|switch|p1a: Calyrex|Calyrex-Shadow, L50|100/100\n|-ability|p1a: Calyrex|As One\n|-ability|p1a: Calyrex|Unnerve\n|-ability|p1b: Chien-Pao|Sword of Ruin\n|turn|10\n|\n|t:|1774595545\n|move|p2b: Mao & Agati|Protect|p2b: Mao & Agati\n|-singleturn|p2b: Mao & Agati|Protect\n|move|p1b: Chien-Pao|Sucker Punch||[still]\n|-fail|p1b: Chien-Pao\n|move|p1a: Calyrex|Encore|p2a: Kareem\n|-start|p2a: Kareem|Encore\n|move|p2a: Kareem|Helping Hand||[still]\n|-fail|p2a: Kareem\n|\n|upkeep\n|turn|11\n|\n|t:|1774595563\n|move|p2a: Kareem|Helping Hand|p2b: Mao & Agati\n|-singleturn|p2b: Mao & Agati|Helping Hand|[of] p2a: Kareem\n|move|p1b: Chien-Pao|Sucker Punch||[still]\n|-fail|p1b: Chien-Pao\n|move|p1a: Calyrex|Astral Barrage|p2b: Mao & Agati|[spread] p2a,p2b\n|-resisted|p2a: Kareem\n|-supereffective|p2b: Mao & Agati\n|-damage|p2a: Kareem|4/100\n|-damage|p2b: Mao & Agati|0 fnt\n|faint|p2b: Mao & Agati\n|-ability|p1a: Calyrex|Grim Neigh|boost\n|-boost|p1a: Calyrex|spa|1\n|\n|upkeep\n|turn|12\n|-message|yjin forfeited.\n|\n|win|MarSky\n|raw|MarSky's rating: 1343 &rarr; <strong>1357</strong><br />(+14 for winning)\n|raw|yjin's rating: 1243 &rarr; <strong>1225</strong><br />(-18 for losing)\n|l|\u2606yjin\n|player|p2|\n","uploadtime":1774595576,"views":39,"formatid":"gen9vgc2026regi","rating":1225,"private":0,"password":null}